Data	Timp	Nr. masina	Nr. de serie	Tip	Productie	Comentariu	Pre-masurare Q [ml/min]	Pre-masurare Gain	Pre-masurare Offset Master	Pre-masurare P [bar]	Pre-masurare T [°C]	Pre-masurare Densitate fixa [kg/l]	Pre-masurare densitate masurata [kg/l]	Pre-masurare Timp masurare [s]	Pre-masurare Cycle time [s]	rectificare Q Oprire [ml/min]	rectificare P Oprire [bar]	rectificare Timp rectificare [s]	rectificare T [°C]	rectificare Densitate fixa [kg/l]	rectificare densitate masurata [kg/l]	rectificare Factor de masurare la rectificare	rectificare Factor de corectie a debitului	rectificare Target rectificare	Masurare Q [ml/min]	Masurare Gain	Masurare Offset Master	Masurare P [bar]	Masurare T [°C]	Masurare Densitate fixa [kg/l]	Masurare densitate masurata [kg/l]	Masurare Timp masurare [s]	Masurare Q [ml/min]	Masurare Delta Q [ml/min]	Masurare P [bar]	Masurare BP [bar]	Masurare T [°C]	Masurare Timp masurare [s]	Masurare Cycle time [s]	Nest Nr.	Cod de descarcare	Cycle time [s]	Traceability aktiv	EDM Maschine Nr	EDM Spindle Nr	Honing Rate [r	Station Counter Premeasure	Station Counter Grind	Station Counter Blowout 1	Station Counter Wash	Station Counter Measure	Station Counter Blowout 2	RealGrindQStop	Reg Type	Factor 0	Factor 1	Factor 2	Factor 3	Factor 4	G_StartQV	G_StartQV_1	G_StartQV_2	G_StartQV_3	G_StartQV_4	G_StartQV_5	
26/08/2017	00:08:02	011992	error reading	L523	S		0.0000	0.0000	0.0000	0.0000	0.0000	0.8430	0.0000	0.0000	0.0000	0.0000	0.0000	0.0000	0.0000	0.9300	0.0000	0.0000	0.0000	0.0000	0.0000	0.0000	0.0000	0.0000	0.0000	0.8230	0.0000	0.0000	0.0000	0.0000	0.0000	0.0000	0.0000	0.0000	0.0000	0	28	296.4689	1.0000	11	1	0.0000	0	0	0	0	0	-9999	0.0000	0	0.0000	0.0000	0.0000	0.0000	0.0000	0.0000	0.0000	0.0000	0.0000	0.0000	0.0000	0.0000	0.0000	0.0000	0.0000	0.0000	
26/08/2017	00:10:47	011992	G523115471HLR	L523	S		442.4181	1.0292	5.7979	99.9101	39.3361	0.8430	0.8304	5.0000	19.0489	508.1236	94.9769	9.9996	26.3000	0.9300	0.9497	0.5595	-0.0021	508.0000	504.4752	1.0275	9.7094	99.8755	39.4477	0.8230	0.8269	5.0000	-9999.0000	-9999.0000	-9999.0000	-9999.0000	-9999.0000	-9999.0000	19.0290	5	0	24.9004	1.0000	11	1	-9999.0000	11686	1624	-9999	2449	2322	-9999	273.9773	5	0.5353	0.5595	-0.0021	41.0969	2.6712	437.4681	457.7063	37.9861	450.8939	70.3472	409.3805	70.2778	450.5171	92.3611	477.7007	94.7222	
26/08/2017	00:11:12	011992	G523115451HLR	L523	S		442.9260	1.0292	5.7381	99.8538	40.1539	0.8430	0.8308	5.0000	19.8293	508.0404	94.8611	8.8990	26.2000	0.9300	0.9501	0.5595	-0.0021	508.0000	506.6801	1.0275	9.4785	100.0128	39.3673	0.8230	0.8290	5.0000	-9999.0000	-9999.0000	-9999.0000	-9999.0000	-9999.0000	-9999.0000	19.7284	6	0	24.9981	1.0000	11	1	-9999.0000	11687	1625	-9999	2450	2323	-9999	275.0172	5	0.5353	0.5595	-0.0021	41.0969	2.6712	471.2169	448.3884	37.0602	475.5758	92.5463	470.6016	92.4537	476.7849	94.5602	489.1609	95.1620	
26/08/2017	00:11:37	011992	G523115688HLR	L523	S		444.4405	1.0292	5.5599	100.1207	40.2152	0.8430	0.8291	5.0000	18.7694	508.0833	94.9537	8.9391	26.1000	0.9300	0.9500	0.5595	-0.0021	508.0000	505.4415	1.0275	9.6082	100.0894	40.3255	0.8230	0.8323	5.0000	-9999.0000	-9999.0000	-9999.0000	-9999.0000	-9999.0000	-9999.0000	20.0995	7	0	24.9990	1.0000	11	1	-9999.0000	11688	1626	-9999	2451	2324	-9999	275.0535	5	0.5353	0.5595	-0.0021	41.0969	2.6712	468.4037	447.2336	36.5972	481.8956	92.5000	467.9341	92.4537	474.1743	94.6065	486.0563	95.0231	
26/08/2017	00:12:14	011992	G523115668HLR	L523	S		443.6160	1.0292	5.6569	99.8916	39.5369	0.8430	0.8277	5.0000	19.3693	508.0823	94.9537	10.0299	26.0000	0.9300	0.9500	0.5595	-0.0021	508.0000	508.0328	1.0275	9.3369	100.1035	40.8261	0.8230	0.8305	5.0000	-9999.0000	-9999.0000	-9999.0000	-9999.0000	-9999.0000	-9999.0000	20.4958	8	0	36.6038	1.0000	11	1	-9999.0000	11689	1627	-9999	2452	2325	-9999	273.9004	5	0.5353	0.5595	-0.0021	41.0969	2.6712	465.2937	445.3092	37.6389	473.6869	92.6620	464.7795	92.7778	471.2318	94.4676	481.9561	95.0694	
26/08/2017	00:12:39	011992	G523115464HLR	L523	S		439.5731	1.0292	6.1326	100.0542	39.2143	0.8430	0.8286	5.0000	18.6079	508.0714	94.9074	10.9097	25.9000	0.9300	0.9501	0.5636	-0.0021	508.0000	509.2960	1.0275	9.2046	100.3027	40.1567	0.8230	0.8270	5.0000	-9999.0000	-9999.0000	-9999.0000	-9999.0000	-9999.0000	-9999.0000	20.4614	1	0	25.0432	1.0000	11	1	-9999.0000	11690	1628	-9999	2453	2326	-9999	275.0236	5	0.5431	0.5636	-0.0021	40.9543	2.6619	463.1723	432.1087	36.0417	475.3339	93.0324	463.7913	92.8009	466.0884	94.6991	478.2238	95.1620	
26/08/2017	00:13:04	011992	G523115495HLR	L523	S		441.4924	1.0292	5.9068	99.9180	39.9070	0.8430	0.8300	5.0000	21.1182	508.0712	94.9537	9.9694	25.8000	0.9300	0.9502	0.5622	-0.0021	508.0000	508.7923	1.0275	9.2573	100.1435	39.4659	0.8230	0.8269	5.0000	-9999.0000	-9999.0000	-9999.0000	-9999.0000	-9999.0000	-9999.0000	19.9235	2	0	25.0597	1.0000	11	1	-9999.0000	11691	1629	-9999	2454	2327	-9999	275.3381	5	0.5429	0.5622	-0.0021	41.0011	2.6650	475.4581	455.0606	37.9398	465.4851	93.1713	476.7815	92.9861	475.3520	94.6528	483.7054	95.0694	
26/08/2017	00:13:29	011992	G523115463HLR	L523	S		441.2660	1.0292	5.9334	100.0196	40.3000	0.8430	0.8294	5.0000	18.2893	508.1166	94.9306	10.6900	25.7000	0.9300	0.9502	0.5623	-0.0021	508.0000	509.1553	1.0275	9.2193	99.9857	39.7844	0.8230	0.8296	5.0000	-9999.0000	-9999.0000	-9999.0000	-9999.0000	-9999.0000	-9999.0000	19.4487	3	0	24.9687	1.0000	11	1	-9999.0000	11692	1630	-9999	2455	2328	-9999	274.6697	5	0.5433	0.5623	-0.0021	40.9985	2.6648	464.7546	433.6022	38.5417	475.5372	93.9120	464.3682	93.7269	470.2648	94.7222	479.2249	94.9306	
26/08/2017	00:13:54	011992	G523115462HLR	L523	S		444.0524	1.0292	5.6056	99.9802	39.7076	0.8430	0.8278	5.0000	18.3996	508.0862	94.9074	25.6289	25.6000	0.9300	0.9503	0.5596	-0.0018	508.0000	535.4038	1.0275	6.4708	100.1437	40.4797	0.8230	0.8306	5.0000	-9999.0000	-9999.0000	-9999.0000	-9999.0000	-9999.0000	-9999.0000	19.2298	4	2	25.0097	1.0000	11	1	-9999.0000	11693	1631	-9999	2456	2329	-9999	258.7198	5	0.5418	0.5596	-0.0018	33.8512	3.1134	395.6982	453.3664	37.5231	411.5085	95.5787	392.5253	94.4213	408.7826	95.1389	409.6911	95.0463	
26/08/2017	00:14:19	011992	G523115481HLR	L523	S		441.4790	1.0292	5.9084	99.9796	39.3172	0.8430	0.8283	5.0000	18.2588	508.1550	94.9769	8.2595	25.9000	0.9300	0.9506	0.5596	-0.0018	508.0000	505.6039	1.0275	9.5912	100.0906	40.3639	0.8230	0.8289	5.0000	-9999.0000	-9999.0000	-9999.0000	-9999.0000	-9999.0000	-9999.0000	18.9320	5	0	24.9084	1.0000	11	1	-9999.0000	11694	1632	-9999	2456	2330	-9999	276.8299	5	0.5418	0.5596	-0.0018	33.8512	3.1134	477.9170	474.7965	38.0324	484.0852	94.8148	477.4044	93.9120	481.0627	94.9537	489.3762	95.1157	
26/08/2017	00:14:44	011992	G523115031HLR	L523	S		434.5872	1.0292	6.7191	100.1896	40.1459	0.8430	0.8300	5.0000	19.0227	508.0817	94.8843	12.4292	25.9000	0.9300	0.9506	0.5596	-0.0018	508.0000	507.5067	1.0275	9.3920	99.9986	39.8184	0.8230	0.8266	5.0000	-9999.0000	-9999.0000	-9999.0000	-9999.0000	-9999.0000	-9999.0000	19.6082	6	0	24.9990	1.0000	11	1	-9999.0000	11695	1633	-9999	2457	2331	-9999	272.8559	5	0.5417	0.5596	-0.0018	32.3174	3.3180	459.7175	469.2110	37.2222	464.4801	95.2083	459.3030	94.6759	463.4467	95.0463	470.0057	94.9074	
26/08/2017	00:15:34	011992	G523115460HLR	L523	S		437.8496	1.0292	6.3353	100.1499	39.4936	0.8430	0.8278	5.0000	18.6736	508.0607	95.0000	9.8892	26.0000	0.9300	0.9505	0.5680	-0.0027	508.0000	505.7501	1.0275	9.5759	100.2527	40.0918	0.8230	0.8303	5.0000	-9999.0000	-9999.0000	-9999.0000	-9999.0000	-9999.0000	-9999.0000	19.0948	8	0	25.0396	1.0000	11	1	-9999.0000	11697	1634	-9999	2458	2332	-9999	275.1254	5	0.5413	0.5680	-0.0027	39.3818	2.6069	465.4683	454.6398	37.8935	472.9175	94.1898	464.5267	93.8657	470.1298	94.7685	477.4998	94.9074	
26/08/2017	00:15:59	011992	G523115469HLR	L523	S		439.2776	1.0292	6.1673	100.0881	39.5000	0.8430	0.8291	5.0000	18.6291	508.1075	94.9769	9.9996	26.1000	0.9300	0.9507	0.5712	-0.0030	508.0000	506.7729	1.0275	9.4688	100.3872	40.4000	0.8230	0.8295	5.0000	-9999.0000	-9999.0000	-9999.0000	-9999.0000	-9999.0000	-9999.0000	19.4188	1	0	25.0194	1.0000	11	1	-9999.0000	11698	1635	-9999	2459	2333	-9999	275.0573	5	0.5420	0.5712	-0.0030	45.0487	2.0665	461.8247	464.9762	37.1296	463.7459	94.6991	460.8441	94.4444	469.0035	94.9769	477.1152	94.9537	
26/08/2017	00:16:24	011992	G523115456HLR	L523	S		436.0316	1.0292	6.5492	100.0434	40.1737	0.8430	0.8297	5.0000	19.9104	508.0697	94.9769	10.1696	26.1000	0.9300	0.9507	0.5657	-0.0024	508.0000	505.0816	1.0275	9.6459	100.2566	40.0451	0.8230	0.8272	5.0000	-9999.0000	-9999.0000	-9999.0000	-9999.0000	-9999.0000	-9999.0000	19.9394	2	0	25.0664	1.0000	11	1	-9999.0000	11699	1636	-9999	2460	2334	-9999	275.0429	5	0.5415	0.5657	-0.0024	41.6013	2.4387	464.8728	442.9427	36.2731	467.7331	94.9769	464.4304	94.4213	470.4101	94.9769	478.0682	95.0000	
26/08/2017	00:16:49	011992	G523114979HLR	L523	S		433.8898	1.0292	6.8012	100.0541	40.0974	0.8430	0.8282	5.0000	20.6078	508.0821	94.8611	11.1500	26.1000	0.9300	0.9507	0.5657	-0.0024	508.0000	503.0739	1.0275	9.8561	100.0827	39.6224	0.8230	0.8267	5.0000	-9999.0000	-9999.0000	-9999.0000	-9999.0000	-9999.0000	-9999.0000	19.6892	3	0	24.9794	1.0000	11	1	-9999.0000	11700	1637	-9999	2461	2335	-9999	273.8487	5	0.5415	0.5657	-0.0024	41.6013	2.4387	470.5408	475.2794	39.4676	470.8918	95.0463	471.9305	94.3981	474.0150	94.9306	475.9048	94.9306	
26/08/2017	00:17:14	011992	G523114990HLR	L523	S		437.1433	1.0292	6.4184	100.0392	39.6237	0.8430	0.8277	5.0000	18.5891	508.0553	94.8843	11.1402	26.1000	0.9300	0.9507	0.5659	-0.0024	508.0000	505.6928	1.0275	9.5819	100.2193	39.7752	0.8230	0.8287	5.0000	-9999.0000	-9999.0000	-9999.0000	-9999.0000	-9999.0000	-9999.0000	19.3470	4	0	24.9993	1.0000	11	1	-9999.0000	11701	1638	-9999	2462	2336	-9999	273.8689	5	0.5416	0.5659	-0.0024	43.3026	2.3381	467.4397	460.0256	37.7778	475.4657	95.4167	468.7532	94.8611	467.4727	95.0926	471.9629	94.8148	
26/08/2017	00:17:39	011992	G523114996HLR	L523	S		437.4548	1.0292	6.3818	100.1692	39.5184	0.8430	0.8286	5.0000	18.7893	508.0925	94.9537	9.8903	26.2000	0.9300	0.9507	0.5684	-0.0026	508.0000	504.3222	1.0275	9.7254	100.3965	40.2812	0.8230	0.8301	5.0000	-9999.0000	-9999.0000	-9999.0000	-9999.0000	-9999.0000	-9999.0000	19.1534	5	0	24.8690	1.0000	11	1	-9999.0000	11701	1639	-9999	2463	2337	-9999	275.6393	5	0.5416	0.5684	-0.0026	46.9924	2.0320	461.1457	475.6745	36.8750	454.2879	95.5324	460.5347	95.0231	467.8556	95.1157	473.6845	94.8611	
26/08/2017	00:18:04	011992	G523113139HLR	L523	S		440.3093	1.0292	6.0460	100.1363	40.1000	0.8430	0.8296	5.0000	18.8981	508.0488	94.9306	10.1597	26.2000	0.9300	0.9507	0.5694	-0.0027	508.0000	505.5081	1.0275	9.6012	99.9301	40.3502	0.8230	0.8279	5.0000	-9999.0000	-9999.0000	-9999.0000	-9999.0000	-9999.0000	-9999.0000	20.5292	6	0	25.0488	1.0000	11	1	-9999.0000	11702	1640	-9999	2464	2338	-9999	275.4236	5	0.5416	0.5694	-0.0027	48.0980	1.9578	465.7997	459.6197	37.6389	481.0727	95.3472	465.1277	94.9537	471.3819	95.1620	478.3626	94.7917	
26/08/2017	00:18:29	011992	G523115479HLR	L523	S		442.8487	1.0292	5.7472	100.1771	40.1629	0.8430	0.8286	5.0000	18.8597	508.1238	95.0000	9.4694	26.3000	0.9300	0.9507	0.5687	-0.0026	508.0000	508.4055	1.0275	9.2979	100.1404	39.9388	0.8230	0.8266	5.0000	-9999.0000	-9999.0000	-9999.0000	-9999.0000	-9999.0000	-9999.0000	19.7586	7	0	25.0594	1.0000	11	1	-9999.0000	11702	1641	-9999	2465	2339	-9999	276.7632	5	0.5422	0.5687	-0.0026	48.5918	1.9068	468.8872	449.8333	38.5648	462.1536	94.9306	467.8862	94.3287	475.1605	94.9074	483.5605	94.9537	
26/08/2017	00:18:54	011992	G523115025HLR	L523	S		432.9884	1.0292	6.9072	100.0384	39.6543	0.8430	0.8275	5.0000	20.6016	508.0738	94.8380	12.0591	26.2000	0.9300	0.9507	0.5678	-0.0024	508.0000	503.0247	1.0275	9.8613	99.8957	39.5958	0.8230	0.8264	5.0000	-9999.0000	-9999.0000	-9999.0000	-9999.0000	-9999.0000	-9999.0000	20.3995	8	0	25.1889	1.0000	11	1	-9999.0000	11703	1642	-9999	2466	2340	-9999	273.6031	5	0.5424	0.5678	-0.0024	50.0953	1.7355	463.0934	449.0615	37.6157	470.1721	95.4861	462.6402	94.8843	466.5024	95.1620	469.2150	94.8843	
26/08/2017	00:19:19	011992	G523114985HLR	L523	S		438.9772	1.0292	6.2027	100.1729	39.6000	0.8430	0.8285	5.0000	18.5719	508.1010	94.9306	10.3990	26.3000	0.9300	0.9508	0.5702	-0.0026	508.0000	504.9329	1.0275	9.6615	100.0238	39.8691	0.8230	0.8290	5.0000	-9999.0000	-9999.0000	-9999.0000	-9999.0000	-9999.0000	-9999.0000	19.0110	1	0	25.2686	1.0000	11	1	-9999.0000	11704	1643	-9999	2467	2341	-9999	276.0018	5	0.5430	0.5702	-0.0026	50.0719	1.7326	465.3588	472.5488	38.4028	466.8636	96.0648	464.7336	95.2083	470.8641	95.2315	476.6544	94.8380	
26/08/2017	00:19:44	011992	G523114956HLR	L523	S		438.3602	1.0292	6.2753	100.0563	40.1000	0.8430	0.8294	5.0000	18.4989	508.0545	94.8611	10.2789	26.4000	0.9300	0.9507	0.5702	-0.0026	508.0000	504.9759	1.0275	9.6570	99.9486	40.3796	0.8230	0.8285	5.0000	-9999.0000	-9999.0000	-9999.0000	-9999.0000	-9999.0000	-9999.0000	21.6485	2	0	24.9592	1.0000	11	1	-9999.0000	11705	1644	-9999	2468	2342	-9999	276.3059	5	0.5436	0.5702	-0.0026	48.9813	1.8470	470.4520	471.1085	38.9120	471.8638	95.8333	470.5292	95.3704	476.5942	95.1620	478.8267	94.8611	
26/08/2017	00:20:09	011992	G523114966HLR	L523	S		434.4895	1.0292	6.7306	100.0882	40.1545	0.8430	0.8286	5.0000	18.5794	508.0899	94.8380	11.4293	26.4000	0.9300	0.9507	0.5656	-0.0021	508.0000	504.0550	1.0275	9.7534	99.7570	40.2681	0.8230	0.8274	5.0000	-9999.0000	-9999.0000	-9999.0000	-9999.0000	-9999.0000	-9999.0000	20.1473	3	0	25.1893	1.0000	11	1	-9999.0000	11705	1645	-9999	2469	2343	-9999	275.0522	5	0.5437	0.5656	-0.0021	47.0551	2.0173	463.7893	476.5064	37.9398	479.5350	95.8565	463.6196	95.1852	467.7923	95.2083	474.1753	94.9769	
26/08/2017	00:20:34	011992	G523114976HLR	L523	S		433.8873	1.0292	6.8015	100.1372	39.7595	0.8430	0.8278	5.0000	18.7492	508.0583	94.8611	12.6392	26.3000	0.9300	0.9506	0.5598	-0.0015	508.0000	504.9132	1.0275	9.6635	100.0986	39.8529	0.8230	0.8264	5.0000	-9999.0000	-9999.0000	-9999.0000	-9999.0000	-9999.0000	-9999.0000	20.1013	4	0	24.9193	1.0000	11	1	-9999.0000	11706	1646	-9999	2470	2344	-9999	274.5507	5	0.5434	0.5598	-0.0015	47.6759	1.9403	461.1343	480.3467	39.9537	471.6841	95.9491	460.7029	95.2778	466.4975	95.1620	472.0617	94.8843	
26/08/2017	00:20:59	011992	G523114960HLR	L523	S		436.0973	1.0292	6.5415	100.0212	39.6240	0.8430	0.8284	5.0000	18.0705	508.1127	94.8843	10.5894	26.4000	0.9300	0.9507	0.5486	-0.0004	508.0000	505.3642	1.0275	9.6163	99.7192	39.7000	0.8230	0.8270	5.0000	-9999.0000	-9999.0000	-9999.0000	-9999.0000	-9999.0000	-9999.0000	19.5388	5	0	24.9488	1.0000	11	1	-9999.0000	11706	1647	-9999	2471	2345	-9999	276.6279	5	0.5443	0.5486	-0.0004	51.7665	1.5183	476.9740	486.2292	37.2917	487.7208	95.9259	476.8204	95.2778	483.2008	95.1852	486.6527	94.9074	
26/08/2017	00:21:24	011992	G523113114HLR	L523	S		451.4393	1.0292	4.7365	100.1227	40.0110	0.8430	0.8293	5.0000	18.8385	508.0925	94.9537	5.3103	26.5000	0.9300	0.9506	0.5520	-0.0007	508.0000	503.6679	1.0275	9.7939	100.0528	40.0605	0.8230	0.8283	5.0000	-9999.0000	-9999.0000	-9999.0000	-9999.0000	-9999.0000	-9999.0000	20.8678	6	0	24.8890	1.0000	11	1	-9999.0000	11707	1648	-9999	2472	2346	-9999	278.6412	5	0.5446	0.5520	-0.0007	49.6638	1.6949	496.6127	465.8114	38.2870	495.3291	95.3472	496.3142	94.7454	502.2128	95.0000	506.5693	94.9769	
26/08/2017	00:21:49	011992	G523113135HLR	L523	S		446.1591	1.0292	5.3578	100.1062	40.1498	0.8430	0.8285	5.0000	19.1193	508.0894	94.8611	8.2897	26.5000	0.9300	0.9505	0.5523	-0.0007	508.0000	507.0158	1.0275	9.4434	100.2501	40.3000	0.8230	0.8283	5.0000	-9999.0000	-9999.0000	-9999.0000	-9999.0000	-9999.0000	-9999.0000	20.5485	7	0	25.2984	1.0000	11	1	-9999.0000	11707	1649	-9999	2473	2347	-9999	277.7803	5	0.5450	0.5523	-0.0007	47.0875	1.9264	484.9292	462.0234	38.7500	485.2438	95.1620	484.9237	94.8611	489.0002	95.1620	493.6276	94.9537	
26/08/2017	00:22:15	011992	G523113155HLR	L523	S		438.6909	1.0292	6.2364	100.0121	39.8086	0.8430	0.8279	5.0000	18.5282	508.0736	94.9074	10.5602	26.4000	0.9300	0.9506	0.5526	-0.0007	508.0000	506.6881	1.0275	9.4777	100.0175	40.0621	0.8230	0.8262	5.0000	-9999.0000	-9999.0000	-9999.0000	-9999.0000	-9999.0000	-9999.0000	21.7779	8	0	25.1897	1.0000	11	1	-9999.0000	11708	1650	-9999	2474	2348	-9999	277.0291	5	0.5449	0.5526	-0.0007	47.3151	1.8946	485.0313	448.4352	36.2963	481.8337	95.1620	484.4338	94.6528	485.0820	95.0926	494.4959	94.8843	
26/08/2017	00:22:40	011992	G523113125HLR	L523	S		437.0768	1.0292	6.4263	100.1477	39.7028	0.8430	0.8284	5.0000	18.6495	508.0321	94.8843	10.7301	26.3000	0.9300	0.9506	0.5534	-0.0008	508.0000	506.6191	1.0275	9.4849	99.9280	39.7329	0.8230	0.8257	5.0000	-9999.0000	-9999.0000	-9999.0000	-9999.0000	-9999.0000	-9999.0000	21.6589	1	0	25.4291	1.0000	11	1	-9999.0000	11708	1651	-9999	2475	2349	-9999	277.0850	5	0.5452	0.5534	-0.0008	48.0547	1.8302	473.8124	453.6796	35.5093	481.2820	95.5556	473.3889	94.8843	478.3152	95.0926	484.2939	94.9074	
26/08/2017	00:23:05	011992	G523113146HLR	L523	S		439.8419	1.0292	6.1010	100.0885	40.0000	0.8430	0.8291	5.0000	18.5686	508.1161	94.9306	9.8990	26.3000	0.9300	0.9506	0.5600	-0.0013	508.0000	506.2237	1.0275	9.5263	100.1921	39.8000	0.8230	0.8269	5.0000	-9999.0000	-9999.0000	-9999.0000	-9999.0000	-9999.0000	-9999.0000	21.9292	2	0	25.0788	1.0000	11	1	-9999.0000	11709	1652	-9999	2476	2350	-9999	278.1214	5	0.5463	0.5600	-0.0013	47.8718	1.8481	474.2062	453.6626	35.7870	484.1901	95.2546	473.7568	94.6065	478.4553	94.9074	485.5090	95.0000	
26/08/2017	00:23:30	011992	G523113144HLR	L523	S		436.0435	1.0292	6.5478	100.0883	40.0589	0.8430	0.8280	5.0000	21.4191	508.1249	94.8843	12.5396	26.2000	0.9300	0.9506	0.5583	-0.0012	508.0000	508.1043	1.0275	9.3294	99.8744	40.1745	0.8230	0.8288	5.0000	-9999.0000	-9999.0000	-9999.0000	-9999.0000	-9999.0000	-9999.0000	19.6386	3	0	24.9797	1.0000	11	1	-9999.0000	11710	1653	-9999	2477	2351	-9999	276.3242	5	0.5465	0.5583	-0.0012	39.3110	2.6107	475.4032	464.0627	38.6111	473.3235	95.8102	477.6224	95.2083	470.4391	95.0926	473.5381	94.6991	
26/08/2017	00:23:55	011992	G523113196HLR	L523	S		439.8954	1.0292	6.0947	100.1328	39.8014	0.8430	0.8279	5.0000	18.7190	508.1099	95.0000	9.6500	26.2000	0.9300	0.9506	0.5599	-0.0013	508.0000	507.1361	1.0275	9.4308	99.9308	40.3000	0.8230	0.8282	5.0000	-9999.0000	-9999.0000	-9999.0000	-9999.0000	-9999.0000	-9999.0000	19.5608	4	0	25.0190	1.0000	11	1	-9999.0000	11711	1654	-9999	2478	2352	-9999	278.3535	5	0.5466	0.5599	-0.0013	39.3295	2.6338	474.7932	464.5812	37.9167	484.0392	95.5093	474.1458	94.7685	479.5080	94.9537	485.6086	95.0231	
26/08/2017	00:24:20	011992	G523113206HLR	L523	S		443.5308	1.0292	5.6670	100.0162	39.7481	0.8430	0.8283	5.0000	19.7287	508.0845	94.9537	8.8502	26.2000	0.9300	0.9506	0.5602	-0.0013	508.0000	508.8780	1.0275	9.2484	100.1983	40.0762	0.8230	0.8271	5.0000	-9999.0000	-9999.0000	-9999.0000	-9999.0000	-9999.0000	-9999.0000	18.8800	5	0	24.8187	1.0000	11	1	-9999.0000	11712	1655	-9999	2479	2353	-9999	278.9361	5	0.5469	0.5602	-0.0013	38.7152	2.6994	479.8194	472.2472	38.3565	488.1760	95.6019	479.2475	95.0694	485.6047	95.0463	490.4213	94.9074	
26/08/2017	00:24:45	011992	G523113197HLR	L523	S		449.8893	1.0292	4.9189	100.0325	40.0088	0.8430	0.8289	5.0000	18.5393	508.0649	95.0463	7.4890	26.3000	0.9300	0.9507	0.5598	-0.0012	508.0000	508.3016	1.0275	9.3087	99.8082	39.7735	0.8230	0.8266	5.0000	-9999.0000	-9999.0000	-9999.0000	-9999.0000	-9999.0000	-9999.0000	19.2586	6	0	25.0393	1.0000	11	1	-9999.0000	11713	1656	-9999	2480	2354	-9999	279.7810	5	0.5475	0.5598	-0.0012	37.7729	2.8220	484.6664	481.8292	39.7685	484.4444	95.3009	484.1007	94.8380	489.9483	95.1852	496.9004	94.8843	
26/08/2017	00:25:34	011992	G523113202HLR	L523	S		0.0000	0.0000	0.0000	0.0000	0.0000	0.8430	0.0000	0.0000	0.0000	0.0000	0.0000	0.0000	0.0000	0.9300	0.0000	0.0000	0.0000	0.0000	0.0000	0.0000	0.0000	0.0000	0.0000	0.8230	0.0000	0.0000	0.0000	0.0000	0.0000	0.0000	0.0000	0.0000	0.0000	0	42	25.0393	1.0000	11	1	0.0000	0	0	0	0	0	0	0.0000	0	0.0000	0.0000	0.0000	0.0000	0.0000	0.0000	0.0000	0.0000	0.0000	0.0000	0.0000	0.0000	0.0000	0.0000	0.0000	0.0000	
26/08/2017	00:29:42	011992	G523113201HLR	L523	S		0.0000	0.0000	0.0000	0.0000	0.0000	0.8430	0.0000	0.0000	0.0000	0.0000	0.0000	0.0000	0.0000	0.9300	0.0000	0.0000	0.0000	0.0000	0.0000	0.0000	0.0000	0.0000	0.0000	0.8230	0.0000	0.0000	0.0000	0.0000	0.0000	0.0000	0.0000	0.0000	0.0000	0	42	25.0393	1.0000	11	1	0.0000	0	0	0	0	0	0	0.0000	0	0.0000	0.0000	0.0000	0.0000	0.0000	0.0000	0.0000	0.0000	0.0000	0.0000	0.0000	0.0000	0.0000	0.0000	0.0000	0.0000	
26/08/2017	00:30:03	011992	G523113210HLR	L523	S		442.4404	1.0292	5.7952	99.9601	40.0521	0.8430	0.8280	5.0000	20.7283	508.0747	94.9537	9.3297	26.2000	0.9300	0.9506	0.5601	-0.0013	508.0000	509.0850	1.0275	9.2267	99.8521	39.8604	0.8230	0.8278	5.0000	-9999.0000	-9999.0000	-9999.0000	-9999.0000	-9999.0000	-9999.0000	19.6892	7	0	317.5782	1.0000	11	1	-9999.0000	11714	1657	-9999	2481	2355	-9999	278.6543	5	0.5471	0.5601	-0.0013	38.7396	2.7236	476.5139	471.9564	37.5463	483.6404	95.2546	475.9897	94.9074	481.8973	95.1620	486.3204	94.8611	
26/08/2017	00:30:28	011992	G523113186HLR	L523	S		442.4769	1.0292	5.7909	99.9899	39.7984	0.8430	0.8279	5.0000	18.4293	508.0786	94.9769	8.6003	26.2000	0.9300	0.9507	0.5604	-0.0013	508.0000	509.1502	1.0275	9.2199	99.8105	40.2637	0.8230	0.8288	5.0000	-9999.0000	-9999.0000	-9999.0000	-9999.0000	-9999.0000	-9999.0000	19.5456	8	0	25.0489	1.0000	11	1	-9999.0000	11715	1658	-9999	2482	2356	-9999	279.2086	5	0.5473	0.5604	-0.0013	39.4753	2.6747	484.5582	469.2334	38.7269	492.2778	95.4398	484.7684	94.7454	484.3669	95.0694	492.7507	94.8843	
26/08/2017	00:30:53	011992	G523113205HLR	L523	S		442.7441	1.0292	5.7595	100.0489	39.8000	0.8430	0.8285	5.0000	18.2687	508.0653	94.9074	10.0895	26.1000	0.9300	0.9507	0.5596	-0.0012	508.0000	510.3011	1.0275	9.0994	100.2561	40.2968	0.8230	0.8266	5.0000	-9999.0000	-9999.0000	-9999.0000	-9999.0000	-9999.0000	-9999.0000	19.6568	1	0	25.0689	1.0000	11	1	-9999.0000	11715	1659	-9999	2483	2357	-9999	278.1638	5	0.5476	0.5596	-0.0012	40.3794	2.6136	480.9318	464.1224	38.6343	472.9902	95.6250	482.3734	95.2778	480.3246	95.1389	486.2370	94.7454	
26/08/2017	00:31:18	011992	G523113171HLR	L523	S		440.7093	1.0292	5.9989	100.1508	40.0840	0.8430	0.8289	5.0000	18.7788	508.0727	94.8380	10.9693	26.0000	0.9300	0.9506	0.5591	-0.0012	508.0000	509.7724	1.0275	9.1547	99.8591	39.6074	0.8230	0.8254	5.0000	-9999.0000	-9999.0000	-9999.0000	-9999.0000	-9999.0000	-9999.0000	20.0017	2	0	25.0091	1.0000	11	1	-9999.0000	11716	1660	-9999	2484	2358	-9999	277.7064	5	0.5482	0.5591	-0.0012	34.8819	3.2250	471.1131	465.7069	40.0694	467.9051	95.6944	470.5624	95.0000	475.0198	95.2315	481.9845	94.9074	
26/08/2017	00:32:40	011992	G523113173HLR	L523	S		0.0000	0.0000	0.0000	0.0000	0.0000	0.8430	0.0000	0.0000	0.0000	0.0000	0.0000	0.0000	0.0000	0.9300	0.0000	0.0000	0.0000	0.0000	0.0000	0.0000	0.0000	0.0000	0.0000	0.8230	0.0000	0.0000	0.0000	0.0000	0.0000	0.0000	0.0000	0.0000	0.0000	0	42	25.0091	1.0000	11	1	0.0000	0	0	0	0	0	0	0.0000	0	0.0000	0.0000	0.0000	0.0000	0.0000	0.0000	0.0000	0.0000	0.0000	0.0000	0.0000	0.0000	0.0000	0.0000	0.0000	0.0000	
26/08/2017	00:33:01	011992	G523113188HLR	L523	S		446.6220	1.0292	5.3033	100.1495	40.0663	0.8430	0.8283	5.0000	18.7584	508.0757	94.8843	8.5602	26.0000	0.9300	0.9507	0.5591	-0.0012	508.0000	511.0164	1.0275	9.0245	99.9033	39.5864	0.8230	0.8272	5.0000	-9999.0000	-9999.0000	-9999.0000	-9999.0000	-9999.0000	-9999.0000	19.9685	3	0	102.8068	1.0000	11	1	-9999.0000	11716	1661	-9999	2485	2359	-9999	279.0368	5	0.5482	0.5591	-0.0012	35.3230	3.1959	487.2556	455.7191	35.9722	495.2076	95.7870	487.1820	95.2778	489.7961	95.1852	492.8672	94.7917	
26/08/2017	00:33:26	011992	G523113200HLR	L523	S		440.1101	1.0292	6.0694	100.0440	39.8190	0.8430	0.8279	5.0000	18.5286	508.1883	94.9537	12.9595	25.9000	0.9300	0.9507	0.5578	-0.0011	508.0000	511.2029	1.0275	9.0049	99.8674	40.2603	0.8230	0.8296	5.0000	-9999.0000	-9999.0000	-9999.0000	-9999.0000	-9999.0000	-9999.0000	19.9494	4	0	25.2182	1.0000	11	1	-9999.0000	11717	1662	-9999	2486	2360	-9999	276.6160	5	0.5478	0.5578	-0.0011	51.0192	1.6635	472.1549	450.9970	37.8935	466.3279	95.3009	474.6959	95.1620	468.4878	94.9769	471.4830	95.0694	
26/08/2017	00:33:51	011992	G523113181HLR	L523	S		437.5007	1.0292	6.3764	100.0276	39.8246	0.8430	0.8292	5.0000	18.3865	508.0871	94.8611	12.4390	25.8000	0.9300	0.9507	0.5590	-0.0012	508.0000	509.8308	1.0275	9.1486	100.1305	39.4589	0.8230	0.8259	5.0000	-9999.0000	-9999.0000	-9999.0000	-9999.0000	-9999.0000	-9999.0000	21.0692	5	0	24.8885	1.0000	11	1	-9999.0000	11718	1663	-9999	2487	2361	-9999	276.6273	5	0.5475	0.5590	-0.0012	51.3224	1.6331	471.6527	461.3830	39.5602	480.0215	95.7407	473.1498	95.1620	470.3989	95.0463	473.2248	95.0231	
26/08/2017	00:34:16	011992	G523113170HLR	L523	S		445.1943	1.0292	5.4713	100.0143	40.0154	0.8430	0.8287	5.0000	18.5590	508.0794	94.9306	9.6198	25.8000	0.9300	0.9506	0.5598	-0.0013	508.0000	510.8585	1.0275	9.0410	99.9513	39.7749	0.8230	0.8286	5.0000	-9999.0000	-9999.0000	-9999.0000	-9999.0000	-9999.0000	-9999.0000	19.9470	6	0	24.9192	1.0000	11	1	-9999.0000	11719	1664	-9999	2488	2362	-9999	278.2339	5	0.5473	0.5598	-0.0013	50.0623	1.7541	474.7379	490.0932	38.7731	469.9076	95.4630	474.0948	94.6759	479.0980	94.8843	485.5053	94.9074	
26/08/2017	00:34:41	011992	G523113211HLR	L523	S		448.8539	1.0292	5.0407	100.0271	39.7832	0.8430	0.8279	5.0000	19.2394	508.0681	94.9306	7.9401	25.9000	0.9300	0.9507	0.5591	-0.0012	508.0000	512.3850	1.0275	8.8812	99.7530	40.4808	0.8230	0.8300	5.0000	-9999.0000	-9999.0000	-9999.0000	-9999.0000	-9999.0000	-9999.0000	19.8993	7	0	24.9092	1.0000	11	1	-9999.0000	11719	1665	-9999	2489	2363	-9999	279.1239	5	0.5473	0.5591	-0.0012	50.2446	1.7247	490.3844	471.6547	38.2176	497.8143	95.2083	489.8790	94.9306	492.7721	95.1157	494.9120	94.8611	
26/08/2017	00:35:05	011992	G523113164HLR	L523	S		438.1906	1.0292	6.2952	99.9979	39.6224	0.8430	0.8283	5.0000	18.4798	508.0495	94.8843	11.6900	25.9000	0.9300	0.9507	0.5606	-0.0014	508.0000	509.2520	1.0275	9.2092	99.7315	40.4798	0.8230	0.8279	5.0000	-9999.0000	-9999.0000	-9999.0000	-9999.0000	-9999.0000	-9999.0000	19.7922	8	0	24.9092	1.0000	11	1	-9999.0000	11720	1666	-9999	2490	2364	-9999	276.3513	5	0.5465	0.5606	-0.0014	52.7126	1.4832	462.6798	469.4857	39.7454	456.4365	95.1852	461.7580	94.9537	468.7519	95.1157	475.3789	94.7685	
26/08/2017	00:35:30	011992	G523112739HLR	L523	S		439.3603	1.0292	6.1576	100.0017	39.6000	0.8430	0.8287	5.0000	19.1383	508.0940	94.9074	11.0288	25.7000	0.9300	0.9507	0.5625	-0.0016	508.0000	509.6742	1.0275	9.1650	99.9670	39.9756	0.8230	0.8259	5.0000	-9999.0000	-9999.0000	-9999.0000	-9999.0000	-9999.0000	-9999.0000	20.0677	1	0	25.0494	1.0000	11	1	-9999.0000	11720	1667	-9999	2491	2365	-9999	276.7145	5	0.5464	0.5625	-0.0016	52.3870	1.5187	469.9521	462.5181	36.8056	479.0608	95.3704	468.7587	94.9074	474.1116	95.0694	479.2782	94.9306	
26/08/2017	00:36:20	011992	G523111301HLR	L523	S		444.0351	1.0292	5.6076	99.9745	40.1327	0.8430	0.8284	5.0000	18.3578	508.1239	94.8843	10.3892	25.8000	0.9300	0.9506	0.5585	-0.0013	508.0000	512.1814	1.0275	8.9025	100.0147	39.9000	0.8230	0.8283	5.0000	-9999.0000	-9999.0000	-9999.0000	-9999.0000	-9999.0000	-9999.0000	19.6586	3	0	25.0534	1.0000	11	1	-9999.0000	11722	1668	-9999	2492	2366	-9999	276.9416	5	0.5456	0.5585	-0.0013	51.2736	1.6076	472.0691	466.8071	39.1435	469.1685	95.3935	471.4541	94.9537	477.2996	95.1620	483.4852	94.8611	
26/08/2017	00:36:49	011992	G523112791HLR	L523	S		439.8331	1.0292	6.1020	100.0097	39.7259	0.8430	0.8276	5.0000	18.3683	508.1151	94.8611	11.7994	25.6000	0.9300	0.9507	0.5571	-0.0012	508.0000	508.0501	1.0275	9.3351	99.8355	40.2000	0.8230	0.8286	5.0000	-9999.0000	-9999.0000	-9999.0000	-9999.0000	-9999.0000	-9999.0000	19.4394	4	0	28.2695	1.0000	99	9	-9999.0000	11723	1669	-9999	2492	2367	-9999	275.9779	5	0.5448	0.5571	-0.0012	50.6519	1.6801	468.3938	464.3478	39.3287	479.6480	95.5324	467.8174	94.9769	471.4676	95.1157	477.1138	94.9537	
26/08/2017	00:37:17	011992	G523112811HLR	L523	S		438.6575	1.0292	6.2403	100.0635	39.6000	0.8430	0.8283	5.0000	18.5285	508.0724	94.8380	12.3091	25.5000	0.9300	0.9506	0.5542	-0.0010	508.0000	509.5242	1.0275	9.1807	99.8086	40.1000	0.8230	0.8273	5.0000	-9999.0000	-9999.0000	-9999.0000	-9999.0000	-9999.0000	-9999.0000	19.5782	5	0	28.3183	1.0000	99	9	-9999.0000	11724	1670	-9999	2493	2368	-9999	275.5962	5	0.5443	0.5542	-0.0010	50.2328	1.7291	474.0644	453.1022	38.0324	467.1713	95.8796	474.8120	95.0694	472.6286	95.1157	477.5123	94.9306	
26/08/2017	00:37:42	011992	G523112780HLR	L523	S		439.9965	1.0292	6.0828	100.0490	40.0000	0.8430	0.8291	5.0000	19.1097	508.1063	94.8843	10.9605	25.5000	0.9300	0.9506	0.5542	-0.0010	508.0000	508.9364	1.0275	9.2423	99.9513	39.8311	0.8230	0.8267	5.0000	-9999.0000	-9999.0000	-9999.0000	-9999.0000	-9999.0000	-9999.0000	19.4474	6	0	24.9494	1.0000	99	9	-9999.0000	11725	1671	-9999	2493	2369	-9999	276.2978	5	0.5443	0.5542	-0.0010	50.2328	1.7291	476.8449	468.5584	38.8426	474.8322	95.6944	477.0398	95.0231	478.4376	95.1852	483.5453	94.9537	
26/08/2017	00:38:07	011992	G523112785HLR	L523	S		438.0884	1.0292	6.3072	100.0907	40.1114	0.8430	0.8282	5.0000	19.5204	508.0721	94.9074	10.3189	25.4000	0.9300	0.9506	0.5522	-0.0008	508.0000	509.5379	1.0275	9.1793	99.9283	39.8924	0.8230	0.8276	5.0000	-9999.0000	-9999.0000	-9999.0000	-9999.0000	-9999.0000	-9999.0000	19.6287	7	0	24.9687	1.0000	99	9	-9999.0000	11726	1672	-9999	2494	2370	-9999	276.3918	5	0.5435	0.5522	-0.0008	46.8633	2.0538	477.2643	473.9392	36.7824	490.3629	95.4398	477.6992	95.1852	479.9146	95.1620	484.9040	94.8380	
26/08/2017	00:38:35	011992	G523112795HLR	L523	S		424.4062	1.0292	7.9169	100.0553	39.7357	0.8430	0.8276	5.0000	18.5853	508.0617	94.9537	17.3695	25.3000	0.9300	0.9506	0.5519	-0.0008	508.0000	508.5134	1.0275	9.2866	99.9065	40.1509	0.8230	0.8282	5.0000	-9999.0000	-9999.0000	-9999.0000	-9999.0000	-9999.0000	-9999.0000	20.1411	8	0	28.1132	1.0000	99	9	-9999.0000	11727	1673	-9999	2495	2371	-9999	273.6735	5	0.5429	0.5519	-0.0008	49.8676	1.7212	449.9374	470.9807	39.7454	461.4174	96.0185	449.2047	95.4861	453.4637	95.1620	457.4718	94.6759	
26/08/2017	00:39:04	011992	G523112777HLR	L523	S		423.1386	1.0292	8.0660	100.0222	39.6131	0.8430	0.8282	5.0000	18.6886	508.0662	94.9074	17.4896	25.2000	0.9300	0.9506	0.5504	-0.0007	508.0000	508.1984	1.0275	9.3195	99.9782	40.1747	0.8230	0.8275	5.0000	-9999.0000	-9999.0000	-9999.0000	-9999.0000	-9999.0000	-9999.0000	19.8388	1	0	28.8788	1.0000	99	9	-9999.0000	11728	1674	-9999	2496	2372	-9999	273.2483	5	0.5426	0.5504	-0.0007	50.2827	1.6875	451.3470	471.7028	38.5648	461.5333	96.1574	451.7168	95.1620	452.9506	94.9769	455.5957	94.9074	
26/08/2017	00:39:29	011992	G523113184HLR	L523	S		390.2405	1.0292	9.5953	100.0430	40.0433	0.8430	0.8291	5.0000	18.5479	0.0000	0.0000	0.0000	0.0000	0.9300	0.0000	0.0000	0.0000	0.0000	393.7453	1.0275	0.0000	99.9200	39.8000	0.8230	0.8269	5.0000	-9999.0000	-9999.0000	-9999.0000	-9999.0000	-9999.0000	-9999.0000	19.5679	2	7	25.0694	1.0000	11	1	-9999.0000	11729	0	-9999	2497	2373	-9999	0.0000	0	0.0000	0.0000	0.0000	0.0000	0.0000	0.0000	0.0000	0.0000	0.0000	0.0000	0.0000	0.0000	0.0000	0.0000	0.0000	0.0000	
26/08/2017	00:39:54	011992	G523113029HLR	L523	S		435.4464	1.0292	6.6181	100.0930	40.0607	0.8430	0.8279	5.0000	20.1291	508.0778	94.8843	12.5288	25.3000	0.9300	0.9506	0.5493	-0.0006	508.0000	509.1275	1.0275	9.2222	99.9093	39.9000	0.8230	0.8273	5.0000	-9999.0000	-9999.0000	-9999.0000	-9999.0000	-9999.0000	-9999.0000	19.7889	3	0	25.2398	1.0000	99	9	-9999.0000	11730	1675	-9999	2497	2374	-9999	275.3772	5	0.5428	0.5493	-0.0006	49.0587	1.8268	470.5124	468.4912	38.4722	485.7684	95.4398	470.6186	94.9769	473.7801	95.1157	477.8717	94.8843	
26/08/2017	00:40:19	011992	G523112976HLR	L523	S		428.1557	1.0292	7.4758	100.1670	39.6465	0.8430	0.8276	5.0000	18.8501	508.0990	94.9074	17.2796	25.1000	0.9300	0.9508	0.5504	-0.0007	508.0000	510.4630	1.0275	9.0824	99.8439	40.1000	0.8230	0.8278	5.0000	-9999.0000	-9999.0000	-9999.0000	-9999.0000	-9999.0000	-9999.0000	19.9491	4	0	24.8882	1.0000	99	9	-9999.0000	11731	1676	-9999	2498	2375	-9999	273.5594	5	0.5423	0.5504	-0.0007	45.4562	2.1737	462.8514	472.6851	39.3056	466.8529	95.8333	463.5246	94.8380	458.4942	95.0463	462.5488	94.9537	
26/08/2017	00:40:44	011992	G523112809HLR	L523	S		424.2547	1.0292	7.9347	100.1352	39.7000	0.8430	0.8285	5.0000	18.6389	508.0629	94.9074	18.1497	24.9000	0.9300	0.9506	0.5504	-0.0007	508.0000	510.6788	1.0275	9.0598	99.9172	40.1000	0.8230	0.8276	5.0000	-9999.0000	-9999.0000	-9999.0000	-9999.0000	-9999.0000	-9999.0000	19.4394	5	0	24.8691	1.0000	99	9	-9999.0000	11732	1677	-9999	2499	2375	-9999	273.1437	5	0.5416	0.5504	-0.0007	44.6983	2.2630	456.2221	473.0392	37.8935	459.4865	96.1343	457.9175	94.6759	461.5091	94.9769	458.9877	95.1157	
26/08/2017	00:41:09	011992	G523112983HLR	L523	S		440.6746	1.0292	6.0030	100.0228	40.2000	0.8430	0.8290	5.0000	18.4592	508.1322	94.8843	10.9996	25.0000	0.9300	0.9506	0.5504	-0.0007	508.0000	508.2899	1.0275	9.3100	99.9818	39.9174	0.8230	0.8265	5.0000	-9999.0000	-9999.0000	-9999.0000	-9999.0000	-9999.0000	-9999.0000	20.4493	6	0	24.9794	1.0000	99	9	-9999.0000	11733	1678	-9999	2500	2376	-9999	275.7464	5	0.5416	0.5504	-0.0007	44.6983	2.2630	475.5803	473.3685	40.5556	488.0351	95.5787	475.3492	94.7685	478.7809	95.0000	484.7927	94.9306	
26/08/2017	00:41:34	011992	G523113022HLR	L523	S		434.5378	1.0292	6.7250	100.1374	40.0172	0.8430	0.8278	5.0000	19.2688	508.0830	94.8843	14.3999	24.9000	0.9300	0.9507	0.5501	-0.0007	508.0000	511.7641	1.0275	8.9462	99.9405	39.8000	0.8230	0.8270	5.0000	-9999.0000	-9999.0000	-9999.0000	-9999.0000	-9999.0000	-9999.0000	19.5515	7	0	24.9191	1.0000	99	9	-9999.0000	11734	1679	-9999	2501	2377	-9999	274.4534	5	0.5412	0.5501	-0.0007	43.5237	2.3531	467.7694	471.4733	39.1435	460.6054	95.7407	467.5570	94.9306	467.0655	95.1157	471.1136	94.9537	
26/08/2017	00:41:59	011992	G523113018HLR	L523	S		487.8328	1.0292	0.4550	100.1530	39.5764	0.8430	0.8275	5.0000	18.7493	0.0000	0.0000	0.0000	0.0000	0.9300	0.0000	0.0000	0.0000	0.0000	507.7731	1.0275	9.3641	99.9954	40.0000	0.8230	0.8281	5.0000	-9999.0000	-9999.0000	-9999.0000	-9999.0000	-9999.0000	-9999.0000	19.3485	8	8	24.9287	1.0000	99	9	-9999.0000	11735	0	-9999	2502	2378	-9999	0.0000	0	0.0000	0.0000	0.0000	0.0000	0.0000	0.0000	0.0000	0.0000	0.0000	0.0000	0.0000	0.0000	0.0000	0.0000	0.0000	0.0000	
26/08/2017	00:42:24	011992	G523113026HLR	L523	S		436.3918	1.0292	6.5068	100.1098	39.8000	0.8430	0.8288	5.0000	18.6797	508.1012	94.8843	11.1695	25.1000	0.9300	0.9507	0.5512	-0.0008	508.0000	511.3880	1.0275	8.9855	100.1731	40.1817	0.8230	0.8274	5.0000	-9999.0000	-9999.0000	-9999.0000	-9999.0000	-9999.0000	-9999.0000	21.0291	1	0	24.8790	1.0000	99	9	-9999.0000	11736	1680	-9999	2503	2379	-9999	275.4752	5	0.5398	0.5512	-0.0008	42.4052	2.3987	471.6495	435.5009	37.9398	470.2796	95.0000	471.0940	94.0741	474.7734	94.9769	481.1842	94.9537	
26/08/2017	00:42:49	011992	G523112797HLR	L523	S		440.0427	1.0292	6.0773	100.1674	40.2168	0.8430	0.8290	5.0000	18.8398	508.1071	94.8843	11.6197	24.9000	0.9300	0.9509	0.5524	-0.0009	508.0000	510.1484	1.0275	9.1154	99.9327	40.0878	0.8230	0.8272	5.0000	-9999.0000	-9999.0000	-9999.0000	-9999.0000	-9999.0000	-9999.0000	19.1690	2	0	24.8898	1.0000	99	9	-9999.0000	11737	1681	-9999	2504	2380	-9999	275.4585	5	0.5400	0.5524	-0.0009	41.9650	2.4185	475.5733	436.3091	37.2454	470.3953	95.3935	474.5481	94.6296	483.6753	95.0231	483.5187	95.0231	
26/08/2017	00:43:14	011992	G523113134HLR	L523	S		438.8298	1.0292	6.2200	100.0199	40.1074	0.8430	0.8281	5.0000	18.3324	508.0850	94.8611	11.8892	24.9000	0.9300	0.9508	0.5518	-0.0009	508.0000	511.9819	1.0275	8.9234	99.8538	39.8573	0.8230	0.8265	5.0000	-9999.0000	-9999.0000	-9999.0000	-9999.0000	-9999.0000	-9999.0000	19.4992	3	0	24.9589	1.0000	99	9	-9999.0000	11738	1682	-9999	2505	2381	-9999	275.1094	5	0.5393	0.5518	-0.0009	41.5196	2.4549	472.9462	442.0452	37.7315	485.2611	95.3935	472.4022	94.8843	473.9570	95.0926	479.1185	94.8843	
26/08/2017	00:43:38	011992	G523113147HLR	L523	S		433.6734	1.0292	6.8267	99.9979	39.6453	0.8430	0.8273	5.0000	20.6285	508.1403	94.8380	13.7798	24.8000	0.9300	0.9508	0.5518	-0.0009	508.0000	512.5631	1.0275	8.8625	99.8176	39.8349	0.8230	0.8273	5.0000	-9999.0000	-9999.0000	-9999.0000	-9999.0000	-9999.0000	-9999.0000	19.3663	4	0	24.9189	1.0000	99	9	-9999.0000	11739	1683	-9999	2506	2382	-9999	274.3304	5	0.5393	0.5518	-0.0009	41.5196	2.4549	473.3371	460.7198	38.9352	472.5742	95.5324	473.9275	94.7685	469.4649	95.1389	474.6109	95.0694	
26/08/2017	00:44:04	011992	G523113127HLR	L523	S		432.5874	1.0292	6.9544	100.0907	39.7000	0.8430	0.8285	5.0000	18.4285	508.0774	94.8611	13.9995	24.7000	0.9300	0.9509	0.5505	-0.0008	508.0000	512.7505	1.0275	8.8429	99.9760	40.1000	0.8230	0.8281	5.0000	-9999.0000	-9999.0000	-9999.0000	-9999.0000	-9999.0000	-9999.0000	19.6580	5	0	25.0879	1.0000	99	9	-9999.0000	11739	1684	-9999	2507	2383	-9999	274.0488	5	0.5391	0.5505	-0.0008	47.5159	2.1008	460.6015	447.0088	35.7407	480.3280	96.2269	459.4619	95.3472	464.7618	95.1852	469.8487	94.8380	
26/08/2017	00:44:29	011992	G523113136HLR	L523	S		432.5751	1.0292	6.9559	100.1605	40.1150	0.8430	0.8291	5.0000	18.6796	508.0736	94.8380	13.9399	24.7000	0.9300	0.9509	0.5488	-0.0007	508.0000	512.1353	1.0275	8.9073	99.9627	40.2000	0.8230	0.8279	5.0000	-9999.0000	-9999.0000	-9999.0000	-9999.0000	-9999.0000	-9999.0000	19.2884	6	0	24.9905	1.0000	99	9	-9999.0000	11740	1685	-9999	2507	2384	-9999	273.8846	5	0.5388	0.5488	-0.0007	47.6776	2.0891	466.1351	443.0632	36.0417	470.5749	96.1343	468.1497	95.2546	466.1260	95.2315	470.2326	94.9537	
26/08/2017	00:44:53	011992	G523113120HLR	L523	S		434.8910	1.0292	6.6834	100.0348	40.1503	0.8430	0.8282	5.0000	18.6300	508.0652	94.8380	14.1801	24.7000	0.9300	0.9509	0.5463	-0.0006	508.0000	511.5186	1.0275	8.9719	99.8546	40.0359	0.8230	0.8268	5.0000	-9999.0000	-9999.0000	-9999.0000	-9999.0000	-9999.0000	-9999.0000	19.3488	7	0	24.7384	1.0000	99	9	-9999.0000	11741	1686	-9999	2508	2385	-9999	273.5725	5	0.5383	0.5463	-0.0006	43.1583	2.3632	461.8211	466.3643	36.9676	473.4757	96.0185	461.1783	95.0694	466.3099	95.0926	471.4418	95.0694	
26/08/2017	00:45:18	011992	G523113208HLR	L523	S		433.1641	1.0292	6.8866	100.1559	39.7926	0.8430	0.8276	5.0000	19.2061	508.0785	94.8148	13.4292	24.7000	0.9300	0.9509	0.5468	-0.0006	508.0000	510.7966	1.0275	9.0475	99.9753	39.8064	0.8230	0.8266	5.0000	-9999.0000	-9999.0000	-9999.0000	-9999.0000	-9999.0000	-9999.0000	19.4368	8	0	24.8897	1.0000	99	9	-9999.0000	11742	1687	-9999	2508	2386	-9999	273.5840	5	0.5380	0.5468	-0.0006	46.4210	2.1801	461.8687	451.2510	38.0556	458.9233	95.6713	461.3153	94.6296	466.9691	95.0000	473.7817	95.1620	
26/08/2017	00:45:43	011992	G523113123HLR	L523	S		433.3227	1.0292	6.8679	100.0063	39.7094	0.8430	0.8282	5.0000	18.4895	508.0857	94.8843	13.4292	24.7000	0.9300	0.9509	0.5484	-0.0008	508.0000	510.4573	1.0275	9.0830	99.9612	39.9287	0.8230	0.8278	5.0000	-9999.0000	-9999.0000	-9999.0000	-9999.0000	-9999.0000	-9999.0000	19.0284	1	0	24.9484	1.0000	99	9	-9999.0000	11743	1688	-9999	2509	2387	-9999	273.3860	5	0.5377	0.5484	-0.0008	47.4823	2.1251	459.9775	479.4603	37.0833	460.7908	96.2500	459.3394	95.3704	465.4064	95.0000	470.1566	94.8611	
26/08/2017	00:47:01	011992	G523113176HLR	L523	S		0.0000	0.0000	0.0000	0.0000	0.0000	0.8430	0.0000	0.0000	0.0000	0.0000	0.0000	0.0000	0.0000	0.9300	0.0000	0.0000	0.0000	0.0000	0.0000	0.0000	0.0000	0.0000	0.0000	0.8230	0.0000	0.0000	0.0000	0.0000	0.0000	0.0000	0.0000	0.0000	0.0000	0	42	24.9484	1.0000	99	9	0.0000	0	0	0	0	0	0	0.0000	0	0.0000	0.0000	0.0000	0.0000	0.0000	0.0000	0.0000	0.0000	0.0000	0.0000	0.0000	0.0000	0.0000	0.0000	0.0000	0.0000	
26/08/2017	00:47:20	011992	G523113124HLR	L523	S		436.9131	1.0292	6.4455	99.9850	40.0114	0.8430	0.8289	5.0000	18.9690	508.0568	94.8611	13.0298	24.7000	0.9300	0.9509	0.5472	-0.0007	508.0000	511.7516	1.0275	8.9475	99.9042	40.2000	0.8230	0.8279	5.0000	-9999.0000	-9999.0000	-9999.0000	-9999.0000	-9999.0000	-9999.0000	19.9586	2	0	96.4770	1.0000	99	9	-9999.0000	11744	1689	-9999	2509	2388	-9999	273.1473	5	0.5371	0.5472	-0.0007	47.9752	2.1126	472.6826	438.3670	37.5694	463.6045	95.6713	473.6627	95.0694	473.3602	95.0463	477.0187	95.0463	
26/08/2017	00:47:45	011992	G523113193HLR	L523	S		437.2952	1.0292	6.4006	100.1884	40.1305	0.8430	0.8282	5.0000	19.5088	508.1126	94.8611	13.1089	24.8000	0.9300	0.9509	0.5596	-0.0017	508.0000	510.7030	1.0275	9.0573	100.0077	40.1760	0.8230	0.8274	5.0000	-9999.0000	-9999.0000	-9999.0000	-9999.0000	-9999.0000	-9999.0000	19.4187	3	0	25.0787	1.0000	99	9	-9999.0000	11745	1690	-9999	2510	2389	-9999	272.8096	5	0.5370	0.5596	-0.0017	45.4673	2.3043	456.3446	452.8105	38.0787	457.8407	96.0880	455.7915	95.1157	460.7943	95.0694	467.7174	95.0926	
26/08/2017	00:48:10	011992	G523113198HLR	L523	S		445.0563	1.0292	5.4875	100.0190	39.8525	0.8430	0.8277	5.0000	18.4077	508.0911	94.9769	9.5299	24.9000	0.9300	0.9510	0.5532	-0.0013	508.0000	512.2613	1.0275	8.8941	100.1331	40.0830	0.8230	0.8274	5.0000	-9999.0000	-9999.0000	-9999.0000	-9999.0000	-9999.0000	-9999.0000	19.6865	4	0	24.9686	1.0000	99	9	-9999.0000	11746	1691	-9999	2510	2390	-9999	274.7702	5	0.5371	0.5532	-0.0013	40.4258	2.7095	481.8310	444.5994	36.8287	465.2095	95.7639	482.1652	94.8611	483.8932	94.9769	487.9866	94.9769	
26/08/2017	00:48:35	011992	G523109912HLR	L523	S		452.6469	1.0292	4.5945	100.2121	39.7503	0.8430	0.8281	5.0000	18.8395	508.1193	94.9306	4.0897	25.0000	0.9300	0.9510	0.5532	-0.0013	508.0000	498.5007	1.0275	9.6953	99.9586	39.9000	0.8230	0.8271	5.0000	-9999.0000	-9999.0000	-9999.0000	-9999.0000	-9999.0000	-9999.0000	19.5292	5	1	24.8694	1.0000	99	9	-9999.0000	11747	1692	-9999	2511	2391	-9999	278.4727	5	0.5363	0.5532	-0.0013	49.5812	2.0477	501.2689	472.1181	38.2639	491.7899	95.4167	500.0945	94.7685	507.3716	94.9074	0.0000	0.0000	
26/08/2017	00:49:00	011992	G523113113HLR	L523	S		433.7459	1.0292	6.8181	99.9902	40.0000	0.8430	0.8287	5.0000	19.2398	508.1086	94.9074	13.4399	24.9000	0.9300	0.9509	0.5532	-0.0013	508.0000	511.1024	1.0275	9.0155	99.8968	39.9000	0.8230	0.8276	5.0000	-9999.0000	-9999.0000	-9999.0000	-9999.0000	-9999.0000	-9999.0000	19.2994	6	0	24.9395	1.0000	99	9	-9999.0000	11748	1693	-9999	2511	2392	-9999	272.1877	5	0.5361	0.5532	-0.0013	29.6102	3.5512	466.2383	465.5762	38.4954	475.0483	95.7176	467.1585	95.5556	466.0213	94.9537	468.0420	94.8611	
26/08/2017	00:49:24	011992	G523113189HLR	L523	S		430.5979	1.0292	7.1885	100.0362	40.1287	0.8430	0.8284	5.0000	18.3694	508.0827	94.9537	12.1597	25.1000	0.9300	0.9510	0.5516	-0.0012	508.0000	508.2117	1.0275	9.3181	100.1647	40.1000	0.8230	0.8281	5.0000	-9999.0000	-9999.0000	-9999.0000	-9999.0000	-9999.0000	-9999.0000	19.3784	7	0	24.7891	1.0000	99	9	-9999.0000	11749	1694	-9999	2512	2393	-9999	272.8993	5	0.5356	0.5516	-0.0012	31.1303	3.4073	464.1475	447.8853	35.9028	475.1609	95.5556	463.9799	94.9306	468.0473	95.1389	472.5400	94.7917	
26/08/2017	00:49:49	011992	G523111302HLR	L523	S		441.5424	1.0292	5.9009	100.0673	39.9459	0.8430	0.8284	5.0000	18.3558	508.1135	94.8843	9.0797	25.1000	0.9300	0.9511	0.5405	-0.0004	508.0000	504.8398	1.0275	9.6712	100.1149	40.1415	0.8230	0.8278	5.0000	-9999.0000	-9999.0000	-9999.0000	-9999.0000	-9999.0000	-9999.0000	19.2283	8	0	24.9989	1.0000	99	9	-9999.0000	11749	1695	-9999	2512	2394	-9999	272.8329	5	0.5352	0.5405	-0.0004	41.3964	2.6722	483.7111	458.3534	36.8750	491.9545	95.4398	483.0944	94.6528	487.7639	95.0463	494.3775	94.9537	
26/08/2017	00:50:14	011992	G523109913HLR	L523	S		445.0796	1.0292	5.4847	100.0366	39.8455	0.8430	0.8283	5.0000	18.5197	508.1071	94.9074	6.3699	25.2000	0.9300	0.9509	0.5393	-0.0003	508.0000	500.9922	1.0275	9.9326	99.9606	39.9970	0.8230	0.8270	5.0000	-9999.0000	-9999.0000	-9999.0000	-9999.0000	-9999.0000	-9999.0000	19.4285	1	1	24.8986	1.0000	99	9	-9999.0000	11750	1696	-9999	2513	2395	-9999	273.0295	5	0.5368	0.5393	-0.0003	33.8893	3.2079	502.3356	472.4903	38.6806	499.6095	95.1389	502.8236	94.6991	504.4609	95.1389	505.8746	94.8611	
26/08/2017	00:50:39	011992	G523112737HLR	L523	S		435.5562	1.0292	6.6052	100.1268	39.9116	0.8430	0.8285	5.0000	18.8499	508.0525	94.9074	12.5093	24.9000	0.9300	0.9508	0.5396	-0.0004	508.0000	506.3170	1.0275	9.5165	100.0280	39.8713	0.8230	0.8268	5.0000	-9999.0000	-9999.0000	-9999.0000	-9999.0000	-9999.0000	-9999.0000	19.8915	2	0	24.9395	1.0000	99	9	-9999.0000	11751	1697	-9999	2513	2396	-9999	271.8445	5	0.5365	0.5396	-0.0004	34.0117	3.1940	470.3421	446.9851	35.3472	469.6143	95.5093	469.6389	95.0000	475.4614	95.0231	479.2646	94.8611	
26/08/2017	00:51:17	011992	G523112726HLR	L523	S		433.0173	1.0292	6.9038	100.1226	39.9745	0.8430	0.8284	5.0000	18.6389	508.0586	94.8611	12.2095	24.9000	0.9300	0.9509	0.5411	-0.0005	508.0000	507.1464	1.0275	9.4297	99.9606	39.9671	0.8230	0.8276	5.0000	-9999.0000	-9999.0000	-9999.0000	-9999.0000	-9999.0000	-9999.0000	19.5388	3	0	37.5679	1.0000	99	9	-9999.0000	11752	1698	-9999	2514	2397	-9999	272.0508	5	0.5367	0.5411	-0.0005	35.6608	3.0835	475.1269	442.2734	36.2269	474.5011	95.1157	475.7733	94.3056	474.1605	94.8611	479.2149	95.0000	
26/08/2017	00:51:42	011992	G523112735HLR	L523	S		433.2468	1.0292	6.8768	100.0099	39.8703	0.8430	0.8280	5.0000	19.4908	508.0621	94.8843	12.5493	24.8000	0.9300	0.9509	0.5476	-0.0010	508.0000	508.1444	1.0275	9.3252	99.9680	40.1000	0.8230	0.8278	5.0000	-9999.0000	-9999.0000	-9999.0000	-9999.0000	-9999.0000	-9999.0000	19.7189	4	0	24.9199	1.0000	99	9	-9999.0000	11753	1699	-9999	2515	2398	-9999	272.0976	5	0.5373	0.5476	-0.0010	35.3244	3.0963	472.0815	444.3811	37.8241	476.9217	95.7407	473.2753	95.0231	483.9581	95.0231	481.2673	94.9537	
26/08/2017	00:52:31	011992	G523113150HLR	L523	S		434.9900	1.0292	6.6718	100.1314	39.9180	0.8430	0.8285	5.0000	18.8097	508.1463	94.8611	12.1402	24.9000	0.9300	0.9508	0.5531	-0.0014	508.0000	507.7017	1.0275	9.3716	100.1787	40.0477	0.8230	0.8268	5.0000	-9999.0000	-9999.0000	-9999.0000	-9999.0000	-9999.0000	-9999.0000	19.7988	6	0	24.9288	1.0000	99	9	-9999.0000	11754	1700	-9999	2517	2399	-9999	272.4327	5	0.5383	0.5531	-0.0014	35.5341	3.0664	471.0919	434.2786	38.0093	479.6766	95.5787	472.5843	95.0231	474.8808	95.1852	476.1755	94.9769	
26/08/2017	00:52:57	011992	G523113132HLR	L523	S		435.0202	1.0292	6.6682	100.1097	40.0038	0.8430	0.8283	5.0000	18.9993	508.0935	94.9074	13.4497	24.8000	0.9300	0.9510	0.5537	-0.0015	508.0000	508.6015	1.0275	9.2773	100.2290	39.7470	0.8230	0.8266	5.0000	-9999.0000	-9999.0000	-9999.0000	-9999.0000	-9999.0000	-9999.0000	19.2228	7	0	25.0792	1.0000	99	9	-9999.0000	11755	1701	-9999	2518	2400	-9999	271.3447	5	0.5384	0.5537	-0.0015	35.5195	3.0791	460.8242	438.9469	37.6389	466.8569	95.7870	459.8558	95.0694	465.4505	95.1852	470.4878	94.9074	
26/08/2017	00:53:22	011992	G523113130HLR	L523	S		430.9272	1.0292	7.1497	100.0359	39.8737	0.8430	0.8280	5.0000	18.6498	508.1482	94.8843	13.6997	24.8000	0.9300	0.9508	0.5541	-0.0015	508.0000	509.5169	1.0275	9.1815	99.9831	39.8754	0.8230	0.8279	5.0000	-9999.0000	-9999.0000	-9999.0000	-9999.0000	-9999.0000	-9999.0000	19.4643	8	0	24.9493	1.0000	99	9	-9999.0000	11755	1702	-9999	2519	2401	-9999	271.3157	5	0.5385	0.5541	-0.0015	35.1480	3.1326	456.4978	433.5977	36.5046	458.0244	95.8796	456.3124	95.0000	459.8404	95.1620	464.7365	94.9306	
26/08/2017	00:53:46	011992	G523113142HLR	L523	S		437.0148	1.0292	6.4336	100.1314	39.9182	0.8430	0.8284	5.0000	18.7492	508.1101	94.9074	10.6998	24.7000	0.9300	0.9510	0.5541	-0.0015	508.0000	508.6066	1.0275	9.2768	99.9475	40.2904	0.8230	0.8287	5.0000	-9999.0000	-9999.0000	-9999.0000	-9999.0000	-9999.0000	-9999.0000	19.5485	1	0	24.8994	1.0000	99	9	-9999.0000	11756	1703	-9999	2520	2402	-9999	273.5354	5	0.5385	0.5541	-0.0015	35.1480	3.1326	478.7354	440.3218	36.7824	471.2885	95.5324	478.1722	95.0000	483.0085	95.1852	484.1165	94.9306	
26/08/2017	00:54:12	011992	G523114868HLR	L523	S		438.4659	1.0292	6.2628	100.0327	39.9445	0.8430	0.8283	5.0000	18.4928	508.0865	94.8380	11.7291	24.7000	0.9300	0.9509	0.5543	-0.0015	508.0000	507.4301	1.0275	9.4000	99.9735	40.2754	0.8230	0.8274	5.0000	-9999.0000	-9999.0000	-9999.0000	-9999.0000	-9999.0000	-9999.0000	19.6301	2	0	25.2662	1.0000	11	2	-9999.0000	11757	1704	-9999	2520	2403	-9999	272.9017	5	0.5387	0.5543	-0.0015	34.4216	3.2245	464.8730	473.0474	38.1481	459.6882	95.9722	464.2455	95.3472	470.0520	95.2778	475.2544	94.9074	
26/08/2017	00:54:37	011992	G523114880HLR	L523	S		437.2183	1.0292	6.4096	100.0146	39.9178	0.8430	0.8282	5.0000	18.8498	508.0848	94.7454	11.9995	24.7000	0.9300	0.9509	0.5549	-0.0015	508.0000	507.5762	1.0275	9.3847	99.9218	39.9224	0.8230	0.8262	5.0000	-9999.0000	-9999.0000	-9999.0000	-9999.0000	-9999.0000	-9999.0000	19.7112	3	0	24.9517	1.0000	11	2	-9999.0000	11758	1705	-9999	2521	2404	-9999	272.6239	5	0.5384	0.5549	-0.0015	34.6639	3.1350	465.3319	448.0321	38.0324	483.5154	95.8102	464.4844	95.2083	470.3949	95.1620	474.9853	94.8380	
26/08/2017	00:55:02	011992	G523114912HLR	L523	S		437.1110	1.0292	6.4222	100.0798	39.8910	0.8430	0.8282	5.0000	19.1056	508.0925	94.8380	12.3296	24.6000	0.9300	0.9509	0.5556	-0.0016	508.0000	510.0843	1.0275	9.1221	99.9295	39.7192	0.8230	0.8266	5.0000	-9999.0000	-9999.0000	-9999.0000	-9999.0000	-9999.0000	-9999.0000	19.3338	4	0	24.9894	1.0000	11	2	-9999.0000	11759	1706	-9999	2521	2405	-9999	272.2637	5	0.5364	0.5556	-0.0016	35.6711	3.1038	477.8693	453.5861	38.7963	469.4288	95.9954	478.3660	95.1620	473.2174	95.2315	473.6390	95.0000	
26/08/2017	00:55:26	011992	G523113183HLR	L523	S		387.9098	1.0292	9.5380	100.0323	39.9146	0.8430	0.8284	5.0000	18.4592	0.0000	0.0000	0.0000	0.0000	0.9300	0.0000	0.0000	0.0000	0.0000	392.2858	1.0275	0.0000	99.9519	39.8000	0.8230	0.8279	5.0000	-9999.0000	-9999.0000	-9999.0000	-9999.0000	-9999.0000	-9999.0000	20.0294	5	7	24.8789	1.0000	99	9	-9999.0000	11760	0	-9999	2522	2406	-9999	0.0000	0	0.0000	0.0000	0.0000	0.0000	0.0000	0.0000	0.0000	0.0000	0.0000	0.0000	0.0000	0.0000	0.0000	0.0000	0.0000	0.0000	
26/08/2017	00:55:51	011992	G523114899HLR	L523	S		432.8301	1.0292	6.9259	100.0560	39.9317	0.8430	0.8283	5.0000	18.5500	508.0762	94.8843	13.8794	24.7000	0.9300	0.9509	0.5548	-0.0015	508.0000	509.2678	1.0275	9.2076	99.9549	40.3832	0.8230	0.8289	5.0000	-9999.0000	-9999.0000	-9999.0000	-9999.0000	-9999.0000	-9999.0000	19.2088	6	0	24.8888	1.0000	11	2	-9999.0000	11761	1707	-9999	2522	2407	-9999	271.1254	5	0.5370	0.5548	-0.0015	38.7051	2.7757	456.0216	452.8128	39.8148	468.2909	95.9028	455.4393	95.6250	460.7930	94.9769	464.1461	94.7222	
26/08/2017	00:56:16	011992	G523114891HLR	L523	S		437.8590	1.0292	6.3342	100.0735	39.9234	0.8430	0.8282	5.0000	18.5890	508.0617	94.8611	12.2603	24.6000	0.9300	0.9510	0.5555	-0.0016	508.0000	509.0389	1.0275	9.2315	100.0610	40.3253	0.8230	0.8276	5.0000	-9999.0000	-9999.0000	-9999.0000	-9999.0000	-9999.0000	-9999.0000	18.9692	7	0	24.8097	1.0000	11	2	-9999.0000	11762	1708	-9999	2523	2408	-9999	272.4007	5	0.5367	0.5555	-0.0016	39.3247	2.7125	473.7735	443.7771	37.9167	472.8521	95.7176	474.3728	95.0463	473.2061	95.2315	474.4241	94.9769	
26/08/2017	00:56:41	011992	G523114867HLR	L523	S		438.9042	1.0292	6.2113	100.1394	39.8623	0.8430	0.8280	5.0000	20.1139	508.1520	94.8611	11.0894	24.6000	0.9300	0.9509	0.5682	-0.0026	508.0000	508.6372	1.0275	9.2736	100.0152	39.9667	0.8230	0.8262	5.0000	-9999.0000	-9999.0000	-9999.0000	-9999.0000	-9999.0000	-9999.0000	19.1383	8	0	24.9091	1.0000	11	2	-9999.0000	11762	1709	-9999	2523	2409	-9999	274.1609	5	0.5358	0.5682	-0.0026	46.5977	2.1281	471.3781	437.0068	37.2917	448.8696	95.7176	469.9327	94.9074	475.4912	94.9537	482.1319	94.8843	
26/08/2017	00:57:06	011992	G523114866HLR	L523	S		440.0419	1.0292	6.0774	100.0492	39.8729	0.8430	0.8281	5.0000	19.5891	508.0779	94.8611	10.9293	24.5000	0.9300	0.9510	0.5682	-0.0026	508.0000	511.4143	1.0275	8.9828	100.2754	39.7000	0.8230	0.8264	5.0000	-9999.0000	-9999.0000	-9999.0000	-9999.0000	-9999.0000	-9999.0000	19.0388	1	0	25.0191	1.0000	11	2	-9999.0000	11763	1710	-9999	2524	2410	-9999	274.3302	5	0.5358	0.5682	-0.0026	46.5977	2.1281	472.8107	436.6268	38.1250	467.1684	95.2083	474.2361	94.6528	475.7640	94.9537	477.3753	94.9306	
26/08/2017	00:57:31	011992	G523114897HLR	L523	S		440.2109	1.0292	6.0575	100.0248	39.9573	0.8430	0.8284	5.0000	18.4896	508.0657	94.8148	11.4996	24.5000	0.9300	0.9510	0.5675	-0.0025	508.0000	509.9641	1.0275	9.1346	100.0792	39.9349	0.8230	0.8279	5.0000	-9999.0000	-9999.0000	-9999.0000	-9999.0000	-9999.0000	-9999.0000	19.6687	2	0	24.9885	1.0000	11	2	-9999.0000	11764	1711	-9999	2525	2411	-9999	273.5127	5	0.5354	0.5675	-0.0025	46.1201	2.1898	465.6287	429.5522	37.2454	450.5783	95.4630	465.1793	94.7454	467.0939	95.1389	471.8802	95.0926	
26/08/2017	00:58:05	011992	G523114886HLR	L523	S		437.5820	1.0292	6.3668	99.9753	39.9675	0.8430	0.8282	5.0000	18.5597	508.1012	94.8148	11.6295	24.5000	0.9300	0.9511	0.5598	-0.0020	508.0000	510.1270	1.0275	9.1176	99.9704	40.3000	0.8230	0.8287	5.0000	-9999.0000	-9999.0000	-9999.0000	-9999.0000	-9999.0000	-9999.0000	19.2088	3	0	33.8884	1.0000	11	2	-9999.0000	11765	1712	-9999	2526	2412	-9999	272.8786	5	0.5352	0.5598	-0.0020	44.1846	2.3167	467.9498	435.3647	36.1343	476.1071	95.3472	469.8550	94.7917	467.3166	95.0463	472.6300	94.9074	
26/08/2017	00:58:30	011992	G523114883HLR	L523	S		440.1135	1.0292	6.0690	100.1042	39.8545	0.8430	0.8280	5.0000	19.2093	508.1102	94.9074	10.7301	24.5000	0.9300	0.9510	0.5617	-0.0021	508.0000	509.9563	1.0275	9.1355	99.9344	40.2822	0.8230	0.8275	5.0000	-9999.0000	-9999.0000	-9999.0000	-9999.0000	-9999.0000	-9999.0000	19.2906	4	0	24.9686	1.0000	11	2	-9999.0000	11765	1713	-9999	2527	2413	-9999	273.9535	5	0.5356	0.5617	-0.0021	44.3653	2.2850	465.7464	428.9717	36.0880	466.4963	95.4861	466.4065	94.7917	470.0238	95.0000	476.5405	94.9074	
26/08/2017	00:58:55	011992	G523114894HLR	L523	S		439.1937	1.0292	6.1772	100.1629	39.8713	0.8430	0.8283	5.0000	18.7702	508.1331	94.8380	11.6295	24.5000	0.9300	0.9510	0.5586	-0.0019	508.0000	508.6960	1.0275	9.2674	100.2217	39.8932	0.8230	0.8264	5.0000	-9999.0000	-9999.0000	-9999.0000	-9999.0000	-9999.0000	-9999.0000	19.3235	5	0	25.0390	1.0000	11	2	-9999.0000	11766	1714	-9999	2528	2414	-9999	272.7650	5	0.5356	0.5586	-0.0019	47.4589	2.0427	472.5626	431.4954	35.7870	468.9548	95.4398	472.2095	94.6991	470.8687	95.0231	477.0790	94.9306	
26/08/2017	00:59:20	011992	G523114892HLR	L523	S		436.9906	1.0292	6.4364	100.1443	40.0084	0.8430	0.8285	5.0000	18.6594	508.0481	94.8380	11.5894	24.5000	0.9300	0.9511	0.5585	-0.0019	508.0000	507.6112	1.0275	9.3810	100.2613	39.8000	0.8230	0.8271	5.0000	-9999.0000	-9999.0000	-9999.0000	-9999.0000	-9999.0000	-9999.0000	19.0894	6	0	25.2095	1.0000	11	2	-9999.0000	11766	1715	-9999	2529	2415	-9999	272.6615	5	0.5359	0.5585	-0.0019	43.9278	2.3384	464.4984	437.9759	37.3611	461.5616	95.6713	465.2478	94.9074	466.7887	94.9306	472.4884	94.8843	
26/08/2017	00:59:45	011992	G523114865HLR	L523	S		441.0003	1.0292	5.9647	100.0616	40.0082	0.8430	0.8282	5.0000	18.8041	508.0412	94.9769	22.9093	24.4000	0.9300	0.9510	0.5564	-0.0017	508.0000	527.2772	1.0275	7.3218	99.9822	40.0992	0.8230	0.8283	5.0000	-9999.0000	-9999.0000	-9999.0000	-9999.0000	-9999.0000	-9999.0000	19.4185	7	2	24.7994	1.0000	11	2	-9999.0000	11767	1716	-9999	2530	2416	-9999	262.2029	5	0.5360	0.5564	-0.0017	48.2033	1.9547	394.5771	435.6046	36.3194	394.2572	97.6157	388.8332	96.6435	395.6016	95.0231	398.7788	94.5139	
26/08/2017	01:00:10	011992	G523114864HLR	L523	S		437.1068	1.0292	6.4227	100.1197	39.8533	0.8430	0.8280	5.0000	18.6694	508.2228	94.9074	11.8794	24.5000	0.9300	0.9510	0.5564	-0.0017	508.0000	509.8650	1.0275	9.1450	100.0048	40.3000	0.8230	0.8283	5.0000	-9999.0000	-9999.0000	-9999.0000	-9999.0000	-9999.0000	-9999.0000	19.2890	8	0	24.9193	1.0000	11	2	-9999.0000	11767	1716	-9999	2531	2417	-9999	272.4731	5	0.5360	0.5564	-0.0017	48.2033	1.9547	469.9034	456.7340	37.1528	465.0686	94.0741	472.3420	93.1713	464.3635	94.9306	473.2004	95.1620	
26/08/2017	01:00:35	011992	G523114863HLR	L523	S		441.1653	1.0292	5.9453	100.1297	39.9617	0.8430	0.8284	5.0000	18.7728	508.0838	94.8843	11.2291	24.5000	0.9300	0.9510	0.5550	-0.0016	508.0000	508.9976	1.0275	9.2359	99.9656	40.1415	0.8230	0.8271	5.0000	-9999.0000	-9999.0000	-9999.0000	-9999.0000	-9999.0000	-9999.0000	19.2079	1	0	25.0279	1.0000	11	2	-9999.0000	11767	1717	-9999	2532	2418	-9999	272.7354	5	0.5359	0.5550	-0.0016	48.0602	1.9724	465.5010	467.3030	38.2870	478.4300	94.2361	465.5056	93.5648	468.3651	94.7222	476.6893	95.0231	
26/08/2017	01:01:00	011992	G523114159HLR	L523	S		438.9707	1.0292	6.2035	100.0221	39.9980	0.8430	0.8283	5.0000	18.6191	508.1398	94.8380	11.7095	24.6000	0.9300	0.9510	0.5562	-0.0017	508.0000	510.1297	1.0275	9.1173	99.9795	39.8721	0.8230	0.8264	5.0000	-9999.0000	-9999.0000	-9999.0000	-9999.0000	-9999.0000	-9999.0000	19.2087	2	0	24.9096	1.0000	11	2	-9999.0000	11768	1718	-9999	2533	2419	-9999	272.4158	5	0.5359	0.5562	-0.0017	47.4644	2.0330	466.0731	462.0942	36.5972	474.2787	94.3750	465.3808	93.6343	468.4349	94.6065	476.3517	95.0000	
26/08/2017	01:01:25	011992	G523114158HLR	L523	S		437.7860	1.0292	6.3428	100.0875	39.9192	0.8430	0.8281	5.0000	19.0278	508.0779	94.8380	11.8697	24.6000	0.9300	0.9511	0.5540	-0.0015	508.0000	509.0906	1.0275	9.2261	100.1463	39.8000	0.8230	0.8273	5.0000	-9999.0000	-9999.0000	-9999.0000	-9999.0000	-9999.0000	-9999.0000	19.0082	3	0	25.0993	1.0000	11	2	-9999.0000	11769	1719	-9999	2534	2420	-9999	272.2084	5	0.5356	0.5540	-0.0015	54.4074	1.4161	463.1366	459.4431	37.5231	473.0957	94.7454	462.6916	94.2130	468.3529	94.7454	475.1372	95.0694	
26/08/2017	01:01:51	011992	G523111232HLR	L523	S		435.2932	1.0292	6.6361	99.9978	39.9058	0.8430	0.8282	5.0000	18.5188	508.1777	94.8380	12.0796	24.6000	0.9300	0.9511	0.5736	-0.0032	508.0000	507.2747	1.0275	9.4163	100.1958	40.1318	0.8230	0.8283	5.0000	-9999.0000	-9999.0000	-9999.0000	-9999.0000	-9999.0000	-9999.0000	19.4585	4	0	25.2657	1.0000	11	2	-9999.0000	11770	1720	-9999	2535	2421	-9999	271.6347	5	0.5359	0.5736	-0.0032	55.5918	1.3221	449.5272	431.7239	38.0787	443.8291	95.0000	448.3711	94.3519	454.5278	94.7917	462.5846	94.9306	
26/08/2017	01:02:16	011992	G523114853HLR	L523	S		437.9471	1.0292	6.3239	99.9954	39.9513	0.8430	0.8284	5.0000	18.4207	508.1056	94.8843	10.9693	24.7000	0.9300	0.9511	0.5738	-0.0033	508.0000	507.5033	1.0275	9.3923	100.1901	40.3000	0.8230	0.8279	5.0000	-9999.0000	-9999.0000	-9999.0000	-9999.0000	-9999.0000	-9999.0000	19.5066	5	0	25.3147	1.0000	11	2	-9999.0000	11771	1721	-9999	2536	2422	-9999	273.2441	5	0.5359	0.5738	-0.0033	54.6675	1.3883	452.4398	432.4377	36.8056	457.0544	94.7917	451.4665	94.0509	459.0315	94.7917	471.0259	95.0463	
26/08/2017	01:02:41	011992	G523114854HLR	L523	S		432.7221	1.0292	6.9386	100.1071	40.0149	0.8430	0.8283	5.0000	18.7297	508.1135	94.9074	10.2994	24.7000	0.9300	0.9511	0.5581	-0.0020	508.0000	506.6343	1.0275	9.4833	100.2059	40.0934	0.8230	0.8269	5.0000	-9999.0000	-9999.0000	-9999.0000	-9999.0000	-9999.0000	-9999.0000	19.2595	6	0	25.2362	1.0000	11	2	-9999.0000	11772	1722	-9999	2537	2423	-9999	273.4402	5	0.5354	0.5581	-0.0020	54.7901	1.3833	471.4566	462.8473	36.9213	484.0320	95.0926	472.2959	94.4676	476.9004	94.7917	482.4732	95.0000	
26/08/2017	01:03:06	011992	G523114178HLR	L523	S		438.2704	1.0292	6.2858	100.1135	39.9242	0.8430	0.8281	5.0000	19.2332	508.0840	94.8148	11.5298	24.7000	0.9300	0.9511	0.5736	-0.0033	508.0000	507.3297	1.0275	9.4105	100.1136	39.8483	0.8230	0.8265	5.0000	-9999.0000	-9999.0000	-9999.0000	-9999.0000	-9999.0000	-9999.0000	19.3817	7	0	25.6189	1.0000	11	2	-9999.0000	11773	1723	-9999	2537	2424	-9999	272.2066	5	0.5352	0.5736	-0.0033	53.9130	1.4465	463.4010	422.9539	37.1991	458.3507	95.1389	462.4471	94.6528	463.8211	95.0231	468.4601	94.8843	
26/08/2017	01:03:33	011992	G523114179HLR	L523	S		439.7329	1.0292	6.1138	100.0191	39.9124	0.8430	0.8282	5.0000	18.4788	508.0658	94.8380	11.4097	24.7000	0.9300	0.9511	0.5729	-0.0032	508.0000	509.3584	1.0275	9.1981	100.2012	39.9000	0.8230	0.8273	5.0000	-9999.0000	-9999.0000	-9999.0000	-9999.0000	-9999.0000	-9999.0000	19.6739	8	0	26.0889	1.0000	11	2	-9999.0000	11774	1724	-9999	2538	2425	-9999	272.4157	5	0.5351	0.5729	-0.0032	55.3935	1.3603	467.7014	440.3463	36.9907	459.5603	95.3704	468.0836	94.4907	464.5995	94.8843	468.6452	95.0000	
26/08/2017	01:03:59	011992	G523114177HLR	L523	S		435.0712	1.0292	6.6622	100.0196	40.0088	0.8430	0.8284	5.0000	18.5862	508.0857	94.8148	11.8297	24.8000	0.9300	0.9510	0.5738	-0.0033	508.0000	507.9934	1.0275	9.3410	99.9626	40.2000	0.8230	0.8281	5.0000	-9999.0000	-9999.0000	-9999.0000	-9999.0000	-9999.0000	-9999.0000	19.8614	1	0	25.7998	1.0000	11	2	-9999.0000	11775	1725	-9999	2538	2426	-9999	271.8594	5	0.5355	0.5738	-0.0033	54.6750	1.3972	453.3441	423.7122	36.6435	448.4772	95.1852	452.8011	94.4444	458.5066	94.8611	466.5114	94.9537	
26/08/2017	01:04:26	011992	G523114166HLR	L523	S		436.4187	1.0292	6.5037	100.1018	40.0305	0.8430	0.8283	5.0000	18.6594	508.0736	94.7917	11.8296	24.7000	0.9300	0.9510	0.5745	-0.0033	508.0000	506.3558	1.0275	9.5125	100.0841	40.2555	0.8230	0.8275	5.0000	-9999.0000	-9999.0000	-9999.0000	-9999.0000	-9999.0000	-9999.0000	19.7568	2	0	26.7053	1.0000	11	2	-9999.0000	11776	1726	-9999	2539	2426	-9999	271.8901	5	0.5358	0.5745	-0.0033	53.1823	1.5001	459.7078	440.6505	36.8287	456.0692	95.6481	460.9092	95.0694	459.9577	95.1157	465.4452	94.9537	
26/08/2017	01:04:51	011992	G523114167HLR	L523	S		434.7559	1.0292	6.6993	100.0251	39.9316	0.8430	0.8281	5.0000	18.6327	508.1372	94.8380	13.2593	24.7000	0.9300	0.9510	0.5746	-0.0033	508.0000	507.1357	1.0275	9.4308	100.0538	39.9847	0.8230	0.8263	5.0000	-9999.0000	-9999.0000	-9999.0000	-9999.0000	-9999.0000	-9999.0000	20.4706	3	0	25.6824	1.0000	11	2	-9999.0000	11777	1727	-9999	2539	2427	-9999	269.5053	5	0.5358	0.5746	-0.0033	53.0727	1.5070	444.3670	422.5324	36.9676	444.1116	95.7870	443.6747	95.0694	448.9167	95.0926	455.5308	94.9306	
26/08/2017	01:05:16	011992	G523114198HLR	L523	S		439.3008	1.0292	6.1646	100.0379	39.9226	0.8430	0.8283	5.0000	18.5416	508.1585	94.8380	10.7096	24.8000	0.9300	0.9510	0.5741	-0.0033	508.0000	507.8014	1.0275	9.3611	100.0250	39.8479	0.8230	0.8268	5.0000	-9999.0000	-9999.0000	-9999.0000	-9999.0000	-9999.0000	-9999.0000	19.5330	4	0	25.4785	1.0000	11	2	-9999.0000	11778	1728	-9999	2540	2428	-9999	273.6509	5	0.5356	0.5741	-0.0033	53.6779	1.4535	455.7276	408.8328	35.4167	460.3248	95.1389	455.0026	94.2361	462.9663	94.8843	471.2642	95.0000	
26/08/2017	01:05:43	011992	G523114187HLR	L523	S		436.4646	1.0292	6.4983	100.0195	40.0110	0.8430	0.8283	5.0000	18.9857	508.0964	94.8148	11.9595	24.8000	0.9300	0.9509	0.5704	-0.0030	508.0000	506.4587	1.0275	9.5017	100.1894	40.0064	0.8230	0.8280	5.0000	-9999.0000	-9999.0000	-9999.0000	-9999.0000	-9999.0000	-9999.0000	19.2762	5	0	26.0375	1.0000	11	2	-9999.0000	11779	1729	-9999	2541	2429	-9999	271.6265	5	0.5359	0.5704	-0.0030	25.1631	3.9203	465.4686	394.2451	37.5463	438.5249	95.1620	463.9637	94.6991	465.9573	95.0926	468.5926	94.9074	
26/08/2017	01:06:08	011992	G523114188HLR	L523	S		437.9497	1.0292	6.3236	100.0170	39.9777	0.8430	0.8280	5.0000	19.9294	508.1572	94.8380	11.7291	24.7000	0.9300	0.9510	0.5670	-0.0027	508.0000	508.2778	1.0275	9.3112	100.1213	40.2000	0.8230	0.8279	5.0000	-9999.0000	-9999.0000	-9999.0000	-9999.0000	-9999.0000	-9999.0000	19.4273	6	0	25.9107	1.0000	11	2	-9999.0000	11780	1730	-9999	2541	2430	-9999	272.1583	5	0.5362	0.5670	-0.0027	32.2175	3.2875	461.2787	438.3110	37.8241	469.6695	95.5324	460.1022	94.6759	463.5534	94.9306	468.6881	94.9769	
26/08/2017	01:06:34	011992	G523114189HLR	L523	S		435.9279	1.0292	6.5614	99.9744	39.9250	0.8430	0.8281	5.0000	18.5891	508.1151	94.8380	12.0288	24.7000	0.9300	0.9509	0.5681	-0.0028	508.0000	508.1288	1.0275	9.3268	100.0897	40.1000	0.8230	0.8272	5.0000	-9999.0000	-9999.0000	-9999.0000	-9999.0000	-9999.0000	-9999.0000	19.3646	7	0	25.9192	1.0000	11	2	-9999.0000	11781	1731	-9999	2542	2430	-9999	271.7826	5	0.5357	0.5681	-0.0028	66.0766	0.4276	465.2358	425.9295	37.7778	459.6650	95.4861	467.4549	95.0000	461.6168	95.0463	466.8675	94.9306	
26/08/2017	01:07:00	011992	G523114169HLR	L523	S		438.2045	1.0292	6.2936	100.0303	39.9253	0.8430	0.8281	5.0000	20.1430	508.1126	94.8380	12.1500	24.7000	0.9300	0.9510	0.5691	-0.0028	508.0000	506.4941	1.0275	9.4980	100.1112	39.9192	0.8230	0.8268	5.0000	-9999.0000	-9999.0000	-9999.0000	-9999.0000	-9999.0000	-9999.0000	19.1433	8	0	25.8396	1.0000	11	2	-9999.0000	11781	1732	-9999	2542	2431	-9999	271.7292	5	0.5362	0.5691	-0.0028	51.3023	1.6407	452.1604	440.3207	36.5741	447.3809	95.5324	451.3396	94.5139	457.9016	94.8611	465.4337	95.0000	
26/08/2017	01:07:25	011992	G523114172HLR	L523	S		436.5823	1.0292	6.4844	100.0527	39.9956	0.8430	0.8283	5.0000	18.8182	508.1368	94.8611	14.1597	24.7000	0.9300	0.9510	0.5679	-0.0027	508.0000	510.3461	1.0275	9.0946	99.9678	39.9000	0.8230	0.8272	5.0000	-9999.0000	-9999.0000	-9999.0000	-9999.0000	-9999.0000	-9999.0000	19.6935	1	0	25.2588	1.0000	11	2	-9999.0000	11782	1733	-9999	2543	2431	-9999	269.1040	5	0.5364	0.5679	-0.0027	52.3956	1.5198	448.8789	445.0330	39.1898	450.1572	96.0417	448.2484	95.3241	455.0681	95.2546	460.0699	94.8843	
26/08/2017	01:07:50	011992	G523114181HLR	L523	S		435.2723	1.0292	6.6386	100.0313	39.9898	0.8430	0.8282	5.0000	18.5633	508.1319	94.8380	11.4996	24.7000	0.9300	0.9510	0.5689	-0.0028	508.0000	506.7187	1.0275	9.4745	100.1119	40.1000	0.8230	0.8279	5.0000	-9999.0000	-9999.0000	-9999.0000	-9999.0000	-9999.0000	-9999.0000	19.3788	2	0	25.1791	1.0000	11	2	-9999.0000	11782	1734	-9999	2543	2432	-9999	272.8243	5	0.5364	0.5689	-0.0028	53.5734	1.4009	465.2835	417.7629	36.6898	466.7055	95.7870	464.1254	95.0694	467.3253	95.1157	472.0622	94.8843	
26/08/2017	01:08:16	011992	G523114171HLR	L523	S		438.3932	1.0292	6.2714	100.0480	39.9380	0.8430	0.8282	5.0000	19.1151	508.0768	94.8380	12.0493	24.7000	0.9300	0.9509	0.5691	-0.0028	508.0000	508.3518	1.0275	9.3035	100.2139	40.1317	0.8230	0.8276	5.0000	-9999.0000	-9999.0000	-9999.0000	-9999.0000	-9999.0000	-9999.0000	19.2103	3	0	25.6591	1.0000	11	2	-9999.0000	11783	1735	-9999	2543	2433	-9999	271.8276	5	0.5360	0.5691	-0.0028	51.4619	1.5823	455.7026	458.2549	38.2176	458.9667	95.9491	455.2991	95.2778	459.6685	95.1157	466.5567	94.9306	
26/08/2017	01:08:41	011992	G523114163HLR	L523	S		437.1481	1.0292	6.4179	100.0569	39.9339	0.8430	0.8283	5.0000	18.6220	508.1784	94.8611	13.6792	24.6000	0.9300	0.9510	0.5687	-0.0028	508.0000	506.9935	1.0275	9.4457	100.1659	39.9894	0.8230	0.8268	5.0000	-9999.0000	-9999.0000	-9999.0000	-9999.0000	-9999.0000	-9999.0000	19.9375	4	0	25.4091	1.0000	11	2	-9999.0000	11783	1736	-9999	2544	2434	-9999	269.8746	5	0.5357	0.5687	-0.0028	51.7191	1.5559	450.2440	467.4041	38.8194	458.3639	95.7639	449.9640	95.2083	455.6529	95.1157	459.4674	94.9074	
26/08/2017	01:09:13	011992	G523114161HLR	L523	S		439.4876	1.0292	6.1426	100.0132	39.9963	0.8430	0.8283	5.0000	18.9028	508.1909	94.8380	11.0689	24.7000	0.9300	0.9510	0.5728	-0.0031	508.0000	507.9821	1.0275	9.3422	100.1769	39.8966	0.8230	0.8271	5.0000	-9999.0000	-9999.0000	-9999.0000	-9999.0000	-9999.0000	-9999.0000	19.0817	5	0	30.1884	1.0000	11	2	-9999.0000	11784	1737	-9999	2544	2435	-9999	273.5607	5	0.5348	0.5728	-0.0031	52.1498	1.5232	456.0173	463.6585	38.2639	461.5783	95.7176	455.1319	94.9537	461.0643	95.0231	470.9490	94.9306	
26/08/2017	01:09:38	011992	G523114175HLR	L523	S		438.5271	1.0292	6.2556	100.0137	39.9705	0.8430	0.8282	5.0000	18.2688	508.0629	94.8611	11.8492	24.7000	0.9300	0.9509	0.5768	-0.0034	508.0000	510.7270	1.0275	9.0548	100.1854	40.0000	0.8230	0.8276	5.0000	-9999.0000	-9999.0000	-9999.0000	-9999.0000	-9999.0000	-9999.0000	20.1077	6	0	26.4234	1.0000	11	2	-9999.0000	11785	1738	-9999	2545	2436	-9999	272.3648	5	0.5352	0.5768	-0.0034	54.8373	1.3357	456.3397	456.4553	39.2593	459.6089	95.5093	457.4418	95.1620	458.1305	95.0926	465.0874	94.9306	
26/08/2017	01:10:06	011992	G523114203HLR	L523	S		441.2683	1.0292	5.9331	100.0722	39.9133	0.8430	0.8281	5.0000	19.0207	508.1194	94.9074	10.7897	24.7000	0.9300	0.9510	0.5772	-0.0035	508.0000	511.5747	1.0275	8.9660	100.0343	40.1814	0.8230	0.8278	5.0000	-9999.0000	-9999.0000	-9999.0000	-9999.0000	-9999.0000	-9999.0000	19.5428	7	0	27.5856	1.0000	11	2	-9999.0000	11785	1739	-9999	2545	2437	-9999	274.3195	5	0.5351	0.5772	-0.0035	52.3799	1.5051	458.1319	455.8116	39.0509	453.8066	95.5093	458.1356	95.0231	463.3042	95.0926	469.9554	94.9074	
26/08/2017	01:10:32	011992	G523114192HLR	L523	S		440.2460	1.0292	6.0534	100.0375	39.9200	0.8430	0.8283	5.0000	18.7700	508.0796	94.8380	12.1587	24.7000	0.9300	0.9510	0.5724	-0.0031	508.0000	509.8838	1.0275	9.1431	99.9619	40.0964	0.8230	0.8272	5.0000	-9999.0000	-9999.0000	-9999.0000	-9999.0000	-9999.0000	-9999.0000	19.3712	8	0	26.0285	1.0000	11	2	-9999.0000	11786	1740	-9999	2545	2438	-9999	271.9054	5	0.5347	0.5724	-0.0031	58.5059	0.9897	451.4934	446.9948	39.0278	461.4856	95.5093	450.7541	95.0231	459.2261	95.1157	464.5738	94.9306	
26/08/2017	01:10:57	011992	G523114191HLR	L523	S		436.2378	1.0292	6.5250	100.0399	39.9930	0.8430	0.8283	5.0000	18.7921	508.0281	94.8611	13.2700	24.6000	0.9300	0.9510	0.5709	-0.0029	508.0000	508.3366	1.0275	9.3051	99.9811	39.8908	0.8230	0.8269	5.0000	-9999.0000	-9999.0000	-9999.0000	-9999.0000	-9999.0000	-9999.0000	19.2841	1	0	24.8592	1.0000	11	2	-9999.0000	11786	1741	-9999	2546	2438	-9999	270.2264	5	0.5354	0.5709	-0.0029	58.4006	0.9815	451.9699	464.0336	38.5648	456.7629	95.7870	451.3953	95.1620	458.9287	95.0694	463.3804	94.9537	
26/08/2017	01:11:22	011992	G523114183HLR	L523	S		435.2844	1.0292	6.6371	100.0504	39.9488	0.8430	0.8282	5.0000	18.8391	508.1540	94.8380	12.7701	24.7000	0.9300	0.9510	0.5725	-0.0031	508.0000	508.9015	1.0275	9.2459	100.3076	39.9000	0.8230	0.8276	5.0000	-9999.0000	-9999.0000	-9999.0000	-9999.0000	-9999.0000	-9999.0000	19.0182	2	0	25.0792	1.0000	11	2	-9999.0000	11787	1742	-9999	2546	2439	-9999	271.0885	5	0.5348	0.5725	-0.0031	61.0501	0.7849	450.3647	416.6970	39.6528	459.3763	95.6944	449.1857	95.1389	456.0853	95.1620	461.5921	94.9306	
26/08/2017	01:11:47	011992	G523114265HLR	L523	S		438.3033	1.0292	6.2820	100.0654	39.9076	0.8430	0.8282	5.0000	18.5732	508.0890	94.8843	11.6100	24.7000	0.9300	0.9511	0.5673	-0.0027	508.0000	507.2496	1.0275	9.4189	100.1465	40.1000	0.8230	0.8279	5.0000	-9999.0000	-9999.0000	-9999.0000	-9999.0000	-9999.0000	-9999.0000	19.8143	3	0	25.3087	1.0000	11	2	-9999.0000	11787	1743	-9999	2546	2440	-9999	272.4410	5	0.5348	0.5673	-0.0027	62.5177	0.6743	456.3009	455.7316	36.8519	454.4087	95.5556	455.5407	94.9306	462.7970	95.0463	469.4527	94.9306	
26/08/2017	01:12:12	011992	G523114255HLR	L523	S		436.0158	1.0292	6.5511	100.0513	39.9166	0.8430	0.8283	5.0000	18.9525	508.0959	94.9074	12.9097	24.7000	0.9300	0.9510	0.5675	-0.0027	508.0000	508.6415	1.0275	9.2731	100.1926	40.1476	0.8230	0.8277	5.0000	-9999.0000	-9999.0000	-9999.0000	-9999.0000	-9999.0000	-9999.0000	19.3179	4	0	25.2502	1.0000	11	2	-9999.0000	11787	1744	-9999	2547	2441	-9999	270.6498	5	0.5346	0.5675	-0.0027	62.5580	0.6617	448.0457	448.6191	38.7963	440.5086	95.7407	447.1269	95.1157	452.6865	95.0694	461.3073	94.9306	
26/08/2017	01:12:37	011992	G523114256HLR	L523	S		438.4163	1.0292	6.2687	100.0519	39.9698	0.8430	0.8284	5.0000	18.8986	508.1446	94.8843	10.3600	24.8000	0.9300	0.9511	0.5675	-0.0027	508.0000	505.2426	1.0275	9.6290	100.1573	40.0000	0.8230	0.8272	5.0000	-9999.0000	-9999.0000	-9999.0000	-9999.0000	-9999.0000	-9999.0000	18.9015	5	0	24.9687	1.0000	11	2	-9999.0000	11788	1745	-9999	2547	2442	-9999	274.2601	5	0.5342	0.5675	-0.0027	60.9089	0.7884	460.1315	433.3605	36.1806	467.9578	95.5556	459.8248	94.6991	464.2861	94.8380	472.5425	94.8843	
26/08/2017	01:13:05	011992	G523114185HLR	L523	S		439.1885	1.0292	6.1778	100.0319	39.8938	0.8430	0.8279	5.0000	19.9990	508.0731	94.8843	10.9400	24.8000	0.9300	0.9511	0.5670	-0.0027	508.0000	506.5818	1.0275	9.4888	100.0876	39.9000	0.8230	0.8270	5.0000	-9999.0000	-9999.0000	-9999.0000	-9999.0000	-9999.0000	-9999.0000	19.3885	6	0	27.9896	1.0000	11	2	-9999.0000	11789	1746	-9999	2548	2443	-9999	273.1939	5	0.5339	0.5670	-0.0027	60.1238	0.8939	459.0439	427.9397	37.7083	465.4485	95.4167	458.4833	94.6065	465.3981	94.9306	472.9628	94.9537	
26/08/2017	01:13:30	011992	G523114195HLR	L523	S		439.7485	1.0292	6.1119	100.0747	39.8663	0.8430	0.8282	5.0000	18.8145	508.0703	94.8611	11.2096	24.8000	0.9300	0.9511	0.5631	-0.0023	508.0000	509.8673	1.0275	9.1448	100.0983	39.9409	0.8230	0.8266	5.0000	-9999.0000	-9999.0000	-9999.0000	-9999.0000	-9999.0000	-9999.0000	22.1868	7	0	25.2477	1.0000	11	2	-9999.0000	11790	1747	-9999	2548	2444	-9999	272.7975	5	0.5348	0.5631	-0.0023	62.4184	0.6792	462.6986	440.5790	36.5509	468.0870	95.3241	462.2125	94.3750	469.3196	94.9306	474.5863	95.0463	
26/08/2017	01:13:58	011992	G523114291HLR	L523	S		435.9692	1.0292	6.5566	100.1294	39.9475	0.8430	0.8284	5.0000	18.7288	508.0696	94.8380	11.7691	24.8000	0.9300	0.9511	0.5601	-0.0021	508.0000	507.2236	1.0275	9.4216	100.2009	40.1000	0.8230	0.8278	5.0000	-9999.0000	-9999.0000	-9999.0000	-9999.0000	-9999.0000	-9999.0000	19.2218	8	0	27.1194	1.0000	11	2	-9999.0000	11791	1748	-9999	2549	2444	-9999	271.9130	5	0.5342	0.5601	-0.0021	58.8249	0.9768	465.7447	419.1750	35.9028	467.0415	95.9028	465.7180	94.9074	469.4037	95.0926	472.3392	94.9537	
26/08/2017	01:14:23	011992	G523114299HLR	L523	S		438.5153	1.0292	6.2570	100.0365	40.0158	0.8430	0.8283	5.0000	18.4495	508.1349	94.8611	11.3189	24.9000	0.9300	0.9511	0.5683	-0.0028	508.0000	507.2159	1.0275	9.4224	100.0878	40.1000	0.8230	0.8276	5.0000	-9999.0000	-9999.0000	-9999.0000	-9999.0000	-9999.0000	-9999.0000	19.3371	1	0	25.6191	1.0000	11	2	-9999.0000	11791	1749	-9999	2549	2445	-9999	272.9132	5	0.5349	0.5683	-0.0028	54.6494	1.3131	458.8000	444.4388	37.9398	469.4768	95.6019	458.6372	94.7222	464.4331	94.8843	470.8187	95.0000	
26/08/2017	01:14:49	011992	G523114281HLR	L523	S		437.7890	1.0292	6.3425	100.0332	39.9265	0.8430	0.8281	5.0000	18.4885	508.0926	94.8148	11.4791	24.9000	0.9300	0.9511	0.5789	-0.0036	508.0000	507.0538	1.0275	9.4394	100.1632	39.9924	0.8230	0.8270	5.0000	-9999.0000	-9999.0000	-9999.0000	-9999.0000	-9999.0000	-9999.0000	19.6357	2	0	25.2489	1.0000	11	2	-9999.0000	11792	1750	-9999	2550	2446	-9999	273.0132	5	0.5356	0.5789	-0.0036	46.3420	2.0182	452.3305	425.1383	37.8241	441.8177	95.8333	452.2498	95.3009	458.5932	95.1852	464.5317	94.8611	
26/08/2017	01:15:14	011992	G523114290HLR	L523	S		439.7573	1.0292	6.1109	100.0072	39.8725	0.8430	0.8282	5.0000	18.4760	508.1232	94.8611	11.3091	25.0000	0.9300	0.9510	0.5714	-0.0031	508.0000	510.0546	1.0275	9.1252	100.2978	39.9840	0.8230	0.8272	5.0000	-9999.0000	-9999.0000	-9999.0000	-9999.0000	-9999.0000	-9999.0000	19.4472	3	0	25.1961	1.0000	11	2	-9999.0000	11792	1751	-9999	2551	2447	-9999	272.8763	5	0.5353	0.5714	-0.0031	48.1311	1.8834	458.4715	436.3256	37.2685	455.8202	95.7870	458.0748	94.8611	462.5993	95.0000	469.9795	94.9769	
26/08/2017	01:15:39	011992	G523114267HLR	L523	S		439.7575	1.0292	6.1109	100.0091	39.9944	0.8430	0.8283	5.0000	19.7908	508.0756	94.9074	10.7496	25.0000	0.9300	0.9511	0.5723	-0.0031	508.0000	510.0480	1.0275	9.1259	100.2418	40.0159	0.8230	0.8276	5.0000	-9999.0000	-9999.0000	-9999.0000	-9999.0000	-9999.0000	-9999.0000	19.6181	4	0	25.0824	1.0000	11	2	-9999.0000	11793	1752	-9999	2551	2448	-9999	273.8341	5	0.5356	0.5723	-0.0031	48.2134	1.8711	461.5663	455.2997	38.6343	468.9602	95.5556	460.7381	94.9537	466.7133	95.0231	473.8338	94.9537	
26/08/2017	01:16:04	011992	G523116285HLR	L523	S		435.2575	1.0292	6.6403	100.0336	39.9962	0.8430	0.8282	5.0000	19.8506	508.0808	94.8611	12.6294	25.0000	0.9300	0.9510	0.5776	-0.0035	508.0000	506.0876	1.0275	9.5406	100.2748	40.1000	0.8230	0.8278	5.0000	-9999.0000	-9999.0000	-9999.0000	-9999.0000	-9999.0000	-9999.0000	19.0926	5	0	24.9787	1.0000	99	9	-9999.0000	11794	1753	-9999	2552	2449	-9999	271.0508	5	0.5357	0.5776	-0.0035	44.7283	2.1437	445.3577	452.0654	37.8704	440.6712	96.0185	444.8313	95.3241	451.0284	95.1852	456.7253	94.9074	
26/08/2017	01:16:29	011992	G523116279HLR	L523	S		438.8396	1.0292	6.2189	100.1106	39.9207	0.8430	0.8281	5.0000	18.6663	508.0951	94.8843	10.9088	25.1000	0.9300	0.9511	0.5788	-0.0036	508.0000	505.6070	1.0275	9.5909	99.9832	40.0898	0.8230	0.8274	5.0000	-9999.0000	-9999.0000	-9999.0000	-9999.0000	-9999.0000	-9999.0000	19.2199	6	0	25.1680	1.0000	99	9	-9999.0000	11794	1754	-9999	2552	2450	-9999	274.2787	5	0.5363	0.5788	-0.0036	43.7778	2.2347	455.4180	462.7653	38.9120	461.7779	96.0880	454.3832	95.3935	461.0399	95.1157	468.7856	94.9306	
26/08/2017	01:16:54	011992	G523116278HLR	L523	S		434.1368	1.0292	6.7721	99.9744	39.9261	0.8430	0.8283	5.0000	18.5359	508.1368	94.8380	13.1001	25.1000	0.9300	0.9510	0.5838	-0.0040	508.0000	504.1254	1.0275	9.7460	100.0110	40.0000	0.8230	0.8273	5.0000	-9999.0000	-9999.0000	-9999.0000	-9999.0000	-9999.0000	-9999.0000	18.9545	7	0	25.2213	1.0000	99	9	-9999.0000	11795	1755	-9999	2553	2451	-9999	270.0053	5	0.5366	0.5838	-0.0040	40.2272	2.5643	444.2454	414.7211	37.1065	452.1135	95.8796	444.9128	95.2083	447.0274	95.1852	452.7849	94.9074	
26/08/2017	01:17:19	011992	G523116282HLR	L523	S		439.0759	1.0292	6.1911	100.0202	39.9978	0.8430	0.8282	5.0000	19.3792	508.1527	94.9074	10.8902	25.1000	0.9300	0.9510	0.5764	-0.0034	508.0000	505.9599	1.0275	9.5539	99.9673	39.9869	0.8230	0.8271	5.0000	-9999.0000	-9999.0000	-9999.0000	-9999.0000	-9999.0000	-9999.0000	19.8046	8	0	25.1783	1.0000	99	9	-9999.0000	11795	1756	-9999	2553	2452	-9999	273.9873	5	0.5370	0.5764	-0.0034	46.5195	2.0250	465.1208	459.0531	37.3148	468.6365	95.8102	464.7997	94.7917	467.8754	95.0000	472.6225	95.0000	
26/08/2017	01:17:45	011992	G523116286HLR	L523	S		433.8718	1.0292	6.8033	100.0141	39.9841	0.8430	0.8282	5.0000	18.5462	508.0865	94.8380	13.3589	25.1000	0.9300	0.9509	0.5689	-0.0028	508.0000	504.5215	1.0275	9.7046	100.2456	40.0000	0.8230	0.8275	5.0000	-9999.0000	-9999.0000	-9999.0000	-9999.0000	-9999.0000	-9999.0000	19.3679	1	0	25.6606	1.0000	99	9	-9999.0000	11796	1757	-9999	2554	2453	-9999	270.2024	5	0.5369	0.5689	-0.0028	49.2825	1.7846	454.0350	450.8467	37.8704	461.2751	96.0648	454.4138	95.3472	455.6084	95.2083	460.1364	94.9306	
26/08/2017	01:18:10	011992	G523116046HLR	L523	S		439.5091	1.0292	6.1401	99.9825	39.9414	0.8430	0.8282	5.0000	18.4700	508.0462	94.8611	10.6588	25.2000	0.9300	0.9510	0.5695	-0.0028	508.0000	505.8820	1.0275	9.5621	100.1859	40.0926	0.8230	0.8276	5.0000	-9999.0000	-9999.0000	-9999.0000	-9999.0000	-9999.0000	-9999.0000	19.4771	2	0	25.4674	1.0000	99	9	-9999.0000	11796	1758	-9999	2554	2454	-9999	274.2091	5	0.5379	0.5695	-0.0028	48.4975	1.8339	469.2449	439.2779	37.0602	466.9319	95.9491	470.6043	95.2546	476.9598	95.2778	478.0467	94.9537	
26/08/2017	01:18:36	011992	G523116056HLR	L523	S		437.3772	1.0292	6.3909	100.0050	39.9471	0.8430	0.8283	5.0000	18.4768	508.1013	94.8380	12.0796	25.1000	0.9300	0.9509	0.5515	-0.0012	508.0000	505.8848	1.0275	9.5618	100.2023	40.1000	0.8230	0.8276	5.0000	-9999.0000	-9999.0000	-9999.0000	-9999.0000	-9999.0000	-9999.0000	18.9273	3	0	25.1993	1.0000	99	9	-9999.0000	11797	1759	-9999	2555	2455	-9999	272.6038	5	0.5373	0.5515	-0.0012	59.0830	0.9048	475.2511	471.5353	38.1481	469.6401	95.8102	475.8272	95.1620	473.5120	95.1389	477.6249	94.9306	
26/08/2017	01:19:01	011992	G523116067HLR	L523	S		433.0458	1.0292	6.9005	100.0226	40.0006	0.8430	0.8283	5.0000	18.7890	508.1196	94.8611	13.3198	25.1000	0.9300	0.9509	0.5566	-0.0017	508.0000	506.0237	1.0275	9.5473	100.0636	40.0447	0.8230	0.8274	5.0000	-9999.0000	-9999.0000	-9999.0000	-9999.0000	-9999.0000	-9999.0000	19.0848	4	0	25.6787	1.0000	99	9	-9999.0000	11797	1760	-9999	2555	2456	-9999	271.6490	5	0.5375	0.5566	-0.0017	58.2723	0.9717	459.3164	475.1649	37.3843	466.7997	95.9954	459.0151	95.1852	463.1598	95.1389	467.6272	94.9306	
26/08/2017	01:19:26	011992	G523116291HLR	L523	S		439.8049	1.0292	6.1053	100.0218	39.9926	0.8430	0.8282	5.0000	18.6192	508.0961	94.8843	11.2594	25.1000	0.9300	0.9509	0.5553	-0.0015	508.0000	506.2287	1.0275	9.5258	99.9640	40.0000	0.8230	0.8273	5.0000	-9999.0000	-9999.0000	-9999.0000	-9999.0000	-9999.0000	-9999.0000	19.2029	5	0	25.1594	1.0000	99	9	-9999.0000	11798	1761	-9999	2556	2457	-9999	273.5733	5	0.5375	0.5553	-0.0015	58.7326	0.9180	471.4956	482.9989	39.3519	481.3407	95.6481	471.6528	94.9074	475.2125	94.9537	479.4769	94.9537	
26/08/2017	01:19:52	011992	G523116049HLR	L523	S		437.9628	1.0292	6.3220	99.9984	39.9373	0.8430	0.8282	5.0000	18.6058	508.1567	94.8380	12.2594	25.1000	0.9300	0.9508	0.5620	-0.0020	508.0000	506.5933	1.0275	9.4876	99.9733	40.0000	0.8230	0.8274	5.0000	-9999.0000	-9999.0000	-9999.0000	-9999.0000	-9999.0000	-9999.0000	19.2891	6	0	25.2816	1.0000	99	9	-9999.0000	11798	1762	-9999	2556	2458	-9999	272.9390	5	0.5381	0.5620	-0.0020	55.2641	1.1776	461.1245	473.8993	38.4259	464.6727	95.8796	461.0017	95.1389	464.5289	95.1389	470.3176	94.9306	
26/08/2017	01:20:17	011992	G523115804HLR	L523	S		436.2140	1.0292	6.5278	100.0180	39.9524	0.8430	0.8283	5.0000	18.5088	508.1698	94.8148	12.3697	25.1000	0.9300	0.9508	0.5685	-0.0025	508.0000	505.5446	1.0275	9.5974	99.9973	40.0192	0.8230	0.8274	5.0000	-9999.0000	-9999.0000	-9999.0000	-9999.0000	-9999.0000	-9999.0000	19.3815	7	0	25.0662	1.0000	99	9	-9999.0000	11799	1763	-9999	2557	2458	-9999	273.1390	5	0.5382	0.5685	-0.0025	55.1448	1.1747	461.2324	458.4623	37.0833	465.6431	95.7870	461.8619	95.0463	463.1617	95.1157	467.8687	94.9769	
26/08/2017	01:20:42	011992	G523116082HLR	L523	S		435.8942	1.0292	6.5654	100.0916	40.0098	0.8430	0.8283	5.0000	18.6400	508.0850	94.8611	13.1695	25.1000	0.9300	0.9508	0.5694	-0.0025	508.0000	506.4415	1.0275	9.5035	100.0523	40.0319	0.8230	0.8275	5.0000	-9999.0000	-9999.0000	-9999.0000	-9999.0000	-9999.0000	-9999.0000	19.1078	8	0	25.0996	1.0000	99	9	-9999.0000	11799	1764	-9999	2557	2459	-9999	272.3426	5	0.5381	0.5694	-0.0025	48.0692	1.7475	451.6258	452.9780	36.9907	456.6565	95.9491	451.0427	95.3009	457.3275	95.1620	463.1851	94.9074	
26/08/2017	01:21:07	011992	G523116073HLR	L523	S		436.5891	1.0292	6.4836	100.0127	39.9497	0.8430	0.8281	5.0000	18.6594	508.0941	94.8380	12.1793	25.1000	0.9300	0.9508	0.5689	-0.0025	508.0000	506.8803	1.0275	9.4576	100.0052	40.0000	0.8230	0.8272	5.0000	-9999.0000	-9999.0000	-9999.0000	-9999.0000	-9999.0000	-9999.0000	19.6192	1	0	25.4095	1.0000	99	9	-9999.0000	11800	1765	-9999	2558	2459	-9999	273.6798	5	0.5386	0.5689	-0.0025	46.5998	1.8560	467.0521	449.2839	38.4491	468.0141	95.7176	467.3856	94.8148	467.6904	94.9537	473.8075	95.0000	
26/08/2017	01:21:33	011992	G523116076HLR	L523	S		436.6636	1.0292	6.4749	100.0293	39.9291	0.8430	0.8282	5.0000	18.6790	508.0511	94.8380	12.4791	25.1000	0.9300	0.9508	0.5684	-0.0024	508.0000	506.7201	1.0275	9.4743	100.1832	40.0000	0.8230	0.8273	5.0000	-9999.0000	-9999.0000	-9999.0000	-9999.0000	-9999.0000	-9999.0000	19.3348	2	0	25.4383	1.0000	99	9	-9999.0000	11801	1766	-9999	2559	2460	-9999	273.2497	5	0.5388	0.5684	-0.0024	50.1589	1.5192	455.2246	475.1561	38.0093	443.7236	95.8333	454.5600	95.0694	460.4389	95.0694	465.9215	94.9769	
26/08/2017	01:21:58	011992	G523116060HLR	L523	S		437.8618	1.0292	6.3339	100.0052	39.9597	0.8430	0.8283	5.0000	18.4616	508.1438	94.8380	11.8493	25.1000	0.9300	0.9508	0.5669	-0.0023	508.0000	506.9176	1.0275	9.4536	100.1651	40.0000	0.8230	0.8275	5.0000	-9999.0000	-9999.0000	-9999.0000	-9999.0000	-9999.0000	-9999.0000	19.1015	3	0	25.1290	1.0000	99	9	-9999.0000	11802	1767	-9999	2560	2460	-9999	274.1937	5	0.5393	0.5669	-0.0023	50.0861	1.5303	466.5990	459.8073	39.3056	476.5917	95.6713	468.6396	94.7917	464.8335	95.0000	470.5305	94.9769	
26/08/2017	01:22:23	011992	G523116064HLR	L523	S		437.1514	1.0292	6.4175	100.0368	39.9916	0.8430	0.8283	5.0000	18.6148	508.0783	94.8148	12.3395	25.1000	0.9300	0.9508	0.5638	-0.0021	508.0000	507.2263	1.0275	9.4213	100.1637	40.0284	0.8230	0.8275	5.0000	-9999.0000	-9999.0000	-9999.0000	-9999.0000	-9999.0000	-9999.0000	19.3452	4	0	25.1397	1.0000	99	9	-9999.0000	11802	1768	-9999	2561	2461	-9999	273.6524	5	0.5388	0.5638	-0.0021	49.1403	1.6083	458.4130	473.7770	38.2870	466.4719	95.6713	458.1437	94.8380	463.0283	94.9769	469.6950	94.9306	
26/08/2017	01:22:49	011992	G523115976HLR	L523	S		436.9967	1.0292	6.4357	99.9920	39.9478	0.8430	0.8282	5.0000	18.6066	508.0737	94.8611	12.7095	25.0000	0.9300	0.9508	0.5618	-0.0019	508.0000	507.5958	1.0275	9.3826	100.1622	40.0000	0.8230	0.8272	5.0000	-9999.0000	-9999.0000	-9999.0000	-9999.0000	-9999.0000	-9999.0000	19.7382	5	0	26.0890	1.0000	99	9	-9999.0000	11803	1769	-9999	2562	2461	-9999	273.4639	5	0.5392	0.5618	-0.0019	48.5949	1.6549	471.1811	467.0934	39.2361	473.6490	95.6019	473.3129	95.0000	465.3650	95.0926	469.0855	94.9537	
26/08/2017	01:23:16	011992	G523115982HLR	L523	S		434.1407	1.0292	6.7717	100.0135	39.9238	0.8430	0.8282	5.0000	18.5356	508.0976	94.8843	14.3491	25.0000	0.9300	0.9508	0.5623	-0.0019	508.0000	507.5279	1.0275	9.3898	100.2543	40.0000	0.8230	0.8273	5.0000	-9999.0000	-9999.0000	-9999.0000	-9999.0000	-9999.0000	-9999.0000	19.6893	6	0	25.7991	1.0000	99	9	-9999.0000	11804	1770	-9999	2563	2462	-9999	271.9596	5	0.5390	0.5623	-0.0019	44.1175	2.0477	450.3885	475.0969	38.1713	458.6945	95.9491	450.1847	95.2083	455.4272	95.0463	461.3020	94.9306	
26/08/2017	01:23:42	011992	G523115990HLR	L523	S		436.2466	1.0292	6.5239	100.0351	39.9525	0.8430	0.8283	5.0000	18.4240	508.0828	94.8611	13.6392	24.9000	0.9300	0.9508	0.5606	-0.0017	508.0000	508.4783	1.0275	9.2902	100.1761	40.0000	0.8230	0.8274	5.0000	-9999.0000	-9999.0000	-9999.0000	-9999.0000	-9999.0000	-9999.0000	19.3599	7	0	26.6386	1.0000	99	9	-9999.0000	11805	1771	-9999	2564	2463	-9999	272.8852	5	0.5395	0.5606	-0.0017	42.0088	2.2365	457.8913	482.8212	40.0000	470.5773	96.0648	457.3624	95.2315	461.4189	95.0926	467.2924	94.9537	
26/08/2017	01:24:07	011992	G523115965HLR	L523	S		434.1533	1.0292	6.7702	100.0833	39.9665	0.8430	0.8283	5.0000	18.6595	508.0809	94.8611	13.7993	24.9000	0.9300	0.9508	0.5612	-0.0018	508.0000	507.6097	1.0275	9.3812	100.2406	40.0796	0.8230	0.8277	5.0000	-9999.0000	-9999.0000	-9999.0000	-9999.0000	-9999.0000	-9999.0000	19.1048	8	0	25.6196	1.0000	99	9	-9999.0000	11806	1772	-9999	2565	2464	-9999	272.6926	5	0.5393	0.5612	-0.0018	37.6933	2.5877	456.6273	478.0355	39.4213	460.4998	95.9722	457.0490	95.1389	458.7772	95.0926	463.8419	94.9306	
26/08/2017	01:24:32	011992	G523115994HLR	L523	S		436.5028	1.0292	6.4938	100.0189	39.9210	0.8430	0.8282	5.0000	18.5700	508.1194	94.8380	13.8696	24.9000	0.9300	0.9508	0.5712	-0.0026	508.0000	508.1790	1.0275	9.3216	99.8998	40.0757	0.8230	0.8275	5.0000	-9999.0000	-9999.0000	-9999.0000	-9999.0000	-9999.0000	-9999.0000	19.0663	1	0	25.0887	1.0000	99	9	-9999.0000	11807	1773	-9999	2566	2465	-9999	272.2870	5	0.5392	0.5712	-0.0026	38.4100	2.5338	447.9031	453.9764	38.5648	455.6183	95.6944	447.5516	94.9769	452.3835	95.0231	459.3751	94.9306	
26/08/2017	01:24:58	011992	G523115979HLR	L523	S		432.9634	1.0292	6.9102	100.0755	39.9145	0.8430	0.8282	5.0000	19.1968	508.0748	94.8611	14.4292	24.9000	0.9300	0.9508	0.5634	-0.0019	508.0000	508.3049	1.0275	9.3084	100.2432	39.9942	0.8230	0.8272	5.0000	-9999.0000	-9999.0000	-9999.0000	-9999.0000	-9999.0000	-9999.0000	19.5651	2	0	25.6354	1.0000	99	9	-9999.0000	11808	1774	-9999	2567	2466	-9999	272.1498	5	0.5391	0.5634	-0.0019	45.4492	1.9533	465.3279	473.9642	39.6991	470.4334	95.6713	466.7576	94.8148	458.4322	95.0926	461.4997	94.9537	
26/08/2017	01:25:24	011992	G523115969HLR	L523	S		433.4768	1.0292	6.8498	100.0776	39.9355	0.8430	0.8283	5.0000	18.7795	508.1344	94.8611	14.8393	24.9000	0.9300	0.9508	0.5678	-0.0023	508.0000	508.5038	1.0275	9.2876	100.0958	39.9605	0.8230	0.8274	5.0000	-9999.0000	-9999.0000	-9999.0000	-9999.0000	-9999.0000	-9999.0000	19.2283	3	0	26.0737	1.0000	99	9	-9999.0000	11809	1775	-9999	2567	2467	-9999	271.3951	5	0.5387	0.5678	-0.0023	48.7081	1.7209	447.7485	450.9689	38.6574	446.9233	95.6944	447.6939	94.8380	452.2501	94.9769	458.6554	94.9769	
26/08/2017	01:25:51	011992	G523115962HLR	L523	S		435.8941	1.0292	6.5654	100.0097	39.9952	0.8430	0.8283	5.0000	18.9749	508.0981	94.8611	13.4693	24.9000	0.9300	0.9509	0.5642	-0.0020	508.0000	509.2018	1.0275	9.2145	100.2116	40.0000	0.8230	0.8276	5.0000	-9999.0000	-9999.0000	-9999.0000	-9999.0000	-9999.0000	-9999.0000	19.5560	4	0	26.6992	1.0000	99	9	-9999.0000	11810	1776	-9999	2568	2468	-9999	273.1111	5	0.5386	0.5642	-0.0020	48.6954	1.7216	465.8413	438.1518	36.4352	473.1289	95.7870	464.1656	94.5370	468.5803	94.7454	473.1919	95.0231	
26/08/2017	01:26:20	011992	G523115953HLR	L523	S		434.5019	1.0292	6.7292	100.0166	39.9345	0.8430	0.8281	5.0000	18.7126	508.0661	94.8611	13.6489	24.9000	0.9300	0.9508	0.5649	-0.0020	508.0000	507.8323	1.0275	9.3579	100.1810	40.1000	0.8230	0.8278	5.0000	-9999.0000	-9999.0000	-9999.0000	-9999.0000	-9999.0000	-9999.0000	19.1581	5	0	29.6882	1.0000	99	9	-9999.0000	11811	1777	-9999	2568	2469	-9999	272.8899	5	0.5381	0.5649	-0.0020	50.6404	1.5677	449.8930	434.0805	37.1296	439.9788	95.4630	449.4021	94.2593	455.4975	94.8148	462.6103	95.0231	
26/08/2017	01:26:46	011992	G523115806HLR	L523	S		437.7550	1.0292	6.3465	100.0756	39.8998	0.8430	0.8282	5.0000	18.8988	508.0796	94.8611	11.9097	24.9000	0.9300	0.9509	0.5644	-0.0020	508.0000	508.8238	1.0275	9.2541	100.0943	39.9906	0.8230	0.8261	5.0000	-9999.0000	-9999.0000	-9999.0000	-9999.0000	-9999.0000	-9999.0000	22.8314	6	0	25.7892	1.0000	99	9	-9999.0000	11812	1778	-9999	2569	2470	-9999	274.6284	5	0.5379	0.5644	-0.0020	49.7819	1.6429	472.5636	429.3699	35.7639	470.6971	95.4167	476.1258	94.0278	466.5167	94.9074	472.2626	95.1157	
26/08/2017	01:27:12	011992	G523115949HLR	L523	S		436.4847	1.0292	6.4959	99.9952	39.9287	0.8430	0.8283	5.0000	18.5411	508.0694	94.9074	12.8892	24.9000	0.9300	0.9509	0.5662	-0.0022	508.0000	507.5225	1.0275	9.3903	100.1701	39.9739	0.8230	0.8271	5.0000	-9999.0000	-9999.0000	-9999.0000	-9999.0000	-9999.0000	-9999.0000	19.5649	7	0	26.0589	1.0000	99	9	-9999.0000	11813	1779	-9999	2570	2470	-9999	273.6276	5	0.5373	0.5662	-0.0022	45.9775	1.9410	455.1095	418.5792	36.4815	445.0180	95.5324	454.4390	94.3519	461.1838	95.0000	470.3824	95.0694	
26/08/2017	01:27:38	011992	G523115815HLR	L523	S		435.7700	1.0292	6.5800	100.1045	39.9791	0.8430	0.8283	5.0000	19.0319	508.0939	94.8611	13.7095	24.9000	0.9300	0.9509	0.5664	-0.0022	508.0000	507.7328	1.0275	9.3683	100.2069	40.0000	0.8230	0.8276	5.0000	-9999.0000	-9999.0000	-9999.0000	-9999.0000	-9999.0000	-9999.0000	19.1038	8	0	26.2700	1.0000	99	9	-9999.0000	11814	1780	-9999	2571	2471	-9999	272.7481	5	0.5370	0.5664	-0.0022	45.2125	2.0115	449.9404	429.3758	37.2454	443.0525	95.9491	449.3580	94.5370	455.3544	94.9074	462.5124	95.0231	
26/08/2017	01:28:03	011992	G523115959HLR	L523	S		429.4421	1.0292	7.3245	100.0154	39.9338	0.8430	0.8282	5.0000	18.9702	508.1619	94.8148	13.9195	24.9000	0.9300	0.9509	0.5652	-0.0021	508.0000	506.4222	1.0275	9.5055	100.1230	40.1000	0.8230	0.8278	5.0000	-9999.0000	-9999.0000	-9999.0000	-9999.0000	-9999.0000	-9999.0000	18.9960	1	0	24.9889	1.0000	99	9	-9999.0000	11815	1781	-9999	2572	2472	-9999	272.5698	5	0.5367	0.5652	-0.0021	45.2384	2.0146	449.8065	452.6193	38.4954	435.7992	96.3889	449.2166	95.6713	454.5319	95.1852	460.1545	94.9074	
26/08/2017	01:28:29	011992	G523115967HLR	L523	S		431.2130	1.0292	7.1161	100.0907	39.8902	0.8430	0.8282	5.0000	19.1535	508.1216	94.8611	14.4692	24.9000	0.9300	0.9509	0.5626	-0.0019	508.0000	506.5868	1.0275	9.4883	100.2325	40.0976	0.8230	0.8275	5.0000	-9999.0000	-9999.0000	-9999.0000	-9999.0000	-9999.0000	-9999.0000	19.1497	2	0	25.5490	1.0000	99	9	-9999.0000	11816	1782	-9999	2573	2473	-9999	271.9824	5	0.5367	0.5626	-0.0019	52.1967	1.5185	455.8316	421.2224	37.4769	466.0150	95.7176	454.5366	94.5833	464.7372	94.9769	464.4252	94.9769	
26/08/2017	01:28:54	011992	G523115813HLR	L523	S		436.0730	1.0292	6.5444	100.0019	39.9729	0.8430	0.8284	5.0000	18.5198	508.0929	94.8380	12.4801	24.9000	0.9300	0.9509	0.5639	-0.0020	508.0000	507.4760	1.0275	9.3952	100.1962	40.0192	0.8230	0.8275	5.0000	-9999.0000	-9999.0000	-9999.0000	-9999.0000	-9999.0000	-9999.0000	18.9698	3	0	25.1291	1.0000	99	9	-9999.0000	11817	1783	-9999	2573	2474	-9999	273.9770	5	0.5367	0.5639	-0.0020	52.8979	1.4686	464.8096	442.5609	37.6852	456.2235	96.0648	464.8909	95.0926	467.4429	95.0926	471.8434	94.9074	
26/08/2017	01:29:20	011992	G523115809HLR	L523	S		436.4615	1.0292	6.4986	100.0695	39.9544	0.8430	0.8282	5.0000	19.0511	508.0865	94.8611	12.8999	25.0000	0.9300	0.9509	0.5647	-0.0020	508.0000	507.5553	1.0275	9.3869	100.1328	39.9926	0.8230	0.8273	5.0000	-9999.0000	-9999.0000	-9999.0000	-9999.0000	-9999.0000	-9999.0000	19.3050	4	0	26.3887	1.0000	99	9	-9999.0000	11818	1784	-9999	2574	2475	-9999	273.6404	5	0.5369	0.5647	-0.0020	51.9381	1.5350	456.8763	465.8220	37.2685	467.3962	95.9028	456.2331	95.1852	461.4204	95.1389	467.7011	94.9537	
26/08/2017	01:29:46	011992	G523115819HLR	L523	S		438.9628	1.0292	6.2044	99.9936	39.9198	0.8430	0.8281	5.0000	18.6274	508.0465	94.8380	12.1002	25.0000	0.9300	0.9509	0.5639	-0.0020	508.0000	507.7244	1.0275	9.3692	100.2319	40.0000	0.8230	0.8275	5.0000	-9999.0000	-9999.0000	-9999.0000	-9999.0000	-9999.0000	-9999.0000	19.5803	5	0	25.2012	1.0000	99	9	-9999.0000	11818	1785	-9999	2575	2476	-9999	274.4007	5	0.5370	0.5639	-0.0020	50.8527	1.6371	462.3799	470.4642	38.4259	477.9058	95.9722	462.0922	95.3704	466.9179	95.1852	472.6164	94.9306	
26/08/2017	01:30:12	011992	G523115825HLR	L523	S		439.2810	1.0292	6.1669	100.0847	39.9300	0.8430	0.8283	5.0000	18.7601	508.0378	94.8380	12.6197	25.0000	0.9300	0.9509	0.5615	-0.0018	508.0000	509.1271	1.0275	9.2223	100.1493	40.0844	0.8230	0.8276	5.0000	-9999.0000	-9999.0000	-9999.0000	-9999.0000	-9999.0000	-9999.0000	19.2995	6	0	26.5177	1.0000	99	9	-9999.0000	11819	1786	-9999	2576	2476	-9999	273.9533	5	0.5370	0.5615	-0.0018	49.5908	1.7341	472.0211	461.0938	37.5231	469.9428	96.0648	472.6893	95.1852	467.7061	95.1620	475.0836	94.9537	
26/08/2017	01:30:39	011992	G523115832HLR	L523	S		439.0801	1.0292	6.1906	100.0858	40.0042	0.8430	0.8283	5.0000	18.8391	508.0804	94.8380	12.4595	25.1000	0.9300	0.9509	0.5625	-0.0019	508.0000	507.4320	1.0275	9.3998	100.1065	40.0858	0.8230	0.8274	5.0000	-9999.0000	-9999.0000	-9999.0000	-9999.0000	-9999.0000	-9999.0000	19.7183	7	0	27.2384	1.0000	99	9	-9999.0000	11820	1787	-9999	2576	2477	-9999	274.1578	5	0.5374	0.5625	-0.0019	49.8714	1.7221	458.1834	467.2204	38.2639	462.3101	96.0417	457.5736	95.1852	462.5806	95.0694	468.5304	94.9537	
26/08/2017	01:31:07	011992	G523115554HLR	L523	S		436.9133	1.0292	6.4455	100.0838	39.9641	0.8430	0.8282	5.0000	18.7253	508.0520	94.8380	12.7603	25.1000	0.9300	0.9509	0.5574	-0.0014	508.0000	507.1588	1.0275	9.4284	100.1116	39.9663	0.8230	0.8262	5.0000	-9999.0000	-9999.0000	-9999.0000	-9999.0000	-9999.0000	-9999.0000	22.7189	8	0	27.1194	1.0000	99	9	-9999.0000	11821	1788	-9999	2577	2478	-9999	273.8494	5	0.5378	0.5574	-0.0014	49.3551	1.7516	463.9214	478.9557	37.6389	472.3227	96.0185	463.9622	95.0231	468.9526	95.0694	472.7448	95.0000	
26/08/2017	01:31:32	011992	G523115553HLR	L523	S		435.6703	1.0292	6.5917	100.0264	39.9190	0.8430	0.8282	5.0000	18.6315	508.0700	94.8611	14.1392	25.1000	0.9300	0.9509	0.5576	-0.0014	508.0000	507.3246	1.0275	9.4110	100.1295	39.9970	0.8230	0.8271	5.0000	-9999.0000	-9999.0000	-9999.0000	-9999.0000	-9999.0000	-9999.0000	19.4988	1	0	25.0593	1.0000	99	9	-9999.0000	11822	1789	-9999	2578	2478	-9999	272.9347	5	0.5384	0.5576	-0.0014	43.0614	2.2186	455.1548	513.3989	41.3194	448.1133	96.1806	454.4076	95.3935	460.0770	95.2083	464.7068	94.9306	
26/08/2017	01:31:57	011992	G523115846HLR	L523	S		436.0486	1.0292	6.5472	100.0427	39.9108	0.8430	0.8281	5.0000	19.8196	508.1351	94.8148	12.0191	25.1000	0.9300	0.9509	0.5558	-0.0013	508.0000	507.6384	1.0275	9.3782	100.1737	40.0319	0.8230	0.8274	5.0000	-9999.0000	-9999.0000	-9999.0000	-9999.0000	-9999.0000	-9999.0000	19.5350	2	0	25.6788	1.0000	99	9	-9999.0000	11823	1790	-9999	2578	2479	-9999	274.4622	5	0.5386	0.5558	-0.0013	41.4804	2.3277	476.4277	474.8926	39.9306	474.6412	96.2269	476.9188	95.2083	481.3242	95.1852	483.4351	95.0231	
26/08/2017	01:32:23	011992	G523115839HLR	L523	S		437.8352	1.0292	6.3370	100.0224	39.9974	0.8430	0.8283	5.0000	18.6859	508.0665	94.9074	12.5894	25.2000	0.9300	0.9508	0.5562	-0.0013	508.0000	508.2951	1.0275	9.3094	100.1622	40.0695	0.8230	0.8271	5.0000	-9999.0000	-9999.0000	-9999.0000	-9999.0000	-9999.0000	-9999.0000	20.4191	3	0	25.7434	1.0000	99	9	-9999.0000	11824	1791	-9999	2579	2480	-9999	274.1515	5	0.5389	0.5562	-0.0013	38.8396	2.5141	472.7997	446.4969	38.0324	488.6560	95.5787	471.8984	94.7222	479.9241	94.8843	482.9985	95.0926	
26/08/2017	01:32:49	011992	G523115835HLR	L523	S		439.4626	1.0292	6.1456	100.0039	40.0112	0.8430	0.8282	5.0000	18.9386	508.0748	94.8611	12.1802	25.2000	0.9300	0.9508	0.5594	-0.0016	508.0000	507.8287	1.0275	9.3583	100.1607	40.0224	0.8230	0.8273	5.0000	-9999.0000	-9999.0000	-9999.0000	-9999.0000	-9999.0000	-9999.0000	19.3852	4	0	25.7052	1.0000	99	9	-9999.0000	11825	1792	-9999	2580	2481	-9999	274.6313	5	0.5389	0.5594	-0.0016	35.9273	2.6986	460.7209	440.6712	36.9676	456.5102	95.6019	460.1294	94.3981	467.0242	94.8843	473.3705	95.0231	
26/08/2017	01:33:15	011992	G523115651HLR	L523	S		441.6940	1.0292	5.8831	100.0238	39.9437	0.8430	0.8282	5.0000	18.6907	508.1060	94.9306	9.9303	25.3000	0.9300	0.9508	0.5576	-0.0014	508.0000	507.1991	1.0275	9.4242	100.0888	40.0000	0.8230	0.8274	5.0000	-9999.0000	-9999.0000	-9999.0000	-9999.0000	-9999.0000	-9999.0000	19.2882	5	0	25.9785	1.0000	99	9	-9999.0000	11826	1793	-9999	2581	2482	-9999	276.2050	5	0.5388	0.5576	-0.0014	39.3605	2.4317	472.6203	435.8554	37.1991	478.1724	95.5556	471.9035	94.6065	480.4578	94.9306	486.0488	95.0000	
26/08/2017	01:33:41	011992	G523115583HLR	L523	S		435.1718	1.0292	6.6504	100.0254	39.9445	0.8430	0.8283	5.0000	18.3995	508.0950	94.8611	13.7398	25.2000	0.9300	0.9508	0.5573	-0.0014	508.0000	508.7560	1.0275	9.2611	100.2001	40.0000	0.8230	0.8274	5.0000	-9999.0000	-9999.0000	-9999.0000	-9999.0000	-9999.0000	-9999.0000	19.5186	6	0	26.5811	1.0000	99	9	-9999.0000	11826	1794	-9999	2582	2483	-9999	273.5458	5	0.5392	0.5573	-0.0014	41.5911	2.2987	467.4552	438.0419	36.5509	461.4828	95.6019	468.4458	94.6296	466.8801	95.0000	470.3843	95.0463	
26/08/2017	01:34:07	011992	G523115574HLR	L523	S		438.6527	1.0292	6.2409	99.9700	39.9701	0.8430	0.8283	5.0000	18.7295	508.1060	94.8611	12.6294	25.2000	0.9300	0.9508	0.5572	-0.0014	508.0000	506.8881	1.0275	9.4567	100.0232	40.0224	0.8230	0.8275	5.0000	-9999.0000	-9999.0000	-9999.0000	-9999.0000	-9999.0000	-9999.0000	19.4069	7	0	25.5179	1.0000	99	9	-9999.0000	11827	1795	-9999	2582	2484	-9999	274.3193	5	0.5393	0.5572	-0.0014	48.5765	1.7310	462.4450	460.7327	36.9213	460.7769	95.6481	461.7819	94.6759	466.6484	94.8843	472.5884	95.0000	
26/08/2017	01:34:33	011992	G523115573HLR	L523	S		436.3196	1.0292	6.5153	100.0024	39.9946	0.8430	0.8283	5.0000	18.5934	508.0442	94.8380	13.6098	25.1000	0.9300	0.9508	0.5563	-0.0013	508.0000	508.4933	1.0275	9.2887	100.0902	40.0445	0.8230	0.8273	5.0000	-9999.0000	-9999.0000	-9999.0000	-9999.0000	-9999.0000	-9999.0000	19.7789	8	0	25.6812	1.0000	99	9	-9999.0000	11828	1796	-9999	2583	2484	-9999	273.6089	5	0.5397	0.5563	-0.0013	56.0202	1.1173	470.0460	437.6897	37.3611	473.5351	95.8333	470.4814	94.8611	465.1467	95.0926	469.1056	94.9537	
26/08/2017	01:34:59	011992	G523115563HLR	L523	S		432.4159	1.0292	6.9746	100.0288	39.9489	0.8430	0.8282	5.0000	18.6874	508.0517	94.8380	14.1792	25.1000	0.9300	0.9508	0.5605	-0.0016	508.0000	507.9442	1.0275	9.3462	100.2009	40.0000	0.8230	0.8272	5.0000	-9999.0000	-9999.0000	-9999.0000	-9999.0000	-9999.0000	-9999.0000	19.8750	1	0	25.9186	1.0000	99	9	-9999.0000	11828	1797	-9999	2583	2485	-9999	273.0037	5	0.5401	0.5605	-0.0016	50.3231	1.5434	460.4350	447.1694	37.4769	471.9691	96.3426	460.2188	95.3935	459.8834	95.2315	463.7228	94.9769	
26/08/2017	01:35:24	011992	G523115576HLR	L523	S		435.4811	1.0292	6.6140	100.0014	39.9315	0.8430	0.8283	5.0000	18.4479	508.1203	94.8611	13.5601	25.1000	0.9300	0.9507	0.5609	-0.0017	508.0000	508.2200	1.0275	9.3173	100.2095	40.0000	0.8230	0.8273	5.0000	-9999.0000	-9999.0000	-9999.0000	-9999.0000	-9999.0000	-9999.0000	19.6489	2	0	25.3628	1.0000	99	9	-9999.0000	11829	1798	-9999	2584	2486	-9999	273.6029	5	0.5400	0.5609	-0.0017	48.8110	1.6764	464.9841	435.2374	37.3611	480.7097	95.9722	465.0139	95.0463	464.0906	95.2083	467.3990	94.9537	
26/08/2017	01:35:50	011992	G523115566HLR	L523	S		439.0962	1.0292	6.1887	100.0153	39.9691	0.8430	0.8283	5.0000	19.0085	508.0745	94.8148	11.8795	25.1000	0.9300	0.9507	0.5608	-0.0017	508.0000	507.5583	1.0275	9.3866	100.0547	40.0000	0.8230	0.8273	5.0000	-9999.0000	-9999.0000	-9999.0000	-9999.0000	-9999.0000	-9999.0000	19.5344	3	0	25.8528	1.0000	99	9	-9999.0000	11829	1799	-9999	2585	2487	-9999	274.9827	5	0.5401	0.5608	-0.0017	49.2032	1.6366	468.9328	459.4919	36.8981	474.5333	95.9954	468.8017	94.9769	472.1191	95.1157	475.3717	95.0000	
