Data	Timp	Nr. masina	Nr. de serie	Tip	Productie	Comentariu	Pre-masurare Q [ml/min]	Pre-masurare Gain	Pre-masurare Offset Master	Pre-masurare P [bar]	Pre-masurare T [°C]	Pre-masurare Densitate fixa [kg/l]	Pre-masurare densitate masurata [kg/l]	Pre-masurare Timp masurare [s]	Pre-masurare Cycle time [s]	rectificare Q Oprire [ml/min]	rectificare P Oprire [bar]	rectificare Timp rectificare [s]	rectificare T [°C]	rectificare Densitate fixa [kg/l]	rectificare densitate masurata [kg/l]	rectificare Factor de masurare la rectificare	rectificare Factor de corectie a debitului	rectificare Target rectificare	Masurare Q [ml/min]	Masurare Gain	Masurare Offset Master	Masurare P [bar]	Masurare T [°C]	Masurare Densitate fixa [kg/l]	Masurare densitate masurata [kg/l]	Masurare Timp masurare [s]	Masurare Q [ml/min]	Masurare Delta Q [ml/min]	Masurare P [bar]	Masurare BP [bar]	Masurare T [°C]	Masurare Timp masurare [s]	Masurare Cycle time [s]	Nest Nr.	Cod de descarcare	Cycle time [s]	Traceability aktiv	EDM Maschine Nr	EDM Spindle Nr	Honing Rate [r	Station Counter Premeasure	Station Counter Grind	Station Counter Blowout 1	Station Counter Wash	Station Counter Measure	Station Counter Blowout 2	RealGrindQStop	Reg Type	Factor 0	Factor 1	Factor 2	Factor 3	Factor 4	G_StartQV	G_StartQV_1	G_StartQV_2	G_StartQV_3	G_StartQV_4	G_StartQV_5	
28/08/2017	00:13:11	011992	G488125784HLR	L488	S		624.8480	1.0292	10.0000	99.9568	39.1315	0.8430	0.8272	5.0000	18.8186	713.0986	94.9306	15.8696	26.4000	0.9300	0.9452	0.6302	-0.0005	713.0000	726.0971	1.0275	-2.1479	100.0789	38.8319	0.8230	0.8241	5.0000	-9999.0000	-9999.0000	-9999.0000	-9999.0000	-9999.0000	-9999.0000	23.2418	3	2	25.7392	1.0000	10	1	-9999.0000	15295	5643	-9999	694	704	-9999	443.7866	5	0.6239	0.6302	-0.0005	56.7014	2.9882	633.7795	353.1494	37.9630	612.6219	94.5370	644.3881	95.7870	655.4515	95.4630	659.0457	95.1157	
28/08/2017	00:15:53	011992	G488125776HLR	L488	S		614.9082	1.0292	10.0000	100.0948	39.1936	0.8430	0.8266	5.0000	20.7513	713.0692	94.9306	14.7301	26.2000	0.9300	0.9454	0.6302	-0.0005	713.0000	727.0743	1.0275	-2.1748	99.9737	39.0349	0.8230	0.8242	5.0000	-9999.0000	-9999.0000	-9999.0000	-9999.0000	-9999.0000	-9999.0000	20.9393	7	2	25.5388	1.0000	10	1	-9999.0000	15297	5644	-9999	695	705	-9999	444.1344	5	0.6234	0.6302	-0.0005	58.8776	2.8197	628.8194	419.6410	36.6898	607.5339	94.8611	646.8824	94.9306	656.7600	95.4167	661.0644	95.1389	
28/08/2017	00:18:01	011992	G488125749HLR	L488	S		614.8949	1.0292	10.0000	99.8440	40.2036	0.8430	0.8282	5.0000	21.8000	713.0749	94.9074	15.6293	26.0000	0.9300	0.9454	0.6302	-0.0005	713.0000	728.0906	1.0275	-2.2029	99.6395	39.0523	0.8230	0.8244	5.0000	-9999.0000	-9999.0000	-9999.0000	-9999.0000	-9999.0000	-9999.0000	21.7689	1	2	25.8984	1.0000	10	1	-9999.0000	15298	5645	-9999	696	706	-9999	443.8184	5	0.6234	0.6302	-0.0005	58.8776	2.8197	618.5693	432.3257	35.6481	596.5205	95.3935	640.8211	94.6759	649.8278	95.2083	655.2698	95.0231	
28/08/2017	00:18:50	011992	G488125760HLR	L488	S		615.2715	1.0292	10.0000	99.8973	39.3040	0.8430	0.8270	5.0000	20.8886	713.1551	94.9074	14.5795	25.9000	0.9300	0.9458	0.6523	-0.0024	713.0000	724.6730	1.0275	-2.1086	100.0690	39.6000	0.8230	0.8272	5.0000	-9999.0000	-9999.0000	-9999.0000	-9999.0000	-9999.0000	-9999.0000	20.6689	3	2	25.0757	1.0000	10	1	-9999.0000	15299	5646	-9999	697	707	-9999	440.1134	5	0.6225	0.6523	-0.0024	25.9227	5.6650	593.1311	369.7359	36.1574	569.6946	95.2778	621.9283	94.6528	633.3803	95.2778	641.7023	95.0694	
28/08/2017	00:19:50	011992	G488125770HLR	L488	S		615.7120	1.0292	10.0000	99.9912	39.4000	0.8430	0.8283	5.0000	19.0295	713.0600	94.9074	14.9291	25.6000	0.9300	0.9460	0.6639	-0.0033	713.0000	725.3333	1.0275	-2.1268	100.1621	39.7760	0.8230	0.8241	5.0000	-9999.0000	-9999.0000	-9999.0000	-9999.0000	-9999.0000	-9999.0000	23.6695	5	2	24.9190	1.0000	10	1	-9999.0000	15300	5647	-9999	698	708	-9999	437.8867	5	0.6213	0.6639	-0.0033	19.8379	6.1068	590.7171	366.4609	35.1157	570.7709	95.0463	610.8811	94.7454	625.2435	95.3009	634.1178	95.0463	
28/08/2017	00:21:03	011992	G488125785HLR	L488	S		618.9919	1.0292	10.0000	100.0072	39.9996	0.8430	0.8285	5.0000	20.7198	713.1193	94.8843	13.9097	25.5000	0.9300	0.9459	0.6666	-0.0036	713.0000	723.7049	1.0275	-2.0819	99.9217	39.9920	0.8230	0.8266	5.0000	-9999.0000	-9999.0000	-9999.0000	-9999.0000	-9999.0000	-9999.0000	21.8769	7	2	47.4876	1.0000	10	1	-9999.0000	15301	5648	-9999	699	709	-9999	439.5987	5	0.6200	0.6666	-0.0036	18.2956	6.2584	584.1873	402.4597	35.4398	563.3282	95.3472	611.1195	94.6528	624.4699	95.2778	633.3239	95.1157	
28/08/2017	00:21:42	011992	G488125831HLR	L488	S		619.8453	1.0292	10.0000	100.0540	39.5249	0.8430	0.8268	5.0000	20.6571	713.1413	94.9074	13.9194	25.5000	0.9300	0.9459	0.6724	-0.0041	713.0000	722.5868	1.0275	-2.0511	100.2291	39.5934	0.8230	0.8259	5.0000	-9999.0000	-9999.0000	-9999.0000	-9999.0000	-9999.0000	-9999.0000	19.9883	1	2	15.0795	1.0000	10	1	-9999.0000	15302	5649	-9999	700	710	-9999	438.3945	5	0.6182	0.6724	-0.0041	20.9802	6.0043	584.7546	401.1514	34.9074	563.9661	95.1157	607.5142	94.6991	620.4188	95.3472	630.0642	95.1620	
28/08/2017	00:35:52	011992	H421130702HLR	L421	S		692.8197	1.0292	10.0000	99.8746	39.4914	0.8430	0.8271	5.0000	19.6485	815.1298	94.8843	14.7495	25.1000	0.9300	0.9467	0.6883	-0.0025	815.0000	817.2849	1.0275	-4.4951	99.9634	39.5607	0.8230	0.8234	5.0000	-9999.0000	-9999.0000	-9999.0000	-9999.0000	-9999.0000	-9999.0000	25.6715	3	0	25.8487	1.0000	02	1	-9999.0000	15303	5650	-9999	701	711	-9999	530.9987	5	0.6533	0.6883	-0.0025	41.4292	5.2562	664.1951	296.3994	35.6944	641.6347	93.0093	695.1817	95.4167	713.9795	95.6019	722.5671	95.2778	
28/08/2017	00:36:42	011992	H421130624HLR	L421	S		692.0920	1.0292	10.0000	100.0185	40.1571	0.8430	0.8270	5.0000	20.3596	815.1527	94.8843	15.0697	25.2000	0.9300	0.9468	0.6883	-0.0025	815.0000	818.8821	1.0275	-4.4907	99.8673	40.1363	0.8230	0.8262	5.0000	-9999.0000	-9999.0000	-9999.0000	-9999.0000	-9999.0000	-9999.0000	21.0774	5	0	25.9687	1.0000	02	1	-9999.0000	15304	5651	-9999	701	712	-9999	530.3487	5	0.6533	0.6883	-0.0025	41.4292	5.2562	664.3544	402.1519	34.8611	641.1336	94.3287	696.1815	95.0926	713.0499	95.4861	722.2687	95.0694	
28/08/2017	00:37:39	011992	H421130684HLR	L421	S		693.6875	1.0292	10.0000	99.9946	39.6485	0.8430	0.8269	5.0000	20.2091	815.2070	94.8380	14.9194	25.2000	0.9300	0.9468	0.6867	-0.0025	815.0000	815.5608	1.0275	-4.4998	99.8154	39.4968	0.8230	0.8238	5.0000	-9999.0000	-9999.0000	-9999.0000	-9999.0000	-9999.0000	-9999.0000	20.9584	7	0	25.7797	1.0000	02	1	-9999.0000	15305	5652	-9999	702	713	-9999	529.4242	5	0.6497	0.6867	-0.0025	41.4873	5.2636	666.2918	376.2861	34.4676	642.0067	94.4907	699.3208	94.9306	714.3956	95.4398	724.2521	95.0000	
28/08/2017	00:38:29	011992	H421130634HLR	L421	S		694.3225	1.0292	10.0000	100.0634	39.9659	0.8430	0.8266	5.0000	20.4667	815.1357	94.8380	15.0600	25.2000	0.9300	0.9468	0.6861	-0.0025	815.0000	813.9618	1.0275	-4.2921	99.8976	40.1749	0.8230	0.8251	5.0000	-9999.0000	-9999.0000	-9999.0000	-9999.0000	-9999.0000	-9999.0000	21.2489	1	0	24.9081	1.0000	02	1	-9999.0000	15306	5653	-9999	703	714	-9999	528.6106	5	0.6487	0.6861	-0.0025	41.5071	5.2661	668.4344	407.3753	35.0926	645.7265	94.7222	695.5585	94.9074	708.5195	95.3935	718.4071	95.0694	
28/08/2017	00:39:18	011992	H421130638HLR	L421	S		694.1404	1.0292	10.0000	100.0157	39.7976	0.8430	0.8271	5.0000	20.8792	815.1564	94.8611	14.9096	25.3000	0.9300	0.9470	0.6863	-0.0025	815.0000	813.7258	1.0275	-4.2602	99.7495	39.6096	0.8230	0.8245	5.0000	-9999.0000	-9999.0000	-9999.0000	-9999.0000	-9999.0000	-9999.0000	20.8689	3	0	24.9590	1.0000	02	1	-9999.0000	15307	5654	-9999	704	715	-9999	529.0243	5	0.6489	0.6863	-0.0025	41.5052	5.2658	670.1968	385.5698	33.4259	648.3155	94.7222	700.4358	94.7454	713.9333	95.4398	722.4405	95.0926	
28/08/2017	00:40:09	011992	H421131903HLR	L421	S		699.2286	1.0292	10.0000	99.9955	39.8076	0.8430	0.8266	5.0000	19.4091	815.1715	94.8380	13.5503	25.3000	0.9300	0.9470	0.6865	-0.0025	815.0000	818.0278	1.0275	-4.4931	100.0078	40.0248	0.8230	0.8247	5.0000	-9999.0000	-9999.0000	-9999.0000	-9999.0000	-9999.0000	-9999.0000	22.2423	5	0	24.9793	1.0000	02	1	-9999.0000	15308	5655	-9999	705	716	-9999	532.0333	5	0.6490	0.6865	-0.0025	41.4989	5.2651	670.5589	384.5971	33.5880	645.6292	95.2778	708.4525	94.8611	723.9530	95.4167	732.6000	95.0694	
28/08/2017	00:40:58	011992	H421131911HLR	L421	S		701.1515	1.0292	10.0000	99.9887	40.0180	0.8430	0.8276	5.0000	19.9386	815.1449	94.9074	13.4692	25.3000	0.9300	0.9470	0.7110	-0.0041	815.0000	821.4944	1.0275	-4.4836	99.8588	39.7591	0.8230	0.8250	5.0000	-9999.0000	-9999.0000	-9999.0000	-9999.0000	-9999.0000	-9999.0000	20.7585	7	0	24.8991	1.0000	02	1	-9999.0000	15309	5656	-9999	706	717	-9999	534.2430	5	0.6492	0.7110	-0.0041	165.2266	-2.8783	657.5443	395.6500	35.4861	635.0686	94.6991	691.6696	95.1620	708.6200	95.3009	718.4655	94.9306	
28/08/2017	00:41:47	011992	H421131896HLR	L421	S		698.2345	1.0292	10.0000	100.0074	39.7192	0.8430	0.8266	5.0000	19.1292	815.1132	94.8843	12.7788	25.3000	0.9300	0.9469	0.6585	-0.0006	815.0000	814.6856	1.0275	-4.3899	99.8517	39.9848	0.8230	0.8250	5.0000	-9999.0000	-9999.0000	-9999.0000	-9999.0000	-9999.0000	-9999.0000	20.3688	1	0	24.9786	1.0000	02	1	-9999.0000	15310	5657	-9999	707	718	-9999	530.6006	5	0.6494	0.6585	-0.0006	86.9572	2.3650	704.0464	419.2383	36.0417	680.4498	94.6065	734.6600	95.0231	748.1863	95.3009	755.9168	95.0463	
28/08/2017	00:42:36	011992	H421131889HLR	L421	S		701.4057	1.0292	10.0000	99.9228	40.0794	0.8430	0.8273	5.0000	20.4483	815.1204	94.9074	12.4302	25.2000	0.9300	0.9468	0.6589	-0.0006	815.0000	814.5784	1.0275	-4.3755	99.7985	39.8492	0.8230	0.8254	5.0000	-9999.0000	-9999.0000	-9999.0000	-9999.0000	-9999.0000	-9999.0000	20.1577	3	0	24.8826	1.0000	02	1	-9999.0000	15311	5658	-9999	707	719	-9999	530.7917	5	0.6495	0.6589	-0.0006	94.7221	1.8451	702.0449	418.7305	34.1435	677.6882	95.0463	735.9358	95.0463	749.9107	95.3009	757.5229	94.9537	
28/08/2017	00:43:25	011992	H421131830HLR	L421	S		704.0314	1.0292	10.0000	99.9900	39.7431	0.8430	0.8268	5.0000	18.8001	815.0905	94.9074	12.0689	25.2000	0.9300	0.9469	0.6602	-0.0007	815.0000	814.9607	1.0275	-4.4271	99.9408	39.9018	0.8230	0.8248	5.0000	-9999.0000	-9999.0000	-9999.0000	-9999.0000	-9999.0000	-9999.0000	20.0171	5	0	24.9687	1.0000	02	1	-9999.0000	15312	5659	-9999	708	720	-9999	531.1701	5	0.6498	0.6602	-0.0007	86.8584	2.3776	702.2040	402.2595	34.1435	676.2409	95.2315	738.3426	95.1389	751.7188	95.3704	759.7831	95.0231	
28/08/2017	00:44:15	011992	H421131827HLR	L421	S		705.3351	1.0292	10.0000	99.9457	40.0523	0.8430	0.8269	5.0000	21.1887	815.1086	94.8611	11.6998	25.2000	0.9300	0.9469	0.6612	-0.0008	815.0000	815.1633	1.0275	-4.4545	99.8614	39.9485	0.8230	0.8258	5.0000	-9999.0000	-9999.0000	-9999.0000	-9999.0000	-9999.0000	-9999.0000	20.1091	7	0	24.8388	1.0000	02	1	-9999.0000	15313	5660	-9999	709	721	-9999	531.5984	5	0.6500	0.6612	-0.0008	77.4980	3.0168	703.2293	404.4567	33.2407	677.7714	94.8148	740.3527	95.4398	755.6983	95.3241	764.0811	94.9537	
28/08/2017	00:45:04	011992	H421131918HLR	L421	S		697.8059	1.0292	10.0000	99.9939	39.7531	0.8430	0.8267	5.0000	19.4919	815.1430	94.9074	13.5190	25.2000	0.9300	0.9469	0.6615	-0.0008	815.0000	815.4496	1.0275	-4.4932	99.8712	39.7818	0.8230	0.8243	5.0000	-9999.0000	-9999.0000	-9999.0000	-9999.0000	-9999.0000	-9999.0000	20.3690	1	0	24.9189	1.0000	02	1	-9999.0000	15314	5661	-9999	710	722	-9999	530.4258	5	0.6502	0.6615	-0.0008	70.7778	3.4792	694.0436	403.3406	35.2778	669.7770	94.8148	729.2265	95.6481	742.8679	95.3241	750.0502	94.9306	
28/08/2017	00:45:53	011992	H421131917HLR	L421	S		699.3214	1.0292	10.0000	99.8452	40.0240	0.8430	0.8267	5.0000	21.6398	815.1675	94.8843	12.4790	25.2000	0.9300	0.9471	0.6620	-0.0008	815.0000	814.1738	1.0275	-4.3208	99.7818	40.1076	0.8230	0.8262	5.0000	-9999.0000	-9999.0000	-9999.0000	-9999.0000	-9999.0000	-9999.0000	19.8119	3	0	24.9190	1.0000	02	1	-9999.0000	15315	5662	-9999	711	723	-9999	531.1483	5	0.6504	0.6620	-0.0008	70.2471	3.4846	697.2319	423.3185	33.8657	672.6314	95.1157	733.0149	95.7407	746.3885	95.3009	753.7222	94.7917	
28/08/2017	00:46:59	011992	H421131895HLR	L421	S		701.4772	1.0292	10.0000	99.9387	39.7574	0.8430	0.8265	5.0000	20.3348	815.1125	94.8611	12.5991	25.2000	0.9300	0.9470	0.6625	-0.0009	815.0000	814.8315	1.0275	-4.4097	99.9206	39.6445	0.8230	0.8239	5.0000	-9999.0000	-9999.0000	-9999.0000	-9999.0000	-9999.0000	-9999.0000	20.4082	5	0	41.9485	1.0000	02	1	-9999.0000	15315	5663	-9999	712	724	-9999	531.0002	5	0.6507	0.6625	-0.0009	75.5808	3.0631	692.6690	404.2216	34.7917	666.3572	95.0926	733.4196	96.0185	747.2703	95.4398	754.8819	94.7917	
28/08/2017	00:47:48	011992	H421131850HLR	L421	S		702.2144	1.0292	10.0000	99.9296	39.9980	0.8430	0.8266	5.0000	21.4521	815.0945	94.8611	13.2300	25.2000	0.9300	0.9471	0.6616	-0.0008	815.0000	817.5643	1.0275	-4.4944	99.8621	40.0727	0.8230	0.8247	5.0000	-9999.0000	-9999.0000	-9999.0000	-9999.0000	-9999.0000	-9999.0000	20.0983	7	0	25.1388	1.0000	02	1	-9999.0000	15316	5664	-9999	713	725	-9999	530.5753	5	0.6510	0.6616	-0.0008	77.8969	2.8909	695.6076	412.0971	33.4954	668.9144	95.3935	734.7242	95.6481	749.3880	95.3935	755.0316	94.9306	
28/08/2017	00:48:39	011992	H421131835HLR	L421	S		702.9103	1.0292	10.0000	99.9087	39.8377	0.8430	0.8269	5.0000	19.5983	789.2757	94.9306	31.0086	24.9000	0.9300	0.9468	0.6613	-0.0008	815.0000	867.3929	1.0275	-4.3580	100.1004	39.7533	0.8230	0.8245	5.0000	-9999.0000	-9999.0000	-9999.0000	-9999.0000	-9999.0000	-9999.0000	22.6829	1	2	24.8389	1.0000	02	1	-9999.0000	15317	5665	-9999	714	726	-9999	502.9211	5	0.6512	0.6613	-0.0008	50.1720	5.0916	574.2282	421.7207	35.7870	554.4679	97.1528	572.3227	95.5324	585.0393	94.9074	599.9046	94.7222	
28/08/2017	00:49:30	011992	H421131846HLR	L421	S		700.2292	1.0292	10.0000	99.8849	39.7936	0.8430	0.8263	5.0000	20.3985	815.1165	94.9074	12.3491	25.3000	0.9300	0.9469	0.6638	-0.0010	815.0000	814.6444	1.0275	-4.3844	100.0205	39.9685	0.8230	0.8247	5.0000	-9999.0000	-9999.0000	-9999.0000	-9999.0000	-9999.0000	-9999.0000	20.6516	3	0	24.9192	1.0000	02	1	-9999.0000	15318	5666	-9999	715	727	-9999	531.2184	5	0.6511	0.6638	-0.0010	53.5219	4.8116	702.3476	427.5152	34.8380	679.1040	94.0278	733.6433	95.4167	747.1308	95.0694	754.3387	94.9074	
28/08/2017	00:50:20	011992	H421131847HLR	L421	S		705.4344	1.0292	10.0000	99.9093	40.0449	0.8430	0.8273	5.0000	20.0432	815.0912	94.8843	12.9692	25.2000	0.9300	0.9469	0.6636	-0.0010	815.0000	817.3014	1.0275	-4.4951	99.9060	39.9236	0.8230	0.8254	5.0000	-9999.0000	-9999.0000	-9999.0000	-9999.0000	-9999.0000	-9999.0000	20.1090	5	0	24.8595	1.0000	02	1	-9999.0000	15319	5667	-9999	716	728	-9999	530.7569	5	0.6511	0.6636	-0.0010	62.6429	4.0817	699.3583	405.6302	33.9352	673.6120	94.1435	737.0441	95.5556	749.4927	95.3241	756.2838	94.9306	
28/08/2017	00:51:09	011992	H421131837HLR	L421	S		702.8188	1.0292	10.0000	99.9323	39.6032	0.8430	0.8257	5.0000	23.1489	815.1318	94.9074	11.8492	25.2000	0.9300	0.9470	0.6631	-0.0009	815.0000	813.4074	1.0275	-4.2172	99.9934	39.8677	0.8230	0.8245	5.0000	-9999.0000	-9999.0000	-9999.0000	-9999.0000	-9999.0000	-9999.0000	20.4590	7	0	24.8160	1.0000	02	1	-9999.0000	15320	5668	-9999	716	729	-9999	531.7528	5	0.6513	0.6631	-0.0009	72.6215	3.2893	692.7142	385.4029	34.1898	654.5894	94.6296	738.4539	96.0648	751.1500	95.1620	756.8918	94.8611	
28/08/2017	00:51:58	011992	H421131857HLR	L421	S		702.7934	1.0292	10.0000	99.9382	40.1455	0.8430	0.8269	5.0000	21.3096	815.1117	94.8843	11.8794	25.2000	0.9300	0.9469	0.6716	-0.0016	815.0000	815.5349	1.0275	-4.4999	100.0253	39.9733	0.8230	0.8254	5.0000	-9999.0000	-9999.0000	-9999.0000	-9999.0000	-9999.0000	-9999.0000	20.9390	1	0	24.8792	1.0000	02	1	-9999.0000	15321	5669	-9999	717	730	-9999	531.8597	5	0.6511	0.6716	-0.0016	74.5353	3.0994	692.1473	398.4114	35.3009	667.4414	94.3287	730.9070	95.7407	745.6751	95.3704	755.3894	94.8148	
28/08/2017	00:52:46	011992	H421131870HLR	L421	S		704.0250	1.0292	10.0000	99.9198	39.7196	0.8430	0.8263	5.0000	20.1584	815.1613	94.9074	12.0894	25.2000	0.9300	0.9471	0.6877	-0.0029	815.0000	817.0706	1.0275	-4.4957	99.9952	39.7928	0.8230	0.8243	5.0000	-9999.0000	-9999.0000	-9999.0000	-9999.0000	-9999.0000	-9999.0000	19.7631	3	0	24.7993	1.0000	02	1	-9999.0000	15322	5670	-9999	718	731	-9999	532.1431	5	0.6513	0.6877	-0.0029	72.8814	3.2248	677.4406	392.8162	35.0926	652.5757	94.9074	718.3133	95.9259	734.9380	95.3704	743.8116	94.9769	
28/08/2017	00:53:35	011992	H421131858HLR	L421	S		704.6549	1.0292	10.0000	99.9611	40.1330	0.8430	0.8276	5.0000	19.2591	815.1983	94.8843	11.7300	25.2000	0.9300	0.9471	0.6866	-0.0028	815.0000	816.0424	1.0275	-4.4985	100.0454	40.0788	0.8230	0.8258	5.0000	-9999.0000	-9999.0000	-9999.0000	-9999.0000	-9999.0000	-9999.0000	20.3022	5	0	24.9092	1.0000	02	1	-9999.0000	15323	5671	-9999	719	731	-9999	532.9434	5	0.6514	0.6866	-0.0028	76.8007	2.9312	678.6477	406.3049	33.8657	653.3218	95.0231	720.2609	95.5324	735.6960	95.3009	744.8468	94.9306	
28/08/2017	00:54:24	011992	H421131853HLR	L421	S		701.3754	1.0292	10.0000	99.9632	39.7623	0.8430	0.8266	5.0000	18.8631	815.1469	94.8380	12.4800	25.2000	0.9300	0.9471	0.6897	-0.0031	815.0000	816.7127	1.0275	-4.4967	100.0404	39.7423	0.8230	0.8242	5.0000	-9999.0000	-9999.0000	-9999.0000	-9999.0000	-9999.0000	-9999.0000	19.9898	7	0	24.8983	1.0000	02	1	-9999.0000	15324	5672	-9999	720	732	-9999	531.1901	5	0.6513	0.6897	-0.0031	79.6595	2.7310	672.4051	388.6568	33.6574	647.4281	95.6481	714.0091	95.3472	729.1445	95.2778	739.0581	94.9769	
28/08/2017	00:55:12	011992	H421131862HLR	L421	S		703.4800	1.0292	10.0000	99.9196	40.0840	0.8430	0.8270	5.0000	20.7905	815.1995	94.9074	12.3296	25.1000	0.9300	0.9469	0.6934	-0.0034	815.0000	817.2371	1.0275	-4.4952	99.9054	40.1757	0.8230	0.8260	5.0000	-9999.0000	-9999.0000	-9999.0000	-9999.0000	-9999.0000	-9999.0000	20.2592	1	0	24.8087	1.0000	02	1	-9999.0000	15325	5673	-9999	721	733	-9999	531.3911	5	0.6516	0.6934	-0.0034	80.9011	2.6242	673.2698	388.5634	33.0787	648.2375	95.0000	713.0388	95.3009	726.7959	95.2315	736.2930	94.9537	
28/08/2017	00:56:02	011992	H421125420HLR	L421	S		685.9390	1.0292	10.0000	99.9347	39.7619	0.8430	0.8264	5.0000	19.8084	815.1109	94.8843	12.5796	25.1000	0.9300	0.9471	0.6937	-0.0034	815.0000	815.3004	1.0275	-4.4730	100.0708	39.6994	0.8230	0.8238	5.0000	-9999.0000	-9999.0000	-9999.0000	-9999.0000	-9999.0000	-9999.0000	20.5282	3	0	24.8292	1.0000	02	1	-9999.0000	15326	5674	-9999	722	734	-9999	530.4222	5	0.6514	0.6937	-0.0034	80.8254	2.6332	665.4994	385.9036	33.2870	640.2591	95.1389	707.2123	95.4398	722.6905	95.1157	733.6883	94.9074	
28/08/2017	00:56:50	011992	H421131867HLR	L421	S		706.9871	1.0292	10.0000	99.9092	40.0922	0.8430	0.8273	5.0000	19.8180	815.1853	94.8843	11.7398	25.2000	0.9300	0.9469	0.6941	-0.0035	815.0000	817.9745	1.0275	-4.4932	100.0192	40.2236	0.8230	0.8261	5.0000	-9999.0000	-9999.0000	-9999.0000	-9999.0000	-9999.0000	-9999.0000	19.9092	5	0	24.8890	1.0000	02	1	-9999.0000	15327	5675	-9999	722	735	-9999	532.7388	5	0.6512	0.6941	-0.0035	80.4266	2.6795	682.9838	402.7293	34.0046	658.7096	95.0000	720.6023	95.5556	734.2732	95.2546	744.4930	94.9769	
28/08/2017	00:57:39	011992	H421131495HLR	L421	S		710.0070	1.0292	10.0000	99.9277	39.7379	0.8430	0.8261	5.0000	20.8184	815.1325	94.8843	11.2398	25.1000	0.9300	0.9471	0.6960	-0.0036	815.0000	818.0814	1.0275	-4.4929	100.1288	39.7297	0.8230	0.8241	5.0000	-9999.0000	-9999.0000	-9999.0000	-9999.0000	-9999.0000	-9999.0000	19.7229	7	0	24.8890	1.0000	02	1	-9999.0000	15328	5676	-9999	723	736	-9999	534.1169	5	0.6514	0.6960	-0.0036	77.8700	2.9038	671.5073	383.5388	34.7454	645.5860	95.5093	716.2207	95.5787	733.9105	95.3704	743.7026	94.9306	
28/08/2017	00:58:27	011992	H421131484HLR	L421	S		713.5282	1.0292	10.0000	99.9297	40.0914	0.8430	0.8270	5.0000	20.5694	815.1486	94.9074	11.1793	25.2000	0.9300	0.9469	0.6837	-0.0026	815.0000	819.8552	1.0275	-4.4881	100.0931	40.2250	0.8230	0.8264	5.0000	-9999.0000	-9999.0000	-9999.0000	-9999.0000	-9999.0000	-9999.0000	19.5379	1	0	24.8793	1.0000	02	1	-9999.0000	15329	5677	-9999	724	737	-9999	533.2577	5	0.6514	0.6837	-0.0026	49.2652	5.2712	691.4109	378.5569	33.0787	665.7905	95.3704	732.6485	95.3472	747.1983	95.0694	754.8231	94.9074	
28/08/2017	00:59:16	011992	H421131525HLR	L421	S		702.5117	1.0292	10.0000	99.9445	39.7511	0.8430	0.8262	5.0000	20.4494	815.1309	94.8843	12.6499	25.1000	0.9300	0.9471	0.6781	-0.0022	815.0000	816.3828	1.0275	-4.4976	100.2275	39.7457	0.8230	0.8242	5.0000	-9999.0000	-9999.0000	-9999.0000	-9999.0000	-9999.0000	-9999.0000	19.3378	3	0	25.2198	1.0000	02	1	-9999.0000	15330	5678	-9999	725	738	-9999	530.0489	5	0.6515	0.6781	-0.0022	45.9885	5.5394	680.4379	393.3928	33.4954	654.2975	95.7407	721.8859	95.3241	736.6799	95.2315	745.4801	95.0000	
28/08/2017	01:00:07	011992	H421131498HLR	L421	S		709.9863	1.0292	10.0000	99.9270	40.1000	0.8430	0.8273	5.0000	19.9387	815.2213	94.8843	11.6499	25.1000	0.9300	0.9470	0.6786	-0.0022	815.0000	817.0952	1.0275	-4.4956	100.1462	40.1198	0.8230	0.8252	5.0000	-9999.0000	-9999.0000	-9999.0000	-9999.0000	-9999.0000	-9999.0000	22.4588	5	0	24.8790	1.0000	02	1	-9999.0000	15331	5679	-9999	726	739	-9999	532.0175	5	0.6516	0.6786	-0.0022	38.5771	6.1512	683.4811	390.6782	34.3519	656.8977	95.3472	726.4389	95.5556	739.0110	95.3009	748.8145	94.9537	
28/08/2017	01:00:58	011992	H421131508HLR	L421	S		712.1978	1.0292	10.0000	99.9570	39.7499	0.8430	0.8261	5.0000	20.5772	815.1063	94.8843	10.7193	25.1000	0.9300	0.9471	0.6773	-0.0022	815.0000	818.5632	1.0275	-4.4916	100.0572	39.5607	0.8230	0.8233	5.0000	-9999.0000	-9999.0000	-9999.0000	-9999.0000	-9999.0000	-9999.0000	22.5284	7	0	24.8995	1.0000	02	1	-9999.0000	15332	5680	-9999	727	740	-9999	533.3094	5	0.6512	0.6773	-0.0022	44.8307	5.6278	691.8830	392.7529	33.1019	666.3894	95.3241	734.9198	95.5787	750.8063	95.2778	759.9653	94.8611	
28/08/2017	01:01:48	011992	H421131497HLR	L421	S		694.6278	1.0292	10.0000	99.9388	40.0956	0.8430	0.8272	5.0000	20.3091	815.1881	94.8843	13.8501	25.1000	0.9300	0.9472	0.6708	-0.0016	815.0000	814.7468	1.0275	-4.3982	99.9906	40.2958	0.8230	0.8260	5.0000	-9999.0000	-9999.0000	-9999.0000	-9999.0000	-9999.0000	-9999.0000	19.7888	1	0	26.7626	1.0000	02	1	-9999.0000	15333	5681	-9999	728	741	-9999	528.3850	5	0.6511	0.6708	-0.0016	44.6322	5.6271	680.2982	416.1477	34.7917	654.6821	95.7407	716.3374	95.0231	727.9924	95.0926	737.1886	95.0463	
28/08/2017	01:03:04	011992	H421131479HLR	L421	S		716.8767	1.0292	10.0000	99.9532	39.7066	0.8430	0.8273	5.0000	18.8401	815.1624	94.7454	8.7497	25.4000	0.9300	0.9471	0.6629	-0.0010	815.0000	813.1481	1.0275	-4.1822	100.0816	39.6452	0.8230	0.8249	5.0000	-9999.0000	-9999.0000	-9999.0000	-9999.0000	-9999.0000	-9999.0000	20.1678	4	0	24.5428	1.0000	02	1	-9999.0000	15335	5682	-9999	730	742	-9999	533.3180	5	0.6511	0.6629	-0.0010	52.7409	4.9218	717.2190	393.9848	33.6574	691.5359	95.3935	760.0556	95.6019	774.1052	95.3935	782.2920	95.0926	
28/08/2017	01:03:27	011992	error reading	L421	S		0.0000	0.0000	0.0000	0.0000	0.0000	0.8430	0.0000	0.0000	0.0000	0.0000	0.0000	0.0000	0.0000	0.9300	0.0000	0.0000	0.0000	0.0000	0.0000	0.0000	0.0000	0.0000	0.0000	0.8230	0.0000	0.0000	0.0000	0.0000	0.0000	0.0000	0.0000	0.0000	0.0000	0	28	24.5428	1.0000	02	1	0.0000	0	0	0	0	0	0	0.0000	0	0.0000	0.0000	0.0000	0.0000	0.0000	0.0000	0.0000	0.0000	0.0000	0.0000	0.0000	0.0000	0.0000	0.0000	0.0000	0.0000	
28/08/2017	01:04:19	011992	H421130649HLR	L421	S		695.4203	1.0292	10.0000	99.9546	40.1000	0.8430	0.8277	5.0000	19.0695	815.1580	94.9074	13.3892	25.1000	0.9300	0.9472	0.6631	-0.0010	815.0000	813.5305	1.0275	-4.2339	99.9091	40.0497	0.8230	0.8261	5.0000	-9999.0000	-9999.0000	-9999.0000	-9999.0000	-9999.0000	-9999.0000	20.4055	5	0	74.6333	1.0000	02	1	-9999.0000	15336	5683	-9999	730	743	-9999	529.4385	5	0.6506	0.6631	-0.0010	54.0736	4.7849	687.2362	423.1570	33.1250	663.3464	96.0648	728.0145	95.1620	738.9719	95.1620	747.5785	95.0926	
28/08/2017	01:05:13	011992	H421130642HLR	L421	S		694.2832	1.0292	10.0000	99.9197	39.7898	0.8430	0.8260	5.0000	20.7796	815.1067	94.9074	13.8794	25.2000	0.9300	0.9470	0.6631	-0.0010	815.0000	813.4962	1.0275	-4.2292	99.9666	39.8000	0.8230	0.8257	5.0000	-9999.0000	-9999.0000	-9999.0000	-9999.0000	-9999.0000	-9999.0000	20.3963	7	0	25.9288	1.0000	02	1	-9999.0000	15337	5684	-9999	731	744	-9999	528.8772	5	0.6506	0.6631	-0.0010	54.0736	4.7849	685.7574	416.6243	35.5093	660.6040	95.8102	724.0888	95.0694	736.6907	95.1852	744.4567	95.0926	
28/08/2017	01:05:39	011992	H421131520HLR	L421	S		717.9062	1.0292	10.0000	99.9366	39.7000	0.8430	0.8269	5.0000	19.5685	815.1211	94.9306	9.0094	25.1000	0.9300	0.9468	0.6673	-0.0014	815.0000	816.6334	1.0275	-4.4969	100.1898	40.1140	0.8230	0.8257	5.0000	-9999.0000	-9999.0000	-9999.0000	-9999.0000	-9999.0000	-9999.0000	20.4112	8	0	26.0293	1.0000	02	1	-9999.0000	15338	5685	-9999	732	744	-9999	533.9120	5	0.6512	0.6673	-0.0014	55.5821	4.6485	710.0129	412.0246	34.6065	683.9667	95.0231	756.0882	95.4630	769.3470	95.2315	777.8467	94.9537	
28/08/2017	01:06:54	011992	H421131496HLR	L421	S		715.9962	1.0292	10.0000	99.9502	40.1160	0.8430	0.8273	5.0000	20.4039	815.1326	94.9074	9.0202	25.2000	0.9300	0.9468	0.6656	-0.0012	815.0000	814.6256	1.0275	-4.3818	99.8875	39.9477	0.8230	0.8244	5.0000	-9999.0000	-9999.0000	-9999.0000	-9999.0000	-9999.0000	-9999.0000	20.0836	1	0	25.9991	1.0000	02	1	-9999.0000	15338	5686	-9999	733	745	-9999	533.8375	5	0.6512	0.6656	-0.0012	55.5129	4.6489	705.8680	417.6912	33.6806	678.8772	95.4630	756.5236	95.4398	771.1558	95.1852	780.1041	95.0926	
28/08/2017	01:07:58	011992	H421131509HLR	L421	S		719.3584	1.0292	10.0000	99.9309	39.8000	0.8430	0.8271	5.0000	20.3934	815.0890	94.8380	8.5700	25.3000	0.9300	0.9470	0.6642	-0.0011	815.0000	814.1800	1.0275	-4.3216	100.0585	39.8946	0.8230	0.8251	5.0000	-9999.0000	-9999.0000	-9999.0000	-9999.0000	-9999.0000	-9999.0000	19.9813	3	0	16.0794	1.0000	02	1	-9999.0000	15339	5687	-9999	734	746	-9999	533.9003	5	0.6512	0.6642	-0.0011	56.2676	4.5788	718.0565	343.9924	34.5370	693.3392	95.5556	760.0035	95.3009	774.6476	95.3009	783.0805	95.0231	
28/08/2017	01:10:42	011992	H421131883HLR	L421	S		691.3664	1.0292	10.0000	99.9387	39.9000	0.8430	0.8276	5.0000	19.9093	815.1112	94.9306	14.4789	25.1000	0.9300	0.9472	0.6653	-0.0012	815.0000	813.4964	1.0275	-4.2292	99.9912	39.9954	0.8230	0.8254	5.0000	-9999.0000	-9999.0000	-9999.0000	-9999.0000	-9999.0000	-9999.0000	20.7168	1	0	25.6192	1.0000	02	3	-9999.0000	15340	5688	-9999	735	747	-9999	528.5310	5	0.6522	0.6653	-0.0012	57.3544	4.4933	692.9995	365.7566	34.0509	651.2735	96.9907	717.8758	94.7685	727.6069	95.2778	736.0413	95.1157	
28/08/2017	01:11:37	011992	H421131888HLR	L421	S		695.1720	1.0292	10.0000	99.9070	39.8052	0.8430	0.8268	5.0000	18.2683	815.1075	94.8843	13.8803	25.2000	0.9300	0.9470	0.6653	-0.0012	815.0000	813.5207	1.0275	-4.2325	100.1980	39.7252	0.8230	0.8246	5.0000	-9999.0000	-9999.0000	-9999.0000	-9999.0000	-9999.0000	-9999.0000	20.5385	3	0	29.6593	1.0000	02	3	-9999.0000	15341	5689	-9999	736	748	-9999	529.0966	5	0.6522	0.6653	-0.0012	57.3544	4.4933	680.0085	395.0572	33.9120	654.7146	96.2731	720.3546	94.8843	733.8386	95.2778	742.3298	94.9537	
28/08/2017	01:12:03	011992	H421131899HLR	L421	S		697.7483	1.0292	10.0000	99.9511	39.8000	0.8430	0.8279	5.0000	18.3392	815.1121	94.8611	13.6802	25.0000	0.9300	0.9469	0.6653	-0.0012	815.0000	814.4306	1.0275	-4.3555	99.9325	39.7656	0.8230	0.8253	5.0000	-9999.0000	-9999.0000	-9999.0000	-9999.0000	-9999.0000	-9999.0000	20.6290	4	0	26.0888	1.0000	02	3	-9999.0000	15342	5690	-9999	737	749	-9999	529.5329	5	0.6522	0.6653	-0.0012	57.3544	4.4933	688.4978	421.1923	33.7731	663.4163	95.5093	724.4614	95.1389	737.4860	95.1620	743.8019	95.0231	
28/08/2017	01:12:28	011992	H421131884HLR	L421	S		695.8824	1.0292	10.0000	99.9558	40.1000	0.8430	0.8277	5.0000	18.3198	815.1021	94.8843	14.6899	25.1000	0.9300	0.9469	0.6648	-0.0011	815.0000	816.7922	1.0275	-4.4965	99.8699	40.1044	0.8230	0.8256	5.0000	-9999.0000	-9999.0000	-9999.0000	-9999.0000	-9999.0000	-9999.0000	19.9853	5	0	25.4690	1.0000	02	3	-9999.0000	15343	5691	-9999	738	750	-9999	529.3313	5	0.6523	0.6648	-0.0011	57.4948	4.4832	686.9801	421.6781	33.0093	663.2180	95.4167	721.1631	95.1620	733.5600	95.1852	739.8522	95.0000	
28/08/2017	01:13:19	011992	H421131829HLR	L421	S		694.6491	1.0292	10.0000	99.9143	39.6557	0.8430	0.8265	5.0000	19.2399	815.1627	94.8843	14.3589	25.3000	0.9300	0.9470	0.6649	-0.0011	815.0000	816.0246	1.0275	-4.4986	100.2344	39.6010	0.8230	0.8240	5.0000	-9999.0000	-9999.0000	-9999.0000	-9999.0000	-9999.0000	-9999.0000	20.1188	7	0	26.1291	1.0000	02	3	-9999.0000	15344	5692	-9999	738	751	-9999	529.7809	5	0.6522	0.6649	-0.0011	58.1725	4.4272	686.1321	429.9691	35.4398	662.7700	95.0926	720.1357	95.5093	733.2119	95.2546	741.1727	95.0463	
28/08/2017	01:13:45	011992	H421131920HLR	L421	S		693.6313	1.0292	10.0000	100.0801	39.7000	0.8430	0.8276	5.0000	18.9318	815.1125	94.8380	14.3793	25.1000	0.9300	0.9471	0.6650	-0.0011	815.0000	814.8060	1.0275	-4.4062	99.9973	39.7339	0.8230	0.8255	5.0000	-9999.0000	-9999.0000	-9999.0000	-9999.0000	-9999.0000	-9999.0000	19.8178	8	0	25.6591	1.0000	02	3	-9999.0000	15345	5693	-9999	738	752	-9999	529.6808	5	0.6520	0.6650	-0.0011	58.2870	4.3913	680.5206	345.8277	33.9583	656.4551	95.4167	717.9509	95.9722	733.6325	95.2083	738.8836	94.8843	
28/08/2017	01:14:11	011992	H421131908HLR	L421	S		695.8737	1.0292	10.0000	99.9624	40.2538	0.8430	0.8274	5.0000	20.3709	815.0965	94.8380	14.3393	25.1000	0.9300	0.9468	0.6650	-0.0011	815.0000	816.4594	1.0275	-4.4974	100.1397	40.2462	0.8230	0.8259	5.0000	-9999.0000	-9999.0000	-9999.0000	-9999.0000	-9999.0000	-9999.0000	20.0814	1	0	25.7590	1.0000	02	3	-9999.0000	15345	5694	-9999	739	753	-9999	529.8950	5	0.6520	0.6650	-0.0011	59.3433	4.2769	682.6558	409.3479	34.4213	657.1033	94.8148	724.0072	95.9722	734.6395	95.0231	741.5330	94.9074	
28/08/2017	01:15:01	011992	H421131913HLR	L421	S		690.0664	1.0292	10.0000	99.9285	39.6263	0.8430	0.8261	5.0000	20.0711	815.1704	94.8380	14.9301	25.2000	0.9300	0.9469	0.6649	-0.0011	815.0000	813.9245	1.0275	-4.2871	99.9864	39.6152	0.8230	0.8235	5.0000	-9999.0000	-9999.0000	-9999.0000	-9999.0000	-9999.0000	-9999.0000	20.2271	3	0	25.3695	1.0000	02	3	-9999.0000	15345	5695	-9999	739	754	-9999	529.1136	5	0.6513	0.6649	-0.0011	59.8338	4.2510	684.2884	423.5767	35.3935	660.1876	95.4861	715.8088	95.0694	727.5609	95.1620	736.5539	95.0231	
28/08/2017	01:15:30	011992	H421131902HLR	L421	S		692.2418	1.0292	10.0000	99.9611	39.7000	0.8430	0.8273	5.0000	19.3982	815.0745	94.8843	14.5786	25.1000	0.9300	0.9469	0.6648	-0.0011	815.0000	814.7527	1.0275	-4.3990	100.1467	39.7000	0.8230	0.8254	5.0000	-9999.0000	-9999.0000	-9999.0000	-9999.0000	-9999.0000	-9999.0000	19.8192	4	0	29.1684	1.0000	02	3	-9999.0000	15346	5696	-9999	739	755	-9999	529.4057	5	0.6513	0.6648	-0.0011	60.5058	4.1983	688.0504	411.1035	34.6296	663.4231	94.9537	719.7678	95.3472	731.5843	95.3241	738.5629	95.0694	
28/08/2017	01:15:55	011992	H421131852HLR	L421	S		698.3982	1.0292	10.0000	99.9405	40.2471	0.8430	0.8273	5.0000	20.0818	815.1645	94.8380	14.5796	25.2000	0.9300	0.9471	0.6647	-0.0011	815.0000	817.1968	1.0275	-4.4954	100.0570	40.2206	0.8230	0.8253	5.0000	-9999.0000	-9999.0000	-9999.0000	-9999.0000	-9999.0000	-9999.0000	22.5483	5	0	25.1595	1.0000	02	3	-9999.0000	15347	5697	-9999	740	755	-9999	529.3280	5	0.6512	0.6647	-0.0011	60.1172	4.2162	679.7222	413.1245	34.3750	652.3644	95.3704	728.0403	95.6019	739.5499	95.2778	746.1016	94.9769	
28/08/2017	01:16:46	011992	H421131841HLR	L421	S		700.0791	1.0292	10.0000	99.9531	39.7491	0.8430	0.8260	5.0000	19.7373	815.1641	94.8843	14.0200	25.3000	0.9300	0.9469	0.6649	-0.0011	815.0000	814.3912	1.0275	-4.3502	100.0438	39.7321	0.8230	0.8238	5.0000	-9999.0000	-9999.0000	-9999.0000	-9999.0000	-9999.0000	-9999.0000	19.4865	7	0	24.9969	1.0000	02	3	-9999.0000	15348	5698	-9999	740	755	-9999	529.9164	5	0.6508	0.6649	-0.0011	58.2496	4.3541	687.6212	400.9479	34.1667	661.9721	95.4630	726.2767	95.5324	738.4254	95.3241	746.9782	95.1389	
28/08/2017	01:17:11	011992	H421131844HLR	L421	S		699.9492	1.0292	10.0000	99.9675	39.6331	0.8430	0.8267	5.0000	20.9880	815.0971	94.8843	13.3491	25.1000	0.9300	0.9469	0.6646	-0.0010	815.0000	816.4009	1.0275	-4.4975	100.0904	39.6631	0.8230	0.8250	5.0000	-9999.0000	-9999.0000	-9999.0000	-9999.0000	-9999.0000	-9999.0000	19.9462	8	0	25.1107	1.0000	02	3	-9999.0000	15349	5699	-9999	741	756	-9999	530.6750	5	0.6502	0.6646	-0.0010	55.7598	4.5366	687.0668	412.0860	33.1944	662.7905	95.7407	728.5491	95.5324	742.0298	95.3704	748.4995	94.8843	
28/08/2017	01:17:36	011992	H421131840HLR	L421	S		698.5129	1.0292	10.0000	99.8943	40.1675	0.8430	0.8274	5.0000	20.0073	815.1464	94.8611	13.6597	25.3000	0.9300	0.9469	0.6647	-0.0011	815.0000	815.7601	1.0275	-4.4993	99.9796	40.2477	0.8230	0.8261	5.0000	-9999.0000	-9999.0000	-9999.0000	-9999.0000	-9999.0000	-9999.0000	19.8902	1	0	25.0674	1.0000	02	3	-9999.0000	15349	5700	-9999	742	757	-9999	530.1059	5	0.6494	0.6647	-0.0011	41.3154	5.5420	687.3861	398.4255	34.6528	662.2463	95.3704	724.8351	95.2083	736.2924	95.1157	744.4187	95.0000	
28/08/2017	01:18:27	011992	H421131839HLR	L421	S		698.5318	1.0292	10.0000	99.8945	39.7768	0.8430	0.8258	5.0000	20.9946	815.0970	94.8380	13.3999	25.3000	0.9300	0.9469	0.6688	-0.0013	815.0000	814.6496	1.0275	-4.3851	100.0749	39.7727	0.8230	0.8235	5.0000	-9999.0000	-9999.0000	-9999.0000	-9999.0000	-9999.0000	-9999.0000	20.7810	3	0	25.0586	1.0000	02	3	-9999.0000	15350	5701	-9999	743	757	-9999	530.5694	5	0.6495	0.6688	-0.0013	46.8961	5.1347	689.4119	422.2513	34.7454	664.4722	95.3704	723.4999	95.3009	736.3906	95.2315	744.1934	94.8843	
28/08/2017	01:18:53	011992	H421131875HLR	L421	S		701.1134	1.0292	10.0000	99.9147	39.6713	0.8430	0.8268	5.0000	19.7144	815.2369	94.8148	13.8892	25.1000	0.9300	0.9470	0.6617	-0.0009	815.0000	818.7483	1.0275	-4.4911	100.2120	39.6600	0.8230	0.8247	5.0000	-9999.0000	-9999.0000	-9999.0000	-9999.0000	-9999.0000	-9999.0000	19.6641	4	0	26.3039	1.0000	02	3	-9999.0000	15351	5702	-9999	744	757	-9999	529.9385	5	0.6495	0.6617	-0.0009	52.7761	4.7349	701.5420	419.8481	34.5602	676.4582	95.3009	734.6380	95.1157	746.7711	95.1389	753.8779	95.0463	
28/08/2017	01:19:19	011992	H421131872HLR	L421	S		700.6857	1.0292	10.0000	99.9680	40.1000	0.8430	0.8274	5.0000	19.8860	815.0019	94.9306	12.6597	25.2000	0.9300	0.9470	0.6602	-0.0007	815.0000	815.1029	1.0275	-4.4463	100.0535	40.1758	0.8230	0.8261	5.0000	-9999.0000	-9999.0000	-9999.0000	-9999.0000	-9999.0000	-9999.0000	19.8979	5	0	25.2341	1.0000	02	3	-9999.0000	15352	5703	-9999	744	758	-9999	530.3081	5	0.6495	0.6602	-0.0007	53.3707	4.7067	699.8704	413.5601	33.6111	675.2647	95.4861	736.0450	95.1157	748.5503	95.0694	756.4879	95.0231	
28/08/2017	01:20:09	011992	H421131860HLR	L421	S		696.4935	1.0292	10.0000	99.9735	39.9587	0.8430	0.8266	5.0000	18.4010	815.1536	94.8611	13.7993	25.2000	0.9300	0.9471	0.6609	-0.0008	815.0000	816.1133	1.0275	-4.4983	100.1172	39.8022	0.8230	0.8237	5.0000	-9999.0000	-9999.0000	-9999.0000	-9999.0000	-9999.0000	-9999.0000	20.6693	7	0	25.2019	1.0000	02	3	-9999.0000	15353	5704	-9999	745	758	-9999	530.0638	5	0.6498	0.6609	-0.0008	48.9884	5.0214	695.4656	406.2585	34.4907	670.0520	95.7176	731.6510	94.9769	743.0979	95.1620	751.5003	95.0463	
28/08/2017	01:20:34	011992	H421131856HLR	L421	S		699.6167	1.0292	10.0000	99.9677	39.6479	0.8430	0.8264	5.0000	20.7332	815.1471	94.9074	13.1392	25.1000	0.9300	0.9470	0.6588	-0.0006	815.0000	815.9410	1.0275	-4.4988	99.9654	39.6512	0.8230	0.8246	5.0000	-9999.0000	-9999.0000	-9999.0000	-9999.0000	-9999.0000	-9999.0000	20.0091	8	0	24.8168	1.0000	02	3	-9999.0000	15354	5705	-9999	746	759	-9999	530.2184	5	0.6496	0.6588	-0.0006	48.2892	5.0605	702.8505	449.9607	34.7222	679.7888	95.3241	735.3075	95.1157	747.2978	95.1157	754.1430	95.0694	
28/08/2017	01:21:00	011992	H421131864HLR	L421	S		698.6159	1.0292	10.0000	99.9193	40.0630	0.8430	0.8273	5.0000	20.2302	815.0832	94.8843	13.2290	25.2000	0.9300	0.9471	0.6597	-0.0007	815.0000	815.3738	1.0275	-4.4829	99.9932	40.1876	0.8230	0.8261	5.0000	-9999.0000	-9999.0000	-9999.0000	-9999.0000	-9999.0000	-9999.0000	19.8694	1	0	26.0936	1.0000	02	3	-9999.0000	15355	5706	-9999	747	760	-9999	530.0571	5	0.6497	0.6597	-0.0007	63.3461	3.9595	694.8496	436.7971	34.6991	669.4900	95.7176	733.0747	95.2315	744.9941	95.1389	752.1594	95.0231	
28/08/2017	01:21:51	011992	H421131869HLR	L421	S		700.0452	1.0292	10.0000	99.9275	39.9044	0.8430	0.8260	5.0000	20.3390	815.1285	94.8380	13.2593	25.3000	0.9300	0.9469	0.6587	-0.0006	815.0000	815.1323	1.0275	-4.4503	100.0740	39.8825	0.8230	0.8239	5.0000	-9999.0000	-9999.0000	-9999.0000	-9999.0000	-9999.0000	-9999.0000	19.9274	3	0	25.2785	1.0000	02	3	-9999.0000	15355	5707	-9999	748	761	-9999	530.0765	5	0.6497	0.6587	-0.0006	65.7310	3.7843	694.3725	425.3950	35.6019	668.7802	95.5787	734.3108	95.1852	746.9507	95.3704	754.4539	95.0231	
28/08/2017	01:22:15	011992	H421131502HLR	L421	S		697.9414	1.0292	10.0000	100.1052	39.6882	0.8430	0.8268	5.0000	19.0951	815.0682	94.8611	13.1089	25.1000	0.9300	0.9469	0.6629	-0.0010	815.0000	814.8099	1.0275	-4.4067	100.0212	39.6551	0.8230	0.8243	5.0000	-9999.0000	-9999.0000	-9999.0000	-9999.0000	-9999.0000	-9999.0000	20.1834	4	0	24.4396	1.0000	02	3	-9999.0000	15356	5708	-9999	749	762	-9999	530.1092	5	0.6497	0.6629	-0.0010	85.6572	2.3039	693.3882	416.2139	34.8148	669.2066	95.4398	730.5627	95.1620	742.9830	95.1389	749.4426	95.0231	
28/08/2017	01:22:40	011992	H421131526HLR	L421	S		700.5584	1.0292	10.0000	99.9667	40.0607	0.8430	0.8272	5.0000	21.0048	815.0971	94.8380	14.7993	25.1000	0.9300	0.9469	0.6671	-0.0013	815.0000	818.4093	1.0275	-4.4920	99.9176	40.1000	0.8230	0.8259	5.0000	-9999.0000	-9999.0000	-9999.0000	-9999.0000	-9999.0000	-9999.0000	19.8097	5	0	25.3086	1.0000	02	3	-9999.0000	15357	5709	-9999	750	763	-9999	528.3643	5	0.6497	0.6671	-0.0013	86.5145	2.2476	681.5057	423.8114	35.5093	656.3876	95.4630	723.9430	95.2315	737.6093	95.2546	743.2821	95.0000	
28/08/2017	01:23:31	011992	H421131503HLR	L421	S		698.7622	1.0292	10.0000	99.9468	39.9091	0.8430	0.8260	5.0000	20.4599	815.0858	94.8380	14.3696	25.2000	0.9300	0.9471	0.6612	-0.0008	815.0000	818.2223	1.0275	-4.4925	100.0495	39.9120	0.8230	0.8241	5.0000	-9999.0000	-9999.0000	-9999.0000	-9999.0000	-9999.0000	-9999.0000	19.3992	7	0	25.2696	1.0000	02	3	-9999.0000	15358	5710	-9999	750	764	-9999	529.1621	5	0.6500	0.6612	-0.0008	76.1349	3.0219	693.8925	400.5839	33.5417	668.2243	95.8102	731.1498	95.0000	741.9521	95.2083	750.3818	95.0231	
28/08/2017	01:23:55	011992	H421061936HLR	L421	S		699.5436	1.0292	10.0000	99.9660	39.6683	0.8430	0.8264	5.0000	20.3087	815.0687	94.8843	13.0396	25.1000	0.9300	0.9471	0.6622	-0.0009	815.0000	815.0300	1.0275	-4.4365	99.9136	39.7040	0.8230	0.8245	5.0000	-9999.0000	-9999.0000	-9999.0000	-9999.0000	-9999.0000	-9999.0000	19.3409	8	0	24.3789	1.0000	02	3	-9999.0000	15359	5711	-9999	751	765	-9999	530.1278	5	0.6500	0.6622	-0.0009	81.2325	2.6450	688.3381	416.7321	34.4676	663.3763	95.6019	730.2318	95.2315	742.3053	95.2778	750.1678	95.0000	
28/08/2017	01:24:21	011992	H421131488HLR	L421	S		710.1579	1.0292	10.0000	100.1437	40.0828	0.8430	0.8277	5.0000	18.9594	815.1704	94.8843	11.0894	25.2000	0.9300	0.9468	0.6835	-0.0025	815.0000	819.3023	1.0275	-4.4896	100.1389	40.1000	0.8230	0.8257	5.0000	-9999.0000	-9999.0000	-9999.0000	-9999.0000	-9999.0000	-9999.0000	20.1683	1	0	25.1886	1.0000	02	3	-9999.0000	15360	5712	-9999	752	766	-9999	535.0566	5	0.6495	0.6835	-0.0025	94.0168	1.6826	694.4354	418.4701	33.2870	671.1034	95.3935	729.6421	95.0463	740.8626	95.1620	751.0345	95.0000	
28/08/2017	01:25:11	011992	H421131478HLR	L421	S		689.7991	1.0292	10.0000	99.9293	39.9191	0.8430	0.8259	5.0000	21.4699	815.1726	94.8611	14.2300	25.2000	0.9300	0.9471	0.6856	-0.0027	815.0000	813.9588	1.0275	-4.2917	100.0143	39.9039	0.8230	0.8241	5.0000	-9999.0000	-9999.0000	-9999.0000	-9999.0000	-9999.0000	-9999.0000	19.5909	3	0	25.0752	1.0000	02	3	-9999.0000	15360	5713	-9999	753	767	-9999	527.7884	5	0.6492	0.6856	-0.0027	88.5043	2.1025	658.5322	391.2690	34.6528	634.0152	96.0880	701.0049	94.9306	714.3037	95.2083	724.0037	95.0694	
28/08/2017	01:25:37	011992	H421131480HLR	L421	S		697.4555	1.0292	10.0000	100.1682	39.7403	0.8430	0.8268	5.0000	18.3522	815.1959	94.8380	13.4097	25.0000	0.9300	0.9470	0.6851	-0.0027	815.0000	816.0962	1.0275	-4.4984	100.1149	39.7124	0.8230	0.8244	5.0000	-9999.0000	-9999.0000	-9999.0000	-9999.0000	-9999.0000	-9999.0000	20.0056	4	0	26.2417	1.0000	02	3	-9999.0000	15361	5714	-9999	754	768	-9999	529.5551	5	0.6492	0.6851	-0.0027	77.2594	2.9560	670.7039	406.5136	35.2778	647.5154	95.4167	709.5800	95.0231	722.6222	95.1620	732.1581	95.0231	
28/08/2017	01:26:03	011992	H421131499HLR	L421	S		716.5495	1.0292	10.0000	100.1439	40.0224	0.8430	0.8276	5.0000	18.7320	815.2164	94.8380	10.9498	25.2000	0.9300	0.9470	0.6765	-0.0020	815.0000	818.7352	1.0275	-4.4911	100.0722	40.1000	0.8230	0.8257	5.0000	-9999.0000	-9999.0000	-9999.0000	-9999.0000	-9999.0000	-9999.0000	20.1841	5	0	25.4192	1.0000	02	3	-9999.0000	15362	5715	-9999	755	769	-9999	533.5936	5	0.6497	0.6765	-0.0020	72.0880	3.3519	701.3643	404.3789	33.7037	675.9661	95.3935	741.5722	95.0000	752.6522	95.2083	759.6595	95.0463	
28/08/2017	01:26:57	011992	H421125419HLR	L421	S		699.7365	1.0292	10.0000	99.9581	39.9774	0.8430	0.8264	5.0000	19.4484	815.1160	94.8843	13.1704	25.2000	0.9300	0.9470	0.6797	-0.0022	815.0000	814.6115	1.0275	-4.3799	100.0119	39.8958	0.8230	0.8240	5.0000	-9999.0000	-9999.0000	-9999.0000	-9999.0000	-9999.0000	-9999.0000	19.8133	7	0	27.4386	1.0000	02	3	-9999.0000	15362	5716	-9999	756	770	-9999	530.0884	5	0.6495	0.6797	-0.0022	75.9625	3.0504	678.8411	394.6738	33.9815	655.3059	95.9028	715.3082	94.9074	729.1483	95.2083	738.6550	95.0694	
28/08/2017	01:27:24	011992	H421131516HLR	L421	S		726.2006	1.0292	10.0000	100.0599	39.7491	0.8430	0.8265	5.0000	20.0041	815.1801	94.8380	8.2194	25.1000	0.9300	0.9469	0.6766	-0.0020	815.0000	821.7982	1.0275	-4.4828	100.0320	39.7473	0.8230	0.8247	5.0000	-9999.0000	-9999.0000	-9999.0000	-9999.0000	-9999.0000	-9999.0000	20.3024	8	0	26.8496	1.0000	02	3	-9999.0000	15363	5717	-9999	756	771	-9999	537.9901	5	0.6494	0.6766	-0.0020	76.9087	2.9827	719.0611	432.3826	34.2824	693.5948	95.2778	758.0501	94.8611	772.7501	95.0694	782.9186	95.0231	
28/08/2017	01:27:49	011992	H421130647HLR	L421	S		696.2314	1.0292	10.0000	100.0857	40.0000	0.8430	0.8275	5.0000	18.7882	815.0799	94.9306	14.4790	25.1000	0.9300	0.9471	0.6716	-0.0017	815.0000	815.1395	1.0275	-4.4513	100.0516	40.1206	0.8230	0.8251	5.0000	-9999.0000	-9999.0000	-9999.0000	-9999.0000	-9999.0000	-9999.0000	21.9478	1	0	25.3087	1.0000	02	3	-9999.0000	15364	5718	-9999	757	772	-9999	527.8203	5	0.6496	0.6716	-0.0017	76.8044	2.9887	678.2131	432.4789	34.5370	654.0249	95.8565	713.9708	94.9769	724.9357	95.2083	734.6672	95.1389	
28/08/2017	01:28:39	011992	H421130644HLR	L421	S		697.5198	1.0292	10.0000	100.0611	40.0057	0.8430	0.8267	5.0000	18.8187	815.0706	94.8611	13.5591	25.2000	0.9300	0.9471	0.6717	-0.0017	815.0000	813.4945	1.0275	-4.2290	100.1013	39.8758	0.8230	0.8241	5.0000	-9999.0000	-9999.0000	-9999.0000	-9999.0000	-9999.0000	-9999.0000	19.6290	3	0	24.9387	1.0000	02	3	-9999.0000	15364	5719	-9999	757	772	-9999	529.1637	5	0.6497	0.6717	-0.0017	61.3042	4.1262	687.6497	425.7596	36.0417	664.8751	95.8333	720.0250	95.0463	731.6518	95.0926	740.7072	95.0463	
28/08/2017	01:29:04	011992	H421130651HLR	L421	S		674.6225	1.0292	10.0000	99.9822	39.7603	0.8430	0.8268	5.0000	19.4427	815.1487	94.8843	13.8599	25.0000	0.9300	0.9470	0.6662	-0.0013	815.0000	815.1181	1.0275	-4.4484	100.0429	39.7442	0.8230	0.8247	5.0000	-9999.0000	-9999.0000	-9999.0000	-9999.0000	-9999.0000	-9999.0000	19.5854	4	0	24.3590	1.0000	02	3	-9999.0000	15365	5720	-9999	758	773	-9999	528.7964	5	0.6500	0.6662	-0.0013	61.7677	4.1044	673.9226	425.8487	35.0694	643.6663	95.4167	719.9463	94.8843	732.6470	95.1389	741.4787	95.0231	
28/08/2017	01:29:29	011992	H421131518HLR	L421	S		722.2125	1.0292	10.0000	100.1644	40.1000	0.8430	0.8276	5.0000	18.7686	815.0899	94.8611	8.6793	25.1000	0.9300	0.9468	0.6663	-0.0013	815.0000	820.1453	1.0275	-4.4873	100.1729	40.1590	0.8230	0.8259	5.0000	-9999.0000	-9999.0000	-9999.0000	-9999.0000	-9999.0000	-9999.0000	19.8125	5	0	25.2091	1.0000	02	3	-9999.0000	15366	5721	-9999	759	774	-9999	534.0473	5	0.6497	0.6663	-0.0013	63.1048	3.9573	713.2365	402.0805	34.1435	685.3062	95.1852	761.1436	94.8380	772.0048	95.2083	780.0350	95.0926	
28/08/2017	01:30:32	011992	H421130683HLR	L421	S		697.1596	1.0292	10.0000	99.9536	39.8485	0.8430	0.8259	5.0000	21.4494	815.1120	94.9537	13.5386	25.2000	0.9300	0.9471	0.6649	-0.0012	815.0000	814.7858	1.0275	-4.4035	100.1109	39.9335	0.8230	0.8241	5.0000	-9999.0000	-9999.0000	-9999.0000	-9999.0000	-9999.0000	-9999.0000	19.9376	7	0	30.4411	1.0000	02	3	-9999.0000	15367	5722	-9999	760	775	-9999	529.3168	5	0.6502	0.6649	-0.0012	61.2493	4.1243	682.6461	394.1835	35.2083	656.8655	95.9028	724.0620	94.8380	737.2453	95.3009	746.5172	95.1157	
28/08/2017	01:30:56	011992	H421130602HLR	L421	S		700.4207	1.0292	10.0000	100.1100	39.7679	0.8430	0.8269	5.0000	18.8017	815.1450	94.8611	13.3501	25.0000	0.9300	0.9471	0.6641	-0.0011	815.0000	815.9103	1.0275	-4.4989	100.1064	39.8000	0.8230	0.8245	5.0000	-9999.0000	-9999.0000	-9999.0000	-9999.0000	-9999.0000	-9999.0000	21.9780	8	0	25.2135	1.0000	02	3	-9999.0000	15367	5723	-9999	761	776	-9999	529.7225	5	0.6504	0.6641	-0.0011	59.9957	4.2362	684.3594	422.5640	35.2546	658.0667	95.2083	728.0839	95.1157	741.0857	95.2315	749.4873	95.0231	
28/08/2017	01:31:27	011992	H421130631HLR	L421	S		694.9786	1.0292	10.0000	100.1295	40.1000	0.8430	0.8277	5.0000	18.7689	815.1145	94.8611	14.2094	25.1000	0.9300	0.9470	0.6640	-0.0011	815.0000	815.6666	1.0275	-4.4995	100.1527	40.1663	0.8230	0.8256	5.0000	-9999.0000	-9999.0000	-9999.0000	-9999.0000	-9999.0000	-9999.0000	19.6350	1	0	30.3024	1.0000	02	3	-9999.0000	15368	5724	-9999	761	777	-9999	528.7595	5	0.6504	0.6640	-0.0011	61.5502	4.1151	675.6448	428.3283	35.2083	649.7647	95.7870	720.9286	94.7685	733.2238	95.1389	740.7633	95.0694	
28/08/2017	01:32:18	011992	H421130636HLR	L421	S		695.9479	1.0292	10.0000	99.9076	39.9511	0.8430	0.8260	5.0000	20.7471	815.0951	94.8611	14.6997	25.2000	0.9300	0.9470	0.6606	-0.0008	815.0000	816.8237	1.0275	-4.4964	100.0550	39.7279	0.8230	0.8235	5.0000	-9999.0000	-9999.0000	-9999.0000	-9999.0000	-9999.0000	-9999.0000	22.0585	3	0	25.1350	1.0000	02	3	-9999.0000	15369	5725	-9999	761	777	-9999	528.5901	5	0.6501	0.6606	-0.0008	60.5030	4.1850	689.3173	422.3980	36.0417	666.6567	95.3704	723.0872	94.8843	734.9363	95.2315	744.6171	95.0694	
28/08/2017	01:32:45	011992	H421130640HLR	L421	S		699.3716	1.0292	10.0000	99.9688	39.8000	0.8430	0.8268	5.0000	19.7388	815.0973	94.8843	13.2300	25.1000	0.9300	0.9470	0.6602	-0.0008	815.0000	814.5237	1.0275	-4.3681	99.9497	39.8032	0.8230	0.8253	5.0000	-9999.0000	-9999.0000	-9999.0000	-9999.0000	-9999.0000	-9999.0000	19.5888	4	0	26.6234	1.0000	02	3	-9999.0000	15370	5726	-9999	762	778	-9999	529.5990	5	0.6502	0.6602	-0.0008	63.2264	3.9305	693.1474	393.7686	34.6528	666.5334	95.3935	732.1356	94.8380	741.9833	95.1157	750.7618	95.0463	
28/08/2017	01:33:09	011992	H421131898HLR	L421	S		698.5728	1.0292	10.0000	99.9705	40.1032	0.8430	0.8268	5.0000	21.1749	815.1384	94.8843	15.1196	25.1000	0.9300	0.9469	0.6605	-0.0008	815.0000	817.4946	1.0275	-4.4945	100.0769	40.2172	0.8230	0.8249	5.0000	-9999.0000	-9999.0000	-9999.0000	-9999.0000	-9999.0000	-9999.0000	22.6682	5	0	25.2452	1.0000	02	2	-9999.0000	15371	5727	-9999	763	779	-9999	528.4116	5	0.6501	0.6605	-0.0008	62.9317	3.9489	690.3937	413.2375	34.6991	665.0047	95.3009	726.0570	94.8611	735.9473	95.1852	743.4770	95.0694	
28/08/2017	01:34:00	011992	H421131890HLR	L421	S		696.1097	1.0292	10.0000	99.9542	39.8365	0.8430	0.8261	5.0000	20.4787	815.1400	94.8148	13.9595	25.3000	0.9300	0.9471	0.6610	-0.0009	815.0000	812.9176	1.0275	-4.1510	100.0753	39.9056	0.8230	0.8240	5.0000	-9999.0000	-9999.0000	-9999.0000	-9999.0000	-9999.0000	-9999.0000	20.0694	7	0	25.1096	1.0000	02	2	-9999.0000	15371	5728	-9999	764	779	-9999	528.9498	5	0.6497	0.6610	-0.0009	64.2707	3.8482	687.5335	390.0975	33.4491	664.7154	95.5787	724.2841	94.8611	736.8884	95.2315	745.0201	95.0463	
28/08/2017	01:34:24	011992	H421131905HLR	L421	S		696.4573	1.0292	10.0000	100.0436	39.8000	0.8430	0.8272	5.0000	18.6799	815.1323	94.8843	14.5200	25.1000	0.9300	0.9470	0.6610	-0.0009	815.0000	814.5803	1.0275	-4.3757	100.0551	39.7828	0.8230	0.8245	5.0000	-9999.0000	-9999.0000	-9999.0000	-9999.0000	-9999.0000	-9999.0000	19.6487	8	0	24.9587	1.0000	02	2	-9999.0000	15372	5729	-9999	765	780	-9999	528.5038	5	0.6496	0.6610	-0.0009	64.2358	3.8527	689.7253	426.8128	35.1620	664.3567	95.7639	724.5081	94.8843	735.2343	95.0463	743.2649	95.0231	
28/08/2017	01:34:49	011992	H421131907HLR	L421	S		697.2409	1.0292	10.0000	100.1316	40.2000	0.8430	0.8276	5.0000	18.7380	815.1731	94.8843	14.1294	25.2000	0.9300	0.9470	0.6773	-0.0021	815.0000	815.0411	1.0275	-4.4380	100.0199	40.1531	0.8230	0.8259	5.0000	-9999.0000	-9999.0000	-9999.0000	-9999.0000	-9999.0000	-9999.0000	19.4295	1	0	24.9026	1.0000	02	2	-9999.0000	15372	5730	-9999	765	781	-9999	528.6452	5	0.6489	0.6773	-0.0021	66.8215	3.6485	674.2120	423.7920	35.2083	650.9356	94.6296	711.1229	95.8565	726.3102	95.2778	733.9312	94.9306	
28/08/2017	01:35:39	011992	H421131915HLR	L421	S		696.7124	1.0292	10.0000	99.9476	39.9128	0.8430	0.8261	5.0000	20.5577	815.1942	94.8611	14.1997	25.3000	0.9300	0.9470	0.6760	-0.0020	815.0000	813.3346	1.0275	-4.2074	100.0207	40.0058	0.8230	0.8243	5.0000	-9999.0000	-9999.0000	-9999.0000	-9999.0000	-9999.0000	-9999.0000	19.5581	3	0	24.8789	1.0000	02	2	-9999.0000	15373	5731	-9999	766	782	-9999	528.5432	5	0.6492	0.6760	-0.0020	65.2420	3.7781	677.7576	411.8129	36.3889	653.2097	94.6065	712.5357	95.7639	726.9144	95.3241	734.5975	94.9306	
28/08/2017	01:36:06	011992	H421131910HLR	L421	S		697.3352	1.0292	10.0000	99.9740	39.7633	0.8430	0.8264	5.0000	20.3486	815.1100	94.9074	14.0796	25.1000	0.9300	0.9469	0.6761	-0.0020	815.0000	814.0289	1.0275	-4.3012	100.1095	39.8381	0.8230	0.8246	5.0000	-9999.0000	-9999.0000	-9999.0000	-9999.0000	-9999.0000	-9999.0000	19.4481	4	0	26.4586	1.0000	02	2	-9999.0000	15374	5732	-9999	767	783	-9999	528.6220	5	0.6490	0.6761	-0.0020	67.7509	3.5630	680.5104	434.9846	35.7870	656.6380	95.5093	715.5343	94.9306	726.1080	95.1157	734.2689	95.0231	
28/08/2017	01:36:30	011992	H421131886HLR	L421	S		697.5060	1.0292	10.0000	99.9705	40.1000	0.8430	0.8270	5.0000	20.6592	815.1369	94.8380	13.9400	25.2000	0.9300	0.9470	0.6737	-0.0018	815.0000	813.4808	1.0275	-4.2271	100.1290	40.0439	0.8230	0.8248	5.0000	-9999.0000	-9999.0000	-9999.0000	-9999.0000	-9999.0000	-9999.0000	22.0597	5	0	24.9190	1.0000	02	2	-9999.0000	15375	5733	-9999	767	784	-9999	529.0055	5	0.6490	0.6737	-0.0018	67.7225	3.5634	679.2315	413.4108	33.6343	655.4581	95.6250	716.6462	94.9537	728.3949	95.2546	737.4785	95.0000	
28/08/2017	01:37:22	011992	H421131848HLR	L421	S		700.8990	1.0292	10.0000	99.9522	40.0080	0.8430	0.8260	5.0000	20.7992	815.1367	94.8611	13.7094	25.3000	0.9300	0.9470	0.6733	-0.0017	815.0000	815.1160	1.0275	-4.4481	100.1668	39.9511	0.8230	0.8243	5.0000	-9999.0000	-9999.0000	-9999.0000	-9999.0000	-9999.0000	-9999.0000	19.4866	7	0	26.6982	1.0000	02	2	-9999.0000	15376	5734	-9999	768	784	-9999	529.5051	5	0.6489	0.6733	-0.0017	89.8748	1.9420	681.4594	404.8604	35.9491	657.2691	95.6481	718.7408	94.9306	731.7914	95.2315	740.8576	95.0694	
28/08/2017	01:37:48	011992	H421131831HLR	L421	S		697.8564	1.0292	10.0000	100.1067	39.8334	0.8430	0.8269	5.0000	18.9193	815.1444	94.9074	14.5093	25.1000	0.9300	0.9469	0.6742	-0.0018	815.0000	814.5960	1.0275	-4.3778	100.0968	39.7866	0.8230	0.8246	5.0000	-9999.0000	-9999.0000	-9999.0000	-9999.0000	-9999.0000	-9999.0000	19.4474	8	0	25.7492	1.0000	02	2	-9999.0000	15377	5735	-9999	769	785	-9999	528.4513	5	0.6489	0.6742	-0.0018	88.4315	2.0257	677.7974	407.3863	35.4398	651.5854	95.5324	714.5526	94.9537	724.7644	95.1157	732.9514	95.0231	
28/08/2017	01:38:13	011992	H421131838HLR	L421	S		698.2092	1.0292	10.0000	99.9578	40.0283	0.8430	0.8269	5.0000	20.2305	815.1197	94.9306	14.0796	25.1000	0.9300	0.9468	0.6829	-0.0024	815.0000	816.0703	1.0275	-4.4984	100.0824	40.1000	0.8230	0.8250	5.0000	-9999.0000	-9999.0000	-9999.0000	-9999.0000	-9999.0000	-9999.0000	21.9464	1	0	25.3193	1.0000	02	2	-9999.0000	15377	5736	-9999	769	786	-9999	529.3647	5	0.6490	0.6829	-0.0024	81.7746	2.5118	671.2822	400.6995	34.3981	646.5759	96.0880	711.2898	94.9537	721.8929	95.0000	731.1237	95.0463	
28/08/2017	01:39:03	011992	H421131916HLR	L421	S		699.2178	1.0292	10.0000	100.0923	40.0347	0.8430	0.8267	5.0000	18.6441	815.1488	94.8611	14.0200	25.3000	0.9300	0.9470	0.6806	-0.0022	815.0000	814.9543	1.0275	-4.4263	100.0712	39.8878	0.8230	0.8240	5.0000	-9999.0000	-9999.0000	-9999.0000	-9999.0000	-9999.0000	-9999.0000	19.8070	3	0	24.8987	1.0000	02	2	-9999.0000	15378	5737	-9999	770	787	-9999	529.4499	5	0.6491	0.6806	-0.0022	77.8729	2.7669	678.2316	411.4289	35.8102	654.8510	95.0694	710.1066	95.0000	723.3323	95.2315	732.1460	95.0231	
28/08/2017	01:39:28	011992	H421131919HLR	L421	S		697.1489	1.0292	10.0000	100.0196	39.8136	0.8430	0.8268	5.0000	18.6089	712.7064	99.0972	7.2497	25.2000	0.9300	0.9467	0.6762	-0.0019	815.0000	771.3490	1.0275	-2.6413	99.9808	39.7407	0.8230	0.8246	5.0000	-9999.0000	-9999.0000	-9999.0000	-9999.0000	-9999.0000	-9999.0000	19.5491	4	32	25.0489	1.0000	02	2	-9999.0000	15379	5738	-9999	771	788	-9999	465.1429	5	0.6493	0.6762	-0.0019	87.0633	2.1030	677.2809	403.4777	34.7222	652.7134	95.6944	714.3957	94.9306	725.7185	95.0926	734.5447	95.0231	
28/08/2017	01:39:53	011992	H421131854HLR	L421	S		697.9137	1.0292	10.0000	100.0846	40.1000	0.8430	0.8276	5.0000	18.9323	815.1102	94.7917	14.4594	25.2000	0.9300	0.9470	0.6843	-0.0025	815.0000	815.2209	1.0275	-4.4623	100.0438	40.1375	0.8230	0.8257	5.0000	-9999.0000	-9999.0000	-9999.0000	-9999.0000	-9999.0000	-9999.0000	19.9724	5	0	24.9391	1.0000	02	2	-9999.0000	15379	5739	-9999	772	789	-9999	528.6878	5	0.6491	0.6843	-0.0025	83.2728	2.3716	672.8649	412.8062	35.5787	649.2262	95.4398	706.4720	94.7685	717.2800	95.2546	726.9317	95.2778	
28/08/2017	01:40:45	011992	H421131863HLR	L421	S		702.0209	1.0292	10.0000	99.9364	39.9280	0.8430	0.8263	5.0000	19.6374	815.1195	94.8843	13.2193	25.2000	0.9300	0.9470	0.6721	-0.0016	815.0000	815.7486	1.0275	-4.4993	100.0792	39.8108	0.8230	0.8233	5.0000	-9999.0000	-9999.0000	-9999.0000	-9999.0000	-9999.0000	-9999.0000	22.6121	7	0	25.5283	1.0000	02	2	-9999.0000	15380	5740	-9999	773	790	-9999	530.6053	5	0.6494	0.6721	-0.0016	71.4172	3.2058	689.7208	427.8277	35.6944	667.0058	94.6296	720.8550	95.2083	734.6601	95.2778	743.0511	95.0463	
28/08/2017	01:41:11	011992	H421131851HLR	L421	S		698.3074	1.0292	10.0000	100.0657	39.7826	0.8430	0.8268	5.0000	18.6888	815.1527	94.8611	14.2398	25.1000	0.9300	0.9471	0.6721	-0.0016	815.0000	815.8206	1.0275	-4.4991	100.0873	39.7220	0.8230	0.8242	5.0000	-9999.0000	-9999.0000	-9999.0000	-9999.0000	-9999.0000	-9999.0000	21.7986	8	0	25.5792	1.0000	02	2	-9999.0000	15381	5741	-9999	774	791	-9999	529.3047	5	0.6494	0.6721	-0.0016	71.4172	3.2058	679.8903	429.2522	34.3981	657.5265	95.4630	715.1830	94.9769	727.5759	95.2083	735.4345	95.0694	
28/08/2017	01:41:36	011992	H421131842HLR	L421	S		700.2439	1.0292	10.0000	99.9703	40.0481	0.8430	0.8269	5.0000	20.7929	815.1507	94.8843	13.7202	25.1000	0.9300	0.9470	0.6697	-0.0015	815.0000	815.3285	1.0275	-4.4768	100.1230	40.1159	0.8230	0.8250	5.0000	-9999.0000	-9999.0000	-9999.0000	-9999.0000	-9999.0000	-9999.0000	21.7888	1	0	24.9191	1.0000	02	2	-9999.0000	15382	5742	-9999	775	792	-9999	530.1031	5	0.6492	0.6697	-0.0015	71.1102	3.2158	679.7345	423.1158	34.6065	654.6675	95.6481	720.1426	94.8843	732.3827	95.1852	740.8864	95.0463	
28/08/2017	01:42:26	011992	H421131845HLR	L421	S		701.3561	1.0292	10.0000	100.0089	39.8852	0.8430	0.8259	5.0000	21.0733	815.1959	94.8148	13.3091	25.3000	0.9300	0.9471	0.6692	-0.0014	815.0000	814.2516	1.0275	-4.3313	100.0849	39.9034	0.8230	0.8239	5.0000	-9999.0000	-9999.0000	-9999.0000	-9999.0000	-9999.0000	-9999.0000	20.0181	3	0	24.9993	1.0000	02	2	-9999.0000	15382	5743	-9999	776	793	-9999	530.3004	5	0.6494	0.6692	-0.0014	74.4679	2.9711	683.3324	391.6287	34.0046	658.2688	95.4861	723.6003	95.0463	736.2952	95.3241	745.6269	95.0231	
28/08/2017	01:42:50	011992	H421131504HLR	L421	S		701.3895	1.0292	10.0000	100.1108	39.7603	0.8430	0.8268	5.0000	18.7894	815.0982	94.8843	13.2095	25.2000	0.9300	0.9470	0.6692	-0.0014	815.0000	814.9110	1.0275	-4.4204	100.0959	39.7579	0.8230	0.8244	5.0000	-9999.0000	-9999.0000	-9999.0000	-9999.0000	-9999.0000	-9999.0000	19.6689	4	0	24.2693	1.0000	02	2	-9999.0000	15383	5744	-9999	776	794	-9999	530.3704	5	0.6494	0.6692	-0.0014	73.7283	3.0223	689.0245	440.9052	34.5833	664.7893	95.8102	724.9282	94.8380	736.1578	95.0694	744.7634	95.0926	
28/08/2017	01:43:15	011992	H421131874HLR	L421	S		703.0264	1.0292	10.0000	100.0742	40.1000	0.8430	0.8276	5.0000	18.7287	815.0859	94.8843	13.2496	25.2000	0.9300	0.9469	0.6713	-0.0016	815.0000	815.2987	1.0275	-4.4728	99.9845	40.1060	0.8230	0.8256	5.0000	-9999.0000	-9999.0000	-9999.0000	-9999.0000	-9999.0000	-9999.0000	19.7980	5	0	24.8488	1.0000	02	2	-9999.0000	15384	5745	-9999	777	795	-9999	530.3680	5	0.6494	0.6713	-0.0016	73.2406	3.0562	682.0331	407.2339	34.8611	657.0204	95.8333	724.9166	94.8380	736.9542	95.0694	746.4175	95.0694	
28/08/2017	01:44:05	011992	H421131871HLR	L421	S		699.8851	1.0292	10.0000	100.0150	39.9621	0.8430	0.8263	5.0000	19.4593	815.1396	94.8611	14.1596	25.3000	0.9300	0.9470	0.6755	-0.0019	815.0000	815.0626	1.0275	-4.4409	100.0122	39.9426	0.8230	0.8240	5.0000	-9999.0000	-9999.0000	-9999.0000	-9999.0000	-9999.0000	-9999.0000	19.9592	7	0	24.8872	1.0000	02	2	-9999.0000	15384	5746	-9999	778	796	-9999	529.2482	5	0.6496	0.6755	-0.0019	68.0801	3.4189	677.6680	397.7096	36.0648	654.1929	94.9769	713.7220	95.0463	726.9385	95.3009	735.3660	95.0231	
28/08/2017	01:44:31	011992	H421081934HLR	L421	S		701.0859	1.0292	10.0000	100.0776	39.7669	0.8430	0.8267	5.0000	18.9692	815.1533	94.9306	13.3599	25.1000	0.9300	0.9471	0.6751	-0.0018	815.0000	814.9562	1.0275	-4.4265	100.0847	39.7717	0.8230	0.8244	5.0000	-9999.0000	-9999.0000	-9999.0000	-9999.0000	-9999.0000	-9999.0000	19.5393	8	0	26.2492	1.0000	02	2	-9999.0000	15385	5747	-9999	779	797	-9999	530.4112	5	0.6497	0.6751	-0.0018	69.6669	3.3040	683.0922	428.9364	35.6250	659.6752	94.8148	718.0816	95.3009	731.6680	95.2083	740.0117	95.0000	
28/08/2017	01:44:56	011992	H421131859HLR	L421	S		701.7141	1.0292	10.0000	100.0867	40.0317	0.8430	0.8275	5.0000	18.6596	815.0918	94.8843	13.8999	25.3000	0.9300	0.9470	0.6744	-0.0018	815.0000	814.9154	1.0275	-4.4210	100.1170	40.1000	0.8230	0.8256	5.0000	-9999.0000	-9999.0000	-9999.0000	-9999.0000	-9999.0000	-9999.0000	19.7391	1	0	24.8791	1.0000	02	2	-9999.0000	15386	5748	-9999	780	798	-9999	529.5737	5	0.6498	0.6744	-0.0018	66.3384	3.5432	677.6639	434.0305	33.6574	652.0982	95.4861	719.5428	94.9537	731.4523	95.2315	739.7415	95.0463	
28/08/2017	01:45:47	011992	H421131507HLR	L421	S		708.5394	1.0292	10.0000	100.0591	40.0403	0.8430	0.8266	5.0000	18.6487	815.1020	94.8843	11.5894	25.4000	0.9300	0.9469	0.6750	-0.0018	815.0000	815.8379	1.0275	-4.4991	99.9641	39.9230	0.8230	0.8240	5.0000	-9999.0000	-9999.0000	-9999.0000	-9999.0000	-9999.0000	-9999.0000	19.7253	3	0	26.4386	1.0000	02	2	-9999.0000	15386	5749	-9999	781	799	-9999	533.0166	5	0.6498	0.6750	-0.0018	64.4763	3.6770	692.6265	422.1162	35.9722	668.5262	95.1620	730.0773	94.8843	744.1287	95.2778	753.6210	95.1157	
28/08/2017	01:46:13	011992	H421125421HLR	L421	S		696.1882	1.0292	10.0000	100.0688	39.8000	0.8430	0.8267	5.0000	18.7020	815.1181	94.8843	14.6499	25.2000	0.9300	0.9469	0.6745	-0.0018	815.0000	815.1620	1.0275	-4.4543	100.0816	39.7062	0.8230	0.8240	5.0000	-9999.0000	-9999.0000	-9999.0000	-9999.0000	-9999.0000	-9999.0000	22.6027	4	0	25.6487	1.0000	02	2	-9999.0000	15387	5750	-9999	782	800	-9999	528.5542	5	0.6500	0.6745	-0.0018	68.7581	3.3581	673.6337	428.7904	34.4907	650.1342	95.5093	710.5886	95.0000	723.0425	95.2083	732.0555	95.0000	
28/08/2017	01:46:39	011992	H421131868HLR	L421	S		702.1220	1.0292	10.0000	100.1381	40.0413	0.8430	0.8275	5.0000	18.6096	815.1137	94.9306	13.3804	25.2000	0.9300	0.9468	0.6748	-0.0018	815.0000	816.0960	1.0275	-4.4984	100.1139	40.1000	0.8230	0.8251	5.0000	-9999.0000	-9999.0000	-9999.0000	-9999.0000	-9999.0000	-9999.0000	21.9089	5	0	26.1093	1.0000	02	2	-9999.0000	15388	5751	-9999	783	801	-9999	530.4351	5	0.6501	0.6748	-0.0018	70.7147	3.2025	683.1300	409.4846	34.5602	659.0125	95.2546	719.8411	94.9074	732.2821	95.2315	741.2153	95.0463	
28/08/2017	01:47:48	011992	H421131494HLR	L421	S		705.3276	1.0292	10.0000	100.0555	40.0008	0.8430	0.8266	5.0000	18.5999	815.1528	94.9074	12.7495	25.3000	0.9300	0.9470	0.6718	-0.0016	815.0000	815.1960	1.0275	-4.4589	100.0607	39.9042	0.8230	0.8238	5.0000	-9999.0000	-9999.0000	-9999.0000	-9999.0000	-9999.0000	-9999.0000	20.6226	7	0	33.9311	1.0000	02	2	-9999.0000	15389	5752	-9999	784	802	-9999	531.2089	5	0.6505	0.6718	-0.0016	69.0056	3.3226	680.9567	396.6415	34.0509	655.9761	94.5833	724.3901	95.5556	738.5596	95.3009	747.6147	94.9537	
28/08/2017	01:48:22	011992	H421131483HLR	L421	S		706.1729	1.0292	10.0000	100.0982	39.7880	0.8430	0.8268	5.0000	18.6429	815.0969	94.9074	12.9400	25.1000	0.9300	0.9469	0.6724	-0.0016	815.0000	818.1430	1.0275	-4.4928	100.0854	39.8630	0.8230	0.8250	5.0000	-9999.0000	-9999.0000	-9999.0000	-9999.0000	-9999.0000	-9999.0000	20.2927	8	0	34.2365	1.0000	02	2	-9999.0000	15390	5753	-9999	784	802	-9999	530.9883	5	0.6503	0.6724	-0.0016	64.9414	3.6322	695.1341	437.2221	35.9259	671.9325	95.4861	728.5663	94.9537	739.8392	95.1157	748.3387	95.0694	
28/08/2017	01:48:49	011992	H421131487HLR	L421	S		708.8982	1.0292	10.0000	100.1224	40.0908	0.8430	0.8275	5.0000	18.7590	815.0912	94.8611	11.4996	25.1000	0.9300	0.9469	0.6717	-0.0016	815.0000	817.3563	1.0275	-4.4949	100.0674	40.1451	0.8230	0.8251	5.0000	-9999.0000	-9999.0000	-9999.0000	-9999.0000	-9999.0000	-9999.0000	20.4831	1	0	26.2090	1.0000	02	2	-9999.0000	15391	5754	-9999	785	803	-9999	532.9292	5	0.6504	0.6717	-0.0016	66.7329	3.4959	700.6947	431.6236	34.5602	676.8546	95.2546	736.0957	95.0000	747.1525	95.2083	755.3628	95.0463	
28/08/2017	01:49:47	011992	H421131477HLR	L421	S		708.2534	1.0292	10.0000	100.0607	39.9111	0.8430	0.8262	5.0000	20.1030	815.0593	94.8843	12.1393	25.3000	0.9300	0.9472	0.6719	-0.0016	815.0000	816.5961	1.0275	-4.4970	100.0588	39.7210	0.8230	0.8242	5.0000	-9999.0000	-9999.0000	-9999.0000	-9999.0000	-9999.0000	-9999.0000	20.0156	3	0	26.0528	1.0000	02	2	-9999.0000	15391	5755	-9999	785	803	-9999	531.8956	5	0.6506	0.6719	-0.0016	66.3135	3.5057	689.7680	412.1369	35.8102	664.6849	95.6713	733.3100	94.8611	745.4424	95.2546	754.9366	95.0926	
28/08/2017	01:50:17	011992	H421131489HLR	L421	S		689.2425	1.0292	10.0000	100.0836	39.8399	0.8430	0.8273	5.0000	19.1281	815.2052	94.9074	15.3490	25.1000	0.9300	0.9469	0.6718	-0.0016	815.0000	816.5502	1.0275	-4.4971	99.9592	40.0787	0.8230	0.8261	5.0000	-9999.0000	-9999.0000	-9999.0000	-9999.0000	-9999.0000	-9999.0000	19.2014	4	0	29.6786	1.0000	02	2	-9999.0000	15392	5756	-9999	786	803	-9999	527.8236	5	0.6504	0.6718	-0.0016	66.5254	3.4932	673.1983	400.1194	35.8102	649.0520	95.3935	708.3395	94.9769	720.6769	95.2083	729.7686	95.0694	
28/08/2017	01:50:43	011992	H421131490HLR	L421	S		711.9324	1.0292	10.0000	99.9756	40.1279	0.8430	0.8265	5.0000	21.1813	815.0749	94.9074	10.3004	25.2000	0.9300	0.9469	0.6680	-0.0013	815.0000	818.5269	1.0275	-4.4917	100.0440	40.1744	0.8230	0.8248	5.0000	-9999.0000	-9999.0000	-9999.0000	-9999.0000	-9999.0000	-9999.0000	20.1771	5	0	26.6993	1.0000	02	2	-9999.0000	15393	5757	-9999	787	804	-9999	533.4481	5	0.6505	0.6680	-0.0013	71.0650	3.1503	697.4572	389.6441	33.7731	670.6023	95.6481	745.4326	94.8843	758.9416	95.2083	768.4595	95.0463	
28/08/2017	01:51:43	011992	H421131500HLR	L421	S		711.9462	1.0292	10.0000	100.0374	39.7945	0.8430	0.8268	5.0000	19.2208	815.1880	94.9074	10.8502	25.3000	0.9300	0.9472	0.6668	-0.0012	815.0000	819.5797	1.0275	-4.4888	100.0773	39.7511	0.8230	0.8243	5.0000	-9999.0000	-9999.0000	-9999.0000	-9999.0000	-9999.0000	-9999.0000	20.3268	7	0	28.6991	1.0000	02	2	-9999.0000	15394	5758	-9999	788	805	-9999	532.7044	5	0.6506	0.6668	-0.0012	69.4318	3.2729	704.7820	398.2824	34.1667	680.8764	95.0231	743.8791	95.0694	759.6136	95.3241	768.2848	95.0463	
28/08/2017	01:52:09	011992	H421130650HLR	L421	S		695.0439	1.0292	10.0000	100.0481	40.0000	0.8430	0.8274	5.0000	19.5008	815.1028	94.8843	15.2300	25.1000	0.9300	0.9471	0.6695	-0.0015	815.0000	814.5992	1.0275	-4.3783	99.9779	39.9872	0.8230	0.8257	5.0000	-9999.0000	-9999.0000	-9999.0000	-9999.0000	-9999.0000	-9999.0000	19.9378	8	0	26.2785	1.0000	02	2	-9999.0000	15395	5759	-9999	789	805	-9999	527.6832	5	0.6503	0.6695	-0.0015	68.0654	3.3854	685.3365	428.5330	35.2546	653.3591	96.1806	714.1900	94.9537	723.9377	95.0463	731.6794	95.0926	
28/08/2017	01:52:36	011992	H421130648HLR	L421	S		694.0884	1.0292	10.0000	100.0696	40.1181	0.8430	0.8270	5.0000	19.4043	815.1341	94.9074	15.0092	25.1000	0.9300	0.9468	0.6657	-0.0012	815.0000	814.1856	1.0275	-4.3224	100.0516	40.0942	0.8230	0.8245	5.0000	-9999.0000	-9999.0000	-9999.0000	-9999.0000	-9999.0000	-9999.0000	20.7122	1	0	26.7989	1.0000	02	2	-9999.0000	15395	5760	-9999	789	805	-9999	528.3485	5	0.6504	0.6657	-0.0012	73.7144	2.9674	676.0804	422.4005	35.1157	652.1151	95.6713	715.7481	95.0000	726.8069	95.1620	734.3915	94.9769	
28/08/2017	01:53:31	011992	H421130643HLR	L421	S		698.0465	1.0292	10.0000	100.0248	39.7671	0.8430	0.8266	5.0000	19.3006	815.1920	94.8611	14.1899	25.3000	0.9300	0.9471	0.6632	-0.0010	815.0000	813.6733	1.0275	-4.2532	100.0413	39.7553	0.8230	0.8240	5.0000	-9999.0000	-9999.0000	-9999.0000	-9999.0000	-9999.0000	-9999.0000	21.3364	3	0	27.1775	1.0000	02	2	-9999.0000	15395	5761	-9999	789	806	-9999	529.0968	5	0.6504	0.6632	-0.0010	75.2827	2.8666	677.1351	408.1309	35.6019	652.0553	95.4398	720.9244	94.9074	733.4203	95.3241	741.9020	95.0231	
28/08/2017	01:53:57	011992	H421131519HLR	L421	S		710.5034	1.0292	10.0000	100.0505	39.9192	0.8430	0.8274	5.0000	19.7093	815.0559	94.9074	11.2691	25.1000	0.9300	0.9469	0.6617	-0.0009	815.0000	816.4811	1.0275	-4.4973	100.0043	39.8788	0.8230	0.8254	5.0000	-9999.0000	-9999.0000	-9999.0000	-9999.0000	-9999.0000	-9999.0000	19.3710	4	0	26.2270	1.0000	02	2	-9999.0000	15396	5762	-9999	790	806	-9999	530.9670	5	0.6498	0.6617	-0.0009	75.7233	2.8488	702.4986	413.4208	34.0741	676.4671	95.2083	745.1197	95.1389	757.8154	95.2083	765.4222	94.9769	
28/08/2017	01:54:25	011992	H421131506HLR	L421	S		711.6720	1.0292	10.0000	100.0203	40.1758	0.8430	0.8272	5.0000	18.8121	815.1355	94.8611	10.9596	25.3000	0.9300	0.9471	0.6609	-0.0008	815.0000	814.3548	1.0275	-4.3452	99.9872	40.1455	0.8230	0.8253	5.0000	-9999.0000	-9999.0000	-9999.0000	-9999.0000	-9999.0000	-9999.0000	19.8504	5	0	28.3900	1.0000	02	2	-9999.0000	15397	5763	-9999	790	807	-9999	531.2806	5	0.6499	0.6609	-0.0008	75.3156	2.8811	700.5853	409.4605	33.7037	675.9696	95.4630	745.6018	95.0000	757.9650	95.2315	766.3325	95.0694	
28/08/2017	01:55:19	011992	H421130692HLR	L421	S		693.4240	1.0292	10.0000	100.0805	39.7555	0.8430	0.8266	5.0000	19.0086	815.1094	94.8843	15.0092	25.2000	0.9300	0.9470	0.6603	-0.0008	815.0000	813.8570	1.0275	-4.2780	100.0594	39.6950	0.8230	0.8239	5.0000	-9999.0000	-9999.0000	-9999.0000	-9999.0000	-9999.0000	-9999.0000	19.8277	7	0	27.3207	1.0000	02	2	-9999.0000	15398	5764	-9999	791	808	-9999	528.5362	5	0.6499	0.6603	-0.0008	75.7185	2.8426	689.6710	420.4995	35.8102	667.3944	95.7639	721.6018	95.0926	731.6822	95.1389	739.8765	95.0463	
28/08/2017	01:55:47	011992	H421130603HLR	L421	S		696.3613	1.0292	10.0000	100.0057	39.9000	0.8430	0.8272	5.0000	20.2896	815.0859	94.8843	14.6802	25.0000	0.9300	0.9468	0.6592	-0.0007	815.0000	814.6745	1.0275	-4.3884	100.0199	39.8000	0.8230	0.8254	5.0000	-9999.0000	-9999.0000	-9999.0000	-9999.0000	-9999.0000	-9999.0000	20.3620	8	0	27.6376	1.0000	02	2	-9999.0000	15399	5765	-9999	792	808	-9999	528.6595	5	0.6498	0.6592	-0.0007	74.4243	2.9472	692.0791	443.2434	35.1157	668.9943	94.9306	722.5481	95.1157	734.2533	95.1620	741.3320	95.0000	
28/08/2017	01:56:13	011992	H421130630HLR	L421	S		694.0271	1.0292	10.0000	100.0338	40.1707	0.8430	0.8271	5.0000	19.4409	815.0857	94.9306	15.9800	25.1000	0.9300	0.9470	0.6601	-0.0008	815.0000	816.8366	1.0275	-4.4963	100.0553	40.2835	0.8230	0.8253	5.0000	-9999.0000	-9999.0000	-9999.0000	-9999.0000	-9999.0000	-9999.0000	20.6855	1	0	26.5585	1.0000	02	2	-9999.0000	15400	5766	-9999	792	809	-9999	527.9668	5	0.6501	0.6601	-0.0008	70.2879	3.2601	689.1236	335.3759	34.6759	665.8570	95.0000	720.6559	95.1620	730.7161	95.1389	738.0426	94.9769	
28/08/2017	01:57:07	011992	H421130633HLR	L421	S		693.2691	1.0292	10.0000	99.9653	39.7455	0.8430	0.8266	5.0000	18.8293	815.0620	94.9306	15.8989	25.3000	0.9300	0.9470	0.6588	-0.0007	815.0000	815.1845	1.0275	-4.4574	100.0042	39.7311	0.8230	0.8238	5.0000	-9999.0000	-9999.0000	-9999.0000	-9999.0000	-9999.0000	-9999.0000	19.5028	3	0	27.2889	1.0000	02	2	-9999.0000	15401	5767	-9999	793	810	-9999	528.1802	5	0.6498	0.6588	-0.0007	68.8683	3.3697	686.7855	428.4276	36.5046	663.1748	95.4398	720.2235	95.1389	727.1864	95.2778	735.2427	95.0231	
28/08/2017	01:57:36	011992	H421130639HLR	L421	S		694.9299	1.0292	10.0000	100.1006	39.8000	0.8430	0.8274	5.0000	19.2136	815.1470	94.9537	15.3687	25.2000	0.9300	0.9469	0.6583	-0.0006	815.0000	815.9367	1.0275	-4.4988	100.0621	39.7968	0.8230	0.8252	5.0000	-9999.0000	-9999.0000	-9999.0000	-9999.0000	-9999.0000	-9999.0000	19.7872	4	0	29.6569	1.0000	02	2	-9999.0000	15402	5768	-9999	793	811	-9999	528.5991	5	0.6496	0.6583	-0.0006	69.5109	3.3454	687.9676	425.0985	33.9120	663.0922	95.5093	722.4319	95.0000	732.9450	95.0926	740.8360	94.9769	
28/08/2017	01:58:08	011992	H421130693HLR	L421	S		692.2821	1.0292	10.0000	100.0940	40.2728	0.8430	0.8274	5.0000	19.2593	815.1398	94.9306	15.0395	25.2000	0.9300	0.9470	0.6585	-0.0007	815.0000	814.6093	1.0275	-4.3796	100.0333	40.1694	0.8230	0.8249	5.0000	-9999.0000	-9999.0000	-9999.0000	-9999.0000	-9999.0000	-9999.0000	22.3181	5	0	31.5110	1.0000	01	1	-9999.0000	15403	5769	-9999	794	812	-9999	529.0646	5	0.6496	0.6585	-0.0007	71.0527	3.2227	687.3005	425.2875	36.2731	658.2515	96.0648	722.2145	95.0231	731.2958	95.0000	739.3263	95.0000	
28/08/2017	01:59:02	011992	H421130694HLR	L421	S		693.1859	1.0292	10.0000	100.0004	39.7770	0.8430	0.8265	5.0000	18.5369	815.1359	94.8611	15.2094	25.4000	0.9300	0.9470	0.6584	-0.0007	815.0000	814.1618	1.0275	-4.3192	100.0241	39.6646	0.8230	0.8238	5.0000	-9999.0000	-9999.0000	-9999.0000	-9999.0000	-9999.0000	-9999.0000	19.7345	7	0	26.3324	1.0000	01	1	-9999.0000	15403	5770	-9999	795	813	-9999	528.5824	5	0.6492	0.6584	-0.0007	62.8803	3.7587	689.1156	398.3667	34.0741	664.5822	94.5370	722.5953	95.4167	733.6734	95.2546	740.6702	95.0000	
28/08/2017	01:59:29	011992	H421130632HLR	L421	S		693.3407	1.0292	10.0000	99.9600	39.8000	0.8430	0.8273	5.0000	18.7824	815.1081	94.9074	15.6596	25.1000	0.9300	0.9470	0.6613	-0.0009	815.0000	817.1062	1.0275	-4.4956	99.9921	39.8422	0.8230	0.8257	5.0000	-9999.0000	-9999.0000	-9999.0000	-9999.0000	-9999.0000	-9999.0000	19.6916	8	0	26.8844	1.0000	01	1	-9999.0000	15404	5771	-9999	795	813	-9999	528.2482	5	0.6490	0.6613	-0.0009	61.8259	3.8314	687.0134	415.2025	36.0880	663.3615	94.5139	718.6870	95.3472	730.2130	95.1157	736.8884	94.9306	
28/08/2017	01:59:55	011992	H421130637HLR	L421	S		697.3191	1.0292	10.0000	100.0431	40.2000	0.8430	0.8276	5.0000	18.8286	815.1546	94.8380	13.7603	25.2000	0.9300	0.9467	0.6607	-0.0008	815.0000	814.2445	1.0275	-4.3303	100.1119	40.3002	0.8230	0.8257	5.0000	-9999.0000	-9999.0000	-9999.0000	-9999.0000	-9999.0000	-9999.0000	19.8337	1	0	26.2002	1.0000	01	1	-9999.0000	15405	5772	-9999	795	814	-9999	529.6942	5	0.6492	0.6607	-0.0008	61.0468	3.9049	693.7823	400.6084	33.9583	667.7296	94.7454	729.8074	96.2731	739.9703	94.9769	746.8599	94.9074	
28/08/2017	02:00:47	011992	H421130641HLR	L421	S		694.9506	1.0292	10.0000	99.9420	39.6475	0.8430	0.8260	5.0000	20.7350	815.1104	94.8611	14.5395	25.4000	0.9300	0.9471	0.6609	-0.0008	815.0000	813.6417	1.0275	-4.2489	100.0140	39.6974	0.8230	0.8237	5.0000	-9999.0000	-9999.0000	-9999.0000	-9999.0000	-9999.0000	-9999.0000	19.4092	3	0	25.1261	1.0000	01	1	-9999.0000	15406	5773	-9999	796	815	-9999	529.2778	5	0.6492	0.6609	-0.0008	60.9485	3.9125	692.1851	372.4285	36.8056	667.9131	95.0000	723.9622	95.2315	735.1624	95.2315	741.3594	94.9769	
28/08/2017	02:01:15	011992	H421131881HLR	L421	S		701.4184	1.0292	10.0000	99.9882	39.8000	0.8430	0.8274	5.0000	19.9796	815.0269	94.8843	13.8394	25.1000	0.9300	0.9470	0.6609	-0.0008	815.0000	817.4315	1.0275	-4.4947	100.0823	39.8000	0.8230	0.8253	5.0000	-9999.0000	-9999.0000	-9999.0000	-9999.0000	-9999.0000	-9999.0000	19.9807	4	0	27.2759	1.0000	01	1	-9999.0000	15407	5774	-9999	796	816	-9999	529.3210	5	0.6488	0.6609	-0.0008	60.3458	3.9743	686.8413	417.8676	33.5417	661.0879	95.4167	729.7845	95.8333	741.9079	95.3009	747.8456	94.9306	
28/08/2017	02:01:39	011992	H421132746HLR	L421	S		697.5242	1.0292	10.0000	99.9870	40.2936	0.8430	0.8276	5.0000	18.8736	815.1887	94.8611	14.6997	25.2000	0.9300	0.9469	0.6649	-0.0011	815.0000	817.0322	1.0275	-4.4958	100.1081	40.2500	0.8230	0.8256	5.0000	-9999.0000	-9999.0000	-9999.0000	-9999.0000	-9999.0000	-9999.0000	20.4779	5	0	25.5856	1.0000	01	1	-9999.0000	15408	5775	-9999	797	817	-9999	529.1938	5	0.6489	0.6649	-0.0011	60.1691	3.9950	686.1336	412.4769	35.3472	662.7391	95.0463	720.0507	95.7870	731.6219	95.2315	739.4118	94.9074	
28/08/2017	02:02:30	011992	H421131892HLR	L421	S		698.4073	1.0292	10.0000	99.9133	39.7002	0.8430	0.8259	5.0000	20.3196	815.1887	94.8611	14.1099	25.2000	0.9300	0.9471	0.6770	-0.0019	815.0000	817.6383	1.0275	-4.4941	100.0357	39.7202	0.8230	0.8236	5.0000	-9999.0000	-9999.0000	-9999.0000	-9999.0000	-9999.0000	-9999.0000	19.4794	7	0	25.5065	1.0000	01	1	-9999.0000	15408	5776	-9999	798	818	-9999	530.4520	5	0.6487	0.6770	-0.0019	80.8700	2.6106	678.0030	403.1222	34.9537	652.1672	96.0417	715.1465	94.9769	727.3223	95.1389	736.0597	95.0231	
28/08/2017	02:02:57	011992	H421131876HLR	L421	S		700.2544	1.0292	10.0000	99.9668	39.7770	0.8430	0.8274	5.0000	18.5390	815.1492	94.8843	13.6802	25.2000	0.9300	0.9471	0.6693	-0.0014	815.0000	817.5108	1.0275	-4.4945	100.0995	39.7000	0.8230	0.8249	5.0000	-9999.0000	-9999.0000	-9999.0000	-9999.0000	-9999.0000	-9999.0000	19.7783	8	0	27.1220	1.0000	01	1	-9999.0000	15409	5777	-9999	799	819	-9999	530.3764	5	0.6485	0.6693	-0.0014	74.6980	3.0324	692.8229	414.7542	33.3102	668.8023	95.5093	727.0768	95.0926	739.3109	95.2546	746.4286	95.0463	
28/08/2017	02:03:22	011992	H421131893HLR	L421	S		698.5111	1.0292	10.0000	99.9390	40.1934	0.8430	0.8270	5.0000	20.5381	815.0997	94.8148	13.9302	25.3000	0.9300	0.9469	0.6662	-0.0012	815.0000	814.7637	1.0275	-4.4005	100.1041	40.2210	0.8230	0.8253	5.0000	-9999.0000	-9999.0000	-9999.0000	-9999.0000	-9999.0000	-9999.0000	21.8685	1	0	24.9489	1.0000	01	1	-9999.0000	15409	5778	-9999	799	820	-9999	529.6561	5	0.6484	0.6662	-0.0012	79.6063	2.6946	692.4664	422.2525	37.4306	668.7874	94.7685	726.0107	95.7639	735.1600	95.0694	742.5526	94.9074	
28/08/2017	02:04:12	011992	H421131914HLR	L421	S		695.4334	1.0292	10.0000	99.9862	39.8297	0.8430	0.8264	5.0000	18.5491	815.1923	94.8148	14.5493	25.3000	0.9300	0.9471	0.6609	-0.0008	815.0000	814.6864	1.0275	-4.3901	100.0006	39.7798	0.8230	0.8235	5.0000	-9999.0000	-9999.0000	-9999.0000	-9999.0000	-9999.0000	-9999.0000	20.0320	3	0	24.9688	1.0000	01	1	-9999.0000	15410	5779	-9999	800	821	-9999	529.0714	5	0.6486	0.6609	-0.0008	76.7539	2.9198	720.5148	408.4416	35.0463	662.5409	96.6667	728.1242	95.3009	736.6157	95.0694	743.6836	94.9537	
28/08/2017	02:04:37	011992	H421131909HLR	L421	S		701.1980	1.0292	10.0000	99.9713	39.6624	0.8430	0.8265	5.0000	20.9592	815.1609	94.8843	13.5094	25.1000	0.9300	0.9468	0.6590	-0.0007	815.0000	816.3937	1.0275	-4.4976	100.0570	39.6431	0.8230	0.8245	5.0000	-9999.0000	-9999.0000	-9999.0000	-9999.0000	-9999.0000	-9999.0000	20.1176	4	0	25.1993	1.0000	01	1	-9999.0000	15411	5780	-9999	801	822	-9999	529.5413	5	0.6487	0.6590	-0.0007	73.1323	3.1820	691.5404	446.4621	36.0648	667.7905	95.8565	732.4635	94.8843	743.2326	95.0000	751.0618	95.0231	
28/08/2017	02:05:02	011992	H421131912HLR	L421	S		700.6367	1.0292	10.0000	100.0851	40.1000	0.8430	0.8277	5.0000	18.7912	815.0888	94.7917	13.7994	25.2000	0.9300	0.9469	0.6595	-0.0007	815.0000	818.1583	1.0275	-4.4927	100.0335	40.1794	0.8230	0.8259	5.0000	-9999.0000	-9999.0000	-9999.0000	-9999.0000	-9999.0000	-9999.0000	19.9688	5	0	25.5596	1.0000	01	1	-9999.0000	15412	5781	-9999	802	823	-9999	529.4030	5	0.6489	0.6595	-0.0007	67.4685	3.5725	693.4290	408.4575	33.7731	668.0463	94.0509	732.3784	95.8102	744.1581	95.1389	751.4019	94.9306	
28/08/2017	02:05:52	011992	H421131900HLR	L421	Q		703.4336	1.0292	10.0000	99.9375	39.8367	0.8430	0.8258	5.0000	20.6656	815.1210	94.8611	12.8101	25.3000	0.9300	0.9471	0.6620	-0.0009	815.0000	815.6262	1.0275	-4.4997	100.0008	39.7960	0.8230	0.8233	5.0000	-9999.0000	-9999.0000	-9999.0000	-9999.0000	-9999.0000	-9999.0000	20.9328	7	0	25.0110	1.0000	01	1	-9999.0000	15413	5782	-9999	803	824	-9999	530.2383	5	0.6489	0.6620	-0.0009	70.1893	3.3728	693.9450	423.9279	35.6019	669.7994	95.9259	734.9378	95.2546	746.0156	95.1157	753.3033	94.9769	
28/08/2017	02:06:17	011992	H421131925HLR	L421	S		701.2516	1.0292	10.0000	100.0842	39.6702	0.8430	0.8268	5.0000	18.8380	815.1342	94.8611	13.3794	25.1000	0.9300	0.9471	0.6628	-0.0010	815.0000	816.1853	1.0275	-4.4981	100.0169	39.6483	0.8230	0.8243	5.0000	-9999.0000	-9999.0000	-9999.0000	-9999.0000	-9999.0000	-9999.0000	20.2204	8	0	24.5594	1.0000	01	1	-9999.0000	15414	5783	-9999	804	825	-9999	529.6632	5	0.6489	0.6628	-0.0010	66.1115	3.6582	729.8049	429.8261	34.9074	666.3085	96.6898	732.5108	95.5324	740.9712	94.8380	746.9181	94.9074	
28/08/2017	02:06:42	011992	H421131887HLR	L421	S		699.0660	1.0292	10.0000	99.9981	40.1000	0.8430	0.8271	5.0000	20.5885	815.0686	94.8380	13.8394	25.2000	0.9300	0.9469	0.6628	-0.0010	815.0000	815.5962	1.0275	-4.4997	100.1205	40.1603	0.8230	0.8259	5.0000	-9999.0000	-9999.0000	-9999.0000	-9999.0000	-9999.0000	-9999.0000	19.7385	1	0	25.0696	1.0000	01	1	-9999.0000	15415	5784	-9999	805	826	-9999	529.2506	5	0.6489	0.6628	-0.0010	73.8569	3.1127	690.1002	435.0637	34.1204	667.3786	91.9444	722.2944	95.4167	737.1265	95.1852	744.2329	95.0000	
28/08/2017	02:07:32	011992	H421131849HLR	L421	Q		701.0968	1.0292	10.0000	99.9227	39.8585	0.8430	0.8258	5.0000	20.6427	815.0606	94.8611	13.2788	25.3000	0.9300	0.9470	0.6515	-0.0002	815.0000	814.7099	1.0275	-4.3932	99.9940	39.9086	0.8230	0.8238	5.0000	-9999.0000	-9999.0000	-9999.0000	-9999.0000	-9999.0000	-9999.0000	19.5393	3	0	24.8789	1.0000	01	1	-9999.0000	15415	5785	-9999	806	827	-9999	529.0327	5	0.6489	0.6515	-0.0002	64.6964	3.7442	704.4719	439.6769	35.8796	680.8922	92.6852	738.3292	96.1806	753.0031	95.2083	759.0002	94.8611	
28/08/2017	02:07:58	011992	H421131833HLR	L421	S		700.1341	1.0292	10.0000	100.1156	39.6794	0.8430	0.8268	5.0000	18.9408	815.2242	94.8843	13.7495	25.2000	0.9300	0.9469	0.6576	-0.0006	815.0000	815.7999	1.0275	-4.4992	100.1307	39.7066	0.8230	0.8244	5.0000	-9999.0000	-9999.0000	-9999.0000	-9999.0000	-9999.0000	-9999.0000	19.5583	4	0	25.0392	1.0000	01	1	-9999.0000	15416	5786	-9999	807	828	-9999	528.9761	5	0.6487	0.6576	-0.0006	63.0210	3.8765	696.3892	454.5566	35.5556	672.3009	94.8843	729.8779	94.6759	742.5105	95.1157	749.8541	95.0231	
28/08/2017	02:08:22	011992	H421131834HLR	L421	S		705.5764	1.0292	10.0000	100.0769	40.1000	0.8430	0.8277	5.0000	18.6790	815.0929	94.9074	12.0191	25.3000	0.9300	0.9469	0.6578	-0.0006	815.0000	813.2385	1.0275	-4.1944	100.0093	40.1000	0.8230	0.8256	5.0000	-9999.0000	-9999.0000	-9999.0000	-9999.0000	-9999.0000	-9999.0000	19.8084	5	0	24.9592	1.0000	01	1	-9999.0000	15417	5787	-9999	808	829	-9999	529.9296	5	0.6489	0.6578	-0.0006	62.9618	3.8860	702.7071	448.3645	34.7685	678.0569	94.2824	737.1056	94.9306	751.6400	95.2778	759.2172	95.0231	
28/08/2017	02:09:14	011992	H421131828HLR	L421	S		702.8626	1.0292	10.0000	99.9277	39.9083	0.8430	0.8260	5.0000	20.3391	815.0987	94.8611	12.8287	25.4000	0.9300	0.9469	0.6519	-0.0002	815.0000	814.5130	1.0275	-4.3666	100.0180	39.8886	0.8230	0.8239	5.0000	-9999.0000	-9999.0000	-9999.0000	-9999.0000	-9999.0000	-9999.0000	19.7947	7	0	24.9689	1.0000	01	1	-9999.0000	15418	5788	-9999	809	829	-9999	529.3783	5	0.6490	0.6519	-0.0002	55.5242	4.4303	697.4803	417.7415	34.4907	674.2312	95.5556	742.5588	95.0231	752.1741	95.1620	759.5213	94.9537	
28/08/2017	02:09:38	011992	H421131921HLR	L421	Q		703.2175	1.0292	10.0000	100.1131	39.7150	0.8430	0.8267	5.0000	18.6985	815.0514	94.9537	13.5992	25.2000	0.9300	0.9470	0.6523	-0.0002	815.0000	818.9240	1.0275	-4.4906	100.1111	39.7206	0.8230	0.8245	5.0000	-9999.0000	-9999.0000	-9999.0000	-9999.0000	-9999.0000	-9999.0000	19.6478	8	0	24.3995	1.0000	01	1	-9999.0000	15419	5789	-9999	810	829	-9999	529.0768	5	0.6490	0.6523	-0.0002	59.9037	4.0905	704.3405	441.8838	35.6944	680.8294	95.7870	742.8646	95.1620	751.8909	95.0000	758.4658	94.9537	
28/08/2017	02:10:03	011992	H421131866HLR	L421	S		701.7616	1.0292	10.0000	100.0927	40.0576	0.8430	0.8276	5.0000	18.7387	815.1515	94.8843	12.9195	25.3000	0.9300	0.9470	0.6637	-0.0011	815.0000	815.1638	1.0275	-4.4546	100.1346	40.1000	0.8230	0.8256	5.0000	-9999.0000	-9999.0000	-9999.0000	-9999.0000	-9999.0000	-9999.0000	20.0487	1	0	24.8907	1.0000	01	1	-9999.0000	15420	5790	-9999	810	830	-9999	529.8403	5	0.6493	0.6637	-0.0011	54.0284	4.5097	694.0071	449.4043	36.2037	670.7577	93.3565	729.2520	96.6435	743.9737	94.9537	748.5225	94.7222	
28/08/2017	02:10:53	011992	H421131865HLR	L421	S		706.1859	1.0292	10.0000	100.0786	39.9968	0.8430	0.8265	5.0000	18.5393	815.1648	94.9769	12.6587	25.4000	0.9300	0.9470	0.6735	-0.0018	815.0000	816.0784	1.0275	-4.4984	100.0139	39.8908	0.8230	0.8239	5.0000	-9999.0000	-9999.0000	-9999.0000	-9999.0000	-9999.0000	-9999.0000	19.6146	3	0	25.0283	1.0000	01	1	-9999.0000	15421	5791	-9999	811	831	-9999	530.2638	5	0.6493	0.6735	-0.0018	52.2615	4.6446	687.2730	399.8236	34.7222	663.8929	93.3565	724.5513	95.9722	739.7278	95.3935	747.5872	94.9306	
28/08/2017	02:11:21	011992	H421131855HLR	L421	S		699.6915	1.0292	10.0000	100.0720	39.7429	0.8430	0.8270	5.0000	18.7591	815.1484	94.9074	13.4497	25.2000	0.9300	0.9470	0.6743	-0.0019	815.0000	815.2562	1.0275	-4.4671	100.1613	39.6996	0.8230	0.8244	5.0000	-9999.0000	-9999.0000	-9999.0000	-9999.0000	-9999.0000	-9999.0000	19.6369	4	0	27.3899	1.0000	01	1	-9999.0000	15422	5792	-9999	812	832	-9999	529.0375	5	0.6489	0.6743	-0.0019	48.4494	4.9384	682.1520	416.4567	35.2546	657.4340	94.0046	717.5246	95.7407	732.8835	95.4167	739.5349	94.7917	
28/08/2017	02:11:46	011992	H421131836HLR	L421	S		701.7141	1.0292	10.0000	100.1148	40.0000	0.8430	0.8276	5.0000	18.7788	815.0924	94.8611	13.4996	25.3000	0.9300	0.9469	0.6739	-0.0019	815.0000	813.2890	1.0275	-4.2012	100.0656	40.1000	0.8230	0.8250	5.0000	-9999.0000	-9999.0000	-9999.0000	-9999.0000	-9999.0000	-9999.0000	22.9017	5	0	24.9483	1.0000	01	1	-9999.0000	15423	5793	-9999	813	833	-9999	528.9543	5	0.6491	0.6739	-0.0019	49.6035	4.8598	693.8801	408.6891	35.2778	654.1801	96.3657	718.5366	95.0000	727.3284	95.0463	735.2670	95.0231	
28/08/2017	02:12:35	011992	H421131843HLR	L421	S		704.1179	1.0292	10.0000	99.9443	39.9601	0.8430	0.8263	5.0000	19.4446	815.0951	94.8843	12.5200	25.4000	0.9300	0.9469	0.6729	-0.0018	815.0000	814.0954	1.0275	-4.3102	99.9645	39.8878	0.8230	0.8239	5.0000	-9999.0000	-9999.0000	-9999.0000	-9999.0000	-9999.0000	-9999.0000	19.6882	7	0	24.9190	1.0000	01	1	-9999.0000	15423	5794	-9999	814	834	-9999	530.4423	5	0.6493	0.6729	-0.0018	49.5600	4.8481	682.5020	427.3321	35.4398	659.6109	95.5787	723.0405	94.8148	736.7922	95.1852	746.0763	95.1389	
28/08/2017	02:12:59	011992	H421131523HLR	L421	S		703.3926	1.0292	10.0000	100.0816	39.7296	0.8430	0.8266	5.0000	18.9926	815.0712	94.8843	12.5796	25.2000	0.9300	0.9470	0.6732	-0.0018	815.0000	816.4361	1.0275	-4.4974	99.9804	39.7178	0.8230	0.8244	5.0000	-9999.0000	-9999.0000	-9999.0000	-9999.0000	-9999.0000	-9999.0000	19.5355	8	0	23.5397	1.0000	01	1	-9999.0000	15424	5795	-9999	814	835	-9999	530.3042	5	0.6492	0.6732	-0.0018	47.6264	4.9969	726.2197	437.5319	37.0833	666.8413	96.5509	729.9358	95.3704	738.7786	94.7454	747.5684	94.9769	
28/08/2017	02:13:26	011992	H421131522HLR	L421	S		706.1273	1.0292	10.0000	100.1030	40.0000	0.8430	0.8275	5.0000	18.9353	815.2042	94.8148	12.2496	25.2000	0.9300	0.9469	0.6684	-0.0014	815.0000	817.4902	1.0275	-4.4946	100.0285	40.1118	0.8230	0.8259	5.0000	-9999.0000	-9999.0000	-9999.0000	-9999.0000	-9999.0000	-9999.0000	19.3414	1	0	26.3175	1.0000	01	1	-9999.0000	15425	5796	-9999	815	836	-9999	530.7671	5	0.6494	0.6684	-0.0014	48.0085	4.9624	693.9419	439.0136	35.9491	671.0002	95.1389	735.4845	95.1389	747.1931	94.8843	756.0880	94.9306	
28/08/2017	02:14:32	011992	H421131873HLR	L421	S		681.9532	1.0292	10.0000	99.9867	39.9709	0.8430	0.8266	5.0000	18.4388	815.1072	94.8611	12.7896	25.4000	0.9300	0.9469	0.6729	-0.0018	815.0000	815.5364	1.0275	-4.4999	100.0516	39.8973	0.8230	0.8239	5.0000	-9999.0000	-9999.0000	-9999.0000	-9999.0000	-9999.0000	-9999.0000	20.3553	3	0	32.7683	1.0000	01	1	-9999.0000	15426	5797	-9999	816	837	-9999	529.9848	5	0.6496	0.6729	-0.0018	46.7090	5.0633	672.7932	404.9623	34.3056	645.5717	93.8657	721.7583	94.6065	736.1997	95.3009	745.8695	95.0694	
28/08/2017	02:14:52	011992	H340129929HLR	L421	S		0.0000	0.0000	0.0000	0.0000	0.0000	0.8430	0.0000	0.0000	0.0000	0.0000	0.0000	0.0000	0.0000	0.9300	0.0000	0.0000	0.0000	0.0000	0.0000	0.0000	0.0000	0.0000	0.0000	0.8230	0.0000	0.0000	0.0000	0.0000	0.0000	0.0000	0.0000	0.0000	0.0000	0	27	32.7683	1.0000	01	1	0.0000	0	0	0	0	0	0	0.0000	0	0.0000	0.0000	0.0000	0.0000	0.0000	0.0000	0.0000	0.0000	0.0000	0.0000	0.0000	0.0000	0.0000	0.0000	0.0000	0.0000	
28/08/2017	02:15:06	011992	H421081904HLR	L421	S		705.4161	1.0292	10.0000	100.1077	39.7357	0.8430	0.8267	5.0000	18.7093	815.1235	94.8611	12.1294	25.2000	0.9300	0.9470	0.6702	-0.0016	815.0000	815.9183	1.0275	-4.4989	100.0866	39.8446	0.8230	0.8252	5.0000	-9999.0000	-9999.0000	-9999.0000	-9999.0000	-9999.0000	-9999.0000	19.4827	4	0	33.9394	1.0000	01	1	-9999.0000	15427	5798	-9999	817	837	-9999	530.8734	5	0.6496	0.6702	-0.0016	50.2934	4.8003	692.0223	421.9592	33.9352	668.5714	92.9398	726.2524	95.3241	743.9841	95.4167	751.7428	94.9306	
28/08/2017	02:15:33	011992	H421131861HLR	L421	S		704.2819	1.0292	10.0000	100.1152	40.0000	0.8430	0.8276	5.0000	18.7309	815.1525	94.8843	13.4097	25.2000	0.9300	0.9468	0.6678	-0.0014	815.0000	819.0566	1.0275	-4.4903	99.9978	40.1446	0.8230	0.8249	5.0000	-9999.0000	-9999.0000	-9999.0000	-9999.0000	-9999.0000	-9999.0000	20.6686	5	0	26.7490	1.0000	01	1	-9999.0000	15428	5799	-9999	818	837	-9999	529.3708	5	0.6497	0.6678	-0.0014	62.5793	3.8543	693.3295	415.0037	33.2407	670.2243	92.1065	729.4932	96.0648	742.9269	95.2083	750.0553	94.8843	
28/08/2017	02:16:42	011992	H421131481HLR	L421	Q		701.5508	1.0292	10.0000	100.1040	39.9805	0.8430	0.8264	5.0000	19.4023	815.1147	94.8380	13.1001	25.4000	0.9300	0.9471	0.6678	-0.0014	815.0000	815.2690	1.0275	-4.4688	100.0399	39.6615	0.8230	0.8239	5.0000	-9999.0000	-9999.0000	-9999.0000	-9999.0000	-9999.0000	-9999.0000	20.7438	7	0	34.9588	1.0000	01	1	-9999.0000	15428	5800	-9999	819	837	-9999	529.6213	5	0.6496	0.6678	-0.0014	71.1161	3.2059	696.8099	420.8775	36.6204	674.9454	92.8704	726.6942	96.0880	740.5285	95.1852	748.2554	94.8380	
28/08/2017	02:17:07	011992	H421131493HLR	L421	S		703.3383	1.0292	10.0000	100.0812	39.8000	0.8430	0.8268	5.0000	20.0254	815.1401	94.8843	12.5689	25.2000	0.9300	0.9469	0.6561	-0.0005	815.0000	815.2653	1.0275	-4.4683	99.9715	40.1000	0.8230	0.8263	5.0000	-9999.0000	-9999.0000	-9999.0000	-9999.0000	-9999.0000	-9999.0000	19.2386	8	0	24.7286	1.0000	01	1	-9999.0000	15429	5801	-9999	819	838	-9999	530.1777	5	0.6496	0.6561	-0.0005	65.0963	3.7192	700.5607	418.4222	36.1574	675.9406	94.3056	736.5446	95.0463	751.1985	95.3009	757.4882	94.9769	
28/08/2017	02:17:33	011992	H421131521HLR	L421	S		702.7830	1.0292	10.0000	100.0918	40.1517	0.8430	0.8273	5.0000	19.5157	815.0417	94.8843	12.8990	25.3000	0.9300	0.9470	0.6567	-0.0005	815.0000	815.7271	1.0275	-4.4994	99.9982	40.1150	0.8230	0.8245	5.0000	-9999.0000	-9999.0000	-9999.0000	-9999.0000	-9999.0000	-9999.0000	19.0886	1	0	26.0297	1.0000	01	1	-9999.0000	15430	5802	-9999	819	839	-9999	529.7287	5	0.6497	0.6567	-0.0005	70.2583	3.2993	696.7461	401.0279	33.2639	672.1042	95.3704	736.3236	94.8148	747.8169	95.1852	756.3576	95.0463	
28/08/2017	02:18:24	011992	H340129929HLR	L421	S		643.9824	1.0292	10.0000	99.9104	39.6909	0.8430	0.8264	5.0000	20.1343	815.1091	94.9306	23.9592	25.1000	0.9300	0.9471	0.6573	-0.0006	815.0000	848.2879	1.0275	-4.4103	100.0553	39.8371	0.8230	0.8246	5.0000	-9999.0000	-9999.0000	-9999.0000	-9999.0000	-9999.0000	-9999.0000	19.7489	3	27	26.4590	1.0000	01	1	-9999.0000	15431	5803	-9999	820	840	-9999	524.7540	5	0.6497	0.6573	-0.0006	67.9896	3.5069	643.7214	381.3366	34.8148	621.1293	95.5324	683.6245	94.8380	694.7294	95.2315	703.2026	95.0926	
28/08/2017	02:18:51	011992	H421129529HLR	L421	S		700.9560	1.0292	10.0000	100.0733	40.0445	0.8430	0.8279	5.0000	18.8682	815.0847	94.8611	13.4488	25.3000	0.9300	0.9469	0.6573	-0.0006	815.0000	814.7133	1.0275	-4.3937	100.0442	39.8848	0.8230	0.8251	5.0000	-9999.0000	-9999.0000	-9999.0000	-9999.0000	-9999.0000	-9999.0000	19.4055	4	0	26.9982	1.0000	01	1	-9999.0000	15432	5804	-9999	821	841	-9999	529.5545	5	0.6497	0.6573	-0.0006	67.9896	3.5069	735.2715	426.7987	35.0926	670.6866	96.6898	737.3424	95.2778	741.9309	94.5139	749.4581	94.8843	
28/08/2017	02:19:38	011992	H421130652HLR	L421	S		695.1554	1.0292	10.0000	100.0960	40.1523	0.8430	0.8268	5.0000	18.7992	815.1811	94.8843	14.9897	25.3000	0.9300	0.9469	0.6527	-0.0002	815.0000	814.9189	1.0275	-4.4215	100.1307	40.0307	0.8230	0.8245	5.0000	-9999.0000	-9999.0000	-9999.0000	-9999.0000	-9999.0000	-9999.0000	22.0190	5	0	46.6088	1.0000	01	1	-9999.0000	15433	5805	-9999	821	842	-9999	529.6203	5	0.6497	0.6527	-0.0002	73.5218	3.0730	691.0916	452.3477	36.3426	668.4417	92.5926	724.4278	95.3009	740.6769	95.5093	746.1649	94.9769	
28/08/2017	02:20:28	011992	H421130646HLR	L421	S		692.5280	1.0292	10.0000	99.9897	39.8388	0.8430	0.8270	5.0000	18.6094	815.1018	94.8843	15.5395	25.3000	0.9300	0.9469	0.6527	-0.0002	815.0000	816.7396	1.0275	-4.4966	100.0663	39.6357	0.8230	0.8241	5.0000	-9999.0000	-9999.0000	-9999.0000	-9999.0000	-9999.0000	-9999.0000	20.6482	7	0	25.5899	1.0000	01	1	-9999.0000	15434	5806	-9999	822	843	-9999	529.5358	5	0.6497	0.6527	-0.0002	73.5218	3.0730	690.6470	433.1220	36.8750	668.2538	91.4815	722.3777	96.3426	737.4010	95.1852	742.5610	94.7917	
28/08/2017	02:20:52	011992	H421130654HLR	L421	S		695.5050	1.0292	10.0000	100.1110	39.9431	0.8430	0.8273	5.0000	18.7601	815.1021	94.8843	15.8891	25.2000	0.9300	0.9469	0.6552	-0.0004	815.0000	819.8015	1.0275	-4.4882	100.0909	39.9545	0.8230	0.8259	5.0000	-9999.0000	-9999.0000	-9999.0000	-9999.0000	-9999.0000	-9999.0000	19.6460	8	0	23.9289	1.0000	01	1	-9999.0000	15435	5807	-9999	823	844	-9999	528.8387	5	0.6497	0.6552	-0.0004	77.2609	2.7664	689.9623	446.0026	35.5324	667.1090	92.9630	724.0752	96.2500	738.9595	95.1852	744.1005	94.7685	
28/08/2017	02:21:18	011992	H421131517HLR	L421	S		695.9434	1.0292	10.0000	99.9579	40.0525	0.8430	0.8265	5.0000	20.5141	815.0875	94.9074	13.3403	25.2000	0.9300	0.9467	0.6497	0.0000	815.0000	817.9961	1.0275	-4.4932	99.9998	40.2421	0.8230	0.8252	5.0000	-9999.0000	-9999.0000	-9999.0000	-9999.0000	-9999.0000	-9999.0000	19.9536	1	0	25.1031	1.0000	01	1	-9999.0000	15436	5808	-9999	824	845	-9999	529.7462	5	0.6495	0.6497	0.0000	72.9740	3.1112	700.0882	414.4423	33.8657	675.5570	93.6111	737.4990	95.4167	753.1473	95.2546	759.4381	94.9306	
28/08/2017	02:22:08	011992	H421131561HLR	L421	S		694.0343	1.0292	10.0000	100.0460	39.7504	0.8430	0.8270	5.0000	18.6390	815.1298	94.7917	14.1499	25.4000	0.9300	0.9471	0.6541	-0.0003	815.0000	816.0343	1.0275	-4.4985	100.0238	39.7293	0.8230	0.8238	5.0000	-9999.0000	-9999.0000	-9999.0000	-9999.0000	-9999.0000	-9999.0000	19.5887	3	0	25.6690	1.0000	01	1	-9999.0000	15437	5809	-9999	825	846	-9999	529.4218	5	0.6494	0.6541	-0.0003	71.8027	3.1992	691.8094	405.1433	34.3981	667.7192	94.5833	728.9122	94.8148	741.4488	95.3241	749.7241	95.0463	
28/08/2017	02:22:34	011992	H421132602HLR	L421	S		702.8780	1.0292	10.0000	100.0521	39.9000	0.8430	0.8276	5.0000	18.7092	815.0621	94.8843	13.0796	25.1000	0.9300	0.9469	0.6554	-0.0004	815.0000	822.9858	1.0275	-4.4795	99.9470	39.7708	0.8230	0.8251	5.0000	-9999.0000	-9999.0000	-9999.0000	-9999.0000	-9999.0000	-9999.0000	19.5793	4	0	26.0595	1.0000	01	1	-9999.0000	15438	5810	-9999	826	847	-9999	529.7766	5	0.6490	0.6554	-0.0004	66.1311	3.6275	703.9028	450.1490	36.0880	680.9354	94.4213	736.4743	94.8843	748.3903	95.2315	757.4956	95.0000	
28/08/2017	02:23:00	011992	H421132514HLR	L421	S		674.5534	1.0292	10.0000	100.0014	40.1880	0.8430	0.8274	5.0000	18.4799	815.0600	94.9074	14.1294	25.2000	0.9300	0.9469	0.6559	-0.0005	815.0000	818.3967	1.0275	-4.4921	99.9628	40.2717	0.8230	0.8260	5.0000	-9999.0000	-9999.0000	-9999.0000	-9999.0000	-9999.0000	-9999.0000	19.4086	5	0	25.5490	1.0000	01	1	-9999.0000	15439	5811	-9999	827	848	-9999	529.1053	5	0.6488	0.6559	-0.0005	66.1128	3.6290	652.4666	439.1728	34.6991	630.4862	95.0926	686.8657	94.7454	705.2588	94.9769	724.2839	94.4444	
28/08/2017	02:23:50	011992	H421132516HLR	L421	S		689.1014	1.0292	10.0000	99.9137	39.6844	0.8430	0.8259	5.0000	20.9457	815.0784	94.8843	14.8501	25.3000	0.9300	0.9469	0.6559	-0.0005	815.0000	814.2553	1.0275	-4.3318	100.0085	39.8251	0.8230	0.8238	5.0000	-9999.0000	-9999.0000	-9999.0000	-9999.0000	-9999.0000	-9999.0000	19.7490	7	0	25.1993	1.0000	01	1	-9999.0000	15439	5812	-9999	828	849	-9999	528.5955	5	0.6486	0.6559	-0.0005	62.6351	3.8862	688.0569	435.3951	36.3657	664.5081	95.1157	722.4955	94.9306	734.3579	95.1852	742.1511	95.0231	
28/08/2017	02:24:14	011992	H421132606HLR	L421	S		698.4412	1.0292	10.0000	100.0115	39.7222	0.8430	0.8273	5.0000	18.5587	815.1193	94.9074	15.1499	25.2000	0.9300	0.9470	0.6563	-0.0005	815.0000	824.8145	1.0275	-4.4745	99.9970	39.7000	0.8230	0.8246	5.0000	-9999.0000	-9999.0000	-9999.0000	-9999.0000	-9999.0000	-9999.0000	19.6674	8	2	24.2688	1.0000	01	1	-9999.0000	15440	5813	-9999	828	850	-9999	528.6823	5	0.6484	0.6563	-0.0005	67.1672	3.6291	697.4056	436.8475	35.4398	672.9205	94.7685	734.2289	94.7917	744.4577	95.1852	751.6698	95.0463	
28/08/2017	02:24:39	011992	H421132601HLR	L421	S		694.7161	1.0292	10.0000	100.1059	40.2832	0.8430	0.8277	5.0000	18.8596	815.1335	94.8380	14.4594	25.2000	0.9300	0.9469	0.6569	-0.0006	815.0000	816.7777	1.0275	-4.4965	100.0563	40.1697	0.8230	0.8258	5.0000	-9999.0000	-9999.0000	-9999.0000	-9999.0000	-9999.0000	-9999.0000	19.7881	1	0	24.9894	1.0000	01	1	-9999.0000	15441	5814	-9999	829	851	-9999	528.3538	5	0.6481	0.6569	-0.0006	74.5089	3.1664	679.6713	408.6911	34.0972	655.1159	94.9769	722.4586	94.7685	736.5566	95.2315	744.7415	95.0694	
28/08/2017	02:25:29	011992	H421132608HLR	L421	S		705.0130	1.0292	10.0000	99.9750	39.8996	0.8430	0.8263	5.0000	18.8108	815.1121	94.8380	14.2397	25.3000	0.9300	0.9470	0.6510	-0.0002	815.0000	819.4073	1.0275	-4.4893	100.0131	39.8677	0.8230	0.8237	5.0000	-9999.0000	-9999.0000	-9999.0000	-9999.0000	-9999.0000	-9999.0000	20.2200	3	0	24.8897	1.0000	01	1	-9999.0000	15441	5815	-9999	829	852	-9999	528.4306	5	0.6480	0.6510	-0.0002	79.6732	2.8606	696.2832	408.3694	34.5139	671.0661	94.5602	737.3153	94.9537	750.4561	95.4398	756.6371	95.0694	
28/08/2017	02:26:05	011992	H421131954HLR	L421	S		708.5622	1.0292	10.0000	100.0399	39.7134	0.8430	0.8269	5.0000	19.2573	815.1470	94.8843	13.4292	25.1000	0.9300	0.9469	0.6507	-0.0002	815.0000	819.1989	1.0275	-4.4899	99.9601	39.7044	0.8230	0.8244	5.0000	-9999.0000	-9999.0000	-9999.0000	-9999.0000	-9999.0000	-9999.0000	19.3895	4	0	35.8580	1.0000	01	1	-9999.0000	15442	5816	-9999	829	853	-9999	528.0972	5	0.6472	0.6507	-0.0002	95.3169	1.8645	705.5552	438.1021	34.9074	680.0890	94.8380	743.2205	94.8611	753.6657	95.2778	760.5110	95.0463	
28/08/2017	02:26:32	011992	H421132605HLR	L421	S		698.1586	1.0292	10.0000	100.0493	40.1000	0.8430	0.8273	5.0000	19.5697	815.0833	94.8843	12.8189	25.2000	0.9300	0.9468	0.6507	-0.0002	815.0000	814.4376	1.0275	-4.3564	100.0829	40.1000	0.8230	0.8251	5.0000	-9999.0000	-9999.0000	-9999.0000	-9999.0000	-9999.0000	-9999.0000	22.5181	5	0	26.8800	1.0000	01	1	-9999.0000	15443	5817	-9999	830	854	-9999	528.1305	5	0.6469	0.6507	-0.0002	101.8386	1.4523	692.8647	413.7090	33.3796	667.2087	95.3935	739.0153	94.8380	750.2259	95.2083	757.2704	95.0694	
28/08/2017	02:27:39	011992	H421132609HLR	L421	S		693.4043	1.0292	10.0000	99.9491	39.8868	0.8430	0.8259	5.0000	20.8391	815.1110	94.9074	12.6792	25.3000	0.9300	0.9469	0.6459	0.0000	815.0000	812.1206	1.0275	-4.0433	100.0367	39.7725	0.8230	0.8239	5.0000	-9999.0000	-9999.0000	-9999.0000	-9999.0000	-9999.0000	-9999.0000	19.9370	7	0	33.7400	1.0000	01	1	-9999.0000	15444	5818	-9999	831	855	-9999	527.0066	5	0.6464	0.6459	0.0000	100.3518	1.5702	707.4832	422.8576	35.9028	683.7056	94.8611	742.2082	94.9306	753.6039	95.2315	762.2699	95.0463	
28/08/2017	02:28:12	011992	H421131936HLR	L421	S		696.9955	1.0292	10.0000	100.0980	39.6992	0.8430	0.8267	5.0000	18.7663	815.1247	94.8843	12.8296	25.2000	0.9300	0.9468	0.6476	-0.0001	815.0000	813.4412	1.0275	-4.2218	100.0014	39.9711	0.8230	0.8256	5.0000	-9999.0000	-9999.0000	-9999.0000	-9999.0000	-9999.0000	-9999.0000	20.1856	8	0	33.3435	1.0000	01	1	-9999.0000	15445	5819	-9999	831	855	-9999	526.9847	5	0.6460	0.6476	-0.0001	95.0154	1.9129	712.3429	432.6148	36.8056	689.5701	93.3333	742.5059	95.7176	754.2876	95.2315	760.4300	94.8843	
28/08/2017	02:28:40	011992	H421131943HLR	L421	S		693.0433	1.0292	10.0000	100.1249	40.0966	0.8430	0.8278	5.0000	18.6805	815.0961	94.8611	13.5893	25.3000	0.9300	0.9469	0.6517	-0.0004	815.0000	813.5990	1.0275	-4.2431	100.0215	40.1522	0.8230	0.8248	5.0000	-9999.0000	-9999.0000	-9999.0000	-9999.0000	-9999.0000	-9999.0000	19.7342	1	0	28.4221	1.0000	01	1	-9999.0000	15446	5820	-9999	832	855	-9999	527.3387	5	0.6464	0.6517	-0.0004	73.8841	3.3905	695.6343	393.4574	34.0278	671.9821	95.3472	733.5714	94.9306	744.1004	95.1852	752.7537	95.0926	
28/08/2017	02:29:33	011992	H421131958HLR	L421	S		695.7910	1.0292	10.0000	99.9292	39.8156	0.8430	0.8261	5.0000	20.4592	815.1183	94.8611	14.6196	25.3000	0.9300	0.9471	0.6572	-0.0008	815.0000	814.7334	1.0275	-4.3964	100.0265	39.7761	0.8230	0.8243	5.0000	-9999.0000	-9999.0000	-9999.0000	-9999.0000	-9999.0000	-9999.0000	20.1042	3	0	25.1289	1.0000	01	1	-9999.0000	15446	5821	-9999	832	856	-9999	526.8270	5	0.6465	0.6572	-0.0008	76.3627	3.2440	691.5989	425.7250	34.6759	667.9872	95.3935	723.6314	94.9769	734.0595	95.2315	740.5737	94.9537	
28/08/2017	02:29:58	011992	H421131927HLR	L421	S		696.6293	1.0292	10.0000	100.1053	39.9000	0.8430	0.8275	5.0000	19.2715	815.1951	94.8611	13.9390	25.2000	0.9300	0.9468	0.6652	-0.0014	815.0000	813.1314	1.0275	-4.1799	100.0045	39.8888	0.8230	0.8253	5.0000	-9999.0000	-9999.0000	-9999.0000	-9999.0000	-9999.0000	-9999.0000	19.5529	4	0	25.6653	1.0000	01	1	-9999.0000	15447	5822	-9999	833	857	-9999	526.9764	5	0.6464	0.6652	-0.0014	73.2143	3.4402	681.6671	387.2633	35.8102	656.9302	95.3009	721.7493	94.9306	733.4964	95.3009	740.2611	95.0231	
28/08/2017	02:30:24	011992	H421131931HLR	L421	S		696.8507	1.0292	10.0000	100.1007	40.1651	0.8430	0.8271	5.0000	18.8436	815.1521	94.8843	13.0796	25.2000	0.9300	0.9468	0.6705	-0.0017	815.0000	813.6995	1.0275	-4.2567	99.9850	40.1484	0.8230	0.8255	5.0000	-9999.0000	-9999.0000	-9999.0000	-9999.0000	-9999.0000	-9999.0000	19.3246	5	0	25.0235	1.0000	01	1	-9999.0000	15448	5823	-9999	834	858	-9999	528.4629	5	0.6468	0.6705	-0.0017	69.5237	3.7194	673.1959	400.5156	33.5185	648.4688	95.6250	720.3608	94.8611	732.8979	95.2315	743.2161	95.0694	
28/08/2017	02:31:14	011992	H421131969HLR	L421	S		696.7066	1.0292	10.0000	100.0843	39.7922	0.8430	0.8269	5.0000	18.8038	815.0703	94.8611	13.4390	25.2000	0.9300	0.9469	0.6618	-0.0011	815.0000	813.3351	1.0275	-4.2075	99.9637	39.7437	0.8230	0.8238	5.0000	-9999.0000	-9999.0000	-9999.0000	-9999.0000	-9999.0000	-9999.0000	19.7476	7	0	24.9092	1.0000	01	1	-9999.0000	15449	5823	-9999	835	859	-9999	527.9312	5	0.6468	0.6618	-0.0011	76.1776	3.1078	693.4628	415.2582	34.9306	670.9559	94.4676	726.5729	95.8796	740.2552	95.3241	747.5230	94.9074	
28/08/2017	02:31:39	011992	H421131966HLR	L421	S		695.5395	1.0292	10.0000	100.0657	39.9246	0.8430	0.8275	5.0000	18.7485	815.1282	94.8611	13.9790	25.0000	0.9300	0.9469	0.6709	-0.0018	815.0000	814.4477	1.0275	-4.3578	99.9605	39.7541	0.8230	0.8250	5.0000	-9999.0000	-9999.0000	-9999.0000	-9999.0000	-9999.0000	-9999.0000	19.7985	8	0	25.2599	1.0000	01	1	-9999.0000	15450	5824	-9999	836	860	-9999	527.0047	5	0.6467	0.6709	-0.0018	85.7434	2.3553	685.8940	437.9163	36.7824	662.2474	94.6759	717.6314	95.3241	729.6044	95.2546	737.1503	94.9306	
