Data	Timp	Nr. masina	Nr. de serie	Tip	Productie	Comentariu	Pre-masurare Q [ml/min]	Pre-masurare Gain	Pre-masurare Offset Master	Pre-masurare P [bar]	Pre-masurare T [°C]	Pre-masurare Densitate fixa [kg/l]	Pre-masurare densitate masurata [kg/l]	Pre-masurare Timp masurare [s]	Pre-masurare Cycle time [s]	rectificare Q Oprire [ml/min]	rectificare P Oprire [bar]	rectificare Timp rectificare [s]	rectificare T [°C]	rectificare Densitate fixa [kg/l]	rectificare densitate masurata [kg/l]	rectificare Factor de masurare la rectificare	rectificare Factor de corectie a debitului	rectificare Target rectificare	Masurare Q [ml/min]	Masurare Gain	Masurare Offset Master	Masurare P [bar]	Masurare T [°C]	Masurare Densitate fixa [kg/l]	Masurare densitate masurata [kg/l]	Masurare Timp masurare [s]	Masurare Q [ml/min]	Masurare Delta Q [ml/min]	Masurare P [bar]	Masurare BP [bar]	Masurare T [°C]	Masurare Timp masurare [s]	Masurare Cycle time [s]	Nest Nr.	Cod de descarcare	Cycle time [s]	Traceability aktiv	EDM Maschine Nr	EDM Spindle Nr	Honing Rate [r	Station Counter Premeasure	Station Counter Grind	Station Counter Blowout 1	Station Counter Wash	Station Counter Measure	Station Counter Blowout 2	RealGrindQStop	Reg Type	Factor 0	Factor 1	Factor 2	Factor 3	Factor 4	G_StartQV	G_StartQV_1	G_StartQV_2	G_StartQV_3	G_StartQV_4	G_StartQV_5	
11/08/2017	02:19:12	011992	H365040324HLR	L365	S		778.2274	1.0292	7.1630	99.9604	39.5741	0.8430	0.8267	5.0000	18.7092	893.0712	94.9537	14.4594	25.9000	0.9300	0.9297	0.7159	-0.0008	893.0000	896.2227	1.0275	-5.6519	99.9710	39.9725	0.8230	0.8253	5.0000	-9999.0000	-9999.0000	-9999.0000	-9999.0000	-9999.0000	-9999.0000	20.4892	5	0	27.1893	1.0000	01	2	-9999.0000	18454	29555	-9999	2475	2525	-9999	628.9776	5	0.7038	0.7159	-0.0008	121.5365	0.6394	824.0718	527.3639	36.5741	765.4695	93.2176	822.5368	95.3704	833.1005	95.2083	840.1896	95.0463	
11/08/2017	02:19:37	011992	H365040331HLR	L365	S		779.0069	1.0292	6.8942	100.0277	39.7508	0.8430	0.8267	5.0000	18.6176	893.0593	94.9769	13.7397	25.9000	0.9300	0.9296	0.7159	-0.0008	893.0000	897.0057	1.0275	-5.6392	100.0123	39.5665	0.8230	0.8224	5.0000	-9999.0000	-9999.0000	-9999.0000	-9999.0000	-9999.0000	-9999.0000	23.5791	6	0	25.5695	1.0000	01	2	-9999.0000	18455	29556	-9999	2476	2526	-9999	629.4966	5	0.7038	0.7159	-0.0008	121.5365	0.6394	823.5659	503.7326	36.5972	768.6414	92.8472	821.9679	93.5648	831.7028	95.2778	842.9570	95.4630	
11/08/2017	02:20:03	011992	H365040322HLR	L365	S		777.8977	1.0292	7.2766	99.9969	39.7565	0.8430	0.8262	5.0000	18.6299	893.1244	94.9769	13.4790	25.9000	0.9300	0.9297	0.7159	-0.0008	893.0000	895.6265	1.0275	-5.6616	100.1509	39.4768	0.8230	0.8237	5.0000	-9999.0000	-9999.0000	-9999.0000	-9999.0000	-9999.0000	-9999.0000	20.2265	7	0	25.3586	1.0000	01	2	-9999.0000	18456	29557	-9999	2477	2527	-9999	629.7853	5	0.7038	0.7159	-0.0008	121.5365	0.6394	824.7329	508.0332	35.0926	760.6542	93.2639	822.6947	94.8611	833.3297	94.9074	841.6005	95.1157	
11/08/2017	02:20:28	011992	H365040664HLR	L365	S		774.0257	1.0292	8.6118	99.9439	39.5114	0.8430	0.8256	5.0000	20.8791	893.0539	94.9537	17.2601	25.9000	0.9300	0.9298	0.7159	-0.0008	893.0000	895.9061	1.0275	-5.6570	99.9737	39.9900	0.8230	0.8252	5.0000	-9999.0000	-9999.0000	-9999.0000	-9999.0000	-9999.0000	-9999.0000	20.2390	8	0	25.3191	1.0000	01	2	-9999.0000	18457	29558	-9999	2478	2528	-9999	626.9546	5	0.7038	0.7159	-0.0008	121.5365	0.6394	811.8384	499.6208	37.3611	754.4711	93.1713	809.7556	95.0694	820.3873	95.0926	827.8552	95.1389	
11/08/2017	02:20:53	011992	H365040674HLR	L365	S		772.9852	1.0292	8.9706	100.0658	39.6778	0.8430	0.8265	5.0000	18.9991	893.0611	94.8843	15.5092	25.9000	0.9300	0.9298	0.7147	-0.0007	893.0000	895.7979	1.0275	-5.6588	100.1033	39.8571	0.8230	0.8230	5.0000	-9999.0000	-9999.0000	-9999.0000	-9999.0000	-9999.0000	-9999.0000	21.7984	1	0	24.8486	1.0000	01	2	-9999.0000	18458	29559	-9999	2479	2529	-9999	628.1119	5	0.7035	0.7147	-0.0007	117.2533	0.8852	817.5782	520.6298	37.3148	762.9182	93.2176	815.6260	94.8843	825.5757	94.9537	832.8297	95.1389	
11/08/2017	02:21:19	011992	H365040349HLR	L365	S		777.2659	1.0292	7.4945	100.1108	39.8319	0.8430	0.8262	5.0000	19.1584	893.1296	94.8843	14.7699	26.0000	0.9300	0.9298	0.7127	-0.0006	893.0000	894.5284	1.0275	-5.6793	100.2026	39.5449	0.8230	0.8231	5.0000	-9999.0000	-9999.0000	-9999.0000	-9999.0000	-9999.0000	-9999.0000	19.7985	2	0	26.3095	1.0000	01	2	-9999.0000	18459	29560	-9999	2480	2530	-9999	628.2550	5	0.7032	0.7127	-0.0006	102.7015	1.8110	823.2922	524.5649	38.7731	776.8411	93.9583	822.1477	94.5833	831.3139	94.9074	838.7788	95.1620	
11/08/2017	02:21:45	011992	H365040346HLR	L365	S		776.0132	1.0292	7.9265	99.9648	39.5539	0.8430	0.8254	5.0000	20.7573	893.0481	94.9074	14.4389	26.0000	0.9300	0.9299	0.7062	-0.0002	893.0000	894.0527	1.0275	-5.6871	100.0706	39.7745	0.8230	0.8243	5.0000	-9999.0000	-9999.0000	-9999.0000	-9999.0000	-9999.0000	-9999.0000	22.7947	3	0	25.8986	1.0000	01	2	-9999.0000	18460	29561	-9999	2481	2531	-9999	627.9350	5	0.7029	0.7062	-0.0002	66.1136	4.1186	829.1175	515.0104	36.9676	777.3407	93.2639	827.6264	94.8148	836.1728	95.0231	843.1034	95.1852	
11/08/2017	02:22:11	011992	H365040339HLR	L365	S		777.1656	1.0292	7.5291	100.1243	39.6894	0.8430	0.8265	5.0000	18.9585	893.0676	94.9306	13.8491	26.0000	0.9300	0.9299	0.7117	-0.0006	893.0000	894.7908	1.0275	-5.6751	100.0899	39.9699	0.8230	0.8237	5.0000	-9999.0000	-9999.0000	-9999.0000	-9999.0000	-9999.0000	-9999.0000	22.3268	4	0	26.2597	1.0000	01	2	-9999.0000	18460	29562	-9999	2482	2532	-9999	628.1307	5	0.7025	0.7117	-0.0006	94.1711	2.2180	829.2587	530.7659	37.6852	780.4893	93.1019	827.6679	95.1852	837.2418	95.1389	844.9750	95.1620	
11/08/2017	02:22:37	011992	H365040333HLR	L365	S		779.1220	1.0292	6.8545	100.1360	39.8912	0.8430	0.8264	5.0000	19.0224	893.0601	95.0231	12.5698	26.0000	0.9300	0.9298	0.7141	-0.0008	893.0000	893.9742	1.0275	-5.6883	100.1417	39.6357	0.8230	0.8226	5.0000	-9999.0000	-9999.0000	-9999.0000	-9999.0000	-9999.0000	-9999.0000	22.8085	5	0	25.3788	1.0000	01	2	-9999.0000	18461	29563	-9999	2483	2532	-9999	628.9742	5	0.7022	0.7141	-0.0008	92.9504	2.2722	830.2612	525.2793	35.9954	776.9783	93.1019	828.5719	94.5602	838.6859	94.9769	847.7562	95.3009	
11/08/2017	02:23:04	011992	H365040327HLR	L365	S		775.4703	1.0292	8.1137	100.1179	39.7568	0.8430	0.8259	5.0000	18.9798	893.0725	94.9769	13.4595	26.1000	0.9300	0.9299	0.7147	-0.0008	893.0000	892.9924	1.0275	-5.7042	100.1477	39.7144	0.8230	0.8238	5.0000	-9999.0000	-9999.0000	-9999.0000	-9999.0000	-9999.0000	-9999.0000	21.5183	6	0	26.9897	1.0000	01	2	-9999.0000	18461	29564	-9999	2483	2533	-9999	628.3073	5	0.7022	0.7147	-0.0008	94.1081	2.0416	825.2523	523.6515	36.0648	773.8264	93.8194	823.9560	94.7454	833.2041	95.0231	841.1059	95.2315	
11/08/2017	02:23:28	011992	H365036050HLR	L365	S		776.2534	1.0292	7.8436	100.1795	39.6838	0.8430	0.8263	5.0000	18.5977	893.0815	94.8843	14.7993	26.1000	0.9300	0.9299	0.7131	-0.0007	893.0000	892.7611	1.0275	-5.7080	100.1117	40.0269	0.8230	0.8242	5.0000	-9999.0000	-9999.0000	-9999.0000	-9999.0000	-9999.0000	-9999.0000	21.6287	7	0	24.9083	1.0000	01	2	-9999.0000	18462	29565	-9999	2484	2534	-9999	627.1330	5	0.7020	0.7131	-0.0007	99.0609	1.3504	820.7833	506.7924	36.7593	771.3363	93.6343	819.2638	94.3519	828.1259	94.9074	836.0223	95.2315	
11/08/2017	02:23:55	011992	H365040364HLR	L365	S		776.8997	1.0292	7.6208	100.1152	39.8760	0.8430	0.8264	5.0000	19.1095	893.0595	95.0000	13.6694	26.1000	0.9300	0.9299	0.7123	-0.0007	893.0000	893.4812	1.0275	-5.6963	100.1754	39.9505	0.8230	0.8236	5.0000	-9999.0000	-9999.0000	-9999.0000	-9999.0000	-9999.0000	-9999.0000	19.8967	8	0	26.7484	1.0000	01	2	-9999.0000	18463	29566	-9999	2485	2535	-9999	627.5710	5	0.7020	0.7123	-0.0007	100.8505	1.2127	828.8741	509.2174	37.9167	778.3296	94.0741	827.3757	94.9537	836.4116	95.0463	843.6905	95.1389	
11/08/2017	02:24:22	011992	H365040360HLR	L365	S		777.7303	1.0292	7.3344	100.1281	39.8467	0.8430	0.8261	5.0000	18.9091	893.0436	95.0231	12.3696	26.2000	0.9300	0.9299	0.7120	-0.0007	893.0000	892.6350	1.0275	-5.7100	100.2673	39.7359	0.8230	0.8236	5.0000	-9999.0000	-9999.0000	-9999.0000	-9999.0000	-9999.0000	-9999.0000	19.5689	1	0	26.6397	1.0000	01	2	-9999.0000	18464	29567	-9999	2486	2536	-9999	628.2960	5	0.7019	0.7120	-0.0007	97.6089	1.4326	831.5696	521.3035	37.7778	783.5959	93.8194	830.3509	94.3750	840.4993	94.9074	848.8605	95.2315	
11/08/2017	02:24:48	011992	H365036054HLR	L365	S		779.6033	1.0292	6.6885	100.1306	39.7437	0.8430	0.8260	5.0000	19.2392	893.0446	94.9074	16.1088	26.2000	0.9300	0.9299	0.7138	-0.0008	893.0000	892.5209	1.0275	-5.7119	100.1110	39.9325	0.8230	0.8244	5.0000	-9999.0000	-9999.0000	-9999.0000	-9999.0000	-9999.0000	-9999.0000	21.0286	2	0	25.9753	1.0000	01	2	-9999.0000	18465	29568	-9999	2487	2537	-9999	625.8512	5	0.7022	0.7138	-0.0008	100.2876	1.2410	821.0164	498.8890	35.2778	764.2956	94.3981	819.2062	95.5787	828.8177	95.1620	835.3931	95.0926	
11/08/2017	02:25:16	011992	H365040352HLR	L365	S		774.5215	1.0292	8.4409	100.1407	39.8178	0.8430	0.8264	5.0000	19.0773	893.1242	95.0000	13.2388	26.3000	0.9300	0.9299	0.7138	-0.0008	893.0000	891.6624	1.0275	-5.7258	100.0868	39.9543	0.8230	0.8234	5.0000	-9999.0000	-9999.0000	-9999.0000	-9999.0000	-9999.0000	-9999.0000	21.9988	3	0	27.7327	1.0000	01	2	-9999.0000	18466	29569	-9999	2488	2538	-9999	628.1063	5	0.7022	0.7138	-0.0008	100.5502	1.2184	827.7116	513.0523	39.5833	779.7257	96.4583	826.5252	94.8380	835.7483	95.0694	842.8812	95.2315	
11/08/2017	02:25:42	011992	H365036023HLR	L365	S		774.3225	1.0292	8.5095	100.1980	39.9142	0.8430	0.8263	5.0000	18.8053	893.0777	94.8843	15.8793	26.4000	0.9300	0.9299	0.7139	-0.0008	893.0000	891.8143	1.0275	-5.7233	100.1524	39.7621	0.8230	0.8232	5.0000	-9999.0000	-9999.0000	-9999.0000	-9999.0000	-9999.0000	-9999.0000	21.3395	4	0	26.6384	1.0000	01	2	-9999.0000	18467	29570	-9999	2489	2539	-9999	626.1960	5	0.7023	0.7139	-0.0008	98.4401	1.3537	817.9512	502.8686	37.7083	771.3306	96.5509	817.1592	95.1157	825.9439	95.0694	834.0786	95.1620	
11/08/2017	02:26:08	011992	H365036030HLR	L365	Q		777.3256	1.0292	7.4739	100.1358	39.7842	0.8430	0.8260	5.0000	18.9789	893.0803	94.8843	15.7299	26.4000	0.9300	0.9299	0.7137	-0.0008	893.0000	890.6659	1.0275	-5.7419	100.1330	39.8936	0.8230	0.8239	5.0000	-9999.0000	-9999.0000	-9999.0000	-9999.0000	-9999.0000	-9999.0000	22.1857	5	0	25.8594	1.0000	01	2	-9999.0000	18467	29571	-9999	2490	2540	-9999	626.2789	5	0.7024	0.7137	-0.0008	98.5467	1.3259	818.5962	505.6648	34.7222	768.1938	96.7130	817.6648	94.7917	826.5115	95.0694	834.7321	95.2083	
11/08/2017	02:26:35	011992	H365036040HLR	L365	S		779.3777	1.0292	6.7663	100.1549	39.8108	0.8430	0.8263	5.0000	18.9993	893.0656	94.8611	15.1195	26.4000	0.9300	0.9298	0.7124	-0.0007	893.0000	889.5163	1.0275	-5.7605	100.0609	39.9457	0.8230	0.8236	5.0000	-9999.0000	-9999.0000	-9999.0000	-9999.0000	-9999.0000	-9999.0000	22.1419	6	0	27.1689	1.0000	01	2	-9999.0000	18468	29572	-9999	2491	2541	-9999	626.8645	5	0.7025	0.7124	-0.0007	100.4865	1.1838	824.5521	507.6466	37.3611	774.2407	96.8287	823.6149	94.7454	831.5683	95.0231	839.2533	95.1852	
11/08/2017	02:27:03	011992	H365036041HLR	L365	S		773.7156	1.0292	8.7188	100.1584	39.9188	0.8430	0.8262	5.0000	18.9191	893.0761	94.9537	16.8295	26.3000	0.9300	0.9297	0.7122	-0.0007	893.0000	892.2538	1.0275	-5.7162	100.0670	39.8234	0.8230	0.8233	5.0000	-9999.0000	-9999.0000	-9999.0000	-9999.0000	-9999.0000	-9999.0000	21.4986	7	0	27.3125	1.0000	01	2	-9999.0000	18469	29573	-9999	2492	2542	-9999	625.9452	5	0.7028	0.7122	-0.0007	104.3305	0.9051	815.9795	504.0331	36.0648	766.7521	96.6435	815.1077	95.0926	822.7878	95.1157	831.5110	95.1852	
11/08/2017	02:27:27	011992	H365036048HLR	L365	S		778.0913	1.0292	7.2099	99.9304	39.7583	0.8430	0.8253	5.0000	22.5419	893.0467	94.8843	15.8099	26.3000	0.9300	0.9296	0.7116	-0.0006	893.0000	892.2748	1.0275	-5.7159	100.1016	39.8421	0.8230	0.8237	5.0000	-9999.0000	-9999.0000	-9999.0000	-9999.0000	-9999.0000	-9999.0000	21.9883	8	0	24.8954	1.0000	01	2	-9999.0000	18470	29574	-9999	2493	2543	-9999	626.6779	5	0.7028	0.7116	-0.0006	107.3599	0.6792	823.1459	508.1717	37.2222	772.6154	96.6667	822.1310	94.7917	830.1727	95.0463	836.9930	95.2083	
11/08/2017	02:27:55	011992	H365036038HLR	L365	S		778.7472	1.0292	6.9837	100.1993	39.8613	0.8430	0.8263	5.0000	18.9995	893.0956	94.8843	15.0092	26.2000	0.9300	0.9296	0.7101	-0.0005	893.0000	894.2986	1.0275	-5.6831	100.0721	40.0383	0.8230	0.8243	5.0000	-9999.0000	-9999.0000	-9999.0000	-9999.0000	-9999.0000	-9999.0000	19.4589	1	0	27.7588	1.0000	01	2	-9999.0000	18471	29575	-9999	2494	2544	-9999	627.4345	5	0.7029	0.7101	-0.0005	121.0332	-0.3604	827.0742	494.2202	37.4306	777.3801	96.6435	826.1219	94.7917	834.5124	95.0000	842.0022	95.1852	
11/08/2017	02:28:20	011992	H365036013HLR	L365	Q		773.7682	1.0292	8.7006	100.2104	39.9620	0.8430	0.8262	5.0000	18.9291	893.0698	94.8843	16.3695	26.2000	0.9300	0.9296	0.7096	-0.0005	893.0000	894.0892	1.0275	-5.6865	100.1314	39.8858	0.8230	0.8234	5.0000	-9999.0000	-9999.0000	-9999.0000	-9999.0000	-9999.0000	-9999.0000	21.9797	2	0	24.8946	1.0000	01	2	-9999.0000	18472	29576	-9999	2495	2545	-9999	627.1041	5	0.7031	0.7096	-0.0005	123.1868	-0.5543	820.4862	533.8905	38.1481	770.0389	96.6667	819.3597	95.0231	827.4080	95.0231	834.6819	95.2546	
11/08/2017	02:28:48	011992	H365036009HLR	L365	S		773.9133	1.0292	8.6506	100.1649	39.8484	0.8430	0.8260	5.0000	18.8870	893.1275	94.9074	16.4896	26.1000	0.9300	0.9296	0.7108	-0.0005	893.0000	894.2415	1.0275	-5.6840	100.1767	39.8361	0.8230	0.8236	5.0000	-9999.0000	-9999.0000	-9999.0000	-9999.0000	-9999.0000	-9999.0000	21.4089	3	0	27.7938	1.0000	01	2	-9999.0000	18473	29577	-9999	2496	2546	-9999	626.9552	5	0.7029	0.7108	-0.0005	118.6507	-0.2026	821.2123	516.0798	36.2269	770.3335	96.8519	820.1262	94.9074	828.0026	95.0926	834.9025	95.1852	
11/08/2017	02:29:47	011992	H365036018HLR	L365	Q		771.7834	1.0292	9.3850	100.1921	39.9533	0.8430	0.8263	5.0000	18.8681	893.0802	94.9306	16.8792	26.1000	0.9300	0.9299	0.7106	-0.0005	893.0000	892.9102	1.0275	-5.7056	100.1833	39.8814	0.8230	0.8232	5.0000	-9999.0000	-9999.0000	-9999.0000	-9999.0000	-9999.0000	-9999.0000	22.3438	5	0	30.2986	1.0000	01	2	-9999.0000	18475	29578	-9999	2498	2547	-9999	626.7201	5	0.7027	0.7106	-0.0005	117.3599	-0.1471	817.5366	507.7462	39.0509	765.2431	96.6667	816.6210	95.0000	824.6565	95.0694	831.8774	95.1852	
11/08/2017	02:30:16	011992	H365035998HLR	L365	S		776.7358	1.0292	7.6773	100.1251	39.8733	0.8430	0.8260	5.0000	18.9191	893.0798	94.9074	13.8589	26.1000	0.9300	0.9298	0.7126	-0.0007	893.0000	898.7290	1.0275	-5.6113	100.0853	39.7162	0.8230	0.8235	5.0000	-9999.0000	-9999.0000	-9999.0000	-9999.0000	-9999.0000	-9999.0000	21.8286	6	0	28.3895	1.0000	01	2	-9999.0000	18476	29579	-9999	2499	2548	-9999	628.3508	5	0.7026	0.7126	-0.0007	110.4822	0.3299	834.8041	513.1952	36.0648	783.3282	96.8287	833.6592	94.7917	841.2179	95.0926	849.5254	95.2315	
11/08/2017	02:30:41	011992	H365035989HLR	L365	S		756.6843	1.0292	10.0000	100.1437	39.8733	0.8430	0.8262	5.0000	18.9096	893.0958	94.8843	16.8597	26.1000	0.9300	0.9297	0.7162	-0.0009	893.0000	894.6052	1.0275	-5.6781	100.1515	40.0656	0.8230	0.8248	5.0000	-9999.0000	-9999.0000	-9999.0000	-9999.0000	-9999.0000	-9999.0000	19.8293	7	0	25.3588	1.0000	01	2	-9999.0000	18477	29580	-9999	2500	2549	-9999	626.2807	5	0.7023	0.7162	-0.0009	99.4939	1.0542	809.1037	501.9334	35.7176	758.5344	97.3148	807.9221	94.9537	817.5074	95.0463	827.2501	95.1620	
11/08/2017	02:31:09	011992	H365035965HLR	L365	S		769.5880	1.0292	10.0000	100.0922	39.8768	0.8430	0.8259	5.0000	20.2891	893.0769	94.9074	18.2298	26.0000	0.9300	0.9298	0.7162	-0.0009	893.0000	891.5064	1.0275	-5.7283	99.9763	40.0497	0.8230	0.8238	5.0000	-9999.0000	-9999.0000	-9999.0000	-9999.0000	-9999.0000	-9999.0000	19.6593	8	0	28.3783	1.0000	01	2	-9999.0000	18477	29581	-9999	2501	2550	-9999	625.1438	5	0.7023	0.7162	-0.0009	99.4939	1.0542	807.3769	527.2835	36.9907	757.6914	96.9444	806.1056	95.3935	814.7129	95.2315	821.5402	95.1852	
11/08/2017	02:31:36	011992	H365035967HLR	L365	S		770.2306	1.0292	9.9205	100.1955	39.9293	0.8430	0.8262	5.0000	18.9094	893.0927	94.9074	19.3889	26.0000	0.9300	0.9298	0.7169	-0.0009	893.0000	892.1676	1.0275	-5.7176	100.1578	39.7784	0.8230	0.8235	5.0000	-9999.0000	-9999.0000	-9999.0000	-9999.0000	-9999.0000	-9999.0000	19.9409	1	0	26.8692	1.0000	01	2	-9999.0000	18478	29582	-9999	2502	2551	-9999	624.6832	5	0.7019	0.7169	-0.0009	44.6944	4.5024	810.6299	521.7875	36.8750	759.0764	96.9213	808.6354	95.9954	813.7572	95.3472	819.3203	95.0231	
11/08/2017	02:32:01	011992	H365036005HLR	L365	S		770.3036	1.0292	9.8953	100.1199	39.8719	0.8430	0.8261	5.0000	18.9993	893.1086	94.9306	17.5687	26.1000	0.9300	0.9298	0.7213	-0.0012	893.0000	892.1668	1.0275	-5.7176	100.1120	39.9495	0.8230	0.8242	5.0000	-9999.0000	-9999.0000	-9999.0000	-9999.0000	-9999.0000	-9999.0000	21.3195	2	0	24.8897	1.0000	01	2	-9999.0000	18479	29583	-9999	2503	2552	-9999	625.9243	5	0.7017	0.7213	-0.0012	75.9704	2.5761	808.7739	505.4564	36.7361	753.6709	95.8333	807.7774	95.3009	816.0964	95.1389	823.3642	95.1389	
11/08/2017	02:32:55	011992	H365036028HLR	L365	S		773.7909	1.0292	8.6928	99.9598	39.8353	0.8430	0.8255	5.0000	22.0586	893.0779	94.9074	17.6087	26.1000	0.9300	0.9299	0.7070	-0.0003	893.0000	895.3543	1.0275	-5.6660	100.0669	39.8421	0.8230	0.8233	5.0000	-9999.0000	-9999.0000	-9999.0000	-9999.0000	-9999.0000	-9999.0000	19.7611	4	0	24.8487	1.0000	01	2	-9999.0000	18481	29584	-9999	2505	2553	-9999	626.3128	5	0.7011	0.7070	-0.0003	103.6730	0.9515	820.7096	524.2726	36.9444	775.6095	96.0880	819.5808	93.9120	828.6730	95.1157	836.8394	95.3009	
11/08/2017	02:33:21	011992	H365035962HLR	L365	S		775.4191	1.0292	8.1313	100.1361	39.8884	0.8430	0.8261	5.0000	18.8666	893.0460	94.9074	15.9887	26.0000	0.9300	0.9298	0.7070	-0.0003	893.0000	892.6976	1.0275	-5.7090	100.0673	39.7485	0.8230	0.8244	5.0000	-9999.0000	-9999.0000	-9999.0000	-9999.0000	-9999.0000	-9999.0000	19.4272	5	0	25.6689	1.0000	01	2	-9999.0000	18482	29585	-9999	2506	2554	-9999	626.6236	5	0.7011	0.7070	-0.0003	103.6730	0.9515	821.2686	530.7193	37.3611	776.4749	96.2500	820.2137	94.1435	828.4998	95.0463	837.2440	95.3009	
11/08/2017	02:33:47	011992	H365035999HLR	L365	S		782.6271	1.0292	5.6458	100.1713	39.9403	0.8430	0.8261	5.0000	19.0090	893.0675	95.0000	12.3697	26.1000	0.9300	0.9298	0.7062	-0.0003	893.0000	894.9146	1.0275	-5.6731	100.1622	40.1427	0.8230	0.8253	5.0000	-9999.0000	-9999.0000	-9999.0000	-9999.0000	-9999.0000	-9999.0000	19.3996	6	0	25.9189	1.0000	01	2	-9999.0000	18483	29586	-9999	2507	2555	-9999	627.5571	5	0.7011	0.7062	-0.0003	118.5694	0.1598	838.3480	515.6430	37.4074	790.1042	96.4120	837.5550	94.1204	845.5897	94.9537	854.3345	95.2778	
11/08/2017	02:34:12	011992	H365035981HLR	L365	S		771.5135	1.0292	9.4781	100.1546	39.8547	0.8430	0.8260	5.0000	19.0092	893.0624	94.9306	18.1497	26.1000	0.9300	0.9299	0.7027	-0.0001	893.0000	893.1183	1.0275	-5.7022	100.0750	39.9561	0.8230	0.8231	5.0000	-9999.0000	-9999.0000	-9999.0000	-9999.0000	-9999.0000	-9999.0000	22.4294	7	0	25.1093	1.0000	01	2	-9999.0000	18484	29587	-9999	2508	2555	-9999	626.0264	5	0.7008	0.7027	-0.0001	119.2761	0.1228	818.7341	527.7240	36.9676	769.9737	96.7824	817.8822	94.3750	825.5376	95.0000	833.3081	95.2778	
11/08/2017	02:34:37	011992	H365035959HLR	L365	S		776.4764	1.0292	7.7667	100.1482	39.8685	0.8430	0.8264	5.0000	18.9686	893.1100	94.9537	11.3697	26.1000	0.9300	0.9298	0.7027	-0.0001	893.0000	894.4116	1.0275	-5.6812	100.0491	39.7313	0.8230	0.8231	5.0000	-9999.0000	-9999.0000	-9999.0000	-9999.0000	-9999.0000	-9999.0000	21.5789	8	0	24.9595	1.0000	01	2	-9999.0000	18484	29588	-9999	2509	2556	-9999	626.6023	5	0.7008	0.7027	-0.0001	119.2761	0.1228	847.0957	523.9185	38.1481	793.1932	96.5972	846.0939	95.2546	854.1963	95.1389	860.7580	95.1389	
11/08/2017	02:35:02	011992	H365035994HLR	L365	S		778.6097	1.0292	7.0311	100.1541	39.9605	0.8430	0.8262	5.0000	18.8984	893.0970	94.9306	14.8090	26.1000	0.9300	0.9299	0.7001	0.0000	893.0000	890.8876	1.0275	-5.7383	100.0545	39.9181	0.8230	0.8242	5.0000	-9999.0000	-9999.0000	-9999.0000	-9999.0000	-9999.0000	-9999.0000	20.9190	1	0	25.6184	1.0000	01	2	-9999.0000	18485	29589	-9999	2510	2557	-9999	625.9413	5	0.7008	0.7001	0.0000	118.0149	0.1912	833.4039	522.8178	37.2685	782.2286	96.8519	832.2938	94.4213	840.7116	95.0000	848.5029	95.3009	
11/08/2017	02:35:27	011992	H365035974HLR	L365	S		777.3814	1.0292	7.4547	100.1129	39.8671	0.8430	0.8260	5.0000	18.8747	893.0861	94.9537	13.6294	26.2000	0.9300	0.9299	0.7012	-0.0000	893.0000	892.1149	1.0275	-5.7184	100.1120	40.0232	0.8230	0.8236	5.0000	-9999.0000	-9999.0000	-9999.0000	-9999.0000	-9999.0000	-9999.0000	22.0884	2	0	24.8888	1.0000	01	2	-9999.0000	18486	29590	-9999	2511	2558	-9999	626.0385	5	0.7008	0.7012	-0.0000	120.5530	0.0581	839.3013	543.3723	36.4352	784.9201	96.7593	838.1799	95.7639	846.1724	95.3472	852.2986	95.1852	
11/08/2017	02:35:52	011992	H365035983HLR	L365	S		779.0169	1.0292	6.8907	100.1634	39.8752	0.8430	0.8262	5.0000	18.9699	893.0506	94.9074	14.1089	26.2000	0.9300	0.9299	0.7009	-0.0000	893.0000	890.6777	1.0275	-5.7417	100.1118	39.8739	0.8230	0.8233	5.0000	-9999.0000	-9999.0000	-9999.0000	-9999.0000	-9999.0000	-9999.0000	21.2491	3	0	24.9590	1.0000	01	2	-9999.0000	18487	29591	-9999	2512	2559	-9999	625.9383	5	0.7008	0.7009	-0.0000	121.8479	-0.0069	835.5248	528.8033	37.6389	781.7355	96.5509	834.6720	94.8611	843.3540	95.0000	849.9109	95.3009	
11/08/2017	02:36:18	011992	H365040526HLR	L365	S		780.2422	1.0292	6.4682	100.1784	39.9634	0.8430	0.8262	5.0000	18.9993	893.0949	94.9537	11.5592	26.2000	0.9300	0.9298	0.7006	0.0000	893.0000	889.8938	1.0275	-5.7544	100.0858	39.8395	0.8230	0.8236	5.0000	-9999.0000	-9999.0000	-9999.0000	-9999.0000	-9999.0000	-9999.0000	20.9286	4	0	26.0990	1.0000	01	2	-9999.0000	18488	29592	-9999	2513	2560	-9999	625.7962	5	0.7007	0.7006	0.0000	113.5052	0.4538	848.1427	530.6905	36.2037	793.8781	96.7130	846.8590	95.5556	853.5533	95.2315	860.1563	95.1620	
11/08/2017	02:36:43	011992	H365040527HLR	L365	S		781.6575	1.0292	5.9802	100.1873	39.9141	0.8430	0.8260	5.0000	18.8098	893.0637	95.0000	12.3189	26.3000	0.9300	0.9298	0.7023	-0.0001	893.0000	890.9299	1.0275	-5.7376	100.0615	40.0000	0.8230	0.8238	5.0000	-9999.0000	-9999.0000	-9999.0000	-9999.0000	-9999.0000	-9999.0000	22.4880	5	0	25.0382	1.0000	01	2	-9999.0000	18488	29593	-9999	2514	2561	-9999	626.4125	5	0.7010	0.7023	-0.0001	90.5019	1.7020	841.1706	508.7432	36.0880	789.6073	96.8519	840.2601	94.1898	848.2057	95.0926	857.1108	95.3472	
11/08/2017	02:37:09	011992	H365040547HLR	L365	S		779.1855	1.0292	6.8326	100.1513	39.8749	0.8430	0.8261	5.0000	18.9984	893.0372	95.0000	13.2495	26.3000	0.9300	0.9299	0.7026	-0.0001	893.0000	890.2553	1.0275	-5.7486	100.0668	40.0084	0.8230	0.8235	5.0000	-9999.0000	-9999.0000	-9999.0000	-9999.0000	-9999.0000	-9999.0000	21.3388	6	0	25.4203	1.0000	01	2	-9999.0000	18489	29594	-9999	2515	2562	-9999	626.4442	5	0.7012	0.7026	-0.0001	92.3310	1.6043	837.7158	526.0638	37.5926	788.0005	96.8750	836.6739	94.4213	844.9938	95.0694	852.0719	95.3009	
11/08/2017	02:37:37	011992	H365040545HLR	L365	S		774.7985	1.0292	8.3454	100.1785	39.9637	0.8430	0.8262	5.0000	18.8996	893.0828	94.9306	13.9595	26.4000	0.9300	0.9299	0.7035	-0.0001	893.0000	892.0886	1.0275	-5.7189	100.0944	39.8625	0.8230	0.8233	5.0000	-9999.0000	-9999.0000	-9999.0000	-9999.0000	-9999.0000	-9999.0000	21.7335	7	0	28.1181	1.0000	01	2	-9999.0000	18489	29595	-9999	2516	2563	-9999	626.6296	5	0.7013	0.7035	-0.0001	89.8976	1.7256	841.4906	526.7622	37.3148	778.5098	96.3426	836.2213	96.1806	843.6991	95.0463	848.0899	94.9306	
11/08/2017	02:38:02	011992	H365040544HLR	L365	S		775.0819	1.0292	8.2476	100.1777	39.9565	0.8430	0.8260	5.0000	18.9691	893.0510	94.9537	12.1587	26.4000	0.9300	0.9298	0.7040	-0.0002	893.0000	889.4529	1.0275	-5.7616	100.1432	39.9329	0.8230	0.8237	5.0000	-9999.0000	-9999.0000	-9999.0000	-9999.0000	-9999.0000	-9999.0000	21.5485	8	0	24.8188	1.0000	01	2	-9999.0000	18490	29596	-9999	2517	2564	-9999	627.0372	5	0.7016	0.7040	-0.0002	87.9533	1.8676	839.3308	514.5681	38.0093	785.9797	95.3935	838.1824	94.5602	846.2126	94.9537	854.7299	95.2315	
11/08/2017	02:38:27	011992	H365040529HLR	L365	S		778.8372	1.0292	6.9527	100.1207	39.8753	0.8430	0.8258	5.0000	19.6731	893.0628	94.9769	13.6196	26.5000	0.9300	0.9299	0.7067	-0.0003	893.0000	890.2531	1.0275	-5.7486	100.1555	40.0329	0.8230	0.8238	5.0000	-9999.0000	-9999.0000	-9999.0000	-9999.0000	-9999.0000	-9999.0000	21.0163	1	0	25.5087	1.0000	01	2	-9999.0000	18490	29597	-9999	2517	2565	-9999	627.2855	5	0.7018	0.7067	-0.0003	87.3079	1.8769	832.2171	509.3700	37.1991	775.5709	94.9769	831.3471	94.2824	839.2177	94.9074	847.1206	95.2778	
11/08/2017	02:38:53	011992	H365040558HLR	L365	S		775.8087	1.0292	7.9970	100.1699	39.9589	0.8430	0.8262	5.0000	19.0989	893.0411	94.8843	14.4194	26.5000	0.9300	0.9298	0.7050	-0.0002	893.0000	891.7721	1.0275	-5.7240	100.1342	39.9441	0.8230	0.8234	5.0000	-9999.0000	-9999.0000	-9999.0000	-9999.0000	-9999.0000	-9999.0000	21.8688	2	0	25.2492	1.0000	01	2	-9999.0000	18491	29598	-9999	2518	2566	-9999	627.1145	5	0.7022	0.7050	-0.0002	88.4585	1.7748	833.7669	507.3048	36.2731	781.4882	95.7176	832.6200	94.7917	840.1423	95.0231	847.2811	95.1852	
11/08/2017	02:39:18	011992	H365040530HLR	L365	S		780.9717	1.0292	6.2166	100.1317	39.9445	0.8430	0.8257	5.0000	20.3745	893.0274	94.9537	17.2796	26.5000	0.9300	0.9298	0.7051	-0.0002	893.0000	892.3271	1.0275	-5.7150	100.1320	39.9788	0.8230	0.8240	5.0000	-9999.0000	-9999.0000	-9999.0000	-9999.0000	-9999.0000	-9999.0000	19.5681	3	0	25.4296	1.0000	01	2	-9999.0000	18492	29599	-9999	2519	2567	-9999	626.6058	5	0.7022	0.7051	-0.0002	94.3985	1.4070	827.8613	533.5805	36.5046	784.9804	96.0648	827.1559	93.6111	834.0998	95.1157	842.0851	95.3472	
11/08/2017	02:39:44	011992	H365040561HLR	L365	S		780.1386	1.0292	6.5039	100.1821	39.9351	0.8430	0.8260	5.0000	18.9184	893.0396	95.0231	12.8188	26.4000	0.9300	0.9296	0.7082	-0.0004	893.0000	892.0598	1.0275	-5.7193	100.1941	40.0026	0.8230	0.8238	5.0000	-9999.0000	-9999.0000	-9999.0000	-9999.0000	-9999.0000	-9999.0000	21.7181	4	0	25.9483	1.0000	01	2	-9999.0000	18493	29600	-9999	2520	2568	-9999	627.9446	5	0.7026	0.7082	-0.0004	97.4772	1.2090	837.2910	525.8415	38.9120	785.6815	96.0648	836.3288	94.5139	843.8534	94.9537	851.7197	95.2315	
11/08/2017	02:40:09	011992	H365040542HLR	L365	S		780.3782	1.0292	6.4213	100.2137	39.9868	0.8430	0.8262	5.0000	19.0189	893.0939	94.9537	11.6294	26.4000	0.9300	0.9296	0.7085	-0.0004	893.0000	891.5135	1.0275	-5.7282	100.1627	40.0074	0.8230	0.8235	5.0000	-9999.0000	-9999.0000	-9999.0000	-9999.0000	-9999.0000	-9999.0000	22.2083	5	0	24.9600	1.0000	01	2	-9999.0000	18494	29601	-9999	2521	2569	-9999	628.6507	5	0.7030	0.7085	-0.0004	113.1093	-0.0166	838.6018	522.3398	39.6065	793.8845	95.7639	837.4451	93.6111	846.7179	95.2546	855.8601	95.4167	
11/08/2017	02:40:34	011992	H365036172HLR	L365	S		777.6932	1.0292	7.3472	100.2359	39.9621	0.8430	0.8261	5.0000	18.8001	893.0346	94.8843	14.4702	26.4000	0.9300	0.9296	0.7078	-0.0003	893.0000	892.9111	1.0275	-5.7055	100.0515	40.0237	0.8230	0.8240	5.0000	-9999.0000	-9999.0000	-9999.0000	-9999.0000	-9999.0000	-9999.0000	19.3481	6	0	24.8389	1.0000	01	2	-9999.0000	18495	29602	-9999	2522	2570	-9999	627.6828	5	0.7032	0.7078	-0.0003	95.4644	1.2767	829.4992	516.4868	37.8472	784.3070	96.5509	828.5299	94.0509	836.9185	95.0926	845.1753	95.3704	
11/08/2017	02:41:00	011992	H365040531HLR	L365	S		778.5157	1.0292	7.0636	100.2151	39.9687	0.8430	0.8261	5.0000	18.8902	893.0813	94.9074	13.9897	26.3000	0.9300	0.9296	0.7067	-0.0003	893.0000	893.1815	1.0275	-5.7012	100.1736	39.9816	0.8230	0.8238	5.0000	-9999.0000	-9999.0000	-9999.0000	-9999.0000	-9999.0000	-9999.0000	20.8688	7	0	26.1084	1.0000	01	2	-9999.0000	18496	29603	-9999	2523	2571	-9999	627.9521	5	0.7032	0.7067	-0.0003	107.8270	0.3554	838.5777	545.1786	38.3565	783.9105	96.5741	833.9620	96.0648	842.1571	95.0000	847.4325	94.9537	
11/08/2017	02:41:26	011992	H365040533HLR	L365	S		777.0090	1.0292	7.5831	100.1810	39.9914	0.8430	0.8261	5.0000	18.9484	893.0238	94.8843	14.3393	26.2000	0.9300	0.9296	0.7075	-0.0003	893.0000	894.3497	1.0275	-5.6822	100.0748	39.9872	0.8230	0.8235	5.0000	-9999.0000	-9999.0000	-9999.0000	-9999.0000	-9999.0000	-9999.0000	22.3916	8	0	26.0994	1.0000	01	2	-9999.0000	18497	29604	-9999	2524	2572	-9999	627.9540	5	0.7034	0.7075	-0.0003	107.1799	0.3699	831.5772	521.0169	37.1296	777.9288	95.3009	830.5939	94.1435	837.5038	94.8843	846.0989	95.3009	
11/08/2017	02:41:52	011992	H365040342HLR	L365	S		749.2123	1.0292	10.0000	100.1776	39.9625	0.8430	0.8261	5.0000	19.0384	893.0628	94.9769	12.3394	26.2000	0.9300	0.9295	0.7086	-0.0004	893.0000	895.9641	1.0275	-5.6561	100.1116	39.9433	0.8230	0.8234	5.0000	-9999.0000	-9999.0000	-9999.0000	-9999.0000	-9999.0000	-9999.0000	22.3680	1	0	26.0284	1.0000	01	1	-9999.0000	18498	29605	-9999	2525	2573	-9999	628.7798	5	0.7036	0.7086	-0.0004	88.7487	1.8409	839.1709	515.8443	36.4352	785.5129	95.3704	838.2511	94.2593	845.8899	94.8843	855.4397	95.2546	
11/08/2017	02:42:17	011992	H365040686HLR	L365	S		771.4180	1.0292	9.5110	100.1997	39.9727	0.8430	0.8261	5.0000	18.8476	893.0958	94.9537	13.4292	26.1000	0.9300	0.9296	0.7101	-0.0005	893.0000	894.2974	1.0275	-5.6831	100.1993	39.9393	0.8230	0.8236	5.0000	-9999.0000	-9999.0000	-9999.0000	-9999.0000	-9999.0000	-9999.0000	21.6286	2	0	25.2201	1.0000	01	1	-9999.0000	18498	29606	-9999	2526	2574	-9999	628.5520	5	0.7036	0.7101	-0.0005	107.8000	0.3762	828.7852	521.5362	37.1065	777.8558	95.3241	827.7424	94.3519	835.4445	94.8843	844.6294	95.2315	
11/08/2017	02:42:44	011992	H365040696HLR	L365	S		769.9460	1.0292	10.0000	100.2216	39.9854	0.8430	0.8262	5.0000	18.8194	893.0480	94.9769	12.7691	26.1000	0.9300	0.9296	0.7113	-0.0006	893.0000	894.1075	1.0275	-5.6862	100.1159	39.9884	0.8230	0.8236	5.0000	-9999.0000	-9999.0000	-9999.0000	-9999.0000	-9999.0000	-9999.0000	21.6082	3	0	26.6480	1.0000	01	1	-9999.0000	18499	29607	-9999	2527	2575	-9999	628.9032	5	0.7036	0.7113	-0.0006	110.2646	0.2339	832.6607	507.2831	38.8426	782.4944	95.5556	831.9080	94.2361	839.2460	94.9537	847.6954	95.2778	
11/08/2017	02:43:09	011992	H365040708HLR	L365	S		771.2847	1.0292	9.5570	100.1020	39.9343	0.8430	0.8257	5.0000	20.5587	893.0765	94.9074	15.3490	26.0000	0.9300	0.9296	0.7118	-0.0006	893.0000	894.9968	1.0275	-5.6718	100.1318	39.9399	0.8230	0.8234	5.0000	-9999.0000	-9999.0000	-9999.0000	-9999.0000	-9999.0000	-9999.0000	22.9088	4	0	24.9092	1.0000	01	1	-9999.0000	18499	29608	-9999	2528	2576	-9999	627.5081	5	0.7035	0.7118	-0.0006	110.7651	0.2429	824.0517	519.7478	38.4722	775.5234	95.9722	823.4754	94.5370	830.5143	94.9537	837.5907	95.2083	
11/08/2017	02:43:34	011992	H365040670HLR	L365	S		771.8268	1.0292	9.3701	100.1892	39.9723	0.8430	0.8261	5.0000	18.9992	893.0769	94.7917	14.5795	25.9000	0.9300	0.9296	0.7101	-0.0005	893.0000	893.0235	1.0275	-5.7037	100.0697	40.0028	0.8230	0.8240	5.0000	-9999.0000	-9999.0000	-9999.0000	-9999.0000	-9999.0000	-9999.0000	19.4988	5	0	25.3497	1.0000	01	1	-9999.0000	18500	29609	-9999	2529	2577	-9999	627.9687	5	0.7034	0.7101	-0.0005	111.1723	0.1854	825.2049	510.0556	37.5000	778.5139	96.2269	824.0716	93.7731	832.2374	95.0926	842.0837	95.3241	
11/08/2017	02:44:00	011992	H365040343HLR	L365	S		777.9596	1.0292	7.2553	100.1998	40.0034	0.8430	0.8261	5.0000	18.9493	893.0479	94.9537	13.6499	25.9000	0.9300	0.9296	0.7088	-0.0004	893.0000	893.9488	1.0275	-5.6887	100.1389	39.9719	0.8230	0.8237	5.0000	-9999.0000	-9999.0000	-9999.0000	-9999.0000	-9999.0000	-9999.0000	21.5835	6	0	25.9083	1.0000	01	1	-9999.0000	18501	29610	-9999	2530	2578	-9999	628.1814	5	0.7032	0.7088	-0.0004	114.0106	0.0341	832.9484	508.5885	37.7546	783.5502	96.1806	831.9264	94.7917	839.1311	95.0463	846.2592	95.2315	
11/08/2017	02:44:27	011992	H365040678HLR	L365	S		767.9473	1.0292	10.0000	100.1939	39.9481	0.8430	0.8260	5.0000	18.9290	893.0501	94.9769	12.7993	25.8000	0.9300	0.9297	0.7079	-0.0003	893.0000	895.3251	1.0275	-5.6664	100.0997	39.9589	0.8230	0.8234	5.0000	-9999.0000	-9999.0000	-9999.0000	-9999.0000	-9999.0000	-9999.0000	22.2793	7	0	26.6401	1.0000	01	1	-9999.0000	18502	29611	-9999	2531	2579	-9999	628.2987	5	0.7031	0.7079	-0.0003	125.1361	-0.6561	833.3009	524.2052	36.1574	782.7020	95.9722	832.6456	94.7222	840.4423	95.0231	848.1950	95.2083	
11/08/2017	02:44:53	011992	H365040673HLR	L365	S		775.3171	1.0292	8.1665	100.1768	39.9393	0.8430	0.8261	5.0000	19.1691	893.1178	94.9306	11.3199	25.8000	0.9300	0.9297	0.7090	-0.0004	893.0000	895.0011	1.0275	-5.6717	100.0887	39.9126	0.8230	0.8234	5.0000	-9999.0000	-9999.0000	-9999.0000	-9999.0000	-9999.0000	-9999.0000	22.9479	8	0	26.1587	1.0000	01	1	-9999.0000	18503	29612	-9999	2532	2580	-9999	628.8665	5	0.7029	0.7090	-0.0004	128.0077	-0.7356	840.1119	523.7979	38.0324	785.8512	96.1574	839.3319	94.8843	847.3001	95.0463	854.6442	95.2083	
11/08/2017	02:45:18	011992	H365040317HLR	L365	S		770.5752	1.0292	9.8016	100.1666	40.0074	0.8430	0.8262	5.0000	18.9488	893.0451	94.9306	11.5298	25.7000	0.9300	0.9297	0.7138	-0.0008	893.0000	893.7946	1.0275	-5.6912	100.1644	39.9405	0.8230	0.8235	5.0000	-9999.0000	-9999.0000	-9999.0000	-9999.0000	-9999.0000	-9999.0000	22.0017	1	0	25.3183	1.0000	01	1	-9999.0000	18504	29613	-9999	2533	2581	-9999	629.4016	5	0.7030	0.7138	-0.0008	88.5490	2.1362	833.6171	520.6991	38.0324	779.8189	96.1343	832.5637	94.6759	841.4693	95.0231	850.1944	95.2546	
11/08/2017	02:45:44	011992	H365040665HLR	L365	S		773.3135	1.0292	8.8574	100.1862	39.9536	0.8430	0.8260	5.0000	18.9974	893.1031	95.0000	12.7398	25.7000	0.9300	0.9298	0.7119	-0.0007	893.0000	895.8431	1.0275	-5.6580	100.1637	39.9565	0.8230	0.8236	5.0000	-9999.0000	-9999.0000	-9999.0000	-9999.0000	-9999.0000	-9999.0000	21.5788	2	0	25.4092	1.0000	01	1	-9999.0000	18505	29614	-9999	2534	2582	-9999	628.3933	5	0.7028	0.7119	-0.0007	95.2718	1.6727	831.8524	503.3078	37.8704	775.2812	96.3889	831.0335	95.3472	838.8436	95.2083	847.2881	95.1620	
11/08/2017	02:46:08	011992	H365040321HLR	L365	S		771.3771	1.0292	9.5251	100.1823	39.9469	0.8430	0.8261	5.0000	18.8696	893.0589	94.9537	12.1294	25.6000	0.9300	0.9298	0.7025	0.0000	893.0000	894.6408	1.0275	-5.6775	100.1211	39.9579	0.8230	0.8235	5.0000	-9999.0000	-9999.0000	-9999.0000	-9999.0000	-9999.0000	-9999.0000	21.6969	3	0	24.8692	1.0000	01	1	-9999.0000	18505	29615	-9999	2534	2583	-9999	627.5293	5	0.7025	0.7025	0.0000	154.8688	-2.4812	841.7042	512.4566	36.0417	788.7364	96.1574	840.5775	95.1157	848.4185	95.0926	856.1860	95.1620	
11/08/2017	02:46:34	011992	H365040330HLR	L365	S		766.9076	1.0292	10.0000	100.1847	39.9826	0.8430	0.8262	5.0000	18.8567	893.0967	94.9074	11.4693	25.6000	0.9300	0.9299	0.7037	-0.0001	893.0000	893.4445	1.0275	-5.6969	99.9996	40.0407	0.8230	0.8241	5.0000	-9999.0000	-9999.0000	-9999.0000	-9999.0000	-9999.0000	-9999.0000	19.1794	4	0	25.8690	1.0000	01	1	-9999.0000	18506	29616	-9999	2535	2584	-9999	627.6265	5	0.7025	0.7037	-0.0001	131.7066	-0.7841	843.3925	518.5020	36.8056	786.6225	95.5556	842.4611	94.9074	849.0008	95.0694	855.9260	95.2315	
11/08/2017	02:46:59	011992	H365040323HLR	L365	S		773.3361	1.0292	8.8496	100.1813	39.9517	0.8430	0.8260	5.0000	18.9417	893.1243	94.9306	11.5591	25.7000	0.9300	0.9299	0.7067	-0.0003	893.0000	893.1316	1.0275	-5.7020	100.1077	39.9505	0.8230	0.8235	5.0000	-9999.0000	-9999.0000	-9999.0000	-9999.0000	-9999.0000	-9999.0000	22.2734	5	0	24.9385	1.0000	01	1	-9999.0000	18506	29617	-9999	2536	2585	-9999	628.0456	5	0.7026	0.7067	-0.0003	126.7490	-0.3758	838.7446	507.9265	37.3611	787.0773	96.5972	837.7959	94.2130	846.2714	95.0231	855.2329	95.3009	
11/08/2017	02:47:24	011992	H365040332HLR	L365	S		773.6504	1.0292	8.7412	100.1780	39.9267	0.8430	0.8261	5.0000	18.9624	893.1213	94.9306	10.9098	25.7000	0.9300	0.9299	0.7060	-0.0003	893.0000	893.5755	1.0275	-5.6948	100.0299	40.0421	0.8230	0.8241	5.0000	-9999.0000	-9999.0000	-9999.0000	-9999.0000	-9999.0000	-9999.0000	19.1083	6	0	24.8694	1.0000	01	1	-9999.0000	18507	29618	-9999	2537	2586	-9999	628.0378	5	0.7025	0.7060	-0.0003	121.7090	0.0676	843.3032	521.0435	36.7824	789.1637	96.9444	842.4035	94.0509	849.3531	95.0694	858.7715	95.3935	
11/08/2017	02:47:50	011992	H365040336HLR	L365	S		771.1147	1.0292	9.6156	100.1515	39.9707	0.8430	0.8262	5.0000	18.9266	893.0936	94.9769	13.3599	25.7000	0.9300	0.9300	0.7054	-0.0002	893.0000	895.2573	1.0275	-5.6675	100.1322	40.0371	0.8230	0.8241	5.0000	-9999.0000	-9999.0000	-9999.0000	-9999.0000	-9999.0000	-9999.0000	19.4753	7	0	25.4403	1.0000	01	1	-9999.0000	18508	29619	-9999	2538	2587	-9999	627.3754	5	0.7025	0.7054	-0.0002	122.1581	0.0626	834.0419	510.7111	35.0694	776.8985	96.0648	833.0425	95.8102	840.9320	95.3935	846.7614	95.0231	
11/08/2017	02:48:14	011992	H365040356HLR	L365	S		777.2117	1.0292	7.5132	100.1663	39.9649	0.8430	0.8260	5.0000	18.9798	893.0425	94.9306	11.3990	25.8000	0.9300	0.9300	0.7051	-0.0002	893.0000	893.2489	1.0275	-5.7001	100.0357	39.9707	0.8230	0.8236	5.0000	-9999.0000	-9999.0000	-9999.0000	-9999.0000	-9999.0000	-9999.0000	21.6814	8	0	24.8877	1.0000	01	1	-9999.0000	18509	29620	-9999	2539	2587	-9999	627.6212	5	0.7024	0.7051	-0.0002	127.3883	-0.3334	843.8894	524.0884	36.5509	789.8172	96.4352	842.9259	95.2083	851.6699	95.2315	858.7766	95.2083	
11/08/2017	02:48:40	011992	H365040350HLR	L365	S		772.6823	1.0292	9.0751	100.2231	39.9383	0.8430	0.8261	5.0000	18.8897	893.0688	95.0000	9.8590	25.8000	0.9300	0.9300	0.7056	-0.0003	893.0000	890.0815	1.0275	-5.7514	100.1293	39.9988	0.8230	0.8237	5.0000	-9999.0000	-9999.0000	-9999.0000	-9999.0000	-9999.0000	-9999.0000	21.1991	1	0	25.0489	1.0000	01	1	-9999.0000	18510	29621	-9999	2540	2588	-9999	627.9957	5	0.7024	0.7056	-0.0003	124.6528	-0.1795	847.9094	529.1729	35.5324	786.9876	95.3704	846.8075	95.1852	854.6456	95.1852	862.4555	95.1620	
11/08/2017	02:49:04	011992	H365040351HLR	L365	S		775.4966	1.0292	8.1046	100.1522	39.9549	0.8430	0.8260	5.0000	19.5647	893.0800	94.9074	10.6197	25.9000	0.9300	0.9300	0.7036	-0.0001	893.0000	891.9658	1.0275	-5.7209	100.1791	40.0128	0.8230	0.8237	5.0000	-9999.0000	-9999.0000	-9999.0000	-9999.0000	-9999.0000	-9999.0000	21.2102	2	0	24.9697	1.0000	01	1	-9999.0000	18511	29622	-9999	2541	2589	-9999	627.6622	5	0.7026	0.7036	-0.0001	126.4439	-0.3683	849.0033	511.8480	37.2685	795.8023	96.3889	848.0181	95.5093	856.1339	95.3009	861.7161	95.2083	
11/08/2017	02:49:31	011992	H365036034HLR	L365	S		772.8041	1.0292	9.0331	100.2020	39.9633	0.8430	0.8261	5.0000	18.9755	893.0452	94.9306	11.7291	25.9000	0.9300	0.9300	0.7126	-0.0009	893.0000	892.3636	1.0275	-5.7144	100.1193	40.0234	0.8230	0.8237	5.0000	-9999.0000	-9999.0000	-9999.0000	-9999.0000	-9999.0000	-9999.0000	20.7982	3	0	26.1693	1.0000	01	1	-9999.0000	18512	29623	-9999	2542	2590	-9999	627.2689	5	0.7024	0.7126	-0.0009	119.5866	0.2273	831.6104	516.7595	38.2176	782.2747	96.5509	830.4320	93.9583	840.1428	95.1389	849.8046	95.3935	
11/08/2017	02:49:55	011992	H365040355HLR	L365	S		778.8222	1.0292	6.9579	100.1789	39.9579	0.8430	0.8261	5.0000	19.0187	893.0713	95.0000	9.8394	25.9000	0.9300	0.9299	0.7122	-0.0008	893.0000	890.1462	1.0275	-5.7503	100.0613	39.9788	0.8230	0.8235	5.0000	-9999.0000	-9999.0000	-9999.0000	-9999.0000	-9999.0000	-9999.0000	22.4869	4	0	24.8083	1.0000	01	1	-9999.0000	18513	29624	-9999	2543	2591	-9999	628.7071	5	0.7024	0.7122	-0.0008	95.1367	2.2503	842.1427	513.0760	37.7083	789.4603	96.8056	841.3079	94.2130	849.3147	95.0694	859.9224	95.3009	
11/08/2017	02:50:22	011992	H365040366HLR	L365	Q		775.4067	1.0292	8.1356	100.1483	39.9523	0.8430	0.8258	5.0000	19.8286	893.0835	94.9306	10.5396	26.0000	0.9300	0.9301	0.7173	-0.0013	893.0000	892.4237	1.0275	-5.7134	100.1749	40.0122	0.8230	0.8237	5.0000	-9999.0000	-9999.0000	-9999.0000	-9999.0000	-9999.0000	-9999.0000	21.1986	5	0	26.1289	1.0000	01	1	-9999.0000	18514	29625	-9999	2544	2592	-9999	628.8378	5	0.7027	0.7173	-0.0013	98.8792	1.9056	840.5648	518.5111	36.7824	782.0362	96.6898	836.4280	95.9954	846.2510	95.3241	853.7423	95.0231	
11/08/2017	02:50:47	011992	H365036051HLR	L365	Q		772.8682	1.0292	9.0110	100.1833	39.9749	0.8430	0.8261	5.0000	18.9913	893.0891	94.9537	12.1597	26.0000	0.9300	0.9300	0.7170	-0.0012	893.0000	892.4759	1.0275	-5.7126	100.1005	40.0000	0.8230	0.8235	5.0000	-9999.0000	-9999.0000	-9999.0000	-9999.0000	-9999.0000	-9999.0000	22.3399	6	0	24.9190	1.0000	01	1	-9999.0000	18514	29626	-9999	2545	2593	-9999	627.0667	5	0.7028	0.7170	-0.0012	95.4404	2.1740	822.7029	517.5149	39.0972	773.5993	96.0880	821.8594	93.6574	832.8773	95.1157	843.4335	95.4167	
11/08/2017	02:51:12	011992	H365036049HLR	L365	S		770.5938	1.0292	9.7952	100.1128	39.9645	0.8430	0.8257	5.0000	20.3984	893.0395	94.9769	12.9897	26.1000	0.9300	0.9300	0.7167	-0.0012	893.0000	892.4932	1.0275	-5.7123	100.1330	40.0293	0.8230	0.8238	5.0000	-9999.0000	-9999.0000	-9999.0000	-9999.0000	-9999.0000	-9999.0000	20.9189	7	0	25.4704	1.0000	01	1	-9999.0000	18515	29627	-9999	2546	2594	-9999	626.0448	5	0.7027	0.7167	-0.0012	94.6341	2.2030	824.2920	528.5997	38.8889	779.0095	96.3194	822.8284	93.8657	832.8514	95.1157	842.7143	95.3704	
11/08/2017	02:51:38	011992	H365036042HLR	L365	S		771.2835	1.0292	9.5574	100.1371	39.9493	0.8430	0.8258	5.0000	19.9690	893.1595	94.9769	12.5894	26.1000	0.9300	0.9300	0.7197	-0.0015	893.0000	890.8584	1.0275	-5.7388	100.0732	40.0188	0.8230	0.8236	5.0000	-9999.0000	-9999.0000	-9999.0000	-9999.0000	-9999.0000	-9999.0000	21.5982	8	0	26.1078	1.0000	01	1	-9999.0000	18515	29628	-9999	2547	2595	-9999	626.4361	5	0.7032	0.7197	-0.0015	86.0110	2.9488	821.9176	513.5552	37.0602	771.7250	96.8056	820.7202	93.9583	830.6256	95.1620	841.2671	95.3704	
11/08/2017	02:52:03	011992	H365040363HLR	L365	S		775.7017	1.0292	8.0339	100.2282	40.0152	0.8430	0.8261	5.0000	18.9185	893.0851	94.9769	9.9996	26.1000	0.9300	0.9299	0.7195	-0.0014	893.0000	891.8704	1.0275	-5.7224	100.1356	40.0455	0.8230	0.8238	5.0000	-9999.0000	-9999.0000	-9999.0000	-9999.0000	-9999.0000	-9999.0000	20.8789	1	0	24.8292	1.0000	01	1	-9999.0000	18516	29629	-9999	2548	2596	-9999	629.8239	5	0.7035	0.7195	-0.0014	89.3541	2.6021	844.4525	517.9473	36.1343	781.5432	96.6435	837.7861	96.1574	848.7856	95.0231	855.3923	94.9306	
11/08/2017	02:52:29	011992	H365036039HLR	L365	S		773.6641	1.0292	8.7365	100.1942	40.0192	0.8430	0.8261	5.0000	18.9895	893.0744	94.9537	12.9692	26.1000	0.9300	0.9299	0.7184	-0.0013	893.0000	892.3102	1.0275	-5.7153	100.1707	40.0764	0.8230	0.8242	5.0000	-9999.0000	-9999.0000	-9999.0000	-9999.0000	-9999.0000	-9999.0000	19.3885	2	0	25.9092	1.0000	01	1	-9999.0000	18517	29630	-9999	2549	2597	-9999	626.3608	5	0.7035	0.7184	-0.0013	92.1097	2.3411	823.5501	505.2563	35.5324	766.4069	94.3750	822.7299	93.8657	831.8939	94.8843	841.8473	95.3472	
11/08/2017	02:52:55	011992	H365036022HLR	L365	S		773.1741	1.0292	8.9055	100.1606	39.9719	0.8430	0.8258	5.0000	19.9518	893.0670	94.9769	12.5698	26.1000	0.9300	0.9298	0.7187	-0.0013	893.0000	892.9076	1.0275	-5.7056	100.1146	40.0244	0.8230	0.8237	5.0000	-9999.0000	-9999.0000	-9999.0000	-9999.0000	-9999.0000	-9999.0000	22.2383	3	0	26.4287	1.0000	01	1	-9999.0000	18518	29631	-9999	2550	2598	-9999	626.8712	5	0.7033	0.7187	-0.0013	92.8766	2.2591	825.8354	497.2851	36.5741	769.1044	95.2778	824.2924	95.0463	834.1376	95.1389	842.3991	95.2083	
11/08/2017	02:53:21	011992	H365036031HLR	L365	S		773.4656	1.0292	8.8050	100.2212	39.9896	0.8430	0.8261	5.0000	18.9811	893.0802	94.9769	12.7397	26.1000	0.9300	0.9298	0.7187	-0.0013	893.0000	892.3543	1.0275	-5.7146	100.1375	40.0359	0.8230	0.8236	5.0000	-9999.0000	-9999.0000	-9999.0000	-9999.0000	-9999.0000	-9999.0000	22.2481	4	0	25.8398	1.0000	01	1	-9999.0000	18519	29632	-9999	2550	2599	-9999	626.7915	5	0.7034	0.7187	-0.0013	90.6910	2.4001	823.9158	508.2750	35.9954	774.0918	95.6944	822.7393	93.2407	832.3032	95.3009	843.6988	95.3935	
11/08/2017	02:53:46	011992	H365036014HLR	L365	S		771.7451	1.0292	9.3983	99.9304	39.9449	0.8430	0.8253	5.0000	22.8627	893.0830	94.9537	12.3999	26.1000	0.9300	0.9298	0.7188	-0.0013	893.0000	891.8897	1.0275	-5.7221	100.0935	40.0385	0.8230	0.8236	5.0000	-9999.0000	-9999.0000	-9999.0000	-9999.0000	-9999.0000	-9999.0000	21.8590	5	0	25.3488	1.0000	01	1	-9999.0000	18520	29633	-9999	2551	2600	-9999	627.2536	5	0.7039	0.7188	-0.0013	100.8422	1.5382	823.1007	509.4077	37.2454	775.2450	96.2500	822.0785	93.5185	832.3205	95.2546	843.4784	95.4398	
11/08/2017	02:54:12	011992	H365036008HLR	L365	S		775.7981	1.0292	8.0007	100.2067	40.0070	0.8430	0.8260	5.0000	19.0489	893.0651	94.9537	12.5093	26.0000	0.9300	0.9298	0.7185	-0.0013	893.0000	894.3682	1.0275	-5.6819	100.1433	40.0383	0.8230	0.8237	5.0000	-9999.0000	-9999.0000	-9999.0000	-9999.0000	-9999.0000	-9999.0000	21.5736	6	0	25.4393	1.0000	01	1	-9999.0000	18521	29634	-9999	2551	2601	-9999	627.2572	5	0.7038	0.7185	-0.0013	103.5224	1.3009	826.0752	518.9466	37.5463	775.7234	96.7824	825.3982	93.8194	834.9813	95.1620	845.5219	95.3704	
11/08/2017	02:54:37	011992	H365035958HLR	L365	S		772.0538	1.0292	9.2918	100.1955	40.0487	0.8430	0.8261	5.0000	19.0686	893.0603	94.9306	11.7300	26.0000	0.9300	0.9298	0.7190	-0.0013	893.0000	896.5239	1.0275	-5.6470	100.1285	40.0605	0.8230	0.8238	5.0000	-9999.0000	-9999.0000	-9999.0000	-9999.0000	-9999.0000	-9999.0000	20.8095	7	0	25.3585	1.0000	01	1	-9999.0000	18522	29635	-9999	2552	2602	-9999	628.1611	5	0.7035	0.7190	-0.0013	100.1726	1.5874	833.3674	503.9626	38.5185	778.0791	96.5046	831.9449	95.9028	841.4226	95.1157	848.2119	95.0694	
11/08/2017	02:55:02	011992	H365035956HLR	L365	S		772.4471	1.0292	9.1562	100.1895	40.0347	0.8430	0.8259	5.0000	19.5392	893.0845	94.9306	12.5894	26.1000	0.9300	0.9299	0.7196	-0.0014	893.0000	891.6335	1.0275	-5.7262	100.1292	40.0405	0.8230	0.8236	5.0000	-9999.0000	-9999.0000	-9999.0000	-9999.0000	-9999.0000	-9999.0000	21.6081	8	0	25.2959	1.0000	01	1	-9999.0000	18523	29636	-9999	2553	2603	-9999	627.2894	5	0.7034	0.7196	-0.0014	104.0184	1.2453	824.8783	497.3130	37.3843	767.2114	96.4352	823.5058	95.7870	833.6652	95.1620	839.6575	95.0694	
11/08/2017	02:55:27	011992	H365036006HLR	L365	S		774.2155	1.0292	8.5464	100.1993	40.0104	0.8430	0.8260	5.0000	19.3087	893.0530	94.9537	11.9488	26.0000	0.9300	0.9299	0.7194	-0.0013	893.0000	893.0860	1.0275	-5.7027	100.0436	40.0723	0.8230	0.8240	5.0000	-9999.0000	-9999.0000	-9999.0000	-9999.0000	-9999.0000	-9999.0000	19.6555	1	0	24.8723	1.0000	01	1	-9999.0000	18524	29637	-9999	2554	2604	-9999	628.1538	5	0.7034	0.7194	-0.0013	103.2740	1.3050	828.7256	489.2179	36.9676	770.8395	95.8102	827.5383	95.6019	836.7273	95.2546	845.3022	95.0926	
11/08/2017	02:55:54	011992	H365036019HLR	L365	S		771.1360	1.0292	9.6083	100.2103	40.0299	0.8430	0.8261	5.0000	18.9258	893.1228	94.9537	12.3697	26.0000	0.9300	0.9299	0.7193	-0.0013	893.0000	893.1353	1.0275	-5.7019	100.1726	40.0782	0.8230	0.8242	5.0000	-9999.0000	-9999.0000	-9999.0000	-9999.0000	-9999.0000	-9999.0000	19.3395	2	0	26.0996	1.0000	01	1	-9999.0000	18525	29638	-9999	2555	2605	-9999	627.6011	5	0.7029	0.7193	-0.0013	103.8793	1.2448	825.9550	492.3944	37.6157	769.8412	95.9259	825.0064	95.2083	833.5506	95.1852	842.8490	95.2083	
11/08/2017	02:56:18	011992	H365036029HLR	L365	S		774.9411	1.0292	8.2962	99.9907	39.9471	0.8430	0.8254	5.0000	22.2197	893.1240	94.9537	12.0796	26.0000	0.9300	0.9299	0.7208	-0.0015	893.0000	893.5168	1.0275	-5.6957	100.1140	40.0104	0.8230	0.8236	5.0000	-9999.0000	-9999.0000	-9999.0000	-9999.0000	-9999.0000	-9999.0000	22.4482	3	0	24.9589	1.0000	01	1	-9999.0000	18526	29639	-9999	2556	2606	-9999	628.0387	5	0.7025	0.7208	-0.0015	103.6950	1.2606	828.2461	505.0840	37.2685	771.8805	96.1111	826.6993	95.2778	836.3762	95.1852	844.8582	95.1389	
11/08/2017	02:56:47	011992	H365035972HLR	L365	S		771.1841	1.0292	9.5917	100.1686	39.9834	0.8430	0.8258	5.0000	19.8187	893.0668	94.9074	14.4399	26.0000	0.9300	0.9299	0.7202	-0.0014	893.0000	892.6221	1.0275	-5.7102	99.9385	40.0770	0.8230	0.8242	5.0000	-9999.0000	-9999.0000	-9999.0000	-9999.0000	-9999.0000	-9999.0000	19.3314	4	0	28.1591	1.0000	01	1	-9999.0000	18527	29640	-9999	2557	2607	-9999	625.0931	5	0.7026	0.7202	-0.0014	103.6907	1.2503	816.2205	497.9242	35.7407	762.0217	96.0880	814.8415	94.9769	824.3379	95.0694	833.1539	95.1852	
11/08/2017	02:57:12	011992	H365035982HLR	L365	S		770.9038	1.0292	9.6883	100.2234	40.0491	0.8430	0.8261	5.0000	19.1301	893.0663	94.9306	13.3091	26.0000	0.9300	0.9299	0.7197	-0.0014	893.0000	891.5792	1.0275	-5.7271	100.1327	40.0373	0.8230	0.8237	5.0000	-9999.0000	-9999.0000	-9999.0000	-9999.0000	-9999.0000	-9999.0000	21.1895	5	0	25.3416	1.0000	01	1	-9999.0000	18527	29641	-9999	2558	2608	-9999	626.6263	5	0.7028	0.7197	-0.0014	122.7758	-0.2859	820.3378	509.4051	38.7269	766.1292	96.1574	818.8291	95.4861	829.0043	95.1852	836.5781	95.1157	
11/08/2017	02:57:38	011992	H365036000HLR	L365	S		775.8976	1.0292	7.9664	100.2236	40.0521	0.8430	0.8261	5.0000	18.8597	893.1488	94.9074	13.5600	26.0000	0.9300	0.9298	0.7203	-0.0014	893.0000	892.9071	1.0275	-5.7056	100.1089	40.0196	0.8230	0.8237	5.0000	-9999.0000	-9999.0000	-9999.0000	-9999.0000	-9999.0000	-9999.0000	21.5583	6	0	25.5843	1.0000	01	1	-9999.0000	18528	29642	-9999	2559	2609	-9999	626.3074	5	0.7028	0.7203	-0.0014	167.5817	-3.8169	820.5429	510.3371	36.7824	770.7393	96.0185	819.6158	94.3056	827.7371	94.9306	837.6540	95.2778	
11/08/2017	02:58:03	011992	H365035970HLR	L365	S		773.4514	1.0292	8.8099	100.1496	39.9970	0.8430	0.8258	5.0000	19.7490	893.0678	94.9537	12.5396	26.0000	0.9300	0.9298	0.7177	-0.0012	893.0000	893.0521	1.0275	-5.7033	100.1361	40.0203	0.8230	0.8237	5.0000	-9999.0000	-9999.0000	-9999.0000	-9999.0000	-9999.0000	-9999.0000	21.4358	7	0	25.5711	1.0000	01	1	-9999.0000	18528	29643	-9999	2560	2610	-9999	627.4969	5	0.7024	0.7177	-0.0012	118.6073	0.0365	823.8832	509.8884	36.3657	776.0185	96.2731	823.1522	93.4491	832.6764	95.2315	843.7017	95.3935	
11/08/2017	02:58:29	011992	H365035969HLR	L365	S		766.1919	1.0292	10.0000	100.2372	40.0242	0.8430	0.8261	5.0000	18.8106	893.0415	94.9769	17.3890	26.0000	0.9300	0.9299	0.7174	-0.0012	893.0000	888.7237	1.0275	-5.7734	100.1317	40.0124	0.8230	0.8236	5.0000	-9999.0000	-9999.0000	-9999.0000	-9999.0000	-9999.0000	-9999.0000	21.8995	8	0	25.9387	1.0000	01	1	-9999.0000	18529	29644	-9999	2561	2611	-9999	622.3179	5	0.7023	0.7174	-0.0012	107.0539	0.9879	802.3297	517.7940	39.5602	759.4572	96.2731	801.4349	94.0278	810.3631	95.1157	820.1666	95.3241	
11/08/2017	02:58:54	011992	H365035973HLR	L365	S		771.3065	1.0292	9.5495	100.1997	40.0425	0.8430	0.8261	5.0000	18.9488	893.0672	94.9074	14.4994	26.0000	0.9300	0.9299	0.7114	-0.0007	893.0000	896.9226	1.0275	-5.6406	100.1211	40.0000	0.8230	0.8236	5.0000	-9999.0000	-9999.0000	-9999.0000	-9999.0000	-9999.0000	-9999.0000	22.2452	1	0	24.8793	1.0000	01	1	-9999.0000	18529	29645	-9999	2562	2612	-9999	626.2035	5	0.7023	0.7114	-0.0007	105.9911	1.0714	827.0736	535.3426	37.8935	780.0766	96.7824	826.4660	94.1204	835.0217	95.1389	843.4755	95.3009	
11/08/2017	02:59:19	011992	H365035993HLR	L365	S		774.8769	1.0292	8.3183	100.1853	40.0345	0.8430	0.8261	5.0000	18.9289	893.0764	94.9074	14.7192	26.1000	0.9300	0.9299	0.7122	-0.0008	893.0000	894.3590	1.0275	-5.6821	100.1600	40.0244	0.8230	0.8237	5.0000	-9999.0000	-9999.0000	-9999.0000	-9999.0000	-9999.0000	-9999.0000	21.0282	2	0	24.7588	1.0000	01	1	-9999.0000	18530	29646	-9999	2563	2613	-9999	625.8762	5	0.7022	0.7122	-0.0008	115.3187	0.3493	826.7198	522.2314	39.3519	780.7770	96.5741	825.6535	95.0694	833.1976	95.0926	841.0261	95.1620	
11/08/2017	02:59:44	011992	H365036004HLR	L365	Q		770.4187	1.0292	9.8556	100.1936	39.9874	0.8430	0.8260	5.0000	18.9660	893.0645	94.9074	13.3697	26.1000	0.9300	0.9299	0.7124	-0.0008	893.0000	890.9721	1.0275	-5.7370	100.1750	40.0250	0.8230	0.8237	5.0000	-9999.0000	-9999.0000	-9999.0000	-9999.0000	-9999.0000	-9999.0000	21.0400	3	0	25.6792	1.0000	01	1	-9999.0000	18531	29647	-9999	2564	2614	-9999	626.7877	5	0.7022	0.7124	-0.0008	104.2749	1.1973	824.5269	500.1201	37.2685	770.3271	96.5741	823.6478	94.2824	832.4583	95.0463	841.2929	95.2778	
11/08/2017	03:00:11	011992	H365035995HLR	L365	Q		775.3390	1.0292	8.1590	100.1820	40.0224	0.8430	0.8261	5.0000	18.9355	893.0692	94.9769	13.3589	26.1000	0.9300	0.9299	0.7094	-0.0005	893.0000	892.4016	1.0275	-5.7138	100.1121	40.0092	0.8230	0.8236	5.0000	-9999.0000	-9999.0000	-9999.0000	-9999.0000	-9999.0000	-9999.0000	21.9535	4	0	26.3086	1.0000	01	1	-9999.0000	18532	29648	-9999	2565	2615	-9999	627.0616	5	0.7021	0.7094	-0.0005	111.2860	0.6608	833.2410	539.2756	35.7176	777.0538	96.8056	832.0662	95.9259	840.7854	95.3472	847.4038	95.0000	
11/08/2017	03:00:36	011992	H365040536HLR	L365	S		770.9518	1.0292	9.6718	100.1748	40.0265	0.8430	0.8261	5.0000	18.9525	893.0604	94.9074	11.0396	26.1000	0.9300	0.9299	0.7171	-0.0012	893.0000	892.5904	1.0275	-5.7107	100.0929	40.0000	0.8230	0.8235	5.0000	-9999.0000	-9999.0000	-9999.0000	-9999.0000	-9999.0000	-9999.0000	22.6784	5	0	24.9994	1.0000	01	1	-9999.0000	18533	29649	-9999	2566	2616	-9999	629.1003	5	0.7018	0.7171	-0.0012	111.2765	0.6608	834.6647	514.0924	37.8472	778.8686	96.6898	833.1441	95.7870	843.4646	95.3472	851.3080	95.0694	
11/08/2017	03:01:01	011992	H365040539HLR	L365	S		773.5601	1.0292	8.7724	100.1904	39.9902	0.8430	0.8259	5.0000	19.4783	893.1281	94.9306	12.5698	26.2000	0.9300	0.9299	0.7177	-0.0012	893.0000	891.5108	1.0275	-5.7282	99.9154	40.0647	0.8230	0.8242	5.0000	-9999.0000	-9999.0000	-9999.0000	-9999.0000	-9999.0000	-9999.0000	19.3590	6	0	24.8493	1.0000	01	1	-9999.0000	18533	29650	-9999	2567	2617	-9999	627.5574	5	0.7015	0.7177	-0.0012	112.4401	0.5659	828.1623	505.4314	37.7083	770.2059	96.4120	826.8223	94.3519	836.1416	95.1389	845.7743	95.3472	
11/08/2017	03:01:27	011992	H365040562HLR	L365	S		770.7831	1.0292	9.7300	100.1677	39.9858	0.8430	0.8260	5.0000	19.1814	893.0679	94.9537	12.5298	26.2000	0.9300	0.9299	0.7128	-0.0008	893.0000	891.5141	1.0275	-5.7282	100.1386	40.0591	0.8230	0.8239	5.0000	-9999.0000	-9999.0000	-9999.0000	-9999.0000	-9999.0000	-9999.0000	20.8220	7	0	26.3185	1.0000	01	1	-9999.0000	18534	29651	-9999	2568	2618	-9999	627.4554	5	0.7015	0.7128	-0.0008	113.1908	0.5279	832.4118	514.8569	35.9722	775.8730	96.1111	831.2911	95.7407	840.5371	95.3009	847.2682	95.1157	
11/08/2017	03:01:54	011992	H365040538HLR	L365	S		770.3742	1.0292	9.8710	100.1820	40.0253	0.8430	0.8261	5.0000	18.9551	893.0958	94.9537	12.5298	26.3000	0.9300	0.9300	0.7131	-0.0008	893.0000	890.0279	1.0275	-5.7522	100.1167	40.0611	0.8230	0.8237	5.0000	-9999.0000	-9999.0000	-9999.0000	-9999.0000	-9999.0000	-9999.0000	21.8693	8	0	27.5298	1.0000	01	1	-9999.0000	18535	29652	-9999	2568	2619	-9999	627.6021	5	0.7015	0.7131	-0.0008	110.6158	0.6748	835.9260	520.0595	36.8056	778.1077	96.3426	829.6433	96.0648	838.2198	94.9537	844.0163	94.9537	
11/08/2017	03:02:20	011992	H365040557HLR	L365	S		766.1201	1.0292	10.0000	100.1298	39.9974	0.8430	0.8258	5.0000	20.2441	893.1453	94.9306	13.1802	26.3000	0.9300	0.9299	0.7220	-0.0015	893.0000	891.5986	1.0275	-5.7268	100.1001	40.0483	0.8230	0.8235	5.0000	-9999.0000	-9999.0000	-9999.0000	-9999.0000	-9999.0000	-9999.0000	23.8677	1	0	25.7182	1.0000	01	1	-9999.0000	18536	29653	-9999	2569	2619	-9999	627.2566	5	0.7017	0.7220	-0.0015	115.1374	0.3799	821.3229	514.2741	37.0833	767.8562	95.1389	820.1393	94.1667	830.6397	94.8843	840.3351	95.3009	
11/08/2017	03:02:46	011992	H365040556HLR	L365	S		771.3169	1.0292	9.5459	100.1841	39.9958	0.8430	0.8260	5.0000	18.9890	893.0944	94.9306	13.7690	26.4000	0.9300	0.9299	0.7153	-0.0010	893.0000	893.2534	1.0275	-5.7000	100.0801	40.0992	0.8230	0.8236	5.0000	-9999.0000	-9999.0000	-9999.0000	-9999.0000	-9999.0000	-9999.0000	21.9684	2	0	25.6289	1.0000	01	1	-9999.0000	18537	29654	-9999	2569	2620	-9999	626.9703	5	0.7020	0.7153	-0.0010	113.6961	0.4655	824.8618	508.0949	37.2685	771.9365	95.5556	823.7698	94.6065	833.0266	95.0000	841.1421	95.2315	
11/08/2017	03:03:11	011992	H365040683HLR	L365	S		766.1787	1.0292	10.0000	100.2196	40.0236	0.8430	0.8261	5.0000	19.0589	893.1075	94.9537	12.3599	26.4000	0.9300	0.9299	0.7234	-0.0016	893.0000	895.5485	1.0275	-5.6628	100.1073	40.1000	0.8230	0.8237	5.0000	-9999.0000	-9999.0000	-9999.0000	-9999.0000	-9999.0000	-9999.0000	21.9588	3	0	25.1895	1.0000	01	1	-9999.0000	18538	29655	-9999	2570	2621	-9999	628.4794	5	0.7021	0.7234	-0.0016	114.4427	0.4135	822.9538	519.5112	38.0324	776.2861	95.6250	821.8812	93.0787	831.0292	95.3009	843.2828	95.4167	
11/08/2017	03:03:37	011992	H365040693HLR	L365	S		771.1179	1.0292	9.6145	100.2062	40.0319	0.8430	0.8260	5.0000	19.4192	893.1108	94.9537	10.7789	26.4000	0.9300	0.9299	0.7160	-0.0010	893.0000	893.8924	1.0275	-5.6896	100.0552	40.1000	0.8230	0.8237	5.0000	-9999.0000	-9999.0000	-9999.0000	-9999.0000	-9999.0000	-9999.0000	21.4059	4	0	26.3893	1.0000	01	1	-9999.0000	18539	29656	-9999	2571	2622	-9999	629.9609	5	0.7025	0.7160	-0.0010	114.9247	0.3955	837.1200	493.3358	36.1574	784.0656	95.8565	835.8525	94.1898	844.3023	94.9074	854.2407	95.2546	
11/08/2017	03:04:02	011992	H365040672HLR	L365	S		771.1448	1.0292	9.6052	100.2499	40.0463	0.8430	0.8261	5.0000	18.9761	893.0543	94.9306	11.3795	26.5000	0.9300	0.9299	0.7131	-0.0007	893.0000	893.7527	1.0275	-5.6919	100.1308	40.1000	0.8230	0.8236	5.0000	-9999.0000	-9999.0000	-9999.0000	-9999.0000	-9999.0000	-9999.0000	22.2156	5	0	24.9388	1.0000	01	1	-9999.0000	18540	29657	-9999	2572	2623	-9999	629.4183	5	0.7026	0.7131	-0.0007	115.9196	0.3722	837.0390	512.7432	36.9444	777.9801	95.4630	835.5996	95.0000	845.7990	95.1389	852.7581	95.2778	
11/08/2017	03:04:29	011992	H365040687HLR	L365	S		764.6603	1.0292	10.0000	100.1308	40.0108	0.8430	0.8257	5.0000	20.5989	893.1069	94.9306	12.0894	26.5000	0.9300	0.9299	0.7341	-0.0024	893.0000	896.2108	1.0275	-5.6521	100.1701	40.1000	0.8230	0.8238	5.0000	-9999.0000	-9999.0000	-9999.0000	-9999.0000	-9999.0000	-9999.0000	21.1436	6	0	26.3086	1.0000	01	1	-9999.0000	18541	29658	-9999	2573	2623	-9999	630.2934	5	0.7027	0.7341	-0.0024	115.6909	0.3983	815.5350	503.7237	37.3611	763.0602	96.2500	814.3808	94.0509	825.4188	94.9074	836.1436	95.3241	
11/08/2017	03:04:53	011992	H365040698HLR	L365	S		750.5453	1.0292	10.0000	100.1925	40.0309	0.8430	0.8261	5.0000	18.9193	893.0839	94.9074	14.0795	26.5000	0.9300	0.9298	0.7191	-0.0012	893.0000	890.3607	1.0275	-5.7469	100.1641	40.1000	0.8230	0.8237	5.0000	-9999.0000	-9999.0000	-9999.0000	-9999.0000	-9999.0000	-9999.0000	21.9536	7	0	24.9398	1.0000	01	1	-9999.0000	18542	29659	-9999	2573	2624	-9999	626.7903	5	0.7031	0.7191	-0.0012	124.0339	-0.2857	822.3788	500.1598	35.2315	743.2179	96.3657	820.7499	95.6944	830.0592	95.1389	837.3805	95.0926	
11/08/2017	03:05:18	011992	H365040340HLR	L365	S		772.7396	1.0292	9.0553	100.2031	40.0615	0.8430	0.8261	5.0000	19.0473	893.0935	95.0000	9.0192	26.4000	0.9300	0.9296	0.7132	-0.0008	893.0000	893.6466	1.0275	-5.6936	100.1571	40.1261	0.8230	0.8242	5.0000	-9999.0000	-9999.0000	-9999.0000	-9999.0000	-9999.0000	-9999.0000	19.2490	8	0	24.9780	1.0000	01	1	-9999.0000	18543	29660	-9999	2574	2625	-9999	630.9179	5	0.7036	0.7132	-0.0008	127.6912	-0.5355	847.0965	496.5371	36.1574	784.0472	95.5556	845.7491	94.5833	855.9070	95.0000	864.8051	95.2546	
11/08/2017	03:05:45	011992	H365040341HLR	L365	S		772.3564	1.0292	9.1874	100.1807	40.0595	0.8430	0.8260	5.0000	19.4298	893.1063	94.9537	10.6890	26.4000	0.9300	0.9297	0.7135	-0.0008	893.0000	892.0443	1.0275	-5.7196	100.3104	40.1273	0.8230	0.8243	5.0000	-9999.0000	-9999.0000	-9999.0000	-9999.0000	-9999.0000	-9999.0000	19.2780	1	0	26.3290	1.0000	01	1	-9999.0000	18544	29661	-9999	2574	2626	-9999	629.7548	5	0.7037	0.7135	-0.0008	128.9204	-0.6178	839.4225	494.5201	37.0833	778.7633	95.6250	837.9882	95.3935	847.4740	95.2546	856.2118	95.1852	
11/08/2017	03:06:10	011992	H365040675HLR	L365	S		770.0656	1.0292	9.9774	100.1618	40.0497	0.8430	0.8259	5.0000	19.8034	893.0766	94.9074	10.8892	26.4000	0.9300	0.9297	0.7130	-0.0008	893.0000	895.8285	1.0275	-5.6583	100.1173	40.0519	0.8230	0.8236	5.0000	-9999.0000	-9999.0000	-9999.0000	-9999.0000	-9999.0000	-9999.0000	22.5792	2	0	24.8292	1.0000	01	1	-9999.0000	18545	29662	-9999	2575	2627	-9999	629.4679	5	0.7037	0.7130	-0.0008	122.8576	-0.0208	840.3102	502.4246	35.7407	781.8371	96.1111	839.6123	94.6296	847.5100	95.0000	857.0277	95.2546	
11/08/2017	03:06:36	011992	H365040669HLR	L365	S		771.1978	1.0292	9.5870	100.1243	40.0335	0.8430	0.8257	5.0000	20.2392	893.0531	94.9074	11.4195	26.3000	0.9300	0.9297	0.7091	-0.0004	893.0000	894.1336	1.0275	-5.6857	99.9986	40.1130	0.8230	0.8242	5.0000	-9999.0000	-9999.0000	-9999.0000	-9999.0000	-9999.0000	-9999.0000	19.5157	3	0	26.0693	1.0000	01	1	-9999.0000	18546	29663	-9999	2576	2628	-9999	628.9237	5	0.7036	0.7091	-0.0004	101.5887	1.8509	841.1802	491.6979	36.3426	782.2287	96.2037	840.1908	95.5093	847.9315	95.2083	855.1497	95.1620	
11/08/2017	03:07:01	011992	H365040667HLR	L365	S		770.4104	1.0292	9.8585	100.1921	40.0577	0.8430	0.8260	5.0000	19.4591	893.0972	94.9769	13.6294	26.2000	0.9300	0.9297	0.7111	-0.0006	893.0000	895.9490	1.0275	-5.6563	100.1030	40.1000	0.8230	0.8236	5.0000	-9999.0000	-9999.0000	-9999.0000	-9999.0000	-9999.0000	-9999.0000	22.3279	4	0	24.8996	1.0000	01	1	-9999.0000	18547	29664	-9999	2577	2629	-9999	627.9462	5	0.7038	0.7111	-0.0006	105.6435	1.5996	831.3743	514.9337	37.8704	773.6111	95.9259	830.0938	95.3241	837.3773	95.2083	846.3149	95.1620	
11/08/2017	03:07:26	011992	H365040335HLR	L365	S		778.1927	1.0292	7.1749	100.2006	40.0635	0.8430	0.8261	5.0000	18.8700	893.0717	94.9537	10.3795	26.2000	0.9300	0.9296	0.7120	-0.0007	893.0000	895.8423	1.0275	-5.6581	100.1382	40.1000	0.8230	0.8242	5.0000	-9999.0000	-9999.0000	-9999.0000	-9999.0000	-9999.0000	-9999.0000	19.4383	5	0	24.9486	1.0000	01	1	-9999.0000	18548	29665	-9999	2578	2630	-9999	629.8073	5	0.7041	0.7120	-0.0007	103.4694	1.7854	842.0722	518.6750	38.7037	788.9220	95.9259	841.2939	93.2639	850.2277	95.4167	860.9615	95.4167	
11/08/2017	03:07:50	011992	H365040328HLR	L365	S		771.5102	1.0292	9.4792	100.1996	40.0671	0.8430	0.8261	5.0000	18.9690	893.0440	94.9306	10.5592	26.2000	0.9300	0.9296	0.7115	-0.0007	893.0000	895.1403	1.0275	-5.6694	100.1844	40.0621	0.8230	0.8238	5.0000	-9999.0000	-9999.0000	-9999.0000	-9999.0000	-9999.0000	-9999.0000	21.2488	6	0	24.8281	1.0000	01	1	-9999.0000	18549	29666	-9999	2579	2631	-9999	629.3332	5	0.7038	0.7115	-0.0007	100.2245	2.1626	841.4402	512.9276	38.3565	789.9094	96.2731	840.6101	93.6806	849.2658	95.1157	858.9464	95.3935	
11/08/2017	03:08:15	011992	H365040326HLR	L365	S		767.4115	1.0292	10.0000	100.2203	40.0651	0.8430	0.8261	5.0000	18.8620	893.1422	94.9306	11.9195	26.1000	0.9300	0.9297	0.7147	-0.0010	893.0000	895.7853	1.0275	-5.6590	100.0478	40.1000	0.8230	0.8242	5.0000	-9999.0000	-9999.0000	-9999.0000	-9999.0000	-9999.0000	-9999.0000	19.3977	7	0	24.9191	1.0000	01	1	-9999.0000	18550	29667	-9999	2580	2632	-9999	628.2433	5	0.7038	0.7147	-0.0010	90.6375	3.0452	831.3304	494.6083	35.7407	773.6817	96.4352	831.0501	93.9120	839.6820	95.1389	849.8891	95.3704	
11/08/2017	03:08:40	011992	H365040319HLR	L365	S		768.3178	1.0292	10.0000	100.2259	40.0583	0.8430	0.8261	5.0000	18.9191	893.1219	94.9537	10.4098	26.1000	0.9300	0.9297	0.7136	-0.0009	893.0000	894.5363	1.0275	-5.6792	100.1290	40.0449	0.8230	0.8237	5.0000	-9999.0000	-9999.0000	-9999.0000	-9999.0000	-9999.0000	-9999.0000	21.2214	8	0	24.9750	1.0000	01	1	-9999.0000	18551	29668	-9999	2581	2633	-9999	629.4555	5	0.7037	0.7136	-0.0009	90.1399	3.0881	841.1888	510.3524	35.7407	781.5178	96.8287	840.2231	95.0926	848.0323	95.0926	857.8981	95.2315	
11/08/2017	03:09:05	011992	H365040663HLR	L365	S		772.2195	1.0292	9.2347	100.1698	40.0537	0.8430	0.8260	5.0000	19.2115	893.0527	94.9537	12.3892	26.0000	0.9300	0.9297	0.7111	-0.0006	893.0000	895.7759	1.0275	-5.6591	100.1743	40.0797	0.8230	0.8242	5.0000	-9999.0000	-9999.0000	-9999.0000	-9999.0000	-9999.0000	-9999.0000	19.4483	1	0	25.0195	1.0000	01	1	-9999.0000	18552	29669	-9999	2582	2634	-9999	628.0559	5	0.7038	0.7111	-0.0006	87.8101	3.2388	835.9588	503.7263	35.6481	776.5052	96.6667	834.9801	94.9074	843.2607	95.0463	851.0821	95.2315	
11/08/2017	03:09:31	011992	H365040337HLR	L365	S		769.7163	1.0292	10.0000	100.1377	40.0343	0.8430	0.8258	5.0000	19.7961	893.0706	94.9769	10.0397	25.9000	0.9300	0.9297	0.7100	-0.0006	893.0000	894.6723	1.0275	-5.6770	100.1830	40.0723	0.8230	0.8243	5.0000	-9999.0000	-9999.0000	-9999.0000	-9999.0000	-9999.0000	-9999.0000	19.0087	2	0	25.9990	1.0000	01	1	-9999.0000	18552	29670	-9999	2583	2634	-9999	629.1471	5	0.7037	0.7100	-0.0006	88.8816	3.1602	850.6564	513.8710	36.2500	789.2913	96.6667	844.1285	96.0880	854.3760	95.0231	859.8577	94.9306	
11/08/2017	03:09:57	011992	H365040344HLR	L365	S		767.7197	1.0292	10.0000	100.1664	40.0367	0.8430	0.8260	5.0000	19.2582	893.1753	94.9074	10.6803	25.9000	0.9300	0.9297	0.7122	-0.0008	893.0000	896.6489	1.0275	-5.6450	100.0711	40.0002	0.8230	0.8235	5.0000	-9999.0000	-9999.0000	-9999.0000	-9999.0000	-9999.0000	-9999.0000	22.4394	3	0	26.1387	1.0000	01	1	-9999.0000	18553	29671	-9999	2584	2635	-9999	628.6968	5	0.7034	0.7122	-0.0008	87.7455	3.3071	841.2267	514.8150	36.1806	785.6136	95.4630	840.4001	94.2361	848.0731	94.8843	856.6824	95.3472	
11/08/2017	03:10:24	011992	H365040348HLR	L365	S		764.7426	1.0292	10.0000	99.9963	39.9635	0.8430	0.8255	5.0000	21.4883	893.0691	94.9074	11.2496	25.9000	0.9300	0.9297	0.7149	-0.0011	893.0000	896.9731	1.0275	-5.6397	100.0908	40.0000	0.8230	0.8234	5.0000	-9999.0000	-9999.0000	-9999.0000	-9999.0000	-9999.0000	-9999.0000	22.4282	4	0	26.6499	1.0000	01	1	-9999.0000	18554	29672	-9999	2585	2636	-9999	627.9145	5	0.7034	0.7149	-0.0011	94.3856	2.7042	837.8252	498.1194	39.1667	786.0505	95.5787	836.7748	94.4676	844.6435	94.9537	854.4444	95.2778	
11/08/2017	03:10:51	011992	H365040354HLR	L365	S		771.0536	1.0292	9.6367	100.1654	40.0182	0.8430	0.8260	5.0000	18.9175	893.0894	94.9074	10.5191	25.8000	0.9300	0.9297	0.7151	-0.0011	893.0000	896.8584	1.0275	-5.6416	100.1310	39.9495	0.8230	0.8234	5.0000	-9999.0000	-9999.0000	-9999.0000	-9999.0000	-9999.0000	-9999.0000	23.0086	5	0	26.7884	1.0000	01	1	-9999.0000	18555	29673	-9999	2586	2637	-9999	628.4018	5	0.7031	0.7151	-0.0011	110.7079	1.1443	836.8177	516.9062	37.6852	789.6355	95.8102	835.8257	93.1713	845.5556	95.3241	857.1650	95.4167	
11/08/2017	03:11:16	011992	H365036046HLR	L365	S		775.7189	1.0292	8.0280	100.2062	40.0571	0.8430	0.8261	5.0000	18.8792	893.1222	94.9074	11.4400	25.8000	0.9300	0.9297	0.7115	-0.0008	893.0000	897.1612	1.0275	-5.6367	100.1314	39.9415	0.8230	0.8234	5.0000	-9999.0000	-9999.0000	-9999.0000	-9999.0000	-9999.0000	-9999.0000	22.7584	6	0	24.9082	1.0000	01	1	-9999.0000	18556	29674	-9999	2587	2638	-9999	627.3691	5	0.7029	0.7115	-0.0008	115.1979	0.7784	835.7535	528.8782	37.9398	788.0008	96.3889	835.0724	93.5880	844.5696	95.2083	855.0633	95.4398	
11/08/2017	03:11:41	011992	H365036044HLR	L365	S		773.7982	1.0292	8.6903	100.1946	40.0377	0.8430	0.8262	5.0000	18.9192	893.1498	94.9306	10.7594	25.8000	0.9300	0.9298	0.7109	-0.0008	893.0000	894.9249	1.0275	-5.6729	100.1911	40.0212	0.8230	0.8238	5.0000	-9999.0000	-9999.0000	-9999.0000	-9999.0000	-9999.0000	-9999.0000	20.7991	7	0	24.9589	1.0000	01	1	-9999.0000	18557	29675	-9999	2588	2639	-9999	627.8180	5	0.7024	0.7109	-0.0008	123.6103	0.1347	841.3078	497.5311	37.5000	783.0443	95.8796	840.2021	94.6991	848.7592	95.0231	856.7619	95.2546	
11/08/2017	03:12:08	011992	H365035987HLR	L365	S		776.4316	1.0292	7.7822	100.2129	39.9988	0.8430	0.8261	5.0000	18.8489	893.1343	94.9769	11.4996	25.8000	0.9300	0.9299	0.7106	-0.0007	893.0000	895.6009	1.0275	-5.6620	100.0307	40.0453	0.8230	0.8241	5.0000	-9999.0000	-9999.0000	-9999.0000	-9999.0000	-9999.0000	-9999.0000	19.4270	8	0	26.7491	1.0000	01	1	-9999.0000	18558	29676	-9999	2588	2640	-9999	627.1387	5	0.7021	0.7106	-0.0007	123.2700	0.1971	838.3537	508.9179	38.1481	784.7903	96.7130	837.7201	94.2130	845.8375	95.0463	855.2647	95.3472	
11/08/2017	03:12:33	011992	H365040361HLR	L365	S		776.1678	1.0292	7.8732	100.1793	39.9992	0.8430	0.8261	5.0000	19.0092	893.0834	95.0231	9.0201	25.9000	0.9300	0.9298	0.7094	-0.0007	893.0000	894.7093	1.0275	-5.6764	100.0832	40.0016	0.8230	0.8236	5.0000	-9999.0000	-9999.0000	-9999.0000	-9999.0000	-9999.0000	-9999.0000	21.6579	1	0	25.0473	1.0000	01	1	-9999.0000	18559	29677	-9999	2589	2641	-9999	628.2592	5	0.7018	0.7094	-0.0007	123.0827	0.2487	850.2063	460.6199	37.0370	795.2514	96.9444	849.1542	94.0972	858.0002	95.0463	867.0406	95.3472	
11/08/2017	03:12:57	011992	H365036045HLR	L365	S		773.5312	1.0292	8.7823	100.1930	40.0096	0.8430	0.8261	5.0000	18.8483	893.0640	94.9306	11.3091	25.9000	0.9300	0.9300	0.7144	-0.0012	893.0000	895.3122	1.0275	-5.6666	100.1778	40.0164	0.8230	0.8237	5.0000	-9999.0000	-9999.0000	-9999.0000	-9999.0000	-9999.0000	-9999.0000	21.2403	2	0	24.8209	1.0000	01	1	-9999.0000	18559	29678	-9999	2590	2642	-9999	626.3739	5	0.7017	0.7144	-0.0012	118.8396	0.5942	837.1244	496.3079	35.6481	775.9606	96.4352	836.0963	95.1389	844.5914	95.1157	852.7728	95.2315	
11/08/2017	03:13:25	011992	H365040357HLR	L365	S		771.7306	1.0292	9.4032	100.1893	39.9894	0.8430	0.8261	5.0000	18.9095	893.0771	95.0000	9.1295	25.9000	0.9300	0.9299	0.7130	-0.0010	893.0000	894.3953	1.0275	-5.6815	100.1481	40.0303	0.8230	0.8237	5.0000	-9999.0000	-9999.0000	-9999.0000	-9999.0000	-9999.0000	-9999.0000	21.2709	3	0	27.1094	1.0000	01	1	-9999.0000	18560	29679	-9999	2591	2643	-9999	628.3275	5	0.7015	0.7130	-0.0010	124.6326	0.0813	847.7553	501.5194	36.8519	788.3296	95.8796	846.7690	95.1157	855.3724	95.1157	864.0486	95.1852	
11/08/2017	03:14:42	011992	H365036024HLR	L365	S		773.1257	1.0292	8.9222	100.1682	39.9986	0.8430	0.8263	5.0000	18.9357	893.1182	94.9769	9.8492	26.1000	0.9300	0.9301	0.7113	-0.0010	893.0000	892.6172	1.0275	-5.7103	100.0328	39.8112	0.8230	0.8241	5.0000	-9999.0000	-9999.0000	-9999.0000	-9999.0000	-9999.0000	-9999.0000	19.6795	6	0	24.8595	1.0000	01	1	-9999.0000	18563	29680	-9999	2594	2644	-9999	626.8109	5	0.7009	0.7113	-0.0010	117.7817	0.5294	844.6953	494.6395	35.7870	781.7059	95.5093	843.2327	95.8565	852.7616	95.4398	860.4275	95.0694	
11/08/2017	03:15:07	011992	H365036033HLR	L365	S		774.0597	1.0292	8.6001	100.1913	40.0668	0.8430	0.8261	5.0000	18.9910	893.0851	94.9537	10.3297	26.0000	0.9300	0.9300	0.7132	-0.0012	893.0000	894.5231	1.0275	-5.6794	100.1154	40.0052	0.8230	0.8247	5.0000	-9999.0000	-9999.0000	-9999.0000	-9999.0000	-9999.0000	-9999.0000	21.1328	7	0	24.9589	1.0000	01	1	-9999.0000	18564	29681	-9999	2594	2645	-9999	626.3407	5	0.7011	0.7132	-0.0012	115.6053	0.7416	842.1401	512.1420	36.9907	781.2617	95.3472	841.4568	95.0000	849.2517	95.0926	857.7833	95.2315	
11/08/2017	03:15:33	011992	H365036015HLR	L365	S		779.1397	1.0292	6.8484	100.0140	39.8792	0.8430	0.8251	5.0000	23.7588	893.1136	94.9537	12.2095	26.1000	0.9300	0.9301	0.7132	-0.0012	893.0000	894.4115	1.0275	-5.6812	100.0910	40.1675	0.8230	0.8242	5.0000	-9999.0000	-9999.0000	-9999.0000	-9999.0000	-9999.0000	-9999.0000	21.1091	8	0	25.2091	1.0000	01	1	-9999.0000	18565	29682	-9999	2595	2646	-9999	624.4491	5	0.7011	0.7132	-0.0012	115.6053	0.7416	841.1848	502.6234	36.6204	777.4723	96.4352	835.8116	96.2037	844.7088	95.0463	849.6560	94.9537	
11/08/2017	03:15:58	011992	H365035976HLR	L365	S		769.4021	1.0292	10.0000	100.0050	39.8519	0.8430	0.8252	5.0000	24.7997	893.0532	94.9537	12.3794	26.1000	0.9300	0.9300	0.7132	-0.0012	893.0000	893.1715	1.0275	-5.7013	100.1303	40.0454	0.8230	0.8236	5.0000	-9999.0000	-9999.0000	-9999.0000	-9999.0000	-9999.0000	-9999.0000	21.3991	1	0	25.7187	1.0000	01	1	-9999.0000	18566	29683	-9999	2596	2647	-9999	624.1949	5	0.7011	0.7132	-0.0012	115.6053	0.7416	831.4471	525.4343	35.9491	776.9760	94.8380	830.7716	94.2130	837.8501	94.8843	847.6036	95.3241	
11/08/2017	03:16:23	011992	H365035988HLR	L365	S		774.3552	1.0292	8.4982	100.1304	40.0922	0.8430	0.8261	5.0000	19.4283	893.0690	94.9306	11.6499	26.1000	0.9300	0.9299	0.7128	-0.0011	893.0000	892.5496	1.0275	-5.7114	100.0951	39.9150	0.8230	0.8234	5.0000	-9999.0000	-9999.0000	-9999.0000	-9999.0000	-9999.0000	-9999.0000	21.8736	2	0	24.9698	1.0000	01	1	-9999.0000	18567	29684	-9999	2597	2648	-9999	624.9635	5	0.7010	0.7128	-0.0011	112.7019	0.9238	835.8645	505.6703	35.3241	774.9920	94.1898	835.0753	93.9120	842.8784	94.7917	853.7193	95.3472	
11/08/2017	03:17:15	011992	H365036020HLR	L365	S		777.6570	1.0292	7.3596	100.0702	39.9890	0.8430	0.8257	5.0000	19.8898	893.1560	94.9769	9.6393	26.3000	0.9300	0.9300	0.7139	-0.0013	893.0000	892.9511	1.0275	-5.7049	100.1230	40.0864	0.8230	0.8246	5.0000	-9999.0000	-9999.0000	-9999.0000	-9999.0000	-9999.0000	-9999.0000	19.1193	4	0	27.0988	1.0000	01	1	-9999.0000	18569	29685	-9999	2599	2649	-9999	626.9202	5	0.7007	0.7139	-0.0013	125.2054	-0.4328	842.0640	511.4719	36.1111	785.3332	94.5139	841.4054	94.1204	850.5252	94.8611	860.3449	95.2778	
11/08/2017	03:17:40	011992	H365036036HLR	L365	S		774.3733	1.0292	8.4920	100.2511	40.0569	0.8430	0.8260	5.0000	19.3891	893.0613	94.9306	10.9400	26.1000	0.9300	0.9298	0.7134	-0.0012	893.0000	892.7844	1.0275	-5.7076	100.1284	39.9601	0.8230	0.8243	5.0000	-9999.0000	-9999.0000	-9999.0000	-9999.0000	-9999.0000	-9999.0000	19.4105	5	0	25.0692	1.0000	01	1	-9999.0000	18570	29686	-9999	2600	2650	-9999	625.4612	5	0.7005	0.7134	-0.0012	117.5824	0.2850	836.4018	527.9696	37.9861	785.5592	96.0880	835.1387	94.4444	844.2640	94.9769	854.3037	95.3472	
11/08/2017	03:18:06	011992	H365036026HLR	L365	S		777.1299	1.0292	7.5414	100.1809	40.0826	0.8430	0.8260	5.0000	19.4787	893.0687	94.9306	11.4595	26.1000	0.9300	0.9298	0.7127	-0.0011	893.0000	893.0175	1.0275	-5.7038	100.0977	40.0259	0.8230	0.8242	5.0000	-9999.0000	-9999.0000	-9999.0000	-9999.0000	-9999.0000	-9999.0000	21.0986	6	0	25.3085	1.0000	01	1	-9999.0000	18571	29687	-9999	2601	2651	-9999	625.0710	5	0.7006	0.7127	-0.0011	122.8985	-0.2629	835.0538	512.1106	38.9815	785.8041	96.1111	834.2482	93.4722	843.7786	95.2546	854.8138	95.4398	
11/08/2017	03:18:31	011992	H365036012HLR	L365	S		779.6664	1.0292	6.6668	100.2600	40.0809	0.8430	0.8260	5.0000	19.3621	893.0477	94.9537	10.1891	26.1000	0.9300	0.9297	0.7127	-0.0011	893.0000	893.4535	1.0275	-5.6968	100.0941	40.0475	0.8230	0.8238	5.0000	-9999.0000	-9999.0000	-9999.0000	-9999.0000	-9999.0000	-9999.0000	21.6492	7	0	24.9697	1.0000	01	1	-9999.0000	18572	29688	-9999	2602	2652	-9999	626.3198	5	0.7006	0.7127	-0.0011	122.8985	-0.2629	840.4258	515.4432	39.0278	790.5584	96.3194	839.2120	93.6343	849.2575	95.2778	859.9835	95.3935	
11/08/2017	03:18:56	011992	H365035997HLR	L365	S		776.7932	1.0292	7.6575	100.4204	40.0884	0.8430	0.8261	5.0000	19.1789	893.0484	94.9306	11.4205	26.0000	0.9300	0.9297	0.7129	-0.0011	893.0000	892.7940	1.0275	-5.7074	100.1523	40.0190	0.8230	0.8238	5.0000	-9999.0000	-9999.0000	-9999.0000	-9999.0000	-9999.0000	-9999.0000	20.5088	8	0	25.3789	1.0000	01	1	-9999.0000	18573	29689	-9999	2603	2653	-9999	625.0241	5	0.7006	0.7129	-0.0011	118.4210	0.1002	835.4023	509.3790	37.6157	780.1333	96.2963	834.6610	94.8611	843.7642	95.0694	851.9801	95.2778	
11/08/2017	03:19:21	011992	H365035991HLR	L365	S		770.4895	1.0292	9.8312	100.0194	39.9944	0.8430	0.8252	5.0000	23.8409	893.0649	94.9306	10.5797	26.0000	0.9300	0.9297	0.7131	-0.0012	893.0000	891.7321	1.0275	-5.7246	100.1515	39.9387	0.8230	0.8236	5.0000	-9999.0000	-9999.0000	-9999.0000	-9999.0000	-9999.0000	-9999.0000	21.7281	1	0	25.3389	1.0000	01	1	-9999.0000	18574	29690	-9999	2604	2654	-9999	625.8739	5	0.7007	0.7131	-0.0012	118.4215	0.0902	837.7107	502.7690	34.9306	780.7936	96.5972	836.5798	94.4213	845.9269	95.0463	854.9782	95.2778	
11/08/2017	03:19:46	011992	H365035980HLR	L365	S		779.0831	1.0292	6.8679	100.3215	40.0882	0.8430	0.8260	5.0000	19.2390	893.0838	94.9537	12.5201	25.9000	0.9300	0.9298	0.7138	-0.0012	893.0000	893.3637	1.0275	-5.6982	100.1023	40.0068	0.8230	0.8238	5.0000	-9999.0000	-9999.0000	-9999.0000	-9999.0000	-9999.0000	-9999.0000	21.5595	2	0	24.9897	1.0000	01	1	-9999.0000	18575	29691	-9999	2605	2655	-9999	623.8504	5	0.7004	0.7138	-0.0012	121.9547	-0.2648	833.8668	502.3390	34.7685	777.5173	95.6713	833.4752	94.8148	840.3493	95.0694	848.0002	95.2778	
11/08/2017	03:20:12	011992	H365036016HLR	L365	S		777.3726	1.0292	7.4577	100.4746	40.1082	0.8430	0.8261	5.0000	19.1701	893.1220	94.9074	10.5093	25.9000	0.9300	0.9297	0.7134	-0.0012	893.0000	893.7742	1.0275	-5.6916	100.0655	40.0375	0.8230	0.8238	5.0000	-9999.0000	-9999.0000	-9999.0000	-9999.0000	-9999.0000	-9999.0000	20.9797	3	0	25.0681	1.0000	01	1	-9999.0000	18576	29692	-9999	2606	2656	-9999	626.1025	5	0.7006	0.7134	-0.0012	119.7964	-0.1468	842.5445	499.8956	36.9907	777.4928	95.8796	841.2920	95.3472	849.5610	95.2315	856.5439	95.1852	
11/08/2017	03:20:36	011992	H365035979HLR	L365	S		774.8069	1.0292	8.3424	100.2753	40.0920	0.8430	0.8260	5.0000	18.9992	893.0959	94.9306	12.4497	25.8000	0.9300	0.9297	0.7134	-0.0012	893.0000	890.2183	1.0275	-5.7492	100.1979	39.9904	0.8230	0.8237	5.0000	-9999.0000	-9999.0000	-9999.0000	-9999.0000	-9999.0000	-9999.0000	20.8093	4	0	24.7598	1.0000	01	1	-9999.0000	18576	29693	-9999	2607	2657	-9999	624.0602	5	0.7003	0.7134	-0.0012	111.5024	0.5420	825.9332	500.2257	37.8009	765.9314	96.6898	825.0235	94.2130	833.9528	95.0000	843.3679	95.3009	
11/08/2017	03:21:02	011992	H365035957HLR	L365	S		775.0959	1.0292	8.2428	100.2232	40.0780	0.8430	0.8261	5.0000	18.9496	893.0896	94.9537	12.6695	25.7000	0.9300	0.9297	0.7129	-0.0011	893.0000	893.3255	1.0275	-5.6988	100.0769	40.0188	0.8230	0.8241	5.0000	-9999.0000	-9999.0000	-9999.0000	-9999.0000	-9999.0000	-9999.0000	19.7586	5	0	25.2891	1.0000	01	1	-9999.0000	18577	29694	-9999	2608	2658	-9999	623.9417	5	0.7003	0.7129	-0.0011	108.0590	0.8675	831.5444	510.2539	37.9167	777.2400	96.4815	830.8232	94.7917	837.1110	95.0694	845.7694	95.2546	
11/08/2017	03:21:26	011992	H365035960HLR	L365	S		772.4799	1.0292	9.1449	100.2238	40.0804	0.8430	0.8261	5.0000	18.9592	893.1111	94.9074	12.2593	25.6000	0.9300	0.9297	0.7146	-0.0013	893.0000	897.1170	1.0275	-5.6374	100.1542	40.0220	0.8230	0.8238	5.0000	-9999.0000	-9999.0000	-9999.0000	-9999.0000	-9999.0000	-9999.0000	21.5581	6	0	24.8292	1.0000	01	1	-9999.0000	18577	29695	-9999	2609	2659	-9999	624.2607	5	0.7001	0.7146	-0.0013	112.1470	0.4204	834.1369	502.5703	38.5648	778.8575	96.7824	832.9071	95.5556	839.7069	95.3009	848.1776	95.2083	
11/08/2017	03:22:17	011992	H365036002HLR	L365	S		768.8701	1.0292	10.0000	100.2358	40.0601	0.8430	0.8261	5.0000	18.8595	893.0868	94.9306	13.6294	25.6000	0.9300	0.9299	0.7126	-0.0011	893.0000	892.0469	1.0275	-5.7195	100.0662	39.9168	0.8230	0.8236	5.0000	-9999.0000	-9999.0000	-9999.0000	-9999.0000	-9999.0000	-9999.0000	20.8085	8	0	25.5694	1.0000	01	1	-9999.0000	18578	29696	-9999	2611	2660	-9999	623.1244	5	0.7006	0.7126	-0.0011	118.9417	-0.2329	824.9739	507.7328	36.8750	772.6965	95.7870	824.1332	94.7685	831.8646	95.0926	840.0575	95.2546	
11/08/2017	03:22:42	011992	H365035963HLR	L365	S		768.7361	1.0292	10.0000	100.1800	40.0547	0.8430	0.8261	5.0000	18.9095	893.0916	94.9306	13.8989	25.5000	0.9300	0.9298	0.7135	-0.0012	893.0000	893.6094	1.0275	-5.6942	100.1114	39.8186	0.8230	0.8238	5.0000	-9999.0000	-9999.0000	-9999.0000	-9999.0000	-9999.0000	-9999.0000	21.8494	1	0	24.9883	1.0000	01	1	-9999.0000	18579	29697	-9999	2612	2661	-9999	622.5056	5	0.7004	0.7135	-0.0012	115.3187	0.0830	824.5698	511.3863	38.4259	770.0012	96.1574	823.7766	94.7917	831.4333	95.0463	839.4030	95.2315	
11/08/2017	03:23:08	011992	H365035964HLR	L365	S		767.9342	1.0292	10.0000	100.1903	40.0543	0.8430	0.8261	5.0000	18.8889	893.0738	94.9769	12.5991	25.6000	0.9300	0.9299	0.7132	-0.0012	893.0000	893.3592	1.0275	-5.6983	100.1606	40.1449	0.8230	0.8250	5.0000	-9999.0000	-9999.0000	-9999.0000	-9999.0000	-9999.0000	-9999.0000	19.4284	2	0	25.9891	1.0000	01	1	-9999.0000	18579	29698	-9999	2613	2662	-9999	623.9310	5	0.6998	0.7132	-0.0012	115.3996	0.1429	828.8854	503.2599	38.5648	770.6160	96.5046	828.2329	94.8380	835.6637	95.0231	844.6791	95.2083	
11/08/2017	03:23:33	011992	H365040796HLR	L365	S		773.5956	1.0292	8.7601	100.1683	40.0395	0.8430	0.8260	5.0000	18.9564	893.1148	94.9306	10.4498	25.6000	0.9300	0.9299	0.7132	-0.0012	893.0000	894.4352	1.0275	-5.6809	100.0905	40.0649	0.8230	0.8235	5.0000	-9999.0000	-9999.0000	-9999.0000	-9999.0000	-9999.0000	-9999.0000	22.4585	3	0	25.4397	1.0000	01	1	-9999.0000	18580	29699	-9999	2614	2663	-9999	626.1809	5	0.6998	0.7132	-0.0012	115.3996	0.1429	839.3252	514.0172	36.4583	778.8555	95.9259	838.4409	94.7917	846.6823	95.0463	857.4813	95.2778	
11/08/2017	03:23:58	011992	H365040516HLR	L365	S		780.6894	1.0292	6.3140	100.2000	40.0285	0.8430	0.8262	5.0000	18.9569	893.0844	95.0000	10.1803	25.6000	0.9300	0.9299	0.7100	-0.0009	893.0000	893.7896	1.0275	-5.6913	100.0329	39.8902	0.8230	0.8233	5.0000	-9999.0000	-9999.0000	-9999.0000	-9999.0000	-9999.0000	-9999.0000	21.6479	4	0	24.8184	1.0000	01	1	-9999.0000	18580	29700	-9999	2615	2664	-9999	626.2986	5	0.6996	0.7100	-0.0009	101.3001	1.3761	846.2067	500.9951	35.4167	786.4301	96.2731	845.4473	95.2778	853.9710	95.1852	861.2892	95.2083	
11/08/2017	03:24:23	011992	H365040517HLR	L365	S		769.2158	1.0292	10.0000	100.1751	40.0285	0.8430	0.8260	5.0000	19.1498	893.0960	94.9537	11.8990	25.7000	0.9300	0.9300	0.7124	-0.0011	893.0000	892.3113	1.0275	-5.7153	100.1122	39.8904	0.8230	0.8237	5.0000	-9999.0000	-9999.0000	-9999.0000	-9999.0000	-9999.0000	-9999.0000	21.0188	5	0	24.9092	1.0000	01	1	-9999.0000	18581	29701	-9999	2616	2665	-9999	624.8566	5	0.6992	0.7124	-0.0011	96.4626	1.8532	829.3961	499.4394	36.6204	778.6756	96.7824	827.8463	93.9583	838.0819	95.2315	848.1612	95.4398	
11/08/2017	03:24:48	011992	H365040518HLR	L365	S		773.0792	1.0292	8.9382	100.1084	39.9772	0.8430	0.8257	5.0000	20.6898	893.0868	94.9306	14.3891	25.8000	0.9300	0.9302	0.7135	-0.0012	893.0000	893.7520	1.0275	-5.6919	100.0511	40.0597	0.8230	0.8245	5.0000	-9999.0000	-9999.0000	-9999.0000	-9999.0000	-9999.0000	-9999.0000	19.3520	6	0	25.3806	1.0000	01	1	-9999.0000	18581	29702	-9999	2616	2666	-9999	622.1888	5	0.6990	0.7135	-0.0012	99.4631	1.6730	832.9913	491.3727	37.8472	772.3095	97.0602	825.9359	96.3426	835.2163	95.0231	839.8352	94.8843	
11/08/2017	03:25:13	011992	H365036001HLR	L365	S		771.4998	1.0292	9.4828	100.1555	40.0048	0.8430	0.8260	5.0000	18.9788	893.1074	94.9537	13.4897	25.9000	0.9300	0.9301	0.7113	-0.0010	893.0000	890.5233	1.0275	-5.7442	100.1086	40.0208	0.8230	0.8236	5.0000	-9999.0000	-9999.0000	-9999.0000	-9999.0000	-9999.0000	-9999.0000	21.6584	7	0	25.0276	1.0000	01	1	-9999.0000	18582	29703	-9999	2617	2667	-9999	623.1952	5	0.6990	0.7113	-0.0010	107.5391	1.0807	824.7501	493.0909	36.1343	779.8360	95.4167	823.4263	94.7454	832.7693	95.0463	840.9297	95.2546	
11/08/2017	03:25:40	011992	H365040528HLR	L365	S		766.6216	1.0292	10.0000	100.1862	40.0327	0.8430	0.8261	5.0000	18.9459	893.1024	94.9306	10.9097	25.9000	0.9300	0.9300	0.7101	-0.0009	893.0000	891.6483	1.0275	-5.7260	100.1012	39.9339	0.8230	0.8235	5.0000	-9999.0000	-9999.0000	-9999.0000	-9999.0000	-9999.0000	-9999.0000	21.2890	8	0	26.0294	1.0000	01	1	-9999.0000	18582	29704	-9999	2617	2668	-9999	625.2231	5	0.6989	0.7101	-0.0009	95.7761	1.9688	837.1703	508.9553	37.3611	782.6456	95.5093	836.1073	94.6296	844.9556	94.9769	853.2764	95.2315	
11/08/2017	03:26:04	011992	H365040671HLR	L365	S		775.4998	1.0292	8.1035	100.1883	39.9772	0.8430	0.8260	5.0000	18.9183	893.1142	95.0000	9.5494	25.9000	0.9300	0.9299	0.7095	-0.0009	893.0000	890.1606	1.0275	-5.7501	100.1272	39.9084	0.8230	0.8236	5.0000	-9999.0000	-9999.0000	-9999.0000	-9999.0000	-9999.0000	-9999.0000	22.4685	1	0	24.9482	1.0000	01	2	-9999.0000	18583	29705	-9999	2618	2669	-9999	626.4463	5	0.6991	0.7095	-0.0009	95.2929	2.0955	840.2715	505.3823	37.8704	788.6936	95.5556	839.4999	92.7778	849.5468	95.4630	862.1014	95.4630	
11/08/2017	03:26:30	011992	H365040697HLR	L365	S		781.2508	1.0292	6.1204	100.1970	39.9780	0.8430	0.8260	5.0000	18.9488	893.0831	95.0000	9.3893	25.9000	0.9300	0.9299	0.7109	-0.0010	893.0000	893.5038	1.0275	-5.6959	100.1241	40.0172	0.8230	0.8239	5.0000	-9999.0000	-9999.0000	-9999.0000	-9999.0000	-9999.0000	-9999.0000	21.0785	2	0	25.2101	1.0000	01	2	-9999.0000	18584	29706	-9999	2618	2670	-9999	626.7353	5	0.6986	0.7109	-0.0010	104.4967	1.3332	844.2217	525.9511	36.6667	792.7573	96.1111	843.4097	93.1250	851.6158	95.4861	863.8693	95.4861	
11/08/2017	03:26:55	011992	H365040694HLR	L365	S		774.0239	1.0292	8.6125	100.1746	40.0202	0.8430	0.8261	5.0000	18.9288	893.0597	95.0463	9.0290	26.0000	0.9300	0.9300	0.7094	-0.0009	893.0000	889.0783	1.0275	-5.7676	100.1696	40.0275	0.8230	0.8237	5.0000	-9999.0000	-9999.0000	-9999.0000	-9999.0000	-9999.0000	-9999.0000	21.4287	3	0	24.9189	1.0000	01	2	-9999.0000	18585	29707	-9999	2619	2670	-9999	626.6546	5	0.6985	0.7094	-0.0009	109.2170	0.9787	847.5792	513.1898	37.7546	790.1054	95.9954	846.4853	94.8843	855.9870	95.0694	865.1143	95.2083	
11/08/2017	03:27:19	011992	H365040684HLR	L365	S		776.8471	1.0292	7.6389	100.1852	40.0054	0.8430	0.8260	5.0000	19.2185	893.0726	94.9769	9.9596	26.0000	0.9300	0.9300	0.7106	-0.0009	893.0000	889.8044	1.0275	-5.7559	100.1164	40.0341	0.8230	0.8241	5.0000	-9999.0000	-9999.0000	-9999.0000	-9999.0000	-9999.0000	-9999.0000	19.5185	4	0	24.8585	1.0000	01	2	-9999.0000	18586	29708	-9999	2619	2671	-9999	626.2351	5	0.6988	0.7106	-0.0009	120.8476	0.1496	842.2664	489.5263	36.5278	787.1595	96.2037	841.1638	94.8611	850.4509	95.0694	859.4573	95.2546	
11/08/2017	03:27:44	011992	H365040677HLR	L365	S		778.2563	1.0292	7.1530	100.1865	39.9781	0.8430	0.8260	5.0000	19.0091	893.1103	94.9306	13.4692	26.1000	0.9300	0.9301	0.7132	-0.0011	893.0000	887.9335	1.0275	-5.7862	100.1379	40.0339	0.8230	0.8242	5.0000	-9999.0000	-9999.0000	-9999.0000	-9999.0000	-9999.0000	-9999.0000	19.6580	5	0	24.9298	1.0000	01	2	-9999.0000	18587	29709	-9999	2620	2672	-9999	623.4197	5	0.6995	0.7132	-0.0011	105.5243	1.2821	826.6128	525.5628	36.0185	774.0281	96.5278	825.5820	95.7407	834.5764	95.4167	841.2353	95.1157	
11/08/2017	03:28:10	011992	H365040320HLR	L365	S		768.1342	1.0292	10.0000	100.1953	40.0214	0.8430	0.8261	5.0000	18.9096	893.0872	95.0231	9.0094	26.1000	0.9300	0.9300	0.7127	-0.0011	893.0000	888.7081	1.0275	-5.7736	100.0820	40.0701	0.8230	0.8244	5.0000	-9999.0000	-9999.0000	-9999.0000	-9999.0000	-9999.0000	-9999.0000	19.3590	6	0	25.1084	1.0000	01	2	-9999.0000	18588	29710	-9999	2620	2673	-9999	627.5500	5	0.6998	0.7127	-0.0011	100.0476	1.6992	846.0807	497.6218	36.6435	788.8063	96.4120	844.6685	95.6944	854.9176	95.2083	862.7468	95.0231	
11/08/2017	03:28:34	011992	H365040318HLR	L365	S		773.0481	1.0292	8.9489	100.1798	40.0074	0.8430	0.8261	5.0000	18.9592	893.1420	95.0231	9.1100	26.2000	0.9300	0.9300	0.7136	-0.0012	893.0000	889.2849	1.0275	-5.7643	100.1720	40.0170	0.8230	0.8238	5.0000	-9999.0000	-9999.0000	-9999.0000	-9999.0000	-9999.0000	-9999.0000	21.5291	7	0	24.9688	1.0000	01	2	-9999.0000	18589	29711	-9999	2621	2674	-9999	627.9994	5	0.7006	0.7136	-0.0012	100.8719	1.6077	841.1410	514.7219	38.2639	788.2787	96.4583	840.1484	93.6111	850.6181	95.2778	862.7498	95.4167	
11/08/2017	03:28:59	011992	H365040666HLR	L365	S		752.9962	1.0292	10.0000	100.1772	40.0086	0.8430	0.8261	5.0000	18.9373	893.0635	94.9306	10.9693	26.2000	0.9300	0.9301	0.7141	-0.0012	893.0000	889.9363	1.0275	-5.7537	100.0923	40.0635	0.8230	0.8243	5.0000	-9999.0000	-9999.0000	-9999.0000	-9999.0000	-9999.0000	-9999.0000	19.2996	8	0	24.9892	1.0000	01	2	-9999.0000	18590	29712	-9999	2621	2675	-9999	626.2212	5	0.7012	0.7141	-0.0012	101.1451	1.4411	834.8342	516.2966	36.9676	777.2404	97.0139	833.7308	95.2778	843.0730	95.1852	851.8088	95.2083	
11/08/2017	03:29:25	011992	H365040668HLR	L365	S		772.2948	1.0292	9.2087	100.2042	40.0253	0.8430	0.8261	5.0000	19.1320	893.1247	94.9074	10.8892	26.3000	0.9300	0.9300	0.7125	-0.0010	893.0000	890.4562	1.0275	-5.7453	100.0335	40.0541	0.8230	0.8242	5.0000	-9999.0000	-9999.0000	-9999.0000	-9999.0000	-9999.0000	-9999.0000	19.7779	1	0	25.8994	1.0000	01	2	-9999.0000	18591	29713	-9999	2622	2676	-9999	626.7589	5	0.7014	0.7125	-0.0010	99.8521	1.4511	836.5170	517.1137	38.1481	782.9122	96.7824	835.2018	94.9537	844.7839	95.0926	853.2729	95.2546	
11/08/2017	03:29:50	011992	H365040676HLR	L365	S		771.4603	1.0292	9.4964	100.1916	40.0285	0.8430	0.8261	5.0000	18.9994	893.0751	94.9769	10.1090	26.3000	0.9300	0.9300	0.7154	-0.0012	893.0000	889.3128	1.0275	-5.7638	100.1068	40.0108	0.8230	0.8238	5.0000	-9999.0000	-9999.0000	-9999.0000	-9999.0000	-9999.0000	-9999.0000	21.7578	2	0	24.9789	1.0000	01	2	-9999.0000	18592	29714	-9999	2622	2677	-9999	627.9975	5	0.7019	0.7154	-0.0012	110.6430	0.6114	843.6374	510.0448	38.2176	784.2844	96.7593	837.9729	96.0417	848.2426	95.1157	854.8570	95.0000	
11/08/2017	03:30:15	011992	H365040345HLR	L365	S		774.2549	1.0292	8.5328	100.2527	40.0376	0.8430	0.8261	5.0000	18.9786	893.1584	95.0000	9.8092	26.3000	0.9300	0.9299	0.7160	-0.0012	893.0000	888.8862	1.0275	-5.7707	100.1102	40.0251	0.8230	0.8238	5.0000	-9999.0000	-9999.0000	-9999.0000	-9999.0000	-9999.0000	-9999.0000	21.1786	3	0	25.0193	1.0000	01	2	-9999.0000	18593	29715	-9999	2623	2677	-9999	628.6829	5	0.7025	0.7160	-0.0012	111.4271	0.4813	838.7753	505.0181	36.4352	780.4783	95.1620	837.1739	94.9537	847.8895	95.0463	857.4974	95.2315	
11/08/2017	03:30:41	011992	H365040338HLR	L365	S		765.7178	1.0292	10.0000	100.2340	40.0267	0.8430	0.8260	5.0000	19.2600	893.0983	94.9537	10.3698	26.3000	0.9300	0.9299	0.7129	-0.0009	893.0000	890.3947	1.0275	-5.7463	100.0231	40.0621	0.8230	0.8242	5.0000	-9999.0000	-9999.0000	-9999.0000	-9999.0000	-9999.0000	-9999.0000	19.5660	4	0	25.7391	1.0000	01	2	-9999.0000	18594	29716	-9999	2623	2678	-9999	628.3571	5	0.7033	0.7129	-0.0009	115.8915	0.0556	840.3211	511.2632	38.6806	787.4171	95.7639	838.7853	94.9306	848.6882	95.0694	857.2402	95.2083	
11/08/2017	03:31:08	011992	H365040334HLR	L365	S		771.2048	1.0292	9.5846	100.2518	40.0210	0.8430	0.8261	5.0000	18.9605	893.0973	94.9074	10.4596	26.2000	0.9300	0.9298	0.7113	-0.0007	893.0000	891.1159	1.0275	-5.7346	100.1308	40.0160	0.8230	0.8237	5.0000	-9999.0000	-9999.0000	-9999.0000	-9999.0000	-9999.0000	-9999.0000	22.0933	5	0	26.9589	1.0000	01	2	-9999.0000	18595	29717	-9999	2624	2679	-9999	628.5508	5	0.7037	0.7113	-0.0007	122.5312	-0.6445	838.6015	515.5286	37.9861	788.8262	95.8565	837.3765	93.6574	846.5864	94.9537	856.4654	95.4167	
11/08/2017	03:31:34	011992	H365040329HLR	L365	S		773.0758	1.0292	8.9394	99.9993	39.9565	0.8430	0.8254	5.0000	22.4493	893.0988	94.9769	9.6901	26.2000	0.9300	0.9298	0.7114	-0.0007	893.0000	891.9368	1.0275	-5.7213	100.1189	40.0000	0.8230	0.8236	5.0000	-9999.0000	-9999.0000	-9999.0000	-9999.0000	-9999.0000	-9999.0000	23.2709	6	0	25.7783	1.0000	01	2	-9999.0000	18596	29718	-9999	2624	2680	-9999	629.4304	5	0.7042	0.7114	-0.0007	127.5394	-1.2274	841.2832	525.2721	36.9444	793.8376	95.6481	840.0102	93.2407	850.1010	95.3241	861.4711	95.4398	
11/08/2017	03:31:59	011992	H365040325HLR	L365	S		775.5838	1.0292	8.0746	100.1749	40.0287	0.8430	0.8259	5.0000	19.7390	893.0402	94.9074	10.6988	26.2000	0.9300	0.9297	0.7138	-0.0009	893.0000	893.7422	1.0275	-5.6921	100.0936	40.0110	0.8230	0.8236	5.0000	-9999.0000	-9999.0000	-9999.0000	-9999.0000	-9999.0000	-9999.0000	22.1192	7	0	24.9527	1.0000	01	2	-9999.0000	18596	29719	-9999	2625	2681	-9999	629.0998	5	0.7045	0.7138	-0.0009	127.8660	-1.2559	837.1981	516.9921	38.5185	789.2025	96.2500	836.1434	93.4954	846.4157	95.3009	857.0541	95.4167	
11/08/2017	03:32:24	011992	H365040362HLR	L365	S		777.2117	1.0292	7.5132	100.2537	40.0730	0.8430	0.8261	5.0000	18.8586	893.1156	95.0000	9.5905	26.1000	0.9300	0.9297	0.7142	-0.0009	893.0000	893.4515	1.0275	-5.6968	100.0932	40.0359	0.8230	0.8238	5.0000	-9999.0000	-9999.0000	-9999.0000	-9999.0000	-9999.0000	-9999.0000	21.1346	8	0	25.4860	1.0000	01	2	-9999.0000	18597	29720	-9999	2626	2682	-9999	630.2356	5	0.7050	0.7142	-0.0009	130.3120	-1.3625	842.8800	528.5637	38.4491	794.5021	96.4583	841.6842	93.7037	851.6990	95.3704	861.7430	95.4167	
11/08/2017	03:32:50	011992	H365040359HLR	L365	S		771.4667	1.0292	9.4942	100.2157	40.0647	0.8430	0.8261	5.0000	18.9696	893.1288	94.9074	10.3287	26.1000	0.9300	0.9298	0.7156	-0.0010	893.0000	893.5287	1.0275	-5.6955	100.0952	40.0158	0.8230	0.8237	5.0000	-9999.0000	-9999.0000	-9999.0000	-9999.0000	-9999.0000	-9999.0000	21.8482	1	0	25.4091	1.0000	01	2	-9999.0000	18598	29721	-9999	2627	2683	-9999	629.8841	5	0.7050	0.7156	-0.0010	131.4736	-1.3218	838.8174	517.3444	36.6204	783.8985	96.6667	837.2838	95.5787	848.0235	95.3241	856.3403	95.1852	
11/08/2017	03:33:15	011992	H365040365HLR	L365	S		773.7238	1.0292	8.7159	100.2247	40.0453	0.8430	0.8261	5.0000	18.8982	893.0947	94.9769	9.7594	26.1000	0.9300	0.9298	0.7160	-0.0010	893.0000	892.1421	1.0275	-5.7180	100.1073	40.0359	0.8230	0.8239	5.0000	-9999.0000	-9999.0000	-9999.0000	-9999.0000	-9999.0000	-9999.0000	20.7290	2	0	24.8585	1.0000	01	2	-9999.0000	18599	29722	-9999	2628	2684	-9999	630.4387	5	0.7052	0.7160	-0.0010	135.9213	-1.7501	838.2091	516.2471	37.8704	789.5560	96.6898	836.8680	93.8889	847.2411	95.3241	858.7482	95.3935	
11/08/2017	03:33:40	011992	H365040353HLR	L365	S		775.6181	1.0292	8.0627	100.2633	40.0471	0.8430	0.8261	5.0000	18.8833	893.0981	94.9306	10.4400	26.1000	0.9300	0.9298	0.7182	-0.0013	893.0000	893.4521	1.0275	-5.6968	100.1677	40.0493	0.8230	0.8241	5.0000	-9999.0000	-9999.0000	-9999.0000	-9999.0000	-9999.0000	-9999.0000	19.8191	3	0	25.7696	1.0000	01	2	-9999.0000	18600	29723	-9999	2629	2685	-9999	629.5941	5	0.7054	0.7182	-0.0013	113.0398	0.5480	834.3191	505.1431	38.6343	782.5875	96.7130	833.2266	94.1898	842.4407	95.1620	854.0415	95.3472	
11/08/2017	03:34:06	011992	H365040347HLR	L365	S		770.5868	1.0292	9.7976	100.1965	40.0461	0.8430	0.8261	5.0000	18.8297	893.0752	94.9074	11.1099	26.1000	0.9300	0.9298	0.7190	-0.0014	893.0000	892.2573	1.0275	-5.7161	100.1196	40.0026	0.8230	0.8237	5.0000	-9999.0000	-9999.0000	-9999.0000	-9999.0000	-9999.0000	-9999.0000	22.0785	4	0	25.5088	1.0000	01	2	-9999.0000	18601	29724	-9999	2630	2686	-9999	628.7631	5	0.7053	0.7190	-0.0014	100.6842	1.6999	830.6435	498.7821	38.2176	776.5086	97.1065	829.2480	94.7222	839.0706	95.0463	849.2422	95.2778	
11/08/2017	03:34:31	011992	H365036032HLR	L365	S		766.1973	1.0292	10.0000	100.2027	40.0407	0.8430	0.8263	5.0000	18.8695	893.0811	94.9537	13.5894	26.1000	0.9300	0.9299	0.7239	-0.0018	893.0000	890.0842	1.0275	-5.7513	100.1293	40.0068	0.8230	0.8237	5.0000	-9999.0000	-9999.0000	-9999.0000	-9999.0000	-9999.0000	-9999.0000	21.6395	5	0	24.8593	1.0000	01	2	-9999.0000	18601	29725	-9999	2631	2687	-9999	624.5682	5	0.7052	0.7239	-0.0018	94.6363	2.3697	815.2486	507.4651	38.0093	763.9149	97.1065	813.9865	94.6065	823.6783	95.1389	832.1013	95.3241	
11/08/2017	03:34:57	011992	H365036035HLR	L365	S		762.7456	1.0292	10.0000	100.0305	39.9505	0.8430	0.8255	5.0000	22.0596	893.0985	94.9537	13.6294	26.0000	0.9300	0.9298	0.7246	-0.0019	893.0000	890.6961	1.0275	-5.7414	100.0734	40.0236	0.8230	0.8239	5.0000	-9999.0000	-9999.0000	-9999.0000	-9999.0000	-9999.0000	-9999.0000	20.6170	6	0	26.0489	1.0000	01	2	-9999.0000	18602	29726	-9999	2632	2688	-9999	624.3423	5	0.7055	0.7246	-0.0019	97.7679	2.0593	811.4464	533.4025	38.7731	764.2420	96.9676	809.9218	94.7917	821.9187	95.0463	831.7291	95.2315	
11/08/2017	03:35:24	011992	H365036043HLR	L365	S		764.9246	1.0292	10.0000	100.2139	40.0106	0.8430	0.8261	5.0000	18.8089	893.0731	94.9074	13.9194	26.0000	0.9300	0.9298	0.7232	-0.0017	893.0000	889.1049	1.0275	-5.7672	100.1334	39.9851	0.8230	0.8237	5.0000	-9999.0000	-9999.0000	-9999.0000	-9999.0000	-9999.0000	-9999.0000	21.4562	7	0	26.9589	1.0000	01	2	-9999.0000	18603	29727	-9999	2633	2689	-9999	624.2710	5	0.7056	0.7232	-0.0017	88.0615	3.0304	810.8559	499.7385	36.3426	761.2352	97.3611	809.6233	94.7454	820.7681	95.0463	829.5885	95.2315	
11/08/2017	03:35:49	011992	H365036047HLR	L365	S		772.0001	1.0292	9.3103	100.1998	40.0461	0.8430	0.8261	5.0000	19.0393	893.0573	94.9306	11.6695	26.0000	0.9300	0.9298	0.7187	-0.0013	893.0000	892.7321	1.0275	-5.7084	100.1209	40.0246	0.8230	0.8239	5.0000	-9999.0000	-9999.0000	-9999.0000	-9999.0000	-9999.0000	-9999.0000	20.9394	8	0	25.6788	1.0000	01	2	-9999.0000	18604	29728	-9999	2634	2690	-9999	628.3319	5	0.7054	0.7187	-0.0013	89.0375	2.9431	828.0927	501.6748	36.2731	774.3086	97.1759	826.6924	94.7685	836.2358	95.0694	845.9142	95.2315	
11/08/2017	03:36:16	011992	H365036052HLR	L365	S		773.6446	1.0292	8.7432	100.2014	40.0078	0.8430	0.8258	5.0000	19.7793	893.1002	94.9537	11.7993	26.0000	0.9300	0.9298	0.7160	-0.0011	893.0000	894.3003	1.0275	-5.6830	100.1293	40.0094	0.8230	0.8237	5.0000	-9999.0000	-9999.0000	-9999.0000	-9999.0000	-9999.0000	-9999.0000	21.6587	1	0	26.2090	1.0000	01	2	-9999.0000	18604	29729	-9999	2635	2691	-9999	628.4266	5	0.7049	0.7160	-0.0011	104.2788	1.4793	832.1161	515.9967	37.6852	780.7048	97.0833	830.8620	94.9074	839.9030	95.0694	848.6799	95.1389	
11/08/2017	03:36:41	011992	H365036027HLR	L365	S		760.6489	1.0292	10.0000	100.1853	39.9914	0.8430	0.8261	5.0000	18.8900	893.0975	94.8843	15.2094	26.0000	0.9300	0.9298	0.7168	-0.0011	893.0000	891.6482	1.0275	-5.7260	100.1527	39.9559	0.8230	0.8236	5.0000	-9999.0000	-9999.0000	-9999.0000	-9999.0000	-9999.0000	-9999.0000	22.5282	2	0	25.4303	1.0000	01	2	-9999.0000	18605	29730	-9999	2636	2692	-9999	624.8662	5	0.7044	0.7168	-0.0011	98.1128	2.0476	814.1405	514.3372	36.7130	765.6987	97.2917	812.8094	94.8148	822.5130	95.0463	830.4285	95.2315	
11/08/2017	03:37:06	011992	H365036011HLR	L365	S		768.4722	1.0292	10.0000	100.1882	40.0152	0.8430	0.8263	5.0000	19.0086	893.0710	94.9074	16.0092	26.0000	0.9300	0.9299	0.7154	-0.0010	893.0000	893.2261	1.0275	-5.7004	100.0764	39.9948	0.8230	0.8237	5.0000	-9999.0000	-9999.0000	-9999.0000	-9999.0000	-9999.0000	-9999.0000	21.5889	3	0	25.4783	1.0000	01	2	-9999.0000	18606	29731	-9999	2637	2693	-9999	624.5449	5	0.7041	0.7154	-0.0010	100.7669	1.7790	816.0164	514.2837	38.7269	766.1630	97.1991	814.1615	95.8102	824.6783	95.2778	830.8265	95.1157	
11/08/2017	03:37:33	011992	H365036021HLR	L365	S		771.1984	1.0292	9.5868	100.2086	40.0295	0.8430	0.8261	5.0000	18.8769	893.1200	94.8843	14.7094	26.1000	0.9300	0.9299	0.7154	-0.0010	893.0000	893.3297	1.0275	-5.6988	100.0146	40.0297	0.8230	0.8240	5.0000	-9999.0000	-9999.0000	-9999.0000	-9999.0000	-9999.0000	-9999.0000	20.1396	4	0	26.9792	1.0000	01	2	-9999.0000	18607	29732	-9999	2638	2694	-9999	625.8167	5	0.7039	0.7154	-0.0010	100.6546	1.7425	818.5025	494.5752	37.3611	767.1658	97.3843	817.8772	95.1620	826.6232	95.1852	835.0067	95.1389	
11/08/2017	03:38:01	011992	H365036037HLR	L365	S		768.4560	1.0292	10.0000	100.1627	39.9890	0.8430	0.8261	5.0000	18.9418	893.0794	94.8611	14.7202	26.1000	0.9300	0.9299	0.7159	-0.0010	893.0000	892.7304	1.0275	-5.7085	100.1898	40.0036	0.8230	0.8238	5.0000	-9999.0000	-9999.0000	-9999.0000	-9999.0000	-9999.0000	-9999.0000	21.1189	5	0	27.3417	1.0000	01	2	-9999.0000	18608	29733	-9999	2639	2695	-9999	625.6141	5	0.7038	0.7159	-0.0010	101.3050	1.7023	817.3078	503.0599	37.5463	768.8292	97.1065	815.7897	95.0926	826.2478	95.0926	834.3322	95.1389	
11/08/2017	03:38:28	011992	H365036025HLR	L365	S		765.7777	1.0292	10.0000	100.1567	39.9693	0.8430	0.8262	5.0000	19.3285	893.0871	95.0000	13.8198	26.1000	0.9300	0.9299	0.7154	-0.0010	893.0000	892.7267	1.0275	-5.7085	100.0524	39.9846	0.8230	0.8237	5.0000	-9999.0000	-9999.0000	-9999.0000	-9999.0000	-9999.0000	-9999.0000	21.9186	6	0	27.3762	1.0000	01	2	-9999.0000	18609	29734	-9999	2640	2696	-9999	626.7121	5	0.7033	0.7154	-0.0010	98.4621	2.0037	821.6861	511.8670	37.7083	770.6897	97.0370	820.1364	95.2083	830.9375	95.1620	839.1752	95.1157	
11/08/2017	03:38:56	011992	H365035990HLR	L365	S		766.2668	1.0292	10.0000	100.1995	40.0170	0.8430	0.8262	5.0000	18.9190	893.0648	94.8843	14.4995	26.1000	0.9300	0.9299	0.7159	-0.0010	893.0000	890.4189	1.0275	-5.7459	100.2037	40.0224	0.8230	0.8239	5.0000	-9999.0000	-9999.0000	-9999.0000	-9999.0000	-9999.0000	-9999.0000	21.2027	7	0	27.8187	1.0000	01	2	-9999.0000	18610	29735	-9999	2641	2697	-9999	626.0174	5	0.7028	0.7159	-0.0010	98.4243	1.9654	817.4101	515.4975	38.3796	762.5038	97.3611	816.3496	94.7454	825.4165	95.0926	834.0242	95.3009	
11/08/2017	03:39:21	011992	H365035968HLR	L365	S		773.2999	1.0292	8.8621	100.1540	39.9834	0.8430	0.8261	5.0000	19.0091	893.1022	94.8611	16.0189	26.2000	0.9300	0.9299	0.7147	-0.0010	893.0000	888.8650	1.0275	-5.7711	100.1157	39.9798	0.8230	0.8237	5.0000	-9999.0000	-9999.0000	-9999.0000	-9999.0000	-9999.0000	-9999.0000	22.6390	8	0	24.8992	1.0000	01	2	-9999.0000	18610	29736	-9999	2642	2698	-9999	624.7539	5	0.7021	0.7147	-0.0010	104.7638	1.4006	814.4727	526.0483	40.3472	767.8027	96.7130	812.8549	95.7639	822.8810	95.2778	829.4857	95.1157	
11/08/2017	03:39:49	011992	H365035955HLR	L365	S		739.4399	1.0292	10.0000	100.2027	39.9653	0.8430	0.8262	5.0000	18.8791	893.1012	94.9306	16.4594	26.3000	0.9300	0.9299	0.7149	-0.0010	893.0000	890.5904	1.0275	-5.7431	100.0364	40.0410	0.8230	0.8241	5.0000	-9999.0000	-9999.0000	-9999.0000	-9999.0000	-9999.0000	-9999.0000	19.6416	1	0	28.2389	1.0000	01	2	-9999.0000	18611	29737	-9999	2643	2699	-9999	624.3389	5	0.7017	0.7149	-0.0010	111.5516	0.8637	812.2676	534.3232	38.9352	766.2946	96.9444	810.6719	95.7407	821.5625	95.2546	828.1741	95.0926	
