Data	Timp	Nr. masina	Nr. de serie	Tip	Productie	Comentariu	Pre-masurare Q [ml/min]	Pre-masurare Gain	Pre-masurare Offset Master	Pre-masurare P [bar]	Pre-masurare T [°C]	Pre-masurare Densitate fixa [kg/l]	Pre-masurare densitate masurata [kg/l]	Pre-masurare Timp masurare [s]	Pre-masurare Cycle time [s]	rectificare Q Oprire [ml/min]	rectificare P Oprire [bar]	rectificare Timp rectificare [s]	rectificare T [°C]	rectificare Densitate fixa [kg/l]	rectificare densitate masurata [kg/l]	rectificare Factor de masurare la rectificare	rectificare Factor de corectie a debitului	rectificare Target rectificare	Masurare Q [ml/min]	Masurare Gain	Masurare Offset Master	Masurare P [bar]	Masurare T [°C]	Masurare Densitate fixa [kg/l]	Masurare densitate masurata [kg/l]	Masurare Timp masurare [s]	Masurare Q [ml/min]	Masurare Delta Q [ml/min]	Masurare P [bar]	Masurare BP [bar]	Masurare T [°C]	Masurare Timp masurare [s]	Masurare Cycle time [s]	Nest Nr.	Cod de descarcare	Cycle time [s]	Traceability aktiv	EDM Maschine Nr	EDM Spindle Nr	Honing Rate [r	Station Counter Premeasure	Station Counter Grind	Station Counter Blowout 1	Station Counter Wash	Station Counter Measure	Station Counter Blowout 2	RealGrindQStop	Reg Type	Factor 0	Factor 1	Factor 2	Factor 3	Factor 4	G_StartQV	G_StartQV_1	G_StartQV_2	G_StartQV_3	G_StartQV_4	G_StartQV_5	
29/08/2017	00:00:19	011992	G523130830HLR	L523	S		438.8005	1.0292	6.2235	100.0252	40.0545	0.8430	0.8284	5.0000	18.7202	508.1346	94.8843	13.5698	24.6000	0.9300	0.9453	0.5773	-0.0012	508.0000	511.5652	1.0275	8.4743	99.9299	39.8156	0.8230	0.8264	5.0000	-9999.0000	-9999.0000	-9999.0000	-9999.0000	-9999.0000	-9999.0000	18.9866	6	0	24.8799	1.0000	06	3	-9999.0000	16927	7400	-9999	2269	2355	-9999	285.3972	5	0.5607	0.5773	-0.0012	54.3052	1.3333	467.1147	459.2505	38.5185	461.2189	95.3704	460.2280	94.6528	466.1845	95.1389	471.3749	95.0463	
29/08/2017	00:00:43	011992	G523130833HLR	L523	S		440.7617	1.0292	5.9927	100.0341	39.8184	0.8430	0.8281	5.0000	19.0188	508.0369	95.0000	10.8687	24.6000	0.9300	0.9454	0.5782	-0.0012	508.0000	508.2352	1.0275	8.8038	99.9855	39.7876	0.8230	0.8269	5.0000	-9999.0000	-9999.0000	-9999.0000	-9999.0000	-9999.0000	-9999.0000	19.0104	7	0	24.8978	1.0000	06	3	-9999.0000	16928	7401	-9999	2270	2356	-9999	287.0674	5	0.5610	0.5782	-0.0012	56.2031	1.2098	477.3811	435.1367	37.7083	469.2119	94.5833	470.4592	95.6944	478.0529	95.1620	481.6874	94.8611	
29/08/2017	00:01:08	011992	G523131218HLR	L523	S		434.6130	1.0292	6.7161	100.0276	39.8024	0.8430	0.8285	5.0000	19.5990	508.0453	94.9306	12.5298	24.6000	0.9300	0.9454	0.5729	-0.0009	508.0000	507.1036	1.0275	8.9158	100.1978	40.0000	0.8230	0.8278	5.0000	-9999.0000	-9999.0000	-9999.0000	-9999.0000	-9999.0000	-9999.0000	19.2395	8	0	24.7893	1.0000	06	3	-9999.0000	16929	7402	-9999	2271	2357	-9999	285.5633	5	0.5607	0.5729	-0.0009	58.7253	1.0486	473.8990	445.7131	35.5093	466.1666	94.7917	466.8728	95.6019	472.6725	95.2778	477.0618	95.0000	
29/08/2017	00:01:33	011992	G523131216HLR	L523	S		440.3867	1.0292	6.0369	100.0087	40.0968	0.8430	0.8289	5.0000	18.5394	508.0882	94.9537	11.7300	24.6000	0.9300	0.9454	0.5733	-0.0009	508.0000	508.0148	1.0275	8.8256	99.9018	40.0840	0.8230	0.8272	5.0000	-9999.0000	-9999.0000	-9999.0000	-9999.0000	-9999.0000	-9999.0000	18.9383	1	0	24.9186	1.0000	06	3	-9999.0000	16930	7403	-9999	2272	2358	-9999	285.9757	5	0.5604	0.5733	-0.0009	58.8903	1.0478	471.9034	458.1050	35.9028	462.5276	94.9074	470.4056	96.0185	476.5442	95.0926	480.5920	94.8843	
29/08/2017	00:01:58	011992	G523131221HLR	L523	S		437.2391	1.0292	6.4072	99.9943	40.0832	0.8430	0.8285	5.0000	18.4193	508.1420	94.9306	11.7603	24.6000	0.9300	0.9454	0.5704	-0.0007	508.0000	506.4709	1.0275	8.9784	100.1309	39.7910	0.8230	0.8262	5.0000	-9999.0000	-9999.0000	-9999.0000	-9999.0000	-9999.0000	-9999.0000	19.7892	2	0	24.7794	1.0000	06	3	-9999.0000	16931	7404	-9999	2273	2359	-9999	285.6157	5	0.5601	0.5704	-0.0007	58.9547	1.0371	474.1368	446.3135	36.9444	463.6881	94.8843	470.0085	95.7176	476.8895	95.2778	480.9035	94.8380	
29/08/2017	00:02:23	011992	G523131213HLR	L523	S		438.5248	1.0292	6.2559	100.0266	39.8485	0.8430	0.8281	5.0000	18.4410	508.0682	95.0231	12.4595	24.6000	0.9300	0.9455	0.5746	-0.0010	508.0000	509.2431	1.0275	8.7041	99.9378	39.7788	0.8230	0.8269	5.0000	-9999.0000	-9999.0000	-9999.0000	-9999.0000	-9999.0000	-9999.0000	18.9883	3	0	24.9189	1.0000	06	3	-9999.0000	16932	7405	-9999	2274	2360	-9999	285.5961	5	0.5604	0.5746	-0.0010	48.6606	1.7966	467.7545	445.9999	35.9722	457.2183	95.0231	464.6126	95.6019	472.1069	95.2315	476.1485	94.8611	
29/08/2017	00:02:48	011992	G523130829HLR	L523	S		438.0146	1.0292	6.3159	100.0079	39.8000	0.8430	0.8284	5.0000	19.6095	508.0624	94.9769	12.7895	24.6000	0.9300	0.9455	0.5767	-0.0011	508.0000	509.7809	1.0275	8.6508	100.0475	40.0000	0.8230	0.8278	5.0000	-9999.0000	-9999.0000	-9999.0000	-9999.0000	-9999.0000	-9999.0000	19.0495	4	0	24.8694	1.0000	06	3	-9999.0000	16933	7406	-9999	2275	2361	-9999	285.9199	5	0.5610	0.5767	-0.0011	45.8400	2.0310	469.0104	438.7065	35.2546	459.2301	95.2315	464.8446	95.6019	471.5608	95.3241	475.0684	94.9074	
29/08/2017	00:03:13	011992	G523130847HLR	L523	S		438.6892	1.0292	6.2366	100.0358	40.0335	0.8430	0.8289	5.0000	18.3884	508.0549	94.9769	11.1099	24.6000	0.9300	0.9454	0.5749	-0.0010	508.0000	507.3086	1.0275	8.8955	100.1293	40.0827	0.8230	0.8272	5.0000	-9999.0000	-9999.0000	-9999.0000	-9999.0000	-9999.0000	-9999.0000	19.0790	5	0	24.8788	1.0000	06	3	-9999.0000	16934	7407	-9999	2276	2362	-9999	286.3152	5	0.5610	0.5749	-0.0010	43.6959	2.1653	472.9732	449.6310	36.2963	461.0168	95.3009	472.7655	95.5787	479.0361	95.2083	483.0600	94.8843	
29/08/2017	00:03:37	011992	G523130835HLR	L523	S		440.4111	1.0292	6.0340	100.0192	40.0974	0.8430	0.8285	5.0000	18.5598	508.1012	94.9306	10.8492	24.6000	0.9300	0.9454	0.5767	-0.0012	508.0000	509.3569	1.0275	8.6928	99.9823	39.8058	0.8230	0.8264	5.0000	-9999.0000	-9999.0000	-9999.0000	-9999.0000	-9999.0000	-9999.0000	18.9039	6	0	24.8794	1.0000	06	3	-9999.0000	16935	7408	-9999	2277	2363	-9999	286.7477	5	0.5613	0.5767	-0.0012	41.9997	2.3152	480.1247	459.6068	39.0046	470.7884	95.0463	471.3521	95.3472	478.0248	95.3241	483.0162	95.0694	
29/08/2017	00:04:02	011992	G523130837HLR	L523	S		439.1044	1.0292	6.1877	100.0077	39.8629	0.8430	0.8281	5.0000	18.4993	508.0771	94.8843	10.9703	24.6000	0.9300	0.9455	0.5939	-0.0026	508.0000	507.9154	1.0275	8.8355	100.0942	39.7618	0.8230	0.8268	5.0000	-9999.0000	-9999.0000	-9999.0000	-9999.0000	-9999.0000	-9999.0000	19.7365	7	0	24.9185	1.0000	06	3	-9999.0000	16936	7409	-9999	2277	2364	-9999	287.1232	5	0.5613	0.5939	-0.0026	41.4128	2.3726	461.5676	454.7951	36.2500	449.5243	95.2546	461.4644	95.2778	469.6448	95.3935	474.8061	94.9306	
29/08/2017	00:04:27	011992	G523130836HLR	L523	S		437.6428	1.0292	6.3597	100.1034	39.8112	0.8430	0.8285	5.0000	18.6399	508.0637	94.9769	11.7798	24.6000	0.9300	0.9454	0.5920	-0.0024	508.0000	507.8080	1.0275	8.8461	100.0906	40.0000	0.8230	0.8275	5.0000	-9999.0000	-9999.0000	-9999.0000	-9999.0000	-9999.0000	-9999.0000	20.1592	8	0	24.9994	1.0000	06	3	-9999.0000	16937	7410	-9999	2278	2365	-9999	286.1773	5	0.5614	0.5920	-0.0024	41.7448	2.3517	461.3005	438.8714	36.9676	451.8532	95.1389	458.2200	95.3935	465.5734	95.1852	470.9456	94.9537	
29/08/2017	00:04:52	011992	G523130840HLR	L523	S		440.0981	1.0292	6.0708	100.0248	40.0000	0.8430	0.8287	5.0000	19.3957	508.0725	94.8843	10.8492	24.6000	0.9300	0.9454	0.5930	-0.0026	508.0000	508.0601	1.0275	8.8211	99.9798	40.0912	0.8230	0.8272	5.0000	-9999.0000	-9999.0000	-9999.0000	-9999.0000	-9999.0000	-9999.0000	19.2286	1	0	24.8498	1.0000	06	3	-9999.0000	16938	7411	-9999	2278	2366	-9999	287.1902	5	0.5617	0.5930	-0.0026	41.8881	2.3464	464.4613	449.9797	37.1759	454.7653	95.0926	461.9302	95.5556	470.3267	95.2315	476.0912	95.0463	
29/08/2017	00:05:17	011992	G523130841HLR	L523	S		437.9866	1.0292	6.3192	100.0821	40.0904	0.8430	0.8285	5.0000	18.8923	508.1126	94.9537	12.5396	24.6000	0.9300	0.9456	0.5767	-0.0012	508.0000	509.7550	1.0275	8.6534	100.0112	39.8387	0.8230	0.8263	5.0000	-9999.0000	-9999.0000	-9999.0000	-9999.0000	-9999.0000	-9999.0000	19.3190	2	0	24.9382	1.0000	06	3	-9999.0000	16939	7412	-9999	2279	2367	-9999	285.6222	5	0.5621	0.5767	-0.0012	43.3400	2.2321	467.8367	441.2936	36.4120	456.5930	94.8611	464.6512	95.9722	471.8155	95.2083	475.4798	94.9074	
29/08/2017	00:05:42	011992	G523130843HLR	L523	S		437.0620	1.0292	6.4280	100.0623	39.8429	0.8430	0.8279	5.0000	20.4699	508.0551	95.0926	11.6597	24.6000	0.9300	0.9455	0.5893	-0.0022	508.0000	508.6923	1.0275	8.7586	100.0983	39.7620	0.8230	0.8268	5.0000	-9999.0000	-9999.0000	-9999.0000	-9999.0000	-9999.0000	-9999.0000	19.1683	3	0	25.1795	1.0000	06	3	-9999.0000	16940	7413	-9999	2280	2368	-9999	286.1857	5	0.5628	0.5893	-0.0022	48.8090	1.7790	463.2706	435.8972	35.3472	454.1108	95.3241	458.4596	95.4167	467.5480	95.2083	472.1551	94.9306	
29/08/2017	00:06:07	011992	G523130845HLR	L523	S		439.9510	1.0292	6.0881	99.9966	39.8000	0.8430	0.8284	5.0000	18.4190	508.0780	94.9306	12.7300	24.6000	0.9300	0.9454	0.5834	-0.0017	508.0000	510.5584	1.0275	8.5739	100.0078	40.0000	0.8230	0.8277	5.0000	-9999.0000	-9999.0000	-9999.0000	-9999.0000	-9999.0000	-9999.0000	19.1383	4	0	24.8585	1.0000	06	3	-9999.0000	16941	7414	-9999	2281	2369	-9999	285.3487	5	0.5633	0.5834	-0.0017	47.7247	1.8775	460.7703	454.7686	37.0833	449.1583	95.6019	458.0166	94.7685	465.5487	95.2315	470.5441	95.1157	
29/08/2017	00:06:32	011992	G523130842HLR	L523	S		440.3610	1.0292	6.0399	100.0586	40.0020	0.8430	0.8288	5.0000	19.2592	508.0544	95.0000	11.4293	24.6000	0.9300	0.9453	0.5879	-0.0021	508.0000	510.4082	1.0275	8.5888	100.0248	40.0870	0.8230	0.8272	5.0000	-9999.0000	-9999.0000	-9999.0000	-9999.0000	-9999.0000	-9999.0000	19.4093	5	0	24.8194	1.0000	06	3	-9999.0000	16941	7415	-9999	2282	2370	-9999	286.5646	5	0.5633	0.5879	-0.0021	49.1704	1.7657	465.9314	449.9387	37.7315	453.9817	95.1852	462.0583	95.4167	470.9556	95.2315	474.7716	94.9769	
29/08/2017	00:06:57	011992	G523130864HLR	L523	S		436.7599	1.0292	6.4635	100.0626	40.0926	0.8430	0.8285	5.0000	18.5590	508.1203	94.9537	12.6099	24.6000	0.9300	0.9455	0.5923	-0.0025	508.0000	508.6996	1.0275	8.7579	99.9669	39.8449	0.8230	0.8264	5.0000	-9999.0000	-9999.0000	-9999.0000	-9999.0000	-9999.0000	-9999.0000	19.1091	6	0	24.7894	1.0000	06	3	-9999.0000	16942	7416	-9999	2283	2371	-9999	285.0990	5	0.5631	0.5923	-0.0025	49.8082	1.7072	450.3375	450.4722	38.0093	429.4096	95.7639	454.9396	95.0926	462.5908	95.2546	467.0898	94.8380	
29/08/2017	00:07:22	011992	G523130855HLR	L523	S		439.1225	1.0292	6.1856	100.0121	39.8926	0.8430	0.8281	5.0000	18.7092	508.0531	94.9769	11.5699	24.6000	0.9300	0.9455	0.5908	-0.0024	508.0000	507.6770	1.0275	8.8590	100.1171	39.7756	0.8230	0.8268	5.0000	-9999.0000	-9999.0000	-9999.0000	-9999.0000	-9999.0000	-9999.0000	19.1686	7	0	24.8082	1.0000	06	3	-9999.0000	16942	7417	-9999	2284	2372	-9999	286.2548	5	0.5630	0.5908	-0.0024	49.9352	1.7070	467.7576	452.3134	37.7083	460.2421	95.7407	462.3075	94.9074	467.8861	95.0463	472.9940	95.0231	
29/08/2017	00:07:46	011992	G523130854HLR	L523	S		440.3054	1.0292	6.0464	99.9988	39.8135	0.8430	0.8284	5.0000	18.7190	508.1655	94.9306	11.6089	24.6000	0.9300	0.9455	0.5963	-0.0029	508.0000	509.4054	1.0275	8.6880	99.9836	40.0000	0.8230	0.8277	5.0000	-9999.0000	-9999.0000	-9999.0000	-9999.0000	-9999.0000	-9999.0000	19.0280	8	0	24.7998	1.0000	06	3	-9999.0000	16943	7418	-9999	2285	2373	-9999	286.2915	5	0.5626	0.5963	-0.0029	51.8094	1.5475	459.6753	456.3936	38.5417	449.8796	95.3472	455.8802	95.0000	464.2337	95.1852	470.2623	94.8148	
29/08/2017	00:08:11	011992	G523130856HLR	L523	S		438.0504	1.0292	6.3117	100.0813	40.0000	0.8430	0.8288	5.0000	18.7590	508.1271	94.9306	12.3101	24.6000	0.9300	0.9454	0.5911	-0.0024	508.0000	507.5830	1.0275	8.8683	100.0165	40.0848	0.8230	0.8273	5.0000	-9999.0000	-9999.0000	-9999.0000	-9999.0000	-9999.0000	-9999.0000	18.9686	1	0	24.9385	1.0000	06	3	-9999.0000	16943	7419	-9999	2286	2373	-9999	285.1779	5	0.5626	0.5911	-0.0024	51.2043	1.6090	461.2667	420.5824	36.7824	451.5544	95.1620	454.9109	95.3241	464.0455	95.4861	469.6172	95.0694	
29/08/2017	00:08:36	011992	G523130849HLR	L523	S		439.5626	1.0292	6.1338	100.0740	40.0912	0.8430	0.8286	5.0000	18.7338	508.1164	94.9769	11.1002	24.6000	0.9300	0.9454	0.5963	-0.0029	508.0000	509.0884	1.0275	8.7194	100.0026	39.8575	0.8230	0.8265	5.0000	-9999.0000	-9999.0000	-9999.0000	-9999.0000	-9999.0000	-9999.0000	18.9095	2	0	24.8789	1.0000	06	3	-9999.0000	16944	7420	-9999	2287	2374	-9999	286.8295	5	0.5626	0.5963	-0.0029	48.5735	1.8425	464.3520	425.9185	36.6435	456.0821	94.9306	461.0676	95.6481	467.7602	95.2546	472.8655	94.8843	
29/08/2017	00:09:26	011992	G523130860HLR	L523	S		438.6613	1.0292	6.2398	100.0649	39.8156	0.8430	0.8284	5.0000	18.6097	508.1111	94.9769	10.9098	24.7000	0.9300	0.9453	0.5980	-0.0030	508.0000	506.9442	1.0275	8.9316	100.0373	39.9665	0.8230	0.8273	5.0000	-9999.0000	-9999.0000	-9999.0000	-9999.0000	-9999.0000	-9999.0000	19.4469	4	0	24.8083	1.0000	06	3	-9999.0000	16945	7421	-9999	2289	2375	-9999	287.1791	5	0.5624	0.5980	-0.0030	49.0726	1.7797	461.6141	413.8669	36.8519	449.6964	94.6296	459.1160	96.0648	468.5758	95.2546	473.0575	94.7685	
29/08/2017	00:09:51	011992	G523130859HLR	L523	S		446.3749	1.0292	5.3324	100.0191	40.0000	0.8430	0.8288	5.0000	18.3792	508.1525	95.0231	9.5895	24.7000	0.9300	0.9455	0.5944	-0.0027	508.0000	510.9512	1.0275	8.5350	99.9846	39.7876	0.8230	0.8265	5.0000	-9999.0000	-9999.0000	-9999.0000	-9999.0000	-9999.0000	-9999.0000	19.6186	5	0	24.8793	1.0000	06	3	-9999.0000	16946	7422	-9999	2290	2376	-9999	288.9156	5	0.5621	0.5944	-0.0027	50.7735	1.6230	469.3465	430.0710	36.5509	457.7438	94.9769	468.1297	95.7639	476.4237	95.2778	482.9479	95.0463	
29/08/2017	00:10:16	011992	G523130862HLR	L523	S		439.3651	1.0292	6.1570	99.9959	40.1000	0.8430	0.8287	5.0000	18.4186	508.0547	94.9537	10.9801	24.7000	0.9300	0.9456	0.5918	-0.0025	508.0000	506.8462	1.0275	8.9413	100.0718	39.8000	0.8230	0.8275	5.0000	-9999.0000	-9999.0000	-9999.0000	-9999.0000	-9999.0000	-9999.0000	18.9684	6	0	24.9093	1.0000	06	3	-9999.0000	16947	7423	-9999	2291	2377	-9999	286.6890	5	0.5621	0.5918	-0.0025	52.4957	1.4816	464.4593	433.8145	36.4815	452.3374	95.0463	462.0792	95.9491	471.3957	95.3009	475.3364	94.9074	
29/08/2017	00:10:41	011992	G523130858HLR	L523	S		440.3221	1.0292	6.0445	100.0402	39.9401	0.8430	0.8282	5.0000	18.6800	508.0625	94.9074	11.5796	24.7000	0.9300	0.9455	0.5918	-0.0025	508.0000	509.0450	1.0275	8.7237	99.9914	40.0874	0.8230	0.8275	5.0000	-9999.0000	-9999.0000	-9999.0000	-9999.0000	-9999.0000	-9999.0000	19.7488	7	0	24.8895	1.0000	06	3	-9999.0000	16948	7424	-9999	2292	2378	-9999	285.9257	5	0.5621	0.5918	-0.0025	52.4957	1.4816	464.9341	425.5364	35.5093	456.0569	95.4398	459.3210	95.3241	466.5426	95.2546	471.7293	94.9306	
29/08/2017	00:11:15	011992	G523130790HLR	L523	S		442.4696	1.0292	5.7918	100.0185	39.8228	0.8430	0.8283	5.0000	18.5566	508.1103	94.9074	10.7389	24.6000	0.9300	0.9453	0.5950	-0.0028	508.0000	511.2030	1.0275	8.5101	100.0716	39.9958	0.8230	0.8269	5.0000	-9999.0000	-9999.0000	-9999.0000	-9999.0000	-9999.0000	-9999.0000	19.0279	8	0	34.1384	1.0000	06	3	-9999.0000	16949	7425	-9999	2293	2379	-9999	287.2491	5	0.5622	0.5950	-0.0028	53.4198	1.4059	465.3725	418.1068	37.0370	455.0336	95.1852	462.8922	95.5556	473.1483	95.4398	476.6891	95.0463	
29/08/2017	00:11:40	011992	G523130791HLR	L523	S		448.1092	1.0292	5.1283	100.0298	40.0000	0.8430	0.8288	5.0000	18.3496	508.0939	95.0000	9.9898	24.7000	0.9300	0.9455	0.5861	-0.0020	508.0000	513.4079	1.0275	8.2919	99.9994	39.7800	0.8230	0.8264	5.0000	-9999.0000	-9999.0000	-9999.0000	-9999.0000	-9999.0000	-9999.0000	19.1480	1	2	25.0292	1.0000	06	3	-9999.0000	16950	7426	-9999	2294	2380	-9999	287.5951	5	0.5626	0.5861	-0.0020	47.6518	1.8801	476.8713	446.0255	35.5324	465.3166	95.1620	474.3627	96.2269	482.4335	95.3472	487.8481	94.8380	
29/08/2017	00:12:05	011992	G523130821HLR	L523	S		439.9101	1.0292	6.0929	100.0188	40.1000	0.8430	0.8286	5.0000	18.5584	508.0886	94.9074	11.5191	24.7000	0.9300	0.9455	0.5882	-0.0022	508.0000	507.6470	1.0275	8.8620	100.0224	39.9473	0.8230	0.8276	5.0000	-9999.0000	-9999.0000	-9999.0000	-9999.0000	-9999.0000	-9999.0000	19.2196	2	0	24.7893	1.0000	06	3	-9999.0000	16951	7427	-9999	2294	2381	-9999	286.0339	5	0.5630	0.5882	-0.0022	47.0358	1.9083	461.9587	407.5934	35.6250	449.1796	95.4630	461.6054	95.0926	469.5783	95.4167	475.9813	95.1852	
29/08/2017	00:12:29	011992	G523130861HLR	L523	S		437.6062	1.0292	6.3640	100.0838	39.9429	0.8430	0.8282	5.0000	18.7893	508.1894	94.9769	11.8502	24.6000	0.9300	0.9455	0.5849	-0.0019	508.0000	510.4934	1.0275	8.5803	100.0889	39.9900	0.8230	0.8271	5.0000	-9999.0000	-9999.0000	-9999.0000	-9999.0000	-9999.0000	-9999.0000	19.2069	3	0	24.9385	1.0000	06	3	-9999.0000	16952	7428	-9999	2295	2382	-9999	285.8606	5	0.5632	0.5849	-0.0019	45.0639	2.0836	466.9254	443.7475	38.6111	457.3910	95.4861	460.8973	95.3241	469.0416	95.3241	474.4780	94.9306	
29/08/2017	00:12:54	011992	G523130872HLR	L523	S		439.2689	1.0292	6.1684	100.0581	39.8216	0.8430	0.8283	5.0000	18.7590	508.0501	94.9306	11.5191	24.6000	0.9300	0.9452	0.5816	-0.0016	508.0000	507.8394	1.0275	8.8430	100.1768	39.8371	0.8230	0.8267	5.0000	-9999.0000	-9999.0000	-9999.0000	-9999.0000	-9999.0000	-9999.0000	19.2286	4	0	24.8690	1.0000	06	3	-9999.0000	16953	7429	-9999	2295	2383	-9999	285.9862	5	0.5633	0.5816	-0.0016	46.7793	1.9330	467.2073	438.6055	36.3889	456.4956	95.7407	465.9437	94.7917	471.7184	95.2315	478.0299	95.0926	
29/08/2017	00:13:19	011992	G523130876HLR	L523	S		440.1500	1.0292	6.0647	99.9977	39.9906	0.8430	0.8287	5.0000	19.0294	508.0702	94.9537	11.6402	24.6000	0.9300	0.9453	0.5742	-0.0010	508.0000	508.0387	1.0275	8.8233	100.0425	39.8000	0.8230	0.8270	5.0000	-9999.0000	-9999.0000	-9999.0000	-9999.0000	-9999.0000	-9999.0000	19.3001	5	0	24.9396	1.0000	06	3	-9999.0000	16954	7430	-9999	2296	2384	-9999	286.0347	5	0.5633	0.5742	-0.0010	47.4588	1.8530	469.8324	417.6966	38.1713	458.1601	94.6528	468.9700	95.9722	476.5628	95.2778	480.3254	94.9074	
29/08/2017	00:13:44	011992	G523130465HLR	L523	S		437.1090	1.0292	6.4225	100.0103	40.1144	0.8430	0.8285	5.0000	18.2697	508.0572	95.0231	12.7593	24.6000	0.9300	0.9455	0.5770	-0.0012	508.0000	508.0835	1.0275	8.8188	100.0971	40.0000	0.8230	0.8276	5.0000	-9999.0000	-9999.0000	-9999.0000	-9999.0000	-9999.0000	-9999.0000	19.1796	6	0	24.8390	1.0000	06	3	-9999.0000	16955	7431	-9999	2297	2385	-9999	285.2443	5	0.5633	0.5770	-0.0012	48.1289	1.7883	471.0879	430.4410	37.7546	459.6202	95.6250	464.9002	94.8380	470.8142	95.2546	475.8409	95.0231	
29/08/2017	00:14:09	011992	G523130811HLR	L523	S		440.6498	1.0292	6.0059	99.9967	39.8365	0.8430	0.8281	5.0000	18.5069	508.0635	95.0231	10.7203	24.6000	0.9300	0.9453	0.5754	-0.0011	508.0000	507.3719	1.0275	8.8892	100.2075	40.0129	0.8230	0.8272	5.0000	-9999.0000	-9999.0000	-9999.0000	-9999.0000	-9999.0000	-9999.0000	18.8890	7	0	24.8985	1.0000	06	3	-9999.0000	16956	7432	-9999	2298	2386	-9999	286.3625	5	0.5631	0.5754	-0.0011	45.1791	2.0771	475.3914	467.9042	36.9213	464.3080	95.3009	472.8010	94.9769	479.9004	95.2546	483.8491	95.0231	
29/08/2017	00:14:34	011992	G523130801HLR	L523	S		440.1482	1.0292	6.0649	100.0827	39.8122	0.8430	0.8286	5.0000	18.9898	508.0606	94.8843	11.2096	24.6000	0.9300	0.9454	0.5744	-0.0010	508.0000	508.5161	1.0275	8.7760	100.0892	39.7816	0.8230	0.8262	5.0000	-9999.0000	-9999.0000	-9999.0000	-9999.0000	-9999.0000	-9999.0000	20.0887	8	0	24.7794	1.0000	06	3	-9999.0000	16956	7433	-9999	2299	2387	-9999	286.1046	5	0.5632	0.5744	-0.0010	45.5688	2.0272	477.9573	422.9240	37.0602	468.8839	95.4398	472.1352	94.9306	478.3758	95.4630	483.5359	95.0231	
29/08/2017	00:14:59	011992	G523130780HLR	L523	S		443.5462	1.0292	5.6652	100.0622	40.1000	0.8430	0.8290	5.0000	18.5901	508.0848	94.9769	11.4000	24.6000	0.9300	0.9455	0.5737	-0.0009	508.0000	510.5969	1.0275	8.5701	100.1295	39.8000	0.8230	0.8272	5.0000	-9999.0000	-9999.0000	-9999.0000	-9999.0000	-9999.0000	-9999.0000	19.0671	1	0	25.2889	1.0000	06	3	-9999.0000	16957	7434	-9999	2300	2388	-9999	286.0511	5	0.5632	0.5737	-0.0009	47.5098	1.8261	476.2655	460.0099	37.4306	466.2506	95.1157	470.1368	95.3009	477.5713	95.3704	481.8810	94.9306	
29/08/2017	00:15:24	011992	G523130783HLR	L523	S		443.1919	1.0292	5.7068	100.0423	40.1046	0.8430	0.8284	5.0000	18.6497	508.0344	94.9769	10.7291	24.6000	0.9300	0.9454	0.5727	-0.0009	508.0000	509.6605	1.0275	8.6628	100.1321	40.0609	0.8230	0.8278	5.0000	-9999.0000	-9999.0000	-9999.0000	-9999.0000	-9999.0000	-9999.0000	18.9891	2	0	24.7990	1.0000	06	3	-9999.0000	16957	7435	-9999	2301	2389	-9999	286.1476	5	0.5626	0.5727	-0.0009	44.9882	2.0431	478.7037	457.2758	37.2454	468.2346	95.3704	472.9089	95.1389	480.1569	95.2546	484.7473	94.9769	
29/08/2017	00:15:49	011992	G523130827HLR	L523	S		435.9940	1.0292	6.5536	100.0184	39.8437	0.8430	0.8281	5.0000	18.8790	508.0820	94.9537	12.5288	24.6000	0.9300	0.9453	0.5701	-0.0007	508.0000	506.6068	1.0275	8.9649	100.1204	40.0559	0.8230	0.8269	5.0000	-9999.0000	-9999.0000	-9999.0000	-9999.0000	-9999.0000	-9999.0000	19.3792	3	0	24.8896	1.0000	06	3	-9999.0000	16958	7436	-9999	2302	2390	-9999	285.5213	5	0.5625	0.5701	-0.0007	44.7428	2.0612	470.3946	447.9264	36.7593	457.1887	94.8611	470.3828	96.1343	477.1392	95.2778	480.2308	94.8611	
29/08/2017	00:16:14	011992	G523130810HLR	L523	S		435.7640	1.0292	6.5807	100.0217	39.8192	0.8430	0.8285	5.0000	18.8097	508.0294	94.8611	12.1998	24.6000	0.9300	0.9455	0.5652	-0.0003	508.0000	505.6781	1.0275	9.0569	100.1091	39.7806	0.8230	0.8263	5.0000	-9999.0000	-9999.0000	-9999.0000	-9999.0000	-9999.0000	-9999.0000	19.0553	4	0	24.8294	1.0000	06	3	-9999.0000	16958	7437	-9999	2303	2391	-9999	285.5795	5	0.5622	0.5652	-0.0003	46.4151	1.9093	481.9322	453.5142	35.7176	472.3665	95.3935	473.0623	95.8796	478.4870	95.2546	483.2088	94.8380	
29/08/2017	00:16:38	011992	G523130817HLR	L523	S		433.4418	1.0292	6.8539	100.0266	40.0226	0.8430	0.8289	5.0000	18.6291	508.0371	94.8611	14.4399	24.6000	0.9300	0.9455	0.5641	-0.0002	508.0000	507.8953	1.0275	8.8374	99.9778	39.8000	0.8230	0.8271	5.0000	-9999.0000	-9999.0000	-9999.0000	-9999.0000	-9999.0000	-9999.0000	18.9316	5	0	24.8362	1.0000	06	3	-9999.0000	16959	7438	-9999	2304	2392	-9999	285.3365	5	0.5621	0.5641	-0.0002	47.6452	1.7941	475.8825	452.9220	35.0926	465.8825	95.6019	466.9057	95.6250	473.0727	95.3241	476.3997	94.8843	
29/08/2017	00:17:03	011992	G523130807HLR	L523	S		434.5834	1.0292	6.7196	100.0602	40.0860	0.8430	0.8285	5.0000	18.5393	508.0476	94.9537	13.5698	24.6000	0.9300	0.9455	0.5630	-0.0001	508.0000	507.4137	1.0275	8.8851	100.0799	40.0918	0.8230	0.8279	5.0000	-9999.0000	-9999.0000	-9999.0000	-9999.0000	-9999.0000	-9999.0000	18.8690	6	0	24.8416	1.0000	06	3	-9999.0000	16960	7439	-9999	2305	2393	-9999	285.5091	5	0.5621	0.5630	-0.0001	45.3106	1.9839	475.3439	480.4645	37.8935	465.4456	95.7639	469.2510	95.1620	475.4533	95.1620	478.7091	94.9074	
29/08/2017	00:17:28	011992	G523130806HLR	L523	S		440.8510	1.0292	5.9822	100.0259	39.9004	0.8430	0.8282	5.0000	18.3585	508.0590	95.0000	10.5797	24.6000	0.9300	0.9453	0.5665	-0.0004	508.0000	506.9894	1.0275	8.9271	100.1391	40.0523	0.8230	0.8268	5.0000	-9999.0000	-9999.0000	-9999.0000	-9999.0000	-9999.0000	-9999.0000	20.1764	7	0	24.9688	1.0000	06	3	-9999.0000	16961	7440	-9999	2306	2394	-9999	285.9724	5	0.5624	0.5665	-0.0004	43.4034	2.1519	484.4832	465.5249	36.6435	476.1765	95.1389	481.6522	95.7870	486.0498	95.2778	488.1212	94.9306	
29/08/2017	00:17:53	011992	G523130746HLR	L523	S		436.5581	1.0292	6.4873	99.9728	39.8255	0.8430	0.8285	5.0000	18.4844	508.0664	94.9306	13.3296	24.6000	0.9300	0.9453	0.5626	-0.0000	508.0000	508.6821	1.0275	8.7596	100.0194	39.7788	0.8230	0.8263	5.0000	-9999.0000	-9999.0000	-9999.0000	-9999.0000	-9999.0000	-9999.0000	19.2270	8	0	24.7390	1.0000	06	3	-9999.0000	16962	7441	-9999	2307	2394	-9999	285.8332	5	0.5625	0.5626	-0.0000	43.4765	2.1582	478.1338	471.1377	37.2917	466.6786	95.4861	471.5571	95.3009	477.7473	95.3241	480.8633	94.9537	
29/08/2017	00:18:18	011992	G523130754HLR	L523	S		442.0826	1.0292	5.8373	100.0202	40.0000	0.8430	0.8287	5.0000	19.7893	508.0844	95.0231	9.5592	24.7000	0.9300	0.9455	0.5650	-0.0002	508.0000	505.8730	1.0275	9.0376	99.9962	39.8000	0.8230	0.8272	5.0000	-9999.0000	-9999.0000	-9999.0000	-9999.0000	-9999.0000	-9999.0000	18.9890	1	0	24.9592	1.0000	06	3	-9999.0000	16963	7442	-9999	2308	2395	-9999	286.1762	5	0.5626	0.5650	-0.0002	44.4151	2.0847	485.0062	478.1012	38.2870	473.2540	95.2083	481.9690	95.3472	489.1623	95.0463	491.1378	94.8380	
29/08/2017	00:18:43	011992	G523130755HLR	L523	S		440.3803	1.0292	6.0376	100.0234	40.0846	0.8430	0.8286	5.0000	18.5289	508.0665	94.9306	12.0494	24.6000	0.9300	0.9455	0.5643	-0.0001	508.0000	509.4539	1.0275	8.6832	99.9500	40.1000	0.8230	0.8278	5.0000	-9999.0000	-9999.0000	-9999.0000	-9999.0000	-9999.0000	-9999.0000	19.2483	2	0	24.9288	1.0000	06	3	-9999.0000	16963	7443	-9999	2309	2396	-9999	285.9065	5	0.5626	0.5643	-0.0001	43.9672	2.1199	477.8000	472.2460	36.6435	467.3561	94.7685	474.4793	96.2500	480.5145	95.2546	481.9884	94.8611	
29/08/2017	00:19:08	011992	G523130743HLR	L523	S		438.9313	1.0292	6.2081	99.9984	39.8579	0.8430	0.8279	5.0000	20.4257	508.0413	94.9769	10.8394	24.6000	0.9300	0.9453	0.5658	-0.0003	508.0000	505.8304	1.0275	9.0418	100.1017	40.0687	0.8230	0.8272	5.0000	-9999.0000	-9999.0000	-9999.0000	-9999.0000	-9999.0000	-9999.0000	18.7976	3	0	24.9190	1.0000	06	3	-9999.0000	16964	7444	-9999	2310	2397	-9999	286.0733	5	0.5627	0.5658	-0.0003	43.6412	2.1452	481.3874	467.5819	37.7083	471.0573	95.2546	477.9948	95.3472	483.8678	95.3935	487.2947	94.9537	
29/08/2017	00:19:33	011992	G523130731HLR	L523	S		434.7563	1.0292	6.6993	100.0171	39.8068	0.8430	0.8284	5.0000	18.6400	508.0439	94.9537	13.4497	24.6000	0.9300	0.9454	0.5659	-0.0003	508.0000	507.1184	1.0275	8.9143	100.0079	39.7756	0.8230	0.8261	5.0000	-9999.0000	-9999.0000	-9999.0000	-9999.0000	-9999.0000	-9999.0000	19.7188	4	0	24.9302	1.0000	06	3	-9999.0000	16964	7445	-9999	2311	2398	-9999	285.7646	5	0.5628	0.5659	-0.0003	43.7023	2.1392	472.5964	445.2942	35.6019	460.2605	95.2315	470.7398	96.1111	476.3514	95.2546	479.4427	94.8843	
29/08/2017	00:19:58	011992	G523130769HLR	L523	S		439.3151	1.0292	6.1629	100.0351	40.0000	0.8430	0.8288	5.0000	18.9390	508.0658	95.0231	11.8492	24.6000	0.9300	0.9454	0.5682	-0.0004	508.0000	509.5615	1.0275	8.6726	100.1941	39.8000	0.8230	0.8271	5.0000	-9999.0000	-9999.0000	-9999.0000	-9999.0000	-9999.0000	-9999.0000	18.9188	5	0	24.9683	1.0000	99	9	-9999.0000	16965	7446	-9999	2312	2399	-9999	286.1097	5	0.5629	0.5682	-0.0004	42.9109	2.1982	476.6143	480.9518	37.1065	464.3682	95.9954	471.5409	94.7454	478.1663	95.0000	481.8794	94.9306	
29/08/2017	00:20:24	011992	G523130747HLR	L523	S		438.5005	1.0292	6.2588	99.9811	40.1048	0.8430	0.8286	5.0000	18.4434	508.0647	94.9074	11.7789	24.6000	0.9300	0.9453	0.5679	-0.0004	508.0000	507.5736	1.0275	8.8693	99.9101	40.1000	0.8230	0.8279	5.0000	-9999.0000	-9999.0000	-9999.0000	-9999.0000	-9999.0000	-9999.0000	18.8279	6	0	25.9591	1.0000	99	9	-9999.0000	16966	7447	-9999	2313	2400	-9999	286.0214	5	0.5627	0.5679	-0.0004	42.6982	2.2101	476.4236	466.2298	36.7824	464.5870	95.5324	472.2294	94.8843	479.2900	95.3935	483.4821	95.0231	
29/08/2017	00:20:49	011992	G523130762HLR	L523	S		434.5083	1.0292	6.7284	100.0439	39.9238	0.8430	0.8282	5.0000	18.4798	508.0798	94.9306	13.2398	24.6000	0.9300	0.9453	0.5719	-0.0007	508.0000	507.6430	1.0275	8.8624	100.0242	40.0786	0.8230	0.8271	5.0000	-9999.0000	-9999.0000	-9999.0000	-9999.0000	-9999.0000	-9999.0000	19.1492	7	0	24.9286	1.0000	99	9	-9999.0000	16967	7448	-9999	2313	2401	-9999	285.8837	5	0.5632	0.5719	-0.0007	42.9774	2.1910	471.4824	472.0381	36.5509	461.4790	95.6019	466.2076	94.7685	470.9054	95.1157	474.6388	94.9769	
29/08/2017	00:21:14	011992	G523130770HLR	L523	S		433.8753	1.0292	6.8029	99.9902	39.8210	0.8430	0.8284	5.0000	18.5675	508.0576	94.9074	13.5395	24.6000	0.9300	0.9455	0.5727	-0.0007	508.0000	507.9307	1.0275	8.8339	100.0233	39.7806	0.8230	0.8262	5.0000	-9999.0000	-9999.0000	-9999.0000	-9999.0000	-9999.0000	-9999.0000	19.4590	8	0	25.3095	1.0000	99	9	-9999.0000	16968	7449	-9999	2314	2402	-9999	285.8848	5	0.5634	0.5727	-0.0007	43.0497	2.1845	475.6556	448.4691	35.8102	466.2632	95.5556	464.8082	95.1157	471.3253	95.3009	473.9759	95.0000	
29/08/2017	00:21:39	011992	G523130776HLR	L523	S		435.4643	1.0292	6.6160	99.9970	40.0000	0.8430	0.8289	5.0000	18.4993	508.1018	94.9306	13.6597	24.6000	0.9300	0.9454	0.5720	-0.0007	508.0000	508.5699	1.0275	8.7707	100.1188	39.8000	0.8230	0.8271	5.0000	-9999.0000	-9999.0000	-9999.0000	-9999.0000	-9999.0000	-9999.0000	19.2793	1	0	24.9094	1.0000	99	9	-9999.0000	16969	7450	-9999	2314	2403	-9999	285.7627	5	0.5632	0.5720	-0.0007	43.0548	2.1822	469.1008	457.4928	34.9306	460.6486	95.2778	466.4267	96.0185	473.0628	95.1852	475.2520	94.7917	
29/08/2017	00:22:04	011992	G523130772HLR	L523	S		434.1696	1.0292	6.7683	100.0327	40.0866	0.8430	0.8285	5.0000	19.3178	508.0714	94.7222	15.1098	24.5000	0.9300	0.9454	0.5719	-0.0007	508.0000	509.1746	1.0275	8.7109	99.9835	40.1000	0.8230	0.8279	5.0000	-9999.0000	-9999.0000	-9999.0000	-9999.0000	-9999.0000	-9999.0000	19.0984	2	0	24.8792	1.0000	99	9	-9999.0000	16970	7451	-9999	2315	2404	-9999	285.1359	5	0.5631	0.5719	-0.0007	43.1389	2.1761	469.9900	435.9310	37.0602	458.1832	94.7917	461.5125	95.8796	468.2789	95.2083	471.7116	94.9074	
29/08/2017	00:22:29	011992	G523130758HLR	L523	S		433.3502	1.0292	6.8647	99.9894	39.9064	0.8430	0.8282	5.0000	18.5892	508.0560	94.8843	13.8295	24.5000	0.9300	0.9453	0.5717	-0.0007	508.0000	508.2077	1.0275	8.8065	100.1127	40.0956	0.8230	0.8272	5.0000	-9999.0000	-9999.0000	-9999.0000	-9999.0000	-9999.0000	-9999.0000	18.8385	3	0	24.8387	1.0000	99	9	-9999.0000	16971	7452	-9999	2316	2405	-9999	285.6371	5	0.5633	0.5717	-0.0007	42.9269	2.1952	471.8269	452.8157	35.5324	461.0325	95.9028	462.2865	94.7917	470.4304	95.3472	474.6089	95.0926	
29/08/2017	00:22:54	011992	G523130448HLR	L523	S		432.0471	1.0292	7.0180	100.0469	39.8281	0.8430	0.8284	5.0000	18.4784	508.0552	94.7917	14.5795	24.6000	0.9300	0.9453	0.5715	-0.0007	508.0000	507.5500	1.0275	8.8716	99.9986	39.7946	0.8230	0.8262	5.0000	-9999.0000	-9999.0000	-9999.0000	-9999.0000	-9999.0000	-9999.0000	19.4090	4	0	24.9090	1.0000	99	9	-9999.0000	16972	7453	-9999	2317	2406	-9999	285.4146	5	0.5633	0.5715	-0.0007	41.0661	2.3808	465.5902	462.4122	37.1991	456.5560	95.4398	459.2283	95.5324	466.4784	95.5556	471.1292	95.0000	
29/08/2017	00:23:20	011992	G523130437HLR	L523	S		436.1895	1.0292	6.5306	100.0301	40.0212	0.8430	0.8289	5.0000	18.3119	508.1072	94.9306	13.2700	24.5000	0.9300	0.9453	0.5725	-0.0008	508.0000	508.9343	1.0275	8.7346	100.0781	39.7739	0.8230	0.8269	5.0000	-9999.0000	-9999.0000	-9999.0000	-9999.0000	-9999.0000	-9999.0000	19.1384	5	0	26.3185	1.0000	99	9	-9999.0000	16973	7454	-9999	2317	2407	-9999	285.8781	5	0.5631	0.5725	-0.0008	41.6968	2.3258	476.1962	463.0845	36.8981	468.4764	95.5324	465.7525	94.9074	473.5651	95.2546	477.5860	95.0000	
29/08/2017	00:24:13	011992	G523130477HLR	L523	S		444.8226	1.0292	5.5150	100.0318	39.9054	0.8430	0.8282	5.0000	18.4904	508.0942	94.9769	9.2692	24.7000	0.9300	0.9454	0.5722	-0.0007	508.0000	508.5638	1.0275	8.7713	100.1022	40.0804	0.8230	0.8268	5.0000	-9999.0000	-9999.0000	-9999.0000	-9999.0000	-9999.0000	-9999.0000	19.4479	7	0	26.8693	1.0000	99	9	-9999.0000	16975	7455	-9999	2318	2408	-9999	287.2911	5	0.5625	0.5722	-0.0007	44.3428	2.1230	484.6672	413.8005	34.0509	473.8966	94.3981	481.6796	96.0185	487.5924	95.2778	491.3334	94.8611	
29/08/2017	00:24:38	011992	G523130442HLR	L523	S		434.9307	1.0292	6.6787	99.9982	39.8110	0.8430	0.8285	5.0000	18.6195	508.0802	94.9537	12.8296	24.6000	0.9300	0.9455	0.5742	-0.0009	508.0000	506.6135	1.0275	8.9643	100.0087	39.6980	0.8230	0.8261	5.0000	-9999.0000	-9999.0000	-9999.0000	-9999.0000	-9999.0000	-9999.0000	19.5787	8	0	24.8885	1.0000	99	9	-9999.0000	16976	7456	-9999	2319	2408	-9999	286.1362	5	0.5626	0.5742	-0.0009	44.9649	2.0844	474.9041	448.3293	36.1111	467.5005	95.1852	465.1508	96.0417	472.4103	95.3472	476.1850	94.8843	
29/08/2017	00:25:03	011992	G523130453HLR	L523	S		431.4633	1.0292	7.0867	100.0644	40.0024	0.8430	0.8289	5.0000	18.6980	508.0781	94.8380	15.3695	24.6000	0.9300	0.9455	0.5694	-0.0005	508.0000	508.3944	1.0275	8.7881	100.0658	39.8000	0.8230	0.8276	5.0000	-9999.0000	-9999.0000	-9999.0000	-9999.0000	-9999.0000	-9999.0000	19.1484	1	0	24.8389	1.0000	99	9	-9999.0000	16977	7457	-9999	2319	2409	-9999	285.2856	5	0.5623	0.5694	-0.0005	47.6140	1.8927	467.2883	435.9052	34.3519	455.2539	95.5324	462.8831	95.9722	467.7652	95.3935	470.1194	95.0000	
29/08/2017	00:25:27	011992	G523130459HLR	L523	S		435.1547	1.0292	6.6524	100.0322	40.1072	0.8430	0.8287	5.0000	18.4397	508.0967	94.9306	13.1997	24.6000	0.9300	0.9453	0.5694	-0.0005	508.0000	508.2623	1.0275	8.8011	99.9684	40.1319	0.8230	0.8280	5.0000	-9999.0000	-9999.0000	-9999.0000	-9999.0000	-9999.0000	-9999.0000	18.9891	2	0	24.7891	1.0000	99	9	-9999.0000	16978	7458	-9999	2320	2410	-9999	285.8706	5	0.5623	0.5694	-0.0005	47.6140	1.8927	475.6332	455.3436	35.9259	465.4760	95.3704	468.9008	95.1620	474.4678	95.0000	477.1013	94.9306	
29/08/2017	00:25:52	011992	G523130463HLR	L523	S		428.5254	1.0292	7.4323	100.0191	39.8585	0.8430	0.8280	5.0000	19.9688	508.1138	94.9074	16.0394	24.5000	0.9300	0.9453	0.5704	-0.0006	508.0000	507.7070	1.0275	8.8561	99.9963	40.0491	0.8230	0.8269	5.0000	-9999.0000	-9999.0000	-9999.0000	-9999.0000	-9999.0000	-9999.0000	18.9383	3	0	24.8497	1.0000	99	9	-9999.0000	16979	7459	-9999	2321	2411	-9999	284.9103	5	0.5624	0.5704	-0.0006	43.7899	2.1867	466.5887	436.7011	36.2963	456.8401	95.6944	459.4373	95.3935	464.5668	95.3241	466.9304	95.0231	
29/08/2017	00:26:19	011992	G523130483HLR	L523	S		445.4134	1.0292	5.4455	100.0364	39.8168	0.8430	0.8284	5.0000	18.6396	508.0721	95.1157	9.0602	24.6000	0.9300	0.9454	0.5718	-0.0007	508.0000	509.3312	1.0275	8.6953	100.0368	39.7148	0.8230	0.8260	5.0000	-9999.0000	-9999.0000	-9999.0000	-9999.0000	-9999.0000	-9999.0000	19.5058	4	0	26.9991	1.0000	99	9	-9999.0000	16980	7460	-9999	2322	2412	-9999	287.3898	5	0.5627	0.5718	-0.0007	42.5050	2.2858	491.2236	449.8008	35.5093	482.2185	95.4630	482.5763	95.3009	489.5669	95.3009	493.3795	94.9769	
29/08/2017	00:27:09	011992	G523130445HLR	L523	S		435.1895	1.0292	6.6483	99.9892	40.0717	0.8430	0.8285	5.0000	18.4792	508.1279	95.0463	12.4195	24.6000	0.9300	0.9453	0.5716	-0.0007	508.0000	506.9730	1.0275	8.9287	99.9894	40.1000	0.8230	0.8277	5.0000	-9999.0000	-9999.0000	-9999.0000	-9999.0000	-9999.0000	-9999.0000	18.9488	6	0	24.8994	1.0000	99	9	-9999.0000	16981	7461	-9999	2324	2413	-9999	286.1812	5	0.5624	0.5716	-0.0007	44.5838	2.1202	459.5762	433.7858	35.3472	445.8969	94.9306	460.2849	96.0417	474.3917	95.3935	477.3897	94.8380	
29/08/2017	00:27:34	011992	G523130400HLR	L523	S		436.5641	1.0292	6.4866	100.0286	39.8762	0.8430	0.8282	5.0000	18.3585	508.0724	94.9306	13.5395	24.6000	0.9300	0.9456	0.5703	-0.0006	508.0000	509.9202	1.0275	8.6371	99.9693	39.7800	0.8230	0.8264	5.0000	-9999.0000	-9999.0000	-9999.0000	-9999.0000	-9999.0000	-9999.0000	19.0598	7	0	24.8803	1.0000	99	9	-9999.0000	16982	7462	-9999	2325	2414	-9999	285.6991	5	0.5622	0.5703	-0.0006	43.4617	2.2044	474.2495	460.3825	37.4074	463.5802	95.5787	465.6893	95.4398	472.5479	95.3472	476.7230	95.1157	
29/08/2017	00:27:59	011992	G523130469HLR	L523	S		428.9227	1.0292	7.3856	100.0312	39.8395	0.8430	0.8286	5.0000	18.4288	508.0494	94.9074	16.1195	24.5000	0.9300	0.9455	0.5697	-0.0006	508.0000	507.6743	1.0275	8.8593	99.9606	39.7222	0.8230	0.8270	5.0000	-9999.0000	-9999.0000	-9999.0000	-9999.0000	-9999.0000	-9999.0000	19.3487	8	0	24.9278	1.0000	99	9	-9999.0000	16983	7463	-9999	2325	2415	-9999	284.9534	5	0.5625	0.5697	-0.0006	44.0551	2.1672	469.3305	459.1996	36.8519	463.1363	95.9259	459.2246	94.8148	463.3796	95.1389	468.8750	95.0463	
29/08/2017	00:28:24	011992	G523130473HLR	L523	S		431.6861	1.0292	7.0605	100.0518	40.0164	0.8430	0.8288	5.0000	18.6670	508.0515	94.9074	13.8198	24.5000	0.9300	0.9453	0.5697	-0.0006	508.0000	508.3004	1.0275	8.7974	100.1909	40.0541	0.8230	0.8281	5.0000	-9999.0000	-9999.0000	-9999.0000	-9999.0000	-9999.0000	-9999.0000	19.0959	1	0	24.8285	1.0000	99	9	-9999.0000	16984	7464	-9999	2326	2416	-9999	285.5939	5	0.5625	0.5697	-0.0006	44.0551	2.1672	478.4071	459.0040	38.6343	471.5765	95.6944	468.5627	94.7685	471.8372	95.2778	474.8277	95.0463	
29/08/2017	00:28:50	011992	G523130387HLR	L523	S		445.7404	1.0292	5.4070	99.9776	40.0443	0.8430	0.8283	5.0000	19.7492	508.0603	94.9769	8.5290	24.6000	0.9300	0.9451	0.5696	-0.0005	508.0000	507.9946	1.0275	8.8276	100.1365	40.0986	0.8230	0.8272	5.0000	-9999.0000	-9999.0000	-9999.0000	-9999.0000	-9999.0000	-9999.0000	19.2696	2	0	25.8691	1.0000	99	9	-9999.0000	16985	7465	-9999	2327	2417	-9999	287.1632	5	0.5629	0.5696	-0.0005	43.9756	2.1841	485.1216	464.7304	38.1481	471.3856	94.5602	485.4610	95.9491	492.1161	95.2315	494.6172	94.8148	
29/08/2017	00:29:15	011992	G523130390HLR	L523	S		448.1554	1.0292	5.1229	100.0132	39.8501	0.8430	0.8282	5.0000	18.5694	508.0588	95.1852	8.2897	24.7000	0.9300	0.9452	0.5697	-0.0005	508.0000	508.0951	1.0275	8.8177	100.0338	39.7804	0.8230	0.8261	5.0000	-9999.0000	-9999.0000	-9999.0000	-9999.0000	-9999.0000	-9999.0000	19.5887	3	0	24.8487	1.0000	99	9	-9999.0000	16986	7466	-9999	2328	2418	-9999	287.2299	5	0.5628	0.5697	-0.0005	44.0744	2.1697	486.8622	437.2698	33.8889	473.9427	94.9537	486.1257	96.1111	492.7687	95.3241	495.4395	94.8611	
29/08/2017	00:29:39	011992	G523130408HLR	L523	S		445.8222	1.0292	5.3974	100.0149	39.8519	0.8430	0.8286	5.0000	18.4248	508.0625	95.0000	8.1999	24.7000	0.9300	0.9455	0.5695	-0.0005	508.0000	507.4315	1.0275	8.8833	100.1334	39.7194	0.8230	0.8269	5.0000	-9999.0000	-9999.0000	-9999.0000	-9999.0000	-9999.0000	-9999.0000	19.3438	4	0	24.7493	1.0000	99	9	-9999.0000	16986	7467	-9999	2329	2419	-9999	287.2084	5	0.5626	0.5695	-0.0005	44.2238	2.1573	490.7972	431.2314	34.0278	479.5234	95.0000	485.9134	95.6944	493.5297	95.2083	497.2509	94.9306	
29/08/2017	00:30:04	011992	G523130399HLR	L523	S		415.6152	1.0292	8.9511	100.0174	40.0244	0.8430	0.8288	5.0000	18.4093	0.0000	0.0000	0.0000	0.0000	0.9300	0.0000	0.0000	0.0000	0.0000	457.8262	1.0275	5.5569	99.9622	40.0000	0.8230	0.8279	5.0000	-9999.0000	-9999.0000	-9999.0000	-9999.0000	-9999.0000	-9999.0000	19.0296	5	7	24.8788	1.0000	99	9	-9999.0000	16987	0	-9999	2330	2420	-9999	0.0000	0	0.0000	0.0000	0.0000	0.0000	0.0000	0.0000	0.0000	0.0000	0.0000	0.0000	0.0000	0.0000	0.0000	0.0000	0.0000	0.0000	
29/08/2017	00:30:29	011992	G523130428HLR	L523	S		431.0407	1.0292	7.1364	100.0255	40.0515	0.8430	0.8285	5.0000	18.3596	508.0701	94.8611	14.9897	24.6000	0.9300	0.9454	0.5695	-0.0005	508.0000	508.6439	1.0275	8.7634	100.0926	40.0860	0.8230	0.8270	5.0000	-9999.0000	-9999.0000	-9999.0000	-9999.0000	-9999.0000	-9999.0000	19.7999	6	0	24.8291	1.0000	99	9	-9999.0000	16987	7468	-9999	2331	2421	-9999	285.4109	5	0.5627	0.5695	-0.0005	44.2518	2.1572	470.2909	452.6719	35.2315	463.7267	94.7685	462.1304	96.1343	469.7902	95.3935	473.0500	94.9306	
29/08/2017	00:30:54	011992	G523130417HLR	L523	S		438.1117	1.0292	6.3045	100.0149	39.8519	0.8430	0.8281	5.0000	19.1789	508.0465	94.9769	11.0201	24.6000	0.9300	0.9456	0.5695	-0.0005	508.0000	507.3647	1.0275	8.8899	100.0457	39.7798	0.8230	0.8260	5.0000	-9999.0000	-9999.0000	-9999.0000	-9999.0000	-9999.0000	-9999.0000	19.7885	7	0	24.9393	1.0000	99	9	-9999.0000	16988	7469	-9999	2332	2422	-9999	286.4334	5	0.5628	0.5695	-0.0005	44.2124	2.1633	487.4225	463.9650	35.5787	480.3693	95.4630	475.1099	95.6019	481.9771	95.1389	484.9822	94.8843	
29/08/2017	00:31:44	011992	G523130423HLR	L523	S		434.6291	1.0292	6.7142	100.0033	40.0495	0.8430	0.8289	5.0000	18.2890	508.0887	94.9537	13.1792	24.7000	0.9300	0.9453	0.5700	-0.0006	508.0000	507.8671	1.0275	8.8402	100.0734	40.0591	0.8230	0.8275	5.0000	-9999.0000	-9999.0000	-9999.0000	-9999.0000	-9999.0000	-9999.0000	19.4584	1	0	25.0099	1.0000	99	9	-9999.0000	16989	7470	-9999	2334	2423	-9999	285.9355	5	0.5633	0.5700	-0.0006	43.7530	2.2025	468.4060	433.4550	36.7361	454.5544	95.0694	467.2465	96.0880	473.2313	95.2778	476.8323	94.8611	
29/08/2017	00:32:09	011992	G523130413HLR	L523	S		431.3302	1.0292	7.1023	99.9974	40.0595	0.8430	0.8285	5.0000	18.5393	508.0238	94.9074	13.8188	24.6000	0.9300	0.9455	0.5701	-0.0006	508.0000	506.8134	1.0275	8.9445	100.0466	39.7882	0.8230	0.8263	5.0000	-9999.0000	-9999.0000	-9999.0000	-9999.0000	-9999.0000	-9999.0000	19.8878	2	0	24.9884	1.0000	99	9	-9999.0000	16990	7471	-9999	2335	2424	-9999	285.6278	5	0.5631	0.5701	-0.0006	42.8207	2.2836	471.0026	438.7977	35.0231	458.2572	95.7407	463.5029	96.1343	470.1783	95.3935	473.4827	94.8611	
29/08/2017	00:32:34	011992	G523130403HLR	L523	S		433.0112	1.0292	6.9046	100.0500	39.8585	0.8430	0.8282	5.0000	18.4279	508.0682	94.8843	13.0093	24.6000	0.9300	0.9454	0.5705	-0.0006	508.0000	508.5787	1.0275	8.7698	99.9826	39.7645	0.8230	0.8269	5.0000	-9999.0000	-9999.0000	-9999.0000	-9999.0000	-9999.0000	-9999.0000	19.4544	3	0	25.0097	1.0000	99	9	-9999.0000	16991	7472	-9999	2336	2425	-9999	285.8959	5	0.5635	0.5705	-0.0006	42.5936	2.3244	469.7284	456.4530	38.1713	458.9098	95.2778	465.8241	95.6019	472.4704	95.1852	476.4728	94.8843	
29/08/2017	00:32:59	011992	G523130420HLR	L523	S		434.3764	1.0292	6.7440	100.0203	39.8451	0.8430	0.8286	5.0000	18.4798	508.0923	94.9074	13.8599	24.5000	0.9300	0.9453	0.5705	-0.0006	508.0000	509.0257	1.0275	8.7256	99.9694	40.0000	0.8230	0.8279	5.0000	-9999.0000	-9999.0000	-9999.0000	-9999.0000	-9999.0000	-9999.0000	18.7698	4	0	25.0089	1.0000	99	9	-9999.0000	16992	7473	-9999	2337	2425	-9999	285.6614	5	0.5635	0.5705	-0.0006	42.5936	2.3244	472.9426	441.9021	35.9259	461.2380	95.1157	468.4961	95.8796	472.3491	95.1389	475.5072	94.9537	
29/08/2017	00:33:24	011992	G523130230HLR	L523	S		446.5920	1.0292	5.3068	100.0928	40.0489	0.8430	0.8288	5.0000	18.8098	508.0735	95.0463	9.1100	24.6000	0.9300	0.9452	0.5708	-0.0006	508.0000	509.2079	1.0275	8.7076	100.0008	40.0623	0.8230	0.8268	5.0000	-9999.0000	-9999.0000	-9999.0000	-9999.0000	-9999.0000	-9999.0000	20.3254	5	0	24.8193	1.0000	99	9	-9999.0000	16993	7474	-9999	2338	2426	-9999	287.2153	5	0.5633	0.5708	-0.0006	42.3626	2.3408	485.3612	448.4851	35.5787	471.6500	95.6713	483.1161	95.5324	488.6036	95.2083	493.6230	95.0926	
29/08/2017	00:33:49	011992	G523130193HLR	L523	S		450.5673	1.0292	4.8391	100.0535	40.0401	0.8430	0.8283	5.0000	19.3172	508.0487	95.0231	6.5202	24.8000	0.9300	0.9454	0.5706	-0.0006	508.0000	507.0802	1.0275	8.9181	100.0463	39.7780	0.8230	0.8263	5.0000	-9999.0000	-9999.0000	-9999.0000	-9999.0000	-9999.0000	-9999.0000	18.9684	6	0	24.9484	1.0000	99	9	-9999.0000	16994	7475	-9999	2339	2427	-9999	287.9470	5	0.5632	0.5706	-0.0006	41.8054	2.3895	495.4665	462.8835	36.0185	482.3139	95.0926	493.2711	95.8796	499.8452	95.3241	503.0648	94.9306	
29/08/2017	00:34:14	011992	G523130204HLR	L523	S		451.1096	1.0292	4.7753	100.0167	39.8575	0.8430	0.8282	5.0000	18.4388	508.0954	94.9769	7.0495	24.7000	0.9300	0.9454	0.5705	-0.0006	508.0000	508.2804	1.0275	8.7993	100.1178	39.7597	0.8230	0.8270	5.0000	-9999.0000	-9999.0000	-9999.0000	-9999.0000	-9999.0000	-9999.0000	19.3942	7	0	24.9698	1.0000	99	9	-9999.0000	16995	7476	-9999	2340	2428	-9999	287.8264	5	0.5634	0.5705	-0.0006	41.2962	2.4619	491.2296	455.8532	35.9028	478.6793	95.1389	490.3168	95.4167	497.8011	95.3472	502.4591	95.0000	
29/08/2017	00:34:39	011992	G523130199HLR	L523	S		414.9835	1.0292	9.0255	100.0777	39.8214	0.8430	0.8285	5.0000	19.1711	0.0000	0.0000	0.0000	0.0000	0.9300	0.0000	0.0000	0.0000	0.0000	419.7414	1.0275	2.0947	99.9949	39.9000	0.8230	0.8279	5.0000	-9999.0000	-9999.0000	-9999.0000	-9999.0000	-9999.0000	-9999.0000	18.8389	8	7	24.9180	1.0000	99	9	-9999.0000	16996	0	-9999	2341	2429	-9999	0.0000	0	0.0000	0.0000	0.0000	0.0000	0.0000	0.0000	0.0000	0.0000	0.0000	0.0000	0.0000	0.0000	0.0000	0.0000	0.0000	0.0000	
29/08/2017	00:35:03	011992	G523130201HLR	L523	S		447.3132	1.0292	5.2220	100.0254	40.0565	0.8430	0.8288	5.0000	18.5329	508.0799	94.9306	7.9489	24.8000	0.9300	0.9453	0.5704	-0.0006	508.0000	507.3739	1.0275	8.8890	100.0475	40.1000	0.8230	0.8274	5.0000	-9999.0000	-9999.0000	-9999.0000	-9999.0000	-9999.0000	-9999.0000	19.0292	1	0	24.9102	1.0000	99	9	-9999.0000	16997	7477	-9999	2342	2430	-9999	287.4378	5	0.5636	0.5704	-0.0006	40.3319	2.5261	481.7220	429.5575	33.6574	466.0280	95.1852	486.3087	96.0648	493.1863	95.3241	497.3869	95.1157	
29/08/2017	00:35:28	011992	G523130219HLR	L523	S		443.8361	1.0292	5.6310	100.0095	40.0888	0.8430	0.8285	5.0000	18.5393	508.0869	95.0000	9.7496	24.7000	0.9300	0.9454	0.5715	-0.0007	508.0000	508.7006	1.0275	8.7578	99.9719	39.8461	0.8230	0.8264	5.0000	-9999.0000	-9999.0000	-9999.0000	-9999.0000	-9999.0000	-9999.0000	19.0683	2	0	24.8486	1.0000	99	9	-9999.0000	16998	7478	-9999	2343	2431	-9999	287.0545	5	0.5639	0.5715	-0.0007	40.0233	2.5354	484.2949	458.6881	37.6620	474.3251	95.2546	480.2146	95.5787	486.1495	95.3472	490.2082	94.9306	
29/08/2017	00:35:53	011992	G523130235HLR	L523	S		442.2598	1.0292	5.8165	100.0262	39.8633	0.8430	0.8282	5.0000	18.4837	508.0556	95.0463	9.7194	24.7000	0.9300	0.9456	0.5715	-0.0007	508.0000	507.6052	1.0275	8.8662	100.1834	39.7000	0.8230	0.8267	5.0000	-9999.0000	-9999.0000	-9999.0000	-9999.0000	-9999.0000	-9999.0000	18.8884	3	0	24.9188	1.0000	99	9	-9999.0000	16999	7479	-9999	2344	2432	-9999	287.0357	5	0.5640	0.5715	-0.0007	40.0134	2.5394	482.5291	457.9811	37.3843	472.1942	95.5556	478.2808	95.7870	485.8952	95.3241	489.8693	95.0694	
29/08/2017	00:36:18	011992	G523130225HLR	L523	S		441.2414	1.0292	5.9363	100.0691	39.8196	0.8430	0.8285	5.0000	18.9288	508.0397	95.0926	9.6793	24.6000	0.9300	0.9455	0.5715	-0.0007	508.0000	507.1657	1.0275	8.9096	99.9561	39.9848	0.8230	0.8278	5.0000	-9999.0000	-9999.0000	-9999.0000	-9999.0000	-9999.0000	-9999.0000	19.4195	4	0	24.9094	1.0000	99	9	-9999.0000	17000	7480	-9999	2345	2433	-9999	287.0276	5	0.5640	0.5715	-0.0007	40.0134	2.5394	480.4163	465.4179	35.7407	469.1213	95.4630	480.3826	95.6713	485.9069	95.3704	490.6148	94.9537	
29/08/2017	00:36:43	011992	G523130223HLR	L523	S		448.0821	1.0292	5.1315	100.0804	40.0343	0.8430	0.8289	5.0000	18.7185	508.0526	95.0463	8.4899	24.7000	0.9300	0.9455	0.5716	-0.0007	508.0000	509.8337	1.0275	8.6456	100.0259	40.1000	0.8230	0.8272	5.0000	-9999.0000	-9999.0000	-9999.0000	-9999.0000	-9999.0000	-9999.0000	19.8790	5	0	24.9591	1.0000	99	9	-9999.0000	17001	7481	-9999	2346	2434	-9999	287.4943	5	0.5640	0.5716	-0.0007	39.6537	2.5563	485.5364	449.4883	35.1157	470.8294	95.1389	487.6189	96.2731	491.6861	95.0694	496.1899	94.9306	
29/08/2017	00:37:08	011992	G523130059HLR	L523	S		438.4128	1.0292	6.2691	99.9930	40.0818	0.8430	0.8285	5.0000	18.4791	508.0240	94.9306	11.6294	24.6000	0.9300	0.9453	0.5714	-0.0007	508.0000	508.6596	1.0275	8.7618	99.9549	39.8505	0.8230	0.8263	5.0000	-9999.0000	-9999.0000	-9999.0000	-9999.0000	-9999.0000	-9999.0000	19.4284	6	0	24.7892	1.0000	99	9	-9999.0000	17002	7482	-9999	2347	2435	-9999	286.3383	5	0.5643	0.5714	-0.0007	39.1613	2.6253	474.0144	448.6892	35.1389	459.2941	95.7639	475.2807	96.0648	478.7477	95.1852	482.8428	94.8843	
29/08/2017	00:37:33	011992	G523130039HLR	L523	S		438.3679	1.0292	6.2744	99.9957	39.8842	0.8430	0.8282	5.0000	18.5091	508.0701	94.9537	12.2203	24.6000	0.9300	0.9455	0.5715	-0.0007	508.0000	508.9030	1.0275	8.7377	100.1165	39.7443	0.8230	0.8267	5.0000	-9999.0000	-9999.0000	-9999.0000	-9999.0000	-9999.0000	-9999.0000	19.3496	7	0	24.8885	1.0000	99	9	-9999.0000	17003	7483	-9999	2347	2436	-9999	286.1772	5	0.5644	0.5715	-0.0007	39.6299	2.5645	472.1883	445.2812	35.7870	459.2540	95.3704	473.1430	96.2500	476.5377	95.1389	480.6683	95.0000	
29/08/2017	00:37:58	011992	G523130205HLR	L523	S		443.7970	1.0292	5.6356	100.0055	39.8255	0.8430	0.8285	5.0000	18.5598	508.0524	95.1620	9.0299	24.7000	0.9300	0.9455	0.5719	-0.0007	508.0000	507.8022	1.0275	8.8467	99.9294	39.9349	0.8230	0.8277	5.0000	-9999.0000	-9999.0000	-9999.0000	-9999.0000	-9999.0000	-9999.0000	18.9392	8	0	24.8293	1.0000	99	9	-9999.0000	17004	7484	-9999	2348	2437	-9999	287.3118	5	0.5647	0.5719	-0.0007	39.0855	2.6522	488.4554	449.6448	36.7593	471.9460	95.2778	484.5757	96.0648	489.0313	95.1620	492.2471	94.7222	
29/08/2017	00:38:23	011992	G523130054HLR	L523	S		443.4296	1.0292	5.6789	100.0000	40.0154	0.8430	0.8288	5.0000	18.5841	508.0534	94.9769	9.9694	24.6000	0.9300	0.9453	0.5723	-0.0008	508.0000	508.8524	1.0275	8.7427	100.0467	40.0910	0.8230	0.8272	5.0000	-9999.0000	-9999.0000	-9999.0000	-9999.0000	-9999.0000	-9999.0000	19.8547	1	0	24.8692	1.0000	99	9	-9999.0000	17005	7485	-9999	2348	2438	-9999	286.8177	5	0.5648	0.5723	-0.0008	36.2622	2.9959	480.3448	441.0757	35.6713	467.0828	95.7870	478.8003	95.7639	485.2493	95.2778	489.6998	94.9769	
29/08/2017	00:39:12	011992	G523130042HLR	L523	S		443.4278	1.0292	5.6791	100.0003	40.0808	0.8430	0.8285	5.0000	18.5598	508.1090	95.0000	10.4498	24.6000	0.9300	0.9453	0.5724	-0.0008	508.0000	508.6933	1.0275	8.7585	99.9538	39.8633	0.8230	0.8264	5.0000	-9999.0000	-9999.0000	-9999.0000	-9999.0000	-9999.0000	-9999.0000	19.2294	2	0	49.9384	1.0000	99	9	-9999.0000	17006	7486	-9999	2349	2439	-9999	286.6564	5	0.5649	0.5724	-0.0008	39.4760	2.6073	482.2192	441.7827	35.6944	471.5640	95.0926	478.1225	96.0880	481.6906	95.1389	485.7270	94.9074	
29/08/2017	00:39:37	011992	G523130052HLR	L523	S		443.1665	1.0292	5.7098	100.0330	39.8976	0.8430	0.8282	5.0000	18.3898	508.0992	94.9074	10.1793	24.6000	0.9300	0.9454	0.5726	-0.0008	508.0000	508.3896	1.0275	8.7885	100.0038	39.7535	0.8230	0.8267	5.0000	-9999.0000	-9999.0000	-9999.0000	-9999.0000	-9999.0000	-9999.0000	18.9244	3	0	24.9790	1.0000	99	9	-9999.0000	17007	7487	-9999	2350	2440	-9999	286.7346	5	0.5650	0.5726	-0.0008	38.6692	2.6992	485.3978	456.5760	36.6898	473.6556	95.4861	479.1570	95.7870	483.5823	95.2778	488.0710	95.0000	
29/08/2017	00:40:02	011992	G523130068HLR	L523	S		438.8453	1.0292	6.2182	100.0378	39.8209	0.8430	0.8285	5.0000	18.5092	508.0628	94.9537	11.5396	24.6000	0.9300	0.9454	0.5732	-0.0009	508.0000	509.4906	1.0275	8.6796	100.0154	40.0792	0.8230	0.8271	5.0000	-9999.0000	-9999.0000	-9999.0000	-9999.0000	-9999.0000	-9999.0000	19.2288	4	0	24.9585	1.0000	99	9	-9999.0000	17008	7488	-9999	2351	2441	-9999	286.2099	5	0.5651	0.5732	-0.0009	38.1831	2.7807	472.8450	430.0465	35.3472	459.0142	95.6944	471.3897	95.5556	477.5190	95.3241	481.7942	95.0463	
29/08/2017	00:40:33	011992	G523130056HLR	L523	S		441.4883	1.0292	5.9073	100.0174	39.9727	0.8430	0.8285	5.0000	20.8193	508.0391	94.9769	10.9195	24.6000	0.9300	0.9453	0.5723	-0.0008	508.0000	508.2475	1.0275	8.8026	100.0307	39.6864	0.8230	0.8260	5.0000	-9999.0000	-9999.0000	-9999.0000	-9999.0000	-9999.0000	-9999.0000	19.7196	5	0	30.7392	1.0000	99	9	-9999.0000	17008	7489	-9999	2352	2442	-9999	286.3747	5	0.5647	0.5723	-0.0008	37.6925	2.8242	484.1925	454.2667	37.5694	474.7976	95.8565	478.4936	95.3704	483.9017	95.4398	486.7547	95.0000	
29/08/2017	00:41:01	011992	G523130055HLR	L523	S		441.2730	1.0292	5.9326	100.0245	40.0453	0.8430	0.8286	5.0000	18.8695	508.0474	94.9769	11.0094	24.6000	0.9300	0.9453	0.5740	-0.0010	508.0000	507.9753	1.0275	8.8295	99.9270	39.8000	0.8230	0.8275	5.0000	-9999.0000	-9999.0000	-9999.0000	-9999.0000	-9999.0000	-9999.0000	18.9507	6	0	28.3885	1.0000	99	9	-9999.0000	17009	7490	-9999	2353	2443	-9999	286.2957	5	0.5644	0.5740	-0.0010	41.4147	2.4219	479.7237	461.3729	36.9676	469.3210	95.2778	475.3689	95.6944	479.0190	95.3241	482.9169	94.9537	
29/08/2017	00:41:26	011992	G523130073HLR	L523	S		440.2274	1.0292	6.0556	100.0376	39.9297	0.8430	0.8283	5.0000	18.5500	508.1048	95.0000	12.4097	24.7000	0.9300	0.9454	0.5735	-0.0009	508.0000	510.2399	1.0275	8.6054	100.0456	40.1934	0.8230	0.8278	5.0000	-9999.0000	-9999.0000	-9999.0000	-9999.0000	-9999.0000	-9999.0000	19.6593	7	0	24.8594	1.0000	99	9	-9999.0000	17009	7491	-9999	2354	2444	-9999	285.8490	5	0.5642	0.5735	-0.0009	42.7594	2.2854	479.7339	434.2467	38.2176	467.8846	94.7917	479.6848	95.8796	481.4488	95.2546	484.3089	94.9537	
29/08/2017	00:41:51	011992	G523130079HLR	L523	S		441.4081	1.0292	5.9167	100.0090	40.0014	0.8430	0.8286	5.0000	18.4326	508.0867	95.0000	10.8697	24.6000	0.9300	0.9455	0.5743	-0.0010	508.0000	507.9424	1.0275	8.8328	100.0371	39.9279	0.8230	0.8265	5.0000	-9999.0000	-9999.0000	-9999.0000	-9999.0000	-9999.0000	-9999.0000	19.2586	8	0	24.8317	1.0000	99	9	-9999.0000	17010	7492	-9999	2355	2445	-9999	286.3378	5	0.5639	0.5743	-0.0010	41.5468	2.4201	482.1779	460.4140	36.8750	474.3018	95.6481	474.8575	95.5093	480.1578	95.1620	483.6512	94.9074	
29/08/2017	00:42:16	011992	G523127654HLR	L523	S		419.0339	1.0292	8.5490	100.0024	39.8401	0.8430	0.8284	5.0000	18.4593	508.0796	95.0231	19.7893	24.5000	0.9300	0.9453	0.5690	-0.0005	508.0000	505.0791	1.0275	9.1161	100.0271	39.5944	0.8230	0.8261	5.0000	-9999.0000	-9999.0000	-9999.0000	-9999.0000	-9999.0000	-9999.0000	19.7586	1	0	24.9067	1.0000	99	9	-9999.0000	17011	7493	-9999	2356	2446	-9999	281.8995	5	0.5635	0.5690	-0.0005	41.2540	2.4068	451.0319	443.5674	35.9259	439.1151	96.3426	440.8209	95.6019	447.5487	95.5324	450.9034	95.0694	
29/08/2017	00:42:41	011992	G523130554HLR	L523	S		433.7916	1.0292	6.8128	100.0027	39.9148	0.8430	0.8287	5.0000	18.3693	508.1011	94.9306	17.5287	24.5000	0.9300	0.9453	0.5766	-0.0012	508.0000	510.9575	1.0275	8.5344	99.9822	39.8639	0.8230	0.8278	5.0000	-9999.0000	-9999.0000	-9999.0000	-9999.0000	-9999.0000	-9999.0000	19.4797	2	0	24.8086	1.0000	99	9	-9999.0000	17012	7494	-9999	2357	2447	-9999	284.4759	5	0.5632	0.5766	-0.0012	42.8534	2.2465	468.2509	466.2496	37.3380	462.2257	96.0880	456.2802	95.1157	461.2300	95.0000	465.8358	94.9074	
29/08/2017	00:43:07	011992	G523130512HLR	L523	S		438.0088	1.0292	6.3166	99.9942	40.0248	0.8430	0.8285	5.0000	19.5090	508.0584	94.9537	12.6089	24.5000	0.9300	0.9453	0.5766	-0.0012	508.0000	507.1288	1.0275	8.9133	99.9836	40.2499	0.8230	0.8282	5.0000	-9999.0000	-9999.0000	-9999.0000	-9999.0000	-9999.0000	-9999.0000	18.8294	3	0	26.5293	1.0000	99	9	-9999.0000	17013	7495	-9999	2358	2448	-9999	285.1034	5	0.5632	0.5766	-0.0012	42.8534	2.2465	472.6149	453.0979	37.4769	463.5883	95.5556	466.8430	96.0417	471.6176	95.1389	474.4010	94.9306	
29/08/2017	00:43:32	011992	G523130547HLR	L523	S		435.0729	1.0292	6.6620	100.0190	39.8597	0.8430	0.8283	5.0000	18.4086	508.0787	95.0000	13.5795	24.5000	0.9300	0.9452	0.5774	-0.0013	508.0000	506.7026	1.0275	8.9555	100.1668	40.0631	0.8230	0.8267	5.0000	-9999.0000	-9999.0000	-9999.0000	-9999.0000	-9999.0000	-9999.0000	19.2184	4	0	25.0187	1.0000	99	9	-9999.0000	17014	7496	-9999	2359	2449	-9999	284.4029	5	0.5632	0.5774	-0.0013	44.8064	2.0313	469.1734	432.8940	37.6620	460.4054	95.2778	460.6780	95.3935	465.9231	95.2778	470.2212	94.9537	
29/08/2017	00:43:59	011992	G523130548HLR	L523	S		437.5069	1.0292	6.3757	100.0323	39.8204	0.8430	0.8285	5.0000	19.3401	508.1050	94.9537	13.8999	24.5000	0.9300	0.9452	0.5794	-0.0015	508.0000	507.7901	1.0275	8.8479	99.9680	39.6766	0.8230	0.8260	5.0000	-9999.0000	-9999.0000	-9999.0000	-9999.0000	-9999.0000	-9999.0000	19.2694	5	0	26.3397	1.0000	99	9	-9999.0000	17015	7497	-9999	2360	2450	-9999	283.8574	5	0.5629	0.5794	-0.0015	43.7045	2.1294	468.9859	439.9357	37.7315	460.4677	95.6713	458.7026	95.6481	464.4235	95.1852	468.1830	94.9074	
29/08/2017	00:44:24	011992	G523130511HLR	L523	S		439.8896	1.0292	6.0953	100.0242	40.0068	0.8430	0.8289	5.0000	18.4729	508.0829	94.9769	12.4897	24.5000	0.9300	0.9454	0.5739	-0.0010	508.0000	508.2313	1.0275	8.8042	100.0612	39.8000	0.8230	0.8272	5.0000	-9999.0000	-9999.0000	-9999.0000	-9999.0000	-9999.0000	-9999.0000	19.5411	6	0	24.8085	1.0000	99	9	-9999.0000	17016	7498	-9999	2361	2451	-9999	285.3937	5	0.5620	0.5739	-0.0010	42.8521	2.1822	474.2358	458.6454	36.1111	465.6833	95.6944	469.2839	95.5093	475.1184	95.2546	476.9983	94.8843	
29/08/2017	00:44:50	011992	G523130568HLR	L523	S		433.3693	1.0292	6.8624	100.0172	40.0383	0.8430	0.8285	5.0000	18.5598	508.1269	94.8843	15.6596	24.5000	0.9300	0.9454	0.5742	-0.0010	508.0000	507.6337	1.0275	8.8633	99.9906	40.1000	0.8230	0.8280	5.0000	-9999.0000	-9999.0000	-9999.0000	-9999.0000	-9999.0000	-9999.0000	19.0989	7	0	26.0988	1.0000	99	9	-9999.0000	17017	7499	-9999	2362	2452	-9999	283.9248	5	0.5618	0.5742	-0.0010	42.7187	2.1902	466.8177	454.1480	36.4120	458.4028	96.0880	455.4892	94.9074	460.9676	95.2778	464.4430	95.1157	
29/08/2017	00:45:16	011992	G523130560HLR	L523	S		436.8351	1.0292	6.4547	100.0432	39.8449	0.8430	0.8282	5.0000	18.7892	508.1495	94.9306	14.0288	24.6000	0.9300	0.9454	0.5726	-0.0008	508.0000	507.7132	1.0275	8.8555	99.9064	40.0555	0.8230	0.8269	5.0000	-9999.0000	-9999.0000	-9999.0000	-9999.0000	-9999.0000	-9999.0000	19.0548	8	0	26.2598	1.0000	99	9	-9999.0000	17018	7500	-9999	2363	2452	-9999	285.1268	5	0.5616	0.5726	-0.0008	48.9049	1.6310	470.7960	454.3866	37.4769	453.9753	95.8102	460.2858	95.2546	466.4828	95.0926	471.4868	94.9074	
29/08/2017	00:45:41	011992	G523130564HLR	L523	S		432.9918	1.0292	6.9068	100.0355	39.8385	0.8430	0.8286	5.0000	18.3899	508.0752	94.8380	15.4399	24.5000	0.9300	0.9454	0.5746	-0.0010	508.0000	506.9448	1.0275	8.9315	100.0142	39.6800	0.8230	0.8260	5.0000	-9999.0000	-9999.0000	-9999.0000	-9999.0000	-9999.0000	-9999.0000	20.0043	1	0	25.2491	1.0000	99	9	-9999.0000	17019	7501	-9999	2364	2453	-9999	283.9500	5	0.5611	0.5746	-0.0010	49.7196	1.5625	460.7641	444.2998	36.7593	449.5476	95.7870	453.4460	95.0463	460.6356	95.4630	464.9655	94.9306	
29/08/2017	00:46:32	011992	G523130555HLR	L523	S		434.6320	1.0292	6.7139	100.0347	40.0329	0.8430	0.8285	5.0000	18.2987	508.0916	94.8380	15.1791	24.6000	0.9300	0.9454	0.5744	-0.0010	508.0000	508.4361	1.0275	8.7839	100.0168	40.1321	0.8230	0.8278	5.0000	-9999.0000	-9999.0000	-9999.0000	-9999.0000	-9999.0000	-9999.0000	18.9087	3	0	24.9202	1.0000	99	9	-9999.0000	17021	7502	-9999	2366	2454	-9999	284.3194	5	0.5606	0.5744	-0.0010	49.1434	1.5964	460.2345	434.1106	36.0880	449.1233	95.0000	455.0260	96.0185	462.8546	95.4167	466.6558	94.7685	
29/08/2017	00:46:57	011992	G523130576HLR	L523	S		433.1253	1.0292	6.8911	100.0238	39.8349	0.8430	0.8283	5.0000	18.5793	508.0945	94.7454	15.2895	24.6000	0.9300	0.9454	0.5700	-0.0007	508.0000	508.3187	1.0275	8.7955	99.9771	39.7898	0.8230	0.8265	5.0000	-9999.0000	-9999.0000	-9999.0000	-9999.0000	-9999.0000	-9999.0000	18.9393	4	0	24.9686	1.0000	99	9	-9999.0000	17022	7503	-9999	2366	2455	-9999	284.4655	5	0.5604	0.5700	-0.0007	49.2418	1.5834	466.7577	429.7992	36.3194	457.6801	95.4167	460.3023	95.9722	466.0317	95.3241	468.7086	95.0000	
29/08/2017	00:47:22	011992	G523130570HLR	L523	S		435.9884	1.0292	6.5543	100.0286	39.8307	0.8430	0.8285	5.0000	19.4485	508.0847	94.8611	14.4194	24.5000	0.9300	0.9453	0.5733	-0.0009	508.0000	508.4469	1.0275	8.7829	100.0689	39.7000	0.8230	0.8270	5.0000	-9999.0000	-9999.0000	-9999.0000	-9999.0000	-9999.0000	-9999.0000	19.0085	5	0	24.9692	1.0000	99	9	-9999.0000	17023	7504	-9999	2367	2456	-9999	284.7625	5	0.5604	0.5733	-0.0009	48.2687	1.6469	470.6909	452.5269	37.1528	461.1193	95.6250	462.0280	95.2083	467.5397	95.2083	470.3751	94.9769	
29/08/2017	00:47:50	011992	G523130580HLR	L523	S		435.4801	1.0292	6.6141	100.0602	40.0178	0.8430	0.8288	5.0000	19.0390	508.0452	94.9074	14.8295	24.6000	0.9300	0.9453	0.5733	-0.0009	508.0000	508.4791	1.0275	8.7797	99.9354	40.0000	0.8230	0.8279	5.0000	-9999.0000	-9999.0000	-9999.0000	-9999.0000	-9999.0000	-9999.0000	19.3190	6	0	27.9684	1.0000	99	9	-9999.0000	17023	7505	-9999	2367	2457	-9999	284.5379	5	0.5604	0.5733	-0.0009	48.2687	1.6469	466.2543	470.3079	39.0278	457.4637	95.8102	458.1672	94.7222	463.5478	95.0000	467.3075	95.0231	
29/08/2017	00:48:15	011992	G523130484HLR	L523	S		435.2354	1.0292	6.6429	99.9992	40.0355	0.8430	0.8284	5.0000	18.5588	508.0877	94.9537	13.7397	24.6000	0.9300	0.9454	0.5699	-0.0007	508.0000	507.3596	1.0275	8.8905	100.0523	40.0912	0.8230	0.8273	5.0000	-9999.0000	-9999.0000	-9999.0000	-9999.0000	-9999.0000	-9999.0000	19.2795	7	0	24.9892	1.0000	99	9	-9999.0000	17024	7506	-9999	2368	2458	-9999	284.9707	5	0.5600	0.5699	-0.0007	46.9951	1.7356	472.2882	452.9548	36.9444	463.9907	95.6481	466.5476	94.8380	471.2296	95.2546	476.0061	95.0463	
29/08/2017	00:48:50	011992	G523130495HLR	L523	S		436.1380	1.0292	6.5367	100.0369	39.8275	0.8430	0.8282	5.0000	18.6593	508.1244	94.9537	13.4097	24.5000	0.9300	0.9453	0.5738	-0.0009	508.0000	507.7738	1.0275	8.8495	99.9874	39.7707	0.8230	0.8263	5.0000	-9999.0000	-9999.0000	-9999.0000	-9999.0000	-9999.0000	-9999.0000	19.3134	8	0	35.2694	1.0000	99	9	-9999.0000	17025	7507	-9999	2368	2459	-9999	285.2330	5	0.5601	0.5738	-0.0009	46.5687	1.7735	471.5154	463.6229	38.9815	464.0467	95.6019	462.6394	94.8380	469.2823	95.2546	472.8153	95.1620	
29/08/2017	00:49:15	011992	G523130517HLR	L523	S		437.4612	1.0292	6.3810	100.0311	39.8072	0.8430	0.8285	5.0000	19.3057	508.0834	94.9537	13.9995	24.5000	0.9300	0.9453	0.5720	-0.0008	508.0000	509.0692	1.0275	8.7213	100.0507	39.7000	0.8230	0.8269	5.0000	-9999.0000	-9999.0000	-9999.0000	-9999.0000	-9999.0000	-9999.0000	19.4684	1	0	25.0184	1.0000	99	9	-9999.0000	17026	7508	-9999	2369	2459	-9999	284.9322	5	0.5604	0.5720	-0.0008	45.0454	1.8844	471.6520	459.5593	38.1481	462.1090	95.4398	462.9816	95.0926	469.4060	95.2083	473.5580	95.0000	
29/08/2017	00:49:40	011992	G523130557HLR	L523	S		433.4868	1.0292	6.8486	100.0028	40.0403	0.8430	0.8289	5.0000	18.4689	508.0859	94.8611	15.7602	24.5000	0.9300	0.9452	0.5711	-0.0008	508.0000	508.2895	1.0275	8.7984	99.9241	40.1733	0.8230	0.8279	5.0000	-9999.0000	-9999.0000	-9999.0000	-9999.0000	-9999.0000	-9999.0000	19.7089	2	0	24.9288	1.0000	99	9	-9999.0000	17027	7509	-9999	2370	2460	-9999	284.1968	5	0.5601	0.5711	-0.0008	43.6820	1.9751	460.4372	445.0298	34.8380	449.1012	95.8333	455.2068	94.6296	460.6120	95.2778	466.2342	95.2083	
29/08/2017	00:50:06	011992	G523130515HLR	L523	S		440.0630	1.0292	6.0749	100.0002	40.0671	0.8430	0.8285	5.0000	18.3298	508.0759	94.9769	11.7701	24.6000	0.9300	0.9453	0.5717	-0.0008	508.0000	506.7043	1.0275	8.9553	99.9532	39.9462	0.8230	0.8267	5.0000	-9999.0000	-9999.0000	-9999.0000	-9999.0000	-9999.0000	-9999.0000	19.0293	3	0	25.6896	1.0000	99	9	-9999.0000	17028	7510	-9999	2371	2460	-9999	285.7964	5	0.5602	0.5717	-0.0008	43.3753	1.9974	474.4457	459.3617	39.1435	462.6599	95.4167	467.6740	94.6528	474.7700	95.0694	479.9295	95.1157	
29/08/2017	00:50:31	011992	G523130507HLR	L523	S		435.5552	1.0292	6.6053	100.0970	39.8126	0.8430	0.8281	5.0000	19.6438	508.0870	94.8843	14.7797	24.5000	0.9300	0.9453	0.5736	-0.0009	508.0000	508.5042	1.0275	8.7772	100.0247	39.6589	0.8230	0.8263	5.0000	-9999.0000	-9999.0000	-9999.0000	-9999.0000	-9999.0000	-9999.0000	19.3983	4	0	24.8993	1.0000	99	9	-9999.0000	17029	7511	-9999	2372	2461	-9999	284.6822	5	0.5604	0.5736	-0.0009	46.7588	1.7848	463.9123	444.0869	38.6343	452.6434	95.4861	456.9249	94.7222	463.6952	95.3704	469.9183	95.1852	
29/08/2017	00:50:55	011992	G523130499HLR	L523	S		437.3470	1.0292	6.3945	100.0443	39.8174	0.8430	0.8287	5.0000	18.5082	508.0766	94.8380	13.3091	24.6000	0.9300	0.9452	0.5756	-0.0011	508.0000	506.7324	1.0275	8.9525	99.9994	39.8000	0.8230	0.8276	5.0000	-9999.0000	-9999.0000	-9999.0000	-9999.0000	-9999.0000	-9999.0000	19.5509	5	0	24.9386	1.0000	99	9	-9999.0000	17029	7512	-9999	2373	2462	-9999	285.4132	5	0.5603	0.5756	-0.0011	52.9610	1.3625	461.9381	418.2082	36.4815	449.8282	94.9537	459.3622	95.2546	467.3663	95.3241	471.1348	95.0231	
29/08/2017	00:51:21	011992	G523130496HLR	L523	S		438.4739	1.0292	6.2619	100.0285	40.1220	0.8430	0.8288	5.0000	18.7091	508.1710	94.8380	12.5396	24.6000	0.9300	0.9453	0.5759	-0.0011	508.0000	507.6031	1.0275	8.8664	100.0309	40.1707	0.8230	0.8280	5.0000	-9999.0000	-9999.0000	-9999.0000	-9999.0000	-9999.0000	-9999.0000	19.1993	6	0	25.6787	1.0000	99	9	-9999.0000	17030	7513	-9999	2374	2463	-9999	285.9232	5	0.5602	0.5759	-0.0011	51.2137	1.4862	471.5631	448.1202	36.8750	460.9329	95.3472	465.7065	95.2083	472.6581	95.3009	477.4345	95.0000	
29/08/2017	00:51:48	011992	G523130490HLR	L523	S		438.2864	1.0292	6.2840	99.9983	39.9140	0.8430	0.8282	5.0000	18.3996	508.0712	94.8148	14.7895	24.6000	0.9300	0.9453	0.5778	-0.0012	508.0000	509.2628	1.0275	8.7021	99.9874	40.0319	0.8230	0.8266	5.0000	-9999.0000	-9999.0000	-9999.0000	-9999.0000	-9999.0000	-9999.0000	19.3951	7	0	27.0592	1.0000	99	9	-9999.0000	17031	7514	-9999	2375	2464	-9999	284.5792	5	0.5605	0.5778	-0.0012	52.2136	1.4250	466.0445	434.2976	35.8796	456.9993	95.2083	458.9936	95.9259	467.3931	95.3935	470.1081	94.8843	
29/08/2017	00:52:14	011992	G523130487HLR	L523	S		436.9981	1.0292	6.4355	99.9940	39.7896	0.8430	0.8284	5.0000	18.4193	508.0708	94.9306	13.7690	24.6000	0.9300	0.9454	0.5790	-0.0013	508.0000	507.5436	1.0275	8.8722	100.0229	39.6701	0.8230	0.8261	5.0000	-9999.0000	-9999.0000	-9999.0000	-9999.0000	-9999.0000	-9999.0000	19.3335	8	0	26.0088	1.0000	99	9	-9999.0000	17032	7515	-9999	2376	2465	-9999	285.1663	5	0.5604	0.5790	-0.0013	46.3010	1.8076	468.5718	454.8016	38.2407	460.5834	95.1157	460.1475	95.7639	466.2215	95.1157	469.9541	94.8843	
29/08/2017	00:52:39	011992	G523130521HLR	L523	S		434.4357	1.0292	6.7370	100.0295	39.9836	0.8430	0.8288	5.0000	19.5948	508.0338	95.0463	12.8794	24.6000	0.9300	0.9452	0.5796	-0.0013	508.0000	507.9272	1.0275	8.8343	99.9988	39.8000	0.8230	0.8276	5.0000	-9999.0000	-9999.0000	-9999.0000	-9999.0000	-9999.0000	-9999.0000	19.1000	1	0	24.8996	1.0000	99	9	-9999.0000	17033	7516	-9999	2377	2465	-9999	285.8117	5	0.5608	0.5796	-0.0013	42.0669	2.1062	467.2599	441.4849	36.8981	456.4073	94.6296	462.6296	95.4167	467.6276	95.1157	472.5527	95.0463	
29/08/2017	00:53:06	011992	G523130527HLR	L523	S		435.8470	1.0292	6.5709	100.0323	40.1000	0.8430	0.8287	5.0000	18.6654	508.0501	94.8611	14.8393	24.5000	0.9300	0.9453	0.5807	-0.0014	508.0000	508.2214	1.0275	8.8052	99.9987	40.1739	0.8230	0.8280	5.0000	-9999.0000	-9999.0000	-9999.0000	-9999.0000	-9999.0000	-9999.0000	19.5690	2	0	26.6190	1.0000	99	9	-9999.0000	17034	7517	-9999	2378	2466	-9999	284.4577	5	0.5612	0.5807	-0.0014	44.7726	1.9148	461.3230	435.9857	36.2963	453.1478	94.8611	453.8118	95.8796	461.1575	95.3009	464.3392	94.8611	
29/08/2017	00:53:31	011992	G523130273HLR	L523	S		435.9127	1.0292	6.5632	99.9691	39.9301	0.8430	0.8282	5.0000	18.3755	508.0448	94.8843	16.1400	24.6000	0.9300	0.9454	0.5813	-0.0015	508.0000	509.3106	1.0275	8.6974	100.0054	40.0054	0.8230	0.8267	5.0000	-9999.0000	-9999.0000	-9999.0000	-9999.0000	-9999.0000	-9999.0000	19.2585	3	0	24.9883	1.0000	99	9	-9999.0000	17035	7518	-9999	2378	2467	-9999	283.4555	5	0.5611	0.5813	-0.0015	45.8651	1.8302	461.9649	435.5238	36.8287	453.1044	95.4167	454.3524	95.6019	459.3267	95.1157	463.3222	94.8843	
29/08/2017	00:53:56	011992	G523130264HLR	L523	S		429.8695	1.0292	7.2742	100.0034	39.8026	0.8430	0.8284	5.0000	18.5192	508.1444	94.7222	15.1694	24.5000	0.9300	0.9452	0.5811	-0.0014	508.0000	507.9764	1.0275	8.8294	100.0313	39.6661	0.8230	0.8261	5.0000	-9999.0000	-9999.0000	-9999.0000	-9999.0000	-9999.0000	-9999.0000	19.2987	4	0	24.9589	1.0000	99	9	-9999.0000	17036	7519	-9999	2379	2468	-9999	284.3415	5	0.5613	0.5811	-0.0014	46.1112	1.8062	462.2116	431.7298	36.7130	451.4292	95.4861	453.4841	95.7870	459.7614	95.2083	463.4298	94.9537	
29/08/2017	00:54:22	011992	G523130274HLR	L523	S		436.5962	1.0292	6.4828	100.0231	40.0000	0.8430	0.8288	5.0000	19.4540	508.0840	94.9306	13.6596	24.6000	0.9300	0.9452	0.5812	-0.0014	508.0000	507.4018	1.0275	8.8863	100.0474	39.8000	0.8230	0.8275	5.0000	-9999.0000	-9999.0000	-9999.0000	-9999.0000	-9999.0000	-9999.0000	19.4786	5	0	26.6705	1.0000	99	9	-9999.0000	17037	7520	-9999	2379	2469	-9999	285.3801	5	0.5614	0.5812	-0.0014	47.2879	1.7196	465.5158	438.1379	36.0880	454.8666	95.5556	458.1111	95.9722	464.6245	95.2315	468.3651	94.8380	
29/08/2017	00:54:49	011992	G523130284HLR	L523	S		435.7975	1.0292	6.5768	100.0352	40.0764	0.8430	0.8286	5.0000	18.4292	508.0907	94.9306	15.8402	24.5000	0.9300	0.9453	0.5815	-0.0015	508.0000	509.2295	1.0275	8.7054	99.9883	40.1902	0.8230	0.8282	5.0000	-9999.0000	-9999.0000	-9999.0000	-9999.0000	-9999.0000	-9999.0000	18.9189	6	0	26.3081	1.0000	99	9	-9999.0000	17038	7521	-9999	2380	2470	-9999	283.7664	5	0.5612	0.5815	-0.0015	44.9474	1.8675	461.0139	437.6944	37.6389	451.9095	95.4630	449.0103	95.4630	454.9890	95.3472	460.2982	95.0231	
29/08/2017	00:55:15	011992	G523130275HLR	L523	S		436.1328	1.0292	6.5373	100.0038	39.8760	0.8430	0.8282	5.0000	18.4587	508.0393	94.8380	13.9799	24.5000	0.9300	0.9452	0.5837	-0.0016	508.0000	508.2956	1.0275	8.7978	99.9818	40.0513	0.8230	0.8267	5.0000	-9999.0000	-9999.0000	-9999.0000	-9999.0000	-9999.0000	-9999.0000	19.4189	7	0	26.1386	1.0000	99	9	-9999.0000	17039	7522	-9999	2381	2471	-9999	285.0682	5	0.5609	0.5837	-0.0016	47.7092	1.6525	463.6135	450.5794	37.0139	456.5020	95.3472	455.5024	95.3241	461.0758	95.1852	465.6170	94.9537	
29/08/2017	00:55:41	011992	G523130531HLR	L523	S		437.2303	1.0292	6.4082	100.0316	39.8188	0.8430	0.8285	5.0000	18.5688	508.1252	94.9537	13.3101	24.5000	0.9300	0.9452	0.5846	-0.0017	508.0000	508.3015	1.0275	8.7973	100.0436	39.6661	0.8230	0.8260	5.0000	-9999.0000	-9999.0000	-9999.0000	-9999.0000	-9999.0000	-9999.0000	19.6591	8	0	25.7796	1.0000	99	9	-9999.0000	17040	7523	-9999	2382	2472	-9999	285.7209	5	0.5610	0.5846	-0.0017	50.2911	1.4629	468.0632	447.4828	36.1111	459.2462	95.3704	458.6554	95.5787	465.2007	95.4861	469.3040	95.0463	
29/08/2017	00:56:08	011992	G523130260HLR	L523	S		433.5508	1.0292	6.8411	100.0272	40.0034	0.8430	0.8289	5.0000	18.4383	508.0502	94.8380	15.7797	24.6000	0.9300	0.9454	0.5875	-0.0019	508.0000	506.9844	1.0275	8.9276	100.0399	39.8000	0.8230	0.8274	5.0000	-9999.0000	-9999.0000	-9999.0000	-9999.0000	-9999.0000	-9999.0000	19.8185	1	0	27.0487	1.0000	99	9	-9999.0000	17041	7524	-9999	2383	2473	-9999	283.4447	5	0.5608	0.5875	-0.0019	53.0313	1.2777	451.6856	462.2947	38.8194	442.7877	95.5324	445.1197	95.1852	452.1537	95.1852	455.9877	95.0000	
29/08/2017	00:56:33	011992	G523130261HLR	L523	S		432.9120	1.0292	6.9162	100.0005	40.0365	0.8430	0.8284	5.0000	19.8390	508.1390	94.8380	15.5795	24.5000	0.9300	0.9453	0.5883	-0.0019	508.0000	507.2552	1.0275	8.9008	99.9883	40.2000	0.8230	0.8282	5.0000	-9999.0000	-9999.0000	-9999.0000	-9999.0000	-9999.0000	-9999.0000	18.8688	2	0	25.4394	1.0000	99	9	-9999.0000	17042	7525	-9999	2384	2474	-9999	283.6475	5	0.5606	0.5883	-0.0019	53.0248	1.2716	455.3467	448.1483	36.6898	447.2746	95.3241	446.5832	95.8796	453.5303	95.2546	458.9436	94.8611	
29/08/2017	00:56:58	011992	G523130268HLR	L523	Q		434.0332	1.0292	6.7843	100.0156	39.8671	0.8430	0.8283	5.0000	18.3088	508.0840	94.8380	15.2192	24.5000	0.9300	0.9453	0.5872	-0.0019	508.0000	507.1531	1.0275	8.9109	100.0137	40.0028	0.8230	0.8263	5.0000	-9999.0000	-9999.0000	-9999.0000	-9999.0000	-9999.0000	-9999.0000	20.2685	3	0	25.4593	1.0000	99	9	-9999.0000	17043	7526	-9999	2385	2475	-9999	284.0197	5	0.5603	0.5872	-0.0019	54.7842	1.1642	458.8493	441.4911	38.0324	452.6736	95.3241	447.6578	95.5556	454.9375	95.1852	460.3358	94.9074	
29/08/2017	00:57:24	011992	G523130254HLR	L523	Q		436.0155	1.0292	6.5511	100.0297	39.8491	0.8430	0.8286	5.0000	18.4587	508.0966	94.8611	15.0102	24.5000	0.9300	0.9453	0.5881	-0.0019	508.0000	508.2437	1.0275	8.8030	100.0775	39.6575	0.8230	0.8260	5.0000	-9999.0000	-9999.0000	-9999.0000	-9999.0000	-9999.0000	-9999.0000	19.3996	4	0	25.4490	1.0000	99	9	-9999.0000	17044	7527	-9999	2386	2476	-9999	284.1248	5	0.5602	0.5881	-0.0019	58.0067	0.9531	453.9559	432.1143	37.0370	440.6201	95.4167	447.9879	95.7407	455.9462	95.1620	459.9968	94.8843	
29/08/2017	00:57:51	011992	G523130245HLR	L523	S		434.8875	1.0292	6.6838	100.0667	40.0232	0.8430	0.8288	5.0000	18.8089	508.1347	94.8148	15.2992	24.5000	0.9300	0.9453	0.5858	-0.0018	508.0000	508.8334	1.0275	8.7446	99.9890	39.8000	0.8230	0.8274	5.0000	-9999.0000	-9999.0000	-9999.0000	-9999.0000	-9999.0000	-9999.0000	19.8483	5	0	26.9590	1.0000	99	9	-9999.0000	17045	7528	-9999	2387	2477	-9999	284.0626	5	0.5603	0.5858	-0.0018	57.3344	1.0106	456.5845	448.4293	35.9028	448.3876	95.5787	450.3330	94.7685	456.0799	95.3241	461.3359	95.0231	
29/08/2017	00:58:17	011992	G523130354HLR	L523	S		433.3446	1.0292	6.8653	99.9830	40.0277	0.8430	0.8284	5.0000	18.6193	508.1039	94.8611	14.2895	24.5000	0.9300	0.9453	0.5846	-0.0017	508.0000	508.3070	1.0275	8.7967	99.9939	40.2000	0.8230	0.8282	5.0000	-9999.0000	-9999.0000	-9999.0000	-9999.0000	-9999.0000	-9999.0000	19.2393	6	0	26.6289	1.0000	99	9	-9999.0000	17046	7529	-9999	2388	2478	-9999	284.9704	5	0.5600	0.5846	-0.0017	57.5895	1.0087	460.1886	443.0097	37.4306	453.3027	95.7176	452.5373	94.7454	457.5658	95.0694	462.9593	94.9306	
29/08/2017	00:58:45	011992	G523130340HLR	L523	S		436.4520	1.0292	6.4998	100.0535	39.8140	0.8430	0.8281	5.0000	19.3584	508.1332	94.8843	14.5102	24.5000	0.9300	0.9453	0.5855	-0.0017	508.0000	509.1438	1.0275	8.7139	99.9555	40.0808	0.8230	0.8268	5.0000	-9999.0000	-9999.0000	-9999.0000	-9999.0000	-9999.0000	-9999.0000	19.0087	7	0	27.0888	1.0000	99	9	-9999.0000	17047	7530	-9999	2389	2479	-9999	284.8336	5	0.5597	0.5855	-0.0017	57.7611	0.9975	460.7869	460.3783	37.7778	452.0877	95.1852	453.9327	95.2315	461.4026	95.2315	465.0412	95.0926	
29/08/2017	00:59:11	011992	G523130350HLR	L523	S		434.1730	1.0292	6.7679	100.0524	39.8487	0.8430	0.8286	5.0000	19.1181	508.1187	94.8148	14.6391	24.5000	0.9300	0.9452	0.5856	-0.0017	508.0000	507.6896	1.0275	8.8578	100.0340	39.7279	0.8230	0.8262	5.0000	-9999.0000	-9999.0000	-9999.0000	-9999.0000	-9999.0000	-9999.0000	18.7597	8	0	26.3995	1.0000	99	9	-9999.0000	17048	7531	-9999	2390	2480	-9999	284.7252	5	0.5596	0.5856	-0.0017	57.5854	1.0080	452.9666	447.1034	37.2454	440.2251	95.2546	449.5695	95.4398	457.7459	95.4167	462.5945	95.0231	
29/08/2017	00:59:36	011992	G523130344HLR	L523	S		432.9513	1.0292	6.9116	100.0117	40.0521	0.8430	0.8289	5.0000	18.4886	508.0844	94.8148	14.6694	24.5000	0.9300	0.9453	0.5837	-0.0016	508.0000	507.6055	1.0275	8.8661	99.9545	39.8000	0.8230	0.8274	5.0000	-9999.0000	-9999.0000	-9999.0000	-9999.0000	-9999.0000	-9999.0000	19.0977	1	0	25.1885	1.0000	99	9	-9999.0000	17048	7532	-9999	2390	2481	-9999	284.6660	5	0.5598	0.5837	-0.0016	55.5607	1.1555	453.7187	439.5521	36.9676	443.0545	94.8843	450.4616	95.3241	457.5908	95.2083	462.1040	94.9769	
29/08/2017	01:00:02	011992	G523130358HLR	L523	S		435.4182	1.0292	6.6214	100.0212	40.0429	0.8430	0.8284	5.0000	18.7118	508.1187	94.7685	14.7192	24.5000	0.9300	0.9452	0.5839	-0.0016	508.0000	508.5656	1.0275	8.7711	100.0938	40.1496	0.8230	0.8279	5.0000	-9999.0000	-9999.0000	-9999.0000	-9999.0000	-9999.0000	-9999.0000	19.4683	2	0	25.7988	1.0000	99	9	-9999.0000	17049	7533	-9999	2391	2482	-9999	284.6163	5	0.5599	0.5839	-0.0016	56.3809	1.1054	464.2832	446.9490	36.4815	457.2295	95.4167	453.9052	95.3241	459.8759	95.4630	464.1307	95.0694	
29/08/2017	01:00:27	011992	G523130362HLR	L523	S		431.8559	1.0292	7.0405	100.0315	39.8287	0.8430	0.8282	5.0000	18.4492	508.0909	94.7917	16.1293	24.5000	0.9300	0.9454	0.5811	-0.0014	508.0000	508.8475	1.0275	8.7432	100.1455	40.0443	0.8230	0.8269	5.0000	-9999.0000	-9999.0000	-9999.0000	-9999.0000	-9999.0000	-9999.0000	18.9585	3	0	25.0197	1.0000	99	9	-9999.0000	17049	7534	-9999	2392	2483	-9999	283.4449	5	0.5596	0.5811	-0.0014	57.9900	1.0004	454.2375	437.7575	36.5509	442.9244	95.3704	446.8654	95.3704	454.0615	95.2315	458.9174	94.9769	
29/08/2017	01:00:53	011992	G523130370HLR	L523	S		432.4749	1.0292	6.9677	100.0475	39.8337	0.8430	0.8286	5.0000	19.7491	508.0416	94.7917	15.5698	24.5000	0.9300	0.9454	0.5785	-0.0013	508.0000	507.5879	1.0275	8.8679	99.9954	39.7088	0.8230	0.8263	5.0000	-9999.0000	-9999.0000	-9999.0000	-9999.0000	-9999.0000	-9999.0000	19.0183	4	0	26.3691	1.0000	99	9	-9999.0000	17050	7535	-9999	2392	2484	-9999	284.0143	5	0.5599	0.5785	-0.0013	58.6886	0.9708	459.3941	454.4568	38.2639	449.4160	95.1389	452.1362	95.4398	457.6181	95.1389	462.7674	94.9306	
29/08/2017	01:01:20	011992	G523130364HLR	L523	S		432.9799	1.0292	6.9083	99.9913	40.0855	0.8430	0.8289	5.0000	18.4526	508.0667	94.9306	14.2591	24.6000	0.9300	0.9454	0.5792	-0.0013	508.0000	506.8023	1.0275	8.9456	100.1617	39.8000	0.8230	0.8275	5.0000	-9999.0000	-9999.0000	-9999.0000	-9999.0000	-9999.0000	-9999.0000	19.1576	5	0	26.2188	1.0000	99	9	-9999.0000	17051	7536	-9999	2393	2485	-9999	284.9201	5	0.5599	0.5792	-0.0013	62.0668	0.7591	462.6079	454.6674	35.6713	455.0383	95.8333	455.5310	95.0231	461.5784	95.2083	465.8768	94.8380	
29/08/2017	01:01:47	011992	G523130008HLR	L523	S		433.9870	1.0292	6.7898	100.0036	40.0259	0.8430	0.8284	5.0000	18.4896	508.0559	94.8148	15.0795	24.5000	0.9300	0.9453	0.5766	-0.0011	508.0000	509.5057	1.0275	8.6781	99.9894	40.1236	0.8230	0.8277	5.0000	-9999.0000	-9999.0000	-9999.0000	-9999.0000	-9999.0000	-9999.0000	20.0843	6	0	25.6269	1.0000	99	9	-9999.0000	17051	7537	-9999	2394	2486	-9999	284.3296	5	0.5597	0.5766	-0.0011	76.1077	-0.1674	465.2320	436.2149	35.5787	455.0768	95.6250	455.2518	95.0463	462.5373	95.3472	465.9749	95.1157	
29/08/2017	01:02:13	011992	G523130379HLR	L523	S		435.9372	1.0292	6.5603	100.0486	39.7725	0.8430	0.8280	5.0000	19.7298	508.1331	94.9769	13.4399	24.5000	0.9300	0.9452	0.5861	-0.0018	508.0000	508.4731	1.0275	8.7803	99.9816	40.0108	0.8230	0.8267	5.0000	-9999.0000	-9999.0000	-9999.0000	-9999.0000	-9999.0000	-9999.0000	19.3283	7	0	25.3824	1.0000	99	9	-9999.0000	17052	7538	-9999	2395	2487	-9999	285.7789	5	0.5595	0.5861	-0.0018	61.3243	0.8318	459.2488	447.6059	36.2269	447.3224	95.0926	454.7116	95.4630	461.3952	95.0926	467.2291	94.9306	
29/08/2017	01:02:38	011992	G523129990HLR	L523	S		431.1996	1.0292	7.1177	100.0165	39.8441	0.8430	0.8288	5.0000	18.3391	508.0669	94.8611	15.5687	24.5000	0.9300	0.9452	0.5852	-0.0017	508.0000	508.2826	1.0275	8.7991	100.0829	39.7168	0.8230	0.8263	5.0000	-9999.0000	-9999.0000	-9999.0000	-9999.0000	-9999.0000	-9999.0000	18.9627	8	0	25.1274	1.0000	99	9	-9999.0000	17053	7539	-9999	2396	2488	-9999	283.8680	5	0.5595	0.5852	-0.0017	52.1397	1.4550	454.3995	447.3812	36.8750	446.2723	95.2546	448.2393	95.9259	454.8643	95.3009	458.3893	94.8148	
29/08/2017	01:03:04	011992	G523130009HLR	L523	S		433.2175	1.0292	6.8803	100.0047	40.1164	0.8430	0.8290	5.0000	18.4290	508.0512	94.9306	14.5698	24.6000	0.9300	0.9453	0.5908	-0.0021	508.0000	507.5759	1.0275	8.8691	100.0087	39.8000	0.8230	0.8275	5.0000	-9999.0000	-9999.0000	-9999.0000	-9999.0000	-9999.0000	-9999.0000	19.2125	1	0	25.9094	1.0000	99	9	-9999.0000	17054	7540	-9999	2397	2489	-9999	284.7651	5	0.5597	0.5908	-0.0021	54.1480	1.3382	454.0651	433.8515	35.2778	443.6999	95.3935	447.4052	95.4861	453.6403	95.2546	458.5660	94.9074	
29/08/2017	01:03:29	011992	G523130383HLR	L523	S		434.1444	1.0292	6.7712	100.0645	40.0275	0.8430	0.8283	5.0000	18.9097	508.0924	94.8611	14.2993	24.6000	0.9300	0.9453	0.5912	-0.0021	508.0000	508.7391	1.0275	8.7539	99.9973	40.1369	0.8230	0.8280	5.0000	-9999.0000	-9999.0000	-9999.0000	-9999.0000	-9999.0000	-9999.0000	19.1932	2	0	25.4991	1.0000	99	9	-9999.0000	17055	7541	-9999	2398	2490	-9999	285.0817	5	0.5596	0.5912	-0.0021	52.4052	1.4765	454.6697	429.9493	36.0880	442.9428	95.2778	449.4894	95.6250	456.4585	95.2546	460.8396	94.9074	
29/08/2017	01:03:54	011992	G523129998HLR	L523	S		433.8360	1.0292	6.8075	100.0456	39.7659	0.8430	0.8281	5.0000	19.0558	508.0711	94.8611	14.3295	24.5000	0.9300	0.9454	0.5872	-0.0018	508.0000	509.1645	1.0275	8.7118	100.1710	40.0283	0.8230	0.8267	5.0000	-9999.0000	-9999.0000	-9999.0000	-9999.0000	-9999.0000	-9999.0000	20.1182	3	0	24.4395	1.0000	99	9	-9999.0000	17056	7542	-9999	2399	2491	-9999	284.9289	5	0.5600	0.5872	-0.0018	51.9070	1.5203	459.2515	430.1364	35.2083	449.8507	95.3009	452.4028	95.7639	459.0546	95.3704	463.6242	95.0231	
29/08/2017	01:04:09	011992	G523130374HLR	L523	S		435.3461	1.0292	6.6299	100.0980	39.9000	0.8430	0.8289	5.0000	18.8689	508.0936	94.9074	13.4399	24.6000	0.9300	0.9452	0.5875	-0.0019	508.0000	508.0584	1.0275	8.8213	100.0207	39.6745	0.8230	0.8260	5.0000	-9999.0000	-9999.0000	-9999.0000	-9999.0000	-9999.0000	-9999.0000	19.8102	4	0	15.2337	1.0000	99	9	-9999.0000	17057	7543	-9999	2400	2492	-9999	285.8776	5	0.5598	0.5875	-0.0019	47.0307	1.8495	458.8434	428.9257	34.9537	448.0548	95.2778	454.5749	95.6019	461.5817	95.2315	466.4166	95.0231	
29/08/2017	01:08:42	011992	G523130940HLR	L523	S		433.3994	1.0292	6.8589	99.9350	39.6018	0.8430	0.8282	5.0000	18.4076	508.1284	95.0694	13.8394	24.7000	0.9300	0.9455	0.5873	-0.0019	508.0000	507.7302	1.0275	8.8538	100.0356	39.9661	0.8230	0.8275	5.0000	-9999.0000	-9999.0000	-9999.0000	-9999.0000	-9999.0000	-9999.0000	19.8576	5	0	27.3096	1.0000	04	2	-9999.0000	17057	7544	-9999	2400	2493	-9999	285.4491	5	0.5601	0.5873	-0.0019	50.1295	1.6764	456.5172	392.2031	34.3287	442.4891	95.4167	453.1251	96.1111	460.6006	95.3472	464.3491	94.9306	
29/08/2017	01:09:09	011992	G523130942HLR	L523	S		425.6476	1.0292	7.7709	100.0143	39.5000	0.8430	0.8286	5.0000	21.0851	508.0665	94.8843	16.1000	24.6000	0.9300	0.9454	0.5873	-0.0019	508.0000	507.1796	1.0275	8.9083	100.1239	39.4783	0.8230	0.8263	5.0000	-9999.0000	-9999.0000	-9999.0000	-9999.0000	-9999.0000	-9999.0000	19.2664	6	0	26.9288	1.0000	04	2	-9999.0000	17058	7545	-9999	2401	2494	-9999	283.2755	5	0.5601	0.5873	-0.0019	50.1295	1.6764	442.8914	410.1635	34.3750	429.7948	96.0417	443.4133	95.7639	449.1117	95.1389	453.8683	94.8148	
29/08/2017	01:09:37	011992	G523130947HLR	L523	S		432.1621	1.0292	7.0045	100.0016	40.1000	0.8430	0.8297	5.0000	18.7555	508.1291	94.7454	15.2993	24.5000	0.9300	0.9453	0.5873	-0.0019	508.0000	508.8333	1.0275	8.7446	99.9638	39.7000	0.8230	0.8282	5.0000	-9999.0000	-9999.0000	-9999.0000	-9999.0000	-9999.0000	-9999.0000	19.3011	7	0	27.4002	1.0000	04	2	-9999.0000	17058	7546	-9999	2402	2495	-9999	284.0967	5	0.5601	0.5873	-0.0019	50.1295	1.6764	456.2949	421.0321	33.8657	444.0996	95.9491	449.8328	95.8102	456.2407	95.1852	460.1866	95.0000	
29/08/2017	01:10:03	011992	G523130949HLR	L523	S		419.9427	1.0292	8.4420	100.0361	40.1349	0.8430	0.8285	5.0000	19.3684	508.0499	94.8380	15.7299	24.5000	0.9300	0.9453	0.5873	-0.0019	508.0000	508.0089	1.0275	8.8262	99.9939	40.2000	0.8230	0.8287	5.0000	-9999.0000	-9999.0000	-9999.0000	-9999.0000	-9999.0000	-9999.0000	18.8093	8	0	26.8307	1.0000	04	2	-9999.0000	17059	7547	-9999	2402	2496	-9999	283.5972	5	0.5601	0.5873	-0.0019	50.1295	1.6764	448.5085	437.6613	37.2222	437.4013	95.1620	444.3109	95.6481	450.0617	95.2315	454.5185	95.0463	
29/08/2017	01:10:30	011992	G523130948HLR	L523	S		429.1172	1.0292	7.3627	100.0469	39.6176	0.8430	0.8277	5.0000	19.0101	508.0534	94.9537	16.1888	24.5000	0.9300	0.9451	0.5865	-0.0018	508.0000	506.6611	1.0275	8.9596	99.9365	39.9132	0.8230	0.8266	5.0000	-9999.0000	-9999.0000	-9999.0000	-9999.0000	-9999.0000	-9999.0000	18.7417	1	0	27.0396	1.0000	04	2	-9999.0000	17060	7548	-9999	2403	2497	-9999	283.2888	5	0.5606	0.5865	-0.0018	49.6224	1.7306	448.8282	430.6914	37.7315	437.9795	95.9028	443.0126	95.1620	450.7479	95.1389	455.1612	94.9306	
29/08/2017	01:11:04	011992	G523130951HLR	L523	S		431.6239	1.0292	7.0678	100.0383	39.6000	0.8430	0.8288	5.0000	19.2858	508.0861	94.8380	15.2895	24.5000	0.9300	0.9451	0.5857	-0.0017	508.0000	507.4694	1.0275	8.8796	99.9612	39.4653	0.8230	0.8262	5.0000	-9999.0000	-9999.0000	-9999.0000	-9999.0000	-9999.0000	-9999.0000	19.0674	2	0	33.9633	1.0000	04	2	-9999.0000	17061	7549	-9999	2404	2498	-9999	284.1525	5	0.5605	0.5857	-0.0017	47.6963	1.8701	456.0792	449.0856	37.0139	446.3692	95.5787	449.4470	95.6481	455.9032	95.1389	460.0179	94.9074	
29/08/2017	01:11:38	011992	G523130950HLR	L523	S		428.8812	1.0292	7.3904	100.0310	40.1420	0.8430	0.8295	5.0000	18.6257	508.0673	94.8843	15.7494	24.5000	0.9300	0.9452	0.5862	-0.0018	508.0000	509.4454	1.0275	8.6840	100.0426	39.8862	0.8230	0.8284	5.0000	-9999.0000	-9999.0000	-9999.0000	-9999.0000	-9999.0000	-9999.0000	19.8427	3	0	31.8459	1.0000	04	2	-9999.0000	17062	7550	-9999	2405	2499	-9999	283.5831	5	0.5602	0.5862	-0.0018	47.1744	1.9138	452.5100	431.7040	36.7361	443.6887	95.3472	446.2625	95.1852	452.1979	95.0926	457.8227	95.1389	
29/08/2017	01:12:08	011992	G523130957HLR	L523	S		428.3139	1.0292	7.4572	100.0168	40.0760	0.8430	0.8283	5.0000	18.5105	508.0702	94.8611	15.8998	24.5000	0.9300	0.9452	0.5851	-0.0017	508.0000	508.7924	1.0275	8.7487	99.9710	40.2064	0.8230	0.8275	5.0000	-9999.0000	-9999.0000	-9999.0000	-9999.0000	-9999.0000	-9999.0000	19.2325	4	0	31.2758	1.0000	04	2	-9999.0000	17063	7551	-9999	2406	2500	-9999	283.5690	5	0.5602	0.5851	-0.0017	46.0703	1.9952	455.7245	447.2904	35.6944	446.8454	95.7639	444.2916	95.2083	452.6127	95.4167	456.8810	95.1389	
29/08/2017	01:12:34	011992	G523130958HLR	L523	S		431.7469	1.0292	7.0533	100.0397	39.6107	0.8430	0.8279	5.0000	18.5187	508.0588	94.8843	15.8500	24.5000	0.9300	0.9453	0.5828	-0.0015	508.0000	506.8884	1.0275	8.9371	100.0548	39.6010	0.8230	0.8259	5.0000	-9999.0000	-9999.0000	-9999.0000	-9999.0000	-9999.0000	-9999.0000	20.8283	5	0	26.2671	1.0000	04	2	-9999.0000	17064	7552	-9999	2406	2501	-9999	283.7787	5	0.5599	0.5828	-0.0015	50.1722	1.7125	454.8783	423.5826	36.1574	444.1031	95.7639	449.3434	95.3009	457.1715	95.2778	462.4926	95.0926	
29/08/2017	01:13:01	011992	G523130944HLR	L523	S		436.0890	1.0292	6.5425	100.0211	39.8000	0.8430	0.8289	5.0000	19.8597	508.0949	94.9306	13.8491	24.6000	0.9300	0.9452	0.5818	-0.0015	508.0000	508.4673	1.0275	8.7808	99.9989	39.7000	0.8230	0.8276	5.0000	-9999.0000	-9999.0000	-9999.0000	-9999.0000	-9999.0000	-9999.0000	19.8443	6	0	27.1895	1.0000	04	2	-9999.0000	17065	7553	-9999	2406	2501	-9999	285.5634	5	0.5600	0.5818	-0.0015	51.5872	1.6089	455.7880	214.3851	26.2963	414.4637	97.2454	455.1606	94.4444	462.7484	95.1620	468.3571	95.2083	
29/08/2017	01:13:29	011992	G523130959HLR	L523	S		425.1425	1.0292	7.8303	100.0576	40.1589	0.8430	0.8291	5.0000	18.8525	508.0501	94.7685	15.5893	24.6000	0.9300	0.9452	0.5834	-0.0016	508.0000	509.5855	1.0275	8.6702	100.0117	40.1391	0.8230	0.8281	5.0000	-9999.0000	-9999.0000	-9999.0000	-9999.0000	-9999.0000	-9999.0000	19.6895	7	0	27.8885	1.0000	04	2	-9999.0000	17066	7554	-9999	2406	2501	-9999	283.8904	5	0.5596	0.5834	-0.0016	39.1057	2.5054	455.1280	440.3435	35.7870	444.7258	95.0694	445.7857	95.2315	454.4071	95.4167	459.4838	95.1620	
29/08/2017	01:13:56	011992	G523130956HLR	L523	S		428.1753	1.0292	7.4735	100.0594	39.8579	0.8430	0.8280	5.0000	19.0225	508.0402	94.8843	16.4896	24.5000	0.9300	0.9452	0.5853	-0.0017	508.0000	509.2546	1.0275	8.7029	99.9967	39.9782	0.8230	0.8268	5.0000	-9999.0000	-9999.0000	-9999.0000	-9999.0000	-9999.0000	-9999.0000	18.9774	8	0	26.9395	1.0000	04	2	-9999.0000	17066	7555	-9999	2406	2502	-9999	283.0598	5	0.5593	0.5853	-0.0017	29.8199	3.1873	450.5701	442.0194	36.3657	443.3783	95.5556	443.9265	94.6065	449.5513	95.1620	455.1035	95.0926	
29/08/2017	01:14:25	011992	G523130954HLR	L523	S		433.4772	1.0292	6.8497	100.0170	39.6111	0.8430	0.8286	5.0000	19.6778	508.0977	94.8611	14.9790	24.5000	0.9300	0.9451	0.5857	-0.0017	508.0000	509.6124	1.0275	8.6675	100.0161	39.5547	0.8230	0.8262	5.0000	-9999.0000	-9999.0000	-9999.0000	-9999.0000	-9999.0000	-9999.0000	19.1497	1	0	29.6482	1.0000	04	2	-9999.0000	17067	7556	-9999	2407	2503	-9999	284.5484	5	0.5593	0.5857	-0.0017	39.4840	2.4797	449.6160	436.6613	36.1806	435.6871	95.5093	449.0577	95.6944	456.9338	95.2315	461.2760	94.8380	
29/08/2017	01:14:52	011992	G523130946HLR	L523	S		430.5374	1.0292	7.1956	99.9942	40.1259	0.8430	0.8294	5.0000	18.9878	508.1016	94.7685	15.9692	24.5000	0.9300	0.9452	0.5842	-0.0016	508.0000	509.6692	1.0275	8.6619	100.1758	39.8000	0.8230	0.8279	5.0000	-9999.0000	-9999.0000	-9999.0000	-9999.0000	-9999.0000	-9999.0000	19.6653	2	0	26.3097	1.0000	04	2	-9999.0000	17068	7557	-9999	2408	2504	-9999	283.7038	5	0.5592	0.5842	-0.0016	35.1274	2.7493	454.7755	436.6454	35.8333	442.8515	95.1389	448.0639	95.5093	454.6377	95.2546	459.7312	95.0231	
29/08/2017	01:15:17	011992	G523130955HLR	L523	S		429.6250	1.0292	7.3029	100.0130	40.0822	0.8430	0.8284	5.0000	18.5917	508.0675	94.7917	16.3695	24.5000	0.9300	0.9452	0.5809	-0.0014	508.0000	506.2967	1.0275	8.9956	100.0076	40.2188	0.8230	0.8279	5.0000	-9999.0000	-9999.0000	-9999.0000	-9999.0000	-9999.0000	-9999.0000	19.5096	3	0	25.4784	1.0000	04	2	-9999.0000	17069	7558	-9999	2409	2505	-9999	283.3152	5	0.5587	0.5809	-0.0014	25.7736	3.3726	456.0033	446.5513	38.4259	447.2867	95.2083	445.9077	95.1157	454.3757	95.3472	458.7388	95.0694	
29/08/2017	01:15:43	011992	G523130960HLR	L523	S		430.1968	1.0292	7.2357	100.0479	39.6146	0.8430	0.8277	5.0000	20.2991	508.0407	94.8380	14.9292	24.5000	0.9300	0.9452	0.5868	-0.0018	508.0000	505.7935	1.0275	9.0454	99.9663	39.8663	0.8230	0.8265	5.0000	-9999.0000	-9999.0000	-9999.0000	-9999.0000	-9999.0000	-9999.0000	18.8897	4	0	25.9412	1.0000	04	2	-9999.0000	17070	7559	-9999	2409	2506	-9999	284.3104	5	0.5584	0.5868	-0.0018	29.0202	3.1644	455.2898	463.0619	38.1713	445.8115	95.7407	448.0654	94.6296	452.3818	94.8611	459.0548	95.0926	
29/08/2017	01:16:08	011992	G523130963HLR	L523	S		428.5766	1.0292	7.4263	100.0481	39.8000	0.8430	0.8290	5.0000	18.7256	508.0380	94.9306	18.1693	24.5000	0.9300	0.9451	0.5881	-0.0019	508.0000	507.3454	1.0275	8.8919	100.0515	39.5780	0.8230	0.8265	5.0000	-9999.0000	-9999.0000	-9999.0000	-9999.0000	-9999.0000	-9999.0000	18.9176	5	0	25.1068	1.0000	04	2	-9999.0000	17071	7560	-9999	2410	2507	-9999	281.4104	5	0.5583	0.5881	-0.0019	30.2890	3.0558	444.6004	444.1809	35.9722	434.8441	95.6713	437.9977	94.6991	443.8941	94.9769	448.3673	95.0000	
29/08/2017	01:16:36	011992	G523130962HLR	L523	S		430.5240	1.0292	7.1972	100.0679	40.1687	0.8430	0.8291	5.0000	18.9361	508.0557	94.8611	15.2993	24.5000	0.9300	0.9453	0.5881	-0.0019	508.0000	509.7034	1.0275	8.6585	100.1434	39.9000	0.8230	0.8279	5.0000	-9999.0000	-9999.0000	-9999.0000	-9999.0000	-9999.0000	-9999.0000	20.2209	6	0	27.9798	1.0000	04	2	-9999.0000	17072	7561	-9999	2411	2508	-9999	283.8480	5	0.5583	0.5881	-0.0019	30.2890	3.0558	449.9977	439.7292	37.8241	440.1403	95.0463	445.3544	95.1620	453.5038	95.2315	458.5858	95.0000	
29/08/2017	01:17:18	011992	G523130964HLR	L523	S		433.0511	1.0292	6.8999	100.0051	39.9374	0.8430	0.8281	5.0000	18.7174	508.0993	94.8380	14.3999	24.5000	0.9300	0.9453	0.5891	-0.0020	508.0000	508.1131	1.0275	8.8159	100.0640	40.1872	0.8230	0.8282	5.0000	-9999.0000	-9999.0000	-9999.0000	-9999.0000	-9999.0000	-9999.0000	18.9567	7	0	41.3177	1.0000	04	2	-9999.0000	17073	7562	-9999	2411	2509	-9999	284.7472	5	0.5583	0.5891	-0.0020	33.3264	2.8552	460.1466	444.2370	37.5000	452.8490	95.3241	450.1222	94.6065	456.4364	95.2083	461.9626	95.0926	
29/08/2017	01:17:45	011992	G523130975HLR	L523	S		431.8418	1.0292	7.0421	99.9823	39.6270	0.8430	0.8281	5.0000	18.5528	508.0368	94.8843	14.9096	24.5000	0.9300	0.9452	0.5899	-0.0020	508.0000	507.9146	1.0275	8.8355	99.9840	39.8948	0.8230	0.8264	5.0000	-9999.0000	-9999.0000	-9999.0000	-9999.0000	-9999.0000	-9999.0000	19.6387	8	0	26.9092	1.0000	04	2	-9999.0000	17074	7563	-9999	2412	2510	-9999	284.2200	5	0.5585	0.5899	-0.0020	32.7233	2.8956	450.7077	432.7984	37.4306	439.2473	95.3935	446.1097	94.6296	453.3742	95.1389	458.4646	94.9769	
29/08/2017	01:18:11	011992	G523130632HLR	L523	S		433.4394	1.0292	6.8542	100.0645	39.9000	0.8430	0.8292	5.0000	18.7448	508.1330	94.9306	13.6099	24.5000	0.9300	0.9453	0.5841	-0.0016	508.0000	508.9714	1.0275	8.7310	100.0254	39.7032	0.8230	0.8273	5.0000	-9999.0000	-9999.0000	-9999.0000	-9999.0000	-9999.0000	-9999.0000	19.3592	1	0	26.8388	1.0000	04	2	-9999.0000	17074	7564	-9999	2412	2511	-9999	285.5524	5	0.5583	0.5841	-0.0016	54.2456	1.4883	462.4754	434.7558	36.7593	452.7162	95.3935	455.5134	94.5602	462.3271	95.1620	467.0417	95.0000	
29/08/2017	01:18:36	011992	G523130973HLR	L523	S		429.6021	1.0292	7.3056	100.0020	40.2012	0.8430	0.8290	5.0000	18.4211	508.0575	94.9306	16.9398	24.5000	0.9300	0.9453	0.5831	-0.0016	508.0000	506.4858	1.0275	8.9769	100.0523	39.9916	0.8230	0.8280	5.0000	-9999.0000	-9999.0000	-9999.0000	-9999.0000	-9999.0000	-9999.0000	19.2986	2	0	25.0899	1.0000	04	2	-9999.0000	17075	7565	-9999	2412	2512	-9999	282.6884	5	0.5583	0.5831	-0.0016	53.7798	1.5259	449.5385	449.1213	36.9676	440.4160	95.6019	442.7917	94.6065	448.6605	95.0926	454.8179	95.0926	
29/08/2017	01:19:03	011992	G523130972HLR	L523	S		432.5538	1.0292	6.9584	100.0931	39.9066	0.8430	0.8280	5.0000	19.1268	508.0870	94.9074	14.1489	24.5000	0.9300	0.9452	0.5831	-0.0016	508.0000	510.3807	1.0275	8.5915	100.0687	39.9780	0.8230	0.8269	5.0000	-9999.0000	-9999.0000	-9999.0000	-9999.0000	-9999.0000	-9999.0000	20.4033	3	0	26.6194	1.0000	04	2	-9999.0000	17076	7566	-9999	2413	2512	-9999	284.8344	5	0.5583	0.5831	-0.0016	53.7798	1.5259	458.7672	456.9458	37.4074	449.6011	95.5324	453.0155	94.6991	460.7993	94.9306	465.1759	94.9306	
29/08/2017	01:19:28	011992	G523130974HLR	L523	S		430.3108	1.0292	7.2223	100.0233	39.6561	0.8430	0.8283	5.0000	18.6594	508.1348	94.8611	15.8090	24.6000	0.9300	0.9453	0.5813	-0.0015	508.0000	507.8013	1.0275	8.8467	100.0936	39.7238	0.8230	0.8264	5.0000	-9999.0000	-9999.0000	-9999.0000	-9999.0000	-9999.0000	-9999.0000	19.3388	4	0	25.3281	1.0000	04	2	-9999.0000	17077	7567	-9999	2414	2513	-9999	283.4929	5	0.5581	0.5813	-0.0015	60.2824	1.1101	454.3799	454.0103	38.5648	444.4814	94.6528	449.2474	95.2546	455.3946	95.3704	459.7973	95.0231	
29/08/2017	01:19:56	011992	G523130966HLR	L523	S		429.6430	1.0292	7.3008	100.0211	40.1566	0.8430	0.8292	5.0000	18.4809	508.0677	94.7917	15.6489	24.6000	0.9300	0.9453	0.5813	-0.0015	508.0000	505.5651	1.0275	9.0680	100.0730	39.8000	0.8230	0.8275	5.0000	-9999.0000	-9999.0000	-9999.0000	-9999.0000	-9999.0000	-9999.0000	19.3385	5	0	27.2598	1.0000	04	2	-9999.0000	17077	7568	-9999	2415	2514	-9999	283.6606	5	0.5585	0.5813	-0.0015	61.9937	0.9738	452.7628	440.2259	37.3380	440.4095	94.8611	448.1578	95.3472	455.3751	95.3704	460.4897	94.8611	
29/08/2017	01:20:21	011992	G523130630HLR	L523	S		431.1849	1.0292	7.1194	99.9979	39.9134	0.8430	0.8281	5.0000	18.7493	508.0788	94.9306	13.8696	24.6000	0.9300	0.9453	0.5782	-0.0013	508.0000	506.9540	1.0275	8.9306	99.9322	40.0948	0.8230	0.8280	5.0000	-9999.0000	-9999.0000	-9999.0000	-9999.0000	-9999.0000	-9999.0000	19.1389	6	0	25.8692	1.0000	04	2	-9999.0000	17078	7569	-9999	2416	2515	-9999	284.9813	5	0.5587	0.5782	-0.0013	65.0903	0.7323	464.1536	446.0335	37.4769	453.1380	94.6065	458.1262	96.0417	465.0901	95.3472	469.0361	94.5833	
29/08/2017	01:20:51	011992	G523130639HLR	L523	S		429.1132	1.0292	7.3632	99.9752	39.6435	0.8430	0.8282	5.0000	18.9540	508.0382	94.8611	15.4702	24.6000	0.9300	0.9453	0.5760	-0.0011	508.0000	505.0249	1.0275	9.1215	99.9839	39.9669	0.8230	0.8269	5.0000	-9999.0000	-9999.0000	-9999.0000	-9999.0000	-9999.0000	-9999.0000	19.0860	7	0	29.2783	1.0000	04	2	-9999.0000	17079	7570	-9999	2416	2516	-9999	283.8745	5	0.5587	0.5760	-0.0011	67.4545	0.6077	456.2364	459.0576	36.5046	445.6223	95.6250	451.8976	94.7222	457.7390	95.0463	462.8840	94.9537	
29/08/2017	01:21:18	011992	G523130645HLR	L523	S		428.0839	1.0292	7.4843	100.0813	39.9000	0.8430	0.8292	5.0000	18.8597	508.0833	95.0463	14.2700	24.5000	0.9300	0.9451	0.5755	-0.0011	508.0000	507.5005	1.0275	8.8765	100.0685	39.6316	0.8230	0.8261	5.0000	-9999.0000	-9999.0000	-9999.0000	-9999.0000	-9999.0000	-9999.0000	20.2933	8	0	27.5798	1.0000	04	2	-9999.0000	17080	7571	-9999	2417	2516	-9999	284.6519	5	0.5589	0.5755	-0.0011	67.8581	0.5755	462.1932	461.3424	37.8241	451.7534	94.9537	454.5332	95.2315	462.4134	95.3009	466.7213	95.0231	
29/08/2017	01:21:45	011992	G523130638HLR	L523	S		431.7287	1.0292	7.0555	100.0212	40.1367	0.8430	0.8286	5.0000	20.1996	508.0909	94.8380	16.0893	24.5000	0.9300	0.9452	0.5766	-0.0011	508.0000	510.1269	1.0275	8.6166	100.2049	39.8832	0.8230	0.8280	5.0000	-9999.0000	-9999.0000	-9999.0000	-9999.0000	-9999.0000	-9999.0000	19.2417	1	0	26.6186	1.0000	04	2	-9999.0000	17080	7572	-9999	2418	2516	-9999	283.6594	5	0.5590	0.5766	-0.0011	67.5014	0.5973	463.7630	455.2693	35.7639	452.7868	95.1620	456.2209	95.2546	464.5686	95.3472	467.9312	95.1389	
29/08/2017	01:22:10	011992	G523130642HLR	L523	S		426.7357	1.0292	7.6429	100.0233	39.8705	0.8430	0.8281	5.0000	18.5481	508.0418	94.8843	14.6792	24.5000	0.9300	0.9453	0.5776	-0.0012	508.0000	508.7478	1.0275	8.7531	99.9913	40.1663	0.8230	0.8278	5.0000	-9999.0000	-9999.0000	-9999.0000	-9999.0000	-9999.0000	-9999.0000	19.4093	2	0	25.6788	1.0000	04	2	-9999.0000	17081	7573	-9999	2419	2517	-9999	284.4190	5	0.5590	0.5776	-0.0012	67.8312	0.5816	461.7028	461.3895	37.3380	452.5822	94.8843	453.7982	95.9259	460.9596	95.2778	465.1443	94.9074	
29/08/2017	01:22:38	011992	G523130969HLR	L523	S		429.3810	1.0292	7.3316	100.0514	39.7172	0.8430	0.8284	5.0000	18.8114	508.0726	94.9074	16.0395	24.5000	0.9300	0.9452	0.5712	-0.0008	508.0000	508.8902	1.0275	8.7390	100.0233	39.8611	0.8230	0.8265	5.0000	-9999.0000	-9999.0000	-9999.0000	-9999.0000	-9999.0000	-9999.0000	19.5609	3	0	27.3690	1.0000	04	2	-9999.0000	17082	7574	-9999	2420	2518	-9999	284.0716	5	0.5598	0.5712	-0.0008	69.7999	0.4196	469.0628	419.0541	35.0000	459.1950	95.1852	457.6954	95.1620	464.6208	95.2546	468.9917	95.2315	
29/08/2017	01:23:03	011992	G523130968HLR	L523	S		429.2051	1.0292	7.3523	100.0814	39.9144	0.8430	0.8290	5.0000	18.8196	508.0547	94.9074	16.1293	24.6000	0.9300	0.9452	0.5716	-0.0008	508.0000	506.3872	1.0275	8.9867	100.1674	39.6418	0.8230	0.8266	5.0000	-9999.0000	-9999.0000	-9999.0000	-9999.0000	-9999.0000	-9999.0000	19.3690	4	0	25.0793	1.0000	04	2	-9999.0000	17083	7575	-9999	2421	2518	-9999	284.1705	5	0.5602	0.5716	-0.0008	69.8417	0.4169	466.2798	457.0410	38.3565	457.9704	95.6713	454.1499	94.6528	459.3195	94.9537	464.9828	95.0000	
29/08/2017	01:23:29	011992	G523130967HLR	L523	S		433.4770	1.0292	6.8498	100.0246	40.0723	0.8430	0.8284	5.0000	19.8986	508.0733	94.8380	15.5698	24.6000	0.9300	0.9452	0.5747	-0.0010	508.0000	510.1431	1.0275	8.6150	99.9999	40.0000	0.8230	0.8282	5.0000	-9999.0000	-9999.0000	-9999.0000	-9999.0000	-9999.0000	-9999.0000	18.9234	5	0	25.6895	1.0000	04	2	-9999.0000	17084	7576	-9999	2422	2519	-9999	284.2166	5	0.5597	0.5747	-0.0010	69.9610	0.4305	465.9956	451.1463	38.2870	457.1410	95.2083	455.1433	94.9537	462.7633	95.4630	466.2015	95.0694	
29/08/2017	01:23:56	011992	G523130640HLR	L523	S		431.7771	1.0292	7.0498	100.0299	39.7535	0.8430	0.8279	5.0000	20.2892	508.0471	94.8380	14.2798	24.6000	0.9300	0.9453	0.5740	-0.0010	508.0000	508.3498	1.0275	8.7925	100.1981	40.1342	0.8230	0.8275	5.0000	-9999.0000	-9999.0000	-9999.0000	-9999.0000	-9999.0000	-9999.0000	19.6195	6	0	27.0185	1.0000	04	2	-9999.0000	17085	7577	-9999	2423	2520	-9999	284.7439	5	0.5597	0.5740	-0.0010	76.6340	0.0438	467.4860	452.5970	38.9815	456.4970	95.5093	458.7368	94.6528	464.9895	95.0926	469.0456	95.0694	
29/08/2017	01:24:21	011992	G523130970HLR	L523	S		427.5759	1.0292	7.5440	100.0310	39.7908	0.8430	0.8286	5.0000	19.3158	508.1156	94.8148	15.9301	24.5000	0.9300	0.9452	0.5749	-0.0010	508.0000	508.4911	1.0275	8.7785	99.9432	39.8054	0.8230	0.8264	5.0000	-9999.0000	-9999.0000	-9999.0000	-9999.0000	-9999.0000	-9999.0000	19.2768	7	0	25.3594	1.0000	04	2	-9999.0000	17086	7578	-9999	2424	2521	-9999	283.9789	5	0.5594	0.5749	-0.0010	81.3508	-0.2274	463.3454	452.2001	38.0324	455.1459	94.8843	455.9887	95.6481	460.9443	95.1620	464.4633	94.9074	
29/08/2017	01:24:49	011992	G523130654HLR	L523	S		432.2010	1.0292	6.9999	99.9999	40.1000	0.8430	0.8291	5.0000	18.5686	508.0530	94.9306	13.7095	24.6000	0.9300	0.9452	0.5711	-0.0007	508.0000	508.2546	1.0275	8.8019	99.9842	39.7000	0.8230	0.8270	5.0000	-9999.0000	-9999.0000	-9999.0000	-9999.0000	-9999.0000	-9999.0000	18.9491	8	0	27.4893	1.0000	04	2	-9999.0000	17087	7579	-9999	2425	2522	-9999	284.9783	5	0.5597	0.5711	-0.0007	79.9361	-0.1335	475.9624	458.4904	35.9028	469.4231	95.6250	463.1262	94.8148	468.9358	95.0926	473.8924	94.8380	
29/08/2017	01:25:17	011992	G523130651HLR	L523	S		432.7331	1.0292	6.9373	100.0738	40.0607	0.8430	0.8284	5.0000	18.9430	508.0633	94.8148	14.5903	24.6000	0.9300	0.9452	0.5798	-0.0013	508.0000	509.0127	1.0275	8.7269	99.9813	40.0000	0.8230	0.8281	5.0000	-9999.0000	-9999.0000	-9999.0000	-9999.0000	-9999.0000	-9999.0000	19.0530	1	0	27.8184	1.0000	04	2	-9999.0000	17088	7580	-9999	2426	2523	-9999	284.8660	5	0.5596	0.5798	-0.0013	81.1139	-0.2183	460.8731	448.3205	37.6620	452.8889	95.4398	452.7302	94.6528	460.3157	95.1389	465.2826	95.0231	
29/08/2017	01:25:43	011992	G523130653HLR	L523	S		430.1220	1.0292	7.2445	100.0267	39.7535	0.8430	0.8281	5.0000	18.4149	508.0449	94.7454	15.6996	24.5000	0.9300	0.9453	0.5765	-0.0011	508.0000	506.3717	1.0275	8.9882	100.1354	40.0886	0.8230	0.8274	5.0000	-9999.0000	-9999.0000	-9999.0000	-9999.0000	-9999.0000	-9999.0000	18.8927	2	0	26.0907	1.0000	04	2	-9999.0000	17088	7581	-9999	2427	2524	-9999	284.1613	5	0.5598	0.5765	-0.0011	72.5406	0.3147	465.0789	443.4123	36.6898	459.0277	95.6250	453.4951	94.8148	458.2174	94.9769	463.3664	94.9074	
