Data	Timp	Nr. masina	Nr. de serie	Tip	Productie	Comentariu	Pre-masurare Q [ml/min]	Pre-masurare Gain	Pre-masurare Offset Master	Pre-masurare P [bar]	Pre-masurare T [°C]	Pre-masurare Densitate fixa [kg/l]	Pre-masurare densitate masurata [kg/l]	Pre-masurare Timp masurare [s]	Pre-masurare Cycle time [s]	rectificare Q Oprire [ml/min]	rectificare P Oprire [bar]	rectificare Timp rectificare [s]	rectificare T [°C]	rectificare Densitate fixa [kg/l]	rectificare densitate masurata [kg/l]	rectificare Factor de masurare la rectificare	rectificare Factor de corectie a debitului	rectificare Target rectificare	Masurare Q [ml/min]	Masurare Gain	Masurare Offset Master	Masurare P [bar]	Masurare T [°C]	Masurare Densitate fixa [kg/l]	Masurare densitate masurata [kg/l]	Masurare Timp masurare [s]	Masurare Q [ml/min]	Masurare Delta Q [ml/min]	Masurare P [bar]	Masurare BP [bar]	Masurare T [°C]	Masurare Timp masurare [s]	Masurare Cycle time [s]	Nest Nr.	Cod de descarcare	Cycle time [s]	Traceability aktiv	EDM Maschine Nr	EDM Spindle Nr	Honing Rate [r	Station Counter Premeasure	Station Counter Grind	Station Counter Blowout 1	Station Counter Wash	Station Counter Measure	Station Counter Blowout 2	RealGrindQStop	Reg Type	Factor 0	Factor 1	Factor 2	Factor 3	Factor 4	G_StartQV	G_StartQV_1	G_StartQV_2	G_StartQV_3	G_StartQV_4	G_StartQV_5	
17/08/2017	00:00:28	011992	G488059610HLR	L488	S		603.3176	1.0292	9.6639	100.1113	39.8683	0.8430	0.8276	5.0000	18.8090	713.0433	94.9769	28.1485	24.0000	0.9300	0.9251	0.7014	-0.0007	713.0000	712.9052	1.0275	-2.7925	100.0019	39.9172	0.8230	0.8253	5.0000	-9999.0000	-9999.0000	-9999.0000	-9999.0000	-9999.0000	-9999.0000	20.0514	2	0	37.1491	1.0000	11	1	-9999.0000	26999	37602	-9999	2848	2738	-9999	487.7184	5	0.6852	0.7014	-0.0007	100.0197	-0.0322	643.9983	461.1468	35.9954	605.3621	94.1898	633.9503	96.2963	640.0864	96.2500	644.8788	95.4398	
17/08/2017	00:01:10	011992	G488059625HLR	L488	S		618.0813	1.0292	10.0000	100.0748	39.8784	0.8430	0.8271	5.0000	18.7698	713.0558	95.0000	22.4289	24.1000	0.9300	0.9252	0.6979	-0.0005	713.0000	714.7894	1.0275	-2.7594	99.9511	39.7374	0.8230	0.8249	5.0000	-9999.0000	-9999.0000	-9999.0000	-9999.0000	-9999.0000	-9999.0000	19.5293	3	0	42.2885	1.0000	11	1	-9999.0000	27000	37603	-9999	2849	2739	-9999	489.4499	5	0.6851	0.6979	-0.0005	103.4950	-0.1777	649.7666	461.5135	36.7593	616.5208	92.5694	642.3782	94.0509	648.9523	94.0046	653.1959	94.7454	
17/08/2017	00:01:44	011992	G488059640HLR	L488	S		603.5088	1.0292	9.6804	100.0796	39.7612	0.8430	0.8274	5.0000	19.0169	713.0562	94.9537	28.2695	24.1000	0.9300	0.9251	0.6997	-0.0006	713.0000	712.1929	1.0275	-2.8050	99.9711	39.9475	0.8230	0.8255	5.0000	-9999.0000	-9999.0000	-9999.0000	-9999.0000	-9999.0000	-9999.0000	19.3403	4	0	33.6180	1.0000	11	1	-9999.0000	27001	37604	-9999	2850	2740	-9999	487.1938	5	0.6847	0.6997	-0.0006	103.4714	-0.1864	637.3719	499.6757	35.9491	605.2899	92.4537	630.2896	94.4907	636.7901	94.3981	641.2921	94.8148	
17/08/2017	00:02:22	011992	G488059633HLR	L488	S		612.9028	1.0292	10.0000	99.9941	39.9800	0.8430	0.8277	5.0000	18.3907	713.0432	95.0000	21.4885	24.3000	0.9300	0.9252	0.6975	-0.0005	713.0000	711.4318	1.0275	-2.8184	100.0362	39.7188	0.8230	0.8246	5.0000	-9999.0000	-9999.0000	-9999.0000	-9999.0000	-9999.0000	-9999.0000	19.8348	5	0	37.8396	1.0000	11	1	-9999.0000	27002	37604	-9999	2851	2741	-9999	489.7467	5	0.6845	0.6975	-0.0005	87.3875	0.5064	647.6388	469.2223	38.5185	617.1203	92.7083	640.1461	93.9583	647.1470	93.9815	652.0693	94.6991	
17/08/2017	00:02:54	011992	G488059617HLR	L488	S		608.6790	1.0292	10.0000	99.9692	39.7960	0.8430	0.8271	5.0000	18.7510	713.0491	95.0000	25.7393	24.3000	0.9300	0.9251	0.6952	-0.0004	713.0000	711.0027	1.0275	-2.8260	99.9852	39.8727	0.8230	0.8257	5.0000	-9999.0000	-9999.0000	-9999.0000	-9999.0000	-9999.0000	-9999.0000	19.3091	6	0	32.4992	1.0000	11	1	-9999.0000	27002	37605	-9999	2852	2742	-9999	488.0712	5	0.6844	0.6952	-0.0004	82.5189	0.7093	641.1462	509.5974	36.5741	608.9913	92.6389	634.0589	94.2361	640.5173	94.2824	644.7239	94.7917	
17/08/2017	00:03:30	011992	G488059478HLR	L488	S		613.0344	1.0292	10.0000	100.0576	39.8000	0.8430	0.8275	5.0000	19.0189	711.9457	94.9769	31.0087	24.3000	0.9300	0.9251	0.6937	-0.0004	713.0000	718.3098	1.0275	-2.6975	99.9877	39.8357	0.8230	0.8247	5.0000	-9999.0000	-9999.0000	-9999.0000	-9999.0000	-9999.0000	-9999.0000	19.2509	7	0	35.6678	1.0000	11	1	-9999.0000	27003	37605	-9999	2853	2743	-9999	485.4414	5	0.6843	0.6937	-0.0004	73.3175	1.1241	604.4154	457.2462	37.1065	579.2098	92.9167	591.7372	95.7870	603.4753	95.6250	611.9394	95.3241	
17/08/2017	00:04:06	011992	G488059603HLR	L488	S		614.7752	1.0292	10.0000	99.9720	40.0230	0.8430	0.8274	5.0000	18.5394	713.0122	94.9537	22.7590	24.3000	0.9300	0.9250	0.6971	-0.0005	713.0000	712.5867	1.0275	-2.7981	100.0275	39.7291	0.8230	0.8253	5.0000	-9999.0000	-9999.0000	-9999.0000	-9999.0000	-9999.0000	-9999.0000	19.1108	8	0	36.7489	1.0000	11	1	-9999.0000	27003	37606	-9999	2854	2744	-9999	488.5785	5	0.6845	0.6971	-0.0005	72.9366	1.1387	653.0123	509.6793	37.1296	623.8157	93.1481	646.9380	94.9769	652.0930	94.8611	657.0159	95.0000	
17/08/2017	00:04:45	011992	G488059607HLR	L488	S		616.1847	1.0292	10.0000	100.0559	39.7357	0.8430	0.8272	5.0000	18.7395	713.1027	94.9306	26.9796	24.3000	0.9300	0.9249	0.6971	-0.0005	713.0000	714.0449	1.0275	-2.7725	100.0028	39.9609	0.8230	0.8250	5.0000	-9999.0000	-9999.0000	-9999.0000	-9999.0000	-9999.0000	-9999.0000	20.0555	1	0	38.1579	1.0000	11	1	-9999.0000	27003	37607	-9999	2855	2745	-9999	487.5944	5	0.6848	0.6971	-0.0005	72.2834	1.1755	645.2563	523.6040	36.9907	617.7047	92.8704	638.3107	94.2593	645.1036	94.2824	648.3843	94.8148	
17/08/2017	00:05:16	011992	G488059458HLR	L488	S		617.9784	1.0292	10.0000	100.1136	39.9000	0.8430	0.8277	5.0000	18.7444	713.1029	95.0000	21.7297	24.3000	0.9300	0.9250	0.7005	-0.0006	713.0000	714.2508	1.0275	-2.7689	99.9605	39.6866	0.8230	0.8248	5.0000	-9999.0000	-9999.0000	-9999.0000	-9999.0000	-9999.0000	-9999.0000	19.2188	2	0	31.1398	1.0000	11	1	-9999.0000	27004	37608	-9999	2856	2746	-9999	489.7140	5	0.6837	0.7005	-0.0006	74.0636	1.0785	653.8554	512.5172	38.7731	623.7066	93.0093	647.2311	94.3750	653.3866	94.5370	658.0396	95.0463	
17/08/2017	00:05:47	011992	G488059491HLR	L488	S		614.7672	1.0292	10.0000	100.0963	39.9331	0.8430	0.8271	5.0000	18.6693	713.0861	95.0000	24.7687	24.2000	0.9300	0.9249	0.7002	-0.0006	713.0000	715.3326	1.0275	-2.7499	100.0503	39.9450	0.8230	0.8254	5.0000	-9999.0000	-9999.0000	-9999.0000	-9999.0000	-9999.0000	-9999.0000	19.8186	3	0	31.4482	1.0000	11	1	-9999.0000	27005	37609	-9999	2857	2747	-9999	488.2627	5	0.6838	0.7002	-0.0006	74.1062	1.0834	648.7456	499.1043	38.8194	616.2464	92.8241	643.4109	94.8148	648.0720	94.7685	652.3305	94.9769	
17/08/2017	00:06:23	011992	G488059485HLR	L488	S		611.6166	1.0292	10.0000	100.1038	39.7030	0.8430	0.8272	5.0000	18.9895	713.0822	95.0000	25.9386	24.1000	0.9300	0.9249	0.7007	-0.0006	713.0000	714.1657	1.0275	-2.7704	99.8878	39.7285	0.8230	0.8247	5.0000	-9999.0000	-9999.0000	-9999.0000	-9999.0000	-9999.0000	-9999.0000	19.5102	4	0	35.8290	1.0000	11	1	-9999.0000	27006	37610	-9999	2858	2748	-9999	487.7546	5	0.6837	0.7007	-0.0006	76.5810	0.9792	642.8143	520.5841	37.4074	608.6516	93.2407	635.2580	94.8380	642.0675	94.7685	646.9397	94.9769	
17/08/2017	00:06:57	011992	G488059481HLR	L488	S		609.6851	1.0292	10.0000	100.0374	40.0000	0.8430	0.8277	5.0000	18.6497	713.0431	94.9537	27.3096	24.0000	0.9300	0.9249	0.7014	-0.0007	713.0000	712.2935	1.0275	-2.8033	100.1558	39.8585	0.8230	0.8254	5.0000	-9999.0000	-9999.0000	-9999.0000	-9999.0000	-9999.0000	-9999.0000	19.6861	5	0	34.3181	1.0000	11	1	-9999.0000	27006	37611	-9999	2859	2749	-9999	487.0634	5	0.6840	0.7014	-0.0007	76.2657	0.9593	638.8877	461.1551	35.9028	605.9978	92.9861	632.0701	95.1852	638.1516	95.3241	643.2585	95.2315	
17/08/2017	00:07:34	011992	G488059465HLR	L488	S		614.6156	1.0292	10.0000	99.9456	39.7649	0.8430	0.8265	5.0000	20.3489	713.1391	94.8843	20.3587	24.0000	0.9300	0.9249	0.7019	-0.0007	713.0000	713.6236	1.0275	-2.7799	99.9910	39.8423	0.8230	0.8248	5.0000	-9999.0000	-9999.0000	-9999.0000	-9999.0000	-9999.0000	-9999.0000	19.5736	6	0	36.9694	1.0000	11	1	-9999.0000	27007	37612	-9999	2860	2750	-9999	490.5975	5	0.6841	0.7019	-0.0007	70.0044	1.2430	649.2731	517.6877	39.3056	616.9455	93.6111	642.0541	93.7037	648.6573	93.6806	654.0652	95.5324	
17/08/2017	00:08:10	011992	G488059471HLR	L488	S		615.7716	1.0292	10.0000	100.1582	39.8146	0.8430	0.8277	5.0000	18.8185	713.1034	95.0000	20.6096	24.0000	0.9300	0.9249	0.7031	-0.0008	713.0000	714.2735	1.0275	-2.7685	100.0376	39.7511	0.8230	0.8252	5.0000	-9999.0000	-9999.0000	-9999.0000	-9999.0000	-9999.0000	-9999.0000	19.6000	7	0	35.7186	1.0000	11	1	-9999.0000	27008	37613	-9999	2861	2751	-9999	490.3096	5	0.6840	0.7031	-0.0008	76.0460	0.9761	650.4855	508.0420	39.4444	619.6869	94.2593	643.2180	94.5833	649.7632	94.6528	654.2282	94.9769	
17/08/2017	00:08:48	011992	G488059170HLR	L488	S		615.3392	1.0292	10.0000	99.9713	39.9734	0.8430	0.8274	5.0000	18.4701	713.0791	95.0000	25.1495	23.8000	0.9300	0.9249	0.7050	-0.0008	713.0000	715.2245	1.0275	-2.7518	100.0298	39.9501	0.8230	0.8252	5.0000	-9999.0000	-9999.0000	-9999.0000	-9999.0000	-9999.0000	-9999.0000	19.3295	8	0	38.3390	1.0000	11	1	-9999.0000	27009	37614	-9999	2862	2752	-9999	487.7887	5	0.6839	0.7050	-0.0008	78.2186	0.8939	642.6609	495.7443	39.4907	612.4777	94.6528	636.6239	95.1157	642.0156	95.2315	647.2015	95.1620	
17/08/2017	00:09:23	011992	G488059183HLR	L488	S		611.0362	1.0292	10.0000	100.0847	39.7723	0.8430	0.8271	5.0000	18.6455	713.0437	94.9537	23.5890	23.8000	0.9300	0.9249	0.7061	-0.0009	713.0000	713.7166	1.0275	-2.7783	99.9645	39.6717	0.8230	0.8249	5.0000	-9999.0000	-9999.0000	-9999.0000	-9999.0000	-9999.0000	-9999.0000	19.5590	1	0	34.7980	1.0000	11	1	-9999.0000	27010	37615	-9999	2863	2753	-9999	488.8778	5	0.6843	0.7061	-0.0009	82.2031	0.7416	643.0147	517.0027	40.4630	611.9956	95.4167	635.0401	95.8102	642.3894	95.8102	646.8004	95.3241	
17/08/2017	00:10:00	011992	G488059190HLR	L488	S		621.0572	1.0292	10.0000	100.1074	39.8954	0.8430	0.8276	5.0000	18.9538	713.0364	94.9769	26.1886	23.7000	0.9300	0.9250	0.6975	-0.0005	713.0000	717.0230	1.0275	-2.7202	99.9509	39.9986	0.8230	0.8255	5.0000	-9999.0000	-9999.0000	-9999.0000	-9999.0000	-9999.0000	-9999.0000	19.2618	2	0	37.3093	1.0000	11	1	-9999.0000	27011	37616	-9999	2864	2754	-9999	487.0253	5	0.6841	0.6975	-0.0005	83.0450	0.7143	647.0107	531.5433	39.2130	615.0048	95.3472	638.8067	96.0880	644.6324	96.0417	648.6368	95.2083	
17/08/2017	00:10:37	011992	G488059162HLR	L488	S		615.4232	1.0292	10.0000	100.1125	39.8906	0.8430	0.8272	5.0000	18.7385	713.0596	94.9769	24.9191	23.6000	0.9300	0.9250	0.7026	-0.0008	713.0000	714.5645	1.0275	-2.7634	99.9568	39.6601	0.8230	0.8247	5.0000	-9999.0000	-9999.0000	-9999.0000	-9999.0000	-9999.0000	-9999.0000	19.5898	3	0	36.0988	1.0000	11	1	-9999.0000	27012	37617	-9999	2865	2755	-9999	488.0171	5	0.6836	0.7026	-0.0008	83.8010	0.6657	644.4073	517.2328	38.5648	614.1185	93.9815	637.7813	94.5833	643.9976	94.5370	648.0238	94.9074	
17/08/2017	00:11:07	011992	G488059200HLR	L488	S		615.6545	1.0292	10.0000	100.0948	39.7870	0.8430	0.8273	5.0000	18.6504	713.0380	94.9306	27.5987	23.6000	0.9300	0.9250	0.7002	-0.0007	713.0000	714.8494	1.0275	-2.7584	99.9552	39.9559	0.8230	0.8257	5.0000	-9999.0000	-9999.0000	-9999.0000	-9999.0000	-9999.0000	-9999.0000	19.4796	4	0	30.0178	1.0000	11	1	-9999.0000	27013	37617	-9999	2866	2756	-9999	485.9266	5	0.6845	0.7002	-0.0007	87.4076	0.5224	639.4531	506.7929	39.3519	608.7274	94.5833	634.6337	95.2546	639.0151	95.3009	643.6426	95.1157	
17/08/2017	00:11:41	011992	G488059184HLR	L488	S		616.1870	1.0292	10.0000	99.9951	39.9096	0.8430	0.8275	5.0000	18.8371	713.0384	94.9769	23.9796	23.6000	0.9300	0.9251	0.7010	-0.0007	713.0000	715.8768	1.0275	-2.7403	100.0398	39.7289	0.8230	0.8246	5.0000	-9999.0000	-9999.0000	-9999.0000	-9999.0000	-9999.0000	-9999.0000	19.8418	5	0	34.8595	1.0000	11	1	-9999.0000	27013	37618	-9999	2867	2757	-9999	488.0826	5	0.6839	0.7010	-0.0007	92.6214	0.2908	646.1069	506.0898	37.8935	613.2767	94.2361	638.9648	95.0463	645.4356	94.8843	649.6676	95.0000	
17/08/2017	00:12:14	011992	G488058154HLR	L488	S		610.5059	1.0292	10.0000	100.0248	39.8253	0.8430	0.8272	5.0000	18.7488	713.0352	94.9306	26.4991	23.6000	0.9300	0.9251	0.7067	-0.0010	713.0000	712.7260	1.0275	-2.7957	99.9715	39.7950	0.8230	0.8256	5.0000	-9999.0000	-9999.0000	-9999.0000	-9999.0000	-9999.0000	-9999.0000	19.1986	6	0	32.7485	1.0000	11	1	-9999.0000	27014	37619	-9999	2868	2758	-9999	486.6028	5	0.6839	0.7067	-0.0010	87.6567	0.5158	635.5580	524.9815	38.5417	606.7971	95.3009	629.4480	95.5093	634.8872	95.4167	638.2156	95.2083	
17/08/2017	00:12:51	011992	G488059176HLR	L488	S		613.9236	1.0292	10.0000	100.0886	39.8000	0.8430	0.8275	5.0000	18.8296	713.0597	95.0000	25.2891	23.6000	0.9300	0.9252	0.7082	-0.0010	713.0000	714.9048	1.0275	-2.7574	99.9779	39.9202	0.8230	0.8248	5.0000	-9999.0000	-9999.0000	-9999.0000	-9999.0000	-9999.0000	-9999.0000	20.3193	7	0	37.0083	1.0000	11	1	-9999.0000	27015	37619	-9999	2869	2759	-9999	486.6563	5	0.6833	0.7082	-0.0010	94.3718	0.2362	637.4073	526.1358	37.1759	605.4554	93.9815	630.3376	94.8148	636.8047	94.6759	641.0524	95.0463	
17/08/2017	00:13:29	011992	G488059179HLR	L488	S		617.3052	1.0292	10.0000	100.0875	39.9477	0.8430	0.8274	5.0000	18.7186	713.0457	95.0926	19.3089	23.7000	0.9300	0.9252	0.7057	-0.0009	713.0000	715.1472	1.0275	-2.7531	99.9459	39.6455	0.8230	0.8248	5.0000	-9999.0000	-9999.0000	-9999.0000	-9999.0000	-9999.0000	-9999.0000	19.4500	8	0	37.8399	1.0000	11	1	-9999.0000	27015	37620	-9999	2870	2760	-9999	490.8885	5	0.6832	0.7057	-0.0009	94.2305	0.2385	647.8821	503.6357	38.2639	614.4131	95.0231	641.5151	94.6528	647.4627	94.4444	651.8422	94.9074	
17/08/2017	00:14:11	011992	G488059185HLR	L488	S		613.8601	1.0292	10.0000	100.0927	39.7579	0.8430	0.8272	5.0000	18.8391	713.0265	94.9306	24.0587	23.7000	0.9300	0.9253	0.7048	-0.0009	713.0000	716.3664	1.0275	-2.7317	99.9748	40.0389	0.8230	0.8256	5.0000	-9999.0000	-9999.0000	-9999.0000	-9999.0000	-9999.0000	-9999.0000	19.2509	1	0	41.8475	1.0000	11	1	-9999.0000	27016	37621	-9999	2871	2760	-9999	487.3953	5	0.6832	0.7048	-0.0009	94.0150	0.2457	642.8258	525.6894	37.3843	607.9737	94.2824	635.9058	95.2315	642.3271	94.8380	647.2182	94.9769	
17/08/2017	00:14:38	011992	G488054928HLR	L488	S		616.8536	1.0292	10.0000	100.0801	39.8218	0.8430	0.8275	5.0000	18.8465	713.0605	94.9769	21.9895	23.8000	0.9300	0.9253	0.7081	-0.0010	713.0000	715.8075	1.0275	-2.7415	100.0597	39.6966	0.8230	0.8246	5.0000	-9999.0000	-9999.0000	-9999.0000	-9999.0000	-9999.0000	-9999.0000	19.9415	2	0	26.9385	1.0000	11	1	-9999.0000	27017	37621	-9999	2872	2761	-9999	488.7845	5	0.6829	0.7081	-0.0010	95.8637	0.1646	647.9306	505.2099	38.0093	614.1117	94.5602	640.3903	95.3704	647.4800	95.3009	652.0264	95.0926	
17/08/2017	00:15:14	011992	G488058174HLR	L488	S		609.8882	1.0292	10.0000	100.0074	39.9329	0.8430	0.8272	5.0000	18.9700	713.0596	95.0000	26.1592	23.8000	0.9300	0.9253	0.7036	-0.0009	713.0000	712.1706	1.0275	-2.8054	99.9401	39.9938	0.8230	0.8255	5.0000	-9999.0000	-9999.0000	-9999.0000	-9999.0000	-9999.0000	-9999.0000	19.5858	3	0	35.9693	1.0000	11	1	-9999.0000	27017	37622	-9999	2873	2762	-9999	485.6433	5	0.6827	0.7036	-0.0009	93.0498	0.2778	635.2288	496.5741	36.2269	601.7173	94.5833	627.5441	95.3472	634.8155	95.3009	638.6511	95.1389	
17/08/2017	00:15:53	011992	G488058163HLR	L488	S		606.9574	1.0292	9.9790	100.1573	39.7423	0.8430	0.8272	5.0000	18.7296	713.0542	94.9306	26.9990	23.9000	0.9300	0.9253	0.7015	-0.0008	713.0000	710.0138	1.0275	-2.8433	99.9807	39.7507	0.8230	0.8247	5.0000	-9999.0000	-9999.0000	-9999.0000	-9999.0000	-9999.0000	-9999.0000	19.4210	4	0	39.0982	1.0000	11	1	-9999.0000	27018	37622	-9999	2874	2763	-9999	485.2170	5	0.6821	0.7015	-0.0008	97.8800	0.0903	633.6183	480.7406	38.8426	602.1714	94.6759	627.0783	95.3472	632.7697	95.4167	636.7482	94.9769	
17/08/2017	00:16:28	011992	G488058159HLR	L488	S		608.3594	1.0292	10.0000	100.1176	39.9529	0.8430	0.8276	5.0000	18.8113	625.4585	95.0000	31.0087	24.0000	0.9300	0.9250	0.6999	-0.0007	713.0000	705.5420	1.0275	-2.9219	99.9381	39.9393	0.8230	0.8255	5.0000	-9999.0000	-9999.0000	-9999.0000	-9999.0000	-9999.0000	-9999.0000	19.4711	5	34	34.8458	1.0000	11	1	-9999.0000	27018	37623	-9999	2874	2764	-9999	423.5636	5	0.6822	0.6999	-0.0007	95.6576	0.1800	532.7819	506.1435	36.8981	606.0371	94.7917	534.4555	95.4167	532.1514	95.0000	536.5167	95.0463	
17/08/2017	00:16:56	011992	G488058144HLR	L488	S		627.7620	1.0292	10.0000	99.9411	39.8126	0.8430	0.8267	5.0000	19.9485	713.0575	95.0231	16.2397	24.0000	0.9300	0.9251	0.6999	-0.0007	713.0000	713.7733	1.0275	-2.7773	100.0242	39.7691	0.8230	0.8248	5.0000	-9999.0000	-9999.0000	-9999.0000	-9999.0000	-9999.0000	-9999.0000	19.3502	6	0	27.7926	1.0000	11	1	-9999.0000	27019	37624	-9999	2875	2765	-9999	490.6701	5	0.6822	0.6999	-0.0007	95.6576	0.1800	662.3311	518.3807	39.8611	632.1532	95.7407	656.0527	93.8889	661.6679	94.0278	666.6848	95.0694	
17/08/2017	00:17:28	011992	G488058145HLR	L488	S		610.8587	1.0292	10.0000	100.0489	39.8822	0.8430	0.8276	5.0000	18.5997	713.0343	94.9769	25.1192	24.0000	0.9300	0.9252	0.6940	-0.0005	713.0000	710.4998	1.0275	-2.8348	99.9236	39.8409	0.8230	0.8255	5.0000	-9999.0000	-9999.0000	-9999.0000	-9999.0000	-9999.0000	-9999.0000	19.5885	7	0	32.5585	1.0000	11	1	-9999.0000	27020	37625	-9999	2876	2766	-9999	485.9891	5	0.6823	0.6940	-0.0005	85.2490	0.6351	642.8407	543.0707	38.9120	615.5418	95.9259	635.9108	94.5139	642.6245	94.5602	645.6303	95.0463	
17/08/2017	00:17:55	011992	G488058178HLR	L488	S		611.3997	1.0292	10.0000	100.0350	39.9056	0.8430	0.8274	5.0000	18.6389	713.0432	94.9306	28.3086	24.0000	0.9300	0.9252	0.6942	-0.0005	713.0000	713.4237	1.0275	-2.7834	100.0092	39.8467	0.8230	0.8248	5.0000	-9999.0000	-9999.0000	-9999.0000	-9999.0000	-9999.0000	-9999.0000	20.7405	8	0	26.7389	1.0000	11	1	-9999.0000	27021	37626	-9999	2877	2767	-9999	485.3020	5	0.6752	0.6942	-0.0005	96.5257	0.1594	646.6886	502.2139	37.1065	614.9532	96.2037	641.5752	95.1389	646.3199	95.2546	649.5817	95.2083	
17/08/2017	00:18:21	011992	G488054909HLR	L488	S		615.7672	1.0292	10.0000	99.9649	39.8608	0.8430	0.8273	5.0000	18.4522	713.0302	94.9537	24.0596	24.0000	0.9300	0.9251	0.6955	-0.0005	713.0000	713.0723	1.0275	-2.7896	99.9625	39.7920	0.8230	0.8250	5.0000	-9999.0000	-9999.0000	-9999.0000	-9999.0000	-9999.0000	-9999.0000	19.4202	1	0	26.5098	1.0000	11	1	-9999.0000	27021	37626	-9999	2878	2768	-9999	486.6700	5	0.6760	0.6955	-0.0005	84.7593	0.6640	650.2917	497.1188	37.7083	613.1240	95.3472	643.6094	95.6481	649.4541	95.6481	654.5104	95.1389	
17/08/2017	00:18:50	011992	G488054929HLR	L488	S		612.3727	1.0292	10.0000	100.1074	39.8393	0.8430	0.8274	5.0000	18.8001	713.0273	95.0231	17.0697	24.0000	0.9300	0.9251	0.6955	-0.0005	713.0000	712.1269	1.0275	-2.8062	100.0453	39.8080	0.8230	0.8251	5.0000	-9999.0000	-9999.0000	-9999.0000	-9999.0000	-9999.0000	-9999.0000	19.6494	2	0	28.6378	1.0000	11	1	-9999.0000	27021	37627	-9999	2879	2769	-9999	489.4628	5	0.6760	0.6955	-0.0005	84.7593	0.6640	659.0151	512.5523	39.0972	619.1915	95.8333	651.7415	94.0278	658.4698	94.0509	663.7221	95.0000	
17/08/2017	00:19:18	011992	G488054919HLR	L488	S		605.1287	1.0292	9.8207	100.0663	39.8930	0.8430	0.8274	5.0000	19.0491	713.0597	95.0231	21.7492	23.9000	0.9300	0.9250	0.6960	-0.0005	713.0000	712.8284	1.0275	-2.7939	99.9925	39.8627	0.8230	0.8250	5.0000	-9999.0000	-9999.0000	-9999.0000	-9999.0000	-9999.0000	-9999.0000	20.1494	3	0	27.8098	1.0000	11	1	-9999.0000	27022	37628	-9999	2880	2770	-9999	487.9487	5	0.6760	0.6960	-0.0005	87.5024	0.5427	651.0904	495.9136	38.3796	603.7901	95.3935	645.9258	93.9352	650.3465	93.9815	655.4771	94.9306	
17/08/2017	00:19:45	011992	G488059722HLR	L488	S		627.6699	1.0292	10.0000	100.1070	39.8190	0.8430	0.8272	5.0000	18.7192	713.0655	95.0694	15.9398	23.9000	0.9300	0.9251	0.6960	-0.0005	713.0000	714.8555	1.0275	-2.7583	99.9741	39.8431	0.8230	0.8249	5.0000	-9999.0000	-9999.0000	-9999.0000	-9999.0000	-9999.0000	-9999.0000	19.3483	4	0	27.3881	1.0000	11	2	-9999.0000	27023	37629	-9999	2881	2771	-9999	490.1562	5	0.6760	0.6960	-0.0005	87.5024	0.5427	668.5774	522.9104	39.1204	632.0634	95.6944	661.5994	95.0231	668.0114	95.0926	671.8813	95.0231	
17/08/2017	00:20:10	011992	G488059726HLR	L488	S		626.5787	1.0292	10.0000	100.1241	39.8713	0.8430	0.8274	5.0000	18.8995	713.0404	95.0463	15.7201	23.8000	0.9300	0.9251	0.6957	-0.0005	713.0000	714.5013	1.0275	-2.7645	100.0448	39.7561	0.8230	0.8246	5.0000	-9999.0000	-9999.0000	-9999.0000	-9999.0000	-9999.0000	-9999.0000	20.9709	5	0	25.2091	1.0000	11	2	-9999.0000	27024	37630	-9999	2881	2772	-9999	490.1743	5	0.6762	0.6957	-0.0005	94.6384	0.2201	669.5169	514.0633	36.4815	634.2208	95.7176	663.3901	94.7917	668.9318	95.1157	674.4902	95.0694	
17/08/2017	00:20:37	011992	G488059728HLR	L488	S		629.2879	1.0292	10.0000	100.0991	39.8601	0.8430	0.8272	5.0000	18.8596	713.0441	95.0000	17.7796	23.8000	0.9300	0.9251	0.6959	-0.0005	713.0000	715.9399	1.0275	-2.7392	100.0466	39.9000	0.8230	0.8252	5.0000	-9999.0000	-9999.0000	-9999.0000	-9999.0000	-9999.0000	-9999.0000	19.7092	6	0	26.6290	1.0000	11	2	-9999.0000	27025	37631	-9999	2882	2773	-9999	489.4137	5	0.6768	0.6959	-0.0005	102.1975	-0.0569	666.0598	524.4208	39.3981	632.0725	95.8102	659.5363	94.9074	665.4506	95.0926	669.5986	95.1157	
17/08/2017	00:21:03	011992	G488059735HLR	L488	Q		631.2013	1.0292	10.0000	100.1139	39.8389	0.8430	0.8272	5.0000	18.8792	713.0437	94.9306	16.9886	23.7000	0.9300	0.9251	0.6944	-0.0005	713.0000	717.3738	1.0275	-2.7140	100.0407	39.8114	0.8230	0.8243	5.0000	-9999.0000	-9999.0000	-9999.0000	-9999.0000	-9999.0000	-9999.0000	21.4294	7	0	25.8496	1.0000	11	2	-9999.0000	27026	37632	-9999	2883	2774	-9999	489.8606	5	0.6771	0.6944	-0.0005	80.0396	0.7801	666.0811	504.7263	36.5278	635.2242	95.4630	660.6716	93.9583	665.7858	94.0741	669.6850	94.8148	
17/08/2017	00:21:29	011992	G488059733HLR	L488	Q		624.7908	1.0292	10.0000	100.1196	39.8858	0.8430	0.8273	5.0000	18.8186	713.0266	94.9769	16.6391	23.7000	0.9300	0.9251	0.6944	-0.0005	713.0000	715.7279	1.0275	-2.7429	99.9733	39.8102	0.8230	0.8249	5.0000	-9999.0000	-9999.0000	-9999.0000	-9999.0000	-9999.0000	-9999.0000	19.5284	8	0	26.0986	1.0000	11	2	-9999.0000	27027	37633	-9999	2884	2775	-9999	489.7150	5	0.6771	0.6944	-0.0005	80.0396	0.7801	668.4079	515.3304	37.1991	631.6694	95.8796	660.9993	95.3704	667.4766	95.5093	673.4066	95.0926	
17/08/2017	00:21:56	011992	G488059702HLR	L488	S		625.0826	1.0292	10.0000	100.0992	39.8523	0.8430	0.8271	5.0000	18.8489	713.0537	94.9537	14.4194	23.7000	0.9300	0.9251	0.6934	-0.0004	713.0000	713.2963	1.0275	-2.7857	100.1592	39.9267	0.8230	0.8253	5.0000	-9999.0000	-9999.0000	-9999.0000	-9999.0000	-9999.0000	-9999.0000	19.3788	1	0	27.2894	1.0000	11	2	-9999.0000	27028	37634	-9999	2885	2776	-9999	490.1988	5	0.6775	0.6934	-0.0004	75.3618	0.9333	669.3721	525.0262	39.2593	636.9564	95.3704	661.2764	93.6574	669.0373	93.7963	674.7226	95.3472	
17/08/2017	00:22:23	011992	G488059706HLR	L488	S		630.1527	1.0292	10.0000	100.1106	39.8505	0.8430	0.8273	5.0000	18.6087	713.0299	95.0231	15.8695	23.6000	0.9300	0.9251	0.6933	-0.0004	713.0000	715.8290	1.0275	-2.7411	99.9946	39.8483	0.8230	0.8246	5.0000	-9999.0000	-9999.0000	-9999.0000	-9999.0000	-9999.0000	-9999.0000	20.1823	2	0	26.5692	1.0000	11	2	-9999.0000	27029	37635	-9999	2886	2777	-9999	489.5110	5	0.6776	0.6933	-0.0004	72.6185	0.9871	670.4593	543.7919	39.7685	639.4771	95.6944	664.8529	94.0509	670.0276	94.1435	674.7676	95.1620	
17/08/2017	00:22:50	011992	G488059714HLR	L488	S		628.0688	1.0292	10.0000	100.1294	39.8884	0.8430	0.8273	5.0000	18.9191	713.0551	95.0000	15.1000	23.6000	0.9300	0.9251	0.6922	-0.0004	713.0000	714.3055	1.0275	-2.7679	99.9686	39.8196	0.8230	0.8249	5.0000	-9999.0000	-9999.0000	-9999.0000	-9999.0000	-9999.0000	-9999.0000	19.1582	3	0	27.2685	1.0000	11	2	-9999.0000	27030	37636	-9999	2886	2778	-9999	489.4301	5	0.6844	0.6922	-0.0004	64.9911	1.3305	671.3532	551.8288	38.0093	638.6608	96.1574	664.2282	94.2593	670.8863	94.2361	675.4912	95.2083	
17/08/2017	00:23:19	011992	G488059708HLR	L488	S		628.1330	1.0292	10.0000	100.1341	39.8954	0.8430	0.8274	5.0000	18.8555	713.0810	95.0000	15.3500	23.6000	0.9300	0.9251	0.6905	-0.0003	713.0000	714.5252	1.0275	-2.7641	99.9638	39.9199	0.8230	0.8252	5.0000	-9999.0000	-9999.0000	-9999.0000	-9999.0000	-9999.0000	-9999.0000	19.3482	4	0	29.1092	1.0000	11	2	-9999.0000	27031	37637	-9999	2887	2779	-9999	488.9513	5	0.6841	0.6905	-0.0003	67.4328	1.2378	672.7102	513.6864	37.5694	640.9092	96.2037	666.0843	94.3750	672.1500	94.5139	676.5921	95.0231	
17/08/2017	00:23:46	011992	G488059721HLR	L488	S		626.7649	1.0292	10.0000	100.1534	39.8609	0.8430	0.8272	5.0000	18.8087	713.0945	95.0231	16.4594	23.6000	0.9300	0.9252	0.6922	-0.0004	713.0000	714.8214	1.0275	-2.7589	99.9496	39.8760	0.8230	0.8249	5.0000	-9999.0000	-9999.0000	-9999.0000	-9999.0000	-9999.0000	-9999.0000	19.2898	5	0	26.4920	1.0000	11	2	-9999.0000	27032	37638	-9999	2888	2780	-9999	488.8534	5	0.6844	0.6922	-0.0004	70.0664	1.1148	668.4346	544.8746	37.7315	637.4834	96.4120	660.8752	94.4676	668.0179	94.5602	673.0226	94.9769	
17/08/2017	00:24:13	011992	G488059587HLR	L488	S		624.6266	1.0292	10.0000	100.1247	39.8663	0.8430	0.8273	5.0000	18.7429	713.0562	95.0231	15.8090	23.6000	0.9300	0.9252	0.6905	-0.0003	713.0000	715.2363	1.0275	-2.7516	99.9915	39.8236	0.8230	0.8249	5.0000	-9999.0000	-9999.0000	-9999.0000	-9999.0000	-9999.0000	-9999.0000	19.5985	6	0	26.7962	1.0000	11	2	-9999.0000	27033	37639	-9999	2888	2781	-9999	488.7817	5	0.6848	0.6905	-0.0003	70.7610	1.0732	671.9922	502.4513	39.1667	638.3752	96.2500	664.4828	94.6991	671.6565	94.9306	674.9271	95.1157	
17/08/2017	00:24:38	011992	G488059599HLR	L488	S		631.0635	1.0292	10.0000	100.1288	39.9216	0.8430	0.8273	5.0000	18.7287	713.0478	94.9769	16.5492	23.6000	0.9300	0.9252	0.6894	-0.0003	713.0000	715.6228	1.0275	-2.7448	99.9740	39.8657	0.8230	0.8252	5.0000	-9999.0000	-9999.0000	-9999.0000	-9999.0000	-9999.0000	-9999.0000	19.4751	7	0	25.5391	1.0000	11	2	-9999.0000	27034	37640	-9999	2889	2782	-9999	488.5504	5	0.6851	0.6894	-0.0003	42.3574	2.8898	672.6465	557.6690	38.0324	641.4617	96.5741	666.8183	95.1157	672.5371	95.3009	677.3038	95.1852	
17/08/2017	00:25:04	011992	G488059595HLR	L488	S		630.2486	1.0292	10.0000	100.1268	39.8623	0.8430	0.8271	5.0000	18.6196	713.1056	94.9537	18.2786	23.6000	0.9300	0.9253	0.7015	-0.0010	713.0000	715.6003	1.0275	-2.7452	99.9630	39.9212	0.8230	0.8251	5.0000	-9999.0000	-9999.0000	-9999.0000	-9999.0000	-9999.0000	-9999.0000	19.4754	8	0	25.6885	1.0000	11	2	-9999.0000	27035	37641	-9999	2890	2782	-9999	486.6847	5	0.6847	0.7015	-0.0010	88.8070	-0.1047	660.2545	529.4204	39.8611	628.1458	96.2731	654.1773	94.5370	659.8339	94.6528	664.9014	95.0926	
17/08/2017	00:25:30	011992	G488059741HLR	L488	S		628.7055	1.0292	10.0000	100.1374	39.8551	0.8430	0.8273	5.0000	18.8089	713.0686	95.0000	15.5795	23.6000	0.9300	0.9253	0.7015	-0.0010	713.0000	713.9650	1.0275	-2.7739	99.9357	39.8335	0.8230	0.8248	5.0000	-9999.0000	-9999.0000	-9999.0000	-9999.0000	-9999.0000	-9999.0000	19.4034	1	0	26.5499	1.0000	11	2	-9999.0000	27036	37642	-9999	2891	2783	-9999	488.6049	5	0.6847	0.7015	-0.0010	88.8070	-0.1047	664.3683	483.2175	38.3333	628.1357	96.4815	657.9096	95.4398	663.7877	95.6944	670.0334	95.4167	
17/08/2017	00:25:56	011992	G488059699HLR	L488	S		625.3664	1.0292	10.0000	100.1397	39.9447	0.8430	0.8274	5.0000	18.7591	713.0819	94.9769	15.9994	23.7000	0.9300	0.9253	0.7001	-0.0010	713.0000	714.2036	1.0275	-2.7697	99.9429	39.8629	0.8230	0.8252	5.0000	-9999.0000	-9999.0000	-9999.0000	-9999.0000	-9999.0000	-9999.0000	19.4288	2	0	25.9482	1.0000	11	2	-9999.0000	27037	37643	-9999	2892	2784	-9999	488.1143	5	0.6845	0.7001	-0.0010	89.1423	-0.1043	662.7548	493.6339	36.8981	623.3944	96.3426	655.8599	94.7917	662.1616	94.7917	666.5393	95.0463	
17/08/2017	00:26:24	011992	G488059583HLR	L488	S		630.9767	1.0292	10.0000	100.1337	39.8715	0.8430	0.8271	5.0000	18.6194	713.0477	95.0463	14.6997	23.7000	0.9300	0.9253	0.6985	-0.0009	713.0000	713.4610	1.0275	-2.7828	99.9941	39.9489	0.8230	0.8250	5.0000	-9999.0000	-9999.0000	-9999.0000	-9999.0000	-9999.0000	-9999.0000	19.8290	3	0	27.7557	1.0000	11	2	-9999.0000	27038	37644	-9999	2893	2785	-9999	488.6845	5	0.6842	0.6985	-0.0009	90.5414	-0.2098	669.4645	512.1630	38.1019	632.7769	96.3657	663.6881	95.2778	668.7627	95.4398	674.1547	95.4167	
17/08/2017	00:26:50	011992	G488059580HLR	L488	S		624.0917	1.0292	10.0000	99.9836	39.8022	0.8430	0.8267	5.0000	21.4095	713.0975	94.9306	14.9497	23.8000	0.9300	0.9254	0.7089	-0.0016	713.0000	712.7432	1.0275	-2.7954	99.9451	39.8391	0.8230	0.8247	5.0000	-9999.0000	-9999.0000	-9999.0000	-9999.0000	-9999.0000	-9999.0000	19.5250	4	0	26.0822	1.0000	11	2	-9999.0000	27039	37645	-9999	2893	2786	-9999	488.9758	5	0.6838	0.7089	-0.0016	94.9814	-0.5081	661.5150	498.0412	35.9954	624.2285	96.2037	654.0246	95.8565	660.7786	95.8102	666.2542	95.2315	
17/08/2017	00:27:16	011992	G488059577HLR	L488	S		628.6223	1.0292	10.0000	100.1586	39.9000	0.8430	0.8273	5.0000	18.8889	713.1128	95.0000	15.6489	23.8000	0.9300	0.9253	0.7092	-0.0016	713.0000	712.4632	1.0275	-2.8003	100.0146	39.8968	0.8230	0.8251	5.0000	-9999.0000	-9999.0000	-9999.0000	-9999.0000	-9999.0000	-9999.0000	19.6179	5	0	25.9602	1.0000	11	2	-9999.0000	27040	37646	-9999	2894	2787	-9999	488.0638	5	0.6839	0.7092	-0.0016	92.9332	-0.3846	659.1119	527.9461	38.6574	625.3015	96.2037	651.8711	94.6296	658.5417	94.6528	663.2451	95.0926	
17/08/2017	00:27:44	011992	G488059570HLR	L488	S		626.8657	1.0292	10.0000	99.9735	39.9435	0.8430	0.8267	5.0000	20.8531	713.0460	95.0000	15.1889	23.9000	0.9300	0.9253	0.7078	-0.0015	713.0000	711.2793	1.0275	-2.8211	100.0128	39.9218	0.8230	0.8249	5.0000	-9999.0000	-9999.0000	-9999.0000	-9999.0000	-9999.0000	-9999.0000	19.8921	6	0	27.8180	1.0000	11	2	-9999.0000	27040	37647	-9999	2895	2788	-9999	488.3060	5	0.6839	0.7078	-0.0015	95.2607	-0.5302	659.9331	534.3336	41.4815	627.4976	96.1111	652.0849	94.5602	659.3584	94.7222	663.8849	95.0694	
17/08/2017	00:28:11	011992	G488059574HLR	L488	S		628.1143	1.0292	10.0000	100.1338	39.8521	0.8430	0.8270	5.0000	18.8987	713.0295	95.0000	16.9994	23.9000	0.9300	0.9254	0.7060	-0.0014	713.0000	712.1997	1.0275	-2.8049	100.0638	39.8820	0.8230	0.8249	5.0000	-9999.0000	-9999.0000	-9999.0000	-9999.0000	-9999.0000	-9999.0000	19.2795	7	0	27.1991	1.0000	11	2	-9999.0000	27041	37648	-9999	2895	2789	-9999	486.3997	5	0.6836	0.7060	-0.0014	82.3510	0.2480	660.0864	540.2769	39.0046	630.3217	96.4352	652.3090	94.7222	659.2289	94.9537	663.8413	95.0463	
17/08/2017	00:28:39	011992	G488059565HLR	L488	S		627.7491	1.0292	10.0000	100.1446	39.8843	0.8430	0.8273	5.0000	18.7567	713.0722	95.0231	15.3696	24.0000	0.9300	0.9254	0.7074	-0.0015	713.0000	711.9083	1.0275	-2.8100	100.1819	39.9228	0.8230	0.8250	5.0000	-9999.0000	-9999.0000	-9999.0000	-9999.0000	-9999.0000	-9999.0000	19.5992	8	0	28.1494	1.0000	11	2	-9999.0000	27042	37649	-9999	2896	2790	-9999	488.1855	5	0.6839	0.7074	-0.0015	87.7908	-0.0700	660.2098	541.9978	39.0046	631.3481	95.9722	652.5934	94.4907	659.5226	94.6296	665.2067	95.0463	
17/08/2017	00:29:05	011992	G488059553HLR	L488	S		628.7928	1.0292	10.0000	100.0538	39.9477	0.8430	0.8268	5.0000	20.8888	713.0476	95.0000	15.2094	24.1000	0.9300	0.9253	0.7076	-0.0015	713.0000	712.7290	1.0275	-2.7956	100.1015	39.8050	0.8230	0.8242	5.0000	-9999.0000	-9999.0000	-9999.0000	-9999.0000	-9999.0000	-9999.0000	22.9390	1	0	25.2988	1.0000	11	2	-9999.0000	27043	37650	-9999	2897	2791	-9999	488.3698	5	0.6839	0.7076	-0.0015	85.8449	0.0343	661.3278	512.4365	39.2593	630.1469	96.3657	653.6702	94.6065	660.9548	94.7454	665.5274	95.0231	
17/08/2017	00:29:32	011992	G488059558HLR	L488	S		626.3030	1.0292	10.0000	100.1553	39.8892	0.8430	0.8270	5.0000	18.8584	713.0376	94.9537	17.0394	24.1000	0.9300	0.9253	0.7095	-0.0016	713.0000	712.7117	1.0275	-2.7959	100.0097	39.8928	0.8230	0.8249	5.0000	-9999.0000	-9999.0000	-9999.0000	-9999.0000	-9999.0000	-9999.0000	20.2090	2	0	27.4092	1.0000	11	2	-9999.0000	27044	37651	-9999	2898	2792	-9999	486.4644	5	0.6840	0.7095	-0.0016	78.7144	0.3616	655.5403	517.9239	38.8426	626.1066	96.7130	648.3216	94.6991	655.1569	94.8611	660.4404	95.1157	
17/08/2017	00:29:57	011992	G488059567HLR	L488	S		618.8722	1.0292	10.0000	100.1568	39.9074	0.8430	0.8272	5.0000	18.8146	713.0667	95.0231	16.2601	24.2000	0.9300	0.9253	0.7095	-0.0016	713.0000	712.6958	1.0275	-2.7962	100.1005	39.8609	0.8230	0.8242	5.0000	-9999.0000	-9999.0000	-9999.0000	-9999.0000	-9999.0000	-9999.0000	22.9840	3	0	25.4688	1.0000	11	2	-9999.0000	27045	37652	-9999	2899	2793	-9999	487.4109	5	0.6840	0.7095	-0.0016	78.7144	0.3616	655.8356	517.3836	38.4259	617.5045	96.8287	647.2611	94.7222	655.0551	94.8611	659.9718	95.0926	
17/08/2017	00:30:24	011992	G488059566HLR	L488	S		625.3651	1.0292	10.0000	100.2051	39.9785	0.8430	0.8273	5.0000	18.8401	713.0967	94.9537	17.3099	24.2000	0.9300	0.9253	0.7110	-0.0017	713.0000	710.5473	1.0275	-2.8340	99.9640	39.9114	0.8230	0.8249	5.0000	-9999.0000	-9999.0000	-9999.0000	-9999.0000	-9999.0000	-9999.0000	19.4890	4	0	26.8592	1.0000	11	2	-9999.0000	27046	37653	-9999	2900	2794	-9999	486.3089	5	0.6842	0.7110	-0.0017	77.0061	0.4528	656.5355	511.8661	36.5972	616.0508	96.5972	647.6304	95.9491	654.1983	95.9722	659.0746	95.3472	
17/08/2017	00:30:50	011992	G488059669HLR	L488	S		628.8329	1.0292	10.0000	100.1539	39.9435	0.8430	0.8271	5.0000	18.9337	713.0330	95.0231	14.4389	24.2000	0.9300	0.9252	0.7103	-0.0016	713.0000	711.7147	1.0275	-2.8135	100.0638	39.9583	0.8230	0.8251	5.0000	-9999.0000	-9999.0000	-9999.0000	-9999.0000	-9999.0000	-9999.0000	19.1991	5	0	25.8790	1.0000	11	2	-9999.0000	27047	37654	-9999	2901	2795	-9999	489.6465	5	0.6845	0.7103	-0.0016	77.0943	0.4471	659.6793	517.2383	36.2037	621.4724	95.0000	652.3076	94.2361	659.0927	94.2824	665.0159	95.0231	
17/08/2017	00:31:17	011992	G488059681HLR	L488	S		628.4938	1.0292	10.0000	100.1622	39.9178	0.8430	0.8272	5.0000	18.8042	713.0347	95.0000	15.6498	24.2000	0.9300	0.9252	0.7079	-0.0015	713.0000	712.3300	1.0275	-2.8026	100.1003	39.9587	0.8230	0.8251	5.0000	-9999.0000	-9999.0000	-9999.0000	-9999.0000	-9999.0000	-9999.0000	19.1258	6	0	26.6983	1.0000	11	2	-9999.0000	27048	37655	-9999	2902	2796	-9999	488.2561	5	0.6847	0.7079	-0.0015	68.7729	0.9970	658.7787	515.1111	38.5185	626.1137	95.3704	652.3724	94.0278	658.1524	94.1435	664.1965	94.9306	
17/08/2017	00:31:43	011992	G488059678HLR	L488	S		630.0433	1.0292	10.0000	100.1529	39.9443	0.8430	0.8273	5.0000	18.7892	713.0817	94.9537	14.6098	24.2000	0.9300	0.9252	0.7099	-0.0016	713.0000	713.6244	1.0275	-2.7799	100.0305	39.8838	0.8230	0.8248	5.0000	-9999.0000	-9999.0000	-9999.0000	-9999.0000	-9999.0000	-9999.0000	19.4794	7	0	26.4492	1.0000	11	2	-9999.0000	27048	37656	-9999	2903	2797	-9999	489.6125	5	0.6846	0.7099	-0.0016	74.4843	0.6678	662.9616	477.2065	37.3611	626.8055	95.7639	655.7311	94.7917	662.0107	94.8611	667.5830	95.0694	
17/08/2017	00:32:13	011992	G488059674HLR	L488	S		628.3893	1.0292	10.0000	100.1389	39.9743	0.8430	0.8274	5.0000	19.0294	713.0476	95.0694	16.0199	24.2000	0.9300	0.9252	0.7043	-0.0012	713.0000	713.5928	1.0275	-2.7804	100.0123	39.9441	0.8230	0.8250	5.0000	-9999.0000	-9999.0000	-9999.0000	-9999.0000	-9999.0000	-9999.0000	19.5392	8	0	29.2298	1.0000	11	2	-9999.0000	27049	37657	-9999	2904	2798	-9999	488.0981	5	0.6847	0.7043	-0.0012	71.3111	0.8161	662.9615	515.1658	38.1019	631.0223	95.9722	656.8772	94.7917	662.3418	94.8380	667.7204	95.0231	
17/08/2017	00:32:38	011992	G488059694HLR	L488	S		631.3093	1.0292	10.0000	99.9920	39.8691	0.8430	0.8266	5.0000	20.8996	713.1165	94.9769	15.0698	24.2000	0.9300	0.9251	0.7142	-0.0019	713.0000	712.5024	1.0275	-2.7996	100.0835	39.9457	0.8230	0.8249	5.0000	-9999.0000	-9999.0000	-9999.0000	-9999.0000	-9999.0000	-9999.0000	19.7888	1	0	25.2789	1.0000	11	2	-9999.0000	27050	37658	-9999	2905	2799	-9999	489.4333	5	0.6850	0.7142	-0.0019	72.9048	0.7197	657.4905	510.7927	38.1250	624.0776	96.2269	650.0563	94.2593	656.8556	94.3750	662.8670	95.0463	
17/08/2017	00:33:04	011992	G488059353HLR	L488	S		624.6412	1.0292	10.0000	100.1528	39.9259	0.8430	0.8273	5.0000	18.8594	713.0406	95.0231	15.9291	24.2000	0.9300	0.9251	0.7159	-0.0020	713.0000	712.6455	1.0275	-2.7971	100.0130	39.9090	0.8230	0.8249	5.0000	-9999.0000	-9999.0000	-9999.0000	-9999.0000	-9999.0000	-9999.0000	19.3670	2	0	26.5488	1.0000	11	2	-9999.0000	27050	37659	-9999	2906	2800	-9999	488.2675	5	0.6850	0.7159	-0.0020	73.4142	0.6828	654.0451	498.2463	39.6065	621.2028	96.3889	648.0615	94.9537	653.4790	95.0694	660.1171	95.1157	
17/08/2017	00:33:33	011992	G488059655HLR	L488	S		624.0489	1.0292	10.0000	100.1723	40.0010	0.8430	0.8273	5.0000	18.7264	713.0870	95.0231	15.5893	24.2000	0.9300	0.9251	0.7088	-0.0015	713.0000	712.4505	1.0275	-2.8005	99.9335	39.9100	0.8230	0.8251	5.0000	-9999.0000	-9999.0000	-9999.0000	-9999.0000	-9999.0000	-9999.0000	18.9971	3	0	28.2352	1.0000	11	2	-9999.0000	27051	37660	-9999	2907	2801	-9999	488.7636	5	0.6851	0.7088	-0.0015	73.5300	0.6803	659.4200	521.6559	39.5833	626.3140	96.2963	649.7890	94.5602	658.7011	94.6528	664.2275	95.0694	
17/08/2017	00:34:01	011992	G488059339HLR	L488	S		622.5476	1.0292	10.0000	100.0603	39.9146	0.8430	0.8267	5.0000	20.4384	713.1373	94.9769	18.4095	24.2000	0.9300	0.9251	0.7105	-0.0016	713.0000	709.1751	1.0275	-2.8581	99.9278	39.9605	0.8230	0.8250	5.0000	-9999.0000	-9999.0000	-9999.0000	-9999.0000	-9999.0000	-9999.0000	19.5769	4	0	28.0390	1.0000	11	2	-9999.0000	27052	37661	-9999	2908	2802	-9999	485.3723	5	0.6852	0.7105	-0.0016	68.2257	1.0265	651.6353	494.8894	38.1019	621.0041	96.0185	643.1366	94.5602	651.0423	94.7222	656.0715	95.1157	
17/08/2017	00:34:28	011992	G488059665HLR	L488	S		630.5735	1.0292	10.0000	100.1538	39.8862	0.8430	0.8272	5.0000	18.6692	713.1119	94.9537	14.5297	24.2000	0.9300	0.9251	0.7105	-0.0016	713.0000	712.5283	1.0275	-2.7992	100.1088	39.8302	0.8230	0.8242	5.0000	-9999.0000	-9999.0000	-9999.0000	-9999.0000	-9999.0000	-9999.0000	22.2787	5	0	27.7392	1.0000	11	2	-9999.0000	27053	37662	-9999	2909	2803	-9999	489.9614	5	0.6852	0.7105	-0.0016	68.2257	1.0265	661.3528	537.0991	38.9120	629.0067	96.6435	653.4092	94.6759	660.5983	94.8380	667.0798	94.9306	
17/08/2017	00:34:55	011992	G488059658HLR	L488	S		629.0293	1.0292	10.0000	100.1757	40.0158	0.8430	0.8274	5.0000	18.8370	713.0336	95.0463	15.7494	24.2000	0.9300	0.9251	0.7090	-0.0015	713.0000	713.3387	1.0275	-2.7849	99.9615	39.8916	0.8230	0.8251	5.0000	-9999.0000	-9999.0000	-9999.0000	-9999.0000	-9999.0000	-9999.0000	19.2588	6	0	26.3692	1.0000	11	2	-9999.0000	27054	37663	-9999	2910	2804	-9999	488.5215	5	0.6852	0.7090	-0.0015	67.2968	1.0820	659.4241	518.0189	37.8009	630.2717	96.6435	652.7760	94.5602	658.9790	94.6528	664.6388	95.0926	
17/08/2017	00:35:21	011992	G488059342HLR	L488	S		617.9684	1.0292	10.0000	100.1411	39.9621	0.8430	0.8271	5.0000	18.9182	713.0608	94.9306	17.4593	24.1000	0.9300	0.9251	0.6987	-0.0008	713.0000	714.0869	1.0275	-2.7718	99.9600	39.9863	0.8230	0.8250	5.0000	-9999.0000	-9999.0000	-9999.0000	-9999.0000	-9999.0000	-9999.0000	19.6896	7	0	26.4091	1.0000	11	2	-9999.0000	27055	37664	-9999	2911	2805	-9999	486.7973	5	0.6854	0.6987	-0.0008	69.3385	0.9364	654.3313	530.6461	39.9769	621.2458	96.0417	646.7119	94.2593	653.6640	94.3981	658.7198	95.0926	
17/08/2017	00:35:50	011992	G488057848HLR	L488	S		622.8434	1.0292	10.0000	100.1795	39.8894	0.8430	0.8272	5.0000	18.7191	713.0538	94.9306	17.2992	24.1000	0.9300	0.9251	0.6987	-0.0008	713.0000	712.3760	1.0275	-2.8018	100.1076	39.8798	0.8230	0.8248	5.0000	-9999.0000	-9999.0000	-9999.0000	-9999.0000	-9999.0000	-9999.0000	19.3881	8	0	28.9188	1.0000	11	2	-9999.0000	27056	37665	-9999	2912	2806	-9999	487.9508	5	0.6854	0.6987	-0.0008	69.3385	0.9364	661.3156	544.2281	38.7731	632.6515	96.4815	654.4754	94.5602	660.9294	94.7685	666.3456	95.0463	
17/08/2017	00:36:19	011992	G488059349HLR	L488	S		628.8193	1.0292	10.0000	100.1606	39.9701	0.8430	0.8274	5.0000	18.6754	713.0751	94.9306	16.8998	24.1000	0.9300	0.9251	0.7170	-0.0020	713.0000	713.3769	1.0275	-2.7842	99.9978	39.8892	0.8230	0.8251	5.0000	-9999.0000	-9999.0000	-9999.0000	-9999.0000	-9999.0000	-9999.0000	19.2714	1	0	28.7295	1.0000	11	2	-9999.0000	27057	37666	-9999	2913	2807	-9999	488.3570	5	0.6859	0.7170	-0.0020	66.0272	1.1590	664.7426	517.2014	38.3102	634.1221	96.3657	657.1645	94.3981	664.2497	94.5602	666.8415	95.0231	
17/08/2017	00:36:47	011992	G488059651HLR	L488	S		628.2717	1.0292	10.0000	100.1522	39.9691	0.8430	0.8272	5.0000	18.7795	713.1068	95.0000	15.5600	24.1000	0.9300	0.9251	0.7170	-0.0020	713.0000	712.7473	1.0275	-2.7953	100.0386	39.9667	0.8230	0.8250	5.0000	-9999.0000	-9999.0000	-9999.0000	-9999.0000	-9999.0000	-9999.0000	19.7231	2	0	28.6415	1.0000	11	2	-9999.0000	27058	37667	-9999	2914	2808	-9999	488.9290	5	0.6859	0.7170	-0.0020	66.0272	1.1590	654.8085	492.5368	36.1574	617.6251	96.2500	647.7324	94.6065	653.7267	94.7454	658.8487	95.0694	
17/08/2017	00:37:16	011992	G488059663HLR	L488	S		629.1566	1.0292	10.0000	99.9958	39.8635	0.8430	0.8267	5.0000	20.7890	713.0550	95.0231	15.5893	24.1000	0.9300	0.9251	0.7157	-0.0019	713.0000	712.2673	1.0275	-2.8037	100.1774	39.8794	0.8230	0.8249	5.0000	-9999.0000	-9999.0000	-9999.0000	-9999.0000	-9999.0000	-9999.0000	19.2090	3	0	28.4560	1.0000	11	2	-9999.0000	27059	37668	-9999	2915	2809	-9999	488.7809	5	0.6852	0.7157	-0.0019	14.8327	4.5449	654.6872	511.0058	39.5370	620.7756	96.4815	647.4502	94.6296	654.0000	94.7685	660.0486	95.0694	
17/08/2017	00:37:44	011992	G488059322HLR	L488	S		623.2290	1.0292	10.0000	99.9787	39.8804	0.8430	0.8267	5.0000	20.9797	713.0657	94.9537	18.1595	24.1000	0.9300	0.9251	0.7012	-0.0010	713.0000	712.3824	1.0275	-2.8017	99.9271	39.8964	0.8230	0.8251	5.0000	-9999.0000	-9999.0000	-9999.0000	-9999.0000	-9999.0000	-9999.0000	19.1688	4	0	28.2187	1.0000	11	2	-9999.0000	27059	37669	-9999	2916	2810	-9999	487.2734	5	0.6850	0.7012	-0.0010	53.5372	2.0127	660.7976	540.3663	40.1389	630.9586	96.8287	654.7548	94.9537	659.9513	95.1620	665.2553	95.1852	
17/08/2017	00:38:11	011992	G488059325HLR	L488	S		619.6864	1.0292	10.0000	100.1250	40.0000	0.8430	0.8273	5.0000	18.6995	713.0164	94.9769	17.9593	24.1000	0.9300	0.9251	0.6993	-0.0009	713.0000	712.1044	1.0275	-2.8066	100.0175	39.9487	0.8230	0.8251	5.0000	-9999.0000	-9999.0000	-9999.0000	-9999.0000	-9999.0000	-9999.0000	19.3865	5	0	27.1093	1.0000	11	2	-9999.0000	27060	37670	-9999	2917	2811	-9999	487.3032	5	0.6852	0.6993	-0.0009	52.6054	2.0750	659.9488	514.7745	38.8657	627.1343	96.8519	653.4507	95.3935	659.3921	95.5093	664.2776	95.3009	
17/08/2017	00:38:37	011992	G488059329HLR	L488	S		622.0602	1.0292	10.0000	100.1577	39.9739	0.8430	0.8270	5.0000	18.9931	713.0450	94.9537	17.7699	24.1000	0.9300	0.9252	0.6979	-0.0008	713.0000	711.3480	1.0275	-2.8199	100.0057	39.8806	0.8230	0.8249	5.0000	-9999.0000	-9999.0000	-9999.0000	-9999.0000	-9999.0000	-9999.0000	19.2883	6	0	25.4688	1.0000	11	2	-9999.0000	27061	37671	-9999	2917	2812	-9999	487.8490	5	0.6852	0.6979	-0.0008	56.9266	1.8084	659.7644	533.0639	40.6250	628.0375	96.4815	652.3031	94.6991	659.2811	94.8843	663.8733	95.0926	
17/08/2017	00:39:03	011992	G488059333HLR	L488	S		622.3387	1.0292	10.0000	100.1530	39.8439	0.8430	0.8271	5.0000	18.9190	713.0429	94.9074	17.6995	24.2000	0.9300	0.9252	0.6980	-0.0008	713.0000	712.1318	1.0275	-2.8061	100.2205	39.8906	0.8230	0.8252	5.0000	-9999.0000	-9999.0000	-9999.0000	-9999.0000	-9999.0000	-9999.0000	19.3005	7	0	26.1386	1.0000	11	2	-9999.0000	27062	37672	-9999	2918	2813	-9999	487.9920	5	0.6850	0.6980	-0.0008	60.6728	1.5275	662.9147	507.7369	39.0972	631.3055	96.6435	655.5616	95.2546	662.1189	95.3472	666.6622	95.2546	
17/08/2017	00:39:32	011992	G488059346HLR	L488	S		623.8616	1.0292	10.0000	100.1031	39.9523	0.8430	0.8273	5.0000	19.5035	713.0250	94.9074	17.4789	24.2000	0.9300	0.9252	0.6979	-0.0008	713.0000	711.1501	1.0275	-2.8234	100.0645	39.9216	0.8230	0.8248	5.0000	-9999.0000	-9999.0000	-9999.0000	-9999.0000	-9999.0000	-9999.0000	20.3987	8	0	28.8495	1.0000	11	2	-9999.0000	27063	37673	-9999	2919	2814	-9999	488.1754	5	0.6849	0.6979	-0.0008	50.8515	2.1287	662.2661	545.3038	40.1389	631.6598	96.6204	654.8839	95.4398	661.5011	95.5093	666.3056	95.3472	
17/08/2017	00:39:58	011992	G488059309HLR	L488	S		624.0827	1.0292	10.0000	100.1747	40.0074	0.8430	0.8272	5.0000	18.6692	713.0568	95.0000	16.3392	24.3000	0.9300	0.9252	0.6979	-0.0008	713.0000	711.6290	1.0275	-2.8150	100.0643	39.8531	0.8230	0.8244	5.0000	-9999.0000	-9999.0000	-9999.0000	-9999.0000	-9999.0000	-9999.0000	21.3432	1	0	26.3291	1.0000	11	2	-9999.0000	27064	37674	-9999	2920	2815	-9999	488.8227	5	0.6849	0.6979	-0.0008	50.8515	2.1287	664.7945	526.5871	40.1157	631.9876	96.2963	658.6146	95.0463	664.4415	94.9537	668.6966	95.0926	
17/08/2017	00:40:26	011992	G488059212HLR	L488	S		625.5444	1.0292	10.0000	100.1564	39.8968	0.8430	0.8271	5.0000	18.7696	713.0589	94.9769	14.6899	24.3000	0.9300	0.9252	0.6981	-0.0008	713.0000	710.7517	1.0275	-2.8304	100.1004	39.8377	0.8230	0.8243	5.0000	-9999.0000	-9999.0000	-9999.0000	-9999.0000	-9999.0000	-9999.0000	22.7694	2	0	27.9590	1.0000	11	2	-9999.0000	27065	37675	-9999	2921	2816	-9999	489.7991	5	0.6850	0.6981	-0.0008	45.1452	2.4917	666.8123	529.9073	37.9630	636.2534	96.8287	659.8327	94.5370	666.4614	94.6991	672.2617	95.0463	
17/08/2017	00:40:54	011992	G488059313HLR	L488	S		623.4372	1.0292	10.0000	100.1781	39.8966	0.8430	0.8273	5.0000	18.7189	713.0643	95.0231	15.4194	24.4000	0.9300	0.9252	0.6931	-0.0005	713.0000	710.8218	1.0275	-2.8291	99.9571	39.9373	0.8230	0.8251	5.0000	-9999.0000	-9999.0000	-9999.0000	-9999.0000	-9999.0000	-9999.0000	19.2892	3	0	28.3690	1.0000	11	2	-9999.0000	27066	37676	-9999	2922	2817	-9999	489.0563	5	0.6848	0.6931	-0.0005	41.3548	2.7169	670.1591	510.1774	37.8935	638.1557	97.0602	663.2752	95.1389	669.3581	95.2315	674.3386	95.2315	
17/08/2017	00:41:19	011992	G488059318HLR	L488	S		620.7085	1.0292	10.0000	100.1542	39.9948	0.8430	0.8274	5.0000	18.7094	713.0786	94.9769	18.1400	24.4000	0.9300	0.9252	0.6944	-0.0005	713.0000	712.3405	1.0275	-2.8025	99.9535	40.0138	0.8230	0.8251	5.0000	-9999.0000	-9999.0000	-9999.0000	-9999.0000	-9999.0000	-9999.0000	19.3003	4	0	24.9289	1.0000	11	2	-9999.0000	27067	37677	-9999	2923	2818	-9999	488.3125	5	0.6849	0.6944	-0.0005	40.3193	2.7733	665.0343	537.3708	41.5741	634.9028	96.8750	657.8125	95.5093	664.3554	95.7639	669.1621	95.4167	
17/08/2017	00:41:46	011992	G488059720HLR	L488	S		623.4605	1.0292	10.0000	100.1634	39.9784	0.8430	0.8272	5.0000	18.7394	713.0192	95.0000	14.8998	24.5000	0.9300	0.9253	0.6960	-0.0006	713.0000	714.7757	1.0275	-2.7597	99.9570	39.8691	0.8230	0.8246	5.0000	-9999.0000	-9999.0000	-9999.0000	-9999.0000	-9999.0000	-9999.0000	19.9285	5	0	26.9796	1.0000	11	2	-9999.0000	27068	37678	-9999	2924	2819	-9999	489.6743	5	0.6854	0.6960	-0.0006	44.5067	2.5308	674.3252	526.5479	40.0463	638.0479	96.8056	666.6313	95.5093	673.6972	95.6713	677.9387	95.4630	
17/08/2017	00:42:12	011992	G488059719HLR	L488	S		619.9483	1.0292	10.0000	100.1620	39.8870	0.8430	0.8271	5.0000	18.7794	713.0314	94.9306	17.2093	24.6000	0.9300	0.9253	0.7032	-0.0010	713.0000	715.9016	1.0275	-2.7399	100.0819	39.8832	0.8230	0.8251	5.0000	-9999.0000	-9999.0000	-9999.0000	-9999.0000	-9999.0000	-9999.0000	19.1589	6	0	25.5886	1.0000	11	2	-9999.0000	27069	37679	-9999	2925	2820	-9999	488.7949	5	0.6862	0.7032	-0.0010	59.1342	1.7047	666.1262	542.8850	37.7778	628.4512	95.9722	658.3848	95.8333	665.2111	95.8565	669.2893	95.4398	
17/08/2017	00:42:38	011992	G488059727HLR	L488	S		614.6643	1.0292	10.0000	100.1671	39.9120	0.8430	0.8272	5.0000	18.9493	713.0665	94.9074	17.4691	24.6000	0.9300	0.9252	0.7049	-0.0011	713.0000	713.0675	1.0275	-2.7897	99.9745	40.0447	0.8230	0.8252	5.0000	-9999.0000	-9999.0000	-9999.0000	-9999.0000	-9999.0000	-9999.0000	19.7176	7	0	25.7090	1.0000	11	2	-9999.0000	27070	37680	-9999	2926	2821	-9999	488.8357	5	0.6861	0.7049	-0.0011	59.3674	1.7105	659.5732	503.4074	36.5741	622.6963	94.6528	652.7261	95.5556	658.7207	95.6019	664.2922	95.2778	
17/08/2017	00:43:07	011992	G488059734HLR	L488	S		625.3061	1.0292	10.0000	100.1767	40.0152	0.8430	0.8273	5.0000	18.6800	713.0944	95.0000	13.7798	24.6000	0.9300	0.9252	0.7049	-0.0011	713.0000	716.5375	1.0275	-2.7287	99.9885	39.9721	0.8230	0.8249	5.0000	-9999.0000	-9999.0000	-9999.0000	-9999.0000	-9999.0000	-9999.0000	19.2181	8	0	29.9188	1.0000	11	2	-9999.0000	27071	37681	-9999	2926	2822	-9999	491.8761	5	0.6861	0.7049	-0.0011	59.3674	1.7105	671.8351	509.5529	37.7315	631.8628	95.0000	664.2399	95.9028	671.0711	95.8102	676.0541	95.1852	
17/08/2017	00:43:35	011992	G488059732HLR	L488	S		623.7664	1.0292	10.0000	100.1712	39.9475	0.8430	0.8271	5.0000	18.7093	713.0279	94.9306	16.0795	24.6000	0.9300	0.9251	0.7069	-0.0012	713.0000	716.1452	1.0275	-2.7356	100.1972	39.8572	0.8230	0.8248	5.0000	-9999.0000	-9999.0000	-9999.0000	-9999.0000	-9999.0000	-9999.0000	19.6660	1	0	27.2490	1.0000	11	2	-9999.0000	27072	37682	-9999	2927	2823	-9999	490.1235	5	0.6860	0.7069	-0.0012	65.8135	1.3514	663.5456	504.4649	36.4120	625.9585	95.7639	656.1198	94.9306	663.0820	94.9074	667.4238	95.1389	
17/08/2017	00:44:01	011992	G488059703HLR	L488	S		620.3306	1.0292	10.0000	100.1537	39.8699	0.8430	0.8272	5.0000	18.7794	713.0993	94.9769	14.8393	24.6000	0.9300	0.9251	0.7058	-0.0011	713.0000	716.3817	1.0275	-2.7314	100.0224	40.0232	0.8230	0.8251	5.0000	-9999.0000	-9999.0000	-9999.0000	-9999.0000	-9999.0000	-9999.0000	19.8453	2	0	26.0488	1.0000	11	2	-9999.0000	27072	37683	-9999	2928	2824	-9999	491.2372	5	0.6859	0.7058	-0.0011	62.6199	1.5505	666.6591	532.6647	38.5417	628.0748	96.2500	659.7145	94.9769	665.9725	95.0231	671.0524	95.1620	
17/08/2017	00:44:27	011992	G488059716HLR	L488	S		623.1364	1.0292	10.0000	100.1631	40.0000	0.8430	0.8274	5.0000	18.7975	713.0426	94.9537	14.9897	24.6000	0.9300	0.9250	0.7045	-0.0011	713.0000	716.4880	1.0275	-2.7296	100.0572	39.9092	0.8230	0.8245	5.0000	-9999.0000	-9999.0000	-9999.0000	-9999.0000	-9999.0000	-9999.0000	20.4490	3	0	25.7294	1.0000	11	2	-9999.0000	27073	37684	-9999	2929	2825	-9999	491.0295	5	0.6860	0.7045	-0.0011	71.7850	1.0515	668.3795	536.1027	37.1528	630.8422	94.8843	659.9147	95.8565	667.8141	95.9028	672.4843	95.1620	
17/08/2017	00:44:53	011992	G488059713HLR	L488	S		620.3675	1.0292	10.0000	100.1441	40.0281	0.8430	0.8271	5.0000	18.8073	713.0827	95.0000	19.1292	24.6000	0.9300	0.9250	0.6940	-0.0005	713.0000	716.5661	1.0275	-2.7282	100.0248	39.8768	0.8230	0.8249	5.0000	-9999.0000	-9999.0000	-9999.0000	-9999.0000	-9999.0000	-9999.0000	19.6092	4	0	26.6885	1.0000	11	2	-9999.0000	27074	37685	-9999	2930	2826	-9999	488.3371	5	0.6860	0.6940	-0.0005	72.9941	1.1018	668.3081	548.5969	39.4444	632.5434	95.5324	661.9543	95.5093	667.5237	95.7176	670.8898	95.1620	
17/08/2017	00:48:51	011992	G488056982HLR	L488	S		0.0000	0.0000	0.0000	0.0000	0.0000	0.8430	0.0000	0.0000	0.0000	0.0000	0.0000	0.0000	0.0000	0.9300	0.0000	0.0000	0.0000	0.0000	0.0000	0.0000	0.0000	0.0000	0.0000	0.8230	0.0000	0.0000	0.0000	0.0000	0.0000	0.0000	0.0000	0.0000	0.0000	0	42	26.6885	1.0000	11	2	0.0000	0	0	0	0	0	0	0.0000	0	0.0000	0.0000	0.0000	0.0000	0.0000	0.0000	0.0000	0.0000	0.0000	0.0000	0.0000	0.0000	0.0000	0.0000	0.0000	0.0000	
17/08/2017	00:49:33	011992	G488056985HLR	L488	S		0.0000	0.0000	0.0000	0.0000	0.0000	0.8430	0.0000	0.0000	0.0000	0.0000	0.0000	0.0000	0.0000	0.9300	0.0000	0.0000	0.0000	0.0000	0.0000	0.0000	0.0000	0.0000	0.0000	0.8230	0.0000	0.0000	0.0000	0.0000	0.0000	0.0000	0.0000	0.0000	0.0000	0	42	26.6885	1.0000	11	2	0.0000	0	0	0	0	0	0	0.0000	0	0.0000	0.0000	0.0000	0.0000	0.0000	0.0000	0.0000	0.0000	0.0000	0.0000	0.0000	0.0000	0.0000	0.0000	0.0000	0.0000	
17/08/2017	00:49:53	011992	G488059707HLR	L488	Q		617.2681	1.0292	10.0000	100.1449	39.9082	0.8430	0.8271	5.0000	18.6460	713.0561	94.8611	16.4896	24.5000	0.9300	0.9250	0.6940	-0.0005	713.0000	715.2628	1.0275	-2.7511	100.0123	40.0012	0.8230	0.8252	5.0000	-9999.0000	-9999.0000	-9999.0000	-9999.0000	-9999.0000	-9999.0000	19.3487	5	0	300.0497	1.0000	11	2	-9999.0000	27075	37686	-9999	2931	2827	-9999	489.1246	5	0.6860	0.6940	-0.0005	72.9941	1.1018	669.2791	529.8286	37.2222	634.3693	95.4167	663.6146	94.9306	668.7319	94.9537	674.1769	95.0926	
17/08/2017	00:50:20	011992	G488059736HLR	L488	Q		615.7336	1.0292	10.0000	99.9773	39.9090	0.8430	0.8268	5.0000	21.2054	713.0780	94.9769	15.2601	24.5000	0.9300	0.9250	0.6944	-0.0005	713.0000	715.5111	1.0275	-2.7467	99.9599	39.9519	0.8230	0.8247	5.0000	-9999.0000	-9999.0000	-9999.0000	-9999.0000	-9999.0000	-9999.0000	19.8790	6	0	26.6385	1.0000	11	2	-9999.0000	27076	37687	-9999	2931	2828	-9999	489.4116	5	0.6860	0.6944	-0.0005	72.8097	1.1877	672.6245	532.9505	38.6343	638.8951	95.2546	665.5099	95.5093	672.1016	95.4861	676.9833	95.2546	
17/08/2017	00:50:49	011992	G488059582HLR	L488	S		623.8730	1.0292	10.0000	100.1403	39.9741	0.8430	0.8271	5.0000	19.3591	713.0386	94.9769	14.9692	24.4000	0.9300	0.9249	0.6930	-0.0005	713.0000	715.3624	1.0275	-2.7493	99.9243	39.6248	0.8230	0.8250	5.0000	-9999.0000	-9999.0000	-9999.0000	-9999.0000	-9999.0000	-9999.0000	19.8389	7	0	29.0292	1.0000	11	2	-9999.0000	27077	37688	-9999	2932	2829	-9999	489.2456	5	0.6858	0.6930	-0.0005	73.5929	1.1926	674.7183	518.5348	39.6759	640.2053	95.2778	667.3512	94.6528	673.9677	94.8611	677.9156	94.9537	
17/08/2017	00:51:19	011992	G488059586HLR	L488	S		622.1460	1.0292	10.0000	100.1353	39.9758	0.8430	0.8271	5.0000	19.0395	713.0502	95.0231	15.8988	24.4000	0.9300	0.9249	0.6954	-0.0006	713.0000	714.5266	1.0275	-2.7640	99.8807	39.6896	0.8230	0.8258	5.0000	-9999.0000	-9999.0000	-9999.0000	-9999.0000	-9999.0000	-9999.0000	19.4112	8	0	30.5584	1.0000	11	2	-9999.0000	27078	37689	-9999	2933	2830	-9999	488.5987	5	0.6850	0.6954	-0.0006	79.7807	0.8531	669.0112	499.6079	38.2407	633.9366	94.8843	662.1902	95.1620	668.4589	95.1852	673.0668	95.2315	
17/08/2017	00:51:50	011992	G488059596HLR	L488	S		617.7008	1.0292	10.0000	100.1546	39.9375	0.8430	0.8271	5.0000	18.7990	713.0398	95.0231	16.0297	24.3000	0.9300	0.9249	0.6996	-0.0010	713.0000	716.1077	1.0275	-2.7362	99.9794	39.9557	0.8230	0.8257	5.0000	-9999.0000	-9999.0000	-9999.0000	-9999.0000	-9999.0000	-9999.0000	19.5605	1	0	30.6893	1.0000	11	2	-9999.0000	27079	37690	-9999	2934	2831	-9999	487.9676	5	0.6846	0.6996	-0.0010	81.5601	0.7930	667.5268	503.3307	35.9259	626.7496	94.4676	660.9045	94.9769	666.7868	95.0926	671.6293	95.1620	
17/08/2017	00:52:23	011992	G488059742HLR	L488	S		626.8222	1.0292	10.0000	99.9873	39.8990	0.8430	0.8266	5.0000	21.3490	713.0685	95.0231	15.7299	23.9000	0.9300	0.9249	0.6994	-0.0009	713.0000	716.9412	1.0275	-2.7216	99.9041	39.5882	0.8230	0.8245	5.0000	-9999.0000	-9999.0000	-9999.0000	-9999.0000	-9999.0000	-9999.0000	19.3616	2	0	32.6785	1.0000	11	2	-9999.0000	27080	37691	-9999	2935	2832	-9999	488.1788	5	0.6845	0.6994	-0.0009	79.9641	0.9518	663.3933	412.1876	39.0278	621.9076	92.2222	653.7266	92.8009	662.6284	93.0556	668.4928	95.0000	
17/08/2017	00:52:51	011992	G488059700HLR	L488	S		613.7906	1.0292	10.0000	99.9664	39.7990	0.8430	0.8275	5.0000	19.9336	713.0453	94.9537	18.1995	23.8000	0.9300	0.9249	0.6994	-0.0009	713.0000	715.7652	1.0275	-2.7423	99.9788	39.8000	0.8230	0.8259	5.0000	-9999.0000	-9999.0000	-9999.0000	-9999.0000	-9999.0000	-9999.0000	19.5012	3	0	28.0891	1.0000	11	2	-9999.0000	27081	37692	-9999	2936	2833	-9999	486.4999	5	0.6845	0.6994	-0.0009	78.5227	1.0167	657.3499	535.8461	38.5417	624.6574	93.5880	650.9274	93.9120	656.6274	93.8657	661.1672	94.7685	
17/08/2017	00:53:17	011992	G488059581HLR	L488	S		622.8878	1.0292	10.0000	100.0318	39.8315	0.8430	0.8275	5.0000	18.8294	713.1030	95.0000	19.7591	23.9000	0.9300	0.9251	0.6982	-0.0009	713.0000	717.2319	1.0275	-2.7165	99.9601	39.8940	0.8230	0.8249	5.0000	-9999.0000	-9999.0000	-9999.0000	-9999.0000	-9999.0000	-9999.0000	20.1394	4	0	26.1586	1.0000	11	2	-9999.0000	27082	37693	-9999	2937	2834	-9999	485.5283	5	0.6840	0.6982	-0.0009	80.9571	0.8543	660.6042	521.5067	39.6528	627.1973	95.2546	654.2996	95.8333	660.2308	95.9259	664.3515	95.0000	
17/08/2017	00:53:46	011992	G488059576HLR	L488	S		614.5740	1.0292	10.0000	100.0675	39.7984	0.8430	0.8273	5.0000	18.6595	713.0880	94.9537	19.8587	23.9000	0.9300	0.9251	0.6961	-0.0008	713.0000	715.2729	1.0275	-2.7509	99.9848	39.5958	0.8230	0.8247	5.0000	-9999.0000	-9999.0000	-9999.0000	-9999.0000	-9999.0000	-9999.0000	19.3511	5	0	28.9285	1.0000	11	2	-9999.0000	27083	37694	-9999	2938	2835	-9999	485.4877	5	0.6835	0.6961	-0.0008	86.1869	0.5374	657.7830	538.7282	37.5000	624.4866	95.3935	651.3997	95.9028	657.2409	95.9491	662.5789	95.0463	
17/08/2017	00:54:14	011992	G488059600HLR	L488	S		617.3696	1.0292	10.0000	100.0200	39.7477	0.8430	0.8272	5.0000	19.1499	713.0533	95.0231	21.7590	24.0000	0.9300	0.9252	0.6995	-0.0010	713.0000	717.2255	1.0275	-2.7166	100.0051	39.8637	0.8230	0.8258	5.0000	-9999.0000	-9999.0000	-9999.0000	-9999.0000	-9999.0000	-9999.0000	19.8591	6	0	27.4494	1.0000	11	2	-9999.0000	27084	37695	-9999	2938	2836	-9999	484.4408	5	0.6830	0.6995	-0.0010	76.7869	1.1764	659.0505	514.0288	39.7454	624.8173	95.0463	652.6381	95.6481	658.4453	95.7176	662.5598	95.0694	
17/08/2017	00:54:42	011992	G488059575HLR	L488	S		621.1205	1.0292	10.0000	100.0996	39.8206	0.8430	0.8275	5.0000	18.8290	713.0512	94.9537	17.1888	24.0000	0.9300	0.9252	0.6995	-0.0010	713.0000	715.2594	1.0275	-2.7512	100.0349	39.9401	0.8230	0.8247	5.0000	-9999.0000	-9999.0000	-9999.0000	-9999.0000	-9999.0000	-9999.0000	20.5047	7	0	28.4684	1.0000	11	2	-9999.0000	27085	37696	-9999	2939	2837	-9999	486.3501	5	0.6830	0.6995	-0.0010	76.7869	1.1764	663.9661	506.7930	38.7500	627.4583	95.0231	656.0693	95.7639	663.3408	95.8102	666.7389	94.8611	
17/08/2017	00:55:07	011992	G488059571HLR	L488	S		618.8895	1.0292	10.0000	100.1247	39.8447	0.8430	0.8273	5.0000	18.8801	713.0537	94.9537	15.3188	24.1000	0.9300	0.9252	0.7021	-0.0012	713.0000	714.2049	1.0275	-2.7697	99.9631	39.6465	0.8230	0.8246	5.0000	-9999.0000	-9999.0000	-9999.0000	-9999.0000	-9999.0000	-9999.0000	19.4187	8	0	24.9698	1.0000	11	2	-9999.0000	27086	37697	-9999	2940	2838	-9999	487.5905	5	0.6822	0.7021	-0.0012	84.8044	0.6470	662.0403	515.2793	38.1481	626.1654	93.5880	654.9947	94.3981	661.2486	94.6296	667.7930	95.0000	
17/08/2017	00:55:32	011992	G488059569HLR	L488	S		617.0460	1.0292	10.0000	100.1029	39.7836	0.8430	0.8272	5.0000	18.7991	713.0571	94.9306	18.0394	24.1000	0.9300	0.9252	0.7025	-0.0012	713.0000	715.5758	1.0275	-2.7456	99.9563	39.9435	0.8230	0.8259	5.0000	-9999.0000	-9999.0000	-9999.0000	-9999.0000	-9999.0000	-9999.0000	19.2781	1	0	24.9699	1.0000	11	2	-9999.0000	27087	37698	-9999	2941	2839	-9999	485.2779	5	0.6809	0.7025	-0.0012	81.6051	0.8704	661.1703	531.7414	38.2407	627.1204	94.1667	652.2155	94.9769	660.7188	94.9769	664.4383	95.1157	
17/08/2017	00:56:00	011992	G488059559HLR	L488	S		620.2249	1.0292	10.0000	100.1100	39.8383	0.8430	0.8274	5.0000	19.1994	713.0725	94.9769	16.5394	24.1000	0.9300	0.9252	0.7025	-0.0012	713.0000	714.9413	1.0275	-2.7567	99.9948	39.9669	0.8230	0.8250	5.0000	-9999.0000	-9999.0000	-9999.0000	-9999.0000	-9999.0000	-9999.0000	19.2887	2	0	27.7879	1.0000	11	2	-9999.0000	27088	37699	-9999	2941	2840	-9999	486.3358	5	0.6809	0.7025	-0.0012	81.6051	0.8704	660.0371	534.2817	39.1898	625.6316	93.5185	653.3344	94.3287	659.4049	94.4444	664.4800	94.9074	
17/08/2017	00:56:29	011992	G488059592HLR	L488	S		612.4896	1.0292	10.0000	100.1175	39.9130	0.8430	0.8273	5.0000	18.8010	713.0718	94.9306	17.5794	24.1000	0.9300	0.9251	0.7002	-0.0011	713.0000	713.2073	1.0275	-2.7872	100.0023	39.6990	0.8230	0.8244	5.0000	-9999.0000	-9999.0000	-9999.0000	-9999.0000	-9999.0000	-9999.0000	19.4890	3	0	29.3690	1.0000	11	2	-9999.0000	27089	37700	-9999	2942	2841	-9999	485.1987	5	0.6804	0.7002	-0.0011	76.0978	1.1305	656.7996	548.6030	39.2361	623.9097	93.4722	649.9290	94.0741	656.3795	94.0972	661.2529	94.7685	
17/08/2017	00:56:57	011992	G488059689HLR	L488	S		631.1055	1.0292	10.0000	100.1181	39.8042	0.8430	0.8270	5.0000	19.1293	713.0935	94.9769	13.5903	24.1000	0.9300	0.9251	0.7002	-0.0011	713.0000	710.9752	1.0275	-2.8264	100.0166	39.8822	0.8230	0.8256	5.0000	-9999.0000	-9999.0000	-9999.0000	-9999.0000	-9999.0000	-9999.0000	19.3098	4	0	28.2543	1.0000	11	2	-9999.0000	27090	37701	-9999	2943	2842	-9999	488.3504	5	0.6804	0.7002	-0.0011	76.0978	1.1305	670.3415	500.6256	39.8148	634.6685	94.8611	665.0879	95.3935	669.9517	95.4167	675.9232	95.2083	
17/08/2017	00:57:25	011992	G488059687HLR	L488	S		629.6667	1.0292	10.0000	100.0681	39.8238	0.8430	0.8273	5.0000	19.0088	713.0624	94.9537	13.6890	24.1000	0.9300	0.9251	0.6985	-0.0011	713.0000	710.8071	1.0275	-2.8294	100.1127	39.9902	0.8230	0.8252	5.0000	-9999.0000	-9999.0000	-9999.0000	-9999.0000	-9999.0000	-9999.0000	19.3692	5	0	27.6636	1.0000	11	2	-9999.0000	27091	37702	-9999	2944	2843	-9999	487.7863	5	0.6798	0.6985	-0.0011	78.3595	1.0268	669.9464	543.5037	36.6667	634.1792	93.5417	662.6069	94.4213	668.9909	94.6065	674.4681	94.9306	
17/08/2017	00:57:53	011992	G488059690HLR	L488	S		617.5709	1.0292	10.0000	100.0915	39.9205	0.8430	0.8274	5.0000	18.8890	713.0706	94.9537	16.9789	24.0000	0.9300	0.9250	0.6970	-0.0010	713.0000	711.7885	1.0275	-2.8122	99.9356	39.6832	0.8230	0.8244	5.0000	-9999.0000	-9999.0000	-9999.0000	-9999.0000	-9999.0000	-9999.0000	20.2353	6	0	27.5657	1.0000	11	2	-9999.0000	27092	37703	-9999	2945	2844	-9999	485.1135	5	0.6795	0.6970	-0.0010	80.5814	0.9144	660.5084	519.2363	39.3287	625.6985	93.3333	652.9634	93.8657	659.8514	93.9583	665.2322	94.7917	
17/08/2017	00:58:22	011992	G488059688HLR	L488	S		612.5909	1.0292	10.0000	100.1211	39.9022	0.8430	0.8272	5.0000	18.8196	713.0637	94.9537	18.4798	24.0000	0.9300	0.9250	0.7007	-0.0012	713.0000	712.1429	1.0275	-2.8059	100.0234	39.8802	0.8230	0.8256	5.0000	-9999.0000	-9999.0000	-9999.0000	-9999.0000	-9999.0000	-9999.0000	19.5388	7	0	28.8924	1.0000	11	2	-9999.0000	27092	37704	-9999	2946	2845	-9999	484.1030	5	0.6800	0.7007	-0.0012	84.5223	0.7311	656.3989	547.2735	37.5463	623.2590	93.7269	650.2737	94.4676	656.0459	94.5602	661.7226	94.9306	
17/08/2017	00:58:53	011992	G488059677HLR	L488	S		609.0514	1.0292	10.0000	100.0607	39.8295	0.8430	0.8272	5.0000	18.8890	713.0565	94.9306	17.5287	23.9000	0.9300	0.9250	0.7038	-0.0013	713.0000	712.1731	1.0275	-2.8054	99.9825	40.0140	0.8230	0.8252	5.0000	-9999.0000	-9999.0000	-9999.0000	-9999.0000	-9999.0000	-9999.0000	19.4310	8	0	31.3876	1.0000	11	2	-9999.0000	27093	37705	-9999	2947	2846	-9999	484.9917	5	0.6806	0.7038	-0.0013	54.6280	2.2746	658.5016	489.8478	37.2685	621.3829	94.3056	650.3117	95.3935	657.6865	95.3241	662.2987	95.2315	
17/08/2017	00:59:22	011992	G488059338HLR	L488	S		616.0902	1.0292	10.0000	100.0751	39.8790	0.8430	0.8274	5.0000	18.6034	713.0542	94.9537	16.8685	23.8000	0.9300	0.9250	0.7038	-0.0013	713.0000	712.1333	1.0275	-2.8061	99.9388	39.7461	0.8230	0.8246	5.0000	-9999.0000	-9999.0000	-9999.0000	-9999.0000	-9999.0000	-9999.0000	19.4002	1	0	29.4794	1.0000	11	2	-9999.0000	27094	37706	-9999	2947	2847	-9999	485.7616	5	0.6806	0.7038	-0.0013	54.6280	2.2746	656.2071	530.4918	38.8194	619.3794	94.2361	648.9230	95.1389	655.6162	95.0694	661.0636	95.2546	
17/08/2017	00:59:55	011992	G488059664HLR	L488	S		614.9864	1.0292	10.0000	100.1215	39.9228	0.8430	0.8273	5.0000	18.8195	713.0378	94.9769	16.7689	23.8000	0.9300	0.9250	0.7036	-0.0013	713.0000	713.5906	1.0275	-2.7805	100.0132	39.9192	0.8230	0.8256	5.0000	-9999.0000	-9999.0000	-9999.0000	-9999.0000	-9999.0000	-9999.0000	19.6020	2	0	32.7785	1.0000	11	2	-9999.0000	27095	37706	-9999	2948	2848	-9999	485.8983	5	0.6811	0.7036	-0.0013	50.1407	2.5778	658.0510	530.4876	38.6574	622.6157	94.2593	649.6149	95.1620	657.0138	95.2083	662.4657	95.1620	
17/08/2017	01:00:20	011992	G488059659HLR	L488	S		623.9715	1.0292	10.0000	100.0625	39.8381	0.8430	0.8270	5.0000	19.5394	713.1132	94.9537	18.0492	23.7000	0.9300	0.9250	0.7072	-0.0015	713.0000	716.3009	1.0275	-2.7328	100.0312	39.8790	0.8230	0.8249	5.0000	-9999.0000	-9999.0000	-9999.0000	-9999.0000	-9999.0000	-9999.0000	19.6710	3	0	24.9293	1.0000	11	2	-9999.0000	27096	37707	-9999	2949	2849	-9999	484.6790	5	0.6817	0.7072	-0.0015	23.7350	4.2226	656.3357	514.1132	38.3333	621.7551	93.7731	649.4406	94.4213	655.4340	94.5139	659.7275	94.9306	
17/08/2017	01:00:49	011992	G488059668HLR	L488	S		609.6720	1.0292	10.0000	100.1353	39.8618	0.8430	0.8273	5.0000	18.8490	713.0435	94.9769	20.6789	23.7000	0.9300	0.9251	0.7066	-0.0015	713.0000	711.1205	1.0275	-2.8239	100.0185	39.7639	0.8230	0.8249	5.0000	-9999.0000	-9999.0000	-9999.0000	-9999.0000	-9999.0000	-9999.0000	20.0389	4	0	28.5487	1.0000	11	2	-9999.0000	27097	37708	-9999	2950	2850	-9999	481.5008	5	0.6819	0.7066	-0.0015	23.6644	4.2748	644.1393	524.5110	39.6991	609.8367	94.6065	636.0264	95.2083	643.8282	95.2546	647.8887	95.1620	
17/08/2017	01:01:17	011992	G488059680HLR	L488	S		608.4166	1.0292	10.0000	100.1401	39.9471	0.8430	0.8274	5.0000	18.7288	713.0791	94.9306	18.5599	23.6000	0.9300	0.9251	0.7076	-0.0016	713.0000	713.5840	1.0275	-2.7806	100.1195	39.8681	0.8230	0.8254	5.0000	-9999.0000	-9999.0000	-9999.0000	-9999.0000	-9999.0000	-9999.0000	19.5691	5	0	28.2889	1.0000	11	2	-9999.0000	27098	37709	-9999	2951	2851	-9999	484.1367	5	0.6817	0.7076	-0.0016	19.7317	4.5102	650.4158	506.6264	38.4491	615.3620	94.2130	643.2633	94.7917	650.0722	94.8611	654.7318	95.0231	
17/08/2017	01:01:45	011992	G488059348HLR	L488	S		607.7427	1.0292	10.0000	100.0624	39.8399	0.8430	0.8272	5.0000	18.7454	713.0773	95.0000	21.9387	23.6000	0.9300	0.9251	0.7065	-0.0015	713.0000	711.7528	1.0275	-2.8128	99.9625	39.9401	0.8230	0.8251	5.0000	-9999.0000	-9999.0000	-9999.0000	-9999.0000	-9999.0000	-9999.0000	19.4636	6	0	27.7490	1.0000	11	2	-9999.0000	27099	37710	-9999	2951	2852	-9999	480.3784	5	0.6816	0.7065	-0.0015	20.4236	4.4637	641.9359	495.1447	37.9630	608.3952	94.2824	634.5083	94.9769	641.4477	95.0231	647.4325	95.0926	
17/08/2017	01:02:43	011992	G488059650HLR	L488	S		620.5997	1.0292	10.0000	99.9845	39.9565	0.8430	0.8275	5.0000	18.2892	713.0692	94.9537	17.8099	23.6000	0.9300	0.9254	0.7064	-0.0015	713.0000	714.4087	1.0275	-2.7661	100.0558	39.7547	0.8230	0.8249	5.0000	-9999.0000	-9999.0000	-9999.0000	-9999.0000	-9999.0000	-9999.0000	19.6991	8	0	29.5693	1.0000	11	2	-9999.0000	27101	37711	-9999	2953	2853	-9999	485.3319	5	0.6811	0.7064	-0.0015	35.4750	3.4925	653.5735	474.7951	37.8472	619.6576	93.7037	646.3931	94.4676	652.9152	94.5833	657.7774	94.9074	
17/08/2017	01:03:08	011992	G488059654HLR	L488	S		619.2333	1.0292	10.0000	100.0894	39.8202	0.8430	0.8271	5.0000	18.7596	713.0993	94.9537	17.4789	23.6000	0.9300	0.9253	0.7043	-0.0013	713.0000	715.2055	1.0275	-2.7521	99.9601	39.8000	0.8230	0.8256	5.0000	-9999.0000	-9999.0000	-9999.0000	-9999.0000	-9999.0000	-9999.0000	19.3305	1	0	25.3486	1.0000	11	2	-9999.0000	27102	37712	-9999	2954	2854	-9999	485.5377	5	0.6799	0.7043	-0.0013	55.5064	2.3488	654.8263	492.4451	38.9352	617.2466	94.3056	646.5123	95.1157	653.9284	95.2315	659.8465	95.1157	
17/08/2017	01:03:39	011992	G488059662HLR	L488	S		617.0140	1.0292	10.0000	100.1275	39.8437	0.8430	0.8274	5.0000	18.6542	713.0248	94.8611	17.0101	23.6000	0.9300	0.9253	0.7043	-0.0013	713.0000	715.4640	1.0275	-2.7476	99.9401	39.9703	0.8230	0.8254	5.0000	-9999.0000	-9999.0000	-9999.0000	-9999.0000	-9999.0000	-9999.0000	19.7698	2	0	30.2292	1.0000	11	2	-9999.0000	27103	37713	-9999	2955	2855	-9999	485.9639	5	0.6799	0.7043	-0.0013	55.5064	2.3488	656.8796	541.5913	37.3148	622.0160	93.6111	649.4408	94.1667	656.3932	94.4213	660.7921	94.8148	
17/08/2017	01:04:09	011992	G488059324HLR	L488	S		615.5536	1.0292	10.0000	100.0841	39.9415	0.8430	0.8273	5.0000	18.8588	713.0604	94.9537	17.8695	23.6000	0.9300	0.9253	0.7023	-0.0012	713.0000	715.5891	1.0275	-2.7454	100.0703	39.6041	0.8230	0.8238	5.0000	-9999.0000	-9999.0000	-9999.0000	-9999.0000	-9999.0000	-9999.0000	22.7630	3	0	30.6093	1.0000	11	2	-9999.0000	27104	37714	-9999	2956	2856	-9999	485.1979	5	0.6792	0.7023	-0.0012	72.1162	1.4540	657.5149	544.9825	39.3750	623.3741	94.6759	649.2350	95.4861	657.0175	95.6944	661.5238	95.2315	
17/08/2017	01:04:38	011992	G488059328HLR	L488	S		615.7420	1.0292	10.0000	100.1140	39.8463	0.8430	0.8271	5.0000	18.7794	713.0576	94.9537	18.0091	23.7000	0.9300	0.9254	0.6998	-0.0011	713.0000	713.5385	1.0275	-2.7814	99.9590	39.8848	0.8230	0.8257	5.0000	-9999.0000	-9999.0000	-9999.0000	-9999.0000	-9999.0000	-9999.0000	19.5828	4	0	28.4883	1.0000	11	2	-9999.0000	27105	37715	-9999	2957	2857	-9999	484.8538	5	0.6789	0.6998	-0.0011	73.8582	1.3630	652.1969	517.4189	39.3750	617.8835	93.1250	643.9621	93.4722	651.1938	93.5417	657.7631	95.0463	
17/08/2017	01:05:38	011992	G488059347HLR	L488	S		609.3417	1.0292	10.0000	100.0199	39.9060	0.8430	0.8272	5.0000	19.8499	713.0955	94.9074	19.1888	23.9000	0.9300	0.9257	0.6983	-0.0011	713.0000	712.2130	1.0275	-2.8047	99.9875	39.5774	0.8230	0.8243	5.0000	-9999.0000	-9999.0000	-9999.0000	-9999.0000	-9999.0000	-9999.0000	19.3099	6	0	29.9383	1.0000	11	2	-9999.0000	27107	37716	-9999	2959	2858	-9999	483.5028	5	0.6789	0.6983	-0.0011	75.4552	1.2837	655.0975	457.8481	37.6157	610.3175	92.9630	645.9643	94.8843	654.3345	95.0463	659.6366	95.2315	
17/08/2017	01:06:07	011992	G488059352HLR	L488	S		607.9235	1.0292	10.0000	100.0865	39.8622	0.8430	0.8272	5.0000	18.7203	713.0545	94.9537	19.4798	23.9000	0.9300	0.9255	0.6947	-0.0009	713.0000	710.6047	1.0275	-2.8330	99.9598	39.9000	0.8230	0.8263	5.0000	-9999.0000	-9999.0000	-9999.0000	-9999.0000	-9999.0000	-9999.0000	19.3194	7	0	28.7998	1.0000	11	2	-9999.0000	27108	37717	-9999	2960	2859	-9999	483.0732	5	0.6783	0.6947	-0.0009	74.1901	1.3376	650.9769	491.8448	37.0370	616.4850	93.1250	644.0517	93.9583	650.4107	93.9583	656.1404	94.7685	
17/08/2017	01:06:38	011992	G488057856HLR	L488	S		612.0777	1.0292	10.0000	100.0591	39.8593	0.8430	0.8271	5.0000	19.8824	713.0551	95.0231	17.6390	24.0000	0.9300	0.9254	0.6947	-0.0009	713.0000	711.3176	1.0275	-2.8204	99.9923	40.0467	0.8230	0.8252	5.0000	-9999.0000	-9999.0000	-9999.0000	-9999.0000	-9999.0000	-9999.0000	19.4193	8	0	30.3083	1.0000	11	2	-9999.0000	27109	37718	-9999	2961	2860	-9999	484.2426	5	0.6783	0.6947	-0.0009	74.1901	1.3376	659.6896	512.3102	38.3102	621.7784	93.8426	651.9732	94.3519	659.1567	94.3287	663.5084	94.8148	
17/08/2017	01:07:04	011992	G488059308HLR	L488	S		605.8208	1.0292	9.8806	100.1211	39.8904	0.8430	0.8274	5.0000	18.6987	713.1060	94.9537	20.1496	24.1000	0.9300	0.9254	0.6923	-0.0008	713.0000	710.8592	1.0275	-2.8285	99.9964	39.6265	0.8230	0.8243	5.0000	-9999.0000	-9999.0000	-9999.0000	-9999.0000	-9999.0000	-9999.0000	20.3794	1	0	26.8462	1.0000	11	2	-9999.0000	27110	37718	-9999	2962	2861	-9999	482.7698	5	0.6781	0.6923	-0.0008	68.7224	1.6345	654.3243	546.6414	39.1667	619.7241	94.0509	647.7204	94.3287	653.6811	94.3519	659.1526	94.9306	
17/08/2017	01:07:32	011992	G488059213HLR	L488	S		612.9554	1.0292	10.0000	100.1463	39.8667	0.8430	0.8273	5.0000	18.8680	713.0547	94.9306	19.1194	24.1000	0.9300	0.9254	0.6910	-0.0007	713.0000	710.9651	1.0275	-2.8266	99.9749	39.9502	0.8230	0.8259	5.0000	-9999.0000	-9999.0000	-9999.0000	-9999.0000	-9999.0000	-9999.0000	19.4075	2	0	28.0523	1.0000	11	2	-9999.0000	27111	37719	-9999	2963	2862	-9999	483.3906	5	0.6784	0.6910	-0.0007	72.6433	1.4653	659.4845	538.9119	36.7824	623.1830	94.0972	652.3682	94.6065	659.0502	94.6296	663.0009	95.0000	
17/08/2017	01:08:06	011992	G488059312HLR	L488	S		606.6832	1.0292	9.9553	100.0734	39.8599	0.8430	0.8271	5.0000	19.9286	713.0499	94.9537	17.9691	24.2000	0.9300	0.9254	0.6795	-0.0000	713.0000	709.0670	1.0275	-2.8600	100.0319	39.9263	0.8230	0.8247	5.0000	-9999.0000	-9999.0000	-9999.0000	-9999.0000	-9999.0000	-9999.0000	20.2392	3	0	33.5182	1.0000	11	2	-9999.0000	27112	37720	-9999	2963	2863	-9999	484.2057	5	0.6788	0.6795	-0.0000	69.5623	1.6488	660.7784	524.0617	36.8981	624.2091	94.5139	652.9125	95.1620	659.7043	95.2083	665.9199	95.2315	
17/08/2017	01:08:34	011992	G488059316HLR	L488	S		606.7664	1.0292	9.9625	100.1379	39.8888	0.8430	0.8273	5.0000	18.8431	713.0245	94.9537	19.5393	24.3000	0.9300	0.9254	0.6787	0.0000	713.0000	710.1625	1.0275	-2.8407	99.9898	39.6733	0.8230	0.8245	5.0000	-9999.0000	-9999.0000	-9999.0000	-9999.0000	-9999.0000	-9999.0000	20.0689	4	0	28.2588	1.0000	11	2	-9999.0000	27113	37721	-9999	2963	2864	-9999	484.2784	5	0.6788	0.6787	0.0000	54.8967	2.4517	666.7557	519.9711	35.8565	629.4189	93.8889	659.0068	94.3056	666.1332	94.3981	669.9375	95.0000	
17/08/2017	01:09:06	011992	G488059336HLR	L488	S		613.8783	1.0292	10.0000	100.1492	39.8840	0.8430	0.8273	5.0000	18.7893	713.0980	95.0463	15.9691	24.3000	0.9300	0.9253	0.6787	0.0000	713.0000	710.0659	1.0275	-2.8424	99.9168	40.0449	0.8230	0.8258	5.0000	-9999.0000	-9999.0000	-9999.0000	-9999.0000	-9999.0000	-9999.0000	19.3005	5	0	31.2996	1.0000	11	2	-9999.0000	27114	37722	-9999	2964	2865	-9999	484.3687	5	0.6788	0.6787	0.0000	54.8967	2.4517	675.6272	543.3373	36.9907	636.7280	94.5139	669.0753	95.1157	675.3063	95.1620	679.0285	95.1620	
17/08/2017	01:09:38	011992	G488059323HLR	L488	S		615.4527	1.0292	10.0000	100.1649	39.8780	0.8430	0.8273	5.0000	18.7480	713.0312	94.9537	17.2493	24.4000	0.9300	0.9253	0.6783	0.0001	713.0000	710.2723	1.0275	-2.8388	99.9853	39.8485	0.8230	0.8248	5.0000	-9999.0000	-9999.0000	-9999.0000	-9999.0000	-9999.0000	-9999.0000	19.3392	6	0	32.5387	1.0000	11	2	-9999.0000	27115	37723	-9999	2965	2866	-9999	484.3761	5	0.6794	0.6783	0.0001	54.5737	2.4549	676.5908	552.4429	36.6204	641.7659	94.4213	668.7954	95.0231	676.2656	95.0694	678.7783	95.1620	
17/08/2017	01:10:06	011992	G488059424HLR	L488	S		614.5145	1.0292	10.0000	100.1032	39.8775	0.8430	0.8273	5.0000	18.7200	713.0453	95.0231	22.6788	24.4000	0.9300	0.9253	0.6792	0.0000	713.0000	712.6759	1.0275	-2.7966	99.9660	39.7930	0.8230	0.8251	5.0000	-9999.0000	-9999.0000	-9999.0000	-9999.0000	-9999.0000	-9999.0000	19.7895	7	0	27.5284	1.0000	11	3	-9999.0000	27116	37724	-9999	2966	2867	-9999	484.5943	5	0.6800	0.6792	0.0000	63.8539	2.0260	669.0160	549.9671	35.8565	633.5350	94.3981	661.6065	95.0000	668.3564	95.0694	671.9050	95.2083	
17/08/2017	01:10:36	011992	G488059421HLR	L488	S		622.0542	1.0292	10.0000	99.9760	39.8946	0.8430	0.8269	5.0000	20.8293	713.0424	94.9537	17.4896	24.4000	0.9300	0.9252	0.6900	-0.0005	713.0000	705.8414	1.0275	-2.9167	100.0384	40.0192	0.8230	0.8255	5.0000	-9999.0000	-9999.0000	-9999.0000	-9999.0000	-9999.0000	-9999.0000	19.5283	8	1	29.9588	1.0000	11	3	-9999.0000	27117	37725	-9999	2967	2868	-9999	484.7519	5	0.6803	0.6900	-0.0005	63.1620	2.0599	672.2415	526.3212	35.4167	638.8960	94.1435	665.6890	94.7454	672.2795	94.8611	676.0899	95.0231	
17/08/2017	01:11:06	011992	G488059434HLR	L488	S		622.2046	1.0292	10.0000	100.1531	39.9078	0.8430	0.8272	5.0000	18.9397	713.0569	94.9537	20.4787	24.4000	0.9300	0.9251	0.6944	-0.0008	713.0000	707.2090	1.0275	-2.8926	99.9094	39.7936	0.8230	0.8248	5.0000	-9999.0000	-9999.0000	-9999.0000	-9999.0000	-9999.0000	-9999.0000	19.0998	1	0	29.9696	1.0000	11	3	-9999.0000	27118	37726	-9999	2968	2869	-9999	484.3600	5	0.6807	0.6944	-0.0008	63.3255	2.0516	661.0163	526.2970	38.1713	628.6088	94.2361	653.7017	94.6991	660.5068	94.7454	664.7811	95.0463	
17/08/2017	01:11:35	011992	G488059439HLR	L488	S		618.8819	1.0292	10.0000	100.1472	39.8563	0.8430	0.8272	5.0000	19.0285	713.0349	95.0231	21.8390	24.3000	0.9300	0.9251	0.6890	-0.0004	713.0000	707.0452	1.0275	-2.8955	99.9889	39.8562	0.8230	0.8254	5.0000	-9999.0000	-9999.0000	-9999.0000	-9999.0000	-9999.0000	-9999.0000	19.7981	2	0	29.4481	1.0000	11	3	-9999.0000	27119	37727	-9999	2968	2870	-9999	483.3235	5	0.6807	0.6890	-0.0004	64.0955	2.0166	656.6039	542.0527	39.1204	624.9001	95.3472	648.2785	96.1111	654.1498	96.1111	657.7009	95.3241	
17/08/2017	01:12:04	011992	G488059443HLR	L488	S		620.8988	1.0292	10.0000	100.1134	39.9505	0.8430	0.8274	5.0000	18.8988	713.0355	95.0000	16.7396	24.3000	0.9300	0.9250	0.6890	-0.0004	713.0000	705.2290	1.0275	-2.9274	100.1163	39.9363	0.8230	0.8252	5.0000	-9999.0000	-9999.0000	-9999.0000	-9999.0000	-9999.0000	-9999.0000	19.6409	3	1	28.7997	1.0000	11	3	-9999.0000	27120	37728	-9999	2969	2871	-9999	486.0597	5	0.6807	0.6890	-0.0004	64.0955	2.0166	664.4052	558.1355	38.1944	635.2971	93.9120	658.5921	94.3519	663.8250	94.4676	668.2619	94.9769	
17/08/2017	01:12:35	011992	G488059413HLR	L488	S		620.4674	1.0292	10.0000	100.1335	39.9176	0.8430	0.8272	5.0000	18.9135	713.1132	94.9537	19.2386	24.2000	0.9300	0.9250	0.6885	-0.0004	713.0000	706.1727	1.0275	-2.9108	99.9157	39.7469	0.8230	0.8246	5.0000	-9999.0000	-9999.0000	-9999.0000	-9999.0000	-9999.0000	-9999.0000	20.0423	4	0	31.0780	1.0000	11	3	-9999.0000	27121	37729	-9999	2970	2872	-9999	485.6563	5	0.6819	0.6885	-0.0004	88.1117	0.5152	659.6938	543.6300	37.6157	631.7438	93.7269	653.3782	94.1435	658.8331	94.2361	663.5179	94.9537	
17/08/2017	01:13:07	011992	G488059414HLR	L488	S		610.3646	1.0292	10.0000	100.0881	39.8212	0.8430	0.8272	5.0000	18.7697	713.0954	94.9306	19.1887	24.2000	0.9300	0.9250	0.6871	-0.0003	713.0000	712.9439	1.0275	-2.7918	99.9821	39.8888	0.8230	0.8255	5.0000	-9999.0000	-9999.0000	-9999.0000	-9999.0000	-9999.0000	-9999.0000	19.4790	5	0	31.9490	1.0000	11	3	-9999.0000	27122	37730	-9999	2971	2873	-9999	486.0193	5	0.6822	0.6871	-0.0003	96.3514	-0.0162	663.5977	528.8965	38.3102	631.2201	93.7500	657.1480	94.3056	662.7876	94.3056	667.2152	94.8380	
17/08/2017	01:13:36	011992	G488059418HLR	L488	S		616.4627	1.0292	10.0000	100.1275	39.9551	0.8430	0.8275	5.0000	18.8183	713.0271	94.9537	18.6898	24.2000	0.9300	0.9250	0.6914	-0.0004	713.0000	711.9335	1.0275	-2.8096	99.9394	39.8709	0.8230	0.8248	5.0000	-9999.0000	-9999.0000	-9999.0000	-9999.0000	-9999.0000	-9999.0000	20.0095	6	0	29.5291	1.0000	11	3	-9999.0000	27123	37731	-9999	2972	2874	-9999	486.4832	5	0.6831	0.6914	-0.0004	89.6399	0.2252	665.1169	541.2197	37.8009	634.8135	93.7037	658.0319	94.2361	664.4499	94.2824	669.3579	94.8148	
17/08/2017	01:14:09	011992	G488059417HLR	L488	S		619.9809	1.0292	10.0000	100.0060	39.9347	0.8430	0.8272	5.0000	18.4193	713.0769	94.9306	18.0394	24.2000	0.9300	0.9251	0.6921	-0.0004	713.0000	707.7227	1.0275	-2.8836	100.0469	39.7663	0.8230	0.8250	5.0000	-9999.0000	-9999.0000	-9999.0000	-9999.0000	-9999.0000	-9999.0000	19.8387	7	0	32.6893	1.0000	11	3	-9999.0000	27124	37732	-9999	2973	2875	-9999	487.4188	5	0.6839	0.6921	-0.0004	89.5986	0.1555	661.7456	509.4320	37.0833	630.4878	93.9815	654.6452	94.6528	661.1016	94.7917	665.8374	95.0000	
17/08/2017	01:14:44	011992	G488059437HLR	L488	S		622.7916	1.0292	10.0000	100.1175	39.8054	0.8430	0.8272	5.0000	18.7827	713.0380	94.9537	20.3186	24.1000	0.9300	0.9251	0.6929	-0.0005	713.0000	711.1029	1.0275	-2.8242	100.0073	39.9429	0.8230	0.8254	5.0000	-9999.0000	-9999.0000	-9999.0000	-9999.0000	-9999.0000	-9999.0000	19.6311	8	0	35.3390	1.0000	11	3	-9999.0000	27125	37733	-9999	2974	2876	-9999	487.2383	5	0.6838	0.6929	-0.0005	84.3476	0.4374	662.3291	527.6832	38.5417	631.0450	94.3750	656.2305	95.0694	662.0636	95.1157	664.9427	95.1389	
17/08/2017	01:15:20	011992	G488059383HLR	L488	S		621.5617	1.0292	10.0000	100.1453	39.9230	0.8430	0.8275	5.0000	18.7892	713.1099	94.9537	21.0900	24.1000	0.9300	0.9251	0.6926	-0.0005	713.0000	712.6235	1.0275	-2.7975	99.9162	39.8371	0.8230	0.8249	5.0000	-9999.0000	-9999.0000	-9999.0000	-9999.0000	-9999.0000	-9999.0000	19.3788	1	0	36.0785	1.0000	11	3	-9999.0000	27126	37734	-9999	2975	2877	-9999	486.9777	5	0.6839	0.6926	-0.0005	86.6765	0.2749	658.4746	505.0693	37.6852	627.2050	93.9583	651.6775	94.4907	657.9035	94.6296	662.3229	94.9074	
17/08/2017	01:15:53	011992	G488059390HLR	L488	S		612.6064	1.0292	10.0000	100.1362	39.9411	0.8430	0.8273	5.0000	18.6388	713.0465	94.9306	18.6692	24.1000	0.9300	0.9251	0.7031	-0.0010	713.0000	713.5562	1.0275	-2.7811	100.0573	39.8146	0.8230	0.8254	5.0000	-9999.0000	-9999.0000	-9999.0000	-9999.0000	-9999.0000	-9999.0000	19.3787	2	0	32.3482	1.0000	11	3	-9999.0000	27127	37735	-9999	2976	2878	-9999	487.7818	5	0.6846	0.7031	-0.0010	71.7052	0.9651	659.4179	498.0415	37.9630	625.5571	93.4722	652.7609	93.7037	659.1461	93.7269	663.7053	95.3009	
17/08/2017	01:16:24	011992	G488059412HLR	L488	S		622.7118	1.0292	10.0000	100.1083	39.8000	0.8430	0.8272	5.0000	18.8187	713.0585	94.9769	21.8195	24.1000	0.9300	0.9252	0.7091	-0.0012	713.0000	711.5937	1.0275	-2.8156	100.0373	39.9060	0.8230	0.8252	5.0000	-9999.0000	-9999.0000	-9999.0000	-9999.0000	-9999.0000	-9999.0000	19.3408	3	0	31.5164	1.0000	11	3	-9999.0000	27128	37736	-9999	2977	2879	-9999	486.4576	5	0.6849	0.7091	-0.0012	75.1642	0.5923	649.1150	497.9773	37.1528	617.4136	94.4444	643.2302	95.0463	648.3406	95.0926	653.6469	95.1620	
17/08/2017	01:16:59	011992	G488059396HLR	L488	S		611.1904	1.0292	10.0000	100.1230	39.9000	0.8430	0.8275	5.0000	18.7392	713.1024	95.0231	24.5596	24.1000	0.9300	0.9251	0.7051	-0.0010	713.0000	708.0337	1.0275	-2.8781	99.9754	39.7479	0.8230	0.8251	5.0000	-9999.0000	-9999.0000	-9999.0000	-9999.0000	-9999.0000	-9999.0000	19.2686	4	0	34.3209	1.0000	11	3	-9999.0000	27129	37737	-9999	2978	2880	-9999	484.2459	5	0.6853	0.7051	-0.0010	70.0605	0.8756	632.6756	515.0053	37.5000	600.3906	93.5880	625.5260	94.3519	632.0653	94.3519	636.8565	94.8380	
17/08/2017	01:17:30	011992	G488059400HLR	L488	S		613.1222	1.0292	10.0000	100.0438	39.9395	0.8430	0.8273	5.0000	18.5688	713.0426	95.0000	25.2286	24.1000	0.9300	0.9252	0.7027	-0.0009	713.0000	708.7550	1.0275	-2.8655	99.9067	39.9315	0.8230	0.8257	5.0000	-9999.0000	-9999.0000	-9999.0000	-9999.0000	-9999.0000	-9999.0000	19.1947	5	0	31.5196	1.0000	11	3	-9999.0000	27130	37738	-9999	2979	2881	-9999	484.6223	5	0.6850	0.7027	-0.0009	95.9328	-0.2906	636.8678	494.2481	36.9907	609.1667	93.9352	630.2601	94.0972	636.7157	94.0972	640.2663	94.9769	
17/08/2017	01:18:01	011992	G488059373HLR	L488	S		615.4693	1.0292	10.0000	99.9559	39.7619	0.8430	0.8269	5.0000	20.4894	713.0729	95.0000	21.6193	24.1000	0.9300	0.9252	0.7017	-0.0009	713.0000	713.1671	1.0275	-2.7879	100.0499	39.8038	0.8230	0.8249	5.0000	-9999.0000	-9999.0000	-9999.0000	-9999.0000	-9999.0000	-9999.0000	19.4860	6	0	30.5585	1.0000	11	3	-9999.0000	27131	37739	-9999	2980	2882	-9999	487.1478	5	0.6848	0.7017	-0.0009	77.9926	0.5326	650.0444	493.6114	38.9120	615.1735	94.8148	643.1803	95.5324	649.6401	95.4167	653.5130	95.2315	
17/08/2017	01:18:31	011992	G488059376HLR	L488	S		620.4986	1.0292	10.0000	100.1130	39.9643	0.8430	0.8276	5.0000	18.9094	713.0848	94.9769	20.6585	24.1000	0.9300	0.9252	0.6955	-0.0005	713.0000	711.1603	1.0275	-2.8232	100.0404	39.7881	0.8230	0.8253	5.0000	-9999.0000	-9999.0000	-9999.0000	-9999.0000	-9999.0000	-9999.0000	19.7708	7	0	30.1190	1.0000	11	3	-9999.0000	27132	37740	-9999	2981	2883	-9999	487.8076	5	0.6849	0.6955	-0.0005	77.7531	0.6905	648.8196	518.3043	37.7778	619.2906	93.5185	642.2417	93.8426	648.2192	93.8657	652.4083	95.0926	
17/08/2017	01:19:04	011992	G488059379HLR	L488	S		619.1204	1.0292	10.0000	100.1060	39.8619	0.8430	0.8271	5.0000	18.8358	713.0568	94.9769	23.5489	24.2000	0.9300	0.9252	0.6822	0.0001	713.0000	711.7441	1.0275	-2.8129	99.9401	39.9503	0.8230	0.8254	5.0000	-9999.0000	-9999.0000	-9999.0000	-9999.0000	-9999.0000	-9999.0000	19.5294	8	0	33.0388	1.0000	11	3	-9999.0000	27133	37741	-9999	2982	2884	-9999	486.9878	5	0.6844	0.6822	0.0001	89.7179	0.1746	651.0476	532.9049	37.6389	622.6931	94.0972	645.4591	94.4213	650.4328	94.5370	654.5402	94.9769	
17/08/2017	01:19:36	011992	G488059378HLR	L488	S		616.3209	1.0292	10.0000	100.1161	39.8000	0.8430	0.8274	5.0000	18.7205	713.0357	94.9769	20.7297	24.3000	0.9300	0.9253	0.6822	0.0001	713.0000	717.2151	1.0275	-2.7168	99.9531	39.7300	0.8230	0.8245	5.0000	-9999.0000	-9999.0000	-9999.0000	-9999.0000	-9999.0000	-9999.0000	20.3673	1	0	32.3191	1.0000	11	3	-9999.0000	27134	37742	-9999	2983	2885	-9999	487.4188	5	0.6840	0.6822	0.0001	94.8767	-0.0133	672.1339	520.7173	39.1667	641.4298	94.8843	665.4921	95.3935	671.5644	95.3704	674.8010	95.2315	
17/08/2017	01:20:13	011992	G488059385HLR	L488	S		615.9636	1.0292	10.0000	100.1356	39.9655	0.8430	0.8276	5.0000	18.8338	713.0614	94.9769	19.8098	24.3000	0.9300	0.9253	0.6822	0.0001	713.0000	713.5330	1.0275	-2.7815	99.9826	39.8882	0.8230	0.8256	5.0000	-9999.0000	-9999.0000	-9999.0000	-9999.0000	-9999.0000	-9999.0000	19.6442	2	0	36.4381	1.0000	11	3	-9999.0000	27135	37743	-9999	2983	2886	-9999	487.3623	5	0.6844	0.6822	0.0001	84.8774	0.3962	669.6063	502.9809	37.7778	638.3866	94.6759	662.5181	95.2083	669.1577	95.2315	672.4104	95.2083	
17/08/2017	01:20:44	011992	G488059367HLR	L488	S		623.3166	1.0292	10.0000	100.0955	39.8447	0.8430	0.8272	5.0000	18.7397	713.0277	94.9537	19.3294	24.3000	0.9300	0.9253	0.6900	-0.0003	713.0000	710.9371	1.0275	-2.8271	99.9736	39.8607	0.8230	0.8249	5.0000	-9999.0000	-9999.0000	-9999.0000	-9999.0000	-9999.0000	-9999.0000	19.6885	3	0	31.7986	1.0000	11	3	-9999.0000	27136	37744	-9999	2984	2887	-9999	487.2851	5	0.6845	0.6900	-0.0003	64.9367	1.2282	672.9678	533.2488	38.5648	640.8813	94.6528	667.0125	95.3704	672.6056	95.3009	675.6472	95.1620	
17/08/2017	01:21:15	011992	G488059366HLR	L488	S		609.7249	1.0292	10.0000	100.1111	39.8000	0.8430	0.8274	5.0000	18.8498	713.0574	94.9769	22.2990	24.4000	0.9300	0.9253	0.6841	-0.0000	713.0000	715.8300	1.0275	-2.7411	100.0263	39.8162	0.8230	0.8254	5.0000	-9999.0000	-9999.0000	-9999.0000	-9999.0000	-9999.0000	-9999.0000	19.2865	4	0	30.2996	1.0000	11	3	-9999.0000	27137	37745	-9999	2985	2887	-9999	487.8844	5	0.6836	0.6841	-0.0000	95.8715	-0.0760	657.0723	518.5328	37.1296	626.3498	93.6343	651.0272	94.0972	656.6292	94.0972	661.1008	94.9074	
17/08/2017	01:21:47	011992	G488059371HLR	L488	S		623.3645	1.0292	10.0000	100.1421	39.9443	0.8430	0.8275	5.0000	18.9591	713.0317	95.0231	21.5197	24.5000	0.9300	0.9253	0.6841	-0.0000	713.0000	712.0046	1.0275	-2.8084	100.0103	39.9472	0.8230	0.8256	5.0000	-9999.0000	-9999.0000	-9999.0000	-9999.0000	-9999.0000	-9999.0000	18.9911	5	0	31.8984	1.0000	11	3	-9999.0000	27138	37746	-9999	2986	2888	-9999	487.6724	5	0.6834	0.6841	-0.0000	106.8999	-0.5317	667.0287	521.9397	36.7593	637.0668	94.0278	661.5640	94.4444	666.2571	94.4676	669.6202	94.9306	
17/08/2017	01:22:15	011992	G488059372HLR	L488	S		620.1472	1.0292	10.0000	99.9952	39.8204	0.8430	0.8268	5.0000	20.8922	713.0232	95.0000	25.7393	24.6000	0.9300	0.9253	0.6848	-0.0000	713.0000	712.2094	1.0275	-2.8048	100.0150	39.8038	0.8230	0.8250	5.0000	-9999.0000	-9999.0000	-9999.0000	-9999.0000	-9999.0000	-9999.0000	19.4250	6	0	28.5592	1.0000	11	3	-9999.0000	27139	37747	-9999	2987	2889	-9999	487.6062	5	0.6836	0.6848	-0.0000	98.4749	-0.1603	662.2333	539.3920	37.8472	632.8512	94.7222	657.4478	95.4861	662.2450	95.5324	665.0227	95.3009	
17/08/2017	01:22:45	011992	G488059370HLR	L488	S		613.4479	1.0292	10.0000	100.1337	39.8000	0.8430	0.8274	5.0000	18.7487	713.0195	94.9769	20.9895	24.6000	0.9300	0.9253	0.6849	-0.0001	713.0000	713.7497	1.0275	-2.7777	100.0018	39.8637	0.8230	0.8256	5.0000	-9999.0000	-9999.0000	-9999.0000	-9999.0000	-9999.0000	-9999.0000	19.1595	7	0	29.9588	1.0000	11	3	-9999.0000	27140	37747	-9999	2988	2890	-9999	487.7079	5	0.6834	0.6849	-0.0001	84.6005	0.4830	667.3049	512.8932	36.9676	634.5521	94.6759	660.1700	95.2083	666.8114	95.1389	670.1017	95.1389	
17/08/2017	01:23:15	011992	G488059265HLR	L488	S		615.1497	1.0292	10.0000	100.1177	39.9745	0.8430	0.8274	5.0000	18.9094	713.0172	94.9769	19.5296	24.6000	0.9300	0.9251	0.6851	-0.0001	713.0000	712.8779	1.0275	-2.7930	100.0354	39.8764	0.8230	0.8252	5.0000	-9999.0000	-9999.0000	-9999.0000	-9999.0000	-9999.0000	-9999.0000	19.5430	8	0	30.2381	1.0000	11	3	-9999.0000	27140	37748	-9999	2989	2891	-9999	487.5920	5	0.6836	0.6851	-0.0001	83.1719	0.5476	666.7838	513.8851	38.4491	637.2344	93.5417	660.3596	94.0972	666.1108	94.0972	670.0000	94.9074	
17/08/2017	01:23:45	011992	G488059365HLR	L488	S		616.0132	1.0292	10.0000	99.9410	39.7667	0.8430	0.8267	5.0000	20.6984	713.0191	94.9537	21.0793	24.6000	0.9300	0.9251	0.6837	0.0000	713.0000	712.6766	1.0275	-2.7965	99.9904	39.8269	0.8230	0.8252	5.0000	-9999.0000	-9999.0000	-9999.0000	-9999.0000	-9999.0000	-9999.0000	19.1434	1	0	29.2489	1.0000	11	3	-9999.0000	27141	37749	-9999	2990	2892	-9999	487.5671	5	0.6837	0.6837	0.0000	93.6997	0.0422	668.2544	525.6600	37.8472	635.7317	94.9769	662.1403	95.6250	667.6996	95.6481	671.0033	95.2778	
17/08/2017	01:24:16	011992	G488059364HLR	L488	S		623.5434	1.0292	10.0000	99.9863	39.8731	0.8430	0.8272	5.0000	20.2892	713.0238	94.9769	17.7796	24.6000	0.9300	0.9250	0.6825	0.0001	713.0000	708.2158	1.0275	-2.8749	100.0514	39.8217	0.8230	0.8247	5.0000	-9999.0000	-9999.0000	-9999.0000	-9999.0000	-9999.0000	-9999.0000	21.6390	2	0	31.0918	1.0000	11	3	-9999.0000	27142	37750	-9999	2991	2893	-9999	487.5995	5	0.6836	0.6825	0.0001	98.3114	-0.1396	670.5439	512.3002	38.7269	637.2215	93.5648	663.6940	94.1204	670.0184	94.1898	673.5047	94.9074	
17/08/2017	01:24:50	011992	G488059363HLR	L488	S		620.4973	1.0292	10.0000	100.1441	40.0169	0.8430	0.8273	5.0000	18.7894	713.0494	94.9306	19.1887	24.5000	0.9300	0.9250	0.6834	0.0000	713.0000	707.8087	1.0275	-2.8821	99.9785	39.8559	0.8230	0.8252	5.0000	-9999.0000	-9999.0000	-9999.0000	-9999.0000	-9999.0000	-9999.0000	19.5317	3	0	33.9059	1.0000	11	3	-9999.0000	27143	37751	-9999	2992	2894	-9999	487.5997	5	0.6837	0.6834	0.0000	101.2917	-0.2805	665.1934	504.6410	39.4907	639.6792	93.7500	660.7449	93.8194	664.7607	93.8889	670.2110	95.3472	
17/08/2017	01:25:21	011992	G488059362HLR	L488	S		611.0645	1.0292	10.0000	100.1194	39.8150	0.8430	0.8271	5.0000	18.6887	713.0655	94.9306	19.4397	24.5000	0.9300	0.9250	0.6825	0.0001	713.0000	712.6383	1.0275	-2.7972	100.0273	39.8353	0.8230	0.8249	5.0000	-9999.0000	-9999.0000	-9999.0000	-9999.0000	-9999.0000	-9999.0000	20.3486	4	0	30.9491	1.0000	11	3	-9999.0000	27144	37752	-9999	2993	2895	-9999	487.7268	5	0.6835	0.6825	0.0001	108.8436	-0.5969	666.0671	515.4937	37.7083	636.3992	93.6343	660.0483	93.9583	665.1937	94.0509	670.7667	95.2546	
17/08/2017	01:25:52	011992	G488059267HLR	L488	S		620.6848	1.0292	10.0000	100.1151	39.8597	0.8430	0.8275	5.0000	18.8490	713.0411	94.9074	18.3587	24.4000	0.9300	0.9250	0.6825	0.0001	713.0000	707.4790	1.0275	-2.8879	99.9053	39.8527	0.8230	0.8253	5.0000	-9999.0000	-9999.0000	-9999.0000	-9999.0000	-9999.0000	-9999.0000	19.1932	5	0	31.3287	1.0000	11	3	-9999.0000	27145	37753	-9999	1	2896	-9999	487.4998	5	0.6835	0.6825	0.0001	108.8436	-0.5969	669.1518	514.8033	37.4537	636.3970	94.5370	663.6683	95.0231	668.7642	95.0926	674.1138	95.1620	
17/08/2017	01:26:23	011992	G488059361HLR	L488	S		615.3654	1.0292	10.0000	100.1006	39.9918	0.8430	0.8274	5.0000	18.7591	713.1003	94.9769	20.3391	24.3000	0.9300	0.9249	0.6951	-0.0005	713.0000	712.7619	1.0275	-2.7950	99.9581	39.8487	0.8230	0.8252	5.0000	-9999.0000	-9999.0000	-9999.0000	-9999.0000	-9999.0000	-9999.0000	19.6957	6	0	31.1592	1.0000	11	3	-9999.0000	27146	37754	-9999	2	2897	-9999	487.8688	5	0.6848	0.6951	-0.0005	72.1112	1.0567	660.9283	518.6993	37.0833	629.0212	94.1204	653.7557	94.6296	660.2825	94.6759	665.2749	94.9769	
17/08/2017	01:26:53	011992	G488059359HLR	L488	S		620.6529	1.0292	10.0000	100.1342	39.8313	0.8430	0.8272	5.0000	18.7709	713.0541	95.0000	23.0392	24.3000	0.9300	0.9250	0.7101	-0.0013	713.0000	712.3496	1.0275	-2.8023	99.9989	39.8484	0.8230	0.8253	5.0000	-9999.0000	-9999.0000	-9999.0000	-9999.0000	-9999.0000	-9999.0000	19.2490	7	0	30.1385	1.0000	11	3	-9999.0000	27147	37755	-9999	3	2898	-9999	487.4398	5	0.6849	0.7101	-0.0013	77.0586	0.8380	656.3171	499.0270	35.2083	621.2087	94.0972	649.7539	95.5324	655.7184	95.5556	659.5669	95.2546	
17/08/2017	01:27:28	011992	G488059358HLR	L488	S		609.9577	1.0292	10.0000	100.0901	39.8535	0.8430	0.8275	5.0000	18.7780	713.0764	94.9306	20.1496	24.3000	0.9300	0.9250	0.6999	-0.0007	713.0000	714.8329	1.0275	-2.7586	100.0166	39.8451	0.8230	0.8253	5.0000	-9999.0000	-9999.0000	-9999.0000	-9999.0000	-9999.0000	-9999.0000	19.3787	8	0	34.5788	1.0000	11	3	-9999.0000	27148	37756	-9999	4	2899	-9999	488.4244	5	0.6852	0.6999	-0.0007	74.5712	0.9624	647.6456	468.1972	36.0417	613.2015	93.8889	638.9541	95.1389	646.8002	95.1852	652.6442	95.1620	
17/08/2017	01:28:02	011992	G488059260HLR	L488	S		618.3416	1.0292	10.0000	100.0470	39.9838	0.8430	0.8274	5.0000	18.5685	713.0754	94.9306	20.5295	24.2000	0.9300	0.9250	0.6969	-0.0006	713.0000	713.0661	1.0275	-2.7897	100.0220	39.8449	0.8230	0.8252	5.0000	-9999.0000	-9999.0000	-9999.0000	-9999.0000	-9999.0000	-9999.0000	19.7910	1	0	34.2292	1.0000	11	3	-9999.0000	27149	37757	-9999	5	2900	-9999	488.6509	5	0.6855	0.6969	-0.0006	83.8940	0.4755	652.6192	499.9309	37.7546	620.9165	93.8426	645.5577	94.1204	652.1696	94.1898	657.6568	95.0000	
17/08/2017	01:28:32	011992	G488059278HLR	L488	S		617.8292	1.0292	10.0000	100.1083	39.7982	0.8430	0.8272	5.0000	18.7455	713.0419	94.9769	20.4201	24.2000	0.9300	0.9250	0.6959	-0.0005	713.0000	715.8815	1.0275	-2.7402	99.9324	39.8567	0.8230	0.8252	5.0000	-9999.0000	-9999.0000	-9999.0000	-9999.0000	-9999.0000	-9999.0000	19.4210	2	0	30.1884	1.0000	11	3	-9999.0000	27150	37758	-9999	5	2901	-9999	488.7823	5	0.6854	0.6959	-0.0005	85.8782	0.3913	659.4757	503.3354	37.6157	625.2620	93.9815	650.8046	95.0463	658.8725	95.1852	663.0821	95.1389	
17/08/2017	01:29:03	011992	G488059279HLR	L488	S		620.0517	1.0292	10.0000	100.1192	39.8974	0.8430	0.8276	5.0000	18.6995	713.0361	94.9537	19.3392	24.2000	0.9300	0.9250	0.7069	-0.0011	713.0000	711.1313	1.0275	-2.8237	99.9934	39.8337	0.8230	0.8253	5.0000	-9999.0000	-9999.0000	-9999.0000	-9999.0000	-9999.0000	-9999.0000	19.1587	3	0	30.7488	1.0000	11	3	-9999.0000	27151	37759	-9999	6	2902	-9999	489.2156	5	0.6853	0.7069	-0.0011	58.8219	1.8203	657.3227	544.3632	38.0324	627.4608	94.2593	650.7599	94.4213	656.5851	94.4444	661.6482	95.0231	
17/08/2017	01:29:36	011992	G488059269HLR	L488	S		607.2465	1.0292	10.0000	99.9805	39.8996	0.8430	0.8268	5.0000	20.9795	713.0779	94.9537	23.8390	24.1000	0.9300	0.9250	0.7050	-0.0010	713.0000	710.3405	1.0275	-2.8376	99.9681	39.8301	0.8230	0.8253	5.0000	-9999.0000	-9999.0000	-9999.0000	-9999.0000	-9999.0000	-9999.0000	19.5288	4	0	33.0094	1.0000	11	3	-9999.0000	27152	37760	-9999	7	2903	-9999	485.7740	5	0.6855	0.7050	-0.0010	62.9214	1.5870	642.1840	523.3808	38.4954	598.8310	94.1204	634.7524	94.9769	641.5096	95.0694	646.2945	95.0926	
17/08/2017	01:30:07	011992	G488059264HLR	L488	S		616.1541	1.0292	10.0000	100.1212	39.8002	0.8430	0.8272	5.0000	18.6487	713.0421	94.9537	23.4083	24.1000	0.9300	0.9251	0.7072	-0.0011	713.0000	711.3218	1.0275	-2.8204	99.9082	39.8802	0.8230	0.8253	5.0000	-9999.0000	-9999.0000	-9999.0000	-9999.0000	-9999.0000	-9999.0000	19.4437	5	0	31.0087	1.0000	11	3	-9999.0000	27153	37761	-9999	8	2904	-9999	486.4373	5	0.6854	0.7072	-0.0011	56.2929	1.9106	642.4277	470.8515	37.6620	610.3098	94.6528	634.8162	94.9769	641.9531	94.8380	646.3660	95.1389	
17/08/2017	01:30:44	011992	G488059262HLR	L488	S		622.7574	1.0292	10.0000	100.1241	39.9379	0.8430	0.8276	5.0000	18.6887	713.0380	94.9537	19.4593	24.1000	0.9300	0.9251	0.7088	-0.0012	713.0000	712.4080	1.0275	-2.8013	100.0044	39.8295	0.8230	0.8253	5.0000	-9999.0000	-9999.0000	-9999.0000	-9999.0000	-9999.0000	-9999.0000	19.1483	6	0	37.0886	1.0000	11	3	-9999.0000	27154	37762	-9999	9	2905	-9999	489.2338	5	0.6858	0.7088	-0.0012	-8.1992	5.2045	651.9617	485.0707	37.2917	617.5764	94.4907	644.5650	94.6991	651.2278	94.8380	656.1831	95.0694	
17/08/2017	01:31:16	011992	G488059277HLR	L488	S		613.8839	1.0292	10.0000	100.1162	39.8621	0.8430	0.8273	5.0000	18.7991	713.0534	94.9769	19.9290	24.1000	0.9300	0.9251	0.7008	-0.0008	713.0000	714.5096	1.0275	-2.7643	99.9656	39.8481	0.8230	0.8255	5.0000	-9999.0000	-9999.0000	-9999.0000	-9999.0000	-9999.0000	-9999.0000	19.0317	7	0	31.9793	1.0000	11	3	-9999.0000	27155	37763	-9999	10	2906	-9999	489.0224	5	0.6853	0.7008	-0.0008	65.1083	1.4975	649.5935	518.7543	39.2824	613.5729	95.0231	641.7305	95.4398	648.9986	95.6250	654.3395	95.3009	
17/08/2017	01:31:47	011992	G488059276HLR	L488	S		621.5838	1.0292	10.0000	99.9677	39.8000	0.8430	0.8272	5.0000	19.3586	713.0218	95.0000	22.1691	24.1000	0.9300	0.9251	0.6961	-0.0005	713.0000	712.4189	1.0275	-2.8011	100.0185	39.8828	0.8230	0.8252	5.0000	-9999.0000	-9999.0000	-9999.0000	-9999.0000	-9999.0000	-9999.0000	19.4591	8	0	30.5701	1.0000	11	3	-9999.0000	27156	37764	-9999	11	2907	-9999	487.8024	5	0.6849	0.6961	-0.0005	82.7557	0.6577	651.6108	519.0692	36.8750	621.1096	94.6528	645.9123	95.0231	651.0111	95.0926	655.2462	95.1157	
17/08/2017	01:32:20	011992	G488059280HLR	L488	S		616.3338	1.0292	10.0000	100.0910	39.9485	0.8430	0.8274	5.0000	19.2395	713.0643	95.0000	20.2200	24.2000	0.9300	0.9252	0.6995	-0.0007	713.0000	714.7573	1.0275	-2.7600	100.0758	39.7447	0.8230	0.8251	5.0000	-9999.0000	-9999.0000	-9999.0000	-9999.0000	-9999.0000	-9999.0000	20.0815	1	0	33.6071	1.0000	11	3	-9999.0000	27157	37764	-9999	12	2908	-9999	488.7432	5	0.6851	0.6995	-0.0007	67.2605	1.3310	658.1429	503.2179	37.5926	624.8952	94.4676	651.2674	94.8148	657.4940	94.8611	662.1385	95.0694	
17/08/2017	01:32:51	011992	G488058193HLR	L488	S		612.2562	1.0292	10.0000	100.1461	39.8679	0.8430	0.8272	5.0000	18.8983	713.0602	95.0000	26.2793	24.2000	0.9300	0.9252	0.6884	-0.0002	713.0000	712.1316	1.0275	-2.8061	100.0395	39.8858	0.8230	0.8250	5.0000	-9999.0000	-9999.0000	-9999.0000	-9999.0000	-9999.0000	-9999.0000	21.6113	2	0	30.7792	1.0000	11	3	-9999.0000	27157	37765	-9999	13	2909	-9999	486.0154	5	0.6847	0.6884	-0.0002	86.1733	0.4915	643.2987	537.3012	40.8796	615.7699	94.7917	637.9701	95.0926	642.9508	95.1852	646.9364	95.1389	
17/08/2017	01:33:19	011992	G488059283HLR	L488	S		615.4330	1.0292	10.0000	100.1275	39.8000	0.8430	0.8274	5.0000	18.7193	713.0700	95.0231	21.1691	24.3000	0.9300	0.9252	0.6883	-0.0002	713.0000	715.6837	1.0275	-2.7437	99.9932	39.8331	0.8230	0.8250	5.0000	-9999.0000	-9999.0000	-9999.0000	-9999.0000	-9999.0000	-9999.0000	19.3179	3	0	27.7988	1.0000	11	3	-9999.0000	27158	37766	-9999	14	2910	-9999	488.0148	5	0.6847	0.6883	-0.0002	89.4787	0.2928	663.4045	541.6239	38.4722	632.6346	94.4907	657.3986	94.5833	662.6964	94.8380	668.0676	95.0000	
17/08/2017	01:33:49	011992	G488059294HLR	L488	S		621.6264	1.0292	10.0000	100.0569	39.9745	0.8430	0.8274	5.0000	19.1194	713.0850	94.9769	19.8391	24.3000	0.9300	0.9252	0.6928	-0.0004	713.0000	710.5167	1.0275	-2.8345	99.9742	39.8162	0.8230	0.8254	5.0000	-9999.0000	-9999.0000	-9999.0000	-9999.0000	-9999.0000	-9999.0000	19.3225	4	0	30.3884	1.0000	11	3	-9999.0000	27159	37767	-9999	15	2911	-9999	488.2600	5	0.6847	0.6928	-0.0004	82.6872	0.6611	663.0280	529.6313	38.1481	632.0307	94.6759	656.0407	94.6528	662.5623	94.7917	666.5200	95.0231	
17/08/2017	01:34:14	011992	G488059289HLR	L488	S		616.6568	1.0292	10.0000	100.0988	39.8044	0.8430	0.8272	5.0000	18.8514	713.0457	94.9769	22.8097	24.4000	0.9300	0.9252	0.6940	-0.0004	713.0000	709.9072	1.0275	-2.8452	99.9745	39.9289	0.8230	0.8255	5.0000	-9999.0000	-9999.0000	-9999.0000	-9999.0000	-9999.0000	-9999.0000	19.5159	5	0	24.8595	1.0000	11	3	-9999.0000	27160	37768	-9999	16	2912	-9999	487.7107	5	0.6846	0.6940	-0.0004	76.9078	0.8892	654.4734	525.6245	39.4213	622.3232	94.7222	647.9835	94.6991	653.4756	94.7917	657.2343	95.0694	
17/08/2017	01:34:39	011992	G488059291HLR	L488	S		612.2956	1.0292	10.0000	100.1174	39.8569	0.8430	0.8275	5.0000	19.1593	713.0724	94.9306	19.9993	24.5000	0.9300	0.9252	0.6930	-0.0004	713.0000	714.9095	1.0275	-2.7573	99.9106	39.8459	0.8230	0.8250	5.0000	-9999.0000	-9999.0000	-9999.0000	-9999.0000	-9999.0000	-9999.0000	19.2533	6	0	24.7991	1.0000	11	3	-9999.0000	27161	37769	-9999	17	2913	-9999	488.7009	5	0.6843	0.6930	-0.0004	78.8629	0.8240	661.0031	495.2831	35.6713	625.4302	94.3519	653.0271	94.8380	660.4306	95.1620	665.0635	95.0926	
17/08/2017	01:35:12	011992	G488059290HLR	L488	S		622.2053	1.0292	10.0000	100.1206	39.9723	0.8430	0.8274	5.0000	18.6995	713.0352	95.0694	16.9496	24.5000	0.9300	0.9252	0.6967	-0.0006	713.0000	708.9580	1.0275	-2.8619	100.1694	39.7848	0.8230	0.8252	5.0000	-9999.0000	-9999.0000	-9999.0000	-9999.0000	-9999.0000	-9999.0000	19.2408	7	0	32.6086	1.0000	11	3	-9999.0000	27162	37770	-9999	18	2914	-9999	489.2809	5	0.6847	0.6967	-0.0006	71.3968	1.1243	666.0014	491.7519	36.8056	631.6368	94.7685	659.1573	95.1852	665.4777	95.4398	671.0792	95.3472	
17/08/2017	01:35:43	011992	G488059286HLR	L488	S		619.4880	1.0292	10.0000	100.0937	39.8000	0.8430	0.8271	5.0000	18.9338	713.0523	94.9769	19.5589	24.6000	0.9300	0.9252	0.6934	-0.0004	713.0000	710.1800	1.0275	-2.8404	99.9804	39.9623	0.8230	0.8256	5.0000	-9999.0000	-9999.0000	-9999.0000	-9999.0000	-9999.0000	-9999.0000	19.6807	8	0	31.3680	1.0000	11	3	-9999.0000	27163	37771	-9999	19	2915	-9999	489.1998	5	0.6846	0.6934	-0.0004	76.0485	0.9072	658.4922	514.1996	37.9861	624.2183	94.3287	651.0646	95.0000	658.2405	95.0463	661.9517	95.0926	
17/08/2017	01:36:10	011992	G488059730HLR	L488	S		625.4725	1.0292	10.0000	100.0841	39.8629	0.8430	0.8276	5.0000	18.5988	713.0448	94.9769	11.8794	24.6000	0.9300	0.9251	0.6934	-0.0004	713.0000	714.5648	1.0275	-2.7634	99.9328	39.9104	0.8230	0.8250	5.0000	-9999.0000	-9999.0000	-9999.0000	-9999.0000	-9999.0000	-9999.0000	19.3574	1	0	27.5497	1.0000	11	4	-9999.0000	27164	37772	-9999	20	2916	-9999	491.0565	5	0.6846	0.6934	-0.0004	76.0485	0.9072	681.2777	536.3105	36.2963	643.1618	94.4907	674.3704	94.9769	680.3710	95.0926	685.8329	95.1620	
