Data	Timp	Nr. masina	Nr. de serie	Tip	Productie	Comentariu	Pre-masurare Q [ml/min]	Pre-masurare Gain	Pre-masurare Offset Master	Pre-masurare P [bar]	Pre-masurare T [°C]	Pre-masurare Densitate fixa [kg/l]	Pre-masurare densitate masurata [kg/l]	Pre-masurare Timp masurare [s]	Pre-masurare Cycle time [s]	rectificare Q Oprire [ml/min]	rectificare P Oprire [bar]	rectificare Timp rectificare [s]	rectificare T [°C]	rectificare Densitate fixa [kg/l]	rectificare densitate masurata [kg/l]	rectificare Factor de masurare la rectificare	rectificare Factor de corectie a debitului	rectificare Target rectificare	Masurare Q [ml/min]	Masurare Gain	Masurare Offset Master	Masurare P [bar]	Masurare T [°C]	Masurare Densitate fixa [kg/l]	Masurare densitate masurata [kg/l]	Masurare Timp masurare [s]	Masurare Q [ml/min]	Masurare Delta Q [ml/min]	Masurare P [bar]	Masurare BP [bar]	Masurare T [°C]	Masurare Timp masurare [s]	Masurare Cycle time [s]	Nest Nr.	Cod de descarcare	Cycle time [s]	Traceability aktiv	EDM Maschine Nr	EDM Spindle Nr	Honing Rate [r	Station Counter Premeasure	Station Counter Grind	Station Counter Blowout 1	Station Counter Wash	Station Counter Measure	Station Counter Blowout 2	RealGrindQStop	Reg Type	Factor 0	Factor 1	Factor 2	Factor 3	Factor 4	G_StartQV	G_StartQV_1	G_StartQV_2	G_StartQV_3	G_StartQV_4	G_StartQV_5	
12/08/2017	00:00:10	011992	G523029978HLR	L523	S		444.0775	1.0292	5.6026	100.0927	39.9788	0.8430	0.8265	5.0000	19.1587	508.0650	95.0926	13.7798	25.9000	0.9300	0.9280	0.6438	-0.0003	508.0000	508.5967	1.0275	8.2186	99.9694	40.1000	0.8230	0.8253	5.0000	-9999.0000	-9999.0000	-9999.0000	-9999.0000	-9999.0000	-9999.0000	19.1491	2	0	28.7094	1.0000	99	9	-9999.0000	20102	31177	-9999	1275	4206	-9999	324.8978	5	0.6372	0.6438	-0.0003	49.8705	1.0952	484.3269	550.1827	39.3519	474.5554	93.8889	479.6429	94.5833	483.9028	94.7222	486.9216	94.9537	
12/08/2017	00:00:45	011992	G523029980HLR	L523	S		432.8870	1.0292	6.9192	100.0899	39.9996	0.8430	0.8266	5.0000	18.7591	508.0233	95.0463	18.8284	25.9000	0.9300	0.9280	0.6456	-0.0004	508.0000	506.8864	1.0275	8.3878	100.2520	40.0685	0.8230	0.8248	5.0000	-9999.0000	-9999.0000	-9999.0000	-9999.0000	-9999.0000	-9999.0000	18.8110	3	0	34.6085	1.0000	99	9	-9999.0000	20103	31178	-9999	1276	4207	-9999	324.0387	5	0.6374	0.6456	-0.0004	50.1400	1.0882	472.2136	557.2849	37.9630	462.4028	94.3519	467.7683	95.5787	471.9714	95.5556	474.3642	94.8843	
12/08/2017	00:01:16	011992	G523029987HLR	L523	S		433.7932	1.0292	6.8126	100.0927	39.9752	0.8430	0.8265	5.0000	18.7794	508.0940	94.9537	18.8098	25.8000	0.9300	0.9280	0.6434	-0.0003	508.0000	507.5897	1.0275	8.3182	100.1827	39.8363	0.8230	0.8243	5.0000	-9999.0000	-9999.0000	-9999.0000	-9999.0000	-9999.0000	-9999.0000	19.3892	4	0	30.9988	1.0000	99	9	-9999.0000	20104	31179	-9999	1277	4208	-9999	324.1709	5	0.6382	0.6434	-0.0003	50.2081	1.0843	469.9642	542.8118	38.0787	461.1153	94.7917	465.6416	94.1204	469.6443	94.0741	473.4895	94.8843	
12/08/2017	00:01:46	011992	G523030010HLR	L523	S		435.0330	1.0292	6.6667	100.0862	40.0108	0.8430	0.8266	5.0000	18.8790	508.0231	94.9769	22.6994	25.7000	0.9300	0.9280	0.6431	-0.0003	508.0000	510.8143	1.0275	7.9991	99.9832	40.0549	0.8230	0.8252	5.0000	-9999.0000	-9999.0000	-9999.0000	-9999.0000	-9999.0000	-9999.0000	20.1113	5	0	30.7890	1.0000	99	9	-9999.0000	20105	31180	-9999	1278	4209	-9999	323.7261	5	0.6383	0.6431	-0.0003	49.1081	1.1312	474.1403	564.8870	40.0694	467.5683	94.4444	468.1483	95.3935	473.5934	95.4630	476.1497	95.0231	
12/08/2017	00:02:23	011992	G523030011HLR	L523	S		432.6906	1.0292	6.9423	100.0847	39.9958	0.8430	0.8265	5.0000	18.8500	508.0494	94.9769	17.7298	25.7000	0.9300	0.9279	0.6434	-0.0003	508.0000	507.2301	1.0275	8.3538	99.9816	40.1000	0.8230	0.8250	5.0000	-9999.0000	-9999.0000	-9999.0000	-9999.0000	-9999.0000	-9999.0000	19.1117	6	0	36.3287	1.0000	99	9	-9999.0000	20106	31181	-9999	1279	4210	-9999	324.3614	5	0.6383	0.6434	-0.0003	49.6683	1.1265	473.6789	550.2593	41.3426	463.4569	94.4213	469.1619	95.3009	473.3345	95.2315	476.3638	94.9537	
12/08/2017	00:02:57	011992	G523030013HLR	L523	S		431.1132	1.0292	7.1279	100.0054	40.0024	0.8430	0.8266	5.0000	18.6184	508.0305	94.9537	23.7491	25.7000	0.9300	0.9280	0.6426	-0.0002	508.0000	509.1578	1.0275	8.1630	100.1219	39.8898	0.8230	0.8244	5.0000	-9999.0000	-9999.0000	-9999.0000	-9999.0000	-9999.0000	-9999.0000	19.2991	7	0	33.8543	1.0000	99	9	-9999.0000	20107	31182	-9999	1280	4211	-9999	323.5776	5	0.6381	0.6426	-0.0002	48.6855	1.1642	464.7846	526.9570	41.4120	459.6306	94.7454	460.3959	94.2824	464.5416	94.3056	467.9556	94.8611	
12/08/2017	00:03:29	011992	G523030016HLR	L523	S		433.9097	1.0292	6.7989	100.0047	39.9796	0.8430	0.8266	5.0000	18.5284	508.0141	95.0231	20.2092	25.6000	0.9300	0.9279	0.6430	-0.0003	508.0000	507.2276	1.0275	8.3540	100.0280	40.0000	0.8230	0.8254	5.0000	-9999.0000	-9999.0000	-9999.0000	-9999.0000	-9999.0000	-9999.0000	19.0246	8	0	32.8230	1.0000	99	9	-9999.0000	20108	31183	-9999	1281	4212	-9999	324.0629	5	0.6379	0.6430	-0.0003	49.4587	1.1690	472.3797	594.1779	41.5972	465.7806	95.1157	466.5148	94.5602	471.8657	94.6296	474.0691	94.8148	
12/08/2017	00:04:01	011992	G523029731HLR	L523	S		432.9860	1.0292	6.9075	100.0836	40.0208	0.8430	0.8266	5.0000	18.7452	508.0813	94.9769	20.0988	25.6000	0.9300	0.9280	0.6435	-0.0003	508.0000	508.1302	1.0275	8.2647	100.1211	40.0705	0.8230	0.8250	5.0000	-9999.0000	-9999.0000	-9999.0000	-9999.0000	-9999.0000	-9999.0000	19.5319	1	0	31.5183	1.0000	99	9	-9999.0000	20109	31184	-9999	1282	4213	-9999	324.1765	5	0.6381	0.6435	-0.0003	52.7115	1.0327	472.1703	567.0738	39.9074	464.6231	94.9074	467.3149	94.8380	471.6138	94.9537	474.2905	94.9537	
12/08/2017	00:04:34	011992	G523029740HLR	L523	S		431.7459	1.0292	7.0534	99.9883	39.9561	0.8430	0.8265	5.0000	18.5089	508.0253	94.9769	25.5781	25.7000	0.9300	0.9280	0.6468	-0.0005	508.0000	508.8594	1.0275	8.1926	100.1605	39.8948	0.8230	0.8246	5.0000	-9999.0000	-9999.0000	-9999.0000	-9999.0000	-9999.0000	-9999.0000	19.1785	2	0	32.7596	1.0000	99	9	-9999.0000	20110	31185	-9999	1283	4214	-9999	323.6427	5	0.6378	0.6468	-0.0005	52.1439	1.0628	462.9653	565.8450	41.8750	457.3810	95.0000	458.7822	94.6296	462.3682	94.7454	466.1436	94.8611	
12/08/2017	00:05:13	011992	G523029739HLR	L523	S		433.5477	1.0292	6.8414	99.9853	39.9763	0.8430	0.8267	5.0000	18.2990	508.0323	94.9769	23.0694	25.7000	0.9300	0.9280	0.6543	-0.0008	508.0000	507.6362	1.0275	8.3136	99.9493	39.9541	0.8230	0.8252	5.0000	-9999.0000	-9999.0000	-9999.0000	-9999.0000	-9999.0000	-9999.0000	18.9451	3	0	38.9780	1.0000	99	9	-9999.0000	20111	31186	-9999	1284	4215	-9999	323.3125	5	0.6380	0.6543	-0.0008	50.6069	1.1470	466.6584	563.9784	42.3843	459.3348	95.0000	463.5707	94.5370	466.5289	94.6991	469.6126	94.9537	
12/08/2017	00:05:44	011992	G523029975HLR	L523	S		433.1873	1.0292	6.8838	100.0103	40.0010	0.8430	0.8265	5.0000	18.6994	508.0320	94.9537	22.0187	25.8000	0.9300	0.9280	0.6514	-0.0007	508.0000	506.6770	1.0275	8.4085	99.9892	40.1000	0.8230	0.8253	5.0000	-9999.0000	-9999.0000	-9999.0000	-9999.0000	-9999.0000	-9999.0000	19.0488	4	0	30.9988	1.0000	99	9	-9999.0000	20112	31187	-9999	1285	4216	-9999	323.1420	5	0.6382	0.6514	-0.0007	50.1691	1.1884	460.6555	546.7183	41.9907	452.8674	95.2546	455.5345	94.8380	460.4953	94.8380	462.8532	94.9306	
12/08/2017	00:06:15	011992	G523029729HLR	L523	S		432.0038	1.0292	7.0231	100.0983	39.9265	0.8430	0.8266	5.0000	18.8787	508.0999	94.9537	20.7893	25.8000	0.9300	0.9280	0.6473	-0.0005	508.0000	505.6882	1.0275	8.5064	100.1369	39.9198	0.8230	0.8244	5.0000	-9999.0000	-9999.0000	-9999.0000	-9999.0000	-9999.0000	-9999.0000	19.7694	5	0	31.7693	1.0000	99	9	-9999.0000	20113	31188	-9999	1286	4217	-9999	323.9756	5	0.6378	0.6473	-0.0005	62.9618	0.5746	457.1939	557.2358	39.3519	447.9826	95.1620	453.6612	94.8380	456.6127	94.8148	466.3659	94.9537	
12/08/2017	00:06:43	011992	G523029732HLR	L523	S		430.2153	1.0292	7.2335	100.0952	39.9952	0.8430	0.8267	5.0000	18.6686	508.0536	94.9537	21.8195	25.9000	0.9300	0.9280	0.6483	-0.0005	508.0000	505.7068	1.0275	8.5045	100.0067	39.8000	0.8230	0.8249	5.0000	-9999.0000	-9999.0000	-9999.0000	-9999.0000	-9999.0000	-9999.0000	18.9892	6	0	27.5283	1.0000	99	9	-9999.0000	20114	31189	-9999	1287	4218	-9999	323.8341	5	0.6376	0.6483	-0.0005	66.0240	0.4279	465.3968	547.9604	39.0741	452.6953	94.7222	458.3983	95.4630	464.9143	95.5787	468.2778	94.9074	
12/08/2017	00:07:18	011992	G523029758HLR	L523	S		423.3259	1.0292	8.0440	100.0832	39.9541	0.8430	0.8267	5.0000	18.9436	508.0377	94.9306	28.1493	25.9000	0.9300	0.9280	0.6482	-0.0005	508.0000	505.5961	1.0275	8.5155	100.1318	40.1078	0.8230	0.8250	5.0000	-9999.0000	-9999.0000	-9999.0000	-9999.0000	-9999.0000	-9999.0000	22.2989	7	0	34.6497	1.0000	99	9	-9999.0000	20115	31190	-9999	1288	4219	-9999	322.2100	5	0.6375	0.6482	-0.0005	66.5402	0.3936	453.7923	545.7403	39.2130	441.1224	94.9074	448.8659	95.5556	453.4099	95.5787	456.3270	94.9769	
12/08/2017	00:07:53	011992	G523029750HLR	L523	S		435.9213	1.0292	6.5622	100.0641	39.9329	0.8430	0.8266	5.0000	19.2795	508.0654	94.9537	20.1594	26.0000	0.9300	0.9280	0.6478	-0.0005	508.0000	507.3243	1.0275	8.3445	100.1795	40.1000	0.8230	0.8248	5.0000	-9999.0000	-9999.0000	-9999.0000	-9999.0000	-9999.0000	-9999.0000	19.7890	8	0	35.9159	1.0000	99	9	-9999.0000	20116	31191	-9999	1289	4220	-9999	324.3769	5	0.6376	0.6478	-0.0005	65.9031	0.4183	470.8776	541.1660	39.4444	458.7799	94.4676	466.0634	95.6019	470.5946	95.6481	472.6252	94.8380	
12/08/2017	00:08:24	011992	G523029752HLR	L523	S		434.1971	1.0292	6.7650	99.9940	39.9641	0.8430	0.8264	5.0000	19.9495	508.0555	94.9537	20.9797	26.1000	0.9300	0.9281	0.6502	-0.0006	508.0000	505.8136	1.0275	8.4940	100.1285	39.9267	0.8230	0.8245	5.0000	-9999.0000	-9999.0000	-9999.0000	-9999.0000	-9999.0000	-9999.0000	18.9988	1	0	30.5907	1.0000	99	9	-9999.0000	20117	31192	-9999	1290	4221	-9999	324.1038	5	0.6377	0.6502	-0.0006	65.8391	0.4234	468.2629	535.7370	38.9583	459.2048	94.4676	463.9528	95.8333	468.0159	95.8102	470.0921	94.7685	
12/08/2017	00:09:02	011992	G523029760HLR	L523	S		440.0800	1.0292	6.0729	100.0339	39.8980	0.8430	0.8265	5.0000	19.4894	508.0737	94.9769	16.7201	26.1000	0.9300	0.9280	0.6502	-0.0006	508.0000	507.9012	1.0275	8.2874	100.0899	39.9000	0.8230	0.8252	5.0000	-9999.0000	-9999.0000	-9999.0000	-9999.0000	-9999.0000	-9999.0000	18.8879	2	0	37.5591	1.0000	99	9	-9999.0000	20118	31193	-9999	1291	4222	-9999	325.5321	5	0.6377	0.6502	-0.0006	65.8391	0.4234	475.1443	556.1230	38.6111	467.1283	94.6759	471.0068	94.2593	474.5830	94.4213	478.0590	94.8380	
12/08/2017	00:09:34	011992	G523029759HLR	L523	S		433.5005	1.0292	6.8470	99.9679	40.0448	0.8430	0.8267	5.0000	18.4495	508.0689	94.9769	23.9395	26.2000	0.9300	0.9281	0.6476	-0.0004	508.0000	507.3114	1.0275	8.3457	100.1182	40.1000	0.8230	0.8254	5.0000	-9999.0000	-9999.0000	-9999.0000	-9999.0000	-9999.0000	-9999.0000	19.2282	3	0	31.8688	1.0000	99	9	-9999.0000	20119	31194	-9999	1292	4223	-9999	323.5940	5	0.6381	0.6476	-0.0004	52.2558	1.0250	465.7164	553.5474	39.0278	454.1138	96.2269	462.0058	95.8102	465.3690	95.7639	468.0710	94.8380	
12/08/2017	00:10:07	011992	G523029735HLR	L523	Q		431.8502	1.0292	7.0412	100.0210	39.9948	0.8430	0.8265	5.0000	18.6389	508.0578	94.9769	25.0186	26.2000	0.9300	0.9280	0.6473	-0.0004	508.0000	506.8262	1.0275	8.3938	99.9541	40.0208	0.8230	0.8247	5.0000	-9999.0000	-9999.0000	-9999.0000	-9999.0000	-9999.0000	-9999.0000	19.0812	4	0	33.6483	1.0000	99	9	-9999.0000	20120	31195	-9999	1293	4224	-9999	323.6347	5	0.6386	0.6473	-0.0004	51.7504	1.0293	463.1614	540.4268	41.2500	457.0087	94.5833	458.7498	94.3056	462.9881	94.2824	466.8504	94.7685	
12/08/2017	00:10:48	011992	G523029744HLR	L523	S		434.1765	1.0292	6.7675	99.9478	39.9281	0.8430	0.8263	5.0000	20.6880	508.0493	94.9537	19.8996	26.1000	0.9300	0.9280	0.6478	-0.0004	508.0000	507.7550	1.0275	8.3018	100.1752	39.8224	0.8230	0.8247	5.0000	-9999.0000	-9999.0000	-9999.0000	-9999.0000	-9999.0000	-9999.0000	19.0087	5	0	40.5886	1.0000	99	9	-9999.0000	20121	31196	-9999	1294	4225	-9999	324.9244	5	0.6388	0.6478	-0.0004	48.8153	1.1486	469.7082	564.0662	39.5139	463.0640	94.6528	464.7813	94.5833	469.0412	94.8843	472.6556	94.9306	
12/08/2017	00:11:19	011992	G523029763HLR	L523	S		433.8586	1.0292	6.8049	99.9655	39.9782	0.8430	0.8266	5.0000	19.3393	508.0697	94.9769	26.7187	26.1000	0.9300	0.9279	0.6489	-0.0005	508.0000	508.5492	1.0275	8.2233	100.2532	40.1000	0.8230	0.8256	5.0000	-9999.0000	-9999.0000	-9999.0000	-9999.0000	-9999.0000	-9999.0000	19.5297	6	0	31.5990	1.0000	99	9	-9999.0000	20122	31197	-9999	1295	4226	-9999	323.5818	5	0.6388	0.6489	-0.0005	51.6717	0.9850	462.4138	582.6307	43.4491	462.0651	94.9074	459.5555	94.6296	462.2968	94.7685	464.2817	94.9306	
12/08/2017	00:11:54	011992	G523029757HLR	L523	S		435.5128	1.0292	6.6103	100.0806	39.9900	0.8430	0.8265	5.0000	19.0395	508.0172	94.9769	21.1096	26.1000	0.9300	0.9278	0.6472	-0.0004	508.0000	507.1624	1.0275	8.3605	99.9851	40.0395	0.8230	0.8244	5.0000	-9999.0000	-9999.0000	-9999.0000	-9999.0000	-9999.0000	-9999.0000	19.7184	7	0	34.2780	1.0000	99	9	-9999.0000	20123	31198	-9999	1296	4227	-9999	324.8018	5	0.6390	0.6472	-0.0004	49.7863	1.0780	467.0932	538.6114	41.8981	463.1180	94.5833	463.6578	94.6296	466.5396	94.6296	470.3793	94.7917	
12/08/2017	00:12:28	011992	G523029754HLR	L523	S		431.2484	1.0292	7.1120	100.0118	40.0395	0.8430	0.8266	5.0000	18.4993	508.0451	95.0000	22.7892	26.1000	0.9300	0.9278	0.6469	-0.0003	508.0000	506.7129	1.0275	8.4050	100.1346	39.8000	0.8230	0.8246	5.0000	-9999.0000	-9999.0000	-9999.0000	-9999.0000	-9999.0000	-9999.0000	19.0087	8	0	33.9986	1.0000	99	9	-9999.0000	20123	31199	-9999	1297	4228	-9999	324.5870	5	0.6394	0.6469	-0.0003	50.7599	1.0490	463.3162	561.8637	41.2037	457.5150	94.9074	459.0423	94.5370	463.0835	94.8148	467.1143	94.9074	
12/08/2017	00:13:02	011992	G523029734HLR	L523	S		428.4122	1.0292	7.4456	100.0005	39.9661	0.8430	0.8266	5.0000	18.4094	508.0349	95.0000	29.7988	26.0000	0.9300	0.9279	0.6482	-0.0004	508.0000	509.5058	1.0275	8.1286	100.4394	40.1000	0.8230	0.8258	5.0000	-9999.0000	-9999.0000	-9999.0000	-9999.0000	-9999.0000	-9999.0000	19.2793	1	0	34.1990	1.0000	99	9	-9999.0000	20124	31200	-9999	1298	4229	-9999	323.4701	5	0.6392	0.6482	-0.0004	54.9176	0.8421	458.1886	542.9009	39.6065	451.8612	94.8148	453.7932	95.2778	457.5662	95.4167	460.5501	95.0463	
12/08/2017	00:13:37	011992	G523029737HLR	L523	S		434.7955	1.0292	6.6946	100.0387	40.0184	0.8430	0.8266	5.0000	18.6748	508.0262	94.9769	20.6984	26.0000	0.9300	0.9279	0.6481	-0.0004	508.0000	507.4818	1.0275	8.3289	100.2507	40.0914	0.8230	0.8249	5.0000	-9999.0000	-9999.0000	-9999.0000	-9999.0000	-9999.0000	-9999.0000	18.9089	2	0	35.3286	1.0000	99	9	-9999.0000	20125	31201	-9999	1299	4230	-9999	325.1020	5	0.6392	0.6481	-0.0004	58.4881	0.6456	467.6633	547.9877	37.3380	455.5395	94.6296	461.0859	94.4213	467.3026	94.5139	469.4258	94.8843	
12/08/2017	00:14:08	011992	G523029766HLR	L523	S		429.1010	1.0292	7.3646	99.9529	39.9165	0.8430	0.8261	5.0000	20.9913	508.0388	94.9769	23.4698	25.9000	0.9300	0.9278	0.6479	-0.0004	508.0000	507.8002	1.0275	8.2974	100.0052	39.8000	0.8230	0.8245	5.0000	-9999.0000	-9999.0000	-9999.0000	-9999.0000	-9999.0000	-9999.0000	19.1306	3	0	30.7791	1.0000	99	9	-9999.0000	20126	31202	-9999	1300	4231	-9999	324.5386	5	0.6392	0.6479	-0.0004	57.8448	0.6756	463.4397	546.1178	38.6574	454.8997	94.8380	458.4927	95.2315	462.8757	95.3241	466.2780	94.9769	
12/08/2017	00:14:40	011992	G523029772HLR	L523	S		431.6422	1.0292	7.0656	100.0827	39.8760	0.8430	0.8266	5.0000	18.9295	508.0516	94.9306	23.1193	25.9000	0.9300	0.9279	0.6500	-0.0005	508.0000	507.6770	1.0275	8.3096	100.0666	40.0557	0.8230	0.8256	5.0000	-9999.0000	-9999.0000	-9999.0000	-9999.0000	-9999.0000	-9999.0000	19.4202	4	0	32.0389	1.0000	99	9	-9999.0000	20127	31203	-9999	1301	4232	-9999	324.6775	5	0.6390	0.6500	-0.0005	52.4284	0.9276	464.5740	560.2832	41.1806	455.8819	94.9306	460.2283	94.5833	463.9279	94.5602	466.8626	94.8380	
12/08/2017	00:15:14	011992	G523029773HLR	L523	S		434.5467	1.0292	6.7239	99.9708	40.0423	0.8430	0.8264	5.0000	20.4993	508.0424	94.9537	23.3800	25.8000	0.9300	0.9278	0.6510	-0.0005	508.0000	508.6284	1.0275	8.2154	100.1039	40.0826	0.8230	0.8250	5.0000	-9999.0000	-9999.0000	-9999.0000	-9999.0000	-9999.0000	-9999.0000	18.9796	5	0	33.5982	1.0000	99	9	-9999.0000	20128	31204	-9999	1302	4233	-9999	324.4444	5	0.6391	0.6510	-0.0005	54.5392	0.8415	464.9992	546.0179	39.0509	458.0322	94.7222	459.6029	94.8843	464.5982	94.9769	467.3803	95.0463	
12/08/2017	00:15:50	011992	G523029381HLR	L523	S		433.4540	1.0292	6.8525	100.0129	39.9271	0.8430	0.8264	5.0000	18.5089	508.0476	94.9769	24.4786	25.8000	0.9300	0.9278	0.6506	-0.0005	508.0000	509.1263	1.0275	8.1661	100.1834	39.8561	0.8230	0.8246	5.0000	-9999.0000	-9999.0000	-9999.0000	-9999.0000	-9999.0000	-9999.0000	19.1115	6	0	36.1892	1.0000	99	9	-9999.0000	20129	31204	-9999	1303	4234	-9999	324.2577	5	0.6389	0.6506	-0.0005	55.1688	0.8346	462.6510	571.7459	39.1898	458.9792	95.3241	458.7520	94.8380	462.2334	94.9769	465.1132	94.9537	
12/08/2017	00:16:15	011992	G523029380HLR	L523	S		435.1132	1.0292	6.6573	100.0047	39.9541	0.8430	0.8269	5.0000	18.3386	508.0290	94.9537	20.0295	25.7000	0.9300	0.9278	0.6534	-0.0006	508.0000	507.8832	1.0275	8.2892	100.2156	39.9677	0.8230	0.8254	5.0000	-9999.0000	-9999.0000	-9999.0000	-9999.0000	-9999.0000	-9999.0000	18.8145	7	0	24.9096	1.0000	99	9	-9999.0000	20129	31205	-9999	1304	4235	-9999	325.3714	5	0.6388	0.6534	-0.0006	58.8391	0.6931	469.8287	555.9880	39.2824	463.8878	95.0463	465.1619	94.8380	469.0390	95.0463	471.7109	95.0231	
12/08/2017	00:16:42	011992	G523029382HLR	L523	S		436.0693	1.0292	6.5448	99.9650	40.0104	0.8430	0.8266	5.0000	18.4094	508.0614	94.9537	21.2092	25.8000	0.9300	0.9280	0.6532	-0.0006	508.0000	510.4068	1.0275	8.0394	100.0079	40.0884	0.8230	0.8252	5.0000	-9999.0000	-9999.0000	-9999.0000	-9999.0000	-9999.0000	-9999.0000	19.0888	8	0	27.5084	1.0000	99	9	-9999.0000	20130	31206	-9999	1305	4236	-9999	325.3626	5	0.6388	0.6532	-0.0006	58.4750	0.7111	466.8568	558.0865	41.9444	462.2588	94.6528	462.9318	95.0231	466.1755	95.0231	468.9071	95.0000	
12/08/2017	00:17:08	011992	G523029488HLR	L523	S		433.5475	1.0292	6.8415	100.0660	39.8864	0.8430	0.8265	5.0000	18.7297	508.0679	94.9537	22.8595	25.8000	0.9300	0.9279	0.6534	-0.0006	508.0000	508.5039	1.0275	8.2277	100.1500	39.8305	0.8230	0.8240	5.0000	-9999.0000	-9999.0000	-9999.0000	-9999.0000	-9999.0000	-9999.0000	20.3390	1	0	25.6495	1.0000	99	9	-9999.0000	20131	31207	-9999	1306	4237	-9999	324.8227	5	0.6386	0.6534	-0.0006	57.6186	0.7537	461.4879	545.1310	40.4398	458.2949	95.3472	457.5837	94.7454	461.2271	94.9074	465.1198	95.0463	
12/08/2017	00:17:33	011992	G523029487HLR	L523	S		431.1874	1.0292	7.1191	100.1177	39.9844	0.8430	0.8267	5.0000	19.0197	508.0214	95.0000	25.3291	25.8000	0.9300	0.9279	0.6542	-0.0007	508.0000	510.8670	1.0275	7.9939	100.0410	39.8918	0.8230	0.8252	5.0000	-9999.0000	-9999.0000	-9999.0000	-9999.0000	-9999.0000	-9999.0000	18.6893	2	0	24.8886	1.0000	99	9	-9999.0000	20132	31208	-9999	1307	4238	-9999	323.8644	5	0.6387	0.6542	-0.0007	56.2736	0.8065	460.7508	566.9381	41.5509	452.8836	94.9074	456.0417	95.0926	460.4692	95.2778	461.3184	95.0463	
12/08/2017	00:18:27	011992	G523030345HLR	L523	S		441.4447	1.0292	5.9124	100.0344	39.8964	0.8430	0.8267	5.0000	18.6194	508.0608	94.9306	16.6996	26.0000	0.9300	0.9283	0.6537	-0.0006	508.0000	510.6863	1.0275	8.0118	99.9453	40.1513	0.8230	0.8249	5.0000	-9999.0000	-9999.0000	-9999.0000	-9999.0000	-9999.0000	-9999.0000	18.8692	4	0	26.6691	1.0000	99	9	-9999.0000	20133	31209	-9999	1309	4239	-9999	326.7544	5	0.6388	0.6537	-0.0006	54.7784	0.8808	478.3164	535.8314	39.5139	469.2985	94.3287	472.7880	95.5787	477.9678	95.4630	480.2781	94.9769	
12/08/2017	00:18:53	011992	G523030763HLR	L523	S		441.0370	1.0292	5.9603	99.9855	39.9427	0.8430	0.8267	5.0000	18.3099	508.0446	95.0463	14.9203	26.0000	0.9300	0.9282	0.6529	-0.0006	508.0000	507.7158	1.0275	8.3057	100.0810	39.8000	0.8230	0.8242	5.0000	-9999.0000	-9999.0000	-9999.0000	-9999.0000	-9999.0000	-9999.0000	19.1274	5	0	25.9090	1.0000	99	9	-9999.0000	20134	31209	-9999	1310	4240	-9999	327.1176	5	0.6387	0.6529	-0.0006	55.8458	0.8391	477.3640	561.5162	39.4907	468.9560	94.7685	472.1305	95.0000	476.8569	95.0926	480.2175	95.0463	
12/08/2017	00:19:20	011992	G523030766HLR	L523	S		443.8367	1.0292	5.6310	99.9825	40.0012	0.8430	0.8266	5.0000	18.4193	508.0764	95.0231	13.6792	26.0000	0.9300	0.9280	0.6526	-0.0006	508.0000	508.8817	1.0275	8.1904	100.1206	39.9000	0.8230	0.8250	5.0000	-9999.0000	-9999.0000	-9999.0000	-9999.0000	-9999.0000	-9999.0000	19.8592	6	0	26.5390	1.0000	99	9	-9999.0000	20135	31210	-9999	1311	4241	-9999	327.3762	5	0.6380	0.6526	-0.0006	54.9058	0.8905	484.9915	539.6500	38.4491	473.6853	94.5602	478.9875	95.3241	484.5182	95.4630	486.8320	94.9306	
12/08/2017	00:19:48	011992	G523030762HLR	L523	S		441.2257	1.0292	5.9381	100.0622	39.9489	0.8430	0.8265	5.0000	18.6195	508.0218	94.9306	17.0589	26.1000	0.9300	0.9280	0.6499	-0.0005	508.0000	509.3346	1.0275	8.1455	100.2389	40.1619	0.8230	0.8258	5.0000	-9999.0000	-9999.0000	-9999.0000	-9999.0000	-9999.0000	-9999.0000	19.3892	7	0	28.2491	1.0000	99	9	-9999.0000	20136	31211	-9999	1312	4242	-9999	326.2592	5	0.6385	0.6499	-0.0005	51.6103	1.0459	478.2613	542.9594	37.5463	464.5222	94.2593	473.5714	95.6250	477.8344	95.7639	479.2213	94.7917	
12/08/2017	00:43:18	011992	G523030578HLR	L523	S		440.4232	1.0292	6.0326	99.9366	39.7623	0.8430	0.8279	5.0000	20.2990	508.0485	94.9769	18.3499	26.1000	0.9300	0.9268	0.6534	-0.0007	508.0000	508.0153	1.0275	8.2761	99.9908	39.6136	0.8230	0.8279	5.0000	-9999.0000	-9999.0000	-9999.0000	-9999.0000	-9999.0000	-9999.0000	18.8272	7	0	30.6092	1.0000	99	9	-9999.0000	20143	31217	-9999	1316	4245	-9999	325.3420	5	0.6404	0.6534	-0.0007	48.0215	1.2442	453.3251	515.3341	37.8704	441.2423	71.3657	435.2061	72.4537	434.8318	72.2685	458.6063	92.2222	
12/08/2017	00:43:46	011992	G523030577HLR	L523	S		439.0702	1.0292	6.1917	99.9757	39.5026	0.8430	0.8271	5.0000	18.7651	508.0462	94.9537	22.8693	25.6000	0.9300	0.9267	0.6534	-0.0007	508.0000	511.4430	1.0275	7.9369	100.1888	40.2860	0.8230	0.8282	5.0000	-9999.0000	-9999.0000	-9999.0000	-9999.0000	-9999.0000	-9999.0000	20.1505	8	0	28.3389	1.0000	99	9	-9999.0000	20144	31218	-9999	1317	4246	-9999	323.6891	5	0.6404	0.6534	-0.0007	48.0215	1.2442	463.8716	550.9599	39.0278	454.0095	91.8750	460.6051	93.6111	463.4723	93.5417	466.9539	94.3981	
12/08/2017	00:44:19	011992	G523030575HLR	L523	S		436.8441	1.0292	6.4536	99.9492	39.5000	0.8430	0.8277	5.0000	20.4894	508.0293	94.9306	19.8596	25.4000	0.9300	0.9269	0.6534	-0.0007	508.0000	510.8712	1.0275	7.9935	100.1377	39.9888	0.8230	0.8254	5.0000	-9999.0000	-9999.0000	-9999.0000	-9999.0000	-9999.0000	-9999.0000	19.7546	1	0	33.0592	1.0000	99	9	-9999.0000	20145	31219	-9999	1318	4247	-9999	324.7575	5	0.6404	0.6534	-0.0007	48.0215	1.2442	466.3969	553.9614	37.9167	456.8617	92.2685	461.4381	93.5185	465.8917	93.5417	469.3536	94.3981	
12/08/2017	00:44:52	011992	G523030371HLR	L523	S		440.7874	1.0292	5.9897	99.9585	39.8026	0.8430	0.8277	5.0000	18.3694	508.0627	94.9769	14.9994	25.3000	0.9300	0.9269	0.6534	-0.0007	508.0000	509.3121	1.0275	8.1478	100.3088	39.3301	0.8230	0.8243	5.0000	-9999.0000	-9999.0000	-9999.0000	-9999.0000	-9999.0000	-9999.0000	19.5922	2	0	32.7192	1.0000	99	9	-9999.0000	20146	31220	-9999	1319	4248	-9999	326.5706	5	0.6404	0.6534	-0.0007	48.0215	1.2442	473.9187	567.2664	39.4444	463.7142	92.7315	468.4310	92.9861	473.3977	93.1250	477.4577	94.7685	
12/08/2017	00:45:18	011992	G523030372HLR	L523	S		438.0566	1.0292	6.3110	100.0393	39.5120	0.8430	0.8270	5.0000	18.7698	508.0567	94.9306	19.7591	25.1000	0.9300	0.9271	0.6516	-0.0007	508.0000	511.2445	1.0275	7.9565	100.0488	39.9563	0.8230	0.8280	5.0000	-9999.0000	-9999.0000	-9999.0000	-9999.0000	-9999.0000	-9999.0000	19.8590	3	0	26.5180	1.0000	99	9	-9999.0000	20147	31221	-9999	1320	4249	-9999	324.8851	5	0.6369	0.6516	-0.0007	48.0974	1.2462	468.0238	557.8734	39.7222	461.7012	93.2870	464.9432	93.4954	467.5790	93.6343	470.6929	94.6991	
12/08/2017	00:45:49	011992	G523030587HLR	L523	S		440.2634	1.0292	6.0514	100.0668	39.5234	0.8430	0.8276	5.0000	18.9083	508.0305	94.9769	17.3597	25.0000	0.9300	0.9272	0.6511	-0.0007	508.0000	511.1478	1.0275	7.9661	100.2347	40.2932	0.8230	0.8261	5.0000	-9999.0000	-9999.0000	-9999.0000	-9999.0000	-9999.0000	-9999.0000	20.2598	4	0	30.7888	1.0000	99	9	-9999.0000	20148	31222	-9999	1321	4250	-9999	324.7203	5	0.6365	0.6511	-0.0007	48.1167	1.2467	472.0562	550.5817	39.1204	460.5221	93.3102	466.6358	94.3519	471.6028	94.5139	475.4881	94.7917	
12/08/2017	00:46:16	011992	G523030586HLR	L523	S		435.3744	1.0292	6.6265	99.9625	39.8385	0.8430	0.8276	5.0000	18.4657	508.0101	94.9537	22.2189	24.9000	0.9300	0.9274	0.6513	-0.0007	508.0000	510.3963	1.0275	8.0405	100.0033	39.7096	0.8230	0.8244	5.0000	-9999.0000	-9999.0000	-9999.0000	-9999.0000	-9999.0000	-9999.0000	19.5058	5	0	27.1290	1.0000	99	9	-9999.0000	20149	31222	-9999	1322	4251	-9999	322.6550	5	0.6377	0.6513	-0.0007	48.1082	1.2465	462.9293	541.7592	38.7731	454.3706	93.3102	458.3858	94.7454	462.8323	94.7917	465.4420	94.9306	
12/08/2017	00:46:44	011992	G523030583HLR	L523	S		437.4017	1.0292	6.3880	100.0598	39.6391	0.8430	0.8269	5.0000	18.9398	508.0459	94.9306	21.8499	24.9000	0.9300	0.9275	0.6571	-0.0011	508.0000	510.1264	1.0275	8.0672	100.1888	39.5892	0.8230	0.8258	5.0000	-9999.0000	-9999.0000	-9999.0000	-9999.0000	-9999.0000	-9999.0000	19.8252	6	0	27.7996	1.0000	99	9	-9999.0000	20150	31223	-9999	1323	4252	-9999	322.9530	5	0.6373	0.6571	-0.0011	58.3751	0.6641	464.9418	578.0299	41.2963	456.5183	93.3796	460.8704	94.3519	464.4079	94.3519	467.4088	94.7454	
12/08/2017	00:47:15	011992	G523030581HLR	L523	S		439.7931	1.0292	6.1067	100.0550	39.6080	0.8430	0.8274	5.0000	18.9996	508.0072	94.9537	15.7787	24.9000	0.9300	0.9275	0.6571	-0.0011	508.0000	510.1899	1.0275	8.0609	100.1118	40.1000	0.8230	0.8274	5.0000	-9999.0000	-9999.0000	-9999.0000	-9999.0000	-9999.0000	-9999.0000	19.6521	7	0	30.5987	1.0000	99	9	-9999.0000	20151	31224	-9999	1324	4253	-9999	325.2085	5	0.6373	0.6571	-0.0011	58.3751	0.6641	470.9871	566.5987	39.2824	462.5594	93.3796	465.4688	94.6759	470.4967	94.6296	474.7526	94.9074	
12/08/2017	00:47:43	011992	G523030574HLR	L523	S		436.0983	1.0292	6.5414	100.0656	39.8525	0.8430	0.8274	5.0000	18.9189	508.0328	94.9769	19.9592	24.9000	0.9300	0.9276	0.6577	-0.0011	508.0000	510.7101	1.0275	8.0094	100.1581	40.1960	0.8230	0.8259	5.0000	-9999.0000	-9999.0000	-9999.0000	-9999.0000	-9999.0000	-9999.0000	19.6485	8	0	28.1288	1.0000	99	9	-9999.0000	20152	31225	-9999	1325	4254	-9999	322.9699	5	0.6363	0.6577	-0.0011	54.6489	0.9366	462.1647	550.7074	40.5787	454.4486	93.9815	456.2105	94.0046	461.9600	94.0278	464.7763	94.7222	
12/08/2017	00:48:14	011992	G523030594HLR	L523	S		438.6840	1.0292	6.2372	99.9809	39.6511	0.8430	0.8267	5.0000	20.3691	508.0655	94.9537	16.3988	24.9000	0.9300	0.9277	0.6577	-0.0011	508.0000	510.1667	1.0275	8.0632	100.1210	39.6489	0.8230	0.8242	5.0000	-9999.0000	-9999.0000	-9999.0000	-9999.0000	-9999.0000	-9999.0000	20.0695	1	0	31.3690	1.0000	99	9	-9999.0000	20153	31226	-9999	1325	4255	-9999	324.9302	5	0.6363	0.6577	-0.0011	54.6489	0.9366	467.7425	556.9412	41.8287	458.6959	93.9352	463.3049	94.1435	467.4151	94.1898	471.1563	94.7454	
12/08/2017	00:48:45	011992	G523030585HLR	L523	S		439.3067	1.0292	6.1639	99.9971	39.7186	0.8430	0.8273	5.0000	18.3089	508.0499	94.9306	16.9691	24.9000	0.9300	0.9278	0.6584	-0.0012	508.0000	511.0575	1.0275	7.9750	100.2467	39.6255	0.8230	0.8257	5.0000	-9999.0000	-9999.0000	-9999.0000	-9999.0000	-9999.0000	-9999.0000	19.9687	2	0	31.0627	1.0000	99	9	-9999.0000	20154	31227	-9999	1326	4256	-9999	324.6204	5	0.6359	0.6584	-0.0012	58.3198	0.6906	467.3398	586.5053	41.4815	460.6317	94.4676	462.4109	94.1898	467.0497	94.2130	470.3545	94.8148	
12/08/2017	00:49:11	011992	G523030591HLR	L523	S		436.9212	1.0292	6.4446	100.0968	39.8369	0.8430	0.8273	5.0000	18.6414	508.0444	94.9769	19.8792	24.9000	0.9300	0.9278	0.6541	-0.0010	508.0000	509.2090	1.0275	8.1580	100.1777	40.2894	0.8230	0.8274	5.0000	-9999.0000	-9999.0000	-9999.0000	-9999.0000	-9999.0000	-9999.0000	19.2598	3	0	25.5350	1.0000	99	9	-9999.0000	20155	31228	-9999	1327	4257	-9999	322.7611	5	0.6357	0.6541	-0.0010	59.4149	0.6544	466.1836	573.6417	41.3426	459.3326	94.4907	459.7669	94.2824	465.4164	94.4676	469.4130	94.7685	
12/08/2017	00:49:38	011992	G523030592HLR	L523	S		439.5237	1.0292	6.1384	100.0367	39.7685	0.8430	0.8269	5.0000	19.3597	508.0741	94.8843	17.2894	24.9000	0.9300	0.9278	0.6541	-0.0010	508.0000	511.4501	1.0275	7.9362	100.1487	40.1006	0.8230	0.8251	5.0000	-9999.0000	-9999.0000	-9999.0000	-9999.0000	-9999.0000	-9999.0000	19.6682	4	0	27.1189	1.0000	99	9	-9999.0000	20156	31229	-9999	1328	4258	-9999	323.9047	5	0.6357	0.6541	-0.0010	59.4149	0.6544	470.3578	571.2442	40.7407	463.8570	94.7222	465.3090	94.3287	469.8854	94.3519	472.9662	94.7685	
12/08/2017	00:50:09	011992	G523030590HLR	L523	S		437.8765	1.0292	6.3322	100.1007	39.7435	0.8430	0.8271	5.0000	19.0196	508.0444	94.9537	20.5988	24.9000	0.9300	0.9279	0.6512	-0.0009	508.0000	511.3563	1.0275	7.9455	100.1224	39.6435	0.8230	0.8242	5.0000	-9999.0000	-9999.0000	-9999.0000	-9999.0000	-9999.0000	-9999.0000	19.8388	5	0	31.1688	1.0000	99	9	-9999.0000	20157	31230	-9999	1329	4259	-9999	322.1121	5	0.6355	0.6512	-0.0009	58.5151	0.7480	467.6406	552.7399	38.3796	459.3604	94.6296	463.5213	95.0231	466.9327	95.1157	470.9444	95.0926	
12/08/2017	00:50:39	011992	G523030584HLR	L523	S		435.8989	1.0292	6.5648	100.0838	39.8357	0.8430	0.8272	5.0000	18.9690	508.0328	94.9306	20.2190	24.9000	0.9300	0.9280	0.6481	-0.0007	508.0000	507.2725	1.0275	8.3496	100.0530	39.7447	0.8230	0.8258	5.0000	-9999.0000	-9999.0000	-9999.0000	-9999.0000	-9999.0000	-9999.0000	20.1901	6	0	30.1192	1.0000	99	9	-9999.0000	20158	31231	-9999	1330	4260	-9999	322.1007	5	0.6353	0.6481	-0.0007	59.7000	0.6703	463.0349	562.4409	38.0787	457.0679	94.5139	459.1362	94.9074	462.7402	95.0000	466.3767	95.0463	
12/08/2017	00:51:07	011992	G523030597HLR	L523	S		439.5031	1.0292	6.1408	100.0272	39.8257	0.8430	0.8270	5.0000	18.5598	508.0312	95.0694	14.7993	24.9000	0.9300	0.9279	0.6481	-0.0007	508.0000	509.7729	1.0275	8.1022	100.1236	40.3000	0.8230	0.8269	5.0000	-9999.0000	-9999.0000	-9999.0000	-9999.0000	-9999.0000	-9999.0000	19.5014	7	0	28.1286	1.0000	99	9	-9999.0000	20159	31232	-9999	1331	4261	-9999	323.9407	5	0.6353	0.6481	-0.0007	59.7000	0.6703	476.9810	561.1995	39.3287	468.8566	94.3750	472.0112	94.8611	476.5537	94.9537	480.1157	95.0463	
12/08/2017	00:51:37	011992	G523030599HLR	L523	S		437.5657	1.0292	6.3687	100.0448	39.7713	0.8430	0.8271	5.0000	18.8293	508.0469	94.9074	16.2894	24.9000	0.9300	0.9279	0.6468	-0.0007	508.0000	507.3097	1.0275	8.3459	100.1496	40.0820	0.8230	0.8251	5.0000	-9999.0000	-9999.0000	-9999.0000	-9999.0000	-9999.0000	-9999.0000	19.2189	8	0	29.7696	1.0000	99	9	-9999.0000	20160	31233	-9999	1332	4262	-9999	323.2449	5	0.6345	0.6468	-0.0007	62.0716	0.5524	472.9358	568.6277	40.4398	465.2990	94.7454	468.8950	94.4676	472.3289	94.6528	476.6240	94.9769	
12/08/2017	00:52:06	011992	G523030603HLR	L523	S		435.5042	1.0292	6.6113	100.0666	39.8341	0.8430	0.8272	5.0000	18.8837	508.0448	94.9537	20.4387	24.8000	0.9300	0.9279	0.6475	-0.0007	508.0000	507.7365	1.0275	8.3037	100.1506	39.6689	0.8230	0.8244	5.0000	-9999.0000	-9999.0000	-9999.0000	-9999.0000	-9999.0000	-9999.0000	19.4192	1	0	29.4381	1.0000	99	9	-9999.0000	20161	31234	-9999	1333	4263	-9999	321.5803	5	0.6340	0.6475	-0.0007	63.5731	0.4661	465.5712	543.5029	38.3333	461.4529	94.6528	461.0847	94.6528	465.2494	94.9074	468.1992	95.0463	
12/08/2017	00:52:36	011992	G523030606HLR	L523	S		440.7210	1.0292	5.9975	99.9986	39.9068	0.8430	0.8271	5.0000	18.5285	508.0381	94.9537	19.3489	24.7000	0.9300	0.9279	0.6458	-0.0006	508.0000	511.8556	1.0275	7.8961	100.0922	39.9000	0.8230	0.8262	5.0000	-9999.0000	-9999.0000	-9999.0000	-9999.0000	-9999.0000	-9999.0000	19.5316	2	0	29.2489	1.0000	99	9	-9999.0000	20162	31235	-9999	1334	4264	-9999	322.1237	5	0.6343	0.6458	-0.0006	65.0034	0.3770	471.5351	558.3241	40.3704	464.9579	94.9769	467.9064	94.4213	471.0682	94.4676	474.4867	94.8148	
12/08/2017	00:53:07	011992	G523030614HLR	L523	S		439.3802	1.0292	6.1553	100.0923	39.8134	0.8430	0.8269	5.0000	18.6480	508.0517	94.9537	17.3587	24.7000	0.9300	0.9280	0.6492	-0.0008	508.0000	510.6276	1.0275	8.0176	100.0787	40.2479	0.8230	0.8264	5.0000	-9999.0000	-9999.0000	-9999.0000	-9999.0000	-9999.0000	-9999.0000	18.9213	3	0	28.3407	1.0000	99	9	-9999.0000	20163	31236	-9999	1335	4265	-9999	322.6723	5	0.6347	0.6492	-0.0008	62.6849	0.5081	473.7980	582.9015	41.0417	466.5438	94.4676	469.1367	94.9769	473.1993	95.0926	476.5973	94.9769	
12/08/2017	00:53:31	011992	G523030605HLR	L523	S		439.4539	1.0292	6.1466	99.9696	39.8377	0.8430	0.8271	5.0000	18.2908	508.0449	95.0000	18.9895	24.6000	0.9300	0.9279	0.6468	-0.0007	508.0000	510.4159	1.0275	8.0385	100.0689	39.9465	0.8230	0.8246	5.0000	-9999.0000	-9999.0000	-9999.0000	-9999.0000	-9999.0000	-9999.0000	19.6784	4	0	26.9980	1.0000	99	9	-9999.0000	20164	31237	-9999	1336	4266	-9999	322.0476	5	0.6343	0.6468	-0.0007	64.3883	0.4063	469.3346	554.6238	40.6713	465.5298	94.9306	464.3219	94.3519	468.7448	94.4907	472.5645	94.8380	
12/08/2017	00:53:58	011992	G523030611HLR	L523	S		438.5505	1.0292	6.2529	99.9872	39.9080	0.8430	0.8270	5.0000	18.6087	508.0850	95.0000	18.6790	24.6000	0.9300	0.9279	0.6479	-0.0008	508.0000	510.7950	1.0275	8.0010	100.0747	39.6389	0.8230	0.8245	5.0000	-9999.0000	-9999.0000	-9999.0000	-9999.0000	-9999.0000	-9999.0000	19.5787	5	0	26.7385	1.0000	99	9	-9999.0000	20165	31238	-9999	1337	4267	-9999	322.2188	5	0.6340	0.6479	-0.0008	65.3987	0.3382	472.0034	561.7787	41.2963	466.1964	94.2130	467.3257	94.8843	471.7180	94.9769	474.1825	95.0231	
12/08/2017	00:54:23	011992	G523030613HLR	L523	S		438.4340	1.0292	6.2666	100.0813	39.8313	0.8430	0.8269	5.0000	18.6790	508.0607	94.9537	18.3489	24.6000	0.9300	0.9280	0.6449	-0.0006	508.0000	509.4901	1.0275	8.1301	100.1614	39.9000	0.8230	0.8263	5.0000	-9999.0000	-9999.0000	-9999.0000	-9999.0000	-9999.0000	-9999.0000	19.2395	6	0	25.1590	1.0000	99	9	-9999.0000	20166	31239	-9999	1338	4268	-9999	322.1521	5	0.6335	0.6449	-0.0006	64.7167	0.3719	472.7441	561.5982	39.7454	461.6048	94.6296	467.6050	95.0694	472.1379	95.2315	475.1626	95.0694	
12/08/2017	00:54:49	011992	G523030609HLR	L523	S		437.4044	1.0292	6.3877	100.1100	39.8277	0.8430	0.8270	5.0000	18.8800	508.0290	94.9769	17.5687	24.5000	0.9300	0.9280	0.6446	-0.0006	508.0000	507.4805	1.0275	8.3290	99.9740	40.2587	0.8230	0.8263	5.0000	-9999.0000	-9999.0000	-9999.0000	-9999.0000	-9999.0000	-9999.0000	19.0587	7	0	26.1992	1.0000	99	9	-9999.0000	20167	31240	-9999	1339	4268	-9999	322.1374	5	0.6331	0.6446	-0.0006	64.1544	0.3936	472.8246	551.0194	37.8472	460.9982	94.6065	467.3434	94.2361	472.4354	94.5139	475.1231	94.9074	
12/08/2017	00:55:17	011992	G523030604HLR	L523	S		439.1636	1.0292	6.1808	100.0673	39.9246	0.8430	0.8271	5.0000	18.8187	508.0634	94.9537	16.0600	24.5000	0.9300	0.9280	0.6446	-0.0006	508.0000	507.0400	1.0275	8.3726	99.9964	40.0385	0.8230	0.8249	5.0000	-9999.0000	-9999.0000	-9999.0000	-9999.0000	-9999.0000	-9999.0000	18.9798	8	0	27.6388	1.0000	99	9	-9999.0000	20168	31241	-9999	1340	4269	-9999	322.4814	5	0.6331	0.6446	-0.0006	64.1544	0.3936	474.6213	539.0767	39.2593	461.9341	94.8843	470.3781	94.5139	474.3296	94.5602	477.6537	94.9074	
12/08/2017	00:55:47	011992	G523030617HLR	L523	S		437.1401	1.0292	6.4188	100.0774	39.8387	0.8430	0.8268	5.0000	18.7991	508.0698	94.9306	15.9887	24.5000	0.9300	0.9281	0.6480	-0.0009	508.0000	507.9398	1.0275	8.2836	99.9421	39.7234	0.8230	0.8245	5.0000	-9999.0000	-9999.0000	-9999.0000	-9999.0000	-9999.0000	-9999.0000	18.9289	1	0	29.8894	1.0000	99	9	-9999.0000	20169	31242	-9999	1341	4270	-9999	322.3569	5	0.6328	0.6480	-0.0009	64.3593	0.3847	473.1290	561.6621	40.3472	461.6405	94.4907	467.0461	94.8380	472.9484	95.0000	475.6104	95.0231	
12/08/2017	00:56:16	011992	G523030067HLR	L523	S		439.3603	1.0292	6.1576	100.0568	39.8198	0.8430	0.8271	5.0000	18.6691	508.0575	95.0000	14.3393	24.5000	0.9300	0.9281	0.6481	-0.0009	508.0000	509.7351	1.0275	8.1059	100.0207	39.8353	0.8230	0.8259	5.0000	-9999.0000	-9999.0000	-9999.0000	-9999.0000	-9999.0000	-9999.0000	18.9307	2	0	29.1191	1.0000	99	9	-9999.0000	20170	31243	-9999	1342	4271	-9999	323.0479	5	0.6327	0.6481	-0.0009	63.7109	0.4124	477.4804	567.6280	40.1157	466.9111	94.7222	472.3557	94.6991	476.9714	94.7917	480.4930	95.0000	
12/08/2017	00:56:44	011992	G523030620HLR	L523	S		439.6099	1.0292	6.1282	100.0484	39.9271	0.8430	0.8271	5.0000	18.6595	508.0325	95.0000	15.4594	24.4000	0.9300	0.9281	0.6453	-0.0007	508.0000	507.4883	1.0275	8.3282	99.9620	40.2000	0.8230	0.8263	5.0000	-9999.0000	-9999.0000	-9999.0000	-9999.0000	-9999.0000	-9999.0000	18.9986	3	0	27.8582	1.0000	99	9	-9999.0000	20171	31244	-9999	1342	4272	-9999	322.6089	5	0.6332	0.6453	-0.0007	64.7324	0.3453	475.8060	564.5366	39.5370	467.6950	94.6296	470.4706	94.7222	475.4354	94.7454	478.2081	94.9306	
12/08/2017	00:57:09	011992	G523030071HLR	L523	S		439.2883	1.0292	6.1661	100.0377	39.9100	0.8430	0.8269	5.0000	18.7490	508.0441	94.9537	16.8197	24.4000	0.9300	0.9281	0.6594	-0.0015	508.0000	508.5210	1.0275	8.2261	99.9907	40.0162	0.8230	0.8249	5.0000	-9999.0000	-9999.0000	-9999.0000	-9999.0000	-9999.0000	-9999.0000	19.0583	4	0	25.8273	1.0000	99	9	-9999.0000	20172	31245	-9999	1343	4273	-9999	322.2578	5	0.6332	0.6594	-0.0015	62.6701	0.4591	470.6250	557.8372	38.9120	462.3748	94.6991	464.5811	94.6759	469.9788	94.8380	472.8433	95.0463	
12/08/2017	00:57:39	011992	G523030095HLR	L523	S		439.5182	1.0292	6.1390	100.0237	39.8331	0.8430	0.8268	5.0000	18.4388	508.0571	94.9769	19.0794	24.3000	0.9300	0.9281	0.6449	-0.0007	508.0000	509.7951	1.0275	8.1000	100.2169	39.6653	0.8230	0.8244	5.0000	-9999.0000	-9999.0000	-9999.0000	-9999.0000	-9999.0000	-9999.0000	19.6367	5	0	29.5598	1.0000	99	9	-9999.0000	20172	31246	-9999	1344	4274	-9999	320.7011	5	0.6329	0.6449	-0.0007	66.6121	0.2525	466.7467	544.0712	39.0972	456.8886	94.6528	459.4167	95.1852	466.4167	95.4398	469.0782	95.1852	
12/08/2017	00:58:06	011992	G523030096HLR	L523	S		435.8037	1.0292	6.5760	100.0178	39.8663	0.8430	0.8270	5.0000	18.5286	508.0404	95.0000	18.2288	24.3000	0.9300	0.9281	0.6562	-0.0013	508.0000	508.1880	1.0275	8.2590	100.2307	39.8669	0.8230	0.8259	5.0000	-9999.0000	-9999.0000	-9999.0000	-9999.0000	-9999.0000	-9999.0000	19.6087	6	0	27.0987	1.0000	99	9	-9999.0000	20173	31247	-9999	1345	4275	-9999	321.3420	5	0.6331	0.6562	-0.0013	61.6602	0.5059	468.7257	576.4631	38.1713	459.0744	94.2361	463.7487	94.9769	468.1049	94.8843	471.4972	94.9306	
12/08/2017	00:58:37	011992	G523030087HLR	L523	S		437.2140	1.0292	6.4101	100.0954	39.9363	0.8430	0.8270	5.0000	18.7991	508.0774	94.9537	17.0892	24.3000	0.9300	0.9282	0.6573	-0.0014	508.0000	510.4852	1.0275	8.0317	100.1831	40.2986	0.8230	0.8264	5.0000	-9999.0000	-9999.0000	-9999.0000	-9999.0000	-9999.0000	-9999.0000	19.3690	7	0	30.6376	1.0000	99	9	-9999.0000	20174	31248	-9999	1346	4276	-9999	321.8690	5	0.6335	0.6573	-0.0014	60.5990	0.5633	467.9653	546.5434	38.0556	452.7795	94.9306	460.4863	94.5370	467.7214	94.4676	470.9223	94.8148	
12/08/2017	00:59:06	011992	G523030081HLR	L523	S		439.3222	1.0292	6.1621	100.0872	39.8301	0.8430	0.8268	5.0000	18.8287	508.0457	95.0463	14.8393	24.3000	0.9300	0.9283	0.6573	-0.0014	508.0000	510.0485	1.0275	8.0749	100.1276	40.0630	0.8230	0.8248	5.0000	-9999.0000	-9999.0000	-9999.0000	-9999.0000	-9999.0000	-9999.0000	19.5409	8	0	29.5499	1.0000	99	9	-9999.0000	20175	31249	-9999	1346	4277	-9999	323.5212	5	0.6335	0.6573	-0.0014	60.5990	0.5633	470.1496	559.0945	38.3102	461.0009	94.6296	464.6382	94.6296	469.3983	94.6065	474.0499	94.9769	
12/08/2017	00:59:36	011992	G523030076HLR	L523	S		439.0898	1.0292	6.1894	99.9950	39.8545	0.8430	0.8270	5.0000	18.5577	508.0782	94.9769	18.8294	24.3000	0.9300	0.9283	0.6586	-0.0015	508.0000	511.1779	1.0275	7.9631	100.1376	39.7485	0.8230	0.8245	5.0000	-9999.0000	-9999.0000	-9999.0000	-9999.0000	-9999.0000	-9999.0000	19.3786	1	0	29.4078	1.0000	99	9	-9999.0000	20176	31250	-9999	1347	4278	-9999	320.6374	5	0.6334	0.6586	-0.0015	60.6035	0.5630	467.6340	553.8843	41.5046	455.7942	94.5370	461.8028	95.3704	467.0100	95.4861	471.3076	95.1157	
12/08/2017	01:00:02	011992	G523030104HLR	L523	S		436.0593	1.0292	6.5460	99.9662	39.9401	0.8430	0.8270	5.0000	18.5197	508.0383	94.9537	16.3392	24.3000	0.9300	0.9283	0.6586	-0.0015	508.0000	509.2406	1.0275	8.1548	99.9985	39.9828	0.8230	0.8260	5.0000	-9999.0000	-9999.0000	-9999.0000	-9999.0000	-9999.0000	-9999.0000	18.9563	2	0	26.3194	1.0000	99	9	-9999.0000	20176	31251	-9999	1348	4279	-9999	322.4760	5	0.6334	0.6586	-0.0015	60.6035	0.5630	463.8089	561.8927	41.2963	458.1250	95.0463	459.2307	94.4444	463.1961	94.4444	466.5840	94.8148	
12/08/2017	01:00:29	011992	G523030103HLR	L523	S		440.4013	1.0292	6.0351	100.0525	39.8727	0.8430	0.8267	5.0000	19.1390	508.0711	94.9769	19.8694	24.3000	0.9300	0.9283	0.6494	-0.0010	508.0000	510.1161	1.0275	8.0682	100.0450	40.1810	0.8230	0.8259	5.0000	-9999.0000	-9999.0000	-9999.0000	-9999.0000	-9999.0000	-9999.0000	19.0986	3	0	26.8691	1.0000	99	9	-9999.0000	20177	31252	-9999	1349	4280	-9999	320.2231	5	0.6335	0.6494	-0.0010	64.8988	0.3237	467.9283	570.1664	39.2130	463.1533	95.0463	463.6258	94.5833	467.4130	94.6991	470.7055	94.8843	
12/08/2017	01:00:55	011992	G523030101HLR	L523	S		435.5388	1.0292	6.6072	99.9691	39.8036	0.8430	0.8266	5.0000	20.3390	508.0466	94.9769	18.7893	24.4000	0.9300	0.9284	0.6561	-0.0014	508.0000	507.7692	1.0275	8.3004	99.9181	39.9439	0.8230	0.8248	5.0000	-9999.0000	-9999.0000	-9999.0000	-9999.0000	-9999.0000	-9999.0000	19.1685	4	0	26.5790	1.0000	99	9	-9999.0000	20178	31253	-9999	1350	4281	-9999	320.8238	5	0.6328	0.6561	-0.0014	62.9268	0.4533	465.4352	567.4355	42.0602	460.2092	95.3472	460.7049	94.6991	465.0918	94.7917	467.6707	94.9074	
12/08/2017	01:01:23	011992	G523030107HLR	L523	S		436.3747	1.0292	6.5089	100.0968	39.9409	0.8430	0.8271	5.0000	18.7786	508.0166	94.9769	18.7600	24.4000	0.9300	0.9284	0.6548	-0.0013	508.0000	507.9134	1.0275	8.2862	100.0473	39.8000	0.8230	0.8250	5.0000	-9999.0000	-9999.0000	-9999.0000	-9999.0000	-9999.0000	-9999.0000	18.9794	5	0	27.7588	1.0000	99	9	-9999.0000	20179	31254	-9999	1351	4282	-9999	320.0067	5	0.6325	0.6548	-0.0013	65.1955	0.3498	462.3280	560.3038	41.1574	453.4841	95.1389	456.8703	94.6759	461.6815	94.7685	465.2059	94.9074	
12/08/2017	01:01:55	011992	G523030100HLR	L523	S		439.3220	1.0292	6.1621	100.0885	39.9347	0.8430	0.8268	5.0000	18.6888	508.0178	94.9537	15.5502	24.5000	0.9300	0.9284	0.6548	-0.0013	508.0000	508.0624	1.0275	8.2714	100.1412	40.0000	0.8230	0.8260	5.0000	-9999.0000	-9999.0000	-9999.0000	-9999.0000	-9999.0000	-9999.0000	19.0887	6	0	31.6382	1.0000	99	9	-9999.0000	20180	31255	-9999	1352	4283	-9999	322.1336	5	0.6325	0.6548	-0.0013	65.1955	0.3498	471.5777	567.5782	41.0648	460.6776	94.7454	466.5056	95.0694	471.2641	95.2315	474.9629	95.1157	
12/08/2017	01:02:26	011992	G523030110HLR	L523	S		438.0921	1.0292	6.3068	100.0973	39.8319	0.8430	0.8268	5.0000	18.7385	508.0497	94.9769	16.1898	24.5000	0.9300	0.9284	0.6547	-0.0013	508.0000	508.9553	1.0275	8.1831	100.0832	40.1678	0.8230	0.8258	5.0000	-9999.0000	-9999.0000	-9999.0000	-9999.0000	-9999.0000	-9999.0000	19.0630	7	0	30.6765	1.0000	99	9	-9999.0000	20181	31256	-9999	1353	4284	-9999	321.6350	5	0.6318	0.6547	-0.0013	68.4093	0.1461	469.9865	547.9349	40.2546	462.4945	94.9306	465.6930	94.7685	469.5606	94.8843	473.0253	94.8611	
12/08/2017	01:02:56	011992	G523030109HLR	L523	S		436.9463	1.0292	6.4416	100.1126	39.9315	0.8430	0.8270	5.0000	18.7298	508.0759	94.9537	15.7289	24.6000	0.9300	0.9285	0.6568	-0.0014	508.0000	507.8804	1.0275	8.2894	100.1861	39.9557	0.8230	0.8250	5.0000	-9999.0000	-9999.0000	-9999.0000	-9999.0000	-9999.0000	-9999.0000	19.1314	8	0	30.0430	1.0000	99	9	-9999.0000	20182	31257	-9999	1354	4285	-9999	322.2826	5	0.6316	0.6568	-0.0014	67.8450	0.1863	467.9207	552.6223	40.3704	458.2583	94.9306	461.3548	95.1852	467.4031	95.2546	472.1577	95.0926	
12/08/2017	01:03:21	011992	G523030106HLR	L523	S		437.4360	1.0292	6.3840	99.9484	39.9541	0.8430	0.8267	5.0000	20.0489	508.0309	94.9537	17.0199	24.6000	0.9300	0.9285	0.6533	-0.0013	508.0000	507.1514	1.0275	8.3616	100.1602	39.8000	0.8230	0.8249	5.0000	-9999.0000	-9999.0000	-9999.0000	-9999.0000	-9999.0000	-9999.0000	20.2374	1	0	25.5688	1.0000	99	9	-9999.0000	20183	31258	-9999	1355	4286	-9999	321.1765	5	0.6311	0.6533	-0.0013	70.7508	0.0399	468.2034	560.2238	38.9583	461.7148	95.1157	463.3945	94.5833	467.7344	94.4907	470.4898	94.9306	
12/08/2017	01:03:52	011992	G523030108HLR	L523	S		436.9915	1.0292	6.4363	100.0791	39.8964	0.8430	0.8267	5.0000	18.6608	508.0399	94.9769	18.3694	24.7000	0.9300	0.9285	0.6518	-0.0012	508.0000	508.5041	1.0275	8.2277	100.1033	40.1000	0.8230	0.8262	5.0000	-9999.0000	-9999.0000	-9999.0000	-9999.0000	-9999.0000	-9999.0000	18.9181	2	0	30.3385	1.0000	99	9	-9999.0000	20184	31259	-9999	1356	4287	-9999	320.2316	5	0.6314	0.6518	-0.0012	68.1149	0.2100	467.7119	560.5572	41.9907	461.9330	95.4630	462.9415	94.6991	467.5434	94.9537	471.9859	95.0463	
12/08/2017	01:04:19	011992	G523030113HLR	L523	S		436.0550	1.0292	6.5465	100.1031	39.9345	0.8430	0.8269	5.0000	18.6783	508.0422	94.9537	18.7601	24.7000	0.9300	0.9285	0.6546	-0.0013	508.0000	508.2750	1.0275	8.2504	100.2807	40.1480	0.8230	0.8257	5.0000	-9999.0000	-9999.0000	-9999.0000	-9999.0000	-9999.0000	-9999.0000	19.0692	3	0	27.0586	1.0000	99	9	-9999.0000	20185	31260	-9999	1357	4288	-9999	320.0110	5	0.6316	0.6546	-0.0013	66.1453	0.3145	467.2187	544.9624	41.4583	460.1014	95.5324	461.1965	94.7222	466.6126	94.7222	468.8723	94.8611	
12/08/2017	01:04:45	011992	G523030389HLR	L523	S		437.0718	1.0292	6.4268	99.9938	40.0349	0.8430	0.8269	5.0000	18.6402	508.0698	94.9769	18.2991	24.7000	0.9300	0.9284	0.6545	-0.0013	508.0000	507.0702	1.0275	8.3696	100.0375	39.9433	0.8230	0.8248	5.0000	-9999.0000	-9999.0000	-9999.0000	-9999.0000	-9999.0000	-9999.0000	19.1886	4	0	26.3212	1.0000	99	9	-9999.0000	20186	31261	-9999	1358	4289	-9999	320.1841	5	0.6319	0.6545	-0.0013	65.1687	0.3546	465.0945	520.5904	41.6435	457.8362	95.3935	460.3334	94.5602	464.4034	94.6528	467.9393	94.9306	
12/08/2017	01:05:18	011992	G523030399HLR	L523	S		439.5488	1.0292	6.1354	99.9992	39.8916	0.8430	0.8267	5.0000	19.1482	508.0531	95.0463	14.4497	24.7000	0.9300	0.9284	0.6545	-0.0013	508.0000	507.6665	1.0275	8.3106	100.1568	39.8000	0.8230	0.8249	5.0000	-9999.0000	-9999.0000	-9999.0000	-9999.0000	-9999.0000	-9999.0000	19.3094	5	0	32.7870	1.0000	99	9	-9999.0000	20187	31262	-9999	1358	4290	-9999	322.9227	5	0.6319	0.6545	-0.0013	65.1687	0.3546	475.0032	547.7863	41.0417	462.0901	95.2083	469.4458	94.7222	474.3763	94.6759	478.3998	94.8843	
12/08/2017	01:05:56	011992	G523030390HLR	L523	S		440.0486	1.0292	6.0766	99.9959	39.9307	0.8430	0.8270	5.0000	18.6455	508.0707	94.9074	17.3197	24.7000	0.9300	0.9284	0.6561	-0.0014	508.0000	508.7091	1.0275	8.2074	100.1240	40.0000	0.8230	0.8260	5.0000	-9999.0000	-9999.0000	-9999.0000	-9999.0000	-9999.0000	-9999.0000	19.0051	6	0	33.7486	1.0000	99	9	-9999.0000	20188	31263	-9999	1358	4291	-9999	321.0058	5	0.6316	0.6561	-0.0014	62.0611	0.5179	469.6078	544.3311	41.2269	460.4697	95.4861	464.6235	95.0000	469.2365	95.0926	472.1817	95.0463	
12/08/2017	01:06:17	011992	G523030380HLR	L523	S		437.4902	1.0292	6.3776	99.9936	39.9990	0.8430	0.8269	5.0000	18.4780	508.0644	94.9537	15.7387	24.6000	0.9300	0.9284	0.6561	-0.0014	508.0000	506.9447	1.0275	8.3820	99.9643	40.1637	0.8230	0.8255	5.0000	-9999.0000	-9999.0000	-9999.0000	-9999.0000	-9999.0000	-9999.0000	19.1633	7	0	25.7285	1.0000	99	9	-9999.0000	20188	31264	-9999	1359	4292	-9999	322.1782	5	0.6316	0.6561	-0.0014	62.0611	0.5179	468.1946	532.4342	40.1852	457.8047	95.5556	462.4076	94.9306	467.6602	95.0694	470.8699	95.0926	
12/08/2017	01:06:48	011992	G523030116HLR	L523	S		438.9518	1.0292	6.2057	100.0145	39.9850	0.8430	0.8268	5.0000	18.6477	508.0468	94.9769	15.4096	24.6000	0.9300	0.9284	0.6546	-0.0013	508.0000	507.3701	1.0275	8.3399	99.9849	39.8677	0.8230	0.8248	5.0000	-9999.0000	-9999.0000	-9999.0000	-9999.0000	-9999.0000	-9999.0000	18.9085	8	0	31.1191	1.0000	99	9	-9999.0000	20189	31265	-9999	1360	4293	-9999	322.3844	5	0.6315	0.6546	-0.0013	64.2190	0.3739	472.1641	531.6037	40.6481	460.4995	95.6944	465.6052	94.9537	472.0417	94.9306	474.4322	95.0000	
12/08/2017	01:07:19	011992	G523032028HLR	L523	S		432.4226	1.0292	6.9738	99.9972	39.9012	0.8430	0.8268	5.0000	18.4993	508.0636	94.9537	21.7892	24.6000	0.9300	0.9284	0.6559	-0.0014	508.0000	505.5786	1.0275	8.5172	100.0660	39.8000	0.8230	0.8252	5.0000	-9999.0000	-9999.0000	-9999.0000	-9999.0000	-9999.0000	-9999.0000	18.7701	1	0	30.8290	1.0000	99	9	-9999.0000	20190	31266	-9999	1361	4294	-9999	318.2807	5	0.6322	0.6559	-0.0014	59.1424	0.6508	456.1124	547.8625	40.4167	449.0830	95.8796	452.4230	95.1620	455.8949	95.3241	460.1886	95.1852	
12/08/2017	01:07:50	011992	G523032018HLR	L523	S		431.3379	1.0292	7.1014	100.0662	39.9379	0.8430	0.8269	5.0000	19.3550	508.0509	94.9537	22.3498	24.5000	0.9300	0.9283	0.6577	-0.0015	508.0000	504.6021	1.0275	8.6139	100.0553	40.1000	0.8230	0.8259	5.0000	-9999.0000	-9999.0000	-9999.0000	-9999.0000	-9999.0000	-9999.0000	19.9414	2	0	30.5790	1.0000	99	9	-9999.0000	20191	31267	-9999	1362	4295	-9999	317.4701	5	0.6327	0.6577	-0.0015	59.6589	0.6190	454.1837	558.7032	41.4583	448.4741	95.3472	448.4845	94.7454	453.9263	94.8380	457.2467	95.0231	
12/08/2017	01:08:18	011992	G523032019HLR	L523	S		441.1320	1.0292	5.9492	99.9323	39.9489	0.8430	0.8266	5.0000	20.0938	508.0568	95.0231	14.6098	24.5000	0.9300	0.9283	0.6577	-0.0015	508.0000	507.6442	1.0275	8.3128	100.0579	40.0880	0.8230	0.8251	5.0000	-9999.0000	-9999.0000	-9999.0000	-9999.0000	-9999.0000	-9999.0000	18.9716	3	0	28.1497	1.0000	99	9	-9999.0000	20192	31268	-9999	1363	4296	-9999	323.1153	5	0.6327	0.6577	-0.0015	59.6589	0.6190	471.6621	502.9668	40.3241	462.1847	95.2778	466.1488	94.7917	470.9250	94.8611	476.3943	94.9074	
12/08/2017	01:08:53	011992	G523032026HLR	L523	S		432.7444	1.0292	6.9360	100.0181	39.9132	0.8430	0.8268	5.0000	18.7654	508.0227	95.0000	20.2688	24.5000	0.9300	0.9284	0.6601	-0.0016	508.0000	505.4195	1.0275	8.5330	100.2153	39.7772	0.8230	0.8246	5.0000	-9999.0000	-9999.0000	-9999.0000	-9999.0000	-9999.0000	-9999.0000	19.2055	4	0	34.9379	1.0000	99	9	-9999.0000	20193	31269	-9999	1364	4297	-9999	318.7084	5	0.6326	0.6601	-0.0016	58.5271	0.6747	457.9912	539.5124	41.0185	445.0444	94.9306	450.5786	94.9306	457.0854	95.0926	460.5790	95.0231	
12/08/2017	01:09:25	011992	G523032015HLR	L523	S		431.1473	1.0292	7.1238	100.0349	39.9357	0.8430	0.8269	5.0000	18.5662	508.0291	94.9306	20.0588	24.4000	0.9300	0.9284	0.6494	-0.0010	508.0000	504.5411	1.0275	8.6199	99.9599	39.9000	0.8230	0.8257	5.0000	-9999.0000	-9999.0000	-9999.0000	-9999.0000	-9999.0000	-9999.0000	18.9894	5	0	32.1589	1.0000	99	9	-9999.0000	20194	31270	-9999	1365	4297	-9999	318.8976	5	0.6321	0.6494	-0.0010	58.0662	0.6909	454.4360	531.5537	38.4028	444.4847	95.5556	448.4350	94.6991	454.0619	94.7917	457.6804	95.0000	
12/08/2017	01:09:58	011992	G523032005HLR	L523	S		431.7726	1.0292	7.0503	100.0058	40.0028	0.8430	0.8269	5.0000	18.5192	508.0506	94.9769	19.6594	24.4000	0.9300	0.9284	0.6505	-0.0010	508.0000	505.6573	1.0275	8.5094	100.1715	40.1952	0.8230	0.8260	5.0000	-9999.0000	-9999.0000	-9999.0000	-9999.0000	-9999.0000	-9999.0000	18.7791	6	0	33.4879	1.0000	99	9	-9999.0000	20195	31271	-9999	1366	4298	-9999	320.3356	5	0.6325	0.6505	-0.0010	56.6201	0.7637	463.4146	554.6713	39.1435	452.9351	94.8611	458.5435	94.9074	463.0445	94.9537	466.3196	95.0000	
12/08/2017	01:10:32	011992	G523032010HLR	L523	S		433.1065	1.0292	6.8934	100.0624	39.8868	0.8430	0.8267	5.0000	18.6799	508.0316	94.9769	17.3197	24.4000	0.9300	0.9284	0.6500	-0.0010	508.0000	506.7274	1.0275	8.4035	99.9281	39.8848	0.8230	0.8247	5.0000	-9999.0000	-9999.0000	-9999.0000	-9999.0000	-9999.0000	-9999.0000	19.0412	7	0	33.7653	1.0000	99	9	-9999.0000	20196	31272	-9999	1367	4299	-9999	321.5251	5	0.6326	0.6500	-0.0010	56.4125	0.7733	468.0986	543.8974	39.4676	456.7943	94.9537	463.0466	94.6296	468.0374	94.6065	472.2261	94.8148	
12/08/2017	01:11:03	011992	G523032013HLR	L523	S		428.7396	1.0292	7.4071	100.0133	39.9315	0.8430	0.8269	5.0000	18.4292	508.1402	95.0000	24.0489	24.3000	0.9300	0.9284	0.6497	-0.0009	508.0000	506.9822	1.0275	8.3783	100.1008	39.8000	0.8230	0.8253	5.0000	-9999.0000	-9999.0000	-9999.0000	-9999.0000	-9999.0000	-9999.0000	19.1708	8	0	31.0333	1.0000	99	9	-9999.0000	20197	31272	-9999	1368	4299	-9999	318.6414	5	0.6328	0.6497	-0.0009	56.0033	0.7957	456.6332	539.9497	39.7685	447.6727	94.9537	451.3931	94.9074	456.0207	95.1157	458.7488	95.0231	
12/08/2017	01:11:34	011992	G523032007HLR	L523	S		431.0362	1.0292	7.1369	100.0411	39.9337	0.8430	0.8268	5.0000	19.1594	508.0371	94.9537	21.4485	24.3000	0.9300	0.9284	0.6495	-0.0009	508.0000	506.6847	1.0275	8.4078	100.0091	40.1000	0.8230	0.8257	5.0000	-9999.0000	-9999.0000	-9999.0000	-9999.0000	-9999.0000	-9999.0000	20.1898	1	0	31.1688	1.0000	99	9	-9999.0000	20198	31273	-9999	1369	4300	-9999	320.0216	5	0.6330	0.6495	-0.0009	55.4503	0.8413	459.3044	545.5057	39.0046	449.1000	95.2083	453.6123	94.7685	458.6791	94.8380	462.4180	94.8843	
12/08/2017	01:12:06	011992	G523032011HLR	L523	S		431.8716	1.0292	7.0386	99.9788	39.8920	0.8430	0.8268	5.0000	18.9192	508.0438	94.9537	22.6193	24.4000	0.9300	0.9284	0.6502	-0.0009	508.0000	506.9541	1.0275	8.3811	100.0959	39.9838	0.8230	0.8250	5.0000	-9999.0000	-9999.0000	-9999.0000	-9999.0000	-9999.0000	-9999.0000	19.1814	2	0	32.0692	1.0000	99	9	-9999.0000	20199	31274	-9999	1370	4301	-9999	319.6288	5	0.6329	0.6502	-0.0009	55.6932	0.8397	459.5260	546.2627	39.7685	449.4337	95.2778	454.7025	95.7639	459.3500	95.9259	463.2512	95.2083	
12/08/2017	01:12:38	011992	G523031670HLR	L523	S		432.4190	1.0292	6.9742	99.9818	39.9070	0.8430	0.8269	5.0000	18.5486	508.0305	94.9537	22.9298	24.4000	0.9300	0.9285	0.6495	-0.0009	508.0000	506.9249	1.0275	8.3840	100.0017	39.7882	0.8230	0.8248	5.0000	-9999.0000	-9999.0000	-9999.0000	-9999.0000	-9999.0000	-9999.0000	19.1998	3	0	31.7283	1.0000	99	9	-9999.0000	20200	31274	-9999	1371	4302	-9999	319.4837	5	0.6326	0.6495	-0.0009	54.4167	0.9318	458.8644	575.3524	42.1759	453.9241	95.3241	454.3341	94.6296	458.5302	94.6759	460.4524	94.8843	
12/08/2017	01:13:09	011992	G523031661HLR	L523	S		433.2893	1.0292	6.8718	100.0238	39.9419	0.8430	0.8269	5.0000	18.5589	508.0416	94.9769	20.2288	24.5000	0.9300	0.9285	0.6492	-0.0009	508.0000	507.5182	1.0275	8.3253	100.0236	40.0000	0.8230	0.8261	5.0000	-9999.0000	-9999.0000	-9999.0000	-9999.0000	-9999.0000	-9999.0000	19.0137	4	0	30.8100	1.0000	99	9	-9999.0000	20201	31275	-9999	1372	4303	-9999	320.8694	5	0.6322	0.6492	-0.0009	53.3777	0.9891	462.7164	566.2155	41.3426	454.7333	95.3704	458.2585	94.6065	462.5662	94.5833	466.0389	94.8380	
12/08/2017	01:13:42	011992	G523031678HLR	L523	S		431.2091	1.0292	7.1166	99.9858	39.8593	0.8430	0.8268	5.0000	18.5491	508.0618	94.9769	20.4094	24.5000	0.9300	0.9285	0.6494	-0.0009	508.0000	506.1536	1.0275	8.4603	100.0123	40.0888	0.8230	0.8252	5.0000	-9999.0000	-9999.0000	-9999.0000	-9999.0000	-9999.0000	-9999.0000	19.5520	5	0	33.2980	1.0000	99	9	-9999.0000	20202	31276	-9999	1373	4304	-9999	320.8938	5	0.6317	0.6494	-0.0009	54.6201	0.9268	462.8223	552.0989	40.6944	453.7770	95.3935	458.5452	94.7917	462.5972	94.7685	466.8031	94.9306	
12/08/2017	01:14:17	011992	G523031658HLR	L523	S		433.6488	1.0292	6.8295	99.9981	39.9309	0.8430	0.8270	5.0000	18.3597	508.0517	94.9769	21.2492	24.6000	0.9300	0.9285	0.6487	-0.0008	508.0000	506.5915	1.0275	8.4170	99.9840	39.8000	0.8230	0.8247	5.0000	-9999.0000	-9999.0000	-9999.0000	-9999.0000	-9999.0000	-9999.0000	19.1114	6	0	34.4188	1.0000	99	9	-9999.0000	20203	31277	-9999	1374	4305	-9999	320.5824	5	0.6317	0.6487	-0.0008	55.1795	0.9008	462.1925	569.7601	40.5324	453.9191	95.4630	456.9455	94.8148	461.6707	94.9537	464.8538	95.0231	
12/08/2017	01:14:50	011992	G523031668HLR	L523	S		432.9206	1.0292	6.9152	100.0600	39.9459	0.8430	0.8268	5.0000	18.5598	508.0356	94.9306	21.0090	24.6000	0.9300	0.9285	0.6483	-0.0008	508.0000	506.8836	1.0275	8.3881	100.0318	39.9920	0.8230	0.8259	5.0000	-9999.0000	-9999.0000	-9999.0000	-9999.0000	-9999.0000	-9999.0000	19.2187	7	0	33.3288	1.0000	99	9	-9999.0000	20204	31278	-9999	1374	4306	-9999	320.7778	5	0.6320	0.6483	-0.0008	54.3314	0.9562	462.4701	573.5251	41.1111	456.1505	95.4861	457.7651	94.8380	462.3039	94.9537	465.0856	94.9769	
12/08/2017	01:15:25	011992	G523031690HLR	L523	S		429.8022	1.0292	7.2821	100.1120	39.8325	0.8430	0.8268	5.0000	18.9290	508.0874	94.9306	20.0491	24.7000	0.9300	0.9285	0.6495	-0.0008	508.0000	507.1511	1.0275	8.3616	100.0460	40.1128	0.8230	0.8256	5.0000	-9999.0000	-9999.0000	-9999.0000	-9999.0000	-9999.0000	-9999.0000	18.9515	8	0	34.9782	1.0000	99	9	-9999.0000	20205	31279	-9999	1375	4307	-9999	321.3339	5	0.6318	0.6495	-0.0008	63.9826	0.5070	465.4828	562.5227	41.4352	456.9583	95.3009	458.6089	95.6019	465.3495	95.7407	467.6821	95.1389	
12/08/2017	01:15:56	011992	G523031698HLR	L523	S		430.9074	1.0292	7.1521	99.9987	39.9429	0.8430	0.8270	5.0000	18.4989	508.0533	94.9537	22.5392	24.8000	0.9300	0.9285	0.6504	-0.0009	508.0000	506.1746	1.0275	8.4582	99.9802	39.8353	0.8230	0.8247	5.0000	-9999.0000	-9999.0000	-9999.0000	-9999.0000	-9999.0000	-9999.0000	19.1385	1	0	30.6395	1.0000	99	9	-9999.0000	20206	31279	-9999	1376	4307	-9999	320.3135	5	0.6320	0.6504	-0.0009	65.2096	0.4467	459.6554	568.7900	41.4583	456.1464	95.3241	455.7271	94.7685	459.3442	94.9537	463.5566	94.9769	
12/08/2017	01:16:28	011992	G523031680HLR	L523	S		431.6180	1.0292	7.0685	99.9802	39.9575	0.8430	0.8268	5.0000	18.4690	508.0410	94.9537	23.6593	24.9000	0.9300	0.9285	0.6514	-0.0009	508.0000	507.1044	1.0275	8.3662	100.0818	39.9000	0.8230	0.8259	5.0000	-9999.0000	-9999.0000	-9999.0000	-9999.0000	-9999.0000	-9999.0000	19.0206	2	0	31.9382	1.0000	99	9	-9999.0000	20207	31280	-9999	1377	4308	-9999	319.8997	5	0.6321	0.6514	-0.0009	69.8720	0.2157	460.3254	574.5470	40.6713	455.6679	95.9028	455.9689	95.0000	460.0153	94.9769	463.3889	94.9537	
12/08/2017	01:17:03	011992	G523031662HLR	L523	S		431.4610	1.0292	7.0869	100.0057	39.8581	0.8430	0.8268	5.0000	18.4896	508.0303	94.9769	22.6291	24.9000	0.9300	0.9285	0.6520	-0.0009	508.0000	505.8215	1.0275	8.4932	100.0595	40.1116	0.8230	0.8259	5.0000	-9999.0000	-9999.0000	-9999.0000	-9999.0000	-9999.0000	-9999.0000	18.9306	3	0	34.9391	1.0000	99	9	-9999.0000	20208	31281	-9999	1378	4309	-9999	320.4069	5	0.6321	0.6520	-0.0009	67.7732	0.3342	457.1994	564.1232	39.7454	453.1604	95.5324	452.2393	94.6759	456.7415	94.7222	460.5495	94.9074	
12/08/2017	01:17:37	011992	G523031682HLR	L523	S		428.7380	1.0292	7.4073	100.0046	39.9764	0.8430	0.8270	5.0000	18.4987	508.0951	95.0000	24.1895	24.9000	0.9300	0.9285	0.6592	-0.0013	508.0000	505.7377	1.0275	8.5015	99.9402	39.9551	0.8230	0.8249	5.0000	-9999.0000	-9999.0000	-9999.0000	-9999.0000	-9999.0000	-9999.0000	18.9899	4	0	34.0085	1.0000	99	9	-9999.0000	20209	31281	-9999	1379	4310	-9999	319.7659	5	0.6319	0.6592	-0.0013	67.2985	0.3520	456.2465	567.0560	39.8611	451.7657	95.7639	452.6692	94.9074	455.8428	94.8611	458.9989	94.8611	
12/08/2017	01:18:09	011992	G523031691HLR	L523	S		432.0331	1.0292	7.0196	99.9810	39.9311	0.8430	0.8268	5.0000	18.5101	508.0516	94.9769	19.9495	24.9000	0.9300	0.9284	0.6498	-0.0008	508.0000	505.8086	1.0275	8.4945	100.1290	39.8000	0.8230	0.8248	5.0000	-9999.0000	-9999.0000	-9999.0000	-9999.0000	-9999.0000	-9999.0000	20.9711	5	0	32.9284	1.0000	99	9	-9999.0000	20209	31282	-9999	1380	4311	-9999	322.0989	5	0.6321	0.6498	-0.0008	68.8529	0.2702	460.2869	568.5707	41.2500	451.7690	95.1852	455.0888	95.3009	459.5522	95.4167	463.4581	95.1157	
12/08/2017	01:18:42	011992	G523031674HLR	L523	S		432.1774	1.0292	7.0027	99.9755	39.9060	0.8430	0.8269	5.0000	18.3293	508.0863	94.9537	21.1994	24.9000	0.9300	0.9284	0.6478	-0.0007	508.0000	506.5140	1.0275	8.4247	100.1226	40.1000	0.8230	0.8262	5.0000	-9999.0000	-9999.0000	-9999.0000	-9999.0000	-9999.0000	-9999.0000	18.9563	6	0	32.8289	1.0000	99	9	-9999.0000	20210	31283	-9999	1381	4312	-9999	321.4130	5	0.6323	0.6478	-0.0007	68.1000	0.2952	464.1327	569.5843	41.6898	459.8560	95.3241	459.6466	94.6065	463.9094	94.6759	466.5247	94.9074	
12/08/2017	01:19:17	011992	G523031684HLR	L523	S		432.5156	1.0292	6.9629	100.0126	39.9760	0.8430	0.8270	5.0000	18.5697	508.0244	95.0000	24.0890	24.9000	0.9300	0.9283	0.6424	-0.0005	508.0000	506.0853	1.0275	8.4671	99.9506	40.0661	0.8230	0.8251	5.0000	-9999.0000	-9999.0000	-9999.0000	-9999.0000	-9999.0000	-9999.0000	19.3107	7	0	34.7692	1.0000	99	9	-9999.0000	20211	31284	-9999	1382	4313	-9999	320.4034	5	0.6325	0.6424	-0.0005	66.1269	0.3941	458.9336	535.5590	40.5787	457.0613	95.2778	455.8695	94.9306	458.5078	94.9769	461.6948	94.9769	
12/08/2017	01:19:56	011992	G523031683HLR	L523	S		428.9399	1.0292	7.3835	99.9554	39.9479	0.8430	0.8268	5.0000	18.4095	508.0319	94.9537	23.2091	24.8000	0.9300	0.9283	0.6397	-0.0003	508.0000	506.3817	1.0275	8.4378	100.0326	39.7788	0.8230	0.8247	5.0000	-9999.0000	-9999.0000	-9999.0000	-9999.0000	-9999.0000	-9999.0000	19.3086	8	0	38.6783	1.0000	99	9	-9999.0000	20212	31285	-9999	1383	4314	-9999	321.0787	5	0.6331	0.6397	-0.0003	63.6973	0.5062	462.9442	563.0143	41.8750	458.7619	95.3704	459.1505	94.8148	462.2831	94.9074	465.4010	94.8843	
12/08/2017	01:20:28	011992	G523031692HLR	L523	S		429.2923	1.0292	7.3421	100.0217	39.8890	0.8430	0.8269	5.0000	18.6899	508.0512	94.9769	22.2795	24.8000	0.9300	0.9284	0.6488	-0.0007	508.0000	508.2881	1.0275	8.2491	99.9923	40.0764	0.8230	0.8262	5.0000	-9999.0000	-9999.0000	-9999.0000	-9999.0000	-9999.0000	-9999.0000	19.1999	1	0	32.0988	1.0000	99	9	-9999.0000	20212	31286	-9999	1384	4315	-9999	321.4655	5	0.6334	0.6488	-0.0007	61.9950	0.5801	468.1487	584.6254	42.7315	463.7971	95.2315	463.1934	94.8380	467.9316	94.9306	470.4541	94.9306	
12/08/2017	01:21:01	011992	G523031677HLR	L523	S		432.8680	1.0292	6.9214	100.0860	39.9577	0.8430	0.8269	5.0000	18.6797	508.0417	94.9306	22.0187	24.7000	0.9300	0.9283	0.6467	-0.0006	508.0000	508.3875	1.0275	8.2393	100.1793	40.0667	0.8230	0.8252	5.0000	-9999.0000	-9999.0000	-9999.0000	-9999.0000	-9999.0000	-9999.0000	18.9711	2	0	32.6985	1.0000	99	9	-9999.0000	20213	31287	-9999	1385	4316	-9999	321.6633	5	0.6333	0.6467	-0.0006	61.6057	0.5867	463.8916	554.1550	41.2269	457.5597	95.4398	458.1623	95.0463	463.1606	95.0000	465.4829	94.9769	
12/08/2017	01:21:34	011992	G523031701HLR	L523	S		426.6356	1.0292	7.6546	99.9533	39.9004	0.8430	0.8268	5.0000	18.4470	508.0681	94.9769	23.9893	24.7000	0.9300	0.9283	0.6463	-0.0006	508.0000	506.3005	1.0275	8.4458	100.0000	39.7481	0.8230	0.8247	5.0000	-9999.0000	-9999.0000	-9999.0000	-9999.0000	-9999.0000	-9999.0000	18.9987	3	0	33.9187	1.0000	99	9	-9999.0000	20214	31287	-9999	1386	4317	-9999	321.1770	5	0.6334	0.6463	-0.0006	61.5792	0.6018	458.8664	560.3808	39.4907	453.4035	95.6713	454.1289	94.7685	458.4597	94.9769	461.2635	95.0231	
12/08/2017	01:22:09	011992	G523031704HLR	L523	S		429.0551	1.0292	7.3700	100.0446	39.9080	0.8430	0.8268	5.0000	19.3790	508.0287	94.9769	27.8789	24.6000	0.9300	0.9283	0.6488	-0.0007	508.0000	509.5803	1.0275	8.1212	100.0662	40.0477	0.8230	0.8263	5.0000	-9999.0000	-9999.0000	-9999.0000	-9999.0000	-9999.0000	-9999.0000	19.1583	4	0	35.0495	1.0000	99	9	-9999.0000	20214	31288	-9999	1387	4318	-9999	320.1353	5	0.6334	0.6488	-0.0007	74.0434	0.0763	458.4743	566.7936	40.9722	453.9082	95.5324	454.8935	94.6991	458.0842	94.9074	460.1525	94.9537	
12/08/2017	01:22:41	011992	G523031665HLR	L523	S		431.1926	1.0292	7.1185	99.9698	39.9363	0.8430	0.8268	5.0000	18.5986	508.0397	94.9769	21.4084	24.6000	0.9300	0.9283	0.6539	-0.0009	508.0000	507.8945	1.0275	8.2880	100.0794	40.1186	0.8230	0.8254	5.0000	-9999.0000	-9999.0000	-9999.0000	-9999.0000	-9999.0000	-9999.0000	19.0706	5	0	31.8083	1.0000	99	9	-9999.0000	20215	31289	-9999	1388	4319	-9999	322.1481	5	0.6333	0.6539	-0.0009	63.3728	0.5316	462.4601	579.5548	39.6528	456.7125	95.5324	458.2970	94.9306	462.4408	95.0000	465.1866	94.9769	
12/08/2017	01:23:13	011992	G523031700HLR	L523	S		428.8482	1.0292	7.3943	99.9614	39.8824	0.8430	0.8268	5.0000	18.4299	508.0496	94.9537	21.9484	24.6000	0.9300	0.9283	0.6503	-0.0007	508.0000	507.3235	1.0275	8.3445	100.0084	39.7776	0.8230	0.8247	5.0000	-9999.0000	-9999.0000	-9999.0000	-9999.0000	-9999.0000	-9999.0000	18.8787	6	0	31.3290	1.0000	99	9	-9999.0000	20216	31290	-9999	1389	4320	-9999	322.0803	5	0.6334	0.6503	-0.0007	60.3917	0.6860	457.3587	555.6535	40.5556	450.5921	95.7407	453.3015	94.8380	456.7345	94.8380	460.8030	94.9769	
12/08/2017	01:23:49	011992	G523031685HLR	L523	S		433.1907	1.0292	6.8835	100.0216	39.9030	0.8430	0.8269	5.0000	18.3889	508.0485	94.9074	23.1085	24.6000	0.9300	0.9284	0.6537	-0.0009	508.0000	509.0081	1.0275	8.1778	100.1062	39.9000	0.8230	0.8260	5.0000	-9999.0000	-9999.0000	-9999.0000	-9999.0000	-9999.0000	-9999.0000	19.4912	7	0	36.7387	1.0000	99	9	-9999.0000	20217	31291	-9999	1390	4321	-9999	321.6936	5	0.6332	0.6537	-0.0009	56.0615	0.8861	462.1423	578.9433	38.9815	454.9048	95.7639	456.3924	94.9306	461.6987	95.1389	464.0171	95.1389	
12/08/2017	01:24:25	011992	G523031694HLR	L523	S		427.6800	1.0292	7.5318	99.9792	39.9472	0.8430	0.8269	5.0000	18.4193	508.0693	95.0000	24.2794	24.5000	0.9300	0.9284	0.6532	-0.0009	508.0000	508.8579	1.0275	8.1927	99.9791	40.1317	0.8230	0.8259	5.0000	-9999.0000	-9999.0000	-9999.0000	-9999.0000	-9999.0000	-9999.0000	18.8923	8	0	35.7780	1.0000	99	9	-9999.0000	20218	31292	-9999	1391	4322	-9999	321.2420	5	0.6333	0.6532	-0.0009	58.3704	0.8095	455.1530	557.6220	38.9120	449.6991	95.7407	450.7246	94.7917	454.7479	94.8380	456.9060	94.9074	
12/08/2017	01:24:57	011992	G523031707HLR	L523	S		431.2064	1.0292	7.1169	100.0605	39.8419	0.8430	0.8268	5.0000	18.6488	508.0504	94.9306	21.0500	24.5000	0.9300	0.9284	0.6537	-0.0009	508.0000	507.7372	1.0275	8.3036	100.0305	39.8647	0.8230	0.8247	5.0000	-9999.0000	-9999.0000	-9999.0000	-9999.0000	-9999.0000	-9999.0000	19.3085	1	0	31.9296	1.0000	99	9	-9999.0000	20219	31293	-9999	1392	4323	-9999	322.6276	5	0.6335	0.6537	-0.0009	60.0210	0.7497	460.4748	573.1693	40.8333	451.5495	95.7407	455.5554	94.8843	459.9963	95.0231	463.8029	95.0000	
12/08/2017	01:25:33	011992	G523031706HLR	L523	S		428.6686	1.0292	7.4155	99.9817	39.9042	0.8430	0.8270	5.0000	18.6087	508.0264	94.9306	20.5686	24.5000	0.9300	0.9284	0.6517	-0.0008	508.0000	508.9115	1.0275	8.1874	100.0626	39.8000	0.8230	0.8256	5.0000	-9999.0000	-9999.0000	-9999.0000	-9999.0000	-9999.0000	-9999.0000	19.0552	2	0	35.5281	1.0000	99	9	-9999.0000	20220	31294	-9999	1393	4324	-9999	322.8722	5	0.6331	0.6517	-0.0008	63.2788	0.6024	461.1648	579.2059	41.5509	454.4177	95.5787	457.0636	94.9537	460.5311	95.1389	464.4605	95.0926	
12/08/2017	01:25:58	011992	G523031468HLR	L523	S		428.7651	1.0292	7.4041	100.0273	39.8804	0.8430	0.8268	5.0000	19.2493	508.0605	94.9769	25.9795	24.6000	0.9300	0.9285	0.6525	-0.0008	508.0000	508.2415	1.0275	8.2537	99.9825	40.1000	0.8230	0.8262	5.0000	-9999.0000	-9999.0000	-9999.0000	-9999.0000	-9999.0000	-9999.0000	19.0941	3	0	24.8690	1.0000	99	9	-9999.0000	20221	31295	-9999	1394	4325	-9999	320.4743	5	0.6327	0.6525	-0.0008	64.4590	0.5750	453.6767	571.7345	39.9306	449.7277	95.7870	449.8171	94.8380	453.3033	94.9306	456.7410	95.0000	
12/08/2017	01:26:32	011992	G523031500HLR	L523	S		430.1235	1.0292	7.2443	99.9906	39.8553	0.8430	0.8268	5.0000	18.5198	508.0767	94.9769	24.9298	24.6000	0.9300	0.9285	0.6543	-0.0009	508.0000	507.2409	1.0275	8.3527	99.9783	39.9886	0.8230	0.8249	5.0000	-9999.0000	-9999.0000	-9999.0000	-9999.0000	-9999.0000	-9999.0000	19.0585	4	0	34.6688	1.0000	99	9	-9999.0000	20222	31296	-9999	1395	4326	-9999	320.8572	5	0.6330	0.6543	-0.0009	62.6506	0.6678	455.5572	570.1654	40.2778	452.0989	95.3935	451.5737	94.9306	455.6796	95.0463	458.0471	95.0000	
12/08/2017	01:27:04	011992	G523031488HLR	L523	S		432.4838	1.0292	6.9666	100.0784	39.9277	0.8430	0.8269	5.0000	18.5891	508.0776	94.9537	21.1193	24.7000	0.9300	0.9285	0.6536	-0.0009	508.0000	508.1115	1.0275	8.2666	100.2261	39.6776	0.8230	0.8245	5.0000	-9999.0000	-9999.0000	-9999.0000	-9999.0000	-9999.0000	-9999.0000	18.9846	5	0	32.0290	1.0000	99	9	-9999.0000	20223	31297	-9999	1396	4327	-9999	322.5618	5	0.6330	0.6536	-0.0009	66.3688	0.5223	459.2826	566.3024	40.0000	450.3338	95.4630	454.4920	94.8148	458.5817	94.9074	461.7969	94.9769	
12/08/2017	01:27:39	011992	G523031487HLR	L523	S		431.6114	1.0292	7.0692	99.9896	39.8533	0.8430	0.8268	5.0000	18.4841	508.0220	95.0000	24.7091	24.7000	0.9300	0.9285	0.6535	-0.0009	508.0000	508.2300	1.0275	8.2548	100.0018	40.0834	0.8230	0.8266	5.0000	-9999.0000	-9999.0000	-9999.0000	-9999.0000	-9999.0000	-9999.0000	19.2291	6	0	34.7492	1.0000	99	9	-9999.0000	20224	31298	-9999	1396	4328	-9999	320.6532	5	0.6328	0.6535	-0.0009	66.4844	0.5097	458.1978	567.6323	39.5833	453.0564	96.1806	453.3007	95.0463	457.8727	95.0926	460.5111	95.0926	
12/08/2017	01:28:49	011992	G523031496HLR	L523	S		429.2457	1.0292	7.3476	100.0993	39.9263	0.8430	0.8268	5.0000	18.9742	508.0284	94.9769	23.8790	25.0000	0.9300	0.9288	0.6539	-0.0009	508.0000	508.2555	1.0275	8.2523	99.9853	39.7725	0.8230	0.8241	5.0000	-9999.0000	-9999.0000	-9999.0000	-9999.0000	-9999.0000	-9999.0000	19.6485	8	0	35.3590	1.0000	99	9	-9999.0000	20226	31298	-9999	1398	4329	-9999	321.3189	5	0.6329	0.6539	-0.0009	67.7514	0.4440	456.6339	538.5913	40.2778	446.8317	95.4167	451.5282	94.6991	456.1021	94.9537	459.8804	95.0000	
12/08/2017	01:29:22	011992	G523031495HLR	L523	S		428.3670	1.0292	7.4509	99.9608	39.8244	0.8430	0.8267	5.0000	18.4394	508.0402	94.9769	21.2092	24.9000	0.9300	0.9285	0.6532	-0.0009	508.0000	507.7698	1.0275	8.3004	100.0074	39.7447	0.8230	0.8257	5.0000	-9999.0000	-9999.0000	-9999.0000	-9999.0000	-9999.0000	-9999.0000	19.7458	1	0	33.5085	1.0000	99	9	-9999.0000	20227	31299	-9999	1399	4330	-9999	322.4903	5	0.6331	0.6532	-0.0009	71.6057	0.2608	458.7906	566.8470	41.0417	451.4944	95.6019	453.2945	94.8611	458.5360	95.0694	461.7067	94.8843	
12/08/2017	01:29:47	011992	G523031505HLR	L523	S		431.4263	1.0292	7.0910	100.0437	39.9541	0.8430	0.8270	5.0000	19.0687	508.0297	94.9769	23.9493	25.0000	0.9300	0.9285	0.6532	-0.0009	508.0000	507.1908	1.0275	8.3577	99.9249	40.3000	0.8230	0.8266	5.0000	-9999.0000	-9999.0000	-9999.0000	-9999.0000	-9999.0000	-9999.0000	19.2706	2	0	24.9493	1.0000	99	9	-9999.0000	20228	31299	-9999	1400	4331	-9999	321.1964	5	0.6331	0.6532	-0.0009	71.6057	0.2608	458.8430	566.2875	40.9954	445.8977	95.0000	454.3621	94.9306	458.0672	95.0231	463.0233	94.9537	
12/08/2017	01:30:18	011992	G523031504HLR	L523	S		428.8355	1.0292	7.3958	100.0912	39.8721	0.8430	0.8267	5.0000	18.8792	508.0312	94.9537	23.6485	25.1000	0.9300	0.9284	0.6535	-0.0009	508.0000	506.3063	1.0275	8.4452	99.9701	40.0457	0.8230	0.8247	5.0000	-9999.0000	-9999.0000	-9999.0000	-9999.0000	-9999.0000	-9999.0000	19.2088	3	0	30.2792	1.0000	99	9	-9999.0000	20228	31300	-9999	1401	4332	-9999	321.3546	5	0.6329	0.6535	-0.0009	72.6322	0.2290	457.7084	568.2594	41.0648	450.0991	95.5556	452.5533	94.8148	457.3993	94.9306	460.7617	94.9537	
12/08/2017	01:30:50	011992	G523031474HLR	L523	S		427.3471	1.0292	7.5709	100.0787	39.8886	0.8430	0.8270	5.0000	18.7493	508.0269	94.9769	24.5293	25.1000	0.9300	0.9284	0.6534	-0.0009	508.0000	504.6336	1.0275	8.6107	100.2141	39.6693	0.8230	0.8242	5.0000	-9999.0000	-9999.0000	-9999.0000	-9999.0000	-9999.0000	-9999.0000	19.0192	4	0	32.2889	1.0000	99	9	-9999.0000	20229	31301	-9999	1402	4333	-9999	320.9291	5	0.6329	0.6534	-0.0009	75.0371	0.1315	455.9365	567.9242	39.1435	448.4800	95.6250	450.8320	94.7454	455.7016	94.8611	459.3805	94.9074	
12/08/2017	01:31:18	011992	G523031486HLR	L523	S		432.3587	1.0292	6.9813	100.0536	39.9465	0.8430	0.8269	5.0000	18.7281	508.0418	94.9769	22.7687	25.1000	0.9300	0.9284	0.6530	-0.0009	508.0000	506.8197	1.0275	8.3944	100.1083	39.9000	0.8230	0.8263	5.0000	-9999.0000	-9999.0000	-9999.0000	-9999.0000	-9999.0000	-9999.0000	19.0320	5	0	27.9489	1.0000	99	9	-9999.0000	20230	31302	-9999	1403	4334	-9999	321.7262	5	0.6331	0.6530	-0.0009	76.4564	0.0695	458.8651	564.8617	38.5185	449.7553	95.3935	453.7055	95.0926	458.4707	95.2546	461.3154	95.1157	
12/08/2017	01:32:29	011992	G523031465HLR	L523	S		436.4723	1.0292	6.4974	100.0583	39.9315	0.8430	0.8270	5.0000	18.6784	508.0582	94.9769	19.4993	25.2000	0.9300	0.9286	0.6493	-0.0007	508.0000	511.0331	1.0275	7.9775	99.9576	39.9940	0.8230	0.8246	5.0000	-9999.0000	-9999.0000	-9999.0000	-9999.0000	-9999.0000	-9999.0000	19.0716	7	0	37.2291	1.0000	99	9	-9999.0000	20232	31303	-9999	1405	4335	-9999	323.3065	5	0.6334	0.6493	-0.0007	81.9563	-0.1767	470.2000	521.6596	36.8750	459.2805	95.2546	464.4884	94.6991	469.5802	94.9769	473.2054	95.0463	
12/08/2017	01:33:05	011992	G523031502HLR	L523	S		433.6855	1.0292	6.8252	99.9757	39.8617	0.8430	0.8266	5.0000	20.4124	508.0633	94.9769	21.4894	25.1000	0.9300	0.9284	0.6533	-0.0008	508.0000	507.9714	1.0275	8.2804	99.8954	39.6429	0.8230	0.8247	5.0000	-9999.0000	-9999.0000	-9999.0000	-9999.0000	-9999.0000	-9999.0000	19.7210	8	0	36.2984	1.0000	99	9	-9999.0000	20233	31304	-9999	1406	4336	-9999	322.4842	5	0.6335	0.6533	-0.0008	65.7873	0.4743	466.1075	567.2752	39.8380	459.2305	95.4398	461.3436	94.7454	465.7469	94.8380	468.1880	94.9769	
12/08/2017	01:33:40	011992	G523031483HLR	L523	S		441.7154	1.0292	5.8805	100.0273	39.9218	0.8430	0.8269	5.0000	18.6692	508.0800	94.8148	17.1888	25.0000	0.9300	0.9283	0.6533	-0.0008	508.0000	511.6048	1.0275	7.9209	100.1193	40.2000	0.8230	0.8268	5.0000	-9999.0000	-9999.0000	-9999.0000	-9999.0000	-9999.0000	-9999.0000	19.3462	1	0	35.1085	1.0000	99	9	-9999.0000	20234	31305	-9999	1407	4337	-9999	324.5991	5	0.6335	0.6533	-0.0008	65.7873	0.4743	471.2729	553.2480	36.9444	461.4138	95.5556	465.8348	95.1852	470.6232	95.3704	474.5762	95.1852	
12/08/2017	01:34:14	011992	G523031484HLR	L523	S		428.3960	1.0292	7.4475	99.9894	39.9510	0.8430	0.8268	5.0000	18.4300	508.0214	94.9537	22.7492	25.0000	0.9300	0.9284	0.6411	-0.0003	508.0000	507.6368	1.0275	8.3135	99.9636	40.0699	0.8230	0.8249	5.0000	-9999.0000	-9999.0000	-9999.0000	-9999.0000	-9999.0000	-9999.0000	19.0090	2	0	33.8866	1.0000	99	9	-9999.0000	20235	31306	-9999	1408	4338	-9999	322.1494	5	0.6337	0.6411	-0.0003	65.3260	0.4763	459.0498	556.7994	39.0509	450.1461	95.0463	452.2431	94.7917	458.5116	94.9769	461.3081	95.0000	
12/08/2017	01:34:39	011992	G523031494HLR	L523	S		429.4329	1.0292	7.3255	100.0347	39.8343	0.8430	0.8267	5.0000	18.7392	508.0841	95.0000	26.4687	25.0000	0.9300	0.9283	0.6403	-0.0003	508.0000	508.6067	1.0275	8.2176	100.1118	39.6818	0.8230	0.8246	5.0000	-9999.0000	-9999.0000	-9999.0000	-9999.0000	-9999.0000	-9999.0000	19.6588	3	0	25.3291	1.0000	99	9	-9999.0000	20236	31307	-9999	1409	4339	-9999	321.4891	5	0.6339	0.6403	-0.0003	65.1885	0.4846	463.5597	554.3344	39.1204	458.4608	95.2315	458.5068	95.0231	463.3130	95.1389	464.7630	95.0231	
12/08/2017	01:35:16	011992	G523031856HLR	L523	S		431.2939	1.0292	7.1066	100.0086	39.9756	0.8430	0.8270	5.0000	18.4700	508.0734	94.8843	25.4893	24.9000	0.9300	0.9283	0.6362	-0.0001	508.0000	507.9181	1.0275	8.2857	100.0719	40.1000	0.8230	0.8266	5.0000	-9999.0000	-9999.0000	-9999.0000	-9999.0000	-9999.0000	-9999.0000	19.2293	4	0	37.1383	1.0000	99	9	-9999.0000	20237	31308	-9999	1410	4340	-9999	321.8748	5	0.6339	0.6362	-0.0001	57.2017	0.8256	466.2988	562.4748	39.3750	463.0108	95.1389	462.3333	94.7685	465.9832	94.9306	468.3379	95.0000	
12/08/2017	01:35:43	011992	G523031858HLR	L523	S		428.2300	1.0292	7.4671	100.0671	39.8809	0.8430	0.8266	5.0000	19.1062	508.0202	94.9769	24.3790	24.9000	0.9300	0.9284	0.6327	0.0001	508.0000	506.5696	1.0275	8.4192	99.9620	40.1689	0.8230	0.8257	5.0000	-9999.0000	-9999.0000	-9999.0000	-9999.0000	-9999.0000	-9999.0000	19.1916	5	0	26.3497	1.0000	99	9	-9999.0000	20238	31309	-9999	1411	4341	-9999	322.0108	5	0.6343	0.6327	0.0001	56.1974	0.9004	464.5007	586.5380	40.0694	462.0202	95.6019	461.0992	94.6759	464.2269	94.8611	467.0280	94.9537	
12/08/2017	01:36:08	011992	G523031481HLR	L523	S		430.5961	1.0292	7.1887	100.0153	39.8819	0.8430	0.8270	5.0000	18.3488	508.0305	95.0000	23.0997	24.9000	0.9300	0.9284	0.6327	0.0001	508.0000	507.4233	1.0275	8.3347	100.0537	39.7868	0.8230	0.8244	5.0000	-9999.0000	-9999.0000	-9999.0000	-9999.0000	-9999.0000	-9999.0000	19.6124	6	0	25.2490	1.0000	99	9	-9999.0000	20239	31310	-9999	1412	4341	-9999	322.4786	5	0.6342	0.6327	0.0001	57.6513	0.8190	470.1346	565.9517	40.6019	463.2055	94.9537	465.4684	94.7917	469.3753	95.0000	471.5148	94.9769	
12/08/2017	01:36:50	011992	G523032333HLR	L523	S		440.1814	1.0292	6.0610	100.0185	39.9585	0.8430	0.8268	5.0000	19.0092	508.0360	95.0000	14.0893	24.9000	0.9300	0.9283	0.6327	0.0001	508.0000	506.7661	1.0275	8.3997	100.1204	39.7000	0.8230	0.8250	5.0000	-9999.0000	-9999.0000	-9999.0000	-9999.0000	-9999.0000	-9999.0000	19.9137	7	0	41.9779	1.0000	99	9	-9999.0000	20240	31311	-9999	1413	4342	-9999	322.0934	5	0.6342	0.6327	0.0001	57.6513	0.8190	487.4491	567.6943	41.3194	476.6376	95.0926	483.0095	94.5602	487.3668	94.7454	489.2403	94.9537	
12/08/2017	01:37:25	011992	G523032305HLR	L523	S		430.1368	1.0292	7.2427	100.0214	39.8271	0.8430	0.8268	5.0000	18.4397	508.0277	95.0000	25.9190	24.8000	0.9300	0.9284	0.6326	0.0001	508.0000	509.5743	1.0275	8.1218	100.2366	40.0924	0.8230	0.8266	5.0000	-9999.0000	-9999.0000	-9999.0000	-9999.0000	-9999.0000	-9999.0000	18.6449	8	0	34.2909	1.0000	99	9	-9999.0000	20241	31312	-9999	1414	4343	-9999	322.1647	5	0.6343	0.6326	0.0001	56.3990	0.8622	466.7319	573.4676	40.6019	461.5314	95.3472	461.9993	94.6296	466.5890	94.8611	468.7270	95.0231	
12/08/2017	01:38:00	011992	G523032314HLR	L523	Q		443.1404	1.0292	5.7129	99.9820	39.8633	0.8430	0.8270	5.0000	18.5296	508.0239	94.9537	15.3090	24.8000	0.9300	0.9283	0.6326	0.0001	508.0000	509.9840	1.0275	8.0813	99.9921	40.1164	0.8230	0.8248	5.0000	-9999.0000	-9999.0000	-9999.0000	-9999.0000	-9999.0000	-9999.0000	19.1280	1	0	36.0366	1.0000	99	9	-9999.0000	20242	31312	-9999	1415	4344	-9999	322.0885	5	0.6343	0.6326	0.0001	56.3990	0.8622	487.2258	551.3650	39.9306	480.8740	94.9074	482.2686	95.1389	486.7044	95.3472	488.5452	95.0694	
12/08/2017	01:39:18	011992	G523031886HLR	L523	Q		423.8574	1.0292	7.9815	99.9529	39.7582	0.8430	0.8269	5.0000	18.4494	508.0517	94.9537	30.7381	24.9000	0.9300	0.9286	0.6377	-0.0002	508.0000	507.4649	1.0275	8.3306	99.9968	39.9866	0.8230	0.8269	5.0000	-9999.0000	-9999.0000	-9999.0000	-9999.0000	-9999.0000	-9999.0000	19.5206	3	0	39.3979	1.0000	99	9	-9999.0000	20244	31313	-9999	1417	4346	-9999	321.8985	5	0.6341	0.6377	-0.0002	52.8969	1.0165	455.9060	548.2898	40.0926	453.0714	95.2315	451.8768	94.7685	455.6003	95.1620	457.7928	95.1157	
12/08/2017	01:39:59	011992	G523031869HLR	L523	S		428.1815	1.0292	7.4728	100.0225	39.9398	0.8430	0.8272	5.0000	18.4854	508.0536	95.0231	23.1896	24.9000	0.9300	0.9284	0.6369	-0.0001	508.0000	507.5554	1.0275	8.3216	99.9929	40.2202	0.8230	0.8255	5.0000	-9999.0000	-9999.0000	-9999.0000	-9999.0000	-9999.0000	-9999.0000	19.2076	4	0	40.9188	1.0000	99	9	-9999.0000	20245	31314	-9999	1418	4347	-9999	322.1607	5	0.6340	0.6369	-0.0001	51.0604	1.0843	466.8074	489.6850	41.9213	459.5587	95.1157	461.6548	94.5833	466.0726	94.6528	469.1752	94.7917	
12/08/2017	01:40:35	011992	G523031862HLR	L523	S		425.1639	1.0292	7.8278	100.0847	39.8742	0.8430	0.8265	5.0000	18.7883	508.0533	94.9769	24.7686	24.9000	0.9300	0.9284	0.6369	-0.0001	508.0000	505.8794	1.0275	8.4875	99.9907	39.7610	0.8230	0.8244	5.0000	-9999.0000	-9999.0000	-9999.0000	-9999.0000	-9999.0000	-9999.0000	20.0886	5	0	36.7917	1.0000	99	9	-9999.0000	20246	31315	-9999	1419	4347	-9999	322.1148	5	0.6340	0.6369	-0.0001	51.0604	1.0843	463.9052	548.2489	40.7407	459.2160	95.3241	459.5974	94.6528	464.0035	94.8611	466.1571	94.9769	
12/08/2017	01:41:15	011992	G523031872HLR	L523	S		422.5925	1.0292	8.1303	99.9634	39.7495	0.8430	0.8269	5.0000	19.8306	508.0304	95.0463	26.9492	25.0000	0.9300	0.9285	0.6350	-0.0000	508.0000	505.4567	1.0275	8.5293	99.9498	40.0127	0.8230	0.8265	5.0000	-9999.0000	-9999.0000	-9999.0000	-9999.0000	-9999.0000	-9999.0000	19.0976	6	0	39.3156	1.0000	99	9	-9999.0000	20247	31316	-9999	1420	4348	-9999	321.9134	5	0.6340	0.6350	-0.0000	51.7025	1.0510	457.3399	572.7017	38.8657	454.5241	95.3241	451.9998	94.6991	457.1688	94.8611	459.6100	94.9306	
12/08/2017	01:41:51	011992	G523031888HLR	L523	S		424.8463	1.0292	7.8651	100.0723	40.0812	0.8430	0.8271	5.0000	18.9891	508.0669	94.9074	28.1689	25.1000	0.9300	0.9284	0.6368	-0.0001	508.0000	507.7719	1.0275	8.3002	100.0952	40.0904	0.8230	0.8253	5.0000	-9999.0000	-9999.0000	-9999.0000	-9999.0000	-9999.0000	-9999.0000	19.1177	7	0	36.3785	1.0000	99	9	-9999.0000	20248	31316	-9999	1421	4349	-9999	322.0827	5	0.6340	0.6368	-0.0001	51.9964	1.0515	462.8629	557.2772	37.4769	455.6078	95.4398	458.3669	95.1157	462.3075	95.3009	464.9698	95.1620	
12/08/2017	01:42:25	011992	G523031880HLR	L523	S		425.8232	1.0292	7.7502	100.0106	39.7872	0.8430	0.8265	5.0000	18.9592	508.0136	94.9074	29.7597	25.1000	0.9300	0.9284	0.6356	-0.0001	508.0000	508.0183	1.0275	8.2758	100.0216	39.7756	0.8230	0.8249	5.0000	-9999.0000	-9999.0000	-9999.0000	-9999.0000	-9999.0000	-9999.0000	19.4835	8	0	33.9587	1.0000	99	9	-9999.0000	20248	31316	-9999	1422	4350	-9999	321.9165	5	0.6342	0.6356	-0.0001	51.6997	1.0678	460.2712	544.7356	37.3148	452.1868	95.6713	454.3393	95.3241	459.9635	95.6019	461.5865	95.3009	
12/08/2017	01:43:02	011992	G523031881HLR	L523	S		429.8207	1.0292	7.2799	100.0252	39.9657	0.8430	0.8272	5.0000	18.5892	508.0472	94.9537	25.8692	25.2000	0.9300	0.9284	0.6334	0.0001	508.0000	508.6133	1.0275	8.2169	99.9526	40.0255	0.8230	0.8265	5.0000	-9999.0000	-9999.0000	-9999.0000	-9999.0000	-9999.0000	-9999.0000	19.2302	1	0	36.4694	1.0000	99	9	-9999.0000	20249	31316	-9999	1423	4351	-9999	322.2710	5	0.6347	0.6334	0.0001	50.9986	1.1160	465.0074	559.0171	37.9861	458.1144	95.3009	461.0796	95.3241	464.9180	95.5556	467.6072	95.1389	
12/08/2017	01:43:34	011992	G523031903HLR	L523	S		428.0668	1.0292	7.4863	99.9882	39.8597	0.8430	0.8265	5.0000	19.3569	508.0560	94.9769	27.7890	25.3000	0.9300	0.9284	0.6339	0.0000	508.0000	509.8211	1.0275	8.0974	100.0159	40.0758	0.8230	0.8253	5.0000	-9999.0000	-9999.0000	-9999.0000	-9999.0000	-9999.0000	-9999.0000	19.1515	2	0	32.5101	1.0000	99	9	-9999.0000	20249	31317	-9999	1424	4352	-9999	322.6404	5	0.6347	0.6339	0.0000	50.3712	1.1574	468.1402	548.5333	40.4167	461.3445	94.9074	462.5494	95.2546	467.6859	95.4630	469.4566	95.1620	
12/08/2017	01:44:06	011992	G523028068HLR	L523	S		426.4122	1.0292	7.6809	100.0213	39.8279	0.8430	0.8271	5.0000	18.6291	508.0490	94.9769	25.3897	25.3000	0.9300	0.9284	0.6343	0.0000	508.0000	507.5032	1.0275	8.3268	99.9767	39.7798	0.8230	0.8249	5.0000	-9999.0000	-9999.0000	-9999.0000	-9999.0000	-9999.0000	-9999.0000	19.4386	3	0	32.2474	1.0000	99	9	-9999.0000	20250	31318	-9999	1425	4353	-9999	322.6129	5	0.6345	0.6343	0.0000	51.6157	1.0949	469.0165	567.1985	38.5880	464.5554	95.3009	464.6082	94.3287	468.7290	94.5370	470.9711	94.8611	
12/08/2017	01:44:42	011992	G523028069HLR	L523	S		433.0248	1.0292	6.9030	100.0011	40.0361	0.8430	0.8269	5.0000	18.5427	508.0558	94.9769	22.6896	25.2000	0.9300	0.9283	0.6338	0.0000	508.0000	508.1739	1.0275	8.2604	100.0922	40.0000	0.8230	0.8261	5.0000	-9999.0000	-9999.0000	-9999.0000	-9999.0000	-9999.0000	-9999.0000	19.0274	4	0	35.3580	1.0000	99	9	-9999.0000	20251	31319	-9999	1426	4354	-9999	322.4467	5	0.6344	0.6338	0.0000	51.6238	1.0890	470.4757	580.3276	41.0185	467.4236	95.0694	466.3277	94.6296	470.0492	94.8148	474.1430	94.8611	
12/08/2017	01:45:16	011992	G523031477HLR	L523	S		429.7672	1.0292	7.2862	100.0203	39.7905	0.8430	0.8268	5.0000	18.5985	508.0130	95.0231	25.6299	25.2000	0.9300	0.9283	0.6338	0.0000	508.0000	507.4530	1.0275	8.3317	99.9323	40.0838	0.8230	0.8252	5.0000	-9999.0000	-9999.0000	-9999.0000	-9999.0000	-9999.0000	-9999.0000	19.7493	5	0	34.7492	1.0000	99	9	-9999.0000	20252	31320	-9999	1427	4355	-9999	322.2754	5	0.6341	0.6338	0.0000	65.6608	0.5790	467.2214	552.9992	38.9352	466.1863	95.4630	461.6659	94.5370	467.0523	94.7454	468.6916	94.8843	
12/08/2017	01:45:49	011992	G523028066HLR	L523	S		428.0378	1.0292	7.4897	100.0798	39.9874	0.8430	0.8271	5.0000	18.8009	508.0166	94.9306	21.5187	25.2000	0.9300	0.9282	0.6321	0.0001	508.0000	505.7983	1.0275	8.4955	99.9678	39.8000	0.8230	0.8249	5.0000	-9999.0000	-9999.0000	-9999.0000	-9999.0000	-9999.0000	-9999.0000	18.9778	6	0	32.4087	1.0000	99	9	-9999.0000	20253	31321	-9999	1428	4356	-9999	322.2437	5	0.6344	0.6321	0.0001	67.6872	0.5148	470.3497	579.6602	39.7917	464.8575	95.3704	466.8192	94.5370	469.8172	94.7685	473.6653	94.9769	
12/08/2017	01:46:24	011992	G523028067HLR	L523	S		431.4837	1.0292	7.0843	99.9237	39.8447	0.8430	0.8264	5.0000	20.1121	508.1029	94.8611	20.7092	25.2000	0.9300	0.9283	0.6387	-0.0002	508.0000	506.5061	1.0275	8.4254	100.0770	39.9892	0.8230	0.8260	5.0000	-9999.0000	-9999.0000	-9999.0000	-9999.0000	-9999.0000	-9999.0000	19.2870	7	0	34.6491	1.0000	99	9	-9999.0000	20254	31322	-9999	1429	4357	-9999	322.1526	5	0.6347	0.6387	-0.0002	67.6644	0.5156	476.5416	565.3378	37.6389	464.9042	95.5324	469.6486	95.3935	475.5733	95.6250	478.8208	95.2083	
12/08/2017	01:46:57	011992	G523031664HLR	L523	S		430.6025	1.0292	7.1879	99.9818	39.8158	0.8430	0.8269	5.0000	18.6028	508.0340	94.9537	24.3292	25.1000	0.9300	0.9283	0.6398	-0.0002	508.0000	509.1704	1.0275	8.1618	100.2018	40.0990	0.8230	0.8256	5.0000	-9999.0000	-9999.0000	-9999.0000	-9999.0000	-9999.0000	-9999.0000	19.1619	8	0	33.5690	1.0000	99	9	-9999.0000	20255	31323	-9999	1430	4358	-9999	322.6358	5	0.6348	0.6398	-0.0002	58.6377	0.8318	466.7600	536.7519	38.0556	462.0506	95.0000	461.1246	94.8148	466.4520	95.0926	469.2074	95.0694	
12/08/2017	01:47:38	011992	G523031464HLR	L523	S		430.8466	1.0292	7.1592	99.9825	40.0072	0.8430	0.8269	5.0000	19.8088	508.0422	94.9306	23.4689	25.1000	0.9300	0.9282	0.6439	-0.0003	508.0000	507.9533	1.0275	8.2822	99.9313	39.8000	0.8230	0.8248	5.0000	-9999.0000	-9999.0000	-9999.0000	-9999.0000	-9999.0000	-9999.0000	19.4720	1	0	40.4782	1.0000	99	9	-9999.0000	20256	31324	-9999	1431	4359	-9999	322.7530	5	0.6350	0.6439	-0.0003	59.4171	0.8012	467.2611	545.7037	38.7500	458.1382	94.9537	462.5908	94.9537	466.9595	95.2315	470.4812	95.1389	
12/08/2017	01:48:05	011992	G523031480HLR	L523	S		432.6200	1.0292	6.9506	99.9405	39.8491	0.8430	0.8266	5.0000	18.5832	508.0317	94.9537	21.3293	25.1000	0.9300	0.9283	0.6422	-0.0003	508.0000	507.8407	1.0275	8.2934	100.0359	39.9000	0.8230	0.8257	5.0000	-9999.0000	-9999.0000	-9999.0000	-9999.0000	-9999.0000	-9999.0000	19.6094	2	0	27.6496	1.0000	99	9	-9999.0000	20256	31325	-9999	1432	4360	-9999	323.4347	5	0.6349	0.6422	-0.0003	56.8307	0.8905	467.9662	559.4419	40.0000	460.3671	94.9074	464.8604	94.2361	467.4024	94.2824	470.2854	94.8148	
12/08/2017	01:48:38	011992	G523031493HLR	L523	S		431.1077	1.0292	7.1285	99.9720	39.8773	0.8430	0.8270	5.0000	18.6035	508.0371	94.9537	23.5197	25.1000	0.9300	0.9283	0.6423	-0.0003	508.0000	507.8000	1.0275	8.2974	100.1486	40.0996	0.8230	0.8256	5.0000	-9999.0000	-9999.0000	-9999.0000	-9999.0000	-9999.0000	-9999.0000	19.1861	3	0	32.2182	1.0000	99	9	-9999.0000	20257	31326	-9999	1433	4361	-9999	322.9049	5	0.6346	0.6423	-0.0003	57.7046	0.8485	464.9354	574.6908	38.9815	460.7888	95.3935	460.8479	94.6991	464.1494	94.8380	467.0035	94.9074	
12/08/2017	01:49:13	011992	G523031490HLR	L523	S		429.7583	1.0292	7.2873	100.0145	39.9571	0.8430	0.8269	5.0000	18.7369	508.0614	94.9306	22.5295	25.0000	0.9300	0.9282	0.6431	-0.0003	508.0000	506.4849	1.0275	8.4275	100.0168	39.7772	0.8230	0.8246	5.0000	-9999.0000	-9999.0000	-9999.0000	-9999.0000	-9999.0000	-9999.0000	19.0848	4	0	35.1786	1.0000	99	9	-9999.0000	20258	31327	-9999	1434	4362	-9999	322.8936	5	0.6348	0.6431	-0.0003	58.8532	0.7934	465.6442	554.2876	39.8843	458.3909	95.3241	460.0814	94.4907	465.1183	94.5602	468.0250	94.8380	
12/08/2017	01:49:54	011992	G523031499HLR	L523	S		427.0026	1.0292	7.6115	99.9952	39.8371	0.8430	0.8268	5.0000	18.8392	508.0423	94.9074	29.0185	25.0000	0.9300	0.9282	0.6465	-0.0005	508.0000	507.7272	1.0275	8.3046	100.1460	39.8978	0.8230	0.8260	5.0000	-9999.0000	-9999.0000	-9999.0000	-9999.0000	-9999.0000	-9999.0000	19.0779	5	0	41.8686	1.0000	99	9	-9999.0000	20259	31328	-9999	1435	4363	-9999	321.7884	5	0.6351	0.6465	-0.0005	56.8298	0.8752	457.0855	525.5920	39.5833	450.8786	95.2083	453.1949	94.5370	456.7108	94.6528	461.0602	94.9769	
12/08/2017	01:50:28	011992	G523030935HLR	L523	S		443.1946	1.0292	5.7065	100.0203	39.8868	0.8430	0.8269	5.0000	19.0315	508.0452	94.9769	16.6596	25.0000	0.9300	0.9282	0.6465	-0.0005	508.0000	509.4193	1.0275	8.1372	100.1436	40.1754	0.8230	0.8258	5.0000	-9999.0000	-9999.0000	-9999.0000	-9999.0000	-9999.0000	-9999.0000	19.4720	6	0	33.5594	1.0000	99	9	-9999.0000	20260	31329	-9999	1436	4364	-9999	324.4337	5	0.6351	0.6465	-0.0005	56.8298	0.8752	479.4607	563.8313	38.4259	472.6230	95.0000	475.8961	94.4907	478.9036	94.6528	481.6954	94.8611	
12/08/2017	01:51:00	011992	G523030961HLR	L523	S		429.0094	1.0292	7.3754	99.9610	39.8447	0.8430	0.8266	5.0000	20.0564	508.0449	94.9537	21.2092	25.0000	0.9300	0.9283	0.6440	-0.0004	508.0000	507.7760	1.0275	8.2998	99.9775	39.7850	0.8230	0.8246	5.0000	-9999.0000	-9999.0000	-9999.0000	-9999.0000	-9999.0000	-9999.0000	19.1658	7	0	31.7987	1.0000	99	9	-9999.0000	20261	31330	-9999	1437	4365	-9999	323.3795	5	0.6358	0.6440	-0.0004	60.3660	0.7147	466.1887	553.5064	40.2315	456.3430	94.6991	462.0709	94.6528	465.6652	94.6991	468.6499	94.8611	
12/08/2017	01:51:40	011992	G523030949HLR	L523	S		430.8204	1.0292	7.1623	100.0284	39.7441	0.8430	0.8267	5.0000	18.9485	508.0502	94.9769	23.8293	25.0000	0.9300	0.9283	0.6443	-0.0004	508.0000	508.2655	1.0275	8.2513	99.9697	39.8000	0.8230	0.8260	5.0000	-9999.0000	-9999.0000	-9999.0000	-9999.0000	-9999.0000	-9999.0000	18.7391	8	0	39.7886	1.0000	99	9	-9999.0000	20262	31331	-9999	1438	4366	-9999	322.9587	5	0.6356	0.6443	-0.0004	60.7727	0.6850	465.1671	549.5521	39.8611	459.0390	95.4167	460.3069	94.8148	464.6021	94.9074	467.0746	94.9769	
12/08/2017	01:52:19	011992	G523030225HLR	L523	S		427.6270	1.0292	7.5380	99.9795	40.0295	0.8430	0.8272	5.0000	18.5893	501.5799	94.9769	31.0087	25.1000	0.9300	0.9283	0.6426	-0.0003	508.0000	507.9656	1.0275	8.2810	100.0721	40.2000	0.8230	0.8263	5.0000	-9999.0000	-9999.0000	-9999.0000	-9999.0000	-9999.0000	-9999.0000	19.0312	1	0	39.3980	1.0000	99	9	-9999.0000	20263	31332	-9999	1439	4367	-9999	317.4535	5	0.6358	0.6426	-0.0003	61.4924	0.6606	429.9026	554.5079	39.6296	414.5295	96.0648	422.2792	95.0926	429.2142	95.0926	433.5907	95.0231	
12/08/2017	01:52:59	011992	G523030917HLR	L523	S		432.1940	1.0292	7.0007	99.9493	39.7816	0.8430	0.8262	5.0000	20.7714	508.0447	94.9769	22.2698	25.1000	0.9300	0.9283	0.6430	-0.0003	508.0000	508.4392	1.0275	8.2341	99.9588	39.8748	0.8230	0.8245	5.0000	-9999.0000	-9999.0000	-9999.0000	-9999.0000	-9999.0000	-9999.0000	19.0757	2	0	40.2085	1.0000	99	9	-9999.0000	20263	31333	-9999	1440	4368	-9999	323.2307	5	0.6360	0.6430	-0.0003	60.9760	0.6873	402.6863	577.7783	40.0231	459.4097	95.5093	461.5564	95.3472	400.3277	95.9722	455.3848	94.4444	
12/08/2017	01:53:37	011992	G523030217HLR	L523	S		432.6729	1.0292	6.9444	100.0402	39.9179	0.8430	0.8272	5.0000	18.6889	508.0375	94.9769	20.9290	25.1000	0.9300	0.9283	0.6426	-0.0003	508.0000	508.5705	1.0275	8.2212	99.9999	39.8000	0.8230	0.8257	5.0000	-9999.0000	-9999.0000	-9999.0000	-9999.0000	-9999.0000	-9999.0000	19.5486	3	0	37.8397	1.0000	99	9	-9999.0000	20264	31334	-9999	1441	4369	-9999	323.3992	5	0.6358	0.6426	-0.0003	60.5925	0.7022	468.3794	559.3849	37.7546	461.5842	94.9074	464.3176	94.1435	467.7612	94.2130	472.5915	95.0231	
12/08/2017	01:54:04	011992	G523030224HLR	L523	S		424.7944	1.0292	7.8713	99.9781	39.9805	0.8430	0.8268	5.0000	18.5688	508.0257	94.9537	28.6094	25.2000	0.9300	0.9283	0.6446	-0.0004	508.0000	506.5072	1.0275	8.4253	100.1058	40.2375	0.8230	0.8259	5.0000	-9999.0000	-9999.0000	-9999.0000	-9999.0000	-9999.0000	-9999.0000	20.0774	4	0	27.0185	1.0000	99	9	-9999.0000	20265	31335	-9999	1442	4370	-9999	322.1478	5	0.6347	0.6446	-0.0004	66.4723	0.4645	457.0723	551.3011	38.7037	453.5678	94.8611	452.8397	94.3981	456.6704	94.4676	460.4099	94.7917	
12/08/2017	01:54:40	011992	G523030187HLR	L523	S		422.7504	1.0292	8.1117	100.0074	39.8004	0.8430	0.8267	5.0000	18.5491	508.0916	94.9306	28.3692	25.3000	0.9300	0.9283	0.6425	-0.0003	508.0000	506.5818	1.0275	8.4180	99.9876	39.8625	0.8230	0.8247	5.0000	-9999.0000	-9999.0000	-9999.0000	-9999.0000	-9999.0000	-9999.0000	18.9371	5	0	36.1093	1.0000	99	9	-9999.0000	20266	31336	-9999	1443	4371	-9999	322.2294	5	0.6349	0.6425	-0.0003	60.9985	0.6818	453.9754	516.8839	39.9074	448.0988	95.1389	449.5353	94.3056	453.5703	94.3519	457.0766	94.9306	
12/08/2017	01:55:20	011992	G523030208HLR	L523	S		425.7351	1.0292	7.7606	100.0358	40.0291	0.8430	0.8271	5.0000	18.4499	508.0215	94.9537	29.0791	25.4000	0.9300	0.9283	0.6420	-0.0003	508.0000	507.4559	1.0275	8.3314	99.9972	39.6652	0.8230	0.8248	5.0000	-9999.0000	-9999.0000	-9999.0000	-9999.0000	-9999.0000	-9999.0000	19.3769	6	0	39.3881	1.0000	99	9	-9999.0000	20267	31337	-9999	1444	4372	-9999	322.1881	5	0.6349	0.6420	-0.0003	64.9253	0.5160	459.8699	571.2400	39.1435	453.9711	95.1157	453.7699	95.2315	459.5595	95.3241	462.2392	95.1389	
12/08/2017	01:56:01	011992	G523030172HLR	L523	S		430.5931	1.0292	7.1890	100.0001	39.8278	0.8430	0.8267	5.0000	18.4498	508.0601	95.0000	26.6690	25.4000	0.9300	0.9283	0.6401	-0.0002	508.0000	510.1527	1.0275	8.0646	100.1043	40.2477	0.8230	0.8270	5.0000	-9999.0000	-9999.0000	-9999.0000	-9999.0000	-9999.0000	-9999.0000	19.0616	7	0	41.5582	1.0000	99	9	-9999.0000	20268	31338	-9999	1445	4373	-9999	322.6948	5	0.6349	0.6401	-0.0002	63.6116	0.5783	464.7348	580.4413	40.0000	453.4930	95.4398	458.2489	94.6065	464.5790	94.6528	468.1104	94.8380	
12/08/2017	01:56:36	011992	G523030175HLR	L523	S		439.0802	1.0292	6.1906	99.9605	39.9621	0.8430	0.8272	5.0000	18.4272	508.0338	95.0000	15.8901	25.4000	0.9300	0.9283	0.6401	-0.0002	508.0000	506.8805	1.0275	8.3884	100.0564	40.0814	0.8230	0.8249	5.0000	-9999.0000	-9999.0000	-9999.0000	-9999.0000	-9999.0000	-9999.0000	18.8894	8	0	34.7995	1.0000	99	9	-9999.0000	20269	31339	-9999	1446	4374	-9999	323.8146	5	0.6349	0.6401	-0.0002	63.6116	0.5783	481.0447	562.3672	40.6019	473.9699	95.1852	477.3842	94.5139	480.7296	94.5833	482.7137	94.8611	
12/08/2017	01:57:08	011992	G523029901HLR	L523	S		423.9582	1.0292	7.9696	100.0983	39.8840	0.8430	0.8267	5.0000	18.8787	508.0299	94.9537	24.9991	25.4000	0.9300	0.9283	0.6391	-0.0001	508.0000	507.7839	1.0275	8.2990	100.0347	39.7968	0.8230	0.8252	5.0000	-9999.0000	-9999.0000	-9999.0000	-9999.0000	-9999.0000	-9999.0000	19.2978	1	0	31.9783	1.0000	99	9	-9999.0000	20270	31340	-9999	1447	4375	-9999	323.0477	5	0.6346	0.6391	-0.0001	65.0142	0.5587	463.4504	575.6933	41.1574	463.8922	95.2778	461.2546	94.6759	463.0731	94.7454	466.7970	94.9306	
12/08/2017	01:57:34	011992	G523029900HLR	L523	S		427.1944	1.0292	7.5889	100.0088	39.7575	0.8430	0.8268	5.0000	18.6393	508.0544	94.9537	28.1992	25.4000	0.9300	0.9282	0.6387	-0.0001	508.0000	508.2478	1.0275	8.2531	100.0023	40.1000	0.8230	0.8263	5.0000	-9999.0000	-9999.0000	-9999.0000	-9999.0000	-9999.0000	-9999.0000	19.5203	2	0	26.4797	1.0000	99	9	-9999.0000	20271	31341	-9999	1448	4376	-9999	322.7832	5	0.6345	0.6387	-0.0001	59.1745	0.7842	466.1199	527.7331	38.5880	464.2112	95.1620	461.1335	94.7454	465.8386	94.9306	467.0262	95.0000	
12/08/2017	01:58:00	011992	G523029891HLR	L523	S		424.4699	1.0292	7.9094	99.9763	40.0617	0.8430	0.8271	5.0000	18.5691	508.0348	94.9769	30.4599	25.3000	0.9300	0.9282	0.6414	-0.0002	508.0000	510.6522	1.0275	8.0151	99.9733	39.9826	0.8230	0.8250	5.0000	-9999.0000	-9999.0000	-9999.0000	-9999.0000	-9999.0000	-9999.0000	19.3286	3	0	25.2188	1.0000	99	9	-9999.0000	20272	31342	-9999	1449	4377	-9999	322.6148	5	0.6347	0.6414	-0.0002	59.2011	0.7832	462.7855	537.6190	40.1852	456.0370	95.3009	459.4748	94.5370	462.0721	94.7454	465.9956	94.8843	
12/08/2017	01:58:30	011992	G523029899HLR	L523	S		421.2375	1.0292	8.2897	100.0875	39.8146	0.8430	0.8266	5.0000	18.9397	508.0602	95.0000	23.7394	25.2000	0.9300	0.9281	0.6412	-0.0002	508.0000	508.4021	1.0275	8.2378	99.9939	39.7096	0.8230	0.8247	5.0000	-9999.0000	-9999.0000	-9999.0000	-9999.0000	-9999.0000	-9999.0000	18.9332	4	0	30.4492	1.0000	99	9	-9999.0000	20273	31343	-9999	1450	4378	-9999	323.1512	5	0.6346	0.6412	-0.0002	54.8489	0.9459	466.5811	578.4001	38.6343	458.6541	95.5556	461.6119	94.6296	466.2022	94.8148	468.6562	94.8843	
12/08/2017	01:59:01	011992	G523029907HLR	L523	S		419.3262	1.0292	8.5146	99.9985	39.9553	0.8430	0.8271	5.0000	18.6886	508.0620	95.0000	20.8694	25.2000	0.9300	0.9281	0.6413	-0.0002	508.0000	508.4518	1.0275	8.2329	100.2299	39.8226	0.8230	0.8255	5.0000	-9999.0000	-9999.0000	-9999.0000	-9999.0000	-9999.0000	-9999.0000	20.8787	5	0	30.6995	1.0000	99	9	-9999.0000	20274	31344	-9999	1451	4378	-9999	323.4677	5	0.6346	0.6413	-0.0002	59.6623	0.7590	468.0938	537.4396	40.0000	452.2711	95.5787	462.2310	94.7454	467.7780	94.8148	473.8959	94.8380	
12/08/2017	01:59:35	011992	G523029182HLR	L523	S		435.4664	1.0292	6.6157	100.0037	39.8876	0.8430	0.8268	5.0000	18.3859	508.0605	94.9769	15.4692	25.1000	0.9300	0.9281	0.6413	-0.0002	508.0000	506.8946	1.0275	8.3870	100.0103	40.2512	0.8230	0.8263	5.0000	-9999.0000	-9999.0000	-9999.0000	-9999.0000	-9999.0000	-9999.0000	19.2098	6	0	33.8923	1.0000	99	9	-9999.0000	20275	31345	-9999	1452	4379	-9999	324.1588	5	0.6346	0.6413	-0.0002	59.6623	0.7590	479.4713	565.8657	39.5139	470.2125	95.1157	475.2817	94.5602	479.2362	94.6065	482.6181	94.8843	
12/08/2017	02:00:41	011992	G523029168HLR	L523	S		432.2435	1.0292	6.9949	100.0288	39.9184	0.8430	0.8270	5.0000	19.4327	508.0277	94.9769	19.3792	25.2000	0.9300	0.9284	0.6432	-0.0003	508.0000	508.5985	1.0275	8.2184	99.9546	39.6310	0.8230	0.8242	5.0000	-9999.0000	-9999.0000	-9999.0000	-9999.0000	-9999.0000	-9999.0000	19.0386	8	0	37.9667	1.0000	99	9	-9999.0000	20277	31346	-9999	1454	4380	-9999	323.7651	5	0.6354	0.6432	-0.0003	102.2355	-0.6918	471.4113	514.2739	41.0880	457.8985	95.4167	463.6204	94.6759	470.9543	95.0000	473.8708	95.0694	
12/08/2017	02:01:21	011992	G523029533HLR	L523	S		430.7590	1.0292	7.1695	99.9965	39.9409	0.8430	0.8268	5.0000	18.2997	508.0440	94.9306	19.6194	25.0000	0.9300	0.9282	0.6445	-0.0004	508.0000	509.4676	1.0275	8.1324	100.1830	39.7000	0.8230	0.8260	5.0000	-9999.0000	-9999.0000	-9999.0000	-9999.0000	-9999.0000	-9999.0000	19.2415	1	0	40.0487	1.0000	99	9	-9999.0000	20278	31347	-9999	1455	4381	-9999	323.8006	5	0.6357	0.6445	-0.0004	57.6265	0.9203	473.1739	547.1958	39.5139	467.7945	95.3704	469.3255	94.6065	472.5698	94.5833	475.7732	94.9074	
12/08/2017	02:02:03	011992	G523029878HLR	L523	S		427.1906	1.0292	7.5893	100.0824	39.8378	0.8430	0.8267	5.0000	18.7494	508.0664	94.9769	22.8391	24.9000	0.9300	0.9281	0.6445	-0.0004	508.0000	509.9281	1.0275	8.0868	100.0208	40.4350	0.8230	0.8267	5.0000	-9999.0000	-9999.0000	-9999.0000	-9999.0000	-9999.0000	-9999.0000	19.3888	2	0	41.8482	1.0000	99	9	-9999.0000	20279	31348	-9999	1456	4382	-9999	323.3744	5	0.6357	0.6445	-0.0004	57.6265	0.9203	464.1614	540.0802	38.9352	456.4524	95.4167	460.4044	94.6759	463.5921	94.7685	468.7071	94.8611	
12/08/2017	02:02:29	011992	G523026376HLR	L523	S		437.3033	1.0292	6.3996	100.1036	39.8451	0.8430	0.8269	5.0000	19.0793	508.0338	94.9769	17.1596	24.8000	0.9300	0.9281	0.6449	-0.0004	508.0000	507.3426	1.0275	8.3427	99.9642	39.9209	0.8230	0.8242	5.0000	-9999.0000	-9999.0000	-9999.0000	-9999.0000	-9999.0000	-9999.0000	19.7194	3	0	26.4397	1.0000	99	9	-9999.0000	20280	31348	-9999	1457	4383	-9999	324.3417	5	0.6358	0.6449	-0.0004	58.6138	0.8895	474.2844	563.0221	40.9259	466.7781	95.2778	469.2592	94.7685	473.9919	94.8148	476.9964	94.9074	
12/08/2017	02:02:54	011992	G523028846HLR	L523	S		423.4723	1.0292	8.0268	99.9937	39.9409	0.8430	0.8269	5.0000	18.6691	508.0304	94.9769	27.1192	24.7000	0.9300	0.9281	0.6452	-0.0004	508.0000	507.8644	1.0275	8.2910	99.9419	39.7000	0.8230	0.8256	5.0000	-9999.0000	-9999.0000	-9999.0000	-9999.0000	-9999.0000	-9999.0000	19.0784	4	0	24.9589	1.0000	99	9	-9999.0000	20280	31349	-9999	1458	4384	-9999	322.3000	5	0.6358	0.6452	-0.0004	58.8226	0.9243	455.1208	517.7518	41.0648	450.6505	95.6019	452.1274	94.7917	454.7253	94.7917	457.9802	94.9306	
12/08/2017	02:03:29	011992	G523028814HLR	L523	S		422.7837	1.0292	8.1078	100.0173	39.8156	0.8430	0.8267	5.0000	19.0178	508.0522	94.9537	29.2793	24.6000	0.9300	0.9282	0.6445	-0.0004	508.0000	507.2142	1.0275	8.3554	99.8954	40.1000	0.8230	0.8266	5.0000	-9999.0000	-9999.0000	-9999.0000	-9999.0000	-9999.0000	-9999.0000	19.1989	5	0	34.6796	1.0000	99	9	-9999.0000	20281	31350	-9999	1459	4385	-9999	321.6677	5	0.6360	0.6445	-0.0004	57.1157	1.0298	454.6403	561.8478	41.1111	450.0032	95.5093	450.7290	94.8148	453.9380	95.0000	454.8928	95.0231	
