Data	Timp	Nr. masina	Nr. de serie	Tip	Productie	Comentariu	Pre-masurare Q [ml/min]	Pre-masurare Gain	Pre-masurare Offset Master	Pre-masurare P [bar]	Pre-masurare T [°C]	Pre-masurare Densitate fixa [kg/l]	Pre-masurare densitate masurata [kg/l]	Pre-masurare Timp masurare [s]	Pre-masurare Cycle time [s]	rectificare Q Oprire [ml/min]	rectificare P Oprire [bar]	rectificare Timp rectificare [s]	rectificare T [°C]	rectificare Densitate fixa [kg/l]	rectificare densitate masurata [kg/l]	rectificare Factor de masurare la rectificare	rectificare Factor de corectie a debitului	rectificare Target rectificare	Masurare Q [ml/min]	Masurare Gain	Masurare Offset Master	Masurare P [bar]	Masurare T [°C]	Masurare Densitate fixa [kg/l]	Masurare densitate masurata [kg/l]	Masurare Timp masurare [s]	Masurare Q [ml/min]	Masurare Delta Q [ml/min]	Masurare P [bar]	Masurare BP [bar]	Masurare T [°C]	Masurare Timp masurare [s]	Masurare Cycle time [s]	Nest Nr.	Cod de descarcare	Cycle time [s]	Traceability aktiv	EDM Maschine Nr	EDM Spindle Nr	Honing Rate [r	Station Counter Premeasure	Station Counter Grind	Station Counter Blowout 1	Station Counter Wash	Station Counter Measure	Station Counter Blowout 2	RealGrindQStop	Reg Type	Factor 0	Factor 1	Factor 2	Factor 3	Factor 4	G_StartQV	G_StartQV_1	G_StartQV_2	G_StartQV_3	G_StartQV_4	G_StartQV_5	
15/08/2017	00:31:15	011992	H421053202HLR	L421	Q		687.2545	1.0292	10.0000	99.9865	39.4940	0.8430	0.8278	5.0000	19.4642	815.0412	94.9306	27.9882	24.9000	0.9300	0.9241	0.7198	-0.0004	815.0000	809.6264	1.0275	-4.1044	100.0938	39.5086	0.8230	0.8262	5.0000	-9999.0000	-9999.0000	-9999.0000	-9999.0000	-9999.0000	-9999.0000	19.9088	7	0	34.2784	1.0000	02	3	-9999.0000	24118	34819	-9999	2480	2278	-9999	577.1185	5	0.7088	0.7198	-0.0004	65.8424	2.1492	734.3664	369.9901	35.4167	680.5399	94.8380	720.9633	96.4583	727.7672	96.8519	734.9249	95.1852	
15/08/2017	00:32:11	011992	H421053218HLR	L421	S		699.2614	1.0292	10.0000	99.9470	39.4904	0.8430	0.8267	5.0000	19.4991	815.0641	94.9306	23.2189	24.8000	0.9300	0.9252	0.7198	-0.0004	815.0000	811.8233	1.0275	-4.4705	100.0695	39.4910	0.8230	0.8257	5.0000	-9999.0000	-9999.0000	-9999.0000	-9999.0000	-9999.0000	-9999.0000	19.2192	1	0	32.3984	1.0000	02	3	-9999.0000	24119	34820	-9999	2481	2279	-9999	578.8094	5	0.7088	0.7198	-0.0004	65.8424	2.1492	735.3334	449.8683	38.1250	690.0816	92.5000	727.9463	93.1481	734.6419	93.0093	739.7560	94.8611	
15/08/2017	00:33:10	011992	H421053220HLR	L421	S		702.2532	1.0292	10.0000	100.0578	39.9557	0.8430	0.8281	5.0000	18.6594	815.0393	94.8380	23.2687	24.8000	0.9300	0.9257	0.7178	-0.0003	815.0000	813.9735	1.0275	-4.8289	100.1173	39.6509	0.8230	0.8261	5.0000	-9999.0000	-9999.0000	-9999.0000	-9999.0000	-9999.0000	-9999.0000	20.5679	3	0	34.0879	1.0000	02	3	-9999.0000	24120	34821	-9999	2482	2280	-9999	578.8730	5	0.7092	0.7178	-0.0003	63.6397	2.1842	741.0454	471.4141	38.1713	695.2000	92.5000	732.8038	93.8657	740.4329	93.6806	746.0528	94.3981	
15/08/2017	00:34:13	011992	H421053222HLR	L421	Q		702.2767	1.0292	10.0000	99.8874	39.4327	0.8430	0.8271	5.0000	20.9884	815.0483	94.9537	21.4397	24.7000	0.9300	0.9259	0.7178	-0.0003	815.0000	812.7349	1.0275	-4.6225	100.2223	39.5838	0.8230	0.8260	5.0000	-9999.0000	-9999.0000	-9999.0000	-9999.0000	-9999.0000	-9999.0000	20.5281	5	0	38.4280	1.0000	02	3	-9999.0000	24121	34822	-9999	2483	2281	-9999	579.7380	5	0.7099	0.7178	-0.0003	66.2330	2.0618	740.4720	477.1875	35.8102	694.6520	92.7546	732.3273	93.2870	739.5819	93.3333	746.0202	94.5139	
15/08/2017	00:35:16	011992	H421053203HLR	L421	S		699.7652	1.0292	10.0000	99.9371	39.7683	0.8430	0.8268	5.0000	19.2991	815.0701	94.8611	23.1495	24.6000	0.9300	0.9260	0.7164	-0.0003	815.0000	812.4696	1.0275	-4.5783	99.9329	39.4912	0.8230	0.8253	5.0000	-9999.0000	-9999.0000	-9999.0000	-9999.0000	-9999.0000	-9999.0000	21.6399	7	0	38.0582	1.0000	02	3	-9999.0000	24122	34823	-9999	2484	2282	-9999	579.0560	5	0.7098	0.7164	-0.0003	59.5540	2.2952	737.5160	510.6449	39.0046	693.7749	92.7083	730.5049	93.6111	736.6605	93.7037	743.0547	94.4907	
15/08/2017	00:36:16	011992	H421053238HLR	L421	S		686.1283	1.0292	10.0000	99.9105	39.8503	0.8430	0.8276	5.0000	21.0303	815.0393	94.9537	27.4092	24.4000	0.9300	0.9259	0.7236	-0.0005	815.0000	810.9201	1.0275	-4.3200	100.0752	39.5437	0.8230	0.8253	5.0000	-9999.0000	-9999.0000	-9999.0000	-9999.0000	-9999.0000	-9999.0000	20.7587	1	0	35.8984	1.0000	02	3	-9999.0000	24123	34824	-9999	2485	2283	-9999	577.7136	5	0.7102	0.7236	-0.0005	75.0488	1.6626	717.9254	468.2935	37.1759	671.1307	93.2407	709.5115	93.7731	717.1138	93.7269	722.6746	94.5833	
15/08/2017	00:37:19	011992	H421053020HLR	L421	S		698.5344	1.0292	10.0000	100.0765	39.4786	0.8430	0.8273	5.0000	18.8295	815.0350	94.9074	27.1484	24.2000	0.9300	0.9259	0.7284	-0.0007	815.0000	813.0497	1.0275	-4.6750	100.0366	39.7413	0.8230	0.8258	5.0000	-9999.0000	-9999.0000	-9999.0000	-9999.0000	-9999.0000	-9999.0000	20.7586	3	0	37.5392	1.0000	02	3	-9999.0000	24124	34825	-9999	2486	2284	-9999	577.4375	5	0.7106	0.7284	-0.0007	75.9024	1.6180	723.6039	480.0779	37.8241	683.9433	93.6343	715.5591	94.1435	722.9164	94.4907	728.4939	94.7917	
15/08/2017	00:38:18	011992	H421052549HLR	L421	S		696.7055	1.0292	10.0000	99.9781	39.7914	0.8430	0.8271	5.0000	18.5687	815.0587	94.9537	24.8692	24.0000	0.9300	0.9260	0.7181	-0.0003	815.0000	815.5733	1.0275	-4.9969	99.9888	39.6988	0.8230	0.8266	5.0000	-9999.0000	-9999.0000	-9999.0000	-9999.0000	-9999.0000	-9999.0000	19.6191	5	0	34.6780	1.0000	02	3	-9999.0000	24125	34826	-9999	2487	2285	-9999	579.5777	5	0.7110	0.7181	-0.0003	71.7052	1.8036	732.7735	487.1573	37.7083	685.4584	93.5648	724.8890	94.0278	731.8504	94.2824	736.9851	94.8148	
15/08/2017	00:39:22	011992	H421053248HLR	L421	S		699.0256	1.0292	10.0000	100.0796	39.8800	0.8430	0.8282	5.0000	18.7893	815.0704	95.1157	26.5488	23.8000	0.9300	0.9260	0.7162	-0.0002	815.0000	819.8823	1.0275	-4.9733	100.0840	39.4954	0.8230	0.8254	5.0000	-9999.0000	-9999.0000	-9999.0000	-9999.0000	-9999.0000	-9999.0000	22.0393	7	0	38.6686	1.0000	02	3	-9999.0000	24126	34827	-9999	2488	2286	-9999	579.6463	5	0.7113	0.7162	-0.0002	74.4243	1.6891	735.0472	468.2375	35.9491	689.4058	93.7500	727.2234	93.7269	734.4372	93.8657	740.2664	94.6991	
15/08/2017	00:40:18	011992	H421053038HLR	L421	S		699.8770	1.0292	10.0000	99.9160	39.4531	0.8430	0.8268	5.0000	20.9188	815.0912	95.0694	23.7188	23.6000	0.9300	0.9261	0.7141	-0.0001	815.0000	817.0059	1.0275	-4.9891	99.9593	39.4904	0.8230	0.8250	5.0000	-9999.0000	-9999.0000	-9999.0000	-9999.0000	-9999.0000	-9999.0000	21.2987	1	0	31.3190	1.0000	02	3	-9999.0000	24127	34828	-9999	2489	2287	-9999	580.1880	5	0.7116	0.7141	-0.0001	69.2043	1.9378	738.1207	465.7594	35.7870	691.2559	93.9120	730.3323	94.0972	737.2807	94.3287	743.7767	94.8148	
15/08/2017	00:41:22	011992	H421053018HLR	L421	S		697.3580	1.0292	10.0000	100.1019	39.9084	0.8430	0.8273	5.0000	18.7493	815.0730	94.9769	25.8399	23.4000	0.9300	0.9262	0.7152	-0.0001	815.0000	819.0681	1.0275	-4.9778	99.9570	39.8022	0.8230	0.8257	5.0000	-9999.0000	-9999.0000	-9999.0000	-9999.0000	-9999.0000	-9999.0000	21.9294	3	0	38.3071	1.0000	02	3	-9999.0000	24128	34829	-9999	2490	2288	-9999	579.8503	5	0.7114	0.7152	-0.0001	67.8510	1.9864	731.4456	469.6604	37.0602	684.1002	94.0278	724.9284	94.0972	731.0098	94.0972	736.9916	94.6991	
15/08/2017	00:42:17	011992	H421053017HLR	L421	S		713.6756	1.0292	10.0000	100.0638	39.8760	0.8430	0.8281	5.0000	18.6692	815.0606	94.9769	19.0989	23.5000	0.9300	0.9265	0.7175	-0.0002	815.0000	818.6057	1.0275	-4.9803	100.0317	39.7285	0.8230	0.8263	5.0000	-9999.0000	-9999.0000	-9999.0000	-9999.0000	-9999.0000	-9999.0000	20.4849	5	0	30.1786	1.0000	02	3	-9999.0000	24129	34830	-9999	2491	2289	-9999	581.0958	5	0.7113	0.7175	-0.0002	64.0906	2.1358	750.5579	472.8627	36.9444	701.6702	94.0278	742.9704	94.4213	749.8684	94.4676	756.0860	94.7917	
15/08/2017	00:43:22	011992	H421053005HLR	L421	S		695.5285	1.0292	10.0000	99.8931	39.5022	0.8430	0.8267	5.0000	20.6096	815.0634	94.9306	25.5889	23.4000	0.9300	0.9267	0.7277	-0.0007	815.0000	817.0247	1.0275	-4.9889	99.9406	39.5818	0.8230	0.8257	5.0000	-9999.0000	-9999.0000	-9999.0000	-9999.0000	-9999.0000	-9999.0000	21.3500	7	0	39.7984	1.0000	02	3	-9999.0000	24130	34831	-9999	2492	2290	-9999	578.8703	5	0.7109	0.7277	-0.0007	54.2966	2.5619	724.3392	461.0806	36.1806	675.8184	93.9815	715.9223	94.6759	723.7336	94.7917	728.9401	95.0694	
15/08/2017	00:44:17	011992	H421053014HLR	L421	S		710.0293	1.0292	10.0000	99.8799	39.7529	0.8430	0.8265	5.0000	20.5099	815.0467	94.9306	19.2991	23.6000	0.9300	0.9269	0.7161	-0.0002	815.0000	816.6014	1.0275	-4.9913	100.0133	39.4643	0.8230	0.8249	5.0000	-9999.0000	-9999.0000	-9999.0000	-9999.0000	-9999.0000	-9999.0000	20.3580	1	0	30.7889	1.0000	02	3	-9999.0000	24131	34832	-9999	2493	2291	-9999	580.1256	5	0.7106	0.7161	-0.0002	58.9530	2.3845	749.7116	469.2772	37.3611	699.0043	93.7963	740.2006	94.3056	749.2089	94.5139	754.4841	94.9074	
15/08/2017	00:45:16	011992	H421053006HLR	L421	S		695.1602	1.0292	10.0000	100.1239	39.8443	0.8430	0.8283	5.0000	18.6194	815.0711	95.0000	28.8183	23.7000	0.9300	0.9269	0.7165	-0.0003	815.0000	815.3547	1.0275	-4.9981	100.0423	39.8584	0.8230	0.8261	5.0000	-9999.0000	-9999.0000	-9999.0000	-9999.0000	-9999.0000	-9999.0000	20.8189	3	0	34.5193	1.0000	02	3	-9999.0000	24132	34833	-9999	2494	2292	-9999	578.0798	5	0.7103	0.7165	-0.0003	59.0634	2.3984	725.3056	460.8956	36.3889	681.2887	94.0046	718.5521	94.2130	724.8731	94.5833	728.7711	94.8148	
15/08/2017	00:46:17	011992	H421053033HLR	L421	S		708.6786	1.0292	10.0000	99.9873	39.4232	0.8430	0.8267	5.0000	20.5889	815.0467	94.9537	19.8098	23.8000	0.9300	0.9270	0.7122	-0.0001	815.0000	814.6929	1.0275	-4.9488	100.0298	39.7263	0.8230	0.8262	5.0000	-9999.0000	-9999.0000	-9999.0000	-9999.0000	-9999.0000	-9999.0000	21.4685	5	0	36.2489	1.0000	02	3	-9999.0000	24133	34833	-9999	2495	2293	-9999	579.0264	5	0.7100	0.7122	-0.0001	61.2378	2.3142	750.6679	467.8008	37.6157	700.4794	94.3519	743.0183	94.7454	750.0908	94.6991	755.9076	94.8380	
15/08/2017	00:47:19	011992	H421052553HLR	L421	S		698.4129	1.0292	10.0000	100.0946	40.0607	0.8430	0.8276	5.0000	18.6932	815.0464	94.9306	23.5499	23.9000	0.9300	0.9270	0.7120	-0.0001	815.0000	814.9317	1.0275	-4.9886	100.0393	39.5016	0.8230	0.8254	5.0000	-9999.0000	-9999.0000	-9999.0000	-9999.0000	-9999.0000	-9999.0000	19.8812	7	0	37.8287	1.0000	02	3	-9999.0000	24134	34834	-9999	2496	2294	-9999	578.4823	5	0.7096	0.7120	-0.0001	61.9769	2.2925	743.0585	465.5244	36.3194	693.6544	94.0972	736.3173	94.2824	741.9329	94.4444	747.7243	94.9074	
15/08/2017	00:48:24	011992	H421052604HLR	L421	S		673.0126	1.0292	10.0000	100.0346	39.6866	0.8430	0.8279	5.0000	19.8490	815.0492	94.9537	25.3194	24.0000	0.9300	0.9271	0.7140	-0.0002	815.0000	814.3046	1.0275	-4.8841	99.9298	39.6118	0.8230	0.8250	5.0000	-9999.0000	-9999.0000	-9999.0000	-9999.0000	-9999.0000	-9999.0000	19.9793	1	0	41.3094	1.0000	02	3	-9999.0000	24135	34835	-9999	2497	2295	-9999	578.1291	5	0.7095	0.7140	-0.0002	72.1296	1.7983	730.2546	489.2545	37.8241	662.8891	94.8148	721.2817	95.6019	729.2861	95.6019	736.4313	95.1852	
15/08/2017	00:49:24	011992	H421053016HLR	L421	S		692.2767	1.0292	10.0000	99.9330	39.4936	0.8430	0.8264	5.0000	20.0694	815.0532	94.9074	26.9287	23.9000	0.9300	0.9269	0.7149	-0.0002	815.0000	814.7268	1.0275	-4.9545	100.0852	39.7289	0.8230	0.8254	5.0000	-9999.0000	-9999.0000	-9999.0000	-9999.0000	-9999.0000	-9999.0000	20.6587	3	0	34.3214	1.0000	02	3	-9999.0000	24136	34836	-9999	2498	2296	-9999	577.6979	5	0.7094	0.7149	-0.0002	59.7337	2.3879	735.7944	463.4936	36.4815	683.4939	95.0463	725.8057	95.9722	732.1111	96.0417	738.4680	95.0231	
15/08/2017	00:50:21	011992	H421053007HLR	L421	S		682.3067	1.0292	10.0000	100.0919	40.0648	0.8430	0.8276	5.0000	18.9092	815.0557	94.9306	30.3788	23.8000	0.9300	0.9267	0.7149	-0.0002	815.0000	814.8029	1.0275	-4.9671	99.9763	39.8573	0.8230	0.8265	5.0000	-9999.0000	-9999.0000	-9999.0000	-9999.0000	-9999.0000	-9999.0000	19.8183	5	0	33.9284	1.0000	02	3	-9999.0000	24137	34837	-9999	2499	2297	-9999	577.0088	5	0.7094	0.7149	-0.0002	59.2291	2.4132	721.0790	475.0006	35.3009	675.0346	93.9583	714.7160	94.9769	720.5436	94.8611	727.1974	95.0000	
15/08/2017	00:51:20	011992	H421052572HLR	L421	S		667.8474	1.0292	10.0000	99.9613	39.7864	0.8430	0.8283	5.0000	18.4090	815.0488	94.8843	23.3097	23.8000	0.9300	0.9268	0.7138	-0.0002	815.0000	815.9779	1.0275	-4.9947	100.1274	39.6014	0.8230	0.8262	5.0000	-9999.0000	-9999.0000	-9999.0000	-9999.0000	-9999.0000	-9999.0000	19.6193	7	0	35.1393	1.0000	02	3	-9999.0000	24138	34837	-9999	2500	2298	-9999	578.5118	5	0.7096	0.7138	-0.0002	59.6257	2.3950	743.2968	463.3457	36.2731	671.8308	94.3750	719.8432	94.9306	742.9796	94.8148	747.7617	94.9306	
15/08/2017	00:52:21	011992	H421054332HLR	L421	S		700.7553	1.0292	10.0000	100.0150	39.5341	0.8430	0.8269	5.0000	18.9883	815.0672	94.9769	23.0490	23.8000	0.9300	0.9269	0.7140	-0.0002	815.0000	814.7271	1.0275	-4.9545	100.0693	39.4695	0.8230	0.8248	5.0000	-9999.0000	-9999.0000	-9999.0000	-9999.0000	-9999.0000	-9999.0000	20.6884	1	0	37.3584	1.0000	02	3	-9999.0000	24139	34837	-9999	2501	2299	-9999	578.4794	5	0.7094	0.7140	-0.0002	59.3532	2.4027	744.4250	492.6154	37.9167	699.4338	94.5139	737.6322	95.0231	743.9391	94.8380	748.5792	94.9769	
15/08/2017	00:53:19	011992	H421054329HLR	L421	S		696.5873	1.0292	10.0000	100.0576	40.0042	0.8430	0.8274	5.0000	19.3186	815.0456	94.9537	24.2491	23.7000	0.9300	0.9269	0.7137	-0.0002	815.0000	815.9452	1.0275	-4.9948	99.9859	39.6617	0.8230	0.8249	5.0000	-9999.0000	-9999.0000	-9999.0000	-9999.0000	-9999.0000	-9999.0000	20.9193	3	0	32.4795	1.0000	02	3	-9999.0000	24140	34838	-9999	2502	2300	-9999	578.3003	5	0.7095	0.7137	-0.0002	61.0020	2.3201	739.1491	486.6301	35.3935	690.6418	94.3981	732.3851	94.9769	738.3322	94.8380	743.9890	94.9537	
15/08/2017	00:54:16	011992	H421055330HLR	L421	S		689.3227	1.0292	10.0000	100.0752	39.7000	0.8430	0.8280	5.0000	18.7680	815.0852	94.9306	26.3389	23.7000	0.9300	0.9269	0.7145	-0.0002	815.0000	814.8494	1.0275	-4.9749	99.9486	39.8593	0.8230	0.8264	5.0000	-9999.0000	-9999.0000	-9999.0000	-9999.0000	-9999.0000	-9999.0000	20.7173	5	0	32.8592	1.0000	02	3	-9999.0000	24141	34839	-9999	2503	2301	-9999	578.0896	5	0.7095	0.7145	-0.0002	61.4699	2.2989	728.7790	473.3002	36.0185	679.9732	94.1898	721.3808	95.0000	728.1993	94.9769	734.5672	94.9537	
15/08/2017	00:55:17	011992	H421054632HLR	L421	S		702.9675	1.0292	10.0000	100.0520	39.6144	0.8430	0.8270	5.0000	18.5888	815.0567	95.0000	21.4494	23.8000	0.9300	0.9270	0.7143	-0.0002	815.0000	815.5503	1.0275	-4.9970	100.0190	39.5373	0.8230	0.8259	5.0000	-9999.0000	-9999.0000	-9999.0000	-9999.0000	-9999.0000	-9999.0000	20.3588	7	0	35.8090	1.0000	02	3	-9999.0000	24142	34840	-9999	2504	2302	-9999	578.8196	5	0.7095	0.7143	-0.0002	61.6371	2.2988	747.0800	467.8571	36.1343	693.9279	94.1204	739.4565	94.6528	746.2187	94.8843	751.7589	95.0000	
15/08/2017	00:56:21	011992	H421054615HLR	L421	S		701.7854	1.0292	10.0000	99.9853	39.9587	0.8430	0.8273	5.0000	20.2988	815.0663	94.9074	21.9387	23.8000	0.9300	0.9270	0.7149	-0.0002	815.0000	815.8796	1.0275	-4.9952	100.0002	39.4537	0.8230	0.8247	5.0000	-9999.0000	-9999.0000	-9999.0000	-9999.0000	-9999.0000	-9999.0000	20.6676	1	0	39.1891	1.0000	02	3	-9999.0000	24143	34841	-9999	2505	2303	-9999	578.9729	5	0.7094	0.7149	-0.0002	62.6344	2.2585	744.2243	459.2675	35.5093	692.8717	94.0741	737.6510	94.9306	743.6824	95.0694	750.2628	95.0694	
15/08/2017	00:57:25	011992	H421055408HLR	L421	S		696.7618	1.0292	10.0000	99.8601	39.5960	0.8430	0.8278	5.0000	18.3688	815.0562	94.9074	24.9190	23.7000	0.9300	0.9269	0.7143	-0.0002	815.0000	815.3463	1.0275	-4.9981	100.0597	39.6403	0.8230	0.8250	5.0000	-9999.0000	-9999.0000	-9999.0000	-9999.0000	-9999.0000	-9999.0000	20.7988	3	0	39.9887	1.0000	02	3	-9999.0000	24144	34842	-9999	2506	2304	-9999	578.2261	5	0.7095	0.7143	-0.0002	59.2880	2.4242	735.6056	467.1289	35.8565	686.2007	93.8426	728.2504	94.4907	735.1080	94.8380	740.6196	95.0000	
15/08/2017	00:58:24	011992	H421055394HLR	L421	S		696.7425	1.0292	10.0000	99.9719	39.7232	0.8430	0.8271	5.0000	18.7478	815.0861	94.9306	28.3183	23.8000	0.9300	0.9270	0.7131	-0.0002	815.0000	817.4959	1.0275	-4.9864	99.9327	39.7894	0.8230	0.8260	5.0000	-9999.0000	-9999.0000	-9999.0000	-9999.0000	-9999.0000	-9999.0000	19.9894	5	0	35.3981	1.0000	02	3	-9999.0000	24145	34843	-9999	2507	2305	-9999	577.8129	5	0.7094	0.7131	-0.0002	64.0146	2.2485	735.0495	456.2451	35.5324	690.2409	94.0046	728.0181	94.8611	734.2742	95.1852	739.5389	95.1389	
15/08/2017	00:59:25	011992	H421054654HLR	L421	S		688.6865	1.0292	10.0000	100.0255	39.8738	0.8430	0.8278	5.0000	18.7687	815.0380	94.8843	29.0985	23.9000	0.9300	0.9270	0.7129	-0.0001	815.0000	814.4068	1.0275	-4.9011	100.0103	39.6782	0.8230	0.8261	5.0000	-9999.0000	-9999.0000	-9999.0000	-9999.0000	-9999.0000	-9999.0000	19.8991	7	0	37.0688	1.0000	02	3	-9999.0000	24146	34844	-9999	2508	2306	-9999	577.6328	5	0.7093	0.7129	-0.0001	64.1235	2.2386	729.3082	455.9254	36.0417	681.1047	94.2361	722.8808	94.8148	728.7151	94.8380	733.7335	95.0000	
15/08/2017	01:00:25	011992	H421055398HLR	L421	S		697.2636	1.0292	10.0000	99.9511	39.6533	0.8430	0.8275	5.0000	19.6788	815.0745	94.9537	24.4991	24.1000	0.9300	0.9271	0.7137	-0.0002	815.0000	814.2298	1.0275	-4.8716	100.0481	39.5028	0.8230	0.8252	5.0000	-9999.0000	-9999.0000	-9999.0000	-9999.0000	-9999.0000	-9999.0000	20.8642	1	0	35.0593	1.0000	02	3	-9999.0000	24147	34845	-9999	2509	2307	-9999	578.1106	5	0.7090	0.7137	-0.0002	68.8292	2.0305	740.0540	482.5638	37.7083	694.5864	95.3241	732.1401	95.0926	739.3628	95.0463	744.4565	95.0231	
15/08/2017	01:01:22	011992	H421055404HLR	L421	S		697.5877	1.0292	10.0000	99.9559	39.7575	0.8430	0.8273	5.0000	18.5393	815.0652	94.9769	26.1387	24.1000	0.9300	0.9271	0.7132	-0.0002	815.0000	814.7678	1.0275	-4.9613	100.0019	39.6413	0.8230	0.8252	5.0000	-9999.0000	-9999.0000	-9999.0000	-9999.0000	-9999.0000	-9999.0000	19.9894	3	0	32.8585	1.0000	02	3	-9999.0000	24148	34846	-9999	2510	2308	-9999	577.9112	5	0.7090	0.7132	-0.0002	71.4214	1.9200	740.5721	451.0146	34.9769	693.1155	94.0972	732.8786	94.8843	739.7664	95.0000	745.5011	95.1620	
15/08/2017	01:02:25	011992	H421055426HLR	L421	S		700.3636	1.0292	10.0000	100.0062	39.8772	0.8430	0.8278	5.0000	18.6994	815.1232	94.9074	24.0987	24.2000	0.9300	0.9270	0.7123	-0.0001	815.0000	813.9031	1.0275	-4.8172	99.9209	39.7836	0.8230	0.8261	5.0000	-9999.0000	-9999.0000	-9999.0000	-9999.0000	-9999.0000	-9999.0000	20.3199	5	0	38.2185	1.0000	02	3	-9999.0000	24149	34847	-9999	2511	2309	-9999	578.3347	5	0.7092	0.7123	-0.0001	78.3160	1.6157	742.8747	464.7620	34.6065	696.5748	94.7454	737.5023	95.0694	742.2714	95.1620	747.8345	95.0463	
15/08/2017	01:03:28	011992	H421055422HLR	L421	S		700.3166	1.0292	10.0000	99.8394	39.6611	0.8430	0.8276	5.0000	18.3792	815.0403	94.9306	21.9191	24.1000	0.9300	0.9269	0.7113	-0.0001	815.0000	812.6898	1.0275	-4.6150	99.9982	39.4758	0.8230	0.8253	5.0000	-9999.0000	-9999.0000	-9999.0000	-9999.0000	-9999.0000	-9999.0000	22.2175	7	0	36.3904	1.0000	02	3	-9999.0000	24150	34848	-9999	2512	2310	-9999	578.4838	5	0.7092	0.7113	-0.0001	80.4308	1.5146	746.9938	471.1081	35.0463	700.0414	94.5602	740.5563	95.0000	746.0532	95.0231	752.0833	95.0694	
15/08/2017	01:04:27	011992	H421055418HLR	L421	S		700.0656	1.0292	10.0000	100.0849	39.8116	0.8430	0.8274	5.0000	18.7590	815.0269	94.9306	27.0898	23.9000	0.9300	0.9267	0.7110	-0.0001	815.0000	816.5609	1.0275	-4.9915	100.0382	39.5066	0.8230	0.8249	5.0000	-9999.0000	-9999.0000	-9999.0000	-9999.0000	-9999.0000	-9999.0000	20.1674	1	0	35.1191	1.0000	02	3	-9999.0000	24151	34849	-9999	2513	2311	-9999	578.1506	5	0.7093	0.7110	-0.0001	80.1261	1.5220	740.3300	480.3229	37.1065	694.7415	94.4444	734.9287	94.6991	740.0954	94.7685	744.7920	95.0463	
15/08/2017	01:05:25	011992	H421055414HLR	L421	S		698.4828	1.0292	10.0000	99.9725	39.7667	0.8430	0.8275	5.0000	19.5782	815.0998	94.8843	24.8389	23.8000	0.9300	0.9267	0.7164	-0.0003	815.0000	815.6448	1.0275	-4.9965	99.9933	39.8090	0.8230	0.8257	5.0000	-9999.0000	-9999.0000	-9999.0000	-9999.0000	-9999.0000	-9999.0000	20.1980	3	0	33.1083	1.0000	02	3	-9999.0000	24152	34850	-9999	2514	2312	-9999	578.4972	5	0.7096	0.7164	-0.0003	79.0047	1.5460	740.5517	440.8706	36.6204	689.7982	94.1667	732.5589	94.8148	739.8269	95.2083	746.0903	95.1157	
15/08/2017	01:06:25	011992	H421055411HLR	L421	S		697.5828	1.0292	10.0000	100.0457	39.6958	0.8430	0.8274	5.0000	18.7334	815.0505	94.9306	23.8897	23.8000	0.9300	0.9268	0.7177	-0.0003	815.0000	815.2771	1.0275	-4.9985	99.9561	39.7172	0.8230	0.8262	5.0000	-9999.0000	-9999.0000	-9999.0000	-9999.0000	-9999.0000	-9999.0000	20.7087	5	0	36.2888	1.0000	02	3	-9999.0000	24153	34851	-9999	2515	2313	-9999	578.5615	5	0.7094	0.7177	-0.0003	88.8604	1.1066	738.2645	455.0867	37.8704	686.1025	94.2593	730.1291	95.0694	737.7811	95.0694	742.7474	95.0926	
15/08/2017	01:07:25	011992	H421055432HLR	L421	S		705.7303	1.0292	10.0000	99.9734	39.7733	0.8430	0.8270	5.0000	20.3996	815.0687	94.9306	22.2590	23.8000	0.9300	0.9269	0.7202	-0.0004	815.0000	816.2470	1.0275	-4.9932	100.0512	39.4120	0.8230	0.8249	5.0000	-9999.0000	-9999.0000	-9999.0000	-9999.0000	-9999.0000	-9999.0000	21.1593	7	0	32.7088	1.0000	02	3	-9999.0000	24154	34852	-9999	2516	2314	-9999	579.3273	5	0.7094	0.7202	-0.0004	84.0653	1.3122	740.4543	441.9405	36.5509	691.6359	94.2130	733.0560	94.4444	739.4566	94.8148	746.2955	95.1389	
15/08/2017	01:08:21	011992	H421055434HLR	L421	S		702.9301	1.0292	10.0000	100.0812	39.7701	0.8430	0.8276	5.0000	18.9388	815.0832	94.9306	25.2393	23.7000	0.9300	0.9269	0.7276	-0.0007	815.0000	818.3303	1.0275	-4.9818	100.0324	39.5998	0.8230	0.8247	5.0000	-9999.0000	-9999.0000	-9999.0000	-9999.0000	-9999.0000	-9999.0000	21.0087	1	0	31.5682	1.0000	02	3	-9999.0000	24155	34853	-9999	2517	2315	-9999	578.2652	5	0.7094	0.7276	-0.0007	82.3868	1.3840	732.8530	420.9449	36.1574	684.7440	93.9352	725.7770	94.5602	732.0622	94.8148	738.0915	95.2546	
15/08/2017	01:09:19	011992	H421055438HLR	L421	S		704.1966	1.0292	10.0000	99.8644	39.5412	0.8430	0.8263	5.0000	23.0285	815.0546	94.9537	21.7883	23.8000	0.9300	0.9269	0.7208	-0.0005	815.0000	815.6060	1.0275	-4.9967	99.9794	39.8138	0.8230	0.8260	5.0000	-9999.0000	-9999.0000	-9999.0000	-9999.0000	-9999.0000	-9999.0000	21.2978	3	0	33.2880	1.0000	02	3	-9999.0000	24156	34854	-9999	2518	2316	-9999	579.5133	5	0.7094	0.7208	-0.0005	77.6504	1.5534	740.5893	459.2377	37.0370	689.2581	94.0741	732.8066	94.9769	740.0099	94.7917	745.7123	94.9306	
15/08/2017	01:10:14	011992	H421054014HLR	L421	S		705.0898	1.0292	10.0000	99.9980	39.8924	0.8430	0.8276	5.0000	18.6881	815.0824	94.9537	20.6291	23.8000	0.9300	0.9270	0.7177	-0.0003	815.0000	815.4721	1.0275	-4.9974	99.9444	39.5725	0.8230	0.8260	5.0000	-9999.0000	-9999.0000	-9999.0000	-9999.0000	-9999.0000	-9999.0000	20.3187	5	0	30.7492	1.0000	02	3	-9999.0000	24157	34855	-9999	2519	2317	-9999	579.5253	5	0.7094	0.7177	-0.0003	75.8180	1.6249	745.9651	462.1368	34.3519	692.2148	94.0278	737.6819	94.4213	745.0168	94.5833	750.5524	95.1620	
15/08/2017	01:11:16	011992	H421054026HLR	L421	S		702.9791	1.0292	10.0000	99.9035	39.7421	0.8430	0.8279	5.0000	18.4691	815.0537	94.9306	22.3195	23.8000	0.9300	0.9270	0.7221	-0.0005	815.0000	814.5717	1.0275	-4.9286	99.9948	39.5287	0.8230	0.8248	5.0000	-9999.0000	-9999.0000	-9999.0000	-9999.0000	-9999.0000	-9999.0000	21.2715	7	0	36.5094	1.0000	02	3	-9999.0000	24158	34856	-9999	2520	2318	-9999	579.2462	5	0.7096	0.7221	-0.0005	86.1490	1.1869	737.0384	452.3840	35.7870	688.0357	93.8194	729.7725	94.4676	736.2042	94.7685	741.1466	95.0926	
15/08/2017	01:12:12	011992	H421054021HLR	L421	S		706.7233	1.0292	10.0000	100.0038	39.7143	0.8430	0.8273	5.0000	18.4191	815.0999	94.9537	19.8596	23.9000	0.9300	0.9271	0.7198	-0.0004	815.0000	814.6324	1.0275	-4.9387	99.9388	39.7421	0.8230	0.8255	5.0000	-9999.0000	-9999.0000	-9999.0000	-9999.0000	-9999.0000	-9999.0000	19.9588	1	0	32.4392	1.0000	02	3	-9999.0000	24159	34856	-9999	2521	2319	-9999	579.9545	5	0.7096	0.7198	-0.0004	86.5964	1.1470	744.9882	453.0255	34.4444	694.0320	94.6528	737.6037	94.3287	744.0837	94.5833	750.8688	95.0694	
15/08/2017	01:27:35	011992	H421054846HLR	L421	S		694.9684	1.0292	10.0000	99.9338	39.8327	0.8430	0.8274	5.0000	19.8514	815.0667	94.9074	25.4991	23.9000	0.9300	0.9271	0.7225	-0.0005	815.0000	814.2924	1.0275	-4.8821	99.9719	39.7808	0.8230	0.8265	5.0000	-9999.0000	-9999.0000	-9999.0000	-9999.0000	-9999.0000	-9999.0000	20.0790	3	0	897.0169	1.0000	02	3	-9999.0000	24160	34857	-9999	2522	2320	-9999	577.7215	5	0.7098	0.7225	-0.0005	88.3717	1.0572	731.1161	475.2796	36.2037	679.6872	94.4907	723.7897	94.5602	730.0934	94.8843	736.4492	95.1389	
15/08/2017	01:43:04	011992	H421054024HLR	L421	Q		705.9509	1.0292	10.0000	99.9143	39.6619	0.8430	0.8272	5.0000	19.5393	815.0848	95.0000	21.5090	24.0000	0.9300	0.9271	0.7221	-0.0005	815.0000	816.5525	1.0275	-4.9915	99.9066	39.5399	0.8230	0.8266	5.0000	-9999.0000	-9999.0000	-9999.0000	-9999.0000	-9999.0000	-9999.0000	20.4088	5	0	904.8161	1.0000	02	3	-9999.0000	24161	34858	-9999	2523	2321	-9999	579.4828	5	0.7100	0.7221	-0.0005	82.9719	1.3045	745.0491	484.9078	38.3796	695.9460	95.3472	736.1464	95.2546	744.1496	95.2546	750.3573	95.0926	
15/08/2017	01:44:02	011992	H421054034HLR	L421	S		701.1541	1.0292	10.0000	100.1176	39.8238	0.8430	0.8275	5.0000	18.6537	0.0000	0.0000	0.0000	0.0000	0.9300	0.0000	0.0000	0.0000	815.0000	707.7642	1.0275	-4.0000	100.0483	39.4647	0.8230	0.8266	5.0000	-9999.0000	-9999.0000	-9999.0000	-9999.0000	-9999.0000	-9999.0000	21.2988	7	1	34.3186	1.0000	02	3	-9999.0000	24162	0	-9999	2524	2322	-9999	0.0000	0	0.0000	0.0000	0.0000	0.0000	0.0000	0.0000	0.0000	0.0000	0.0000	0.0000	0.0000	0.0000	0.0000	0.0000	0.0000	0.0000	
15/08/2017	01:45:02	011992	H421054042HLR	L421	S		699.4090	1.0292	10.0000	99.8905	39.4367	0.8430	0.8268	5.0000	20.5689	815.0368	94.9537	23.7794	23.8000	0.9300	0.9262	0.7204	-0.0005	815.0000	814.5910	1.0275	-4.9318	99.9957	39.3653	0.8230	0.8251	5.0000	-9999.0000	-9999.0000	-9999.0000	-9999.0000	-9999.0000	-9999.0000	21.8363	1	0	34.4673	1.0000	02	3	-9999.0000	24163	34859	-9999	2525	2323	-9999	578.3776	5	0.7099	0.7204	-0.0005	71.2233	1.8434	733.0144	384.3029	34.5833	639.0785	93.6111	723.4655	93.9815	732.1612	94.3056	739.0599	95.0463	
15/08/2017	01:46:05	011992	H421054057HLR	L421	S		700.5684	1.0292	10.0000	100.0143	39.4645	0.8430	0.8273	5.0000	18.9192	815.0526	94.9074	23.3790	23.7000	0.9300	0.9264	0.7204	-0.0005	815.0000	816.0395	1.0275	-4.9943	99.9711	39.6303	0.8230	0.8256	5.0000	-9999.0000	-9999.0000	-9999.0000	-9999.0000	-9999.0000	-9999.0000	21.2380	3	0	37.8385	1.0000	02	3	-9999.0000	24164	34860	-9999	2526	2324	-9999	578.5289	5	0.7099	0.7204	-0.0005	71.2233	1.8434	737.1364	461.8328	35.5093	684.6747	93.5880	727.8680	94.1435	736.4126	94.3056	742.2596	94.7222	
15/08/2017	01:47:09	011992	H421054055HLR	L421	S		700.6864	1.0292	10.0000	99.8758	39.7916	0.8430	0.8275	5.0000	18.5986	815.0532	94.9074	23.5499	23.6000	0.9300	0.9265	0.7202	-0.0004	815.0000	817.7284	1.0275	-4.9851	99.9605	39.6785	0.8230	0.8261	5.0000	-9999.0000	-9999.0000	-9999.0000	-9999.0000	-9999.0000	-9999.0000	19.5530	5	0	41.2485	1.0000	02	3	-9999.0000	24165	34861	-9999	2527	2325	-9999	578.4705	5	0.7100	0.7202	-0.0004	71.3675	1.8369	735.6522	459.7439	37.1528	688.4328	93.5185	726.5124	94.2361	734.8741	94.2593	740.7723	94.7454	
15/08/2017	01:48:13	011992	H421054049HLR	L421	S		697.9531	1.0292	10.0000	100.0116	39.7674	0.8430	0.8280	5.0000	18.6593	815.0460	94.9074	23.7394	23.4000	0.9300	0.9266	0.7223	-0.0005	815.0000	815.8069	1.0275	-4.9956	100.0179	39.4926	0.8230	0.8255	5.0000	-9999.0000	-9999.0000	-9999.0000	-9999.0000	-9999.0000	-9999.0000	20.0784	7	0	40.2687	1.0000	02	3	-9999.0000	24166	34862	-9999	2528	2326	-9999	578.1675	5	0.7099	0.7223	-0.0005	72.9141	1.7638	731.1371	461.2697	34.5602	678.1744	93.8426	723.6811	94.2130	730.4819	94.3750	737.1312	94.8611	
15/08/2017	01:49:15	011992	H421054045HLR	L421	S		698.8244	1.0292	10.0000	100.0500	39.5303	0.8430	0.8274	5.0000	18.5598	815.0448	94.9769	23.6095	23.3000	0.9300	0.9267	0.7241	-0.0006	815.0000	816.2738	1.0275	-4.9930	99.9228	39.5180	0.8230	0.8254	5.0000	-9999.0000	-9999.0000	-9999.0000	-9999.0000	-9999.0000	-9999.0000	20.6786	1	0	37.2595	1.0000	02	3	-9999.0000	24167	34862	-9999	2529	2327	-9999	578.0114	5	0.7097	0.7241	-0.0006	71.5436	1.8431	727.8764	465.1947	34.8380	676.5203	93.9352	717.9428	93.9352	726.8960	94.1667	733.7630	94.9306	
15/08/2017	01:50:17	011992	H421054032HLR	L421	S		700.6912	1.0292	10.0000	99.9931	39.7429	0.8430	0.8272	5.0000	18.5588	815.0585	94.9769	22.5490	23.3000	0.9300	0.9268	0.7212	-0.0005	815.0000	816.9219	1.0275	-4.9895	99.9809	39.6623	0.8230	0.8256	5.0000	-9999.0000	-9999.0000	-9999.0000	-9999.0000	-9999.0000	-9999.0000	19.8161	3	0	38.1992	1.0000	02	3	-9999.0000	24168	34863	-9999	2530	2328	-9999	578.6835	5	0.7099	0.7212	-0.0005	65.9019	2.1106	735.4296	455.7422	36.2963	681.7643	94.1667	726.1761	94.6296	734.5534	94.7222	740.4576	95.0000	
15/08/2017	01:51:17	011992	H421054029HLR	L421	S		699.2120	1.0292	10.0000	99.9305	39.8443	0.8430	0.8279	5.0000	18.4666	815.0262	94.9769	22.5998	23.4000	0.9300	0.9270	0.7219	-0.0005	815.0000	816.1157	1.0275	-4.9939	100.0273	39.7321	0.8230	0.8262	5.0000	-9999.0000	-9999.0000	-9999.0000	-9999.0000	-9999.0000	-9999.0000	19.9639	5	0	34.8429	1.0000	02	3	-9999.0000	24169	34864	-9999	2531	2329	-9999	578.4511	5	0.7096	0.7219	-0.0005	64.9304	2.1654	734.6231	447.3914	35.1389	680.6834	94.3056	726.1355	94.6296	733.7607	94.7222	740.6762	94.9769	
15/08/2017	01:52:16	011992	H421054823HLR	L421	S		697.7115	1.0292	10.0000	99.9981	39.5706	0.8430	0.8276	5.0000	19.0492	815.0740	94.9769	25.4991	23.5000	0.9300	0.9270	0.7214	-0.0005	815.0000	816.4425	1.0275	-4.9921	100.0634	39.5425	0.8230	0.8256	5.0000	-9999.0000	-9999.0000	-9999.0000	-9999.0000	-9999.0000	-9999.0000	21.3143	7	0	34.7887	1.0000	02	3	-9999.0000	24170	34865	-9999	2532	2330	-9999	577.1982	5	0.7094	0.7214	-0.0005	63.8965	2.2169	728.8384	460.4340	37.1065	680.3038	94.2824	720.3253	94.7685	727.9580	94.9306	735.4889	95.0694	
15/08/2017	01:53:17	011992	H421054830HLR	L421	S		696.6107	1.0292	10.0000	99.8955	39.5918	0.8430	0.8265	5.0000	21.2385	815.0816	94.9306	23.7687	23.6000	0.9300	0.9271	0.7188	-0.0004	815.0000	813.6191	1.0275	-4.7698	99.9921	39.5543	0.8230	0.8253	5.0000	-9999.0000	-9999.0000	-9999.0000	-9999.0000	-9999.0000	-9999.0000	20.8189	1	0	36.2293	1.0000	02	3	-9999.0000	24171	34866	-9999	2533	2331	-9999	577.7524	5	0.7092	0.7188	-0.0004	66.9243	2.1059	732.7285	446.6505	35.2083	679.8813	94.6065	724.7116	94.7222	731.9907	94.7685	738.5130	95.0231	
15/08/2017	01:54:16	011992	H421054825HLR	L421	S		699.2523	1.0292	10.0000	99.9423	39.8287	0.8430	0.8269	5.0000	21.6049	815.0613	94.9306	23.7892	23.7000	0.9300	0.9271	0.7150	-0.0003	815.0000	815.2000	1.0275	-4.9989	99.9930	39.6950	0.8230	0.8256	5.0000	-9999.0000	-9999.0000	-9999.0000	-9999.0000	-9999.0000	-9999.0000	20.0697	3	0	35.0593	1.0000	02	3	-9999.0000	24172	34867	-9999	2534	2332	-9999	577.5922	5	0.7087	0.7150	-0.0003	95.2728	0.9245	740.6883	468.5401	37.0370	691.2464	94.4907	731.9602	94.5139	740.0375	94.7917	745.8626	95.0926	
15/08/2017	01:55:16	011992	H421054834HLR	L421	S		694.8551	1.0292	10.0000	99.9394	39.6182	0.8430	0.8271	5.0000	20.9989	815.0397	94.9074	25.2793	23.8000	0.9300	0.9271	0.7203	-0.0005	815.0000	813.9253	1.0275	-4.8209	99.9902	39.7207	0.8230	0.8261	5.0000	-9999.0000	-9999.0000	-9999.0000	-9999.0000	-9999.0000	-9999.0000	20.0845	5	0	35.8878	1.0000	02	3	-9999.0000	24173	34868	-9999	2535	2333	-9999	576.8264	5	0.7087	0.7203	-0.0005	99.0324	0.7618	731.8151	445.9775	35.9259	681.1677	94.6528	723.2992	94.9769	731.2575	95.1389	736.8749	95.1157	
15/08/2017	01:56:05	011992	H421054853HLR	L421	S		697.4742	1.0292	10.0000	100.0167	39.6733	0.8430	0.8267	5.0000	20.4348	815.0441	94.9769	24.1993	24.0000	0.9300	0.9272	0.7178	-0.0004	815.0000	813.5414	1.0275	-4.7569	99.9497	39.6064	0.8230	0.8259	5.0000	-9999.0000	-9999.0000	-9999.0000	-9999.0000	-9999.0000	-9999.0000	19.3785	7	0	24.9190	1.0000	02	3	-9999.0000	24174	34869	-9999	2536	2334	-9999	577.3888	5	0.7086	0.7178	-0.0004	99.9795	0.7128	736.8319	452.3167	34.7222	687.1547	94.5833	728.7258	94.9074	736.0353	95.1389	741.0773	95.1389	
15/08/2017	01:57:03	011992	H421054860HLR	L421	S		695.7295	1.0292	10.0000	99.9320	39.8525	0.8430	0.8271	5.0000	20.9852	815.0926	94.9074	24.9092	24.0000	0.9300	0.9271	0.7140	-0.0002	815.0000	814.8800	1.0275	-4.9800	99.9357	39.7185	0.8230	0.8260	5.0000	-9999.0000	-9999.0000	-9999.0000	-9999.0000	-9999.0000	-9999.0000	19.5900	1	0	34.9588	1.0000	02	3	-9999.0000	24175	34870	-9999	2537	2335	-9999	577.3130	5	0.7085	0.7140	-0.0002	96.0578	0.8919	740.0537	449.8761	35.8565	688.4008	94.6065	731.5659	95.2546	739.3490	95.3935	744.7385	95.2778	
15/08/2017	01:59:05	011992	H421054836HLR	L421	S		697.6973	1.0292	10.0000	99.9858	39.8712	0.8430	0.8278	5.0000	18.4486	815.0368	94.9074	23.9590	23.8000	0.9300	0.9268	0.7076	0.0000	815.0000	814.5303	1.0275	-4.9217	100.0350	39.5810	0.8230	0.8260	5.0000	-9999.0000	-9999.0000	-9999.0000	-9999.0000	-9999.0000	-9999.0000	21.1491	5	0	35.7886	1.0000	02	3	-9999.0000	24177	34871	-9999	2539	2336	-9999	577.6118	5	0.7086	0.7076	0.0000	96.1319	0.8930	745.4227	455.4365	37.4074	694.1802	94.2130	737.2808	94.6065	744.2633	94.9074	750.9168	95.0926	
15/08/2017	02:00:09	011992	H421054841HLR	L421	S		698.6958	1.0292	10.0000	99.9425	39.5898	0.8430	0.8270	5.0000	20.7395	815.0936	94.9306	25.5489	23.7000	0.9300	0.9267	0.7076	0.0000	815.0000	815.3514	1.0275	-4.9981	100.0002	39.3938	0.8230	0.8247	5.0000	-9999.0000	-9999.0000	-9999.0000	-9999.0000	-9999.0000	-9999.0000	21.6826	7	0	38.0581	1.0000	02	3	-9999.0000	24178	34872	-9999	2540	2337	-9999	577.7164	5	0.7086	0.7076	0.0000	96.1319	0.8930	746.8563	473.6958	36.6898	673.0191	94.8611	740.1957	95.3935	746.2109	95.5324	750.4720	95.3472	
15/08/2017	02:01:18	011992	H421054779HLR	L421	S		696.5610	1.0292	10.0000	99.8836	39.7495	0.8430	0.8266	5.0000	20.7492	815.0997	94.9306	24.8389	23.6000	0.9300	0.9267	0.7126	-0.0002	815.0000	816.3802	1.0275	-4.9925	100.0013	39.5776	0.8230	0.8248	5.0000	-9999.0000	-9999.0000	-9999.0000	-9999.0000	-9999.0000	-9999.0000	20.3493	1	0	44.1782	1.0000	02	3	-9999.0000	24179	34873	-9999	2541	2338	-9999	577.6286	5	0.7087	0.7126	-0.0002	95.3695	0.9164	738.6005	461.6214	36.1806	688.0250	94.8148	731.7868	95.5093	737.8700	95.2546	743.4213	95.1852	
15/08/2017	02:02:33	011992	H421054850HLR	L421	S		696.2373	1.0292	10.0000	100.0644	39.8603	0.8430	0.8278	5.0000	18.6790	815.0383	94.9306	24.9493	23.4000	0.9300	0.9267	0.7094	-0.0000	815.0000	816.3839	1.0275	-4.9924	100.0036	39.6615	0.8230	0.8251	5.0000	-9999.0000	-9999.0000	-9999.0000	-9999.0000	-9999.0000	-9999.0000	20.8093	3	0	51.3282	1.0000	02	3	-9999.0000	24180	34873	-9999	2542	2339	-9999	577.7071	5	0.7087	0.7094	-0.0000	100.4820	0.6934	738.3843	485.8481	39.4676	694.5756	96.4352	732.1614	94.3056	737.8040	94.4676	743.7274	95.1389	
15/08/2017	02:03:41	011992	H421054858HLR	L421	S		695.1998	1.0292	10.0000	99.9992	39.6628	0.8430	0.8273	5.0000	19.4590	815.0409	94.9306	25.3692	23.3000	0.9300	0.9267	0.7204	-0.0005	815.0000	818.7842	1.0275	-4.9793	99.9818	39.5623	0.8230	0.8252	5.0000	-9999.0000	-9999.0000	-9999.0000	-9999.0000	-9999.0000	-9999.0000	20.0598	5	0	43.4783	1.0000	02	3	-9999.0000	24181	34874	-9999	2543	2340	-9999	577.2525	5	0.7086	0.7204	-0.0005	97.1562	0.8376	732.2488	455.8045	35.4861	681.1758	95.3704	724.5183	95.5324	731.6604	95.6713	738.4177	95.1389	
15/08/2017	02:04:43	011992	H421054776HLR	L421	S		696.3473	1.0292	10.0000	99.9355	39.6128	0.8430	0.8266	5.0000	19.9895	815.0668	94.9074	24.3800	23.2000	0.9300	0.9268	0.7313	-0.0009	815.0000	817.2587	1.0275	-4.9877	100.0151	39.6200	0.8230	0.8252	5.0000	-9999.0000	-9999.0000	-9999.0000	-9999.0000	-9999.0000	-9999.0000	20.5856	7	0	37.6791	1.0000	02	3	-9999.0000	24182	34875	-9999	2544	2341	-9999	577.7871	5	0.7085	0.7313	-0.0009	77.2191	1.6565	723.7580	452.7082	35.3935	674.0758	95.3009	715.1475	94.9769	722.9696	95.1852	729.0716	95.2083	
15/08/2017	02:05:40	011992	H421054773HLR	L421	S		692.4992	1.0292	10.0000	100.0205	39.7423	0.8430	0.8270	5.0000	18.6090	815.1080	94.9537	26.7784	23.3000	0.9300	0.9269	0.7341	-0.0010	815.0000	815.2234	1.0275	-4.9988	99.9959	39.7259	0.8230	0.8258	5.0000	-9999.0000	-9999.0000	-9999.0000	-9999.0000	-9999.0000	-9999.0000	20.2389	1	0	33.1392	1.0000	02	3	-9999.0000	24183	34876	-9999	2545	2342	-9999	575.7732	5	0.7084	0.7341	-0.0010	41.3752	3.1422	716.1310	456.1261	35.5787	642.4089	95.1389	702.8378	94.8843	715.0626	95.0926	722.4859	95.2546	
15/08/2017	02:06:38	011992	H421054764HLR	L421	S		694.5928	1.0292	10.0000	100.0664	39.9118	0.8430	0.8276	5.0000	18.9689	815.0630	94.9537	25.4092	23.5000	0.9300	0.9271	0.7240	-0.0006	815.0000	814.6914	1.0275	-4.9486	99.9779	39.7022	0.8230	0.8261	5.0000	-9999.0000	-9999.0000	-9999.0000	-9999.0000	-9999.0000	-9999.0000	20.1702	3	0	34.2587	1.0000	02	3	-9999.0000	24184	34877	-9999	2546	2343	-9999	576.8920	5	0.7081	0.7240	-0.0006	39.0804	3.2407	726.0998	464.6013	36.7130	678.4016	95.8796	719.4228	94.2593	725.5746	94.5833	732.7108	95.0694	
15/08/2017	02:07:39	011992	H421054796HLR	L421	S		702.1960	1.0292	10.0000	100.0863	39.6862	0.8430	0.8278	5.0000	18.7591	815.0855	94.9537	22.1095	23.7000	0.9300	0.9272	0.7307	-0.0009	815.0000	814.9574	1.0275	-4.9929	100.0367	39.5735	0.8230	0.8255	5.0000	-9999.0000	-9999.0000	-9999.0000	-9999.0000	-9999.0000	-9999.0000	20.5190	5	0	35.4586	1.0000	02	3	-9999.0000	24185	34878	-9999	2547	2344	-9999	579.2599	5	0.7078	0.7307	-0.0009	71.5985	1.9151	728.1059	448.3487	36.7130	676.8939	95.3472	719.7237	94.8380	727.2775	95.3935	734.2785	95.3241	
15/08/2017	02:08:38	011992	H421054799HLR	L421	S		699.1864	1.0292	10.0000	99.9682	39.7395	0.8430	0.8272	5.0000	18.6103	815.0773	94.9537	23.1788	23.8000	0.9300	0.9272	0.7303	-0.0009	815.0000	814.8736	1.0275	-4.9789	99.9390	39.6074	0.8230	0.8253	5.0000	-9999.0000	-9999.0000	-9999.0000	-9999.0000	-9999.0000	-9999.0000	20.0693	7	0	34.7886	1.0000	02	3	-9999.0000	24186	34879	-9999	2548	2345	-9999	578.4683	5	0.7078	0.7303	-0.0009	70.5251	1.9635	726.5240	449.5962	35.3472	674.5131	95.1852	718.1062	94.8148	725.6311	94.9537	732.5039	95.1852	
15/08/2017	02:09:40	011992	H421054788HLR	L421	S		698.3713	1.0292	10.0000	99.9433	39.8301	0.8430	0.8274	5.0000	19.4898	815.0914	94.9769	24.4190	23.8000	0.9300	0.9272	0.7301	-0.0009	815.0000	813.2379	1.0275	-4.7063	100.0214	39.7050	0.8230	0.8254	5.0000	-9999.0000	-9999.0000	-9999.0000	-9999.0000	-9999.0000	-9999.0000	21.0295	1	0	35.8684	1.0000	02	3	-9999.0000	24187	34880	-9999	2549	2346	-9999	577.5662	5	0.7079	0.7301	-0.0009	64.8849	2.1969	724.5016	443.1337	37.3843	681.0527	96.1343	716.8317	94.0278	723.6835	94.4676	729.2884	95.3009	
15/08/2017	02:10:31	011992	H421054792HLR	L421	S		699.4895	1.0292	10.0000	100.0246	39.6892	0.8430	0.8275	5.0000	18.7589	815.0945	94.9769	23.8487	23.9000	0.9300	0.9271	0.7312	-0.0009	815.0000	814.5210	1.0275	-4.9202	100.0297	39.6030	0.8230	0.8254	5.0000	-9999.0000	-9999.0000	-9999.0000	-9999.0000	-9999.0000	-9999.0000	21.7462	3	0	25.0791	1.0000	02	3	-9999.0000	24188	34881	-9999	2550	2347	-9999	577.9343	5	0.7080	0.7312	-0.0009	63.2306	2.2681	726.8929	463.5877	37.7778	678.2126	96.1574	718.7191	94.2130	725.9308	94.6065	733.2335	95.1620	
15/08/2017	02:11:10	011992	H421054782HLR	L421	S		696.1813	1.0292	10.0000	100.1053	39.7790	0.8430	0.8274	5.0000	18.7585	815.0828	94.9306	24.8995	23.8000	0.9300	0.9269	0.7317	-0.0009	815.0000	814.8488	1.0275	-4.9748	100.0409	39.6946	0.8230	0.8256	5.0000	-9999.0000	-9999.0000	-9999.0000	-9999.0000	-9999.0000	-9999.0000	20.9882	5	0	15.0294	1.0000	02	3	-9999.0000	24189	34881	-9999	2551	2348	-9999	577.1727	5	0.7081	0.7317	-0.0009	64.8986	2.1935	722.8968	434.1030	35.7639	674.8792	95.9259	714.7819	94.2130	722.0325	94.6528	728.0780	95.1389	
15/08/2017	07:07:48	011992	H421058637HLR	L421	S		695.3528	1.0292	10.0000	99.9537	39.4680	0.8430	0.8276	5.0000	18.5358	815.0907	95.0000	24.4688	23.3000	0.9300	0.9267	0.7324	-0.0010	815.0000	814.5301	1.0275	-4.9217	99.9634	39.5044	0.8230	0.8266	5.0000	-9999.0000	-9999.0000	-9999.0000	-9999.0000	-9999.0000	-9999.0000	18.6001	3	0	38.0183	1.0000	99	9	-9999.0000	24190	34882	-9999	2552	2349	-9999	577.6780	5	0.7083	0.7324	-0.0010	61.9990	2.2961	678.8812	323.6042	34.5139	657.4175	70.0231	666.1326	69.7917	670.0950	69.5833	692.8432	93.1944	
15/08/2017	07:08:46	011992	H421057067HLR	L421	S		693.7970	1.0292	10.0000	99.9354	39.7244	0.8430	0.8275	5.0000	18.8593	815.0734	94.8843	25.2794	23.4000	0.9300	0.9270	0.7324	-0.0010	815.0000	815.8021	1.0275	-4.9956	99.9645	39.4076	0.8230	0.8257	5.0000	-9999.0000	-9999.0000	-9999.0000	-9999.0000	-9999.0000	-9999.0000	20.5087	5	0	34.1389	1.0000	99	9	-9999.0000	24191	34883	-9999	2553	2350	-9999	577.0275	5	0.7083	0.7324	-0.0010	61.9990	2.2961	711.8697	432.8234	37.0602	663.1272	92.7778	704.1963	92.4074	711.3045	92.1296	718.5140	95.9722	
15/08/2017	07:09:47	011992	H421058642HLR	L421	S		697.5861	1.0292	10.0000	99.8992	39.7595	0.8430	0.8283	5.0000	18.2394	815.1033	94.9074	25.2588	23.5000	0.9300	0.9272	0.7329	-0.0010	815.0000	814.6613	1.0275	-4.9435	99.9864	39.5822	0.8230	0.8261	5.0000	-9999.0000	-9999.0000	-9999.0000	-9999.0000	-9999.0000	-9999.0000	19.4382	7	0	36.4895	1.0000	99	9	-9999.0000	24192	34884	-9999	2554	2351	-9999	577.5351	5	0.7092	0.7329	-0.0010	61.9812	2.2954	714.4425	454.7215	33.9583	667.0803	92.6389	707.5569	92.8704	713.7141	93.0556	719.1684	95.1157	
15/08/2017	07:10:46	011992	H421058631HLR	L421	S		695.4453	1.0292	10.0000	99.9482	39.5114	0.8430	0.8273	5.0000	20.3384	815.1320	94.9769	23.1691	23.6000	0.9300	0.9273	0.7324	-0.0010	815.0000	813.4971	1.0275	-4.7495	100.1605	39.6030	0.8230	0.8263	5.0000	-9999.0000	-9999.0000	-9999.0000	-9999.0000	-9999.0000	-9999.0000	19.3388	1	0	35.8227	1.0000	99	9	-9999.0000	24193	34885	-9999	2555	2352	-9999	578.7727	5	0.7083	0.7324	-0.0010	62.0053	2.2963	720.6011	454.6445	35.8333	656.5172	92.8935	711.8352	93.6343	719.9292	93.5185	726.0729	94.7454	
15/08/2017	07:11:43	011992	H421058669HLR	L421	S		682.3870	1.0292	10.0000	99.9648	39.7380	0.8430	0.8275	5.0000	19.3389	815.0820	94.8843	25.5889	23.7000	0.9300	0.9273	0.7327	-0.0010	815.0000	814.5039	1.0275	-4.9173	100.0473	39.5531	0.8230	0.8263	5.0000	-9999.0000	-9999.0000	-9999.0000	-9999.0000	-9999.0000	-9999.0000	19.3552	3	0	33.4089	1.0000	99	9	-9999.0000	24194	34886	-9999	2556	2353	-9999	577.0697	5	0.7085	0.7327	-0.0010	61.9929	2.2959	718.2143	443.1068	34.4907	666.8398	92.8704	711.2034	93.4722	717.3444	93.7963	723.8572	94.7685	
15/08/2017	07:12:57	011992	H421058638HLR	L421	S		697.9902	1.0292	10.0000	99.9703	39.7588	0.8430	0.8281	5.0000	18.4290	815.0911	94.9074	24.8692	23.8000	0.9300	0.9273	0.7330	-0.0010	815.0000	815.1567	1.0275	-4.9991	100.0885	39.4828	0.8230	0.8254	5.0000	-9999.0000	-9999.0000	-9999.0000	-9999.0000	-9999.0000	-9999.0000	22.5393	5	0	38.7086	1.0000	99	9	-9999.0000	24195	34887	-9999	2557	2354	-9999	577.9164	5	0.7092	0.7330	-0.0010	61.9819	2.2955	719.7752	446.4804	34.7917	667.6054	93.3796	711.2235	93.8426	718.7955	94.2130	725.0478	94.8843	
15/08/2017	07:14:05	011992	H421058636HLR	L421	S		694.5586	1.0292	10.0000	99.9126	39.5407	0.8430	0.8273	5.0000	19.9094	815.0638	94.9537	22.4699	23.8000	0.9300	0.9272	0.7420	-0.0013	815.0000	814.0688	1.0275	-4.8448	100.2668	39.4267	0.8230	0.8257	5.0000	-9999.0000	-9999.0000	-9999.0000	-9999.0000	-9999.0000	-9999.0000	19.2814	7	0	33.0766	1.0000	99	9	-9999.0000	24196	34888	-9999	2558	2355	-9999	580.5242	5	0.7091	0.7420	-0.0013	40.2468	3.2848	714.7713	446.3257	37.8935	668.6292	94.5833	707.7512	94.3056	714.1536	94.3287	720.6540	94.9074	
15/08/2017	07:14:40	011992	H421058625HLR	L421	S		698.2637	1.0292	10.0000	100.0495	39.5000	0.8430	0.8279	5.0000	18.9000	815.0944	94.9074	24.2091	23.6000	0.9300	0.9268	0.7412	-0.0013	815.0000	816.5359	1.0275	-4.9916	99.9793	39.7431	0.8230	0.8273	5.0000	-9999.0000	-9999.0000	-9999.0000	-9999.0000	-9999.0000	-9999.0000	19.9057	8	0	35.3156	1.0000	99	9	-9999.0000	24197	34888	-9999	2559	2356	-9999	578.6514	5	0.7091	0.7412	-0.0013	48.0125	2.9305	713.9746	450.5401	36.8056	661.4632	94.3056	705.6200	94.3750	713.1175	94.5602	718.8180	94.9769	
15/08/2017	07:15:17	011992	H421058657HLR	L421	S		696.2559	1.0292	10.0000	99.9466	39.9643	0.8430	0.8279	5.0000	19.4296	815.0843	95.0000	27.2490	23.5000	0.9300	0.9268	0.7412	-0.0013	815.0000	817.3104	1.0275	-4.9874	100.1542	39.6926	0.8230	0.8260	5.0000	-9999.0000	-9999.0000	-9999.0000	-9999.0000	-9999.0000	-9999.0000	19.3490	1	0	37.1819	1.0000	99	9	-9999.0000	24198	34889	-9999	2560	2357	-9999	575.4906	5	0.7091	0.7412	-0.0013	48.0125	2.9305	707.9000	458.4956	36.8519	660.8289	95.1389	701.6410	93.8657	707.1779	94.0278	713.8541	95.2546	
15/08/2017	07:15:52	011992	H421058670HLR	L421	S		698.8538	1.0292	10.0000	100.0386	39.5431	0.8430	0.8273	5.0000	18.6486	815.0299	94.9537	23.4786	23.6000	0.9300	0.9268	0.7483	-0.0016	815.0000	818.8678	1.0275	-4.9789	100.0844	39.5180	0.8230	0.8265	5.0000	-9999.0000	-9999.0000	-9999.0000	-9999.0000	-9999.0000	-9999.0000	20.5096	2	0	34.8091	1.0000	99	9	-9999.0000	24199	34890	-9999	2561	2358	-9999	579.3807	5	0.7096	0.7483	-0.0016	119.3502	-0.0235	716.1533	472.4281	37.4306	665.3338	95.3935	709.0831	94.3519	715.1214	94.2130	722.8529	95.1157	
15/08/2017	07:16:27	011992	H421058626HLR	L421	S		699.8174	1.0292	10.0000	100.0006	39.8000	0.8430	0.8284	5.0000	18.6012	815.0475	94.9769	21.9591	23.6000	0.9300	0.9269	0.7475	-0.0016	815.0000	817.7200	1.0275	-4.9852	100.1784	39.8581	0.8230	0.8266	5.0000	-9999.0000	-9999.0000	-9999.0000	-9999.0000	-9999.0000	-9999.0000	19.8584	3	0	35.0183	1.0000	99	9	-9999.0000	24200	34891	-9999	2562	2359	-9999	581.6463	5	0.7095	0.7475	-0.0016	122.1853	-0.1484	712.9713	462.1582	35.7407	662.7138	95.4167	704.0621	94.4444	712.1424	94.3287	719.9311	95.1157	
15/08/2017	07:17:03	011992	H421058594HLR	L421	S		696.5720	1.0292	10.0000	99.9998	39.8194	0.8430	0.8276	5.0000	18.5091	815.0843	94.9769	23.7589	23.6000	0.9300	0.9269	0.7517	-0.0017	815.0000	816.3389	1.0275	-4.9927	100.0360	39.4621	0.8230	0.8258	5.0000	-9999.0000	-9999.0000	-9999.0000	-9999.0000	-9999.0000	-9999.0000	21.2003	4	0	35.7692	1.0000	99	9	-9999.0000	24201	34891	-9999	2563	2360	-9999	579.2443	5	0.7089	0.7517	-0.0017	108.7480	0.4170	709.4322	466.0571	36.5972	660.5220	96.1574	701.3589	94.4213	708.5463	94.4907	715.8712	95.3009	
15/08/2017	07:17:39	011992	H421058584HLR	L421	S		671.1097	1.0292	10.0000	99.9698	39.5347	0.8430	0.8277	5.0000	19.2590	815.1444	94.9306	25.6885	23.6000	0.9300	0.9269	0.7482	-0.0016	815.0000	815.1041	1.0275	-4.9994	100.1614	39.8865	0.8230	0.8271	5.0000	-9999.0000	-9999.0000	-9999.0000	-9999.0000	-9999.0000	-9999.0000	20.2686	5	0	36.3387	1.0000	99	9	-9999.0000	24201	34892	-9999	2564	2361	-9999	576.6360	5	0.7088	0.7482	-0.0016	111.1762	0.3246	703.5102	449.2623	37.5231	639.9909	96.4120	695.8408	94.6528	702.9178	94.7222	708.1981	95.0926	
15/08/2017	07:18:15	011992	H421058615HLR	L421	S		699.9158	1.0292	10.0000	100.0361	39.9349	0.8430	0.8282	5.0000	18.6995	815.0827	94.9306	23.3692	23.6000	0.9300	0.9270	0.7421	-0.0014	815.0000	816.7355	1.0275	-4.9905	100.0263	39.5244	0.8230	0.8254	5.0000	-9999.0000	-9999.0000	-9999.0000	-9999.0000	-9999.0000	-9999.0000	20.7716	6	0	35.9985	1.0000	99	9	-9999.0000	24202	34893	-9999	2565	2362	-9999	579.5400	5	0.7090	0.7421	-0.0014	110.0893	0.3672	711.1040	465.3506	36.8287	662.7780	96.6667	702.3908	94.8611	710.5155	94.7685	716.3714	95.2546	
15/08/2017	07:18:53	011992	H421058611HLR	L421	S		698.0832	1.0292	10.0000	100.0470	39.6426	0.8430	0.8273	5.0000	18.6983	815.0351	94.9769	23.6095	23.6000	0.9300	0.9270	0.7413	-0.0013	815.0000	816.5992	1.0275	-4.9913	99.9959	39.8115	0.8230	0.8270	5.0000	-9999.0000	-9999.0000	-9999.0000	-9999.0000	-9999.0000	-9999.0000	20.0396	7	0	37.9986	1.0000	99	9	-9999.0000	24203	34894	-9999	2566	2363	-9999	578.7695	5	0.7092	0.7413	-0.0013	115.0369	0.1532	723.7155	482.6895	38.5185	666.9842	98.0324	709.8059	96.6204	718.7890	96.6667	724.5140	95.0463	
15/08/2017	07:19:30	011992	H421058623HLR	L421	S		698.4843	1.0292	10.0000	100.0937	39.7693	0.8430	0.8282	5.0000	18.9193	815.0373	94.9074	23.6798	23.5000	0.9300	0.9270	0.7422	-0.0014	815.0000	816.2109	1.0275	-4.9934	100.0491	39.6567	0.8230	0.8257	5.0000	-9999.0000	-9999.0000	-9999.0000	-9999.0000	-9999.0000	-9999.0000	20.2411	8	0	36.9489	1.0000	99	9	-9999.0000	24204	34895	-9999	2567	2364	-9999	578.7207	5	0.7091	0.7422	-0.0014	110.8054	0.3414	717.3923	504.5816	36.8981	670.7277	96.0185	707.3631	94.6759	716.5610	94.5602	723.0103	94.6991	
15/08/2017	07:20:07	011992	H421058620HLR	L421	Q		697.3630	1.0292	10.0000	100.0827	39.8637	0.8430	0.8276	5.0000	19.0785	815.0835	94.8843	24.2393	23.5000	0.9300	0.9270	0.7395	-0.0013	815.0000	815.1404	1.0275	-4.9992	100.0528	39.7475	0.8230	0.8270	5.0000	-9999.0000	-9999.0000	-9999.0000	-9999.0000	-9999.0000	-9999.0000	20.1600	1	0	37.4487	1.0000	99	9	-9999.0000	24204	34896	-9999	2568	2365	-9999	578.0794	5	0.7089	0.7395	-0.0013	109.9700	0.3696	711.5196	486.4493	36.4120	664.2229	95.9491	702.3498	94.6065	710.6199	94.6296	716.2497	94.7454	
15/08/2017	07:20:43	011992	H421058619HLR	L421	S		699.0526	1.0292	10.0000	99.8940	39.5844	0.8430	0.8274	5.0000	19.8693	815.0620	94.8843	24.0187	23.5000	0.9300	0.9270	0.7404	-0.0013	815.0000	814.8219	1.0275	-4.9703	100.0037	39.7088	0.8230	0.8257	5.0000	-9999.0000	-9999.0000	-9999.0000	-9999.0000	-9999.0000	-9999.0000	20.9588	2	0	35.4880	1.0000	99	9	-9999.0000	24205	34897	-9999	2569	2366	-9999	578.1304	5	0.7089	0.7404	-0.0013	109.7766	0.3778	715.2605	494.4354	36.2731	666.2787	96.2037	706.7138	94.5370	714.4046	94.3750	718.8217	94.9306	
15/08/2017	07:21:21	011992	H421058608HLR	L421	S		697.7645	1.0292	10.0000	99.9805	39.8862	0.8430	0.8277	5.0000	19.9397	815.0674	95.0000	26.2490	23.5000	0.9300	0.9270	0.7397	-0.0013	815.0000	812.9466	1.0275	-4.6578	100.0103	39.6453	0.8230	0.8263	5.0000	-9999.0000	-9999.0000	-9999.0000	-9999.0000	-9999.0000	-9999.0000	20.3570	3	0	37.8288	1.0000	99	9	-9999.0000	24206	34898	-9999	2570	2367	-9999	575.5361	5	0.7089	0.7397	-0.0013	106.8028	0.5070	709.4811	506.8194	39.0509	672.5325	95.8796	702.4015	94.5833	708.9977	94.4444	713.7134	95.0926	
15/08/2017	07:21:58	011992	H421058600HLR	L421	S		691.8241	1.0292	10.0000	100.0884	39.7437	0.8430	0.8275	5.0000	18.7191	815.1359	94.9769	24.6993	23.5000	0.9300	0.9269	0.7380	-0.0012	815.0000	813.5348	1.0275	-4.7558	100.0643	39.8127	0.8230	0.8263	5.0000	-9999.0000	-9999.0000	-9999.0000	-9999.0000	-9999.0000	-9999.0000	20.1013	4	0	37.2388	1.0000	99	9	-9999.0000	24207	34899	-9999	2571	2368	-9999	577.0825	5	0.7085	0.7380	-0.0012	104.0112	0.6102	714.6747	525.5195	40.5556	674.1570	96.0417	704.6996	95.0000	714.0844	94.9074	720.2785	94.8380	
15/08/2017	07:22:32	011992	H421058598HLR	L421	S		697.9107	1.0292	10.0000	99.9231	39.7565	0.8430	0.8276	5.0000	20.1289	815.0515	94.9306	25.2989	23.5000	0.9300	0.9270	0.7380	-0.0012	815.0000	814.5785	1.0275	-4.9297	100.0355	39.5717	0.8230	0.8259	5.0000	-9999.0000	-9999.0000	-9999.0000	-9999.0000	-9999.0000	-9999.0000	20.8706	5	0	34.4490	1.0000	99	9	-9999.0000	24208	34900	-9999	2572	2369	-9999	576.4205	5	0.7086	0.7380	-0.0012	103.8633	0.6066	713.7822	495.5913	35.9491	667.9851	96.2269	705.4730	94.7685	713.1653	94.7454	718.4477	94.8148	
15/08/2017	07:23:03	011992	H421058582HLR	L421	S		699.3925	1.0292	10.0000	100.0940	39.8451	0.8430	0.8278	5.0000	18.7893	815.0987	94.9306	23.6993	23.6000	0.9300	0.9270	0.7269	-0.0007	815.0000	814.6513	1.0275	-4.9419	100.0834	39.8379	0.8230	0.8264	5.0000	-9999.0000	-9999.0000	-9999.0000	-9999.0000	-9999.0000	-9999.0000	20.3410	6	0	30.4285	1.0000	99	9	-9999.0000	24209	34900	-9999	2573	2370	-9999	578.1324	5	0.7090	0.7269	-0.0007	135.7403	-0.7576	718.3891	494.6743	37.1528	672.0116	96.3657	709.1190	94.9537	717.8087	94.8843	724.3972	94.8611	
15/08/2017	07:23:38	011992	H421058581HLR	L421	S		696.4508	1.0292	10.0000	100.0799	39.7331	0.8430	0.8277	5.0000	18.9291	815.0301	95.0000	26.0293	23.6000	0.9300	0.9270	0.7275	-0.0008	815.0000	815.8112	1.0275	-4.9956	100.0079	39.6044	0.8230	0.8258	5.0000	-9999.0000	-9999.0000	-9999.0000	-9999.0000	-9999.0000	-9999.0000	20.3921	7	0	35.3992	1.0000	99	9	-9999.0000	24209	34901	-9999	2574	2371	-9999	576.7315	5	0.7092	0.7275	-0.0008	127.0583	-0.3866	724.3230	501.1790	37.5694	683.8898	96.4815	715.9668	95.3009	723.6402	95.1852	731.4765	94.9306	
15/08/2017	07:24:13	011992	H421058587HLR	L421	S		699.3744	1.0292	10.0000	100.0519	39.8000	0.8430	0.8280	5.0000	18.7703	815.0702	94.9306	25.0997	23.5000	0.9300	0.9270	0.7257	-0.0007	815.0000	816.4239	1.0275	-4.9922	99.9990	39.7437	0.8230	0.8263	5.0000	-9999.0000	-9999.0000	-9999.0000	-9999.0000	-9999.0000	-9999.0000	20.9881	8	0	34.3181	1.0000	99	9	-9999.0000	24210	34902	-9999	2575	2372	-9999	577.4889	5	0.7088	0.7257	-0.0007	135.8482	-0.7500	728.8162	495.9717	36.5741	679.0056	96.4120	718.7819	94.9769	728.3218	94.9769	733.8238	95.0694	
15/08/2017	07:24:48	011992	H421058586HLR	L421	S		698.6140	1.0292	10.0000	100.0952	39.7853	0.8430	0.8276	5.0000	18.8294	815.0312	94.8843	23.1691	23.6000	0.9300	0.9270	0.7259	-0.0007	815.0000	813.8926	1.0275	-4.8154	100.0329	39.7906	0.8230	0.8260	5.0000	-9999.0000	-9999.0000	-9999.0000	-9999.0000	-9999.0000	-9999.0000	19.8447	1	0	35.5289	1.0000	99	9	-9999.0000	24211	34902	-9999	2576	2373	-9999	578.4627	5	0.7088	0.7259	-0.0007	126.8862	-0.4052	731.0327	506.8843	37.9167	681.3979	96.3426	722.5822	94.8843	730.3637	94.8843	735.5049	94.8380	
15/08/2017	07:25:24	011992	H421057127HLR	L421	S		700.5617	1.0292	10.0000	100.0838	39.7469	0.8430	0.8278	5.0000	18.8792	815.0443	95.0694	19.4387	23.7000	0.9300	0.9271	0.7272	-0.0008	815.0000	814.9279	1.0275	-4.9880	99.9715	39.6443	0.8230	0.8262	5.0000	-9999.0000	-9999.0000	-9999.0000	-9999.0000	-9999.0000	-9999.0000	19.8261	2	0	35.9889	1.0000	99	9	-9999.0000	24211	34903	-9999	2577	2374	-9999	580.6007	5	0.7088	0.7272	-0.0008	113.8221	0.1453	738.4516	499.2805	36.0880	690.1199	96.2500	730.9097	94.7685	737.7035	94.6528	744.2939	94.8843	
15/08/2017	07:26:00	011992	H421058578HLR	L421	S		697.8652	1.0292	10.0000	100.0709	39.8000	0.8430	0.8277	5.0000	19.2892	815.0446	95.0000	24.5099	23.7000	0.9300	0.9271	0.7287	-0.0008	815.0000	815.1462	1.0275	-4.9992	100.0280	39.8644	0.8230	0.8264	5.0000	-9999.0000	-9999.0000	-9999.0000	-9999.0000	-9999.0000	-9999.0000	20.3637	3	0	35.4381	1.0000	99	9	-9999.0000	24212	34904	-9999	2578	2375	-9999	577.7159	5	0.7085	0.7287	-0.0008	116.5242	0.0353	727.7103	505.6587	37.2917	680.4052	96.2500	719.2014	94.8843	726.9593	94.8611	732.7243	94.9074	
15/08/2017	07:26:36	011992	H421058577HLR	L421	S		696.2619	1.0292	10.0000	100.0819	39.7788	0.8430	0.8277	5.0000	18.8588	815.0621	94.9074	22.9289	23.8000	0.9300	0.9271	0.7345	-0.0010	815.0000	814.2516	1.0275	-4.8753	99.9638	39.6347	0.8230	0.8259	5.0000	-9999.0000	-9999.0000	-9999.0000	-9999.0000	-9999.0000	-9999.0000	20.2581	4	0	36.8093	1.0000	99	9	-9999.0000	24213	34905	-9999	2579	2376	-9999	578.7318	5	0.7087	0.7345	-0.0010	103.5418	0.5459	729.4036	501.1903	38.4491	680.3345	96.5278	719.7252	95.0463	728.6259	95.1157	733.8121	95.0231	
15/08/2017	07:27:13	011992	H421058579HLR	L421	S		696.3984	1.0292	10.0000	100.0725	39.8000	0.8430	0.8278	5.0000	18.7892	815.0615	95.0000	24.5997	23.8000	0.9300	0.9271	0.7287	-0.0008	815.0000	813.9119	1.0275	-4.8186	100.0794	39.8486	0.8230	0.8266	5.0000	-9999.0000	-9999.0000	-9999.0000	-9999.0000	-9999.0000	-9999.0000	20.2491	5	0	36.1784	1.0000	99	9	-9999.0000	24213	34906	-9999	2580	2377	-9999	577.6976	5	0.7091	0.7287	-0.0008	105.2920	0.4554	718.7953	502.5877	38.0556	674.3215	96.5509	709.5816	95.2083	718.1592	95.1157	724.1667	94.9537	
15/08/2017	07:27:49	011992	H421058588HLR	L421	S		697.9043	1.0292	10.0000	100.1015	39.7982	0.8430	0.8278	5.0000	18.8818	815.0759	95.0000	24.6690	23.8000	0.9300	0.9271	0.7287	-0.0008	815.0000	813.5014	1.0275	-4.7502	99.9886	39.7050	0.8230	0.8258	5.0000	-9999.0000	-9999.0000	-9999.0000	-9999.0000	-9999.0000	-9999.0000	19.9416	6	0	36.3888	1.0000	99	9	-9999.0000	24214	34906	-9999	2581	2378	-9999	577.6967	5	0.7090	0.7287	-0.0008	105.4478	0.4450	723.7102	530.3150	38.3796	681.6535	96.5509	715.0712	95.3009	722.8254	95.2315	728.5576	95.0231	
15/08/2017	07:28:29	011992	H421057167HLR	L421	S		693.0350	1.0292	10.0000	100.1130	39.8000	0.8430	0.8277	5.0000	18.9299	815.0805	95.0000	24.4093	23.9000	0.9300	0.9271	0.7293	-0.0008	815.0000	812.6383	1.0275	-4.6064	99.9710	39.7669	0.8230	0.8263	5.0000	-9999.0000	-9999.0000	-9999.0000	-9999.0000	-9999.0000	-9999.0000	20.7983	7	0	40.2085	1.0000	99	9	-9999.0000	24214	34907	-9999	2582	2379	-9999	577.8477	5	0.7092	0.7293	-0.0008	106.0990	0.4358	725.6087	472.1803	36.8287	676.4602	96.5509	716.3509	95.0926	724.7763	94.9537	730.5219	94.9074	
15/08/2017	07:29:06	011992	H421057169HLR	L421	S		694.7257	1.0292	10.0000	100.0798	39.8000	0.8430	0.8278	5.0000	18.8782	815.0646	94.9769	25.4395	23.9000	0.9300	0.9270	0.7305	-0.0009	815.0000	813.8175	1.0275	-4.8029	100.0048	39.7431	0.8230	0.8258	5.0000	-9999.0000	-9999.0000	-9999.0000	-9999.0000	-9999.0000	-9999.0000	20.4088	8	0	36.7585	1.0000	99	9	-9999.0000	24215	34908	-9999	2583	2380	-9999	577.2228	5	0.7093	0.7305	-0.0009	101.6870	0.6422	721.5039	462.8762	37.9398	678.5656	96.6898	714.3225	95.1157	720.8771	95.0000	727.8068	94.9306	
15/08/2017	07:29:40	011992	H421057176HLR	L421	S		697.6408	1.0292	10.0000	100.0219	39.8000	0.8430	0.8278	5.0000	18.7485	815.0821	94.9074	25.1494	23.9000	0.9300	0.9269	0.7299	-0.0009	815.0000	814.0754	1.0275	-4.8459	99.9176	39.7555	0.8230	0.8262	5.0000	-9999.0000	-9999.0000	-9999.0000	-9999.0000	-9999.0000	-9999.0000	20.2954	1	0	33.7487	1.0000	99	9	-9999.0000	24216	34909	-9999	2584	2381	-9999	577.3820	5	0.7094	0.7299	-0.0009	103.7492	0.5368	726.6390	495.3601	40.4398	685.0381	95.9491	718.7632	94.8380	725.9662	94.7454	730.7618	94.9537	
15/08/2017	07:30:13	011992	H421057178HLR	L421	S		696.7109	1.0292	10.0000	100.1033	39.8148	0.8430	0.8278	5.0000	18.9798	815.0370	94.9074	25.0791	23.8000	0.9300	0.9268	0.7280	-0.0008	815.0000	813.9647	1.0275	-4.8274	99.9671	39.7741	0.8230	0.8260	5.0000	-9999.0000	-9999.0000	-9999.0000	-9999.0000	-9999.0000	-9999.0000	20.3508	2	0	33.4586	1.0000	99	9	-9999.0000	24217	34910	-9999	2585	2382	-9999	577.4334	5	0.7098	0.7280	-0.0008	102.0371	0.6233	722.2642	494.6770	38.4028	676.7619	96.3426	714.8595	95.0926	721.5389	95.1157	727.5523	95.0694	
15/08/2017	07:30:47	011992	H421058575HLR	L421	S		696.3218	1.0292	10.0000	100.0929	39.8000	0.8430	0.8277	5.0000	18.8895	815.0258	94.9074	29.1395	23.7000	0.9300	0.9268	0.7272	-0.0007	815.0000	814.5467	1.0275	-4.9245	100.0470	39.7191	0.8230	0.8262	5.0000	-9999.0000	-9999.0000	-9999.0000	-9999.0000	-9999.0000	-9999.0000	19.7410	3	0	33.6286	1.0000	99	9	-9999.0000	24218	34910	-9999	2586	2383	-9999	575.1812	5	0.7097	0.7272	-0.0007	101.3048	0.6665	722.0760	490.0646	39.8380	682.0461	96.3194	713.7859	95.1620	721.5127	95.0694	726.4040	94.9537	
15/08/2017	07:31:21	011992	H421057146HLR	L421	S		696.1053	1.0292	10.0000	100.0887	39.8000	0.8430	0.8277	5.0000	19.1897	815.0805	94.9769	25.3389	23.7000	0.9300	0.9268	0.7229	-0.0005	815.0000	815.1448	1.0275	-4.9992	100.0260	39.8325	0.8230	0.8263	5.0000	-9999.0000	-9999.0000	-9999.0000	-9999.0000	-9999.0000	-9999.0000	19.9808	4	0	34.5290	1.0000	99	9	-9999.0000	24218	34910	-9999	2587	2384	-9999	577.7685	5	0.7100	0.7229	-0.0005	104.0651	0.5396	723.1769	502.2247	38.6806	679.6922	96.4815	714.8421	95.2546	722.4856	95.1620	728.3193	95.1157	
15/08/2017	07:32:00	011992	H421057173HLR	L421	S		694.7317	1.0292	10.0000	100.0649	39.8152	0.8430	0.8275	5.0000	19.5219	815.0493	94.9306	22.4699	23.7000	0.9300	0.9269	0.7231	-0.0005	815.0000	814.1516	1.0275	-4.8586	100.0422	39.6756	0.8230	0.8259	5.0000	-9999.0000	-9999.0000	-9999.0000	-9999.0000	-9999.0000	-9999.0000	20.1668	5	0	38.8784	1.0000	99	9	-9999.0000	24218	34911	-9999	2588	2385	-9999	579.5139	5	0.7102	0.7231	-0.0005	103.8614	0.5493	732.8004	487.9460	35.9259	683.7852	96.1111	723.1784	94.8843	731.9730	94.8148	737.8279	94.9537	
15/08/2017	07:32:34	011992	H421057159HLR	L421	S		702.0950	1.0292	10.0000	100.0934	39.7960	0.8430	0.8276	5.0000	19.3397	815.0224	94.9769	22.1495	23.7000	0.9300	0.9269	0.7253	-0.0006	815.0000	815.6505	1.0275	-4.9964	100.0713	39.7947	0.8230	0.8260	5.0000	-9999.0000	-9999.0000	-9999.0000	-9999.0000	-9999.0000	-9999.0000	21.5457	6	0	33.4088	1.0000	99	9	-9999.0000	24219	34911	-9999	2589	2386	-9999	579.5837	5	0.7097	0.7253	-0.0006	108.4677	0.3603	737.1398	507.6831	38.2407	689.3740	96.0648	728.0546	94.7917	736.3091	94.8148	741.5472	94.9306	
15/08/2017	07:33:07	011992	H421057158HLR	L421	S		695.5969	1.0292	10.0000	100.0733	39.8470	0.8430	0.8278	5.0000	18.8511	815.1036	94.9306	22.5792	23.6000	0.9300	0.9269	0.7287	-0.0008	815.0000	813.9219	1.0275	-4.8203	99.9480	39.7066	0.8230	0.8258	5.0000	-9999.0000	-9999.0000	-9999.0000	-9999.0000	-9999.0000	-9999.0000	20.0059	7	0	32.8883	1.0000	99	9	-9999.0000	24219	34912	-9999	2590	2387	-9999	579.6768	5	0.7093	0.7287	-0.0008	115.4355	0.0947	730.2359	498.8825	38.4722	682.8192	96.2731	720.6627	94.7917	729.2705	94.9769	735.5765	94.9769	
15/08/2017	07:33:41	011992	H421057161HLR	L421	S		699.5233	1.0292	10.0000	100.0933	39.7920	0.8430	0.8276	5.0000	18.9302	815.0478	94.9306	23.2589	23.6000	0.9300	0.9269	0.7299	-0.0008	815.0000	816.1696	1.0275	-4.9936	100.0863	39.7581	0.8230	0.8263	5.0000	-9999.0000	-9999.0000	-9999.0000	-9999.0000	-9999.0000	-9999.0000	20.6160	8	0	34.2601	1.0000	99	9	-9999.0000	24220	34913	-9999	2591	2388	-9999	579.3287	5	0.7096	0.7299	-0.0008	119.7216	-0.0665	729.9521	498.5890	38.7269	681.3933	96.2269	720.7544	95.0926	729.3177	95.0000	734.8836	95.0000	
15/08/2017	07:34:15	011992	H421057142HLR	L421	S		697.7860	1.0292	10.0000	100.1148	39.8000	0.8430	0.8278	5.0000	18.9205	815.0659	94.9306	27.6591	23.6000	0.9300	0.9269	0.7308	-0.0009	815.0000	815.6343	1.0275	-4.9965	100.0439	39.7736	0.8230	0.8257	5.0000	-9999.0000	-9999.0000	-9999.0000	-9999.0000	-9999.0000	-9999.0000	20.8809	1	0	34.5222	1.0000	99	9	-9999.0000	24221	34914	-9999	2592	2389	-9999	576.5566	5	0.7096	0.7308	-0.0009	111.0735	0.2633	721.6051	464.0819	35.7176	677.5421	96.3889	713.3291	95.1157	721.2438	95.0231	726.8919	95.0231	
15/08/2017	07:34:49	011992	H421057140HLR	L421	S		697.2327	1.0292	10.0000	100.0626	39.8527	0.8430	0.8277	5.0000	18.8898	815.0747	95.0231	22.0490	23.6000	0.9300	0.9270	0.7323	-0.0009	815.0000	815.1562	1.0275	-4.9991	100.1178	39.6270	0.8230	0.8255	5.0000	-9999.0000	-9999.0000	-9999.0000	-9999.0000	-9999.0000	-9999.0000	23.0427	2	0	33.9444	1.0000	99	9	-9999.0000	24222	34914	-9999	2593	2390	-9999	580.4398	5	0.7099	0.7323	-0.0009	115.2995	0.1036	728.3151	498.0548	38.0787	679.1255	96.4120	718.3475	95.2083	727.7572	95.1157	733.0196	94.9306	
15/08/2017	07:35:25	011992	H421057150HLR	L421	S		697.0173	1.0292	10.0000	100.0366	39.7982	0.8430	0.8278	5.0000	18.6391	815.1168	94.9769	21.8693	23.6000	0.9300	0.9270	0.7290	-0.0008	815.0000	815.9277	1.0275	-4.9949	99.9945	39.8691	0.8230	0.8264	5.0000	-9999.0000	-9999.0000	-9999.0000	-9999.0000	-9999.0000	-9999.0000	20.0954	3	0	36.1482	1.0000	99	9	-9999.0000	24222	34915	-9999	2594	2391	-9999	580.8316	5	0.7098	0.7290	-0.0008	114.9368	0.1239	726.3623	485.4982	36.9676	680.1695	96.2500	717.2729	94.9306	725.5996	94.9074	731.2759	95.0231	
15/08/2017	07:36:00	011992	H421057155HLR	L421	S		701.3365	1.0292	10.0000	99.9556	39.7820	0.8430	0.8274	5.0000	20.3880	815.0831	94.9074	23.2882	23.6000	0.9300	0.9270	0.7290	-0.0008	815.0000	816.5275	1.0275	-4.9917	99.9762	39.6838	0.8230	0.8256	5.0000	-9999.0000	-9999.0000	-9999.0000	-9999.0000	-9999.0000	-9999.0000	20.2919	4	0	34.4750	1.0000	99	9	-9999.0000	24223	34916	-9999	2595	2392	-9999	579.4153	5	0.7094	0.7290	-0.0008	114.0101	0.1495	729.6223	491.3405	38.3102	682.9369	96.0648	721.3975	94.7917	728.9385	94.7454	734.1896	94.9306	
15/08/2017	07:36:35	011992	H421057145HLR	L421	S		701.4365	1.0292	10.0000	100.1245	39.8679	0.8430	0.8277	5.0000	18.9000	815.0687	94.8843	23.1495	23.6000	0.9300	0.9270	0.7301	-0.0008	815.0000	817.5936	1.0275	-4.9858	100.0837	39.8309	0.8230	0.8264	5.0000	-9999.0000	-9999.0000	-9999.0000	-9999.0000	-9999.0000	-9999.0000	20.3420	5	0	34.8027	1.0000	99	9	-9999.0000	24224	34916	-9999	2596	2393	-9999	579.3912	5	0.7097	0.7301	-0.0008	116.7471	0.0410	728.7594	473.8900	36.2500	681.7549	96.4120	720.2856	94.9074	727.8375	94.8843	733.6051	94.9306	
15/08/2017	07:37:10	011992	H421057132HLR	L421	S		696.2282	1.0292	10.0000	100.1418	39.7876	0.8430	0.8277	5.0000	18.8493	815.0720	94.9537	22.3497	23.6000	0.9300	0.9270	0.7300	-0.0008	815.0000	815.5647	1.0275	-4.9969	100.0083	39.7465	0.8230	0.8258	5.0000	-9999.0000	-9999.0000	-9999.0000	-9999.0000	-9999.0000	-9999.0000	19.7885	6	0	35.7888	1.0000	99	9	-9999.0000	24224	34917	-9999	2597	2394	-9999	580.0028	5	0.7099	0.7300	-0.0008	119.3887	-0.0493	728.4641	499.8607	38.2870	681.9033	96.0185	719.3915	95.0926	727.8561	95.0926	733.1975	95.0231	
15/08/2017	07:37:43	011992	H421057133HLR	L421	S		699.2324	1.0292	10.0000	100.1069	39.8000	0.8430	0.8278	5.0000	19.0632	815.1164	94.9537	24.4591	23.6000	0.9300	0.9270	0.7293	-0.0008	815.0000	815.0418	1.0275	-4.9998	99.9587	39.7481	0.8230	0.8263	5.0000	-9999.0000	-9999.0000	-9999.0000	-9999.0000	-9999.0000	-9999.0000	20.0864	7	0	32.9783	1.0000	99	9	-9999.0000	24225	34918	-9999	2598	2395	-9999	578.5685	5	0.7100	0.7293	-0.0008	115.6531	0.0866	725.4316	479.4244	37.5000	681.2248	95.9259	716.8664	94.9537	724.7713	94.8843	730.0678	95.0231	
15/08/2017	07:38:20	011992	H421057136HLR	L421	S		695.5059	1.0292	10.0000	100.0871	39.8717	0.8430	0.8277	5.0000	18.8887	815.0911	94.8843	22.9191	23.6000	0.9300	0.9270	0.7302	-0.0009	815.0000	815.0742	1.0275	-4.9996	100.0220	39.8219	0.8230	0.8259	5.0000	-9999.0000	-9999.0000	-9999.0000	-9999.0000	-9999.0000	-9999.0000	20.4973	8	0	37.0094	1.0000	99	9	-9999.0000	24226	34919	-9999	2599	2396	-9999	579.4561	5	0.7102	0.7302	-0.0009	114.3867	0.1292	725.5862	507.9719	40.0000	684.2177	95.9954	716.9730	94.7685	724.7881	94.6991	731.3451	94.9074	
15/08/2017	07:38:54	011992	H421057137HLR	L421	S		698.8905	1.0292	10.0000	100.1118	39.7691	0.8430	0.8276	5.0000	18.9495	815.1037	94.9074	23.0987	23.6000	0.9300	0.9270	0.7309	-0.0009	815.0000	814.6044	1.0275	-4.9341	99.9207	39.6755	0.8230	0.8260	5.0000	-9999.0000	-9999.0000	-9999.0000	-9999.0000	-9999.0000	-9999.0000	19.8803	1	0	33.1383	1.0000	99	9	-9999.0000	24227	34920	-9999	2600	2397	-9999	579.2133	5	0.7105	0.7309	-0.0009	119.0745	-0.0701	721.6735	473.8458	36.7130	676.6777	96.3426	713.8172	94.6528	721.0445	94.7222	726.4006	94.8380	
15/08/2017	07:39:28	011992	H421057141HLR	L421	S		700.7648	1.0292	10.0000	100.1116	39.8000	0.8430	0.8279	5.0000	18.9559	815.0986	94.8611	23.3898	23.5000	0.9300	0.9270	0.7295	-0.0008	815.0000	815.9292	1.0275	-4.9949	100.0574	39.8449	0.8230	0.8261	5.0000	-9999.0000	-9999.0000	-9999.0000	-9999.0000	-9999.0000	-9999.0000	20.5691	2	0	34.8291	1.0000	99	9	-9999.0000	24228	34921	-9999	2601	2398	-9999	579.0002	5	0.7103	0.7295	-0.0008	118.3807	-0.0584	725.6723	491.3470	36.9907	677.5288	96.3426	717.2866	94.6759	724.8614	94.6759	730.7560	94.9769	
15/08/2017	07:40:03	011992	H421057114HLR	L421	S		698.1866	1.0292	10.0000	100.0621	39.8579	0.8430	0.8276	5.0000	18.7959	815.0749	95.0231	21.9494	23.6000	0.9300	0.9271	0.7307	-0.0009	815.0000	815.4246	1.0275	-4.9977	99.9603	39.6501	0.8230	0.8258	5.0000	-9999.0000	-9999.0000	-9999.0000	-9999.0000	-9999.0000	-9999.0000	20.0193	3	0	34.3687	1.0000	99	9	-9999.0000	24229	34922	-9999	2602	2399	-9999	579.8745	5	0.7103	0.7307	-0.0009	124.0024	-0.2753	728.8388	474.9425	37.0833	679.2979	96.5509	719.9665	94.7454	727.8779	94.7917	733.9414	94.9306	
15/08/2017	07:40:35	011992	H421057124HLR	L421	S		697.6353	1.0292	10.0000	100.0300	39.7313	0.8430	0.8273	5.0000	20.3392	815.0576	94.9537	25.5596	23.6000	0.9300	0.9270	0.7304	-0.0009	815.0000	815.2227	1.0275	-4.9988	99.9815	39.8627	0.8230	0.8265	5.0000	-9999.0000	-9999.0000	-9999.0000	-9999.0000	-9999.0000	-9999.0000	19.7236	4	0	32.1386	1.0000	99	9	-9999.0000	24230	34923	-9999	2603	2400	-9999	577.5913	5	0.7102	0.7304	-0.0009	122.8883	-0.2394	720.1992	497.1368	37.6389	676.1693	96.4352	714.3482	94.8380	719.7357	94.8148	725.1532	94.9537	
15/08/2017	07:41:08	011992	H421057115HLR	L421	S		701.4980	1.0292	10.0000	100.1053	39.8780	0.8430	0.8279	5.0000	18.7448	815.0322	95.0231	22.1594	23.6000	0.9300	0.9270	0.7304	-0.0009	815.0000	816.7337	1.0275	-4.9905	99.8895	39.6790	0.8230	0.8257	5.0000	-9999.0000	-9999.0000	-9999.0000	-9999.0000	-9999.0000	-9999.0000	19.5291	5	0	32.6492	1.0000	99	9	-9999.0000	24231	34924	-9999	2604	2401	-9999	579.9612	5	0.7102	0.7304	-0.0009	122.7829	-0.2412	730.5400	486.0815	36.2731	681.7372	96.6204	721.8018	94.6759	729.5405	94.6759	735.9429	95.0000	
15/08/2017	07:41:47	011992	H421057130HLR	L421	S		696.8973	1.0292	10.0000	100.0968	39.8158	0.8430	0.8274	5.0000	19.1708	815.0479	94.8843	23.5196	23.6000	0.9300	0.9270	0.7328	-0.0010	815.0000	816.0546	1.0275	-4.9942	100.0137	39.7827	0.8230	0.8264	5.0000	-9999.0000	-9999.0000	-9999.0000	-9999.0000	-9999.0000	-9999.0000	19.4294	6	0	39.3787	1.0000	99	9	-9999.0000	24232	34925	-9999	2605	2402	-9999	579.0008	5	0.7106	0.7328	-0.0010	148.4764	-1.3772	726.3842	512.3958	36.4583	678.0930	96.6204	717.7089	94.6759	725.4314	94.6759	732.1646	95.0463	
15/08/2017	07:42:20	011992	H421057125HLR	L421	S		699.9464	1.0292	10.0000	100.1001	39.7142	0.8430	0.8277	5.0000	19.0454	815.0708	94.8611	23.4592	23.6000	0.9300	0.9270	0.7288	-0.0008	815.0000	815.4383	1.0275	-4.9976	99.9477	39.7884	0.8230	0.8259	5.0000	-9999.0000	-9999.0000	-9999.0000	-9999.0000	-9999.0000	-9999.0000	19.7386	7	0	32.7742	1.0000	99	9	-9999.0000	24233	34926	-9999	2606	2403	-9999	578.8036	5	0.7102	0.7288	-0.0008	130.6139	-0.5862	724.4061	498.5598	36.0417	677.3812	96.7593	716.0391	95.3009	723.8196	95.2778	729.5468	95.0231	
15/08/2017	07:42:53	011992	H421057104HLR	L421	S		699.1647	1.0292	10.0000	100.1401	39.9038	0.8430	0.8279	5.0000	18.8651	815.0552	94.9769	21.0188	23.6000	0.9300	0.9270	0.7248	-0.0006	815.0000	815.1657	1.0275	-4.9991	100.0178	39.7440	0.8230	0.8261	5.0000	-9999.0000	-9999.0000	-9999.0000	-9999.0000	-9999.0000	-9999.0000	20.3683	8	0	32.8326	1.0000	99	9	-9999.0000	24234	34926	-9999	2607	2404	-9999	580.4123	5	0.7101	0.7248	-0.0006	118.0016	-0.0668	732.5752	508.1325	38.2870	680.2139	96.5972	723.5805	94.7685	731.6418	94.7917	737.8006	94.9769	
15/08/2017	07:43:24	011992	H421057105HLR	L421	S		701.2597	1.0292	10.0000	100.1295	39.7615	0.8430	0.8275	5.0000	18.8857	815.0298	95.0463	21.5696	23.7000	0.9300	0.9271	0.7250	-0.0006	815.0000	815.2253	1.0275	-4.9988	99.9099	39.8389	0.8230	0.8264	5.0000	-9999.0000	-9999.0000	-9999.0000	-9999.0000	-9999.0000	-9999.0000	19.7622	1	0	31.2398	1.0000	99	9	-9999.0000	24234	34927	-9999	2608	2405	-9999	579.6474	5	0.7101	0.7250	-0.0006	118.7944	-0.0739	735.7826	486.2586	38.1944	684.2306	96.4583	726.9043	94.9306	735.0586	94.9074	739.9244	95.0231	
15/08/2017	07:43:57	011992	H421057106HLR	L421	S		697.5845	1.0292	10.0000	100.0889	39.8000	0.8430	0.8279	5.0000	19.0384	815.0734	95.0000	28.2187	23.7000	0.9300	0.9271	0.7256	-0.0007	815.0000	814.3353	1.0275	-4.8892	100.0496	39.6801	0.8230	0.8256	5.0000	-9999.0000	-9999.0000	-9999.0000	-9999.0000	-9999.0000	-9999.0000	20.8929	2	0	33.2980	1.0000	99	9	-9999.0000	24235	34928	-9999	2609	2406	-9999	576.2433	5	0.7102	0.7256	-0.0007	119.5141	-0.1083	722.4815	491.7047	36.7361	676.9649	96.8056	715.5497	94.9074	721.9095	94.9537	725.8942	95.0694	
15/08/2017	07:44:39	011992	H421057098HLR	L421	S		699.7677	1.0292	10.0000	100.1083	39.8868	0.8430	0.8277	5.0000	18.7675	815.0751	95.0000	21.6096	23.8000	0.9300	0.9271	0.7263	-0.0007	815.0000	813.8025	1.0275	-4.8004	99.9854	39.7900	0.8230	0.8263	5.0000	-9999.0000	-9999.0000	-9999.0000	-9999.0000	-9999.0000	-9999.0000	20.0509	3	0	42.0089	1.0000	99	9	-9999.0000	24236	34929	-9999	2610	2407	-9999	579.8258	5	0.7103	0.7263	-0.0007	111.9721	0.1931	735.5583	491.5349	37.0139	685.2377	96.8750	726.9789	95.0694	735.0176	95.1852	740.5937	95.0231	
15/08/2017	07:45:18	011992	H421057101HLR	L421	S		706.3371	1.0292	10.0000	100.0983	39.7597	0.8430	0.8274	5.0000	19.2090	815.0512	95.0000	21.4992	23.8000	0.9300	0.9271	0.7268	-0.0007	815.0000	816.1864	1.0275	-4.9935	99.9473	39.8112	0.8230	0.8259	5.0000	-9999.0000	-9999.0000	-9999.0000	-9999.0000	-9999.0000	-9999.0000	19.3802	4	0	39.2682	1.0000	99	9	-9999.0000	24237	34930	-9999	2611	2408	-9999	579.8624	5	0.7104	0.7268	-0.0007	105.2626	0.4867	739.3088	467.0204	38.2407	687.1262	96.5741	730.1259	95.1389	738.6996	95.1852	743.2844	95.0463	
15/08/2017	07:45:53	011992	H421057090HLR	L421	S		701.3413	1.0292	10.0000	100.0962	39.8000	0.8430	0.8279	5.0000	18.9830	815.0332	94.9306	20.2590	23.9000	0.9300	0.9271	0.7236	-0.0006	815.0000	814.8005	1.0275	-4.9668	99.9607	39.7563	0.8230	0.8262	5.0000	-9999.0000	-9999.0000	-9999.0000	-9999.0000	-9999.0000	-9999.0000	19.6784	5	0	34.1686	1.0000	99	9	-9999.0000	24238	34930	-9999	2612	2409	-9999	580.5531	5	0.7100	0.7236	-0.0006	110.4143	0.2412	737.7927	513.2815	37.6157	696.2995	96.1343	729.2093	95.3472	736.8920	95.2546	743.7402	95.0694	
15/08/2017	07:46:28	011992	H421057084HLR	L421	S		698.3587	1.0292	10.0000	100.0847	39.9206	0.8430	0.8277	5.0000	18.8988	815.1199	94.9769	21.8390	24.0000	0.9300	0.9271	0.7245	-0.0006	815.0000	812.3992	1.0275	-4.5665	99.9387	39.8291	0.8230	0.8263	5.0000	-9999.0000	-9999.0000	-9999.0000	-9999.0000	-9999.0000	-9999.0000	19.7994	6	0	34.9295	1.0000	99	9	-9999.0000	24238	34931	-9999	2613	2410	-9999	579.5757	5	0.7102	0.7245	-0.0006	108.7057	0.3126	735.9122	498.0072	38.5185	693.2798	96.3889	726.7624	95.3935	735.2240	95.3472	741.0557	95.1389	
15/08/2017	07:47:08	011992	H421057087HLR	L421	S		697.0551	1.0292	10.0000	100.0895	39.7385	0.8430	0.8275	5.0000	18.8348	805.5129	94.8380	31.0096	24.0000	0.9300	0.9270	0.7238	-0.0006	815.0000	826.7639	1.0275	-4.9358	99.9527	39.7223	0.8230	0.8258	5.0000	-9999.0000	-9999.0000	-9999.0000	-9999.0000	-9999.0000	-9999.0000	21.1153	7	2	40.2352	1.0000	99	9	-9999.0000	24239	34932	-9999	2614	2411	-9999	568.1428	5	0.7103	0.7238	-0.0006	106.1177	0.4184	690.6035	471.1819	38.6806	641.5641	96.7130	682.1996	95.1157	689.7814	95.0926	695.6266	95.0694	
15/08/2017	07:47:40	011992	H421057085HLR	L421	S		697.1253	1.0292	10.0000	100.1007	39.8634	0.8430	0.8279	5.0000	19.0394	815.0648	95.0000	28.1591	24.0000	0.9300	0.9269	0.7246	-0.0006	815.0000	813.5796	1.0275	-4.7633	100.0321	39.8162	0.8230	0.8261	5.0000	-9999.0000	-9999.0000	-9999.0000	-9999.0000	-9999.0000	-9999.0000	20.2385	8	0	32.3402	1.0000	99	9	-9999.0000	24240	34933	-9999	2615	2412	-9999	576.6514	5	0.7104	0.7246	-0.0006	103.9341	0.4994	724.6410	475.2591	39.3287	683.6641	96.4352	716.6570	95.4630	724.2129	95.3009	728.9483	94.9537	
15/08/2017	07:48:13	011992	H421057096HLR	L421	S		699.5981	1.0292	10.0000	100.1388	39.8308	0.8430	0.8274	5.0000	18.9495	815.0858	94.9769	22.7990	24.0000	0.9300	0.9269	0.7251	-0.0006	815.0000	813.5301	1.0275	-4.7550	99.9501	39.7255	0.8230	0.8257	5.0000	-9999.0000	-9999.0000	-9999.0000	-9999.0000	-9999.0000	-9999.0000	19.9889	1	0	32.7898	1.0000	99	9	-9999.0000	24241	34934	-9999	2616	2413	-9999	579.1582	5	0.7109	0.7251	-0.0006	105.9067	0.3907	730.8073	485.7976	35.3704	683.0479	96.6204	721.5997	95.0231	730.2755	94.9537	736.5115	94.9306	
15/08/2017	07:48:51	011992	H421057559HLR	L421	S		700.6514	1.0292	10.0000	100.0635	39.8000	0.8430	0.8278	5.0000	19.4580	815.1174	94.8843	23.5685	23.9000	0.9300	0.9268	0.7253	-0.0006	815.0000	815.4502	1.0275	-4.9975	99.9991	39.7792	0.8230	0.8264	5.0000	-9999.0000	-9999.0000	-9999.0000	-9999.0000	-9999.0000	-9999.0000	19.7882	2	0	38.5094	1.0000	99	9	-9999.0000	24242	34935	-9999	2617	2414	-9999	578.9449	5	0.7092	0.7253	-0.0006	87.5270	1.2312	734.4282	479.3864	37.5231	687.4433	96.3426	726.7589	95.0694	733.8165	95.0926	739.1842	95.0231	
15/08/2017	07:49:23	011992	H421057572HLR	L421	S		700.0546	1.0292	10.0000	100.1054	39.9457	0.8430	0.8278	5.0000	18.9301	815.0529	94.9074	28.8993	23.8000	0.9300	0.9267	0.7233	-0.0005	815.0000	822.9488	1.0275	-4.9566	99.9599	39.8142	0.8230	0.8260	5.0000	-9999.0000	-9999.0000	-9999.0000	-9999.0000	-9999.0000	-9999.0000	19.8280	3	0	31.9588	1.0000	99	9	-9999.0000	24243	34936	-9999	2618	2415	-9999	576.2640	5	0.7091	0.7233	-0.0005	105.4398	0.3973	696.8300	497.6256	37.8009	668.9476	96.5278	684.5171	94.7685	696.0772	94.6759	705.6815	95.0926	
15/08/2017	07:49:54	011992	H421057079HLR	L421	S		699.1129	1.0292	10.0000	100.0051	39.7459	0.8430	0.8273	5.0000	19.3296	815.0472	95.0694	21.0295	23.8000	0.9300	0.9268	0.7235	-0.0005	815.0000	815.4997	1.0275	-4.9973	100.0248	39.7008	0.8230	0.8257	5.0000	-9999.0000	-9999.0000	-9999.0000	-9999.0000	-9999.0000	-9999.0000	21.3091	4	0	30.9382	1.0000	99	9	-9999.0000	24244	34937	-9999	2619	2416	-9999	580.3371	5	0.7093	0.7235	-0.0005	105.2833	0.4002	739.2985	488.1964	38.3102	686.8227	96.4352	730.5869	94.7917	738.3608	94.8380	744.9572	94.9537	
15/08/2017	07:50:31	011992	H421057109HLR	L421	S		699.3330	1.0292	10.0000	99.9631	39.8881	0.8430	0.8278	5.0000	19.5804	815.0449	95.0463	21.4689	23.7000	0.9300	0.9268	0.7237	-0.0005	815.0000	815.5220	1.0275	-4.9972	99.9914	39.8081	0.8230	0.8263	5.0000	-9999.0000	-9999.0000	-9999.0000	-9999.0000	-9999.0000	-9999.0000	19.9485	5	0	36.4299	1.0000	99	9	-9999.0000	24245	34938	-9999	2620	2417	-9999	580.3180	5	0.7091	0.7237	-0.0005	105.3828	0.3979	738.4385	471.5005	38.1019	688.7006	96.3194	729.8777	94.6759	737.8407	94.6991	743.8570	94.9306	
15/08/2017	07:51:12	011992	H421057110HLR	L421	S		702.8389	1.0292	10.0000	100.1217	39.8341	0.8430	0.8275	5.0000	18.9181	815.0517	94.9306	27.2187	23.6000	0.9300	0.9268	0.7244	-0.0006	815.0000	819.3278	1.0275	-4.9764	99.9541	39.8068	0.8230	0.8260	5.0000	-9999.0000	-9999.0000	-9999.0000	-9999.0000	-9999.0000	-9999.0000	19.6251	6	0	41.6679	1.0000	99	9	-9999.0000	24246	34939	-9999	2621	2418	-9999	577.6961	5	0.7081	0.7244	-0.0006	90.4411	1.0390	730.5943	465.7676	37.0602	684.2874	96.4120	723.2406	94.4676	730.2937	94.3750	735.2216	95.5324	
15/08/2017	07:52:07	011992	H421057562HLR	L421	S		700.1429	1.0292	10.0000	100.0951	39.7874	0.8430	0.8277	5.0000	18.7996	815.1067	95.0694	20.7795	23.6000	0.9300	0.9268	0.7221	-0.0005	815.0000	815.8229	1.0275	-4.9955	100.0070	39.7619	0.8230	0.8261	5.0000	-9999.0000	-9999.0000	-9999.0000	-9999.0000	-9999.0000	-9999.0000	19.7026	7	0	55.1974	1.0000	99	9	-9999.0000	24247	34940	-9999	2621	2419	-9999	580.7890	5	0.7086	0.7221	-0.0005	91.8578	1.0086	737.2853	494.5085	37.4769	687.1762	96.4583	728.0763	95.0231	736.6964	95.0000	742.3757	95.0231	
15/08/2017	07:52:57	011992	H421057120HLR	L421	S		710.8438	1.0292	10.0000	100.0890	39.8968	0.8430	0.8276	5.0000	19.2395	815.0550	95.0231	18.6195	23.5000	0.9300	0.9268	0.7214	-0.0005	815.0000	816.8641	1.0275	-4.9898	99.9233	39.7832	0.8230	0.8260	5.0000	-9999.0000	-9999.0000	-9999.0000	-9999.0000	-9999.0000	-9999.0000	19.6944	8	0	49.8280	1.0000	99	9	-9999.0000	24248	34941	-9999	2621	2420	-9999	581.4196	5	0.7085	0.7214	-0.0005	89.6408	1.1239	745.6530	464.4143	35.1620	695.5154	96.3426	736.9950	94.6065	744.9395	94.5833	750.2157	94.9306	
15/08/2017	07:53:52	011992	H421057595HLR	L421	S		703.4893	1.0292	10.0000	100.1137	39.7389	0.8430	0.8274	5.0000	19.4703	815.0450	94.9537	22.3693	23.4000	0.9300	0.9268	0.7355	-0.0011	815.0000	816.9904	1.0275	-4.9891	100.0558	39.6848	0.8230	0.8255	5.0000	-9999.0000	-9999.0000	-9999.0000	-9999.0000	-9999.0000	-9999.0000	20.5110	1	0	54.3680	1.0000	99	9	-9999.0000	24249	34942	-9999	2622	2421	-9999	579.7971	5	0.7079	0.7355	-0.0011	95.4537	0.8789	737.4557	483.6627	38.4954	689.6855	96.4583	730.1200	94.8380	736.9960	94.8380	741.9141	95.0926	
15/08/2017	07:54:41	011992	H421057588HLR	L421	S		706.7954	1.0292	10.0000	100.1097	39.8567	0.8430	0.8279	5.0000	18.8847	815.0395	94.9074	23.8790	23.3000	0.9300	0.9269	0.7359	-0.0011	815.0000	819.6816	1.0275	-4.9744	99.9482	39.8046	0.8230	0.8260	5.0000	-9999.0000	-9999.0000	-9999.0000	-9999.0000	-9999.0000	-9999.0000	20.3699	2	0	48.8587	1.0000	99	9	-9999.0000	24250	34943	-9999	2623	2422	-9999	578.2851	5	0.7079	0.7359	-0.0011	99.1185	0.7296	726.5714	482.3414	36.9676	679.8406	96.5509	718.7206	94.9537	725.9609	94.9074	732.0742	95.0231	
15/08/2017	07:55:19	011992	H421057628HLR	L421	S		705.4404	1.0292	10.0000	100.1274	39.8600	0.8430	0.8274	5.0000	18.9300	815.0624	94.9769	22.3693	23.3000	0.9300	0.9269	0.7295	-0.0009	815.0000	818.5864	1.0275	-4.9804	99.9843	39.7056	0.8230	0.8260	5.0000	-9999.0000	-9999.0000	-9999.0000	-9999.0000	-9999.0000	-9999.0000	19.8946	3	0	38.6089	1.0000	99	9	-9999.0000	24251	34943	-9999	2624	2423	-9999	579.6654	5	0.7077	0.7295	-0.0009	89.6229	1.1139	726.8602	506.7068	37.0833	678.2166	96.5972	717.8986	94.6528	726.0650	94.8380	732.2926	95.0463	
15/08/2017	07:55:56	011992	H421053784HLR	L421	S		718.7543	1.0292	10.0000	100.0625	39.7774	0.8430	0.8275	5.0000	19.3888	815.0496	94.9074	15.9398	23.3000	0.9300	0.9272	0.7295	-0.0009	815.0000	819.8883	1.0275	-4.9733	99.9038	39.7816	0.8230	0.8260	5.0000	-9999.0000	-9999.0000	-9999.0000	-9999.0000	-9999.0000	-9999.0000	19.4988	4	0	37.0884	1.0000	99	9	-9999.0000	24251	34943	-9999	2625	2424	-9999	583.5824	5	0.7077	0.7295	-0.0009	89.6229	1.1139	752.2342	512.1971	39.8380	705.4355	96.1111	742.0147	95.0000	751.2930	95.1620	757.8425	95.1389	
15/08/2017	07:56:33	011992	H421057616HLR	L421	Q		699.4816	1.0292	10.0000	100.1591	39.8190	0.8430	0.8273	5.0000	18.7726	815.0791	95.0231	25.2198	23.3000	0.9300	0.9273	0.7359	-0.0012	815.0000	816.9349	1.0275	-4.9894	99.9994	39.6641	0.8230	0.8260	5.0000	-9999.0000	-9999.0000	-9999.0000	-9999.0000	-9999.0000	-9999.0000	20.5623	5	0	36.2487	1.0000	99	9	-9999.0000	24251	34944	-9999	2626	2425	-9999	577.3115	5	0.7091	0.7359	-0.0012	92.7015	0.9640	722.9989	531.5733	38.0556	678.2578	96.4352	715.6228	94.5833	722.4753	94.7917	728.7432	95.0000	
15/08/2017	07:57:09	011992	H421057617HLR	L421	S		705.9669	1.0292	10.0000	100.0667	39.8745	0.8430	0.8279	5.0000	19.0892	815.0601	94.9537	22.4894	23.3000	0.9300	0.9273	0.7351	-0.0011	815.0000	818.3424	1.0275	-4.9818	99.9318	39.8399	0.8230	0.8266	5.0000	-9999.0000	-9999.0000	-9999.0000	-9999.0000	-9999.0000	-9999.0000	19.4990	6	0	36.7282	1.0000	99	9	-9999.0000	24252	34945	-9999	2627	2426	-9999	578.5287	5	0.7088	0.7351	-0.0011	92.4638	0.9727	731.8874	492.2794	37.3843	681.6968	96.5972	723.1918	94.6759	731.3347	94.7222	736.7769	95.0463	
15/08/2017	07:57:44	011992	H421057624HLR	L421	S		707.0236	1.0292	10.0000	100.0939	39.6812	0.8430	0.8272	5.0000	18.8187	815.0909	95.0231	21.7394	23.4000	0.9300	0.9273	0.7299	-0.0009	815.0000	815.6189	1.0275	-4.9966	99.9569	39.6285	0.8230	0.8257	5.0000	-9999.0000	-9999.0000	-9999.0000	-9999.0000	-9999.0000	-9999.0000	20.3020	7	0	34.6688	1.0000	99	9	-9999.0000	24253	34946	-9999	2628	2427	-9999	578.8825	5	0.7089	0.7299	-0.0009	83.9781	1.3272	723.5927	500.3095	36.8981	679.0653	96.5972	716.4034	94.7917	722.9208	94.7917	729.0824	94.9769	
15/08/2017	07:58:19	011992	H421057620HLR	L421	S		701.7909	1.0292	10.0000	99.8834	39.9744	0.8430	0.8281	5.0000	18.4690	815.1084	95.0000	21.0695	23.4000	0.9300	0.9272	0.7260	-0.0008	815.0000	814.4252	1.0275	-4.9042	100.0586	39.8114	0.8230	0.8260	5.0000	-9999.0000	-9999.0000	-9999.0000	-9999.0000	-9999.0000	-9999.0000	21.0503	8	0	35.1283	1.0000	99	9	-9999.0000	24254	34947	-9999	2629	2428	-9999	578.8173	5	0.7094	0.7260	-0.0008	84.9662	1.2803	731.2647	508.7017	36.0648	683.5373	96.7130	722.0342	95.0231	730.3433	94.9769	736.2133	95.0231	
15/08/2017	07:58:54	011992	H421057574HLR	L421	S		704.1087	1.0292	10.0000	99.9528	39.6940	0.8430	0.8272	5.0000	19.2284	815.0577	95.0231	21.0188	23.4000	0.9300	0.9272	0.7252	-0.0007	815.0000	815.0988	1.0275	-4.9995	99.8685	39.6663	0.8230	0.8257	5.0000	-9999.0000	-9999.0000	-9999.0000	-9999.0000	-9999.0000	-9999.0000	20.0997	1	0	35.3093	1.0000	99	9	-9999.0000	24255	34948	-9999	2630	2429	-9999	578.8407	5	0.7090	0.7252	-0.0007	82.4724	1.3578	734.8570	497.5214	37.3148	687.1480	96.6435	726.5090	94.9537	734.1216	94.9306	740.5980	95.1157	
15/08/2017	07:59:25	011992	H421057580HLR	L421	S		702.8255	1.0292	10.0000	100.0796	39.8000	0.8430	0.8281	5.0000	18.9555	815.0659	94.9537	22.4796	23.5000	0.9300	0.9272	0.7246	-0.0007	815.0000	815.3516	1.0275	-4.9981	99.9684	39.8271	0.8230	0.8266	5.0000	-9999.0000	-9999.0000	-9999.0000	-9999.0000	-9999.0000	-9999.0000	19.6190	2	0	30.4890	1.0000	99	9	-9999.0000	24256	34949	-9999	2631	2429	-9999	577.6292	5	0.7088	0.7246	-0.0007	80.0188	1.4285	735.6032	499.2994	36.3426	688.7549	96.6204	726.5791	94.9306	734.8898	95.2083	740.3969	95.0926	
15/08/2017	07:59:57	011992	H421057591HLR	L421	S		708.0125	1.0292	10.0000	100.1096	39.8629	0.8430	0.8274	5.0000	18.9470	815.1144	95.0000	21.2394	23.5000	0.9300	0.9272	0.7256	-0.0008	815.0000	813.8279	1.0275	-4.8047	100.0172	39.7285	0.8230	0.8257	5.0000	-9999.0000	-9999.0000	-9999.0000	-9999.0000	-9999.0000	-9999.0000	20.1117	3	0	32.3581	1.0000	99	9	-9999.0000	24257	34950	-9999	2632	2430	-9999	578.3151	5	0.7093	0.7256	-0.0008	74.7341	1.6823	736.3793	507.4874	37.7315	689.0905	96.5046	728.7459	94.7222	735.4373	94.6759	740.6821	95.1389	
15/08/2017	08:00:32	011992	H421057602HLR	L421	S		704.0943	1.0292	10.0000	100.1055	39.6786	0.8430	0.8276	5.0000	18.8693	815.0926	94.9306	22.1291	23.5000	0.9300	0.9271	0.7246	-0.0007	815.0000	813.7864	1.0275	-4.7977	99.9908	39.6952	0.8230	0.8263	5.0000	-9999.0000	-9999.0000	-9999.0000	-9999.0000	-9999.0000	-9999.0000	19.3883	4	0	34.6990	1.0000	99	9	-9999.0000	24258	34951	-9999	2633	2431	-9999	577.8929	5	0.7091	0.7246	-0.0007	74.8351	1.6851	734.0411	502.1543	35.9954	688.4558	96.6898	727.0636	94.5833	733.5740	94.6528	739.4524	95.2315	
15/08/2017	08:01:08	011992	H421057612HLR	L421	S		701.3257	1.0292	10.0000	100.0577	39.8906	0.8430	0.8277	5.0000	19.6086	815.0833	95.0000	22.5792	23.5000	0.9300	0.9271	0.7236	-0.0007	815.0000	812.7113	1.0275	-4.6186	99.9622	39.8805	0.8230	0.8265	5.0000	-9999.0000	-9999.0000	-9999.0000	-9999.0000	-9999.0000	-9999.0000	19.1486	5	0	36.1891	1.0000	99	9	-9999.0000	24259	34951	-9999	2634	2431	-9999	577.4894	5	0.7088	0.7236	-0.0007	75.3747	1.6595	732.7902	510.0997	38.0093	686.4781	96.7361	724.2090	95.2083	732.1232	95.2546	737.9816	95.0926	
15/08/2017	08:01:39	011992	H421057579HLR	L421	S		701.9729	1.0292	10.0000	100.1037	39.7886	0.8430	0.8274	5.0000	18.9587	815.0702	94.9306	19.1897	23.6000	0.9300	0.9272	0.7246	-0.0007	815.0000	813.2312	1.0275	-4.7052	99.9657	39.6307	0.8230	0.8256	5.0000	-9999.0000	-9999.0000	-9999.0000	-9999.0000	-9999.0000	-9999.0000	19.5228	6	0	30.9078	1.0000	99	9	-9999.0000	24259	34952	-9999	2635	2432	-9999	579.2924	5	0.7089	0.7246	-0.0007	74.9377	1.6623	740.4346	512.0950	38.3333	693.1604	96.5046	732.4360	95.0926	739.8616	95.0926	746.5912	95.1157	
15/08/2017	08:02:10	011992	H421057577HLR	L421	S		698.9771	1.0292	10.0000	100.0843	39.7521	0.8430	0.8278	5.0000	18.8391	815.0555	95.0000	21.5392	23.6000	0.9300	0.9271	0.7225	-0.0006	815.0000	812.9675	1.0275	-4.6613	99.9465	39.8715	0.8230	0.8265	5.0000	-9999.0000	-9999.0000	-9999.0000	-9999.0000	-9999.0000	-9999.0000	19.3482	7	0	30.8896	1.0000	99	9	-9999.0000	24260	34953	-9999	2636	2433	-9999	577.9914	5	0.7093	0.7225	-0.0006	73.7233	1.7153	733.3015	518.7068	39.1667	692.0614	96.1806	726.1196	94.9537	732.8226	94.8380	738.7428	95.0926	
15/08/2017	08:02:42	011992	H421057571HLR	L421	S		701.4794	1.0292	10.0000	100.1119	39.8774	0.8430	0.8278	5.0000	18.7887	815.0579	94.9074	23.7091	23.6000	0.9300	0.9271	0.7217	-0.0006	815.0000	815.0919	1.0275	-4.9995	99.9854	39.7004	0.8230	0.8256	5.0000	-9999.0000	-9999.0000	-9999.0000	-9999.0000	-9999.0000	-9999.0000	19.4414	8	0	31.8785	1.0000	99	9	-9999.0000	24261	34953	-9999	2637	2434	-9999	577.1622	5	0.7096	0.7217	-0.0006	74.0082	1.6838	733.1027	531.6037	39.1898	691.0061	96.4583	726.0722	95.4861	732.4668	95.5093	738.5120	95.1620	
15/08/2017	08:03:14	011992	H421057566HLR	L421	S		699.0255	1.0292	10.0000	100.0929	39.8126	0.8430	0.8274	5.0000	19.0286	815.0433	95.0000	25.2090	23.7000	0.9300	0.9271	0.7300	-0.0009	815.0000	815.2053	1.0275	-4.9989	99.9973	39.7685	0.8230	0.8263	5.0000	-9999.0000	-9999.0000	-9999.0000	-9999.0000	-9999.0000	-9999.0000	19.4774	1	0	32.3693	1.0000	99	9	-9999.0000	24262	34954	-9999	2638	2435	-9999	576.8145	5	0.7096	0.7300	-0.0009	86.4679	1.1332	731.3590	504.3750	36.7130	682.1898	96.6898	723.0183	95.4167	730.6051	95.3935	736.6904	95.1389	
15/08/2017	08:03:45	011992	H421057550HLR	L421	S		703.4148	1.0292	10.0000	100.1123	39.7868	0.8430	0.8277	5.0000	18.9991	815.0393	94.9306	19.9592	23.8000	0.9300	0.9271	0.7295	-0.0009	815.0000	815.6665	1.0275	-4.9964	99.9929	39.8520	0.8230	0.8260	5.0000	-9999.0000	-9999.0000	-9999.0000	-9999.0000	-9999.0000	-9999.0000	19.6585	2	0	30.4776	1.0000	99	9	-9999.0000	24263	34954	-9999	2639	2436	-9999	580.0074	5	0.7101	0.7295	-0.0009	108.9786	0.1086	737.6064	492.2933	36.4815	686.8160	96.5278	728.4830	94.3519	736.6393	94.7222	742.4085	95.0463	
15/08/2017	08:04:16	011992	H421056420HLR	L421	S		702.9284	1.0292	10.0000	100.0872	39.8647	0.8430	0.8276	5.0000	19.3088	815.0565	94.9306	20.0187	23.8000	0.9300	0.9271	0.7295	-0.0009	815.0000	813.6955	1.0275	-4.7826	99.9710	39.6633	0.8230	0.8257	5.0000	-9999.0000	-9999.0000	-9999.0000	-9999.0000	-9999.0000	-9999.0000	20.1300	3	0	31.2390	1.0000	99	9	-9999.0000	24263	34955	-9999	2640	2437	-9999	580.0073	5	0.7102	0.7295	-0.0009	102.6875	0.4003	736.9359	501.7201	37.3843	687.9568	96.5278	727.3169	95.1620	736.2614	95.2778	742.6051	95.1157	
15/08/2017	08:04:49	011992	H421056404HLR	L421	S		701.6673	1.0292	10.0000	100.0411	39.7545	0.8430	0.8272	5.0000	20.0128	815.0151	94.9769	20.8898	23.9000	0.9300	0.9271	0.7278	-0.0008	815.0000	814.1283	1.0275	-4.8547	99.9772	39.8403	0.8230	0.8262	5.0000	-9999.0000	-9999.0000	-9999.0000	-9999.0000	-9999.0000	-9999.0000	19.9093	4	0	33.0691	1.0000	99	9	-9999.0000	24264	34956	-9999	2641	2438	-9999	579.3409	5	0.7099	0.7278	-0.0008	93.5921	0.8386	734.4901	531.5633	37.4074	684.1149	96.5741	724.7470	95.3009	733.7303	95.2778	740.7722	95.1157	
15/08/2017	08:05:21	011992	H421056410HLR	L421	S		704.8252	1.0292	10.0000	100.1371	39.8220	0.8430	0.8277	5.0000	19.0455	815.0476	94.9074	21.3996	23.9000	0.9300	0.9271	0.7269	-0.0008	815.0000	813.1656	1.0275	-4.6943	100.0423	39.7182	0.8230	0.8252	5.0000	-9999.0000	-9999.0000	-9999.0000	-9999.0000	-9999.0000	-9999.0000	21.3384	5	0	31.8690	1.0000	99	9	-9999.0000	24265	34957	-9999	2642	2439	-9999	579.1023	5	0.7100	0.7269	-0.0008	96.3635	0.7177	734.4239	506.3375	40.3009	692.6022	95.9954	725.9078	95.4167	733.5006	95.3704	739.7241	95.2778	
15/08/2017	08:05:50	011992	H421056411HLR	L421	S		704.4346	1.0292	10.0000	100.1023	39.8750	0.8430	0.8275	5.0000	18.9590	815.0449	94.9074	19.5090	23.9000	0.9300	0.9270	0.7290	-0.0009	815.0000	814.3092	1.0275	-4.8849	100.0413	39.7661	0.8230	0.8260	5.0000	-9999.0000	-9999.0000	-9999.0000	-9999.0000	-9999.0000	-9999.0000	20.4020	6	0	29.3788	1.0000	99	9	-9999.0000	24266	34958	-9999	2643	2440	-9999	580.2281	5	0.7102	0.7290	-0.0009	96.9486	0.6951	740.6231	495.9212	38.4954	693.9136	96.2269	732.1156	95.2083	740.0206	95.1852	746.2595	95.1157	
15/08/2017	08:06:27	011992	H421056412HLR	L421	S		700.4486	1.0292	10.0000	100.1438	39.7908	0.8430	0.8275	5.0000	18.9493	815.0423	94.9769	20.4396	23.9000	0.9300	0.9269	0.7289	-0.0008	815.0000	814.3401	1.0275	-4.8900	99.9616	39.8425	0.8230	0.8259	5.0000	-9999.0000	-9999.0000	-9999.0000	-9999.0000	-9999.0000	-9999.0000	19.8007	7	0	36.3291	1.0000	99	9	-9999.0000	24267	34959	-9999	2644	2441	-9999	579.8989	5	0.7106	0.7289	-0.0008	98.3314	0.6470	735.3759	494.0522	36.2269	686.9337	96.2963	725.4805	94.9537	734.5415	95.0000	740.5464	95.0694	
15/08/2017	08:07:00	011992	H421056427HLR	L421	S		701.7637	1.0292	10.0000	100.0869	39.8473	0.8430	0.8277	5.0000	18.8295	815.0646	95.0000	22.1290	23.8000	0.9300	0.9268	0.7295	-0.0009	815.0000	815.2624	1.0275	-4.9986	99.9850	39.7261	0.8230	0.8258	5.0000	-9999.0000	-9999.0000	-9999.0000	-9999.0000	-9999.0000	-9999.0000	19.4513	8	0	33.3282	1.0000	99	9	-9999.0000	24268	34960	-9999	2645	2442	-9999	578.9183	5	0.7107	0.7295	-0.0009	98.1841	0.6449	732.5384	508.2981	36.5278	685.2181	96.4352	724.1217	94.6759	731.5718	94.6759	737.4201	95.0000	
15/08/2017	08:07:33	011992	H421056376HLR	L421	S		702.6089	1.0292	10.0000	100.0988	39.8770	0.8430	0.8275	5.0000	18.9586	815.0389	95.0000	20.9289	23.8000	0.9300	0.9268	0.7294	-0.0009	815.0000	814.7006	1.0275	-4.9501	99.9948	39.8551	0.8230	0.8262	5.0000	-9999.0000	-9999.0000	-9999.0000	-9999.0000	-9999.0000	-9999.0000	19.6615	1	0	33.0388	1.0000	99	9	-9999.0000	24269	34960	-9999	2646	2443	-9999	579.8375	5	0.7110	0.7294	-0.0009	95.7694	0.7666	733.1848	495.2259	37.5926	685.7041	96.1343	723.4903	94.9537	732.2104	94.9537	739.1170	95.0463	
15/08/2017	08:08:07	011992	H421056374HLR	L421	S		704.4811	1.0292	10.0000	100.0666	39.8000	0.8430	0.8276	5.0000	18.7297	815.1373	94.9769	18.3587	23.8000	0.9300	0.9269	0.7301	-0.0009	815.0000	815.2608	1.0275	-4.9986	100.0024	39.7383	0.8230	0.8258	5.0000	-9999.0000	-9999.0000	-9999.0000	-9999.0000	-9999.0000	-9999.0000	19.8172	2	0	34.3083	1.0000	99	9	-9999.0000	24269	34961	-9999	2647	2444	-9999	581.7680	5	0.7111	0.7301	-0.0009	95.7754	0.7889	742.7831	499.6196	36.0880	694.8387	96.4120	733.0374	94.8843	742.1155	94.9306	747.5221	95.0463	
15/08/2017	08:08:41	011992	H421056409HLR	L421	S		700.0560	1.0292	10.0000	100.1158	39.8599	0.8430	0.8277	5.0000	18.9291	815.0789	94.9306	25.4785	23.7000	0.9300	0.9269	0.7316	-0.0010	815.0000	814.5271	1.0275	-4.9212	100.0389	39.8255	0.8230	0.8262	5.0000	-9999.0000	-9999.0000	-9999.0000	-9999.0000	-9999.0000	-9999.0000	19.9796	3	0	33.5788	1.0000	99	9	-9999.0000	24270	34962	-9999	2648	2445	-9999	576.5616	5	0.7109	0.7316	-0.0010	95.0295	0.8239	725.0827	489.0522	36.9676	680.5809	96.1343	717.1082	95.2083	724.3356	95.1852	730.6504	95.1620	
15/08/2017	08:09:17	011992	H421056388HLR	L421	S		704.6803	1.0292	10.0000	100.0934	39.8631	0.8430	0.8276	5.0000	18.8890	815.0907	94.9537	22.3693	23.7000	0.9300	0.9269	0.7318	-0.0010	815.0000	813.0452	1.0275	-4.6742	99.9429	39.7914	0.8230	0.8259	5.0000	-9999.0000	-9999.0000	-9999.0000	-9999.0000	-9999.0000	-9999.0000	19.3461	4	0	35.9682	1.0000	99	9	-9999.0000	24271	34963	-9999	2649	2446	-9999	578.8403	5	0.7110	0.7318	-0.0010	94.8223	0.8300	728.9801	497.3711	38.7731	685.6000	96.2269	720.8440	95.1157	728.3349	95.1157	734.2385	95.0926	
15/08/2017	08:09:42	011992	H421057536HLR	L421	S		702.6181	1.0292	10.0000	100.1286	39.8317	0.8430	0.8276	5.0000	18.8490	815.1082	94.9537	22.1495	23.7000	0.9300	0.9269	0.7302	-0.0009	815.0000	815.7735	1.0275	-4.9958	99.9909	39.7561	0.8230	0.8260	5.0000	-9999.0000	-9999.0000	-9999.0000	-9999.0000	-9999.0000	-9999.0000	19.9079	5	0	24.9397	1.0000	99	9	-9999.0000	24272	34963	-9999	2650	2447	-9999	579.1484	5	0.7115	0.7302	-0.0009	94.5358	0.8574	730.3511	490.5593	38.4028	683.1062	96.1806	720.5440	95.0694	729.5967	95.2083	735.0502	94.9769	
15/08/2017	08:10:14	011992	H421057553HLR	L421	S		701.7153	1.0292	10.0000	100.1287	39.8032	0.8430	0.8276	5.0000	18.9994	815.0449	94.8843	23.3389	23.7000	0.9300	0.9269	0.7289	-0.0008	815.0000	814.9026	1.0275	-4.9838	100.0217	39.8261	0.8230	0.8260	5.0000	-9999.0000	-9999.0000	-9999.0000	-9999.0000	-9999.0000	-9999.0000	19.7599	6	0	32.5385	1.0000	99	9	-9999.0000	24272	34964	-9999	2651	2448	-9999	578.2062	5	0.7116	0.7289	-0.0008	100.0742	0.5808	728.5966	497.0631	36.5741	682.2266	96.2731	719.4800	94.9537	727.7309	95.1852	733.4069	95.1852	
15/08/2017	08:10:47	011992	H421057551HLR	L421	S		698.0167	1.0292	10.0000	100.1136	39.8717	0.8430	0.8277	5.0000	18.6789	815.0737	94.9769	22.7384	23.7000	0.9300	0.9269	0.7289	-0.0008	815.0000	814.5996	1.0275	-4.9333	99.9631	39.6579	0.8230	0.8256	5.0000	-9999.0000	-9999.0000	-9999.0000	-9999.0000	-9999.0000	-9999.0000	19.6692	7	0	32.9890	1.0000	99	9	-9999.0000	24273	34965	-9999	2652	2449	-9999	578.8588	5	0.7116	0.7289	-0.0008	99.8324	0.5807	730.0656	511.1323	38.3102	683.4128	96.0417	721.2515	95.1157	729.6503	95.0694	735.1448	95.0231	
15/08/2017	08:11:20	011992	H421057552HLR	L421	S		699.4916	1.0292	10.0000	100.1264	39.8210	0.8430	0.8275	5.0000	18.9852	815.0492	94.9769	24.9795	23.7000	0.9300	0.9269	0.7288	-0.0008	815.0000	815.4697	1.0275	-4.9974	100.0714	39.8902	0.8230	0.8264	5.0000	-9999.0000	-9999.0000	-9999.0000	-9999.0000	-9999.0000	-9999.0000	19.4800	8	0	32.4283	1.0000	99	9	-9999.0000	24274	34965	-9999	2653	2450	-9999	577.3426	5	0.7114	0.7288	-0.0008	100.4475	0.5683	725.5676	509.8120	38.1944	682.4952	96.1806	718.0206	94.8148	724.9731	94.8611	730.3115	95.0463	
15/08/2017	08:12:24	011992	H421057545HLR	L421	S		698.5000	1.0292	10.0000	100.1392	39.8585	0.8430	0.8276	5.0000	19.0792	815.0764	94.9537	21.4786	23.7000	0.9300	0.9272	0.7285	-0.0008	815.0000	814.4966	1.0275	-4.9161	99.9950	39.5717	0.8230	0.8257	5.0000	-9999.0000	-9999.0000	-9999.0000	-9999.0000	-9999.0000	-9999.0000	19.7716	2	0	33.4191	1.0000	99	9	-9999.0000	24275	34966	-9999	2655	2451	-9999	579.6015	5	0.7110	0.7285	-0.0008	100.7713	0.5486	731.4247	505.9208	36.8981	681.5160	96.4120	722.2713	94.6759	730.7754	94.6991	737.4212	95.0231	
15/08/2017	08:12:57	011992	H421057537HLR	L421	S		701.4201	1.0292	10.0000	100.0268	39.7942	0.8430	0.8276	5.0000	18.4790	815.1150	94.9537	22.0890	23.7000	0.9300	0.9270	0.7290	-0.0008	815.0000	815.5538	1.0275	-4.9970	99.9393	39.9086	0.8230	0.8269	5.0000	-9999.0000	-9999.0000	-9999.0000	-9999.0000	-9999.0000	-9999.0000	19.1580	3	0	33.0687	1.0000	99	9	-9999.0000	24276	34967	-9999	2656	2452	-9999	579.2762	5	0.7105	0.7290	-0.0008	100.8533	0.5611	731.0719	534.1002	40.1852	688.3984	96.1574	722.3746	95.1157	730.4029	95.1852	736.2724	95.1389	
15/08/2017	08:13:32	011992	H421057544HLR	L421	S		701.5217	1.0292	10.0000	100.1178	39.8864	0.8430	0.8278	5.0000	18.6897	815.0536	95.0231	21.4396	23.7000	0.9300	0.9270	0.7290	-0.0008	815.0000	816.0842	1.0275	-4.9941	99.8684	39.7200	0.8230	0.8254	5.0000	-9999.0000	-9999.0000	-9999.0000	-9999.0000	-9999.0000	-9999.0000	19.5308	4	0	35.5844	1.0000	99	9	-9999.0000	24277	34968	-9999	2656	2453	-9999	579.6419	5	0.7105	0.7290	-0.0008	100.8533	0.5611	734.2506	502.5964	37.0370	683.3992	96.4352	725.5352	94.9537	733.8565	94.9306	738.3172	95.0000	
15/08/2017	08:14:13	011992	H421057549HLR	L421	S		703.1034	1.0292	10.0000	100.0974	39.8259	0.8430	0.8274	5.0000	19.0490	815.0840	94.9769	19.8693	23.7000	0.9300	0.9270	0.7292	-0.0008	815.0000	815.6020	1.0275	-4.9967	100.1125	39.6337	0.8230	0.8258	5.0000	-9999.0000	-9999.0000	-9999.0000	-9999.0000	-9999.0000	-9999.0000	23.0689	5	0	40.7923	1.0000	99	9	-9999.0000	24278	34969	-9999	2657	2454	-9999	580.7468	5	0.7105	0.7292	-0.0008	99.9370	0.6119	737.1426	495.9256	37.7778	686.7355	96.3426	728.0176	94.6065	736.3855	94.6296	741.8376	95.0231	
15/08/2017	08:14:46	011992	H421057539HLR	L421	S		700.8729	1.0292	10.0000	100.0744	39.7764	0.8430	0.8274	5.0000	19.7589	815.0703	94.9769	22.4493	23.6000	0.9300	0.9269	0.7292	-0.0008	815.0000	816.9333	1.0275	-4.9894	99.9756	39.8974	0.8230	0.8259	5.0000	-9999.0000	-9999.0000	-9999.0000	-9999.0000	-9999.0000	-9999.0000	20.2192	6	0	32.5995	1.0000	99	9	-9999.0000	24279	34970	-9999	2658	2455	-9999	579.0434	5	0.7105	0.7292	-0.0008	100.6199	0.5895	733.7684	498.0422	37.3611	684.1439	96.3889	724.0949	94.6759	732.9867	94.8148	737.7848	95.0000	
15/08/2017	08:15:11	011992	H421057547HLR	L421	S		700.8749	1.0292	10.0000	100.1125	39.8938	0.8430	0.8277	5.0000	18.9895	815.0684	94.9306	22.2189	23.6000	0.9300	0.9270	0.7285	-0.0008	815.0000	815.0177	1.0275	-4.9999	99.9726	39.6331	0.8230	0.8259	5.0000	-9999.0000	-9999.0000	-9999.0000	-9999.0000	-9999.0000	-9999.0000	19.4985	7	0	25.0089	1.0000	99	9	-9999.0000	24280	34971	-9999	2659	2456	-9999	579.1890	5	0.7104	0.7285	-0.0008	102.9849	0.4941	731.0057	508.6819	35.9028	682.7639	96.5741	721.4936	95.0694	730.2562	95.0463	736.1359	95.1620	
15/08/2017	08:15:45	011992	H421057546HLR	L421	S		702.6361	1.0292	10.0000	100.1058	39.8511	0.8430	0.8274	5.0000	18.8089	815.0608	95.0463	24.5987	23.6000	0.9300	0.9269	0.7273	-0.0008	815.0000	815.2242	1.0275	-4.9988	99.9308	39.8964	0.8230	0.8265	5.0000	-9999.0000	-9999.0000	-9999.0000	-9999.0000	-9999.0000	-9999.0000	19.8581	8	0	34.0181	1.0000	99	9	-9999.0000	24281	34972	-9999	2660	2457	-9999	577.5489	5	0.7102	0.7273	-0.0008	107.5987	0.3010	727.6592	504.2491	38.2639	682.5003	96.4120	718.6302	94.9537	726.6705	95.0000	733.6184	95.1157	
15/08/2017	08:16:16	011992	H421057555HLR	L421	S		666.2712	1.0292	10.0000	100.1144	39.7754	0.8430	0.8277	5.0000	18.9584	815.0475	94.9769	29.9598	23.6000	0.9300	0.9269	0.7274	-0.0008	815.0000	811.8949	1.0275	-4.4825	99.9346	39.7661	0.8230	0.8255	5.0000	-9999.0000	-9999.0000	-9999.0000	-9999.0000	-9999.0000	-9999.0000	19.7389	1	0	31.5496	1.0000	99	9	-9999.0000	24282	34972	-9999	2661	2458	-9999	574.1767	5	0.7103	0.7274	-0.0008	103.7867	0.4763	703.2972	495.8767	38.6574	658.5228	96.5741	694.2341	95.0231	702.6643	95.0694	708.0677	95.0463	
