Data	Timp	Nr. masina	Nr. de serie	Tip	Productie	Comentariu	Pre-masurare Q [ml/min]	Pre-masurare Gain	Pre-masurare Offset Master	Pre-masurare P [bar]	Pre-masurare T [°C]	Pre-masurare Densitate fixa [kg/l]	Pre-masurare densitate masurata [kg/l]	Pre-masurare Timp masurare [s]	Pre-masurare Cycle time [s]	rectificare Q Oprire [ml/min]	rectificare P Oprire [bar]	rectificare Timp rectificare [s]	rectificare T [°C]	rectificare Densitate fixa [kg/l]	rectificare densitate masurata [kg/l]	rectificare Factor de masurare la rectificare	rectificare Factor de corectie a debitului	rectificare Target rectificare	Masurare Q [ml/min]	Masurare Gain	Masurare Offset Master	Masurare P [bar]	Masurare T [°C]	Masurare Densitate fixa [kg/l]	Masurare densitate masurata [kg/l]	Masurare Timp masurare [s]	Masurare Q [ml/min]	Masurare Delta Q [ml/min]	Masurare P [bar]	Masurare BP [bar]	Masurare T [°C]	Masurare Timp masurare [s]	Masurare Cycle time [s]	Nest Nr.	Cod de descarcare	Cycle time [s]	Traceability aktiv	EDM Maschine Nr	EDM Spindle Nr	Honing Rate [r	Station Counter Premeasure	Station Counter Grind	Station Counter Blowout 1	Station Counter Wash	Station Counter Measure	Station Counter Blowout 2	RealGrindQStop	Reg Type	Factor 0	Factor 1	Factor 2	Factor 3	Factor 4	G_StartQV	G_StartQV_1	G_StartQV_2	G_StartQV_3	G_StartQV_4	G_StartQV_5	
21/08/2017	07:55:53	011992	H421089940HLR	L421	Q		694.9851	1.0292	10.0000	99.9552	39.5457	0.8430	0.8278	5.0000	18.3488	815.0274	94.9769	24.3584	23.8000	0.9300	0.9226	0.7224	-0.0003	815.0000	808.4097	1.0275	-3.4493	100.0399	39.4595	0.8230	0.8261	5.0000	-9999.0000	-9999.0000	-9999.0000	-9999.0000	-9999.0000	-9999.0000	19.1992	7	0	42.0492	1.0000	02	2	-9999.0000	34000	44199	-9999	1277	3968	-9999	583.1385	5	0.7176	0.7224	-0.0003	54.4596	2.7655	744.0809	419.7494	35.0926	701.3052	92.9398	735.1823	94.8611	743.5590	94.9306	747.1095	95.0463	
21/08/2017	07:56:51	011992	H421078066HLR	L421	Q		682.4135	1.0292	10.0000	99.9543	39.6970	0.8430	0.8274	5.0000	20.7293	815.0562	94.9769	23.0392	23.7000	0.9300	0.9228	0.7224	-0.0003	815.0000	809.1507	1.0275	-3.6237	99.9351	39.4200	0.8230	0.8256	5.0000	-9999.0000	-9999.0000	-9999.0000	-9999.0000	-9999.0000	-9999.0000	18.8193	1	0	35.8989	1.0000	02	2	-9999.0000	34001	44200	-9999	1278	3969	-9999	583.5026	5	0.7176	0.7224	-0.0003	54.4596	2.7655	739.3558	463.7518	36.1806	689.6506	92.3380	730.8214	94.1435	738.6612	94.2130	745.7087	94.6528	
21/08/2017	07:57:48	011992	H421089950HLR	L421	S		691.4219	1.0292	10.0000	99.9256	39.6587	0.8430	0.8281	5.0000	18.4691	812.3724	94.9074	31.0086	23.7000	0.9300	0.9227	0.7283	-0.0003	815.0000	812.0555	1.0275	-4.3072	99.9359	39.6383	0.8230	0.8261	5.0000	-9999.0000	-9999.0000	-9999.0000	-9999.0000	-9999.0000	-9999.0000	18.6488	3	0	35.2591	1.0000	02	2	-9999.0000	34002	44201	-9999	1279	3970	-9999	584.5028	5	0.7213	0.7283	-0.0003	54.2394	2.7543	726.8602	436.3747	34.9306	684.1207	91.7593	718.6179	92.8704	726.0541	92.8241	731.3476	95.0231	
21/08/2017	07:58:49	011992	H421089944HLR	L421	S		694.2895	1.0292	10.0000	99.9261	39.6132	0.8430	0.8277	5.0000	18.5090	815.0477	95.0000	24.9288	23.7000	0.9300	0.9228	0.7280	-0.0003	815.0000	812.0714	1.0275	-4.3109	99.9386	39.6750	0.8230	0.8267	5.0000	-9999.0000	-9999.0000	-9999.0000	-9999.0000	-9999.0000	-9999.0000	18.7289	5	0	34.6594	1.0000	02	2	-9999.0000	34003	44202	-9999	1280	3971	-9999	587.6045	5	0.7212	0.7280	-0.0003	54.2519	2.7550	737.2782	449.9367	37.4769	689.6198	93.2407	728.7759	95.1389	736.8094	95.2083	742.5689	94.9769	
21/08/2017	07:59:49	011992	H421089954HLR	L421	S		696.6737	1.0292	10.0000	100.0450	39.7637	0.8430	0.8279	5.0000	18.8004	815.0422	95.0231	24.2393	23.9000	0.9300	0.9230	0.7283	-0.0003	815.0000	812.4053	1.0275	-4.3895	100.0425	39.4896	0.8230	0.8258	5.0000	-9999.0000	-9999.0000	-9999.0000	-9999.0000	-9999.0000	-9999.0000	18.8168	7	0	37.7593	1.0000	02	2	-9999.0000	34004	44203	-9999	1281	3972	-9999	587.9531	5	0.7207	0.7283	-0.0003	54.2128	2.7530	741.9213	493.8474	36.8056	698.6709	93.4954	733.2096	95.3472	741.0190	95.4167	746.3172	95.0926	
21/08/2017	08:00:47	011992	H421090254HLR	L421	S		699.1528	1.0292	10.0000	99.9331	39.5519	0.8430	0.8270	5.0000	22.2393	815.0375	94.9769	23.6290	24.0000	0.9300	0.9229	0.7289	-0.0003	815.0000	813.3055	1.0275	-4.6013	100.0191	39.5830	0.8230	0.8257	5.0000	-9999.0000	-9999.0000	-9999.0000	-9999.0000	-9999.0000	-9999.0000	19.2681	1	0	34.6028	1.0000	02	2	-9999.0000	34005	44204	-9999	1282	3973	-9999	588.6037	5	0.7215	0.7289	-0.0003	54.1976	2.7522	741.6933	481.3840	36.2037	696.3713	92.8472	733.3033	95.1852	741.0233	95.2315	747.1051	95.1389	
21/08/2017	08:01:48	011992	H421090275HLR	L421	S		693.6548	1.0292	10.0000	99.9096	39.7204	0.8430	0.8274	5.0000	19.4990	815.0757	95.0231	26.3584	24.1000	0.9300	0.9228	0.7302	-0.0003	815.0000	813.2461	1.0275	-4.5873	100.0852	39.6754	0.8230	0.8260	5.0000	-9999.0000	-9999.0000	-9999.0000	-9999.0000	-9999.0000	-9999.0000	19.7495	3	0	36.6798	1.0000	02	2	-9999.0000	34006	44205	-9999	1283	3974	-9999	588.2955	5	0.7219	0.7302	-0.0003	115.5271	0.1188	736.6016	480.7952	35.6944	693.5074	93.1944	729.0357	95.3009	735.7597	95.2778	741.9042	95.1852	
21/08/2017	08:02:51	011992	H421090256HLR	L421	S		696.7162	1.0292	10.0000	100.0645	39.7796	0.8430	0.8280	5.0000	18.7796	815.0690	94.9537	23.5792	24.2000	0.9300	0.9227	0.7317	-0.0004	815.0000	811.7241	1.0275	-4.2292	100.0089	39.5962	0.8230	0.8261	5.0000	-9999.0000	-9999.0000	-9999.0000	-9999.0000	-9999.0000	-9999.0000	19.9752	5	0	39.1684	1.0000	02	2	-9999.0000	34007	44206	-9999	1284	3975	-9999	589.2637	5	0.7223	0.7317	-0.0004	95.0164	0.8330	736.6726	453.6965	37.1296	692.0835	92.6852	728.5078	94.6065	736.1119	94.6991	741.3707	94.7685	
21/08/2017	08:03:50	011992	H421090236HLR	L421	S		693.1922	1.0292	10.0000	99.9555	39.5693	0.8430	0.8271	5.0000	21.2687	815.0239	95.0000	25.6485	24.3000	0.9300	0.9228	0.7316	-0.0004	815.0000	812.7172	1.0275	-4.4629	99.9806	39.5367	0.8230	0.8256	5.0000	-9999.0000	-9999.0000	-9999.0000	-9999.0000	-9999.0000	-9999.0000	19.5888	7	0	35.3935	1.0000	02	2	-9999.0000	34008	44207	-9999	1285	3976	-9999	588.9324	5	0.7224	0.7316	-0.0004	96.0538	0.8160	735.4131	474.4111	36.5509	689.4449	93.3796	727.6191	95.3935	734.5198	95.4398	740.1045	95.0231	
21/08/2017	08:04:53	011992	H421090259HLR	L421	S		691.9638	1.0292	10.0000	99.9623	39.7940	0.8430	0.8277	5.0000	18.6261	815.0327	94.9306	28.2392	24.3000	0.9300	0.9226	0.7341	-0.0004	815.0000	812.9149	1.0275	-4.5094	99.9153	39.7064	0.8230	0.8258	5.0000	-9999.0000	-9999.0000	-9999.0000	-9999.0000	-9999.0000	-9999.0000	18.9699	1	0	38.9081	1.0000	02	2	-9999.0000	34008	44208	-9999	1286	3977	-9999	588.1031	5	0.7229	0.7341	-0.0004	94.4182	0.8744	731.0859	442.8697	36.4815	686.0728	93.1481	723.5061	95.1389	730.3544	95.1620	735.8418	95.0463	
21/08/2017	08:05:55	011992	H421090268HLR	L421	S		697.0682	1.0292	10.0000	100.0705	39.7980	0.8430	0.8280	5.0000	18.6996	815.0330	94.9306	24.3887	24.3000	0.9300	0.9225	0.7337	-0.0004	815.0000	812.9983	1.0275	-4.5290	99.9707	39.6876	0.8230	0.8260	5.0000	-9999.0000	-9999.0000	-9999.0000	-9999.0000	-9999.0000	-9999.0000	19.7792	3	0	38.6393	1.0000	02	2	-9999.0000	34009	44209	-9999	1287	3978	-9999	589.6728	5	0.7231	0.7337	-0.0004	94.8883	0.8712	738.2636	469.1875	37.0833	693.2619	93.9583	731.0018	94.6528	737.4864	94.6991	743.1274	95.0000	
21/08/2017	08:07:00	011992	H421090273HLR	L421	S		693.3964	1.0292	10.0000	99.8664	39.6319	0.8430	0.8272	5.0000	20.7293	815.0642	94.9537	27.8691	24.1000	0.9300	0.9224	0.7316	-0.0003	815.0000	813.2328	1.0275	-4.5842	99.9957	39.6101	0.8230	0.8259	5.0000	-9999.0000	-9999.0000	-9999.0000	-9999.0000	-9999.0000	-9999.0000	19.2186	5	0	41.9995	1.0000	02	2	-9999.0000	34010	44210	-9999	1288	3979	-9999	588.8459	5	0.7231	0.7316	-0.0003	91.6209	1.0046	733.2769	461.4462	36.9676	689.3906	92.9630	725.8778	95.1157	732.7542	95.1157	737.2215	95.1852	
21/08/2017	08:08:02	011992	H421090247HLR	L421	S		694.4824	1.0292	10.0000	100.0208	39.7737	0.8430	0.8277	5.0000	18.3001	815.0783	95.0000	27.6582	24.0000	0.9300	0.9223	0.7329	-0.0004	815.0000	814.6297	1.0275	-4.9129	99.9175	39.5892	0.8230	0.8257	5.0000	-9999.0000	-9999.0000	-9999.0000	-9999.0000	-9999.0000	-9999.0000	19.4288	7	0	38.0777	1.0000	02	2	-9999.0000	34011	44211	-9999	1289	3980	-9999	588.9912	5	0.7233	0.7329	-0.0004	91.0637	1.0261	732.2956	465.6909	35.7176	688.6443	93.0556	726.6595	94.9769	731.7843	94.6991	736.9974	95.0694	
21/08/2017	08:09:03	011992	H421090242HLR	L421	S		686.5204	1.0292	10.0000	100.0539	39.7976	0.8430	0.8280	5.0000	18.7395	814.2290	94.9074	31.0096	23.9000	0.9300	0.9223	0.7311	-0.0003	815.0000	814.0024	1.0275	-4.7653	99.9610	39.6186	0.8230	0.8256	5.0000	-9999.0000	-9999.0000	-9999.0000	-9999.0000	-9999.0000	-9999.0000	20.1190	1	0	37.0093	1.0000	02	2	-9999.0000	34012	44212	-9999	1290	3981	-9999	587.8478	5	0.7234	0.7311	-0.0003	90.9152	1.0327	728.7824	461.3522	36.7824	690.0532	94.0741	721.3830	94.5602	728.0091	94.6065	732.7043	94.9074	
21/08/2017	08:10:03	011992	H421090281HLR	L421	Q		693.7071	1.0292	10.0000	99.8743	39.5920	0.8430	0.8270	5.0000	21.5187	815.0585	95.0463	27.0791	23.9000	0.9300	0.9223	0.7311	-0.0003	815.0000	814.1822	1.0275	-4.8076	99.9274	39.7046	0.8230	0.8260	5.0000	-9999.0000	-9999.0000	-9999.0000	-9999.0000	-9999.0000	-9999.0000	19.8890	3	0	36.1685	1.0000	02	2	-9999.0000	34013	44213	-9999	1291	3982	-9999	589.4019	5	0.7233	0.7311	-0.0003	89.9085	1.0748	734.1880	440.4107	35.6481	688.0568	93.1944	726.4401	95.3472	733.4063	95.3472	738.4724	95.0000	
21/08/2017	08:11:04	011992	H421090249HLR	L421	Q		696.3017	1.0292	10.0000	100.0591	39.7387	0.8430	0.8272	5.0000	19.6692	815.0466	95.0694	25.9990	23.8000	0.9300	0.9223	0.7312	-0.0003	815.0000	815.0588	1.0275	-4.9997	100.0130	39.6699	0.8230	0.8260	5.0000	-9999.0000	-9999.0000	-9999.0000	-9999.0000	-9999.0000	-9999.0000	20.4187	5	0	37.0591	1.0000	02	2	-9999.0000	34014	44214	-9999	1292	3983	-9999	589.7373	5	0.7233	0.7312	-0.0003	77.4297	1.5728	736.1253	468.4197	37.2685	691.3196	93.2176	728.2552	95.1620	735.4467	95.1157	740.7725	95.1157	
21/08/2017	08:12:05	011992	H421090244HLR	L421	Q		695.7868	1.0292	10.0000	100.1088	39.8605	0.8430	0.8281	5.0000	18.7796	815.0446	95.0000	25.2090	23.6000	0.9300	0.9222	0.7314	-0.0003	815.0000	814.3291	1.0275	-4.8421	99.9785	39.5954	0.8230	0.8257	5.0000	-9999.0000	-9999.0000	-9999.0000	-9999.0000	-9999.0000	-9999.0000	20.0597	7	0	37.1985	1.0000	02	2	-9999.0000	34015	44215	-9999	1293	3984	-9999	590.0246	5	0.7233	0.7314	-0.0003	77.1750	1.5842	734.0580	442.6878	34.9306	690.6030	92.6852	725.9788	94.9074	733.2076	94.8380	739.8803	94.9537	
21/08/2017	08:13:18	011992	H421090873HLR	L421	Q		693.9322	1.0292	10.0000	99.9628	39.6749	0.8430	0.8279	5.0000	18.4095	815.0526	95.0231	26.0596	23.6000	0.9300	0.9222	0.7318	-0.0003	815.0000	816.2263	1.0275	-4.9933	100.0006	39.5972	0.8230	0.8253	5.0000	-9999.0000	-9999.0000	-9999.0000	-9999.0000	-9999.0000	-9999.0000	21.1589	1	0	37.3785	1.0000	02	2	-9999.0000	34016	44216	-9999	1294	3985	-9999	589.8704	5	0.7233	0.7318	-0.0003	76.8392	1.5992	733.5096	445.5531	34.5139	685.4776	93.3333	726.2431	94.8380	732.7917	94.9074	739.0624	95.0231	
21/08/2017	08:14:24	011992	H421090239HLR	L421	S		694.5264	1.0292	10.0000	99.9240	39.6852	0.8430	0.8270	5.0000	20.9592	815.0391	95.1620	26.1992	23.6000	0.9300	0.9224	0.7321	-0.0003	815.0000	815.7465	1.0275	-4.9959	100.0113	39.4699	0.8230	0.8250	5.0000	-9999.0000	-9999.0000	-9999.0000	-9999.0000	-9999.0000	-9999.0000	21.7996	3	0	39.8891	1.0000	02	2	-9999.0000	34017	44217	-9999	1295	3986	-9999	589.8379	5	0.7234	0.7321	-0.0003	77.8869	1.5620	735.9432	416.0625	35.5093	690.5711	92.6620	727.3956	94.8611	735.1817	94.8611	740.4501	95.0000	
21/08/2017	08:15:02	011992	H421090860HLR	L421	S		695.1163	1.0292	10.0000	100.0436	39.5647	0.8430	0.8277	5.0000	18.9289	815.0570	95.0000	25.0098	23.7000	0.9300	0.9223	0.7316	-0.0003	815.0000	815.3503	1.0275	-4.9981	99.8940	39.5309	0.8230	0.8265	5.0000	-9999.0000	-9999.0000	-9999.0000	-9999.0000	-9999.0000	-9999.0000	19.6884	4	0	38.8686	1.0000	02	2	-9999.0000	34018	44218	-9999	1296	3987	-9999	590.1592	5	0.7234	0.7316	-0.0003	78.5564	1.5419	733.0897	461.0640	37.0139	689.5923	93.8889	727.4474	94.4213	732.2892	94.3981	738.2666	94.8611	
21/08/2017	08:15:40	011992	H421090248HLR	L421	S		694.6390	1.0292	10.0000	99.9470	39.9808	0.8430	0.8282	5.0000	18.3694	815.0385	95.0000	26.4092	23.7000	0.9300	0.9222	0.7316	-0.0003	815.0000	815.1341	1.0275	-4.9993	99.9815	39.8453	0.8230	0.8255	5.0000	-9999.0000	-9999.0000	-9999.0000	-9999.0000	-9999.0000	-9999.0000	20.7190	5	0	38.0385	1.0000	02	2	-9999.0000	34019	44219	-9999	1296	3988	-9999	589.6942	5	0.7234	0.7316	-0.0003	78.5564	1.5419	731.6759	479.7744	37.8009	691.2170	94.3981	725.1194	93.9352	730.9464	93.8657	737.3779	94.7454	
21/08/2017	08:16:43	011992	H421090243HLR	L421	S		694.1379	1.0292	10.0000	100.0766	39.6703	0.8430	0.8280	5.0000	18.7893	815.0476	94.9769	28.9687	23.8000	0.9300	0.9225	0.7317	-0.0003	815.0000	817.1711	1.0275	-4.9881	100.0788	39.6615	0.8230	0.8255	5.0000	-9999.0000	-9999.0000	-9999.0000	-9999.0000	-9999.0000	-9999.0000	20.5582	7	0	37.4681	1.0000	02	2	-9999.0000	34020	44220	-9999	1297	3989	-9999	589.0370	5	0.7234	0.7317	-0.0003	80.8374	1.4649	731.7022	491.9790	38.9120	692.9353	95.0694	724.7485	94.1435	730.8173	94.2130	736.9776	94.8611	
21/08/2017	08:17:19	011992	H421090863HLR	L421	S		692.3555	1.0292	10.0000	99.9684	39.8000	0.8430	0.8279	5.0000	19.6385	815.0187	94.9537	28.0986	23.9000	0.9300	0.9223	0.7320	-0.0003	815.0000	815.1991	1.0275	-4.9989	99.9498	39.5257	0.8230	0.8259	5.0000	-9999.0000	-9999.0000	-9999.0000	-9999.0000	-9999.0000	-9999.0000	20.4516	8	0	36.6492	1.0000	02	2	-9999.0000	34021	44221	-9999	1298	3989	-9999	589.2372	5	0.7234	0.7320	-0.0003	80.8297	1.4676	731.9296	481.8556	37.3843	693.0563	95.6944	725.1109	94.3981	731.2319	94.3287	736.7303	94.8148	
21/08/2017	08:17:58	011992	H421090238HLR	L421	S		693.5812	1.0292	10.0000	100.0120	39.7772	0.8430	0.8272	5.0000	19.6898	815.0481	94.9537	27.0293	24.0000	0.9300	0.9222	0.7320	-0.0003	815.0000	814.2641	1.0275	-4.8269	100.0250	39.8932	0.8230	0.8258	5.0000	-9999.0000	-9999.0000	-9999.0000	-9999.0000	-9999.0000	-9999.0000	21.1181	1	0	38.0885	1.0000	02	2	-9999.0000	34022	44222	-9999	1299	3990	-9999	589.5859	5	0.7234	0.7320	-0.0003	80.8297	1.4676	731.8356	475.2840	37.7315	688.2279	95.6250	726.3998	94.7222	731.2409	94.6296	737.0944	94.9306	
21/08/2017	08:19:01	011992	H421090869HLR	L421	S		692.8599	1.0292	10.0000	99.9573	39.7307	0.8430	0.8271	5.0000	20.5588	815.0315	94.9537	26.4795	23.9000	0.9300	0.9224	0.7334	-0.0004	815.0000	814.9768	1.0275	-4.9945	99.9708	39.6958	0.8230	0.8260	5.0000	-9999.0000	-9999.0000	-9999.0000	-9999.0000	-9999.0000	-9999.0000	19.8359	3	0	38.5981	1.0000	02	2	-9999.0000	34023	44222	-9999	1300	3991	-9999	589.5568	5	0.7232	0.7334	-0.0004	80.3735	1.4862	733.3526	470.2562	36.2500	689.2589	93.7500	726.2600	95.8565	732.6165	95.9028	739.0167	94.7685	
21/08/2017	08:19:39	011992	H421090257HLR	L421	S		693.4742	1.0292	10.0000	100.0658	39.6381	0.8430	0.8278	5.0000	18.8198	815.0643	94.9537	25.7783	23.9000	0.9300	0.9222	0.7333	-0.0004	815.0000	815.6583	1.0275	-4.9964	99.9379	39.6815	0.8230	0.8262	5.0000	-9999.0000	-9999.0000	-9999.0000	-9999.0000	-9999.0000	-9999.0000	19.5714	4	0	38.1284	1.0000	02	2	-9999.0000	34024	44223	-9999	1301	3992	-9999	589.8295	5	0.7233	0.7333	-0.0004	78.7679	1.5483	734.0727	486.4965	36.2037	688.1001	94.4907	727.1222	95.0694	733.2210	95.0231	739.8096	95.1157	
21/08/2017	08:20:16	011992	H421090272HLR	L421	S		692.2686	1.0292	10.0000	100.0852	39.9647	0.8430	0.8276	5.0000	19.8596	815.0319	94.9537	27.1191	23.8000	0.9300	0.9221	0.7333	-0.0004	815.0000	815.0013	1.0275	-5.0000	100.0222	39.7868	0.8230	0.8258	5.0000	-9999.0000	-9999.0000	-9999.0000	-9999.0000	-9999.0000	-9999.0000	20.0782	5	0	36.6489	1.0000	02	2	-9999.0000	34024	44224	-9999	1302	3993	-9999	589.4308	5	0.7233	0.7333	-0.0004	78.7679	1.5483	731.2123	461.2553	34.7917	686.1609	93.7963	724.8898	94.6296	730.4801	94.5833	736.6497	94.9306	
21/08/2017	08:21:17	011992	H421090280HLR	L421	S		692.9889	1.0292	10.0000	100.0535	39.7220	0.8430	0.8279	5.0000	18.6757	815.0807	94.8843	27.7089	23.7000	0.9300	0.9223	0.7332	-0.0004	815.0000	814.1247	1.0275	-4.7941	100.0233	39.5745	0.8230	0.8256	5.0000	-9999.0000	-9999.0000	-9999.0000	-9999.0000	-9999.0000	-9999.0000	20.1878	7	0	36.5181	1.0000	02	2	-9999.0000	34025	44225	-9999	1303	3994	-9999	589.2978	5	0.7233	0.7332	-0.0004	79.3964	1.5325	732.8957	420.9759	35.7176	686.9003	94.0972	727.6806	94.4676	732.3934	94.4907	737.8562	94.9074	
21/08/2017	08:21:58	011992	H421090241HLR	L421	S		691.2815	1.0292	10.0000	100.0394	39.7683	0.8430	0.8279	5.0000	19.0393	815.0305	94.9537	27.2793	23.6000	0.9300	0.9222	0.7334	-0.0004	815.0000	816.1449	1.0275	-4.9938	99.9201	39.6373	0.8230	0.8264	5.0000	-9999.0000	-9999.0000	-9999.0000	-9999.0000	-9999.0000	-9999.0000	19.3491	8	0	40.5288	1.0000	02	2	-9999.0000	34026	44226	-9999	1304	3995	-9999	589.3593	5	0.7233	0.7334	-0.0004	79.0825	1.5483	730.9005	483.0747	36.5046	688.4029	95.0694	725.0737	94.9074	730.3620	94.8611	735.8399	94.8380	
21/08/2017	08:22:43	011992	H421090251HLR	L421	S		694.3031	1.0292	10.0000	100.1116	39.8635	0.8430	0.8276	5.0000	19.0891	815.0405	95.0463	25.7285	23.6000	0.9300	0.9222	0.7334	-0.0004	815.0000	816.9715	1.0275	-4.9892	99.8760	39.8764	0.8230	0.8259	5.0000	-9999.0000	-9999.0000	-9999.0000	-9999.0000	-9999.0000	-9999.0000	19.8800	1	0	45.0384	1.0000	02	2	-9999.0000	34027	44227	-9999	1305	3996	-9999	589.8620	5	0.7233	0.7334	-0.0004	79.0825	1.5483	733.7494	461.7486	36.3889	688.8704	95.3472	726.9889	94.5833	733.1364	94.5370	738.0038	94.9074	
21/08/2017	08:23:51	011992	H421090274HLR	L421	S		696.0043	1.0292	10.0000	100.0071	39.7687	0.8430	0.8280	5.0000	18.4577	815.0757	95.0000	24.2989	23.5000	0.9300	0.9224	0.7331	-0.0004	815.0000	816.0627	1.0275	-4.9942	99.9427	39.5990	0.8230	0.8256	5.0000	-9999.0000	-9999.0000	-9999.0000	-9999.0000	-9999.0000	-9999.0000	19.8094	3	0	43.6782	1.0000	02	2	-9999.0000	34028	44228	-9999	1306	3997	-9999	590.3388	5	0.7232	0.7331	-0.0004	78.9330	1.5562	738.0085	463.9519	35.2083	684.6779	93.4259	729.0937	95.6713	737.2727	95.6481	742.9016	94.9769	
21/08/2017	08:24:32	011992	H421090277HLR	L421	S		693.3160	1.0292	10.0000	100.0911	39.7878	0.8430	0.8279	5.0000	18.6190	815.0402	94.9537	26.3691	23.4000	0.9300	0.9224	0.7324	-0.0003	815.0000	818.0550	1.0275	-4.9833	99.9062	39.6040	0.8230	0.8262	5.0000	-9999.0000	-9999.0000	-9999.0000	-9999.0000	-9999.0000	-9999.0000	20.0510	4	0	40.6685	1.0000	02	2	-9999.0000	34029	44229	-9999	1307	3998	-9999	589.7022	5	0.7232	0.7324	-0.0003	81.7488	1.4537	732.8888	490.9647	36.1343	686.4793	93.6111	724.6201	95.6019	732.0943	95.5787	737.9131	95.1389	
21/08/2017	08:25:14	011992	H421090255HLR	L421	S		694.1929	1.0292	10.0000	100.1112	39.8361	0.8430	0.8276	5.0000	19.1193	815.0937	94.8843	27.7597	23.3000	0.9300	0.9224	0.7324	-0.0003	815.0000	817.4077	1.0275	-4.9869	99.8907	39.7283	0.8230	0.8251	5.0000	-9999.0000	-9999.0000	-9999.0000	-9999.0000	-9999.0000	-9999.0000	19.9213	5	0	41.9985	1.0000	02	2	-9999.0000	34030	44230	-9999	1308	3998	-9999	589.2794	5	0.7232	0.7324	-0.0003	81.7488	1.4537	728.7999	464.1115	36.5046	684.7838	93.4491	721.8435	95.6250	728.3461	95.4167	734.2919	95.2083	
21/08/2017	08:26:13	011992	H421090235HLR	L421	S		698.7232	1.0292	10.0000	100.0591	39.7545	0.8430	0.8277	5.0000	18.6786	815.0800	95.0231	24.7393	23.3000	0.9300	0.9226	0.7343	-0.0004	815.0000	818.0275	1.0275	-4.9835	99.9511	39.5072	0.8230	0.8251	5.0000	-9999.0000	-9999.0000	-9999.0000	-9999.0000	-9999.0000	-9999.0000	19.8183	7	0	34.5857	1.0000	02	2	-9999.0000	34031	44231	-9999	1309	3999	-9999	590.2742	5	0.7233	0.7343	-0.0004	89.6205	1.1670	738.8208	471.8952	35.3472	693.8961	93.6111	730.7375	95.5324	738.0687	95.3241	743.0530	95.0463	
21/08/2017	08:26:53	011992	H421090260HLR	L421	S		696.0479	1.0292	10.0000	100.0680	39.6593	0.8430	0.8278	5.0000	18.9592	815.0599	94.9769	27.6084	23.4000	0.9300	0.9227	0.7325	-0.0003	815.0000	817.3756	1.0275	-4.9870	100.0224	39.5485	0.8230	0.8264	5.0000	-9999.0000	-9999.0000	-9999.0000	-9999.0000	-9999.0000	-9999.0000	20.0453	8	0	39.5288	1.0000	02	2	-9999.0000	34032	44231	-9999	1310	4000	-9999	589.1863	5	0.7233	0.7325	-0.0003	83.8777	1.3893	730.3358	484.2007	37.5694	691.9009	95.0000	723.6032	94.2824	729.8014	94.2824	735.2375	94.7685	
21/08/2017	08:27:32	011992	H421089939HLR	L421	S		691.3938	1.0292	10.0000	100.1113	39.9248	0.8430	0.8277	5.0000	18.8586	810.6132	94.9306	31.0096	23.6000	0.9300	0.9227	0.7325	-0.0003	815.0000	814.4001	1.0275	-4.8589	100.0052	40.0012	0.8230	0.8261	5.0000	-9999.0000	-9999.0000	-9999.0000	-9999.0000	-9999.0000	-9999.0000	20.0585	1	0	39.2591	1.0000	02	2	-9999.0000	34033	44232	-9999	1311	4001	-9999	585.1362	5	0.7233	0.7325	-0.0003	83.8777	1.3893	722.4686	454.8178	37.3611	678.5973	94.3287	715.3750	95.8102	722.0184	95.7176	726.5352	94.9074	
21/08/2017	08:28:37	011992	H421090497HLR	L421	S		696.6652	1.0292	10.0000	99.9305	39.7581	0.8430	0.8274	5.0000	19.6376	815.0345	95.0231	23.5792	23.7000	0.9300	0.9229	0.7326	-0.0004	815.0000	812.7663	1.0275	-4.4744	100.0384	39.7451	0.8230	0.8263	5.0000	-9999.0000	-9999.0000	-9999.0000	-9999.0000	-9999.0000	-9999.0000	19.3632	3	0	40.2385	1.0000	02	2	-9999.0000	34034	44232	-9999	1312	4002	-9999	590.2522	5	0.7231	0.7326	-0.0004	87.3202	1.2635	743.8188	501.1602	39.6528	702.5405	95.0926	736.0460	95.1157	743.0927	95.2083	748.5244	95.1157	
21/08/2017	08:29:16	011992	H421089959HLR	L421	S		691.7215	1.0292	10.0000	100.0783	39.6552	0.8430	0.8277	5.0000	18.7893	815.0191	94.9537	28.7792	23.8000	0.9300	0.9227	0.7369	-0.0005	815.0000	816.0373	1.0275	-4.9943	100.0331	39.6726	0.8230	0.8260	5.0000	-9999.0000	-9999.0000	-9999.0000	-9999.0000	-9999.0000	-9999.0000	20.1893	4	0	39.1079	1.0000	02	2	-9999.0000	34035	44232	-9999	1313	4003	-9999	588.7744	5	0.7230	0.7369	-0.0005	95.2264	0.9677	728.0470	474.3434	35.3935	684.6458	93.9815	721.0121	95.3009	727.3600	95.3009	733.1769	95.2315	
21/08/2017	08:29:55	011992	H421089943HLR	L421	S		691.5716	1.0292	10.0000	100.1317	39.9134	0.8430	0.8280	5.0000	18.8295	815.0840	94.8611	28.2890	23.9000	0.9300	0.9226	0.7369	-0.0005	815.0000	815.2809	1.0275	-4.9985	100.0008	39.7619	0.8230	0.8255	5.0000	-9999.0000	-9999.0000	-9999.0000	-9999.0000	-9999.0000	-9999.0000	20.6507	5	0	38.9604	1.0000	02	2	-9999.0000	34036	44233	-9999	1314	4004	-9999	588.7453	5	0.7230	0.7369	-0.0005	95.2264	0.9677	726.7337	471.5556	36.0185	681.3304	94.2130	718.0013	95.8333	726.0808	95.8102	730.8143	94.9537	
21/08/2017	08:30:58	011992	H421089953HLR	L421	S		690.3178	1.0292	10.0000	100.0021	39.6691	0.8430	0.8280	5.0000	18.3230	815.0384	94.9537	29.2880	24.0000	0.9300	0.9228	0.7377	-0.0006	815.0000	814.9591	1.0275	-4.9904	100.0029	39.5898	0.8230	0.8257	5.0000	-9999.0000	-9999.0000	-9999.0000	-9999.0000	-9999.0000	-9999.0000	19.4370	7	0	38.1090	1.0000	02	2	-9999.0000	34037	44234	-9999	1315	4005	-9999	588.1550	5	0.7229	0.7377	-0.0006	95.3572	0.9671	723.9095	453.2260	37.2917	680.2163	92.8935	714.8817	95.0000	722.8610	95.0231	728.6817	95.0694	
21/08/2017	08:31:38	011992	H421089956HLR	L421	S		690.6678	1.0292	10.0000	100.0400	39.7986	0.8430	0.8282	5.0000	18.6594	815.0379	94.8843	28.3681	24.1000	0.9300	0.9226	0.7372	-0.0005	815.0000	814.2319	1.0275	-4.8193	99.8981	39.6511	0.8230	0.8263	5.0000	-9999.0000	-9999.0000	-9999.0000	-9999.0000	-9999.0000	-9999.0000	20.1611	8	0	39.4779	1.0000	02	2	-9999.0000	34038	44235	-9999	1316	4006	-9999	588.5679	5	0.7228	0.7372	-0.0005	95.2058	0.9752	727.4236	471.0728	36.8056	683.1967	94.5833	719.3245	95.6250	726.6891	95.6019	732.0254	95.1620	
21/08/2017	08:32:15	011992	H421089984HLR	L421	S		692.9573	1.0292	10.0000	100.1217	39.8645	0.8430	0.8275	5.0000	18.7686	815.0469	94.8380	28.0390	24.1000	0.9300	0.9225	0.7372	-0.0005	815.0000	814.7519	1.0275	-4.9416	99.9572	39.8345	0.8230	0.8253	5.0000	-9999.0000	-9999.0000	-9999.0000	-9999.0000	-9999.0000	-9999.0000	20.6790	1	0	37.3688	1.0000	02	2	-9999.0000	34039	44236	-9999	1317	4007	-9999	588.7072	5	0.7228	0.7372	-0.0005	95.2058	0.9752	726.4472	456.4217	36.8056	684.0731	94.6991	720.5886	94.4213	725.6164	94.3519	730.5632	94.8380	
21/08/2017	08:33:19	011992	H421089973HLR	L421	S		693.1199	1.0292	10.0000	99.9458	39.7699	0.8430	0.8273	5.0000	20.0467	815.0968	95.2315	27.1298	24.1000	0.9300	0.9226	0.7355	-0.0005	815.0000	814.0480	1.0275	-4.7760	99.8651	39.6984	0.8230	0.8258	5.0000	-9999.0000	-9999.0000	-9999.0000	-9999.0000	-9999.0000	-9999.0000	19.7957	3	0	38.6893	1.0000	02	2	-9999.0000	34040	44236	-9999	1318	4008	-9999	589.1685	5	0.7227	0.7355	-0.0005	95.9671	0.9554	729.8991	469.7420	38.4954	688.4669	94.3750	721.7105	94.7685	728.9681	94.8380	734.9443	94.9769	
21/08/2017	08:33:57	011992	H421089955HLR	L421	S		693.6418	1.0292	10.0000	100.0440	39.6721	0.8430	0.8278	5.0000	18.4191	815.0422	94.8843	28.7284	24.1000	0.9300	0.9224	0.7357	-0.0005	815.0000	815.2804	1.0275	-4.9985	99.9785	39.6381	0.8230	0.8261	5.0000	-9999.0000	-9999.0000	-9999.0000	-9999.0000	-9999.0000	-9999.0000	19.7186	4	0	38.8587	1.0000	02	2	-9999.0000	34041	44237	-9999	1319	4009	-9999	588.5053	5	0.7226	0.7357	-0.0005	95.6863	0.9676	728.5562	477.7342	36.7361	684.4973	94.0046	721.9298	95.6944	727.9476	95.6019	733.5433	95.0463	
21/08/2017	08:34:38	011992	H421089963HLR	L421	S		694.6180	1.0292	10.0000	100.1253	39.9494	0.8430	0.8279	5.0000	18.7853	815.0528	94.9769	26.4385	24.0000	0.9300	0.9223	0.7357	-0.0005	815.0000	814.7235	1.0275	-4.9349	99.9680	39.8840	0.8230	0.8260	5.0000	-9999.0000	-9999.0000	-9999.0000	-9999.0000	-9999.0000	-9999.0000	19.6095	5	0	40.1577	1.0000	02	2	-9999.0000	34042	44238	-9999	1319	4010	-9999	589.3690	5	0.7226	0.7357	-0.0005	95.6863	0.9676	730.1378	465.2701	35.4861	684.4803	93.7037	722.5464	95.1157	729.2840	95.0694	733.6975	95.1157	
21/08/2017	08:34:55	011992	H374089125HLR	L421	S		0.0000	0.0000	0.0000	0.0000	0.0000	0.8430	0.0000	0.0000	0.0000	0.0000	0.0000	0.0000	0.0000	0.9300	0.0000	0.0000	0.0000	0.0000	0.0000	0.0000	0.0000	0.0000	0.0000	0.8230	0.0000	0.0000	0.0000	0.0000	0.0000	0.0000	0.0000	0.0000	0.0000	0	27	40.1577	1.0000	05	2	0.0000	0	0	0	0	0	0	0.0000	0	0.0000	0.0000	0.0000	0.0000	0.0000	0.0000	0.0000	0.0000	0.0000	0.0000	0.0000	0.0000	0.0000	0.0000	0.0000	0.0000	
21/08/2017	08:35:42	011992	H421089988HLR	L421	S		692.5876	1.0292	10.0000	99.9079	39.7339	0.8430	0.8276	5.0000	19.8283	815.0525	94.9537	27.7890	24.0000	0.9300	0.9225	0.7390	-0.0006	815.0000	815.5785	1.0275	-4.9968	99.9992	39.6311	0.8230	0.8257	5.0000	-9999.0000	-9999.0000	-9999.0000	-9999.0000	-9999.0000	-9999.0000	19.9780	7	0	39.1490	1.0000	02	2	-9999.0000	34043	44239	-9999	1320	4011	-9999	588.8091	5	0.7226	0.7390	-0.0006	99.5498	0.8211	729.2623	479.3538	35.8333	686.1730	93.1944	721.4343	95.1620	728.3569	95.1620	734.4607	95.0000	
21/08/2017	08:35:57	011992	H374089124HLR	L421	S		0.0000	0.0000	0.0000	0.0000	0.0000	0.8430	0.0000	0.0000	0.0000	0.0000	0.0000	0.0000	0.0000	0.9300	0.0000	0.0000	0.0000	0.0000	0.0000	0.0000	0.0000	0.0000	0.0000	0.8230	0.0000	0.0000	0.0000	0.0000	0.0000	0.0000	0.0000	0.0000	0.0000	0	27	39.1490	1.0000	05	2	0.0000	0	0	0	0	0	0	0.0000	0	0.0000	0.0000	0.0000	0.0000	0.0000	0.0000	0.0000	0.0000	0.0000	0.0000	0.0000	0.0000	0.0000	0.0000	0.0000	0.0000	
21/08/2017	08:36:21	011992	H421089965HLR	L421	S		692.7056	1.0292	10.0000	100.0800	39.7928	0.8430	0.8279	5.0000	18.8181	815.0314	94.8843	28.0390	24.0000	0.9300	0.9224	0.7392	-0.0006	815.0000	814.7064	1.0275	-4.9309	99.9779	39.6369	0.8230	0.8262	5.0000	-9999.0000	-9999.0000	-9999.0000	-9999.0000	-9999.0000	-9999.0000	19.7416	8	0	39.7378	1.0000	02	2	-9999.0000	34044	44240	-9999	1321	4012	-9999	588.5482	5	0.7226	0.7392	-0.0006	99.1595	0.8357	724.2682	491.2263	39.5602	686.6613	95.6019	717.7929	94.3981	723.7937	94.2824	729.5367	94.9074	
21/08/2017	08:36:35	011992	H374089146HLR	L421	S		0.0000	0.0000	0.0000	0.0000	0.0000	0.8430	0.0000	0.0000	0.0000	0.0000	0.0000	0.0000	0.0000	0.9300	0.0000	0.0000	0.0000	0.0000	0.0000	0.0000	0.0000	0.0000	0.0000	0.8230	0.0000	0.0000	0.0000	0.0000	0.0000	0.0000	0.0000	0.0000	0.0000	0	27	39.7378	1.0000	05	2	0.0000	0	0	0	0	0	0	0.0000	0	0.0000	0.0000	0.0000	0.0000	0.0000	0.0000	0.0000	0.0000	0.0000	0.0000	0.0000	0.0000	0.0000	0.0000	0.0000	0.0000	
21/08/2017	08:37:03	011992	H421089900HLR	L421	S		694.9872	1.0292	10.0000	100.0759	39.8439	0.8430	0.8274	5.0000	19.3615	815.0369	94.9306	29.2597	24.0000	0.9300	0.9224	0.7392	-0.0006	815.0000	816.9597	1.0275	-4.9893	99.9502	39.8459	0.8230	0.8256	5.0000	-9999.0000	-9999.0000	-9999.0000	-9999.0000	-9999.0000	-9999.0000	20.1316	1	0	42.0189	1.0000	02	2	-9999.0000	34045	44241	-9999	1322	4013	-9999	587.9490	5	0.7226	0.7392	-0.0006	99.1595	0.8357	726.8446	470.5658	35.1389	684.4868	94.3750	719.2398	95.4167	726.1911	95.2778	730.9658	95.1852	
21/08/2017	08:37:19	011992	H374089145HLR	L421	S		0.0000	0.0000	0.0000	0.0000	0.0000	0.8430	0.0000	0.0000	0.0000	0.0000	0.0000	0.0000	0.0000	0.9300	0.0000	0.0000	0.0000	0.0000	0.0000	0.0000	0.0000	0.0000	0.0000	0.8230	0.0000	0.0000	0.0000	0.0000	0.0000	0.0000	0.0000	0.0000	0.0000	0	27	42.0189	1.0000	05	2	0.0000	0	0	0	0	0	0	0.0000	0	0.0000	0.0000	0.0000	0.0000	0.0000	0.0000	0.0000	0.0000	0.0000	0.0000	0.0000	0.0000	0.0000	0.0000	0.0000	0.0000	
21/08/2017	08:38:10	011992	H421089977HLR	L421	S		692.9194	1.0292	10.0000	99.9568	39.7275	0.8430	0.8275	5.0000	20.2492	815.0155	94.9074	28.1787	23.9000	0.9300	0.9225	0.7375	-0.0005	815.0000	815.6537	1.0275	-4.9964	99.9258	39.6166	0.8230	0.8256	5.0000	-9999.0000	-9999.0000	-9999.0000	-9999.0000	-9999.0000	-9999.0000	20.0085	3	0	41.9794	1.0000	02	2	-9999.0000	34046	44242	-9999	1323	4014	-9999	588.4116	5	0.7225	0.7375	-0.0005	102.5669	0.7158	726.6756	458.4448	35.4398	683.1963	92.9398	718.8115	95.1852	726.1699	95.1852	732.4169	95.0926	
21/08/2017	08:38:25	011992	H374089144HLR	L421	S		0.0000	0.0000	0.0000	0.0000	0.0000	0.8430	0.0000	0.0000	0.0000	0.0000	0.0000	0.0000	0.0000	0.9300	0.0000	0.0000	0.0000	0.0000	0.0000	0.0000	0.0000	0.0000	0.0000	0.8230	0.0000	0.0000	0.0000	0.0000	0.0000	0.0000	0.0000	0.0000	0.0000	0	27	41.9794	1.0000	05	2	0.0000	0	0	0	0	0	0	0.0000	0	0.0000	0.0000	0.0000	0.0000	0.0000	0.0000	0.0000	0.0000	0.0000	0.0000	0.0000	0.0000	0.0000	0.0000	0.0000	0.0000	
21/08/2017	08:38:52	011992	H421089957HLR	L421	S		689.8060	1.0292	10.0000	100.0314	39.6896	0.8430	0.8278	5.0000	18.8898	815.0836	94.8843	28.9892	23.9000	0.9300	0.9224	0.7400	-0.0006	815.0000	814.5303	1.0275	-4.8895	99.9472	39.6417	0.8230	0.8262	5.0000	-9999.0000	-9999.0000	-9999.0000	-9999.0000	-9999.0000	-9999.0000	19.6591	4	0	41.8780	1.0000	02	2	-9999.0000	34047	44243	-9999	1324	4015	-9999	588.1913	5	0.7224	0.7400	-0.0006	103.3214	0.6844	723.2805	479.3637	37.6852	685.3976	95.2778	716.2695	94.9769	722.7034	95.0231	727.4126	94.8611	
21/08/2017	08:39:09	011992	H374089093HLR	L421	S		0.0000	0.0000	0.0000	0.0000	0.0000	0.8430	0.0000	0.0000	0.0000	0.0000	0.0000	0.0000	0.0000	0.9300	0.0000	0.0000	0.0000	0.0000	0.0000	0.0000	0.0000	0.0000	0.0000	0.8230	0.0000	0.0000	0.0000	0.0000	0.0000	0.0000	0.0000	0.0000	0.0000	0	27	41.8780	1.0000	05	2	0.0000	0	0	0	0	0	0	0.0000	0	0.0000	0.0000	0.0000	0.0000	0.0000	0.0000	0.0000	0.0000	0.0000	0.0000	0.0000	0.0000	0.0000	0.0000	0.0000	0.0000	
21/08/2017	08:39:34	011992	H374089125HLR	L421	S		655.0595	1.0292	10.0000	100.0788	39.9451	0.8430	0.8279	5.0000	18.8198	745.5663	94.9074	31.0086	23.8000	0.9300	0.9222	0.7400	-0.0006	815.0000	763.8287	1.0275	-2.2656	99.9858	39.7875	0.8230	0.8254	5.0000	-9999.0000	-9999.0000	-9999.0000	-9999.0000	-9999.0000	-9999.0000	20.2657	5	27	41.9985	1.0000	05	2	-9999.0000	34048	44244	-9999	1325	4016	-9999	536.8908	5	0.7224	0.7400	-0.0006	103.3214	0.6844	661.8756	470.2735	37.1991	624.6793	94.2361	655.1706	95.7176	661.2277	95.6713	664.9680	95.0694	
21/08/2017	08:39:52	011992	H374089091HLR	L421	S		0.0000	0.0000	0.0000	0.0000	0.0000	0.8430	0.0000	0.0000	0.0000	0.0000	0.0000	0.0000	0.0000	0.9300	0.0000	0.0000	0.0000	0.0000	0.0000	0.0000	0.0000	0.0000	0.0000	0.8230	0.0000	0.0000	0.0000	0.0000	0.0000	0.0000	0.0000	0.0000	0.0000	0	27	41.9985	1.0000	05	2	0.0000	0	0	0	0	0	0	0.0000	0	0.0000	0.0000	0.0000	0.0000	0.0000	0.0000	0.0000	0.0000	0.0000	0.0000	0.0000	0.0000	0.0000	0.0000	0.0000	0.0000	
21/08/2017	08:43:08	011992	H374089124HLR	L421	S		656.2324	1.0292	10.0000	100.0513	39.7244	0.8430	0.8280	5.0000	18.8689	760.1042	94.9537	31.0086	23.8000	0.9300	0.9223	0.7395	-0.0006	815.0000	774.1620	1.0275	-1.8829	99.9622	39.5453	0.8230	0.8254	5.0000	-9999.0000	-9999.0000	-9999.0000	-9999.0000	-9999.0000	-9999.0000	19.5018	7	27	116.4958	1.0000	05	2	-9999.0000	34049	44245	-9999	1326	4017	-9999	547.3520	5	0.7223	0.7395	-0.0006	102.2186	0.7273	664.9635	479.5783	37.6852	632.3647	92.4537	657.9688	93.7731	664.7271	93.9120	669.4117	94.6991	
21/08/2017	08:43:51	011992	H374089146HLR	L421	S		655.3954	1.0292	10.0000	100.0316	39.7844	0.8430	0.8281	5.0000	18.7795	740.6526	94.8843	31.0086	23.8000	0.9300	0.9223	0.7395	-0.0006	815.0000	761.4508	1.0275	-2.3537	99.9704	39.4263	0.8230	0.8261	5.0000	-9999.0000	-9999.0000	-9999.0000	-9999.0000	-9999.0000	-9999.0000	20.3142	8	27	41.7684	1.0000	05	2	-9999.0000	34050	44246	-9999	1327	4018	-9999	533.3908	5	0.7223	0.7395	-0.0006	102.2186	0.7273	658.8523	482.6371	37.8009	624.3848	93.7269	651.6154	94.7685	658.1299	94.8148	662.4077	95.0231	
21/08/2017	08:44:33	011992	H374089145HLR	L421	S		654.3439	1.0292	10.0000	99.9833	39.8275	0.8430	0.8275	5.0000	19.2658	734.0259	94.9306	31.0086	23.8000	0.9300	0.9223	0.7395	-0.0006	815.0000	755.2737	1.0275	-2.5099	99.9469	39.8493	0.8230	0.8268	5.0000	-9999.0000	-9999.0000	-9999.0000	-9999.0000	-9999.0000	-9999.0000	20.0370	1	27	41.9784	1.0000	05	2	-9999.0000	34051	44247	-9999	1328	4019	-9999	528.6783	5	0.7223	0.7395	-0.0006	102.2186	0.7273	657.3930	477.2031	38.2639	624.0180	93.8194	650.4272	95.0463	657.0605	95.0231	661.2677	95.0694	
21/08/2017	08:45:22	011992	H374089144HLR	L421	S		655.8707	1.0292	10.0000	99.9720	39.6697	0.8430	0.8271	5.0000	20.9592	755.2389	94.9074	31.0086	24.1000	0.9300	0.9226	0.7395	-0.0006	815.0000	771.1297	1.0275	-1.6789	100.0510	39.5467	0.8230	0.8258	5.0000	-9999.0000	-9999.0000	-9999.0000	-9999.0000	-9999.0000	-9999.0000	21.5074	3	27	24.9191	1.0000	05	2	-9999.0000	34052	44248	-9999	1329	4020	-9999	543.9300	5	0.7223	0.7395	-0.0006	102.2186	0.7273	664.8584	426.7710	36.5278	630.2853	92.1991	657.5106	93.2407	664.2874	93.5417	669.1209	94.6528	
21/08/2017	08:45:45	011992	H374089093HLR	L421	S		656.0791	1.0292	10.0000	99.9925	39.5114	0.8430	0.8278	5.0000	18.3694	755.7765	94.9769	31.0086	24.2000	0.9300	0.9226	0.7395	-0.0006	815.0000	771.0306	1.0275	-1.6849	99.9047	39.7659	0.8230	0.8266	5.0000	-9999.0000	-9999.0000	-9999.0000	-9999.0000	-9999.0000	-9999.0000	19.4392	4	27	23.4133	1.0000	05	2	-9999.0000	34053	44249	-9999	1330	4021	-9999	544.2991	5	0.7223	0.7395	-0.0006	102.2186	0.7273	665.4311	418.1173	35.4630	630.0668	92.6620	657.3436	94.0972	664.6699	94.3981	670.0848	94.8611	
21/08/2017	08:46:45	011992	H374089091HLR	L421	S		655.2227	1.0292	10.0000	99.9388	39.7000	0.8430	0.8287	5.0000	18.5481	762.3639	94.9306	31.0096	24.1000	0.9300	0.9222	0.7395	-0.0006	815.0000	778.1220	1.0275	-1.2577	99.9656	39.8415	0.8230	0.8260	5.0000	-9999.0000	-9999.0000	-9999.0000	-9999.0000	-9999.0000	-9999.0000	20.0567	5	27	60.1181	1.0000	05	2	-9999.0000	34054	44250	-9999	1331	4022	-9999	549.0373	5	0.7223	0.7395	-0.0006	102.2186	0.7273	675.7417	503.3779	38.3102	637.1671	94.6991	666.2150	96.2500	672.4352	96.2269	677.3130	94.9074	
21/08/2017	08:49:07	011992	H421090476HLR	L421	S		691.8649	1.0292	10.0000	100.0168	39.7932	0.8430	0.8271	5.0000	20.1671	815.0752	94.9769	27.3896	24.0000	0.9300	0.9224	0.7395	-0.0006	815.0000	813.6473	1.0275	-4.5773	99.8775	39.6142	0.8230	0.8258	5.0000	-9999.0000	-9999.0000	-9999.0000	-9999.0000	-9999.0000	-9999.0000	20.3995	1	0	39.5982	1.0000	02	2	-9999.0000	34055	44251	-9999	1332	4023	-9999	588.8610	5	0.7223	0.7395	-0.0006	102.2186	0.7273	721.9004	436.7795	35.6944	679.2093	91.2037	713.4237	93.1481	721.0628	93.4259	727.8353	94.5139	
21/08/2017	08:50:12	011992	H421090935HLR	L421	S		691.7506	1.0292	10.0000	99.9378	39.6810	0.8430	0.8270	5.0000	20.1702	815.0764	94.9306	29.7098	23.8000	0.9300	0.9224	0.7395	-0.0006	815.0000	814.2725	1.0275	-4.7727	99.9432	39.4196	0.8230	0.8254	5.0000	-9999.0000	-9999.0000	-9999.0000	-9999.0000	-9999.0000	-9999.0000	19.7493	3	0	39.8990	1.0000	02	2	-9999.0000	34056	44252	-9999	1333	4024	-9999	587.6830	5	0.7223	0.7395	-0.0006	102.2186	0.7273	721.0529	444.8523	37.1528	680.4754	93.1250	714.4544	94.6759	720.2972	94.7917	725.2688	94.9306	
21/08/2017	08:50:54	011992	H421090453HLR	L421	S		686.8736	1.0292	10.0000	99.9910	39.5000	0.8430	0.8276	5.0000	19.0596	815.0646	94.9769	27.6289	23.8000	0.9300	0.9222	0.7392	-0.0006	815.0000	814.9342	1.0275	-4.9794	99.9142	39.7084	0.8230	0.8269	5.0000	-9999.0000	-9999.0000	-9999.0000	-9999.0000	-9999.0000	-9999.0000	19.7606	4	0	42.4183	1.0000	02	2	-9999.0000	34057	44253	-9999	1334	4025	-9999	588.7410	5	0.7223	0.7392	-0.0006	102.8767	0.7044	721.6219	467.1548	37.0139	675.7386	93.0556	713.3366	95.0694	720.9051	95.0231	727.1138	95.0231	
21/08/2017	08:51:36	011992	H421090462HLR	L421	S		691.0549	1.0292	10.0000	99.9990	40.0495	0.8430	0.8279	5.0000	18.7990	815.0380	94.9074	28.5595	23.7000	0.9300	0.9222	0.7392	-0.0006	815.0000	815.7081	1.0275	-4.9961	99.9551	39.7138	0.8230	0.8250	5.0000	-9999.0000	-9999.0000	-9999.0000	-9999.0000	-9999.0000	-9999.0000	20.0372	5	0	41.9779	1.0000	02	2	-9999.0000	34058	44254	-9999	1335	4026	-9999	588.2520	5	0.7223	0.7392	-0.0006	102.8767	0.7044	723.0771	479.4352	36.5046	676.3269	92.9630	714.7818	95.1157	722.4507	95.0694	728.0248	95.0694	
21/08/2017	08:52:42	011992	H421090472HLR	L421	S		691.9034	1.0292	10.0000	99.9947	39.7842	0.8430	0.8281	5.0000	18.5089	815.0261	94.9537	28.8993	23.5000	0.9300	0.9223	0.7380	-0.0006	815.0000	816.4995	1.0275	-4.9918	100.0191	39.4104	0.8230	0.8247	5.0000	-9999.0000	-9999.0000	-9999.0000	-9999.0000	-9999.0000	-9999.0000	19.9591	7	0	40.7885	1.0000	02	2	-9999.0000	34059	44255	-9999	1336	4027	-9999	588.1829	5	0.7223	0.7380	-0.0006	103.9452	0.6662	720.8536	429.1555	35.5556	680.2723	92.0370	713.3921	94.1435	720.3008	94.2130	726.3348	94.7454	
21/08/2017	08:53:24	011992	H421090469HLR	L421	S		691.7917	1.0292	10.0000	99.9719	39.7912	0.8430	0.8278	5.0000	18.9724	814.8039	94.9074	31.0086	23.5000	0.9300	0.9223	0.7377	-0.0006	815.0000	817.3257	1.0275	-4.9873	100.0035	39.5202	0.8230	0.8265	5.0000	-9999.0000	-9999.0000	-9999.0000	-9999.0000	-9999.0000	-9999.0000	20.5793	8	0	41.3784	1.0000	02	2	-9999.0000	34060	44255	-9999	1337	4028	-9999	587.0640	5	0.7222	0.7377	-0.0006	103.6313	0.6822	719.8240	472.6181	37.4306	681.7405	94.2130	714.1514	94.3056	719.2485	94.2593	724.5782	94.7222	
21/08/2017	08:54:02	011992	H421092388HLR	L421	S		691.6100	1.0292	10.0000	100.0835	39.8224	0.8430	0.8276	5.0000	18.7201	815.0770	94.9074	30.0292	23.4000	0.9300	0.9223	0.7377	-0.0006	815.0000	815.8241	1.0275	-4.9955	100.0254	39.9403	0.8230	0.8255	5.0000	-9999.0000	-9999.0000	-9999.0000	-9999.0000	-9999.0000	-9999.0000	19.9117	1	0	38.0690	1.0000	02	2	-9999.0000	34060	44256	-9999	1338	4029	-9999	587.6148	5	0.7222	0.7377	-0.0006	103.6313	0.6822	721.9961	478.0079	35.3472	675.6769	92.8704	714.4061	95.3009	721.1173	95.2083	726.3427	95.0694	
21/08/2017	08:55:05	011992	H421090451HLR	L421	S		693.0414	1.0292	10.0000	99.9594	39.7078	0.8430	0.8277	5.0000	18.3131	815.0519	94.9074	29.7391	23.6000	0.9300	0.9227	0.7406	-0.0007	815.0000	814.2074	1.0275	-4.7523	99.9615	39.6629	0.8230	0.8254	5.0000	-9999.0000	-9999.0000	-9999.0000	-9999.0000	-9999.0000	-9999.0000	20.2086	3	0	38.7487	1.0000	02	2	-9999.0000	34061	44257	-9999	1339	4030	-9999	587.6627	5	0.7220	0.7406	-0.0007	100.6417	0.7896	721.9874	459.3985	37.0370	678.4986	92.9861	714.8777	95.0000	721.4361	94.9769	726.8717	95.0463	
21/08/2017	08:55:29	011992	H421090458HLR	L421	S		691.3834	1.0292	10.0000	99.9735	39.6485	0.8430	0.8280	5.0000	18.4691	815.0786	94.8380	30.6580	23.7000	0.9300	0.9226	0.7404	-0.0007	815.0000	815.5762	1.0275	-4.9969	99.9437	39.5441	0.8230	0.8262	5.0000	-9999.0000	-9999.0000	-9999.0000	-9999.0000	-9999.0000	-9999.0000	19.4588	4	0	23.4088	1.0000	02	2	-9999.0000	34062	44257	-9999	1340	4031	-9999	586.9744	5	0.7219	0.7404	-0.0007	100.5984	0.7902	719.1161	466.5891	36.7361	679.5832	94.1898	713.9323	94.9074	718.6967	94.8843	723.9450	95.0231	
21/08/2017	08:56:09	011992	H421090457HLR	L421	S		688.6523	1.0292	10.0000	100.0827	39.9639	0.8430	0.8277	5.0000	18.6792	815.0384	94.9769	27.0996	23.8000	0.9300	0.9226	0.7404	-0.0007	815.0000	814.2655	1.0275	-4.7705	99.9228	39.9468	0.8230	0.8260	5.0000	-9999.0000	-9999.0000	-9999.0000	-9999.0000	-9999.0000	-9999.0000	19.8080	5	0	40.6083	1.0000	02	2	-9999.0000	34062	44258	-9999	1341	4032	-9999	588.8310	5	0.7219	0.7404	-0.0007	100.5984	0.7902	723.5416	473.4460	35.5556	677.0960	93.5880	715.7478	95.3472	723.0191	95.2083	728.5329	95.0926	
21/08/2017	08:57:13	011992	H421090456HLR	L421	S		697.1343	1.0292	10.0000	100.0250	39.8024	0.8430	0.8279	5.0000	18.8196	815.0777	94.9074	27.7392	23.9000	0.9300	0.9228	0.7398	-0.0006	815.0000	814.9351	1.0275	-4.9797	100.0344	39.7518	0.8230	0.8263	5.0000	-9999.0000	-9999.0000	-9999.0000	-9999.0000	-9999.0000	-9999.0000	19.7985	7	0	38.7387	1.0000	02	2	-9999.0000	34063	44258	-9999	1342	4033	-9999	588.5069	5	0.7217	0.7398	-0.0006	101.6511	0.7461	725.0953	476.1332	37.5694	684.9961	91.8750	717.7469	92.5926	724.5988	92.7315	731.1501	94.9306	
21/08/2017	08:58:27	011992	H421090940HLR	L421	S		687.0138	1.0292	10.0000	99.9748	39.8669	0.8430	0.8279	5.0000	18.2276	815.0789	94.9074	29.6786	24.1000	0.9300	0.9228	0.7420	-0.0007	815.0000	814.2684	1.0275	-4.7714	99.9545	39.4754	0.8230	0.8250	5.0000	-9999.0000	-9999.0000	-9999.0000	-9999.0000	-9999.0000	-9999.0000	20.7397	1	0	38.3494	1.0000	02	2	-9999.0000	34065	44259	-9999	1344	4034	-9999	587.5961	5	0.7217	0.7420	-0.0007	100.8492	0.7748	717.6080	444.2736	36.7130	674.1639	93.5880	709.4925	95.5093	716.7600	95.5556	723.3068	94.9769	
21/08/2017	08:59:31	011992	H421090435HLR	L421	S		692.7058	1.0292	10.0000	99.9071	39.7353	0.8430	0.8272	5.0000	20.8702	815.0556	94.9306	27.7792	24.1000	0.9300	0.9228	0.7468	-0.0009	815.0000	814.3458	1.0275	-4.7956	100.0007	39.3842	0.8230	0.8246	5.0000	-9999.0000	-9999.0000	-9999.0000	-9999.0000	-9999.0000	-9999.0000	20.1688	3	0	38.8980	1.0000	02	2	-9999.0000	34066	44260	-9999	1345	4035	-9999	588.7285	5	0.7217	0.7468	-0.0009	99.2073	0.8294	720.1968	438.0914	37.0139	676.3760	93.7731	712.0017	95.3241	719.3514	95.3935	726.3653	95.0231	
21/08/2017	08:59:55	011992	H421090439HLR	L421	S		696.0713	1.0292	10.0000	100.0871	39.7806	0.8430	0.8278	5.0000	18.8187	815.0592	94.9769	25.0889	24.2000	0.9300	0.9225	0.7476	-0.0009	815.0000	814.2408	1.0275	-4.7627	99.9012	39.6000	0.8230	0.8268	5.0000	-9999.0000	-9999.0000	-9999.0000	-9999.0000	-9999.0000	-9999.0000	19.8487	4	0	24.3993	1.0000	02	2	-9999.0000	34067	44260	-9999	1346	4036	-9999	590.6682	5	0.7217	0.7476	-0.0009	94.6230	0.9895	724.4545	465.6077	36.1574	683.0935	93.4028	716.7136	95.3241	723.4811	95.2083	730.5343	95.0926	
21/08/2017	09:00:33	011992	H421090443HLR	L421	S		695.1429	1.0292	10.0000	100.0387	39.8928	0.8430	0.8276	5.0000	18.6195	815.0357	94.8611	27.3886	24.2000	0.9300	0.9224	0.7476	-0.0009	815.0000	814.8818	1.0275	-4.9631	99.9809	39.9371	0.8230	0.8251	5.0000	-9999.0000	-9999.0000	-9999.0000	-9999.0000	-9999.0000	-9999.0000	20.6895	5	0	37.6080	1.0000	02	2	-9999.0000	34067	44261	-9999	1347	4037	-9999	589.0848	5	0.7217	0.7476	-0.0009	94.6230	0.9895	721.6194	459.6153	37.0602	676.6097	93.8657	712.8669	95.2778	720.7489	95.2315	726.4426	95.1852	
21/08/2017	09:01:38	011992	H421090447HLR	L421	S		692.4437	1.0292	10.0000	100.1169	39.8000	0.8430	0.8278	5.0000	18.6792	815.0505	95.0000	27.7285	24.1000	0.9300	0.9226	0.7495	-0.0010	815.0000	813.4564	1.0275	-4.5176	100.1131	39.7728	0.8230	0.8263	5.0000	-9999.0000	-9999.0000	-9999.0000	-9999.0000	-9999.0000	-9999.0000	20.0928	7	0	39.8189	1.0000	02	2	-9999.0000	34068	44262	-9999	1348	4038	-9999	588.9459	5	0.7219	0.7495	-0.0010	92.3478	1.0669	717.3246	459.7517	37.3843	674.7236	93.5648	708.5807	94.9537	716.5899	95.0000	722.3519	95.0463	
21/08/2017	09:02:17	011992	H421090455HLR	L421	S		641.5042	1.0292	10.0000	99.9859	39.7479	0.8430	0.8278	5.0000	18.8550	0.0000	0.0000	0.0000	0.0000	0.9300	0.0000	0.0000	0.0000	0.0000	649.4794	1.0275	-2.9809	99.9312	39.7208	0.8230	0.8261	5.0000	-9999.0000	-9999.0000	-9999.0000	-9999.0000	-9999.0000	-9999.0000	20.2091	8	7	39.1177	1.0000	02	2	-9999.0000	34069	0	-9999	1349	4039	-9999	0.0000	0	0.0000	0.0000	0.0000	0.0000	0.0000	0.0000	0.0000	0.0000	0.0000	0.0000	0.0000	0.0000	0.0000	0.0000	0.0000	0.0000	
21/08/2017	09:02:57	011992	H421090958HLR	L421	S		695.5305	1.0292	10.0000	100.1403	39.8850	0.8430	0.8277	5.0000	18.8089	815.0368	95.0231	26.5595	24.1000	0.9300	0.9226	0.7498	-0.0010	815.0000	815.1258	1.0275	-4.9993	99.9042	39.7776	0.8230	0.8256	5.0000	-9999.0000	-9999.0000	-9999.0000	-9999.0000	-9999.0000	-9999.0000	19.8194	1	0	40.0495	1.0000	02	2	-9999.0000	34070	44263	-9999	1349	4040	-9999	589.9174	5	0.7220	0.7498	-0.0010	91.7843	1.0851	719.4545	425.3318	36.1574	672.9848	92.3843	710.4166	94.7685	718.8146	94.8380	724.9395	95.0231	
21/08/2017	09:04:02	011992	H421090956HLR	L421	S		691.3420	1.0292	10.0000	100.0525	39.7834	0.8430	0.8279	5.0000	18.6333	815.0571	94.9306	28.8690	24.1000	0.9300	0.9225	0.7489	-0.0009	815.0000	813.7524	1.0275	-4.6101	99.9969	39.5788	0.8230	0.8256	5.0000	-9999.0000	-9999.0000	-9999.0000	-9999.0000	-9999.0000	-9999.0000	19.7262	3	0	40.5883	1.0000	02	2	-9999.0000	34071	44264	-9999	1350	4041	-9999	588.1629	5	0.7222	0.7489	-0.0009	88.4602	1.2037	714.9262	459.6447	36.7130	671.3537	92.6157	705.7446	94.6065	714.2020	94.5139	719.5038	94.8380	
21/08/2017	09:04:39	011992	H421090950HLR	L421	S		690.4882	1.0292	10.0000	100.0106	39.8000	0.8430	0.8279	5.0000	18.5999	815.0636	94.9074	28.2490	24.1000	0.9300	0.9223	0.7500	-0.0010	815.0000	814.5321	1.0275	-4.8538	99.9115	39.7040	0.8230	0.8265	5.0000	-9999.0000	-9999.0000	-9999.0000	-9999.0000	-9999.0000	-9999.0000	19.6091	4	0	36.5582	1.0000	02	2	-9999.0000	34072	44265	-9999	1351	4042	-9999	588.6823	5	0.7221	0.7500	-0.0010	89.9115	1.1525	715.5766	462.3124	37.3843	669.2608	93.9583	707.1241	95.8102	715.0340	95.7176	720.6468	95.1852	
21/08/2017	09:05:18	011992	H421090946HLR	L421	S		683.3422	1.0292	10.0000	99.9573	39.8102	0.8430	0.8271	5.0000	20.2687	815.0480	94.8611	29.1591	24.0000	0.9300	0.9223	0.7500	-0.0010	815.0000	813.9505	1.0275	-4.6720	99.9579	39.7952	0.8230	0.8252	5.0000	-9999.0000	-9999.0000	-9999.0000	-9999.0000	-9999.0000	-9999.0000	19.8919	5	0	39.2304	1.0000	02	2	-9999.0000	34073	44266	-9999	1352	4043	-9999	587.9351	5	0.7221	0.7500	-0.0010	89.9115	1.1525	713.6143	475.5510	37.2685	674.1491	94.4676	706.2489	95.5324	712.9096	95.5556	719.6306	94.9537	
21/08/2017	09:06:22	011992	H421090942HLR	L421	S		688.6177	1.0292	10.0000	99.9616	39.7467	0.8430	0.8274	5.0000	19.1825	815.0359	94.9537	29.5790	24.0000	0.9300	0.9224	0.7496	-0.0010	815.0000	813.8616	1.0275	-4.6443	100.0552	39.6251	0.8230	0.8252	5.0000	-9999.0000	-9999.0000	-9999.0000	-9999.0000	-9999.0000	-9999.0000	20.3383	7	0	38.8384	1.0000	02	2	-9999.0000	34074	44267	-9999	1353	4044	-9999	587.6319	5	0.7222	0.7496	-0.0010	90.3003	1.1358	710.6996	427.5833	35.1852	667.2550	93.0093	702.2800	94.9537	710.1371	94.9537	716.1439	95.0463	
21/08/2017	09:06:59	011992	H421090899HLR	L421	S		695.2302	1.0292	10.0000	99.9464	39.6810	0.8430	0.8275	5.0000	19.7388	815.0791	94.9769	25.7198	24.0000	0.9300	0.9224	0.7494	-0.0010	815.0000	817.0103	1.0275	-4.9890	100.0090	39.5379	0.8230	0.8260	5.0000	-9999.0000	-9999.0000	-9999.0000	-9999.0000	-9999.0000	-9999.0000	19.4897	8	0	37.6288	1.0000	02	2	-9999.0000	34075	44268	-9999	1354	4045	-9999	590.7511	5	0.7222	0.7494	-0.0010	90.8169	1.1162	723.2637	463.4839	36.2963	677.6924	93.8426	715.8584	95.1157	722.5030	95.0000	729.1287	94.9306	
21/08/2017	09:07:39	011992	H421090972HLR	L421	S		690.8485	1.0292	10.0000	100.1416	39.9647	0.8430	0.8276	5.0000	18.9998	815.0988	94.9074	28.1982	24.0000	0.9300	0.9224	0.7494	-0.0010	815.0000	814.3486	1.0275	-4.7964	99.9990	39.9958	0.8230	0.8260	5.0000	-9999.0000	-9999.0000	-9999.0000	-9999.0000	-9999.0000	-9999.0000	19.5520	1	0	39.2083	1.0000	02	2	-9999.0000	34076	44269	-9999	1355	4046	-9999	588.8759	5	0.7222	0.7494	-0.0010	90.8169	1.1162	714.8327	448.0929	37.0370	668.6873	93.3565	706.1978	94.8843	714.0827	94.9074	719.9263	95.0926	
21/08/2017	09:08:42	011992	H421090967HLR	L421	S		692.8005	1.0292	10.0000	99.9022	39.8170	0.8430	0.8280	5.0000	18.5696	815.0387	94.9537	27.8789	24.1000	0.9300	0.9226	0.7467	-0.0009	815.0000	813.8185	1.0275	-4.6308	99.9415	39.7297	0.8230	0.8257	5.0000	-9999.0000	-9999.0000	-9999.0000	-9999.0000	-9999.0000	-9999.0000	20.0086	3	0	38.7280	1.0000	02	2	-9999.0000	34077	44270	-9999	1356	4047	-9999	589.0143	5	0.7222	0.7467	-0.0009	93.2061	1.0377	717.3417	458.8844	36.9444	672.9587	93.2639	709.6486	94.9074	716.3891	94.9537	723.1900	95.0231	
21/08/2017	09:09:20	011992	H421090976HLR	L421	S		694.4013	1.0292	10.0000	100.0276	39.7890	0.8430	0.8277	5.0000	18.5485	815.0703	95.0231	26.8594	24.2000	0.9300	0.9225	0.7464	-0.0009	815.0000	814.1997	1.0275	-4.7499	99.9198	39.6489	0.8230	0.8260	5.0000	-9999.0000	-9999.0000	-9999.0000	-9999.0000	-9999.0000	-9999.0000	19.5199	4	0	37.8495	1.0000	02	2	-9999.0000	34078	44271	-9999	1357	4048	-9999	589.7472	5	0.7221	0.7464	-0.0009	93.8247	1.0206	722.1403	474.3131	36.9213	679.4075	93.2176	714.2124	95.2083	721.1788	95.2083	727.4175	95.0926	
21/08/2017	09:09:58	011992	H421090962HLR	L421	S		690.5879	1.0292	10.0000	100.1544	39.8473	0.8430	0.8277	5.0000	18.7998	815.0396	94.9074	28.1992	24.3000	0.9300	0.9224	0.7464	-0.0009	815.0000	814.0675	1.0275	-4.7086	99.9042	39.8629	0.8230	0.8257	5.0000	-9999.0000	-9999.0000	-9999.0000	-9999.0000	-9999.0000	-9999.0000	20.0391	5	0	37.5577	1.0000	02	2	-9999.0000	34079	44272	-9999	1358	4049	-9999	588.7161	5	0.7221	0.7464	-0.0009	93.8247	1.0206	718.7407	478.2096	38.5417	674.5480	94.5139	711.1381	95.4398	717.7567	95.4398	723.7725	95.0694	
21/08/2017	09:11:00	011992	H421090885HLR	L421	S		693.3963	1.0292	10.0000	99.8203	39.7150	0.8430	0.8276	5.0000	18.3391	815.0352	95.0231	27.7597	24.4000	0.9300	0.9227	0.7481	-0.0009	815.0000	814.2905	1.0275	-4.7783	100.0293	39.6567	0.8230	0.8255	5.0000	-9999.0000	-9999.0000	-9999.0000	-9999.0000	-9999.0000	-9999.0000	19.8583	7	0	37.5181	1.0000	02	2	-9999.0000	34080	44273	-9999	1359	4050	-9999	589.0465	5	0.7222	0.7481	-0.0009	92.5652	1.0635	720.9071	470.7787	36.9213	678.7377	92.8935	711.8597	94.6759	720.2168	94.7454	726.0941	94.9769	
21/08/2017	09:11:34	011992	H421090904HLR	L421	S		693.8614	1.0292	10.0000	100.0893	39.7000	0.8430	0.8279	5.0000	18.6995	815.0486	94.8611	27.0498	24.5000	0.9300	0.9225	0.7484	-0.0009	815.0000	813.9829	1.0275	-4.6822	100.0190	39.6431	0.8230	0.8262	5.0000	-9999.0000	-9999.0000	-9999.0000	-9999.0000	-9999.0000	-9999.0000	19.5987	8	0	34.3484	1.0000	02	2	-9999.0000	34081	44274	-9999	1360	4051	-9999	589.6787	5	0.7223	0.7484	-0.0009	92.2596	1.0736	720.3104	463.0909	35.2546	678.4425	94.6528	712.8503	94.9537	719.6018	95.0463	725.6886	95.0694	
21/08/2017	09:12:13	011992	H421090893HLR	L421	S		694.9933	1.0292	10.0000	100.1285	39.9892	0.8430	0.8275	5.0000	19.2589	815.0450	94.9769	26.4892	24.6000	0.9300	0.9224	0.7484	-0.0009	815.0000	813.6243	1.0275	-4.5701	100.0851	39.8024	0.8230	0.8250	5.0000	-9999.0000	-9999.0000	-9999.0000	-9999.0000	-9999.0000	-9999.0000	21.9292	1	0	38.2993	1.0000	02	2	-9999.0000	34082	44275	-9999	1361	4052	-9999	590.1276	5	0.7223	0.7484	-0.0009	92.2596	1.0736	721.7238	464.9772	36.5046	676.6065	93.5417	713.8302	95.2315	721.0786	95.2546	727.5351	95.1157	
21/08/2017	09:13:16	011992	H421090911HLR	L421	S		691.8014	1.0292	10.0000	99.9658	39.7653	0.8430	0.8272	5.0000	21.5489	815.0668	95.0231	26.5596	24.6000	0.9300	0.9226	0.7485	-0.0009	815.0000	813.8071	1.0275	-4.6272	100.0208	39.7259	0.8230	0.8256	5.0000	-9999.0000	-9999.0000	-9999.0000	-9999.0000	-9999.0000	-9999.0000	19.7590	3	0	38.9088	1.0000	02	2	-9999.0000	34083	44276	-9999	1362	4053	-9999	590.1676	5	0.7225	0.7485	-0.0009	89.9743	1.1541	722.1711	445.5121	39.0741	683.3529	94.0509	713.2448	94.7222	721.3672	94.7917	727.3743	94.9769	
21/08/2017	09:13:57	011992	H421090910HLR	L421	S		695.8295	1.0292	10.0000	100.0667	39.7824	0.8430	0.8275	5.0000	19.5686	815.0787	94.9537	23.5187	24.5000	0.9300	0.9223	0.7497	-0.0010	815.0000	814.4923	1.0275	-4.8413	99.9831	39.6178	0.8230	0.8258	5.0000	-9999.0000	-9999.0000	-9999.0000	-9999.0000	-9999.0000	-9999.0000	19.8692	4	0	40.7081	1.0000	02	2	-9999.0000	34084	44277	-9999	1363	4054	-9999	592.5155	5	0.7226	0.7497	-0.0010	88.0821	1.2191	728.7498	483.6357	35.9028	683.8249	93.5185	720.8457	95.0694	728.1086	95.0463	734.2410	95.0694	
21/08/2017	09:14:36	011992	H421090917HLR	L421	S		691.9446	1.0292	10.0000	100.0036	39.8856	0.8430	0.8274	5.0000	19.4593	815.0728	94.9537	27.3496	24.5000	0.9300	0.9222	0.7497	-0.0010	815.0000	814.1773	1.0275	-4.7429	100.0142	39.9398	0.8230	0.8259	5.0000	-9999.0000	-9999.0000	-9999.0000	-9999.0000	-9999.0000	-9999.0000	19.4375	5	0	38.5280	1.0000	02	2	-9999.0000	34085	44278	-9999	1364	4055	-9999	589.7266	5	0.7226	0.7497	-0.0010	88.0821	1.2191	718.0166	461.2792	36.2037	672.6714	92.6852	709.2872	94.5602	717.2260	94.5139	723.7448	94.7917	
21/08/2017	09:15:38	011992	H421090906HLR	L421	S		692.3953	1.0292	10.0000	100.0937	39.7966	0.8430	0.8277	5.0000	18.8088	815.1040	94.9074	27.9491	24.3000	0.9300	0.9223	0.7510	-0.0010	815.0000	814.3455	1.0275	-4.7955	99.9886	39.6990	0.8230	0.8257	5.0000	-9999.0000	-9999.0000	-9999.0000	-9999.0000	-9999.0000	-9999.0000	19.8690	7	0	37.8785	1.0000	02	2	-9999.0000	34086	44279	-9999	1365	4055	-9999	589.3255	5	0.7228	0.7510	-0.0010	92.8932	1.0508	717.6616	435.0917	36.3194	674.0079	92.9861	708.6224	94.7454	716.8283	94.8611	722.6066	94.9769	
21/08/2017	09:16:17	011992	H421090924HLR	L421	S		690.6786	1.0292	10.0000	100.0638	39.7447	0.8430	0.8277	5.0000	18.9291	815.0417	94.9537	29.9383	24.3000	0.9300	0.9221	0.7517	-0.0010	815.0000	814.1895	1.0275	-4.7467	99.9847	39.6357	0.8230	0.8260	5.0000	-9999.0000	-9999.0000	-9999.0000	-9999.0000	-9999.0000	-9999.0000	20.1104	8	0	39.0689	1.0000	02	2	-9999.0000	34087	44280	-9999	1366	4056	-9999	587.6105	5	0.7229	0.7517	-0.0010	92.1373	1.0789	711.5540	483.6344	36.7361	676.1649	94.5139	703.9200	95.2315	710.8619	95.1620	717.1379	94.9537	
21/08/2017	09:16:56	011992	H421090887HLR	L421	S		694.6253	1.0292	10.0000	100.0198	39.8846	0.8430	0.8272	5.0000	20.3889	815.0571	94.9306	27.4688	24.2000	0.9300	0.9221	0.7517	-0.0010	815.0000	815.8103	1.0275	-4.9956	100.0636	39.8848	0.8230	0.8256	5.0000	-9999.0000	-9999.0000	-9999.0000	-9999.0000	-9999.0000	-9999.0000	20.3085	1	0	38.1888	1.0000	02	2	-9999.0000	34088	44280	-9999	1367	4057	-9999	589.6713	5	0.7229	0.7517	-0.0010	92.1373	1.0789	717.9330	456.2209	35.7639	674.2927	93.0556	708.6318	94.9306	717.1826	94.9074	722.8432	95.0231	
21/08/2017	09:17:58	011992	H421090914HLR	L421	S		693.1185	1.0292	10.0000	100.0723	39.7810	0.8430	0.8277	5.0000	18.5793	815.0736	94.9769	26.8594	24.1000	0.9300	0.9223	0.7509	-0.0010	815.0000	814.9763	1.0275	-4.9926	100.0109	39.6906	0.8230	0.8255	5.0000	-9999.0000	-9999.0000	-9999.0000	-9999.0000	-9999.0000	-9999.0000	20.1189	3	0	37.2451	1.0000	02	2	-9999.0000	34089	44281	-9999	1368	4058	-9999	590.3501	5	0.7230	0.7509	-0.0010	93.2312	1.0312	716.6029	416.1187	36.3426	675.2292	92.5000	707.8819	94.5139	715.9901	94.5833	721.7563	94.8380	
21/08/2017	09:18:35	011992	H421090865HLR	L421	S		694.6742	1.0292	10.0000	100.0672	39.7062	0.8430	0.8276	5.0000	19.1288	815.0643	94.8843	28.3085	24.0000	0.9300	0.9222	0.7502	-0.0010	815.0000	816.5123	1.0275	-4.9917	99.9958	39.6144	0.8230	0.8258	5.0000	-9999.0000	-9999.0000	-9999.0000	-9999.0000	-9999.0000	-9999.0000	20.5163	4	0	37.5787	1.0000	02	2	-9999.0000	34090	44281	-9999	1369	4059	-9999	589.1452	5	0.7231	0.7502	-0.0010	93.7486	1.0084	716.2588	454.1079	35.4861	674.5171	92.8009	708.1312	94.7454	715.6149	94.7685	721.0696	94.9769	
21/08/2017	09:19:13	011992	H421090851HLR	L421	S		692.6647	1.0292	10.0000	99.9745	39.9613	0.8430	0.8278	5.0000	18.4933	815.0737	94.9537	27.1797	23.9000	0.9300	0.9222	0.7502	-0.0010	815.0000	816.5364	1.0275	-4.9916	99.9943	39.9184	0.8230	0.8259	5.0000	-9999.0000	-9999.0000	-9999.0000	-9999.0000	-9999.0000	-9999.0000	19.8899	5	0	37.6894	1.0000	02	2	-9999.0000	34090	44282	-9999	1370	4060	-9999	590.0458	5	0.7231	0.7502	-0.0010	93.7486	1.0084	718.3291	460.1286	36.1806	674.6726	94.5602	710.6768	94.9769	717.3143	95.0463	723.8524	95.1157	
21/08/2017	09:20:16	011992	H421090864HLR	L421	S		695.1760	1.0292	10.0000	99.9349	39.7563	0.8430	0.8272	5.0000	20.8562	815.0443	95.0000	26.2393	23.7000	0.9300	0.9223	0.7488	-0.0009	815.0000	817.4740	1.0275	-4.9865	99.9663	39.7122	0.8230	0.8257	5.0000	-9999.0000	-9999.0000	-9999.0000	-9999.0000	-9999.0000	-9999.0000	20.0689	7	0	37.6474	1.0000	02	2	-9999.0000	34091	44283	-9999	1371	4061	-9999	590.7762	5	0.7233	0.7488	-0.0009	95.2049	0.9575	721.6454	447.7968	35.8333	674.9097	92.8935	713.1199	94.8148	720.9630	94.9074	727.0840	95.0231	
21/08/2017	09:20:51	011992	H421090831HLR	L421	S		694.7991	1.0292	10.0000	100.0783	39.7607	0.8430	0.8277	5.0000	18.8147	815.0782	94.9537	26.7793	23.7000	0.9300	0.9223	0.7486	-0.0009	815.0000	817.3658	1.0275	-4.9871	99.9617	39.6431	0.8230	0.8257	5.0000	-9999.0000	-9999.0000	-9999.0000	-9999.0000	-9999.0000	-9999.0000	20.2588	8	0	35.7485	1.0000	02	2	-9999.0000	34092	44284	-9999	1372	4062	-9999	590.4192	5	0.7233	0.7486	-0.0009	93.4637	1.0269	718.0860	454.8580	37.4769	677.1340	92.9861	710.8522	94.3056	717.4812	94.0741	723.0132	94.6528	
21/08/2017	09:21:29	011992	H421090928HLR	L421	S		695.0947	1.0292	10.0000	100.0320	39.8733	0.8430	0.8272	5.0000	20.1495	815.0965	95.0000	26.6494	23.7000	0.9300	0.9223	0.7486	-0.0009	815.0000	817.3492	1.0275	-4.9872	100.0194	39.8645	0.8230	0.8258	5.0000	-9999.0000	-9999.0000	-9999.0000	-9999.0000	-9999.0000	-9999.0000	19.6960	1	0	38.1293	1.0000	02	2	-9999.0000	34093	44285	-9999	1373	4063	-9999	590.4632	5	0.7233	0.7486	-0.0009	93.4637	1.0269	719.6478	478.2299	36.2269	674.8319	92.9630	711.3019	94.7222	718.9988	94.9074	725.3061	94.9074	
21/08/2017	09:22:35	011992	H421090876HLR	L421	S		696.1659	1.0292	10.0000	99.9236	39.7581	0.8430	0.8272	5.0000	20.5089	815.0416	95.0694	26.5987	23.7000	0.9300	0.9225	0.7455	-0.0008	815.0000	817.2865	1.0275	-4.9875	100.0346	39.6812	0.8230	0.8258	5.0000	-9999.0000	-9999.0000	-9999.0000	-9999.0000	-9999.0000	-9999.0000	19.5387	3	0	38.2578	1.0000	02	2	-9999.0000	34094	44286	-9999	1374	4064	-9999	590.3160	5	0.7234	0.7455	-0.0008	92.8847	1.0509	723.5340	449.6584	37.6852	679.0016	93.0324	714.6588	94.7917	722.9286	94.8843	728.3237	95.0231	
21/08/2017	09:23:12	011992	H421090834HLR	L421	S		697.4551	1.0292	10.0000	100.0720	39.7341	0.8430	0.8277	5.0000	18.8434	815.0634	95.0231	24.9386	23.8000	0.9300	0.9225	0.7444	-0.0008	815.0000	816.9571	1.0275	-4.9893	99.9659	39.7402	0.8230	0.8263	5.0000	-9999.0000	-9999.0000	-9999.0000	-9999.0000	-9999.0000	-9999.0000	19.5817	4	0	37.2388	1.0000	02	2	-9999.0000	34095	44287	-9999	1375	4065	-9999	591.4858	5	0.7234	0.7444	-0.0008	92.8082	1.0595	726.0911	443.3562	36.5278	682.1417	93.0093	717.6430	94.9306	725.2861	95.0000	731.8918	95.0926	
21/08/2017	09:23:47	011992	H421090964HLR	L421	S		694.0730	1.0292	10.0000	100.1172	39.9575	0.8430	0.8278	5.0000	18.5685	815.0223	94.9537	27.1797	23.9000	0.9300	0.9224	0.7444	-0.0008	815.0000	817.0781	1.0275	-4.9887	100.0367	39.8158	0.8230	0.8255	5.0000	-9999.0000	-9999.0000	-9999.0000	-9999.0000	-9999.0000	-9999.0000	19.5694	5	0	35.3083	1.0000	02	2	-9999.0000	34096	44288	-9999	1375	4066	-9999	589.9265	5	0.7234	0.7444	-0.0008	92.8082	1.0595	721.4525	467.5946	36.7824	680.8559	94.6991	713.8457	94.6296	720.5035	94.7222	726.6291	95.0463	
21/08/2017	09:24:48	011992	H421090845HLR	L421	S		692.4821	1.0292	10.0000	100.0586	39.8000	0.8430	0.8279	5.0000	18.7465	815.0811	94.9537	27.2695	24.0000	0.9300	0.9226	0.7405	-0.0006	815.0000	814.9058	1.0275	-4.9705	99.9150	39.6743	0.8230	0.8253	5.0000	-9999.0000	-9999.0000	-9999.0000	-9999.0000	-9999.0000	-9999.0000	19.8885	7	0	35.9394	1.0000	02	2	-9999.0000	34097	44288	-9999	1376	4067	-9999	589.8046	5	0.7235	0.7405	-0.0006	96.9850	0.9031	722.0000	465.7103	38.1944	681.9747	94.3287	716.0187	94.7685	721.5453	94.6991	727.1648	94.8843	
21/08/2017	09:25:27	011992	H421090839HLR	L421	S		695.0502	1.0292	10.0000	100.0689	39.8000	0.8430	0.8278	5.0000	18.7795	815.1049	95.0000	26.3388	24.1000	0.9300	0.9225	0.7389	-0.0006	815.0000	814.7977	1.0275	-4.9368	100.0221	39.6004	0.8230	0.8260	5.0000	-9999.0000	-9999.0000	-9999.0000	-9999.0000	-9999.0000	-9999.0000	19.8116	8	0	38.8880	1.0000	02	2	-9999.0000	34098	44289	-9999	1377	4068	-9999	590.2556	5	0.7234	0.7389	-0.0006	99.0964	0.8296	727.1342	474.9791	37.7083	689.1349	95.5093	720.3478	94.4907	726.2304	94.5602	732.2199	94.9537	
21/08/2017	09:26:05	011992	H421092383HLR	L421	S		700.4480	1.0292	10.0000	100.1083	39.8630	0.8430	0.8276	5.0000	18.9096	815.0622	94.9306	24.3594	24.2000	0.9300	0.9225	0.7389	-0.0006	815.0000	816.7358	1.0275	-4.9905	100.0504	39.9497	0.8230	0.8257	5.0000	-9999.0000	-9999.0000	-9999.0000	-9999.0000	-9999.0000	-9999.0000	20.7620	1	0	38.1587	1.0000	02	1	-9999.0000	34099	44290	-9999	1378	4069	-9999	591.0074	5	0.7234	0.7389	-0.0006	99.0964	0.8296	734.3829	494.2197	39.3519	691.9434	95.0463	727.5281	95.0926	733.8052	95.2546	739.1687	95.2546	
21/08/2017	09:27:12	011992	H421090477HLR	L421	S		697.9344	1.0292	10.0000	99.9843	39.7533	0.8430	0.8272	5.0000	20.1290	815.0640	94.9769	24.9190	24.1000	0.9300	0.9226	0.7390	-0.0006	815.0000	815.5597	1.0275	-4.9969	99.9064	39.7206	0.8230	0.8259	5.0000	-9999.0000	-9999.0000	-9999.0000	-9999.0000	-9999.0000	-9999.0000	19.7888	3	0	41.8483	1.0000	02	1	-9999.0000	34100	44291	-9999	1379	4070	-9999	590.7492	5	0.7234	0.7390	-0.0006	98.1276	0.8687	733.4081	457.7707	37.8472	695.2641	94.5370	725.9202	94.2824	732.6494	94.4676	738.2122	94.9537	
21/08/2017	09:27:48	011992	H421090934HLR	L421	S		695.1314	1.0292	10.0000	100.0652	39.7032	0.8430	0.8277	5.0000	18.7592	815.0624	94.8611	27.9296	24.1000	0.9300	0.9223	0.7369	-0.0005	815.0000	814.9952	1.0275	-4.9985	99.9546	39.7226	0.8230	0.8261	5.0000	-9999.0000	-9999.0000	-9999.0000	-9999.0000	-9999.0000	-9999.0000	19.6127	4	0	36.2883	1.0000	02	1	-9999.0000	34101	44292	-9999	1380	4071	-9999	589.3661	5	0.7234	0.7369	-0.0005	95.4020	0.9684	727.0018	463.0928	36.9213	683.4099	93.8194	720.2590	95.3704	726.4649	95.3704	731.9880	95.0463	
21/08/2017	09:28:29	011992	H421090452HLR	L421	S		692.5633	1.0292	10.0000	100.0792	39.9906	0.8430	0.8279	5.0000	18.7201	815.0659	94.9769	27.0996	24.0000	0.9300	0.9222	0.7369	-0.0005	815.0000	814.4853	1.0275	-4.8391	100.0347	39.7497	0.8230	0.8251	5.0000	-9999.0000	-9999.0000	-9999.0000	-9999.0000	-9999.0000	-9999.0000	20.4987	5	0	41.1988	1.0000	02	1	-9999.0000	34102	44293	-9999	1381	4072	-9999	589.6975	5	0.7234	0.7369	-0.0005	95.4020	0.9684	727.1128	466.9842	36.6435	679.6305	93.2870	718.5780	95.4398	726.5325	95.3241	732.7689	95.2083	
21/08/2017	09:29:31	011992	H421090454HLR	L421	S		691.2357	1.0292	10.0000	100.0122	39.8000	0.8430	0.8278	5.0000	18.8488	815.1036	94.9074	30.8895	23.8000	0.9300	0.9223	0.7370	-0.0005	815.0000	815.0912	1.0275	-4.9995	100.0590	39.5553	0.8230	0.8250	5.0000	-9999.0000	-9999.0000	-9999.0000	-9999.0000	-9999.0000	-9999.0000	20.4788	7	0	36.8884	1.0000	02	1	-9999.0000	34103	44294	-9999	1382	4073	-9999	588.1271	5	0.7235	0.7370	-0.0005	93.3793	1.0369	725.4764	460.2341	35.3241	684.6040	94.0741	717.5124	95.2546	724.5488	95.2546	730.1508	94.9537	
21/08/2017	09:30:12	011992	H421090461HLR	L421	S		693.8096	1.0292	10.0000	100.0886	39.8000	0.8430	0.8279	5.0000	18.6431	815.0563	95.0231	25.4483	23.8000	0.9300	0.9222	0.7361	-0.0005	815.0000	815.2146	1.0275	-4.9988	99.9686	39.5948	0.8230	0.8261	5.0000	-9999.0000	-9999.0000	-9999.0000	-9999.0000	-9999.0000	-9999.0000	20.0410	8	0	41.0086	1.0000	02	1	-9999.0000	34104	44294	-9999	1383	4074	-9999	590.3589	5	0.7235	0.7361	-0.0005	93.8499	1.0199	731.2496	476.7482	38.9120	691.6374	95.5093	724.9468	94.2130	730.4197	94.2361	735.6866	94.6528	
21/08/2017	09:30:51	011992	H421090471HLR	L421	S		698.1556	1.0292	10.0000	100.0777	39.7681	0.8430	0.8268	5.0000	20.8017	815.0372	94.9306	30.1590	23.7000	0.9300	0.9222	0.7361	-0.0005	815.0000	816.4512	1.0275	-4.9921	100.0733	39.9238	0.8230	0.8254	5.0000	-9999.0000	-9999.0000	-9999.0000	-9999.0000	-9999.0000	-9999.0000	20.7653	1	0	38.8585	1.0000	02	1	-9999.0000	34104	44295	-9999	1384	4075	-9999	588.5068	5	0.7235	0.7361	-0.0005	93.8499	1.0199	728.4659	481.8424	37.3148	692.5753	95.0000	723.3951	94.2361	727.7219	94.3056	731.9279	94.9074	
21/08/2017	09:31:55	011992	H421090470HLR	L421	S		699.8045	1.0292	10.0000	100.0916	39.7635	0.8430	0.8274	5.0000	18.6897	815.0751	95.0231	25.9190	23.6000	0.9300	0.9224	0.7370	-0.0005	815.0000	818.7911	1.0275	-4.9793	100.0379	39.6900	0.8230	0.8255	5.0000	-9999.0000	-9999.0000	-9999.0000	-9999.0000	-9999.0000	-9999.0000	20.2293	3	0	39.2790	1.0000	02	1	-9999.0000	34105	44296	-9999	1385	4076	-9999	590.1570	5	0.7235	0.7370	-0.0005	98.1165	0.8585	737.4920	472.4809	36.6898	693.7537	93.9583	728.5945	95.5787	736.9893	95.5556	741.9074	94.9769	
21/08/2017	09:32:35	011992	H421090448HLR	L421	S		689.0768	1.0292	10.0000	100.0585	39.5958	0.8430	0.8277	5.0000	18.7893	815.0619	94.9537	30.1395	23.5000	0.9300	0.9223	0.7389	-0.0006	815.0000	815.7445	1.0275	-4.9959	99.9721	39.5884	0.8230	0.8259	5.0000	-9999.0000	-9999.0000	-9999.0000	-9999.0000	-9999.0000	-9999.0000	19.2389	4	0	39.8177	1.0000	02	1	-9999.0000	34106	44296	-9999	1386	4077	-9999	588.4961	5	0.7235	0.7389	-0.0006	100.0825	0.7829	722.2436	459.5350	37.2454	677.7356	93.3333	715.1339	95.4167	721.8869	95.3009	727.0706	95.1620	
21/08/2017	09:33:14	011992	H421090444HLR	L421	S		693.4221	1.0292	10.0000	100.1118	40.0772	0.8430	0.8281	5.0000	18.6897	815.0771	95.0231	26.5293	23.5000	0.9300	0.9223	0.7389	-0.0006	815.0000	816.2184	1.0275	-4.9933	99.9763	39.8916	0.8230	0.8257	5.0000	-9999.0000	-9999.0000	-9999.0000	-9999.0000	-9999.0000	-9999.0000	19.7987	5	0	38.8591	1.0000	02	1	-9999.0000	34107	44297	-9999	1386	4078	-9999	589.9992	5	0.7235	0.7389	-0.0006	100.0825	0.7829	724.5150	463.2731	34.9074	682.2831	94.5370	717.7167	94.7454	723.9246	94.6528	728.4993	94.8148	
21/08/2017	09:34:21	011992	H421090440HLR	L421	S		692.7942	1.0292	10.0000	99.8327	39.7916	0.8430	0.8281	5.0000	18.5598	815.0943	94.9769	27.3096	23.4000	0.9300	0.9225	0.7385	-0.0006	815.0000	815.2905	1.0275	-4.9984	100.0213	39.6142	0.8230	0.8252	5.0000	-9999.0000	-9999.0000	-9999.0000	-9999.0000	-9999.0000	-9999.0000	21.0691	7	0	41.9583	1.0000	02	1	-9999.0000	34108	44298	-9999	1387	4079	-9999	589.5876	5	0.7233	0.7385	-0.0006	96.2036	0.9306	722.2437	445.4817	36.4583	682.2063	92.6389	713.9828	94.3750	721.5759	94.5602	728.0001	94.8843	
21/08/2017	09:34:58	011992	H421090436HLR	L421	S		691.5706	1.0292	10.0000	100.0324	39.8329	0.8430	0.8279	5.0000	18.5596	815.0875	94.9074	28.9697	23.6000	0.9300	0.9226	0.7385	-0.0006	815.0000	816.2955	1.0275	-4.9929	99.9499	39.6255	0.8230	0.8259	5.0000	-9999.0000	-9999.0000	-9999.0000	-9999.0000	-9999.0000	-9999.0000	20.0216	8	0	36.7888	1.0000	02	1	-9999.0000	34109	44299	-9999	1388	4080	-9999	588.7734	5	0.7233	0.7385	-0.0006	97.1947	0.8949	723.2344	468.7670	37.3611	683.5050	94.7917	717.0762	95.0000	722.7233	94.8380	728.2341	94.9769	
21/08/2017	09:35:36	011992	H421090939HLR	L421	S		693.0242	1.0292	10.0000	100.1175	39.8188	0.8430	0.8275	5.0000	18.7768	815.0241	94.9074	27.8994	23.7000	0.9300	0.9226	0.7385	-0.0006	815.0000	816.4738	1.0275	-4.9920	99.9570	39.8136	0.8230	0.8252	5.0000	-9999.0000	-9999.0000	-9999.0000	-9999.0000	-9999.0000	-9999.0000	20.3427	1	0	38.6396	1.0000	02	1	-9999.0000	34109	44300	-9999	1389	4081	-9999	589.1359	5	0.7233	0.7385	-0.0006	97.1947	0.8949	724.9818	457.9609	34.8611	678.7743	93.1713	717.1376	95.3704	724.3015	95.3241	729.9581	95.1389	
21/08/2017	09:36:41	011992	H421090960HLR	L421	S		689.3434	1.0292	10.0000	100.0558	39.7363	0.8430	0.8274	5.0000	19.1791	807.8204	94.9074	31.0096	23.8000	0.9300	0.9227	0.7389	-0.0006	815.0000	809.6211	1.0275	-3.3191	100.0068	39.6494	0.8230	0.8252	5.0000	-9999.0000	-9999.0000	-9999.0000	-9999.0000	-9999.0000	-9999.0000	20.2663	3	0	39.3576	1.0000	02	1	-9999.0000	34110	44301	-9999	1390	4082	-9999	582.5337	5	0.7232	0.7389	-0.0006	94.7795	0.9926	716.1317	476.8613	35.2315	678.7471	92.8935	708.3564	94.8380	715.5403	95.0000	720.9511	95.1157	
21/08/2017	09:37:19	011992	H421090957HLR	L421	S		694.5167	1.0292	10.0000	100.0467	39.6964	0.8430	0.8278	5.0000	18.8293	815.0431	95.0231	26.0088	23.9000	0.9300	0.9226	0.7385	-0.0006	815.0000	813.5984	1.0275	-4.5620	99.9772	39.5559	0.8230	0.8259	5.0000	-9999.0000	-9999.0000	-9999.0000	-9999.0000	-9999.0000	-9999.0000	19.9322	4	0	38.7084	1.0000	02	1	-9999.0000	34111	44302	-9999	1391	4083	-9999	589.9729	5	0.7230	0.7385	-0.0006	94.6276	1.0039	728.8820	464.7008	38.0787	683.3625	93.7037	719.8230	95.6481	728.0020	95.6713	733.7196	95.0231	
21/08/2017	09:37:57	011992	H421090949HLR	L421	S		693.7676	1.0292	10.0000	100.0840	39.9557	0.8430	0.8276	5.0000	18.7591	815.0553	94.9306	27.6289	24.0000	0.9300	0.9226	0.7385	-0.0006	815.0000	814.4421	1.0275	-4.8257	99.9375	39.9756	0.8230	0.8259	5.0000	-9999.0000	-9999.0000	-9999.0000	-9999.0000	-9999.0000	-9999.0000	19.5667	5	0	38.0786	1.0000	02	1	-9999.0000	34112	44303	-9999	1392	4084	-9999	589.1268	5	0.7230	0.7385	-0.0006	94.6276	1.0039	727.2698	467.1591	37.0833	681.3575	93.9352	719.6308	95.4861	726.8192	95.5556	732.2998	95.2315	
21/08/2017	09:39:02	011992	H421090945HLR	L421	S		689.5652	1.0292	10.0000	99.9010	39.7896	0.8430	0.8275	5.0000	19.8268	815.0500	94.9537	28.3984	24.1000	0.9300	0.9227	0.7378	-0.0005	815.0000	813.0488	1.0275	-4.3903	99.8805	39.7196	0.8230	0.8256	5.0000	-9999.0000	-9999.0000	-9999.0000	-9999.0000	-9999.0000	-9999.0000	20.1493	7	0	40.1127	1.0000	02	1	-9999.0000	34113	44304	-9999	1393	4085	-9999	588.6729	5	0.7228	0.7378	-0.0005	97.4575	0.8907	720.1879	478.4747	36.2731	679.1815	92.1991	711.7566	94.0046	719.3988	94.1435	725.4729	94.7454	
21/08/2017	09:39:41	011992	H421090941HLR	L421	S		689.6314	1.0292	10.0000	100.0115	39.7721	0.8430	0.8277	5.0000	18.6299	815.0501	94.8843	27.8681	24.2000	0.9300	0.9225	0.7376	-0.0005	815.0000	812.1822	1.0275	-4.1194	99.9401	39.6230	0.8230	0.8257	5.0000	-9999.0000	-9999.0000	-9999.0000	-9999.0000	-9999.0000	-9999.0000	20.4235	8	0	38.8938	1.0000	02	1	-9999.0000	34114	44305	-9999	1394	4086	-9999	588.9222	5	0.7227	0.7376	-0.0005	100.3262	0.7797	723.5223	489.0279	36.3889	683.8875	95.2315	716.1781	94.9537	722.8274	95.0000	728.2820	95.1389	
21/08/2017	09:40:16	011992	H421090889HLR	L421	S		690.1529	1.0292	10.0000	100.0529	39.8419	0.8430	0.8271	5.0000	20.4364	815.0936	94.9537	27.1299	24.2000	0.9300	0.9223	0.7376	-0.0005	815.0000	812.3723	1.0275	-4.1789	100.0510	39.8313	0.8230	0.8253	5.0000	-9999.0000	-9999.0000	-9999.0000	-9999.0000	-9999.0000	-9999.0000	20.9587	1	0	35.2886	1.0000	02	1	-9999.0000	34115	44306	-9999	1395	4087	-9999	589.2991	5	0.7227	0.7376	-0.0005	100.3262	0.7797	725.8131	480.0697	37.7083	679.4738	94.4213	717.4986	95.8102	725.0641	95.8796	730.4775	94.9306	
21/08/2017	09:41:21	011992	H421090975HLR	L421	S		689.9226	1.0292	10.0000	100.1051	39.7599	0.8430	0.8276	5.0000	18.6715	815.0660	94.9537	29.0995	24.1000	0.9300	0.9224	0.7374	-0.0005	815.0000	813.6014	1.0275	-4.5629	100.0181	39.7032	0.8230	0.8255	5.0000	-9999.0000	-9999.0000	-9999.0000	-9999.0000	-9999.0000	-9999.0000	19.7751	3	0	39.2083	1.0000	02	1	-9999.0000	34116	44307	-9999	1396	4088	-9999	588.4213	5	0.7229	0.7374	-0.0005	95.3175	0.9702	724.5484	469.1345	39.1667	688.1792	94.7917	717.7191	94.3287	724.0187	94.5139	729.1530	94.9769	
21/08/2017	09:41:59	011992	H421090966HLR	L421	S		692.6768	1.0292	10.0000	100.1033	39.7000	0.8430	0.8278	5.0000	18.6691	815.0864	94.9074	28.0888	24.1000	0.9300	0.9222	0.7376	-0.0005	815.0000	813.2056	1.0275	-4.4392	99.9327	39.5952	0.8230	0.8258	5.0000	-9999.0000	-9999.0000	-9999.0000	-9999.0000	-9999.0000	-9999.0000	19.9496	4	0	38.5691	1.0000	02	1	-9999.0000	34117	44308	-9999	1397	4089	-9999	588.9199	5	0.7229	0.7376	-0.0005	93.4843	1.0413	726.8997	494.3681	36.9907	684.8716	93.5880	720.2823	95.5787	726.3784	95.3009	731.1536	95.1389	
21/08/2017	09:42:36	011992	H421090920HLR	L421	S		693.9608	1.0292	10.0000	100.1524	39.9633	0.8430	0.8277	5.0000	18.7590	815.0889	94.9074	24.3184	24.1000	0.9300	0.9222	0.7376	-0.0005	815.0000	814.1532	1.0275	-4.7354	99.9637	39.9180	0.8230	0.8257	5.0000	-9999.0000	-9999.0000	-9999.0000	-9999.0000	-9999.0000	-9999.0000	19.6095	5	0	37.3580	1.0000	02	1	-9999.0000	34118	44309	-9999	1398	4090	-9999	590.6470	5	0.7229	0.7376	-0.0005	93.4843	1.0413	730.5311	472.0724	36.8981	685.8597	94.4444	723.8954	94.3056	729.9370	94.2361	735.4555	94.8611	
21/08/2017	09:43:40	011992	H421090961HLR	L421	S		690.9731	1.0292	10.0000	100.0506	39.7689	0.8430	0.8277	5.0000	19.2176	815.0692	94.9306	28.1796	23.9000	0.9300	0.9223	0.7358	-0.0005	815.0000	814.3701	1.0275	-4.8032	100.0316	39.6932	0.8230	0.8255	5.0000	-9999.0000	-9999.0000	-9999.0000	-9999.0000	-9999.0000	-9999.0000	20.5182	7	0	38.1837	1.0000	02	1	-9999.0000	34119	44310	-9999	1399	4091	-9999	588.9327	5	0.7230	0.7358	-0.0005	95.6495	0.9579	725.5161	448.7441	34.7454	683.1121	93.5880	717.6256	95.0231	724.9317	95.1157	729.7758	95.0926	
21/08/2017	09:44:17	011992	H421090905HLR	L421	S		693.0204	1.0292	10.0000	100.0591	39.8000	0.8430	0.8278	5.0000	18.7889	815.0539	94.9306	27.6093	23.9000	0.9300	0.9223	0.7369	-0.0005	815.0000	814.6144	1.0275	-4.8795	99.9512	39.6357	0.8230	0.8259	5.0000	-9999.0000	-9999.0000	-9999.0000	-9999.0000	-9999.0000	-9999.0000	19.7237	8	0	36.5792	1.0000	02	1	-9999.0000	34120	44311	-9999	1400	4092	-9999	589.2349	5	0.7231	0.7369	-0.0005	96.5595	0.9245	727.5889	474.8645	37.5694	685.3528	93.5880	721.1451	95.4398	726.9567	95.3009	730.9718	95.0926	
21/08/2017	09:44:57	011992	H421090895HLR	L421	S		694.5657	1.0292	10.0000	99.9826	39.7932	0.8430	0.8268	5.0000	21.0125	815.0403	94.9769	26.3994	23.9000	0.9300	0.9222	0.7369	-0.0005	815.0000	814.7672	1.0275	-4.9273	99.9762	39.8766	0.8230	0.8258	5.0000	-9999.0000	-9999.0000	-9999.0000	-9999.0000	-9999.0000	-9999.0000	20.0389	1	0	40.1508	1.0000	02	1	-9999.0000	34121	44312	-9999	1401	4093	-9999	589.7618	5	0.7231	0.7369	-0.0005	96.5595	0.9245	731.0467	472.4351	37.5231	688.5238	94.4444	723.9603	95.2083	730.3617	95.1620	736.1007	95.2315	
21/08/2017	09:46:00	011992	H421090884HLR	L421	S		695.6646	1.0292	10.0000	100.0621	39.7766	0.8430	0.8276	5.0000	18.5296	815.0422	95.0463	27.1895	23.8000	0.9300	0.9224	0.7375	-0.0005	815.0000	814.7648	1.0275	-4.9265	99.9750	39.6996	0.8230	0.8257	5.0000	-9999.0000	-9999.0000	-9999.0000	-9999.0000	-9999.0000	-9999.0000	19.5563	3	0	38.3384	1.0000	02	1	-9999.0000	34122	44312	-9999	1402	4094	-9999	589.4805	5	0.7231	0.7375	-0.0005	95.7283	0.9508	730.1892	456.0464	37.5694	686.5184	93.6111	722.5047	94.9074	729.6266	94.9306	734.6103	95.0463	
21/08/2017	09:46:36	011992	H421090921HLR	L421	S		695.1081	1.0292	10.0000	99.9223	39.7000	0.8430	0.8278	5.0000	18.4290	815.0377	94.9537	25.6885	23.8000	0.9300	0.9223	0.7381	-0.0005	815.0000	815.3334	1.0275	-4.9982	99.9811	39.6429	0.8230	0.8258	5.0000	-9999.0000	-9999.0000	-9999.0000	-9999.0000	-9999.0000	-9999.0000	20.2508	4	0	36.0182	1.0000	02	1	-9999.0000	34123	44313	-9999	1403	4095	-9999	590.1767	5	0.7232	0.7381	-0.0005	96.5846	0.9150	731.7885	473.9678	35.0694	687.9240	94.0046	724.0536	95.5324	731.1411	95.5787	737.0331	95.0694	
21/08/2017	09:47:12	011992	H421090971HLR	L421	S		689.9584	1.0292	10.0000	99.9361	39.8812	0.8430	0.8271	5.0000	20.6184	815.1103	94.9074	29.1298	23.8000	0.9300	0.9223	0.7381	-0.0005	815.0000	815.4591	1.0275	-4.9975	100.0251	39.8747	0.8230	0.8257	5.0000	-9999.0000	-9999.0000	-9999.0000	-9999.0000	-9999.0000	-9999.0000	19.8907	5	0	36.0290	1.0000	02	1	-9999.0000	34124	44313	-9999	1404	4096	-9999	588.8223	5	0.7232	0.7381	-0.0005	96.5846	0.9150	721.2696	433.0689	36.8981	673.9205	92.8472	712.9714	94.7454	720.5469	94.7685	726.7321	94.9769	
21/08/2017	09:48:16	011992	H421090918HLR	L421	S		694.6122	1.0292	10.0000	100.0078	39.8000	0.8430	0.8279	5.0000	18.4993	815.0389	95.0000	27.3486	23.8000	0.9300	0.9224	0.7393	-0.0006	815.0000	814.8902	1.0275	-4.9657	100.0744	39.6655	0.8230	0.8253	5.0000	-9999.0000	-9999.0000	-9999.0000	-9999.0000	-9999.0000	-9999.0000	21.1249	7	0	38.7840	1.0000	02	1	-9999.0000	34125	44313	-9999	1405	4097	-9999	589.5728	5	0.7232	0.7393	-0.0006	96.9886	0.8961	725.5259	439.4175	35.9028	682.2918	92.5463	717.0407	94.6528	724.9280	94.7222	730.0745	94.9306	
21/08/2017	09:48:53	011992	H421090907HLR	L421	S		696.4765	1.0292	10.0000	100.0735	39.7745	0.8430	0.8277	5.0000	18.8089	815.0786	94.8843	25.1993	23.8000	0.9300	0.9224	0.7398	-0.0006	815.0000	815.9097	1.0275	-4.9950	99.9969	39.6114	0.8230	0.8257	5.0000	-9999.0000	-9999.0000	-9999.0000	-9999.0000	-9999.0000	-9999.0000	20.4211	8	0	36.9991	1.0000	02	1	-9999.0000	34126	44314	-9999	1406	4098	-9999	590.6744	5	0.7232	0.7398	-0.0006	95.3279	0.9574	729.9556	500.9076	38.3333	690.4399	95.0231	723.5027	94.7685	729.1312	94.8611	734.8718	95.0926	
21/08/2017	09:49:29	011992	H421090925HLR	L421	S		696.6251	1.0292	10.0000	100.1145	39.8762	0.8430	0.8277	5.0000	18.7795	815.0719	94.9306	25.1182	23.9000	0.9300	0.9224	0.7398	-0.0006	815.0000	813.7820	1.0275	-4.6194	99.9864	39.8818	0.8230	0.8254	5.0000	-9999.0000	-9999.0000	-9999.0000	-9999.0000	-9999.0000	-9999.0000	20.5509	1	0	36.2577	1.0000	02	1	-9999.0000	34127	44315	-9999	1407	4099	-9999	590.7669	5	0.7232	0.7398	-0.0006	95.3279	0.9574	728.8482	467.3416	36.3889	684.2006	93.7963	723.5778	95.4861	728.2843	95.5093	733.6718	94.9306	
21/08/2017	09:50:30	011992	H421090888HLR	L421	S		691.1959	1.0292	10.0000	99.9431	39.7804	0.8430	0.8277	5.0000	18.4000	815.0986	94.9074	27.8291	24.0000	0.9300	0.9226	0.7388	-0.0006	815.0000	814.0211	1.0275	-4.6941	99.9417	39.7090	0.8230	0.8256	5.0000	-9999.0000	-9999.0000	-9999.0000	-9999.0000	-9999.0000	-9999.0000	20.0790	3	0	36.0279	1.0000	02	1	-9999.0000	34128	44316	-9999	1408	4100	-9999	589.4902	5	0.7232	0.7388	-0.0006	95.4078	0.9526	723.2613	455.1055	36.4815	682.5233	92.9861	716.0835	94.9769	722.6563	95.0926	729.0359	95.1157	
21/08/2017	09:51:07	011992	H421090915HLR	L421	S		691.7136	1.0292	10.0000	100.0098	39.7108	0.8430	0.8278	5.0000	18.4691	815.0508	95.0000	26.1592	24.1000	0.9300	0.9225	0.7410	-0.0006	815.0000	812.9767	1.0275	-4.3677	99.9998	39.6425	0.8230	0.8258	5.0000	-9999.0000	-9999.0000	-9999.0000	-9999.0000	-9999.0000	-9999.0000	19.5886	4	0	37.0895	1.0000	02	1	-9999.0000	34129	44317	-9999	1409	4101	-9999	590.1339	5	0.7233	0.7410	-0.0006	96.4172	0.9154	726.7819	448.2637	36.8287	686.9398	94.6065	719.4429	95.3935	726.1565	95.4861	731.4681	94.9769	
21/08/2017	09:51:43	011992	H421090866HLR	L421	S		695.4010	1.0292	10.0000	99.9850	39.9364	0.8430	0.8276	5.0000	19.0589	815.0576	95.0231	25.2588	24.2000	0.9300	0.9225	0.7410	-0.0006	815.0000	814.1031	1.0275	-4.7197	99.9576	39.9329	0.8230	0.8259	5.0000	-9999.0000	-9999.0000	-9999.0000	-9999.0000	-9999.0000	-9999.0000	20.0286	5	0	35.9987	1.0000	02	1	-9999.0000	34130	44318	-9999	1410	4102	-9999	590.7730	5	0.7233	0.7410	-0.0006	96.4172	0.9154	727.6078	476.3287	37.2222	682.8460	93.7269	720.4093	95.1852	726.7784	94.9074	731.7423	94.9074	
21/08/2017	09:52:44	011992	H421090841HLR	L421	S		695.3871	1.0292	10.0000	99.9886	39.7605	0.8430	0.8275	5.0000	20.3195	815.0809	94.9537	25.0489	24.3000	0.9300	0.9227	0.7424	-0.0007	815.0000	813.7484	1.0275	-4.6089	100.0026	39.7116	0.8230	0.8257	5.0000	-9999.0000	-9999.0000	-9999.0000	-9999.0000	-9999.0000	-9999.0000	20.4090	7	0	36.3881	1.0000	02	1	-9999.0000	34131	44319	-9999	1411	4103	-9999	590.9964	5	0.7234	0.7424	-0.0007	95.7558	0.9500	729.5209	474.1088	38.8426	686.9957	93.4722	720.7295	95.0463	728.7342	94.9306	734.3359	95.0231	
21/08/2017	09:53:22	011992	H421090874HLR	L421	S		692.4349	1.0292	10.0000	100.0871	39.8000	0.8430	0.8278	5.0000	18.7298	815.0742	95.0231	26.2197	24.3000	0.9300	0.9224	0.7429	-0.0007	815.0000	812.8465	1.0275	-4.3270	99.9458	39.7074	0.8230	0.8258	5.0000	-9999.0000	-9999.0000	-9999.0000	-9999.0000	-9999.0000	-9999.0000	20.5144	8	0	38.0288	1.0000	02	1	-9999.0000	34132	44320	-9999	1412	4104	-9999	590.4233	5	0.7234	0.7429	-0.0007	96.8530	0.9051	723.1398	463.9872	37.4537	682.8205	95.1852	716.2275	94.2361	722.4718	94.2130	728.2867	95.0231	
21/08/2017	09:54:00	011992	H421090832HLR	L421	S		699.4505	1.0292	10.0000	100.1530	39.9084	0.8430	0.8276	5.0000	18.7291	815.0298	94.9074	24.9991	24.3000	0.9300	0.9223	0.7429	-0.0007	815.0000	813.5850	1.0275	-4.5578	99.9585	39.8483	0.8230	0.8255	5.0000	-9999.0000	-9999.0000	-9999.0000	-9999.0000	-9999.0000	-9999.0000	20.4892	1	0	38.0485	1.0000	02	1	-9999.0000	34132	44321	-9999	1413	4105	-9999	591.0910	5	0.7234	0.7429	-0.0007	96.8530	0.9051	730.0965	467.6923	35.6944	685.1868	93.7500	721.9963	95.6713	729.4263	95.5324	734.4805	95.2083	
21/08/2017	09:55:07	011992	H421090861HLR	L421	S		697.9552	1.0292	10.0000	99.9495	39.8108	0.8430	0.8277	5.0000	18.4993	815.0432	94.9537	25.4190	24.3000	0.9300	0.9225	0.7457	-0.0008	815.0000	813.8668	1.0275	-4.6459	99.9948	39.6717	0.8230	0.8256	5.0000	-9999.0000	-9999.0000	-9999.0000	-9999.0000	-9999.0000	-9999.0000	19.9284	3	0	41.3490	1.0000	02	1	-9999.0000	34133	44322	-9999	1414	4106	-9999	590.9831	5	0.7236	0.7457	-0.0008	82.7349	1.4306	722.8064	474.1653	35.0000	682.5029	93.4491	717.0018	93.8657	722.3386	93.9815	727.4269	94.8843	
21/08/2017	09:55:42	011992	H421090875HLR	L421	S		697.8085	1.0292	10.0000	100.0620	39.7561	0.8430	0.8277	5.0000	18.6688	815.0398	94.9537	27.0488	24.3000	0.9300	0.9223	0.7458	-0.0008	815.0000	815.3797	1.0275	-4.9979	99.9474	39.7036	0.8230	0.8261	5.0000	-9999.0000	-9999.0000	-9999.0000	-9999.0000	-9999.0000	-9999.0000	19.9790	4	0	35.6170	1.0000	02	1	-9999.0000	34134	44323	-9999	1415	4106	-9999	590.0221	5	0.7238	0.7458	-0.0008	82.2177	1.4488	727.4762	469.6092	35.4167	684.0871	94.1898	720.5402	95.0231	726.6054	95.1389	732.5712	94.9306	
21/08/2017	09:56:20	011992	H421090833HLR	L421	S		689.1033	1.0292	10.0000	100.0428	39.9319	0.8430	0.8279	5.0000	18.5685	815.0795	94.9769	27.0088	24.3000	0.9300	0.9222	0.7458	-0.0008	815.0000	813.9791	1.0275	-4.6810	100.0004	39.7651	0.8230	0.8250	5.0000	-9999.0000	-9999.0000	-9999.0000	-9999.0000	-9999.0000	-9999.0000	20.0612	5	0	38.0290	1.0000	02	1	-9999.0000	34135	44324	-9999	1416	4107	-9999	590.1613	5	0.7238	0.7458	-0.0008	82.2177	1.4488	720.4539	438.5274	35.3009	674.5084	94.1204	713.2251	94.9074	719.7400	94.6991	724.6901	94.9306	
21/08/2017	09:57:24	011992	H421090955HLR	L421	S		689.7114	1.0292	10.0000	100.0497	39.7878	0.8430	0.8278	5.0000	18.8588	815.0481	94.9074	30.3290	24.2000	0.9300	0.9223	0.7473	-0.0009	815.0000	812.9905	1.0275	-4.3720	99.8665	39.6485	0.8230	0.8252	5.0000	-9999.0000	-9999.0000	-9999.0000	-9999.0000	-9999.0000	-9999.0000	20.1094	7	0	38.7291	1.0000	02	1	-9999.0000	34136	44324	-9999	1417	4108	-9999	587.8792	5	0.7241	0.7473	-0.0009	81.9610	1.4515	714.3431	432.9907	36.9907	671.8878	93.3796	706.4041	95.2778	713.6978	95.3472	719.6132	95.0463	
21/08/2017	09:58:03	011992	H421090844HLR	L421	S		700.4130	1.0292	10.0000	100.0741	39.8000	0.8430	0.8277	5.0000	18.8291	815.0580	94.9306	24.7490	24.2000	0.9300	0.9222	0.7477	-0.0009	815.0000	815.5880	1.0275	-4.9968	99.9943	39.5453	0.8230	0.8257	5.0000	-9999.0000	-9999.0000	-9999.0000	-9999.0000	-9999.0000	-9999.0000	20.3388	8	0	38.6686	1.0000	02	1	-9999.0000	34137	44325	-9999	1418	4109	-9999	591.8080	5	0.7241	0.7477	-0.0009	81.0523	1.4842	729.3839	463.3096	38.1944	684.4222	94.3750	722.8685	95.6481	728.2387	95.7176	733.5516	95.1389	
21/08/2017	09:58:40	011992	H421090838HLR	L421	S		694.7326	1.0292	10.0000	100.0965	39.8491	0.8430	0.8274	5.0000	18.8792	815.0168	94.9306	27.0498	24.2000	0.9300	0.9222	0.7477	-0.0009	815.0000	814.4870	1.0275	-4.8397	99.9413	39.9469	0.8230	0.8256	5.0000	-9999.0000	-9999.0000	-9999.0000	-9999.0000	-9999.0000	-9999.0000	20.4212	1	0	37.7985	1.0000	02	1	-9999.0000	34138	44326	-9999	1419	4110	-9999	590.1886	5	0.7241	0.7477	-0.0009	81.0523	1.4842	719.1202	473.3711	38.7963	681.0943	95.4630	713.2457	94.1667	718.3016	94.1898	724.0554	94.7685	
21/08/2017	09:59:46	011992	H421090468HLR	L421	S		699.6634	1.0292	10.0000	99.8937	39.7631	0.8430	0.8273	5.0000	19.4084	815.0938	94.9306	27.5693	24.1000	0.9300	0.9224	0.7439	-0.0007	815.0000	815.6831	1.0275	-4.9963	100.0600	39.6944	0.8230	0.8255	5.0000	-9999.0000	-9999.0000	-9999.0000	-9999.0000	-9999.0000	-9999.0000	20.5693	3	0	41.0288	1.0000	02	4	-9999.0000	34139	44326	-9999	1420	4111	-9999	590.0518	5	0.7243	0.7439	-0.0007	85.0969	1.3200	724.5268	463.4046	35.6481	680.4781	94.2130	716.2422	95.5093	723.6959	95.4861	729.7213	95.0463	
21/08/2017	10:00:25	011992	H421092397HLR	L421	S		699.1449	1.0292	10.0000	100.0555	39.7080	0.8430	0.8277	5.0000	18.6595	815.0258	94.9074	27.7783	24.1000	0.9300	0.9222	0.7433	-0.0007	815.0000	814.1562	1.0275	-4.7363	99.9343	39.6725	0.8230	0.8259	5.0000	-9999.0000	-9999.0000	-9999.0000	-9999.0000	-9999.0000	-9999.0000	19.6495	4	0	38.6384	1.0000	02	4	-9999.0000	34140	44327	-9999	1421	4112	-9999	589.8892	5	0.7244	0.7433	-0.0007	85.9483	1.2842	723.0121	453.0618	37.4074	680.9506	94.0972	716.7176	95.3009	722.2756	95.2546	727.3391	95.2083	
21/08/2017	10:01:04	011992	H421090465HLR	L421	S		697.7071	1.0292	10.0000	100.0912	39.9539	0.8430	0.8277	5.0000	18.7893	815.0910	95.0000	26.7597	24.0000	0.9300	0.9222	0.7433	-0.0007	815.0000	815.1231	1.0275	-4.9993	99.9976	39.8275	0.8230	0.8255	5.0000	-9999.0000	-9999.0000	-9999.0000	-9999.0000	-9999.0000	-9999.0000	19.6107	5	0	39.2983	1.0000	02	4	-9999.0000	34141	44328	-9999	1421	4113	-9999	590.6010	5	0.7244	0.7433	-0.0007	85.9483	1.2842	722.2882	470.7992	36.7824	679.1246	95.2546	716.5114	94.5370	721.7613	94.4676	727.3370	94.9306	
21/08/2017	10:02:07	011992	H421090936HLR	L421	S		698.5094	1.0292	10.0000	100.0001	39.7531	0.8430	0.8273	5.0000	20.3997	815.0535	94.8611	29.9286	24.0000	0.9300	0.9224	0.7407	-0.0006	815.0000	817.0693	1.0275	-4.9887	99.9315	39.5934	0.8230	0.8251	5.0000	-9999.0000	-9999.0000	-9999.0000	-9999.0000	-9999.0000	-9999.0000	20.3983	7	0	37.6690	1.0000	02	4	-9999.0000	34142	44329	-9999	1422	4114	-9999	589.0284	5	0.7245	0.7407	-0.0006	84.4550	1.3367	726.2388	463.6447	36.7361	685.1699	93.9583	719.2726	95.4630	725.6560	95.4167	730.4438	95.1389	
21/08/2017	10:02:44	011992	H421090446HLR	L421	S		700.9222	1.0292	10.0000	100.0655	39.7942	0.8430	0.8277	5.0000	18.8897	815.0321	94.9769	27.5888	24.1000	0.9300	0.9223	0.7404	-0.0006	815.0000	814.7661	1.0275	-4.9269	99.9011	39.6144	0.8230	0.8260	5.0000	-9999.0000	-9999.0000	-9999.0000	-9999.0000	-9999.0000	-9999.0000	19.9290	8	0	36.7980	1.0000	02	4	-9999.0000	34143	44330	-9999	1423	4115	-9999	590.1714	5	0.7245	0.7404	-0.0006	84.0133	1.3489	728.0988	493.6576	36.8287	689.0520	95.5556	720.9056	94.9074	727.2312	95.0463	732.5887	95.1852	
21/08/2017	10:03:22	011992	H421090450HLR	L421	S		699.2995	1.0292	10.0000	100.0697	39.8804	0.8430	0.8275	5.0000	18.6195	815.1098	94.8843	28.2783	24.1000	0.9300	0.9223	0.7404	-0.0006	815.0000	815.0557	1.0275	-4.9997	100.0008	39.9607	0.8230	0.8258	5.0000	-9999.0000	-9999.0000	-9999.0000	-9999.0000	-9999.0000	-9999.0000	19.3197	1	0	38.5288	1.0000	02	4	-9999.0000	34144	44331	-9999	1424	4116	-9999	589.9671	5	0.7245	0.7404	-0.0006	84.0133	1.3489	725.5554	456.3587	38.7500	683.1181	95.5787	719.1974	94.7685	724.9308	94.8843	729.3882	95.1389	
21/08/2017	10:04:28	011992	H421090460HLR	L421	S		700.1027	1.0292	10.0000	100.0200	39.7814	0.8430	0.8277	5.0000	18.6389	815.0546	95.0000	26.6797	24.2000	0.9300	0.9225	0.7430	-0.0007	815.0000	814.1753	1.0275	-4.7423	100.0248	39.7467	0.8230	0.8258	5.0000	-9999.0000	-9999.0000	-9999.0000	-9999.0000	-9999.0000	-9999.0000	19.5544	3	0	40.2680	1.0000	02	4	-9999.0000	34145	44332	-9999	1425	4117	-9999	590.6330	5	0.7244	0.7430	-0.0007	93.8781	0.9596	724.3076	459.5257	37.4537	684.7906	94.6065	719.1066	94.2361	723.9184	94.2130	728.9901	94.7917	
21/08/2017	10:05:06	011992	H421090464HLR	L421	S		699.8541	1.0292	10.0000	100.0714	39.7343	0.8430	0.8277	5.0000	18.7992	815.0874	95.0000	25.8790	24.3000	0.9300	0.9224	0.7428	-0.0007	815.0000	815.0304	1.0275	-4.9998	99.9382	39.6357	0.8230	0.8258	5.0000	-9999.0000	-9999.0000	-9999.0000	-9999.0000	-9999.0000	-9999.0000	19.9092	4	0	38.7290	1.0000	02	4	-9999.0000	34146	44333	-9999	1426	4118	-9999	591.0964	5	0.7244	0.7428	-0.0007	97.0867	0.8289	727.8347	473.6451	38.0093	687.3855	95.8333	721.1111	95.0463	727.0655	95.0926	731.9992	95.0463	
21/08/2017	10:05:46	011992	H421090474HLR	L421	S		698.6216	1.0292	10.0000	100.0945	39.9383	0.8430	0.8277	5.0000	18.8694	815.0406	94.9306	27.5195	24.4000	0.9300	0.9224	0.7428	-0.0007	815.0000	814.8202	1.0275	-4.9438	99.9816	39.8882	0.8230	0.8258	5.0000	-9999.0000	-9999.0000	-9999.0000	-9999.0000	-9999.0000	-9999.0000	19.5093	5	0	39.4690	1.0000	02	4	-9999.0000	34147	44334	-9999	1427	4119	-9999	590.1141	5	0.7244	0.7428	-0.0007	97.0867	0.8289	725.5720	466.7476	38.4954	684.5255	95.5093	720.2638	94.7917	725.1354	94.8148	730.1903	94.8611	
21/08/2017	10:06:48	011992	H421090943HLR	L421	S		698.3063	1.0292	10.0000	100.0996	39.7954	0.8430	0.8277	5.0000	18.7599	815.0623	94.9537	29.2987	24.5000	0.9300	0.9225	0.7438	-0.0007	815.0000	814.8226	1.0275	-4.9446	99.9403	39.6543	0.8230	0.8254	5.0000	-9999.0000	-9999.0000	-9999.0000	-9999.0000	-9999.0000	-9999.0000	19.7284	7	0	37.8681	1.0000	02	4	-9999.0000	34148	44334	-9999	1428	4120	-9999	589.1489	5	0.7245	0.7438	-0.0007	98.6016	0.7561	725.1475	473.5012	38.3333	685.9768	96.0648	717.2576	94.8148	724.5279	95.0231	729.9013	95.1620	
21/08/2017	10:07:26	011992	H421090937HLR	L421	S		700.8887	1.0292	10.0000	100.0909	39.7513	0.8430	0.8277	5.0000	18.8506	815.0566	94.9074	27.7998	24.4000	0.9300	0.9222	0.7450	-0.0008	815.0000	813.9791	1.0275	-4.6810	99.9671	39.6068	0.8230	0.8260	5.0000	-9999.0000	-9999.0000	-9999.0000	-9999.0000	-9999.0000	-9999.0000	19.8519	8	0	37.7486	1.0000	02	4	-9999.0000	34149	44335	-9999	1429	4121	-9999	589.9646	5	0.7244	0.7450	-0.0008	95.6264	0.8581	728.7574	483.6413	39.0046	685.7387	96.9213	718.1176	95.9954	724.4182	96.1111	730.2629	95.2546	
21/08/2017	10:08:04	011992	H421090929HLR	L421	S		698.3558	1.0292	10.0000	100.1333	39.8964	0.8430	0.8276	5.0000	18.9389	815.0627	94.9537	28.4589	24.4000	0.9300	0.9221	0.7450	-0.0008	815.0000	815.2906	1.0275	-4.9984	100.0297	39.9491	0.8230	0.8258	5.0000	-9999.0000	-9999.0000	-9999.0000	-9999.0000	-9999.0000	-9999.0000	19.5315	1	0	37.9381	1.0000	02	4	-9999.0000	34150	44336	-9999	1430	4122	-9999	589.5453	5	0.7244	0.7450	-0.0008	95.6264	0.8581	720.8890	479.4437	35.8565	680.4356	94.1435	714.7645	93.8194	720.1504	93.8426	725.1079	94.6528	
21/08/2017	10:09:08	011992	H421090438HLR	L421	S		702.6797	1.0292	10.0000	100.0180	39.7601	0.8430	0.8273	5.0000	19.7894	815.0954	95.0463	26.8193	24.3000	0.9300	0.9223	0.7436	-0.0007	815.0000	814.9260	1.0275	-4.9769	99.9605	39.7168	0.8230	0.8256	5.0000	-9999.0000	-9999.0000	-9999.0000	-9999.0000	-9999.0000	-9999.0000	19.8794	3	0	38.4887	1.0000	02	4	-9999.0000	34151	44337	-9999	1431	4123	-9999	590.6267	5	0.7245	0.7436	-0.0007	105.4101	0.4716	726.5723	446.4643	36.5741	685.3452	93.8194	720.1280	93.1481	726.0484	93.1481	730.8483	94.6528	
21/08/2017	10:09:47	011992	H421090442HLR	L421	S		702.6582	1.0292	10.0000	100.0254	39.7305	0.8430	0.8277	5.0000	18.6400	815.0593	94.9769	26.8594	24.2000	0.9300	0.9221	0.7445	-0.0007	815.0000	815.2841	1.0275	-4.9984	99.9735	39.6248	0.8230	0.8258	5.0000	-9999.0000	-9999.0000	-9999.0000	-9999.0000	-9999.0000	-9999.0000	19.6186	4	0	38.8985	1.0000	02	4	-9999.0000	34152	44338	-9999	1432	4124	-9999	590.7010	5	0.7244	0.7445	-0.0007	106.5525	0.4219	727.1890	473.3826	36.8056	690.8625	95.4167	720.5300	94.8380	726.2458	94.7917	731.4548	94.8843	
21/08/2017	10:10:25	011992	H421090963HLR	L421	S		700.3954	1.0292	10.0000	100.0990	39.9603	0.8430	0.8277	5.0000	18.6510	815.0723	95.0000	26.9092	24.2000	0.9300	0.9221	0.7445	-0.0007	815.0000	816.1021	1.0275	-4.9940	99.9479	39.8914	0.8230	0.8257	5.0000	-9999.0000	-9999.0000	-9999.0000	-9999.0000	-9999.0000	-9999.0000	19.8698	5	0	38.7597	1.0000	02	4	-9999.0000	34153	44339	-9999	1433	4125	-9999	590.6394	5	0.7244	0.7445	-0.0007	106.5525	0.4219	725.1785	470.1814	36.3657	681.0099	94.2593	718.7089	93.9583	724.6138	93.9815	730.1491	94.8611	
21/08/2017	10:11:28	011992	H421090959HLR	L421	Q		700.8800	1.0292	10.0000	99.9488	39.8000	0.8430	0.8279	5.0000	18.3000	815.0345	94.9306	27.3692	24.0000	0.9300	0.9222	0.7455	-0.0008	815.0000	816.4701	1.0275	-4.9920	100.0295	39.6918	0.8230	0.8257	5.0000	-9999.0000	-9999.0000	-9999.0000	-9999.0000	-9999.0000	-9999.0000	19.4894	7	0	37.5386	1.0000	02	4	-9999.0000	34154	44339	-9999	1434	4126	-9999	590.3550	5	0.7245	0.7455	-0.0008	103.4973	0.5166	725.9465	455.7356	36.2731	683.3771	93.1019	717.7562	95.0463	725.4896	95.1157	731.3132	95.0463	
21/08/2017	10:12:06	011992	H421090953HLR	L421	S		702.4080	1.0292	10.0000	100.0544	39.7898	0.8430	0.8277	5.0000	18.5794	815.0399	94.9769	27.9492	23.9000	0.9300	0.9221	0.7440	-0.0007	815.0000	816.6668	1.0275	-4.9909	100.1382	39.6543	0.8230	0.8260	5.0000	-9999.0000	-9999.0000	-9999.0000	-9999.0000	-9999.0000	-9999.0000	19.5794	8	0	38.3893	1.0000	02	4	-9999.0000	34155	44340	-9999	1435	4126	-9999	590.0098	5	0.7246	0.7440	-0.0007	110.0045	0.2622	725.3854	469.7273	37.5926	680.5602	94.3750	718.7439	94.8611	724.7023	95.0000	729.9324	95.2083	
21/08/2017	10:12:46	011992	H421090951HLR	L421	Q		699.3149	1.0292	10.0000	100.0521	39.8681	0.8430	0.8276	5.0000	18.6499	815.0320	94.9074	27.7988	23.9000	0.9300	0.9221	0.7440	-0.0007	815.0000	817.2976	1.0275	-4.9875	99.9653	39.8858	0.8230	0.8257	5.0000	-9999.0000	-9999.0000	-9999.0000	-9999.0000	-9999.0000	-9999.0000	19.6008	1	0	39.7196	1.0000	02	4	-9999.0000	34156	44341	-9999	1436	4127	-9999	590.1319	5	0.7246	0.7440	-0.0007	110.0045	0.2622	720.6584	473.7176	36.8056	679.5466	94.4444	715.2948	94.3056	720.2600	94.2824	725.5552	94.8611	
21/08/2017	10:13:49	011992	H421090947HLR	L421	S		699.7871	1.0292	10.0000	100.0520	39.7639	0.8430	0.8276	5.0000	18.6596	815.0935	95.0231	26.4698	23.7000	0.9300	0.9222	0.7453	-0.0008	815.0000	816.8237	1.0275	-4.9900	99.9495	39.6978	0.8230	0.8257	5.0000	-9999.0000	-9999.0000	-9999.0000	-9999.0000	-9999.0000	-9999.0000	19.5692	3	0	38.3983	1.0000	02	4	-9999.0000	34157	44342	-9999	1437	4128	-9999	591.0055	5	0.7245	0.7453	-0.0008	111.0168	0.2042	723.9190	453.0624	35.9722	681.2017	93.5185	716.5628	94.3287	723.1950	94.4907	729.0080	94.9537	
21/08/2017	10:25:34	011992	H421090919HLR	L421	S		702.7739	1.0292	10.0000	100.0743	39.6910	0.8430	0.8277	5.0000	18.7385	815.0574	94.9074	27.5791	23.7000	0.9300	0.9222	0.7461	-0.0008	815.0000	817.0286	1.0275	-4.9889	100.0205	39.6461	0.8230	0.8260	5.0000	-9999.0000	-9999.0000	-9999.0000	-9999.0000	-9999.0000	-9999.0000	19.7186	4	0	356.7074	1.0000	02	4	-9999.0000	34158	44343	-9999	1438	4128	-9999	590.2751	5	0.7244	0.7461	-0.0008	108.5979	0.2948	721.9358	477.7067	36.7361	684.6904	94.8611	716.2479	94.6528	721.2266	94.5370	725.6715	94.9074	
21/08/2017	10:26:11	011992	H421090891HLR	L421	S		698.6807	1.0292	10.0000	99.9810	39.9331	0.8430	0.8273	5.0000	20.1112	815.0444	94.9074	28.7392	23.6000	0.9300	0.9222	0.7461	-0.0008	815.0000	816.5222	1.0275	-4.9917	99.9725	39.8122	0.8230	0.8252	5.0000	-9999.0000	-9999.0000	-9999.0000	-9999.0000	-9999.0000	-9999.0000	20.7800	5	0	39.2464	1.0000	02	4	-9999.0000	34159	44344	-9999	1439	4129	-9999	589.4540	5	0.7244	0.7461	-0.0008	108.5979	0.2948	717.6519	471.8760	38.7269	679.1699	95.5787	711.8682	94.7454	717.0836	94.7685	721.8501	95.0231	
21/08/2017	10:27:13	011992	H421090973HLR	L421	S		696.0999	1.0292	10.0000	100.0009	39.7866	0.8430	0.8278	5.0000	18.5392	815.0285	94.9769	27.4590	23.7000	0.9300	0.9224	0.7465	-0.0008	815.0000	816.6896	1.0275	-4.9908	99.9606	39.1723	0.8230	0.8251	5.0000	-9999.0000	-9999.0000	-9999.0000	-9999.0000	-9999.0000	-9999.0000	20.5365	7	0	37.4750	1.0000	02	4	-9999.0000	34160	44345	-9999	1440	4130	-9999	590.1812	5	0.7242	0.7465	-0.0008	109.6696	0.2400	718.4617	476.7251	38.1019	679.4917	94.3981	712.2380	95.1852	717.7483	95.1389	723.7229	95.1157	
21/08/2017	10:27:53	011992	H421090968HLR	L421	S		700.7125	1.0292	10.0000	100.0910	39.7850	0.8430	0.8277	5.0000	18.7094	815.0663	94.9306	28.6591	23.8000	0.9300	0.9224	0.7476	-0.0009	815.0000	817.4210	1.0275	-4.9868	99.9129	39.4000	0.8230	0.8271	5.0000	-9999.0000	-9999.0000	-9999.0000	-9999.0000	-9999.0000	-9999.0000	20.8948	8	0	40.0093	1.0000	02	4	-9999.0000	34161	44346	-9999	1441	4131	-9999	589.3623	5	0.7241	0.7476	-0.0009	104.4948	0.4265	718.3697	479.6751	38.7963	677.7990	94.6528	711.3689	95.4398	717.8888	95.2546	723.6242	95.0694	
21/08/2017	10:28:30	011992	H421090978HLR	L421	S		700.3357	1.0292	10.0000	100.1018	39.8691	0.8430	0.8276	5.0000	18.7531	815.0786	95.0000	28.1289	24.9000	0.9300	0.9221	0.7476	-0.0009	815.0000	812.0299	1.0275	-4.0718	99.8128	39.8439	0.8230	0.8260	5.0000	-9999.0000	-9999.0000	-9999.0000	-9999.0000	-9999.0000	-9999.0000	20.4481	1	0	36.9477	1.0000	02	4	-9999.0000	34162	44347	-9999	1442	4132	-9999	589.6313	5	0.7241	0.7476	-0.0009	104.4948	0.4265	686.4192	446.5458	36.7824	671.0121	72.0370	677.6071	72.1991	681.5531	72.2917	701.0054	92.6389	
21/08/2017	10:29:48	011992	H421090912HLR	L421	S		702.8487	1.0292	10.0000	100.0019	39.8158	0.8430	0.8288	5.0000	19.2765	815.0954	95.0231	26.5488	24.7000	0.9300	0.9220	0.7460	-0.0009	815.0000	813.3649	1.0275	-4.4890	100.0437	39.5267	0.8230	0.8252	5.0000	-9999.0000	-9999.0000	-9999.0000	-9999.0000	-9999.0000	-9999.0000	24.3910	3	0	37.3291	1.0000	02	4	-9999.0000	34163	44348	-9999	1443	4133	-9999	589.7231	5	0.7218	0.7460	-0.0009	107.2409	0.3328	720.7708	452.6828	39.5139	689.8343	91.7824	713.6849	90.7407	720.1968	90.7870	726.4726	95.0463	
21/08/2017	10:30:27	011992	H421090883HLR	L421	S		698.9688	1.0292	10.0000	99.9585	39.7148	0.8430	0.8272	5.0000	20.4689	815.0598	94.9306	29.1796	24.6000	0.9300	0.9218	0.7474	-0.0009	815.0000	812.1839	1.0275	-4.1200	99.7929	39.5555	0.8230	0.8265	5.0000	-9999.0000	-9999.0000	-9999.0000	-9999.0000	-9999.0000	-9999.0000	20.1929	4	0	38.5909	1.0000	02	4	-9999.0000	34164	44349	-9999	1444	4134	-9999	587.5771	5	0.7232	0.7474	-0.0009	106.2776	0.3633	714.6525	472.5779	40.3009	685.7780	92.6157	707.7602	90.9259	714.0563	90.7870	720.7978	95.8102	
21/08/2017	10:31:04	011992	H421090902HLR	L421	Q		701.1084	1.0292	10.0000	99.9534	39.5000	0.8430	0.8280	5.0000	18.2785	815.0817	95.0000	26.0186	24.6000	0.9300	0.9218	0.7474	-0.0009	815.0000	814.1297	1.0275	-4.7280	99.9964	39.6257	0.8230	0.8256	5.0000	-9999.0000	-9999.0000	-9999.0000	-9999.0000	-9999.0000	-9999.0000	21.5717	5	0	36.9168	1.0000	02	4	-9999.0000	34165	44350	-9999	1445	4134	-9999	591.0046	5	0.7232	0.7474	-0.0009	106.2776	0.3633	720.1676	482.1501	37.6620	686.2778	93.9352	713.7393	91.8056	719.5128	91.6204	727.0177	95.9722	
21/08/2017	10:31:42	011992	H421090882HLR	L421	S		697.9190	1.0292	10.0000	100.0077	39.7868	0.8430	0.8281	5.0000	18.8989	815.0789	94.9769	29.6493	24.5000	0.9300	0.9219	0.7476	-0.0009	815.0000	814.2503	1.0275	-4.7657	99.9634	39.5607	0.8230	0.8261	5.0000	-9999.0000	-9999.0000	-9999.0000	-9999.0000	-9999.0000	-9999.0000	20.5413	6	0	38.0485	1.0000	02	4	-9999.0000	34166	44351	-9999	1446	4135	-9999	588.5651	5	0.7237	0.7476	-0.0009	106.4946	0.3555	714.8196	469.6091	36.0417	682.0935	94.6991	708.9714	92.3380	714.0234	92.4537	720.2200	95.3241	
21/08/2017	10:32:19	011992	H421090890HLR	L421	Q		703.0611	1.0292	10.0000	99.9294	39.5264	0.8430	0.8271	5.0000	20.9383	815.0650	94.9769	26.2784	24.6000	0.9300	0.9220	0.7442	-0.0007	815.0000	813.1989	1.0275	-4.4372	99.9275	39.7329	0.8230	0.8262	5.0000	-9999.0000	-9999.0000	-9999.0000	-9999.0000	-9999.0000	-9999.0000	20.2685	7	0	37.4579	1.0000	02	4	-9999.0000	34167	44352	-9999	1447	4136	-9999	590.8985	5	0.7236	0.7442	-0.0007	71.4715	1.4702	724.2229	462.4972	37.1991	688.4481	95.1157	717.1083	92.6157	723.7247	92.5463	730.1880	95.3241	
21/08/2017	10:32:57	011992	H421090886HLR	L421	S		699.5303	1.0292	10.0000	100.0788	39.8000	0.8430	0.8283	5.0000	18.7689	815.0614	94.9306	27.7090	24.6000	0.9300	0.9221	0.7495	-0.0009	815.0000	814.2043	1.0275	-4.7514	99.9449	39.5818	0.8230	0.8258	5.0000	-9999.0000	-9999.0000	-9999.0000	-9999.0000	-9999.0000	-9999.0000	20.2670	8	0	37.3580	1.0000	02	4	-9999.0000	34168	44352	-9999	1448	4137	-9999	590.0401	5	0.7240	0.7495	-0.0009	94.8638	0.6837	722.8747	461.6101	37.0833	689.3369	95.1852	716.0330	92.9167	722.2512	92.8704	728.7706	95.6250	
