Data	Timp	Nr. masina	Nr. de serie	Tip	Productie	Comentariu	Pre-masurare Q [ml/min]	Pre-masurare Gain	Pre-masurare Offset Master	Pre-masurare P [bar]	Pre-masurare T [°C]	Pre-masurare Densitate fixa [kg/l]	Pre-masurare densitate masurata [kg/l]	Pre-masurare Timp masurare [s]	Pre-masurare Cycle time [s]	rectificare Q Oprire [ml/min]	rectificare P Oprire [bar]	rectificare Timp rectificare [s]	rectificare T [°C]	rectificare Densitate fixa [kg/l]	rectificare densitate masurata [kg/l]	rectificare Factor de masurare la rectificare	rectificare Factor de corectie a debitului	rectificare Target rectificare	Masurare Q [ml/min]	Masurare Gain	Masurare Offset Master	Masurare P [bar]	Masurare T [°C]	Masurare Densitate fixa [kg/l]	Masurare densitate masurata [kg/l]	Masurare Timp masurare [s]	Masurare Q [ml/min]	Masurare Delta Q [ml/min]	Masurare P [bar]	Masurare BP [bar]	Masurare T [°C]	Masurare Timp masurare [s]	Masurare Cycle time [s]	Nest Nr.	Cod de descarcare	Cycle time [s]	Traceability aktiv	EDM Maschine Nr	EDM Spindle Nr	Honing Rate [r	Station Counter Premeasure	Station Counter Grind	Station Counter Blowout 1	Station Counter Wash	Station Counter Measure	Station Counter Blowout 2	RealGrindQStop	Reg Type	Factor 0	Factor 1	Factor 2	Factor 3	Factor 4	G_StartQV	G_StartQV_1	G_StartQV_2	G_StartQV_3	G_StartQV_4	G_StartQV_5	
19/08/2017	00:00:25	011992	G488069247HLR	L488	S		622.2930	1.0292	10.0000	100.1195	39.9453	0.8430	0.8275	5.0000	18.7298	713.0208	95.0231	25.1387	24.2000	0.9300	0.9233	0.6944	-0.0003	713.0000	715.2828	1.0275	-2.0000	99.9832	39.8677	0.8230	0.8251	5.0000	-9999.0000	-9999.0000	-9999.0000	-9999.0000	-9999.0000	-9999.0000	20.4284	1	0	31.5087	1.0000	12	2	-9999.0000	30633	41043	-9999	502	480	-9999	490.1782	5	0.6886	0.6944	-0.0003	44.7522	2.6446	657.4535	517.9146	38.0093	631.3238	93.4954	652.1212	93.8194	657.2370	94.0741	661.3187	94.8148	
19/08/2017	00:00:58	011992	G488068911HLR	L488	S		611.0826	1.0292	10.0000	100.0855	39.8966	0.8430	0.8272	5.0000	18.7296	713.0363	95.0231	20.6496	24.2000	0.9300	0.9234	0.6950	-0.0003	713.0000	713.3160	1.0275	-2.0000	100.0217	39.8685	0.8230	0.8249	5.0000	-9999.0000	-9999.0000	-9999.0000	-9999.0000	-9999.0000	-9999.0000	19.3494	2	0	33.1186	1.0000	12	2	-9999.0000	30634	41043	-9999	503	481	-9999	490.7298	5	0.6886	0.6950	-0.0003	67.0684	1.5091	660.0938	484.9659	37.6389	627.1471	93.9120	651.7491	94.0741	659.2418	94.2593	664.2394	94.9306	
19/08/2017	00:01:29	011992	G488068913HLR	L488	S		621.6177	1.0292	10.0000	100.0764	39.8491	0.8430	0.8273	5.0000	18.7699	713.0500	94.9769	22.0197	24.1000	0.9300	0.9233	0.6941	-0.0003	713.0000	714.5713	1.0275	-2.0000	99.9989	39.7812	0.8230	0.8248	5.0000	-9999.0000	-9999.0000	-9999.0000	-9999.0000	-9999.0000	-9999.0000	19.3389	3	0	31.5089	1.0000	12	2	-9999.0000	30634	41044	-9999	504	482	-9999	490.3524	5	0.6887	0.6941	-0.0003	68.7637	1.4210	661.3667	494.8369	35.6019	622.6091	93.3102	653.7132	95.6250	661.0677	95.6481	664.5130	95.2778	
19/08/2017	00:01:58	011992	G488068885HLR	L488	S		624.0063	1.0292	10.0000	100.0328	39.8583	0.8430	0.8269	5.0000	20.8611	713.0627	94.9537	18.1693	24.1000	0.9300	0.9233	0.6951	-0.0003	713.0000	713.2078	1.0275	-2.0000	99.9144	39.8816	0.8230	0.8251	5.0000	-9999.0000	-9999.0000	-9999.0000	-9999.0000	-9999.0000	-9999.0000	19.3752	4	0	28.4189	1.0000	12	2	-9999.0000	30635	41045	-9999	505	483	-9999	491.3345	5	0.6885	0.6951	-0.0003	76.5954	0.9891	665.9381	505.4327	35.9722	630.3672	93.2176	658.8706	94.0509	665.4835	94.3287	670.0234	95.0000	
19/08/2017	00:02:30	011992	G488068886HLR	L488	S		612.6666	1.0292	10.0000	100.0886	39.9022	0.8430	0.8273	5.0000	18.9289	713.0318	94.9769	20.4485	24.0000	0.9300	0.9233	0.6953	-0.0004	713.0000	713.9330	1.0275	-2.0000	100.0330	39.7872	0.8230	0.8247	5.0000	-9999.0000	-9999.0000	-9999.0000	-9999.0000	-9999.0000	-9999.0000	19.6582	5	0	32.4187	1.0000	12	2	-9999.0000	30636	41046	-9999	506	484	-9999	490.6932	5	0.6884	0.6953	-0.0004	76.1071	1.0164	663.9769	482.1959	37.5231	626.9121	93.0093	654.5396	95.7407	661.6309	95.9028	666.2813	95.3009	
19/08/2017	00:03:01	011992	G488069213HLR	L488	S		624.3985	1.0292	10.0000	100.0994	39.8411	0.8430	0.8271	5.0000	18.8291	713.0386	94.9769	22.1691	23.9000	0.9300	0.9234	0.6986	-0.0005	713.0000	715.6817	1.0275	-2.0000	99.9967	39.8218	0.8230	0.8251	5.0000	-9999.0000	-9999.0000	-9999.0000	-9999.0000	-9999.0000	-9999.0000	19.1883	6	0	30.6698	1.0000	12	2	-9999.0000	30637	41047	-9999	507	485	-9999	490.1966	5	0.6883	0.6986	-0.0005	73.0817	1.1485	657.6279	439.9713	37.4537	630.1886	92.8009	652.3823	93.1250	657.5084	93.4028	660.6183	94.7917	
19/08/2017	00:03:32	011992	G488068891HLR	L488	S		612.1717	1.0292	10.0000	100.0955	39.8749	0.8430	0.8274	5.0000	18.7785	713.0410	95.0231	20.6594	23.9000	0.9300	0.9234	0.7000	-0.0006	713.0000	715.5868	1.0275	-2.0000	99.9407	39.9086	0.8230	0.8249	5.0000	-9999.0000	-9999.0000	-9999.0000	-9999.0000	-9999.0000	-9999.0000	19.6792	7	0	31.0781	1.0000	12	2	-9999.0000	30638	41048	-9999	507	486	-9999	490.5706	5	0.6883	0.7000	-0.0006	66.9456	1.4490	660.0854	497.2142	37.6157	625.0995	92.6620	652.2230	95.2315	659.4762	95.3009	663.7015	95.2083	
19/08/2017	00:04:00	011992	G488068892HLR	L488	S		611.4172	1.0292	10.0000	100.0017	39.8900	0.8430	0.8273	5.0000	18.4895	713.0349	94.9306	17.6185	23.8000	0.9300	0.9233	0.7011	-0.0006	713.0000	716.1380	1.0275	-2.0000	100.0503	39.7421	0.8230	0.8246	5.0000	-9999.0000	-9999.0000	-9999.0000	-9999.0000	-9999.0000	-9999.0000	19.5209	8	0	28.4394	1.0000	12	2	-9999.0000	30639	41049	-9999	508	486	-9999	491.8083	5	0.6883	0.7011	-0.0006	41.8639	2.7751	661.2352	510.6157	38.0093	624.9876	92.7778	653.3656	93.6343	660.4113	93.9120	665.5399	94.8148	
19/08/2017	00:04:34	011992	G488068900HLR	L488	S		613.4052	1.0292	10.0000	100.1035	39.8148	0.8430	0.8272	5.0000	18.8183	713.0693	95.0231	21.6389	23.8000	0.9300	0.9234	0.7018	-0.0007	713.0000	717.1077	1.0275	-2.0000	100.0327	39.9060	0.8230	0.8253	5.0000	-9999.0000	-9999.0000	-9999.0000	-9999.0000	-9999.0000	-9999.0000	19.8485	1	0	33.6090	1.0000	12	2	-9999.0000	30640	41050	-9999	508	487	-9999	490.1197	5	0.6882	0.7018	-0.0007	65.6505	1.4971	653.3877	506.4676	38.1019	621.8407	92.7315	646.5122	93.9120	652.9797	94.2130	658.0173	94.8611	
19/08/2017	00:05:06	011992	G488068907HLR	L488	S		612.9849	1.0292	10.0000	100.0360	39.8621	0.8430	0.8272	5.0000	19.4480	713.0276	94.9537	19.8489	23.8000	0.9300	0.9235	0.7018	-0.0007	713.0000	717.3754	1.0275	-2.0000	99.9731	39.8629	0.8230	0.8248	5.0000	-9999.0000	-9999.0000	-9999.0000	-9999.0000	-9999.0000	-9999.0000	19.2911	2	0	31.6979	1.0000	12	2	-9999.0000	30641	41050	-9999	509	487	-9999	490.7696	5	0.6880	0.7018	-0.0007	64.8439	1.5487	659.0348	500.5709	38.8426	628.0312	93.7269	651.2454	93.9583	658.4987	94.1898	662.6194	94.8148	
19/08/2017	00:05:35	011992	G488068910HLR	L488	S		615.4255	1.0292	10.0000	99.9931	39.9337	0.8430	0.8273	5.0000	18.6087	713.0332	95.0694	20.3293	23.9000	0.9300	0.9235	0.7010	-0.0007	713.0000	714.5859	1.0275	-2.0000	99.9428	39.8068	0.8230	0.8250	5.0000	-9999.0000	-9999.0000	-9999.0000	-9999.0000	-9999.0000	-9999.0000	19.2299	3	0	29.2889	1.0000	12	2	-9999.0000	30642	41050	-9999	510	488	-9999	490.4442	5	0.6880	0.7010	-0.0007	69.0608	1.3554	655.4394	482.2754	36.8519	626.1772	93.4491	649.3061	93.7500	654.8335	93.8889	660.1662	94.9074	
19/08/2017	00:06:04	011992	G488068872HLR	L488	S		616.1351	1.0292	10.0000	100.1211	39.8092	0.8430	0.8271	5.0000	18.7396	713.0697	94.9537	17.5101	23.9000	0.9300	0.9236	0.7014	-0.0007	713.0000	716.0275	1.0275	-2.0000	99.8885	39.8687	0.8230	0.8250	5.0000	-9999.0000	-9999.0000	-9999.0000	-9999.0000	-9999.0000	-9999.0000	19.9640	4	0	29.3289	1.0000	12	2	-9999.0000	30643	41051	-9999	511	489	-9999	491.7784	5	0.6878	0.7014	-0.0007	67.3589	1.4531	662.7016	494.1768	36.1574	625.4046	94.0046	655.1287	94.2824	661.9607	94.5139	667.5528	95.0231	
19/08/2017	00:06:34	011992	G488068897HLR	L488	S		613.9185	1.0292	10.0000	100.1023	39.8721	0.8430	0.8274	5.0000	18.9290	713.0471	94.9306	22.7882	24.0000	0.9300	0.9236	0.7019	-0.0007	713.0000	716.0255	1.0275	-2.0000	100.0015	39.8204	0.8230	0.8248	5.0000	-9999.0000	-9999.0000	-9999.0000	-9999.0000	-9999.0000	-9999.0000	19.5318	5	0	29.4296	1.0000	12	2	-9999.0000	30644	41052	-9999	512	490	-9999	489.0626	5	0.6877	0.7019	-0.0007	69.4854	1.3525	659.6399	471.6299	35.9954	620.3070	93.1481	648.2161	95.8102	656.6306	95.9722	660.1887	95.3009	
19/08/2017	00:07:12	011992	G488068899HLR	L488	S		626.5230	1.0292	10.0000	100.1263	39.9297	0.8430	0.8273	5.0000	18.7601	713.0501	94.9769	20.9192	24.0000	0.9300	0.9236	0.7021	-0.0007	713.0000	714.8174	1.0275	-2.0000	100.0388	39.8523	0.8230	0.8251	5.0000	-9999.0000	-9999.0000	-9999.0000	-9999.0000	-9999.0000	-9999.0000	19.3831	6	0	38.5582	1.0000	12	2	-9999.0000	30645	41053	-9999	513	491	-9999	489.8395	5	0.6876	0.7021	-0.0007	68.8219	1.3885	656.2589	506.4897	36.5278	627.2606	92.7778	649.0859	93.0093	655.5527	93.1944	659.7316	95.0926	
19/08/2017	00:07:42	011992	G488068881HLR	L488	S		611.8021	1.0292	10.0000	100.1190	39.8443	0.8430	0.8272	5.0000	18.6592	713.0835	94.9306	18.5198	24.1000	0.9300	0.9236	0.7011	-0.0007	713.0000	713.4554	1.0275	-2.0000	99.9237	39.8980	0.8230	0.8250	5.0000	-9999.0000	-9999.0000	-9999.0000	-9999.0000	-9999.0000	-9999.0000	19.4173	7	0	29.8992	1.0000	12	2	-9999.0000	30646	41054	-9999	514	492	-9999	491.1078	5	0.6875	0.7011	-0.0007	72.0549	1.2362	658.5464	475.7072	38.2639	623.1917	92.2454	649.3834	94.7222	657.5200	94.9306	662.9582	95.0926	
19/08/2017	00:08:13	011992	G488068882HLR	L488	S		611.6257	1.0292	10.0000	100.1045	39.8355	0.8430	0.8273	5.0000	18.9689	713.0739	94.9306	18.4895	24.1000	0.9300	0.9236	0.7024	-0.0007	713.0000	714.6166	1.0275	-2.0000	100.0079	39.8321	0.8230	0.8249	5.0000	-9999.0000	-9999.0000	-9999.0000	-9999.0000	-9999.0000	-9999.0000	19.3397	8	0	30.9783	1.0000	12	2	-9999.0000	30647	41055	-9999	515	493	-9999	490.9957	5	0.6875	0.7024	-0.0007	71.3214	1.2784	657.9829	487.3504	35.9491	624.7719	92.7315	649.8076	93.6806	657.4307	93.9583	662.6497	94.8611	
19/08/2017	00:08:47	011992	G488068871HLR	L488	S		613.3901	1.0292	10.0000	100.0959	39.9323	0.8430	0.8273	5.0000	18.8489	713.0542	94.8843	18.6292	24.2000	0.9300	0.9236	0.7030	-0.0008	713.0000	714.2823	1.0275	-2.0000	99.9934	39.8493	0.8230	0.8253	5.0000	-9999.0000	-9999.0000	-9999.0000	-9999.0000	-9999.0000	-9999.0000	19.1395	1	0	34.0085	1.0000	12	2	-9999.0000	30648	41056	-9999	516	494	-9999	490.9661	5	0.6874	0.7030	-0.0008	73.8711	1.1375	657.9763	503.2606	36.0648	627.0638	93.0787	650.4963	93.2639	657.0237	93.4722	662.7776	95.0231	
19/08/2017	00:09:18	011992	G488068877HLR	L488	S		613.4995	1.0292	10.0000	100.0447	39.8711	0.8430	0.8272	5.0000	18.6044	713.0504	94.9769	27.6386	24.3000	0.9300	0.9236	0.7016	-0.0007	713.0000	728.4270	1.0275	-2.0000	99.9515	39.9461	0.8230	0.8252	5.0000	-9999.0000	-9999.0000	-9999.0000	-9999.0000	-9999.0000	-9999.0000	19.0682	2	2	30.4989	1.0000	12	2	-9999.0000	30649	41057	-9999	517	495	-9999	485.9875	5	0.6873	0.7016	-0.0007	84.5215	0.6347	597.0901	483.6420	35.5787	534.0925	93.0324	579.7196	96.5046	590.6967	96.3889	600.6128	94.7454	
19/08/2017	00:09:46	011992	G488068878HLR	L488	S		607.3054	1.0292	10.0000	100.0809	39.8148	0.8430	0.8271	5.0000	19.4094	713.0351	94.9537	19.1497	24.3000	0.9300	0.9236	0.7008	-0.0007	713.0000	713.5842	1.0275	-2.0000	99.9485	39.8088	0.8230	0.8249	5.0000	-9999.0000	-9999.0000	-9999.0000	-9999.0000	-9999.0000	-9999.0000	19.0395	3	0	28.6800	1.0000	12	2	-9999.0000	30650	41057	-9999	518	496	-9999	490.5727	5	0.6872	0.7008	-0.0007	90.1913	0.3760	657.0728	466.0213	35.1852	622.5149	91.4120	648.7680	93.7500	656.2641	93.8657	660.5789	94.6991	
19/08/2017	00:10:19	011992	G488068879HLR	L488	S		620.2708	1.0292	10.0000	100.1379	39.9603	0.8430	0.8274	5.0000	18.7794	713.0806	95.0000	20.1896	24.3000	0.9300	0.9235	0.7006	-0.0007	713.0000	711.8166	1.0275	-2.0000	100.0386	39.8623	0.8230	0.8253	5.0000	-9999.0000	-9999.0000	-9999.0000	-9999.0000	-9999.0000	-9999.0000	19.2658	4	0	32.3284	1.0000	12	2	-9999.0000	30650	41058	-9999	519	497	-9999	490.0621	5	0.6872	0.7006	-0.0007	91.7201	0.3129	654.9839	478.5020	37.7778	623.1955	91.5046	647.1805	93.6343	654.3877	93.8194	659.3801	94.7222	
19/08/2017	00:10:54	011992	G488068863HLR	L488	S		604.0742	1.0292	9.7294	100.0662	39.8024	0.8430	0.8270	5.0000	19.3488	713.0464	95.0463	23.2286	24.3000	0.9300	0.9234	0.7006	-0.0007	713.0000	712.9192	1.0275	-2.0000	100.1469	39.8263	0.8230	0.8242	5.0000	-9999.0000	-9999.0000	-9999.0000	-9999.0000	-9999.0000	-9999.0000	22.4813	5	0	35.1288	1.0000	12	2	-9999.0000	30651	41059	-9999	520	498	-9999	488.5481	5	0.6868	0.7006	-0.0007	80.7426	0.8755	647.6656	505.9518	37.1991	619.8464	92.1296	641.0458	93.2870	647.2700	93.5648	652.8642	94.6528	
19/08/2017	00:11:27	011992	G488068859HLR	L488	S		606.8364	1.0292	9.9685	100.1142	39.9000	0.8430	0.8275	5.0000	18.7092	713.0644	94.9537	19.7297	24.3000	0.9300	0.9234	0.7005	-0.0007	713.0000	715.0085	1.0275	-2.0000	100.1117	39.8238	0.8230	0.8249	5.0000	-9999.0000	-9999.0000	-9999.0000	-9999.0000	-9999.0000	-9999.0000	19.4415	6	0	33.1282	1.0000	12	2	-9999.0000	30652	41060	-9999	521	499	-9999	490.2834	5	0.6868	0.7005	-0.0007	84.2808	0.7338	655.1485	522.7667	37.6620	626.1965	92.9398	648.8554	93.0556	654.4968	93.1713	660.3063	95.0463	
19/08/2017	00:11:56	011992	G488068852HLR	L488	S		610.0138	1.0292	10.0000	100.1167	39.9549	0.8430	0.8272	5.0000	18.7887	713.0157	94.8843	17.8597	24.2000	0.9300	0.9234	0.6995	-0.0006	713.0000	713.5093	1.0275	-2.0000	99.9393	39.9293	0.8230	0.8251	5.0000	-9999.0000	-9999.0000	-9999.0000	-9999.0000	-9999.0000	-9999.0000	19.1692	7	0	29.0985	1.0000	12	2	-9999.0000	30653	41061	-9999	522	500	-9999	491.0351	5	0.6867	0.6995	-0.0006	89.6037	0.4704	658.1931	498.3201	36.7824	628.1729	92.8241	649.6735	92.9861	657.5792	93.1944	662.7683	95.2083	
19/08/2017	00:12:27	011992	G488068853HLR	L488	S		604.3904	1.0292	9.7567	100.1331	39.8000	0.8430	0.8272	5.0000	18.7688	713.0557	95.0000	21.4592	24.2000	0.9300	0.9234	0.6994	-0.0006	713.0000	713.5315	1.0275	-2.0000	99.9874	39.7727	0.8230	0.8249	5.0000	-9999.0000	-9999.0000	-9999.0000	-9999.0000	-9999.0000	-9999.0000	19.2988	8	0	30.6893	1.0000	12	2	-9999.0000	30654	41062	-9999	523	501	-9999	489.4155	5	0.6866	0.6994	-0.0006	87.6927	0.5991	656.8799	496.7608	37.5000	620.7218	92.5463	648.6710	95.6713	655.9676	95.7176	661.0651	95.1852	
19/08/2017	00:13:01	011992	G488068864HLR	L488	S		621.3207	1.0292	10.0000	100.1401	39.9102	0.8430	0.8275	5.0000	18.7699	713.0501	95.0000	24.3897	24.1000	0.9300	0.9233	0.6970	-0.0005	713.0000	712.9330	1.0275	-2.0000	99.8945	39.9064	0.8230	0.8254	5.0000	-9999.0000	-9999.0000	-9999.0000	-9999.0000	-9999.0000	-9999.0000	19.2899	1	0	33.6784	1.0000	12	2	-9999.0000	30655	41063	-9999	524	502	-9999	488.1845	5	0.6864	0.6970	-0.0005	97.5090	0.1503	650.1241	519.3776	37.3380	623.5074	93.2870	644.4320	93.2407	649.4756	93.4259	654.0104	95.0926	
19/08/2017	00:13:31	011992	G488068856HLR	L488	S		600.8092	1.0292	9.4467	99.9208	39.9449	0.8430	0.8272	5.0000	18.7687	713.0380	94.9769	22.2296	24.1000	0.9300	0.9234	0.6964	-0.0005	713.0000	715.9146	1.0275	-2.0000	99.9249	39.8826	0.8230	0.8250	5.0000	-9999.0000	-9999.0000	-9999.0000	-9999.0000	-9999.0000	-9999.0000	18.9491	2	0	30.0628	1.0000	12	2	-9999.0000	30656	41063	-9999	525	503	-9999	489.0872	5	0.6863	0.6964	-0.0005	107.7696	-0.3304	659.1890	464.2288	35.6481	620.6720	92.8009	650.8974	95.6481	658.6038	95.7407	662.6945	95.2083	
19/08/2017	00:14:03	011992	G488068861HLR	L488	S		622.1975	1.0292	10.0000	100.1100	39.8000	0.8430	0.8272	5.0000	18.6587	713.0153	94.9074	18.3489	24.1000	0.9300	0.9234	0.6974	-0.0005	713.0000	711.7292	1.0275	-2.0000	99.9903	39.7792	0.8230	0.8250	5.0000	-9999.0000	-9999.0000	-9999.0000	-9999.0000	-9999.0000	-9999.0000	19.3422	3	0	32.0354	1.0000	12	2	-9999.0000	30656	41064	-9999	526	504	-9999	490.3443	5	0.6862	0.6974	-0.0005	110.0481	-0.4446	664.7460	491.4288	38.4028	629.9701	92.5463	655.4813	95.4167	664.0008	95.6019	668.2372	95.1852	
19/08/2017	00:14:34	011992	G488068847HLR	L488	S		609.2858	1.0292	10.0000	100.0904	39.9206	0.8430	0.8275	5.0000	18.8459	713.0420	94.9769	19.8196	24.0000	0.9300	0.9234	0.6969	-0.0005	713.0000	715.5368	1.0275	-2.0000	99.9757	39.8992	0.8230	0.8252	5.0000	-9999.0000	-9999.0000	-9999.0000	-9999.0000	-9999.0000	-9999.0000	19.7077	4	0	30.9286	1.0000	12	2	-9999.0000	30657	41065	-9999	527	505	-9999	489.8259	5	0.6860	0.6969	-0.0005	111.3603	-0.5302	659.7056	487.9573	37.8472	626.9289	93.2639	653.9206	93.4954	659.1340	93.7731	662.8424	94.7917	
19/08/2017	00:15:01	011992	G488068849HLR	L488	S		610.4688	1.0292	10.0000	100.0918	39.8932	0.8430	0.8272	5.0000	18.7265	713.0275	94.9769	22.8790	24.0000	0.9300	0.9234	0.6965	-0.0005	713.0000	713.9170	1.0275	-2.0000	100.0772	39.8084	0.8230	0.8246	5.0000	-9999.0000	-9999.0000	-9999.0000	-9999.0000	-9999.0000	-9999.0000	19.8490	5	0	27.2284	1.0000	12	2	-9999.0000	30658	41066	-9999	528	506	-9999	488.6499	5	0.6858	0.6965	-0.0005	111.9967	-0.5281	654.2156	538.2479	36.4815	623.0997	93.2639	646.8831	94.5833	653.6402	94.8148	658.8693	95.1157	
19/08/2017	00:15:36	011992	G488068845HLR	L488	S		612.2051	1.0292	10.0000	100.0231	39.8181	0.8430	0.8273	5.0000	19.4094	713.0694	94.9306	19.2395	24.0000	0.9300	0.9234	0.6971	-0.0005	713.0000	713.8025	1.0275	-2.0000	99.9722	39.8222	0.8230	0.8251	5.0000	-9999.0000	-9999.0000	-9999.0000	-9999.0000	-9999.0000	-9999.0000	19.1796	6	0	35.2595	1.0000	12	2	-9999.0000	30659	41067	-9999	529	507	-9999	489.9161	5	0.6860	0.6971	-0.0005	110.9476	-0.5150	659.9711	492.8932	36.8750	631.3476	93.5880	652.8634	93.6111	659.6865	93.5648	664.3916	95.3009	
19/08/2017	00:16:07	011992	G488068844HLR	L488	S		611.7654	1.0292	10.0000	100.0853	39.9000	0.8430	0.8274	5.0000	18.8694	713.0557	95.0231	21.3195	23.9000	0.9300	0.9234	0.6967	-0.0005	713.0000	714.5057	1.0275	-2.0000	100.0192	39.9094	0.8230	0.8253	5.0000	-9999.0000	-9999.0000	-9999.0000	-9999.0000	-9999.0000	-9999.0000	18.9593	7	0	30.6791	1.0000	12	2	-9999.0000	30660	41068	-9999	530	508	-9999	489.2034	5	0.6859	0.6967	-0.0005	107.9445	-0.3603	655.7182	510.3435	37.2454	623.9116	93.8657	648.6615	94.0509	655.2711	94.2130	660.1909	94.8843	
19/08/2017	00:16:38	011992	G488068824HLR	L488	S		619.2514	1.0292	10.0000	99.9879	39.8545	0.8430	0.8271	5.0000	18.9894	713.0673	94.9306	20.0998	23.9000	0.9300	0.9234	0.6975	-0.0005	713.0000	712.0157	1.0275	-2.0000	99.9128	39.8156	0.8230	0.8248	5.0000	-9999.0000	-9999.0000	-9999.0000	-9999.0000	-9999.0000	-9999.0000	19.4063	8	0	31.4183	1.0000	12	2	-9999.0000	30661	41069	-9999	530	509	-9999	489.6130	5	0.6858	0.6975	-0.0005	100.1041	0.0590	656.4441	520.6732	38.2870	623.1786	93.9352	650.6284	94.2593	656.1589	94.3750	661.6738	94.9769	
19/08/2017	00:17:07	011992	G488068826HLR	L488	S		615.6676	1.0292	10.0000	100.1005	39.8523	0.8430	0.8274	5.0000	18.7684	713.0407	94.9537	16.5189	23.9000	0.9300	0.9234	0.6975	-0.0005	713.0000	712.4241	1.0275	-2.0000	99.9956	39.8084	0.8230	0.8251	5.0000	-9999.0000	-9999.0000	-9999.0000	-9999.0000	-9999.0000	-9999.0000	19.5781	1	0	29.2088	1.0000	12	2	-9999.0000	30662	41070	-9999	531	510	-9999	490.9409	5	0.6858	0.6975	-0.0005	100.1041	0.0590	665.4404	507.2676	37.3611	633.7944	94.0972	657.4296	94.6528	664.7150	94.9306	669.6604	95.1389	
19/08/2017	00:17:37	011992	G488068825HLR	L488	S		613.3548	1.0292	10.0000	100.0896	39.9062	0.8430	0.8273	5.0000	18.8097	713.0402	94.9769	24.3995	23.8000	0.9300	0.9235	0.6991	-0.0006	713.0000	715.6058	1.0275	-2.0000	100.0593	39.9415	0.8230	0.8253	5.0000	-9999.0000	-9999.0000	-9999.0000	-9999.0000	-9999.0000	-9999.0000	19.3194	2	0	29.7792	1.0000	12	2	-9999.0000	30663	41071	-9999	532	511	-9999	487.8118	5	0.6858	0.6991	-0.0006	88.5514	0.6522	653.1405	507.2146	36.9213	621.9310	94.0278	646.3468	94.3750	652.6234	94.6296	657.1355	95.0000	
19/08/2017	00:18:06	011992	G488068843HLR	L488	S		622.5194	1.0292	10.0000	100.0896	39.8479	0.8430	0.8270	5.0000	19.1546	713.0546	94.9537	19.9494	23.9000	0.9300	0.9236	0.6993	-0.0006	713.0000	712.3357	1.0275	-2.0000	100.2185	39.7629	0.8230	0.8248	5.0000	-9999.0000	-9999.0000	-9999.0000	-9999.0000	-9999.0000	-9999.0000	19.2606	3	0	28.4785	1.0000	12	2	-9999.0000	30664	41072	-9999	533	512	-9999	489.4883	5	0.6858	0.6993	-0.0006	88.5757	0.6201	659.4189	509.6204	37.0370	625.5148	94.1898	651.2643	95.3241	658.9375	95.5556	663.5215	95.3009	
19/08/2017	00:18:36	011992	G488068839HLR	L488	Q		612.1367	1.0292	10.0000	100.1179	39.8956	0.8430	0.8274	5.0000	18.7893	713.1357	94.9537	20.5891	23.9000	0.9300	0.9236	0.7002	-0.0007	713.0000	713.5782	1.0275	-2.0000	100.0162	39.8691	0.8230	0.8253	5.0000	-9999.0000	-9999.0000	-9999.0000	-9999.0000	-9999.0000	-9999.0000	19.6362	4	0	30.4891	1.0000	12	2	-9999.0000	30664	41073	-9999	534	513	-9999	489.2737	5	0.6859	0.7002	-0.0007	82.3259	0.9606	657.7816	509.9357	37.8704	624.3431	93.8889	648.7571	94.7685	657.0837	94.9306	661.1461	95.2083	
19/08/2017	00:19:06	011992	G488068838HLR	L488	Q		615.9646	1.0292	10.0000	100.0667	39.8481	0.8430	0.8272	5.0000	18.7194	713.0373	94.9306	18.3587	24.0000	0.9300	0.9236	0.7007	-0.0007	713.0000	714.5389	1.0275	-2.0000	100.0392	39.8940	0.8230	0.8248	5.0000	-9999.0000	-9999.0000	-9999.0000	-9999.0000	-9999.0000	-9999.0000	20.1309	5	0	30.1277	1.0000	12	2	-9999.0000	30665	41074	-9999	535	514	-9999	490.2341	5	0.6856	0.7007	-0.0007	87.4419	0.7308	667.7272	494.2837	36.6204	631.3247	93.5185	655.1719	95.9491	664.0943	96.1806	668.7907	95.4167	
19/08/2017	00:19:36	011992	G488068840HLR	L488	S		623.0560	1.0292	10.0000	99.9676	39.8305	0.8430	0.8269	5.0000	20.6594	713.0402	94.9537	18.8792	24.0000	0.9300	0.9236	0.7008	-0.0007	713.0000	712.3566	1.0275	-2.0000	100.0400	39.7746	0.8230	0.8249	5.0000	-9999.0000	-9999.0000	-9999.0000	-9999.0000	-9999.0000	-9999.0000	19.1179	6	0	29.9601	1.0000	12	2	-9999.0000	30666	41075	-9999	536	515	-9999	489.9338	5	0.6856	0.7008	-0.0007	88.2078	0.6570	661.3101	506.7597	37.0370	625.2220	91.2731	652.6118	95.0231	660.6622	95.0694	664.2680	95.1389	
19/08/2017	00:20:10	011992	G488068828HLR	L488	S		614.7991	1.0292	10.0000	100.0907	39.8998	0.8430	0.8273	5.0000	18.7385	713.0318	94.9537	17.7493	24.1000	0.9300	0.9236	0.7009	-0.0007	713.0000	712.7885	1.0275	-2.0000	100.0088	39.9214	0.8230	0.8253	5.0000	-9999.0000	-9999.0000	-9999.0000	-9999.0000	-9999.0000	-9999.0000	19.4121	7	0	33.6792	1.0000	12	2	-9999.0000	30667	41076	-9999	537	516	-9999	490.4881	5	0.6856	0.7009	-0.0007	85.1264	0.8335	658.8984	511.0516	37.0833	627.7127	92.2454	651.0709	92.5231	658.3960	92.7778	663.5878	95.5787	
19/08/2017	00:20:40	011992	G488068831HLR	L488	S		621.6421	1.0292	10.0000	100.0882	39.8778	0.8430	0.8272	5.0000	18.9290	713.0578	94.9537	19.7190	24.1000	0.9300	0.9237	0.7004	-0.0007	713.0000	712.3092	1.0275	-2.0000	99.9776	39.8806	0.8230	0.8249	5.0000	-9999.0000	-9999.0000	-9999.0000	-9999.0000	-9999.0000	-9999.0000	19.2088	8	0	30.1303	1.0000	12	2	-9999.0000	30668	41077	-9999	538	517	-9999	489.4939	5	0.6856	0.7004	-0.0007	84.5781	0.8519	658.9788	519.6212	37.6852	625.0720	92.2222	651.0295	95.1852	658.1542	95.3009	662.7418	95.2315	
19/08/2017	00:21:10	011992	G488068829HLR	L488	S		610.6803	1.0292	10.0000	100.1344	39.8335	0.8430	0.8272	5.0000	18.7864	713.0872	94.9306	19.3294	24.2000	0.9300	0.9236	0.7012	-0.0008	713.0000	712.2999	1.0275	-2.0000	99.9545	39.8190	0.8230	0.8251	5.0000	-9999.0000	-9999.0000	-9999.0000	-9999.0000	-9999.0000	-9999.0000	19.4689	1	0	30.2072	1.0000	12	2	-9999.0000	30669	41078	-9999	539	518	-9999	489.7238	5	0.6857	0.7012	-0.0008	80.2882	1.0230	655.7471	510.2370	37.0139	624.6541	93.0324	648.2910	93.4028	654.9455	93.6343	660.0641	94.6528	
19/08/2017	00:21:39	011992	G488068726HLR	L488	S		613.7609	1.0292	10.0000	100.1393	39.9238	0.8430	0.8274	5.0000	18.7299	713.0456	94.9074	19.1086	24.3000	0.9300	0.9236	0.7010	-0.0007	713.0000	712.5861	1.0275	-2.0000	99.9675	39.9437	0.8230	0.8254	5.0000	-9999.0000	-9999.0000	-9999.0000	-9999.0000	-9999.0000	-9999.0000	19.0388	2	0	28.8954	1.0000	12	2	-9999.0000	30670	41079	-9999	540	519	-9999	489.8466	5	0.6858	0.7010	-0.0007	80.3629	1.0153	658.2418	518.9663	39.6065	629.1266	93.2639	650.1985	93.5648	657.6021	93.7963	661.0575	95.0463	
19/08/2017	00:22:09	011992	G488068727HLR	L488	S		611.9482	1.0292	10.0000	100.1418	39.8996	0.8430	0.8272	5.0000	18.7686	713.0467	94.9074	22.8585	24.3000	0.9300	0.9236	0.7012	-0.0007	713.0000	713.4896	1.0275	-2.0000	99.9472	39.8491	0.8230	0.8249	5.0000	-9999.0000	-9999.0000	-9999.0000	-9999.0000	-9999.0000	-9999.0000	19.1708	3	0	29.4722	1.0000	12	2	-9999.0000	30671	41080	-9999	541	520	-9999	487.9195	5	0.6859	0.7012	-0.0007	79.7993	1.0078	655.1503	518.6570	36.6667	624.4726	92.7778	648.0117	95.3704	654.5429	95.6019	659.6472	95.2546	
19/08/2017	00:22:37	011992	G488068821HLR	L488	S		620.3558	1.0292	10.0000	100.0860	39.8337	0.8430	0.8271	5.0000	19.2881	713.0894	94.9537	19.2688	24.4000	0.9300	0.9236	0.7013	-0.0007	713.0000	710.4718	1.0275	-2.0000	99.9777	39.8346	0.8230	0.8252	5.0000	-9999.0000	-9999.0000	-9999.0000	-9999.0000	-9999.0000	-9999.0000	19.1482	4	0	28.0088	1.0000	12	2	-9999.0000	30672	41081	-9999	542	521	-9999	489.9311	5	0.6860	0.7013	-0.0007	80.0340	1.0063	657.9276	508.6618	38.4028	621.4307	93.4722	650.4966	94.1898	657.3307	94.2824	661.6768	94.8611	
19/08/2017	00:23:04	011992	G488068820HLR	L488	S		608.2978	1.0292	10.0000	100.1113	39.9433	0.8430	0.8274	5.0000	18.9494	713.0677	94.9306	19.4299	24.5000	0.9300	0.9236	0.7022	-0.0008	713.0000	711.3197	1.0275	-2.0000	100.0006	39.9637	0.8230	0.8253	5.0000	-9999.0000	-9999.0000	-9999.0000	-9999.0000	-9999.0000	-9999.0000	19.3774	5	0	27.0291	1.0000	12	2	-9999.0000	30673	41082	-9999	543	522	-9999	489.8925	5	0.6860	0.7022	-0.0008	79.0464	1.0470	656.9417	500.9357	37.2222	620.8820	92.8472	647.9508	95.1389	656.2424	95.1852	661.2635	95.1389	
19/08/2017	00:23:32	011992	G488068819HLR	L488	S		611.7631	1.0292	10.0000	100.0892	39.8984	0.8430	0.8272	5.0000	18.6331	713.0535	94.9537	17.9993	24.5000	0.9300	0.9235	0.7018	-0.0008	713.0000	711.4630	1.0275	-2.0000	99.9417	39.8275	0.8230	0.8248	5.0000	-9999.0000	-9999.0000	-9999.0000	-9999.0000	-9999.0000	-9999.0000	19.1891	6	0	28.2413	1.0000	12	2	-9999.0000	30674	41083	-9999	544	522	-9999	490.6714	5	0.6860	0.7018	-0.0008	79.3556	1.0302	659.7578	507.1927	35.7176	625.0577	93.0324	651.3863	94.7454	658.8066	94.9306	664.3637	95.0463	
19/08/2017	00:24:03	011992	G488069236HLR	L488	S		613.2876	1.0292	10.0000	100.1174	39.8597	0.8430	0.8273	5.0000	18.7991	713.0471	94.9306	18.7395	24.5000	0.9300	0.9235	0.7019	-0.0008	713.0000	711.5868	1.0275	-2.0000	99.9757	39.8537	0.8230	0.8252	5.0000	-9999.0000	-9999.0000	-9999.0000	-9999.0000	-9999.0000	-9999.0000	19.2390	7	0	31.1265	1.0000	12	3	-9999.0000	30675	41084	-9999	545	523	-9999	490.2432	5	0.6862	0.7019	-0.0008	76.6384	1.1738	658.2531	516.4936	37.7546	627.5410	93.8194	651.1188	94.2593	657.5426	94.5833	662.9744	95.0463	
19/08/2017	00:24:33	011992	G488069233HLR	L488	S		623.1243	1.0292	10.0000	100.1278	39.9257	0.8430	0.8273	5.0000	18.8791	713.0669	95.0000	17.0999	24.5000	0.9300	0.9234	0.7019	-0.0008	713.0000	710.1770	1.0275	-2.0000	99.9548	39.9780	0.8230	0.8252	5.0000	-9999.0000	-9999.0000	-9999.0000	-9999.0000	-9999.0000	-9999.0000	19.1980	8	0	29.5987	1.0000	12	3	-9999.0000	30676	41085	-9999	545	524	-9999	491.2330	5	0.6862	0.7019	-0.0008	75.9406	1.2109	661.6186	540.6295	39.8611	633.5385	93.9120	653.6450	94.1204	661.0513	94.3981	665.8332	94.9769	
19/08/2017	00:25:02	011992	G488069235HLR	L488	S		615.4619	1.0292	10.0000	100.1173	39.9307	0.8430	0.8272	5.0000	18.7929	713.1039	94.9769	16.2894	24.5000	0.9300	0.9234	0.7019	-0.0008	713.0000	713.3314	1.0275	-2.0000	99.9275	39.8094	0.8230	0.8246	5.0000	-9999.0000	-9999.0000	-9999.0000	-9999.0000	-9999.0000	-9999.0000	19.7289	1	0	29.7585	1.0000	12	3	-9999.0000	30677	41085	-9999	546	525	-9999	491.7356	5	0.6862	0.7019	-0.0008	75.9406	1.2109	666.6979	530.2834	38.9352	634.6229	94.2593	659.2515	94.8148	666.0566	95.1157	672.0794	95.2315	
19/08/2017	00:25:33	011992	G488069240HLR	L488	S		616.3463	1.0292	10.0000	100.1488	39.8589	0.8430	0.8272	5.0000	18.6896	713.0432	94.9074	17.3988	24.5000	0.9300	0.9234	0.7034	-0.0008	713.0000	715.0599	1.0275	-2.0000	99.9894	39.8651	0.8230	0.8253	5.0000	-9999.0000	-9999.0000	-9999.0000	-9999.0000	-9999.0000	-9999.0000	19.2817	2	0	30.5487	1.0000	12	3	-9999.0000	30678	41086	-9999	547	526	-9999	491.1896	5	0.6863	0.7034	-0.0008	74.4815	1.2715	665.8373	516.7084	36.9907	629.7717	92.9630	657.5960	95.3935	665.0773	95.6481	670.4727	95.2546	
19/08/2017	00:26:03	011992	G488069241HLR	L488	S		620.8135	1.0292	10.0000	100.1266	39.9050	0.8430	0.8273	5.0000	18.9095	713.0675	95.0000	20.3996	24.5000	0.9300	0.9234	0.7045	-0.0009	713.0000	711.3602	1.0275	-2.0000	99.9869	39.9545	0.8230	0.8251	5.0000	-9999.0000	-9999.0000	-9999.0000	-9999.0000	-9999.0000	-9999.0000	19.2715	3	0	29.7791	1.0000	12	3	-9999.0000	30679	41087	-9999	548	527	-9999	489.5613	5	0.6869	0.7045	-0.0009	75.2685	1.2048	655.4932	507.1285	36.2963	623.6253	93.5185	648.1589	93.7963	654.8552	94.0741	660.7327	94.9074	
19/08/2017	00:26:34	011992	G488069250HLR	L488	S		609.8751	1.0292	10.0000	100.1314	39.9409	0.8430	0.8272	5.0000	18.9952	713.0372	94.9537	18.7893	24.5000	0.9300	0.9233	0.7040	-0.0009	713.0000	712.5000	1.0275	-2.0000	100.0151	39.7663	0.8230	0.8245	5.0000	-9999.0000	-9999.0000	-9999.0000	-9999.0000	-9999.0000	-9999.0000	20.0703	4	0	30.8884	1.0000	12	3	-9999.0000	30680	41088	-9999	549	528	-9999	490.5519	5	0.6869	0.7040	-0.0009	76.0871	1.1578	658.3777	517.9022	39.0509	624.5713	92.9630	649.7653	95.7870	657.8135	95.9028	662.6444	95.2546	
19/08/2017	00:27:03	011992	G488068916HLR	L488	S		620.9676	1.0292	10.0000	100.0725	39.8780	0.8430	0.8272	5.0000	18.6487	713.0479	94.9537	19.0100	24.5000	0.9300	0.9233	0.7032	-0.0008	713.0000	711.5106	1.0275	-2.0000	99.9570	39.9008	0.8230	0.8253	5.0000	-9999.0000	-9999.0000	-9999.0000	-9999.0000	-9999.0000	-9999.0000	19.3010	5	0	29.8593	1.0000	12	3	-9999.0000	30681	41089	-9999	550	529	-9999	490.3810	5	0.6869	0.7032	-0.0008	76.0678	1.1891	656.2263	532.0694	37.3380	626.2385	93.2407	649.3304	93.7731	655.8568	94.0278	659.5071	94.9074	
19/08/2017	00:27:31	011992	G488069249HLR	L488	S		613.8114	1.0292	10.0000	100.1343	39.8796	0.8430	0.8274	5.0000	18.6594	713.0985	94.9537	19.7590	24.4000	0.9300	0.9234	0.7039	-0.0009	713.0000	714.6620	1.0275	-2.0000	99.9894	39.8808	0.8230	0.8247	5.0000	-9999.0000	-9999.0000	-9999.0000	-9999.0000	-9999.0000	-9999.0000	19.8944	6	0	27.3389	1.0000	12	3	-9999.0000	30682	41090	-9999	551	530	-9999	489.8992	5	0.6870	0.7039	-0.0009	82.8514	0.8115	659.4123	513.9316	36.1574	625.8203	93.2870	651.7261	94.7917	658.7459	95.0463	664.4812	95.2315	
19/08/2017	00:28:01	011992	G488069234HLR	L488	S		621.7184	1.0292	10.0000	100.1254	39.9351	0.8430	0.8273	5.0000	18.8858	713.0403	94.9537	19.0393	24.4000	0.9300	0.9234	0.7040	-0.0009	713.0000	710.8863	1.0275	-2.0000	100.0012	39.7741	0.8230	0.8249	5.0000	-9999.0000	-9999.0000	-9999.0000	-9999.0000	-9999.0000	-9999.0000	19.3686	7	0	30.4393	1.0000	12	3	-9999.0000	30683	41091	-9999	552	531	-9999	490.2756	5	0.6871	0.7040	-0.0009	84.0777	0.7408	657.5868	508.9645	37.5694	624.7282	93.3333	650.0930	95.4398	656.6175	95.5556	662.6352	95.2546	
19/08/2017	00:28:32	011992	G488068906HLR	L488	S		621.1327	1.0292	10.0000	100.1033	39.9026	0.8430	0.8272	5.0000	18.8294	713.0499	94.9769	20.0090	24.4000	0.9300	0.9233	0.7045	-0.0009	713.0000	710.4051	1.0275	-2.0000	99.9768	39.9495	0.8230	0.8254	5.0000	-9999.0000	-9999.0000	-9999.0000	-9999.0000	-9999.0000	-9999.0000	19.2642	8	0	30.3485	1.0000	12	3	-9999.0000	30684	41092	-9999	553	532	-9999	489.7508	5	0.6871	0.7045	-0.0009	81.0125	0.8679	654.1588	524.5455	39.1204	621.0272	93.2639	645.7256	94.1898	653.6441	94.4213	658.1826	94.9769	
19/08/2017	00:29:02	011992	G488068914HLR	L488	S		624.1257	1.0292	10.0000	100.1771	39.8635	0.8430	0.8273	5.0000	18.7187	713.0868	94.9074	19.0794	24.4000	0.9300	0.9233	0.7046	-0.0009	713.0000	712.2396	1.0275	-2.0000	99.9501	39.8816	0.8230	0.8248	5.0000	-9999.0000	-9999.0000	-9999.0000	-9999.0000	-9999.0000	-9999.0000	19.2563	1	0	30.2489	1.0000	12	3	-9999.0000	30685	41093	-9999	554	533	-9999	490.4153	5	0.6871	0.7046	-0.0009	84.7952	0.6739	658.1958	514.3202	37.9630	628.3675	93.3333	649.8018	94.1204	657.6079	94.3981	663.0449	94.9306	
19/08/2017	00:29:34	011992	G488068875HLR	L488	S		613.1259	1.0292	10.0000	100.0527	39.9050	0.8430	0.8271	5.0000	19.8883	713.0873	95.0000	16.4896	24.4000	0.9300	0.9233	0.7046	-0.0009	713.0000	713.4776	1.0275	-2.0000	100.0222	39.7531	0.8230	0.8248	5.0000	-9999.0000	-9999.0000	-9999.0000	-9999.0000	-9999.0000	-9999.0000	19.9415	2	0	32.0197	1.0000	12	3	-9999.0000	30686	41094	-9999	555	534	-9999	492.0220	5	0.6871	0.7046	-0.0009	84.7952	0.6739	661.4261	471.9861	36.6667	628.0670	93.8194	654.3439	94.0509	660.4493	94.3519	667.5968	95.0231	
19/08/2017	00:30:03	011992	G488068876HLR	L488	S		625.9740	1.0292	10.0000	100.1334	39.8800	0.8430	0.8272	5.0000	18.8293	713.1003	94.9769	19.6995	24.4000	0.9300	0.9233	0.7057	-0.0009	713.0000	713.7003	1.0275	-2.0000	100.0202	39.9707	0.8230	0.8254	5.0000	-9999.0000	-9999.0000	-9999.0000	-9999.0000	-9999.0000	-9999.0000	19.4431	3	0	29.0580	1.0000	12	3	-9999.0000	30687	41095	-9999	556	535	-9999	490.0087	5	0.6874	0.7057	-0.0009	80.2142	0.8871	657.6544	483.2421	37.7315	623.8214	93.4722	650.0360	94.3287	656.9349	94.6528	661.7176	95.0463	
19/08/2017	00:30:34	011992	G488068905HLR	L488	S		624.0966	1.0292	10.0000	100.1190	39.8665	0.8430	0.8272	5.0000	18.7437	713.0229	94.9306	19.4495	24.3000	0.9300	0.9234	0.7056	-0.0009	713.0000	712.6976	1.0275	-2.0000	100.0086	39.7940	0.8230	0.8245	5.0000	-9999.0000	-9999.0000	-9999.0000	-9999.0000	-9999.0000	-9999.0000	19.6287	4	0	30.7294	1.0000	12	3	-9999.0000	30688	41096	-9999	557	536	-9999	490.1684	5	0.6874	0.7056	-0.0009	81.0210	0.8429	659.0651	524.1500	36.8287	626.0227	94.4676	651.6040	95.4398	658.2788	95.6944	663.5136	95.3241	
19/08/2017	00:31:02	011992	G488068895HLR	L488	S		624.0958	1.0292	10.0000	100.1015	39.9108	0.8430	0.8272	5.0000	19.1143	713.0802	94.9537	19.5491	24.3000	0.9300	0.9233	0.7051	-0.0009	713.0000	712.7778	1.0275	-2.0000	100.0072	39.7830	0.8230	0.8252	5.0000	-9999.0000	-9999.0000	-9999.0000	-9999.0000	-9999.0000	-9999.0000	19.4192	5	0	27.9785	1.0000	12	3	-9999.0000	30689	41097	-9999	558	537	-9999	490.1837	5	0.6876	0.7051	-0.0009	84.7722	0.6481	655.6704	517.3611	37.6620	624.9409	93.7731	649.5010	94.6065	654.8879	94.7222	659.9827	95.0463	
19/08/2017	00:31:31	011992	G488068912HLR	L488	S		617.6904	1.0292	10.0000	100.1204	39.8772	0.8430	0.8273	5.0000	18.7093	713.0444	95.0231	21.1594	24.3000	0.9300	0.9234	0.7052	-0.0009	713.0000	714.4076	1.0275	-2.0000	99.9737	40.0070	0.8230	0.8252	5.0000	-9999.0000	-9999.0000	-9999.0000	-9999.0000	-9999.0000	-9999.0000	19.8979	6	0	29.0390	1.0000	12	3	-9999.0000	30690	41098	-9999	559	538	-9999	489.1235	5	0.6877	0.7052	-0.0009	88.5656	0.4049	655.6330	485.3133	38.4722	624.1382	93.2870	647.4398	95.4630	655.1817	95.8333	659.7335	95.3472	
19/08/2017	00:32:03	011992	G488068909HLR	L488	S		625.0212	1.0292	10.0000	100.1332	39.8629	0.8430	0.8273	5.0000	18.7560	713.0617	94.9537	18.3099	24.4000	0.9300	0.9234	0.7053	-0.0009	713.0000	711.9961	1.0275	-2.0000	99.9997	39.7599	0.8230	0.8245	5.0000	-9999.0000	-9999.0000	-9999.0000	-9999.0000	-9999.0000	-9999.0000	19.3194	7	0	32.0788	1.0000	12	3	-9999.0000	30691	41099	-9999	560	539	-9999	490.9915	5	0.6877	0.7053	-0.0009	88.2947	0.3848	658.2813	504.1969	40.9259	626.8736	94.3519	651.0904	94.6296	657.4904	94.9306	663.3318	95.2315	
19/08/2017	00:32:34	011992	G488068901HLR	L488	S		615.7346	1.0292	10.0000	99.9456	39.8739	0.8430	0.8269	5.0000	20.2588	713.0373	94.9769	19.8889	24.4000	0.9300	0.9234	0.7046	-0.0009	713.0000	714.8079	1.0275	-2.0000	100.0226	39.8347	0.8230	0.8251	5.0000	-9999.0000	-9999.0000	-9999.0000	-9999.0000	-9999.0000	-9999.0000	19.8744	8	0	31.5887	1.0000	12	3	-9999.0000	30692	41100	-9999	561	540	-9999	489.9605	5	0.6878	0.7046	-0.0009	91.8385	0.1713	658.1295	523.5839	39.6065	630.8574	93.3565	650.3353	94.3287	657.4281	94.7222	662.3584	94.9074	
19/08/2017	00:33:02	011992	G488068902HLR	L488	S		625.8416	1.0292	10.0000	100.0417	39.8455	0.8430	0.8270	5.0000	19.6089	713.0382	94.9769	17.2591	24.5000	0.9300	0.9235	0.7046	-0.0009	713.0000	711.8909	1.0275	-2.0000	100.0039	39.9255	0.8230	0.8247	5.0000	-9999.0000	-9999.0000	-9999.0000	-9999.0000	-9999.0000	-9999.0000	20.3809	1	0	27.8093	1.0000	12	3	-9999.0000	30693	41101	-9999	562	541	-9999	491.6722	5	0.6878	0.7046	-0.0009	91.8385	0.1713	666.9799	479.9225	36.9213	625.4820	92.9630	655.2385	96.1574	663.6554	96.0417	668.4486	95.1620	
19/08/2017	00:33:31	011992	G488068893HLR	L488	S		628.8077	1.0292	10.0000	100.1292	39.9076	0.8430	0.8273	5.0000	18.9495	713.1081	94.9074	18.2298	24.6000	0.9300	0.9234	0.7068	-0.0010	713.0000	711.7354	1.0275	-2.0000	99.9667	39.7527	0.8230	0.8248	5.0000	-9999.0000	-9999.0000	-9999.0000	-9999.0000	-9999.0000	-9999.0000	19.0501	2	0	28.5188	1.0000	12	3	-9999.0000	30694	41102	-9999	563	542	-9999	491.1393	5	0.6877	0.7068	-0.0010	86.5138	0.4364	658.9993	505.3855	37.3380	627.8848	91.5741	651.1694	93.5185	658.3664	93.8194	663.4540	94.7917	
19/08/2017	00:33:59	011992	G488068873HLR	L488	S		625.4376	1.0292	10.0000	100.1184	39.8790	0.8430	0.8272	5.0000	18.7599	713.0462	95.0231	21.2687	24.6000	0.9300	0.9234	0.7051	-0.0009	713.0000	711.2293	1.0275	-2.0000	100.0992	39.9470	0.8230	0.8257	5.0000	-9999.0000	-9999.0000	-9999.0000	-9999.0000	-9999.0000	-9999.0000	19.1094	3	0	28.1989	1.0000	12	3	-9999.0000	30695	41103	-9999	564	543	-9999	489.0630	5	0.6879	0.7051	-0.0009	95.6086	-0.0415	652.4763	510.2722	38.4954	625.9267	92.5231	647.0359	92.8704	651.6891	93.1250	656.9320	95.0000	
19/08/2017	00:34:24	011992	G488068890HLR	L488	S		623.2565	1.0292	10.0000	100.1170	39.8567	0.8430	0.8272	5.0000	18.8728	713.0246	94.9769	20.6789	24.7000	0.9300	0.9235	0.7059	-0.0009	713.0000	712.7030	1.0275	-2.0000	100.0899	39.9240	0.8230	0.8249	5.0000	-9999.0000	-9999.0000	-9999.0000	-9999.0000	-9999.0000	-9999.0000	19.2997	4	0	24.9287	1.0000	12	3	-9999.0000	30696	41104	-9999	565	544	-9999	489.4865	5	0.6880	0.7059	-0.0009	88.0013	0.3522	656.4662	492.1596	38.6574	622.5956	92.1296	648.9943	95.0463	655.6973	95.0463	660.8435	95.2315	
19/08/2017	00:34:53	011992	G488068898HLR	L488	S		615.3292	1.0292	10.0000	100.1550	39.9307	0.8430	0.8274	5.0000	18.6846	713.0289	94.9769	17.0491	24.7000	0.9300	0.9234	0.7058	-0.0009	713.0000	712.2904	1.0275	-2.0000	100.0776	39.7649	0.8230	0.8249	5.0000	-9999.0000	-9999.0000	-9999.0000	-9999.0000	-9999.0000	-9999.0000	19.0086	5	0	29.0196	1.0000	12	3	-9999.0000	30697	41105	-9999	566	545	-9999	491.9157	5	0.6881	0.7058	-0.0009	88.5894	0.2894	659.4680	488.3664	38.3102	624.9671	92.3843	650.9923	93.7269	658.5923	93.8657	664.6000	94.6528	
19/08/2017	00:35:22	011992	G488068884HLR	L488	S		625.3597	1.0292	10.0000	100.1061	39.8778	0.8430	0.8272	5.0000	18.7092	713.0332	94.9074	17.7191	24.8000	0.9300	0.9234	0.7051	-0.0009	713.0000	711.2834	1.0275	-2.0000	99.9062	39.9351	0.8230	0.8255	5.0000	-9999.0000	-9999.0000	-9999.0000	-9999.0000	-9999.0000	-9999.0000	19.1192	6	0	29.5485	1.0000	12	3	-9999.0000	30698	41106	-9999	567	546	-9999	491.5138	5	0.6882	0.7051	-0.0009	93.7845	-0.0087	659.8697	518.9622	37.2685	623.7829	92.7083	651.2350	94.0741	659.2670	94.2824	664.3291	94.8380	
19/08/2017	00:35:48	011992	G488068894HLR	L488	S		624.4514	1.0292	10.0000	100.0999	39.8533	0.8430	0.8273	5.0000	18.8792	713.0710	94.9537	17.4495	24.9000	0.9300	0.9234	0.7052	-0.0009	713.0000	710.5079	1.0275	-2.0000	99.9974	39.9787	0.8230	0.8250	5.0000	-9999.0000	-9999.0000	-9999.0000	-9999.0000	-9999.0000	-9999.0000	19.2360	7	0	25.9687	1.0000	12	3	-9999.0000	30699	41107	-9999	568	547	-9999	491.7945	5	0.6881	0.7052	-0.0009	96.5880	-0.1552	661.2177	519.7564	37.5926	628.0410	93.0324	652.4514	94.2361	660.6255	94.5602	665.2384	95.0231	
19/08/2017	00:36:19	011992	G488066703HLR	L488	S		620.7774	1.0292	10.0000	100.1376	39.9621	0.8430	0.8274	5.0000	18.6286	713.0896	95.0000	13.4595	24.9000	0.9300	0.9234	0.7052	-0.0009	713.0000	714.0551	1.0275	-2.0000	99.9893	39.7617	0.8230	0.8248	5.0000	-9999.0000	-9999.0000	-9999.0000	-9999.0000	-9999.0000	-9999.0000	19.1407	8	0	31.1494	1.0000	12	3	-9999.0000	30700	41108	-9999	569	548	-9999	494.3856	5	0.6881	0.7052	-0.0009	96.5880	-0.1552	671.8350	499.1358	38.4491	639.9090	92.8704	663.8250	94.0972	671.2187	94.3981	676.9948	94.8611	
19/08/2017	00:36:52	011992	G488066101HLR	L488	S		609.9012	1.0292	10.0000	100.1728	39.9350	0.8430	0.8272	5.0000	18.6994	713.0692	94.9306	18.2698	25.0000	0.9300	0.9234	0.7070	-0.0010	713.0000	712.5995	1.0275	-2.0000	99.9913	39.9441	0.8230	0.8255	5.0000	-9999.0000	-9999.0000	-9999.0000	-9999.0000	-9999.0000	-9999.0000	19.1916	1	0	32.7486	1.0000	12	3	-9999.0000	30701	41109	-9999	570	549	-9999	491.3790	5	0.6884	0.7070	-0.0010	92.6192	0.0423	657.7167	465.0844	38.1944	627.7968	93.5648	649.6012	93.8657	657.1167	94.0972	662.4530	94.8611	
19/08/2017	00:37:19	011992	G488066091HLR	L488	S		617.0195	1.0292	10.0000	100.0729	39.8250	0.8430	0.8270	5.0000	19.1689	713.0268	94.9306	18.7298	24.9000	0.9300	0.9233	0.7080	-0.0010	713.0000	708.3038	1.0275	-2.0000	100.0593	39.9691	0.8230	0.8249	5.0000	-9999.0000	-9999.0000	-9999.0000	-9999.0000	-9999.0000	-9999.0000	19.2780	2	0	26.8893	1.0000	12	3	-9999.0000	30702	41110	-9999	571	550	-9999	491.0791	5	0.6885	0.7080	-0.0010	90.0228	0.1472	657.7146	521.0771	39.4907	622.6581	93.2407	649.5781	94.9769	657.0840	95.1157	662.1455	95.2083	
19/08/2017	00:37:45	011992	G488066081HLR	L488	S		624.3491	1.0292	10.0000	100.1459	39.9543	0.8430	0.8274	5.0000	18.7342	713.0739	95.0000	15.2094	24.9000	0.9300	0.9232	0.7080	-0.0010	713.0000	711.9275	1.0275	-2.0000	100.1488	39.7637	0.8230	0.8249	5.0000	-9999.0000	-9999.0000	-9999.0000	-9999.0000	-9999.0000	-9999.0000	19.3990	3	0	26.3088	1.0000	12	3	-9999.0000	30703	41111	-9999	572	551	-9999	493.7883	5	0.6885	0.7080	-0.0010	90.0228	0.1472	663.8171	520.2408	37.1759	630.1640	93.6574	655.5423	94.0741	663.1916	94.3056	669.6195	94.9537	
19/08/2017	00:38:17	011992	G488068874HLR	L488	S		624.1546	1.0292	10.0000	100.1279	39.9553	0.8430	0.8271	5.0000	18.7893	713.0344	95.0231	20.3499	24.9000	0.9300	0.9232	0.7042	-0.0008	713.0000	712.8999	1.0275	-2.0000	100.0543	39.9313	0.8230	0.8251	5.0000	-9999.0000	-9999.0000	-9999.0000	-9999.0000	-9999.0000	-9999.0000	20.9297	4	0	31.1580	1.0000	12	3	-9999.0000	30704	41112	-9999	573	552	-9999	490.0821	5	0.6889	0.7042	-0.0008	101.1384	-0.4556	658.5727	517.7626	38.3102	628.5750	93.2176	650.7223	94.4907	658.0949	94.7454	661.6876	95.0926	
19/08/2017	00:38:45	011992	G488068888HLR	L488	S		610.9676	1.0292	10.0000	100.1169	39.8240	0.8430	0.8271	5.0000	18.7797	713.0530	94.9769	21.9289	24.9000	0.9300	0.9232	0.7043	-0.0008	713.0000	712.4600	1.0275	-2.0000	100.1570	39.9567	0.8230	0.8251	5.0000	-9999.0000	-9999.0000	-9999.0000	-9999.0000	-9999.0000	-9999.0000	19.0185	5	0	28.6492	1.0000	12	3	-9999.0000	30705	41113	-9999	574	553	-9999	489.3935	5	0.6890	0.7043	-0.0008	100.7777	-0.4336	654.5704	499.9276	37.5926	621.7649	94.1435	646.6678	94.4444	653.7697	94.8148	658.0645	95.1852	
19/08/2017	00:39:13	011992	G488068880HLR	L488	S		625.0025	1.0292	10.0000	100.1235	39.9749	0.8430	0.8276	5.0000	18.6769	713.0338	95.0231	15.9994	24.9000	0.9300	0.9231	0.7043	-0.0008	713.0000	711.0742	1.0275	-2.0000	100.0506	39.7471	0.8230	0.8243	5.0000	-9999.0000	-9999.0000	-9999.0000	-9999.0000	-9999.0000	-9999.0000	20.9481	6	0	28.0292	1.0000	12	3	-9999.0000	30706	41113	-9999	575	554	-9999	492.8184	5	0.6890	0.7043	-0.0008	100.7777	-0.4336	665.2199	479.3593	38.9352	633.4692	94.2361	658.6314	94.7917	664.7195	94.9537	670.4597	95.0231	
19/08/2017	00:39:42	011992	G488068887HLR	L488	S		619.9572	1.0292	10.0000	100.0609	39.9333	0.8430	0.8269	5.0000	19.5987	713.0528	95.0231	15.5395	24.8000	0.9300	0.9231	0.7061	-0.0009	713.0000	711.8060	1.0275	-2.0000	100.0207	39.8774	0.8230	0.8254	5.0000	-9999.0000	-9999.0000	-9999.0000	-9999.0000	-9999.0000	-9999.0000	19.3193	7	0	29.0887	1.0000	12	3	-9999.0000	30706	41114	-9999	576	555	-9999	493.3308	5	0.6891	0.7061	-0.0009	97.6009	-0.2969	667.8718	533.3827	38.6111	638.2301	93.9352	659.9179	94.1435	667.3952	94.3750	673.1906	94.9537	
19/08/2017	00:40:11	011992	G488068889HLR	L488	S		623.4926	1.0292	10.0000	100.1292	39.7920	0.8430	0.8271	5.0000	18.7488	713.0696	94.9306	20.2395	24.7000	0.9300	0.9232	0.7053	-0.0009	713.0000	712.3892	1.0275	-2.0000	100.0801	39.9216	0.8230	0.8246	5.0000	-9999.0000	-9999.0000	-9999.0000	-9999.0000	-9999.0000	-9999.0000	20.7055	8	0	28.2286	1.0000	12	3	-9999.0000	30707	41115	-9999	577	556	-9999	490.2778	5	0.6890	0.7053	-0.0009	92.3411	-0.0445	662.2453	526.4907	38.4954	625.0122	93.3796	649.8614	96.2963	658.5087	96.4583	663.2608	95.2546	
19/08/2017	00:40:39	011992	G488068827HLR	L488	S		618.5728	1.0292	10.0000	100.1478	39.9563	0.8430	0.8276	5.0000	18.7795	713.0593	94.9537	17.7894	24.7000	0.9300	0.9231	0.7053	-0.0009	713.0000	713.6310	1.0275	-2.0000	100.1127	39.7671	0.8230	0.8246	5.0000	-9999.0000	-9999.0000	-9999.0000	-9999.0000	-9999.0000	-9999.0000	19.4185	1	0	28.7089	1.0000	12	3	-9999.0000	30708	41116	-9999	578	557	-9999	491.8615	5	0.6890	0.7053	-0.0009	92.3411	-0.0445	660.9214	474.2910	36.2963	630.5066	91.8981	653.0758	92.5000	660.0410	92.7546	666.4948	95.0463	
19/08/2017	00:41:07	011992	G488068858HLR	L488	S		612.0396	1.0292	10.0000	100.0298	39.9597	0.8430	0.8267	5.0000	20.4191	713.0324	94.9537	17.1995	24.6000	0.9300	0.9231	0.7078	-0.0010	713.0000	713.8696	1.0275	-2.0000	99.9408	39.9152	0.8230	0.8254	5.0000	-9999.0000	-9999.0000	-9999.0000	-9999.0000	-9999.0000	-9999.0000	18.9915	2	0	28.1492	1.0000	12	3	-9999.0000	30709	41117	-9999	579	558	-9999	492.2333	5	0.6892	0.7078	-0.0010	88.4130	0.1327	658.8508	517.6699	36.5509	627.4499	92.5926	651.5956	92.8241	658.4836	93.0787	664.0139	95.0231	
19/08/2017	00:41:38	011992	G488068860HLR	L488	S		621.8242	1.0292	10.0000	99.9978	39.7050	0.8430	0.8265	5.0000	21.0196	713.0584	95.0000	18.2493	24.6000	0.9300	0.9231	0.7083	-0.0010	713.0000	712.1710	1.0275	-2.0000	100.0851	39.9130	0.8230	0.8248	5.0000	-9999.0000	-9999.0000	-9999.0000	-9999.0000	-9999.0000	-9999.0000	19.6277	3	0	30.1385	1.0000	12	3	-9999.0000	30710	41118	-9999	579	559	-9999	491.7067	5	0.6892	0.7083	-0.0010	87.3979	0.1546	655.1781	526.9718	39.2361	626.4240	92.9167	647.7673	93.2407	654.5757	93.5185	660.2744	94.7685	
19/08/2017	00:42:09	011992	G488068854HLR	L488	S		625.1392	1.0292	10.0000	100.1163	39.9538	0.8430	0.8277	5.0000	18.6659	713.0810	94.9074	17.3597	24.6000	0.9300	0.9231	0.7083	-0.0010	713.0000	713.7025	1.0275	-2.0000	100.0250	39.7411	0.8230	0.8244	5.0000	-9999.0000	-9999.0000	-9999.0000	-9999.0000	-9999.0000	-9999.0000	20.1309	4	0	31.1297	1.0000	12	3	-9999.0000	30711	41118	-9999	580	560	-9999	492.4624	5	0.6892	0.7083	-0.0010	88.1710	0.1349	659.2056	507.6891	36.3889	626.1501	92.7778	651.6126	93.4722	658.6899	93.7500	663.5301	94.7685	
19/08/2017	00:42:40	011992	G488068855HLR	L488	S		623.6515	1.0292	10.0000	100.1470	40.0691	0.8430	0.8271	5.0000	18.8196	713.0640	94.9306	17.9095	24.5000	0.9300	0.9231	0.7078	-0.0010	713.0000	712.5878	1.0275	-2.0000	100.0791	39.9589	0.8230	0.8256	5.0000	-9999.0000	-9999.0000	-9999.0000	-9999.0000	-9999.0000	-9999.0000	19.2185	5	0	30.8786	1.0000	12	3	-9999.0000	30712	41119	-9999	581	561	-9999	492.0007	5	0.6893	0.7078	-0.0010	90.2025	0.0346	657.2206	498.5237	38.8657	624.7684	93.0787	649.0579	93.4722	656.8178	93.9352	661.3822	94.8148	
19/08/2017	00:43:12	011992	G488068862HLR	L488	S		615.0370	1.0292	10.0000	100.1299	39.7605	0.8430	0.8269	5.0000	18.9288	713.1085	94.9537	17.3197	24.4000	0.9300	0.9231	0.7080	-0.0010	713.0000	714.2636	1.0275	-2.0000	100.0236	39.8608	0.8230	0.8247	5.0000	-9999.0000	-9999.0000	-9999.0000	-9999.0000	-9999.0000	-9999.0000	19.3693	6	0	32.3485	1.0000	12	3	-9999.0000	30713	41120	-9999	582	562	-9999	492.4484	5	0.6893	0.7080	-0.0010	90.1463	0.0369	658.9112	505.7446	40.0231	627.6008	93.2639	650.0817	94.2593	658.3046	94.4213	663.3635	94.9537	
19/08/2017	00:43:42	011992	G488068846HLR	L488	S		624.5693	1.0292	10.0000	100.1132	39.8828	0.8430	0.8276	5.0000	18.8475	713.0833	94.9537	19.3186	24.4000	0.9300	0.9231	0.7073	-0.0010	713.0000	712.1964	1.0275	-2.0000	100.1015	39.7713	0.8230	0.8251	5.0000	-9999.0000	-9999.0000	-9999.0000	-9999.0000	-9999.0000	-9999.0000	19.0591	7	0	29.8387	1.0000	12	3	-9999.0000	30714	41121	-9999	583	563	-9999	491.0074	5	0.6895	0.7073	-0.0010	91.7848	-0.0867	654.2779	484.2962	36.6898	623.9681	93.1019	646.7648	93.7037	653.4159	93.9120	658.0832	94.9074	
19/08/2017	00:44:14	011992	G488068823HLR	L488	S		619.5766	1.0292	10.0000	100.1003	40.0547	0.8430	0.8273	5.0000	19.2200	713.0660	95.0231	20.3498	24.3000	0.9300	0.9232	0.7075	-0.0010	713.0000	712.3478	1.0275	-2.0000	99.9940	40.0098	0.8230	0.8255	5.0000	-9999.0000	-9999.0000	-9999.0000	-9999.0000	-9999.0000	-9999.0000	19.1398	8	0	32.0691	1.0000	12	3	-9999.0000	30715	41122	-9999	584	564	-9999	490.3280	5	0.6895	0.7075	-0.0010	91.4059	-0.0662	653.3124	483.5301	39.4907	624.3272	93.1019	646.0371	95.2315	652.7390	95.4861	658.5539	95.3241	
19/08/2017	00:44:43	011992	G488068850HLR	L488	S		600.0261	1.0292	9.3789	100.1421	39.8395	0.8430	0.8270	5.0000	18.7233	713.0790	94.9537	20.1184	24.3000	0.9300	0.9232	0.7077	-0.0010	713.0000	711.4746	1.0275	-2.0000	99.9291	39.7625	0.8230	0.8246	5.0000	-9999.0000	-9999.0000	-9999.0000	-9999.0000	-9999.0000	-9999.0000	19.2693	1	0	29.3486	1.0000	12	3	-9999.0000	30716	41123	-9999	585	565	-9999	490.4833	5	0.6895	0.7077	-0.0010	92.5327	-0.1012	649.5296	536.1335	39.7685	605.9244	93.5417	641.0072	94.4907	648.5506	94.6759	655.4505	95.0694	
19/08/2017	00:45:13	011992	G488068834HLR	L488	S		612.3795	1.0292	10.0000	100.1494	39.8138	0.8430	0.8275	5.0000	18.7796	713.0719	94.9769	21.5187	24.3000	0.9300	0.9232	0.7075	-0.0010	713.0000	714.5950	1.0275	-2.0000	99.9991	39.8645	0.8230	0.8254	5.0000	-9999.0000	-9999.0000	-9999.0000	-9999.0000	-9999.0000	-9999.0000	19.6588	2	0	29.7791	1.0000	12	3	-9999.0000	30717	41124	-9999	586	565	-9999	489.4021	5	0.6895	0.7075	-0.0010	92.7679	-0.1149	651.0546	519.1605	37.1065	620.0471	93.5648	643.5862	94.3519	650.3207	94.6065	655.6930	95.0231	
19/08/2017	00:45:45	011992	G488068842HLR	L488	S		623.0404	1.0292	10.0000	100.1196	39.9962	0.8430	0.8275	5.0000	18.8390	713.0371	94.9074	19.1194	24.3000	0.9300	0.9233	0.7079	-0.0010	713.0000	712.3859	1.0275	-2.0000	100.1297	39.9457	0.8230	0.8252	5.0000	-9999.0000	-9999.0000	-9999.0000	-9999.0000	-9999.0000	-9999.0000	19.1194	3	0	31.5419	1.0000	12	3	-9999.0000	30718	41125	-9999	587	566	-9999	491.0970	5	0.6895	0.7079	-0.0010	89.0054	0.0688	655.0607	485.5891	37.3611	618.1046	93.3333	647.5364	94.7917	654.2834	94.9769	659.2669	95.1620	
19/08/2017	00:46:16	011992	G488068818HLR	L488	S		622.0977	1.0292	10.0000	100.1140	39.8471	0.8430	0.8270	5.0000	18.8996	713.0714	95.0000	21.2092	24.3000	0.9300	0.9233	0.7070	-0.0009	713.0000	713.7345	1.0275	-2.0000	99.9890	39.7583	0.8230	0.8247	5.0000	-9999.0000	-9999.0000	-9999.0000	-9999.0000	-9999.0000	-9999.0000	19.5813	4	0	31.1257	1.0000	12	3	-9999.0000	30719	41126	-9999	588	567	-9999	489.6934	5	0.6896	0.7070	-0.0009	87.7250	0.1554	652.5839	489.4663	38.1250	619.9835	94.0972	645.0107	94.5833	652.0461	94.8843	656.4210	95.1389	
19/08/2017	00:46:43	011992	G488068735HLR	L488	S		622.9398	1.0292	10.0000	100.1267	39.8158	0.8430	0.8274	5.0000	18.6581	713.0416	94.9537	18.5589	24.4000	0.9300	0.9234	0.7079	-0.0010	713.0000	712.9716	1.0275	-2.0000	99.9942	39.9413	0.8230	0.8255	5.0000	-9999.0000	-9999.0000	-9999.0000	-9999.0000	-9999.0000	-9999.0000	19.2918	5	0	26.9090	1.0000	12	3	-9999.0000	30720	41126	-9999	588	568	-9999	491.6584	5	0.6895	0.7079	-0.0010	81.3686	0.5464	662.0670	510.1414	36.6204	620.9284	93.3565	651.1333	95.8796	658.7559	96.0185	663.9682	95.2546	
19/08/2017	00:47:11	011992	G488068830HLR	L488	S		622.9277	1.0292	10.0000	100.0759	39.9770	0.8430	0.8272	5.0000	19.7190	713.0816	94.9306	18.9993	24.4000	0.9300	0.9234	0.7077	-0.0010	713.0000	711.9014	1.0275	-2.0000	99.9830	39.8461	0.8230	0.8247	5.0000	-9999.0000	-9999.0000	-9999.0000	-9999.0000	-9999.0000	-9999.0000	19.8591	6	0	28.7090	1.0000	12	3	-9999.0000	30721	41127	-9999	589	569	-9999	491.3659	5	0.6895	0.7077	-0.0010	80.8247	0.5795	652.8050	496.8239	38.8194	622.1723	92.5926	644.7785	92.9398	652.3096	93.1250	656.7641	95.1389	
19/08/2017	00:47:42	011992	G488068822HLR	L488	S		624.6629	1.0292	10.0000	100.1307	39.8357	0.8430	0.8270	5.0000	18.9085	713.0546	94.9537	20.7492	24.5000	0.9300	0.9234	0.7073	-0.0010	713.0000	712.5488	1.0275	-2.0000	100.0625	39.7685	0.8230	0.8251	5.0000	-9999.0000	-9999.0000	-9999.0000	-9999.0000	-9999.0000	-9999.0000	18.9760	7	0	30.5390	1.0000	12	3	-9999.0000	30722	41128	-9999	590	569	-9999	490.1740	5	0.6896	0.7073	-0.0010	84.3894	0.3657	651.0493	522.7562	39.4907	620.3322	92.8704	644.4248	93.2639	650.3512	93.5417	656.6479	94.6991	
19/08/2017	00:48:11	011992	G488068841HLR	L488	S		620.5027	1.0292	10.0000	100.1335	39.8453	0.8430	0.8274	5.0000	18.7792	713.0747	94.9306	20.2092	24.6000	0.9300	0.9234	0.7073	-0.0010	713.0000	711.1212	1.0275	-2.7065	100.1232	40.0391	0.8230	0.8257	5.0000	-9999.0000	-9999.0000	-9999.0000	-9999.0000	-9999.0000	-9999.0000	19.0929	8	0	29.1591	1.0000	12	3	-9999.0000	30723	41129	-9999	591	570	-9999	490.6198	5	0.6896	0.7073	-0.0010	84.0048	0.4012	650.7076	499.0216	38.2639	615.0776	93.1019	642.8424	93.4028	650.0854	93.6806	655.2922	94.7917	
19/08/2017	00:48:37	011992	G488069254HLR	L488	S		629.9272	1.0292	10.0000	100.1756	39.9735	0.8430	0.8274	5.0000	18.7699	713.0987	95.0463	16.1400	24.6000	0.9300	0.9234	0.7073	-0.0010	713.0000	713.2212	1.0275	-2.6971	99.9506	39.8425	0.8230	0.8247	5.0000	-9999.0000	-9999.0000	-9999.0000	-9999.0000	-9999.0000	-9999.0000	19.2399	1	0	25.5986	1.0000	12	4	-9999.0000	30724	41130	-9999	592	571	-9999	493.4613	5	0.6896	0.7073	-0.0010	84.0048	0.4012	664.3805	519.4536	37.5000	632.6949	93.7269	658.0614	94.4444	663.8293	94.6759	669.2470	95.0926	
19/08/2017	00:49:07	011992	G488069252HLR	L488	S		614.2033	1.0292	10.0000	100.1163	39.8377	0.8430	0.8271	5.0000	18.9187	713.0466	94.9074	17.9192	24.6000	0.9300	0.9234	0.7069	-0.0009	713.0000	711.3358	1.0275	-2.7055	100.2325	39.7894	0.8230	0.8252	5.0000	-9999.0000	-9999.0000	-9999.0000	-9999.0000	-9999.0000	-9999.0000	19.2902	2	0	30.1291	1.0000	12	4	-9999.0000	30725	41131	-9999	593	572	-9999	492.2029	5	0.6896	0.7069	-0.0009	91.4224	-0.0476	658.6437	527.0955	39.7917	625.5143	93.8426	651.0229	94.5139	657.7118	94.6991	663.3970	95.0694	
19/08/2017	00:49:34	011992	G488069253HLR	L488	S		612.1763	1.0292	10.0000	100.1760	39.8417	0.8430	0.8274	5.0000	18.7397	713.0613	95.0000	19.7991	24.7000	0.9300	0.9234	0.7063	-0.0009	713.0000	713.4254	1.0275	-2.6962	100.0893	40.0373	0.8230	0.8257	5.0000	-9999.0000	-9999.0000	-9999.0000	-9999.0000	-9999.0000	-9999.0000	19.2597	3	0	27.3091	1.0000	12	4	-9999.0000	30726	41132	-9999	594	573	-9999	490.9990	5	0.6896	0.7063	-0.0009	92.5540	-0.1011	654.8533	529.4033	39.0509	621.3559	93.4491	646.5222	93.8426	654.2777	94.1898	659.4478	94.9074	
19/08/2017	00:50:03	011992	G488069262HLR	L488	S		625.9904	1.0292	10.0000	100.1613	40.0014	0.8430	0.8275	5.0000	18.7128	713.0212	94.9306	18.3792	24.7000	0.9300	0.9233	0.7065	-0.0009	713.0000	713.7853	1.0275	-2.6946	99.9706	39.8796	0.8230	0.8245	5.0000	-9999.0000	-9999.0000	-9999.0000	-9999.0000	-9999.0000	-9999.0000	19.8151	4	0	28.6083	1.0000	12	4	-9999.0000	30727	41133	-9999	595	574	-9999	491.9196	5	0.6898	0.7065	-0.0009	85.9309	0.2552	661.2573	477.1697	37.2685	626.6715	93.5880	652.9379	94.0046	660.5243	94.2824	666.0856	94.8380	
19/08/2017	00:50:37	011992	G488068678HLR	L488	S		621.9837	1.0292	10.0000	100.1302	39.8766	0.8430	0.8271	5.0000	18.8597	713.0275	94.9537	14.8490	24.7000	0.9300	0.9232	0.7065	-0.0009	713.0000	714.7200	1.0275	-2.6905	100.2288	39.7614	0.8230	0.8250	5.0000	-9999.0000	-9999.0000	-9999.0000	-9999.0000	-9999.0000	-9999.0000	19.2276	5	0	33.9393	1.0000	12	4	-9999.0000	30728	41134	-9999	596	574	-9999	494.2045	5	0.6898	0.7065	-0.0009	85.9309	0.2552	669.6353	479.5864	38.7269	631.8612	94.1435	661.6979	94.4676	668.9832	94.5602	674.0354	94.9769	
19/08/2017	00:51:07	011992	G488069266HLR	L488	S		622.8175	1.0292	10.0000	100.1464	39.8132	0.8430	0.8273	5.0000	18.9106	713.0259	94.9537	19.2786	24.6000	0.9300	0.9232	0.7067	-0.0009	713.0000	712.0432	1.0275	-2.7024	100.1974	40.0457	0.8230	0.8256	5.0000	-9999.0000	-9999.0000	-9999.0000	-9999.0000	-9999.0000	-9999.0000	19.3885	6	0	30.6090	1.0000	12	4	-9999.0000	30729	41135	-9999	597	575	-9999	491.4108	5	0.6899	0.7067	-0.0009	80.1819	0.6095	657.2185	511.4366	37.0370	624.6374	93.5880	650.2835	94.6296	656.7286	95.0926	662.6395	95.2778	
19/08/2017	00:51:34	011992	G488069285HLR	L488	S		618.4225	1.0292	10.0000	100.1357	39.9719	0.8430	0.8275	5.0000	18.9202	713.0661	95.0231	16.4994	24.6000	0.9300	0.9232	0.7067	-0.0009	713.0000	710.8127	1.0275	-2.7079	99.9143	39.8291	0.8230	0.8244	5.0000	-9999.0000	-9999.0000	-9999.0000	-9999.0000	-9999.0000	-9999.0000	19.7789	7	0	26.9589	1.0000	12	4	-9999.0000	30730	41136	-9999	597	576	-9999	493.2772	5	0.6899	0.7067	-0.0009	80.1819	0.6095	663.3391	513.2071	38.7963	629.6666	93.5880	655.9100	94.8380	662.6890	95.0694	667.4747	95.2315	
19/08/2017	00:52:01	011992	G488069257HLR	L488	S		610.6358	1.0292	10.0000	100.1474	39.9972	0.8430	0.8272	5.0000	18.6856	713.0174	94.9537	17.7200	24.6000	0.9300	0.9232	0.7050	-0.0008	713.0000	711.4035	1.0275	-2.7052	99.9985	39.7868	0.8230	0.8252	5.0000	-9999.0000	-9999.0000	-9999.0000	-9999.0000	-9999.0000	-9999.0000	19.3947	8	0	26.7988	1.0000	12	4	-9999.0000	30731	41137	-9999	598	577	-9999	492.3482	5	0.6898	0.7050	-0.0008	84.7619	0.3801	657.5256	520.1869	38.6111	627.3516	93.6343	649.4590	94.5833	656.7324	94.8611	662.9092	95.1620	
19/08/2017	00:52:32	011992	G488069293HLR	L488	S		606.6087	1.0292	9.9488	100.1149	39.8146	0.8430	0.8271	5.0000	18.6896	713.0394	94.9306	23.2394	24.5000	0.9300	0.9232	0.7065	-0.0009	713.0000	712.9427	1.0275	-2.6984	100.0893	40.0259	0.8230	0.8254	5.0000	-9999.0000	-9999.0000	-9999.0000	-9999.0000	-9999.0000	-9999.0000	19.7189	1	0	30.8552	1.0000	12	4	-9999.0000	30732	41138	-9999	599	578	-9999	489.0076	5	0.6897	0.7065	-0.0009	81.4332	0.5256	652.5490	530.5739	39.0046	624.2725	93.7500	644.0219	95.5787	651.7306	95.8565	656.4533	95.3935	
19/08/2017	00:53:09	011992	G488069282HLR	L488	S		611.8906	1.0292	10.0000	100.1324	39.9006	0.8430	0.8276	5.0000	18.6883	713.0948	94.8843	19.7785	24.5000	0.9300	0.9232	0.7074	-0.0009	713.0000	711.6160	1.0275	-2.7043	99.9894	39.8515	0.8230	0.8246	5.0000	-9999.0000	-9999.0000	-9999.0000	-9999.0000	-9999.0000	-9999.0000	19.3999	2	0	32.1024	1.0000	12	4	-9999.0000	30733	41138	-9999	600	579	-9999	491.1030	5	0.6899	0.7074	-0.0009	82.2331	0.4798	653.0615	484.3273	36.1111	618.3024	93.6111	645.0798	93.9583	652.0686	94.2593	656.9909	94.8611	
19/08/2017	00:53:34	011992	G488069291HLR	L488	S		625.6315	1.0292	10.0000	99.9904	39.9423	0.8430	0.8266	5.0000	21.3292	713.0555	95.0926	16.1888	24.5000	0.9300	0.9232	0.7074	-0.0009	713.0000	713.8776	1.0275	-2.6942	100.0363	39.7818	0.8230	0.8251	5.0000	-9999.0000	-9999.0000	-9999.0000	-9999.0000	-9999.0000	-9999.0000	19.4419	3	0	29.9090	1.0000	12	4	-9999.0000	30733	41139	-9999	601	580	-9999	493.5109	5	0.6899	0.7074	-0.0009	82.2331	0.4798	663.8410	533.8792	39.2593	630.7103	93.4954	655.3233	94.8380	663.2845	95.0000	668.6715	95.2083	
19/08/2017	00:54:07	011992	G488069268HLR	L488	S		615.0661	1.0292	10.0000	100.1133	39.7908	0.8430	0.8271	5.0000	18.7395	713.0408	95.0000	15.9886	24.4000	0.9300	0.9232	0.7077	-0.0010	713.0000	716.4657	1.0275	-2.6827	99.9571	39.9912	0.8230	0.8254	5.0000	-9999.0000	-9999.0000	-9999.0000	-9999.0000	-9999.0000	-9999.0000	19.4188	4	0	33.0681	1.0000	12	4	-9999.0000	30734	41140	-9999	602	581	-9999	493.6598	5	0.6898	0.7077	-0.0010	82.5869	0.4862	671.2795	517.6890	38.1713	628.5124	92.9398	659.5816	96.3657	667.0290	96.5741	671.7481	95.1157	
19/08/2017	00:54:33	011992	G488069284HLR	L488	S		625.5380	1.0292	10.0000	100.1280	39.9339	0.8430	0.8275	5.0000	18.8393	713.0227	94.9306	20.0793	24.3000	0.9300	0.9231	0.7064	-0.0009	713.0000	713.8413	1.0275	-2.6944	99.9660	39.7723	0.8230	0.8248	5.0000	-9999.0000	-9999.0000	-9999.0000	-9999.0000	-9999.0000	-9999.0000	19.2590	5	0	26.3291	1.0000	12	4	-9999.0000	30735	41141	-9999	603	582	-9999	490.8739	5	0.6897	0.7064	-0.0009	70.1689	1.2422	655.7710	510.4926	37.2917	625.0677	91.2269	647.8838	93.9815	655.2824	94.2593	659.8673	94.9769	
19/08/2017	00:55:04	011992	G488069294HLR	L488	S		621.4436	1.0292	10.0000	100.1683	40.0126	0.8430	0.8272	5.0000	18.9592	713.0625	95.0231	21.2287	24.3000	0.9300	0.9232	0.7060	-0.0009	713.0000	712.0845	1.0275	-2.7022	99.9512	39.8730	0.8230	0.8254	5.0000	-9999.0000	-9999.0000	-9999.0000	-9999.0000	-9999.0000	-9999.0000	19.4388	6	0	30.5496	1.0000	12	4	-9999.0000	30736	41142	-9999	604	582	-9999	490.3108	5	0.6898	0.7060	-0.0009	72.8749	1.0737	652.0725	495.2321	37.3380	621.2081	91.1806	643.9242	94.4213	651.7139	94.3981	655.4233	94.8611	
19/08/2017	00:55:34	011992	G488069283HLR	L488	S		625.1217	1.0292	10.0000	100.1282	39.8222	0.8430	0.8270	5.0000	18.8205	713.0465	94.9074	19.1399	24.2000	0.9300	0.9232	0.7043	-0.0008	713.0000	717.8148	1.0275	-2.6767	100.0124	39.8948	0.8230	0.8251	5.0000	-9999.0000	-9999.0000	-9999.0000	-9999.0000	-9999.0000	-9999.0000	19.1484	7	0	30.2237	1.0000	12	4	-9999.0000	30737	41143	-9999	605	583	-9999	491.5877	5	0.6897	0.7043	-0.0008	81.4646	0.6292	656.9848	494.6413	39.1898	629.0380	91.8056	650.8398	92.5231	656.5849	92.7546	662.4814	95.0000	
19/08/2017	00:56:02	011992	G488068781HLR	L488	S		620.9605	1.0292	10.0000	100.1296	39.8904	0.8430	0.8275	5.0000	18.8288	713.0371	95.0000	22.1896	24.1000	0.9300	0.9232	0.7037	-0.0008	713.0000	713.9996	1.0275	-2.6937	99.9722	39.8028	0.8230	0.8248	5.0000	-9999.0000	-9999.0000	-9999.0000	-9999.0000	-9999.0000	-9999.0000	19.6483	8	0	27.6638	1.0000	12	4	-9999.0000	30738	41144	-9999	606	584	-9999	489.8035	5	0.6895	0.7037	-0.0008	91.2313	0.0573	653.4620	494.1387	36.3657	616.0901	91.9907	644.9914	94.6528	652.8413	94.9074	656.9275	95.0694	
19/08/2017	00:56:33	011992	G488069271HLR	L488	S		626.7011	1.0292	10.0000	100.1445	39.9671	0.8430	0.8273	5.0000	19.0891	713.0528	95.0231	15.5394	24.1000	0.9300	0.9232	0.7037	-0.0008	713.0000	713.8552	1.0275	-2.6943	100.2141	39.8515	0.8230	0.8254	5.0000	-9999.0000	-9999.0000	-9999.0000	-9999.0000	-9999.0000	-9999.0000	19.0253	1	0	31.2185	1.0000	12	4	-9999.0000	30739	41144	-9999	607	585	-9999	493.4380	5	0.6895	0.7037	-0.0008	91.2313	0.0573	663.0277	503.0789	39.4907	633.5777	92.1991	655.5649	92.7083	662.5868	92.8472	668.2470	95.1852	
19/08/2017	00:57:00	011992	G488069296HLR	L488	S		626.1622	1.0292	10.0000	100.1129	39.8265	0.8430	0.8271	5.0000	18.9690	713.0419	94.9537	19.7190	24.0000	0.9300	0.9232	0.7036	-0.0007	713.0000	714.7802	1.0275	-2.6902	99.9889	39.8768	0.8230	0.8251	5.0000	-9999.0000	-9999.0000	-9999.0000	-9999.0000	-9999.0000	-9999.0000	19.1894	2	0	27.6295	1.0000	12	4	-9999.0000	30740	41145	-9999	608	586	-9999	491.2141	5	0.6894	0.7036	-0.0007	91.5729	0.0285	658.7585	514.9462	38.1250	626.0549	92.0602	650.8866	94.0278	658.0975	94.3056	662.7178	95.0231	
19/08/2017	00:57:37	011992	G488069265HLR	L488	S		626.1496	1.0292	10.0000	100.1014	39.8000	0.8430	0.8272	5.0000	19.4485	713.0344	94.9306	19.4085	24.0000	0.9300	0.9232	0.7047	-0.0008	713.0000	714.0993	1.0275	-2.6932	99.9961	39.7733	0.8230	0.8247	5.0000	-9999.0000	-9999.0000	-9999.0000	-9999.0000	-9999.0000	-9999.0000	20.2199	3	0	36.7385	1.0000	12	4	-9999.0000	30741	41146	-9999	609	587	-9999	491.3314	5	0.6893	0.7047	-0.0008	89.5827	0.0982	657.8378	491.1258	37.8241	623.0985	92.5231	650.5453	93.6574	657.4165	93.9120	661.9487	94.7685	
19/08/2017	00:58:08	011992	G488068677HLR	L488	S		625.4515	1.0292	10.0000	100.1377	40.0006	0.8430	0.8275	5.0000	18.8581	713.0875	94.9769	16.7591	23.9000	0.9300	0.9233	0.7039	-0.0008	713.0000	716.1598	1.0275	-2.6841	100.2367	39.8411	0.8230	0.8254	5.0000	-9999.0000	-9999.0000	-9999.0000	-9999.0000	-9999.0000	-9999.0000	19.0584	4	0	30.9789	1.0000	12	4	-9999.0000	30742	41147	-9999	610	588	-9999	492.9451	5	0.6893	0.7039	-0.0008	84.2530	0.3812	662.9067	497.5910	37.9861	627.5284	92.9630	655.6022	93.2870	661.9877	93.5417	667.0703	94.8148	
19/08/2017	00:58:35	011992	G488069256HLR	L488	S		618.8656	1.0292	10.0000	100.1055	39.8559	0.8430	0.8271	5.0000	18.6997	713.0641	95.0000	20.4192	23.9000	0.9300	0.9234	0.7043	-0.0008	713.0000	712.9962	1.0275	-2.6981	100.0181	39.8609	0.8230	0.8247	5.0000	-9999.0000	-9999.0000	-9999.0000	-9999.0000	-9999.0000	-9999.0000	20.1685	5	0	26.8387	1.0000	12	4	-9999.0000	30743	41148	-9999	611	589	-9999	490.7856	5	0.6892	0.7043	-0.0008	85.9137	0.2973	657.5093	516.7039	37.9630	618.5735	92.3148	646.0399	95.8102	654.2158	96.0417	659.2824	95.0463	
19/08/2017	00:59:04	011992	G488068773HLR	L488	S		626.2318	1.0292	10.0000	100.0865	39.8000	0.8430	0.8272	5.0000	18.9285	713.0700	94.9769	16.8392	24.0000	0.9300	0.9234	0.7043	-0.0008	713.0000	713.5292	1.0275	-2.6958	99.9461	39.7397	0.8230	0.8251	5.0000	-9999.0000	-9999.0000	-9999.0000	-9999.0000	-9999.0000	-9999.0000	19.2488	6	0	29.3492	1.0000	12	4	-9999.0000	30744	41149	-9999	612	590	-9999	492.7802	5	0.6892	0.7043	-0.0008	85.9137	0.2973	661.2545	497.2177	39.2593	625.0477	91.5278	652.7547	93.2407	660.6217	93.4954	665.3132	94.6991	
19/08/2017	00:59:35	011992	G488068807HLR	L488	S		612.3107	1.0292	10.0000	100.0951	39.9914	0.8430	0.8276	5.0000	18.7297	713.0324	95.0463	25.9893	24.0000	0.9300	0.9234	0.7037	-0.0008	713.0000	712.7527	1.0275	-2.6992	100.1132	39.8816	0.8230	0.8248	5.0000	-9999.0000	-9999.0000	-9999.0000	-9999.0000	-9999.0000	-9999.0000	22.5690	7	0	30.6886	1.0000	12	4	-9999.0000	30745	41150	-9999	613	591	-9999	487.5060	5	0.6891	0.7037	-0.0008	84.4876	0.3493	640.9731	494.7924	38.1713	610.8104	91.8287	633.5194	93.6343	640.4054	93.8657	645.3288	94.7454	
19/08/2017	01:00:05	011992	G488069290HLR	L488	S		626.7283	1.0292	10.0000	100.1239	39.8858	0.8430	0.8271	5.0000	18.6887	713.0488	94.9537	20.1389	24.1000	0.9300	0.9235	0.7036	-0.0008	713.0000	715.5028	1.0275	-2.6870	100.0321	39.8681	0.8230	0.8248	5.0000	-9999.0000	-9999.0000	-9999.0000	-9999.0000	-9999.0000	-9999.0000	19.5682	8	0	29.7984	1.0000	12	4	-9999.0000	30746	41150	-9999	614	592	-9999	490.8179	5	0.6890	0.7036	-0.0008	81.7890	0.5181	656.9805	507.8660	37.2222	625.7569	92.4769	649.6484	93.2870	656.3670	93.0556	660.3038	95.3472	
19/08/2017	01:00:33	011992	G488069278HLR	L488	S		617.7605	1.0292	10.0000	100.1109	39.8283	0.8430	0.8274	5.0000	18.8598	713.0501	95.0231	16.0287	24.1000	0.9300	0.9235	0.7036	-0.0008	713.0000	716.6670	1.0275	-2.6818	100.1164	39.8116	0.8230	0.8250	5.0000	-9999.0000	-9999.0000	-9999.0000	-9999.0000	-9999.0000	-9999.0000	19.5140	1	0	28.3788	1.0000	12	4	-9999.0000	30747	41151	-9999	615	593	-9999	493.0658	5	0.6890	0.7036	-0.0008	81.7890	0.5181	667.4532	477.5280	38.6343	631.7549	92.2685	658.4803	95.0000	666.5930	95.2546	671.8460	95.2083	
19/08/2017	01:00:58	011992	G488068782HLR	L488	S		625.5639	1.0292	10.0000	100.0610	39.8980	0.8430	0.8270	5.0000	20.7394	713.0480	94.9769	18.3001	24.1000	0.9300	0.9235	0.7036	-0.0008	713.0000	714.8788	1.0275	-2.6898	99.9835	39.9261	0.8230	0.8254	5.0000	-9999.0000	-9999.0000	-9999.0000	-9999.0000	-9999.0000	-9999.0000	19.1694	2	0	24.8887	1.0000	12	4	-9999.0000	30748	41152	-9999	616	594	-9999	491.8054	5	0.6891	0.7036	-0.0008	81.7604	0.4936	659.9294	508.1526	38.1713	629.4188	92.3148	652.8227	93.1713	659.5148	93.4722	664.6632	94.7454	
19/08/2017	01:01:24	011992	G488069297HLR	L488	S		622.6509	1.0292	10.0000	100.1224	39.8774	0.8430	0.8272	5.0000	18.8896	713.0650	94.9769	19.9299	24.2000	0.9300	0.9236	0.7031	-0.0007	713.0000	712.8688	1.0275	-2.6987	100.0073	39.8615	0.8230	0.8250	5.0000	-9999.0000	-9999.0000	-9999.0000	-9999.0000	-9999.0000	-9999.0000	19.0667	3	0	25.6093	1.0000	12	4	-9999.0000	30749	41153	-9999	617	595	-9999	490.9090	5	0.6890	0.7031	-0.0007	77.1781	0.7136	656.6701	463.1002	36.1343	622.2560	92.6852	647.9384	95.1620	656.3183	95.3241	660.9928	95.1620	
19/08/2017	01:01:49	011992	G488069270HLR	L488	S		627.2231	1.0292	10.0000	100.1574	39.8846	0.8430	0.8273	5.0000	18.7189	713.0281	95.0000	19.0188	24.3000	0.9300	0.9235	0.7022	-0.0007	713.0000	714.8746	1.0275	-2.6898	99.9943	39.7940	0.8230	0.8249	5.0000	-9999.0000	-9999.0000	-9999.0000	-9999.0000	-9999.0000	-9999.0000	19.5981	4	0	24.9884	1.0000	12	4	-9999.0000	30750	41154	-9999	618	596	-9999	491.3715	5	0.6889	0.7022	-0.0007	80.8351	0.5515	660.2786	537.7178	37.8472	630.9838	92.9630	653.1020	93.9815	659.8472	94.2130	664.2580	94.7685	
19/08/2017	01:02:16	011992	G488069287HLR	L488	S		625.5751	1.0292	10.0000	100.1188	39.8860	0.8430	0.8272	5.0000	18.9787	713.0385	94.9306	17.6195	24.3000	0.9300	0.9235	0.7018	-0.0007	713.0000	712.7067	1.0275	-2.6994	99.9953	39.9528	0.8230	0.8255	5.0000	-9999.0000	-9999.0000	-9999.0000	-9999.0000	-9999.0000	-9999.0000	19.2910	5	0	27.6201	1.0000	12	4	-9999.0000	30751	41155	-9999	619	597	-9999	491.9738	5	0.6890	0.7018	-0.0007	79.9802	0.5950	663.5459	496.3413	36.9444	631.8105	92.6389	655.8282	94.8611	662.9837	94.9769	667.6581	95.0694	
19/08/2017	01:02:45	011992	G488069288HLR	L488	S		620.1211	1.0292	10.0000	100.1395	39.8699	0.8430	0.8273	5.0000	18.7587	713.0735	95.0463	13.8989	24.3000	0.9300	0.9235	0.7018	-0.0007	713.0000	714.2889	1.0275	-2.6924	100.0445	39.9176	0.8230	0.8248	5.0000	-9999.0000	-9999.0000	-9999.0000	-9999.0000	-9999.0000	-9999.0000	19.7682	6	0	28.4482	1.0000	12	4	-9999.0000	30752	41156	-9999	619	598	-9999	493.7865	5	0.6890	0.7018	-0.0007	79.9802	0.5950	672.5113	523.5538	37.0370	635.1831	92.7315	663.1893	94.6065	671.5952	94.8611	677.5794	95.1157	
19/08/2017	01:03:12	011992	G488069258HLR	L488	S		623.5718	1.0292	10.0000	100.1298	39.9006	0.8430	0.8276	5.0000	18.6398	713.0402	94.9537	14.8403	24.4000	0.9300	0.9235	0.7017	-0.0007	713.0000	714.4083	1.0275	-2.6919	100.1350	39.7916	0.8230	0.8246	5.0000	-9999.0000	-9999.0000	-9999.0000	-9999.0000	-9999.0000	-9999.0000	20.2986	7	0	26.9589	1.0000	12	4	-9999.0000	30753	41157	-9999	620	599	-9999	493.3025	5	0.6890	0.7017	-0.0007	80.5138	0.5419	670.1151	535.4095	38.2407	632.4614	92.6852	661.9228	93.9352	669.6309	94.3750	674.8930	95.0000	
19/08/2017	01:04:09	011992	G488069295HLR	L488	S		627.6196	1.0292	10.0000	100.1509	39.9226	0.8430	0.8273	5.0000	18.7910	713.0780	94.9537	16.8597	24.4000	0.9300	0.9237	0.7017	-0.0007	713.0000	711.2836	1.0275	-2.7058	100.0028	39.7962	0.8230	0.8243	5.0000	-9999.0000	-9999.0000	-9999.0000	-9999.0000	-9999.0000	-9999.0000	20.0674	1	0	29.5087	1.0000	12	4	-9999.0000	30755	41158	-9999	622	600	-9999	492.2763	5	0.6889	0.7017	-0.0007	77.3245	0.7328	667.3649	487.8534	38.1944	631.5650	92.3380	656.8307	95.8102	664.9727	96.0185	671.0225	95.2315	
19/08/2017	01:04:42	011992	G488069298HLR	L488	S		629.4513	1.0292	10.0000	100.1202	39.8910	0.8430	0.8271	5.0000	19.3382	713.0219	94.8843	17.5892	24.3000	0.9300	0.9234	0.7013	-0.0007	713.0000	714.4825	1.0275	-2.6915	99.9679	39.7218	0.8230	0.8253	5.0000	-9999.0000	-9999.0000	-9999.0000	-9999.0000	-9999.0000	-9999.0000	19.2077	2	0	32.6589	1.0000	12	4	-9999.0000	30756	41159	-9999	623	601	-9999	491.7769	5	0.6890	0.7013	-0.0007	81.7117	0.5400	665.5765	492.2290	37.2917	628.6977	91.3657	657.0414	94.0046	665.0542	94.3519	669.3900	95.0000	
19/08/2017	01:05:09	011992	G488069274HLR	L488	S		630.7014	1.0292	10.0000	100.1733	39.9188	0.8430	0.8273	5.0000	18.7395	713.0264	95.0694	16.1791	24.3000	0.9300	0.9233	0.7004	-0.0006	713.0000	713.3681	1.0275	-2.6965	100.0528	40.0483	0.8230	0.8251	5.0000	-9999.0000	-9999.0000	-9999.0000	-9999.0000	-9999.0000	-9999.0000	21.4037	3	0	27.8593	1.0000	12	4	-9999.0000	30757	41160	-9999	624	602	-9999	492.2900	5	0.6889	0.7004	-0.0006	83.6118	0.4700	667.9766	513.3076	36.2269	633.6743	91.7130	660.3310	93.9815	667.4584	94.1898	672.1128	95.0694	
19/08/2017	01:05:35	011992	G488069245HLR	L488	S		625.7725	1.0292	10.0000	100.1482	39.9341	0.8430	0.8273	5.0000	18.6791	713.0546	94.9537	16.7493	24.3000	0.9300	0.9233	0.7004	-0.0006	713.0000	713.1150	1.0275	-2.6976	99.9678	39.8202	0.8230	0.8246	5.0000	-9999.0000	-9999.0000	-9999.0000	-9999.0000	-9999.0000	-9999.0000	19.1687	4	0	25.3085	1.0000	12	4	-9999.0000	30758	41161	-9999	625	603	-9999	492.0993	5	0.6889	0.7004	-0.0006	83.6118	0.4700	663.0752	520.6958	38.9352	632.4228	92.6389	656.6157	92.6389	662.7245	92.8009	668.2168	95.8333	
19/08/2017	01:06:03	011992	G488069244HLR	L488	S		621.8319	1.0292	10.0000	100.0904	39.8641	0.8430	0.8270	5.0000	19.8681	713.0473	94.9306	18.6594	24.2000	0.9300	0.9233	0.7005	-0.0006	713.0000	710.8627	1.0275	-2.7076	100.0016	39.7537	0.8230	0.8250	5.0000	-9999.0000	-9999.0000	-9999.0000	-9999.0000	-9999.0000	-9999.0000	19.8023	5	0	28.2304	1.0000	12	4	-9999.0000	30759	41162	-9999	626	604	-9999	491.2087	5	0.6890	0.7005	-0.0006	86.4473	0.2170	659.1106	520.9974	38.4259	628.7702	92.9167	651.4037	93.4259	658.3858	93.7269	664.0278	94.7685	
19/08/2017	01:06:38	011992	G488069237HLR	L488	S		621.4444	1.0292	10.0000	100.0977	39.9026	0.8430	0.8272	5.0000	19.2719	713.0482	95.0694	21.7091	24.2000	0.9300	0.9233	0.7004	-0.0006	713.0000	711.7230	1.0275	-2.7038	99.9875	40.0265	0.8230	0.8257	5.0000	-9999.0000	-9999.0000	-9999.0000	-9999.0000	-9999.0000	-9999.0000	19.2569	6	0	34.5379	1.0000	12	4	-9999.0000	30760	41163	-9999	627	605	-9999	489.8520	5	0.6890	0.7004	-0.0006	82.3091	0.4407	655.7590	478.1979	36.2037	621.5088	92.7546	648.5843	95.0694	655.0628	95.3704	659.6459	95.2546	
19/08/2017	01:07:07	011992	G488069229HLR	L488	S		631.4071	1.0292	10.0000	100.0942	39.9409	0.8430	0.8271	5.0000	19.3535	713.0355	95.0694	16.7494	24.1000	0.9300	0.9233	0.7004	-0.0006	713.0000	713.5336	1.0275	-2.6958	99.9724	39.8711	0.8230	0.8246	5.0000	-9999.0000	-9999.0000	-9999.0000	-9999.0000	-9999.0000	-9999.0000	19.5970	7	0	29.3290	1.0000	12	4	-9999.0000	30761	41164	-9999	627	606	-9999	491.9960	5	0.6890	0.7004	-0.0006	82.3091	0.4407	666.1082	513.3432	36.8981	633.3589	93.2639	659.5284	93.6574	665.8251	94.0046	670.4187	94.8148	
19/08/2017	01:07:37	011992	G488069260HLR	L488	S		585.7054	1.0292	8.1390	100.0060	39.8938	0.8430	0.8273	5.0000	18.4954	0.0000	0.0000	0.0000	0.0000	0.9300	0.0000	0.0000	0.0000	0.0000	591.9318	1.0275	-0.0281	99.9962	39.7460	0.8230	0.8254	5.0000	-9999.0000	-9999.0000	-9999.0000	-9999.0000	-9999.0000	-9999.0000	19.2692	8	7	29.8291	1.0000	12	4	-9999.0000	30762	0	-9999	628	607	-9999	0.0000	0	0.0000	0.0000	0.0000	0.0000	0.0000	0.0000	0.0000	0.0000	0.0000	0.0000	0.0000	0.0000	0.0000	0.0000	0.0000	0.0000	
19/08/2017	01:08:05	011992	G488069273HLR	L488	S		613.2986	1.0292	10.0000	100.0206	39.8633	0.8430	0.8273	5.0000	18.4571	713.0650	94.9769	17.2396	24.2000	0.9300	0.9236	0.6996	-0.0006	713.0000	714.2014	1.0275	-2.6928	99.8816	39.9683	0.8230	0.8257	5.0000	-9999.0000	-9999.0000	-9999.0000	-9999.0000	-9999.0000	-9999.0000	19.1698	1	0	27.9687	1.0000	12	4	-9999.0000	30763	41165	-9999	629	608	-9999	491.8431	5	0.6888	0.6996	-0.0006	74.2402	0.8216	664.9571	475.7299	36.8981	624.7078	92.3843	655.7301	94.8843	664.0747	95.3009	669.7036	95.2315	
19/08/2017	01:08:35	011992	G488068836HLR	L488	S		620.7749	1.0292	10.0000	100.1341	39.9211	0.8430	0.8273	5.0000	19.1039	713.0435	94.8148	23.0187	24.1000	0.9300	0.9234	0.6993	-0.0006	713.0000	713.4789	1.0275	-2.6960	100.0029	39.8311	0.8230	0.8248	5.0000	-9999.0000	-9999.0000	-9999.0000	-9999.0000	-9999.0000	-9999.0000	19.0983	2	0	30.5982	1.0000	12	4	-9999.0000	30764	41166	-9999	630	609	-9999	489.3389	5	0.6887	0.6993	-0.0006	70.4731	1.0036	656.0252	361.5171	36.7824	619.0801	92.3611	647.4793	94.9769	655.5318	95.3704	659.9533	95.2315	
19/08/2017	01:09:06	011992	G488068870HLR	L488	S		623.0261	1.0292	10.0000	100.0851	39.9360	0.8430	0.8272	5.0000	18.9947	713.0821	94.9306	18.4886	24.1000	0.9300	0.9234	0.6993	-0.0006	713.0000	712.7640	1.0275	-2.6992	99.9952	39.7707	0.8230	0.8252	5.0000	-9999.0000	-9999.0000	-9999.0000	-9999.0000	-9999.0000	-9999.0000	19.0291	3	0	30.9890	1.0000	12	4	-9999.0000	30765	41167	-9999	631	610	-9999	491.2168	5	0.6887	0.6993	-0.0006	70.4731	1.0036	662.8920	507.5869	35.9722	626.6468	92.6157	654.9088	95.4167	662.2928	95.5787	667.2757	95.2315	
19/08/2017	01:09:40	011992	G488068857HLR	L488	S		621.5329	1.0292	10.0000	100.1137	39.8605	0.8430	0.8272	5.0000	19.1897	713.0312	94.9537	18.9495	24.1000	0.9300	0.9233	0.6991	-0.0006	713.0000	711.7444	1.0275	-2.7037	99.9667	39.9914	0.8230	0.8255	5.0000	-9999.0000	-9999.0000	-9999.0000	-9999.0000	-9999.0000	-9999.0000	19.1555	4	0	34.0194	1.0000	12	4	-9999.0000	30766	41168	-9999	632	611	-9999	490.9625	5	0.6888	0.6991	-0.0006	70.7760	0.9847	659.5361	524.2074	36.7361	630.0028	92.8009	652.1016	93.1481	658.9746	93.2870	663.2279	95.4630	
19/08/2017	01:10:10	011992	G488068866HLR	L488	S		622.9732	1.0292	10.0000	100.1492	39.8567	0.8430	0.8274	5.0000	18.6791	713.0379	94.9537	17.1097	24.0000	0.9300	0.9233	0.6993	-0.0006	713.0000	711.3568	1.0275	-2.7054	99.9806	39.7627	0.8230	0.8247	5.0000	-9999.0000	-9999.0000	-9999.0000	-9999.0000	-9999.0000	-9999.0000	19.6003	5	0	30.1578	1.0000	12	4	-9999.0000	30767	41169	-9999	633	612	-9999	491.6787	5	0.6886	0.6993	-0.0006	69.7459	1.0220	663.0326	531.6021	38.7963	631.5964	93.7500	655.7177	94.0509	662.4658	94.1204	667.7850	94.7685	
19/08/2017	01:10:43	011992	G488069238HLR	L488	S		612.0309	1.0292	10.0000	99.9928	39.9735	0.8430	0.8275	5.0000	18.4319	713.0592	95.0000	19.7688	24.0000	0.9300	0.9233	0.6990	-0.0006	713.0000	713.7411	1.0275	-2.6948	100.0921	39.8244	0.8230	0.8249	5.0000	-9999.0000	-9999.0000	-9999.0000	-9999.0000	-9999.0000	-9999.0000	21.9011	6	0	32.4090	1.0000	12	4	-9999.0000	30768	41170	-9999	634	613	-9999	490.5812	5	0.6886	0.6990	-0.0006	69.1741	1.0517	658.7849	499.1607	38.1944	627.6835	93.3102	651.2899	93.3796	657.9498	93.5185	663.5038	95.4167	
19/08/2017	01:11:16	011992	G488068832HLR	L488	S		618.6160	1.0292	10.0000	100.0876	39.8571	0.8430	0.8271	5.0000	19.0296	713.0693	94.9074	20.0598	24.0000	0.9300	0.9234	0.6993	-0.0006	713.0000	711.4054	1.0275	-2.7052	99.9864	39.8968	0.8230	0.8252	5.0000	-9999.0000	-9999.0000	-9999.0000	-9999.0000	-9999.0000	-9999.0000	19.2487	7	0	33.5788	1.0000	12	4	-9999.0000	30769	41171	-9999	635	613	-9999	490.4632	5	0.6886	0.6993	-0.0006	68.5085	1.0867	656.1121	541.8559	40.3009	625.0841	93.8194	648.9586	93.9815	655.4026	94.3750	660.8607	94.9537	
19/08/2017	01:11:48	011992	G488068833HLR	L488	S		621.4406	1.0292	10.0000	100.1118	39.8316	0.8430	0.8273	5.0000	18.8987	713.0797	94.9306	23.2287	24.0000	0.9300	0.9234	0.6996	-0.0006	713.0000	714.9382	1.0275	-2.6895	99.9422	39.8094	0.8230	0.8250	5.0000	-9999.0000	-9999.0000	-9999.0000	-9999.0000	-9999.0000	-9999.0000	19.4141	8	0	31.7990	1.0000	12	4	-9999.0000	30770	41172	-9999	635	614	-9999	489.2288	5	0.6887	0.6996	-0.0006	69.4642	1.0465	654.3718	518.4483	40.6019	628.2183	93.8426	648.1457	94.1435	653.6670	94.4907	658.6142	95.0463	
19/08/2017	01:12:16	011992	G488068737HLR	L488	S		625.7779	1.0292	10.0000	100.1702	39.9479	0.8430	0.8274	5.0000	19.0693	713.0465	94.8380	19.4085	24.0000	0.9300	0.9234	0.6996	-0.0006	713.0000	714.5604	1.0275	-2.6912	99.9920	39.8697	0.8230	0.8254	5.0000	-9999.0000	-9999.0000	-9999.0000	-9999.0000	-9999.0000	-9999.0000	19.2493	1	0	27.5094	1.0000	12	4	-9999.0000	30771	41173	-9999	636	615	-9999	490.8302	5	0.6887	0.6996	-0.0006	69.4642	1.0465	662.4668	513.4740	39.3519	633.2262	94.5602	656.0169	95.0000	661.9192	95.1157	666.0883	95.0926	
19/08/2017	01:12:46	011992	G488068736HLR	L488	S		620.2842	1.0292	10.0000	100.1022	39.8583	0.8430	0.8272	5.0000	18.8521	713.0667	95.0000	21.5793	24.1000	0.9300	0.9235	0.6998	-0.0006	713.0000	713.3815	1.0275	-2.6964	99.9000	39.8423	0.8230	0.8250	5.0000	-9999.0000	-9999.0000	-9999.0000	-9999.0000	-9999.0000	-9999.0000	19.7586	2	0	30.3388	1.0000	12	4	-9999.0000	30772	41174	-9999	637	616	-9999	489.8715	5	0.6888	0.6998	-0.0006	69.1713	1.0696	657.5802	506.1102	38.6574	630.3787	93.8194	651.5608	94.2593	656.8121	94.4907	660.7871	95.0463	
19/08/2017	01:13:16	011992	G488068851HLR	L488	S		618.9743	1.0292	10.0000	100.0336	39.8000	0.8430	0.8271	5.0000	20.7686	713.0297	94.9537	22.6789	24.1000	0.9300	0.9235	0.7002	-0.0006	713.0000	711.9939	1.0275	-2.7026	99.9415	39.7930	0.8230	0.8250	5.0000	-9999.0000	-9999.0000	-9999.0000	-9999.0000	-9999.0000	-9999.0000	19.5494	3	0	30.0582	1.0000	12	4	-9999.0000	30773	41175	-9999	638	617	-9999	489.4299	5	0.6888	0.7002	-0.0006	69.2926	1.0599	654.7796	511.4534	38.3333	626.5031	94.1204	648.0397	94.4907	654.1176	94.7917	658.2763	95.0694	
19/08/2017	01:13:43	011992	G488069280HLR	L488	S		621.3806	1.0292	10.0000	100.0934	39.9856	0.8430	0.8275	5.0000	18.9312	713.0415	95.0000	20.8596	24.2000	0.9300	0.9235	0.7000	-0.0006	713.0000	712.3742	1.0275	-2.7009	99.9511	39.9583	0.8230	0.8255	5.0000	-9999.0000	-9999.0000	-9999.0000	-9999.0000	-9999.0000	-9999.0000	19.1290	4	0	26.9494	1.0000	12	1	-9999.0000	30774	41176	-9999	639	618	-9999	490.1548	5	0.6886	0.7000	-0.0006	67.4432	1.1477	655.0629	490.2660	39.3519	624.6541	94.1204	648.7089	94.3519	654.5086	94.4444	659.6067	95.1157	
19/08/2017	01:14:16	011992	G488069281HLR	L488	S		625.5845	1.0292	10.0000	99.9620	39.8230	0.8430	0.8266	5.0000	20.9590	713.1056	95.0231	16.6088	24.2000	0.9300	0.9236	0.7000	-0.0006	713.0000	713.0224	1.0275	-2.6980	99.9991	39.8189	0.8230	0.8248	5.0000	-9999.0000	-9999.0000	-9999.0000	-9999.0000	-9999.0000	-9999.0000	19.6973	5	0	33.2791	1.0000	12	1	-9999.0000	30775	41177	-9999	640	619	-9999	492.0307	5	0.6886	0.7000	-0.0006	67.4432	1.1477	673.1499	488.9041	36.5972	629.0942	93.3333	660.1437	96.4352	667.9116	96.6667	673.5000	95.3935	
19/08/2017	01:14:50	011992	G488069261HLR	L488	S		607.2519	1.0292	10.0000	100.0491	39.8000	0.8430	0.8277	5.0000	18.6272	713.0636	94.9769	19.4300	24.3000	0.9300	0.9235	0.6996	-0.0006	713.0000	715.2690	1.0275	-2.6880	100.0984	39.8076	0.8230	0.8250	5.0000	-9999.0000	-9999.0000	-9999.0000	-9999.0000	-9999.0000	-9999.0000	20.3809	6	0	33.7281	1.0000	12	1	-9999.0000	30776	41178	-9999	641	620	-9999	490.7659	5	0.6886	0.6996	-0.0006	67.6215	1.1479	658.6546	526.3492	35.7176	622.4482	91.0880	651.3363	92.8472	658.0528	92.8704	663.2068	94.6065	
19/08/2017	01:15:21	011992	G488069279HLR	L488	S		601.3357	1.0292	9.4923	100.1010	40.0000	0.8430	0.8276	5.0000	18.7752	713.0293	94.9306	19.1497	24.3000	0.9300	0.9235	0.6999	-0.0006	713.0000	714.5933	1.0275	-2.6910	100.1503	40.0040	0.8230	0.8253	5.0000	-9999.0000	-9999.0000	-9999.0000	-9999.0000	-9999.0000	-9999.0000	19.4003	7	0	30.5392	1.0000	12	1	-9999.0000	30777	41179	-9999	642	621	-9999	490.8820	5	0.6886	0.6999	-0.0006	64.1989	1.3067	659.4502	501.5724	36.5972	619.5850	91.4815	650.4609	94.2130	658.8115	94.3750	663.9613	94.8843	
19/08/2017	01:15:46	011992	G488069286HLR	L488	S		621.8129	1.0292	10.0000	100.1376	39.9200	0.8430	0.8270	5.0000	19.0295	713.0540	95.0694	16.0297	24.4000	0.9300	0.9235	0.6999	-0.0006	713.0000	713.7174	1.0275	-2.6949	100.0319	39.7727	0.8230	0.8248	5.0000	-9999.0000	-9999.0000	-9999.0000	-9999.0000	-9999.0000	-9999.0000	19.5292	8	0	24.9392	1.0000	12	1	-9999.0000	30778	41180	-9999	643	622	-9999	492.2841	5	0.6886	0.6999	-0.0006	64.1989	1.3067	666.4238	526.0424	38.0093	633.8553	92.1296	658.0335	93.1944	665.8412	93.4491	670.4986	94.6528	
19/08/2017	01:16:11	011992	G488068799HLR	L488	S		608.5246	1.0292	10.0000	100.0586	39.7573	0.8430	0.8269	5.0000	20.3291	713.0824	94.9769	22.5187	24.5000	0.9300	0.9236	0.6998	-0.0006	713.0000	712.9898	1.0275	-2.6982	99.9741	39.9072	0.8230	0.8255	5.0000	-9999.0000	-9999.0000	-9999.0000	-9999.0000	-9999.0000	-9999.0000	19.5789	1	0	25.3585	1.0000	12	1	-9999.0000	30779	41181	-9999	644	623	-9999	489.5376	5	0.6885	0.6998	-0.0006	64.8811	1.2662	654.4338	513.1117	36.2731	619.8366	91.6204	646.6547	94.2593	653.9923	94.6296	659.1322	95.0463	
19/08/2017	01:16:44	011992	G488068805HLR	L488	S		605.5110	1.0292	9.8538	100.1204	39.9514	0.8430	0.8276	5.0000	19.3497	713.0511	94.9769	22.8292	24.6000	0.9300	0.9235	0.6995	-0.0006	713.0000	713.7432	1.0275	-2.6948	100.1149	39.9559	0.8230	0.8253	5.0000	-9999.0000	-9999.0000	-9999.0000	-9999.0000	-9999.0000	-9999.0000	19.3189	2	0	33.1892	1.0000	12	1	-9999.0000	30780	41182	-9999	645	624	-9999	489.3140	5	0.6886	0.6995	-0.0006	67.7291	1.1110	654.3679	505.7293	36.9676	623.5274	91.8750	645.7818	94.6296	654.0153	94.6759	658.3280	95.0000	
19/08/2017	01:17:15	011992	G488068794HLR	L488	S		617.4314	1.0292	10.0000	100.1524	40.0238	0.8430	0.8272	5.0000	18.8295	713.0679	94.9306	19.6594	24.6000	0.9300	0.9235	0.6991	-0.0006	713.0000	710.6334	1.0275	-2.7087	100.2152	39.8565	0.8230	0.8250	5.0000	-9999.0000	-9999.0000	-9999.0000	-9999.0000	-9999.0000	-9999.0000	19.1710	3	0	30.7089	1.0000	12	1	-9999.0000	30781	41183	-9999	646	625	-9999	490.6573	5	0.6887	0.6991	-0.0006	70.5578	0.9782	656.9751	522.3716	37.5463	626.7437	92.3843	649.7793	93.7037	656.3735	93.8657	660.6450	94.7685	
19/08/2017	01:17:48	011992	G488068780HLR	L488	S		627.1888	1.0292	10.0000	100.0196	39.7375	0.8430	0.8268	5.0000	20.6299	713.0897	94.9306	13.9692	24.6000	0.9300	0.9234	0.6991	-0.0006	713.0000	716.4069	1.0275	-2.6830	100.0471	39.8988	0.8230	0.8251	5.0000	-9999.0000	-9999.0000	-9999.0000	-9999.0000	-9999.0000	-9999.0000	19.7487	4	0	32.9683	1.0000	12	1	-9999.0000	30782	41184	-9999	647	626	-9999	493.0129	5	0.6887	0.6991	-0.0006	70.5578	0.9782	676.7914	521.1564	37.8704	642.4028	92.1296	668.1814	94.3981	676.0696	94.6528	680.3051	94.9074	
19/08/2017	01:18:18	011992	G488068771HLR	L488	S		625.2237	1.0292	10.0000	100.0912	40.0000	0.8430	0.8276	5.0000	19.2599	713.0287	94.9769	14.4702	24.6000	0.9300	0.9234	0.6996	-0.0006	713.0000	715.4096	1.0275	-2.6874	100.1579	39.8429	0.8230	0.8251	5.0000	-9999.0000	-9999.0000	-9999.0000	-9999.0000	-9999.0000	-9999.0000	19.3219	5	0	30.3289	1.0000	12	1	-9999.0000	30783	41185	-9999	648	627	-9999	492.8456	5	0.6887	0.6996	-0.0006	70.5333	0.9794	673.8050	515.4543	38.0093	634.3607	92.0833	665.7128	95.0000	672.9730	95.0694	678.4395	95.2315	
19/08/2017	01:18:49	011992	G488068793HLR	L488	S		608.2958	1.0292	10.0000	100.1177	40.0563	0.8430	0.8273	5.0000	18.8088	713.0298	94.9769	22.2491	24.6000	0.9300	0.9234	0.7000	-0.0006	713.0000	713.6691	1.0275	-2.6952	99.9937	39.9515	0.8230	0.8254	5.0000	-9999.0000	-9999.0000	-9999.0000	-9999.0000	-9999.0000	-9999.0000	19.0710	6	0	30.7987	1.0000	12	1	-9999.0000	30784	41186	-9999	649	628	-9999	489.5689	5	0.6886	0.7000	-0.0006	74.4623	0.8059	658.1749	511.6182	35.5556	625.5797	92.0370	649.3457	94.9306	657.5638	95.1157	661.3566	95.2778	
19/08/2017	01:19:21	011992	G488068800HLR	L488	S		610.9476	1.0292	10.0000	100.1308	39.8625	0.8430	0.8270	5.0000	18.7892	713.0403	94.9769	19.9094	24.6000	0.9300	0.9234	0.6990	-0.0006	713.0000	711.9725	1.0275	-2.7027	100.1162	39.8360	0.8230	0.8250	5.0000	-9999.0000	-9999.0000	-9999.0000	-9999.0000	-9999.0000	-9999.0000	19.2790	7	0	32.4294	1.0000	12	1	-9999.0000	30784	41186	-9999	650	629	-9999	490.6263	5	0.6887	0.6990	-0.0006	77.6924	0.6518	658.2801	498.7404	38.0324	624.7092	92.3148	650.1698	94.1204	657.4622	94.3056	662.1301	94.7917	
19/08/2017	01:19:51	011992	G488068774HLR	L488	S		608.1419	1.0292	10.0000	100.1599	39.9000	0.8430	0.8275	5.0000	18.6890	713.0612	94.9537	22.0998	24.6000	0.9300	0.9233	0.6980	-0.0005	713.0000	713.0768	1.0275	-2.6978	99.9974	39.8796	0.8230	0.8253	5.0000	-9999.0000	-9999.0000	-9999.0000	-9999.0000	-9999.0000	-9999.0000	19.5389	8	0	30.1288	1.0000	12	1	-9999.0000	30784	41187	-9999	651	630	-9999	489.8055	5	0.6886	0.6980	-0.0005	79.8903	0.5563	657.7760	509.9790	36.7130	627.7715	92.0602	650.9587	95.0463	657.1853	95.1157	662.0572	95.2083	
19/08/2017	01:20:24	011992	G488068783HLR	L488	S		613.7487	1.0292	10.0000	100.0718	39.9671	0.8430	0.8274	5.0000	18.5795	713.0586	95.0231	19.6291	24.6000	0.9300	0.9233	0.6981	-0.0005	713.0000	710.8886	1.0275	-2.7075	100.0933	39.8018	0.8230	0.8243	5.0000	-9999.0000	-9999.0000	-9999.0000	-9999.0000	-9999.0000	-9999.0000	22.4986	1	0	32.2281	1.0000	12	1	-9999.0000	30785	41188	-9999	652	631	-9999	490.7039	5	0.6884	0.6981	-0.0005	68.8581	1.2112	661.4384	519.2032	39.0278	628.3727	92.4074	653.1030	95.2546	661.2160	95.3472	664.8530	95.2083	
19/08/2017	01:20:54	011992	G488068791HLR	L488	S		620.2977	1.0292	10.0000	100.1337	39.8842	0.8430	0.8272	5.0000	18.8683	713.0701	94.9537	19.9895	24.5000	0.9300	0.9233	0.6981	-0.0005	713.0000	711.3502	1.0275	-2.7055	99.9898	39.8060	0.8230	0.8250	5.0000	-9999.0000	-9999.0000	-9999.0000	-9999.0000	-9999.0000	-9999.0000	19.8709	2	0	30.1314	1.0000	12	1	-9999.0000	30786	41189	-9999	653	632	-9999	490.5754	5	0.6884	0.6981	-0.0005	65.3555	1.4216	659.3833	517.3235	38.4954	629.0068	92.7546	652.7584	93.9120	658.5425	94.1435	663.2004	94.8611	
19/08/2017	01:21:29	011992	G488069277HLR	L488	S		611.6823	1.0292	10.0000	100.0961	39.8886	0.8430	0.8274	5.0000	18.9095	713.0817	95.0000	21.6593	24.5000	0.9300	0.9233	0.6975	-0.0005	713.0000	712.9334	1.0275	-2.6984	100.0285	40.0193	0.8230	0.8255	5.0000	-9999.0000	-9999.0000	-9999.0000	-9999.0000	-9999.0000	-9999.0000	18.9791	3	0	35.2764	1.0000	12	1	-9999.0000	30787	41190	-9999	654	633	-9999	490.0203	5	0.6882	0.6975	-0.0005	64.6436	1.5032	659.2753	498.8523	39.3519	630.8099	92.6620	651.8665	94.9306	658.5360	95.0926	662.9860	94.9537	
19/08/2017	01:22:04	011992	G488068808HLR	L488	S		606.8796	1.0292	9.9723	100.0771	39.9148	0.8430	0.8269	5.0000	20.6584	713.0445	94.9537	19.1790	24.5000	0.9300	0.9233	0.6975	-0.0005	713.0000	711.5805	1.0275	-2.7045	99.9443	39.7808	0.8230	0.8248	5.0000	-9999.0000	-9999.0000	-9999.0000	-9999.0000	-9999.0000	-9999.0000	19.3607	4	0	34.8892	1.0000	12	1	-9999.0000	30788	41191	-9999	655	634	-9999	490.8182	5	0.6882	0.6975	-0.0005	64.6436	1.5032	662.1630	499.6335	39.7685	626.9613	92.8009	653.3670	95.3935	661.8220	95.6019	665.9031	95.2315	
19/08/2017	01:22:30	011992	G488068802HLR	L488	S		613.3544	1.0292	10.0000	100.1217	39.8786	0.8430	0.8273	5.0000	18.8195	713.0432	95.0000	21.4592	24.4000	0.9300	0.9233	0.6974	-0.0005	713.0000	711.6119	1.0275	-2.7043	100.0089	39.9423	0.8230	0.8256	5.0000	-9999.0000	-9999.0000	-9999.0000	-9999.0000	-9999.0000	-9999.0000	19.0803	5	0	25.9786	1.0000	12	1	-9999.0000	30789	41192	-9999	655	635	-9999	490.0980	5	0.6883	0.6974	-0.0005	68.9557	1.2986	657.5841	493.4921	39.0046	627.2522	92.5926	648.9937	94.9306	656.8727	95.0000	661.4869	95.2315	
19/08/2017	01:23:01	011992	G488068810HLR	L488	S		610.0712	1.0292	10.0000	100.1132	39.8970	0.8430	0.8274	5.0000	18.6781	713.0437	94.9074	19.3293	24.4000	0.9300	0.9233	0.6972	-0.0005	713.0000	711.7055	1.0275	-2.7039	99.9859	39.8410	0.8230	0.8248	5.0000	-9999.0000	-9999.0000	-9999.0000	-9999.0000	-9999.0000	-9999.0000	19.9090	6	0	30.7390	1.0000	12	1	-9999.0000	30790	41193	-9999	656	636	-9999	490.8616	5	0.6882	0.6972	-0.0005	69.3725	1.2947	658.4368	493.7742	39.6991	629.7147	92.8241	651.5391	93.6574	658.1666	93.7963	662.0375	94.7454	
19/08/2017	01:23:28	011992	G488068811HLR	L488	S		602.7071	1.0292	9.6110	100.1482	39.9269	0.8430	0.8274	5.0000	18.6293	713.0370	95.0694	24.4991	24.4000	0.9300	0.9233	0.6970	-0.0004	713.0000	713.9677	1.0275	-2.6938	100.0186	39.7333	0.8230	0.8249	5.0000	-9999.0000	-9999.0000	-9999.0000	-9999.0000	-9999.0000	-9999.0000	19.9614	7	0	26.9989	1.0000	12	1	-9999.0000	30791	41194	-9999	657	637	-9999	489.1699	5	0.6881	0.6970	-0.0004	71.2644	1.2417	656.2750	488.8303	39.7454	624.3111	92.4769	646.9583	95.5787	655.1786	95.7407	659.4426	95.2546	
19/08/2017	01:23:54	011992	G488068772HLR	L488	S		619.0486	1.0292	10.0000	100.0829	39.8625	0.8430	0.8273	5.0000	18.8996	713.0358	94.9537	24.0391	24.3000	0.9300	0.9233	0.6969	-0.0004	713.0000	712.9680	1.0275	-2.6983	100.1363	40.0094	0.8230	0.8255	5.0000	-9999.0000	-9999.0000	-9999.0000	-9999.0000	-9999.0000	-9999.0000	20.2693	8	0	26.0489	1.0000	12	1	-9999.0000	30792	41195	-9999	657	638	-9999	489.3681	5	0.6881	0.6969	-0.0004	69.5896	1.3411	653.1982	512.8236	39.5139	626.0259	92.4769	647.6044	94.8843	652.5662	95.0926	657.6535	95.2083	
19/08/2017	01:24:19	011992	G488068770HLR	L488	S		617.3942	1.0292	10.0000	100.1126	39.9210	0.8430	0.8274	5.0000	18.8498	713.0830	95.0231	15.1889	24.3000	0.9300	0.9233	0.6969	-0.0004	713.0000	712.3625	1.0275	-2.7010	99.9876	39.7928	0.8230	0.8244	5.0000	-9999.0000	-9999.0000	-9999.0000	-9999.0000	-9999.0000	-9999.0000	20.2088	1	0	24.9190	1.0000	12	1	-9999.0000	30793	41196	-9999	658	639	-9999	492.2186	5	0.6881	0.6969	-0.0004	69.5896	1.3411	668.7176	499.3330	36.8287	637.5021	92.7083	660.1186	93.9120	668.3112	93.7963	672.9420	94.6991	
19/08/2017	01:24:47	011992	G488068789HLR	L488	S		619.6154	1.0292	10.0000	100.1167	39.8760	0.8430	0.8273	5.0000	18.7687	713.0333	94.9769	19.8391	24.3000	0.9300	0.9233	0.6978	-0.0005	713.0000	715.4279	1.0275	-2.6873	99.9873	39.7781	0.8230	0.8252	5.0000	-9999.0000	-9999.0000	-9999.0000	-9999.0000	-9999.0000	-9999.0000	19.3194	2	0	28.4189	1.0000	12	1	-9999.0000	30794	41197	-9999	659	640	-9999	490.6864	5	0.6880	0.6978	-0.0005	67.1235	1.4947	666.4375	514.1865	38.4491	632.0704	92.7778	658.8228	94.8611	666.0050	94.9537	669.8844	95.1852	
19/08/2017	01:25:12	011992	G488068779HLR	L488	S		613.5792	1.0292	10.0000	100.0966	39.8345	0.8430	0.8273	5.0000	18.8001	713.0334	94.9769	16.1791	24.3000	0.9300	0.9234	0.6978	-0.0005	713.0000	714.4039	1.0275	-2.6919	99.9562	40.0226	0.8230	0.8257	5.0000	-9999.0000	-9999.0000	-9999.0000	-9999.0000	-9999.0000	-9999.0000	19.2110	3	0	24.8097	1.0000	12	1	-9999.0000	30795	41198	-9999	660	641	-9999	491.9821	5	0.6880	0.6978	-0.0005	67.1235	1.4947	669.0570	508.0604	39.0278	631.6833	92.1759	661.7260	94.9306	668.7702	95.0000	673.5900	95.2083	
19/08/2017	01:25:49	011992	G488068809HLR	L488	S		613.9456	1.0292	10.0000	100.0967	39.9709	0.8430	0.8274	5.0000	18.9289	713.0463	94.9537	15.1098	24.3000	0.9300	0.9234	0.6974	-0.0005	713.0000	713.0789	1.0275	-2.6978	100.1651	39.8715	0.8230	0.8247	5.0000	-9999.0000	-9999.0000	-9999.0000	-9999.0000	-9999.0000	-9999.0000	19.7389	4	0	37.3481	1.0000	12	1	-9999.0000	30796	41199	-9999	661	642	-9999	492.3219	5	0.6880	0.6974	-0.0005	68.2174	1.4395	670.5327	511.1253	38.1944	633.5708	92.6157	662.4485	94.7222	669.8796	95.0463	676.5246	95.2083	
19/08/2017	01:26:49	011992	G488069276HLR	L488	S		613.3723	1.0292	10.0000	100.0524	39.8000	0.8430	0.8271	5.0000	19.6493	713.0422	94.9537	17.5394	24.5000	0.9300	0.9238	0.6963	-0.0004	713.0000	711.3935	1.0275	-2.7053	100.0217	39.7958	0.8230	0.8248	5.0000	-9999.0000	-9999.0000	-9999.0000	-9999.0000	-9999.0000	-9999.0000	19.4189	6	0	30.6744	1.0000	12	1	-9999.0000	30798	41200	-9999	663	642	-9999	491.4053	5	0.6879	0.6963	-0.0004	77.1991	1.0413	665.8549	511.0374	37.7083	630.9234	92.5463	656.5992	95.4167	665.0397	95.7407	670.7535	95.3241	
19/08/2017	01:27:17	011992	G488069259HLR	L488	S		619.6129	1.0292	10.0000	100.1180	39.9000	0.8430	0.8275	5.0000	18.5901	713.0493	95.0463	13.5503	24.5000	0.9300	0.9235	0.6963	-0.0004	713.0000	713.2364	1.0275	-2.6971	99.9802	39.7701	0.8230	0.8255	5.0000	-9999.0000	-9999.0000	-9999.0000	-9999.0000	-9999.0000	-9999.0000	19.3252	7	0	28.2434	1.0000	12	1	-9999.0000	30799	41201	-9999	664	643	-9999	492.5084	5	0.6879	0.6963	-0.0004	77.1991	1.0413	676.7652	501.7008	39.2593	642.9900	92.3380	668.1311	94.9769	676.3846	95.1620	681.9107	95.2083	
19/08/2017	01:27:47	011992	G488069269HLR	L488	S		590.1638	1.0292	8.5250	100.1267	39.9693	0.8430	0.8273	5.0000	18.9099	713.0288	94.9769	26.4590	24.5000	0.9300	0.9235	0.6965	-0.0004	713.0000	712.0992	1.0275	-2.7021	99.9652	40.0750	0.8230	0.8256	5.0000	-9999.0000	-9999.0000	-9999.0000	-9999.0000	-9999.0000	-9999.0000	19.3646	8	0	29.8192	1.0000	12	1	-9999.0000	30800	41202	-9999	665	644	-9999	488.5488	5	0.6880	0.6965	-0.0004	79.9241	0.9078	650.7698	512.8298	39.4213	616.8967	92.5000	640.9648	96.1574	647.6595	96.2731	652.1856	95.0231	
19/08/2017	01:28:12	011992	G488069272HLR	L488	S		612.5482	1.0292	10.0000	100.1087	39.8190	0.8430	0.8270	5.0000	19.0794	713.0448	94.9306	18.2894	24.6000	0.9300	0.9235	0.6969	-0.0004	713.0000	712.8882	1.0275	-2.6986	100.0205	39.7788	0.8230	0.8246	5.0000	-9999.0000	-9999.0000	-9999.0000	-9999.0000	-9999.0000	-9999.0000	19.2859	1	0	24.8594	1.0000	12	1	-9999.0000	30801	41203	-9999	666	645	-9999	491.0641	5	0.6880	0.6969	-0.0004	80.2794	0.9023	664.6666	503.5320	39.0509	632.0025	91.3657	656.5156	94.2130	664.3017	94.3519	669.1537	94.9074	
19/08/2017	01:28:41	011992	G488069211HLR	L488	S		608.9416	1.0292	10.0000	100.0864	39.9531	0.8430	0.8274	5.0000	19.4290	713.0877	94.9537	19.7795	24.6000	0.9300	0.9235	0.6963	-0.0004	713.0000	712.2007	1.0275	-2.7017	100.0512	39.8381	0.8230	0.8256	5.0000	-9999.0000	-9999.0000	-9999.0000	-9999.0000	-9999.0000	-9999.0000	19.3997	2	0	28.7889	1.0000	12	1	-9999.0000	30802	41204	-9999	667	645	-9999	490.6861	5	0.6883	0.6963	-0.0004	78.7114	0.9995	662.4849	509.4081	37.9861	633.1428	91.0417	655.0380	94.1667	662.1144	94.2361	667.0156	94.7917	
19/08/2017	01:29:09	011992	G488069210HLR	L488	S		623.2708	1.0292	10.0000	100.0754	39.8745	0.8430	0.8270	5.0000	19.6593	713.0512	94.9537	17.4388	24.7000	0.9300	0.9234	0.6961	-0.0004	713.0000	710.0210	1.0275	-2.7114	99.9474	39.9916	0.8230	0.8255	5.0000	-9999.0000	-9999.0000	-9999.0000	-9999.0000	-9999.0000	-9999.0000	19.3207	3	0	28.1690	1.0000	12	1	-9999.0000	30803	41205	-9999	668	646	-9999	491.3969	5	0.6882	0.6961	-0.0004	73.9934	1.2826	665.9631	511.6015	39.8148	634.7239	91.4352	658.2992	93.8426	665.2479	93.8194	669.0186	94.5602	
19/08/2017	01:29:39	011992	G488069292HLR	L488	S		613.6549	1.0292	10.0000	100.1299	39.8750	0.8430	0.8273	5.0000	18.8792	713.0464	94.9306	18.9397	24.8000	0.9300	0.9235	0.6960	-0.0004	713.0000	710.2014	1.0275	-2.7106	99.9108	39.8427	0.8230	0.8248	5.0000	-9999.0000	-9999.0000	-9999.0000	-9999.0000	-9999.0000	-9999.0000	19.4892	4	0	30.3489	1.0000	12	1	-9999.0000	30804	41206	-9999	669	647	-9999	490.9680	5	0.6883	0.6960	-0.0004	73.0292	1.3568	661.6279	515.4481	39.1898	633.8767	91.8287	654.6507	93.3333	661.1716	93.5880	666.2206	94.7222	
19/08/2017	01:30:12	011992	G488069289HLR	L488	S		585.8723	1.0292	8.1534	100.1011	39.9361	0.8430	0.8274	5.0000	18.7688	0.0000	0.0000	0.0000	0.0000	0.9300	0.0000	0.0000	0.0000	0.0000	592.7912	1.0275	-0.1132	99.9806	39.7701	0.8230	0.8253	5.0000	-9999.0000	-9999.0000	-9999.0000	-9999.0000	-9999.0000	-9999.0000	19.7577	5	7	32.5190	1.0000	12	1	-9999.0000	30805	0	-9999	670	648	-9999	0.0000	0	0.0000	0.0000	0.0000	0.0000	0.0000	0.0000	0.0000	0.0000	0.0000	0.0000	0.0000	0.0000	0.0000	0.0000	0.0000	0.0000	
19/08/2017	01:30:43	011992	G488068679HLR	L488	S		612.7218	1.0292	10.0000	99.9512	39.8601	0.8430	0.8268	5.0000	20.8692	713.0509	94.9306	17.8597	24.9000	0.9300	0.9239	0.6964	-0.0004	713.0000	713.0512	1.0275	-2.6979	100.0336	40.0551	0.8230	0.8257	5.0000	-9999.0000	-9999.0000	-9999.0000	-9999.0000	-9999.0000	-9999.0000	19.2095	6	0	30.9476	1.0000	12	1	-9999.0000	30806	41206	-9999	671	649	-9999	491.3374	5	0.6885	0.6964	-0.0004	67.6771	1.6715	668.4780	515.6511	38.4259	636.4176	91.6435	659.5453	94.7454	667.9941	94.9769	672.3501	95.0926	
19/08/2017	01:31:25	011992	G488069267HLR	L488	S		610.7105	1.0292	10.0000	100.0543	39.8054	0.8430	0.8269	5.0000	20.4388	713.0500	94.9306	17.3490	24.8000	0.9300	0.9234	0.6965	-0.0004	713.0000	709.9591	1.0275	-2.7117	99.9560	39.7884	0.8230	0.8244	5.0000	-9999.0000	-9999.0000	-9999.0000	-9999.0000	-9999.0000	-9999.0000	20.2391	7	0	41.8791	1.0000	12	1	-9999.0000	30807	41207	-9999	672	650	-9999	491.5516	5	0.6885	0.6965	-0.0004	69.5301	1.5816	664.6787	512.2661	38.3333	636.2080	91.8519	657.2306	93.6574	664.2377	93.7731	669.4591	94.7222	
19/08/2017	01:31:54	011992	G488069215HLR	L488	S		610.2006	1.0292	10.0000	100.1572	40.0010	0.8430	0.8276	5.0000	18.7796	713.0557	94.9537	19.4495	24.8000	0.9300	0.9233	0.6965	-0.0004	713.0000	712.5449	1.0275	-2.7002	100.0418	39.8283	0.8230	0.8255	5.0000	-9999.0000	-9999.0000	-9999.0000	-9999.0000	-9999.0000	-9999.0000	19.3088	8	0	29.5586	1.0000	12	1	-9999.0000	30808	41208	-9999	673	651	-9999	490.9778	5	0.6885	0.6965	-0.0004	69.5301	1.5816	663.6730	503.4369	38.5880	633.4925	92.2222	655.1431	94.3981	663.0910	94.3750	666.7314	94.9306	
19/08/2017	01:32:29	011992	G488069216HLR	L488	S		613.3184	1.0292	10.0000	100.1149	39.9681	0.8430	0.8271	5.0000	18.8196	713.0509	95.0463	21.7287	24.8000	0.9300	0.9233	0.6965	-0.0004	713.0000	711.8236	1.0275	-2.7034	100.0740	39.9188	0.8230	0.8247	5.0000	-9999.0000	-9999.0000	-9999.0000	-9999.0000	-9999.0000	-9999.0000	19.8500	1	0	35.0886	1.0000	12	1	-9999.0000	30809	41209	-9999	674	652	-9999	490.2941	5	0.6886	0.6965	-0.0004	70.0962	1.5428	662.9338	482.0457	39.6065	632.0586	91.8750	654.6369	95.3009	662.3447	95.5324	665.6069	95.1389	
19/08/2017	01:32:56	011992	G488068915HLR	L488	S		612.0285	1.0292	10.0000	100.1310	39.8096	0.8430	0.8272	5.0000	18.9404	713.0602	94.9537	19.8987	24.8000	0.9300	0.9233	0.6971	-0.0004	713.0000	711.1048	1.0275	-2.7066	100.1928	39.7016	0.8230	0.8249	5.0000	-9999.0000	-9999.0000	-9999.0000	-9999.0000	-9999.0000	-9999.0000	19.7793	2	0	27.0691	1.0000	12	1	-9999.0000	30810	41210	-9999	675	653	-9999	490.9105	5	0.6888	0.6971	-0.0004	70.6330	1.5064	660.5046	525.7716	39.1898	632.1529	92.6157	654.3160	92.7083	659.9077	92.7315	665.4992	95.7176	
