Data	Timp	Nr. masina	Nr. de serie	Tip	Productie	Comentariu	Pre-masurare Q [ml/min]	Pre-masurare Gain	Pre-masurare Offset Master	Pre-masurare P [bar]	Pre-masurare T [°C]	Pre-masurare Densitate fixa [kg/l]	Pre-masurare densitate masurata [kg/l]	Pre-masurare Timp masurare [s]	Pre-masurare Cycle time [s]	rectificare Q Oprire [ml/min]	rectificare P Oprire [bar]	rectificare Timp rectificare [s]	rectificare T [°C]	rectificare Densitate fixa [kg/l]	rectificare densitate masurata [kg/l]	rectificare Factor de masurare la rectificare	rectificare Factor de corectie a debitului	rectificare Target rectificare	Masurare Q [ml/min]	Masurare Gain	Masurare Offset Master	Masurare P [bar]	Masurare T [°C]	Masurare Densitate fixa [kg/l]	Masurare densitate masurata [kg/l]	Masurare Timp masurare [s]	Masurare Q [ml/min]	Masurare Delta Q [ml/min]	Masurare P [bar]	Masurare BP [bar]	Masurare T [°C]	Masurare Timp masurare [s]	Masurare Cycle time [s]	Nest Nr.	Cod de descarcare	Cycle time [s]	Traceability aktiv	EDM Maschine Nr	EDM Spindle Nr	Honing Rate [r	Station Counter Premeasure	Station Counter Grind	Station Counter Blowout 1	Station Counter Wash	Station Counter Measure	Station Counter Blowout 2	RealGrindQStop	Reg Type	Factor 0	Factor 1	Factor 2	Factor 3	Factor 4	G_StartQV	G_StartQV_1	G_StartQV_2	G_StartQV_3	G_StartQV_4	G_StartQV_5	
08/08/2017	00:00:24	011992	G488011221HLR	L488	S		619.9249	1.0292	10.0000	100.0822	39.6643	0.8430	0.8266	5.0000	18.8661	713.0985	95.0231	11.8394	24.1000	0.9300	0.9338	0.6758	-0.0020	713.0000	711.4964	1.0275	-3.1090	99.9916	39.8206	0.8230	0.8242	5.0000	-9999.0000	-9999.0000	-9999.0000	-9999.0000	-9999.0000	-9999.0000	19.2791	4	0	25.1593	1.0000	04	1	-9999.0000	13278	24429	-9999	460	3399	-9999	465.4208	5	0.6491	0.6758	-0.0020	86.8489	0.6214	653.8394	495.1891	37.1065	609.5123	94.0046	652.3447	94.1204	661.7596	94.6296	670.0817	95.1389	
08/08/2017	00:01:15	011992	G488011245HLR	L488	S		618.8088	1.0292	10.0000	100.0862	39.8677	0.8430	0.8267	5.0000	18.9492	713.0966	94.9537	13.2397	24.1000	0.9300	0.9340	0.6760	-0.0020	713.0000	708.5821	1.0275	-3.1476	99.9906	40.1539	0.8230	0.8264	5.0000	-9999.0000	-9999.0000	-9999.0000	-9999.0000	-9999.0000	-9999.0000	19.8182	6	0	26.3984	1.0000	04	1	-9999.0000	13279	24430	-9999	462	3400	-9999	463.5324	5	0.6491	0.6760	-0.0020	85.0190	0.6853	649.2659	489.0535	36.6435	597.2934	95.2778	647.7720	95.5324	656.9080	95.0000	661.3458	94.8611	
08/08/2017	00:01:40	011992	G488011236HLR	L488	S		612.5642	1.0292	10.0000	100.0774	39.7448	0.8430	0.8265	5.0000	18.9395	713.0789	94.9769	16.4789	24.0000	0.9300	0.9338	0.6722	-0.0016	713.0000	710.9625	1.0275	-3.1161	100.1201	39.8228	0.8230	0.8240	5.0000	-9999.0000	-9999.0000	-9999.0000	-9999.0000	-9999.0000	-9999.0000	21.9407	7	0	24.9396	1.0000	04	1	-9999.0000	13280	24431	-9999	463	3401	-9999	460.7133	5	0.6502	0.6722	-0.0016	92.0920	0.1728	641.6416	490.7773	36.2731	595.1821	94.0741	640.2820	94.0278	648.4755	94.6065	654.3346	95.0926	
08/08/2017	00:02:05	011992	G488011217HLR	L488	S		612.0485	1.0292	10.0000	100.1179	39.7599	0.8430	0.8268	5.0000	18.9090	713.0637	94.9537	13.6196	24.0000	0.9300	0.9338	0.6664	-0.0012	713.0000	714.0439	1.0275	-3.0753	100.1848	39.6699	0.8230	0.8246	5.0000	-9999.0000	-9999.0000	-9999.0000	-9999.0000	-9999.0000	-9999.0000	20.3177	8	0	24.9494	1.0000	04	1	-9999.0000	13281	24432	-9999	464	3402	-9999	463.9460	5	0.6501	0.6664	-0.0012	93.1874	0.0919	660.7820	499.7489	35.6944	612.9989	94.6759	659.6120	94.7917	667.3534	94.9537	670.7460	95.1157	
08/08/2017	00:02:30	011992	G488011214HLR	L488	S		621.5168	1.0292	10.0000	100.0367	39.8446	0.8430	0.8266	5.0000	20.0582	713.0648	95.0000	12.2593	24.0000	0.9300	0.9338	0.6664	-0.0012	713.0000	710.3134	1.0275	-3.1247	100.1761	39.9892	0.8230	0.8264	5.0000	-9999.0000	-9999.0000	-9999.0000	-9999.0000	-9999.0000	-9999.0000	19.4090	1	0	25.0184	1.0000	04	1	-9999.0000	13282	24433	-9999	464	3403	-9999	465.0712	5	0.6501	0.6664	-0.0012	93.1874	0.0919	658.6493	505.5829	36.1806	610.7347	93.6574	657.3466	93.5185	666.0906	94.3287	673.4764	95.1157	
08/08/2017	00:02:55	011992	G488012660HLR	L488	S		562.3099	1.0292	6.1134	100.0990	39.7990	0.8430	0.8267	5.0000	18.8088	0.0000	0.0000	0.0000	0.0000	0.9300	0.0000	0.0000	0.0000	0.0000	576.5532	1.0275	1.4937	99.9399	40.1344	0.8230	0.8265	5.0000	-9999.0000	-9999.0000	-9999.0000	-9999.0000	-9999.0000	-9999.0000	19.4396	2	7	24.9591	1.0000	04	1	-9999.0000	13283	0	-9999	465	3404	-9999	0.0000	0	0.0000	0.0000	0.0000	0.0000	0.0000	0.0000	0.0000	0.0000	0.0000	0.0000	0.0000	0.0000	0.0000	0.0000	0.0000	0.0000	
08/08/2017	00:03:20	011992	G488011211HLR	L488	S		619.3445	1.0292	10.0000	100.0834	39.8000	0.8430	0.8268	5.0000	18.7190	713.0770	95.1389	10.7701	24.1000	0.9300	0.9339	0.6653	-0.0011	713.0000	711.6692	1.0275	-3.1068	100.0694	39.9122	0.8230	0.8248	5.0000	-9999.0000	-9999.0000	-9999.0000	-9999.0000	-9999.0000	-9999.0000	19.1979	3	0	25.1993	1.0000	04	1	-9999.0000	13284	24434	-9999	466	3405	-9999	466.4595	5	0.6498	0.6653	-0.0011	91.6895	0.2233	667.8512	465.7816	34.8380	612.2233	94.0046	666.4862	93.9120	674.9843	94.6065	682.0073	95.1157	
08/08/2017	00:03:47	011992	G488011381HLR	L488	S		621.4131	1.0292	10.0000	100.1222	39.8369	0.8430	0.8268	5.0000	18.8082	713.0600	95.0926	10.9596	24.1000	0.9300	0.9338	0.6672	-0.0012	713.0000	712.5639	1.0275	-3.0949	100.1588	39.6595	0.8230	0.8243	5.0000	-9999.0000	-9999.0000	-9999.0000	-9999.0000	-9999.0000	-9999.0000	21.7280	4	0	26.4286	1.0000	04	1	-9999.0000	13285	24435	-9999	467	3406	-9999	466.7563	5	0.6498	0.6672	-0.0012	95.6674	0.0189	665.5450	501.8425	35.5556	607.4945	94.3750	664.7916	94.2593	672.7698	94.7222	679.3547	95.1389	
08/08/2017	00:04:13	011992	G488011240HLR	L488	S		619.9869	1.0292	10.0000	100.0921	39.8192	0.8430	0.8267	5.0000	18.8093	713.0468	94.9537	14.0893	24.1000	0.9300	0.9339	0.6676	-0.0012	713.0000	712.5146	1.0275	-3.0956	100.1058	39.9261	0.8230	0.8251	5.0000	-9999.0000	-9999.0000	-9999.0000	-9999.0000	-9999.0000	-9999.0000	22.8592	5	0	25.7091	1.0000	04	1	-9999.0000	13286	24436	-9999	468	3407	-9999	464.2680	5	0.6505	0.6676	-0.0012	89.1448	0.4749	654.3084	513.7436	35.8796	603.2290	94.5833	652.7540	94.3519	660.9556	94.7454	666.4786	95.1157	
08/08/2017	00:04:38	011992	G488011398HLR	L488	S		618.0950	1.0292	10.0000	100.1050	39.8000	0.8430	0.8267	5.0000	18.8888	713.0344	94.9769	12.6792	24.1000	0.9300	0.9339	0.6676	-0.0012	713.0000	714.7295	1.0275	-3.0662	100.1148	40.0024	0.8230	0.8243	5.0000	-9999.0000	-9999.0000	-9999.0000	-9999.0000	-9999.0000	-9999.0000	22.2091	6	0	24.9200	1.0000	04	1	-9999.0000	13287	24437	-9999	469	3408	-9999	465.4467	5	0.6505	0.6676	-0.0012	89.1448	0.4749	660.6727	496.8846	35.2546	608.5230	94.6065	659.6228	94.3750	667.2148	94.7685	672.5633	95.1157	
08/08/2017	00:05:03	011992	G488011358HLR	L488	S		614.5951	1.0292	10.0000	100.1338	39.8198	0.8430	0.8268	5.0000	18.8658	713.0906	95.0463	11.2896	24.2000	0.9300	0.9339	0.6678	-0.0012	713.0000	711.1936	1.0275	-3.1131	100.0411	39.8435	0.8230	0.8246	5.0000	-9999.0000	-9999.0000	-9999.0000	-9999.0000	-9999.0000	-9999.0000	19.7373	7	0	25.3584	1.0000	04	1	-9999.0000	13288	24438	-9999	470	3409	-9999	466.9776	5	0.6509	0.6678	-0.0012	86.0981	0.6526	662.9917	500.4652	36.6667	608.8855	94.6296	661.4368	94.5370	670.8634	94.8148	677.9120	95.1389	
08/08/2017	00:11:13	011992	G488011388HLR	L488	S		622.9884	1.0292	10.0000	100.0116	39.8054	0.8430	0.8263	5.0000	20.7384	713.0627	95.0463	9.9596	24.2000	0.9300	0.9339	0.6700	-0.0013	713.0000	712.2908	1.0275	-3.0985	100.1306	39.8004	0.8230	0.8246	5.0000	-9999.0000	-9999.0000	-9999.0000	-9999.0000	-9999.0000	-9999.0000	21.7688	8	0	369.7363	1.0000	04	1	-9999.0000	13289	24439	-9999	471	3410	-9999	468.3627	5	0.6517	0.6700	-0.0013	81.2026	1.0078	669.0224	495.8129	35.3472	611.0812	94.6528	667.6197	94.5370	676.8288	94.8380	683.3111	95.0694	
08/08/2017	00:11:38	011992	G488011373HLR	L488	S		621.2707	1.0292	10.0000	100.1254	39.8118	0.8430	0.8267	5.0000	18.8099	713.0697	95.0000	11.4693	24.3000	0.9300	0.9339	0.6693	-0.0013	713.0000	715.4185	1.0275	-3.0571	100.0893	40.0271	0.8230	0.8252	5.0000	-9999.0000	-9999.0000	-9999.0000	-9999.0000	-9999.0000	-9999.0000	21.0831	1	0	24.9892	1.0000	04	1	-9999.0000	13290	24440	-9999	472	3411	-9999	466.9734	5	0.6527	0.6693	-0.0013	80.5064	0.9774	667.5424	482.1033	37.2454	620.4870	95.3241	666.2181	95.5324	674.1966	95.2778	678.9330	94.9306	
08/08/2017	00:12:03	011992	G488011378HLR	L488	S		620.0692	1.0292	10.0000	100.1414	39.8503	0.8430	0.8267	5.0000	18.8488	713.0662	95.0926	10.1393	24.3000	0.9300	0.9339	0.6693	-0.0013	713.0000	711.0987	1.0275	-3.1143	99.8888	39.8678	0.8230	0.8241	5.0000	-9999.0000	-9999.0000	-9999.0000	-9999.0000	-9999.0000	-9999.0000	20.4144	2	0	24.9496	1.0000	04	1	-9999.0000	13291	24441	-9999	473	3412	-9999	468.1222	5	0.6529	0.6693	-0.0013	82.9531	0.8762	667.6160	467.3651	35.8565	619.1244	94.8611	666.1995	94.9537	675.8463	95.0231	682.8196	95.0926	
08/08/2017	00:12:29	011992	G488011250HLR	L488	S		614.9757	1.0292	10.0000	100.1382	39.8305	0.8430	0.8267	5.0000	18.8184	713.1249	95.0000	11.8199	24.3000	0.9300	0.9339	0.6708	-0.0014	713.0000	710.6283	1.0275	-3.1205	100.1363	39.3144	0.8230	0.8242	5.0000	-9999.0000	-9999.0000	-9999.0000	-9999.0000	-9999.0000	-9999.0000	19.9034	3	0	26.3989	1.0000	04	1	-9999.0000	13292	24442	-9999	474	3413	-9999	466.7163	5	0.6531	0.6708	-0.0014	80.8500	1.0249	659.6459	517.7455	36.9213	609.5841	94.8380	658.5144	94.7917	668.0454	94.9769	673.2219	95.1620	
08/08/2017	00:12:54	011992	G488011168HLR	L488	S		617.8624	1.0292	10.0000	100.1443	39.8218	0.8430	0.8267	5.0000	18.8694	713.1149	94.9074	13.5991	24.4000	0.9300	0.9339	0.6716	-0.0015	713.0000	709.4664	1.0275	-3.1359	100.0520	39.9311	0.8230	0.8267	5.0000	-9999.0000	-9999.0000	-9999.0000	-9999.0000	-9999.0000	-9999.0000	22.2266	4	0	24.9787	1.0000	04	1	-9999.0000	13293	24443	-9999	475	3414	-9999	464.9323	5	0.6534	0.6716	-0.0015	79.3938	1.1392	651.1111	504.8126	35.6250	604.0286	94.7685	649.8152	94.7917	658.9361	94.9306	665.8181	95.1157	
08/08/2017	00:13:20	011992	G488011164HLR	L488	S		610.0356	1.0292	10.0000	100.1251	39.8599	0.8430	0.8268	5.0000	18.6688	713.0388	95.0926	11.4205	24.2000	0.9300	0.9336	0.6711	-0.0014	713.0000	713.4881	1.0275	-3.0827	100.0885	40.4391	0.8230	0.8266	5.0000	-9999.0000	-9999.0000	-9999.0000	-9999.0000	-9999.0000	-9999.0000	19.4144	5	0	25.8692	1.0000	04	1	-9999.0000	13294	24444	-9999	476	3415	-9999	466.8236	5	0.6533	0.6711	-0.0014	79.3515	1.1905	673.2874	464.1929	37.8472	573.0574	98.0324	664.6938	98.0324	673.3282	94.6991	673.8607	94.3981	
08/08/2017	00:13:45	011992	G488011387HLR	L488	S		613.4468	1.0292	10.0000	99.9985	39.5938	0.8430	0.8269	5.0000	20.1035	713.1081	95.0463	12.3394	24.1000	0.9300	0.9334	0.6756	-0.0018	713.0000	713.7767	1.0275	-3.0789	100.1458	39.6808	0.8230	0.8231	5.0000	-9999.0000	-9999.0000	-9999.0000	-9999.0000	-9999.0000	-9999.0000	22.2074	6	0	24.9688	1.0000	04	1	-9999.0000	13295	24445	-9999	476	3416	-9999	465.8822	5	0.6543	0.6756	-0.0018	58.8270	3.1013	650.7539	500.2838	37.7083	604.7266	92.9398	649.9743	92.6620	658.7161	94.0278	667.9943	95.1620	
08/08/2017	00:14:10	011992	G488011377HLR	L488	S		623.1881	1.0292	10.0000	99.9620	39.7218	0.8430	0.8271	5.0000	18.5090	713.1156	95.1157	10.8395	24.1000	0.9300	0.9335	0.6730	-0.0016	713.0000	714.4687	1.0275	-3.0697	100.1991	39.4739	0.8230	0.8246	5.0000	-9999.0000	-9999.0000	-9999.0000	-9999.0000	-9999.0000	-9999.0000	19.7684	7	0	25.0090	1.0000	04	1	-9999.0000	13296	24446	-9999	477	3417	-9999	467.9822	5	0.6550	0.6730	-0.0016	84.1951	0.7467	661.8093	484.8823	37.0139	614.5462	92.8472	660.4683	92.8241	668.1901	94.0972	678.0593	95.1852	
08/08/2017	00:14:35	011992	G488011177HLR	L488	S		604.5191	1.0292	9.7679	99.9974	39.7236	0.8430	0.8266	5.0000	20.0583	713.0873	95.0231	11.7300	24.1000	0.9300	0.9336	0.6699	-0.0013	713.0000	715.6434	1.0275	-3.0541	100.2299	40.1000	0.8230	0.8273	5.0000	-9999.0000	-9999.0000	-9999.0000	-9999.0000	-9999.0000	-9999.0000	19.5541	8	0	24.8389	1.0000	04	1	-9999.0000	13297	24447	-9999	478	3418	-9999	467.1224	5	0.6551	0.6699	-0.0013	86.1752	0.5886	658.8078	510.9110	35.9954	610.7559	93.4954	657.8408	93.5648	666.6281	94.4213	675.4897	95.1389	
08/08/2017	00:15:13	011992	G488011173HLR	L488	S		611.5485	1.0292	10.0000	100.0376	39.6192	0.8430	0.8266	5.0000	19.0539	713.1020	95.0000	11.4888	24.1000	0.9300	0.9336	0.6702	-0.0013	713.0000	716.2516	1.0275	-3.0461	100.1098	40.3335	0.8230	0.8259	5.0000	-9999.0000	-9999.0000	-9999.0000	-9999.0000	-9999.0000	-9999.0000	19.6163	1	0	38.6793	1.0000	04	1	-9999.0000	13298	24448	-9999	479	3418	-9999	467.3165	5	0.6549	0.6702	-0.0013	88.3579	0.4575	661.4251	492.0671	36.4583	613.2593	93.2407	660.2049	93.3333	669.2648	94.2824	677.6905	95.1620	
08/08/2017	00:15:43	011992	G488011187HLR	L488	S		606.6626	1.0292	9.9535	100.0504	39.6465	0.8430	0.8270	5.0000	18.6894	713.0742	94.9537	13.7593	24.1000	0.9300	0.9337	0.6714	-0.0014	713.0000	715.6184	1.0275	-3.0545	100.1679	39.8491	0.8230	0.8243	5.0000	-9999.0000	-9999.0000	-9999.0000	-9999.0000	-9999.0000	-9999.0000	19.3909	2	0	29.4808	1.0000	04	1	-9999.0000	13299	24449	-9999	480	3419	-9999	465.0107	5	0.6547	0.6714	-0.0014	90.4003	0.3916	651.4492	500.7718	36.4120	606.2382	93.3796	650.3294	93.4722	659.1831	94.3981	666.9701	95.1852	
08/08/2017	00:16:12	011992	G488011172HLR	L488	S		604.8888	1.0292	9.7999	100.0901	39.8000	0.8430	0.8270	5.0000	18.8970	713.0660	95.0694	11.2994	24.1000	0.9300	0.9337	0.6706	-0.0013	713.0000	714.8249	1.0275	-3.0650	100.0127	39.9192	0.8230	0.8263	5.0000	-9999.0000	-9999.0000	-9999.0000	-9999.0000	-9999.0000	-9999.0000	19.3914	3	0	29.1375	1.0000	04	1	-9999.0000	13300	24450	-9999	481	3420	-9999	467.3632	5	0.6550	0.6706	-0.0013	56.3935	3.3699	660.5262	499.9525	35.7176	611.0777	93.3796	659.3809	93.3102	666.9919	94.2361	675.5186	95.1389	
08/08/2017	00:16:38	011992	G488011354HLR	L488	S		616.0114	1.0292	10.0000	100.0519	39.7423	0.8430	0.8267	5.0000	18.5523	713.0959	94.9537	13.4487	24.1000	0.9300	0.9337	0.6674	-0.0011	713.0000	714.6163	1.0275	-3.0677	100.1052	40.1224	0.8230	0.8259	5.0000	-9999.0000	-9999.0000	-9999.0000	-9999.0000	-9999.0000	-9999.0000	19.4466	4	0	26.2280	1.0000	04	1	-9999.0000	13301	24451	-9999	482	3421	-9999	465.7487	5	0.6552	0.6674	-0.0011	45.6434	4.4094	655.5573	506.8212	38.0324	614.0100	93.7731	654.4709	93.8426	663.2848	94.6065	670.4744	95.1620	
08/08/2017	00:17:06	011992	G488010183HLR	L488	S		611.1796	1.0292	10.0000	100.0874	39.6629	0.8430	0.8268	5.0000	18.6692	714.9250	93.9120	27.8496	24.1000	0.9300	0.9337	0.6751	-0.0018	713.0000	714.5180	1.0275	-3.0690	100.0828	39.6998	0.8230	0.8238	5.0000	-9999.0000	-9999.0000	-9999.0000	-9999.0000	-9999.0000	-9999.0000	22.6773	5	0	28.1733	1.0000	04	1	-9999.0000	13302	24452	-9999	482	3422	-9999	456.6081	5	0.6540	0.6751	-0.0018	67.4653	2.6845	555.6504	498.2040	35.8565	532.0030	94.6991	555.1912	94.6065	557.6913	94.9074	562.6336	95.0926	
08/08/2017	00:17:33	011992	G488010172HLR	L488	S		612.4931	1.0292	10.0000	100.0880	39.7745	0.8430	0.8270	5.0000	18.8988	713.0878	94.9769	18.6292	24.2000	0.9300	0.9338	0.6774	-0.0020	713.0000	704.1133	1.0275	-3.2068	100.0245	39.7299	0.8230	0.8248	5.0000	-9999.0000	-9999.0000	-9999.0000	-9999.0000	-9999.0000	-9999.0000	21.0689	6	1	26.5347	1.0000	04	1	-9999.0000	13303	24452	-9999	482	3423	-9999	457.3037	5	0.6541	0.6774	-0.0020	80.1962	1.7485	628.2759	469.0091	36.0648	584.4329	93.8657	627.3113	93.6806	633.4808	94.4444	641.3895	95.0694	
08/08/2017	00:17:59	011992	G488010163HLR	L488	S		608.2592	1.0292	10.0000	100.1178	39.7824	0.8430	0.8267	5.0000	18.6760	713.0657	95.0000	18.3997	24.2000	0.9300	0.9338	0.6700	-0.0014	713.0000	702.9265	1.0275	-3.2225	100.0241	40.0595	0.8230	0.8255	5.0000	-9999.0000	-9999.0000	-9999.0000	-9999.0000	-9999.0000	-9999.0000	21.6589	7	1	25.5693	1.0000	04	1	-9999.0000	13304	24453	-9999	483	3424	-9999	456.5804	5	0.6535	0.6700	-0.0014	109.4305	-0.6414	623.3342	487.0065	36.6667	584.4269	93.6806	622.1130	93.3565	630.5576	94.3519	638.5086	95.1620	
08/08/2017	00:18:25	011992	G488011196HLR	L488	S		601.7769	1.0292	9.5305	100.1270	39.6455	0.8430	0.8268	5.0000	18.7728	713.0805	94.9537	14.2592	24.3000	0.9300	0.9339	0.6700	-0.0014	713.0000	716.7911	1.0275	-3.0390	100.1712	39.9259	0.8230	0.8241	5.0000	-9999.0000	-9999.0000	-9999.0000	-9999.0000	-9999.0000	-9999.0000	22.1491	8	0	26.0489	1.0000	04	1	-9999.0000	13305	24454	-9999	484	3425	-9999	463.4666	5	0.6535	0.6700	-0.0014	109.4305	-0.6414	652.6147	506.1230	36.8287	607.5952	93.9352	651.3009	93.6574	659.4202	94.4676	666.4133	95.1157	
08/08/2017	00:18:52	011992	G488010420HLR	L488	S		612.9957	1.0292	10.0000	100.0917	39.8347	0.8430	0.8271	5.0000	18.8724	713.0259	94.9769	17.5091	24.3000	0.9300	0.9339	0.6637	-0.0009	713.0000	707.0430	1.0275	-3.1680	100.0862	39.6283	0.8230	0.8237	5.0000	-9999.0000	-9999.0000	-9999.0000	-9999.0000	-9999.0000	-9999.0000	22.4394	1	0	26.9927	1.0000	04	1	-9999.0000	13306	24455	-9999	485	3426	-9999	462.1088	5	0.6517	0.6637	-0.0009	102.2178	0.0229	643.7975	517.1935	35.3009	603.6151	94.3750	643.0262	94.1667	650.6311	94.6991	655.6211	95.1389	
08/08/2017	00:19:17	011992	G488010212HLR	L488	S		610.2944	1.0292	10.0000	100.1146	39.8301	0.8430	0.8267	5.0000	18.7093	713.0627	94.9537	15.6196	24.3000	0.9300	0.9339	0.6633	-0.0009	713.0000	711.6737	1.0275	-3.1067	100.1103	39.8695	0.8230	0.8253	5.0000	-9999.0000	-9999.0000	-9999.0000	-9999.0000	-9999.0000	-9999.0000	21.6285	2	0	24.8949	1.0000	04	1	-9999.0000	13307	24456	-9999	486	3427	-9999	463.5020	5	0.6511	0.6633	-0.0009	104.8530	-0.1527	654.9020	505.4046	34.9306	609.1575	94.3287	653.9053	94.1204	661.3769	94.6759	666.4415	95.1389	
08/08/2017	00:19:44	011992	G488010251HLR	L488	S		611.7510	1.0292	10.0000	100.1012	39.7253	0.8430	0.8267	5.0000	18.8294	713.0780	94.9537	14.2290	24.4000	0.9300	0.9339	0.6628	-0.0008	713.0000	709.0729	1.0275	-3.1411	100.1657	40.2130	0.8230	0.8261	5.0000	-9999.0000	-9999.0000	-9999.0000	-9999.0000	-9999.0000	-9999.0000	19.1986	3	0	27.0498	1.0000	04	1	-9999.0000	13308	24457	-9999	487	3428	-9999	464.3844	5	0.6507	0.6628	-0.0008	105.2007	-0.2276	655.0618	510.0791	35.6481	605.0567	94.3056	654.0525	93.7037	660.9053	94.5139	668.7675	95.1852	
08/08/2017	00:20:16	011992	G488010245HLR	L488	S		612.4871	1.0292	10.0000	100.1289	39.8000	0.8430	0.8270	5.0000	18.9192	713.0588	94.9769	12.9399	24.4000	0.9300	0.9339	0.6624	-0.0008	713.0000	708.5133	1.0275	-3.1485	100.0238	39.8439	0.8230	0.8237	5.0000	-9999.0000	-9999.0000	-9999.0000	-9999.0000	-9999.0000	-9999.0000	22.6956	4	0	32.7289	1.0000	04	1	-9999.0000	13309	24458	-9999	487	3429	-9999	464.8999	5	0.6500	0.6624	-0.0008	107.9908	-0.3033	659.8433	507.2050	35.2546	612.8938	94.4213	658.5461	94.2361	666.4481	94.6759	673.1037	95.1389	
08/08/2017	00:20:43	011992	G488010234HLR	L488	S		613.9692	1.0292	10.0000	100.0826	39.8461	0.8430	0.8268	5.0000	19.0198	713.0784	94.9537	16.1195	24.5000	0.9300	0.9339	0.6614	-0.0007	713.0000	711.0284	1.0275	-3.1152	100.0862	39.6581	0.8230	0.8241	5.0000	-9999.0000	-9999.0000	-9999.0000	-9999.0000	-9999.0000	-9999.0000	22.1691	5	0	26.8887	1.0000	04	1	-9999.0000	13310	24459	-9999	488	3430	-9999	463.3086	5	0.6498	0.6614	-0.0007	114.2902	-0.6820	655.0874	490.4249	35.1157	600.9968	94.8148	654.1633	94.3981	660.3216	94.8380	666.3552	95.1620	
08/08/2017	00:21:10	011992	G488010255HLR	L488	S		599.9182	1.0292	9.3695	100.1053	39.7886	0.8430	0.8266	5.0000	18.9191	713.0766	94.9537	13.1294	24.4000	0.9300	0.9338	0.6561	-0.0003	713.0000	708.7845	1.0275	-3.1450	100.1264	40.1441	0.8230	0.8266	5.0000	-9999.0000	-9999.0000	-9999.0000	-9999.0000	-9999.0000	-9999.0000	19.2587	6	0	26.7881	1.0000	04	1	-9999.0000	13311	24460	-9999	489	3431	-9999	464.8227	5	0.6497	0.6561	-0.0003	112.2134	-0.6103	664.2222	491.9178	34.5833	605.5084	95.0463	663.3434	94.4907	670.5993	94.7917	676.9619	95.1389	
08/08/2017	00:21:35	011992	G488010455HLR	L488	S		609.8445	1.0292	10.0000	100.1140	39.7946	0.8430	0.8268	5.0000	18.8878	713.0859	94.9537	16.0795	24.4000	0.9300	0.9338	0.6632	-0.0008	713.0000	705.6980	1.0275	-3.1858	100.0977	39.9918	0.8230	0.8241	5.0000	-9999.0000	-9999.0000	-9999.0000	-9999.0000	-9999.0000	-9999.0000	22.6080	7	1	24.8800	1.0000	04	1	-9999.0000	13312	24461	-9999	490	3432	-9999	463.7931	5	0.6499	0.6632	-0.0008	136.2396	-2.3286	647.5024	507.6880	34.9306	596.7611	95.0926	646.3775	95.0463	654.7081	95.0231	659.4056	95.0463	
08/08/2017	00:22:00	011992	G488010130HLR	L488	S		591.8063	1.0292	8.6672	100.0651	39.8289	0.8430	0.8269	5.0000	18.7700	713.0470	94.9306	21.8185	24.3000	0.9300	0.9337	0.6690	-0.0011	713.0000	720.3775	1.0275	-2.9915	100.1441	39.7259	0.8230	0.8240	5.0000	-9999.0000	-9999.0000	-9999.0000	-9999.0000	-9999.0000	-9999.0000	21.2725	8	2	25.1883	1.0000	04	1	-9999.0000	13313	24462	-9999	491	3433	-9999	460.5355	5	0.6503	0.6690	-0.0011	93.5789	0.2328	622.6188	504.5769	36.6204	555.7414	95.3009	620.5565	95.0000	630.7064	94.9769	637.4309	95.0000	
08/08/2017	00:22:26	011992	G488010149HLR	L488	S		619.9225	1.0292	10.0000	100.0939	39.8419	0.8430	0.8267	5.0000	18.7563	713.0713	94.9537	16.0395	24.2000	0.9300	0.9337	0.6690	-0.0011	713.0000	711.9571	1.0275	-3.1030	100.2138	39.8934	0.8230	0.8258	5.0000	-9999.0000	-9999.0000	-9999.0000	-9999.0000	-9999.0000	-9999.0000	19.4990	1	0	25.9289	1.0000	04	1	-9999.0000	13314	24462	-9999	492	3434	-9999	465.0003	5	0.6503	0.6690	-0.0011	93.5789	0.2328	646.0544	498.1110	36.7824	599.4600	94.1204	645.1589	93.8426	652.0412	94.5370	659.0620	95.0694	
08/08/2017	00:22:57	011992	G488010122HLR	L488	S		613.3874	1.0292	10.0000	100.0582	39.8158	0.8430	0.8268	5.0000	18.7687	713.0794	94.9537	15.9799	24.2000	0.9300	0.9337	0.6706	-0.0011	713.0000	713.7341	1.0275	-3.0794	100.0438	40.1012	0.8230	0.8249	5.0000	-9999.0000	-9999.0000	-9999.0000	-9999.0000	-9999.0000	-9999.0000	22.4589	2	0	30.6394	1.0000	04	1	-9999.0000	13314	24463	-9999	493	3435	-9999	465.2675	5	0.6507	0.6706	-0.0011	130.9830	-2.0386	650.5604	496.6362	36.0185	604.6236	95.1157	649.5536	94.9306	655.3725	95.0231	660.0486	95.1389	
08/08/2017	00:23:23	011992	G488010115HLR	L488	S		615.3868	1.0292	10.0000	100.0914	39.7832	0.8430	0.8267	5.0000	19.4386	713.0794	94.9769	13.6694	24.1000	0.9300	0.9337	0.6715	-0.0012	713.0000	712.8102	1.0275	-3.0917	100.0435	39.9573	0.8230	0.8242	5.0000	-9999.0000	-9999.0000	-9999.0000	-9999.0000	-9999.0000	-9999.0000	21.2504	3	0	26.0586	1.0000	04	1	-9999.0000	13315	24464	-9999	493	3436	-9999	467.1675	5	0.6526	0.6715	-0.0012	109.1589	-0.8127	652.7100	491.6820	35.3009	603.5446	95.1852	651.6358	94.6296	659.2692	94.8380	665.8270	95.0694	
08/08/2017	00:23:48	011992	G488012652HLR	L488	S		624.1397	1.0292	10.0000	100.0512	39.8615	0.8430	0.8269	5.0000	18.5684	713.0535	94.9306	14.2387	24.1000	0.9300	0.9337	0.6682	-0.0009	713.0000	715.6099	1.0275	-3.0546	100.1750	39.8246	0.8230	0.8250	5.0000	-9999.0000	-9999.0000	-9999.0000	-9999.0000	-9999.0000	-9999.0000	19.1987	4	0	25.3291	1.0000	04	4	-9999.0000	13316	24465	-9999	494	3437	-9999	466.8970	5	0.6517	0.6682	-0.0009	128.0954	-1.8685	657.8249	493.9011	35.2546	602.1736	95.0926	656.4220	94.6759	664.2912	94.9074	669.3666	95.0926	
08/08/2017	00:24:15	011992	G488012670HLR	L488	S		620.8712	1.0292	10.0000	100.1205	39.8476	0.8430	0.8267	5.0000	18.7797	713.0559	94.9074	14.1489	24.1000	0.9300	0.9337	0.6754	-0.0014	713.0000	713.5484	1.0275	-3.0819	100.1610	39.9756	0.8230	0.8260	5.0000	-9999.0000	-9999.0000	-9999.0000	-9999.0000	-9999.0000	-9999.0000	19.2086	5	0	26.7395	1.0000	04	4	-9999.0000	13317	24466	-9999	495	3438	-9999	467.0423	5	0.6520	0.6754	-0.0014	136.3688	-2.4477	648.7392	490.9572	32.9861	592.0378	95.2083	647.9039	94.5139	656.1230	94.7685	661.8270	95.0926	
08/08/2017	00:24:44	011992	G488012672HLR	L488	S		615.4336	1.0292	10.0000	100.1224	39.7968	0.8430	0.8267	5.0000	18.8390	713.0571	94.9306	19.7288	24.1000	0.9300	0.9339	0.6798	-0.0018	713.0000	714.1621	1.0275	-3.0738	100.1483	40.1270	0.8230	0.8258	5.0000	-9999.0000	-9999.0000	-9999.0000	-9999.0000	-9999.0000	-9999.0000	19.1903	6	0	29.4988	1.0000	04	4	-9999.0000	13318	24467	-9999	496	3439	-9999	463.7341	5	0.6528	0.6798	-0.0018	114.9500	-1.1168	643.2972	477.0226	35.7870	585.9752	95.5324	642.3217	95.1389	648.2650	95.0926	653.0689	95.0463	
08/08/2017	00:25:10	011992	G488012673HLR	L488	S		622.0159	1.0292	10.0000	100.1139	39.8222	0.8430	0.8268	5.0000	18.9790	713.0645	94.9537	15.2289	24.1000	0.9300	0.9338	0.6798	-0.0018	713.0000	713.6371	1.0275	-3.0807	100.1541	39.9259	0.8230	0.8248	5.0000	-9999.0000	-9999.0000	-9999.0000	-9999.0000	-9999.0000	-9999.0000	19.7790	7	0	25.5089	1.0000	04	4	-9999.0000	13319	24468	-9999	497	3440	-9999	465.5014	5	0.6528	0.6798	-0.0018	114.9500	-1.1168	645.1453	499.4921	36.0648	596.3685	95.2778	643.7719	95.1852	651.8202	95.1157	657.0094	95.0231	
08/08/2017	00:25:36	011992	G488012644HLR	L488	S		624.7114	1.0292	10.0000	100.1437	39.8597	0.8430	0.8267	5.0000	18.9939	713.0251	94.9769	14.4086	24.1000	0.9300	0.9338	0.6728	-0.0013	713.0000	716.4284	1.0275	-3.0438	100.1120	39.8100	0.8230	0.8245	5.0000	-9999.0000	-9999.0000	-9999.0000	-9999.0000	-9999.0000	-9999.0000	21.8656	8	0	26.5887	1.0000	04	4	-9999.0000	13320	24469	-9999	498	3441	-9999	466.5133	5	0.6529	0.6728	-0.0013	109.4938	-0.8518	656.3356	494.5417	35.4630	604.5668	95.0694	655.3781	94.7917	661.9980	94.9306	667.7305	95.1157	
08/08/2017	00:26:02	011992	G488011242HLR	L488	S		617.0288	1.0292	10.0000	100.1043	39.7806	0.8430	0.8266	5.0000	18.9594	713.0758	94.9537	15.8998	24.0000	0.9300	0.9338	0.6748	-0.0014	713.0000	713.0249	1.0275	-3.0888	100.0873	39.9591	0.8230	0.8252	5.0000	-9999.0000	-9999.0000	-9999.0000	-9999.0000	-9999.0000	-9999.0000	20.9091	1	0	25.6690	1.0000	04	4	-9999.0000	13321	24470	-9999	499	3442	-9999	464.9891	5	0.6529	0.6748	-0.0014	108.0820	-0.7865	643.0131	498.3375	36.3889	588.6205	95.0000	642.0134	94.6528	648.2933	94.8843	654.8965	95.1389	
08/08/2017	00:26:31	011992	G488011232HLR	L488	S		613.5063	1.0292	10.0000	100.0843	39.8214	0.8430	0.8269	5.0000	18.9094	713.0434	94.9537	18.6897	23.9000	0.9300	0.9338	0.6672	-0.0009	713.0000	715.6666	1.0275	-3.0538	100.1468	39.9583	0.8230	0.8246	5.0000	-9999.0000	-9999.0000	-9999.0000	-9999.0000	-9999.0000	-9999.0000	21.6380	2	0	28.7299	1.0000	04	4	-9999.0000	13322	24471	-9999	500	3443	-9999	463.4831	5	0.6523	0.6672	-0.0009	95.6393	0.0277	645.8241	512.1871	36.2500	599.3570	95.3241	644.4823	95.0000	652.0406	95.0463	656.1303	95.0694	
08/08/2017	00:26:56	011992	G488012655HLR	L488	S		615.9152	1.0292	10.0000	100.1307	39.8964	0.8430	0.8268	5.0000	18.7698	713.0683	94.9769	14.0092	23.8000	0.9300	0.9337	0.6672	-0.0009	713.0000	718.3464	1.0275	-3.0184	100.1327	39.9158	0.8230	0.8250	5.0000	-9999.0000	-9999.0000	-9999.0000	-9999.0000	-9999.0000	-9999.0000	19.4527	3	0	25.6489	1.0000	04	4	-9999.0000	13323	24472	-9999	501	3443	-9999	466.6546	5	0.6523	0.6672	-0.0009	95.6393	0.0277	660.6567	503.1919	35.8333	611.0017	95.0694	659.8011	94.7454	667.2541	94.9306	673.0515	95.1157	
08/08/2017	00:27:24	011992	G488012678HLR	L488	S		620.9564	1.0292	10.0000	100.1332	39.8110	0.8430	0.8266	5.0000	18.7999	713.0968	94.9769	15.7797	23.8000	0.9300	0.9338	0.6639	-0.0007	713.0000	715.2317	1.0275	-3.0596	100.1140	39.8697	0.8230	0.8246	5.0000	-9999.0000	-9999.0000	-9999.0000	-9999.0000	-9999.0000	-9999.0000	22.1684	4	0	27.2987	1.0000	04	4	-9999.0000	13324	24473	-9999	501	3444	-9999	465.4808	5	0.6518	0.6639	-0.0007	79.4948	0.9634	654.7810	517.2020	38.1250	611.2765	95.1389	653.5476	94.7222	659.8136	94.9306	665.5239	95.1389	
08/08/2017	00:27:50	011992	G488012642HLR	L488	S		619.4243	1.0292	10.0000	100.1119	39.8000	0.8430	0.8268	5.0000	18.9384	713.0477	94.9769	14.8198	23.7000	0.9300	0.9337	0.6644	-0.0008	713.0000	715.7319	1.0275	-3.0530	100.0858	39.9068	0.8230	0.8246	5.0000	-9999.0000	-9999.0000	-9999.0000	-9999.0000	-9999.0000	-9999.0000	21.7983	5	0	26.5586	1.0000	04	4	-9999.0000	13325	24474	-9999	502	3445	-9999	465.6861	5	0.6514	0.6644	-0.0008	79.5616	0.9637	655.8509	510.1031	38.4491	603.1901	94.3750	655.0000	93.8889	662.7465	94.5602	667.9403	95.1852	
08/08/2017	00:28:18	011992	G488012668HLR	L488	S		617.2363	1.0292	10.0000	100.0899	39.8848	0.8430	0.8267	5.0000	19.5785	713.0100	95.0000	17.8187	23.6000	0.9300	0.9338	0.6648	-0.0008	713.0000	716.7888	1.0275	-3.0390	100.0809	39.8385	0.8230	0.8242	5.0000	-9999.0000	-9999.0000	-9999.0000	-9999.0000	-9999.0000	-9999.0000	23.0386	6	0	27.9989	1.0000	04	4	-9999.0000	13325	24475	-9999	503	3445	-9999	463.5546	5	0.6517	0.6648	-0.0008	79.6906	1.0553	648.6313	495.5987	35.6713	605.3622	94.7685	647.5840	94.3750	653.7481	94.6991	658.8686	95.1389	
08/08/2017	00:28:43	011992	G488012658HLR	L488	S		618.3237	1.0292	10.0000	100.1328	39.8349	0.8430	0.8266	5.0000	18.8377	713.1229	94.9306	13.9096	23.6000	0.9300	0.9338	0.6648	-0.0008	713.0000	713.2493	1.0275	-3.0858	100.0650	39.9080	0.8230	0.8248	5.0000	-9999.0000	-9999.0000	-9999.0000	-9999.0000	-9999.0000	-9999.0000	20.7978	7	0	24.9298	1.0000	04	4	-9999.0000	13326	24476	-9999	503	3446	-9999	465.9003	5	0.6517	0.6648	-0.0008	79.6906	1.0553	655.1610	495.9348	33.2639	601.4770	94.8148	654.0351	94.4676	661.2416	94.7917	668.1909	95.1157	
08/08/2017	00:29:13	011992	G488012666HLR	L488	S		614.9049	1.0292	10.0000	100.1458	39.8162	0.8430	0.8270	5.0000	18.7591	713.0363	94.9537	16.3900	23.6000	0.9300	0.9339	0.6646	-0.0008	713.0000	714.0424	1.0275	-3.0753	100.1782	40.0283	0.8230	0.8255	5.0000	-9999.0000	-9999.0000	-9999.0000	-9999.0000	-9999.0000	-9999.0000	19.5895	8	0	29.5284	1.0000	04	4	-9999.0000	13327	24477	-9999	504	3447	-9999	464.1887	5	0.6516	0.6646	-0.0008	73.4942	1.3544	649.9588	495.4711	34.1204	595.0179	95.1157	648.7347	94.8611	656.6483	94.9769	661.0548	95.1157	
08/08/2017	00:29:38	011992	G488012656HLR	L488	S		617.9210	1.0292	10.0000	100.0616	39.8134	0.8430	0.8266	5.0000	19.9386	713.0506	94.9306	15.4692	23.7000	0.9300	0.9340	0.6611	-0.0006	713.0000	714.3254	1.0275	-3.0716	100.1136	39.8964	0.8230	0.8243	5.0000	-9999.0000	-9999.0000	-9999.0000	-9999.0000	-9999.0000	-9999.0000	22.5185	1	0	24.8688	1.0000	04	4	-9999.0000	13327	24478	-9999	505	3448	-9999	464.4427	5	0.6511	0.6611	-0.0006	71.3545	1.4920	651.6391	489.2220	33.8889	591.4092	94.6991	650.4812	93.9120	658.8519	94.6065	664.7723	95.1389	
08/08/2017	00:30:06	011992	G488011225HLR	L488	S		614.3768	1.0292	10.0000	100.0807	39.8491	0.8430	0.8266	5.0000	19.6691	713.0599	94.9769	17.1097	23.8000	0.9300	0.9340	0.6628	-0.0008	713.0000	714.7272	1.0275	-3.0663	100.1853	39.9515	0.8230	0.8253	5.0000	-9999.0000	-9999.0000	-9999.0000	-9999.0000	-9999.0000	-9999.0000	19.2685	2	0	28.0538	1.0000	04	4	-9999.0000	13328	24479	-9999	506	3449	-9999	463.3617	5	0.6506	0.6628	-0.0008	74.1281	1.3553	649.7954	487.0671	33.8194	592.2258	95.2083	648.5570	94.5139	655.9839	94.8148	663.2628	95.2083	
08/08/2017	00:30:31	011992	G488011367HLR	L488	S		620.4550	1.0292	10.0000	99.9669	39.8050	0.8430	0.8262	5.0000	21.2687	713.0559	95.0694	10.9205	23.8000	0.9300	0.9340	0.6616	-0.0007	713.0000	713.0971	1.0275	-3.0879	100.1660	40.0000	0.8230	0.8253	5.0000	-9999.0000	-9999.0000	-9999.0000	-9999.0000	-9999.0000	-9999.0000	19.8594	3	0	25.3549	1.0000	04	4	-9999.0000	13329	24480	-9999	507	3450	-9999	466.3851	5	0.6504	0.6616	-0.0007	79.4377	1.0570	669.4572	486.6463	34.2593	610.4799	95.1620	668.2565	94.8843	676.3702	95.0000	682.2425	95.0463	
08/08/2017	00:30:57	011992	G488011364HLR	L488	S		618.5000	1.0292	10.0000	100.1246	39.8377	0.8430	0.8268	5.0000	18.7200	713.0808	94.9769	18.6693	23.9000	0.9300	0.9341	0.6663	-0.0010	713.0000	714.4674	1.0275	-3.0697	100.1756	40.0234	0.8230	0.8254	5.0000	-9999.0000	-9999.0000	-9999.0000	-9999.0000	-9999.0000	-9999.0000	19.5827	4	0	26.1185	1.0000	04	4	-9999.0000	13330	24481	-9999	508	3451	-9999	461.8130	5	0.6505	0.6663	-0.0010	67.1546	1.8355	645.0548	487.4155	35.2546	596.7659	95.4167	644.0111	95.2083	651.2010	95.1620	655.5555	95.0694	
08/08/2017	00:31:23	011992	G488012648HLR	L488	S		624.4417	1.0292	10.0000	100.1392	39.8870	0.8430	0.8268	5.0000	18.8584	713.0618	95.0463	11.4293	23.9000	0.9300	0.9340	0.6659	-0.0010	713.0000	710.0668	1.0275	-3.1280	100.0822	39.8597	0.8230	0.8243	5.0000	-9999.0000	-9999.0000	-9999.0000	-9999.0000	-9999.0000	-9999.0000	22.5787	5	0	25.6083	1.0000	04	4	-9999.0000	13331	24482	-9999	508	3452	-9999	466.8523	5	0.6503	0.6659	-0.0010	69.4843	1.7164	664.5634	476.4522	37.8241	616.6894	95.6713	663.3818	95.5324	672.0425	95.2546	677.1676	94.9769	
08/08/2017	00:31:48	011992	G488012647HLR	L488	S		616.0835	1.0292	10.0000	100.1008	39.8353	0.8430	0.8265	5.0000	19.8216	713.0967	94.9769	17.1390	24.0000	0.9300	0.9341	0.6675	-0.0011	713.0000	712.8771	1.0275	-3.0908	100.0806	39.8784	0.8230	0.8245	5.0000	-9999.0000	-9999.0000	-9999.0000	-9999.0000	-9999.0000	-9999.0000	21.9392	6	0	24.9493	1.0000	04	4	-9999.0000	13332	24483	-9999	509	3453	-9999	462.7270	5	0.6500	0.6675	-0.0011	72.8247	1.5445	646.5906	497.0642	37.6620	600.1732	95.6713	645.9872	95.6019	653.7016	95.3009	656.1080	95.0926	
08/08/2017	00:32:17	011992	G488012638HLR	L488	S		623.3222	1.0292	10.0000	100.1525	39.8162	0.8430	0.8267	5.0000	18.8596	713.0829	94.9769	14.4897	24.0000	0.9300	0.9340	0.6642	-0.0009	713.0000	713.8587	1.0275	-3.0778	100.0549	40.0467	0.8230	0.8255	5.0000	-9999.0000	-9999.0000	-9999.0000	-9999.0000	-9999.0000	-9999.0000	19.5584	7	0	29.2790	1.0000	04	4	-9999.0000	13333	24484	-9999	510	3454	-9999	464.3916	5	0.6502	0.6642	-0.0009	78.2509	1.2285	658.4476	476.2432	36.0648	613.3456	95.5093	657.3864	95.3009	664.2142	95.1389	669.4681	95.0231	
08/08/2017	00:32:44	011992	G488011247HLR	L488	S		620.1939	1.0292	10.0000	100.1558	39.9283	0.8430	0.8269	5.0000	18.7493	713.1043	95.0463	11.4703	24.0000	0.9300	0.9339	0.6656	-0.0010	713.0000	712.6719	1.0275	-3.0935	100.0969	40.0066	0.8230	0.8248	5.0000	-9999.0000	-9999.0000	-9999.0000	-9999.0000	-9999.0000	-9999.0000	20.8671	8	0	26.6389	1.0000	04	4	-9999.0000	13334	24485	-9999	510	3455	-9999	466.4888	5	0.6500	0.6656	-0.0010	85.8009	0.7150	665.9359	503.3713	35.9954	617.5283	95.2778	664.6668	94.9769	673.1146	95.0000	679.5444	95.0926	
08/08/2017	00:36:05	011992	G488011230HLR	L488	S		620.7035	1.0292	10.0000	100.1749	39.8609	0.8430	0.8266	5.0000	18.7015	713.0818	95.0000	14.8198	24.0000	0.9300	0.9340	0.6745	-0.0015	713.0000	714.8070	1.0275	-3.0652	100.1512	39.8852	0.8230	0.8245	5.0000	-9999.0000	-9999.0000	-9999.0000	-9999.0000	-9999.0000	-9999.0000	21.8592	1	0	200.9730	1.0000	04	4	-9999.0000	13335	24486	-9999	511	3456	-9999	464.8491	5	0.6508	0.6745	-0.0015	82.8851	0.8799	652.2345	474.8492	35.9259	607.4944	95.7870	651.3169	95.7176	658.9045	95.3704	663.1196	95.0463	
08/08/2017	00:36:31	011992	G488011246HLR	L488	S		618.4458	1.0292	10.0000	100.1223	39.8345	0.8430	0.8267	5.0000	18.9191	713.0988	94.9537	13.0191	24.0000	0.9300	0.9339	0.6741	-0.0015	713.0000	711.1383	1.0275	-3.1138	100.1195	39.9689	0.8230	0.8255	5.0000	-9999.0000	-9999.0000	-9999.0000	-9999.0000	-9999.0000	-9999.0000	19.2606	2	0	26.3193	1.0000	04	4	-9999.0000	13335	24487	-9999	511	3457	-9999	466.7902	5	0.6506	0.6741	-0.0015	83.9120	0.8269	651.2127	505.2416	36.0417	603.4186	95.6481	649.4419	95.3704	660.8269	95.1389	666.2362	95.0000	
08/08/2017	00:36:58	011992	G488011366HLR	L488	S		620.9648	1.0292	10.0000	100.1501	39.9174	0.8430	0.8268	5.0000	18.8586	713.0339	94.9769	18.3694	24.0000	0.9300	0.9340	0.6695	-0.0012	713.0000	713.6412	1.0275	-3.0807	100.0564	39.4679	0.8230	0.8246	5.0000	-9999.0000	-9999.0000	-9999.0000	-9999.0000	-9999.0000	-9999.0000	19.9987	3	0	27.5888	1.0000	04	4	-9999.0000	13336	24488	-9999	512	3458	-9999	461.2792	5	0.6506	0.6695	-0.0012	76.2762	1.2487	642.8321	489.0337	34.1204	589.0594	95.4398	642.0813	94.8148	649.7640	95.0000	653.2994	95.1389	
08/08/2017	00:37:26	011992	G488011365HLR	L488	S		614.8908	1.0292	10.0000	100.1627	39.9244	0.8430	0.8267	5.0000	18.8889	713.0886	94.9306	15.7689	23.9000	0.9300	0.9339	0.6676	-0.0011	713.0000	710.8371	1.0275	-3.1178	99.9809	39.9000	0.8230	0.8263	5.0000	-9999.0000	-9999.0000	-9999.0000	-9999.0000	-9999.0000	-9999.0000	22.1990	4	0	28.0489	1.0000	04	4	-9999.0000	13337	24489	-9999	513	3459	-9999	463.6623	5	0.6514	0.6676	-0.0011	80.3124	0.9934	648.3435	496.6364	34.7917	596.6825	95.3009	647.8619	94.6065	654.0797	94.8843	658.6777	95.0926	
08/08/2017	00:37:52	011992	G488011209HLR	L488	S		616.9252	1.0292	10.0000	100.1418	39.8519	0.8430	0.8267	5.0000	18.9790	713.0817	94.9537	15.2494	23.9000	0.9300	0.9339	0.6653	-0.0010	713.0000	712.6930	1.0275	-3.0932	100.0797	40.1882	0.8230	0.8250	5.0000	-9999.0000	-9999.0000	-9999.0000	-9999.0000	-9999.0000	-9999.0000	21.8388	5	0	25.8787	1.0000	04	4	-9999.0000	13338	24490	-9999	514	3460	-9999	463.7747	5	0.6511	0.6653	-0.0010	77.9090	1.1232	653.6349	494.8561	34.6759	601.2662	95.9491	652.5767	95.7176	659.5255	95.3704	663.7023	94.9769	
08/08/2017	00:38:17	011992	G488011220HLR	L488	S		619.7858	1.0292	10.0000	100.0811	39.8377	0.8430	0.8265	5.0000	20.1389	713.0790	95.0694	15.3998	24.1000	0.9300	0.9338	0.6654	-0.0010	713.0000	712.3939	1.0275	-3.0972	100.1052	39.6884	0.8230	0.8234	5.0000	-9999.0000	-9999.0000	-9999.0000	-9999.0000	-9999.0000	-9999.0000	22.3764	6	0	25.0197	1.0000	04	4	-9999.0000	13339	24491	-9999	515	3461	-9999	463.6205	5	0.6517	0.6654	-0.0010	79.7260	0.9827	574.5227	484.6237	33.9352	523.3428	96.9444	565.5049	96.5741	575.5615	95.2778	637.9258	93.4722	
08/08/2017	00:38:43	011992	G488011219HLR	L488	S		619.0350	1.0292	10.0000	99.9304	39.7477	0.8430	0.8270	5.0000	18.4700	713.0877	94.9769	16.7494	23.8000	0.9300	0.9336	0.6658	-0.0010	713.0000	715.0313	1.0275	-3.0623	100.0423	39.6094	0.8230	0.8246	5.0000	-9999.0000	-9999.0000	-9999.0000	-9999.0000	-9999.0000	-9999.0000	21.3746	7	0	25.9082	1.0000	04	4	-9999.0000	13340	24492	-9999	516	3462	-9999	462.5086	5	0.6513	0.6658	-0.0010	84.6812	0.6060	647.3169	499.9455	33.9583	598.7529	94.1204	646.6765	93.9120	654.2658	94.5139	659.8941	95.0926	
08/08/2017	00:39:25	011992	G488011213HLR	L488	S		618.2158	1.0292	10.0000	100.0457	39.7269	0.8430	0.8269	5.0000	19.3192	713.0829	95.0000	17.2289	23.9000	0.9300	0.9338	0.6692	-0.0012	713.0000	714.3978	1.0275	-3.0706	100.1397	40.0445	0.8230	0.8257	5.0000	-9999.0000	-9999.0000	-9999.0000	-9999.0000	-9999.0000	-9999.0000	22.2586	8	0	41.8988	1.0000	04	4	-9999.0000	13341	24493	-9999	517	3463	-9999	462.4425	5	0.6517	0.6692	-0.0012	87.5423	0.4268	635.6973	506.6876	37.3843	569.8180	93.7731	634.3073	93.1250	643.6077	94.3519	652.8994	95.1620	
08/08/2017	00:39:51	011992	G488011401HLR	L488	S		622.1683	1.0292	10.0000	99.9796	39.7910	0.8430	0.8269	5.0000	18.4994	713.0950	94.9769	13.6196	23.9000	0.9300	0.9338	0.6720	-0.0014	713.0000	712.9640	1.0275	-3.0896	100.1019	40.0507	0.8230	0.8243	5.0000	-9999.0000	-9999.0000	-9999.0000	-9999.0000	-9999.0000	-9999.0000	22.0991	1	0	25.7685	1.0000	04	4	-9999.0000	13342	24494	-9999	518	3464	-9999	465.9747	5	0.6514	0.6720	-0.0014	84.1878	0.6366	650.7865	490.9038	34.5370	595.3978	93.8426	649.7098	93.0093	657.3993	94.2824	665.5428	95.2083	
08/08/2017	00:40:16	011992	G488011391HLR	L488	S		625.5178	1.0292	10.0000	99.9922	39.7421	0.8430	0.8268	5.0000	18.5327	713.0529	95.0231	12.0699	24.0000	0.9300	0.9338	0.6720	-0.0014	713.0000	712.6419	1.0275	-3.0939	100.0657	39.8164	0.8230	0.8252	5.0000	-9999.0000	-9999.0000	-9999.0000	-9999.0000	-9999.0000	-9999.0000	19.2087	2	0	24.9299	1.0000	04	4	-9999.0000	13343	24495	-9999	519	3465	-9999	467.4260	5	0.6518	0.6720	-0.0014	83.3976	0.6755	657.1171	477.1134	33.6574	602.1953	93.9583	655.6782	93.3102	663.4190	94.3981	672.0010	95.1852	
08/08/2017	00:40:42	011992	G488011363HLR	L488	S		620.0558	1.0292	10.0000	100.0920	39.7182	0.8430	0.8268	5.0000	18.9196	713.1344	94.9306	15.0990	24.0000	0.9300	0.9339	0.6705	-0.0013	713.0000	713.6614	1.0275	-3.0804	99.9819	39.8633	0.8230	0.8258	5.0000	-9999.0000	-9999.0000	-9999.0000	-9999.0000	-9999.0000	-9999.0000	19.2518	3	0	25.9784	1.0000	04	4	-9999.0000	13344	24496	-9999	520	3466	-9999	464.2703	5	0.6508	0.6705	-0.0013	86.6042	0.4894	647.4765	487.7005	34.4213	598.3460	94.3519	646.4579	93.7963	654.6834	94.5602	661.3203	95.1389	
08/08/2017	00:41:08	011992	G488011371HLR	L488	S		613.3057	1.0292	10.0000	100.0766	39.7964	0.8430	0.8269	5.0000	18.7990	685.8001	94.9769	31.0086	23.9000	0.9300	0.9337	0.6735	-0.0015	713.0000	737.3750	1.0275	-2.7664	100.0838	40.0130	0.8230	0.8249	5.0000	-9999.0000	-9999.0000	-9999.0000	-9999.0000	-9999.0000	-9999.0000	22.3990	4	2	25.7490	1.0000	04	4	-9999.0000	13345	24497	-9999	521	3467	-9999	431.7894	5	0.6509	0.6735	-0.0015	83.5398	0.7113	500.8398	510.9982	36.6435	492.1867	96.0648	498.8494	95.0000	515.9984	94.7685	529.3354	94.6991	
08/08/2017	00:41:33	011992	G488011393HLR	L488	S		622.1763	1.0292	10.0000	100.0459	39.7916	0.8430	0.8266	5.0000	19.7591	713.1316	95.0000	14.8295	24.0000	0.9300	0.9339	0.6735	-0.0015	713.0000	713.4672	1.0275	-3.0830	100.0688	39.8920	0.8230	0.8242	5.0000	-9999.0000	-9999.0000	-9999.0000	-9999.0000	-9999.0000	-9999.0000	21.5684	5	0	24.8195	1.0000	04	4	-9999.0000	13346	24498	-9999	522	3468	-9999	464.5920	5	0.6509	0.6735	-0.0015	83.5398	0.7113	645.8854	481.9819	35.1157	594.7395	94.1435	644.8382	93.4491	652.5250	94.4444	660.4562	95.0926	
08/08/2017	00:41:58	011992	G488011392HLR	L488	S		620.5568	1.0292	10.0000	100.0635	39.7810	0.8430	0.8268	5.0000	18.6897	713.0648	95.0000	13.0395	24.0000	0.9300	0.9339	0.6769	-0.0017	713.0000	712.2984	1.0275	-3.0984	100.0932	39.7493	0.8230	0.8244	5.0000	-9999.0000	-9999.0000	-9999.0000	-9999.0000	-9999.0000	-9999.0000	21.2489	6	0	25.3594	1.0000	04	4	-9999.0000	13347	24499	-9999	523	3469	-9999	466.9055	5	0.6511	0.6769	-0.0017	75.3270	1.2055	648.0600	458.9455	33.6806	593.2897	94.2130	647.0924	93.3333	655.5799	94.4907	664.7035	95.2315	
08/08/2017	00:42:24	011992	G488011171HLR	L488	S		619.6324	1.0292	10.0000	100.1104	39.7483	0.8430	0.8269	5.0000	18.7783	713.0634	95.0926	10.5992	24.1000	0.9300	0.9339	0.6758	-0.0016	713.0000	713.6282	1.0275	-3.0808	100.1332	39.9277	0.8230	0.8252	5.0000	-9999.0000	-9999.0000	-9999.0000	-9999.0000	-9999.0000	-9999.0000	21.4191	7	0	26.1582	1.0000	04	4	-9999.0000	13348	24500	-9999	524	3470	-9999	469.5336	5	0.6511	0.6758	-0.0016	75.5673	1.1805	660.5281	503.4143	36.0648	606.8190	94.7454	659.5186	94.0278	669.3615	94.6528	677.5023	95.1389	
08/08/2017	00:42:50	011992	G488011386HLR	L488	S		621.9814	1.0292	10.0000	100.0354	39.8000	0.8430	0.8266	5.0000	20.7185	713.0474	94.9537	13.7192	24.2000	0.9300	0.9341	0.6753	-0.0016	713.0000	712.1436	1.0275	-3.1005	100.2318	40.1048	0.8230	0.8256	5.0000	-9999.0000	-9999.0000	-9999.0000	-9999.0000	-9999.0000	-9999.0000	19.8486	8	0	25.5997	1.0000	04	4	-9999.0000	13349	24501	-9999	525	3471	-9999	465.8012	5	0.6498	0.6753	-0.0016	64.8942	1.8856	649.2309	505.2303	36.0648	595.6314	95.4167	648.0749	95.2083	658.4369	95.1852	663.7972	95.0926	
08/08/2017	00:43:15	011992	G488011368HLR	L488	S		615.6136	1.0292	10.0000	100.1175	39.8493	0.8430	0.8268	5.0000	18.9894	713.1120	95.0926	11.5289	24.2000	0.9300	0.9340	0.6767	-0.0017	713.0000	714.2622	1.0275	-3.0724	100.1132	39.8665	0.8230	0.8241	5.0000	-9999.0000	-9999.0000	-9999.0000	-9999.0000	-9999.0000	-9999.0000	22.0850	1	0	25.5488	1.0000	04	4	-9999.0000	13350	24502	-9999	526	3472	-9999	468.5873	5	0.6503	0.6767	-0.0017	64.5055	1.8980	659.4497	468.2009	35.3241	604.5498	95.2546	657.8139	94.7917	668.0573	94.9769	674.3982	95.0926	
08/08/2017	00:44:08	011992	G488011361HLR	L488	S		592.0493	1.0292	8.6883	100.0715	39.8000	0.8430	0.8267	5.0000	19.3498	713.0761	94.9537	15.4096	24.4000	0.9300	0.9342	0.6769	-0.0017	713.0000	711.5786	1.0275	-3.1080	100.0301	40.0605	0.8230	0.8259	5.0000	-9999.0000	-9999.0000	-9999.0000	-9999.0000	-9999.0000	-9999.0000	19.5680	3	0	26.9786	1.0000	04	4	-9999.0000	13352	24503	-9999	528	3473	-9999	463.7507	5	0.6515	0.6769	-0.0017	65.9247	1.7922	634.3225	483.3579	36.0185	575.8825	95.6250	632.8993	95.2778	642.0384	95.2778	649.5638	95.0463	
08/08/2017	00:44:35	011992	G488011192HLR	L488	S		619.0800	1.0292	10.0000	100.1151	39.8419	0.8430	0.8268	5.0000	19.2717	713.1080	94.9306	13.9097	24.3000	0.9300	0.9341	0.6775	-0.0018	713.0000	711.5034	1.0275	-3.1090	100.2769	39.9477	0.8230	0.8255	5.0000	-9999.0000	-9999.0000	-9999.0000	-9999.0000	-9999.0000	-9999.0000	19.1783	4	0	26.5594	1.0000	04	4	-9999.0000	13353	24504	-9999	529	3474	-9999	465.6571	5	0.6518	0.6775	-0.0018	64.4802	1.8801	650.2438	498.4104	37.3148	597.6751	95.6713	648.7664	95.5787	657.7078	95.2315	662.7597	95.0926	
08/08/2017	00:45:00	011992	G488011167HLR	L488	S		620.3678	1.0292	10.0000	100.1608	39.8481	0.8430	0.8267	5.0000	18.9247	713.0635	94.9537	14.6293	24.3000	0.9300	0.9340	0.6753	-0.0016	713.0000	711.9168	1.0275	-3.1035	100.1686	39.8537	0.8230	0.8248	5.0000	-9999.0000	-9999.0000	-9999.0000	-9999.0000	-9999.0000	-9999.0000	21.6587	5	0	24.8888	1.0000	04	4	-9999.0000	13354	24505	-9999	530	3475	-9999	464.7541	5	0.6528	0.6753	-0.0016	65.8698	1.8046	650.1923	476.0700	35.9028	600.5627	95.2083	648.8802	95.0000	657.4351	95.0231	662.4383	95.1389	
08/08/2017	00:45:27	011992	G488011188HLR	L488	S		615.7248	1.0292	10.0000	100.1526	39.8106	0.8430	0.8267	5.0000	18.8756	713.1060	94.9769	15.5893	24.3000	0.9300	0.9339	0.6753	-0.0016	713.0000	709.1462	1.0275	-3.1402	100.2146	39.9964	0.8230	0.8257	5.0000	-9999.0000	-9999.0000	-9999.0000	-9999.0000	-9999.0000	-9999.0000	19.4433	6	0	27.0087	1.0000	04	4	-9999.0000	13355	24506	-9999	530	3476	-9999	463.7203	5	0.6528	0.6753	-0.0016	65.8698	1.8046	643.1594	502.2979	36.2500	596.3566	94.9769	641.8269	94.6528	649.6520	94.8611	655.5934	95.1620	
08/08/2017	00:46:00	011992	G488011179HLR	L488	S		620.7247	1.0292	10.0000	100.1515	39.8385	0.8430	0.8268	5.0000	18.9190	713.0486	94.9537	16.1586	24.2000	0.9300	0.9339	0.6734	-0.0015	713.0000	713.3197	1.0275	-3.0849	100.1210	39.8954	0.8230	0.8245	5.0000	-9999.0000	-9999.0000	-9999.0000	-9999.0000	-9999.0000	-9999.0000	22.2396	7	0	32.6092	1.0000	04	4	-9999.0000	13356	24507	-9999	531	3477	-9999	463.4821	5	0.6533	0.6734	-0.0015	79.7876	0.9349	645.3317	484.7641	34.0741	591.5121	95.3241	644.1613	94.5139	651.4331	94.8148	657.2609	95.1620	
08/08/2017	00:46:25	011992	G488011178HLR	L488	S		620.9926	1.0292	10.0000	100.1639	39.9042	0.8430	0.8268	5.0000	18.9494	713.0784	94.9306	15.6693	24.2000	0.9300	0.9338	0.6731	-0.0014	713.0000	713.9450	1.0275	-3.0766	100.1029	39.8571	0.8230	0.8245	5.0000	-9999.0000	-9999.0000	-9999.0000	-9999.0000	-9999.0000	-9999.0000	21.8203	8	0	24.9594	1.0000	04	4	-9999.0000	13356	24508	-9999	532	3478	-9999	464.1708	5	0.6534	0.6731	-0.0014	79.9429	0.9390	650.4242	499.5885	34.5370	604.7247	95.2083	648.9822	94.9769	656.0947	95.0000	661.9300	95.0926	
08/08/2017	00:46:50	011992	G488010192HLR	L488	S		625.0828	1.0292	10.0000	100.1652	39.8517	0.8430	0.8267	5.0000	18.7395	713.0563	94.9769	13.7192	24.1000	0.9300	0.9338	0.6730	-0.0014	713.0000	713.4810	1.0275	-3.0828	100.0962	39.9673	0.8230	0.8250	5.0000	-9999.0000	-9999.0000	-9999.0000	-9999.0000	-9999.0000	-9999.0000	21.3648	1	0	24.9791	1.0000	04	4	-9999.0000	13357	24509	-9999	533	3479	-9999	466.1910	5	0.6530	0.6730	-0.0014	104.2246	-0.8509	653.4389	490.5285	36.5046	599.6908	95.3704	652.5146	94.9306	660.6439	94.9537	665.7258	95.0463	
08/08/2017	00:47:16	011992	G488011385HLR	L488	S		620.0627	1.0292	10.0000	100.1210	39.8224	0.8430	0.8268	5.0000	18.9974	713.0616	94.9769	16.1195	24.1000	0.9300	0.9338	0.6699	-0.0012	713.0000	712.9209	1.0275	-3.0902	100.1222	39.8970	0.8230	0.8245	5.0000	-9999.0000	-9999.0000	-9999.0000	-9999.0000	-9999.0000	-9999.0000	21.5256	2	0	26.6581	1.0000	04	4	-9999.0000	13358	24510	-9999	534	3480	-9999	464.5489	5	0.6534	0.6699	-0.0012	103.2052	-0.7770	649.5639	511.2642	35.0694	595.4559	96.0185	648.5621	95.5556	655.6795	95.3241	659.8081	95.0463	
08/08/2017	00:47:41	011992	G488008975HLR	L488	S		607.1892	1.0292	9.9991	100.0997	39.8679	0.8430	0.8267	5.0000	19.5686	713.0442	94.9074	21.8595	24.0000	0.9300	0.9339	0.6722	-0.0013	713.0000	708.8288	1.0275	-3.1444	100.1595	39.8417	0.8230	0.8247	5.0000	-9999.0000	-9999.0000	-9999.0000	-9999.0000	-9999.0000	-9999.0000	21.1382	3	0	24.8693	1.0000	04	4	-9999.0000	13358	24511	-9999	535	3481	-9999	458.8846	5	0.6536	0.6722	-0.0013	94.3797	-0.1368	629.5282	503.5271	36.0880	584.0248	95.2778	628.4438	94.7917	634.8481	94.9537	639.3242	95.0694	
08/08/2017	00:48:06	011992	G488010444HLR	L488	S		611.0324	1.0292	10.0000	100.1278	39.8934	0.8430	0.8267	5.0000	18.9389	713.0912	95.0000	12.6900	24.0000	0.9300	0.9338	0.6722	-0.0013	713.0000	711.2091	1.0275	-3.1129	100.1925	40.0208	0.8230	0.8258	5.0000	-9999.0000	-9999.0000	-9999.0000	-9999.0000	-9999.0000	-9999.0000	19.4673	4	0	24.9696	1.0000	04	4	-9999.0000	13359	24512	-9999	536	3482	-9999	467.3557	5	0.6536	0.6722	-0.0013	94.3797	-0.1368	651.5103	496.0231	36.1574	597.4251	94.8380	650.4927	94.0509	659.1256	94.7222	666.5638	95.1620	
08/08/2017	00:48:31	011992	G488011184HLR	L488	S		617.2934	1.0292	10.0000	100.1341	39.8477	0.8430	0.8267	5.0000	18.9144	713.0960	94.9306	13.7592	24.0000	0.9300	0.9339	0.6718	-0.0013	713.0000	712.3367	1.0275	-3.0979	100.1416	40.0661	0.8230	0.8256	5.0000	-9999.0000	-9999.0000	-9999.0000	-9999.0000	-9999.0000	-9999.0000	19.2282	5	0	24.8791	1.0000	04	4	-9999.0000	13360	24513	-9999	537	3483	-9999	466.2304	5	0.6534	0.6718	-0.0013	93.9750	-0.1259	652.0335	495.6085	33.7963	597.7789	95.1620	650.5498	94.5602	657.9758	94.9074	665.6392	95.2315	
08/08/2017	00:49:00	011992	G488011174HLR	L488	S		620.1789	1.0292	10.0000	100.1246	39.8134	0.8430	0.8268	5.0000	18.9584	713.0390	94.9769	15.7192	24.0000	0.9300	0.9339	0.6701	-0.0012	713.0000	713.7627	1.0275	-3.0790	100.1652	39.9389	0.8230	0.8252	5.0000	-9999.0000	-9999.0000	-9999.0000	-9999.0000	-9999.0000	-9999.0000	19.2835	6	0	28.9089	1.0000	04	4	-9999.0000	13361	24514	-9999	538	3484	-9999	464.5377	5	0.6528	0.6701	-0.0012	73.9447	1.1942	650.2241	511.0666	35.0463	597.5242	95.2315	649.2047	94.6065	656.2597	94.8611	662.6442	95.1389	
08/08/2017	00:49:25	011992	G488013157HLR	L488	S		614.8289	1.0292	10.0000	100.1325	39.9134	0.8430	0.8269	5.0000	18.8389	713.0459	95.0463	13.8091	24.0000	0.9300	0.9339	0.6655	-0.0009	713.0000	716.2566	1.0275	-3.0460	100.1616	39.9550	0.8230	0.8256	5.0000	-9999.0000	-9999.0000	-9999.0000	-9999.0000	-9999.0000	-9999.0000	19.1988	7	0	25.3689	1.0000	04	3	-9999.0000	13362	24515	-9999	539	3485	-9999	466.0398	5	0.6521	0.6655	-0.0009	70.8593	1.3995	661.3290	519.3504	35.6713	607.6896	95.5556	660.0866	95.2315	667.2710	95.1157	672.0295	95.0463	
08/08/2017	00:49:50	011992	G488012486HLR	L488	S		616.4488	1.0292	10.0000	100.0650	39.8595	0.8430	0.8265	5.0000	19.8581	713.0886	95.1157	11.0396	24.0000	0.9300	0.9339	0.6672	-0.0010	713.0000	713.7973	1.0275	-3.0786	100.1232	39.9693	0.8230	0.8249	5.0000	-9999.0000	-9999.0000	-9999.0000	-9999.0000	-9999.0000	-9999.0000	21.6990	8	0	25.0894	1.0000	04	3	-9999.0000	13363	24516	-9999	540	3486	-9999	468.2392	5	0.6522	0.6672	-0.0010	70.8658	1.3991	665.5615	486.0104	36.2731	609.9250	95.4861	664.3670	95.2778	674.5005	95.1620	679.8234	95.1157	
08/08/2017	00:50:16	011992	G488013156HLR	L488	S		616.2649	1.0292	10.0000	100.1443	39.8010	0.8430	0.8266	5.0000	18.9386	713.0760	94.9537	12.9097	24.1000	0.9300	0.9339	0.6677	-0.0010	713.0000	715.2233	1.0275	-3.0597	100.1138	39.9118	0.8230	0.8247	5.0000	-9999.0000	-9999.0000	-9999.0000	-9999.0000	-9999.0000	-9999.0000	21.0609	1	0	25.2896	1.0000	04	3	-9999.0000	13364	24517	-9999	541	3487	-9999	467.0795	5	0.6525	0.6677	-0.0010	91.1714	0.1027	658.1884	494.1297	34.9769	603.9264	95.2315	656.9271	94.8148	666.0067	94.9769	671.9300	95.1157	
08/08/2017	00:50:41	011992	G488013148HLR	L488	S		615.5203	1.0292	10.0000	100.1431	39.8743	0.8430	0.8269	5.0000	18.8635	713.0469	94.9769	18.1292	24.0000	0.9300	0.9340	0.6655	-0.0009	713.0000	714.5903	1.0275	-3.0681	100.1412	39.8531	0.8230	0.8247	5.0000	-9999.0000	-9999.0000	-9999.0000	-9999.0000	-9999.0000	-9999.0000	21.0080	2	0	25.1080	1.0000	04	3	-9999.0000	13365	24518	-9999	542	3488	-9999	463.2535	5	0.6520	0.6655	-0.0009	108.2401	-0.9569	644.6946	506.9647	35.2083	593.9343	95.7870	643.3975	95.5787	651.1932	95.3009	655.6495	95.0231	
08/08/2017	00:51:06	011992	G488013126HLR	L488	S		624.0551	1.0292	10.0000	100.1009	39.9106	0.8430	0.8266	5.0000	19.7091	713.0882	94.9769	13.1899	24.0000	0.9300	0.9339	0.6655	-0.0009	713.0000	715.1941	1.0275	-3.0601	100.2446	40.0012	0.8230	0.8257	5.0000	-9999.0000	-9999.0000	-9999.0000	-9999.0000	-9999.0000	-9999.0000	19.3595	3	0	24.8897	1.0000	04	3	-9999.0000	13366	24519	-9999	543	3489	-9999	466.3790	5	0.6520	0.6655	-0.0009	108.2401	-0.9569	660.6945	506.1301	35.1620	609.8797	94.9537	659.5976	94.4213	666.9640	94.8148	673.0291	95.0463	
08/08/2017	00:51:31	011992	G488013133HLR	L488	S		614.8745	1.0292	10.0000	100.0982	39.8273	0.8430	0.8266	5.0000	19.3353	713.0692	95.0000	12.0894	24.0000	0.9300	0.9339	0.6657	-0.0009	713.0000	712.6179	1.0275	-3.0942	100.1582	40.0579	0.8230	0.8255	5.0000	-9999.0000	-9999.0000	-9999.0000	-9999.0000	-9999.0000	-9999.0000	19.3769	4	0	25.8585	1.0000	04	3	-9999.0000	13367	24520	-9999	544	3490	-9999	466.9792	5	0.6522	0.6657	-0.0009	107.3491	-0.9012	662.3438	521.0105	33.8889	609.5663	95.2315	660.8697	95.0926	669.2670	95.0926	675.1889	95.0926	
08/08/2017	00:51:57	011992	G488013155HLR	L488	S		620.5805	1.0292	10.0000	100.0969	39.8082	0.8430	0.8268	5.0000	19.5899	713.1104	94.9306	14.4790	24.0000	0.9300	0.9340	0.6648	-0.0008	713.0000	713.4310	1.0275	-3.0834	100.1644	39.9796	0.8230	0.8254	5.0000	-9999.0000	-9999.0000	-9999.0000	-9999.0000	-9999.0000	-9999.0000	19.1189	5	0	25.8791	1.0000	04	3	-9999.0000	13368	24521	-9999	545	3491	-9999	465.4855	5	0.6525	0.6648	-0.0008	95.0297	0.0732	659.7882	489.6534	33.8889	601.9095	96.0417	655.5690	96.0185	663.7331	95.3935	667.5883	94.9537	
08/08/2017	00:52:24	011992	G488013165HLR	L488	S		614.2756	1.0292	10.0000	100.0619	39.8723	0.8430	0.8266	5.0000	20.3494	713.0837	95.0231	11.5992	24.0000	0.9300	0.9339	0.6654	-0.0009	713.0000	713.1755	1.0275	-3.0868	100.0665	39.8297	0.8230	0.8244	5.0000	-9999.0000	-9999.0000	-9999.0000	-9999.0000	-9999.0000	-9999.0000	22.2792	6	0	26.2997	1.0000	04	3	-9999.0000	13369	24522	-9999	546	3492	-9999	467.2928	5	0.6523	0.6654	-0.0009	93.1703	0.2536	664.0191	506.6971	35.0463	614.8876	94.5833	662.7277	94.4444	671.0492	94.7917	678.2889	95.0926	
08/08/2017	00:52:50	011992	G488013124HLR	L488	S		617.2714	1.0292	10.0000	100.1266	39.8697	0.8430	0.8267	5.0000	18.8997	713.1273	95.0000	11.7896	24.0000	0.9300	0.9339	0.6647	-0.0008	713.0000	711.6531	1.0275	-3.1070	100.0857	39.9020	0.8230	0.8246	5.0000	-9999.0000	-9999.0000	-9999.0000	-9999.0000	-9999.0000	-9999.0000	22.3982	7	0	26.4382	1.0000	04	3	-9999.0000	13370	24523	-9999	547	3493	-9999	467.0194	5	0.6522	0.6647	-0.0008	93.1474	0.2664	662.3091	508.8565	36.2731	613.7614	94.3287	661.2421	94.0741	670.1996	94.6528	676.8394	95.1620	
08/08/2017	00:53:15	011992	G488013144HLR	L488	S		622.3352	1.0292	10.0000	100.1774	39.8523	0.8430	0.8267	5.0000	18.7049	713.0711	94.9769	14.9291	24.0000	0.9300	0.9340	0.6653	-0.0009	713.0000	714.5168	1.0275	-3.0691	100.0678	39.9650	0.8230	0.8247	5.0000	-9999.0000	-9999.0000	-9999.0000	-9999.0000	-9999.0000	-9999.0000	21.4645	8	0	24.9593	1.0000	04	3	-9999.0000	13371	24524	-9999	548	3494	-9999	465.0562	5	0.6526	0.6653	-0.0009	93.4061	0.3044	654.8832	517.9612	36.2037	607.5763	94.5833	653.5759	94.4213	661.2518	94.7917	667.6975	95.1389	
08/08/2017	00:53:40	011992	G488013122HLR	L488	S		616.5507	1.0292	10.0000	100.1505	39.8591	0.8430	0.8268	5.0000	18.8197	713.0695	94.9306	13.6694	24.1000	0.9300	0.9340	0.6681	-0.0011	713.0000	713.7630	1.0275	-3.0790	100.2638	39.9932	0.8230	0.8253	5.0000	-9999.0000	-9999.0000	-9999.0000	-9999.0000	-9999.0000	-9999.0000	19.5007	1	0	25.1404	1.0000	04	3	-9999.0000	13372	24525	-9999	549	3495	-9999	465.7540	5	0.6531	0.6681	-0.0011	98.8530	-0.1549	656.8462	508.8863	35.6481	604.9687	94.9074	655.6725	94.7917	663.4451	94.8843	670.6205	95.1157	
08/08/2017	00:54:06	011992	G488013132HLR	L488	S		625.3030	1.0292	10.0000	100.1564	39.8930	0.8430	0.8268	5.0000	18.7739	713.0910	94.9769	15.2992	24.1000	0.9300	0.9340	0.6676	-0.0011	713.0000	713.5334	1.0275	-3.0821	100.1236	39.8916	0.8230	0.8246	5.0000	-9999.0000	-9999.0000	-9999.0000	-9999.0000	-9999.0000	-9999.0000	21.2704	2	0	25.5777	1.0000	04	3	-9999.0000	13373	24526	-9999	550	3496	-9999	464.4521	5	0.6529	0.6676	-0.0011	99.2964	-0.1977	649.8136	501.6149	34.0278	598.6090	94.6296	648.9843	93.9815	657.4062	94.6528	664.2033	95.2315	
08/08/2017	00:54:31	011992	G488013153HLR	L488	S		623.1288	1.0292	10.0000	100.1212	39.8578	0.8430	0.8267	5.0000	18.9389	713.0508	94.9769	15.5892	24.1000	0.9300	0.9340	0.6681	-0.0011	713.0000	714.6938	1.0275	-3.0667	100.0883	39.9351	0.8230	0.8248	5.0000	-9999.0000	-9999.0000	-9999.0000	-9999.0000	-9999.0000	-9999.0000	21.6195	3	0	24.8185	1.0000	04	3	-9999.0000	13374	24527	-9999	551	3496	-9999	464.1295	5	0.6530	0.6681	-0.0011	97.3221	-0.0582	651.6200	508.6832	35.8796	598.2381	94.7685	650.4751	94.2130	658.1899	94.6759	663.5907	95.1157	
08/08/2017	00:54:56	011992	G488011200HLR	L488	S		617.8517	1.0292	10.0000	100.1632	39.8555	0.8430	0.8268	5.0000	18.7229	713.1318	95.0926	7.2195	24.2000	0.9300	0.9338	0.6688	-0.0012	713.0000	716.3590	1.0275	-3.0447	100.2702	40.0523	0.8230	0.8256	5.0000	-9999.0000	-9999.0000	-9999.0000	-9999.0000	-9999.0000	-9999.0000	19.2389	4	0	25.0199	1.0000	04	3	-9999.0000	13374	24528	-9999	551	3497	-9999	470.9749	5	0.6531	0.6688	-0.0012	97.1363	-0.0549	682.6235	501.7430	34.6065	626.9495	94.9306	681.2680	94.6991	691.0255	94.8380	698.7615	95.1389	
08/08/2017	00:55:24	011992	G488013160HLR	L488	S		617.1458	1.0292	10.0000	100.1422	39.8904	0.8430	0.8268	5.0000	18.7396	713.1074	94.9537	13.0689	24.3000	0.9300	0.9342	0.6686	-0.0012	713.0000	714.3755	1.0275	-3.0709	100.1475	39.9542	0.8230	0.8247	5.0000	-9999.0000	-9999.0000	-9999.0000	-9999.0000	-9999.0000	-9999.0000	21.2194	5	0	28.2885	1.0000	04	3	-9999.0000	13375	24529	-9999	552	3498	-9999	466.1407	5	0.6532	0.6686	-0.0012	98.7435	-0.2076	669.2943	476.6608	35.2315	613.5953	96.4815	661.6969	96.7593	669.6401	95.1389	671.7692	94.6296	
08/08/2017	00:55:57	011992	G488013217HLR	L488	S		620.7763	1.0292	10.0000	100.0574	39.8349	0.8430	0.8264	5.0000	20.3185	713.0910	94.9537	14.6801	24.3000	0.9300	0.9340	0.6686	-0.0011	713.0000	713.0776	1.0275	-3.0881	100.0795	39.8461	0.8230	0.8244	5.0000	-9999.0000	-9999.0000	-9999.0000	-9999.0000	-9999.0000	-9999.0000	22.4282	6	0	32.8788	1.0000	04	3	-9999.0000	13376	24530	-9999	553	3499	-9999	464.7905	5	0.6527	0.6686	-0.0011	121.5525	-2.0184	650.8846	492.8404	36.3426	601.3032	93.7269	649.4222	93.3333	657.4396	94.3981	664.9338	95.2315	
08/08/2017	00:56:22	011992	G488013219HLR	L488	S		614.9620	1.0292	10.0000	100.1165	39.8475	0.8430	0.8267	5.0000	18.8934	713.0517	95.0231	11.8501	24.3000	0.9300	0.9339	0.6696	-0.0012	713.0000	712.3420	1.0275	-3.0979	100.1190	39.9788	0.8230	0.8249	5.0000	-9999.0000	-9999.0000	-9999.0000	-9999.0000	-9999.0000	-9999.0000	21.3812	7	0	25.6590	1.0000	04	3	-9999.0000	13377	24531	-9999	554	3500	-9999	467.1420	5	0.6524	0.6696	-0.0012	103.7934	-0.6945	658.7702	494.3783	34.1204	608.2973	94.0046	657.2354	93.6111	666.3109	94.4213	674.3231	95.1389	
08/08/2017	00:56:47	011992	G488013120HLR	L488	S		615.3282	1.0292	10.0000	100.1444	39.9242	0.8430	0.8269	5.0000	18.7394	713.0850	95.0231	11.6392	24.3000	0.9300	0.9339	0.6724	-0.0014	713.0000	710.4200	1.0275	-3.1233	100.1108	39.9820	0.8230	0.8246	5.0000	-9999.0000	-9999.0000	-9999.0000	-9999.0000	-9999.0000	-9999.0000	22.0931	8	0	24.9343	1.0000	04	3	-9999.0000	13378	24532	-9999	554	3501	-9999	467.6163	5	0.6532	0.6724	-0.0014	108.3920	-1.0847	656.1762	505.2562	35.9259	605.3158	93.7500	654.7022	93.4259	663.7056	94.3750	671.8988	95.1157	
08/08/2017	00:57:12	011992	G488013141HLR	L488	S		622.5798	1.0292	10.0000	100.1297	39.8834	0.8430	0.8267	5.0000	18.8592	713.1103	94.9306	14.2397	24.4000	0.9300	0.9340	0.6723	-0.0014	713.0000	712.8179	1.0275	-3.0916	100.2290	39.8876	0.8230	0.8246	5.0000	-9999.0000	-9999.0000	-9999.0000	-9999.0000	-9999.0000	-9999.0000	20.7684	1	0	24.8337	1.0000	04	3	-9999.0000	13379	24533	-9999	555	3502	-9999	464.9783	5	0.6533	0.6723	-0.0014	108.9683	-1.0809	651.1567	482.7044	35.2315	603.1201	94.0972	649.7146	93.9583	657.2682	94.5602	665.0737	95.1389	
08/08/2017	00:57:37	011992	G488013162HLR	L488	S		619.6426	1.0292	10.0000	100.1865	39.8449	0.8430	0.8267	5.0000	18.8791	713.0867	94.9537	21.9894	24.4000	0.9300	0.9339	0.6726	-0.0015	713.0000	725.3762	1.0275	-2.9253	100.1596	39.9802	0.8230	0.8256	5.0000	-9999.0000	-9999.0000	-9999.0000	-9999.0000	-9999.0000	-9999.0000	19.4587	2	2	25.2158	1.0000	04	3	-9999.0000	13380	24534	-9999	556	3503	-9999	457.5063	5	0.6533	0.6726	-0.0015	108.9624	-1.0882	558.7861	495.4597	35.1620	511.2927	94.9306	557.4071	94.3056	571.3066	94.6065	581.3701	94.9769	
08/08/2017	00:58:03	011992	G488013230HLR	L488	S		616.9293	1.0292	10.0000	100.1620	39.9283	0.8430	0.8269	5.0000	18.8087	713.0851	95.0000	12.7300	24.3000	0.9300	0.9338	0.6726	-0.0015	713.0000	712.2360	1.0275	-3.0993	100.1186	40.0427	0.8230	0.8249	5.0000	-9999.0000	-9999.0000	-9999.0000	-9999.0000	-9999.0000	-9999.0000	21.5924	3	0	25.8012	1.0000	04	3	-9999.0000	13381	24534	-9999	557	3504	-9999	466.4939	5	0.6533	0.6726	-0.0015	108.9624	-1.0882	656.6873	490.8534	34.9306	607.8135	94.4676	655.3958	94.2361	663.6575	94.6759	669.5202	95.1157	
08/08/2017	01:12:03	011992	G488013220HLR	L488	S		619.0547	1.0292	10.0000	100.0926	39.8657	0.8430	0.8265	5.0000	19.9287	713.0947	94.9537	13.9594	24.3000	0.9300	0.9339	0.6761	-0.0017	713.0000	711.8802	1.0275	-3.1040	100.1446	39.9381	0.8230	0.8243	5.0000	-9999.0000	-9999.0000	-9999.0000	-9999.0000	-9999.0000	-9999.0000	22.2585	4	0	840.1094	1.0000	04	3	-9999.0000	13381	24535	-9999	558	3505	-9999	465.3720	5	0.6535	0.6761	-0.0017	104.4471	-0.8261	645.7403	480.5674	36.0880	593.5700	93.8889	644.4566	93.3333	653.1768	94.4444	662.6439	95.2778	
08/08/2017	01:12:29	011992	G488013239HLR	L488	S		622.7834	1.0292	10.0000	100.1220	39.8164	0.8430	0.8267	5.0000	18.8694	713.0807	95.0463	13.3491	24.3000	0.9300	0.9339	0.6727	-0.0015	713.0000	714.5140	1.0275	-3.0691	100.1901	39.9583	0.8230	0.8253	5.0000	-9999.0000	-9999.0000	-9999.0000	-9999.0000	-9999.0000	-9999.0000	19.1382	5	0	26.1085	1.0000	04	3	-9999.0000	13382	24536	-9999	559	3506	-9999	465.9099	5	0.6531	0.6727	-0.0015	108.1636	-1.0714	657.2415	489.7668	33.8426	602.8536	95.2083	655.9789	95.3009	663.7624	95.1620	668.7335	95.0694	
08/08/2017	01:12:54	011992	G488013238HLR	L488	S		627.1756	1.0292	10.0000	100.1552	39.9591	0.8430	0.8269	5.0000	18.9092	713.0883	94.9769	14.3393	24.3000	0.9300	0.9339	0.6769	-0.0017	713.0000	712.9796	1.0275	-3.0894	99.9179	39.3391	0.8230	0.8232	5.0000	-9999.0000	-9999.0000	-9999.0000	-9999.0000	-9999.0000	-9999.0000	19.5590	6	0	24.9893	1.0000	04	3	-9999.0000	13383	24537	-9999	560	3507	-9999	464.9318	5	0.6518	0.6769	-0.0017	108.0726	-1.0653	648.0469	473.6644	34.5370	600.0096	94.3287	646.8092	94.2593	655.6509	94.7222	662.3666	95.1389	
08/08/2017	01:13:21	011992	G488013231HLR	L488	S		623.9348	1.0292	10.0000	100.1245	39.9543	0.8430	0.8266	5.0000	18.9818	713.0833	94.9537	13.7095	24.2000	0.9300	0.9338	0.6772	-0.0018	713.0000	711.9841	1.0275	-3.1026	99.9683	39.4000	0.8230	0.8265	5.0000	-9999.0000	-9999.0000	-9999.0000	-9999.0000	-9999.0000	-9999.0000	19.9880	7	0	26.3393	1.0000	04	3	-9999.0000	13384	24538	-9999	561	3508	-9999	465.7952	5	0.6521	0.6772	-0.0018	108.4554	-1.1193	650.6287	472.0125	35.5324	601.7445	94.1667	649.4033	94.0972	656.8006	94.6296	664.1568	95.1389	
08/08/2017	01:13:46	011992	G488013252HLR	L488	S		619.7548	1.0292	10.0000	100.1674	39.8371	0.8430	0.8266	5.0000	18.8481	713.1051	94.9074	13.8598	24.2000	0.9300	0.9339	0.6780	-0.0018	713.0000	714.7919	1.0275	-3.0654	99.9286	40.5172	0.8230	0.8289	5.0000	-9999.0000	-9999.0000	-9999.0000	-9999.0000	-9999.0000	-9999.0000	19.8286	8	0	25.0072	1.0000	04	3	-9999.0000	13385	24539	-9999	562	3509	-9999	465.6531	5	0.6523	0.6780	-0.0018	106.5212	-0.9437	648.8058	489.3117	35.3704	592.7326	94.9074	647.1415	94.6991	655.6473	94.9074	662.9118	95.1389	
08/08/2017	01:14:12	011992	G488013242HLR	L488	S		620.8440	1.0292	10.0000	100.1298	39.8863	0.8430	0.8269	5.0000	18.9892	713.0947	95.0000	15.2192	24.1000	0.9300	0.9337	0.6869	-0.0025	713.0000	714.6278	1.0275	-3.0676	99.9998	40.3986	0.8230	0.8255	5.0000	-9999.0000	-9999.0000	-9999.0000	-9999.0000	-9999.0000	-9999.0000	19.7391	1	0	25.9785	1.0000	04	3	-9999.0000	13386	24540	-9999	563	3510	-9999	462.6654	5	0.6526	0.6869	-0.0025	106.7098	-0.9762	652.7059	492.4327	36.0417	590.3896	99.0046	645.3968	99.1667	652.5436	93.4259	650.1250	94.9074	
08/08/2017	01:14:37	011992	G488013251HLR	L488	S		623.3731	1.0292	10.0000	100.0510	39.5846	0.8430	0.8274	5.0000	18.7092	713.1189	94.9769	13.2593	24.0000	0.9300	0.9336	0.6868	-0.0025	713.0000	712.2750	1.0275	-3.0987	100.0207	39.5976	0.8230	0.8235	5.0000	-9999.0000	-9999.0000	-9999.0000	-9999.0000	-9999.0000	-9999.0000	20.0070	2	0	24.9698	1.0000	04	3	-9999.0000	13387	24541	-9999	564	3511	-9999	466.3244	5	0.6521	0.6868	-0.0025	124.3849	-2.3412	640.3031	479.6912	36.1111	590.2480	93.5417	639.4717	92.7083	646.9842	93.9583	654.7646	95.1620	
08/08/2017	01:15:02	011992	G488013241HLR	L488	S		619.3578	1.0292	10.0000	100.0351	39.7000	0.8430	0.8272	5.0000	18.9094	713.1624	95.0000	15.5600	24.0000	0.9300	0.9337	0.6772	-0.0017	713.0000	713.4833	1.0275	-3.0827	99.9514	39.5437	0.8230	0.8254	5.0000	-9999.0000	-9999.0000	-9999.0000	-9999.0000	-9999.0000	-9999.0000	20.2886	3	0	25.6289	1.0000	04	3	-9999.0000	13388	24542	-9999	564	3512	-9999	463.7623	5	0.6523	0.6772	-0.0017	124.9337	-2.4479	641.2448	482.7455	34.0278	586.6140	93.4491	639.9772	92.9861	648.0091	94.2361	656.0347	95.2083	
08/08/2017	01:15:29	011992	G488013225HLR	L488	S		621.0148	1.0292	10.0000	99.9761	39.6311	0.8430	0.8268	5.0000	18.5692	713.1269	95.0000	12.5298	24.0000	0.9300	0.9336	0.6877	-0.0025	713.0000	712.9393	1.0275	-3.0899	100.0855	40.2617	0.8230	0.8276	5.0000	-9999.0000	-9999.0000	-9999.0000	-9999.0000	-9999.0000	-9999.0000	19.6469	4	0	26.2793	1.0000	04	3	-9999.0000	13389	24543	-9999	565	3513	-9999	467.7317	5	0.6522	0.6877	-0.0025	129.4964	-2.7912	644.1621	502.8445	36.0648	594.3472	93.9583	643.0294	93.7963	652.2152	94.5139	660.3142	95.1157	
08/08/2017	01:15:54	011992	G488013224HLR	L488	S		622.6963	1.0292	10.0000	99.9508	39.5305	0.8430	0.8270	5.0000	18.3597	713.0515	94.9537	15.2094	24.0000	0.9300	0.9338	0.6893	-0.0027	713.0000	713.4087	1.0275	-3.0837	100.0961	40.0137	0.8230	0.8239	5.0000	-9999.0000	-9999.0000	-9999.0000	-9999.0000	-9999.0000	-9999.0000	22.6782	5	0	25.1786	1.0000	04	3	-9999.0000	13389	24544	-9999	565	3514	-9999	462.7166	5	0.6514	0.6893	-0.0027	77.0294	1.1143	634.2594	495.3651	37.1759	588.1425	94.6991	632.9886	94.6296	641.3162	94.9074	649.2196	95.1157	
08/08/2017	01:16:20	011992	G488013235HLR	L488	S		625.0974	1.0292	10.0000	100.0772	39.7000	0.8430	0.8272	5.0000	18.5397	713.0849	94.9769	13.5698	24.0000	0.9300	0.9338	0.6898	-0.0027	713.0000	713.7246	1.0275	-3.0796	100.0605	39.5589	0.8230	0.8239	5.0000	-9999.0000	-9999.0000	-9999.0000	-9999.0000	-9999.0000	-9999.0000	19.9565	6	0	26.3392	1.0000	04	3	-9999.0000	13390	24545	-9999	566	3515	-9999	465.9687	5	0.6510	0.6898	-0.0027	69.4178	1.5869	640.3800	474.3606	34.6296	592.9142	93.6574	639.0223	93.5185	648.0499	94.3519	657.0885	95.1157	
08/08/2017	01:16:47	011992	G488013234HLR	L488	S		622.4594	1.0292	10.0000	100.0621	39.7176	0.8430	0.8269	5.0000	18.8546	713.0675	94.9074	14.7387	24.0000	0.9300	0.9338	0.6892	-0.0026	713.0000	715.0648	1.0275	-3.0618	100.0980	39.7211	0.8230	0.8253	5.0000	-9999.0000	-9999.0000	-9999.0000	-9999.0000	-9999.0000	-9999.0000	22.2036	7	0	26.3885	1.0000	04	3	-9999.0000	13391	24546	-9999	567	3516	-9999	463.7847	5	0.6508	0.6892	-0.0026	69.6857	1.5873	637.2942	462.5017	36.4583	589.1148	94.1204	635.9096	93.9815	645.2462	94.6065	652.9125	95.1620	
08/08/2017	01:17:12	011992	G488013243HLR	L488	S		616.8655	1.0292	10.0000	100.0701	39.6160	0.8430	0.8268	5.0000	18.8392	713.1048	94.9306	12.5699	24.0000	0.9300	0.9338	0.6815	-0.0021	713.0000	712.9790	1.0275	-3.0894	100.2030	40.2257	0.8230	0.8263	5.0000	-9999.0000	-9999.0000	-9999.0000	-9999.0000	-9999.0000	-9999.0000	20.4819	8	0	25.7392	1.0000	04	3	-9999.0000	13392	24547	-9999	568	3517	-9999	467.5464	5	0.6527	0.6815	-0.0021	84.2499	0.5753	647.7779	484.5579	35.4861	599.2305	93.7500	646.2241	93.6343	655.2556	94.4213	664.2346	95.1852	
08/08/2017	01:17:38	011992	G488013227HLR	L488	S		625.2541	1.0292	10.0000	99.9960	39.6818	0.8430	0.8270	5.0000	18.6001	713.0739	94.9537	14.2895	24.0000	0.9300	0.9339	0.6873	-0.0025	713.0000	715.5512	1.0275	-3.0554	100.0419	39.8427	0.8230	0.8237	5.0000	-9999.0000	-9999.0000	-9999.0000	-9999.0000	-9999.0000	-9999.0000	22.1584	1	0	26.1290	1.0000	04	3	-9999.0000	13393	24548	-9999	569	3518	-9999	464.7003	5	0.6520	0.6873	-0.0025	81.2111	0.7301	640.2015	494.8168	36.2500	588.9966	94.5139	639.1305	94.3981	646.9726	94.8380	655.7631	95.1157	
08/08/2017	01:18:03	011992	G488013246HLR	L488	S		624.8698	1.0292	10.0000	99.9472	39.7417	0.8430	0.8266	5.0000	20.4786	713.1060	94.9306	15.4897	24.0000	0.9300	0.9339	0.6868	-0.0025	713.0000	713.8821	1.0275	-3.0775	100.0626	39.5160	0.8230	0.8239	5.0000	-9999.0000	-9999.0000	-9999.0000	-9999.0000	-9999.0000	-9999.0000	21.8678	2	0	24.8598	1.0000	04	3	-9999.0000	13394	24549	-9999	570	3519	-9999	462.4498	5	0.6520	0.6868	-0.0025	78.7367	0.8656	635.9238	486.2712	36.2500	592.5724	93.8194	634.6773	93.7731	643.0057	94.5139	650.6845	95.1852	
08/08/2017	01:18:29	011992	G488013263HLR	L488	S		622.1278	1.0292	10.0000	100.0631	39.7236	0.8430	0.8268	5.0000	18.7935	713.1093	94.9537	15.4301	24.1000	0.9300	0.9340	0.6908	-0.0028	713.0000	714.4592	1.0275	-3.0698	100.1516	39.9697	0.8230	0.8265	5.0000	-9999.0000	-9999.0000	-9999.0000	-9999.0000	-9999.0000	-9999.0000	19.8074	3	0	25.9428	1.0000	04	3	-9999.0000	13395	24550	-9999	571	3519	-9999	462.2978	5	0.6516	0.6908	-0.0028	74.6647	1.1493	632.7210	475.6023	35.3704	586.2527	93.7037	631.5231	93.1944	639.9681	94.3056	647.7149	95.2546	
08/08/2017	01:19:20	011992	G488013256HLR	L488	S		623.3185	1.0292	10.0000	100.1486	39.7449	0.8430	0.8269	5.0000	18.8276	713.0909	94.9306	14.7797	24.3000	0.9300	0.9342	0.6961	-0.0032	713.0000	711.8121	1.0275	-3.1049	99.9907	39.9760	0.8230	0.8245	5.0000	-9999.0000	-9999.0000	-9999.0000	-9999.0000	-9999.0000	-9999.0000	19.6291	5	0	25.4289	1.0000	04	3	-9999.0000	13397	24551	-9999	572	3520	-9999	462.7583	5	0.6515	0.6961	-0.0032	89.4015	0.1968	627.6949	459.5422	35.1389	579.1623	93.7037	626.8327	93.3565	636.2533	94.5139	645.0064	95.2083	
08/08/2017	01:19:45	011992	G488011678HLR	L488	S		626.3468	1.0292	10.0000	100.1065	39.7653	0.8430	0.8269	5.0000	18.7490	713.0945	94.9537	13.9594	24.2000	0.9300	0.9340	0.6927	-0.0029	713.0000	712.3280	1.0275	-3.0980	100.0269	39.5309	0.8230	0.8245	5.0000	-9999.0000	-9999.0000	-9999.0000	-9999.0000	-9999.0000	-9999.0000	19.3387	6	0	25.1586	1.0000	04	3	-9999.0000	13398	24552	-9999	573	3521	-9999	464.8414	5	0.6512	0.6927	-0.0029	92.6413	-0.0757	640.1263	485.1034	37.1296	596.1437	94.0972	639.0483	93.9352	647.6122	94.6065	654.1180	95.2083	
08/08/2017	01:20:10	011992	G488011670HLR	L488	S		591.2078	1.0292	8.6154	100.0762	39.7691	0.8430	0.8269	5.0000	18.8390	713.1429	94.9537	15.2689	24.2000	0.9300	0.9340	0.6930	-0.0030	713.0000	710.0478	1.0275	-3.1282	100.1247	40.0000	0.8230	0.8272	5.0000	-9999.0000	-9999.0000	-9999.0000	-9999.0000	-9999.0000	-9999.0000	19.4492	7	0	24.9592	1.0000	04	3	-9999.0000	13399	24553	-9999	574	3522	-9999	462.1450	5	0.6511	0.6930	-0.0030	92.6242	-0.0893	628.7912	476.2998	37.8935	578.7966	94.2593	627.9645	93.9352	636.4119	94.6065	644.9199	95.2083	
08/08/2017	01:20:36	011992	G488011659HLR	L488	S		622.3418	1.0292	10.0000	100.0777	39.7884	0.8430	0.8269	5.0000	18.6692	713.0829	94.9769	13.0894	24.2000	0.9300	0.9340	0.6930	-0.0030	713.0000	713.5076	1.0275	-3.0824	100.1526	40.3890	0.8230	0.8265	5.0000	-9999.0000	-9999.0000	-9999.0000	-9999.0000	-9999.0000	-9999.0000	19.3092	8	0	25.8192	1.0000	04	3	-9999.0000	13400	24554	-9999	575	3523	-9999	466.6530	5	0.6511	0.6930	-0.0030	92.6242	-0.0893	639.7739	501.2987	36.0417	595.7868	94.6065	638.6512	94.2824	647.4650	94.7222	656.2134	95.1620	
08/08/2017	01:21:02	011992	G488011669HLR	L488	S		620.6293	1.0292	10.0000	100.1310	39.8000	0.8430	0.8269	5.0000	18.7967	713.1763	94.9306	14.6596	24.3000	0.9300	0.9340	0.6919	-0.0029	713.0000	710.9700	1.0275	-3.1160	100.1448	39.7988	0.8230	0.8236	5.0000	-9999.0000	-9999.0000	-9999.0000	-9999.0000	-9999.0000	-9999.0000	22.2599	1	0	26.8788	1.0000	04	3	-9999.0000	13401	24555	-9999	576	3524	-9999	463.4469	5	0.6507	0.6919	-0.0029	98.5619	-0.5004	634.1101	480.2901	36.5046	588.2790	95.2546	633.1078	94.8843	642.1365	95.0000	648.4880	95.0694	
08/08/2017	01:21:28	011992	G488011651HLR	L488	S		624.5223	1.0292	10.0000	100.0862	39.8000	0.8430	0.8268	5.0000	18.8236	713.0645	94.9537	14.2300	24.3000	0.9300	0.9339	0.6922	-0.0029	713.0000	712.2434	1.0275	-3.0992	100.1107	39.5579	0.8230	0.8242	5.0000	-9999.0000	-9999.0000	-9999.0000	-9999.0000	-9999.0000	-9999.0000	21.6382	2	0	25.1289	1.0000	04	3	-9999.0000	13402	24556	-9999	577	3525	-9999	464.2706	5	0.6509	0.6922	-0.0029	101.1515	-0.7403	635.2961	502.4512	35.8796	590.2226	93.8657	634.0038	93.4259	643.1253	94.4444	650.7076	95.1852	
08/08/2017	01:21:53	011992	G488011681HLR	L488	S		621.7854	1.0292	10.0000	100.0966	39.7910	0.8430	0.8267	5.0000	19.5091	713.0714	94.9537	13.3696	24.3000	0.9300	0.9340	0.6911	-0.0028	713.0000	711.1842	1.0275	-3.1132	100.1815	40.1000	0.8230	0.8269	5.0000	-9999.0000	-9999.0000	-9999.0000	-9999.0000	-9999.0000	-9999.0000	19.2991	3	0	25.0198	1.0000	04	3	-9999.0000	13403	24557	-9999	578	3526	-9999	465.9872	5	0.6504	0.6911	-0.0028	65.7470	1.6343	640.0532	500.2499	37.8472	594.8067	94.8380	638.8944	94.5833	647.9737	94.8611	654.9471	95.1157	
08/08/2017	01:22:18	011992	G488013260HLR	L488	S		621.7495	1.0292	10.0000	100.1045	39.8000	0.8430	0.8268	5.0000	18.8997	713.1973	94.9074	14.0493	24.3000	0.9300	0.9339	0.6904	-0.0028	713.0000	713.1926	1.0275	-3.0866	100.1930	40.3042	0.8230	0.8261	5.0000	-9999.0000	-9999.0000	-9999.0000	-9999.0000	-9999.0000	-9999.0000	19.3490	4	0	25.1511	1.0000	04	3	-9999.0000	13404	24558	-9999	579	3527	-9999	464.7730	5	0.6509	0.6904	-0.0028	102.1562	-0.8220	637.1313	491.8003	37.0833	592.5447	94.7222	635.7283	94.4444	645.2232	94.8380	653.0481	95.1620	
08/08/2017	01:22:43	011992	G488011662HLR	L488	S		618.6479	1.0292	10.0000	100.1179	39.8212	0.8430	0.8269	5.0000	18.8099	713.1048	94.9306	15.9799	24.3000	0.9300	0.9339	0.6882	-0.0026	713.0000	711.8457	1.0275	-3.1044	100.1790	39.9160	0.8230	0.8248	5.0000	-9999.0000	-9999.0000	-9999.0000	-9999.0000	-9999.0000	-9999.0000	19.2983	5	0	24.8568	1.0000	04	3	-9999.0000	13405	24559	-9999	580	3528	-9999	461.2419	5	0.6508	0.6882	-0.0026	106.3428	-1.0890	633.5331	485.8359	36.1343	590.3748	94.5833	632.0929	94.3287	641.1066	94.7685	647.3855	95.1389	
08/08/2017	01:23:09	011992	G488011672HLR	L488	S		621.7190	1.0292	10.0000	100.1459	39.8074	0.8430	0.8268	5.0000	18.8693	713.1296	94.9537	13.5688	24.2000	0.9300	0.9338	0.6890	-0.0026	713.0000	712.6690	1.0275	-3.0935	100.1904	39.7463	0.8230	0.8249	5.0000	-9999.0000	-9999.0000	-9999.0000	-9999.0000	-9999.0000	-9999.0000	19.6492	6	0	26.8690	1.0000	04	3	-9999.0000	13406	24560	-9999	581	3529	-9999	465.8757	5	0.6512	0.6890	-0.0026	106.1511	-1.1253	639.7459	496.4523	37.2454	590.5251	94.3519	638.5597	93.8889	647.5374	94.5833	655.7613	95.2083	
08/08/2017	01:23:34	011992	G488011689HLR	L488	S		623.1973	1.0292	10.0000	100.1393	39.8084	0.8430	0.8268	5.0000	18.8195	713.1207	94.9769	13.1401	24.1000	0.9300	0.9338	0.6907	-0.0027	713.0000	712.7818	1.0275	-3.0920	100.0560	39.9579	0.8230	0.8254	5.0000	-9999.0000	-9999.0000	-9999.0000	-9999.0000	-9999.0000	-9999.0000	22.2389	7	0	24.8584	1.0000	04	3	-9999.0000	13407	24561	-9999	582	3530	-9999	466.9297	5	0.6511	0.6907	-0.0027	85.1835	0.2944	640.8010	490.2479	37.2222	594.6835	94.6991	639.5746	94.3750	648.8534	94.7917	656.6967	95.1620	
08/08/2017	01:24:01	011992	G488011679HLR	L488	S		623.5231	1.0292	10.0000	100.1419	39.8257	0.8430	0.8268	5.0000	18.9797	713.1185	94.9306	14.3588	24.1000	0.9300	0.9338	0.6911	-0.0028	713.0000	713.2911	1.0275	-3.0853	100.1730	40.0910	0.8230	0.8249	5.0000	-9999.0000	-9999.0000	-9999.0000	-9999.0000	-9999.0000	-9999.0000	20.6794	8	0	27.1093	1.0000	04	3	-9999.0000	13408	24562	-9999	583	3531	-9999	464.6522	5	0.6513	0.6911	-0.0028	87.1801	0.1662	637.0723	484.5066	35.5324	586.8231	94.7917	635.8522	94.3981	643.1736	94.7454	651.4360	95.1389	
08/08/2017	01:24:28	011992	G488012664HLR	L488	S		623.7106	1.0292	10.0000	100.1123	39.8283	0.8430	0.8268	5.0000	19.0090	713.0909	94.9537	13.0796	24.1000	0.9300	0.9338	0.6859	-0.0024	713.0000	713.4849	1.0275	-3.0827	100.0743	39.8050	0.8230	0.8241	5.0000	-9999.0000	-9999.0000	-9999.0000	-9999.0000	-9999.0000	-9999.0000	21.5483	1	0	26.3197	1.0000	04	3	-9999.0000	13408	24563	-9999	584	3532	-9999	466.9080	5	0.6513	0.6859	-0.0024	73.8247	1.1281	644.7698	488.3492	34.8611	587.7061	94.6296	643.7801	93.8426	653.3226	94.6296	660.9967	95.2083	
08/08/2017	01:24:55	011992	G488012653HLR	L488	S		614.8329	1.0292	10.0000	100.1035	39.8257	0.8430	0.8268	5.0000	18.8685	713.0614	94.9074	15.9496	24.1000	0.9300	0.9339	0.6830	-0.0022	713.0000	708.9620	1.0275	-3.1426	100.1073	39.8416	0.8230	0.8254	5.0000	-9999.0000	-9999.0000	-9999.0000	-9999.0000	-9999.0000	-9999.0000	19.3596	2	0	27.3580	1.0000	04	3	-9999.0000	13409	24564	-9999	585	3532	-9999	462.3736	5	0.6520	0.6830	-0.0022	81.0495	0.6247	634.6490	490.1142	35.0926	582.0758	94.8611	633.5403	94.4676	641.7254	94.8148	647.9502	95.1620	
08/08/2017	01:25:21	011992	G488012671HLR	L488	S		617.4711	1.0292	10.0000	100.1150	39.8197	0.8430	0.8268	5.0000	19.0064	713.1599	94.9769	12.4595	24.0000	0.9300	0.9338	0.6835	-0.0022	713.0000	715.0626	1.0275	-3.0618	100.2154	40.0822	0.8230	0.8262	5.0000	-9999.0000	-9999.0000	-9999.0000	-9999.0000	-9999.0000	-9999.0000	19.3496	3	0	26.2891	1.0000	04	3	-9999.0000	13409	24565	-9999	585	3533	-9999	468.0189	5	0.6525	0.6835	-0.0022	78.6295	0.8283	649.3385	467.4737	36.0880	592.5665	94.7685	648.0377	94.0509	656.4166	94.7222	664.6819	95.1157	
08/08/2017	01:25:47	011992	G488012651HLR	L488	S		616.8938	1.0292	10.0000	100.0859	39.8265	0.8430	0.8268	5.0000	18.8595	713.0835	94.9306	16.2699	24.0000	0.9300	0.9339	0.6838	-0.0022	713.0000	710.4738	1.0275	-3.1226	100.1517	39.9489	0.8230	0.8244	5.0000	-9999.0000	-9999.0000	-9999.0000	-9999.0000	-9999.0000	-9999.0000	22.0317	4	0	25.7490	1.0000	04	3	-9999.0000	13410	24566	-9999	586	3534	-9999	461.9352	5	0.6524	0.6838	-0.0022	79.6994	0.7658	635.1053	497.0502	37.5463	585.9903	95.4398	634.1747	95.3009	643.0257	95.2083	648.5244	95.0694	
08/08/2017	01:26:15	011992	G488012669HLR	L488	S		617.1937	1.0292	10.0000	100.1329	39.8315	0.8430	0.8270	5.0000	18.7633	713.1179	94.9769	15.3998	24.0000	0.9300	0.9339	0.6850	-0.0023	713.0000	708.9769	1.0275	-3.1424	100.0920	39.7419	0.8230	0.8241	5.0000	-9999.0000	-9999.0000	-9999.0000	-9999.0000	-9999.0000	-9999.0000	22.0982	5	0	27.6288	1.0000	04	3	-9999.0000	13411	24567	-9999	587	3535	-9999	463.1253	5	0.6527	0.6850	-0.0023	80.0913	0.7394	632.7034	473.6052	35.6713	581.7534	94.9537	631.6186	94.2824	640.1431	94.7685	647.3934	95.1389	
08/08/2017	01:26:43	011992	G488011226HLR	L488	S		617.5103	1.0292	10.0000	100.1390	39.8391	0.8430	0.8268	5.0000	18.7160	713.0909	94.9306	16.5287	24.0000	0.9300	0.9339	0.6866	-0.0024	713.0000	710.1715	1.0275	-3.1266	100.1564	39.9032	0.8230	0.8260	5.0000	-9999.0000	-9999.0000	-9999.0000	-9999.0000	-9999.0000	-9999.0000	19.1984	6	0	28.0693	1.0000	04	3	-9999.0000	13412	24568	-9999	587	3536	-9999	461.1403	5	0.6525	0.6866	-0.0024	72.4612	1.2870	631.9257	488.7321	36.0417	587.1472	95.5556	630.8239	95.3241	638.9748	95.2083	644.8077	95.0231	
08/08/2017	01:27:11	011992	G488012665HLR	L488	S		614.2586	1.0292	10.0000	100.1366	39.8148	0.8430	0.8268	5.0000	18.7896	713.0372	94.9769	13.2290	24.0000	0.9300	0.9339	0.6841	-0.0023	713.0000	714.6398	1.0275	-3.0674	100.2265	40.1541	0.8230	0.8261	5.0000	-9999.0000	-9999.0000	-9999.0000	-9999.0000	-9999.0000	-9999.0000	19.3885	7	0	27.8593	1.0000	04	3	-9999.0000	13413	24569	-9999	588	3537	-9999	466.4828	5	0.6528	0.6841	-0.0023	71.7857	1.3510	646.5678	497.2992	37.1296	599.8920	94.8148	645.4157	94.5139	654.2960	94.8380	661.5552	95.0694	
08/08/2017	01:27:36	011992	G488012635HLR	L488	S		616.9951	1.0292	10.0000	100.1291	39.8232	0.8430	0.8268	5.0000	19.0489	713.0637	94.9537	13.7593	24.0000	0.9300	0.9339	0.6736	-0.0015	713.0000	714.7159	1.0275	-3.0664	100.2140	40.0058	0.8230	0.8250	5.0000	-9999.0000	-9999.0000	-9999.0000	-9999.0000	-9999.0000	-9999.0000	19.3989	8	0	24.9591	1.0000	04	3	-9999.0000	13414	24570	-9999	589	3538	-9999	465.9065	5	0.6526	0.6736	-0.0015	72.3735	1.3155	654.0788	518.3711	37.0833	607.8124	95.4167	653.0612	95.2546	661.5170	95.1620	665.6723	95.0926	
08/08/2017	01:28:01	011992	G488012677HLR	L488	S		616.7144	1.0292	10.0000	100.1165	39.8337	0.8430	0.8268	5.0000	18.8684	713.0589	94.9769	16.8197	24.0000	0.9300	0.9339	0.6714	-0.0013	713.0000	712.4427	1.0275	-3.0965	100.1437	39.7856	0.8230	0.8251	5.0000	-9999.0000	-9999.0000	-9999.0000	-9999.0000	-9999.0000	-9999.0000	19.4386	1	0	24.8985	1.0000	04	3	-9999.0000	13415	24571	-9999	589	3539	-9999	463.1433	5	0.6522	0.6714	-0.0013	74.9630	1.1231	644.0511	515.1186	37.1528	599.1606	95.2778	642.8864	95.0231	650.4045	95.0694	655.8070	95.0926	
08/08/2017	01:28:28	011992	G488012641HLR	L488	S		616.0277	1.0292	10.0000	100.1070	39.8271	0.8430	0.8268	5.0000	18.9289	713.0609	94.9537	17.1800	24.0000	0.9300	0.9339	0.6681	-0.0011	713.0000	712.6562	1.0275	-3.0937	100.2231	39.9491	0.8230	0.8258	5.0000	-9999.0000	-9999.0000	-9999.0000	-9999.0000	-9999.0000	-9999.0000	20.2089	2	0	27.3291	1.0000	04	3	-9999.0000	13416	24572	-9999	590	3540	-9999	462.7998	5	0.6527	0.6681	-0.0011	92.4902	0.0031	642.2635	510.1776	36.0880	598.9721	95.0231	641.0276	94.6528	648.7787	94.8611	653.9131	95.0926	
08/08/2017	01:28:55	011992	G488012637HLR	L488	S		612.3324	1.0292	10.0000	100.1347	39.8273	0.8430	0.8268	5.0000	18.8695	713.0649	94.9769	17.1888	23.9000	0.9300	0.9339	0.6673	-0.0010	713.0000	713.5813	1.0275	-3.0814	100.1405	40.1164	0.8230	0.8258	5.0000	-9999.0000	-9999.0000	-9999.0000	-9999.0000	-9999.0000	-9999.0000	19.5983	3	0	27.5968	1.0000	04	3	-9999.0000	13417	24573	-9999	591	3541	-9999	463.3107	5	0.6525	0.6673	-0.0010	100.9354	-0.5071	644.9699	519.5654	36.3889	598.2009	94.8611	643.9901	94.2824	651.0432	94.7454	657.6289	95.1157	
08/08/2017	01:29:23	011992	G488011216HLR	L488	S		623.7917	1.0292	10.0000	100.1393	39.8273	0.8430	0.8268	5.0000	18.8497	713.1426	94.9537	12.5894	23.9000	0.9300	0.9339	0.6673	-0.0010	713.0000	711.8064	1.0275	-3.1049	100.1508	40.0022	0.8230	0.8253	5.0000	-9999.0000	-9999.0000	-9999.0000	-9999.0000	-9999.0000	-9999.0000	19.1083	4	0	27.6815	1.0000	04	3	-9999.0000	13418	24574	-9999	591	3542	-9999	466.6858	5	0.6525	0.6673	-0.0010	100.9354	-0.5071	660.2183	522.1033	37.2222	612.5700	94.9074	658.8151	94.5833	667.0946	94.8148	673.7376	95.1157	
08/08/2017	01:29:53	011992	G488012681HLR	L488	S		615.9266	1.0292	10.0000	100.1486	39.8224	0.8430	0.8268	5.0000	18.7589	713.0790	94.9769	12.6792	24.0000	0.9300	0.9339	0.6657	-0.0009	713.0000	714.0078	1.0275	-3.0758	100.0439	39.8375	0.8230	0.8253	5.0000	-9999.0000	-9999.0000	-9999.0000	-9999.0000	-9999.0000	-9999.0000	19.2986	5	0	29.7590	1.0000	04	3	-9999.0000	13419	24575	-9999	592	3543	-9999	466.3369	5	0.6520	0.6657	-0.0009	103.7118	-0.6292	659.6991	517.0085	38.0093	615.5560	95.2083	658.4257	95.0000	667.8005	95.0231	673.8498	95.0694	
08/08/2017	01:30:18	011992	G488012667HLR	L488	S		613.9413	1.0292	10.0000	100.0917	39.8198	0.8430	0.8268	5.0000	18.9739	713.1088	94.9537	16.5492	24.0000	0.9300	0.9340	0.6665	-0.0010	713.0000	711.0545	1.0275	-3.1149	100.1769	39.9940	0.8230	0.8261	5.0000	-9999.0000	-9999.0000	-9999.0000	-9999.0000	-9999.0000	-9999.0000	19.4209	6	0	24.9694	1.0000	04	3	-9999.0000	13420	24576	-9999	593	3544	-9999	463.8144	5	0.6518	0.6665	-0.0010	106.5101	-0.7322	644.8474	516.9754	35.3241	602.5962	95.2083	643.6027	94.9769	651.0615	95.0926	655.8071	95.0926	
08/08/2017	01:30:43	011992	G488012657HLR	L488	S		616.5215	1.0292	10.0000	100.1295	39.8523	0.8430	0.8269	5.0000	18.7484	713.0655	94.9769	16.7894	24.0000	0.9300	0.9340	0.6679	-0.0011	713.0000	713.7200	1.0275	-3.0796	100.1591	40.0677	0.8230	0.8254	5.0000	-9999.0000	-9999.0000	-9999.0000	-9999.0000	-9999.0000	-9999.0000	19.8790	7	0	25.5987	1.0000	04	3	-9999.0000	13421	24577	-9999	593	3545	-9999	463.4844	5	0.6516	0.6679	-0.0011	93.9307	0.1165	649.7995	521.0002	36.4583	602.5295	95.1620	648.7367	94.7685	655.0324	94.9306	659.8741	95.0694	
08/08/2017	01:31:09	011992	G488011238HLR	L488	S		613.1524	1.0292	10.0000	100.1218	39.8355	0.8430	0.8268	5.0000	18.8488	713.0530	94.9769	16.8588	24.0000	0.9300	0.9340	0.6635	-0.0008	713.0000	713.2967	1.0275	-3.0852	100.0816	39.7778	0.8230	0.8242	5.0000	-9999.0000	-9999.0000	-9999.0000	-9999.0000	-9999.0000	-9999.0000	22.0587	8	0	25.9189	1.0000	04	3	-9999.0000	13422	24578	-9999	594	3546	-9999	463.2973	5	0.6515	0.6635	-0.0008	94.5790	0.0786	646.8061	509.7079	36.4120	602.9424	94.9537	645.9209	94.4213	653.1345	94.7685	658.1704	95.1157	
08/08/2017	01:31:34	011992	G488011248HLR	L488	S		614.5372	1.0292	10.0000	100.1195	39.8154	0.8430	0.8268	5.0000	18.8890	713.0724	94.9537	18.9700	24.1000	0.9300	0.9340	0.6635	-0.0008	713.0000	714.6915	1.0275	-3.0667	100.1200	39.8170	0.8230	0.8247	5.0000	-9999.0000	-9999.0000	-9999.0000	-9999.0000	-9999.0000	-9999.0000	22.3338	1	0	24.9092	1.0000	04	3	-9999.0000	13423	24579	-9999	595	3547	-9999	462.0439	5	0.6517	0.6635	-0.0008	92.3440	0.2485	647.8557	508.0093	37.4537	600.2842	94.9306	647.0277	94.4213	652.3723	94.7454	657.3600	95.0463	
08/08/2017	01:32:01	011992	G488011241HLR	L488	S		616.4830	1.0292	10.0000	100.1279	39.8253	0.8430	0.8268	5.0000	18.9191	713.0474	95.0926	10.8297	24.0000	0.9300	0.9339	0.6635	-0.0008	713.0000	710.7469	1.0275	-3.1190	100.1292	40.0737	0.8230	0.8259	5.0000	-9999.0000	-9999.0000	-9999.0000	-9999.0000	-9999.0000	-9999.0000	19.7564	2	0	26.7687	1.0000	04	3	-9999.0000	13424	24580	-9999	596	3548	-9999	466.7893	5	0.6517	0.6635	-0.0008	92.3440	0.2485	669.0770	512.8019	36.5509	616.6358	95.4630	667.8718	95.1620	676.5128	95.1157	681.5847	95.0231	
08/08/2017	01:32:26	011992	G488011234HLR	L488	S		620.0164	1.0292	10.0000	100.1428	39.8499	0.8430	0.8269	5.0000	18.8303	713.0602	95.0000	13.5200	24.1000	0.9300	0.9340	0.6637	-0.0008	713.0000	712.4569	1.0275	-3.0963	100.1335	39.9593	0.8230	0.8244	5.0000	-9999.0000	-9999.0000	-9999.0000	-9999.0000	-9999.0000	-9999.0000	22.0351	3	0	24.9396	1.0000	04	3	-9999.0000	13425	24581	-9999	597	3549	-9999	465.2082	5	0.6513	0.6637	-0.0008	106.2682	-0.5827	662.4942	490.1050	34.3287	610.3372	95.2778	661.9424	95.0926	667.7117	95.1389	673.0968	95.1389	
08/08/2017	01:32:51	011992	G488011231HLR	L488	S		614.0475	1.0292	10.0000	100.0811	39.8000	0.8430	0.8266	5.0000	19.8595	713.0495	95.0000	13.0591	24.1000	0.9300	0.9340	0.6635	-0.0008	713.0000	713.8637	1.0275	-3.0777	99.9860	39.8717	0.8230	0.8251	5.0000	-9999.0000	-9999.0000	-9999.0000	-9999.0000	-9999.0000	-9999.0000	19.2381	4	0	25.0692	1.0000	04	3	-9999.0000	13426	24582	-9999	598	3550	-9999	465.4944	5	0.6513	0.6635	-0.0008	103.4353	-0.3666	667.3492	511.4075	37.4769	615.9017	95.3935	665.9096	95.3009	671.1652	95.1852	676.2406	94.9537	
08/08/2017	01:33:27	011992	G488011237HLR	L488	S		617.5979	1.0292	10.0000	100.1024	39.8381	0.8430	0.8267	5.0000	19.5441	713.1105	95.0694	10.6295	24.2000	0.9300	0.9339	0.6679	-0.0011	713.0000	711.3658	1.0275	-3.1108	100.0954	39.8956	0.8230	0.8250	5.0000	-9999.0000	-9999.0000	-9999.0000	-9999.0000	-9999.0000	-9999.0000	21.4391	5	0	35.4781	1.0000	04	3	-9999.0000	13427	24583	-9999	599	3551	-9999	468.1308	5	0.6507	0.6679	-0.0011	94.0663	0.2536	667.3525	494.5818	35.9491	615.1669	95.3704	665.9394	95.1389	674.6304	95.0926	679.9687	95.0463	
08/08/2017	01:34:46	011992	G488011229HLR	L488	S		621.2336	1.0292	10.0000	100.1270	39.8872	0.8430	0.8268	5.0000	18.8500	713.0656	94.9537	15.9594	24.2000	0.9300	0.9341	0.6703	-0.0012	713.0000	714.4014	1.0275	-3.0706	100.2158	40.0786	0.8230	0.8258	5.0000	-9999.0000	-9999.0000	-9999.0000	-9999.0000	-9999.0000	-9999.0000	19.4587	6	0	79.6477	1.0000	04	3	-9999.0000	13428	24584	-9999	600	3552	-9999	464.0393	5	0.6512	0.6703	-0.0012	85.4689	0.7474	651.5944	487.7634	35.9954	602.9907	95.7639	650.3525	95.7639	658.0633	95.3704	661.6716	95.0231	
08/08/2017	01:35:12	011992	G488011215HLR	L488	S		622.3821	1.0292	10.0000	100.0816	39.8158	0.8430	0.8265	5.0000	20.0549	713.0761	95.0000	13.0796	24.2000	0.9300	0.9340	0.6696	-0.0012	713.0000	711.7955	1.0275	-3.1051	100.1424	40.0491	0.8230	0.8254	5.0000	-9999.0000	-9999.0000	-9999.0000	-9999.0000	-9999.0000	-9999.0000	19.1883	7	0	25.9588	1.0000	04	3	-9999.0000	13429	24585	-9999	601	3553	-9999	466.3741	5	0.6515	0.6696	-0.0012	81.5141	0.9866	658.4621	493.9492	35.2778	607.0299	96.0185	657.0557	95.4167	665.7413	95.2083	670.7573	95.0463	
08/08/2017	01:35:38	011992	G488011224HLR	L488	S		620.9261	1.0292	10.0000	100.1298	39.8353	0.8430	0.8268	5.0000	19.1881	713.0824	94.9769	12.9595	24.2000	0.9300	0.9339	0.6683	-0.0011	713.0000	711.5012	1.0275	-3.1090	99.9675	39.9687	0.8230	0.8254	5.0000	-9999.0000	-9999.0000	-9999.0000	-9999.0000	-9999.0000	-9999.0000	19.4014	8	0	26.0683	1.0000	04	3	-9999.0000	13430	24586	-9999	602	3554	-9999	466.3026	5	0.6517	0.6683	-0.0011	85.0481	0.8143	658.9351	483.8886	35.1852	604.6422	95.1620	657.5058	94.4213	665.3560	94.7917	672.1210	95.1157	
08/08/2017	01:36:05	011992	G488011249HLR	L488	S		617.9519	1.0292	10.0000	100.1267	39.8816	0.8430	0.8268	5.0000	19.1993	713.2002	94.7917	24.5489	24.1000	0.9300	0.9339	0.6695	-0.0012	713.0000	725.6793	1.0275	-2.9213	100.0569	39.6317	0.8230	0.8245	5.0000	-9999.0000	-9999.0000	-9999.0000	-9999.0000	-9999.0000	-9999.0000	22.3184	1	2	26.5294	1.0000	04	3	-9999.0000	13431	24587	-9999	603	3555	-9999	456.7293	5	0.6520	0.6695	-0.0012	88.7285	0.5426	587.0843	505.1398	37.7083	530.4017	95.5787	585.5172	94.9769	600.1148	94.9074	608.5737	95.0231	
08/08/2017	01:36:32	011992	G488011252HLR	L488	S		617.2496	1.0292	10.0000	100.0964	39.8681	0.8430	0.8266	5.0000	19.8586	713.0806	94.9306	16.5892	24.1000	0.9300	0.9338	0.6695	-0.0012	713.0000	712.8275	1.0275	-3.0914	100.1330	40.0479	0.8230	0.8269	5.0000	-9999.0000	-9999.0000	-9999.0000	-9999.0000	-9999.0000	-9999.0000	19.0790	2	0	26.9693	1.0000	04	3	-9999.0000	13432	24588	-9999	604	3556	-9999	463.1046	5	0.6520	0.6695	-0.0012	88.7285	0.5426	646.9847	490.9634	34.2824	599.2202	95.2083	645.3969	94.8843	653.5304	94.9306	658.2056	95.0000	
08/08/2017	01:36:58	011992	G488011383HLR	L488	S		618.9145	1.0292	10.0000	100.1824	39.8954	0.8430	0.8268	5.0000	18.8283	713.0895	94.9537	15.0698	24.1000	0.9300	0.9340	0.6707	-0.0013	713.0000	711.9110	1.0275	-3.1036	100.1541	40.2427	0.8230	0.8261	5.0000	-9999.0000	-9999.0000	-9999.0000	-9999.0000	-9999.0000	-9999.0000	19.4686	3	0	26.4790	1.0000	04	3	-9999.0000	13433	24589	-9999	605	3557	-9999	464.7132	5	0.6522	0.6707	-0.0013	84.9922	0.7398	647.7189	477.0327	37.3843	596.5230	95.3472	646.4888	95.4630	655.4668	95.2315	660.1840	94.9769	
08/08/2017	01:37:23	011992	G488011400HLR	L488	S		620.4482	1.0292	10.0000	99.9400	39.6271	0.8430	0.8263	5.0000	20.8290	713.1033	94.9537	15.2397	24.0000	0.9300	0.9338	0.6716	-0.0013	713.0000	713.1635	1.0275	-3.0870	100.1084	39.7940	0.8230	0.8240	5.0000	-9999.0000	-9999.0000	-9999.0000	-9999.0000	-9999.0000	-9999.0000	21.6386	4	0	24.8689	1.0000	04	3	-9999.0000	13434	24590	-9999	605	3558	-9999	464.5134	5	0.6525	0.6716	-0.0013	83.2811	0.8262	647.9776	498.2620	36.9444	598.2486	95.4398	646.6645	95.3009	653.8655	95.1389	660.0835	95.0694	
08/08/2017	01:37:54	011992	G488011207HLR	L488	S		616.0203	1.0292	10.0000	100.0593	39.8000	0.8430	0.8273	5.0000	18.8776	713.0931	94.9537	15.7397	24.0000	0.9300	0.9339	0.6717	-0.0013	713.0000	712.6326	1.0275	-3.0940	100.1462	39.7794	0.8230	0.8254	5.0000	-9999.0000	-9999.0000	-9999.0000	-9999.0000	-9999.0000	-9999.0000	19.1464	5	0	30.4890	1.0000	04	3	-9999.0000	13435	24591	-9999	606	3559	-9999	463.9927	5	0.6512	0.6717	-0.0013	80.3677	1.0431	647.1250	518.7600	36.2500	600.0097	95.5787	646.2972	95.3241	653.1655	95.1620	657.4987	95.0231	
08/08/2017	01:38:24	011992	G488011160HLR	L488	S		615.1783	1.0292	10.0000	100.0958	40.0788	0.8430	0.8271	5.0000	18.6293	713.0831	94.9306	16.0492	24.0000	0.9300	0.9339	0.6718	-0.0014	713.0000	712.0621	1.0275	-3.1016	100.1226	40.0982	0.8230	0.8264	5.0000	-9999.0000	-9999.0000	-9999.0000	-9999.0000	-9999.0000	-9999.0000	19.5346	6	0	30.6786	1.0000	04	3	-9999.0000	13436	24592	-9999	607	3560	-9999	463.6641	5	0.6513	0.6718	-0.0014	80.9660	0.9683	644.1815	509.0459	35.4630	590.7134	95.2083	643.0199	94.5833	650.5670	94.8380	656.3219	95.1157	
08/08/2017	01:38:51	011992	G488011360HLR	L488	S		617.1815	1.0292	10.0000	100.0782	39.7651	0.8430	0.8263	5.0000	19.3085	713.1132	94.9537	15.5199	24.0000	0.9300	0.9339	0.6718	-0.0013	713.0000	712.3309	1.0275	-3.0980	99.9757	40.1210	0.8230	0.8254	5.0000	-9999.0000	-9999.0000	-9999.0000	-9999.0000	-9999.0000	-9999.0000	19.2600	7	0	27.1882	1.0000	04	3	-9999.0000	13437	24593	-9999	607	3561	-9999	464.3150	5	0.6519	0.6718	-0.0013	82.3306	0.8332	644.4533	490.9172	35.1157	586.9152	94.9537	643.4892	94.2361	651.7292	94.7454	658.5859	95.1389	
08/08/2017	01:39:45	011992	G488011372HLR	L488	S		617.9337	1.0292	10.0000	100.0617	39.9096	0.8430	0.8268	5.0000	20.7488	713.0414	94.9306	19.6087	24.1000	0.9300	0.9341	0.6739	-0.0015	713.0000	713.5936	1.0275	-3.0813	99.9889	39.9463	0.8230	0.8258	5.0000	-9999.0000	-9999.0000	-9999.0000	-9999.0000	-9999.0000	-9999.0000	19.3884	1	0	24.8030	1.0000	04	3	-9999.0000	13438	24594	-9999	609	3562	-9999	460.0893	5	0.6511	0.6739	-0.0015	70.0341	1.5452	638.2165	486.9555	34.6759	583.2007	95.4167	637.3211	94.9306	644.5600	95.1157	649.4243	95.1389	
08/08/2017	01:40:10	011992	G488011380HLR	L488	S		617.8406	1.0292	10.0000	100.1039	39.8753	0.8430	0.8266	5.0000	18.8524	713.0436	94.9074	19.8293	24.0000	0.9300	0.9339	0.6758	-0.0016	713.0000	712.6383	1.0275	-3.0939	99.9696	39.9130	0.8230	0.8258	5.0000	-9999.0000	-9999.0000	-9999.0000	-9999.0000	-9999.0000	-9999.0000	19.2089	2	0	24.9649	1.0000	04	3	-9999.0000	13439	24595	-9999	610	3562	-9999	460.0143	5	0.6504	0.6758	-0.0016	70.2570	1.5405	634.4706	488.6666	33.9120	581.3783	95.0000	633.4971	94.2824	640.4881	94.7454	645.8996	95.2083	
08/08/2017	01:40:38	011992	G488012560HLR	L488	S		621.2490	1.0292	10.0000	100.1298	39.7727	0.8430	0.8267	5.0000	18.8900	713.0708	94.9537	16.3793	24.0000	0.9300	0.9339	0.6758	-0.0016	713.0000	713.9479	1.0275	-3.0766	100.1646	39.9759	0.8230	0.8258	5.0000	-9999.0000	-9999.0000	-9999.0000	-9999.0000	-9999.0000	-9999.0000	19.5097	3	0	28.0091	1.0000	04	3	-9999.0000	13440	24596	-9999	611	3563	-9999	463.5834	5	0.6504	0.6758	-0.0016	70.2570	1.5405	641.0848	505.7161	34.2824	586.3945	94.8148	640.2459	93.9583	647.4500	94.6296	653.6736	95.1389	
08/08/2017	01:41:07	011992	G488012562HLR	L488	S		620.2543	1.0292	10.0000	99.9785	39.8423	0.8430	0.8267	5.0000	20.4905	713.0759	94.9769	17.4398	24.0000	0.9300	0.9339	0.6762	-0.0016	713.0000	712.6300	1.0275	-3.0940	100.1506	39.8814	0.8230	0.8248	5.0000	-9999.0000	-9999.0000	-9999.0000	-9999.0000	-9999.0000	-9999.0000	21.3181	4	0	29.0992	1.0000	04	3	-9999.0000	13441	24597	-9999	612	3564	-9999	462.4219	5	0.6499	0.6762	-0.0016	71.2532	1.4843	638.9759	505.0010	35.1157	590.6864	95.0231	638.1729	94.2593	644.8088	94.7685	651.3890	95.1620	
08/08/2017	01:41:32	011992	G488012563HLR	L488	S		619.5301	1.0292	10.0000	100.1003	39.8513	0.8430	0.8268	5.0000	18.8076	713.0416	95.0000	12.3394	23.9000	0.9300	0.9339	0.6762	-0.0016	713.0000	716.5210	1.0275	-3.0425	100.1474	39.9139	0.8230	0.8255	5.0000	-9999.0000	-9999.0000	-9999.0000	-9999.0000	-9999.0000	-9999.0000	19.3884	5	0	25.0086	1.0000	04	3	-9999.0000	13442	24597	-9999	613	3564	-9999	468.1877	5	0.6499	0.6762	-0.0016	71.2532	1.4843	654.9413	495.3535	35.0000	597.3301	94.7917	653.9969	94.0741	661.9574	94.6991	670.1800	95.1852	
08/08/2017	01:42:00	011992	G488011161HLR	L488	S		617.5443	1.0292	10.0000	100.1230	39.8234	0.8430	0.8268	5.0000	18.8391	713.0935	95.0463	11.6099	24.0000	0.9300	0.9339	0.6752	-0.0015	713.0000	713.7210	1.0275	-3.0796	100.1752	39.9663	0.8230	0.8256	5.0000	-9999.0000	-9999.0000	-9999.0000	-9999.0000	-9999.0000	-9999.0000	19.9188	6	0	27.8886	1.0000	04	3	-9999.0000	13443	24598	-9999	613	3565	-9999	468.9678	5	0.6489	0.6752	-0.0015	77.9615	1.0367	657.4830	498.4763	35.2546	599.7260	95.1157	656.3470	94.5139	664.9658	94.8611	672.6877	95.1157	
08/08/2017	01:42:24	011992	G488011159HLR	L488	S		617.1138	1.0292	10.0000	100.0681	39.8106	0.8430	0.8267	5.0000	19.5327	713.0914	94.9769	17.0990	24.0000	0.9300	0.9340	0.6752	-0.0015	713.0000	714.8669	1.0275	-3.0644	100.1568	39.9413	0.8230	0.8252	5.0000	-9999.0000	-9999.0000	-9999.0000	-9999.0000	-9999.0000	-9999.0000	19.9295	7	0	24.9298	1.0000	04	3	-9999.0000	13444	24599	-9999	614	3566	-9999	462.9076	5	0.6483	0.6752	-0.0015	78.7460	0.9797	642.5260	493.3043	36.2269	590.1631	95.6019	641.0470	95.4398	649.6949	95.2546	654.7717	95.0694	
08/08/2017	01:42:51	011992	G488011390HLR	L488	S		620.2597	1.0292	10.0000	100.1059	39.8818	0.8430	0.8269	5.0000	18.8490	713.0749	94.9769	18.2796	24.0000	0.9300	0.9339	0.6751	-0.0015	713.0000	714.3615	1.0275	-3.0711	100.1610	39.9152	0.8230	0.8254	5.0000	-9999.0000	-9999.0000	-9999.0000	-9999.0000	-9999.0000	-9999.0000	19.5984	8	0	26.3271	1.0000	04	3	-9999.0000	13445	24600	-9999	615	3566	-9999	461.6481	5	0.6500	0.6751	-0.0015	96.6144	-0.1185	639.5405	483.1589	34.4213	591.1054	95.3704	638.6414	94.9074	645.1097	94.9769	650.1335	95.1157	
08/08/2017	01:43:18	011992	G488011181HLR	L488	S		618.5447	1.0292	10.0000	99.9806	39.8703	0.8430	0.8268	5.0000	18.5188	713.0535	95.0463	12.0191	24.0000	0.9300	0.9339	0.6751	-0.0015	713.0000	717.7006	1.0275	-3.0269	100.0862	39.9580	0.8230	0.8257	5.0000	-9999.0000	-9999.0000	-9999.0000	-9999.0000	-9999.0000	-9999.0000	19.1880	1	0	26.9208	1.0000	04	3	-9999.0000	13446	24601	-9999	616	3567	-9999	468.4118	5	0.6500	0.6751	-0.0015	96.6144	-0.1185	661.6926	504.0189	37.3843	612.9749	95.5324	660.4551	95.2315	669.0716	95.1157	673.4574	95.0694	
08/08/2017	01:43:43	011992	G488011182HLR	L488	S		617.0991	1.0292	10.0000	100.1228	39.8000	0.8430	0.8268	5.0000	18.8795	713.0251	94.9537	16.9593	24.1000	0.9300	0.9341	0.6739	-0.0015	713.0000	714.5175	1.0275	-3.0691	100.1674	39.9900	0.8230	0.8257	5.0000	-9999.0000	-9999.0000	-9999.0000	-9999.0000	-9999.0000	-9999.0000	19.2888	2	0	25.5890	1.0000	04	3	-9999.0000	13447	24602	-9999	616	3568	-9999	462.9844	5	0.6504	0.6739	-0.0015	98.5036	-0.2141	646.2110	523.8297	36.8287	597.5176	95.6250	644.9328	95.3935	650.8888	95.2778	655.5131	95.1389	
08/08/2017	01:44:10	011992	G488011166HLR	L488	S		628.4497	1.0292	10.0000	100.1155	39.8246	0.8430	0.8269	5.0000	18.8192	713.1251	95.0694	11.2789	24.1000	0.9300	0.9340	0.6743	-0.0015	713.0000	722.1320	1.0275	-2.9682	100.1732	39.8737	0.8230	0.8246	5.0000	-9999.0000	-9999.0000	-9999.0000	-9999.0000	-9999.0000	-9999.0000	21.9999	3	2	26.7390	1.0000	04	3	-9999.0000	13448	24603	-9999	617	3569	-9999	469.0328	5	0.6500	0.6743	-0.0015	98.6597	-0.1771	665.7713	512.8224	36.2963	612.7987	95.3241	664.4100	95.0463	673.2489	95.0694	678.7748	95.0231	
08/08/2017	01:44:36	011992	G488011189HLR	L488	S		619.8530	1.0292	10.0000	100.1820	39.9226	0.8430	0.8268	5.0000	19.0588	713.1003	95.0000	15.4692	24.2000	0.9300	0.9341	0.6725	-0.0014	713.0000	713.3638	1.0275	-3.0843	100.1600	39.8441	0.8230	0.8247	5.0000	-9999.0000	-9999.0000	-9999.0000	-9999.0000	-9999.0000	-9999.0000	21.5369	4	0	25.5391	1.0000	04	3	-9999.0000	13449	24604	-9999	618	3570	-9999	464.2548	5	0.6495	0.6725	-0.0014	98.9709	-0.2240	648.5946	483.8091	34.6065	596.6424	95.6019	647.5094	95.5324	655.3359	95.2778	660.2929	95.0463	
08/08/2017	01:45:01	011992	G488011197HLR	L488	S		602.9170	1.0292	9.6292	100.0867	39.8120	0.8430	0.8266	5.0000	18.9094	713.0669	94.9769	16.0697	24.2000	0.9300	0.9340	0.6692	-0.0012	713.0000	715.5547	1.0275	-3.0553	100.1423	39.9146	0.8230	0.8248	5.0000	-9999.0000	-9999.0000	-9999.0000	-9999.0000	-9999.0000	-9999.0000	21.9890	5	0	25.6290	1.0000	04	3	-9999.0000	13450	24605	-9999	619	3571	-9999	463.2971	5	0.6497	0.6692	-0.0012	100.9021	-0.3400	646.3884	506.1185	36.0417	591.2155	94.7685	645.3356	94.1898	653.5368	94.7454	659.8711	95.2083	
08/08/2017	01:45:27	011992	G488011194HLR	L488	S		632.5176	1.0292	10.0000	99.9646	39.8331	0.8430	0.8269	5.0000	18.4689	713.0474	95.1157	10.4791	24.2000	0.9300	0.9339	0.6661	-0.0011	713.0000	722.1144	1.0275	-2.9685	100.1124	39.9217	0.8230	0.8246	5.0000	-9999.0000	-9999.0000	-9999.0000	-9999.0000	-9999.0000	-9999.0000	22.1589	6	2	25.4597	1.0000	04	3	-9999.0000	13451	24606	-9999	620	3571	-9999	467.0809	5	0.6493	0.6661	-0.0011	101.0469	-0.3301	677.6117	501.8444	33.9815	622.2835	95.6481	676.5387	95.6019	683.4155	95.3009	686.7929	95.0694	
