Data	Timp	Nr. masina	Nr. de serie	Tip	Productie	Comentariu	Pre-masurare Q [ml/min]	Pre-masurare Gain	Pre-masurare Offset Master	Pre-masurare P [bar]	Pre-masurare T [°C]	Pre-masurare Densitate fixa [kg/l]	Pre-masurare densitate masurata [kg/l]	Pre-masurare Timp masurare [s]	Pre-masurare Cycle time [s]	rectificare Q Oprire [ml/min]	rectificare P Oprire [bar]	rectificare Timp rectificare [s]	rectificare T [°C]	rectificare Densitate fixa [kg/l]	rectificare densitate masurata [kg/l]	rectificare Factor de masurare la rectificare	rectificare Factor de corectie a debitului	rectificare Target rectificare	Masurare Q [ml/min]	Masurare Gain	Masurare Offset Master	Masurare P [bar]	Masurare T [°C]	Masurare Densitate fixa [kg/l]	Masurare densitate masurata [kg/l]	Masurare Timp masurare [s]	Masurare Q [ml/min]	Masurare Delta Q [ml/min]	Masurare P [bar]	Masurare BP [bar]	Masurare T [°C]	Masurare Timp masurare [s]	Masurare Cycle time [s]	Nest Nr.	Cod de descarcare	Cycle time [s]	Traceability aktiv	EDM Maschine Nr	EDM Spindle Nr	Honing Rate [r	Station Counter Premeasure	Station Counter Grind	Station Counter Blowout 1	Station Counter Wash	Station Counter Measure	Station Counter Blowout 2	RealGrindQStop	Reg Type	Factor 0	Factor 1	Factor 2	Factor 3	Factor 4	G_StartQV	G_StartQV_1	G_StartQV_2	G_StartQV_3	G_StartQV_4	G_StartQV_5	
24/08/2017	00:00:10	011992	G523098508HLR	L523	S		433.6941	1.0292	6.8242	100.0044	39.7311	0.8430	0.8292	5.0000	18.7687	508.0549	94.9769	22.9190	24.0000	0.9300	0.9198	0.6650	-0.0002	508.0000	506.5314	1.0275	10.5540	100.1999	39.6770	0.8230	0.8290	5.0000	-9999.0000	-9999.0000	-9999.0000	-9999.0000	-9999.0000	-9999.0000	19.3389	6	0	29.2088	1.0000	09	1	-9999.0000	8580	20114	-9999	1991	1906	-9999	335.6591	5	0.6607	0.6650	-0.0002	36.2257	1.5656	475.0511	439.0667	37.1296	467.7005	94.3056	471.8511	95.1852	474.3969	95.0694	477.3406	94.9769	
24/08/2017	00:00:45	011992	G523098511HLR	L523	S		432.3819	1.0292	6.9786	100.0070	39.9589	0.8430	0.8286	5.0000	20.0998	505.1923	95.0694	31.0086	24.0000	0.9300	0.9197	0.6693	-0.0003	508.0000	507.1719	1.0275	10.4795	100.0039	40.1826	0.8230	0.8281	5.0000	-9999.0000	-9999.0000	-9999.0000	-9999.0000	-9999.0000	-9999.0000	19.5195	7	0	35.5688	1.0000	09	1	-9999.0000	8580	20115	-9999	1992	1907	-9999	333.6301	5	0.6605	0.6693	-0.0003	55.8816	0.6847	466.5445	450.0833	38.6111	461.6032	94.6296	461.8112	95.2778	466.1230	95.2083	468.0342	94.9769	
24/08/2017	00:01:19	011992	G523098501HLR	L523	S		434.6164	1.0292	6.7157	100.0155	39.5411	0.8430	0.8282	5.0000	18.5489	508.0357	94.8843	24.3790	24.0000	0.9300	0.9197	0.6712	-0.0004	508.0000	507.7442	1.0275	10.4128	100.1608	39.5557	0.8230	0.8262	5.0000	-9999.0000	-9999.0000	-9999.0000	-9999.0000	-9999.0000	-9999.0000	19.6482	8	0	34.4880	1.0000	09	1	-9999.0000	8581	20116	-9999	1993	1908	-9999	336.1040	5	0.6606	0.6712	-0.0004	61.9054	0.4908	470.0769	441.7076	37.2454	462.2509	94.5602	466.1447	95.3241	469.6758	95.2546	471.9695	94.9074	
24/08/2017	00:01:56	011992	G523098153HLR	L523	S		435.2801	1.0292	6.6376	100.0000	40.0000	0.8430	0.8293	5.0000	19.2892	508.0335	95.0000	27.0097	24.1000	0.9300	0.9198	0.6721	-0.0004	508.0000	508.7441	1.0275	10.2964	100.0071	39.6972	0.8230	0.8285	5.0000	-9999.0000	-9999.0000	-9999.0000	-9999.0000	-9999.0000	-9999.0000	18.8885	1	0	36.4586	1.0000	09	1	-9999.0000	8582	20116	-9999	1993	1909	-9999	335.7829	5	0.6609	0.6721	-0.0004	60.9814	0.5230	469.3132	443.5627	38.0093	461.9650	94.5833	465.8673	95.4861	468.9240	95.3472	471.6376	94.9306	
24/08/2017	00:02:31	011992	G523095477HLR	L523	S		441.4927	1.0292	5.9067	100.0357	39.7780	0.8430	0.8281	5.0000	19.7920	508.0289	94.9537	18.2093	24.1000	0.9300	0.9197	0.6746	-0.0005	508.0000	508.5197	1.0275	10.3226	100.0080	40.1473	0.8230	0.8282	5.0000	-9999.0000	-9999.0000	-9999.0000	-9999.0000	-9999.0000	-9999.0000	19.6602	2	0	35.5388	1.0000	09	1	-9999.0000	8582	20117	-9999	1994	1910	-9999	337.6103	5	0.6604	0.6746	-0.0005	65.2578	0.3436	477.2295	441.7901	38.6574	470.4922	94.6991	474.2926	95.4167	477.1053	95.3704	479.9617	94.8843	
24/08/2017	00:03:10	011992	G523098645HLR	L523	S		437.7168	1.0292	6.3510	100.1204	39.6152	0.8430	0.8290	5.0000	18.7590	508.0610	94.9074	24.7491	24.2000	0.9300	0.9199	0.6756	-0.0006	508.0000	508.0947	1.0275	10.3720	100.0726	39.5293	0.8230	0.8264	5.0000	-9999.0000	-9999.0000	-9999.0000	-9999.0000	-9999.0000	-9999.0000	19.2496	3	0	38.3988	1.0000	09	1	-9999.0000	8583	20118	-9999	1995	1911	-9999	336.2059	5	0.6605	0.6756	-0.0006	65.2107	0.3450	468.5185	405.7679	39.7222	462.8499	94.5139	465.7238	95.0231	468.2881	95.0463	470.2052	94.9306	
24/08/2017	00:03:45	011992	G523098647HLR	L523	S		435.1633	1.0292	6.6514	100.0351	40.0000	0.8430	0.8288	5.0000	21.7068	508.0422	94.9769	23.6583	24.3000	0.9300	0.9198	0.6767	-0.0006	508.0000	507.4902	1.0275	10.4424	100.0129	39.8000	0.8230	0.8287	5.0000	-9999.0000	-9999.0000	-9999.0000	-9999.0000	-9999.0000	-9999.0000	18.7115	4	0	35.3483	1.0000	09	1	-9999.0000	8584	20119	-9999	1996	1912	-9999	336.6050	5	0.6608	0.6767	-0.0006	67.3126	0.2375	467.5235	457.1629	40.4398	462.6296	94.3981	463.6043	95.2778	466.9371	95.0926	469.4597	94.9769	
24/08/2017	00:04:22	011992	G523098643HLR	L523	S		433.3078	1.0292	6.8697	99.9823	39.7752	0.8430	0.8282	5.0000	18.6485	508.0370	94.9537	25.6592	24.3000	0.9300	0.9199	0.6734	-0.0005	508.0000	507.0643	1.0275	10.4920	99.9475	40.0305	0.8230	0.8274	5.0000	-9999.0000	-9999.0000	-9999.0000	-9999.0000	-9999.0000	-9999.0000	19.8711	5	0	37.2593	1.0000	09	1	-9999.0000	8585	20120	-9999	1997	1913	-9999	335.8698	5	0.6613	0.6734	-0.0005	58.4481	0.5596	463.3388	436.9373	37.9167	460.2910	94.4444	459.4596	94.7222	462.6371	94.7222	465.6680	94.8611	
24/08/2017	00:04:56	011992	G523098341HLR	L523	S		431.0456	1.0292	7.1358	100.0595	39.6251	0.8430	0.8289	5.0000	18.7519	508.0493	94.9074	24.6983	24.4000	0.9300	0.9199	0.6732	-0.0005	508.0000	506.0356	1.0275	10.6117	99.9980	39.4950	0.8230	0.8268	5.0000	-9999.0000	-9999.0000	-9999.0000	-9999.0000	-9999.0000	-9999.0000	19.5396	6	0	33.8883	1.0000	09	1	-9999.0000	8586	20121	-9999	1998	1914	-9999	336.0021	5	0.6611	0.6732	-0.0005	55.9655	0.6229	464.5445	419.9794	36.8056	457.5496	94.6528	461.1973	94.5139	464.3504	94.6065	466.8712	94.8380	
24/08/2017	00:05:32	011992	G523098380HLR	L523	S		428.6695	1.0292	7.4154	100.0481	40.0756	0.8430	0.8291	5.0000	19.1088	508.0401	94.9537	27.5888	24.5000	0.9300	0.9199	0.6718	-0.0004	508.0000	505.6011	1.0275	10.6623	100.0784	40.0764	0.8230	0.8289	5.0000	-9999.0000	-9999.0000	-9999.0000	-9999.0000	-9999.0000	-9999.0000	19.9995	7	0	36.0983	1.0000	09	1	-9999.0000	8587	20122	-9999	1999	1915	-9999	335.2751	5	0.6622	0.6718	-0.0004	54.1635	0.7250	460.8623	456.8192	39.7685	458.2213	94.7917	457.4846	94.9537	460.5966	94.9537	463.6995	94.9769	
24/08/2017	00:05:57	011992	G523098345HLR	L523	S		431.8194	1.0292	7.0448	100.0008	39.6932	0.8430	0.8282	5.0000	18.5687	508.0065	94.9537	24.5293	24.6000	0.9300	0.9199	0.6710	-0.0004	508.0000	505.8594	1.0275	10.6322	100.0308	39.8625	0.8230	0.8270	5.0000	-9999.0000	-9999.0000	-9999.0000	-9999.0000	-9999.0000	-9999.0000	19.2181	8	0	25.0097	1.0000	09	1	-9999.0000	8588	20123	-9999	2000	1916	-9999	336.2015	5	0.6623	0.6710	-0.0004	53.5388	0.7484	466.8274	454.7751	37.1759	462.7515	94.8380	463.4619	95.0694	466.4687	95.0694	469.0571	95.0231	
24/08/2017	00:06:27	011992	G523098354HLR	L523	S		432.4133	1.0292	6.9749	100.0959	39.8000	0.8430	0.8293	5.0000	18.7492	508.0651	94.9306	26.4492	24.6000	0.9300	0.9198	0.6674	-0.0002	508.0000	506.2484	1.0275	10.5870	100.0187	39.5000	0.8230	0.8274	5.0000	-9999.0000	-9999.0000	-9999.0000	-9999.0000	-9999.0000	-9999.0000	19.6285	1	0	29.4080	1.0000	09	1	-9999.0000	8589	20124	-9999	2001	1917	-9999	336.0519	5	0.6630	0.6674	-0.0002	49.8144	0.9489	467.3301	445.5631	39.3750	464.7945	94.8380	463.2703	94.9769	467.1742	95.0000	468.7291	95.0231	
24/08/2017	00:07:01	011992	G523098371HLR	L523	S		433.9384	1.0292	6.7955	99.9723	40.0501	0.8430	0.8288	5.0000	18.5090	508.0082	94.9769	23.0294	24.5000	0.9300	0.9197	0.6639	-0.0000	508.0000	506.6385	1.0275	10.5415	100.0450	39.9381	0.8230	0.8287	5.0000	-9999.0000	-9999.0000	-9999.0000	-9999.0000	-9999.0000	-9999.0000	19.8485	2	0	33.6890	1.0000	09	1	-9999.0000	8590	20124	-9999	2002	1918	-9999	336.8636	5	0.6629	0.6639	-0.0000	43.2642	1.2054	473.3997	442.1620	38.4028	468.8454	94.4907	469.7369	95.5093	473.0439	95.4861	475.9257	94.7917	
24/08/2017	00:07:41	011992	G523097324HLR	L523	S		434.0773	1.0292	6.7791	100.0174	39.6228	0.8430	0.8284	5.0000	18.6691	508.0424	94.9306	25.2383	24.5000	0.9300	0.9197	0.6690	-0.0002	508.0000	508.3950	1.0275	10.3371	100.1544	40.0996	0.8230	0.8277	5.0000	-9999.0000	-9999.0000	-9999.0000	-9999.0000	-9999.0000	-9999.0000	19.7006	3	0	40.0637	1.0000	09	1	-9999.0000	8591	20125	-9999	2002	1919	-9999	336.8034	5	0.6635	0.6690	-0.0002	49.2024	0.9986	475.1314	452.8641	39.0972	473.3898	94.7917	472.0149	94.6528	475.0164	94.3981	476.6336	94.8380	
24/08/2017	00:08:58	011992	G523097393HLR	L523	S		442.3057	1.0292	5.8111	100.0187	39.9521	0.8430	0.8285	5.0000	18.5988	508.0175	94.9769	18.5989	24.6000	0.9300	0.9203	0.6735	-0.0004	508.0000	508.4480	1.0275	10.3309	99.9730	39.7994	0.8230	0.8280	5.0000	-9999.0000	-9999.0000	-9999.0000	-9999.0000	-9999.0000	-9999.0000	19.5193	5	0	35.0584	1.0000	09	1	-9999.0000	8593	20126	-9999	2004	1920	-9999	338.5862	5	0.6641	0.6735	-0.0004	56.3294	0.7204	478.5853	432.1805	39.2824	473.5569	94.6296	474.6528	95.5556	477.9104	95.3241	480.3013	94.9537	
24/08/2017	00:09:35	011992	G523097770HLR	L523	S		432.9258	1.0292	6.9146	100.0533	39.5325	0.8430	0.8279	5.0000	20.5086	508.0306	94.9537	22.8888	24.4000	0.9300	0.9198	0.6739	-0.0004	508.0000	508.0994	1.0275	10.3715	99.9936	39.8331	0.8230	0.8271	5.0000	-9999.0000	-9999.0000	-9999.0000	-9999.0000	-9999.0000	-9999.0000	21.9608	6	0	37.9789	1.0000	09	1	-9999.0000	8594	20127	-9999	2005	1921	-9999	337.8486	5	0.6638	0.6739	-0.0004	51.2917	0.9262	469.5294	452.9096	39.4907	465.9456	94.3750	466.3919	95.4167	469.1351	95.3241	471.4308	94.8380	
24/08/2017	00:10:09	011992	G523099420HLR	L523	S		419.7111	1.0292	8.4693	100.0435	39.8000	0.8430	0.8291	5.0000	19.5490	508.0236	94.9769	29.2987	24.2000	0.9300	0.9197	0.6739	-0.0004	508.0000	510.0796	1.0275	10.1410	100.0207	39.6884	0.8230	0.8275	5.0000	-9999.0000	-9999.0000	-9999.0000	-9999.0000	-9999.0000	-9999.0000	19.5098	7	0	33.3084	1.0000	09	4	-9999.0000	8595	20128	-9999	2006	1922	-9999	336.6160	5	0.6638	0.6739	-0.0004	51.2917	0.9262	462.9133	454.1854	40.9722	453.1918	94.7685	456.8898	94.9306	462.6046	94.9306	466.3623	94.9537	
24/08/2017	00:10:46	011992	G523099427HLR	L523	S		429.3474	1.0292	7.3356	100.0337	40.1391	0.8430	0.8288	5.0000	18.5998	503.9827	95.0000	31.0086	24.1000	0.9300	0.9197	0.6708	-0.0003	508.0000	506.1435	1.0275	10.5992	100.0410	39.9000	0.8230	0.8281	5.0000	-9999.0000	-9999.0000	-9999.0000	-9999.0000	-9999.0000	-9999.0000	19.8191	8	0	37.2787	1.0000	09	4	-9999.0000	8596	20129	-9999	2007	1923	-9999	333.6183	5	0.6643	0.6708	-0.0003	46.7829	1.0825	460.1118	464.5866	40.7407	456.6504	94.7222	457.5953	95.3704	459.7823	95.3472	461.2902	94.9769	
24/08/2017	00:11:23	011992	G523099401HLR	L523	S		436.9503	1.0292	6.4411	100.0350	39.5756	0.8430	0.8281	5.0000	19.0581	508.0176	94.8843	24.3487	24.1000	0.9300	0.9197	0.6709	-0.0003	508.0000	510.8173	1.0275	10.0551	99.9835	39.7623	0.8230	0.8273	5.0000	-9999.0000	-9999.0000	-9999.0000	-9999.0000	-9999.0000	-9999.0000	19.2108	1	0	36.9684	1.0000	09	4	-9999.0000	8597	20130	-9999	2008	1924	-9999	337.5991	5	0.6644	0.6709	-0.0003	48.9783	1.0099	470.3586	453.4721	38.9815	465.8010	94.5833	467.0972	94.6065	469.9850	94.4676	472.8013	94.8148	
24/08/2017	00:12:05	011992	G523099394HLR	L523	S		436.5071	1.0292	6.4933	99.9980	40.0699	0.8430	0.8293	5.0000	19.4591	508.0351	94.9537	27.0185	24.0000	0.9300	0.9197	0.6778	-0.0006	508.0000	511.4499	1.0275	9.9815	100.0718	39.7818	0.8230	0.8277	5.0000	-9999.0000	-9999.0000	-9999.0000	-9999.0000	-9999.0000	-9999.0000	20.0144	2	0	41.8685	1.0000	09	4	-9999.0000	8598	20131	-9999	2009	1925	-9999	337.2354	5	0.6637	0.6778	-0.0006	25.0674	2.1284	470.3872	460.3122	42.3843	467.6387	94.8611	467.0173	94.5370	470.1158	94.5602	471.3410	94.7917	
24/08/2017	00:12:43	011992	G523099887HLR	L523	S		436.8937	1.0292	6.4478	100.0850	39.8437	0.8430	0.8282	5.0000	19.1399	508.0769	94.9769	22.6095	23.9000	0.9300	0.9197	0.6763	-0.0006	508.0000	510.0912	1.0275	10.1396	100.0874	39.8804	0.8230	0.8278	5.0000	-9999.0000	-9999.0000	-9999.0000	-9999.0000	-9999.0000	-9999.0000	19.4879	3	0	37.6284	1.0000	09	4	-9999.0000	8599	20131	-9999	2010	1926	-9999	337.5876	5	0.6626	0.6763	-0.0006	43.3559	1.3004	469.8696	432.9292	40.6944	462.5761	94.4213	465.9913	95.3009	469.3273	95.1157	471.8325	94.9537	
24/08/2017	00:13:24	011992	G523097351HLR	L523	Q		436.0588	1.0292	6.5460	100.0571	39.6000	0.8430	0.8289	5.0000	19.2686	508.0185	94.9306	26.4687	23.8000	0.9300	0.9198	0.6762	-0.0006	508.0000	510.5962	1.0275	10.0809	100.0038	39.7126	0.8230	0.8274	5.0000	-9999.0000	-9999.0000	-9999.0000	-9999.0000	-9999.0000	-9999.0000	19.4212	4	0	41.9085	1.0000	09	1	-9999.0000	8599	20132	-9999	2011	1927	-9999	336.1271	5	0.6623	0.6762	-0.0006	42.1399	1.3616	464.4103	460.0195	38.0324	460.2038	94.8380	460.2391	94.8148	464.2210	94.8380	467.3271	94.9537	
24/08/2017	00:14:04	011992	G523099345HLR	L523	S		434.1600	1.0292	6.7694	100.0185	40.1082	0.8430	0.8293	5.0000	18.4989	508.0311	94.9537	26.2490	23.7000	0.9300	0.9198	0.6765	-0.0006	508.0000	511.4842	1.0275	9.9775	100.0569	39.8539	0.8230	0.8279	5.0000	-9999.0000	-9999.0000	-9999.0000	-9999.0000	-9999.0000	-9999.0000	19.8193	5	0	39.7984	1.0000	09	4	-9999.0000	8600	20132	-9999	2012	1928	-9999	336.1948	5	0.6609	0.6765	-0.0006	68.3871	0.2596	466.7128	467.4984	38.2176	463.1503	94.6991	461.7184	95.0000	466.1511	94.8843	468.4440	94.9537	
24/08/2017	00:14:36	011992	G523099353HLR	L523	S		423.4825	1.0292	8.0256	100.0260	39.7224	0.8430	0.8280	5.0000	18.9329	500.6678	95.0000	31.0086	23.7000	0.9300	0.9198	0.6680	-0.0003	508.0000	500.5733	1.0275	10.7793	100.0101	39.7838	0.8230	0.8275	5.0000	-9999.0000	-9999.0000	-9999.0000	-9999.0000	-9999.0000	-9999.0000	19.3122	6	34	31.4588	1.0000	09	4	-9999.0000	8600	20133	-9999	2013	1929	-9999	329.7175	5	0.6602	0.6680	-0.0003	63.4304	0.4295	449.2170	457.8213	39.7685	446.1221	95.2778	445.3282	94.5602	448.9209	94.6065	450.8824	94.8611	
24/08/2017	00:15:03	011992	G523099352HLR	L523	S		431.6681	1.0292	7.0626	100.0518	39.7000	0.8430	0.8291	5.0000	19.3692	508.0343	94.9537	26.8593	23.7000	0.9300	0.9199	0.6690	-0.0003	508.0000	508.1577	1.0275	10.3647	100.1732	39.7601	0.8230	0.8277	5.0000	-9999.0000	-9999.0000	-9999.0000	-9999.0000	-9999.0000	-9999.0000	20.5224	7	0	27.2197	1.0000	09	4	-9999.0000	8601	20133	-9999	2014	1930	-9999	335.4731	5	0.6599	0.6690	-0.0003	63.4400	0.4272	467.1044	466.0139	39.5602	460.8097	94.8843	462.5295	95.6250	466.7538	95.5093	468.0988	94.9306	
24/08/2017	00:15:42	011992	G523099363HLR	L523	S		424.7823	1.0292	7.8727	100.0059	40.0780	0.8430	0.8287	5.0000	18.6994	506.8119	95.0463	31.0086	23.8000	0.9300	0.9199	0.6812	-0.0009	508.0000	503.6776	1.0275	10.8862	100.0626	39.8339	0.8230	0.8280	5.0000	-9999.0000	-9999.0000	-9999.0000	-9999.0000	-9999.0000	-9999.0000	19.5896	8	0	38.7288	1.0000	09	4	-9999.0000	8602	20134	-9999	2015	1930	-9999	333.6996	5	0.6596	0.6812	-0.0009	64.6949	0.3760	457.7834	464.7126	38.2870	452.7574	95.0231	454.1686	94.4213	457.4501	94.5139	458.9754	94.8380	
24/08/2017	00:16:17	011992	G523099422HLR	L523	S		428.9122	1.0292	7.3868	100.0445	39.5202	0.8430	0.8283	5.0000	19.3693	508.0337	94.9537	29.0389	23.8000	0.9300	0.9200	0.6687	-0.0004	508.0000	505.9083	1.0275	10.6265	100.0221	39.8000	0.8230	0.8275	5.0000	-9999.0000	-9999.0000	-9999.0000	-9999.0000	-9999.0000	-9999.0000	19.4700	1	0	35.7781	1.0000	09	4	-9999.0000	8603	20135	-9999	2015	1931	-9999	333.4893	5	0.6591	0.6687	-0.0004	62.6378	0.4593	455.5363	441.6497	39.5139	450.4448	95.3241	451.4282	94.9074	455.0080	94.8611	457.7601	94.9306	
24/08/2017	00:16:50	011992	G523099359HLR	L523	S		439.2333	1.0292	6.1726	100.0332	40.1000	0.8430	0.8294	5.0000	18.8592	508.0452	94.9074	20.6193	23.8000	0.9300	0.9199	0.6685	-0.0003	508.0000	509.8339	1.0275	10.1696	100.0250	39.7946	0.8230	0.8275	5.0000	-9999.0000	-9999.0000	-9999.0000	-9999.0000	-9999.0000	-9999.0000	19.2720	2	0	32.5681	1.0000	09	4	-9999.0000	8604	20136	-9999	2016	1932	-9999	335.9540	5	0.6593	0.6685	-0.0003	63.2751	0.4685	478.4345	471.3122	39.5833	471.0443	94.9769	474.2968	95.7176	477.9146	95.4630	479.4530	94.8611	
24/08/2017	00:17:22	011992	G523099348HLR	L523	S		443.4041	1.0292	5.6819	100.0365	39.7104	0.8430	0.8280	5.0000	19.1595	508.0351	94.9769	16.5092	23.8000	0.9300	0.9199	0.6685	-0.0003	508.0000	509.5826	1.0275	10.1988	99.9895	39.8000	0.8230	0.8278	5.0000	-9999.0000	-9999.0000	-9999.0000	-9999.0000	-9999.0000	-9999.0000	19.0184	3	0	31.8290	1.0000	09	4	-9999.0000	8605	20136	-9999	2017	1933	-9999	336.7561	5	0.6593	0.6685	-0.0003	63.2751	0.4685	481.9450	450.4967	39.2130	475.1964	94.8148	478.6259	95.0694	481.5853	95.0926	483.9625	94.8380	
24/08/2017	00:18:02	011992	G523099341HLR	L523	S		428.8466	1.0292	7.3945	100.0135	39.6000	0.8430	0.8289	5.0000	18.5793	508.0406	94.9769	27.8984	24.0000	0.9300	0.9201	0.6685	-0.0003	508.0000	505.4487	1.0275	10.6801	99.9996	39.8000	0.8230	0.8276	5.0000	-9999.0000	-9999.0000	-9999.0000	-9999.0000	-9999.0000	-9999.0000	19.8587	4	0	40.1983	1.0000	09	4	-9999.0000	8606	20137	-9999	2018	1934	-9999	334.7538	5	0.6596	0.6685	-0.0003	73.9462	0.1098	463.3357	453.7528	37.9398	459.2246	94.7685	460.1399	94.2593	462.8653	94.3056	466.2940	94.7685	
24/08/2017	00:18:30	011992	G523099340HLR	L523	S		431.5705	1.0292	7.0741	100.0179	40.1000	0.8430	0.8294	5.0000	18.5892	508.0457	94.9306	25.0196	23.9000	0.9300	0.9199	0.6685	-0.0003	508.0000	507.7624	1.0275	10.4107	99.9896	39.7958	0.8230	0.8274	5.0000	-9999.0000	-9999.0000	-9999.0000	-9999.0000	-9999.0000	-9999.0000	20.0011	5	0	28.3095	1.0000	09	4	-9999.0000	8607	20138	-9999	2019	1935	-9999	335.2732	5	0.6599	0.6685	-0.0003	56.2726	0.7153	467.5664	455.1892	37.8009	461.9876	94.8148	463.1495	95.6250	467.3574	95.5324	469.4708	94.8148	
24/08/2017	00:18:55	011992	G523099349HLR	L523	S		436.4565	1.0292	6.4992	100.0169	39.8279	0.8430	0.8280	5.0000	18.5191	508.0168	94.9537	21.7189	23.9000	0.9300	0.9199	0.6589	0.0001	508.0000	509.1605	1.0275	10.2480	99.9873	39.8032	0.8230	0.8276	5.0000	-9999.0000	-9999.0000	-9999.0000	-9999.0000	-9999.0000	-9999.0000	19.9003	6	0	25.0089	1.0000	09	4	-9999.0000	8608	20138	-9999	2020	1936	-9999	335.8069	5	0.6603	0.6589	0.0001	52.3908	0.8643	475.2147	431.7263	39.3287	470.4846	94.8843	471.2824	95.2315	474.7194	95.2315	476.6915	95.0000	
24/08/2017	00:19:37	011992	G523099205HLR	L523	S		435.9912	1.0292	6.5540	100.0333	39.6000	0.8430	0.8288	5.0000	19.4894	508.0244	94.9074	21.0598	24.0000	0.9300	0.9200	0.6589	0.0001	508.0000	507.8036	1.0275	10.4059	100.0805	39.7439	0.8230	0.8274	5.0000	-9999.0000	-9999.0000	-9999.0000	-9999.0000	-9999.0000	-9999.0000	19.9092	7	0	41.7387	1.0000	09	4	-9999.0000	8608	20139	-9999	2021	1937	-9999	335.3470	5	0.6607	0.6589	0.0001	52.4208	0.8568	480.3896	364.8349	38.9815	475.5410	94.7454	476.4302	94.6991	479.8258	94.7917	481.2966	94.9769	
24/08/2017	00:20:06	011992	G523099212HLR	L523	S		431.4240	1.0292	7.0913	100.0252	40.1697	0.8430	0.8295	5.0000	18.5087	508.0374	95.0000	29.3895	24.1000	0.9300	0.9200	0.6599	0.0000	508.0000	507.8774	1.0275	10.3973	99.9754	39.8000	0.8230	0.8278	5.0000	-9999.0000	-9999.0000	-9999.0000	-9999.0000	-9999.0000	-9999.0000	19.2086	8	0	28.5790	1.0000	09	4	-9999.0000	8609	20140	-9999	2022	1938	-9999	335.5992	5	0.6603	0.6599	0.0000	52.1497	0.8854	472.0799	442.6027	40.3241	467.7602	94.4907	467.8111	94.5139	471.6998	94.6065	473.8940	94.7917	
24/08/2017	00:20:48	011992	G523099378HLR	L523	S		439.0700	1.0292	6.1918	100.0483	39.8517	0.8430	0.8281	5.0000	18.8090	508.0687	94.9306	17.5599	24.1000	0.9300	0.9199	0.6599	0.0000	508.0000	506.6571	1.0275	10.5394	100.0275	39.9322	0.8230	0.8275	5.0000	-9999.0000	-9999.0000	-9999.0000	-9999.0000	-9999.0000	-9999.0000	19.6290	1	0	41.8567	1.0000	09	4	-9999.0000	8610	20141	-9999	2023	1938	-9999	335.4664	5	0.6604	0.6599	0.0000	50.6535	0.9773	483.8688	468.3795	41.0417	476.3158	94.7685	479.1742	95.5787	483.5793	95.5556	484.8442	94.8611	
24/08/2017	00:21:16	011992	G523099338HLR	L523	S		448.9014	1.0292	5.0351	100.0147	39.6188	0.8430	0.8290	5.0000	18.6484	508.0297	95.0000	11.2095	24.1000	0.9300	0.9199	0.6599	0.0000	508.0000	507.5401	1.0275	10.4366	99.9531	39.5306	0.8230	0.8268	5.0000	-9999.0000	-9999.0000	-9999.0000	-9999.0000	-9999.0000	-9999.0000	19.3595	2	0	28.4696	1.0000	09	4	-9999.0000	8611	20142	-9999	2024	1939	-9999	335.3616	5	0.6604	0.6599	0.0000	50.6535	0.9773	494.9691	465.6876	38.2407	489.1490	94.5139	491.7751	95.4167	494.8265	95.1620	497.5612	95.0000	
24/08/2017	00:21:48	011992	G523099375HLR	L523	S		438.2045	1.0292	6.2936	99.9736	40.1000	0.8430	0.8294	5.0000	18.5293	445.4274	94.9769	31.0096	24.3000	0.9300	0.9200	0.6599	0.0000	508.0000	508.7333	1.0275	10.2977	100.0355	40.1000	0.8230	0.8286	5.0000	-9999.0000	-9999.0000	-9999.0000	-9999.0000	-9999.0000	-9999.0000	20.3270	3	0	31.4794	1.0000	09	4	-9999.0000	8612	20143	-9999	2024	1939	-9999	294.1778	5	0.6606	0.6599	0.0000	60.1824	0.5809	409.3964	432.5918	40.8333	429.3114	94.9769	407.1140	94.3981	409.2641	94.6759	410.5953	95.0000	
24/08/2017	00:22:19	011992	G523098547HLR	L523	S		437.7795	1.0292	6.3436	100.0286	40.0152	0.8430	0.8284	5.0000	18.7589	508.0375	94.9306	17.7493	24.2000	0.9300	0.9199	0.6621	-0.0001	508.0000	506.4234	1.0275	10.5666	99.9731	39.8331	0.8230	0.8270	5.0000	-9999.0000	-9999.0000	-9999.0000	-9999.0000	-9999.0000	-9999.0000	19.0387	4	0	31.7391	1.0000	09	4	-9999.0000	8612	20143	-9999	2025	1940	-9999	335.4215	5	0.6606	0.6621	-0.0001	55.5065	0.7616	481.7970	449.0266	41.3889	478.1798	95.0694	478.1167	94.5833	481.3294	94.4676	484.0741	94.9074	
24/08/2017	00:22:52	011992	G523098557HLR	L523	S		429.2589	1.0292	7.3460	100.0272	39.5667	0.8430	0.8284	5.0000	19.5298	507.1203	95.0231	31.0086	24.4000	0.9300	0.9200	0.6613	-0.0000	508.0000	506.8025	1.0275	10.5225	100.0358	39.5788	0.8230	0.8272	5.0000	-9999.0000	-9999.0000	-9999.0000	-9999.0000	-9999.0000	-9999.0000	19.6613	5	0	32.6690	1.0000	09	4	-9999.0000	8613	20144	-9999	2026	1941	-9999	334.7136	5	0.6607	0.6613	-0.0000	43.6408	1.3379	469.6985	448.7690	41.4815	463.9120	94.7685	465.1189	94.9769	469.7538	95.1157	471.8053	95.0231	
24/08/2017	00:23:28	011992	G523099234HLR	L523	S		436.8476	1.0292	6.4532	100.0405	39.9000	0.8430	0.8293	5.0000	18.9091	508.0321	94.9074	17.3489	24.4000	0.9300	0.9199	0.6613	-0.0000	508.0000	506.6491	1.0275	10.5403	99.9872	40.0000	0.8230	0.8286	5.0000	-9999.0000	-9999.0000	-9999.0000	-9999.0000	-9999.0000	-9999.0000	19.7200	6	0	36.3755	1.0000	09	4	-9999.0000	8614	20144	-9999	2027	1942	-9999	335.7330	5	0.6607	0.6613	-0.0000	43.6408	1.3379	482.4371	406.8948	38.9352	472.4309	95.2778	478.2580	95.1620	482.2015	94.9306	484.9275	95.1389	
24/08/2017	00:24:04	011992	G523099231HLR	L523	S		428.8133	1.0292	7.3984	100.0149	39.9118	0.8430	0.8282	5.0000	18.8697	508.0651	94.9306	20.6887	24.5000	0.9300	0.9200	0.7008	-0.0026	508.0000	498.9828	1.0275	10.6142	99.9935	39.9104	0.8230	0.8270	5.0000	-9999.0000	-9999.0000	-9999.0000	-9999.0000	-9999.0000	-9999.0000	19.6092	7	1	35.7888	1.0000	09	4	-9999.0000	8615	20145	-9999	2028	1943	-9999	330.0096	5	0.6448	0.7008	-0.0026	52.8578	0.7589	452.3442	424.9141	36.3889	441.1501	95.2315	447.3964	95.5787	451.8610	95.4861	455.8407	94.7454	
24/08/2017	00:24:42	011992	G523099226HLR	L523	S		429.8783	1.0292	7.2731	100.0272	39.5000	0.8430	0.8281	5.0000	20.4094	508.0290	94.9074	20.8185	24.5000	0.9300	0.9199	0.6622	-0.0000	508.0000	497.6340	1.0275	10.4743	99.9969	39.5000	0.8230	0.8271	5.0000	-9999.0000	-9999.0000	-9999.0000	-9999.0000	-9999.0000	-9999.0000	19.7189	8	1	38.1582	1.0000	09	4	-9999.0000	8616	20145	-9999	2029	1943	-9999	328.9476	5	0.6445	0.6622	-0.0000	53.1165	0.7383	450.8344	407.9567	35.7176	440.6422	94.5139	446.1177	94.4444	450.3421	94.3750	453.8769	94.8380	
24/08/2017	00:25:19	011992	G523098559HLR	L523	S		435.3291	1.0292	6.6319	100.0275	40.0000	0.8430	0.8296	5.0000	18.6301	508.0325	95.0000	21.8292	24.5000	0.9300	0.9198	0.6625	-0.0000	508.0000	507.5633	1.0275	10.4339	100.0276	40.1000	0.8230	0.8288	5.0000	-9999.0000	-9999.0000	-9999.0000	-9999.0000	-9999.0000	-9999.0000	19.3870	1	0	36.7087	1.0000	09	4	-9999.0000	8617	20146	-9999	2030	1944	-9999	335.9986	5	0.6447	0.6625	-0.0000	54.8731	0.6999	479.0186	425.8483	38.6343	470.5639	94.6528	475.1516	95.6019	478.6845	95.2546	480.7110	95.0231	
24/08/2017	00:25:50	011992	G523098531HLR	L523	S		432.1886	1.0292	7.0013	100.0142	40.1236	0.8430	0.8285	5.0000	18.5659	508.0368	94.9306	25.5391	24.4000	0.9300	0.9198	0.6689	-0.0004	508.0000	506.9790	1.0275	10.5019	100.0220	39.7733	0.8230	0.8265	5.0000	-9999.0000	-9999.0000	-9999.0000	-9999.0000	-9999.0000	-9999.0000	19.0510	2	0	31.2987	1.0000	09	4	-9999.0000	8618	20147	-9999	2031	1945	-9999	335.9696	5	0.6435	0.6689	-0.0004	67.8610	0.0879	475.2836	439.3651	39.6065	468.3643	94.9074	471.4382	95.6481	474.9366	95.6019	476.6153	94.7454	
24/08/2017	00:26:19	011992	G523098551HLR	L523	S		434.9065	1.0292	6.6816	100.0629	39.5643	0.8430	0.8280	5.0000	19.7384	508.0651	95.0000	25.0088	24.3000	0.9300	0.9198	0.6648	-0.0001	508.0000	508.0363	1.0275	10.3788	100.0057	39.6000	0.8230	0.8279	5.0000	-9999.0000	-9999.0000	-9999.0000	-9999.0000	-9999.0000	-9999.0000	19.4686	3	0	28.6890	1.0000	09	4	-9999.0000	8619	20147	-9999	2032	1945	-9999	335.2702	5	0.6616	0.6648	-0.0001	57.3541	0.6351	473.0749	446.3489	38.0556	466.3570	95.0926	468.1625	95.6713	472.7545	95.5093	473.4878	94.8380	
24/08/2017	00:26:57	011992	G523098543HLR	L523	S		432.0847	1.0292	7.0136	100.0471	40.0000	0.8430	0.8294	5.0000	19.7189	508.0424	94.9306	27.3290	24.3000	0.9300	0.9198	0.6648	-0.0001	508.0000	507.5627	1.0275	10.4340	99.9189	40.1685	0.8230	0.8287	5.0000	-9999.0000	-9999.0000	-9999.0000	-9999.0000	-9999.0000	-9999.0000	19.6900	4	0	38.0485	1.0000	09	4	-9999.0000	8620	20148	-9999	2033	1946	-9999	335.7328	5	0.6615	0.6648	-0.0001	59.8910	0.5685	470.2447	456.5398	41.6435	465.0239	94.8611	467.3367	95.0694	470.0632	95.0694	473.2328	95.0000	
24/08/2017	00:27:28	011992	G523098553HLR	L523	S		434.4498	1.0292	6.7353	100.0338	40.0337	0.8430	0.8284	5.0000	18.5892	508.0222	94.8843	25.9394	24.2000	0.9300	0.9198	0.6614	0.0000	508.0000	509.6323	1.0275	10.1931	100.0126	39.8584	0.8230	0.8268	5.0000	-9999.0000	-9999.0000	-9999.0000	-9999.0000	-9999.0000	-9999.0000	19.4864	5	0	31.4783	1.0000	09	4	-9999.0000	8621	20149	-9999	2034	1947	-9999	335.8757	5	0.6621	0.6614	0.0000	57.0770	0.6692	473.8958	465.4205	39.9074	469.3145	94.6759	472.0358	95.0926	473.5546	94.8611	474.4414	95.0000	
24/08/2017	00:28:02	011992	G523098335HLR	L523	S		437.3681	1.0292	6.3920	100.0482	39.5772	0.8430	0.8285	5.0000	19.0325	508.0305	94.9537	20.3889	24.2000	0.9300	0.9198	0.6614	0.0000	508.0000	507.4045	1.0275	10.4524	100.0899	39.6000	0.8230	0.8274	5.0000	-9999.0000	-9999.0000	-9999.0000	-9999.0000	-9999.0000	-9999.0000	19.8266	6	0	33.5484	1.0000	09	4	-9999.0000	8622	20149	-9999	2035	1948	-9999	336.3501	5	0.6614	0.6614	0.0000	50.2099	0.9465	480.0035	444.9827	37.5000	475.7375	95.0231	476.9419	95.3009	479.7743	95.2315	482.0680	95.0000	
24/08/2017	00:28:31	011992	G523098466HLR	L523	S		438.6046	1.0292	6.2465	100.0772	40.1000	0.8430	0.8294	5.0000	19.4899	508.0489	94.9537	17.9495	24.2000	0.9300	0.9198	0.6614	0.0000	508.0000	508.2414	1.0275	10.3550	100.0426	40.0667	0.8230	0.8283	5.0000	-9999.0000	-9999.0000	-9999.0000	-9999.0000	-9999.0000	-9999.0000	20.4710	7	0	28.8693	1.0000	09	4	-9999.0000	8623	20150	-9999	2036	1949	-9999	336.3362	5	0.6614	0.6614	0.0000	50.7458	0.9163	481.2533	439.0491	38.4028	477.0221	94.6065	476.5952	95.3241	480.7999	95.1157	483.0811	94.8843	
24/08/2017	00:29:01	011992	G523098415HLR	L523	S		431.5541	1.0292	7.0760	99.9883	39.9301	0.8430	0.8282	5.0000	19.3900	508.0453	94.9537	27.1386	24.2000	0.9300	0.9199	0.6653	-0.0002	508.0000	506.9444	1.0275	10.5059	100.0199	39.8407	0.8230	0.8267	5.0000	-9999.0000	-9999.0000	-9999.0000	-9999.0000	-9999.0000	-9999.0000	19.7349	8	0	29.9293	1.0000	09	4	-9999.0000	8624	20150	-9999	2037	1950	-9999	336.1920	5	0.6610	0.6653	-0.0002	58.5902	0.6245	469.6160	441.6266	38.2870	466.2118	94.4444	468.5997	94.9306	469.3884	94.9306	472.0366	94.9306	
24/08/2017	00:29:34	011992	G523097558HLR	L523	S		434.6319	1.0292	6.7139	100.0350	39.5462	0.8430	0.8281	5.0000	18.9898	508.0516	94.9306	20.7092	24.1000	0.9300	0.9198	0.6684	-0.0003	508.0000	507.2356	1.0275	10.4720	99.9715	39.4788	0.8230	0.8266	5.0000	-9999.0000	-9999.0000	-9999.0000	-9999.0000	-9999.0000	-9999.0000	19.7817	1	0	33.5984	1.0000	09	4	-9999.0000	8625	20151	-9999	2038	1951	-9999	336.2510	5	0.6612	0.6684	-0.0003	53.1429	0.8283	476.0090	437.3614	38.2176	470.5777	94.6065	472.0531	95.1157	475.6585	95.0694	477.6267	94.9769	
24/08/2017	00:29:59	011992	G523098427HLR	L523	S		437.5357	1.0292	6.3723	100.0139	40.1000	0.8430	0.8295	5.0000	18.4054	508.0370	95.0000	22.7286	24.1000	0.9300	0.9199	0.6664	-0.0002	508.0000	509.5427	1.0275	10.2035	100.0450	40.0000	0.8230	0.8291	5.0000	-9999.0000	-9999.0000	-9999.0000	-9999.0000	-9999.0000	-9999.0000	18.9588	2	0	24.9764	1.0000	09	4	-9999.0000	8626	20152	-9999	2039	1952	-9999	336.2911	5	0.6610	0.6664	-0.0002	56.9913	0.6728	474.6938	428.8606	38.3565	435.3839	94.7454	470.4470	94.1898	474.4041	93.9583	476.1422	95.2778	
24/08/2017	00:30:36	011992	G523098298HLR	L523	S		439.5313	1.0292	6.1375	100.0291	39.9473	0.8430	0.8282	5.0000	19.0901	508.0232	94.8843	18.1595	24.1000	0.9300	0.9198	0.6634	-0.0001	508.0000	508.2340	1.0275	10.3558	99.9672	40.0641	0.8230	0.8272	5.0000	-9999.0000	-9999.0000	-9999.0000	-9999.0000	-9999.0000	-9999.0000	19.2298	3	0	36.9508	1.0000	09	4	-9999.0000	8627	20153	-9999	2040	1953	-9999	336.4441	5	0.6617	0.6634	-0.0001	56.7641	0.6898	480.6297	445.5136	38.3796	473.8961	94.3981	476.5610	95.3704	479.9979	95.2778	482.6119	94.9537	
24/08/2017	00:31:09	011992	G523097574HLR	L523	S		437.3040	1.0292	6.3995	100.0193	39.5423	0.8430	0.8284	5.0000	18.7534	508.0240	94.9074	19.0989	24.1000	0.9300	0.9200	0.6643	-0.0001	508.0000	506.9498	1.0275	10.5053	100.1098	39.5096	0.8230	0.8260	5.0000	-9999.0000	-9999.0000	-9999.0000	-9999.0000	-9999.0000	-9999.0000	19.6864	4	0	32.5789	1.0000	09	4	-9999.0000	8628	20154	-9999	2041	1954	-9999	336.3852	5	0.6620	0.6643	-0.0001	57.9200	0.6542	478.0479	457.0084	39.3287	474.4418	94.8380	474.0545	94.3519	477.6111	94.4444	481.0295	94.6759	
24/08/2017	00:31:40	011992	G523097587HLR	L523	S		433.5826	1.0292	6.8373	100.0546	39.9257	0.8430	0.8294	5.0000	19.2494	508.0195	95.0231	22.8292	24.2000	0.9300	0.9201	0.6605	0.0001	508.0000	508.0739	1.0275	10.3745	100.0145	39.9000	0.8230	0.8288	5.0000	-9999.0000	-9999.0000	-9999.0000	-9999.0000	-9999.0000	-9999.0000	19.5484	5	0	30.6891	1.0000	09	4	-9999.0000	8629	20155	-9999	2042	1955	-9999	336.3071	5	0.6622	0.6605	0.0001	58.3687	0.6216	475.7927	458.3063	39.5139	470.0439	94.4213	471.6856	95.6019	475.2941	95.5324	477.6080	94.8148	
24/08/2017	00:32:40	011992	G523097563HLR	L523	S		435.4080	1.0292	6.6226	100.0221	39.5948	0.8430	0.8281	5.0000	18.6693	508.0298	94.9074	26.1094	24.3000	0.9300	0.9204	0.6624	-0.0000	508.0000	509.1714	1.0275	10.2467	100.0598	39.4545	0.8230	0.8254	5.0000	-9999.0000	-9999.0000	-9999.0000	-9999.0000	-9999.0000	-9999.0000	21.5107	7	0	32.4988	1.0000	09	4	-9999.0000	8631	20156	-9999	2044	1956	-9999	336.6415	5	0.6623	0.6624	-0.0000	55.5278	0.7303	475.3117	447.1705	40.3009	470.1861	94.5602	471.8998	95.6019	475.1167	95.5093	476.8729	94.8843	
24/08/2017	00:33:09	011992	G523098447HLR	L523	S		420.7461	1.0292	8.3475	100.0471	39.7000	0.8430	0.8289	5.0000	19.4884	508.0662	95.0463	21.7297	24.1000	0.9300	0.9199	0.6719	-0.0004	508.0000	510.1096	1.0275	10.1375	100.0907	39.5000	0.8230	0.8279	5.0000	-9999.0000	-9999.0000	-9999.0000	-9999.0000	-9999.0000	-9999.0000	19.4287	8	0	28.8682	1.0000	09	4	-9999.0000	8632	20157	-9999	2045	1957	-9999	336.5608	5	0.6621	0.6719	-0.0004	50.6299	1.0088	481.4548	436.6364	39.3750	442.6891	94.4213	477.8385	95.2778	481.2123	95.1852	482.9156	94.9769	
24/08/2017	00:33:39	011992	G523098437HLR	L523	S		439.6933	1.0292	6.1184	100.0906	40.1607	0.8430	0.8289	5.0000	18.7296	508.0464	94.9537	19.8889	24.1000	0.9300	0.9199	0.6719	-0.0004	508.0000	509.0298	1.0275	10.2632	99.9602	40.3928	0.8230	0.8295	5.0000	-9999.0000	-9999.0000	-9999.0000	-9999.0000	-9999.0000	-9999.0000	18.9891	1	0	29.9795	1.0000	09	4	-9999.0000	8633	20158	-9999	2046	1958	-9999	336.9811	5	0.6621	0.6719	-0.0004	50.6299	1.0088	476.3594	393.5156	36.9444	467.5619	94.1667	472.8521	94.3981	475.9913	94.3519	478.3438	94.8611	
24/08/2017	00:34:12	011992	G523098338HLR	L523	S		442.2538	1.0292	5.8172	100.0578	39.6804	0.8430	0.8280	5.0000	18.8888	508.0652	94.9074	17.3988	24.1000	0.9300	0.9199	0.6719	-0.0004	508.0000	509.8009	1.0275	10.1734	99.9741	39.9994	0.8230	0.8267	5.0000	-9999.0000	-9999.0000	-9999.0000	-9999.0000	-9999.0000	-9999.0000	19.6503	2	0	32.6588	1.0000	09	4	-9999.0000	8634	20159	-9999	2047	1959	-9999	337.5713	5	0.6621	0.6719	-0.0004	50.6299	1.0088	479.1496	436.4931	38.9815	474.2107	94.3056	475.0414	94.6991	478.9716	94.6528	481.9286	94.7454	
24/08/2017	00:34:37	011992	G523098456HLR	L523	S		435.8045	1.0292	6.5759	100.0611	39.7212	0.8430	0.8290	5.0000	19.0020	508.0347	94.9537	21.7590	24.2000	0.9300	0.9200	0.6658	-0.0002	508.0000	507.0451	1.0275	10.4942	99.9868	39.4484	0.8230	0.8262	5.0000	-9999.0000	-9999.0000	-9999.0000	-9999.0000	-9999.0000	-9999.0000	19.4792	3	0	25.0390	1.0000	09	4	-9999.0000	8635	20160	-9999	2047	1960	-9999	336.2257	5	0.6617	0.6658	-0.0002	56.2855	0.7131	474.4632	455.2486	40.6944	470.1394	94.5370	470.9027	94.6991	474.1326	94.5139	477.4649	94.7685	
24/08/2017	00:35:07	011992	G523097516HLR	L523	S		439.8189	1.0292	6.1037	100.0107	40.1000	0.8430	0.8292	5.0000	18.5989	508.0955	94.9074	18.0296	24.1000	0.9300	0.9199	0.6670	-0.0002	508.0000	508.3430	1.0275	10.3431	99.9953	39.9000	0.8230	0.8289	5.0000	-9999.0000	-9999.0000	-9999.0000	-9999.0000	-9999.0000	-9999.0000	19.8281	4	0	30.1882	1.0000	09	4	-9999.0000	8636	20161	-9999	2048	1960	-9999	336.6323	5	0.6617	0.6670	-0.0002	56.0039	0.7193	482.4363	439.3663	37.7083	475.5116	94.4676	479.6207	95.4398	482.0343	95.3472	484.6780	94.7685	
24/08/2017	00:35:39	011992	G523098446HLR	L523	S		440.9342	1.0292	5.9724	100.0432	39.8212	0.8430	0.8280	5.0000	19.3489	508.0641	94.9306	19.1790	24.1000	0.9300	0.9200	0.6639	-0.0001	508.0000	508.7252	1.0275	10.2987	99.9494	40.1760	0.8230	0.8281	5.0000	-9999.0000	-9999.0000	-9999.0000	-9999.0000	-9999.0000	-9999.0000	19.3287	5	0	31.7888	1.0000	09	4	-9999.0000	8637	20162	-9999	2049	1961	-9999	336.6142	5	0.6614	0.6639	-0.0001	53.8309	0.8090	479.7689	449.4947	37.5926	475.6323	94.3056	477.7365	95.1620	479.5967	95.0694	482.5275	95.0694	
24/08/2017	00:36:08	011992	G523098296HLR	L523	S		437.9436	1.0292	6.3243	100.0277	39.6102	0.8430	0.8285	5.0000	18.4993	508.0306	94.9537	21.8292	24.1000	0.9300	0.9199	0.6643	-0.0001	508.0000	508.8602	1.0275	10.2829	99.9671	39.7046	0.8230	0.8263	5.0000	-9999.0000	-9999.0000	-9999.0000	-9999.0000	-9999.0000	-9999.0000	19.3709	6	0	29.2490	1.0000	09	4	-9999.0000	8638	20163	-9999	2050	1962	-9999	336.0314	5	0.6617	0.6643	-0.0001	55.1161	0.7207	479.3875	445.5263	40.0463	473.9778	94.4907	476.2790	94.9537	479.2473	94.9306	481.5352	94.8148	
24/08/2017	00:37:02	011992	G523098436HLR	L523	S		438.7936	1.0292	6.2243	100.0743	39.9864	0.8430	0.8283	5.0000	19.3488	508.0235	94.9306	19.3391	24.3000	0.9300	0.9205	0.6635	-0.0001	508.0000	507.7848	1.0275	10.4081	100.0199	40.0457	0.8230	0.8282	5.0000	-9999.0000	-9999.0000	-9999.0000	-9999.0000	-9999.0000	-9999.0000	19.5310	8	0	24.9990	1.0000	09	4	-9999.0000	8640	20163	-9999	2052	1963	-9999	336.3547	5	0.6622	0.6635	-0.0001	53.7411	0.7882	479.8949	384.7177	38.3796	471.4934	94.0278	475.0436	94.9074	479.7921	94.9769	480.4985	95.0231	
24/08/2017	00:37:32	011992	G523098438HLR	L523	S		437.3589	1.0292	6.3931	100.0270	39.6317	0.8430	0.8280	5.0000	18.6389	508.0697	94.9537	21.0099	24.3000	0.9300	0.9200	0.6700	-0.0004	508.0000	508.2475	1.0275	10.3543	99.9245	39.6511	0.8230	0.8266	5.0000	-9999.0000	-9999.0000	-9999.0000	-9999.0000	-9999.0000	-9999.0000	19.6388	1	0	30.1190	1.0000	09	4	-9999.0000	8641	20164	-9999	2053	1964	-9999	336.3561	5	0.6619	0.6700	-0.0004	53.9432	0.7809	478.8707	445.9952	36.7130	472.8020	94.6065	474.3483	95.5093	478.3541	95.4630	480.2748	94.7685	
24/08/2017	00:38:00	011992	G523098448HLR	L523	S		439.7974	1.0292	6.1062	100.0376	39.8000	0.8430	0.8292	5.0000	18.3291	508.0501	95.0000	18.3997	24.2000	0.9300	0.9200	0.6700	-0.0004	508.0000	507.8745	1.0275	10.3977	100.0582	39.6000	0.8230	0.8275	5.0000	-9999.0000	-9999.0000	-9999.0000	-9999.0000	-9999.0000	-9999.0000	20.0374	2	0	27.8901	1.0000	09	4	-9999.0000	8642	20165	-9999	2054	1965	-9999	336.3073	5	0.6619	0.6700	-0.0004	53.9432	0.7809	479.3147	395.8272	36.0185	470.3309	94.4907	475.3486	94.9769	478.8173	94.9769	480.8944	95.0000	
24/08/2017	00:38:29	011992	G523100143HLR	L523	S		439.3188	1.0292	6.1625	100.0817	40.1244	0.8430	0.8290	5.0000	18.7282	508.0415	94.9306	18.1585	24.3000	0.9300	0.9200	0.6628	-0.0000	508.0000	507.5653	1.0275	10.4337	100.0193	40.1000	0.8230	0.8285	5.0000	-9999.0000	-9999.0000	-9999.0000	-9999.0000	-9999.0000	-9999.0000	20.1729	3	0	29.2382	1.0000	09	4	-9999.0000	8643	20166	-9999	2055	1966	-9999	336.3641	5	0.6620	0.6628	-0.0000	53.4656	0.8028	477.6041	452.2131	40.5093	471.6476	94.2361	474.0170	95.3935	476.9383	95.3472	480.3602	94.8380	
24/08/2017	00:39:01	011992	G523100161HLR	L523	S		444.4681	1.0292	5.5567	100.0380	39.7585	0.8430	0.8281	5.0000	18.4992	508.0263	94.9306	13.9995	24.3000	0.9300	0.9199	0.6628	-0.0000	508.0000	506.9623	1.0275	10.5039	99.9364	39.9649	0.8230	0.8271	5.0000	-9999.0000	-9999.0000	-9999.0000	-9999.0000	-9999.0000	-9999.0000	19.2315	4	0	31.8283	1.0000	09	4	-9999.0000	8644	20167	-9999	2055	1967	-9999	336.5078	5	0.6620	0.6628	-0.0000	53.4656	0.8028	491.0576	440.7787	39.4444	485.1878	93.8889	487.5188	94.4676	490.7953	94.3981	492.9946	94.8611	
24/08/2017	00:39:34	011992	G523100137HLR	L523	S		437.6833	1.0292	6.3549	100.0009	39.7082	0.8430	0.8288	5.0000	18.4593	508.0592	94.8843	19.3293	24.4000	0.9300	0.9201	0.6704	-0.0004	508.0000	506.6701	1.0275	10.5379	100.0283	39.5000	0.8230	0.8263	5.0000	-9999.0000	-9999.0000	-9999.0000	-9999.0000	-9999.0000	-9999.0000	20.5486	5	0	32.9186	1.0000	09	4	-9999.0000	8645	20168	-9999	2055	1968	-9999	336.3352	5	0.6617	0.6704	-0.0004	50.0341	0.9693	476.6162	440.4407	38.3102	468.7710	94.5139	471.1678	94.5139	475.9865	94.6296	478.0924	95.0000	
24/08/2017	00:40:04	011992	G523100151HLR	L523	S		443.8484	1.0292	5.6296	100.0872	40.0168	0.8430	0.8292	5.0000	18.6889	508.0128	94.9306	17.0492	24.4000	0.9300	0.9200	0.6704	-0.0004	508.0000	508.9350	1.0275	10.2742	100.0183	39.9000	0.8230	0.8287	5.0000	-9999.0000	-9999.0000	-9999.0000	-9999.0000	-9999.0000	-9999.0000	19.5180	6	0	30.2694	1.0000	09	4	-9999.0000	8646	20169	-9999	2056	1969	-9999	336.8021	5	0.6617	0.6704	-0.0004	50.0341	0.9693	485.4663	445.7108	38.5648	479.5796	94.7685	482.3238	95.5787	485.2264	95.4630	486.8411	94.9537	
24/08/2017	00:40:35	011992	G523098467HLR	L523	S		439.8649	1.0292	6.0982	100.0339	40.0289	0.8430	0.8285	5.0000	18.3588	508.0388	94.9306	18.5394	24.5000	0.9300	0.9201	0.6677	-0.0003	508.0000	508.7945	1.0275	10.2906	100.0075	40.0733	0.8230	0.8272	5.0000	-9999.0000	-9999.0000	-9999.0000	-9999.0000	-9999.0000	-9999.0000	20.1715	7	0	30.5491	1.0000	09	4	-9999.0000	8647	20170	-9999	2057	1970	-9999	336.6106	5	0.6626	0.6677	-0.0003	45.9595	1.1972	479.0619	439.3411	38.9583	470.8629	94.3981	473.1928	94.9306	478.7833	94.7917	479.6083	94.8380	
24/08/2017	00:41:08	011992	G523100157HLR	L523	S		437.8232	1.0292	6.3385	100.0422	39.6433	0.8430	0.8281	5.0000	18.6398	508.0176	94.9537	21.0090	24.6000	0.9300	0.9200	0.6677	-0.0003	508.0000	508.0771	1.0275	10.3741	100.0164	39.5792	0.8230	0.8264	5.0000	-9999.0000	-9999.0000	-9999.0000	-9999.0000	-9999.0000	-9999.0000	19.8392	8	0	33.3282	1.0000	09	4	-9999.0000	8648	20171	-9999	2058	1971	-9999	336.2411	5	0.6628	0.6677	-0.0003	45.9641	1.1970	478.2084	453.9651	38.8426	473.1752	94.7917	474.2657	94.9537	477.9786	94.6759	480.5742	94.8380	
24/08/2017	00:41:40	011992	G523099893HLR	L523	S		434.7993	1.0292	6.6942	100.0742	39.8000	0.8430	0.8291	5.0000	19.3088	508.0251	95.0000	22.1388	24.6000	0.9300	0.9200	0.6646	-0.0001	508.0000	507.0078	1.0275	10.4986	100.0135	39.8000	0.8230	0.8282	5.0000	-9999.0000	-9999.0000	-9999.0000	-9999.0000	-9999.0000	-9999.0000	19.3605	1	0	32.0388	1.0000	09	4	-9999.0000	8649	20172	-9999	2059	1972	-9999	336.0523	5	0.6628	0.6646	-0.0001	44.5844	1.2710	473.5904	431.2884	38.6343	470.7778	95.2315	469.9837	94.3056	473.5872	94.3056	475.5872	94.8380	
24/08/2017	00:42:13	011992	G523099882HLR	L523	S		440.3119	1.0292	6.0457	100.0799	40.1074	0.8430	0.8287	5.0000	19.6086	508.0229	94.9074	19.4192	24.6000	0.9300	0.9199	0.6653	-0.0001	508.0000	507.4772	1.0275	10.4439	100.0063	40.1387	0.8230	0.8280	5.0000	-9999.0000	-9999.0000	-9999.0000	-9999.0000	-9999.0000	-9999.0000	19.3098	2	0	32.5289	1.0000	09	4	-9999.0000	8650	20172	-9999	2060	1973	-9999	336.6617	5	0.6627	0.6653	-0.0001	43.7374	1.3252	483.2481	417.7297	40.5787	478.0764	94.9769	480.0102	95.9722	483.2757	95.8565	484.2413	94.7685	
24/08/2017	00:42:46	011992	G523099881HLR	L523	S		441.1651	1.0292	5.9453	100.0570	39.7423	0.8430	0.8281	5.0000	18.8584	508.0205	94.9306	19.7395	24.6000	0.9300	0.9199	0.6661	-0.0002	508.0000	508.8270	1.0275	10.2868	99.9370	39.6772	0.8230	0.8265	5.0000	-9999.0000	-9999.0000	-9999.0000	-9999.0000	-9999.0000	-9999.0000	19.4162	3	0	33.4285	1.0000	09	4	-9999.0000	8650	20173	-9999	2061	1974	-9999	336.5725	5	0.6625	0.6661	-0.0002	45.8273	1.1851	482.5914	348.0274	39.7454	477.1406	94.8380	479.3103	95.8333	482.5307	95.6944	484.4761	94.8148	
24/08/2017	00:43:20	011992	G523100138HLR	L523	S		436.6331	1.0292	6.4785	100.0034	39.8000	0.8430	0.8289	5.0000	18.5686	508.0985	94.9769	22.4591	24.5000	0.9300	0.9199	0.6661	-0.0002	508.0000	507.7387	1.0275	10.4135	99.9953	39.7190	0.8230	0.8280	5.0000	-9999.0000	-9999.0000	-9999.0000	-9999.0000	-9999.0000	-9999.0000	19.0786	4	0	34.2183	1.0000	09	4	-9999.0000	8651	20174	-9999	2062	1975	-9999	336.2637	5	0.6623	0.6661	-0.0002	44.9630	1.2298	475.9570	433.2742	37.1296	470.0179	94.6991	471.6674	94.0741	475.8338	94.1435	477.6995	94.7685	
24/08/2017	00:43:50	011992	G523099855HLR	L523	S		437.2571	1.0292	6.4050	100.0345	40.1000	0.8430	0.8290	5.0000	18.6983	508.0357	94.9074	21.3185	24.5000	0.9300	0.9198	0.6661	-0.0002	508.0000	507.0609	1.0275	10.4924	100.0376	40.1030	0.8230	0.8280	5.0000	-9999.0000	-9999.0000	-9999.0000	-9999.0000	-9999.0000	-9999.0000	20.1686	5	0	30.0497	1.0000	09	4	-9999.0000	8652	20175	-9999	2063	1976	-9999	336.2638	5	0.6623	0.6661	-0.0002	43.2586	1.2940	475.4735	435.9813	38.5648	470.9716	94.9537	472.9289	94.6991	474.9025	94.5370	477.8501	94.9306	
24/08/2017	00:44:22	011992	G523099856HLR	L523	S		436.1149	1.0292	6.5394	100.0582	39.7870	0.8430	0.8279	5.0000	20.8351	508.0501	94.9306	21.6994	24.4000	0.9300	0.9198	0.6661	-0.0002	508.0000	506.2490	1.0275	10.5869	100.0042	39.6882	0.8230	0.8266	5.0000	-9999.0000	-9999.0000	-9999.0000	-9999.0000	-9999.0000	-9999.0000	19.2621	6	0	31.6286	1.0000	09	4	-9999.0000	8653	20176	-9999	2064	1977	-9999	336.2404	5	0.6622	0.6661	-0.0002	44.1763	1.2401	477.1573	441.7534	38.9583	469.6362	95.2778	473.1767	95.4630	476.7307	95.4861	478.7596	95.0463	
24/08/2017	00:45:03	011992	G523099891HLR	L523	S		438.2414	1.0292	6.2893	100.0402	39.7285	0.8430	0.8287	5.0000	19.4583	508.0578	94.9769	22.6798	24.3000	0.9300	0.9198	0.6621	0.0000	508.0000	508.2877	1.0275	10.3496	99.8830	39.6255	0.8230	0.8277	5.0000	-9999.0000	-9999.0000	-9999.0000	-9999.0000	-9999.0000	-9999.0000	19.0592	7	0	40.8686	1.0000	09	4	-9999.0000	8654	20177	-9999	2065	1978	-9999	336.1338	5	0.6623	0.6621	0.0000	37.3604	1.5429	477.6162	450.4415	37.6620	471.4876	95.0231	472.6567	94.9769	477.4158	95.0231	478.5553	95.0000	
24/08/2017	00:45:36	011992	G523099865HLR	L523	S		437.0776	1.0292	6.4262	100.0188	40.1000	0.8430	0.8290	5.0000	19.0392	508.0357	94.9306	23.3497	24.3000	0.9300	0.9198	0.6629	-0.0000	508.0000	508.1495	1.0275	10.3657	100.0855	40.1000	0.8230	0.8285	5.0000	-9999.0000	-9999.0000	-9999.0000	-9999.0000	-9999.0000	-9999.0000	19.8596	8	0	33.2183	1.0000	09	4	-9999.0000	8655	20177	-9999	2066	1979	-9999	336.5234	5	0.6626	0.6629	-0.0000	41.9938	1.2993	477.4319	430.5214	40.7639	472.1847	95.0231	473.1966	94.9306	477.1326	94.6528	478.4146	94.8148	
24/08/2017	00:46:09	011992	G523099873HLR	L523	S		438.0652	1.0292	6.3100	100.0427	39.8200	0.8430	0.8279	5.0000	20.5295	508.0445	94.9306	19.3586	24.2000	0.9300	0.9198	0.6629	-0.0000	508.0000	506.5140	1.0275	10.5560	100.0034	39.6800	0.8230	0.8264	5.0000	-9999.0000	-9999.0000	-9999.0000	-9999.0000	-9999.0000	-9999.0000	19.4687	1	0	32.7990	1.0000	09	4	-9999.0000	8655	20178	-9999	2067	1980	-9999	336.6932	5	0.6629	0.6629	-0.0000	42.1659	1.2902	482.0504	447.1916	38.9815	474.4841	94.7685	478.8180	95.7176	481.7150	95.5093	483.9930	94.9769	
24/08/2017	00:46:41	011992	G523099854HLR	L523	S		441.4354	1.0292	5.9135	100.0537	39.7138	0.8430	0.8287	5.0000	19.2590	508.3194	94.9074	20.6994	24.2000	0.9300	0.9198	0.6614	0.0001	508.0000	508.3815	1.0275	10.3387	100.0143	39.6000	0.8230	0.8278	5.0000	-9999.0000	-9999.0000	-9999.0000	-9999.0000	-9999.0000	-9999.0000	19.8599	2	0	32.0881	1.0000	09	4	-9999.0000	8656	20179	-9999	2068	1981	-9999	337.0843	5	0.6625	0.6614	0.0001	42.6837	1.2653	445.9953	445.2853	36.8981	434.0513	95.0694	438.6140	94.4907	445.1960	94.5370	449.9855	94.8611	
24/08/2017	00:47:12	011992	G523099880HLR	L523	S		433.8333	1.0292	6.8079	100.0418	40.0263	0.8430	0.8290	5.0000	19.8185	508.0448	95.0231	30.1590	24.2000	0.9300	0.9199	0.6828	-0.0009	508.0000	511.0016	1.0275	10.0337	100.0202	40.2477	0.8230	0.8288	5.0000	-9999.0000	-9999.0000	-9999.0000	-9999.0000	-9999.0000	-9999.0000	19.5504	3	0	30.8589	1.0000	09	4	-9999.0000	8657	20180	-9999	2069	1982	-9999	336.8232	5	0.6626	0.6828	-0.0009	56.8955	0.6075	474.0168	428.6219	36.9676	467.7049	94.9074	470.0713	94.8148	473.7794	94.8380	474.7283	95.0000	
24/08/2017	00:47:54	011992	G523099890HLR	L523	S		437.7466	1.0292	6.3475	100.0200	39.9319	0.8430	0.8283	5.0000	18.5295	508.0180	94.9074	22.3897	24.2000	0.9300	0.9199	0.6792	-0.0007	508.0000	509.0518	1.0275	10.2606	99.9803	39.8248	0.8230	0.8265	5.0000	-9999.0000	-9999.0000	-9999.0000	-9999.0000	-9999.0000	-9999.0000	19.4105	4	0	41.8082	1.0000	09	4	-9999.0000	8658	20181	-9999	2070	1983	-9999	336.6061	5	0.6631	0.6792	-0.0007	55.7146	0.6602	468.1264	419.5415	38.4722	460.4595	95.1389	464.4327	95.8102	467.5777	95.7176	470.5325	94.7222	
24/08/2017	00:48:25	011992	G523099858HLR	L523	S		438.5355	1.0292	6.2546	100.0305	39.7381	0.8430	0.8289	5.0000	18.4397	508.0364	94.9769	22.0587	24.2000	0.9300	0.9199	0.6778	-0.0007	508.0000	508.2364	1.0275	10.3556	100.0310	39.5000	0.8230	0.8270	5.0000	-9999.0000	-9999.0000	-9999.0000	-9999.0000	-9999.0000	-9999.0000	19.1151	5	0	30.8787	1.0000	09	4	-9999.0000	8659	20181	-9999	2071	1984	-9999	336.7780	5	0.6631	0.6778	-0.0007	52.9507	0.7644	469.5787	446.3142	37.7778	463.0341	94.9537	464.2509	94.9769	468.9928	95.0000	471.1637	94.7454	
24/08/2017	00:49:00	011992	G523099876HLR	L523	S		437.0523	1.0292	6.4291	100.0440	40.1000	0.8430	0.8291	5.0000	18.6788	508.0363	94.9074	21.2989	24.2000	0.9300	0.9199	0.6729	-0.0005	508.0000	507.6147	1.0275	10.4279	100.0237	40.1964	0.8230	0.8286	5.0000	-9999.0000	-9999.0000	-9999.0000	-9999.0000	-9999.0000	-9999.0000	19.6302	6	0	35.3188	1.0000	09	4	-9999.0000	8659	20182	-9999	2072	1985	-9999	336.9899	5	0.6621	0.6729	-0.0005	49.8889	0.9004	470.0473	425.6427	37.1296	461.6921	94.8148	466.5088	95.4167	469.6773	95.3704	472.4219	94.8611	
24/08/2017	00:49:33	011992	G523099871HLR	L523	S		439.6434	1.0292	6.1243	100.0537	39.8252	0.8430	0.8282	5.0000	18.7495	508.0828	94.9074	20.0989	24.1000	0.9300	0.9198	0.6728	-0.0005	508.0000	508.9597	1.0275	10.2714	100.0007	39.7233	0.8230	0.8264	5.0000	-9999.0000	-9999.0000	-9999.0000	-9999.0000	-9999.0000	-9999.0000	19.6390	7	0	32.8486	1.0000	09	4	-9999.0000	8660	20183	-9999	2073	1986	-9999	337.1978	5	0.6621	0.6728	-0.0005	50.4199	0.8882	475.0310	451.5799	38.1713	469.6863	94.7454	470.8448	94.6528	474.5231	94.7454	477.7195	94.9537	
24/08/2017	00:50:10	011992	G523099360HLR	L523	S		423.8032	1.0292	7.9879	100.0332	39.6792	0.8430	0.8287	5.0000	18.6485	505.9773	95.0000	31.0086	24.1000	0.9300	0.9199	0.6728	-0.0005	508.0000	503.9189	1.0275	10.8581	99.9219	39.6128	0.8230	0.8278	5.0000	-9999.0000	-9999.0000	-9999.0000	-9999.0000	-9999.0000	-9999.0000	19.6685	8	0	37.2884	1.0000	09	4	-9999.0000	8661	20184	-9999	2074	1987	-9999	333.2144	5	0.6622	0.6728	-0.0005	50.2100	0.8947	458.2991	453.5703	38.3333	453.9047	95.1157	453.3291	94.6296	457.9268	94.5370	459.7157	94.9769	
24/08/2017	00:50:42	011992	G523099872HLR	L523	S		437.2067	1.0292	6.4110	100.0538	40.0016	0.8430	0.8290	5.0000	20.2590	508.0153	94.9306	20.0988	24.1000	0.9300	0.9199	0.6722	-0.0004	508.0000	508.5811	1.0275	10.3154	100.0113	40.1000	0.8230	0.8284	5.0000	-9999.0000	-9999.0000	-9999.0000	-9999.0000	-9999.0000	-9999.0000	19.9324	1	0	31.9394	1.0000	09	4	-9999.0000	8662	20185	-9999	2075	1988	-9999	337.0698	5	0.6621	0.6722	-0.0004	49.8473	0.9137	475.8201	436.7405	40.2778	468.2984	95.1389	472.1667	95.9722	475.5206	95.6713	477.6357	95.0000	
24/08/2017	00:51:14	011992	G523099388HLR	L523	S		436.1716	1.0292	6.5328	100.0360	39.7479	0.8430	0.8279	5.0000	20.5793	508.0457	94.9537	24.4893	24.1000	0.9300	0.9199	0.6710	-0.0004	508.0000	509.3976	1.0275	10.2204	99.9949	39.6840	0.8230	0.8264	5.0000	-9999.0000	-9999.0000	-9999.0000	-9999.0000	-9999.0000	-9999.0000	19.1592	2	0	31.5583	1.0000	09	4	-9999.0000	8663	20186	-9999	2076	1989	-9999	336.1069	5	0.6619	0.6710	-0.0004	53.9881	0.7692	469.2360	439.4299	38.5417	465.5649	94.9537	465.5942	94.3056	468.8222	94.2824	472.1987	94.7685	
24/08/2017	00:51:44	011992	G523099380HLR	L523	S		439.9791	1.0292	6.0848	100.0586	39.6259	0.8430	0.8288	5.0000	18.6644	508.0283	94.9769	22.0793	24.1000	0.9300	0.9198	0.6657	-0.0001	508.0000	509.9207	1.0275	10.1595	99.9720	39.5669	0.8230	0.8276	5.0000	-9999.0000	-9999.0000	-9999.0000	-9999.0000	-9999.0000	-9999.0000	19.7406	3	0	30.7889	1.0000	09	4	-9999.0000	8664	20187	-9999	2077	1990	-9999	336.4913	5	0.6623	0.6657	-0.0001	49.3443	0.9913	473.3929	426.8607	37.9398	470.6677	94.7917	469.8550	94.2361	473.1286	94.0509	476.1197	95.2315	
24/08/2017	00:52:15	011992	G523099869HLR	L523	S		443.6725	1.0292	5.6503	100.0389	40.1331	0.8430	0.8293	5.0000	18.5100	508.0392	95.0000	26.4297	24.1000	0.9300	0.9199	0.6655	-0.0001	508.0000	517.2469	1.0275	9.3067	100.0050	40.1960	0.8230	0.8287	5.0000	-9999.0000	-9999.0000	-9999.0000	-9999.0000	-9999.0000	-9999.0000	20.1228	4	2	30.7294	1.0000	09	4	-9999.0000	8665	20188	-9999	2078	1991	-9999	336.2878	5	0.6627	0.6655	-0.0001	50.8297	0.9323	449.3615	429.6292	37.6389	440.3250	95.4630	440.0686	94.4676	448.4872	94.4444	454.3637	94.8843	
24/08/2017	00:52:49	011992	G523099410HLR	L523	S		439.3829	1.0292	6.1549	100.0271	39.8078	0.8430	0.8281	5.0000	18.7288	508.0261	94.9537	21.1086	24.1000	0.9300	0.9199	0.6667	-0.0002	508.0000	508.7668	1.0275	10.2938	100.0024	39.8689	0.8230	0.8266	5.0000	-9999.0000	-9999.0000	-9999.0000	-9999.0000	-9999.0000	-9999.0000	19.7404	5	0	33.7185	1.0000	09	4	-9999.0000	8666	20189	-9999	2079	1992	-9999	336.6616	5	0.6621	0.6667	-0.0002	49.4961	0.9832	477.5480	426.5602	37.0602	472.8504	95.2315	473.6468	95.1389	477.5151	95.1852	479.3441	95.0926	
24/08/2017	00:53:22	011992	G523099399HLR	L523	S		438.2132	1.0292	6.2926	100.0389	39.7000	0.8430	0.8289	5.0000	19.8884	508.0225	94.8611	20.7492	24.1000	0.9300	0.9199	0.6643	-0.0001	508.0000	508.8791	1.0275	10.2807	99.9911	39.4581	0.8230	0.8266	5.0000	-9999.0000	-9999.0000	-9999.0000	-9999.0000	-9999.0000	-9999.0000	19.5382	6	0	32.7585	1.0000	09	4	-9999.0000	8667	20190	-9999	2080	1993	-9999	336.6266	5	0.6613	0.6643	-0.0001	51.0765	0.9211	477.7644	402.5386	38.9120	472.4780	94.8611	473.1112	95.0463	477.3614	94.9537	479.2394	94.9769	
24/08/2017	00:53:53	011992	G523099412HLR	L523	S		438.9651	1.0292	6.2041	100.0020	40.1000	0.8430	0.8292	5.0000	18.5492	508.0663	94.9306	19.9895	24.1000	0.9300	0.9199	0.6665	-0.0003	508.0000	508.3296	1.0275	10.3447	99.9345	40.1000	0.8230	0.8293	5.0000	-9999.0000	-9999.0000	-9999.0000	-9999.0000	-9999.0000	-9999.0000	19.3211	7	0	30.9988	1.0000	09	4	-9999.0000	8668	20191	-9999	2081	1994	-9999	336.2294	5	0.6594	0.6665	-0.0003	52.2688	0.8633	478.0134	428.9206	37.9167	473.3545	94.8611	474.9292	94.8380	477.7685	94.8843	480.4319	94.9769	
24/08/2017	00:54:23	011992	G523099391HLR	L523	S		436.8452	1.0292	6.4535	99.9954	39.8361	0.8430	0.8282	5.0000	18.4427	508.1105	94.9074	19.9289	24.2000	0.9300	0.9200	0.6919	-0.0014	508.0000	507.9267	1.0275	10.3916	99.9828	40.0032	0.8230	0.8271	5.0000	-9999.0000	-9999.0000	-9999.0000	-9999.0000	-9999.0000	-9999.0000	19.3413	8	0	30.5095	1.0000	09	4	-9999.0000	8669	20192	-9999	2082	1995	-9999	335.9007	5	0.6595	0.6919	-0.0014	57.9188	0.5939	478.0425	438.2594	37.4074	471.1044	94.7222	473.8339	95.7176	477.8941	95.6250	480.1838	94.7454	
24/08/2017	00:54:55	011992	G523099389HLR	L523	S		437.1396	1.0292	6.4189	100.0204	39.6297	0.8430	0.8286	5.0000	18.6055	508.0488	94.9769	22.8185	24.2000	0.9300	0.9199	0.6717	-0.0005	508.0000	508.2948	1.0275	10.3488	100.0576	39.4752	0.8230	0.8264	5.0000	-9999.0000	-9999.0000	-9999.0000	-9999.0000	-9999.0000	-9999.0000	19.2087	1	0	31.7781	1.0000	09	4	-9999.0000	8670	20193	-9999	2083	1996	-9999	334.8224	5	0.6592	0.6717	-0.0005	52.7436	0.8036	461.6344	420.0865	36.4815	455.3124	94.9074	457.2040	95.2083	461.1023	95.0463	464.5721	95.1157	
24/08/2017	00:55:22	011992	G523099417HLR	L523	S		438.8315	1.0292	6.2198	100.0104	40.0259	0.8430	0.8294	5.0000	18.4602	508.0273	95.0000	21.9191	24.2000	0.9300	0.9199	0.7002	-0.0019	508.0000	508.8302	1.0275	10.2864	99.9805	39.9573	0.8230	0.8289	5.0000	-9999.0000	-9999.0000	-9999.0000	-9999.0000	-9999.0000	-9999.0000	19.5191	2	0	27.4092	1.0000	09	4	-9999.0000	8671	20193	-9999	2084	1997	-9999	335.7509	5	0.6596	0.7002	-0.0019	56.7929	0.6239	472.4943	441.1569	38.4491	467.3240	94.4213	470.2869	95.0463	472.1779	94.7685	474.7983	94.9306	
24/08/2017	00:55:54	011992	G523099414HLR	L523	S		437.4610	1.0292	6.3811	100.0575	39.9251	0.8430	0.8283	5.0000	18.6994	508.0617	94.9074	20.2287	24.2000	0.9300	0.9199	0.6978	-0.0018	508.0000	507.5398	1.0275	10.4366	100.0300	40.1393	0.8230	0.8275	5.0000	-9999.0000	-9999.0000	-9999.0000	-9999.0000	-9999.0000	-9999.0000	19.7090	3	0	31.4592	1.0000	09	4	-9999.0000	8671	20194	-9999	2085	1998	-9999	336.6040	5	0.6599	0.6978	-0.0018	59.3563	0.5286	460.6493	415.3819	37.7315	452.7316	95.3009	455.4192	95.2083	459.9560	95.2546	463.1076	95.0463	
24/08/2017	00:56:24	011992	G523099415HLR	L523	S		437.8298	1.0292	6.3377	100.0255	39.5489	0.8430	0.8285	5.0000	18.5681	508.0859	94.8843	19.7288	24.3000	0.9300	0.9200	0.6796	-0.0009	508.0000	508.1978	1.0275	10.3600	100.0184	39.5972	0.8230	0.8262	5.0000	-9999.0000	-9999.0000	-9999.0000	-9999.0000	-9999.0000	-9999.0000	19.5393	4	0	30.2289	1.0000	09	4	-9999.0000	8672	20195	-9999	2086	1999	-9999	336.7319	5	0.6609	0.6796	-0.0009	64.4987	0.2788	461.2314	424.8079	39.0972	451.5010	94.9537	455.7926	95.3241	460.9320	95.3241	463.6715	95.0463	
24/08/2017	00:56:57	011992	G523099409HLR	L523	S		439.4564	1.0292	6.1463	100.0586	40.0000	0.8430	0.8295	5.0000	18.4787	508.0390	94.9306	20.9885	24.3000	0.9300	0.9200	0.6800	-0.0009	508.0000	508.7433	1.0275	10.2966	99.9744	39.8000	0.8230	0.8281	5.0000	-9999.0000	-9999.0000	-9999.0000	-9999.0000	-9999.0000	-9999.0000	19.4991	5	0	33.0787	1.0000	09	4	-9999.0000	8673	20196	-9999	2087	2000	-9999	335.7825	5	0.6606	0.6800	-0.0009	66.3481	0.1950	472.0074	435.0223	39.2593	463.6295	94.7454	468.1321	95.7870	471.8619	95.6944	474.2007	94.6759	
24/08/2017	00:57:26	011992	G523099405HLR	L523	S		439.6544	1.0292	6.1230	100.0101	40.0595	0.8430	0.8285	5.0000	18.5696	461.2876	96.6435	16.5697	24.3000	0.9300	0.9199	0.6800	-0.0009	508.0000	504.5563	1.0275	10.7839	100.0568	40.1202	0.8230	0.8280	5.0000	-9999.0000	-9999.0000	-9999.0000	-9999.0000	-9999.0000	-9999.0000	19.9315	6	32	28.9286	1.0000	09	4	-9999.0000	8674	20197	-9999	2088	2001	-9999	303.6269	5	0.6606	0.6800	-0.0009	66.3481	0.1950	470.7077	428.5122	40.9259	465.6702	95.1389	465.5106	94.5833	469.8859	94.5139	473.4660	94.7454	
24/08/2017	00:57:56	011992	G523099428HLR	L523	S		438.6812	1.0292	6.2375	100.0390	39.5477	0.8430	0.8281	5.0000	19.0774	508.0554	94.9074	20.6193	24.5000	0.9300	0.9200	0.6874	-0.0013	508.0000	508.6566	1.0275	10.3066	99.9710	39.7313	0.8230	0.8265	5.0000	-9999.0000	-9999.0000	-9999.0000	-9999.0000	-9999.0000	-9999.0000	19.5389	7	0	29.7585	1.0000	09	4	-9999.0000	8675	20198	-9999	2089	2002	-9999	335.7684	5	0.6611	0.6874	-0.0013	68.7812	0.0839	470.5448	434.1547	40.4167	466.2090	94.4907	465.7047	94.9769	470.1797	95.0463	472.1627	94.9769	
24/08/2017	00:58:31	011992	G523099426HLR	L523	S		440.3756	1.0292	6.0382	100.0609	39.8000	0.8430	0.8293	5.0000	19.4592	508.0439	94.9074	19.4192	24.5000	0.9300	0.9200	0.6874	-0.0013	508.0000	509.0077	1.0275	10.2658	99.9883	39.6000	0.8230	0.8275	5.0000	-9999.0000	-9999.0000	-9999.0000	-9999.0000	-9999.0000	-9999.0000	19.2584	8	0	35.3689	1.0000	09	4	-9999.0000	8676	20199	-9999	2090	2003	-9999	336.8460	5	0.6609	0.6874	-0.0013	65.5602	0.2186	467.2259	429.6118	38.1713	460.4191	95.3472	462.6925	94.4213	466.7040	94.2824	469.7275	94.9769	
24/08/2017	00:59:01	011992	G523099423HLR	L523	S		439.2992	1.0292	6.1648	100.0382	40.2241	0.8430	0.8290	5.0000	18.7197	508.0529	95.0231	22.2090	24.6000	0.9300	0.9200	0.6874	-0.0013	508.0000	508.1606	1.0275	10.3644	99.9233	40.1000	0.8230	0.8289	5.0000	-9999.0000	-9999.0000	-9999.0000	-9999.0000	-9999.0000	-9999.0000	19.1321	1	0	29.6893	1.0000	09	4	-9999.0000	8677	20200	-9999	2091	2004	-9999	335.1145	5	0.6609	0.6874	-0.0013	65.5602	0.2186	465.8662	429.2246	40.1389	461.9947	95.1157	462.6113	94.4444	465.3843	94.4444	467.1680	94.9537	
24/08/2017	00:59:31	011992	G523099424HLR	L523	S		438.5906	1.0292	6.2482	100.0307	39.7838	0.8430	0.8280	5.0000	18.8498	508.0255	94.9769	18.0794	24.6000	0.9300	0.9199	0.6928	-0.0015	508.0000	507.6207	1.0275	10.4272	99.9715	39.8842	0.8230	0.8267	5.0000	-9999.0000	-9999.0000	-9999.0000	-9999.0000	-9999.0000	-9999.0000	19.2494	2	0	30.3291	1.0000	09	4	-9999.0000	8678	20201	-9999	2092	2005	-9999	337.6876	5	0.6612	0.6928	-0.0015	74.8720	-0.2375	471.1135	445.4013	40.0000	463.0112	95.0926	467.2330	95.9954	470.7201	95.6481	473.6549	95.1389	
24/08/2017	01:00:02	011992	G523099418HLR	L523	S		442.2330	1.0292	5.8196	100.0231	39.7355	0.8430	0.8289	5.0000	18.7190	508.0723	94.9306	18.9895	24.6000	0.9300	0.9199	0.6926	-0.0015	508.0000	508.8708	1.0275	10.2817	99.9265	39.5000	0.8230	0.8267	5.0000	-9999.0000	-9999.0000	-9999.0000	-9999.0000	-9999.0000	-9999.0000	19.2698	3	0	31.1381	1.0000	09	4	-9999.0000	8679	20202	-9999	2093	2006	-9999	337.3693	5	0.6615	0.6926	-0.0015	67.3311	0.1178	468.5582	407.9507	36.1806	459.6313	94.3750	464.0058	95.5556	468.6053	95.5324	469.7079	94.7685	
24/08/2017	01:00:33	011992	G523099351HLR	L523	S		428.4842	1.0292	7.4371	99.9661	40.1000	0.8430	0.8292	5.0000	18.5393	508.0532	94.8611	24.4991	24.7000	0.9300	0.9199	0.6818	-0.0010	508.0000	502.6879	1.0275	10.9987	99.9471	40.1000	0.8230	0.8291	5.0000	-9999.0000	-9999.0000	-9999.0000	-9999.0000	-9999.0000	-9999.0000	19.3755	4	1	30.4492	1.0000	09	4	-9999.0000	8680	20203	-9999	2094	2007	-9999	332.7719	5	0.6608	0.6818	-0.0010	73.8483	-0.2133	453.8332	419.0444	38.0556	448.6159	94.8611	449.6924	94.4444	453.7016	94.2130	456.8938	94.9074	
24/08/2017	01:01:02	011992	G523099342HLR	L523	S		436.8532	1.0292	6.4526	100.0186	39.9140	0.8430	0.8282	5.0000	18.8986	508.0197	94.9306	18.5091	24.6000	0.9300	0.9198	0.6772	-0.0008	508.0000	507.8428	1.0275	10.4014	100.0171	40.1299	0.8230	0.8273	5.0000	-9999.0000	-9999.0000	-9999.0000	-9999.0000	-9999.0000	-9999.0000	19.7610	5	0	29.1686	1.0000	09	4	-9999.0000	8681	20204	-9999	2095	2008	-9999	336.7728	5	0.6613	0.6772	-0.0008	68.1276	0.0503	471.3970	414.0927	39.5139	462.0689	95.2546	466.3813	94.6065	471.0919	94.3981	474.2860	95.0231	
24/08/2017	01:01:30	011992	G523099354HLR	L523	S		439.6860	1.0292	6.1193	100.0279	39.7000	0.8430	0.8287	5.0000	18.7492	508.0291	94.8611	19.5198	24.6000	0.9300	0.9198	0.6891	-0.0014	508.0000	506.9279	1.0275	10.5079	100.0327	39.5645	0.8230	0.8261	5.0000	-9999.0000	-9999.0000	-9999.0000	-9999.0000	-9999.0000	-9999.0000	20.3407	6	0	28.1484	1.0000	09	4	-9999.0000	8681	20205	-9999	2096	2009	-9999	336.0364	5	0.6619	0.6891	-0.0014	64.2268	0.2238	475.1707	432.9051	37.4306	466.9256	94.8148	470.8528	95.8796	474.7833	95.8102	477.4302	94.6759	
24/08/2017	01:02:00	011992	G523099421HLR	L523	S		436.2187	1.0292	6.5272	99.9984	40.0651	0.8430	0.8293	5.0000	18.4895	508.0596	94.9306	20.3293	24.6000	0.9300	0.9198	0.6734	-0.0005	508.0000	508.2445	1.0275	10.3546	100.0556	39.8000	0.8230	0.8281	5.0000	-9999.0000	-9999.0000	-9999.0000	-9999.0000	-9999.0000	-9999.0000	20.0057	7	0	29.7430	1.0000	09	4	-9999.0000	8682	20206	-9999	2097	2010	-9999	336.0050	5	0.6623	0.6734	-0.0005	52.7316	0.8074	464.5598	397.4988	36.5972	456.6586	94.9769	459.3848	94.2593	464.4961	94.1898	467.7036	94.7685	
24/08/2017	01:02:42	011992	G523099364HLR	L523	S		437.9418	1.0292	6.3245	100.0105	40.0214	0.8430	0.8284	5.0000	18.6193	508.0222	94.9537	19.5989	24.6000	0.9300	0.9198	0.6740	-0.0006	508.0000	507.7777	1.0275	10.4089	99.9924	40.1150	0.8230	0.8280	5.0000	-9999.0000	-9999.0000	-9999.0000	-9999.0000	-9999.0000	-9999.0000	20.1689	8	0	42.2845	1.0000	09	4	-9999.0000	8683	20207	-9999	2098	2011	-9999	336.7152	5	0.6626	0.6740	-0.0006	57.7000	0.5952	474.7353	426.5878	39.6991	466.4834	94.4907	470.9233	95.6250	474.1558	95.5093	476.7774	94.8148	
24/08/2017	01:03:07	011992	G523099209HLR	L523	S		440.8423	1.0292	5.9833	100.0972	39.6471	0.8430	0.8283	5.0000	18.7539	508.0429	94.9537	17.6995	24.5000	0.9300	0.9197	0.6740	-0.0006	508.0000	507.6911	1.0275	10.4190	99.9398	39.8165	0.8230	0.8268	5.0000	-9999.0000	-9999.0000	-9999.0000	-9999.0000	-9999.0000	-9999.0000	19.1691	1	0	25.3995	1.0000	09	4	-9999.0000	8684	20208	-9999	2098	2011	-9999	337.3999	5	0.6626	0.6740	-0.0006	57.7000	0.5952	479.3181	450.4640	37.1528	471.2728	94.8611	474.8633	95.3241	478.7907	95.1852	481.1116	95.0231	
24/08/2017	01:03:40	011992	G523099208HLR	L523	S		440.4854	1.0292	6.0252	100.0401	39.9000	0.8430	0.8292	5.0000	19.5197	508.0515	94.8843	16.7493	24.5000	0.9300	0.9198	0.6678	-0.0003	508.0000	506.6794	1.0275	10.5368	100.0008	39.8000	0.8230	0.8279	5.0000	-9999.0000	-9999.0000	-9999.0000	-9999.0000	-9999.0000	-9999.0000	19.5338	2	0	32.5032	1.0000	09	4	-9999.0000	8685	20209	-9999	2098	2012	-9999	337.1667	5	0.6633	0.6678	-0.0003	52.8623	0.8402	482.1950	305.1360	37.7315	474.1809	94.4213	478.0888	95.1852	481.9542	95.1389	485.3819	94.9537	
24/08/2017	01:04:12	011992	G523099198HLR	L523	S		438.7481	1.0292	6.2296	100.0342	40.1128	0.8430	0.8287	5.0000	18.5674	508.0236	94.9306	18.7298	24.5000	0.9300	0.9198	0.6668	-0.0002	508.0000	507.3019	1.0275	10.4643	100.0055	39.9599	0.8230	0.8278	5.0000	-9999.0000	-9999.0000	-9999.0000	-9999.0000	-9999.0000	-9999.0000	20.6442	3	0	31.6943	1.0000	09	4	-9999.0000	8686	20210	-9999	2099	2012	-9999	336.8895	5	0.6625	0.6668	-0.0002	55.7121	0.7499	478.2809	426.0096	38.4491	472.0804	94.7917	473.8181	94.8380	477.9245	94.8380	480.2194	94.9306	
24/08/2017	01:04:45	011992	G523099377HLR	L523	S		425.7775	1.0292	7.7556	100.0738	39.7543	0.8430	0.8281	5.0000	19.0801	505.2651	95.0000	31.0096	24.4000	0.9300	0.9198	0.6837	-0.0011	508.0000	504.6219	1.0275	10.7763	100.1621	39.8530	0.8230	0.8271	5.0000	-9999.0000	-9999.0000	-9999.0000	-9999.0000	-9999.0000	-9999.0000	19.7676	4	0	33.0017	1.0000	09	4	-9999.0000	8687	20211	-9999	2100	2013	-9999	333.8601	5	0.6630	0.6837	-0.0011	45.1046	1.2707	464.0053	376.7961	36.6898	459.5407	94.6759	459.7516	94.3981	463.6916	94.5370	465.7151	94.9306	
24/08/2017	01:05:17	011992	G523099368HLR	L523	S		447.9606	1.0292	5.1458	100.0795	39.8000	0.8430	0.8288	5.0000	19.0733	508.0713	94.9074	13.2397	24.3000	0.9300	0.9197	0.6837	-0.0011	508.0000	512.5546	1.0275	9.8529	100.0422	39.6646	0.8230	0.8271	5.0000	-9999.0000	-9999.0000	-9999.0000	-9999.0000	-9999.0000	-9999.0000	20.1862	5	0	32.1682	1.0000	09	4	-9999.0000	8688	20211	-9999	2101	2013	-9999	340.1035	5	0.6630	0.6837	-0.0011	45.1046	1.2707	483.9656	419.6688	37.5463	474.6704	95.0000	478.8199	95.8102	483.4470	95.4861	486.5420	95.1157	
24/08/2017	01:05:47	011992	G523099944HLR	L523	S		437.5111	1.0292	6.3752	100.0305	40.0632	0.8430	0.8286	5.0000	19.0165	508.0370	94.8843	21.2287	24.4000	0.9300	0.9200	0.6839	-0.0011	508.0000	508.9840	1.0275	10.2685	99.9351	39.9064	0.8230	0.8284	5.0000	-9999.0000	-9999.0000	-9999.0000	-9999.0000	-9999.0000	-9999.0000	19.4590	6	0	29.8460	1.0000	09	3	-9999.0000	8688	20212	-9999	2101	2014	-9999	336.1273	5	0.6636	0.6839	-0.0011	38.9954	1.5751	471.1188	307.8574	40.2778	462.3319	94.9769	466.1882	95.5787	470.6676	95.7176	473.3162	94.9306	
24/08/2017	01:06:18	011992	G523099912HLR	L523	S		438.2154	1.0292	6.2923	100.0863	39.7194	0.8430	0.8281	5.0000	18.8311	508.0404	94.9537	20.5188	24.3000	0.9300	0.9198	0.6686	-0.0002	508.0000	507.6792	1.0275	10.4204	100.0756	39.8555	0.8230	0.8266	5.0000	-9999.0000	-9999.0000	-9999.0000	-9999.0000	-9999.0000	-9999.0000	21.3621	7	0	30.2987	1.0000	09	3	-9999.0000	8689	20213	-9999	2102	2015	-9999	336.1999	5	0.6638	0.6686	-0.0002	51.8825	0.8756	468.8566	406.0622	39.4444	462.4449	95.1157	464.6207	94.4444	468.4575	94.5833	472.3558	94.9306	
24/08/2017	01:06:48	011992	G523099920HLR	L523	S		439.7839	1.0292	6.1078	99.9724	39.8220	0.8430	0.8291	5.0000	18.5392	508.0814	94.9537	21.3693	24.3000	0.9300	0.9198	0.6672	-0.0002	508.0000	508.3524	1.0275	10.3420	99.9219	39.5700	0.8230	0.8267	5.0000	-9999.0000	-9999.0000	-9999.0000	-9999.0000	-9999.0000	-9999.0000	19.6021	8	0	30.6094	1.0000	09	3	-9999.0000	8690	20213	-9999	2103	2016	-9999	337.3403	5	0.6639	0.6672	-0.0002	52.6243	0.8389	474.9645	454.8830	39.7454	470.0749	94.7917	472.5467	94.8148	474.8397	94.6296	478.1761	94.8380	
24/08/2017	01:07:18	011992	G523099941HLR	L523	S		439.9462	1.0292	6.0887	99.9857	40.1056	0.8430	0.8288	5.0000	18.7607	508.0007	94.9074	21.2190	24.2000	0.9300	0.9198	0.6666	-0.0002	508.0000	509.2449	1.0275	10.2382	99.9895	39.9287	0.8230	0.8284	5.0000	-9999.0000	-9999.0000	-9999.0000	-9999.0000	-9999.0000	-9999.0000	20.2547	1	0	30.3591	1.0000	09	3	-9999.0000	8691	20214	-9999	2104	2017	-9999	337.1368	5	0.6630	0.6666	-0.0002	53.1007	0.8334	476.8640	388.0974	39.5370	472.6463	94.5139	473.1802	94.8148	476.6045	94.8380	479.5536	94.9074	
24/08/2017	01:07:52	011992	G523099905HLR	L523	S		439.8758	1.0292	6.0970	100.0638	39.7357	0.8430	0.8282	5.0000	18.5685	508.0135	94.8148	18.8089	24.2000	0.9300	0.9198	0.6666	-0.0002	508.0000	509.1531	1.0275	10.2488	100.0357	40.0660	0.8230	0.8275	5.0000	-9999.0000	-9999.0000	-9999.0000	-9999.0000	-9999.0000	-9999.0000	19.6987	2	0	34.1686	1.0000	09	3	-9999.0000	8692	20215	-9999	2105	2018	-9999	336.9974	5	0.6630	0.6666	-0.0002	53.1007	0.8334	480.9758	470.0819	38.5880	477.1802	95.1852	477.2991	94.7685	480.6202	94.8148	482.8462	94.9769	
24/08/2017	01:08:22	011992	G523099907HLR	L523	S		440.0950	1.0292	6.0712	100.1015	39.8000	0.8430	0.8291	5.0000	18.7481	508.0528	94.9306	18.4798	24.1000	0.9300	0.9198	0.6646	-0.0001	508.0000	508.8484	1.0275	10.2843	100.0214	39.5804	0.8230	0.8266	5.0000	-9999.0000	-9999.0000	-9999.0000	-9999.0000	-9999.0000	-9999.0000	19.8135	3	0	29.9883	1.0000	09	3	-9999.0000	8693	20216	-9999	2106	2019	-9999	336.7351	5	0.6623	0.6646	-0.0001	53.6389	0.8082	481.5165	446.3949	39.7222	476.4679	94.8380	479.0044	95.8796	480.9053	95.8565	484.1330	94.8611	
24/08/2017	01:08:52	011992	G523099908HLR	L523	S		440.1624	1.0292	6.0633	100.0547	40.0900	0.8430	0.8288	5.0000	19.4201	508.0564	94.9537	18.7288	24.1000	0.9300	0.9199	0.6660	-0.0002	508.0000	508.0676	1.0275	10.3752	99.9921	39.9000	0.8230	0.8286	5.0000	-9999.0000	-9999.0000	-9999.0000	-9999.0000	-9999.0000	-9999.0000	19.0986	4	0	30.0193	1.0000	09	3	-9999.0000	8694	20217	-9999	2107	2019	-9999	336.7855	5	0.6623	0.6660	-0.0002	56.2886	0.6308	479.5662	441.4329	38.5648	476.1728	94.7454	476.5431	94.9537	479.1862	95.0231	481.3399	95.0463	
24/08/2017	01:09:25	011992	G523099910HLR	L523	S		442.9611	1.0292	5.7340	100.0634	39.7725	0.8430	0.8280	5.0000	19.8260	508.0150	94.9074	19.1292	24.1000	0.9300	0.9199	0.6660	-0.0002	508.0000	509.0121	1.0275	10.2653	99.9989	40.0641	0.8230	0.8275	5.0000	-9999.0000	-9999.0000	-9999.0000	-9999.0000	-9999.0000	-9999.0000	19.9562	5	0	32.5692	1.0000	09	3	-9999.0000	8695	20218	-9999	2108	2020	-9999	336.5437	5	0.6620	0.6660	-0.0002	69.1783	0.0093	480.6191	424.3860	40.8333	477.2624	94.6759	476.4190	95.3472	480.2051	95.3241	482.6289	95.0000	
24/08/2017	01:10:05	011992	G523099906HLR	L523	S		436.5367	1.0292	6.4898	100.1012	39.7185	0.8430	0.8288	5.0000	18.9198	508.0392	95.0000	22.9894	24.0000	0.9300	0.9199	0.6660	-0.0002	508.0000	508.8545	1.0275	10.2836	99.9889	39.5860	0.8230	0.8264	5.0000	-9999.0000	-9999.0000	-9999.0000	-9999.0000	-9999.0000	-9999.0000	19.4395	6	0	40.0179	1.0000	09	3	-9999.0000	8696	20219	-9999	2108	2020	-9999	336.2176	5	0.6623	0.6660	-0.0002	68.1176	0.0509	472.4450	359.9353	39.6759	470.8047	94.9306	470.0650	94.1898	472.3056	94.0278	475.7816	95.2546	
24/08/2017	01:10:36	011992	G523099916HLR	L523	S		438.7170	1.0292	6.2333	100.0355	40.1000	0.8430	0.8292	5.0000	19.2688	508.0040	94.9306	19.1194	24.0000	0.9300	0.9198	0.6660	-0.0002	508.0000	507.8024	1.0275	10.4061	100.0761	39.8096	0.8230	0.8280	5.0000	-9999.0000	-9999.0000	-9999.0000	-9999.0000	-9999.0000	-9999.0000	21.5580	7	0	31.3193	1.0000	09	3	-9999.0000	8697	20220	-9999	2108	2021	-9999	336.5314	5	0.6624	0.6660	-0.0002	66.7704	0.1009	478.8445	438.5405	40.5556	474.6444	94.7454	475.9393	94.4213	478.7593	94.5833	480.6023	94.9074	
24/08/2017	01:11:07	011992	G523099922HLR	L523	S		442.8902	1.0292	5.7423	99.9884	39.8106	0.8430	0.8280	5.0000	19.8694	508.0430	94.9306	19.1800	23.9000	0.9300	0.9198	0.6620	-0.0000	508.0000	509.5270	1.0275	10.2053	99.9770	40.0466	0.8230	0.8273	5.0000	-9999.0000	-9999.0000	-9999.0000	-9999.0000	-9999.0000	-9999.0000	19.8798	8	0	30.5895	1.0000	09	3	-9999.0000	8698	20221	-9999	2109	2021	-9999	336.5732	5	0.6620	0.6620	-0.0000	62.2590	0.3143	480.2230	454.1906	39.5370	475.1583	95.0231	476.7221	94.8380	479.9974	94.8843	482.1899	94.8611	
24/08/2017	01:11:34	011992	G523099942HLR	L523	S		439.8493	1.0292	6.1001	100.0105	39.6335	0.8430	0.8286	5.0000	18.5674	508.0588	94.9306	21.7892	23.9000	0.9300	0.9199	0.6658	-0.0002	508.0000	510.7910	1.0275	10.0582	100.0794	39.5176	0.8230	0.8265	5.0000	-9999.0000	-9999.0000	-9999.0000	-9999.0000	-9999.0000	-9999.0000	19.4314	1	0	27.4484	1.0000	09	3	-9999.0000	8699	20222	-9999	2110	2022	-9999	336.3504	5	0.6617	0.6658	-0.0002	50.6285	0.9328	480.2802	449.5622	38.5185	477.7231	94.6296	477.3317	95.4167	479.9774	95.3241	482.1176	95.0463	
24/08/2017	01:12:02	011992	G523099914HLR	L523	S		430.5046	1.0292	7.1995	100.0024	40.0329	0.8430	0.8294	5.0000	18.7082	508.0753	95.0000	27.0791	23.8000	0.9300	0.9199	0.6685	-0.0003	508.0000	506.9472	1.0275	10.5056	99.9395	39.8000	0.8230	0.8287	5.0000	-9999.0000	-9999.0000	-9999.0000	-9999.0000	-9999.0000	-9999.0000	19.0690	2	0	28.3291	1.0000	09	3	-9999.0000	8700	20223	-9999	2111	2023	-9999	335.6038	5	0.6619	0.6685	-0.0003	52.0392	0.8818	466.3516	420.0864	39.7222	463.4191	95.2778	462.7829	94.4444	465.7048	94.4907	468.0836	94.8843	
24/08/2017	01:12:36	011992	G523099925HLR	L523	S		436.9205	1.0292	6.4447	100.0349	39.9856	0.8430	0.8283	5.0000	18.4329	508.0514	94.9537	20.3596	23.8000	0.9300	0.9199	0.6685	-0.0003	508.0000	507.7325	1.0275	10.4142	99.9680	40.1906	0.8230	0.8284	5.0000	-9999.0000	-9999.0000	-9999.0000	-9999.0000	-9999.0000	-9999.0000	18.9293	3	0	33.1677	1.0000	09	3	-9999.0000	8701	20224	-9999	2112	2024	-9999	336.1960	5	0.6616	0.6685	-0.0003	44.6238	1.2001	474.8111	455.3395	39.7917	473.1241	95.3241	471.1646	94.6991	474.1351	94.6528	477.4350	94.9769	
24/08/2017	01:13:14	011992	G523099909HLR	L523	S		438.3098	1.0292	6.2812	100.0824	39.6516	0.8430	0.8287	5.0000	19.0462	508.0870	94.9074	19.4593	23.9000	0.9300	0.9199	0.6698	-0.0004	508.0000	507.7812	1.0275	10.4085	99.9730	39.7641	0.8230	0.8263	5.0000	-9999.0000	-9999.0000	-9999.0000	-9999.0000	-9999.0000	-9999.0000	20.1684	4	0	38.6987	1.0000	09	3	-9999.0000	8702	20225	-9999	2113	2025	-9999	336.3610	5	0.6608	0.6698	-0.0004	36.7710	1.5545	476.6851	428.4097	39.7685	471.4021	95.6019	473.4251	95.1157	475.9396	94.9769	478.0232	94.9074	
24/08/2017	01:13:43	011992	G523099936HLR	L523	S		440.3185	1.0292	6.0449	100.0662	40.0767	0.8430	0.8292	5.0000	19.8419	508.0458	94.9537	16.6293	23.9000	0.9300	0.9200	0.6698	-0.0004	508.0000	506.3558	1.0275	10.5745	100.1031	39.6000	0.8230	0.8274	5.0000	-9999.0000	-9999.0000	-9999.0000	-9999.0000	-9999.0000	-9999.0000	20.0060	5	0	28.6192	1.0000	09	3	-9999.0000	8703	20226	-9999	2113	2026	-9999	336.5866	5	0.6608	0.6698	-0.0004	36.7710	1.5545	480.5889	436.2752	40.6713	474.4193	95.0926	476.9037	95.7407	480.2868	95.7870	483.4337	95.0231	
24/08/2017	01:14:11	011992	G523099945HLR	L523	S		441.6413	1.0292	5.8893	100.0428	39.9778	0.8430	0.8283	5.0000	18.9095	508.0338	94.9537	17.3392	23.9000	0.9300	0.9200	0.6611	0.0000	508.0000	508.0830	1.0275	10.3734	100.0117	40.1733	0.8230	0.8284	5.0000	-9999.0000	-9999.0000	-9999.0000	-9999.0000	-9999.0000	-9999.0000	19.6280	6	0	27.6397	1.0000	09	3	-9999.0000	8704	20227	-9999	2114	2026	-9999	335.7366	5	0.6612	0.6611	0.0000	48.8894	1.0211	484.8625	431.0380	40.1620	479.3750	94.4676	483.1038	95.5556	484.4743	95.5093	488.0251	94.8148	
24/08/2017	01:14:40	011992	G523099939HLR	L523	S		437.2798	1.0292	6.4024	100.0227	39.5654	0.8430	0.8279	5.0000	20.4190	508.0259	95.0000	22.2492	24.0000	0.9300	0.9200	0.6605	0.0000	508.0000	507.6734	1.0275	10.4211	100.2239	39.7637	0.8230	0.8266	5.0000	-9999.0000	-9999.0000	-9999.0000	-9999.0000	-9999.0000	-9999.0000	19.7258	7	0	29.6190	1.0000	09	3	-9999.0000	8705	20228	-9999	2115	2027	-9999	335.9902	5	0.6612	0.6605	0.0000	48.7926	1.0258	477.8132	434.6643	39.6296	477.4202	94.6528	475.6481	94.6065	477.4643	94.7454	478.9621	95.0231	
24/08/2017	01:15:10	011992	G523096477HLR	L523	S		434.7558	1.0292	6.6993	100.0527	39.8000	0.8430	0.8293	5.0000	18.5335	508.0265	94.9537	27.6484	24.1000	0.9300	0.9200	0.6675	-0.0003	508.0000	509.6069	1.0275	10.1960	100.0201	39.5888	0.8230	0.8271	5.0000	-9999.0000	-9999.0000	-9999.0000	-9999.0000	-9999.0000	-9999.0000	20.4988	8	0	29.3794	1.0000	09	3	-9999.0000	8706	20229	-9999	2115	2028	-9999	336.1273	5	0.6620	0.6675	-0.0003	50.4816	0.9620	473.2983	436.0191	38.7731	469.7102	95.4167	470.6529	94.7685	472.8958	94.6528	475.2597	94.8611	
24/08/2017	01:15:35	011992	G523097579HLR	L523	S		439.8925	1.0292	6.0950	100.0027	40.1589	0.8430	0.8288	5.0000	18.4869	508.0644	94.9537	17.6693	24.1000	0.9300	0.9199	0.6631	-0.0000	508.0000	507.6914	1.0275	10.4190	100.0062	40.1000	0.8230	0.8289	5.0000	-9999.0000	-9999.0000	-9999.0000	-9999.0000	-9999.0000	-9999.0000	19.5387	1	0	25.5678	1.0000	09	3	-9999.0000	8707	20229	-9999	2116	2029	-9999	336.8455	5	0.6624	0.6631	-0.0000	49.5146	1.0078	479.9710	454.9615	38.7269	475.7481	95.2315	476.5459	94.7222	479.4661	94.6759	483.0389	94.8611	
24/08/2017	01:16:09	011992	G523100186HLR	L523	S		442.9170	1.0292	5.7392	100.0781	39.6580	0.8430	0.8282	5.0000	18.6417	508.0199	94.8843	16.7894	24.1000	0.9300	0.9200	0.6631	-0.0000	508.0000	508.9354	1.0275	10.2742	99.9971	40.0585	0.8230	0.8270	5.0000	-9999.0000	-9999.0000	-9999.0000	-9999.0000	-9999.0000	-9999.0000	19.9977	2	0	33.7389	1.0000	09	3	-9999.0000	8708	20230	-9999	2117	2030	-9999	336.5305	5	0.6624	0.6631	-0.0000	49.5146	1.0078	484.9480	452.9466	40.8333	479.9458	94.6991	481.5764	95.6250	484.8478	95.4861	486.4757	95.1620	
24/08/2017	01:16:40	011992	G523100187HLR	L523	S		438.6123	1.0292	6.2456	100.0761	39.8000	0.8430	0.8289	5.0000	20.8862	508.0515	94.9306	18.6693	24.2000	0.9300	0.9200	0.6710	-0.0004	508.0000	506.8716	1.0275	10.5144	100.2097	39.5809	0.8230	0.8264	5.0000	-9999.0000	-9999.0000	-9999.0000	-9999.0000	-9999.0000	-9999.0000	19.4025	3	0	31.2586	1.0000	09	3	-9999.0000	8709	20231	-9999	2118	2031	-9999	336.6409	5	0.6619	0.6710	-0.0004	52.5427	0.8054	480.1746	429.6767	39.1435	474.5616	94.6528	477.3727	94.7917	479.7968	94.6528	482.7088	95.0463	
24/08/2017	01:17:10	011992	G523100188HLR	L523	S		437.9539	1.0292	6.3231	100.0226	40.1222	0.8430	0.8290	5.0000	18.4686	508.0169	94.9074	18.4300	24.2000	0.9300	0.9199	0.6716	-0.0004	508.0000	507.2371	1.0275	10.4719	99.9552	39.9000	0.8230	0.8286	5.0000	-9999.0000	-9999.0000	-9999.0000	-9999.0000	-9999.0000	-9999.0000	19.4480	4	0	29.5693	1.0000	09	3	-9999.0000	8710	20232	-9999	2119	2032	-9999	336.9883	5	0.6621	0.6716	-0.0004	52.5430	0.8054	475.2855	429.9121	37.6620	469.6726	94.9537	471.0572	94.3056	474.7987	94.1435	477.5316	94.8380	
24/08/2017	01:17:39	011992	G523100196HLR	L523	S		443.0978	1.0292	5.7179	100.0216	39.8857	0.8430	0.8282	5.0000	18.6194	508.0246	94.9074	14.5502	24.2000	0.9300	0.9199	0.6716	-0.0004	508.0000	509.1001	1.0275	10.2550	100.0078	40.1814	0.8230	0.8281	5.0000	-9999.0000	-9999.0000	-9999.0000	-9999.0000	-9999.0000	-9999.0000	19.2480	5	0	29.3436	1.0000	09	3	-9999.0000	8711	20233	-9999	2120	2033	-9999	337.9674	5	0.6621	0.6716	-0.0004	52.5430	0.8054	482.8885	425.6550	38.4259	476.5117	95.3241	478.8374	94.7917	482.7125	94.6528	485.1432	94.8148	
24/08/2017	01:18:10	011992	G523100190HLR	L523	S		435.4881	1.0292	6.6132	100.0339	39.6386	0.8430	0.8285	5.0000	18.4386	508.0594	94.9769	22.8293	24.2000	0.9300	0.9200	0.6684	-0.0003	508.0000	507.9153	1.0275	10.3929	100.0690	39.7497	0.8230	0.8265	5.0000	-9999.0000	-9999.0000	-9999.0000	-9999.0000	-9999.0000	-9999.0000	19.4389	6	0	30.9159	1.0000	09	3	-9999.0000	8712	20234	-9999	2121	2034	-9999	335.8125	5	0.6621	0.6684	-0.0003	53.9376	0.7537	474.9005	425.1013	39.2593	468.6373	95.0000	472.1696	95.4167	474.4573	95.3472	477.1897	95.0463	
24/08/2017	01:18:39	011992	G523100204HLR	L523	S		440.4664	1.0292	6.0275	100.0348	39.9523	0.8430	0.8293	5.0000	18.5634	508.0331	94.9074	20.4885	24.1000	0.9300	0.9198	0.6693	-0.0003	508.0000	507.6635	1.0275	10.4222	100.0402	39.6863	0.8230	0.8276	5.0000	-9999.0000	-9999.0000	-9999.0000	-9999.0000	-9999.0000	-9999.0000	19.5725	7	0	28.4277	1.0000	09	3	-9999.0000	8713	20235	-9999	2122	2035	-9999	336.4227	5	0.6626	0.6693	-0.0003	54.5944	0.7384	481.0247	433.2904	40.6019	476.6964	95.3241	477.8218	95.0231	480.6144	95.0926	483.4041	95.0694	
24/08/2017	01:19:10	011992	G523100191HLR	L523	S		441.3395	1.0292	5.9248	100.0254	40.1188	0.8430	0.8286	5.0000	18.4175	508.0339	94.9306	18.5599	24.1000	0.9300	0.9199	0.6693	-0.0003	508.0000	509.4089	1.0275	10.2191	100.0016	40.1701	0.8230	0.8290	5.0000	-9999.0000	-9999.0000	-9999.0000	-9999.0000	-9999.0000	-9999.0000	19.9965	8	0	31.3389	1.0000	09	3	-9999.0000	8714	20236	-9999	2123	2036	-9999	337.1171	5	0.6634	0.6693	-0.0003	54.5944	0.7384	479.5956	443.4142	39.0509	474.8860	95.5787	475.5789	95.1620	479.0350	95.2315	481.9656	95.0694	
24/08/2017	01:19:48	011992	G523100202HLR	L523	S		441.4281	1.0292	5.9143	100.0022	39.6697	0.8430	0.8282	5.0000	18.9758	508.0239	94.9537	18.4193	24.0000	0.9300	0.9198	0.6672	-0.0002	508.0000	510.1874	1.0275	10.1284	99.9663	40.0533	0.8230	0.8273	5.0000	-9999.0000	-9999.0000	-9999.0000	-9999.0000	-9999.0000	-9999.0000	19.5265	1	0	37.7905	1.0000	09	3	-9999.0000	8715	20237	-9999	2124	2037	-9999	336.9166	5	0.6629	0.6672	-0.0002	53.2121	0.8335	479.9137	343.3012	39.9074	472.0677	95.0694	475.4661	95.1852	479.4928	95.2778	482.0059	95.0694	
24/08/2017	01:20:17	011992	G523100192HLR	L523	S		441.8123	1.0292	5.8691	99.9843	39.8922	0.8430	0.8291	5.0000	18.8597	508.0618	94.9074	19.4094	24.0000	0.9300	0.9199	0.6698	-0.0003	508.0000	509.4113	1.0275	10.2188	99.9640	39.5593	0.8230	0.8265	5.0000	-9999.0000	-9999.0000	-9999.0000	-9999.0000	-9999.0000	-9999.0000	19.7188	2	0	29.3791	1.0000	09	3	-9999.0000	8716	20238	-9999	2125	2038	-9999	336.7478	5	0.6632	0.6698	-0.0003	55.7108	0.6948	482.2972	451.4643	40.7176	477.0912	94.9306	478.3155	95.0463	481.9038	94.9537	483.5829	95.0000	
24/08/2017	01:20:51	011992	G523100225HLR	L523	S		443.7570	1.0292	5.6404	100.1049	40.1169	0.8430	0.8289	5.0000	18.9942	508.0603	94.9306	17.0990	23.9000	0.9300	0.9198	0.6698	-0.0003	508.0000	510.2184	1.0275	10.1248	99.9589	40.0762	0.8230	0.8294	5.0000	-9999.0000	-9999.0000	-9999.0000	-9999.0000	-9999.0000	-9999.0000	19.3045	3	0	33.8959	1.0000	09	3	-9999.0000	8717	20239	-9999	2126	2039	-9999	337.3268	5	0.6632	0.6698	-0.0003	55.7108	0.6948	481.3929	293.3217	40.1620	475.4054	95.3935	476.9357	94.8611	481.1644	94.6528	483.2432	94.8611	
24/08/2017	01:21:20	011992	G523100213HLR	L523	S		440.7999	1.0292	5.9882	100.0148	39.7890	0.8430	0.8282	5.0000	19.1995	508.0900	94.8148	20.2395	23.9000	0.9300	0.9199	0.6668	-0.0003	508.0000	509.8906	1.0275	10.1630	99.9885	40.1586	0.8230	0.8277	5.0000	-9999.0000	-9999.0000	-9999.0000	-9999.0000	-9999.0000	-9999.0000	19.8237	4	0	29.7196	1.0000	09	3	-9999.0000	8718	20240	-9999	2127	2039	-9999	336.5917	5	0.6620	0.6668	-0.0003	55.8676	0.6736	479.9286	367.3164	37.3148	472.5884	94.6759	475.8535	95.7639	479.5441	95.6713	481.7158	94.6991	
24/08/2017	01:21:55	011992	G523100208HLR	L523	S		434.5648	1.0292	6.7218	100.0243	39.7198	0.8430	0.8287	5.0000	18.7289	508.0350	94.9537	26.7197	23.8000	0.9300	0.9199	0.6597	0.0001	508.0000	509.3193	1.0275	10.2295	99.9836	39.6373	0.8230	0.8267	5.0000	-9999.0000	-9999.0000	-9999.0000	-9999.0000	-9999.0000	-9999.0000	19.4154	5	0	33.8485	1.0000	09	3	-9999.0000	8719	20241	-9999	2128	2040	-9999	335.3541	5	0.6614	0.6597	0.0001	52.1057	0.8365	469.0615	429.0044	37.2685	465.2050	95.2315	465.4343	94.5139	468.5663	94.4444	471.4919	94.7917	
24/08/2017	01:22:27	011992	G523100214HLR	L523	S		440.9369	1.0292	5.9721	100.0445	40.1000	0.8430	0.8292	5.0000	18.5379	508.0125	94.9074	17.7288	23.7000	0.9300	0.9198	0.6597	0.0001	508.0000	507.6346	1.0275	10.4256	100.0262	39.8000	0.8230	0.8284	5.0000	-9999.0000	-9999.0000	-9999.0000	-9999.0000	-9999.0000	-9999.0000	19.2489	6	0	32.3905	1.0000	09	3	-9999.0000	8720	20241	-9999	2129	2041	-9999	335.9269	5	0.6614	0.6597	0.0001	66.3260	0.0693	483.3146	473.8204	37.6389	479.8849	95.1852	481.6457	94.8148	483.1060	94.7454	485.1676	94.8843	
24/08/2017	01:22:55	011992	G523100218HLR	L523	S		438.7208	1.0292	6.2329	99.9959	39.8263	0.8430	0.8281	5.0000	18.6114	508.0322	94.9769	22.4191	23.7000	0.9300	0.9199	0.6656	-0.0003	508.0000	509.7562	1.0275	10.1786	99.9910	40.1974	0.8230	0.8286	5.0000	-9999.0000	-9999.0000	-9999.0000	-9999.0000	-9999.0000	-9999.0000	19.3075	7	0	28.1476	1.0000	09	3	-9999.0000	8720	20242	-9999	2130	2042	-9999	336.1498	5	0.6609	0.6656	-0.0003	55.6378	0.6590	482.0255	440.7231	37.9398	476.3647	94.6065	479.5023	95.7407	481.5497	95.6944	484.5229	94.7222	
24/08/2017	01:23:23	011992	G523100212HLR	L523	S		437.9853	1.0292	6.3194	100.0484	39.6200	0.8430	0.8287	5.0000	18.6540	508.0433	94.7917	18.7493	23.6000	0.9300	0.9199	0.6655	-0.0003	508.0000	508.9474	1.0275	10.2728	100.0076	39.7729	0.8230	0.8267	5.0000	-9999.0000	-9999.0000	-9999.0000	-9999.0000	-9999.0000	-9999.0000	19.4287	8	0	27.7540	1.0000	09	3	-9999.0000	8721	20243	-9999	2131	2043	-9999	335.8075	5	0.6602	0.6655	-0.0003	51.6563	0.8639	479.0516	433.3802	35.6944	470.6860	94.6528	474.0341	95.1620	478.5670	95.1852	480.2182	95.0231	
24/08/2017	01:23:54	011992	G523100232HLR	L523	S		438.5743	1.0292	6.2501	100.0503	40.1392	0.8430	0.8294	5.0000	18.7688	508.0632	94.9769	23.0090	23.7000	0.9300	0.9200	0.6671	-0.0003	508.0000	509.2198	1.0275	10.2411	100.1841	39.5818	0.8230	0.8272	5.0000	-9999.0000	-9999.0000	-9999.0000	-9999.0000	-9999.0000	-9999.0000	20.4380	1	0	31.2279	1.0000	09	3	-9999.0000	8722	20244	-9999	2132	2044	-9999	335.0570	5	0.6605	0.6671	-0.0003	51.0656	0.8848	476.7408	430.2742	37.7083	472.9231	94.4444	473.2038	95.2546	476.6528	95.2546	479.4434	95.0231	
24/08/2017	01:24:28	011992	G523100223HLR	L523	S		439.7885	1.0292	6.1072	100.0219	39.9465	0.8430	0.8282	5.0000	18.4989	508.0158	94.8843	21.4484	23.7000	0.9300	0.9200	0.6659	-0.0003	508.0000	510.1063	1.0275	10.1379	99.9923	40.1000	0.8230	0.8291	5.0000	-9999.0000	-9999.0000	-9999.0000	-9999.0000	-9999.0000	-9999.0000	20.1427	2	0	34.3846	1.0000	09	3	-9999.0000	8723	20245	-9999	2132	2045	-9999	335.3592	5	0.6602	0.6659	-0.0003	51.6573	0.8640	476.8985	423.1970	37.5231	470.8252	94.6991	473.3074	94.4213	476.5665	94.3750	478.8339	94.6528	
24/08/2017	01:24:57	011992	G523100220HLR	L523	S		439.1797	1.0292	6.1789	100.0153	39.6140	0.8430	0.8285	5.0000	18.7200	508.0583	94.9306	17.1595	23.7000	0.9300	0.9200	0.6638	-0.0002	508.0000	506.1914	1.0275	10.5936	100.0097	40.1842	0.8230	0.8277	5.0000	-9999.0000	-9999.0000	-9999.0000	-9999.0000	-9999.0000	-9999.0000	19.8025	3	0	29.1991	1.0000	09	3	-9999.0000	8724	20246	-9999	2133	2046	-9999	335.9029	5	0.6599	0.6638	-0.0002	51.4158	0.8739	480.6289	436.8440	36.8750	475.2140	94.8148	476.5409	94.5370	480.4602	94.2593	482.7558	95.0000	
24/08/2017	01:25:30	011992	G523100195HLR	L523	S		440.3747	1.0292	6.0383	100.1033	40.0058	0.8430	0.8293	5.0000	19.5187	508.0072	94.9306	16.6098	23.8000	0.9300	0.9200	0.6638	-0.0002	508.0000	507.2542	1.0275	10.4699	100.2111	39.6601	0.8230	0.8268	5.0000	-9999.0000	-9999.0000	-9999.0000	-9999.0000	-9999.0000	-9999.0000	19.2539	4	0	32.8885	1.0000	09	3	-9999.0000	8725	20247	-9999	2134	2046	-9999	335.5492	5	0.6599	0.6638	-0.0002	51.4158	0.8739	480.3604	430.5678	39.2361	475.8314	94.8611	475.9704	94.4213	479.8065	94.3287	483.4514	94.9074	
24/08/2017	01:26:02	011992	G523100222HLR	L523	S		439.4581	1.0292	6.1461	100.0456	40.0365	0.8430	0.8284	5.0000	19.2381	508.0246	94.9306	19.7893	23.8000	0.9300	0.9201	0.6713	-0.0006	508.0000	508.5585	1.0275	10.3181	99.9331	39.8000	0.8230	0.8283	5.0000	-9999.0000	-9999.0000	-9999.0000	-9999.0000	-9999.0000	-9999.0000	19.4289	5	0	31.7722	1.0000	09	3	-9999.0000	8726	20248	-9999	2135	2046	-9999	335.4722	5	0.6593	0.6713	-0.0006	71.7095	-0.0451	478.5210	402.6628	40.0231	473.7015	94.7685	473.9566	95.3935	477.8910	95.4167	479.7191	94.9537	
24/08/2017	01:26:34	011992	G523100156HLR	L523	S		436.0898	1.0292	6.5424	100.0022	39.6223	0.8430	0.8280	5.0000	19.6824	508.0272	95.0000	23.2599	23.9000	0.9300	0.9201	0.6759	-0.0008	508.0000	506.5159	1.0275	10.5558	100.0864	40.2669	0.8230	0.8290	5.0000	-9999.0000	-9999.0000	-9999.0000	-9999.0000	-9999.0000	-9999.0000	19.2760	6	0	31.3261	1.0000	09	3	-9999.0000	8727	20249	-9999	2135	2047	-9999	334.1959	5	0.6596	0.6759	-0.0008	71.7093	-0.0451	469.6507	451.1097	39.3981	467.9871	95.2083	466.3909	94.8148	469.3556	94.8148	472.1790	94.8380	
24/08/2017	01:27:03	011992	G523100229HLR	L523	S		440.7922	1.0292	5.9892	100.0312	39.8002	0.8430	0.8292	5.0000	18.5291	508.0628	94.8843	17.8197	23.9000	0.9300	0.9200	0.6747	-0.0008	508.0000	508.2365	1.0275	10.3555	100.0201	39.9319	0.8230	0.8270	5.0000	-9999.0000	-9999.0000	-9999.0000	-9999.0000	-9999.0000	-9999.0000	19.3323	7	0	29.5683	1.0000	09	3	-9999.0000	8728	20249	-9999	2136	2048	-9999	336.2652	5	0.6601	0.6747	-0.0008	57.8865	0.5818	475.9859	398.5938	40.3241	469.1729	94.5833	470.1669	95.4398	475.6473	95.4398	477.1652	95.0463	
24/08/2017	01:27:35	011992	G523100165HLR	L523	S		440.0597	1.0292	6.0753	100.0619	40.0946	0.8430	0.8286	5.0000	19.8501	508.0314	94.9769	21.9592	24.0000	0.9300	0.9200	0.6760	-0.0008	508.0000	508.5261	1.0275	10.3218	100.0091	39.5373	0.8230	0.8270	5.0000	-9999.0000	-9999.0000	-9999.0000	-9999.0000	-9999.0000	-9999.0000	19.6992	8	0	32.0887	1.0000	09	3	-9999.0000	8729	20250	-9999	2137	2049	-9999	334.3267	5	0.6600	0.6760	-0.0008	56.1486	0.6452	470.7765	355.6248	39.9306	465.3149	95.0231	466.2666	94.3981	469.9821	94.2130	472.8084	95.0463	
24/08/2017	01:28:08	011992	G523100163HLR	L523	S		436.5705	1.0292	6.4858	100.0547	39.6349	0.8430	0.8279	5.0000	19.6291	508.0338	94.9074	20.9094	24.0000	0.9300	0.9200	0.6719	-0.0006	508.0000	506.9251	1.0275	10.5082	100.0522	40.0609	0.8230	0.8294	5.0000	-9999.0000	-9999.0000	-9999.0000	-9999.0000	-9999.0000	-9999.0000	19.2670	1	0	32.9990	1.0000	09	3	-9999.0000	8730	20251	-9999	2138	2050	-9999	334.8220	5	0.6604	0.6719	-0.0006	56.8542	0.6058	470.9377	418.4812	40.2546	467.9948	95.1852	466.0036	94.5370	470.4940	94.5602	472.4898	94.7917	
24/08/2017	01:28:44	011992	G523100146HLR	L523	S		437.1778	1.0292	6.4144	100.1201	39.8000	0.8430	0.8292	5.0000	18.7877	508.0597	94.9074	20.4494	23.9000	0.9300	0.9200	0.6693	-0.0004	508.0000	507.1550	1.0275	10.4814	100.0206	40.2688	0.8230	0.8280	5.0000	-9999.0000	-9999.0000	-9999.0000	-9999.0000	-9999.0000	-9999.0000	19.7586	2	0	36.1287	1.0000	09	3	-9999.0000	8731	20252	-9999	2139	2051	-9999	335.3320	5	0.6612	0.6693	-0.0004	57.7501	0.5446	474.0393	411.0760	40.0694	469.4821	95.3935	470.5527	94.7454	474.1967	94.5602	477.1413	94.8843	
24/08/2017	01:29:17	011992	G523100153HLR	L523	S		437.1783	1.0292	6.4143	100.0028	40.1244	0.8430	0.8288	5.0000	18.7288	508.0481	94.9074	18.7298	24.0000	0.9300	0.9201	0.6696	-0.0005	508.0000	506.6502	1.0275	10.5402	100.0878	39.6716	0.8230	0.8265	5.0000	-9999.0000	-9999.0000	-9999.0000	-9999.0000	-9999.0000	-9999.0000	19.9699	3	0	32.3893	1.0000	09	3	-9999.0000	8732	20253	-9999	2140	2051	-9999	335.9858	5	0.6600	0.6696	-0.0005	59.4181	0.4552	476.0302	378.2097	40.5093	472.7842	95.5324	472.3281	95.3009	475.7717	95.0463	478.1758	94.8843	
24/08/2017	01:29:48	011992	G523100154HLR	L523	S		435.4951	1.0292	6.6123	100.0724	39.6788	0.8430	0.8280	5.0000	19.4094	508.0343	94.9074	20.5891	24.1000	0.9300	0.9201	0.6692	-0.0004	508.0000	505.9282	1.0275	10.6242	100.0212	39.8000	0.8230	0.8287	5.0000	-9999.0000	-9999.0000	-9999.0000	-9999.0000	-9999.0000	-9999.0000	19.2989	4	0	31.1082	1.0000	09	3	-9999.0000	8733	20254	-9999	2141	2052	-9999	335.1618	5	0.6598	0.6692	-0.0004	59.9147	0.4457	474.7465	445.1949	40.1157	469.1858	95.3009	469.1734	95.9028	474.3390	95.7870	476.7003	95.1620	
24/08/2017	01:30:20	011992	G523100180HLR	L523	S		437.8347	1.0292	6.3371	100.0649	39.7130	0.8430	0.8289	5.0000	19.1487	508.0197	95.0231	22.0490	24.2000	0.9300	0.9201	0.6677	-0.0003	508.0000	507.3966	1.0275	10.4533	99.9969	40.2804	0.8230	0.8286	5.0000	-9999.0000	-9999.0000	-9999.0000	-9999.0000	-9999.0000	-9999.0000	19.7887	5	0	32.7391	1.0000	09	3	-9999.0000	8734	20255	-9999	2142	2053	-9999	334.9488	5	0.6601	0.6677	-0.0003	60.0581	0.4446	475.0168	424.9216	38.8657	473.7423	95.2083	470.8202	94.6991	474.6097	94.4907	477.1971	94.8148	
24/08/2017	01:30:52	011992	G523100179HLR	L523	S		436.1669	1.0292	6.5333	99.9986	40.1174	0.8430	0.8291	5.0000	18.7121	508.0260	94.9074	24.8985	24.3000	0.9300	0.9201	0.6947	-0.0017	508.0000	508.3625	1.0275	10.3409	100.1253	39.9174	0.8230	0.8270	5.0000	-9999.0000	-9999.0000	-9999.0000	-9999.0000	-9999.0000	-9999.0000	19.2730	6	0	31.6893	1.0000	09	3	-9999.0000	8735	20256	-9999	2143	2054	-9999	334.9310	5	0.6608	0.6947	-0.0017	57.4175	0.6047	472.1459	444.5223	39.7222	470.5127	95.4861	469.7814	95.0000	471.9526	94.8148	474.8117	94.8843	
24/08/2017	01:31:26	011992	G523100155HLR	L523	S		436.9143	1.0292	6.4454	100.0632	39.7661	0.8430	0.8280	5.0000	19.9797	508.0609	94.9074	21.5890	24.3000	0.9300	0.9200	0.6954	-0.0017	508.0000	505.7313	1.0275	10.6471	99.9686	39.6000	0.8230	0.8275	5.0000	-9999.0000	-9999.0000	-9999.0000	-9999.0000	-9999.0000	-9999.0000	19.3048	7	0	33.3291	1.0000	09	3	-9999.0000	8736	20257	-9999	2144	2055	-9999	334.7730	5	0.6609	0.6954	-0.0017	61.6852	0.4151	461.3929	445.1723	40.6944	456.6534	95.8333	458.5170	95.0463	460.9188	94.8380	463.8163	94.9306	
24/08/2017	01:31:58	011992	G523101433HLR	L523	S		435.2363	1.0292	6.6428	100.1000	39.7196	0.8430	0.8289	5.0000	20.4298	508.0439	94.8843	20.2093	24.3000	0.9300	0.9200	0.6807	-0.0009	508.0000	506.6653	1.0275	10.5384	100.1116	40.1160	0.8230	0.8295	5.0000	-9999.0000	-9999.0000	-9999.0000	-9999.0000	-9999.0000	-9999.0000	19.2208	8	0	32.4383	1.0000	09	3	-9999.0000	8737	20258	-9999	2145	2056	-9999	336.0726	5	0.6615	0.6807	-0.0009	68.2965	0.0814	460.6351	415.5382	38.8889	453.8658	95.7176	455.5684	95.6250	459.9033	95.3704	462.9574	95.0926	
24/08/2017	01:32:31	011992	G523101425HLR	L523	S		435.5321	1.0292	6.6080	100.0409	40.1000	0.8430	0.8289	5.0000	19.7795	508.0390	94.9769	21.8586	24.4000	0.9300	0.9200	0.6763	-0.0007	508.0000	505.0732	1.0275	10.7238	99.9367	40.2060	0.8230	0.8276	5.0000	-9999.0000	-9999.0000	-9999.0000	-9999.0000	-9999.0000	-9999.0000	19.1332	1	0	32.9496	1.0000	09	3	-9999.0000	8738	20259	-9999	2146	2057	-9999	335.4414	5	0.6611	0.6763	-0.0007	61.0735	0.4463	464.6180	421.3139	37.5231	462.6966	95.1389	461.9514	94.5370	464.5582	94.3750	467.7856	94.9306	
24/08/2017	01:33:04	011992	G523101437HLR	L523	S		434.7722	1.0292	6.6974	100.0258	39.8287	0.8430	0.8282	5.0000	18.5374	508.0609	94.8843	20.7395	24.5000	0.9300	0.9200	0.6773	-0.0007	508.0000	506.2449	1.0275	10.5874	100.0035	39.6471	0.8230	0.8266	5.0000	-9999.0000	-9999.0000	-9999.0000	-9999.0000	-9999.0000	-9999.0000	19.2866	2	0	32.9677	1.0000	09	3	-9999.0000	8739	20259	-9999	2147	2058	-9999	336.1597	5	0.6613	0.6773	-0.0007	61.6545	0.3918	469.0371	387.8205	38.1019	466.2520	95.2546	464.9665	94.7454	468.5094	94.7917	472.9876	94.9537	
24/08/2017	01:33:37	011992	G523101424HLR	L523	S		433.9405	1.0292	6.7952	100.0098	39.7128	0.8430	0.8288	5.0000	18.5074	508.0398	95.0000	22.5392	24.6000	0.9300	0.9200	0.6816	-0.0009	508.0000	506.9841	1.0275	10.5013	100.0375	39.8076	0.8230	0.8274	5.0000	-9999.0000	-9999.0000	-9999.0000	-9999.0000	-9999.0000	-9999.0000	28.0598	3	0	33.1286	1.0000	09	3	-9999.0000	8739	20260	-9999	2148	2058	-9999	335.6518	5	0.6613	0.6816	-0.0009	64.2250	0.2862	467.8875	441.6163	38.9815	461.3150	95.5093	463.8860	95.1620	467.2923	95.1852	470.1359	94.9537	
24/08/2017	01:34:12	011992	G523101423HLR	L523	Q		434.1073	1.0292	6.7756	100.0342	40.0559	0.8430	0.8292	5.0000	19.1135	508.0250	94.8843	21.6096	24.6000	0.9300	0.9200	0.6825	-0.0009	508.0000	507.0008	1.0275	10.4994	100.1027	40.2096	0.8230	0.8286	5.0000	-9999.0000	-9999.0000	-9999.0000	-9999.0000	-9999.0000	-9999.0000	19.5686	4	0	34.9988	1.0000	09	3	-9999.0000	8740	20261	-9999	2149	2059	-9999	336.1464	5	0.6616	0.6825	-0.0009	48.5453	0.9507	465.9775	412.8195	37.4537	459.4975	95.1852	461.4167	94.9537	465.4120	94.6528	468.3234	94.8148	
24/08/2017	01:34:46	011992	G523101432HLR	L523	Q		434.7180	1.0292	6.7038	100.0018	39.8824	0.8430	0.8283	5.0000	18.4009	508.0329	94.9537	22.1886	24.6000	0.9300	0.9199	0.6856	-0.0011	508.0000	506.3883	1.0275	10.5707	99.9885	39.9615	0.8230	0.8269	5.0000	-9999.0000	-9999.0000	-9999.0000	-9999.0000	-9999.0000	-9999.0000	19.6934	5	0	34.0192	1.0000	09	3	-9999.0000	8741	20262	-9999	2150	2060	-9999	336.0304	5	0.6624	0.6856	-0.0011	66.0953	0.2117	464.8686	416.5187	39.0278	459.8943	95.6481	460.9632	95.1389	464.7582	94.8148	467.9534	94.9537	
24/08/2017	01:35:18	011992	G523101406HLR	L523	S		437.9127	1.0292	6.3279	100.0004	39.6715	0.8430	0.8287	5.0000	18.5072	508.0424	94.9306	22.0598	24.6000	0.9300	0.9198	0.6856	-0.0011	508.0000	508.1664	1.0275	10.3637	100.0106	39.6000	0.8230	0.8273	5.0000	-9999.0000	-9999.0000	-9999.0000	-9999.0000	-9999.0000	-9999.0000	19.4685	6	0	32.1591	1.0000	09	3	-9999.0000	8742	20262	-9999	2151	2061	-9999	336.3770	5	0.6624	0.6856	-0.0011	66.0953	0.2117	467.7078	439.9192	37.6852	460.4884	95.7176	464.4508	95.8102	467.4917	95.6713	469.1700	95.1157	
24/08/2017	01:35:47	011992	G523101426HLR	L523	S		435.1625	1.0292	6.6515	100.0042	40.1000	0.8430	0.8293	5.0000	18.4797	508.0267	95.0000	22.3693	24.6000	0.9300	0.9198	0.6735	-0.0005	508.0000	506.8700	1.0275	10.5146	99.9230	40.1000	0.8230	0.8293	5.0000	-9999.0000	-9999.0000	-9999.0000	-9999.0000	-9999.0000	-9999.0000	19.5465	7	0	29.2284	1.0000	09	3	-9999.0000	8742	20263	-9999	2152	2062	-9999	336.5948	5	0.6633	0.6735	-0.0005	55.2674	0.7963	471.2018	425.7468	36.9676	465.2141	95.5787	466.5848	94.7917	470.6035	95.0000	473.3114	95.0694	
24/08/2017	01:36:20	011992	G523101416HLR	L523	S		433.3357	1.0292	6.8664	100.0142	39.9259	0.8430	0.8283	5.0000	18.5766	508.0211	94.9537	24.0997	24.5000	0.9300	0.9198	0.6804	-0.0008	508.0000	507.9759	1.0275	10.3859	99.9924	40.1497	0.8230	0.8275	5.0000	-9999.0000	-9999.0000	-9999.0000	-9999.0000	-9999.0000	-9999.0000	19.6249	8	0	32.9696	1.0000	09	3	-9999.0000	8743	20264	-9999	2153	2063	-9999	336.3156	5	0.6633	0.6804	-0.0008	61.1576	0.4914	470.8844	426.7200	36.9907	465.4166	94.9306	467.7959	94.8380	470.7538	94.7917	473.5528	94.9537	
24/08/2017	01:36:55	011992	G523101421HLR	L523	S		435.2014	1.0292	6.6469	100.0151	39.6329	0.8430	0.8286	5.0000	18.4588	508.0118	95.0231	23.3390	24.4000	0.9300	0.9197	0.6867	-0.0011	508.0000	507.4713	1.0275	10.4446	99.9426	39.6417	0.8230	0.8265	5.0000	-9999.0000	-9999.0000	-9999.0000	-9999.0000	-9999.0000	-9999.0000	19.6178	1	0	34.2886	1.0000	09	3	-9999.0000	8744	20264	-9999	2154	2064	-9999	336.3852	5	0.6629	0.6867	-0.0011	65.0434	0.3129	465.2158	408.1432	39.4907	461.7229	94.8380	460.5685	94.9769	464.6783	95.0231	467.4406	94.9537	
24/08/2017	01:37:23	011992	G523100710HLR	L523	S		440.4306	1.0292	6.0317	100.0347	40.1000	0.8430	0.8294	5.0000	18.6995	508.0562	94.8843	21.1887	24.3000	0.9300	0.9197	0.6639	-0.0000	508.0000	510.2442	1.0275	10.1218	99.9642	39.8585	0.8230	0.8288	5.0000	-9999.0000	-9999.0000	-9999.0000	-9999.0000	-9999.0000	-9999.0000	19.3490	2	0	28.2287	1.0000	09	3	-9999.0000	8744	20265	-9999	2155	2065	-9999	337.1359	5	0.6629	0.6639	-0.0000	70.7101	0.0536	468.5328	413.0777	37.0833	460.8738	95.0000	465.7426	94.7685	468.2685	94.6296	471.4812	94.8611	
24/08/2017	01:37:56	011992	G523100739HLR	L523	S		437.2270	1.0292	6.4086	99.9889	39.9032	0.8430	0.8283	5.0000	18.3985	508.0479	94.9306	18.5091	24.3000	0.9300	0.9197	0.6714	-0.0004	508.0000	506.3590	1.0275	10.5741	100.0438	40.2583	0.8230	0.8283	5.0000	-9999.0000	-9999.0000	-9999.0000	-9999.0000	-9999.0000	-9999.0000	19.6592	3	0	32.7088	1.0000	09	3	-9999.0000	8745	20266	-9999	2156	2066	-9999	336.9209	5	0.6629	0.6714	-0.0004	44.6062	1.2286	482.4561	420.7326	38.4259	473.9476	95.0926	478.5803	96.3426	481.9276	95.9259	484.1219	94.9537	
24/08/2017	01:38:27	011992	G523101401HLR	L523	S		437.6242	1.0292	6.3619	99.9892	39.6076	0.8430	0.8286	5.0000	18.4055	508.0136	94.9537	22.0793	24.3000	0.9300	0.9198	0.6739	-0.0005	508.0000	507.8775	1.0275	10.3973	99.9958	39.7822	0.8230	0.8266	5.0000	-9999.0000	-9999.0000	-9999.0000	-9999.0000	-9999.0000	-9999.0000	19.4691	4	0	31.5789	1.0000	09	3	-9999.0000	8746	20267	-9999	2157	2067	-9999	336.8583	5	0.6629	0.6739	-0.0005	33.3006	1.7027	477.1606	428.9800	36.6667	467.9510	94.9537	472.6147	95.8565	476.8456	95.9028	477.4335	94.7917	
24/08/2017	01:39:00	011992	G523101435HLR	L523	S		436.5983	1.0292	6.4826	100.0055	40.0000	0.8430	0.8293	5.0000	19.3192	508.0371	94.9769	23.5587	24.2000	0.9300	0.9197	0.6739	-0.0005	508.0000	507.8177	1.0275	10.4043	100.0371	39.6128	0.8230	0.8276	5.0000	-9999.0000	-9999.0000	-9999.0000	-9999.0000	-9999.0000	-9999.0000	20.2310	5	0	32.7986	1.0000	09	3	-9999.0000	8747	20268	-9999	2158	2068	-9999	336.6449	5	0.6623	0.6739	-0.0005	35.2795	1.6123	469.2185	430.9489	37.7778	466.4778	95.1620	466.9367	94.9306	468.9188	95.0463	472.6387	95.0694	
24/08/2017	01:39:33	011992	G523101436HLR	L523	S		442.4793	1.0292	5.7907	100.0454	40.0228	0.8430	0.8284	5.0000	19.0296	508.0279	94.9306	17.1195	24.1000	0.9300	0.9197	0.6739	-0.0005	508.0000	508.1336	1.0275	10.3675	100.0050	40.1938	0.8230	0.8292	5.0000	-9999.0000	-9999.0000	-9999.0000	-9999.0000	-9999.0000	-9999.0000	19.3303	6	0	33.4793	1.0000	09	3	-9999.0000	8748	20269	-9999	2159	2069	-9999	338.1942	5	0.6623	0.6739	-0.0005	35.2795	1.6123	481.9846	441.0852	37.4769	471.5238	94.9074	477.4703	96.2269	480.0692	96.1111	482.9524	94.6528	
24/08/2017	01:40:05	011992	G523100746HLR	L523	S		441.1920	1.0292	5.9421	100.0165	39.5693	0.8430	0.8283	5.0000	18.7616	508.0154	94.9537	21.9093	24.1000	0.9300	0.9198	0.6761	-0.0006	508.0000	510.7855	1.0275	10.0588	100.0398	40.0008	0.8230	0.8270	5.0000	-9999.0000	-9999.0000	-9999.0000	-9999.0000	-9999.0000	-9999.0000	19.6416	7	0	31.5682	1.0000	09	3	-9999.0000	8749	20270	-9999	2160	2070	-9999	337.1720	5	0.6629	0.6761	-0.0006	51.3866	0.9054	472.4056	430.6629	37.7778	469.1502	93.9352	468.2988	93.4722	472.0185	93.5417	474.2362	94.8843	
24/08/2017	01:40:34	011992	G523100723HLR	L523	S		441.2242	1.0292	5.9383	99.9931	39.9000	0.8430	0.8294	5.0000	18.5794	508.0663	94.9074	20.7697	23.9000	0.9300	0.9197	0.6690	-0.0003	508.0000	510.0738	1.0275	10.1417	100.0052	39.5000	0.8230	0.8268	5.0000	-9999.0000	-9999.0000	-9999.0000	-9999.0000	-9999.0000	-9999.0000	19.6108	8	0	29.3594	1.0000	09	3	-9999.0000	8750	20271	-9999	2161	2071	-9999	337.4509	5	0.6630	0.6690	-0.0003	60.2473	0.4669	472.0442	466.8910	38.0787	467.2861	94.4444	467.4259	93.7269	471.7997	93.8194	474.4826	94.7454	
