Data	Timp	Nr. masina	Nr. de serie	Tip	Productie	Comentariu	Pre-masurare Q [ml/min]	Pre-masurare Gain	Pre-masurare Offset Master	Pre-masurare P [bar]	Pre-masurare T [°C]	Pre-masurare Densitate fixa [kg/l]	Pre-masurare densitate masurata [kg/l]	Pre-masurare Timp masurare [s]	Pre-masurare Cycle time [s]	rectificare Q Oprire [ml/min]	rectificare P Oprire [bar]	rectificare Timp rectificare [s]	rectificare T [°C]	rectificare Densitate fixa [kg/l]	rectificare densitate masurata [kg/l]	rectificare Factor de masurare la rectificare	rectificare Factor de corectie a debitului	rectificare Target rectificare	Masurare Q [ml/min]	Masurare Gain	Masurare Offset Master	Masurare P [bar]	Masurare T [°C]	Masurare Densitate fixa [kg/l]	Masurare densitate masurata [kg/l]	Masurare Timp masurare [s]	Masurare Q [ml/min]	Masurare Delta Q [ml/min]	Masurare P [bar]	Masurare BP [bar]	Masurare T [°C]	Masurare Timp masurare [s]	Masurare Cycle time [s]	Nest Nr.	Cod de descarcare	Cycle time [s]	Traceability aktiv	EDM Maschine Nr	EDM Spindle Nr	Honing Rate [r	Station Counter Premeasure	Station Counter Grind	Station Counter Blowout 1	Station Counter Wash	Station Counter Measure	Station Counter Blowout 2	RealGrindQStop	Reg Type	Factor 0	Factor 1	Factor 2	Factor 3	Factor 4	G_StartQV	G_StartQV_1	G_StartQV_2	G_StartQV_3	G_StartQV_4	G_StartQV_5	
27/08/2017	00:18:45	011992	H374125805HLR	L374	S		663.5686	1.0292	10.0000	99.9617	39.3583	0.8430	0.8270	5.0000	18.5686	757.1337	94.8843	31.0096	24.8000	0.9300	0.9471	0.7329	-0.0008	761.0000	852.8678	1.0275	-4.3977	99.9575	39.2964	0.8230	0.8229	5.0000	-9999.0000	-9999.0000	-9999.0000	-9999.0000	-9999.0000	-9999.0000	19.2486	1	2	29.6191	1.0000	05	1	-9999.0000	13605	3784	-9999	1517	1607	-9999	537.2344	5	0.7116	0.7329	-0.0008	135.9555	-1.1434	616.5879	265.6653	33.5648	544.5003	109.7917	599.1977	95.1157	603.7515	95.1157	608.5084	95.1157	
27/08/2017	00:20:19	011992	H374125797HLR	L374	S		660.3249	1.0292	10.0000	100.0214	39.3000	0.8430	0.8275	5.0000	18.9094	761.0728	94.8611	18.6995	25.2000	0.9300	0.9476	0.6534	-0.0008	761.0000	787.5587	1.0275	-2.2360	99.9701	40.6263	0.8230	0.8219	5.0000	-9999.0000	-9999.0000	-9999.0000	-9999.0000	-9999.0000	-9999.0000	20.6475	5	2	25.0185	1.0000	05	1	-9999.0000	13606	3785	-9999	1518	1608	-9999	486.5613	5	0.6299	0.6534	-0.0008	144.1617	-1.2124	681.7420	359.0596	32.9167	604.9106	118.8657	676.9441	95.4398	671.0981	94.8611	675.7945	94.9537	
27/08/2017	00:22:47	011992	H374125785HLR	L374	S		663.3456	1.0292	10.0000	99.9667	39.2920	0.8430	0.8270	5.0000	19.5616	761.1459	94.9306	14.0795	25.4000	0.9300	0.9480	0.6339	-0.0008	761.0000	769.2713	1.0275	-2.6932	100.0247	39.8363	0.8230	0.8234	5.0000	-9999.0000	-9999.0000	-9999.0000	-9999.0000	-9999.0000	-9999.0000	23.2685	1	2	23.4690	1.0000	05	1	-9999.0000	13607	3786	-9999	1519	1609	-9999	474.4975	5	0.6189	0.6339	-0.0008	146.4486	-1.2317	706.8298	379.0132	34.3750	622.5968	116.7130	703.4906	95.6019	697.2570	94.9769	703.5884	94.9306	
27/08/2017	00:24:07	011992	H374125777HLR	L374	S		664.9376	1.0292	10.0000	99.9663	39.2759	0.8430	0.8268	5.0000	18.6590	761.2062	94.9306	12.6499	25.5000	0.9300	0.9481	0.6283	-0.0008	761.0000	761.4253	1.0275	-2.8894	99.8850	39.4265	0.8230	0.8223	5.0000	-9999.0000	-9999.0000	-9999.0000	-9999.0000	-9999.0000	-9999.0000	20.4592	5	0	14.9389	1.0000	05	1	-9999.0000	13608	3787	-9999	1520	1610	-9999	471.0755	5	0.6171	0.6283	-0.0008	147.1464	-1.2375	705.6474	399.7408	36.4815	639.5187	113.4259	702.6956	95.6713	702.9506	95.1389	708.4785	94.9769	
27/08/2017	00:27:20	011992	H374123592HLR	L374	S		662.2746	1.0292	10.0000	99.9497	39.9762	0.8430	0.8280	5.0000	18.8701	761.1194	94.9306	13.7690	25.4000	0.9300	0.9477	0.6283	-0.0008	761.0000	760.8334	1.0275	-2.9042	99.8299	39.3200	0.8230	0.8229	5.0000	-9999.0000	-9999.0000	-9999.0000	-9999.0000	-9999.0000	-9999.0000	19.9787	1	0	23.6787	1.0000	05	1	-9999.0000	13609	3788	-9999	1521	1611	-9999	470.3360	5	0.6179	0.6283	-0.0008	147.1680	-1.2377	653.6147	347.7667	32.9861	628.8774	94.7222	689.7866	95.5787	697.2808	95.0000	702.5743	95.1157	
27/08/2017	00:28:54	011992	H374125775HLR	L374	S		666.4747	1.0292	10.0000	99.9393	39.7000	0.8430	0.8276	5.0000	19.1443	761.0958	94.9074	12.7192	25.4000	0.9300	0.9480	0.6283	-0.0008	761.0000	762.7679	1.0275	-2.8558	99.9130	40.8603	0.8230	0.8229	5.0000	-9999.0000	-9999.0000	-9999.0000	-9999.0000	-9999.0000	-9999.0000	20.4498	5	0	23.9191	1.0000	05	1	-9999.0000	13610	3789	-9999	1522	1612	-9999	470.9122	5	0.6180	0.6283	-0.0008	32.3729	5.0688	662.6390	409.4610	34.0278	637.8262	95.4398	694.8617	95.2546	702.4335	95.1389	709.2705	95.0694	
27/08/2017	00:30:29	011992	H374125781HLR	L374	S		665.7782	1.0292	10.0000	100.0080	39.5000	0.8430	0.8275	5.0000	18.6897	761.1563	94.8843	12.9888	25.2000	0.9300	0.9478	0.6283	-0.0008	761.0000	764.3388	1.0275	-2.8165	99.8836	39.8315	0.8230	0.8251	5.0000	-9999.0000	-9999.0000	-9999.0000	-9999.0000	-9999.0000	-9999.0000	20.2434	1	0	24.0635	1.0000	05	1	-9999.0000	13611	3790	-9999	1523	1613	-9999	470.8414	5	0.6179	0.6283	-0.0008	31.7614	5.0961	664.9138	408.2383	35.8565	638.6562	95.2083	696.2530	95.2778	705.7698	95.1157	707.8600	94.9074	
27/08/2017	00:31:54	011992	H374125783HLR	L374	S		658.2007	1.0292	10.0000	99.9988	39.3104	0.8430	0.8270	5.0000	19.6992	761.1238	94.8843	13.2387	25.1000	0.9300	0.9480	0.6283	-0.0008	761.0000	762.4996	1.0275	-2.8625	100.0046	40.0589	0.8230	0.8225	5.0000	-9999.0000	-9999.0000	-9999.0000	-9999.0000	-9999.0000	-9999.0000	20.3084	5	0	14.9087	1.0000	05	1	-9999.0000	13612	3791	-9999	1524	1614	-9999	470.6621	5	0.6175	0.6283	-0.0008	31.0058	5.1861	688.7019	418.0168	35.1389	652.7148	95.6713	690.8208	94.8843	697.0864	95.1389	704.1458	95.0694	
27/08/2017	00:35:06	011992	H374125793HLR	L374	S		658.2886	1.0292	10.0000	99.9578	39.4228	0.8430	0.8258	5.0000	20.1886	761.0890	94.8843	13.9897	24.9000	0.9300	0.9480	0.6283	-0.0008	761.0000	762.9285	1.0275	-2.8518	99.9215	39.5559	0.8230	0.8244	5.0000	-9999.0000	-9999.0000	-9999.0000	-9999.0000	-9999.0000	-9999.0000	19.7995	5	0	24.9191	1.0000	05	1	-9999.0000	13614	3792	-9999	1526	1615	-9999	470.1595	5	0.6175	0.6283	-0.0008	30.8639	5.1990	651.3935	354.4879	33.7269	628.1410	93.5880	686.5691	95.6250	695.9132	94.9537	701.3864	95.1852	
27/08/2017	00:35:56	011992	H374125770HLR	L374	S		656.5404	1.0292	10.0000	99.9611	40.1000	0.8430	0.8277	5.0000	20.9188	761.1388	94.8843	13.1187	24.9000	0.9300	0.9479	0.6283	-0.0008	761.0000	762.6313	1.0275	-2.8592	99.9107	40.8359	0.8230	0.8272	5.0000	-9999.0000	-9999.0000	-9999.0000	-9999.0000	-9999.0000	-9999.0000	21.2782	7	0	24.8894	1.0000	05	1	-9999.0000	13615	3793	-9999	1527	1616	-9999	470.7315	5	0.6175	0.6283	-0.0008	30.8639	5.1990	653.1192	383.9982	33.2639	629.2594	94.4907	691.4908	94.9769	696.5889	94.6991	705.0780	95.0926	
27/08/2017	00:36:44	011992	H374125800HLR	L374	S		661.5613	1.0292	10.0000	100.0697	39.5315	0.8430	0.8263	5.0000	18.7893	761.1362	94.9074	12.9194	25.0000	0.9300	0.9479	0.6283	-0.0008	761.0000	761.5422	1.0275	-2.8864	99.8679	40.0417	0.8230	0.8226	5.0000	-9999.0000	-9999.0000	-9999.0000	-9999.0000	-9999.0000	-9999.0000	20.1289	1	0	24.7890	1.0000	05	1	-9999.0000	13616	3794	-9999	1527	1617	-9999	470.8325	5	0.6173	0.6283	-0.0008	29.5160	5.3239	657.4624	390.5702	33.0093	633.9348	94.6296	691.2210	95.1620	696.5324	95.0231	702.7670	95.0231	
27/08/2017	00:37:34	011992	H374125801HLR	L374	S		664.7933	1.0292	10.0000	100.0282	40.1000	0.8430	0.8281	5.0000	19.1289	761.2074	94.9537	13.2592	25.0000	0.9300	0.9481	0.6283	-0.0008	761.0000	764.5678	1.0275	-2.8108	99.9474	39.9659	0.8230	0.8257	5.0000	-9999.0000	-9999.0000	-9999.0000	-9999.0000	-9999.0000	-9999.0000	21.0210	3	0	24.9044	1.0000	05	1	-9999.0000	13617	3795	-9999	1528	1618	-9999	470.7266	5	0.6173	0.6283	-0.0008	30.2236	5.2757	655.6210	401.9091	32.8472	634.0277	94.8611	693.1438	95.3009	699.7671	94.9537	705.3684	95.0926	
27/08/2017	00:38:23	011992	H374125776HLR	L374	S		658.7376	1.0292	10.0000	99.9743	39.5054	0.8430	0.8261	5.0000	19.6898	761.1541	94.8843	12.7896	25.1000	0.9300	0.9482	0.6283	-0.0008	761.0000	760.8195	1.0275	-2.9045	99.8820	40.3475	0.8230	0.8253	5.0000	-9999.0000	-9999.0000	-9999.0000	-9999.0000	-9999.0000	-9999.0000	20.0086	5	0	25.5294	1.0000	05	1	-9999.0000	13618	3796	-9999	1529	1619	-9999	470.9482	5	0.6174	0.6283	-0.0008	33.2497	5.0882	689.0100	424.5208	34.0046	642.4702	95.3704	691.5561	94.0972	698.1186	95.4167	704.5827	95.0000	
27/08/2017	00:39:12	011992	H374125794HLR	L374	S		656.8610	1.0292	10.0000	99.9946	40.1000	0.8430	0.8283	5.0000	18.6466	761.0939	94.8380	13.3686	25.1000	0.9300	0.9481	0.6283	-0.0008	761.0000	759.8821	1.0275	-2.9279	99.8929	39.9541	0.8230	0.8248	5.0000	-9999.0000	-9999.0000	-9999.0000	-9999.0000	-9999.0000	-9999.0000	20.4471	7	0	24.8592	1.0000	05	1	-9999.0000	13619	3797	-9999	1530	1620	-9999	470.5227	5	0.6172	0.6283	-0.0008	31.5421	5.1935	661.2035	424.4369	36.0417	639.1145	95.3704	687.4710	94.5833	693.4455	95.1852	702.2351	95.1852	
27/08/2017	00:40:01	011992	H374125795HLR	L374	S		661.3024	1.0292	10.0000	99.9470	39.5240	0.8430	0.8262	5.0000	19.4891	761.0833	94.8843	14.7699	25.2000	0.9300	0.9482	0.6170	0.0000	761.0000	764.6286	1.0275	-2.8093	99.8923	40.2499	0.8230	0.8261	5.0000	-9999.0000	-9999.0000	-9999.0000	-9999.0000	-9999.0000	-9999.0000	20.3829	1	0	24.7783	1.0000	05	1	-9999.0000	13620	3798	-9999	1531	1621	-9999	469.9963	5	0.6174	0.6170	0.0000	36.1629	4.8969	673.1632	450.1523	35.5093	651.6450	95.9259	694.7062	95.0694	702.8798	95.3009	705.7365	95.0694	
27/08/2017	00:40:49	011992	H374125790HLR	L374	S		660.0712	1.0292	10.0000	99.9613	40.1489	0.8430	0.8283	5.0000	18.2587	761.1398	94.9306	11.8296	25.3000	0.9300	0.9481	0.6170	0.0000	761.0000	757.6060	1.0275	-2.9848	99.9849	40.1152	0.8230	0.8248	5.0000	-9999.0000	-9999.0000	-9999.0000	-9999.0000	-9999.0000	-9999.0000	19.9875	3	0	24.8385	1.0000	05	1	-9999.0000	13621	3799	-9999	1532	1622	-9999	470.0862	5	0.6176	0.6170	0.0000	37.5924	4.8090	683.1853	448.9995	38.4491	662.6769	95.7407	700.2953	95.1852	710.3502	95.1620	716.2681	94.9537	
27/08/2017	00:41:38	011992	H374125804HLR	L374	S		654.9054	1.0292	10.0000	100.0088	39.5747	0.8430	0.8265	5.0000	18.6942	761.0822	94.9306	13.7993	25.2000	0.9300	0.9481	0.6213	-0.0003	761.0000	759.7523	1.0275	-2.9312	99.9086	40.1010	0.8230	0.8261	5.0000	-9999.0000	-9999.0000	-9999.0000	-9999.0000	-9999.0000	-9999.0000	20.0996	5	0	24.9200	1.0000	05	1	-9999.0000	13622	3800	-9999	1533	1623	-9999	469.8555	5	0.6173	0.6213	-0.0003	45.0058	4.2269	659.9492	401.0578	33.1944	636.1719	94.0509	690.5742	93.9815	698.7657	95.2778	705.5232	95.1157	
27/08/2017	00:42:26	011992	H374125796HLR	L374	S		657.7864	1.0292	10.0000	100.0470	40.1000	0.8430	0.8280	5.0000	19.1484	761.1065	94.9074	12.8003	25.2000	0.9300	0.9481	0.6322	-0.0011	761.0000	759.7164	1.0275	-2.9321	99.9361	40.2285	0.8230	0.8257	5.0000	-9999.0000	-9999.0000	-9999.0000	-9999.0000	-9999.0000	-9999.0000	19.9785	7	0	24.8486	1.0000	05	1	-9999.0000	13623	3801	-9999	1534	1624	-9999	470.5049	5	0.6175	0.6322	-0.0011	55.4970	3.4504	651.7888	390.3860	33.5880	630.6298	94.0972	684.9222	94.4213	693.7014	94.9537	701.1223	95.2315	
27/08/2017	00:43:16	011992	H374125806HLR	L374	S		659.2166	1.0292	10.0000	100.0177	39.5846	0.8430	0.8265	5.0000	18.5892	761.0861	94.9769	12.2193	25.2000	0.9300	0.9480	0.6369	-0.0015	761.0000	760.8305	1.0275	-2.9042	99.9159	40.0685	0.8230	0.8255	5.0000	-9999.0000	-9999.0000	-9999.0000	-9999.0000	-9999.0000	-9999.0000	19.9656	1	0	24.9590	1.0000	05	1	-9999.0000	13624	3802	-9999	1534	1625	-9999	471.2943	5	0.6176	0.6369	-0.0015	61.9447	2.9706	654.1456	397.4537	35.2546	629.6635	94.6065	685.3409	94.0741	694.8985	95.3704	703.3482	95.1157	
27/08/2017	00:44:07	011992	H374123582HLR	L374	S		655.2412	1.0292	10.0000	100.0311	40.1000	0.8430	0.8282	5.0000	18.4283	761.1135	94.8843	13.1802	25.1000	0.9300	0.9480	0.6383	-0.0016	761.0000	759.4999	1.0275	-2.9375	99.9992	40.1940	0.8230	0.8258	5.0000	-9999.0000	-9999.0000	-9999.0000	-9999.0000	-9999.0000	-9999.0000	20.3200	3	0	24.9651	1.0000	05	1	-9999.0000	13625	3803	-9999	1535	1626	-9999	470.3164	5	0.6178	0.6383	-0.0016	67.3122	2.5648	651.7659	404.3303	35.1620	631.5896	94.6991	677.5140	94.7917	687.3342	95.0000	694.1617	95.0231	
27/08/2017	00:44:56	011992	H374125792HLR	L374	S		649.9026	1.0292	10.0000	100.0656	39.5792	0.8430	0.8265	5.0000	18.8582	761.1189	94.8843	13.5991	25.0000	0.9300	0.9480	0.6387	-0.0016	761.0000	760.5335	1.0275	-2.9117	100.0772	40.0599	0.8230	0.8247	5.0000	-9999.0000	-9999.0000	-9999.0000	-9999.0000	-9999.0000	-9999.0000	21.1288	5	0	24.8742	1.0000	05	1	-9999.0000	13626	3804	-9999	1536	1627	-9999	469.8668	5	0.6178	0.6387	-0.0016	76.5169	1.9010	639.1232	393.9808	35.2083	615.7214	94.7222	674.3547	94.2130	684.0618	95.0926	690.7816	95.0926	
27/08/2017	00:45:46	011992	H374125802HLR	L374	S		657.5754	1.0292	10.0000	99.8978	40.1166	0.8430	0.8281	5.0000	18.4887	761.1855	94.8380	12.4692	25.0000	0.9300	0.9481	0.6405	-0.0017	761.0000	761.3869	1.0275	-2.8903	99.9865	40.1234	0.8230	0.8258	5.0000	-9999.0000	-9999.0000	-9999.0000	-9999.0000	-9999.0000	-9999.0000	20.2320	7	0	25.3888	1.0000	05	1	-9999.0000	13627	3805	-9999	1537	1628	-9999	471.3441	5	0.6179	0.6405	-0.0017	72.0413	2.2831	655.7608	417.9615	36.0417	634.2888	95.1852	680.4745	94.2824	691.2146	95.1620	699.5867	95.1157	
27/08/2017	00:46:34	011992	H374125786HLR	L374	S		659.8032	1.0292	10.0000	99.9987	39.5561	0.8430	0.8266	5.0000	18.4790	761.1308	94.8843	11.9497	24.9000	0.9300	0.9480	0.6409	-0.0017	761.0000	761.3698	1.0275	-2.8908	99.9617	40.1950	0.8230	0.8258	5.0000	-9999.0000	-9999.0000	-9999.0000	-9999.0000	-9999.0000	-9999.0000	19.6325	1	0	24.8888	1.0000	05	1	-9999.0000	13628	3806	-9999	1538	1628	-9999	472.1108	5	0.6179	0.6409	-0.0017	74.3735	2.1332	658.7808	421.0373	35.2778	640.1721	95.1157	684.4721	94.5602	693.0054	95.0463	701.3144	95.2315	
27/08/2017	00:47:22	011992	H374125807HLR	L374	S		650.4067	1.0292	10.0000	99.9754	40.1701	0.8430	0.8281	5.0000	18.4388	761.1238	94.7917	14.6088	24.8000	0.9300	0.9480	0.6411	-0.0017	761.0000	761.7969	1.0275	-2.8801	99.9362	40.1108	0.8230	0.8258	5.0000	-9999.0000	-9999.0000	-9999.0000	-9999.0000	-9999.0000	-9999.0000	19.5491	3	0	24.8482	1.0000	05	1	-9999.0000	13629	3807	-9999	1539	1629	-9999	468.6126	5	0.6181	0.6411	-0.0017	82.0798	1.5785	642.6872	419.8075	34.9074	622.7869	95.0000	666.2327	94.1898	676.8071	95.1620	684.4348	95.1157	
27/08/2017	00:48:11	011992	H374123571HLR	L374	S		659.8575	1.0292	10.0000	100.0518	39.5406	0.8430	0.8266	5.0000	18.7993	761.1743	94.7917	12.8296	24.8000	0.9300	0.9481	0.6405	-0.0017	761.0000	766.2122	1.0275	-2.7697	100.0318	40.1776	0.8230	0.8259	5.0000	-9999.0000	-9999.0000	-9999.0000	-9999.0000	-9999.0000	-9999.0000	20.0196	5	0	24.9687	1.0000	05	1	-9999.0000	13630	3808	-9999	1540	1630	-9999	471.0216	5	0.6183	0.6405	-0.0017	83.4568	1.4682	661.6836	416.4220	36.1574	643.6242	95.5556	679.7856	95.4398	694.4880	95.0926	701.3479	94.9769	
27/08/2017	00:48:59	011992	H374125671HLR	L374	S		662.5350	1.0292	10.0000	100.0542	40.1653	0.8430	0.8280	5.0000	18.5188	761.1168	94.8611	13.6392	24.8000	0.9300	0.9481	0.6411	-0.0017	761.0000	763.9897	1.0275	-2.8253	99.9782	40.1333	0.8230	0.8255	5.0000	-9999.0000	-9999.0000	-9999.0000	-9999.0000	-9999.0000	-9999.0000	19.6979	7	0	24.8789	1.0000	05	1	-9999.0000	13631	3809	-9999	1541	1631	-9999	469.9489	5	0.6182	0.6411	-0.0017	66.3757	2.8295	643.0311	415.6632	35.7870	618.5671	94.7454	678.0840	94.1204	683.7723	95.1852	692.4931	95.0463	
27/08/2017	00:49:47	011992	H374125768HLR	L374	S		654.4354	1.0292	10.0000	99.9398	39.5625	0.8430	0.8265	5.0000	19.4491	761.1190	94.8611	13.2290	24.8000	0.9300	0.9482	0.6411	-0.0017	761.0000	762.2530	1.0275	-2.8687	99.9836	40.1715	0.8230	0.8259	5.0000	-9999.0000	-9999.0000	-9999.0000	-9999.0000	-9999.0000	-9999.0000	19.7844	1	0	24.8483	1.0000	05	1	-9999.0000	13632	3810	-9999	1541	1632	-9999	470.5594	5	0.6181	0.6411	-0.0017	68.0256	2.7055	647.4988	416.2295	35.8102	625.3598	94.5833	675.2137	94.2361	685.5443	95.0231	692.4440	95.0231	
27/08/2017	00:50:38	011992	H374125772HLR	L374	S		633.1868	1.0292	10.0000	99.9336	40.1000	0.8430	0.8275	5.0000	20.0391	761.1340	94.8843	12.7691	24.9000	0.9300	0.9483	0.6419	-0.0018	761.0000	762.3198	1.0275	-2.8670	100.0831	40.0104	0.8230	0.8245	5.0000	-9999.0000	-9999.0000	-9999.0000	-9999.0000	-9999.0000	-9999.0000	22.7442	3	0	24.7893	1.0000	05	1	-9999.0000	13633	3811	-9999	1542	1633	-9999	471.0769	5	0.6179	0.6419	-0.0018	72.0278	2.3968	616.2594	413.0082	36.2963	590.9573	94.5602	665.6452	94.6296	685.9221	94.8611	694.4173	95.0463	
27/08/2017	00:51:26	011992	H374125798HLR	L374	S		653.2696	1.0292	10.0000	100.0521	39.6220	0.8430	0.8268	5.0000	18.9302	761.1393	94.8380	13.5395	24.9000	0.9300	0.9483	0.6417	-0.0018	761.0000	762.3589	1.0275	-2.8660	100.0478	40.1671	0.8230	0.8260	5.0000	-9999.0000	-9999.0000	-9999.0000	-9999.0000	-9999.0000	-9999.0000	19.4394	5	0	24.7987	1.0000	05	1	-9999.0000	13634	3812	-9999	1543	1634	-9999	470.1234	5	0.6180	0.6417	-0.0018	68.1888	2.7372	636.7959	391.2197	35.4630	611.6254	94.3981	675.0668	94.1204	684.0856	95.2778	690.6181	95.2546	
27/08/2017	00:52:14	011992	H374125799HLR	L374	S		657.0014	1.0292	10.0000	100.0701	40.1000	0.8430	0.8278	5.0000	18.7991	761.1402	94.8843	13.3599	24.9000	0.9300	0.9482	0.6415	-0.0018	761.0000	762.0972	1.0275	-2.8726	99.9169	40.1675	0.8230	0.8256	5.0000	-9999.0000	-9999.0000	-9999.0000	-9999.0000	-9999.0000	-9999.0000	19.7892	7	0	24.8696	1.0000	05	1	-9999.0000	13635	3813	-9999	1544	1635	-9999	470.2450	5	0.6179	0.6415	-0.0018	70.3846	2.5762	638.6232	381.3780	33.4722	613.8486	94.1667	674.0258	94.2130	683.1746	95.2083	693.2713	94.9769	
27/08/2017	00:53:03	011992	H374125835HLR	L374	S		653.1730	1.0292	10.0000	100.0693	39.6451	0.8430	0.8269	5.0000	18.7992	761.1140	94.7222	13.9194	25.0000	0.9300	0.9483	0.6424	-0.0019	761.0000	761.1540	1.0275	-2.8961	99.9938	40.1477	0.8230	0.8258	5.0000	-9999.0000	-9999.0000	-9999.0000	-9999.0000	-9999.0000	-9999.0000	19.5483	1	0	24.8487	1.0000	05	1	-9999.0000	13636	3814	-9999	1545	1636	-9999	469.3081	5	0.6177	0.6424	-0.0019	65.8021	2.9651	638.0964	401.0951	32.8009	616.1289	94.5833	670.5615	94.8843	679.1018	94.9306	686.5731	95.0463	
27/08/2017	00:53:51	011992	H374125817HLR	L374	S		654.7414	1.0292	10.0000	99.9972	40.1000	0.8430	0.8279	5.0000	18.5189	761.1717	94.8380	13.0894	25.1000	0.9300	0.9483	0.6420	-0.0018	761.0000	760.4206	1.0275	-2.9145	100.0280	40.1541	0.8230	0.8257	5.0000	-9999.0000	-9999.0000	-9999.0000	-9999.0000	-9999.0000	-9999.0000	19.9873	3	0	25.0586	1.0000	05	1	-9999.0000	13637	3815	-9999	1546	1637	-9999	470.5306	5	0.6179	0.6420	-0.0018	53.3276	3.9482	643.0159	407.8858	34.0741	618.1350	95.1852	673.1907	94.2361	683.5185	95.1620	692.1484	95.2315	
27/08/2017	00:54:39	011992	H374125826HLR	L374	S		652.2531	1.0292	10.0000	99.8858	39.6916	0.8430	0.8269	5.0000	18.3090	761.1126	94.8843	13.2593	25.2000	0.9300	0.9483	0.6414	-0.0018	761.0000	759.3370	1.0275	-2.9416	99.9745	40.1936	0.8230	0.8259	5.0000	-9999.0000	-9999.0000	-9999.0000	-9999.0000	-9999.0000	-9999.0000	19.4386	5	0	24.9115	1.0000	05	1	-9999.0000	13638	3816	-9999	1546	1638	-9999	470.2404	5	0.6176	0.6414	-0.0018	59.7800	3.4719	644.5831	405.3089	34.1435	624.3370	95.3009	671.0853	94.4444	682.9923	95.1852	691.0977	95.0926	
27/08/2017	00:55:28	011992	H374125836HLR	L374	S		653.5618	1.0292	10.0000	100.0266	40.0790	0.8430	0.8278	5.0000	18.6575	761.0972	94.8843	13.4389	25.2000	0.9300	0.9483	0.6423	-0.0019	761.0000	759.9020	1.0275	-2.9275	99.9983	40.1118	0.8230	0.8255	5.0000	-9999.0000	-9999.0000	-9999.0000	-9999.0000	-9999.0000	-9999.0000	20.3293	7	0	24.8982	1.0000	05	1	-9999.0000	13639	3817	-9999	1547	1639	-9999	469.9266	5	0.6177	0.6423	-0.0019	56.1367	3.7705	646.1219	432.7677	37.0602	624.4307	95.6944	670.7749	94.6528	683.5313	95.2546	690.7837	95.0694	
27/08/2017	00:56:16	011992	H374125830HLR	L374	S		654.3519	1.0292	10.0000	100.0690	39.7032	0.8430	0.8269	5.0000	18.7005	761.1798	94.8843	13.4487	25.2000	0.9300	0.9483	0.6416	-0.0018	761.0000	760.9556	1.0275	-2.9011	100.0360	40.1369	0.8230	0.8254	5.0000	-9999.0000	-9999.0000	-9999.0000	-9999.0000	-9999.0000	-9999.0000	20.4438	1	0	24.8194	1.0000	05	1	-9999.0000	13640	3818	-9999	1548	1640	-9999	470.0364	5	0.6177	0.6416	-0.0018	57.4639	3.6930	649.6439	435.3459	35.5556	628.3222	95.9028	677.9216	95.4398	689.3008	95.1157	692.6527	94.9074	
27/08/2017	00:57:05	011992	H374125845HLR	L374	S		653.4353	1.0292	10.0000	99.9977	40.0824	0.8430	0.8278	5.0000	18.4163	761.1538	94.8843	13.1791	25.2000	0.9300	0.9480	0.6422	-0.0018	761.0000	759.4285	1.0275	-2.9393	99.8740	40.1511	0.8230	0.8258	5.0000	-9999.0000	-9999.0000	-9999.0000	-9999.0000	-9999.0000	-9999.0000	19.8591	3	0	24.9695	1.0000	05	1	-9999.0000	13641	3819	-9999	1549	1641	-9999	470.6663	5	0.6176	0.6422	-0.0018	59.5980	3.5403	646.1435	424.8327	36.7130	624.2820	95.3935	671.4927	94.5602	683.0705	95.1389	691.6477	95.1852	
27/08/2017	00:57:54	011992	H374125844HLR	L374	S		651.5815	1.0292	10.0000	100.0142	39.6756	0.8430	0.8270	5.0000	18.9485	761.0800	94.9074	13.1694	25.1000	0.9300	0.9481	0.6416	-0.0018	761.0000	760.5249	1.0275	-2.9119	99.9358	40.1627	0.8230	0.8257	5.0000	-9999.0000	-9999.0000	-9999.0000	-9999.0000	-9999.0000	-9999.0000	19.7888	5	0	25.6986	1.0000	05	1	-9999.0000	13642	3820	-9999	1550	1642	-9999	470.3596	5	0.6175	0.6416	-0.0018	59.6509	3.5494	641.3738	378.6580	33.4491	615.9081	93.9352	674.4973	94.0741	685.7377	95.0694	694.4380	95.0926	
27/08/2017	00:58:42	011992	H374125843HLR	L374	S		659.2459	1.0292	10.0000	99.9430	40.0573	0.8430	0.8273	5.0000	20.0890	761.1551	94.9074	13.1401	25.1000	0.9300	0.9480	0.6423	-0.0018	761.0000	762.4154	1.0275	-2.8646	99.9381	40.1265	0.8230	0.8255	5.0000	-9999.0000	-9999.0000	-9999.0000	-9999.0000	-9999.0000	-9999.0000	19.9791	7	0	24.8693	1.0000	05	1	-9999.0000	13643	3821	-9999	1551	1643	-9999	470.4942	5	0.6176	0.6423	-0.0018	61.0362	3.4287	640.1285	384.5911	32.7546	614.9444	93.7037	678.8121	94.3056	688.0561	95.0694	697.6366	95.1620	
27/08/2017	00:59:31	011992	H374125842HLR	L374	S		661.0367	1.0292	10.0000	100.0517	39.7128	0.8430	0.8270	5.0000	18.6982	761.1541	94.7917	14.7797	25.0000	0.9300	0.9481	0.6436	-0.0019	761.0000	764.2192	1.0275	-2.8195	100.0065	40.1317	0.8230	0.8255	5.0000	-9999.0000	-9999.0000	-9999.0000	-9999.0000	-9999.0000	-9999.0000	20.2197	1	0	24.8088	1.0000	05	1	-9999.0000	13644	3822	-9999	1551	1644	-9999	468.1260	5	0.6176	0.6436	-0.0019	62.1542	3.3580	638.8340	418.1093	34.9769	614.2453	94.3287	669.9939	94.6991	677.0941	95.1852	685.6201	95.0000	
27/08/2017	01:00:19	011992	H374125855HLR	L374	S		653.9845	1.0292	10.0000	99.9711	40.0184	0.8430	0.8273	5.0000	19.7893	761.1467	94.8611	13.4194	24.9000	0.9300	0.9481	0.6445	-0.0020	761.0000	761.8069	1.0275	-2.8798	100.0241	40.1673	0.8230	0.8259	5.0000	-9999.0000	-9999.0000	-9999.0000	-9999.0000	-9999.0000	-9999.0000	19.5696	3	0	24.9290	1.0000	05	1	-9999.0000	13645	3823	-9999	1552	1645	-9999	470.1118	5	0.6174	0.6445	-0.0020	67.8963	2.9065	640.7802	420.6936	34.5833	615.9343	94.6759	671.1533	94.0972	680.0092	95.1389	689.1515	95.0463	
27/08/2017	01:01:07	011992	H374125877HLR	L374	S		663.1067	1.0292	10.0000	99.9265	39.7372	0.8430	0.8271	5.0000	18.4298	761.1935	94.8843	11.5396	24.9000	0.9300	0.9480	0.6549	-0.0028	761.0000	763.3409	1.0275	-2.8415	100.0223	40.1720	0.8230	0.8259	5.0000	-9999.0000	-9999.0000	-9999.0000	-9999.0000	-9999.0000	-9999.0000	19.5090	5	0	24.8281	1.0000	05	1	-9999.0000	13646	3824	-9999	1553	1646	-9999	473.9362	5	0.6172	0.6549	-0.0028	123.8019	-1.3122	647.3425	408.8437	34.3750	625.2065	95.1389	675.3701	94.9306	688.3149	95.2315	696.3324	94.9306	
27/08/2017	01:01:56	011992	H374125664HLR	L374	S		655.3246	1.0292	10.0000	100.0218	40.0082	0.8430	0.8276	5.0000	18.4839	761.1903	94.8380	13.2690	24.8000	0.9300	0.9481	0.6598	-0.0032	761.0000	762.4169	1.0275	-2.8646	99.9946	40.1463	0.8230	0.8256	5.0000	-9999.0000	-9999.0000	-9999.0000	-9999.0000	-9999.0000	-9999.0000	19.9280	7	0	25.2688	1.0000	05	1	-9999.0000	13647	3825	-9999	1554	1647	-9999	470.3966	5	0.6173	0.6598	-0.0032	126.6291	-1.5108	633.9529	413.8872	36.1111	614.6150	95.5093	657.8771	95.0231	670.8112	95.2315	679.4698	95.0000	
27/08/2017	01:02:45	011992	H374125676HLR	L374	S		650.3236	1.0292	10.0000	100.0251	39.7403	0.8430	0.8272	5.0000	18.5076	761.1335	94.8843	13.9897	24.7000	0.9300	0.9482	0.6472	-0.0022	761.0000	761.9243	1.0275	-2.8769	100.0300	40.1670	0.8230	0.8260	5.0000	-9999.0000	-9999.0000	-9999.0000	-9999.0000	-9999.0000	-9999.0000	19.4789	1	0	24.9786	1.0000	05	1	-9999.0000	13648	3826	-9999	1555	1648	-9999	469.1101	5	0.6177	0.6472	-0.0022	123.1920	-1.2347	637.3888	409.9357	34.4213	617.2774	95.4167	662.0455	94.4907	672.0368	95.0926	680.7333	95.0000	
27/08/2017	01:03:35	011992	H374125683HLR	L374	S		654.0387	1.0292	10.0000	100.0027	39.9916	0.8430	0.8276	5.0000	18.7786	761.1789	94.8843	13.4399	24.7000	0.9300	0.9481	0.6474	-0.0022	761.0000	762.7904	1.0275	-2.8552	100.0290	40.1442	0.8230	0.8255	5.0000	-9999.0000	-9999.0000	-9999.0000	-9999.0000	-9999.0000	-9999.0000	20.1375	3	0	25.1484	1.0000	05	1	-9999.0000	13649	3827	-9999	1556	1649	-9999	470.0823	5	0.6177	0.6474	-0.0022	122.0032	-1.1507	644.3664	416.7286	37.5463	624.1035	95.5556	667.4867	94.8843	679.6893	95.2546	687.4198	95.0231	
27/08/2017	01:04:24	011992	H374125696HLR	L374	S		654.0503	1.0292	10.0000	99.9891	39.7390	0.8430	0.8270	5.0000	19.0989	761.1240	94.9074	13.8589	24.8000	0.9300	0.9482	0.6518	-0.0026	761.0000	763.6550	1.0275	-2.8336	100.1257	40.1477	0.8230	0.8259	5.0000	-9999.0000	-9999.0000	-9999.0000	-9999.0000	-9999.0000	-9999.0000	19.7959	5	0	25.4482	1.0000	05	1	-9999.0000	13650	3828	-9999	1556	1650	-9999	469.1831	5	0.6175	0.6518	-0.0026	54.9914	3.8912	637.0617	399.0014	35.0694	615.5219	94.4907	664.0356	94.6065	672.6958	94.9306	681.2264	95.0231	
27/08/2017	01:05:15	011992	H374125869HLR	L374	S		653.0857	1.0292	10.0000	99.9429	40.0157	0.8430	0.8276	5.0000	18.5786	761.0941	94.9074	14.0991	24.8000	0.9300	0.9482	0.6515	-0.0025	761.0000	760.5425	1.0275	-2.9114	100.0560	40.1594	0.8230	0.8256	5.0000	-9999.0000	-9999.0000	-9999.0000	-9999.0000	-9999.0000	-9999.0000	21.0088	7	0	25.2892	1.0000	05	1	-9999.0000	13651	3829	-9999	1557	1651	-9999	468.6051	5	0.6175	0.6515	-0.0025	55.4328	3.8579	632.9945	407.4668	35.7176	610.2819	94.4676	661.7155	94.5139	671.5724	94.9537	682.0480	95.0926	
27/08/2017	01:06:06	011992	H374125889HLR	L374	S		652.1379	1.0292	10.0000	99.9826	39.7375	0.8430	0.8271	5.0000	18.8880	761.1478	94.7917	13.3794	24.9000	0.9300	0.9483	0.6538	-0.0027	761.0000	761.1589	1.0275	-2.8960	100.1034	40.2002	0.8230	0.8259	5.0000	-9999.0000	-9999.0000	-9999.0000	-9999.0000	-9999.0000	-9999.0000	19.4611	1	0	27.1128	1.0000	05	1	-9999.0000	13652	3830	-9999	1558	1652	-9999	470.0290	5	0.6173	0.6538	-0.0027	53.6058	4.0116	632.6334	390.2012	34.7685	609.4998	94.3750	664.2954	94.6528	675.3864	95.0000	683.1635	95.1852	
27/08/2017	01:07:17	011992	H374125893HLR	L374	S		652.8047	1.0292	10.0000	100.0229	40.0429	0.8430	0.8276	5.0000	19.1789	761.1047	94.9074	13.7299	25.0000	0.9300	0.9482	0.6532	-0.0027	761.0000	760.5919	1.0275	-2.9102	100.0241	40.1496	0.8230	0.8257	5.0000	-9999.0000	-9999.0000	-9999.0000	-9999.0000	-9999.0000	-9999.0000	20.3291	3	0	25.0089	1.0000	05	1	-9999.0000	13653	3831	-9999	1558	1653	-9999	469.2903	5	0.6173	0.6532	-0.0027	56.0110	3.8260	634.0965	414.0454	36.2037	609.7386	95.3241	659.4386	94.5370	672.7792	95.3241	680.5439	95.0694	
27/08/2017	01:08:06	011992	H374125898HLR	L374	S		660.6035	1.0292	10.0000	100.0054	39.6990	0.8430	0.8269	5.0000	19.9022	761.3048	94.8843	12.9194	25.1000	0.9300	0.9484	0.6525	-0.0026	761.0000	764.2876	1.0275	-2.8178	99.9974	40.2670	0.8230	0.8257	5.0000	-9999.0000	-9999.0000	-9999.0000	-9999.0000	-9999.0000	-9999.0000	19.5986	5	0	25.0195	1.0000	05	1	-9999.0000	13653	3832	-9999	1558	1654	-9999	471.9659	5	0.6172	0.6525	-0.0026	56.1586	3.8277	641.6426	412.2429	34.7222	620.0783	94.3981	671.6594	94.0509	681.7066	95.1852	691.3404	95.1157	
27/08/2017	01:08:59	011992	H374125745HLR	L374	S		651.3577	1.0292	10.0000	99.9939	40.0582	0.8430	0.8275	5.0000	18.8017	761.1267	94.9074	13.6997	25.2000	0.9300	0.9484	0.6508	-0.0025	761.0000	757.8979	1.0275	-2.9776	99.9737	40.0828	0.8230	0.8253	5.0000	-9999.0000	-9999.0000	-9999.0000	-9999.0000	-9999.0000	-9999.0000	20.5490	7	0	26.7995	1.0000	05	1	-9999.0000	13654	3833	-9999	1558	1655	-9999	469.3144	5	0.6171	0.6508	-0.0025	57.0246	3.7574	629.5210	398.8825	34.4444	605.8618	94.0972	665.7486	94.7685	673.9671	95.0926	681.8016	95.0694	
27/08/2017	01:09:49	011992	H374125706HLR	L374	S		658.4116	1.0292	10.0000	99.9825	39.8531	0.8430	0.8272	5.0000	19.5394	761.1470	94.8148	11.9801	25.2000	0.9300	0.9482	0.6493	-0.0024	761.0000	760.2600	1.0275	-2.9185	100.0407	40.2338	0.8230	0.8260	5.0000	-9999.0000	-9999.0000	-9999.0000	-9999.0000	-9999.0000	-9999.0000	19.9751	1	0	25.1898	1.0000	05	2	-9999.0000	13655	3834	-9999	1558	1656	-9999	472.3316	5	0.6170	0.6493	-0.0024	54.7970	3.9195	642.4473	400.4211	36.0185	617.4520	94.4676	679.1376	93.9583	688.3255	95.2083	697.5679	95.3241	
27/08/2017	01:10:37	011992	H374125791HLR	L374	S		662.4758	1.0292	10.0000	100.0411	39.8314	0.8430	0.8266	5.0000	20.6896	761.1439	94.9306	12.5991	25.2000	0.9300	0.9483	0.6484	-0.0023	761.0000	763.1227	1.0275	-2.8469	100.0109	40.1513	0.8230	0.8256	5.0000	-9999.0000	-9999.0000	-9999.0000	-9999.0000	-9999.0000	-9999.0000	19.6687	3	0	25.0390	1.0000	05	2	-9999.0000	13656	3835	-9999	1559	1657	-9999	471.2505	5	0.6171	0.6484	-0.0023	58.8966	3.6016	630.8637	314.2212	35.6019	605.1179	94.5602	674.9707	94.2130	687.6981	95.0000	695.5946	95.0694	
27/08/2017	01:11:27	011992	H374125828HLR	L374	S		664.4255	1.0292	10.0000	100.0771	39.9218	0.8430	0.8275	5.0000	18.8655	761.1906	94.8148	11.6392	25.2000	0.9300	0.9480	0.6501	-0.0025	761.0000	760.7046	1.0275	-2.9074	100.1610	40.1333	0.8230	0.8260	5.0000	-9999.0000	-9999.0000	-9999.0000	-9999.0000	-9999.0000	-9999.0000	19.9034	5	0	25.2295	1.0000	05	2	-9999.0000	13657	3836	-9999	1559	1658	-9999	473.1194	5	0.6172	0.6501	-0.0025	57.7525	3.6904	647.3367	411.1890	35.3472	624.2784	94.7685	677.7002	94.1204	689.2546	95.1389	699.4562	95.0926	
27/08/2017	01:12:17	011992	H374125771HLR	L374	S		654.4854	1.0292	10.0000	100.0464	39.8259	0.8430	0.8272	5.0000	18.9957	761.1155	94.8843	13.1704	25.1000	0.9300	0.9482	0.6482	-0.0023	761.0000	761.6790	1.0275	-2.8830	100.0025	40.2006	0.8230	0.8259	5.0000	-9999.0000	-9999.0000	-9999.0000	-9999.0000	-9999.0000	-9999.0000	19.6639	7	0	25.0588	1.0000	05	2	-9999.0000	13658	3837	-9999	1559	1659	-9999	470.0272	5	0.6172	0.6482	-0.0023	52.5544	4.0536	635.9531	385.0336	33.6806	612.8016	94.1898	671.9198	94.1667	682.0471	95.2315	690.3486	94.9537	
27/08/2017	01:13:07	011992	H374125789HLR	L374	S		659.9908	1.0292	10.0000	99.9239	39.8607	0.8430	0.8269	5.0000	20.2531	761.1544	94.9306	13.1294	25.1000	0.9300	0.9481	0.6502	-0.0025	761.0000	761.2598	1.0275	-2.8935	99.9685	40.0800	0.8230	0.8254	5.0000	-9999.0000	-9999.0000	-9999.0000	-9999.0000	-9999.0000	-9999.0000	20.2431	1	0	25.1885	1.0000	05	2	-9999.0000	13659	3838	-9999	1559	1660	-9999	470.2241	5	0.6175	0.6502	-0.0025	45.0936	4.6184	633.8689	383.4124	32.5926	609.1860	94.4676	670.6319	94.5370	679.7693	94.9306	689.5497	95.0926	
27/08/2017	01:13:56	011992	H374125708HLR	L374	S		657.9659	1.0292	10.0000	99.8982	39.8507	0.8430	0.8273	5.0000	18.4895	761.1302	94.9074	12.7691	25.1000	0.9300	0.9481	0.6480	-0.0023	761.0000	758.5967	1.0275	-2.9601	100.0629	40.1900	0.8230	0.8258	5.0000	-9999.0000	-9999.0000	-9999.0000	-9999.0000	-9999.0000	-9999.0000	20.3350	3	0	24.5489	1.0000	05	2	-9999.0000	13660	3839	-9999	1560	1661	-9999	470.8646	5	0.6178	0.6480	-0.0023	45.3092	4.6112	639.4699	404.4371	33.2176	618.1591	95.0231	669.1503	94.5370	680.9375	95.1157	689.6287	95.0000	
27/08/2017	01:14:48	011992	H374125815HLR	L374	S		651.3305	1.0292	10.0000	99.9946	39.8696	0.8430	0.8273	5.0000	18.6363	761.1101	94.8843	14.1694	25.0000	0.9300	0.9482	0.6481	-0.0023	761.0000	765.3612	1.0275	-2.7910	100.0340	40.1874	0.8230	0.8259	5.0000	-9999.0000	-9999.0000	-9999.0000	-9999.0000	-9999.0000	-9999.0000	19.5581	5	0	26.2415	1.0000	05	2	-9999.0000	13661	3840	-9999	1561	1662	-9999	468.3588	5	0.6178	0.6481	-0.0023	45.1364	4.5977	641.0291	412.1772	35.4630	618.3554	95.1389	671.4636	94.4444	681.7922	95.2083	687.4681	95.0926	
27/08/2017	01:16:43	011992	H374125668HLR	L374	S		652.7773	1.0292	10.0000	100.0020	39.8451	0.8430	0.8273	5.0000	18.8482	761.1768	94.8843	14.6987	24.9000	0.9300	0.9482	0.6540	-0.0028	761.0000	762.6876	1.0275	-2.8578	100.0259	40.0036	0.8230	0.8239	5.0000	-9999.0000	-9999.0000	-9999.0000	-9999.0000	-9999.0000	-9999.0000	20.4368	1	0	25.6292	1.0000	05	2	-9999.0000	13663	3841	-9999	1562	1662	-9999	467.0588	5	0.6175	0.6540	-0.0028	30.5084	5.6846	636.0662	403.6902	37.0833	617.1195	95.4630	661.4229	94.6759	672.9327	95.2778	678.2078	95.0926	
27/08/2017	01:17:32	011992	H374125833HLR	L374	S		666.4402	1.0292	10.0000	100.0187	39.8491	0.8430	0.8273	5.0000	18.5999	761.1590	94.8843	13.1597	24.8000	0.9300	0.9484	0.6540	-0.0028	761.0000	765.0265	1.0275	-2.7993	100.0429	40.2190	0.8230	0.8269	5.0000	-9999.0000	-9999.0000	-9999.0000	-9999.0000	-9999.0000	-9999.0000	20.2297	3	0	25.0393	1.0000	05	2	-9999.0000	13664	3842	-9999	1563	1663	-9999	470.3345	5	0.6175	0.6540	-0.0028	30.5084	5.6846	642.0471	398.8405	35.0231	620.4200	95.6713	666.9077	94.7917	678.9659	95.2546	686.1980	95.0000	
27/08/2017	01:18:22	011992	H374125852HLR	L374	S		660.0347	1.0292	10.0000	99.9965	39.7980	0.8430	0.8272	5.0000	18.6496	761.0832	94.9074	14.4594	24.8000	0.9300	0.9482	0.6570	-0.0030	761.0000	763.2488	1.0275	-2.8438	100.0593	40.2379	0.8230	0.8251	5.0000	-9999.0000	-9999.0000	-9999.0000	-9999.0000	-9999.0000	-9999.0000	19.6397	5	0	25.5597	1.0000	05	2	-9999.0000	13665	3843	-9999	1564	1664	-9999	467.0950	5	0.6173	0.6570	-0.0030	40.5456	4.8975	633.4929	387.3205	35.2546	611.9724	95.6481	655.5111	94.7917	667.0695	95.0926	675.0498	94.8843	
27/08/2017	01:19:14	011992	H374125839HLR	L374	S		662.8836	1.0292	10.0000	100.0797	39.9108	0.8430	0.8275	5.0000	18.8293	761.1183	94.9074	13.9497	24.8000	0.9300	0.9482	0.6567	-0.0030	761.0000	762.9880	1.0275	-2.8503	100.0669	39.9453	0.8230	0.8250	5.0000	-9999.0000	-9999.0000	-9999.0000	-9999.0000	-9999.0000	-9999.0000	22.0372	7	0	25.4093	1.0000	05	2	-9999.0000	13666	3844	-9999	1565	1665	-9999	468.2360	5	0.6172	0.6567	-0.0030	40.4581	4.8646	637.0411	435.1352	36.3426	616.1608	95.6250	657.5402	95.0000	669.9054	95.3009	678.3712	95.0231	
27/08/2017	01:20:07	011992	H374125866HLR	L374	S		658.6793	1.0292	10.0000	100.0151	39.7864	0.8430	0.8273	5.0000	18.5999	761.1909	94.8380	14.5493	24.9000	0.9300	0.9483	0.6582	-0.0031	761.0000	761.8946	1.0275	-2.8776	100.0208	40.2914	0.8230	0.8263	5.0000	-9999.0000	-9999.0000	-9999.0000	-9999.0000	-9999.0000	-9999.0000	19.7105	1	0	25.5794	1.0000	05	2	-9999.0000	13667	3845	-9999	1566	1666	-9999	466.8346	5	0.6170	0.6582	-0.0031	49.4673	4.1452	629.7055	424.7711	37.2454	609.1681	95.6250	652.4845	94.5139	665.3947	95.0926	674.3840	95.0926	
27/08/2017	01:21:00	011992	H374125829HLR	L374	S		665.1162	1.0292	10.0000	99.8977	39.8810	0.8430	0.8270	5.0000	20.1559	761.1326	94.8843	13.8598	25.0000	0.9300	0.9484	0.6616	-0.0034	761.0000	763.2407	1.0275	-2.8440	100.0365	40.0689	0.8230	0.8251	5.0000	-9999.0000	-9999.0000	-9999.0000	-9999.0000	-9999.0000	-9999.0000	20.5487	3	0	25.1126	1.0000	05	2	-9999.0000	13668	3846	-9999	1567	1666	-9999	468.0305	5	0.6169	0.6616	-0.0034	55.8056	3.6310	626.3372	409.2487	35.3241	600.9027	94.3287	661.4291	94.5370	669.7606	95.0926	677.6165	95.0926	
27/08/2017	01:21:49	011992	H374125707HLR	L374	S		661.9313	1.0292	10.0000	100.0508	39.8121	0.8430	0.8272	5.0000	19.0110	761.1531	94.8843	13.0591	25.1000	0.9300	0.9482	0.6611	-0.0034	761.0000	762.8210	1.0275	-2.8545	100.0220	40.2155	0.8230	0.8263	5.0000	-9999.0000	-9999.0000	-9999.0000	-9999.0000	-9999.0000	-9999.0000	20.3734	5	0	24.8451	1.0000	05	2	-9999.0000	13669	3847	-9999	1568	1667	-9999	470.3088	5	0.6165	0.6611	-0.0034	63.6903	2.9822	630.9536	404.1458	35.9722	608.9243	94.3981	664.8581	94.2824	673.9755	94.9537	683.8202	95.0463	
27/08/2017	01:22:39	011992	H374125667HLR	L374	S		660.4602	1.0292	10.0000	100.0057	39.8583	0.8430	0.8268	5.0000	20.7387	761.1861	94.8611	14.0102	25.1000	0.9300	0.9483	0.6624	-0.0035	761.0000	759.9777	1.0275	-2.9256	100.0095	40.1470	0.8230	0.8253	5.0000	-9999.0000	-9999.0000	-9999.0000	-9999.0000	-9999.0000	-9999.0000	20.2292	7	0	24.8803	1.0000	05	2	-9999.0000	13670	3848	-9999	1569	1668	-9999	467.3880	5	0.6163	0.6624	-0.0035	69.3563	2.5001	617.9409	381.6579	32.2685	594.5191	94.4213	655.3711	94.4444	666.6848	95.0463	675.9279	95.0000	
27/08/2017	01:23:28	011992	H374125871HLR	L374	S		664.5690	1.0292	10.0000	99.9750	39.8489	0.8430	0.8274	5.0000	18.7497	761.1598	94.8843	11.5201	25.2000	0.9300	0.9481	0.6622	-0.0034	761.0000	763.1556	1.0275	-2.8461	100.1447	40.1375	0.8230	0.8262	5.0000	-9999.0000	-9999.0000	-9999.0000	-9999.0000	-9999.0000	-9999.0000	19.6627	1	0	25.0596	1.0000	05	2	-9999.0000	13671	3849	-9999	1570	1669	-9999	473.8609	5	0.6162	0.6622	-0.0034	68.4092	2.5486	637.9455	384.5265	33.9815	615.2215	94.1435	671.2310	93.9815	682.7193	95.2083	693.8922	95.0463	
27/08/2017	01:24:19	011992	H374125861HLR	L374	S		665.9531	1.0292	10.0000	99.9959	39.8778	0.8430	0.8273	5.0000	18.6184	761.1440	94.8380	11.7896	25.3000	0.9300	0.9483	0.6617	-0.0034	761.0000	762.2386	1.0275	-2.8690	99.9536	40.2181	0.8230	0.8261	5.0000	-9999.0000	-9999.0000	-9999.0000	-9999.0000	-9999.0000	-9999.0000	19.4489	3	0	25.2200	1.0000	05	2	-9999.0000	13672	3850	-9999	1571	1670	-9999	473.0971	5	0.6160	0.6617	-0.0034	74.8656	2.0086	642.8017	378.8334	34.1667	620.7185	94.3287	671.2200	94.1667	681.7117	95.1852	690.9554	94.9537	
27/08/2017	01:25:12	011992	H374125803HLR	L374	S		655.1863	1.0292	10.0000	99.8921	39.8174	0.8430	0.8269	5.0000	20.5939	761.1327	94.8843	12.9693	25.2000	0.9300	0.9483	0.6581	-0.0032	761.0000	757.8237	1.0275	-2.9794	100.0541	40.1698	0.8230	0.8257	5.0000	-9999.0000	-9999.0000	-9999.0000	-9999.0000	-9999.0000	-9999.0000	19.9953	5	0	25.4937	1.0000	05	2	-9999.0000	13673	3851	-9999	1572	1670	-9999	469.8543	5	0.6159	0.6581	-0.0032	74.4587	2.0059	631.8046	402.0440	35.5556	608.9372	95.1389	662.8151	94.5139	674.6275	95.2546	683.2782	95.1620	
27/08/2017	01:26:02	011992	H374123572HLR	L374	S		657.9086	1.0292	10.0000	99.9581	39.8897	0.8430	0.8270	5.0000	20.2189	761.1163	94.9074	12.8501	25.2000	0.9300	0.9481	0.6584	-0.0032	761.0000	758.2547	1.0275	-2.9686	100.0841	40.0852	0.8230	0.8251	5.0000	-9999.0000	-9999.0000	-9999.0000	-9999.0000	-9999.0000	-9999.0000	21.3910	7	0	24.9126	1.0000	05	2	-9999.0000	13674	3852	-9999	1573	1670	-9999	470.1671	5	0.6161	0.6584	-0.0032	73.9731	2.0015	634.7781	418.1579	37.1528	612.6894	95.6019	665.4897	94.6065	673.9390	95.0231	684.1460	95.0463	
27/08/2017	01:26:51	011992	H374125875HLR	L374	S		666.6365	1.0292	10.0000	99.9118	39.8391	0.8430	0.8273	5.0000	18.5187	761.2197	94.8611	11.3795	25.2000	0.9300	0.9481	0.6584	-0.0032	761.0000	763.7388	1.0275	-2.8315	100.0435	40.1240	0.8230	0.8255	5.0000	-9999.0000	-9999.0000	-9999.0000	-9999.0000	-9999.0000	-9999.0000	20.3087	1	0	24.7892	1.0000	05	2	-9999.0000	13675	3853	-9999	1574	1671	-9999	473.8436	5	0.6160	0.6584	-0.0032	73.0188	2.1291	651.2983	417.8560	35.9722	630.6834	95.6019	675.2137	94.9769	690.3328	95.2546	698.8840	95.0463	
27/08/2017	01:27:41	011992	H374125882HLR	L374	S		678.3651	1.0292	10.0000	99.9711	39.8477	0.8430	0.8269	5.0000	19.7895	761.1081	94.9306	11.3102	25.1000	0.9300	0.9482	0.6601	-0.0033	761.0000	769.5728	1.0275	-2.6857	100.0155	40.1306	0.8230	0.8255	5.0000	-9999.0000	-9999.0000	-9999.0000	-9999.0000	-9999.0000	-9999.0000	20.2542	3	2	24.8886	1.0000	05	2	-9999.0000	13676	3854	-9999	1574	1672	-9999	474.2425	5	0.6162	0.6601	-0.0033	74.2487	1.9990	653.8493	433.3089	37.0833	634.4868	95.0926	681.3258	95.1389	694.0097	95.2083	701.3476	95.0000	
27/08/2017	01:28:31	011992	H374125702HLR	L374	S		668.4785	1.0292	10.0000	99.9891	39.8293	0.8430	0.8269	5.0000	20.7086	761.1393	94.8843	11.3296	25.1000	0.9300	0.9482	0.6559	-0.0030	761.0000	764.7353	1.0275	-2.8066	100.0523	40.1493	0.8230	0.8256	5.0000	-9999.0000	-9999.0000	-9999.0000	-9999.0000	-9999.0000	-9999.0000	20.2457	5	0	24.9186	1.0000	05	2	-9999.0000	13677	3855	-9999	1575	1673	-9999	473.5923	5	0.6163	0.6559	-0.0030	74.2763	1.9929	650.1042	415.8532	34.8380	630.4596	95.3704	677.6584	94.6991	690.5477	95.2315	698.5738	94.9769	
27/08/2017	01:29:21	011992	H374125773HLR	L374	S		657.7600	1.0292	10.0000	100.0012	39.8581	0.8430	0.8271	5.0000	18.8985	761.1674	94.9306	13.5592	25.0000	0.9300	0.9481	0.6535	-0.0028	761.0000	761.0650	1.0275	-2.8984	100.0436	40.1800	0.8230	0.8260	5.0000	-9999.0000	-9999.0000	-9999.0000	-9999.0000	-9999.0000	-9999.0000	19.5288	7	0	24.9483	1.0000	05	2	-9999.0000	13678	3856	-9999	1576	1674	-9999	468.3601	5	0.6160	0.6535	-0.0028	68.8527	2.3741	635.4930	413.1716	36.1574	613.4042	94.9537	665.5087	94.5370	676.7633	95.1852	684.8852	95.0694	
27/08/2017	01:30:12	011992	H374125782HLR	L374	S		656.4622	1.0292	10.0000	99.9275	39.8166	0.8430	0.8268	5.0000	21.1160	761.1621	94.8843	12.4595	24.9000	0.9300	0.9482	0.6487	-0.0025	761.0000	760.9745	1.0275	-2.9006	100.1661	40.1844	0.8230	0.8260	5.0000	-9999.0000	-9999.0000	-9999.0000	-9999.0000	-9999.0000	-9999.0000	19.8413	1	0	24.8993	1.0000	05	2	-9999.0000	13679	3857	-9999	1577	1674	-9999	470.4556	5	0.6165	0.6487	-0.0025	71.9299	2.1288	644.0264	411.5512	35.1620	622.4090	95.6019	670.2528	94.5370	683.1326	95.1852	692.5295	95.0926	
27/08/2017	01:31:04	011992	H374125784HLR	L374	S		655.6334	1.0292	10.0000	100.0164	39.8741	0.8430	0.8272	5.0000	18.6793	761.1828	94.9074	12.8687	24.9000	0.9300	0.9482	0.6486	-0.0025	761.0000	761.3644	1.0275	-2.8909	100.0512	40.1331	0.8230	0.8254	5.0000	-9999.0000	-9999.0000	-9999.0000	-9999.0000	-9999.0000	-9999.0000	20.5391	3	0	24.8692	1.0000	05	2	-9999.0000	13680	3858	-9999	1578	1675	-9999	469.7266	5	0.6167	0.6486	-0.0025	74.2835	1.9472	636.9254	396.2627	33.8657	614.3795	94.0046	671.0601	94.8148	681.2295	95.0926	690.8066	95.0694	
27/08/2017	01:31:53	011992	H374125767HLR	L374	S		656.0046	1.0292	10.0000	99.9264	39.8360	0.8430	0.8275	5.0000	18.6692	761.1651	94.8843	13.4390	24.9000	0.9300	0.9483	0.6497	-0.0025	761.0000	759.6205	1.0275	-2.9345	99.9971	40.1922	0.8230	0.8261	5.0000	-9999.0000	-9999.0000	-9999.0000	-9999.0000	-9999.0000	-9999.0000	19.6189	5	0	24.9594	1.0000	05	2	-9999.0000	13681	3859	-9999	1579	1676	-9999	468.7212	5	0.6169	0.6497	-0.0025	75.8074	1.8612	633.7788	400.9473	33.7963	610.8355	95.0926	664.1647	94.6296	674.9468	95.1852	684.2316	95.2083	
27/08/2017	01:32:41	011992	H374125765HLR	L374	S		654.5646	1.0292	10.0000	100.0430	39.8500	0.8430	0.8271	5.0000	18.7190	761.1358	94.8611	13.0786	24.9000	0.9300	0.9483	0.6498	-0.0025	761.0000	760.0843	1.0275	-2.9229	100.0140	40.1705	0.8230	0.8259	5.0000	-9999.0000	-9999.0000	-9999.0000	-9999.0000	-9999.0000	-9999.0000	19.5231	7	0	24.8285	1.0000	05	2	-9999.0000	13682	3860	-9999	1579	1677	-9999	469.3968	5	0.6173	0.6498	-0.0025	76.6701	1.8192	637.1207	411.2134	36.1806	613.6033	95.0231	664.8782	94.5833	675.4062	95.0926	685.3004	95.1389	
27/08/2017	01:33:32	011992	H374125774HLR	L374	S		659.7318	1.0292	10.0000	99.9391	39.8333	0.8430	0.8270	5.0000	20.7688	761.1545	94.8843	11.9498	25.0000	0.9300	0.9484	0.6468	-0.0023	761.0000	758.9044	1.0275	-2.9524	100.0037	40.0986	0.8230	0.8253	5.0000	-9999.0000	-9999.0000	-9999.0000	-9999.0000	-9999.0000	-9999.0000	20.5982	1	0	24.9787	1.0000	05	2	-9999.0000	13683	3861	-9999	1580	1678	-9999	471.5874	5	0.6175	0.6468	-0.0023	73.2270	2.1185	642.6931	423.5369	36.4815	618.3207	94.5833	675.7649	94.6759	686.7136	95.0926	695.7162	95.0694	
27/08/2017	01:34:20	011992	H374125788HLR	L374	S		654.9645	1.0292	10.0000	99.9504	39.8259	0.8430	0.8268	5.0000	20.0725	761.1519	94.8843	12.9595	25.1000	0.9300	0.9484	0.6458	-0.0022	761.0000	760.5373	1.0275	-2.9116	100.1028	40.1860	0.8230	0.8259	5.0000	-9999.0000	-9999.0000	-9999.0000	-9999.0000	-9999.0000	-9999.0000	19.9547	3	0	24.8996	1.0000	05	2	-9999.0000	13684	3862	-9999	1581	1678	-9999	470.0430	5	0.6178	0.6458	-0.0022	63.3750	2.9588	642.1275	421.0067	34.3056	621.4923	94.2130	673.3692	94.9306	682.4070	95.0694	690.4382	95.0000	
27/08/2017	01:35:10	011992	H374125779HLR	L374	S		654.4621	1.0292	10.0000	100.0336	39.8635	0.8430	0.8275	5.0000	18.8389	761.1192	94.9074	14.0200	25.2000	0.9300	0.9484	0.6438	-0.0020	761.0000	757.7676	1.0275	-2.9808	100.0434	40.1191	0.8230	0.8254	5.0000	-9999.0000	-9999.0000	-9999.0000	-9999.0000	-9999.0000	-9999.0000	20.4683	5	0	24.9093	1.0000	05	2	-9999.0000	13685	3863	-9999	1582	1678	-9999	468.5533	5	0.6184	0.6438	-0.0020	56.7624	3.5138	644.1311	423.2167	35.1389	625.3384	95.9722	666.4761	94.5833	675.2066	95.2083	681.5967	95.2315	
27/08/2017	01:35:58	011992	H374125778HLR	L374	S		655.1410	1.0292	10.0000	100.0296	39.8404	0.8430	0.8271	5.0000	18.7602	761.0948	94.9074	12.5298	25.3000	0.9300	0.9483	0.6410	-0.0018	761.0000	759.3019	1.0275	-2.9425	100.0416	40.1457	0.8230	0.8258	5.0000	-9999.0000	-9999.0000	-9999.0000	-9999.0000	-9999.0000	-9999.0000	19.9286	7	0	24.9526	1.0000	05	2	-9999.0000	13686	3864	-9999	1583	1679	-9999	470.8735	5	0.6185	0.6410	-0.0018	53.4975	3.8046	654.2949	434.0554	35.7639	634.8924	95.9491	679.3516	94.5602	689.9995	95.2083	698.6671	95.0000	
27/08/2017	01:36:47	011992	H374125780HLR	L374	S		656.3252	1.0292	10.0000	100.0546	39.9000	0.8430	0.8276	5.0000	18.7908	761.0893	94.9306	12.0689	25.4000	0.9300	0.9484	0.6334	-0.0012	761.0000	755.9585	1.0275	-2.9713	100.0751	40.1489	0.8230	0.8257	5.0000	-9999.0000	-9999.0000	-9999.0000	-9999.0000	-9999.0000	-9999.0000	19.9670	1	0	24.9298	1.0000	05	2	-9999.0000	13687	3865	-9999	1584	1680	-9999	471.3843	5	0.6187	0.6334	-0.0012	54.4417	3.7262	659.6075	439.3041	37.2917	638.4873	95.6019	685.0530	94.5370	696.5318	95.0694	704.6087	95.1157	
27/08/2017	01:37:38	011992	H374125761HLR	L374	S		654.5861	1.0292	10.0000	100.0532	39.8239	0.8430	0.8270	5.0000	19.1399	761.0970	94.8843	14.1499	25.5000	0.9300	0.9483	0.6315	-0.0010	761.0000	758.0769	1.0275	-2.9731	100.1234	40.0261	0.8230	0.8248	5.0000	-9999.0000	-9999.0000	-9999.0000	-9999.0000	-9999.0000	-9999.0000	22.2496	3	0	25.2794	1.0000	05	2	-9999.0000	13688	3866	-9999	1585	1681	-9999	469.7688	5	0.6187	0.6315	-0.0010	52.6107	3.8824	653.7481	438.0666	35.8796	634.1235	95.5787	677.7544	94.5370	686.0892	94.9537	693.6176	95.0231	
27/08/2017	01:38:27	011992	H374125762HLR	L374	S		657.9858	1.0292	10.0000	99.9690	39.9028	0.8430	0.8272	5.0000	20.2069	761.1232	94.8843	13.2993	25.5000	0.9300	0.9484	0.6328	-0.0011	761.0000	758.2462	1.0275	-2.9688	100.0861	40.1665	0.8230	0.8259	5.0000	-9999.0000	-9999.0000	-9999.0000	-9999.0000	-9999.0000	-9999.0000	19.9272	5	0	25.1992	1.0000	05	2	-9999.0000	13689	3867	-9999	1586	1682	-9999	470.5170	5	0.6188	0.6328	-0.0011	55.6165	3.6574	663.3591	433.4835	36.2500	640.6598	95.9028	683.8703	94.6528	692.2642	95.2083	697.4144	95.0926	
27/08/2017	01:39:18	011992	H374125763HLR	L374	S		659.2856	1.0292	10.0000	100.0697	39.8223	0.8430	0.8270	5.0000	18.8597	761.0849	94.9074	14.4995	25.5000	0.9300	0.9482	0.6289	-0.0008	761.0000	761.4453	1.0275	-2.8889	100.0464	40.1477	0.8230	0.8256	5.0000	-9999.0000	-9999.0000	-9999.0000	-9999.0000	-9999.0000	-9999.0000	20.2291	7	0	25.8196	1.0000	05	2	-9999.0000	13690	3868	-9999	1587	1683	-9999	469.8826	5	0.6188	0.6289	-0.0008	61.6853	3.1596	655.3324	443.7044	36.7361	634.5523	95.1389	683.2692	94.9537	692.2055	94.9769	699.1145	94.9537	
27/08/2017	01:40:18	011992	H374125760HLR	L374	S		652.9251	1.0292	10.0000	100.0456	39.9579	0.8430	0.8279	5.0000	18.6887	761.1093	94.9537	13.0200	25.5000	0.9300	0.9481	0.6275	-0.0007	761.0000	757.3429	1.0275	-2.9914	100.0773	40.1600	0.8230	0.8261	5.0000	-9999.0000	-9999.0000	-9999.0000	-9999.0000	-9999.0000	-9999.0000	20.2428	1	0	26.5737	1.0000	05	2	-9999.0000	13691	3869	-9999	1587	1684	-9999	470.9049	5	0.6188	0.6275	-0.0007	63.3596	3.0199	660.5893	431.9614	34.6759	637.9647	95.3935	687.0076	94.5602	697.0729	94.9769	703.3536	95.0231	
27/08/2017	01:41:12	011992	H374125769HLR	L374	S		652.8892	1.0292	10.0000	99.9306	39.7495	0.8430	0.8267	5.0000	20.0693	761.0678	94.8843	14.0698	25.5000	0.9300	0.9482	0.6265	-0.0006	761.0000	758.3283	1.0275	-2.9668	100.0945	40.0830	0.8230	0.8246	5.0000	-9999.0000	-9999.0000	-9999.0000	-9999.0000	-9999.0000	-9999.0000	23.8836	3	0	16.9692	1.0000	05	2	-9999.0000	13692	3870	-9999	1587	1685	-9999	470.2469	5	0.6186	0.6265	-0.0006	75.0531	2.0998	659.3221	443.6298	35.3704	638.6015	94.9306	684.7312	94.9074	692.3223	95.0000	699.3893	95.0000	
27/08/2017	02:03:31	011992	H421128977HLR	L421	S		694.6458	1.0292	10.0000	99.9955	39.5841	0.8430	0.8277	5.0000	18.7190	815.1149	94.9306	14.2816	25.5000	0.9300	0.9482	0.6705	-0.0014	815.0000	817.1096	1.0275	-4.4956	100.0195	39.4251	0.8230	0.8208	5.0000	-9999.0000	-9999.0000	-9999.0000	-9999.0000	-9999.0000	-9999.0000	20.8231	5	0	24.9676	1.0000	13	3	-9999.0000	13693	3871	-9999	1588	1686	-9999	529.8011	5	0.6508	0.6705	-0.0014	99.9179	1.1281	676.4451	351.9619	33.7269	653.3182	92.0833	713.8943	95.5556	729.2094	94.9537	736.8111	94.9074	
27/08/2017	02:04:49	011992	H421128517HLR	L421	S		698.5612	1.0292	10.0000	99.9320	39.7649	0.8430	0.8266	5.0000	19.5891	815.1365	94.8843	13.3101	25.6000	0.9300	0.9482	0.6705	-0.0014	815.0000	818.8411	1.0275	-4.4909	100.0509	40.7412	0.8230	0.8298	5.0000	-9999.0000	-9999.0000	-9999.0000	-9999.0000	-9999.0000	-9999.0000	20.6718	7	0	26.1647	1.0000	13	3	-9999.0000	13694	3872	-9999	1589	1687	-9999	530.9921	5	0.6508	0.6705	-0.0014	99.9179	1.1281	688.8528	405.9192	36.1343	665.9913	93.3565	719.5687	94.9074	734.4718	95.2778	743.5901	94.8611	
27/08/2017	02:05:52	011992	H421128500HLR	L421	S		699.5312	1.0292	10.0000	99.9732	39.7397	0.8430	0.8277	5.0000	19.2392	815.0885	94.8611	12.8794	25.6000	0.9300	0.9483	0.6690	-0.0014	815.0000	816.7058	1.0275	-4.4967	100.0766	39.5795	0.8230	0.8213	5.0000	-9999.0000	-9999.0000	-9999.0000	-9999.0000	-9999.0000	-9999.0000	21.5708	1	0	26.8984	1.0000	13	3	-9999.0000	13695	3873	-9999	1590	1688	-9999	530.2302	5	0.6484	0.6690	-0.0014	100.0473	1.1296	689.8814	420.3429	34.8843	666.8848	93.4954	724.5806	95.5093	738.1836	94.9769	747.2154	94.8843	
27/08/2017	02:06:51	011992	H421128953HLR	L421	S		697.9814	1.0292	10.0000	100.0230	39.7299	0.8430	0.8267	5.0000	19.1565	815.0990	94.8843	13.1294	25.8000	0.9300	0.9484	0.6683	-0.0014	815.0000	814.9294	1.0275	-4.4229	100.0376	40.9798	0.8230	0.8281	5.0000	-9999.0000	-9999.0000	-9999.0000	-9999.0000	-9999.0000	-9999.0000	21.7340	3	0	24.9559	1.0000	13	3	-9999.0000	13696	3874	-9999	1590	1688	-9999	529.5266	5	0.6484	0.6683	-0.0014	100.0991	1.1302	679.7194	366.8716	33.0556	654.3116	93.6574	721.2528	95.5324	732.9887	94.8611	742.9633	94.8843	
27/08/2017	02:07:31	011992	H421128531HLR	L421	S		699.1704	1.0292	10.0000	99.9389	39.8669	0.8430	0.8270	5.0000	18.7865	815.1414	94.9306	13.2095	25.7000	0.9300	0.9483	0.6682	-0.0014	815.0000	816.2397	1.0275	-4.4980	100.0010	39.9639	0.8230	0.8222	5.0000	-9999.0000	-9999.0000	-9999.0000	-9999.0000	-9999.0000	-9999.0000	20.4188	5	0	15.2574	1.0000	13	3	-9999.0000	13697	3875	-9999	1590	1689	-9999	529.5180	5	0.6487	0.6682	-0.0014	100.1171	1.1304	683.4381	381.8565	34.4444	657.8893	93.8426	725.6707	95.6481	737.6808	94.8380	745.6381	94.8843	
27/08/2017	02:21:00	011992	H421128498HLR	L421	S		699.5547	1.0292	10.0000	99.7910	39.3874	0.8430	0.8258	5.0000	20.6097	815.0837	94.9537	12.5201	27.2000	0.9300	0.9484	0.6576	-0.0007	815.0000	806.9221	1.0275	-3.3408	99.7811	40.7844	0.8230	0.8249	5.0000	-9999.0000	-9999.0000	-9999.0000	-9999.0000	-9999.0000	-9999.0000	20.3389	7	0	27.0466	1.0000	13	3	-9999.0000	13698	3876	-9999	1591	1690	-9999	529.4566	5	0.6489	0.6576	-0.0007	63.4818	4.1328	690.8775	398.1515	36.6667	662.0809	66.7593	695.4014	91.7130	742.4433	94.6528	754.7656	94.9074	
27/08/2017	02:21:25	011992	H421128970HLR	L421	S		699.9924	1.0292	10.0000	99.8548	39.1590	0.8430	0.8271	5.0000	20.7637	815.1482	94.9306	12.8502	27.3000	0.9300	0.9484	0.6576	-0.0007	815.0000	808.0318	1.0275	-3.4908	99.8731	39.4357	0.8230	0.8218	5.0000	-9999.0000	-9999.0000	-9999.0000	-9999.0000	-9999.0000	-9999.0000	23.5287	8	0	24.9493	1.0000	13	3	-9999.0000	13699	3877	-9999	1592	1691	-9999	529.3306	5	0.6489	0.6576	-0.0007	63.4818	4.1328	713.4481	448.5021	37.8704	693.1461	90.7870	739.7885	94.8843	751.2419	94.5370	759.4451	95.0694	
27/08/2017	02:22:00	011992	H421128944HLR	L421	S		704.0887	1.0292	10.0000	100.0134	39.9822	0.8430	0.8290	5.0000	18.8889	815.0846	94.9537	10.9391	27.3000	0.9300	0.9482	0.6576	-0.0007	815.0000	808.2275	1.0275	-3.5172	100.1077	39.4048	0.8230	0.8250	5.0000	-9999.0000	-9999.0000	-9999.0000	-9999.0000	-9999.0000	-9999.0000	20.4548	1	0	34.7013	1.0000	13	3	-9999.0000	13700	3878	-9999	1593	1692	-9999	530.2858	5	0.6489	0.6576	-0.0007	63.4818	4.1328	718.4557	442.6259	36.5741	695.0565	91.9676	749.1851	95.4167	763.6042	94.8380	770.4915	95.0231	
27/08/2017	02:22:32	011992	H421129017HLR	L421	S		696.2464	1.0292	10.0000	100.0346	40.2435	0.8430	0.8275	5.0000	18.6078	815.1492	94.9306	12.6802	27.3000	0.9300	0.9481	0.6576	-0.0007	815.0000	807.1334	1.0275	-3.3694	99.8368	40.1824	0.8230	0.8271	5.0000	-9999.0000	-9999.0000	-9999.0000	-9999.0000	-9999.0000	-9999.0000	21.5987	2	0	31.5256	1.0000	13	3	-9999.0000	13701	3879	-9999	1594	1693	-9999	529.4222	5	0.6489	0.6576	-0.0007	63.4818	4.1328	709.2334	443.9148	36.4120	687.9102	92.6389	734.8907	94.9074	749.8204	95.1620	757.4240	94.9769	
27/08/2017	02:22:58	011992	H421128495HLR	L421	S		696.7173	1.0292	10.0000	100.1013	39.5473	0.8430	0.8263	5.0000	18.8294	815.1339	94.8843	13.8794	27.3000	0.9300	0.9481	0.6643	-0.0007	815.0000	812.8723	1.0275	-4.1449	100.1933	40.0930	0.8230	0.8237	5.0000	-9999.0000	-9999.0000	-9999.0000	-9999.0000	-9999.0000	-9999.0000	22.8726	3	0	27.3390	1.0000	13	3	-9999.0000	13702	3880	-9999	1595	1694	-9999	534.2220	5	0.6561	0.6643	-0.0007	63.1672	4.1123	705.5559	435.3846	36.1343	685.2245	94.4213	731.7427	94.1667	741.0470	94.9537	749.9183	95.0463	
27/08/2017	02:23:24	011992	H421128527HLR	L421	S		698.8200	1.0292	10.0000	100.0394	39.4000	0.8430	0.8273	5.0000	19.8601	815.1123	94.8611	12.7495	27.3000	0.9300	0.9478	0.6639	-0.0007	815.0000	813.0077	1.0275	-4.1632	100.1502	39.4996	0.8230	0.8234	5.0000	-9999.0000	-9999.0000	-9999.0000	-9999.0000	-9999.0000	-9999.0000	22.9550	4	0	26.1095	1.0000	13	3	-9999.0000	13703	3881	-9999	1595	1695	-9999	534.4616	5	0.6556	0.6639	-0.0007	63.1891	4.1137	707.0861	437.5498	35.7407	684.8067	95.1389	737.1626	94.4213	748.6648	94.9769	757.4413	95.0231	
27/08/2017	02:23:50	011992	H421128981HLR	L421	S		698.4792	1.0292	10.0000	100.0601	40.1000	0.8430	0.8285	5.0000	18.4941	815.1806	94.8380	12.8892	27.2000	0.9300	0.9478	0.6637	-0.0007	815.0000	812.3011	1.0275	-4.0677	100.3602	39.8504	0.8230	0.8266	5.0000	-9999.0000	-9999.0000	-9999.0000	-9999.0000	-9999.0000	-9999.0000	19.4591	5	0	25.2392	1.0000	13	3	-9999.0000	13704	3882	-9999	1596	1696	-9999	534.2658	5	0.6558	0.6637	-0.0007	63.1989	4.1144	691.1511	437.2713	35.2315	665.0802	95.0926	735.9248	94.3981	748.4048	95.0926	757.6219	95.0231	
27/08/2017	02:24:17	011992	H421125265HLR	L421	S		691.9821	1.0292	10.0000	100.1059	40.0405	0.8430	0.8270	5.0000	19.0091	815.0979	94.9074	16.4799	27.2000	0.9300	0.9481	0.6638	-0.0007	815.0000	813.4177	1.0275	-4.2186	100.0253	40.1752	0.8230	0.8257	5.0000	-9999.0000	-9999.0000	-9999.0000	-9999.0000	-9999.0000	-9999.0000	21.5691	6	0	27.7186	1.0000	13	3	-9999.0000	13704	3883	-9999	1597	1697	-9999	532.3863	5	0.6558	0.6638	-0.0007	63.1931	4.1140	685.6945	412.2685	34.4213	661.4524	93.9120	717.0751	94.7917	723.4113	95.0231	732.4703	94.9769	
27/08/2017	02:24:44	011992	H421128961HLR	L421	S		698.1645	1.0292	10.0000	100.0607	39.4727	0.8430	0.8269	5.0000	19.6596	815.0358	94.8843	13.2593	27.1000	0.9300	0.9479	0.6638	-0.0007	815.0000	814.2853	1.0275	-4.3359	100.1066	40.0830	0.8230	0.8252	5.0000	-9999.0000	-9999.0000	-9999.0000	-9999.0000	-9999.0000	-9999.0000	20.0080	7	0	26.7591	1.0000	13	3	-9999.0000	13705	3884	-9999	1598	1698	-9999	534.0073	5	0.6561	0.6638	-0.0007	59.9006	3.9344	703.6498	402.0107	35.0231	680.6486	93.8889	737.4481	94.5139	745.6964	94.9769	754.0312	95.0000	
27/08/2017	02:25:14	011992	H421128949HLR	L421	S		695.6438	1.0292	10.0000	100.1511	39.9922	0.8430	0.8284	5.0000	18.9404	815.0867	94.9074	15.0795	27.0000	0.9300	0.9478	0.6638	-0.0007	815.0000	814.1049	1.0275	-4.3115	100.0088	39.5525	0.8230	0.8240	5.0000	-9999.0000	-9999.0000	-9999.0000	-9999.0000	-9999.0000	-9999.0000	23.0594	8	0	29.8386	1.0000	13	3	-9999.0000	13706	3885	-9999	1599	1699	-9999	533.1388	5	0.6564	0.6638	-0.0007	59.1328	4.0546	703.1882	422.1208	33.0556	683.0262	94.8843	729.9255	94.1204	739.3215	95.1157	748.2463	95.0000	
27/08/2017	02:25:39	011992	H421128964HLR	L421	S		701.6184	1.0292	10.0000	100.0146	40.0391	0.8430	0.8271	5.0000	18.9992	815.1183	94.8843	12.4097	26.9000	0.9300	0.9476	0.6638	-0.0007	815.0000	814.5621	1.0275	-4.3733	100.0516	39.8458	0.8230	0.8255	5.0000	-9999.0000	-9999.0000	-9999.0000	-9999.0000	-9999.0000	-9999.0000	22.4380	1	0	25.1493	1.0000	13	3	-9999.0000	13707	3886	-9999	1600	1700	-9999	534.5710	5	0.6566	0.6638	-0.0007	57.9829	4.1785	708.0021	435.6022	35.0463	684.6192	94.9537	739.7003	94.0509	750.2206	95.0926	759.4409	95.0231	
27/08/2017	02:26:05	011992	H421128936HLR	L421	S		691.9622	1.0292	10.0000	100.0873	39.5952	0.8430	0.8268	5.0000	18.4792	815.0763	94.9074	16.1391	26.9000	0.9300	0.9478	0.6603	-0.0003	815.0000	816.4430	1.0275	-4.4974	99.9578	40.1916	0.8230	0.8259	5.0000	-9999.0000	-9999.0000	-9999.0000	-9999.0000	-9999.0000	-9999.0000	20.3860	2	0	26.1390	1.0000	13	3	-9999.0000	13708	3887	-9999	1601	1700	-9999	534.2902	5	0.6563	0.6603	-0.0003	71.0905	3.1261	695.9449	433.8403	36.0880	675.4206	95.2083	723.2517	94.3287	733.2307	95.2083	736.4513	95.0926	
27/08/2017	02:26:31	011992	H421128796HLR	L421	S		698.5220	1.0292	10.0000	100.1346	39.7000	0.8430	0.8277	5.0000	19.0770	815.0493	94.8611	15.3500	26.8000	0.9300	0.9478	0.6602	-0.0003	815.0000	818.7315	1.0275	-4.4912	100.0597	39.9902	0.8230	0.8250	5.0000	-9999.0000	-9999.0000	-9999.0000	-9999.0000	-9999.0000	-9999.0000	19.9713	3	0	25.9092	1.0000	13	3	-9999.0000	13709	3888	-9999	1602	1701	-9999	534.3668	5	0.6562	0.6602	-0.0003	71.3529	3.1405	698.4086	391.9663	32.1991	675.0099	94.5833	730.7028	94.7222	740.9332	95.0231	748.2615	95.0231	
27/08/2017	02:26:57	011992	H421128822HLR	L421	S		700.1296	1.0292	10.0000	100.0918	40.1000	0.8430	0.8279	5.0000	18.6194	815.1154	94.8843	12.7495	26.7000	0.9300	0.9477	0.6612	-0.0004	815.0000	816.0792	1.0275	-4.4984	99.8679	39.6950	0.8230	0.8244	5.0000	-9999.0000	-9999.0000	-9999.0000	-9999.0000	-9999.0000	-9999.0000	22.2653	4	0	26.0390	1.0000	13	3	-9999.0000	13710	3889	-9999	1603	1702	-9999	535.1825	5	0.6561	0.6612	-0.0004	71.7340	3.1099	710.7504	447.6279	36.7824	688.8741	95.3241	739.1107	94.7685	751.2698	95.2315	759.1283	94.8843	
27/08/2017	02:27:22	011992	H421128834HLR	L421	S		698.2215	1.0292	10.0000	100.1106	39.8673	0.8430	0.8268	5.0000	19.0490	815.1116	94.8843	13.9292	26.7000	0.9300	0.9479	0.6610	-0.0004	815.0000	817.3078	1.0275	-4.4951	99.9968	39.9782	0.8230	0.8260	5.0000	-9999.0000	-9999.0000	-9999.0000	-9999.0000	-9999.0000	-9999.0000	20.4988	5	0	25.1787	1.0000	13	3	-9999.0000	13711	3890	-9999	1604	1703	-9999	534.4962	5	0.6561	0.6610	-0.0004	73.7256	2.9818	708.1176	443.1249	37.8241	687.3064	95.0926	733.6851	94.6065	745.0364	95.1852	752.9562	95.0000	
27/08/2017	02:27:48	011992	H421128817HLR	L421	S		699.1110	1.0292	10.0000	100.1555	39.6387	0.8430	0.8273	5.0000	18.7561	815.0817	94.8843	15.3197	26.5000	0.9300	0.9479	0.6605	-0.0004	815.0000	818.6165	1.0275	-4.4915	99.8362	40.0974	0.8230	0.8255	5.0000	-9999.0000	-9999.0000	-9999.0000	-9999.0000	-9999.0000	-9999.0000	20.6290	6	0	25.7393	1.0000	13	3	-9999.0000	13712	3891	-9999	1605	1704	-9999	533.8070	5	0.6560	0.6605	-0.0004	70.5078	3.2367	705.9904	460.1875	37.1991	686.1700	95.3472	731.7264	95.0231	743.7037	95.2546	750.0133	94.9074	
27/08/2017	02:28:15	011992	H421128823HLR	L421	S		701.4532	1.0292	10.0000	100.1332	39.9000	0.8430	0.8278	5.0000	18.9466	815.0968	94.8611	14.4488	26.4000	0.9300	0.9478	0.6605	-0.0004	815.0000	819.3777	1.0275	-4.4894	99.9347	39.8762	0.8230	0.8245	5.0000	-9999.0000	-9999.0000	-9999.0000	-9999.0000	-9999.0000	-9999.0000	21.3687	7	0	26.4801	1.0000	13	3	-9999.0000	13713	3892	-9999	1606	1705	-9999	534.1203	5	0.6557	0.6605	-0.0004	70.5404	3.2351	709.0536	454.3529	37.0602	688.3758	95.3241	733.5185	94.8843	744.6399	95.2083	750.7824	94.9074	
27/08/2017	02:28:40	011992	H421128833HLR	L421	S		700.6644	1.0292	10.0000	100.1293	40.0585	0.8430	0.8273	5.0000	18.8085	815.0923	94.9074	15.1889	26.4000	0.9300	0.9477	0.6605	-0.0004	815.0000	819.5313	1.0275	-4.4890	99.8509	39.8259	0.8230	0.8252	5.0000	-9999.0000	-9999.0000	-9999.0000	-9999.0000	-9999.0000	-9999.0000	20.1482	8	0	25.9484	1.0000	13	3	-9999.0000	13714	3893	-9999	1606	1706	-9999	533.9293	5	0.6557	0.6605	-0.0004	72.5817	3.1095	707.1024	464.2434	36.1111	687.9947	95.5093	729.4729	94.7685	740.0714	95.1620	746.3577	94.9769	
27/08/2017	02:29:07	011992	H421128820HLR	L421	S		700.5239	1.0292	10.0000	99.9388	39.7220	0.8430	0.8264	5.0000	20.2493	815.0833	94.8611	14.3393	26.3000	0.9300	0.9477	0.6605	-0.0004	815.0000	819.6676	1.0275	-4.4886	99.9434	40.0322	0.8230	0.8257	5.0000	-9999.0000	-9999.0000	-9999.0000	-9999.0000	-9999.0000	-9999.0000	21.2975	1	0	26.4391	1.0000	13	3	-9999.0000	13715	3894	-9999	1607	1707	-9999	534.0940	5	0.6556	0.6605	-0.0004	72.6994	3.1208	709.2380	447.6150	37.1759	690.4961	95.3009	731.6732	95.0000	744.7273	95.2083	750.3543	94.9537	
27/08/2017	02:29:33	011992	H421128811HLR	L421	S		699.7253	1.0292	10.0000	99.9992	39.7301	0.8430	0.8270	5.0000	20.3783	815.0514	94.9537	14.7895	26.2000	0.9300	0.9476	0.6642	-0.0006	815.0000	820.1564	1.0275	-4.4873	99.7972	40.1627	0.8230	0.8258	5.0000	-9999.0000	-9999.0000	-9999.0000	-9999.0000	-9999.0000	-9999.0000	19.7782	2	0	26.3786	1.0000	13	3	-9999.0000	13716	3895	-9999	1608	1708	-9999	533.6834	5	0.6553	0.6642	-0.0006	75.8187	2.9078	693.9233	414.0595	35.1620	670.7640	94.4444	728.0383	94.6991	737.1787	95.0694	744.6543	95.0000	
27/08/2017	02:30:00	011992	H421128809HLR	L421	S		698.6004	1.0292	10.0000	100.1497	40.0234	0.8430	0.8277	5.0000	18.8292	815.0791	94.9074	15.6195	26.1000	0.9300	0.9478	0.6653	-0.0007	815.0000	821.9398	1.0275	-4.4824	99.9442	39.9465	0.8230	0.8250	5.0000	-9999.0000	-9999.0000	-9999.0000	-9999.0000	-9999.0000	-9999.0000	20.2306	3	0	26.8292	1.0000	13	3	-9999.0000	13717	3896	-9999	1609	1709	-9999	533.0427	5	0.6551	0.6653	-0.0007	81.7392	2.5120	695.5081	421.4416	34.7454	674.2852	94.9306	727.6369	94.2593	735.3182	95.0000	743.2573	95.0000	
27/08/2017	02:30:27	011992	H421128976HLR	L421	S		698.2496	1.0292	10.0000	100.1245	40.0036	0.8430	0.8271	5.0000	18.6986	815.0578	94.9074	14.9995	26.1000	0.9300	0.9477	0.6687	-0.0010	815.0000	818.7531	1.0275	-4.4911	99.8411	39.9062	0.8230	0.8255	5.0000	-9999.0000	-9999.0000	-9999.0000	-9999.0000	-9999.0000	-9999.0000	19.7996	4	0	27.0391	1.0000	13	3	-9999.0000	13718	3897	-9999	1610	1710	-9999	533.1300	5	0.6548	0.6687	-0.0010	88.4855	2.0269	687.2755	418.1736	33.7963	666.2776	94.8148	716.8689	94.2593	729.1016	94.9769	736.7548	95.0231	
27/08/2017	02:30:54	011992	H421128960HLR	L421	S		697.8203	1.0292	10.0000	100.1241	39.7371	0.8430	0.8269	5.0000	18.9496	815.0773	94.9074	15.6195	26.1000	0.9300	0.9478	0.6691	-0.0010	815.0000	819.5558	1.0275	-4.4889	99.8953	40.0766	0.8230	0.8260	5.0000	-9999.0000	-9999.0000	-9999.0000	-9999.0000	-9999.0000	-9999.0000	19.9605	5	0	25.0988	1.0000	13	3	-9999.0000	13719	3898	-9999	1610	1711	-9999	532.5015	5	0.6546	0.6691	-0.0010	89.1069	1.9979	687.8740	416.2947	36.0648	666.4719	94.9769	720.2241	94.3056	728.6385	94.9769	736.0620	95.0926	
27/08/2017	02:31:17	011992	H421128948HLR	L421	S		695.8031	1.0292	10.0000	100.1561	39.8419	0.8430	0.8276	5.0000	18.9088	815.0623	94.9074	15.5297	26.1000	0.9300	0.9479	0.6691	-0.0010	815.0000	819.5522	1.0275	-4.4889	99.9055	40.0834	0.8230	0.8254	5.0000	-9999.0000	-9999.0000	-9999.0000	-9999.0000	-9999.0000	-9999.0000	20.4794	6	0	24.8798	1.0000	13	3	-9999.0000	13720	3899	-9999	1611	1712	-9999	532.1891	5	0.6541	0.6691	-0.0010	87.4816	2.1336	691.4001	436.8511	35.6713	671.0906	95.3704	714.6637	94.8148	728.1336	95.2315	735.6453	94.9537	
27/08/2017	02:31:43	011992	H421128938HLR	L421	S		697.3255	1.0292	10.0000	100.0919	40.0697	0.8430	0.8273	5.0000	19.2781	815.1058	94.9074	16.0395	26.1000	0.9300	0.9479	0.6696	-0.0011	815.0000	819.2866	1.0275	-4.4896	99.8673	39.9890	0.8230	0.8252	5.0000	-9999.0000	-9999.0000	-9999.0000	-9999.0000	-9999.0000	-9999.0000	19.9584	7	0	25.5187	1.0000	13	3	-9999.0000	13720	3900	-9999	1612	1713	-9999	531.4775	5	0.6536	0.6696	-0.0011	86.0598	2.2489	689.5263	445.4476	35.7407	667.5375	95.4398	714.9652	94.9074	726.3910	95.2315	733.6350	95.0000	
27/08/2017	02:32:08	011992	H421128945HLR	L421	S		693.5482	1.0292	10.0000	100.1390	39.8784	0.8430	0.8269	5.0000	18.8977	815.1324	94.8611	16.1693	26.1000	0.9300	0.9480	0.6671	-0.0010	815.0000	817.4166	1.0275	-4.4948	99.9302	39.8766	0.8230	0.8249	5.0000	-9999.0000	-9999.0000	-9999.0000	-9999.0000	-9999.0000	-9999.0000	21.1200	8	0	24.9289	1.0000	13	3	-9999.0000	13721	3901	-9999	1612	1714	-9999	531.3035	5	0.6532	0.6671	-0.0010	87.8820	2.1337	685.8822	433.1956	35.0463	664.6300	95.1852	715.2091	94.7917	723.4436	94.9537	730.4810	94.9537	
27/08/2017	02:32:33	011992	H421128952HLR	L421	S		701.6546	1.0292	10.0000	100.1786	39.7956	0.8430	0.8272	5.0000	18.7893	815.0759	94.8843	14.3393	26.2000	0.9300	0.9479	0.6772	-0.0017	815.0000	818.1762	1.0275	-4.4927	99.9231	39.9884	0.8230	0.8254	5.0000	-9999.0000	-9999.0000	-9999.0000	-9999.0000	-9999.0000	-9999.0000	20.5787	1	0	25.2998	1.0000	13	3	-9999.0000	13722	3902	-9999	1613	1715	-9999	532.3293	5	0.6528	0.6772	-0.0017	84.4432	2.3809	688.4623	445.1444	36.5046	668.8669	94.9306	717.0918	94.2361	728.1906	94.8843	737.4148	95.1157	
27/08/2017	02:32:59	011992	H421128963HLR	L421	S		707.9076	1.0292	10.0000	100.1354	39.9856	0.8430	0.8274	5.0000	19.3390	815.0997	94.8843	13.2290	26.2000	0.9300	0.9479	0.6779	-0.0018	815.0000	820.0690	1.0275	-4.4875	99.9665	40.0633	0.8230	0.8256	5.0000	-9999.0000	-9999.0000	-9999.0000	-9999.0000	-9999.0000	-9999.0000	20.0682	2	0	26.0088	1.0000	13	3	-9999.0000	13723	3903	-9999	1613	1716	-9999	533.7164	5	0.6524	0.6779	-0.0018	82.7124	2.5081	695.6348	436.3524	36.2963	676.2135	95.2546	721.8274	94.9769	736.1488	95.2315	744.1639	94.9306	
27/08/2017	02:33:24	011992	H421128969HLR	L421	S		696.4188	1.0292	10.0000	100.1696	40.0116	0.8430	0.8272	5.0000	18.6596	815.1924	94.8843	14.7494	26.2000	0.9300	0.9480	0.6817	-0.0020	815.0000	815.4502	1.0275	-4.4933	99.9196	40.0190	0.8230	0.8253	5.0000	-9999.0000	-9999.0000	-9999.0000	-9999.0000	-9999.0000	-9999.0000	20.1187	3	0	24.9092	1.0000	13	3	-9999.0000	13724	3904	-9999	1614	1717	-9999	531.3340	5	0.6520	0.6817	-0.0020	83.3804	2.4683	680.9003	431.4954	35.9722	660.3602	95.3472	706.6958	94.8843	720.3237	95.2083	729.4252	94.9537	
27/08/2017	02:34:15	011992	H421128980HLR	L421	Q		698.6230	1.0292	10.0000	100.2128	39.8220	0.8430	0.8270	5.0000	19.2088	815.1630	94.8611	14.4897	26.4000	0.9300	0.9481	0.6785	-0.0018	815.0000	818.0545	1.0275	-4.4930	99.9108	40.2601	0.8230	0.8265	5.0000	-9999.0000	-9999.0000	-9999.0000	-9999.0000	-9999.0000	-9999.0000	19.7491	5	0	25.3986	1.0000	13	3	-9999.0000	13724	3905	-9999	1614	1718	-9999	531.6188	5	0.6513	0.6785	-0.0018	86.8819	2.2262	687.4093	427.8524	35.1157	666.6485	94.9769	713.6131	95.0000	728.9533	95.3009	737.9009	94.9537	
27/08/2017	02:34:40	011992	H421128943HLR	L421	S		698.1158	1.0292	10.0000	100.1941	39.8000	0.8430	0.8275	5.0000	18.8384	815.1332	94.9074	15.2397	26.3000	0.9300	0.9481	0.6744	-0.0016	815.0000	814.8606	1.0275	-4.4136	99.8716	40.1607	0.8230	0.8254	5.0000	-9999.0000	-9999.0000	-9999.0000	-9999.0000	-9999.0000	-9999.0000	20.0995	6	0	25.0996	1.0000	13	3	-9999.0000	13725	3906	-9999	1615	1719	-9999	530.3904	5	0.6511	0.6744	-0.0016	79.8545	2.6880	688.9860	444.7236	38.3102	668.6177	95.5093	713.2487	94.8611	725.0972	95.2315	732.5556	94.9769	
27/08/2017	02:35:05	011992	H421128496HLR	L421	Q		701.4137	1.0292	10.0000	100.1964	40.0946	0.8430	0.8278	5.0000	18.7285	815.0739	94.8380	13.8891	26.4000	0.9300	0.9480	0.6680	-0.0011	815.0000	815.5798	1.0275	-4.4998	99.8879	39.9695	0.8230	0.8251	5.0000	-9999.0000	-9999.0000	-9999.0000	-9999.0000	-9999.0000	-9999.0000	19.9587	7	0	24.8985	1.0000	13	3	-9999.0000	13726	3907	-9999	1616	1720	-9999	531.5986	5	0.6508	0.6680	-0.0011	70.8606	3.2754	694.5422	418.8660	35.9259	673.6428	95.3241	726.8845	94.7454	736.2341	95.0000	744.5205	94.9306	
27/08/2017	02:35:31	011992	H421128518HLR	L421	S		702.9385	1.0292	10.0000	100.1922	40.0645	0.8430	0.8271	5.0000	18.7492	815.0710	94.8843	15.1987	26.4000	0.9300	0.9481	0.6680	-0.0011	815.0000	819.5881	1.0275	-4.4888	99.9443	39.9527	0.8230	0.8256	5.0000	-9999.0000	-9999.0000	-9999.0000	-9999.0000	-9999.0000	-9999.0000	19.6686	8	0	25.2090	1.0000	13	3	-9999.0000	13727	3908	-9999	1617	1721	-9999	530.3189	5	0.6508	0.6680	-0.0011	70.8606	3.2754	698.8495	426.7715	35.2315	676.2621	95.5787	728.3423	94.9306	742.0933	95.2315	748.6382	95.0000	
27/08/2017	02:35:56	011992	H421128536HLR	L421	S		714.7464	1.0292	10.0000	100.1998	39.8154	0.8430	0.8269	5.0000	18.9388	815.1276	94.8611	10.6295	26.4000	0.9300	0.9481	0.6617	-0.0007	815.0000	814.5394	1.0275	-4.3702	99.9253	40.0912	0.8230	0.8260	5.0000	-9999.0000	-9999.0000	-9999.0000	-9999.0000	-9999.0000	-9999.0000	19.8243	1	0	25.3305	1.0000	13	3	-9999.0000	13728	3909	-9999	1618	1722	-9999	533.0370	5	0.6506	0.6617	-0.0007	66.7847	3.5412	715.6379	420.3934	34.7454	692.1387	94.7454	750.3075	94.4444	763.1603	95.2083	771.5515	95.0231	
27/08/2017	02:36:21	011992	H421128984HLR	L421	Q		716.7430	1.0292	10.0000	100.0380	39.8271	0.8430	0.8267	5.0000	22.2091	815.1631	94.9074	10.6597	26.5000	0.9300	0.9480	0.6624	-0.0008	815.0000	814.7632	1.0275	-4.4004	100.0308	40.0796	0.8230	0.8252	5.0000	-9999.0000	-9999.0000	-9999.0000	-9999.0000	-9999.0000	-9999.0000	21.1289	2	0	24.9175	1.0000	13	3	-9999.0000	13729	3910	-9999	1619	1723	-9999	533.1282	5	0.6505	0.6624	-0.0008	67.1139	3.5127	721.7891	449.8814	35.2083	701.8644	95.1389	748.6050	94.8843	763.1491	95.2546	770.8933	95.0231	
27/08/2017	02:36:46	011992	H421128973HLR	L421	Q		717.8433	1.0292	10.0000	100.1669	40.0643	0.8430	0.8272	5.0000	19.6408	815.0794	94.9306	10.7603	26.5000	0.9300	0.9481	0.6625	-0.0008	815.0000	816.8720	1.0275	-4.4962	99.9888	40.0277	0.8230	0.8252	5.0000	-9999.0000	-9999.0000	-9999.0000	-9999.0000	-9999.0000	-9999.0000	20.0471	3	0	25.3693	1.0000	13	3	-9999.0000	13730	3911	-9999	1620	1724	-9999	533.0166	5	0.6505	0.6625	-0.0008	63.5017	3.7445	724.9725	452.5240	35.6019	703.9829	95.0694	751.7357	94.8843	765.8582	95.2778	773.8310	95.0000	
27/08/2017	02:37:11	011992	H421128533HLR	L421	S		701.6010	1.0292	10.0000	100.1704	40.0489	0.8430	0.8271	5.0000	18.7493	815.0782	94.9074	14.3091	26.5000	0.9300	0.9481	0.6635	-0.0009	815.0000	816.4915	1.0275	-4.4973	100.0600	39.9617	0.8230	0.8251	5.0000	-9999.0000	-9999.0000	-9999.0000	-9999.0000	-9999.0000	-9999.0000	20.9381	4	0	24.8497	1.0000	13	3	-9999.0000	13731	3912	-9999	1621	1725	-9999	530.5608	5	0.6502	0.6635	-0.0009	64.2361	3.6869	695.3390	415.6877	34.9537	671.1973	94.0046	729.2167	94.3519	739.2563	94.9769	748.2641	95.1389	
27/08/2017	02:37:36	011992	H421128522HLR	L421	S		700.1062	1.0292	10.0000	100.1923	39.8724	0.8430	0.8270	5.0000	18.7792	815.1027	94.8611	13.7796	26.4000	0.9300	0.9480	0.6641	-0.0009	815.0000	814.8815	1.0275	-4.4164	99.9363	40.0607	0.8230	0.8258	5.0000	-9999.0000	-9999.0000	-9999.0000	-9999.0000	-9999.0000	-9999.0000	19.5777	5	0	25.2686	1.0000	13	3	-9999.0000	13732	3913	-9999	1622	1726	-9999	530.9722	5	0.6504	0.6641	-0.0009	55.0046	4.2912	698.3535	416.4674	35.3935	676.1104	95.3935	730.7155	94.6991	740.3764	94.9306	747.5178	95.0231	
27/08/2017	02:38:01	011992	H421128509HLR	L421	S		703.5859	1.0292	10.0000	100.1931	39.9154	0.8430	0.8273	5.0000	18.9289	815.1304	94.8611	13.6889	26.4000	0.9300	0.9480	0.6643	-0.0009	815.0000	815.8918	1.0275	-4.4989	99.9293	40.0996	0.8230	0.8258	5.0000	-9999.0000	-9999.0000	-9999.0000	-9999.0000	-9999.0000	-9999.0000	20.0784	6	0	24.9090	1.0000	13	3	-9999.0000	13733	3914	-9999	1623	1727	-9999	531.0402	5	0.6507	0.6643	-0.0009	51.3090	4.5324	701.5293	427.7948	33.7963	678.6792	95.5787	731.0289	94.6528	741.2648	95.1620	749.3095	95.0000	
27/08/2017	02:38:26	011992	H421128507HLR	L421	S		701.2686	1.0292	10.0000	100.0505	40.0287	0.8430	0.8268	5.0000	20.9736	815.0773	94.8843	14.1196	26.3000	0.9300	0.9480	0.6624	-0.0008	815.0000	815.9519	1.0275	-4.4988	100.0876	40.1058	0.8230	0.8257	5.0000	-9999.0000	-9999.0000	-9999.0000	-9999.0000	-9999.0000	-9999.0000	19.6494	7	0	24.9797	1.0000	13	3	-9999.0000	13734	3915	-9999	1624	1728	-9999	530.6517	5	0.6509	0.6624	-0.0008	50.6688	4.5636	702.8994	454.1655	35.9491	682.2732	95.6944	727.8857	94.7685	740.9222	95.1852	747.2159	95.0000	
27/08/2017	02:38:53	011992	H421128520HLR	L421	S		703.9539	1.0292	10.0000	100.1862	39.9777	0.8430	0.8270	5.0000	19.2292	815.1484	94.9074	12.6900	26.3000	0.9300	0.9480	0.6627	-0.0008	815.0000	813.8846	1.0275	-4.2817	99.9426	40.0529	0.8230	0.8255	5.0000	-9999.0000	-9999.0000	-9999.0000	-9999.0000	-9999.0000	-9999.0000	19.6288	8	0	27.1786	1.0000	13	3	-9999.0000	13735	3916	-9999	1625	1729	-9999	531.5821	5	0.6508	0.6627	-0.0008	51.3426	4.4960	707.1478	452.9062	37.1065	685.4520	95.4630	734.9353	94.8843	747.2696	95.2315	755.5516	94.9769	
27/08/2017	02:39:18	011992	H421128795HLR	L421	S		691.5415	1.0292	10.0000	100.2131	39.9509	0.8430	0.8273	5.0000	18.8185	815.0974	94.8843	14.5199	26.2000	0.9300	0.9480	0.6628	-0.0008	815.0000	814.4682	1.0275	-4.3606	100.0947	39.9321	0.8230	0.8248	5.0000	-9999.0000	-9999.0000	-9999.0000	-9999.0000	-9999.0000	-9999.0000	23.6382	1	0	24.8087	1.0000	13	1	-9999.0000	13736	3917	-9999	1626	1730	-9999	530.2973	5	0.6510	0.6628	-0.0008	51.5232	4.4910	697.8896	441.4984	36.3426	676.9593	95.4861	724.2784	94.7454	735.9458	95.1852	743.9280	95.0000	
27/08/2017	02:39:44	011992	H421128830HLR	L421	S		702.8720	1.0292	10.0000	100.2070	39.9914	0.8430	0.8273	5.0000	18.8597	815.1094	94.9306	12.5698	26.2000	0.9300	0.9480	0.6626	-0.0008	815.0000	815.1718	1.0275	-4.4556	99.9112	40.0633	0.8230	0.8256	5.0000	-9999.0000	-9999.0000	-9999.0000	-9999.0000	-9999.0000	-9999.0000	19.6194	2	0	25.5507	1.0000	13	1	-9999.0000	13737	3918	-9999	1627	1731	-9999	531.6456	5	0.6510	0.6626	-0.0008	52.6277	4.3934	707.6873	444.0027	36.7130	686.2061	95.4861	737.1250	94.8380	750.1301	95.2315	756.8603	94.9769	
27/08/2017	02:40:09	011992	H421128826HLR	L421	S		694.3573	1.0292	10.0000	100.0127	39.9906	0.8430	0.8268	5.0000	20.5393	815.0841	94.8843	13.7290	26.1000	0.9300	0.9479	0.6623	-0.0008	815.0000	815.2067	1.0275	-4.4604	100.0534	40.0228	0.8230	0.8251	5.0000	-9999.0000	-9999.0000	-9999.0000	-9999.0000	-9999.0000	-9999.0000	21.0488	3	0	25.0275	1.0000	13	1	-9999.0000	13738	3919	-9999	1628	1732	-9999	530.8461	5	0.6511	0.6623	-0.0008	51.3011	4.5013	695.7156	424.4892	34.6991	673.7929	95.4861	728.2386	94.7917	741.1480	95.2315	748.8408	94.9769	
27/08/2017	02:40:36	011992	H421128939HLR	L421	S		693.3670	1.0292	10.0000	100.1890	39.9635	0.8430	0.8270	5.0000	19.4688	815.0977	94.8611	14.4399	26.1000	0.9300	0.9478	0.6636	-0.0009	815.0000	814.2646	1.0275	-4.3331	100.0436	40.0625	0.8230	0.8257	5.0000	-9999.0000	-9999.0000	-9999.0000	-9999.0000	-9999.0000	-9999.0000	19.4791	4	0	26.8594	1.0000	13	1	-9999.0000	13739	3920	-9999	1629	1733	-9999	530.2965	5	0.6514	0.6636	-0.0009	51.8779	4.4661	692.5190	418.7996	34.6528	670.3110	95.5556	723.5137	94.6065	734.7041	95.2083	743.6161	95.0000	
27/08/2017	02:41:01	011992	H421128946HLR	L421	S		695.5704	1.0292	10.0000	100.1865	39.9812	0.8430	0.8272	5.0000	18.7687	815.0675	94.8611	13.7300	26.1000	0.9300	0.9478	0.6633	-0.0009	815.0000	815.1765	1.0275	-4.4563	99.9742	40.0607	0.8230	0.8256	5.0000	-9999.0000	-9999.0000	-9999.0000	-9999.0000	-9999.0000	-9999.0000	19.9090	5	0	25.7989	1.0000	13	1	-9999.0000	13740	3921	-9999	1630	1734	-9999	530.9226	5	0.6514	0.6633	-0.0009	51.6666	4.4842	698.9175	428.4146	34.2824	677.5844	95.5324	728.3124	94.5139	740.1843	95.1852	749.0638	95.0231	
27/08/2017	02:41:27	011992	H421128798HLR	L421	S		692.0343	1.0292	10.0000	100.2028	40.0303	0.8430	0.8273	5.0000	18.8033	815.1683	94.8611	14.6791	26.0000	0.9300	0.9480	0.6630	-0.0008	815.0000	816.1549	1.0275	-4.4982	100.1026	40.0246	0.8230	0.8249	5.0000	-9999.0000	-9999.0000	-9999.0000	-9999.0000	-9999.0000	-9999.0000	22.3095	6	0	26.0488	1.0000	13	1	-9999.0000	13741	3922	-9999	1631	1735	-9999	530.4124	5	0.6515	0.6630	-0.0008	52.4859	4.4310	695.9566	437.2149	34.5370	675.3904	95.7176	720.6632	94.6991	735.0759	95.1852	743.3530	95.0000	
27/08/2017	02:41:53	011992	H421128802HLR	L421	S		694.4419	1.0292	10.0000	100.1801	39.9721	0.8430	0.8272	5.0000	18.7288	815.1127	94.8380	14.2290	25.9000	0.9300	0.9478	0.6638	-0.0009	815.0000	816.9310	1.0275	-4.4961	99.9918	40.0641	0.8230	0.8254	5.0000	-9999.0000	-9999.0000	-9999.0000	-9999.0000	-9999.0000	-9999.0000	19.8429	7	0	25.2598	1.0000	13	1	-9999.0000	13741	3923	-9999	1632	1736	-9999	530.5202	5	0.6514	0.6638	-0.0009	52.7283	4.4273	698.4984	426.2806	35.9954	677.3306	95.5556	724.8812	94.6065	738.2250	95.1852	745.8263	95.0231	
27/08/2017	02:42:18	011992	H421125264HLR	L421	S		689.5745	1.0292	10.0000	100.1647	39.9635	0.8430	0.8273	5.0000	18.7688	815.1679	94.8843	15.9994	25.9000	0.9300	0.9479	0.6625	-0.0008	815.0000	817.3689	1.0275	-4.4949	100.1060	40.0505	0.8230	0.8258	5.0000	-9999.0000	-9999.0000	-9999.0000	-9999.0000	-9999.0000	-9999.0000	19.1588	8	0	25.4994	1.0000	13	1	-9999.0000	13742	3924	-9999	1633	1737	-9999	529.6689	5	0.6515	0.6625	-0.0008	52.4958	4.4456	690.1802	416.6276	33.4028	668.4958	94.8611	720.7190	94.3519	728.8324	95.0231	737.1704	95.0926	
27/08/2017	02:42:43	011992	H421128808HLR	L421	S		691.5350	1.0292	10.0000	100.1709	39.9990	0.8430	0.8273	5.0000	18.7386	815.1082	94.9074	14.9291	25.8000	0.9300	0.9479	0.6637	-0.0009	815.0000	819.4747	1.0275	-4.4891	100.1308	40.0198	0.8230	0.8251	5.0000	-9999.0000	-9999.0000	-9999.0000	-9999.0000	-9999.0000	-9999.0000	21.6989	1	0	24.9590	1.0000	13	1	-9999.0000	13742	3925	-9999	1633	1738	-9999	530.0982	5	0.6516	0.6637	-0.0009	45.8847	5.0436	692.5528	425.2242	35.8333	670.8085	94.7917	726.0042	94.3981	735.9393	95.1389	743.9829	95.1389	
27/08/2017	02:43:08	011992	H421128816HLR	L421	S		692.9826	1.0292	10.0000	100.1108	39.9936	0.8430	0.8271	5.0000	19.1994	815.0808	94.9074	15.1791	25.8000	0.9300	0.9478	0.6643	-0.0010	815.0000	819.5008	1.0275	-4.4891	99.9817	40.0681	0.8230	0.8254	5.0000	-9999.0000	-9999.0000	-9999.0000	-9999.0000	-9999.0000	-9999.0000	20.0093	2	0	24.9475	1.0000	13	1	-9999.0000	13743	3926	-9999	1634	1739	-9999	529.7143	5	0.6514	0.6643	-0.0010	43.4065	5.2690	692.3954	415.5291	34.8148	670.6575	94.8843	724.2283	94.2593	733.4579	94.9769	742.9349	95.0000	
27/08/2017	02:43:34	011992	H421128790HLR	L421	S		693.0535	1.0292	10.0000	100.1926	39.9469	0.8430	0.8271	5.0000	18.8899	815.1035	94.8611	14.4292	25.7000	0.9300	0.9478	0.6646	-0.0010	815.0000	815.8275	1.0275	-4.4991	100.0576	40.0120	0.8230	0.8252	5.0000	-9999.0000	-9999.0000	-9999.0000	-9999.0000	-9999.0000	-9999.0000	20.0953	3	0	25.8994	1.0000	13	1	-9999.0000	13744	3927	-9999	1635	1740	-9999	530.3192	5	0.6516	0.6646	-0.0010	37.2232	5.7907	690.3979	411.9000	35.6944	666.8437	94.5139	725.2935	94.4444	733.2849	94.9537	741.1115	94.9306	
27/08/2017	02:43:59	011992	H421128803HLR	L421	S		700.3739	1.0292	10.0000	100.1355	39.9661	0.8430	0.8273	5.0000	18.6594	815.0874	94.8611	14.5297	25.7000	0.9300	0.9479	0.6648	-0.0010	815.0000	818.2814	1.0275	-4.4924	100.1275	39.9481	0.8230	0.8248	5.0000	-9999.0000	-9999.0000	-9999.0000	-9999.0000	-9999.0000	-9999.0000	22.3386	4	0	25.0188	1.0000	13	1	-9999.0000	13745	3928	-9999	1636	1740	-9999	530.0818	5	0.6511	0.6648	-0.0010	38.0721	5.7088	693.3424	410.9435	35.5324	672.8001	94.9074	725.5123	94.1435	734.9158	95.0694	742.4887	95.0926	
27/08/2017	02:44:24	011992	H421128794HLR	L421	S		697.0980	1.0292	10.0000	100.1583	39.9998	0.8430	0.8273	5.0000	18.7494	815.1208	94.8843	14.1196	25.7000	0.9300	0.9480	0.6702	-0.0014	815.0000	817.8359	1.0275	-4.4936	100.0782	40.0552	0.8230	0.8255	5.0000	-9999.0000	-9999.0000	-9999.0000	-9999.0000	-9999.0000	-9999.0000	19.8992	5	0	24.9093	1.0000	13	1	-9999.0000	13746	3929	-9999	1637	1741	-9999	530.3629	5	0.6507	0.6702	-0.0014	37.4617	5.7810	689.8206	425.2213	35.0231	665.1704	94.4907	720.9994	94.3750	730.9077	95.0926	739.7528	95.1157	
27/08/2017	02:44:49	011992	H421128791HLR	L421	S		696.9020	1.0292	10.0000	100.1663	39.9675	0.8430	0.8271	5.0000	18.9988	815.2020	94.8148	13.4292	25.7000	0.9300	0.9480	0.6711	-0.0015	815.0000	818.5000	1.0275	-4.4918	100.1837	40.0695	0.8230	0.8258	5.0000	-9999.0000	-9999.0000	-9999.0000	-9999.0000	-9999.0000	-9999.0000	19.2584	6	0	25.5298	1.0000	13	1	-9999.0000	13747	3930	-9999	1638	1741	-9999	531.2831	5	0.6503	0.6711	-0.0015	38.8631	5.6915	689.6989	415.7159	34.2593	667.4893	94.7917	723.1037	94.4444	733.9665	95.1157	744.2770	95.1852	
27/08/2017	02:45:14	011992	H421128787HLR	L421	S		690.3394	1.0292	10.0000	100.1645	39.9569	0.8430	0.8272	5.0000	18.9380	815.1329	94.8611	13.7095	25.7000	0.9300	0.9480	0.6705	-0.0014	815.0000	816.9533	1.0275	-4.4960	100.1480	40.0319	0.8230	0.8251	5.0000	-9999.0000	-9999.0000	-9999.0000	-9999.0000	-9999.0000	-9999.0000	21.3487	7	0	24.8081	1.0000	13	1	-9999.0000	13748	3931	-9999	1639	1742	-9999	530.8952	5	0.6503	0.6705	-0.0014	38.2811	5.7788	687.9229	410.6437	35.4167	665.5094	94.8843	722.5321	94.2130	732.7017	95.0231	741.7089	95.0694	
27/08/2017	02:45:40	011992	H421128797HLR	L421	S		696.3233	1.0292	10.0000	100.1834	39.9735	0.8430	0.8273	5.0000	18.7786	815.0957	94.9074	14.1694	25.7000	0.9300	0.9481	0.6746	-0.0017	815.0000	818.2296	1.0275	-4.4925	100.0274	40.0683	0.8230	0.8257	5.0000	-9999.0000	-9999.0000	-9999.0000	-9999.0000	-9999.0000	-9999.0000	19.4346	8	0	25.6593	1.0000	13	1	-9999.0000	13749	3932	-9999	1640	1743	-9999	530.0264	5	0.6500	0.6746	-0.0017	42.1342	5.5050	683.6794	415.4596	34.1204	661.9035	94.5139	717.2311	94.2824	726.9288	95.0231	735.6233	94.8380	
27/08/2017	02:46:05	011992	H421128792HLR	L421	S		697.9960	1.0292	10.0000	100.1949	39.9902	0.8430	0.8273	5.0000	18.6691	815.1132	94.8611	14.1196	25.7000	0.9300	0.9482	0.6745	-0.0017	815.0000	817.9081	1.0275	-4.4934	100.1080	39.9948	0.8230	0.8249	5.0000	-9999.0000	-9999.0000	-9999.0000	-9999.0000	-9999.0000	-9999.0000	21.9386	1	0	25.4189	1.0000	13	1	-9999.0000	13750	3933	-9999	1641	1744	-9999	529.9846	5	0.6499	0.6745	-0.0017	46.6137	5.2435	680.8728	405.4131	34.3981	658.4613	94.5139	717.1718	94.3750	725.8508	95.0000	734.8383	95.0000	
27/08/2017	02:46:31	011992	H421128788HLR	L421	S		687.0982	1.0292	10.0000	100.1664	39.9719	0.8430	0.8272	5.0000	18.7989	815.1591	94.8843	14.6899	25.8000	0.9300	0.9482	0.6725	-0.0016	815.0000	815.8212	1.0275	-4.4991	100.0915	40.0192	0.8230	0.8249	5.0000	-9999.0000	-9999.0000	-9999.0000	-9999.0000	-9999.0000	-9999.0000	21.9721	2	0	25.4091	1.0000	13	1	-9999.0000	13751	3934	-9999	1642	1745	-9999	529.1767	5	0.6498	0.6725	-0.0016	51.5877	4.9065	679.2509	410.5717	34.7222	656.8322	94.4907	711.8449	94.3519	722.9719	95.0231	731.5439	95.0926	
27/08/2017	02:46:56	011992	H421125516HLR	L421	S		698.7849	1.0292	10.0000	100.1927	39.9627	0.8430	0.8272	5.0000	18.7288	815.1516	94.8843	13.3999	25.8000	0.9300	0.9482	0.6692	-0.0014	815.0000	817.2451	1.0275	-4.4952	100.1935	40.0601	0.8230	0.8255	5.0000	-9999.0000	-9999.0000	-9999.0000	-9999.0000	-9999.0000	-9999.0000	19.7570	3	0	24.9299	1.0000	13	1	-9999.0000	13752	3935	-9999	1643	1746	-9999	530.5887	5	0.6496	0.6692	-0.0014	67.6744	3.8215	689.7924	406.9096	35.0694	667.8966	94.8843	724.6078	94.2130	735.4040	95.0231	744.5995	95.1157	
27/08/2017	02:47:21	011992	H421128799HLR	L421	S		698.4282	1.0292	10.0000	100.1988	39.9796	0.8430	0.8272	5.0000	18.9493	815.0986	94.9074	14.7895	25.8000	0.9300	0.9482	0.6699	-0.0014	815.0000	815.9526	1.0275	-4.4988	100.1429	40.0232	0.8230	0.8250	5.0000	-9999.0000	-9999.0000	-9999.0000	-9999.0000	-9999.0000	-9999.0000	21.3796	4	0	25.0088	1.0000	13	1	-9999.0000	13753	3936	-9999	1644	1747	-9999	528.7509	5	0.6494	0.6699	-0.0014	63.6149	4.1006	683.3970	416.7819	34.7222	658.8914	95.3704	717.6984	94.3519	729.4013	95.2315	737.5922	95.0463	
27/08/2017	02:47:46	011992	H421128801HLR	L421	S		696.8829	1.0292	10.0000	100.1772	39.9754	0.8430	0.8271	5.0000	19.4993	815.1561	94.8380	13.8598	25.9000	0.9300	0.9482	0.6667	-0.0012	815.0000	815.2400	1.0275	-4.4649	100.1418	40.1096	0.8230	0.8259	5.0000	-9999.0000	-9999.0000	-9999.0000	-9999.0000	-9999.0000	-9999.0000	19.1366	5	0	24.9492	1.0000	13	1	-9999.0000	13754	3937	-9999	1645	1748	-9999	529.6782	5	0.6491	0.6667	-0.0012	72.2592	3.4990	689.4870	415.2067	35.7639	667.4585	95.5787	721.8025	94.5602	732.6512	95.2083	740.8778	95.0463	
27/08/2017	02:48:11	011992	H421128785HLR	L421	S		693.9175	1.0292	10.0000	100.2111	39.9894	0.8430	0.8272	5.0000	18.6582	815.1108	94.8611	14.5395	25.9000	0.9300	0.9481	0.6639	-0.0010	815.0000	814.2894	1.0275	-4.3364	100.0395	40.1026	0.8230	0.8258	5.0000	-9999.0000	-9999.0000	-9999.0000	-9999.0000	-9999.0000	-9999.0000	19.2179	6	0	24.9083	1.0000	13	1	-9999.0000	13755	3938	-9999	1646	1749	-9999	528.8581	5	0.6489	0.6639	-0.0010	70.1441	3.6533	689.0759	439.3870	36.0417	667.3230	95.5556	717.1124	94.7222	730.3411	95.1852	737.8869	94.9769	
27/08/2017	02:48:36	011992	H421128807HLR	L421	S		700.3980	1.0292	10.0000	100.2292	39.9784	0.8430	0.8272	5.0000	18.7871	815.0993	94.8843	12.8794	26.0000	0.9300	0.9481	0.6623	-0.0009	815.0000	814.8237	1.0275	-4.4086	100.0630	40.1084	0.8230	0.8258	5.0000	-9999.0000	-9999.0000	-9999.0000	-9999.0000	-9999.0000	-9999.0000	19.3228	7	0	25.5628	1.0000	13	1	-9999.0000	13756	3939	-9999	1647	1750	-9999	529.9597	5	0.6488	0.6623	-0.0009	67.4452	3.8479	701.4605	443.0437	35.9954	680.4544	95.5787	730.6531	94.5833	743.7353	95.2083	750.8665	95.0000	
27/08/2017	02:49:01	011992	H421128815HLR	L421	S		698.2750	1.0292	10.0000	100.2419	39.9836	0.8430	0.8272	5.0000	18.7891	815.0963	94.8611	13.2896	26.0000	0.9300	0.9481	0.6596	-0.0008	815.0000	813.6024	1.0275	-4.2436	100.0297	40.1306	0.8230	0.8259	5.0000	-9999.0000	-9999.0000	-9999.0000	-9999.0000	-9999.0000	-9999.0000	19.2086	8	0	25.0661	1.0000	13	1	-9999.0000	13757	3940	-9999	1648	1750	-9999	529.4688	5	0.6485	0.6596	-0.0008	71.3660	3.5873	703.2111	450.1807	36.5046	682.3979	95.4630	729.3726	94.6991	740.1054	95.2315	747.7491	95.0231	
27/08/2017	02:49:28	011992	H421128825HLR	L421	S		700.6389	1.0292	10.0000	100.1943	39.9824	0.8430	0.8270	5.0000	19.5695	815.0975	94.8843	13.5796	26.1000	0.9300	0.9482	0.6619	-0.0009	815.0000	814.9486	1.0275	-4.4255	100.1843	40.1291	0.8230	0.8258	5.0000	-9999.0000	-9999.0000	-9999.0000	-9999.0000	-9999.0000	-9999.0000	19.5775	1	0	26.6786	1.0000	13	1	-9999.0000	13758	3941	-9999	1649	1751	-9999	529.2966	5	0.6485	0.6619	-0.0009	74.9256	3.3168	702.1017	464.2301	36.1343	681.9670	95.4861	729.2631	94.7685	742.7474	95.2315	749.8489	95.0000	
27/08/2017	02:49:53	011992	H421128812HLR	L421	S		696.2923	1.0292	10.0000	100.2183	39.9946	0.8430	0.8271	5.0000	19.4682	815.1058	94.8843	13.6391	26.1000	0.9300	0.9483	0.6611	-0.0009	815.0000	813.0570	1.0275	-4.1699	99.9543	40.1122	0.8230	0.8255	5.0000	-9999.0000	-9999.0000	-9999.0000	-9999.0000	-9999.0000	-9999.0000	20.0090	2	0	24.9495	1.0000	13	1	-9999.0000	13758	3942	-9999	1650	1752	-9999	529.2457	5	0.6485	0.6611	-0.0009	77.2240	3.1374	698.3030	449.6562	37.5463	676.9990	95.5093	725.2946	94.6528	738.5447	95.1620	746.5407	94.9769	
27/08/2017	02:50:18	011992	H421128955HLR	L421	S		693.7335	1.0292	10.0000	100.2390	40.0160	0.8430	0.8272	5.0000	18.8090	815.1464	94.8611	14.7299	26.1000	0.9300	0.9483	0.6675	-0.0013	815.0000	813.4381	1.0275	-4.2214	100.0434	40.1355	0.8230	0.8259	5.0000	-9999.0000	-9999.0000	-9999.0000	-9999.0000	-9999.0000	-9999.0000	19.2294	3	0	24.8886	1.0000	13	1	-9999.0000	13759	3943	-9999	1651	1753	-9999	528.2502	5	0.6487	0.6675	-0.0013	67.8961	3.7779	686.5013	443.7397	36.5509	666.5104	95.6019	714.8978	94.6296	727.3425	95.2315	736.2944	94.9306	
27/08/2017	02:50:43	011992	H421128821HLR	L421	S		698.8873	1.0292	10.0000	100.2228	40.0120	0.8430	0.8272	5.0000	18.8088	815.1051	94.8843	13.6997	26.2000	0.9300	0.9483	0.6676	-0.0013	815.0000	814.2998	1.0275	-4.3378	100.1150	40.1291	0.8230	0.8257	5.0000	-9999.0000	-9999.0000	-9999.0000	-9999.0000	-9999.0000	-9999.0000	19.6785	4	0	25.1788	1.0000	13	1	-9999.0000	13760	3944	-9999	1652	1754	-9999	529.4233	5	0.6489	0.6676	-0.0013	68.6376	3.6841	694.8250	443.5873	35.0231	674.0613	95.7639	723.2268	94.5833	736.3941	95.1852	744.6094	95.0231	
27/08/2017	02:51:08	011992	H421128813HLR	L421	S		686.3984	1.0292	10.0000	100.0231	39.9475	0.8430	0.8265	5.0000	21.7680	815.1262	94.9306	15.9389	26.2000	0.9300	0.9483	0.6641	-0.0011	815.0000	811.4502	1.0275	-3.9527	100.0280	40.1298	0.8230	0.8256	5.0000	-9999.0000	-9999.0000	-9999.0000	-9999.0000	-9999.0000	-9999.0000	19.8589	5	0	25.0600	1.0000	13	1	-9999.0000	13761	3945	-9999	1653	1755	-9999	527.5027	5	0.6491	0.6641	-0.0011	74.0376	3.2517	682.9702	426.0913	34.3750	661.1567	95.5324	712.6871	94.3750	723.4661	95.1157	729.4502	95.0463	
27/08/2017	02:51:33	011992	H421128831HLR	L421	S		695.6604	1.0292	10.0000	100.2261	39.9994	0.8430	0.8272	5.0000	18.9488	815.1638	94.8611	13.9096	26.2000	0.9300	0.9481	0.6670	-0.0013	815.0000	814.0765	1.0275	-4.3076	100.0430	40.1459	0.8230	0.8259	5.0000	-9999.0000	-9999.0000	-9999.0000	-9999.0000	-9999.0000	-9999.0000	19.2185	6	0	25.0383	1.0000	13	1	-9999.0000	13762	3946	-9999	1654	1756	-9999	529.3263	5	0.6492	0.6670	-0.0013	81.0977	2.7036	691.4386	446.1492	35.6713	669.7285	95.6713	721.6754	94.5833	734.3134	95.2315	742.8236	95.0000	
27/08/2017	02:51:58	011992	H421128971HLR	L421	S		694.9065	1.0292	10.0000	100.1999	40.0830	0.8430	0.8273	5.0000	18.7585	815.1695	94.8843	13.7495	26.2000	0.9300	0.9481	0.6632	-0.0010	815.0000	812.9227	1.0275	-4.1517	100.0110	40.1361	0.8230	0.8258	5.0000	-9999.0000	-9999.0000	-9999.0000	-9999.0000	-9999.0000	-9999.0000	19.4382	7	0	24.9093	1.0000	13	1	-9999.0000	13763	3947	-9999	1655	1757	-9999	529.5512	5	0.6493	0.6632	-0.0010	80.3037	2.7592	694.5497	425.9217	34.3519	672.7257	95.4861	725.3463	94.3981	738.0805	95.1389	746.4660	95.0231	
27/08/2017	02:52:23	011992	H421128958HLR	L421	S		694.0434	1.0292	10.0000	100.2279	40.0465	0.8430	0.8272	5.0000	18.8294	815.1082	94.8843	14.2495	26.2000	0.9300	0.9482	0.6633	-0.0010	815.0000	814.2882	1.0275	-4.3362	99.9991	40.1165	0.8230	0.8256	5.0000	-9999.0000	-9999.0000	-9999.0000	-9999.0000	-9999.0000	-9999.0000	19.9296	8	0	24.8282	1.0000	13	1	-9999.0000	13764	3948	-9999	1655	1758	-9999	529.2279	5	0.6494	0.6633	-0.0010	81.6493	2.6262	694.6604	435.2184	36.4120	675.1009	95.4630	723.1277	94.4907	735.6391	95.1852	743.8085	95.0231	
27/08/2017	02:52:48	011992	H421128978HLR	L421	S		698.5801	1.0292	10.0000	100.2425	39.9978	0.8430	0.8272	5.0000	18.8611	815.0840	94.8611	13.6293	26.2000	0.9300	0.9482	0.6643	-0.0011	815.0000	812.9908	1.0275	-4.1609	100.0227	40.1136	0.8230	0.8256	5.0000	-9999.0000	-9999.0000	-9999.0000	-9999.0000	-9999.0000	-9999.0000	19.7392	1	0	24.7891	1.0000	13	1	-9999.0000	13765	3949	-9999	1656	1759	-9999	529.7062	5	0.6495	0.6643	-0.0011	72.2719	3.2738	699.5183	438.8347	35.0000	679.0786	95.4630	727.9598	94.4676	740.4612	95.2083	748.6825	95.0694	
27/08/2017	02:53:12	011992	H421128950HLR	L421	S		695.2064	1.0292	10.0000	100.2100	40.0258	0.8430	0.8273	5.0000	18.7893	815.1203	94.8611	13.5688	26.2000	0.9300	0.9481	0.6583	-0.0006	815.0000	813.0487	1.0275	-4.1687	100.0335	40.1094	0.8230	0.8256	5.0000	-9999.0000	-9999.0000	-9999.0000	-9999.0000	-9999.0000	-9999.0000	19.8581	2	0	24.9200	1.0000	13	1	-9999.0000	13765	3950	-9999	1657	1760	-9999	529.7551	5	0.6495	0.6583	-0.0006	71.6760	3.3218	698.5816	423.4895	33.9352	677.1669	95.3009	728.8013	94.4676	741.2644	95.1852	749.5452	94.9769	
27/08/2017	02:53:37	011992	H421128940HLR	L421	S		695.7283	1.0292	10.0000	100.2455	40.0770	0.8430	0.8273	5.0000	18.9130	815.1083	94.8611	13.1997	26.1000	0.9300	0.9481	0.6583	-0.0006	815.0000	813.2216	1.0275	-4.1921	100.1750	40.1271	0.8230	0.8258	5.0000	-9999.0000	-9999.0000	-9999.0000	-9999.0000	-9999.0000	-9999.0000	19.2588	3	0	24.8033	1.0000	13	1	-9999.0000	13766	3951	-9999	1658	1761	-9999	530.0536	5	0.6497	0.6583	-0.0006	72.4254	3.2614	699.7282	442.1534	35.3472	678.1389	95.1852	732.4588	94.4444	743.7654	95.1620	751.8395	95.0231	
27/08/2017	02:54:03	011992	H421128975HLR	L421	S		702.4904	1.0292	10.0000	100.2202	40.0427	0.8430	0.8271	5.0000	19.2891	815.0955	94.8611	12.6695	26.1000	0.9300	0.9480	0.6572	-0.0005	815.0000	814.1476	1.0275	-4.3172	100.0683	40.1106	0.8230	0.8258	5.0000	-9999.0000	-9999.0000	-9999.0000	-9999.0000	-9999.0000	-9999.0000	19.3288	4	0	25.7544	1.0000	13	1	-9999.0000	13766	3952	-9999	1659	1762	-9999	530.3821	5	0.6499	0.6572	-0.0005	71.8636	3.3024	707.3577	441.1870	34.6991	686.5190	95.1852	735.2690	94.5370	747.6452	95.1852	756.5569	95.0000	
27/08/2017	02:54:28	011992	H421128954HLR	L421	S		698.5260	1.0292	10.0000	100.2316	40.0028	0.8430	0.8272	5.0000	18.8693	815.0748	94.8380	13.8794	26.1000	0.9300	0.9480	0.6559	-0.0004	815.0000	815.8911	1.0275	-4.4989	100.1128	40.0924	0.8230	0.8254	5.0000	-9999.0000	-9999.0000	-9999.0000	-9999.0000	-9999.0000	-9999.0000	20.2873	5	0	24.8294	1.0000	13	1	-9999.0000	13767	3953	-9999	1660	1763	-9999	529.9752	5	0.6500	0.6559	-0.0004	69.1374	3.4948	702.8430	429.8782	34.6065	681.7788	95.0463	730.7931	94.2593	742.2550	95.0926	750.8548	95.1157	
27/08/2017	02:54:53	011992	H421128965HLR	L421	S		702.5864	1.0292	10.0000	100.2165	40.0387	0.8430	0.8272	5.0000	18.8623	815.1911	94.9306	12.4400	26.0000	0.9300	0.9481	0.6591	-0.0006	815.0000	816.1683	1.0275	-4.4982	100.0293	40.1042	0.8230	0.8256	5.0000	-9999.0000	-9999.0000	-9999.0000	-9999.0000	-9999.0000	-9999.0000	19.5390	6	0	25.0388	1.0000	13	1	-9999.0000	13767	3954	-9999	1661	1764	-9999	530.9662	5	0.6502	0.6591	-0.0006	68.5059	3.5386	704.3057	417.1799	35.1620	680.7662	94.2130	741.9510	94.4213	749.1455	94.8843	758.1050	95.0231	
27/08/2017	02:55:19	011992	H421128982HLR	L421	S		696.1010	1.0292	10.0000	100.2334	40.0623	0.8430	0.8273	5.0000	18.8391	815.1465	94.8380	13.5591	26.0000	0.9300	0.9481	0.6581	-0.0006	815.0000	816.0631	1.0275	-4.4985	99.9732	40.0976	0.8230	0.8257	5.0000	-9999.0000	-9999.0000	-9999.0000	-9999.0000	-9999.0000	-9999.0000	19.5136	7	0	25.6992	1.0000	13	1	-9999.0000	13768	3955	-9999	1662	1765	-9999	530.4617	5	0.6505	0.6581	-0.0006	70.0110	3.4444	699.2868	412.3302	35.0694	676.8977	94.3056	734.7201	94.4213	743.9568	95.0000	751.9561	95.0694	
27/08/2017	02:55:43	011992	H421128941HLR	L421	S		692.8074	1.0292	10.0000	100.2234	40.0381	0.8430	0.8272	5.0000	18.7395	815.0769	94.8843	14.8588	25.9000	0.9300	0.9480	0.6588	-0.0006	815.0000	816.4073	1.0275	-4.4975	100.0978	40.0275	0.8230	0.8249	5.0000	-9999.0000	-9999.0000	-9999.0000	-9999.0000	-9999.0000	-9999.0000	22.2599	8	0	24.9085	1.0000	13	1	-9999.0000	13768	3956	-9999	1663	1766	-9999	529.8428	5	0.6506	0.6588	-0.0006	65.9609	3.7154	692.2265	405.0165	35.5324	669.3134	94.6065	726.5535	94.1898	734.3790	95.0463	742.9165	95.0694	
27/08/2017	02:56:08	011992	H421128530HLR	L421	S		699.3292	1.0292	10.0000	100.2073	40.0283	0.8430	0.8272	5.0000	18.7796	815.0988	94.8843	13.4692	25.9000	0.9300	0.9481	0.6579	-0.0005	815.0000	816.3146	1.0275	-4.4978	100.0344	40.0745	0.8230	0.8254	5.0000	-9999.0000	-9999.0000	-9999.0000	-9999.0000	-9999.0000	-9999.0000	19.8484	1	0	24.9195	1.0000	13	1	-9999.0000	13769	3957	-9999	1664	1767	-9999	530.5158	5	0.6506	0.6579	-0.0005	66.4192	3.6791	699.2133	414.7081	35.5093	676.8613	94.1204	734.0992	94.8611	744.3527	95.1157	751.9271	94.7917	
27/08/2017	02:56:35	011992	H421128494HLR	L421	S		699.1738	1.0292	10.0000	100.2353	40.0417	0.8430	0.8272	5.0000	18.8294	815.1141	94.8843	13.3198	25.9000	0.9300	0.9480	0.6573	-0.0005	815.0000	817.3132	1.0275	-4.4950	100.0961	40.0768	0.8230	0.8257	5.0000	-9999.0000	-9999.0000	-9999.0000	-9999.0000	-9999.0000	-9999.0000	19.4782	2	0	26.5012	1.0000	13	1	-9999.0000	13770	3958	-9999	1665	1768	-9999	530.5656	5	0.6506	0.6573	-0.0005	68.4546	3.5353	705.7671	426.6409	35.0463	684.4593	95.6713	734.6278	94.4213	745.8676	95.1620	753.8734	95.0231	
27/08/2017	02:57:00	011992	H421128538HLR	L421	S		698.3907	1.0292	10.0000	100.2441	40.0325	0.8430	0.8272	5.0000	18.8094	815.0812	94.8611	13.2788	25.8000	0.9300	0.9480	0.6571	-0.0005	815.0000	816.3493	1.0275	-4.4977	100.0761	40.0046	0.8230	0.8248	5.0000	-9999.0000	-9999.0000	-9999.0000	-9999.0000	-9999.0000	-9999.0000	22.9586	3	0	24.9366	1.0000	13	1	-9999.0000	13771	3959	-9999	1666	1769	-9999	530.4628	5	0.6505	0.6571	-0.0005	69.8448	3.4496	702.5665	444.1701	36.1574	681.8666	95.5787	732.3872	94.3750	744.1330	95.1852	751.4879	95.0463	
27/08/2017	02:57:25	011992	H421128528HLR	L421	S		700.8426	1.0292	10.0000	100.1812	40.0296	0.8430	0.8273	5.0000	18.6302	815.1062	94.9074	12.7798	25.8000	0.9300	0.9481	0.6590	-0.0006	815.0000	817.0374	1.0275	-4.4958	100.0638	40.0699	0.8230	0.8254	5.0000	-9999.0000	-9999.0000	-9999.0000	-9999.0000	-9999.0000	-9999.0000	19.8289	4	0	25.5392	1.0000	13	1	-9999.0000	13772	3960	-9999	1667	1770	-9999	530.8410	5	0.6505	0.6590	-0.0006	68.3645	3.5818	706.1276	437.4656	34.4444	684.2946	95.2315	736.4716	94.3287	747.8452	95.1620	756.4530	95.0231	
27/08/2017	02:57:51	011992	H421128516HLR	L421	S		698.7143	1.0292	10.0000	100.2048	40.0194	0.8430	0.8272	5.0000	19.1098	815.1282	94.9074	13.1792	25.8000	0.9300	0.9481	0.6585	-0.0006	815.0000	816.5960	1.0275	-4.4970	100.0948	40.0339	0.8230	0.8250	5.0000	-9999.0000	-9999.0000	-9999.0000	-9999.0000	-9999.0000	-9999.0000	21.5376	5	0	25.2187	1.0000	13	1	-9999.0000	13773	3961	-9999	1668	1771	-9999	530.5232	5	0.6504	0.6585	-0.0006	68.6630	3.5656	701.4754	435.9656	35.1620	680.0409	95.1620	732.3826	94.3056	743.2849	95.0231	751.2245	95.0694	
27/08/2017	02:58:15	011992	H421128524HLR	L421	S		695.3882	1.0292	10.0000	100.0568	39.9848	0.8430	0.8268	5.0000	20.3487	815.1114	94.8611	13.9692	25.7000	0.9300	0.9480	0.6566	-0.0005	815.0000	818.1590	1.0275	-4.4927	100.0703	40.0389	0.8230	0.8249	5.0000	-9999.0000	-9999.0000	-9999.0000	-9999.0000	-9999.0000	-9999.0000	21.7854	6	0	24.8891	1.0000	13	1	-9999.0000	13773	3962	-9999	1668	1772	-9999	530.1930	5	0.6504	0.6566	-0.0005	67.8149	3.6456	700.2654	439.6662	34.7454	679.9250	95.1620	730.1260	94.3981	739.8391	95.0694	748.7851	95.0694	
27/08/2017	02:58:40	011992	H421128497HLR	L421	S		701.1201	1.0292	10.0000	100.2078	40.0032	0.8430	0.8271	5.0000	19.0783	815.1009	94.8843	13.0396	25.7000	0.9300	0.9481	0.6560	-0.0004	815.0000	817.6694	1.0275	-4.4941	99.9440	40.0838	0.8230	0.8257	5.0000	-9999.0000	-9999.0000	-9999.0000	-9999.0000	-9999.0000	-9999.0000	18.9510	7	0	24.9288	1.0000	13	1	-9999.0000	13774	3963	-9999	1669	1773	-9999	530.4651	5	0.6504	0.6560	-0.0004	69.4012	3.5515	703.4072	422.4239	35.4630	681.8491	95.4167	734.2629	94.3287	745.9461	95.2083	754.8228	95.1157	
27/08/2017	02:59:05	011992	H421128490HLR	L421	S		673.2423	1.0292	10.0000	100.2269	40.0449	0.8430	0.8273	5.0000	18.7989	815.0776	94.8843	14.7494	25.6000	0.9300	0.9481	0.6578	-0.0006	815.0000	821.9657	1.0275	-4.4823	100.0916	40.0756	0.8230	0.8257	5.0000	-9999.0000	-9999.0000	-9999.0000	-9999.0000	-9999.0000	-9999.0000	19.4492	8	0	24.8994	1.0000	13	1	-9999.0000	13774	3964	-9999	1669	1774	-9999	529.5908	5	0.6504	0.6578	-0.0006	66.7131	3.7653	681.1586	434.7126	35.8102	657.9803	95.3935	713.8948	94.4444	724.3425	95.0694	733.2194	94.9769	
27/08/2017	02:59:30	011992	H421128499HLR	L421	S		698.4966	1.0292	10.0000	100.2383	40.0084	0.8430	0.8272	5.0000	18.7584	815.0659	94.8843	13.8091	25.6000	0.9300	0.9481	0.6571	-0.0005	815.0000	816.8573	1.0275	-4.4963	100.1161	40.1110	0.8230	0.8259	5.0000	-9999.0000	-9999.0000	-9999.0000	-9999.0000	-9999.0000	-9999.0000	19.2489	1	0	24.9289	1.0000	13	1	-9999.0000	13775	3965	-9999	1670	1775	-9999	529.9375	5	0.6503	0.6571	-0.0005	67.2276	3.7394	701.1297	439.5313	35.9259	680.4821	95.4630	728.6830	94.4444	740.5936	95.1852	747.5049	95.0231	
27/08/2017	02:59:55	011992	H421128519HLR	L421	S		676.6330	1.0292	10.0000	100.2049	39.9853	0.8430	0.8273	5.0000	18.7495	815.0741	94.8611	13.7397	25.7000	0.9300	0.9482	0.6595	-0.0007	815.0000	818.9897	1.0275	-4.4904	100.0742	40.0904	0.8230	0.8254	5.0000	-9999.0000	-9999.0000	-9999.0000	-9999.0000	-9999.0000	-9999.0000	20.1589	2	0	24.9195	1.0000	13	1	-9999.0000	13775	3966	-9999	1670	1776	-9999	529.7930	5	0.6501	0.6595	-0.0007	65.9500	3.8681	689.5133	446.2935	36.2963	663.6611	95.4630	727.3676	94.3981	739.5567	95.2083	748.7758	95.0000	
