Data	Timp	Nr. masina	Nr. de serie	Tip	Productie	Comentariu	Pre-masurare Q [ml/min]	Pre-masurare Gain	Pre-masurare Offset Master	Pre-masurare P [bar]	Pre-masurare T [°C]	Pre-masurare Densitate fixa [kg/l]	Pre-masurare densitate masurata [kg/l]	Pre-masurare Timp masurare [s]	Pre-masurare Cycle time [s]	rectificare Q Oprire [ml/min]	rectificare P Oprire [bar]	rectificare Timp rectificare [s]	rectificare T [°C]	rectificare Densitate fixa [kg/l]	rectificare densitate masurata [kg/l]	rectificare Factor de masurare la rectificare	rectificare Factor de corectie a debitului	rectificare Target rectificare	Masurare Q [ml/min]	Masurare Gain	Masurare Offset Master	Masurare P [bar]	Masurare T [°C]	Masurare Densitate fixa [kg/l]	Masurare densitate masurata [kg/l]	Masurare Timp masurare [s]	Masurare Q [ml/min]	Masurare Delta Q [ml/min]	Masurare P [bar]	Masurare BP [bar]	Masurare T [°C]	Masurare Timp masurare [s]	Masurare Cycle time [s]	Nest Nr.	Cod de descarcare	Cycle time [s]	Traceability aktiv	EDM Maschine Nr	EDM Spindle Nr	Honing Rate [r	Station Counter Premeasure	Station Counter Grind	Station Counter Blowout 1	Station Counter Wash	Station Counter Measure	Station Counter Blowout 2	RealGrindQStop	Reg Type	Factor 0	Factor 1	Factor 2	Factor 3	Factor 4	G_StartQV	G_StartQV_1	G_StartQV_2	G_StartQV_3	G_StartQV_4	G_StartQV_5	
14/08/2017	06:45:36	011992	G523043109HLR	L523	S		429.0314	1.0292	7.3728	100.0520	39.6255	0.8430	0.8286	5.0000	18.6397	508.0610	94.9074	15.7235	23.8000	0.9300	0.9275	0.6517	-0.0006	508.0000	509.3189	1.0275	8.1471	100.0498	40.1146	0.8230	0.8275	5.0000	-9999.0000	-9999.0000	-9999.0000	-9999.0000	-9999.0000	-9999.0000	18.4384	3	0	24.8995	1.0000	99	9	-9999.0000	23245	34174	-9999	1594	1520	-9999	326.0358	5	0.6407	0.6517	-0.0006	44.0831	1.3810	480.6156	296.8441	36.7130	462.2465	96.3889	473.3384	95.9028	478.4871	95.9722	482.5736	95.1852	
14/08/2017	06:46:37	011992	G523043098HLR	L523	S		406.7183	1.0292	9.9978	100.0083	39.3571	0.8430	0.8281	5.0000	20.1184	0.0000	0.0000	0.0000	0.0000	0.9300	0.0000	0.0000	0.0000	0.0000	408.5893	1.0275	1.0289	99.9582	39.2850	0.8230	0.8277	5.0000	-9999.0000	-9999.0000	-9999.0000	-9999.0000	-9999.0000	-9999.0000	18.0874	5	7	37.9489	1.0000	99	9	-9999.0000	23246	0	-9999	1595	1521	-9999	0.0000	0	0.0000	0.0000	0.0000	0.0000	0.0000	0.0000	0.0000	0.0000	0.0000	0.0000	0.0000	0.0000	0.0000	0.0000	0.0000	0.0000	
14/08/2017	06:47:31	011992	G523040618HLR	L523	S		406.3868	1.0292	9.9923	99.9910	39.6427	0.8430	0.8283	5.0000	18.9787	0.0000	0.0000	0.0000	0.0000	0.9300	0.0000	0.0000	0.0000	0.0000	409.0421	1.0275	1.0681	100.0034	40.0623	0.8230	0.8278	5.0000	-9999.0000	-9999.0000	-9999.0000	-9999.0000	-9999.0000	-9999.0000	18.1493	7	7	31.2959	1.0000	99	9	-9999.0000	23247	0	-9999	1596	1522	-9999	0.0000	0	0.0000	0.0000	0.0000	0.0000	0.0000	0.0000	0.0000	0.0000	0.0000	0.0000	0.0000	0.0000	0.0000	0.0000	0.0000	0.0000	
14/08/2017	06:48:21	011992	G523042244HLR	L523	S		421.6328	1.0292	8.2432	99.9840	39.4729	0.8430	0.8281	5.0000	18.6987	508.0359	94.9769	27.1689	23.6000	0.9300	0.9273	0.6502	-0.0006	508.0000	506.2431	1.0275	8.4515	99.9493	39.4287	0.8230	0.8280	5.0000	-9999.0000	-9999.0000	-9999.0000	-9999.0000	-9999.0000	-9999.0000	18.4894	1	0	27.6990	1.0000	99	9	-9999.0000	23248	34175	-9999	1597	1523	-9999	321.5415	5	0.6401	0.6502	-0.0006	44.1403	1.3828	460.9848	444.7098	36.8750	446.3818	96.2731	455.4015	96.5741	458.6880	96.3426	460.3240	94.4907	
14/08/2017	06:49:08	011992	G523041349HLR	L523	S		431.5808	1.0292	7.0729	100.0339	39.5323	0.8430	0.8281	5.0000	18.8654	508.0171	94.9537	20.4895	23.6000	0.9300	0.9272	0.6502	-0.0006	508.0000	508.7957	1.0275	8.1989	99.9877	40.2657	0.8230	0.8285	5.0000	-9999.0000	-9999.0000	-9999.0000	-9999.0000	-9999.0000	-9999.0000	18.1630	3	0	24.9990	1.0000	99	9	-9999.0000	23249	34176	-9999	1598	1523	-9999	323.6730	5	0.6401	0.6502	-0.0006	44.1403	1.3828	468.0872	517.6689	37.9167	456.3182	95.4398	463.8701	95.1852	467.7913	94.9074	469.5943	94.5833	
14/08/2017	06:49:57	011992	G523043802HLR	L523	S		424.5954	1.0292	7.8947	99.9862	39.5948	0.8430	0.8283	5.0000	18.6684	508.0542	95.0463	16.5297	23.5000	0.9300	0.9272	0.6513	-0.0006	508.0000	509.8953	1.0275	8.0900	99.9639	39.3772	0.8230	0.8268	5.0000	-9999.0000	-9999.0000	-9999.0000	-9999.0000	-9999.0000	-9999.0000	18.4080	5	0	24.9591	1.0000	99	9	-9999.0000	23250	34177	-9999	1599	1524	-9999	325.5847	5	0.6377	0.6513	-0.0006	44.1025	1.3816	474.7538	488.2468	36.9676	457.2700	94.6528	470.1051	95.0463	474.2603	94.7685	477.0663	94.8843	
14/08/2017	06:52:31	011992	G523042179HLR	L523	S		422.6747	1.0292	8.1206	100.0252	39.6040	0.8430	0.8283	5.0000	18.9526	508.0521	94.9769	20.8791	23.6000	0.9300	0.9275	0.6502	-0.0006	508.0000	507.1419	1.0275	8.3625	100.0069	40.1988	0.8230	0.8302	5.0000	-9999.0000	-9999.0000	-9999.0000	-9999.0000	-9999.0000	-9999.0000	18.0890	3	0	24.9447	1.0000	99	9	-9999.0000	23253	34178	-9999	1602	1525	-9999	323.6142	5	0.6375	0.6502	-0.0006	44.1413	1.3828	465.6612	482.0917	38.0324	454.1635	94.4676	462.1221	95.0000	465.2872	94.5833	466.8065	94.8148	
14/08/2017	06:53:32	011992	G523042516HLR	L523	S		419.8602	1.0292	8.4517	100.0108	39.5206	0.8430	0.8281	5.0000	18.5939	508.0621	95.0000	19.3899	23.5000	0.9300	0.9273	0.6502	-0.0006	508.0000	508.4033	1.0275	8.2377	99.9658	39.4894	0.8230	0.8256	5.0000	-9999.0000	-9999.0000	-9999.0000	-9999.0000	-9999.0000	-9999.0000	18.8185	5	0	37.6295	1.0000	99	9	-9999.0000	23254	34179	-9999	1603	1526	-9999	324.1381	5	0.6375	0.6502	-0.0006	44.1413	1.3828	472.0024	509.1163	37.1528	457.2857	95.5324	468.1682	95.6250	471.8965	95.2083	474.0293	94.8148	
14/08/2017	06:54:19	011992	G523043331HLR	L523	S		417.4817	1.0292	8.7316	100.0173	39.6283	0.8430	0.8282	5.0000	18.6497	0.0000	0.0000	0.0000	0.0000	0.9300	0.0000	0.0000	0.0000	0.0000	423.0347	1.0275	2.2790	99.9411	40.2778	0.8230	0.8306	5.0000	-9999.0000	-9999.0000	-9999.0000	-9999.0000	-9999.0000	-9999.0000	19.0986	7	7	24.9095	1.0000	99	9	-9999.0000	23255	0	-9999	1604	1527	-9999	0.0000	0	0.0000	0.0000	0.0000	0.0000	0.0000	0.0000	0.0000	0.0000	0.0000	0.0000	0.0000	0.0000	0.0000	0.0000	0.0000	0.0000	
14/08/2017	06:55:27	011992	G523043338HLR	L523	S		421.8196	1.0292	8.2212	100.0054	39.5391	0.8430	0.8281	5.0000	20.0687	508.0354	94.9769	26.8496	23.6000	0.9300	0.9275	0.6452	-0.0004	508.0000	506.8132	1.0275	8.3951	100.0291	39.5443	0.8230	0.8254	5.0000	-9999.0000	-9999.0000	-9999.0000	-9999.0000	-9999.0000	-9999.0000	19.3690	1	0	24.8474	1.0000	99	9	-9999.0000	23256	34180	-9999	1605	1528	-9999	322.6398	5	0.6376	0.6452	-0.0004	80.8894	0.1314	457.4246	497.5706	37.5463	443.5426	95.5556	452.7716	95.6019	457.2665	95.3009	458.8278	94.7917	
14/08/2017	06:59:00	011992	error reading	L523	R		0.0000	0.0000	0.0000	0.0000	0.0000	0.8430	0.0000	0.0000	0.0000	0.0000	0.0000	0.0000	0.0000	0.9300	0.0000	0.0000	0.0000	0.0000	0.0000	0.0000	0.0000	0.0000	0.0000	0.8230	0.0000	0.0000	0.0000	0.0000	0.0000	0.0000	0.0000	0.0000	0.0000	0	28	24.9291	1.0000	99	9	0.0000	0	0	0	0	0	0	0.0000	0	0.0000	0.0000	0.0000	0.0000	0.0000	0.0000	0.0000	0.0000	0.0000	0.0000	0.0000	0.0000	0.0000	0.0000	0.0000	0.0000	
14/08/2017	06:59:45	011992	G523041816HLR	L523	Q		428.0372	1.0292	7.4897	99.9739	39.7355	0.8430	0.8287	5.0000	18.5295	508.0362	94.9769	24.4893	23.9000	0.9300	0.9275	0.6468	-0.0004	508.0000	510.6280	1.0275	8.0175	99.9466	39.8974	0.8230	0.8291	5.0000	-9999.0000	-9999.0000	-9999.0000	-9999.0000	-9999.0000	-9999.0000	18.2985	1	0	24.8487	1.0000	99	9	-9999.0000	23260	34181	-9999	1609	1530	-9999	323.9156	5	0.6366	0.6468	-0.0004	80.7949	0.1312	469.2842	476.5973	36.2269	455.3016	95.4398	465.7032	95.3935	468.6954	95.1852	469.8266	94.6991	
14/08/2017	07:00:35	011992	G523040610HLR	L523	S		407.7085	1.0292	9.8814	99.9909	39.6485	0.8430	0.8285	5.0000	18.6293	0.0000	0.0000	0.0000	0.0000	0.9300	0.0000	0.0000	0.0000	0.0000	410.6712	1.0275	1.2090	99.9571	39.4675	0.8230	0.8267	5.0000	-9999.0000	-9999.0000	-9999.0000	-9999.0000	-9999.0000	-9999.0000	19.9869	3	7	24.8397	1.0000	99	9	-9999.0000	23261	0	-9999	1610	1531	-9999	0.0000	0	0.0000	0.0000	0.0000	0.0000	0.0000	0.0000	0.0000	0.0000	0.0000	0.0000	0.0000	0.0000	0.0000	0.0000	0.0000	0.0000	
14/08/2017	07:02:13	011992	G523043310HLR	L523	S		413.2624	1.0292	9.2280	99.9974	39.5796	0.8430	0.8281	5.0000	18.5694	0.0000	0.0000	0.0000	0.0000	0.9300	0.0000	0.0000	0.0000	0.0000	418.2488	1.0275	1.8648	99.9126	39.9533	0.8230	0.8297	5.0000	-9999.0000	-9999.0000	-9999.0000	-9999.0000	-9999.0000	-9999.0000	19.2083	5	7	35.1791	1.0000	99	9	-9999.0000	23262	0	-9999	1611	1532	-9999	0.0000	0	0.0000	0.0000	0.0000	0.0000	0.0000	0.0000	0.0000	0.0000	0.0000	0.0000	0.0000	0.0000	0.0000	0.0000	0.0000	0.0000	
14/08/2017	07:03:06	011992	G523042509HLR	L523	Q		431.9236	1.0292	7.0325	99.9437	39.5000	0.8430	0.8279	5.0000	22.0296	508.0409	94.9769	13.0796	23.8000	0.9300	0.9274	0.6437	-0.0004	508.0000	505.3860	1.0275	8.5363	99.9912	39.6697	0.8230	0.8290	5.0000	-9999.0000	-9999.0000	-9999.0000	-9999.0000	-9999.0000	-9999.0000	18.5795	7	0	26.9795	1.0000	99	9	-9999.0000	23263	34181	-9999	1612	1533	-9999	324.5115	5	0.6343	0.6437	-0.0004	81.0039	0.1316	482.1469	468.0079	37.2917	462.7574	94.7685	478.3978	94.6065	481.6962	94.3750	485.6726	94.8843	
14/08/2017	07:03:54	011992	G523042171HLR	L523	R		421.0444	1.0292	8.3124	100.0109	39.6453	0.8430	0.8282	5.0000	19.6733	508.0243	95.0000	23.9893	23.6000	0.9300	0.9273	0.6437	-0.0004	508.0000	506.6044	1.0275	8.4157	100.0052	40.0020	0.8230	0.8271	5.0000	-9999.0000	-9999.0000	-9999.0000	-9999.0000	-9999.0000	-9999.0000	18.5891	1	0	24.9288	1.0000	99	9	-9999.0000	23264	34182	-9999	1613	1534	-9999	322.3842	5	0.6343	0.6437	-0.0004	81.0039	0.1316	465.2769	503.3626	37.8704	450.0009	95.8333	459.3602	95.2778	464.5318	95.1620	468.1207	94.8843	
14/08/2017	07:04:43	011992	G523038044HLR	L523	R		429.3110	1.0292	7.3399	99.9567	39.5924	0.8430	0.8284	5.0000	18.9387	508.0764	95.0000	13.8091	23.4000	0.9300	0.9271	0.6454	-0.0004	508.0000	511.8024	1.0275	7.9013	99.9060	39.5000	0.8230	0.8282	5.0000	-9999.0000	-9999.0000	-9999.0000	-9999.0000	-9999.0000	-9999.0000	19.1688	3	0	24.8790	1.0000	99	9	-9999.0000	23265	34183	-9999	1614	1535	-9999	325.2971	5	0.6382	0.6454	-0.0004	80.8997	0.1314	484.0303	519.1137	39.9306	470.0090	96.1806	479.9683	94.8611	483.3189	94.7685	485.7864	94.6759	
14/08/2017	07:09:07	011992	G523043910HLR	L523	Q		419.0022	1.0292	8.5527	99.9865	39.6507	0.8430	0.8282	5.0000	18.4495	508.0465	94.9769	27.9785	23.2000	0.9300	0.9274	0.6443	-0.0004	508.0000	506.2667	1.0275	8.4491	99.9433	40.2255	0.8230	0.8298	5.0000	-9999.0000	-9999.0000	-9999.0000	-9999.0000	-9999.0000	-9999.0000	20.2087	3	0	29.1387	1.0000	99	9	-9999.0000	23269	34184	-9999	1618	1536	-9999	321.9664	5	0.6371	0.6443	-0.0004	80.9696	0.1315	453.7716	476.4037	36.1806	442.1415	94.9537	450.0207	95.6481	453.5356	95.2083	455.9468	94.8843	
14/08/2017	07:10:01	011992	G523043399HLR	L523	R		405.6328	1.0292	9.9738	99.9846	39.6070	0.8430	0.8283	5.0000	18.5473	0.0000	0.0000	0.0000	0.0000	0.9300	0.0000	0.0000	0.0000	0.0000	407.4151	1.0275	0.9273	99.9540	39.3683	0.8230	0.8266	5.0000	-9999.0000	-9999.0000	-9999.0000	-9999.0000	-9999.0000	-9999.0000	19.3292	5	7	32.3789	1.0000	99	9	-9999.0000	23270	0	-9999	1619	1537	-9999	0.0000	0	0.0000	0.0000	0.0000	0.0000	0.0000	0.0000	0.0000	0.0000	0.0000	0.0000	0.0000	0.0000	0.0000	0.0000	0.0000	0.0000	
14/08/2017	07:10:51	011992	G523042188HLR	L523	R		423.7040	1.0292	7.9995	100.0052	39.5529	0.8430	0.8281	5.0000	19.3185	508.0528	94.9769	17.5101	23.6000	0.9300	0.9277	0.6423	-0.0003	508.0000	508.2507	1.0275	8.2528	99.9354	40.3000	0.8230	0.8298	5.0000	-9999.0000	-9999.0000	-9999.0000	-9999.0000	-9999.0000	-9999.0000	19.6037	7	0	24.9191	1.0000	99	9	-9999.0000	23271	34185	-9999	1620	1538	-9999	324.0393	5	0.6369	0.6423	-0.0003	69.1065	0.6347	477.7243	484.3793	37.2454	457.5243	95.2083	473.3047	95.4630	476.9712	95.2546	479.6507	94.7917	
14/08/2017	07:11:39	011992	G523042594HLR	L523	R		419.0327	1.0292	8.5491	99.9586	39.6102	0.8430	0.8281	5.0000	18.7495	508.0751	95.0000	20.8498	23.6000	0.9300	0.9274	0.6423	-0.0003	508.0000	506.6645	1.0275	8.4098	99.9704	39.4651	0.8230	0.8259	5.0000	-9999.0000	-9999.0000	-9999.0000	-9999.0000	-9999.0000	-9999.0000	19.4391	1	0	24.8594	1.0000	99	9	-9999.0000	23272	34186	-9999	1621	1539	-9999	323.6163	5	0.6369	0.6423	-0.0003	69.1065	0.6347	471.0939	486.5410	36.7361	456.4789	94.9074	467.0505	95.0926	470.7547	94.9074	473.1843	94.7222	
14/08/2017	07:14:19	011992	G523042397HLR	L523	R		427.1040	1.0292	7.5995	100.0059	39.5968	0.8430	0.8281	5.0000	18.6348	508.0260	95.0000	22.9093	23.6000	0.9300	0.9275	0.6426	-0.0003	508.0000	506.7394	1.0275	8.4023	99.9559	39.8782	0.8230	0.8298	5.0000	-9999.0000	-9999.0000	-9999.0000	-9999.0000	-9999.0000	-9999.0000	19.1684	7	0	24.9095	1.0000	99	9	-9999.0000	23275	34187	-9999	1624	1540	-9999	323.4366	5	0.6373	0.6426	-0.0003	79.5122	0.2696	469.0720	502.7913	38.7500	454.2996	94.7454	464.6852	95.0231	468.5782	94.6528	470.5644	94.8148	
14/08/2017	07:14:34	011992	H374050114HLR	L523	R		0.0000	0.0000	0.0000	0.0000	0.0000	0.8430	0.0000	0.0000	0.0000	0.0000	0.0000	0.0000	0.0000	0.9300	0.0000	0.0000	0.0000	0.0000	0.0000	0.0000	0.0000	0.0000	0.0000	0.8230	0.0000	0.0000	0.0000	0.0000	0.0000	0.0000	0.0000	0.0000	0.0000	0	27	24.9095	1.0000	99	9	0.0000	0	0	0	0	0	0	0.0000	0	0.0000	0.0000	0.0000	0.0000	0.0000	0.0000	0.0000	0.0000	0.0000	0.0000	0.0000	0.0000	0.0000	0.0000	0.0000	0.0000	
14/08/2017	07:15:06	011992	G523041822HLR	L523	R		426.2922	1.0292	7.6950	99.9981	39.6431	0.8430	0.8282	5.0000	18.6013	508.0647	94.9306	21.8996	23.5000	0.9300	0.9273	0.6426	-0.0003	508.0000	510.2036	1.0275	8.0595	99.9312	39.8936	0.8230	0.8272	5.0000	-9999.0000	-9999.0000	-9999.0000	-9999.0000	-9999.0000	-9999.0000	18.9686	1	0	24.8889	1.0000	99	9	-9999.0000	23276	34188	-9999	1625	1541	-9999	323.6063	5	0.6373	0.6426	-0.0003	79.5122	0.2696	470.4697	515.2729	37.8472	456.5869	95.5093	467.4116	95.2083	470.5150	94.7685	474.0992	94.7917	
14/08/2017	07:15:21	011992	H374050113HLR	L523	R		0.0000	0.0000	0.0000	0.0000	0.0000	0.8430	0.0000	0.0000	0.0000	0.0000	0.0000	0.0000	0.0000	0.9300	0.0000	0.0000	0.0000	0.0000	0.0000	0.0000	0.0000	0.0000	0.0000	0.8230	0.0000	0.0000	0.0000	0.0000	0.0000	0.0000	0.0000	0.0000	0.0000	0	27	24.8889	1.0000	99	9	0.0000	0	0	0	0	0	0	0.0000	0	0.0000	0.0000	0.0000	0.0000	0.0000	0.0000	0.0000	0.0000	0.0000	0.0000	0.0000	0.0000	0.0000	0.0000	0.0000	0.0000	
14/08/2017	07:15:54	011992	G523043992HLR	L523	R		373.0904	1.0292	9.1736	100.0130	39.5950	0.8430	0.8282	5.0000	18.4787	0.0000	0.0000	0.0000	0.0000	0.9300	0.0000	0.0000	0.0000	0.0000	374.6120	1.0275	0.0000	99.9801	39.4000	0.8230	0.8284	5.0000	-9999.0000	-9999.0000	-9999.0000	-9999.0000	-9999.0000	-9999.0000	19.5387	3	7	24.8984	1.0000	99	9	-9999.0000	23277	0	-9999	1626	1542	-9999	0.0000	0	0.0000	0.0000	0.0000	0.0000	0.0000	0.0000	0.0000	0.0000	0.0000	0.0000	0.0000	0.0000	0.0000	0.0000	0.0000	0.0000	
14/08/2017	07:16:41	011992	G523043846HLR	L523	R		411.2624	1.0292	9.4632	99.9847	39.6421	0.8430	0.8282	5.0000	18.5989	0.0000	0.0000	0.0000	0.0000	0.9300	0.0000	0.0000	0.0000	0.0000	417.5042	1.0275	1.8004	99.9276	40.1998	0.8230	0.8286	5.0000	-9999.0000	-9999.0000	-9999.0000	-9999.0000	-9999.0000	-9999.0000	19.0696	5	7	24.9489	1.0000	99	9	-9999.0000	23278	0	-9999	1627	1543	-9999	0.0000	0	0.0000	0.0000	0.0000	0.0000	0.0000	0.0000	0.0000	0.0000	0.0000	0.0000	0.0000	0.0000	0.0000	0.0000	0.0000	0.0000	
14/08/2017	07:20:17	011992	H374050114HLR	L523	R		613.8556	1.0292	10.0000	99.9972	39.5733	0.8430	0.8278	5.0000	18.4300	740.6889	93.4259	4.1600	23.7000	0.9300	0.0000	0.6423	-0.0003	508.0000	686.5576	1.0275	-4.0000	100.1040	39.3721	0.8230	0.8252	5.0000	-9999.0000	-9999.0000	-9999.0000	-9999.0000	-9999.0000	-9999.0000	20.7999	7	27	28.0489	1.0000	99	9	-9999.0000	23279	34189	-9999	1628	1544	-9999	474.9870	5	0.6370	0.6423	-0.0003	79.2612	0.2290	740.5678	543.0289	37.1528	689.3752	93.4028	734.0540	93.8426	739.8335	93.4028	0.0000	0.0000	
14/08/2017	08:28:10	011992	H374050113HLR	L523	R		635.7782	1.0292	10.0000	100.0750	39.6791	0.8430	0.8278	5.0000	18.7890	734.3846	94.1667	4.1600	23.6000	0.9300	0.0000	0.6423	-0.0003	508.0000	683.7224	1.0275	-4.0000	100.0581	39.3485	0.8230	0.8248	5.0000	-9999.0000	-9999.0000	-9999.0000	-9999.0000	-9999.0000	-9999.0000	20.0690	1	27	25.1388	1.0000	99	9	-9999.0000	23280	34190	-9999	1629	1545	-9999	470.9744	5	0.6370	0.6423	-0.0003	79.2612	0.2290	734.2787	556.3058	35.4167	683.1535	93.6111	726.5691	94.0741	733.6580	94.1204	0.0000	0.0000	
14/08/2017	08:28:29	011992	H374050115HLR	L523	R		0.0000	0.0000	0.0000	0.0000	0.0000	0.8430	0.0000	0.0000	0.0000	0.0000	0.0000	0.0000	0.0000	0.9300	0.0000	0.0000	0.0000	0.0000	0.0000	0.0000	0.0000	0.0000	0.0000	0.8230	0.0000	0.0000	0.0000	0.0000	0.0000	0.0000	0.0000	0.0000	0.0000	0	27	25.1388	1.0000	99	9	0.0000	0	0	0	0	0	0	0.0000	0	0.0000	0.0000	0.0000	0.0000	0.0000	0.0000	0.0000	0.0000	0.0000	0.0000	0.0000	0.0000	0.0000	0.0000	0.0000	0.0000	
14/08/2017	08:29:02	011992	G523042536HLR	L523	R		429.8614	1.0292	7.2751	100.0797	39.6204	0.8430	0.8281	5.0000	18.9898	508.0165	94.9769	17.2494	23.6000	0.9300	0.9275	0.6423	-0.0003	508.0000	506.7269	1.0275	8.4036	100.0640	40.5435	0.8230	0.8319	5.0000	-9999.0000	-9999.0000	-9999.0000	-9999.0000	-9999.0000	-9999.0000	21.9190	3	0	24.9787	1.0000	99	9	-9999.0000	23281	34191	-9999	1630	1546	-9999	324.0915	5	0.6370	0.6423	-0.0003	79.2612	0.2290	478.5002	548.2942	39.3981	464.9891	96.0880	472.4406	96.2037	477.0640	96.1806	479.1106	94.7685	
14/08/2017	08:31:30	011992	H374050115HLR	L523	R		619.3179	1.0292	10.0000	99.8157	39.0000	0.8430	0.8286	5.0000	20.7991	688.3737	91.7824	4.8602	24.1000	0.9300	0.0000	0.6439	-0.0003	508.0000	671.4360	1.0275	-4.0000	99.8262	39.0845	0.8230	0.8248	5.0000	-9999.0000	-9999.0000	-9999.0000	-9999.0000	-9999.0000	-9999.0000	20.8379	1	27	24.9892	1.0000	99	9	-9999.0000	23284	34192	-9999	1633	1547	-9999	442.8789	5	0.6396	0.6439	-0.0003	79.1619	0.2287	686.9755	487.5127	36.4120	668.2511	71.1111	673.5912	70.4630	674.5998	70.2083	701.3666	87.2222	
14/08/2017	08:32:20	011992	G523042478HLR	L523	R		442.4030	1.0292	5.7996	99.8874	39.5000	0.8430	0.8297	5.0000	20.7687	508.0721	94.9769	16.1293	24.1000	0.9300	0.9274	0.6439	-0.0003	508.0000	510.3308	1.0275	8.0470	99.8945	40.3864	0.8230	0.8343	5.0000	-9999.0000	-9999.0000	-9999.0000	-9999.0000	-9999.0000	-9999.0000	20.5865	3	0	24.9279	1.0000	99	9	-9999.0000	23285	34193	-9999	1634	1548	-9999	325.1829	5	0.6396	0.6439	-0.0003	79.1619	0.2287	482.0238	517.7531	37.1528	471.0147	94.2130	478.8850	94.0046	482.0918	93.9120	483.8775	94.7917	
14/08/2017	08:33:15	011992	G523039905HLR	L523	R		417.5867	1.0292	8.7192	100.0689	39.0640	0.8430	0.8295	5.0000	18.7781	0.0000	0.0000	0.0000	0.0000	0.9300	0.0000	0.0000	0.0000	0.0000	422.4655	1.0275	2.2297	99.9034	39.8124	0.8230	0.8274	5.0000	-9999.0000	-9999.0000	-9999.0000	-9999.0000	-9999.0000	-9999.0000	20.9091	5	7	30.0176	1.0000	99	9	-9999.0000	23286	0	-9999	1635	1549	-9999	0.0000	0	0.0000	0.0000	0.0000	0.0000	0.0000	0.0000	0.0000	0.0000	0.0000	0.0000	0.0000	0.0000	0.0000	0.0000	0.0000	0.0000	
14/08/2017	08:35:52	011992	G523041778HLR	L523	R		411.1180	1.0292	9.4802	100.0628	39.4559	0.8430	0.8292	5.0000	18.6593	0.0000	0.0000	0.0000	0.0000	0.9300	0.0000	0.0000	0.0000	0.0000	413.3922	1.0275	1.4445	99.9029	39.4090	0.8230	0.8308	5.0000	-9999.0000	-9999.0000	-9999.0000	-9999.0000	-9999.0000	-9999.0000	18.9613	7	7	32.4384	1.0000	99	9	-9999.0000	23287	0	-9999	1636	1550	-9999	0.0000	0	0.0000	0.0000	0.0000	0.0000	0.0000	0.0000	0.0000	0.0000	0.0000	0.0000	0.0000	0.0000	0.0000	0.0000	0.0000	0.0000	
14/08/2017	08:36:44	011992	G523041364HLR	L523	R		430.2673	1.0292	7.2274	99.9822	39.3014	0.8430	0.8297	5.0000	18.3997	508.0319	94.9769	19.2093	23.9000	0.9300	0.9275	0.6426	-0.0003	508.0000	506.9144	1.0275	8.3850	99.8719	40.2281	0.8230	0.8289	5.0000	-9999.0000	-9999.0000	-9999.0000	-9999.0000	-9999.0000	-9999.0000	22.1894	1	0	27.0884	1.0000	99	9	-9999.0000	23288	34194	-9999	1637	1551	-9999	324.0465	5	0.6384	0.6426	-0.0003	79.2506	0.2289	474.0774	507.1005	37.7778	465.2934	93.8889	468.8695	93.7037	473.6178	93.8657	476.9021	94.5139	
14/08/2017	08:37:37	011992	G523042526HLR	L523	R		430.6398	1.0292	7.1836	99.9789	39.2683	0.8430	0.8289	5.0000	19.9084	508.0210	94.9769	21.5295	23.8000	0.9300	0.9275	0.6426	-0.0003	508.0000	510.1790	1.0275	8.0620	99.8920	39.3000	0.8230	0.8286	5.0000	-9999.0000	-9999.0000	-9999.0000	-9999.0000	-9999.0000	-9999.0000	21.0985	3	0	27.5591	1.0000	99	9	-9999.0000	23289	34195	-9999	1638	1552	-9999	323.7316	5	0.6384	0.6426	-0.0003	79.2506	0.2289	472.7486	491.0342	38.5648	462.6255	94.1898	468.2089	94.1204	472.2721	94.2593	474.3102	94.5139	
14/08/2017	08:38:31	011992	G523043799HLR	L523	R		430.3050	1.0292	7.2229	99.9647	39.4453	0.8430	0.8293	5.0000	18.5401	508.0895	94.9306	16.1293	23.7000	0.9300	0.9273	0.6431	-0.0003	508.0000	510.4553	1.0275	8.0346	100.0134	40.2772	0.8230	0.8302	5.0000	-9999.0000	-9999.0000	-9999.0000	-9999.0000	-9999.0000	-9999.0000	19.8263	5	0	29.7352	1.0000	99	9	-9999.0000	23290	34196	-9999	1639	1553	-9999	324.7652	5	0.6387	0.6431	-0.0003	79.2218	0.2289	481.8935	525.5633	37.0139	465.9117	94.1667	477.9433	94.3056	481.7158	94.3056	483.9182	94.6528	
14/08/2017	08:39:21	011992	G523042477HLR	L523	R		435.2352	1.0292	6.6429	99.9223	39.3042	0.8430	0.8289	5.0000	20.6979	508.0589	94.9769	16.6293	23.7000	0.9300	0.9273	0.6423	-0.0003	508.0000	508.1028	1.0275	8.2674	99.9471	39.3000	0.8230	0.8280	5.0000	-9999.0000	-9999.0000	-9999.0000	-9999.0000	-9999.0000	-9999.0000	18.7927	7	0	26.9175	1.0000	99	9	-9999.0000	23291	34197	-9999	1640	1554	-9999	324.2646	5	0.6377	0.6423	-0.0003	79.2706	0.2290	479.1025	512.6561	36.7130	463.2373	94.3056	475.2362	94.6759	478.6169	94.7454	482.4277	94.6065	
14/08/2017	08:40:13	011992	G523042646HLR	L523	R		425.8720	1.0292	7.7445	99.9984	39.5006	0.8430	0.8291	5.0000	19.4002	508.0510	94.9537	18.9095	23.6000	0.9300	0.9274	0.6429	-0.0003	508.0000	507.5746	1.0275	8.3197	100.1280	40.3509	0.8230	0.8307	5.0000	-9999.0000	-9999.0000	-9999.0000	-9999.0000	-9999.0000	-9999.0000	20.8028	1	0	27.0088	1.0000	99	9	-9999.0000	23292	34198	-9999	1641	1555	-9999	323.7429	5	0.6374	0.6429	-0.0003	73.2044	0.2501	471.6961	511.6062	37.9167	454.7104	94.2593	466.6812	94.6065	471.3003	94.6296	474.7500	94.7454	
14/08/2017	08:41:06	011992	G523041339HLR	L523	R		436.2328	1.0292	6.5256	100.0482	39.4275	0.8430	0.8291	5.0000	18.5490	508.0553	94.9306	16.0590	23.6000	0.9300	0.9273	0.6432	-0.0003	508.0000	506.6322	1.0275	8.4130	100.1227	39.2916	0.8230	0.8270	5.0000	-9999.0000	-9999.0000	-9999.0000	-9999.0000	-9999.0000	-9999.0000	20.1699	3	0	27.3887	1.0000	99	9	-9999.0000	23293	34199	-9999	1642	1556	-9999	324.2146	5	0.6375	0.6432	-0.0003	54.7296	1.1582	477.6392	529.2783	37.6157	462.9659	94.5833	472.3007	94.6296	477.0501	94.7454	480.2718	94.6528	
14/08/2017	08:41:54	011992	G523042608HLR	L523	R		424.2577	1.0292	7.9344	99.9979	39.5236	0.8430	0.8288	5.0000	18.5334	508.0435	94.9537	16.1498	23.6000	0.9300	0.9274	0.6426	-0.0003	508.0000	509.6217	1.0275	8.1171	100.1304	40.3415	0.8230	0.8315	5.0000	-9999.0000	-9999.0000	-9999.0000	-9999.0000	-9999.0000	-9999.0000	20.1490	5	0	24.9992	1.0000	99	9	-9999.0000	23294	34200	-9999	1643	1557	-9999	324.2516	5	0.6376	0.6426	-0.0003	55.1374	1.1918	481.3726	519.2395	40.0231	467.4041	94.6759	477.1520	94.8843	481.0791	94.6759	483.7670	95.0000	
14/08/2017	08:42:43	011992	G523041354HLR	L523	R		426.3524	1.0292	7.6880	99.9117	39.5250	0.8430	0.8290	5.0000	18.4787	508.0677	94.8611	16.4086	23.5000	0.9300	0.9274	0.6451	-0.0004	508.0000	506.6629	1.0275	8.4099	100.1204	39.4974	0.8230	0.8264	5.0000	-9999.0000	-9999.0000	-9999.0000	-9999.0000	-9999.0000	-9999.0000	20.0469	7	0	24.9243	1.0000	99	9	-9999.0000	23295	34201	-9999	1644	1558	-9999	324.4329	5	0.6379	0.6451	-0.0004	48.3656	1.5333	475.1093	539.4576	37.8704	461.6998	94.8843	471.0629	94.8380	474.8000	94.8611	478.1521	94.8148	
14/08/2017	08:44:19	011992	G523041353HLR	L523	R		429.7942	1.0292	7.2830	99.9871	39.6589	0.8430	0.8290	5.0000	18.4964	508.0855	94.9537	13.5698	23.7000	0.9300	0.9276	0.6445	-0.0004	508.0000	507.4018	1.0275	8.3368	100.0383	39.9539	0.8230	0.8273	5.0000	-9999.0000	-9999.0000	-9999.0000	-9999.0000	-9999.0000	-9999.0000	20.0583	3	0	24.8758	1.0000	99	9	-9999.0000	23297	34202	-9999	1646	1559	-9999	324.9463	5	0.6380	0.6445	-0.0004	63.9818	0.7547	483.3013	505.1493	37.1065	467.6794	94.2130	478.3732	94.8148	483.3130	94.5139	485.2188	94.9074	
14/08/2017	08:45:08	011992	G523043183HLR	L523	R		428.3584	1.0292	7.4520	100.0157	39.4355	0.8430	0.8288	5.0000	19.2837	508.0319	95.0000	11.9996	23.6000	0.9300	0.9275	0.6445	-0.0004	508.0000	508.1371	1.0275	8.2640	100.0433	39.5273	0.8230	0.8294	5.0000	-9999.0000	-9999.0000	-9999.0000	-9999.0000	-9999.0000	-9999.0000	19.6205	5	0	25.0813	1.0000	99	9	-9999.0000	23298	34203	-9999	1646	1560	-9999	325.1666	5	0.6380	0.6445	-0.0004	63.9818	0.7547	486.2325	524.8423	37.3611	465.3209	94.6528	481.2946	94.4907	485.8446	94.5602	488.1071	94.7685	
14/08/2017	08:46:45	011992	G523039814HLR	L523	R		413.7787	1.0292	9.1672	99.9371	39.5226	0.8430	0.8288	5.0000	18.3002	0.0000	0.0000	0.0000	0.0000	0.9300	0.0000	0.0000	0.0000	0.0000	417.7978	1.0275	1.8258	100.0194	39.1437	0.8230	0.8270	5.0000	-9999.0000	-9999.0000	-9999.0000	-9999.0000	-9999.0000	-9999.0000	20.0886	1	7	25.1194	1.0000	99	9	-9999.0000	23300	0	-9999	1648	1561	-9999	0.0000	0	0.0000	0.0000	0.0000	0.0000	0.0000	0.0000	0.0000	0.0000	0.0000	0.0000	0.0000	0.0000	0.0000	0.0000	0.0000	0.0000	
14/08/2017	08:47:35	011992	G523043792HLR	L523	R		424.5202	1.0292	7.9035	99.9613	39.7529	0.8430	0.8287	5.0000	18.3293	508.0432	94.8611	13.5190	23.8000	0.9300	0.9277	0.6458	-0.0004	508.0000	508.3734	1.0275	8.2406	100.0813	40.5703	0.8230	0.8316	5.0000	-9999.0000	-9999.0000	-9999.0000	-9999.0000	-9999.0000	-9999.0000	18.6699	3	0	24.9288	1.0000	99	9	-9999.0000	23302	34204	-9999	1650	1562	-9999	325.0616	5	0.6383	0.6458	-0.0004	78.1360	0.0407	482.9403	519.7797	39.1667	463.4201	94.5833	475.7492	94.8843	482.1547	94.9769	486.2570	94.7685	
14/08/2017	08:48:25	011992	G523044006HLR	L523	R		432.5493	1.0292	6.9589	99.9341	39.5176	0.8430	0.8286	5.0000	19.4143	508.0222	94.8843	14.2895	23.7000	0.9300	0.9274	0.6458	-0.0004	508.0000	506.3482	1.0275	8.4411	100.1178	39.5180	0.8230	0.8262	5.0000	-9999.0000	-9999.0000	-9999.0000	-9999.0000	-9999.0000	-9999.0000	20.1644	5	0	25.0469	1.0000	99	9	-9999.0000	23304	34205	-9999	1652	1563	-9999	324.8371	5	0.6383	0.6458	-0.0004	78.1360	0.0407	482.7287	498.5049	36.2963	462.0927	94.7454	476.2410	94.5833	482.0667	94.7222	484.6445	94.6296	
14/08/2017	08:49:15	011992	G523041370HLR	L523	R		412.8496	1.0292	9.2765	100.0994	39.7501	0.8430	0.8287	5.0000	18.8198	0.0000	0.0000	0.0000	0.0000	0.9300	0.0000	0.0000	0.0000	0.0000	418.3763	1.0275	1.8758	100.0374	39.8796	0.8230	0.8311	5.0000	-9999.0000	-9999.0000	-9999.0000	-9999.0000	-9999.0000	-9999.0000	19.8130	7	7	24.8968	1.0000	99	9	-9999.0000	23306	0	-9999	1654	1564	-9999	0.0000	0	0.0000	0.0000	0.0000	0.0000	0.0000	0.0000	0.0000	0.0000	0.0000	0.0000	0.0000	0.0000	0.0000	0.0000	0.0000	0.0000	
14/08/2017	08:54:09	011992	G523043097HLR	L523	R		402.6867	1.0292	9.9013	100.0747	39.7395	0.8430	0.8288	5.0000	18.8021	0.0000	0.0000	0.0000	0.0000	0.9300	0.0000	0.0000	0.0000	0.0000	408.9938	1.0275	1.0639	100.0422	39.1928	0.8230	0.8267	5.0000	-9999.0000	-9999.0000	-9999.0000	-9999.0000	-9999.0000	-9999.0000	18.6598	2	7	25.0990	1.0000	99	9	-9999.0000	23309	0	-9999	1657	1565	-9999	0.0000	0	0.0000	0.0000	0.0000	0.0000	0.0000	0.0000	0.0000	0.0000	0.0000	0.0000	0.0000	0.0000	0.0000	0.0000	0.0000	0.0000	
14/08/2017	08:57:04	011992	G523043931HLR	L523	R		423.1275	1.0292	8.0674	100.0854	39.6319	0.8430	0.8285	5.0000	18.8182	508.0237	94.9537	20.6194	23.6000	0.9300	0.9276	0.6456	-0.0004	508.0000	507.1241	1.0275	8.3643	100.1212	39.7521	0.8230	0.8303	5.0000	-9999.0000	-9999.0000	-9999.0000	-9999.0000	-9999.0000	-9999.0000	19.3965	4	0	35.1980	1.0000	99	9	-9999.0000	23311	34206	-9999	1658	1566	-9999	323.5569	5	0.6390	0.6456	-0.0004	78.4386	0.0189	469.6352	494.9644	38.4491	454.9608	94.4676	466.8560	95.2315	469.2002	94.9306	472.4547	94.9074	
14/08/2017	08:57:54	011992	G523041355HLR	L523	R		416.1617	1.0292	8.8869	100.0304	39.8216	0.8430	0.8287	5.0000	18.2889	0.0000	0.0000	0.0000	0.0000	0.9300	0.0000	0.0000	0.0000	0.0000	421.0848	1.0275	2.1102	100.1464	39.5507	0.8230	0.8271	5.0000	-9999.0000	-9999.0000	-9999.0000	-9999.0000	-9999.0000	-9999.0000	19.5788	6	7	25.0499	1.0000	99	9	-9999.0000	23313	0	-9999	1659	1567	-9999	0.0000	0	0.0000	0.0000	0.0000	0.0000	0.0000	0.0000	0.0000	0.0000	0.0000	0.0000	0.0000	0.0000	0.0000	0.0000	0.0000	0.0000	
14/08/2017	08:58:49	011992	G523044008HLR	L523	R		420.4894	1.0292	8.3777	100.0277	39.6108	0.8430	0.8289	5.0000	18.8793	508.0517	95.0231	24.0099	23.6000	0.9300	0.9276	0.6442	-0.0003	508.0000	509.9893	1.0275	8.0807	99.9882	39.9581	0.8230	0.8307	5.0000	-9999.0000	-9999.0000	-9999.0000	-9999.0000	-9999.0000	-9999.0000	20.0087	8	0	30.0789	1.0000	99	9	-9999.0000	23315	34207	-9999	1661	1568	-9999	323.5370	5	0.6392	0.6442	-0.0003	72.4494	0.4237	453.0903	499.1400	38.3796	427.3439	95.0231	440.6189	95.2546	451.4864	95.0463	458.1830	94.8148	
14/08/2017	09:00:22	011992	G523041906HLR	L523	R		376.9182	1.0292	9.2677	99.9931	39.4577	0.8430	0.8284	5.0000	18.5591	0.0000	0.0000	0.0000	0.0000	0.9300	0.0000	0.0000	0.0000	0.0000	421.7360	1.0275	2.1666	99.9851	40.2000	0.8230	0.8300	5.0000	-9999.0000	-9999.0000	-9999.0000	-9999.0000	-9999.0000	-9999.0000	18.4589	1	7	92.6873	1.0000	99	9	-9999.0000	23316	0	-9999	1661	1569	-9999	0.0000	0	0.0000	0.0000	0.0000	0.0000	0.0000	0.0000	0.0000	0.0000	0.0000	0.0000	0.0000	0.0000	0.0000	0.0000	0.0000	0.0000	
14/08/2017	09:00:48	011992	G523039721HLR	L523	R		492.8865	1.0292	0.1027	100.0172	39.6222	0.8430	0.8289	5.0000	18.6349	0.0000	0.0000	0.0000	0.0000	0.9300	0.0000	0.0000	0.0000	0.0000	513.5001	1.0275	7.7333	99.9239	39.7146	0.8230	0.8266	5.0000	-9999.0000	-9999.0000	-9999.0000	-9999.0000	-9999.0000	-9999.0000	19.6688	2	8	25.5185	1.0000	99	9	-9999.0000	23317	0	-9999	1662	1570	-9999	0.0000	0	0.0000	0.0000	0.0000	0.0000	0.0000	0.0000	0.0000	0.0000	0.0000	0.0000	0.0000	0.0000	0.0000	0.0000	0.0000	0.0000	
14/08/2017	09:01:59	011992	G523043268HLR	L523	R		412.4727	1.0292	9.3209	100.0255	39.7255	0.8430	0.8286	5.0000	18.6585	0.0000	0.0000	0.0000	0.0000	0.9300	0.0000	0.0000	0.0000	0.0000	417.7581	1.0275	1.8223	99.9079	39.9088	0.8230	0.8279	5.0000	-9999.0000	-9999.0000	-9999.0000	-9999.0000	-9999.0000	-9999.0000	19.1915	3	7	70.9877	1.0000	99	9	-9999.0000	23318	0	-9999	1662	1571	-9999	0.0000	0	0.0000	0.0000	0.0000	0.0000	0.0000	0.0000	0.0000	0.0000	0.0000	0.0000	0.0000	0.0000	0.0000	0.0000	0.0000	0.0000	
14/08/2017	09:02:24	011992	G523042327HLR	L523	Q		437.4621	1.0292	6.3809	99.9758	39.6242	0.8430	0.8283	5.0000	18.5189	508.0608	94.9537	19.0999	23.7000	0.9300	0.9277	0.6463	-0.0005	508.0000	506.4577	1.0275	8.4302	99.9448	39.3161	0.8230	0.8263	5.0000	-9999.0000	-9999.0000	-9999.0000	-9999.0000	-9999.0000	-9999.0000	20.5143	4	0	25.4404	1.0000	99	9	-9999.0000	23319	34208	-9999	1663	1572	-9999	324.0466	5	0.6388	0.6463	-0.0005	67.1418	0.8307	473.2145	505.1962	37.5926	459.3684	94.6759	468.3366	95.4398	472.7328	95.1852	474.3613	94.8843	
14/08/2017	09:02:49	011992	G523042137HLR	L523	R		419.0591	1.0292	8.5460	100.0520	39.5226	0.8430	0.8284	5.0000	18.6979	508.0686	94.9769	22.3390	23.6000	0.9300	0.9273	0.6463	-0.0005	508.0000	507.2525	1.0275	8.3516	100.0895	40.2624	0.8230	0.8280	5.0000	-9999.0000	-9999.0000	-9999.0000	-9999.0000	-9999.0000	-9999.0000	20.5537	5	0	25.3575	1.0000	99	9	-9999.0000	23320	34209	-9999	1664	1573	-9999	323.2729	5	0.6388	0.6463	-0.0005	67.1418	0.8307	468.3905	540.4060	39.2824	457.2259	95.0463	464.1060	94.9074	467.9890	94.7454	471.1449	94.7685	
14/08/2017	09:03:46	011992	G523042365HLR	L523	Q		431.2546	1.0292	7.1112	100.0079	39.6263	0.8430	0.8287	5.0000	18.6098	508.1166	94.9769	16.5296	23.7000	0.9300	0.9276	0.6463	-0.0005	508.0000	506.0979	1.0275	8.4658	100.0571	39.4257	0.8230	0.8275	5.0000	-9999.0000	-9999.0000	-9999.0000	-9999.0000	-9999.0000	-9999.0000	19.7090	7	0	31.4784	1.0000	99	9	-9999.0000	23322	34210	-9999	1666	1574	-9999	324.6888	5	0.6388	0.6463	-0.0005	67.1418	0.8307	477.4582	520.5836	37.0602	462.9006	94.9769	471.8817	95.2083	477.0604	95.1389	478.2611	94.7917	
14/08/2017	09:05:15	011992	G523038223HLR	L523	R		481.4283	1.0292	1.2084	100.0451	39.7872	0.8430	0.8290	5.0000	18.5999	0.0000	0.0000	0.0000	0.0000	0.9300	0.0000	0.0000	0.0000	0.0000	501.8526	1.0275	8.8859	100.0699	39.3625	0.8230	0.8261	5.0000	-9999.0000	-9999.0000	-9999.0000	-9999.0000	-9999.0000	-9999.0000	20.3377	2	8	25.2892	1.0000	99	9	-9999.0000	23325	0	-9999	1669	1575	-9999	0.0000	0	0.0000	0.0000	0.0000	0.0000	0.0000	0.0000	0.0000	0.0000	0.0000	0.0000	0.0000	0.0000	0.0000	0.0000	0.0000	0.0000	
14/08/2017	09:05:33	011992	G490040477HLR	L523	R		0.0000	0.0000	0.0000	0.0000	0.0000	0.8430	0.0000	0.0000	0.0000	0.0000	0.0000	0.0000	0.0000	0.9300	0.0000	0.0000	0.0000	0.0000	0.0000	0.0000	0.0000	0.0000	0.0000	0.8230	0.0000	0.0000	0.0000	0.0000	0.0000	0.0000	0.0000	0.0000	0.0000	0	27	25.2892	1.0000	99	9	0.0000	0	0	0	0	0	0	0.0000	0	0.0000	0.0000	0.0000	0.0000	0.0000	0.0000	0.0000	0.0000	0.0000	0.0000	0.0000	0.0000	0.0000	0.0000	0.0000	0.0000	
14/08/2017	09:05:41	011992	G523042008HLR	L523	R		426.7474	1.0292	7.6415	100.0126	39.8286	0.8430	0.8284	5.0000	18.7850	508.0624	94.8843	19.4993	23.6000	0.9300	0.9276	0.6461	-0.0004	508.0000	509.8128	1.0275	8.0982	100.2642	39.3000	0.8230	0.8281	5.0000	-9999.0000	-9999.0000	-9999.0000	-9999.0000	-9999.0000	-9999.0000	20.5689	3	0	25.6290	1.0000	99	9	-9999.0000	23326	34211	-9999	1670	1576	-9999	324.4778	5	0.6393	0.6461	-0.0004	66.0638	0.8550	475.7028	514.0421	37.1991	464.5856	94.7222	472.1098	94.9306	475.3559	94.9769	478.3396	94.7222	
14/08/2017	09:06:15	011992	G523043831HLR	L523	R		426.9837	1.0292	7.6137	100.0191	39.5263	0.8430	0.8279	5.0000	18.7298	508.0602	94.9769	22.5793	23.3000	0.9300	0.9272	0.6461	-0.0004	508.0000	506.4448	1.0275	8.4315	99.9868	40.1748	0.8230	0.8310	5.0000	-9999.0000	-9999.0000	-9999.0000	-9999.0000	-9999.0000	-9999.0000	20.1181	4	0	33.6589	1.0000	99	9	-9999.0000	23327	34212	-9999	1671	1577	-9999	323.7988	5	0.6393	0.6461	-0.0004	66.0638	0.8550	465.8850	495.1524	37.8935	450.7751	95.2546	461.8825	94.9769	465.6238	95.0694	466.2657	94.8611	
14/08/2017	09:07:08	011992	G523043959HLR	L523	R		393.8586	1.0292	9.6843	99.9659	39.7832	0.8430	0.8284	5.0000	18.5695	0.0000	0.0000	0.0000	0.0000	0.9300	0.0000	0.0000	0.0000	0.0000	395.5954	1.0275	0.0000	100.0545	39.6537	0.8230	0.8265	5.0000	-9999.0000	-9999.0000	-9999.0000	-9999.0000	-9999.0000	-9999.0000	20.4529	6	7	25.5185	1.0000	99	9	-9999.0000	23329	0	-9999	1673	1578	-9999	0.0000	0	0.0000	0.0000	0.0000	0.0000	0.0000	0.0000	0.0000	0.0000	0.0000	0.0000	0.0000	0.0000	0.0000	0.0000	0.0000	0.0000	
14/08/2017	09:07:59	011992	G523041952HLR	L523	R		422.2006	1.0292	8.1764	100.0170	39.6252	0.8430	0.8286	5.0000	18.8129	508.0354	94.8843	20.1692	23.5000	0.9300	0.9276	0.6454	-0.0004	508.0000	506.2368	1.0275	8.4521	100.0100	39.9796	0.8230	0.8302	5.0000	-9999.0000	-9999.0000	-9999.0000	-9999.0000	-9999.0000	-9999.0000	20.3538	8	0	25.6690	1.0000	99	9	-9999.0000	23331	34213	-9999	1674	1579	-9999	324.2593	5	0.6388	0.6454	-0.0004	68.3998	0.6759	470.2980	461.6228	37.8009	455.6178	94.5833	467.1581	95.6250	469.9471	95.1852	472.6572	94.9074	
14/08/2017	09:09:22	011992	G523039900HLR	L523	R		418.3967	1.0292	8.6239	100.0840	39.8545	0.8430	0.8287	5.0000	18.7591	0.0000	0.0000	0.0000	0.0000	0.9300	0.0000	0.0000	0.0000	0.0000	424.3476	1.0275	2.3926	99.9448	40.2000	0.8230	0.8295	5.0000	-9999.0000	-9999.0000	-9999.0000	-9999.0000	-9999.0000	-9999.0000	19.2680	1	7	82.6270	1.0000	99	9	-9999.0000	23332	0	-9999	1675	1580	-9999	0.0000	0	0.0000	0.0000	0.0000	0.0000	0.0000	0.0000	0.0000	0.0000	0.0000	0.0000	0.0000	0.0000	0.0000	0.0000	0.0000	0.0000	
14/08/2017	09:09:57	011992	G490040477HLR	L523	R		957.8648	1.0292	0.0000	99.6737	39.3769	0.8430	0.8256	5.0000	24.8993	1079.1330	92.1065	4.1600	23.5000	0.9300	0.0000	0.6454	-0.0004	508.0000	989.0447	1.0275	-4.1483	100.0467	39.5603	0.8230	0.8235	5.0000	-9999.0000	-9999.0000	-9999.0000	-9999.0000	-9999.0000	-9999.0000	21.0204	2	27	35.4284	1.0000	99	9	-9999.0000	23333	34213	-9999	1676	1581	-9999	694.9136	5	0.6388	0.6454	-0.0004	68.3998	0.6759	1079.0086	522.6207	35.8102	1010.7426	90.8333	1075.4913	91.4120	1078.4704	92.0370	0.0000	0.0000	
14/08/2017	09:15:47	011992	G523042176HLR	L523	R		416.4711	1.0292	8.8505	100.1102	39.8184	0.8430	0.8278	5.0000	18.9138	0.0000	0.0000	0.0000	0.0000	0.9300	0.0000	0.0000	0.0000	0.0000	422.1901	1.0275	2.2059	99.9523	40.1820	0.8230	0.8304	5.0000	-9999.0000	-9999.0000	-9999.0000	-9999.0000	-9999.0000	-9999.0000	18.8012	5	7	41.9819	1.0000	99	9	-9999.0000	23336	0	-9999	1679	1582	-9999	0.0000	0	0.0000	0.0000	0.0000	0.0000	0.0000	0.0000	0.0000	0.0000	0.0000	0.0000	0.0000	0.0000	0.0000	0.0000	0.0000	0.0000	
14/08/2017	09:16:21	011992	G523042334HLR	L523	R		419.6180	1.0292	8.4802	100.0133	39.4600	0.8430	0.8278	5.0000	18.2664	508.0981	94.9537	22.9689	23.5000	0.9300	0.9276	0.6472	-0.0004	508.0000	511.4560	1.0275	7.9356	99.9662	39.9140	0.8230	0.8273	5.0000	-9999.0000	-9999.0000	-9999.0000	-9999.0000	-9999.0000	-9999.0000	18.4932	6	0	34.4425	1.0000	99	9	-9999.0000	23337	34214	-9999	1680	1583	-9999	323.9195	5	0.6388	0.6472	-0.0004	47.6655	1.7771	457.8149	512.2323	39.6759	440.2457	95.0694	449.8645	96.0185	457.0613	95.7407	461.7523	95.1157	
14/08/2017	09:16:47	011992	G523041873HLR	L523	R		422.3048	1.0292	8.1641	100.0053	39.4384	0.8430	0.8280	5.0000	18.8392	508.0517	94.9074	22.6096	23.3000	0.9300	0.9272	0.6472	-0.0004	508.0000	508.5460	1.0275	8.2236	100.1261	39.4000	0.8230	0.8280	5.0000	-9999.0000	-9999.0000	-9999.0000	-9999.0000	-9999.0000	-9999.0000	20.4459	7	0	26.1324	1.0000	99	9	-9999.0000	23338	34215	-9999	1681	1584	-9999	323.8845	5	0.6388	0.6472	-0.0004	47.6655	1.7771	467.2385	521.3732	38.3796	453.0871	95.6713	463.0281	95.5556	466.5253	95.4398	469.3794	95.0000	
14/08/2017	09:17:45	011992	G523042193HLR	L523	R		427.2911	1.0292	7.5775	100.0020	39.6144	0.8430	0.8285	5.0000	19.6793	351.1962	94.9306	31.0087	23.6000	0.9300	0.9272	0.6527	-0.0007	508.0000	485.6209	1.0275	7.6951	99.9753	40.0750	0.8230	0.8276	5.0000	-9999.0000	-9999.0000	-9999.0000	-9999.0000	-9999.0000	-9999.0000	20.6516	1	34	31.2909	1.0000	99	9	-9999.0000	23340	34216	-9999	1683	1585	-9999	222.6093	5	0.6383	0.6527	-0.0007	45.8340	1.8795	291.0982	523.1109	41.5509	333.0221	96.8056	303.0399	96.6435	307.3537	96.9676	290.0585	94.6528	
14/08/2017	09:18:10	011992	G523041958HLR	L523	R		425.3980	1.0292	7.8002	100.0056	39.5733	0.8430	0.8284	5.0000	19.7657	508.0444	94.9769	19.9485	23.4000	0.9300	0.9268	0.6561	-0.0009	508.0000	508.3387	1.0275	8.2441	99.8926	39.4199	0.8230	0.8262	5.0000	-9999.0000	-9999.0000	-9999.0000	-9999.0000	-9999.0000	-9999.0000	19.1517	2	0	25.7226	1.0000	99	9	-9999.0000	23341	34216	-9999	1684	1586	-9999	324.3936	5	0.6378	0.6561	-0.0009	43.2323	1.9809	464.7442	532.0836	40.7870	453.5630	93.3796	461.1405	93.5880	464.3517	93.2176	467.7942	94.6528	
14/08/2017	09:21:55	011992	G523042115HLR	L523	R		415.7144	1.0292	8.9395	100.0275	39.5376	0.8430	0.8282	5.0000	19.7690	0.0000	0.0000	0.0000	0.0000	0.9300	0.0000	0.0000	0.0000	0.0000	420.3008	1.0275	2.0424	100.0841	39.5485	0.8230	0.8291	5.0000	-9999.0000	-9999.0000	-9999.0000	-9999.0000	-9999.0000	-9999.0000	20.6076	3	7	224.2684	1.0000	99	9	-9999.0000	23341	0	-9999	1685	1587	-9999	0.0000	0	0.0000	0.0000	0.0000	0.0000	0.0000	0.0000	0.0000	0.0000	0.0000	0.0000	0.0000	0.0000	0.0000	0.0000	0.0000	0.0000	
14/08/2017	09:22:33	011992	G523043433HLR	L523	R		417.4706	1.0292	8.7329	100.0569	39.5826	0.8430	0.8285	5.0000	18.7790	0.0000	0.0000	0.0000	0.0000	0.9300	0.0000	0.0000	0.0000	0.0000	423.4209	1.0275	2.3124	100.0094	40.2445	0.8230	0.8304	5.0000	-9999.0000	-9999.0000	-9999.0000	-9999.0000	-9999.0000	-9999.0000	19.0480	4	7	38.7195	1.0000	99	9	-9999.0000	23342	0	-9999	1686	1588	-9999	0.0000	0	0.0000	0.0000	0.0000	0.0000	0.0000	0.0000	0.0000	0.0000	0.0000	0.0000	0.0000	0.0000	0.0000	0.0000	0.0000	0.0000	
14/08/2017	09:23:09	011992	G523043462HLR	L523	R		422.9067	1.0292	8.0933	100.0083	39.7177	0.8430	0.8285	5.0000	18.8675	508.0413	94.9537	19.8499	23.5000	0.9300	0.9275	0.6535	-0.0007	508.0000	508.9567	1.0275	8.1829	99.9530	40.0723	0.8230	0.8303	5.0000	-9999.0000	-9999.0000	-9999.0000	-9999.0000	-9999.0000	-9999.0000	20.1592	5	0	36.0387	1.0000	99	9	-9999.0000	23343	34217	-9999	1686	1589	-9999	324.6109	5	0.6361	0.6535	-0.0007	40.9484	2.1000	464.4314	520.2058	40.2315	450.7906	93.3796	459.8558	93.2407	464.1689	92.9398	467.2156	95.5324	
14/08/2017	09:24:15	011992	G523038290HLR	L523	R		481.8444	1.0292	1.1595	100.0222	39.6090	0.8430	0.8282	5.0000	18.5895	0.0000	0.0000	0.0000	0.0000	0.9300	0.0000	0.0000	0.0000	0.0000	502.3164	1.0275	8.8400	100.0121	39.2603	0.8230	0.8267	5.0000	-9999.0000	-9999.0000	-9999.0000	-9999.0000	-9999.0000	-9999.0000	19.5483	7	8	40.2984	1.0000	99	9	-9999.0000	23345	0	-9999	1688	1590	-9999	0.0000	0	0.0000	0.0000	0.0000	0.0000	0.0000	0.0000	0.0000	0.0000	0.0000	0.0000	0.0000	0.0000	0.0000	0.0000	0.0000	0.0000	
14/08/2017	09:24:45	011992	G523042087HLR	L523	R		424.5967	1.0292	7.8945	100.0009	39.6437	0.8430	0.8284	5.0000	18.6583	508.0448	95.0000	25.1690	23.5000	0.9300	0.9275	0.6524	-0.0007	508.0000	506.8064	1.0275	8.3957	100.0163	39.5788	0.8230	0.8294	5.0000	-9999.0000	-9999.0000	-9999.0000	-9999.0000	-9999.0000	-9999.0000	20.2291	8	0	30.0293	1.0000	99	9	-9999.0000	23346	34218	-9999	1689	1591	-9999	322.5916	5	0.6359	0.6524	-0.0007	47.5927	1.7765	453.1777	520.3196	39.7454	416.9370	93.6111	448.9355	94.1898	452.8952	93.7963	456.0728	94.6296	
14/08/2017	09:25:26	011992	G523038244HLR	L523	R		488.6749	1.0292	0.3559	100.0601	39.5300	0.8430	0.8284	5.0000	19.0039	0.0000	0.0000	0.0000	0.0000	0.9300	0.0000	0.0000	0.0000	0.0000	509.6144	1.0275	8.1178	100.1314	40.4283	0.8230	0.8286	5.0000	-9999.0000	-9999.0000	-9999.0000	-9999.0000	-9999.0000	-9999.0000	21.0292	1	8	40.5885	1.0000	99	9	-9999.0000	23347	0	-9999	1690	1592	-9999	0.0000	0	0.0000	0.0000	0.0000	0.0000	0.0000	0.0000	0.0000	0.0000	0.0000	0.0000	0.0000	0.0000	0.0000	0.0000	0.0000	0.0000	
14/08/2017	09:26:25	011992	G523039325HLR	L523	R		423.5721	1.0292	8.0151	100.0188	39.6116	0.8430	0.8283	5.0000	19.5818	508.0612	94.9769	27.2891	23.5000	0.9300	0.9275	0.6499	-0.0006	508.0000	505.8426	1.0275	8.4911	99.9980	39.4064	0.8230	0.8279	5.0000	-9999.0000	-9999.0000	-9999.0000	-9999.0000	-9999.0000	-9999.0000	20.0485	3	0	24.9893	1.0000	99	9	-9999.0000	23349	34219	-9999	1692	1593	-9999	321.8312	5	0.6358	0.6499	-0.0006	79.6610	0.1708	452.7552	518.9354	38.5417	445.8361	94.1898	448.8240	93.9120	452.5981	93.7037	454.6605	94.8380	
14/08/2017	09:27:00	011992	G523041135HLR	L523	R		439.6538	1.0292	6.1231	100.0466	39.5511	0.8430	0.8283	5.0000	18.9586	508.0425	94.9537	15.1792	23.3000	0.9300	0.9272	0.6499	-0.0006	508.0000	509.4134	1.0275	8.1377	100.1735	40.1160	0.8230	0.8302	5.0000	-9999.0000	-9999.0000	-9999.0000	-9999.0000	-9999.0000	-9999.0000	19.6690	4	0	34.5183	1.0000	99	9	-9999.0000	23350	34220	-9999	1693	1593	-9999	325.8024	5	0.6358	0.6499	-0.0006	79.6610	0.1708	476.6622	535.0946	37.8241	464.7338	94.4907	472.9263	94.5833	476.2536	94.3287	480.3316	94.6296	
14/08/2017	09:27:25	011992	G523041049HLR	L523	R		432.0791	1.0292	7.0142	100.0423	39.6449	0.8430	0.8283	5.0000	18.6801	508.0711	94.8611	26.7989	23.4000	0.9300	0.9272	0.6499	-0.0006	508.0000	508.3820	1.0275	8.2398	99.9265	40.1605	0.8230	0.8282	5.0000	-9999.0000	-9999.0000	-9999.0000	-9999.0000	-9999.0000	-9999.0000	19.7348	5	0	24.9692	1.0000	99	9	-9999.0000	23351	34221	-9999	1694	1594	-9999	322.4575	5	0.6358	0.6499	-0.0006	79.6610	0.1708	461.0045	526.1454	38.3333	452.0881	95.1620	457.5719	95.2083	460.9530	95.2315	461.0511	94.7454	
14/08/2017	09:27:43	011992	G490040522HLR	L523	R		0.0000	0.0000	0.0000	0.0000	0.0000	0.8430	0.0000	0.0000	0.0000	0.0000	0.0000	0.0000	0.0000	0.9300	0.0000	0.0000	0.0000	0.0000	0.0000	0.0000	0.0000	0.0000	0.0000	0.8230	0.0000	0.0000	0.0000	0.0000	0.0000	0.0000	0.0000	0.0000	0.0000	0	27	24.9692	1.0000	99	9	0.0000	0	0	0	0	0	0	0.0000	0	0.0000	0.0000	0.0000	0.0000	0.0000	0.0000	0.0000	0.0000	0.0000	0.0000	0.0000	0.0000	0.0000	0.0000	0.0000	0.0000	
14/08/2017	09:27:50	011992	G523043449HLR	L523	R		421.8290	1.0292	8.2201	99.9885	39.6054	0.8430	0.8283	5.0000	18.6692	508.0352	94.9306	21.6096	23.4000	0.9300	0.9271	0.6433	-0.0003	508.0000	507.1931	1.0275	8.3575	100.0287	39.4624	0.8230	0.8262	5.0000	-9999.0000	-9999.0000	-9999.0000	-9999.0000	-9999.0000	-9999.0000	21.1149	6	0	25.0389	1.0000	99	9	-9999.0000	23352	34222	-9999	1695	1595	-9999	323.9373	5	0.6352	0.6433	-0.0003	91.7462	-0.3737	463.6040	549.6254	40.4167	455.6560	95.5787	460.8059	94.8843	463.2492	94.6759	466.3737	94.6065	
14/08/2017	09:28:15	011992	G523038299HLR	L523	R		494.7327	1.0292	0.2626	100.0278	39.6437	0.8430	0.8282	5.0000	18.7444	0.0000	0.0000	0.0000	0.0000	0.9300	0.0000	0.0000	0.0000	0.0000	515.0332	1.0275	7.5816	100.1670	39.5000	0.8230	0.8282	5.0000	-9999.0000	-9999.0000	-9999.0000	-9999.0000	-9999.0000	-9999.0000	19.4990	7	8	24.9697	1.0000	99	9	-9999.0000	23353	0	-9999	1696	1596	-9999	0.0000	0	0.0000	0.0000	0.0000	0.0000	0.0000	0.0000	0.0000	0.0000	0.0000	0.0000	0.0000	0.0000	0.0000	0.0000	0.0000	0.0000	
14/08/2017	09:28:45	011992	G523039483HLR	L523	R		434.0638	1.0292	6.7807	100.0715	39.6401	0.8430	0.8284	5.0000	18.8789	508.0292	94.9769	23.5490	23.6000	0.9300	0.9276	0.6459	-0.0004	508.0000	507.3988	1.0275	8.3371	100.0394	40.1756	0.8230	0.8300	5.0000	-9999.0000	-9999.0000	-9999.0000	-9999.0000	-9999.0000	-9999.0000	20.0333	8	0	30.1787	1.0000	99	9	-9999.0000	23353	34222	-9999	1697	1597	-9999	323.6595	5	0.6350	0.6459	-0.0004	104.3102	-0.9010	467.5177	527.7148	38.1713	460.4426	94.8148	464.6559	94.9074	466.8121	94.6528	468.6173	94.9074	
14/08/2017	09:29:40	011992	G523041330HLR	L523	R		399.4586	1.0292	9.8219	99.9684	39.7335	0.8430	0.8284	5.0000	18.5980	0.0000	0.0000	0.0000	0.0000	0.9300	0.0000	0.0000	0.0000	0.0000	424.8599	1.0275	2.4369	99.9667	39.6587	0.8230	0.8266	5.0000	-9999.0000	-9999.0000	-9999.0000	-9999.0000	-9999.0000	-9999.0000	18.7723	2	7	30.2876	1.0000	99	9	-9999.0000	23354	0	-9999	1699	1598	-9999	0.0000	0	0.0000	0.0000	0.0000	0.0000	0.0000	0.0000	0.0000	0.0000	0.0000	0.0000	0.0000	0.0000	0.0000	0.0000	0.0000	0.0000	
14/08/2017	09:30:12	011992	G523039334HLR	L523	R		452.5818	1.0292	4.6021	99.9961	39.6359	0.8430	0.8281	5.0000	18.5381	508.0409	95.1620	7.3699	23.8000	0.9300	0.9276	0.6453	-0.0004	508.0000	511.7301	1.0275	7.9085	100.0956	39.2944	0.8230	0.8266	5.0000	-9999.0000	-9999.0000	-9999.0000	-9999.0000	-9999.0000	-9999.0000	19.7720	3	0	31.9688	1.0000	99	9	-9999.0000	23355	34223	-9999	1700	1599	-9999	326.4856	5	0.6348	0.6453	-0.0004	107.7346	-1.0318	498.8887	529.6503	38.5880	483.9424	94.7917	495.5663	94.8843	498.5268	94.4444	501.4578	94.8380	
14/08/2017	09:30:37	011992	G523041328HLR	L523	R		429.1749	1.0292	7.3559	100.0171	39.6804	0.8430	0.8283	5.0000	20.4474	508.0405	94.9537	17.7289	23.8000	0.9300	0.9277	0.6437	-0.0003	508.0000	508.2969	1.0275	8.2482	100.1427	40.0974	0.8230	0.8304	5.0000	-9999.0000	-9999.0000	-9999.0000	-9999.0000	-9999.0000	-9999.0000	19.9513	4	0	25.0643	1.0000	99	9	-9999.0000	23356	34224	-9999	1701	1600	-9999	324.5811	5	0.6353	0.6437	-0.0003	105.6989	-1.0253	479.2578	550.3757	38.0787	462.8442	95.4630	473.6816	95.5556	478.6540	95.2315	481.3074	95.0231	
14/08/2017	09:31:10	011992	G490040522HLR	L523	R		-9999.0000	0.0000	0.0000	-9999.0000	-9999.0000	0.8430	-9999.0000	0.0000	26.8692	1096.5781	91.6667	4.1600	23.7000	0.9300	0.0000	0.6437	-0.0003	508.0000	998.2741	1.0275	-4.0000	100.0561	40.1940	0.8230	0.8243	5.0000	-9999.0000	-9999.0000	-9999.0000	-9999.0000	-9999.0000	-9999.0000	20.5086	5	27	32.9939	1.0000	99	9	-9999.0000	23356	34225	-9999	1702	1601	-9999	704.6572	5	0.6353	0.6437	-0.0003	105.6989	-1.0253	1096.4719	569.7238	38.4722	1036.1249	91.8981	1091.8294	91.1574	1095.9501	91.5972	0.0000	0.0000	
14/08/2017	09:31:35	011992	G523039479HLR	L523	R		438.1466	1.0292	6.3004	100.0903	39.7220	0.8430	0.8282	5.0000	18.7720	508.0418	94.9537	19.4095	23.7000	0.9300	0.9273	0.6451	-0.0003	508.0000	508.0999	1.0275	8.2677	100.1414	39.6665	0.8230	0.8265	5.0000	-9999.0000	-9999.0000	-9999.0000	-9999.0000	-9999.0000	-9999.0000	19.5470	6	0	25.0686	1.0000	99	9	-9999.0000	23357	34226	-9999	1703	1602	-9999	324.3530	5	0.6354	0.6451	-0.0003	59.4722	0.8554	478.2556	561.7034	40.9722	466.3710	96.0880	473.9738	96.0648	477.6453	95.7639	479.9257	94.8148	
14/08/2017	09:32:09	011992	G523039873HLR	L523	R		434.3101	1.0292	6.7518	100.0763	39.8020	0.8430	0.8282	5.0000	20.1396	508.0263	94.9769	20.1585	23.5000	0.9300	0.9271	0.6433	-0.0003	508.0000	508.2917	1.0275	8.2487	100.0085	39.7868	0.8230	0.8283	5.0000	-9999.0000	-9999.0000	-9999.0000	-9999.0000	-9999.0000	-9999.0000	19.3771	7	0	34.0788	1.0000	99	9	-9999.0000	23358	34227	-9999	1704	1603	-9999	324.2320	5	0.6376	0.6433	-0.0003	59.1076	0.9122	473.4506	544.2938	40.6713	464.3455	96.1806	469.5157	95.8333	473.3221	95.6250	475.6844	94.9074	
14/08/2017	09:33:32	011992	G523040353HLR	L523	R		441.0396	1.0292	5.9601	100.0100	39.7201	0.8430	0.8283	5.0000	18.4889	508.0352	94.8611	12.7994	23.5000	0.9300	0.9273	0.6433	-0.0003	508.0000	508.7154	1.0275	8.2068	99.9927	39.8376	0.8230	0.8267	5.0000	-9999.0000	-9999.0000	-9999.0000	-9999.0000	-9999.0000	-9999.0000	19.3918	1	0	44.1987	1.0000	99	9	-9999.0000	23360	34228	-9999	1706	1604	-9999	325.1975	5	0.6376	0.6433	-0.0003	59.1076	0.9122	486.3687	535.7220	40.0463	473.6260	95.7407	481.6754	95.7870	485.7825	95.3704	488.5319	95.0231	
14/08/2017	09:34:04	011992	G523039319HLR	L523	R		452.1009	1.0292	4.6587	100.0758	39.8070	0.8430	0.8284	5.0000	18.7667	508.0570	95.0694	6.5398	23.6000	0.9300	0.9272	0.6433	-0.0003	508.0000	507.4980	1.0275	8.3273	100.0501	39.5000	0.8230	0.8276	5.0000	-9999.0000	-9999.0000	-9999.0000	-9999.0000	-9999.0000	-9999.0000	20.8568	2	0	32.5788	1.0000	99	9	-9999.0000	23361	34229	-9999	1707	1605	-9999	326.0586	5	0.6376	0.6433	-0.0003	56.6784	0.9594	501.5262	525.0028	39.5370	489.3015	95.8565	497.2478	95.3009	501.2744	95.2546	505.1141	95.1620	
14/08/2017	09:34:29	011992	G523039849HLR	L523	R		432.1715	1.0292	7.0033	100.0051	39.8198	0.8430	0.8281	5.0000	18.4290	508.0555	94.9769	22.0393	23.5000	0.9300	0.9273	0.6434	-0.0003	508.0000	507.0317	1.0275	8.3734	99.9800	40.3794	0.8230	0.8294	5.0000	-9999.0000	-9999.0000	-9999.0000	-9999.0000	-9999.0000	-9999.0000	19.2095	3	0	25.1028	1.0000	99	9	-9999.0000	23362	34230	-9999	1708	1606	-9999	324.0102	5	0.6376	0.6434	-0.0003	54.7292	0.9892	470.0382	527.1246	38.7963	461.0029	95.7407	464.7892	95.7870	469.5768	95.6481	471.7378	94.8611	
14/08/2017	09:34:54	011992	G523040012HLR	L523	R		428.8283	1.0292	7.3967	100.0383	39.6458	0.8430	0.8281	5.0000	18.6819	508.0316	95.0000	23.6388	23.3000	0.9300	0.9271	0.6423	-0.0002	508.0000	507.9273	1.0275	8.2848	99.9584	39.8044	0.8230	0.8267	5.0000	-9999.0000	-9999.0000	-9999.0000	-9999.0000	-9999.0000	-9999.0000	19.4816	4	0	24.9963	1.0000	99	9	-9999.0000	23363	34231	-9999	1709	1606	-9999	323.7636	5	0.6379	0.6423	-0.0002	55.5467	0.9323	467.6251	542.9780	39.3750	456.5819	95.8102	464.1646	95.6713	466.9926	95.2546	470.2025	94.9306	
14/08/2017	09:35:19	011992	G523041077HLR	L523	R		427.9188	1.0292	7.5037	100.0075	39.8261	0.8430	0.8285	5.0000	18.5687	508.0366	94.9769	28.9189	23.3000	0.9300	0.9271	0.6434	-0.0003	508.0000	508.9167	1.0275	8.1869	99.9523	39.3715	0.8230	0.8266	5.0000	-9999.0000	-9999.0000	-9999.0000	-9999.0000	-9999.0000	-9999.0000	19.4806	5	0	24.9686	1.0000	99	9	-9999.0000	23364	34232	-9999	1710	1607	-9999	323.3343	5	0.6385	0.6434	-0.0003	52.4400	1.0587	463.3842	542.3754	37.0602	449.8520	95.9722	461.1727	95.8333	463.2582	95.6019	465.5710	94.9306	
14/08/2017	09:36:05	011992	G523039952HLR	L523	R		434.0010	1.0292	6.7881	100.0514	39.7601	0.8430	0.8281	5.0000	18.6465	508.0676	94.9306	17.5091	23.3000	0.9300	0.9270	0.6429	-0.0002	508.0000	506.8591	1.0275	8.3905	100.0180	39.7798	0.8230	0.8292	5.0000	-9999.0000	-9999.0000	-9999.0000	-9999.0000	-9999.0000	-9999.0000	19.3088	6	0	45.9538	1.0000	99	9	-9999.0000	23365	34233	-9999	1711	1608	-9999	324.5947	5	0.6384	0.6429	-0.0002	52.2830	1.0429	477.2318	532.9416	38.6343	463.4012	95.4861	472.3172	95.5556	476.4894	95.2778	479.1779	94.8843	
14/08/2017	09:36:49	011992	G523041423HLR	L523	R		444.5206	1.0292	5.5505	100.0214	39.7393	0.8430	0.8284	5.0000	18.4694	452.2079	96.0880	6.3699	23.5000	0.9300	0.9269	0.6429	-0.0002	508.0000	494.4054	1.0275	8.4553	100.0574	40.3287	0.8230	0.8298	5.0000	-9999.0000	-9999.0000	-9999.0000	-9999.0000	-9999.0000	-9999.0000	19.5298	7	32	43.5928	1.0000	99	9	-9999.0000	23366	34233	-9999	1711	1609	-9999	286.4573	5	0.6384	0.6429	-0.0002	52.2830	1.0429	486.4769	540.8273	39.0972	469.8448	96.1574	481.8420	94.6759	485.8863	94.6065	490.9638	94.6991	
14/08/2017	09:37:37	011992	G523039435HLR	L523	R		443.0662	1.0292	5.7216	100.0330	39.7946	0.8430	0.8283	5.0000	18.6922	508.0844	95.2083	11.0397	23.4000	0.9300	0.9273	0.6389	-0.0000	508.0000	507.8566	1.0275	8.2918	100.0184	39.7251	0.8230	0.8259	5.0000	-9999.0000	-9999.0000	-9999.0000	-9999.0000	-9999.0000	-9999.0000	19.8087	8	0	48.0188	1.0000	99	9	-9999.0000	23367	34234	-9999	1712	1609	-9999	324.5170	5	0.6388	0.6389	-0.0000	50.2253	1.2080	492.2400	536.0794	37.6389	477.8693	95.7407	487.5843	95.8796	491.8756	95.5556	494.6276	94.8611	
14/08/2017	09:38:16	011992	G523040303HLR	L523	R		481.4481	1.0292	1.2061	100.0691	39.7152	0.8430	0.8281	5.0000	18.7681	0.0000	0.0000	0.0000	0.0000	0.9300	0.0000	0.0000	0.0000	0.0000	501.8229	1.0275	8.8889	100.0320	39.7154	0.8230	0.8289	5.0000	-9999.0000	-9999.0000	-9999.0000	-9999.0000	-9999.0000	-9999.0000	19.8500	1	8	38.9987	1.0000	99	9	-9999.0000	23368	0	-9999	1713	1610	-9999	0.0000	0	0.0000	0.0000	0.0000	0.0000	0.0000	0.0000	0.0000	0.0000	0.0000	0.0000	0.0000	0.0000	0.0000	0.0000	0.0000	0.0000	
14/08/2017	09:38:57	011992	G523040020HLR	L523	R		426.3237	1.0292	7.6913	99.9974	39.7594	0.8430	0.8283	5.0000	18.4446	507.3862	95.0000	31.0097	23.4000	0.9300	0.9274	0.6441	-0.0003	508.0000	508.4263	1.0275	8.2354	100.0304	40.1375	0.8230	0.8269	5.0000	-9999.0000	-9999.0000	-9999.0000	-9999.0000	-9999.0000	-9999.0000	21.3753	2	0	41.4682	1.0000	99	9	-9999.0000	23369	34235	-9999	1714	1611	-9999	322.2788	5	0.6387	0.6441	-0.0003	51.4697	1.1101	438.3240	489.1052	37.3380	431.6248	95.0463	433.7817	95.3704	438.1425	95.5787	440.6455	94.6991	
14/08/2017	09:39:22	011992	G523039188HLR	L523	R		423.1837	1.0292	8.0607	99.9949	39.8212	0.8430	0.8282	5.0000	18.4893	508.0709	94.9769	27.1895	23.3000	0.9300	0.9271	0.6432	-0.0002	508.0000	508.4718	1.0275	8.2309	100.0447	39.5094	0.8230	0.8267	5.0000	-9999.0000	-9999.0000	-9999.0000	-9999.0000	-9999.0000	-9999.0000	19.6694	3	0	25.0295	1.0000	99	9	-9999.0000	23370	34235	-9999	1715	1612	-9999	323.3235	5	0.6388	0.6432	-0.0002	52.9066	1.0308	462.1097	515.5100	36.8750	448.7337	95.5556	457.9950	95.1852	461.9214	94.9537	463.8712	94.7454	
14/08/2017	09:39:57	011992	G523041415HLR	L523	R		440.3268	1.0292	6.0439	100.0771	39.6629	0.8430	0.8280	5.0000	18.6594	508.0563	94.9074	29.2587	23.3000	0.9300	0.9270	0.6432	-0.0002	508.0000	519.9553	1.0275	7.0945	99.9264	40.1446	0.8230	0.8295	5.0000	-9999.0000	-9999.0000	-9999.0000	-9999.0000	-9999.0000	-9999.0000	19.2988	4	2	34.4987	1.0000	99	9	-9999.0000	23370	34236	-9999	1716	1613	-9999	323.1453	5	0.6388	0.6432	-0.0002	52.9066	1.0308	433.5071	517.3541	39.1898	418.1493	95.2315	425.6455	94.7454	432.7258	94.4676	437.6898	94.7454	
14/08/2017	09:40:31	011992	G523041684HLR	L523	R		430.4201	1.0292	7.2094	100.0323	39.8220	0.8430	0.8285	5.0000	18.6496	508.0298	94.9769	23.7189	23.3000	0.9300	0.9271	0.6438	-0.0003	508.0000	508.0111	1.0275	8.2765	99.8975	40.0886	0.8230	0.8278	5.0000	-9999.0000	-9999.0000	-9999.0000	-9999.0000	-9999.0000	-9999.0000	19.1589	5	0	33.9284	1.0000	99	9	-9999.0000	23371	34237	-9999	1717	1614	-9999	323.8088	5	0.6383	0.6438	-0.0003	53.2084	0.9882	464.7854	536.4218	36.8056	457.1509	94.9306	460.9846	94.8148	464.5556	94.6296	467.2268	94.8380	
14/08/2017	09:40:59	011992	G523042204HLR	L523	R		427.6093	1.0292	7.5401	99.9942	39.6543	0.8430	0.8280	5.0000	18.8851	508.0662	94.9306	27.1592	23.4000	0.9300	0.9271	0.6439	-0.0003	508.0000	509.1781	1.0275	8.1610	99.9632	39.5623	0.8230	0.8267	5.0000	-9999.0000	-9999.0000	-9999.0000	-9999.0000	-9999.0000	-9999.0000	19.0752	6	0	28.1689	1.0000	99	9	-9999.0000	23372	34237	-9999	1718	1615	-9999	323.2155	5	0.6381	0.6439	-0.0003	53.3646	1.0205	463.5358	541.4283	38.8426	421.6511	95.8333	454.8608	96.2731	460.9293	96.3657	464.9778	94.9074	
14/08/2017	09:41:25	011992	G523038862HLR	L523	R		468.2262	1.0292	2.7616	100.0030	39.7343	0.8430	0.8283	5.0000	19.4492	0.0000	0.0000	0.0000	0.0000	0.9300	0.0000	0.0000	0.0000	0.0000	488.8914	1.0275	7.9781	100.0027	39.8000	0.8230	0.8289	5.0000	-9999.0000	-9999.0000	-9999.0000	-9999.0000	-9999.0000	-9999.0000	19.4587	7	8	25.9493	1.0000	99	9	-9999.0000	23372	0	-9999	1719	1616	-9999	0.0000	0	0.0000	0.0000	0.0000	0.0000	0.0000	0.0000	0.0000	0.0000	0.0000	0.0000	0.0000	0.0000	0.0000	0.0000	0.0000	0.0000	
14/08/2017	09:41:50	011992	G523028501HLR	L523	R		432.0306	1.0292	7.0199	99.9934	39.7533	0.8430	0.8281	5.0000	18.4494	508.0364	94.9537	23.5685	23.6000	0.9300	0.9274	0.6448	-0.0003	508.0000	508.8599	1.0275	8.1925	99.9749	40.1998	0.8230	0.8286	5.0000	-9999.0000	-9999.0000	-9999.0000	-9999.0000	-9999.0000	-9999.0000	19.3995	8	0	24.9993	1.0000	99	9	-9999.0000	23373	34238	-9999	1720	1617	-9999	323.6800	5	0.6369	0.6448	-0.0003	52.0405	1.0589	468.4460	551.4361	39.4907	459.6528	94.6759	465.3183	94.0741	468.2481	94.0509	469.7340	95.1852	
14/08/2017	09:42:15	011992	G523029052HLR	L523	R		425.6281	1.0292	7.7732	100.0525	39.6248	0.8430	0.8281	5.0000	18.7546	508.0599	94.9306	22.5285	23.5000	0.9300	0.9271	0.6493	-0.0005	508.0000	507.8475	1.0275	8.2927	99.9675	39.8678	0.8230	0.8270	5.0000	-9999.0000	-9999.0000	-9999.0000	-9999.0000	-9999.0000	-9999.0000	18.8899	1	0	25.4987	1.0000	99	9	-9999.0000	23374	34239	-9999	1720	1618	-9999	323.9554	5	0.6361	0.6493	-0.0005	56.3009	0.8930	467.1575	554.0125	38.7037	454.1415	95.1389	462.9381	95.3009	466.9074	95.2778	470.6802	95.0000	
14/08/2017	09:42:41	011992	G523028910HLR	L523	R		427.4049	1.0292	7.5641	100.0061	39.8172	0.8430	0.8285	5.0000	18.5989	508.0519	94.9306	16.7992	23.5000	0.9300	0.9270	0.6493	-0.0005	508.0000	509.7006	1.0275	8.1093	99.9859	39.5469	0.8230	0.8268	5.0000	-9999.0000	-9999.0000	-9999.0000	-9999.0000	-9999.0000	-9999.0000	19.3155	2	0	25.0397	1.0000	99	9	-9999.0000	23375	34240	-9999	1721	1619	-9999	325.6627	5	0.6361	0.6493	-0.0005	56.3009	0.8930	478.6672	532.7325	38.2176	468.9339	94.2361	474.3399	94.2824	478.3923	94.5139	481.8562	94.8148	
14/08/2017	09:43:22	011992	G523028932HLR	L523	R		441.0394	1.0292	5.9601	100.0027	39.7156	0.8430	0.8280	5.0000	19.3098	508.0366	95.1389	15.0991	23.6000	0.9300	0.9270	0.6493	-0.0005	508.0000	507.6426	1.0275	8.3130	99.9710	39.8000	0.8230	0.8286	5.0000	-9999.0000	-9999.0000	-9999.0000	-9999.0000	-9999.0000	-9999.0000	18.9038	3	0	41.8403	1.0000	99	9	-9999.0000	23376	34241	-9999	1722	1620	-9999	326.0783	5	0.6361	0.6493	-0.0005	56.3009	0.8930	480.1409	525.6921	37.7315	467.2303	94.3750	474.6981	94.2361	479.8240	94.5833	482.5742	95.0000	
14/08/2017	09:43:47	011992	G523038864HLR	L523	R		467.4423	1.0292	2.8538	99.9701	39.6487	0.8430	0.8282	5.0000	18.4588	0.0000	0.0000	0.0000	0.0000	0.9300	0.0000	0.0000	0.0000	0.0000	487.3217	1.0275	7.8423	100.0277	40.1996	0.8230	0.8291	5.0000	-9999.0000	-9999.0000	-9999.0000	-9999.0000	-9999.0000	-9999.0000	18.8901	4	8	25.0800	1.0000	99	9	-9999.0000	23377	0	-9999	1723	1621	-9999	0.0000	0	0.0000	0.0000	0.0000	0.0000	0.0000	0.0000	0.0000	0.0000	0.0000	0.0000	0.0000	0.0000	0.0000	0.0000	0.0000	0.0000	
14/08/2017	09:44:24	011992	G523028937HLR	L523	R		432.1091	1.0292	7.0107	100.0741	39.8203	0.8430	0.8285	5.0000	18.8294	508.0321	94.9306	11.8599	23.7000	0.9300	0.9273	0.6483	-0.0005	508.0000	508.9859	1.0275	8.1800	100.0177	39.7523	0.8230	0.8260	5.0000	-9999.0000	-9999.0000	-9999.0000	-9999.0000	-9999.0000	-9999.0000	20.6288	5	0	36.7356	1.0000	99	9	-9999.0000	23378	34242	-9999	1724	1621	-9999	326.5826	5	0.6359	0.6483	-0.0005	57.1507	0.8683	486.2276	545.1254	39.6296	473.1416	94.6528	482.9994	94.7222	485.8097	94.7685	489.1111	94.7454	
14/08/2017	09:44:56	011992	G523037244HLR	L523	R		470.0700	1.0292	2.5447	100.0893	39.8166	0.8430	0.8281	5.0000	18.8690	0.0000	0.0000	0.0000	0.0000	0.9300	0.0000	0.0000	0.0000	0.0000	489.7281	1.0275	8.0505	100.1606	39.3852	0.8230	0.8266	5.0000	-9999.0000	-9999.0000	-9999.0000	-9999.0000	-9999.0000	-9999.0000	19.1788	6	8	31.4789	1.0000	99	9	-9999.0000	23379	0	-9999	1725	1621	-9999	0.0000	0	0.0000	0.0000	0.0000	0.0000	0.0000	0.0000	0.0000	0.0000	0.0000	0.0000	0.0000	0.0000	0.0000	0.0000	0.0000	0.0000	
14/08/2017	09:45:26	011992	G523029310HLR	L523	R		435.9329	1.0292	6.5608	99.9803	39.7162	0.8430	0.8280	5.0000	18.6397	476.3519	94.9537	31.0087	23.7000	0.9300	0.9271	0.6452	-0.0004	508.0000	508.8227	1.0275	8.1962	99.9443	40.2850	0.8230	0.8303	5.0000	-9999.0000	-9999.0000	-9999.0000	-9999.0000	-9999.0000	-9999.0000	18.5404	7	0	30.3590	1.0000	99	9	-9999.0000	23380	34243	-9999	1726	1621	-9999	302.1056	5	0.6365	0.6452	-0.0004	55.4838	0.9536	366.1644	541.9065	39.5833	353.6519	96.2269	346.3230	95.6481	358.5208	95.1157	395.3901	94.9537	
14/08/2017	09:46:21	011992	G523037213HLR	L523	R		419.5065	1.0292	8.4934	100.0527	39.8152	0.8430	0.8280	5.0000	19.2018	508.0547	94.9306	25.6387	23.6000	0.9300	0.9271	0.6472	-0.0004	508.0000	504.3502	1.0275	8.6388	100.0067	39.6118	0.8230	0.8258	5.0000	-9999.0000	-9999.0000	-9999.0000	-9999.0000	-9999.0000	-9999.0000	20.2068	1	0	27.0075	1.0000	99	9	-9999.0000	23381	34243	-9999	1728	1622	-9999	323.2041	5	0.6367	0.6472	-0.0004	72.9886	0.3040	458.9671	548.7367	41.2731	447.9428	94.8148	454.0735	94.7454	458.6343	94.7685	461.3093	94.9074	
14/08/2017	09:46:46	011992	G523029511HLR	L523	R		426.5572	1.0292	7.6639	100.0221	39.6331	0.8430	0.8280	5.0000	18.5585	508.0735	94.9537	18.5892	23.4000	0.9300	0.9268	0.6475	-0.0004	508.0000	508.3540	1.0275	8.2426	100.1260	39.4000	0.8230	0.8270	5.0000	-9999.0000	-9999.0000	-9999.0000	-9999.0000	-9999.0000	-9999.0000	21.1795	2	0	25.3291	1.0000	99	9	-9999.0000	23382	34244	-9999	1729	1623	-9999	324.7612	5	0.6325	0.6475	-0.0004	75.3291	0.1560	474.6453	554.3306	40.0231	466.7184	95.1852	470.0939	95.0926	474.4971	95.4167	476.5440	94.9537	
14/08/2017	09:47:19	011992	G523029516HLR	L523	R		429.3550	1.0292	7.3347	100.0504	39.8581	0.8430	0.8284	5.0000	19.2040	508.0142	94.9537	17.6800	23.4000	0.9300	0.9269	0.6475	-0.0004	508.0000	510.9879	1.0275	7.9819	100.0842	40.1740	0.8230	0.8302	5.0000	-9999.0000	-9999.0000	-9999.0000	-9999.0000	-9999.0000	-9999.0000	19.0585	3	0	32.5692	1.0000	99	9	-9999.0000	23382	34245	-9999	1730	1624	-9999	324.9426	5	0.6325	0.6475	-0.0004	75.3291	0.1560	481.7238	558.8999	38.7269	473.3576	94.8380	474.8814	94.7222	481.3405	94.8843	484.1363	95.0000	
14/08/2017	09:47:44	011992	G523029502HLR	L523	R		437.4813	1.0292	6.3787	100.0434	39.7711	0.8430	0.8280	5.0000	18.5487	508.0825	94.9769	14.9487	23.4000	0.9300	0.9269	0.6475	-0.0004	508.0000	509.0878	1.0275	8.1700	100.1035	40.4697	0.8230	0.8288	5.0000	-9999.0000	-9999.0000	-9999.0000	-9999.0000	-9999.0000	-9999.0000	19.3288	4	0	25.0293	1.0000	99	9	-9999.0000	23383	34246	-9999	1731	1625	-9999	325.6578	5	0.6325	0.6475	-0.0004	75.3291	0.1560	481.5262	556.0875	41.7824	475.7026	94.4213	476.8053	94.3056	481.1415	94.6528	483.9397	95.0000	
14/08/2017	09:48:09	011992	G523029318HLR	L523	R		428.5345	1.0292	7.4312	99.9913	39.7157	0.8430	0.8282	5.0000	18.5570	508.0646	94.9306	13.9887	23.4000	0.9300	0.9269	0.6470	-0.0004	508.0000	507.8582	1.0275	8.2916	99.9695	39.8293	0.8230	0.8262	5.0000	-9999.0000	-9999.0000	-9999.0000	-9999.0000	-9999.0000	-9999.0000	19.2684	5	0	25.6087	1.0000	99	9	-9999.0000	23384	34247	-9999	1732	1626	-9999	325.8388	5	0.6330	0.6470	-0.0004	75.7871	0.1265	483.2710	536.9711	41.2731	473.6835	94.4676	478.1733	94.3056	482.7790	94.6528	485.1136	95.0463	
14/08/2017	09:48:36	011992	G523028491HLR	L523	R		428.8744	1.0292	7.3912	100.0494	39.8271	0.8430	0.8284	5.0000	18.8495	409.5254	96.2269	5.3299	23.6000	0.9300	0.9267	0.6475	-0.0004	508.0000	472.3025	1.0275	6.5425	100.1093	39.3930	0.8230	0.8264	5.0000	-9999.0000	-9999.0000	-9999.0000	-9999.0000	-9999.0000	-9999.0000	19.6573	6	32	26.5410	1.0000	99	9	-9999.0000	23384	34248	-9999	1733	1627	-9999	260.8756	5	0.6342	0.6475	-0.0004	78.8391	0.0225	450.1734	538.3146	39.6528	442.8427	95.6481	445.1545	94.0972	449.8713	94.3981	450.9129	96.1343	
14/08/2017	09:49:09	011992	G523028164HLR	L523	R		421.1472	1.0292	8.3003	100.0647	39.8146	0.8430	0.8280	5.0000	19.0693	508.0541	95.0000	20.3293	23.5000	0.9300	0.9272	0.6446	-0.0003	508.0000	509.0593	1.0275	8.1728	100.1378	39.8679	0.8230	0.8288	5.0000	-9999.0000	-9999.0000	-9999.0000	-9999.0000	-9999.0000	-9999.0000	20.4092	7	0	32.7469	1.0000	99	9	-9999.0000	23385	34249	-9999	1734	1628	-9999	324.1377	5	0.6345	0.6446	-0.0003	69.4976	0.5390	473.2965	558.9241	41.0185	461.9875	95.9028	467.3907	95.7639	471.9070	96.1574	474.4861	94.6991	
14/08/2017	09:49:42	011992	G523029313HLR	L523	R		393.1013	1.0292	9.6656	100.0085	39.6762	0.8430	0.8280	5.0000	18.4479	0.0000	0.0000	0.0000	0.0000	0.9300	0.0000	0.0000	0.0000	0.0000	394.6280	1.0275	0.0000	100.1281	40.2351	0.8230	0.8294	5.0000	-9999.0000	-9999.0000	-9999.0000	-9999.0000	-9999.0000	-9999.0000	18.7786	8	7	33.4087	1.0000	99	9	-9999.0000	23386	0	-9999	1735	1629	-9999	0.0000	0	0.0000	0.0000	0.0000	0.0000	0.0000	0.0000	0.0000	0.0000	0.0000	0.0000	0.0000	0.0000	0.0000	0.0000	0.0000	0.0000	
14/08/2017	09:50:07	011992	G523028740HLR	L523	R		426.0583	1.0292	7.7226	100.0853	39.8194	0.8430	0.8284	5.0000	18.7591	508.0276	94.9537	13.6294	23.5000	0.9300	0.9273	0.6431	-0.0002	508.0000	505.8910	1.0275	8.4863	100.0658	39.9106	0.8230	0.8260	5.0000	-9999.0000	-9999.0000	-9999.0000	-9999.0000	-9999.0000	-9999.0000	21.3085	1	0	24.9694	1.0000	99	9	-9999.0000	23387	34250	-9999	1736	1630	-9999	325.4234	5	0.6351	0.6431	-0.0002	72.4649	0.4848	483.0770	567.2492	41.0880	473.6825	94.3519	478.2672	94.2593	482.6419	94.3519	485.5910	94.6528	
14/08/2017	09:50:34	011992	G523028907HLR	L523	R		425.8316	1.0292	7.7492	100.0649	39.8204	0.8430	0.8281	5.0000	19.1875	508.0589	94.9306	13.3198	23.5000	0.9300	0.9271	0.6431	-0.0002	508.0000	508.8278	1.0275	8.1957	100.0048	39.4836	0.8230	0.8267	5.0000	-9999.0000	-9999.0000	-9999.0000	-9999.0000	-9999.0000	-9999.0000	19.3287	2	0	26.5190	1.0000	99	9	-9999.0000	23388	34251	-9999	1737	1631	-9999	325.4919	5	0.6351	0.6431	-0.0002	72.4649	0.4848	484.8924	548.4055	39.9074	468.8503	95.0463	480.3357	94.0972	484.6631	94.3519	487.4945	94.7917	
14/08/2017	09:51:03	011992	G523028430HLR	L523	R		429.6221	1.0292	7.3033	100.1025	39.7497	0.8430	0.8280	5.0000	18.7191	508.0417	95.0000	19.2688	23.4000	0.9300	0.9271	0.6502	-0.0007	508.0000	507.8886	1.0275	8.2886	100.1364	39.8619	0.8230	0.8291	5.0000	-9999.0000	-9999.0000	-9999.0000	-9999.0000	-9999.0000	-9999.0000	19.2292	3	0	29.0086	1.0000	99	9	-9999.0000	23389	34252	-9999	1738	1632	-9999	323.8915	5	0.6350	0.6502	-0.0007	66.8122	0.8037	466.6048	539.8363	41.2500	456.4515	93.7037	462.4772	93.7269	466.0952	94.1435	470.6204	94.8148	
14/08/2017	09:51:28	011992	G523028089HLR	L523	R		436.5313	1.0292	6.4904	100.0809	39.7739	0.8430	0.8282	5.0000	18.9105	508.0382	94.9769	18.3392	23.3000	0.9300	0.9270	0.6502	-0.0007	508.0000	509.7240	1.0275	8.1070	100.1806	40.3000	0.8230	0.8289	5.0000	-9999.0000	-9999.0000	-9999.0000	-9999.0000	-9999.0000	-9999.0000	19.6480	4	0	25.0297	1.0000	99	9	-9999.0000	23390	34253	-9999	1738	1633	-9999	324.2110	5	0.6350	0.6502	-0.0007	66.8122	0.8037	475.0510	530.2425	39.3056	468.5493	93.7963	472.4704	94.0509	474.8162	94.2361	478.1261	94.7685	
14/08/2017	09:52:18	011992	G523029520HLR	L523	R		423.1730	1.0292	8.0620	99.9793	39.7395	0.8430	0.8281	5.0000	18.4792	508.0255	94.9537	14.2290	23.5000	0.9300	0.9273	0.6436	-0.0002	508.0000	507.0494	1.0275	8.3717	99.9788	39.5481	0.8230	0.8260	5.0000	-9999.0000	-9999.0000	-9999.0000	-9999.0000	-9999.0000	-9999.0000	19.1492	6	0	25.1382	1.0000	99	9	-9999.0000	23392	34254	-9999	1740	1634	-9999	325.3223	5	0.6351	0.6436	-0.0002	72.8469	0.5082	484.4492	535.4438	39.2593	466.4638	95.0463	479.3604	95.4167	483.9851	95.4398	486.4516	94.8380	
14/08/2017	09:52:49	011992	G523028600HLR	L523	R		425.4501	1.0292	7.7941	100.0062	39.7359	0.8430	0.8283	5.0000	18.4896	508.0328	94.9537	15.5092	23.4000	0.9300	0.9271	0.6432	-0.0002	508.0000	507.0337	1.0275	8.3732	99.9895	39.4828	0.8230	0.8276	5.0000	-9999.0000	-9999.0000	-9999.0000	-9999.0000	-9999.0000	-9999.0000	19.5090	7	0	31.0889	1.0000	99	9	-9999.0000	23393	34255	-9999	1740	1635	-9999	325.0410	5	0.6347	0.6432	-0.0002	73.3204	0.4575	479.7778	565.4778	40.3241	460.9624	95.2546	474.1820	94.5602	479.2523	94.6759	483.3852	94.8611	
14/08/2017	09:54:42	011992	G523028378HLR	L523	R		426.3860	1.0292	7.6840	100.0353	39.8148	0.8430	0.8284	5.0000	18.6595	508.0333	94.9306	20.3088	23.6000	0.9300	0.9276	0.6529	-0.0008	508.0000	503.7247	1.0275	8.7007	99.9645	39.3830	0.8230	0.8259	5.0000	-9999.0000	-9999.0000	-9999.0000	-9999.0000	-9999.0000	-9999.0000	19.8841	3	0	36.5982	1.0000	99	9	-9999.0000	23396	34256	-9999	1743	1636	-9999	323.0960	5	0.6394	0.6529	-0.0008	88.7335	-0.5710	464.2919	562.7746	39.4676	456.8487	95.3241	459.3467	95.2546	463.9540	95.4861	466.9886	94.9306	
14/08/2017	09:55:07	011992	G523037604HLR	L523	R		471.0342	1.0292	2.4313	100.1088	39.8918	0.8430	0.8282	5.0000	18.7395	0.0000	0.0000	0.0000	0.0000	0.9300	0.0000	0.0000	0.0000	0.0000	492.4794	1.0275	8.2886	100.0996	39.4922	0.8230	0.8284	5.0000	-9999.0000	-9999.0000	-9999.0000	-9999.0000	-9999.0000	-9999.0000	19.0014	4	8	25.0595	1.0000	99	9	-9999.0000	23397	0	-9999	1743	1637	-9999	0.0000	0	0.0000	0.0000	0.0000	0.0000	0.0000	0.0000	0.0000	0.0000	0.0000	0.0000	0.0000	0.0000	0.0000	0.0000	0.0000	0.0000	
14/08/2017	09:55:32	011992	G523029307HLR	L523	R		427.2539	1.0292	7.5819	100.1083	39.7477	0.8430	0.8279	5.0000	18.6294	508.0565	94.9537	15.8998	23.6000	0.9300	0.9274	0.6529	-0.0008	508.0000	508.1337	1.0275	8.2644	100.0132	40.5926	0.8230	0.8299	5.0000	-9999.0000	-9999.0000	-9999.0000	-9999.0000	-9999.0000	-9999.0000	19.5888	5	0	24.9688	1.0000	99	9	-9999.0000	23398	34257	-9999	1744	1638	-9999	324.9896	5	0.6394	0.6529	-0.0008	88.7335	-0.5710	474.8045	550.7094	42.0370	462.2648	95.7870	470.0069	94.4213	474.4932	94.4907	477.6385	94.7917	
14/08/2017	09:56:31	011992	G523037312HLR	L523	R		424.6830	1.0292	7.8844	100.0171	39.8768	0.8430	0.8284	5.0000	18.3694	508.0232	94.9769	25.7891	23.7000	0.9300	0.9273	0.6514	-0.0007	508.0000	505.3765	1.0275	8.5372	99.8887	39.6453	0.8230	0.8257	5.0000	-9999.0000	-9999.0000	-9999.0000	-9999.0000	-9999.0000	-9999.0000	20.0489	7	0	33.6600	1.0000	99	9	-9999.0000	23400	34258	-9999	1746	1639	-9999	321.4572	5	0.6399	0.6514	-0.0007	89.4854	-0.6412	457.2226	565.1542	41.1574	451.0359	96.0880	452.1091	95.1157	456.8532	95.3704	459.1032	95.0463	
14/08/2017	09:57:03	011992	G523036979HLR	L523	R		418.4048	1.0292	8.6230	100.1115	39.8513	0.8430	0.8280	5.0000	18.6790	0.0000	0.0000	0.0000	0.0000	0.9300	0.0000	0.0000	0.0000	0.0000	424.3943	1.0275	2.3966	100.1354	39.3000	0.8230	0.8268	5.0000	-9999.0000	-9999.0000	-9999.0000	-9999.0000	-9999.0000	-9999.0000	19.4025	8	7	32.0296	1.0000	99	9	-9999.0000	23401	0	-9999	1747	1640	-9999	0.0000	0	0.0000	0.0000	0.0000	0.0000	0.0000	0.0000	0.0000	0.0000	0.0000	0.0000	0.0000	0.0000	0.0000	0.0000	0.0000	0.0000	
14/08/2017	09:57:42	011992	G523036949HLR	L523	R		413.1837	1.0292	9.2372	99.9815	39.7577	0.8430	0.8281	5.0000	18.5489	0.0000	0.0000	0.0000	0.0000	0.9300	0.0000	0.0000	0.0000	0.0000	419.4263	1.0275	1.9667	100.0009	40.1657	0.8230	0.8305	5.0000	-9999.0000	-9999.0000	-9999.0000	-9999.0000	-9999.0000	-9999.0000	19.3793	1	7	39.1484	1.0000	99	9	-9999.0000	23402	0	-9999	1748	1641	-9999	0.0000	0	0.0000	0.0000	0.0000	0.0000	0.0000	0.0000	0.0000	0.0000	0.0000	0.0000	0.0000	0.0000	0.0000	0.0000	0.0000	0.0000	
14/08/2017	09:58:29	011992	G523036947HLR	L523	R		416.5443	1.0292	8.8418	100.0035	39.7804	0.8430	0.8282	5.0000	18.6657	0.0000	0.0000	0.0000	0.0000	0.9300	0.0000	0.0000	0.0000	0.0000	421.9534	1.0275	2.1854	99.9497	40.3060	0.8230	0.8281	5.0000	-9999.0000	-9999.0000	-9999.0000	-9999.0000	-9999.0000	-9999.0000	19.2808	2	7	47.5079	1.0000	99	9	-9999.0000	23403	0	-9999	1749	1642	-9999	0.0000	0	0.0000	0.0000	0.0000	0.0000	0.0000	0.0000	0.0000	0.0000	0.0000	0.0000	0.0000	0.0000	0.0000	0.0000	0.0000	0.0000	
14/08/2017	09:58:54	011992	G523028924HLR	L523	R		419.0787	1.0292	8.5437	100.0966	39.8697	0.8430	0.8283	5.0000	18.6983	508.0439	94.9769	22.9084	23.7000	0.9300	0.9274	0.6474	-0.0005	508.0000	507.1262	1.0275	8.3641	100.0198	39.6028	0.8230	0.8260	5.0000	-9999.0000	-9999.0000	-9999.0000	-9999.0000	-9999.0000	-9999.0000	19.8485	3	0	24.9687	1.0000	99	9	-9999.0000	23404	34259	-9999	1750	1643	-9999	323.5495	5	0.6393	0.6474	-0.0005	83.9538	-0.1896	467.2136	546.5385	40.6019	461.5066	95.9028	462.6128	95.7407	466.9299	95.6944	468.2116	94.8843	
14/08/2017	09:59:19	011992	G523028723HLR	L523	R		423.0094	1.0292	8.0812	100.0183	39.8497	0.8430	0.8280	5.0000	18.4724	508.0362	94.9537	19.7991	23.5000	0.9300	0.9270	0.6474	-0.0005	508.0000	507.3191	1.0275	8.3450	100.0369	40.0920	0.8230	0.8295	5.0000	-9999.0000	-9999.0000	-9999.0000	-9999.0000	-9999.0000	-9999.0000	19.7488	4	0	25.0296	1.0000	99	9	-9999.0000	23405	34260	-9999	1751	1644	-9999	324.2998	5	0.6393	0.6474	-0.0005	83.9538	-0.1896	470.6450	557.9196	42.3843	461.7262	95.3472	466.3572	95.4398	470.0212	95.3935	473.1233	94.9074	
14/08/2017	09:59:53	011992	G523028186HLR	L523	R		425.6136	1.0292	7.7749	99.9936	39.7685	0.8430	0.8281	5.0000	18.5093	508.0441	94.9074	25.3692	23.4000	0.9300	0.9269	0.6474	-0.0005	508.0000	507.4640	1.0275	8.3306	100.2092	40.1876	0.8230	0.8283	5.0000	-9999.0000	-9999.0000	-9999.0000	-9999.0000	-9999.0000	-9999.0000	19.2880	5	0	34.0080	1.0000	99	9	-9999.0000	23406	34261	-9999	1752	1645	-9999	322.9731	5	0.6393	0.6474	-0.0005	83.9538	-0.1896	457.3399	568.6360	42.1065	451.2107	94.4907	452.1653	94.3750	456.5989	94.6991	459.9171	94.8611	
14/08/2017	10:00:19	011992	G523028663HLR	L523	R		417.5480	1.0292	8.7238	100.0920	39.8299	0.8430	0.8283	5.0000	18.7170	0.0000	0.0000	0.0000	0.0000	0.9300	0.0000	0.0000	0.0000	0.0000	424.6028	1.0275	2.4147	99.9961	39.7514	0.8230	0.8269	5.0000	-9999.0000	-9999.0000	-9999.0000	-9999.0000	-9999.0000	-9999.0000	19.1796	6	7	25.2089	1.0000	99	9	-9999.0000	23407	0	-9999	1753	1646	-9999	0.0000	0	0.0000	0.0000	0.0000	0.0000	0.0000	0.0000	0.0000	0.0000	0.0000	0.0000	0.0000	0.0000	0.0000	0.0000	0.0000	0.0000	
14/08/2017	10:04:13	011992	G523028193HLR	L523	R		428.6921	1.0292	7.4127	100.1066	39.8240	0.8430	0.8281	5.0000	18.7485	508.0478	94.9769	13.3394	23.6000	0.9300	0.9274	0.6466	-0.0004	508.0000	510.3326	1.0275	8.0468	100.0467	39.7000	0.8230	0.8275	5.0000	-9999.0000	-9999.0000	-9999.0000	-9999.0000	-9999.0000	-9999.0000	20.8805	7	0	234.1911	1.0000	99	9	-9999.0000	23408	34262	-9999	1754	1647	-9999	325.8392	5	0.6394	0.6466	-0.0004	82.9443	-0.1365	484.3734	554.1562	39.7685	471.6321	94.7685	479.1884	95.2546	483.9578	95.2083	487.7278	94.9306	
14/08/2017	10:05:03	011992	G523029040HLR	L523	R		422.7531	1.0292	8.1114	100.0834	39.7966	0.8430	0.8282	5.0000	18.9485	508.0504	94.9306	21.7794	23.5000	0.9300	0.9273	0.6473	-0.0004	508.0000	507.2517	1.0275	8.3517	99.9623	40.2000	0.8230	0.8296	5.0000	-9999.0000	-9999.0000	-9999.0000	-9999.0000	-9999.0000	-9999.0000	19.3488	1	0	24.9296	1.0000	99	9	-9999.0000	23409	34263	-9999	1756	1648	-9999	324.1655	5	0.6387	0.6473	-0.0004	79.4348	0.0860	465.0764	562.8233	38.4954	452.7651	95.2315	462.1308	95.2083	464.7191	95.3241	467.9786	95.0231	
14/08/2017	10:06:21	011992	G523040100HLR	L523	R		436.4938	1.0292	6.4948	99.9940	39.8224	0.8430	0.8282	5.0000	18.4987	508.0322	94.9306	16.8294	23.5000	0.9300	0.9273	0.6450	-0.0003	508.0000	507.9606	1.0275	8.2815	99.9781	39.4836	0.8230	0.8267	5.0000	-9999.0000	-9999.0000	-9999.0000	-9999.0000	-9999.0000	-9999.0000	20.3184	3	0	36.2690	1.0000	99	9	-9999.0000	23411	34264	-9999	1758	1649	-9999	324.9750	5	0.6388	0.6450	-0.0003	81.6948	0.0044	478.0130	543.3878	39.0972	465.8556	94.8611	473.9904	95.2083	477.5560	95.2546	480.7052	94.9306	
14/08/2017	10:07:41	011992	G523037662HLR	L523	R		421.6805	1.0292	8.2376	99.9921	39.6267	0.8430	0.8283	5.0000	18.6676	508.0258	94.9306	27.8690	23.5000	0.9300	0.9274	0.6447	-0.0003	508.0000	510.5786	1.0275	8.0224	99.9052	39.4080	0.8230	0.8259	5.0000	-9999.0000	-9999.0000	-9999.0000	-9999.0000	-9999.0000	-9999.0000	19.8890	6	0	25.0087	1.0000	99	9	-9999.0000	23414	34264	-9999	1761	1650	-9999	323.1647	5	0.6389	0.6447	-0.0003	78.2059	0.1861	465.7362	536.0827	38.0787	455.3474	94.8611	463.2650	95.5556	465.4817	95.4398	467.1624	94.9537	
14/08/2017	10:08:06	011992	G523039009HLR	L523	R		422.3490	1.0292	8.1589	100.0001	39.7423	0.8430	0.8284	5.0000	19.7093	508.0253	94.9306	20.5597	23.3000	0.9300	0.9270	0.6447	-0.0003	508.0000	507.8899	1.0275	8.2885	99.9075	39.4818	0.8230	0.8288	5.0000	-9999.0000	-9999.0000	-9999.0000	-9999.0000	-9999.0000	-9999.0000	19.4091	7	0	24.8888	1.0000	99	9	-9999.0000	23415	34265	-9999	1762	1651	-9999	324.4680	5	0.6389	0.6447	-0.0003	78.2059	0.1861	469.3130	556.8661	39.0509	453.3844	94.6991	465.4670	95.1620	468.8007	95.0694	472.6028	95.0231	
14/08/2017	10:08:50	011992	G523040432HLR	L523	R		408.3025	1.0292	9.8115	100.0490	39.5467	0.8430	0.8280	5.0000	18.8361	0.0000	0.0000	0.0000	0.0000	0.9300	0.0000	0.0000	0.0000	0.0000	412.1093	1.0275	1.3335	99.9242	40.1584	0.8230	0.8306	5.0000	-9999.0000	-9999.0000	-9999.0000	-9999.0000	-9999.0000	-9999.0000	19.4551	8	7	44.3683	1.0000	99	9	-9999.0000	23416	0	-9999	1763	1652	-9999	0.0000	0	0.0000	0.0000	0.0000	0.0000	0.0000	0.0000	0.0000	0.0000	0.0000	0.0000	0.0000	0.0000	0.0000	0.0000	0.0000	0.0000	
14/08/2017	10:09:15	011992	G523038872HLR	L523	R		420.7738	1.0292	8.3443	100.0569	39.7110	0.8430	0.8285	5.0000	18.6388	508.0589	94.9306	17.6497	23.5000	0.9300	0.9273	0.6449	-0.0003	508.0000	509.2103	1.0275	8.1578	100.1101	40.4128	0.8230	0.8286	5.0000	-9999.0000	-9999.0000	-9999.0000	-9999.0000	-9999.0000	-9999.0000	19.2320	1	0	24.9991	1.0000	99	9	-9999.0000	23417	34266	-9999	1764	1652	-9999	324.9497	5	0.6381	0.6449	-0.0003	72.4471	0.4711	478.6392	543.5857	38.5880	463.3063	95.0694	473.9966	94.5833	478.4235	94.7222	479.2010	94.8148	
14/08/2017	10:09:40	011992	G523040428HLR	L523	R		408.3267	1.0292	9.8086	100.0359	39.7435	0.8430	0.8283	5.0000	18.5997	0.0000	0.0000	0.0000	0.0000	0.9300	0.0000	0.0000	0.0000	0.0000	412.5554	1.0275	1.3721	100.0235	39.4443	0.8230	0.8263	5.0000	-9999.0000	-9999.0000	-9999.0000	-9999.0000	-9999.0000	-9999.0000	19.6981	2	7	24.9395	1.0000	99	9	-9999.0000	23418	0	-9999	1765	1653	-9999	0.0000	0	0.0000	0.0000	0.0000	0.0000	0.0000	0.0000	0.0000	0.0000	0.0000	0.0000	0.0000	0.0000	0.0000	0.0000	0.0000	0.0000	
14/08/2017	10:11:09	011992	G523028999HLR	L523	R		421.3037	1.0292	8.2819	100.0338	39.6903	0.8430	0.8283	5.0000	18.5100	475.7853	94.9537	31.0086	23.5000	0.9300	0.9273	0.6441	-0.0003	508.0000	510.7317	1.0275	8.0073	100.0043	40.2000	0.8230	0.8300	5.0000	-9999.0000	-9999.0000	-9999.0000	-9999.0000	-9999.0000	-9999.0000	19.9989	4	0	64.3178	1.0000	99	9	-9999.0000	23420	34267	-9999	1767	1654	-9999	302.0335	5	0.6378	0.6441	-0.0003	78.6560	0.2598	347.3734	533.7496	39.6296	342.3272	95.6019	339.7693	95.2083	347.0050	95.3472	352.5333	95.0000	
14/08/2017	10:11:46	011992	G523037285HLR	L523	R		416.3855	1.0292	8.8605	100.0782	39.7683	0.8430	0.8283	5.0000	18.6399	0.0000	0.0000	0.0000	0.0000	0.9300	0.0000	0.0000	0.0000	0.0000	421.9550	1.0275	2.1855	100.1210	40.1000	0.8230	0.8283	5.0000	-9999.0000	-9999.0000	-9999.0000	-9999.0000	-9999.0000	-9999.0000	19.3664	5	7	36.5280	1.0000	99	9	-9999.0000	23421	0	-9999	1768	1655	-9999	0.0000	0	0.0000	0.0000	0.0000	0.0000	0.0000	0.0000	0.0000	0.0000	0.0000	0.0000	0.0000	0.0000	0.0000	0.0000	0.0000	0.0000	
14/08/2017	10:12:22	011992	G523037231HLR	L523	R		473.8808	1.0292	2.0964	100.0918	39.6355	0.8430	0.8279	5.0000	18.7287	0.0000	0.0000	0.0000	0.0000	0.9300	0.0000	0.0000	0.0000	0.0000	497.6672	1.0275	8.7375	100.0196	39.6479	0.8230	0.8279	5.0000	-9999.0000	-9999.0000	-9999.0000	-9999.0000	-9999.0000	-9999.0000	20.1688	6	8	35.8895	1.0000	99	9	-9999.0000	23422	0	-9999	1769	1656	-9999	0.0000	0	0.0000	0.0000	0.0000	0.0000	0.0000	0.0000	0.0000	0.0000	0.0000	0.0000	0.0000	0.0000	0.0000	0.0000	0.0000	0.0000	
14/08/2017	10:12:47	011992	G523037234HLR	L523	R		480.5096	1.0292	1.3165	99.9878	39.6004	0.8430	0.8282	5.0000	19.0518	0.0000	0.0000	0.0000	0.0000	0.9300	0.0000	0.0000	0.0000	0.0000	502.2015	1.0275	8.8514	99.9450	40.0942	0.8230	0.8288	5.0000	-9999.0000	-9999.0000	-9999.0000	-9999.0000	-9999.0000	-9999.0000	20.2112	7	8	24.9982	1.0000	99	9	-9999.0000	23423	0	-9999	1770	1657	-9999	0.0000	0	0.0000	0.0000	0.0000	0.0000	0.0000	0.0000	0.0000	0.0000	0.0000	0.0000	0.0000	0.0000	0.0000	0.0000	0.0000	0.0000	
14/08/2017	10:13:18	011992	G523029067HLR	L523	R		435.1241	1.0292	6.6560	99.9695	39.8389	0.8430	0.8286	5.0000	18.3598	508.0612	94.9537	13.6792	23.6000	0.9300	0.9276	0.6444	-0.0003	508.0000	506.3847	1.0275	8.4375	99.9658	39.7860	0.8230	0.8271	5.0000	-9999.0000	-9999.0000	-9999.0000	-9999.0000	-9999.0000	-9999.0000	19.5192	8	0	31.6385	1.0000	99	9	-9999.0000	23424	34268	-9999	1770	1658	-9999	325.3156	5	0.6336	0.6444	-0.0003	76.1761	0.4445	483.3081	553.3203	41.2269	470.5147	95.4398	479.3113	94.4444	482.9148	94.3056	484.9910	94.7917	
14/08/2017	10:13:43	011992	G523029076HLR	L523	R		424.9023	1.0292	7.8586	100.0480	39.8415	0.8430	0.8281	5.0000	18.7169	508.0710	94.9769	13.1499	23.5000	0.9300	0.9275	0.6444	-0.0003	508.0000	508.0600	1.0275	8.2717	99.9751	39.5000	0.8230	0.8269	5.0000	-9999.0000	-9999.0000	-9999.0000	-9999.0000	-9999.0000	-9999.0000	19.5891	1	0	24.9493	1.0000	99	9	-9999.0000	23425	34269	-9999	1771	1659	-9999	325.4177	5	0.6336	0.6444	-0.0003	76.1761	0.4445	487.0808	557.5306	39.7454	471.4101	95.0231	481.3401	95.4630	486.5570	95.5787	487.9931	94.6759	
14/08/2017	10:14:08	011992	G523028266HLR	L523	R		428.1681	1.0292	7.4743	99.9887	39.6721	0.8430	0.8283	5.0000	18.5989	508.0747	94.9537	21.0793	23.4000	0.9300	0.9273	0.6444	-0.0003	508.0000	508.8336	1.0275	8.1951	99.9887	40.0000	0.8230	0.8290	5.0000	-9999.0000	-9999.0000	-9999.0000	-9999.0000	-9999.0000	-9999.0000	20.8288	2	0	25.0295	1.0000	99	9	-9999.0000	23426	34270	-9999	1772	1660	-9999	324.1813	5	0.6336	0.6444	-0.0003	76.1761	0.4445	472.1500	570.4728	40.6944	461.2174	95.7407	467.8240	94.6296	471.5058	94.7917	474.6848	94.8611	
14/08/2017	10:14:34	011992	G523037217HLR	L523	R		410.9465	1.0292	9.5004	100.0404	39.7952	0.8430	0.8283	5.0000	19.1086	0.0000	0.0000	0.0000	0.0000	0.9300	0.0000	0.0000	0.0000	0.0000	416.7985	1.0275	1.7393	100.1254	40.1000	0.8230	0.8285	5.0000	-9999.0000	-9999.0000	-9999.0000	-9999.0000	-9999.0000	-9999.0000	19.8495	3	7	25.8086	1.0000	99	9	-9999.0000	23427	0	-9999	1773	1661	-9999	0.0000	0	0.0000	0.0000	0.0000	0.0000	0.0000	0.0000	0.0000	0.0000	0.0000	0.0000	0.0000	0.0000	0.0000	0.0000	0.0000	0.0000	
14/08/2017	10:15:13	011992	G523021623HLR	L523	R		421.9445	1.0292	8.2065	100.0709	39.6741	0.8430	0.8280	5.0000	18.8791	508.0609	94.9074	18.1292	23.4000	0.9300	0.9273	0.6463	-0.0004	508.0000	507.4289	1.0275	8.3341	99.9133	39.8148	0.8230	0.8264	5.0000	-9999.0000	-9999.0000	-9999.0000	-9999.0000	-9999.0000	-9999.0000	20.2184	4	0	38.4887	1.0000	99	9	-9999.0000	23428	34271	-9999	1774	1661	-9999	324.7697	5	0.6341	0.6463	-0.0004	79.0226	0.3031	472.6813	536.7648	37.2917	461.1181	95.0694	468.8581	95.3241	472.4133	95.3241	476.3460	94.9306	
14/08/2017	10:16:35	011992	G523022783HLR	L523	R		435.7462	1.0292	6.5828	100.0601	39.7293	0.8430	0.8280	5.0000	18.7990	508.0560	94.9769	13.6792	23.5000	0.9300	0.9275	0.6468	-0.0004	508.0000	507.1248	1.0275	8.3642	99.9360	39.8579	0.8230	0.8270	5.0000	-9999.0000	-9999.0000	-9999.0000	-9999.0000	-9999.0000	-9999.0000	19.9015	7	0	24.9783	1.0000	99	9	-9999.0000	23431	34272	-9999	1777	1662	-9999	325.5623	5	0.6342	0.6468	-0.0004	77.5829	0.3752	483.9838	538.6848	40.0231	471.3362	94.8148	479.9294	95.1389	483.4736	95.2315	486.3131	95.0000	
14/08/2017	10:17:00	011992	G523021924HLR	L523	R		421.6169	1.0292	8.2451	100.0025	39.6535	0.8430	0.8281	5.0000	18.5188	508.0186	94.9074	22.0490	23.3000	0.9300	0.9272	0.6487	-0.0005	508.0000	507.0004	1.0275	8.3765	100.0349	39.4639	0.8230	0.8273	5.0000	-9999.0000	-9999.0000	-9999.0000	-9999.0000	-9999.0000	-9999.0000	19.8495	8	0	25.0374	1.0000	99	9	-9999.0000	23432	34273	-9999	1778	1663	-9999	323.7010	5	0.6344	0.6487	-0.0005	69.7103	0.6686	465.4125	536.7005	38.6574	453.7665	95.0463	460.7797	94.8843	465.0023	95.0231	467.8670	95.0000	
14/08/2017	10:18:09	011992	G523023034HLR	L523	R		428.5737	1.0292	7.4266	100.0062	39.7415	0.8430	0.8280	5.0000	18.5795	508.0514	94.9769	19.3899	23.4000	0.9300	0.9273	0.6495	-0.0006	508.0000	507.6169	1.0275	8.3155	99.9633	40.3625	0.8230	0.8291	5.0000	-9999.0000	-9999.0000	-9999.0000	-9999.0000	-9999.0000	-9999.0000	19.5789	2	0	32.4881	1.0000	99	9	-9999.0000	23434	34274	-9999	1780	1664	-9999	324.4392	5	0.6347	0.6495	-0.0006	65.3744	0.8365	469.4291	562.1705	38.4722	454.9527	94.6759	465.1221	95.1157	468.7251	95.1157	471.8997	94.9306	
14/08/2017	10:19:29	011992	G523018754HLR	L523	R		419.8901	1.0292	8.4482	100.0388	39.7892	0.8430	0.8280	5.0000	18.4790	508.0573	94.9537	24.1993	23.6000	0.9300	0.9275	0.6474	-0.0004	508.0000	509.1085	1.0275	8.1679	99.9268	39.9000	0.8230	0.8291	5.0000	-9999.0000	-9999.0000	-9999.0000	-9999.0000	-9999.0000	-9999.0000	19.2485	5	0	27.6797	1.0000	99	9	-9999.0000	23437	34275	-9999	1783	1665	-9999	323.1280	5	0.6352	0.6474	-0.0004	67.5907	0.7582	462.0960	554.1966	41.0185	416.5393	94.6065	458.1152	94.9306	461.4625	95.0231	465.1763	94.9074	
14/08/2017	10:20:01	011992	G523022469HLR	L523	R		0.0000	0.0000	0.0000	0.0000	0.0000	0.8430	0.0000	0.0000	0.0000	0.0000	0.0000	0.0000	0.0000	0.9300	0.0000	0.0000	0.0000	0.0000	0.0000	0.0000	0.0000	0.0000	0.0000	0.8230	0.0000	0.0000	0.0000	0.0000	0.0000	0.0000	0.0000	0.0000	0.0000	0	42	27.6797	1.0000	99	9	0.0000	0	0	0	0	0	0	0.0000	0	0.0000	0.0000	0.0000	0.0000	0.0000	0.0000	0.0000	0.0000	0.0000	0.0000	0.0000	0.0000	0.0000	0.0000	0.0000	0.0000	
14/08/2017	10:20:52	011992	G523022405HLR	L523	R		0.0000	0.0000	0.0000	0.0000	0.0000	0.8430	0.0000	0.0000	0.0000	0.0000	0.0000	0.0000	0.0000	0.9300	0.0000	0.0000	0.0000	0.0000	0.0000	0.0000	0.0000	0.0000	0.0000	0.8230	0.0000	0.0000	0.0000	0.0000	0.0000	0.0000	0.0000	0.0000	0.0000	0	42	27.6797	1.0000	99	9	0.0000	0	0	0	0	0	0	0.0000	0	0.0000	0.0000	0.0000	0.0000	0.0000	0.0000	0.0000	0.0000	0.0000	0.0000	0.0000	0.0000	0.0000	0.0000	0.0000	0.0000	
14/08/2017	10:21:33	011992	G523021055HLR	L523	R		0.0000	0.0000	0.0000	0.0000	0.0000	0.8430	0.0000	0.0000	0.0000	0.0000	0.0000	0.0000	0.0000	0.9300	0.0000	0.0000	0.0000	0.0000	0.0000	0.0000	0.0000	0.0000	0.0000	0.8230	0.0000	0.0000	0.0000	0.0000	0.0000	0.0000	0.0000	0.0000	0.0000	0	42	27.6797	1.0000	99	9	0.0000	0	0	0	0	0	0	0.0000	0	0.0000	0.0000	0.0000	0.0000	0.0000	0.0000	0.0000	0.0000	0.0000	0.0000	0.0000	0.0000	0.0000	0.0000	0.0000	0.0000	
14/08/2017	10:21:55	011992	G523022401HLR	L523	R		431.3205	1.0292	7.1035	99.9993	39.6564	0.8430	0.8280	5.0000	18.5793	508.0606	94.9537	19.0599	23.4000	0.9300	0.9272	0.6474	-0.0004	508.0000	510.9028	1.0275	7.9903	99.8881	40.0000	0.8230	0.8283	5.0000	-9999.0000	-9999.0000	-9999.0000	-9999.0000	-9999.0000	-9999.0000	19.4082	6	0	145.6440	1.0000	99	9	-9999.0000	23438	34276	-9999	1784	1666	-9999	324.7602	5	0.6352	0.6474	-0.0004	67.5907	0.7582	472.3564	542.1522	38.3333	455.9284	94.8380	468.5518	94.3287	472.0458	94.2130	475.5541	94.8148	
14/08/2017	10:22:29	011992	G523018736HLR	L523	R		435.3527	1.0292	6.6291	100.0807	39.8271	0.8430	0.8284	5.0000	18.8196	508.0349	95.1389	5.9803	23.6000	0.9300	0.9269	0.6474	-0.0004	508.0000	510.8939	1.0275	7.9912	100.0882	39.7516	0.8230	0.8271	5.0000	-9999.0000	-9999.0000	-9999.0000	-9999.0000	-9999.0000	-9999.0000	19.3491	7	0	34.6091	1.0000	99	9	-9999.0000	23439	34277	-9999	1785	1667	-9999	327.6197	5	0.6352	0.6474	-0.0004	67.5907	0.7582	500.9511	563.8339	41.5741	480.6326	95.0231	496.6107	94.0741	500.7155	94.0278	504.4191	94.8843	
14/08/2017	10:22:50	011992	G523021659HLR	L523	R		0.0000	0.0000	0.0000	0.0000	0.0000	0.8430	0.0000	0.0000	0.0000	0.0000	0.0000	0.0000	0.0000	0.9300	0.0000	0.0000	0.0000	0.0000	0.0000	0.0000	0.0000	0.0000	0.0000	0.8230	0.0000	0.0000	0.0000	0.0000	0.0000	0.0000	0.0000	0.0000	0.0000	0	42	34.6091	1.0000	99	9	0.0000	0	0	0	0	0	0	0.0000	0	0.0000	0.0000	0.0000	0.0000	0.0000	0.0000	0.0000	0.0000	0.0000	0.0000	0.0000	0.0000	0.0000	0.0000	0.0000	0.0000	
14/08/2017	10:23:54	011992	G523022810HLR	L523	R		0.0000	0.0000	0.0000	0.0000	0.0000	0.8430	0.0000	0.0000	0.0000	0.0000	0.0000	0.0000	0.0000	0.9300	0.0000	0.0000	0.0000	0.0000	0.0000	0.0000	0.0000	0.0000	0.0000	0.8230	0.0000	0.0000	0.0000	0.0000	0.0000	0.0000	0.0000	0.0000	0.0000	0	42	34.6091	1.0000	99	9	0.0000	0	0	0	0	0	0	0.0000	0	0.0000	0.0000	0.0000	0.0000	0.0000	0.0000	0.0000	0.0000	0.0000	0.0000	0.0000	0.0000	0.0000	0.0000	0.0000	0.0000	
14/08/2017	10:24:33	011992	G523022451HLR	L523	R		0.0000	0.0000	0.0000	0.0000	0.0000	0.8430	0.0000	0.0000	0.0000	0.0000	0.0000	0.0000	0.0000	0.9300	0.0000	0.0000	0.0000	0.0000	0.0000	0.0000	0.0000	0.0000	0.0000	0.8230	0.0000	0.0000	0.0000	0.0000	0.0000	0.0000	0.0000	0.0000	0.0000	0	42	34.6091	1.0000	99	9	0.0000	0	0	0	0	0	0	0.0000	0	0.0000	0.0000	0.0000	0.0000	0.0000	0.0000	0.0000	0.0000	0.0000	0.0000	0.0000	0.0000	0.0000	0.0000	0.0000	0.0000	
14/08/2017	10:24:54	011992	G523021045HLR	L523	R		425.7590	1.0292	7.7578	100.0855	39.7657	0.8430	0.8281	5.0000	18.7786	508.0537	94.9537	16.9896	23.6000	0.9300	0.9273	0.6491	-0.0005	508.0000	509.8880	1.0275	8.0908	99.9948	39.9479	0.8230	0.8296	5.0000	-9999.0000	-9999.0000	-9999.0000	-9999.0000	-9999.0000	-9999.0000	19.5605	8	0	144.5141	1.0000	99	9	-9999.0000	23440	34278	-9999	1785	1668	-9999	325.2026	5	0.6347	0.6491	-0.0005	66.5714	0.8142	479.0124	570.4938	39.1667	467.4770	95.8333	474.8140	94.4907	478.4334	94.7917	481.2006	94.9074	
14/08/2017	10:25:19	011992	G523019856HLR	L523	R		422.3980	1.0292	8.1532	100.0447	39.7235	0.8430	0.8281	5.0000	18.7789	508.0090	94.9537	16.6195	23.5000	0.9300	0.9272	0.6491	-0.0005	508.0000	511.6879	1.0275	7.9127	100.0592	40.0667	0.8230	0.8280	5.0000	-9999.0000	-9999.0000	-9999.0000	-9999.0000	-9999.0000	-9999.0000	19.6863	1	0	24.9892	1.0000	99	9	-9999.0000	23441	34279	-9999	1786	1669	-9999	325.1249	5	0.6347	0.6491	-0.0005	66.5714	0.8142	478.5472	554.8872	38.3333	464.7658	95.9722	474.8168	94.6759	478.2443	94.6759	481.9173	94.8611	
14/08/2017	10:25:44	011992	G523022786HLR	L523	R		439.2991	1.0292	6.1648	99.9770	39.8265	0.8430	0.8284	5.0000	18.4470	508.0249	94.9769	20.0198	23.6000	0.9300	0.9272	0.6461	-0.0004	508.0000	508.7081	1.0275	8.2075	100.0131	39.3940	0.8230	0.8272	5.0000	-9999.0000	-9999.0000	-9999.0000	-9999.0000	-9999.0000	-9999.0000	20.1090	2	0	25.1398	1.0000	99	9	-9999.0000	23442	34280	-9999	1787	1670	-9999	324.1331	5	0.6391	0.6461	-0.0004	67.4949	0.7400	473.4617	558.6442	38.9120	464.4301	94.8843	469.1355	95.0926	472.8880	95.4167	474.9124	94.8148	
14/08/2017	10:26:21	011992	G523021638HLR	L523	R		423.1027	1.0292	8.0703	100.0622	39.8255	0.8430	0.8281	5.0000	18.6096	508.0984	94.9769	23.8595	23.6000	0.9300	0.9275	0.6447	-0.0003	508.0000	508.1185	1.0275	8.2659	99.9751	39.7862	0.8230	0.8294	5.0000	-9999.0000	-9999.0000	-9999.0000	-9999.0000	-9999.0000	-9999.0000	19.5667	3	0	37.1080	1.0000	99	9	-9999.0000	23443	34281	-9999	1788	1671	-9999	323.5036	5	0.6387	0.6447	-0.0003	70.9655	0.6095	465.5954	553.3069	42.7315	460.1807	95.6250	462.7714	95.7639	465.5298	95.7407	467.8508	94.7685	
14/08/2017	10:26:46	011992	G523019864HLR	L523	R		397.7716	1.0292	9.7805	100.0306	39.6832	0.8430	0.8281	5.0000	19.2787	0.0000	0.0000	0.0000	0.0000	0.9300	0.0000	0.0000	0.0000	0.0000	401.3959	1.0275	0.4064	99.9122	40.1000	0.8230	0.8297	5.0000	-9999.0000	-9999.0000	-9999.0000	-9999.0000	-9999.0000	-9999.0000	19.5839	4	7	25.0694	1.0000	99	9	-9999.0000	23444	0	-9999	1788	1672	-9999	0.0000	0	0.0000	0.0000	0.0000	0.0000	0.0000	0.0000	0.0000	0.0000	0.0000	0.0000	0.0000	0.0000	0.0000	0.0000	0.0000	0.0000	
14/08/2017	10:27:42	011992	G523018762HLR	L523	R		432.9271	1.0292	6.9145	100.0029	39.5908	0.8430	0.8281	5.0000	18.8869	508.0184	94.9537	13.8696	23.6000	0.9300	0.9275	0.6439	-0.0003	508.0000	508.7256	1.0275	8.2058	99.9852	39.3052	0.8230	0.8256	5.0000	-9999.0000	-9999.0000	-9999.0000	-9999.0000	-9999.0000	-9999.0000	20.6561	6	0	30.3011	1.0000	99	9	-9999.0000	23446	34282	-9999	1790	1673	-9999	324.8615	5	0.6382	0.6439	-0.0003	69.7861	0.6705	487.0142	590.1838	41.4352	478.6327	96.0648	482.0957	95.6713	486.5776	95.6019	488.7536	94.9306	
14/08/2017	10:28:09	011992	G523018361HLR	L523	R		420.7937	1.0292	8.3419	100.0024	39.6076	0.8430	0.8283	5.0000	19.6406	508.0347	94.9769	23.8185	23.4000	0.9300	0.9271	0.6435	-0.0003	508.0000	508.8143	1.0275	8.1970	100.0892	39.4036	0.8230	0.8283	5.0000	-9999.0000	-9999.0000	-9999.0000	-9999.0000	-9999.0000	-9999.0000	19.3861	7	0	27.3461	1.0000	99	9	-9999.0000	23447	34283	-9999	1791	1674	-9999	323.1946	5	0.6378	0.6435	-0.0003	69.3758	0.6560	471.9078	592.9326	42.9861	464.0627	95.7639	468.4593	95.1157	471.3815	95.2315	474.4630	94.9769	
14/08/2017	10:29:37	011992	G523022787HLR	L523	R		425.3013	1.0292	7.8116	99.9846	39.5335	0.8430	0.8282	5.0000	18.6787	508.0321	94.9537	19.3997	23.6000	0.9300	0.9274	0.6428	-0.0003	508.0000	505.9666	1.0275	8.4788	99.9570	39.5844	0.8230	0.8257	5.0000	-9999.0000	-9999.0000	-9999.0000	-9999.0000	-9999.0000	-9999.0000	19.5252	2	0	25.0193	1.0000	99	9	-9999.0000	23450	34284	-9999	1794	1675	-9999	323.8053	5	0.6372	0.6428	-0.0003	70.3291	0.6359	475.9050	560.6704	40.6019	467.5060	95.8333	470.7687	95.3472	475.2515	95.3704	477.4375	94.9537	
14/08/2017	10:30:08	011992	G523021121HLR	L523	R		423.8083	1.0292	7.9873	100.0119	39.8283	0.8430	0.8286	5.0000	18.4892	508.0223	94.9769	13.9497	23.4000	0.9300	0.9271	0.6428	-0.0003	508.0000	505.9646	1.0275	8.4790	99.9935	39.4000	0.8230	0.8279	5.0000	-9999.0000	-9999.0000	-9999.0000	-9999.0000	-9999.0000	-9999.0000	19.8791	3	0	30.6301	1.0000	99	9	-9999.0000	23451	34285	-9999	1795	1676	-9999	324.4072	5	0.6372	0.6428	-0.0003	70.3291	0.6359	482.6146	559.5983	41.4352	416.2440	95.5787	478.9989	93.9583	482.1859	93.9120	485.9238	95.2546	
14/08/2017	10:30:33	011992	G523022441HLR	L523	R		436.2898	1.0292	6.5189	100.0123	39.7248	0.8430	0.8278	5.0000	20.4220	508.0537	94.9306	16.2689	23.4000	0.9300	0.9271	0.6428	-0.0003	508.0000	507.2401	1.0275	8.3528	100.0437	40.2908	0.8230	0.8297	5.0000	-9999.0000	-9999.0000	-9999.0000	-9999.0000	-9999.0000	-9999.0000	21.4045	4	0	25.5075	1.0000	99	9	-9999.0000	23452	34286	-9999	1796	1677	-9999	324.0973	5	0.6372	0.6428	-0.0003	70.3291	0.6359	480.2379	544.4437	38.0556	461.6745	94.4444	475.9876	95.2778	479.7483	95.3704	482.4190	94.7685	
14/08/2017	10:30:58	011992	G523019634HLR	L523	R		428.2578	1.0292	7.4638	100.0159	39.5201	0.8430	0.8279	5.0000	19.2773	508.0290	94.8611	18.0091	23.4000	0.9300	0.9271	0.6428	-0.0003	508.0000	508.2683	1.0275	8.2511	100.0270	40.2218	0.8230	0.8267	5.0000	-9999.0000	-9999.0000	-9999.0000	-9999.0000	-9999.0000	-9999.0000	21.9157	5	0	24.9093	1.0000	99	9	-9999.0000	23453	34287	-9999	1797	1678	-9999	323.7912	5	0.6372	0.6428	-0.0003	70.4036	0.6627	476.8879	545.0227	37.9861	466.7609	93.8426	472.5560	94.3519	476.1557	94.6991	480.0148	94.9306	
14/08/2017	10:31:36	011992	G523022448HLR	L523	R		456.0918	1.0292	4.1892	99.9884	39.8094	0.8430	0.8286	5.0000	18.3790	511.6628	94.8843	4.1590	23.5000	0.9300	0.0000	0.6428	-0.0003	508.0000	511.3393	1.0275	7.9472	99.9964	39.6184	0.8230	0.8256	5.0000	-9999.0000	-9999.0000	-9999.0000	-9999.0000	-9999.0000	-9999.0000	20.7377	6	0	37.7887	1.0000	99	9	-9999.0000	23454	34288	-9999	1798	1679	-9999	328.2746	5	0.6372	0.6428	-0.0003	70.4036	0.6627	511.5317	558.4543	39.6296	489.5995	95.1389	506.2451	94.9074	510.7541	94.9074	0.0000	0.0000	
14/08/2017	10:32:08	011992	G523018811HLR	L523	R		421.4419	1.0292	8.2657	100.0120	39.7615	0.8430	0.8279	5.0000	19.3584	508.0374	94.9537	17.8587	23.5000	0.9300	0.9273	0.6432	-0.0003	508.0000	506.4691	1.0275	8.4291	100.1318	39.4497	0.8230	0.8263	5.0000	-9999.0000	-9999.0000	-9999.0000	-9999.0000	-9999.0000	-9999.0000	22.8449	7	0	31.7888	1.0000	99	9	-9999.0000	23455	34289	-9999	1799	1680	-9999	324.0227	5	0.6379	0.6432	-0.0003	72.3683	0.5447	474.5930	554.5421	39.8611	460.0231	94.9769	469.2476	95.6250	474.6058	95.6944	478.1220	94.7454	
14/08/2017	10:32:33	011992	G523018760HLR	L523	R		417.4837	1.0292	8.7313	100.0538	39.5459	0.8430	0.8279	5.0000	19.4291	0.0000	0.0000	0.0000	0.0000	0.9300	0.0000	0.0000	0.0000	0.0000	422.3761	1.0275	2.2220	99.9499	40.1814	0.8230	0.8296	5.0000	-9999.0000	-9999.0000	-9999.0000	-9999.0000	-9999.0000	-9999.0000	19.7393	8	7	25.0286	1.0000	99	9	-9999.0000	23456	0	-9999	1800	1681	-9999	0.0000	0	0.0000	0.0000	0.0000	0.0000	0.0000	0.0000	0.0000	0.0000	0.0000	0.0000	0.0000	0.0000	0.0000	0.0000	0.0000	0.0000	
14/08/2017	10:33:01	011992	G523022227HLR	L523	R		410.8343	1.0292	9.5136	100.0095	39.8210	0.8430	0.8286	5.0000	18.5689	0.0000	0.0000	0.0000	0.0000	0.9300	0.0000	0.0000	0.0000	0.0000	413.7809	1.0275	1.4782	100.0459	40.0399	0.8230	0.8272	5.0000	-9999.0000	-9999.0000	-9999.0000	-9999.0000	-9999.0000	-9999.0000	19.8052	1	7	28.4792	1.0000	99	9	-9999.0000	23457	0	-9999	1801	1682	-9999	0.0000	0	0.0000	0.0000	0.0000	0.0000	0.0000	0.0000	0.0000	0.0000	0.0000	0.0000	0.0000	0.0000	0.0000	0.0000	0.0000	0.0000	
14/08/2017	10:33:26	011992	G523022778HLR	L523	R		427.7008	1.0292	7.5293	100.0306	39.8689	0.8430	0.8281	5.0000	18.4480	508.0592	94.9769	25.5586	23.5000	0.9300	0.9275	0.6438	-0.0003	508.0000	508.5462	1.0275	8.2236	100.1297	39.5098	0.8230	0.8256	5.0000	-9999.0000	-9999.0000	-9999.0000	-9999.0000	-9999.0000	-9999.0000	20.1781	2	0	25.0696	1.0000	99	9	-9999.0000	23458	34289	-9999	1802	1683	-9999	322.9668	5	0.6386	0.6438	-0.0003	54.0559	1.3665	468.7091	566.1713	42.1759	457.7056	95.6250	463.3467	95.6713	468.1664	95.6481	469.8665	94.6759	
14/08/2017	10:33:56	011992	G523022761HLR	L523	R		442.5875	1.0292	5.7779	100.0495	39.6608	0.8430	0.8278	5.0000	18.6889	508.0457	94.9769	18.1185	23.4000	0.9300	0.9271	0.6438	-0.0003	508.0000	508.9688	1.0275	8.1817	100.0744	39.6178	0.8230	0.8282	5.0000	-9999.0000	-9999.0000	-9999.0000	-9999.0000	-9999.0000	-9999.0000	19.4588	3	0	29.8688	1.0000	99	9	-9999.0000	23459	34290	-9999	1803	1684	-9999	324.3380	5	0.6386	0.6438	-0.0003	54.0559	1.3665	477.4652	582.5693	40.7176	472.8665	95.4167	474.8766	95.2083	477.3932	95.1620	479.2753	94.9306	
14/08/2017	10:34:34	011992	G523015977HLR	L523	R		0.0000	0.0000	0.0000	0.0000	0.0000	0.8430	0.0000	0.0000	0.0000	0.0000	0.0000	0.0000	0.0000	0.9300	0.0000	0.0000	0.0000	0.0000	0.0000	0.0000	0.0000	0.0000	0.0000	0.8230	0.0000	0.0000	0.0000	0.0000	0.0000	0.0000	0.0000	0.0000	0.0000	0	42	29.8688	1.0000	99	9	0.0000	0	0	0	0	0	0	0.0000	0	0.0000	0.0000	0.0000	0.0000	0.0000	0.0000	0.0000	0.0000	0.0000	0.0000	0.0000	0.0000	0.0000	0.0000	0.0000	0.0000	
14/08/2017	10:35:12	011992	G523015544HLR	L523	R		0.0000	0.0000	0.0000	0.0000	0.0000	0.8430	0.0000	0.0000	0.0000	0.0000	0.0000	0.0000	0.0000	0.9300	0.0000	0.0000	0.0000	0.0000	0.0000	0.0000	0.0000	0.0000	0.0000	0.8230	0.0000	0.0000	0.0000	0.0000	0.0000	0.0000	0.0000	0.0000	0.0000	0	42	29.8688	1.0000	99	9	0.0000	0	0	0	0	0	0	0.0000	0	0.0000	0.0000	0.0000	0.0000	0.0000	0.0000	0.0000	0.0000	0.0000	0.0000	0.0000	0.0000	0.0000	0.0000	0.0000	0.0000	
14/08/2017	10:36:00	011992	G523020555HLR	L523	R		425.9679	1.0292	7.7332	100.0135	39.7641	0.8430	0.8280	5.0000	19.3826	508.0908	94.9306	17.6693	23.6000	0.9300	0.9274	0.6438	-0.0003	508.0000	506.6314	1.0275	8.4130	100.0543	40.1395	0.8230	0.8268	5.0000	-9999.0000	-9999.0000	-9999.0000	-9999.0000	-9999.0000	-9999.0000	20.5084	5	0	25.0587	1.0000	99	9	-9999.0000	23461	34291	-9999	1805	1685	-9999	324.4513	5	0.6386	0.6438	-0.0003	54.0559	1.3665	477.1786	569.7751	41.0880	469.4630	95.0463	472.4413	95.1620	476.7604	95.3009	480.3644	94.9074	
14/08/2017	10:36:25	011992	G523015545HLR	L523	R		434.5610	1.0292	6.7222	100.0770	39.7238	0.8430	0.8281	5.0000	18.7185	508.0361	94.9074	11.2193	23.6000	0.9300	0.9272	0.6441	-0.0003	508.0000	508.3971	1.0275	8.2383	100.0109	39.9547	0.8230	0.8277	5.0000	-9999.0000	-9999.0000	-9999.0000	-9999.0000	-9999.0000	-9999.0000	19.5390	6	0	25.0900	1.0000	99	9	-9999.0000	23462	34292	-9999	1805	1686	-9999	325.4047	5	0.6384	0.6441	-0.0003	57.2213	1.2057	489.4336	567.6183	41.3194	478.6681	94.8380	484.9672	94.9769	489.1286	95.0000	492.6570	94.9537	
