Data	Timp	Nr. masina	Nr. de serie	Tip	Productie	Comentariu	Pre-masurare Q [ml/min]	Pre-masurare Gain	Pre-masurare Offset Master	Pre-masurare P [bar]	Pre-masurare T [°C]	Pre-masurare Densitate fixa [kg/l]	Pre-masurare densitate masurata [kg/l]	Pre-masurare Timp masurare [s]	Pre-masurare Cycle time [s]	rectificare Q Oprire [ml/min]	rectificare P Oprire [bar]	rectificare Timp rectificare [s]	rectificare T [°C]	rectificare Densitate fixa [kg/l]	rectificare densitate masurata [kg/l]	rectificare Factor de masurare la rectificare	rectificare Factor de corectie a debitului	rectificare Target rectificare	Masurare Q [ml/min]	Masurare Gain	Masurare Offset Master	Masurare P [bar]	Masurare T [°C]	Masurare Densitate fixa [kg/l]	Masurare densitate masurata [kg/l]	Masurare Timp masurare [s]	Masurare Q [ml/min]	Masurare Delta Q [ml/min]	Masurare P [bar]	Masurare BP [bar]	Masurare T [°C]	Masurare Timp masurare [s]	Masurare Cycle time [s]	Nest Nr.	Cod de descarcare	Cycle time [s]	Traceability aktiv	EDM Maschine Nr	EDM Spindle Nr	Honing Rate [r	Station Counter Premeasure	Station Counter Grind	Station Counter Blowout 1	Station Counter Wash	Station Counter Measure	Station Counter Blowout 2	RealGrindQStop	Reg Type	Factor 0	Factor 1	Factor 2	Factor 3	Factor 4	G_StartQV	G_StartQV_1	G_StartQV_2	G_StartQV_3	G_StartQV_4	G_StartQV_5	
09/08/2017	02:11:48	011992	G488016202HLR	L488	S		619.8114	1.0292	10.0000	99.9474	39.3818	0.8430	0.8275	5.0000	19.1594	713.1322	95.0463	15.7396	24.0000	0.9300	0.9337	0.6758	-0.0014	713.0000	711.5847	1.0275	-3.1079	99.9932	39.0838	0.8230	0.8237	5.0000	-9999.0000	-9999.0000	-9999.0000	-9999.0000	-9999.0000	-9999.0000	20.1991	2	0	28.7987	1.0000	08	3	-9999.0000	14547	25730	-9999	1685	4669	-9999	466.6390	5	0.6549	0.6758	-0.0014	101.2275	-0.3466	655.7378	426.4462	34.4907	590.2559	97.1991	646.6044	96.8519	655.6378	95.6944	657.2032	94.6528	
09/08/2017	02:12:15	011992	G488016212HLR	L488	S		622.3123	1.0292	10.0000	99.9746	39.5830	0.8430	0.8279	5.0000	19.0074	713.0639	95.0694	17.1790	23.9000	0.9300	0.9334	0.6758	-0.0014	713.0000	713.0100	1.0275	-3.0890	99.8774	39.5000	0.8230	0.8278	5.0000	-9999.0000	-9999.0000	-9999.0000	-9999.0000	-9999.0000	-9999.0000	20.3081	3	0	27.0795	1.0000	08	3	-9999.0000	14548	25731	-9999	1686	4670	-9999	465.2255	5	0.6549	0.6758	-0.0014	101.2275	-0.3466	638.0191	506.4921	35.5787	592.3281	92.8472	637.0669	91.5278	643.5276	94.0972	654.2843	95.5324	
09/08/2017	02:13:52	011992	G488016207HLR	L488	Q		612.6001	1.0292	10.0000	100.0439	39.3000	0.8430	0.8274	5.0000	18.6291	713.0620	95.0000	18.0394	23.9000	0.9300	0.9335	0.6735	-0.0012	713.0000	710.1059	1.0275	-3.1275	99.9215	39.7828	0.8230	0.8245	5.0000	-9999.0000	-9999.0000	-9999.0000	-9999.0000	-9999.0000	-9999.0000	20.1003	6	0	36.4685	1.0000	08	3	-9999.0000	14551	25732	-9999	1689	4672	-9999	465.6157	5	0.6551	0.6735	-0.0012	121.6062	-1.7952	638.2528	521.0679	38.6574	593.7987	94.6065	637.3230	94.0741	645.2022	94.6991	652.2842	95.0231	
09/08/2017	02:14:22	011992	G488016156HLR	L488	Q		614.0375	1.0292	10.0000	100.0825	39.6000	0.8430	0.8281	5.0000	18.7683	713.1107	94.9769	16.1996	23.7000	0.9300	0.9334	0.6735	-0.0012	713.0000	709.7542	1.0275	-3.1321	99.9998	39.4126	0.8230	0.8255	5.0000	-9999.0000	-9999.0000	-9999.0000	-9999.0000	-9999.0000	-9999.0000	20.0887	7	0	29.8993	1.0000	08	3	-9999.0000	14552	25733	-9999	1690	4673	-9999	466.4796	5	0.6551	0.6735	-0.0012	121.6062	-1.7952	635.7468	516.7547	35.1620	586.4318	93.7731	635.1037	92.9167	644.0489	94.0278	652.6052	95.0694	
09/08/2017	02:14:50	011992	G488016159HLR	L488	S		614.2390	1.0292	10.0000	100.0075	39.8162	0.8430	0.8275	5.0000	18.4789	713.0545	95.0694	18.2093	23.7000	0.9300	0.9334	0.6735	-0.0012	713.0000	715.0416	1.0275	-3.0621	100.1119	40.3649	0.8230	0.8279	5.0000	-9999.0000	-9999.0000	-9999.0000	-9999.0000	-9999.0000	-9999.0000	20.9878	8	0	28.6190	1.0000	08	3	-9999.0000	14553	25734	-9999	1691	4674	-9999	464.6662	5	0.6551	0.6735	-0.0012	121.6062	-1.7952	636.5230	521.0693	34.1435	583.5734	94.0046	635.5714	93.2176	642.4961	94.1898	650.0577	95.0694	
09/08/2017	02:15:19	011992	G488016166HLR	L488	S		613.0287	1.0292	10.0000	100.0326	39.4564	0.8430	0.8268	5.0000	19.6530	713.1365	94.9074	20.6994	23.6000	0.9300	0.9334	0.6656	-0.0007	713.0000	712.5329	1.0275	-3.0953	99.9520	39.9303	0.8230	0.8246	5.0000	-9999.0000	-9999.0000	-9999.0000	-9999.0000	-9999.0000	-9999.0000	20.5473	1	0	28.8889	1.0000	08	3	-9999.0000	14554	25735	-9999	1692	4675	-9999	462.7160	5	0.6549	0.6656	-0.0007	106.2307	-0.6957	634.9945	527.1630	34.8611	580.4943	95.0231	634.0948	94.3056	640.1453	94.6296	646.7230	95.0000	
09/08/2017	02:15:46	011992	G488016201HLR	L488	S		600.7549	1.0292	9.4420	100.0943	39.6000	0.8430	0.8278	5.0000	18.9786	713.0266	95.0000	25.6797	23.6000	0.9300	0.9336	0.6612	-0.0004	713.0000	714.0030	1.0275	-3.0759	100.1193	39.3707	0.8230	0.8248	5.0000	-9999.0000	-9999.0000	-9999.0000	-9999.0000	-9999.0000	-9999.0000	20.0982	2	0	27.0368	1.0000	08	3	-9999.0000	14555	25736	-9999	1692	4676	-9999	462.0763	5	0.6547	0.6612	-0.0004	107.5322	-0.7743	626.2392	550.4529	37.3148	581.3055	94.3981	625.4542	93.8889	632.4740	94.4676	636.8936	95.0463	
09/08/2017	02:16:18	011992	G488016169HLR	L488	S		612.1757	1.0292	10.0000	99.9614	39.7952	0.8430	0.8270	5.0000	20.9238	713.0912	94.9769	19.0891	23.7000	0.9300	0.9336	0.6642	-0.0006	713.0000	712.5153	1.0275	-3.0956	99.9290	40.0758	0.8230	0.8282	5.0000	-9999.0000	-9999.0000	-9999.0000	-9999.0000	-9999.0000	-9999.0000	19.0530	3	0	32.1409	1.0000	08	3	-9999.0000	14556	25737	-9999	1693	4677	-9999	466.1008	5	0.6540	0.6642	-0.0006	100.5722	-0.2618	641.6258	550.7320	35.5787	596.4265	94.4676	640.7675	94.0278	647.5269	94.3750	653.4733	94.9537	
09/08/2017	02:16:49	011992	G488016204HLR	L488	S		617.3472	1.0292	10.0000	100.0951	39.5078	0.8430	0.8271	5.0000	18.9484	713.0701	95.0000	17.8499	23.6000	0.9300	0.9337	0.6642	-0.0006	713.0000	716.0346	1.0275	-3.0490	99.9376	40.2871	0.8230	0.8264	5.0000	-9999.0000	-9999.0000	-9999.0000	-9999.0000	-9999.0000	-9999.0000	19.7876	4	0	30.8386	1.0000	08	3	-9999.0000	14557	25738	-9999	1694	4678	-9999	465.6424	5	0.6540	0.6642	-0.0006	100.5722	-0.2618	647.6367	556.4726	36.0185	598.5012	95.0694	646.5078	94.4676	653.0169	94.6991	657.9810	94.9537	
09/08/2017	02:17:19	011992	G488016174HLR	L488	S		610.5373	1.0292	10.0000	100.0252	39.7034	0.8430	0.8278	5.0000	18.5890	713.1159	95.0000	18.1097	23.6000	0.9300	0.9337	0.6654	-0.0007	713.0000	713.4397	1.0275	-3.0833	99.9875	39.6100	0.8230	0.8247	5.0000	-9999.0000	-9999.0000	-9999.0000	-9999.0000	-9999.0000	-9999.0000	20.3695	5	0	29.3181	1.0000	08	3	-9999.0000	14558	25739	-9999	1695	4679	-9999	465.0857	5	0.6526	0.6654	-0.0007	80.0689	1.0817	642.4781	559.6874	38.7269	599.2176	94.8380	641.4932	94.5370	648.4372	94.6991	653.7215	95.0463	
09/08/2017	02:17:48	011992	G488016176HLR	L488	S		614.2405	1.0292	10.0000	100.0452	39.7874	0.8430	0.8274	5.0000	18.6285	713.0333	94.9537	16.2992	23.6000	0.9300	0.9337	0.6654	-0.0007	713.0000	710.0701	1.0275	-3.1279	99.9794	39.8000	0.8230	0.8266	5.0000	-9999.0000	-9999.0000	-9999.0000	-9999.0000	-9999.0000	-9999.0000	20.9857	6	0	29.4992	1.0000	08	3	-9999.0000	14559	25740	-9999	1696	4680	-9999	466.0599	5	0.6526	0.6654	-0.0007	80.0689	1.0817	646.7312	554.3155	38.3565	604.5686	94.6528	645.8783	94.4676	652.7408	94.6759	658.4414	95.0000	
09/08/2017	02:18:14	011992	G488016175HLR	L488	S		610.5572	1.0292	10.0000	100.0886	39.5691	0.8430	0.8271	5.0000	18.9338	713.0387	94.9769	21.3693	23.6000	0.9300	0.9337	0.6680	-0.0008	713.0000	716.3048	1.0275	-3.0454	100.0113	40.1960	0.8230	0.8265	5.0000	-9999.0000	-9999.0000	-9999.0000	-9999.0000	-9999.0000	-9999.0000	20.2262	7	0	26.4091	1.0000	08	3	-9999.0000	14560	25741	-9999	1697	4681	-9999	463.7636	5	0.6528	0.6680	-0.0008	61.6120	1.9898	639.9459	555.6019	36.8056	596.3734	94.5602	639.1444	94.3287	645.6587	94.5833	651.1635	95.0926	
09/08/2017	02:18:43	011992	G488016193HLR	L488	S		608.7662	1.0292	10.0000	100.0396	39.6876	0.8430	0.8276	5.0000	18.5793	713.0768	94.9306	20.0794	23.6000	0.9300	0.9337	0.6686	-0.0009	713.0000	714.4266	1.0275	-3.0703	100.0622	39.6250	0.8230	0.8239	5.0000	-9999.0000	-9999.0000	-9999.0000	-9999.0000	-9999.0000	-9999.0000	22.8581	8	0	28.6593	1.0000	08	3	-9999.0000	14561	25742	-9999	1698	4682	-9999	464.4676	5	0.6524	0.6686	-0.0009	63.0967	1.9394	640.0270	554.6953	36.3889	594.0206	95.4630	639.1084	95.2315	644.6711	94.9537	647.9668	94.9074	
09/08/2017	02:19:11	011992	G488016164HLR	L488	S		610.6730	1.0292	10.0000	100.0500	39.8110	0.8430	0.8274	5.0000	18.6296	713.0615	95.0000	18.3997	23.7000	0.9300	0.9337	0.6686	-0.0009	713.0000	714.5515	1.0275	-3.0686	100.1074	39.5132	0.8230	0.8248	5.0000	-9999.0000	-9999.0000	-9999.0000	-9999.0000	-9999.0000	-9999.0000	22.7840	1	0	27.7890	1.0000	08	3	-9999.0000	14562	25743	-9999	1699	4683	-9999	465.4615	5	0.6524	0.6686	-0.0009	63.0967	1.9394	642.1541	526.6149	36.0417	589.8882	94.6065	641.1818	94.3287	648.0788	94.5833	654.5193	95.0000	
09/08/2017	02:19:38	011992	G488016194HLR	L488	S		613.6344	1.0292	10.0000	100.0471	39.5810	0.8430	0.8271	5.0000	19.0264	713.0879	94.9537	18.6790	23.7000	0.9300	0.9337	0.6716	-0.0010	713.0000	715.8786	1.0275	-3.0510	100.0603	40.0870	0.8230	0.8264	5.0000	-9999.0000	-9999.0000	-9999.0000	-9999.0000	-9999.0000	-9999.0000	21.9765	2	0	27.1992	1.0000	08	3	-9999.0000	14563	25744	-9999	1700	4684	-9999	465.3217	5	0.6519	0.6716	-0.0010	65.2175	1.8736	641.6658	526.6173	34.8148	584.9092	94.7222	640.1537	94.3519	646.5053	94.6296	651.9112	95.0694	
09/08/2017	02:20:05	011992	G488016195HLR	L488	S		620.9993	1.0292	10.0000	100.1063	39.7138	0.8430	0.8276	5.0000	18.9559	713.0680	94.9769	15.5795	23.7000	0.9300	0.9336	0.6716	-0.0010	713.0000	714.9381	1.0275	-3.0635	100.1616	39.9872	0.8230	0.8246	5.0000	-9999.0000	-9999.0000	-9999.0000	-9999.0000	-9999.0000	-9999.0000	21.8690	3	0	27.2393	1.0000	08	3	-9999.0000	14564	25745	-9999	1701	4685	-9999	467.5464	5	0.6519	0.6716	-0.0010	65.2175	1.8736	648.4423	541.1738	34.3287	596.6120	94.6759	647.4769	94.4676	654.3571	94.6991	660.7663	95.0231	
09/08/2017	02:20:36	011992	G488016196HLR	L488	S		609.4562	1.0292	10.0000	100.1020	39.8036	0.8430	0.8274	5.0000	18.7384	713.0499	95.0000	17.8499	23.7000	0.9300	0.9337	0.6704	-0.0010	713.0000	714.8589	1.0275	-3.0645	100.1206	39.5096	0.8230	0.8241	5.0000	-9999.0000	-9999.0000	-9999.0000	-9999.0000	-9999.0000	-9999.0000	21.8993	4	0	30.2143	1.0000	08	3	-9999.0000	14565	25746	-9999	1702	4686	-9999	465.5530	5	0.6514	0.6704	-0.0010	65.9506	1.8573	644.0940	542.9824	35.3704	588.2446	95.4630	643.1507	95.1852	648.9428	95.0231	654.5426	95.0231	
09/08/2017	02:21:10	011992	G488016185HLR	L488	S		610.6415	1.0292	10.0000	100.0685	39.6373	0.8430	0.8270	5.0000	19.0140	713.0502	95.0000	16.9994	23.7000	0.9300	0.9336	0.6663	-0.0008	713.0000	715.0956	1.0275	-3.0614	100.1984	39.8491	0.8230	0.8269	5.0000	-9999.0000	-9999.0000	-9999.0000	-9999.0000	-9999.0000	-9999.0000	19.5094	5	0	34.8125	1.0000	08	3	-9999.0000	14566	25747	-9999	1703	4687	-9999	465.5038	5	0.6508	0.6663	-0.0008	70.5263	1.6469	647.1939	546.8757	35.0463	597.0606	94.8843	645.8902	94.7917	655.4469	94.8611	658.9186	94.9537	
09/08/2017	02:21:37	011992	G488016186HLR	L488	S		623.2579	1.0292	10.0000	100.1019	39.7078	0.8430	0.8275	5.0000	18.9301	713.1044	94.9537	16.3988	23.7000	0.9300	0.9336	0.6668	-0.0008	713.0000	715.3153	1.0275	-3.0585	99.9489	40.3082	0.8230	0.8268	5.0000	-9999.0000	-9999.0000	-9999.0000	-9999.0000	-9999.0000	-9999.0000	19.6693	6	0	26.7393	1.0000	08	3	-9999.0000	14567	25748	-9999	1704	4688	-9999	465.9961	5	0.6508	0.6668	-0.0008	70.8307	1.6347	652.0959	536.3983	36.8287	605.7394	94.2361	651.0694	94.0509	657.8733	94.5602	661.9627	95.0694	
09/08/2017	02:22:06	011992	G488016192HLR	L488	S		607.5541	1.0292	10.0000	100.0800	39.8000	0.8430	0.8273	5.0000	19.0794	713.1232	94.9769	16.4291	23.6000	0.9300	0.9336	0.6665	-0.0008	713.0000	709.9466	1.0275	-3.1296	100.0282	39.8190	0.8230	0.8249	5.0000	-9999.0000	-9999.0000	-9999.0000	-9999.0000	-9999.0000	-9999.0000	19.7185	7	0	29.3098	1.0000	08	3	-9999.0000	14568	25749	-9999	1705	4689	-9999	466.0233	5	0.6513	0.6665	-0.0008	66.8544	1.8446	646.3960	552.1593	37.5694	598.1489	95.1620	645.5975	95.1620	652.7275	95.0000	657.2821	94.9769	
09/08/2017	02:22:35	011992	G488016182HLR	L488	S		616.0176	1.0292	10.0000	100.0559	39.6950	0.8430	0.8269	5.0000	20.0385	713.0895	94.9537	19.4398	23.7000	0.9300	0.9337	0.6692	-0.0010	713.0000	713.9104	1.0275	-3.0771	100.0845	39.5419	0.8230	0.8249	5.0000	-9999.0000	-9999.0000	-9999.0000	-9999.0000	-9999.0000	-9999.0000	22.9071	8	0	28.3981	1.0000	08	3	-9999.0000	14569	25750	-9999	1706	4690	-9999	463.5575	5	0.6514	0.6692	-0.0010	67.1869	1.9124	641.1232	548.5448	35.9954	595.7836	94.4907	640.5036	94.3981	647.2305	94.6296	652.8044	95.0694	
09/08/2017	02:23:01	011992	G488016191HLR	L488	S		614.8885	1.0292	10.0000	100.0500	39.7098	0.8430	0.8273	5.0000	18.8185	713.0829	95.0000	23.9884	23.7000	0.9300	0.9336	0.6684	-0.0010	713.0000	724.2993	1.0275	-2.9396	100.0517	40.1823	0.8230	0.8274	5.0000	-9999.0000	-9999.0000	-9999.0000	-9999.0000	-9999.0000	-9999.0000	19.4590	1	2	26.0695	1.0000	08	3	-9999.0000	14570	25751	-9999	1707	4691	-9999	460.1853	5	0.6515	0.6684	-0.0010	60.8123	2.2488	524.8618	523.9581	35.8333	474.1452	95.6713	516.1469	94.0046	598.7239	94.3056	607.9429	95.0231	
09/08/2017	02:23:26	011992	G488016162HLR	L488	S		617.4253	1.0292	10.0000	100.0985	39.8112	0.8430	0.8273	5.0000	18.7992	713.0579	95.0000	15.9994	23.8000	0.9300	0.9336	0.6684	-0.0010	713.0000	710.7307	1.0275	-3.1192	100.1124	40.2092	0.8230	0.8260	5.0000	-9999.0000	-9999.0000	-9999.0000	-9999.0000	-9999.0000	-9999.0000	19.1393	2	0	24.9190	1.0000	08	3	-9999.0000	14571	25752	-9999	1708	4692	-9999	465.7725	5	0.6515	0.6684	-0.0010	60.8123	2.2488	645.4209	528.6667	35.2315	599.0741	94.0972	644.2248	93.8194	651.1553	94.4213	658.3164	94.9537	
09/08/2017	02:23:56	011992	G488016160HLR	L488	S		612.9685	1.0292	10.0000	100.1157	39.7156	0.8430	0.8272	5.0000	18.8393	713.0643	95.0000	18.5198	23.8000	0.9300	0.9337	0.6727	-0.0012	713.0000	713.6389	1.0275	-3.0807	99.9719	39.6978	0.8230	0.8248	5.0000	-9999.0000	-9999.0000	-9999.0000	-9999.0000	-9999.0000	-9999.0000	19.9393	3	0	29.8583	1.0000	08	3	-9999.0000	14572	25753	-9999	1709	4693	-9999	464.2541	5	0.6519	0.6727	-0.0012	65.6305	1.9982	639.1817	554.0350	38.6574	594.7058	94.9074	638.5970	94.6296	647.3240	94.8148	651.9389	95.0231	
09/08/2017	02:24:26	011992	G488016199HLR	L488	S		608.9694	1.0292	10.0000	100.1088	39.7078	0.8430	0.8274	5.0000	18.8091	713.0475	95.0000	17.7093	23.8000	0.9300	0.9337	0.6677	-0.0009	713.0000	712.3739	1.0275	-3.0974	100.1017	39.7786	0.8230	0.8260	5.0000	-9999.0000	-9999.0000	-9999.0000	-9999.0000	-9999.0000	-9999.0000	20.4016	4	0	29.9793	1.0000	08	3	-9999.0000	14573	25754	-9999	1709	4694	-9999	464.4921	5	0.6504	0.6677	-0.0009	74.3642	1.4960	642.7254	549.1115	36.7593	601.6886	94.9769	641.7042	94.6991	648.9706	94.8611	653.7716	95.0000	
09/08/2017	02:24:53	011992	G488016139HLR	L488	S		614.3944	1.0292	10.0000	100.0572	39.8427	0.8430	0.8274	5.0000	19.1088	713.0338	94.9306	15.2397	23.8000	0.9300	0.9337	0.6677	-0.0009	713.0000	710.0592	1.0275	-3.1281	100.0868	40.2487	0.8230	0.8269	5.0000	-9999.0000	-9999.0000	-9999.0000	-9999.0000	-9999.0000	-9999.0000	19.8604	5	0	27.7793	1.0000	08	3	-9999.0000	14574	25755	-9999	1710	4695	-9999	466.1711	5	0.6504	0.6677	-0.0009	74.3642	1.4960	649.6053	550.5032	37.9398	601.4125	94.8611	648.4457	94.6528	656.7021	94.7917	661.9026	95.0231	
09/08/2017	02:25:51	011992	G488016119HLR	L488	S		613.7926	1.0292	10.0000	100.1387	39.7104	0.8430	0.8273	5.0000	18.8693	713.0832	94.9537	19.0393	24.1000	0.9300	0.9339	0.6896	-0.0022	713.0000	712.4660	1.0275	-3.0962	99.9723	39.5892	0.8230	0.8245	5.0000	-9999.0000	-9999.0000	-9999.0000	-9999.0000	-9999.0000	-9999.0000	19.5698	7	0	28.0692	1.0000	08	3	-9999.0000	14576	25756	-9999	1711	4696	-9999	462.4352	5	0.6511	0.6896	-0.0022	72.0362	1.5795	624.4586	516.0446	36.0185	576.1041	94.5833	623.6252	94.4213	632.2585	94.8148	638.4975	95.0231	
09/08/2017	02:26:21	011992	G488016136HLR	L488	S		603.1787	1.0292	9.6518	100.0803	39.8000	0.8430	0.8273	5.0000	19.5793	713.0544	94.9769	19.0188	23.9000	0.9300	0.9337	0.6916	-0.0023	713.0000	709.7166	1.0275	-3.1326	100.0403	39.8000	0.8230	0.8267	5.0000	-9999.0000	-9999.0000	-9999.0000	-9999.0000	-9999.0000	-9999.0000	20.9900	8	0	29.5583	1.0000	08	3	-9999.0000	14577	25756	-9999	1711	4697	-9999	462.3246	5	0.6513	0.6916	-0.0023	74.2312	1.4705	623.5733	528.3327	34.5833	575.2892	95.1389	622.3901	95.0000	629.9789	94.9769	635.2206	94.9769	
09/08/2017	02:26:48	011992	G488016124HLR	L488	S		610.9311	1.0292	10.0000	100.1162	39.8299	0.8430	0.8272	5.0000	18.8689	713.0842	95.0231	16.9398	23.9000	0.9300	0.9336	0.6916	-0.0023	713.0000	714.0312	1.0275	-3.0755	99.9947	40.3896	0.8230	0.8271	5.0000	-9999.0000	-9999.0000	-9999.0000	-9999.0000	-9999.0000	-9999.0000	19.8590	1	0	27.6788	1.0000	08	3	-9999.0000	14578	25757	-9999	1712	4698	-9999	465.7923	5	0.6513	0.6916	-0.0023	74.2312	1.4705	628.7725	506.6751	33.3333	571.3672	94.9074	627.7473	94.4676	635.3099	94.6759	641.5379	95.0000	
09/08/2017	02:27:17	011992	G488014958HLR	L488	S		609.3011	1.0292	10.0000	100.1253	39.7243	0.8430	0.8272	5.0000	18.8693	713.1144	94.9769	18.8294	23.8000	0.9300	0.9335	0.6911	-0.0022	713.0000	711.8621	1.0275	-3.1042	99.9832	40.0299	0.8230	0.8252	5.0000	-9999.0000	-9999.0000	-9999.0000	-9999.0000	-9999.0000	-9999.0000	19.2898	2	0	28.6192	1.0000	08	3	-9999.0000	14579	25758	-9999	1713	4699	-9999	462.7389	5	0.6511	0.6911	-0.0022	74.8221	1.3846	623.6888	521.1432	34.8148	572.1432	95.1852	622.4052	95.0694	631.6190	94.9769	637.6097	95.0231	
09/08/2017	02:27:46	011992	G488016110HLR	L488	S		614.9711	1.0292	10.0000	100.1247	39.8000	0.8430	0.8274	5.0000	18.9496	713.0904	95.0231	17.2093	23.8000	0.9300	0.9334	0.6911	-0.0022	713.0000	711.9603	1.0275	-3.1029	100.0709	39.5661	0.8230	0.8250	5.0000	-9999.0000	-9999.0000	-9999.0000	-9999.0000	-9999.0000	-9999.0000	19.3814	3	0	28.5792	1.0000	08	3	-9999.0000	14580	25759	-9999	1714	4700	-9999	465.4210	5	0.6511	0.6911	-0.0022	74.8221	1.3846	627.1992	522.6841	35.5556	575.5892	94.7454	626.2144	94.2361	634.6201	94.6759	641.1833	95.0463	
09/08/2017	02:28:15	011992	G488016109HLR	L488	S		611.5759	1.0292	10.0000	100.1123	39.8529	0.8430	0.8273	5.0000	18.7092	713.0456	95.0000	18.6292	23.7000	0.9300	0.9335	0.6927	-0.0023	713.0000	714.5819	1.0275	-3.0682	100.1525	40.0567	0.8230	0.8272	5.0000	-9999.0000	-9999.0000	-9999.0000	-9999.0000	-9999.0000	-9999.0000	19.7585	4	0	29.1589	1.0000	08	3	-9999.0000	14581	25760	-9999	1715	4701	-9999	464.0274	5	0.6512	0.6927	-0.0023	77.3400	1.3018	629.8281	533.2005	35.2778	577.3759	94.8148	628.5322	94.3287	636.6306	94.6759	642.5708	95.0000	
09/08/2017	02:28:42	011992	G488016116HLR	L488	S		616.6469	1.0292	10.0000	100.1256	39.7537	0.8430	0.8272	5.0000	18.8294	713.0920	94.9769	16.7797	23.7000	0.9300	0.9335	0.6927	-0.0023	713.0000	711.8325	1.0275	-3.1046	100.1619	40.2281	0.8230	0.8263	5.0000	-9999.0000	-9999.0000	-9999.0000	-9999.0000	-9999.0000	-9999.0000	19.2204	5	0	27.3495	1.0000	08	3	-9999.0000	14582	25761	-9999	1716	4702	-9999	466.5976	5	0.6512	0.6927	-0.0023	77.3400	1.3018	627.4542	511.8154	35.4167	574.6780	95.0926	626.3680	94.6991	634.7395	94.8380	640.8265	95.0000	
09/08/2017	02:29:10	011992	G488016149HLR	L488	S		609.9131	1.0292	10.0000	100.0672	39.8000	0.8430	0.8273	5.0000	19.5199	713.0638	94.9769	17.7395	23.7000	0.9300	0.9335	0.6837	-0.0018	713.0000	712.8592	1.0275	-3.0910	99.9575	39.7721	0.8230	0.8250	5.0000	-9999.0000	-9999.0000	-9999.0000	-9999.0000	-9999.0000	-9999.0000	19.3692	6	0	28.2089	1.0000	08	3	-9999.0000	14583	25762	-9999	1716	4703	-9999	464.9188	5	0.6511	0.6837	-0.0018	70.6823	1.6622	629.0340	530.2338	34.4676	575.7168	94.8611	627.8233	94.4444	635.7970	94.7222	642.3868	95.0463	
09/08/2017	02:29:37	011992	G488016144HLR	L488	S		615.3592	1.0292	10.0000	100.0958	39.8345	0.8430	0.8273	5.0000	18.9592	713.0411	94.9769	17.7191	23.7000	0.9300	0.9335	0.6857	-0.0019	713.0000	712.3677	1.0275	-3.0975	100.1130	39.8000	0.8230	0.8264	5.0000	-9999.0000	-9999.0000	-9999.0000	-9999.0000	-9999.0000	-9999.0000	19.2795	7	0	26.9591	1.0000	08	3	-9999.0000	14584	25762	-9999	1717	4704	-9999	464.9738	5	0.6520	0.6857	-0.0019	62.8803	2.1172	633.7323	520.2233	34.4213	582.0614	94.8380	632.8130	94.5139	639.2558	94.7685	643.8598	95.0694	
09/08/2017	02:30:05	011992	G488016114HLR	L488	S		613.1073	1.0292	10.0000	100.0979	39.7844	0.8430	0.8272	5.0000	18.9086	713.1076	95.0926	18.3899	23.6000	0.9300	0.9336	0.6857	-0.0019	713.0000	711.8798	1.0275	-3.1040	100.1336	40.0836	0.8230	0.8257	5.0000	-9999.0000	-9999.0000	-9999.0000	-9999.0000	-9999.0000	-9999.0000	22.3283	8	0	27.9989	1.0000	08	3	-9999.0000	14585	25763	-9999	1718	4705	-9999	464.0314	5	0.6520	0.6857	-0.0019	66.4690	1.9156	627.5228	529.8113	35.3009	574.1399	95.2083	626.3371	95.0926	634.1668	95.0000	638.8343	95.0000	
09/08/2017	02:30:32	011992	G488016143HLR	L488	S		616.9628	1.0292	10.0000	100.1292	39.7916	0.8430	0.8273	5.0000	18.8186	713.0680	95.0231	16.4994	23.7000	0.9300	0.9336	0.6857	-0.0019	713.0000	712.2256	1.0275	-3.0994	100.1080	39.8311	0.8230	0.8243	5.0000	-9999.0000	-9999.0000	-9999.0000	-9999.0000	-9999.0000	-9999.0000	22.2124	1	0	26.3486	1.0000	08	3	-9999.0000	14586	25764	-9999	1719	4706	-9999	466.7027	5	0.6520	0.6857	-0.0019	66.4690	1.9156	633.1618	517.3201	35.2315	581.5136	95.0231	631.9789	94.6528	640.4416	94.7917	646.2054	95.0694	
09/08/2017	02:30:59	011992	G488016102HLR	L488	S		605.7669	1.0292	9.8759	100.1182	39.8257	0.8430	0.8273	5.0000	18.7792	713.0966	95.0231	17.4789	23.6000	0.9300	0.9336	0.6856	-0.0019	713.0000	716.9400	1.0275	-3.0370	100.0383	39.7004	0.8230	0.8251	5.0000	-9999.0000	-9999.0000	-9999.0000	-9999.0000	-9999.0000	-9999.0000	20.2586	2	0	27.4795	1.0000	08	3	-9999.0000	14587	25765	-9999	1720	4707	-9999	465.4223	5	0.6523	0.6856	-0.0019	64.7189	1.9989	634.9514	499.6636	33.7963	579.5155	95.3009	633.6859	95.2546	642.2850	95.0463	648.2122	94.9537	
09/08/2017	02:31:28	011992	G488014962HLR	L488	S		615.9732	1.0292	10.0000	100.1070	39.7944	0.8430	0.8271	5.0000	18.8886	713.0785	94.9537	16.1801	23.6000	0.9300	0.9336	0.6856	-0.0019	713.0000	716.0623	1.0275	-3.0486	100.1100	39.9463	0.8230	0.8258	5.0000	-9999.0000	-9999.0000	-9999.0000	-9999.0000	-9999.0000	-9999.0000	22.2213	3	0	28.4686	1.0000	08	3	-9999.0000	14588	25766	-9999	1720	4708	-9999	467.3193	5	0.6523	0.6856	-0.0019	64.7189	1.9989	637.3066	536.0868	35.9028	585.9041	95.1852	635.6801	94.9537	645.1486	94.9537	650.5176	95.0231	
09/08/2017	02:31:56	011992	G488016104HLR	L488	S		612.2863	1.0292	10.0000	100.1421	39.7846	0.8430	0.8273	5.0000	18.7679	713.1183	95.0000	17.2201	23.6000	0.9300	0.9336	0.6886	-0.0020	713.0000	715.8625	1.0275	-3.0512	100.1285	39.9483	0.8230	0.8247	5.0000	-9999.0000	-9999.0000	-9999.0000	-9999.0000	-9999.0000	-9999.0000	22.4782	4	0	28.1788	1.0000	08	3	-9999.0000	14589	25767	-9999	1721	4709	-9999	466.1158	5	0.6518	0.6886	-0.0020	60.6769	2.1992	633.5562	545.2341	36.2500	584.1903	95.3009	632.4293	95.2315	639.3298	95.0463	644.7047	95.0000	
09/08/2017	02:32:23	011992	G488014943HLR	L488	S		614.4788	1.0292	10.0000	100.1316	39.8140	0.8430	0.8273	5.0000	18.8928	713.0750	94.9769	15.4594	23.6000	0.9300	0.9336	0.6888	-0.0020	713.0000	714.1308	1.0275	-3.0742	100.1699	39.7944	0.8230	0.8254	5.0000	-9999.0000	-9999.0000	-9999.0000	-9999.0000	-9999.0000	-9999.0000	19.1296	5	0	27.5491	1.0000	08	3	-9999.0000	14590	25768	-9999	1722	4710	-9999	468.7092	5	0.6525	0.6888	-0.0020	37.2087	3.5141	634.4679	534.0121	35.9028	589.0660	94.6296	633.2612	94.4213	641.1396	94.6991	648.3357	94.9769	
09/08/2017	02:32:50	011992	G488014942HLR	L488	S		613.1226	1.0292	10.0000	100.1172	39.8064	0.8430	0.8272	5.0000	18.8483	713.0624	94.9537	16.5287	23.6000	0.9300	0.9336	0.6931	-0.0023	713.0000	715.2208	1.0275	-3.0597	100.1531	39.8992	0.8230	0.8261	5.0000	-9999.0000	-9999.0000	-9999.0000	-9999.0000	-9999.0000	-9999.0000	20.1894	6	0	26.9390	1.0000	08	3	-9999.0000	14591	25769	-9999	1723	4711	-9999	467.2208	5	0.6522	0.6931	-0.0023	51.3168	2.7138	627.8242	530.9891	34.4213	573.9225	94.8611	626.7227	94.3981	635.1009	94.7454	641.5272	95.0231	
09/08/2017	02:33:18	011992	G488014961HLR	L488	S		620.8460	1.0292	10.0000	100.1161	39.7733	0.8430	0.8272	5.0000	18.8293	713.0694	95.0000	17.5589	23.6000	0.9300	0.9336	0.6961	-0.0025	713.0000	717.1945	1.0275	-3.0336	99.9850	40.0956	0.8230	0.8261	5.0000	-9999.0000	-9999.0000	-9999.0000	-9999.0000	-9999.0000	-9999.0000	19.7183	7	0	28.0792	1.0000	08	3	-9999.0000	14592	25770	-9999	1723	4712	-9999	465.6239	5	0.6523	0.6961	-0.0025	59.2832	2.2663	628.3898	533.9399	35.4167	577.8174	94.9074	626.9866	94.7917	634.9757	94.8611	640.5029	95.0231	
09/08/2017	02:33:47	011992	G488014979HLR	L488	S		611.2073	1.0292	10.0000	100.0741	39.8000	0.8430	0.8272	5.0000	19.6488	713.0780	94.9769	17.3695	23.6000	0.9300	0.9336	0.6845	-0.0018	713.0000	713.2621	1.0275	-3.0857	100.1367	39.9244	0.8230	0.8255	5.0000	-9999.0000	-9999.0000	-9999.0000	-9999.0000	-9999.0000	-9999.0000	19.3180	8	0	28.5587	1.0000	08	3	-9999.0000	14593	25771	-9999	1724	4713	-9999	465.3524	5	0.6527	0.6845	-0.0018	79.5952	1.2021	633.9467	547.0479	34.5139	584.7550	95.1852	632.9129	95.1157	641.0568	95.0000	646.6804	95.0231	
09/08/2017	02:34:16	011992	G488016113HLR	L488	S		618.9586	1.0292	10.0000	100.1382	39.8188	0.8430	0.8272	5.0000	18.8293	713.0886	94.9769	16.7787	23.6000	0.9300	0.9336	0.6845	-0.0018	713.0000	714.5657	1.0275	-3.0684	99.9468	39.8256	0.8230	0.8258	5.0000	-9999.0000	-9999.0000	-9999.0000	-9999.0000	-9999.0000	-9999.0000	19.0795	1	0	29.4489	1.0000	08	3	-9999.0000	14594	25772	-9999	1725	4714	-9999	466.0936	5	0.6527	0.6845	-0.0018	79.5952	1.2021	636.4878	522.5179	35.9722	584.6682	94.9769	634.9894	94.9769	642.7813	94.9537	648.1250	95.0231	
09/08/2017	02:34:47	011992	G488014980HLR	L488	S		615.9576	1.0292	10.0000	100.1204	39.7904	0.8430	0.8272	5.0000	18.7488	713.0953	94.9769	16.1391	23.6000	0.9300	0.9336	0.6800	-0.0016	713.0000	711.6454	1.0275	-3.1071	100.1220	39.9008	0.8230	0.8252	5.0000	-9999.0000	-9999.0000	-9999.0000	-9999.0000	-9999.0000	-9999.0000	23.8688	2	0	30.6689	1.0000	08	3	-9999.0000	14595	25773	-9999	1726	4715	-9999	466.8241	5	0.6530	0.6800	-0.0016	87.9203	0.7188	638.3972	540.8690	34.6296	590.4353	95.3704	637.1803	95.3241	645.4656	95.0694	651.4619	95.0000	
09/08/2017	02:35:14	011992	G488014940HLR	L488	S		610.6290	1.0292	10.0000	100.0121	39.7665	0.8430	0.8268	5.0000	21.0685	713.0583	95.0000	17.1888	23.6000	0.9300	0.9336	0.6832	-0.0018	713.0000	710.8741	1.0275	-3.1173	100.0910	39.8617	0.8230	0.8248	5.0000	-9999.0000	-9999.0000	-9999.0000	-9999.0000	-9999.0000	-9999.0000	21.6796	3	0	26.7392	1.0000	08	3	-9999.0000	14596	25774	-9999	1726	4716	-9999	465.1353	5	0.6525	0.6832	-0.0018	101.0734	-0.0641	631.6680	515.9924	35.5787	583.5055	94.6991	630.3894	94.3750	639.4594	94.6991	645.5761	95.0231	
09/08/2017	02:35:43	011992	G488014939HLR	L488	S		608.7347	1.0292	10.0000	100.1320	39.8120	0.8430	0.8273	5.0000	18.8487	713.0802	95.0000	17.7493	23.6000	0.9300	0.9336	0.6876	-0.0021	713.0000	714.6172	1.0275	-3.0677	100.1757	39.8571	0.8230	0.8259	5.0000	-9999.0000	-9999.0000	-9999.0000	-9999.0000	-9999.0000	-9999.0000	19.2997	4	0	29.5393	1.0000	08	3	-9999.0000	14597	25775	-9999	1727	4717	-9999	464.4349	5	0.6524	0.6876	-0.0021	90.2875	0.5746	632.4679	524.6473	34.6991	579.4090	94.7454	631.1565	94.4444	638.9502	94.7222	645.4570	95.0463	
09/08/2017	02:36:13	011992	G488014936HLR	L488	S		615.0740	1.0292	10.0000	100.1409	39.8309	0.8430	0.8272	5.0000	18.6790	713.0503	94.9769	18.6195	23.7000	0.9300	0.9337	0.6876	-0.0021	713.0000	712.1084	1.0275	-3.1009	100.1053	39.9920	0.8230	0.8262	5.0000	-9999.0000	-9999.0000	-9999.0000	-9999.0000	-9999.0000	-9999.0000	19.6389	5	0	29.1284	1.0000	08	3	-9999.0000	14598	25776	-9999	1728	4718	-9999	462.7250	5	0.6524	0.6876	-0.0021	90.2875	0.5746	629.8038	525.4464	34.5370	578.4383	95.3704	628.6262	95.3704	635.3192	95.1620	639.0421	95.0000	
09/08/2017	02:36:41	011992	G488016223HLR	L488	S		605.8354	1.0292	9.8819	100.1135	39.7671	0.8430	0.8272	5.0000	18.7591	713.0680	94.9306	19.8997	23.8000	0.9300	0.9337	0.7004	-0.0028	713.0000	705.5953	1.0275	-3.1872	100.1646	39.9772	0.8230	0.8255	5.0000	-9999.0000	-9999.0000	-9999.0000	-9999.0000	-9999.0000	-9999.0000	20.3192	6	1	28.4091	1.0000	08	1	-9999.0000	14599	25777	-9999	1729	4719	-9999	458.1504	5	0.6527	0.7004	-0.0028	85.0390	0.8803	604.8238	519.4492	37.0833	556.6758	95.2315	603.7574	95.1620	611.8760	95.0463	617.3376	95.0231	
09/08/2017	02:37:12	011992	G488016222HLR	L488	S		619.8371	1.0292	10.0000	100.0999	39.8000	0.8430	0.8272	5.0000	19.2489	713.1022	94.9537	15.9096	23.8000	0.9300	0.9337	0.7004	-0.0028	713.0000	712.3475	1.0275	-3.0978	99.9827	39.8521	0.8230	0.8256	5.0000	-9999.0000	-9999.0000	-9999.0000	-9999.0000	-9999.0000	-9999.0000	19.3582	7	0	31.1594	1.0000	08	1	-9999.0000	14600	25778	-9999	1730	4720	-9999	467.2342	5	0.6527	0.7004	-0.0028	85.0390	0.8803	627.0677	529.8259	36.5741	578.5678	95.4861	625.7314	95.5093	633.7051	95.1852	639.5423	94.9769	
09/08/2017	02:37:41	011992	G488016228HLR	L488	S		606.8145	1.0292	9.9666	100.1400	39.8230	0.8430	0.8272	5.0000	18.8993	713.0622	95.0000	18.7200	23.8000	0.9300	0.9337	0.6939	-0.0024	713.0000	709.7469	1.0275	-3.1322	100.1122	39.9569	0.8230	0.8263	5.0000	-9999.0000	-9999.0000	-9999.0000	-9999.0000	-9999.0000	-9999.0000	19.3201	8	0	29.3384	1.0000	08	1	-9999.0000	14601	25779	-9999	1731	4721	-9999	461.7716	5	0.6525	0.6939	-0.0024	91.7840	0.4709	617.1636	527.0587	35.7407	566.6832	95.2778	615.5893	95.0463	624.7523	94.9769	630.1763	94.9537	
09/08/2017	02:38:10	011992	G488016225HLR	L488	S		613.3093	1.0292	10.0000	100.1160	39.7725	0.8430	0.8271	5.0000	18.7990	713.1365	95.0231	18.2894	23.9000	0.9300	0.9337	0.6842	-0.0018	713.0000	712.9185	1.0275	-3.0902	100.0095	40.0555	0.8230	0.8262	5.0000	-9999.0000	-9999.0000	-9999.0000	-9999.0000	-9999.0000	-9999.0000	19.3053	1	0	28.5390	1.0000	08	1	-9999.0000	14602	25780	-9999	1732	4722	-9999	463.2441	5	0.6524	0.6842	-0.0018	95.4737	0.2256	623.9377	512.0739	33.8657	569.4549	95.3009	623.0567	95.0926	630.5092	95.0463	636.6280	95.0463	
09/08/2017	02:38:37	011992	G488016227HLR	L488	S		613.1194	1.0292	10.0000	100.1155	39.8208	0.8430	0.8273	5.0000	18.9808	713.1060	95.0000	17.5892	23.9000	0.9300	0.9337	0.6848	-0.0019	713.0000	708.5756	1.0275	-3.1477	100.1191	39.8337	0.8230	0.8252	5.0000	-9999.0000	-9999.0000	-9999.0000	-9999.0000	-9999.0000	-9999.0000	20.4282	2	0	26.8984	1.0000	08	1	-9999.0000	14603	25781	-9999	1733	4723	-9999	464.8760	5	0.6523	0.6848	-0.0019	79.7613	1.0803	630.2256	543.2531	35.3935	576.4500	95.7407	629.1626	95.5787	637.0859	95.2083	643.2823	94.9769	
09/08/2017	02:39:06	011992	G488016168HLR	L488	S		602.8745	1.0292	9.6255	100.1614	39.8259	0.8430	0.8272	5.0000	18.8489	713.0472	94.9306	20.3489	24.0000	0.9300	0.9336	0.6842	-0.0018	713.0000	708.3218	1.0275	-3.1511	100.0670	39.8815	0.8230	0.8263	5.0000	-9999.0000	-9999.0000	-9999.0000	-9999.0000	-9999.0000	-9999.0000	19.0882	3	0	29.3592	1.0000	08	1	-9999.0000	14604	25782	-9999	1734	4723	-9999	461.1282	5	0.6521	0.6842	-0.0018	67.7860	1.7579	622.4791	515.0732	33.9352	568.2722	95.6944	621.5057	95.4167	629.0722	95.1389	633.1882	95.0000	
09/08/2017	02:39:33	011992	G488016157HLR	L488	S		606.3028	1.0292	9.9223	100.1387	39.7778	0.8430	0.8272	5.0000	18.7992	713.0833	94.9769	18.5794	24.0000	0.9300	0.9336	0.6855	-0.0019	713.0000	709.5452	1.0275	-3.1349	100.1566	39.9547	0.8230	0.8253	5.0000	-9999.0000	-9999.0000	-9999.0000	-9999.0000	-9999.0000	-9999.0000	22.4287	4	0	27.2686	1.0000	08	1	-9999.0000	14605	25783	-9999	1735	4724	-9999	463.7184	5	0.6521	0.6855	-0.0019	68.5673	1.7267	628.2414	521.6244	37.1991	581.1704	95.2083	627.0091	95.1157	634.3762	95.0000	639.7946	95.0463	
09/08/2017	02:40:00	011992	G488016206HLR	L488	S		604.5661	1.0292	9.7720	100.1520	39.8301	0.8430	0.8274	5.0000	18.8294	713.0692	95.0231	17.7288	23.9000	0.9300	0.9335	0.6855	-0.0019	713.0000	709.1983	1.0275	-3.1395	100.1626	39.9426	0.8230	0.8257	5.0000	-9999.0000	-9999.0000	-9999.0000	-9999.0000	-9999.0000	-9999.0000	19.4394	5	0	26.7890	1.0000	08	1	-9999.0000	14606	25784	-9999	1735	4725	-9999	464.8868	5	0.6521	0.6855	-0.0019	68.5673	1.7267	627.2936	528.8314	36.6667	578.9160	95.3009	625.9956	95.1620	634.9808	95.0463	640.1441	94.9769	
09/08/2017	02:40:32	011992	G488016213HLR	L488	S		618.9921	1.0292	10.0000	100.1290	39.8188	0.8430	0.8272	5.0000	18.7893	713.0536	94.9769	16.1498	23.9000	0.9300	0.9335	0.6860	-0.0019	713.0000	715.9165	1.0275	-3.0505	99.9688	39.9040	0.8230	0.8260	5.0000	-9999.0000	-9999.0000	-9999.0000	-9999.0000	-9999.0000	-9999.0000	19.1162	6	0	31.3690	1.0000	08	1	-9999.0000	14607	25785	-9999	1736	4726	-9999	467.2216	5	0.6524	0.6860	-0.0019	66.3819	1.8034	641.3881	514.4370	35.7176	585.4404	95.6944	640.6480	95.5787	647.9556	95.1852	652.3358	94.9537	
09/08/2017	02:41:00	011992	G488016203HLR	L488	S		609.2951	1.0292	10.0000	100.1159	39.8024	0.8430	0.8272	5.0000	18.9388	713.1260	95.0000	18.4993	23.8000	0.9300	0.9335	0.6816	-0.0016	713.0000	714.0669	1.0275	-3.0750	99.9802	39.9834	0.8230	0.8262	5.0000	-9999.0000	-9999.0000	-9999.0000	-9999.0000	-9999.0000	-9999.0000	19.4502	7	0	28.2087	1.0000	08	1	-9999.0000	14608	25786	-9999	1737	4727	-9999	464.6384	5	0.6523	0.6816	-0.0016	62.9102	2.0199	634.5705	536.3640	35.6713	581.4825	95.7639	633.2493	95.8796	640.5294	95.0000	644.0597	94.8380	
09/08/2017	02:41:31	011992	G488016112HLR	L488	S		615.2069	1.0292	10.0000	99.9866	39.8319	0.8430	0.8273	5.0000	18.4485	713.0595	95.0000	16.4496	23.8000	0.9300	0.9335	0.6779	-0.0014	713.0000	712.7385	1.0275	-3.0926	100.0248	40.0022	0.8230	0.8259	5.0000	-9999.0000	-9999.0000	-9999.0000	-9999.0000	-9999.0000	-9999.0000	19.4783	8	0	31.5390	1.0000	08	1	-9999.0000	14609	25787	-9999	1738	4728	-9999	466.7954	5	0.6520	0.6779	-0.0014	61.7292	2.1010	643.1841	539.1128	34.1898	591.3843	94.8611	641.7196	94.8148	648.8096	94.9074	653.9254	95.0000	
09/08/2017	02:41:59	011992	G488014963HLR	L488	S		614.2413	1.0292	10.0000	100.1326	39.8246	0.8430	0.8271	5.0000	18.9270	713.0639	94.9537	15.8695	23.7000	0.9300	0.9335	0.6788	-0.0015	713.0000	712.1502	1.0275	-3.1004	100.0152	39.8559	0.8230	0.8257	5.0000	-9999.0000	-9999.0000	-9999.0000	-9999.0000	-9999.0000	-9999.0000	19.2378	1	0	27.6592	1.0000	08	1	-9999.0000	14610	25788	-9999	1739	4729	-9999	467.5776	5	0.6521	0.6788	-0.0015	63.2009	2.0396	629.6071	545.2070	34.4213	575.6750	94.1435	625.6482	93.8194	644.8804	94.3750	651.7787	95.0463	
09/08/2017	02:42:27	011992	G488014978HLR	L488	S		606.5643	1.0292	9.9450	100.0957	39.8000	0.8430	0.8272	5.0000	19.0150	713.1212	94.9306	20.4690	23.7000	0.9300	0.9335	0.6744	-0.0012	713.0000	712.9187	1.0275	-3.0902	100.1332	39.9796	0.8230	0.8263	5.0000	-9999.0000	-9999.0000	-9999.0000	-9999.0000	-9999.0000	-9999.0000	19.7991	2	0	27.7700	1.0000	08	1	-9999.0000	14611	25789	-9999	1740	4729	-9999	463.3248	5	0.6525	0.6744	-0.0012	58.4462	2.3196	627.3394	538.1247	35.6250	536.5809	95.3935	625.3232	94.4676	638.3301	94.6528	643.6912	94.9769	
09/08/2017	02:42:52	011992	G488016183HLR	L488	S		610.4078	1.0292	10.0000	100.1496	39.8413	0.8430	0.8273	5.0000	18.8585	713.0857	95.0000	17.2992	23.7000	0.9300	0.9336	0.6729	-0.0011	713.0000	710.4181	1.0275	-3.1233	100.1559	39.8980	0.8230	0.8250	5.0000	-9999.0000	-9999.0000	-9999.0000	-9999.0000	-9999.0000	-9999.0000	21.6990	3	0	24.9681	1.0000	08	1	-9999.0000	14611	25790	-9999	1741	4730	-9999	466.0858	5	0.6531	0.6729	-0.0011	52.1725	2.7000	639.7641	545.8777	36.8287	591.9903	95.3935	638.4591	95.4398	644.1907	95.1620	649.2302	94.9769	
09/08/2017	02:43:23	011992	G488016163HLR	L488	S		609.6761	1.0292	10.0000	100.1151	39.8359	0.8430	0.8271	5.0000	18.8527	713.0588	94.9306	20.7990	23.7000	0.9300	0.9336	0.6744	-0.0012	713.0000	712.0510	1.0275	-3.1017	99.9918	39.8522	0.8230	0.8256	5.0000	-9999.0000	-9999.0000	-9999.0000	-9999.0000	-9999.0000	-9999.0000	19.3349	4	0	30.8485	1.0000	08	1	-9999.0000	14612	25791	-9999	1742	4731	-9999	463.3275	5	0.6531	0.6744	-0.0012	64.7450	2.0338	633.8458	546.4815	37.1759	590.0452	95.1157	632.6352	95.1620	639.6204	95.0463	644.0669	95.0463	
09/08/2017	02:43:54	011992	G488014892HLR	L488	S		612.8123	1.0292	10.0000	100.1276	39.7830	0.8430	0.8272	5.0000	18.7494	713.0694	95.0000	16.7797	23.7000	0.9300	0.9336	0.6744	-0.0012	713.0000	710.2795	1.0275	-3.1252	100.1851	39.8916	0.8230	0.8259	5.0000	-9999.0000	-9999.0000	-9999.0000	-9999.0000	-9999.0000	-9999.0000	20.1915	5	0	31.1285	1.0000	08	1	-9999.0000	14613	25791	-9999	1743	4732	-9999	466.6478	5	0.6531	0.6744	-0.0012	64.7450	2.0338	639.8795	545.4004	36.9907	592.6606	94.9306	638.9449	94.8843	645.4412	94.9074	650.4446	95.0231	
09/08/2017	02:44:24	011992	G488014904HLR	L488	S		611.8706	1.0292	10.0000	100.1463	39.8627	0.8430	0.8273	5.0000	18.7689	713.0569	95.0000	16.9886	23.7000	0.9300	0.9336	0.6741	-0.0012	713.0000	713.0707	1.0275	-3.0882	100.2034	40.0665	0.8230	0.8263	5.0000	-9999.0000	-9999.0000	-9999.0000	-9999.0000	-9999.0000	-9999.0000	19.3182	6	0	30.6142	1.0000	08	1	-9999.0000	14614	25792	-9999	1744	4733	-9999	466.5727	5	0.6530	0.6741	-0.0012	64.7912	2.0298	641.5873	538.4402	35.0694	591.1747	95.1620	640.1655	95.1389	647.8986	95.0000	653.4057	95.0000	
09/08/2017	02:45:20	011992	G488014934HLR	L488	S		593.1595	1.0292	8.7844	100.1144	39.7885	0.8430	0.8273	5.0000	18.8098	713.0831	94.9306	20.0891	23.8000	0.9300	0.9338	0.6760	-0.0012	713.0000	711.4713	1.0275	-3.1094	100.0121	39.7792	0.8230	0.8252	5.0000	-9999.0000	-9999.0000	-9999.0000	-9999.0000	-9999.0000	-9999.0000	20.0076	8	0	25.0773	1.0000	08	1	-9999.0000	14616	25793	-9999	1746	4734	-9999	464.3647	5	0.6537	0.6760	-0.0012	60.6108	2.2945	627.7054	503.6151	34.5139	570.1661	94.7222	626.5267	94.6759	634.5010	94.8843	640.0124	95.0463	
09/08/2017	02:45:45	011992	G488014896HLR	L488	S		609.2078	1.0292	10.0000	100.0761	39.8226	0.8430	0.8273	5.0000	18.9397	713.1263	94.9769	20.1184	23.7000	0.9300	0.9336	0.6756	-0.0012	713.0000	714.0433	1.0275	-3.0753	100.1601	39.8255	0.8230	0.8269	5.0000	-9999.0000	-9999.0000	-9999.0000	-9999.0000	-9999.0000	-9999.0000	19.1096	1	0	24.8195	1.0000	08	1	-9999.0000	14617	25794	-9999	1747	4735	-9999	464.3680	5	0.6538	0.6756	-0.0012	68.8707	1.8183	634.0626	505.1661	35.4167	578.8996	95.2083	632.8616	95.0926	639.5543	95.0000	645.0186	94.9537	
09/08/2017	02:46:15	011992	G488014654HLR	L488	S		596.9890	1.0292	9.1159	100.1317	39.8373	0.8430	0.8272	5.0000	18.9093	713.0753	94.9769	18.6497	23.7000	0.9300	0.9336	0.6756	-0.0012	713.0000	714.9852	1.0275	-3.0629	99.9554	40.2293	0.8230	0.8271	5.0000	-9999.0000	-9999.0000	-9999.0000	-9999.0000	-9999.0000	-9999.0000	19.5196	2	0	30.4882	1.0000	08	1	-9999.0000	14618	25795	-9999	1748	4736	-9999	465.5220	5	0.6538	0.6756	-0.0012	68.8707	1.8183	638.8458	513.3722	33.8889	582.9491	94.7454	637.7236	94.4676	643.4556	94.7685	649.6188	95.0231	
09/08/2017	02:46:42	011992	G488014673HLR	L488	S		604.0926	1.0292	9.7310	100.1258	39.7565	0.8430	0.8272	5.0000	18.8597	713.0615	94.9769	19.8684	23.7000	0.9300	0.9336	0.6731	-0.0011	713.0000	712.9088	1.0275	-3.0904	100.0896	40.0333	0.8230	0.8256	5.0000	-9999.0000	-9999.0000	-9999.0000	-9999.0000	-9999.0000	-9999.0000	19.8781	3	0	26.7695	1.0000	08	1	-9999.0000	14619	25796	-9999	1749	4737	-9999	464.3974	5	0.6535	0.6731	-0.0011	71.4637	1.6442	639.6989	544.4485	35.3009	585.0699	96.3657	633.6774	96.4352	640.7107	95.0926	642.0910	94.6296	
09/08/2017	02:47:13	011992	G488014672HLR	L488	S		-0.3796	1.0292	-0.0093	100.0275	39.5593	0.8430	0.8270	5.0000	18.9396	0.0000	0.0000	0.0000	0.0000	0.9300	0.0000	0.0000	0.0000	0.0000	-0.4768	1.0275	0.0000	99.8299	39.2204	0.8230	0.8250	5.0000	-9999.0000	-9999.0000	-9999.0000	-9999.0000	-9999.0000	-9999.0000	18.7066	4	18	30.2988	1.0000	08	1	-9999.0000	14620	0	-9999	1750	4738	-9999	0.0000	0	0.0000	0.0000	0.0000	0.0000	0.0000	0.0000	0.0000	0.0000	0.0000	0.0000	0.0000	0.0000	0.0000	0.0000	0.0000	0.0000	
09/08/2017	02:47:46	011992	G488014662HLR	L488	S		-0.4500	1.0292	-0.0111	100.0826	39.4828	0.8430	0.8272	5.0000	19.5404	0.0000	0.0000	0.0000	0.0000	0.9300	0.0000	0.0000	0.0000	0.0000	-0.4539	1.0275	0.0000	99.9020	39.0866	0.8230	0.8264	5.0000	-9999.0000	-9999.0000	-9999.0000	-9999.0000	-9999.0000	-9999.0000	18.5388	5	18	33.4088	1.0000	08	1	-9999.0000	14621	0	-9999	1751	4738	-9999	0.0000	0	0.0000	0.0000	0.0000	0.0000	0.0000	0.0000	0.0000	0.0000	0.0000	0.0000	0.0000	0.0000	0.0000	0.0000	0.0000	0.0000	
09/08/2017	02:48:11	011992	G488014917HLR	L488	S		609.0177	1.0292	10.0000	100.1042	39.7848	0.8430	0.8277	5.0000	18.9105	713.0653	94.9537	19.6790	23.8000	0.9300	0.9338	0.6787	-0.0014	713.0000	711.8350	1.0275	-3.1046	100.1789	40.4982	0.8230	0.8293	5.0000	-9999.0000	-9999.0000	-9999.0000	-9999.0000	-9999.0000	-9999.0000	19.2602	6	0	25.0685	1.0000	08	1	-9999.0000	14622	25797	-9999	1752	4739	-9999	464.6801	5	0.6530	0.6787	-0.0014	71.2561	1.6810	629.7695	514.1200	35.8565	579.7962	94.3519	628.6427	94.3750	636.3013	94.8148	642.0252	95.0463	
09/08/2017	02:48:40	011992	G488014938HLR	L488	S		620.9617	1.0292	10.0000	100.0621	39.9279	0.8430	0.8273	5.0000	19.7099	713.0543	94.9769	15.9691	23.7000	0.9300	0.9336	0.6787	-0.0014	713.0000	717.5215	1.0275	-3.0293	100.0741	40.2806	0.8230	0.8254	5.0000	-9999.0000	-9999.0000	-9999.0000	-9999.0000	-9999.0000	-9999.0000	19.7790	7	0	28.6591	1.0000	08	1	-9999.0000	14623	25798	-9999	1752	4740	-9999	468.3541	5	0.6530	0.6787	-0.0014	71.2561	1.6810	646.4568	543.4929	35.4167	599.5179	95.5787	645.5687	95.6019	652.9947	95.1389	656.8322	94.9074	
09/08/2017	02:49:10	011992	G488014677HLR	L488	S		601.8383	1.0292	9.5358	100.1210	39.7679	0.8430	0.8270	5.0000	18.9597	713.0758	94.9537	19.4895	23.8000	0.9300	0.9336	0.6787	-0.0014	713.0000	710.3671	1.0275	-3.1240	100.1056	39.6200	0.8230	0.8239	5.0000	-9999.0000	-9999.0000	-9999.0000	-9999.0000	-9999.0000	-9999.0000	21.9382	8	0	30.4296	1.0000	08	1	-9999.0000	14624	25799	-9999	1753	4741	-9999	464.9081	5	0.6530	0.6787	-0.0014	71.2561	1.6810	627.8498	538.0743	35.0926	575.8215	95.1389	626.7346	94.7454	633.4472	94.8611	639.6842	95.0231	
09/08/2017	02:49:40	011992	G488014667HLR	L488	S		603.2508	1.0292	9.6581	100.0869	39.7086	0.8430	0.8273	5.0000	18.7298	713.0690	95.0231	22.5793	23.8000	0.9300	0.9336	0.6793	-0.0014	713.0000	712.4812	1.0275	-3.0960	100.0810	39.8000	0.8230	0.8264	5.0000	-9999.0000	-9999.0000	-9999.0000	-9999.0000	-9999.0000	-9999.0000	19.6787	1	0	29.6786	1.0000	08	1	-9999.0000	14624	25800	-9999	1754	4742	-9999	461.8545	5	0.6526	0.6793	-0.0014	71.8593	1.6432	627.3465	523.1568	34.7222	579.4297	95.3472	626.4182	95.3241	634.2985	95.0926	637.7105	95.0000	
09/08/2017	02:50:06	011992	G488014487HLR	L488	S		629.8600	1.0292	10.0000	100.1191	39.9331	0.8430	0.8274	5.0000	18.9202	713.1126	94.9537	14.0395	23.8000	0.9300	0.9336	0.6793	-0.0014	713.0000	716.0195	1.0275	-3.0492	99.9510	40.2912	0.8230	0.8268	5.0000	-9999.0000	-9999.0000	-9999.0000	-9999.0000	-9999.0000	-9999.0000	19.6216	2	0	25.8994	1.0000	08	1	-9999.0000	14625	25801	-9999	1755	4743	-9999	470.5123	5	0.6526	0.6793	-0.0014	71.8593	1.6432	651.3105	493.6782	33.6574	596.4750	93.5417	650.5584	93.1019	656.3189	94.1898	663.2936	95.1620	
09/08/2017	02:50:31	011992	G488014645HLR	L488	S		612.4421	1.0292	10.0000	100.1378	39.7707	0.8430	0.8270	5.0000	18.8196	713.0914	95.0463	17.7796	23.9000	0.9300	0.9336	0.6710	-0.0010	713.0000	711.7782	1.0275	-3.1053	100.1229	39.8204	0.8230	0.8241	5.0000	-9999.0000	-9999.0000	-9999.0000	-9999.0000	-9999.0000	-9999.0000	22.3797	3	0	25.7890	1.0000	08	1	-9999.0000	14626	25802	-9999	1756	4744	-9999	466.2455	5	0.6529	0.6710	-0.0010	71.5389	1.6347	640.3671	544.1988	35.3241	593.8104	94.0509	639.3538	93.9352	646.5740	94.4907	653.0802	95.0926	
09/08/2017	02:51:04	011992	G488014681HLR	L488	S		612.2158	1.0292	10.0000	100.1280	39.7022	0.8430	0.8272	5.0000	18.8865	713.0909	94.9769	19.5491	23.9000	0.9300	0.9336	0.6702	-0.0009	713.0000	711.2416	1.0275	-3.1124	100.1069	39.5395	0.8230	0.8245	5.0000	-9999.0000	-9999.0000	-9999.0000	-9999.0000	-9999.0000	-9999.0000	22.1954	4	0	32.1688	1.0000	08	1	-9999.0000	14626	25803	-9999	1757	4745	-9999	465.1155	5	0.6525	0.6702	-0.0009	63.9399	2.1636	639.6790	542.0962	35.0000	597.0549	94.5370	638.5594	94.4676	645.1212	94.7454	650.9984	94.9769	
09/08/2017	02:51:31	011992	G488011636HLR	L488	S		616.4881	1.0292	10.0000	100.1266	39.9270	0.8430	0.8275	5.0000	18.9912	713.0661	95.0000	18.8196	23.9000	0.9300	0.9336	0.6683	-0.0008	713.0000	713.4128	1.0275	-3.0837	100.0718	40.0082	0.8230	0.8265	5.0000	-9999.0000	-9999.0000	-9999.0000	-9999.0000	-9999.0000	-9999.0000	21.3424	5	0	27.0794	1.0000	08	1	-9999.0000	14627	25804	-9999	1758	4746	-9999	465.4873	5	0.6525	0.6683	-0.0008	51.7155	2.8477	641.4338	543.4536	33.9583	584.1724	94.6528	640.4310	94.6065	647.3207	94.8148	652.5177	95.0231	
09/08/2017	02:51:58	011992	G488015006HLR	L488	S		617.9231	1.0292	10.0000	100.1216	39.7960	0.8430	0.8268	5.0000	19.3693	713.0809	94.9537	15.1293	24.0000	0.9300	0.9336	0.6683	-0.0008	713.0000	713.9621	1.0275	-3.0764	100.0113	40.2202	0.8230	0.8258	5.0000	-9999.0000	-9999.0000	-9999.0000	-9999.0000	-9999.0000	-9999.0000	19.8192	6	0	26.9987	1.0000	08	1	-9999.0000	14628	25805	-9999	1759	4747	-9999	467.5207	5	0.6525	0.6683	-0.0008	51.7155	2.8477	654.0301	551.5154	36.6204	604.7587	94.4213	652.8458	94.3519	659.9510	94.7222	666.0126	95.0463	
09/08/2017	02:52:55	011992	G488014983HLR	L488	S		608.6401	1.0292	10.0000	100.1496	39.9000	0.8430	0.8275	5.0000	18.7755	713.0704	94.9537	21.3586	24.1000	0.9300	0.9338	0.6683	-0.0008	713.0000	711.6255	1.0275	-3.1073	100.0521	39.7780	0.8230	0.8257	5.0000	-9999.0000	-9999.0000	-9999.0000	-9999.0000	-9999.0000	-9999.0000	19.8091	8	0	27.9285	1.0000	08	1	-9999.0000	14630	25806	-9999	1760	4748	-9999	463.8848	5	0.6529	0.6683	-0.0008	52.4888	2.6379	643.4931	520.7308	34.4676	585.4157	96.1343	638.5634	96.2269	644.9381	95.1157	646.7599	94.7454	
09/08/2017	02:53:23	011992	G488014986HLR	L488	S		612.3318	1.0292	10.0000	100.1559	39.8906	0.8430	0.8271	5.0000	18.8792	713.1112	94.9769	16.3099	23.9000	0.9300	0.9335	0.6683	-0.0008	713.0000	709.5987	1.0275	-3.1342	99.9735	39.9838	0.8230	0.8269	5.0000	-9999.0000	-9999.0000	-9999.0000	-9999.0000	-9999.0000	-9999.0000	19.1191	1	0	28.1292	1.0000	08	1	-9999.0000	14631	25807	-9999	1761	4749	-9999	467.1001	5	0.6529	0.6683	-0.0008	52.4888	2.6379	644.0675	558.6022	36.7824	594.3699	94.5370	642.9309	94.2824	650.0258	94.6528	655.5843	94.9769	
09/08/2017	02:53:54	011992	G488014476HLR	L488	S		618.1374	1.0292	10.0000	100.1475	39.7587	0.8430	0.8273	5.0000	18.8489	713.0667	94.9769	16.1185	23.8000	0.9300	0.9335	0.6671	-0.0008	713.0000	711.6931	1.0275	-3.1064	100.0840	40.0070	0.8230	0.8251	5.0000	-9999.0000	-9999.0000	-9999.0000	-9999.0000	-9999.0000	-9999.0000	22.1402	2	0	31.0484	1.0000	08	1	-9999.0000	14632	25808	-9999	1762	4750	-9999	467.0799	5	0.6533	0.6671	-0.0008	56.6887	2.3860	650.8714	538.2650	36.5741	600.1708	95.1620	650.2592	95.1620	657.6749	95.0231	660.2216	95.0000	
09/08/2017	02:54:26	011992	G488014613HLR	L488	S		611.3775	1.0292	10.0000	100.0953	39.8072	0.8430	0.8273	5.0000	19.2189	713.0577	94.9769	18.5296	23.8000	0.9300	0.9334	0.6658	-0.0007	713.0000	711.8632	1.0275	-3.1042	100.1338	39.8186	0.8230	0.8252	5.0000	-9999.0000	-9999.0000	-9999.0000	-9999.0000	-9999.0000	-9999.0000	19.4227	3	0	31.3591	1.0000	08	1	-9999.0000	14633	25809	-9999	1763	4751	-9999	465.7862	5	0.6533	0.6658	-0.0007	61.6622	2.0628	641.2797	540.4263	34.9074	596.7720	93.8889	640.3315	93.7269	647.0635	94.4444	652.9145	95.0926	
09/08/2017	02:54:52	011992	G488014600HLR	L488	S		621.5373	1.0292	10.0000	100.1671	39.9226	0.8430	0.8275	5.0000	18.6994	713.0530	95.0231	17.0892	23.7000	0.9300	0.9334	0.6679	-0.0008	713.0000	718.2561	1.0275	-3.0196	100.1196	39.8517	0.8230	0.8256	5.0000	-9999.0000	-9999.0000	-9999.0000	-9999.0000	-9999.0000	-9999.0000	22.2570	4	0	26.0394	1.0000	08	1	-9999.0000	14634	25810	-9999	1764	4752	-9999	466.6527	5	0.6538	0.6679	-0.0008	63.2812	1.9816	650.8390	547.6331	37.0370	604.8446	93.5648	649.7152	93.3796	657.0786	94.2824	662.6045	95.1157	
09/08/2017	02:55:17	011992	G488014542HLR	L488	S		613.5890	1.0292	10.0000	100.1472	39.8090	0.8430	0.8270	5.0000	18.8722	713.0273	95.0000	17.3597	23.7000	0.9300	0.9335	0.6679	-0.0008	713.0000	713.7987	1.0275	-3.0786	100.0361	40.0407	0.8230	0.8259	5.0000	-9999.0000	-9999.0000	-9999.0000	-9999.0000	-9999.0000	-9999.0000	19.9855	5	0	25.1491	1.0000	08	1	-9999.0000	14635	25810	-9999	1765	4752	-9999	466.6846	5	0.6538	0.6679	-0.0008	63.2812	1.9816	643.5924	525.4648	36.2500	596.2760	93.9815	642.5553	93.7500	649.2802	94.4213	656.1010	95.0231	
09/08/2017	02:55:47	011992	G488015010HLR	L488	S		611.3965	1.0292	10.0000	100.1070	39.7701	0.8430	0.8271	5.0000	19.4699	713.0728	94.9074	20.1194	23.7000	0.9300	0.9335	0.6706	-0.0009	713.0000	712.8971	1.0275	-3.0905	100.1416	39.8491	0.8230	0.8252	5.0000	-9999.0000	-9999.0000	-9999.0000	-9999.0000	-9999.0000	-9999.0000	20.2489	6	0	30.5681	1.0000	08	1	-9999.0000	14636	25811	-9999	1765	4753	-9999	465.3211	5	0.6542	0.6706	-0.0009	62.5073	1.9769	635.5173	536.6441	36.2500	588.6135	94.7454	634.1545	94.6528	641.4045	94.8148	646.6250	95.0926	
09/08/2017	02:56:14	011992	G488015013HLR	L488	S		605.9883	1.0292	9.8951	100.1232	39.8838	0.8430	0.8273	5.0000	18.9789	713.0640	94.9074	20.4992	23.7000	0.9300	0.9335	0.6661	-0.0007	713.0000	712.9949	1.0275	-3.0892	100.2102	39.8440	0.8230	0.8259	5.0000	-9999.0000	-9999.0000	-9999.0000	-9999.0000	-9999.0000	-9999.0000	19.5811	7	0	27.0793	1.0000	08	1	-9999.0000	14637	25812	-9999	1766	4754	-9999	464.9491	5	0.6544	0.6661	-0.0007	69.9840	1.5516	632.6641	527.6880	35.6713	581.6001	94.1898	631.4134	93.8194	638.5285	94.4444	645.3177	95.0926	
09/08/2017	02:56:44	011992	G488014479HLR	L488	S		621.6623	1.0292	10.0000	100.1247	39.8379	0.8430	0.8270	5.0000	18.7689	713.1417	95.0000	15.1401	23.7000	0.9300	0.9335	0.6661	-0.0007	713.0000	716.9382	1.0275	-3.0370	100.1790	40.0760	0.8230	0.8265	5.0000	-9999.0000	-9999.0000	-9999.0000	-9999.0000	-9999.0000	-9999.0000	19.4587	8	0	29.3385	1.0000	08	1	-9999.0000	14638	25812	-9999	1767	4755	-9999	468.0060	5	0.6544	0.6661	-0.0007	69.9840	1.5516	656.2685	529.5973	36.7593	607.8339	94.3750	655.2809	94.3056	663.1225	94.6759	667.6988	95.0694	
09/08/2017	02:57:17	011992	G488014444HLR	L488	S		615.1649	1.0292	10.0000	100.1419	39.7865	0.8430	0.8272	5.0000	18.8788	713.0645	94.9769	14.3100	23.7000	0.9300	0.9335	0.6663	-0.0007	713.0000	711.0132	1.0275	-3.1154	100.0890	39.9820	0.8230	0.8256	5.0000	-9999.0000	-9999.0000	-9999.0000	-9999.0000	-9999.0000	-9999.0000	19.5931	1	0	33.0999	1.0000	08	1	-9999.0000	14639	25813	-9999	1768	4755	-9999	468.3603	5	0.6541	0.6663	-0.0007	78.8381	1.0968	651.0726	541.5401	36.1806	600.2177	94.9074	649.8161	94.7222	659.2750	94.8380	665.2212	95.0000	
09/08/2017	02:57:42	011992	G488014618HLR	L488	S		607.0109	1.0292	9.9836	100.1418	39.8501	0.8430	0.8274	5.0000	18.7698	713.0981	94.9537	19.7395	23.7000	0.9300	0.9336	0.6666	-0.0007	713.0000	714.5298	1.0275	-3.0689	100.1482	39.7948	0.8230	0.8256	5.0000	-9999.0000	-9999.0000	-9999.0000	-9999.0000	-9999.0000	-9999.0000	19.5389	2	0	24.9285	1.0000	08	1	-9999.0000	14640	25814	-9999	1769	4756	-9999	465.7085	5	0.6536	0.6666	-0.0007	76.4133	1.2440	642.2994	555.1125	36.5972	587.6544	95.4398	641.0827	95.2083	647.8070	95.0926	651.8447	95.0000	
09/08/2017	02:58:07	011992	G488014442HLR	L488	S		611.7294	1.0292	10.0000	100.1186	39.8637	0.8430	0.8272	5.0000	18.7395	713.0668	95.0000	16.2396	23.7000	0.9300	0.9336	0.6666	-0.0007	713.0000	716.6027	1.0275	-3.0414	100.0259	40.0635	0.8230	0.8266	5.0000	-9999.0000	-9999.0000	-9999.0000	-9999.0000	-9999.0000	-9999.0000	19.6701	3	0	25.0387	1.0000	08	1	-9999.0000	14641	25815	-9999	1769	4757	-9999	467.3032	5	0.6536	0.6666	-0.0007	76.4133	1.2440	651.8900	552.6450	34.8611	594.0320	94.8611	650.2253	94.9074	658.4931	94.9537	663.6668	94.9769	
09/08/2017	02:58:33	011992	G488014603HLR	L488	S		621.3625	1.0292	10.0000	100.1577	39.8024	0.8430	0.8271	5.0000	18.8295	713.0737	95.0000	18.5091	23.6000	0.9300	0.9336	0.6728	-0.0010	713.0000	715.5972	1.0275	-3.0548	100.0604	40.0147	0.8230	0.8257	5.0000	-9999.0000	-9999.0000	-9999.0000	-9999.0000	-9999.0000	-9999.0000	19.7292	4	0	25.9540	1.0000	08	1	-9999.0000	14642	25816	-9999	1770	4758	-9999	466.0592	5	0.6541	0.6728	-0.0010	73.6529	1.4355	651.5779	538.3931	34.7454	600.6184	94.9769	650.6709	94.8611	656.1451	94.9074	659.6810	95.0463	
09/08/2017	02:58:59	011992	G488012555HLR	L488	S		609.3177	1.0292	10.0000	100.1248	39.7884	0.8430	0.8272	5.0000	18.9810	713.0725	94.9769	22.2296	23.7000	0.9300	0.9336	0.6696	-0.0009	713.0000	714.0610	1.0275	-3.0751	100.1052	39.6982	0.8230	0.8245	5.0000	-9999.0000	-9999.0000	-9999.0000	-9999.0000	-9999.0000	-9999.0000	22.4500	5	0	26.0039	1.0000	08	1	-9999.0000	14643	25817	-9999	1771	4759	-9999	464.0054	5	0.6541	0.6696	-0.0009	65.5266	1.9415	630.1606	524.6088	34.2824	577.5839	95.2315	629.1342	95.3009	634.5233	95.0926	639.2651	95.0000	
09/08/2017	02:59:28	011992	G488012500HLR	L488	S		614.9894	1.0292	10.0000	100.1610	39.8685	0.8430	0.8273	5.0000	18.6822	713.0592	94.9537	12.3296	23.6000	0.9300	0.9335	0.6696	-0.0009	713.0000	716.1546	1.0275	-3.0474	100.0859	39.8271	0.8230	0.8255	5.0000	-9999.0000	-9999.0000	-9999.0000	-9999.0000	-9999.0000	-9999.0000	21.5690	6	0	29.1895	1.0000	08	1	-9999.0000	14644	25817	-9999	1772	4760	-9999	469.8897	5	0.6541	0.6696	-0.0009	65.5266	1.9415	661.0569	516.8997	35.9722	610.0063	95.0694	659.8954	95.1852	668.2448	95.0000	672.5653	95.0000	
09/08/2017	02:59:57	011992	G488012581HLR	L488	S		616.4479	1.0292	10.0000	100.1416	39.8116	0.8430	0.8271	5.0000	18.8716	713.0922	94.9769	13.3101	23.7000	0.9300	0.9336	0.6633	-0.0006	713.0000	716.2583	1.0275	-3.0460	100.1758	40.1511	0.8230	0.8268	5.0000	-9999.0000	-9999.0000	-9999.0000	-9999.0000	-9999.0000	-9999.0000	19.0799	7	0	29.0585	1.0000	08	1	-9999.0000	14644	25818	-9999	1773	4761	-9999	467.8090	5	0.6535	0.6633	-0.0006	69.0611	1.7718	661.0904	533.0383	35.2546	610.8336	93.1019	660.0035	92.9630	666.2183	94.1667	673.8277	95.1389	
09/08/2017	03:00:24	011992	G488012493HLR	L488	S		615.8740	1.0292	10.0000	100.1410	39.7461	0.8430	0.8272	5.0000	18.8294	713.0772	95.0694	10.2496	23.7000	0.9300	0.9335	0.6528	-0.0000	713.0000	709.2372	1.0275	-3.1390	100.0116	40.0108	0.8230	0.8256	5.0000	-9999.0000	-9999.0000	-9999.0000	-9999.0000	-9999.0000	-9999.0000	19.3062	8	0	27.5284	1.0000	08	1	-9999.0000	14645	25819	-9999	1774	4762	-9999	465.3679	5	0.6530	0.6528	-0.0000	74.0081	1.4859	678.0938	558.6487	34.9306	627.9131	94.7917	677.0427	94.8380	683.9038	94.9306	688.9638	95.0926	
09/08/2017	03:00:52	011992	G488014451HLR	L488	S		610.5598	1.0292	10.0000	100.0871	39.8645	0.8430	0.8274	5.0000	18.7190	713.0603	94.9769	15.2494	23.7000	0.9300	0.9337	0.6560	-0.0002	713.0000	711.6594	1.0275	-3.1069	100.1429	39.7643	0.8230	0.8255	5.0000	-9999.0000	-9999.0000	-9999.0000	-9999.0000	-9999.0000	-9999.0000	19.4091	1	0	27.8887	1.0000	08	1	-9999.0000	14646	25820	-9999	1775	4762	-9999	465.3846	5	0.6525	0.6560	-0.0002	76.2283	1.3509	659.2236	560.8445	35.0694	607.4595	95.0463	658.0803	95.1620	666.0796	95.1157	669.6058	95.0926	
09/08/2017	03:01:20	011992	G488016529HLR	L488	S		613.0950	1.0292	10.0000	100.1019	39.8918	0.8430	0.8271	5.0000	18.8693	713.0452	95.0000	18.2991	23.6000	0.9300	0.9336	0.6590	-0.0004	713.0000	711.0795	1.0275	-3.1146	99.9350	39.9980	0.8230	0.8267	5.0000	-9999.0000	-9999.0000	-9999.0000	-9999.0000	-9999.0000	-9999.0000	19.3085	2	0	27.6786	1.0000	08	2	-9999.0000	14647	25821	-9999	1776	4763	-9999	465.3470	5	0.6530	0.6590	-0.0004	88.7993	0.7273	644.8255	541.5845	35.3472	597.9845	94.7454	644.0677	94.7685	651.3612	94.8611	656.3318	95.0694	
09/08/2017	03:01:49	011992	G488016528HLR	L488	S		608.1939	1.0292	10.0000	100.1649	39.7505	0.8430	0.8270	5.0000	18.7181	713.1237	95.0000	18.2191	23.7000	0.9300	0.9336	0.6606	-0.0005	713.0000	713.8362	1.0275	-3.0781	100.1229	40.1399	0.8230	0.8263	5.0000	-9999.0000	-9999.0000	-9999.0000	-9999.0000	-9999.0000	-9999.0000	19.2448	3	0	29.1836	1.0000	08	2	-9999.0000	14648	25822	-9999	1777	4764	-9999	465.1352	5	0.6534	0.6606	-0.0005	85.5897	0.9202	649.8250	566.2446	35.7176	603.2833	95.0000	648.4715	94.9537	655.2375	94.9769	659.1545	95.0231	
09/08/2017	03:02:14	011992	G488016535HLR	L488	S		614.7353	1.0292	10.0000	100.1319	39.8000	0.8430	0.8273	5.0000	18.8299	713.1102	95.0000	16.4388	23.7000	0.9300	0.9336	0.6606	-0.0005	713.0000	710.7826	1.0275	-3.1185	100.0620	39.8699	0.8230	0.8255	5.0000	-9999.0000	-9999.0000	-9999.0000	-9999.0000	-9999.0000	-9999.0000	19.0988	4	0	24.9844	1.0000	08	2	-9999.0000	14649	25822	-9999	1778	4765	-9999	465.6134	5	0.6534	0.6606	-0.0005	85.5897	0.9202	651.7411	534.9985	36.9213	604.0622	94.6991	650.5863	94.6759	658.8982	94.8380	662.8540	95.0463	
09/08/2017	03:02:43	011992	G488016532HLR	L488	S		613.0668	1.0292	10.0000	100.1098	39.8790	0.8430	0.8272	5.0000	18.9059	713.0238	95.0000	16.9691	23.8000	0.9300	0.9336	0.6615	-0.0005	713.0000	711.3237	1.0275	-3.1113	100.0465	39.8506	0.8230	0.8261	5.0000	-9999.0000	-9999.0000	-9999.0000	-9999.0000	-9999.0000	-9999.0000	19.6364	5	0	28.7890	1.0000	08	2	-9999.0000	14650	25823	-9999	1779	4766	-9999	465.2431	5	0.6537	0.6615	-0.0005	89.2719	0.6770	651.0473	524.6719	35.1620	598.5446	95.1157	649.7974	95.2315	656.0658	95.0000	661.1245	94.9306	
09/08/2017	03:03:14	011992	G488016527HLR	L488	S		611.8333	1.0292	10.0000	100.1552	39.7786	0.8430	0.8270	5.0000	18.7288	713.0890	95.0000	16.7797	23.8000	0.9300	0.9336	0.6615	-0.0005	713.0000	713.2236	1.0275	-3.0862	100.0979	40.0715	0.8230	0.8265	5.0000	-9999.0000	-9999.0000	-9999.0000	-9999.0000	-9999.0000	-9999.0000	19.4117	6	0	30.7293	1.0000	08	2	-9999.0000	14651	25824	-9999	1780	4767	-9999	465.7143	5	0.6537	0.6615	-0.0005	89.2719	0.6770	652.0437	545.6532	35.6019	600.8725	94.9537	650.6439	94.9769	658.1953	94.9769	662.0999	95.0694	
09/08/2017	03:03:45	011992	G488014526HLR	L488	S		618.2543	1.0292	10.0000	100.1196	39.8000	0.8430	0.8272	5.0000	18.8807	713.0323	95.0231	18.2601	23.8000	0.9300	0.9336	0.6617	-0.0005	713.0000	713.0353	1.0275	-3.0887	100.0890	40.0109	0.8230	0.8257	5.0000	-9999.0000	-9999.0000	-9999.0000	-9999.0000	-9999.0000	-9999.0000	19.6081	7	0	30.7586	1.0000	08	2	-9999.0000	14652	25825	-9999	1781	4768	-9999	464.9118	5	0.6533	0.6617	-0.0005	91.4954	0.5289	649.9679	540.3325	36.0417	600.0591	95.3009	648.7613	95.3472	656.1720	95.0463	660.6185	95.0000	
09/08/2017	03:04:45	011992	G488014539HLR	L488	S		618.3645	1.0292	10.0000	100.1444	39.8060	0.8430	0.8271	5.0000	19.0492	713.1323	95.0000	17.8392	24.0000	0.9300	0.9339	0.6613	-0.0005	713.0000	711.7655	1.0275	-3.1055	100.0208	39.9914	0.8230	0.8262	5.0000	-9999.0000	-9999.0000	-9999.0000	-9999.0000	-9999.0000	-9999.0000	19.3702	1	0	30.2487	1.0000	08	2	-9999.0000	14654	25826	-9999	1783	4769	-9999	465.5651	5	0.6537	0.6613	-0.0005	89.5076	0.6542	646.8367	518.4243	36.0417	598.6187	95.2083	645.7000	95.3009	652.0714	95.1620	656.7509	94.9537	
09/08/2017	03:05:18	011992	G488016499HLR	L488	S		614.6054	1.0292	10.0000	100.0865	39.7974	0.8430	0.8272	5.0000	18.8102	713.0861	94.9074	19.8089	23.9000	0.9300	0.9337	0.6602	-0.0004	713.0000	711.1877	1.0275	-3.1131	99.9971	39.8397	0.8230	0.8259	5.0000	-9999.0000	-9999.0000	-9999.0000	-9999.0000	-9999.0000	-9999.0000	19.5176	2	0	33.6383	1.0000	08	2	-9999.0000	14655	25827	-9999	1784	4770	-9999	464.9465	5	0.6539	0.6602	-0.0004	95.0446	0.2511	651.8654	540.7752	35.2546	600.3462	96.2500	647.8808	96.3889	653.0390	94.9306	654.5294	94.6759	
09/08/2017	03:05:48	011992	G488016539HLR	L488	S		612.2545	1.0292	10.0000	100.1362	39.8743	0.8430	0.8273	5.0000	18.9094	713.0823	94.9537	19.8294	24.0000	0.9300	0.9336	0.6602	-0.0004	713.0000	711.9845	1.0275	-3.1026	99.9777	40.0551	0.8230	0.8268	5.0000	-9999.0000	-9999.0000	-9999.0000	-9999.0000	-9999.0000	-9999.0000	19.1394	3	0	29.3791	1.0000	08	2	-9999.0000	14656	25828	-9999	1785	4771	-9999	465.1315	5	0.6539	0.6602	-0.0004	95.0446	0.2511	646.4993	526.4563	34.9074	596.1479	94.6991	645.6237	94.6759	652.7605	94.8380	656.5658	94.9769	
09/08/2017	03:06:17	011992	G488014521HLR	L488	S		608.9794	1.0292	10.0000	100.1392	39.8226	0.8430	0.8271	5.0000	18.7934	713.0462	94.9769	19.2297	24.0000	0.9300	0.9336	0.6587	-0.0003	713.0000	714.0561	1.0275	-3.0752	100.0961	39.9657	0.8230	0.8254	5.0000	-9999.0000	-9999.0000	-9999.0000	-9999.0000	-9999.0000	-9999.0000	20.2488	4	0	28.8286	1.0000	08	2	-9999.0000	14657	25829	-9999	1786	4771	-9999	465.2919	5	0.6537	0.6587	-0.0003	92.8520	0.3282	647.5106	556.1511	35.3472	599.1119	93.5185	646.8921	93.0787	653.3220	94.1898	659.9429	95.0926	
09/08/2017	03:06:47	011992	G488014515HLR	L488	S		610.5363	1.0292	10.0000	100.1879	39.8000	0.8430	0.8273	5.0000	18.8293	713.0691	95.0000	19.3391	23.9000	0.9300	0.9335	0.6593	-0.0003	713.0000	711.6602	1.0275	-3.1069	100.0902	39.7625	0.8230	0.8255	5.0000	-9999.0000	-9999.0000	-9999.0000	-9999.0000	-9999.0000	-9999.0000	19.4299	5	0	30.7494	1.0000	08	2	-9999.0000	14658	25830	-9999	1787	4772	-9999	465.5302	5	0.6538	0.6593	-0.0003	92.3431	0.3216	643.3989	554.4473	35.8102	599.2455	93.2639	642.5763	92.9398	649.8326	94.1204	655.6206	95.1157	
09/08/2017	03:07:22	011992	G488014524HLR	L488	S		606.4959	1.0292	9.9390	100.1404	39.8732	0.8430	0.8273	5.0000	18.7168	713.0487	95.0000	22.7589	23.8000	0.9300	0.9335	0.6567	-0.0002	713.0000	716.3748	1.0275	-3.0445	99.9742	40.0257	0.8230	0.8266	5.0000	-9999.0000	-9999.0000	-9999.0000	-9999.0000	-9999.0000	-9999.0000	19.7735	6	0	34.8878	1.0000	08	2	-9999.0000	14659	25831	-9999	1788	4773	-9999	464.8934	5	0.6535	0.6567	-0.0002	105.5480	-0.4040	639.5153	527.0080	35.6944	591.4786	93.0556	638.9831	92.5926	644.7625	94.1204	651.7584	95.2083	
09/08/2017	03:07:51	011992	G488014525HLR	L488	S		620.8637	1.0292	10.0000	100.1039	39.8110	0.8430	0.8270	5.0000	19.6095	713.0961	95.0231	18.4095	23.8000	0.9300	0.9334	0.6597	-0.0004	713.0000	715.4713	1.0275	-3.0564	100.0400	40.0565	0.8230	0.8257	5.0000	-9999.0000	-9999.0000	-9999.0000	-9999.0000	-9999.0000	-9999.0000	19.8406	7	0	28.4990	1.0000	08	2	-9999.0000	14660	25831	-9999	1788	4774	-9999	466.0645	5	0.6533	0.6597	-0.0004	88.5227	0.5657	653.0880	546.4655	34.9537	603.6093	93.6343	652.1473	93.3102	659.1415	94.3056	664.4883	95.0694	
09/08/2017	03:08:19	011992	G488014579HLR	L488	S		617.2251	1.0292	10.0000	100.1296	39.8303	0.8430	0.8273	5.0000	18.7990	713.0997	95.0231	17.9290	23.8000	0.9300	0.9335	0.6580	-0.0003	713.0000	714.3002	1.0275	-3.0719	100.0083	39.7803	0.8230	0.8257	5.0000	-9999.0000	-9999.0000	-9999.0000	-9999.0000	-9999.0000	-9999.0000	19.0877	8	0	28.6492	1.0000	08	2	-9999.0000	14661	25832	-9999	1789	4775	-9999	466.0182	5	0.6532	0.6580	-0.0003	86.2334	0.7083	650.3155	542.8209	34.0278	601.8793	94.0509	649.5136	93.8194	655.7667	94.4676	661.7586	95.0694	
09/08/2017	03:08:49	011992	G488014522HLR	L488	S		612.2894	1.0292	10.0000	100.0588	39.8330	0.8430	0.8272	5.0000	18.6161	713.0688	94.9306	19.9289	23.7000	0.9300	0.9335	0.6655	-0.0007	713.0000	712.8107	1.0275	-3.0917	99.9871	39.9687	0.8230	0.8267	5.0000	-9999.0000	-9999.0000	-9999.0000	-9999.0000	-9999.0000	-9999.0000	19.2502	1	0	29.2988	1.0000	08	2	-9999.0000	14662	25833	-9999	1790	4776	-9999	465.5637	5	0.6530	0.6655	-0.0007	67.3049	1.7249	649.6960	548.9277	34.7685	600.2304	95.0000	648.5756	94.9074	652.9816	94.9769	656.3367	95.0926	
09/08/2017	03:09:19	011992	G488014520HLR	L488	S		602.5112	1.0292	9.5940	100.1144	39.8108	0.8430	0.8272	5.0000	18.9702	713.0504	94.9537	23.9991	23.7000	0.9300	0.9335	0.6635	-0.0006	713.0000	714.8783	1.0275	-3.0643	100.1300	40.0806	0.8230	0.8259	5.0000	-9999.0000	-9999.0000	-9999.0000	-9999.0000	-9999.0000	-9999.0000	19.9987	2	0	30.2987	1.0000	08	2	-9999.0000	14663	25834	-9999	1791	4776	-9999	463.1601	5	0.6527	0.6635	-0.0006	64.1114	1.8656	637.2743	541.4498	37.1296	587.9257	95.5556	636.1458	95.6944	641.9856	95.1389	644.1483	94.7917	
09/08/2017	03:09:44	011992	G488014537HLR	L488	S		616.8189	1.0292	10.0000	100.1404	39.8251	0.8430	0.8272	5.0000	18.8490	713.0696	95.0000	17.5589	23.7000	0.9300	0.9335	0.6619	-0.0005	713.0000	712.0673	1.0275	-3.1015	100.1362	39.8479	0.8230	0.8255	5.0000	-9999.0000	-9999.0000	-9999.0000	-9999.0000	-9999.0000	-9999.0000	19.2216	3	0	24.9595	1.0000	08	2	-9999.0000	14664	25835	-9999	1792	4777	-9999	465.9670	5	0.6525	0.6619	-0.0005	54.4509	2.3446	646.6168	549.5900	35.8796	600.1568	94.2593	645.3531	94.2593	652.9283	94.6065	657.7978	94.9769	
09/08/2017	03:10:09	011992	G488014530HLR	L488	S		608.9301	1.0292	10.0000	100.1097	39.8181	0.8430	0.8272	5.0000	18.7991	713.0564	95.0231	17.7298	23.7000	0.9300	0.9336	0.6617	-0.0005	713.0000	713.6673	1.0275	-3.0803	99.9476	39.8637	0.8230	0.8261	5.0000	-9999.0000	-9999.0000	-9999.0000	-9999.0000	-9999.0000	-9999.0000	19.8447	4	0	25.1888	1.0000	08	2	-9999.0000	14665	25836	-9999	1793	4778	-9999	465.7584	5	0.6525	0.6617	-0.0005	32.9503	3.3816	648.4011	527.3805	35.0000	599.6452	94.6759	647.4867	94.6991	654.6685	94.8380	659.1061	95.0694	
09/08/2017	03:10:39	011992	G488014507HLR	L488	S		609.7312	1.0292	10.0000	100.1344	39.7970	0.8430	0.8273	5.0000	18.7797	713.0667	94.9769	18.3694	23.7000	0.9300	0.9336	0.6693	-0.0009	713.0000	710.8702	1.0275	-3.1173	100.1438	39.9621	0.8230	0.8255	5.0000	-9999.0000	-9999.0000	-9999.0000	-9999.0000	-9999.0000	-9999.0000	21.4618	5	0	29.3297	1.0000	08	2	-9999.0000	14666	25836	-9999	1793	4779	-9999	465.6767	5	0.6521	0.6693	-0.0009	42.1757	2.9361	646.6531	539.9052	35.0694	597.3370	95.6250	645.3685	95.8102	652.6426	95.1157	655.2062	94.8843	
09/08/2017	03:11:09	011992	G488014518HLR	L488	S		616.8003	1.0292	10.0000	100.1076	39.8393	0.8430	0.8273	5.0000	18.8791	713.0752	94.9769	19.4397	23.7000	0.9300	0.9336	0.6694	-0.0009	713.0000	715.4828	1.0275	-3.0563	100.0496	39.9040	0.8230	0.8254	5.0000	-9999.0000	-9999.0000	-9999.0000	-9999.0000	-9999.0000	-9999.0000	19.7842	6	0	30.3382	1.0000	08	2	-9999.0000	14667	25837	-9999	1793	4780	-9999	465.3085	5	0.6521	0.6694	-0.0009	46.3391	2.7482	642.3854	526.2131	34.6528	589.3503	94.3519	641.5241	94.3287	648.2337	94.6759	653.9407	94.9537	
09/08/2017	03:11:40	011992	G488014510HLR	L488	S		-0.3879	1.0292	-0.0095	100.0799	39.5996	0.8430	0.8268	5.0000	18.7795	0.0000	0.0000	0.0000	0.0000	0.9300	0.0000	0.0000	0.0000	0.0000	-0.1783	1.0275	0.0000	99.7779	39.2559	0.8230	0.8254	5.0000	-9999.0000	-9999.0000	-9999.0000	-9999.0000	-9999.0000	-9999.0000	18.4193	7	18	30.9088	1.0000	08	2	-9999.0000	14668	0	-9999	1794	4781	-9999	0.0000	0	0.0000	0.0000	0.0000	0.0000	0.0000	0.0000	0.0000	0.0000	0.0000	0.0000	0.0000	0.0000	0.0000	0.0000	0.0000	0.0000	
09/08/2017	03:12:37	011992	G488014512HLR	L488	S		611.5044	1.0292	10.0000	100.1310	39.9030	0.8430	0.8275	5.0000	18.6521	713.0598	95.0000	18.4593	23.8000	0.9300	0.9338	0.6690	-0.0009	713.0000	714.6231	1.0275	-3.0677	100.0317	40.2395	0.8230	0.8259	5.0000	-9999.0000	-9999.0000	-9999.0000	-9999.0000	-9999.0000	-9999.0000	19.5199	1	0	27.9395	1.0000	08	2	-9999.0000	14670	25838	-9999	1795	4782	-9999	465.7157	5	0.6521	0.6690	-0.0009	48.4475	2.6666	646.8287	519.1631	34.6065	594.9072	95.1157	645.8830	95.3009	652.8464	95.1389	656.8075	94.9306	
09/08/2017	03:13:10	011992	G488014511HLR	L488	S		612.0630	1.0292	10.0000	100.1343	39.8498	0.8430	0.8271	5.0000	18.6626	713.0420	94.9537	19.5491	23.7000	0.9300	0.9336	0.6690	-0.0009	713.0000	712.6704	1.0275	-3.0935	100.0951	39.6345	0.8230	0.8246	5.0000	-9999.0000	-9999.0000	-9999.0000	-9999.0000	-9999.0000	-9999.0000	20.8983	2	0	32.1098	1.0000	08	2	-9999.0000	14671	25839	-9999	1796	4783	-9999	464.9544	5	0.6521	0.6690	-0.0009	48.4475	2.6666	642.5915	522.4316	36.6667	592.9220	95.6019	641.4524	95.4861	647.9641	95.1620	651.0724	94.9537	
09/08/2017	03:13:34	011992	G488014519HLR	L488	S		609.2498	1.0292	10.0000	100.0556	39.7206	0.8430	0.8269	5.0000	19.8787	713.1155	94.9306	19.9797	23.7000	0.9300	0.9336	0.6690	-0.0009	713.0000	712.3099	1.0275	-3.0983	99.9580	39.8850	0.8230	0.8266	5.0000	-9999.0000	-9999.0000	-9999.0000	-9999.0000	-9999.0000	-9999.0000	19.8019	3	0	24.8873	1.0000	08	2	-9999.0000	14672	25840	-9999	1796	4784	-9999	464.7735	5	0.6521	0.6690	-0.0009	48.4475	2.6666	637.3426	513.8125	34.3981	587.6432	95.1852	636.0279	95.1157	643.3914	95.0000	647.8778	94.9537	
09/08/2017	03:14:05	011992	G488014497HLR	L488	S		617.8962	1.0292	10.0000	100.1119	39.8234	0.8430	0.8273	5.0000	19.5274	713.0861	95.0000	18.8089	23.7000	0.9300	0.9336	0.6673	-0.0008	713.0000	713.9698	1.0275	-3.0763	100.0422	40.2297	0.8230	0.8265	5.0000	-9999.0000	-9999.0000	-9999.0000	-9999.0000	-9999.0000	-9999.0000	19.3890	4	0	30.3430	1.0000	08	2	-9999.0000	14673	25841	-9999	1796	4785	-9999	465.4675	5	0.6518	0.6673	-0.0008	56.8092	2.2941	640.2425	496.7005	34.1435	586.6851	94.5833	639.2807	94.1435	647.2163	94.6296	652.4451	95.0926	
09/08/2017	03:14:30	011992	G488014500HLR	L488	S		613.2326	1.0292	10.0000	100.1273	39.8584	0.8430	0.8271	5.0000	18.9892	713.0746	95.0231	17.0189	23.7000	0.9300	0.9336	0.6673	-0.0008	713.0000	709.6302	1.0275	-3.1338	100.1318	39.6948	0.8230	0.8240	5.0000	-9999.0000	-9999.0000	-9999.0000	-9999.0000	-9999.0000	-9999.0000	22.6080	5	0	24.9151	1.0000	08	2	-9999.0000	14674	25842	-9999	1797	4786	-9999	466.1232	5	0.6518	0.6673	-0.0008	56.8092	2.2941	645.4675	518.9975	34.6065	590.8103	95.5556	644.5271	95.2315	651.1323	95.1157	655.7934	95.0000	
09/08/2017	03:15:01	011992	G488014498HLR	L488	S		610.9223	1.0292	10.0000	100.1153	39.7387	0.8430	0.8271	5.0000	18.9690	713.0733	94.9074	21.2101	23.7000	0.9300	0.9336	0.6682	-0.0008	713.0000	713.8611	1.0275	-3.0777	99.9402	39.7858	0.8230	0.8261	5.0000	-9999.0000	-9999.0000	-9999.0000	-9999.0000	-9999.0000	-9999.0000	19.3592	6	0	31.2985	1.0000	08	2	-9999.0000	14675	25843	-9999	1798	4787	-9999	463.8010	5	0.6523	0.6682	-0.0008	62.3051	2.0277	635.9966	518.5351	34.1435	586.4693	94.9537	635.0668	94.5139	641.3533	94.7685	645.9015	95.0694	
09/08/2017	03:15:29	011992	G488014506HLR	L488	S		-0.3535	1.0292	-0.0087	100.0326	39.5593	0.8430	0.8269	5.0000	18.6027	0.0000	0.0000	0.0000	0.0000	0.9300	0.0000	0.0000	0.0000	0.0000	-0.2651	1.0275	0.0000	99.8742	39.2633	0.8230	0.8258	5.0000	-9999.0000	-9999.0000	-9999.0000	-9999.0000	-9999.0000	-9999.0000	18.3181	7	18	27.9196	1.0000	08	2	-9999.0000	14676	0	-9999	1799	4788	-9999	0.0000	0	0.0000	0.0000	0.0000	0.0000	0.0000	0.0000	0.0000	0.0000	0.0000	0.0000	0.0000	0.0000	0.0000	0.0000	0.0000	0.0000	
09/08/2017	03:15:59	011992	G488014514HLR	L488	S		611.3398	1.0292	10.0000	100.1509	39.8244	0.8430	0.8277	5.0000	18.7592	713.0723	94.9537	19.4290	23.9000	0.9300	0.9338	0.6689	-0.0009	713.0000	713.6591	1.0275	-3.0804	99.9973	40.4014	0.8230	0.8281	5.0000	-9999.0000	-9999.0000	-9999.0000	-9999.0000	-9999.0000	-9999.0000	19.2282	8	0	30.1885	1.0000	08	2	-9999.0000	14677	25844	-9999	1800	4789	-9999	465.0838	5	0.6522	0.6689	-0.0009	62.1705	2.0212	639.7595	483.2941	34.3287	584.8260	95.2315	638.4929	95.1389	645.7983	95.0926	651.2606	95.0463	
09/08/2017	03:16:26	011992	G488014509HLR	L488	S		-0.5008	1.0292	-0.0123	99.9480	39.5996	0.8430	0.8269	5.0000	18.4993	0.0000	0.0000	0.0000	0.0000	0.9300	0.0000	0.0000	0.0000	0.0000	-0.4686	1.0275	0.0000	99.7884	39.4800	0.8230	0.8261	5.0000	-9999.0000	-9999.0000	-9999.0000	-9999.0000	-9999.0000	-9999.0000	18.5600	1	18	26.8601	1.0000	08	2	-9999.0000	14678	0	-9999	1801	4790	-9999	0.0000	0	0.0000	0.0000	0.0000	0.0000	0.0000	0.0000	0.0000	0.0000	0.0000	0.0000	0.0000	0.0000	0.0000	0.0000	0.0000	0.0000	
09/08/2017	03:16:56	011992	G488016248HLR	L488	S		611.0728	1.0292	10.0000	99.9854	39.7758	0.8430	0.8271	5.0000	20.9021	713.0792	94.9306	20.3889	23.9000	0.9300	0.9338	0.6775	-0.0013	713.0000	713.7442	1.0275	-3.0793	99.9930	39.9976	0.8230	0.8264	5.0000	-9999.0000	-9999.0000	-9999.0000	-9999.0000	-9999.0000	-9999.0000	19.4147	2	0	30.3682	1.0000	08	2	-9999.0000	14679	25845	-9999	1801	4791	-9999	464.0190	5	0.6527	0.6775	-0.0013	76.1409	1.2695	633.5516	509.0916	35.5556	584.7381	94.9074	632.4803	93.9352	638.5999	94.7222	644.8252	95.1620	
09/08/2017	03:17:26	011992	G488014494HLR	L488	S		619.4207	1.0292	10.0000	100.0562	39.8188	0.8430	0.8271	5.0000	19.8791	713.0563	95.0000	17.0697	23.9000	0.9300	0.9337	0.6776	-0.0013	713.0000	714.3428	1.0275	-3.0714	100.0883	39.9096	0.8230	0.8257	5.0000	-9999.0000	-9999.0000	-9999.0000	-9999.0000	-9999.0000	-9999.0000	19.4293	3	0	30.0086	1.0000	08	2	-9999.0000	14680	25846	-9999	1802	4792	-9999	467.1167	5	0.6525	0.6776	-0.0013	85.0169	0.8375	647.6218	537.1514	37.7546	598.3236	96.1806	643.6067	96.0880	650.6210	95.3009	652.9704	94.8843	
09/08/2017	03:17:57	011992	G488016245HLR	L488	S		612.9604	1.0292	10.0000	100.1709	39.8677	0.8430	0.8272	5.0000	18.7786	713.0553	94.9769	19.3694	23.9000	0.9300	0.9336	0.6776	-0.0013	713.0000	712.6130	1.0275	-3.0943	99.9760	39.9084	0.8230	0.8261	5.0000	-9999.0000	-9999.0000	-9999.0000	-9999.0000	-9999.0000	-9999.0000	19.3811	4	0	30.2791	1.0000	08	2	-9999.0000	14681	25847	-9999	1803	4793	-9999	464.9305	5	0.6525	0.6776	-0.0013	85.0169	0.8375	633.3058	543.3340	38.2870	589.1999	94.7917	632.5992	94.5602	639.0391	94.7454	644.8149	95.0000	
09/08/2017	03:22:38	011992	G488016244HLR	L488	S		623.4177	1.0292	10.0000	100.1226	39.7427	0.8430	0.8270	5.0000	18.8595	713.0612	94.9537	15.9496	23.9000	0.9300	0.9336	0.6776	-0.0013	713.0000	713.1084	1.0275	-3.0877	100.0675	40.0369	0.8230	0.8263	5.0000	-9999.0000	-9999.0000	-9999.0000	-9999.0000	-9999.0000	-9999.0000	19.2589	5	0	281.2689	1.0000	08	2	-9999.0000	14682	25848	-9999	1804	4794	-9999	468.1888	5	0.6525	0.6776	-0.0013	85.0169	0.8375	643.6798	532.7298	35.1852	595.6384	94.0509	642.5193	93.7037	649.4165	94.4444	655.7205	95.0231	
09/08/2017	03:23:08	011992	G488016246HLR	L488	S		609.2182	1.0292	10.0000	100.1237	39.8212	0.8430	0.8273	5.0000	19.7394	713.0781	94.9769	19.4895	24.0000	0.9300	0.9336	0.6713	-0.0010	713.0000	713.4118	1.0275	-3.0837	100.2174	39.9277	0.8230	0.8259	5.0000	-9999.0000	-9999.0000	-9999.0000	-9999.0000	-9999.0000	-9999.0000	19.3788	6	0	30.4096	1.0000	08	2	-9999.0000	14683	25849	-9999	1805	4795	-9999	464.9037	5	0.6521	0.6713	-0.0010	63.8802	1.8876	631.8993	537.7876	37.5231	582.2186	95.4630	630.7838	94.9769	638.1063	94.9769	642.3909	95.0463	
09/08/2017	03:23:34	011992	G488016243HLR	L488	S		611.6083	1.0292	10.0000	100.1427	39.8657	0.8430	0.8272	5.0000	18.8493	713.0702	95.0000	19.0999	23.9000	0.9300	0.9335	0.6728	-0.0011	713.0000	712.1686	1.0275	-3.1002	99.9490	39.9505	0.8230	0.8251	5.0000	-9999.0000	-9999.0000	-9999.0000	-9999.0000	-9999.0000	-9999.0000	19.4862	7	0	25.8382	1.0000	08	2	-9999.0000	14684	25850	-9999	1806	4796	-9999	464.9201	5	0.6523	0.6728	-0.0011	63.5481	1.9102	638.3547	535.8147	34.7685	587.1207	94.1898	637.1761	93.6574	644.7837	94.3981	650.7045	95.0926	
09/08/2017	03:24:06	011992	G488016241HLR	L488	S		608.0680	1.0292	10.0000	100.1106	39.8106	0.8430	0.8272	5.0000	18.6694	713.0580	94.9537	19.3597	23.8000	0.9300	0.9335	0.6771	-0.0013	713.0000	711.7656	1.0275	-3.1055	99.9352	39.3457	0.8230	0.8250	5.0000	-9999.0000	-9999.0000	-9999.0000	-9999.0000	-9999.0000	-9999.0000	21.0086	8	0	31.5996	1.0000	08	2	-9999.0000	14685	25851	-9999	1807	4797	-9999	464.9450	5	0.6528	0.6771	-0.0013	52.1706	2.4718	633.7463	519.3181	35.5324	582.0397	94.2130	632.8161	93.7269	639.9171	94.4907	646.4882	95.1389	
09/08/2017	03:24:37	011992	G488016242HLR	L488	S		620.7711	1.0292	10.0000	100.1699	39.8144	0.8430	0.8273	5.0000	18.7190	713.0712	95.0000	16.5394	23.8000	0.9300	0.9334	0.6771	-0.0013	713.0000	712.7772	1.0275	-3.0921	100.1315	40.0212	0.8230	0.8271	5.0000	-9999.0000	-9999.0000	-9999.0000	-9999.0000	-9999.0000	-9999.0000	22.0958	1	0	31.0193	1.0000	08	2	-9999.0000	14686	25852	-9999	1808	4798	-9999	467.6815	5	0.6528	0.6771	-0.0013	52.1706	2.4718	641.9002	530.6790	35.0926	593.4044	94.5370	640.5315	94.1898	648.8190	94.6528	654.4732	95.0231	
09/08/2017	03:25:07	011992	G488016236HLR	L488	S		616.6929	1.0292	10.0000	100.1929	39.8719	0.8430	0.8273	5.0000	18.8883	713.0720	94.9537	19.5589	23.8000	0.9300	0.9335	0.6778	-0.0013	713.0000	717.6463	1.0275	-3.0276	100.0679	40.2086	0.8230	0.8257	5.0000	-9999.0000	-9999.0000	-9999.0000	-9999.0000	-9999.0000	-9999.0000	19.8689	2	0	30.1279	1.0000	08	2	-9999.0000	14687	25853	-9999	1809	4799	-9999	464.7856	5	0.6527	0.6778	-0.0013	51.7892	2.5094	638.8695	509.2722	35.1157	584.6456	95.2315	637.9904	95.1852	645.6815	94.9306	649.4827	94.9537	
09/08/2017	03:25:37	011992	G488016237HLR	L488	S		623.1780	1.0292	10.0000	99.9036	39.6261	0.8430	0.8270	5.0000	20.6550	713.0902	94.9769	15.0190	23.7000	0.9300	0.9333	0.6778	-0.0013	713.0000	713.6948	1.0275	-3.0799	100.1398	39.4130	0.8230	0.8239	5.0000	-9999.0000	-9999.0000	-9999.0000	-9999.0000	-9999.0000	-9999.0000	22.5995	3	0	30.4393	1.0000	08	2	-9999.0000	14688	25854	-9999	1810	4800	-9999	469.0759	5	0.6527	0.6778	-0.0013	51.7892	2.5094	648.1418	530.8434	36.6667	596.4227	95.3935	646.8825	95.3241	654.7570	95.0231	658.6827	94.9074	
09/08/2017	03:26:08	011992	G488016226HLR	L488	S		607.8293	1.0292	10.0000	100.0133	39.7016	0.8430	0.8276	5.0000	18.4086	713.0928	94.9306	20.7893	23.7000	0.9300	0.9334	0.6775	-0.0013	713.0000	716.0354	1.0275	-3.0490	100.1777	39.8934	0.8230	0.8274	5.0000	-9999.0000	-9999.0000	-9999.0000	-9999.0000	-9999.0000	-9999.0000	19.2239	4	0	30.1815	1.0000	08	2	-9999.0000	14689	25855	-9999	1811	4801	-9999	463.7288	5	0.6528	0.6775	-0.0013	44.7102	2.9043	632.5772	517.5259	37.4306	583.7693	95.1389	631.2298	95.0694	640.4142	94.9306	645.4072	95.0000	
09/08/2017	03:26:39	011992	G488016232HLR	L488	S		612.9944	1.0292	10.0000	100.0842	39.7281	0.8430	0.8273	5.0000	18.9896	713.1154	94.9537	20.0198	23.7000	0.9300	0.9334	0.6771	-0.0013	713.0000	714.1513	1.0275	-3.0739	100.0998	40.3202	0.8230	0.8267	5.0000	-9999.0000	-9999.0000	-9999.0000	-9999.0000	-9999.0000	-9999.0000	19.3913	5	0	30.9862	1.0000	08	2	-9999.0000	14689	25856	-9999	1812	4802	-9999	464.4739	5	0.6527	0.6771	-0.0013	39.2928	3.2076	639.8513	525.8517	37.8009	589.2461	97.1296	634.8719	97.0370	640.7063	94.7685	640.9492	94.4444	
09/08/2017	03:27:08	011992	G488016235HLR	L488	S		614.4078	1.0292	10.0000	100.0293	39.6507	0.8430	0.8273	5.0000	18.6193	713.0473	94.9769	19.1692	23.7000	0.9300	0.9334	0.6771	-0.0013	713.0000	711.7626	1.0275	-3.1055	99.9370	39.7752	0.8230	0.8248	5.0000	-9999.0000	-9999.0000	-9999.0000	-9999.0000	-9999.0000	-9999.0000	19.3782	6	0	29.7889	1.0000	08	2	-9999.0000	14690	25857	-9999	1813	4803	-9999	465.1991	5	0.6527	0.6771	-0.0013	39.2928	3.2076	627.9826	533.9303	36.9444	582.9240	92.7778	627.1372	92.1991	633.8213	94.0046	642.7330	95.2083	
09/08/2017	03:27:37	011992	G488016234HLR	L488	S		611.2141	1.0292	10.0000	100.0094	39.7058	0.8430	0.8275	5.0000	18.5201	713.0958	94.9769	19.5296	23.7000	0.9300	0.9334	0.6747	-0.0012	713.0000	712.8356	1.0275	-3.0913	100.0016	39.7210	0.8230	0.8262	5.0000	-9999.0000	-9999.0000	-9999.0000	-9999.0000	-9999.0000	-9999.0000	19.5287	7	0	29.0186	1.0000	08	2	-9999.0000	14691	25858	-9999	1814	4804	-9999	464.9742	5	0.6530	0.6747	-0.0012	39.7886	3.2177	630.8790	542.6861	37.0602	582.2135	93.3796	629.6650	92.9861	637.2974	94.1667	644.9124	95.1389	
09/08/2017	03:28:09	011992	G488016205HLR	L488	S		610.0348	1.0292	10.0000	100.0167	39.7425	0.8430	0.8274	5.0000	18.6020	713.0523	94.9537	19.3089	23.7000	0.9300	0.9335	0.6802	-0.0015	713.0000	715.0200	1.0275	-3.0624	99.9884	40.2074	0.8230	0.8270	5.0000	-9999.0000	-9999.0000	-9999.0000	-9999.0000	-9999.0000	-9999.0000	19.6842	8	0	31.2488	1.0000	08	2	-9999.0000	14692	25859	-9999	1815	4805	-9999	465.2650	5	0.6527	0.6802	-0.0015	41.9619	3.0817	632.4184	515.0067	34.0972	584.2953	93.0787	631.5010	92.6620	637.8983	94.0278	646.0431	95.1852	
09/08/2017	03:28:39	011992	G488016208HLR	L488	S		606.1166	1.0292	9.9062	99.9916	39.7106	0.8430	0.8274	5.0000	18.4491	713.1159	94.9306	20.0588	23.7000	0.9300	0.9335	0.6806	-0.0015	713.0000	711.5384	1.0275	-3.1085	100.1521	39.8030	0.8230	0.8241	5.0000	-9999.0000	-9999.0000	-9999.0000	-9999.0000	-9999.0000	-9999.0000	22.6784	1	0	29.9792	1.0000	08	2	-9999.0000	14693	25860	-9999	1816	4806	-9999	464.0184	5	0.6528	0.6806	-0.0015	42.3664	3.0525	622.3755	546.0169	36.0880	576.5162	93.8657	620.9455	93.4954	629.9284	94.3287	636.1563	95.0231	
09/08/2017	03:29:08	011992	G488016209HLR	L488	S		610.1957	1.0292	10.0000	100.0889	39.7577	0.8430	0.8274	5.0000	18.7051	713.0767	94.9769	18.9300	23.7000	0.9300	0.9335	0.6805	-0.0015	713.0000	710.8543	1.0275	-3.1176	100.1516	39.6459	0.8230	0.8256	5.0000	-9999.0000	-9999.0000	-9999.0000	-9999.0000	-9999.0000	-9999.0000	19.1805	2	0	29.7892	1.0000	08	2	-9999.0000	14694	25861	-9999	1817	4807	-9999	465.1336	5	0.6524	0.6805	-0.0015	45.7188	2.8803	626.1381	535.4050	36.3194	582.6294	93.1944	625.0736	92.7778	631.8041	94.1667	640.0013	95.1157	
09/08/2017	03:29:39	011992	G488016218HLR	L488	S		606.0858	1.0292	9.9035	100.1116	39.7511	0.8430	0.8273	5.0000	18.9657	713.1135	94.9769	18.0296	23.7000	0.9300	0.9336	0.6813	-0.0015	713.0000	711.8847	1.0275	-3.1039	99.9967	40.1485	0.8230	0.8275	5.0000	-9999.0000	-9999.0000	-9999.0000	-9999.0000	-9999.0000	-9999.0000	19.3265	3	0	30.2888	1.0000	08	2	-9999.0000	14695	25862	-9999	1818	4808	-9999	466.2386	5	0.6523	0.6813	-0.0015	45.7790	2.8827	632.0205	532.1518	35.0000	582.4256	94.9306	631.2707	94.7454	638.9583	94.8843	643.8722	95.0463	
09/08/2017	03:30:05	011992	G488016221HLR	L488	S		603.1901	1.0292	9.6528	100.0788	39.7194	0.8430	0.8273	5.0000	18.9642	713.0512	94.9306	20.3089	23.8000	0.9300	0.9336	0.6801	-0.0015	713.0000	711.3109	1.0275	-3.1115	100.0019	40.1102	0.8230	0.8256	5.0000	-9999.0000	-9999.0000	-9999.0000	-9999.0000	-9999.0000	-9999.0000	19.6517	4	0	26.1483	1.0000	08	2	-9999.0000	14696	25863	-9999	1819	4809	-9999	463.5296	5	0.6522	0.6801	-0.0015	44.3751	2.9699	623.1993	539.4948	36.5278	581.0980	94.5139	622.1657	94.2361	628.8678	94.6296	635.2526	95.0926	
09/08/2017	03:30:32	011992	G488016229HLR	L488	S		614.7211	1.0292	10.0000	100.0978	39.7786	0.8430	0.8273	5.0000	18.8636	713.1190	94.9537	19.0491	23.8000	0.9300	0.9336	0.6807	-0.0015	713.0000	708.8468	1.0275	-3.1441	99.9521	39.6581	0.8230	0.8251	5.0000	-9999.0000	-9999.0000	-9999.0000	-9999.0000	-9999.0000	-9999.0000	19.4885	5	0	27.3293	1.0000	08	4	-9999.0000	14697	25864	-9999	1820	4810	-9999	465.0554	5	0.6523	0.6807	-0.0015	44.9020	2.9311	628.4555	547.5706	37.4306	591.1979	94.0972	627.5569	93.9120	633.8820	94.5370	639.1139	95.0231	
09/08/2017	03:31:03	011992	G488016230HLR	L488	S		616.7384	1.0292	10.0000	100.1331	39.7834	0.8430	0.8273	5.0000	18.7681	713.0761	94.9537	19.0393	23.8000	0.9300	0.9336	0.6815	-0.0015	713.0000	715.5704	1.0275	-3.0551	100.0410	39.8675	0.8230	0.8266	5.0000	-9999.0000	-9999.0000	-9999.0000	-9999.0000	-9999.0000	-9999.0000	19.9880	6	0	30.5389	1.0000	08	4	-9999.0000	14698	25865	-9999	1821	4811	-9999	465.0443	5	0.6522	0.6815	-0.0015	52.9943	2.5448	636.8715	523.1936	37.5000	588.0897	95.8565	635.8294	95.8796	643.1817	95.1389	648.0971	94.9306	
09/08/2017	03:31:34	011992	G488016198HLR	L488	S		615.4027	1.0292	10.0000	100.1254	39.7495	0.8430	0.8273	5.0000	18.8499	713.0897	94.9769	19.3694	23.9000	0.9300	0.9336	0.6787	-0.0014	713.0000	717.0386	1.0275	-3.0357	100.0537	40.2317	0.8230	0.8268	5.0000	-9999.0000	-9999.0000	-9999.0000	-9999.0000	-9999.0000	-9999.0000	19.3179	7	0	30.9694	1.0000	08	4	-9999.0000	14699	25866	-9999	1822	4812	-9999	464.8019	5	0.6525	0.6787	-0.0014	49.5813	2.7546	636.9342	544.4011	37.4537	589.5141	95.0926	635.9921	95.1157	642.2823	95.0926	646.4482	95.0000	
09/08/2017	03:32:04	011992	G488016173HLR	L488	S		628.2172	1.0292	10.0000	100.1378	39.8000	0.8430	0.8273	5.0000	18.9655	713.0537	95.0000	15.2094	23.9000	0.9300	0.9336	0.6787	-0.0014	713.0000	716.7414	1.0275	-3.0396	100.1383	39.9419	0.8230	0.8254	5.0000	-9999.0000	-9999.0000	-9999.0000	-9999.0000	-9999.0000	-9999.0000	19.1184	8	0	29.9989	1.0000	08	4	-9999.0000	14700	25867	-9999	1823	4813	-9999	469.2295	5	0.6525	0.6787	-0.0014	49.5813	2.7546	645.7290	534.0899	36.4583	599.4846	93.5417	644.7865	93.1481	651.7977	94.2593	659.0735	95.0926	
09/08/2017	03:32:33	011992	G488016151HLR	L488	S		619.7627	1.0292	10.0000	100.1139	39.8000	0.8430	0.8272	5.0000	18.7493	713.0701	95.0000	16.3295	23.9000	0.9300	0.9336	0.7004	-0.0025	713.0000	719.7545	1.0275	-2.9997	100.0915	39.7365	0.8230	0.8258	5.0000	-9999.0000	-9999.0000	-9999.0000	-9999.0000	-9999.0000	-9999.0000	19.4200	1	0	28.8582	1.0000	08	4	-9999.0000	14701	25868	-9999	1824	4814	-9999	470.8244	5	0.6524	0.7004	-0.0025	-11.2045	5.7727	629.8874	494.0984	37.5000	578.8203	95.2778	628.9072	94.9306	637.8516	94.9537	643.9509	95.1157	
09/08/2017	03:32:58	011992	G488016155HLR	L488	S		611.8791	1.0292	10.0000	100.0945	39.7467	0.8430	0.8270	5.0000	19.7882	713.0798	94.9306	19.6096	23.8000	0.9300	0.9336	0.6841	-0.0016	713.0000	714.5114	1.0275	-3.0691	100.0748	40.0391	0.8230	0.8260	5.0000	-9999.0000	-9999.0000	-9999.0000	-9999.0000	-9999.0000	-9999.0000	22.1482	2	0	24.9991	1.0000	08	4	-9999.0000	14702	25869	-9999	1825	4815	-9999	465.2668	5	0.6524	0.6841	-0.0016	-36.6591	7.1118	627.5405	517.4782	36.6435	575.9650	95.6019	626.5122	95.3241	633.7962	95.1157	638.4223	95.0926	
09/08/2017	03:33:26	011992	G488016184HLR	L488	S		611.6442	1.0292	10.0000	100.1452	39.8000	0.8430	0.8273	5.0000	18.8601	713.0947	94.9074	20.0891	23.7000	0.9300	0.9335	0.6669	-0.0008	713.0000	711.7133	1.0275	-3.1062	100.1759	40.0068	0.8230	0.8253	5.0000	-9999.0000	-9999.0000	-9999.0000	-9999.0000	-9999.0000	-9999.0000	20.3730	3	0	28.0561	1.0000	08	4	-9999.0000	14703	25870	-9999	1826	4816	-9999	464.9629	5	0.6525	0.6669	-0.0008	37.2044	3.3711	623.2013	543.9555	34.6528	583.2085	94.1435	622.2640	93.7269	628.9248	94.5139	635.6464	95.1157	
09/08/2017	03:33:54	011992	G488016111HLR	L488	S		618.8698	1.0292	10.0000	100.1339	39.8172	0.8430	0.8272	5.0000	18.8790	713.0664	95.0231	18.9690	23.7000	0.9300	0.9335	0.6665	-0.0007	713.0000	718.4406	1.0275	-3.0171	100.0421	39.6232	0.8230	0.8243	5.0000	-9999.0000	-9999.0000	-9999.0000	-9999.0000	-9999.0000	-9999.0000	22.3796	4	0	28.8123	1.0000	08	4	-9999.0000	14704	25871	-9999	1827	4817	-9999	465.2896	5	0.6527	0.6665	-0.0007	52.1788	2.6254	649.6905	524.5455	35.9491	597.4335	95.5093	648.5408	95.0231	653.6002	95.0000	658.0155	95.0694	
09/08/2017	03:34:22	011992	G488016147HLR	L488	S		621.8588	1.0292	10.0000	100.1127	39.7613	0.8430	0.8272	5.0000	18.8089	713.0782	95.0463	17.9388	23.7000	0.9300	0.9335	0.6665	-0.0007	713.0000	718.9767	1.0275	-3.0100	100.1317	39.9573	0.8230	0.8268	5.0000	-9999.0000	-9999.0000	-9999.0000	-9999.0000	-9999.0000	-9999.0000	19.2210	5	0	27.8189	1.0000	08	4	-9999.0000	14705	25872	-9999	1828	4818	-9999	465.8127	5	0.6527	0.6665	-0.0007	52.1788	2.6254	654.4427	539.1776	34.5602	601.7602	95.4398	653.4947	95.0926	659.0093	95.0694	662.9860	95.0694	
09/08/2017	03:34:50	011992	G488016108HLR	L488	S		625.5287	1.0292	10.0000	100.1232	39.8022	0.8430	0.8273	5.0000	18.8792	713.0725	94.9537	13.8403	23.7000	0.9300	0.9335	0.6662	-0.0007	713.0000	711.7441	1.0275	-3.1058	100.1264	40.0890	0.8230	0.8253	5.0000	-9999.0000	-9999.0000	-9999.0000	-9999.0000	-9999.0000	-9999.0000	21.9879	6	0	28.0789	1.0000	08	4	-9999.0000	14706	25873	-9999	1828	4819	-9999	467.9975	5	0.6527	0.6662	-0.0007	53.8426	2.5154	657.9864	533.3573	35.0694	605.7861	95.0000	656.4412	94.9074	663.9716	94.9306	669.3469	95.0463	
09/08/2017	03:35:17	011992	G488016106HLR	L488	S		617.7442	1.0292	10.0000	100.1411	39.8104	0.8430	0.8272	5.0000	18.7336	713.0669	95.0231	17.1097	23.7000	0.9300	0.9336	0.6651	-0.0007	713.0000	716.1583	1.0275	-3.0473	100.0757	39.8489	0.8230	0.8251	5.0000	-9999.0000	-9999.0000	-9999.0000	-9999.0000	-9999.0000	-9999.0000	19.5804	7	0	26.9590	1.0000	08	4	-9999.0000	14707	25874	-9999	1829	4820	-9999	466.3071	5	0.6528	0.6651	-0.0007	60.7793	2.1112	651.1804	519.7147	35.9259	603.5259	95.1389	650.3058	94.9537	656.9761	94.9769	661.4663	95.0926	
09/08/2017	03:35:48	011992	G488014949HLR	L488	S		617.8005	1.0292	10.0000	100.0953	39.7600	0.8430	0.8270	5.0000	19.5008	713.0284	95.0231	17.9798	23.7000	0.9300	0.9336	0.6625	-0.0006	713.0000	716.2758	1.0275	-3.0458	100.1793	39.8255	0.8230	0.8261	5.0000	-9999.0000	-9999.0000	-9999.0000	-9999.0000	-9999.0000	-9999.0000	19.4636	8	0	30.6191	1.0000	08	4	-9999.0000	14708	25875	-9999	1830	4821	-9999	465.4297	5	0.6515	0.6625	-0.0006	44.0070	2.9263	651.0365	523.7850	38.1019	604.1100	95.0926	650.0338	94.8611	655.9195	94.9769	659.6443	95.0000	
09/08/2017	03:36:13	011992	G488016123HLR	L488	S		613.3048	1.0292	10.0000	100.1217	39.8052	0.8430	0.8273	5.0000	18.8890	713.0631	95.0000	16.8890	23.7000	0.9300	0.9336	0.6625	-0.0006	713.0000	714.0313	1.0275	-3.0755	100.1122	40.0148	0.8230	0.8256	5.0000	-9999.0000	-9999.0000	-9999.0000	-9999.0000	-9999.0000	-9999.0000	22.3192	1	0	25.0089	1.0000	08	4	-9999.0000	14709	25876	-9999	1831	4822	-9999	465.3479	5	0.6515	0.6625	-0.0006	44.0070	2.9263	653.2089	544.1906	36.6435	599.9357	95.1157	651.7418	94.9306	657.4385	94.9769	663.1998	95.0926	
09/08/2017	03:36:42	011992	G488014972HLR	L488	S		609.8584	1.0292	10.0000	100.0860	39.8118	0.8430	0.8271	5.0000	19.0285	713.1204	95.0000	17.1097	23.7000	0.9300	0.9336	0.6705	-0.0010	713.0000	714.7903	1.0275	-3.0654	99.9680	39.9988	0.8230	0.8256	5.0000	-9999.0000	-9999.0000	-9999.0000	-9999.0000	-9999.0000	-9999.0000	19.2982	2	0	29.3289	1.0000	08	4	-9999.0000	14710	25877	-9999	1832	4822	-9999	465.7089	5	0.6521	0.6705	-0.0010	52.7926	2.4374	641.0282	546.8100	35.2778	587.8376	94.4213	640.3495	93.7731	647.2814	94.4907	653.7356	95.1389	
09/08/2017	03:37:08	011992	G488014951HLR	L488	S		608.2336	1.0292	10.0000	100.0042	39.7186	0.8430	0.8267	5.0000	21.1389	713.0780	94.9537	15.9799	23.7000	0.9300	0.9336	0.6737	-0.0013	713.0000	713.8194	1.0275	-3.0783	100.0999	39.6507	0.8230	0.8245	5.0000	-9999.0000	-9999.0000	-9999.0000	-9999.0000	-9999.0000	-9999.0000	22.5585	3	0	26.0684	1.0000	08	4	-9999.0000	14711	25878	-9999	1833	4823	-9999	466.1786	5	0.6516	0.6737	-0.0013	51.6058	2.5389	646.7227	530.6052	36.0185	592.5026	95.5093	645.3246	95.4167	652.5845	95.1389	658.3583	95.0231	
09/08/2017	03:37:35	011992	G488014952HLR	L488	S		614.7371	1.0292	10.0000	100.1399	39.8078	0.8430	0.8273	5.0000	18.7795	713.1035	94.9537	19.7093	23.7000	0.9300	0.9336	0.6743	-0.0013	713.0000	713.7919	1.0275	-3.0787	100.1604	40.0076	0.8230	0.8267	5.0000	-9999.0000	-9999.0000	-9999.0000	-9999.0000	-9999.0000	-9999.0000	19.6893	4	0	26.2702	1.0000	08	4	-9999.0000	14712	25879	-9999	1833	4824	-9999	462.6329	5	0.6516	0.6743	-0.0013	47.8742	2.7638	638.6611	542.7351	37.5231	589.8534	95.5324	637.6942	95.4167	644.3426	95.1852	647.2787	95.0231	
09/08/2017	03:38:00	011992	G488014977HLR	L488	S		626.2920	1.0292	10.0000	100.1497	39.8607	0.8430	0.8272	5.0000	18.8196	713.0750	94.9537	13.7397	23.7000	0.9300	0.9336	0.6717	-0.0011	713.0000	714.5855	1.0275	-3.0682	100.2235	40.1774	0.8230	0.8264	5.0000	-9999.0000	-9999.0000	-9999.0000	-9999.0000	-9999.0000	-9999.0000	19.2282	5	0	25.4922	1.0000	08	4	-9999.0000	14713	25880	-9999	1834	4825	-9999	467.8196	5	0.6520	0.6717	-0.0011	57.3152	2.2859	655.4956	551.0534	36.7824	602.7499	94.9074	654.5551	94.5833	662.4846	94.8611	667.8792	95.0926	
09/08/2017	03:38:26	011992	G488014950HLR	L488	S		621.0408	1.0292	10.0000	100.0678	39.7515	0.8430	0.8269	5.0000	19.7325	713.0451	95.0000	18.3099	23.7000	0.9300	0.9336	0.6703	-0.0011	713.0000	716.9004	1.0275	-3.0375	100.0078	39.8579	0.8230	0.8251	5.0000	-9999.0000	-9999.0000	-9999.0000	-9999.0000	-9999.0000	-9999.0000	19.6291	6	0	25.6956	1.0000	08	4	-9999.0000	14714	25881	-9999	1835	4826	-9999	464.0644	5	0.6517	0.6703	-0.0011	96.5926	0.1857	647.6906	557.7873	36.1806	600.4072	94.8380	646.7318	94.4907	653.4819	94.7917	659.4013	95.1157	
09/08/2017	03:38:51	011992	G488014948HLR	L488	S		626.4794	1.0292	10.0000	100.1181	39.8000	0.8430	0.8273	5.0000	18.9485	713.0485	94.9537	15.1098	23.7000	0.9300	0.9336	0.6836	-0.0019	713.0000	716.6149	1.0275	-3.0413	100.1060	39.7866	0.8230	0.8260	5.0000	-9999.0000	-9999.0000	-9999.0000	-9999.0000	-9999.0000	-9999.0000	19.1590	7	0	24.9689	1.0000	08	4	-9999.0000	14715	25882	-9999	1835	4827	-9999	467.1186	5	0.6516	0.6836	-0.0019	113.6952	-0.7114	643.7579	529.5700	35.9028	594.3843	94.5602	642.2553	94.4676	650.8119	94.8148	657.5734	95.0926	
09/08/2017	03:39:16	011992	G488014915HLR	L488	S		626.8215	1.0292	10.0000	100.1994	39.9126	0.8430	0.8272	5.0000	18.8695	713.0874	94.9537	15.2494	23.7000	0.9300	0.9336	0.6836	-0.0019	713.0000	714.2986	1.0275	-3.0720	100.0391	40.0820	0.8230	0.8266	5.0000	-9999.0000	-9999.0000	-9999.0000	-9999.0000	-9999.0000	-9999.0000	19.8090	8	0	25.0389	1.0000	08	4	-9999.0000	14716	25883	-9999	1836	4828	-9999	466.9700	5	0.6513	0.6836	-0.0019	120.1738	-1.0940	645.1500	526.9880	35.9491	593.5787	95.4398	643.8464	95.2315	649.9683	95.0926	655.1541	95.0926	
09/08/2017	03:39:42	011992	G488014964HLR	L488	S		622.1557	1.0292	10.0000	100.1190	39.7623	0.8430	0.8269	5.0000	18.9397	713.0874	94.9537	14.5795	23.7000	0.9300	0.9336	0.6770	-0.0015	713.0000	713.9815	1.0275	-3.0762	100.1635	40.0920	0.8230	0.8257	5.0000	-9999.0000	-9999.0000	-9999.0000	-9999.0000	-9999.0000	-9999.0000	19.8690	1	0	25.7784	1.0000	08	4	-9999.0000	14716	25884	-9999	1837	4829	-9999	467.1130	5	0.6514	0.6770	-0.0015	62.6628	2.0438	650.0475	553.1056	35.5324	598.9870	95.3704	648.9833	95.2546	656.2668	95.0926	661.9536	95.0694	
09/08/2017	03:40:09	011992	G488014895HLR	L488	S		623.7117	1.0292	10.0000	100.1103	39.7952	0.8430	0.8273	5.0000	18.7590	713.1018	95.0000	14.8295	23.7000	0.9300	0.9336	0.6777	-0.0016	713.0000	713.4370	1.0275	-3.0834	100.0788	39.7178	0.8230	0.8244	5.0000	-9999.0000	-9999.0000	-9999.0000	-9999.0000	-9999.0000	-9999.0000	22.0689	2	0	27.0097	1.0000	08	4	-9999.0000	14717	25885	-9999	1838	4829	-9999	466.7971	5	0.6514	0.6777	-0.0016	63.7032	1.9693	650.6028	546.1394	35.6713	601.5194	95.9259	649.5841	95.9028	657.1065	95.3009	660.8175	94.9074	
09/08/2017	03:41:01	011992	G488014897HLR	L488	S		626.9637	1.0292	10.0000	100.1653	39.8321	0.8430	0.8270	5.0000	18.8199	713.0534	94.9537	13.8491	23.8000	0.9300	0.9338	0.6704	-0.0011	713.0000	712.4163	1.0275	-3.0969	100.0345	40.2138	0.8230	0.8264	5.0000	-9999.0000	-9999.0000	-9999.0000	-9999.0000	-9999.0000	-9999.0000	19.9794	4	0	25.5292	1.0000	08	4	-9999.0000	14719	25886	-9999	1840	4830	-9999	466.9797	5	0.6513	0.6704	-0.0011	61.1570	2.1018	655.0826	529.9300	34.8380	600.6285	94.8843	653.7556	94.8380	662.2160	95.0231	668.4544	95.1157	
09/08/2017	03:41:32	011992	G488014899HLR	L488	S		623.9701	1.0292	10.0000	100.1675	39.7594	0.8430	0.8271	5.0000	18.8295	713.1078	94.9769	13.4497	23.7000	0.9300	0.9336	0.6707	-0.0011	713.0000	711.6015	1.0275	-3.1077	100.0559	39.8828	0.8230	0.8255	5.0000	-9999.0000	-9999.0000	-9999.0000	-9999.0000	-9999.0000	-9999.0000	19.3896	5	0	31.3288	1.0000	08	4	-9999.0000	14720	25887	-9999	1841	4831	-9999	467.4182	5	0.6516	0.6707	-0.0011	61.4618	2.0687	655.3912	518.4477	34.8148	600.4248	95.1389	654.4459	94.7685	663.5226	94.8843	669.0420	95.0463	
09/08/2017	03:42:00	011992	G488015016HLR	L488	S		622.3140	1.0292	10.0000	100.1303	39.8333	0.8430	0.8273	5.0000	18.8391	713.0776	95.0231	16.0697	23.8000	0.9300	0.9337	0.6708	-0.0011	713.0000	716.5588	1.0275	-3.0420	100.1105	39.7681	0.8230	0.8258	5.0000	-9999.0000	-9999.0000	-9999.0000	-9999.0000	-9999.0000	-9999.0000	19.4182	6	0	27.2288	1.0000	08	4	-9999.0000	14721	25888	-9999	1842	4832	-9999	465.4195	5	0.6521	0.6708	-0.0011	59.4542	2.1502	652.3814	529.9667	36.8056	569.7928	95.1389	651.3499	94.9306	658.0191	95.0000	662.7116	95.1157	
09/08/2017	03:42:25	011992	G488015015HLR	L488	S		616.4229	1.0292	10.0000	100.1126	39.8752	0.8430	0.8270	5.0000	19.4026	713.0586	94.9769	16.0902	23.7000	0.9300	0.9336	0.6708	-0.0011	713.0000	713.2785	1.0275	-3.0855	99.9951	40.1441	0.8230	0.8267	5.0000	-9999.0000	-9999.0000	-9999.0000	-9999.0000	-9999.0000	-9999.0000	19.9145	7	0	25.1786	1.0000	08	4	-9999.0000	14722	25889	-9999	1843	4833	-9999	465.3459	5	0.6521	0.6708	-0.0011	59.4542	2.1502	644.6658	549.3932	37.3843	597.9383	94.3287	643.6778	93.4491	651.0862	94.6759	658.2000	95.1620	
09/08/2017	03:42:50	011992	G488014489HLR	L488	S		622.9965	1.0292	10.0000	100.1516	39.7960	0.8430	0.8269	5.0000	18.9892	713.0483	94.9537	14.6792	23.8000	0.9300	0.9336	0.6716	-0.0012	713.0000	713.7411	1.0275	-3.0793	100.0561	40.0291	0.8230	0.8255	5.0000	-9999.0000	-9999.0000	-9999.0000	-9999.0000	-9999.0000	-9999.0000	19.6667	8	0	25.0499	1.0000	08	4	-9999.0000	14723	25890	-9999	1844	4834	-9999	466.5660	5	0.6525	0.6716	-0.0012	60.7761	1.9271	652.9198	562.0632	35.6481	605.2976	95.2083	651.7437	95.0463	659.8737	95.0000	664.7397	95.0926	
09/08/2017	03:43:24	011992	G488014687HLR	L488	S		599.8637	1.0292	9.3648	100.1656	39.8000	0.8430	0.8273	5.0000	18.7796	713.0805	94.9074	20.4397	23.8000	0.9300	0.9336	0.6765	-0.0015	713.0000	709.2971	1.0275	-3.1382	100.1422	39.7337	0.8230	0.8252	5.0000	-9999.0000	-9999.0000	-9999.0000	-9999.0000	-9999.0000	-9999.0000	19.4892	1	0	34.4781	1.0000	08	4	-9999.0000	14724	25891	-9999	1845	4835	-9999	460.8384	5	0.6527	0.6765	-0.0015	63.8613	1.7775	632.1850	546.9410	35.6481	578.0976	95.2546	631.0772	95.0231	638.1837	94.9769	642.3339	95.0694	
09/08/2017	03:43:50	011992	G488014651HLR	L488	S		611.2617	1.0292	10.0000	100.1660	39.8689	0.8430	0.8273	5.0000	18.7591	713.1119	94.9537	16.2699	23.8000	0.9300	0.9336	0.6765	-0.0015	713.0000	709.6861	1.0275	-3.1330	100.0989	39.8389	0.8230	0.8257	5.0000	-9999.0000	-9999.0000	-9999.0000	-9999.0000	-9999.0000	-9999.0000	22.3981	2	0	25.0792	1.0000	08	4	-9999.0000	14725	25892	-9999	1845	4836	-9999	464.7010	5	0.6527	0.6765	-0.0015	63.8613	1.7775	639.6491	532.0846	34.4444	585.5154	95.8333	638.3477	95.4167	647.7974	95.1852	652.2921	95.0231	
09/08/2017	03:44:17	011992	G488014906HLR	L488	S		624.4233	1.0292	10.0000	100.1563	39.8314	0.8430	0.8271	5.0000	18.8186	713.0494	94.9306	14.1587	23.8000	0.9300	0.9336	0.6810	-0.0018	713.0000	713.5059	1.0275	-3.0824	100.0837	40.2248	0.8230	0.8266	5.0000	-9999.0000	-9999.0000	-9999.0000	-9999.0000	-9999.0000	-9999.0000	19.1468	3	0	27.5200	1.0000	08	4	-9999.0000	14726	25893	-9999	1846	4837	-9999	467.0224	5	0.6531	0.6810	-0.0018	58.4249	2.1365	647.9784	509.7375	34.3981	596.3644	95.0463	646.8344	94.9537	654.0128	94.9074	660.4534	95.0000	
09/08/2017	03:46:26	011992	G488014568HLR	L488	S		620.7119	1.0292	10.0000	100.0337	39.7880	0.8430	0.8274	5.0000	18.7093	713.0929	95.0231	13.3491	23.9000	0.9300	0.9336	0.6818	-0.0019	713.0000	714.9446	1.0275	-3.0634	100.1252	39.8010	0.8230	0.8244	5.0000	-9999.0000	-9999.0000	-9999.0000	-9999.0000	-9999.0000	-9999.0000	21.8786	4	0	128.7945	1.0000	08	4	-9999.0000	14727	25894	-9999	1847	4838	-9999	468.2918	5	0.6530	0.6818	-0.0019	58.1217	2.1605	651.8283	532.8474	36.0417	596.4252	95.5093	650.5023	95.5093	658.1246	95.1620	664.3190	95.0463	
09/08/2017	03:46:51	011992	G488011626HLR	L488	S		606.1684	1.0292	9.9107	100.1573	39.8528	0.8430	0.8273	5.0000	18.8444	713.1362	94.9537	23.4884	23.9000	0.9300	0.9336	0.6675	-0.0009	713.0000	703.8309	1.0275	-3.2105	100.2013	39.7780	0.8230	0.8258	5.0000	-9999.0000	-9999.0000	-9999.0000	-9999.0000	-9999.0000	-9999.0000	19.7044	5	1	25.1290	1.0000	08	4	-9999.0000	14728	25895	-9999	1848	4839	-9999	453.4130	5	0.6535	0.6675	-0.0009	40.2975	3.4063	568.3801	503.3462	35.7639	525.8612	95.9028	568.4319	95.6481	581.7351	95.0463	598.8292	94.9074	
09/08/2017	03:47:19	011992	G488014997HLR	L488	S		624.8046	1.0292	10.0000	100.1627	39.8978	0.8430	0.8272	5.0000	18.6998	713.0548	94.9537	13.7602	23.9000	0.9300	0.9336	0.6675	-0.0009	713.0000	717.6106	1.0275	-3.0281	99.9646	39.9471	0.8230	0.8275	5.0000	-9999.0000	-9999.0000	-9999.0000	-9999.0000	-9999.0000	-9999.0000	19.2990	6	0	28.3789	1.0000	08	4	-9999.0000	14729	25896	-9999	1849	4840	-9999	467.3354	5	0.6535	0.6675	-0.0009	40.2975	3.4063	672.5161	515.4337	36.0880	613.7250	96.4352	665.7903	96.6898	673.1556	95.0463	675.4252	94.5833	
09/08/2017	03:47:49	011992	G488015007HLR	L488	S		620.8227	1.0292	10.0000	100.1705	39.8106	0.8430	0.8271	5.0000	18.8098	713.0608	95.0000	16.4789	23.9000	0.9300	0.9335	0.6672	-0.0009	713.0000	717.4442	1.0275	-3.0303	99.9909	40.1048	0.8230	0.8265	5.0000	-9999.0000	-9999.0000	-9999.0000	-9999.0000	-9999.0000	-9999.0000	19.8594	7	0	29.6385	1.0000	08	4	-9999.0000	14730	25897	-9999	1850	4841	-9999	465.6265	5	0.6536	0.6672	-0.0009	41.4857	3.3591	651.9821	564.2723	37.0833	605.7931	93.3565	651.1764	93.0093	657.5561	94.2130	664.7666	95.1620	
09/08/2017	03:48:14	011992	G488014987HLR	L488	S		620.2524	1.0292	10.0000	100.1638	39.7749	0.8430	0.8272	5.0000	18.8898	16.6274	1.5278	118.3257	24.4000	0.9300	0.0000	0.6666	-0.0008	713.0000	624.9707	1.0275	-2.5831	99.9780	39.8663	0.8230	0.8260	5.0000	-9999.0000	-9999.0000	-9999.0000	-9999.0000	-9999.0000	-9999.0000	19.4300	8	31	24.9187	1.0000	08	4	-9999.0000	14730	25898	-9999	1851	4842	-9999	9.4379	5	0.6537	0.6666	-0.0008	41.0554	3.3781	-1.0000	168.5517	0.8102	72.9909	1.3889	27.5182	1.5046	19.1820	1.5046	18.0128	1.5278	
