Data	Timp	Nr. masina	Nr. de serie	Tip	Productie	Comentariu	Pre-masurare Q [ml/min]	Pre-masurare Gain	Pre-masurare Offset Master	Pre-masurare P [bar]	Pre-masurare T [°C]	Pre-masurare Densitate fixa [kg/l]	Pre-masurare densitate masurata [kg/l]	Pre-masurare Timp masurare [s]	Pre-masurare Cycle time [s]	rectificare Q Oprire [ml/min]	rectificare P Oprire [bar]	rectificare Timp rectificare [s]	rectificare T [°C]	rectificare Densitate fixa [kg/l]	rectificare densitate masurata [kg/l]	rectificare Factor de masurare la rectificare	rectificare Factor de corectie a debitului	rectificare Target rectificare	Masurare Q [ml/min]	Masurare Gain	Masurare Offset Master	Masurare P [bar]	Masurare T [°C]	Masurare Densitate fixa [kg/l]	Masurare densitate masurata [kg/l]	Masurare Timp masurare [s]	Masurare Q [ml/min]	Masurare Delta Q [ml/min]	Masurare P [bar]	Masurare BP [bar]	Masurare T [°C]	Masurare Timp masurare [s]	Masurare Cycle time [s]	Nest Nr.	Cod de descarcare	Cycle time [s]	Traceability aktiv	EDM Maschine Nr	EDM Spindle Nr	Honing Rate [r	Station Counter Premeasure	Station Counter Grind	Station Counter Blowout 1	Station Counter Wash	Station Counter Measure	Station Counter Blowout 2	RealGrindQStop	Reg Type	Factor 0	Factor 1	Factor 2	Factor 3	Factor 4	G_StartQV	G_StartQV_1	G_StartQV_2	G_StartQV_3	G_StartQV_4	G_StartQV_5	
31/08/2017	06:33:49	011992	G523138348HLR	L523	S		426.6336	1.0292	7.6549	99.9643	39.3000	0.8430	0.8326	5.0000	20.1829	508.0499	94.9769	19.1692	23.8000	0.9300	0.9449	0.5785	-0.0003	508.0000	513.3032	1.0275	8.3023	99.9225	39.5325	0.8230	0.8355	5.0000	-9999.0000	-9999.0000	-9999.0000	-9999.0000	-9999.0000	-9999.0000	20.0584	1	2	15.1196	1.0000	12	1	-9999.0000	20311	11073	-9999	70	67	-9999	291.1422	5	0.5742	0.5785	-0.0003	58.5276	1.2566	466.1494	399.0010	39.7917	470.7878	99.1667	463.8998	99.0741	466.6094	96.5509	462.0830	94.0741	
31/08/2017	06:36:33	011992	G523138340HLR	L523	S		433.9798	1.0292	6.7906	99.7986	39.0647	0.8430	0.8310	5.0000	18.1497	148.3195	95.0000	31.0086	23.6000	0.9300	0.9437	0.5727	-0.0003	508.0000	478.4874	1.0275	7.4352	100.0302	39.0391	0.8230	0.8288	5.0000	-9999.0000	-9999.0000	-9999.0000	-9999.0000	-9999.0000	-9999.0000	17.9604	1	34	15.1295	1.0000	12	1	-9999.0000	20312	11074	-9999	71	68	-9999	83.7053	5	0.5672	0.5727	-0.0003	58.8331	1.2632	64.9815	451.3908	37.1759	464.4198	95.9259	43.4166	96.3426	79.7755	95.0926	101.9611	94.3519	
31/08/2017	06:39:08	011992	G523138365HLR	L523	Q		430.9103	1.0292	7.1517	99.7925	39.7000	0.8430	0.8320	5.0000	21.0891	508.0530	94.9074	15.8685	23.8000	0.9300	0.9447	0.5679	-0.0003	508.0000	506.4479	1.0275	8.9807	100.2346	39.7128	0.8230	0.8352	5.0000	-9999.0000	-9999.0000	-9999.0000	-9999.0000	-9999.0000	-9999.0000	18.5683	1	0	15.2704	1.0000	12	1	-9999.0000	20313	11075	-9999	72	69	-9999	286.2439	5	0.5623	0.5679	-0.0003	58.8118	1.2627	451.6358	481.7356	36.3889	455.7624	89.1667	449.9389	89.5139	459.1179	96.2269	472.8577	95.4398	
31/08/2017	06:42:20	011992	G523138344HLR	L523	Q		427.7970	1.0292	7.5180	99.8466	39.1000	0.8430	0.8316	5.0000	18.9987	508.0194	94.9537	19.9593	23.7000	0.9300	0.9447	0.5689	-0.0003	508.0000	510.1090	1.0275	8.6184	99.8417	38.8607	0.8230	0.8307	5.0000	-9999.0000	-9999.0000	-9999.0000	-9999.0000	-9999.0000	-9999.0000	18.3883	1	0	15.5888	1.0000	12	1	-9999.0000	20314	11076	-9999	73	70	-9999	286.0942	5	0.5639	0.5689	-0.0003	58.7633	1.2617	454.3115	473.3923	36.8750	452.2083	94.6065	453.8550	92.9398	458.1237	94.7685	465.2039	95.3472	
31/08/2017	06:44:56	011992	G523138357HLR	L523	Q		428.9772	1.0292	7.3791	99.8385	39.2227	0.8430	0.8315	5.0000	21.8328	508.0366	94.9769	16.6293	23.7000	0.9300	0.9447	0.5681	-0.0003	508.0000	507.3151	1.0275	8.8949	100.1084	40.3537	0.8230	0.8327	5.0000	-9999.0000	-9999.0000	-9999.0000	-9999.0000	-9999.0000	-9999.0000	18.7788	1	0	15.2092	1.0000	12	1	-9999.0000	20315	11077	-9999	74	71	-9999	286.2176	5	0.5628	0.5681	-0.0003	58.8054	1.2626	457.2843	468.6416	36.8287	456.7697	94.7454	456.6624	92.9861	461.9833	94.8148	469.4264	95.3241	
31/08/2017	06:48:09	011992	G523138367HLR	L523	S		425.8252	1.0292	7.7500	99.9322	39.4585	0.8430	0.8295	5.0000	21.0417	508.0625	94.9306	18.0794	23.7000	0.9300	0.9448	0.5730	-0.0005	508.0000	507.3213	1.0275	8.8942	99.9873	39.7924	0.8230	0.8335	5.0000	-9999.0000	-9999.0000	-9999.0000	-9999.0000	-9999.0000	-9999.0000	18.9288	1	0	25.0684	1.0000	12	1	-9999.0000	20317	11078	-9999	76	72	-9999	286.6478	5	0.5632	0.5730	-0.0005	52.8374	1.5257	450.7926	467.5560	37.1528	450.4168	95.2546	449.9983	93.5417	455.6238	94.7222	462.5971	95.2083	
31/08/2017	06:49:00	011992	G523138368HLR	L523	S		426.9827	1.0292	7.6138	99.9189	39.5966	0.8430	0.8320	5.0000	21.0894	508.1004	94.9537	17.3695	23.6000	0.9300	0.9446	0.5730	-0.0005	508.0000	508.0228	1.0275	8.8248	99.9225	39.6599	0.8230	0.8291	5.0000	-9999.0000	-9999.0000	-9999.0000	-9999.0000	-9999.0000	-9999.0000	19.1287	3	0	28.2689	1.0000	12	1	-9999.0000	20318	11079	-9999	77	73	-9999	286.8658	5	0.5632	0.5730	-0.0005	52.8374	1.5257	454.2172	476.9722	35.8333	459.0277	94.6759	453.4670	93.5648	458.1577	94.8380	463.9192	95.1852	
31/08/2017	06:49:50	011992	G523138377HLR	L523	S		430.2872	1.0292	7.2250	99.9527	38.9894	0.8430	0.8296	5.0000	19.8196	420.6718	103.2639	7.3405	23.8000	0.9300	0.9443	0.5726	-0.0005	508.0000	481.3118	1.0275	7.6920	100.2892	39.6417	0.8230	0.8330	5.0000	-9999.0000	-9999.0000	-9999.0000	-9999.0000	-9999.0000	-9999.0000	19.4892	5	32	27.5187	1.0000	12	1	-9999.0000	20319	11080	-9999	78	74	-9999	227.7848	5	0.5636	0.5726	-0.0005	51.6329	1.6112	467.7805	472.0212	37.8241	457.3728	94.8611	467.1662	93.9120	463.1001	94.7685	466.8652	94.9769	
31/08/2017	06:50:40	011992	G523138361HLR	L523	S		428.2703	1.0292	7.4623	99.8011	40.1000	0.8430	0.8319	5.0000	20.0685	508.0888	94.9537	17.3695	23.6000	0.9300	0.9447	0.5637	0.0001	508.0000	508.3548	1.0275	8.7920	99.9236	39.8113	0.8230	0.8293	5.0000	-9999.0000	-9999.0000	-9999.0000	-9999.0000	-9999.0000	-9999.0000	19.8498	7	0	25.5995	1.0000	12	1	-9999.0000	20320	11081	-9999	79	75	-9999	287.0874	5	0.5638	0.5637	0.0001	53.8469	1.5039	459.8482	506.2560	40.0926	455.2330	93.8889	459.1798	94.2130	464.4182	94.9769	469.4913	95.1389	
31/08/2017	06:51:32	011992	G523138378HLR	L523	S		431.2379	1.0292	7.1132	100.0818	39.0319	0.8430	0.8297	5.0000	18.7292	508.0300	94.9537	16.4692	23.6000	0.9300	0.9445	0.5637	0.0001	508.0000	508.8469	1.0275	8.7433	99.9503	39.4681	0.8230	0.8316	5.0000	-9999.0000	-9999.0000	-9999.0000	-9999.0000	-9999.0000	-9999.0000	20.8689	1	0	28.1383	1.0000	12	1	-9999.0000	20321	11082	-9999	80	76	-9999	287.0021	5	0.5638	0.5637	0.0001	53.8469	1.5039	464.3290	483.4769	37.8704	460.9228	95.1852	464.2344	94.0741	461.9222	94.8148	465.4679	94.8380	
31/08/2017	06:52:22	011992	G523138153HLR	L523	S		432.5919	1.0292	6.9539	99.9972	40.1000	0.8430	0.8317	5.0000	19.2199	508.0419	94.9306	14.6401	23.6000	0.9300	0.9445	0.5637	0.0001	508.0000	507.4358	1.0275	8.8829	99.8575	39.9844	0.8230	0.8297	5.0000	-9999.0000	-9999.0000	-9999.0000	-9999.0000	-9999.0000	-9999.0000	19.7885	3	0	26.4396	1.0000	12	1	-9999.0000	20322	11083	-9999	81	77	-9999	286.9380	5	0.5639	0.5637	0.0001	53.3268	1.5341	469.3615	487.8185	36.0417	465.6110	94.5833	468.8428	94.9769	473.7921	95.1157	477.1426	94.9537	
31/08/2017	06:53:16	011992	G523138150HLR	L523	S		430.6920	1.0292	7.1774	99.9271	39.0455	0.8430	0.8298	5.0000	19.2698	508.0537	94.9306	17.2093	23.6000	0.9300	0.9446	0.5637	0.0001	508.0000	509.5763	1.0275	8.6711	100.1428	39.3585	0.8230	0.8304	5.0000	-9999.0000	-9999.0000	-9999.0000	-9999.0000	-9999.0000	-9999.0000	23.3593	5	0	26.9981	1.0000	12	1	-9999.0000	20323	11084	-9999	82	78	-9999	287.0308	5	0.5639	0.5637	0.0001	50.7280	1.6747	466.2116	474.9903	36.7824	466.2726	94.5370	465.5490	94.6528	470.5169	95.0463	474.3445	95.0000	
31/08/2017	06:54:55	011992	G523138166HLR	L523	S		0.0000	0.0000	0.0000	0.0000	0.0000	0.8430	0.0000	0.0000	0.0000	0.0000	0.0000	0.0000	0.0000	0.9300	0.0000	0.0000	0.0000	0.0000	0.0000	0.0000	0.0000	0.0000	0.0000	0.8230	0.0000	0.0000	0.0000	0.0000	0.0000	0.0000	0.0000	0.0000	0.0000	0	42	25.2296	1.0000	12	1	0.0000	0	0	-9999	0	0	-9999	0.0000	0	0.0000	0.0000	0.0000	0.0000	0.0000	0.0000	0.0000	0.0000	0.0000	0.0000	0.0000	0.0000	0.0000	0.0000	0.0000	0.0000	
31/08/2017	06:55:17	011992	G523138383HLR	L523	S		432.1360	1.0292	7.0075	99.9926	40.0932	0.8430	0.8310	5.0000	20.0800	508.0636	94.9306	15.4994	23.6000	0.9300	0.9446	0.5637	0.0001	508.0000	507.7397	1.0275	8.8528	100.1596	40.1275	0.8230	0.8303	5.0000	-9999.0000	-9999.0000	-9999.0000	-9999.0000	-9999.0000	-9999.0000	19.5069	7	0	95.7065	1.0000	12	1	-9999.0000	20324	11085	-9999	82	79	-9999	286.9793	5	0.5641	0.5637	0.0001	43.2324	2.1188	469.1800	481.9911	37.6852	466.5001	94.2130	468.0689	95.3472	472.7351	95.1852	475.5877	94.8611	
31/08/2017	06:56:08	011992	G523138148HLR	L523	S		429.9204	1.0292	7.2682	99.9320	39.1000	0.8430	0.8300	5.0000	20.8097	508.0369	94.9306	15.9799	23.6000	0.9300	0.9446	0.5762	-0.0007	508.0000	507.2543	1.0275	8.9009	100.0568	39.3369	0.8230	0.8281	5.0000	-9999.0000	-9999.0000	-9999.0000	-9999.0000	-9999.0000	-9999.0000	20.2893	1	0	26.1082	1.0000	12	1	-9999.0000	20325	11086	-9999	83	80	-9999	287.0332	5	0.5637	0.5762	-0.0007	52.4629	1.5498	457.8119	462.3657	35.4398	452.0697	94.9074	457.0868	94.2824	462.0624	94.9537	466.6535	95.0231	
31/08/2017	06:56:37	011992	G523138155HLR	L523	S		432.9743	1.0292	6.9089	100.0455	39.7549	0.8430	0.8319	5.0000	19.5662	508.0514	94.9306	14.2690	23.6000	0.9300	0.9447	0.5762	-0.0007	508.0000	506.9803	1.0275	8.9280	99.9057	39.0792	0.8230	0.8297	5.0000	-9999.0000	-9999.0000	-9999.0000	-9999.0000	-9999.0000	-9999.0000	20.1992	2	0	28.8096	1.0000	12	1	-9999.0000	20326	11087	-9999	84	81	-9999	287.6786	5	0.5637	0.5762	-0.0007	52.4629	1.5498	469.1873	478.9636	36.3194	459.0209	94.5370	467.6131	95.4398	479.8944	95.2315	479.7797	94.9306	
31/08/2017	06:57:06	011992	G523138181HLR	L523	S		431.8948	1.0292	7.0359	99.9792	40.1379	0.8430	0.8308	5.0000	18.2784	508.0358	94.9537	16.4496	23.6000	0.9300	0.9445	0.5747	-0.0006	508.0000	509.4821	1.0275	8.6804	99.8762	40.0787	0.8230	0.8331	5.0000	-9999.0000	-9999.0000	-9999.0000	-9999.0000	-9999.0000	-9999.0000	20.5555	3	0	28.6886	1.0000	12	1	-9999.0000	20326	11088	-9999	84	82	-9999	286.8633	5	0.5643	0.5747	-0.0006	41.8811	2.1882	461.9096	484.4371	36.7824	460.7261	94.3056	460.9271	95.5324	464.6979	95.2546	468.5371	94.8843	
31/08/2017	06:57:56	011992	G523138170HLR	L523	S		431.8050	1.0292	7.0465	99.9376	39.3884	0.8430	0.8293	5.0000	20.0991	508.0701	94.8843	15.0893	23.7000	0.9300	0.9448	0.5766	-0.0007	508.0000	507.7673	1.0275	8.8501	100.0571	39.4790	0.8230	0.8279	5.0000	-9999.0000	-9999.0000	-9999.0000	-9999.0000	-9999.0000	-9999.0000	20.1491	5	0	25.9092	1.0000	12	1	-9999.0000	20327	11089	-9999	85	83	-9999	287.4687	5	0.5644	0.5766	-0.0007	44.1610	2.0618	462.3204	471.9959	36.2269	453.3252	94.5833	461.1721	95.3704	467.0041	95.3704	470.3090	94.8843	
31/08/2017	06:58:24	011992	G523138162HLR	L523	S		427.1151	1.0292	7.5982	100.0766	39.1491	0.8430	0.8303	5.0000	18.4992	508.1117	94.9306	17.9495	23.6000	0.9300	0.9447	0.5746	-0.0006	508.0000	507.2599	1.0275	8.9003	99.9475	39.0000	0.8230	0.8288	5.0000	-9999.0000	-9999.0000	-9999.0000	-9999.0000	-9999.0000	-9999.0000	18.7043	6	0	27.1894	1.0000	12	1	-9999.0000	20328	11090	-9999	85	84	-9999	286.6495	5	0.5650	0.5746	-0.0006	46.5284	1.9151	453.9867	515.7605	38.2176	451.5895	94.4676	453.3741	94.8148	457.6732	95.0694	461.1769	95.0000	
31/08/2017	06:58:52	011992	G523138152HLR	L523	S		432.0593	1.0292	7.0166	100.1055	39.8846	0.8430	0.8318	5.0000	18.9385	508.0456	94.8611	15.4291	23.5000	0.9300	0.9444	0.5746	-0.0006	508.0000	508.7398	1.0275	8.7539	99.8606	39.9389	0.8230	0.8330	5.0000	-9999.0000	-9999.0000	-9999.0000	-9999.0000	-9999.0000	-9999.0000	20.1895	7	0	28.2490	1.0000	12	1	-9999.0000	20329	11091	-9999	86	84	-9999	287.3053	5	0.5649	0.5746	-0.0006	45.3943	1.9861	463.8222	481.7060	39.7917	462.2528	94.8380	461.6570	94.3056	470.6163	94.7917	474.4502	95.0000	
31/08/2017	06:59:44	011992	G523136816HLR	L523	S		431.3916	1.0292	7.0951	99.9774	39.1645	0.8430	0.8293	5.0000	18.2694	508.1083	94.8843	14.9399	23.6000	0.9300	0.9446	0.5790	-0.0009	508.0000	509.1269	1.0275	8.7156	99.9934	39.6745	0.8230	0.8280	5.0000	-9999.0000	-9999.0000	-9999.0000	-9999.0000	-9999.0000	-9999.0000	20.2682	1	0	27.4086	1.0000	12	1	-9999.0000	20330	11092	-9999	87	85	-9999	287.6382	5	0.5650	0.5790	-0.0009	46.9515	1.8911	458.2785	492.7337	38.1713	457.0764	95.0000	456.6426	94.5139	463.4354	95.0926	468.2831	94.8843	
31/08/2017	07:00:11	011992	G523138174HLR	L523	S		432.7134	1.0292	6.9396	99.9434	39.3164	0.8430	0.8311	5.0000	18.2879	508.0585	94.9769	16.2797	23.6000	0.9300	0.9447	0.5766	-0.0007	508.0000	508.7119	1.0275	8.7566	100.0559	39.0389	0.8230	0.8280	5.0000	-9999.0000	-9999.0000	-9999.0000	-9999.0000	-9999.0000	-9999.0000	20.5683	2	0	26.8993	1.0000	12	1	-9999.0000	20331	11093	-9999	88	86	-9999	287.0317	5	0.5650	0.5766	-0.0007	51.1515	1.6139	456.8068	473.8525	37.1528	464.3999	95.5093	455.9952	94.2824	461.2166	94.9306	466.0504	94.9769	
31/08/2017	07:00:36	011992	G523138182HLR	L523	S		431.2420	1.0292	7.1127	100.0561	40.2000	0.8430	0.8317	5.0000	19.1994	508.1113	94.9306	15.7094	23.6000	0.9300	0.9445	0.5824	-0.0011	508.0000	508.7985	1.0275	8.7481	99.8180	39.7896	0.8230	0.8324	5.0000	-9999.0000	-9999.0000	-9999.0000	-9999.0000	-9999.0000	-9999.0000	20.2488	3	0	25.0783	1.0000	12	1	-9999.0000	20332	11094	-9999	89	87	-9999	287.1591	5	0.5650	0.5824	-0.0011	51.6982	1.5832	456.3255	481.8098	36.5972	456.3794	95.7870	455.5681	94.3750	460.8845	94.9537	464.8094	95.0231	
31/08/2017	07:01:27	011992	G523138167HLR	L523	S		429.8275	1.0292	7.2791	100.0025	39.1490	0.8430	0.8294	5.0000	18.4994	508.1124	94.9306	16.4691	23.6000	0.9300	0.9445	0.5773	-0.0008	508.0000	508.3285	1.0275	8.7946	100.0365	39.8371	0.8230	0.8279	5.0000	-9999.0000	-9999.0000	-9999.0000	-9999.0000	-9999.0000	-9999.0000	22.0786	5	0	25.0699	1.0000	12	1	-9999.0000	20333	11095	-9999	90	88	-9999	286.9191	5	0.5651	0.5773	-0.0008	51.5659	1.5927	461.1053	462.4995	37.7315	449.1436	95.6944	459.0026	94.3750	467.4858	95.0000	467.0187	95.0694	
31/08/2017	07:01:56	011992	G523138183HLR	L523	S		433.2529	1.0292	6.8761	100.0538	39.5000	0.8430	0.8313	5.0000	18.5392	508.0783	94.8843	14.2397	23.6000	0.9300	0.9446	0.5799	-0.0009	508.0000	509.1514	1.0275	8.7131	100.0357	39.1671	0.8230	0.8279	5.0000	-9999.0000	-9999.0000	-9999.0000	-9999.0000	-9999.0000	-9999.0000	18.5027	6	0	28.9190	1.0000	12	1	-9999.0000	20334	11096	-9999	91	89	-9999	287.8758	5	0.5650	0.5799	-0.0009	51.8200	1.5713	465.4665	474.3483	36.0185	463.6715	96.2731	464.1466	94.7685	471.1267	94.9769	477.5642	95.0463	
31/08/2017	07:02:26	011992	G523134246HLR	L523	S		436.4282	1.0292	6.5026	99.9941	40.2000	0.8430	0.8311	5.0000	19.9093	508.1443	94.9769	13.2896	23.6000	0.9300	0.9446	0.5887	-0.0015	508.0000	510.4435	1.0275	8.5853	99.8937	39.5000	0.8230	0.8309	5.0000	-9999.0000	-9999.0000	-9999.0000	-9999.0000	-9999.0000	-9999.0000	20.5508	7	0	30.2082	1.0000	12	1	-9999.0000	20335	11097	-9999	92	89	-9999	288.9705	5	0.5651	0.5887	-0.0015	54.1657	1.4353	461.4009	475.6070	37.6389	453.7097	96.1574	460.3938	95.0694	465.6513	95.2083	470.1022	94.9537	
31/08/2017	07:03:17	011992	G523136826HLR	L523	S		435.0372	1.0292	6.6662	100.0341	39.1453	0.8430	0.8294	5.0000	20.0208	508.0950	94.8843	14.0602	23.6000	0.9300	0.9445	0.5773	-0.0008	508.0000	509.3864	1.0275	8.6899	100.0099	39.9086	0.8230	0.8285	5.0000	-9999.0000	-9999.0000	-9999.0000	-9999.0000	-9999.0000	-9999.0000	20.1881	1	0	25.8995	1.0000	12	1	-9999.0000	20336	11098	-9999	93	90	-9999	287.8082	5	0.5650	0.5773	-0.0008	54.0608	1.4544	470.4136	469.4632	38.8657	465.1029	95.7176	468.1227	94.7917	476.2523	95.2315	477.2990	95.0231	
31/08/2017	07:03:43	011992	G523136836HLR	L523	S		432.4358	1.0292	6.9723	100.0170	39.5609	0.8430	0.8313	5.0000	19.2494	508.0649	95.0000	16.3890	23.6000	0.9300	0.9446	0.5799	-0.0010	508.0000	510.1388	1.0275	8.6154	100.0517	39.1389	0.8230	0.8274	5.0000	-9999.0000	-9999.0000	-9999.0000	-9999.0000	-9999.0000	-9999.0000	21.4088	2	0	26.3697	1.0000	12	1	-9999.0000	20337	11099	-9999	94	91	-9999	286.6373	5	0.5650	0.5799	-0.0010	57.5795	1.2420	458.9530	487.3865	36.6204	462.1086	96.5278	458.0607	95.3009	463.6734	95.2083	468.0681	94.8380	
31/08/2017	07:04:08	011992	G523136821HLR	L523	S		431.1167	1.0292	7.1274	99.9818	40.2433	0.8430	0.8313	5.0000	18.3594	508.1117	94.9769	15.9594	23.5000	0.9300	0.9444	0.5737	-0.0006	508.0000	509.1506	1.0275	8.7132	99.8284	39.4982	0.8230	0.8310	5.0000	-9999.0000	-9999.0000	-9999.0000	-9999.0000	-9999.0000	-9999.0000	20.2787	3	0	25.1185	1.0000	12	1	-9999.0000	20337	11100	-9999	95	92	-9999	286.8715	5	0.5649	0.5737	-0.0006	58.5179	1.1914	462.6058	482.3863	38.8194	461.3328	96.5046	462.5186	95.1157	467.0711	95.1852	469.2359	94.9537	
31/08/2017	07:04:59	011992	G523136847HLR	L523	S		433.4680	1.0292	6.8508	99.9649	39.2050	0.8430	0.8298	5.0000	18.2893	508.0627	94.8380	14.8090	23.6000	0.9300	0.9446	0.5727	-0.0005	508.0000	509.3873	1.0275	8.6898	100.0264	40.1685	0.8230	0.8293	5.0000	-9999.0000	-9999.0000	-9999.0000	-9999.0000	-9999.0000	-9999.0000	19.7187	5	0	25.1085	1.0000	12	1	-9999.0000	20338	11101	-9999	96	93	-9999	287.1232	5	0.5650	0.5727	-0.0005	56.5684	1.3173	471.1100	489.1442	37.3611	470.0162	96.1111	470.9866	95.1620	473.1245	95.2778	474.3324	94.9537	
31/08/2017	07:05:22	011992	G523136808HLR	L523	S		434.7142	1.0292	6.7042	99.9802	39.7000	0.8430	0.8314	5.0000	18.3893	508.1370	94.9769	13.2593	23.6000	0.9300	0.9447	0.5726	-0.0005	508.0000	509.9232	1.0275	8.6368	99.7969	39.4136	0.8230	0.8277	5.0000	-9999.0000	-9999.0000	-9999.0000	-9999.0000	-9999.0000	-9999.0000	19.8290	6	0	23.8191	1.0000	12	1	-9999.0000	20339	11102	-9999	97	94	-9999	287.5669	5	0.5646	0.5726	-0.0005	57.0590	1.2869	478.2552	502.8184	37.4306	468.6897	96.5509	477.5936	95.2315	476.2937	95.2778	479.2554	94.8611	
31/08/2017	07:05:47	011992	G523136845HLR	L523	S		441.7397	1.0292	5.8777	100.0984	40.2094	0.8430	0.8308	5.0000	18.6596	508.0884	95.0231	10.5201	23.5000	0.9300	0.9446	0.5732	-0.0006	508.0000	510.3788	1.0275	8.5917	99.8978	39.3000	0.8230	0.8297	5.0000	-9999.0000	-9999.0000	-9999.0000	-9999.0000	-9999.0000	-9999.0000	20.2384	7	0	25.0792	1.0000	12	1	-9999.0000	20340	11103	-9999	98	95	-9999	288.3483	5	0.5645	0.5732	-0.0006	57.2059	1.2801	479.7100	513.9081	38.3796	475.9760	96.3426	478.8228	95.2778	483.5406	95.2546	487.9477	94.8380	
31/08/2017	07:06:37	011992	G523136825HLR	L523	S		441.1567	1.0292	5.9463	99.9331	39.2000	0.8430	0.8295	5.0000	20.6686	508.0924	94.9769	10.9801	23.6000	0.9300	0.9446	0.5738	-0.0006	508.0000	511.0360	1.0275	8.5266	99.8971	40.3465	0.8230	0.8305	5.0000	-9999.0000	-9999.0000	-9999.0000	-9999.0000	-9999.0000	-9999.0000	19.6051	1	0	25.0792	1.0000	12	1	-9999.0000	20341	11104	-9999	99	96	-9999	288.2089	5	0.5644	0.5738	-0.0006	56.7425	1.3118	475.7066	472.1270	38.0787	473.3739	95.6944	475.0602	94.9537	479.8926	95.3935	485.2551	95.0231	
31/08/2017	07:07:01	011992	G523136815HLR	L523	S		438.6942	1.0292	6.2360	100.0288	39.7110	0.8430	0.8311	5.0000	20.6952	508.1092	94.9306	10.6089	23.6000	0.9300	0.9448	0.5720	-0.0005	508.0000	510.1352	1.0275	8.6158	99.9421	39.6082	0.8230	0.8279	5.0000	-9999.0000	-9999.0000	-9999.0000	-9999.0000	-9999.0000	-9999.0000	19.9993	2	0	23.6789	1.0000	12	1	-9999.0000	20342	11105	-9999	100	97	-9999	287.9499	5	0.5643	0.5720	-0.0005	58.5830	1.1889	476.3993	490.6933	37.1991	472.2099	96.0417	475.2599	95.0231	481.7347	95.2778	486.9153	95.0926	
31/08/2017	07:07:26	011992	G523136805HLR	L523	S		443.9738	1.0292	5.6148	100.0159	40.2000	0.8430	0.8309	5.0000	18.5490	508.0236	95.0000	8.4499	23.6000	0.9300	0.9447	0.5691	-0.0003	508.0000	509.8036	1.0275	8.6486	99.8590	39.3000	0.8230	0.8287	5.0000	-9999.0000	-9999.0000	-9999.0000	-9999.0000	-9999.0000	-9999.0000	20.1071	3	0	25.1788	1.0000	12	1	-9999.0000	20343	11106	-9999	101	97	-9999	287.7270	5	0.5643	0.5691	-0.0003	53.6316	1.5155	494.2212	476.0820	37.7315	483.4746	95.9259	491.5673	94.7917	496.4979	95.3704	497.9734	95.0926	
31/08/2017	07:08:16	011992	G523132160HLR	L523	S		441.2854	1.0292	5.9311	99.9985	39.2784	0.8430	0.8294	5.0000	18.2689	508.1265	94.9306	11.4596	23.6000	0.9300	0.9447	0.5676	-0.0002	508.0000	509.0200	1.0275	8.7261	99.8922	40.3629	0.8230	0.8313	5.0000	-9999.0000	-9999.0000	-9999.0000	-9999.0000	-9999.0000	-9999.0000	19.5510	5	0	25.0791	1.0000	12	1	-9999.0000	20344	11107	-9999	102	98	-9999	287.1161	5	0.5643	0.5676	-0.0002	52.7947	1.5686	479.1178	489.7942	36.5046	472.4372	95.7639	478.1931	95.0926	483.3998	95.3704	486.1038	94.9769	
31/08/2017	07:08:40	011992	G523134386HLR	L523	S		437.9098	1.0292	6.3283	100.0179	39.5515	0.8430	0.8310	5.0000	18.6543	508.0326	94.7917	11.5191	23.6000	0.9300	0.9448	0.5669	-0.0002	508.0000	507.8350	1.0275	8.8434	99.9241	39.7287	0.8230	0.8282	5.0000	-9999.0000	-9999.0000	-9999.0000	-9999.0000	-9999.0000	-9999.0000	20.2607	6	0	23.7394	1.0000	12	1	-9999.0000	20345	11108	-9999	102	99	-9999	286.8822	5	0.5643	0.5669	-0.0002	54.8221	1.4374	485.6921	483.2362	36.3657	454.7921	96.4352	482.0875	95.3241	490.8399	95.4398	491.3171	95.0694	
31/08/2017	07:09:05	011992	G523134364HLR	L523	S		439.5127	1.0292	6.1397	100.0148	40.2000	0.8430	0.8309	5.0000	19.7785	508.0894	95.0231	10.7701	23.6000	0.9300	0.9448	0.5663	-0.0002	508.0000	507.6730	1.0275	8.8594	99.8401	39.2876	0.8230	0.8283	5.0000	-9999.0000	-9999.0000	-9999.0000	-9999.0000	-9999.0000	-9999.0000	20.2187	7	0	25.0987	1.0000	12	1	-9999.0000	20346	11109	-9999	103	100	-9999	286.8259	5	0.5642	0.5663	-0.0002	53.0614	1.5478	482.3959	486.4825	37.5231	478.9508	96.0880	482.2183	95.1620	486.5616	95.3704	490.2211	95.0231	
31/08/2017	07:09:55	011992	G523134384HLR	L523	S		436.0525	1.0292	6.5468	100.0085	39.3263	0.8430	0.8292	5.0000	18.6588	508.0513	94.9769	11.2095	23.6000	0.9300	0.9446	0.5658	-0.0001	508.0000	506.9826	1.0275	8.9278	99.9381	40.3000	0.8230	0.8313	5.0000	-9999.0000	-9999.0000	-9999.0000	-9999.0000	-9999.0000	-9999.0000	19.5861	1	0	25.0391	1.0000	12	1	-9999.0000	20347	11110	-9999	103	101	-9999	286.6713	5	0.5640	0.5658	-0.0001	53.0518	1.5444	478.2827	504.4962	38.3565	475.2933	95.6250	477.5129	94.8843	482.8853	95.3935	486.7648	95.0463	
31/08/2017	07:10:19	011992	G523134260HLR	L523	S		439.3240	1.0292	6.1619	100.0889	39.5000	0.8430	0.8307	5.0000	18.7587	508.0438	95.0000	10.7994	23.6000	0.9300	0.9448	0.5667	-0.0002	508.0000	507.8517	1.0275	8.8418	100.0267	39.7160	0.8230	0.8280	5.0000	-9999.0000	-9999.0000	-9999.0000	-9999.0000	-9999.0000	-9999.0000	21.3093	2	0	23.4591	1.0000	12	1	-9999.0000	20348	11111	-9999	104	102	-9999	286.7570	5	0.5640	0.5667	-0.0002	52.4855	1.5809	480.1983	490.6521	39.1667	477.4507	95.9491	479.7472	95.0694	485.2589	95.2546	488.9774	94.9769	
31/08/2017	07:10:44	011992	G523134262HLR	L523	S		439.8779	1.0292	6.0967	100.0822	40.1172	0.8430	0.8313	5.0000	18.7689	508.0876	95.0000	10.0787	23.6000	0.9300	0.9448	0.5664	-0.0002	508.0000	507.1639	1.0275	8.9098	99.9018	39.3205	0.8230	0.8285	5.0000	-9999.0000	-9999.0000	-9999.0000	-9999.0000	-9999.0000	-9999.0000	19.4795	3	0	25.1690	1.0000	12	1	-9999.0000	20349	11112	-9999	105	103	-9999	286.9254	5	0.5643	0.5664	-0.0002	51.0775	1.6888	491.6630	496.8177	39.7685	483.9705	96.1806	492.9966	95.3241	490.6983	95.4398	492.7581	95.0000	
31/08/2017	07:11:34	011992	G523134251HLR	L523	S		437.6792	1.0292	6.3554	100.0419	39.4108	0.8430	0.8290	5.0000	18.4261	508.0530	95.0000	10.9898	23.6000	0.9300	0.9446	0.5664	-0.0002	508.0000	506.8754	1.0275	8.9384	100.0971	40.2599	0.8230	0.8311	5.0000	-9999.0000	-9999.0000	-9999.0000	-9999.0000	-9999.0000	-9999.0000	20.3527	5	0	25.0090	1.0000	12	1	-9999.0000	20350	11113	-9999	106	104	-9999	286.8493	5	0.5645	0.5664	-0.0002	51.3133	1.6792	479.7973	502.4094	38.2870	478.6077	96.1574	478.9847	95.3241	485.0959	95.5324	487.7366	95.0231	
31/08/2017	07:11:57	011992	G523134252HLR	L523	S		436.5184	1.0292	6.4919	100.0448	39.3182	0.8430	0.8303	5.0000	18.6393	508.0888	94.9769	12.4097	23.6000	0.9300	0.9447	0.5655	-0.0001	508.0000	508.6371	1.0275	8.7640	100.0889	39.7984	0.8230	0.8287	5.0000	-9999.0000	-9999.0000	-9999.0000	-9999.0000	-9999.0000	-9999.0000	19.8814	6	0	23.3494	1.0000	12	1	-9999.0000	20351	11114	-9999	107	105	-9999	286.8572	5	0.5646	0.5655	-0.0001	50.2983	1.7625	478.0848	500.2929	38.9815	479.1053	96.4815	477.7045	95.5556	482.6478	95.5324	485.4563	95.0231	
31/08/2017	07:12:22	011992	G523134248HLR	L523	S		436.4531	1.0292	6.4996	99.9714	40.1000	0.8430	0.8315	5.0000	18.3997	508.0926	94.9537	12.0396	23.6000	0.9300	0.9446	0.5648	-0.0000	508.0000	506.6015	1.0275	8.9655	100.0565	39.3820	0.8230	0.8286	5.0000	-9999.0000	-9999.0000	-9999.0000	-9999.0000	-9999.0000	-9999.0000	19.7991	7	0	25.1668	1.0000	12	1	-9999.0000	20352	11115	-9999	108	106	-9999	287.0462	5	0.5648	0.5648	-0.0000	54.6160	1.3269	476.6707	514.2313	40.6481	471.0100	96.4815	475.9968	95.4398	481.4957	95.4167	485.5386	95.0463	
31/08/2017	07:13:12	011992	G523134242HLR	L523	S		437.2483	1.0292	6.4061	100.0019	39.5427	0.8430	0.8290	5.0000	18.3393	508.0663	95.0000	11.5093	23.6000	0.9300	0.9446	0.5644	0.0000	508.0000	507.4037	1.0275	8.8861	99.8908	40.2319	0.8230	0.8313	5.0000	-9999.0000	-9999.0000	-9999.0000	-9999.0000	-9999.0000	-9999.0000	19.8081	1	0	25.0090	1.0000	12	1	-9999.0000	20352	11116	-9999	109	107	-9999	287.0612	5	0.5649	0.5644	0.0000	54.6190	1.3257	478.7436	526.4600	38.5185	476.9361	95.9491	478.0604	95.0926	481.8627	95.3241	486.4549	95.0463	
31/08/2017	07:13:36	011992	G523134232HLR	L523	S		441.6558	1.0292	5.8876	100.0081	39.3000	0.8430	0.8299	5.0000	18.8291	508.1158	95.0000	9.1794	23.7000	0.9300	0.9448	0.5661	-0.0001	508.0000	508.8086	1.0275	8.7471	100.1982	39.8329	0.8230	0.8288	5.0000	-9999.0000	-9999.0000	-9999.0000	-9999.0000	-9999.0000	-9999.0000	19.4190	2	0	23.6526	1.0000	12	1	-9999.0000	20353	11117	-9999	110	108	-9999	287.1754	5	0.5649	0.5661	-0.0001	52.8227	1.4968	485.2420	516.6980	40.6944	483.2572	96.0880	484.7592	95.2083	491.2969	95.3241	495.0119	94.9769	
31/08/2017	07:14:21	011992	G523134223HLR	L523	S		434.2947	1.0292	6.7536	100.0466	39.9140	0.8430	0.8313	5.0000	18.9485	508.0775	95.0231	8.6901	23.6000	0.9300	0.9447	0.5644	0.0001	508.0000	508.8529	1.0275	8.7427	100.1124	39.3890	0.8230	0.8285	5.0000	-9999.0000	-9999.0000	-9999.0000	-9999.0000	-9999.0000	-9999.0000	19.7979	3	0	44.8546	1.0000	12	1	-9999.0000	20354	11118	-9999	110	109	-9999	287.0730	5	0.5651	0.5644	0.0001	52.8579	1.4737	495.2684	514.2324	40.4398	479.6935	96.0417	496.0890	95.2778	495.4798	95.3935	497.7461	94.9769	
31/08/2017	07:15:11	011992	G523134230HLR	L523	S		440.6351	1.0292	6.0076	99.9948	39.6531	0.8430	0.8290	5.0000	18.4290	508.0627	94.9306	8.8298	23.7000	0.9300	0.9446	0.5687	-0.0003	508.0000	509.2564	1.0275	8.7027	100.2052	40.0134	0.8230	0.8293	5.0000	-9999.0000	-9999.0000	-9999.0000	-9999.0000	-9999.0000	-9999.0000	19.2789	5	0	24.9398	1.0000	12	1	-9999.0000	20355	11119	-9999	111	110	-9999	287.5812	5	0.5652	0.5687	-0.0003	47.4658	1.9589	485.2876	487.9623	37.2454	484.1239	95.4861	484.5792	95.1389	491.0998	95.4398	494.6387	94.9074	
31/08/2017	07:15:35	011992	G523134238HLR	L523	S		440.5019	1.0292	6.0233	100.0189	39.2359	0.8430	0.8295	5.0000	21.2189	508.0499	94.9537	9.7594	23.7000	0.9300	0.9447	0.5687	-0.0003	508.0000	508.6843	1.0275	8.7594	100.2364	39.3126	0.8230	0.8277	5.0000	-9999.0000	-9999.0000	-9999.0000	-9999.0000	-9999.0000	-9999.0000	20.0086	6	0	24.2785	1.0000	12	1	-9999.0000	20356	11120	-9999	112	111	-9999	287.4244	5	0.5652	0.5687	-0.0003	52.2075	1.5493	483.0880	503.5820	37.5463	476.7758	95.7639	482.5792	95.1620	488.1384	95.3472	492.1075	94.9074	
31/08/2017	07:16:00	011992	G523138458HLR	L523	S		430.9192	1.0292	7.1507	100.0350	39.8602	0.8430	0.8312	5.0000	20.4590	137.2212	94.9769	31.0086	23.5000	0.9300	0.9436	0.5687	-0.0003	508.0000	472.5844	1.0275	6.8986	100.1512	39.4864	0.8230	0.8304	5.0000	-9999.0000	-9999.0000	-9999.0000	-9999.0000	-9999.0000	-9999.0000	19.7886	7	34	25.2694	1.0000	12	3	-9999.0000	20357	11121	-9999	113	112	-9999	76.7170	5	0.5652	0.5687	-0.0003	52.2060	1.5525	54.6613	524.6915	40.0926	463.4437	95.9954	389.7409	102.3843	48.8327	99.8611	52.5459	95.9722	
31/08/2017	07:16:52	011992	G523138438HLR	L523	S		442.1952	1.0292	5.8241	100.0393	39.3240	0.8430	0.8291	5.0000	18.3693	508.0271	95.0694	11.1597	23.6000	0.9300	0.9444	0.5687	-0.0003	508.0000	505.5468	1.0275	9.0698	100.0417	40.2500	0.8230	0.8296	5.0000	-9999.0000	-9999.0000	-9999.0000	-9999.0000	-9999.0000	-9999.0000	19.7586	1	0	26.9690	1.0000	12	3	-9999.0000	20358	11122	-9999	114	113	-9999	287.1542	5	0.5651	0.5687	-0.0003	57.0996	1.1334	441.2162	501.1404	37.4306	464.6703	76.8981	438.5519	75.8333	470.4636	92.5926	483.4983	94.8611	
31/08/2017	07:17:17	011992	G523138463HLR	L523	S		436.5765	1.0292	6.4851	100.0330	39.5012	0.8430	0.8308	5.0000	19.3351	508.0456	94.9537	12.8901	23.6000	0.9300	0.9446	0.5687	-0.0003	508.0000	506.6955	1.0275	8.9562	100.0010	39.5463	0.8230	0.8279	5.0000	-9999.0000	-9999.0000	-9999.0000	-9999.0000	-9999.0000	-9999.0000	19.3586	2	0	24.7578	1.0000	12	3	-9999.0000	20359	11123	-9999	115	114	-9999	286.8965	5	0.5651	0.5687	-0.0003	57.1705	1.1094	463.3889	498.3766	38.1019	468.1374	90.8565	461.7017	89.8611	474.1973	96.1806	480.9288	94.6065	
31/08/2017	07:17:45	011992	G523138472HLR	L523	S		436.2435	1.0292	6.5243	100.0660	40.2000	0.8430	0.8312	5.0000	18.7991	508.0895	94.9074	13.5503	23.6000	0.9300	0.9446	0.5687	-0.0003	508.0000	507.4047	1.0275	8.8860	100.1954	39.4000	0.8230	0.8294	5.0000	-9999.0000	-9999.0000	-9999.0000	-9999.0000	-9999.0000	-9999.0000	19.1895	3	0	27.9591	1.0000	12	3	-9999.0000	20360	11124	-9999	116	115	-9999	286.8487	5	0.5647	0.5687	-0.0003	57.5446	1.0883	468.6433	491.1347	40.5787	472.1648	94.4444	468.3826	93.4954	472.4085	95.1620	479.2447	95.1620	
31/08/2017	07:18:35	011992	G523138406HLR	L523	S		430.1135	1.0292	7.2455	100.0088	39.4108	0.8430	0.8289	5.0000	18.4591	508.0768	94.8380	15.4496	23.6000	0.9300	0.9445	0.5687	-0.0003	508.0000	506.7673	1.0275	8.9491	100.0499	40.1649	0.8230	0.8297	5.0000	-9999.0000	-9999.0000	-9999.0000	-9999.0000	-9999.0000	-9999.0000	19.2494	5	0	25.0104	1.0000	12	3	-9999.0000	20361	11125	-9999	117	116	-9999	286.5285	5	0.5649	0.5687	-0.0003	70.7681	-0.1407	466.0951	495.6922	37.8472	466.2671	94.5139	464.3856	93.5185	470.4019	95.1389	473.1240	95.0926	
31/08/2017	07:19:02	011992	G523138452HLR	L523	S		436.8505	1.0292	6.4529	100.0682	39.3587	0.8430	0.8303	5.0000	18.8000	508.0354	94.9537	11.9898	23.6000	0.9300	0.9446	0.5687	-0.0003	508.0000	505.2565	1.0275	9.0986	100.1716	39.4898	0.8230	0.8280	5.0000	-9999.0000	-9999.0000	-9999.0000	-9999.0000	-9999.0000	-9999.0000	19.3291	6	0	27.1580	1.0000	12	3	-9999.0000	20362	11126	-9999	118	117	-9999	287.0478	5	0.5649	0.5687	-0.0003	69.5558	-0.0127	473.2026	507.2651	42.5926	477.6406	94.9306	472.8334	94.0972	476.7651	95.1389	484.8117	95.0463	
31/08/2017	07:19:29	011992	G523138399HLR	L523	S		432.0226	1.0292	7.0209	99.9831	40.1000	0.8430	0.8313	5.0000	18.3990	508.0498	94.8611	14.7690	23.5000	0.9300	0.9446	0.5687	-0.0003	508.0000	507.0217	1.0275	8.9239	99.9218	39.4000	0.8230	0.8295	5.0000	-9999.0000	-9999.0000	-9999.0000	-9999.0000	-9999.0000	-9999.0000	19.4491	7	0	26.7996	1.0000	12	3	-9999.0000	20363	11127	-9999	119	118	-9999	286.5973	5	0.5651	0.5687	-0.0003	62.1928	0.6454	467.3219	513.9869	38.0324	469.4513	95.0926	466.7249	94.5370	470.8433	95.1157	475.3955	95.0463	
31/08/2017	07:20:21	011992	G523138442HLR	L523	S		443.7259	1.0292	5.6440	99.9948	39.4244	0.8430	0.8289	5.0000	18.4693	508.0966	95.0926	10.1998	23.6000	0.9300	0.9445	0.5687	-0.0003	508.0000	506.2744	1.0275	8.9978	100.0637	40.1830	0.8230	0.8297	5.0000	-9999.0000	-9999.0000	-9999.0000	-9999.0000	-9999.0000	-9999.0000	19.1693	1	0	27.6585	1.0000	12	3	-9999.0000	20364	11128	-9999	120	119	-9999	287.3861	5	0.5650	0.5687	-0.0003	65.1386	0.3635	479.4702	511.8081	40.4861	482.0946	94.6065	478.6304	94.1898	485.1954	94.9306	489.0543	94.9074	
31/08/2017	07:20:49	011992	G523138439HLR	L523	S		431.4562	1.0292	7.0875	100.0326	39.3493	0.8430	0.8303	5.0000	18.8043	508.0402	94.8843	14.4194	23.6000	0.9300	0.9447	0.5687	-0.0003	508.0000	506.6630	1.0275	8.9594	100.2999	39.4810	0.8230	0.8280	5.0000	-9999.0000	-9999.0000	-9999.0000	-9999.0000	-9999.0000	-9999.0000	19.5186	2	0	27.2398	1.0000	12	3	-9999.0000	20365	11129	-9999	121	120	-9999	286.6476	5	0.5652	0.5687	-0.0003	66.1489	0.2544	468.2304	496.5307	38.0556	472.9771	95.4167	467.7870	94.7222	472.2621	95.2083	476.8879	95.0231	
31/08/2017	07:21:14	011992	G523138397HLR	L523	S		434.1668	1.0292	6.7686	100.0551	40.1000	0.8430	0.8314	5.0000	18.8293	508.0391	94.9769	12.8902	23.5000	0.9300	0.9446	0.5687	-0.0003	508.0000	505.1053	1.0275	9.1135	100.1530	39.4826	0.8230	0.8298	5.0000	-9999.0000	-9999.0000	-9999.0000	-9999.0000	-9999.0000	-9999.0000	19.3586	3	0	25.7084	1.0000	12	3	-9999.0000	20366	11130	-9999	122	121	-9999	286.8807	5	0.5653	0.5687	-0.0003	62.5250	0.6807	470.2681	508.0276	40.3009	473.7908	95.3935	469.5241	94.6991	473.7716	95.0231	479.5272	94.8843	
31/08/2017	07:22:04	011992	G523138412HLR	L523	S		434.9395	1.0292	6.6777	100.0217	39.4212	0.8430	0.8289	5.0000	18.6788	508.0608	94.9537	16.2094	23.6000	0.9300	0.9448	0.5673	-0.0001	508.0000	510.5135	1.0275	8.5783	100.0696	40.1194	0.8230	0.8294	5.0000	-9999.0000	-9999.0000	-9999.0000	-9999.0000	-9999.0000	-9999.0000	19.6281	5	0	24.9883	1.0000	12	3	-9999.0000	20367	11131	-9999	123	122	-9999	287.4732	5	0.5657	0.5673	-0.0001	53.1076	1.3477	468.3016	514.2540	40.7176	471.1326	95.0231	467.5583	94.6296	472.5931	95.1620	477.6976	95.0000	
31/08/2017	07:22:27	011992	G523138402HLR	L523	S		431.6617	1.0292	7.0633	100.0246	39.3000	0.8430	0.8304	5.0000	19.3183	508.0338	94.9074	15.6889	23.6000	0.9300	0.9448	0.5739	-0.0006	508.0000	506.5605	1.0275	8.9695	100.0171	39.4345	0.8230	0.8277	5.0000	-9999.0000	-9999.0000	-9999.0000	-9999.0000	-9999.0000	-9999.0000	19.8378	6	0	23.0893	1.0000	12	3	-9999.0000	20368	11132	-9999	124	123	-9999	287.0116	5	0.5658	0.5739	-0.0006	33.2538	2.8393	460.8154	494.8426	39.8611	465.6422	95.9028	460.3732	95.0694	465.5723	95.2083	469.5644	95.0000	
31/08/2017	07:22:55	011992	G523138423HLR	L523	S		435.4645	1.0292	6.6159	99.9934	40.1525	0.8430	0.8312	5.0000	19.8199	508.1401	94.9306	13.5688	23.6000	0.9300	0.9447	0.5745	-0.0006	508.0000	506.9833	1.0275	8.9277	100.1516	39.4000	0.8230	0.8297	5.0000	-9999.0000	-9999.0000	-9999.0000	-9999.0000	-9999.0000	-9999.0000	19.5389	7	0	27.7188	1.0000	12	3	-9999.0000	20369	11133	-9999	124	124	-9999	287.8220	5	0.5661	0.5745	-0.0006	33.5793	2.8242	471.8192	505.5793	38.1944	464.1690	95.9028	472.6547	95.2315	472.9698	95.2778	477.2059	94.9769	
31/08/2017	07:23:50	011992	G523138443HLR	L523	S		433.1430	1.0292	6.8891	99.9529	39.4515	0.8430	0.8289	5.0000	18.2687	508.0704	94.9306	13.7192	23.6000	0.9300	0.9447	0.5761	-0.0007	508.0000	508.0874	1.0275	8.8184	100.1389	40.2104	0.8230	0.8295	5.0000	-9999.0000	-9999.0000	-9999.0000	-9999.0000	-9999.0000	-9999.0000	20.1059	1	0	30.2089	1.0000	12	3	-9999.0000	20370	11134	-9999	125	125	-9999	287.6119	5	0.5663	0.5761	-0.0007	34.8938	2.7184	464.9820	490.7957	37.6389	459.0957	95.4398	463.5105	94.8843	470.5944	95.1852	475.7559	94.9769	
31/08/2017	07:24:18	011992	G523138467HLR	L523	S		442.6242	1.0292	5.7736	99.9912	39.3874	0.8430	0.8301	5.0000	18.3036	508.0569	95.0231	10.5192	23.6000	0.9300	0.9448	0.5744	-0.0006	508.0000	506.8113	1.0275	8.9447	100.0359	39.5463	0.8230	0.8279	5.0000	-9999.0000	-9999.0000	-9999.0000	-9999.0000	-9999.0000	-9999.0000	19.2194	2	0	28.1591	1.0000	12	3	-9999.0000	20371	11135	-9999	126	126	-9999	288.6708	5	0.5661	0.5744	-0.0006	41.1790	2.2419	481.3990	517.3390	40.9259	478.7175	95.2778	481.2407	95.0463	485.6131	95.1389	494.4165	94.9074	
31/08/2017	07:24:46	011992	G523138409HLR	L523	S		435.9254	1.0292	6.5617	99.9669	40.0277	0.8430	0.8312	5.0000	18.6188	508.0557	94.7917	14.8696	23.5000	0.9300	0.9447	0.5751	-0.0006	508.0000	507.7472	1.0275	8.8521	100.2588	39.5000	0.8230	0.8299	5.0000	-9999.0000	-9999.0000	-9999.0000	-9999.0000	-9999.0000	-9999.0000	19.4094	3	0	27.9384	1.0000	12	3	-9999.0000	20371	11136	-9999	126	127	-9999	287.4221	5	0.5663	0.5751	-0.0006	41.1822	2.2412	463.6600	487.2371	37.9167	462.0953	95.5556	462.9935	95.1157	467.9774	95.2315	471.4746	94.9074	
31/08/2017	07:25:38	011992	G523138392HLR	L523	S		433.4466	1.0292	6.8533	99.9982	39.5078	0.8430	0.8289	5.0000	18.3754	508.1061	94.9074	17.6693	23.5000	0.9300	0.9446	0.5770	-0.0008	508.0000	508.6837	1.0275	8.7594	100.0333	40.0156	0.8230	0.8290	5.0000	-9999.0000	-9999.0000	-9999.0000	-9999.0000	-9999.0000	-9999.0000	19.2569	5	0	26.9189	1.0000	12	3	-9999.0000	20372	11137	-9999	127	128	-9999	286.5918	5	0.5668	0.5770	-0.0008	40.8429	2.2745	456.5119	516.4023	39.2130	460.1589	95.1157	456.1186	95.1157	458.6883	95.1852	463.4763	94.8843	
31/08/2017	07:26:04	011992	G523138427HLR	L523	S		435.3921	1.0292	6.6245	100.0037	39.3000	0.8430	0.8299	5.0000	18.5891	508.0919	94.8611	14.1694	23.5000	0.9300	0.9446	0.5770	-0.0008	508.0000	507.4057	1.0275	8.8859	100.0264	39.3383	0.8230	0.8278	5.0000	-9999.0000	-9999.0000	-9999.0000	-9999.0000	-9999.0000	-9999.0000	19.6688	6	0	25.9090	1.0000	12	3	-9999.0000	20373	11138	-9999	128	129	-9999	287.7468	5	0.5668	0.5770	-0.0008	40.8429	2.2745	474.9267	498.1637	40.2083	466.7683	95.7639	473.7103	95.0463	471.8299	95.2546	473.9807	94.9769	
31/08/2017	07:26:29	011992	G523138419HLR	L523	S		432.7275	1.0292	6.9379	100.0166	40.1000	0.8430	0.8309	5.0000	21.4493	508.0683	94.8843	14.3296	23.5000	0.9300	0.9446	0.5765	-0.0007	508.0000	506.8321	1.0275	8.9427	100.1061	39.5766	0.8230	0.8306	5.0000	-9999.0000	-9999.0000	-9999.0000	-9999.0000	-9999.0000	-9999.0000	19.4784	7	0	25.0186	1.0000	12	3	-9999.0000	20374	11139	-9999	128	130	-9999	287.6901	5	0.5666	0.5765	-0.0007	41.8240	2.1781	472.4633	506.3988	40.4398	467.4109	95.9259	471.7317	95.3009	472.6861	95.2778	474.7882	95.0000	
31/08/2017	07:27:21	011992	G523138431HLR	L523	S		433.3075	1.0292	6.8697	100.0129	39.3186	0.8430	0.8288	5.0000	19.9997	508.0328	94.8380	14.6899	23.6000	0.9300	0.9447	0.5770	-0.0008	508.0000	507.7913	1.0275	8.8477	100.1921	40.1020	0.8230	0.8288	5.0000	-9999.0000	-9999.0000	-9999.0000	-9999.0000	-9999.0000	-9999.0000	20.2918	1	0	26.4288	1.0000	12	3	-9999.0000	20375	11140	-9999	129	131	-9999	287.5222	5	0.5664	0.5770	-0.0008	46.3116	1.8144	462.0979	505.1115	39.8611	466.3935	95.3472	461.5964	95.0000	466.3033	95.1852	470.7644	95.0000	
31/08/2017	07:27:46	011992	G523138451HLR	L523	S		438.5611	1.0292	6.2516	100.0583	39.4806	0.8430	0.8304	5.0000	19.2287	508.0412	94.9537	13.1792	23.6000	0.9300	0.9448	0.5792	-0.0009	508.0000	508.4338	1.0275	8.7842	99.8326	39.4395	0.8230	0.8277	5.0000	-9999.0000	-9999.0000	-9999.0000	-9999.0000	-9999.0000	-9999.0000	19.4314	2	0	25.7793	1.0000	12	3	-9999.0000	20376	11141	-9999	130	132	-9999	288.3135	5	0.5663	0.5792	-0.0009	60.3742	0.8875	467.6464	498.5558	39.3056	461.4696	95.7639	467.0086	95.2546	472.4038	95.2546	476.6261	95.0000	
31/08/2017	07:28:14	011992	G523138457HLR	L523	S		438.7722	1.0292	6.2268	100.0320	40.2000	0.8430	0.8310	5.0000	19.9191	508.0718	94.9537	13.3696	23.6000	0.9300	0.9447	0.5791	-0.0009	508.0000	508.1332	1.0275	8.8139	100.1282	39.5000	0.8230	0.8299	5.0000	-9999.0000	-9999.0000	-9999.0000	-9999.0000	-9999.0000	-9999.0000	19.5448	3	0	28.1190	1.0000	12	3	-9999.0000	20377	11142	-9999	131	133	-9999	288.3686	5	0.5665	0.5791	-0.0009	59.2401	0.9551	469.4516	503.7913	39.5833	467.6816	95.6481	469.0412	95.3009	472.9551	95.2778	476.2791	94.9537	
31/08/2017	07:29:06	011992	G523138396HLR	L523	S		433.5979	1.0292	6.8355	100.0083	39.3277	0.8430	0.8286	5.0000	20.8111	508.1104	94.8611	15.4994	23.6000	0.9300	0.9448	0.5791	-0.0009	508.0000	508.1437	1.0275	8.8129	99.9754	40.0589	0.8230	0.8286	5.0000	-9999.0000	-9999.0000	-9999.0000	-9999.0000	-9999.0000	-9999.0000	20.6783	5	0	26.6758	1.0000	12	3	-9999.0000	20378	11143	-9999	132	134	-9999	287.4491	5	0.5664	0.5791	-0.0009	63.2712	0.7054	468.4576	487.5741	38.3565	462.1234	95.1852	469.3207	94.9769	464.8819	95.2315	468.4740	94.9074	
31/08/2017	07:29:35	011992	G523138336HLR	L523	S		433.7241	1.0292	6.8207	100.0454	39.4000	0.8430	0.8303	5.0000	18.4690	508.0704	94.8843	14.0600	23.6000	0.9300	0.9448	0.5779	-0.0008	508.0000	506.9339	1.0275	8.9326	100.1129	39.4242	0.8230	0.8277	5.0000	-9999.0000	-9999.0000	-9999.0000	-9999.0000	-9999.0000	-9999.0000	19.5563	6	0	28.4526	1.0000	12	3	-9999.0000	20379	11144	-9999	132	135	-9999	288.0693	5	0.5667	0.5779	-0.0008	50.4208	1.5380	464.5663	498.5580	37.7778	464.4328	95.8565	463.6984	95.2315	470.6475	95.2778	473.0364	94.8148	
31/08/2017	07:30:02	011992	G523138338HLR	L523	S		433.0108	1.0292	6.9046	100.0571	40.2000	0.8430	0.8310	5.0000	19.7339	508.0800	94.8380	15.0893	23.5000	0.9300	0.9446	0.5786	-0.0008	508.0000	507.5824	1.0275	8.8684	100.0302	39.5210	0.8230	0.8301	5.0000	-9999.0000	-9999.0000	-9999.0000	-9999.0000	-9999.0000	-9999.0000	19.4882	7	0	27.4690	1.0000	12	3	-9999.0000	20380	11145	-9999	133	135	-9999	287.5623	5	0.5668	0.5786	-0.0008	49.5343	1.5846	462.2094	498.3004	40.4630	461.8313	95.9028	461.7537	95.3241	466.1703	95.3009	469.7373	94.9306	
31/08/2017	07:30:53	011992	G523138390HLR	L523	S		432.1855	1.0292	7.0017	100.0013	39.3910	0.8430	0.8289	5.0000	18.4895	508.0890	94.9074	15.7494	23.6000	0.9300	0.9448	0.5784	-0.0008	508.0000	507.6088	1.0275	8.8658	99.9514	40.0215	0.8230	0.8287	5.0000	-9999.0000	-9999.0000	-9999.0000	-9999.0000	-9999.0000	-9999.0000	19.5583	1	0	25.7395	1.0000	12	3	-9999.0000	20381	11146	-9999	134	136	-9999	287.3041	5	0.5666	0.5784	-0.0008	49.0106	1.6208	467.0364	485.1002	38.7037	458.1687	95.0694	465.1386	94.7917	469.0594	95.1620	468.6070	94.8611	
31/08/2017	07:31:22	011992	G523138471HLR	L523	S		431.4867	1.0292	7.0839	100.0443	39.4000	0.8430	0.8303	5.0000	18.8065	508.0870	94.9306	15.9399	23.6000	0.9300	0.9447	0.5788	-0.0008	508.0000	507.1737	1.0275	8.9089	100.0202	39.3513	0.8230	0.8277	5.0000	-9999.0000	-9999.0000	-9999.0000	-9999.0000	-9999.0000	-9999.0000	19.1896	2	0	29.3180	1.0000	12	3	-9999.0000	20382	11147	-9999	135	137	-9999	287.2905	5	0.5668	0.5788	-0.0008	47.8663	1.6895	470.8421	491.3613	40.3009	464.2198	95.7870	468.2431	95.1852	470.9373	95.3704	468.2567	94.9074	
31/08/2017	07:31:53	011992	G523138462HLR	L523	S		436.7794	1.0292	6.4612	100.0491	40.2000	0.8430	0.8311	5.0000	18.6488	508.0898	94.8611	14.3090	23.5000	0.9300	0.9446	0.5807	-0.0010	508.0000	508.7879	1.0275	8.7491	100.1695	39.5016	0.8230	0.8303	5.0000	-9999.0000	-9999.0000	-9999.0000	-9999.0000	-9999.0000	-9999.0000	19.2486	3	0	30.7997	1.0000	12	3	-9999.0000	20383	11148	-9999	136	138	-9999	288.0645	5	0.5665	0.5807	-0.0010	54.5143	1.2539	463.0395	481.8495	38.0787	457.8857	95.8333	462.5122	95.1852	467.5991	95.1620	471.4517	95.0000	
31/08/2017	07:32:45	011992	G523138405HLR	L523	S		432.9094	1.0292	6.9165	100.0138	39.3204	0.8430	0.8288	5.0000	19.8390	508.1022	94.8611	14.7094	23.6000	0.9300	0.9447	0.5803	-0.0009	508.0000	507.4634	1.0275	8.8802	100.0488	39.9202	0.8230	0.8284	5.0000	-9999.0000	-9999.0000	-9999.0000	-9999.0000	-9999.0000	-9999.0000	19.3859	5	0	27.2187	1.0000	12	3	-9999.0000	20384	11149	-9999	137	139	-9999	288.0327	5	0.5665	0.5803	-0.0009	40.7678	2.2324	459.7702	482.1192	38.4491	460.4298	95.0694	459.3344	95.1157	464.9958	95.2778	469.0449	94.9537	
31/08/2017	07:33:11	011992	G523138386HLR	L523	S		432.9367	1.0292	6.9133	100.0064	39.5000	0.8430	0.8304	5.0000	19.4396	508.0671	94.7917	16.0492	23.5000	0.9300	0.9447	0.5755	-0.0006	508.0000	508.5259	1.0275	8.7750	100.0514	39.2763	0.8230	0.8277	5.0000	-9999.0000	-9999.0000	-9999.0000	-9999.0000	-9999.0000	-9999.0000	18.8787	6	0	25.7296	1.0000	12	3	-9999.0000	20385	11150	-9999	138	140	-9999	287.5924	5	0.5668	0.5755	-0.0006	42.9016	2.0812	462.6716	536.4526	41.4815	459.2715	95.4630	460.8885	94.9074	472.1587	95.0926	469.8777	95.0231	
31/08/2017	07:33:37	011992	G523138456HLR	L523	S		433.1729	1.0292	6.8855	100.0139	40.2000	0.8430	0.8311	5.0000	18.5188	508.0956	94.9074	18.3294	23.5000	0.9300	0.9446	0.5748	-0.0006	508.0000	509.3299	1.0275	8.6955	100.1478	39.6619	0.8230	0.8308	5.0000	-9999.0000	-9999.0000	-9999.0000	-9999.0000	-9999.0000	-9999.0000	19.6387	7	0	26.7185	1.0000	12	3	-9999.0000	20386	11151	-9999	139	141	-9999	286.9701	5	0.5667	0.5748	-0.0006	42.5772	2.1003	459.0530	493.2210	40.0000	456.5516	96.2500	456.0893	96.1806	459.8239	94.6991	461.5616	94.7222	
31/08/2017	07:34:28	011992	G523138441HLR	L523	S		432.0997	1.0292	7.0118	100.0275	39.2559	0.8430	0.8290	5.0000	20.2655	508.0345	94.9537	16.4193	23.6000	0.9300	0.9447	0.5743	-0.0005	508.0000	508.0151	1.0275	8.8256	100.0330	40.0455	0.8230	0.8286	5.0000	-9999.0000	-9999.0000	-9999.0000	-9999.0000	-9999.0000	-9999.0000	19.5993	1	0	25.9092	1.0000	12	3	-9999.0000	20387	11152	-9999	139	142	-9999	287.4809	5	0.5667	0.5743	-0.0005	41.5657	2.1679	456.5246	515.5420	40.6713	459.3107	94.3287	456.3607	94.0741	460.1404	94.7222	465.9311	94.9769	
31/08/2017	07:34:55	011992	G523138437HLR	L523	S		434.7189	1.0292	6.7037	100.0157	39.6054	0.8430	0.8305	5.0000	21.2893	508.0892	94.8843	14.8090	23.6000	0.9300	0.9447	0.5754	-0.0006	508.0000	507.3327	1.0275	8.8931	100.2240	39.3539	0.8230	0.8276	5.0000	-9999.0000	-9999.0000	-9999.0000	-9999.0000	-9999.0000	-9999.0000	19.4697	2	0	26.4787	1.0000	12	3	-9999.0000	20388	11153	-9999	140	143	-9999	287.9365	5	0.5667	0.5754	-0.0006	41.7585	2.1339	464.3707	522.2204	41.4583	462.8596	94.7454	464.1895	94.3056	467.4542	94.8148	471.9946	95.0000	
31/08/2017	07:35:23	011992	G523138466HLR	L523	S		434.2522	1.0292	6.7586	99.9987	40.3000	0.8430	0.8306	5.0000	20.0084	508.0437	94.9074	15.7797	23.6000	0.9300	0.9446	0.5797	-0.0009	508.0000	508.0020	1.0275	8.8269	100.0668	39.5000	0.8230	0.8300	5.0000	-9999.0000	-9999.0000	-9999.0000	-9999.0000	-9999.0000	-9999.0000	19.3495	3	0	27.9989	1.0000	12	3	-9999.0000	20389	11154	-9999	141	144	-9999	287.5230	5	0.5663	0.5797	-0.0009	55.8036	1.2384	459.7808	505.2605	39.7917	456.4944	95.2315	459.0600	95.0694	462.3740	95.1157	467.0433	94.9306	
31/08/2017	07:36:15	011992	G523138389HLR	L523	S		432.3572	1.0292	6.9815	100.0460	39.3305	0.8430	0.8290	5.0000	18.6300	508.0761	94.8380	15.0297	23.6000	0.9300	0.9446	0.5809	-0.0009	508.0000	507.4011	1.0275	8.8864	100.2698	40.0766	0.8230	0.8289	5.0000	-9999.0000	-9999.0000	-9999.0000	-9999.0000	-9999.0000	-9999.0000	19.2239	5	0	27.5299	1.0000	12	3	-9999.0000	20390	11155	-9999	142	145	-9999	287.9884	5	0.5662	0.5809	-0.0009	57.9257	1.1019	456.4282	483.5991	40.4630	455.3898	94.2130	455.6830	93.7963	460.3528	94.9074	466.5683	95.1389	
31/08/2017	07:36:44	011992	G523138415HLR	L523	S		434.3435	1.0292	6.7478	100.0162	39.5000	0.8430	0.8305	5.0000	18.4701	508.0928	94.8148	14.9887	23.6000	0.9300	0.9447	0.5834	-0.0011	508.0000	507.7766	1.0275	8.8492	100.2303	39.3896	0.8230	0.8277	5.0000	-9999.0000	-9999.0000	-9999.0000	-9999.0000	-9999.0000	-9999.0000	18.7988	6	0	29.0390	1.0000	12	3	-9999.0000	20391	11156	-9999	143	146	-9999	288.1898	5	0.5663	0.5834	-0.0011	57.9815	1.1023	456.4940	487.8711	41.0185	457.4531	94.8148	455.6925	94.2130	462.2234	95.0463	468.6271	95.0463	
31/08/2017	07:38:03	011992	G523138477HLR	L523	S		430.4732	1.0292	7.2032	100.0061	40.2000	0.8430	0.8310	5.0000	18.5304	508.0898	94.9537	16.2797	23.6000	0.9300	0.9446	0.5818	-0.0010	508.0000	507.9333	1.0275	8.8337	100.1415	39.5096	0.8230	0.8301	5.0000	-9999.0000	-9999.0000	-9999.0000	-9999.0000	-9999.0000	-9999.0000	19.3724	7	0	77.1958	1.0000	12	3	-9999.0000	20392	11157	-9999	144	147	-9999	287.4496	5	0.5661	0.5818	-0.0010	53.2240	1.3748	466.9743	487.3732	40.2778	449.4923	94.9769	467.7464	94.4907	460.3476	95.0231	463.4888	95.0926	
31/08/2017	07:38:25	011992	error reading	L523	S		0.0000	0.0000	0.0000	0.0000	0.0000	0.8430	0.0000	0.0000	0.0000	0.0000	0.0000	0.0000	0.0000	0.9300	0.0000	0.0000	0.0000	0.0000	0.0000	0.0000	0.0000	0.0000	0.0000	0.8230	0.0000	0.0000	0.0000	0.0000	0.0000	0.0000	0.0000	0.0000	0.0000	0	28	77.1958	1.0000	12	3	0.0000	0	0	0	0	0	0	0.0000	0	0.0000	0.0000	0.0000	0.0000	0.0000	0.0000	0.0000	0.0000	0.0000	0.0000	0.0000	0.0000	0.0000	0.0000	0.0000	0.0000	
31/08/2017	07:39:38	011992	G523138470HLR	L523	S		432.2756	1.0292	6.9911	99.9600	39.3473	0.8430	0.8290	5.0000	18.4108	508.1056	94.9537	16.5892	23.6000	0.9300	0.9446	0.5852	-0.0012	508.0000	507.9262	1.0275	8.8344	99.9038	39.3000	0.8230	0.8294	5.0000	-9999.0000	-9999.0000	-9999.0000	-9999.0000	-9999.0000	-9999.0000	19.1290	1	0	52.7382	1.0000	12	3	-9999.0000	20393	11158	-9999	145	148	-9999	287.3457	5	0.5664	0.5852	-0.0012	59.6464	0.9492	457.1089	504.7505	40.9954	454.9043	94.7685	456.2062	94.3750	462.3597	95.0694	465.5023	95.1157	
31/08/2017	07:40:02	011992	G523138461HLR	L523	S		433.3744	1.0292	6.8618	100.0332	39.5000	0.8430	0.8306	5.0000	18.9992	508.0639	94.9537	16.2495	23.5000	0.9300	0.9446	0.5852	-0.0012	508.0000	507.4864	1.0275	8.8779	99.9471	39.8982	0.8230	0.8285	5.0000	-9999.0000	-9999.0000	-9999.0000	-9999.0000	-9999.0000	-9999.0000	19.2985	2	0	25.9592	1.0000	12	3	-9999.0000	20394	11159	-9999	146	149	-9999	287.5411	5	0.5664	0.5852	-0.0012	59.6464	0.9492	453.8817	489.8539	40.1852	458.1891	95.5093	453.3112	95.2546	458.3483	95.1389	462.8979	94.9537	
31/08/2017	07:40:29	011992	G523138450HLR	L523	S		433.9585	1.0292	6.7931	100.0128	40.2000	0.8430	0.8309	5.0000	18.3788	508.1069	94.9306	15.7494	23.5000	0.9300	0.9445	0.5852	-0.0012	508.0000	508.8695	1.0275	8.7410	100.0589	39.1563	0.8230	0.8275	5.0000	-9999.0000	-9999.0000	-9999.0000	-9999.0000	-9999.0000	-9999.0000	20.8484	3	0	26.6591	1.0000	12	3	-9999.0000	20395	11160	-9999	147	150	-9999	287.8713	5	0.5663	0.5852	-0.0012	58.1192	1.0549	457.6021	489.3890	39.1898	453.8957	96.1111	457.9091	94.8380	461.1192	95.0231	463.6296	94.9769	
31/08/2017	07:41:21	011992	G523138395HLR	L523	S		432.0463	1.0292	7.0181	99.9623	40.0000	0.8430	0.8304	5.0000	19.6389	508.0953	94.9537	16.9193	23.7000	0.9300	0.9449	0.5853	-0.0012	508.0000	507.3005	1.0275	8.8963	99.9222	40.4683	0.8230	0.8315	5.0000	-9999.0000	-9999.0000	-9999.0000	-9999.0000	-9999.0000	-9999.0000	19.4892	5	0	27.2695	1.0000	12	3	-9999.0000	20396	11161	-9999	148	151	-9999	287.1805	5	0.5662	0.5853	-0.0012	60.2970	0.9114	447.7372	475.7209	39.2130	448.3494	94.4676	446.7658	94.3981	453.9845	95.0694	460.9583	94.9769	
31/08/2017	07:41:47	011992	G523138403HLR	L523	S		433.5073	1.0292	6.8462	100.0144	39.5000	0.8430	0.8302	5.0000	18.5890	508.0846	94.8611	15.0893	23.6000	0.9300	0.9447	0.5853	-0.0012	508.0000	507.5160	1.0275	8.8750	99.9460	39.8794	0.8230	0.8283	5.0000	-9999.0000	-9999.0000	-9999.0000	-9999.0000	-9999.0000	-9999.0000	19.1558	6	0	26.3387	1.0000	12	3	-9999.0000	20397	11162	-9999	149	152	-9999	288.3091	5	0.5662	0.5853	-0.0012	60.2970	0.9114	458.1735	491.0363	39.4444	455.7055	95.3241	457.7033	94.8843	460.8580	95.0926	466.3738	95.0463	
31/08/2017	07:42:14	011992	G523138418HLR	L523	S		432.7691	1.0292	6.9331	100.0079	39.9000	0.8430	0.8307	5.0000	18.4191	508.1106	94.9074	15.7494	23.6000	0.9300	0.9446	0.5852	-0.0012	508.0000	508.1525	1.0275	8.8120	100.2038	39.2924	0.8230	0.8279	5.0000	-9999.0000	-9999.0000	-9999.0000	-9999.0000	-9999.0000	-9999.0000	19.5584	7	0	26.6388	1.0000	12	3	-9999.0000	20398	11163	-9999	150	152	-9999	287.9527	5	0.5662	0.5852	-0.0012	60.4624	0.8980	455.6243	502.8653	38.2407	451.4019	95.5324	455.1797	94.9537	460.5051	95.2546	465.8662	95.0694	
31/08/2017	07:43:06	011992	G523138411HLR	L523	S		430.2489	1.0292	7.2295	100.0568	39.4240	0.8430	0.8292	5.0000	18.7092	508.1401	94.9306	16.3392	23.7000	0.9300	0.9446	0.5811	-0.0009	508.0000	506.8379	1.0275	8.9421	99.9701	40.2916	0.8230	0.8307	5.0000	-9999.0000	-9999.0000	-9999.0000	-9999.0000	-9999.0000	-9999.0000	19.8836	1	0	27.4794	1.0000	12	3	-9999.0000	20399	11164	-9999	151	153	-9999	287.7318	5	0.5665	0.5811	-0.0009	55.7969	1.1928	453.5703	490.5754	41.2963	449.9935	95.2778	453.1414	94.7685	457.3682	95.0926	462.5356	95.0000	
31/08/2017	07:43:33	011992	G523138335HLR	L523	S		426.1180	1.0292	7.7155	100.0189	39.5000	0.8430	0.8302	5.0000	19.0697	508.0742	94.9306	15.5297	23.6000	0.9300	0.9447	0.5825	-0.0010	508.0000	507.7864	1.0275	8.8482	100.0693	39.7489	0.8230	0.8282	5.0000	-9999.0000	-9999.0000	-9999.0000	-9999.0000	-9999.0000	-9999.0000	19.2488	2	0	26.8682	1.0000	12	3	-9999.0000	20400	11165	-9999	152	154	-9999	288.0749	5	0.5667	0.5825	-0.0010	58.5340	1.0118	457.0018	508.2072	40.2546	459.2406	96.3426	456.7878	95.3472	460.9938	95.1852	465.6650	94.9074	
31/08/2017	07:44:01	011992	G523138337HLR	L523	S		431.4695	1.0292	7.0859	100.0414	40.1000	0.8430	0.8307	5.0000	19.3391	508.0601	94.8148	15.7699	23.6000	0.9300	0.9446	0.5829	-0.0010	508.0000	507.9092	1.0275	8.8361	99.9877	39.3768	0.8230	0.8285	5.0000	-9999.0000	-9999.0000	-9999.0000	-9999.0000	-9999.0000	-9999.0000	19.5499	3	0	28.0897	1.0000	12	3	-9999.0000	20401	11166	-9999	153	155	-9999	287.9391	5	0.5666	0.5829	-0.0010	62.0637	0.8054	459.1778	513.3773	40.7639	459.0959	96.3194	458.2941	95.3009	461.5584	95.1620	464.3101	94.9537	
31/08/2017	07:44:55	011992	G523138430HLR	L523	S		430.2154	1.0292	7.2335	99.9771	39.2898	0.8430	0.8289	5.0000	19.8698	508.0207	94.9074	16.6498	23.6000	0.9300	0.9446	0.5816	-0.0009	508.0000	507.4013	1.0275	8.8863	100.0700	40.2315	0.8230	0.8300	5.0000	-9999.0000	-9999.0000	-9999.0000	-9999.0000	-9999.0000	-9999.0000	19.3035	5	0	28.5553	1.0000	12	3	-9999.0000	20402	11167	-9999	154	156	-9999	287.5685	5	0.5668	0.5816	-0.0009	59.8724	0.9616	458.1140	496.6658	42.1296	457.2349	95.0926	457.1965	94.9074	462.2573	95.2546	465.6456	95.0000	
31/08/2017	07:45:22	011992	G523138422HLR	L523	S		429.0037	1.0292	7.3760	100.0417	39.5000	0.8430	0.8306	5.0000	19.0665	508.0364	94.9537	15.7397	23.6000	0.9300	0.9446	0.5819	-0.0010	508.0000	507.4141	1.0275	8.8851	99.9314	39.5609	0.8230	0.8278	5.0000	-9999.0000	-9999.0000	-9999.0000	-9999.0000	-9999.0000	-9999.0000	19.2284	6	0	27.6526	1.0000	12	3	-9999.0000	20403	11168	-9999	155	157	-9999	288.0407	5	0.5667	0.5819	-0.0010	56.4327	1.1717	466.9377	503.5713	41.9213	458.4205	96.2731	465.9587	94.9074	468.1460	95.0694	470.6341	95.0000	
31/08/2017	07:45:51	011992	G523138426HLR	L523	S		431.1484	1.0292	7.1237	100.0099	40.2100	0.8430	0.8309	5.0000	18.5794	508.1254	94.8843	16.0092	23.5000	0.9300	0.9445	0.5822	-0.0010	508.0000	508.3046	1.0275	8.7969	100.0558	39.5000	0.8230	0.8295	5.0000	-9999.0000	-9999.0000	-9999.0000	-9999.0000	-9999.0000	-9999.0000	19.4383	7	0	28.3886	1.0000	12	3	-9999.0000	20404	11169	-9999	155	158	-9999	288.0092	5	0.5667	0.5822	-0.0010	64.0373	0.7143	463.8851	495.5689	38.6574	450.3883	96.2500	463.0286	95.3009	466.6360	95.1852	467.7424	95.0000	
31/08/2017	07:46:42	011992	G523138352HLR	L523	S		430.3817	1.0292	7.2139	100.0310	39.2918	0.8430	0.8291	5.0000	18.6691	508.0787	94.9537	17.6390	23.6000	0.9300	0.9446	0.5785	-0.0007	508.0000	510.2733	1.0275	8.6021	99.9026	40.0393	0.8230	0.8289	5.0000	-9999.0000	-9999.0000	-9999.0000	-9999.0000	-9999.0000	-9999.0000	19.5160	1	0	26.4497	1.0000	12	4	-9999.0000	20405	11170	-9999	156	159	-9999	287.3728	5	0.5669	0.5785	-0.0007	70.4926	0.3386	455.2562	477.7993	40.5556	452.3701	94.6991	454.3160	95.0694	458.9425	95.1157	462.9517	94.8148	
31/08/2017	07:47:12	011992	G523138355HLR	L523	S		431.7622	1.0292	7.0515	100.0051	39.6363	0.8430	0.8305	5.0000	21.3193	508.1226	94.7917	15.4594	23.5000	0.9300	0.9446	0.5785	-0.0007	508.0000	508.3094	1.0275	8.7965	100.0091	39.3586	0.8230	0.8277	5.0000	-9999.0000	-9999.0000	-9999.0000	-9999.0000	-9999.0000	-9999.0000	19.4890	2	0	29.9076	1.0000	12	4	-9999.0000	20406	11171	-9999	156	160	-9999	288.3628	5	0.5669	0.5785	-0.0007	70.4926	0.3386	461.6493	489.5964	38.5185	461.0777	95.3704	461.1096	95.0231	465.3005	95.2315	469.3015	95.0000	
31/08/2017	07:47:44	011992	G523138341HLR	L523	S		431.7275	1.0292	7.0556	100.0178	40.2954	0.8430	0.8304	5.0000	19.6951	508.0541	95.0000	15.9594	23.5000	0.9300	0.9446	0.5782	-0.0007	508.0000	507.6947	1.0275	8.8573	100.2836	39.5621	0.8230	0.8303	5.0000	-9999.0000	-9999.0000	-9999.0000	-9999.0000	-9999.0000	-9999.0000	19.4396	3	0	31.2996	1.0000	12	4	-9999.0000	20407	11172	-9999	157	161	-9999	288.0965	5	0.5669	0.5782	-0.0007	71.8193	0.2865	458.6694	512.3369	39.1435	459.0776	95.6713	458.5047	95.2546	463.7752	95.3241	467.5398	94.9537	
31/08/2017	07:48:33	011992	G523138374HLR	L523	S		430.6122	1.0292	7.1868	99.9723	39.3151	0.8430	0.8293	5.0000	18.8258	508.0535	94.8843	15.6801	23.6000	0.9300	0.9447	0.5793	-0.0008	508.0000	508.2572	1.0275	8.8016	99.9488	39.8974	0.8230	0.8283	5.0000	-9999.0000	-9999.0000	-9999.0000	-9999.0000	-9999.0000	-9999.0000	19.3484	5	0	24.9685	1.0000	12	4	-9999.0000	20407	11173	-9999	158	162	-9999	288.2523	5	0.5667	0.5793	-0.0008	61.5998	0.9522	459.0738	517.3176	40.5093	458.0482	95.4861	458.6732	95.1852	464.3370	95.1389	467.1091	94.9074	
31/08/2017	07:49:00	011992	G523138369HLR	L523	S		427.8242	1.0292	7.5148	100.0126	39.7000	0.8430	0.8308	5.0000	18.3489	508.0518	94.9306	16.9593	23.5000	0.9300	0.9447	0.5758	-0.0005	508.0000	507.0585	1.0275	8.9202	99.9766	39.2669	0.8230	0.8276	5.0000	-9999.0000	-9999.0000	-9999.0000	-9999.0000	-9999.0000	-9999.0000	19.5391	6	0	26.3098	1.0000	12	4	-9999.0000	20408	11174	-9999	158	163	-9999	287.9355	5	0.5668	0.5758	-0.0005	49.1839	1.7242	456.8509	505.1823	41.4120	458.9477	95.8565	456.1144	95.1157	460.4121	95.1389	464.0346	94.9306	
31/08/2017	07:49:27	011992	G523138375HLR	L523	S		429.1954	1.0292	7.3535	99.9321	40.2222	0.8430	0.8304	5.0000	18.4684	508.0951	94.9074	18.3987	23.5000	0.9300	0.9446	0.5703	-0.0002	508.0000	509.3623	1.0275	8.6923	99.8439	39.5978	0.8230	0.8306	5.0000	-9999.0000	-9999.0000	-9999.0000	-9999.0000	-9999.0000	-9999.0000	19.5772	7	0	27.7190	1.0000	12	4	-9999.0000	20409	11175	-9999	159	164	-9999	287.9672	5	0.5668	0.5703	-0.0002	53.8376	1.4365	458.7215	523.8124	41.9907	461.3748	95.9722	457.9343	95.1852	462.0765	95.0694	465.6788	95.1389	
31/08/2017	07:50:45	011992	G523138358HLR	L523	S		430.2296	1.0292	7.2318	100.0370	39.8842	0.8430	0.8309	5.0000	18.8793	508.0499	94.8843	15.4897	23.7000	0.9300	0.9449	0.5660	0.0001	508.0000	507.6173	1.0275	8.8650	100.0092	39.4581	0.8230	0.8275	5.0000	-9999.0000	-9999.0000	-9999.0000	-9999.0000	-9999.0000	-9999.0000	19.5185	2	0	26.4154	1.0000	12	4	-9999.0000	20411	11176	-9999	161	165	-9999	288.1915	5	0.5668	0.5660	0.0001	54.9927	1.3948	465.7388	493.1724	39.0972	464.1218	94.8148	465.2166	94.6065	470.2774	95.0231	475.2322	94.9769	
31/08/2017	07:51:14	011992	G523138349HLR	L523	S		430.4399	1.0292	7.2071	100.0518	40.2016	0.8430	0.8301	5.0000	18.6594	508.0665	94.8611	16.7894	23.6000	0.9300	0.9448	0.5773	-0.0006	508.0000	507.8810	1.0275	8.8389	99.9168	39.3000	0.8230	0.8292	5.0000	-9999.0000	-9999.0000	-9999.0000	-9999.0000	-9999.0000	-9999.0000	19.7585	3	0	28.3984	1.0000	12	4	-9999.0000	20412	11177	-9999	162	166	-9999	287.9095	5	0.5666	0.5773	-0.0006	56.9035	1.2754	459.1990	494.5178	38.0556	456.9798	95.5093	458.6716	95.0463	462.8954	95.0694	466.7609	94.9769	
31/08/2017	07:52:04	011992	G523138143HLR	L523	S		431.5325	1.0292	7.0785	100.0704	39.3645	0.8430	0.8297	5.0000	18.6995	508.0114	94.9537	15.8100	23.6000	0.9300	0.9446	0.5773	-0.0006	508.0000	507.4401	1.0275	8.8825	100.0486	40.2747	0.8230	0.8291	5.0000	-9999.0000	-9999.0000	-9999.0000	-9999.0000	-9999.0000	-9999.0000	20.1589	5	0	25.6261	1.0000	12	4	-9999.0000	20413	11178	-9999	163	167	-9999	288.1493	5	0.5666	0.5773	-0.0006	56.9035	1.2754	460.9487	488.7431	41.1574	462.4777	95.4630	460.2728	95.1389	464.8022	95.1389	466.5687	94.8843	
31/08/2017	07:52:31	011992	G523138146HLR	L523	S		431.9100	1.0292	7.0341	100.0190	39.8174	0.8430	0.8308	5.0000	18.8044	508.1078	94.9537	15.6889	23.6000	0.9300	0.9447	0.5775	-0.0006	508.0000	508.9551	1.0275	8.7326	100.0061	39.5677	0.8230	0.8276	5.0000	-9999.0000	-9999.0000	-9999.0000	-9999.0000	-9999.0000	-9999.0000	19.6491	6	0	26.0705	1.0000	12	4	-9999.0000	20414	11179	-9999	164	168	-9999	288.3793	5	0.5667	0.5775	-0.0006	59.2149	1.1454	464.7662	514.8492	41.5046	469.8732	95.3935	464.8590	95.1389	466.9329	95.2083	469.9619	94.8380	
31/08/2017	07:52:58	011992	G523138384HLR	L523	S		430.3813	1.0292	7.2140	100.0265	40.1240	0.8430	0.8300	5.0000	18.8596	508.1176	94.9074	17.4896	23.6000	0.9300	0.9446	0.5776	-0.0006	508.0000	508.5236	1.0275	8.7753	99.9834	39.4000	0.8230	0.8288	5.0000	-9999.0000	-9999.0000	-9999.0000	-9999.0000	-9999.0000	-9999.0000	19.6190	7	0	27.9401	1.0000	12	4	-9999.0000	20415	11180	-9999	164	169	-9999	287.7827	5	0.5667	0.5776	-0.0006	59.4567	1.1310	454.7745	523.9526	40.1852	454.3014	95.8102	454.3319	95.1157	458.9032	95.1620	463.6480	95.1157	
31/08/2017	07:53:50	011992	G523138362HLR	L523	S		431.2497	1.0292	7.1118	100.0004	39.4000	0.8430	0.8297	5.0000	20.5597	508.0548	94.8611	14.8100	23.6000	0.9300	0.9446	0.5774	-0.0006	508.0000	507.3940	1.0275	8.8871	99.9355	40.1900	0.8230	0.8293	5.0000	-9999.0000	-9999.0000	-9999.0000	-9999.0000	-9999.0000	-9999.0000	20.1207	1	0	26.5293	1.0000	12	4	-9999.0000	20416	11181	-9999	165	170	-9999	288.6238	5	0.5668	0.5774	-0.0006	56.0901	1.3183	464.9131	506.9762	42.1296	464.9292	95.3472	464.3543	95.1620	466.3603	95.1157	469.0757	94.9074	
31/08/2017	07:54:16	011992	G523138379HLR	L523	S		432.2692	1.0292	6.9919	100.0377	39.8717	0.8430	0.8307	5.0000	20.0393	508.0819	94.7917	15.3197	23.6000	0.9300	0.9447	0.5764	-0.0006	508.0000	507.4797	1.0275	8.8786	100.0760	39.5413	0.8230	0.8278	5.0000	-9999.0000	-9999.0000	-9999.0000	-9999.0000	-9999.0000	-9999.0000	19.3792	2	0	26.0789	1.0000	12	4	-9999.0000	20417	11182	-9999	166	171	-9999	288.4685	5	0.5668	0.5764	-0.0006	56.5533	1.2924	460.6967	514.3778	40.1852	463.9289	95.6481	460.1819	95.3009	466.3393	95.2315	469.7666	94.9306	
31/08/2017	07:54:44	011992	G523138372HLR	L523	S		430.0535	1.0292	7.2525	100.0160	40.1282	0.8430	0.8300	5.0000	18.4787	508.0636	94.9306	17.0092	23.6000	0.9300	0.9446	0.5784	-0.0007	508.0000	508.5975	1.0275	8.7680	99.9442	39.4351	0.8230	0.8292	5.0000	-9999.0000	-9999.0000	-9999.0000	-9999.0000	-9999.0000	-9999.0000	19.7194	3	0	27.6690	1.0000	12	4	-9999.0000	20418	11183	-9999	167	172	-9999	287.8392	5	0.5670	0.5784	-0.0007	59.7084	1.0896	455.2519	523.7011	39.0741	455.1090	95.6713	454.9564	95.0463	460.1890	95.0694	463.2426	95.0000	
31/08/2017	07:55:35	011992	G523138163HLR	L523	S		430.8181	1.0292	7.1626	100.0607	39.4273	0.8430	0.8297	5.0000	18.5500	508.0386	94.9306	15.6889	23.7000	0.9300	0.9446	0.5811	-0.0009	508.0000	507.3698	1.0275	8.8895	99.9727	40.1242	0.8230	0.8289	5.0000	-9999.0000	-9999.0000	-9999.0000	-9999.0000	-9999.0000	-9999.0000	20.1395	5	0	26.8503	1.0000	12	4	-9999.0000	20419	11184	-9999	168	173	-9999	288.4131	5	0.5672	0.5811	-0.0009	60.5325	1.0413	456.6146	508.6981	43.0556	460.5941	95.0000	456.2424	94.6991	460.4769	95.1852	466.3740	95.0000	
31/08/2017	07:56:03	011992	G523138159HLR	L523	S		430.7991	1.0292	7.1648	100.0305	39.8000	0.8430	0.8306	5.0000	19.5726	508.0428	94.9306	15.3491	23.6000	0.9300	0.9446	0.5813	-0.0009	508.0000	507.4244	1.0275	8.8840	100.0158	39.4663	0.8230	0.8275	5.0000	-9999.0000	-9999.0000	-9999.0000	-9999.0000	-9999.0000	-9999.0000	19.6191	6	0	27.7678	1.0000	12	4	-9999.0000	20420	11185	-9999	169	174	-9999	288.6170	5	0.5673	0.5813	-0.0009	59.3942	1.1112	459.2188	539.7729	40.3935	458.6223	96.1111	458.5936	95.7176	462.9460	95.3241	467.4330	94.8843	
31/08/2017	07:56:29	011992	G523138168HLR	L523	S		430.0206	1.0292	7.2564	100.0220	40.1016	0.8430	0.8300	5.0000	18.8401	508.0384	94.9306	16.8099	23.6000	0.9300	0.9445	0.5837	-0.0010	508.0000	507.9835	1.0275	8.8287	99.9116	39.5000	0.8230	0.8297	5.0000	-9999.0000	-9999.0000	-9999.0000	-9999.0000	-9999.0000	-9999.0000	19.3881	7	0	25.7187	1.0000	12	4	-9999.0000	20421	11186	-9999	170	175	-9999	287.9419	5	0.5671	0.5837	-0.0010	58.1215	1.1848	453.7564	516.3857	39.7454	454.2495	95.8102	453.6381	95.4398	457.2223	95.1852	460.7813	94.9769	
31/08/2017	07:57:21	011992	G523138154HLR	L523	S		431.1629	1.0292	7.1220	100.0166	39.4289	0.8430	0.8297	5.0000	18.6210	508.0856	94.9306	15.9193	23.6000	0.9300	0.9445	0.5842	-0.0010	508.0000	508.5774	1.0275	8.7699	100.0173	40.0916	0.8230	0.8289	5.0000	-9999.0000	-9999.0000	-9999.0000	-9999.0000	-9999.0000	-9999.0000	19.6517	1	0	26.5693	1.0000	12	4	-9999.0000	20422	11187	-9999	171	176	-9999	288.4645	5	0.5672	0.5842	-0.0010	58.8839	1.1307	457.5672	490.3409	40.4398	456.0526	94.6991	456.7917	94.9537	460.7588	95.1389	463.9740	94.9074	
31/08/2017	07:57:47	011992	G523138138HLR	L523	S		429.8004	1.0292	7.2823	99.9946	39.8000	0.8430	0.8307	5.0000	18.4494	508.0553	94.9537	16.9095	23.6000	0.9300	0.9446	0.5864	-0.0012	508.0000	507.4300	1.0275	8.8835	99.9056	39.4309	0.8230	0.8274	5.0000	-9999.0000	-9999.0000	-9999.0000	-9999.0000	-9999.0000	-9999.0000	19.6786	2	0	26.7891	1.0000	12	4	-9999.0000	20423	11188	-9999	172	177	-9999	287.8596	5	0.5675	0.5864	-0.0012	64.4079	0.7915	450.0423	528.8347	40.5556	446.0932	95.6019	449.6639	95.2778	454.4285	95.1389	458.4040	94.7917	
31/08/2017	07:58:13	011992	G523138147HLR	L523	S		434.9070	1.0292	6.6815	99.9947	40.1052	0.8430	0.8300	5.0000	18.5083	508.0730	94.8843	14.8100	23.6000	0.9300	0.9445	0.5871	-0.0012	508.0000	509.3129	1.0275	8.6972	100.1946	39.5000	0.8230	0.8298	5.0000	-9999.0000	-9999.0000	-9999.0000	-9999.0000	-9999.0000	-9999.0000	19.5669	3	0	25.9795	1.0000	12	4	-9999.0000	20424	11189	-9999	173	178	-9999	289.2189	5	0.5675	0.5871	-0.0012	61.0427	0.9920	459.0063	515.8314	40.3472	453.2380	95.2546	458.3447	94.7917	468.9032	95.0231	471.8425	95.0926	
31/08/2017	07:59:05	011992	G523136830HLR	L523	S		432.4241	1.0292	6.9736	100.0771	39.4124	0.8430	0.8296	5.0000	20.2794	508.0869	94.9306	15.6996	23.6000	0.9300	0.9445	0.5868	-0.0012	508.0000	509.9903	1.0275	8.6301	99.9510	40.1331	0.8230	0.8289	5.0000	-9999.0000	-9999.0000	-9999.0000	-9999.0000	-9999.0000	-9999.0000	19.6227	5	0	26.4451	1.0000	12	4	-9999.0000	20425	11190	-9999	174	179	-9999	288.5722	5	0.5675	0.5868	-0.0012	61.1854	0.9914	454.2633	481.1897	39.1667	451.2607	94.6759	453.4382	94.5602	459.1655	94.9306	464.5447	95.0231	
31/08/2017	07:59:30	011992	G523138178HLR	L523	S		433.5443	1.0292	6.8418	99.9989	39.8263	0.8430	0.8307	5.0000	18.5686	508.0626	94.9537	15.8597	23.6000	0.9300	0.9446	0.5851	-0.0011	508.0000	509.0902	1.0275	8.7192	100.0581	39.4754	0.8230	0.8276	5.0000	-9999.0000	-9999.0000	-9999.0000	-9999.0000	-9999.0000	-9999.0000	19.3655	6	0	24.8992	1.0000	12	4	-9999.0000	20426	11191	-9999	175	180	-9999	288.4771	5	0.5674	0.5851	-0.0011	62.5661	0.9086	455.4680	487.5209	40.7407	455.4551	95.6481	454.8293	94.8611	458.5027	95.0000	463.9094	95.0000	
31/08/2017	07:59:55	011992	G523138175HLR	L523	S		433.7807	1.0292	6.8140	100.0474	40.1000	0.8430	0.8297	5.0000	19.9593	508.0282	94.8843	15.1088	23.6000	0.9300	0.9445	0.5837	-0.0010	508.0000	508.9698	1.0275	8.7311	99.9544	39.5000	0.8230	0.8296	5.0000	-9999.0000	-9999.0000	-9999.0000	-9999.0000	-9999.0000	-9999.0000	19.2892	7	0	25.5686	1.0000	12	4	-9999.0000	20427	11192	-9999	176	181	-9999	288.8288	5	0.5676	0.5837	-0.0010	58.1028	1.1733	466.8910	506.3004	38.1713	455.3039	95.9259	468.1566	94.7222	464.8513	95.0000	467.6215	94.9769	
31/08/2017	08:00:46	011992	G523138171HLR	L523	S		429.3683	1.0292	7.3331	100.0864	39.4172	0.8430	0.8297	5.0000	18.6940	508.1122	94.9306	15.6098	23.6000	0.9300	0.9446	0.5822	-0.0009	508.0000	508.2206	1.0275	8.8053	100.0078	40.1711	0.8230	0.8292	5.0000	-9999.0000	-9999.0000	-9999.0000	-9999.0000	-9999.0000	-9999.0000	19.6084	1	0	25.4581	1.0000	12	4	-9999.0000	20428	11193	-9999	177	182	-9999	288.6052	5	0.5676	0.5822	-0.0009	56.5689	1.2795	454.6726	485.5867	40.3935	455.7769	94.6991	454.0519	94.3287	459.5775	95.0694	464.7701	95.0694	
31/08/2017	08:01:10	011992	G523136809HLR	L523	S		435.2687	1.0292	6.6390	100.0167	39.8379	0.8430	0.8308	5.0000	18.6478	508.0511	94.8611	13.9595	23.6000	0.9300	0.9446	0.5803	-0.0008	508.0000	511.3487	1.0275	8.4957	99.9388	39.5192	0.8230	0.8276	5.0000	-9999.0000	-9999.0000	-9999.0000	-9999.0000	-9999.0000	-9999.0000	19.4172	2	0	24.4493	1.0000	12	4	-9999.0000	20429	11194	-9999	178	183	-9999	289.0831	5	0.5673	0.5803	-0.0008	52.8903	1.4965	465.2122	483.0007	40.5556	439.1418	95.4398	464.3567	94.9074	468.8761	95.0463	473.6013	95.0231	
31/08/2017	08:01:36	011992	G523136841HLR	L523	S		434.8467	1.0292	6.6886	100.0288	40.1186	0.8430	0.8299	5.0000	18.4190	508.1012	94.8843	14.4399	23.6000	0.9300	0.9445	0.5775	-0.0006	508.0000	509.6649	1.0275	8.6623	100.0096	39.4862	0.8230	0.8292	5.0000	-9999.0000	-9999.0000	-9999.0000	-9999.0000	-9999.0000	-9999.0000	19.5394	3	0	26.0493	1.0000	12	4	-9999.0000	20430	11195	-9999	179	184	-9999	288.7633	5	0.5672	0.5775	-0.0006	53.2953	1.4731	464.2892	505.3893	39.9306	459.7321	95.0926	463.8078	94.8148	469.3315	95.0000	473.2160	94.9769	
31/08/2017	08:02:26	011992	G523136850HLR	L523	S		435.8633	1.0292	6.5690	100.0644	39.4159	0.8430	0.8295	5.0000	18.8390	508.0711	94.8611	14.5688	23.6000	0.9300	0.9446	0.5750	-0.0005	508.0000	509.8289	1.0275	8.6461	100.0202	40.2110	0.8230	0.8292	5.0000	-9999.0000	-9999.0000	-9999.0000	-9999.0000	-9999.0000	-9999.0000	20.1271	5	0	24.9689	1.0000	12	4	-9999.0000	20431	11196	-9999	180	185	-9999	288.6321	5	0.5674	0.5750	-0.0005	55.6150	1.3347	465.8791	506.0843	40.2083	463.6967	94.7917	465.4147	94.7917	470.4665	95.1620	474.1726	94.9537	
31/08/2017	08:02:50	011992	G523136820HLR	L523	S		436.7144	1.0292	6.4689	100.0214	39.8154	0.8430	0.8306	5.0000	19.2429	508.0643	94.9306	13.6392	23.6000	0.9300	0.9447	0.5731	-0.0004	508.0000	508.3402	1.0275	8.7934	99.9489	39.5719	0.8230	0.8276	5.0000	-9999.0000	-9999.0000	-9999.0000	-9999.0000	-9999.0000	-9999.0000	19.5688	6	0	23.6388	1.0000	12	4	-9999.0000	20432	11197	-9999	181	186	-9999	288.7006	5	0.5671	0.5731	-0.0004	62.4720	0.9120	468.2704	500.6946	40.8102	467.3505	95.3704	467.4230	95.0000	473.2017	95.1852	477.6847	94.9769	
31/08/2017	08:03:15	011992	G523136839HLR	L523	S		427.2960	1.0292	7.5769	100.0282	40.1000	0.8430	0.8300	5.0000	19.3587	508.0755	94.8611	15.1596	23.6000	0.9300	0.9446	0.5731	-0.0004	508.0000	510.9013	1.0275	8.5400	99.9873	39.4127	0.8230	0.8287	5.0000	-9999.0000	-9999.0000	-9999.0000	-9999.0000	-9999.0000	-9999.0000	20.0485	7	0	25.0195	1.0000	12	4	-9999.0000	20432	11198	-9999	182	187	-9999	288.3981	5	0.5669	0.5731	-0.0004	60.2315	1.0486	469.6277	492.8775	40.3241	465.2962	95.9259	469.2015	94.7917	472.9772	95.0231	475.6751	94.9769	
31/08/2017	08:04:05	011992	G523136842HLR	L523	S		435.2425	1.0292	6.6421	100.0405	39.4008	0.8430	0.8293	5.0000	19.6771	508.0577	94.8611	13.8599	23.6000	0.9300	0.9446	0.5731	-0.0004	508.0000	509.4139	1.0275	8.6872	100.0183	40.2733	0.8230	0.8298	5.0000	-9999.0000	-9999.0000	-9999.0000	-9999.0000	-9999.0000	-9999.0000	19.7090	1	0	25.1387	1.0000	12	4	-9999.0000	20433	11199	-9999	183	188	-9999	288.6409	5	0.5668	0.5731	-0.0004	57.7542	1.1985	467.2601	496.3008	40.1389	470.8628	95.2315	466.9608	94.9769	471.9161	95.1852	475.1687	94.9306	
31/08/2017	08:04:28	011992	G523136822HLR	L523	S		446.3993	1.0292	5.3295	100.0254	39.8000	0.8430	0.8304	5.0000	20.4894	508.0813	94.9074	6.3894	23.7000	0.9300	0.9447	0.5654	0.0001	508.0000	502.4899	1.0275	9.3724	99.9948	39.6158	0.8230	0.8275	5.0000	-9999.0000	-9999.0000	-9999.0000	-9999.0000	-9999.0000	-9999.0000	20.4568	2	1	23.5199	1.0000	12	4	-9999.0000	20434	11200	-9999	184	189	-9999	287.6670	5	0.5669	0.5654	0.0001	51.8859	1.5598	492.4703	514.4964	41.7593	491.1085	95.4398	491.7836	95.1389	498.5806	95.0926	503.2816	94.9074	
31/08/2017	08:04:53	011992	G523136848HLR	L523	S		436.4205	1.0292	6.5035	100.0355	40.1249	0.8430	0.8302	5.0000	19.2796	508.0901	94.9769	12.9292	23.6000	0.9300	0.9446	0.5681	-0.0001	508.0000	508.9646	1.0275	8.7316	99.9342	39.4000	0.8230	0.8286	5.0000	-9999.0000	-9999.0000	-9999.0000	-9999.0000	-9999.0000	-9999.0000	19.3789	3	0	25.0487	1.0000	12	4	-9999.0000	20435	11201	-9999	185	190	-9999	288.0852	5	0.5667	0.5681	-0.0001	45.2974	2.0158	472.8814	519.5867	39.0509	469.0699	94.9769	472.3649	95.0463	478.4290	95.2083	481.1814	94.9537	
31/08/2017	08:05:43	011992	G523134243HLR	L523	S		442.5328	1.0292	5.7844	100.0534	39.4244	0.8430	0.8290	5.0000	19.2294	508.0595	94.9769	11.9595	23.6000	0.9300	0.9447	0.5675	-0.0001	508.0000	510.8727	1.0275	8.5428	100.0385	40.2809	0.8230	0.8301	5.0000	-9999.0000	-9999.0000	-9999.0000	-9999.0000	-9999.0000	-9999.0000	19.6733	5	0	24.9681	1.0000	12	4	-9999.0000	20436	11202	-9999	186	191	-9999	287.9875	5	0.5665	0.5675	-0.0001	46.1761	1.9895	484.7908	520.0426	41.0648	481.4417	94.8843	484.3627	94.7685	485.8783	95.2778	487.8816	94.9074	
31/08/2017	08:06:06	011992	G523136829HLR	L523	S		435.3886	1.0292	6.6249	100.0360	39.6000	0.8430	0.8303	5.0000	19.6781	508.0793	94.9537	12.7593	23.7000	0.9300	0.9448	0.5761	-0.0006	508.0000	508.3906	1.0275	8.7884	99.9458	39.7142	0.8230	0.8279	5.0000	-9999.0000	-9999.0000	-9999.0000	-9999.0000	-9999.0000	-9999.0000	19.6132	6	0	23.1910	1.0000	12	4	-9999.0000	20437	11203	-9999	186	192	-9999	288.5650	5	0.5671	0.5761	-0.0006	42.0048	2.2508	469.6762	496.1162	41.1343	470.3760	95.5093	468.9870	95.2315	474.1333	95.1620	478.3730	94.8843	
31/08/2017	08:06:31	011992	G523134394HLR	L523	S		437.6347	1.0292	6.3606	100.0028	40.1873	0.8430	0.8306	5.0000	18.6294	508.0837	94.9537	12.8599	23.6000	0.9300	0.9447	0.5759	-0.0006	508.0000	507.4878	1.0275	8.8778	99.9189	39.4244	0.8230	0.8284	5.0000	-9999.0000	-9999.0000	-9999.0000	-9999.0000	-9999.0000	-9999.0000	19.6819	7	0	24.9478	1.0000	12	4	-9999.0000	20438	11204	-9999	187	193	-9999	288.4339	5	0.5670	0.5759	-0.0006	41.0525	2.3641	468.3449	501.3611	38.3102	463.0574	95.8796	468.1620	94.9537	473.7744	95.0694	478.0109	94.9306	
31/08/2017	08:07:21	011992	G523134376HLR	L523	S		437.1520	1.0292	6.4174	100.0253	39.4409	0.8430	0.8286	5.0000	19.3294	508.0599	94.9769	12.0093	23.7000	0.9300	0.9446	0.5759	-0.0006	508.0000	506.5412	1.0275	8.9714	99.9582	40.2491	0.8230	0.8301	5.0000	-9999.0000	-9999.0000	-9999.0000	-9999.0000	-9999.0000	-9999.0000	19.9486	1	0	24.9884	1.0000	12	4	-9999.0000	20439	11205	-9999	187	194	-9999	288.7097	5	0.5667	0.5759	-0.0006	40.1454	2.4369	471.6745	500.2718	41.2269	471.4922	95.0000	470.5752	95.0000	475.9608	95.1157	481.1693	95.0231	
31/08/2017	08:07:45	011992	G523132144HLR	L523	S		448.1816	1.0292	5.1198	100.0385	39.5000	0.8430	0.8302	5.0000	18.8425	508.0386	95.0694	7.9597	23.7000	0.9300	0.9446	0.5768	-0.0008	508.0000	505.8585	1.0275	9.0390	99.9852	39.7060	0.8230	0.8279	5.0000	-9999.0000	-9999.0000	-9999.0000	-9999.0000	-9999.0000	-9999.0000	19.9895	2	0	23.8195	1.0000	12	4	-9999.0000	20440	11206	-9999	188	195	-9999	289.9559	5	0.5666	0.5768	-0.0008	40.3232	2.4424	484.0637	499.4876	38.6111	473.4254	95.3241	483.2964	95.1389	490.0560	95.1852	495.6862	94.8380	
31/08/2017	08:08:11	011992	G523136812HLR	L523	S		443.9896	1.0292	5.6130	100.0505	40.1000	0.8430	0.8308	5.0000	19.2263	508.0197	94.9769	9.4000	23.7000	0.9300	0.9446	0.5778	-0.0008	508.0000	508.9733	1.0275	8.7308	99.8834	39.4327	0.8230	0.8284	5.0000	-9999.0000	-9999.0000	-9999.0000	-9999.0000	-9999.0000	-9999.0000	19.5953	3	0	24.9892	1.0000	12	4	-9999.0000	20441	11207	-9999	189	196	-9999	289.7089	5	0.5669	0.5778	-0.0008	41.6952	2.2833	477.6583	488.8592	39.1898	471.0372	95.0231	476.7206	94.7685	484.1187	95.1620	490.3146	94.9537	
31/08/2017	08:09:01	011992	G523136802HLR	L523	S		443.9800	1.0292	5.6141	100.0438	39.5120	0.8430	0.8284	5.0000	20.5060	508.0556	94.9769	9.8297	23.7000	0.9300	0.9447	0.5779	-0.0008	508.0000	511.0793	1.0275	8.5224	100.0588	40.2411	0.8230	0.8299	5.0000	-9999.0000	-9999.0000	-9999.0000	-9999.0000	-9999.0000	-9999.0000	20.4922	5	0	24.9991	1.0000	12	4	-9999.0000	20442	11208	-9999	190	196	-9999	289.5772	5	0.5673	0.5779	-0.0008	41.8468	2.2723	477.1541	493.6938	39.3287	469.3197	94.6991	476.0975	94.7222	483.9868	95.1852	488.1907	94.9769	
31/08/2017	08:09:26	011992	G523134233HLR	L523	S		447.6646	1.0292	5.1806	100.0327	39.3778	0.8430	0.8296	5.0000	18.8784	508.0609	95.0231	6.7898	23.8000	0.9300	0.9448	0.5795	-0.0009	508.0000	509.5643	1.0275	8.6723	99.9547	39.7034	0.8230	0.8278	5.0000	-9999.0000	-9999.0000	-9999.0000	-9999.0000	-9999.0000	-9999.0000	19.7894	6	0	25.2598	1.0000	12	4	-9999.0000	20443	11209	-9999	191	197	-9999	291.2094	5	0.5680	0.5795	-0.0009	37.5288	2.6520	490.9340	499.0952	39.6528	483.9564	95.6250	490.0255	95.3009	495.8872	95.2315	500.6377	94.7454	
31/08/2017	08:09:51	011992	G523134253HLR	L523	S		443.3397	1.0292	5.6895	100.0379	40.0070	0.8430	0.8310	5.0000	18.5112	508.1102	94.9769	10.7896	23.7000	0.9300	0.9448	0.5790	-0.0009	508.0000	509.7447	1.0275	8.6544	99.9394	39.4419	0.8230	0.8285	5.0000	-9999.0000	-9999.0000	-9999.0000	-9999.0000	-9999.0000	-9999.0000	19.1982	7	0	24.9601	1.0000	12	4	-9999.0000	20444	11210	-9999	192	198	-9999	289.1928	5	0.5681	0.5790	-0.0009	37.9532	2.6632	480.3829	509.6296	41.0185	474.3467	95.2315	479.3193	95.1620	490.0631	95.2315	491.0417	94.8611	
31/08/2017	08:10:41	011992	G523134257HLR	L523	S		440.6651	1.0292	6.0041	100.0060	39.6042	0.8430	0.8284	5.0000	20.6790	508.0377	95.0463	10.8795	23.7000	0.9300	0.9447	0.5776	-0.0008	508.0000	506.8250	1.0275	8.9434	100.0254	40.2210	0.8230	0.8299	5.0000	-9999.0000	-9999.0000	-9999.0000	-9999.0000	-9999.0000	-9999.0000	19.8992	1	0	25.0589	1.0000	12	4	-9999.0000	20445	11211	-9999	193	199	-9999	288.9272	5	0.5683	0.5776	-0.0008	40.7906	2.4130	475.5396	487.9952	38.5648	476.9929	94.7222	474.7956	94.7917	480.2376	95.2546	484.8974	94.9769	
31/08/2017	08:11:05	011992	G523134261HLR	L523	S		438.2896	1.0292	6.2836	100.0575	39.3000	0.8430	0.8292	5.0000	19.6691	508.0372	94.8380	14.4086	23.7000	0.9300	0.9447	0.5774	-0.0008	508.0000	509.1549	1.0275	8.7128	99.9824	39.6573	0.8230	0.8279	5.0000	-9999.0000	-9999.0000	-9999.0000	-9999.0000	-9999.0000	-9999.0000	19.4687	2	0	24.3486	1.0000	12	4	-9999.0000	20446	11212	-9999	194	200	-9999	287.3811	5	0.5688	0.5774	-0.0008	44.1669	2.1342	459.8564	484.7891	41.4815	459.8639	95.6944	459.2423	95.3935	465.1835	95.1852	468.9253	94.7685	
31/08/2017	08:11:30	011992	G523134382HLR	L523	S		437.8860	1.0292	6.3311	100.0028	39.9000	0.8430	0.8309	5.0000	18.3989	508.0548	94.9074	12.0191	23.7000	0.9300	0.9446	0.5771	-0.0008	508.0000	507.1748	1.0275	8.9087	100.0127	39.4550	0.8230	0.8284	5.0000	-9999.0000	-9999.0000	-9999.0000	-9999.0000	-9999.0000	-9999.0000	20.6784	3	0	25.1388	1.0000	12	4	-9999.0000	20447	11213	-9999	195	201	-9999	288.2989	5	0.5684	0.5771	-0.0008	47.2827	1.8645	473.5506	506.0882	40.1852	473.4307	95.6944	473.1068	95.3241	480.5435	95.1852	481.2355	94.8611	
31/08/2017	08:12:20	011992	G523133529HLR	L523	S		441.9554	1.0292	5.8523	100.0615	39.7343	0.8430	0.8288	5.0000	18.3987	508.1094	95.0463	10.7496	23.7000	0.9300	0.9446	0.5765	-0.0007	508.0000	507.4291	1.0275	8.8836	100.0062	40.2591	0.8230	0.8299	5.0000	-9999.0000	-9999.0000	-9999.0000	-9999.0000	-9999.0000	-9999.0000	19.6983	5	0	24.9995	1.0000	12	4	-9999.0000	20448	11214	-9999	196	202	-9999	289.0435	5	0.5688	0.5765	-0.0007	52.5744	1.3493	476.7620	493.3772	39.0972	474.4508	94.8380	476.2195	94.6296	481.6013	95.2778	486.6237	94.9074	
31/08/2017	08:12:46	011992	G523134227HLR	L523	S		447.9586	1.0292	5.1460	100.0445	39.3006	0.8430	0.8291	5.0000	19.4893	508.0420	94.8843	7.0299	23.8000	0.9300	0.9447	0.5773	-0.0008	508.0000	510.8883	1.0275	8.5413	99.9759	39.6948	0.8230	0.8279	5.0000	-9999.0000	-9999.0000	-9999.0000	-9999.0000	-9999.0000	-9999.0000	19.2989	6	0	25.8580	1.0000	12	4	-9999.0000	20449	11215	-9999	197	203	-9999	290.5093	5	0.5688	0.5773	-0.0008	53.1028	1.3037	490.0736	515.2777	40.9722	480.8251	95.0000	489.1090	94.9306	495.3094	95.2083	501.1238	94.9074	
31/08/2017	08:13:11	011992	G523134226HLR	L523	S		431.7603	1.0292	7.0517	100.0060	39.8000	0.8430	0.8308	5.0000	18.5589	508.0883	94.9769	7.1599	23.8000	0.9300	0.9446	0.5773	-0.0008	508.0000	508.5418	1.0275	8.7735	99.8987	39.4287	0.8230	0.8285	5.0000	-9999.0000	-9999.0000	-9999.0000	-9999.0000	-9999.0000	-9999.0000	19.6892	7	0	25.2401	1.0000	12	4	-9999.0000	20450	11216	-9999	197	204	-9999	290.5268	5	0.5689	0.5773	-0.0008	53.6132	1.2454	489.1252	511.7726	39.8611	488.1181	94.7454	488.4645	94.7454	494.2473	95.2315	499.4723	95.0231	
31/08/2017	08:13:38	011992	G523134237HLR	L523	S		448.8110	1.0292	5.0458	100.0454	40.2858	0.8430	0.8301	5.0000	19.6387	508.0778	95.0463	7.3796	23.8000	0.9300	0.9446	0.5773	-0.0008	508.0000	508.8016	1.0275	8.7478	99.9039	39.9000	0.8230	0.8306	5.0000	-9999.0000	-9999.0000	-9999.0000	-9999.0000	-9999.0000	-9999.0000	19.3357	8	0	26.4581	1.0000	12	4	-9999.0000	20451	11217	-9999	198	205	-9999	290.4493	5	0.5689	0.5773	-0.0008	53.6132	1.2454	488.5902	527.9282	41.8981	480.6493	95.0694	487.7820	95.0463	495.5562	95.1852	498.2872	94.8843	
31/08/2017	08:14:03	011992	G523134263HLR	L523	S		441.6259	1.0292	5.8911	100.0567	39.8255	0.8430	0.8288	5.0000	19.2586	508.0735	95.0231	10.0699	23.8000	0.9300	0.9447	0.5780	-0.0008	508.0000	507.7764	1.0275	8.8492	99.9903	40.2202	0.8230	0.8301	5.0000	-9999.0000	-9999.0000	-9999.0000	-9999.0000	-9999.0000	-9999.0000	19.3693	1	0	25.4990	1.0000	12	4	-9999.0000	20452	11218	-9999	198	206	-9999	289.3575	5	0.5690	0.5780	-0.0008	53.6060	1.2271	479.7176	499.6268	40.9259	480.0590	95.0694	478.9794	94.7917	490.9804	95.0926	493.9419	95.0694	
31/08/2017	08:14:28	011992	G523138356HLR	L523	S		431.9449	1.0292	7.0300	100.0359	39.4188	0.8430	0.8289	5.0000	18.5197	508.0405	94.8843	15.0795	23.7000	0.9300	0.9446	0.5764	-0.0007	508.0000	506.6418	1.0275	8.9615	99.9812	39.7637	0.8230	0.8279	5.0000	-9999.0000	-9999.0000	-9999.0000	-9999.0000	-9999.0000	-9999.0000	19.8485	2	0	24.9394	1.0000	12	3	-9999.0000	20453	11219	-9999	199	207	-9999	287.1490	5	0.5689	0.5764	-0.0007	54.4687	1.1372	460.8709	498.3845	41.0648	463.2319	95.5787	460.0556	95.1852	464.8866	95.3241	468.7412	94.9074	
31/08/2017	08:14:54	011992	G523138350HLR	L523	S		432.9036	1.0292	6.9172	100.0271	39.7000	0.8430	0.8303	5.0000	19.0102	508.0180	94.9074	14.4096	23.6000	0.9300	0.9445	0.5754	-0.0007	508.0000	506.2648	1.0275	8.9988	100.0473	39.4409	0.8230	0.8280	5.0000	-9999.0000	-9999.0000	-9999.0000	-9999.0000	-9999.0000	-9999.0000	20.4765	3	0	25.8985	1.0000	12	3	-9999.0000	20454	11220	-9999	200	208	-9999	287.4250	5	0.5687	0.5754	-0.0007	54.4691	1.1372	466.0985	503.6516	40.9259	467.8361	95.7407	465.6832	95.1389	469.5654	95.1620	472.8807	94.9074	
31/08/2017	08:15:19	011992	G523138353HLR	L523	S		432.2023	1.0292	6.9997	100.0281	40.1613	0.8430	0.8302	5.0000	19.4385	508.1020	94.8843	15.6898	23.6000	0.9300	0.9444	0.5756	-0.0007	508.0000	508.6108	1.0275	8.7666	100.0113	39.8000	0.8230	0.8304	5.0000	-9999.0000	-9999.0000	-9999.0000	-9999.0000	-9999.0000	-9999.0000	19.2988	4	0	25.1592	1.0000	12	3	-9999.0000	20455	11221	-9999	201	209	-9999	287.0543	5	0.5689	0.5756	-0.0007	52.9274	1.2658	467.5323	492.3690	38.7731	464.4291	95.7870	466.8514	95.0463	469.9824	95.2546	472.9205	94.9306	
31/08/2017	08:15:47	011992	G523138359HLR	L523	S		434.6963	1.0292	6.7063	100.0428	39.8293	0.8430	0.8288	5.0000	20.0110	508.0566	94.8611	14.6489	23.6000	0.9300	0.9445	0.5759	-0.0007	508.0000	509.6820	1.0275	8.6606	99.9139	40.2812	0.8230	0.8302	5.0000	-9999.0000	-9999.0000	-9999.0000	-9999.0000	-9999.0000	-9999.0000	19.5986	5	0	27.2092	1.0000	12	3	-9999.0000	20456	11222	-9999	202	210	-9999	287.7153	5	0.5692	0.5759	-0.0007	52.8594	1.2628	468.5122	510.7810	41.1574	466.5000	95.6713	468.0755	95.2083	471.2715	95.0694	474.3832	94.9074	
31/08/2017	08:16:12	011992	G523138363HLR	L523	S		433.9307	1.0292	6.7964	100.0220	39.4483	0.8430	0.8290	5.0000	18.7590	508.0821	94.9306	14.0297	23.7000	0.9300	0.9445	0.5752	-0.0005	508.0000	507.3724	1.0275	8.8892	99.9749	39.9261	0.8230	0.8283	5.0000	-9999.0000	-9999.0000	-9999.0000	-9999.0000	-9999.0000	-9999.0000	19.6181	6	0	24.9703	1.0000	12	3	-9999.0000	20457	11223	-9999	203	211	-9999	288.3927	5	0.5688	0.5752	-0.0005	50.0920	1.5328	465.6193	517.2522	41.4352	467.7154	95.7870	464.6056	95.3241	470.2918	95.1852	474.3243	95.0000	
31/08/2017	08:16:37	011992	G523138342HLR	L523	S		433.0443	1.0292	6.9007	100.0716	39.7786	0.8430	0.8302	5.0000	19.9387	508.1076	94.7917	15.0893	23.6000	0.9300	0.9444	0.5751	-0.0005	508.0000	507.8827	1.0275	8.8387	100.0370	39.4884	0.8230	0.8280	5.0000	-9999.0000	-9999.0000	-9999.0000	-9999.0000	-9999.0000	-9999.0000	19.2586	7	0	25.0883	1.0000	12	3	-9999.0000	20458	11224	-9999	204	212	-9999	288.2469	5	0.5688	0.5751	-0.0005	49.6264	1.5882	465.6597	501.1148	38.8889	464.2926	96.0648	465.4365	95.0000	468.4390	95.0694	473.4793	94.9537	
31/08/2017	08:17:02	011992	G523138376HLR	L523	S		434.0826	1.0292	6.7785	100.0365	40.1188	0.8430	0.8301	5.0000	19.0295	508.0319	94.8843	14.3394	23.6000	0.9300	0.9444	0.5759	-0.0006	508.0000	508.0319	1.0275	8.8239	100.0300	39.7750	0.8230	0.8299	5.0000	-9999.0000	-9999.0000	-9999.0000	-9999.0000	-9999.0000	-9999.0000	19.6393	8	0	24.9190	1.0000	12	3	-9999.0000	20458	11225	-9999	205	213	-9999	287.9923	5	0.5682	0.5759	-0.0006	48.9550	1.6702	466.9582	504.3631	39.0278	465.1012	96.0648	466.4502	94.9537	469.5838	95.0463	473.2500	94.9769	
31/08/2017	08:17:27	011992	G523138370HLR	L523	S		432.8968	1.0292	6.9180	100.0393	39.8737	0.8430	0.8291	5.0000	18.6942	508.1306	94.9306	16.3891	23.6000	0.9300	0.9444	0.5760	-0.0006	508.0000	510.7266	1.0275	8.5573	100.0283	40.2000	0.8230	0.8302	5.0000	-9999.0000	-9999.0000	-9999.0000	-9999.0000	-9999.0000	-9999.0000	19.9785	1	0	25.0694	1.0000	12	3	-9999.0000	20459	11226	-9999	206	214	-9999	287.3353	5	0.5682	0.5760	-0.0006	45.8203	1.9397	463.1315	504.5213	38.8194	465.8170	95.9491	462.4415	95.0231	466.7896	95.1157	471.5222	94.9537	
31/08/2017	08:17:52	011992	G523138373HLR	L523	S		435.4649	1.0292	6.6159	99.9785	39.4824	0.8430	0.8289	5.0000	19.9485	508.0511	94.9306	13.3999	23.6000	0.9300	0.9445	0.5754	-0.0006	508.0000	507.1927	1.0275	8.9070	99.9163	40.0222	0.8230	0.8287	5.0000	-9999.0000	-9999.0000	-9999.0000	-9999.0000	-9999.0000	-9999.0000	19.4683	2	0	25.4409	1.0000	12	3	-9999.0000	20460	11227	-9999	206	215	-9999	288.4357	5	0.5682	0.5754	-0.0006	46.9280	1.8653	469.2148	519.6275	39.7685	468.5188	95.6250	468.9000	95.0694	473.0689	95.0463	476.7090	95.0694	
31/08/2017	08:18:17	011992	G523138380HLR	L523	S		434.5368	1.0292	6.7251	100.0196	39.8000	0.8430	0.8303	5.0000	18.3589	508.0684	94.9537	13.5298	23.6000	0.9300	0.9445	0.5747	-0.0005	508.0000	507.5664	1.0275	8.8700	100.0321	39.5421	0.8230	0.8276	5.0000	-9999.0000	-9999.0000	-9999.0000	-9999.0000	-9999.0000	-9999.0000	20.0290	3	0	25.2271	1.0000	12	3	-9999.0000	20461	11228	-9999	207	216	-9999	288.5229	5	0.5680	0.5747	-0.0005	49.6224	1.6840	467.8324	507.7851	41.4120	460.2239	95.9028	467.2921	95.1852	474.1167	95.0694	478.9377	94.9306	
31/08/2017	08:18:43	011992	G523138144HLR	L523	S		435.3002	1.0292	6.6353	100.0379	40.1277	0.8430	0.8301	5.0000	18.6188	508.0355	94.9537	13.9097	23.6000	0.9300	0.9445	0.5750	-0.0005	508.0000	508.6671	1.0275	8.7611	100.0031	39.6032	0.8230	0.8294	5.0000	-9999.0000	-9999.0000	-9999.0000	-9999.0000	-9999.0000	-9999.0000	19.6770	4	0	25.4290	1.0000	12	3	-9999.0000	20462	11229	-9999	207	217	-9999	288.4396	5	0.5678	0.5750	-0.0005	46.2734	1.9163	467.6647	512.1871	39.9769	467.9246	95.6250	467.2071	95.0694	471.7490	95.1389	476.0992	95.0231	
31/08/2017	08:19:08	011992	G523138141HLR	L523	S		431.7867	1.0292	7.0486	100.0066	39.8453	0.8430	0.8291	5.0000	18.4161	508.0722	94.8843	13.9497	23.6000	0.9300	0.9445	0.5771	-0.0007	508.0000	508.1542	1.0275	8.8118	99.9380	40.1607	0.8230	0.8306	5.0000	-9999.0000	-9999.0000	-9999.0000	-9999.0000	-9999.0000	-9999.0000	19.7089	5	0	25.1387	1.0000	12	3	-9999.0000	20463	11230	-9999	208	218	-9999	288.0468	5	0.5670	0.5771	-0.0007	46.2229	1.9211	463.3388	516.1565	41.7824	459.3767	95.8102	463.0091	94.7685	467.9622	95.0000	474.0841	94.9537	
31/08/2017	08:19:33	011992	G523138145HLR	L523	S		431.1452	1.0292	7.1241	100.0174	39.5198	0.8430	0.8291	5.0000	18.5792	508.0898	94.8611	14.6391	23.6000	0.9300	0.9446	0.5956	-0.0020	508.0000	508.3006	1.0275	8.7973	99.9616	40.1557	0.8230	0.8292	5.0000	-9999.0000	-9999.0000	-9999.0000	-9999.0000	-9999.0000	-9999.0000	18.9489	6	0	25.0195	1.0000	12	3	-9999.0000	20464	11231	-9999	208	219	-9999	287.9998	5	0.5668	0.5956	-0.0020	47.6462	1.8227	454.3266	502.5257	42.0139	449.5349	95.9259	453.4600	95.1157	458.9749	95.0926	462.3253	94.9074	
31/08/2017	08:19:58	011992	G523138158HLR	L523	S		437.4433	1.0292	6.3831	100.0234	39.8000	0.8430	0.8305	5.0000	18.3597	508.0789	94.9306	14.0903	23.6000	0.9300	0.9445	0.5945	-0.0019	508.0000	507.8634	1.0275	8.8406	99.9694	39.6563	0.8230	0.8278	5.0000	-9999.0000	-9999.0000	-9999.0000	-9999.0000	-9999.0000	-9999.0000	19.1080	7	0	25.0392	1.0000	12	3	-9999.0000	20465	11232	-9999	209	220	-9999	288.5004	5	0.5666	0.5945	-0.0019	47.8222	1.8146	454.7855	498.6790	40.8796	451.3989	96.0880	454.0077	95.0463	458.7770	95.0463	463.7976	94.9537	
31/08/2017	08:20:23	011992	G523138139HLR	L523	S		435.1526	1.0292	6.6526	100.0183	40.1146	0.8430	0.8301	5.0000	18.5270	508.0584	94.8148	14.6293	23.6000	0.9300	0.9445	0.5947	-0.0019	508.0000	509.3165	1.0275	8.6968	99.9092	39.5780	0.8230	0.8289	5.0000	-9999.0000	-9999.0000	-9999.0000	-9999.0000	-9999.0000	-9999.0000	19.2587	8	0	25.0087	1.0000	12	3	-9999.0000	20465	11233	-9999	210	221	-9999	287.8390	5	0.5667	0.5947	-0.0019	47.8053	1.8219	452.1476	504.9667	41.2269	452.0705	95.4630	451.2055	95.1620	457.6171	95.1852	463.6652	94.9537	
31/08/2017	08:20:49	011992	G523138176HLR	L523	S		433.4789	1.0292	6.8495	100.0640	39.8236	0.8430	0.8289	5.0000	19.4594	508.1295	94.8611	13.9702	23.7000	0.9300	0.9445	0.5936	-0.0019	508.0000	508.4158	1.0275	8.7859	99.9308	40.0605	0.8230	0.8306	5.0000	-9999.0000	-9999.0000	-9999.0000	-9999.0000	-9999.0000	-9999.0000	19.1711	1	0	25.6289	1.0000	12	3	-9999.0000	20466	11234	-9999	211	222	-9999	288.4321	5	0.5666	0.5936	-0.0019	48.2076	1.7999	455.1891	507.3251	42.2222	456.9854	95.6713	454.6269	95.1389	459.9705	95.2083	465.7659	94.9074	
31/08/2017	08:21:13	011992	G523138172HLR	L523	S		435.6869	1.0292	6.5898	100.1079	39.5339	0.8430	0.8292	5.0000	18.8597	508.0851	94.9769	13.0191	23.6000	0.9300	0.9444	0.5935	-0.0019	508.0000	508.7622	1.0275	8.7517	100.0429	40.1587	0.8230	0.8292	5.0000	-9999.0000	-9999.0000	-9999.0000	-9999.0000	-9999.0000	-9999.0000	19.5886	2	0	24.9289	1.0000	12	3	-9999.0000	20467	11235	-9999	212	223	-9999	289.2974	5	0.5668	0.5935	-0.0019	48.0253	1.8122	459.5774	514.4201	43.1019	454.1718	95.4861	458.9452	95.0694	465.2753	95.1389	470.5762	95.0000	
31/08/2017	08:21:39	011992	G523138164HLR	L523	S		435.2423	1.0292	6.6421	100.0393	39.8000	0.8430	0.8304	5.0000	19.2870	508.0357	94.9306	13.7495	23.6000	0.9300	0.9445	0.5923	-0.0018	508.0000	508.0354	1.0275	8.8236	99.9439	39.7441	0.8230	0.8279	5.0000	-9999.0000	-9999.0000	-9999.0000	-9999.0000	-9999.0000	-9999.0000	19.4786	3	0	25.1098	1.0000	12	3	-9999.0000	20468	11236	-9999	213	224	-9999	288.6461	5	0.5672	0.5923	-0.0018	48.0986	1.8117	456.8926	506.7481	42.1991	454.5541	95.3472	456.3929	94.9537	461.0086	95.2546	466.8307	94.9074	
31/08/2017	08:22:20	011992	G523138160HLR	L523	S		434.4426	1.0292	6.7362	100.0375	40.1096	0.8430	0.8300	5.0000	18.3888	508.0430	94.8148	14.1196	23.6000	0.9300	0.9445	0.5930	-0.0018	508.0000	507.2650	1.0275	8.8998	99.9293	39.5287	0.8230	0.8285	5.0000	-9999.0000	-9999.0000	-9999.0000	-9999.0000	-9999.0000	-9999.0000	19.3886	4	0	41.8381	1.0000	12	3	-9999.0000	20469	11237	-9999	213	225	-9999	288.2106	5	0.5668	0.5930	-0.0018	48.1331	1.8032	453.5553	501.3520	42.3611	455.2340	95.4630	452.8176	95.0000	459.2929	95.1852	465.2126	94.9769	
31/08/2017	08:22:45	011992	G523138169HLR	L523	S		433.6642	1.0292	6.8277	100.0063	39.8691	0.8430	0.8291	5.0000	18.4397	508.0375	94.8380	14.7494	23.6000	0.9300	0.9445	0.5953	-0.0020	508.0000	508.3161	1.0275	8.7958	99.9840	39.9702	0.8230	0.8303	5.0000	-9999.0000	-9999.0000	-9999.0000	-9999.0000	-9999.0000	-9999.0000	19.4881	5	0	25.0194	1.0000	12	3	-9999.0000	20470	11238	-9999	214	226	-9999	287.5053	5	0.5668	0.5953	-0.0020	49.2235	1.7612	450.8421	508.8183	39.8843	449.1268	95.6019	450.4623	95.0694	455.9881	95.1389	461.7011	94.8843	
31/08/2017	08:23:10	011992	G523138179HLR	L523	S		434.7582	1.0292	6.6990	100.0196	39.5698	0.8430	0.8291	5.0000	18.4886	508.0691	94.8843	13.7300	23.7000	0.9300	0.9446	0.5940	-0.0019	508.0000	508.1579	1.0275	8.8115	100.0442	40.0142	0.8230	0.8284	5.0000	-9999.0000	-9999.0000	-9999.0000	-9999.0000	-9999.0000	-9999.0000	19.3482	6	0	24.9687	1.0000	12	3	-9999.0000	20471	11239	-9999	215	227	-9999	288.4955	5	0.5670	0.5940	-0.0019	50.6349	1.6739	456.1443	519.4134	39.8843	452.8716	95.5324	454.9821	95.0694	466.1721	95.1389	470.4451	94.8843	
31/08/2017	08:23:36	011992	G523138185HLR	L523	S		433.7025	1.0292	6.8232	100.0208	39.8000	0.8430	0.8301	5.0000	18.6195	508.0506	94.9537	13.9194	23.7000	0.9300	0.9445	0.5932	-0.0018	508.0000	507.1070	1.0275	8.9155	99.9416	39.4645	0.8230	0.8275	5.0000	-9999.0000	-9999.0000	-9999.0000	-9999.0000	-9999.0000	-9999.0000	19.4917	7	0	25.2393	1.0000	12	3	-9999.0000	20472	11240	-9999	216	228	-9999	288.3183	5	0.5675	0.5932	-0.0018	46.2005	1.9871	454.8613	492.2393	40.5093	450.4474	95.9028	454.0317	94.8611	460.1943	95.0231	465.2101	94.9537	
31/08/2017	08:24:01	011992	G523138157HLR	L523	S		433.4882	1.0292	6.8485	99.9998	40.1000	0.8430	0.8301	5.0000	18.4992	13.6081	94.8843	31.0086	23.8000	0.9300	0.9438	0.5922	-0.0018	508.0000	453.3017	1.0275	5.1456	99.9491	39.5364	0.8230	0.8295	5.0000	-9999.0000	-9999.0000	-9999.0000	-9999.0000	-9999.0000	-9999.0000	19.5770	8	34	24.9291	1.0000	12	3	-9999.0000	20473	11241	-9999	217	228	-9999	7.3425	5	0.5672	0.5922	-0.0018	56.0131	1.2800	9.9533	485.2675	39.6528	314.3418	103.4722	4.1515	102.6852	5.9459	100.8102	8.6641	95.9954	
31/08/2017	08:24:26	011992	G523136818HLR	L523	S		435.9398	1.0292	6.5600	100.0073	39.8856	0.8430	0.8292	5.0000	18.4995	508.0568	94.8380	13.7095	23.7000	0.9300	0.9442	0.5922	-0.0018	508.0000	507.7611	1.0275	8.8507	99.9347	40.2864	0.8230	0.8310	5.0000	-9999.0000	-9999.0000	-9999.0000	-9999.0000	-9999.0000	-9999.0000	19.4479	1	0	24.9794	1.0000	12	3	-9999.0000	20474	11242	-9999	218	229	-9999	288.5300	5	0.5672	0.5922	-0.0018	56.0131	1.2800	424.3684	488.9370	40.1852	429.7977	74.4213	406.8741	73.6806	442.4967	92.8704	466.7055	94.6065	
31/08/2017	08:24:50	011992	G523136840HLR	L523	S		435.8299	1.0292	6.5730	100.0181	39.7100	0.8430	0.8298	5.0000	18.4377	508.0839	94.9074	13.8892	23.6000	0.9300	0.9444	0.5925	-0.0018	508.0000	509.3782	1.0275	8.6907	99.9761	40.2321	0.8230	0.8291	5.0000	-9999.0000	-9999.0000	-9999.0000	-9999.0000	-9999.0000	-9999.0000	19.4081	2	0	24.9079	1.0000	12	3	-9999.0000	20475	11243	-9999	219	229	-9999	288.4021	5	0.5672	0.5925	-0.0018	56.0595	1.2798	448.8862	488.9467	39.3519	448.6313	92.6389	448.1239	91.3889	457.3570	95.3704	465.2685	94.7222	
31/08/2017	08:25:16	011992	G523136843HLR	L523	S		434.3374	1.0292	6.7485	100.0110	39.9000	0.8430	0.8301	5.0000	18.4428	508.0957	94.8380	14.3794	23.6000	0.9300	0.9443	0.5941	-0.0019	508.0000	509.4074	1.0275	8.6878	99.9779	39.7090	0.8230	0.8276	5.0000	-9999.0000	-9999.0000	-9999.0000	-9999.0000	-9999.0000	-9999.0000	19.3391	3	0	25.0499	1.0000	12	3	-9999.0000	20476	11244	-9999	220	230	-9999	288.0438	5	0.5674	0.5941	-0.0019	57.2667	1.1728	450.8222	480.9915	39.5139	449.9445	92.6389	449.9401	92.2222	455.8891	95.2778	466.1380	94.9769	
31/08/2017	08:25:42	011992	G523136828HLR	L523	S		436.8651	1.0292	6.4512	100.0166	39.9549	0.8430	0.8297	5.0000	18.5087	508.0851	94.9769	12.8393	23.6000	0.9300	0.9443	0.5941	-0.0019	508.0000	509.8486	1.0275	8.6441	99.9805	39.5000	0.8230	0.8284	5.0000	-9999.0000	-9999.0000	-9999.0000	-9999.0000	-9999.0000	-9999.0000	19.3095	4	0	26.3683	1.0000	12	3	-9999.0000	20477	11245	-9999	221	231	-9999	289.5200	5	0.5674	0.5941	-0.0019	57.2667	1.1728	454.1343	491.8933	38.7963	447.5244	93.6806	453.4071	92.4769	461.6776	95.3009	468.9288	94.9074	
31/08/2017	08:26:07	011992	G523136849HLR	L523	S		439.5325	1.0292	6.1374	100.0255	39.7529	0.8430	0.8292	5.0000	18.6882	508.1234	94.8611	14.0493	23.6000	0.9300	0.9444	0.5960	-0.0020	508.0000	511.5944	1.0275	8.4714	99.9486	39.9253	0.8230	0.8303	5.0000	-9999.0000	-9999.0000	-9999.0000	-9999.0000	-9999.0000	-9999.0000	19.4497	5	0	24.9890	1.0000	12	3	-9999.0000	20478	11246	-9999	222	232	-9999	288.4058	5	0.5676	0.5960	-0.0020	59.4272	0.9966	455.0126	483.3504	39.6991	453.9128	93.4259	454.5941	93.1481	459.6424	95.0000	466.6234	95.1389	
31/08/2017	08:26:32	011992	G523136811HLR	L523	S		439.3848	1.0292	6.1547	100.0236	39.6814	0.8430	0.8296	5.0000	18.8182	508.0575	94.9769	12.0796	23.6000	0.9300	0.9445	0.5959	-0.0020	508.0000	510.2209	1.0275	8.6073	100.0474	40.1998	0.8230	0.8295	5.0000	-9999.0000	-9999.0000	-9999.0000	-9999.0000	-9999.0000	-9999.0000	19.7451	6	0	25.0089	1.0000	12	3	-9999.0000	20479	11247	-9999	223	233	-9999	290.2408	5	0.5674	0.5959	-0.0020	59.2466	1.0190	458.4676	491.1952	38.9120	451.5147	94.4444	457.8601	93.3565	465.6548	95.0463	476.1963	95.0463	
31/08/2017	08:27:14	011992	G523136838HLR	L523	S		435.5129	1.0292	6.6102	100.0139	39.8996	0.8430	0.8300	5.0000	18.4203	508.0612	95.0694	13.1392	23.6000	0.9300	0.9445	0.5949	-0.0020	508.0000	509.5499	1.0275	8.6737	100.0290	39.8004	0.8230	0.8280	5.0000	-9999.0000	-9999.0000	-9999.0000	-9999.0000	-9999.0000	-9999.0000	19.3841	7	0	41.9390	1.0000	12	3	-9999.0000	20480	11248	-9999	224	234	-9999	289.1096	5	0.5674	0.5949	-0.0020	55.1747	1.3197	459.8010	472.3967	38.1713	453.0055	93.9120	458.6277	93.6574	465.3057	95.0000	472.1893	95.1852	
31/08/2017	08:27:39	011992	G523136813HLR	L523	S		432.7548	1.0292	6.9347	100.0288	39.9545	0.8430	0.8296	5.0000	18.5493	508.0808	95.0231	15.5990	23.6000	0.9300	0.9445	0.5873	-0.0014	508.0000	510.0862	1.0275	8.6206	99.9758	39.5395	0.8230	0.8283	5.0000	-9999.0000	-9999.0000	-9999.0000	-9999.0000	-9999.0000	-9999.0000	19.2610	8	0	25.0089	1.0000	12	3	-9999.0000	20481	11249	-9999	225	234	-9999	287.0567	5	0.5675	0.5873	-0.0014	60.7811	0.9125	454.9523	482.4789	40.7407	454.2320	94.4907	454.3849	94.2130	457.9802	94.8380	463.0903	95.0694	
31/08/2017	08:28:04	011992	G523136803HLR	L523	S		433.6357	1.0292	6.8311	100.0314	39.7347	0.8430	0.8291	5.0000	18.7297	508.0693	94.9306	13.4995	23.7000	0.9300	0.9445	0.5889	-0.0016	508.0000	508.7298	1.0275	8.7549	99.9605	40.1573	0.8230	0.8302	5.0000	-9999.0000	-9999.0000	-9999.0000	-9999.0000	-9999.0000	-9999.0000	19.5097	1	0	25.0390	1.0000	12	3	-9999.0000	20482	11250	-9999	226	235	-9999	288.5184	5	0.5670	0.5889	-0.0016	57.7680	1.1136	464.0086	479.6271	38.5417	457.9245	95.3472	463.2815	93.9815	465.1885	95.0000	469.4149	95.0463	
31/08/2017	08:28:29	011992	G523136823HLR	L523	S		434.8067	1.0292	6.6933	100.0153	39.6836	0.8430	0.8295	5.0000	20.3294	508.1124	94.9074	13.6899	23.7000	0.9300	0.9445	0.5836	-0.0012	508.0000	509.0316	1.0275	8.7250	99.9694	39.8671	0.8230	0.8284	5.0000	-9999.0000	-9999.0000	-9999.0000	-9999.0000	-9999.0000	-9999.0000	19.2794	2	0	24.9191	1.0000	12	3	-9999.0000	20483	11251	-9999	227	236	-9999	288.2801	5	0.5671	0.5836	-0.0012	56.1174	1.2338	463.0033	487.9163	40.0463	459.7733	95.0000	462.1696	94.2361	467.7564	95.0000	472.2816	95.0926	
31/08/2017	08:28:54	011992	G523136806HLR	L523	S		435.2710	1.0292	6.6387	99.9858	39.9000	0.8430	0.8301	5.0000	18.4937	410.6208	95.0000	31.0086	23.6000	0.9300	0.9442	0.5902	-0.0017	508.0000	521.1793	1.0275	7.5229	99.9361	39.5440	0.8230	0.8280	5.0000	-9999.0000	-9999.0000	-9999.0000	-9999.0000	-9999.0000	-9999.0000	19.4381	3	2	25.2490	1.0000	12	3	-9999.0000	20484	11252	-9999	227	237	-9999	224.2705	5	0.5667	0.5902	-0.0017	52.0693	1.5588	335.5476	530.4901	41.1574	451.8566	95.4630	337.8813	96.3889	335.1164	94.6759	335.7635	94.7917	
31/08/2017	08:29:19	011992	G523134244HLR	L523	S		434.8391	1.0292	6.6895	100.0471	39.9601	0.8430	0.8295	5.0000	18.6389	508.0953	95.0000	13.6792	23.6000	0.9300	0.9443	0.5902	-0.0017	508.0000	507.8692	1.0275	8.8400	100.0293	39.7902	0.8230	0.8297	5.0000	-9999.0000	-9999.0000	-9999.0000	-9999.0000	-9999.0000	-9999.0000	19.3182	4	0	24.9298	1.0000	12	3	-9999.0000	20485	11253	-9999	228	238	-9999	288.0348	5	0.5667	0.5902	-0.0017	52.0693	1.5588	453.7000	507.2089	40.3241	442.8692	94.1435	453.1706	92.9167	460.1539	95.2083	467.7474	94.9769	
31/08/2017	08:29:44	011992	G523133511HLR	L523	S		443.5195	1.0292	5.6683	100.0238	39.6772	0.8430	0.8293	5.0000	19.5588	508.0542	95.0000	10.4400	23.7000	0.9300	0.9443	0.5902	-0.0017	508.0000	509.8092	1.0275	8.6480	99.9743	40.1317	0.8230	0.8301	5.0000	-9999.0000	-9999.0000	-9999.0000	-9999.0000	-9999.0000	-9999.0000	19.5390	5	0	25.1388	1.0000	12	3	-9999.0000	20486	11254	-9999	229	239	-9999	290.7146	5	0.5667	0.5902	-0.0017	52.8954	1.5144	467.2922	500.9082	40.1157	457.4189	94.3056	466.1650	93.3333	474.7173	95.0463	482.3019	95.1157	
31/08/2017	08:30:09	011992	G523134385HLR	L523	S		434.3864	1.0292	6.7428	100.0679	39.7750	0.8430	0.8299	5.0000	18.7287	508.1216	94.9306	13.3091	23.7000	0.9300	0.9444	0.5901	-0.0017	508.0000	507.1630	1.0275	8.9099	99.9457	40.0000	0.8230	0.8288	5.0000	-9999.0000	-9999.0000	-9999.0000	-9999.0000	-9999.0000	-9999.0000	19.1386	6	0	24.9190	1.0000	12	3	-9999.0000	20487	11255	-9999	230	240	-9999	288.2272	5	0.5664	0.5901	-0.0017	52.6692	1.5426	457.0647	488.1773	40.0463	456.7480	94.1898	456.1941	93.7037	462.7684	94.9769	469.5322	95.0694	
