Data	Timp	Nr. masina	Nr. de serie	Tip	Productie	Comentariu	Pre-masurare Q [ml/min]	Pre-masurare Gain	Pre-masurare Offset Master	Pre-masurare P [bar]	Pre-masurare T [°C]	Pre-masurare Densitate fixa [kg/l]	Pre-masurare densitate masurata [kg/l]	Pre-masurare Timp masurare [s]	Pre-masurare Cycle time [s]	rectificare Q Oprire [ml/min]	rectificare P Oprire [bar]	rectificare Timp rectificare [s]	rectificare T [°C]	rectificare Densitate fixa [kg/l]	rectificare densitate masurata [kg/l]	rectificare Factor de masurare la rectificare	rectificare Factor de corectie a debitului	rectificare Target rectificare	Masurare Q [ml/min]	Masurare Gain	Masurare Offset Master	Masurare P [bar]	Masurare T [°C]	Masurare Densitate fixa [kg/l]	Masurare densitate masurata [kg/l]	Masurare Timp masurare [s]	Masurare Q [ml/min]	Masurare Delta Q [ml/min]	Masurare P [bar]	Masurare BP [bar]	Masurare T [°C]	Masurare Timp masurare [s]	Masurare Cycle time [s]	Nest Nr.	Cod de descarcare	Cycle time [s]	Traceability aktiv	EDM Maschine Nr	EDM Spindle Nr	Honing Rate [r	Station Counter Premeasure	Station Counter Grind	Station Counter Blowout 1	Station Counter Wash	Station Counter Measure	Station Counter Blowout 2	RealGrindQStop	Reg Type	Factor 0	Factor 1	Factor 2	Factor 3	Factor 4	G_StartQV	G_StartQV_1	G_StartQV_2	G_StartQV_3	G_StartQV_4	G_StartQV_5	
13/08/2017	00:25:33	011992	G523039137HLR	L523	S		443.5574	1.0292	5.6638	99.9408	39.4535	0.8430	0.8274	5.0000	18.5491	508.0292	94.9769	18.5686	24.5000	0.9300	0.9268	0.6519	-0.0002	508.0000	513.6687	1.0275	7.7166	100.1064	39.5329	0.8230	0.8240	5.0000	-9999.0000	-9999.0000	-9999.0000	-9999.0000	-9999.0000	-9999.0000	20.4016	6	2	32.9587	1.0000	99	9	-9999.0000	22280	33335	-9999	624	616	-9999	329.7821	5	0.6479	0.6519	-0.0002	48.6376	1.1959	478.2819	443.5432	36.9907	467.7587	93.8426	472.9438	95.3009	477.9660	95.3935	479.8865	94.9537	
13/08/2017	00:27:46	011992	G523039144HLR	L523	S		441.3926	1.0292	5.9185	99.9893	39.6000	0.8430	0.8277	5.0000	19.5885	508.0041	94.9769	21.9094	24.3000	0.9300	0.9265	0.6519	-0.0002	508.0000	514.2373	1.0275	7.6604	99.9749	39.3673	0.8230	0.8266	5.0000	-9999.0000	-9999.0000	-9999.0000	-9999.0000	-9999.0000	-9999.0000	20.0386	7	2	133.1141	1.0000	99	9	-9999.0000	22281	33336	-9999	625	617	-9999	329.4948	5	0.6479	0.6519	-0.0002	48.6376	1.1959	471.7737	491.7629	36.1574	462.4375	94.3287	467.5500	94.0741	471.2806	94.0741	474.8687	94.8380	
13/08/2017	00:28:16	011992	G523039136HLR	L523	S		443.7527	1.0292	5.6409	100.0264	39.7116	0.8430	0.8273	5.0000	19.1018	508.0342	94.9537	21.3097	24.3000	0.9300	0.9264	0.6519	-0.0002	508.0000	514.9796	1.0275	7.5869	100.0610	40.4775	0.8230	0.8290	5.0000	-9999.0000	-9999.0000	-9999.0000	-9999.0000	-9999.0000	-9999.0000	19.5374	8	2	30.6698	1.0000	99	9	-9999.0000	22282	33337	-9999	626	618	-9999	329.5774	5	0.6479	0.6519	-0.0002	48.6376	1.1959	475.8185	481.5734	37.7546	467.7642	94.6296	472.6664	94.4907	475.6337	94.6296	477.0454	94.9537	
13/08/2017	00:28:45	011992	G523039127HLR	L523	S		441.9408	1.0292	5.8540	99.9598	39.4329	0.8430	0.8270	5.0000	18.9435	508.0618	94.9769	22.7394	24.4000	0.9300	0.9263	0.6519	-0.0002	508.0000	514.0437	1.0275	7.6795	99.8688	40.2725	0.8230	0.8272	5.0000	-9999.0000	-9999.0000	-9999.0000	-9999.0000	-9999.0000	-9999.0000	19.7208	1	2	27.5249	1.0000	99	9	-9999.0000	22283	33338	-9999	627	619	-9999	329.5053	5	0.6472	0.6519	-0.0002	47.9008	1.2184	472.0708	482.6838	37.1528	463.7557	94.5833	467.9970	94.6296	471.8793	94.6759	473.4053	94.9537	
13/08/2017	00:29:22	011992	G523039126HLR	L523	S		441.5729	1.0292	5.8973	100.0148	39.6591	0.8430	0.8276	5.0000	18.9992	508.0483	94.9306	22.0988	24.3000	0.9300	0.9264	0.6519	-0.0002	508.0000	514.5608	1.0275	7.6284	100.0707	39.5944	0.8230	0.8245	5.0000	-9999.0000	-9999.0000	-9999.0000	-9999.0000	-9999.0000	-9999.0000	20.0292	2	2	37.0419	1.0000	99	9	-9999.0000	22284	33339	-9999	628	620	-9999	329.5386	5	0.6465	0.6519	-0.0002	49.4037	1.1406	473.7931	529.5576	38.5880	463.0565	94.7917	468.8888	95.2083	473.2760	95.2315	475.9826	95.0231	
13/08/2017	00:29:52	011992	G523038992HLR	L523	S		444.0353	1.0292	5.6076	100.0573	39.7192	0.8430	0.8273	5.0000	18.7793	508.0434	94.9769	22.3693	24.3000	0.9300	0.9264	0.6519	-0.0002	508.0000	515.3559	1.0275	7.5497	99.9465	39.4912	0.8230	0.8257	5.0000	-9999.0000	-9999.0000	-9999.0000	-9999.0000	-9999.0000	-9999.0000	20.4295	3	2	30.3896	1.0000	99	9	-9999.0000	22285	33340	-9999	629	621	-9999	329.5175	5	0.6465	0.6519	-0.0002	49.4037	1.1406	474.2539	514.0142	39.3750	462.6261	94.5139	470.7167	95.0694	474.2518	95.1389	476.1422	95.0926	
13/08/2017	00:30:53	011992	G523038986HLR	L523	S		444.6403	1.0292	5.5364	99.9858	39.5325	0.8430	0.8272	5.0000	18.5695	508.0480	94.9537	19.8694	24.3000	0.9300	0.9269	0.6519	-0.0002	508.0000	515.2832	1.0275	7.5569	100.0971	40.2990	0.8230	0.8269	5.0000	-9999.0000	-9999.0000	-9999.0000	-9999.0000	-9999.0000	-9999.0000	21.9153	4	2	61.4904	1.0000	99	9	-9999.0000	22286	33341	-9999	630	622	-9999	329.7292	5	0.6451	0.6519	-0.0002	48.0572	1.1763	470.6678	507.3858	38.0093	458.3469	94.2130	465.5031	95.1620	470.2934	95.1852	473.1358	95.0000	
13/08/2017	00:31:20	011992	G523038995HLR	L523	S		444.2692	1.0292	5.5801	99.9658	39.6242	0.8430	0.8273	5.0000	19.5392	508.0724	94.9537	16.6293	24.2000	0.9300	0.9266	0.6519	-0.0002	508.0000	513.7480	1.0275	7.7088	100.0764	39.9154	0.8230	0.8247	5.0000	-9999.0000	-9999.0000	-9999.0000	-9999.0000	-9999.0000	-9999.0000	20.4187	5	2	26.2260	1.0000	99	9	-9999.0000	22287	33342	-9999	631	623	-9999	329.9950	5	0.6451	0.6519	-0.0002	48.0572	1.1763	481.1157	520.4312	37.2917	469.3279	94.5370	475.1679	94.6528	480.6274	94.7454	482.9520	94.9537	
13/08/2017	00:31:46	011992	G523038988HLR	L523	S		445.7736	1.0292	5.4031	99.9847	39.6848	0.8430	0.8274	5.0000	18.5589	508.0330	94.9769	26.1885	24.1000	0.9300	0.9265	0.6519	-0.0002	508.0000	519.7201	1.0275	7.1178	99.9473	39.9980	0.8230	0.8276	5.0000	-9999.0000	-9999.0000	-9999.0000	-9999.0000	-9999.0000	-9999.0000	19.3799	6	2	26.1095	1.0000	99	9	-9999.0000	22288	33343	-9999	632	624	-9999	329.2125	5	0.6436	0.6519	-0.0002	48.6341	1.1328	447.7250	521.5778	37.8009	431.1332	94.8611	438.6459	95.4167	447.0214	95.4861	451.1244	95.0000	
13/08/2017	00:32:16	011992	G523038997HLR	L523	S		444.5366	1.0292	5.5486	100.0249	39.6799	0.8430	0.8272	5.0000	18.6732	508.0584	94.9769	19.4700	24.1000	0.9300	0.9265	0.6519	-0.0002	508.0000	515.7202	1.0275	7.5136	100.1098	40.0523	0.8230	0.8258	5.0000	-9999.0000	-9999.0000	-9999.0000	-9999.0000	-9999.0000	-9999.0000	20.6649	7	2	30.2488	1.0000	99	9	-9999.0000	22289	33344	-9999	633	625	-9999	329.7873	5	0.6436	0.6519	-0.0002	48.6341	1.1328	478.4997	534.2925	38.6343	465.5934	94.1204	473.7798	95.3009	478.1062	95.2315	479.5229	95.0463	
13/08/2017	00:33:36	011992	G523038966HLR	L523	Q		444.0145	1.0292	5.6101	99.9960	39.5347	0.8430	0.8274	5.0000	19.1360	508.0125	94.9537	17.7894	24.3000	0.9300	0.9270	0.6468	-0.0003	508.0000	511.6989	1.0275	7.9116	100.0187	39.8633	0.8230	0.8264	5.0000	-9999.0000	-9999.0000	-9999.0000	-9999.0000	-9999.0000	-9999.0000	19.6289	3	0	15.0902	1.0000	99	9	-9999.0000	22290	33345	-9999	634	626	-9999	325.9017	5	0.6401	0.6468	-0.0003	61.6027	0.4692	478.3103	442.0792	35.8796	470.6990	93.5185	474.7075	94.9074	478.0674	94.9074	480.4473	94.9769	
13/08/2017	00:36:36	011992	G523038970HLR	L523	Q		442.2065	1.0292	5.8228	99.9864	39.6128	0.8430	0.8277	5.0000	18.5906	508.0453	94.9306	18.3187	24.4000	0.9300	0.9269	0.6430	-0.0001	508.0000	510.2183	1.0275	8.0581	99.8809	39.9204	0.8230	0.8260	5.0000	-9999.0000	-9999.0000	-9999.0000	-9999.0000	-9999.0000	-9999.0000	18.8990	7	0	14.9993	1.0000	99	9	-9999.0000	22291	33346	-9999	635	627	-9999	325.5246	5	0.6395	0.6430	-0.0001	59.4430	0.5677	479.7027	446.4823	35.9722	470.6110	93.7500	475.8075	94.8611	479.6036	94.8380	482.1847	94.8843	
13/08/2017	00:39:40	011992	G523038976HLR	L523	S		444.6418	1.0292	5.5363	100.0074	39.4672	0.8430	0.8276	5.0000	18.3569	508.0389	94.9769	15.0502	24.6000	0.9300	0.9270	0.6430	-0.0001	508.0000	508.4340	1.0275	8.2347	99.9673	40.0834	0.8230	0.8283	5.0000	-9999.0000	-9999.0000	-9999.0000	-9999.0000	-9999.0000	-9999.0000	19.4073	7	0	28.4588	1.0000	99	9	-9999.0000	22293	33347	-9999	637	628	-9999	325.7186	5	0.6392	0.6430	-0.0001	57.6088	0.6392	484.5079	485.8588	38.6343	474.0809	94.0046	479.1710	95.0926	483.8946	95.0694	486.5413	95.0231	
13/08/2017	00:41:16	011992	G523038974HLR	L523	S		441.2303	1.0292	5.9376	99.9680	39.5000	0.8430	0.8278	5.0000	18.5295	508.0242	94.9769	17.5492	24.4000	0.9300	0.9268	0.6447	-0.0003	508.0000	510.0333	1.0275	8.0764	99.9344	39.6540	0.8230	0.8272	5.0000	-9999.0000	-9999.0000	-9999.0000	-9999.0000	-9999.0000	-9999.0000	19.5791	3	0	25.3966	1.0000	99	9	-9999.0000	22294	33348	-9999	638	629	-9999	325.1324	5	0.6393	0.6447	-0.0003	53.5731	0.8240	482.2883	502.2965	36.8981	467.4758	94.2130	477.1748	95.4167	481.8362	95.4861	483.9266	94.9306	
13/08/2017	00:42:55	011992	G523038982HLR	L523	S		444.1008	1.0292	5.5999	99.9730	39.6042	0.8430	0.8279	5.0000	21.2650	508.0344	94.9537	14.5288	24.4000	0.9300	0.9268	0.6456	-0.0003	508.0000	507.9740	1.0275	8.2802	100.0183	39.2940	0.8230	0.8250	5.0000	-9999.0000	-9999.0000	-9999.0000	-9999.0000	-9999.0000	-9999.0000	19.8096	7	0	28.3929	1.0000	99	9	-9999.0000	22295	33349	-9999	639	630	-9999	325.4577	5	0.6389	0.6456	-0.0003	53.9532	0.8115	484.9191	467.4090	37.9630	469.4083	93.7037	478.7613	94.9074	484.6958	94.9537	486.8733	94.9769	
13/08/2017	00:44:32	011992	G523038174HLR	L523	S		438.4023	1.0292	6.2703	100.0402	39.7000	0.8430	0.8282	5.0000	18.7698	508.0484	94.9537	17.5491	24.3000	0.9300	0.9268	0.6475	-0.0005	508.0000	508.1068	1.0275	8.2670	99.9577	39.5078	0.8230	0.8238	5.0000	-9999.0000	-9999.0000	-9999.0000	-9999.0000	-9999.0000	-9999.0000	20.5997	3	0	26.1988	1.0000	99	9	-9999.0000	22296	33350	-9999	640	631	-9999	324.8631	5	0.6390	0.6475	-0.0005	52.0726	0.8915	476.9435	494.6856	37.0139	464.8282	94.0741	473.0569	95.1389	476.8072	95.2083	479.6857	95.0000	
13/08/2017	00:46:10	011992	G523038193HLR	L523	S		442.4754	1.0292	5.7911	99.8828	39.8000	0.8430	0.8280	5.0000	18.8491	508.0246	94.9769	15.2690	24.3000	0.9300	0.9269	0.6494	-0.0006	508.0000	507.3452	1.0275	8.3424	99.9695	39.8633	0.8230	0.8248	5.0000	-9999.0000	-9999.0000	-9999.0000	-9999.0000	-9999.0000	-9999.0000	19.4248	7	0	25.7892	1.0000	99	9	-9999.0000	22297	33351	-9999	641	632	-9999	325.3986	5	0.6390	0.6494	-0.0006	51.6753	0.9321	478.7427	461.4060	36.8981	464.1510	93.7963	474.5700	95.0000	478.0906	94.9306	481.1331	94.8148	
13/08/2017	00:47:00	011992	G523038952HLR	L523	S		422.2656	1.0292	8.1687	100.0118	39.4220	0.8430	0.8268	5.0000	18.8997	508.0474	94.9306	16.2592	24.2000	0.9300	0.9268	0.6494	-0.0006	508.0000	508.6954	1.0275	8.2088	99.9514	39.6870	0.8230	0.8274	5.0000	-9999.0000	-9999.0000	-9999.0000	-9999.0000	-9999.0000	-9999.0000	19.4490	1	0	28.0493	1.0000	99	9	-9999.0000	22298	33352	-9999	642	633	-9999	325.1453	5	0.6390	0.6494	-0.0006	51.6753	0.9321	478.0379	476.7753	35.2083	436.2703	94.2361	453.7291	95.1157	477.4741	95.0463	481.6638	95.0231	
13/08/2017	00:47:53	011992	G523038962HLR	L523	S		442.6032	1.0292	5.7761	100.0346	39.8132	0.8430	0.8276	5.0000	18.9692	508.0601	94.9537	14.8696	24.2000	0.9300	0.9268	0.6506	-0.0007	508.0000	508.3859	1.0275	8.2394	99.9693	40.0782	0.8230	0.8255	5.0000	-9999.0000	-9999.0000	-9999.0000	-9999.0000	-9999.0000	-9999.0000	20.0196	3	0	29.1492	1.0000	99	9	-9999.0000	22299	33353	-9999	643	634	-9999	325.6177	5	0.6392	0.6506	-0.0007	50.9140	0.9663	479.3196	479.9140	37.5694	466.6675	93.7269	475.1952	95.1620	478.8389	95.2315	482.0109	94.9537	
13/08/2017	00:48:44	011992	G523038964HLR	L523	S		440.6489	1.0292	6.0060	100.0392	39.4880	0.8430	0.8272	5.0000	19.0198	508.0343	94.9537	17.2093	24.2000	0.9300	0.9268	0.6500	-0.0006	508.0000	508.5224	1.0275	8.2259	100.2221	39.6381	0.8230	0.8269	5.0000	-9999.0000	-9999.0000	-9999.0000	-9999.0000	-9999.0000	-9999.0000	19.2489	5	0	27.8085	1.0000	99	9	-9999.0000	22300	33354	-9999	643	635	-9999	324.6608	5	0.6389	0.6500	-0.0006	50.2158	0.9925	474.7135	527.0298	38.7963	466.3254	94.4444	469.7903	94.7917	474.0031	95.0231	478.1849	95.0231	
13/08/2017	00:49:32	011992	G523038203HLR	L523	S		435.8374	1.0292	6.5721	100.0470	39.7565	0.8430	0.8274	5.0000	18.3097	508.0570	94.9769	18.2796	24.3000	0.9300	0.9269	0.6516	-0.0007	508.0000	507.2603	1.0275	8.3508	100.1744	40.1406	0.8230	0.8260	5.0000	-9999.0000	-9999.0000	-9999.0000	-9999.0000	-9999.0000	-9999.0000	20.1091	7	0	24.9383	1.0000	99	9	-9999.0000	22301	33355	-9999	644	636	-9999	324.2090	5	0.6394	0.6516	-0.0007	44.2090	1.3686	468.7377	499.2847	37.0833	460.9803	94.2361	464.3673	94.5370	468.2232	94.7454	472.2341	94.9537	
13/08/2017	00:50:20	011992	G523038168HLR	L523	S		435.4039	1.0292	6.6231	99.9774	39.6116	0.8430	0.8275	5.0000	18.4992	508.0815	94.9306	16.9798	24.3000	0.9300	0.9269	0.6546	-0.0009	508.0000	507.1773	1.0275	8.3590	99.9302	39.5573	0.8230	0.8259	5.0000	-9999.0000	-9999.0000	-9999.0000	-9999.0000	-9999.0000	-9999.0000	19.2284	1	0	25.1387	1.0000	99	9	-9999.0000	22302	33356	-9999	645	637	-9999	324.5750	5	0.6393	0.6546	-0.0009	44.8488	1.3284	470.2573	494.2987	37.8472	462.5183	94.5370	464.9481	94.5370	469.8914	94.7917	473.5445	94.9769	
13/08/2017	00:51:10	011992	G523038204HLR	L523	S		443.6610	1.0292	5.6516	100.0562	39.6723	0.8430	0.8271	5.0000	19.3098	508.0486	94.9769	13.8794	24.4000	0.9300	0.9269	0.6511	-0.0007	508.0000	507.2899	1.0275	8.3479	99.9659	40.2653	0.8230	0.8273	5.0000	-9999.0000	-9999.0000	-9999.0000	-9999.0000	-9999.0000	-9999.0000	19.6483	3	0	26.3594	1.0000	99	9	-9999.0000	22303	33357	-9999	646	638	-9999	325.8618	5	0.6395	0.6511	-0.0007	40.5274	1.6127	479.0554	483.1078	39.0972	471.2226	94.3750	474.2744	94.3981	478.8149	94.5370	482.5861	94.9074	
13/08/2017	00:52:05	011992	G523038169HLR	L523	S		443.3392	1.0292	5.6895	99.9740	39.6966	0.8430	0.8275	5.0000	18.4309	508.0607	94.9769	14.1997	24.5000	0.9300	0.9270	0.6504	-0.0007	508.0000	507.0743	1.0275	8.3692	100.0264	39.5391	0.8230	0.8250	5.0000	-9999.0000	-9999.0000	-9999.0000	-9999.0000	-9999.0000	-9999.0000	19.5291	5	0	27.2128	1.0000	99	9	-9999.0000	22304	33358	-9999	647	639	-9999	325.7904	5	0.6397	0.6504	-0.0007	35.8340	1.9308	481.2961	492.6135	37.5000	465.9402	94.5833	475.0955	94.7222	480.8245	94.9769	484.6826	94.9537	
13/08/2017	00:53:02	011992	G523038950HLR	L523	S		440.9285	1.0292	5.9731	99.9800	39.6240	0.8430	0.8269	5.0000	20.4191	508.0437	95.0000	15.4702	24.5000	0.9300	0.9269	0.6525	-0.0008	508.0000	507.7829	1.0275	8.2991	100.0042	40.2818	0.8230	0.8274	5.0000	-9999.0000	-9999.0000	-9999.0000	-9999.0000	-9999.0000	-9999.0000	20.3297	7	0	24.9860	1.0000	99	9	-9999.0000	22305	33359	-9999	647	640	-9999	325.4230	5	0.6399	0.6525	-0.0008	39.0402	1.7473	477.9837	462.2883	35.1389	461.4879	94.2130	472.6769	95.1389	477.7829	95.3472	481.3741	95.0000	
13/08/2017	00:53:25	011992	G523038187HLR	L523	S		441.3060	1.0292	5.9287	99.9813	39.5905	0.8430	0.8272	5.0000	19.5296	508.0684	94.9306	16.3988	24.4000	0.9300	0.9267	0.6525	-0.0008	508.0000	508.3934	1.0275	8.2387	100.0911	39.8703	0.8230	0.8254	5.0000	-9999.0000	-9999.0000	-9999.0000	-9999.0000	-9999.0000	-9999.0000	19.2985	8	0	26.5196	1.0000	99	9	-9999.0000	22306	33360	-9999	648	641	-9999	325.0908	5	0.6399	0.6525	-0.0008	39.0402	1.7473	476.9726	507.9700	36.7824	463.9484	94.9537	471.5986	95.2546	476.6319	95.3704	478.8303	94.9769	
13/08/2017	00:53:52	011992	G523038198HLR	L523	S		440.7131	1.0292	5.9985	100.0452	39.8263	0.8430	0.8276	5.0000	18.7796	508.0543	94.9537	16.3598	24.3000	0.9300	0.9266	0.6525	-0.0008	508.0000	507.8007	1.0275	8.2973	99.9394	39.5000	0.8230	0.8250	5.0000	-9999.0000	-9999.0000	-9999.0000	-9999.0000	-9999.0000	-9999.0000	19.4099	1	0	27.2685	1.0000	99	9	-9999.0000	22307	33361	-9999	648	642	-9999	325.1931	5	0.6403	0.6525	-0.0008	38.4310	1.7857	476.9882	487.6539	38.5417	468.3126	95.2778	472.0269	95.4398	476.5365	95.5093	480.0661	94.8611	
13/08/2017	00:54:18	011992	G523038207HLR	L523	S		436.7250	1.0292	6.4676	100.0283	39.8030	0.8430	0.8270	5.0000	19.5794	508.0750	94.9537	17.8695	24.3000	0.9300	0.9265	0.6525	-0.0008	508.0000	507.5290	1.0275	8.3242	100.0526	39.8000	0.8230	0.8273	5.0000	-9999.0000	-9999.0000	-9999.0000	-9999.0000	-9999.0000	-9999.0000	19.2795	2	0	26.6689	1.0000	99	9	-9999.0000	22308	33362	-9999	649	643	-9999	324.6511	5	0.6403	0.6525	-0.0008	38.4310	1.7857	468.2306	503.8378	39.4676	464.4727	95.0926	464.3788	95.1620	467.4271	95.2315	470.5639	95.0231	
13/08/2017	00:54:44	011992	G523038208HLR	L523	S		443.7157	1.0292	5.6452	100.0110	39.5796	0.8430	0.8269	5.0000	18.7188	508.0198	95.0231	12.9390	24.2000	0.9300	0.9265	0.6537	-0.0008	508.0000	508.7490	1.0275	8.2035	99.9449	40.3000	0.8230	0.8275	5.0000	-9999.0000	-9999.0000	-9999.0000	-9999.0000	-9999.0000	-9999.0000	19.2088	3	0	24.9696	1.0000	99	9	-9999.0000	22308	33363	-9999	650	644	-9999	326.6567	5	0.6404	0.6537	-0.0008	40.0286	1.6904	481.1833	527.7801	38.4491	472.2776	95.0463	477.1093	95.0694	480.7683	95.0463	485.0173	95.0463	
13/08/2017	00:55:10	011992	G523038201HLR	L523	S		441.7610	1.0292	5.8752	100.0155	39.7776	0.8430	0.8276	5.0000	18.6388	508.0966	94.8843	15.6596	24.2000	0.9300	0.9266	0.6545	-0.0009	508.0000	508.3792	1.0275	8.2401	100.1874	39.9854	0.8230	0.8251	5.0000	-9999.0000	-9999.0000	-9999.0000	-9999.0000	-9999.0000	-9999.0000	19.7991	4	0	26.5284	1.0000	99	9	-9999.0000	22309	33364	-9999	650	645	-9999	325.5295	5	0.6404	0.6545	-0.0009	39.0739	1.7551	474.8675	518.3117	39.2593	466.2477	94.6991	469.7734	94.4213	474.5622	94.6528	477.9750	94.9306	
13/08/2017	00:55:39	011992	G523038364HLR	L523	S		440.8728	1.0292	5.9797	100.0612	39.9222	0.8430	0.8274	5.0000	18.9085	508.0421	94.9306	16.3295	24.2000	0.9300	0.9266	0.6539	-0.0009	508.0000	509.7027	1.0275	8.1091	99.9819	39.5000	0.8230	0.8245	5.0000	-9999.0000	-9999.0000	-9999.0000	-9999.0000	-9999.0000	-9999.0000	19.0561	5	0	28.6698	1.0000	99	9	-9999.0000	22310	33365	-9999	651	646	-9999	325.1683	5	0.6403	0.6539	-0.0009	39.9864	1.6997	476.0519	502.5314	37.7315	465.9967	94.3750	470.8337	95.0694	475.6095	95.1852	478.9843	95.1620	
13/08/2017	00:56:04	011992	G523038373HLR	L523	S		436.7591	1.0292	6.4636	100.0594	39.7361	0.8430	0.8269	5.0000	18.9192	508.0369	94.9306	15.7689	24.1000	0.9300	0.9266	0.6523	-0.0007	508.0000	508.3429	1.0275	8.2437	100.1252	39.7665	0.8230	0.8270	5.0000	-9999.0000	-9999.0000	-9999.0000	-9999.0000	-9999.0000	-9999.0000	18.8393	6	0	25.7785	1.0000	99	9	-9999.0000	22310	33366	-9999	652	647	-9999	325.5109	5	0.6403	0.6523	-0.0007	40.1259	1.6855	473.9667	511.1819	37.3843	459.4626	94.6296	468.9742	94.6759	473.6873	94.6991	476.6036	94.9306	
13/08/2017	00:56:30	011992	G523038209HLR	L523	S		441.0493	1.0292	5.9589	100.0509	39.6856	0.8430	0.8275	5.0000	18.7589	508.0651	94.9537	13.9692	24.1000	0.9300	0.9267	0.6515	-0.0007	508.0000	508.7085	1.0275	8.2075	100.0836	40.3730	0.8230	0.8277	5.0000	-9999.0000	-9999.0000	-9999.0000	-9999.0000	-9999.0000	-9999.0000	19.1783	7	0	25.6494	1.0000	99	9	-9999.0000	22311	33367	-9999	653	648	-9999	326.1887	5	0.6405	0.6515	-0.0007	42.3900	1.5597	478.9296	529.9750	37.9398	468.0293	94.3287	473.1754	94.4444	478.5129	94.3287	481.5470	94.7685	
13/08/2017	00:56:58	011992	G523038171HLR	L523	S		442.2659	1.0292	5.8158	100.0886	39.8681	0.8430	0.8275	5.0000	18.6791	508.1061	94.8843	15.7094	24.1000	0.9300	0.9267	0.6509	-0.0006	508.0000	509.5843	1.0275	8.1208	99.9594	40.0948	0.8230	0.8255	5.0000	-9999.0000	-9999.0000	-9999.0000	-9999.0000	-9999.0000	-9999.0000	19.0060	8	0	28.3340	1.0000	99	9	-9999.0000	22312	33368	-9999	654	649	-9999	325.6354	5	0.6407	0.6509	-0.0006	38.5771	1.7852	479.1050	531.8136	40.7639	469.4196	94.2824	473.3198	95.0000	478.5507	95.1852	481.5756	95.1620	
13/08/2017	00:57:25	011992	G523038199HLR	L523	S		441.5703	1.0292	5.8976	99.9846	39.8351	0.8430	0.8271	5.0000	18.5490	508.0426	94.9306	17.8392	24.0000	0.9300	0.9267	0.6522	-0.0007	508.0000	509.3018	1.0275	8.1488	99.9238	39.5969	0.8230	0.8243	5.0000	-9999.0000	-9999.0000	-9999.0000	-9999.0000	-9999.0000	-9999.0000	19.9392	1	0	26.6835	1.0000	99	9	-9999.0000	22312	33369	-9999	655	650	-9999	324.7514	5	0.6406	0.6522	-0.0007	44.6822	1.4248	472.8512	528.5717	39.0972	464.2818	94.4444	469.4950	95.0926	472.2697	95.2546	476.2947	95.1157	
13/08/2017	00:57:53	011992	G523038402HLR	L523	S		443.1565	1.0292	5.7110	99.9479	39.7287	0.8430	0.8270	5.0000	18.5491	508.0518	94.9537	14.9496	23.9000	0.9300	0.9266	0.6522	-0.0007	508.0000	511.0533	1.0275	7.9755	100.0778	39.7000	0.8230	0.8263	5.0000	-9999.0000	-9999.0000	-9999.0000	-9999.0000	-9999.0000	-9999.0000	19.7165	2	0	27.9395	1.0000	99	9	-9999.0000	22313	33370	-9999	656	651	-9999	325.7528	5	0.6406	0.6522	-0.0007	44.6822	1.4248	480.9045	518.4909	37.4537	472.1820	94.1898	477.2331	95.1157	480.4175	95.1852	482.8139	95.0231	
13/08/2017	00:58:21	011992	G523038395HLR	L523	S		441.2846	1.0292	5.9312	100.0758	39.8120	0.8430	0.8274	5.0000	18.9494	508.0599	94.9769	14.7895	23.9000	0.9300	0.9266	0.6490	-0.0005	508.0000	508.6721	1.0275	8.2111	99.9461	40.2511	0.8230	0.8272	5.0000	-9999.0000	-9999.0000	-9999.0000	-9999.0000	-9999.0000	-9999.0000	19.9188	3	0	27.6793	1.0000	99	9	-9999.0000	22314	33371	-9999	657	652	-9999	325.7164	5	0.6405	0.6490	-0.0005	51.0480	1.0549	479.2269	532.0310	38.8657	457.2710	94.4676	474.9097	94.8148	478.8896	94.9769	482.4358	95.0926	
13/08/2017	00:58:47	011992	G523038383HLR	L523	S		441.1115	1.0292	5.9516	99.9198	39.8742	0.8430	0.8273	5.0000	18.4765	508.0554	94.9537	17.4496	23.8000	0.9300	0.9266	0.6490	-0.0006	508.0000	511.0864	1.0275	7.9722	100.1443	40.1521	0.8230	0.8258	5.0000	-9999.0000	-9999.0000	-9999.0000	-9999.0000	-9999.0000	-9999.0000	19.1291	4	0	26.6488	1.0000	99	9	-9999.0000	22314	33372	-9999	658	653	-9999	324.8490	5	0.6401	0.6490	-0.0006	54.0609	0.8657	477.7174	527.4934	37.2222	471.7908	94.5370	473.4431	94.5139	477.1782	94.7685	480.2066	94.9537	
13/08/2017	00:59:13	011992	G523038393HLR	L523	S		441.2604	1.0292	5.9341	100.0124	39.7830	0.8430	0.8270	5.0000	18.6194	508.0557	94.9306	15.7699	23.8000	0.9300	0.9266	0.6511	-0.0007	508.0000	509.5511	1.0275	8.1241	100.0378	39.6717	0.8230	0.8248	5.0000	-9999.0000	-9999.0000	-9999.0000	-9999.0000	-9999.0000	-9999.0000	18.6995	5	0	25.4832	1.0000	99	9	-9999.0000	22315	33373	-9999	659	654	-9999	325.1506	5	0.6398	0.6511	-0.0007	58.1314	0.5803	475.8989	544.8549	39.6991	465.1271	94.0972	470.8200	94.4213	475.5911	94.5370	479.1461	94.9074	
13/08/2017	00:59:39	011992	G523038376HLR	L523	S		438.9565	1.0292	6.2051	100.0284	39.7745	0.8430	0.8273	5.0000	18.4633	508.0787	94.9306	17.1390	23.7000	0.9300	0.9267	0.6498	-0.0006	508.0000	510.2445	1.0275	8.0555	99.9227	39.7415	0.8230	0.8261	5.0000	-9999.0000	-9999.0000	-9999.0000	-9999.0000	-9999.0000	-9999.0000	19.8289	6	0	26.2950	1.0000	99	9	-9999.0000	22316	33374	-9999	660	655	-9999	324.6378	5	0.6396	0.6498	-0.0006	57.0586	0.6925	475.3887	526.6056	37.5463	466.3173	94.3056	471.2360	95.3935	474.8380	95.4398	476.9880	95.0926	
13/08/2017	01:00:06	011992	G523038406HLR	L523	S		442.6019	1.0292	5.7763	100.0447	39.8501	0.8430	0.8274	5.0000	18.6783	508.0403	94.8611	16.8295	23.6000	0.9300	0.9266	0.6562	-0.0011	508.0000	512.6250	1.0275	7.8199	99.9095	40.1936	0.8230	0.8274	5.0000	-9999.0000	-9999.0000	-9999.0000	-9999.0000	-9999.0000	-9999.0000	18.9686	7	0	27.2687	1.0000	99	9	-9999.0000	22317	33375	-9999	661	656	-9999	324.5826	5	0.6393	0.6562	-0.0011	57.6983	0.6487	476.0925	520.7683	39.3519	469.5906	94.6065	471.5241	94.2361	475.9115	94.3750	478.5963	94.8380	
13/08/2017	01:00:34	011992	G523038379HLR	L523	S		441.1548	1.0292	5.9465	100.0907	39.8164	0.8430	0.8271	5.0000	18.9700	508.1143	94.9769	15.9096	23.6000	0.9300	0.9267	0.6562	-0.0011	508.0000	510.4041	1.0275	8.0397	99.9914	40.1646	0.8230	0.8260	5.0000	-9999.0000	-9999.0000	-9999.0000	-9999.0000	-9999.0000	-9999.0000	19.1225	8	0	27.6288	1.0000	99	9	-9999.0000	22318	33376	-9999	662	657	-9999	324.7165	5	0.6393	0.6562	-0.0011	57.6983	0.6487	471.1712	495.5941	37.8472	461.4570	94.3519	464.9031	94.6065	470.9687	94.4676	475.2357	95.0000	
13/08/2017	01:00:59	011992	G523038368HLR	L523	S		444.6209	1.0292	5.5387	100.0036	39.7846	0.8430	0.8272	5.0000	18.4951	508.0631	94.9537	14.6088	23.6000	0.9300	0.9267	0.6561	-0.0011	508.0000	511.1686	1.0275	7.9640	99.9931	39.7531	0.8230	0.8249	5.0000	-9999.0000	-9999.0000	-9999.0000	-9999.0000	-9999.0000	-9999.0000	19.0485	1	0	24.8994	1.0000	99	9	-9999.0000	22319	33377	-9999	663	658	-9999	325.3252	5	0.6389	0.6561	-0.0011	62.3068	0.3629	476.9847	525.5467	38.6574	466.3199	94.6296	470.9300	94.8148	476.5918	94.9537	480.1232	95.0463	
13/08/2017	01:01:24	011992	G523038371HLR	L523	S		442.8284	1.0292	5.7496	100.0829	39.8267	0.8430	0.8273	5.0000	18.9397	508.0768	94.9537	15.4096	23.6000	0.9300	0.9268	0.6577	-0.0012	508.0000	509.9007	1.0275	8.0895	99.9060	39.7000	0.8230	0.8260	5.0000	-9999.0000	-9999.0000	-9999.0000	-9999.0000	-9999.0000	-9999.0000	18.9698	2	0	25.2687	1.0000	99	9	-9999.0000	22320	33378	-9999	664	659	-9999	324.7893	5	0.6384	0.6577	-0.0012	56.1296	0.7839	472.9079	544.5957	37.1065	463.8232	94.5833	467.8561	95.8102	472.4208	95.7407	476.5689	94.9306	
13/08/2017	01:01:49	011992	G523038370HLR	L523	S		441.6251	1.0292	5.8912	99.9902	39.8405	0.8430	0.8272	5.0000	18.5688	508.0255	94.9074	16.3998	23.6000	0.9300	0.9268	0.6589	-0.0013	508.0000	509.5209	1.0275	8.1271	100.0555	40.1000	0.8230	0.8273	5.0000	-9999.0000	-9999.0000	-9999.0000	-9999.0000	-9999.0000	-9999.0000	19.4589	3	0	25.1496	1.0000	99	9	-9999.0000	22321	33379	-9999	664	660	-9999	324.0506	5	0.6380	0.6589	-0.0013	55.1952	0.8567	471.2775	525.4675	37.8241	463.8355	94.6065	466.3831	95.1852	470.3629	95.3241	474.6098	95.0694	
13/08/2017	01:02:15	011992	G523037978HLR	L523	S		442.4590	1.0292	5.7931	100.0615	39.8162	0.8430	0.8272	5.0000	18.6520	508.0432	94.9537	16.8890	23.6000	0.9300	0.9268	0.6490	-0.0007	508.0000	508.9412	1.0275	8.1845	100.0572	40.2192	0.8230	0.8264	5.0000	-9999.0000	-9999.0000	-9999.0000	-9999.0000	-9999.0000	-9999.0000	19.0084	4	0	25.4686	1.0000	99	9	-9999.0000	22322	33380	-9999	665	661	-9999	323.3889	5	0.6371	0.6490	-0.0007	47.1778	1.3512	469.0618	544.6501	39.1204	459.9527	94.1435	463.2738	95.4630	468.6886	95.4630	471.6188	94.8843	
13/08/2017	01:02:42	011992	G523038409HLR	L523	S		446.1451	1.0292	5.3594	100.0161	39.8066	0.8430	0.8272	5.0000	19.1411	508.0532	94.9537	13.1196	23.7000	0.9300	0.9268	0.6490	-0.0007	508.0000	509.7202	1.0275	8.1074	100.0202	39.8547	0.8230	0.8250	5.0000	-9999.0000	-9999.0000	-9999.0000	-9999.0000	-9999.0000	-9999.0000	19.0389	5	0	27.2295	1.0000	99	9	-9999.0000	22323	33381	-9999	666	662	-9999	324.8357	5	0.6371	0.6490	-0.0007	47.1778	1.3512	484.1426	515.0200	39.3056	475.3081	94.1435	479.8487	94.2593	483.6628	94.3056	487.5574	94.9074	
13/08/2017	01:03:12	011992	G523038400HLR	L523	S		442.2215	1.0292	5.8210	99.9888	39.8259	0.8430	0.8272	5.0000	19.2104	508.0482	94.9074	14.4789	23.7000	0.9300	0.9269	0.6452	-0.0005	508.0000	508.8619	1.0275	8.1923	99.9183	39.6429	0.8230	0.8253	5.0000	-9999.0000	-9999.0000	-9999.0000	-9999.0000	-9999.0000	-9999.0000	19.1688	6	0	30.1029	1.0000	99	9	-9999.0000	22324	33382	-9999	667	663	-9999	323.9806	5	0.6369	0.6452	-0.0005	46.6593	1.3850	481.9681	527.5583	39.9306	473.8270	94.3981	477.6469	95.4630	481.2897	95.5556	484.4433	94.9769	
13/08/2017	01:03:40	011992	G523038399HLR	L523	S		439.9448	1.0292	6.0888	99.9917	39.8297	0.8430	0.8272	5.0000	18.5192	508.0777	94.9306	14.3500	23.7000	0.9300	0.9268	0.6534	-0.0010	508.0000	508.6107	1.0275	8.2172	100.0363	40.0000	0.8230	0.8274	5.0000	-9999.0000	-9999.0000	-9999.0000	-9999.0000	-9999.0000	-9999.0000	19.0886	7	0	27.6644	1.0000	99	9	-9999.0000	22325	33383	-9999	668	664	-9999	324.3675	5	0.6367	0.6534	-0.0010	48.0179	1.2902	476.3631	533.2758	39.6759	468.2355	94.6296	470.5614	94.0046	475.6431	94.2130	479.7222	94.8380	
13/08/2017	01:04:08	011992	G523038389HLR	L523	S		442.7606	1.0292	5.7576	100.0213	39.8150	0.8430	0.8272	5.0000	19.3000	508.0474	95.0000	14.7895	23.8000	0.9300	0.9269	0.6551	-0.0012	508.0000	508.7642	1.0275	8.2020	99.9557	40.2717	0.8230	0.8265	5.0000	-9999.0000	-9999.0000	-9999.0000	-9999.0000	-9999.0000	-9999.0000	18.8736	8	0	28.4892	1.0000	99	9	-9999.0000	22326	33384	-9999	669	665	-9999	324.1809	5	0.6365	0.6551	-0.0012	47.5305	1.3124	473.9312	516.7694	37.3843	466.4791	94.6065	468.6619	94.4907	473.4844	94.6759	477.4203	94.9306	
13/08/2017	01:04:37	011992	G523039129HLR	L523	S		441.5007	1.0292	5.9058	100.0221	39.8297	0.8430	0.8272	5.0000	18.5990	508.0117	94.9306	16.3988	23.8000	0.9300	0.9269	0.6422	-0.0004	508.0000	507.4343	1.0275	8.3336	100.1123	39.8417	0.8230	0.8248	5.0000	-9999.0000	-9999.0000	-9999.0000	-9999.0000	-9999.0000	-9999.0000	19.7692	1	0	28.0487	1.0000	99	9	-9999.0000	22327	33385	-9999	670	666	-9999	323.1572	5	0.6362	0.6422	-0.0004	42.8197	1.6006	480.1197	549.0576	38.4028	474.0361	95.1620	476.8475	94.5602	479.6569	94.7917	481.7585	94.9074	
13/08/2017	01:05:03	011992	G523039102HLR	L523	S		438.6839	1.0292	6.2372	100.0711	39.8533	0.8430	0.8272	5.0000	18.8595	508.0545	94.9769	19.2796	23.8000	0.9300	0.9269	0.6427	-0.0004	508.0000	508.5320	1.0275	8.2250	99.9618	39.7000	0.8230	0.8255	5.0000	-9999.0000	-9999.0000	-9999.0000	-9999.0000	-9999.0000	-9999.0000	19.7713	2	0	26.4991	1.0000	99	9	-9999.0000	22328	33386	-9999	671	666	-9999	322.7370	5	0.6363	0.6427	-0.0004	48.1033	1.2699	473.4943	543.8257	40.7639	470.9272	95.2315	469.1519	94.6759	472.9654	94.8148	476.1322	94.9769	
13/08/2017	01:05:30	011992	G523039113HLR	L523	S		440.8698	1.0292	5.9800	100.0876	39.8435	0.8430	0.8272	5.0000	18.7694	508.0301	94.9306	16.8294	23.8000	0.9300	0.9268	0.6442	-0.0005	508.0000	507.2741	1.0275	8.3494	99.9667	40.0976	0.8230	0.8271	5.0000	-9999.0000	-9999.0000	-9999.0000	-9999.0000	-9999.0000	-9999.0000	18.9887	3	0	27.3885	1.0000	99	9	-9999.0000	22329	33387	-9999	672	667	-9999	323.1027	5	0.6364	0.6442	-0.0005	51.4147	1.0337	477.9706	555.7118	38.5185	474.9687	95.2546	475.1655	94.6759	477.2547	94.7222	481.3047	95.0463	
13/08/2017	01:05:57	011992	G523039114HLR	L523	S		438.9450	1.0292	6.2065	100.0928	39.8389	0.8430	0.8272	5.0000	18.8491	508.0620	94.9537	17.6995	23.8000	0.9300	0.9268	0.6432	-0.0004	508.0000	508.0635	1.0275	8.2713	100.1875	40.1817	0.8230	0.8263	5.0000	-9999.0000	-9999.0000	-9999.0000	-9999.0000	-9999.0000	-9999.0000	19.1797	4	0	27.1993	1.0000	99	9	-9999.0000	22330	33388	-9999	672	668	-9999	322.8233	5	0.6367	0.6432	-0.0004	58.8790	0.5193	475.3978	479.9389	36.3194	465.8564	94.8380	471.1494	95.6250	474.8868	95.5787	477.4200	95.2315	
13/08/2017	01:06:24	011992	G523039124HLR	L523	S		439.3274	1.0292	6.1615	100.0071	39.8559	0.8430	0.8272	5.0000	18.4896	508.0121	94.9537	16.8597	23.8000	0.9300	0.9267	0.6432	-0.0004	508.0000	508.0126	1.0275	8.2764	99.9670	39.8391	0.8230	0.8251	5.0000	-9999.0000	-9999.0000	-9999.0000	-9999.0000	-9999.0000	-9999.0000	19.2088	5	0	26.7990	1.0000	99	9	-9999.0000	22331	33388	-9999	673	669	-9999	323.0894	5	0.6367	0.6432	-0.0004	58.8790	0.5193	476.3795	522.2020	36.7824	465.6937	94.8380	471.9940	94.3750	476.0639	94.4907	478.3282	94.9074	
13/08/2017	01:06:50	011992	G523038954HLR	L523	S		440.6141	1.0292	6.0101	100.0385	39.8681	0.8430	0.8274	5.0000	18.8505	508.0605	94.9769	15.5893	23.8000	0.9300	0.9267	0.6438	-0.0005	508.0000	507.5356	1.0275	8.3236	100.0272	39.7000	0.8230	0.8256	5.0000	-9999.0000	-9999.0000	-9999.0000	-9999.0000	-9999.0000	-9999.0000	19.2885	6	0	25.4590	1.0000	99	9	-9999.0000	22332	33389	-9999	674	669	-9999	323.5175	5	0.6365	0.6438	-0.0005	54.3246	0.7919	480.4886	523.6780	37.3611	471.7659	95.1620	474.2216	94.4676	479.7654	94.5370	482.3940	94.8611	
13/08/2017	01:07:18	011992	G523039132HLR	L523	S		440.4013	1.0292	6.0351	100.0247	39.8597	0.8430	0.8272	5.0000	18.6593	508.0213	94.9537	16.1596	23.8000	0.9300	0.9268	0.6438	-0.0005	508.0000	507.3912	1.0275	8.3378	100.1013	40.0796	0.8230	0.8270	5.0000	-9999.0000	-9999.0000	-9999.0000	-9999.0000	-9999.0000	-9999.0000	19.0283	7	0	28.6170	1.0000	99	9	-9999.0000	22333	33390	-9999	675	670	-9999	323.3449	5	0.6366	0.6438	-0.0005	56.7467	0.6367	478.0237	536.6016	37.5926	474.2104	95.1157	476.2222	94.6991	478.0227	94.6991	481.2244	95.0463	
13/08/2017	01:07:47	011992	G523039133HLR	L523	S		440.2949	1.0292	6.0477	99.9967	39.8521	0.8430	0.8272	5.0000	18.5575	508.0574	94.9306	16.2689	23.8000	0.9300	0.9268	0.6440	-0.0005	508.0000	507.5328	1.0275	8.3238	100.1281	40.1479	0.8230	0.8259	5.0000	-9999.0000	-9999.0000	-9999.0000	-9999.0000	-9999.0000	-9999.0000	20.2085	8	0	28.2296	1.0000	99	9	-9999.0000	22334	33391	-9999	676	671	-9999	323.2963	5	0.6364	0.6440	-0.0005	55.3672	0.7258	477.5739	494.4230	39.8380	472.2081	95.4861	473.5430	94.7685	477.1254	94.9306	479.9362	95.0926	
13/08/2017	01:08:14	011992	G523039123HLR	L523	S		439.1934	1.0292	6.1772	100.0298	39.8650	0.8430	0.8272	5.0000	18.9622	508.0181	94.8380	15.8891	23.8000	0.9300	0.9268	0.6440	-0.0005	508.0000	506.4177	1.0275	8.4342	100.0019	39.8517	0.8230	0.8253	5.0000	-9999.0000	-9999.0000	-9999.0000	-9999.0000	-9999.0000	-9999.0000	18.7891	1	0	27.5389	1.0000	99	9	-9999.0000	22335	33392	-9999	677	672	-9999	323.3626	5	0.6364	0.6440	-0.0005	55.1726	0.7418	478.0716	545.9150	39.0509	471.5762	95.3935	473.5774	94.8611	477.8268	95.0231	481.1059	95.0231	
13/08/2017	01:08:43	011992	G523039122HLR	L523	S		439.7746	1.0292	6.1089	99.9632	39.8725	0.8430	0.8272	5.0000	18.4193	508.0338	94.9537	14.6694	23.8000	0.9300	0.9268	0.6439	-0.0005	508.0000	505.7097	1.0275	8.5043	99.9764	39.7741	0.8230	0.8257	5.0000	-9999.0000	-9999.0000	-9999.0000	-9999.0000	-9999.0000	-9999.0000	19.2514	2	0	28.6190	1.0000	99	9	-9999.0000	22336	33393	-9999	677	673	-9999	323.7616	5	0.6366	0.6439	-0.0005	53.9451	0.8236	480.6829	532.7124	38.8426	471.2113	95.4630	474.2931	94.7917	480.0882	94.9769	482.6750	95.0694	
13/08/2017	01:09:11	011992	G523039115HLR	L523	S		435.8335	1.0292	6.5725	100.0287	39.8505	0.8430	0.8272	5.0000	18.6888	508.0702	94.9769	17.7698	23.8000	0.9300	0.9268	0.6458	-0.0006	508.0000	506.3219	1.0275	8.4437	100.2579	40.0000	0.8230	0.8269	5.0000	-9999.0000	-9999.0000	-9999.0000	-9999.0000	-9999.0000	-9999.0000	19.0557	3	0	28.2382	1.0000	99	9	-9999.0000	22337	33394	-9999	678	674	-9999	323.0618	5	0.6366	0.6458	-0.0006	54.9719	0.7613	473.0450	519.1206	39.5833	467.0497	95.4398	468.3778	94.8380	472.6457	95.0463	475.1734	95.1852	
13/08/2017	01:09:40	011992	G523039105HLR	L523	S		439.7159	1.0292	6.1158	99.9238	39.8561	0.8430	0.8272	5.0000	18.2796	508.0432	94.9306	17.5189	23.8000	0.9300	0.9268	0.6493	-0.0008	508.0000	508.3242	1.0275	8.2455	100.1912	40.1000	0.8230	0.8262	5.0000	-9999.0000	-9999.0000	-9999.0000	-9999.0000	-9999.0000	-9999.0000	18.9082	4	0	28.9697	1.0000	99	9	-9999.0000	22338	33395	-9999	679	675	-9999	323.1105	5	0.6367	0.6493	-0.0008	52.8013	0.8976	475.5478	517.2856	38.9352	468.6596	95.4398	471.5514	94.7222	475.1728	94.8380	479.0074	95.0231	
13/08/2017	01:10:07	011992	G523039141HLR	L523	S		438.5166	1.0292	6.2569	99.9936	39.8749	0.8430	0.8272	5.0000	18.6987	508.0201	94.9537	16.7289	23.7000	0.9300	0.9267	0.6493	-0.0008	508.0000	507.4514	1.0275	8.3319	100.0068	39.7705	0.8230	0.8249	5.0000	-9999.0000	-9999.0000	-9999.0000	-9999.0000	-9999.0000	-9999.0000	19.7985	5	0	26.6999	1.0000	99	9	-9999.0000	22339	33396	-9999	680	676	-9999	323.4144	5	0.6367	0.6493	-0.0008	52.8013	0.8976	474.9162	525.5345	39.2824	467.8693	95.4167	469.9516	94.8148	474.4278	94.9074	478.3209	95.0694	
13/08/2017	01:10:35	011992	G523039125HLR	L523	S		438.5559	1.0292	6.2522	100.0693	39.8333	0.8430	0.8271	5.0000	18.6398	508.0826	94.9306	17.8792	23.7000	0.9300	0.9267	0.6542	-0.0010	508.0000	507.6763	1.0275	8.3096	100.0290	39.8000	0.8230	0.8262	5.0000	-9999.0000	-9999.0000	-9999.0000	-9999.0000	-9999.0000	-9999.0000	19.0620	6	0	28.1975	1.0000	99	9	-9999.0000	22340	33397	-9999	681	677	-9999	322.9289	5	0.6371	0.6542	-0.0010	52.2123	0.9379	468.7130	498.1377	39.0278	461.7568	95.4398	464.2794	95.0000	468.8469	95.1389	472.1548	95.1620	
13/08/2017	01:11:03	011992	G523039140HLR	L523	S		438.5734	1.0292	6.2502	100.0655	39.8338	0.8430	0.8272	5.0000	19.1090	508.0627	94.9769	17.3900	23.6000	0.9300	0.9267	0.6610	-0.0015	508.0000	509.6944	1.0275	8.1099	100.0509	40.1000	0.8230	0.8270	5.0000	-9999.0000	-9999.0000	-9999.0000	-9999.0000	-9999.0000	-9999.0000	18.9493	7	0	28.0693	1.0000	99	9	-9999.0000	22341	33398	-9999	682	678	-9999	323.3450	5	0.6372	0.6610	-0.0015	48.9438	1.1427	470.4874	507.2422	40.8333	464.0290	95.2778	465.5929	94.6296	469.9491	94.8148	472.7552	95.0694	
13/08/2017	01:11:33	011992	G523039107HLR	L523	S		437.7843	1.0292	6.3430	99.9837	39.8729	0.8430	0.8273	5.0000	18.4475	508.0891	94.9306	18.1995	23.6000	0.9300	0.9267	0.6590	-0.0013	508.0000	507.9133	1.0275	8.2862	100.1573	40.0768	0.8230	0.8259	5.0000	-9999.0000	-9999.0000	-9999.0000	-9999.0000	-9999.0000	-9999.0000	18.8583	8	0	30.5985	1.0000	99	9	-9999.0000	22342	33399	-9999	682	679	-9999	322.4903	5	0.6372	0.6590	-0.0013	47.5632	1.2372	462.6545	524.9455	38.8657	456.1191	95.5324	457.7768	94.9074	462.4536	95.0463	465.6771	95.1157	
13/08/2017	01:12:02	011992	G523039117HLR	L523	S		438.9093	1.0292	6.2107	99.9818	39.8224	0.8430	0.8271	5.0000	19.5691	508.0621	94.9537	15.8100	23.6000	0.9300	0.9267	0.6590	-0.0013	508.0000	506.3609	1.0275	8.4398	99.9718	39.7337	0.8230	0.8251	5.0000	-9999.0000	-9999.0000	-9999.0000	-9999.0000	-9999.0000	-9999.0000	19.0489	1	0	28.2892	1.0000	99	9	-9999.0000	22343	33400	-9999	683	680	-9999	324.2112	5	0.6372	0.6590	-0.0013	47.5632	1.2372	468.5869	499.3773	37.8704	459.8178	95.2315	462.9914	94.6991	468.5765	94.8380	472.0881	95.0231	
13/08/2017	01:12:30	011992	G523039106HLR	L523	S		436.7720	1.0292	6.4621	100.0072	39.8369	0.8430	0.8273	5.0000	18.5394	508.0493	94.9074	17.3587	23.5000	0.9300	0.9267	0.6571	-0.0012	508.0000	507.5808	1.0275	8.3191	100.0168	39.9000	0.8230	0.8265	5.0000	-9999.0000	-9999.0000	-9999.0000	-9999.0000	-9999.0000	-9999.0000	19.6384	2	0	28.6090	1.0000	99	9	-9999.0000	22344	33401	-9999	684	681	-9999	323.3388	5	0.6372	0.6571	-0.0012	46.1983	1.3258	469.5515	524.0228	39.1435	460.9070	95.1389	464.7052	94.6759	469.0623	95.0231	473.2245	95.1852	
13/08/2017	01:12:59	011992	G523039116HLR	L523	S		437.8461	1.0292	6.3358	100.0356	39.8605	0.8430	0.8273	5.0000	18.6594	508.0575	94.9537	17.2494	23.5000	0.9300	0.9267	0.6602	-0.0014	508.0000	508.5072	1.0275	8.2274	100.1697	40.1517	0.8230	0.8265	5.0000	-9999.0000	-9999.0000	-9999.0000	-9999.0000	-9999.0000	-9999.0000	19.4404	3	0	28.4287	1.0000	99	9	-9999.0000	22345	33402	-9999	685	682	-9999	323.3162	5	0.6369	0.6602	-0.0014	46.5309	1.3043	468.3859	498.3034	39.3287	462.7611	95.1157	463.3299	94.7917	468.1876	94.9537	471.2469	95.1157	
13/08/2017	01:13:28	011992	G523039142HLR	L523	S		437.9619	1.0292	6.3221	100.0117	39.8076	0.8430	0.8270	5.0000	20.2188	508.0492	94.9537	19.4993	23.4000	0.9300	0.9268	0.6625	-0.0015	508.0000	508.8430	1.0275	8.1942	99.9345	39.9335	0.8230	0.8254	5.0000	-9999.0000	-9999.0000	-9999.0000	-9999.0000	-9999.0000	-9999.0000	19.0542	4	0	28.7489	1.0000	99	9	-9999.0000	22346	33403	-9999	686	683	-9999	321.6921	5	0.6372	0.6625	-0.0015	47.6718	1.2421	462.8475	513.4902	40.6944	457.2189	95.3935	458.8220	94.8611	462.2339	94.9769	466.2659	95.1852	
13/08/2017	01:13:56	011992	G523038977HLR	L523	S		439.3746	1.0292	6.1559	100.0555	39.8253	0.8430	0.8272	5.0000	18.6464	508.0590	94.9306	17.1195	23.4000	0.9300	0.9268	0.6625	-0.0015	508.0000	508.5239	1.0275	8.2258	100.1741	39.6986	0.8230	0.8254	5.0000	-9999.0000	-9999.0000	-9999.0000	-9999.0000	-9999.0000	-9999.0000	19.2510	5	0	27.9853	1.0000	99	9	-9999.0000	22347	33404	-9999	687	684	-9999	323.5000	5	0.6372	0.6625	-0.0015	47.6718	1.2421	464.4628	517.4803	38.2639	455.9086	95.3009	459.3011	94.6991	463.7440	94.8843	467.8140	94.9537	
13/08/2017	01:14:23	011992	G523039146HLR	L523	S		439.4741	1.0292	6.1442	99.9817	39.8867	0.8430	0.8273	5.0000	18.4691	508.0438	94.9537	17.8089	23.4000	0.9300	0.9268	0.6636	-0.0016	508.0000	508.5164	1.0275	8.2265	99.9721	40.0000	0.8230	0.8270	5.0000	-9999.0000	-9999.0000	-9999.0000	-9999.0000	-9999.0000	-9999.0000	19.0811	6	0	27.4032	1.0000	99	9	-9999.0000	22348	33404	-9999	687	685	-9999	323.1014	5	0.6369	0.6636	-0.0016	47.7132	1.2665	464.7847	529.9365	39.9769	456.3409	95.3009	459.5495	94.8380	464.1948	94.9306	467.5884	95.0231	
13/08/2017	01:14:58	011992	G523039145HLR	L523	S		436.2544	1.0292	6.5230	99.9694	39.8305	0.8430	0.8271	5.0000	18.4992	508.1223	94.9306	17.6791	23.5000	0.9300	0.9269	0.6709	-0.0020	508.0000	508.2092	1.0275	8.2569	100.0839	40.1762	0.8230	0.8262	5.0000	-9999.0000	-9999.0000	-9999.0000	-9999.0000	-9999.0000	-9999.0000	19.5321	7	0	35.0388	1.0000	99	9	-9999.0000	22349	33405	-9999	688	686	-9999	323.2248	5	0.6362	0.6709	-0.0020	56.4432	0.7620	462.5037	540.4715	39.3287	454.4152	95.4630	458.4219	94.8611	461.7900	95.1157	466.7721	95.1389	
13/08/2017	01:15:25	011992	G523039147HLR	L523	S		438.3969	1.0292	6.2710	100.0941	39.8275	0.8430	0.8273	5.0000	18.7493	508.0649	94.9306	18.0287	23.5000	0.9300	0.9269	0.6704	-0.0020	508.0000	508.4951	1.0275	8.2286	99.9881	39.8505	0.8230	0.8252	5.0000	-9999.0000	-9999.0000	-9999.0000	-9999.0000	-9999.0000	-9999.0000	18.9284	8	0	27.2187	1.0000	99	9	-9999.0000	22350	33406	-9999	689	687	-9999	322.7553	5	0.6360	0.6704	-0.0020	56.2877	0.7652	460.4825	508.7448	42.1065	454.4949	95.3472	454.6326	94.8843	459.7837	95.0694	462.5627	95.1389	
13/08/2017	01:15:53	011992	G523039143HLR	L523	S		438.2595	1.0292	6.2871	100.0411	39.8545	0.8430	0.8273	5.0000	19.1067	508.0689	94.9537	17.1888	23.5000	0.9300	0.9269	0.6705	-0.0020	508.0000	507.8726	1.0275	8.2902	99.9905	39.8000	0.8230	0.8263	5.0000	-9999.0000	-9999.0000	-9999.0000	-9999.0000	-9999.0000	-9999.0000	18.9882	1	0	27.6386	1.0000	99	9	-9999.0000	22351	33407	-9999	690	688	-9999	323.4671	5	0.6360	0.6705	-0.0020	56.9737	0.7266	460.5664	510.9390	40.6481	456.3543	95.4398	455.6155	94.8843	460.0825	94.8843	464.1903	95.0231	
13/08/2017	01:16:20	011992	G523038978HLR	L523	S		439.7744	1.0292	6.1089	100.0238	39.8453	0.8430	0.8272	5.0000	18.5107	508.0391	94.9769	16.6889	23.6000	0.9300	0.9269	0.6705	-0.0020	508.0000	508.1694	1.0275	8.2608	100.0769	40.1000	0.8230	0.8267	5.0000	-9999.0000	-9999.0000	-9999.0000	-9999.0000	-9999.0000	-9999.0000	19.1464	2	0	27.1802	1.0000	99	9	-9999.0000	22352	33408	-9999	691	689	-9999	323.9434	5	0.6360	0.6705	-0.0020	56.9737	0.7266	462.4810	530.1105	40.8796	455.3412	95.3704	456.8377	94.7685	461.6307	94.7222	465.4942	95.0231	
13/08/2017	01:16:46	011992	G523038958HLR	L523	S		439.7254	1.0292	6.1147	99.9650	39.8182	0.8430	0.8271	5.0000	19.4483	508.0850	94.9769	24.1388	23.6000	0.9300	0.9269	0.6714	-0.0020	508.0000	513.8334	1.0275	7.7003	100.1233	40.0265	0.8230	0.8256	5.0000	-9999.0000	-9999.0000	-9999.0000	-9999.0000	-9999.0000	-9999.0000	19.6286	3	2	26.5180	1.0000	99	9	-9999.0000	22353	33409	-9999	692	690	-9999	316.5444	5	0.6357	0.6714	-0.0020	57.3172	0.7272	433.8460	487.1921	38.0324	416.3534	96.1343	427.2643	95.0000	433.3884	95.0000	438.1433	95.0694	
13/08/2017	01:17:14	011992	G523038957HLR	L523	S		438.3202	1.0292	6.2800	100.0774	39.8509	0.8430	0.8273	5.0000	18.7686	508.0796	94.9537	16.4095	23.6000	0.9300	0.9269	0.6714	-0.0020	508.0000	507.7180	1.0275	8.3055	100.0373	39.7661	0.8230	0.8253	5.0000	-9999.0000	-9999.0000	-9999.0000	-9999.0000	-9999.0000	-9999.0000	18.9593	4	0	27.2890	1.0000	99	9	-9999.0000	22354	33410	-9999	693	691	-9999	324.2882	5	0.6357	0.6714	-0.0020	57.3172	0.7272	461.5001	524.7611	40.3241	451.9727	95.7407	454.7732	95.3704	461.0812	95.3704	465.1331	95.1389	
13/08/2017	01:17:41	011992	G523038967HLR	L523	S		437.9522	1.0292	6.3233	100.0207	39.8555	0.8430	0.8271	5.0000	19.5181	508.0456	94.8843	16.8187	23.7000	0.9300	0.9269	0.6723	-0.0021	508.0000	507.6018	1.0275	8.3170	100.1878	39.8509	0.8230	0.8265	5.0000	-9999.0000	-9999.0000	-9999.0000	-9999.0000	-9999.0000	-9999.0000	18.9698	5	0	26.8487	1.0000	99	9	-9999.0000	22355	33411	-9999	694	692	-9999	323.9420	5	0.6362	0.6723	-0.0021	53.8806	0.9111	461.4306	515.3762	39.9306	450.0345	95.1157	456.0739	94.8148	460.5694	94.8843	465.9346	95.0694	
13/08/2017	01:18:09	011992	G523038993HLR	L523	S		440.1496	1.0292	6.0648	100.0867	39.7723	0.8430	0.8271	5.0000	18.8500	508.0419	94.9537	16.4486	23.7000	0.9300	0.9270	0.6723	-0.0021	508.0000	508.0562	1.0275	8.2720	99.8843	40.1880	0.8230	0.8269	5.0000	-9999.0000	-9999.0000	-9999.0000	-9999.0000	-9999.0000	-9999.0000	19.0729	6	0	28.1774	1.0000	99	9	-9999.0000	22356	33412	-9999	695	693	-9999	324.2837	5	0.6362	0.6723	-0.0021	53.8806	0.9111	461.0464	504.7497	35.9722	450.6356	94.9769	455.2430	94.9306	460.4647	95.1157	465.2253	95.1620	
13/08/2017	01:18:40	011992	G523038991HLR	L523	S		435.7467	1.0292	6.5827	99.9960	39.9224	0.8430	0.8275	5.0000	18.4084	508.0624	94.9537	15.6391	23.8000	0.9300	0.9269	0.6687	-0.0019	508.0000	508.2262	1.0275	8.2552	99.9792	40.0695	0.8230	0.8258	5.0000	-9999.0000	-9999.0000	-9999.0000	-9999.0000	-9999.0000	-9999.0000	18.8739	7	0	30.9405	1.0000	99	9	-9999.0000	22357	33413	-9999	696	694	-9999	324.9150	5	0.6342	0.6687	-0.0019	58.9750	0.6263	465.1120	485.8895	37.0370	446.3822	95.1389	456.5921	95.0231	464.2312	95.1852	470.0614	95.0926	
13/08/2017	01:19:07	011992	G523038984HLR	L523	S		440.8199	1.0292	5.9859	99.9757	39.9597	0.8430	0.8272	5.0000	18.5092	508.0386	95.0000	16.5394	23.7000	0.9300	0.9269	0.6724	-0.0021	508.0000	507.5898	1.0275	8.3182	100.0718	39.6924	0.8230	0.8247	5.0000	-9999.0000	-9999.0000	-9999.0000	-9999.0000	-9999.0000	-9999.0000	20.4593	8	0	27.3691	1.0000	99	9	-9999.0000	22358	33414	-9999	697	695	-9999	324.0789	5	0.6346	0.6724	-0.0021	58.1494	0.6578	468.9605	508.3652	35.9259	454.5411	94.6991	460.6100	96.2269	466.4774	96.2731	469.2005	94.7222	
13/08/2017	01:19:36	011992	G523038985HLR	L523	S		438.4718	1.0292	6.2621	99.9773	39.8244	0.8430	0.8270	5.0000	18.4797	508.0819	94.9769	15.8803	23.7000	0.9300	0.9268	0.6724	-0.0021	508.0000	507.6981	1.0275	8.3075	100.2312	39.9287	0.8230	0.8269	5.0000	-9999.0000	-9999.0000	-9999.0000	-9999.0000	-9999.0000	-9999.0000	18.8583	1	0	28.5995	1.0000	99	9	-9999.0000	22359	33415	-9999	698	696	-9999	324.9685	5	0.6346	0.6724	-0.0021	57.9923	0.6631	460.3572	504.9100	38.5880	451.1061	93.7731	454.3746	93.7731	459.5731	93.9352	464.4950	94.6991	
13/08/2017	01:20:17	011992	G523038983HLR	L523	S		438.7550	1.0292	6.2288	100.0615	39.8473	0.8430	0.8273	5.0000	18.8937	508.0396	94.9306	17.3089	23.7000	0.9300	0.9268	0.6707	-0.0020	508.0000	507.7201	1.0275	8.3053	99.9009	40.1958	0.8230	0.8267	5.0000	-9999.0000	-9999.0000	-9999.0000	-9999.0000	-9999.0000	-9999.0000	18.8311	2	0	41.7583	1.0000	99	9	-9999.0000	22360	33416	-9999	699	697	-9999	323.3015	5	0.6355	0.6707	-0.0020	57.5923	0.6893	451.8151	511.9257	37.6157	441.6338	93.6806	445.5929	94.0278	451.0598	94.0278	457.2692	94.6759	
13/08/2017	01:20:47	011992	G523038996HLR	L523	S		439.4246	1.0292	6.1500	100.0893	39.9549	0.8430	0.8273	5.0000	18.7621	508.0414	95.0000	20.0794	23.6000	0.9300	0.9268	0.6705	-0.0020	508.0000	507.1810	1.0275	8.3586	99.9550	39.9339	0.8230	0.8253	5.0000	-9999.0000	-9999.0000	-9999.0000	-9999.0000	-9999.0000	-9999.0000	19.2281	3	0	29.3193	1.0000	99	9	-9999.0000	22361	33417	-9999	700	698	-9999	320.6479	5	0.6359	0.6705	-0.0020	57.2817	0.7076	457.8691	493.6518	36.3426	450.5404	93.6343	453.9703	95.1852	457.8009	95.2083	461.3542	94.9306	
13/08/2017	01:21:17	011992	G523038979HLR	L523	S		437.5861	1.0292	6.3663	100.0524	39.8565	0.8430	0.8271	5.0000	18.7712	508.0429	94.9306	16.5297	23.6000	0.9300	0.9268	0.6854	-0.0028	508.0000	507.3304	1.0275	8.3439	99.9562	39.8000	0.8230	0.8261	5.0000	-9999.0000	-9999.0000	-9999.0000	-9999.0000	-9999.0000	-9999.0000	19.4452	4	0	29.8484	1.0000	99	9	-9999.0000	22362	33418	-9999	701	699	-9999	324.2408	5	0.6363	0.6854	-0.0028	57.9138	0.6703	459.7058	479.3260	38.4491	448.8089	93.8194	453.3008	94.3287	459.1932	94.4444	463.9701	94.9306	
13/08/2017	01:21:47	011992	G523038981HLR	L523	S		437.7429	1.0292	6.3479	99.9795	39.8427	0.8430	0.8275	5.0000	18.4389	508.0483	94.9537	17.7298	23.6000	0.9300	0.9268	0.6856	-0.0029	508.0000	507.5822	1.0275	8.3189	100.0013	40.0032	0.8230	0.8266	5.0000	-9999.0000	-9999.0000	-9999.0000	-9999.0000	-9999.0000	-9999.0000	19.1407	5	0	30.0887	1.0000	99	9	-9999.0000	22363	33419	-9999	702	700	-9999	322.5851	5	0.6365	0.6856	-0.0029	57.2010	0.6974	452.1980	505.3768	37.3380	442.3075	94.0509	445.2724	94.5370	451.6450	94.6759	456.2109	94.9306	
13/08/2017	01:22:17	011992	G523038980HLR	L523	S		439.3483	1.0292	6.1590	100.0152	39.9251	0.8430	0.8273	5.0000	18.6799	474.5503	95.0231	31.0086	23.5000	0.9300	0.9267	0.6668	-0.0017	508.0000	511.3326	1.0275	7.9478	100.0829	40.0052	0.8230	0.8260	5.0000	-9999.0000	-9999.0000	-9999.0000	-9999.0000	-9999.0000	-9999.0000	18.8243	6	0	30.2587	1.0000	99	9	-9999.0000	22364	33420	-9999	703	701	-9999	283.2709	5	0.6360	0.6668	-0.0017	73.9413	-0.3098	385.2915	504.4604	38.6806	387.8357	94.6759	379.5360	94.8843	384.6520	95.0926	388.0449	95.0694	
13/08/2017	01:23:00	011992	G523038990HLR	L523	S		440.7818	1.0292	5.9904	100.0706	39.8760	0.8430	0.8271	5.0000	18.7370	508.0202	94.9537	17.5687	23.4000	0.9300	0.9267	0.6675	-0.0018	508.0000	509.0614	1.0275	8.1726	99.9816	39.7808	0.8230	0.8255	5.0000	-9999.0000	-9999.0000	-9999.0000	-9999.0000	-9999.0000	-9999.0000	18.9513	7	0	43.0092	1.0000	99	9	-9999.0000	22365	33421	-9999	704	702	-9999	323.3774	5	0.6362	0.6675	-0.0018	74.8988	-0.3503	461.2363	511.5865	38.9815	454.1114	94.4676	457.2164	93.5417	460.7120	93.7037	465.0175	95.3241	
13/08/2017	01:23:29	011992	G523038989HLR	L523	S		439.9416	1.0292	6.0892	100.0365	39.8557	0.8430	0.8272	5.0000	18.6257	508.0758	94.8843	17.6292	23.3000	0.9300	0.9268	0.6681	-0.0018	508.0000	509.3002	1.0275	8.1489	100.1257	39.9000	0.8230	0.8266	5.0000	-9999.0000	-9999.0000	-9999.0000	-9999.0000	-9999.0000	-9999.0000	18.7383	8	0	28.7494	1.0000	99	9	-9999.0000	22366	33422	-9999	705	703	-9999	323.4533	5	0.6377	0.6681	-0.0018	74.4901	-0.3200	460.9391	534.8752	38.3796	455.1414	94.7917	456.1138	94.0972	460.4195	94.2361	464.6739	94.8380	
13/08/2017	01:23:58	011992	G523038965HLR	L523	S		438.0840	1.0292	6.3078	99.9841	39.8220	0.8430	0.8273	5.0000	18.4191	508.0199	94.9537	17.5902	23.3000	0.9300	0.9268	0.6680	-0.0018	508.0000	508.7567	1.0275	8.2027	99.9655	40.0703	0.8230	0.8261	5.0000	-9999.0000	-9999.0000	-9999.0000	-9999.0000	-9999.0000	-9999.0000	18.9493	1	0	28.7680	1.0000	99	9	-9999.0000	22367	33423	-9999	706	704	-9999	323.3665	5	0.6301	0.6680	-0.0018	66.4033	0.1593	459.4789	510.8601	40.4630	451.8048	94.3981	452.8110	94.1435	458.8958	94.3056	464.6347	94.8843	
13/08/2017	01:24:28	011992	G523038971HLR	L523	S		437.1282	1.0292	6.4202	99.9919	39.9251	0.8430	0.8273	5.0000	18.8597	508.0382	94.9306	18.2591	23.3000	0.9300	0.9269	0.6683	-0.0018	508.0000	506.7214	1.0275	8.4041	100.0238	39.6535	0.8230	0.8251	5.0000	-9999.0000	-9999.0000	-9999.0000	-9999.0000	-9999.0000	-9999.0000	19.2788	2	0	30.4394	1.0000	99	9	-9999.0000	22368	33424	-9999	707	705	-9999	322.7826	5	0.6298	0.6683	-0.0018	65.9295	0.1741	458.5624	486.9320	37.1759	452.8812	94.9537	454.0378	94.3287	457.9231	94.4444	461.4650	94.9306	
13/08/2017	01:24:56	011992	G523038963HLR	L523	S		430.6124	1.0292	7.1868	100.0457	39.8297	0.8430	0.8271	5.0000	18.6692	473.1114	94.9769	31.0086	23.4000	0.9300	0.9268	0.6690	-0.0019	508.0000	516.4927	1.0275	7.4372	100.2835	39.8000	0.8230	0.8267	5.0000	-9999.0000	-9999.0000	-9999.0000	-9999.0000	-9999.0000	-9999.0000	19.6007	3	2	28.4187	1.0000	99	9	-9999.0000	22369	33425	-9999	708	706	-9999	289.5440	5	0.6294	0.6690	-0.0019	66.0232	0.1731	393.6239	532.8349	37.6157	394.2614	95.9722	387.8549	94.8380	393.1316	94.9769	396.9201	95.0926	
13/08/2017	01:25:24	011992	G523038975HLR	L523	S		437.9492	1.0292	6.3236	100.0252	39.7890	0.8430	0.8272	5.0000	19.1888	508.0384	94.8843	17.1996	23.4000	0.9300	0.9269	0.6847	-0.0028	508.0000	509.0062	1.0275	8.1780	100.0759	40.2281	0.8230	0.8268	5.0000	-9999.0000	-9999.0000	-9999.0000	-9999.0000	-9999.0000	-9999.0000	19.7559	4	0	27.2090	1.0000	99	9	-9999.0000	22370	33426	-9999	709	707	-9999	323.5836	5	0.6290	0.6847	-0.0028	65.8282	0.1891	462.9177	540.7680	39.9769	451.2145	95.1157	457.4816	94.4213	462.0619	94.4907	465.1519	94.9074	
13/08/2017	01:25:53	011992	G523038973HLR	L523	S		438.6514	1.0292	6.2410	99.9814	39.9000	0.8430	0.8272	5.0000	18.6088	508.0494	94.9769	17.8997	23.5000	0.9300	0.9270	0.6684	-0.0018	508.0000	508.3919	1.0275	8.2388	99.8996	39.9569	0.8230	0.8254	5.0000	-9999.0000	-9999.0000	-9999.0000	-9999.0000	-9999.0000	-9999.0000	18.9685	5	0	28.1592	1.0000	99	9	-9999.0000	22371	33427	-9999	710	708	-9999	322.5078	5	0.6289	0.6684	-0.0018	66.3515	0.1752	453.3200	473.8524	37.8009	441.4544	95.0231	445.1987	94.5139	453.0024	94.7222	456.7256	95.0231	
13/08/2017	01:26:22	011992	G523038163HLR	L523	S		434.2054	1.0292	6.7641	100.0237	39.7120	0.8430	0.8271	5.0000	18.7393	508.0995	94.9537	19.6985	23.5000	0.9300	0.9269	0.7378	-0.0058	508.0000	508.3668	1.0275	8.2413	100.2525	39.6499	0.8230	0.8252	5.0000	-9999.0000	-9999.0000	-9999.0000	-9999.0000	-9999.0000	-9999.0000	19.0660	6	0	28.3488	1.0000	99	9	-9999.0000	22372	33428	-9999	711	709	-9999	321.4400	5	0.6228	0.7378	-0.0058	78.6305	-0.5248	455.7460	517.6695	39.8148	450.7709	94.8380	450.9480	94.7685	455.3535	94.7454	459.7128	94.9306	
13/08/2017	01:26:47	011992	G523038164HLR	L523	S		436.8266	1.0292	6.4557	100.0210	39.9010	0.8430	0.8276	5.0000	18.6698	508.0832	94.9306	17.5990	23.6000	0.9300	0.9269	0.7380	-0.0058	508.0000	509.1498	1.0275	8.1638	100.1999	39.9000	0.8230	0.8270	5.0000	-9999.0000	-9999.0000	-9999.0000	-9999.0000	-9999.0000	-9999.0000	19.0393	7	0	24.9087	1.0000	99	9	-9999.0000	22373	33429	-9999	712	710	-9999	323.0338	5	0.6226	0.7380	-0.0058	81.7966	-0.6872	424.9968	477.2941	39.9537	414.5578	95.3009	417.8593	94.7685	424.1088	94.8611	429.7443	95.0926	
13/08/2017	01:27:12	011992	G523038951HLR	L523	S		439.2456	1.0292	6.1711	99.9970	39.9168	0.8430	0.8272	5.0000	18.5295	508.1027	94.9769	16.4896	23.6000	0.9300	0.9270	0.7380	-0.0058	508.0000	508.7119	1.0275	8.2072	99.9564	40.2381	0.8230	0.8269	5.0000	-9999.0000	-9999.0000	-9999.0000	-9999.0000	-9999.0000	-9999.0000	19.0599	8	0	24.9493	1.0000	99	9	-9999.0000	22374	33430	-9999	713	711	-9999	326.4154	5	0.6226	0.7380	-0.0058	81.7966	-0.6872	430.7429	476.2129	38.4259	417.1749	95.1157	422.1150	94.9074	429.7183	95.0000	436.1896	95.0463	
13/08/2017	01:27:34	011992	G523038961HLR	L523	S		437.2707	1.0292	6.4035	100.0065	39.6846	0.8430	0.8270	5.0000	19.0301	508.1296	94.9537	17.3197	23.7000	0.9300	0.9270	0.7387	-0.0058	508.0000	508.4407	1.0275	8.2340	100.1787	39.9593	0.8230	0.8254	5.0000	-9999.0000	-9999.0000	-9999.0000	-9999.0000	-9999.0000	-9999.0000	19.2231	1	0	22.8087	1.0000	99	9	-9999.0000	22375	33431	-9999	714	712	-9999	323.5562	5	0.6222	0.7387	-0.0058	48.6155	1.2081	430.7631	462.6373	39.3287	417.7552	95.2546	422.5905	94.6296	429.8826	94.6991	435.8776	95.0000	
13/08/2017	01:27:49	011992	G523038959HLR	L523	S		436.8524	1.0292	6.4527	99.9988	39.8463	0.8430	0.8276	5.0000	18.4652	508.1171	94.9537	17.5296	23.7000	0.9300	0.9270	0.7375	-0.0058	508.0000	508.0784	1.0275	8.2698	100.0139	39.6737	0.8230	0.8250	5.0000	-9999.0000	-9999.0000	-9999.0000	-9999.0000	-9999.0000	-9999.0000	19.2987	2	0	15.0296	1.0000	99	9	-9999.0000	22376	33432	-9999	715	713	-9999	323.4948	5	0.6220	0.7375	-0.0058	49.5250	1.1771	426.2503	461.4728	38.1713	415.6091	95.6713	417.9504	94.8148	425.3666	94.9537	431.4937	95.0694	
13/08/2017	01:37:05	011992	G523039019HLR	L523	S		432.0988	1.0292	7.0119	100.0302	39.5685	0.8430	0.8274	5.0000	19.6799	508.0250	94.9769	19.6087	24.2000	0.9300	0.9269	0.6678	-0.0018	508.0000	505.5716	1.0275	8.5179	99.8407	39.3443	0.8230	0.8247	5.0000	-9999.0000	-9999.0000	-9999.0000	-9999.0000	-9999.0000	-9999.0000	19.1506	7	0	28.1395	1.0000	99	9	-9999.0000	22377	33433	-9999	715	714	-9999	321.2569	5	0.6307	0.6678	-0.0018	51.6585	1.1071	463.3454	386.8593	35.5787	446.0768	94.6065	456.7643	95.3241	462.7383	95.6019	465.3177	95.1389	
13/08/2017	01:38:47	011992	G523038893HLR	L523	S		442.7319	1.0292	5.7610	100.0303	39.5447	0.8430	0.8276	5.0000	18.5448	508.0515	94.9769	17.2103	24.1000	0.9300	0.9269	0.6614	-0.0014	508.0000	509.9437	1.0275	8.0853	99.9689	39.7166	0.8230	0.8245	5.0000	-9999.0000	-9999.0000	-9999.0000	-9999.0000	-9999.0000	-9999.0000	19.7050	3	0	31.2780	1.0000	99	9	-9999.0000	22378	33434	-9999	716	715	-9999	323.5883	5	0.6306	0.6614	-0.0014	51.8382	1.1015	476.1197	498.8536	37.3148	463.7973	94.7222	469.6250	95.5093	475.7102	95.7639	478.3683	95.0231	
13/08/2017	01:40:26	011992	G523039039HLR	L523	S		436.3958	1.0292	6.5064	99.9076	39.6170	0.8430	0.8279	5.0000	18.3251	508.0654	94.9537	20.2697	24.0000	0.9300	0.9269	0.6524	-0.0010	508.0000	506.2272	1.0275	8.4530	99.9351	39.8036	0.8230	0.8250	5.0000	-9999.0000	-9999.0000	-9999.0000	-9999.0000	-9999.0000	-9999.0000	19.3290	7	0	28.9590	1.0000	99	9	-9999.0000	22379	33435	-9999	717	716	-9999	321.6941	5	0.6304	0.6524	-0.0010	52.0576	1.0953	466.1468	488.7164	36.6898	458.2345	94.6065	461.9964	95.7176	465.8457	95.8333	468.5660	94.7685	
13/08/2017	01:42:10	011992	G523039020HLR	L523	S		435.6392	1.0292	6.5954	99.9662	39.7333	0.8430	0.8281	5.0000	18.4991	508.0554	94.9074	18.0394	24.1000	0.9300	0.9270	0.6477	-0.0007	508.0000	506.1528	1.0275	8.4604	100.0258	39.8451	0.8230	0.8252	5.0000	-9999.0000	-9999.0000	-9999.0000	-9999.0000	-9999.0000	-9999.0000	19.6990	3	0	30.8182	1.0000	99	9	-9999.0000	22380	33436	-9999	718	717	-9999	322.8704	5	0.6357	0.6477	-0.0007	49.4337	1.2437	475.7595	502.7200	39.2824	463.0666	94.0741	470.4547	95.5787	475.5353	95.6019	477.6603	94.9306	
13/08/2017	01:43:02	011992	G523039029HLR	L523	S		434.0745	1.0292	6.7795	100.0177	39.4379	0.8430	0.8270	5.0000	18.5395	508.0338	94.9074	16.9193	24.0000	0.9300	0.9269	0.6477	-0.0007	508.0000	505.6822	1.0275	8.5070	99.9834	39.8934	0.8230	0.8279	5.0000	-9999.0000	-9999.0000	-9999.0000	-9999.0000	-9999.0000	-9999.0000	20.1082	5	0	28.7187	1.0000	99	9	-9999.0000	22381	33437	-9999	719	718	-9999	323.2306	5	0.6357	0.6477	-0.0007	49.4337	1.2437	474.7428	499.6131	37.5926	461.0818	94.3056	469.7380	95.7870	474.0045	95.7639	476.9275	94.7917	
13/08/2017	01:43:52	011992	G523039018HLR	L523	S		437.8801	1.0292	6.3318	100.0067	39.8094	0.8430	0.8277	5.0000	18.6693	508.0326	94.9769	19.9690	24.1000	0.9300	0.9270	0.6544	-0.0010	508.0000	506.8172	1.0275	8.3947	100.0131	39.8495	0.8230	0.8252	5.0000	-9999.0000	-9999.0000	-9999.0000	-9999.0000	-9999.0000	-9999.0000	19.7097	7	0	26.2491	1.0000	99	9	-9999.0000	22382	33438	-9999	720	719	-9999	322.1079	5	0.6359	0.6544	-0.0010	45.6400	1.4237	467.8220	497.5349	38.0324	459.1909	94.0509	461.7537	94.8148	467.4276	95.0926	470.4004	95.0231	
13/08/2017	01:44:46	011992	G523038998HLR	L523	S		433.5349	1.0292	6.8430	99.9726	39.5166	0.8430	0.8274	5.0000	18.4297	508.0122	94.9537	17.8499	24.1000	0.9300	0.9269	0.6585	-0.0012	508.0000	505.8017	1.0275	8.4951	99.9866	39.6920	0.8230	0.8276	5.0000	-9999.0000	-9999.0000	-9999.0000	-9999.0000	-9999.0000	-9999.0000	19.1094	1	0	30.8985	1.0000	99	9	-9999.0000	22383	33439	-9999	721	720	-9999	323.4278	5	0.6364	0.6585	-0.0012	49.4665	1.2348	465.9303	488.3379	39.0278	452.6675	93.8889	459.9216	95.4167	465.5812	95.4398	468.9211	94.9306	
13/08/2017	01:45:40	011992	G523038861HLR	L523	S		438.7423	1.0292	6.2303	100.0013	39.6804	0.8430	0.8272	5.0000	19.5100	508.0409	94.9769	15.3295	24.0000	0.9300	0.9269	0.6478	-0.0006	508.0000	507.0202	1.0275	8.3746	100.0494	40.0325	0.8230	0.8256	5.0000	-9999.0000	-9999.0000	-9999.0000	-9999.0000	-9999.0000	-9999.0000	19.5284	3	0	30.7372	1.0000	99	9	-9999.0000	22384	33440	-9999	722	721	-9999	324.2815	5	0.6367	0.6478	-0.0006	70.4710	0.0074	478.5956	528.3794	37.6389	469.8158	94.3287	473.3022	94.7222	478.0829	94.9537	481.1450	95.0000	
13/08/2017	01:46:33	011992	G523038900HLR	L523	S		437.1114	1.0292	6.4222	99.9932	39.6489	0.8430	0.8277	5.0000	19.6594	508.0285	95.0231	19.9494	23.9000	0.9300	0.9269	0.6555	-0.0010	508.0000	508.6302	1.0275	8.2152	100.0239	39.7671	0.8230	0.8268	5.0000	-9999.0000	-9999.0000	-9999.0000	-9999.0000	-9999.0000	-9999.0000	20.5933	5	0	28.9995	1.0000	99	9	-9999.0000	22385	33441	-9999	723	722	-9999	322.8353	5	0.6372	0.6555	-0.0010	69.8804	0.0395	466.9812	502.2849	38.4028	458.1168	93.9583	462.6637	94.9769	466.4612	95.2315	470.3697	94.9074	
13/08/2017	01:47:26	011992	G523038889HLR	L523	S		439.3041	1.0292	6.1642	100.0545	39.5816	0.8430	0.8272	5.0000	19.2381	508.0449	94.9306	19.8088	23.8000	0.9300	0.9268	0.6517	-0.0008	508.0000	509.6291	1.0275	8.1164	99.9919	39.9864	0.8230	0.8254	5.0000	-9999.0000	-9999.0000	-9999.0000	-9999.0000	-9999.0000	-9999.0000	20.1286	7	0	29.4991	1.0000	99	9	-9999.0000	22386	33442	-9999	724	723	-9999	322.9815	5	0.6370	0.6517	-0.0008	65.4878	0.2767	471.0336	506.4422	39.2130	464.8921	94.2130	467.1154	94.5139	470.7994	94.7222	474.1558	94.8843	
13/08/2017	01:48:16	011992	G523038877HLR	L523	S		437.4126	1.0292	6.3867	99.9874	39.7501	0.8430	0.8275	5.0000	18.4269	508.0667	94.9306	17.9593	23.7000	0.9300	0.9269	0.6547	-0.0010	508.0000	507.8325	1.0275	8.2942	100.0569	39.7894	0.8230	0.8268	5.0000	-9999.0000	-9999.0000	-9999.0000	-9999.0000	-9999.0000	-9999.0000	20.9180	1	0	24.9295	1.0000	99	9	-9999.0000	22387	33443	-9999	725	723	-9999	323.8723	5	0.6368	0.6547	-0.0010	63.8879	0.3617	468.2006	480.4988	36.1806	455.2935	93.9120	463.7622	94.5833	467.6228	94.8148	471.8378	94.9769	
13/08/2017	01:49:19	011992	G523038896HLR	L523	S		435.9273	1.0292	6.5615	100.0379	39.5926	0.8430	0.8274	5.0000	18.7990	508.0588	94.9306	18.4896	23.6000	0.9300	0.9269	0.6584	-0.0012	508.0000	507.8982	1.0275	8.2877	100.1623	40.0719	0.8230	0.8262	5.0000	-9999.0000	-9999.0000	-9999.0000	-9999.0000	-9999.0000	-9999.0000	19.4303	3	0	31.0291	1.0000	99	9	-9999.0000	22388	33444	-9999	726	724	-9999	323.6475	5	0.6365	0.6584	-0.0012	63.6488	0.3636	462.6282	498.6036	38.2407	453.2993	93.7269	458.0650	94.4213	462.0961	94.4676	466.5543	94.9306	
13/08/2017	01:49:53	011992	G523038878HLR	L523	S		-0.4374	1.0292	-0.0108	100.0282	39.3948	0.8430	0.8268	5.0000	18.9894	0.0000	0.0000	0.0000	0.0000	0.9300	0.0000	0.0000	0.0000	0.0000	-0.2178	1.0275	0.0000	99.9068	39.1146	0.8230	0.8242	5.0000	-9999.0000	-9999.0000	-9999.0000	-9999.0000	-9999.0000	-9999.0000	18.4586	4	18	33.9479	1.0000	99	9	-9999.0000	22389	0	-9999	727	725	-9999	0.0000	0	0.0000	0.0000	0.0000	0.0000	0.0000	0.0000	0.0000	0.0000	0.0000	0.0000	0.0000	0.0000	0.0000	0.0000	0.0000	0.0000	
13/08/2017	01:50:26	011992	G523038859HLR	L523	S		-0.7286	1.0292	-0.0179	100.0851	39.4136	0.8430	0.8268	5.0000	18.8889	0.0000	0.0000	0.0000	0.0000	0.9300	0.0000	0.0000	0.0000	0.0000	-0.2920	1.0275	0.0000	99.7915	39.0086	0.8230	0.8253	5.0000	-9999.0000	-9999.0000	-9999.0000	-9999.0000	-9999.0000	-9999.0000	18.5127	5	18	32.8689	1.0000	99	9	-9999.0000	22390	0	-9999	728	726	-9999	0.0000	0	0.0000	0.0000	0.0000	0.0000	0.0000	0.0000	0.0000	0.0000	0.0000	0.0000	0.0000	0.0000	0.0000	0.0000	0.0000	0.0000	
13/08/2017	01:50:57	011992	G523038879HLR	L523	S		436.1259	1.0292	6.5381	99.9715	39.6028	0.8430	0.8276	5.0000	20.4661	508.0725	94.9537	21.4787	23.7000	0.9300	0.9271	0.6633	-0.0014	508.0000	507.9236	1.0275	8.2852	99.9978	40.3543	0.8230	0.8296	5.0000	-9999.0000	-9999.0000	-9999.0000	-9999.0000	-9999.0000	-9999.0000	19.2093	6	0	30.6795	1.0000	99	9	-9999.0000	22391	33445	-9999	729	727	-9999	321.9668	5	0.6370	0.6633	-0.0014	70.2787	0.0188	461.6495	487.3632	38.4259	452.2750	93.9352	456.5963	95.0231	461.3303	95.0231	463.9156	95.1157	
13/08/2017	01:51:28	011992	G523038856HLR	L523	S		434.4981	1.0292	6.7296	100.0455	39.8024	0.8430	0.8277	5.0000	18.6994	508.0679	94.9537	20.1291	23.6000	0.9300	0.9269	0.6633	-0.0014	508.0000	507.8925	1.0275	8.2882	100.0090	40.1750	0.8230	0.8259	5.0000	-9999.0000	-9999.0000	-9999.0000	-9999.0000	-9999.0000	-9999.0000	19.5120	7	0	31.6386	1.0000	99	9	-9999.0000	22392	33446	-9999	730	728	-9999	322.6448	5	0.6370	0.6633	-0.0014	70.2787	0.0188	460.8065	504.5236	36.9907	447.7164	94.3056	455.3705	95.7176	460.4285	95.7176	463.2657	94.8843	
13/08/2017	01:52:01	011992	G523038857HLR	L523	S		437.3719	1.0292	6.3915	100.0351	39.7435	0.8430	0.8273	5.0000	18.4690	508.0632	94.9537	23.0988	23.6000	0.9300	0.9269	0.6633	-0.0014	508.0000	508.3423	1.0275	8.2437	100.2129	39.5317	0.8230	0.8248	5.0000	-9999.0000	-9999.0000	-9999.0000	-9999.0000	-9999.0000	-9999.0000	19.5084	8	0	32.2691	1.0000	99	9	-9999.0000	22393	33447	-9999	731	729	-9999	320.5128	5	0.6370	0.6633	-0.0014	70.2787	0.0188	456.5098	510.2804	39.6065	453.2805	94.4676	452.3585	94.2824	456.2967	94.4676	458.5422	94.8611	
13/08/2017	01:52:28	011992	G523038884HLR	L523	S		435.3464	1.0292	6.6298	100.0608	39.6343	0.8430	0.8274	5.0000	18.7940	508.0492	94.9074	21.9992	23.6000	0.9300	0.9268	0.6586	-0.0012	508.0000	509.0377	1.0275	8.1749	100.0759	39.7914	0.8230	0.8274	5.0000	-9999.0000	-9999.0000	-9999.0000	-9999.0000	-9999.0000	-9999.0000	19.3003	1	0	27.6488	1.0000	99	9	-9999.0000	22394	33447	-9999	732	730	-9999	321.2903	5	0.6369	0.6586	-0.0012	66.4092	0.2370	456.4311	534.5055	40.0000	452.2569	94.7685	453.3280	94.4907	456.0477	94.5370	460.3044	94.7917	
13/08/2017	01:52:56	011992	G523038894HLR	L523	S		436.1273	1.0292	6.5380	100.0249	39.8198	0.8430	0.8276	5.0000	18.2486	508.0640	94.9769	19.8196	23.6000	0.9300	0.9268	0.6589	-0.0012	508.0000	508.8021	1.0275	8.1982	100.0044	40.3000	0.8230	0.8274	5.0000	-9999.0000	-9999.0000	-9999.0000	-9999.0000	-9999.0000	-9999.0000	18.9686	2	0	27.7394	1.0000	99	9	-9999.0000	22395	33448	-9999	733	731	-9999	323.0397	5	0.6366	0.6589	-0.0012	64.7084	0.3395	462.5141	516.5534	37.5463	454.1602	94.7685	457.2254	94.3981	462.2308	94.5139	465.7792	94.8843	
13/08/2017	01:53:25	011992	G523038863HLR	L523	S		433.6501	1.0292	6.8294	99.9925	39.7469	0.8430	0.8273	5.0000	18.6194	508.0437	94.9074	20.7893	23.6000	0.9300	0.9269	0.6598	-0.0012	508.0000	507.5544	1.0275	8.3217	100.0362	39.8547	0.8230	0.8250	5.0000	-9999.0000	-9999.0000	-9999.0000	-9999.0000	-9999.0000	-9999.0000	19.8593	3	0	29.0980	1.0000	99	9	-9999.0000	22396	33449	-9999	734	732	-9999	322.3847	5	0.6357	0.6598	-0.0012	65.9222	0.2617	460.6972	514.0809	40.7639	453.3050	94.9074	456.5576	94.4444	460.2619	94.6528	463.2774	95.0231	
13/08/2017	01:53:56	011992	G523038078HLR	L523	S		435.5831	1.0292	6.6020	99.9987	39.7238	0.8430	0.8274	5.0000	18.5687	508.0348	94.9306	21.4592	23.7000	0.9300	0.9269	0.6610	-0.0013	508.0000	507.8121	1.0275	8.2962	99.9377	39.5000	0.8230	0.8251	5.0000	-9999.0000	-9999.0000	-9999.0000	-9999.0000	-9999.0000	-9999.0000	19.7096	4	0	30.6287	1.0000	99	9	-9999.0000	22397	33450	-9999	735	733	-9999	321.7413	5	0.6353	0.6610	-0.0013	63.8065	0.3909	459.6623	507.9486	38.3102	453.0483	94.9769	455.8081	94.4213	459.2810	94.4676	461.9452	94.8148	
13/08/2017	01:54:28	011992	G523038855HLR	L523	S		437.3515	1.0292	6.3939	99.9873	39.8287	0.8430	0.8276	5.0000	18.5583	508.0427	95.0231	16.4896	23.7000	0.9300	0.9269	0.6610	-0.0013	508.0000	508.1187	1.0275	8.2659	99.9973	39.9844	0.8230	0.8278	5.0000	-9999.0000	-9999.0000	-9999.0000	-9999.0000	-9999.0000	-9999.0000	19.1921	5	0	31.8192	1.0000	99	9	-9999.0000	22398	33451	-9999	736	734	-9999	324.8811	5	0.6353	0.6610	-0.0013	63.8065	0.3909	468.1253	485.6375	37.1296	457.0554	95.1389	462.8826	94.4213	467.7120	94.5833	471.2948	95.0231	
13/08/2017	01:54:56	011992	G523038835HLR	L523	S		437.8925	1.0292	6.3303	100.0629	39.7403	0.8430	0.8272	5.0000	18.8292	508.0241	94.9306	16.8793	23.8000	0.9300	0.9270	0.6593	-0.0012	508.0000	509.7870	1.0275	8.1008	99.9795	40.2631	0.8230	0.8264	5.0000	-9999.0000	-9999.0000	-9999.0000	-9999.0000	-9999.0000	-9999.0000	19.5092	6	0	28.4384	1.0000	99	9	-9999.0000	22399	33452	-9999	737	735	-9999	324.3874	5	0.6349	0.6593	-0.0012	62.3098	0.4655	472.2607	524.8588	36.4815	459.9060	94.6991	466.4521	95.8102	471.6944	95.8796	475.9351	94.9306	
13/08/2017	01:55:25	011992	G523038850HLR	L523	S		437.6065	1.0292	6.3639	99.9505	39.7118	0.8430	0.8274	5.0000	19.3109	508.0361	94.9769	18.0999	23.8000	0.9300	0.9270	0.6622	-0.0014	508.0000	508.7207	1.0275	8.2063	99.9691	39.7496	0.8230	0.8251	5.0000	-9999.0000	-9999.0000	-9999.0000	-9999.0000	-9999.0000	-9999.0000	18.9073	7	0	28.5432	1.0000	99	9	-9999.0000	22400	33453	-9999	738	736	-9999	323.9366	5	0.6343	0.6622	-0.0014	67.7989	0.2125	467.4638	501.9234	35.4630	450.8126	94.3056	461.5327	95.7870	466.8672	95.7870	471.6832	94.8380	
13/08/2017	01:55:53	011992	G523038874HLR	L523	S		436.3019	1.0292	6.5174	99.9597	39.8313	0.8430	0.8276	5.0000	18.5597	508.0362	94.9537	19.7698	23.9000	0.9300	0.9270	0.6614	-0.0013	508.0000	506.9464	1.0275	8.3819	99.9559	39.7000	0.8230	0.8263	5.0000	-9999.0000	-9999.0000	-9999.0000	-9999.0000	-9999.0000	-9999.0000	19.1694	8	0	28.4157	1.0000	99	9	-9999.0000	22401	33454	-9999	739	737	-9999	322.8220	5	0.6349	0.6614	-0.0013	66.6381	0.2764	461.6695	471.2253	37.9167	449.9416	94.7222	456.1016	94.8148	461.1520	94.9537	464.8722	95.0694	
13/08/2017	01:56:27	011992	G523038091HLR	L523	S		435.8655	1.0292	6.5688	100.0680	39.8190	0.8430	0.8273	5.0000	18.7797	508.0327	94.9769	20.8898	24.0000	0.9300	0.9270	0.6606	-0.0013	508.0000	506.6886	1.0275	8.4074	100.1323	40.1543	0.8230	0.8277	5.0000	-9999.0000	-9999.0000	-9999.0000	-9999.0000	-9999.0000	-9999.0000	18.9894	1	0	33.7779	1.0000	99	9	-9999.0000	22402	33455	-9999	740	737	-9999	322.0859	5	0.6347	0.6606	-0.0013	69.0605	0.1639	459.8043	513.1645	37.2685	446.9996	95.0231	455.1413	95.2778	459.1341	95.4167	462.0484	95.1389	
13/08/2017	01:56:57	011992	G523038070HLR	L523	S		438.0747	1.0292	6.3089	100.0985	39.6918	0.8430	0.8273	5.0000	18.8903	508.0518	94.9537	17.6400	24.0000	0.9300	0.9269	0.6583	-0.0012	508.0000	508.1920	1.0275	8.2586	99.9733	40.1431	0.8230	0.8262	5.0000	-9999.0000	-9999.0000	-9999.0000	-9999.0000	-9999.0000	-9999.0000	19.1321	2	0	30.1991	1.0000	99	9	-9999.0000	22403	33456	-9999	741	738	-9999	324.2019	5	0.6347	0.6583	-0.0012	68.0986	0.2081	467.5633	514.5320	38.7963	457.4259	94.3519	463.6474	95.6019	467.3498	95.6481	470.5624	94.9537	
13/08/2017	01:57:27	011992	G523038090HLR	L523	S		434.1293	1.0292	6.7730	99.9929	39.8669	0.8430	0.8277	5.0000	18.6193	508.0290	94.9306	17.6292	24.1000	0.9300	0.9270	0.6583	-0.0012	508.0000	505.9832	1.0275	8.4772	100.0325	39.6579	0.8230	0.8252	5.0000	-9999.0000	-9999.0000	-9999.0000	-9999.0000	-9999.0000	-9999.0000	19.4224	3	0	30.1288	1.0000	99	9	-9999.0000	22404	33457	-9999	742	739	-9999	323.9711	5	0.6350	0.6583	-0.0012	67.2229	0.2493	466.1870	510.0014	37.0139	455.7699	94.6296	460.4921	94.4444	465.6929	94.4907	469.3488	94.9074	
13/08/2017	01:57:59	011992	G523038069HLR	L523	S		436.1029	1.0292	6.5408	99.9418	39.8383	0.8430	0.8272	5.0000	18.5284	508.0582	94.9074	17.6595	24.1000	0.9300	0.9270	0.6570	-0.0011	508.0000	506.0306	1.0275	8.4725	99.9731	39.8846	0.8230	0.8270	5.0000	-9999.0000	-9999.0000	-9999.0000	-9999.0000	-9999.0000	-9999.0000	19.3877	4	0	31.5594	1.0000	99	9	-9999.0000	22405	33457	-9999	743	740	-9999	324.0039	5	0.6350	0.6570	-0.0011	68.3525	0.1758	466.4065	506.2388	36.2500	457.0982	94.6528	461.3055	94.8380	465.6120	94.9769	470.3646	95.0463	
13/08/2017	01:58:30	011992	G523038079HLR	L523	S		433.8355	1.0292	6.8076	100.0013	39.7353	0.8430	0.8273	5.0000	18.5294	508.0620	95.0000	22.8088	24.1000	0.9300	0.9269	0.6550	-0.0010	508.0000	506.2123	1.0275	8.4545	100.0759	40.2000	0.8230	0.8271	5.0000	-9999.0000	-9999.0000	-9999.0000	-9999.0000	-9999.0000	-9999.0000	19.0274	5	0	31.1180	1.0000	99	9	-9999.0000	22406	33458	-9999	744	741	-9999	321.0919	5	0.6358	0.6550	-0.0010	64.0202	0.4006	457.5138	479.5368	38.1019	453.9590	94.8380	454.2323	94.3287	457.1966	94.3750	461.2642	94.9074	
13/08/2017	01:59:05	011992	G523038073HLR	L523	S		436.9721	1.0292	6.4386	99.9987	39.8689	0.8430	0.8276	5.0000	18.4191	508.0328	94.9769	19.3401	24.1000	0.9300	0.9268	0.6540	-0.0009	508.0000	508.5043	1.0275	8.2277	99.9794	39.8591	0.8230	0.8254	5.0000	-9999.0000	-9999.0000	-9999.0000	-9999.0000	-9999.0000	-9999.0000	19.0695	6	0	35.1988	1.0000	99	9	-9999.0000	22407	33459	-9999	745	742	-9999	323.1072	5	0.6367	0.6540	-0.0009	66.5177	0.2675	468.6173	520.1480	37.9630	457.0780	94.6991	463.5340	95.0231	468.3813	95.0463	472.0909	94.9537	
13/08/2017	01:59:37	011992	G523038098HLR	L523	S		434.8413	1.0292	6.6893	100.0676	39.8529	0.8430	0.8273	5.0000	18.7385	508.0496	94.9537	19.1692	24.1000	0.9300	0.9268	0.6557	-0.0010	508.0000	506.6539	1.0275	8.4108	99.9845	39.6000	0.8230	0.8259	5.0000	-9999.0000	-9999.0000	-9999.0000	-9999.0000	-9999.0000	-9999.0000	19.0487	7	0	31.7888	1.0000	99	9	-9999.0000	22407	33460	-9999	746	743	-9999	323.4113	5	0.6372	0.6557	-0.0010	66.2204	0.2709	465.7275	537.1117	39.0046	459.6106	94.8843	460.6270	94.3750	465.4145	94.5370	468.9946	94.9074	
13/08/2017	02:00:10	011992	G523038099HLR	L523	S		436.6664	1.0292	6.4745	100.0059	39.7309	0.8430	0.8273	5.0000	18.6172	508.0776	94.9306	20.6789	24.0000	0.9300	0.9268	0.6536	-0.0009	508.0000	507.1001	1.0275	8.3667	99.9479	40.2000	0.8230	0.8276	5.0000	-9999.0000	-9999.0000	-9999.0000	-9999.0000	-9999.0000	-9999.0000	19.5297	8	0	32.8894	1.0000	99	9	-9999.0000	22408	33461	-9999	747	744	-9999	322.8569	5	0.6371	0.6536	-0.0009	67.5177	0.1928	463.3233	541.3626	40.2315	458.8686	95.0000	459.9733	94.5139	463.0171	94.6528	466.9241	94.8611	
13/08/2017	02:00:52	011992	G523038081HLR	L523	S		430.5863	1.0292	7.1898	99.9951	39.9251	0.8430	0.8276	5.0000	18.5338	508.0369	94.9306	20.2092	24.0000	0.9300	0.9268	0.6519	-0.0008	508.0000	506.7484	1.0275	8.4015	99.9726	40.0585	0.8230	0.8258	5.0000	-9999.0000	-9999.0000	-9999.0000	-9999.0000	-9999.0000	-9999.0000	19.1491	1	0	41.9184	1.0000	99	9	-9999.0000	22409	33462	-9999	748	745	-9999	323.1744	5	0.6373	0.6519	-0.0008	68.3444	0.1469	465.4546	498.8015	36.1806	456.0802	94.6759	461.3290	95.2083	465.1595	95.3009	468.4162	95.1157	
13/08/2017	02:01:23	011992	G523038109HLR	L523	S		435.5711	1.0292	6.6034	100.0090	39.8154	0.8430	0.8271	5.0000	19.1882	508.0464	95.0231	24.4093	23.9000	0.9300	0.9268	0.6513	-0.0007	508.0000	508.2974	1.0275	8.2482	100.1269	39.5743	0.8230	0.8254	5.0000	-9999.0000	-9999.0000	-9999.0000	-9999.0000	-9999.0000	-9999.0000	19.0295	2	0	31.3991	1.0000	99	9	-9999.0000	22410	33463	-9999	749	746	-9999	321.5523	5	0.6372	0.6513	-0.0007	68.3406	0.1508	464.8091	494.0286	36.7361	459.2388	94.4213	460.7943	95.5093	463.9994	95.5787	466.4096	95.1620	
13/08/2017	02:01:57	011992	G523038075HLR	L523	S		436.1650	1.0292	6.5335	99.9936	39.7347	0.8430	0.8274	5.0000	18.4885	508.0363	94.9074	20.9397	23.9000	0.9300	0.9268	0.6549	-0.0009	508.0000	509.1693	1.0275	8.1619	100.0512	40.1952	0.8230	0.8280	5.0000	-9999.0000	-9999.0000	-9999.0000	-9999.0000	-9999.0000	-9999.0000	19.0017	3	0	34.4383	1.0000	99	9	-9999.0000	22411	33464	-9999	750	747	-9999	323.0262	5	0.6372	0.6549	-0.0009	67.2477	0.1963	468.7863	538.3986	36.7824	459.6422	94.2130	463.6985	95.3704	468.4309	95.4630	471.6230	95.0694	
13/08/2017	02:02:29	011992	G523038092HLR	L523	S		432.4861	1.0292	6.9663	99.9756	39.9509	0.8430	0.8276	5.0000	18.5778	508.0734	94.9306	22.0392	23.9000	0.9300	0.9268	0.6571	-0.0010	508.0000	506.6725	1.0275	8.4090	99.9599	40.0633	0.8230	0.8259	5.0000	-9999.0000	-9999.0000	-9999.0000	-9999.0000	-9999.0000	-9999.0000	19.0384	4	0	31.0887	1.0000	99	9	-9999.0000	22412	33465	-9999	751	748	-9999	322.6429	5	0.6373	0.6571	-0.0010	66.7439	0.2209	459.8029	549.5345	38.9815	454.1039	95.2083	455.8095	94.2593	459.3709	94.3056	462.8627	94.9306	
13/08/2017	02:03:03	011992	G523038084HLR	L523	S		435.6551	1.0292	6.5935	100.0055	39.7529	0.8430	0.8272	5.0000	18.6302	447.8119	95.0231	31.0086	23.8000	0.9300	0.9267	0.6573	-0.0010	508.0000	508.8876	1.0275	8.1898	100.0401	39.5725	0.8230	0.8254	5.0000	-9999.0000	-9999.0000	-9999.0000	-9999.0000	-9999.0000	-9999.0000	19.0905	5	0	34.7297	1.0000	99	9	-9999.0000	22413	33466	-9999	752	749	-9999	280.3318	5	0.6369	0.6573	-0.0010	65.8666	0.2768	355.0496	513.5010	37.7778	348.2129	97.0139	341.0620	95.6019	352.4392	95.3704	372.8891	95.0231	
13/08/2017	02:03:33	011992	G523038083HLR	L523	S		435.5074	1.0292	6.6109	100.0665	39.8170	0.8430	0.8276	5.0000	18.5971	508.0785	94.9769	20.6086	23.8000	0.9300	0.9267	0.6575	-0.0010	508.0000	507.5152	1.0275	8.3256	99.9434	39.9000	0.8230	0.8269	5.0000	-9999.0000	-9999.0000	-9999.0000	-9999.0000	-9999.0000	-9999.0000	21.2031	6	0	29.6288	1.0000	99	9	-9999.0000	22414	33467	-9999	753	750	-9999	323.4422	5	0.6368	0.6575	-0.0010	65.3875	0.3138	461.0952	516.5170	38.0787	454.0343	94.4676	456.9870	94.2593	460.7668	94.4213	465.0600	94.8611	
13/08/2017	02:04:02	011992	G523038082HLR	L523	S		431.7999	1.0292	7.0471	99.9945	39.8327	0.8430	0.8273	5.0000	18.6385	508.0259	94.9537	23.5099	23.7000	0.9300	0.9267	0.6603	-0.0011	508.0000	507.3661	1.0275	8.3403	100.0404	40.1930	0.8230	0.8268	5.0000	-9999.0000	-9999.0000	-9999.0000	-9999.0000	-9999.0000	-9999.0000	18.8314	7	0	29.5080	1.0000	99	9	-9999.0000	22415	33468	-9999	754	751	-9999	321.8048	5	0.6366	0.6603	-0.0011	65.6595	0.3127	458.9316	525.9428	38.6111	450.3678	94.7222	453.9604	95.2315	458.1960	95.2778	461.0456	95.1157	
13/08/2017	02:04:35	011992	G523038104HLR	L523	S		437.4317	1.0292	6.3845	100.0461	39.7018	0.8430	0.8273	5.0000	18.9686	508.0593	94.9074	20.2795	23.6000	0.9300	0.9267	0.6598	-0.0011	508.0000	508.7483	1.0275	8.2035	99.9167	39.7477	0.8230	0.8251	5.0000	-9999.0000	-9999.0000	-9999.0000	-9999.0000	-9999.0000	-9999.0000	19.4109	8	0	32.8387	1.0000	99	9	-9999.0000	22416	33468	-9999	755	752	-9999	323.8048	5	0.6276	0.6598	-0.0011	68.6949	0.1665	462.3444	488.9434	38.4491	453.1865	94.8148	457.2469	94.2824	462.0540	94.3750	465.3610	94.8843	
13/08/2017	02:05:13	011992	G523038102HLR	L523	S		429.4684	1.0292	7.3214	99.9882	39.9272	0.8430	0.8277	5.0000	18.5989	508.0950	94.9537	23.7599	23.6000	0.9300	0.9268	0.6548	-0.0009	508.0000	506.1838	1.0275	8.4573	99.9897	39.7000	0.8230	0.8263	5.0000	-9999.0000	-9999.0000	-9999.0000	-9999.0000	-9999.0000	-9999.0000	19.4184	1	0	38.0981	1.0000	99	9	-9999.0000	22416	33469	-9999	756	753	-9999	321.9185	5	0.6274	0.6548	-0.0009	69.3676	0.1317	456.2085	532.6640	37.1065	447.4664	94.9074	451.0474	94.6991	455.6623	94.7222	459.0464	95.0231	
13/08/2017	02:05:38	011992	G523038103HLR	L523	S		435.9077	1.0292	6.5638	99.9972	39.7709	0.8430	0.8272	5.0000	18.4507	508.0425	94.9769	18.7298	23.5000	0.9300	0.9268	0.6540	-0.0008	508.0000	510.2761	1.0275	8.0524	99.9981	40.1970	0.8230	0.8272	5.0000	-9999.0000	-9999.0000	-9999.0000	-9999.0000	-9999.0000	-9999.0000	19.8615	2	0	24.8597	1.0000	99	9	-9999.0000	22417	33470	-9999	757	754	-9999	324.2466	5	0.6274	0.6540	-0.0008	70.0376	0.1268	469.2294	498.0838	38.6574	462.2138	95.1389	464.0119	94.3056	468.9284	94.3981	471.8399	94.9074	
13/08/2017	02:06:08	011992	G523038095HLR	L523	S		437.8310	1.0292	6.3375	99.9788	39.7513	0.8430	0.8275	5.0000	18.4398	508.0378	94.9537	18.4691	23.5000	0.9300	0.9268	0.6573	-0.0010	508.0000	508.2799	1.0275	8.2499	100.1151	39.8613	0.8230	0.8255	5.0000	-9999.0000	-9999.0000	-9999.0000	-9999.0000	-9999.0000	-9999.0000	18.9550	3	0	30.2228	1.0000	99	9	-9999.0000	22418	33471	-9999	758	755	-9999	324.3296	5	0.6275	0.6573	-0.0010	70.0156	0.1252	466.5371	529.2948	39.5370	460.3746	95.2083	462.9181	94.5602	466.1858	94.6065	470.5250	95.0000	
13/08/2017	02:06:41	011992	G523038094HLR	L523	S		433.6494	1.0292	6.8295	100.0406	39.8756	0.8430	0.8276	5.0000	18.7608	508.0188	94.9537	21.9387	23.5000	0.9300	0.9269	0.6525	-0.0008	508.0000	508.2915	1.0275	8.2488	100.1047	39.5000	0.8230	0.8250	5.0000	-9999.0000	-9999.0000	-9999.0000	-9999.0000	-9999.0000	-9999.0000	20.3409	4	0	32.1048	1.0000	99	9	-9999.0000	22419	33472	-9999	759	756	-9999	322.9277	5	0.6273	0.6525	-0.0008	71.1173	0.1037	463.2102	526.3355	39.1435	451.5565	94.6991	457.4014	95.8565	463.0219	95.9259	465.6137	95.0694	
13/08/2017	02:07:11	011992	G523038110HLR	L523	S		435.9608	1.0292	6.5575	99.9696	39.8024	0.8430	0.8272	5.0000	18.4293	508.0381	95.0000	27.0996	23.5000	0.9300	0.9269	0.6464	-0.0005	508.0000	509.0761	1.0275	8.1711	100.1422	40.0549	0.8230	0.8280	5.0000	-9999.0000	-9999.0000	-9999.0000	-9999.0000	-9999.0000	-9999.0000	19.0485	5	0	30.8386	1.0000	99	9	-9999.0000	22420	33473	-9999	760	757	-9999	321.0144	5	0.6271	0.6464	-0.0005	73.8925	-0.0004	457.9468	522.5563	35.5787	451.6696	94.9306	454.3626	94.5139	457.2033	94.4676	460.4697	94.9537	
13/08/2017	02:08:14	011992	G523038112HLR	L523	S		437.0218	1.0292	6.4327	100.0392	39.8469	0.8430	0.8274	5.0000	18.2894	508.0730	94.9537	19.2698	23.7000	0.9300	0.9272	0.6432	-0.0003	508.0000	508.2457	1.0275	8.2533	100.0282	39.8032	0.8230	0.8249	5.0000	-9999.0000	-9999.0000	-9999.0000	-9999.0000	-9999.0000	-9999.0000	19.3529	7	0	33.0191	1.0000	99	9	-9999.0000	22422	33474	-9999	762	758	-9999	323.6125	5	0.6275	0.6432	-0.0003	47.7239	1.2016	472.5607	458.7086	37.5694	457.9095	94.4907	467.3473	95.5093	472.2093	95.6481	475.0666	95.0694	
13/08/2017	02:08:45	011992	G523038096HLR	L523	S		430.7704	1.0292	7.1682	99.9817	39.7499	0.8430	0.8273	5.0000	18.3089	508.0407	94.9537	21.2795	23.6000	0.9300	0.9270	0.6505	-0.0007	508.0000	507.0087	1.0275	8.3757	100.0692	39.5000	0.8230	0.8258	5.0000	-9999.0000	-9999.0000	-9999.0000	-9999.0000	-9999.0000	-9999.0000	18.9834	8	0	30.0791	1.0000	99	9	-9999.0000	22423	33475	-9999	763	759	-9999	323.1472	5	0.6271	0.6505	-0.0007	70.6523	0.1267	467.6685	534.0523	38.4028	459.7488	95.0926	463.4937	94.5833	467.1539	94.7222	471.1383	95.0231	
13/08/2017	02:09:14	011992	G523038105HLR	L523	S		436.6182	1.0292	6.4802	100.0608	39.8403	0.8430	0.8276	5.0000	18.6691	508.0586	94.9769	19.9094	23.6000	0.9300	0.9270	0.6505	-0.0007	508.0000	510.2416	1.0275	8.0558	99.9164	40.2880	0.8230	0.8283	5.0000	-9999.0000	-9999.0000	-9999.0000	-9999.0000	-9999.0000	-9999.0000	19.2209	1	0	29.7987	1.0000	99	9	-9999.0000	22424	33476	-9999	764	760	-9999	323.6219	5	0.6271	0.6505	-0.0007	70.6523	0.1267	470.6286	493.4958	37.7315	462.3204	95.0694	466.4048	94.3519	470.2059	94.4907	473.3960	94.9074	
13/08/2017	02:09:52	011992	G523039015HLR	L523	S		435.2238	1.0292	6.6443	100.0002	39.8385	0.8430	0.8273	5.0000	18.3790	508.0453	94.9537	19.1497	23.7000	0.9300	0.9270	0.6503	-0.0007	508.0000	507.8720	1.0275	8.2903	100.0925	40.2060	0.8230	0.8258	5.0000	-9999.0000	-9999.0000	-9999.0000	-9999.0000	-9999.0000	-9999.0000	20.1008	2	0	37.9985	1.0000	99	9	-9999.0000	22425	33477	-9999	765	761	-9999	323.8912	5	0.6271	0.6503	-0.0007	69.2567	0.1737	469.9921	500.9393	38.8657	460.3597	95.2778	464.5881	94.6296	469.4843	94.8148	472.7348	95.0463	
13/08/2017	02:10:22	011992	G523039043HLR	L523	S		432.0421	1.0292	7.0186	99.9826	39.7535	0.8430	0.8274	5.0000	18.5132	508.0589	94.9769	22.1291	23.7000	0.9300	0.9269	0.6501	-0.0007	508.0000	506.5475	1.0275	8.4213	99.9647	39.7453	0.8230	0.8251	5.0000	-9999.0000	-9999.0000	-9999.0000	-9999.0000	-9999.0000	-9999.0000	18.9792	3	0	29.3885	1.0000	99	9	-9999.0000	22426	33478	-9999	766	762	-9999	322.7646	5	0.6358	0.6501	-0.0007	63.6929	0.4603	461.6550	515.8635	39.7917	455.7420	95.1852	458.1369	94.5370	461.3573	94.6528	465.0856	94.9769	
13/08/2017	02:10:55	011992	G523039034HLR	L523	S		435.7021	1.0292	6.5880	99.9897	39.8908	0.8430	0.8276	5.0000	18.4688	508.0626	94.9769	19.2190	23.8000	0.9300	0.9269	0.6482	-0.0006	508.0000	508.6972	1.0275	8.2086	99.9819	39.9000	0.8230	0.8272	5.0000	-9999.0000	-9999.0000	-9999.0000	-9999.0000	-9999.0000	-9999.0000	19.2589	4	0	33.4534	1.0000	99	9	-9999.0000	22427	33479	-9999	767	763	-9999	323.8569	5	0.6355	0.6482	-0.0006	64.7212	0.4225	472.2438	511.9213	37.0602	458.2873	94.7685	466.4737	95.7870	471.7524	95.8102	473.8962	95.1389	
13/08/2017	02:11:27	011992	G523039046HLR	L523	S		434.7786	1.0292	6.6966	99.9506	39.8204	0.8430	0.8272	5.0000	19.4304	508.0554	94.9306	18.7796	23.8000	0.9300	0.9269	0.6489	-0.0006	508.0000	508.0769	1.0275	8.2700	100.2181	40.1475	0.8230	0.8270	5.0000	-9999.0000	-9999.0000	-9999.0000	-9999.0000	-9999.0000	-9999.0000	19.0148	5	0	31.4619	1.0000	99	9	-9999.0000	22428	33480	-9999	768	764	-9999	323.7136	5	0.6358	0.6489	-0.0006	65.9734	0.3552	470.8187	493.7015	36.2963	460.3459	95.0694	465.5684	94.5602	470.0988	94.7222	473.4275	95.0000	
13/08/2017	02:12:01	011992	G523038106HLR	L523	S		430.3285	1.0292	7.2202	100.0251	39.7533	0.8430	0.8274	5.0000	18.6388	508.0254	94.9769	27.1592	23.7000	0.9300	0.9269	0.6480	-0.0006	508.0000	508.2325	1.0275	8.2546	100.0202	39.7872	0.8230	0.8251	5.0000	-9999.0000	-9999.0000	-9999.0000	-9999.0000	-9999.0000	-9999.0000	20.1791	6	0	34.6514	1.0000	99	9	-9999.0000	22429	33481	-9999	769	765	-9999	321.0924	5	0.6359	0.6480	-0.0006	62.3570	0.5499	460.6934	497.3458	35.6944	453.3789	95.0694	457.0593	94.5370	460.4339	94.6759	462.0195	94.9537	
13/08/2017	02:12:34	011992	G523039037HLR	L523	S		435.2223	1.0292	6.6444	99.9950	39.9279	0.8430	0.8276	5.0000	18.4408	508.0783	94.9306	18.4593	23.6000	0.9300	0.9268	0.6496	-0.0007	508.0000	508.0009	1.0275	8.2775	100.1557	39.7000	0.8230	0.8263	5.0000	-9999.0000	-9999.0000	-9999.0000	-9999.0000	-9999.0000	-9999.0000	19.0497	7	0	32.2586	1.0000	99	9	-9999.0000	22430	33482	-9999	770	766	-9999	323.9428	5	0.6360	0.6496	-0.0007	55.0771	0.9132	472.3204	530.2278	37.7778	462.8344	94.8148	467.7803	94.4907	472.1123	94.6065	474.8089	94.9074	
13/08/2017	02:13:08	011992	G523039021HLR	L523	S		433.5371	1.0292	6.8427	100.0148	39.8339	0.8430	0.8272	5.0000	18.5490	508.0220	94.9537	22.5900	23.6000	0.9300	0.9268	0.6509	-0.0007	508.0000	509.1247	1.0275	8.1663	99.9938	40.1948	0.8230	0.8275	5.0000	-9999.0000	-9999.0000	-9999.0000	-9999.0000	-9999.0000	-9999.0000	19.1191	8	0	34.6286	1.0000	99	9	-9999.0000	22431	33483	-9999	771	767	-9999	322.4746	5	0.6361	0.6509	-0.0007	53.7741	0.9745	465.2743	532.8340	36.6204	460.0838	95.7407	461.9472	94.6528	464.7675	94.7685	467.1615	95.0231	
13/08/2017	02:13:44	011992	G523039032HLR	L523	S		436.2190	1.0292	6.5272	100.0101	39.7275	0.8430	0.8273	5.0000	19.4291	508.0402	94.9306	20.5598	23.6000	0.9300	0.9268	0.6506	-0.0007	508.0000	508.6693	1.0275	8.2114	100.1157	39.9579	0.8230	0.8258	5.0000	-9999.0000	-9999.0000	-9999.0000	-9999.0000	-9999.0000	-9999.0000	19.0114	1	0	36.0688	1.0000	99	9	-9999.0000	22432	33484	-9999	772	768	-9999	323.2702	5	0.6355	0.6506	-0.0007	61.6007	0.5960	468.1507	520.8335	39.1667	459.5092	95.3704	462.7042	94.6991	467.8317	94.6991	470.1141	95.0231	
13/08/2017	02:14:17	011992	G523039023HLR	L523	S		436.6467	1.0292	6.4769	100.0086	39.9555	0.8430	0.8276	5.0000	18.6389	508.0131	95.0000	23.8390	23.5000	0.9300	0.9268	0.6506	-0.0007	508.0000	510.3315	1.0275	8.0469	99.9762	39.6000	0.8230	0.8259	5.0000	-9999.0000	-9999.0000	-9999.0000	-9999.0000	-9999.0000	-9999.0000	19.0081	2	0	32.8903	1.0000	99	9	-9999.0000	22433	33485	-9999	773	769	-9999	322.0507	5	0.6357	0.6506	-0.0007	61.5830	0.5990	465.5485	518.8961	37.9861	461.6550	95.1620	461.2315	95.0694	465.0242	95.2546	467.5333	95.1620	
13/08/2017	02:14:42	011992	G523039030HLR	L523	S		437.5074	1.0292	6.3756	100.0204	39.7798	0.8430	0.8270	5.0000	19.4094	508.0498	94.9769	21.2590	23.4000	0.9300	0.9268	0.6492	-0.0006	508.0000	509.4817	1.0275	8.1310	100.0596	40.1764	0.8230	0.8280	5.0000	-9999.0000	-9999.0000	-9999.0000	-9999.0000	-9999.0000	-9999.0000	19.2093	3	0	24.9574	1.0000	99	9	-9999.0000	22434	33485	-9999	774	770	-9999	323.0150	5	0.6360	0.6492	-0.0006	61.2587	0.6177	467.4864	492.0576	38.1250	459.6691	94.8611	462.6767	94.9537	466.9452	95.0926	469.0979	95.1157	
13/08/2017	02:15:14	011992	G523039003HLR	L523	S		425.8765	1.0292	7.7439	100.0048	39.8150	0.8430	0.8276	5.0000	18.3997	508.0576	94.9074	22.8996	23.4000	0.9300	0.9268	0.6493	-0.0006	508.0000	506.4237	1.0275	8.4336	99.9644	40.0681	0.8230	0.8259	5.0000	-9999.0000	-9999.0000	-9999.0000	-9999.0000	-9999.0000	-9999.0000	18.9987	4	0	31.6800	1.0000	99	9	-9999.0000	22434	33486	-9999	775	771	-9999	322.4775	5	0.6359	0.6493	-0.0006	61.3924	0.6093	458.6048	530.8695	38.0093	451.7247	95.3704	454.9138	95.2083	458.3121	95.3241	462.3031	95.1389	
13/08/2017	02:15:45	011992	G523039022HLR	L523	S		431.2644	1.0292	7.1101	100.0333	39.9261	0.8430	0.8275	5.0000	18.7092	508.0433	94.9537	23.4591	23.3000	0.9300	0.9268	0.6508	-0.0007	508.0000	507.6102	1.0275	8.3162	99.9687	39.5749	0.8230	0.8250	5.0000	-9999.0000	-9999.0000	-9999.0000	-9999.0000	-9999.0000	-9999.0000	19.0685	5	0	31.2583	1.0000	99	9	-9999.0000	22435	33487	-9999	776	772	-9999	322.2690	5	0.6353	0.6508	-0.0007	62.0013	0.5712	460.8388	461.4150	35.7870	452.7908	95.0694	457.2863	94.6528	460.6914	94.7917	463.3748	94.9769	
13/08/2017	02:16:15	011992	G523039031HLR	L523	S		433.9906	1.0292	6.7893	99.9885	39.7501	0.8430	0.8272	5.0000	18.4578	508.0512	94.9769	20.1790	23.3000	0.9300	0.9269	0.6516	-0.0008	508.0000	507.9420	1.0275	8.2833	100.1147	39.8601	0.8230	0.8274	5.0000	-9999.0000	-9999.0000	-9999.0000	-9999.0000	-9999.0000	-9999.0000	19.0575	6	0	29.5885	1.0000	99	9	-9999.0000	22436	33488	-9999	777	773	-9999	323.1619	5	0.6353	0.6516	-0.0008	62.4054	0.5368	465.8686	534.7035	37.4306	452.8661	95.1620	460.9878	94.6759	465.3462	94.7454	468.0586	94.9537	
13/08/2017	02:17:18	011992	G523038882HLR	L523	S		436.7989	1.0292	6.4590	100.0086	39.8533	0.8430	0.8273	5.0000	18.4094	508.0596	94.9537	20.9787	23.5000	0.9300	0.9272	0.6493	-0.0007	508.0000	509.1903	1.0275	8.1598	99.9112	39.9102	0.8230	0.8253	5.0000	-9999.0000	-9999.0000	-9999.0000	-9999.0000	-9999.0000	-9999.0000	19.2413	8	0	33.0703	1.0000	99	9	-9999.0000	22437	33489	-9999	779	774	-9999	322.9488	5	0.6349	0.6493	-0.0007	61.4645	0.5981	467.6248	508.9602	36.6667	457.9135	95.1389	463.0845	94.4676	467.0738	94.7685	469.9581	95.0694	
13/08/2017	02:17:49	011992	G523039008HLR	L523	S		429.5693	1.0292	7.3095	100.1139	39.7383	0.8430	0.8272	5.0000	18.7756	508.0528	94.9537	19.2991	23.4000	0.9300	0.9270	0.6494	-0.0007	508.0000	507.4970	1.0275	8.3274	100.0083	39.4936	0.8230	0.8255	5.0000	-9999.0000	-9999.0000	-9999.0000	-9999.0000	-9999.0000	-9999.0000	19.1206	1	0	30.8071	1.0000	99	9	-9999.0000	22438	33490	-9999	780	775	-9999	323.4451	5	0.6349	0.6494	-0.0007	61.7648	0.5973	466.7242	514.1678	37.5463	460.6941	95.0463	462.1665	94.6759	465.9041	94.8148	470.6710	95.0694	
13/08/2017	02:18:20	011992	G523038876HLR	L523	S		436.2760	1.0292	6.5205	99.9837	39.8753	0.8430	0.8276	5.0000	18.4734	508.0496	95.0231	18.3988	23.4000	0.9300	0.9270	0.6494	-0.0007	508.0000	508.0616	1.0275	8.2715	99.9491	40.1739	0.8230	0.8285	5.0000	-9999.0000	-9999.0000	-9999.0000	-9999.0000	-9999.0000	-9999.0000	19.0211	2	0	31.0185	1.0000	99	9	-9999.0000	22439	33491	-9999	781	776	-9999	323.7571	5	0.6349	0.6494	-0.0007	61.7648	0.5973	470.1478	531.6478	37.6620	461.9580	95.0926	465.8727	94.7917	470.0091	95.0000	472.5384	95.0926	
13/08/2017	02:18:51	011992	G523038860HLR	L523	S		437.6727	1.0292	6.3561	100.0379	39.8000	0.8430	0.8271	5.0000	19.8890	508.0602	94.9306	19.5989	23.5000	0.9300	0.9270	0.6486	-0.0006	508.0000	508.0405	1.0275	8.2736	100.0581	40.2727	0.8230	0.8264	5.0000	-9999.0000	-9999.0000	-9999.0000	-9999.0000	-9999.0000	-9999.0000	19.1998	3	0	31.2487	1.0000	99	9	-9999.0000	22440	33492	-9999	782	777	-9999	323.4609	5	0.6346	0.6486	-0.0006	59.6240	0.6636	468.3213	508.2075	36.6667	461.4834	95.0000	465.7575	95.3935	467.6760	95.6250	471.0847	95.1620	
13/08/2017	02:19:23	011992	G523038899HLR	L523	S		434.3174	1.0292	6.7509	100.0084	39.7487	0.8430	0.8273	5.0000	18.4495	508.0184	94.9537	22.2189	23.5000	0.9300	0.9270	0.6538	-0.0009	508.0000	508.1820	1.0275	8.2596	99.9560	39.7399	0.8230	0.8251	5.0000	-9999.0000	-9999.0000	-9999.0000	-9999.0000	-9999.0000	-9999.0000	19.1019	4	0	31.9491	1.0000	99	9	-9999.0000	22441	33493	-9999	783	778	-9999	322.3507	5	0.6352	0.6538	-0.0009	64.5272	0.4638	466.4673	501.0133	38.8194	460.0596	94.5370	461.6624	95.3009	465.6287	95.4861	468.9552	95.1852	
13/08/2017	02:19:55	011992	G523039010HLR	L523	S		436.1488	1.0292	6.5354	100.0429	39.9144	0.8430	0.8276	5.0000	18.7908	508.0477	94.9537	19.8294	23.6000	0.9300	0.9270	0.6517	-0.0008	508.0000	508.3224	1.0275	8.2457	99.9472	39.7000	0.8230	0.8266	5.0000	-9999.0000	-9999.0000	-9999.0000	-9999.0000	-9999.0000	-9999.0000	19.0015	5	0	31.8689	1.0000	99	9	-9999.0000	22442	33494	-9999	784	779	-9999	323.2977	5	0.6351	0.6517	-0.0008	60.8034	0.6220	466.7611	512.2533	37.5926	460.8723	94.9769	463.1091	94.6991	466.4735	94.8611	470.2569	95.0231	
13/08/2017	02:20:28	011992	G523039011HLR	L523	Q		435.2136	1.0292	6.6455	99.9418	39.8218	0.8430	0.8272	5.0000	18.4495	508.0601	94.9537	20.2190	23.7000	0.9300	0.9270	0.6505	-0.0007	508.0000	507.9991	1.0275	8.2777	99.9132	40.2000	0.8230	0.8276	5.0000	-9999.0000	-9999.0000	-9999.0000	-9999.0000	-9999.0000	-9999.0000	18.9493	6	0	32.6092	1.0000	99	9	-9999.0000	22443	33495	-9999	785	780	-9999	323.0957	5	0.6354	0.6505	-0.0007	58.5148	0.7145	466.2622	533.2507	39.7222	458.4316	95.3009	461.9080	94.8843	465.8343	94.8380	468.7105	95.0231	
13/08/2017	02:20:58	011992	G523039040HLR	L523	S		436.0973	1.0292	6.5415	100.0966	39.7517	0.8430	0.8274	5.0000	18.9994	508.0351	94.9074	20.2386	23.7000	0.9300	0.9270	0.6509	-0.0007	508.0000	508.4609	1.0275	8.2320	99.9784	39.9613	0.8230	0.8256	5.0000	-9999.0000	-9999.0000	-9999.0000	-9999.0000	-9999.0000	-9999.0000	19.1730	7	0	30.4484	1.0000	99	9	-9999.0000	22444	33496	-9999	786	781	-9999	323.1078	5	0.6353	0.6509	-0.0007	59.5466	0.6692	467.2768	497.9168	38.0556	460.2878	95.0000	463.5652	94.7454	466.9580	94.9306	471.0370	95.0694	
13/08/2017	02:21:32	011992	G523038853HLR	L523	Q		433.3876	1.0292	6.8603	100.0174	39.9465	0.8430	0.8276	5.0000	18.4201	508.0233	94.9769	21.0988	23.8000	0.9300	0.9270	0.6471	-0.0005	508.0000	508.1513	1.0275	8.2626	100.0919	39.5864	0.8230	0.8257	5.0000	-9999.0000	-9999.0000	-9999.0000	-9999.0000	-9999.0000	-9999.0000	18.9690	8	0	33.8891	1.0000	99	9	-9999.0000	22445	33497	-9999	787	782	-9999	322.7849	5	0.6358	0.6471	-0.0005	52.8583	0.9790	466.5263	522.2793	38.7963	459.0368	95.0231	460.9384	94.8611	465.9530	95.0463	468.9703	95.1157	
13/08/2017	02:22:05	011992	G523038846HLR	L523	S		436.3845	1.0292	6.5077	100.0277	39.7960	0.8430	0.8271	5.0000	18.5786	508.0355	94.9769	20.9191	23.8000	0.9300	0.9270	0.6470	-0.0005	508.0000	507.7276	1.0275	8.3046	100.1011	40.0096	0.8230	0.8270	5.0000	-9999.0000	-9999.0000	-9999.0000	-9999.0000	-9999.0000	-9999.0000	21.4125	1	0	33.2683	1.0000	99	9	-9999.0000	22446	33498	-9999	788	783	-9999	323.0144	5	0.6360	0.6470	-0.0005	51.8830	1.0377	468.0493	517.8432	39.0741	462.8404	94.9306	464.3520	94.8380	467.6868	95.0000	471.3991	95.0926	
13/08/2017	02:22:36	011992	G523038849HLR	L523	S		430.3772	1.0292	7.2144	100.0090	39.7527	0.8430	0.8275	5.0000	18.5793	508.0815	94.9074	21.7893	23.9000	0.9300	0.9270	0.6545	-0.0009	508.0000	506.9070	1.0275	8.3858	99.9820	40.1762	0.8230	0.8265	5.0000	-9999.0000	-9999.0000	-9999.0000	-9999.0000	-9999.0000	-9999.0000	18.9786	2	0	30.7186	1.0000	99	9	-9999.0000	22447	33499	-9999	789	784	-9999	322.8335	5	0.6358	0.6545	-0.0009	54.0181	0.9180	465.2039	512.7094	37.6852	456.6371	94.9074	460.7671	94.6528	464.9286	94.8380	468.7600	95.0463	
13/08/2017	02:23:08	011992	G523038873HLR	L523	S		434.5941	1.0292	6.7183	99.9733	39.9489	0.8430	0.8276	5.0000	18.5777	508.0848	94.9537	19.4993	24.0000	0.9300	0.9270	0.6536	-0.0009	508.0000	506.8394	1.0275	8.3925	99.9773	39.7198	0.8230	0.8254	5.0000	-9999.0000	-9999.0000	-9999.0000	-9999.0000	-9999.0000	-9999.0000	19.0289	3	0	31.6989	1.0000	99	9	-9999.0000	22448	33500	-9999	790	785	-9999	323.4577	5	0.6359	0.6536	-0.0009	57.8614	0.7323	466.1973	506.0547	36.4583	456.4369	94.7222	461.3331	95.4398	465.6961	95.4167	468.9623	95.2083	
13/08/2017	02:23:43	011992	G523038885HLR	L523	S		428.3881	1.0292	7.4485	99.9969	39.8166	0.8430	0.8272	5.0000	18.4188	508.0426	94.9537	23.0597	24.1000	0.9300	0.9270	0.6530	-0.0008	508.0000	505.6691	1.0275	8.5083	100.1663	39.8000	0.8230	0.8268	5.0000	-9999.0000	-9999.0000	-9999.0000	-9999.0000	-9999.0000	-9999.0000	19.3777	4	0	35.0793	1.0000	99	9	-9999.0000	22449	33501	-9999	791	786	-9999	321.8365	5	0.6359	0.6530	-0.0008	59.0296	0.6569	461.5887	521.0618	36.5278	452.9187	94.7454	455.9142	94.6991	461.3335	94.8843	463.5771	95.0694	
13/08/2017	02:24:22	011992	G523038101HLR	L523	S		434.0210	1.0292	6.7858	100.0528	39.7647	0.8430	0.8275	5.0000	18.8393	508.0433	94.9769	22.2394	24.1000	0.9300	0.9270	0.6520	-0.0008	508.0000	506.5170	1.0275	8.4244	99.9731	40.2000	0.8230	0.8272	5.0000	-9999.0000	-9999.0000	-9999.0000	-9999.0000	-9999.0000	-9999.0000	19.5714	5	0	38.6486	1.0000	99	9	-9999.0000	22450	33502	-9999	792	787	-9999	322.2667	5	0.6361	0.6520	-0.0008	53.5812	0.9470	462.9579	498.5835	37.9630	456.7287	94.9306	457.4384	94.7222	462.6797	94.9074	465.9895	95.0463	
13/08/2017	02:25:00	011992	G523038068HLR	L523	S		432.9880	1.0292	6.9073	100.0733	39.9818	0.8430	0.8276	5.0000	18.6292	508.0498	94.9537	19.8997	24.1000	0.9300	0.9269	0.6509	-0.0007	508.0000	506.9189	1.0275	8.3846	100.1583	39.8890	0.8230	0.8257	5.0000	-9999.0000	-9999.0000	-9999.0000	-9999.0000	-9999.0000	-9999.0000	18.9287	6	0	38.7788	1.0000	99	9	-9999.0000	22451	33503	-9999	793	788	-9999	323.2749	5	0.6362	0.6509	-0.0007	51.9979	1.0208	466.3820	544.4684	38.0556	460.7277	94.9769	462.6401	94.7222	465.9923	94.8380	470.3557	95.0463	
13/08/2017	02:25:31	011992	G523038107HLR	L523	S		435.2743	1.0292	6.6383	99.9639	39.7749	0.8430	0.8272	5.0000	18.4361	508.0643	94.9537	20.7893	24.0000	0.9300	0.9269	0.6423	-0.0003	508.0000	506.9141	1.0275	8.3851	99.9252	39.7000	0.8230	0.8265	5.0000	-9999.0000	-9999.0000	-9999.0000	-9999.0000	-9999.0000	-9999.0000	18.7894	7	0	31.1180	1.0000	99	9	-9999.0000	22452	33504	-9999	794	789	-9999	322.9410	5	0.6361	0.6423	-0.0003	40.3730	1.5899	468.4859	516.2008	38.0556	462.6005	95.0000	462.4495	95.3935	468.2019	95.4630	470.5682	95.2546	
13/08/2017	02:26:02	011992	G523038087HLR	L523	S		434.0458	1.0292	6.7828	100.0449	39.8393	0.8430	0.8276	5.0000	18.3292	508.0581	94.9769	24.2589	24.0000	0.9300	0.9269	0.6400	-0.0002	508.0000	506.9174	1.0275	8.3847	99.9926	40.2000	0.8230	0.8275	5.0000	-9999.0000	-9999.0000	-9999.0000	-9999.0000	-9999.0000	-9999.0000	19.0187	8	0	30.6989	1.0000	99	9	-9999.0000	22453	33505	-9999	795	790	-9999	322.7066	5	0.6361	0.6400	-0.0002	49.5945	1.1370	466.6755	551.0291	37.8241	464.1222	95.4398	463.2249	94.6296	466.7146	94.7454	468.7874	95.0000	
13/08/2017	02:26:33	011992	G523038088HLR	L523	S		433.5709	1.0292	6.8387	100.0048	39.9385	0.8430	0.8274	5.0000	18.3586	508.0470	95.0231	27.7285	24.0000	0.9300	0.9269	0.6392	-0.0001	508.0000	509.7949	1.0275	8.1000	99.9359	39.8685	0.8230	0.8256	5.0000	-9999.0000	-9999.0000	-9999.0000	-9999.0000	-9999.0000	-9999.0000	19.2585	1	0	30.9795	1.0000	99	9	-9999.0000	22454	33506	-9999	796	791	-9999	322.5553	5	0.6364	0.6392	-0.0001	41.7398	1.5516	469.9939	532.1980	37.8472	463.2103	95.2546	465.7297	95.0694	469.6854	95.2546	472.4551	95.1620	
13/08/2017	02:27:05	011992	G523038113HLR	L523	S		429.0818	1.0292	7.3668	100.0128	39.7513	0.8430	0.8272	5.0000	18.6556	508.0444	95.0000	27.9990	24.0000	0.9300	0.9268	0.6418	-0.0003	508.0000	509.2359	1.0275	8.1553	100.0906	39.6000	0.8230	0.8260	5.0000	-9999.0000	-9999.0000	-9999.0000	-9999.0000	-9999.0000	-9999.0000	18.9643	2	0	31.8787	1.0000	99	9	-9999.0000	22455	33507	-9999	797	792	-9999	322.8505	5	0.6365	0.6418	-0.0003	49.8260	1.1314	465.7071	539.2598	36.5509	464.1149	95.3241	461.7396	94.4213	465.3351	94.5139	467.7761	94.9306	
13/08/2017	02:27:42	011992	G523037870HLR	L523	S		434.4893	1.0292	6.7307	100.0428	39.9214	0.8430	0.8276	5.0000	18.7494	508.0641	94.9769	20.1594	23.9000	0.9300	0.9268	0.6402	-0.0002	508.0000	508.4041	1.0275	8.2376	99.9306	40.0870	0.8230	0.8278	5.0000	-9999.0000	-9999.0000	-9999.0000	-9999.0000	-9999.0000	-9999.0000	18.8993	3	0	37.3979	1.0000	99	9	-9999.0000	22456	33508	-9999	798	793	-9999	323.5509	5	0.6366	0.6402	-0.0002	63.4894	0.4677	473.2311	542.5316	36.4352	465.6690	94.9306	468.6075	94.5602	472.7080	94.6991	475.0920	95.0000	
13/08/2017	02:28:17	011992	G523038086HLR	L523	S		432.3607	1.0292	6.9811	99.9744	39.8068	0.8430	0.8272	5.0000	18.4893	508.0202	95.0000	19.9094	23.9000	0.9300	0.9269	0.6484	-0.0005	508.0000	507.3058	1.0275	8.3463	100.1436	40.1419	0.8230	0.8263	5.0000	-9999.0000	-9999.0000	-9999.0000	-9999.0000	-9999.0000	-9999.0000	19.3119	4	0	34.9792	1.0000	99	9	-9999.0000	22457	33509	-9999	799	793	-9999	323.5675	5	0.6363	0.6484	-0.0005	64.6629	0.4163	473.0672	540.6271	37.8241	468.0410	95.2083	468.2088	95.0463	472.6452	95.2315	475.5063	95.1620	
13/08/2017	02:28:51	011992	G523038072HLR	L523	S		432.9071	1.0292	6.9168	100.0295	39.7367	0.8430	0.8274	5.0000	19.4991	508.0521	94.9537	20.0794	23.9000	0.9300	0.9269	0.6462	-0.0004	508.0000	507.1176	1.0275	8.3649	100.1842	39.6741	0.8230	0.8257	5.0000	-9999.0000	-9999.0000	-9999.0000	-9999.0000	-9999.0000	-9999.0000	19.0287	5	0	33.3690	1.0000	99	9	-9999.0000	22458	33510	-9999	800	794	-9999	323.9337	5	0.6362	0.6462	-0.0004	58.8110	0.6838	469.0974	544.8990	36.5972	462.2527	95.0463	464.8352	94.7685	468.9556	94.9306	472.2015	95.0694	
13/08/2017	02:29:21	011992	G523038093HLR	L523	S		435.9253	1.0292	6.5617	99.9794	39.9421	0.8430	0.8276	5.0000	18.4300	508.0796	94.9769	20.9895	23.9000	0.9300	0.9269	0.6460	-0.0004	508.0000	508.7714	1.0275	8.2013	99.9306	40.0000	0.8230	0.8275	5.0000	-9999.0000	-9999.0000	-9999.0000	-9999.0000	-9999.0000	-9999.0000	18.9945	6	0	30.3787	1.0000	99	9	-9999.0000	22459	33511	-9999	801	795	-9999	323.8054	5	0.6362	0.6460	-0.0004	60.9745	0.6045	472.6625	500.6107	38.6111	465.4083	95.2315	469.4238	94.3287	472.2294	94.3519	474.8919	94.9537	
