Data	Timp	Nr. masina	Nr. de serie	Tip	Productie	Comentariu	Pre-masurare Q [ml/min]	Pre-masurare Gain	Pre-masurare Offset Master	Pre-masurare P [bar]	Pre-masurare T [°C]	Pre-masurare Densitate fixa [kg/l]	Pre-masurare densitate masurata [kg/l]	Pre-masurare Timp masurare [s]	Pre-masurare Cycle time [s]	rectificare Q Oprire [ml/min]	rectificare P Oprire [bar]	rectificare Timp rectificare [s]	rectificare T [°C]	rectificare Densitate fixa [kg/l]	rectificare densitate masurata [kg/l]	rectificare Factor de masurare la rectificare	rectificare Factor de corectie a debitului	rectificare Target rectificare	Masurare Q [ml/min]	Masurare Gain	Masurare Offset Master	Masurare P [bar]	Masurare T [°C]	Masurare Densitate fixa [kg/l]	Masurare densitate masurata [kg/l]	Masurare Timp masurare [s]	Masurare Q [ml/min]	Masurare Delta Q [ml/min]	Masurare P [bar]	Masurare BP [bar]	Masurare T [°C]	Masurare Timp masurare [s]	Masurare Cycle time [s]	Nest Nr.	Cod de descarcare	Cycle time [s]	Traceability aktiv	EDM Maschine Nr	EDM Spindle Nr	Honing Rate [r	Station Counter Premeasure	Station Counter Grind	Station Counter Blowout 1	Station Counter Wash	Station Counter Measure	Station Counter Blowout 2	RealGrindQStop	Reg Type	Factor 0	Factor 1	Factor 2	Factor 3	Factor 4	G_StartQV	G_StartQV_1	G_StartQV_2	G_StartQV_3	G_StartQV_4	G_StartQV_5	
20/08/2017	00:00:24	011992	G488076666HLR	L488	S		615.5809	1.0292	10.0000	100.0845	39.8882	0.8430	0.8276	5.0000	18.7493	713.0477	94.9537	28.9892	24.0000	0.9300	0.9228	0.7026	-0.0004	713.0000	715.9581	1.0275	-2.6850	99.9333	39.8040	0.8230	0.8250	5.0000	-9999.0000	-9999.0000	-9999.0000	-9999.0000	-9999.0000	-9999.0000	19.5982	5	0	32.5583	1.0000	08	3	-9999.0000	32406	42752	-9999	2478	2363	-9999	492.6839	5	0.6926	0.7026	-0.0004	73.6013	1.1545	645.4253	474.0088	38.4259	617.8083	93.5880	639.0053	94.3981	644.5685	94.3750	649.0865	94.8843	
20/08/2017	00:00:59	011992	G488076668HLR	L488	S		617.8021	1.0292	10.0000	100.1035	39.8108	0.8430	0.8273	5.0000	18.7893	713.0674	95.0231	25.7090	23.9000	0.9300	0.9228	0.7028	-0.0004	713.0000	715.3140	1.0275	-2.6878	99.9437	39.6501	0.8230	0.8253	5.0000	-9999.0000	-9999.0000	-9999.0000	-9999.0000	-9999.0000	-9999.0000	20.0392	6	0	35.0193	1.0000	08	3	-9999.0000	32407	42753	-9999	2479	2364	-9999	493.4764	5	0.6927	0.7028	-0.0004	72.8890	1.1723	649.0046	493.1400	36.7593	618.3730	93.2639	642.4167	94.2130	648.2182	94.1667	653.6164	94.7685	
20/08/2017	00:01:34	011992	G488076667HLR	L488	S		617.3711	1.0292	10.0000	100.0662	39.8000	0.8430	0.8275	5.0000	19.2692	713.0381	94.9769	24.0089	23.9000	0.9300	0.9229	0.7037	-0.0005	713.0000	716.5437	1.0275	-2.6824	100.0203	39.9814	0.8230	0.8259	5.0000	-9999.0000	-9999.0000	-9999.0000	-9999.0000	-9999.0000	-9999.0000	19.5007	7	0	35.2682	1.0000	08	3	-9999.0000	32408	42754	-9999	2480	2365	-9999	493.8654	5	0.6925	0.7037	-0.0005	69.6481	1.2988	650.0707	456.8968	36.5509	617.4228	92.2917	644.9765	92.9861	649.5337	93.0556	653.9412	94.6528	
20/08/2017	00:02:09	011992	G488076664HLR	L488	S		618.1281	1.0292	10.0000	99.9874	39.8992	0.8430	0.8275	5.0000	18.5795	713.0655	94.9306	22.7492	23.8000	0.9300	0.9229	0.7061	-0.0006	713.0000	717.0658	1.0275	-2.6800	99.9685	39.6339	0.8230	0.8249	5.0000	-9999.0000	-9999.0000	-9999.0000	-9999.0000	-9999.0000	-9999.0000	19.2491	8	0	34.6784	1.0000	08	3	-9999.0000	32409	42754	-9999	2481	2366	-9999	494.3220	5	0.6924	0.7061	-0.0006	71.7968	1.2079	652.6620	512.6746	39.1898	621.0509	93.7963	646.3924	94.6296	651.9788	94.6065	657.2181	94.9769	
20/08/2017	00:02:42	011992	G488076671HLR	L488	S		614.8321	1.0292	10.0000	99.9470	39.7493	0.8430	0.8274	5.0000	18.3293	713.1055	94.9537	21.6994	23.9000	0.9300	0.9230	0.7064	-0.0006	713.0000	715.6183	1.0275	-2.6865	100.0346	39.9034	0.8230	0.8260	5.0000	-9999.0000	-9999.0000	-9999.0000	-9999.0000	-9999.0000	-9999.0000	19.6685	1	0	33.2791	1.0000	08	3	-9999.0000	32409	42755	-9999	2482	2367	-9999	494.6600	5	0.6922	0.7064	-0.0006	73.0593	1.1495	649.4592	495.9781	38.9120	615.5688	93.9815	642.3409	94.7917	648.7611	94.7917	653.6729	95.0000	
20/08/2017	00:03:18	011992	G488076642HLR	L488	S		614.9389	1.0292	10.0000	100.0020	39.8000	0.8430	0.8273	5.0000	20.2389	713.0161	94.9537	24.1895	23.9000	0.9300	0.9230	0.7067	-0.0006	713.0000	715.6974	1.0275	-2.6861	99.9880	39.7796	0.8230	0.8250	5.0000	-9999.0000	-9999.0000	-9999.0000	-9999.0000	-9999.0000	-9999.0000	19.3886	2	0	35.7388	1.0000	08	3	-9999.0000	32410	42756	-9999	2483	2368	-9999	493.4516	5	0.6921	0.7067	-0.0006	73.6326	1.1176	650.6678	494.4862	39.1435	619.6667	93.8194	643.2109	94.6296	650.2214	94.6528	653.7093	94.9769	
20/08/2017	00:03:51	011992	G488076653HLR	L488	S		613.7370	1.0292	10.0000	100.0647	39.8533	0.8430	0.8274	5.0000	18.8293	713.1000	94.9769	24.4395	23.9000	0.9300	0.9231	0.7074	-0.0007	713.0000	713.9459	1.0275	-2.6939	99.9120	39.7409	0.8230	0.8257	5.0000	-9999.0000	-9999.0000	-9999.0000	-9999.0000	-9999.0000	-9999.0000	19.4458	3	0	33.4782	1.0000	08	3	-9999.0000	32411	42756	-9999	2484	2369	-9999	493.3072	5	0.6920	0.7074	-0.0007	76.1598	1.0010	645.1539	484.3623	40.1157	615.3566	94.3519	637.2994	95.0926	644.8851	95.0926	648.4824	95.1389	
20/08/2017	00:04:25	011992	G488076658HLR	L488	S		616.8686	1.0292	10.0000	100.1043	39.7960	0.8430	0.8274	5.0000	18.8089	713.0664	94.9074	23.8389	24.0000	0.9300	0.9231	0.7075	-0.0007	713.0000	715.8394	1.0275	-2.6855	100.0017	39.9030	0.8230	0.8251	5.0000	-9999.0000	-9999.0000	-9999.0000	-9999.0000	-9999.0000	-9999.0000	20.2405	4	0	33.4893	1.0000	08	3	-9999.0000	32411	42757	-9999	2485	2370	-9999	493.3751	5	0.6919	0.7075	-0.0007	79.7405	0.8373	649.6607	485.7524	38.6574	620.4746	94.3056	643.3441	95.0694	649.1111	95.0463	654.0880	95.1157	
20/08/2017	00:04:57	011992	G488076657HLR	L488	S		614.7058	1.0292	10.0000	100.0742	39.8164	0.8430	0.8276	5.0000	18.7382	713.0500	94.9306	22.3995	24.1000	0.9300	0.9231	0.7075	-0.0007	713.0000	711.4013	1.0275	-2.7052	99.9349	39.6293	0.8230	0.8250	5.0000	-9999.0000	-9999.0000	-9999.0000	-9999.0000	-9999.0000	-9999.0000	20.0570	5	0	32.0589	1.0000	08	3	-9999.0000	32412	42757	-9999	2486	2371	-9999	493.9883	5	0.6918	0.7075	-0.0007	79.6291	0.8389	645.7319	486.4548	38.7963	615.4347	94.5602	638.7598	95.3009	644.8616	95.3009	650.2352	95.2083	
20/08/2017	00:05:29	011992	G488076661HLR	L488	S		615.9560	1.0292	10.0000	100.0179	39.8473	0.8430	0.8275	5.0000	18.5281	713.0362	95.0000	24.9688	24.1000	0.9300	0.9231	0.7072	-0.0007	713.0000	714.9179	1.0275	-2.6896	99.9052	40.0411	0.8230	0.8261	5.0000	-9999.0000	-9999.0000	-9999.0000	-9999.0000	-9999.0000	-9999.0000	19.5704	6	0	32.7490	1.0000	08	3	-9999.0000	32412	42758	-9999	2487	2372	-9999	492.6109	5	0.6916	0.7072	-0.0007	79.1995	0.8579	645.0363	486.3513	37.9630	612.4263	92.8241	638.3261	94.5602	644.5159	94.5139	649.5943	95.0000	
20/08/2017	00:06:04	011992	G488076639HLR	L488	S		613.5435	1.0292	10.0000	100.0220	39.8000	0.8430	0.8275	5.0000	18.5598	713.0491	94.9306	22.5490	24.2000	0.9300	0.9232	0.7081	-0.0007	713.0000	713.7599	1.0275	-2.6947	100.0154	39.7174	0.8230	0.8246	5.0000	-9999.0000	-9999.0000	-9999.0000	-9999.0000	-9999.0000	-9999.0000	19.9192	7	0	34.2182	1.0000	08	3	-9999.0000	32413	42759	-9999	2488	2373	-9999	493.7391	5	0.6915	0.7081	-0.0007	81.2878	0.7636	650.7652	478.4615	35.8565	612.9543	92.7083	642.1231	95.1852	650.1234	95.0463	654.7152	95.1389	
20/08/2017	00:06:38	011992	G488076637HLR	L488	S		617.5045	1.0292	10.0000	100.0712	39.8693	0.8430	0.8276	5.0000	18.6646	713.0320	94.9306	22.6886	24.3000	0.9300	0.9231	0.7079	-0.0007	713.0000	713.5324	1.0275	-2.6958	100.0083	39.8297	0.8230	0.8259	5.0000	-9999.0000	-9999.0000	-9999.0000	-9999.0000	-9999.0000	-9999.0000	19.4918	8	0	34.0887	1.0000	08	3	-9999.0000	32414	42760	-9999	2489	2374	-9999	493.5529	5	0.6917	0.7079	-0.0007	87.1042	0.4942	647.4492	485.9920	36.8519	617.3412	93.7269	640.7685	94.1898	646.7636	94.1898	652.7330	94.8148	
20/08/2017	00:07:11	011992	G488076638HLR	L488	S		617.7581	1.0292	10.0000	100.1045	39.8208	0.8430	0.8274	5.0000	18.8543	713.0461	94.9769	21.2697	24.3000	0.9300	0.9232	0.7095	-0.0008	713.0000	711.8799	1.0275	-2.7031	99.9313	39.9271	0.8230	0.8252	5.0000	-9999.0000	-9999.0000	-9999.0000	-9999.0000	-9999.0000	-9999.0000	19.5014	1	0	32.7683	1.0000	08	3	-9999.0000	32415	42761	-9999	2490	2375	-9999	494.3739	5	0.6917	0.7095	-0.0008	89.8560	0.3658	649.7059	496.6671	38.9583	619.7415	94.5833	641.9393	95.3472	648.9502	95.3935	653.8381	95.2546	
20/08/2017	00:07:45	011992	G488076632HLR	L488	S		615.2089	1.0292	10.0000	100.1303	39.8092	0.8430	0.8275	5.0000	18.7987	713.0335	94.9537	22.0187	24.3000	0.9300	0.9231	0.7093	-0.0008	713.0000	713.3294	1.0275	-2.6967	99.9666	39.6581	0.8230	0.8251	5.0000	-9999.0000	-9999.0000	-9999.0000	-9999.0000	-9999.0000	-9999.0000	19.8676	2	0	34.6295	1.0000	08	3	-9999.0000	32416	42762	-9999	2491	2376	-9999	493.9634	5	0.6918	0.7093	-0.0008	90.2865	0.3443	650.0953	495.9568	39.0046	619.2960	94.1898	642.8327	94.7685	649.3929	94.7685	653.0503	95.0694	
20/08/2017	00:08:18	011992	G488076633HLR	L488	S		616.9345	1.0292	10.0000	100.1055	39.8693	0.8430	0.8275	5.0000	18.7971	713.1058	94.9537	23.4190	24.3000	0.9300	0.9230	0.7091	-0.0007	713.0000	711.8459	1.0275	-2.7033	99.9955	40.0464	0.8230	0.8260	5.0000	-9999.0000	-9999.0000	-9999.0000	-9999.0000	-9999.0000	-9999.0000	19.4927	3	0	32.3884	1.0000	08	3	-9999.0000	32417	42762	-9999	2492	2377	-9999	493.3006	5	0.6917	0.7091	-0.0007	87.5521	0.4486	647.9556	521.7063	42.0602	621.9945	94.6296	640.8838	95.2778	647.3674	95.2778	651.6076	95.1620	
20/08/2017	00:08:52	011992	G488075634HLR	L488	S		614.4492	1.0292	10.0000	100.0903	39.8419	0.8430	0.8274	5.0000	18.7698	713.0718	94.9306	23.2892	24.3000	0.9300	0.9230	0.7087	-0.0007	713.0000	713.6892	1.0275	-2.6951	100.0523	39.6976	0.8230	0.8245	5.0000	-9999.0000	-9999.0000	-9999.0000	-9999.0000	-9999.0000	-9999.0000	20.0635	4	0	34.7184	1.0000	08	3	-9999.0000	32417	42763	-9999	2493	2378	-9999	493.3115	5	0.6920	0.7087	-0.0007	86.7448	0.4795	647.6287	485.4074	38.5185	617.5622	94.2824	640.6929	95.1157	647.0358	95.0926	652.2810	95.1157	
20/08/2017	00:09:25	011992	G488076629HLR	L488	S		615.3791	1.0292	10.0000	100.1019	39.8444	0.8430	0.8275	5.0000	18.6898	713.0607	94.9769	21.9093	24.3000	0.9300	0.9229	0.7083	-0.0007	713.0000	711.6441	1.0275	-2.7042	99.9809	39.8399	0.8230	0.8260	5.0000	-9999.0000	-9999.0000	-9999.0000	-9999.0000	-9999.0000	-9999.0000	19.3507	5	0	32.3387	1.0000	08	3	-9999.0000	32418	42764	-9999	2494	2379	-9999	494.0579	5	0.6919	0.7083	-0.0007	86.4336	0.4932	646.5188	509.1959	38.5648	615.1926	93.2870	640.3422	93.7731	645.9673	93.7963	651.7130	94.7917	
20/08/2017	00:09:58	011992	G488076626HLR	L488	S		617.7483	1.0292	10.0000	100.1205	39.8802	0.8430	0.8275	5.0000	18.8097	713.0444	94.9537	23.7491	24.2000	0.9300	0.9229	0.7082	-0.0007	713.0000	711.6422	1.0275	-2.7042	99.9059	39.9146	0.8230	0.8252	5.0000	-9999.0000	-9999.0000	-9999.0000	-9999.0000	-9999.0000	-9999.0000	19.4419	6	0	33.6891	1.0000	08	3	-9999.0000	32419	42764	-9999	2495	2380	-9999	493.0770	5	0.6919	0.7082	-0.0007	86.2339	0.4942	646.1629	470.4477	35.6250	610.5088	92.7083	639.8635	95.3241	645.3675	95.3241	650.6131	95.1852	
20/08/2017	00:10:31	011992	G488076627HLR	L488	S		614.7281	1.0292	10.0000	100.0972	39.8128	0.8430	0.8274	5.0000	18.9193	713.1497	94.9769	21.5793	24.2000	0.9300	0.9229	0.7092	-0.0007	713.0000	712.3850	1.0275	-2.7009	100.0150	39.6190	0.8230	0.8250	5.0000	-9999.0000	-9999.0000	-9999.0000	-9999.0000	-9999.0000	-9999.0000	20.0190	7	0	33.1091	1.0000	08	3	-9999.0000	32419	42765	-9999	2496	2381	-9999	494.2967	5	0.6919	0.7092	-0.0007	86.5661	0.4831	647.8392	485.5437	37.4537	613.0279	93.5185	640.9595	94.0741	647.2468	94.0972	652.6484	94.7685	
20/08/2017	00:11:01	011992	G488076631HLR	L488	S		615.7748	1.0292	10.0000	100.0427	39.8727	0.8430	0.8274	5.0000	19.1991	713.0575	94.9306	23.8487	24.1000	0.9300	0.9229	0.7095	-0.0008	713.0000	712.6132	1.0275	-2.6999	99.9089	40.0271	0.8230	0.8258	5.0000	-9999.0000	-9999.0000	-9999.0000	-9999.0000	-9999.0000	-9999.0000	20.3184	8	0	29.7387	1.0000	08	3	-9999.0000	32420	42766	-9999	2497	2382	-9999	493.0515	5	0.6919	0.7095	-0.0008	86.8105	0.4751	646.6617	502.0076	37.2685	612.1328	94.3287	638.9740	95.1157	646.0186	95.1157	649.8881	95.1852	
20/08/2017	00:11:34	011992	G488075637HLR	L488	S		617.4988	1.0292	10.0000	100.0669	39.8407	0.8430	0.8274	5.0000	18.5393	713.0539	95.0000	21.4894	24.1000	0.9300	0.9229	0.7092	-0.0007	713.0000	712.6972	1.0275	-2.6995	100.0325	39.6982	0.8230	0.8246	5.0000	-9999.0000	-9999.0000	-9999.0000	-9999.0000	-9999.0000	-9999.0000	19.5592	1	0	32.8282	1.0000	08	3	-9999.0000	32421	42767	-9999	2498	2383	-9999	494.3325	5	0.6919	0.7092	-0.0007	87.3662	0.4504	648.1315	489.7228	37.3380	612.4667	94.1667	641.4895	94.6528	647.1396	94.6528	652.5695	94.9537	
20/08/2017	00:12:12	011992	G488075639HLR	L488	S		620.1195	1.0292	10.0000	100.0969	39.8321	0.8430	0.8275	5.0000	18.8500	713.0570	94.9074	22.8497	24.0000	0.9300	0.9229	0.7096	-0.0008	713.0000	712.7541	1.0275	-2.6992	100.0505	39.7413	0.8230	0.8254	5.0000	-9999.0000	-9999.0000	-9999.0000	-9999.0000	-9999.0000	-9999.0000	21.0316	2	0	37.7690	1.0000	08	3	-9999.0000	32421	42768	-9999	2499	2384	-9999	493.6083	5	0.6919	0.7096	-0.0008	87.8467	0.4314	649.9387	467.6083	36.7593	618.5593	93.8194	644.2747	94.4444	649.2661	94.4907	653.7236	94.9306	
20/08/2017	00:12:48	011992	G488075638HLR	L488	S		613.7512	1.0292	10.0000	100.0832	39.8685	0.8430	0.8275	5.0000	18.9188	713.0854	94.9306	22.2091	24.0000	0.9300	0.9229	0.7086	-0.0007	713.0000	714.5550	1.0275	-2.6912	99.9340	39.9834	0.8230	0.8253	5.0000	-9999.0000	-9999.0000	-9999.0000	-9999.0000	-9999.0000	-9999.0000	20.0302	3	0	36.6989	1.0000	08	3	-9999.0000	32422	42769	-9999	2500	2385	-9999	493.9757	5	0.6918	0.7086	-0.0007	85.5619	0.5212	648.0141	525.2394	38.6111	609.9706	94.3287	640.6849	95.2546	647.3574	95.2315	652.0019	95.1852	
20/08/2017	00:13:24	011992	G488075632HLR	L488	S		623.2419	1.0292	10.0000	100.0184	39.8271	0.8430	0.8273	5.0000	19.0386	713.0654	94.9306	18.8684	23.9000	0.9300	0.9230	0.7100	-0.0008	713.0000	715.5687	1.0275	-2.6867	99.9161	39.6458	0.8230	0.8249	5.0000	-9999.0000	-9999.0000	-9999.0000	-9999.0000	-9999.0000	-9999.0000	19.5515	4	0	35.7683	1.0000	08	3	-9999.0000	32423	42769	-9999	2501	2386	-9999	495.6136	5	0.6919	0.7100	-0.0008	83.7394	0.5997	658.3417	515.2860	36.9444	620.7840	94.8611	651.4698	95.7639	657.6200	95.7639	663.1820	95.3241	
20/08/2017	00:13:56	011992	G488075635HLR	L488	S		617.4275	1.0292	10.0000	100.0851	39.8000	0.8430	0.8275	5.0000	18.7676	713.0643	94.9537	21.9992	23.8000	0.9300	0.9230	0.7093	-0.0008	713.0000	714.2568	1.0275	-2.6925	100.0002	39.9942	0.8230	0.8260	5.0000	-9999.0000	-9999.0000	-9999.0000	-9999.0000	-9999.0000	-9999.0000	19.4016	5	0	31.7985	1.0000	08	3	-9999.0000	32423	42770	-9999	2502	2387	-9999	494.0296	5	0.6918	0.7093	-0.0008	84.9337	0.5457	651.4376	478.3809	38.2870	613.8019	94.9537	642.2629	96.0417	648.6895	95.9954	653.4528	95.1852	
20/08/2017	00:14:28	011992	G488075642HLR	L488	S		613.1303	1.0292	10.0000	100.0799	39.8525	0.8430	0.8276	5.0000	18.6194	713.0204	94.9769	26.9893	23.7000	0.9300	0.9229	0.7098	-0.0008	713.0000	712.8543	1.0275	-2.6988	99.9328	39.6796	0.8230	0.8248	5.0000	-9999.0000	-9999.0000	-9999.0000	-9999.0000	-9999.0000	-9999.0000	19.4847	6	0	31.8593	1.0000	08	3	-9999.0000	32424	42771	-9999	2503	2388	-9999	491.2322	5	0.6917	0.7098	-0.0008	86.0361	0.5037	639.6326	528.8910	37.5000	608.8422	93.9352	633.1570	94.8843	639.1294	94.9306	644.0145	95.0926	
20/08/2017	00:14:57	011992	G488075644HLR	L488	S		615.2301	1.0292	10.0000	100.0539	39.8373	0.8430	0.8273	5.0000	19.0988	713.0399	94.9769	25.8389	23.7000	0.9300	0.9230	0.7084	-0.0007	713.0000	716.4699	1.0275	-2.6827	100.0487	39.8110	0.8230	0.8257	5.0000	-9999.0000	-9999.0000	-9999.0000	-9999.0000	-9999.0000	-9999.0000	20.3588	7	0	29.5791	1.0000	08	3	-9999.0000	32425	42771	-9999	2504	2389	-9999	491.7515	5	0.6917	0.7084	-0.0007	81.6776	0.6935	644.1455	464.9169	36.9907	608.9064	93.9120	637.3432	94.8843	643.5115	94.7917	648.1506	94.9769	
20/08/2017	00:15:27	011992	G488075660HLR	L488	S		620.1715	1.0292	10.0000	100.0934	39.8000	0.8430	0.8274	5.0000	19.0589	713.0482	94.9537	25.0694	23.7000	0.9300	0.9231	0.7079	-0.0007	713.0000	715.0880	1.0275	-2.6888	99.9619	39.9036	0.8230	0.8253	5.0000	-9999.0000	-9999.0000	-9999.0000	-9999.0000	-9999.0000	-9999.0000	19.4614	8	0	29.7681	1.0000	08	3	-9999.0000	32425	42772	-9999	2505	2390	-9999	492.1770	5	0.6917	0.7079	-0.0007	82.2933	0.6707	645.7016	494.3813	39.7222	614.1250	93.8657	638.3124	94.6065	644.8888	94.6296	649.2829	94.9537	
20/08/2017	00:15:59	011992	G488075661HLR	L488	S		617.6204	1.0292	10.0000	100.1248	39.8605	0.8430	0.8276	5.0000	18.6898	713.0732	95.0000	20.9592	23.8000	0.9300	0.9232	0.7063	-0.0006	713.0000	716.0278	1.0275	-2.6846	99.9375	39.6463	0.8230	0.8249	5.0000	-9999.0000	-9999.0000	-9999.0000	-9999.0000	-9999.0000	-9999.0000	19.6812	1	0	32.1394	1.0000	08	3	-9999.0000	32426	42773	-9999	2506	2391	-9999	494.2604	5	0.6914	0.7063	-0.0006	84.4782	0.5786	650.1525	509.1697	37.4537	616.2297	92.9861	642.9670	93.4491	649.9270	93.4722	654.1816	95.0231	
20/08/2017	00:16:30	011992	G488076628HLR	L488	S		616.2049	1.0292	10.0000	100.1001	39.8154	0.8430	0.8275	5.0000	18.7890	713.1033	95.0231	21.1692	23.8000	0.9300	0.9232	0.7074	-0.0007	713.0000	715.3945	1.0275	-2.6875	99.9666	39.8697	0.8230	0.8254	5.0000	-9999.0000	-9999.0000	-9999.0000	-9999.0000	-9999.0000	-9999.0000	21.1499	2	0	30.3085	1.0000	08	2	-9999.0000	32427	42774	-9999	2507	2392	-9999	494.0482	5	0.6913	0.7074	-0.0007	84.2313	0.5884	650.7998	496.5869	37.4769	621.6219	93.0556	643.5334	93.5185	650.2537	93.5648	654.6906	94.7222	
20/08/2017	00:17:05	011992	G488076707HLR	L488	S		619.7673	1.0292	10.0000	100.0752	39.8198	0.8430	0.8275	5.0000	18.9474	713.0179	94.9074	18.6985	23.9000	0.9300	0.9232	0.7087	-0.0007	713.0000	714.7015	1.0275	-2.6906	99.9531	39.8327	0.8230	0.8250	5.0000	-9999.0000	-9999.0000	-9999.0000	-9999.0000	-9999.0000	-9999.0000	19.4912	3	0	34.7691	1.0000	08	2	-9999.0000	32428	42775	-9999	2508	2393	-9999	495.1841	5	0.6912	0.7087	-0.0007	83.1743	0.6229	653.5042	515.2860	38.4954	618.3975	93.6806	646.2238	94.2361	653.0813	94.2361	658.3972	94.8380	
20/08/2017	00:17:32	011992	G488075636HLR	L488	S		621.7593	1.0292	10.0000	100.0681	39.8475	0.8430	0.8274	5.0000	18.9985	713.0268	94.8843	18.9788	23.9000	0.9300	0.9232	0.7078	-0.0007	713.0000	716.0987	1.0275	-2.6843	100.0256	39.7200	0.8230	0.8252	5.0000	-9999.0000	-9999.0000	-9999.0000	-9999.0000	-9999.0000	-9999.0000	19.5211	4	0	27.8281	1.0000	08	2	-9999.0000	32429	42776	-9999	2509	2394	-9999	495.2197	5	0.6912	0.7078	-0.0007	84.3897	0.5737	657.9525	497.5199	38.6343	620.2517	92.8935	650.1823	94.7917	657.2403	94.9306	662.5097	95.0926	
20/08/2017	00:18:03	011992	G488075651HLR	L488	S		615.3038	1.0292	10.0000	100.1069	39.8136	0.8430	0.8274	5.0000	18.8693	713.0842	95.0000	21.2795	24.0000	0.9300	0.9232	0.7067	-0.0007	713.0000	713.8389	1.0275	-2.6944	99.9842	39.9776	0.8230	0.8255	5.0000	-9999.0000	-9999.0000	-9999.0000	-9999.0000	-9999.0000	-9999.0000	19.5482	5	0	30.5993	1.0000	08	2	-9999.0000	32430	42777	-9999	2510	2395	-9999	493.9757	5	0.6912	0.7067	-0.0007	85.9072	0.5099	647.0283	483.7247	36.2731	615.8189	93.5417	640.0980	93.8657	646.4111	93.9352	652.0574	94.8148	
20/08/2017	00:18:36	011992	G488075643HLR	L488	S		623.3591	1.0292	10.0000	100.1046	39.8365	0.8430	0.8274	5.0000	18.8791	713.0618	94.9306	19.4895	24.0000	0.9300	0.9232	0.7065	-0.0007	713.0000	715.4058	1.0275	-2.6874	100.2098	39.7263	0.8230	0.8248	5.0000	-9999.0000	-9999.0000	-9999.0000	-9999.0000	-9999.0000	-9999.0000	19.3989	6	0	33.2791	1.0000	08	2	-9999.0000	32431	42778	-9999	2511	2396	-9999	494.7035	5	0.6914	0.7065	-0.0007	84.8382	0.5560	659.4005	460.7302	37.9861	625.8494	94.4907	652.7195	95.4861	658.8153	95.5324	662.9642	95.2778	
20/08/2017	00:19:08	011992	G488076644HLR	L488	S		618.5898	1.0292	10.0000	100.1674	39.8499	0.8430	0.8274	5.0000	18.8693	713.0571	94.9306	23.8595	24.1000	0.9300	0.9233	0.7048	-0.0006	713.0000	716.4573	1.0275	-2.6827	100.0087	39.8611	0.8230	0.8255	5.0000	-9999.0000	-9999.0000	-9999.0000	-9999.0000	-9999.0000	-9999.0000	20.1001	7	0	31.2985	1.0000	08	2	-9999.0000	32432	42779	-9999	2512	2396	-9999	492.5585	5	0.6914	0.7048	-0.0006	82.6116	0.6563	649.3768	501.9872	37.3148	619.6488	93.4491	643.8109	93.9583	648.9394	94.0046	653.6770	94.7685	
20/08/2017	00:19:43	011992	G488076704HLR	L488	S		621.9888	1.0292	10.0000	100.0776	39.8074	0.8430	0.8275	5.0000	18.5694	713.0308	95.0000	17.0492	24.2000	0.9300	0.9233	0.7048	-0.0006	713.0000	712.0793	1.0275	-2.7022	100.0166	39.9086	0.8230	0.8252	5.0000	-9999.0000	-9999.0000	-9999.0000	-9999.0000	-9999.0000	-9999.0000	19.3981	8	0	35.6592	1.0000	08	2	-9999.0000	32433	42780	-9999	2512	2397	-9999	495.3686	5	0.6914	0.7048	-0.0006	82.6116	0.6563	666.2521	478.8756	37.5694	626.6017	94.9537	655.9225	96.0417	663.1650	95.9954	668.1799	95.2083	
20/08/2017	00:20:12	011992	G488076693HLR	L488	S		622.9133	1.0292	10.0000	100.1724	39.8782	0.8430	0.8276	5.0000	18.6691	713.0553	94.9306	19.7698	24.2000	0.9300	0.9232	0.7030	-0.0005	713.0000	714.6127	1.0275	-2.6909	99.9920	39.7409	0.8230	0.8251	5.0000	-9999.0000	-9999.0000	-9999.0000	-9999.0000	-9999.0000	-9999.0000	19.4489	1	0	28.9985	1.0000	08	2	-9999.0000	32433	42780	-9999	2513	2398	-9999	494.2394	5	0.6916	0.7030	-0.0005	81.6763	0.6915	661.2710	527.0777	38.7963	630.9512	93.4954	654.0825	94.2824	660.7893	94.3287	665.2591	94.8611	
20/08/2017	00:20:40	011992	G488076646HLR	L488	S		615.2872	1.0292	10.0000	100.1009	39.8210	0.8430	0.8274	5.0000	18.7090	713.0530	94.9769	22.4786	24.3000	0.9300	0.9231	0.7040	-0.0006	713.0000	709.8306	1.0275	-2.7122	99.9524	39.9788	0.8230	0.8256	5.0000	-9999.0000	-9999.0000	-9999.0000	-9999.0000	-9999.0000	-9999.0000	19.6290	2	0	27.4817	1.0000	08	2	-9999.0000	32434	42780	-9999	2514	2398	-9999	493.1927	5	0.6914	0.7040	-0.0006	81.0666	0.7122	648.7409	514.1591	39.4213	616.5166	93.1481	642.7987	93.8657	648.3031	93.9120	652.8000	94.6759	
20/08/2017	00:21:10	011992	G488076651HLR	L488	S		619.2575	1.0292	10.0000	100.0686	39.8677	0.8430	0.8275	5.0000	18.9392	713.0498	94.9769	20.4992	24.3000	0.9300	0.9231	0.7047	-0.0006	713.0000	713.4720	1.0275	-2.6960	99.9882	39.7547	0.8230	0.8249	5.0000	-9999.0000	-9999.0000	-9999.0000	-9999.0000	-9999.0000	-9999.0000	19.1687	3	0	30.1256	1.0000	08	2	-9999.0000	32435	42781	-9999	2515	2399	-9999	493.9073	5	0.6916	0.7047	-0.0006	78.9553	0.7978	656.6799	488.4621	39.2361	624.0446	92.4769	649.2332	94.0509	656.0975	94.1204	659.9546	94.7917	
20/08/2017	00:21:38	011992	G488077511HLR	L488	S		608.9439	1.0292	10.0000	100.1405	39.8723	0.8430	0.8275	5.0000	18.7093	713.0249	94.9769	24.9092	24.3000	0.9300	0.9231	0.7044	-0.0006	713.0000	711.3158	1.0275	-2.7056	99.9609	39.8375	0.8230	0.8256	5.0000	-9999.0000	-9999.0000	-9999.0000	-9999.0000	-9999.0000	-9999.0000	19.2889	4	0	28.2600	1.0000	08	2	-9999.0000	32436	42782	-9999	2515	2400	-9999	492.1123	5	0.6917	0.7044	-0.0006	78.3492	0.8169	645.0366	497.0457	38.7731	616.4973	94.0278	639.1771	94.7222	644.3247	94.7917	649.3413	95.0463	
20/08/2017	00:22:13	011992	G488076708HLR	L488	S		624.5965	1.0292	10.0000	100.1136	39.8116	0.8430	0.8275	5.0000	18.8392	713.0127	94.9074	18.1400	24.3000	0.9300	0.9231	0.7039	-0.0005	713.0000	712.9178	1.0275	-2.6985	99.9634	39.9347	0.8230	0.8252	5.0000	-9999.0000	-9999.0000	-9999.0000	-9999.0000	-9999.0000	-9999.0000	19.6789	5	0	35.0677	1.0000	08	2	-9999.0000	32437	42782	-9999	2516	2401	-9999	494.8261	5	0.6918	0.7039	-0.0005	78.7750	0.7918	663.7796	518.7606	36.5278	629.3331	94.3981	656.6375	95.4167	663.1616	95.4861	667.8445	95.2778	
20/08/2017	00:22:46	011992	G488077518HLR	L488	S		623.5426	1.0292	10.0000	100.1164	39.9148	0.8430	0.8276	5.0000	18.8293	713.0305	94.9537	16.6791	24.3000	0.9300	0.9230	0.7039	-0.0005	713.0000	713.0418	1.0275	-2.6979	99.9646	39.7331	0.8230	0.8249	5.0000	-9999.0000	-9999.0000	-9999.0000	-9999.0000	-9999.0000	-9999.0000	19.3224	6	0	33.3386	1.0000	08	2	-9999.0000	32438	42783	-9999	2517	2402	-9999	495.4315	5	0.6918	0.7039	-0.0005	78.7750	0.7918	668.1168	513.9884	36.3194	633.4397	92.7083	659.0488	94.8380	667.2681	94.9306	671.0228	95.1157	
20/08/2017	00:23:17	011992	G488076635HLR	L488	S		620.9470	1.0292	10.0000	100.1117	39.8281	0.8430	0.8274	5.0000	18.6392	713.0682	94.9074	19.3293	24.3000	0.9300	0.9230	0.7025	-0.0005	713.0000	714.1709	1.0275	-2.6929	99.9701	39.9685	0.8230	0.8258	5.0000	-9999.0000	-9999.0000	-9999.0000	-9999.0000	-9999.0000	-9999.0000	19.4206	7	0	30.5101	1.0000	08	2	-9999.0000	32439	42784	-9999	2518	2403	-9999	494.3949	5	0.6919	0.7025	-0.0005	77.2098	0.8666	658.8012	512.4332	37.9861	625.3467	93.6111	651.9623	94.0972	658.0824	94.1898	662.7177	94.8611	
20/08/2017	00:23:54	011992	G488076718HLR	L488	S		623.1865	1.0292	10.0000	100.0899	39.8355	0.8430	0.8275	5.0000	19.0197	713.0712	94.9537	17.5199	24.3000	0.9300	0.9230	0.7027	-0.0005	713.0000	713.7100	1.0275	-2.6950	99.9702	39.7846	0.8230	0.8250	5.0000	-9999.0000	-9999.0000	-9999.0000	-9999.0000	-9999.0000	-9999.0000	19.3905	8	0	37.1075	1.0000	08	2	-9999.0000	32440	42785	-9999	2519	2404	-9999	494.9736	5	0.6920	0.7027	-0.0005	75.0229	0.9540	663.4742	496.0507	38.1019	630.4665	93.5880	657.7257	94.3750	662.6215	94.4676	668.3794	94.9306	
20/08/2017	00:24:28	011992	G488077517HLR	L488	S		610.6652	1.0292	10.0000	100.1288	39.9375	0.8430	0.8275	5.0000	18.7395	713.0356	94.9537	24.2491	24.2000	0.9300	0.9230	0.7029	-0.0005	713.0000	713.2391	1.0275	-2.6971	99.9549	39.8226	0.8230	0.8256	5.0000	-9999.0000	-9999.0000	-9999.0000	-9999.0000	-9999.0000	-9999.0000	19.2684	1	0	33.8385	1.0000	08	2	-9999.0000	32441	42786	-9999	2520	2405	-9999	492.6360	5	0.6921	0.7029	-0.0005	73.8268	1.0079	653.6232	483.8231	37.5231	619.4013	94.1898	646.5243	95.0463	652.9622	95.1620	656.8703	95.1852	
20/08/2017	00:24:59	011992	G488077514HLR	L488	S		611.1142	1.0292	10.0000	100.0879	39.8291	0.8430	0.8273	5.0000	18.6390	713.0387	94.9074	22.5294	24.2000	0.9300	0.9231	0.7024	-0.0005	713.0000	713.7083	1.0275	-2.6950	100.0319	39.8865	0.8230	0.8251	5.0000	-9999.0000	-9999.0000	-9999.0000	-9999.0000	-9999.0000	-9999.0000	19.6611	2	0	31.5896	1.0000	08	2	-9999.0000	32442	42787	-9999	2521	2406	-9999	493.2130	5	0.6920	0.7024	-0.0005	73.8924	1.0069	656.2445	498.1537	37.6389	619.1258	92.7315	648.3635	95.6713	655.3288	95.7176	661.1412	95.2546	
20/08/2017	00:25:32	011992	G488077520HLR	L488	S		611.0793	1.0292	10.0000	100.1476	39.8804	0.8430	0.8276	5.0000	18.7694	713.0675	94.9306	19.6389	24.2000	0.9300	0.9230	0.7022	-0.0005	713.0000	710.6842	1.0275	-2.7084	99.9730	39.7419	0.8230	0.8253	5.0000	-9999.0000	-9999.0000	-9999.0000	-9999.0000	-9999.0000	-9999.0000	19.2374	3	0	32.9987	1.0000	08	2	-9999.0000	32443	42788	-9999	2522	2407	-9999	494.1973	5	0.6920	0.7022	-0.0005	73.4236	1.0228	656.9877	522.4430	37.3380	622.4533	93.8657	649.1073	94.5602	656.4350	94.6528	661.0121	94.9769	
20/08/2017	00:26:00	011992	G488076634HLR	L488	S		612.5795	1.0292	10.0000	100.1284	39.8844	0.8430	0.8275	5.0000	18.7290	713.0417	95.0000	26.2685	24.2000	0.9300	0.9230	0.7026	-0.0005	713.0000	712.2097	1.0275	-2.7016	99.9811	39.9627	0.8230	0.8258	5.0000	-9999.0000	-9999.0000	-9999.0000	-9999.0000	-9999.0000	-9999.0000	19.4359	4	0	27.3487	1.0000	08	2	-9999.0000	32444	42789	-9999	2523	2408	-9999	491.8754	5	0.6919	0.7026	-0.0005	71.7872	1.1116	646.1310	500.4141	38.6806	617.8051	94.0046	640.0644	94.6065	645.2728	94.6759	650.4057	95.0000	
20/08/2017	00:26:32	011992	G488076665HLR	L488	S		616.1746	1.0292	10.0000	99.9892	39.8064	0.8430	0.8273	5.0000	19.1962	713.0747	94.9306	23.0587	24.2000	0.9300	0.9230	0.7026	-0.0005	713.0000	713.8423	1.0275	-2.6944	100.0301	39.7551	0.8230	0.8248	5.0000	-9999.0000	-9999.0000	-9999.0000	-9999.0000	-9999.0000	-9999.0000	19.6086	5	0	32.6384	1.0000	08	2	-9999.0000	32445	42790	-9999	2524	2409	-9999	492.9102	5	0.6919	0.7026	-0.0005	71.6553	1.1223	654.4790	491.2084	39.3056	622.3511	94.3056	647.1047	95.0694	653.9927	95.0926	658.2203	95.1389	
20/08/2017	00:27:01	011992	G488076717HLR	L488	S		612.9996	1.0292	10.0000	100.0946	39.9176	0.8430	0.8276	5.0000	18.7787	713.0339	95.0000	20.6291	24.2000	0.9300	0.9230	0.7033	-0.0005	713.0000	711.2717	1.0275	-2.7058	99.9451	39.7421	0.8230	0.8250	5.0000	-9999.0000	-9999.0000	-9999.0000	-9999.0000	-9999.0000	-9999.0000	20.9607	6	0	28.5390	1.0000	08	2	-9999.0000	32446	42791	-9999	2525	2410	-9999	493.6965	5	0.6920	0.7033	-0.0005	72.4736	1.0913	651.5098	466.6369	36.3889	618.9230	93.3102	644.6468	93.5417	650.7466	93.5648	656.2230	94.9537	
20/08/2017	00:27:37	011992	G488076703HLR	L488	S		616.1831	1.0292	10.0000	100.0974	39.8114	0.8430	0.8274	5.0000	18.7094	713.0810	94.9769	22.1291	24.2000	0.9300	0.9230	0.7031	-0.0005	713.0000	712.1473	1.0275	-2.7019	99.9613	40.0054	0.8230	0.8256	5.0000	-9999.0000	-9999.0000	-9999.0000	-9999.0000	-9999.0000	-9999.0000	19.4451	7	0	35.4985	1.0000	08	2	-9999.0000	32447	42792	-9999	2526	2411	-9999	493.2374	5	0.6919	0.7031	-0.0005	72.4435	1.0967	651.7248	492.4734	36.8981	618.9009	93.9815	644.6202	94.3981	651.3997	94.4444	655.5273	94.9074	
20/08/2017	00:28:10	011992	G488076873HLR	L488	S		625.8334	1.0292	10.0000	100.1120	39.8391	0.8430	0.8276	5.0000	18.9129	713.0847	95.0694	16.5697	24.2000	0.9300	0.9230	0.7031	-0.0005	713.0000	713.9557	1.0275	-2.6939	99.9809	39.7176	0.8230	0.8248	5.0000	-9999.0000	-9999.0000	-9999.0000	-9999.0000	-9999.0000	-9999.0000	19.2103	8	0	33.6795	1.0000	08	2	-9999.0000	32448	42793	-9999	2527	2412	-9999	495.2648	5	0.6919	0.7031	-0.0005	72.4435	1.0967	663.7694	511.2210	36.6898	629.5250	93.2407	657.3077	93.7269	663.2543	93.8426	668.8263	94.7685	
20/08/2017	00:28:42	011992	G488077500HLR	L488	S		615.8270	1.0292	10.0000	100.1162	39.9281	0.8430	0.8275	5.0000	18.7794	713.0494	94.9769	21.7687	24.1000	0.9300	0.9230	0.7035	-0.0005	713.0000	711.8681	1.0275	-2.7032	100.0723	39.9078	0.8230	0.8256	5.0000	-9999.0000	-9999.0000	-9999.0000	-9999.0000	-9999.0000	-9999.0000	19.7385	1	0	32.0487	1.0000	08	2	-9999.0000	32449	42794	-9999	2528	2413	-9999	493.2283	5	0.6919	0.7035	-0.0005	72.3775	1.1065	649.8930	491.6150	36.4583	613.7989	93.4954	642.4552	94.1435	649.4741	94.2361	653.8250	94.8380	
20/08/2017	00:29:15	011992	G488077510HLR	L488	S		618.1876	1.0292	10.0000	100.0800	39.8058	0.8430	0.8273	5.0000	18.7190	713.0321	94.9306	17.6898	24.2000	0.9300	0.9231	0.7035	-0.0005	713.0000	712.8395	1.0275	-2.6988	99.9616	39.8036	0.8230	0.8250	5.0000	-9999.0000	-9999.0000	-9999.0000	-9999.0000	-9999.0000	-9999.0000	19.5086	2	0	32.7087	1.0000	08	2	-9999.0000	32450	42795	-9999	2529	2414	-9999	494.7836	5	0.6918	0.7035	-0.0005	72.4461	1.1034	668.9616	532.2273	38.7037	629.7824	95.2315	657.9395	96.2963	664.9757	96.4120	669.2816	95.4167	
20/08/2017	00:29:43	011992	G488076660HLR	L488	Q		611.4965	1.0292	10.0000	100.1127	39.8435	0.8430	0.8276	5.0000	18.7585	713.0404	94.9537	24.6788	24.2000	0.9300	0.9231	0.7029	-0.0005	713.0000	711.0626	1.0275	-2.7068	100.1369	39.7976	0.8230	0.8254	5.0000	-9999.0000	-9999.0000	-9999.0000	-9999.0000	-9999.0000	-9999.0000	19.9791	3	0	27.5390	1.0000	08	2	-9999.0000	32451	42796	-9999	2530	2415	-9999	492.0779	5	0.6919	0.7029	-0.0005	70.5652	1.1955	643.8177	510.9292	36.9213	611.0438	91.2500	636.9050	93.9120	643.2745	93.9815	648.1313	94.7685	
20/08/2017	00:30:17	011992	G488076669HLR	L488	Q		613.1120	1.0292	10.0000	100.1053	39.8790	0.8430	0.8274	5.0000	19.1985	713.0097	94.9074	22.8487	24.3000	0.9300	0.9231	0.7032	-0.0005	713.0000	711.6912	1.0275	-2.7040	100.0650	39.8864	0.8230	0.8253	5.0000	-9999.0000	-9999.0000	-9999.0000	-9999.0000	-9999.0000	-9999.0000	19.9887	4	0	34.2492	1.0000	08	2	-9999.0000	32452	42796	-9999	2531	2416	-9999	492.6754	5	0.6919	0.7032	-0.0005	70.7703	1.1776	648.0847	488.5988	39.2593	616.9568	93.1019	641.5454	93.8657	647.6102	93.9120	652.1752	94.6759	
20/08/2017	00:30:50	011992	G488076654HLR	L488	S		615.2176	1.0292	10.0000	100.0799	39.8178	0.8430	0.8273	5.0000	19.1389	713.0339	95.0463	21.1798	24.3000	0.9300	0.9231	0.7035	-0.0005	713.0000	711.4146	1.0275	-2.7052	100.0469	39.7591	0.8230	0.8250	5.0000	-9999.0000	-9999.0000	-9999.0000	-9999.0000	-9999.0000	-9999.0000	19.3784	5	0	33.4540	1.0000	08	2	-9999.0000	32452	42797	-9999	2532	2417	-9999	493.4194	5	0.6920	0.7035	-0.0005	72.2513	1.1155	652.4032	470.3392	38.3796	618.0769	91.7361	644.6159	93.8657	651.7375	93.9120	656.0535	94.6991	
20/08/2017	00:31:24	011992	G488077563HLR	L488	S		611.3670	1.0292	10.0000	100.0174	39.8028	0.8430	0.8276	5.0000	18.6888	713.0337	95.0000	21.9591	24.4000	0.9300	0.9231	0.7030	-0.0005	713.0000	710.5445	1.0275	-2.7091	99.9416	39.9391	0.8230	0.8257	5.0000	-9999.0000	-9999.0000	-9999.0000	-9999.0000	-9999.0000	-9999.0000	19.3708	6	0	33.8026	1.0000	08	2	-9999.0000	32453	42798	-9999	2532	2418	-9999	493.1078	5	0.6920	0.7030	-0.0005	72.3178	1.1119	648.3850	521.6547	38.2639	618.4675	92.0833	640.4704	93.2870	647.8189	93.3333	653.2817	94.4444	
20/08/2017	00:31:56	011992	G488076712HLR	L488	S		622.8339	1.0292	10.0000	100.0976	39.9044	0.8430	0.8275	5.0000	19.0675	713.0232	95.0231	16.6595	24.4000	0.9300	0.9231	0.7030	-0.0005	713.0000	711.6921	1.0275	-2.7040	100.0525	39.7792	0.8230	0.8250	5.0000	-9999.0000	-9999.0000	-9999.0000	-9999.0000	-9999.0000	-9999.0000	19.3793	7	0	32.1839	1.0000	08	2	-9999.0000	32454	42799	-9999	2533	2419	-9999	495.1127	5	0.6920	0.7030	-0.0005	72.3178	1.1119	664.3264	517.7761	37.2685	629.8596	93.4722	655.8122	94.3519	663.3964	94.3981	668.1491	94.8611	
20/08/2017	00:32:30	011992	G488076656HLR	L488	S		611.7473	1.0292	10.0000	100.0631	39.8134	0.8430	0.8272	5.0000	19.5294	713.0366	94.9306	23.4493	24.5000	0.9300	0.9231	0.7015	-0.0004	713.0000	711.8472	1.0275	-2.7033	99.9480	39.8595	0.8230	0.8256	5.0000	-9999.0000	-9999.0000	-9999.0000	-9999.0000	-9999.0000	-9999.0000	19.5202	8	0	34.2941	1.0000	08	2	-9999.0000	32455	42800	-9999	2534	2420	-9999	492.6687	5	0.6923	0.7015	-0.0004	70.2617	1.2170	647.4915	501.6648	38.0093	617.3766	92.3611	640.8035	93.2176	646.8272	93.3333	651.9274	94.6991	
20/08/2017	00:33:04	011992	G488076650HLR	L488	S		614.5944	1.0292	10.0000	100.1251	39.8000	0.8430	0.8275	5.0000	18.7092	713.0424	94.9306	22.6085	24.6000	0.9300	0.9231	0.7002	-0.0004	713.0000	708.9806	1.0275	-2.7160	100.1185	39.8338	0.8230	0.8248	5.0000	-9999.0000	-9999.0000	-9999.0000	-9999.0000	-9999.0000	-9999.0000	21.0901	1	0	33.9289	1.0000	08	2	-9999.0000	32456	42800	-9999	2535	2421	-9999	493.1759	5	0.6925	0.7002	-0.0004	68.2486	1.3243	648.8282	517.1053	38.0556	617.3376	93.1481	643.0039	93.6111	648.4634	93.6806	653.8820	94.8843	
20/08/2017	00:33:38	011992	G488076659HLR	L488	S		613.9498	1.0292	10.0000	100.0956	39.9739	0.8430	0.8277	5.0000	18.7493	713.0197	94.9537	22.9289	24.6000	0.9300	0.9231	0.7009	-0.0004	713.0000	710.5449	1.0275	-2.7091	99.9672	39.8088	0.8230	0.8254	5.0000	-9999.0000	-9999.0000	-9999.0000	-9999.0000	-9999.0000	-9999.0000	19.2594	2	0	33.4981	1.0000	08	2	-9999.0000	32456	42801	-9999	2536	2422	-9999	493.2630	5	0.6927	0.7009	-0.0004	67.3797	1.3576	654.5698	491.0257	38.7963	621.1645	94.1204	647.0958	94.9306	653.8743	94.9769	657.7844	95.0926	
20/08/2017	00:34:13	011992	G488076662HLR	L488	S		615.0504	1.0292	10.0000	100.0603	39.8046	0.8430	0.8273	5.0000	18.7286	713.0109	94.9537	21.3488	24.7000	0.9300	0.9231	0.7009	-0.0004	713.0000	708.9285	1.0275	-2.7163	100.0638	39.8643	0.8230	0.8250	5.0000	-9999.0000	-9999.0000	-9999.0000	-9999.0000	-9999.0000	-9999.0000	20.9611	3	0	35.2682	1.0000	08	2	-9999.0000	32457	42802	-9999	2537	2423	-9999	493.7455	5	0.6927	0.7009	-0.0004	67.0474	1.3688	659.7163	520.6399	39.6528	624.9418	95.0926	649.6272	96.0880	656.4189	96.1111	660.5140	95.2546	
20/08/2017	00:34:51	011992	G488076663HLR	L488	S		613.2350	1.0292	10.0000	100.0898	39.8082	0.8430	0.8277	5.0000	18.8504	713.0369	94.9074	23.5792	24.7000	0.9300	0.9230	0.7008	-0.0004	713.0000	710.7261	1.0275	-2.7083	100.0228	39.7677	0.8230	0.8250	5.0000	-9999.0000	-9999.0000	-9999.0000	-9999.0000	-9999.0000	-9999.0000	20.0423	4	0	37.8688	1.0000	08	2	-9999.0000	32458	42803	-9999	2538	2424	-9999	493.2259	5	0.6928	0.7008	-0.0004	66.8885	1.3659	650.6323	510.7344	39.9769	618.8538	92.7083	644.4388	93.3333	650.0988	93.3565	654.0964	94.5370	
20/08/2017	00:35:26	011992	G488076648HLR	L488	S		614.3479	1.0292	10.0000	100.0595	39.9393	0.8430	0.8273	5.0000	19.9990	713.0851	94.9306	23.0890	24.7000	0.9300	0.9229	0.7009	-0.0004	713.0000	709.6536	1.0275	-2.7130	100.0024	39.9315	0.8230	0.8256	5.0000	-9999.0000	-9999.0000	-9999.0000	-9999.0000	-9999.0000	-9999.0000	19.3545	5	0	34.9889	1.0000	08	2	-9999.0000	32459	42804	-9999	2539	2425	-9999	493.5160	5	0.6929	0.7009	-0.0004	66.4869	1.3741	652.2469	523.6015	38.0324	622.1225	93.3333	645.8207	93.8889	651.8240	93.9352	655.9695	94.6991	
20/08/2017	00:35:59	011992	G488076649HLR	L488	S		613.2493	1.0292	10.0000	100.1215	39.8090	0.8430	0.8274	5.0000	18.7983	713.0646	94.8843	22.7492	24.7000	0.9300	0.9229	0.7009	-0.0004	713.0000	711.8549	1.0275	-2.7032	99.9503	39.7677	0.8230	0.8251	5.0000	-9999.0000	-9999.0000	-9999.0000	-9999.0000	-9999.0000	-9999.0000	19.6613	6	0	33.0582	1.0000	08	2	-9999.0000	32460	42805	-9999	2540	2426	-9999	493.6916	5	0.6930	0.7009	-0.0004	66.3491	1.3660	653.7477	502.9255	37.7083	619.8684	93.7037	646.7911	94.7222	653.2252	94.7222	657.9151	94.9769	
20/08/2017	00:36:32	011992	G488076643HLR	L488	S		613.6898	1.0292	10.0000	100.1125	39.8579	0.8430	0.8276	5.0000	18.8888	713.0747	94.9769	24.4288	24.6000	0.9300	0.9229	0.7009	-0.0004	713.0000	710.9963	1.0275	-2.7071	100.0617	39.8625	0.8230	0.8255	5.0000	-9999.0000	-9999.0000	-9999.0000	-9999.0000	-9999.0000	-9999.0000	19.9891	7	0	33.0985	1.0000	08	2	-9999.0000	32461	42805	-9999	2541	2427	-9999	493.3301	5	0.6931	0.7009	-0.0004	66.9347	1.3383	648.6393	493.2995	37.2454	617.2191	93.2176	641.9274	93.8426	648.0552	93.9352	652.4073	94.6991	
20/08/2017	00:37:01	011992	G488076640HLR	L488	S		612.9794	1.0292	10.0000	100.0977	39.9275	0.8430	0.8275	5.0000	18.7893	713.0432	94.9537	26.9794	24.6000	0.9300	0.9228	0.7000	-0.0003	713.0000	712.9957	1.0275	-2.6981	99.9957	39.8355	0.8230	0.8250	5.0000	-9999.0000	-9999.0000	-9999.0000	-9999.0000	-9999.0000	-9999.0000	19.9284	8	0	28.8993	1.0000	08	2	-9999.0000	32461	42806	-9999	2542	2428	-9999	492.7721	5	0.6934	0.7000	-0.0003	67.4216	1.3206	647.1068	514.6170	39.3519	615.2821	92.8472	641.0310	93.5185	646.6662	93.5880	651.5178	94.6528	
20/08/2017	00:37:35	011992	G488076641HLR	L488	S		611.8472	1.0292	10.0000	100.1111	39.8150	0.8430	0.8274	5.0000	18.6898	713.0533	94.9306	24.2393	24.6000	0.9300	0.9229	0.6994	-0.0003	713.0000	711.9603	1.0275	-2.7028	100.0335	39.7826	0.8230	0.8254	5.0000	-9999.0000	-9999.0000	-9999.0000	-9999.0000	-9999.0000	-9999.0000	19.5395	1	0	33.8591	1.0000	08	2	-9999.0000	32462	42807	-9999	2543	2429	-9999	493.7394	5	0.6933	0.6994	-0.0003	67.2426	1.3326	653.6623	537.9816	38.0324	621.4593	94.8148	646.4532	95.7176	652.7275	95.7870	656.7182	95.3241	
20/08/2017	00:38:07	011992	G488075721HLR	L488	S		612.5062	1.0292	10.0000	100.0998	39.8864	0.8430	0.8277	5.0000	18.8498	713.0540	94.9306	22.3293	24.6000	0.9300	0.9229	0.6993	-0.0003	713.0000	713.3060	1.0275	-2.6968	99.9765	39.8876	0.8230	0.8256	5.0000	-9999.0000	-9999.0000	-9999.0000	-9999.0000	-9999.0000	-9999.0000	19.2741	2	0	31.5292	1.0000	08	2	-9999.0000	32463	42808	-9999	2544	2430	-9999	494.1628	5	0.6934	0.6993	-0.0003	68.5830	1.2702	655.5836	498.6103	37.6157	623.0611	93.7269	648.5073	94.4907	655.0860	94.5602	661.5350	94.9537	
20/08/2017	00:38:42	011992	G488075633HLR	L488	S		614.8206	1.0292	10.0000	99.9702	39.8411	0.8430	0.8271	5.0000	20.2697	713.0541	94.9537	22.1886	24.5000	0.9300	0.9229	0.6998	-0.0003	713.0000	711.5427	1.0275	-2.7046	99.9643	39.7784	0.8230	0.8248	5.0000	-9999.0000	-9999.0000	-9999.0000	-9999.0000	-9999.0000	-9999.0000	20.1602	3	0	35.0981	1.0000	08	2	-9999.0000	32464	42808	-9999	2545	2431	-9999	494.2903	5	0.6932	0.6998	-0.0003	70.1284	1.2006	654.3646	478.9300	36.0880	619.5120	93.5185	647.3126	94.4907	653.7644	94.5602	658.1163	94.9306	
20/08/2017	00:39:18	011992	G488075641HLR	L488	S		621.5035	1.0292	10.0000	100.0892	39.8178	0.8430	0.8275	5.0000	18.8071	713.0407	94.9074	18.1390	24.5000	0.9300	0.9228	0.6997	-0.0003	713.0000	711.5876	1.0275	-2.7044	100.0415	39.7762	0.8230	0.8251	5.0000	-9999.0000	-9999.0000	-9999.0000	-9999.0000	-9999.0000	-9999.0000	20.8612	4	0	36.4391	1.0000	08	2	-9999.0000	32464	42809	-9999	2546	2432	-9999	495.0844	5	0.6933	0.6997	-0.0003	70.0988	1.2057	662.6590	483.8891	36.3889	623.7260	93.1019	656.2124	93.5417	662.1301	93.7037	667.5638	94.8611	
20/08/2017	00:39:51	011992	G488076636HLR	L488	S		617.9348	1.0292	10.0000	100.1375	39.9106	0.8430	0.8276	5.0000	18.8889	713.0622	94.9074	22.9386	24.5000	0.9300	0.9228	0.6996	-0.0003	713.0000	711.7639	1.0275	-2.7036	100.0038	39.9218	0.8230	0.8254	5.0000	-9999.0000	-9999.0000	-9999.0000	-9999.0000	-9999.0000	-9999.0000	19.4989	5	0	33.1794	1.0000	08	2	-9999.0000	32465	42810	-9999	2547	2433	-9999	494.1374	5	0.6933	0.6996	-0.0003	70.7343	1.1790	653.0556	483.9542	38.0787	618.8096	93.4722	646.4105	94.0972	652.5335	94.2361	657.6939	94.8148	
20/08/2017	00:40:26	011992	G488076630HLR	L488	S		615.6647	1.0292	10.0000	99.9520	39.7966	0.8430	0.8270	5.0000	20.2385	713.0722	94.9769	20.7092	24.4000	0.9300	0.9229	0.6997	-0.0003	713.0000	712.3343	1.0275	-2.7011	100.0546	39.6517	0.8230	0.8245	5.0000	-9999.0000	-9999.0000	-9999.0000	-9999.0000	-9999.0000	-9999.0000	21.4595	6	0	34.8874	1.0000	08	2	-9999.0000	32466	42811	-9999	2548	2434	-9999	494.6393	5	0.6933	0.6997	-0.0003	72.2696	1.1139	658.8995	488.7784	38.1713	622.9218	94.0509	652.9817	94.7222	658.3983	94.8843	662.8446	95.0926	
20/08/2017	00:41:08	011992	G488075645HLR	L488	S		615.5469	1.0292	10.0000	100.1139	39.8555	0.8430	0.8277	5.0000	18.7384	713.0473	94.9537	24.2686	24.4000	0.9300	0.9228	0.7004	-0.0003	713.0000	714.3411	1.0275	-2.6922	99.9526	39.9433	0.8230	0.8259	5.0000	-9999.0000	-9999.0000	-9999.0000	-9999.0000	-9999.0000	-9999.0000	19.4087	7	0	41.9486	1.0000	08	2	-9999.0000	32467	42812	-9999	2549	2435	-9999	493.9098	5	0.6934	0.7004	-0.0003	72.0894	1.1208	653.8966	511.6438	37.3611	622.2036	93.9583	646.9236	94.6528	653.1671	94.7685	657.7111	95.0463	
20/08/2017	00:41:45	011992	G488075720HLR	L488	S		613.3734	1.0292	10.0000	100.0614	39.8938	0.8430	0.8275	5.0000	18.6194	713.0576	95.0000	25.6094	24.3000	0.9300	0.9228	0.7009	-0.0003	713.0000	711.8551	1.0275	-2.7032	99.9177	39.7627	0.8230	0.8246	5.0000	-9999.0000	-9999.0000	-9999.0000	-9999.0000	-9999.0000	-9999.0000	20.0087	8	0	37.2887	1.0000	08	2	-9999.0000	32468	42813	-9999	2550	2436	-9999	493.6222	5	0.6934	0.7009	-0.0003	72.6482	1.0913	649.8148	538.2160	37.1296	618.3173	94.5139	643.6005	95.2778	649.2937	95.4167	654.1790	95.2778	
20/08/2017	00:42:11	011992	G488076127HLR	L488	S		611.9753	1.0292	10.0000	99.9987	39.8236	0.8430	0.8275	5.0000	18.3891	713.0368	94.9074	22.3586	24.3000	0.9300	0.9229	0.7020	-0.0004	713.0000	713.0289	1.0275	-2.6980	99.9357	39.8653	0.8230	0.8259	5.0000	-9999.0000	-9999.0000	-9999.0000	-9999.0000	-9999.0000	-9999.0000	19.1700	1	0	25.6895	1.0000	08	2	-9999.0000	32469	42814	-9999	2551	2437	-9999	494.3868	5	0.6935	0.7020	-0.0004	74.1173	1.0308	655.5403	527.9028	38.3565	620.2024	94.3981	648.1360	95.2778	654.7925	95.3241	658.1928	95.2546	
20/08/2017	00:42:49	011992	G488075666HLR	L488	S		615.0571	1.0292	10.0000	100.0868	39.8842	0.8430	0.8277	5.0000	18.9286	713.0388	95.1157	24.1593	24.3000	0.9300	0.9229	0.7018	-0.0004	713.0000	714.7858	1.0275	-2.6902	100.0072	39.8263	0.8230	0.8251	5.0000	-9999.0000	-9999.0000	-9999.0000	-9999.0000	-9999.0000	-9999.0000	19.3304	2	0	37.4783	1.0000	08	2	-9999.0000	32470	42815	-9999	2552	2438	-9999	493.9399	5	0.6935	0.7018	-0.0004	74.9445	0.9860	652.5617	483.2390	39.6991	622.5405	93.6806	645.3173	94.3287	652.1985	94.4213	655.7918	94.8611	
20/08/2017	00:43:24	011992	G488075663HLR	L488	S		596.0503	1.0292	9.0347	100.0818	39.8451	0.8430	0.8275	5.0000	18.7786	700.7991	94.9769	31.0086	24.2000	0.9300	0.9229	0.7013	-0.0003	713.0000	699.7910	1.0275	-2.7569	99.8654	39.6411	0.8230	0.8250	5.0000	-9999.0000	-9999.0000	-9999.0000	-9999.0000	-9999.0000	-9999.0000	19.8012	3	34	35.2982	1.0000	08	2	-9999.0000	32471	42816	-9999	2553	2439	-9999	483.6689	5	0.6936	0.7013	-0.0003	75.4744	0.9529	627.8985	486.7032	37.8009	598.4242	94.4444	622.1021	95.1620	627.2890	95.2083	631.0371	95.1620	
20/08/2017	00:43:58	011992	G488076012HLR	L488	S		616.9124	1.0292	10.0000	100.1020	39.8112	0.8430	0.8275	5.0000	18.8787	713.0725	94.9769	26.4190	24.3000	0.9300	0.9230	0.7009	-0.0003	713.0000	714.4577	1.0275	-2.6916	99.9319	40.0417	0.8230	0.8257	5.0000	-9999.0000	-9999.0000	-9999.0000	-9999.0000	-9999.0000	-9999.0000	19.4411	4	0	33.9597	1.0000	10	2	-9999.0000	32472	42817	-9999	2554	2440	-9999	493.6801	5	0.6935	0.7009	-0.0003	74.1794	1.0109	651.6319	530.4260	37.7778	619.7536	94.1667	644.7496	94.6528	651.2912	94.7222	654.3624	95.0000	
20/08/2017	00:44:40	011992	G488077566HLR	L488	S		0.0000	0.0000	0.0000	0.0000	0.0000	0.8430	0.0000	0.0000	0.0000	0.0000	0.0000	0.0000	0.0000	0.9300	0.0000	0.0000	0.0000	0.0000	0.0000	0.0000	0.0000	0.0000	0.0000	0.8230	0.0000	0.0000	0.0000	0.0000	0.0000	0.0000	0.0000	0.0000	0.0000	0	42	33.9597	1.0000	10	2	0.0000	0	0	0	0	0	0	0.0000	0	0.0000	0.0000	0.0000	0.0000	0.0000	0.0000	0.0000	0.0000	0.0000	0.0000	0.0000	0.0000	0.0000	0.0000	0.0000	0.0000	
20/08/2017	00:45:02	011992	G488077552HLR	L488	S		622.9348	1.0292	10.0000	99.9814	39.8766	0.8430	0.8275	5.0000	18.4392	713.0541	94.9769	14.8891	24.4000	0.9300	0.9231	0.7009	-0.0003	713.0000	712.8789	1.0275	-2.6987	99.9958	39.6593	0.8230	0.8249	5.0000	-9999.0000	-9999.0000	-9999.0000	-9999.0000	-9999.0000	-9999.0000	19.6058	5	0	64.1967	1.0000	10	2	-9999.0000	32473	42818	-9999	2555	2441	-9999	496.3220	5	0.6935	0.7009	-0.0003	74.1794	1.0109	676.5624	479.7938	36.8750	631.4916	94.8611	665.9182	96.1111	672.6143	96.0880	677.8901	95.3472	
20/08/2017	00:45:41	011992	G488075991HLR	L488	S		612.8762	1.0292	10.0000	100.0664	39.8000	0.8430	0.8275	5.0000	18.8801	713.0685	94.9537	26.5889	24.4000	0.9300	0.9230	0.7002	-0.0003	713.0000	714.6776	1.0275	-2.6907	100.0038	39.9599	0.8230	0.8261	5.0000	-9999.0000	-9999.0000	-9999.0000	-9999.0000	-9999.0000	-9999.0000	19.4685	6	0	39.0094	1.0000	10	2	-9999.0000	32474	42819	-9999	2556	2442	-9999	493.5955	5	0.6936	0.7002	-0.0003	74.7304	0.9881	650.7175	521.0984	38.2407	623.4329	93.2639	644.5693	94.1204	650.2679	94.2130	654.0800	94.8380	
20/08/2017	00:46:14	011992	G488075993HLR	L488	S		615.3505	1.0292	10.0000	100.0364	39.8110	0.8430	0.8275	5.0000	19.4796	713.0308	94.9769	24.4893	24.5000	0.9300	0.9231	0.7007	-0.0003	713.0000	714.3218	1.0275	-2.6922	100.0400	39.5463	0.8230	0.8249	5.0000	-9999.0000	-9999.0000	-9999.0000	-9999.0000	-9999.0000	-9999.0000	19.7888	7	0	32.7086	1.0000	10	2	-9999.0000	32475	42820	-9999	2557	2443	-9999	494.1070	5	0.6935	0.7007	-0.0003	75.0129	0.9662	655.4263	510.0542	38.7269	625.9577	93.5880	650.2995	94.5833	655.0008	94.6296	659.4179	94.9769	
20/08/2017	00:46:43	011992	G488075997HLR	L488	S		613.1302	1.0292	10.0000	100.1103	39.9345	0.8430	0.8275	5.0000	18.7283	713.0655	94.9306	23.2091	24.6000	0.9300	0.9230	0.7010	-0.0003	713.0000	711.8608	1.0275	-2.7032	100.0379	40.0778	0.8230	0.8260	5.0000	-9999.0000	-9999.0000	-9999.0000	-9999.0000	-9999.0000	-9999.0000	20.2594	8	0	29.7037	1.0000	10	2	-9999.0000	32476	42821	-9999	2558	2444	-9999	494.3981	5	0.6936	0.7010	-0.0003	75.4753	0.9469	651.1483	500.6391	39.6065	620.4914	92.0370	645.1752	92.5000	650.3885	92.5231	655.5588	95.6019	
20/08/2017	00:47:19	011992	G488076009HLR	L488	S		614.9364	1.0292	10.0000	100.0464	39.7353	0.8430	0.8275	5.0000	18.5752	713.0323	94.9074	23.7696	24.6000	0.9300	0.9230	0.7023	-0.0004	713.0000	714.1377	1.0275	-2.6931	99.9872	39.7002	0.8230	0.8248	5.0000	-9999.0000	-9999.0000	-9999.0000	-9999.0000	-9999.0000	-9999.0000	19.1552	1	0	36.1036	1.0000	10	2	-9999.0000	32477	42822	-9999	2559	2445	-9999	494.2263	5	0.6935	0.7023	-0.0004	76.8124	0.8951	654.7107	509.8904	36.3657	621.3126	93.7731	648.6232	94.7222	654.1266	94.8148	658.5570	95.0463	
20/08/2017	00:47:54	011992	G488075994HLR	L488	S		617.6763	1.0292	10.0000	100.0894	39.9930	0.8430	0.8279	5.0000	18.7284	713.0602	94.9537	28.1395	24.6000	0.9300	0.9232	0.7025	-0.0004	713.0000	714.0319	1.0275	-2.6935	99.9266	39.7898	0.8230	0.8258	5.0000	-9999.0000	-9999.0000	-9999.0000	-9999.0000	-9999.0000	-9999.0000	19.5099	2	0	34.9791	1.0000	10	2	-9999.0000	32478	42823	-9999	2560	2446	-9999	493.0305	5	0.6935	0.7025	-0.0004	76.8468	0.8945	646.1354	480.1064	37.5926	617.6722	92.0370	639.8534	92.9398	645.8200	93.1019	650.0659	94.6065	
20/08/2017	00:48:31	011992	G488075987HLR	L488	S		614.2152	1.0292	10.0000	99.9440	39.6263	0.8430	0.8268	5.0000	20.7990	713.0536	94.9769	21.9093	24.6000	0.9300	0.9229	0.7032	-0.0004	713.0000	712.6984	1.0275	-2.6995	100.0131	39.9535	0.8230	0.8252	5.0000	-9999.0000	-9999.0000	-9999.0000	-9999.0000	-9999.0000	-9999.0000	19.5200	3	0	36.2985	1.0000	10	2	-9999.0000	32478	42823	-9999	2561	2447	-9999	494.7381	5	0.6935	0.7032	-0.0004	75.6410	0.9453	654.7047	529.5095	40.0463	624.8175	92.9630	648.6364	93.7037	653.9517	93.7269	658.4890	94.7454	
20/08/2017	00:49:08	011992	G488077547HLR	L488	S		624.2935	1.0292	10.0000	100.0859	40.0000	0.8430	0.8281	5.0000	18.7792	713.0664	94.9306	18.9388	24.6000	0.9300	0.9228	0.7032	-0.0004	713.0000	715.6113	1.0275	-2.6865	100.0480	39.6397	0.8230	0.8252	5.0000	-9999.0000	-9999.0000	-9999.0000	-9999.0000	-9999.0000	-9999.0000	19.3509	4	0	36.9986	1.0000	10	2	-9999.0000	32479	42824	-9999	2562	2448	-9999	495.7601	5	0.6935	0.7032	-0.0004	75.6786	0.9444	663.9816	520.1234	36.8519	633.6543	92.6389	657.0451	94.1435	663.6370	94.2824	667.5108	94.8148	
20/08/2017	00:49:44	011992	G488076002HLR	L488	S		616.0655	1.0292	10.0000	100.0797	39.9164	0.8430	0.8272	5.0000	18.6389	713.0557	95.0000	25.2090	24.5000	0.9300	0.9228	0.7036	-0.0004	713.0000	713.5069	1.0275	-2.6959	100.0317	40.0020	0.8230	0.8258	5.0000	-9999.0000	-9999.0000	-9999.0000	-9999.0000	-9999.0000	-9999.0000	19.8109	5	0	35.8580	1.0000	10	2	-9999.0000	32480	42825	-9999	2563	2449	-9999	493.8360	5	0.6934	0.7036	-0.0004	76.8806	0.8851	650.1162	473.3384	37.5694	618.2475	93.6574	643.9257	94.0972	649.1988	94.1667	654.1451	94.8148	
20/08/2017	00:50:21	011992	G488077555HLR	L488	S		615.5465	1.0292	10.0000	100.0158	39.6443	0.8430	0.8272	5.0000	19.3392	713.0593	94.9537	24.1387	24.5000	0.9300	0.9228	0.7038	-0.0004	713.0000	714.6443	1.0275	-2.6908	99.9957	39.6796	0.8230	0.8250	5.0000	-9999.0000	-9999.0000	-9999.0000	-9999.0000	-9999.0000	-9999.0000	19.2493	6	0	37.7690	1.0000	10	2	-9999.0000	32481	42826	-9999	2564	2450	-9999	494.1422	5	0.6934	0.7038	-0.0004	77.2927	0.8699	652.7686	471.2097	38.7731	617.2190	94.3056	646.9013	95.1157	652.2803	95.1620	656.5484	95.1852	
20/08/2017	00:50:55	011992	G488075992HLR	L488	S		611.0915	1.0292	10.0000	100.0836	40.0313	0.8430	0.8280	5.0000	18.9992	713.0817	94.9769	25.5185	24.4000	0.9300	0.9228	0.7030	-0.0004	713.0000	714.4848	1.0275	-2.6915	100.0518	39.9092	0.8230	0.8258	5.0000	-9999.0000	-9999.0000	-9999.0000	-9999.0000	-9999.0000	-9999.0000	19.8402	7	0	33.5086	1.0000	10	2	-9999.0000	32482	42827	-9999	2565	2451	-9999	493.7753	5	0.6934	0.7030	-0.0004	75.9692	0.9187	646.6146	505.1771	36.7130	612.7816	94.2361	639.9280	94.9306	645.7206	94.9537	650.2870	95.0926	
20/08/2017	00:51:27	011992	G488076000HLR	L488	S		610.3028	1.0292	10.0000	100.0216	39.7980	0.8430	0.8271	5.0000	18.6389	713.0531	94.9769	26.1592	24.3000	0.9300	0.9227	0.7034	-0.0004	713.0000	714.1424	1.0275	-2.6930	100.0046	39.7243	0.8230	0.8248	5.0000	-9999.0000	-9999.0000	-9999.0000	-9999.0000	-9999.0000	-9999.0000	19.8667	8	0	32.5788	1.0000	10	2	-9999.0000	32483	42828	-9999	2566	2452	-9999	493.5306	5	0.6933	0.7034	-0.0004	78.1857	0.8244	646.6645	488.0267	39.4907	611.1043	93.1250	638.8585	94.5833	645.8244	94.6528	649.9566	95.0000	
20/08/2017	00:51:59	011992	G488075996HLR	L488	S		614.7513	1.0292	10.0000	100.0624	39.8000	0.8430	0.8278	5.0000	19.1595	713.0652	94.9769	25.0489	24.2000	0.9300	0.9228	0.7035	-0.0004	713.0000	714.9139	1.0275	-2.6896	99.9669	39.7958	0.8230	0.8258	5.0000	-9999.0000	-9999.0000	-9999.0000	-9999.0000	-9999.0000	-9999.0000	19.6715	1	0	31.1785	1.0000	10	2	-9999.0000	32484	42829	-9999	2567	2453	-9999	493.8652	5	0.6932	0.7035	-0.0004	77.9840	0.8306	650.3731	492.1423	39.5833	617.0743	94.3056	643.2532	94.9074	649.5852	95.0000	654.5285	95.1620	
20/08/2017	00:52:31	011992	G488075979HLR	L488	S		616.8054	1.0292	10.0000	100.1060	39.9822	0.8430	0.8276	5.0000	18.7191	713.0269	94.9537	26.8086	24.1000	0.9300	0.9228	0.7034	-0.0004	713.0000	719.3221	1.0275	-2.6700	100.0184	39.8998	0.8230	0.8253	5.0000	-9999.0000	-9999.0000	-9999.0000	-9999.0000	-9999.0000	-9999.0000	19.5578	2	0	31.8992	1.0000	10	2	-9999.0000	32485	42829	-9999	2568	2454	-9999	493.2427	5	0.6931	0.7034	-0.0004	77.4624	0.8625	654.2471	488.4742	39.3056	623.5457	94.5139	646.8620	95.3704	653.7091	95.4630	657.0678	95.3009	
20/08/2017	00:52:55	011992	G488075986HLR	L488	S		612.6784	1.0292	10.0000	99.9915	39.7226	0.8430	0.8274	5.0000	18.4887	713.0531	94.9537	22.6691	24.1000	0.9300	0.9228	0.7035	-0.0004	713.0000	717.1773	1.0275	-2.6795	99.9356	39.6447	0.8230	0.8249	5.0000	-9999.0000	-9999.0000	-9999.0000	-9999.0000	-9999.0000	-9999.0000	20.1920	3	0	24.8373	1.0000	10	2	-9999.0000	32485	42830	-9999	2569	2455	-9999	494.4967	5	0.6930	0.7035	-0.0004	76.5769	0.9075	657.4407	489.0387	38.0093	622.3159	94.1204	649.7516	94.9306	657.0649	95.0000	660.5441	95.1620	
20/08/2017	00:53:35	011992	G488077551HLR	L488	S		615.0876	1.0292	10.0000	99.9605	39.8946	0.8430	0.8274	5.0000	20.6388	713.0360	94.9769	21.7687	24.0000	0.9300	0.9228	0.7032	-0.0004	713.0000	716.7432	1.0275	-2.6815	99.9776	39.9228	0.8230	0.8257	5.0000	-9999.0000	-9999.0000	-9999.0000	-9999.0000	-9999.0000	-9999.0000	20.0693	4	0	39.0705	1.0000	10	2	-9999.0000	32486	42831	-9999	2570	2456	-9999	494.7282	5	0.6928	0.7032	-0.0004	76.8143	0.9033	654.5356	485.1721	37.9398	617.4575	93.6343	647.6188	94.2824	653.6850	94.3287	658.2244	94.8843	
20/08/2017	00:54:09	011992	G488077557HLR	L488	S		616.7049	1.0292	10.0000	100.0586	39.8228	0.8430	0.8273	5.0000	18.9497	713.1157	94.9537	20.3684	24.0000	0.9300	0.9228	0.7032	-0.0004	713.0000	716.9222	1.0275	-2.6807	99.9899	39.8192	0.8230	0.8250	5.0000	-9999.0000	-9999.0000	-9999.0000	-9999.0000	-9999.0000	-9999.0000	19.3399	5	0	34.0790	1.0000	10	2	-9999.0000	32487	42832	-9999	2571	2457	-9999	495.1648	5	0.6926	0.7032	-0.0004	76.5446	0.9179	657.7212	486.9171	37.6389	620.0583	93.6343	649.8989	94.2824	656.8321	94.3287	662.8401	94.8843	
20/08/2017	00:54:41	011992	G488077565HLR	L488	S		618.4617	1.0292	10.0000	99.9997	39.7932	0.8430	0.8276	5.0000	18.5197	713.0505	94.9769	21.0490	23.9000	0.9300	0.9228	0.7029	-0.0004	713.0000	716.3672	1.0275	-2.6831	99.8780	39.8104	0.8230	0.8255	5.0000	-9999.0000	-9999.0000	-9999.0000	-9999.0000	-9999.0000	-9999.0000	19.2422	6	0	32.7279	1.0000	10	2	-9999.0000	32488	42833	-9999	2572	2458	-9999	494.8352	5	0.6924	0.7029	-0.0004	77.1136	0.9021	656.9572	491.3287	37.6852	622.5565	93.8889	649.8622	94.5370	656.4630	94.6065	660.7943	94.9306	
20/08/2017	00:55:50	011992	G488077592HLR	L488	S		599.4048	1.0292	9.3251	100.0062	39.8397	0.8430	0.8275	5.0000	18.5202	713.0441	95.0231	28.2695	23.8000	0.9300	0.9230	0.7016	-0.0004	713.0000	714.2750	1.0275	-2.6925	99.9026	39.5795	0.8230	0.8247	5.0000	-9999.0000	-9999.0000	-9999.0000	-9999.0000	-9999.0000	-9999.0000	19.7491	8	0	32.5584	1.0000	10	2	-9999.0000	32490	42834	-9999	2574	2459	-9999	492.4691	5	0.6922	0.7016	-0.0004	80.1120	0.7899	639.2348	501.6938	38.5417	608.0482	93.2639	632.7386	93.6343	638.6297	93.7500	643.5453	94.6759	
20/08/2017	00:57:09	011992	G488077553HLR	L488	S		0.0000	0.0000	0.0000	0.0000	0.0000	0.8430	0.0000	0.0000	0.0000	0.0000	0.0000	0.0000	0.0000	0.9300	0.0000	0.0000	0.0000	0.0000	0.0000	0.0000	0.0000	0.0000	0.0000	0.8230	0.0000	0.0000	0.0000	0.0000	0.0000	0.0000	0.0000	0.0000	0.0000	0	42	32.5584	1.0000	10	2	0.0000	0	0	0	0	0	0	0.0000	0	0.0000	0.0000	0.0000	0.0000	0.0000	0.0000	0.0000	0.0000	0.0000	0.0000	0.0000	0.0000	0.0000	0.0000	0.0000	0.0000	
20/08/2017	00:58:59	011992	G488077549HLR	L488	S		0.0000	0.0000	0.0000	0.0000	0.0000	0.8430	0.0000	0.0000	0.0000	0.0000	0.0000	0.0000	0.0000	0.9300	0.0000	0.0000	0.0000	0.0000	0.0000	0.0000	0.0000	0.0000	0.0000	0.8230	0.0000	0.0000	0.0000	0.0000	0.0000	0.0000	0.0000	0.0000	0.0000	0	42	32.5584	1.0000	10	2	0.0000	0	0	0	0	0	0	0.0000	0	0.0000	0.0000	0.0000	0.0000	0.0000	0.0000	0.0000	0.0000	0.0000	0.0000	0.0000	0.0000	0.0000	0.0000	0.0000	0.0000	
20/08/2017	00:59:19	011992	G488075990HLR	L488	S		612.7301	1.0292	10.0000	100.0544	39.7451	0.8430	0.8274	5.0000	18.7783	713.0169	94.9074	23.2286	23.8000	0.9300	0.9231	0.7011	-0.0004	713.0000	716.5937	1.0275	-2.6821	100.0106	39.9772	0.8230	0.8265	5.0000	-9999.0000	-9999.0000	-9999.0000	-9999.0000	-9999.0000	-9999.0000	19.1610	1	0	208.6719	1.0000	10	2	-9999.0000	32491	42834	-9999	2575	2460	-9999	493.7965	5	0.6922	0.7011	-0.0004	79.6698	0.8142	653.3110	479.2511	36.8519	617.5911	94.0046	646.5985	94.4676	652.6497	94.4907	657.9460	94.9074	
20/08/2017	00:59:54	011992	G488075983HLR	L488	S		617.7416	1.0292	10.0000	100.0897	39.9681	0.8430	0.8278	5.0000	18.6894	713.0270	94.9537	21.9289	23.9000	0.9300	0.9231	0.7011	-0.0004	713.0000	717.1690	1.0275	-2.6796	99.9000	39.7663	0.8230	0.8249	5.0000	-9999.0000	-9999.0000	-9999.0000	-9999.0000	-9999.0000	-9999.0000	19.1996	2	0	34.9489	1.0000	10	2	-9999.0000	32491	42835	-9999	2576	2461	-9999	494.0687	5	0.6922	0.7011	-0.0004	79.6698	0.8142	657.8621	504.2761	37.0139	622.6720	94.2130	650.3785	94.6759	657.4072	94.6991	661.4059	95.0000	
20/08/2017	01:00:19	011992	G488076013HLR	L488	S		615.7323	1.0292	10.0000	100.0846	39.7683	0.8430	0.8273	5.0000	18.7092	713.0182	94.9769	25.6592	23.9000	0.9300	0.9231	0.7016	-0.0004	713.0000	718.0399	1.0275	-2.6757	99.9806	39.7780	0.8230	0.8262	5.0000	-9999.0000	-9999.0000	-9999.0000	-9999.0000	-9999.0000	-9999.0000	19.7003	3	0	25.1094	1.0000	10	2	-9999.0000	32492	42836	-9999	2577	2461	-9999	493.0485	5	0.6920	0.7016	-0.0004	79.4390	0.8242	653.8391	489.8385	35.6019	618.4498	94.1667	647.2072	94.8148	653.5159	94.8611	657.3134	95.0463	
20/08/2017	01:01:01	011992	G488077528HLR	L488	S		615.5278	1.0292	10.0000	100.0175	39.8251	0.8430	0.8278	5.0000	18.7298	713.0524	94.9537	21.6886	24.0000	0.9300	0.9231	0.7013	-0.0004	713.0000	712.0365	1.0275	-2.7024	99.8838	39.7371	0.8230	0.8254	5.0000	-9999.0000	-9999.0000	-9999.0000	-9999.0000	-9999.0000	-9999.0000	20.1782	4	0	41.9681	1.0000	10	2	-9999.0000	32493	42837	-9999	2578	2462	-9999	494.1745	5	0.6919	0.7013	-0.0004	79.2436	0.8345	652.4281	509.4244	37.9630	612.7437	94.2361	645.2856	94.9074	651.6927	94.9769	655.9036	95.1157	
20/08/2017	01:01:37	011992	G488075640HLR	L488	S		616.0858	1.0292	10.0000	100.0761	39.9054	0.8430	0.8275	5.0000	18.8888	713.0483	94.8843	23.2189	24.0000	0.9300	0.9231	0.7005	-0.0004	713.0000	712.8167	1.0275	-2.6989	99.9619	39.6605	0.8230	0.8254	5.0000	-9999.0000	-9999.0000	-9999.0000	-9999.0000	-9999.0000	-9999.0000	20.0388	5	0	36.0788	1.0000	10	2	-9999.0000	32494	42838	-9999	2579	2463	-9999	493.5941	5	0.6917	0.7005	-0.0004	79.6562	0.8227	650.1120	498.5065	38.4491	618.8187	94.2361	643.2101	94.8380	649.2929	94.8611	653.9640	95.0926	
20/08/2017	01:02:11	011992	G488076647HLR	L488	S		615.4236	1.0292	10.0000	100.1406	39.7289	0.8430	0.8275	5.0000	18.7795	713.0232	94.9306	23.6192	24.1000	0.9300	0.9232	0.6998	-0.0003	713.0000	715.9055	1.0275	-2.6852	99.9329	39.8048	0.8230	0.8253	5.0000	-9999.0000	-9999.0000	-9999.0000	-9999.0000	-9999.0000	-9999.0000	19.2597	6	0	34.1490	1.0000	10	2	-9999.0000	32495	42838	-9999	2579	2464	-9999	493.2908	5	0.6914	0.6998	-0.0003	83.0643	0.6861	658.7225	425.3434	38.3333	622.2243	92.0833	648.9922	95.9491	655.7544	96.0648	660.4828	95.0231	
20/08/2017	01:02:44	011992	G488077577HLR	L488	S		579.7715	1.0292	7.6252	99.9656	39.8000	0.8430	0.8283	5.0000	19.0091	0.0000	0.0000	0.0000	0.0000	0.9300	0.0000	0.0000	0.0000	0.0000	587.2353	1.0275	0.4366	99.9317	39.6096	0.8230	0.8261	5.0000	-9999.0000	-9999.0000	-9999.0000	-9999.0000	-9999.0000	-9999.0000	18.9705	7	7	32.6687	1.0000	10	2	-9999.0000	32495	0	-9999	2580	2465	-9999	0.0000	0	0.0000	0.0000	0.0000	0.0000	0.0000	0.0000	0.0000	0.0000	0.0000	0.0000	0.0000	0.0000	0.0000	0.0000	0.0000	0.0000	
20/08/2017	01:03:18	011992	G488077554HLR	L488	S		597.8238	1.0292	9.1882	99.9863	39.8671	0.8430	0.8276	5.0000	18.4779	707.1310	95.0231	31.0086	23.8000	0.9300	0.9230	0.6991	-0.0003	713.0000	707.6360	1.0275	-2.7220	100.0471	39.8555	0.8230	0.8253	5.0000	-9999.0000	-9999.0000	-9999.0000	-9999.0000	-9999.0000	-9999.0000	21.2094	8	0	33.7887	1.0000	10	2	-9999.0000	32496	42839	-9999	2581	2466	-9999	487.2019	5	0.6914	0.6991	-0.0003	83.2551	0.6794	635.5645	464.8405	37.2685	601.5896	92.0139	627.9531	95.1389	635.1245	95.0000	639.1589	94.9306	
20/08/2017	01:03:57	011992	G488077550HLR	L488	S		615.2316	1.0292	10.0000	100.0565	39.6355	0.8430	0.8273	5.0000	18.6994	713.0325	95.0926	25.2188	23.8000	0.9300	0.9229	0.6992	-0.0003	713.0000	713.1160	1.0275	-2.6976	100.0024	39.6261	0.8230	0.8251	5.0000	-9999.0000	-9999.0000	-9999.0000	-9999.0000	-9999.0000	-9999.0000	19.5326	1	0	39.2183	1.0000	10	2	-9999.0000	32497	42840	-9999	2582	2467	-9999	492.7604	5	0.6913	0.6992	-0.0003	83.0636	0.6919	649.3919	486.4815	36.3889	619.2702	92.4074	642.1334	93.7731	648.6971	93.7037	652.7388	94.5833	
20/08/2017	01:04:38	011992	G488077530HLR	L488	S		619.0190	1.0292	10.0000	99.9615	39.8743	0.8430	0.8275	5.0000	20.4020	713.0704	94.9074	23.3585	23.8000	0.9300	0.9229	0.6992	-0.0003	713.0000	717.0185	1.0275	-2.6802	100.0218	39.8510	0.8230	0.8257	5.0000	-9999.0000	-9999.0000	-9999.0000	-9999.0000	-9999.0000	-9999.0000	20.6887	2	0	40.9488	1.0000	10	2	-9999.0000	32498	42840	-9999	2583	2468	-9999	493.1662	5	0.6913	0.6992	-0.0003	83.0636	0.6919	655.4910	491.5605	39.8148	628.1690	93.1713	649.8804	93.3102	655.0758	93.2639	659.6912	95.3009	
20/08/2017	01:05:19	011992	G488077527HLR	L488	S		623.3335	1.0292	10.0000	100.0842	39.7529	0.8430	0.8274	5.0000	18.9586	713.0292	94.9537	21.4191	23.8000	0.9300	0.9229	0.6995	-0.0003	713.0000	716.5715	1.0275	-2.6822	100.0146	39.6836	0.8230	0.8249	5.0000	-9999.0000	-9999.0000	-9999.0000	-9999.0000	-9999.0000	-9999.0000	20.0044	3	0	40.8685	1.0000	10	2	-9999.0000	32498	42841	-9999	2584	2468	-9999	493.5461	5	0.6911	0.6995	-0.0003	79.0193	0.8744	661.4028	513.1144	38.7963	632.4337	93.9583	655.2628	94.4213	660.6032	94.4676	664.4070	94.9306	
20/08/2017	01:06:04	011992	G488075650HLR	L488	S		617.8376	1.0292	10.0000	100.0777	39.8000	0.8430	0.8278	5.0000	18.8387	713.0082	94.9306	22.6691	23.7000	0.9300	0.9229	0.6987	-0.0003	713.0000	713.1904	1.0275	-2.6973	99.9168	39.8685	0.8230	0.8263	5.0000	-9999.0000	-9999.0000	-9999.0000	-9999.0000	-9999.0000	-9999.0000	19.5886	4	0	45.3977	1.0000	10	2	-9999.0000	32499	42842	-9999	2585	2469	-9999	493.1719	5	0.6910	0.6987	-0.0003	79.0785	0.8602	652.2188	469.2716	38.3565	620.4885	93.9583	645.3827	94.3981	651.7382	94.3981	656.0458	94.8843	
20/08/2017	01:06:49	011992	G488076004HLR	L488	S		609.8015	1.0292	10.0000	100.0609	39.8702	0.8430	0.8276	5.0000	18.9984	713.0800	94.9537	28.0790	23.6000	0.9300	0.9229	0.6989	-0.0003	713.0000	713.3323	1.0275	-2.6967	100.0603	39.6869	0.8230	0.8250	5.0000	-9999.0000	-9999.0000	-9999.0000	-9999.0000	-9999.0000	-9999.0000	19.5412	5	0	45.1185	1.0000	10	2	-9999.0000	32500	42843	-9999	2586	2470	-9999	492.0282	5	0.6909	0.6989	-0.0003	78.9920	0.8618	642.2062	438.7650	37.2917	614.0021	93.8426	635.9303	94.0741	641.9574	94.0972	646.1482	94.7917	
20/08/2017	01:07:35	011992	G488076003HLR	L488	S		613.8591	1.0292	10.0000	100.0439	39.7435	0.8430	0.8274	5.0000	18.8207	713.0267	94.9769	29.9296	23.5000	0.9300	0.9229	0.6992	-0.0003	713.0000	715.7459	1.0275	-2.6859	99.9529	39.8848	0.8230	0.8259	5.0000	-9999.0000	-9999.0000	-9999.0000	-9999.0000	-9999.0000	-9999.0000	19.4353	6	0	45.5480	1.0000	10	2	-9999.0000	32501	42843	-9999	2587	2471	-9999	491.3447	5	0.6908	0.6992	-0.0003	76.4120	0.9688	644.6749	483.0488	38.6111	617.6165	94.0278	639.1691	94.3519	644.1999	94.3056	648.5543	94.8148	
20/08/2017	01:08:16	011992	G488075985HLR	L488	S		609.0146	1.0292	10.0000	99.9247	39.8561	0.8430	0.8279	5.0000	18.4084	713.0195	94.9306	28.8192	23.4000	0.9300	0.9229	0.6995	-0.0004	713.0000	713.1171	1.0275	-2.6976	99.9930	39.6517	0.8230	0.8252	5.0000	-9999.0000	-9999.0000	-9999.0000	-9999.0000	-9999.0000	-9999.0000	19.6614	7	0	40.6891	1.0000	10	2	-9999.0000	32502	42843	-9999	2588	2472	-9999	491.4051	5	0.6909	0.6995	-0.0004	74.5147	1.0526	643.7403	512.4432	39.5833	614.1096	94.6759	637.6344	95.3241	643.0519	95.3241	646.7036	95.2083	
20/08/2017	01:08:56	011992	G488077567HLR	L488	S		611.0661	1.0292	10.0000	100.0908	39.7906	0.8430	0.8274	5.0000	19.0792	712.7228	95.0231	31.0086	23.3000	0.9300	0.9230	0.6964	-0.0002	713.0000	717.0916	1.0275	-2.6799	99.8945	39.9016	0.8230	0.8259	5.0000	-9999.0000	-9999.0000	-9999.0000	-9999.0000	-9999.0000	-9999.0000	19.1095	8	0	40.7886	1.0000	10	2	-9999.0000	32502	42843	-9999	2589	2473	-9999	490.5742	5	0.6906	0.6964	-0.0002	75.5999	1.0062	641.4455	492.3407	38.3102	614.7806	94.1667	635.6713	94.4213	640.8959	94.4213	644.6916	94.8611	
20/08/2017	01:09:35	011992	G488077564HLR	L488	S		610.6755	1.0292	10.0000	100.0910	39.8000	0.8430	0.8277	5.0000	19.0266	713.0341	94.9306	28.9784	23.3000	0.9300	0.9230	0.6983	-0.0003	713.0000	714.3902	1.0275	-2.6919	99.9943	39.6559	0.8230	0.8255	5.0000	-9999.0000	-9999.0000	-9999.0000	-9999.0000	-9999.0000	-9999.0000	19.1299	1	0	38.3481	1.0000	10	2	-9999.0000	32502	42844	-9999	2590	2474	-9999	491.7342	5	0.6905	0.6983	-0.0003	78.3420	0.8885	644.1517	487.3254	38.5648	614.5437	93.7731	638.0658	94.2130	643.4746	94.1667	647.3824	94.8380	
20/08/2017	01:10:14	011992	G488076010HLR	L488	S		603.5072	1.0292	9.6803	100.0952	39.8330	0.8430	0.8274	5.0000	18.6834	713.0510	95.0000	30.7088	23.3000	0.9300	0.9231	0.6982	-0.0003	713.0000	714.2231	1.0275	-2.6927	100.0434	39.8579	0.8230	0.8253	5.0000	-9999.0000	-9999.0000	-9999.0000	-9999.0000	-9999.0000	-9999.0000	20.6110	2	0	39.6684	1.0000	10	2	-9999.0000	32503	42845	-9999	2591	2475	-9999	490.9528	5	0.6904	0.6982	-0.0003	78.4884	0.8836	639.3489	519.7514	36.6667	608.2080	93.9120	631.9184	94.9074	638.7624	94.9537	643.0210	95.0463	
20/08/2017	01:10:49	011992	G488076019HLR	L488	S		610.3284	1.0292	10.0000	100.0173	39.7970	0.8430	0.8279	5.0000	18.6504	713.0716	94.9306	27.6884	23.4000	0.9300	0.9232	0.6995	-0.0004	713.0000	713.5269	1.0275	-2.6958	99.9627	39.6459	0.8230	0.8254	5.0000	-9999.0000	-9999.0000	-9999.0000	-9999.0000	-9999.0000	-9999.0000	19.8181	3	0	34.7996	1.0000	10	2	-9999.0000	32504	42846	-9999	2592	2476	-9999	491.6422	5	0.6901	0.6995	-0.0004	78.3943	0.8884	644.7822	476.4002	36.5278	610.1311	93.8426	637.6224	95.1620	644.0140	95.1852	648.1421	95.1620	
20/08/2017	01:11:22	011992	G488076028HLR	L488	S		603.6490	1.0292	9.6926	100.0354	39.8487	0.8430	0.8275	5.0000	18.5295	713.0506	94.9074	29.0790	23.5000	0.9300	0.9232	0.6993	-0.0004	713.0000	711.9324	1.0275	-2.7029	100.0414	39.9246	0.8230	0.8258	5.0000	-9999.0000	-9999.0000	-9999.0000	-9999.0000	-9999.0000	-9999.0000	19.6209	4	0	32.3981	1.0000	10	2	-9999.0000	32505	42847	-9999	2593	2477	-9999	490.9278	5	0.6899	0.6993	-0.0004	78.6637	0.8771	638.9221	511.4735	36.6667	602.2714	93.8889	630.3718	95.3704	638.3607	95.4398	642.5472	95.2315	
20/08/2017	01:12:00	011992	G488075981HLR	L488	S		592.5430	1.0292	8.7310	99.9684	39.7000	0.8430	0.8275	5.0000	19.9987	713.0276	94.9537	27.5185	23.6000	0.9300	0.9233	0.6999	-0.0004	713.0000	712.9931	1.0275	-2.6982	99.9408	39.6299	0.8230	0.8251	5.0000	-9999.0000	-9999.0000	-9999.0000	-9999.0000	-9999.0000	-9999.0000	19.8492	5	0	38.7984	1.0000	10	2	-9999.0000	32506	42848	-9999	2594	2478	-9999	491.2980	5	0.6898	0.6999	-0.0004	74.9838	1.0403	648.9637	499.5215	39.3056	615.8084	95.4398	640.0594	96.3426	645.9181	96.3657	649.4178	95.5324	
20/08/2017	01:12:38	011992	G488076001HLR	L488	S		607.7711	1.0292	10.0000	100.0131	39.9285	0.8430	0.8278	5.0000	18.5902	713.0278	94.9537	28.8886	23.6000	0.9300	0.9232	0.6988	-0.0004	713.0000	712.1813	1.0275	-2.7018	100.0625	39.8637	0.8230	0.8256	5.0000	-9999.0000	-9999.0000	-9999.0000	-9999.0000	-9999.0000	-9999.0000	21.3248	6	0	37.2386	1.0000	10	2	-9999.0000	32507	42849	-9999	2595	2479	-9999	490.7736	5	0.6897	0.6988	-0.0004	74.6523	1.0530	637.7440	533.7450	38.2176	611.2994	92.5694	630.8493	92.8009	637.0015	92.8241	641.2476	95.3704	
20/08/2017	01:13:15	011992	G488076032HLR	L488	S		616.2192	1.0292	10.0000	100.0644	39.7156	0.8430	0.8275	5.0000	18.8269	713.0973	94.9537	23.9796	23.8000	0.9300	0.9233	0.6977	-0.0003	713.0000	713.1426	1.0275	-2.6975	99.9640	39.7094	0.8230	0.8247	5.0000	-9999.0000	-9999.0000	-9999.0000	-9999.0000	-9999.0000	-9999.0000	20.3005	7	0	37.7291	1.0000	10	2	-9999.0000	32508	42850	-9999	2596	2479	-9999	492.1986	5	0.6895	0.6977	-0.0003	76.0476	1.0062	651.2830	533.8896	38.5880	620.8496	93.4028	644.7929	94.1898	650.5037	94.1667	654.9244	94.7454	
20/08/2017	01:13:44	011992	G488076016HLR	L488	S		615.6381	1.0292	10.0000	100.0861	39.8980	0.8430	0.8279	5.0000	18.8290	713.0643	94.9769	21.5998	23.8000	0.9300	0.9233	0.6974	-0.0003	713.0000	713.6361	1.0275	-2.6953	99.9817	39.8277	0.8230	0.8260	5.0000	-9999.0000	-9999.0000	-9999.0000	-9999.0000	-9999.0000	-9999.0000	19.7100	8	0	29.1511	1.0000	10	2	-9999.0000	32509	42850	-9999	2597	2480	-9999	492.6594	5	0.6894	0.6974	-0.0003	76.8684	0.9749	656.6378	501.3936	39.3056	626.4872	93.4259	650.1861	93.9583	656.1478	93.9815	660.5493	94.7222	
20/08/2017	01:14:14	011992	G488076020HLR	L488	S		614.4697	1.0292	10.0000	100.0503	39.7964	0.8430	0.8274	5.0000	19.0987	713.0303	94.9769	26.5898	23.8000	0.9300	0.9232	0.6968	-0.0003	713.0000	714.4402	1.0275	-2.6917	100.0077	39.7906	0.8230	0.8249	5.0000	-9999.0000	-9999.0000	-9999.0000	-9999.0000	-9999.0000	-9999.0000	20.1584	1	0	29.2569	1.0000	10	2	-9999.0000	32509	42851	-9999	2598	2481	-9999	491.4359	5	0.6894	0.6968	-0.0003	77.4429	0.9542	651.2262	492.8131	39.2361	625.7141	93.2639	646.2831	93.6806	650.7504	93.7500	655.2200	94.6759	
20/08/2017	01:14:47	011992	G488076024HLR	L488	S		607.5761	1.0292	10.0000	100.0683	39.7457	0.8430	0.8278	5.0000	18.6802	713.0130	94.9537	26.5088	23.8000	0.9300	0.9231	0.6967	-0.0003	713.0000	711.5036	1.0275	-2.7048	99.9172	39.6112	0.8230	0.8253	5.0000	-9999.0000	-9999.0000	-9999.0000	-9999.0000	-9999.0000	-9999.0000	19.7133	2	0	33.2684	1.0000	10	2	-9999.0000	32510	42851	-9999	2599	2482	-9999	491.4052	5	0.6893	0.6967	-0.0003	76.0527	1.0049	645.4891	458.2492	37.5926	613.8990	93.8194	640.3505	94.5602	644.8039	94.6065	650.1202	94.9306	
20/08/2017	01:15:16	011992	G488076005HLR	L488	S		599.6739	1.0292	9.3484	100.0757	39.9407	0.8430	0.8278	5.0000	18.6194	713.0426	94.9306	26.9297	23.8000	0.9300	0.9231	0.6962	-0.0003	713.0000	710.1233	1.0275	-2.7109	100.0004	40.0477	0.8230	0.8263	5.0000	-9999.0000	-9999.0000	-9999.0000	-9999.0000	-9999.0000	-9999.0000	19.4494	3	0	29.0291	1.0000	10	2	-9999.0000	32511	42852	-9999	2600	2483	-9999	491.3303	5	0.6893	0.6962	-0.0003	76.3379	0.9900	642.2449	521.0213	40.3935	614.3961	93.8194	635.6967	94.2593	641.6873	94.2361	646.4505	94.7917	
20/08/2017	01:15:54	011992	G488076808HLR	L488	S		625.1372	1.0292	10.0000	100.0697	39.7373	0.8430	0.8274	5.0000	18.8886	713.0286	94.9306	18.3392	23.9000	0.9300	0.9231	0.6958	-0.0003	713.0000	714.5617	1.0275	-2.6912	100.0066	39.6906	0.8230	0.8245	5.0000	-9999.0000	-9999.0000	-9999.0000	-9999.0000	-9999.0000	-9999.0000	19.7602	4	0	38.0484	1.0000	11	2	-9999.0000	32512	42853	-9999	2601	2484	-9999	492.9180	5	0.6892	0.6958	-0.0003	76.3664	0.9887	668.8746	495.4512	39.6991	636.5467	94.4907	662.9535	95.3935	668.4319	95.4630	672.9653	95.2778	
20/08/2017	01:16:25	011992	G488076794HLR	L488	S		621.7286	1.0292	10.0000	100.1086	39.8912	0.8430	0.8280	5.0000	18.7681	713.0626	94.9306	18.4788	23.9000	0.9300	0.9231	0.6959	-0.0003	713.0000	714.9775	1.0275	-2.6893	99.9481	39.6739	0.8230	0.8257	5.0000	-9999.0000	-9999.0000	-9999.0000	-9999.0000	-9999.0000	-9999.0000	19.3704	5	0	30.4988	1.0000	11	2	-9999.0000	32513	42854	-9999	2602	2485	-9999	492.8125	5	0.6894	0.6959	-0.0003	76.0000	1.0086	668.0334	511.1586	38.2639	635.2854	94.2361	661.1034	95.1157	667.5135	95.3009	672.3593	95.1852	
20/08/2017	01:16:54	011992	G488076793HLR	L488	S		619.8951	1.0292	10.0000	100.0248	39.8287	0.8430	0.8271	5.0000	20.4483	713.0125	94.9537	22.4591	23.8000	0.9300	0.9231	0.6963	-0.0003	713.0000	717.7268	1.0275	-2.6771	99.9965	40.0082	0.8230	0.8253	5.0000	-9999.0000	-9999.0000	-9999.0000	-9999.0000	-9999.0000	-9999.0000	19.6593	6	0	29.1786	1.0000	11	2	-9999.0000	32514	42855	-9999	2603	2486	-9999	492.1095	5	0.6894	0.6963	-0.0003	74.3184	1.0740	661.6713	523.4622	38.0324	630.5784	94.1435	656.1133	94.8380	661.0762	95.0000	666.9736	95.1389	
20/08/2017	01:17:25	011992	G488076721HLR	L488	S		624.9645	1.0292	10.0000	100.0740	39.7573	0.8430	0.8274	5.0000	18.9136	713.0425	94.9537	18.2093	23.8000	0.9300	0.9231	0.6951	-0.0002	713.0000	714.8342	1.0275	-2.6900	99.9772	39.5535	0.8230	0.8248	5.0000	-9999.0000	-9999.0000	-9999.0000	-9999.0000	-9999.0000	-9999.0000	19.3117	7	0	31.6290	1.0000	11	2	-9999.0000	32515	42856	-9999	2604	2487	-9999	493.0909	5	0.6894	0.6951	-0.0002	70.5252	1.2086	666.8691	476.6988	38.9583	634.8376	93.7731	659.9060	94.6759	666.2286	94.7454	670.3257	94.9769	
20/08/2017	01:17:56	011992	G488076791HLR	L488	S		609.3554	1.0292	10.0000	100.0883	39.8707	0.8430	0.8277	5.0000	19.2387	713.0340	94.9306	27.0888	23.7000	0.9300	0.9230	0.6946	-0.0002	713.0000	717.0488	1.0275	-2.6801	99.8921	39.9032	0.8230	0.8264	5.0000	-9999.0000	-9999.0000	-9999.0000	-9999.0000	-9999.0000	-9999.0000	19.1891	8	0	30.1284	1.0000	11	2	-9999.0000	32516	42857	-9999	2605	2488	-9999	491.3598	5	0.6894	0.6946	-0.0002	69.2429	1.2517	653.8951	532.5631	40.2546	623.8743	93.9120	647.5212	94.5370	653.5654	94.6296	657.9195	95.0000	
20/08/2017	01:18:24	011992	G488076823HLR	L488	S		614.2749	1.0292	10.0000	100.0797	39.8319	0.8430	0.8275	5.0000	18.7790	713.0135	94.9306	19.6799	23.7000	0.9300	0.9231	0.6935	-0.0002	713.0000	716.6637	1.0275	-2.6818	100.0314	39.8768	0.8230	0.8250	5.0000	-9999.0000	-9999.0000	-9999.0000	-9999.0000	-9999.0000	-9999.0000	19.6200	1	0	28.5697	1.0000	11	2	-9999.0000	32517	42858	-9999	2606	2489	-9999	492.3930	5	0.6892	0.6935	-0.0002	68.5695	1.2749	665.6657	518.8778	38.7731	633.3524	94.1435	659.3919	95.1389	665.3048	95.1389	668.8922	95.1620	
20/08/2017	01:18:56	011992	G488076678HLR	L488	S		617.5908	1.0292	10.0000	100.1050	39.8114	0.8430	0.8276	5.0000	18.8875	713.0314	94.9537	18.2190	23.7000	0.9300	0.9230	0.6928	-0.0001	713.0000	715.6459	1.0275	-2.6863	99.8805	39.5609	0.8230	0.8251	5.0000	-9999.0000	-9999.0000	-9999.0000	-9999.0000	-9999.0000	-9999.0000	19.4492	2	0	31.4181	1.0000	11	2	-9999.0000	32518	42859	-9999	2607	2490	-9999	492.3288	5	0.6892	0.6928	-0.0001	67.9856	1.2907	667.7027	523.5574	40.7639	635.0645	93.9815	659.9936	94.6759	666.8239	94.7685	671.5490	95.0231	
20/08/2017	01:19:25	011992	G488076677HLR	L488	S		613.6871	1.0292	10.0000	99.9725	39.8143	0.8430	0.8277	5.0000	18.5085	713.0248	94.9769	20.8195	23.6000	0.9300	0.9230	0.6934	-0.0002	713.0000	716.3463	1.0275	-2.6832	100.0473	40.0437	0.8230	0.8264	5.0000	-9999.0000	-9999.0000	-9999.0000	-9999.0000	-9999.0000	-9999.0000	19.4903	3	0	29.6191	1.0000	11	2	-9999.0000	32519	42860	-9999	2608	2491	-9999	491.9086	5	0.6891	0.6934	-0.0002	66.9700	1.3306	665.0041	499.5684	38.3102	631.2515	93.8426	657.4154	94.4676	664.2396	94.5602	668.0788	94.9306	
20/08/2017	01:19:59	011992	G488076819HLR	L488	S		625.1304	1.0292	10.0000	99.9459	39.8135	0.8430	0.8271	5.0000	20.7697	713.0224	94.8843	19.3489	23.6000	0.9300	0.9231	0.6925	-0.0001	713.0000	718.8230	1.0275	-2.6722	99.9884	39.7842	0.8230	0.8247	5.0000	-9999.0000	-9999.0000	-9999.0000	-9999.0000	-9999.0000	-9999.0000	19.4570	4	0	34.0485	1.0000	11	2	-9999.0000	32520	42861	-9999	2609	2492	-9999	492.1115	5	0.6890	0.6925	-0.0001	67.1404	1.3226	670.9413	521.1289	39.0278	635.9891	94.3056	664.6096	95.2778	670.7242	95.3704	674.7842	95.2315	
20/08/2017	01:20:32	011992	G488076680HLR	L488	S		613.5477	1.0292	10.0000	100.0649	39.8166	0.8430	0.8275	5.0000	19.2397	713.0797	94.9537	17.7093	23.5000	0.9300	0.9231	0.6916	-0.0001	713.0000	714.9226	1.0275	-2.6896	99.9797	39.6000	0.8230	0.8251	5.0000	-9999.0000	-9999.0000	-9999.0000	-9999.0000	-9999.0000	-9999.0000	21.5439	5	0	32.5497	1.0000	11	2	-9999.0000	32521	42862	-9999	2610	2493	-9999	492.1645	5	0.6891	0.6916	-0.0001	69.7858	1.2255	668.5383	530.9033	37.3380	631.9929	94.2361	661.6427	95.1620	668.1030	95.3241	672.7387	95.2778	
20/08/2017	01:21:06	011992	G488076687HLR	L488	S		616.2576	1.0292	10.0000	100.1232	39.8305	0.8430	0.8276	5.0000	18.6784	713.0667	94.9306	19.5999	23.5000	0.9300	0.9231	0.6905	-0.0001	713.0000	716.5166	1.0275	-2.6825	100.1202	39.9607	0.8230	0.8249	5.0000	-9999.0000	-9999.0000	-9999.0000	-9999.0000	-9999.0000	-9999.0000	23.0585	6	0	34.6881	1.0000	11	2	-9999.0000	32522	42863	-9999	2611	2494	-9999	491.8089	5	0.6888	0.6905	-0.0001	71.6153	1.1621	666.0650	513.5878	36.3194	631.3470	93.6806	658.6884	94.3981	665.5126	94.4676	668.7834	94.9306	
20/08/2017	01:21:34	011992	G488076682HLR	L488	S		627.1632	1.0292	10.0000	100.0943	39.8363	0.8430	0.8276	5.0000	18.6691	713.0254	95.0231	16.8890	23.4000	0.9300	0.9231	0.6905	-0.0001	713.0000	713.9997	1.0275	-2.6937	99.8825	39.6654	0.8230	0.8248	5.0000	-9999.0000	-9999.0000	-9999.0000	-9999.0000	-9999.0000	-9999.0000	19.3505	7	0	27.8998	1.0000	11	2	-9999.0000	32523	42864	-9999	2612	2494	-9999	491.6155	5	0.6888	0.6905	-0.0001	71.6153	1.1621	673.6879	483.0296	37.0833	637.5559	93.7269	667.3847	94.6528	673.4309	94.7685	677.2333	95.0231	
20/08/2017	01:22:05	011992	G488076691HLR	L488	S		618.4827	1.0292	10.0000	100.1107	39.8499	0.8430	0.8276	5.0000	18.7767	713.0280	94.9306	18.9593	23.4000	0.9300	0.9231	0.6894	-0.0000	713.0000	716.4015	1.0275	-2.6830	100.0167	39.9410	0.8230	0.8260	5.0000	-9999.0000	-9999.0000	-9999.0000	-9999.0000	-9999.0000	-9999.0000	19.6980	8	0	30.3784	1.0000	11	2	-9999.0000	32524	42865	-9999	2613	2495	-9999	491.2019	5	0.6886	0.6894	-0.0000	71.8788	1.1550	668.5033	494.0514	36.1806	632.2070	93.5185	662.1797	94.2593	668.2007	94.3519	672.9126	94.9074	
20/08/2017	01:22:32	011992	G488076824HLR	L488	S		620.4866	1.0292	10.0000	100.1076	39.8198	0.8430	0.8276	5.0000	18.6897	713.0711	95.0000	18.0198	23.4000	0.9300	0.9232	0.6891	-0.0000	713.0000	714.0112	1.0275	-2.6936	100.0030	39.8307	0.8230	0.8251	5.0000	-9999.0000	-9999.0000	-9999.0000	-9999.0000	-9999.0000	-9999.0000	19.4196	1	0	27.4491	1.0000	11	2	-9999.0000	32525	42866	-9999	2614	2496	-9999	491.2201	5	0.6886	0.6891	-0.0000	74.8718	1.0479	668.9400	503.8087	36.2963	633.5898	93.0787	661.7670	93.6343	668.1917	93.7269	672.6231	94.6759	
20/08/2017	01:23:03	011992	G488076700HLR	L488	S		613.6935	1.0292	10.0000	100.0974	39.8627	0.8430	0.8277	5.0000	18.6996	713.0423	94.9537	20.5588	23.4000	0.9300	0.9233	0.6885	-0.0000	713.0000	717.3733	1.0275	-2.6787	99.9515	39.7409	0.8230	0.8254	5.0000	-9999.0000	-9999.0000	-9999.0000	-9999.0000	-9999.0000	-9999.0000	19.2692	2	0	30.5389	1.0000	11	2	-9999.0000	32526	42867	-9999	2615	2497	-9999	491.0167	5	0.6884	0.6885	-0.0000	74.6897	1.0586	666.8868	527.7868	37.8241	635.9657	93.2407	661.2309	93.6343	666.3088	93.8657	671.4744	94.7685	
20/08/2017	01:23:35	011992	G488076692HLR	L488	S		626.0959	1.0292	10.0000	100.0959	39.8012	0.8430	0.8276	5.0000	18.8293	713.0352	95.0926	15.9193	23.5000	0.9300	0.9233	0.6885	-0.0000	713.0000	713.3533	1.0275	-2.6966	100.0078	39.9393	0.8230	0.8259	5.0000	-9999.0000	-9999.0000	-9999.0000	-9999.0000	-9999.0000	-9999.0000	19.1381	3	0	32.0583	1.0000	11	2	-9999.0000	32527	42868	-9999	2616	2498	-9999	490.9667	5	0.6884	0.6885	-0.0000	74.6897	1.0586	676.2836	477.2008	38.1019	636.7882	94.3056	669.9321	95.2083	675.9719	95.2778	680.0735	95.2315	
20/08/2017	01:24:08	011992	G488076719HLR	L488	S		616.0801	1.0292	10.0000	100.0996	39.8635	0.8430	0.8277	5.0000	18.8595	713.0300	94.9537	18.6097	23.5000	0.9300	0.9233	0.6879	0.0000	713.0000	714.8503	1.0275	-2.6899	99.9900	39.8186	0.8230	0.8251	5.0000	-9999.0000	-9999.0000	-9999.0000	-9999.0000	-9999.0000	-9999.0000	19.6089	4	0	33.1991	1.0000	11	2	-9999.0000	32528	42869	-9999	2617	2499	-9999	490.8251	5	0.6883	0.6879	0.0000	75.9818	1.0239	671.7844	494.2404	38.5648	636.9543	94.3981	665.9598	95.3472	671.4356	95.4398	676.1448	95.2546	
20/08/2017	01:24:38	011992	G488076711HLR	L488	S		614.4608	1.0292	10.0000	100.0908	39.8309	0.8430	0.8275	5.0000	18.8384	713.0622	95.0000	16.5892	23.5000	0.9300	0.9233	0.6879	0.0000	713.0000	713.4960	1.0275	-2.6959	99.9160	39.7749	0.8230	0.8256	5.0000	-9999.0000	-9999.0000	-9999.0000	-9999.0000	-9999.0000	-9999.0000	19.2503	5	0	29.5682	1.0000	11	2	-9999.0000	32529	42870	-9999	2618	2500	-9999	490.7990	5	0.6883	0.6879	0.0000	75.9818	1.0239	674.0477	522.2675	38.7963	640.1097	94.4676	667.0766	95.4167	673.4920	95.4861	677.6927	95.1852	
20/08/2017	01:25:08	011992	G488076697HLR	L488	S		621.0049	1.0292	10.0000	100.1170	39.8303	0.8430	0.8276	5.0000	18.8293	713.0158	94.9074	19.7698	23.6000	0.9300	0.9233	0.6876	0.0000	713.0000	716.0229	1.0275	-2.6847	100.0193	39.9595	0.8230	0.8256	5.0000	-9999.0000	-9999.0000	-9999.0000	-9999.0000	-9999.0000	-9999.0000	19.7838	6	0	30.5789	1.0000	11	2	-9999.0000	32530	42871	-9999	2619	2501	-9999	490.5654	5	0.6880	0.6876	0.0000	74.9792	1.0814	669.2461	497.7537	37.7778	638.2443	94.0741	663.3315	94.6528	668.8059	94.7685	673.3546	95.0231	
20/08/2017	01:25:34	011992	G488076810HLR	L488	S		609.4058	1.0292	10.0000	100.1224	39.8497	0.8430	0.8276	5.0000	18.7191	713.0359	95.0000	21.3098	23.6000	0.9300	0.9234	0.6869	0.0001	713.0000	713.0561	1.0275	-2.6979	99.9546	39.7048	0.8230	0.8250	5.0000	-9999.0000	-9999.0000	-9999.0000	-9999.0000	-9999.0000	-9999.0000	19.5087	7	0	25.6796	1.0000	11	2	-9999.0000	32531	42872	-9999	2620	2502	-9999	490.6195	5	0.6880	0.6869	0.0001	74.7286	1.1054	665.4499	519.4108	39.5139	631.5554	94.6759	657.8664	95.5556	664.7127	95.6019	669.3917	95.2083	
20/08/2017	01:26:03	011992	G488076800HLR	L488	S		608.0568	1.0292	10.0000	100.1044	39.8594	0.8430	0.8276	5.0000	19.0678	713.0477	94.9537	22.3996	23.7000	0.9300	0.9234	0.6870	0.0000	713.0000	714.6045	1.0275	-2.6910	99.9781	39.9312	0.8230	0.8262	5.0000	-9999.0000	-9999.0000	-9999.0000	-9999.0000	-9999.0000	-9999.0000	19.1272	8	0	29.3183	1.0000	11	2	-9999.0000	32532	42873	-9999	2621	2503	-9999	490.6689	5	0.6880	0.6870	0.0000	75.6544	1.0806	664.9874	492.0415	38.5648	630.2676	94.3750	657.8057	95.2083	664.5527	95.2546	668.6862	95.2083	
20/08/2017	01:26:31	011992	G488076783HLR	L488	S		611.8280	1.0292	10.0000	100.1189	39.8261	0.8430	0.8276	5.0000	18.8002	713.0267	94.9306	18.7591	23.8000	0.9300	0.9233	0.6859	0.0001	713.0000	713.6194	1.0275	-2.6954	99.9474	39.9140	0.8230	0.8254	5.0000	-9999.0000	-9999.0000	-9999.0000	-9999.0000	-9999.0000	-9999.0000	19.1616	1	0	28.1830	1.0000	11	2	-9999.0000	32533	42874	-9999	2622	2504	-9999	490.5133	5	0.6880	0.6859	0.0001	74.0705	1.1563	669.8924	533.4804	37.4769	636.4074	94.2593	663.2194	95.1389	669.5014	95.1852	673.5027	95.1620	
20/08/2017	01:26:58	011992	G488076784HLR	L488	S		617.6711	1.0292	10.0000	100.1097	39.8609	0.8430	0.8276	5.0000	18.9357	713.0329	95.0000	19.6994	23.8000	0.9300	0.9233	0.6859	0.0001	713.0000	714.7639	1.0275	-2.6903	99.8758	39.7571	0.8230	0.8251	5.0000	-9999.0000	-9999.0000	-9999.0000	-9999.0000	-9999.0000	-9999.0000	19.2886	2	0	27.1851	1.0000	11	2	-9999.0000	32534	42875	-9999	2623	2504	-9999	490.4573	5	0.6880	0.6859	0.0001	73.3101	1.2068	672.6577	500.9604	39.7917	640.6133	94.3056	666.7441	95.0463	672.5117	95.1620	675.7569	95.1620	
20/08/2017	01:27:27	011992	G488076701HLR	L488	S		617.2721	1.0292	10.0000	100.1014	39.8431	0.8430	0.8276	5.0000	18.7782	713.0386	95.0463	14.9194	23.8000	0.9300	0.9232	0.6859	0.0001	713.0000	710.2922	1.0275	-2.7102	99.9249	39.9000	0.8230	0.8258	5.0000	-9999.0000	-9999.0000	-9999.0000	-9999.0000	-9999.0000	-9999.0000	19.3480	3	0	28.3689	1.0000	11	2	-9999.0000	32535	42876	-9999	2624	2505	-9999	490.1829	5	0.6880	0.6859	0.0001	73.3101	1.2068	677.4914	529.5614	38.7731	642.3755	94.0972	670.7673	95.0000	676.6734	95.0926	681.2265	95.1389	
20/08/2017	01:27:58	011992	G488076801HLR	L488	S		608.5530	1.0292	10.0000	100.1227	39.8752	0.8430	0.8277	5.0000	18.7784	713.0559	94.9306	18.4592	23.8000	0.9300	0.9232	0.6859	0.0001	713.0000	712.4543	1.0275	-2.7006	100.0075	39.8908	0.8230	0.8253	5.0000	-9999.0000	-9999.0000	-9999.0000	-9999.0000	-9999.0000	-9999.0000	19.6775	4	0	31.4089	1.0000	11	2	-9999.0000	32536	42877	-9999	2624	2506	-9999	490.4055	5	0.6879	0.6859	0.0001	72.8481	1.2574	670.4771	535.7068	39.0509	638.1285	94.2593	663.8297	94.9537	669.5020	95.0926	675.2343	95.1852	
20/08/2017	01:28:26	011992	G488076685HLR	L488	S		613.3067	1.0292	10.0000	100.1284	39.8479	0.8430	0.8275	5.0000	18.8293	713.0434	94.9306	17.3900	23.8000	0.9300	0.9232	0.6859	0.0001	713.0000	711.5566	1.0275	-2.7046	99.9920	39.7655	0.8230	0.8252	5.0000	-9999.0000	-9999.0000	-9999.0000	-9999.0000	-9999.0000	-9999.0000	19.5813	5	0	28.1263	1.0000	11	2	-9999.0000	32537	42877	-9999	2625	2507	-9999	490.3126	5	0.6878	0.6859	0.0001	72.5564	1.2713	672.4213	510.3681	38.1944	639.1130	93.9120	666.4543	94.6065	671.7848	94.7454	677.5114	95.0231	
20/08/2017	01:28:56	011992	G488076706HLR	L488	S		616.7183	1.0292	10.0000	100.0272	39.8613	0.8430	0.8272	5.0000	20.5684	713.0436	94.9769	16.3988	23.8000	0.9300	0.9231	0.6859	0.0001	713.0000	712.2210	1.0275	-2.7016	100.0474	39.9078	0.8230	0.8255	5.0000	-9999.0000	-9999.0000	-9999.0000	-9999.0000	-9999.0000	-9999.0000	20.4084	6	0	29.4614	1.0000	11	2	-9999.0000	32538	42878	-9999	2626	2508	-9999	490.2354	5	0.6878	0.6859	0.0001	72.5564	1.2713	678.3654	526.9680	38.3796	642.2207	94.3519	671.1025	95.3241	677.6691	95.4398	681.7000	95.2778	
20/08/2017	01:29:29	011992	G488076683HLR	L488	S		616.8074	1.0292	10.0000	100.1213	39.8749	0.8430	0.8275	5.0000	18.7683	713.0444	94.9074	17.5784	23.8000	0.9300	0.9232	0.6874	0.0000	713.0000	712.7471	1.0275	-2.6993	99.9392	39.7996	0.8230	0.8250	5.0000	-9999.0000	-9999.0000	-9999.0000	-9999.0000	-9999.0000	-9999.0000	19.5804	7	0	32.9392	1.0000	11	2	-9999.0000	32539	42879	-9999	2627	2509	-9999	490.3616	5	0.6878	0.6874	0.0000	75.2651	1.1493	674.0791	520.5022	37.3380	640.4236	94.0741	666.9143	94.9074	673.2644	95.0000	678.0278	95.1389	
20/08/2017	01:30:01	011992	G488076804HLR	L488	S		612.2295	1.0292	10.0000	100.1258	39.8717	0.8430	0.8275	5.0000	18.6897	713.0671	94.9537	20.5695	23.8000	0.9300	0.9231	0.6889	-0.0001	713.0000	712.9997	1.0275	-2.6981	99.9172	39.8307	0.8230	0.8256	5.0000	-9999.0000	-9999.0000	-9999.0000	-9999.0000	-9999.0000	-9999.0000	19.2994	8	0	31.8788	1.0000	11	2	-9999.0000	32540	42880	-9999	2628	2510	-9999	490.4958	5	0.6878	0.6889	-0.0001	74.5252	1.2038	665.9734	524.4556	40.2083	635.2693	93.9583	659.5834	94.6991	665.7701	94.8148	669.8759	95.0231	
20/08/2017	01:30:31	011992	G488076684HLR	L488	S		624.0091	1.0292	10.0000	100.1331	39.8590	0.8430	0.8275	5.0000	19.1689	713.0307	94.9306	17.3089	23.8000	0.9300	0.9231	0.6889	-0.0001	713.0000	711.9244	1.0275	-2.7029	99.9752	39.9174	0.8230	0.8255	5.0000	-9999.0000	-9999.0000	-9999.0000	-9999.0000	-9999.0000	-9999.0000	19.4782	1	0	30.2585	1.0000	11	2	-9999.0000	32541	42881	-9999	2629	2511	-9999	490.5024	5	0.6878	0.6889	-0.0001	74.5252	1.2038	674.0406	529.1947	38.0556	641.6354	94.2593	666.8172	94.8843	673.5033	94.9769	676.6852	95.1389	
20/08/2017	01:31:00	011992	G488076690HLR	L488	S		612.0710	1.0292	10.0000	100.1532	39.8830	0.8430	0.8276	5.0000	18.7298	713.0647	94.9074	18.4495	23.8000	0.9300	0.9232	0.6952	-0.0004	713.0000	712.7661	1.0275	-2.6992	100.0151	39.7357	0.8230	0.8250	5.0000	-9999.0000	-9999.0000	-9999.0000	-9999.0000	-9999.0000	-9999.0000	20.1686	2	0	29.1301	1.0000	11	2	-9999.0000	32542	42882	-9999	2630	2512	-9999	490.4684	5	0.6877	0.6952	-0.0004	71.8486	1.3628	670.1277	515.2687	38.1019	634.6983	94.2361	662.3780	95.0463	669.4327	95.1852	674.3505	95.2083	
20/08/2017	01:31:34	011992	G488076689HLR	L488	S		615.0525	1.0292	10.0000	100.1149	39.8457	0.8430	0.8276	5.0000	18.7493	713.0729	94.9769	22.0890	23.8000	0.9300	0.9231	0.6950	-0.0004	713.0000	713.1347	1.0275	-2.6975	99.9529	39.9144	0.8230	0.8258	5.0000	-9999.0000	-9999.0000	-9999.0000	-9999.0000	-9999.0000	-9999.0000	19.6496	3	0	34.2475	1.0000	11	2	-9999.0000	32543	42883	-9999	2631	2513	-9999	489.3586	5	0.6876	0.6950	-0.0004	69.2950	1.5053	657.4418	538.0162	37.7083	626.2108	93.4028	650.6099	93.7731	656.7943	93.9583	661.3561	94.7685	
20/08/2017	01:32:02	011992	G488076699HLR	L488	S		614.7151	1.0292	10.0000	100.1115	39.8870	0.8430	0.8276	5.0000	19.2269	713.0596	94.9769	20.9787	23.8000	0.9300	0.9232	0.6952	-0.0004	713.0000	714.5070	1.0275	-2.6914	99.9806	39.8501	0.8230	0.8252	5.0000	-9999.0000	-9999.0000	-9999.0000	-9999.0000	-9999.0000	-9999.0000	19.3566	4	0	27.8993	1.0000	11	2	-9999.0000	32544	42884	-9999	2632	2514	-9999	489.7005	5	0.6875	0.6952	-0.0004	67.8430	1.5644	663.5173	505.7481	39.9769	630.9843	94.3056	655.9023	94.8380	662.8962	94.9074	668.1711	95.0926	
20/08/2017	01:32:30	011992	G488076705HLR	L488	S		611.0908	1.0292	10.0000	99.9558	39.8459	0.8430	0.8271	5.0000	20.5263	713.0308	94.9074	19.3391	23.8000	0.9300	0.9232	0.6950	-0.0004	713.0000	711.8085	1.0275	-2.7034	99.9762	39.7661	0.8230	0.8255	5.0000	-9999.0000	-9999.0000	-9999.0000	-9999.0000	-9999.0000	-9999.0000	19.2995	5	0	27.9189	1.0000	11	2	-9999.0000	32545	42885	-9999	2633	2515	-9999	490.1763	5	0.6875	0.6950	-0.0004	69.6569	1.4934	659.7422	508.3804	37.1759	626.1942	93.2176	653.2205	93.6806	659.1956	93.6806	664.6960	94.7454	
20/08/2017	01:33:02	011992	G488076675HLR	L488	S		610.9853	1.0292	10.0000	100.0345	39.8222	0.8430	0.8277	5.0000	18.5978	713.0729	94.9074	18.2493	23.8000	0.9300	0.9231	0.6949	-0.0004	713.0000	712.2782	1.0275	-2.7013	99.9549	39.8699	0.8230	0.8259	5.0000	-9999.0000	-9999.0000	-9999.0000	-9999.0000	-9999.0000	-9999.0000	19.2727	6	0	31.4893	1.0000	11	2	-9999.0000	32546	42886	-9999	2634	2516	-9999	490.4813	5	0.6874	0.6949	-0.0004	71.9206	1.3752	662.1579	492.2208	37.2222	627.0847	93.4722	653.5078	93.8889	661.3307	94.0046	666.1853	94.7917	
20/08/2017	01:33:36	011992	G488076679HLR	L488	S		604.7215	1.0292	9.7854	100.1326	39.9072	0.8430	0.8277	5.0000	18.7092	713.0442	94.9074	23.4190	23.7000	0.9300	0.9231	0.6951	-0.0004	713.0000	714.2348	1.0275	-2.6926	99.9689	39.8319	0.8230	0.8250	5.0000	-9999.0000	-9999.0000	-9999.0000	-9999.0000	-9999.0000	-9999.0000	19.9114	7	0	34.5484	1.0000	11	2	-9999.0000	32547	42887	-9999	2634	2517	-9999	489.1082	5	0.6873	0.6951	-0.0004	70.5904	1.4523	656.3575	517.0277	36.6898	620.6214	94.5139	649.1133	95.2083	655.8835	95.3704	660.6978	95.2778	
20/08/2017	01:34:05	011992	G488076686HLR	L488	S		611.1668	1.0292	10.0000	100.1102	39.8491	0.8430	0.8275	5.0000	18.7300	713.0830	94.9306	17.0590	23.7000	0.9300	0.9231	0.6948	-0.0004	713.0000	711.6549	1.0275	-2.7041	99.9564	39.7643	0.8230	0.8252	5.0000	-9999.0000	-9999.0000	-9999.0000	-9999.0000	-9999.0000	-9999.0000	19.9515	8	0	28.6789	1.0000	11	2	-9999.0000	32548	42888	-9999	2635	2518	-9999	490.7889	5	0.6873	0.6948	-0.0004	72.4235	1.3772	666.2601	482.8668	37.0139	630.3988	93.8657	659.1435	94.3287	665.5182	94.4213	672.0074	94.9074	
20/08/2017	01:34:35	011992	G488076695HLR	L488	S		612.3724	1.0292	10.0000	100.1251	39.8267	0.8430	0.8276	5.0000	19.0500	713.0602	94.9306	16.9994	23.7000	0.9300	0.9231	0.6966	-0.0005	713.0000	711.4689	1.0275	-2.7049	99.9477	39.9070	0.8230	0.8257	5.0000	-9999.0000	-9999.0000	-9999.0000	-9999.0000	-9999.0000	-9999.0000	19.2419	1	0	30.5384	1.0000	11	2	-9999.0000	32549	42889	-9999	2636	2518	-9999	490.7640	5	0.6874	0.6966	-0.0005	69.7827	1.5324	665.3873	518.4631	38.3796	630.8267	93.7731	657.5811	94.2593	664.3556	94.4907	670.4631	94.9769	
20/08/2017	01:35:05	011992	G488076696HLR	L488	S		612.3689	1.0292	10.0000	100.0726	39.8527	0.8430	0.8276	5.0000	18.9799	713.0437	95.0000	20.7590	23.7000	0.9300	0.9232	0.6969	-0.0005	713.0000	714.4065	1.0275	-2.6919	99.9876	39.7208	0.8230	0.8249	5.0000	-9999.0000	-9999.0000	-9999.0000	-9999.0000	-9999.0000	-9999.0000	20.3214	2	0	29.6786	1.0000	11	2	-9999.0000	32550	42890	-9999	2637	2519	-9999	489.5416	5	0.6873	0.6969	-0.0005	65.6909	1.7437	660.1391	512.2796	38.8657	627.7800	93.4954	653.8236	94.0278	659.6989	94.1435	664.4936	94.7917	
20/08/2017	01:35:34	011992	G488076811HLR	L488	S		610.6772	1.0292	10.0000	100.1219	39.8792	0.8430	0.8276	5.0000	18.7637	713.0581	94.9306	23.6886	23.7000	0.9300	0.9232	0.6973	-0.0005	713.0000	715.3140	1.0275	-2.6878	99.9858	39.8709	0.8230	0.8257	5.0000	-9999.0000	-9999.0000	-9999.0000	-9999.0000	-9999.0000	-9999.0000	19.9703	3	0	28.7694	1.0000	11	2	-9999.0000	32551	42891	-9999	2637	2520	-9999	488.4733	5	0.6874	0.6973	-0.0005	67.3916	1.6611	655.6611	480.9337	37.8009	622.9345	93.9815	649.5274	94.2593	655.2100	94.3750	659.7480	94.8611	
20/08/2017	01:36:07	011992	G488076822HLR	L488	S		611.6295	1.0292	10.0000	100.1386	39.8485	0.8430	0.8275	5.0000	18.7688	713.0358	94.9306	17.9085	23.8000	0.9300	0.9233	0.6978	-0.0005	713.0000	713.0310	1.0275	-2.6980	99.9799	39.8671	0.8230	0.8253	5.0000	-9999.0000	-9999.0000	-9999.0000	-9999.0000	-9999.0000	-9999.0000	19.3084	4	0	33.3590	1.0000	11	2	-9999.0000	32552	42891	-9999	2638	2521	-9999	490.5678	5	0.6875	0.6978	-0.0005	68.8082	1.5900	667.1395	473.6276	37.6389	625.9329	95.0231	658.0991	95.9028	665.4633	95.9491	670.2212	95.3935	
20/08/2017	01:36:37	011992	G488076821HLR	L488	S		614.0101	1.0292	10.0000	100.1378	39.8271	0.8430	0.8277	5.0000	18.9090	713.0651	94.9537	19.7190	23.8000	0.9300	0.9233	0.6981	-0.0006	713.0000	712.4899	1.0275	-2.7004	99.9140	39.7459	0.8230	0.8253	5.0000	-9999.0000	-9999.0000	-9999.0000	-9999.0000	-9999.0000	-9999.0000	19.3912	5	0	29.8182	1.0000	11	2	-9999.0000	32553	42892	-9999	2638	2522	-9999	489.9025	5	0.6875	0.6981	-0.0006	68.9261	1.5963	659.1608	498.6108	40.1389	628.6349	94.0972	652.8086	94.6759	658.3344	94.7917	662.9625	95.0694	
20/08/2017	01:37:06	011992	G488076676HLR	L488	S		611.5978	1.0292	10.0000	100.1031	39.8735	0.8430	0.8277	5.0000	18.6790	713.0669	94.9074	18.8489	23.9000	0.9300	0.9233	0.6991	-0.0006	713.0000	712.0438	1.0275	-2.7024	99.9818	39.9589	0.8230	0.8260	5.0000	-9999.0000	-9999.0000	-9999.0000	-9999.0000	-9999.0000	-9999.0000	19.2585	6	0	29.2695	1.0000	11	2	-9999.0000	32554	42893	-9999	2639	2522	-9999	490.2804	5	0.6873	0.6991	-0.0006	69.8285	1.5398	661.1774	480.8123	37.1528	623.1067	94.1667	653.7513	94.8843	660.5811	95.0694	665.6071	95.2083	
20/08/2017	01:37:35	011992	G488076820HLR	L488	S		629.4121	1.0292	10.0000	100.0977	39.8615	0.8430	0.8274	5.0000	19.3499	713.0624	94.9306	17.9095	23.9000	0.9300	0.9233	0.6991	-0.0006	713.0000	713.3956	1.0275	-2.6964	99.9074	39.7549	0.8230	0.8249	5.0000	-9999.0000	-9999.0000	-9999.0000	-9999.0000	-9999.0000	-9999.0000	19.9762	7	0	28.1485	1.0000	11	2	-9999.0000	32555	42894	-9999	2640	2523	-9999	490.6271	5	0.6874	0.6991	-0.0006	70.1661	1.5260	668.1289	514.1948	37.8009	633.4275	94.0509	661.1834	94.8611	667.2244	94.9769	671.8704	95.1157	
20/08/2017	01:38:06	011992	G488076805HLR	L488	S		617.1746	1.0292	10.0000	100.1117	39.8060	0.8430	0.8276	5.0000	18.7085	713.0332	94.9537	22.5285	24.0000	0.9300	0.9233	0.6990	-0.0006	713.0000	712.1506	1.0275	-2.7019	99.9914	39.8028	0.8230	0.8256	5.0000	-9999.0000	-9999.0000	-9999.0000	-9999.0000	-9999.0000	-9999.0000	20.1385	8	0	31.2692	1.0000	11	2	-9999.0000	32556	42895	-9999	2641	2524	-9999	488.5855	5	0.6874	0.6990	-0.0006	73.1986	1.3788	656.9571	526.7684	36.5509	625.0788	94.0972	649.5878	94.7917	656.4046	94.9537	661.4294	95.1620	
20/08/2017	01:38:31	011992	G488076806HLR	L488	S		606.0408	1.0292	9.8996	100.1387	39.8824	0.8430	0.8278	5.0000	18.7795	713.0850	94.9306	18.9798	24.1000	0.9300	0.9233	0.6991	-0.0006	713.0000	710.9478	1.0275	-2.7073	99.9145	39.9838	0.8230	0.8257	5.0000	-9999.0000	-9999.0000	-9999.0000	-9999.0000	-9999.0000	-9999.0000	19.4107	1	0	24.9992	1.0000	11	2	-9999.0000	32557	42895	-9999	2641	2525	-9999	490.2387	5	0.6874	0.6991	-0.0006	74.2244	1.3357	658.3503	527.4025	38.5648	622.6596	94.2361	650.8981	94.8148	657.7212	94.9306	663.9007	95.0926	
20/08/2017	01:39:04	011992	G488076818HLR	L488	S		603.6559	1.0292	9.6932	100.0201	39.8395	0.8430	0.8270	5.0000	21.0490	713.0679	94.9537	18.4885	24.1000	0.9300	0.9233	0.6991	-0.0006	713.0000	710.5299	1.0275	-2.7091	99.9751	39.7649	0.8230	0.8251	5.0000	-9999.0000	-9999.0000	-9999.0000	-9999.0000	-9999.0000	-9999.0000	19.3788	2	0	33.6786	1.0000	11	2	-9999.0000	32558	42895	-9999	2641	2526	-9999	490.4907	5	0.6874	0.6991	-0.0006	75.1925	1.2937	659.3157	514.8080	39.0972	623.0773	94.2593	651.8010	95.1389	658.5532	95.2315	665.0942	95.1620	
20/08/2017	01:39:38	011992	G488076809HLR	L488	S		623.3068	1.0292	10.0000	100.1387	39.8000	0.8430	0.8276	5.0000	18.7298	713.0805	94.9306	17.3187	24.2000	0.9300	0.9233	0.6991	-0.0006	713.0000	710.9972	1.0275	-2.7070	99.9677	39.8000	0.8230	0.8257	5.0000	-9999.0000	-9999.0000	-9999.0000	-9999.0000	-9999.0000	-9999.0000	19.4188	3	0	34.0591	1.0000	11	2	-9999.0000	32559	42896	-9999	2642	2527	-9999	491.0103	5	0.6874	0.6991	-0.0006	75.1925	1.2937	665.7465	477.9805	38.6574	628.3050	94.0509	658.6430	94.5370	665.2726	94.6528	669.7923	95.0231	
20/08/2017	01:40:14	011992	G488076792HLR	L488	S		608.5454	1.0292	10.0000	100.1452	39.9234	0.8430	0.8278	5.0000	18.8640	713.0314	94.9306	20.3586	24.3000	0.9300	0.9233	0.6989	-0.0006	713.0000	711.9000	1.0275	-2.7030	99.9816	40.0587	0.8230	0.8257	5.0000	-9999.0000	-9999.0000	-9999.0000	-9999.0000	-9999.0000	-9999.0000	19.2189	4	0	35.4987	1.0000	11	2	-9999.0000	32560	42897	-9999	2643	2528	-9999	489.7395	5	0.6875	0.6989	-0.0006	81.0716	0.9901	660.3871	510.9844	37.2685	622.4790	94.3056	652.3575	95.2083	659.5365	95.3935	663.8913	95.3009	
20/08/2017	01:40:47	011992	G488077532HLR	L488	S		627.0551	1.0292	10.0000	100.1337	39.8916	0.8430	0.8275	5.0000	18.8391	713.1342	95.0463	12.9692	24.3000	0.9300	0.9232	0.6989	-0.0006	713.0000	707.9295	1.0275	-2.7207	100.0369	39.7048	0.8230	0.8248	5.0000	-9999.0000	-9999.0000	-9999.0000	-9999.0000	-9999.0000	-9999.0000	20.4891	5	0	33.0084	1.0000	08	3	-9999.0000	32561	42898	-9999	2644	2528	-9999	493.0399	5	0.6875	0.6989	-0.0006	81.0716	0.9901	675.3833	473.7020	38.3565	638.3283	94.0046	667.2173	94.9769	674.7781	95.0926	680.2194	95.1852	
20/08/2017	01:41:15	011992	G488077338HLR	L488	S		613.7006	1.0292	10.0000	100.1458	39.8022	0.8430	0.8276	5.0000	18.9661	713.0640	94.9537	22.8585	24.3000	0.9300	0.9232	0.7005	-0.0007	713.0000	710.2342	1.0275	-2.7104	99.9869	40.0096	0.8230	0.8261	5.0000	-9999.0000	-9999.0000	-9999.0000	-9999.0000	-9999.0000	-9999.0000	19.2586	6	0	28.2094	1.0000	08	3	-9999.0000	32562	42899	-9999	2645	2529	-9999	488.8177	5	0.6877	0.7005	-0.0007	78.5849	1.1099	651.3687	489.9668	37.1759	619.1456	93.3796	643.7376	93.7500	650.7567	93.8194	656.0435	94.6991	
20/08/2017	01:41:40	011992	G488077304HLR	L488	S		609.2459	1.0292	10.0000	100.1261	39.8854	0.8430	0.8278	5.0000	18.8694	713.0076	94.9074	23.2189	24.3000	0.9300	0.9231	0.7001	-0.0006	713.0000	711.2496	1.0275	-2.7059	99.9667	39.7869	0.8230	0.8250	5.0000	-9999.0000	-9999.0000	-9999.0000	-9999.0000	-9999.0000	-9999.0000	19.4397	7	0	25.0084	1.0000	08	3	-9999.0000	32563	42900	-9999	2646	2530	-9999	488.4883	5	0.6878	0.7001	-0.0006	78.2963	1.1438	652.3099	486.1587	39.1204	617.7888	94.1898	644.1415	94.4907	651.4834	94.5833	657.0448	94.9537	
20/08/2017	01:42:07	011992	G488077314HLR	L488	S		608.2403	1.0292	10.0000	100.1465	39.9834	0.8430	0.8276	5.0000	18.6482	713.0640	94.9769	24.6993	24.3000	0.9300	0.9231	0.7018	-0.0007	713.0000	710.8237	1.0275	-2.7078	100.0421	39.7519	0.8230	0.8256	5.0000	-9999.0000	-9999.0000	-9999.0000	-9999.0000	-9999.0000	-9999.0000	19.7652	8	0	26.3555	1.0000	08	3	-9999.0000	32564	42900	-9999	2647	2531	-9999	488.0479	5	0.6881	0.7018	-0.0007	75.2954	1.2950	653.0629	504.4510	37.3148	617.8095	94.4213	646.6511	95.3009	652.8656	95.3935	656.1530	95.2778	
20/08/2017	01:42:32	011992	G488077326HLR	L488	S		608.4154	1.0292	10.0000	100.1162	39.7880	0.8430	0.8275	5.0000	18.8179	713.0330	94.9537	22.1896	24.3000	0.9300	0.9231	0.7009	-0.0007	713.0000	708.6724	1.0275	-2.7174	99.9710	40.0321	0.8230	0.8261	5.0000	-9999.0000	-9999.0000	-9999.0000	-9999.0000	-9999.0000	-9999.0000	19.3591	1	0	25.2507	1.0000	08	3	-9999.0000	32564	42901	-9999	2648	2532	-9999	488.9396	5	0.6881	0.7009	-0.0007	84.2780	0.8109	651.8373	474.5557	36.9213	614.9739	94.1435	644.6495	94.6991	651.1404	94.7454	656.3489	95.0000	
20/08/2017	01:43:02	011992	G488077536HLR	L488	S		615.1507	1.0292	10.0000	100.0987	39.9629	0.8430	0.8278	5.0000	19.3184	713.0575	94.9769	17.4495	24.3000	0.9300	0.9231	0.6993	-0.0006	713.0000	710.0970	1.0275	-2.7111	99.9503	39.8816	0.8230	0.8251	5.0000	-9999.0000	-9999.0000	-9999.0000	-9999.0000	-9999.0000	-9999.0000	19.3884	2	0	30.1710	1.0000	08	3	-9999.0000	32565	42902	-9999	2649	2533	-9999	491.3786	5	0.6881	0.6993	-0.0006	81.1050	0.9523	668.1106	506.1703	37.6157	634.0974	94.3519	659.5512	95.3009	667.3665	95.3472	670.6193	95.2083	
