Data	Timp	Nr. masina	Nr. de serie	Tip	Productie	Comentariu	Pre-masurare Q [ml/min]	Pre-masurare Gain	Pre-masurare Offset Master	Pre-masurare P [bar]	Pre-masurare T [°C]	Pre-masurare Densitate fixa [kg/l]	Pre-masurare densitate masurata [kg/l]	Pre-masurare Timp masurare [s]	Pre-masurare Cycle time [s]	rectificare Q Oprire [ml/min]	rectificare P Oprire [bar]	rectificare Timp rectificare [s]	rectificare T [°C]	rectificare Densitate fixa [kg/l]	rectificare densitate masurata [kg/l]	rectificare Factor de masurare la rectificare	rectificare Factor de corectie a debitului	rectificare Target rectificare	Masurare Q [ml/min]	Masurare Gain	Masurare Offset Master	Masurare P [bar]	Masurare T [°C]	Masurare Densitate fixa [kg/l]	Masurare densitate masurata [kg/l]	Masurare Timp masurare [s]	Masurare Q [ml/min]	Masurare Delta Q [ml/min]	Masurare P [bar]	Masurare BP [bar]	Masurare T [°C]	Masurare Timp masurare [s]	Masurare Cycle time [s]	Nest Nr.	Cod de descarcare	Cycle time [s]	Traceability aktiv	EDM Maschine Nr	EDM Spindle Nr	Honing Rate [r	Station Counter Premeasure	Station Counter Grind	Station Counter Blowout 1	Station Counter Wash	Station Counter Measure	Station Counter Blowout 2	RealGrindQStop	Reg Type	Factor 0	Factor 1	Factor 2	Factor 3	Factor 4	G_StartQV	G_StartQV_1	G_StartQV_2	G_StartQV_3	G_StartQV_4	G_StartQV_5	
07/08/2017	01:05:12	011992	G523140745GLR	L523	R		427.3269	1.0292	7.5733	100.0100	39.8709	0.8430	0.8265	5.0000	18.8595	508.0465	94.9537	20.3596	24.5000	0.9300	0.9331	0.6218	-0.0005	508.0000	508.1618	1.0275	8.2616	99.9992	39.2762	0.8230	0.8241	5.0000	-9999.0000	-9999.0000	-9999.0000	-9999.0000	-9999.0000	-9999.0000	19.9675	6	0	4419.0554	1.0000	99	9	-9999.0000	11597	22772	-9999	1791	1751	-9999	311.0058	5	0.6149	0.6218	-0.0005	64.3308	0.6595	459.3387	510.0287	37.9861	439.7284	94.6065	458.7967	94.0972	462.7026	94.6065	466.1010	94.9769	
07/08/2017	06:32:26	011992	H421016738HLR	L421	S		711.3497	1.0292	10.0000	99.8249	39.2521	0.8430	0.8275	5.0000	20.1193	815.0511	94.9074	18.8294	24.9000	0.9300	0.9339	0.7222	-0.0019	815.0000	816.8478	1.0275	-4.0000	100.0385	39.5884	0.8230	0.8248	5.0000	-9999.0000	-9999.0000	-9999.0000	-9999.0000	-9999.0000	-9999.0000	20.1413	1	0	23.5890	1.0000	99	9	-9999.0000	11602	22777	-9999	1793	1753	-9999	559.3277	5	0.6922	0.7222	-0.0019	87.3945	1.6368	685.4567	446.2704	39.6296	659.8357	71.0648	670.6411	70.4861	693.0583	94.2361	727.4286	94.5370	
07/08/2017	06:34:06	011992	H421016744HLR	L421	S		720.4625	1.0292	10.0000	100.0030	39.3000	0.8430	0.8280	5.0000	18.6140	815.1471	94.9537	12.2290	25.2000	0.9300	0.9344	0.7208	-0.0019	815.0000	820.7101	1.0275	-4.0000	99.8424	39.1992	0.8230	0.8226	5.0000	-9999.0000	-9999.0000	-9999.0000	-9999.0000	-9999.0000	-9999.0000	20.4379	5	0	27.7554	1.0000	99	9	-9999.0000	11603	22778	-9999	1794	1753	-9999	568.5798	5	0.6847	0.7208	-0.0019	87.4935	1.6386	735.6014	403.4385	35.9722	676.9676	91.8519	734.3329	90.7870	745.6151	94.9074	761.5372	95.6481	
07/08/2017	06:35:48	011992	H421016734HLR	L421	S		712.6210	1.0292	10.0000	100.0633	39.4032	0.8430	0.8281	5.0000	18.8787	815.0686	94.8843	16.5590	25.2000	0.9300	0.9345	0.7186	-0.0019	815.0000	814.5613	1.0275	-3.8486	99.8535	39.5579	0.8230	0.8226	5.0000	-9999.0000	-9999.0000	-9999.0000	-9999.0000	-9999.0000	-9999.0000	20.4922	1	0	27.8887	1.0000	99	9	-9999.0000	11604	22779	-9999	1795	1754	-9999	559.9200	5	0.6886	0.7186	-0.0019	87.6388	1.6413	722.1183	452.6608	36.4120	669.9006	93.0324	721.0523	92.1296	730.8872	94.9074	743.5013	95.5324	
07/08/2017	06:37:32	011992	H421016723HLR	L421	S		706.3650	1.0292	10.0000	99.9295	39.5000	0.8430	0.8275	5.0000	20.7446	815.1260	94.8611	16.9691	25.0000	0.9300	0.9343	0.7188	-0.0019	815.0000	813.1699	1.0275	-3.7021	99.9082	39.2964	0.8230	0.8222	5.0000	-9999.0000	-9999.0000	-9999.0000	-9999.0000	-9999.0000	-9999.0000	21.8866	5	0	27.9482	1.0000	99	9	-9999.0000	11605	22780	-9999	1796	1755	-9999	559.4960	5	0.6881	0.7188	-0.0019	87.6305	1.6412	712.8491	474.1942	34.7454	661.8013	91.4815	711.3465	90.6019	721.7143	94.5139	737.5427	95.6944	
07/08/2017	06:39:13	011992	H421016724HLR	L421	S		707.3308	1.0292	10.0000	100.0211	39.6000	0.8430	0.8279	5.0000	18.5275	815.0842	94.8380	17.0296	24.6000	0.9300	0.9342	0.7192	-0.0019	815.0000	814.5684	1.0275	-3.8493	99.8287	39.4563	0.8230	0.8226	5.0000	-9999.0000	-9999.0000	-9999.0000	-9999.0000	-9999.0000	-9999.0000	21.1095	1	0	25.3546	1.0000	99	9	-9999.0000	11606	22781	-9999	1797	1756	-9999	559.7127	5	0.6881	0.7192	-0.0019	87.6055	1.6407	714.7434	465.1481	36.9907	664.8885	92.6852	713.6633	92.1528	722.4309	94.2361	733.8024	95.4398	
07/08/2017	06:40:07	011992	H421016714HLR	L421	S		717.9111	1.0292	10.0000	99.9932	39.3380	0.8430	0.8267	5.0000	21.0557	815.0823	95.0000	14.6401	24.6000	0.9300	0.9345	0.7192	-0.0019	815.0000	819.9976	1.0275	-4.0000	99.9424	40.3564	0.8230	0.8285	5.0000	-9999.0000	-9999.0000	-9999.0000	-9999.0000	-9999.0000	-9999.0000	20.6201	3	0	29.9393	1.0000	99	9	-9999.0000	11607	22782	-9999	1797	1757	-9999	563.4465	5	0.6881	0.7192	-0.0019	87.6055	1.6407	725.7599	447.1838	33.1250	663.8671	92.1528	724.5869	91.1574	734.6872	94.2593	748.0416	95.5324	
07/08/2017	06:40:58	011992	H421016728HLR	L421	S		717.4309	1.0292	10.0000	99.9133	39.6612	0.8430	0.8270	5.0000	20.8201	815.1011	94.9769	12.6890	24.5000	0.9300	0.9345	0.7076	-0.0012	815.0000	819.6485	1.0275	-4.0000	100.0194	39.2912	0.8230	0.8226	5.0000	-9999.0000	-9999.0000	-9999.0000	-9999.0000	-9999.0000	-9999.0000	20.9566	5	0	25.7287	1.0000	99	9	-9999.0000	11608	22783	-9999	1797	1758	-9999	564.3082	5	0.6879	0.7076	-0.0012	88.9594	0.9432	743.6133	466.2125	35.3472	678.8425	92.9861	742.4490	92.2454	751.2399	94.2130	763.7158	95.3472	
07/08/2017	06:41:45	011992	H421018287HLR	L421	S		693.5701	1.0292	10.0000	99.9245	39.5122	0.8430	0.8272	5.0000	20.4516	815.0866	94.8611	18.8490	24.4000	0.9300	0.9346	0.7076	-0.0012	815.0000	814.2311	1.0275	-3.8138	99.8901	40.6014	0.8230	0.8289	5.0000	-9999.0000	-9999.0000	-9999.0000	-9999.0000	-9999.0000	-9999.0000	19.4883	7	0	22.3194	1.0000	99	9	-9999.0000	11609	22784	-9999	1797	1759	-9999	558.2086	5	0.6878	0.7076	-0.0012	88.2635	0.9793	713.8640	454.2174	34.4444	654.2600	94.3287	712.6606	93.7500	722.7785	94.5370	731.5397	95.1852	
07/08/2017	06:43:19	011992	H421018298HLR	L421	Q		722.1900	1.0292	10.0000	100.1058	39.4379	0.8430	0.8272	5.0000	18.9228	815.1210	95.0463	10.2701	24.5000	0.9300	0.9347	0.6999	-0.0008	815.0000	815.6355	1.0275	-3.9616	99.8753	39.5046	0.8230	0.8249	5.0000	-9999.0000	-9999.0000	-9999.0000	-9999.0000	-9999.0000	-9999.0000	20.1233	2	0	31.2890	1.0000	99	9	-9999.0000	11611	22785	-9999	1799	1761	-9999	564.2329	5	0.6879	0.6999	-0.0008	90.3928	0.8569	762.8608	438.6171	36.2037	701.3783	95.3241	761.3433	95.0926	770.7728	95.1389	778.9469	95.1389	
07/08/2017	06:43:51	011992	H421018278HLR	L421	Q		732.1174	1.0292	10.0000	100.0294	39.7000	0.8430	0.8272	5.0000	20.5681	815.1524	94.9537	8.1697	24.3000	0.9300	0.9345	0.6996	-0.0007	815.0000	816.9369	1.0275	-4.0000	99.9484	39.9651	0.8230	0.8270	5.0000	-9999.0000	-9999.0000	-9999.0000	-9999.0000	-9999.0000	-9999.0000	19.9095	3	0	32.4092	1.0000	99	9	-9999.0000	11612	22786	-9999	1800	1762	-9999	565.3803	5	0.6876	0.6996	-0.0007	90.4001	0.8565	774.7550	484.3890	36.6667	710.5163	94.7222	773.4308	94.3981	783.4189	94.7685	792.5591	95.1852	
07/08/2017	06:44:17	011992	H421018294HLR	L421	S		698.2770	1.0292	10.0000	100.1596	39.8000	0.8430	0.8273	5.0000	18.9300	815.0866	94.8843	20.4700	24.3000	0.9300	0.9347	0.6996	-0.0007	815.0000	814.7280	1.0275	-3.8661	100.1580	40.0244	0.8230	0.8254	5.0000	-9999.0000	-9999.0000	-9999.0000	-9999.0000	-9999.0000	-9999.0000	19.9590	4	0	25.3389	1.0000	99	9	-9999.0000	11613	22787	-9999	1801	1763	-9999	557.7960	5	0.6876	0.6996	-0.0007	90.4001	0.8565	722.1575	469.9289	34.8148	665.5843	95.8565	721.1855	95.6019	729.8776	95.2546	735.0807	94.9537	
07/08/2017	06:44:46	011992	H421013775HLR	L421	S		699.7994	1.0292	10.0000	100.0901	39.6641	0.8430	0.8268	5.0000	18.8155	815.0382	94.9074	20.0999	24.3000	0.9300	0.9347	0.6995	-0.0007	815.0000	816.8965	1.0275	-4.0000	99.9744	39.6004	0.8230	0.8249	5.0000	-9999.0000	-9999.0000	-9999.0000	-9999.0000	-9999.0000	-9999.0000	19.9698	5	0	29.1299	1.0000	99	9	-9999.0000	11613	22788	-9999	1802	1764	-9999	557.9292	5	0.6881	0.6995	-0.0007	84.0444	1.2415	724.5793	476.4350	35.4167	670.4633	94.9306	723.5530	94.6759	731.4371	94.7685	737.3615	95.0463	
07/08/2017	06:45:13	011992	H421018304HLR	L421	S		700.2147	1.0292	10.0000	100.1345	39.6086	0.8430	0.8272	5.0000	19.0901	815.0711	94.9074	20.2493	24.3000	0.9300	0.9348	0.6982	-0.0007	815.0000	816.8755	1.0275	-4.0000	99.9414	39.7866	0.8230	0.8259	5.0000	-9999.0000	-9999.0000	-9999.0000	-9999.0000	-9999.0000	-9999.0000	20.8968	6	0	26.8983	1.0000	99	9	-9999.0000	11614	22789	-9999	1803	1764	-9999	557.9269	5	0.6885	0.6982	-0.0007	70.4456	2.1762	722.0371	445.4888	36.5046	668.1715	93.3565	721.1964	92.9398	729.0512	94.1898	737.6931	95.1852	
07/08/2017	06:45:45	011992	H421018268HLR	L421	S		696.9564	1.0292	10.0000	100.1412	39.7858	0.8430	0.8273	5.0000	18.7427	815.1316	94.8380	21.3187	24.3000	0.9300	0.9348	0.6975	-0.0006	815.0000	815.3614	1.0275	-3.9328	100.1431	40.0136	0.8230	0.8254	5.0000	-9999.0000	-9999.0000	-9999.0000	-9999.0000	-9999.0000	-9999.0000	21.7834	7	0	32.7391	1.0000	99	9	-9999.0000	11615	22790	-9999	1804	1765	-9999	557.6740	5	0.6884	0.6975	-0.0006	68.2949	2.3628	720.1996	461.5184	35.9491	667.6734	94.5370	718.9972	94.4444	726.0696	94.6759	733.2141	95.0694	
07/08/2017	06:46:11	011992	H421018305HLR	L421	S		733.4805	1.0292	10.0000	100.1370	39.6853	0.8430	0.8269	5.0000	18.9866	815.1230	95.0694	8.6296	24.3000	0.9300	0.9345	0.6975	-0.0006	815.0000	818.0296	1.0275	-4.0000	99.9416	39.7673	0.8230	0.8245	5.0000	-9999.0000	-9999.0000	-9999.0000	-9999.0000	-9999.0000	-9999.0000	20.2272	8	0	25.7285	1.0000	99	9	-9999.0000	11616	22791	-9999	1805	1766	-9999	564.2176	5	0.6884	0.6975	-0.0006	68.2949	2.3628	772.1314	480.1939	35.9491	708.3477	93.2870	770.5639	93.0324	779.7706	94.2130	789.4698	95.2778	
07/08/2017	06:46:43	011992	H421015566HLR	L421	S		699.5747	1.0292	10.0000	100.1453	39.7519	0.8430	0.8272	5.0000	18.9399	815.0535	94.9074	18.2494	24.3000	0.9300	0.9349	0.6976	-0.0006	815.0000	814.8885	1.0275	-3.8830	100.1750	39.8447	0.8230	0.8261	5.0000	-9999.0000	-9999.0000	-9999.0000	-9999.0000	-9999.0000	-9999.0000	19.8077	1	0	31.4298	1.0000	99	9	-9999.0000	11617	22792	-9999	1806	1767	-9999	559.0645	5	0.6875	0.6976	-0.0006	66.6128	2.4520	735.8508	492.7559	35.7639	675.7652	96.2963	730.1961	96.4352	738.2208	94.8380	741.1968	94.7454	
07/08/2017	06:47:13	011992	H421015575HLR	L421	S		702.6186	1.0292	10.0000	100.0778	39.7457	0.8430	0.8270	5.0000	20.2672	815.0827	94.9306	15.9789	24.3000	0.9300	0.9349	0.6981	-0.0007	815.0000	814.4865	1.0275	-3.8407	100.1802	39.9862	0.8230	0.8254	5.0000	-9999.0000	-9999.0000	-9999.0000	-9999.0000	-9999.0000	-9999.0000	20.7687	2	0	30.1786	1.0000	99	9	-9999.0000	11618	22793	-9999	1807	1768	-9999	560.1192	5	0.6871	0.6981	-0.0007	66.9435	2.4440	738.5982	501.8302	35.6250	679.2413	94.6528	736.8744	94.6065	744.8894	94.8148	752.0122	95.0926	
07/08/2017	06:47:43	011992	H421016670HLR	L421	S		667.4027	1.0292	10.0000	100.1397	39.7577	0.8430	0.8271	5.0000	19.0024	815.0644	94.8611	21.7698	24.3000	0.9300	0.9348	0.6967	-0.0006	815.0000	816.9943	1.0275	-4.0000	99.9469	39.8485	0.8230	0.8249	5.0000	-9999.0000	-9999.0000	-9999.0000	-9999.0000	-9999.0000	-9999.0000	20.2112	3	0	30.3886	1.0000	99	9	-9999.0000	11619	22794	-9999	1808	1769	-9999	556.7873	5	0.6869	0.6967	-0.0006	64.5467	2.5675	692.2702	463.6288	35.8333	632.0211	94.4907	690.8648	93.8657	699.9088	94.5370	709.0551	95.1157	
07/08/2017	06:48:36	011992	H421018284HLR	L421	S		699.4320	1.0292	10.0000	100.2203	39.7860	0.8430	0.8270	5.0000	19.0183	815.0648	94.8380	20.4993	24.4000	0.9300	0.9351	0.6981	-0.0007	815.0000	816.3724	1.0275	-4.0000	100.0974	39.8727	0.8230	0.8246	5.0000	-9999.0000	-9999.0000	-9999.0000	-9999.0000	-9999.0000	-9999.0000	22.3520	5	0	26.9023	1.0000	99	9	-9999.0000	11621	22795	-9999	1810	1770	-9999	557.5697	5	0.6867	0.6981	-0.0007	64.4772	2.6613	729.5147	475.0027	35.6944	672.5092	95.5787	727.9533	95.3935	737.3455	95.2315	742.3104	95.0926	
07/08/2017	06:49:02	011992	H421015888HLR	L421	S		695.5398	1.0292	10.0000	100.1225	39.7319	0.8430	0.8269	5.0000	19.2688	815.1062	94.8380	18.8187	24.4000	0.9300	0.9349	0.6978	-0.0007	815.0000	812.8946	1.0275	-3.6731	100.0058	39.5321	0.8230	0.8241	5.0000	-9999.0000	-9999.0000	-9999.0000	-9999.0000	-9999.0000	-9999.0000	22.7625	6	0	25.2754	1.0000	99	9	-9999.0000	11622	22796	-9999	1811	1771	-9999	558.8626	5	0.6863	0.6978	-0.0007	64.7938	2.6103	720.1394	465.8020	33.0093	666.2749	92.2454	718.9071	91.6898	726.5788	94.4444	736.9333	95.5093	
07/08/2017	06:49:27	011992	H421015809HLR	L421	S		693.9595	1.0292	10.0000	100.1578	39.8000	0.8430	0.8271	5.0000	19.1293	815.0947	94.8843	19.1898	24.4000	0.9300	0.9348	0.6978	-0.0007	815.0000	814.4579	1.0275	-3.8377	99.9877	39.9307	0.8230	0.8263	5.0000	-9999.0000	-9999.0000	-9999.0000	-9999.0000	-9999.0000	-9999.0000	19.8240	7	0	25.3889	1.0000	99	9	-9999.0000	11623	22797	-9999	1812	1771	-9999	558.4230	5	0.6863	0.6978	-0.0007	64.7938	2.6103	720.2425	450.6067	34.3287	662.3671	92.8009	719.2559	92.1296	728.1699	94.3750	738.0935	95.4167	
07/08/2017	06:49:52	011992	H421015597HLR	L421	S		714.5511	1.0292	10.0000	100.1287	39.7804	0.8430	0.8267	5.0000	19.6693	815.0928	94.9074	12.8199	24.4000	0.9300	0.9348	0.6978	-0.0007	815.0000	819.6437	1.0275	-4.0000	100.1636	40.1695	0.8230	0.8258	5.0000	-9999.0000	-9999.0000	-9999.0000	-9999.0000	-9999.0000	-9999.0000	20.2694	8	0	25.3995	1.0000	99	9	-9999.0000	11624	22798	-9999	1813	1772	-9999	561.6681	5	0.6863	0.6978	-0.0007	64.7938	2.6103	755.6603	471.4017	35.0000	696.5522	94.1204	754.1320	93.8194	762.9888	94.4907	771.5450	95.2315	
07/08/2017	06:50:22	011992	H421015577HLR	L421	S		713.2540	1.0292	10.0000	100.1581	39.8000	0.8430	0.8270	5.0000	19.0092	815.0712	95.0000	10.1998	24.3000	0.9300	0.9347	0.6967	-0.0006	815.0000	815.6212	1.0275	-3.9601	99.9550	39.8647	0.8230	0.8245	5.0000	-9999.0000	-9999.0000	-9999.0000	-9999.0000	-9999.0000	-9999.0000	20.0260	1	0	29.3085	1.0000	99	9	-9999.0000	11625	22799	-9999	1814	1773	-9999	562.6493	5	0.6854	0.6967	-0.0006	62.8512	2.6694	765.0474	488.6583	36.5278	701.5364	95.5324	763.6005	95.2778	772.9564	95.1389	781.2086	95.1852	
07/08/2017	06:50:50	011992	H421015570HLR	L421	S		716.9165	1.0292	10.0000	100.2034	39.8026	0.8430	0.8270	5.0000	18.8614	815.1298	94.9074	13.3492	24.3000	0.9300	0.9348	0.6964	-0.0006	815.0000	819.2090	1.0275	-4.0000	100.0017	39.7155	0.8230	0.8251	5.0000	-9999.0000	-9999.0000	-9999.0000	-9999.0000	-9999.0000	-9999.0000	19.4307	2	0	27.8357	1.0000	99	9	-9999.0000	11626	22800	-9999	1814	1774	-9999	561.0937	5	0.6850	0.6964	-0.0006	95.3209	1.0710	758.7587	482.4591	36.8287	696.8843	95.9028	757.2824	95.7176	767.6274	95.4167	771.4850	95.1852	
07/08/2017	06:51:15	011992	H421015542HLR	L421	S		719.2289	1.0292	10.0000	100.1704	39.8192	0.8430	0.8269	5.0000	19.0239	815.1034	94.9306	12.2398	24.2000	0.9300	0.9347	0.7053	-0.0011	815.0000	819.4506	1.0275	-4.0000	100.0881	40.0780	0.8230	0.8263	5.0000	-9999.0000	-9999.0000	-9999.0000	-9999.0000	-9999.0000	-9999.0000	19.6871	3	0	25.0423	1.0000	99	9	-9999.0000	11627	22801	-9999	1815	1775	-9999	564.3250	5	0.6851	0.7053	-0.0011	65.9864	2.6116	746.6474	424.1254	34.8380	686.0232	92.7315	745.4047	92.1759	753.8463	94.3519	765.4688	95.4398	
07/08/2017	06:51:43	011992	H421018264HLR	L421	S		718.9205	1.0292	10.0000	100.1683	39.8000	0.8430	0.8268	5.0000	18.7895	815.1233	95.0231	10.7398	24.2000	0.9300	0.9347	0.6939	-0.0005	815.0000	813.8222	1.0275	-3.7708	100.1036	40.0321	0.8230	0.8250	5.0000	-9999.0000	-9999.0000	-9999.0000	-9999.0000	-9999.0000	-9999.0000	20.0126	4	0	28.6301	1.0000	99	9	-9999.0000	11628	22802	-9999	1816	1776	-9999	561.4726	5	0.6853	0.6939	-0.0005	72.0985	2.3184	760.0006	483.3206	35.0463	701.8699	93.0556	758.5350	92.7083	769.3817	94.2593	777.9656	95.3704	
07/08/2017	06:52:08	011992	H421015532HLR	L421	S		693.3691	1.0292	10.0000	100.1589	39.8000	0.8430	0.8269	5.0000	18.8930	815.1441	94.8380	17.9887	24.2000	0.9300	0.9349	0.6934	-0.0005	815.0000	813.5852	1.0275	-3.7458	100.1604	39.7301	0.8230	0.8246	5.0000	-9999.0000	-9999.0000	-9999.0000	-9999.0000	-9999.0000	-9999.0000	19.7962	5	0	24.9688	1.0000	99	9	-9999.0000	11629	22803	-9999	1816	1777	-9999	558.8947	5	0.6861	0.6934	-0.0005	75.5669	2.1958	730.0621	486.9673	35.6019	675.1520	95.8333	728.7665	95.7176	737.8320	95.3472	744.4860	95.0694	
07/08/2017	06:52:39	011992	H421015541HLR	L421	S		699.5532	1.0292	10.0000	100.1426	39.8204	0.8430	0.8268	5.0000	19.1195	815.0327	94.8611	16.8100	24.2000	0.9300	0.9349	0.6934	-0.0005	815.0000	812.4527	1.0275	-3.6266	100.0713	39.9018	0.8230	0.8258	5.0000	-9999.0000	-9999.0000	-9999.0000	-9999.0000	-9999.0000	-9999.0000	20.2285	6	0	31.0087	1.0000	99	9	-9999.0000	11630	22804	-9999	1817	1778	-9999	559.0052	5	0.6861	0.6934	-0.0005	75.5669	2.1958	733.6360	462.5118	35.7639	678.4730	93.6806	732.1787	93.3796	740.6511	94.4213	748.5568	95.2315	
07/08/2017	06:53:08	011992	H421015855HLR	L421	S		697.6029	1.0292	10.0000	100.1523	39.8180	0.8430	0.8268	5.0000	18.8674	815.1068	94.9306	11.5797	24.2000	0.9300	0.9348	0.6938	-0.0005	815.0000	817.1794	1.0275	-4.0000	100.1598	39.9677	0.8230	0.8247	5.0000	-9999.0000	-9999.0000	-9999.0000	-9999.0000	-9999.0000	-9999.0000	22.1785	7	0	29.3087	1.0000	99	9	-9999.0000	11631	22805	-9999	1818	1779	-9999	561.1943	5	0.6860	0.6938	-0.0005	79.0706	1.9875	757.7144	497.3757	36.2731	684.4111	93.7500	756.0978	93.5417	764.6534	94.4213	774.0022	95.2083	
07/08/2017	06:53:33	011992	H421015830HLR	L421	S		695.0223	1.0292	10.0000	100.1878	39.8000	0.8430	0.8269	5.0000	18.8390	815.0297	94.8611	17.8402	24.2000	0.9300	0.9349	0.6943	-0.0005	815.0000	814.5291	1.0275	-3.8452	100.0827	39.8682	0.8230	0.8248	5.0000	-9999.0000	-9999.0000	-9999.0000	-9999.0000	-9999.0000	-9999.0000	19.9606	8	0	24.9298	1.0000	99	9	-9999.0000	11632	22806	-9999	1819	1780	-9999	558.5363	5	0.6863	0.6943	-0.0005	74.0929	2.3056	729.2495	484.2045	34.9537	675.0000	94.0741	728.0281	93.8657	736.3475	94.5139	745.0886	95.1620	
07/08/2017	06:54:31	011992	H421015550HLR	L421	S		691.4625	1.0292	10.0000	100.1132	39.8467	0.8430	0.8267	5.0000	19.3987	815.0570	94.9306	20.2688	24.1000	0.9300	0.9351	0.6906	-0.0002	815.0000	816.7005	1.0275	-4.0000	100.1985	40.0363	0.8230	0.8256	5.0000	-9999.0000	-9999.0000	-9999.0000	-9999.0000	-9999.0000	-9999.0000	19.5508	2	0	29.0585	1.0000	99	9	-9999.0000	11634	22807	-9999	1821	1781	-9999	558.7186	5	0.6874	0.6906	-0.0002	69.4484	2.6382	725.5944	499.9850	37.1296	672.3754	93.7500	724.5448	93.8194	732.0095	94.5602	740.0940	95.1620	
07/08/2017	06:55:01	011992	H421015533HLR	L421	S		696.2535	1.0292	10.0000	100.1309	39.7864	0.8430	0.8267	5.0000	18.9497	815.0402	94.8611	18.5199	24.1000	0.9300	0.9350	0.6915	-0.0003	815.0000	816.2809	1.0275	-4.0000	100.0777	39.7798	0.8230	0.8249	5.0000	-9999.0000	-9999.0000	-9999.0000	-9999.0000	-9999.0000	-9999.0000	19.7203	3	0	29.6699	1.0000	99	9	-9999.0000	11635	22808	-9999	1822	1782	-9999	559.5924	5	0.6872	0.6915	-0.0003	66.8562	2.8513	734.4827	493.0673	37.5926	679.9705	95.0000	733.1889	95.0231	741.0227	94.9769	746.6696	95.0694	
07/08/2017	06:55:30	011992	H421015522HLR	L421	S		714.3827	1.0292	10.0000	100.1495	39.8499	0.8430	0.8268	5.0000	19.0599	815.0929	94.9537	11.0299	24.1000	0.9300	0.9348	0.6915	-0.0003	815.0000	814.2891	1.0275	-3.8199	100.0566	39.9373	0.8230	0.8257	5.0000	-9999.0000	-9999.0000	-9999.0000	-9999.0000	-9999.0000	-9999.0000	20.3014	4	0	29.3681	1.0000	99	9	-9999.0000	11636	22809	-9999	1823	1783	-9999	561.0456	5	0.6872	0.6915	-0.0003	66.8562	2.8513	761.6157	475.3735	35.6250	700.2873	93.7731	760.5010	93.5648	769.3496	94.4213	778.0751	95.2083	
07/08/2017	06:55:57	011992	H421015540HLR	L421	S		696.0027	1.0292	10.0000	100.1409	39.8212	0.8430	0.8268	5.0000	18.9390	815.1087	94.8843	18.2191	24.1000	0.9300	0.9350	0.6923	-0.0004	815.0000	815.2566	1.0275	-3.9218	100.0547	39.9158	0.8230	0.8245	5.0000	-9999.0000	-9999.0000	-9999.0000	-9999.0000	-9999.0000	-9999.0000	22.2793	5	0	26.3400	1.0000	99	9	-9999.0000	11637	22810	-9999	1823	1784	-9999	559.2880	5	0.6870	0.6923	-0.0004	66.8480	2.8757	733.5779	487.1007	35.6019	674.5513	95.6019	732.4603	95.6713	740.1564	95.2778	747.2345	95.0694	
07/08/2017	06:56:26	011992	H421014884HLR	L421	S		698.3796	1.0292	10.0000	100.1383	39.8000	0.8430	0.8268	5.0000	18.9391	815.0749	94.8380	18.1888	24.1000	0.9300	0.9350	0.6933	-0.0004	815.0000	815.7383	1.0275	-3.9725	100.0694	39.6834	0.8230	0.8240	5.0000	-9999.0000	-9999.0000	-9999.0000	-9999.0000	-9999.0000	-9999.0000	22.8085	6	0	29.0985	1.0000	99	9	-9999.0000	11638	22811	-9999	1824	1785	-9999	558.9452	5	0.6871	0.6933	-0.0004	59.4611	3.2852	731.4212	466.5841	33.1944	667.1365	94.4213	730.1860	94.0046	739.7418	94.6065	747.9618	95.0926	
07/08/2017	06:56:56	011992	H421015527HLR	L421	S		693.5918	1.0292	10.0000	100.1101	39.8627	0.8430	0.8269	5.0000	18.9989	815.0577	94.8611	18.8792	24.1000	0.9300	0.9350	0.6928	-0.0004	815.0000	815.2517	1.0275	-3.9212	100.0675	39.8098	0.8230	0.8249	5.0000	-9999.0000	-9999.0000	-9999.0000	-9999.0000	-9999.0000	-9999.0000	22.0183	7	0	29.8788	1.0000	99	9	-9999.0000	11639	22812	-9999	1825	1786	-9999	558.7944	5	0.6870	0.6928	-0.0004	62.3983	3.1233	727.6360	462.2258	34.3056	664.5019	94.9306	726.0737	94.4907	734.6258	94.7685	741.3929	95.0694	
07/08/2017	06:57:27	011992	H421015517HLR	L421	S		693.9286	1.0292	10.0000	100.1516	39.8208	0.8430	0.8267	5.0000	19.1194	815.1140	94.8611	18.4994	24.1000	0.9300	0.9350	0.6928	-0.0004	815.0000	814.8757	1.0275	-3.8816	100.0063	40.0826	0.8230	0.8256	5.0000	-9999.0000	-9999.0000	-9999.0000	-9999.0000	-9999.0000	-9999.0000	19.7368	8	0	30.7586	1.0000	99	9	-9999.0000	11640	22813	-9999	1826	1787	-9999	558.9969	5	0.6870	0.6928	-0.0004	62.3983	3.1233	728.3418	463.7552	33.7963	664.6676	95.0000	727.0159	94.5602	734.2453	94.7917	742.0118	95.1157	
07/08/2017	06:58:00	011992	H421015515HLR	L421	S		717.6050	1.0292	10.0000	100.2104	39.8000	0.8430	0.8268	5.0000	18.7794	815.0488	94.9074	12.5396	24.2000	0.9300	0.9350	0.6945	-0.0005	815.0000	819.4129	1.0275	-4.0000	100.0265	39.8920	0.8230	0.8246	5.0000	-9999.0000	-9999.0000	-9999.0000	-9999.0000	-9999.0000	-9999.0000	19.9779	1	0	33.0790	1.0000	99	9	-9999.0000	11641	22814	-9999	1827	1788	-9999	561.2936	5	0.6871	0.6945	-0.0005	63.4531	3.0702	758.7436	496.6471	33.2870	693.3519	93.8889	757.6890	93.3796	767.1181	94.4907	776.4965	95.2546	
07/08/2017	06:58:30	011992	H421015535HLR	L421	S		693.7529	1.0292	10.0000	100.1974	39.8499	0.8430	0.8269	5.0000	18.8791	815.0751	94.8380	18.1595	24.2000	0.9300	0.9351	0.6950	-0.0005	815.0000	813.4748	1.0275	-3.7342	100.1669	39.8074	0.8230	0.8253	5.0000	-9999.0000	-9999.0000	-9999.0000	-9999.0000	-9999.0000	-9999.0000	19.5129	2	0	30.4294	1.0000	99	9	-9999.0000	11642	22815	-9999	1828	1789	-9999	559.0676	5	0.6867	0.6950	-0.0005	64.6962	2.9886	727.3945	477.4696	34.2593	664.6193	95.0231	726.2352	94.7454	735.4130	94.9074	742.6773	95.1620	
07/08/2017	06:58:59	011992	H421015520HLR	L421	S		691.2062	1.0292	10.0000	100.1359	39.8218	0.8430	0.8267	5.0000	18.9896	815.0862	94.8843	19.0296	24.3000	0.9300	0.9351	0.6946	-0.0005	815.0000	814.4694	1.0275	-3.8389	100.0110	40.0641	0.8230	0.8258	5.0000	-9999.0000	-9999.0000	-9999.0000	-9999.0000	-9999.0000	-9999.0000	19.8204	3	0	28.5186	1.0000	99	9	-9999.0000	11643	22816	-9999	1829	1790	-9999	558.8029	5	0.6862	0.6946	-0.0005	69.5354	2.7453	728.4558	497.0521	33.8426	669.1804	95.0231	727.2279	94.6528	735.5736	94.8611	741.9581	95.0694	
07/08/2017	06:59:28	011992	H421014907HLR	L421	S		694.0464	1.0292	10.0000	100.1629	39.8240	0.8430	0.8268	5.0000	18.9195	815.0894	94.9537	19.8792	24.3000	0.9300	0.9350	0.6877	-0.0001	815.0000	813.7570	1.0275	-3.7639	100.0328	39.9395	0.8230	0.8247	5.0000	-9999.0000	-9999.0000	-9999.0000	-9999.0000	-9999.0000	-9999.0000	20.1590	4	0	29.1191	1.0000	99	9	-9999.0000	11644	22817	-9999	1830	1791	-9999	558.3225	5	0.6859	0.6877	-0.0001	67.5240	2.8483	722.8691	472.0759	35.2778	664.7272	94.6065	721.6126	94.2593	730.1701	94.6991	736.8370	95.1157	
07/08/2017	06:59:53	011992	H421014886HLR	L421	S		690.7693	1.0292	10.0000	100.1642	39.8242	0.8430	0.8268	5.0000	18.8185	815.0996	94.9306	22.2892	24.3000	0.9300	0.9351	0.6944	-0.0005	815.0000	816.4945	1.0275	-4.0000	99.9952	39.8086	0.8230	0.8250	5.0000	-9999.0000	-9999.0000	-9999.0000	-9999.0000	-9999.0000	-9999.0000	19.3888	5	0	24.9785	1.0000	99	9	-9999.0000	11645	22818	-9999	1831	1792	-9999	558.4118	5	0.6859	0.6944	-0.0005	68.2453	2.8185	733.0282	517.1645	35.3935	665.2067	95.3241	731.3987	94.9306	738.9808	94.9769	745.3911	95.0926	
07/08/2017	07:00:25	011992	H421012010HLR	L421	S		698.5596	1.0292	10.0000	100.1812	39.8208	0.8430	0.8268	5.0000	18.8024	815.0887	94.9074	19.6194	24.4000	0.9300	0.9351	0.6942	-0.0005	815.0000	815.6603	1.0275	-3.9642	100.0448	40.0068	0.8230	0.8256	5.0000	-9999.0000	-9999.0000	-9999.0000	-9999.0000	-9999.0000	-9999.0000	20.2350	6	0	32.4491	1.0000	99	9	-9999.0000	11646	22819	-9999	1832	1793	-9999	558.4605	5	0.6860	0.6942	-0.0005	62.9325	3.1037	732.4323	473.5442	34.0741	671.1909	95.7639	731.1490	95.4630	738.8247	95.2083	743.6734	95.0926	
07/08/2017	07:00:58	011992	H421014872HLR	L421	S		693.1968	1.0292	10.0000	100.1480	39.8303	0.8430	0.8268	5.0000	18.8794	815.0696	94.8611	17.8099	24.4000	0.9300	0.9350	0.6942	-0.0005	815.0000	813.4604	1.0275	-3.7327	100.0839	40.0267	0.8230	0.8253	5.0000	-9999.0000	-9999.0000	-9999.0000	-9999.0000	-9999.0000	-9999.0000	19.6211	7	0	32.3190	1.0000	99	9	-9999.0000	11647	22820	-9999	1833	1794	-9999	559.2467	5	0.6862	0.6942	-0.0005	67.7105	2.8329	732.7663	480.3431	34.3287	675.8976	95.2315	731.7273	95.2083	738.9369	95.1157	745.2500	95.1157	
07/08/2017	07:01:28	011992	H421015507HLR	L421	S		693.5690	1.0292	10.0000	100.1194	39.8100	0.8430	0.8266	5.0000	19.6195	815.0701	94.8611	18.3294	24.5000	0.9300	0.9351	0.6937	-0.0004	815.0000	813.2686	1.0275	-3.7125	100.0430	39.8890	0.8230	0.8250	5.0000	-9999.0000	-9999.0000	-9999.0000	-9999.0000	-9999.0000	-9999.0000	19.7802	8	0	30.0091	1.0000	99	9	-9999.0000	11648	22821	-9999	1834	1795	-9999	559.0323	5	0.6860	0.6937	-0.0004	71.6906	2.5673	729.7826	483.3550	35.3472	673.5612	95.3472	728.4418	95.3704	737.0062	95.1620	744.2572	95.0694	
07/08/2017	07:01:58	011992	H421014843HLR	L421	S		714.2353	1.0292	10.0000	100.1757	39.8441	0.8430	0.8268	5.0000	18.8282	815.1382	94.9306	13.8989	24.5000	0.9300	0.9350	0.6937	-0.0004	815.0000	813.9681	1.0275	-3.7861	100.1182	39.9639	0.8230	0.8254	5.0000	-9999.0000	-9999.0000	-9999.0000	-9999.0000	-9999.0000	-9999.0000	19.8617	1	0	30.8685	1.0000	99	9	-9999.0000	11649	22822	-9999	1835	1796	-9999	560.8467	5	0.6860	0.6937	-0.0004	71.6906	2.5673	754.3401	509.6050	36.6898	695.2818	95.2778	752.8623	95.4167	760.7222	95.1852	765.9770	95.0926	
07/08/2017	07:02:24	011992	H421014888HLR	L421	S		687.9055	1.0292	10.0000	100.1626	39.8549	0.8430	0.8268	5.0000	18.8402	815.0474	94.9074	21.6691	24.4000	0.9300	0.9350	0.6980	-0.0006	815.0000	815.7004	1.0275	-3.9685	100.1922	39.8749	0.8230	0.8246	5.0000	-9999.0000	-9999.0000	-9999.0000	-9999.0000	-9999.0000	-9999.0000	21.7687	2	0	25.7392	1.0000	99	9	-9999.0000	11650	22823	-9999	1836	1797	-9999	557.8192	5	0.6857	0.6980	-0.0006	76.0448	2.3160	719.9997	496.2854	35.8796	670.4650	95.0463	718.5981	94.8148	725.6694	94.9769	731.9825	95.1157	
07/08/2017	07:02:52	011992	H421014887HLR	L421	S		695.8949	1.0292	10.0000	100.1489	39.8329	0.8430	0.8267	5.0000	18.8490	815.1042	94.9306	21.5490	24.4000	0.9300	0.9349	0.6895	-0.0002	815.0000	818.5787	1.0275	-4.0000	100.1304	39.8321	0.8230	0.8245	5.0000	-9999.0000	-9999.0000	-9999.0000	-9999.0000	-9999.0000	-9999.0000	22.2464	3	0	27.5587	1.0000	99	9	-9999.0000	11651	22824	-9999	1837	1798	-9999	557.8265	5	0.6859	0.6895	-0.0002	97.1014	1.2797	726.7915	484.6238	35.6713	672.3982	95.4861	725.4526	95.4167	733.0420	95.2083	739.9291	95.1157	
07/08/2017	07:03:20	011992	H421014880HLR	L421	S		697.4119	1.0292	10.0000	100.2155	39.8886	0.8430	0.8268	5.0000	18.8490	815.0367	94.8843	19.2395	24.3000	0.9300	0.9349	0.6983	-0.0006	815.0000	815.0738	1.0275	-3.9025	100.0506	39.9303	0.8230	0.8252	5.0000	-9999.0000	-9999.0000	-9999.0000	-9999.0000	-9999.0000	-9999.0000	19.9622	4	0	28.3095	1.0000	99	9	-9999.0000	11652	22825	-9999	1838	1799	-9999	559.0493	5	0.6863	0.6983	-0.0006	66.9756	2.7748	740.5126	488.0389	35.6250	681.6971	96.0648	735.0576	96.0880	743.2124	95.4167	748.7710	95.0000	
07/08/2017	07:03:48	011992	H421014915HLR	L421	S		697.4458	1.0292	10.0000	100.2019	39.8329	0.8430	0.8267	5.0000	18.7879	815.0405	94.9306	20.1086	24.3000	0.9300	0.9349	0.6991	-0.0007	815.0000	816.9207	1.0275	-4.0000	100.1486	40.0190	0.8230	0.8255	5.0000	-9999.0000	-9999.0000	-9999.0000	-9999.0000	-9999.0000	-9999.0000	19.3483	5	0	27.6992	1.0000	99	9	-9999.0000	11653	22826	-9999	1839	1800	-9999	558.7336	5	0.6861	0.6991	-0.0007	65.8951	2.8191	729.3673	488.8475	35.7870	673.6342	95.5787	728.0667	95.6019	736.1271	95.2778	741.7367	95.0231	
07/08/2017	07:04:42	011992	H421018897HLR	L421	S		701.9951	1.0292	10.0000	100.1849	39.9225	0.8430	0.8268	5.0000	18.8294	815.0738	94.8843	16.8089	24.3000	0.9300	0.9351	0.6996	-0.0007	815.0000	815.3957	1.0275	-3.9364	99.9927	39.9044	0.8230	0.8248	5.0000	-9999.0000	-9999.0000	-9999.0000	-9999.0000	-9999.0000	-9999.0000	19.9382	7	0	27.2991	1.0000	99	9	-9999.0000	11655	22827	-9999	1841	1801	-9999	560.5845	5	0.6857	0.6996	-0.0007	94.0500	1.4020	730.6054	471.4503	34.0509	674.8584	93.8426	729.2227	93.5880	738.5402	94.5370	746.7311	95.2083	
07/08/2017	07:05:10	011992	H421018903HLR	L421	S		699.9871	1.0292	10.0000	100.1767	39.8194	0.8430	0.8266	5.0000	18.7450	815.0993	94.8611	17.4193	24.2000	0.9300	0.9349	0.7006	-0.0008	815.0000	815.7524	1.0275	-3.9739	100.0024	39.7275	0.8230	0.8250	5.0000	-9999.0000	-9999.0000	-9999.0000	-9999.0000	-9999.0000	-9999.0000	19.9485	8	0	28.3204	1.0000	99	9	-9999.0000	11656	22828	-9999	1842	1802	-9999	560.1723	5	0.6854	0.7006	-0.0008	59.7087	3.0149	727.6334	488.5602	35.9722	677.1509	94.0278	726.3579	93.9583	734.5408	94.5833	743.2958	95.0926	
07/08/2017	07:05:38	011992	H421018869HLR	L421	S		703.7464	1.0292	10.0000	100.1186	39.8503	0.8430	0.8266	5.0000	19.7492	815.1125	94.8611	17.0296	24.2000	0.9300	0.9350	0.7006	-0.0008	815.0000	815.0255	1.0275	-3.8974	100.1548	40.0810	0.8230	0.8264	5.0000	-9999.0000	-9999.0000	-9999.0000	-9999.0000	-9999.0000	-9999.0000	19.3796	1	0	27.9486	1.0000	99	9	-9999.0000	11657	22829	-9999	1843	1803	-9999	560.3256	5	0.6854	0.7006	-0.0008	59.7087	3.0149	728.7603	480.1007	34.6296	672.8923	94.1898	727.5099	94.0509	736.0341	94.6065	744.3466	95.1389	
07/08/2017	07:06:06	011992	H421018878HLR	L421	S		706.6903	1.0292	10.0000	100.1616	39.8984	0.8430	0.8266	5.0000	19.2189	815.0819	94.9537	15.6996	24.2000	0.9300	0.9350	0.7006	-0.0008	815.0000	814.4303	1.0275	-3.8348	100.0541	40.0780	0.8230	0.8248	5.0000	-9999.0000	-9999.0000	-9999.0000	-9999.0000	-9999.0000	-9999.0000	20.1988	2	0	28.2180	1.0000	99	9	-9999.0000	11658	22830	-9999	1844	1804	-9999	561.2990	5	0.6854	0.7006	-0.0008	59.7087	3.0149	736.1140	473.0388	36.8750	681.8744	94.5602	734.9567	94.4444	743.0438	94.7685	750.8587	95.1157	
07/08/2017	07:06:36	011992	H421018864HLR	L421	S		703.5029	1.0292	10.0000	100.1926	39.8357	0.8430	0.8266	5.0000	18.8186	815.0532	94.8843	16.5297	24.2000	0.9300	0.9350	0.7006	-0.0008	815.0000	814.7226	1.0275	-3.8655	100.1447	39.6780	0.8230	0.8239	5.0000	-9999.0000	-9999.0000	-9999.0000	-9999.0000	-9999.0000	-9999.0000	22.7490	3	0	29.9891	1.0000	99	9	-9999.0000	11659	22831	-9999	1845	1805	-9999	560.5245	5	0.6855	0.7006	-0.0008	81.4695	1.9702	731.1287	469.4526	34.8380	680.2553	94.4444	729.8200	94.3056	739.2707	94.7454	746.7592	95.1389	
07/08/2017	07:07:04	011992	H421018898HLR	L421	S		703.8298	1.0292	10.0000	100.1250	39.8238	0.8430	0.8265	5.0000	19.7189	815.0380	94.8380	17.5394	24.2000	0.9300	0.9350	0.7011	-0.0008	815.0000	816.6100	1.0275	-4.0000	100.1400	39.9497	0.8230	0.8258	5.0000	-9999.0000	-9999.0000	-9999.0000	-9999.0000	-9999.0000	-9999.0000	19.4389	4	0	28.0286	1.0000	99	9	-9999.0000	11660	22832	-9999	1846	1806	-9999	559.7936	5	0.6861	0.7011	-0.0008	62.9513	2.9279	731.0969	462.7638	35.9491	678.8092	94.6296	730.1686	94.5370	736.7045	94.8380	743.4357	95.0926	
07/08/2017	07:07:32	011992	H421018909HLR	L421	S		704.2798	1.0292	10.0000	100.1435	39.9094	0.8430	0.8267	5.0000	18.9700	815.0537	94.8380	17.0795	24.2000	0.9300	0.9350	0.7011	-0.0008	815.0000	815.8649	1.0275	-3.9858	100.1244	40.1267	0.8230	0.8255	5.0000	-9999.0000	-9999.0000	-9999.0000	-9999.0000	-9999.0000	-9999.0000	19.4456	5	0	28.2487	1.0000	99	9	-9999.0000	11661	22833	-9999	1847	1807	-9999	560.1912	5	0.6861	0.7011	-0.0008	62.9513	2.9279	733.7230	504.6999	36.2037	678.8759	95.7407	732.4573	95.6944	741.7590	95.3935	746.5723	95.1157	
07/08/2017	07:08:01	011992	H421018896HLR	L421	S		702.8435	1.0292	10.0000	100.1835	39.8703	0.8430	0.8266	5.0000	18.8100	815.0947	94.8148	17.4193	24.2000	0.9300	0.9350	0.7024	-0.0009	815.0000	817.0272	1.0275	-4.0000	100.0677	39.8819	0.8230	0.8246	5.0000	-9999.0000	-9999.0000	-9999.0000	-9999.0000	-9999.0000	-9999.0000	19.4590	6	0	29.0497	1.0000	99	9	-9999.0000	11662	22833	-9999	1848	1808	-9999	560.0255	5	0.6863	0.7024	-0.0009	60.1585	3.0472	731.5887	488.3638	35.5556	675.5696	94.7685	729.7708	94.6991	738.0606	94.9537	745.4163	95.1389	
07/08/2017	07:08:32	011992	H421018436HLR	L421	Q		703.0953	1.0292	10.0000	100.1620	39.8255	0.8430	0.8266	5.0000	18.8996	815.0558	94.8843	19.0989	24.1000	0.9300	0.9350	0.7082	-0.0012	815.0000	816.5027	1.0275	-4.0000	100.1628	39.8509	0.8230	0.8253	5.0000	-9999.0000	-9999.0000	-9999.0000	-9999.0000	-9999.0000	-9999.0000	19.5687	7	0	30.2987	1.0000	99	9	-9999.0000	11663	22834	-9999	1849	1809	-9999	558.6807	5	0.6860	0.7082	-0.0012	71.5144	2.3937	725.3554	495.4603	35.1620	673.2332	94.5139	724.4625	94.4907	730.8631	94.8380	737.7103	95.1389	
07/08/2017	07:09:00	011992	H421018427HLR	L421	S		703.3997	1.0292	10.0000	100.1427	39.8745	0.8430	0.8266	5.0000	19.4993	815.0347	94.8380	17.2494	24.2000	0.9300	0.9350	0.7077	-0.0012	815.0000	815.5365	1.0275	-3.9512	100.1408	39.9922	0.8230	0.8249	5.0000	-9999.0000	-9999.0000	-9999.0000	-9999.0000	-9999.0000	-9999.0000	21.7186	8	0	28.4385	1.0000	99	9	-9999.0000	11664	22835	-9999	1850	1810	-9999	560.0525	5	0.6863	0.7077	-0.0012	68.9761	2.5078	723.1285	476.1655	35.9722	667.3907	94.6991	721.8946	94.6991	731.7182	94.8611	738.6833	95.0694	
07/08/2017	07:09:29	011992	H421018449HLR	L421	S		701.5380	1.0292	10.0000	100.2015	39.8697	0.8430	0.8267	5.0000	18.7396	815.0724	94.8380	17.4789	24.2000	0.9300	0.9350	0.7050	-0.0010	815.0000	815.8832	1.0275	-3.9877	100.0246	39.8184	0.8230	0.8240	5.0000	-9999.0000	-9999.0000	-9999.0000	-9999.0000	-9999.0000	-9999.0000	23.0391	1	0	28.5693	1.0000	99	9	-9999.0000	11665	22836	-9999	1851	1811	-9999	559.8123	5	0.6866	0.7050	-0.0010	69.9650	2.4820	722.8541	477.5154	36.4352	668.6096	94.7685	721.5270	94.5833	730.0439	94.8843	737.0704	95.0926	
07/08/2017	07:09:58	011992	H421018419HLR	L421	S		703.0095	1.0292	10.0000	100.1813	39.8467	0.8430	0.8266	5.0000	18.7894	815.1105	94.8380	18.2298	24.2000	0.9300	0.9351	0.7121	-0.0015	815.0000	817.3638	1.0275	-4.0000	100.0743	39.7647	0.8230	0.8243	5.0000	-9999.0000	-9999.0000	-9999.0000	-9999.0000	-9999.0000	-9999.0000	22.3978	2	0	29.2489	1.0000	99	9	-9999.0000	11666	22837	-9999	1852	1812	-9999	559.1599	5	0.6865	0.7121	-0.0015	75.4923	2.1539	728.4373	472.1441	35.0231	669.5367	95.0694	727.0188	95.1157	735.0594	95.1389	741.6885	95.1157	
07/08/2017	07:10:28	011992	H421018455HLR	L421	S		700.0125	1.0292	10.0000	100.1523	39.8741	0.8430	0.8267	5.0000	18.8297	815.0864	94.9074	19.4993	24.3000	0.9300	0.9351	0.7129	-0.0015	815.0000	815.5677	1.0275	-3.9545	100.1216	39.9539	0.8230	0.8248	5.0000	-9999.0000	-9999.0000	-9999.0000	-9999.0000	-9999.0000	-9999.0000	21.6089	3	0	30.2587	1.0000	99	9	-9999.0000	11667	22838	-9999	1853	1813	-9999	557.2587	5	0.6868	0.7129	-0.0015	58.1808	3.1797	716.4598	474.4334	34.8380	660.3727	94.8148	714.9894	94.5833	723.9432	94.8380	731.8279	95.1389	
07/08/2017	07:10:55	011992	H421018416HLR	L421	S		701.7072	1.0292	10.0000	100.1931	39.8808	0.8430	0.8266	5.0000	18.9101	815.0497	94.8843	17.6498	24.3000	0.9300	0.9351	0.7129	-0.0015	815.0000	815.3425	1.0275	-3.9308	100.0773	39.9543	0.8230	0.8244	5.0000	-9999.0000	-9999.0000	-9999.0000	-9999.0000	-9999.0000	-9999.0000	20.9704	4	0	27.3896	1.0000	99	9	-9999.0000	11668	22839	-9999	1854	1814	-9999	559.2938	5	0.6868	0.7129	-0.0015	58.1808	3.1797	717.9766	473.9996	35.4630	660.5790	94.9769	716.5578	94.9306	726.0526	95.0231	733.7104	95.1157	
07/08/2017	07:11:22	011992	H421018456HLR	L421	S		700.4542	1.0292	10.0000	100.1855	39.8471	0.8430	0.8266	5.0000	18.8153	815.0979	94.8611	17.8294	24.3000	0.9300	0.9351	0.7134	-0.0016	815.0000	814.8181	1.0275	-3.8756	100.1155	39.8190	0.8230	0.8244	5.0000	-9999.0000	-9999.0000	-9999.0000	-9999.0000	-9999.0000	-9999.0000	21.9332	5	0	26.4882	1.0000	99	9	-9999.0000	11669	22840	-9999	1854	1815	-9999	559.0221	5	0.6866	0.7134	-0.0016	54.3672	3.3975	717.6809	477.6692	34.4213	659.7851	94.9074	716.4106	94.6991	725.3179	94.9074	733.6734	95.1389	
07/08/2017	07:11:50	011992	H421018381HLR	L421	S		702.2463	1.0292	10.0000	100.1567	39.8577	0.8430	0.8267	5.0000	19.0285	815.1144	94.8843	18.4691	24.4000	0.9300	0.9351	0.7202	-0.0020	815.0000	815.4159	1.0275	-3.9385	100.1234	39.9224	0.8230	0.8247	5.0000	-9999.0000	-9999.0000	-9999.0000	-9999.0000	-9999.0000	-9999.0000	21.6381	6	0	28.4990	1.0000	99	9	-9999.0000	11670	22840	-9999	1854	1815	-9999	557.6646	5	0.6864	0.7202	-0.0020	67.4238	2.5930	714.1551	467.5442	36.6204	657.4249	95.3241	712.7181	95.4167	721.6972	95.2315	727.1926	95.1157	
07/08/2017	07:12:18	011992	H421018443HLR	L421	S		700.5124	1.0292	10.0000	100.1880	39.8856	0.8430	0.8269	5.0000	18.8498	815.0799	94.9074	19.5198	24.4000	0.9300	0.9351	0.7112	-0.0014	815.0000	814.2599	1.0275	-3.8168	100.1181	40.0261	0.8230	0.8253	5.0000	-9999.0000	-9999.0000	-9999.0000	-9999.0000	-9999.0000	-9999.0000	19.2806	7	0	27.9994	1.0000	99	9	-9999.0000	11671	22841	-9999	1854	1816	-9999	556.7348	5	0.6856	0.7112	-0.0014	91.9708	1.2011	717.5906	475.8354	36.4583	663.0346	95.3241	716.3832	95.3009	724.7559	95.2083	730.3866	95.1157	
07/08/2017	07:12:46	011992	H421018431HLR	L421	S		698.6364	1.0292	10.0000	100.1653	39.8591	0.8430	0.8266	5.0000	18.8292	815.0783	94.9306	16.4896	24.5000	0.9300	0.9351	0.7112	-0.0014	815.0000	816.9377	1.0275	-4.0000	100.0312	39.8677	0.8230	0.8244	5.0000	-9999.0000	-9999.0000	-9999.0000	-9999.0000	-9999.0000	-9999.0000	22.2684	8	0	27.7390	1.0000	99	9	-9999.0000	11672	22842	-9999	1855	1817	-9999	560.4212	5	0.6856	0.7112	-0.0014	91.9708	1.2011	727.0133	461.7686	36.4352	668.7575	95.1389	725.3920	95.0463	735.6097	95.0694	743.8219	95.0463	
07/08/2017	07:13:14	011992	H421018421HLR	L421	S		699.6266	1.0292	10.0000	100.1596	39.8580	0.8430	0.8266	5.0000	19.1668	815.0934	94.9537	15.6596	24.5000	0.9300	0.9350	0.7090	-0.0013	815.0000	814.7382	1.0275	-3.8672	100.1095	39.8419	0.8230	0.8244	5.0000	-9999.0000	-9999.0000	-9999.0000	-9999.0000	-9999.0000	-9999.0000	22.6892	1	0	28.1793	1.0000	99	9	-9999.0000	11673	22843	-9999	1856	1818	-9999	561.1864	5	0.6854	0.7090	-0.0013	96.3440	0.9671	728.4751	481.6097	34.5833	670.0485	94.9537	726.8911	94.8148	737.1947	95.0000	746.2679	95.1389	
07/08/2017	07:13:44	011992	H421018453HLR	L421	S		700.3399	1.0292	10.0000	100.1402	39.8565	0.8430	0.8265	5.0000	19.6614	815.0857	94.8380	17.6400	24.6000	0.9300	0.9351	0.7084	-0.0013	815.0000	813.7251	1.0275	-3.7605	100.1052	39.9792	0.8230	0.8247	5.0000	-9999.0000	-9999.0000	-9999.0000	-9999.0000	-9999.0000	-9999.0000	21.3740	2	0	29.6182	1.0000	99	9	-9999.0000	11674	22844	-9999	1857	1819	-9999	559.0301	5	0.6850	0.7084	-0.0013	109.0188	0.2675	719.0096	486.3101	35.1157	663.3524	95.2315	717.5959	95.3704	728.3440	95.2315	735.3370	95.0694	
07/08/2017	07:14:13	011992	H421018410HLR	L421	S		700.6795	1.0292	10.0000	100.1757	39.9178	0.8430	0.8267	5.0000	18.8089	815.1083	94.8611	17.1693	24.6000	0.9300	0.9350	0.7084	-0.0013	815.0000	812.6641	1.0275	-3.6489	100.1347	39.9435	0.8230	0.8243	5.0000	-9999.0000	-9999.0000	-9999.0000	-9999.0000	-9999.0000	-9999.0000	22.2980	3	0	28.9892	1.0000	99	9	-9999.0000	11675	22845	-9999	1857	1820	-9999	559.5527	5	0.6850	0.7084	-0.0013	109.0188	0.2675	720.6729	472.4684	35.4630	670.3561	94.8843	719.4094	94.8380	728.9842	95.0000	736.7080	95.1157	
07/08/2017	07:14:42	011992	H421018372HLR	L421	Q		701.0542	1.0292	10.0000	100.1741	39.8856	0.8430	0.8266	5.0000	18.9113	815.0717	94.8380	16.9300	24.6000	0.9300	0.9350	0.7069	-0.0012	815.0000	813.4669	1.0275	-3.7334	100.1248	39.8580	0.8230	0.8243	5.0000	-9999.0000	-9999.0000	-9999.0000	-9999.0000	-9999.0000	-9999.0000	22.2789	4	0	28.8695	1.0000	99	9	-9999.0000	11676	22846	-9999	1858	1821	-9999	559.7146	5	0.6850	0.7069	-0.0012	106.9360	0.3784	724.5850	471.5377	35.2546	671.3245	94.1667	723.2922	93.9120	732.9912	94.5833	741.2718	95.2083	
07/08/2017	07:15:10	011992	H421018376HLR	L421	S		702.3662	1.0292	10.0000	100.1810	39.8663	0.8430	0.8266	5.0000	18.8885	815.0751	94.8611	17.4993	24.5000	0.9300	0.9349	0.7104	-0.0014	815.0000	813.7798	1.0275	-3.7663	100.0506	39.9259	0.8230	0.8246	5.0000	-9999.0000	-9999.0000	-9999.0000	-9999.0000	-9999.0000	-9999.0000	22.1001	5	0	28.1889	1.0000	99	9	-9999.0000	11677	22847	-9999	1859	1822	-9999	559.2642	5	0.6855	0.7104	-0.0014	115.9115	-0.0999	722.2837	450.2215	35.5787	667.0895	94.8843	721.2568	94.9306	729.6511	95.0231	737.4415	95.1157	
07/08/2017	07:15:39	011992	H421018399HLR	L421	S		702.1991	1.0292	10.0000	100.2036	39.9166	0.8430	0.8267	5.0000	18.9325	815.1127	94.8611	18.8391	24.4000	0.9300	0.9349	0.7098	-0.0014	815.0000	814.0097	1.0275	-3.7905	100.1369	40.0573	0.8230	0.8253	5.0000	-9999.0000	-9999.0000	-9999.0000	-9999.0000	-9999.0000	-9999.0000	19.2598	6	0	28.6391	1.0000	99	9	-9999.0000	11678	22848	-9999	1860	1823	-9999	557.7957	5	0.6855	0.7098	-0.0014	117.0602	-0.1611	722.2425	501.6404	35.9722	668.0592	95.1852	720.8027	95.3241	729.8849	95.2315	735.6676	95.1389	
07/08/2017	07:16:08	011992	H421018395HLR	L421	S		699.9123	1.0292	10.0000	100.1973	39.9299	0.8430	0.8266	5.0000	18.9687	815.0801	94.8611	18.1497	24.4000	0.9300	0.9348	0.7106	-0.0014	815.0000	813.0048	1.0275	-3.6847	99.9633	40.0066	0.8230	0.8251	5.0000	-9999.0000	-9999.0000	-9999.0000	-9999.0000	-9999.0000	-9999.0000	19.1686	7	0	29.1381	1.0000	99	9	-9999.0000	11679	22849	-9999	1861	1824	-9999	558.6383	5	0.6857	0.7106	-0.0014	114.3487	-0.0207	717.2362	482.6520	34.6759	662.1136	95.0694	716.0005	95.1389	723.7972	95.1157	729.5743	95.0926	
07/08/2017	07:16:39	011992	H421018387HLR	L421	S		701.0850	1.0292	10.0000	100.1695	39.8794	0.8430	0.8265	5.0000	19.4894	815.1089	94.8611	18.0296	24.3000	0.9300	0.9348	0.7119	-0.0015	815.0000	814.9835	1.0275	-3.8930	99.9550	39.9478	0.8230	0.8249	5.0000	-9999.0000	-9999.0000	-9999.0000	-9999.0000	-9999.0000	-9999.0000	19.9703	8	0	30.8993	1.0000	99	9	-9999.0000	11680	22850	-9999	1862	1825	-9999	558.9710	5	0.6861	0.7119	-0.0015	114.1866	-0.0178	720.4967	471.7724	35.0463	665.4957	95.0231	719.2934	95.0231	728.8322	95.1157	734.2039	95.1157	
07/08/2017	07:17:08	011992	H421018391HLR	L421	S		704.2826	1.0292	10.0000	100.1761	39.9212	0.8430	0.8266	5.0000	18.9013	815.0486	94.8611	17.3890	24.3000	0.9300	0.9349	0.7129	-0.0015	815.0000	816.2534	1.0275	-4.0000	99.9091	40.0212	0.8230	0.8253	5.0000	-9999.0000	-9999.0000	-9999.0000	-9999.0000	-9999.0000	-9999.0000	19.1912	1	0	28.7987	1.0000	99	9	-9999.0000	11681	22851	-9999	1862	1826	-9999	559.7206	5	0.6864	0.7129	-0.0015	123.8668	-0.5928	724.9155	463.2319	35.1389	669.3692	95.0231	723.6534	95.0231	733.0387	95.1157	740.2364	95.1389	
07/08/2017	07:17:36	011992	H421018407HLR	L421	S		700.6505	1.0292	10.0000	100.2057	39.9257	0.8430	0.8266	5.0000	18.8391	815.1207	94.8380	17.8392	24.3000	0.9300	0.9349	0.7090	-0.0013	815.0000	814.8026	1.0275	-3.8740	100.0108	39.9766	0.8230	0.8247	5.0000	-9999.0000	-9999.0000	-9999.0000	-9999.0000	-9999.0000	-9999.0000	20.3589	2	0	28.2258	1.0000	99	9	-9999.0000	11682	22852	-9999	1863	1827	-9999	559.6053	5	0.6866	0.7090	-0.0013	122.8158	-0.5443	716.3332	463.5669	35.4167	663.0738	95.1157	715.0320	95.3241	723.5151	95.2083	729.8163	95.0926	
07/08/2017	07:18:38	011992	H421018405HLR	L421	S		699.7234	1.0292	10.0000	100.1963	39.8776	0.8430	0.8266	5.0000	18.8198	815.1255	94.8148	18.3587	24.3000	0.9300	0.9349	0.7084	-0.0012	815.0000	815.5467	1.0275	-3.9523	100.2071	39.9240	0.8230	0.8250	5.0000	-9999.0000	-9999.0000	-9999.0000	-9999.0000	-9999.0000	-9999.0000	19.7090	3	0	62.2913	1.0000	99	9	-9999.0000	11683	22853	-9999	1864	1828	-9999	559.0206	5	0.6868	0.7084	-0.0012	123.0944	-0.5562	720.9775	469.9376	35.8102	665.7100	95.0463	719.5097	95.0926	728.2587	95.1389	733.7226	95.0926	
07/08/2017	07:19:07	011992	H421018360HLR	L421	S		699.3729	1.0292	10.0000	100.1978	39.9084	0.8430	0.8266	5.0000	19.1288	815.1177	94.9537	20.0393	24.3000	0.9300	0.9350	0.7030	-0.0009	815.0000	816.7320	1.0275	-4.0000	100.1450	40.0110	0.8230	0.8253	5.0000	-9999.0000	-9999.0000	-9999.0000	-9999.0000	-9999.0000	-9999.0000	19.5587	4	0	28.6485	1.0000	99	9	-9999.0000	11684	22854	-9999	1865	1829	-9999	557.5128	5	0.6870	0.7030	-0.0009	131.4983	-1.0533	717.8675	480.3780	36.1806	661.6794	94.9769	716.6787	95.0694	724.1900	95.1157	729.9263	95.1157	
07/08/2017	07:19:35	011992	H421018340HLR	L421	S		699.6134	1.0292	10.0000	100.2000	39.9082	0.8430	0.8266	5.0000	18.7896	815.1002	94.8148	17.9993	24.3000	0.9300	0.9350	0.7067	-0.0011	815.0000	815.3358	1.0275	-3.9301	100.0330	39.8248	0.8230	0.8245	5.0000	-9999.0000	-9999.0000	-9999.0000	-9999.0000	-9999.0000	-9999.0000	19.5892	5	0	28.7196	1.0000	99	9	-9999.0000	11685	22855	-9999	1866	1830	-9999	559.6011	5	0.6870	0.7067	-0.0011	122.7226	-0.5593	723.6174	462.7347	34.0972	662.3894	94.7454	722.2434	94.3981	731.6049	94.7685	739.4525	95.1389	
07/08/2017	07:20:04	011992	H421018357HLR	L421	S		700.6429	1.0292	10.0000	100.1555	39.8593	0.8430	0.8265	5.0000	19.4700	815.0527	94.8843	17.3490	24.2000	0.9300	0.9349	0.7162	-0.0017	815.0000	817.8137	1.0275	-4.0000	100.1385	39.8000	0.8230	0.8250	5.0000	-9999.0000	-9999.0000	-9999.0000	-9999.0000	-9999.0000	-9999.0000	21.5691	6	0	28.8485	1.0000	99	9	-9999.0000	11686	22856	-9999	1867	1831	-9999	560.1728	5	0.6867	0.7162	-0.0017	79.2145	1.9167	723.1214	457.0872	32.1991	658.3992	94.2361	721.7515	93.6111	731.8775	94.6065	741.9758	95.2778	
07/08/2017	07:21:09	011992	H421018350HLR	L421	S		700.0461	1.0292	10.0000	100.1600	39.9204	0.8430	0.8267	5.0000	18.8888	815.1135	94.8843	17.7689	24.2000	0.9300	0.9349	0.7177	-0.0017	815.0000	814.9223	1.0275	-3.8866	100.1893	40.0413	0.8230	0.8246	5.0000	-9999.0000	-9999.0000	-9999.0000	-9999.0000	-9999.0000	-9999.0000	19.0641	8	0	27.6689	1.0000	99	9	-9999.0000	11688	22857	-9999	1869	1832	-9999	559.9814	5	0.6860	0.7177	-0.0017	84.9732	1.5950	722.4687	452.0750	34.7685	649.8607	97.4074	713.0826	97.8704	722.7637	95.3009	724.5815	94.2593	
07/08/2017	07:21:37	011992	H421018364HLR	L421	S		700.7954	1.0292	10.0000	100.1538	39.6750	0.8430	0.8263	5.0000	19.1790	815.0820	94.8380	17.8597	24.2000	0.9300	0.9349	0.7177	-0.0017	815.0000	815.6492	1.0275	-3.9631	99.9911	39.7774	0.8230	0.8252	5.0000	-9999.0000	-9999.0000	-9999.0000	-9999.0000	-9999.0000	-9999.0000	19.5089	1	0	28.5389	1.0000	99	9	-9999.0000	11689	22858	-9999	1870	1833	-9999	559.7024	5	0.6860	0.7177	-0.0017	84.9732	1.5950	707.1007	467.4461	33.0324	652.7765	91.8287	705.8505	91.1343	715.0832	94.7222	728.4273	95.5787	
07/08/2017	07:22:06	011992	H421018313HLR	L421	S		701.4410	1.0292	10.0000	100.1672	39.9000	0.8430	0.8271	5.0000	18.8000	815.1396	94.8380	18.0394	24.2000	0.9300	0.9349	0.7154	-0.0016	815.0000	815.6958	1.0275	-3.9680	100.0555	40.0010	0.8230	0.8250	5.0000	-9999.0000	-9999.0000	-9999.0000	-9999.0000	-9999.0000	-9999.0000	22.3279	2	0	28.3795	1.0000	99	9	-9999.0000	11690	22859	-9999	1871	1834	-9999	559.4323	5	0.6857	0.7154	-0.0016	93.8302	1.1222	709.4371	456.2609	34.1435	651.1848	91.9907	708.5504	91.2731	717.4913	94.6991	730.3326	95.5556	
07/08/2017	07:22:34	011992	H421018333HLR	L421	S		698.4751	1.0292	10.0000	100.1969	40.0399	0.8430	0.8266	5.0000	18.8988	815.0888	94.9537	26.1690	24.2000	0.9300	0.9349	0.7081	-0.0012	815.0000	824.8236	1.0275	-4.0000	100.0317	40.0038	0.8230	0.8247	5.0000	-9999.0000	-9999.0000	-9999.0000	-9999.0000	-9999.0000	-9999.0000	19.7291	3	2	28.3478	1.0000	99	9	-9999.0000	11691	22860	-9999	1872	1835	-9999	548.6428	5	0.6857	0.7081	-0.0012	101.2097	0.7361	639.6198	464.5684	35.8102	539.7212	93.4028	637.2107	92.6157	654.9736	94.6296	661.7755	95.5556	
07/08/2017	07:23:29	011992	H421018343HLR	L421	S		703.7474	1.0292	10.0000	100.1240	39.7275	0.8430	0.8262	5.0000	19.4994	815.0901	94.8611	16.8900	24.3000	0.9300	0.9350	0.7081	-0.0012	815.0000	815.5139	1.0275	-3.9488	100.1217	39.8188	0.8230	0.8247	5.0000	-9999.0000	-9999.0000	-9999.0000	-9999.0000	-9999.0000	-9999.0000	19.5690	4	0	55.1484	1.0000	99	9	-9999.0000	11692	22861	-9999	1873	1836	-9999	560.3481	5	0.6857	0.7081	-0.0012	101.2097	0.7361	722.0530	488.9914	35.4398	668.7166	93.4954	720.7385	93.4954	729.8774	94.3981	739.3453	95.2083	
07/08/2017	07:23:58	011992	H421018345HLR	L421	S		702.7876	1.0292	10.0000	100.1824	39.9529	0.8430	0.8269	5.0000	18.7585	815.1008	94.8611	17.7191	24.3000	0.9300	0.9350	0.7080	-0.0012	815.0000	814.9777	1.0275	-3.8924	100.1101	39.9118	0.8230	0.8248	5.0000	-9999.0000	-9999.0000	-9999.0000	-9999.0000	-9999.0000	-9999.0000	22.2196	5	0	28.9897	1.0000	99	9	-9999.0000	11693	22862	-9999	1874	1837	-9999	559.4796	5	0.6858	0.7080	-0.0012	89.8142	1.3770	721.0756	482.9629	36.2269	669.5459	93.1481	719.8607	92.9630	727.5516	94.4907	736.6560	95.3472	
07/08/2017	07:26:01	011992	H421018328HLR	L421	S		703.0795	1.0292	10.0000	100.1376	39.8513	0.8430	0.8264	5.0000	19.2476	815.1174	94.8611	17.4896	24.3000	0.9300	0.9350	0.7099	-0.0013	815.0000	813.8706	1.0275	-3.7759	100.1366	39.8640	0.8230	0.8243	5.0000	-9999.0000	-9999.0000	-9999.0000	-9999.0000	-9999.0000	-9999.0000	19.8020	6	0	122.8348	1.0000	99	9	-9999.0000	11694	22863	-9999	1875	1838	-9999	559.6886	5	0.6841	0.7099	-0.0013	89.2436	1.4180	719.3698	469.3938	34.5602	667.1294	93.1250	718.4755	92.7546	727.1677	94.4907	736.9689	95.3472	
07/08/2017	07:26:30	011992	H421018358HLR	L421	S		702.0884	1.0292	10.0000	100.0440	39.7659	0.8430	0.8261	5.0000	21.5099	815.0853	94.8148	17.6087	24.4000	0.9300	0.9350	0.7125	-0.0015	815.0000	814.6189	1.0275	-3.8546	100.1357	39.7000	0.8230	0.8248	5.0000	-9999.0000	-9999.0000	-9999.0000	-9999.0000	-9999.0000	-9999.0000	21.5292	7	0	28.4383	1.0000	99	9	-9999.0000	11695	22864	-9999	1876	1839	-9999	559.5753	5	0.6842	0.7125	-0.0015	88.9915	1.4305	721.8055	485.9959	35.3704	671.0744	93.2176	720.5368	92.9861	728.8121	94.3056	738.7475	95.3009	
07/08/2017	07:26:59	011992	H421018332HLR	L421	S		699.0193	1.0292	10.0000	100.1182	39.9074	0.8430	0.8266	5.0000	19.4987	815.0837	94.8843	18.4700	24.4000	0.9300	0.9350	0.7125	-0.0015	815.0000	815.2482	1.0275	-3.9209	100.0546	39.7597	0.8230	0.8256	5.0000	-9999.0000	-9999.0000	-9999.0000	-9999.0000	-9999.0000	-9999.0000	20.0710	8	0	29.6688	1.0000	99	9	-9999.0000	11696	22865	-9999	1877	1840	-9999	558.6276	5	0.6842	0.7125	-0.0015	88.9915	1.4305	716.5392	478.2673	34.7917	659.7442	94.9537	715.5636	94.6296	723.9729	94.9074	732.4994	95.1389	
07/08/2017	07:27:29	011992	H421018020HLR	L421	S		701.2367	1.0292	10.0000	100.1946	39.9188	0.8430	0.8265	5.0000	18.7992	815.0482	94.9074	18.1097	24.5000	0.9300	0.9352	0.7136	-0.0015	815.0000	814.5069	1.0275	-3.8428	99.9085	40.1475	0.8230	0.8263	5.0000	-9999.0000	-9999.0000	-9999.0000	-9999.0000	-9999.0000	-9999.0000	19.3485	1	0	29.8198	1.0000	99	9	-9999.0000	11697	22865	-9999	1878	1841	-9999	559.0274	5	0.6844	0.7136	-0.0015	87.4938	1.4907	714.2033	450.9188	33.6343	654.5508	94.4676	712.9756	94.3519	721.9933	94.8843	729.8930	95.2546	
07/08/2017	07:27:58	011992	H421018016HLR	L421	S		699.3257	1.0292	10.0000	100.1889	39.8164	0.8430	0.8265	5.0000	18.8999	815.1130	94.8611	18.2991	24.5000	0.9300	0.9351	0.7136	-0.0015	815.0000	813.7536	1.0275	-3.7635	99.9725	40.0084	0.8230	0.8246	5.0000	-9999.0000	-9999.0000	-9999.0000	-9999.0000	-9999.0000	-9999.0000	20.0206	2	0	29.4084	1.0000	99	9	-9999.0000	11698	22866	-9999	1879	1842	-9999	558.9151	5	0.6844	0.7136	-0.0015	87.4938	1.4907	714.6933	461.4686	32.0139	648.6055	94.5370	712.9750	93.9815	721.6224	94.6991	730.4426	95.2546	
07/08/2017	07:28:24	011992	H421018012HLR	L421	S		702.8397	1.0292	10.0000	100.1565	39.8505	0.8430	0.8269	5.0000	18.9189	815.0779	94.8380	17.5491	24.4000	0.9300	0.9350	0.7043	-0.0010	815.0000	815.3423	1.0275	-3.9308	100.0622	39.7180	0.8230	0.8246	5.0000	-9999.0000	-9999.0000	-9999.0000	-9999.0000	-9999.0000	-9999.0000	19.7487	3	0	25.7912	1.0000	99	9	-9999.0000	11699	22867	-9999	1880	1843	-9999	559.8696	5	0.6848	0.7043	-0.0010	87.1625	1.5030	737.1597	477.4669	35.4167	672.3820	96.2731	728.7979	96.6667	738.1529	95.2546	741.8899	94.6065	
07/08/2017	07:28:53	011992	H421018024HLR	L421	S		702.2352	1.0292	10.0000	100.1114	39.8583	0.8430	0.8266	5.0000	18.7493	815.1221	94.8611	18.8792	24.4000	0.9300	0.9348	0.7316	-0.0025	815.0000	814.7767	1.0275	-3.8712	100.1008	40.0000	0.8230	0.8252	5.0000	-9999.0000	-9999.0000	-9999.0000	-9999.0000	-9999.0000	-9999.0000	22.2985	4	0	28.6765	1.0000	99	9	-9999.0000	11700	22868	-9999	1881	1844	-9999	558.5784	5	0.6849	0.7316	-0.0025	85.2827	1.5820	718.3738	481.2528	36.3657	667.2971	92.4769	717.0475	92.2685	725.2340	94.2824	735.8661	95.3935	
07/08/2017	07:29:21	011992	H421018051HLR	L421	S		697.8169	1.0292	10.0000	99.9006	39.6699	0.8430	0.8262	5.0000	21.1086	815.0756	94.8843	19.0491	24.3000	0.9300	0.9348	0.7054	-0.0011	815.0000	813.6308	1.0275	-3.7506	100.0854	40.0836	0.8230	0.8251	5.0000	-9999.0000	-9999.0000	-9999.0000	-9999.0000	-9999.0000	-9999.0000	19.3119	5	0	28.4993	1.0000	99	9	-9999.0000	11701	22869	-9999	1882	1845	-9999	557.0841	5	0.6848	0.7054	-0.0011	84.7594	1.6027	695.9756	457.0459	34.3056	645.5685	92.2222	694.7820	91.8750	705.0245	94.3056	717.6447	95.4861	
07/08/2017	07:29:49	011992	H421018035HLR	L421	S		701.7535	1.0292	10.0000	100.1358	39.9269	0.8430	0.8269	5.0000	18.7894	815.0655	94.8611	18.5090	24.3000	0.9300	0.9348	0.7047	-0.0010	815.0000	814.4627	1.0275	-3.8382	100.0366	39.8120	0.8230	0.8244	5.0000	-9999.0000	-9999.0000	-9999.0000	-9999.0000	-9999.0000	-9999.0000	19.7531	6	0	27.7485	1.0000	99	9	-9999.0000	11702	22870	-9999	1883	1846	-9999	559.0109	5	0.6849	0.7047	-0.0010	84.1084	1.6265	720.0081	475.6634	34.5602	669.0944	93.1481	718.8257	92.9398	727.1149	94.2824	735.9903	95.3009	
07/08/2017	07:30:45	011992	H421018027HLR	L421	S		699.3546	1.0292	10.0000	100.1478	39.7226	0.8430	0.8266	5.0000	18.7193	815.0699	94.8611	17.8900	24.3000	0.9300	0.9350	0.7070	-0.0011	815.0000	814.8813	1.0275	-3.8822	99.9701	40.0788	0.8230	0.8251	5.0000	-9999.0000	-9999.0000	-9999.0000	-9999.0000	-9999.0000	-9999.0000	19.9693	8	0	27.1597	1.0000	99	9	-9999.0000	11704	22871	-9999	1884	1847	-9999	559.6086	5	0.6864	0.7070	-0.0011	70.4292	2.3895	723.0956	477.2760	37.0602	669.9963	93.8426	721.7578	93.9583	731.2883	94.6528	740.2545	95.1620	
07/08/2017	07:31:12	011992	H421018032HLR	L421	S		700.6246	1.0292	10.0000	100.1295	39.8926	0.8430	0.8268	5.0000	19.0795	815.0569	94.8611	17.6693	24.3000	0.9300	0.9349	0.7100	-0.0013	815.0000	814.7032	1.0275	-3.8635	100.0650	39.7475	0.8230	0.8244	5.0000	-9999.0000	-9999.0000	-9999.0000	-9999.0000	-9999.0000	-9999.0000	20.2361	1	0	27.0083	1.0000	99	9	-9999.0000	11705	22872	-9999	1885	1848	-9999	559.7815	5	0.6863	0.7100	-0.0013	68.4919	2.4780	719.6368	479.2343	34.2824	669.9315	93.1019	718.7757	92.9167	726.8273	94.4444	736.7685	95.3472	
07/08/2017	07:31:39	011992	H421018555HLR	L421	S		701.3698	1.0292	10.0000	100.1431	39.9116	0.8430	0.8265	5.0000	18.6691	815.0640	94.8611	16.9193	24.3000	0.9300	0.9349	0.7100	-0.0013	815.0000	819.3927	1.0275	-4.0000	100.1616	39.9194	0.8230	0.8252	5.0000	-9999.0000	-9999.0000	-9999.0000	-9999.0000	-9999.0000	-9999.0000	21.2708	2	0	27.5291	1.0000	99	9	-9999.0000	11706	22873	-9999	1886	1849	-9999	560.7290	5	0.6863	0.7100	-0.0013	68.4919	2.4780	726.1306	480.1803	34.3750	663.6541	94.6528	724.7235	94.5139	733.3907	94.8843	740.9765	95.1389	
07/08/2017	07:32:08	011992	H421018545HLR	L421	S		700.9284	1.0292	10.0000	100.1624	39.7695	0.8430	0.8265	5.0000	18.8145	815.1134	94.8148	17.5189	24.3000	0.9300	0.9349	0.7100	-0.0013	815.0000	817.6998	1.0275	-4.0000	100.0549	40.0886	0.8230	0.8253	5.0000	-9999.0000	-9999.0000	-9999.0000	-9999.0000	-9999.0000	-9999.0000	19.5232	3	0	28.8789	1.0000	99	9	-9999.0000	11707	22874	-9999	1887	1850	-9999	560.1702	5	0.6863	0.7100	-0.0013	68.4919	2.4780	722.4192	470.7903	35.0000	669.2128	93.3333	720.9210	93.1713	730.6234	94.3519	740.4049	95.2778	
07/08/2017	07:32:34	011992	H421018541HLR	L421	S		702.1626	1.0292	10.0000	100.0138	39.8393	0.8430	0.8263	5.0000	21.1183	815.0324	94.9074	16.3392	24.3000	0.9300	0.9349	0.7115	-0.0014	815.0000	818.3381	1.0275	-4.0000	100.0180	39.8890	0.8230	0.8246	5.0000	-9999.0000	-9999.0000	-9999.0000	-9999.0000	-9999.0000	-9999.0000	19.5186	4	0	25.9689	1.0000	99	9	-9999.0000	11708	22875	-9999	1887	1851	-9999	561.4666	5	0.6863	0.7115	-0.0014	82.7584	1.6977	723.7484	453.6834	34.7454	668.7743	94.6991	722.1206	94.7685	732.7879	94.9769	741.4946	95.1157	
07/08/2017	07:33:00	011992	H421018538HLR	L421	S		703.9016	1.0292	10.0000	100.2029	39.9371	0.8430	0.8266	5.0000	18.7400	815.0932	94.9074	16.3588	24.3000	0.9300	0.9349	0.7095	-0.0013	815.0000	819.5255	1.0275	-4.0000	100.0119	39.8540	0.8230	0.8252	5.0000	-9999.0000	-9999.0000	-9999.0000	-9999.0000	-9999.0000	-9999.0000	19.6647	5	0	25.6819	1.0000	99	9	-9999.0000	11709	22876	-9999	1888	1852	-9999	561.3407	5	0.6862	0.7095	-0.0013	96.9131	0.9364	726.7955	470.4387	35.1389	672.3930	94.3750	725.3182	94.3750	735.2080	94.8380	744.3786	95.1389	
07/08/2017	07:33:28	011992	H421018534HLR	L421	S		702.0178	1.0292	10.0000	100.1621	39.8341	0.8430	0.8264	5.0000	18.7903	815.0591	94.8611	16.6391	24.3000	0.9300	0.9350	0.7102	-0.0013	815.0000	820.3392	1.0275	-4.0000	100.2068	40.0367	0.8230	0.8255	5.0000	-9999.0000	-9999.0000	-9999.0000	-9999.0000	-9999.0000	-9999.0000	19.3881	6	0	27.8064	1.0000	99	9	-9999.0000	11710	22877	-9999	1889	1853	-9999	561.0544	5	0.6860	0.7102	-0.0013	128.4415	-0.7736	727.9356	494.1280	35.1620	669.0814	94.7685	726.4468	95.0231	736.4223	95.1157	744.3334	95.1389	
07/08/2017	07:33:53	011992	H421018042HLR	L421	S		701.6192	1.0292	10.0000	100.1645	39.8158	0.8430	0.8268	5.0000	18.8623	815.0836	94.8148	17.9798	24.3000	0.9300	0.9349	0.6871	-0.0001	815.0000	815.3194	1.0275	-3.9284	100.1163	39.8984	0.8230	0.8243	5.0000	-9999.0000	-9999.0000	-9999.0000	-9999.0000	-9999.0000	-9999.0000	21.8687	7	0	25.5390	1.0000	99	9	-9999.0000	11711	22878	-9999	1890	1854	-9999	559.6993	5	0.6860	0.6871	-0.0001	136.8396	-1.2337	723.1717	468.7719	35.5556	668.9268	94.6296	721.9618	94.7222	731.7207	95.0000	738.4742	95.1620	
07/08/2017	07:34:21	011992	H421018546HLR	L421	S		703.3352	1.0292	10.0000	100.1867	39.9305	0.8430	0.8267	5.0000	18.8101	815.0616	94.9769	15.1693	24.3000	0.9300	0.9350	0.6871	-0.0001	815.0000	815.7248	1.0275	-3.9710	100.1355	39.8535	0.8230	0.8247	5.0000	-9999.0000	-9999.0000	-9999.0000	-9999.0000	-9999.0000	-9999.0000	19.8401	8	0	28.2889	1.0000	99	9	-9999.0000	11712	22879	-9999	1891	1855	-9999	559.3446	5	0.6860	0.6871	-0.0001	136.8396	-1.2337	750.3465	487.8360	34.6296	690.1477	95.5787	748.7788	95.8565	758.4340	95.3935	763.8552	94.9537	
07/08/2017	07:34:47	011992	H421018516HLR	L421	S		701.0311	1.0292	10.0000	100.1808	39.8547	0.8430	0.8265	5.0000	18.8694	815.1191	94.9306	14.8403	24.3000	0.9300	0.9350	0.6846	0.0001	815.0000	814.7470	1.0275	-3.8681	100.0873	39.9279	0.8230	0.8251	5.0000	-9999.0000	-9999.0000	-9999.0000	-9999.0000	-9999.0000	-9999.0000	20.1079	1	0	25.3195	1.0000	99	9	-9999.0000	11713	22880	-9999	1892	1856	-9999	558.9308	5	0.6858	0.6846	0.0001	133.5366	-1.0542	751.0494	484.6437	35.8102	691.5239	95.1852	749.6013	95.2315	758.6754	95.2778	766.2310	95.1620	
07/08/2017	07:35:14	011992	H421018529HLR	L421	S		702.4598	1.0292	10.0000	100.1633	39.8259	0.8430	0.8265	5.0000	18.9094	815.0453	94.8611	16.9388	24.4000	0.9300	0.9350	0.6846	0.0001	815.0000	818.0149	1.0275	-4.0000	100.1336	39.9541	0.8230	0.8245	5.0000	-9999.0000	-9999.0000	-9999.0000	-9999.0000	-9999.0000	-9999.0000	21.7687	2	0	26.8886	1.0000	99	9	-9999.0000	11714	22881	-9999	1893	1857	-9999	558.9466	5	0.6855	0.6846	0.0001	138.0490	-1.2822	746.7976	489.4473	35.1852	688.3602	94.4444	745.5083	94.3750	754.3844	94.8380	760.5624	95.1852	
07/08/2017	07:35:38	011992	H421018559HLR	L421	S		703.7453	1.0292	10.0000	100.1575	39.9116	0.8430	0.8266	5.0000	18.9033	815.0739	94.9769	14.6499	24.4000	0.9300	0.9350	0.6846	0.0001	815.0000	815.0664	1.0275	-3.9017	100.1015	39.9206	0.8230	0.8246	5.0000	-9999.0000	-9999.0000	-9999.0000	-9999.0000	-9999.0000	-9999.0000	20.1712	3	0	24.7891	1.0000	99	9	-9999.0000	11715	22882	-9999	1894	1858	-9999	558.8952	5	0.6856	0.6846	0.0001	134.7024	-1.0909	751.5865	477.4307	36.6204	691.0285	94.2593	750.0614	94.3981	758.8043	94.8843	765.3860	95.1852	
07/08/2017	07:36:05	011992	H421011457HLR	L421	S		691.5172	1.0292	10.0000	100.1993	39.8930	0.8430	0.8265	5.0000	18.8224	815.0534	94.8148	17.4896	24.4000	0.9300	0.9350	0.6846	0.0001	815.0000	813.8026	1.0275	-3.7687	100.2912	39.9056	0.8230	0.8250	5.0000	-9999.0000	-9999.0000	-9999.0000	-9999.0000	-9999.0000	-9999.0000	19.6990	4	0	26.6494	1.0000	99	9	-9999.0000	11716	22883	-9999	1895	1859	-9999	558.9847	5	0.6857	0.6846	0.0001	146.1902	-1.7650	738.1062	489.3953	33.8889	680.8136	94.6065	736.4422	94.6296	746.4426	94.9306	753.4639	95.1852	
07/08/2017	07:36:32	011992	H421018494HLR	L421	S		703.7032	1.0292	10.0000	100.1687	39.8279	0.8430	0.8264	5.0000	18.9085	815.0366	94.9537	14.4497	24.5000	0.9300	0.9350	0.6846	0.0001	815.0000	813.2569	1.0275	-3.7113	100.1781	39.9305	0.8230	0.8246	5.0000	-9999.0000	-9999.0000	-9999.0000	-9999.0000	-9999.0000	-9999.0000	21.8347	5	0	27.3985	1.0000	99	9	-9999.0000	11717	22884	-9999	1896	1860	-9999	558.8188	5	0.6857	0.6846	0.0001	106.6813	0.5179	751.9945	479.5577	35.5787	692.7922	94.6296	750.7252	94.6528	759.5653	94.9537	766.2879	95.1620	
07/08/2017	07:36:59	011992	H421018476HLR	L421	S		699.0311	1.0292	10.0000	100.1810	39.9140	0.8430	0.8267	5.0000	18.7590	815.0827	94.9306	16.1088	24.5000	0.9300	0.9350	0.6850	0.0000	815.0000	814.1530	1.0275	-3.8056	100.1398	39.9655	0.8230	0.8246	5.0000	-9999.0000	-9999.0000	-9999.0000	-9999.0000	-9999.0000	-9999.0000	20.8028	6	0	26.1396	1.0000	99	9	-9999.0000	11718	22885	-9999	1897	1861	-9999	558.6742	5	0.6853	0.6850	0.0000	105.4443	0.5966	746.6020	492.6368	34.8843	690.0537	94.9074	745.0627	94.9769	753.9731	95.0694	761.3479	95.1157	
07/08/2017	07:37:51	011992	H421018498HLR	L421	S		700.3682	1.0292	10.0000	100.1576	39.8840	0.8430	0.8265	5.0000	18.9393	815.0507	94.9306	15.7797	24.6000	0.9300	0.9352	0.6859	-0.0000	815.0000	814.1790	1.0275	-3.8083	100.1825	39.9902	0.8230	0.8248	5.0000	-9999.0000	-9999.0000	-9999.0000	-9999.0000	-9999.0000	-9999.0000	20.0383	8	0	25.6888	1.0000	99	9	-9999.0000	11720	22886	-9999	1899	1862	-9999	558.8113	5	0.6854	0.6859	-0.0000	79.4334	2.2268	746.8414	480.6779	34.5602	684.2531	94.8380	745.2846	94.9306	756.1086	95.1620	761.8688	95.1620	
07/08/2017	07:38:18	011992	H421018551HLR	L421	S		699.1325	1.0292	10.0000	100.1875	39.9293	0.8430	0.8265	5.0000	18.8831	815.0485	94.8611	16.6097	24.6000	0.9300	0.9350	0.6883	-0.0002	815.0000	814.8179	1.0275	-3.8756	100.1512	39.8355	0.8230	0.8248	5.0000	-9999.0000	-9999.0000	-9999.0000	-9999.0000	-9999.0000	-9999.0000	19.6988	1	0	27.0881	1.0000	99	9	-9999.0000	11721	22887	-9999	1900	1862	-9999	558.8362	5	0.6857	0.6883	-0.0002	63.2630	3.2621	741.1228	500.9223	35.4861	681.1772	94.3287	739.7138	94.1204	748.7080	94.7222	757.2157	95.1852	
07/08/2017	07:38:45	011992	H421018487HLR	L421	S		700.1136	1.0292	10.0000	100.2150	39.9162	0.8430	0.8265	5.0000	18.8931	815.0810	94.9537	15.2494	24.6000	0.9300	0.9349	0.6884	-0.0002	815.0000	813.7597	1.0275	-3.7642	100.1212	40.0504	0.8230	0.8258	5.0000	-9999.0000	-9999.0000	-9999.0000	-9999.0000	-9999.0000	-9999.0000	19.3691	2	0	27.3727	1.0000	99	9	-9999.0000	11722	22888	-9999	1901	1863	-9999	559.0438	5	0.6857	0.6884	-0.0002	64.0013	3.2113	747.6233	485.3183	35.0231	681.9502	95.2315	746.4747	95.1157	754.5140	95.2083	761.5607	95.1620	
07/08/2017	07:39:11	011992	H421018479HLR	L421	S		698.9146	1.0292	10.0000	100.2411	39.8960	0.8430	0.8265	5.0000	18.7678	815.0748	94.9306	15.7299	24.6000	0.9300	0.9348	0.6884	-0.0002	815.0000	814.8452	1.0275	-3.8784	100.0661	40.0948	0.8230	0.8252	5.0000	-9999.0000	-9999.0000	-9999.0000	-9999.0000	-9999.0000	-9999.0000	19.4782	3	0	26.2455	1.0000	99	9	-9999.0000	11723	22889	-9999	1902	1864	-9999	558.9978	5	0.6857	0.6884	-0.0002	64.0013	3.2113	744.9435	490.3869	33.4954	679.6651	95.1620	743.4518	95.0463	753.2421	95.1620	759.9489	95.1389	
07/08/2017	07:39:42	011992	H421018500HLR	L421	S		701.2564	1.0292	10.0000	100.1932	39.9180	0.8430	0.8265	5.0000	18.9395	815.1262	94.9769	14.7495	24.5000	0.9300	0.9347	0.6884	-0.0002	815.0000	814.5023	1.0275	-3.8423	100.1179	39.8599	0.8230	0.8242	5.0000	-9999.0000	-9999.0000	-9999.0000	-9999.0000	-9999.0000	-9999.0000	21.2394	4	0	30.3493	1.0000	99	9	-9999.0000	11724	22890	-9999	1903	1865	-9999	559.1987	5	0.6858	0.6884	-0.0002	62.7698	3.2901	747.9863	467.3018	33.8889	683.6465	94.4444	746.5418	94.1667	756.2062	94.7454	762.9382	95.1389	
07/08/2017	07:40:09	011992	H421018474HLR	L421	S		698.9578	1.0292	10.0000	100.1830	39.9423	0.8430	0.8265	5.0000	18.9095	815.0379	94.8611	16.2396	24.4000	0.9300	0.9348	0.6884	-0.0002	815.0000	815.9119	1.0275	-3.9907	100.0981	39.8154	0.8230	0.8243	5.0000	-9999.0000	-9999.0000	-9999.0000	-9999.0000	-9999.0000	-9999.0000	22.4389	5	0	27.4597	1.0000	99	9	-9999.0000	11725	22891	-9999	1904	1866	-9999	558.8817	5	0.6860	0.6884	-0.0002	80.3104	2.1230	745.9063	495.3984	36.0648	686.6174	95.0000	744.5162	95.1620	753.1094	95.1852	758.9190	95.1620	
07/08/2017	07:40:36	011992	H421018470HLR	L421	S		698.5875	1.0292	10.0000	100.1890	39.9236	0.8430	0.8265	5.0000	18.8586	815.0506	94.8611	16.4691	24.3000	0.9300	0.9347	0.6849	0.0001	815.0000	817.0872	1.0275	-4.0000	100.0733	40.0076	0.8230	0.8247	5.0000	-9999.0000	-9999.0000	-9999.0000	-9999.0000	-9999.0000	-9999.0000	22.3585	6	0	26.8177	1.0000	99	9	-9999.0000	11726	22892	-9999	1905	1867	-9999	559.4564	5	0.6860	0.6849	0.0001	81.8906	2.0305	748.4514	509.6235	34.1435	688.4438	95.1389	746.7331	95.3935	756.3746	95.3472	760.6905	95.1157	
07/08/2017	07:41:04	011992	H421018507HLR	L421	S		702.0871	1.0292	10.0000	100.1723	39.9228	0.8430	0.8264	5.0000	19.4084	815.0583	94.9537	15.2494	24.3000	0.9300	0.9348	0.6857	0.0000	815.0000	816.3249	1.0275	-4.0000	100.1234	39.9543	0.8230	0.8242	5.0000	-9999.0000	-9999.0000	-9999.0000	-9999.0000	-9999.0000	-9999.0000	21.4686	7	0	27.9589	1.0000	99	9	-9999.0000	11727	22893	-9999	1906	1868	-9999	559.4129	5	0.6861	0.6857	0.0000	71.4652	2.7307	749.8980	503.7646	33.7731	686.1024	95.1157	748.4456	95.0694	758.3735	95.1852	764.8912	95.1389	
07/08/2017	07:41:30	011992	H421016920HLR	L421	S		694.8111	1.0292	10.0000	100.1937	39.9285	0.8430	0.8265	5.0000	19.0099	815.0802	94.9306	19.3792	24.3000	0.9300	0.9348	0.6878	-0.0001	815.0000	818.8967	1.0275	-4.0000	100.1293	39.8222	0.8230	0.8241	5.0000	-9999.0000	-9999.0000	-9999.0000	-9999.0000	-9999.0000	-9999.0000	22.1186	8	0	25.7090	1.0000	99	9	-9999.0000	11728	22894	-9999	1907	1869	-9999	559.2401	5	0.6861	0.6878	-0.0001	71.5079	2.7265	735.1422	474.2648	32.8472	669.1424	94.7454	733.7112	94.4907	742.6855	94.8843	749.1264	95.1620	
07/08/2017	07:41:58	011992	H421016916HLR	L421	S		695.9314	1.0292	10.0000	100.1772	39.9337	0.8430	0.8265	5.0000	18.9895	815.0221	94.8843	16.6498	24.4000	0.9300	0.9349	0.6886	-0.0001	815.0000	815.3432	1.0275	-3.9309	100.1503	40.0106	0.8230	0.8253	5.0000	-9999.0000	-9999.0000	-9999.0000	-9999.0000	-9999.0000	-9999.0000	19.4383	1	0	28.4226	1.0000	99	9	-9999.0000	11729	22895	-9999	1908	1870	-9999	559.2271	5	0.6863	0.6886	-0.0001	62.3072	3.3396	739.6090	457.5482	34.1667	671.8892	94.9769	738.2944	94.9769	746.7057	95.0926	754.5136	95.0926	
07/08/2017	07:42:27	011992	H421018460HLR	L421	S		701.1975	1.0292	10.0000	100.1939	39.9415	0.8430	0.8265	5.0000	18.9373	815.0912	94.9306	15.9691	24.3000	0.9300	0.9349	0.6994	-0.0008	815.0000	815.9824	1.0275	-3.9981	100.1696	40.0271	0.8230	0.8249	5.0000	-9999.0000	-9999.0000	-9999.0000	-9999.0000	-9999.0000	-9999.0000	19.9389	2	0	28.8760	1.0000	99	9	-9999.0000	11730	22896	-9999	1909	1871	-9999	559.1164	5	0.6862	0.6994	-0.0008	60.3291	3.4717	735.8934	487.1943	33.5880	670.5275	95.0694	734.4424	94.9306	744.5410	95.1157	749.9072	95.1620	
07/08/2017	07:42:56	011992	H421018464HLR	L421	S		702.6368	1.0292	10.0000	100.2068	39.8882	0.8430	0.8265	5.0000	18.8390	815.1061	94.8148	17.1195	24.3000	0.9300	0.9349	0.6981	-0.0008	815.0000	818.1618	1.0275	-4.0000	100.0658	39.8481	0.8230	0.8241	5.0000	-9999.0000	-9999.0000	-9999.0000	-9999.0000	-9999.0000	-9999.0000	22.4390	3	0	29.2381	1.0000	99	9	-9999.0000	11731	22897	-9999	1910	1871	-9999	558.3500	5	0.6860	0.6981	-0.0008	70.4179	2.8268	735.9690	470.2363	32.1296	671.3790	93.7269	734.5272	93.3333	743.8453	94.5370	753.3613	95.3241	
07/08/2017	07:43:23	011992	H421018480HLR	L421	S		701.8544	1.0292	10.0000	100.1747	39.9192	0.8430	0.8265	5.0000	18.8171	815.1228	95.0000	14.7387	24.3000	0.9300	0.9349	0.6985	-0.0008	815.0000	815.1288	1.0275	-3.9083	100.1517	39.8531	0.8230	0.8244	5.0000	-9999.0000	-9999.0000	-9999.0000	-9999.0000	-9999.0000	-9999.0000	21.4683	4	0	26.8895	1.0000	99	9	-9999.0000	11732	22898	-9999	1911	1872	-9999	559.8682	5	0.6856	0.6985	-0.0008	77.3685	2.4001	738.9880	480.0320	33.3333	672.5682	94.8380	737.2817	94.6528	747.7343	94.9537	755.8459	95.1620	
07/08/2017	07:43:50	011992	H421016935HLR	L421	S		693.3848	1.0292	10.0000	100.1938	39.9349	0.8430	0.8265	5.0000	18.7893	815.0826	94.8380	17.3597	24.3000	0.9300	0.9349	0.6981	-0.0008	815.0000	814.0131	1.0275	-3.7909	100.0513	40.0467	0.8230	0.8252	5.0000	-9999.0000	-9999.0000	-9999.0000	-9999.0000	-9999.0000	-9999.0000	19.7379	5	0	26.8390	1.0000	99	9	-9999.0000	11733	22899	-9999	1911	1873	-9999	558.1357	5	0.6856	0.6981	-0.0008	76.7834	2.4553	729.4490	481.6370	34.3519	661.8560	95.2778	727.7889	95.1389	737.2767	95.1620	743.8347	95.1389	
07/08/2017	07:44:23	011992	H421016942HLR	L421	S		695.3903	1.0292	10.0000	100.1952	39.8745	0.8430	0.8265	5.0000	18.8489	815.0579	94.8380	17.9496	24.3000	0.9300	0.9349	0.6977	-0.0008	815.0000	814.8018	1.0275	-3.8739	100.1360	40.0240	0.8230	0.8250	5.0000	-9999.0000	-9999.0000	-9999.0000	-9999.0000	-9999.0000	-9999.0000	19.3491	6	0	33.2283	1.0000	99	9	-9999.0000	11734	22900	-9999	1912	1874	-9999	557.6425	5	0.6855	0.6977	-0.0008	77.1895	2.4324	729.0526	457.8348	32.9167	660.3777	94.8843	727.8826	94.6759	735.2701	95.0231	741.0098	95.1389	
07/08/2017	07:44:54	011992	H421016933HLR	L421	S		695.4437	1.0292	10.0000	100.1759	39.9161	0.8430	0.8265	5.0000	19.2688	815.1477	94.8148	18.3489	24.3000	0.9300	0.9349	0.6990	-0.0008	815.0000	815.1877	1.0275	-3.9145	100.0736	39.8365	0.8230	0.8242	5.0000	-9999.0000	-9999.0000	-9999.0000	-9999.0000	-9999.0000	-9999.0000	21.9664	7	0	30.3569	1.0000	99	9	-9999.0000	11735	22901	-9999	1913	1875	-9999	557.1901	5	0.6851	0.6990	-0.0008	77.2407	2.4352	726.9302	450.4586	32.1065	661.7750	95.1389	725.3827	94.9074	733.6932	95.1157	740.9228	95.1620	
07/08/2017	07:45:21	011992	H421016929HLR	L421	S		698.4568	1.0292	10.0000	100.1915	39.9070	0.8430	0.8265	5.0000	18.8087	815.0940	94.9306	16.0394	24.3000	0.9300	0.9349	0.6983	-0.0008	815.0000	814.7797	1.0275	-3.8715	100.1069	39.9206	0.8230	0.8245	5.0000	-9999.0000	-9999.0000	-9999.0000	-9999.0000	-9999.0000	-9999.0000	22.9189	8	0	27.4821	1.0000	99	9	-9999.0000	11736	22902	-9999	1914	1876	-9999	558.6964	5	0.6851	0.6983	-0.0008	77.4946	2.4318	732.7619	467.9203	35.1620	669.1070	94.7917	731.4811	94.4676	742.0253	94.8611	749.9662	95.1852	
07/08/2017	07:45:50	011992	H421016921HLR	L421	S		697.5253	1.0292	10.0000	100.1580	39.8702	0.8430	0.8265	5.0000	19.1790	815.1053	94.9537	15.9896	24.3000	0.9300	0.9349	0.6970	-0.0007	815.0000	814.7518	1.0275	-3.8686	100.1411	39.9723	0.8230	0.8247	5.0000	-9999.0000	-9999.0000	-9999.0000	-9999.0000	-9999.0000	-9999.0000	19.8803	1	0	28.9474	1.0000	99	9	-9999.0000	11737	22903	-9999	1915	1877	-9999	558.7911	5	0.6851	0.6970	-0.0007	77.4546	2.4288	735.3689	465.1250	33.7500	666.7845	95.0926	734.0284	94.7917	743.7001	95.0231	750.2262	95.1852	
07/08/2017	07:46:19	011992	H421016648HLR	L421	S		691.9972	1.0292	10.0000	100.1628	39.9114	0.8430	0.8266	5.0000	18.8398	815.0741	94.9074	22.3497	24.3000	0.9300	0.9349	0.6967	-0.0007	815.0000	818.1906	1.0275	-4.0000	100.0683	39.8479	0.8230	0.8243	5.0000	-9999.0000	-9999.0000	-9999.0000	-9999.0000	-9999.0000	-9999.0000	21.6382	2	0	28.8399	1.0000	99	9	-9999.0000	11738	22904	-9999	1916	1878	-9999	555.3304	5	0.6847	0.6967	-0.0007	81.9051	2.1321	725.1881	463.6065	32.8472	660.2347	95.8333	723.7907	95.7176	732.6033	95.4167	737.1081	95.1157	
07/08/2017	07:46:48	011992	H421016945HLR	L421	S		692.8371	1.0292	10.0000	100.1903	39.9259	0.8430	0.8265	5.0000	18.8294	815.1066	94.9306	19.5891	24.4000	0.9300	0.9351	0.6967	-0.0007	815.0000	814.2496	1.0275	-3.8158	100.1211	40.0453	0.8230	0.8254	5.0000	-9999.0000	-9999.0000	-9999.0000	-9999.0000	-9999.0000	-9999.0000	19.1810	3	0	28.6792	1.0000	99	9	-9999.0000	11739	22905	-9999	1917	1879	-9999	556.6934	5	0.6847	0.6967	-0.0007	81.9051	2.1321	730.6930	467.9069	36.1574	663.0898	96.0880	725.5576	96.0417	735.2126	95.5093	740.3031	95.0463	
07/08/2017	07:47:15	011992	H421016946HLR	L421	S		695.3613	1.0292	10.0000	100.1952	39.8772	0.8430	0.8265	5.0000	18.8793	815.0845	94.8843	16.6195	24.4000	0.9300	0.9350	0.6972	-0.0007	815.0000	812.8842	1.0275	-3.6720	100.1106	39.9725	0.8230	0.8245	5.0000	-9999.0000	-9999.0000	-9999.0000	-9999.0000	-9999.0000	-9999.0000	20.8957	4	0	27.2158	1.0000	99	9	-9999.0000	11740	22906	-9999	1918	1880	-9999	558.4888	5	0.6848	0.6972	-0.0007	81.4940	2.1487	730.8678	465.7456	32.1991	665.5035	94.0972	729.3061	93.7037	738.5086	94.5370	748.6290	95.2083	
07/08/2017	07:47:42	011992	H421016954HLR	L421	S		694.1017	1.0292	10.0000	100.1751	39.8657	0.8430	0.8266	5.0000	18.7408	815.0949	94.8843	18.0394	24.5000	0.9300	0.9350	0.6989	-0.0008	815.0000	814.9171	1.0275	-3.8860	100.1049	39.8327	0.8230	0.8242	5.0000	-9999.0000	-9999.0000	-9999.0000	-9999.0000	-9999.0000	-9999.0000	22.3354	5	0	27.6099	1.0000	99	9	-9999.0000	11741	22907	-9999	1919	1881	-9999	557.7505	5	0.6849	0.6989	-0.0008	83.0431	2.0663	726.9652	466.3402	34.8843	663.8438	95.0231	725.7324	94.8611	736.3566	95.0463	743.1859	95.1620	
07/08/2017	07:48:11	011992	H421016938HLR	L421	S		693.1418	1.0292	10.0000	100.2212	39.9329	0.8430	0.8267	5.0000	18.6913	815.0848	94.8611	17.9593	24.5000	0.9300	0.9350	0.6964	-0.0007	815.0000	813.9864	1.0275	-3.7880	100.0732	39.9372	0.8230	0.8246	5.0000	-9999.0000	-9999.0000	-9999.0000	-9999.0000	-9999.0000	-9999.0000	21.5095	6	0	28.4780	1.0000	99	9	-9999.0000	11742	22907	-9999	1920	1882	-9999	557.3490	5	0.6843	0.6964	-0.0007	89.4596	1.6457	724.9991	466.5050	36.0648	668.5808	95.0231	723.4362	95.0231	733.1317	95.0463	740.5460	95.0926	
07/08/2017	07:48:39	011992	H421016639HLR	L421	S		698.2277	1.0292	10.0000	100.1914	39.8974	0.8430	0.8264	5.0000	18.8692	815.0483	94.8380	17.9095	24.5000	0.9300	0.9350	0.6964	-0.0007	815.0000	815.8253	1.0275	-3.9816	100.1345	39.9876	0.8230	0.8245	5.0000	-9999.0000	-9999.0000	-9999.0000	-9999.0000	-9999.0000	-9999.0000	21.0559	7	0	28.0789	1.0000	99	9	-9999.0000	11743	22908	-9999	1921	1883	-9999	557.8980	5	0.6843	0.6964	-0.0007	89.4596	1.6457	735.4824	477.5540	37.3843	679.6811	95.2083	733.7372	95.1620	743.0081	95.1389	749.1468	95.1157	
07/08/2017	07:49:06	011992	H421016659HLR	L421	S		695.3964	1.0292	10.0000	100.1761	39.8527	0.8430	0.8265	5.0000	18.8765	815.0733	94.9074	16.3695	24.6000	0.9300	0.9350	0.7022	-0.0010	815.0000	812.9139	1.0275	-3.6751	100.0737	39.9020	0.8230	0.8242	5.0000	-9999.0000	-9999.0000	-9999.0000	-9999.0000	-9999.0000	-9999.0000	22.0984	8	0	27.3197	1.0000	99	9	-9999.0000	11744	22909	-9999	1922	1884	-9999	558.9590	5	0.6844	0.7022	-0.0010	91.5564	1.5457	729.7364	470.6119	34.3056	671.6085	95.3009	728.3498	95.1389	737.7543	95.1157	745.7504	95.0926	
07/08/2017	07:49:36	011992	H421016643HLR	L421	S		693.0383	1.0292	10.0000	100.1593	39.9289	0.8430	0.8266	5.0000	19.1096	815.0712	94.9074	16.7201	24.6000	0.9300	0.9350	0.6970	-0.0007	815.0000	813.2786	1.0275	-3.7135	100.1557	39.9228	0.8230	0.8245	5.0000	-9999.0000	-9999.0000	-9999.0000	-9999.0000	-9999.0000	-9999.0000	21.3093	1	0	29.4658	1.0000	99	9	-9999.0000	11745	22910	-9999	1923	1885	-9999	558.6713	5	0.6846	0.6970	-0.0007	92.0847	1.5285	733.3240	490.6192	33.2639	670.3209	95.0463	731.8213	94.9769	740.4013	95.0231	748.2261	95.0694	
07/08/2017	07:50:04	011992	H421016653HLR	L421	S		693.9092	1.0292	10.0000	100.1782	39.8846	0.8430	0.8263	5.0000	19.4485	815.0924	94.8611	17.5794	24.6000	0.9300	0.9350	0.7045	-0.0011	815.0000	813.5892	1.0275	-3.7462	100.0460	39.9741	0.8230	0.8245	5.0000	-9999.0000	-9999.0000	-9999.0000	-9999.0000	-9999.0000	-9999.0000	21.6661	2	0	28.3592	1.0000	99	9	-9999.0000	11746	22911	-9999	1923	1886	-9999	558.2806	5	0.6844	0.7045	-0.0011	94.3535	1.4211	724.2139	470.2549	34.1898	661.9368	95.3935	722.7666	94.9074	732.4028	95.1620	739.4080	95.2083	
07/08/2017	07:50:32	011992	H421016657HLR	L421	S		692.5186	1.0292	10.0000	100.1638	39.8754	0.8430	0.8264	5.0000	19.4559	815.0678	94.8380	17.0697	24.7000	0.9300	0.9349	0.7040	-0.0011	815.0000	811.9294	1.0275	-3.5715	100.1334	39.9828	0.8230	0.8246	5.0000	-9999.0000	-9999.0000	-9999.0000	-9999.0000	-9999.0000	-9999.0000	20.5507	3	0	27.4091	1.0000	99	9	-9999.0000	11747	22911	-9999	1924	1887	-9999	558.6257	5	0.6842	0.7040	-0.0011	93.4168	1.4574	722.5658	464.0668	34.0278	656.5056	94.6759	721.3089	94.0046	730.9343	94.6759	739.2788	95.2083	
07/08/2017	07:50:59	011992	H421016649HLR	L421	S		698.1174	1.0292	10.0000	100.2142	39.9495	0.8430	0.8266	5.0000	18.9385	815.0839	94.9537	16.4799	24.7000	0.9300	0.9349	0.7056	-0.0012	815.0000	814.6756	1.0275	-3.8606	100.1108	39.9916	0.8230	0.8249	5.0000	-9999.0000	-9999.0000	-9999.0000	-9999.0000	-9999.0000	-9999.0000	19.9283	4	0	27.9285	1.0000	99	9	-9999.0000	11748	22912	-9999	1925	1888	-9999	559.3829	5	0.6845	0.7056	-0.0012	93.6638	1.4459	729.4153	459.0717	32.1759	662.0083	94.9074	728.1865	94.3981	737.3415	94.8611	744.8525	95.1620	
07/08/2017	07:51:28	011992	H421016621HLR	L421	S		692.4634	1.0292	10.0000	100.2191	39.9341	0.8430	0.8265	5.0000	18.8898	815.1507	94.8380	18.5491	24.6000	0.9300	0.9348	0.7062	-0.0012	815.0000	814.1126	1.0275	-3.8013	100.1877	40.0184	0.8230	0.8250	5.0000	-9999.0000	-9999.0000	-9999.0000	-9999.0000	-9999.0000	-9999.0000	19.5666	5	0	28.7588	1.0000	99	9	-9999.0000	11749	22913	-9999	1926	1889	-9999	557.5857	5	0.6849	0.7062	-0.0012	94.7293	1.3987	722.2449	460.2467	34.1667	656.1104	95.7407	720.9452	95.3935	729.5219	95.3241	735.7057	95.1389	
07/08/2017	07:51:57	011992	H421016637HLR	L421	S		694.0177	1.0292	10.0000	100.1886	39.9050	0.8430	0.8265	5.0000	18.7495	815.0985	94.8380	17.5492	24.6000	0.9300	0.9348	0.7086	-0.0013	815.0000	814.8331	1.0275	-3.8772	100.1096	39.9665	0.8230	0.8246	5.0000	-9999.0000	-9999.0000	-9999.0000	-9999.0000	-9999.0000	-9999.0000	20.7280	6	0	28.3690	1.0000	99	9	-9999.0000	11750	22914	-9999	1927	1890	-9999	558.7353	5	0.6849	0.7086	-0.0013	95.8555	1.3448	722.5773	452.8919	35.7176	662.3684	95.4630	721.2183	95.3009	731.1194	95.1620	737.8621	95.0463	
07/08/2017	07:52:25	011992	H421016632HLR	L421	S		698.6682	1.0292	10.0000	100.2158	39.9661	0.8430	0.8266	5.0000	18.7999	815.0811	94.8843	16.5697	24.5000	0.9300	0.9347	0.7113	-0.0015	815.0000	815.0484	1.0275	-3.8998	100.1104	39.9269	0.8230	0.8243	5.0000	-9999.0000	-9999.0000	-9999.0000	-9999.0000	-9999.0000	-9999.0000	22.4570	7	0	28.3789	1.0000	99	9	-9999.0000	11751	22915	-9999	1927	1891	-9999	560.2098	5	0.6851	0.7113	-0.0015	96.5702	1.3116	723.9470	465.3765	35.9954	666.3325	95.1157	722.4931	95.0231	732.6056	95.0463	739.8337	95.0926	
07/08/2017	07:52:53	011992	H421016633HLR	L421	S		695.8445	1.0292	10.0000	100.1740	39.9250	0.8430	0.8265	5.0000	18.9797	815.1182	94.8380	17.0589	24.4000	0.9300	0.9347	0.7095	-0.0014	815.0000	815.6882	1.0275	-3.9672	100.0967	39.9259	0.8230	0.8243	5.0000	-9999.0000	-9999.0000	-9999.0000	-9999.0000	-9999.0000	-9999.0000	21.8687	8	0	27.8689	1.0000	99	9	-9999.0000	11752	22916	-9999	1928	1892	-9999	559.5553	5	0.6859	0.7095	-0.0014	97.2096	1.2603	723.4229	471.0867	34.9537	662.2026	95.2546	721.6960	95.0231	731.6468	95.0926	739.0917	95.1389	
07/08/2017	07:53:23	011992	H421016613HLR	L421	S		696.2840	1.0292	10.0000	100.2028	39.9216	0.8430	0.8266	5.0000	18.7880	815.0738	94.8380	18.0296	24.4000	0.9300	0.9348	0.7124	-0.0015	815.0000	815.8204	1.0275	-3.9811	100.0708	39.9222	0.8230	0.8243	5.0000	-9999.0000	-9999.0000	-9999.0000	-9999.0000	-9999.0000	-9999.0000	21.9781	1	0	29.9286	1.0000	99	9	-9999.0000	11753	22917	-9999	1929	1893	-9999	558.3308	5	0.6860	0.7124	-0.0015	81.4838	2.1792	715.1646	468.9516	36.1111	658.2568	95.0000	713.8923	94.5602	723.9953	94.8148	732.8513	95.1157	
07/08/2017	07:53:51	011992	H421016604HLR	L421	S		696.4713	1.0292	10.0000	100.2020	39.9585	0.8430	0.8265	5.0000	18.8389	815.1367	94.8380	17.5589	24.4000	0.9300	0.9349	0.7125	-0.0015	815.0000	815.9484	1.0275	-3.9946	100.1425	40.0068	0.8230	0.8251	5.0000	-9999.0000	-9999.0000	-9999.0000	-9999.0000	-9999.0000	-9999.0000	19.1821	2	0	28.0292	1.0000	99	9	-9999.0000	11754	22918	-9999	1930	1894	-9999	558.9882	5	0.6859	0.7125	-0.0015	84.9008	1.9976	729.9369	473.5619	36.0648	661.5554	96.5741	721.2383	96.8056	731.1217	95.1852	733.9006	94.6991	
07/08/2017	07:54:17	011992	H421016614HLR	L421	S		695.6373	1.0292	10.0000	100.1847	39.9238	0.8430	0.8264	5.0000	18.9062	815.1002	94.8380	17.6097	24.4000	0.9300	0.9348	0.7111	-0.0014	815.0000	814.5356	1.0275	-3.8459	100.1230	39.9297	0.8230	0.8243	5.0000	-9999.0000	-9999.0000	-9999.0000	-9999.0000	-9999.0000	-9999.0000	22.2488	3	0	26.5086	1.0000	99	9	-9999.0000	11755	22919	-9999	1931	1894	-9999	558.9833	5	0.6862	0.7111	-0.0014	84.8915	1.9823	715.3609	473.5128	36.5278	656.4537	93.1019	714.2776	92.5694	722.0162	94.4213	732.8973	95.3704	
07/08/2017	07:54:45	011992	H421016605HLR	L421	S		700.1941	1.0292	10.0000	100.1772	39.9226	0.8430	0.8265	5.0000	18.8131	815.1138	94.8380	16.9896	24.4000	0.9300	0.9348	0.7058	-0.0011	815.0000	816.4658	1.0275	-4.0000	100.1304	39.8751	0.8230	0.8242	5.0000	-9999.0000	-9999.0000	-9999.0000	-9999.0000	-9999.0000	-9999.0000	22.1589	4	0	27.3497	1.0000	99	9	-9999.0000	11756	22920	-9999	1932	1895	-9999	559.7521	5	0.6863	0.7058	-0.0011	88.1823	1.7947	725.5351	453.0476	34.4213	664.3581	93.3102	724.4549	92.6620	731.5370	94.4676	742.6539	95.3472	
07/08/2017	07:55:13	011992	H421016603HLR	L421	S		695.2114	1.0292	10.0000	100.1635	39.9351	0.8430	0.8264	5.0000	19.4201	815.1017	94.8611	19.0598	24.3000	0.9300	0.9348	0.7087	-0.0013	815.0000	815.1673	1.0275	-3.9123	100.1595	39.9152	0.8230	0.8244	5.0000	-9999.0000	-9999.0000	-9999.0000	-9999.0000	-9999.0000	-9999.0000	22.1288	5	0	27.9188	1.0000	99	9	-9999.0000	11757	22921	-9999	1933	1896	-9999	557.5400	5	0.6861	0.7087	-0.0013	86.8647	1.8756	715.8802	457.3072	34.2130	653.6043	95.0000	714.5303	94.4676	722.8255	94.8148	730.7235	95.2083	
07/08/2017	07:55:41	011992	H421018552HLR	L421	S		699.6671	1.0292	10.0000	100.2057	39.9126	0.8430	0.8265	5.0000	18.8794	815.0818	94.8611	17.0892	24.3000	0.9300	0.9348	0.7087	-0.0013	815.0000	815.9700	1.0275	-3.9968	100.1517	39.9683	0.8230	0.8244	5.0000	-9999.0000	-9999.0000	-9999.0000	-9999.0000	-9999.0000	-9999.0000	21.5051	6	0	28.4784	1.0000	99	9	-9999.0000	11758	22921	-9999	1934	1897	-9999	559.5056	5	0.6861	0.7087	-0.0013	86.8647	1.8756	724.9079	458.0232	32.6389	659.1863	94.5602	723.4865	94.1204	731.3807	94.6296	738.8141	95.0463	
07/08/2017	07:56:08	011992	H421018547HLR	L421	S		700.3124	1.0292	10.0000	100.2109	39.9343	0.8430	0.8265	5.0000	18.8693	815.0535	94.9769	15.6098	24.3000	0.9300	0.9348	0.7076	-0.0012	815.0000	814.9246	1.0275	-3.8868	99.9921	40.0040	0.8230	0.8248	5.0000	-9999.0000	-9999.0000	-9999.0000	-9999.0000	-9999.0000	-9999.0000	19.4792	7	0	26.7392	1.0000	99	9	-9999.0000	11759	22922	-9999	1935	1898	-9999	561.0011	5	0.6860	0.7076	-0.0012	81.1361	2.1872	725.1645	456.2892	34.0509	658.7160	93.2639	723.8619	92.4769	733.8598	94.5833	744.5571	95.4167	
07/08/2017	07:56:34	011992	H421011447HLR	L421	S		698.5756	1.0292	10.0000	100.2210	39.9078	0.8430	0.8265	5.0000	18.8695	815.0561	94.9074	16.5189	24.3000	0.9300	0.9348	0.7068	-0.0012	815.0000	815.0311	1.0275	-3.8980	100.1392	39.9208	0.8230	0.8244	5.0000	-9999.0000	-9999.0000	-9999.0000	-9999.0000	-9999.0000	-9999.0000	21.7285	8	0	26.5088	1.0000	99	9	-9999.0000	11760	22923	-9999	1936	1899	-9999	559.9411	5	0.6860	0.7068	-0.0012	77.8928	2.3615	722.6139	487.6835	33.7269	660.7659	94.3750	721.3650	93.9352	729.4844	94.6528	737.9348	95.1620	
07/08/2017	07:57:00	011992	H421018515HLR	L421	S		698.5778	1.0292	10.0000	100.2067	39.9022	0.8430	0.8265	5.0000	18.7778	815.0296	94.8611	17.0199	24.3000	0.9300	0.9349	0.7045	-0.0011	815.0000	815.1956	1.0275	-3.9153	100.1285	39.9251	0.8230	0.8244	5.0000	-9999.0000	-9999.0000	-9999.0000	-9999.0000	-9999.0000	-9999.0000	21.2696	1	0	25.8594	1.0000	99	9	-9999.0000	11761	22924	-9999	1936	1900	-9999	559.2603	5	0.6856	0.7045	-0.0011	87.4560	1.7945	726.6707	464.8533	35.0231	664.3657	95.1620	725.3033	94.9769	735.3371	95.0694	739.9713	95.1157	
07/08/2017	07:57:26	011992	H421018519HLR	L421	S		698.6484	1.0292	10.0000	100.1857	39.9411	0.8430	0.8265	5.0000	18.8372	815.1031	94.8148	17.5492	24.3000	0.9300	0.9349	0.7088	-0.0013	815.0000	816.2800	1.0275	-4.0000	100.1067	39.9329	0.8230	0.8244	5.0000	-9999.0000	-9999.0000	-9999.0000	-9999.0000	-9999.0000	-9999.0000	21.6197	2	0	26.1592	1.0000	99	9	-9999.0000	11762	22925	-9999	1937	1901	-9999	558.8611	5	0.6858	0.7088	-0.0013	86.8635	1.8087	728.3627	475.8598	34.1435	666.6671	94.8380	727.1410	94.5833	736.1067	94.8843	743.1052	95.1389	
07/08/2017	07:57:55	011992	H421018488HLR	L421	S		699.2082	1.0292	10.0000	100.2128	39.9164	0.8430	0.8265	5.0000	18.7699	815.1045	94.9537	15.8793	24.3000	0.9300	0.9349	0.7088	-0.0013	815.0000	815.4320	1.0275	-3.9402	100.0517	40.0030	0.8230	0.8249	5.0000	-9999.0000	-9999.0000	-9999.0000	-9999.0000	-9999.0000	-9999.0000	19.3693	3	0	28.1598	1.0000	99	9	-9999.0000	11763	22926	-9999	1938	1902	-9999	560.6680	5	0.6858	0.7088	-0.0013	86.8635	1.8087	725.7121	473.5993	34.6065	664.0944	94.6991	724.1146	94.3981	734.6841	94.7917	742.6547	95.1157	
07/08/2017	07:58:21	011992	H421018504HLR	L421	S		699.3689	1.0292	10.0000	100.1771	39.8882	0.8430	0.8265	5.0000	18.7983	815.1407	94.9537	15.7494	24.3000	0.9300	0.9349	0.7093	-0.0014	815.0000	814.5983	1.0275	-3.8525	99.9907	40.0004	0.8230	0.8250	5.0000	-9999.0000	-9999.0000	-9999.0000	-9999.0000	-9999.0000	-9999.0000	19.6080	4	0	26.3879	1.0000	99	9	-9999.0000	11764	22927	-9999	1939	1903	-9999	560.8713	5	0.6860	0.7093	-0.0014	87.5571	1.7520	727.1941	500.4157	34.6759	668.1780	95.5324	725.5194	95.5093	735.8107	95.3009	743.2267	95.1157	
07/08/2017	07:58:50	011992	H421018486HLR	L421	S		698.4280	1.0292	10.0000	100.2060	39.9194	0.8430	0.8265	5.0000	18.8800	815.0884	94.9769	15.0795	24.4000	0.9300	0.9349	0.7084	-0.0013	815.0000	814.1894	1.0275	-3.8094	100.1353	39.9373	0.8230	0.8244	5.0000	-9999.0000	-9999.0000	-9999.0000	-9999.0000	-9999.0000	-9999.0000	21.8157	5	0	28.7186	1.0000	99	9	-9999.0000	11765	22928	-9999	1940	1904	-9999	561.4081	5	0.6858	0.7084	-0.0013	87.4920	1.7517	728.3180	498.3193	35.2778	672.7174	94.7917	726.3006	94.6759	737.2510	94.9537	745.1422	95.1389	
07/08/2017	07:59:16	011992	H421018508HLR	L421	S		694.7396	1.0292	10.0000	100.1448	39.9122	0.8430	0.8264	5.0000	19.3691	815.0964	94.9769	15.3490	24.4000	0.9300	0.9349	0.7089	-0.0013	815.0000	814.5590	1.0275	-3.8483	100.1026	39.9230	0.8230	0.8242	5.0000	-9999.0000	-9999.0000	-9999.0000	-9999.0000	-9999.0000	-9999.0000	21.9466	6	0	26.1189	1.0000	99	9	-9999.0000	11766	22929	-9999	1941	1905	-9999	561.0780	5	0.6857	0.7089	-0.0013	87.0315	1.7641	721.5484	508.1683	36.4120	667.1075	94.7454	719.9814	94.5602	731.0263	94.7685	744.6828	95.0926	
07/08/2017	07:59:43	011992	H421018497HLR	L421	S		700.6275	1.0292	10.0000	100.1824	39.8840	0.8430	0.8264	5.0000	18.9191	815.0692	94.8380	17.3402	24.5000	0.9300	0.9349	0.7092	-0.0013	815.0000	814.3190	1.0275	-3.8231	100.0676	39.9305	0.8230	0.8244	5.0000	-9999.0000	-9999.0000	-9999.0000	-9999.0000	-9999.0000	-9999.0000	22.1074	7	0	27.0792	1.0000	99	9	-9999.0000	11767	22930	-9999	1942	1906	-9999	558.9570	5	0.6864	0.7092	-0.0013	92.6638	1.4266	725.0584	478.7479	35.4630	670.1219	94.8843	723.8787	94.8380	731.5040	95.0231	739.3173	95.1620	
07/08/2017	08:00:10	011992	H421018481HLR	L421	S		701.6582	1.0292	10.0000	100.2215	39.9281	0.8430	0.8265	5.0000	18.8084	815.1046	94.9769	15.6000	24.5000	0.9300	0.9349	0.7092	-0.0013	815.0000	814.9473	1.0275	-3.8892	100.1058	39.9414	0.8230	0.8243	5.0000	-9999.0000	-9999.0000	-9999.0000	-9999.0000	-9999.0000	-9999.0000	22.1381	8	0	26.9991	1.0000	99	9	-9999.0000	11768	22931	-9999	1943	1907	-9999	560.9710	5	0.6864	0.7092	-0.0013	92.6638	1.4266	729.3567	468.6569	35.8796	669.6030	94.8843	727.7900	94.7685	737.2564	94.9074	744.9400	95.0694	
07/08/2017	08:00:35	011992	H421018471HLR	L421	S		697.0666	1.0292	10.0000	100.0919	39.8665	0.8430	0.8260	5.0000	21.0792	815.0904	94.8611	17.9593	24.6000	0.9300	0.9350	0.7186	-0.0019	815.0000	813.9597	1.0275	-3.7852	100.1153	39.9461	0.8230	0.8244	5.0000	-9999.0000	-9999.0000	-9999.0000	-9999.0000	-9999.0000	-9999.0000	21.4077	1	0	25.6690	1.0000	99	9	-9999.0000	11769	22932	-9999	1944	1908	-9999	557.5613	5	0.6867	0.7186	-0.0019	97.3350	1.1500	725.2309	473.1927	35.6713	660.0416	96.5278	716.4458	96.7130	726.0755	95.3241	729.2211	94.6528	
07/08/2017	08:01:00	011992	H421018478HLR	L421	S		701.6965	1.0292	10.0000	100.2243	39.8808	0.8430	0.8264	5.0000	19.1594	815.1242	94.9769	15.2895	24.6000	0.9300	0.9348	0.7175	-0.0019	815.0000	815.0526	1.0275	-3.9003	100.0774	39.9394	0.8230	0.8243	5.0000	-9999.0000	-9999.0000	-9999.0000	-9999.0000	-9999.0000	-9999.0000	22.1634	2	0	24.9490	1.0000	99	9	-9999.0000	11769	22933	-9999	1945	1909	-9999	561.7573	5	0.6870	0.7175	-0.0019	97.1126	1.1680	719.8872	457.6012	34.3287	663.3686	92.8935	718.4733	92.4306	728.3767	94.3056	739.7227	95.3704	
07/08/2017	08:01:25	011992	H421018501HLR	L421	S		698.3306	1.0292	10.0000	100.1804	39.9785	0.8430	0.8265	5.0000	18.8977	815.0524	94.9306	16.2494	24.6000	0.9300	0.9349	0.7174	-0.0019	815.0000	814.4906	1.0275	-3.8411	100.0090	39.9976	0.8230	0.8247	5.0000	-9999.0000	-9999.0000	-9999.0000	-9999.0000	-9999.0000	-9999.0000	20.3183	3	0	24.8488	1.0000	99	9	-9999.0000	11770	22934	-9999	1946	1910	-9999	560.2070	5	0.6873	0.7174	-0.0019	102.3605	0.8428	716.3292	469.0488	34.0046	656.6723	94.3519	715.0220	93.9352	725.3653	94.6528	735.0449	95.1852	
07/08/2017	08:01:52	011992	H421018475HLR	L421	S		698.7326	1.0292	10.0000	100.2096	39.9148	0.8430	0.8264	5.0000	18.8392	815.0867	94.9537	15.9691	24.6000	0.9300	0.9349	0.7172	-0.0018	815.0000	813.2266	1.0275	-3.7081	100.1263	40.0373	0.8230	0.8249	5.0000	-9999.0000	-9999.0000	-9999.0000	-9999.0000	-9999.0000	-9999.0000	19.8593	4	0	26.6496	1.0000	99	9	-9999.0000	11771	22935	-9999	1947	1911	-9999	560.6871	5	0.6875	0.7172	-0.0018	99.3357	1.0154	717.6557	467.0311	34.7454	657.1846	93.9583	716.2314	93.6111	725.8985	94.5602	737.2672	95.2546	
07/08/2017	08:02:20	011992	H421016924HLR	L421	S		720.0993	1.0292	10.0000	100.1108	39.8764	0.8430	0.8261	5.0000	20.4787	815.0826	95.0000	10.9693	24.7000	0.9300	0.9347	0.7131	-0.0016	815.0000	819.9458	1.0275	-4.0000	100.1724	40.0259	0.8230	0.8246	5.0000	-9999.0000	-9999.0000	-9999.0000	-9999.0000	-9999.0000	-9999.0000	20.7488	5	0	27.9395	1.0000	99	9	-9999.0000	11772	22936	-9999	1948	1912	-9999	567.1937	5	0.6872	0.7131	-0.0016	104.2339	0.7237	747.1379	467.1203	34.6528	683.7045	93.0787	745.2539	92.5926	756.0961	94.3287	768.1626	95.2546	
07/08/2017	08:02:48	011992	H421016919HLR	L421	S		719.1385	1.0292	10.0000	100.2451	39.9968	0.8430	0.8267	5.0000	18.8829	815.1114	94.9537	11.6598	24.7000	0.9300	0.9348	0.7135	-0.0016	815.0000	818.5223	1.0275	-4.0000	100.1098	39.9511	0.8230	0.8242	5.0000	-9999.0000	-9999.0000	-9999.0000	-9999.0000	-9999.0000	-9999.0000	22.8789	6	0	27.8078	1.0000	99	9	-9999.0000	11773	22937	-9999	1949	1913	-9999	566.4466	5	0.6874	0.7135	-0.0016	102.6523	0.7885	745.4841	473.0969	33.9583	681.7446	93.6806	743.7471	93.4491	754.0872	94.4907	765.0314	95.3009	
07/08/2017	08:03:15	011992	H421016915HLR	L421	S		714.0326	1.0292	10.0000	100.2269	39.9687	0.8430	0.8263	5.0000	18.8587	815.0773	94.9769	12.9399	24.7000	0.9300	0.9348	0.7113	-0.0015	815.0000	819.5404	1.0275	-4.0000	100.1961	40.0497	0.8230	0.8249	5.0000	-9999.0000	-9999.0000	-9999.0000	-9999.0000	-9999.0000	-9999.0000	19.5983	7	0	27.3388	1.0000	99	9	-9999.0000	11774	22938	-9999	1950	1914	-9999	564.4551	5	0.6876	0.7113	-0.0015	103.0861	0.7627	741.4789	476.8133	33.7731	677.3685	93.9583	739.8996	93.6806	749.8680	94.5833	759.5269	95.2546	
07/08/2017	08:03:43	011992	H421018461HLR	L421	S		703.2475	1.0292	10.0000	100.1770	39.8876	0.8430	0.8262	5.0000	19.3694	815.1338	94.9769	15.8392	24.6000	0.9300	0.9348	0.7112	-0.0014	815.0000	815.5162	1.0275	-3.9491	100.1884	40.0234	0.8230	0.8245	5.0000	-9999.0000	-9999.0000	-9999.0000	-9999.0000	-9999.0000	-9999.0000	21.3650	8	0	28.0996	1.0000	99	9	-9999.0000	11775	22939	-9999	1951	1915	-9999	561.1266	5	0.6881	0.7112	-0.0014	112.7836	0.1575	728.7159	468.6162	33.2407	668.7808	95.3704	727.4381	95.3009	736.7029	95.1852	743.3900	95.0926	
07/08/2017	08:04:10	011992	H421018465HLR	L421	S		696.6529	1.0292	10.0000	100.1790	39.9595	0.8430	0.8264	5.0000	19.4095	815.1374	94.8611	17.1790	24.6000	0.9300	0.9347	0.7114	-0.0015	815.0000	815.0345	1.0275	-3.8984	100.1400	39.9918	0.8230	0.8244	5.0000	-9999.0000	-9999.0000	-9999.0000	-9999.0000	-9999.0000	-9999.0000	21.2490	1	0	27.2782	1.0000	99	9	-9999.0000	11776	22940	-9999	1952	1916	-9999	559.5861	5	0.6885	0.7114	-0.0015	112.8754	0.1473	721.1712	485.3530	35.8565	661.3239	95.3704	719.7930	95.1852	728.8975	95.2083	737.4608	95.1389	
07/08/2017	08:04:35	011992	H421016944HLR	L421	S		680.4337	1.0292	10.0000	100.1504	40.0279	0.8430	0.8265	5.0000	18.8684	815.0753	94.8611	17.0394	24.5000	0.9300	0.9347	0.7027	-0.0009	815.0000	815.8278	1.0275	-3.9819	100.1759	40.0405	0.8230	0.8250	5.0000	-9999.0000	-9999.0000	-9999.0000	-9999.0000	-9999.0000	-9999.0000	19.3599	2	0	25.0114	1.0000	99	9	-9999.0000	11777	22941	-9999	1953	1917	-9999	560.1340	5	0.6888	0.7027	-0.0009	71.2011	2.7020	730.9530	490.4372	34.6759	674.5161	94.5602	729.7655	94.6528	737.9109	94.8611	746.1092	95.1157	
07/08/2017	08:05:05	011992	H421016953HLR	L421	S		699.4129	1.0292	10.0000	100.2453	39.9575	0.8430	0.8264	5.0000	18.7590	815.0684	94.8843	16.5697	24.5000	0.9300	0.9347	0.7014	-0.0008	815.0000	815.1066	1.0275	-3.9060	100.2627	40.0477	0.8230	0.8250	5.0000	-9999.0000	-9999.0000	-9999.0000	-9999.0000	-9999.0000	-9999.0000	19.4687	3	0	29.9669	1.0000	99	9	-9999.0000	11778	22942	-9999	1953	1918	-9999	560.4102	5	0.6887	0.7014	-0.0008	70.4213	2.6920	731.5245	485.9568	34.8380	675.1526	94.8611	730.2952	94.9537	740.2307	95.0231	747.5408	95.1389	
07/08/2017	08:05:35	011992	H421016941HLR	L421	S		700.1602	1.0292	10.0000	100.2104	39.9413	0.8430	0.8265	5.0000	18.8598	815.1108	94.8148	17.2796	24.4000	0.9300	0.9347	0.7015	-0.0008	815.0000	816.0440	1.0275	-4.0000	100.0794	39.9802	0.8230	0.8245	5.0000	-9999.0000	-9999.0000	-9999.0000	-9999.0000	-9999.0000	-9999.0000	20.9786	4	0	29.3887	1.0000	99	9	-9999.0000	11779	22943	-9999	1954	1919	-9999	559.8873	5	0.6886	0.7015	-0.0008	70.7248	2.6591	733.0981	474.0708	34.5370	675.3992	94.6991	731.7142	94.7685	740.2176	94.9769	746.4617	95.1389	
07/08/2017	08:06:04	011992	H421016932HLR	L421	S		700.6468	1.0292	10.0000	100.2109	39.9896	0.8430	0.8265	5.0000	18.8088	815.1226	94.9306	16.4799	24.4000	0.9300	0.9348	0.7014	-0.0008	815.0000	816.9297	1.0275	-4.0000	100.1425	39.9477	0.8230	0.8244	5.0000	-9999.0000	-9999.0000	-9999.0000	-9999.0000	-9999.0000	-9999.0000	21.6987	5	0	28.9892	1.0000	99	9	-9999.0000	11780	22944	-9999	1955	1920	-9999	560.4734	5	0.6886	0.7014	-0.0008	65.3957	3.0705	740.6048	483.2213	36.2963	672.0407	96.1806	733.1182	96.1574	743.1771	95.4630	747.9451	94.9537	
07/08/2017	08:06:31	011992	H421016928HLR	L421	S		720.2709	1.0292	10.0000	100.2082	39.9695	0.8430	0.8264	5.0000	18.8995	815.1190	94.9537	13.3491	24.4000	0.9300	0.9347	0.7017	-0.0009	815.0000	821.9995	1.0275	-4.0000	100.1346	39.9631	0.8230	0.8246	5.0000	-9999.0000	-9999.0000	-9999.0000	-9999.0000	-9999.0000	-9999.0000	20.8289	6	0	26.9092	1.0000	99	9	-9999.0000	11781	22945	-9999	1955	1921	-9999	562.6015	5	0.6885	0.7017	-0.0009	65.1267	3.0922	751.6252	479.5641	35.1852	690.1535	94.2130	750.0732	93.9583	758.7721	94.6528	767.4616	95.2083	
07/08/2017	08:06:59	011992	H421016654HLR	L421	S		697.3973	1.0292	10.0000	100.1693	39.9317	0.8430	0.8264	5.0000	19.0279	815.1322	94.9074	19.1389	24.4000	0.9300	0.9348	0.7016	-0.0009	815.0000	817.5459	1.0275	-4.0000	100.1922	40.0138	0.8230	0.8250	5.0000	-9999.0000	-9999.0000	-9999.0000	-9999.0000	-9999.0000	-9999.0000	19.3591	7	0	27.8385	1.0000	99	9	-9999.0000	11782	22946	-9999	1955	1922	-9999	558.8228	5	0.6884	0.7016	-0.0009	66.5151	2.9697	728.4294	462.2725	34.4213	673.1706	93.9120	727.2354	93.6343	734.0420	94.4676	742.5001	95.2083	
07/08/2017	08:07:25	011992	H421016041HLR	L421	S		695.2663	1.0292	10.0000	100.1967	39.9399	0.8430	0.8265	5.0000	18.8995	815.0691	94.8843	18.5696	24.3000	0.9300	0.9348	0.7016	-0.0009	815.0000	816.4027	1.0275	-4.0000	100.0991	39.9257	0.8230	0.8243	5.0000	-9999.0000	-9999.0000	-9999.0000	-9999.0000	-9999.0000	-9999.0000	22.2793	8	0	26.1594	1.0000	99	9	-9999.0000	11783	22947	-9999	1956	1923	-9999	558.8181	5	0.6884	0.7016	-0.0009	66.5151	2.9697	723.9804	484.3477	35.9028	666.1605	93.6806	722.5598	93.3565	731.0389	94.3981	740.6244	95.2083	
07/08/2017	08:07:50	011992	H421016656HLR	L421	S		698.2612	1.0292	10.0000	100.1920	39.9946	0.8430	0.8264	5.0000	18.7893	815.0961	94.8843	18.1790	24.3000	0.9300	0.9348	0.7014	-0.0009	815.0000	814.7293	1.0275	-3.8662	100.1481	39.9076	0.8230	0.8241	5.0000	-9999.0000	-9999.0000	-9999.0000	-9999.0000	-9999.0000	-9999.0000	22.5790	1	0	24.8984	1.0000	99	9	-9999.0000	11784	22948	-9999	1957	1924	-9999	558.9547	5	0.6882	0.7014	-0.0009	67.5314	2.9148	727.2027	490.1024	35.5787	670.5194	94.2824	726.0038	94.0509	732.9432	94.6528	739.6127	95.1620	
07/08/2017	08:08:16	011992	H421016957HLR	L421	S		699.9111	1.0292	10.0000	100.0346	39.8405	0.8430	0.8258	5.0000	21.3584	815.0558	94.9074	16.0492	24.4000	0.9300	0.9348	0.7013	-0.0009	815.0000	814.7964	1.0275	-3.8733	100.2792	39.9924	0.8230	0.8251	5.0000	-9999.0000	-9999.0000	-9999.0000	-9999.0000	-9999.0000	-9999.0000	18.9710	2	0	26.7301	1.0000	99	9	-9999.0000	11785	22949	-9999	1958	1925	-9999	560.3015	5	0.6878	0.7013	-0.0009	64.7584	3.0482	732.4614	485.9970	33.1944	670.1907	94.4907	731.2115	94.3056	740.0285	94.7685	747.2816	95.1157	
07/08/2017	08:08:43	011992	H421016947HLR	L421	S		699.0462	1.0292	10.0000	100.2121	39.9214	0.8430	0.8266	5.0000	18.8497	815.0605	94.8611	17.0892	24.4000	0.9300	0.9348	0.7032	-0.0010	815.0000	814.4787	1.0275	-3.8399	100.2429	40.0309	0.8230	0.8249	5.0000	-9999.0000	-9999.0000	-9999.0000	-9999.0000	-9999.0000	-9999.0000	19.7682	3	0	26.4583	1.0000	99	9	-9999.0000	11786	22950	-9999	1959	1926	-9999	559.3984	5	0.6870	0.7032	-0.0010	64.8771	3.0076	726.9748	483.4700	34.9537	670.0780	94.2361	725.7141	94.3287	733.7642	94.7685	741.2637	95.1389	
07/08/2017	08:09:09	011992	H421016629HLR	L421	S		711.6532	1.0292	10.0000	100.2147	39.9988	0.8430	0.8264	5.0000	18.8792	815.1078	94.9306	12.5093	24.4000	0.9300	0.9348	0.7007	-0.0009	815.0000	815.9125	1.0275	-3.9908	100.1120	39.9305	0.8230	0.8242	5.0000	-9999.0000	-9999.0000	-9999.0000	-9999.0000	-9999.0000	-9999.0000	22.2791	4	0	26.6692	1.0000	99	9	-9999.0000	11787	22951	-9999	1960	1927	-9999	562.5426	5	0.6862	0.7007	-0.0009	67.8550	2.8417	751.6140	470.7308	35.5093	689.9560	94.4676	750.1831	94.5139	757.3995	94.8611	765.4146	95.1389	
07/08/2017	08:09:38	011992	H421016634HLR	L421	S		697.9937	1.0292	10.0000	100.2160	39.9022	0.8430	0.8264	5.0000	18.7587	815.1388	94.9537	13.3589	24.4000	0.9300	0.9349	0.7103	-0.0014	815.0000	819.0246	1.0275	-4.0000	100.0307	39.9243	0.8230	0.8242	5.0000	-9999.0000	-9999.0000	-9999.0000	-9999.0000	-9999.0000	-9999.0000	21.5993	5	0	28.7085	1.0000	99	9	-9999.0000	11788	22952	-9999	1961	1928	-9999	563.9727	5	0.6860	0.7103	-0.0014	64.2278	3.0209	742.2111	472.6059	35.6019	680.1294	95.2546	740.5686	95.4861	750.6447	95.2546	756.5773	95.1157	
