Data	Timp	Nr. masina	Nr. de serie	Tip	Productie	Comentariu	Pre-masurare Q [ml/min]	Pre-masurare Gain	Pre-masurare Offset Master	Pre-masurare P [bar]	Pre-masurare T [°C]	Pre-masurare Densitate fixa [kg/l]	Pre-masurare densitate masurata [kg/l]	Pre-masurare Timp masurare [s]	Pre-masurare Cycle time [s]	rectificare Q Oprire [ml/min]	rectificare P Oprire [bar]	rectificare Timp rectificare [s]	rectificare T [°C]	rectificare Densitate fixa [kg/l]	rectificare densitate masurata [kg/l]	rectificare Factor de masurare la rectificare	rectificare Factor de corectie a debitului	rectificare Target rectificare	Masurare Q [ml/min]	Masurare Gain	Masurare Offset Master	Masurare P [bar]	Masurare T [°C]	Masurare Densitate fixa [kg/l]	Masurare densitate masurata [kg/l]	Masurare Timp masurare [s]	Masurare Q [ml/min]	Masurare Delta Q [ml/min]	Masurare P [bar]	Masurare BP [bar]	Masurare T [°C]	Masurare Timp masurare [s]	Masurare Cycle time [s]	Nest Nr.	Cod de descarcare	Cycle time [s]	Traceability aktiv	EDM Maschine Nr	EDM Spindle Nr	Honing Rate [r	Station Counter Premeasure	Station Counter Grind	Station Counter Blowout 1	Station Counter Wash	Station Counter Measure	Station Counter Blowout 2	RealGrindQStop	Reg Type	Factor 0	Factor 1	Factor 2	Factor 3	Factor 4	G_StartQV	G_StartQV_1	G_StartQV_2	G_StartQV_3	G_StartQV_4	G_StartQV_5	
30/08/2017	00:03:46	011992	H421142359HLR	L421	S		688.2604	1.0292	10.0000	100.1041	39.8691	0.8430	0.8281	5.0000	18.6090	815.1102	94.8380	15.3197	24.4000	0.9300	0.9456	0.6779	-0.0016	815.0000	816.0749	1.0275	-2.9537	100.0002	39.8156	0.8230	0.8270	5.0000	-9999.0000	-9999.0000	-9999.0000	-9999.0000	-9999.0000	-9999.0000	20.0299	5	0	544.2881	1.0000	99	9	-9999.0000	18671	9306	-9999	1130	1205	-9999	533.1857	5	0.6519	0.6779	-0.0016	58.8459	4.0005	706.3561	460.3911	37.0139	652.2685	94.6759	705.0100	95.1852	723.0943	95.0694	732.0057	94.9769	
30/08/2017	00:04:14	011992	H421142371HLR	L421	S		695.2974	1.0292	10.0000	100.1229	39.8581	0.8430	0.8282	5.0000	18.8784	815.0717	94.9074	15.8793	24.4000	0.9300	0.9455	0.6698	-0.0011	815.0000	-9999.0000	0.0000	0.0000	-9999.0000	-9999.0000	0.8230	-9999.0000	0.0000	-9999.0000	-9999.0000	-9999.0000	-9999.0000	-9999.0000	-9999.0000	0.0000	6	0	28.4297	1.0000	99	9	-9999.0000	18672	9307	-9999	1131	0	-9999	531.9613	5	0.6516	0.6698	-0.0011	46.8084	4.6998	720.3596	463.8246	36.5509	666.9958	94.4676	719.1355	95.0463	729.1255	94.9769	735.9767	94.9769	
30/08/2017	00:04:41	011992	H421142379HLR	L421	S		691.2865	1.0292	10.0000	99.9806	39.8731	0.8430	0.8279	5.0000	20.2492	815.1778	94.9074	16.5394	24.4000	0.9300	0.9455	0.6723	-0.0012	815.0000	818.3208	1.0275	-3.0073	99.8276	40.2840	0.8230	0.8279	5.0000	-9999.0000	-9999.0000	-9999.0000	-9999.0000	-9999.0000	-9999.0000	20.6881	7	0	26.9188	1.0000	99	9	-9999.0000	18673	9308	-9999	1132	1206	-9999	531.5050	5	0.6519	0.6723	-0.0012	72.2274	3.2000	713.7067	465.7970	36.5509	661.7837	94.7454	712.5402	94.9769	721.0622	95.1389	728.8404	95.0463	
30/08/2017	00:05:06	011992	H421142182HLR	L421	S		689.1499	1.0292	10.0000	100.1180	39.8944	0.8430	0.8282	5.0000	18.7592	815.1076	94.8380	18.4886	24.3000	0.9300	0.9454	0.6709	-0.0012	815.0000	819.5407	1.0275	-3.0140	100.0243	39.2579	0.8230	0.8246	5.0000	-9999.0000	-9999.0000	-9999.0000	-9999.0000	-9999.0000	-9999.0000	22.9773	8	0	25.0610	1.0000	99	9	-9999.0000	18674	9309	-9999	1133	1207	-9999	529.5364	5	0.6523	0.6709	-0.0012	104.6412	1.1951	712.4004	470.9162	35.9954	662.9962	94.4907	711.2726	94.8843	720.2832	95.1620	727.0195	95.0231	
30/08/2017	00:05:34	011992	H421142164HLR	L421	S		687.7223	1.0292	10.0000	99.9776	39.8786	0.8430	0.8283	5.0000	18.4472	0.0000	0.0000	0.0000	0.0000	0.9300	0.0000	0.0000	0.0000	815.0000	816.7673	1.0275	-2.9884	100.0238	39.5000	0.8230	0.8278	5.0000	-9999.0000	-9999.0000	-9999.0000	-9999.0000	-9999.0000	-9999.0000	20.4889	1	0	28.2865	1.0000	99	9	-9999.0000	18675	0	-9999	1134	1208	-9999	0.0000	0	0.0000	0.0000	0.0000	0.0000	0.0000	0.0000	465.4148	36.0185	659.3812	93.7500	711.6607	94.7685	720.4862	94.9306	729.3791	95.0463	
30/08/2017	00:06:04	011992	H421142185HLR	L421	S		-9999.0000	0.0000	0.0000	-9999.0000	-9999.0000	0.8430	-9999.0000	0.0000	0.0000	815.0720	94.7917	17.2698	25.0000	0.9300	0.9454	0.6709	-0.0012	815.0000	814.6938	1.0275	-2.8847	100.0378	40.2471	0.8230	0.8291	5.0000	-9999.0000	-9999.0000	-9999.0000	-9999.0000	-9999.0000	-9999.0000	20.0487	2	0	29.1992	1.0000	99	9	-9999.0000	0	9310	-9999	1135	1209	-9999	530.6720	5	0.6523	0.6709	-0.0012	104.6412	1.1951	664.2165	338.7048	37.7083	638.9118	67.6157	645.3218	68.9120	676.0676	93.0324	721.8759	94.6991	
30/08/2017	00:06:32	011992	H421142196HLR	L421	S		696.9493	1.0292	10.0000	100.0676	39.4723	0.8430	0.8276	5.0000	18.9993	815.1457	95.0000	16.0394	24.8000	0.9300	0.9454	0.6685	-0.0012	815.0000	815.2767	1.0275	-2.9138	99.8073	39.8155	0.8230	0.8254	5.0000	-9999.0000	-9999.0000	-9999.0000	-9999.0000	-9999.0000	-9999.0000	21.1493	3	0	27.9495	1.0000	99	9	-9999.0000	18676	9311	-9999	1136	1210	-9999	530.0264	5	0.6495	0.6685	-0.0012	72.3746	3.2066	720.7823	463.3697	37.2454	674.1110	91.5509	719.4877	92.5694	728.4395	94.1204	738.7991	94.9769	
30/08/2017	00:07:00	011992	H421142204HLR	L421	S		703.6479	1.0292	10.0000	99.8949	39.3000	0.8430	0.8290	5.0000	18.5018	815.1772	94.9769	13.4702	24.7000	0.9300	0.9451	0.6680	-0.0012	815.0000	813.1284	1.0275	-2.8064	99.8684	39.3297	0.8230	0.8259	5.0000	-9999.0000	-9999.0000	-9999.0000	-9999.0000	-9999.0000	-9999.0000	21.0310	4	0	28.0480	1.0000	99	9	-9999.0000	18677	9312	-9999	1137	1211	-9999	532.0165	5	0.6479	0.6680	-0.0012	88.3840	2.2191	730.5451	477.0584	36.5741	680.5789	92.6620	728.8065	93.5417	739.6819	94.3981	749.2456	95.0463	
30/08/2017	00:07:29	011992	H421142159HLR	L421	S		681.7980	1.0292	10.0000	99.9539	40.1000	0.8430	0.8289	5.0000	21.0391	815.1192	94.8611	17.4193	24.5000	0.9300	0.9449	0.6680	-0.0012	815.0000	811.5930	1.0275	-2.7297	99.9829	40.0485	0.8230	0.8286	5.0000	-9999.0000	-9999.0000	-9999.0000	-9999.0000	-9999.0000	-9999.0000	21.1592	5	0	29.5086	1.0000	99	9	-9999.0000	18678	9313	-9999	1138	1212	-9999	528.2535	5	0.6479	0.6680	-0.0012	88.3840	2.2191	708.0639	469.8721	37.6852	658.2066	93.1250	706.8211	94.0509	716.2431	94.4676	724.3202	94.8148	
30/08/2017	00:07:57	011992	H421142169HLR	L421	S		681.6990	1.0292	10.0000	100.0893	39.9615	0.8430	0.8280	5.0000	18.5499	815.1707	94.9074	18.2591	24.7000	0.9300	0.9451	0.6691	-0.0012	815.0000	812.0091	1.0275	-2.7505	99.7946	40.1044	0.8230	0.8265	5.0000	-9999.0000	-9999.0000	-9999.0000	-9999.0000	-9999.0000	-9999.0000	20.4985	6	0	28.1591	1.0000	99	9	-9999.0000	18679	9314	-9999	1138	1213	-9999	528.4433	5	0.6491	0.6691	-0.0012	94.1404	1.8560	700.9891	447.4643	34.5602	651.1769	91.8519	699.5064	93.3796	709.8942	94.3056	718.6913	94.9074	
30/08/2017	00:08:26	011992	H421142179HLR	L421	S		684.7769	1.0292	10.0000	99.9589	39.3567	0.8430	0.8278	5.0000	18.2366	815.0469	94.9537	16.5590	24.7000	0.9300	0.9453	0.6690	-0.0012	815.0000	810.0625	1.0275	-2.6531	99.8889	39.5014	0.8230	0.8258	5.0000	-9999.0000	-9999.0000	-9999.0000	-9999.0000	-9999.0000	-9999.0000	19.5002	7	0	29.0694	1.0000	99	9	-9999.0000	18680	9314	-9999	1139	1214	-9999	529.7738	5	0.6494	0.6690	-0.0012	88.4438	2.2098	711.1230	472.2574	36.8519	659.9775	93.8194	709.8621	94.6296	718.8887	94.9074	727.7234	95.0463	
30/08/2017	00:08:53	011992	H421142203HLR	L421	S		685.2837	1.0292	10.0000	100.1242	39.8000	0.8430	0.8294	5.0000	19.0989	815.0585	94.8843	16.9896	24.6000	0.9300	0.9452	0.6761	-0.0016	815.0000	812.1669	1.0275	-2.7583	100.0215	39.8053	0.8230	0.8275	5.0000	-9999.0000	-9999.0000	-9999.0000	-9999.0000	-9999.0000	-9999.0000	22.2962	8	0	26.1600	1.0000	99	9	-9999.0000	18681	9315	-9999	1140	1215	-9999	528.6880	5	0.6504	0.6761	-0.0016	51.4216	4.3224	705.1929	463.5214	36.0417	656.4114	93.7731	703.7727	94.6991	713.5121	94.8843	723.0707	95.0926	
30/08/2017	00:09:22	011992	H421142172HLR	L421	S		685.0263	1.0292	10.0000	100.0808	40.0808	0.8430	0.8285	5.0000	18.8791	815.1221	94.8380	18.1692	24.6000	0.9300	0.9452	0.6650	-0.0008	815.0000	811.8105	1.0275	-2.7405	100.1070	40.1608	0.8230	0.8274	5.0000	-9999.0000	-9999.0000	-9999.0000	-9999.0000	-9999.0000	-9999.0000	19.8084	1	0	29.0277	1.0000	99	9	-9999.0000	18682	9316	-9999	1141	1216	-9999	528.5287	5	0.6505	0.6650	-0.0008	49.8779	4.4474	705.5765	472.1460	38.6806	658.8947	94.1898	704.4911	94.5370	714.0318	94.8380	720.4022	95.0000	
30/08/2017	00:09:48	011992	H421141537HLR	L421	S		681.8142	1.0292	10.0000	99.9166	39.4774	0.8430	0.8270	5.0000	21.5782	815.1383	94.8611	17.0491	24.8000	0.9300	0.9455	0.6683	-0.0010	815.0000	810.6344	1.0275	-2.6817	99.8620	39.7076	0.8230	0.8258	5.0000	-9999.0000	-9999.0000	-9999.0000	-9999.0000	-9999.0000	-9999.0000	19.9889	2	0	26.7691	1.0000	99	9	-9999.0000	18683	9317	-9999	1142	1217	-9999	530.3884	5	0.6509	0.6683	-0.0010	50.2996	4.4377	713.4830	473.3326	39.2593	663.8723	94.2593	712.2770	94.8148	720.2802	94.7917	728.3447	94.9769	
30/08/2017	00:10:18	011992	H421141528HLR	L421	S		682.0384	1.0292	10.0000	99.9734	39.6635	0.8430	0.8287	5.0000	19.3691	815.0990	94.8380	17.8792	24.7000	0.9300	0.9455	0.6683	-0.0010	815.0000	812.9053	1.0275	-2.7953	100.1682	39.7627	0.8230	0.8274	5.0000	-9999.0000	-9999.0000	-9999.0000	-9999.0000	-9999.0000	-9999.0000	19.6587	3	0	29.8583	1.0000	99	9	-9999.0000	18684	9318	-9999	1143	1218	-9999	529.6684	5	0.6509	0.6683	-0.0010	50.2996	4.4377	711.7934	469.2664	36.2731	663.2440	94.0509	710.2351	94.7685	719.2813	94.7222	725.7137	95.0231	
30/08/2017	00:10:50	011992	H421141546HLR	L421	S		695.1667	1.0292	10.0000	100.1023	40.0900	0.8430	0.8286	5.0000	19.2262	815.0987	94.9074	15.0492	24.5000	0.9300	0.9454	0.6676	-0.0010	815.0000	816.7286	1.0275	-2.9864	100.1262	39.9798	0.8230	0.8267	5.0000	-9999.0000	-9999.0000	-9999.0000	-9999.0000	-9999.0000	-9999.0000	22.4188	4	0	31.4220	1.0000	99	9	-9999.0000	18685	9319	-9999	1144	1219	-9999	532.0876	5	0.6509	0.6676	-0.0010	50.0989	4.4596	728.3018	464.0462	34.6991	677.2855	94.3750	726.9068	94.5833	737.0339	94.7222	744.6572	94.9769	
30/08/2017	00:11:19	011992	H421141526HLR	L421	S		681.8342	1.0292	10.0000	100.0027	39.7779	0.8430	0.8278	5.0000	18.5893	815.0572	94.7917	17.8294	24.7000	0.9300	0.9456	0.6636	-0.0007	815.0000	811.9269	1.0275	-2.7463	99.9606	39.8054	0.8230	0.8261	5.0000	-9999.0000	-9999.0000	-9999.0000	-9999.0000	-9999.0000	-9999.0000	19.7937	5	0	29.3330	1.0000	99	9	-9999.0000	18686	9320	-9999	1145	1220	-9999	530.3064	5	0.6514	0.6636	-0.0007	52.7610	4.2706	711.2026	445.2042	37.5000	657.6506	94.0278	709.8902	94.9306	718.9182	94.8380	725.9803	94.9537	
30/08/2017	00:11:50	011992	H421136905HLR	L421	S		696.5648	1.0292	10.0000	100.0506	39.5597	0.8430	0.8282	5.0000	18.8587	815.0960	94.9074	15.6889	24.7000	0.9300	0.9457	0.6636	-0.0007	815.0000	815.7720	1.0275	-2.9386	99.9415	39.7730	0.8230	0.8268	5.0000	-9999.0000	-9999.0000	-9999.0000	-9999.0000	-9999.0000	-9999.0000	19.9989	6	0	30.5717	1.0000	99	9	-9999.0000	18687	9321	-9999	1146	1221	-9999	531.9876	5	0.6514	0.6636	-0.0007	52.7610	4.2706	727.9229	464.1235	34.9306	675.2212	93.3333	726.6775	94.5833	736.5803	94.8380	743.7351	94.9537	
30/08/2017	00:12:19	011992	H421141542HLR	L421	S		678.1498	1.0292	10.0000	99.8965	40.0000	0.8430	0.8288	5.0000	19.5749	815.0726	94.7917	18.8889	24.6000	0.9300	0.9456	0.6635	-0.0007	815.0000	812.9610	1.0275	-2.7980	100.1009	39.9800	0.8230	0.8271	5.0000	-9999.0000	-9999.0000	-9999.0000	-9999.0000	-9999.0000	-9999.0000	20.0986	7	0	29.7391	1.0000	99	9	-9999.0000	18688	9322	-9999	1147	1222	-9999	530.2329	5	0.6519	0.6635	-0.0007	48.6343	4.5433	706.2719	461.0849	35.1389	656.5129	93.0787	704.7989	94.4213	713.1860	94.7685	721.9837	95.0694	
30/08/2017	00:12:46	011992	H421141531HLR	L421	S		678.7643	1.0292	10.0000	100.0699	39.9592	0.8430	0.8279	5.0000	19.0792	815.1111	94.9074	20.3000	24.8000	0.9300	0.9456	0.6607	-0.0005	815.0000	813.2240	1.0275	-2.8112	99.9169	39.7970	0.8230	0.8262	5.0000	-9999.0000	-9999.0000	-9999.0000	-9999.0000	-9999.0000	-9999.0000	20.4188	8	0	26.3887	1.0000	99	9	-9999.0000	18689	9323	-9999	1148	1223	-9999	529.9371	5	0.6522	0.6607	-0.0005	81.2825	2.7053	711.4434	459.4427	34.9537	655.5570	94.1667	710.1518	95.1389	715.4922	95.0694	718.4924	94.8843	
30/08/2017	00:13:12	011992	H421141557HLR	L421	S		681.1323	1.0292	10.0000	100.0355	39.5659	0.8430	0.8279	5.0000	19.2944	815.0672	94.8380	18.0892	24.7000	0.9300	0.9456	0.6554	-0.0002	815.0000	812.5799	1.0275	-2.7790	99.8781	39.8006	0.8230	0.8270	5.0000	-9999.0000	-9999.0000	-9999.0000	-9999.0000	-9999.0000	-9999.0000	19.8489	1	0	26.5498	1.0000	99	9	-9999.0000	18690	9324	-9999	1149	1224	-9999	531.1379	5	0.6520	0.6554	-0.0002	74.9461	3.0778	714.3865	474.7097	38.5417	666.0556	94.4907	713.0233	95.0694	721.3656	95.0463	727.6204	95.0926	
30/08/2017	00:13:38	011992	H421141521HLR	L421	S		681.7910	1.0292	10.0000	100.0943	39.9000	0.8430	0.8290	5.0000	19.0725	815.1513	94.8148	19.3694	24.5000	0.9300	0.9455	0.6541	-0.0001	815.0000	815.0319	1.0275	-2.9016	99.9065	39.9934	0.8230	0.8272	5.0000	-9999.0000	-9999.0000	-9999.0000	-9999.0000	-9999.0000	-9999.0000	19.7659	2	0	25.6484	1.0000	99	9	-9999.0000	18691	9325	-9999	1150	1225	-9999	530.8946	5	0.6521	0.6541	-0.0001	67.6473	3.4829	716.9028	475.4954	37.8704	670.6469	94.4676	715.7988	94.9074	723.0241	94.9306	727.7339	95.1157	
30/08/2017	00:14:06	011992	H421141547HLR	L421	S		667.4502	1.0292	10.0000	99.9862	39.9954	0.8430	0.8282	5.0000	18.8391	815.0580	94.8148	18.5696	24.6000	0.9300	0.9456	0.6537	-0.0001	815.0000	814.0994	1.0275	-2.8550	100.0297	39.8639	0.8230	0.8262	5.0000	-9999.0000	-9999.0000	-9999.0000	-9999.0000	-9999.0000	-9999.0000	20.3910	3	0	27.4591	1.0000	99	9	-9999.0000	18692	9326	-9999	1151	1226	-9999	531.5396	5	0.6522	0.6537	-0.0001	77.0764	2.9228	717.5430	454.0398	35.9722	662.6989	94.0972	715.9510	94.8611	726.2089	95.0926	732.6254	94.9769	
30/08/2017	00:14:32	011992	H421141625HLR	L421	S		696.6140	1.0292	10.0000	99.9525	39.5367	0.8430	0.8272	5.0000	21.6894	815.0523	94.9074	15.1196	24.6000	0.9300	0.9457	0.6537	-0.0001	815.0000	814.9597	1.0275	-2.8980	100.0364	39.7669	0.8230	0.8266	5.0000	-9999.0000	-9999.0000	-9999.0000	-9999.0000	-9999.0000	-9999.0000	19.5657	4	0	26.0391	1.0000	99	9	-9999.0000	18693	9327	-9999	1151	1227	-9999	531.8139	5	0.6522	0.6537	-0.0001	77.0764	2.9228	742.5839	484.6524	37.7778	686.8789	94.6065	740.9573	94.9074	749.0183	95.0926	754.7138	95.0000	
30/08/2017	00:14:59	011992	H421141615HLR	L421	S		696.0608	1.0292	10.0000	100.1068	39.8637	0.8430	0.8290	5.0000	18.7784	815.1481	94.9306	15.4594	24.5000	0.9300	0.9456	0.6517	0.0000	815.0000	815.0719	1.0275	-2.9036	100.0471	39.9164	0.8230	0.8270	5.0000	-9999.0000	-9999.0000	-9999.0000	-9999.0000	-9999.0000	-9999.0000	20.6484	5	0	28.0995	1.0000	99	9	-9999.0000	18694	9328	-9999	1152	1227	-9999	531.6373	5	0.6522	0.6517	0.0000	78.2874	2.8810	739.6754	471.7855	38.7037	687.0648	94.5833	738.5993	94.9074	746.5661	95.0926	753.7123	95.0694	
30/08/2017	00:15:30	011992	H421141560HLR	L421	S		695.0895	1.0292	10.0000	100.1147	40.1082	0.8430	0.8285	5.0000	18.6101	815.1063	95.0000	14.5795	24.6000	0.9300	0.9457	0.6535	-0.0001	815.0000	811.7268	1.0275	-2.7363	100.0773	39.8731	0.8230	0.8260	5.0000	-9999.0000	-9999.0000	-9999.0000	-9999.0000	-9999.0000	-9999.0000	22.1166	6	0	30.1810	1.0000	99	9	-9999.0000	18694	9329	-9999	1153	1228	-9999	531.8817	5	0.6522	0.6535	-0.0001	79.8184	2.7842	739.4603	453.8443	37.0370	675.8453	93.6111	737.9151	94.8611	746.0005	94.9306	752.4111	95.1389	
30/08/2017	00:15:58	011992	H421141551HLR	L421	S		687.7909	1.0292	10.0000	99.9981	39.7760	0.8430	0.8277	5.0000	18.5550	815.0707	94.9537	16.2191	24.6000	0.9300	0.9457	0.6533	-0.0001	815.0000	813.7517	1.0275	-2.8376	100.1646	39.6853	0.8230	0.8257	5.0000	-9999.0000	-9999.0000	-9999.0000	-9999.0000	-9999.0000	-9999.0000	22.3666	7	0	27.9261	1.0000	99	9	-9999.0000	18695	9330	-9999	1153	1229	-9999	531.9039	5	0.6524	0.6533	-0.0001	79.1213	2.8418	732.6734	452.0417	35.6250	676.9538	94.3981	731.2344	95.2546	738.6932	95.0000	745.2788	94.9537	
30/08/2017	00:16:23	011992	H421141656HLR	L421	S		693.2372	1.0292	10.0000	100.0253	39.6938	0.8430	0.8283	5.0000	18.6898	815.0907	94.9306	14.9194	24.5000	0.9300	0.9457	0.6527	-0.0000	815.0000	813.3795	1.0275	-2.8190	100.1617	39.9396	0.8230	0.8273	5.0000	-9999.0000	-9999.0000	-9999.0000	-9999.0000	-9999.0000	-9999.0000	19.6635	8	0	25.5793	1.0000	99	9	-9999.0000	18696	9331	-9999	1154	1230	-9999	531.8459	5	0.6523	0.6527	-0.0000	69.4080	3.3478	740.2347	450.9337	37.2222	684.8527	94.6759	739.0582	95.0000	746.9863	95.0463	753.8772	94.8611	
30/08/2017	00:16:50	011992	H421141649HLR	L421	S		687.0451	1.0292	10.0000	100.0825	40.0095	0.8430	0.8288	5.0000	18.9628	815.1340	94.8611	16.8295	24.4000	0.9300	0.9456	0.6525	-0.0000	815.0000	815.6438	1.0275	-2.9322	100.1787	40.0116	0.8230	0.8268	5.0000	-9999.0000	-9999.0000	-9999.0000	-9999.0000	-9999.0000	-9999.0000	19.7545	1	0	26.5292	1.0000	99	9	-9999.0000	18697	9332	-9999	1155	1231	-9999	531.8333	5	0.6523	0.6525	-0.0000	67.2658	3.4436	730.6959	449.8633	37.4306	675.4104	94.4676	729.6403	94.9306	737.0716	95.1157	742.8013	94.9537	
30/08/2017	00:17:17	011992	H421141624HLR	L421	S		676.6345	1.0292	10.0000	99.9508	39.9814	0.8430	0.8281	5.0000	18.5892	815.0625	94.9074	19.0686	24.6000	0.9300	0.9457	0.6568	-0.0002	815.0000	819.6126	1.0275	-3.0144	100.1186	39.6904	0.8230	0.8255	5.0000	-9999.0000	-9999.0000	-9999.0000	-9999.0000	-9999.0000	-9999.0000	22.3605	2	0	27.3995	1.0000	99	9	-9999.0000	18698	9333	-9999	1156	1232	-9999	531.6786	5	0.6527	0.6568	-0.0002	54.3284	4.2197	718.0123	476.7381	36.4120	667.1219	94.4676	716.8665	95.1852	725.7599	95.0000	732.1168	95.0000	
30/08/2017	00:17:46	011992	H421141629HLR	L421	S		693.2917	1.0292	10.0000	100.1109	39.6619	0.8430	0.8279	5.0000	18.7162	815.1458	94.9074	16.6889	24.5000	0.9300	0.9457	0.6575	-0.0003	815.0000	815.1383	1.0275	-2.9069	100.1101	39.8000	0.8230	0.8264	5.0000	-9999.0000	-9999.0000	-9999.0000	-9999.0000	-9999.0000	-9999.0000	22.4759	3	0	28.8279	1.0000	99	9	-9999.0000	18699	9334	-9999	1157	1233	-9999	532.2844	5	0.6527	0.6575	-0.0003	65.2094	3.5513	727.8846	456.9016	35.3472	674.8050	94.2361	726.5162	95.1157	734.2939	94.9074	740.9585	95.0694	
30/08/2017	00:18:15	011992	H421141646HLR	L421	S		696.5721	1.0292	10.0000	99.9405	39.8855	0.8430	0.8282	5.0000	21.0130	815.1086	94.9537	14.1597	24.6000	0.9300	0.9457	0.6592	-0.0004	815.0000	813.3307	1.0275	-2.8165	100.0857	40.0479	0.8230	0.8270	5.0000	-9999.0000	-9999.0000	-9999.0000	-9999.0000	-9999.0000	-9999.0000	19.9670	4	0	28.6191	1.0000	99	9	-9999.0000	18700	9335	-9999	1158	1234	-9999	533.1928	5	0.6529	0.6592	-0.0004	68.5913	3.3776	737.1446	460.9727	34.2130	682.0035	94.2593	736.0015	94.7454	744.1150	95.0231	751.2955	95.0926	
30/08/2017	00:18:42	011992	H421141628HLR	L421	S		693.6487	1.0292	10.0000	100.0296	40.0489	0.8430	0.8283	5.0000	18.6305	815.0739	94.9074	15.3998	24.6000	0.9300	0.9457	0.6589	-0.0004	815.0000	815.2289	1.0275	-2.9114	100.1317	39.7645	0.8230	0.8256	5.0000	-9999.0000	-9999.0000	-9999.0000	-9999.0000	-9999.0000	-9999.0000	22.6973	5	0	27.4794	1.0000	99	9	-9999.0000	18701	9336	-9999	1159	1235	-9999	532.7091	5	0.6529	0.6589	-0.0004	71.2543	3.2235	733.6203	454.8344	36.7130	675.2494	93.6806	732.2344	94.7917	741.2210	94.9537	748.5602	95.0231	
30/08/2017	00:19:09	011992	H421142212HLR	L421	S		691.2503	1.0292	10.0000	100.1050	39.7858	0.8430	0.8278	5.0000	19.0146	815.0982	94.9074	16.4389	24.5000	0.9300	0.9456	0.6621	-0.0006	815.0000	815.6074	1.0275	-2.9304	99.9595	39.7691	0.8230	0.8267	5.0000	-9999.0000	-9999.0000	-9999.0000	-9999.0000	-9999.0000	-9999.0000	19.5690	6	0	26.8291	1.0000	99	9	-9999.0000	18702	9337	-9999	1159	1235	-9999	532.4409	5	0.6526	0.6621	-0.0006	52.5088	4.4307	724.0379	470.1299	37.0370	673.1872	94.7222	722.9071	94.9306	731.0203	95.0000	737.8207	95.0463	
30/08/2017	00:19:36	011992	H421142239HLR	L421	S		686.6616	1.0292	10.0000	100.0558	39.7794	0.8430	0.8284	5.0000	18.6765	815.0898	94.8843	17.7288	24.6000	0.9300	0.9457	0.6710	-0.0011	815.0000	813.3100	1.0275	-2.8155	100.1579	40.0523	0.8230	0.8276	5.0000	-9999.0000	-9999.0000	-9999.0000	-9999.0000	-9999.0000	-9999.0000	19.6686	7	0	27.0587	1.0000	99	9	-9999.0000	18703	9337	-9999	1159	1236	-9999	531.4702	5	0.6530	0.6710	-0.0011	35.9300	5.5251	715.2490	456.8454	35.4167	663.3665	94.5833	713.9953	95.1389	723.1892	95.0463	729.6515	95.0231	
30/08/2017	00:20:01	011992	H421142210HLR	L421	S		686.8061	1.0292	10.0000	100.1043	39.9832	0.8430	0.8285	5.0000	19.0489	815.1005	94.8611	17.3499	24.5000	0.9300	0.9457	0.6710	-0.0011	815.0000	812.7294	1.0275	-2.7865	100.0557	39.9675	0.8230	0.8264	5.0000	-9999.0000	-9999.0000	-9999.0000	-9999.0000	-9999.0000	-9999.0000	19.8406	8	0	25.0098	1.0000	99	9	-9999.0000	18704	9338	-9999	1160	1237	-9999	531.0275	5	0.6530	0.6710	-0.0011	35.9300	5.5251	710.4627	466.9766	37.0602	660.8711	94.7917	708.8108	95.1852	718.1547	95.0694	723.7524	94.9537	
30/08/2017	00:20:27	011992	H421142229HLR	L421	S		688.2277	1.0292	10.0000	100.1283	39.8808	0.8430	0.8280	5.0000	19.0870	815.0703	94.9074	16.2299	24.6000	0.9300	0.9457	0.6721	-0.0012	815.0000	812.3892	1.0275	-2.7695	100.1238	39.7433	0.8230	0.8262	5.0000	-9999.0000	-9999.0000	-9999.0000	-9999.0000	-9999.0000	-9999.0000	20.0187	1	0	26.5185	1.0000	99	9	-9999.0000	18705	9339	-9999	1161	1237	-9999	531.9502	5	0.6531	0.6721	-0.0012	38.4327	5.3688	714.0576	457.9042	34.5370	664.2070	94.1898	713.1393	95.2083	722.3735	94.9537	728.5474	94.9306	
30/08/2017	00:20:55	011992	H421142246HLR	L421	S		694.6355	1.0292	10.0000	100.1148	39.7500	0.8430	0.8281	5.0000	19.0806	815.0819	94.9306	15.6596	24.6000	0.9300	0.9457	0.6731	-0.0013	815.0000	814.3497	1.0275	-2.8675	100.1237	39.8359	0.8230	0.8266	5.0000	-9999.0000	-9999.0000	-9999.0000	-9999.0000	-9999.0000	-9999.0000	22.3223	2	0	27.3692	1.0000	99	9	-9999.0000	18706	9340	-9999	1162	1238	-9999	532.7313	5	0.6531	0.6731	-0.0013	63.1526	3.7470	716.7268	449.7087	34.8843	659.5261	93.5648	715.1326	94.7917	725.0642	94.8843	733.4556	94.9537	
30/08/2017	00:21:22	011992	H421142248HLR	L421	S		694.1589	1.0292	10.0000	100.1152	39.9000	0.8430	0.8286	5.0000	18.7893	815.0838	94.9537	15.9887	24.6000	0.9300	0.9457	0.6725	-0.0012	815.0000	815.1387	1.0275	-2.9069	100.1012	39.9427	0.8230	0.8261	5.0000	-9999.0000	-9999.0000	-9999.0000	-9999.0000	-9999.0000	-9999.0000	22.2048	3	0	26.8985	1.0000	99	9	-9999.0000	18707	9341	-9999	1163	1239	-9999	532.5804	5	0.6532	0.6725	-0.0012	70.8839	3.2534	717.2180	446.4523	37.4074	664.6105	94.8380	715.9867	94.8380	724.7909	94.9769	733.3408	95.0926	
30/08/2017	00:21:49	011992	H421142247HLR	L421	S		702.0329	1.0292	10.0000	100.1084	39.9692	0.8430	0.8281	5.0000	18.9298	815.0905	94.9074	14.0288	24.6000	0.9300	0.9457	0.6640	-0.0007	815.0000	814.0659	1.0275	-2.8533	100.0837	39.7365	0.8230	0.8255	5.0000	-9999.0000	-9999.0000	-9999.0000	-9999.0000	-9999.0000	-9999.0000	22.5191	4	0	27.2478	1.0000	99	9	-9999.0000	18708	9342	-9999	1164	1239	-9999	533.7731	5	0.6530	0.6640	-0.0007	79.1000	2.7416	737.1561	478.7598	37.5926	687.6623	94.9074	735.6190	94.8380	743.7046	95.0926	750.7484	95.1157	
30/08/2017	00:22:16	011992	H421142206HLR	L421	S		705.7037	1.0292	10.0000	99.9438	39.7996	0.8430	0.8280	5.0000	18.4710	815.0874	94.9306	12.6890	24.5000	0.9300	0.9457	0.6671	-0.0008	815.0000	814.7084	1.0275	-2.8854	100.1146	39.8417	0.8230	0.8269	5.0000	-9999.0000	-9999.0000	-9999.0000	-9999.0000	-9999.0000	-9999.0000	19.6173	5	0	26.6605	1.0000	99	9	-9999.0000	18709	9343	-9999	1164	1240	-9999	535.1159	5	0.6531	0.6671	-0.0008	79.8697	2.6770	742.2048	474.8882	37.0370	691.6392	95.1389	741.3627	95.2315	750.3507	94.9769	756.3464	95.0231	
30/08/2017	00:22:43	011992	H421142215HLR	L421	S		697.9664	1.0292	10.0000	100.1136	39.8000	0.8430	0.8283	5.0000	18.6729	815.0747	94.8843	14.5893	24.6000	0.9300	0.9457	0.6706	-0.0011	815.0000	814.5392	1.0275	-2.8770	100.0158	40.0559	0.8230	0.8272	5.0000	-9999.0000	-9999.0000	-9999.0000	-9999.0000	-9999.0000	-9999.0000	19.6190	6	0	27.4989	1.0000	99	9	-9999.0000	18710	9344	-9999	1165	1241	-9999	534.1295	5	0.6532	0.6706	-0.0011	77.4523	2.8018	725.6587	465.8983	37.8009	676.2593	95.0463	724.2999	95.0926	733.7222	95.0926	742.2824	94.9769	
30/08/2017	00:23:10	011992	H421142205HLR	L421	S		695.9751	1.0292	10.0000	100.1122	39.9511	0.8430	0.8282	5.0000	19.4668	815.0860	94.9074	14.9097	24.5000	0.9300	0.9457	0.6626	-0.0005	815.0000	814.4164	1.0275	-2.8708	100.0191	39.9486	0.8230	0.8265	5.0000	-9999.0000	-9999.0000	-9999.0000	-9999.0000	-9999.0000	-9999.0000	19.5126	7	0	26.9190	1.0000	99	9	-9999.0000	18710	9345	-9999	1166	1242	-9999	533.5014	5	0.6533	0.6626	-0.0005	78.3270	2.7260	730.0887	448.2743	36.3889	675.8355	93.9815	728.6959	94.9537	738.7868	94.9537	747.0609	94.9769	
30/08/2017	00:23:37	011992	H421142461HLR	L421	S		692.8364	1.0292	10.0000	99.9772	39.8917	0.8430	0.8281	5.0000	18.5266	815.1357	94.9306	16.0199	24.5000	0.9300	0.9457	0.6646	-0.0007	815.0000	816.1386	1.0275	-2.9569	100.1243	39.7186	0.8230	0.8259	5.0000	-9999.0000	-9999.0000	-9999.0000	-9999.0000	-9999.0000	-9999.0000	22.6877	8	0	27.0499	1.0000	99	9	-9999.0000	18711	9346	-9999	1166	1243	-9999	533.1223	5	0.6540	0.6646	-0.0007	68.3155	3.3261	726.6620	447.1311	34.3519	673.1958	93.5417	725.3895	94.9074	733.3273	94.9074	741.0925	95.0231	
30/08/2017	00:24:02	011992	H421142477HLR	L421	S		693.6728	1.0292	10.0000	100.1175	39.7786	0.8430	0.8281	5.0000	18.7871	815.1708	94.9306	15.5893	24.4000	0.9300	0.9457	0.6658	-0.0007	815.0000	816.0001	1.0275	-2.9500	100.1646	39.9507	0.8230	0.8272	5.0000	-9999.0000	-9999.0000	-9999.0000	-9999.0000	-9999.0000	-9999.0000	19.4995	1	0	24.9083	1.0000	99	9	-9999.0000	18712	9347	-9999	1167	1244	-9999	533.7434	5	0.6544	0.6658	-0.0007	63.3168	3.6485	723.9457	456.8576	35.1620	675.8615	93.5648	722.6459	94.7454	731.9029	94.9537	740.6131	95.0926	
30/08/2017	00:24:31	011992	H421142475HLR	L421	S		688.7964	1.0292	10.0000	100.1514	39.8796	0.8430	0.8285	5.0000	19.0104	815.1665	94.9537	16.2894	24.4000	0.9300	0.9457	0.6661	-0.0008	815.0000	813.7166	1.0275	-2.8358	100.1522	39.9957	0.8230	0.8266	5.0000	-9999.0000	-9999.0000	-9999.0000	-9999.0000	-9999.0000	-9999.0000	19.9878	2	0	29.2089	1.0000	99	9	-9999.0000	18713	9348	-9999	1168	1244	-9999	533.1390	5	0.6544	0.6661	-0.0008	61.3664	3.7612	718.0895	468.9685	36.0648	670.9366	94.7917	716.8261	95.0463	725.6955	95.1157	733.5717	95.1157	
30/08/2017	00:24:58	011992	H421142473HLR	L421	S		690.3702	1.0292	10.0000	100.1385	39.9561	0.8430	0.8282	5.0000	18.9587	815.1528	94.9306	15.3891	24.5000	0.9300	0.9458	0.6662	-0.0007	815.0000	813.6657	1.0275	-2.8333	100.0993	39.7391	0.8230	0.8255	5.0000	-9999.0000	-9999.0000	-9999.0000	-9999.0000	-9999.0000	-9999.0000	22.2873	3	0	26.7795	1.0000	99	9	-9999.0000	18714	9349	-9999	1169	1245	-9999	533.7774	5	0.6545	0.6662	-0.0007	61.6180	3.7384	723.4834	466.2395	38.5185	673.0525	95.0694	722.0866	95.1389	731.0608	95.0463	737.3433	95.0000	
30/08/2017	00:25:25	011992	H421142488HLR	L421	S		694.0040	1.0292	10.0000	100.0951	39.8102	0.8430	0.8279	5.0000	19.0253	815.1098	94.9074	16.1098	24.5000	0.9300	0.9458	0.6660	-0.0007	815.0000	816.2023	1.0275	-2.9601	100.1333	39.8018	0.8230	0.8263	5.0000	-9999.0000	-9999.0000	-9999.0000	-9999.0000	-9999.0000	-9999.0000	22.3553	4	0	27.3191	1.0000	99	9	-9999.0000	18715	9350	-9999	1170	1246	-9999	533.2934	5	0.6546	0.6660	-0.0007	61.9732	3.7182	721.0010	463.1427	38.3796	673.5028	94.9769	720.1533	94.9769	728.6529	95.1157	736.9457	94.8843	
30/08/2017	00:25:51	011992	H421142453HLR	L421	S		701.1539	1.0292	10.0000	99.9686	39.8000	0.8430	0.8283	5.0000	18.4995	815.1323	94.8843	13.8491	24.4000	0.9300	0.9457	0.6673	-0.0008	815.0000	815.5603	1.0275	-2.9280	100.0212	40.0482	0.8230	0.8271	5.0000	-9999.0000	-9999.0000	-9999.0000	-9999.0000	-9999.0000	-9999.0000	19.2886	5	0	25.8487	1.0000	99	9	-9999.0000	18716	9351	-9999	1171	1247	-9999	534.6873	5	0.6546	0.6673	-0.0008	58.1943	3.9901	733.1689	453.1292	36.3889	679.6498	94.7917	731.8301	94.8843	740.6503	95.0463	748.0666	94.9537	
30/08/2017	00:26:20	011992	H421141495HLR	L421	S		683.6053	1.0292	10.0000	99.9639	39.9094	0.8430	0.8279	5.0000	20.5090	815.0863	94.8380	18.0892	24.5000	0.9300	0.9457	0.6672	-0.0008	815.0000	814.6511	1.0275	-2.8826	100.2194	39.9016	0.8230	0.8264	5.0000	-9999.0000	-9999.0000	-9999.0000	-9999.0000	-9999.0000	-9999.0000	19.6027	6	0	29.0088	1.0000	99	9	-9999.0000	18717	9352	-9999	1172	1248	-9999	531.8260	5	0.6548	0.6672	-0.0008	52.4400	4.3977	710.6424	461.9315	36.1111	661.6985	94.6759	709.3530	95.4398	718.8746	94.9306	725.2257	95.0000	
30/08/2017	00:26:47	011992	H421142457HLR	L421	S		697.2373	1.0292	10.0000	100.1063	39.8708	0.8430	0.8280	5.0000	18.7540	815.1388	94.9306	14.7202	24.4000	0.9300	0.9457	0.6685	-0.0009	815.0000	815.7282	1.0275	-2.9364	99.9121	39.7921	0.8230	0.8263	5.0000	-9999.0000	-9999.0000	-9999.0000	-9999.0000	-9999.0000	-9999.0000	19.8595	7	0	27.0391	1.0000	99	9	-9999.0000	18718	9353	-9999	1173	1249	-9999	534.1758	5	0.6549	0.6685	-0.0009	52.2254	4.4196	725.8684	446.2259	35.8102	673.5241	94.6759	724.6420	94.5833	733.9702	94.8148	742.0093	95.0231	
30/08/2017	00:27:14	011992	H421142451HLR	L421	S		690.4294	1.0292	10.0000	100.0029	39.8106	0.8430	0.8279	5.0000	19.7756	815.1481	94.8843	16.0395	24.4000	0.9300	0.9458	0.6699	-0.0010	815.0000	813.0540	1.0275	-2.8027	100.1093	39.9978	0.8230	0.8272	5.0000	-9999.0000	-9999.0000	-9999.0000	-9999.0000	-9999.0000	-9999.0000	19.6625	8	0	26.5293	1.0000	99	9	-9999.0000	18719	9354	-9999	1174	1249	-9999	532.9937	5	0.6549	0.6699	-0.0010	53.3193	4.3505	716.4445	446.0957	34.8611	661.4358	93.3102	715.0221	94.7222	724.5490	94.8843	732.2128	95.1157	
30/08/2017	00:27:39	011992	H421142463HLR	L421	S		697.2851	1.0292	10.0000	100.1114	39.8685	0.8430	0.8282	5.0000	18.7796	815.1075	94.9074	14.6088	24.4000	0.9300	0.9458	0.6672	-0.0008	815.0000	815.3424	1.0275	-2.9171	100.0868	39.9792	0.8230	0.8267	5.0000	-9999.0000	-9999.0000	-9999.0000	-9999.0000	-9999.0000	-9999.0000	19.3387	1	0	25.3897	1.0000	99	9	-9999.0000	18719	9355	-9999	1175	1250	-9999	534.2985	5	0.6551	0.6672	-0.0008	53.8086	4.3425	728.3949	451.2745	36.6435	674.0786	94.6991	726.8729	94.7917	736.8532	94.9769	743.7234	95.0000	
30/08/2017	00:28:05	011992	H421139553HLR	L421	S		682.4775	1.0292	10.0000	100.1258	39.8834	0.8430	0.8282	5.0000	18.9480	815.1389	94.8380	17.8802	24.4000	0.9300	0.9457	0.6657	-0.0007	815.0000	814.6579	1.0275	-2.8829	100.0082	39.7968	0.8230	0.8265	5.0000	-9999.0000	-9999.0000	-9999.0000	-9999.0000	-9999.0000	-9999.0000	19.8242	2	0	26.1293	1.0000	99	9	-9999.0000	18720	9356	-9999	1175	1251	-9999	532.3035	5	0.6546	0.6657	-0.0007	59.8896	3.9530	709.8138	448.8609	36.8056	659.5412	94.0509	708.1302	95.1389	717.3237	94.9306	723.9793	94.9537	
30/08/2017	00:28:36	011992	H421139537HLR	L421	S		694.2366	1.0292	10.0000	100.1152	39.8576	0.8430	0.8281	5.0000	19.0296	815.1125	94.9074	15.8393	24.4000	0.9300	0.9458	0.6657	-0.0007	815.0000	815.5125	1.0275	-2.9256	100.0570	39.8838	0.8230	0.8270	5.0000	-9999.0000	-9999.0000	-9999.0000	-9999.0000	-9999.0000	-9999.0000	19.6324	3	0	30.4779	1.0000	99	9	-9999.0000	18721	9356	-9999	1176	1252	-9999	533.4526	5	0.6546	0.6657	-0.0007	59.8896	3.9530	723.9450	445.8863	33.9352	666.4091	93.1019	722.9372	94.8843	729.9518	94.9537	737.3706	94.9306	
30/08/2017	00:29:05	011992	H421139532HLR	L421	S		695.3164	1.0292	10.0000	100.0006	39.8428	0.8430	0.8278	5.0000	20.2606	815.1527	94.9074	15.4096	24.5000	0.9300	0.9458	0.6645	-0.0006	815.0000	815.0190	1.0275	-2.9009	100.0979	40.0325	0.8230	0.8270	5.0000	-9999.0000	-9999.0000	-9999.0000	-9999.0000	-9999.0000	-9999.0000	19.7096	4	0	29.2295	1.0000	99	9	-9999.0000	18722	9357	-9999	1177	1253	-9999	533.9225	5	0.6546	0.6645	-0.0006	61.4055	3.8561	726.8997	445.3597	34.3519	678.1508	93.9815	725.7381	94.7917	734.4513	94.8843	741.1581	95.0463	
30/08/2017	00:29:34	011992	H421142446HLR	L421	S		697.2391	1.0292	10.0000	100.1294	39.8840	0.8430	0.8282	5.0000	18.7734	815.1726	94.9074	14.3794	24.4000	0.9300	0.9458	0.6646	-0.0006	815.0000	815.0918	1.0275	-2.9046	99.9725	39.8723	0.8230	0.8263	5.0000	-9999.0000	-9999.0000	-9999.0000	-9999.0000	-9999.0000	-9999.0000	19.7988	5	0	28.9286	1.0000	99	9	-9999.0000	18723	9358	-9999	1177	1254	-9999	534.4229	5	0.6546	0.6646	-0.0006	62.6237	3.7869	731.2590	439.8127	34.4444	677.1027	95.1620	729.9055	95.2315	739.1081	95.0231	746.3310	94.9306	
30/08/2017	00:30:00	011992	H421142447HLR	L421	S		695.8515	1.0292	10.0000	100.1609	39.8896	0.8430	0.8281	5.0000	18.9832	815.1264	94.8843	14.9292	24.4000	0.9300	0.9458	0.6641	-0.0006	815.0000	815.7805	1.0275	-2.9390	100.0282	39.8493	0.8230	0.8268	5.0000	-9999.0000	-9999.0000	-9999.0000	-9999.0000	-9999.0000	-9999.0000	19.5160	6	0	25.8887	1.0000	99	9	-9999.0000	18724	9359	-9999	1178	1255	-9999	534.1266	5	0.6546	0.6641	-0.0006	59.7564	3.9838	731.3492	470.3094	37.8472	680.5056	95.1620	730.0073	95.1157	738.8474	95.1620	746.3059	94.9306	
30/08/2017	00:30:29	011992	H421139561HLR	L421	S		682.7914	1.0292	10.0000	100.0352	39.8557	0.8430	0.8281	5.0000	18.9321	815.1604	94.8380	19.3997	24.4000	0.9300	0.9458	0.6644	-0.0006	815.0000	812.8395	1.0275	-2.7920	99.9325	39.9920	0.8230	0.8270	5.0000	-9999.0000	-9999.0000	-9999.0000	-9999.0000	-9999.0000	-9999.0000	19.8060	7	0	29.2296	1.0000	99	9	-9999.0000	18724	9360	-9999	1179	1256	-9999	531.9535	5	0.6546	0.6644	-0.0006	59.2668	3.9853	708.3018	456.9395	35.4398	661.5072	95.0231	707.7306	95.2778	713.2517	95.1852	718.3726	94.9537	
30/08/2017	00:30:58	011992	H421139557HLR	L421	S		681.7271	1.0292	10.0000	100.0350	39.8647	0.8430	0.8283	5.0000	18.6294	815.0909	94.8380	18.1292	24.4000	0.9300	0.9458	0.6646	-0.0006	815.0000	813.7921	1.0275	-2.8396	100.0220	39.9224	0.8230	0.8266	5.0000	-9999.0000	-9999.0000	-9999.0000	-9999.0000	-9999.0000	-9999.0000	19.3481	8	0	28.7891	1.0000	99	9	-9999.0000	18725	9361	-9999	1180	1257	-9999	532.3957	5	0.6546	0.6646	-0.0006	60.6662	3.8910	710.2807	455.2308	37.9630	659.9859	95.0463	708.7639	95.2315	717.8184	95.0694	725.6462	94.9074	
30/08/2017	00:31:27	011992	H421139551HLR	L421	S		685.1219	1.0292	10.0000	100.0943	39.9251	0.8430	0.8283	5.0000	18.6879	815.1218	94.8380	17.6390	24.4000	0.9300	0.9458	0.6641	-0.0006	815.0000	815.2699	1.0275	-2.9135	100.0953	39.8447	0.8230	0.8266	5.0000	-9999.0000	-9999.0000	-9999.0000	-9999.0000	-9999.0000	-9999.0000	20.0913	1	0	29.3290	1.0000	99	9	-9999.0000	18726	9362	-9999	1181	1258	-9999	532.6066	5	0.6547	0.6641	-0.0006	60.5088	3.9186	714.5001	452.6951	34.7917	657.5928	93.2639	712.9188	94.5833	721.7190	94.8148	729.5492	95.0231	
30/08/2017	00:31:58	011992	H421139546HLR	L421	S		698.1969	1.0292	10.0000	100.1153	39.8208	0.8430	0.8278	5.0000	19.9255	815.1036	94.8843	14.8090	24.3000	0.9300	0.9458	0.6641	-0.0006	815.0000	818.5960	1.0275	-3.0088	100.0881	39.8481	0.8230	0.8262	5.0000	-9999.0000	-9999.0000	-9999.0000	-9999.0000	-9999.0000	-9999.0000	22.9985	2	0	31.0788	1.0000	99	9	-9999.0000	18727	9363	-9999	1182	1259	-9999	534.1037	5	0.6547	0.6641	-0.0006	60.5088	3.9186	732.1589	451.1151	34.5833	675.4257	94.7917	730.7570	95.1157	739.5089	95.0231	745.3280	94.9537	
30/08/2017	00:32:28	011992	H421139541HLR	L421	S		679.2527	1.0292	10.0000	100.0679	39.8637	0.8430	0.8284	5.0000	18.6441	815.1031	94.8380	18.2288	24.4000	0.9300	0.9457	0.6590	-0.0003	815.0000	813.3822	1.0275	-2.8191	100.0665	39.8859	0.8230	0.8263	5.0000	-9999.0000	-9999.0000	-9999.0000	-9999.0000	-9999.0000	-9999.0000	20.1079	3	0	29.9889	1.0000	99	9	-9999.0000	18728	9364	-9999	1183	1260	-9999	532.4585	5	0.6547	0.6590	-0.0003	58.7881	4.0386	709.0395	459.1967	36.1111	661.5602	95.1389	707.8145	95.2315	715.4203	95.0231	722.4128	95.0231	
30/08/2017	00:32:56	011992	H421141514HLR	L421	S		683.4703	1.0292	10.0000	100.1397	39.9413	0.8430	0.8283	5.0000	18.6987	815.0636	94.8380	17.5394	24.4000	0.9300	0.9458	0.6601	-0.0003	815.0000	814.0894	1.0275	-2.8545	100.0559	39.8413	0.8230	0.8263	5.0000	-9999.0000	-9999.0000	-9999.0000	-9999.0000	-9999.0000	-9999.0000	20.8503	4	0	28.0890	1.0000	99	9	-9999.0000	18729	9365	-9999	1184	1261	-9999	533.3895	5	0.6546	0.6601	-0.0003	58.1870	4.0748	716.6373	475.8878	38.7500	667.6927	95.2778	715.6326	95.3704	723.8019	95.0463	728.9179	94.9306	
30/08/2017	00:33:27	011992	H421139571HLR	L421	S		685.3610	1.0292	10.0000	99.9771	39.8699	0.8430	0.8282	5.0000	18.3597	815.0648	94.8148	18.3295	24.3000	0.9300	0.9458	0.6601	-0.0003	815.0000	816.1714	1.0275	-2.9586	100.1256	39.9187	0.8230	0.8268	5.0000	-9999.0000	-9999.0000	-9999.0000	-9999.0000	-9999.0000	-9999.0000	19.8703	5	0	30.2888	1.0000	99	9	-9999.0000	18730	9366	-9999	1185	1262	-9999	533.2228	5	0.6546	0.6601	-0.0003	58.1870	4.0748	715.4527	440.8059	35.5324	663.2509	94.6991	714.2282	94.9769	722.1043	95.0463	728.1755	94.9769	
30/08/2017	00:33:56	011992	H421139577HLR	L421	S		689.5402	1.0292	10.0000	100.0942	39.8032	0.8430	0.8282	5.0000	18.7797	815.1655	94.8380	19.9387	24.3000	0.9300	0.9458	0.6573	-0.0002	815.0000	821.4779	1.0275	-3.0247	100.1265	39.9169	0.8230	0.8267	5.0000	-9999.0000	-9999.0000	-9999.0000	-9999.0000	-9999.0000	-9999.0000	19.6627	6	0	29.0489	1.0000	99	9	-9999.0000	18731	9367	-9999	1186	1263	-9999	532.8426	5	0.6542	0.6573	-0.0002	58.3178	4.0954	719.4434	477.2912	36.1574	669.3205	94.0509	718.2643	95.0694	726.8788	94.9537	732.5450	94.8380	
30/08/2017	00:34:38	011992	H421139568HLR	L421	S		685.9083	1.0292	10.0000	100.1382	39.9075	0.8430	0.8284	5.0000	18.9571	815.0822	94.8380	18.8197	24.3000	0.9300	0.9458	0.6571	-0.0001	815.0000	818.3188	1.0275	-3.0073	100.0314	39.8541	0.8230	0.8264	5.0000	-9999.0000	-9999.0000	-9999.0000	-9999.0000	-9999.0000	-9999.0000	20.4366	7	0	42.1283	1.0000	99	9	-9999.0000	18732	9368	-9999	1187	1264	-9999	533.0676	5	0.6544	0.6571	-0.0001	58.6916	4.0713	722.1154	480.4885	36.8056	675.6586	95.0463	720.9875	95.1852	729.6035	95.0463	735.9925	94.9306	
30/08/2017	00:35:06	011992	H421139573HLR	L421	S		690.0270	1.0292	10.0000	99.9685	39.8470	0.8430	0.8275	5.0000	20.7590	815.0967	94.9306	16.6889	24.4000	0.9300	0.9458	0.6571	-0.0001	815.0000	815.6867	1.0275	-2.9343	99.9975	39.8994	0.8230	0.8267	5.0000	-9999.0000	-9999.0000	-9999.0000	-9999.0000	-9999.0000	-9999.0000	19.8867	8	0	28.4287	1.0000	99	9	-9999.0000	18733	9369	-9999	1188	1265	-9999	533.6208	5	0.6544	0.6571	-0.0001	58.6916	4.0713	726.3032	457.8946	35.7639	675.3714	93.8426	725.1162	94.9074	733.0972	94.9537	739.9581	95.0694	
30/08/2017	00:35:35	011992	H421141483HLR	L421	S		682.5847	1.0292	10.0000	100.1264	39.8000	0.8430	0.8282	5.0000	18.8293	815.0747	94.8148	19.3792	24.3000	0.9300	0.9458	0.6563	-0.0001	815.0000	817.8964	1.0275	-3.0049	99.9914	39.9749	0.8230	0.8268	5.0000	-9999.0000	-9999.0000	-9999.0000	-9999.0000	-9999.0000	-9999.0000	19.6263	1	0	28.3897	1.0000	99	9	-9999.0000	18734	9370	-9999	1189	1266	-9999	533.2952	5	0.6537	0.6563	-0.0001	78.2617	2.8627	717.0807	450.8698	35.3704	667.8343	95.0231	716.1807	94.9537	722.6292	95.0231	729.3940	95.0926	
30/08/2017	00:36:06	011992	H421141499HLR	L421	S		681.2545	1.0292	10.0000	100.1402	39.9121	0.8430	0.8284	5.0000	18.9935	815.1078	94.8611	17.7992	24.3000	0.9300	0.9458	0.6563	-0.0001	815.0000	814.1310	1.0275	-2.8565	99.9707	39.7473	0.8230	0.8262	5.0000	-9999.0000	-9999.0000	-9999.0000	-9999.0000	-9999.0000	-9999.0000	20.2073	2	0	31.4786	1.0000	99	9	-9999.0000	18735	9371	-9999	1190	1267	-9999	533.3204	5	0.6537	0.6563	-0.0001	78.2617	2.8627	719.3889	457.5416	36.1806	668.3578	94.1667	717.9993	94.8843	725.7672	94.9537	731.5859	95.0694	
30/08/2017	00:36:35	011992	H421141505HLR	L421	S		688.7636	1.0292	10.0000	100.0811	39.9330	0.8430	0.8281	5.0000	18.7495	814.2514	95.0000	31.0087	24.2000	0.9300	0.9456	0.6551	-0.0001	815.0000	848.7081	1.0275	-3.1750	100.1284	39.9671	0.8230	0.8272	5.0000	-9999.0000	-9999.0000	-9999.0000	-9999.0000	-9999.0000	-9999.0000	19.8897	3	2	28.7888	1.0000	99	9	-9999.0000	18736	9372	-9999	1191	1268	-9999	531.5872	5	0.6533	0.6551	-0.0001	88.3561	2.3146	592.6649	449.0289	35.0000	582.9540	94.0046	590.8203	93.8657	606.6116	95.0463	621.6961	95.0463	
30/08/2017	00:37:07	011992	H421141503HLR	L421	S		684.9117	1.0292	10.0000	100.1247	39.7980	0.8430	0.8281	5.0000	18.8599	815.0911	94.8843	17.2787	24.3000	0.9300	0.9458	0.6828	-0.0016	815.0000	815.0873	1.0275	-2.9044	100.0991	39.9743	0.8230	0.8264	5.0000	-9999.0000	-9999.0000	-9999.0000	-9999.0000	-9999.0000	-9999.0000	19.7808	4	0	32.0086	1.0000	99	9	-9999.0000	18737	9373	-9999	1192	1268	-9999	532.9773	5	0.6530	0.6828	-0.0016	73.0037	3.2196	724.2807	473.6684	36.3889	667.5080	94.6296	722.6569	95.4167	731.1086	94.9769	735.6918	94.7685	
30/08/2017	00:37:33	011992	H421141510HLR	L421	S		690.4412	1.0292	10.0000	100.1408	39.9784	0.8430	0.8284	5.0000	19.0697	815.1233	94.8380	17.1693	24.3000	0.9300	0.9458	0.6828	-0.0016	815.0000	816.7150	1.0275	-2.9857	100.0686	39.7329	0.8230	0.8262	5.0000	-9999.0000	-9999.0000	-9999.0000	-9999.0000	-9999.0000	-9999.0000	19.9593	5	0	25.9191	1.0000	99	9	-9999.0000	18738	9374	-9999	1193	1269	-9999	533.8783	5	0.6530	0.6828	-0.0016	73.0037	3.2196	701.5858	439.0010	37.0602	647.0244	94.2361	700.6248	94.8843	710.1980	94.9537	716.8837	95.0231	
30/08/2017	00:38:00	011992	H421141473HLR	L421	S		697.1267	1.0292	10.0000	100.1303	39.8142	0.8430	0.8281	5.0000	18.7479	815.0884	94.9074	14.2690	24.4000	0.9300	0.9459	0.6670	-0.0008	815.0000	817.7196	1.0275	-3.0040	100.0468	40.0180	0.8230	0.8275	5.0000	-9999.0000	-9999.0000	-9999.0000	-9999.0000	-9999.0000	-9999.0000	19.5280	6	0	27.5597	1.0000	99	9	-9999.0000	18739	9375	-9999	1194	1270	-9999	534.8202	5	0.6531	0.6670	-0.0008	78.0519	2.9350	729.9691	454.4810	36.5509	675.6364	95.1389	728.8333	94.9074	736.3796	95.0000	745.1832	95.0231	
30/08/2017	00:38:28	011992	H421141474HLR	L421	S		688.7169	1.0292	10.0000	99.9745	39.8284	0.8430	0.8285	5.0000	18.4637	815.1474	94.8380	17.6800	24.5000	0.9300	0.9459	0.6891	-0.0020	815.0000	816.9561	1.0275	-2.9978	99.9666	40.0062	0.8230	0.8266	5.0000	-9999.0000	-9999.0000	-9999.0000	-9999.0000	-9999.0000	-9999.0000	19.5487	7	0	28.0087	1.0000	99	9	-9999.0000	18740	9376	-9999	1195	1271	-9999	533.5724	5	0.6529	0.6891	-0.0020	92.6467	2.1428	691.9356	428.3754	34.6296	639.0715	95.1157	690.3982	95.3241	700.7838	94.9074	707.6152	94.7222	
30/08/2017	00:38:57	011992	H421141482HLR	L421	S		671.1321	1.0292	10.0000	100.1113	39.9559	0.8430	0.8283	5.0000	19.0104	815.1010	94.9537	20.8684	24.4000	0.9300	0.9458	0.6875	-0.0019	815.0000	811.5601	1.0275	-2.7280	100.0534	39.7611	0.8230	0.8261	5.0000	-9999.0000	-9999.0000	-9999.0000	-9999.0000	-9999.0000	-9999.0000	19.7087	8	0	28.2293	1.0000	99	9	-9999.0000	18741	9377	-9999	1196	1272	-9999	528.2398	5	0.6528	0.6875	-0.0019	89.8555	2.2582	675.1401	445.4170	35.7176	626.8985	95.0000	673.6142	95.3935	683.0378	94.8843	689.0144	94.6759	
30/08/2017	00:39:26	011992	H421143069HLR	L421	S		695.4132	1.0292	10.0000	100.1126	39.8224	0.8430	0.8280	5.0000	18.7093	815.1701	94.9306	14.8500	24.4000	0.9300	0.9458	0.6875	-0.0019	815.0000	817.7875	1.0275	-3.0043	100.0958	39.8253	0.8230	0.8265	5.0000	-9999.0000	-9999.0000	-9999.0000	-9999.0000	-9999.0000	-9999.0000	22.5768	1	0	29.5586	1.0000	99	9	-9999.0000	18742	9378	-9999	1196	1273	-9999	537.5665	5	0.6528	0.6875	-0.0019	89.8555	2.2582	712.5529	437.0527	36.9676	657.0474	95.1852	710.9452	94.7685	720.1619	95.0463	729.9655	95.0000	
30/08/2017	00:39:55	011992	H421143068HLR	L421	S		689.7666	1.0292	10.0000	100.0162	39.8142	0.8430	0.8279	5.0000	20.4690	815.1556	94.9074	16.4096	24.3000	0.9300	0.9458	0.6867	-0.0019	815.0000	818.0968	1.0275	-3.0061	99.9759	40.0235	0.8230	0.8266	5.0000	-9999.0000	-9999.0000	-9999.0000	-9999.0000	-9999.0000	-9999.0000	20.2047	2	0	29.0391	1.0000	99	9	-9999.0000	18743	9379	-9999	1197	1274	-9999	534.8323	5	0.6527	0.6867	-0.0019	86.8546	2.4065	702.2501	461.5517	38.6806	651.2604	95.3935	700.8578	94.6296	710.0570	94.9074	718.2144	95.0694	
30/08/2017	00:40:23	011992	H421143070HLR	L421	S		687.9281	1.0292	10.0000	100.1232	39.8970	0.8430	0.8282	5.0000	18.8890	815.1599	94.8611	17.0189	24.4000	0.9300	0.9458	0.6864	-0.0019	815.0000	818.9196	1.0275	-3.0106	100.0753	39.8643	0.8230	0.8263	5.0000	-9999.0000	-9999.0000	-9999.0000	-9999.0000	-9999.0000	-9999.0000	19.7295	3	0	27.9795	1.0000	99	9	-9999.0000	18744	9380	-9999	1198	1275	-9999	533.6940	5	0.6527	0.6864	-0.0019	86.5581	2.4132	702.2421	457.3426	37.0602	651.3838	95.4167	700.6643	95.1389	711.2734	95.0926	719.9044	95.0000	
30/08/2017	00:40:54	011992	H421143076HLR	L421	S		687.0156	1.0292	10.0000	100.1321	39.8974	0.8430	0.8281	5.0000	18.9397	815.1050	94.8380	17.2894	24.4000	0.9300	0.9458	0.6675	-0.0008	815.0000	815.7300	1.0275	-2.9365	99.9635	39.8403	0.8230	0.8266	5.0000	-9999.0000	-9999.0000	-9999.0000	-9999.0000	-9999.0000	-9999.0000	20.0792	4	0	30.5487	1.0000	99	9	-9999.0000	18745	9381	-9999	1199	1276	-9999	532.8678	5	0.6529	0.6675	-0.0008	81.5236	2.7351	713.1278	461.1681	36.7361	662.5748	94.2824	711.9786	95.0694	720.2767	95.0231	726.9633	95.0231	
30/08/2017	00:41:22	011992	H421143080HLR	L421	S		685.2294	1.0292	10.0000	100.0469	39.8299	0.8430	0.8281	5.0000	18.6290	815.1337	94.8148	18.6897	24.4000	0.9300	0.9458	0.6689	-0.0009	815.0000	817.6788	1.0275	-3.0037	99.9712	40.0000	0.8230	0.8270	5.0000	-9999.0000	-9999.0000	-9999.0000	-9999.0000	-9999.0000	-9999.0000	19.5551	5	0	28.7587	1.0000	99	9	-9999.0000	18746	9382	-9999	1200	1277	-9999	532.2114	5	0.6535	0.6689	-0.0009	82.9903	2.6802	709.2954	449.8144	34.7917	657.2959	95.0000	707.8906	95.3241	717.8577	94.8843	723.9244	94.8380	
30/08/2017	00:41:52	011992	H421143085HLR	L421	S		686.3060	1.0292	10.0000	100.1535	39.8623	0.8430	0.8283	5.0000	18.7239	815.1094	94.8380	18.1595	24.4000	0.9300	0.9458	0.6676	-0.0008	815.0000	817.2476	1.0275	-3.0014	99.9463	39.8930	0.8230	0.8263	5.0000	-9999.0000	-9999.0000	-9999.0000	-9999.0000	-9999.0000	-9999.0000	20.0958	6	0	29.1093	1.0000	99	9	-9999.0000	18747	9383	-9999	1201	1278	-9999	532.5091	5	0.6534	0.6676	-0.0008	83.6863	2.6517	710.1583	452.2909	37.4306	655.2160	95.2083	708.9799	95.3009	717.5337	95.0694	723.4624	94.9074	
30/08/2017	00:42:19	011992	H421143088HLR	L421	S		683.7062	1.0292	10.0000	100.1927	39.9467	0.8430	0.8283	5.0000	18.8193	815.0790	94.8843	17.1000	24.4000	0.9300	0.9458	0.6676	-0.0008	815.0000	816.1558	1.0275	-2.9578	100.0009	39.8410	0.8230	0.8267	5.0000	-9999.0000	-9999.0000	-9999.0000	-9999.0000	-9999.0000	-9999.0000	18.9871	7	0	27.7428	1.0000	99	9	-9999.0000	18748	9384	-9999	1202	1279	-9999	532.8785	5	0.6534	0.6676	-0.0008	83.6863	2.6517	714.8752	455.5352	34.9769	658.2390	94.0509	713.3041	94.9769	721.9625	95.0231	728.3359	94.9306	
30/08/2017	00:42:48	011992	H421143097HLR	L421	S		685.2304	1.0292	10.0000	100.0938	39.8445	0.8430	0.8281	5.0000	18.6799	815.0343	94.8843	19.6194	24.4000	0.9300	0.9458	0.6626	-0.0006	815.0000	821.9728	1.0275	-3.0274	100.0182	40.0006	0.8230	0.8271	5.0000	-9999.0000	-9999.0000	-9999.0000	-9999.0000	-9999.0000	-9999.0000	19.6862	8	0	29.0344	1.0000	99	9	-9999.0000	18749	9385	-9999	1202	1280	-9999	531.3381	5	0.6533	0.6626	-0.0006	80.0933	2.8432	716.8931	453.7840	37.5000	664.7134	94.3519	715.5678	95.0000	724.4559	95.0463	731.5439	95.0694	
30/08/2017	00:43:16	011992	H421143093HLR	L421	S		681.8281	1.0292	10.0000	99.9768	39.8078	0.8430	0.8279	5.0000	20.2893	815.1111	94.8611	17.8294	24.4000	0.9300	0.9458	0.6648	-0.0007	815.0000	816.0342	1.0275	-2.9517	100.0315	39.9671	0.8230	0.8266	5.0000	-9999.0000	-9999.0000	-9999.0000	-9999.0000	-9999.0000	-9999.0000	19.4786	1	0	27.4190	1.0000	99	9	-9999.0000	18750	9386	-9999	1203	1281	-9999	532.0645	5	0.6530	0.6648	-0.0007	80.4229	2.8111	713.5332	446.7296	36.1806	658.1487	93.8657	712.1499	94.9769	720.6695	95.0231	729.4335	94.9537	
30/08/2017	00:43:44	011992	H421143100HLR	L421	S		684.4077	1.0292	10.0000	100.1258	39.9471	0.8430	0.8284	5.0000	18.6887	815.0829	94.8148	18.2689	24.4000	0.9300	0.9458	0.6622	-0.0006	815.0000	816.0612	1.0275	-2.9531	100.1183	39.7780	0.8230	0.8261	5.0000	-9999.0000	-9999.0000	-9999.0000	-9999.0000	-9999.0000	-9999.0000	20.5985	2	0	28.4992	1.0000	99	9	-9999.0000	18751	9387	-9999	1204	1282	-9999	531.6067	5	0.6530	0.6622	-0.0006	81.0087	2.8100	711.7330	454.1866	35.6481	657.8393	94.8611	710.8186	94.8380	718.8438	94.9074	725.8259	94.9306	
30/08/2017	00:44:14	011992	H421142377HLR	L421	S		682.3344	1.0292	10.0000	99.9968	39.8683	0.8430	0.8281	5.0000	18.5181	815.0690	94.8843	16.8695	24.5000	0.9300	0.9458	0.6622	-0.0006	815.0000	814.0028	1.0275	-2.8501	100.0014	39.9449	0.8230	0.8270	5.0000	-9999.0000	-9999.0000	-9999.0000	-9999.0000	-9999.0000	-9999.0000	19.7383	3	0	29.5497	1.0000	99	9	-9999.0000	18752	9388	-9999	1205	1283	-9999	532.1892	5	0.6530	0.6622	-0.0006	81.0087	2.8100	720.3952	470.8993	36.8519	666.9172	94.9769	719.2486	94.8148	728.2417	95.1389	735.9143	95.1389	
30/08/2017	00:44:40	011992	H421142392HLR	L421	S		683.3057	1.0292	10.0000	99.9636	39.8000	0.8430	0.8279	5.0000	19.8447	815.1591	94.8611	18.1195	24.4000	0.9300	0.9458	0.6814	-0.0017	815.0000	818.0807	1.0275	-3.0060	100.1521	40.0265	0.8230	0.8270	5.0000	-9999.0000	-9999.0000	-9999.0000	-9999.0000	-9999.0000	-9999.0000	19.2399	4	0	26.2811	1.0000	99	9	-9999.0000	18753	9389	-9999	1206	1284	-9999	530.8757	5	0.6521	0.6814	-0.0017	83.0175	2.7405	696.4106	454.8196	36.8981	644.7029	95.0694	695.3319	94.7222	704.9160	94.9537	713.8835	95.0231	
30/08/2017	00:45:07	011992	H421142362HLR	L421	S		686.2069	1.0292	10.0000	100.1286	39.9158	0.8430	0.8284	5.0000	18.6829	815.0879	94.8843	16.6400	24.4000	0.9300	0.9458	0.6814	-0.0017	815.0000	817.4176	1.0275	-3.0023	100.0610	39.8559	0.8230	0.8264	5.0000	-9999.0000	-9999.0000	-9999.0000	-9999.0000	-9999.0000	-9999.0000	19.7187	5	0	26.9686	1.0000	99	9	-9999.0000	18754	9390	-9999	1207	1285	-9999	533.0688	5	0.6521	0.6814	-0.0017	83.0175	2.7405	705.1467	456.1969	38.2407	650.1619	94.9306	703.8948	95.4167	712.9953	95.0000	720.2238	94.8843	
30/08/2017	00:45:34	011992	H421143112HLR	L421	S		684.0314	1.0292	10.0000	100.1440	39.9281	0.8430	0.8281	5.0000	18.9485	815.0782	94.8611	17.6497	24.4000	0.9300	0.9458	0.6770	-0.0014	815.0000	815.6937	1.0275	-2.9347	100.0339	39.8357	0.8230	0.8265	5.0000	-9999.0000	-9999.0000	-9999.0000	-9999.0000	-9999.0000	-9999.0000	20.3999	6	0	26.7991	1.0000	99	9	-9999.0000	18755	9391	-9999	1208	1286	-9999	531.7784	5	0.6519	0.6770	-0.0014	99.7701	1.8068	703.4474	456.6757	37.2685	649.2624	95.3704	702.0490	95.4167	709.8093	95.0000	716.7345	94.8380	
30/08/2017	00:46:01	011992	H421143108HLR	L421	S		683.1662	1.0292	10.0000	100.1424	39.8176	0.8430	0.8281	5.0000	18.6693	815.0830	94.8380	18.6693	24.4000	0.9300	0.9458	0.6792	-0.0015	815.0000	816.5096	1.0275	-2.9755	99.9533	40.0044	0.8230	0.8268	5.0000	-9999.0000	-9999.0000	-9999.0000	-9999.0000	-9999.0000	-9999.0000	19.9683	7	0	26.9893	1.0000	99	9	-9999.0000	18756	9392	-9999	1209	1287	-9999	530.6084	5	0.6514	0.6792	-0.0015	103.5020	1.6183	699.3237	442.6624	35.7176	644.1078	94.7685	698.2709	94.8611	707.3245	94.8843	715.2238	94.9769	
30/08/2017	00:46:27	011992	H421142354HLR	L421	S		691.4322	1.0292	10.0000	100.1732	39.8912	0.8430	0.8283	5.0000	18.8089	815.1416	94.9537	15.4789	24.4000	0.9300	0.9458	0.6792	-0.0015	815.0000	817.1956	1.0275	-3.0011	100.1130	39.9511	0.8230	0.8266	5.0000	-9999.0000	-9999.0000	-9999.0000	-9999.0000	-9999.0000	-9999.0000	19.3898	8	0	26.1787	1.0000	99	9	-9999.0000	18757	9393	-9999	1210	1287	-9999	534.5869	5	0.6514	0.6792	-0.0015	103.5020	1.6183	711.9277	445.4561	36.3426	656.0373	94.9769	710.7057	95.1157	721.1062	95.0463	729.3866	94.9537	
30/08/2017	00:46:54	011992	H421141516HLR	L421	S		690.1861	1.0292	10.0000	99.9978	39.9116	0.8430	0.8277	5.0000	20.4592	815.1234	94.9074	16.0092	24.4000	0.9300	0.9458	0.6799	-0.0016	815.0000	817.0831	1.0275	-3.0005	100.0388	39.8391	0.8230	0.8264	5.0000	-9999.0000	-9999.0000	-9999.0000	-9999.0000	-9999.0000	-9999.0000	19.6691	1	0	26.9990	1.0000	99	9	-9999.0000	18758	9394	-9999	1211	1288	-9999	534.0013	5	0.6514	0.6799	-0.0016	106.4418	1.4591	710.2177	454.4068	34.7222	656.4893	93.6574	708.8282	94.6991	719.4783	94.9769	727.6617	95.1157	
30/08/2017	00:47:20	011992	H421142358HLR	L421	S		691.3191	1.0292	10.0000	100.0935	39.8337	0.8430	0.8280	5.0000	18.5998	815.1290	94.9306	15.9691	24.4000	0.9300	0.9458	0.6781	-0.0015	815.0000	817.4000	1.0275	-3.0022	100.0633	39.9166	0.8230	0.8269	5.0000	-9999.0000	-9999.0000	-9999.0000	-9999.0000	-9999.0000	-9999.0000	19.8190	2	0	26.2989	1.0000	99	9	-9999.0000	18759	9395	-9999	1212	1289	-9999	533.8000	5	0.6513	0.6781	-0.0015	110.1065	1.2654	711.6287	446.7235	36.1343	654.4607	95.0000	710.3536	95.1157	720.4146	95.0694	728.3170	95.0231	
30/08/2017	00:47:47	011992	H421142365HLR	L421	S		689.9355	1.0292	10.0000	100.2039	39.8894	0.8430	0.8283	5.0000	18.6528	815.0998	94.8843	16.2289	24.4000	0.9300	0.9458	0.6900	-0.0022	815.0000	817.6962	1.0275	-3.0038	100.0528	39.9804	0.8230	0.8266	5.0000	-9999.0000	-9999.0000	-9999.0000	-9999.0000	-9999.0000	-9999.0000	19.9695	3	0	26.7205	1.0000	99	9	-9999.0000	18760	9396	-9999	1213	1290	-9999	533.8870	5	0.6512	0.6900	-0.0022	108.0669	1.3857	700.7300	436.4423	37.2454	638.1343	95.1157	699.3271	94.9537	709.0068	95.0000	718.7133	95.1852	
30/08/2017	00:48:13	011992	H421142376HLR	L421	S		691.1153	1.0292	10.0000	100.1625	39.9623	0.8430	0.8282	5.0000	18.7093	815.1311	94.9537	15.3491	24.3000	0.9300	0.9458	0.6818	-0.0017	815.0000	815.9531	1.0275	-2.9477	99.9841	39.8924	0.8230	0.8265	5.0000	-9999.0000	-9999.0000	-9999.0000	-9999.0000	-9999.0000	-9999.0000	19.2686	4	0	26.1876	1.0000	99	9	-9999.0000	18761	9397	-9999	1214	1291	-9999	534.3412	5	0.6514	0.6818	-0.0017	100.1419	1.8412	708.9198	463.6381	36.4120	655.1465	95.1157	706.9859	95.1620	718.1469	95.0694	726.4054	94.9306	
30/08/2017	00:48:39	011992	H421142173HLR	L421	S		690.5182	1.0292	10.0000	99.9697	39.7926	0.8430	0.8273	5.0000	21.5694	815.0900	94.9537	16.1693	24.4000	0.9300	0.9458	0.6803	-0.0016	815.0000	820.0474	1.0275	-3.0168	99.9990	39.8922	0.8230	0.8268	5.0000	-9999.0000	-9999.0000	-9999.0000	-9999.0000	-9999.0000	-9999.0000	19.4968	5	0	25.7698	1.0000	99	9	-9999.0000	18762	9398	-9999	1215	1292	-9999	532.8977	5	0.6515	0.6803	-0.0016	89.3624	2.4222	710.9761	444.5691	37.0602	650.8822	95.0000	709.6657	95.0000	719.8642	94.9537	728.0741	94.9537	
30/08/2017	00:49:05	011992	H421142183HLR	L421	S		692.2742	1.0292	10.0000	100.1653	39.8259	0.8430	0.8282	5.0000	18.8494	815.1602	94.9306	15.4497	24.3000	0.9300	0.9458	0.6727	-0.0012	815.0000	816.5519	1.0275	-2.9776	100.0976	39.9385	0.8230	0.8265	5.0000	-9999.0000	-9999.0000	-9999.0000	-9999.0000	-9999.0000	-9999.0000	20.3291	6	0	25.7379	1.0000	99	9	-9999.0000	18763	9399	-9999	1216	1293	-9999	533.3981	5	0.6521	0.6727	-0.0012	84.9155	2.6708	718.3944	447.6234	37.0370	662.3955	95.1620	717.2269	95.2315	726.9252	95.0000	733.8149	95.0000	
30/08/2017	00:49:30	011992	H421142197HLR	L421	S		688.6084	1.0292	10.0000	100.1815	39.9928	0.8430	0.8283	5.0000	18.9192	815.1487	94.9074	15.9486	24.4000	0.9300	0.9458	0.6723	-0.0012	815.0000	816.1326	1.0275	-2.9566	99.9951	39.9142	0.8230	0.8265	5.0000	-9999.0000	-9999.0000	-9999.0000	-9999.0000	-9999.0000	-9999.0000	19.6900	7	0	25.2695	1.0000	99	9	-9999.0000	18764	9400	-9999	1217	1294	-9999	532.7929	5	0.6522	0.6723	-0.0012	86.2932	2.5730	715.2037	437.8917	36.0417	659.2213	95.1157	713.9804	94.7454	723.1202	94.9306	730.8490	95.0463	
30/08/2017	00:49:55	011992	H421141517HLR	L421	S		690.7673	1.0292	10.0000	100.1342	39.9196	0.8430	0.8279	5.0000	18.8390	815.1020	94.9306	15.2895	24.3000	0.9300	0.9458	0.6763	-0.0014	815.0000	818.0953	1.0275	-3.0060	100.0500	39.8585	0.8230	0.8263	5.0000	-9999.0000	-9999.0000	-9999.0000	-9999.0000	-9999.0000	-9999.0000	20.0210	8	0	25.3584	1.0000	99	9	-9999.0000	18765	9401	-9999	1218	1295	-9999	533.6356	5	0.6525	0.6763	-0.0014	76.3110	3.1836	716.2509	462.1746	35.9491	661.1280	95.2546	714.9738	94.7454	725.2824	94.9074	733.2589	95.0463	
30/08/2017	00:50:22	011992	H421142350HLR	L421	S		693.7478	1.0292	10.0000	100.0994	39.7800	0.8430	0.8277	5.0000	20.2590	815.1277	94.7917	14.9897	24.3000	0.9300	0.9458	0.6773	-0.0015	815.0000	816.6898	1.0275	-2.9845	100.0215	39.9313	0.8230	0.8268	5.0000	-9999.0000	-9999.0000	-9999.0000	-9999.0000	-9999.0000	-9999.0000	19.4506	1	0	26.9600	1.0000	99	9	-9999.0000	18766	9402	-9999	1219	1296	-9999	533.9335	5	0.6522	0.6773	-0.0015	78.1171	3.0713	716.3549	462.6701	35.7639	663.1392	95.3241	715.1446	94.7454	725.3199	95.0463	733.8115	95.1620	
30/08/2017	00:50:47	011992	H421142186HLR	L421	S		695.1904	1.0292	10.0000	100.1523	39.9166	0.8430	0.8283	5.0000	18.9193	815.0852	94.9074	14.8696	24.3000	0.9300	0.9458	0.6729	-0.0012	815.0000	818.1533	1.0275	-3.0064	99.9699	39.9794	0.8230	0.8268	5.0000	-9999.0000	-9999.0000	-9999.0000	-9999.0000	-9999.0000	-9999.0000	19.1687	2	0	25.0491	1.0000	99	9	-9999.0000	18767	9403	-9999	1220	1297	-9999	533.7272	5	0.6526	0.6729	-0.0012	83.2158	2.7339	721.6574	443.9682	35.9028	665.0521	94.3519	720.6169	95.0000	729.6673	95.0231	737.2587	95.0463	
30/08/2017	00:51:13	011992	H421142200HLR	L421	S		695.0200	1.0292	10.0000	100.1525	40.0264	0.8430	0.8281	5.0000	18.9002	815.1501	94.9074	14.4497	24.3000	0.9300	0.9458	0.6723	-0.0012	815.0000	817.2158	1.0275	-3.0012	100.0493	39.9102	0.8230	0.8266	5.0000	-9999.0000	-9999.0000	-9999.0000	-9999.0000	-9999.0000	-9999.0000	19.5792	3	0	25.3096	1.0000	99	9	-9999.0000	18768	9404	-9999	1221	1298	-9999	534.1221	5	0.6526	0.6723	-0.0012	84.5312	2.6488	723.1270	458.6063	36.7824	669.9991	95.3241	721.5580	95.1389	732.7773	95.0694	740.5227	94.9306	
30/08/2017	00:51:41	011992	H421142160HLR	L421	S		694.7945	1.0292	10.0000	100.1638	39.8537	0.8430	0.8279	5.0000	18.7709	815.0756	94.8843	14.5092	24.3000	0.9300	0.9458	0.6720	-0.0012	815.0000	815.7586	1.0275	-2.9379	100.1146	39.8986	0.8230	0.8266	5.0000	-9999.0000	-9999.0000	-9999.0000	-9999.0000	-9999.0000	-9999.0000	19.7266	4	0	28.7073	1.0000	99	9	-9999.0000	18769	9405	-9999	1222	1299	-9999	533.8011	5	0.6527	0.6720	-0.0012	88.4879	2.4123	725.5074	440.8788	34.6296	668.4853	94.9306	724.3954	94.8843	732.7047	94.9537	740.8950	95.0926	
30/08/2017	00:52:26	011992	H421142170HLR	L421	S		689.6506	1.0292	10.0000	100.1962	39.8351	0.8430	0.8282	5.0000	18.8095	815.0925	94.8843	16.0990	24.3000	0.9300	0.9458	0.6646	-0.0007	815.0000	817.6167	1.0275	-3.0034	100.0284	39.9347	0.8230	0.8267	5.0000	-9999.0000	-9999.0000	-9999.0000	-9999.0000	-9999.0000	-9999.0000	19.7791	5	0	44.9086	1.0000	99	9	-9999.0000	18770	9406	-9999	1223	1300	-9999	532.4400	5	0.6531	0.6646	-0.0007	65.2066	3.8807	724.8996	457.1113	37.1528	669.6941	94.4213	724.0881	95.3935	728.5822	94.8843	735.9018	94.8611	
30/08/2017	00:52:51	011992	H421142180HLR	L421	S		696.7437	1.0292	10.0000	99.9792	39.9573	0.8430	0.8278	5.0000	20.5686	815.1068	94.8843	14.1294	24.3000	0.9300	0.9458	0.6563	-0.0002	815.0000	814.7535	1.0275	-2.8877	100.1057	39.9707	0.8230	0.8268	5.0000	-9999.0000	-9999.0000	-9999.0000	-9999.0000	-9999.0000	-9999.0000	19.3279	6	0	25.0089	1.0000	99	9	-9999.0000	18770	9407	-9999	1223	1301	-9999	532.7083	5	0.6529	0.6563	-0.0002	63.9946	3.9437	739.2248	482.8676	36.8519	688.7489	95.3935	738.0327	95.0231	746.1369	95.0694	753.6720	95.0463	
30/08/2017	00:53:17	011992	H421141519HLR	L421	S		692.1527	1.0292	10.0000	100.1197	39.9024	0.8430	0.8275	5.0000	20.7492	815.1746	94.8843	14.4497	24.4000	0.9300	0.9459	0.6573	-0.0003	815.0000	814.0488	1.0275	-2.8524	100.0821	39.9343	0.8230	0.8267	5.0000	-9999.0000	-9999.0000	-9999.0000	-9999.0000	-9999.0000	-9999.0000	19.8894	7	0	25.9893	1.0000	99	9	-9999.0000	18771	9408	-9999	1224	1302	-9999	532.7339	5	0.6529	0.6573	-0.0003	69.3163	3.6251	736.2226	482.2992	36.1806	683.9466	95.3704	735.1671	95.2083	744.3053	95.0694	750.5873	95.0000	
30/08/2017	00:53:44	011992	H421136900HLR	L421	S		693.1721	1.0292	10.0000	100.0469	39.8088	0.8430	0.8275	5.0000	20.5192	815.0689	94.8843	17.8197	24.4000	0.9300	0.9459	0.6765	-0.0015	815.0000	817.6338	1.0275	-3.0035	100.0008	39.7637	0.8230	0.8263	5.0000	-9999.0000	-9999.0000	-9999.0000	-9999.0000	-9999.0000	-9999.0000	19.8368	8	0	27.1094	1.0000	99	9	-9999.0000	18772	9409	-9999	1225	1303	-9999	531.3057	5	0.6529	0.6765	-0.0015	55.3339	4.5245	722.6473	477.1618	36.3194	672.7734	95.4630	721.3076	95.3241	730.5431	95.0463	735.9111	95.0231	
30/08/2017	00:54:11	011992	H421142156HLR	L421	S		695.2763	1.0292	10.0000	100.1708	39.9032	0.8430	0.8283	5.0000	18.8694	815.1769	94.8843	15.0688	24.3000	0.9300	0.9458	0.6765	-0.0015	815.0000	815.2304	1.0275	-2.9115	99.9579	40.0090	0.8230	0.8274	5.0000	-9999.0000	-9999.0000	-9999.0000	-9999.0000	-9999.0000	-9999.0000	19.3655	1	0	26.3488	1.0000	99	9	-9999.0000	18773	9410	-9999	1226	1304	-9999	532.5939	5	0.6529	0.6765	-0.0015	55.3339	4.5245	716.1928	447.1051	37.0139	663.4354	95.1620	715.3091	95.1389	726.3440	95.0463	733.7985	94.9769	
30/08/2017	00:55:58	011992	H421142166HLR	L421	S		697.0299	1.0292	10.0000	100.2113	40.0357	0.8430	0.8282	5.0000	18.7028	815.1109	94.8611	14.1001	24.4000	0.9300	0.9458	0.6746	-0.0014	815.0000	815.6043	1.0275	-2.9302	100.0432	40.0379	0.8230	0.8267	5.0000	-9999.0000	-9999.0000	-9999.0000	-9999.0000	-9999.0000	-9999.0000	19.8593	2	0	106.9359	1.0000	99	9	-9999.0000	18774	9411	-9999	1227	1305	-9999	533.4222	5	0.6528	0.6746	-0.0014	52.4558	4.7242	723.6713	433.1180	34.5139	666.6167	95.0000	722.2344	95.0000	732.3833	95.0463	740.2288	94.9769	
30/08/2017	00:56:24	011992	H421142177HLR	L421	S		691.8321	1.0292	10.0000	100.1505	39.8263	0.8430	0.8280	5.0000	18.7295	815.1034	94.9074	15.1489	24.3000	0.9300	0.9458	0.6706	-0.0012	815.0000	816.7081	1.0275	-2.9854	100.0342	39.8402	0.8230	0.8263	5.0000	-9999.0000	-9999.0000	-9999.0000	-9999.0000	-9999.0000	-9999.0000	19.3258	3	0	26.7285	1.0000	99	9	-9999.0000	18774	9412	-9999	1228	1306	-9999	532.3820	5	0.6532	0.6706	-0.0012	59.2548	4.2775	722.1794	458.0109	37.1065	666.7086	95.0926	721.0693	94.9074	729.7694	94.9537	737.7974	95.0463	
30/08/2017	00:56:51	011992	H421141545HLR	L421	S		686.3975	1.0292	10.0000	100.1201	39.8000	0.8430	0.8283	5.0000	18.9191	815.1411	94.9074	16.2797	24.3000	0.9300	0.9458	0.6712	-0.0012	815.0000	812.9360	1.0275	-2.7968	100.2248	39.6138	0.8230	0.8269	5.0000	-9999.0000	-9999.0000	-9999.0000	-9999.0000	-9999.0000	-9999.0000	19.5983	4	0	26.0198	1.0000	99	9	-9999.0000	18775	9413	-9999	1229	1306	-9999	531.2513	5	0.6529	0.6712	-0.0012	56.2982	4.4859	714.7370	467.3525	37.1991	660.7756	95.0231	713.5937	94.8611	723.8436	95.0694	729.7516	95.0000	
30/08/2017	00:57:19	011992	H421141540HLR	L421	S		689.9987	1.0292	10.0000	99.9719	40.0144	0.8430	0.8279	5.0000	21.0783	815.1140	94.9306	15.2192	24.3000	0.9300	0.9458	0.6721	-0.0013	815.0000	814.9933	1.0275	-2.8997	100.0284	40.0699	0.8230	0.8282	5.0000	-9999.0000	-9999.0000	-9999.0000	-9999.0000	-9999.0000	-9999.0000	19.7750	5	0	28.4587	1.0000	99	9	-9999.0000	18775	9414	-9999	1230	1307	-9999	532.2229	5	0.6529	0.6721	-0.0013	55.2929	4.5352	717.1549	465.5865	37.9630	662.8215	94.9769	716.0014	94.7685	725.5567	95.0231	734.4908	95.0926	
30/08/2017	00:57:47	011992	H421141645HLR	L421	S		684.0929	1.0292	10.0000	99.9988	39.9613	0.8430	0.8276	5.0000	19.8788	815.1165	94.8611	16.8695	24.3000	0.9300	0.9458	0.6716	-0.0012	815.0000	814.1630	1.0275	-2.8582	99.9946	40.1713	0.8230	0.8269	5.0000	-9999.0000	-9999.0000	-9999.0000	-9999.0000	-9999.0000	-9999.0000	19.5927	6	0	28.3593	1.0000	99	9	-9999.0000	18776	9415	-9999	1231	1308	-9999	530.5927	5	0.6531	0.6716	-0.0012	57.9235	4.3369	709.7872	461.0752	37.9398	655.6754	95.1389	708.4989	95.1620	717.4947	95.0231	725.0884	94.9769	
30/08/2017	00:58:14	011992	H421141655HLR	L421	S		685.5386	1.0292	10.0000	100.0321	39.7371	0.8430	0.8273	5.0000	21.1036	815.1483	94.9074	15.8685	24.5000	0.9300	0.9459	0.6716	-0.0012	815.0000	812.9327	1.0275	-2.7966	100.0427	39.7002	0.8230	0.8257	5.0000	-9999.0000	-9999.0000	-9999.0000	-9999.0000	-9999.0000	-9999.0000	19.9990	7	0	26.8984	1.0000	99	9	-9999.0000	18777	9416	-9999	1232	1309	-9999	531.4771	5	0.6529	0.6716	-0.0012	93.2005	1.9251	713.3231	441.6505	34.5139	656.3626	94.3981	712.0632	94.7685	722.5435	95.0463	731.6244	95.0694	
30/08/2017	00:58:40	011992	H421141637HLR	L421	S		688.2517	1.0292	10.0000	99.9955	39.6118	0.8430	0.8280	5.0000	20.6183	815.0813	94.9074	15.1997	24.3000	0.9300	0.9457	0.6707	-0.0012	815.0000	813.6250	1.0275	-2.8312	100.0097	39.8595	0.8230	0.8273	5.0000	-9999.0000	-9999.0000	-9999.0000	-9999.0000	-9999.0000	-9999.0000	19.5485	8	0	26.1787	1.0000	99	9	-9999.0000	18778	9417	-9999	1233	1310	-9999	532.2566	5	0.6530	0.6707	-0.0012	87.8210	2.2909	719.4381	470.9913	37.5694	666.5876	95.1620	718.5004	95.1620	727.4455	95.0000	735.4336	95.0231	
30/08/2017	00:59:08	011992	H421141620HLR	L421	S		682.0893	1.0292	10.0000	100.1177	40.0000	0.8430	0.8289	5.0000	19.1996	815.1087	94.8380	17.6497	24.3000	0.9300	0.9458	0.6686	-0.0010	815.0000	813.4779	1.0275	-2.8239	100.1318	40.1425	0.8230	0.8272	5.0000	-9999.0000	-9999.0000	-9999.0000	-9999.0000	-9999.0000	-9999.0000	19.5083	1	0	28.0090	1.0000	99	9	-9999.0000	18779	9418	-9999	1233	1311	-9999	530.0153	5	0.6527	0.6686	-0.0010	61.7264	4.0592	707.0803	467.5865	35.6481	654.1992	94.8843	705.6826	95.1852	714.3680	95.0463	721.4598	95.0231	
30/08/2017	00:59:36	011992	H421141621HLR	L421	S		686.9316	1.0292	10.0000	100.1345	40.1242	0.8430	0.8281	5.0000	18.7393	815.0776	94.8380	17.4398	24.4000	0.9300	0.9458	0.6686	-0.0010	815.0000	816.9209	1.0275	-2.9960	99.9921	39.8495	0.8230	0.8258	5.0000	-9999.0000	-9999.0000	-9999.0000	-9999.0000	-9999.0000	-9999.0000	20.0195	2	0	27.2595	1.0000	99	9	-9999.0000	18780	9419	-9999	1234	1312	-9999	530.4327	5	0.6527	0.6686	-0.0010	61.7264	4.0592	716.2454	469.4628	37.0370	664.3880	95.1389	714.6827	95.2778	723.5705	95.0231	730.9255	94.8843	
30/08/2017	01:00:03	011992	H421141564HLR	L421	S		687.5896	1.0292	10.0000	100.1206	39.7319	0.8430	0.8276	5.0000	18.8488	815.0728	94.9306	16.1195	24.4000	0.9300	0.9458	0.6670	-0.0009	815.0000	814.0037	1.0275	-2.8502	100.0184	39.7591	0.8230	0.8266	5.0000	-9999.0000	-9999.0000	-9999.0000	-9999.0000	-9999.0000	-9999.0000	19.4783	3	0	27.4090	1.0000	99	9	-9999.0000	18781	9420	-9999	1235	1313	-9999	531.7966	5	0.6529	0.6670	-0.0009	61.7025	4.0631	719.2442	464.8794	37.5926	663.1868	95.1620	717.3875	95.2546	726.4752	95.0231	732.7242	94.9537	
30/08/2017	01:00:28	011992	H421141618HLR	L421	S		689.5564	1.0292	10.0000	99.9934	39.7719	0.8430	0.8279	5.0000	22.0372	815.1011	94.9074	15.2397	24.4000	0.9300	0.9458	0.6686	-0.0010	815.0000	814.3650	1.0275	-2.8683	100.0155	40.0663	0.8230	0.8273	5.0000	-9999.0000	-9999.0000	-9999.0000	-9999.0000	-9999.0000	-9999.0000	19.8093	4	0	24.8797	1.0000	99	9	-9999.0000	18782	9421	-9999	1236	1314	-9999	532.6230	5	0.6530	0.6686	-0.0010	68.0152	3.6878	721.2263	471.4907	37.5231	667.6473	94.9769	720.0664	94.9074	729.1978	94.8611	737.5816	95.0000	
30/08/2017	01:00:55	011992	H421141619HLR	L421	S		687.6394	1.0292	10.0000	99.9413	40.0924	0.8430	0.8286	5.0000	18.4950	815.1165	94.9074	17.1790	24.5000	0.9300	0.9458	0.6666	-0.0009	815.0000	816.9326	1.0275	-2.9966	100.0132	40.0022	0.8230	0.8264	5.0000	-9999.0000	-9999.0000	-9999.0000	-9999.0000	-9999.0000	-9999.0000	19.2683	5	0	27.3524	1.0000	99	9	-9999.0000	18783	9422	-9999	1237	1315	-9999	531.1981	5	0.6527	0.6666	-0.0009	70.5108	3.5004	720.6613	467.3675	36.8287	668.4439	94.9306	719.1752	95.1620	727.6071	95.0926	734.5780	94.9537	
30/08/2017	01:01:23	011992	H421141544HLR	L421	S		684.0769	1.0292	10.0000	100.0188	39.8898	0.8430	0.8273	5.0000	20.5793	815.1265	94.9306	16.2894	24.4000	0.9300	0.9458	0.6670	-0.0009	815.0000	813.2423	1.0275	-2.8121	100.0500	39.7367	0.8230	0.8260	5.0000	-9999.0000	-9999.0000	-9999.0000	-9999.0000	-9999.0000	-9999.0000	19.8592	6	0	27.8148	1.0000	99	9	-9999.0000	18784	9423	-9999	1238	1315	-9999	531.8172	5	0.6526	0.6670	-0.0009	74.2475	3.2600	714.9869	449.6647	34.1898	657.6507	94.6065	714.1037	94.7917	723.2627	95.1620	730.6022	95.0694	
30/08/2017	01:01:52	011992	H421141554HLR	L421	S		687.1678	1.0292	10.0000	100.1958	39.6878	0.8430	0.8279	5.0000	18.8588	815.0669	94.9074	16.5599	24.5000	0.9300	0.9458	0.6666	-0.0009	815.0000	815.7632	1.0275	-2.9382	99.9427	39.9567	0.8230	0.8275	5.0000	-9999.0000	-9999.0000	-9999.0000	-9999.0000	-9999.0000	-9999.0000	19.0889	7	0	28.1784	1.0000	99	9	-9999.0000	18785	9424	-9999	1239	1316	-9999	531.6766	5	0.6526	0.6666	-0.0009	87.7814	2.4492	719.8885	449.9072	33.9352	666.1614	94.5833	719.2258	95.0000	728.5213	94.9769	734.4002	95.0231	
30/08/2017	01:02:54	011992	H421141524HLR	L421	S		682.8442	1.0292	10.0000	100.1910	40.0824	0.8430	0.8282	5.0000	18.7994	815.1063	94.9074	16.5189	24.5000	0.9300	0.9459	0.6772	-0.0015	815.0000	814.5457	1.0275	-2.8773	100.0868	39.7800	0.8230	0.8258	5.0000	-9999.0000	-9999.0000	-9999.0000	-9999.0000	-9999.0000	-9999.0000	20.1884	1	0	30.3482	1.0000	99	9	-9999.0000	18787	9425	-9999	1241	1317	-9999	531.6574	5	0.6525	0.6772	-0.0015	88.0981	2.4238	704.7693	429.4313	33.7963	648.2425	94.4444	703.5276	94.6065	713.8982	94.9537	723.7133	95.1389	
30/08/2017	01:03:21	011992	H421141559HLR	L421	S		683.3947	1.0292	10.0000	100.0044	39.7609	0.8430	0.8272	5.0000	20.6594	815.0784	94.8611	16.8890	24.4000	0.9300	0.9458	0.6809	-0.0017	815.0000	813.9951	1.0275	-2.8498	100.0033	39.8000	0.8230	0.8276	5.0000	-9999.0000	-9999.0000	-9999.0000	-9999.0000	-9999.0000	-9999.0000	19.2416	2	0	26.8194	1.0000	99	9	-9999.0000	18788	9426	-9999	1241	1318	-9999	531.2083	5	0.6524	0.6809	-0.0017	89.0909	2.3814	705.1443	440.4093	35.4167	651.0918	94.9306	704.0357	95.0231	713.9388	95.0000	723.1218	95.0000	
30/08/2017	01:03:48	011992	H421144876HLR	L421	S		686.2751	1.0292	10.0000	100.1729	39.8000	0.8430	0.8283	5.0000	18.8390	815.1386	94.9306	16.3900	24.4000	0.9300	0.9458	0.6809	-0.0017	815.0000	812.9288	1.0275	-2.7964	100.0517	40.2305	0.8230	0.8274	5.0000	-9999.0000	-9999.0000	-9999.0000	-9999.0000	-9999.0000	-9999.0000	20.0775	3	0	27.5888	1.0000	13	2	-9999.0000	18789	9427	-9999	1241	1319	-9999	531.9237	5	0.6524	0.6809	-0.0017	89.0909	2.3814	706.3236	453.0800	36.3426	649.1273	94.8380	704.8886	94.9306	712.8754	94.9074	721.3861	95.0231	
30/08/2017	01:04:17	011992	H421144878HLR	L421	S		686.3172	1.0292	10.0000	100.1762	40.0880	0.8430	0.8285	5.0000	18.7581	815.1239	94.8843	16.3199	24.4000	0.9300	0.9458	0.6809	-0.0017	815.0000	813.2883	1.0275	-2.8144	100.0828	39.9188	0.8230	0.8260	5.0000	-9999.0000	-9999.0000	-9999.0000	-9999.0000	-9999.0000	-9999.0000	19.8789	4	0	28.2586	1.0000	13	2	-9999.0000	18790	9428	-9999	1241	1320	-9999	532.1086	5	0.6524	0.6809	-0.0017	89.0909	2.3814	704.4058	427.5115	33.5880	647.9708	94.9306	703.2134	95.0926	713.4929	95.1157	722.3878	95.0000	
30/08/2017	01:04:42	011992	H421144871HLR	L421	S		688.6773	1.0292	10.0000	100.0232	39.8548	0.8430	0.8273	5.0000	20.8457	815.1025	94.9306	15.5395	24.5000	0.9300	0.9458	0.6803	-0.0017	815.0000	814.5573	1.0275	-2.8779	100.1435	39.6867	0.8230	0.8263	5.0000	-9999.0000	-9999.0000	-9999.0000	-9999.0000	-9999.0000	-9999.0000	19.9392	5	0	25.0596	1.0000	13	2	-9999.0000	18791	9429	-9999	1242	1321	-9999	533.2079	5	0.6525	0.6803	-0.0017	89.7423	2.3448	711.3950	452.3855	37.1759	658.0975	95.1852	710.0625	95.3009	720.7174	94.9074	728.3109	94.8843	
30/08/2017	01:05:07	011992	H421144850HLR	L421	S		687.1432	1.0292	10.0000	100.1695	39.8000	0.8430	0.8282	5.0000	18.9153	815.1336	94.9074	15.9291	24.4000	0.9300	0.9458	0.6787	-0.0016	815.0000	814.5801	1.0275	-2.8790	100.0406	40.0550	0.8230	0.8274	5.0000	-9999.0000	-9999.0000	-9999.0000	-9999.0000	-9999.0000	-9999.0000	20.1787	6	0	25.3887	1.0000	13	2	-9999.0000	18792	9430	-9999	1242	1321	-9999	532.6445	5	0.6524	0.6787	-0.0016	87.8531	2.4693	710.7721	462.2794	39.4213	661.8556	95.3472	709.1409	95.2315	718.1867	95.0694	726.7444	95.1157	
30/08/2017	01:05:32	011992	H421144865HLR	L421	S		688.6712	1.0292	10.0000	99.9900	40.0000	0.8430	0.8281	5.0000	20.1458	815.1048	94.8380	16.7201	24.4000	0.9300	0.9458	0.6826	-0.0018	815.0000	813.7891	1.0275	-2.8395	100.0252	40.0934	0.8230	0.8267	5.0000	-9999.0000	-9999.0000	-9999.0000	-9999.0000	-9999.0000	-9999.0000	19.5976	7	0	25.0391	1.0000	13	2	-9999.0000	18793	9431	-9999	1243	1322	-9999	531.6758	5	0.6524	0.6826	-0.0018	85.8677	2.5728	707.0075	462.0669	36.6667	658.2994	95.2083	705.3765	95.2315	714.4527	95.0231	720.0968	94.9769	
30/08/2017	01:05:58	011992	H421141550HLR	L421	S		651.3579	1.0292	10.0000	100.1180	39.9200	0.8430	0.8279	5.0000	19.0999	0.0000	0.0000	0.0000	0.0000	0.9300	0.0000	0.0000	0.0000	0.0000	660.4888	1.0275	-0.3388	99.9179	39.7629	0.8230	0.8264	5.0000	-9999.0000	-9999.0000	-9999.0000	-9999.0000	-9999.0000	-9999.0000	19.5148	8	7	26.0792	1.0000	99	9	-9999.0000	18793	0	-9999	1244	1323	-9999	0.0000	0	0.0000	0.0000	0.0000	0.0000	0.0000	0.0000	0.0000	0.0000	0.0000	0.0000	0.0000	0.0000	0.0000	0.0000	0.0000	0.0000	
30/08/2017	01:06:28	011992	H421144894HLR	L421	S		706.7402	1.0292	10.0000	100.1319	39.8016	0.8430	0.8279	5.0000	19.4809	815.1039	94.9074	12.6597	24.6000	0.9300	0.9459	0.6816	-0.0017	815.0000	818.7194	1.0275	-3.0095	100.1378	39.8585	0.8230	0.8272	5.0000	-9999.0000	-9999.0000	-9999.0000	-9999.0000	-9999.0000	-9999.0000	19.3895	1	0	29.0788	1.0000	13	2	-9999.0000	18794	9432	-9999	1244	1324	-9999	537.6728	5	0.6532	0.6816	-0.0017	80.8917	2.8841	728.7074	420.2820	36.0185	671.3554	94.0741	727.2840	94.1435	737.0182	94.8380	748.0740	95.1157	
30/08/2017	01:06:57	011992	H421144855HLR	L421	S		707.5474	1.0292	10.0000	100.1632	39.9603	0.8430	0.8283	5.0000	18.9598	815.1625	94.9306	12.5601	24.4000	0.9300	0.9458	0.6819	-0.0018	815.0000	820.0475	1.0275	-3.0168	100.0074	40.1186	0.8230	0.8271	5.0000	-9999.0000	-9999.0000	-9999.0000	-9999.0000	-9999.0000	-9999.0000	19.6396	2	0	29.4687	1.0000	13	2	-9999.0000	18795	9433	-9999	1245	1325	-9999	537.9633	5	0.6532	0.6819	-0.0018	82.5955	2.7910	732.5791	430.1652	35.4630	676.2788	94.7685	731.3341	94.6991	741.3567	94.8611	750.2798	95.0694	
30/08/2017	01:07:23	011992	H421144885HLR	L421	S		702.7080	1.0292	10.0000	99.9803	39.8978	0.8430	0.8273	5.0000	21.1813	815.1105	94.8380	13.7788	24.5000	0.9300	0.9459	0.6900	-0.0022	815.0000	818.8767	1.0275	-3.0104	100.0830	39.9151	0.8230	0.8262	5.0000	-9999.0000	-9999.0000	-9999.0000	-9999.0000	-9999.0000	-9999.0000	19.9213	3	0	26.3096	1.0000	13	2	-9999.0000	18796	9434	-9999	1245	1326	-9999	537.3540	5	0.6532	0.6900	-0.0022	92.2957	2.1845	720.4504	449.2761	36.9213	664.3665	94.9537	718.8917	94.9769	729.1549	95.1620	738.2860	95.0463	
30/08/2017	01:07:48	011992	H421144889HLR	L421	S		703.5140	1.0292	10.0000	100.2008	39.8531	0.8430	0.8280	5.0000	18.7378	815.0941	94.9306	15.0091	24.5000	0.9300	0.9459	0.6900	-0.0022	815.0000	819.0205	1.0275	-3.0112	100.0054	39.7637	0.8230	0.8264	5.0000	-9999.0000	-9999.0000	-9999.0000	-9999.0000	-9999.0000	-9999.0000	19.7260	4	0	25.2556	1.0000	13	2	-9999.0000	18797	9435	-9999	1246	1327	-9999	535.1331	5	0.6532	0.6900	-0.0022	92.2957	2.1845	717.6879	453.7009	35.6481	666.1668	95.1620	716.4243	95.3241	724.7033	95.0231	731.9550	94.9306	
30/08/2017	01:08:14	011992	H421144881HLR	L421	S		685.7741	1.0292	10.0000	100.1782	39.9000	0.8430	0.8283	5.0000	18.7198	815.1010	94.9537	15.9896	24.4000	0.9300	0.9458	0.6688	-0.0009	815.0000	814.4187	1.0275	-2.8709	100.0233	40.0202	0.8230	0.8274	5.0000	-9999.0000	-9999.0000	-9999.0000	-9999.0000	-9999.0000	-9999.0000	19.2788	5	0	25.0528	1.0000	13	2	-9999.0000	18797	9436	-9999	1247	1328	-9999	533.0513	5	0.6538	0.6688	-0.0009	59.3753	4.2050	718.2982	453.8381	36.7824	661.7427	94.6528	717.1656	95.3241	727.0256	95.0463	734.0793	94.9306	
30/08/2017	01:08:40	011992	H421144906HLR	L421	S		688.8066	1.0292	10.0000	100.1607	39.9711	0.8430	0.8282	5.0000	18.9397	815.0811	94.8611	18.3900	24.4000	0.9300	0.9457	0.6668	-0.0008	815.0000	816.6913	1.0275	-2.9846	99.9847	40.0302	0.8230	0.8267	5.0000	-9999.0000	-9999.0000	-9999.0000	-9999.0000	-9999.0000	-9999.0000	19.6305	6	0	26.5294	1.0000	13	2	-9999.0000	18798	9437	-9999	1248	1329	-9999	531.3087	5	0.6544	0.6668	-0.0008	58.5344	4.2519	712.6945	457.5339	38.5880	665.6374	95.3472	712.2369	95.2083	718.8489	95.0463	724.7648	94.8843	
30/08/2017	01:09:07	011992	H421144909HLR	L421	S		697.2697	1.0292	10.0000	100.1584	39.8883	0.8430	0.8280	5.0000	18.9196	815.0871	94.9306	15.0297	24.4000	0.9300	0.9458	0.6668	-0.0008	815.0000	818.0192	1.0275	-3.0056	100.0006	39.8208	0.8230	0.8262	5.0000	-9999.0000	-9999.0000	-9999.0000	-9999.0000	-9999.0000	-9999.0000	19.3380	7	0	26.5692	1.0000	13	2	-9999.0000	18799	9438	-9999	1248	1330	-9999	533.7414	5	0.6544	0.6668	-0.0008	58.5344	4.2519	734.0724	466.3102	35.1852	680.7224	94.0278	732.2777	95.0000	741.9159	95.0231	749.3325	94.8843	
30/08/2017	01:09:33	011992	H421144913HLR	L421	S		707.8784	1.0292	10.0000	100.1535	39.8721	0.8430	0.8282	5.0000	19.0160	815.1429	94.8611	12.0298	24.3000	0.9300	0.9457	0.6659	-0.0007	815.0000	817.3417	1.0275	-3.0019	100.0586	39.8734	0.8230	0.8269	5.0000	-9999.0000	-9999.0000	-9999.0000	-9999.0000	-9999.0000	-9999.0000	19.9412	8	0	26.8283	1.0000	13	2	-9999.0000	18800	9439	-9999	1249	1330	-9999	535.5885	5	0.6545	0.6659	-0.0007	61.2777	4.0282	749.2747	471.7732	37.6852	692.9307	94.9074	747.7469	94.6759	757.1168	94.8843	764.8139	95.0694	
30/08/2017	01:09:59	011992	H421144903HLR	L421	S		712.0149	1.0292	10.0000	100.1429	39.9509	0.8430	0.8283	5.0000	18.8288	815.0846	94.9074	10.9400	24.4000	0.9300	0.9458	0.6650	-0.0007	815.0000	815.3432	1.0275	-2.9172	99.9675	40.0401	0.8230	0.8269	5.0000	-9999.0000	-9999.0000	-9999.0000	-9999.0000	-9999.0000	-9999.0000	20.3627	1	0	25.2363	1.0000	13	2	-9999.0000	18800	9440	-9999	1249	1331	-9999	536.0935	5	0.6547	0.6650	-0.0007	61.5621	4.0079	755.4714	463.5862	34.6991	695.7072	94.7917	754.3127	94.7454	762.1793	94.9537	771.7314	95.0926	
30/08/2017	01:10:24	011992	H421144899HLR	L421	S		709.7085	1.0292	10.0000	100.1623	39.9557	0.8430	0.8281	5.0000	18.8364	815.1532	94.8611	11.2291	24.4000	0.9300	0.9458	0.6675	-0.0009	815.0000	814.8271	1.0275	-2.8914	100.0245	39.9407	0.8230	0.8265	5.0000	-9999.0000	-9999.0000	-9999.0000	-9999.0000	-9999.0000	-9999.0000	19.2889	2	0	25.1513	1.0000	13	2	-9999.0000	18801	9441	-9999	1250	1332	-9999	536.4009	5	0.6543	0.6675	-0.0009	71.3567	3.3079	748.9881	442.3608	34.3519	689.0695	94.0509	747.5621	94.7454	758.1287	94.9537	766.6485	95.0926	
30/08/2017	01:10:49	011992	H421144907HLR	L421	S		696.7890	1.0292	10.0000	100.1581	39.8710	0.8430	0.8280	5.0000	18.8819	815.1451	94.9537	15.2494	24.4000	0.9300	0.9458	0.6679	-0.0009	815.0000	816.4560	1.0275	-2.9728	100.0029	39.8347	0.8230	0.8263	5.0000	-9999.0000	-9999.0000	-9999.0000	-9999.0000	-9999.0000	-9999.0000	19.8293	3	0	25.1593	1.0000	13	2	-9999.0000	18802	9442	-9999	1251	1333	-9999	533.3301	5	0.6541	0.6679	-0.0009	72.1249	3.2423	728.4453	426.3287	34.5139	667.1177	94.6991	727.4104	94.9074	733.1494	94.9769	740.4866	95.0926	
30/08/2017	01:11:19	011992	H421144927HLR	L421	S		704.4154	1.0292	10.0000	99.9631	39.8679	0.8430	0.8276	5.0000	21.0149	815.0926	94.9769	12.5894	24.3000	0.9300	0.9459	0.6659	-0.0008	815.0000	815.9738	1.0275	-2.9487	100.0538	39.9561	0.8230	0.8271	5.0000	-9999.0000	-9999.0000	-9999.0000	-9999.0000	-9999.0000	-9999.0000	19.3556	4	0	29.0283	1.0000	13	2	-9999.0000	18803	9443	-9999	1251	1334	-9999	534.9170	5	0.6542	0.6659	-0.0008	73.8695	3.0386	742.8635	456.1362	37.6389	686.0710	94.3750	741.7162	95.0694	752.0109	95.0463	759.9336	95.0231	
30/08/2017	01:11:45	011992	H421144923HLR	L421	S		701.2118	1.0292	10.0000	100.1451	39.9373	0.8430	0.8279	5.0000	20.0393	815.1842	94.9537	13.0200	24.4000	0.9300	0.9458	0.6664	-0.0008	815.0000	814.4958	1.0275	-2.8748	100.1066	39.9796	0.8230	0.8263	5.0000	-9999.0000	-9999.0000	-9999.0000	-9999.0000	-9999.0000	-9999.0000	20.9930	5	0	26.6108	1.0000	13	2	-9999.0000	18804	9444	-9999	1252	1335	-9999	534.6347	5	0.6546	0.6664	-0.0008	72.4031	3.0940	741.0482	448.0488	37.2685	684.8348	95.2546	739.4718	95.3241	748.2236	95.1157	755.6972	94.9537	
30/08/2017	01:12:12	011992	H421144919HLR	L421	S		701.0474	1.0292	10.0000	100.1366	39.9293	0.8430	0.8280	5.0000	19.0686	815.1232	94.8843	14.1997	24.4000	0.9300	0.9459	0.6679	-0.0009	815.0000	814.9700	1.0275	-2.8985	100.0493	39.8875	0.8230	0.8264	5.0000	-9999.0000	-9999.0000	-9999.0000	-9999.0000	-9999.0000	-9999.0000	19.9175	6	0	26.8774	1.0000	13	2	-9999.0000	18804	9445	-9999	1252	1336	-9999	533.7534	5	0.6551	0.6679	-0.0009	68.9194	3.3339	734.4837	472.5740	38.5880	684.0027	95.6713	733.0711	95.3009	744.1014	95.1389	747.8885	94.9769	
30/08/2017	01:12:38	011992	H421144933HLR	L421	S		703.9852	1.0292	10.0000	100.1874	39.8810	0.8430	0.8280	5.0000	18.7918	815.1487	94.9074	13.6392	24.5000	0.9300	0.9459	0.6678	-0.0009	815.0000	817.7880	1.0275	-3.0043	100.0330	39.8882	0.8230	0.8266	5.0000	-9999.0000	-9999.0000	-9999.0000	-9999.0000	-9999.0000	-9999.0000	20.3291	7	0	26.9230	1.0000	13	2	-9999.0000	18805	9446	-9999	1253	1337	-9999	534.0601	5	0.6548	0.6678	-0.0009	68.6836	3.3412	740.7353	471.9074	38.3102	689.5785	95.5556	739.3568	95.0231	749.5507	95.0463	758.0100	95.0231	
30/08/2017	01:13:03	011992	H421144167HLR	L421	S		697.1482	1.0292	10.0000	100.1872	39.9064	0.8430	0.8282	5.0000	18.8499	815.1763	94.8843	14.2592	24.4000	0.9300	0.9458	0.6676	-0.0009	815.0000	814.8916	1.0275	-2.8946	100.0534	39.9572	0.8230	0.8265	5.0000	-9999.0000	-9999.0000	-9999.0000	-9999.0000	-9999.0000	-9999.0000	20.8384	8	0	25.0558	1.0000	13	2	-9999.0000	18805	9447	-9999	1254	1337	-9999	533.6100	5	0.6547	0.6676	-0.0009	68.4200	3.3511	730.7253	471.2742	39.0741	678.3766	95.5556	729.5358	95.1157	739.6631	95.0463	747.5860	95.0231	
30/08/2017	01:13:30	011992	H421144159HLR	L421	S		694.5971	1.0292	10.0000	100.1918	39.9659	0.8430	0.8282	5.0000	18.7379	815.1105	94.8843	14.2797	24.5000	0.9300	0.9458	0.6677	-0.0009	815.0000	813.6259	1.0275	-2.8313	99.9935	39.9379	0.8230	0.8264	5.0000	-9999.0000	-9999.0000	-9999.0000	-9999.0000	-9999.0000	-9999.0000	20.0013	1	0	26.3984	1.0000	13	2	-9999.0000	18806	9448	-9999	1254	1338	-9999	534.1854	5	0.6548	0.6677	-0.0009	68.7059	3.3287	729.1683	423.5825	37.4769	672.9355	95.2778	727.7541	95.4398	738.0894	94.7917	744.0589	94.8380	
30/08/2017	01:13:56	011992	H421144163HLR	L421	S		692.9864	1.0292	10.0000	100.1821	39.9269	0.8430	0.8280	5.0000	19.3612	815.1059	94.8843	15.7094	24.5000	0.9300	0.9458	0.6676	-0.0009	815.0000	814.9204	1.0275	-2.8960	99.9925	39.9078	0.8230	0.8266	5.0000	-9999.0000	-9999.0000	-9999.0000	-9999.0000	-9999.0000	-9999.0000	19.2985	2	0	25.7491	1.0000	13	2	-9999.0000	18806	9449	-9999	1255	1339	-9999	532.7191	5	0.6549	0.6676	-0.0009	68.0390	3.3804	724.3524	460.2721	36.0880	664.9536	93.4491	723.0891	94.8611	731.3730	94.9306	739.5857	95.0694	
30/08/2017	01:14:22	011992	H421144153HLR	L421	S		698.9768	1.0292	10.0000	100.0843	39.8176	0.8430	0.8276	5.0000	20.9093	815.0888	94.8843	14.1001	24.5000	0.9300	0.9458	0.6682	-0.0010	815.0000	817.0238	1.0275	-3.0001	99.9963	39.9527	0.8230	0.8269	5.0000	-9999.0000	-9999.0000	-9999.0000	-9999.0000	-9999.0000	-9999.0000	19.2876	3	0	26.2246	1.0000	13	2	-9999.0000	18806	9450	-9999	1256	1340	-9999	533.8587	5	0.6548	0.6682	-0.0010	69.5137	3.2539	734.0648	429.5069	35.0000	669.4496	92.8472	732.3733	94.6991	743.1922	94.8843	750.8190	94.9537	
30/08/2017	01:14:48	011992	H421144943HLR	L421	S		703.6545	1.0292	10.0000	100.1324	39.9549	0.8430	0.8280	5.0000	19.8452	815.1085	94.9074	12.2201	24.4000	0.9300	0.9458	0.6695	-0.0011	815.0000	815.3056	1.0275	-2.9153	100.0398	39.9766	0.8230	0.8268	5.0000	-9999.0000	-9999.0000	-9999.0000	-9999.0000	-9999.0000	-9999.0000	19.6539	4	0	25.9238	1.0000	13	2	-9999.0000	18807	9451	-9999	1257	1341	-9999	535.0146	5	0.6552	0.6695	-0.0011	63.2351	3.7626	742.1134	438.4635	35.5556	679.8236	93.8657	741.0006	94.8611	750.0167	94.9769	758.6964	95.0694	
30/08/2017	01:15:15	011992	H421144188HLR	L421	Q		694.3422	1.0292	10.0000	100.1795	39.9936	0.8430	0.8281	5.0000	18.8416	815.1173	94.9074	15.3891	24.4000	0.9300	0.9458	0.6672	-0.0009	815.0000	815.1923	1.0275	-2.9096	100.0008	39.9401	0.8230	0.8267	5.0000	-9999.0000	-9999.0000	-9999.0000	-9999.0000	-9999.0000	-9999.0000	19.2916	5	0	27.5184	1.0000	13	2	-9999.0000	18808	9452	-9999	1258	1342	-9999	532.8393	5	0.6556	0.6672	-0.0009	63.1966	3.7715	727.8563	461.6112	37.7778	671.3731	94.4907	726.2544	95.3472	736.3499	94.8843	742.3893	94.9306	
30/08/2017	01:15:44	011992	H421144184HLR	L421	Q		692.4340	1.0292	10.0000	100.1557	39.8705	0.8430	0.8279	5.0000	18.8899	815.1563	94.9074	14.7592	24.3000	0.9300	0.9457	0.6678	-0.0009	815.0000	814.0988	1.0275	-2.8549	100.0902	39.9339	0.8230	0.8268	5.0000	-9999.0000	-9999.0000	-9999.0000	-9999.0000	-9999.0000	-9999.0000	19.2869	6	0	28.3693	1.0000	13	2	-9999.0000	18808	9453	-9999	1258	1343	-9999	533.4738	5	0.6554	0.6678	-0.0009	63.0979	3.7642	727.5537	468.7867	36.1343	672.6760	95.3009	726.2627	95.3241	736.6180	94.9769	742.8343	94.8611	
30/08/2017	01:16:11	011992	H421144179HLR	L421	S		691.5010	1.0292	10.0000	100.1787	39.8950	0.8430	0.8283	5.0000	18.7663	815.1112	94.8843	15.3295	24.4000	0.9300	0.9458	0.6688	-0.0010	815.0000	814.6612	1.0275	-2.8831	100.0962	39.8956	0.8230	0.8263	5.0000	-9999.0000	-9999.0000	-9999.0000	-9999.0000	-9999.0000	-9999.0000	22.2286	7	0	27.1898	1.0000	13	2	-9999.0000	18809	9454	-9999	1259	1343	-9999	532.7913	5	0.6550	0.6688	-0.0010	65.4734	3.6141	725.2527	473.1389	36.2269	669.6645	95.2778	724.0579	95.4398	731.7408	94.9306	739.1071	94.8843	
30/08/2017	01:16:37	011992	H421144175HLR	L421	S		694.0990	1.0292	10.0000	100.2209	39.9933	0.8430	0.8282	5.0000	19.1872	815.0960	94.8611	14.9994	24.4000	0.9300	0.9458	0.6655	-0.0008	815.0000	815.3140	1.0275	-2.9157	99.9788	39.9381	0.8230	0.8266	5.0000	-9999.0000	-9999.0000	-9999.0000	-9999.0000	-9999.0000	-9999.0000	19.5712	8	0	25.8153	1.0000	13	2	-9999.0000	18810	9455	-9999	1260	1343	-9999	533.1543	5	0.6548	0.6655	-0.0008	73.1257	3.0943	730.7029	476.1988	38.1250	678.4340	95.3241	729.0023	95.1389	737.7297	95.0694	745.6460	94.9769	
30/08/2017	01:17:02	011992	H421144171HLR	L421	S		690.6252	1.0292	10.0000	100.1917	39.9415	0.8430	0.8280	5.0000	19.0839	815.0745	94.8843	16.4994	24.4000	0.9300	0.9458	0.6652	-0.0007	815.0000	817.4132	1.0275	-3.0023	100.0561	39.9455	0.8230	0.8266	5.0000	-9999.0000	-9999.0000	-9999.0000	-9999.0000	-9999.0000	-9999.0000	19.9375	1	0	25.5642	1.0000	13	2	-9999.0000	18811	9456	-9999	1260	1344	-9999	532.3148	5	0.6548	0.6652	-0.0007	71.9434	3.1873	725.7043	465.9278	36.4120	670.6117	94.9537	724.4755	94.8843	731.9089	94.9769	739.3740	95.1389	
30/08/2017	01:17:30	011992	H421144304HLR	L421	S		691.9056	1.0292	10.0000	100.1432	39.8573	0.8430	0.8278	5.0000	19.5720	815.1479	94.8843	16.3197	24.5000	0.9300	0.9458	0.6649	-0.0007	815.0000	815.1951	1.0275	-2.9098	100.0128	39.9359	0.8230	0.8266	5.0000	-9999.0000	-9999.0000	-9999.0000	-9999.0000	-9999.0000	-9999.0000	19.7376	2	0	28.0888	1.0000	13	2	-9999.0000	18812	9457	-9999	1261	1345	-9999	532.6262	5	0.6548	0.6649	-0.0007	71.5404	3.2325	723.3369	474.4278	37.0833	671.5532	95.1157	722.0655	95.1620	731.5610	95.0463	738.3870	95.0231	
30/08/2017	01:17:57	011992	H421144170HLR	L421	S		692.4545	1.0292	10.0000	100.1841	39.9623	0.8430	0.8284	5.0000	18.8695	815.1025	94.8611	16.2894	24.5000	0.9300	0.9458	0.6653	-0.0007	815.0000	817.4104	1.0275	-3.0023	100.0527	39.9052	0.8230	0.8264	5.0000	-9999.0000	-9999.0000	-9999.0000	-9999.0000	-9999.0000	-9999.0000	20.3388	3	0	26.8293	1.0000	13	2	-9999.0000	18812	9458	-9999	1262	1345	-9999	532.6969	5	0.6546	0.6653	-0.0007	69.2447	3.4081	728.1474	467.0772	35.0694	675.5287	95.1620	726.6818	95.1389	735.6055	94.9537	743.7930	94.9537	
30/08/2017	01:18:25	011992	H421144300HLR	L421	S		694.0857	1.0292	10.0000	100.1898	39.9898	0.8430	0.8281	5.0000	18.8328	815.0901	94.9306	14.9096	24.4000	0.9300	0.9458	0.6650	-0.0007	815.0000	814.4313	1.0275	-2.8716	100.0537	39.9359	0.8230	0.8265	5.0000	-9999.0000	-9999.0000	-9999.0000	-9999.0000	-9999.0000	-9999.0000	20.1786	4	0	27.9492	1.0000	13	2	-9999.0000	18813	9459	-9999	1262	1346	-9999	533.3675	5	0.6545	0.6650	-0.0007	70.3238	3.3611	729.3952	476.8393	36.8750	674.8410	95.1157	728.0592	94.9537	738.2604	94.9537	745.5532	94.9769	
30/08/2017	01:18:52	011992	H421144197HLR	L421	S		692.4098	1.0292	10.0000	100.1657	39.8629	0.8430	0.8280	5.0000	18.8401	815.1395	94.8843	14.5093	24.4000	0.9300	0.9457	0.6652	-0.0007	815.0000	814.3848	1.0275	-2.8692	100.0384	39.9378	0.8230	0.8267	5.0000	-9999.0000	-9999.0000	-9999.0000	-9999.0000	-9999.0000	-9999.0000	19.5036	5	0	27.3856	1.0000	13	2	-9999.0000	18814	9460	-9999	1263	1347	-9999	533.6867	5	0.6543	0.6652	-0.0007	70.6613	3.3589	729.9831	463.0852	36.0648	677.0661	94.9074	728.7511	94.7685	739.0120	94.8611	746.9292	95.0463	
30/08/2017	01:19:21	011992	H421144193HLR	L421	S		696.9773	1.0292	10.0000	100.1826	39.9000	0.8430	0.8282	5.0000	18.8104	815.1632	94.8611	17.0892	24.4000	0.9300	0.9458	0.6647	-0.0007	815.0000	817.7645	1.0275	-3.0042	100.0460	39.9437	0.8230	0.8267	5.0000	-9999.0000	-9999.0000	-9999.0000	-9999.0000	-9999.0000	-9999.0000	19.3697	6	0	28.0019	1.0000	13	2	-9999.0000	18815	9461	-9999	1264	1347	-9999	532.1318	5	0.6541	0.6647	-0.0007	74.4822	3.0931	731.4503	467.7393	38.8657	681.8901	95.4861	730.4964	94.2361	736.3234	94.7917	744.4005	95.0926	
30/08/2017	01:19:49	011992	H421144324HLR	L421	S		690.0171	1.0292	10.0000	100.0916	39.9912	0.8430	0.8282	5.0000	18.7082	815.0865	94.9074	15.9086	24.4000	0.9300	0.9458	0.6674	-0.0009	815.0000	813.8195	1.0275	-2.8410	100.0897	39.9404	0.8230	0.8267	5.0000	-9999.0000	-9999.0000	-9999.0000	-9999.0000	-9999.0000	-9999.0000	19.7692	7	0	28.1301	1.0000	13	2	-9999.0000	18816	9462	-9999	1264	1348	-9999	532.3669	5	0.6537	0.6674	-0.0009	74.0025	3.1227	719.2236	473.5074	37.8241	671.3316	95.6713	718.0725	94.3981	726.7052	94.8148	735.2118	95.1620	
30/08/2017	01:20:15	011992	H421144318HLR	L421	S		690.0051	1.0292	10.0000	100.1881	39.9360	0.8430	0.8280	5.0000	18.7527	815.1242	94.8611	16.9993	24.4000	0.9300	0.9458	0.6681	-0.0010	815.0000	816.2307	1.0275	-2.9615	100.1408	39.9390	0.8230	0.8266	5.0000	-9999.0000	-9999.0000	-9999.0000	-9999.0000	-9999.0000	-9999.0000	19.7584	8	0	26.1983	1.0000	13	2	-9999.0000	18817	9463	-9999	1265	1349	-9999	531.5236	5	0.6538	0.6681	-0.0010	73.0080	3.1961	718.1770	462.5029	38.3565	667.8355	95.7639	716.6982	94.5370	725.5738	94.8843	732.9078	95.2315	
30/08/2017	01:20:41	011992	H421144320HLR	L421	S		689.2825	1.0292	10.0000	100.0905	39.7914	0.8430	0.8274	5.0000	22.0239	815.1614	94.8611	16.5190	24.3000	0.9300	0.9458	0.6721	-0.0012	815.0000	814.3137	1.0275	-2.8657	100.1015	39.9460	0.8230	0.8269	5.0000	-9999.0000	-9999.0000	-9999.0000	-9999.0000	-9999.0000	-9999.0000	19.3132	1	0	26.6191	1.0000	13	2	-9999.0000	18818	9464	-9999	1266	1350	-9999	531.9004	5	0.6540	0.6721	-0.0012	75.2282	3.0653	714.7748	470.1078	38.9352	664.9801	95.8102	713.6154	95.0694	722.3838	95.0694	728.4799	95.0231	
30/08/2017	01:21:08	011992	H421144312HLR	L421	S		689.2703	1.0292	10.0000	99.9739	39.9014	0.8430	0.8277	5.0000	21.2531	815.1219	94.8611	17.1693	24.4000	0.9300	0.9458	0.6832	-0.0019	815.0000	814.1991	1.0275	-2.8600	100.0554	39.9325	0.8230	0.8267	5.0000	-9999.0000	-9999.0000	-9999.0000	-9999.0000	-9999.0000	-9999.0000	19.7420	2	0	26.3898	1.0000	13	2	-9999.0000	18818	9465	-9999	1267	1350	-9999	530.1659	5	0.6534	0.6832	-0.0019	99.8834	1.4595	704.1668	459.2330	38.8889	653.5986	95.7870	702.5396	94.9306	712.8944	95.0000	721.4674	95.0926	
30/08/2017	01:21:34	011992	H421144308HLR	L421	S		690.6903	1.0292	10.0000	100.1711	40.0255	0.8430	0.8281	5.0000	18.7553	815.1392	94.8611	17.3295	24.3000	0.9300	0.9458	0.6815	-0.0018	815.0000	814.1144	1.0275	-2.8557	100.2018	39.9678	0.8230	0.8269	5.0000	-9999.0000	-9999.0000	-9999.0000	-9999.0000	-9999.0000	-9999.0000	19.4668	3	0	25.9591	1.0000	13	2	-9999.0000	18819	9466	-9999	1267	1351	-9999	530.2488	5	0.6535	0.6815	-0.0018	88.8648	2.2026	703.1411	457.7628	37.4306	657.4379	95.6713	701.5282	95.1852	709.7784	95.0694	717.0499	95.1620	
30/08/2017	01:22:01	011992	H421144339HLR	L421	S		695.6940	1.0292	10.0000	99.9709	39.8364	0.8430	0.8274	5.0000	20.9006	815.0807	94.9537	15.4096	24.4000	0.9300	0.9458	0.6804	-0.0017	815.0000	816.2831	1.0275	-2.9642	100.0192	39.9513	0.8230	0.8267	5.0000	-9999.0000	-9999.0000	-9999.0000	-9999.0000	-9999.0000	-9999.0000	19.2394	4	0	26.9881	1.0000	13	2	-9999.0000	18820	9467	-9999	1268	1352	-9999	532.9789	5	0.6531	0.6804	-0.0017	89.8582	2.1333	714.3930	457.9628	39.0278	662.6132	95.6944	713.1204	94.2361	721.2720	94.7685	729.7147	95.0926	
30/08/2017	01:22:26	011992	H421144336HLR	L421	S		691.7189	1.0292	10.0000	100.1901	39.8612	0.8430	0.8282	5.0000	18.9895	815.1754	94.9306	15.6294	24.5000	0.9300	0.9459	0.6790	-0.0016	815.0000	814.1770	1.0275	-2.8588	100.0560	39.8922	0.8230	0.8264	5.0000	-9999.0000	-9999.0000	-9999.0000	-9999.0000	-9999.0000	-9999.0000	20.0289	5	0	25.0297	1.0000	13	2	-9999.0000	18821	9468	-9999	1269	1353	-9999	532.8916	5	0.6530	0.6790	-0.0016	86.8606	2.3187	713.9572	471.2890	38.9583	662.4568	95.8333	712.2927	95.0463	723.6039	95.0463	730.4123	95.0231	
30/08/2017	01:22:54	011992	H421144331HLR	L421	S		693.3625	1.0292	10.0000	100.1156	40.0026	0.8430	0.8283	5.0000	18.9343	815.1573	94.9306	15.4799	24.5000	0.9300	0.9458	0.6807	-0.0017	815.0000	815.5793	1.0275	-2.9290	99.9918	39.9566	0.8230	0.8266	5.0000	-9999.0000	-9999.0000	-9999.0000	-9999.0000	-9999.0000	-9999.0000	19.8562	6	0	27.9489	1.0000	13	2	-9999.0000	18822	9469	-9999	1269	1354	-9999	533.1874	5	0.6527	0.6807	-0.0017	96.3536	1.7159	713.4819	457.1625	38.1250	663.9107	95.9259	712.1005	94.4213	720.8096	94.8380	730.1542	95.1157	
30/08/2017	01:23:20	011992	H421144348HLR	L421	S		693.6952	1.0292	10.0000	100.1660	39.9752	0.8430	0.8280	5.0000	18.7105	815.1003	94.9306	15.0698	24.3000	0.9300	0.9458	0.6793	-0.0016	815.0000	815.7384	1.0275	-2.9369	100.0609	39.9194	0.8230	0.8263	5.0000	-9999.0000	-9999.0000	-9999.0000	-9999.0000	-9999.0000	-9999.0000	20.6483	7	0	26.1095	1.0000	13	2	-9999.0000	18823	9470	-9999	1270	1355	-9999	533.7329	5	0.6527	0.6793	-0.0016	103.8688	1.2218	715.4279	477.3813	37.6852	667.9163	96.0880	714.2011	94.3750	724.2279	94.8380	733.1810	95.1157	
30/08/2017	01:23:45	011992	H421144328HLR	L421	S		690.1096	1.0292	10.0000	100.1604	39.8500	0.8430	0.8280	5.0000	18.7091	815.1248	94.9074	15.9496	24.4000	0.9300	0.9458	0.6778	-0.0015	815.0000	813.9691	1.0275	-2.8485	100.0680	39.8779	0.8230	0.8262	5.0000	-9999.0000	-9999.0000	-9999.0000	-9999.0000	-9999.0000	-9999.0000	21.1483	8	0	25.1788	1.0000	13	2	-9999.0000	18824	9471	-9999	1271	1356	-9999	532.4621	5	0.6527	0.6778	-0.0015	102.0848	1.3128	712.1816	466.2939	37.8241	660.6038	96.1343	710.7646	95.2546	720.7729	95.0926	728.0374	95.0231	
30/08/2017	01:24:40	011992	H421144111HLR	L421	S		694.5687	1.0292	10.0000	100.1443	40.0452	0.8430	0.8282	5.0000	18.9193	815.1012	94.9074	15.9291	24.6000	0.9300	0.9460	0.6782	-0.0016	815.0000	816.4858	1.0275	-2.9743	99.9963	39.9579	0.8230	0.8265	5.0000	-9999.0000	-9999.0000	-9999.0000	-9999.0000	-9999.0000	-9999.0000	20.0099	2	0	27.5532	1.0000	13	2	-9999.0000	18826	9472	-9999	1273	1357	-9999	532.5250	5	0.6528	0.6782	-0.0016	105.2348	1.1164	721.5571	421.4900	35.2778	660.0393	94.2130	720.7718	95.2546	729.4049	95.1852	737.8170	94.9769	
30/08/2017	01:25:06	011992	H421144107HLR	L421	S		699.4227	1.0292	10.0000	100.1426	39.9110	0.8430	0.8278	5.0000	19.1486	815.1337	94.8843	14.9790	24.4000	0.9300	0.9458	0.6779	-0.0016	815.0000	818.3944	1.0275	-3.0077	100.0784	39.7685	0.8230	0.8263	5.0000	-9999.0000	-9999.0000	-9999.0000	-9999.0000	-9999.0000	-9999.0000	20.3311	3	0	25.6625	1.0000	13	2	-9999.0000	18827	9473	-9999	1274	1358	-9999	533.7891	5	0.6527	0.6779	-0.0016	103.2058	1.2348	699.2722	452.8993	36.4120	619.6885	95.5556	696.9026	95.5556	716.3537	95.2083	726.9484	94.6528	
30/08/2017	01:25:35	011992	H421144103HLR	L421	S		701.9591	1.0292	10.0000	100.1823	39.8695	0.8430	0.8281	5.0000	19.1856	815.1814	94.9074	13.9302	24.3000	0.9300	0.9458	0.6768	-0.0015	815.0000	817.5234	1.0275	-3.0029	100.0747	40.0426	0.8230	0.8273	5.0000	-9999.0000	-9999.0000	-9999.0000	-9999.0000	-9999.0000	-9999.0000	19.7657	4	0	28.8808	1.0000	13	2	-9999.0000	18828	9474	-9999	1275	1359	-9999	535.2550	5	0.6531	0.6768	-0.0015	89.8301	2.1100	730.2165	413.0650	37.4306	670.6178	95.5787	728.8032	95.3472	738.4765	95.1389	745.6233	94.9306	
30/08/2017	01:26:01	011992	H421144344HLR	L421	S		690.8053	1.0292	10.0000	100.1680	39.9832	0.8430	0.8283	5.0000	18.8891	815.1798	94.8843	16.3891	24.4000	0.9300	0.9458	0.6768	-0.0015	815.0000	815.4836	1.0275	-2.9242	100.1047	39.9238	0.8230	0.8258	5.0000	-9999.0000	-9999.0000	-9999.0000	-9999.0000	-9999.0000	-9999.0000	22.2603	5	0	25.7393	1.0000	13	2	-9999.0000	18829	9475	-9999	1276	1359	-9999	532.1863	5	0.6531	0.6768	-0.0015	89.8301	2.1100	714.4580	451.9709	36.6204	663.4080	95.5787	713.0186	95.7176	722.7486	94.7454	728.4356	94.8611	
30/08/2017	01:26:27	011992	H421144859HLR	L421	S		689.6077	1.0292	10.0000	100.1347	39.9633	0.8430	0.8279	5.0000	19.4012	815.1458	94.9074	16.4594	24.3000	0.9300	0.9458	0.6753	-0.0014	815.0000	813.7682	1.0275	-2.8384	100.0268	39.8013	0.8230	0.8262	5.0000	-9999.0000	-9999.0000	-9999.0000	-9999.0000	-9999.0000	-9999.0000	20.1792	6	0	26.7826	1.0000	13	4	-9999.0000	18830	9476	-9999	1277	1359	-9999	531.8836	5	0.6529	0.6753	-0.0014	96.0327	1.6887	713.0170	464.0824	35.2083	660.9789	95.0463	711.8100	95.2546	718.1295	95.2315	726.7213	94.9306	
30/08/2017	01:26:54	011992	H421146481HLR	L421	S		692.4969	1.0292	10.0000	100.1489	39.8709	0.8430	0.8280	5.0000	19.3354	815.1599	94.8611	14.6587	24.4000	0.9300	0.9458	0.6691	-0.0010	815.0000	816.9282	1.0275	-2.9964	99.9984	39.9274	0.8230	0.8269	5.0000	-9999.0000	-9999.0000	-9999.0000	-9999.0000	-9999.0000	-9999.0000	20.3992	7	0	27.1654	1.0000	13	4	-9999.0000	18831	9477	-9999	1278	1360	-9999	533.6372	5	0.6530	0.6691	-0.0010	94.7482	1.7464	729.3098	463.1921	35.5324	675.1405	95.2778	727.5800	95.3472	736.9368	94.9769	744.7107	94.9769	
30/08/2017	01:27:25	011992	H421146484HLR	L421	S		693.9138	1.0292	10.0000	100.1381	39.9278	0.8430	0.8282	5.0000	18.8707	815.1284	94.9074	14.5395	24.4000	0.9300	0.9458	0.6693	-0.0010	815.0000	815.6703	1.0275	-2.9335	100.0340	40.0717	0.8230	0.8271	5.0000	-9999.0000	-9999.0000	-9999.0000	-9999.0000	-9999.0000	-9999.0000	19.2046	8	0	31.0185	1.0000	13	4	-9999.0000	18832	9478	-9999	1279	1361	-9999	533.4503	5	0.6531	0.6693	-0.0010	86.2825	2.2548	727.9082	469.5378	38.4491	676.2898	95.2546	726.5942	95.3704	736.4114	94.8380	742.1274	94.6991	
30/08/2017	01:27:52	011992	H421144115HLR	L421	S		697.1258	1.0292	10.0000	99.9932	39.9040	0.8430	0.8275	5.0000	20.9684	815.1860	94.8611	14.2690	24.5000	0.9300	0.9458	0.6674	-0.0009	815.0000	814.1662	1.0275	-2.8583	100.1094	39.8107	0.8230	0.8256	5.0000	-9999.0000	-9999.0000	-9999.0000	-9999.0000	-9999.0000	-9999.0000	22.5182	1	0	26.3293	1.0000	13	2	-9999.0000	18833	9479	-9999	1280	1362	-9999	533.6843	5	0.6533	0.6674	-0.0009	65.4835	3.6228	731.8555	452.5152	39.0972	679.7711	95.4398	730.3765	94.9537	740.9667	95.0463	749.5944	95.0694	
30/08/2017	01:28:18	011992	H421144863HLR	L421	S		693.2766	1.0292	10.0000	100.1193	39.9220	0.8430	0.8281	5.0000	18.6479	815.1079	94.8843	15.2192	24.4000	0.9300	0.9458	0.6616	-0.0005	815.0000	814.8240	1.0275	-2.8912	100.1036	39.8000	0.8230	0.8261	5.0000	-9999.0000	-9999.0000	-9999.0000	-9999.0000	-9999.0000	-9999.0000	22.5089	2	0	26.2893	1.0000	13	4	-9999.0000	18834	9480	-9999	1281	1363	-9999	532.8897	5	0.6535	0.6616	-0.0005	67.6506	3.4748	730.1775	413.5869	39.2130	678.0037	95.5556	728.8940	95.3935	739.1425	94.8611	743.7222	94.8380	
30/08/2017	01:28:46	011992	H421144862HLR	L421	S		689.0401	1.0292	10.0000	100.0269	39.8787	0.8430	0.8278	5.0000	20.9040	815.1131	94.8611	15.9691	24.4000	0.9300	0.9458	0.6598	-0.0004	815.0000	815.2743	1.0275	-2.9137	99.9737	40.0008	0.8230	0.8269	5.0000	-9999.0000	-9999.0000	-9999.0000	-9999.0000	-9999.0000	-9999.0000	19.8274	3	0	28.2586	1.0000	13	4	-9999.0000	18835	9481	-9999	1282	1364	-9999	532.6132	5	0.6535	0.6598	-0.0004	73.9578	3.0894	727.6805	485.1460	39.0972	673.8223	95.6019	726.0891	95.4861	734.2883	94.8611	740.3392	94.8611	
30/08/2017	01:29:15	011992	H421144867HLR	L421	S		682.5710	1.0292	10.0000	100.1137	39.9261	0.8430	0.8281	5.0000	18.9867	815.0671	94.9074	20.1800	24.4000	0.9300	0.9458	0.6637	-0.0007	815.0000	817.0436	1.0275	-3.0002	100.1523	39.9742	0.8230	0.8266	5.0000	-9999.0000	-9999.0000	-9999.0000	-9999.0000	-9999.0000	-9999.0000	19.3900	4	0	28.3096	1.0000	13	4	-9999.0000	18835	9482	-9999	1283	1365	-9999	530.8999	5	0.6537	0.6637	-0.0007	78.8893	2.7850	709.8702	475.1201	38.4259	667.3278	95.4167	708.4519	95.4167	719.5547	95.0694	723.5347	95.0463	
30/08/2017	01:29:40	011992	H421146482HLR	L421	S		689.2341	1.0292	10.0000	100.1500	39.9494	0.8430	0.8281	5.0000	18.8809	815.1459	94.8843	14.6391	24.4000	0.9300	0.9458	0.6637	-0.0007	815.0000	813.2881	1.0275	-2.8144	100.0713	39.8492	0.8230	0.8264	5.0000	-9999.0000	-9999.0000	-9999.0000	-9999.0000	-9999.0000	-9999.0000	19.7576	5	0	25.5876	1.0000	13	4	-9999.0000	18836	9483	-9999	1284	1366	-9999	533.2877	5	0.6537	0.6637	-0.0007	78.8893	2.7850	730.7124	476.8686	39.1204	682.2071	95.3704	729.5189	95.1620	738.8183	95.0463	746.6710	94.9769	
