Data	Timp	Nr. masina	Nr. de serie	Tip	Productie	Comentariu	Pre-masurare Q [ml/min]	Pre-masurare Gain	Pre-masurare Offset Master	Pre-masurare P [bar]	Pre-masurare T [°C]	Pre-masurare Densitate fixa [kg/l]	Pre-masurare densitate masurata [kg/l]	Pre-masurare Timp masurare [s]	Pre-masurare Cycle time [s]	rectificare Q Oprire [ml/min]	rectificare P Oprire [bar]	rectificare Timp rectificare [s]	rectificare T [°C]	rectificare Densitate fixa [kg/l]	rectificare densitate masurata [kg/l]	rectificare Factor de masurare la rectificare	rectificare Factor de corectie a debitului	rectificare Target rectificare	Masurare Q [ml/min]	Masurare Gain	Masurare Offset Master	Masurare P [bar]	Masurare T [°C]	Masurare Densitate fixa [kg/l]	Masurare densitate masurata [kg/l]	Masurare Timp masurare [s]	Masurare Q [ml/min]	Masurare Delta Q [ml/min]	Masurare P [bar]	Masurare BP [bar]	Masurare T [°C]	Masurare Timp masurare [s]	Masurare Cycle time [s]	Nest Nr.	Cod de descarcare	Cycle time [s]	Traceability aktiv	EDM Maschine Nr	EDM Spindle Nr	Honing Rate [r	Station Counter Premeasure	Station Counter Grind	Station Counter Blowout 1	Station Counter Wash	Station Counter Measure	Station Counter Blowout 2	RealGrindQStop	Reg Type	Factor 0	Factor 1	Factor 2	Factor 3	Factor 4	G_StartQV	G_StartQV_1	G_StartQV_2	G_StartQV_3	G_StartQV_4	G_StartQV_5	
18/08/2017	00:00:13	011992	G488065128HLR	L488	S		599.3300	1.0292	9.3186	100.1225	39.9283	0.8430	0.8271	5.0000	18.7298	713.0238	94.9537	17.6292	24.9000	0.9300	0.9237	0.6977	-0.0005	713.0000	714.2925	1.0275	-1.7857	99.9026	39.8627	0.8230	0.8248	5.0000	-9999.0000	-9999.0000	-9999.0000	-9999.0000	-9999.0000	-9999.0000	19.4380	4	0	28.6980	1.0000	11	4	-9999.0000	28991	39533	-9999	1667	4776	-9999	491.3576	5	0.6885	0.6977	-0.0005	86.1666	0.5507	665.3609	514.8185	38.9352	630.8363	93.7269	657.9567	94.7454	664.9176	94.7917	669.1481	95.0694	
18/08/2017	00:00:42	011992	G488063044HLR	L488	S		619.0986	1.0292	10.0000	100.0878	39.9220	0.8430	0.8271	5.0000	18.6288	713.0701	94.9537	18.0491	24.8000	0.9300	0.9237	0.6971	-0.0004	713.0000	712.9044	1.0275	-1.8101	99.9656	39.9541	0.8230	0.8247	5.0000	-9999.0000	-9999.0000	-9999.0000	-9999.0000	-9999.0000	-9999.0000	19.4288	5	0	29.2889	1.0000	11	4	-9999.0000	28992	39534	-9999	1668	4777	-9999	491.6441	5	0.6886	0.6971	-0.0004	64.4049	1.2952	665.8877	529.5897	39.3287	630.3394	95.0463	658.5488	95.6019	665.4074	95.6481	670.0846	95.1157	
18/08/2017	00:01:11	011992	G488062993HLR	L488	S		609.8458	1.0292	10.0000	100.1073	39.9052	0.8430	0.8270	5.0000	19.2125	713.0253	94.9306	17.4691	24.8000	0.9300	0.9237	0.6970	-0.0004	713.0000	717.1557	1.0275	-1.7354	99.9503	39.7729	0.8230	0.8245	5.0000	-9999.0000	-9999.0000	-9999.0000	-9999.0000	-9999.0000	-9999.0000	19.1106	6	0	29.6556	1.0000	11	4	-9999.0000	28993	39535	-9999	1669	4778	-9999	491.6214	5	0.6885	0.6970	-0.0004	65.4087	1.2653	667.2802	521.1218	37.8241	631.4227	93.6343	659.3533	94.6528	666.5435	94.7222	671.6696	95.0694	
18/08/2017	00:01:55	011992	G488063035HLR	L488	S		617.9455	1.0292	10.0000	100.1152	39.9321	0.8430	0.8273	5.0000	18.6195	713.0870	95.0000	21.4689	24.7000	0.9300	0.9237	0.6965	-0.0004	713.0000	713.9912	1.0275	-1.7910	99.9670	39.9427	0.8230	0.8252	5.0000	-9999.0000	-9999.0000	-9999.0000	-9999.0000	-9999.0000	-9999.0000	19.1972	7	0	43.8417	1.0000	11	4	-9999.0000	28994	39536	-9999	1670	4779	-9999	490.5758	5	0.6885	0.6965	-0.0004	91.9138	0.2804	659.4538	510.8883	38.2407	627.1307	94.6528	653.5085	95.3241	659.2873	95.4167	662.7949	95.0926	
18/08/2017	00:02:26	011992	G488063018HLR	L488	S		621.8376	1.0292	10.0000	100.0631	39.9299	0.8430	0.8270	5.0000	18.8293	713.0219	94.9537	17.7689	24.6000	0.9300	0.9237	0.6981	-0.0005	713.0000	714.3191	1.0275	-1.7853	100.0838	39.8317	0.8230	0.8240	5.0000	-9999.0000	-9999.0000	-9999.0000	-9999.0000	-9999.0000	-9999.0000	21.4537	8	0	31.1194	1.0000	11	4	-9999.0000	28995	39537	-9999	1671	4780	-9999	491.3733	5	0.6888	0.6981	-0.0005	78.9795	1.0210	667.5960	527.4665	38.7037	632.5513	94.6991	662.2439	95.3704	667.0981	95.3704	672.2397	95.2315	
18/08/2017	00:02:53	011992	G488062992HLR	L488	S		621.1842	1.0292	10.0000	100.1171	39.9158	0.8430	0.8271	5.0000	18.8704	713.0914	94.9769	18.5090	24.6000	0.9300	0.9237	0.6971	-0.0005	713.0000	714.4684	1.0275	-1.7826	99.8597	39.8613	0.8230	0.8248	5.0000	-9999.0000	-9999.0000	-9999.0000	-9999.0000	-9999.0000	-9999.0000	19.4969	1	0	26.8887	1.0000	11	4	-9999.0000	28996	39538	-9999	1672	4781	-9999	491.2135	5	0.6885	0.6971	-0.0005	83.0683	0.7520	661.4687	504.0973	37.4537	630.6716	93.3102	655.2795	94.2361	660.9897	94.3287	666.4248	94.9074	
18/08/2017	00:03:19	011992	G488063045HLR	L488	S		613.3982	1.0292	10.0000	100.0491	39.8802	0.8430	0.8271	5.0000	18.6488	713.0221	94.9306	18.8694	24.5000	0.9300	0.9237	0.6962	-0.0004	713.0000	720.9305	1.0275	-1.6691	99.9525	39.8301	0.8230	0.8246	5.0000	-9999.0000	-9999.0000	-9999.0000	-9999.0000	-9999.0000	-9999.0000	20.0629	2	2	26.2384	1.0000	11	4	-9999.0000	28997	39539	-9999	1673	4782	-9999	490.8078	5	0.6880	0.6962	-0.0004	91.2479	0.3474	666.4383	542.2097	39.9074	634.3394	93.7500	660.7058	94.5602	665.9378	94.5833	670.8864	94.9537	
18/08/2017	00:03:44	011992	G488063015HLR	L488	S		621.2572	1.0292	10.0000	100.1034	39.9300	0.8430	0.8271	5.0000	18.9592	713.0312	94.9769	21.7092	24.5000	0.9300	0.9238	0.7000	-0.0007	713.0000	714.4142	1.0275	-1.7836	99.9738	39.8402	0.8230	0.8245	5.0000	-9999.0000	-9999.0000	-9999.0000	-9999.0000	-9999.0000	-9999.0000	20.7181	3	0	24.9298	1.0000	11	4	-9999.0000	28998	39540	-9999	1674	4783	-9999	489.8636	5	0.6882	0.7000	-0.0007	56.5490	2.2670	660.2672	512.7528	38.0093	628.1213	94.7685	653.6020	95.3704	659.7337	95.3935	664.2269	95.1852	
18/08/2017	00:04:14	011992	G488063014HLR	L488	S		611.4098	1.0292	10.0000	100.1060	39.9054	0.8430	0.8270	5.0000	19.0906	713.0262	94.9769	20.3293	24.4000	0.9300	0.9239	0.7001	-0.0007	713.0000	713.2696	1.0275	-1.8037	99.9670	39.8828	0.8230	0.8248	5.0000	-9999.0000	-9999.0000	-9999.0000	-9999.0000	-9999.0000	-9999.0000	19.1794	4	0	29.4188	1.0000	11	4	-9999.0000	28999	39541	-9999	1675	4784	-9999	489.7084	5	0.6879	0.7001	-0.0007	44.1048	2.7259	655.5374	502.7106	39.1435	620.5901	94.3519	649.1175	95.1852	654.8578	95.1852	660.3288	95.1389	
18/08/2017	00:05:15	011992	G488064936HLR	L488	S		615.0980	1.0292	10.0000	100.0934	39.8201	0.8430	0.8272	5.0000	18.6931	713.0642	95.0231	15.3598	24.5000	0.9300	0.9241	0.7010	-0.0008	713.0000	715.7495	1.0275	-1.7601	99.9603	39.6950	0.8230	0.8240	5.0000	-9999.0000	-9999.0000	-9999.0000	-9999.0000	-9999.0000	-9999.0000	19.5287	6	0	33.5689	1.0000	10	3	-9999.0000	29001	39542	-9999	1677	4785	-9999	491.7040	5	0.6872	0.7010	-0.0008	61.0371	2.0246	668.7945	524.0455	37.1065	633.9105	94.3750	660.9032	94.8148	667.8077	94.8843	673.6086	95.0463	
18/08/2017	00:05:40	011992	G488064935HLR	L488	S		621.2813	1.0292	10.0000	100.0556	39.9280	0.8430	0.8272	5.0000	18.9977	713.1063	95.1852	13.8491	24.4000	0.9300	0.9239	0.6948	-0.0004	713.0000	716.9918	1.0275	-1.7383	99.8950	39.7826	0.8230	0.8251	5.0000	-9999.0000	-9999.0000	-9999.0000	-9999.0000	-9999.0000	-9999.0000	19.9263	7	0	24.8184	1.0000	10	3	-9999.0000	29002	39543	-9999	1678	4786	-9999	491.5837	5	0.6866	0.6948	-0.0004	120.8773	-1.1568	677.6953	538.7487	38.1713	642.0329	94.9074	670.7585	95.0694	676.9247	95.0694	681.0566	95.1852	
18/08/2017	00:06:05	011992	G488064944HLR	L488	S		614.2563	1.0292	10.0000	100.0220	39.9459	0.8430	0.8270	5.0000	18.8185	713.0574	94.9769	18.6595	24.4000	0.9300	0.9240	0.6941	-0.0004	713.0000	716.3635	1.0275	-1.7493	99.9337	40.1236	0.8230	0.8251	5.0000	-9999.0000	-9999.0000	-9999.0000	-9999.0000	-9999.0000	-9999.0000	19.3512	8	0	24.9394	1.0000	10	3	-9999.0000	29002	39544	-9999	1679	4787	-9999	490.0671	5	0.6865	0.6941	-0.0004	131.6567	-1.6341	666.7045	531.6602	39.5370	633.6868	94.5370	660.8338	95.0926	666.2087	95.0926	671.9456	95.1620	
18/08/2017	00:06:36	011992	G488064937HLR	L488	S		612.2070	1.0292	10.0000	100.0805	39.8475	0.8430	0.8269	5.0000	18.8196	713.0129	95.0000	16.8392	24.5000	0.9300	0.9240	0.6941	-0.0004	713.0000	717.1968	1.0275	-1.7347	99.9516	39.7563	0.8230	0.8238	5.0000	-9999.0000	-9999.0000	-9999.0000	-9999.0000	-9999.0000	-9999.0000	20.2489	1	0	31.3083	1.0000	10	3	-9999.0000	29003	39545	-9999	1680	4788	-9999	490.4829	5	0.6865	0.6941	-0.0004	131.6567	-1.6341	670.7513	524.0610	37.8935	635.9743	93.4954	663.5819	94.5139	670.2388	94.6528	674.6826	94.9769	
18/08/2017	00:07:03	011992	G488064946HLR	L488	S		612.0316	1.0292	10.0000	100.1247	39.9090	0.8430	0.8272	5.0000	18.8889	713.1108	94.9537	22.5890	24.5000	0.9300	0.9240	0.6867	0.0000	713.0000	715.6978	1.0275	-1.7610	100.0123	39.7960	0.8230	0.8249	5.0000	-9999.0000	-9999.0000	-9999.0000	-9999.0000	-9999.0000	-9999.0000	19.1915	2	0	27.1398	1.0000	10	3	-9999.0000	29004	39546	-9999	1681	4789	-9999	489.6531	5	0.6865	0.6867	0.0000	101.0500	-0.2141	660.0150	523.1570	37.3843	628.8260	93.3333	652.6088	94.0278	659.5795	94.0741	663.5546	94.7685	
18/08/2017	00:07:32	011992	G488064922HLR	L488	S		619.6557	1.0292	10.0000	100.1362	39.9343	0.8430	0.8271	5.0000	18.6692	713.0289	95.0231	12.9995	24.6000	0.9300	0.9241	0.6867	0.0000	713.0000	712.8036	1.0275	-1.8119	99.9206	40.0639	0.8230	0.8249	5.0000	-9999.0000	-9999.0000	-9999.0000	-9999.0000	-9999.0000	-9999.0000	20.1679	3	0	29.1589	1.0000	10	3	-9999.0000	29005	39547	-9999	1682	4790	-9999	489.6923	5	0.6865	0.6867	0.0000	101.0500	-0.2141	683.3421	531.1719	37.8472	649.3556	94.0741	676.2395	95.1852	682.6822	95.3241	686.5955	95.0926	
18/08/2017	00:07:57	011992	G488064933HLR	L488	S		621.6689	1.0292	10.0000	100.0049	39.8932	0.8430	0.8272	5.0000	18.4788	713.0442	94.9537	13.2993	24.6000	0.9300	0.9241	0.6860	0.0000	713.0000	707.1359	1.0275	-1.9115	100.0809	39.8235	0.8230	0.8243	5.0000	-9999.0000	-9999.0000	-9999.0000	-9999.0000	-9999.0000	-9999.0000	19.3687	4	0	24.9991	1.0000	10	3	-9999.0000	29006	39548	-9999	1683	4791	-9999	489.2906	5	0.6859	0.6860	0.0000	103.2581	-0.2461	681.8580	541.1480	38.9815	649.8080	95.1389	675.8117	95.4630	681.2673	95.6481	685.7378	95.2083	
18/08/2017	00:08:23	011992	G488063050HLR	L488	S		622.6544	1.0292	10.0000	100.1157	39.8465	0.8430	0.8271	5.0000	18.7892	713.0387	95.0000	20.6193	24.6000	0.9300	0.9241	0.6879	-0.0001	713.0000	714.6930	1.0275	-1.7787	100.0700	39.8461	0.8230	0.8248	5.0000	-9999.0000	-9999.0000	-9999.0000	-9999.0000	-9999.0000	-9999.0000	20.1189	5	0	26.0285	1.0000	11	4	-9999.0000	29006	39549	-9999	1684	4791	-9999	489.2210	5	0.6854	0.6879	-0.0001	94.9877	0.2402	673.1771	546.3470	37.6157	642.3984	94.6991	667.1076	95.4398	672.4692	95.5093	675.3483	95.2083	
18/08/2017	00:08:50	011992	G488061423HLR	L488	S		625.1645	1.0292	10.0000	100.0888	39.9291	0.8430	0.8270	5.0000	19.5283	713.0602	95.0000	16.3295	24.7000	0.9300	0.9240	0.6879	-0.0001	713.0000	707.7239	1.0275	-1.9012	99.9700	39.9549	0.8230	0.8246	5.0000	-9999.0000	-9999.0000	-9999.0000	-9999.0000	-9999.0000	-9999.0000	20.5582	6	0	26.5486	1.0000	10	3	-9999.0000	29007	39550	-9999	1685	4792	-9999	489.0608	5	0.6854	0.6879	-0.0001	94.9877	0.2402	674.1271	533.4888	38.5880	641.2575	94.7917	667.8800	95.4398	673.8888	95.4630	677.3587	95.2546	
18/08/2017	00:09:15	011992	G488064876HLR	L488	S		611.4613	1.0292	10.0000	100.1454	39.9886	0.8430	0.8271	5.0000	18.7600	713.0408	94.9537	18.3802	24.8000	0.9300	0.9241	0.6907	-0.0003	713.0000	714.4659	1.0275	-1.7827	100.1053	39.9198	0.8230	0.8246	5.0000	-9999.0000	-9999.0000	-9999.0000	-9999.0000	-9999.0000	-9999.0000	19.2998	7	0	24.9199	1.0000	10	3	-9999.0000	29008	39551	-9999	1686	4793	-9999	488.7458	5	0.6857	0.6907	-0.0003	81.0701	1.0704	669.3662	541.8332	38.1944	640.0268	93.6111	663.6102	94.4907	669.0311	94.5833	674.5335	94.9769	
18/08/2017	00:09:40	011992	G488064955HLR	L488	S		624.2127	1.0292	10.0000	100.1303	39.8380	0.8430	0.8269	5.0000	18.8489	713.0265	94.9769	11.6001	24.8000	0.9300	0.9239	0.6907	-0.0003	713.0000	712.3084	1.0275	-1.8206	100.0735	39.8461	0.8230	0.8244	5.0000	-9999.0000	-9999.0000	-9999.0000	-9999.0000	-9999.0000	-9999.0000	19.9479	8	0	24.9884	1.0000	10	3	-9999.0000	29009	39551	-9999	1687	4794	-9999	490.0932	5	0.6857	0.6907	-0.0003	81.0701	1.0704	684.2546	493.4395	38.2176	647.9527	93.6343	676.3752	94.6065	683.5505	94.6991	688.2880	95.0231	
18/08/2017	00:10:05	011992	G488064942HLR	L488	S		619.1362	1.0292	10.0000	100.1237	39.9238	0.8430	0.8273	5.0000	18.8800	713.0308	95.0694	15.2201	24.8000	0.9300	0.9240	0.6888	-0.0002	713.0000	709.7408	1.0275	-1.8657	100.0388	39.9427	0.8230	0.8249	5.0000	-9999.0000	-9999.0000	-9999.0000	-9999.0000	-9999.0000	-9999.0000	19.4784	1	0	24.8389	1.0000	10	3	-9999.0000	29010	39552	-9999	1688	4795	-9999	489.1668	5	0.6860	0.6888	-0.0002	86.5177	0.6349	673.2497	524.7358	37.9861	640.1562	93.0787	666.0075	93.8426	672.4971	93.9120	678.1433	94.8148	
18/08/2017	00:10:30	011992	G488064934HLR	L488	S		618.1545	1.0292	10.0000	100.1605	40.0050	0.8430	0.8271	5.0000	18.9193	713.0367	95.0000	15.6898	24.8000	0.9300	0.9239	0.6934	-0.0004	713.0000	713.2495	1.0275	-1.8041	99.9068	39.9574	0.8230	0.8245	5.0000	-9999.0000	-9999.0000	-9999.0000	-9999.0000	-9999.0000	-9999.0000	19.9449	2	0	24.8993	1.0000	10	3	-9999.0000	29011	39553	-9999	1689	4796	-9999	489.8648	5	0.6865	0.6934	-0.0004	79.6055	1.0419	674.9936	530.3336	38.5880	642.7327	95.0926	667.8971	95.6250	674.6498	95.6481	678.4662	95.2315	
18/08/2017	00:10:55	011992	G488064884HLR	L488	S		635.6187	1.0292	10.0000	100.1540	39.9473	0.8430	0.8269	5.0000	18.6301	713.0623	94.9769	11.9693	24.8000	0.9300	0.9238	0.6921	-0.0004	713.0000	709.0482	1.0275	-1.8779	99.9655	39.8834	0.8230	0.8245	5.0000	-9999.0000	-9999.0000	-9999.0000	-9999.0000	-9999.0000	-9999.0000	19.3290	3	0	25.6494	1.0000	10	3	-9999.0000	29012	39554	-9999	1690	4797	-9999	490.2750	5	0.6862	0.6921	-0.0004	79.2557	1.0716	683.9998	542.6378	39.6296	652.1033	95.3009	677.7070	95.2315	683.4545	95.3009	687.7184	95.2546	
18/08/2017	00:11:21	011992	G488064875HLR	L488	S		634.1356	1.0292	10.0000	100.1449	39.8786	0.8430	0.8270	5.0000	18.9092	713.0196	95.0463	12.2993	24.8000	0.9300	0.9239	0.6922	-0.0004	713.0000	708.8956	1.0275	-1.8806	100.0722	39.9152	0.8230	0.8247	5.0000	-9999.0000	-9999.0000	-9999.0000	-9999.0000	-9999.0000	-9999.0000	19.5510	4	0	25.7892	1.0000	10	3	-9999.0000	29013	39555	-9999	1691	4797	-9999	490.0948	5	0.6864	0.6922	-0.0004	74.3063	1.3131	682.8115	504.2529	37.7778	648.4772	94.4444	677.2637	95.3241	681.9867	95.1852	687.6515	95.2083	
18/08/2017	00:11:48	011992	G488064873HLR	L488	S		636.7657	1.0292	10.0000	100.1208	39.9543	0.8430	0.8271	5.0000	18.9387	713.0756	94.9769	10.9498	24.7000	0.9300	0.9238	0.6955	-0.0005	713.0000	708.6855	1.0275	-1.8843	100.0746	39.9401	0.8230	0.8245	5.0000	-9999.0000	-9999.0000	-9999.0000	-9999.0000	-9999.0000	-9999.0000	20.1075	5	0	27.0284	1.0000	10	3	-9999.0000	29014	39556	-9999	1692	4798	-9999	491.7980	5	0.6867	0.6955	-0.0005	71.8022	1.3846	684.1992	521.5501	37.7315	650.3447	94.2593	677.2464	95.0926	683.8308	95.1389	689.6803	95.2083	
18/08/2017	00:12:13	011992	G488064880HLR	L488	S		630.3856	1.0292	10.0000	100.1162	39.9922	0.8430	0.8270	5.0000	18.9993	713.0290	95.0000	12.9995	24.7000	0.9300	0.9239	0.6952	-0.0005	713.0000	709.4380	1.0275	-1.8710	100.0257	39.8766	0.8230	0.8244	5.0000	-9999.0000	-9999.0000	-9999.0000	-9999.0000	-9999.0000	-9999.0000	19.9477	6	0	24.8997	1.0000	10	3	-9999.0000	29015	39557	-9999	1693	4799	-9999	491.0123	5	0.6870	0.6952	-0.0005	73.3427	1.2707	680.8518	495.0694	38.8657	646.7077	94.1898	672.8424	95.0231	680.0429	95.1620	684.3708	95.1620	
18/08/2017	00:12:38	011992	G488064897HLR	L488	S		629.7238	1.0292	10.0000	100.0940	39.9359	0.8430	0.8268	5.0000	19.4095	713.0526	95.0000	14.9486	24.6000	0.9300	0.9239	0.6969	-0.0006	713.0000	711.7233	1.0275	-1.8309	100.0361	39.8727	0.8230	0.8244	5.0000	-9999.0000	-9999.0000	-9999.0000	-9999.0000	-9999.0000	-9999.0000	20.6485	7	0	24.9289	1.0000	10	3	-9999.0000	29016	39558	-9999	1694	4800	-9999	490.8733	5	0.6877	0.6969	-0.0006	66.7622	1.5488	673.8999	532.2872	37.7778	640.7298	94.3056	667.3117	95.3009	673.2369	95.2778	678.1569	95.2778	
18/08/2017	00:13:03	011992	G488063555HLR	L488	S		634.0735	1.0292	10.0000	100.1541	39.9122	0.8430	0.8270	5.0000	18.8119	713.0493	95.0231	14.9897	24.6000	0.9300	0.9238	0.6984	-0.0007	713.0000	713.3107	1.0275	-1.8030	99.9164	39.9315	0.8230	0.8247	5.0000	-9999.0000	-9999.0000	-9999.0000	-9999.0000	-9999.0000	-9999.0000	19.4395	8	0	24.8687	1.0000	10	3	-9999.0000	29017	39559	-9999	1695	4801	-9999	490.8519	5	0.6884	0.6984	-0.0007	62.0057	1.7613	675.0807	524.0536	38.8657	646.0005	93.3333	668.5763	94.3519	674.4752	94.4213	678.2206	94.9074	
18/08/2017	00:13:30	011992	G488063545HLR	L488	S		631.9559	1.0292	10.0000	100.1422	39.9725	0.8430	0.8270	5.0000	19.1574	713.0693	95.0463	16.2787	24.6000	0.9300	0.9238	0.7021	-0.0009	713.0000	712.9950	1.0275	-1.8085	99.9703	39.9465	0.8230	0.8247	5.0000	-9999.0000	-9999.0000	-9999.0000	-9999.0000	-9999.0000	-9999.0000	19.2688	1	0	27.0292	1.0000	10	3	-9999.0000	29018	39560	-9999	1696	4802	-9999	490.5195	5	0.6891	0.7021	-0.0009	51.0232	2.3800	667.0211	519.8310	37.5694	638.7887	93.3102	660.4527	93.9815	666.3908	94.0972	670.3367	94.7685	
18/08/2017	00:14:03	011992	G488064912HLR	L488	S		634.8427	1.0292	10.0000	100.1309	39.9699	0.8430	0.8269	5.0000	19.0683	713.0741	95.0463	13.8295	24.5000	0.9300	0.9238	0.7023	-0.0009	713.0000	712.9625	1.0275	-1.8091	99.9763	39.8956	0.8230	0.8246	5.0000	-9999.0000	-9999.0000	-9999.0000	-9999.0000	-9999.0000	-9999.0000	19.3888	2	0	32.9089	1.0000	10	3	-9999.0000	29019	39561	-9999	1696	4803	-9999	492.0937	5	0.6891	0.7023	-0.0009	48.8346	2.4845	673.8558	513.0480	36.7130	639.5894	93.5880	665.2290	94.7222	673.1662	94.7917	677.5313	95.0463	
18/08/2017	00:14:34	011992	G488064906HLR	L488	S		635.1027	1.0292	10.0000	100.0614	39.8703	0.8430	0.8265	5.0000	20.7790	713.1155	95.0000	13.3891	24.5000	0.9300	0.9238	0.7058	-0.0011	713.0000	712.2157	1.0275	-1.8222	100.0052	39.9351	0.8230	0.8248	5.0000	-9999.0000	-9999.0000	-9999.0000	-9999.0000	-9999.0000	-9999.0000	19.1494	3	0	30.9588	1.0000	10	3	-9999.0000	29020	39562	-9999	1697	4804	-9999	492.6041	5	0.6897	0.7058	-0.0011	31.8924	3.6918	671.0545	498.2718	37.5463	637.1532	93.4491	663.9330	94.1667	670.4025	94.2593	675.7609	94.8611	
18/08/2017	00:15:24	011992	G488063588HLR	L488	S		628.6267	1.0292	10.0000	100.1335	40.0000	0.8430	0.8270	5.0000	19.3390	713.0547	95.1389	16.2699	24.5000	0.9300	0.9241	0.7057	-0.0011	713.0000	711.0371	1.0275	-1.8429	100.0229	39.6902	0.8230	0.8241	5.0000	-9999.0000	-9999.0000	-9999.0000	-9999.0000	-9999.0000	-9999.0000	19.2586	5	0	25.3489	1.0000	10	3	-9999.0000	29022	39563	-9999	1698	4805	-9999	490.2236	5	0.6898	0.7057	-0.0011	43.0278	2.6630	663.1599	501.1679	38.1713	629.8434	93.1019	655.9619	94.2361	662.4006	94.5370	668.3581	95.0231	
18/08/2017	00:15:58	011992	G488063584HLR	L488	S		621.9335	1.0292	10.0000	100.1286	39.9653	0.8430	0.8269	5.0000	19.1486	713.0409	95.0000	22.0587	24.4000	0.9300	0.9239	0.7065	-0.0012	713.0000	709.8384	1.0275	-1.8640	99.9804	39.8000	0.8230	0.8252	5.0000	-9999.0000	-9999.0000	-9999.0000	-9999.0000	-9999.0000	-9999.0000	20.0566	6	0	33.8783	1.0000	10	3	-9999.0000	29023	39564	-9999	1699	4806	-9999	485.6180	5	0.6902	0.7065	-0.0012	52.1922	1.8540	650.2755	532.7375	40.0231	624.4550	93.8194	643.4954	94.3981	649.3569	94.4676	653.4081	94.9074	
18/08/2017	00:16:25	011992	G488063558HLR	L488	S		624.5468	1.0292	10.0000	100.1486	39.8762	0.8430	0.8268	5.0000	19.2698	713.0581	94.9537	20.2395	24.4000	0.9300	0.9239	0.7065	-0.0012	713.0000	710.3845	1.0275	-1.8544	99.9313	40.1653	0.8230	0.8257	5.0000	-9999.0000	-9999.0000	-9999.0000	-9999.0000	-9999.0000	-9999.0000	19.2517	7	0	27.5996	1.0000	10	3	-9999.0000	29024	39565	-9999	1699	4807	-9999	486.8467	5	0.6902	0.7065	-0.0012	52.1922	1.8540	654.7638	528.5424	39.8843	624.5380	94.2361	646.2462	95.0694	653.9853	95.2315	658.0114	95.1157	
18/08/2017	00:16:51	011992	G488063575HLR	L488	S		632.9579	1.0292	10.0000	100.0179	39.9253	0.8430	0.8267	5.0000	20.4689	713.0813	95.0231	13.5903	24.3000	0.9300	0.9239	0.7065	-0.0012	713.0000	712.0005	1.0275	-1.8260	99.9056	39.8657	0.8230	0.8242	5.0000	-9999.0000	-9999.0000	-9999.0000	-9999.0000	-9999.0000	-9999.0000	19.0605	8	0	25.5594	1.0000	10	3	-9999.0000	29025	39566	-9999	1700	4808	-9999	492.4436	5	0.6902	0.7065	-0.0012	52.1922	1.8540	669.4776	485.6948	36.4815	636.4534	93.9352	661.7693	94.7917	668.6252	94.8611	673.6993	95.0926	
18/08/2017	00:17:19	011992	G488063565HLR	L488	S		632.7335	1.0292	10.0000	100.1649	39.9319	0.8430	0.8271	5.0000	18.8391	713.0354	95.0231	14.5493	24.3000	0.9300	0.9239	0.7034	-0.0009	713.0000	712.3128	1.0275	-1.8205	99.9102	39.6796	0.8230	0.8246	5.0000	-9999.0000	-9999.0000	-9999.0000	-9999.0000	-9999.0000	-9999.0000	19.2185	1	0	28.0685	1.0000	10	3	-9999.0000	29026	39567	-9999	1701	4809	-9999	491.9478	5	0.6905	0.7034	-0.0009	51.7537	1.8761	669.9818	499.4547	38.4028	637.4837	93.6574	662.9792	94.6065	669.3500	94.7222	674.1803	95.0463	
18/08/2017	00:17:48	011992	G488063496HLR	L488	S		618.2514	1.0292	10.0000	100.1075	39.9108	0.8430	0.8270	5.0000	18.8726	713.0445	94.9306	23.0294	24.3000	0.9300	0.9239	0.7029	-0.0009	713.0000	711.4432	1.0275	-1.8358	99.9665	40.0714	0.8230	0.8256	5.0000	-9999.0000	-9999.0000	-9999.0000	-9999.0000	-9999.0000	-9999.0000	19.5596	2	0	28.6286	1.0000	10	3	-9999.0000	29027	39568	-9999	1702	4810	-9999	486.9732	5	0.6892	0.7029	-0.0009	62.9653	1.1360	651.6471	499.1180	37.0139	619.5439	94.4213	645.1820	95.5787	651.3418	95.5093	655.0517	95.3009	
18/08/2017	00:18:20	011992	G488063551HLR	L488	S		626.9951	1.0292	10.0000	100.1351	39.9515	0.8430	0.8271	5.0000	18.8017	713.0558	94.9537	16.8695	24.4000	0.9300	0.9241	0.7027	-0.0009	713.0000	712.1424	1.0275	-1.8235	99.9386	39.9840	0.8230	0.8242	5.0000	-9999.0000	-9999.0000	-9999.0000	-9999.0000	-9999.0000	-9999.0000	19.8595	3	0	32.6483	1.0000	10	3	-9999.0000	29028	39569	-9999	1703	4811	-9999	490.7956	5	0.6891	0.7027	-0.0009	63.7696	1.0952	664.5208	519.1946	38.3565	633.4851	95.5324	657.7788	95.8333	663.8534	95.8565	668.3880	95.1620	
18/08/2017	00:18:45	011992	G488064904HLR	L488	S		634.7999	1.0292	10.0000	100.1492	39.9697	0.8430	0.8270	5.0000	18.9400	713.0405	95.0231	14.7699	24.4000	0.9300	0.9240	0.7027	-0.0009	713.0000	715.8055	1.0275	-1.7591	99.9881	39.7521	0.8230	0.8244	5.0000	-9999.0000	-9999.0000	-9999.0000	-9999.0000	-9999.0000	-9999.0000	19.1779	4	0	24.8898	1.0000	10	3	-9999.0000	29029	39570	-9999	1704	4812	-9999	492.0886	5	0.6891	0.7027	-0.0009	63.7696	1.0952	672.9949	536.9931	41.3657	643.1400	95.5093	666.9694	95.1157	672.2449	95.1852	676.4142	95.2083	
18/08/2017	00:19:11	011992	G488063561HLR	L488	S		628.5899	1.0292	10.0000	100.0274	39.8114	0.8430	0.8265	5.0000	20.7688	713.0891	94.9537	17.4193	24.4000	0.9300	0.9241	0.7013	-0.0008	713.0000	712.9488	1.0275	-1.8093	99.9564	40.0541	0.8230	0.8253	5.0000	-9999.0000	-9999.0000	-9999.0000	-9999.0000	-9999.0000	-9999.0000	19.1984	5	0	26.2586	1.0000	10	3	-9999.0000	29030	39571	-9999	1705	4813	-9999	490.4781	5	0.6884	0.7013	-0.0008	62.2870	1.1664	664.5579	510.3277	38.7731	634.2088	94.8148	657.8043	95.5093	664.0658	95.5324	668.3564	95.1157	
18/08/2017	00:19:40	011992	G488063591HLR	L488	S		626.8708	1.0292	10.0000	100.1317	39.9006	0.8430	0.8273	5.0000	18.7872	713.0750	94.9306	17.7094	24.5000	0.9300	0.9241	0.7019	-0.0008	713.0000	712.7495	1.0275	-1.8128	100.0214	39.8944	0.8230	0.8244	5.0000	-9999.0000	-9999.0000	-9999.0000	-9999.0000	-9999.0000	-9999.0000	19.5583	6	0	28.3609	1.0000	10	3	-9999.0000	29030	39572	-9999	1706	4814	-9999	490.4416	5	0.6885	0.7019	-0.0008	60.0241	1.3412	663.3486	509.3699	39.9306	631.6154	93.6806	656.8155	94.4213	662.4939	94.5370	667.7518	94.9537	
18/08/2017	00:20:07	011992	G488063572HLR	L488	S		623.8753	1.0292	10.0000	100.1689	40.0677	0.8430	0.8272	5.0000	18.7593	713.0523	94.9769	21.7492	24.6000	0.9300	0.9242	0.7020	-0.0008	713.0000	712.8385	1.0275	-1.8113	99.9923	39.8000	0.8230	0.8243	5.0000	-9999.0000	-9999.0000	-9999.0000	-9999.0000	-9999.0000	-9999.0000	20.3387	7	0	27.1774	1.0000	10	3	-9999.0000	29031	39573	-9999	1707	4815	-9999	488.3007	5	0.6885	0.7020	-0.0008	60.3282	1.3396	656.5530	508.9423	36.3889	621.0718	93.5185	650.6543	94.8611	656.0997	94.9769	661.0805	95.1389	
18/08/2017	00:20:33	011992	G488063507HLR	L488	S		644.7848	1.0292	10.0000	100.1741	39.9076	0.8430	0.8268	5.0000	18.8907	713.0410	95.0231	9.1901	24.6000	0.9300	0.9239	0.7020	-0.0008	713.0000	718.3105	1.0275	-1.7151	99.9579	40.0403	0.8230	0.8252	5.0000	-9999.0000	-9999.0000	-9999.0000	-9999.0000	-9999.0000	-9999.0000	19.2394	8	0	26.6089	1.0000	10	3	-9999.0000	29032	39574	-9999	1707	4816	-9999	495.4331	5	0.6885	0.7020	-0.0008	60.3282	1.3396	691.3867	473.8999	35.8565	654.2945	93.9583	684.1393	95.3009	690.7183	95.3009	694.3868	95.1620	
18/08/2017	00:21:00	011992	G488063513HLR	L488	S		632.7412	1.0292	10.0000	100.1402	39.8958	0.8430	0.8272	5.0000	19.1513	713.0752	95.0231	15.4994	24.7000	0.9300	0.9242	0.7038	-0.0009	713.0000	715.7474	1.0275	-1.7602	100.0380	39.8948	0.8230	0.8242	5.0000	-9999.0000	-9999.0000	-9999.0000	-9999.0000	-9999.0000	-9999.0000	20.4089	1	0	26.1486	1.0000	10	3	-9999.0000	29033	39575	-9999	1708	4817	-9999	491.9831	5	0.6882	0.7038	-0.0009	60.8268	1.3209	669.4571	518.6719	38.7269	638.1621	93.6111	662.1263	94.6065	668.6323	94.7685	673.9318	95.0463	
18/08/2017	00:21:25	011992	G488063534HLR	L488	S		632.1031	1.0292	10.0000	100.1121	39.9802	0.8430	0.8272	5.0000	18.7894	713.0975	94.9769	12.7095	24.7000	0.9300	0.9241	0.7040	-0.0009	713.0000	712.2231	1.0275	-1.8221	99.9999	39.8218	0.8230	0.8246	5.0000	-9999.0000	-9999.0000	-9999.0000	-9999.0000	-9999.0000	-9999.0000	19.4188	2	0	25.0088	1.0000	10	3	-9999.0000	29034	39576	-9999	1709	4818	-9999	493.8715	5	0.6879	0.7040	-0.0009	62.2181	1.2599	674.7965	530.7799	39.2361	639.3807	93.9583	666.8943	95.0463	673.9545	95.1157	679.8490	95.1852	
18/08/2017	00:21:51	011992	G488063521HLR	L488	S		632.3168	1.0292	10.0000	100.1797	40.0188	0.8430	0.8271	5.0000	18.7395	713.0681	94.9537	12.1597	24.8000	0.9300	0.9242	0.7025	-0.0008	713.0000	713.6475	1.0275	-1.7971	99.9091	40.0403	0.8230	0.8253	5.0000	-9999.0000	-9999.0000	-9999.0000	-9999.0000	-9999.0000	-9999.0000	19.1816	3	0	26.4491	1.0000	10	3	-9999.0000	29035	39577	-9999	1710	4819	-9999	493.9303	5	0.6874	0.7025	-0.0008	62.8116	1.2243	677.9196	534.8668	38.8657	644.2857	94.0046	669.7276	95.1389	677.4607	95.3472	682.7324	95.1157	
18/08/2017	00:22:18	011992	G488063510HLR	L488	S		616.8007	1.0292	10.0000	100.1222	39.9118	0.8430	0.8269	5.0000	18.9289	713.0306	95.0463	15.7689	24.8000	0.9300	0.9242	0.6970	-0.0005	713.0000	712.0283	1.0275	-1.8255	100.0535	39.9525	0.8230	0.8242	5.0000	-9999.0000	-9999.0000	-9999.0000	-9999.0000	-9999.0000	-9999.0000	20.9687	4	0	27.2089	1.0000	10	3	-9999.0000	29036	39578	-9999	1711	4820	-9999	491.0503	5	0.6879	0.6970	-0.0005	61.3342	1.3210	666.8266	503.4167	37.3611	632.7673	93.2176	659.1241	94.1204	666.0753	94.2361	671.5547	94.8843	
18/08/2017	00:22:44	011992	G488064960HLR	L488	S		611.3354	1.0292	10.0000	100.1740	39.9072	0.8430	0.8272	5.0000	18.7298	713.0658	95.0463	15.3295	24.9000	0.9300	0.9241	0.6960	-0.0005	713.0000	712.9357	1.0275	-1.8096	99.9268	39.8707	0.8230	0.8245	5.0000	-9999.0000	-9999.0000	-9999.0000	-9999.0000	-9999.0000	-9999.0000	19.3190	5	0	26.0790	1.0000	10	1	-9999.0000	29037	39579	-9999	1712	4821	-9999	491.1766	5	0.6881	0.6960	-0.0005	60.6888	1.3819	669.9135	525.3224	37.9398	637.4241	93.3102	661.7188	94.3519	669.3151	94.4444	674.1913	94.9074	
18/08/2017	00:23:11	011992	G488064953HLR	L488	S		621.2450	1.0292	10.0000	100.1512	40.0068	0.8430	0.8272	5.0000	18.7591	713.0900	95.0000	13.1597	24.9000	0.9300	0.9241	0.6967	-0.0005	713.0000	712.6779	1.0275	-1.8141	99.9714	40.0044	0.8230	0.8249	5.0000	-9999.0000	-9999.0000	-9999.0000	-9999.0000	-9999.0000	-9999.0000	19.4476	6	0	26.8390	1.0000	10	1	-9999.0000	29038	39580	-9999	1713	4822	-9999	492.0720	5	0.6883	0.6967	-0.0005	61.9007	1.3218	677.9054	511.8951	38.0324	640.7933	95.3009	670.9309	95.7639	677.1631	95.7176	681.7411	95.3009	
18/08/2017	00:23:39	011992	G488064956HLR	L488	S		617.3187	1.0292	10.0000	100.1567	39.9894	0.8430	0.8271	5.0000	18.7600	713.0237	94.9769	15.7299	24.9000	0.9300	0.9241	0.6974	-0.0005	713.0000	712.6069	1.0275	-1.8153	99.9906	39.9758	0.8230	0.8246	5.0000	-9999.0000	-9999.0000	-9999.0000	-9999.0000	-9999.0000	-9999.0000	19.3398	7	0	28.0096	1.0000	10	1	-9999.0000	29039	39581	-9999	1714	4822	-9999	491.1084	5	0.6885	0.6974	-0.0005	64.1403	1.2112	669.3536	511.2336	37.6852	632.6751	93.7037	662.5489	94.8380	668.5890	94.9306	674.2472	95.0926	
18/08/2017	00:24:06	011992	G488064943HLR	L488	S		611.9953	1.0292	10.0000	100.1480	39.9180	0.8430	0.8270	5.0000	18.8196	713.0769	95.0231	16.4300	24.9000	0.9300	0.9240	0.6974	-0.0005	713.0000	713.0828	1.0275	-1.8070	100.0028	39.8938	0.8230	0.8246	5.0000	-9999.0000	-9999.0000	-9999.0000	-9999.0000	-9999.0000	-9999.0000	19.3189	8	0	26.4590	1.0000	10	1	-9999.0000	29039	39582	-9999	1715	4823	-9999	491.0066	5	0.6890	0.6974	-0.0005	65.7075	1.1039	670.2280	534.7109	39.0278	637.9836	95.1620	662.9170	95.7176	669.6485	95.9259	675.0418	95.0926	
18/08/2017	00:24:30	011992	G488064945HLR	L488	S		603.2568	1.0292	9.6586	100.1623	39.9617	0.8430	0.8272	5.0000	18.7201	713.0343	94.9537	15.3500	24.9000	0.9300	0.9240	0.6973	-0.0005	713.0000	711.2986	1.0275	-1.8383	100.2045	39.9625	0.8230	0.8248	5.0000	-9999.0000	-9999.0000	-9999.0000	-9999.0000	-9999.0000	-9999.0000	19.8450	1	0	24.7588	1.0000	10	1	-9999.0000	29040	39583	-9999	1716	4824	-9999	491.2808	5	0.6890	0.6973	-0.0005	65.6752	1.0982	668.8020	515.4058	36.1806	631.5657	93.9583	660.8439	95.0231	668.1130	95.1620	673.8791	95.2083	
18/08/2017	00:24:57	011992	G488064923HLR	L488	S		609.7719	1.0292	10.0000	100.1384	40.0222	0.8430	0.8271	5.0000	18.9271	713.0410	94.9537	16.0599	24.9000	0.9300	0.9239	0.7007	-0.0007	713.0000	713.7551	1.0275	-1.7952	100.0000	39.9441	0.8230	0.8246	5.0000	-9999.0000	-9999.0000	-9999.0000	-9999.0000	-9999.0000	-9999.0000	19.4778	2	0	26.6484	1.0000	10	1	-9999.0000	29041	39584	-9999	1717	4825	-9999	491.3126	5	0.6893	0.7007	-0.0007	65.8742	1.0939	667.5659	526.5326	37.8241	632.3859	93.6343	659.1488	94.5602	666.9429	94.6759	673.1598	95.1157	
18/08/2017	00:25:22	011992	G488064869HLR	L488	S		613.6302	1.0292	10.0000	100.1674	39.9527	0.8430	0.8270	5.0000	18.7892	713.0847	94.9537	17.2591	24.9000	0.9300	0.9239	0.7008	-0.0007	713.0000	712.0087	1.0275	-1.8259	99.9185	39.9132	0.8230	0.8246	5.0000	-9999.0000	-9999.0000	-9999.0000	-9999.0000	-9999.0000	-9999.0000	19.3593	3	0	25.3397	1.0000	10	1	-9999.0000	29042	39585	-9999	1718	4826	-9999	490.7337	5	0.6894	0.7008	-0.0007	38.6365	3.6394	662.6602	493.2066	38.3796	630.6230	93.6574	655.8869	94.3519	662.0678	94.4213	667.1567	94.9306	
18/08/2017	00:25:57	011992	G488061415HLR	L488	S		620.7738	1.0292	10.0000	100.1421	39.9493	0.8430	0.8271	5.0000	18.8695	713.0810	95.0231	15.6498	24.9000	0.9300	0.9239	0.7008	-0.0007	713.0000	712.4468	1.0275	-1.8182	99.9728	40.0056	0.8230	0.8249	5.0000	-9999.0000	-9999.0000	-9999.0000	-9999.0000	-9999.0000	-9999.0000	19.1879	4	0	34.9783	1.0000	10	1	-9999.0000	29043	39586	-9999	1718	4827	-9999	491.5183	5	0.6894	0.7008	-0.0007	38.6365	3.6394	666.7166	512.8750	37.3843	631.0205	93.2639	658.3800	94.0509	666.1242	94.1435	670.8354	94.7917	
18/08/2017	00:26:58	011992	G488064963HLR	L488	S		611.8794	1.0292	10.0000	100.1316	39.9511	0.8430	0.8270	5.0000	19.1269	713.0743	95.0000	15.7699	25.0000	0.9300	0.9242	0.7036	-0.0009	713.0000	714.3873	1.0275	-1.7841	100.0633	39.7633	0.8230	0.8240	5.0000	-9999.0000	-9999.0000	-9999.0000	-9999.0000	-9999.0000	-9999.0000	19.9983	6	0	29.2584	1.0000	10	1	-9999.0000	29044	39587	-9999	1720	4828	-9999	491.3672	5	0.6899	0.7036	-0.0009	24.5529	4.7153	667.2275	476.4120	36.0185	630.9408	94.2824	659.6776	95.4167	666.7890	95.4630	672.3028	95.1157	
18/08/2017	00:27:23	011992	G488064957HLR	L488	S		617.3785	1.0292	10.0000	100.1374	39.9355	0.8430	0.8270	5.0000	19.0696	713.0669	94.9769	14.5795	24.8000	0.9300	0.9239	0.7017	-0.0008	713.0000	713.5732	1.0275	-1.7984	100.0077	39.9259	0.8230	0.8253	5.0000	-9999.0000	-9999.0000	-9999.0000	-9999.0000	-9999.0000	-9999.0000	19.9514	7	0	24.8594	1.0000	10	1	-9999.0000	29045	39588	-9999	1721	4829	-9999	492.2890	5	0.6901	0.7017	-0.0008	31.5217	4.2681	669.7646	515.1133	38.2639	634.2121	93.9120	661.6524	95.0926	669.1959	95.2315	674.6739	95.1852	
18/08/2017	00:27:53	011992	G488064872HLR	L488	S		604.6967	1.0292	9.7833	100.1637	40.0120	0.8430	0.8272	5.0000	18.7491	713.0759	94.9537	24.2198	24.8000	0.9300	0.9239	0.6990	-0.0006	713.0000	712.8867	1.0275	-1.8104	100.0205	40.0437	0.8230	0.8245	5.0000	-9999.0000	-9999.0000	-9999.0000	-9999.0000	-9999.0000	-9999.0000	20.0692	8	0	30.1688	1.0000	10	1	-9999.0000	29046	39589	-9999	1722	4830	-9999	487.9769	5	0.6897	0.6990	-0.0006	44.6101	3.4022	649.8686	523.3723	37.6620	616.1922	93.9352	642.7592	94.7222	649.1335	94.7685	653.7412	95.0463	
18/08/2017	00:28:18	011992	G488064901HLR	L488	S		609.1570	1.0292	10.0000	100.1364	39.9932	0.8430	0.8271	5.0000	18.6885	713.0751	95.0000	21.0588	24.8000	0.9300	0.9239	0.6962	-0.0004	713.0000	711.2994	1.0275	-1.8383	99.9635	39.8196	0.8230	0.8241	5.0000	-9999.0000	-9999.0000	-9999.0000	-9999.0000	-9999.0000	-9999.0000	19.9009	1	0	24.8691	1.0000	10	1	-9999.0000	29047	39589	-9999	1723	4831	-9999	489.3238	5	0.6893	0.6962	-0.0004	69.7638	1.8547	656.1086	526.5459	38.5880	623.9387	95.0463	649.4390	95.6713	655.4474	95.6481	659.0158	95.0926	
18/08/2017	00:28:50	011992	G488064870HLR	L488	S		611.8390	1.0292	10.0000	100.1471	39.9717	0.8430	0.8271	5.0000	18.7176	713.0207	94.9769	18.4993	24.8000	0.9300	0.9239	0.6966	-0.0005	713.0000	713.1729	1.0275	-1.8054	100.0413	39.9521	0.8230	0.8251	5.0000	-9999.0000	-9999.0000	-9999.0000	-9999.0000	-9999.0000	-9999.0000	19.1353	2	0	31.6486	1.0000	10	1	-9999.0000	29048	39590	-9999	1724	4832	-9999	490.5866	5	0.6893	0.6966	-0.0005	67.4546	2.0251	664.1677	531.4354	38.5880	630.3239	94.6991	657.6416	95.5556	663.6675	95.4861	668.3443	95.1620	
18/08/2017	00:29:23	011992	G488064900HLR	L488	S		633.1341	1.0292	10.0000	100.0871	39.9052	0.8430	0.8268	5.0000	20.0812	713.0786	95.0231	14.1195	24.8000	0.9300	0.9238	0.6966	-0.0005	713.0000	713.1460	1.0275	-1.8059	99.9946	39.9571	0.8230	0.8247	5.0000	-9999.0000	-9999.0000	-9999.0000	-9999.0000	-9999.0000	-9999.0000	19.4638	3	0	32.6089	1.0000	10	1	-9999.0000	29049	39591	-9999	1725	4833	-9999	492.1204	5	0.6893	0.6966	-0.0005	67.4546	2.0251	677.3778	491.6080	37.6620	640.2844	93.7269	670.5694	94.9306	677.1913	94.9537	680.9000	95.0926	
18/08/2017	00:29:52	011992	G488064896HLR	L488	S		616.1542	1.0292	10.0000	100.1333	39.9687	0.8430	0.8272	5.0000	18.7590	713.0605	94.9537	19.3694	24.7000	0.9300	0.9239	0.6970	-0.0005	713.0000	713.6181	1.0275	-1.7976	100.0313	39.8561	0.8230	0.8245	5.0000	-9999.0000	-9999.0000	-9999.0000	-9999.0000	-9999.0000	-9999.0000	19.8999	4	0	29.8580	1.0000	10	1	-9999.0000	29050	39592	-9999	1726	4834	-9999	490.0866	5	0.6886	0.6970	-0.0005	84.9357	0.9093	664.5641	517.0859	38.4491	629.9696	94.4676	657.7557	95.4167	663.9795	95.3935	667.9360	95.2083	
18/08/2017	00:30:22	011992	G488064867HLR	L488	S		577.7836	1.0292	7.4531	100.1029	39.9788	0.8430	0.8271	5.0000	18.8585	0.0000	0.0000	0.0000	0.0000	0.9300	0.0000	0.0000	0.0000	0.0000	594.5199	1.0275	-0.2843	100.0812	39.8749	0.8230	0.8251	5.0000	-9999.0000	-9999.0000	-9999.0000	-9999.0000	-9999.0000	-9999.0000	19.2620	5	7	29.4696	1.0000	10	1	-9999.0000	29051	0	-9999	1727	4835	-9999	0.0000	0	0.0000	0.0000	0.0000	0.0000	0.0000	0.0000	0.0000	0.0000	0.0000	0.0000	0.0000	0.0000	0.0000	0.0000	0.0000	0.0000	
18/08/2017	00:30:53	011992	G488064913HLR	L488	S		612.0376	1.0292	10.0000	100.0797	39.9461	0.8430	0.8268	5.0000	19.8196	713.0743	95.0231	20.8196	24.7000	0.9300	0.9242	0.6971	-0.0005	713.0000	714.0306	1.0275	-1.7903	100.0038	39.9264	0.8230	0.8249	5.0000	-9999.0000	-9999.0000	-9999.0000	-9999.0000	-9999.0000	-9999.0000	19.3990	6	0	30.9382	1.0000	10	1	-9999.0000	29052	39593	-9999	1728	4836	-9999	489.8285	5	0.6886	0.6971	-0.0005	83.6867	0.9731	660.9101	513.8429	38.3102	629.8436	93.7500	653.9935	94.8611	660.3472	95.0000	664.3164	95.1620	
18/08/2017	00:31:20	011992	G488064907HLR	L488	S		612.8626	1.0292	10.0000	100.1089	39.8868	0.8430	0.8270	5.0000	18.8455	713.0616	95.0000	21.7697	24.7000	0.9300	0.9240	0.6968	-0.0005	713.0000	714.7959	1.0275	-1.7769	99.9983	39.8929	0.8230	0.8247	5.0000	-9999.0000	-9999.0000	-9999.0000	-9999.0000	-9999.0000	-9999.0000	19.5303	7	0	26.8897	1.0000	10	1	-9999.0000	29053	39594	-9999	1729	4837	-9999	489.4895	5	0.6882	0.6968	-0.0005	79.8669	1.1104	659.9855	512.3250	37.7778	624.4550	94.5833	653.9375	95.4167	659.2966	95.4398	664.2436	95.1389	
18/08/2017	00:31:48	011992	G488064905HLR	L488	S		612.7317	1.0292	10.0000	100.1471	40.0299	0.8430	0.8273	5.0000	18.7298	713.0602	94.9306	19.0188	24.8000	0.9300	0.9241	0.6968	-0.0005	713.0000	712.1131	1.0275	-1.8240	99.9681	39.9094	0.8230	0.8249	5.0000	-9999.0000	-9999.0000	-9999.0000	-9999.0000	-9999.0000	-9999.0000	19.2895	8	0	28.3182	1.0000	10	1	-9999.0000	29054	39595	-9999	1730	4838	-9999	490.3517	5	0.6882	0.6968	-0.0005	79.8669	1.1104	660.8550	544.6719	40.3241	629.7662	94.1204	654.0602	95.0231	660.4374	95.0694	665.1114	95.1620	
18/08/2017	00:32:17	011992	G488064894HLR	L488	S		612.3073	1.0292	10.0000	100.1449	39.9409	0.8430	0.8270	5.0000	18.7690	713.0303	94.9306	18.6595	24.8000	0.9300	0.9240	0.6976	-0.0005	713.0000	712.2532	1.0275	-1.8216	100.0715	39.8850	0.8230	0.8248	5.0000	-9999.0000	-9999.0000	-9999.0000	-9999.0000	-9999.0000	-9999.0000	19.2208	1	0	28.4997	1.0000	10	1	-9999.0000	29055	39596	-9999	1731	4839	-9999	490.4084	5	0.6880	0.6976	-0.0005	78.2860	1.1651	662.6917	504.3903	38.6806	628.9885	94.9769	657.0942	95.2315	662.1255	95.2546	666.9716	95.2083	
18/08/2017	00:32:46	011992	G488064874HLR	L488	S		607.8523	1.0292	10.0000	100.0800	39.8476	0.8430	0.8272	5.0000	18.6700	713.0389	94.9537	20.1399	24.9000	0.9300	0.9240	0.6984	-0.0006	713.0000	711.8230	1.0275	-1.8291	99.9420	39.9259	0.8230	0.8246	5.0000	-9999.0000	-9999.0000	-9999.0000	-9999.0000	-9999.0000	-9999.0000	20.3081	2	0	29.1583	1.0000	10	1	-9999.0000	29056	39597	-9999	1732	4840	-9999	489.8341	5	0.6876	0.6984	-0.0006	79.2586	1.1045	659.9309	538.0865	39.7222	626.7961	94.6065	652.6238	95.5093	659.2855	95.6481	663.9097	95.1389	
18/08/2017	00:33:14	011992	G488063574HLR	L488	S		617.5847	1.0292	10.0000	100.1250	40.0285	0.8430	0.8274	5.0000	18.6594	713.0498	95.0231	16.1898	24.9000	0.9300	0.9240	0.6984	-0.0006	713.0000	711.3701	1.0275	-1.8371	100.0424	39.9004	0.8230	0.8247	5.0000	-9999.0000	-9999.0000	-9999.0000	-9999.0000	-9999.0000	-9999.0000	19.3582	3	0	28.6492	1.0000	10	1	-9999.0000	29057	39598	-9999	1733	4841	-9999	491.2409	5	0.6876	0.6984	-0.0006	79.2586	1.1045	666.3531	515.4298	37.1296	631.2036	93.3102	658.9720	94.3750	665.6356	94.4213	670.9746	94.8843	
18/08/2017	00:33:47	011992	G488063564HLR	L488	S		620.0567	1.0292	10.0000	100.1278	39.9679	0.8430	0.8270	5.0000	18.7887	713.0459	94.9537	17.5296	24.9000	0.9300	0.9240	0.6984	-0.0006	713.0000	712.4611	1.0275	-1.8179	100.0674	39.9369	0.8230	0.8249	5.0000	-9999.0000	-9999.0000	-9999.0000	-9999.0000	-9999.0000	-9999.0000	19.1794	4	0	32.5789	1.0000	10	1	-9999.0000	29058	39599	-9999	1733	4842	-9999	490.7108	5	0.6875	0.6984	-0.0006	79.3070	1.0959	665.9714	513.3145	37.1759	633.2624	93.9815	658.7604	94.9769	665.3728	95.0000	669.6243	95.1157	
18/08/2017	00:34:16	011992	G488063556HLR	L488	S		619.7734	1.0292	10.0000	100.1323	39.8240	0.8430	0.8270	5.0000	18.9189	713.0242	94.9537	17.6595	25.0000	0.9300	0.9240	0.6984	-0.0006	713.0000	712.1715	1.0275	-1.8230	100.0097	39.9407	0.8230	0.8248	5.0000	-9999.0000	-9999.0000	-9999.0000	-9999.0000	-9999.0000	-9999.0000	19.3834	5	0	28.7684	1.0000	10	1	-9999.0000	29059	39600	-9999	1734	4843	-9999	490.8082	5	0.6875	0.6984	-0.0006	79.3070	1.0959	663.8774	533.0898	38.6111	633.8415	93.4259	656.3414	94.1204	663.1039	94.2130	668.1866	94.8148	
18/08/2017	00:34:46	011992	G488063544HLR	L488	S		618.6284	1.0292	10.0000	100.1163	40.0000	0.8430	0.8274	5.0000	18.8089	713.0236	94.9306	18.3694	25.1000	0.9300	0.9240	0.6997	-0.0006	713.0000	713.4402	1.0275	-1.8007	100.0245	39.9220	0.8230	0.8246	5.0000	-9999.0000	-9999.0000	-9999.0000	-9999.0000	-9999.0000	-9999.0000	19.9989	6	0	29.9684	1.0000	10	1	-9999.0000	29060	39601	-9999	1735	4844	-9999	490.6811	5	0.6879	0.6997	-0.0006	72.1038	1.4404	665.2149	516.1855	39.6759	632.3117	94.5833	657.5124	95.4630	664.6296	95.5093	668.7827	95.2315	
18/08/2017	00:35:14	011992	G488063547HLR	L488	S		615.3802	1.0292	10.0000	100.1804	40.0321	0.8430	0.8271	5.0000	18.7190	713.0290	94.9769	17.9700	25.1000	0.9300	0.9240	0.7010	-0.0007	713.0000	711.7233	1.0275	-1.8309	99.9780	39.8497	0.8230	0.8244	5.0000	-9999.0000	-9999.0000	-9999.0000	-9999.0000	-9999.0000	-9999.0000	20.9887	7	0	28.3994	1.0000	10	1	-9999.0000	29061	39602	-9999	1736	4845	-9999	490.9875	5	0.6880	0.7010	-0.0007	46.0914	2.7527	660.1121	514.3073	38.4259	628.5279	93.8194	652.5992	94.7222	659.3435	94.7917	664.3892	95.0463	
18/08/2017	00:35:42	011992	G488063590HLR	L488	S		614.0194	1.0292	10.0000	100.1379	39.8750	0.8430	0.8270	5.0000	18.8293	713.0290	95.0463	21.6896	25.2000	0.9300	0.9240	0.7017	-0.0007	713.0000	712.8223	1.0275	-1.8116	100.0066	40.0020	0.8230	0.8250	5.0000	-9999.0000	-9999.0000	-9999.0000	-9999.0000	-9999.0000	-9999.0000	19.5184	8	0	27.8388	1.0000	10	1	-9999.0000	29062	39603	-9999	1737	4846	-9999	489.0640	5	0.6881	0.7017	-0.0007	43.1229	2.8717	657.5702	507.6747	37.6389	627.4734	93.7963	650.7490	94.8148	657.0957	94.9074	661.6415	95.0926	
18/08/2017	00:36:07	011992	G488063582HLR	L488	S		611.6719	1.0292	10.0000	100.1526	39.9387	0.8430	0.8273	5.0000	18.7599	713.0327	94.9306	18.0198	25.2000	0.9300	0.9240	0.7056	-0.0009	713.0000	712.5211	1.0275	-1.8169	99.9547	39.9052	0.8230	0.8244	5.0000	-9999.0000	-9999.0000	-9999.0000	-9999.0000	-9999.0000	-9999.0000	19.8070	1	0	24.7891	1.0000	10	1	-9999.0000	29063	39604	-9999	1738	4847	-9999	490.9824	5	0.6879	0.7056	-0.0009	56.8231	2.1600	664.2661	501.1794	38.2639	628.5797	94.5370	657.3632	95.5324	663.6261	95.4861	669.0925	95.1620	
18/08/2017	00:36:32	011992	G488063589HLR	L488	S		617.5274	1.0292	10.0000	100.1474	40.0339	0.8430	0.8271	5.0000	18.7686	713.0817	95.0000	19.1292	25.2000	0.9300	0.9239	0.7059	-0.0009	713.0000	712.7867	1.0275	-1.8122	100.2251	39.8597	0.8230	0.8247	5.0000	-9999.0000	-9999.0000	-9999.0000	-9999.0000	-9999.0000	-9999.0000	19.7381	2	0	24.8298	1.0000	10	1	-9999.0000	29064	39605	-9999	1739	4848	-9999	490.4655	5	0.6882	0.7059	-0.0009	56.8585	2.1702	659.2801	486.4699	38.1250	624.2650	93.8657	651.6522	94.9074	658.7795	94.9306	663.1245	95.0926	
18/08/2017	00:37:03	011992	G488063585HLR	L488	S		619.8907	1.0292	10.0000	100.1405	39.8974	0.8430	0.8270	5.0000	18.9191	713.0234	94.9306	17.6995	25.2000	0.9300	0.9238	0.7042	-0.0008	713.0000	712.9539	1.0275	-1.8092	99.9280	39.9782	0.8230	0.8251	5.0000	-9999.0000	-9999.0000	-9999.0000	-9999.0000	-9999.0000	-9999.0000	19.4589	3	0	31.3207	1.0000	10	1	-9999.0000	29065	39606	-9999	1740	4848	-9999	491.4698	5	0.6882	0.7042	-0.0008	65.6315	1.6776	660.5360	499.9780	36.7824	626.4206	94.0046	652.9471	95.0463	660.0313	95.1157	665.2506	95.1157	
18/08/2017	00:37:33	011992	G488063548HLR	L488	S		618.0877	1.0292	10.0000	100.1392	39.9569	0.8430	0.8273	5.0000	18.6488	713.0660	94.9074	17.0394	25.1000	0.9300	0.9238	0.7042	-0.0008	713.0000	712.5130	1.0275	-1.8170	100.0290	40.0048	0.8230	0.8248	5.0000	-9999.0000	-9999.0000	-9999.0000	-9999.0000	-9999.0000	-9999.0000	19.4005	4	0	30.4965	1.0000	10	1	-9999.0000	29066	39607	-9999	1741	4849	-9999	491.9255	5	0.6882	0.7042	-0.0008	65.6315	1.6776	662.6661	521.8257	36.7593	628.6538	93.9352	655.6325	95.0463	662.0425	95.0926	667.6827	95.1852	
18/08/2017	00:38:05	011992	G488063542HLR	L488	S		628.9883	1.0292	10.0000	100.1326	40.0166	0.8430	0.8271	5.0000	18.8663	713.0471	95.0463	10.0699	25.1000	0.9300	0.9236	0.7020	-0.0007	713.0000	717.5095	1.0275	-1.7292	99.9700	39.9108	0.8230	0.8246	5.0000	-9999.0000	-9999.0000	-9999.0000	-9999.0000	-9999.0000	-9999.0000	19.6612	5	0	31.5985	1.0000	10	1	-9999.0000	29067	39608	-9999	1742	4850	-9999	495.4427	5	0.6886	0.7020	-0.0007	66.7739	1.6461	683.7940	495.9702	37.9861	650.9639	93.0324	677.3751	93.8657	683.4052	93.9815	689.6506	94.7685	
18/08/2017	00:38:30	011992	G488063520HLR	L488	S		620.3132	1.0292	10.0000	99.9316	39.8754	0.8430	0.8265	5.0000	20.7384	713.0926	95.0231	12.9995	25.1000	0.9300	0.9238	0.7023	-0.0007	713.0000	717.5341	1.0275	-1.7288	100.1097	39.8375	0.8230	0.8242	5.0000	-9999.0000	-9999.0000	-9999.0000	-9999.0000	-9999.0000	-9999.0000	22.0364	6	0	24.9288	1.0000	10	1	-9999.0000	29068	39609	-9999	1743	4851	-9999	494.0282	5	0.6886	0.7023	-0.0007	69.6376	1.4615	677.8889	533.7942	37.5926	644.6032	93.7500	669.4242	94.9537	677.3186	95.0463	681.8032	95.1620	
18/08/2017	00:39:09	011992	G488063495HLR	L488	S		614.1004	1.0292	10.0000	100.1262	39.9000	0.8430	0.8271	5.0000	18.8285	713.0387	94.9769	20.5598	25.0000	0.9300	0.9238	0.7039	-0.0008	713.0000	713.4783	1.0275	-1.8000	100.0111	39.9733	0.8230	0.8249	5.0000	-9999.0000	-9999.0000	-9999.0000	-9999.0000	-9999.0000	-9999.0000	19.7486	7	0	38.9699	1.0000	10	1	-9999.0000	29068	39610	-9999	1744	4852	-9999	489.9810	5	0.6889	0.7039	-0.0008	75.9703	1.0316	657.2206	531.7358	38.9583	625.6167	94.3519	650.0561	95.3704	656.5564	95.4167	661.1337	95.2083	
18/08/2017	00:39:46	011992	G488063550HLR	L488	S		612.6119	1.0292	10.0000	100.0958	40.0251	0.8430	0.8272	5.0000	19.3677	713.0412	94.9306	19.7590	25.0000	0.9300	0.9238	0.7040	-0.0008	713.0000	712.6237	1.0275	-1.8150	99.8810	39.9072	0.8230	0.8246	5.0000	-9999.0000	-9999.0000	-9999.0000	-9999.0000	-9999.0000	-9999.0000	19.2887	8	0	37.0380	1.0000	10	1	-9999.0000	29069	39611	-9999	1745	4853	-9999	490.3357	5	0.6889	0.7040	-0.0008	79.2782	0.8543	656.8984	526.7847	41.0648	622.2204	94.3981	648.6048	95.2546	655.9663	95.3241	660.0684	95.2315	
18/08/2017	00:40:23	011992	G488063560HLR	L488	S		612.0772	1.0292	10.0000	99.9235	40.0234	0.8430	0.8270	5.0000	18.3071	713.0640	94.9769	20.8391	24.9000	0.9300	0.9238	0.6932	-0.0003	713.0000	713.4295	1.0275	-1.8009	100.0434	39.9367	0.8230	0.8247	5.0000	-9999.0000	-9999.0000	-9999.0000	-9999.0000	-9999.0000	-9999.0000	19.5813	1	0	36.7681	1.0000	10	1	-9999.0000	29070	39612	-9999	1746	4854	-9999	489.6874	5	0.6889	0.6932	-0.0003	82.9654	0.6886	655.3877	522.3178	39.8843	623.8152	94.1435	647.8542	95.0694	655.0810	95.0926	658.9245	95.1389	
18/08/2017	00:40:49	011992	G488063543HLR	L488	S		621.6709	1.0292	10.0000	100.1126	39.8595	0.8430	0.8270	5.0000	18.7385	713.0215	95.0000	11.4800	24.9000	0.9300	0.9236	0.6932	-0.0003	713.0000	716.0958	1.0275	-1.7540	100.0065	39.8559	0.8230	0.8249	5.0000	-9999.0000	-9999.0000	-9999.0000	-9999.0000	-9999.0000	-9999.0000	19.3602	2	0	26.0488	1.0000	10	1	-9999.0000	29071	39613	-9999	1747	4855	-9999	492.2452	5	0.6889	0.6932	-0.0003	82.9654	0.6886	682.4745	502.7466	37.9167	652.2884	93.0093	676.1789	93.9352	681.9509	93.9815	685.9199	94.6991	
18/08/2017	00:41:21	011992	G488063524HLR	L488	S		607.3941	1.0292	10.0000	100.0616	39.9958	0.8430	0.8273	5.0000	19.1594	713.0747	95.0231	28.1786	24.7000	0.9300	0.9237	0.6939	-0.0003	713.0000	711.6359	1.0275	-1.8324	99.9872	39.9451	0.8230	0.8250	5.0000	-9999.0000	-9999.0000	-9999.0000	-9999.0000	-9999.0000	-9999.0000	19.3979	3	0	32.7698	1.0000	10	1	-9999.0000	29072	39614	-9999	1748	4856	-9999	488.7765	5	0.6886	0.6939	-0.0003	82.7160	0.7741	644.7598	482.2864	38.5648	617.7639	92.6620	638.7304	93.1713	644.1151	93.3796	649.2510	94.8380	
18/08/2017	00:41:57	011992	G488063514HLR	L488	S		603.5198	1.0292	9.6814	100.0949	39.9697	0.8430	0.8271	5.0000	18.7785	713.0507	94.9769	26.2490	24.7000	0.9300	0.9237	0.6942	-0.0003	713.0000	712.3013	1.0275	-1.8207	99.9045	39.7798	0.8230	0.8245	5.0000	-9999.0000	-9999.0000	-9999.0000	-9999.0000	-9999.0000	-9999.0000	19.5592	4	0	35.1281	1.0000	10	1	-9999.0000	29073	39615	-9999	1749	4857	-9999	489.3207	5	0.6883	0.6942	-0.0003	81.8800	0.8388	648.6502	529.9140	38.9583	619.6751	94.3287	642.5468	95.3241	647.9834	95.3009	652.3183	95.2083	
18/08/2017	00:42:33	011992	G488063501HLR	L488	S		598.0655	1.0292	9.2091	100.1215	39.9443	0.8430	0.8271	5.0000	18.7092	713.0317	95.0000	25.9287	24.6000	0.9300	0.9237	0.6917	-0.0002	713.0000	712.6214	1.0275	-1.8151	100.0355	40.0016	0.8230	0.8252	5.0000	-9999.0000	-9999.0000	-9999.0000	-9999.0000	-9999.0000	-9999.0000	19.4101	5	0	36.0298	1.0000	10	1	-9999.0000	29074	39616	-9999	1750	4858	-9999	488.8949	5	0.6884	0.6917	-0.0002	83.7796	0.7553	648.7909	504.1566	36.8287	615.1322	94.1667	642.0675	94.8843	648.1893	94.9074	653.0288	95.0463	
18/08/2017	00:43:05	011992	G488063502HLR	L488	S		631.0152	1.0292	10.0000	100.1136	39.8978	0.8430	0.8272	5.0000	18.8292	713.0431	95.0463	15.2397	24.6000	0.9300	0.9238	0.6917	-0.0002	713.0000	715.3774	1.0275	-1.7667	99.9396	39.8168	0.8230	0.8245	5.0000	-9999.0000	-9999.0000	-9999.0000	-9999.0000	-9999.0000	-9999.0000	19.0487	6	0	32.5877	1.0000	10	1	-9999.0000	29075	39616	-9999	1751	4859	-9999	491.1671	5	0.6884	0.6917	-0.0002	83.7796	0.7553	678.7330	516.0285	37.9398	644.5323	94.3981	673.4881	95.6019	678.5291	95.6713	683.4769	95.1389	
18/08/2017	00:43:40	011992	G488065040HLR	L488	S		612.6602	1.0292	10.0000	100.0825	39.9665	0.8430	0.8272	5.0000	19.1291	713.0189	95.0000	22.0392	24.5000	0.9300	0.9237	0.6911	-0.0002	713.0000	712.6890	1.0275	-1.8139	100.0136	39.8920	0.8230	0.8254	5.0000	-9999.0000	-9999.0000	-9999.0000	-9999.0000	-9999.0000	-9999.0000	19.3973	7	0	34.3783	1.0000	08	3	-9999.0000	29075	39617	-9999	1752	4859	-9999	490.2508	5	0.6881	0.6911	-0.0002	82.0647	0.8670	658.3805	505.2568	39.1204	628.9108	92.9630	651.6987	93.4491	657.7172	93.5185	662.0495	94.8148	
18/08/2017	00:44:12	011992	G488065033HLR	L488	S		612.4419	1.0292	10.0000	100.0907	39.8409	0.8430	0.8270	5.0000	18.7584	713.0614	94.9769	24.2989	24.4000	0.9300	0.9238	0.6910	-0.0002	713.0000	713.8195	1.0275	-1.7940	100.2199	39.8796	0.8230	0.8247	5.0000	-9999.0000	-9999.0000	-9999.0000	-9999.0000	-9999.0000	-9999.0000	19.9192	8	0	32.7889	1.0000	08	3	-9999.0000	29076	39617	-9999	1753	4860	-9999	490.0457	5	0.6878	0.6910	-0.0002	80.9097	0.9886	654.4488	513.2042	37.9398	622.6364	93.4259	648.0034	94.0278	653.9474	94.1204	658.4885	94.8380	
18/08/2017	00:44:43	011992	G488064987HLR	L488	S		614.6361	1.0292	10.0000	100.1369	39.9713	0.8430	0.8276	5.0000	18.8997	713.0514	95.0000	25.1397	24.4000	0.9300	0.9239	0.6896	-0.0001	713.0000	713.4372	1.0275	-1.8008	99.9383	39.8214	0.8230	0.8250	5.0000	-9999.0000	-9999.0000	-9999.0000	-9999.0000	-9999.0000	-9999.0000	19.2847	1	0	30.2988	1.0000	08	3	-9999.0000	29077	39618	-9999	1754	4861	-9999	489.7595	5	0.6874	0.6896	-0.0001	80.1686	1.0244	647.0629	459.1411	40.1852	601.5824	94.5602	636.9836	95.2778	646.3173	95.2315	651.9654	95.1389	
18/08/2017	00:45:16	011992	G488065035HLR	L488	Q		615.6213	1.0292	10.0000	100.0994	39.8832	0.8430	0.8269	5.0000	19.1708	713.0413	95.0000	21.6594	24.5000	0.9300	0.9240	0.6884	-0.0001	713.0000	709.3481	1.0275	-1.8726	99.9711	39.9427	0.8230	0.8251	5.0000	-9999.0000	-9999.0000	-9999.0000	-9999.0000	-9999.0000	-9999.0000	19.4805	2	0	33.8093	1.0000	08	3	-9999.0000	29078	39618	-9999	1755	4862	-9999	489.9237	5	0.6871	0.6884	-0.0001	82.8189	0.8894	658.3307	496.5719	38.8194	630.2909	93.8889	651.7525	94.3287	657.6348	94.3519	661.3573	94.8611	
18/08/2017	00:45:47	011992	G488064994HLR	L488	Q		612.4750	1.0292	10.0000	100.0643	39.8267	0.8430	0.8274	5.0000	18.6556	713.0203	94.9074	23.6993	24.5000	0.9300	0.9240	0.6877	-0.0000	713.0000	710.8892	1.0275	-1.8455	100.0203	39.7796	0.8230	0.8245	5.0000	-9999.0000	-9999.0000	-9999.0000	-9999.0000	-9999.0000	-9999.0000	19.9692	3	0	30.1290	1.0000	08	3	-9999.0000	29079	39619	-9999	1756	4863	-9999	489.8100	5	0.6869	0.6877	-0.0000	78.4708	1.0512	657.2816	523.8157	40.2546	628.1018	94.0509	649.9994	94.7222	657.0498	94.7454	659.8934	95.0463	
18/08/2017	00:46:12	011992	G488065179HLR	L488	S		617.6576	1.0292	10.0000	100.0907	39.9899	0.8430	0.8273	5.0000	18.8889	713.0449	94.9074	21.9689	24.6000	0.9300	0.9240	0.6878	-0.0000	713.0000	712.2660	1.0275	-1.8213	100.1550	39.9323	0.8230	0.8251	5.0000	-9999.0000	-9999.0000	-9999.0000	-9999.0000	-9999.0000	-9999.0000	19.6310	4	0	24.9087	1.0000	08	3	-9999.0000	29080	39620	-9999	1756	4864	-9999	489.8298	5	0.6869	0.6878	-0.0000	78.1110	1.0367	662.4050	509.2836	37.8935	633.3249	94.0741	655.5808	94.8148	661.7851	94.9074	666.1800	94.9769	
18/08/2017	00:46:44	011992	G488065189HLR	L488	S		615.1178	1.0292	10.0000	100.1044	39.8421	0.8430	0.8270	5.0000	18.7785	713.0359	94.9537	19.5491	24.6000	0.9300	0.9240	0.6875	-0.0000	713.0000	710.2267	1.0275	-1.8572	99.9492	39.8461	0.8230	0.8246	5.0000	-9999.0000	-9999.0000	-9999.0000	-9999.0000	-9999.0000	-9999.0000	19.8894	5	0	32.5487	1.0000	08	3	-9999.0000	29081	39621	-9999	1757	4865	-9999	489.8648	5	0.6871	0.6875	-0.0000	74.4426	1.1584	665.7918	497.5965	38.0556	632.8168	94.2361	659.3973	95.0231	665.4180	95.0694	669.5553	95.1852	
18/08/2017	00:47:14	011992	G488065037HLR	L488	S		618.1694	1.0292	10.0000	100.0982	39.8563	0.8430	0.8273	5.0000	18.8695	713.0412	94.9074	22.9796	24.7000	0.9300	0.9240	0.6878	-0.0000	713.0000	712.0762	1.0275	-1.8247	99.9982	39.8184	0.8230	0.8248	5.0000	-9999.0000	-9999.0000	-9999.0000	-9999.0000	-9999.0000	-9999.0000	19.4989	6	0	30.1483	1.0000	08	3	-9999.0000	29082	39621	-9999	1758	4866	-9999	489.7090	5	0.6874	0.6878	-0.0000	55.6756	1.8861	661.8851	514.9440	38.2639	633.6732	93.7500	656.7416	94.4444	661.5203	94.5602	664.7672	94.9769	
18/08/2017	00:47:46	011992	G488065039HLR	L488	S		612.2009	1.0292	10.0000	100.1036	39.9840	0.8430	0.8273	5.0000	18.7599	713.0340	94.9769	19.3889	24.8000	0.9300	0.9241	0.6900	-0.0001	713.0000	708.4235	1.0275	-1.8889	100.0580	39.9837	0.8230	0.8247	5.0000	-9999.0000	-9999.0000	-9999.0000	-9999.0000	-9999.0000	-9999.0000	20.8518	7	0	32.2087	1.0000	08	3	-9999.0000	29083	39622	-9999	1759	4866	-9999	489.9972	5	0.6874	0.6900	-0.0001	58.1311	1.7320	664.4468	525.4798	37.2454	630.9282	94.0509	657.1209	94.8611	663.7775	94.8843	668.1991	95.0694	
18/08/2017	00:48:51	011992	G488065157HLR	L488	S		616.7862	1.0292	10.0000	100.1136	39.8365	0.8430	0.8273	5.0000	18.8384	713.0843	95.0000	21.8098	24.9000	0.9300	0.9243	0.7007	-0.0006	713.0000	712.0876	1.0275	-1.8245	99.9913	39.7060	0.8230	0.8242	5.0000	-9999.0000	-9999.0000	-9999.0000	-9999.0000	-9999.0000	-9999.0000	20.0597	1	0	29.8591	1.0000	08	3	-9999.0000	29085	39623	-9999	1761	4866	-9999	490.9950	5	0.6878	0.7007	-0.0006	62.9603	1.4929	654.4197	516.8561	37.0602	623.1256	93.5648	647.2019	94.1204	654.0463	94.2824	658.7909	94.8380	
18/08/2017	00:49:25	011992	G488065168HLR	L488	S		615.9387	1.0292	10.0000	100.0731	39.9810	0.8430	0.8273	5.0000	19.0215	713.0575	95.0231	19.3196	24.9000	0.9300	0.9241	0.7050	-0.0007	713.0000	712.1416	1.0275	-1.8235	99.9888	39.9992	0.8230	0.8259	5.0000	-9999.0000	-9999.0000	-9999.0000	-9999.0000	-9999.0000	-9999.0000	19.3137	2	0	34.0088	1.0000	08	3	-9999.0000	29086	39623	-9999	1762	4867	-9999	491.8747	5	0.6883	0.7050	-0.0007	66.4242	1.3525	663.4962	503.8456	37.4537	627.4626	95.2083	653.7174	96.2037	660.3488	96.1111	664.8369	95.0926	
18/08/2017	00:49:56	011992	G488065158HLR	L488	S		617.7849	1.0292	10.0000	100.1592	39.9669	0.8430	0.8271	5.0000	18.6791	713.0822	95.0000	21.5285	24.9000	0.9300	0.9240	0.7050	-0.0007	713.0000	712.8860	1.0275	-1.8104	99.9497	39.9719	0.8230	0.8247	5.0000	-9999.0000	-9999.0000	-9999.0000	-9999.0000	-9999.0000	-9999.0000	19.4194	3	0	31.6382	1.0000	08	3	-9999.0000	29086	39623	-9999	1763	4868	-9999	491.4307	5	0.6883	0.7050	-0.0007	66.4242	1.3525	653.1345	521.8913	36.4815	621.3931	93.6806	646.1021	94.7917	652.5539	94.7685	656.6631	95.0000	
18/08/2017	00:50:28	011992	G488065169HLR	L488	S		615.0825	1.0292	10.0000	100.1017	39.8002	0.8430	0.8270	5.0000	18.9595	713.1026	94.9074	23.5489	24.8000	0.9300	0.9239	0.7054	-0.0008	713.0000	712.1914	1.0275	-1.8226	100.0693	39.7557	0.8230	0.8248	5.0000	-9999.0000	-9999.0000	-9999.0000	-9999.0000	-9999.0000	-9999.0000	19.5508	4	0	31.9793	1.0000	08	3	-9999.0000	29087	39624	-9999	1764	4868	-9999	490.3826	5	0.6886	0.7054	-0.0008	79.5741	0.7709	644.9973	504.4550	38.0787	616.2069	92.6852	638.6697	93.1250	644.5584	93.1481	649.7878	94.9537	
18/08/2017	00:51:00	011992	G488065159HLR	L488	S		616.3639	1.0292	10.0000	100.1232	40.0000	0.8430	0.8275	5.0000	18.7937	713.0428	94.9306	19.1399	24.8000	0.9300	0.9239	0.7052	-0.0007	713.0000	712.9482	1.0275	-1.8093	99.9701	40.0088	0.8230	0.8254	5.0000	-9999.0000	-9999.0000	-9999.0000	-9999.0000	-9999.0000	-9999.0000	19.4609	5	0	31.7986	1.0000	08	3	-9999.0000	29088	39625	-9999	1765	4869	-9999	492.7536	5	0.6889	0.7052	-0.0007	83.0694	0.6030	656.0431	473.4902	36.3426	618.7365	94.0972	648.5247	95.2083	655.4141	95.1389	660.3548	95.1389	
18/08/2017	00:51:37	011992	G488065178HLR	L488	S		616.6813	1.0292	10.0000	100.0888	39.9441	0.8430	0.8270	5.0000	18.8694	713.0584	94.9306	23.1486	24.8000	0.9300	0.9238	0.7040	-0.0007	713.0000	712.7869	1.0275	-1.8122	100.0083	39.8311	0.8230	0.8245	5.0000	-9999.0000	-9999.0000	-9999.0000	-9999.0000	-9999.0000	-9999.0000	19.4187	6	0	36.9088	1.0000	08	3	-9999.0000	29089	39626	-9999	1766	4870	-9999	490.6742	5	0.6892	0.7040	-0.0007	87.5538	0.3768	648.7853	506.7205	37.9861	616.3416	94.0972	642.4819	95.1389	648.0227	95.1620	653.0458	95.1620	
18/08/2017	00:52:12	011992	G488065177HLR	L488	S		614.3998	1.0292	10.0000	100.0448	39.8000	0.8430	0.8272	5.0000	18.5996	713.0811	94.9769	20.8693	24.7000	0.9300	0.9238	0.7015	-0.0006	713.0000	713.4813	1.0275	-1.8000	99.9322	39.8000	0.8230	0.8252	5.0000	-9999.0000	-9999.0000	-9999.0000	-9999.0000	-9999.0000	-9999.0000	19.3818	7	0	34.5982	1.0000	08	3	-9999.0000	29090	39626	-9999	1767	4871	-9999	491.9487	5	0.6894	0.7015	-0.0006	92.4170	0.1449	652.3942	482.9320	39.0972	620.4237	94.0509	645.2593	94.9537	652.0354	95.0000	655.9344	95.1620	
18/08/2017	00:52:45	011992	G488065025HLR	L488	S		610.9407	1.0292	10.0000	100.1050	40.0353	0.8430	0.8275	5.0000	18.6799	713.0204	95.0231	21.1496	24.7000	0.9300	0.9238	0.7023	-0.0006	713.0000	716.0699	1.0275	-1.7545	100.0112	39.9592	0.8230	0.8248	5.0000	-9999.0000	-9999.0000	-9999.0000	-9999.0000	-9999.0000	-9999.0000	19.6031	8	0	33.3397	1.0000	08	3	-9999.0000	29091	39627	-9999	1768	4872	-9999	491.7737	5	0.6895	0.7023	-0.0006	95.7638	-0.0005	657.7368	528.5887	38.3333	627.2505	94.2130	651.2831	95.0694	657.0176	95.0694	661.0256	95.1389	
18/08/2017	00:53:16	011992	G488065198HLR	L488	S		618.4732	1.0292	10.0000	100.0794	39.8838	0.8430	0.8269	5.0000	18.6788	713.0688	95.0231	21.0197	24.6000	0.9300	0.9238	0.7039	-0.0007	713.0000	711.9056	1.0275	-1.8277	99.9451	39.7373	0.8230	0.8248	5.0000	-9999.0000	-9999.0000	-9999.0000	-9999.0000	-9999.0000	-9999.0000	19.4390	1	0	31.3582	1.0000	08	3	-9999.0000	29092	39628	-9999	1769	4873	-9999	491.8620	5	0.6894	0.7039	-0.0007	98.6660	-0.1445	655.2788	473.5910	36.8981	622.6634	93.9352	648.2082	95.0463	654.4672	95.0000	658.5680	95.1157	
18/08/2017	00:53:47	011992	G488065201HLR	L488	S		615.0078	1.0292	10.0000	100.0773	39.8080	0.8430	0.8273	5.0000	18.9193	713.0324	94.9769	26.0391	24.5000	0.9300	0.9238	0.7032	-0.0006	713.0000	713.5159	1.0275	-1.7994	100.0262	39.9852	0.8230	0.8252	5.0000	-9999.0000	-9999.0000	-9999.0000	-9999.0000	-9999.0000	-9999.0000	20.0587	2	0	30.7889	1.0000	08	3	-9999.0000	29093	39629	-9999	1770	4874	-9999	489.3153	5	0.6896	0.7032	-0.0006	97.9291	-0.0937	645.6886	512.2625	38.8426	615.0288	93.6343	638.9776	94.5833	645.1261	94.6528	648.7516	95.0000	
18/08/2017	00:54:22	011992	G488065199HLR	L488	S		614.9149	1.0292	10.0000	100.0896	40.0277	0.8430	0.8274	5.0000	18.7990	713.0418	94.9537	23.8486	24.5000	0.9300	0.9239	0.7046	-0.0007	713.0000	713.9196	1.0275	-1.7923	99.9035	39.7944	0.8230	0.8246	5.0000	-9999.0000	-9999.0000	-9999.0000	-9999.0000	-9999.0000	-9999.0000	19.4300	3	0	35.0084	1.0000	08	3	-9999.0000	29094	39630	-9999	1771	4875	-9999	490.5365	5	0.6893	0.7046	-0.0007	99.5927	-0.1658	651.7168	495.2361	39.4213	621.3615	94.7917	646.0705	95.3935	651.3640	95.3472	655.2864	95.1620	
18/08/2017	00:54:59	011992	G488065013HLR	L488	S		617.6037	1.0292	10.0000	100.0841	39.8459	0.8430	0.8269	5.0000	18.7407	713.0141	94.9306	22.5597	24.4000	0.9300	0.9239	0.7035	-0.0006	713.0000	713.9326	1.0275	-1.7920	99.9451	39.8383	0.8230	0.8252	5.0000	-9999.0000	-9999.0000	-9999.0000	-9999.0000	-9999.0000	-9999.0000	19.2664	4	0	36.7886	1.0000	08	3	-9999.0000	29094	39631	-9999	1772	4876	-9999	491.0770	5	0.6896	0.7035	-0.0006	96.3869	-0.0136	648.1389	495.8422	38.5417	617.4108	93.1481	641.8563	93.9120	647.4955	93.8194	652.7984	94.6991	
18/08/2017	00:55:38	011992	G488065022HLR	L488	S		612.7519	1.0292	10.0000	99.9745	39.8297	0.8430	0.8275	5.0000	18.4475	713.0318	94.9537	20.5686	24.4000	0.9300	0.9239	0.7048	-0.0007	713.0000	714.8498	1.0275	-1.7759	100.0131	39.9138	0.8230	0.8248	5.0000	-9999.0000	-9999.0000	-9999.0000	-9999.0000	-9999.0000	-9999.0000	19.4880	5	0	39.4390	1.0000	08	3	-9999.0000	29095	39632	-9999	1773	4877	-9999	492.2025	5	0.6891	0.7048	-0.0007	90.6302	0.2631	653.5144	485.0710	38.0324	619.3390	93.7269	645.8577	94.5139	652.9500	94.5139	658.3037	94.9074	
18/08/2017	00:56:08	011992	G488065024HLR	L488	S		620.3903	1.0292	10.0000	100.0677	40.0114	0.8430	0.8273	5.0000	18.5987	713.0920	94.9537	19.9494	24.3000	0.9300	0.9238	0.7054	-0.0007	713.0000	714.0907	1.0275	-1.7893	100.0169	39.7643	0.8230	0.8250	5.0000	-9999.0000	-9999.0000	-9999.0000	-9999.0000	-9999.0000	-9999.0000	19.3605	6	0	29.6654	1.0000	08	3	-9999.0000	29096	39633	-9999	1774	4878	-9999	492.5094	5	0.6888	0.7054	-0.0007	89.6812	0.3267	653.8897	512.1452	38.6111	622.3929	93.6343	646.4964	94.4907	653.2791	94.5370	657.5553	94.9769	
18/08/2017	00:56:36	011992	G488065016HLR	L488	S		619.6105	1.0292	10.0000	100.0834	39.8234	0.8430	0.8270	5.0000	18.5435	713.0709	94.9537	24.1495	24.2000	0.9300	0.9239	0.7063	-0.0008	713.0000	717.6480	1.0275	-1.7267	100.0015	39.9639	0.8230	0.8251	5.0000	-9999.0000	-9999.0000	-9999.0000	-9999.0000	-9999.0000	-9999.0000	19.3094	7	0	28.1418	1.0000	08	3	-9999.0000	29097	39634	-9999	1775	4879	-9999	490.2207	5	0.6886	0.7063	-0.0008	88.6523	0.3651	649.4200	472.9178	37.5463	617.0220	93.6806	642.6184	94.5602	648.8766	94.5833	653.3102	94.9074	
18/08/2017	00:57:09	011992	G488065018HLR	L488	S		617.2836	1.0292	10.0000	100.0935	39.8463	0.8430	0.8274	5.0000	18.7968	713.0337	94.9769	25.9287	24.2000	0.9300	0.9239	0.7036	-0.0007	713.0000	715.6226	1.0275	-1.7623	99.9710	39.6906	0.8230	0.8246	5.0000	-9999.0000	-9999.0000	-9999.0000	-9999.0000	-9999.0000	-9999.0000	19.2874	8	0	32.7595	1.0000	08	3	-9999.0000	29098	39635	-9999	1776	4880	-9999	489.1066	5	0.6885	0.7036	-0.0007	99.1980	-0.0537	647.0387	504.4139	39.3056	614.2184	95.2546	640.8168	95.6250	646.4180	95.6019	650.0052	95.2315	
18/08/2017	00:57:38	011992	G488065041HLR	L488	S		590.3095	1.0292	8.5376	100.0787	39.9615	0.8430	0.8271	5.0000	19.3900	713.0459	95.0000	28.6386	24.2000	0.9300	0.9240	0.7040	-0.0007	713.0000	707.7321	1.0275	-1.9010	99.9790	39.9182	0.8230	0.8256	5.0000	-9999.0000	-9999.0000	-9999.0000	-9999.0000	-9999.0000	-9999.0000	19.4586	1	0	28.9192	1.0000	08	3	-9999.0000	29099	39636	-9999	1777	4881	-9999	487.8953	5	0.6886	0.7040	-0.0007	92.5328	0.2267	626.7240	526.5299	39.9537	598.8233	93.6111	620.2474	93.9815	626.1565	93.9352	631.5023	94.7917	
18/08/2017	00:58:11	011992	G488065031HLR	L488	S		612.5530	1.0292	10.0000	100.0564	39.7948	0.8430	0.8271	5.0000	18.9999	713.0664	94.9537	18.8489	24.3000	0.9300	0.9241	0.7019	-0.0006	713.0000	716.4374	1.0275	-1.7480	99.9264	39.8962	0.8230	0.8247	5.0000	-9999.0000	-9999.0000	-9999.0000	-9999.0000	-9999.0000	-9999.0000	19.4454	2	0	33.1477	1.0000	08	3	-9999.0000	29100	39637	-9999	1778	4882	-9999	492.6024	5	0.6878	0.7019	-0.0006	93.3557	0.1919	657.9222	529.8696	37.4769	622.5034	94.6296	650.1303	95.8102	657.2721	95.6713	663.3250	95.2546	
18/08/2017	00:58:44	011992	G488065032HLR	L488	S		618.8079	1.0292	10.0000	100.0292	39.9445	0.8430	0.8271	5.0000	20.0557	713.0441	94.9306	17.4388	24.3000	0.9300	0.9241	0.7078	-0.0009	713.0000	716.5383	1.0275	-1.7463	99.9449	39.7120	0.8230	0.8247	5.0000	-9999.0000	-9999.0000	-9999.0000	-9999.0000	-9999.0000	-9999.0000	19.6883	3	0	32.8496	1.0000	08	3	-9999.0000	29100	39638	-9999	1779	4883	-9999	492.8975	5	0.6873	0.7078	-0.0009	92.7778	0.2234	663.3626	527.6275	37.2917	628.0200	95.0463	657.0980	95.5093	662.5731	95.5556	668.1913	95.3009	
18/08/2017	00:59:13	011992	G488065029HLR	L488	S		618.0991	1.0292	10.0000	100.0937	39.8379	0.8430	0.8271	5.0000	18.6897	713.0397	95.0000	21.9191	24.3000	0.9300	0.9241	0.7071	-0.0009	713.0000	717.4048	1.0275	-1.7310	100.0908	40.0507	0.8230	0.8255	5.0000	-9999.0000	-9999.0000	-9999.0000	-9999.0000	-9999.0000	-9999.0000	19.6905	4	0	29.1880	1.0000	08	3	-9999.0000	29101	39639	-9999	1780	4884	-9999	490.5944	5	0.6873	0.7071	-0.0009	94.4822	0.1579	651.2301	485.6145	37.3148	619.0685	93.5648	643.2353	94.2130	650.9604	94.3287	655.1666	94.8148	
18/08/2017	00:59:46	011992	G488065017HLR	L488	S		617.1060	1.0292	10.0000	99.9202	39.8441	0.8430	0.8273	5.0000	18.4483	713.0450	94.9537	18.1692	24.4000	0.9300	0.9242	0.6978	-0.0005	713.0000	714.3604	1.0275	-1.7845	99.9968	39.7870	0.8230	0.8244	5.0000	-9999.0000	-9999.0000	-9999.0000	-9999.0000	-9999.0000	-9999.0000	19.3493	5	0	32.3093	1.0000	08	3	-9999.0000	29102	39640	-9999	1781	4885	-9999	492.8816	5	0.6874	0.6978	-0.0005	99.8990	-0.0803	652.2094	508.9247	38.6574	626.2372	95.3472	644.7566	95.6481	651.7042	95.6713	657.0458	95.3935	
18/08/2017	01:00:19	011992	G488065044HLR	L488	S		617.8183	1.0292	10.0000	100.1087	39.9599	0.8430	0.8273	5.0000	18.8391	713.0614	94.9769	22.3790	24.4000	0.9300	0.9241	0.6948	-0.0003	713.0000	711.8516	1.0275	-1.8286	99.9155	39.8000	0.8230	0.8252	5.0000	-9999.0000	-9999.0000	-9999.0000	-9999.0000	-9999.0000	-9999.0000	19.3846	6	0	33.8388	1.0000	08	3	-9999.0000	29103	39641	-9999	1782	4886	-9999	490.3120	5	0.6871	0.6948	-0.0003	101.2335	-0.1188	655.7507	552.8294	39.8148	627.5900	95.0463	649.4424	95.6250	655.2738	95.6944	658.2156	95.2778	
18/08/2017	01:00:53	011992	G488065043HLR	L488	S		618.1525	1.0292	10.0000	100.1062	39.8259	0.8430	0.8270	5.0000	18.7201	713.0376	94.9537	22.0490	24.5000	0.9300	0.9241	0.6934	-0.0003	713.0000	712.4201	1.0275	-1.8186	100.0976	40.0625	0.8230	0.8253	5.0000	-9999.0000	-9999.0000	-9999.0000	-9999.0000	-9999.0000	-9999.0000	19.2607	7	0	33.6015	1.0000	08	3	-9999.0000	29104	39642	-9999	1783	4887	-9999	489.9943	5	0.6869	0.6934	-0.0003	102.0551	-0.1547	655.7021	539.2605	38.0324	626.0634	93.4954	649.0226	94.0278	654.9136	94.1435	659.7204	94.7917	
18/08/2017	01:01:25	011992	G488065045HLR	L488	S		617.6194	1.0292	10.0000	100.1261	39.9000	0.8430	0.8274	5.0000	18.7191	713.0281	94.9537	18.4398	24.6000	0.9300	0.9242	0.7002	-0.0006	713.0000	711.5594	1.0275	-1.8338	99.9691	39.7573	0.8230	0.8245	5.0000	-9999.0000	-9999.0000	-9999.0000	-9999.0000	-9999.0000	-9999.0000	19.4985	8	0	32.1155	1.0000	08	3	-9999.0000	29105	39643	-9999	1784	4888	-9999	490.5578	5	0.6872	0.7002	-0.0006	99.3466	-0.0476	666.4472	512.0868	37.5231	630.8880	94.7685	658.7415	95.4861	665.6062	95.5093	669.6288	95.2083	
18/08/2017	01:01:57	011992	G488065046HLR	L488	S		614.2494	1.0292	10.0000	100.0825	39.9317	0.8430	0.8272	5.0000	18.7795	713.0697	95.0000	21.5285	24.6000	0.9300	0.9242	0.6954	-0.0004	713.0000	710.4040	1.0275	-1.8541	99.9384	39.9679	0.8230	0.8256	5.0000	-9999.0000	-9999.0000	-9999.0000	-9999.0000	-9999.0000	-9999.0000	19.2705	1	0	32.3787	1.0000	08	3	-9999.0000	29106	39644	-9999	1785	4889	-9999	489.7570	5	0.6873	0.6954	-0.0004	100.5625	-0.1134	651.5485	511.6484	36.6898	620.9995	93.7963	644.3533	94.4444	651.2970	94.5370	655.2165	94.9769	
18/08/2017	01:02:29	011992	G488065047HLR	L488	S		616.3077	1.0292	10.0000	100.0881	39.8246	0.8430	0.8271	5.0000	18.7379	713.0146	94.9306	22.8595	24.7000	0.9300	0.9242	0.6945	-0.0003	713.0000	711.5127	1.0275	-1.8346	99.9448	39.8569	0.8230	0.8244	5.0000	-9999.0000	-9999.0000	-9999.0000	-9999.0000	-9999.0000	-9999.0000	20.4611	2	0	31.3131	1.0000	08	3	-9999.0000	29107	39645	-9999	1786	4890	-9999	489.6574	5	0.6872	0.6945	-0.0003	99.3748	-0.1035	658.5745	502.5446	37.1528	626.8731	94.5139	653.1939	95.4167	658.1058	95.4167	661.9926	95.2315	
18/08/2017	01:02:56	011992	G488064967HLR	L488	S		613.7402	1.0292	10.0000	100.1283	39.9511	0.8430	0.8274	5.0000	18.8082	713.0635	94.9074	22.8390	24.7000	0.9300	0.9241	0.6954	-0.0004	713.0000	710.8810	1.0275	-1.8457	100.0220	39.7904	0.8230	0.8248	5.0000	-9999.0000	-9999.0000	-9999.0000	-9999.0000	-9999.0000	-9999.0000	20.3987	3	0	27.3350	1.0000	08	3	-9999.0000	29108	39645	-9999	1787	4891	-9999	489.7852	5	0.6872	0.6954	-0.0004	97.7555	-0.0263	653.2996	542.4129	37.4769	623.5666	93.7500	647.8776	94.6991	652.9329	94.7454	657.8204	95.0231	
18/08/2017	01:03:27	011992	G488065030HLR	L488	S		614.6616	1.0292	10.0000	99.9576	39.8620	0.8430	0.8268	5.0000	20.8291	713.0532	94.9537	21.3791	24.7000	0.9300	0.9240	0.6913	-0.0001	713.0000	711.0026	1.0275	-1.8435	99.8861	40.0319	0.8230	0.8253	5.0000	-9999.0000	-9999.0000	-9999.0000	-9999.0000	-9999.0000	-9999.0000	19.3383	4	0	30.1385	1.0000	08	3	-9999.0000	29108	39646	-9999	1788	4892	-9999	490.0531	5	0.6878	0.6913	-0.0001	98.8560	-0.0909	656.9723	490.7927	39.0972	626.3682	94.6991	650.7171	95.4398	656.2680	95.4398	660.7852	95.1852	
18/08/2017	01:04:02	011992	G488065058HLR	L488	S		619.6273	1.0292	10.0000	100.1235	39.8359	0.8430	0.8273	5.0000	18.8055	713.0259	94.9537	21.6398	24.6000	0.9300	0.9241	0.6880	0.0000	713.0000	712.1633	1.0275	-1.8231	100.0382	39.8319	0.8230	0.8245	5.0000	-9999.0000	-9999.0000	-9999.0000	-9999.0000	-9999.0000	-9999.0000	20.0193	5	0	35.7022	1.0000	08	3	-9999.0000	29109	39647	-9999	1789	4893	-9999	490.6126	5	0.6883	0.6880	0.0000	104.6665	-0.4096	661.1015	511.7338	39.7454	630.7569	93.7963	654.3913	94.6296	660.4224	94.6528	664.8958	95.0000	
18/08/2017	01:04:41	011992	G488065057HLR	L488	S		617.2103	1.0292	10.0000	100.1515	40.0084	0.8430	0.8274	5.0000	18.8400	713.0787	94.9769	20.5197	24.6000	0.9300	0.9240	0.6897	-0.0001	713.0000	711.8373	1.0275	-1.8289	99.9813	39.8380	0.8230	0.8251	5.0000	-9999.0000	-9999.0000	-9999.0000	-9999.0000	-9999.0000	-9999.0000	19.3878	6	0	39.0049	1.0000	08	3	-9999.0000	29110	39648	-9999	1789	4894	-9999	491.0762	5	0.6882	0.6897	-0.0001	103.1050	-0.3222	665.7550	521.8892	39.7685	633.7140	94.8148	660.2031	95.3704	665.5697	95.3472	669.5745	95.1852	
18/08/2017	01:05:13	011992	G488065053HLR	L488	S		626.9757	1.0292	10.0000	100.0912	39.8641	0.8430	0.8270	5.0000	18.6985	713.0179	95.0000	16.5199	24.6000	0.9300	0.9239	0.6897	-0.0001	713.0000	711.0329	1.0275	-1.8430	100.0152	39.9752	0.8230	0.8250	5.0000	-9999.0000	-9999.0000	-9999.0000	-9999.0000	-9999.0000	-9999.0000	19.5626	7	0	32.5993	1.0000	08	3	-9999.0000	29111	39648	-9999	1790	4895	-9999	491.1723	5	0.6882	0.6897	-0.0001	103.1050	-0.3222	675.9515	504.5535	39.4907	641.6538	94.7222	670.0780	95.2778	675.2645	95.3241	679.8576	95.2778	
18/08/2017	01:05:43	011992	G488064986HLR	L488	S		619.9804	1.0292	10.0000	100.1012	39.8629	0.8430	0.8273	5.0000	18.8545	713.0439	94.9537	18.9094	24.5000	0.9300	0.9240	0.6945	-0.0003	713.0000	713.2294	1.0275	-1.8044	100.1379	39.7786	0.8230	0.8249	5.0000	-9999.0000	-9999.0000	-9999.0000	-9999.0000	-9999.0000	-9999.0000	19.8012	8	0	30.0282	1.0000	08	3	-9999.0000	29112	39649	-9999	1791	4896	-9999	491.4341	5	0.6885	0.6945	-0.0003	95.9388	-0.0185	669.0013	510.4935	38.0324	635.8142	94.6296	660.9357	95.4630	668.5214	95.4861	672.6512	95.2315	
18/08/2017	01:06:23	011992	G488064984HLR	L488	S		614.4499	1.0292	10.0000	100.0270	39.9545	0.8430	0.8269	5.0000	21.0392	713.0282	94.9769	24.6592	24.5000	0.9300	0.9239	0.6949	-0.0003	713.0000	712.9253	1.0275	-1.8097	99.9190	39.9673	0.8230	0.8254	5.0000	-9999.0000	-9999.0000	-9999.0000	-9999.0000	-9999.0000	-9999.0000	19.0788	1	0	39.2192	1.0000	08	3	-9999.0000	29113	39650	-9999	1792	4897	-9999	490.6551	5	0.6891	0.6949	-0.0003	96.6198	-0.0704	654.5346	523.4259	39.2593	621.7660	94.3750	647.2454	95.3241	653.7498	95.3704	657.1574	95.1620	
18/08/2017	01:06:59	011992	G488064976HLR	L488	S		616.0846	1.0292	10.0000	100.0784	39.9160	0.8430	0.8270	5.0000	19.1135	713.0533	94.9306	27.9384	24.4000	0.9300	0.9240	0.6960	-0.0003	713.0000	716.0579	1.0275	-1.7547	100.0114	39.8246	0.8230	0.8246	5.0000	-9999.0000	-9999.0000	-9999.0000	-9999.0000	-9999.0000	-9999.0000	19.5004	2	0	35.9880	1.0000	08	3	-9999.0000	29114	39650	-9999	1793	4898	-9999	490.0744	5	0.6891	0.6960	-0.0003	87.9845	0.3221	650.9720	547.4295	38.7269	620.6723	93.4954	645.3668	94.3981	650.5374	94.4444	653.5429	94.9074	
18/08/2017	01:07:35	011992	G488064975HLR	L488	S		617.8433	1.0292	10.0000	100.1133	39.8733	0.8430	0.8272	5.0000	19.4478	713.0101	95.0000	21.5187	24.4000	0.9300	0.9240	0.6952	-0.0003	713.0000	712.3913	1.0275	-1.8191	99.9801	39.8438	0.8230	0.8248	5.0000	-9999.0000	-9999.0000	-9999.0000	-9999.0000	-9999.0000	-9999.0000	20.4114	3	0	36.3690	1.0000	08	3	-9999.0000	29114	39650	-9999	1794	4899	-9999	491.2889	5	0.6892	0.6952	-0.0003	84.2865	0.5002	656.7395	502.6978	37.4074	622.0801	94.3750	651.3307	95.5093	656.2274	95.3472	660.9626	95.1389	
18/08/2017	01:08:12	011992	G488064966HLR	L488	S		622.9190	1.0292	10.0000	100.0758	39.9374	0.8430	0.8273	5.0000	18.9192	713.0294	94.9537	19.1184	24.4000	0.9300	0.9240	0.6946	-0.0003	713.0000	713.0498	1.0275	-1.8076	99.9115	39.8551	0.8230	0.8251	5.0000	-9999.0000	-9999.0000	-9999.0000	-9999.0000	-9999.0000	-9999.0000	19.3839	4	0	36.6791	1.0000	08	3	-9999.0000	29114	39651	-9999	1795	4900	-9999	491.7488	5	0.6892	0.6946	-0.0003	79.2576	0.7671	664.3662	510.2421	37.0602	630.8704	93.7500	656.9939	94.9074	663.9023	94.8843	667.4184	95.0694	
18/08/2017	01:08:46	011992	G488064988HLR	L488	S		611.5917	1.0292	10.0000	100.0703	39.8547	0.8430	0.8271	5.0000	19.3391	713.0357	94.9537	28.2792	24.3000	0.9300	0.9240	0.6958	-0.0003	713.0000	713.8000	1.0275	-1.7944	99.9249	39.8471	0.8230	0.8251	5.0000	-9999.0000	-9999.0000	-9999.0000	-9999.0000	-9999.0000	-9999.0000	19.5098	5	0	34.3482	1.0000	08	3	-9999.0000	29115	39652	-9999	1796	4901	-9999	490.1267	5	0.6887	0.6958	-0.0003	78.9991	0.7611	646.9281	527.9541	36.3889	618.2845	93.9352	641.4615	95.0463	646.3348	95.1389	649.7053	95.2083	
18/08/2017	01:09:27	011992	G488064997HLR	L488	S		615.5510	1.0292	10.0000	100.0706	39.8848	0.8430	0.8273	5.0000	18.7396	713.0482	95.0000	25.1895	24.3000	0.9300	0.9240	0.6955	-0.0003	713.0000	713.7673	1.0275	-1.7950	100.0148	39.8475	0.8230	0.8250	5.0000	-9999.0000	-9999.0000	-9999.0000	-9999.0000	-9999.0000	-9999.0000	19.6808	6	0	41.0287	1.0000	08	3	-9999.0000	29116	39653	-9999	1797	4902	-9999	490.6412	5	0.6887	0.6955	-0.0003	77.9785	0.7956	650.3047	477.1879	38.4491	619.5505	93.4954	643.8729	94.4676	649.9957	94.4676	653.8103	94.8843	
18/08/2017	01:09:58	011992	G488064970HLR	L488	S		614.8182	1.0292	10.0000	100.0800	39.9385	0.8430	0.8271	5.0000	19.1591	713.0587	95.0000	25.5791	24.3000	0.9300	0.9240	0.6949	-0.0003	713.0000	714.0958	1.0275	-1.7892	100.0468	39.8317	0.8230	0.8250	5.0000	-9999.0000	-9999.0000	-9999.0000	-9999.0000	-9999.0000	-9999.0000	19.6095	7	0	31.3291	1.0000	08	3	-9999.0000	29117	39654	-9999	1798	4903	-9999	490.6022	5	0.6889	0.6949	-0.0003	67.6078	1.2380	651.5264	479.2164	35.9954	617.7316	94.3056	645.9124	95.2083	650.8015	95.1620	654.5175	95.1157	
18/08/2017	01:10:40	011992	G488064969HLR	L488	S		615.2111	1.0292	10.0000	100.0560	39.8000	0.8430	0.8273	5.0000	18.7090	713.0790	94.9306	25.8594	24.3000	0.9300	0.9240	0.6962	-0.0003	713.0000	715.0352	1.0275	-1.7727	99.9218	39.8451	0.8230	0.8250	5.0000	-9999.0000	-9999.0000	-9999.0000	-9999.0000	-9999.0000	-9999.0000	19.4709	8	0	41.2885	1.0000	08	3	-9999.0000	29118	39655	-9999	1799	4904	-9999	490.6910	5	0.6887	0.6962	-0.0003	68.0292	1.2099	652.2026	527.3671	36.5741	618.6086	94.5139	646.1790	95.4167	651.5775	95.3472	655.3931	95.2083	
18/08/2017	01:11:15	011992	G488065006HLR	L488	S		616.3370	1.0292	10.0000	100.1094	39.9838	0.8430	0.8274	5.0000	18.9387	713.0453	94.9074	23.5997	24.3000	0.9300	0.9241	0.6963	-0.0003	713.0000	713.8162	1.0275	-1.7941	100.0339	39.7770	0.8230	0.8250	5.0000	-9999.0000	-9999.0000	-9999.0000	-9999.0000	-9999.0000	-9999.0000	19.6663	1	0	35.3386	1.0000	08	3	-9999.0000	29119	39655	-9999	1800	4905	-9999	490.9227	5	0.6885	0.6963	-0.0003	67.8775	1.2062	655.1432	512.8875	38.2639	622.5578	94.8843	647.7769	95.4167	654.5941	95.4398	657.9448	95.2546	
18/08/2017	01:11:49	011992	G488063040HLR	L488	S		591.2893	1.0292	8.6224	100.1008	39.8147	0.8430	0.8271	5.0000	18.6992	713.0481	94.9537	30.2196	24.4000	0.9300	0.9241	0.6976	-0.0004	713.0000	714.7839	1.0275	-1.7771	100.0607	39.8986	0.8230	0.8248	5.0000	-9999.0000	-9999.0000	-9999.0000	-9999.0000	-9999.0000	-9999.0000	19.8084	2	0	33.9489	1.0000	08	4	-9999.0000	29119	39656	-9999	1801	4906	-9999	489.2482	5	0.6883	0.6976	-0.0004	73.9978	0.9738	640.4764	548.8201	39.0046	610.2121	94.4907	634.6669	95.2315	639.9053	95.2083	644.4814	95.2083	
18/08/2017	01:12:17	011992	G488063010HLR	L488	S		601.0630	1.0292	9.4687	100.0370	39.8251	0.8430	0.8274	5.0000	19.2295	713.0550	94.9769	20.5891	24.5000	0.9300	0.9242	0.6977	-0.0004	713.0000	714.8502	1.0275	-1.7759	100.0549	39.7108	0.8230	0.8247	5.0000	-9999.0000	-9999.0000	-9999.0000	-9999.0000	-9999.0000	-9999.0000	21.1285	3	0	27.6083	1.0000	08	4	-9999.0000	29120	39657	-9999	1802	4907	-9999	491.5203	5	0.6879	0.6977	-0.0004	73.2953	1.0048	657.7711	502.0037	39.0046	623.9961	94.8148	649.9656	95.3704	657.3012	95.2778	661.9660	95.1852	
18/08/2017	01:12:50	011992	G488063043HLR	L488	S		605.0059	1.0292	9.8100	100.0547	39.9479	0.8430	0.8272	5.0000	18.7997	713.0440	94.9306	30.4588	24.5000	0.9300	0.9242	0.6977	-0.0004	713.0000	712.6144	1.0275	-1.8152	99.8880	40.0389	0.8230	0.8254	5.0000	-9999.0000	-9999.0000	-9999.0000	-9999.0000	-9999.0000	-9999.0000	19.4285	4	0	33.7292	1.0000	08	4	-9999.0000	29121	39658	-9999	1803	4908	-9999	488.4502	5	0.6876	0.6977	-0.0004	75.1654	0.9375	642.0137	545.4641	38.3102	612.9610	94.4907	635.7935	95.2315	641.7147	95.2778	645.3111	95.2546	
18/08/2017	01:13:24	011992	G488063039HLR	L488	S		601.2056	1.0292	9.4810	100.0717	39.7403	0.8430	0.8271	5.0000	18.7592	713.0480	94.9537	24.6397	24.6000	0.9300	0.9242	0.6999	-0.0005	713.0000	712.4243	1.0275	-1.8186	100.0050	39.7623	0.8230	0.8244	5.0000	-9999.0000	-9999.0000	-9999.0000	-9999.0000	-9999.0000	-9999.0000	19.5573	5	0	33.4781	1.0000	08	4	-9999.0000	29122	39659	-9999	1804	4909	-9999	490.2037	5	0.6872	0.6999	-0.0005	73.2932	1.0081	648.1187	517.5583	40.6250	617.0004	95.0926	641.3334	95.5787	647.6726	95.5093	651.9548	95.2778	
18/08/2017	01:13:52	011992	G488063000HLR	L488	S		616.8918	1.0292	10.0000	100.0482	40.0321	0.8430	0.8274	5.0000	19.0388	713.0245	94.9306	23.1896	24.7000	0.9300	0.9242	0.6984	-0.0005	713.0000	715.3262	1.0275	-1.7676	99.9938	39.8715	0.8230	0.8252	5.0000	-9999.0000	-9999.0000	-9999.0000	-9999.0000	-9999.0000	-9999.0000	20.0716	6	0	28.6289	1.0000	08	4	-9999.0000	29123	39660	-9999	1805	4910	-9999	490.7088	5	0.6871	0.6984	-0.0005	68.3403	1.1963	651.3559	503.9331	40.6019	624.3029	93.6111	645.6690	94.3750	650.7941	94.4444	655.8849	94.9074	
18/08/2017	01:14:17	011992	G488065038HLR	L488	S		622.0154	1.0292	10.0000	100.0998	39.7830	0.8430	0.8271	5.0000	18.7191	713.0374	94.9537	16.8695	24.8000	0.9300	0.9242	0.6984	-0.0005	713.0000	711.1379	1.0275	-1.8412	99.9451	39.9104	0.8230	0.8248	5.0000	-9999.0000	-9999.0000	-9999.0000	-9999.0000	-9999.0000	-9999.0000	19.8358	7	0	24.9721	1.0000	08	4	-9999.0000	29124	39661	-9999	1806	4911	-9999	492.5472	5	0.6871	0.6984	-0.0005	68.3403	1.1963	666.5828	494.0138	39.2361	635.3296	94.6528	659.2927	95.0463	665.6777	95.0463	670.6333	95.0926	
18/08/2017	01:14:54	011992	G488065192HLR	L488	S		614.7132	1.0292	10.0000	100.0994	39.9000	0.8430	0.8276	5.0000	18.7797	713.0846	94.9537	22.9796	24.9000	0.9300	0.9242	0.6962	-0.0004	713.0000	712.1273	1.0275	-1.8238	99.9342	39.7475	0.8230	0.8247	5.0000	-9999.0000	-9999.0000	-9999.0000	-9999.0000	-9999.0000	-9999.0000	19.5486	8	0	36.7110	1.0000	08	4	-9999.0000	29125	39662	-9999	1807	4912	-9999	490.6867	5	0.6870	0.6962	-0.0004	62.2655	1.4537	653.2011	525.3632	37.9630	623.0597	93.1944	646.3855	94.1435	652.7631	94.4444	658.2859	95.0231	
18/08/2017	01:15:29	011992	G488065193HLR	L488	S		618.1287	1.0292	10.0000	100.0542	39.9208	0.8430	0.8268	5.0000	20.1619	713.0401	94.9537	22.7599	24.9000	0.9300	0.9242	0.6935	-0.0003	713.0000	712.5158	1.0275	-1.8169	99.9020	39.9355	0.8230	0.8255	5.0000	-9999.0000	-9999.0000	-9999.0000	-9999.0000	-9999.0000	-9999.0000	19.5582	1	0	35.3841	1.0000	08	4	-9999.0000	29126	39663	-9999	1808	4913	-9999	490.6169	5	0.6867	0.6935	-0.0003	66.6553	1.2975	657.2607	507.9682	39.6759	627.8191	93.7037	651.9414	94.6759	656.9042	94.7222	662.0470	95.0231	
18/08/2017	01:16:07	011992	G488065191HLR	L488	S		617.4468	1.0292	10.0000	100.0996	39.8116	0.8430	0.8271	5.0000	19.2687	713.0578	94.9306	17.7992	25.0000	0.9300	0.9242	0.6953	-0.0003	713.0000	710.3847	1.0275	-1.8544	100.0038	39.9270	0.8230	0.8247	5.0000	-9999.0000	-9999.0000	-9999.0000	-9999.0000	-9999.0000	-9999.0000	19.4390	2	0	37.2980	1.0000	08	4	-9999.0000	29127	39664	-9999	1809	4914	-9999	491.2129	5	0.6873	0.6953	-0.0003	66.8625	1.2994	666.1446	495.0638	39.1667	632.6473	94.3750	658.5015	95.0231	665.1008	94.9769	670.4707	95.1157	
18/08/2017	01:17:14	011992	G488064980HLR	L488	S		611.8226	1.0292	10.0000	100.1096	39.9070	0.8430	0.8272	5.0000	18.7385	713.0283	95.0463	25.8487	25.0000	0.9300	0.9243	0.6992	-0.0005	713.0000	709.6736	1.0275	-1.8669	100.0018	39.7547	0.8230	0.8246	5.0000	-9999.0000	-9999.0000	-9999.0000	-9999.0000	-9999.0000	-9999.0000	19.1753	4	0	34.2088	1.0000	08	4	-9999.0000	29128	39665	-9999	1811	4915	-9999	489.7206	5	0.6876	0.6992	-0.0005	65.8152	1.3500	643.4121	480.9601	37.3380	614.9412	92.3148	635.9028	93.0787	642.9169	93.3796	648.7658	94.6296	
18/08/2017	01:17:47	011992	G488064979HLR	L488	S		613.6231	1.0292	10.0000	100.0958	39.8764	0.8430	0.8272	5.0000	18.7869	713.0598	94.9769	24.5889	25.0000	0.9300	0.9241	0.7008	-0.0005	713.0000	711.2031	1.0275	-1.8400	99.9478	39.8096	0.8230	0.8256	5.0000	-9999.0000	-9999.0000	-9999.0000	-9999.0000	-9999.0000	-9999.0000	19.9292	5	0	33.5490	1.0000	08	4	-9999.0000	29129	39666	-9999	1812	4916	-9999	490.2155	5	0.6881	0.7008	-0.0005	60.2470	1.7389	651.0902	507.9528	37.0602	622.1255	94.3519	645.1524	95.2083	650.5162	95.1620	655.2678	95.2083	
18/08/2017	01:18:21	011992	G488065034HLR	L488	S		616.1708	1.0292	10.0000	99.9997	39.9613	0.8430	0.8273	5.0000	18.5244	713.0780	94.9769	26.4590	25.0000	0.9300	0.9240	0.7008	-0.0005	713.0000	714.3737	1.0275	-1.7843	100.0423	39.9962	0.8230	0.8248	5.0000	-9999.0000	-9999.0000	-9999.0000	-9999.0000	-9999.0000	-9999.0000	20.0464	6	0	33.6788	1.0000	08	4	-9999.0000	29129	39667	-9999	1813	4917	-9999	489.7790	5	0.6881	0.7008	-0.0005	60.2470	1.7389	650.8773	503.5621	37.7315	618.4432	95.3009	645.7066	95.1620	650.2873	95.1620	654.8471	95.1852	
18/08/2017	01:18:55	011992	G488065056HLR	L488	S		615.8443	1.0292	10.0000	100.1178	39.8379	0.8430	0.8272	5.0000	18.8849	713.0543	94.9769	21.6887	25.0000	0.9300	0.9240	0.7003	-0.0005	713.0000	710.8067	1.0275	-1.8470	99.9895	39.6926	0.8230	0.8248	5.0000	-9999.0000	-9999.0000	-9999.0000	-9999.0000	-9999.0000	-9999.0000	19.1112	7	0	34.0219	1.0000	08	4	-9999.0000	29130	39668	-9999	1814	4918	-9999	491.5775	5	0.6883	0.7003	-0.0005	68.8390	1.2532	653.3203	492.0007	41.0880	625.0801	95.7176	646.8874	94.6065	652.9757	94.6991	657.0208	95.0000	
18/08/2017	01:19:30	011992	G488065052HLR	L488	S		617.1668	1.0292	10.0000	100.1245	39.9647	0.8430	0.8275	5.0000	18.6593	713.0187	94.9306	23.4591	25.0000	0.9300	0.9239	0.6989	-0.0004	713.0000	712.0179	1.0275	-1.8257	99.9815	39.9860	0.8230	0.8257	5.0000	-9999.0000	-9999.0000	-9999.0000	-9999.0000	-9999.0000	-9999.0000	19.3998	8	0	35.5194	1.0000	08	4	-9999.0000	29131	39669	-9999	1815	4919	-9999	490.9143	5	0.6888	0.6989	-0.0004	69.7993	1.1766	652.8235	532.2425	38.9583	623.4984	95.1157	646.7726	95.2778	652.2437	95.3009	656.8133	95.2546	
18/08/2017	01:20:05	011992	G488064985HLR	L488	S		614.3615	1.0292	10.0000	99.9763	39.9040	0.8430	0.8272	5.0000	18.3687	713.0427	94.9306	22.7794	25.0000	0.9300	0.9239	0.7007	-0.0005	713.0000	711.6492	1.0275	-1.8322	100.0281	39.7611	0.8230	0.8244	5.0000	-9999.0000	-9999.0000	-9999.0000	-9999.0000	-9999.0000	-9999.0000	19.8734	1	0	34.5141	1.0000	08	4	-9999.0000	29132	39669	-9999	1816	4920	-9999	491.3325	5	0.6886	0.7007	-0.0005	71.0598	1.1084	653.8612	513.1278	40.0694	623.7352	95.3472	647.4813	95.2315	653.2736	95.2778	657.1727	95.2083	
18/08/2017	01:20:43	011992	G488065036HLR	L488	S		615.5518	1.0292	10.0000	100.0808	39.8483	0.8430	0.8273	5.0000	18.6887	713.0421	94.9074	22.7687	24.9000	0.9300	0.9240	0.7016	-0.0005	713.0000	712.7055	1.0275	-1.8136	99.9757	39.8337	0.8230	0.8253	5.0000	-9999.0000	-9999.0000	-9999.0000	-9999.0000	-9999.0000	-9999.0000	20.1128	2	0	37.9694	1.0000	08	4	-9999.0000	29132	39670	-9999	1817	4921	-9999	491.4057	5	0.6892	0.7016	-0.0005	76.6486	0.8457	653.7648	493.1827	38.8889	626.5584	95.3935	648.3193	94.4444	653.0286	94.4213	657.1030	94.9306	
18/08/2017	01:21:15	011992	G488063013HLR	L488	S		601.5218	1.0292	9.5084	100.0877	39.9389	0.8430	0.8274	5.0000	18.7786	713.0332	94.9074	23.2696	24.9000	0.9300	0.9239	0.7012	-0.0005	713.0000	716.0116	1.0275	-1.7555	100.0175	39.9162	0.8230	0.8248	5.0000	-9999.0000	-9999.0000	-9999.0000	-9999.0000	-9999.0000	-9999.0000	19.6997	3	0	32.0186	1.0000	08	4	-9999.0000	29133	39671	-9999	1818	4922	-9999	491.2433	5	0.6894	0.7012	-0.0005	76.8355	0.8294	653.5516	508.8485	40.0463	623.1889	95.4398	646.8123	95.3704	652.7637	95.4398	657.3853	95.3009	
18/08/2017	01:21:49	011992	G488065050HLR	L488	S		610.5180	1.0292	10.0000	100.0897	39.8639	0.8430	0.8272	5.0000	18.7492	713.0473	95.0000	24.7686	24.9000	0.9300	0.9239	0.7001	-0.0005	713.0000	713.2624	1.0275	-1.8038	100.0336	39.7549	0.8230	0.8250	5.0000	-9999.0000	-9999.0000	-9999.0000	-9999.0000	-9999.0000	-9999.0000	19.6513	4	0	34.6089	1.0000	08	4	-9999.0000	29134	39671	-9999	1819	4923	-9999	490.8472	5	0.6898	0.7001	-0.0005	77.0362	0.8180	650.3024	494.3854	40.1157	621.4407	95.2778	643.9691	95.3935	649.5896	95.5556	654.5725	95.2546	
18/08/2017	01:22:19	011992	G488065005HLR	L488	S		616.4736	1.0292	10.0000	100.1010	39.8635	0.8430	0.8274	5.0000	18.6778	713.0413	94.9306	22.5695	24.9000	0.9300	0.9239	0.6977	-0.0003	713.0000	711.8260	1.0275	-1.8291	99.9380	39.9487	0.8230	0.8253	5.0000	-9999.0000	-9999.0000	-9999.0000	-9999.0000	-9999.0000	-9999.0000	19.9219	5	0	29.3114	1.0000	08	4	-9999.0000	29134	39672	-9999	1820	4924	-9999	491.9312	5	0.6895	0.6977	-0.0003	82.0915	0.6141	653.9059	505.9570	40.9491	624.9869	95.3704	648.2428	95.1852	653.1011	95.2315	658.2685	95.2315	
18/08/2017	01:22:52	011992	G488065004HLR	L488	S		615.2234	1.0292	10.0000	100.0393	39.9295	0.8430	0.8272	5.0000	19.2794	713.0709	94.9769	27.2089	24.8000	0.9300	0.9239	0.7006	-0.0005	713.0000	713.7378	1.0275	-1.7955	99.9805	39.7717	0.8230	0.8248	5.0000	-9999.0000	-9999.0000	-9999.0000	-9999.0000	-9999.0000	-9999.0000	19.1694	6	0	33.0857	1.0000	08	4	-9999.0000	29135	39672	-9999	1821	4925	-9999	490.8265	5	0.6892	0.7006	-0.0005	81.8536	0.6182	651.7778	478.7195	38.6111	623.8472	94.8380	645.5005	95.0231	651.2531	95.0926	655.0927	95.1389	
18/08/2017	01:23:25	011992	G488065042HLR	L488	S		620.2531	1.0292	10.0000	100.0802	39.8124	0.8430	0.8272	5.0000	18.7489	713.0333	95.0000	21.2795	24.8000	0.9300	0.9239	0.7013	-0.0005	713.0000	712.7749	1.0275	-1.8124	99.9543	39.8000	0.8230	0.8252	5.0000	-9999.0000	-9999.0000	-9999.0000	-9999.0000	-9999.0000	-9999.0000	19.4317	7	0	32.8493	1.0000	08	4	-9999.0000	29136	39673	-9999	1822	4926	-9999	492.1620	5	0.6892	0.7013	-0.0005	82.3199	0.6066	659.0050	495.7383	41.0417	627.4178	95.1620	652.4009	95.5093	658.5970	95.5556	662.2240	95.2315	
18/08/2017	01:24:01	011992	G488064995HLR	L488	S		614.4665	1.0292	10.0000	100.0189	39.9078	0.8430	0.8269	5.0000	20.6898	713.0794	94.9074	23.8888	24.8000	0.9300	0.9239	0.7127	-0.0010	713.0000	710.9745	1.0275	-1.8440	100.0320	39.9537	0.8230	0.8250	5.0000	-9999.0000	-9999.0000	-9999.0000	-9999.0000	-9999.0000	-9999.0000	19.7513	8	0	36.6979	1.0000	08	4	-9999.0000	29137	39673	-9999	1823	4927	-9999	491.3612	5	0.6891	0.7127	-0.0010	82.4206	0.6000	652.9723	539.6022	38.1713	625.8103	94.7222	647.5372	95.2546	652.3624	95.3472	657.0243	95.2315	
18/08/2017	01:24:32	011992	G488065190HLR	L488	S		620.8002	1.0292	10.0000	100.0863	39.8279	0.8430	0.8271	5.0000	18.7492	713.0249	94.9306	18.4690	24.9000	0.9300	0.9239	0.7103	-0.0009	713.0000	715.6442	1.0275	-1.7620	99.9923	39.7136	0.8230	0.8247	5.0000	-9999.0000	-9999.0000	-9999.0000	-9999.0000	-9999.0000	-9999.0000	19.3961	1	0	30.6394	1.0000	08	4	-9999.0000	29137	39674	-9999	1824	4928	-9999	495.2355	5	0.6889	0.7103	-0.0009	82.9400	0.5775	653.5574	498.6672	39.8380	622.2881	94.8611	646.6649	94.6759	653.0440	94.7917	657.4631	95.0694	
18/08/2017	01:25:05	011992	G488065020HLR	L488	S		622.3979	1.0292	10.0000	100.0625	39.8747	0.8430	0.8272	5.0000	19.5198	713.0251	94.9537	22.3195	24.9000	0.9300	0.9240	0.7084	-0.0008	713.0000	715.3950	1.0275	-1.7663	99.9522	39.9776	0.8230	0.8254	5.0000	-9999.0000	-9999.0000	-9999.0000	-9999.0000	-9999.0000	-9999.0000	19.7111	2	0	33.2984	1.0000	08	4	-9999.0000	29138	39675	-9999	1825	4929	-9999	492.4657	5	0.6890	0.7084	-0.0008	76.5980	0.8448	650.1460	478.7456	40.2778	620.3931	94.7454	643.9999	94.8380	649.4823	94.9537	654.1944	95.1157	
18/08/2017	01:25:40	011992	G488065055HLR	L488	S		617.9942	1.0292	10.0000	100.0527	39.8615	0.8430	0.8271	5.0000	19.1193	713.0676	94.9537	22.0695	24.9000	0.9300	0.9240	0.7038	-0.0006	713.0000	713.0528	1.0275	-1.8075	99.9508	39.7639	0.8230	0.8246	5.0000	-9999.0000	-9999.0000	-9999.0000	-9999.0000	-9999.0000	-9999.0000	19.5811	3	0	34.5988	1.0000	08	4	-9999.0000	29139	39676	-9999	1826	4930	-9999	492.3766	5	0.6896	0.7038	-0.0006	73.1421	0.9986	649.9294	514.1096	40.8796	619.7681	95.0926	644.2553	94.8148	649.4072	94.8380	654.9414	95.0463	
18/08/2017	01:26:12	011992	G488065204HLR	L488	S		612.2912	1.0292	10.0000	100.0971	39.8663	0.8430	0.8272	5.0000	18.9303	713.0253	94.9769	25.9092	25.0000	0.9300	0.9240	0.7016	-0.0005	713.0000	712.5222	1.0275	-1.8168	100.0025	39.8844	0.8230	0.8255	5.0000	-9999.0000	-9999.0000	-9999.0000	-9999.0000	-9999.0000	-9999.0000	19.1921	4	0	31.8985	1.0000	08	4	-9999.0000	29140	39677	-9999	1827	4931	-9999	490.7853	5	0.6896	0.7016	-0.0005	84.2199	0.5178	646.3697	524.0839	40.4630	618.7805	95.2546	640.0183	94.3750	645.6415	94.3981	650.1223	94.9074	
18/08/2017	01:26:40	011992	G488065202HLR	L488	S		612.4015	1.0292	10.0000	100.0689	39.8683	0.8430	0.8273	5.0000	18.6361	713.0333	94.9537	19.9290	25.1000	0.9300	0.9240	0.7010	-0.0005	713.0000	713.3839	1.0275	-1.8017	100.0584	39.8463	0.8230	0.8246	5.0000	-9999.0000	-9999.0000	-9999.0000	-9999.0000	-9999.0000	-9999.0000	19.9015	5	0	28.1992	1.0000	08	4	-9999.0000	29141	39678	-9999	1828	4932	-9999	493.0739	5	0.6895	0.7010	-0.0005	79.1318	0.7509	656.1522	493.4339	38.6343	625.0314	95.2315	649.8668	94.3981	655.7276	94.3750	660.9578	94.9306	
18/08/2017	01:27:12	011992	G488065021HLR	L488	S		612.8984	1.0292	10.0000	100.0983	39.8750	0.8430	0.8273	5.0000	18.9025	713.0674	94.9306	22.4894	25.1000	0.9300	0.9240	0.7012	-0.0005	713.0000	714.2600	1.0275	-1.7863	100.0004	39.7683	0.8230	0.8249	5.0000	-9999.0000	-9999.0000	-9999.0000	-9999.0000	-9999.0000	-9999.0000	19.9088	6	0	31.5887	1.0000	08	4	-9999.0000	29142	39679	-9999	1829	4933	-9999	492.0339	5	0.6895	0.7012	-0.0005	78.8512	0.7520	654.8719	495.2156	40.5324	624.9476	95.3009	649.2015	94.7222	654.2893	94.7685	658.8876	95.0463	
18/08/2017	01:27:42	011992	G488065014HLR	L488	S		613.5636	1.0292	10.0000	100.0946	39.8407	0.8430	0.8273	5.0000	18.8098	713.0726	94.9306	23.8390	25.1000	0.9300	0.9240	0.7006	-0.0005	713.0000	713.4241	1.0275	-1.8010	99.9614	39.9807	0.8230	0.8254	5.0000	-9999.0000	-9999.0000	-9999.0000	-9999.0000	-9999.0000	-9999.0000	19.5644	7	0	30.4686	1.0000	08	4	-9999.0000	29143	39680	-9999	1830	4934	-9999	491.5802	5	0.6894	0.7006	-0.0005	75.8398	0.8870	650.4371	514.5401	37.8009	622.5347	95.7870	644.9994	94.2593	649.6467	94.3056	653.8581	94.9306	
18/08/2017	01:28:11	011992	G488065187HLR	L488	S		611.2984	1.0292	10.0000	100.0759	39.9242	0.8430	0.8273	5.0000	18.8751	713.0359	94.9769	21.0891	25.2000	0.9300	0.9240	0.7008	-0.0005	713.0000	712.5797	1.0275	-1.8158	100.0857	39.8389	0.8230	0.8247	5.0000	-9999.0000	-9999.0000	-9999.0000	-9999.0000	-9999.0000	-9999.0000	19.4015	8	0	28.7989	1.0000	08	4	-9999.0000	29144	39681	-9999	1831	4935	-9999	492.5494	5	0.6899	0.7008	-0.0005	82.6398	0.6174	655.6139	504.6702	39.3056	620.6627	95.7639	650.2356	94.3287	654.9905	94.3519	659.1194	94.9306	
18/08/2017	01:28:39	011992	G488065167HLR	L488	S		623.7215	1.0292	10.0000	100.1221	39.8645	0.8430	0.8272	5.0000	18.7623	713.0485	94.9537	17.4388	25.3000	0.9300	0.9240	0.7008	-0.0005	713.0000	711.7272	1.0275	-1.8308	99.9565	39.7862	0.8230	0.8251	5.0000	-9999.0000	-9999.0000	-9999.0000	-9999.0000	-9999.0000	-9999.0000	19.4538	1	0	28.0786	1.0000	08	4	-9999.0000	29145	39682	-9999	1832	4936	-9999	493.8601	5	0.6899	0.7008	-0.0005	82.6398	0.6174	665.9326	486.6678	37.9167	630.7645	94.6296	659.0204	95.6250	665.0502	95.7176	670.2511	95.1157	
18/08/2017	01:29:10	011992	G488065188HLR	L488	S		623.8982	1.0292	10.0000	100.1012	39.8529	0.8430	0.8274	5.0000	18.8094	713.0355	95.0000	20.7893	25.4000	0.9300	0.9240	0.7003	-0.0005	713.0000	712.6602	1.0275	-1.8144	99.9355	40.0371	0.8230	0.8256	5.0000	-9999.0000	-9999.0000	-9999.0000	-9999.0000	-9999.0000	-9999.0000	19.1688	2	0	30.8691	1.0000	08	4	-9999.0000	29146	39683	-9999	1833	4937	-9999	492.6601	5	0.6898	0.7003	-0.0005	87.1252	0.4456	660.2808	523.2187	37.1065	629.3141	95.3472	655.8316	94.6528	659.7796	94.7222	665.4935	95.0463	
18/08/2017	01:29:40	011992	G488065200HLR	L488	S		620.8187	1.0292	10.0000	100.1177	39.9489	0.8430	0.8273	5.0000	18.8391	713.0246	94.9306	19.6995	25.4000	0.9300	0.9239	0.7001	-0.0004	713.0000	712.0024	1.0275	-1.8260	99.9850	39.8491	0.8230	0.8246	5.0000	-9999.0000	-9999.0000	-9999.0000	-9999.0000	-9999.0000	-9999.0000	19.2684	3	0	30.6853	1.0000	08	4	-9999.0000	29147	39684	-9999	1834	4938	-9999	492.8889	5	0.6902	0.7001	-0.0004	88.7365	0.4005	661.3235	498.9373	37.4769	626.5559	94.0509	654.0092	94.9769	660.9216	95.0694	665.3022	95.1620	
18/08/2017	01:30:11	011992	G488065203HLR	L488	S		623.7488	1.0292	10.0000	100.1017	39.8998	0.8430	0.8272	5.0000	18.7700	713.0680	94.9306	18.0491	25.4000	0.9300	0.9239	0.7022	-0.0005	713.0000	710.2407	1.0275	-1.8569	99.9611	39.8133	0.8230	0.8251	5.0000	-9999.0000	-9999.0000	-9999.0000	-9999.0000	-9999.0000	-9999.0000	19.3704	4	0	30.9529	1.0000	08	4	-9999.0000	29148	39685	-9999	1835	4939	-9999	493.5204	5	0.6905	0.7022	-0.0005	78.4792	0.8594	665.4844	526.5508	40.0694	636.6806	95.6250	660.9997	94.7454	664.9589	94.7917	669.6769	95.0694	
18/08/2017	01:30:42	011992	G488065012HLR	L488	S		627.7542	1.0292	10.0000	100.0961	39.8297	0.8430	0.8272	5.0000	18.7893	713.0443	94.9537	17.3001	25.4000	0.9300	0.9238	0.7038	-0.0006	713.0000	712.9637	1.0275	-1.8091	99.9540	39.9749	0.8230	0.8251	5.0000	-9999.0000	-9999.0000	-9999.0000	-9999.0000	-9999.0000	-9999.0000	19.8885	5	0	30.2890	1.0000	08	4	-9999.0000	29149	39686	-9999	1836	4940	-9999	494.1007	5	0.6905	0.7038	-0.0006	72.7965	1.0992	669.3432	533.3567	39.5370	638.7533	95.7870	662.4888	95.3009	669.0936	95.4861	673.5729	95.1852	
18/08/2017	01:31:14	011992	G488065023HLR	L488	S		624.9936	1.0292	10.0000	100.0792	39.9299	0.8430	0.8273	5.0000	18.9495	713.0638	94.9306	20.0598	25.3000	0.9300	0.9238	0.7070	-0.0008	713.0000	714.0034	1.0275	-1.7908	99.9832	39.8020	0.8230	0.8246	5.0000	-9999.0000	-9999.0000	-9999.0000	-9999.0000	-9999.0000	-9999.0000	19.7587	6	0	31.7487	1.0000	08	4	-9999.0000	29150	39687	-9999	1837	4941	-9999	493.0775	5	0.6906	0.7070	-0.0008	64.9501	1.4224	661.1557	529.0627	38.4722	629.2719	95.8565	655.1012	95.4861	660.7592	95.6713	666.3462	95.2778	
18/08/2017	01:31:44	011992	G488065026HLR	L488	S		618.5319	1.0292	10.0000	100.0959	39.9403	0.8430	0.8271	5.0000	18.8734	713.0884	94.9537	19.9485	25.3000	0.9300	0.9238	0.7070	-0.0008	713.0000	714.3905	1.0275	-1.7840	99.9839	39.8701	0.8230	0.8253	5.0000	-9999.0000	-9999.0000	-9999.0000	-9999.0000	-9999.0000	-9999.0000	19.3121	7	0	30.3388	1.0000	08	4	-9999.0000	29151	39688	-9999	1838	4942	-9999	493.5087	5	0.6912	0.7070	-0.0008	59.0264	1.7025	655.6902	526.5011	39.4676	625.3043	95.4630	649.8289	94.4676	655.2357	94.5602	659.9821	94.9769	
18/08/2017	01:32:17	011992	G488065015HLR	L488	S		624.2970	1.0292	10.0000	100.1245	39.8497	0.8430	0.8271	5.0000	18.7786	713.0810	95.0000	20.2287	25.3000	0.9300	0.9238	0.7052	-0.0007	713.0000	713.7009	1.0275	-1.7961	100.0194	39.8916	0.8230	0.8246	5.0000	-9999.0000	-9999.0000	-9999.0000	-9999.0000	-9999.0000	-9999.0000	20.4702	8	0	32.7780	1.0000	08	4	-9999.0000	29152	39689	-9999	1839	4943	-9999	493.5110	5	0.6914	0.7052	-0.0007	54.9018	1.9005	657.3915	515.1698	37.7778	627.3211	95.7176	650.7875	95.2546	656.7405	95.3704	661.6671	95.2083	
18/08/2017	01:32:49	011992	G488065019HLR	L488	S		621.1451	1.0292	10.0000	100.1011	39.9096	0.8430	0.8274	5.0000	18.6489	713.0380	94.9306	19.5198	25.2000	0.9300	0.9238	0.7077	-0.0008	713.0000	714.2653	1.0275	-1.7862	100.1547	39.7762	0.8230	0.8248	5.0000	-9999.0000	-9999.0000	-9999.0000	-9999.0000	-9999.0000	-9999.0000	19.4817	1	0	32.7488	1.0000	08	4	-9999.0000	29153	39690	-9999	1840	4944	-9999	493.5570	5	0.6916	0.7077	-0.0008	43.8341	2.4489	659.3182	514.9306	38.4954	627.6951	95.6713	652.1148	95.0926	658.5865	95.1389	663.1514	95.2083	
18/08/2017	01:33:21	011992	G488065027HLR	L488	S		617.5080	1.0292	10.0000	100.0490	39.9397	0.8430	0.8272	5.0000	18.6807	713.0638	94.9769	20.9289	25.2000	0.9300	0.9238	0.7078	-0.0008	713.0000	715.2022	1.0275	-1.7697	100.0194	39.9667	0.8230	0.8254	5.0000	-9999.0000	-9999.0000	-9999.0000	-9999.0000	-9999.0000	-9999.0000	19.3790	2	0	31.3492	1.0000	08	4	-9999.0000	29154	39691	-9999	1841	4945	-9999	492.7108	5	0.6916	0.7078	-0.0008	43.5160	2.4489	653.9083	482.8501	39.3287	622.9991	95.6019	647.8619	94.4444	653.4839	94.5139	657.8556	95.0000	
18/08/2017	01:33:49	011992	G488064974HLR	L488	S		622.2747	1.0292	10.0000	100.0874	39.8411	0.8430	0.8271	5.0000	18.8900	713.0637	94.9537	19.6897	25.2000	0.9300	0.9238	0.7053	-0.0007	713.0000	712.1687	1.0275	-1.8230	100.0016	39.8042	0.8230	0.8248	5.0000	-9999.0000	-9999.0000	-9999.0000	-9999.0000	-9999.0000	-9999.0000	19.3788	3	0	28.6291	1.0000	08	4	-9999.0000	29155	39692	-9999	1842	4946	-9999	493.3968	5	0.6918	0.7053	-0.0007	48.8529	2.1368	656.1130	489.0294	40.3935	622.4190	95.6250	648.9194	94.9769	655.2815	95.0926	660.7380	95.1389	
18/08/2017	01:34:21	011992	G488065049HLR	L488	S		614.7823	1.0292	10.0000	100.0631	39.9110	0.8430	0.8275	5.0000	19.2687	713.0221	94.9537	22.0187	25.1000	0.9300	0.9238	0.7079	-0.0008	713.0000	711.7311	1.0275	-1.8307	99.9543	39.8509	0.8230	0.8252	5.0000	-9999.0000	-9999.0000	-9999.0000	-9999.0000	-9999.0000	-9999.0000	19.5413	4	0	31.7282	1.0000	08	4	-9999.0000	29156	39693	-9999	1843	4947	-9999	492.1970	5	0.6920	0.7079	-0.0008	48.1062	2.1920	651.1771	520.5700	40.9722	620.0155	95.7407	644.5705	94.9537	650.6611	95.0926	654.7589	95.1852	
18/08/2017	01:34:53	011992	G488065048HLR	L488	S		614.1233	1.0292	10.0000	100.1003	39.9248	0.8430	0.8271	5.0000	18.9889	713.0581	94.9537	21.9591	25.1000	0.9300	0.9237	0.7126	-0.0011	713.0000	710.4323	1.0275	-1.8536	100.0070	39.9046	0.8230	0.8249	5.0000	-9999.0000	-9999.0000	-9999.0000	-9999.0000	-9999.0000	-9999.0000	19.7013	5	0	31.4090	1.0000	08	4	-9999.0000	29157	39694	-9999	1844	4948	-9999	491.9977	5	0.6918	0.7126	-0.0011	52.4118	1.9590	646.8996	488.6181	40.5556	615.9079	95.6481	639.6572	94.1898	646.4292	94.3056	649.9895	94.9306	
18/08/2017	01:35:31	011992	G488065051HLR	L488	S		618.9451	1.0292	10.0000	100.0949	39.8433	0.8430	0.8272	5.0000	18.9094	713.0723	94.9769	20.5588	25.1000	0.9300	0.9238	0.7131	-0.0011	713.0000	714.4690	1.0275	-1.7826	100.1737	39.8032	0.8230	0.8249	5.0000	-9999.0000	-9999.0000	-9999.0000	-9999.0000	-9999.0000	-9999.0000	19.2746	6	0	38.3900	1.0000	08	4	-9999.0000	29158	39694	-9999	1845	4949	-9999	492.4728	5	0.6917	0.7131	-0.0011	47.0241	2.2198	653.4942	486.7369	39.9306	621.3814	95.8333	645.8249	95.3472	653.2202	95.4630	657.5169	95.2315	
18/08/2017	01:36:02	011992	G488065028HLR	L488	S		619.3682	1.0292	10.0000	100.1275	39.9106	0.8430	0.8274	5.0000	18.6980	713.0861	94.9537	17.8187	25.0000	0.9300	0.9237	0.7069	-0.0008	713.0000	716.1491	1.0275	-1.7531	100.0653	39.8559	0.8230	0.8251	5.0000	-9999.0000	-9999.0000	-9999.0000	-9999.0000	-9999.0000	-9999.0000	19.9775	7	0	30.9180	1.0000	08	4	-9999.0000	29158	39695	-9999	1846	4950	-9999	494.7346	5	0.6917	0.7069	-0.0008	39.0874	2.6513	657.3524	486.5322	37.7315	626.4235	95.5324	650.5387	94.8148	656.6315	94.9537	661.6626	95.1157	
