Data	Timp	Nr. masina	Nr. de serie	Tip	Productie	Comentariu	Pre-masurare Q [ml/min]	Pre-masurare Gain	Pre-masurare Offset Master	Pre-masurare P [bar]	Pre-masurare T [°C]	Pre-masurare Densitate fixa [kg/l]	Pre-masurare densitate masurata [kg/l]	Pre-masurare Timp masurare [s]	Pre-masurare Cycle time [s]	rectificare Q Oprire [ml/min]	rectificare P Oprire [bar]	rectificare Timp rectificare [s]	rectificare T [°C]	rectificare Densitate fixa [kg/l]	rectificare densitate masurata [kg/l]	rectificare Factor de masurare la rectificare	rectificare Factor de corectie a debitului	rectificare Target rectificare	Masurare Q [ml/min]	Masurare Gain	Masurare Offset Master	Masurare P [bar]	Masurare T [°C]	Masurare Densitate fixa [kg/l]	Masurare densitate masurata [kg/l]	Masurare Timp masurare [s]	Masurare Q [ml/min]	Masurare Delta Q [ml/min]	Masurare P [bar]	Masurare BP [bar]	Masurare T [°C]	Masurare Timp masurare [s]	Masurare Cycle time [s]	Nest Nr.	Cod de descarcare	Cycle time [s]	Traceability aktiv	EDM Maschine Nr	EDM Spindle Nr	Honing Rate [r	Station Counter Premeasure	Station Counter Grind	Station Counter Blowout 1	Station Counter Wash	Station Counter Measure	Station Counter Blowout 2	RealGrindQStop	Reg Type	Factor 0	Factor 1	Factor 2	Factor 3	Factor 4	G_StartQV	G_StartQV_1	G_StartQV_2	G_StartQV_3	G_StartQV_4	G_StartQV_5	
10/08/2017	00:00:14	011992	G523021006HLR	L523	S		438.2602	1.0292	6.2870	100.0340	39.8385	0.8430	0.8272	5.0000	18.5994	508.0623	94.9769	18.4192	26.1000	0.9300	0.9301	0.6343	-0.0004	508.0000	505.2507	1.0275	8.5497	100.1877	39.3124	0.8230	0.8238	5.0000	-9999.0000	-9999.0000	-9999.0000	-9999.0000	-9999.0000	-9999.0000	19.4516	1	0	37.1188	1.0000	99	9	-9999.0000	16304	27431	-9999	367	381	-9999	318.6828	5	0.6213	0.6343	-0.0004	71.7895	0.3971	440.8163	532.2133	38.4028	438.5763	70.7407	428.7233	72.1528	451.4109	94.4444	470.5572	94.3519	
10/08/2017	00:00:38	011992	G523021665HLR	L523	S		434.3957	1.0292	6.7417	100.0016	40.8040	0.8430	0.8285	5.0000	19.0699	508.0707	94.9306	17.2093	26.7000	0.9300	0.9309	0.6343	-0.0004	508.0000	504.2615	1.0275	8.6476	100.0895	39.5870	0.8230	0.8280	5.0000	-9999.0000	-9999.0000	-9999.0000	-9999.0000	-9999.0000	-9999.0000	19.2682	2	0	25.0186	1.0000	99	9	-9999.0000	16305	27432	-9999	368	381	-9999	318.9360	5	0.6213	0.6343	-0.0004	71.7895	0.3971	467.5634	496.1660	37.1759	458.9570	93.9120	467.2463	92.8009	471.0978	94.3981	475.8782	95.2315	
10/08/2017	00:01:13	011992	G523021676HLR	L523	S		425.3459	1.0292	7.8064	99.9525	39.9198	0.8430	0.8267	5.0000	19.5186	508.0465	94.9769	25.7090	26.9000	0.9300	0.9308	0.6343	-0.0004	508.0000	504.6504	1.0275	8.6091	100.0131	40.5407	0.8230	0.8279	5.0000	-9999.0000	-9999.0000	-9999.0000	-9999.0000	-9999.0000	-9999.0000	19.4776	3	0	35.1392	1.0000	99	9	-9999.0000	16306	27433	-9999	369	382	-9999	317.2396	5	0.6213	0.6343	-0.0004	71.7895	0.3971	456.8549	531.4496	37.9167	450.0533	94.4907	456.6664	93.4722	460.1892	94.4907	465.0778	95.1389	
10/08/2017	00:01:38	011992	G523021658HLR	L523	S		424.6964	1.0292	7.8828	100.1002	39.3014	0.8430	0.8265	5.0000	18.8617	508.0891	94.9537	22.4494	27.0000	0.9300	0.9306	0.6379	-0.0004	508.0000	502.8664	1.0275	8.7856	100.3206	39.9473	0.8230	0.8254	5.0000	-9999.0000	-9999.0000	-9999.0000	-9999.0000	-9999.0000	-9999.0000	19.3174	4	1	24.9386	1.0000	99	9	-9999.0000	16307	27434	-9999	370	383	-9999	317.9287	5	0.6307	0.6379	-0.0004	71.5952	0.3960	456.4587	549.9881	38.9583	447.5527	94.4213	455.7072	93.6806	460.2551	94.4907	465.9634	95.0463	
10/08/2017	00:02:17	011992	G523021661HLR	L523	S		421.7342	1.0292	8.2313	100.0292	39.8000	0.8430	0.8283	5.0000	19.1892	508.0285	94.9769	26.0586	27.1000	0.9300	0.9305	0.6385	-0.0004	508.0000	503.8843	1.0275	8.6849	100.2436	39.4000	0.8230	0.8254	5.0000	-9999.0000	-9999.0000	-9999.0000	-9999.0000	-9999.0000	-9999.0000	19.8891	5	0	38.3386	1.0000	99	9	-9999.0000	16308	27434	-9999	371	384	-9999	319.0211	5	0.6316	0.6385	-0.0004	71.5611	0.3959	452.0089	558.0636	37.5000	443.0668	95.1852	451.7006	94.2824	455.8626	94.6065	459.9875	94.9769	
10/08/2017	00:02:56	011992	G523021010HLR	L523	S		410.4434	1.0292	9.5596	99.9342	39.8044	0.8430	0.8271	5.0000	18.3374	0.0000	0.0000	0.0000	0.0000	0.9300	0.0000	0.0000	0.0000	0.0000	414.3961	1.0275	1.5314	100.0456	39.6798	0.8230	0.8277	5.0000	-9999.0000	-9999.0000	-9999.0000	-9999.0000	-9999.0000	-9999.0000	18.9060	6	7	38.9184	1.0000	99	9	-9999.0000	16309	0	-9999	372	385	-9999	0.0000	0	0.0000	0.0000	0.0000	0.0000	0.0000	0.0000	0.0000	0.0000	0.0000	0.0000	0.0000	0.0000	0.0000	0.0000	0.0000	0.0000	
10/08/2017	00:06:30	011992	G523021671HLR	L523	S		425.2711	1.0292	7.8152	100.0368	39.4460	0.8430	0.8274	5.0000	18.7299	508.0580	95.0000	24.2696	27.1000	0.9300	0.9306	0.6391	-0.0004	508.0000	504.2236	1.0275	8.6513	100.1778	40.3609	0.8230	0.8272	5.0000	-9999.0000	-9999.0000	-9999.0000	-9999.0000	-9999.0000	-9999.0000	19.4677	7	0	214.7930	1.0000	99	9	-9999.0000	16310	27435	-9999	373	386	-9999	319.8328	5	0.6310	0.6391	-0.0004	71.4823	0.3954	452.4148	504.3644	38.4259	441.7862	94.8611	451.9881	93.8194	455.6643	94.6065	460.9984	95.0463	
10/08/2017	00:06:55	011992	G523021021HLR	L523	S		417.4040	1.0292	8.7407	100.0569	39.8651	0.8430	0.8281	5.0000	18.8934	0.0000	0.0000	0.0000	0.0000	0.9300	0.0000	0.0000	0.0000	0.0000	421.2123	1.0275	2.1213	100.1830	39.5587	0.8230	0.8250	5.0000	-9999.0000	-9999.0000	-9999.0000	-9999.0000	-9999.0000	-9999.0000	19.9652	8	7	24.8583	1.0000	99	9	-9999.0000	16311	0	-9999	374	387	-9999	0.0000	0	0.0000	0.0000	0.0000	0.0000	0.0000	0.0000	0.0000	0.0000	0.0000	0.0000	0.0000	0.0000	0.0000	0.0000	0.0000	0.0000	
10/08/2017	00:07:31	011992	G523021679HLR	L523	S		423.0512	1.0292	8.0763	100.0369	39.7944	0.8430	0.8269	5.0000	18.6994	508.0189	95.0000	27.3691	26.9000	0.9300	0.9305	0.6332	-0.0001	508.0000	506.1739	1.0275	8.4583	99.9341	39.5198	0.8230	0.8246	5.0000	-9999.0000	-9999.0000	-9999.0000	-9999.0000	-9999.0000	-9999.0000	19.9890	1	0	35.7886	1.0000	99	9	-9999.0000	16312	27436	-9999	375	388	-9999	320.6110	5	0.6314	0.6332	-0.0001	46.0582	1.3571	452.5994	527.1534	39.1667	448.0095	94.6991	451.9878	93.8426	455.8150	94.6528	461.1891	95.0926	
10/08/2017	00:07:56	011992	G523021692HLR	L523	S		421.6115	1.0292	8.2457	100.0313	39.4461	0.8430	0.8270	5.0000	18.6730	508.0226	94.9537	28.0097	26.7000	0.9300	0.9302	0.6303	0.0001	508.0000	506.0532	1.0275	8.4703	100.1052	39.3000	0.8230	0.8261	5.0000	-9999.0000	-9999.0000	-9999.0000	-9999.0000	-9999.0000	-9999.0000	19.2897	2	0	24.8594	1.0000	99	9	-9999.0000	16313	27436	-9999	376	389	-9999	320.5517	5	0.6319	0.6303	0.0001	42.5727	1.4927	451.0103	526.8345	36.9213	444.9070	94.8611	450.7213	93.7500	454.8932	94.6528	459.7010	95.0926	
10/08/2017	00:08:37	011992	G523021689HLR	L523	S		440.0608	1.0292	6.0752	99.9925	39.9693	0.8430	0.8279	5.0000	18.3695	508.0151	94.9537	21.0793	26.5000	0.9300	0.9301	0.6303	0.0001	508.0000	509.0770	1.0275	8.1710	100.0949	40.4928	0.8230	0.8291	5.0000	-9999.0000	-9999.0000	-9999.0000	-9999.0000	-9999.0000	-9999.0000	20.1588	3	0	40.8384	1.0000	99	9	-9999.0000	16314	27437	-9999	377	390	-9999	321.1260	5	0.6319	0.6303	0.0001	42.5727	1.4927	471.0661	545.8681	37.9167	463.2608	94.3519	471.1326	93.4259	474.6718	94.6065	479.2183	95.1389	
10/08/2017	00:10:00	011992	G523021683HLR	L523	S		425.8889	1.0292	7.7425	100.0289	39.7100	0.8430	0.8276	5.0000	18.3490	508.0369	95.0231	24.9092	26.5000	0.9300	0.9308	0.6303	0.0001	508.0000	507.6278	1.0275	8.3144	100.2163	39.4583	0.8230	0.8243	5.0000	-9999.0000	-9999.0000	-9999.0000	-9999.0000	-9999.0000	-9999.0000	19.6111	5	0	40.9281	1.0000	99	9	-9999.0000	16316	27438	-9999	379	391	-9999	321.3331	5	0.6323	0.6303	0.0001	47.8978	1.2913	460.4718	524.2171	36.7361	446.8089	96.2500	459.9855	94.8611	464.9873	94.9769	467.9554	94.9769	
10/08/2017	00:11:02	011992	G523021621HLR	L523	S		421.6761	1.0292	8.2381	99.9967	39.6522	0.8430	0.8271	5.0000	19.3786	508.0501	94.9537	30.0389	26.2000	0.9300	0.9304	0.6303	0.0001	508.0000	511.2014	1.0275	7.9608	100.1198	40.2251	0.8230	0.8260	5.0000	-9999.0000	-9999.0000	-9999.0000	-9999.0000	-9999.0000	-9999.0000	19.4238	7	0	31.1885	1.0000	99	9	-9999.0000	16318	27439	-9999	381	391	-9999	321.5648	5	0.6321	0.6303	0.0001	39.2492	1.6086	454.4653	524.4338	36.4352	443.0371	96.1574	454.0236	95.0231	457.1254	94.9537	460.7137	94.9074	
10/08/2017	00:12:28	011992	G523020954HLR	L523	S		0.0000	0.0000	0.0000	0.0000	0.0000	0.8430	0.0000	0.0000	0.0000	0.0000	0.0000	0.0000	0.0000	0.9300	0.0000	0.0000	0.0000	0.0000	0.0000	0.0000	0.0000	0.0000	0.0000	0.8230	0.0000	0.0000	0.0000	0.0000	0.0000	0.0000	0.0000	0.0000	0.0000	0	42	31.1885	1.0000	99	9	0.0000	0	0	0	0	0	0	0.0000	0	0.0000	0.0000	0.0000	0.0000	0.0000	0.0000	0.0000	0.0000	0.0000	0.0000	0.0000	0.0000	0.0000	0.0000	0.0000	0.0000	
10/08/2017	00:14:06	011992	G523020975HLR	L523	S		0.0000	0.0000	0.0000	0.0000	0.0000	0.8430	0.0000	0.0000	0.0000	0.0000	0.0000	0.0000	0.0000	0.9300	0.0000	0.0000	0.0000	0.0000	0.0000	0.0000	0.0000	0.0000	0.0000	0.8230	0.0000	0.0000	0.0000	0.0000	0.0000	0.0000	0.0000	0.0000	0.0000	0	42	31.1885	1.0000	99	9	0.0000	0	0	0	0	0	0	0.0000	0	0.0000	0.0000	0.0000	0.0000	0.0000	0.0000	0.0000	0.0000	0.0000	0.0000	0.0000	0.0000	0.0000	0.0000	0.0000	0.0000	
10/08/2017	00:14:27	011992	G523021627HLR	L523	S		419.6524	1.0292	8.4762	100.0352	39.5984	0.8430	0.8272	5.0000	19.6896	504.8971	94.9074	31.0087	26.0000	0.9300	0.9301	0.6303	0.0001	508.0000	508.4475	1.0275	8.2333	100.0337	39.5188	0.8230	0.8247	5.0000	-9999.0000	-9999.0000	-9999.0000	-9999.0000	-9999.0000	-9999.0000	20.0205	8	0	205.1526	1.0000	99	9	-9999.0000	16319	27440	-9999	382	392	-9999	319.6251	5	0.6322	0.6303	0.0001	38.9645	1.6313	451.5756	573.9604	39.6065	443.4786	96.0185	451.1631	95.1620	453.1434	94.9306	456.7977	94.9074	
10/08/2017	00:14:52	011992	G523021634HLR	L523	S		426.9944	1.0292	7.6124	100.0369	39.8126	0.8430	0.8274	5.0000	18.8820	508.0337	94.9074	30.0790	25.9000	0.9300	0.9302	0.6303	0.0001	508.0000	510.2583	1.0275	8.0541	100.0780	39.7670	0.8230	0.8273	5.0000	-9999.0000	-9999.0000	-9999.0000	-9999.0000	-9999.0000	-9999.0000	19.3079	1	0	24.9395	1.0000	99	9	-9999.0000	16320	27440	-9999	383	393	-9999	321.5439	5	0.6322	0.6303	0.0001	38.9645	1.6313	454.8148	558.7823	37.5926	445.0372	95.7639	454.7032	94.7222	457.0913	94.7917	459.1238	94.9769	
10/08/2017	00:15:17	011992	G523020950HLR	L523	S		430.3809	1.0292	7.2140	100.0104	39.6467	0.8430	0.8273	5.0000	18.4672	508.0703	94.9537	20.4192	25.9000	0.9300	0.9302	0.6303	0.0001	508.0000	509.8283	1.0275	8.0967	100.0096	39.3530	0.8230	0.8250	5.0000	-9999.0000	-9999.0000	-9999.0000	-9999.0000	-9999.0000	-9999.0000	19.9196	2	0	24.9495	1.0000	99	9	-9999.0000	16321	27441	-9999	384	394	-9999	321.1834	5	0.6321	0.6303	0.0001	41.7452	1.5400	469.1433	573.7332	38.9120	452.3981	96.0185	468.4182	94.9306	472.7378	94.8380	476.0893	95.0000	
10/08/2017	00:15:53	011992	G523020985HLR	L523	S		435.7975	1.0292	6.5768	99.9465	39.7906	0.8430	0.8272	5.0000	21.0199	508.0209	94.9537	20.2796	26.0000	0.9300	0.9303	0.6385	-0.0003	508.0000	509.6060	1.0275	8.1187	100.2599	39.5912	0.8230	0.8275	5.0000	-9999.0000	-9999.0000	-9999.0000	-9999.0000	-9999.0000	-9999.0000	19.5072	3	0	36.3880	1.0000	99	9	-9999.0000	16321	27442	-9999	385	395	-9999	321.1074	5	0.6316	0.6385	-0.0003	45.7539	1.3945	421.8495	560.1476	37.5926	410.8224	95.4398	421.5433	94.3056	424.9911	94.7454	429.0054	95.0694	
10/08/2017	00:16:30	011992	G523021612HLR	L523	S		417.8532	1.0292	8.6879	100.0411	39.7303	0.8430	0.8272	5.0000	18.6498	0.0000	0.0000	0.0000	0.0000	0.9300	0.0000	0.0000	0.0000	0.0000	422.1048	1.0275	2.1985	100.1085	40.2525	0.8230	0.8291	5.0000	-9999.0000	-9999.0000	-9999.0000	-9999.0000	-9999.0000	-9999.0000	19.1516	4	7	36.3089	1.0000	99	9	-9999.0000	16322	0	-9999	386	396	-9999	0.0000	0	0.0000	0.0000	0.0000	0.0000	0.0000	0.0000	0.0000	0.0000	0.0000	0.0000	0.0000	0.0000	0.0000	0.0000	0.0000	0.0000	
10/08/2017	00:17:36	011992	G523021617HLR	L523	S		415.5681	1.0292	8.9567	100.0206	39.7339	0.8430	0.8274	5.0000	18.6192	0.0000	0.0000	0.0000	0.0000	0.9300	0.0000	0.0000	0.0000	0.0000	419.8825	1.0275	2.0062	99.9435	39.4323	0.8230	0.8247	5.0000	-9999.0000	-9999.0000	-9999.0000	-9999.0000	-9999.0000	-9999.0000	19.0191	6	7	28.9465	1.0000	99	9	-9999.0000	16324	0	-9999	388	397	-9999	0.0000	0	0.0000	0.0000	0.0000	0.0000	0.0000	0.0000	0.0000	0.0000	0.0000	0.0000	0.0000	0.0000	0.0000	0.0000	0.0000	0.0000	
10/08/2017	00:18:01	011992	G523020479HLR	L523	S		431.1114	1.0292	7.1281	100.0437	39.7240	0.8430	0.8273	5.0000	18.8579	508.0716	95.0000	25.5293	26.1000	0.9300	0.9308	0.6327	-0.0001	508.0000	508.5054	1.0275	8.2276	100.1221	39.9108	0.8230	0.8284	5.0000	-9999.0000	-9999.0000	-9999.0000	-9999.0000	-9999.0000	-9999.0000	19.5586	7	0	24.8898	1.0000	99	9	-9999.0000	16325	27443	-9999	389	398	-9999	320.7532	5	0.6313	0.6327	-0.0001	51.6617	1.1722	461.5486	525.5302	38.5185	448.2577	96.5509	461.3690	95.5093	464.6481	95.2315	467.2899	94.9537	
10/08/2017	00:18:33	011992	G523020489HLR	L523	S		433.2960	1.0292	6.8711	100.0080	39.7826	0.8430	0.8273	5.0000	18.7396	508.0477	95.0000	25.1993	25.8000	0.9300	0.9303	0.6327	-0.0001	508.0000	509.4915	1.0275	8.1300	100.2366	40.3966	0.8230	0.8274	5.0000	-9999.0000	-9999.0000	-9999.0000	-9999.0000	-9999.0000	-9999.0000	19.7052	8	0	32.2087	1.0000	99	9	-9999.0000	16326	27444	-9999	390	399	-9999	320.7489	5	0.6313	0.6327	-0.0001	51.6617	1.1722	462.4862	553.2418	38.7731	452.1320	95.6944	462.1459	95.0231	464.6080	94.9537	466.1334	94.9306	
10/08/2017	00:18:58	011992	G523020499HLR	L523	S		435.2507	1.0292	6.6411	100.0475	39.6847	0.8430	0.8270	5.0000	19.2999	508.0528	94.9537	22.2091	25.7000	0.9300	0.9302	0.6327	-0.0001	508.0000	508.7317	1.0275	8.2052	100.1355	39.9118	0.8230	0.8250	5.0000	-9999.0000	-9999.0000	-9999.0000	-9999.0000	-9999.0000	-9999.0000	19.9136	1	0	25.0092	1.0000	99	9	-9999.0000	16327	27445	-9999	391	400	-9999	320.8675	5	0.6313	0.6327	-0.0001	51.6617	1.1722	465.5414	562.0654	38.1019	457.9552	95.8565	465.0094	94.8843	468.7139	94.8148	471.3581	94.9306	
10/08/2017	00:19:34	011992	G523020509HLR	L523	S		439.9271	1.0292	6.0909	100.0575	39.7218	0.8430	0.8274	5.0000	18.6708	508.0270	94.9306	17.9701	25.8000	0.9300	0.9303	0.6317	-0.0000	508.0000	509.2078	1.0275	8.1581	99.9914	39.5000	0.8230	0.8254	5.0000	-9999.0000	-9999.0000	-9999.0000	-9999.0000	-9999.0000	-9999.0000	19.2279	2	0	35.8382	1.0000	99	9	-9999.0000	16328	27446	-9999	392	401	-9999	320.9474	5	0.6309	0.6317	-0.0000	46.5241	1.3353	471.9927	576.6653	40.0926	461.9796	95.7639	471.6069	94.8843	475.6140	94.8380	478.7191	94.9769	
10/08/2017	00:20:41	011992	G523021746HLR	L523	S		434.3329	1.0292	6.7491	99.9906	39.6586	0.8430	0.8271	5.0000	18.7342	508.0061	94.9537	21.3195	25.9000	0.9300	0.9306	0.6329	-0.0001	508.0000	508.0896	1.0275	8.2687	100.1003	40.2345	0.8230	0.8264	5.0000	-9999.0000	-9999.0000	-9999.0000	-9999.0000	-9999.0000	-9999.0000	19.2895	4	0	32.3486	1.0000	99	9	-9999.0000	16330	27447	-9999	394	402	-9999	320.2779	5	0.6303	0.6329	-0.0001	44.2639	1.3903	465.5030	542.3067	37.5231	449.9677	95.8102	465.0681	94.7917	467.5785	94.8843	471.6154	94.9769	
10/08/2017	00:21:16	011992	G523021640HLR	L523	S		411.0785	1.0292	9.4849	100.0425	39.7816	0.8430	0.8274	5.0000	18.7636	0.0000	0.0000	0.0000	0.0000	0.9300	0.0000	0.0000	0.0000	0.0000	415.5540	1.0275	1.6316	99.8064	39.5599	0.8230	0.8253	5.0000	-9999.0000	-9999.0000	-9999.0000	-9999.0000	-9999.0000	-9999.0000	19.2708	5	7	34.2790	1.0000	99	9	-9999.0000	16331	0	-9999	395	403	-9999	0.0000	0	0.0000	0.0000	0.0000	0.0000	0.0000	0.0000	0.0000	0.0000	0.0000	0.0000	0.0000	0.0000	0.0000	0.0000	0.0000	0.0000	
10/08/2017	00:21:54	011992	G523021749HLR	L523	Q		432.2027	1.0292	6.9997	100.0481	39.8808	0.8430	0.8272	5.0000	18.7493	508.0306	95.0000	25.0391	25.9000	0.9300	0.9307	0.6321	-0.0001	508.0000	509.1291	1.0275	8.1659	100.0389	39.8838	0.8230	0.8272	5.0000	-9999.0000	-9999.0000	-9999.0000	-9999.0000	-9999.0000	-9999.0000	19.5916	6	0	38.7387	1.0000	99	9	-9999.0000	16332	27448	-9999	396	404	-9999	320.0263	5	0.6302	0.6321	-0.0001	46.9503	1.3006	461.7675	548.7603	38.4259	455.0606	95.7407	461.4919	94.9769	464.8370	94.9537	467.2405	94.9537	
10/08/2017	00:22:19	011992	G523021743HLR	L523	Q		433.1925	1.0292	6.8832	99.9296	39.7036	0.8430	0.8269	5.0000	18.4798	508.0520	95.0000	23.7784	25.7000	0.9300	0.9304	0.6321	-0.0001	508.0000	509.4690	1.0275	8.1322	100.1726	40.1760	0.8230	0.8267	5.0000	-9999.0000	-9999.0000	-9999.0000	-9999.0000	-9999.0000	-9999.0000	19.1929	7	0	24.9699	1.0000	99	9	-9999.0000	16333	27449	-9999	397	405	-9999	320.1230	5	0.6300	0.6321	-0.0001	45.9153	1.3228	464.3654	546.3149	37.4537	453.6729	95.8333	463.9585	94.8611	467.4646	94.8611	470.1609	94.9769	
10/08/2017	00:22:48	011992	G523021756HLR	L523	S		433.5247	1.0292	6.8442	100.0171	39.8248	0.8430	0.8275	5.0000	18.6195	508.0254	95.0231	21.5099	25.7000	0.9300	0.9304	0.6321	-0.0001	508.0000	508.2695	1.0275	8.2509	100.0175	39.6300	0.8230	0.8250	5.0000	-9999.0000	-9999.0000	-9999.0000	-9999.0000	-9999.0000	-9999.0000	19.8295	8	0	29.0675	1.0000	99	9	-9999.0000	16334	27450	-9999	398	406	-9999	320.1940	5	0.6300	0.6321	-0.0001	45.9153	1.3228	465.6681	575.2709	38.3796	457.4195	95.6713	465.4635	94.6528	468.1633	94.7454	471.0150	95.0000	
10/08/2017	00:23:21	011992	G523021765HLR	L523	S		432.8074	1.0292	6.9285	99.9945	39.8315	0.8430	0.8271	5.0000	18.4122	508.0045	94.9769	23.4591	25.7000	0.9300	0.9304	0.6320	-0.0001	508.0000	508.6222	1.0275	8.2160	100.1380	39.6000	0.8230	0.8263	5.0000	-9999.0000	-9999.0000	-9999.0000	-9999.0000	-9999.0000	-9999.0000	18.9952	1	0	32.2115	1.0000	99	9	-9999.0000	16335	27451	-9999	399	407	-9999	320.0477	5	0.6299	0.6320	-0.0001	50.8233	1.0513	463.1612	575.6940	38.6111	452.6437	95.2778	462.8201	94.3056	465.7162	94.6065	469.1530	95.1620	
10/08/2017	00:23:51	011992	G523021760HLR	L523	S		431.7165	1.0292	7.0569	100.0332	39.7275	0.8430	0.8272	5.0000	18.7601	508.0265	95.0231	27.8183	25.6000	0.9300	0.9304	0.6309	-0.0000	508.0000	510.1823	1.0275	8.0617	100.0552	40.2000	0.8230	0.8277	5.0000	-9999.0000	-9999.0000	-9999.0000	-9999.0000	-9999.0000	-9999.0000	19.7011	2	0	30.3360	1.0000	99	9	-9999.0000	16336	27452	-9999	400	408	-9999	319.8676	5	0.6299	0.6309	-0.0000	50.8160	1.0536	457.8781	562.2712	37.9167	452.3060	95.6250	457.8744	94.7222	460.5506	94.8148	463.0092	95.0231	
10/08/2017	00:24:24	011992	G523020481HLR	L523	S		417.4558	1.0292	8.7346	99.9874	39.8942	0.8430	0.8274	5.0000	18.6991	0.0000	0.0000	0.0000	0.0000	0.9300	0.0000	0.0000	0.0000	0.0000	422.7267	1.0275	2.2523	99.9866	40.0798	0.8230	0.8262	5.0000	-9999.0000	-9999.0000	-9999.0000	-9999.0000	-9999.0000	-9999.0000	18.9289	3	7	33.4587	1.0000	99	9	-9999.0000	16337	0	-9999	401	409	-9999	0.0000	0	0.0000	0.0000	0.0000	0.0000	0.0000	0.0000	0.0000	0.0000	0.0000	0.0000	0.0000	0.0000	0.0000	0.0000	0.0000	0.0000	
10/08/2017	00:26:14	011992	G523021769HLR	L523	S		0.0000	0.0000	0.0000	0.0000	0.0000	0.8430	0.0000	0.0000	0.0000	0.0000	0.0000	0.0000	0.0000	0.9300	0.0000	0.0000	0.0000	0.0000	0.0000	0.0000	0.0000	0.0000	0.0000	0.8230	0.0000	0.0000	0.0000	0.0000	0.0000	0.0000	0.0000	0.0000	0.0000	0	42	33.4587	1.0000	99	9	0.0000	0	0	0	0	0	0	0.0000	0	0.0000	0.0000	0.0000	0.0000	0.0000	0.0000	0.0000	0.0000	0.0000	0.0000	0.0000	0.0000	0.0000	0.0000	0.0000	0.0000	
10/08/2017	00:26:33	011992	G523021750HLR	L523	S		435.5277	1.0292	6.6085	99.9849	39.7493	0.8430	0.8271	5.0000	18.4678	508.0422	94.9537	18.0902	25.8000	0.9300	0.9308	0.6337	-0.0002	508.0000	508.7092	1.0275	8.2074	100.0787	39.5727	0.8230	0.8246	5.0000	-9999.0000	-9999.0000	-9999.0000	-9999.0000	-9999.0000	-9999.0000	20.2485	4	0	129.0368	1.0000	99	9	-9999.0000	16337	27453	-9999	402	410	-9999	320.3586	5	0.6298	0.6337	-0.0002	54.6305	0.8915	468.8366	555.6178	37.3148	459.2099	95.6250	468.0021	94.5370	472.8818	94.7685	476.2291	95.0000	
10/08/2017	00:27:03	011992	G523021751HLR	L523	S		430.8242	1.0292	7.1619	100.0802	39.7483	0.8430	0.8272	5.0000	18.8695	508.0340	94.9769	21.4191	25.7000	0.9300	0.9307	0.6359	-0.0003	508.0000	508.0433	1.0275	8.2733	99.9758	39.8924	0.8230	0.8273	5.0000	-9999.0000	-9999.0000	-9999.0000	-9999.0000	-9999.0000	-9999.0000	19.1515	5	0	29.7073	1.0000	99	9	-9999.0000	16338	27454	-9999	403	411	-9999	320.0514	5	0.6295	0.6359	-0.0003	54.3995	0.8921	462.7861	539.8054	38.0787	448.1809	95.2778	462.5578	94.2130	465.7619	94.7917	469.3928	95.0926	
10/08/2017	00:27:36	011992	G523021764HLR	L523	S		433.7225	1.0292	6.8209	100.0863	39.9147	0.8430	0.8274	5.0000	18.8985	508.0685	94.9537	19.5091	25.7000	0.9300	0.9306	0.6359	-0.0003	508.0000	508.5962	1.0275	8.2186	99.9549	40.0064	0.8230	0.8276	5.0000	-9999.0000	-9999.0000	-9999.0000	-9999.0000	-9999.0000	-9999.0000	20.1192	6	0	33.4186	1.0000	99	9	-9999.0000	16339	27455	-9999	404	412	-9999	320.4281	5	0.6295	0.6359	-0.0003	54.3995	0.8921	465.2021	571.6487	37.7546	450.3955	95.0926	464.7080	93.9815	468.3877	94.7222	472.8169	95.1389	
10/08/2017	00:28:09	011992	G523021767HLR	L523	S		432.8961	1.0292	6.9181	100.0670	39.7806	0.8430	0.8270	5.0000	18.9495	508.0348	94.9537	22.6398	25.7000	0.9300	0.9306	0.6354	-0.0003	508.0000	508.7198	1.0275	8.2064	100.1349	40.0717	0.8230	0.8266	5.0000	-9999.0000	-9999.0000	-9999.0000	-9999.0000	-9999.0000	-9999.0000	19.2110	7	0	32.0887	1.0000	99	9	-9999.0000	16340	27456	-9999	405	413	-9999	319.9259	5	0.6294	0.6354	-0.0003	62.1552	0.5766	459.7998	559.1929	37.5231	453.3791	95.3472	459.4579	94.2824	464.5603	94.6759	468.0702	95.1157	
10/08/2017	00:28:40	011992	G523021772HLR	L523	S		433.2669	1.0292	6.8745	99.9660	39.7373	0.8430	0.8273	5.0000	18.4495	508.0168	95.0231	23.9893	25.8000	0.9300	0.9305	0.6362	-0.0003	508.0000	510.6099	1.0275	8.0193	99.9978	39.6621	0.8230	0.8253	5.0000	-9999.0000	-9999.0000	-9999.0000	-9999.0000	-9999.0000	-9999.0000	19.9790	8	0	31.0986	1.0000	99	9	-9999.0000	16341	27456	-9999	405	414	-9999	319.5758	5	0.6294	0.6362	-0.0003	61.8728	0.5929	463.2650	561.2506	38.2870	456.1218	95.6019	462.9227	94.6065	466.2184	94.8148	469.7664	95.0000	
10/08/2017	00:29:19	011992	G523021773HLR	L523	S		430.4127	1.0292	7.2103	100.0454	39.9473	0.8430	0.8274	5.0000	18.6497	508.0474	94.9769	18.8392	25.9000	0.9300	0.9310	0.6360	-0.0003	508.0000	509.3332	1.0275	8.1457	100.0842	39.8868	0.8230	0.8271	5.0000	-9999.0000	-9999.0000	-9999.0000	-9999.0000	-9999.0000	-9999.0000	19.3096	1	0	39.6291	1.0000	99	9	-9999.0000	16341	27457	-9999	406	415	-9999	320.3459	5	0.6294	0.6360	-0.0003	63.4907	0.5330	468.7080	557.0648	37.5694	458.4517	96.5278	468.0689	95.5324	472.3210	95.2546	475.4626	94.9769	
10/08/2017	00:31:44	011992	G523021714HLR	L523	S		0.0000	0.0000	0.0000	0.0000	0.0000	0.8430	0.0000	0.0000	0.0000	0.0000	0.0000	0.0000	0.0000	0.9300	0.0000	0.0000	0.0000	0.0000	0.0000	0.0000	0.0000	0.0000	0.0000	0.8230	0.0000	0.0000	0.0000	0.0000	0.0000	0.0000	0.0000	0.0000	0.0000	0	42	39.6291	1.0000	99	9	0.0000	0	0	0	0	0	0	0.0000	0	0.0000	0.0000	0.0000	0.0000	0.0000	0.0000	0.0000	0.0000	0.0000	0.0000	0.0000	0.0000	0.0000	0.0000	0.0000	0.0000	
10/08/2017	00:33:08	011992	G523021721HLR	L523	S		0.0000	0.0000	0.0000	0.0000	0.0000	0.8430	0.0000	0.0000	0.0000	0.0000	0.0000	0.0000	0.0000	0.9300	0.0000	0.0000	0.0000	0.0000	0.0000	0.0000	0.0000	0.0000	0.0000	0.8230	0.0000	0.0000	0.0000	0.0000	0.0000	0.0000	0.0000	0.0000	0.0000	0	42	39.6291	1.0000	99	9	0.0000	0	0	0	0	0	0	0.0000	0	0.0000	0.0000	0.0000	0.0000	0.0000	0.0000	0.0000	0.0000	0.0000	0.0000	0.0000	0.0000	0.0000	0.0000	0.0000	0.0000	
10/08/2017	00:33:30	011992	G523021768HLR	L523	S		436.4662	1.0292	6.4981	99.9611	39.7657	0.8430	0.8272	5.0000	18.4193	508.0391	94.9769	22.5998	25.6000	0.9300	0.9305	0.6367	-0.0003	508.0000	509.7056	1.0275	8.1088	99.9954	40.1463	0.8230	0.8269	5.0000	-9999.0000	-9999.0000	-9999.0000	-9999.0000	-9999.0000	-9999.0000	19.0984	2	0	250.6205	1.0000	99	9	-9999.0000	16342	27458	-9999	407	416	-9999	319.6767	5	0.6292	0.6367	-0.0003	63.5421	0.5332	464.0773	550.8268	38.5648	457.4011	95.8565	463.8596	94.9537	467.7673	94.9074	471.0110	95.0000	
10/08/2017	00:34:01	011992	G523021776HLR	L523	S		431.8448	1.0292	7.0418	100.0194	39.7802	0.8430	0.8274	5.0000	18.6390	508.0382	94.9769	21.2600	25.6000	0.9300	0.9304	0.6363	-0.0003	508.0000	509.1594	1.0275	8.1629	100.0707	39.7145	0.8230	0.8251	5.0000	-9999.0000	-9999.0000	-9999.0000	-9999.0000	-9999.0000	-9999.0000	19.9456	3	0	31.5284	1.0000	99	9	-9999.0000	16343	27459	-9999	408	417	-9999	319.9010	5	0.6288	0.6363	-0.0003	64.0224	0.5189	461.6608	549.1695	36.7824	450.0412	95.8102	461.1783	94.6759	465.3244	94.8380	468.7266	95.0231	
10/08/2017	00:34:33	011992	G523021778HLR	L523	S		434.8820	1.0292	6.6845	99.9969	39.8391	0.8430	0.8273	5.0000	18.6428	508.0444	94.9537	20.2698	25.5000	0.9300	0.9304	0.6355	-0.0003	508.0000	508.3223	1.0275	8.2457	99.9691	39.6715	0.8230	0.8273	5.0000	-9999.0000	-9999.0000	-9999.0000	-9999.0000	-9999.0000	-9999.0000	19.6019	4	0	32.0496	1.0000	99	9	-9999.0000	16344	27460	-9999	409	418	-9999	320.0062	5	0.6288	0.6355	-0.0003	64.6388	0.4996	465.1462	543.4037	37.7083	452.3513	95.6481	464.5426	94.5833	468.0899	94.7917	471.1734	95.0694	
10/08/2017	00:35:08	011992	G523021784HLR	L523	S		433.4104	1.0292	6.8576	99.9917	39.7150	0.8430	0.8271	5.0000	18.5697	508.0353	94.9074	28.7089	25.5000	0.9300	0.9304	0.6360	-0.0003	508.0000	510.6646	1.0275	8.0139	100.1431	40.2032	0.8230	0.8281	5.0000	-9999.0000	-9999.0000	-9999.0000	-9999.0000	-9999.0000	-9999.0000	19.2092	5	0	34.5885	1.0000	99	9	-9999.0000	16345	27461	-9999	410	419	-9999	318.5781	5	0.6287	0.6360	-0.0003	64.5744	0.4992	457.4451	586.8219	40.4630	452.9743	95.7407	457.0402	94.8380	460.5283	94.8843	463.8681	95.0231	
10/08/2017	00:35:40	011992	G523021775HLR	L523	S		434.0441	1.0292	6.7831	100.0226	39.8140	0.8430	0.8274	5.0000	19.3596	508.0656	94.9537	20.3196	25.5000	0.9300	0.9305	0.6355	-0.0003	508.0000	507.3088	1.0275	8.3460	100.0329	39.8235	0.8230	0.8249	5.0000	-9999.0000	-9999.0000	-9999.0000	-9999.0000	-9999.0000	-9999.0000	20.8592	6	0	31.8606	1.0000	99	9	-9999.0000	16346	27462	-9999	411	420	-9999	319.7904	5	0.6286	0.6355	-0.0003	68.8755	0.3297	464.4287	569.5474	39.1898	456.8399	95.9028	464.0732	95.0000	467.1133	94.9306	469.8247	94.9769	
10/08/2017	00:36:11	011992	G523021783HLR	L523	S		432.1970	1.0292	7.0004	100.0672	39.7561	0.8430	0.8269	5.0000	19.2393	508.0146	94.9769	20.6887	25.7000	0.9300	0.9309	0.6363	-0.0004	508.0000	508.1227	1.0275	8.2655	99.9761	39.5000	0.8230	0.8258	5.0000	-9999.0000	-9999.0000	-9999.0000	-9999.0000	-9999.0000	-9999.0000	19.5686	7	0	31.5170	1.0000	99	9	-9999.0000	16347	27463	-9999	412	421	-9999	319.5431	5	0.6286	0.6363	-0.0004	67.9482	0.3673	467.8076	539.7585	39.3750	456.6728	96.8519	465.2357	96.1343	468.6650	95.5093	470.7085	94.8380	
10/08/2017	00:36:45	011992	G523021785HLR	L523	S		430.2690	1.0292	7.2272	100.0008	39.6433	0.8430	0.8274	5.0000	18.8196	508.1068	95.0000	21.2395	25.5000	0.9300	0.9306	0.6412	-0.0006	508.0000	509.8133	1.0275	8.0982	100.1273	40.1868	0.8230	0.8282	5.0000	-9999.0000	-9999.0000	-9999.0000	-9999.0000	-9999.0000	-9999.0000	19.5280	8	0	33.5290	1.0000	99	9	-9999.0000	16348	27464	-9999	413	422	-9999	319.5598	5	0.6283	0.6412	-0.0006	71.0778	0.2181	461.9709	548.9899	37.3843	450.6034	95.7870	461.6573	94.4676	465.2787	94.7222	468.4572	95.0463	
10/08/2017	00:37:25	011992	G523021711HLR	L523	S		0.0000	0.0000	0.0000	0.0000	0.0000	0.8430	0.0000	0.0000	0.0000	0.0000	0.0000	0.0000	0.0000	0.9300	0.0000	0.0000	0.0000	0.0000	0.0000	0.0000	0.0000	0.0000	0.0000	0.8230	0.0000	0.0000	0.0000	0.0000	0.0000	0.0000	0.0000	0.0000	0.0000	0	42	33.5290	1.0000	99	9	0.0000	0	0	0	0	0	0	0.0000	0	0.0000	0.0000	0.0000	0.0000	0.0000	0.0000	0.0000	0.0000	0.0000	0.0000	0.0000	0.0000	0.0000	0.0000	0.0000	0.0000	
10/08/2017	00:37:48	011992	G523021706HLR	L523	S		433.5813	1.0292	6.8375	100.0215	39.7433	0.8430	0.8274	5.0000	18.7792	508.0357	95.0231	23.7296	25.5000	0.9300	0.9305	0.6429	-0.0007	508.0000	510.9097	1.0275	7.9897	100.0515	40.1527	0.8230	0.8260	5.0000	-9999.0000	-9999.0000	-9999.0000	-9999.0000	-9999.0000	-9999.0000	19.3499	1	0	62.5181	1.0000	99	9	-9999.0000	16349	27465	-9999	414	423	-9999	318.5699	5	0.6284	0.6429	-0.0007	71.8776	0.1794	459.3532	536.8240	37.8009	446.6821	96.0880	458.6898	95.1157	461.7545	94.9537	465.4842	94.9769	
10/08/2017	00:38:22	011992	G523021782HLR	L523	S		432.2365	1.0292	6.9957	100.0075	39.6960	0.8430	0.8272	5.0000	19.5779	508.0319	94.9537	20.8088	25.5000	0.9300	0.9305	0.6425	-0.0007	508.0000	508.8322	1.0275	8.1953	99.9950	39.5337	0.8230	0.8248	5.0000	-9999.0000	-9999.0000	-9999.0000	-9999.0000	-9999.0000	-9999.0000	20.2007	2	0	34.4578	1.0000	99	9	-9999.0000	16350	27466	-9999	415	424	-9999	319.6223	5	0.6282	0.6425	-0.0007	71.2533	0.2003	456.5248	550.0438	37.2454	444.8275	95.4861	456.1488	94.3056	460.5426	94.6528	464.8696	95.0694	
10/08/2017	00:38:50	011992	G523021786HLR	L523	S		434.7827	1.0292	6.6961	100.0012	39.6852	0.8430	0.8273	5.0000	18.9095	508.0224	94.9537	20.7092	25.6000	0.9300	0.9305	0.6415	-0.0006	508.0000	508.8792	1.0275	8.1906	99.9664	40.2701	0.8230	0.8265	5.0000	-9999.0000	-9999.0000	-9999.0000	-9999.0000	-9999.0000	-9999.0000	20.3306	3	0	28.0487	1.0000	99	9	-9999.0000	16350	27467	-9999	416	425	-9999	319.5892	5	0.6279	0.6415	-0.0006	74.1055	0.0936	460.7438	552.7785	38.1481	451.0737	95.1620	460.2554	94.0509	465.1283	94.6991	469.5746	95.1620	
10/08/2017	00:39:26	011992	G523021708HLR	L523	S		423.3049	1.0292	8.0465	100.0528	39.7575	0.8430	0.8274	5.0000	18.8693	508.0517	94.9537	22.6496	25.6000	0.9300	0.9306	0.6425	-0.0007	508.0000	506.8955	1.0275	8.3869	99.9214	39.7000	0.8230	0.8250	5.0000	-9999.0000	-9999.0000	-9999.0000	-9999.0000	-9999.0000	-9999.0000	19.7056	4	0	35.5192	1.0000	99	9	-9999.0000	16351	27468	-9999	417	426	-9999	318.8371	5	0.6274	0.6425	-0.0007	73.7098	0.1186	453.5066	564.3847	39.6296	446.6501	95.4167	453.1547	94.5139	457.8615	94.7454	459.9521	95.0694	
10/08/2017	00:39:58	011992	G523021732HLR	L523	S		429.4158	1.0292	7.3276	100.0295	39.7463	0.8430	0.8272	5.0000	18.8392	508.0336	94.9306	22.8390	25.6000	0.9300	0.9306	0.6421	-0.0007	508.0000	508.2286	1.0275	8.2550	100.1629	39.6910	0.8230	0.8263	5.0000	-9999.0000	-9999.0000	-9999.0000	-9999.0000	-9999.0000	-9999.0000	19.2406	5	0	31.9784	1.0000	99	9	-9999.0000	16352	27469	-9999	418	427	-9999	318.5554	5	0.6276	0.6421	-0.0007	74.3983	0.0857	453.9966	577.0284	39.0278	445.8472	95.0694	453.4673	94.0509	457.8266	94.7454	462.8638	95.0926	
10/08/2017	00:40:31	011992	G523021723HLR	L523	S		434.4894	1.0292	6.7307	100.0158	39.7259	0.8430	0.8272	5.0000	19.1488	508.0153	94.9537	23.4991	25.9000	0.9300	0.9309	0.6611	-0.0016	508.0000	508.7456	1.0275	8.2038	99.9633	40.2892	0.8230	0.8276	5.0000	-9999.0000	-9999.0000	-9999.0000	-9999.0000	-9999.0000	-9999.0000	18.9604	6	0	32.9987	1.0000	99	9	-9999.0000	16353	27470	-9999	419	428	-9999	318.3249	5	0.6275	0.6611	-0.0016	69.4151	0.2864	457.5209	538.7215	36.3657	446.3839	95.1852	457.4233	94.3519	460.7777	94.7685	463.7365	95.0463	
10/08/2017	00:41:02	011992	G523021697HLR	L523	S		433.9627	1.0292	6.7926	99.9828	39.6345	0.8430	0.8269	5.0000	18.9288	508.0579	94.9306	17.1293	25.7000	0.9300	0.9307	0.6611	-0.0016	508.0000	511.6570	1.0275	7.9157	100.0278	39.9094	0.8230	0.8252	5.0000	-9999.0000	-9999.0000	-9999.0000	-9999.0000	-9999.0000	-9999.0000	19.2680	7	0	31.4987	1.0000	99	9	-9999.0000	16353	27471	-9999	420	428	-9999	322.3396	5	0.6275	0.6611	-0.0016	69.4151	0.2864	456.6918	532.3645	36.2500	444.7732	94.9074	456.0663	93.8889	461.4188	94.7222	466.8966	95.0926	
10/08/2017	00:41:31	011992	G523021696HLR	L523	S		424.2577	1.0292	7.9344	100.0153	39.8168	0.8430	0.8277	5.0000	18.7251	508.0263	95.0000	24.7989	25.7000	0.9300	0.9306	0.6428	-0.0007	508.0000	507.5669	1.0275	8.3205	99.9843	39.5192	0.8230	0.8257	5.0000	-9999.0000	-9999.0000	-9999.0000	-9999.0000	-9999.0000	-9999.0000	18.7107	8	0	29.2794	1.0000	99	9	-9999.0000	16354	27472	-9999	421	429	-9999	317.9632	5	0.6276	0.6428	-0.0007	66.4637	0.4671	453.9683	535.4133	38.0787	445.4980	95.6481	453.5893	94.6528	457.0687	94.8611	460.1400	95.0463	
10/08/2017	00:42:04	011992	G523021695HLR	L523	S		435.4031	1.0292	6.6232	99.9997	39.9228	0.8430	0.8273	5.0000	18.6889	508.0455	94.9537	21.0891	25.6000	0.9300	0.9305	0.6424	-0.0007	508.0000	508.3032	1.0275	8.2476	100.0402	40.2000	0.8230	0.8278	5.0000	-9999.0000	-9999.0000	-9999.0000	-9999.0000	-9999.0000	-9999.0000	19.6882	1	0	32.9888	1.0000	99	9	-9999.0000	16355	27473	-9999	422	430	-9999	319.3819	5	0.6272	0.6424	-0.0007	71.3649	0.2439	457.8383	556.6095	37.3611	450.8629	95.3704	457.5729	94.2824	461.2847	94.7917	465.8475	95.0463	
10/08/2017	00:42:34	011992	G523021730HLR	L523	S		429.3099	1.0292	7.3400	100.0594	39.6427	0.8430	0.8270	5.0000	18.7381	508.0281	94.9537	22.1896	25.5000	0.9300	0.9305	0.6445	-0.0008	508.0000	509.6020	1.0275	8.1191	100.0735	40.1946	0.8230	0.8259	5.0000	-9999.0000	-9999.0000	-9999.0000	-9999.0000	-9999.0000	-9999.0000	19.7017	2	0	30.0889	1.0000	99	9	-9999.0000	16356	27473	-9999	423	431	-9999	318.7485	5	0.6277	0.6445	-0.0008	71.2889	0.2661	458.0845	547.5243	36.5741	448.9117	95.5093	457.6823	94.4907	461.4945	94.8148	465.3558	95.0694	
10/08/2017	00:43:06	011992	G523021741HLR	L523	S		433.4119	1.0292	6.8574	100.0932	39.8325	0.8430	0.8276	5.0000	18.9290	508.0408	94.9537	20.5998	25.5000	0.9300	0.9305	0.6403	-0.0006	508.0000	508.4184	1.0275	8.2362	99.9663	39.6711	0.8230	0.8249	5.0000	-9999.0000	-9999.0000	-9999.0000	-9999.0000	-9999.0000	-9999.0000	19.1543	3	0	31.1590	1.0000	99	9	-9999.0000	16357	27474	-9999	424	432	-9999	319.2558	5	0.6273	0.6403	-0.0006	66.0118	0.5526	457.8128	556.9239	37.3148	444.9019	96.0417	457.5784	94.6528	462.1405	94.8380	465.9550	95.0463	
10/08/2017	00:43:39	011992	G523021737HLR	L523	S		437.4330	1.0292	6.3844	100.0160	39.8477	0.8430	0.8271	5.0000	18.6389	508.0361	94.9537	18.4290	25.5000	0.9300	0.9306	0.6396	-0.0006	508.0000	508.3981	1.0275	8.2382	100.0009	39.7381	0.8230	0.8265	5.0000	-9999.0000	-9999.0000	-9999.0000	-9999.0000	-9999.0000	-9999.0000	19.6419	4	0	33.7492	1.0000	99	9	-9999.0000	16358	27475	-9999	425	433	-9999	319.8030	5	0.6273	0.6396	-0.0006	64.5426	0.6049	465.9139	543.5401	38.2176	451.6938	95.8565	465.5296	94.8380	468.9498	94.9306	472.4321	95.0231	
10/08/2017	00:44:13	011992	G523021009HLR	L523	S		432.0395	1.0292	7.0189	100.0302	39.6443	0.8430	0.8271	5.0000	18.9845	508.0380	94.9769	22.1291	25.5000	0.9300	0.9306	0.6403	-0.0006	508.0000	508.0701	1.0275	8.2707	100.1351	40.2733	0.8230	0.8275	5.0000	-9999.0000	-9999.0000	-9999.0000	-9999.0000	-9999.0000	-9999.0000	18.9333	5	0	33.9982	1.0000	99	9	-9999.0000	16359	27476	-9999	426	434	-9999	318.6967	5	0.6271	0.6403	-0.0006	63.2138	0.6663	456.9644	548.0333	36.2037	447.3100	95.8102	456.4349	94.6991	460.3926	94.8843	464.5136	95.0463	
10/08/2017	00:44:46	011992	G523021004HLR	L523	S		431.3659	1.0292	7.0981	100.0178	39.8677	0.8430	0.8276	5.0000	18.5502	508.0800	94.9769	19.3294	25.5000	0.9300	0.9306	0.6391	-0.0005	508.0000	508.4833	1.0275	8.2298	100.0137	39.9627	0.8230	0.8254	5.0000	-9999.0000	-9999.0000	-9999.0000	-9999.0000	-9999.0000	-9999.0000	19.0811	6	0	32.3290	1.0000	99	9	-9999.0000	16360	27477	-9999	427	435	-9999	319.5385	5	0.6276	0.6391	-0.0005	59.3469	0.8423	460.6077	562.8644	38.8657	449.5372	96.0185	460.2015	95.0694	465.5850	95.0000	468.1964	94.9306	
10/08/2017	00:45:18	011992	G523020997HLR	L523	S		434.2874	1.0292	6.7544	99.9967	39.8347	0.8430	0.8269	5.0000	19.8487	508.0484	94.9537	20.3401	25.5000	0.9300	0.9306	0.6387	-0.0005	508.0000	508.0874	1.0275	8.2690	100.1010	39.5160	0.8230	0.8255	5.0000	-9999.0000	-9999.0000	-9999.0000	-9999.0000	-9999.0000	-9999.0000	19.3091	7	0	32.8581	1.0000	99	9	-9999.0000	16361	27478	-9999	428	436	-9999	319.2378	5	0.6277	0.6387	-0.0005	52.3047	1.1511	465.9461	548.6530	37.0370	458.4054	96.3657	465.8749	95.3472	466.1181	95.1389	469.3158	95.0000	
10/08/2017	00:45:43	011992	G523021738HLR	L523	S		428.0780	1.0292	7.4849	100.0094	39.6459	0.8430	0.8271	5.0000	18.6288	508.0832	94.9537	22.8683	25.5000	0.9300	0.9306	0.6387	-0.0005	508.0000	507.2689	1.0275	8.3499	99.8904	40.1000	0.8230	0.8280	5.0000	-9999.0000	-9999.0000	-9999.0000	-9999.0000	-9999.0000	-9999.0000	19.0086	8	0	24.9794	1.0000	99	9	-9999.0000	16362	27479	-9999	429	437	-9999	318.5567	5	0.6276	0.6387	-0.0005	54.1310	1.0682	455.8506	567.7212	38.2870	448.9824	96.0185	455.3735	95.0694	459.4424	95.0000	462.1757	94.9769	
10/08/2017	00:46:13	011992	G523020999HLR	L523	S		432.5675	1.0292	6.9568	100.0384	39.9088	0.8430	0.8276	5.0000	18.8268	508.0659	94.9306	23.1993	25.4000	0.9300	0.9306	0.6390	-0.0005	508.0000	510.5310	1.0275	8.0271	99.9913	40.2319	0.8230	0.8262	5.0000	-9999.0000	-9999.0000	-9999.0000	-9999.0000	-9999.0000	-9999.0000	19.0693	1	0	29.3290	1.0000	99	9	-9999.0000	16363	27479	-9999	430	438	-9999	318.4517	5	0.6275	0.6390	-0.0005	60.0484	0.7786	458.4528	572.8028	38.3102	451.2304	95.4630	458.0265	94.6065	462.3899	94.8380	466.7478	95.0231	
10/08/2017	00:46:44	011992	G523021017HLR	L523	S		434.0455	1.0292	6.7829	100.0487	39.8370	0.8430	0.8270	5.0000	18.7795	508.0305	94.9769	21.5197	25.5000	0.9300	0.9306	0.6380	-0.0005	508.0000	510.4735	1.0275	8.0328	100.1440	39.7577	0.8230	0.8249	5.0000	-9999.0000	-9999.0000	-9999.0000	-9999.0000	-9999.0000	-9999.0000	19.2088	2	0	31.4286	1.0000	99	9	-9999.0000	16363	27480	-9999	431	439	-9999	318.7969	5	0.6277	0.6380	-0.0005	60.1256	0.7569	462.7830	580.1766	38.6806	454.8585	95.8333	462.3521	94.8611	465.8410	94.8611	469.0324	95.0231	
10/08/2017	00:47:17	011992	G523021015HLR	L523	S		431.8758	1.0292	7.0381	100.0319	39.6966	0.8430	0.8273	5.0000	18.6187	508.0558	94.9306	21.9689	25.4000	0.9300	0.9306	0.6366	-0.0004	508.0000	507.3887	1.0275	8.3381	100.0786	39.7000	0.8230	0.8263	5.0000	-9999.0000	-9999.0000	-9999.0000	-9999.0000	-9999.0000	-9999.0000	18.9324	3	0	32.7586	1.0000	99	9	-9999.0000	16364	27481	-9999	431	440	-9999	318.8022	5	0.6279	0.6366	-0.0004	53.0347	1.1218	458.7720	536.4529	38.1250	446.6765	95.8565	458.3647	94.8380	461.7545	94.9306	464.8414	94.9769	
10/08/2017	00:48:19	011992	G523019498HLR	L523	S		437.4283	1.0292	6.3849	100.0713	39.8046	0.8430	0.8270	5.0000	18.6995	508.0731	94.9306	18.4388	25.6000	0.9300	0.9309	0.6441	-0.0008	508.0000	507.7649	1.0275	8.3009	99.9903	40.0319	0.8230	0.8255	5.0000	-9999.0000	-9999.0000	-9999.0000	-9999.0000	-9999.0000	-9999.0000	18.9910	5	0	31.0389	1.0000	99	9	-9999.0000	16366	27482	-9999	433	441	-9999	319.6099	5	0.6272	0.6441	-0.0008	41.2334	1.6203	467.3965	539.1947	36.6435	457.0900	95.9491	467.0567	94.8611	470.1335	94.9769	473.8450	95.0000	
10/08/2017	00:48:47	011992	G523020990HLR	L523	S		433.0012	1.0292	6.9057	100.0014	39.6689	0.8430	0.8270	5.0000	19.4901	508.0751	94.9537	20.5891	25.5000	0.9300	0.9307	0.6423	-0.0007	508.0000	508.2418	1.0275	8.2537	99.9747	39.5016	0.8230	0.8252	5.0000	-9999.0000	-9999.0000	-9999.0000	-9999.0000	-9999.0000	-9999.0000	19.2794	6	0	26.6094	1.0000	99	9	-9999.0000	16367	27483	-9999	434	442	-9999	318.9044	5	0.6272	0.6423	-0.0007	42.8052	1.5498	457.5375	549.8498	38.3333	445.6351	95.9028	457.0045	95.0231	460.7486	94.9769	465.2748	95.0000	
10/08/2017	00:49:22	011992	G523021025HLR	L523	S		433.0480	1.0292	6.9002	99.8918	39.9349	0.8430	0.8276	5.0000	18.3392	508.0124	94.9306	21.8996	25.5000	0.9300	0.9307	0.6423	-0.0007	508.0000	508.1540	1.0275	8.2624	99.9672	40.0228	0.8230	0.8278	5.0000	-9999.0000	-9999.0000	-9999.0000	-9999.0000	-9999.0000	-9999.0000	19.0296	7	0	34.5085	1.0000	99	9	-9999.0000	16368	27484	-9999	435	443	-9999	318.3915	5	0.6272	0.6423	-0.0007	42.8052	1.5498	458.2368	548.2575	38.4259	448.7436	96.2037	457.8606	95.2778	462.2189	95.0926	464.4889	94.9769	
10/08/2017	00:49:52	011992	G523021011HLR	L523	S		424.5238	1.0292	7.9031	99.9927	39.8473	0.8430	0.8269	5.0000	19.0793	508.0463	94.9537	20.2190	25.5000	0.9300	0.9306	0.6349	-0.0003	508.0000	507.4972	1.0275	8.3274	100.0375	40.3000	0.8230	0.8270	5.0000	-9999.0000	-9999.0000	-9999.0000	-9999.0000	-9999.0000	-9999.0000	19.0091	8	0	30.4196	1.0000	99	9	-9999.0000	16369	27485	-9999	436	444	-9999	319.0429	5	0.6276	0.6349	-0.0003	41.0309	1.6138	460.0139	549.0406	36.7824	453.1603	96.1574	459.5831	95.1620	464.1110	95.0694	466.6796	95.0000	
10/08/2017	00:50:17	011992	G523021012HLR	L523	S		423.3412	1.0292	8.0422	100.0241	39.6707	0.8430	0.8271	5.0000	18.4162	508.0486	94.9306	20.1995	25.6000	0.9300	0.9306	0.6362	-0.0004	508.0000	508.0060	1.0275	8.2770	100.0058	39.7948	0.8230	0.8251	5.0000	-9999.0000	-9999.0000	-9999.0000	-9999.0000	-9999.0000	-9999.0000	19.0292	1	0	24.9182	1.0000	99	9	-9999.0000	16370	27486	-9999	436	445	-9999	319.3088	5	0.6275	0.6362	-0.0004	41.0765	1.6131	436.2091	543.2334	38.9352	427.3978	96.2037	435.9467	95.1620	438.0365	95.0231	442.3356	94.9537	
10/08/2017	00:50:42	011992	G523021013HLR	L523	S		429.3941	1.0292	7.3301	100.0139	39.9433	0.8430	0.8276	5.0000	18.7200	508.0382	94.9074	15.8393	25.6000	0.9300	0.9306	0.6362	-0.0004	508.0000	508.4166	1.0275	8.2364	100.0400	39.6000	0.8230	0.8260	5.0000	-9999.0000	-9999.0000	-9999.0000	-9999.0000	-9999.0000	-9999.0000	19.0390	2	0	24.8095	1.0000	99	9	-9999.0000	16371	27487	-9999	437	446	-9999	320.1194	5	0.6275	0.6362	-0.0004	41.0765	1.6131	472.8493	553.9661	36.6435	462.5865	95.8796	472.2294	95.0694	476.8390	95.0000	480.2026	94.9769	
10/08/2017	00:51:05	011992	G523021028HLR	L523	S		431.9229	1.0292	7.0326	99.9896	39.8760	0.8430	0.8272	5.0000	18.4698	508.0697	94.9769	23.6691	25.6000	0.9300	0.9307	0.6393	-0.0005	508.0000	507.3634	1.0275	8.3406	100.1159	40.0916	0.8230	0.8275	5.0000	-9999.0000	-9999.0000	-9999.0000	-9999.0000	-9999.0000	-9999.0000	19.5387	3	0	22.9094	1.0000	99	9	-9999.0000	16372	27488	-9999	438	447	-9999	318.2636	5	0.6274	0.6393	-0.0005	47.9415	1.3036	454.4990	546.8350	38.7269	448.8929	96.1806	454.1306	95.1852	457.9702	95.0926	460.0619	95.0000	
10/08/2017	00:51:20	011992	G523021014HLR	L523	S		432.6145	1.0292	6.9512	99.9936	39.6553	0.8430	0.8270	5.0000	18.5098	508.0273	94.9769	19.6292	25.6000	0.9300	0.9306	0.6419	-0.0007	508.0000	508.6900	1.0275	8.2093	100.1226	40.2779	0.8230	0.8268	5.0000	-9999.0000	-9999.0000	-9999.0000	-9999.0000	-9999.0000	-9999.0000	19.3694	4	0	15.0287	1.0000	99	9	-9999.0000	16373	27488	-9999	438	448	-9999	319.3315	5	0.6274	0.6419	-0.0007	40.4628	1.6380	463.2014	559.0945	39.0972	452.6120	96.0880	462.5049	95.1389	467.1599	95.0463	469.6103	95.0000	
10/08/2017	02:05:08	011992	H365031562HLR	L365	S		769.4296	1.0292	10.0000	100.0046	39.5000	0.8430	0.8269	5.0000	18.6001	893.1134	95.0000	10.3697	25.6000	0.9300	0.9316	0.7115	-0.0024	893.0000	882.4201	1.0275	-4.0000	99.8364	40.2395	0.8230	0.8255	5.0000	-9999.0000	-9999.0000	-9999.0000	-9999.0000	-9999.0000	-9999.0000	19.9491	7	1	24.8899	1.0000	99	9	-9999.0000	16374	27489	-9999	439	449	-9999	612.8902	5	0.6851	0.7115	-0.0024	72.0179	4.4828	823.9216	483.3337	37.3611	759.4812	94.1204	822.1201	93.8426	835.0775	94.6991	846.4300	95.4398	
10/08/2017	02:05:57	011992	H365031558HLR	L365	S		749.0587	1.0292	10.0000	99.8682	39.5950	0.8430	0.8265	5.0000	21.0729	893.1025	95.0694	10.2096	25.6000	0.9300	0.9315	0.7115	-0.0024	893.0000	882.2423	1.0275	-4.0000	99.8877	39.4623	0.8230	0.8242	5.0000	-9999.0000	-9999.0000	-9999.0000	-9999.0000	-9999.0000	-9999.0000	20.3390	1	1	24.9696	1.0000	99	9	-9999.0000	16375	27490	-9999	439	450	-9999	613.2297	5	0.6851	0.7115	-0.0024	72.0179	4.4828	825.8251	497.0950	36.2963	753.4866	94.7222	824.0597	94.0972	835.8661	94.6065	847.4215	95.1157	
10/08/2017	02:06:47	011992	H365031550HLR	L365	S		773.4787	1.0292	8.8005	99.9132	39.4980	0.8430	0.8261	5.0000	21.0887	893.1319	95.0463	11.3394	25.6000	0.9300	0.9317	0.7200	-0.0024	893.0000	888.3607	1.0275	-4.0000	100.0543	40.2038	0.8230	0.8254	5.0000	-9999.0000	-9999.0000	-9999.0000	-9999.0000	-9999.0000	-9999.0000	21.3387	3	0	25.0079	1.0000	99	9	-9999.0000	16376	27491	-9999	439	451	-9999	618.3181	5	0.6946	0.7200	-0.0024	71.5913	4.4562	817.1594	491.5965	37.1528	744.6403	94.9306	815.6556	94.0741	826.6412	94.6991	838.0857	95.1389	
10/08/2017	02:07:36	011992	H365031539HLR	L365	S		774.1861	1.0292	8.5565	100.0805	39.6886	0.8430	0.8268	5.0000	18.9191	893.1421	95.0231	11.9205	25.7000	0.9300	0.9319	0.7200	-0.0024	893.0000	888.0271	1.0275	-4.0000	99.9616	39.4603	0.8230	0.8237	5.0000	-9999.0000	-9999.0000	-9999.0000	-9999.0000	-9999.0000	-9999.0000	20.0941	5	0	25.0684	1.0000	99	9	-9999.0000	16377	27492	-9999	440	452	-9999	617.1479	5	0.6948	0.7200	-0.0024	71.5877	4.4560	816.0497	487.9354	37.0139	748.0642	94.9769	814.8474	94.2361	823.6084	94.8148	834.5510	95.1389	
10/08/2017	02:08:25	011992	H365031553HLR	L365	S		772.1063	1.0292	9.2737	99.9309	39.5401	0.8430	0.8262	5.0000	21.1898	893.1845	95.0694	12.9292	25.7000	0.9300	0.9321	0.7214	-0.0024	893.0000	887.6274	1.0275	-4.0000	99.9854	40.3062	0.8230	0.8263	5.0000	-9999.0000	-9999.0000	-9999.0000	-9999.0000	-9999.0000	-9999.0000	20.5681	7	0	25.0989	1.0000	99	9	-9999.0000	16378	27493	-9999	441	453	-9999	616.2042	5	0.6953	0.7214	-0.0024	71.5201	4.4518	808.1724	515.0062	36.0417	744.8646	95.0000	806.5869	94.6296	819.6072	94.9537	828.2903	95.1157	
10/08/2017	02:09:16	011992	H365031567HLR	L365	S		772.1816	1.0292	9.2477	100.0437	39.6561	0.8430	0.8263	5.0000	19.8683	893.0481	95.0231	12.8101	25.8000	0.9300	0.9322	0.7222	-0.0024	893.0000	888.3812	1.0275	-4.0000	100.0011	39.4139	0.8230	0.8230	5.0000	-9999.0000	-9999.0000	-9999.0000	-9999.0000	-9999.0000	-9999.0000	20.1288	1	0	25.0294	1.0000	99	9	-9999.0000	16379	27494	-9999	442	454	-9999	616.9424	5	0.6952	0.7222	-0.0024	71.4847	4.4496	809.0020	497.9341	36.3889	738.1913	94.9074	807.3004	94.3981	819.7030	94.8380	830.4776	95.1852	
10/08/2017	02:10:07	011992	H365031543HLR	L365	S		770.5017	1.0292	9.8270	99.9364	39.6405	0.8430	0.8263	5.0000	21.2092	893.1011	95.0231	13.3501	25.8000	0.9300	0.9322	0.6972	-0.0002	893.0000	891.9766	1.0275	-4.0000	99.9839	40.4679	0.8230	0.8269	5.0000	-9999.0000	-9999.0000	-9999.0000	-9999.0000	-9999.0000	-9999.0000	20.5097	3	0	25.9836	1.0000	99	9	-9999.0000	16380	27495	-9999	443	455	-9999	620.3656	5	0.6950	0.6972	-0.0002	154.2543	-3.2210	830.5026	515.1043	36.6898	760.5749	95.4167	829.1728	94.4907	838.6372	94.9074	848.1371	95.1852	
10/08/2017	02:10:32	011992	H365031571HLR	L365	S		771.0329	1.0292	9.6438	100.0703	39.6818	0.8430	0.8268	5.0000	18.9987	893.0339	94.9074	15.0795	25.7000	0.9300	0.9319	0.6972	-0.0002	893.0000	894.7209	1.0275	-4.0000	100.0793	39.8214	0.8230	0.8231	5.0000	-9999.0000	-9999.0000	-9999.0000	-9999.0000	-9999.0000	-9999.0000	22.3342	4	0	25.3944	1.0000	99	9	-9999.0000	16381	27496	-9999	444	455	-9999	620.0163	5	0.6950	0.6972	-0.0002	154.2543	-3.2210	826.9260	521.7305	35.9028	759.2091	95.2083	826.0592	94.0278	833.8277	94.6296	842.1943	95.2315	
10/08/2017	02:10:57	011992	H365031563HLR	L365	S		770.0407	1.0292	9.9860	100.1043	39.7810	0.8430	0.8268	5.0000	18.8996	893.0680	94.9769	13.4389	25.7000	0.9300	0.9318	0.6974	-0.0002	893.0000	892.3470	1.0275	-4.0000	100.0822	39.3275	0.8230	0.8233	5.0000	-9999.0000	-9999.0000	-9999.0000	-9999.0000	-9999.0000	-9999.0000	21.7995	5	0	24.9688	1.0000	99	9	-9999.0000	16382	27497	-9999	445	456	-9999	620.1682	5	0.6949	0.6974	-0.0002	102.4412	1.0323	830.5297	528.7943	36.4120	765.5076	95.4861	829.3342	94.9537	838.6417	95.0231	847.2592	95.1157	
10/08/2017	02:11:24	011992	H365031574HLR	L365	S		769.3982	1.0292	10.0000	100.0816	39.6880	0.8430	0.8264	5.0000	19.6398	893.1359	95.0000	12.0298	25.6000	0.9300	0.9319	0.6974	-0.0002	893.0000	893.0223	1.0275	-4.0000	100.1686	39.8898	0.8230	0.8265	5.0000	-9999.0000	-9999.0000	-9999.0000	-9999.0000	-9999.0000	-9999.0000	19.6826	6	0	26.1599	1.0000	99	9	-9999.0000	16383	27498	-9999	446	457	-9999	620.5653	5	0.6949	0.6974	-0.0002	102.4412	1.0323	836.1143	535.5371	36.2269	773.2935	95.1852	834.9396	94.7222	843.9753	94.9537	852.4520	95.1852	
10/08/2017	02:11:50	011992	H365031585HLR	L365	S		768.9783	1.0292	10.0000	100.1241	39.6741	0.8430	0.8267	5.0000	18.8899	893.0803	95.0000	13.7798	25.6000	0.9300	0.9318	0.6957	-0.0001	893.0000	893.4212	1.0275	-4.0000	100.0815	40.0795	0.8230	0.8244	5.0000	-9999.0000	-9999.0000	-9999.0000	-9999.0000	-9999.0000	-9999.0000	22.5889	7	0	26.5479	1.0000	99	9	-9999.0000	16384	27499	-9999	447	458	-9999	620.6290	5	0.6950	0.6957	-0.0001	90.6253	2.0772	832.0639	532.3807	37.3148	766.6210	95.5093	830.6337	95.0694	839.6696	95.1157	847.6388	95.1620	
10/08/2017	02:12:17	011992	H365031589HLR	L365	S		770.6120	1.0292	9.7890	100.1346	39.7938	0.8430	0.8268	5.0000	18.8848	893.0465	94.9537	13.8891	25.6000	0.9300	0.9317	0.6990	-0.0004	893.0000	892.5429	1.0275	-4.0000	100.0953	39.5577	0.8230	0.8231	5.0000	-9999.0000	-9999.0000	-9999.0000	-9999.0000	-9999.0000	-9999.0000	22.8588	8	0	26.9289	1.0000	99	9	-9999.0000	16385	27500	-9999	448	459	-9999	619.9608	5	0.6947	0.6990	-0.0004	86.5149	2.4270	828.4032	551.9383	39.0741	771.6519	95.4630	826.7696	95.0694	835.8355	95.1157	843.4376	95.1389	
10/08/2017	02:12:42	011992	H365031581HLR	L365	S		772.2451	1.0292	9.2258	100.1761	39.7804	0.8430	0.8266	5.0000	18.8996	893.0554	95.0000	13.3901	25.6000	0.9300	0.9317	0.6986	-0.0003	893.0000	893.2714	1.0275	-4.0000	100.0935	39.6144	0.8230	0.8245	5.0000	-9999.0000	-9999.0000	-9999.0000	-9999.0000	-9999.0000	-9999.0000	21.9000	1	0	25.0391	1.0000	99	9	-9999.0000	16386	27501	-9999	449	460	-9999	620.2631	5	0.6947	0.6986	-0.0003	84.8289	2.5937	832.5063	550.6354	38.1713	774.8616	95.4398	831.2582	95.0231	840.4550	95.0926	847.3808	95.1389	
10/08/2017	02:13:07	011992	H365031575HLR	L365	S		772.6884	1.0292	9.0730	100.1588	39.7405	0.8430	0.8265	5.0000	19.2578	893.0931	94.9537	13.8403	25.6000	0.9300	0.9318	0.6983	-0.0003	893.0000	894.3275	1.0275	-4.0000	100.1146	40.1008	0.8230	0.8260	5.0000	-9999.0000	-9999.0000	-9999.0000	-9999.0000	-9999.0000	-9999.0000	19.5179	2	0	24.9296	1.0000	99	9	-9999.0000	16387	27502	-9999	450	461	-9999	620.2112	5	0.6948	0.6983	-0.0003	88.6331	2.3477	832.3338	551.4254	37.2454	770.9871	95.4630	830.9328	95.0463	839.6446	95.1157	846.6762	95.1389	
10/08/2017	02:13:35	011992	H365031580HLR	L365	S		771.1295	1.0292	9.6105	100.1359	39.7796	0.8430	0.8269	5.0000	18.9094	893.0726	94.9769	12.1294	25.6000	0.9300	0.9318	0.6998	-0.0004	893.0000	893.8877	1.0275	-4.0000	100.2092	39.9890	0.8230	0.8246	5.0000	-9999.0000	-9999.0000	-9999.0000	-9999.0000	-9999.0000	-9999.0000	19.7791	3	0	27.8315	1.0000	99	9	-9999.0000	16388	27503	-9999	451	462	-9999	620.7671	5	0.6948	0.6998	-0.0004	108.0272	0.9518	835.9611	535.6428	36.6898	773.9178	95.4861	834.5749	95.0926	843.3899	95.0463	851.4169	95.0463	
10/08/2017	02:14:00	011992	H365031592HLR	L365	S		770.2819	1.0292	9.9028	100.1666	39.8230	0.8430	0.8267	5.0000	18.8792	893.0735	94.9306	15.9994	25.6000	0.9300	0.9319	0.7015	-0.0005	893.0000	893.7024	1.0275	-4.0000	100.1435	39.5735	0.8230	0.8237	5.0000	-9999.0000	-9999.0000	-9999.0000	-9999.0000	-9999.0000	-9999.0000	21.7965	4	0	25.1462	1.0000	99	9	-9999.0000	16389	27504	-9999	452	463	-9999	619.1380	5	0.6947	0.7015	-0.0005	84.7688	2.6731	819.2945	539.4698	34.8843	761.2412	95.4398	818.0730	95.2083	825.9371	95.3009	832.2294	95.0926	
10/08/2017	02:14:25	011992	H365031636HLR	L365	S		772.0864	1.0292	9.2805	100.1682	39.7641	0.8430	0.8266	5.0000	18.9609	893.0588	94.9769	12.1890	25.6000	0.9300	0.9318	0.6959	-0.0001	893.0000	894.3529	1.0275	-4.0000	100.1479	39.8553	0.8230	0.8252	5.0000	-9999.0000	-9999.0000	-9999.0000	-9999.0000	-9999.0000	-9999.0000	21.4485	5	0	25.0792	1.0000	99	9	-9999.0000	16390	27505	-9999	453	464	-9999	620.5482	5	0.6946	0.6959	-0.0001	86.0954	2.5810	840.4858	537.8735	36.6435	778.2480	95.0926	839.2801	94.8843	847.2832	95.0926	854.4437	95.0926	
10/08/2017	02:14:50	011992	H365031609HLR	L365	S		772.3186	1.0292	9.2005	100.1591	39.7986	0.8430	0.8268	5.0000	18.9690	893.0476	95.0000	13.5190	25.6000	0.9300	0.9318	0.7018	-0.0006	893.0000	892.6731	1.0275	-4.0000	100.1228	40.0036	0.8230	0.8245	5.0000	-9999.0000	-9999.0000	-9999.0000	-9999.0000	-9999.0000	-9999.0000	21.4626	6	0	25.0293	1.0000	99	9	-9999.0000	16391	27506	-9999	454	465	-9999	620.1615	5	0.6944	0.7018	-0.0006	105.4022	1.2149	828.0508	540.8676	36.2731	765.4011	95.0231	826.8064	94.6759	836.2641	95.0463	843.7133	95.2083	
10/08/2017	02:15:16	011992	H365031610HLR	L365	S		773.5873	1.0292	8.7630	100.1372	39.8303	0.8430	0.8266	5.0000	19.0295	893.1116	94.9537	17.0101	25.6000	0.9300	0.9318	0.7005	-0.0005	893.0000	892.8987	1.0275	-4.0000	100.2131	39.8152	0.8230	0.8243	5.0000	-9999.0000	-9999.0000	-9999.0000	-9999.0000	-9999.0000	-9999.0000	19.6397	7	0	26.0791	1.0000	99	9	-9999.0000	16392	27507	-9999	455	466	-9999	618.8316	5	0.6944	0.7005	-0.0005	122.5585	-0.0041	818.9000	534.8845	36.5046	759.5330	95.0694	817.5391	94.8380	826.1618	95.0231	832.8793	95.1620	
10/08/2017	02:15:44	011992	H365031591HLR	L365	S		772.0951	1.0292	9.2776	100.1099	39.7968	0.8430	0.8265	5.0000	18.9594	893.0888	94.9769	13.6391	25.6000	0.9300	0.9318	0.7020	-0.0006	893.0000	892.4856	1.0275	-4.0000	100.0860	39.7224	0.8230	0.8244	5.0000	-9999.0000	-9999.0000	-9999.0000	-9999.0000	-9999.0000	-9999.0000	22.4795	8	0	27.3291	1.0000	99	9	-9999.0000	16393	27508	-9999	456	467	-9999	620.1035	5	0.6943	0.7020	-0.0006	120.1380	0.1811	827.0814	528.6071	35.3935	764.3493	95.3009	825.6522	94.9537	834.7264	95.0694	842.1871	95.1157	
10/08/2017	02:16:09	011992	H365031615HLR	L365	S		774.6179	1.0292	8.4076	100.1643	39.8000	0.8430	0.8266	5.0000	18.9261	893.0619	95.0231	13.4800	25.6000	0.9300	0.9318	0.7001	-0.0004	893.0000	893.1466	1.0275	-4.0000	100.1191	39.9058	0.8230	0.8245	5.0000	-9999.0000	-9999.0000	-9999.0000	-9999.0000	-9999.0000	-9999.0000	22.9991	1	0	25.6983	1.0000	99	9	-9999.0000	16394	27509	-9999	457	468	-9999	619.9926	5	0.6941	0.7001	-0.0004	120.3713	0.1719	829.3896	533.1789	35.0000	767.1435	94.6065	828.2221	94.1667	837.6931	94.6991	846.3719	95.2083	
10/08/2017	02:16:34	011992	H365031625HLR	L365	Q		774.6309	1.0292	8.4031	100.1561	39.8000	0.8430	0.8267	5.0000	18.8293	893.0882	94.9537	12.1089	25.5000	0.9300	0.9318	0.6991	-0.0004	893.0000	892.2794	1.0275	-4.0000	100.1203	39.8214	0.8230	0.8239	5.0000	-9999.0000	-9999.0000	-9999.0000	-9999.0000	-9999.0000	-9999.0000	22.1402	2	0	24.8096	1.0000	99	9	-9999.0000	16395	27510	-9999	458	469	-9999	620.5683	5	0.6943	0.6991	-0.0004	121.8277	0.0402	834.5845	538.2200	36.2037	775.8635	94.5370	833.2316	94.1667	841.6531	94.6065	850.6509	95.1620	
10/08/2017	02:17:25	011992	H365031614HLR	L365	Q		770.1185	1.0292	9.9591	100.1709	39.7719	0.8430	0.8269	5.0000	18.9691	893.0616	94.9074	14.6098	25.6000	0.9300	0.9320	0.6988	-0.0003	893.0000	893.6561	1.0275	-4.0000	100.0641	39.8395	0.8230	0.8255	5.0000	-9999.0000	-9999.0000	-9999.0000	-9999.0000	-9999.0000	-9999.0000	22.1967	4	0	25.6690	1.0000	99	9	-9999.0000	16396	27511	-9999	459	471	-9999	619.7233	5	0.6941	0.6988	-0.0003	125.9888	-0.3099	823.1733	515.3654	35.2546	759.6253	94.2130	821.8787	93.6111	830.8774	94.5602	840.5549	95.2315	
10/08/2017	02:17:52	011992	H365031605HLR	L365	S		771.4410	1.0292	9.5031	100.1608	39.8832	0.8430	0.8268	5.0000	18.9285	893.0426	95.0000	13.7593	25.5000	0.9300	0.9318	0.6986	-0.0003	893.0000	891.8285	1.0275	-4.0000	100.0498	40.0683	0.8230	0.8246	5.0000	-9999.0000	-9999.0000	-9999.0000	-9999.0000	-9999.0000	-9999.0000	22.1506	5	0	26.8290	1.0000	99	9	-9999.0000	16397	27512	-9999	460	472	-9999	619.9006	5	0.6940	0.6986	-0.0003	125.8404	-0.3408	826.1969	525.5138	36.6898	764.1856	94.6528	825.1769	93.9583	833.8625	94.6759	843.6105	95.1620	
10/08/2017	02:18:42	011992	H365029873HLR	L365	Q		762.8609	1.0292	10.0000	100.1849	39.7850	0.8430	0.8266	5.0000	18.8548	893.0744	95.0231	12.9702	25.6000	0.9300	0.9320	0.6995	-0.0004	893.0000	894.1938	1.0275	-4.0000	100.0137	39.7539	0.8230	0.8243	5.0000	-9999.0000	-9999.0000	-9999.0000	-9999.0000	-9999.0000	-9999.0000	19.5595	7	0	24.9785	1.0000	99	9	-9999.0000	16399	27513	-9999	462	473	-9999	620.2410	5	0.6941	0.6995	-0.0004	120.2394	0.0363	831.1519	512.4583	35.3935	765.6379	94.8611	829.9266	94.1204	839.7186	94.8148	848.5213	95.2546	
10/08/2017	02:19:32	011992	H365031633HLR	L365	S		771.6860	1.0292	9.4186	100.2063	39.8741	0.8430	0.8266	5.0000	18.9187	893.0366	94.9074	15.9193	25.7000	0.9300	0.9322	0.6998	-0.0004	893.0000	894.4193	1.0275	-4.0000	100.0012	40.1942	0.8230	0.8263	5.0000	-9999.0000	-9999.0000	-9999.0000	-9999.0000	-9999.0000	-9999.0000	19.4692	1	0	25.4989	1.0000	99	9	-9999.0000	16401	27514	-9999	464	474	-9999	619.2202	5	0.6942	0.6998	-0.0004	118.7956	0.1491	821.9843	512.3808	35.7870	756.2537	95.1620	820.8874	94.4907	830.1373	94.9306	838.0225	95.2315	
10/08/2017	02:19:57	011992	H365031626HLR	L365	S		771.4239	1.0292	9.5090	100.1437	39.7966	0.8430	0.8265	5.0000	18.9216	893.0839	95.0231	13.1587	25.6000	0.9300	0.9319	0.6998	-0.0004	893.0000	892.4902	1.0275	-4.0000	100.2047	39.9569	0.8230	0.8245	5.0000	-9999.0000	-9999.0000	-9999.0000	-9999.0000	-9999.0000	-9999.0000	20.0195	2	0	24.8193	1.0000	99	9	-9999.0000	16402	27515	-9999	464	475	-9999	620.2932	5	0.6942	0.6998	-0.0004	118.7956	0.1491	831.0101	517.2615	37.2454	766.2459	95.2546	829.8200	94.9537	838.4694	95.0463	847.0389	95.1389	
10/08/2017	02:20:23	011992	H365031621HLR	L365	S		770.2468	1.0292	9.9149	100.1854	39.8329	0.8430	0.8267	5.0000	18.8456	893.0618	95.0000	13.4595	25.6000	0.9300	0.9319	0.6997	-0.0004	893.0000	892.6613	1.0275	-4.0000	100.0912	39.6978	0.8230	0.8244	5.0000	-9999.0000	-9999.0000	-9999.0000	-9999.0000	-9999.0000	-9999.0000	19.7388	3	0	25.5393	1.0000	99	9	-9999.0000	16403	27516	-9999	465	476	-9999	620.1083	5	0.6941	0.6997	-0.0004	118.8052	0.1614	828.3119	535.8076	37.1759	759.3457	95.1157	827.3307	94.2361	836.5751	94.7454	845.2090	95.2315	
10/08/2017	02:20:51	011992	H365029775HLR	L365	S		778.8334	1.0292	6.9540	100.2226	39.8707	0.8430	0.8266	5.0000	18.8597	893.0454	94.9537	10.9400	25.6000	0.9300	0.9318	0.6997	-0.0004	893.0000	894.2748	1.0275	-4.0000	100.0714	39.9092	0.8230	0.8251	5.0000	-9999.0000	-9999.0000	-9999.0000	-9999.0000	-9999.0000	-9999.0000	21.8098	4	0	27.8083	1.0000	99	9	-9999.0000	16404	27517	-9999	466	477	-9999	620.9965	5	0.6941	0.6997	-0.0004	118.8052	0.1614	844.8041	545.5127	35.4630	781.5014	95.0000	843.6147	94.6065	851.4873	94.9769	859.6339	95.2083	
10/08/2017	02:21:17	011992	H365029871HLR	L365	S		770.5236	1.0292	9.8195	100.1877	39.8389	0.8430	0.8266	5.0000	18.9132	893.1041	94.9074	14.5795	25.7000	0.9300	0.9320	0.7002	-0.0004	893.0000	893.9519	1.0275	-4.0000	100.0836	39.9431	0.8230	0.8242	5.0000	-9999.0000	-9999.0000	-9999.0000	-9999.0000	-9999.0000	-9999.0000	22.6090	5	0	26.3900	1.0000	99	9	-9999.0000	16405	27518	-9999	467	478	-9999	619.7240	5	0.6941	0.7002	-0.0004	119.0646	0.1304	828.1165	521.9127	35.2546	765.0102	95.0926	826.9245	94.6296	835.8832	94.9306	842.9563	95.2315	
10/08/2017	02:21:42	011992	H365031601HLR	L365	S		773.1993	1.0292	8.8968	100.1621	39.8491	0.8430	0.8266	5.0000	18.9797	893.0844	94.9769	13.8403	25.7000	0.9300	0.9319	0.7021	-0.0006	893.0000	892.9748	1.0275	-4.0000	100.0701	39.8126	0.8230	0.8244	5.0000	-9999.0000	-9999.0000	-9999.0000	-9999.0000	-9999.0000	-9999.0000	19.6352	6	0	24.9585	1.0000	99	9	-9999.0000	16406	27519	-9999	468	479	-9999	620.1554	5	0.6942	0.7021	-0.0006	111.5008	0.6389	826.7485	526.5398	34.5370	763.3838	95.5556	825.5354	95.0926	834.2188	95.1157	841.7440	95.1620	
10/08/2017	02:22:07	011992	H365029840HLR	L365	S		769.8694	1.0292	10.0000	100.1666	39.8723	0.8430	0.8266	5.0000	18.9190	893.1169	94.9537	14.4096	25.8000	0.9300	0.9319	0.7021	-0.0006	893.0000	891.7531	1.0275	-4.0000	100.1144	39.8824	0.8230	0.8252	5.0000	-9999.0000	-9999.0000	-9999.0000	-9999.0000	-9999.0000	-9999.0000	19.5840	7	0	25.3086	1.0000	99	9	-9999.0000	16407	27520	-9999	469	479	-9999	619.9148	5	0.6942	0.7021	-0.0006	115.9096	0.3491	825.0832	530.3144	35.3009	760.3771	95.6713	824.0028	94.9537	832.1632	95.0231	839.5577	95.1620	
10/08/2017	02:22:32	011992	H365029972HLR	L365	S		773.6762	1.0292	8.7324	100.1920	39.8629	0.8430	0.8266	5.0000	18.9702	893.0313	94.9537	16.9886	25.8000	0.9300	0.9319	0.7017	-0.0005	893.0000	896.7211	1.0275	-4.0000	100.1984	40.0450	0.8230	0.8254	5.0000	-9999.0000	-9999.0000	-9999.0000	-9999.0000	-9999.0000	-9999.0000	19.4780	8	0	24.7988	1.0000	99	9	-9999.0000	16408	27521	-9999	470	480	-9999	618.3894	5	0.6943	0.7017	-0.0005	98.4645	1.6184	826.0581	523.8463	34.6759	764.3971	95.4861	825.0978	94.9306	830.7322	95.0926	837.2636	95.1852	
10/08/2017	02:22:58	011992	H365029872HLR	L365	S		770.5232	1.0292	9.8196	100.1920	39.8611	0.8430	0.8266	5.0000	19.0090	893.0923	94.9306	15.3090	25.9000	0.9300	0.9319	0.7011	-0.0005	893.0000	891.4407	1.0275	-4.0000	100.0964	39.9553	0.8230	0.8247	5.0000	-9999.0000	-9999.0000	-9999.0000	-9999.0000	-9999.0000	-9999.0000	19.8867	1	0	25.5792	1.0000	99	9	-9999.0000	16409	27522	-9999	471	481	-9999	619.2075	5	0.6942	0.7011	-0.0005	96.6768	1.7667	823.0819	535.1708	35.5556	759.8608	95.5787	821.5585	95.0463	830.2929	95.0463	836.8087	95.1620	
10/08/2017	02:23:23	011992	H365029843HLR	L365	S		770.1122	1.0292	9.9613	100.2148	39.8832	0.8430	0.8266	5.0000	18.9263	893.0862	94.9769	13.7290	25.9000	0.9300	0.9318	0.7017	-0.0006	893.0000	891.0217	1.0275	-4.0000	100.1195	39.8000	0.8230	0.8242	5.0000	-9999.0000	-9999.0000	-9999.0000	-9999.0000	-9999.0000	-9999.0000	22.0084	2	0	25.0892	1.0000	99	9	-9999.0000	16410	27523	-9999	472	482	-9999	619.9741	5	0.6942	0.7017	-0.0006	97.4425	1.7133	826.5547	526.9096	34.8611	764.5417	95.3935	824.9908	94.8148	833.6893	95.0000	843.0442	95.1389	
10/08/2017	02:23:48	011992	H365029836HLR	L365	S		771.4385	1.0292	9.5040	100.2173	39.8731	0.8430	0.8266	5.0000	19.0239	893.0644	94.9306	14.4692	25.9000	0.9300	0.9318	0.6992	-0.0004	893.0000	893.2412	1.0275	-4.0000	100.1257	39.9130	0.8230	0.8247	5.0000	-9999.0000	-9999.0000	-9999.0000	-9999.0000	-9999.0000	-9999.0000	21.4990	3	0	25.2669	1.0000	99	9	-9999.0000	16411	27524	-9999	473	483	-9999	619.7481	5	0.6942	0.6992	-0.0004	99.0948	1.5959	830.8181	548.8768	37.8009	776.0797	95.5324	829.3170	95.1157	838.4330	95.1157	845.4164	95.1389	
10/08/2017	02:24:14	011992	H365029877HLR	L365	S		770.1850	1.0292	9.9362	100.1639	39.8645	0.8430	0.8265	5.0000	19.3488	893.0551	94.9769	13.8491	25.8000	0.9300	0.9317	0.7033	-0.0007	893.0000	892.4040	1.0275	-4.0000	100.1085	39.9319	0.8230	0.8244	5.0000	-9999.0000	-9999.0000	-9999.0000	-9999.0000	-9999.0000	-9999.0000	21.6527	4	0	26.3996	1.0000	99	9	-9999.0000	16412	27525	-9999	474	484	-9999	619.8442	5	0.6938	0.7033	-0.0007	104.7527	1.1619	827.4766	542.3847	36.2963	770.8516	95.4630	826.4541	95.0000	833.8267	95.0926	842.9424	95.1620	
10/08/2017	02:24:40	011992	H365031438HLR	L365	S		772.2500	1.0292	9.2241	100.1428	39.8968	0.8430	0.8264	5.0000	19.7872	893.0674	94.9074	14.7192	25.8000	0.9300	0.9317	0.7009	-0.0005	893.0000	895.7512	1.0275	-4.0000	100.1009	39.8611	0.8230	0.8242	5.0000	-9999.0000	-9999.0000	-9999.0000	-9999.0000	-9999.0000	-9999.0000	21.3689	5	0	25.0679	1.0000	99	9	-9999.0000	16412	27526	-9999	475	485	-9999	619.4884	5	0.6937	0.7009	-0.0005	105.8689	1.0739	832.0327	544.0933	36.4352	773.6966	95.3704	830.7652	94.9306	839.2416	95.0926	846.7151	95.1620	
10/08/2017	02:25:05	011992	H365029869HLR	L365	S		771.4645	1.0292	9.4950	100.2218	39.9170	0.8430	0.8265	5.0000	18.9690	893.0628	95.0000	13.5395	25.7000	0.9300	0.9316	0.7048	-0.0008	893.0000	892.8650	1.0275	-4.0000	100.1555	39.8936	0.8230	0.8246	5.0000	-9999.0000	-9999.0000	-9999.0000	-9999.0000	-9999.0000	-9999.0000	21.2683	6	0	25.5194	1.0000	99	9	-9999.0000	16413	27527	-9999	476	486	-9999	620.3756	5	0.6940	0.7048	-0.0008	107.8313	0.9437	825.3649	518.9690	36.8750	761.3756	95.4630	824.0152	94.8148	833.8885	95.0000	841.9700	95.1620	
10/08/2017	02:25:31	011992	H365029879HLR	L365	S		773.5730	1.0292	8.7679	100.2297	39.8804	0.8430	0.8266	5.0000	18.8692	893.0361	95.0000	13.9497	25.7000	0.9300	0.9317	0.6956	-0.0001	893.0000	894.7886	1.0275	-4.0000	100.1316	39.9355	0.8230	0.8245	5.0000	-9999.0000	-9999.0000	-9999.0000	-9999.0000	-9999.0000	-9999.0000	21.4091	7	0	25.4885	1.0000	99	9	-9999.0000	16413	27528	-9999	477	487	-9999	620.3152	5	0.6941	0.6956	-0.0001	105.8267	1.0848	835.9563	550.2287	36.2037	772.8272	95.4167	834.7768	94.8148	843.7031	95.0000	850.7457	95.1620	
10/08/2017	02:25:57	011992	H365031409HLR	L365	S		768.0812	1.0292	10.0000	100.1996	39.8920	0.8430	0.8266	5.0000	18.8489	893.0645	94.9306	15.6498	25.7000	0.9300	0.9317	0.6952	-0.0000	893.0000	898.8604	1.0275	-4.0000	100.0887	39.9400	0.8230	0.8245	5.0000	-9999.0000	-9999.0000	-9999.0000	-9999.0000	-9999.0000	-9999.0000	20.7486	8	0	26.0899	1.0000	99	9	-9999.0000	16414	27529	-9999	478	488	-9999	620.2358	5	0.6941	0.6952	-0.0000	105.4974	1.1113	832.1984	537.1292	34.7222	770.3289	95.6019	831.0757	95.1620	839.9494	95.1852	846.7522	95.1620	
10/08/2017	02:26:23	011992	H365031415HLR	L365	S		770.8758	1.0292	9.6980	100.2261	39.9287	0.8430	0.8266	5.0000	18.9094	893.0715	95.0231	13.1392	25.6000	0.9300	0.9317	0.7044	-0.0007	893.0000	892.3423	1.0275	-4.0000	100.1017	39.8292	0.8230	0.8242	5.0000	-9999.0000	-9999.0000	-9999.0000	-9999.0000	-9999.0000	-9999.0000	22.3081	1	0	26.2382	1.0000	99	9	-9999.0000	16414	27530	-9999	478	489	-9999	620.4435	5	0.6938	0.7044	-0.0007	103.2327	1.2668	827.1334	516.7912	36.0417	764.3737	95.3241	826.1486	94.5833	834.6470	94.9074	843.5079	95.1389	
10/08/2017	02:26:49	011992	H365031429HLR	L365	S		772.8324	1.0292	9.0233	100.1914	39.9240	0.8430	0.8266	5.0000	18.9087	893.0737	94.9537	14.5893	25.6000	0.9300	0.9317	0.7169	-0.0016	893.0000	895.5985	1.0275	-4.0000	100.1585	39.9174	0.8230	0.8245	5.0000	-9999.0000	-9999.0000	-9999.0000	-9999.0000	-9999.0000	-9999.0000	22.6462	2	0	26.4589	1.0000	99	9	-9999.0000	16415	27531	-9999	479	490	-9999	619.3766	5	0.6938	0.7169	-0.0016	114.4387	0.5131	815.6436	509.6066	35.4630	753.3421	95.6019	814.2196	95.1389	823.7802	95.1157	832.1229	95.1389	
10/08/2017	02:27:15	011992	H365031410HLR	L365	S		777.6178	1.0292	7.3732	100.1934	39.9034	0.8430	0.8266	5.0000	18.8588	893.0982	94.9074	14.5698	25.6000	0.9300	0.9317	0.7143	-0.0014	893.0000	893.7329	1.0275	-4.0000	100.0815	40.0048	0.8230	0.8248	5.0000	-9999.0000	-9999.0000	-9999.0000	-9999.0000	-9999.0000	-9999.0000	19.5196	3	0	25.6894	1.0000	99	9	-9999.0000	16416	27532	-9999	480	491	-9999	619.5328	5	0.6938	0.7143	-0.0014	114.3654	0.5048	815.2706	521.5481	35.3472	750.6353	95.4861	814.1619	95.1620	823.8233	95.1620	831.6700	95.1389	
10/08/2017	02:27:41	011992	H365031421HLR	L365	S		768.0423	1.0292	10.0000	100.2208	39.9199	0.8430	0.8266	5.0000	18.8791	893.1132	94.9537	14.3100	25.6000	0.9300	0.9317	0.7172	-0.0016	893.0000	893.8433	1.0275	-4.0000	100.1388	39.8573	0.8230	0.8244	5.0000	-9999.0000	-9999.0000	-9999.0000	-9999.0000	-9999.0000	-9999.0000	21.4884	4	0	25.7687	1.0000	99	9	-9999.0000	16417	27533	-9999	481	492	-9999	619.7906	5	0.6934	0.7172	-0.0016	115.5898	0.4303	812.5281	522.1819	35.4398	751.9700	95.5093	810.7334	95.0694	822.1087	95.0926	830.4446	95.1157	
10/08/2017	02:28:06	011992	H365031396HLR	L365	S		767.7948	1.0292	10.0000	100.2081	39.9269	0.8430	0.8266	5.0000	18.8391	893.0990	94.9306	14.1801	25.6000	0.9300	0.9318	0.7165	-0.0016	893.0000	894.0196	1.0275	-4.0000	100.1354	39.9000	0.8230	0.8244	5.0000	-9999.0000	-9999.0000	-9999.0000	-9999.0000	-9999.0000	-9999.0000	22.2986	5	0	25.0692	1.0000	99	9	-9999.0000	16418	27534	-9999	482	493	-9999	619.7736	5	0.6934	0.7165	-0.0016	116.0072	0.4024	812.5492	517.2594	34.6065	748.0747	95.5787	811.1118	95.1852	822.2291	95.1852	831.8517	95.1389	
10/08/2017	02:28:31	011992	H365031422HLR	L365	S		765.8239	1.0292	10.0000	100.1340	39.8621	0.8430	0.8262	5.0000	20.4112	893.1806	94.9537	15.6488	25.6000	0.9300	0.9318	0.7268	-0.0024	893.0000	896.2271	1.0275	-4.0000	100.1898	39.9818	0.8230	0.8248	5.0000	-9999.0000	-9999.0000	-9999.0000	-9999.0000	-9999.0000	-9999.0000	19.6686	6	0	24.8888	1.0000	99	9	-9999.0000	16419	27535	-9999	483	494	-9999	616.3955	5	0.6936	0.7268	-0.0024	116.4680	0.3762	802.6819	511.6783	37.1296	739.4472	95.0926	801.2125	94.5139	811.7978	94.8843	821.7832	95.1389	
10/08/2017	02:28:56	011992	H365031395HLR	L365	S		765.5745	1.0292	10.0000	100.2195	39.8994	0.8430	0.8266	5.0000	18.8986	893.0990	94.9074	14.7700	25.6000	0.9300	0.9318	0.7262	-0.0023	893.0000	891.4891	1.0275	-4.0000	100.1443	39.8854	0.8230	0.8244	5.0000	-9999.0000	-9999.0000	-9999.0000	-9999.0000	-9999.0000	-9999.0000	21.2692	7	0	24.9189	1.0000	99	9	-9999.0000	16420	27536	-9999	484	495	-9999	618.1960	5	0.6934	0.7262	-0.0023	106.0174	1.1353	801.6005	505.4781	36.4352	738.6624	95.8565	800.0658	95.4861	810.2855	95.3472	818.8596	95.1389	
10/08/2017	02:29:21	011992	H365031382HLR	L365	S		775.2556	1.0292	8.1877	100.2122	39.9561	0.8430	0.8266	5.0000	18.8986	893.1168	95.0000	11.9390	25.6000	0.9300	0.9317	0.7241	-0.0022	893.0000	897.7131	1.0275	-4.0000	100.1356	39.9244	0.8230	0.8245	5.0000	-9999.0000	-9999.0000	-9999.0000	-9999.0000	-9999.0000	-9999.0000	21.0917	8	0	25.5793	1.0000	99	9	-9999.0000	16421	27537	-9999	484	496	-9999	623.7046	5	0.6932	0.7241	-0.0022	105.6525	1.1788	818.8797	507.3448	35.4167	755.4414	95.3009	817.3813	94.9074	828.7223	95.0694	838.7010	95.1389	
10/08/2017	02:29:46	011992	H365031362HLR	L365	S		774.1486	1.0292	8.5695	100.2235	39.8764	0.8430	0.8265	5.0000	18.7898	893.1692	94.9537	11.4098	25.6000	0.9300	0.9318	0.7248	-0.0022	893.0000	898.8964	1.0275	-4.0000	100.1378	39.9086	0.8230	0.8243	5.0000	-9999.0000	-9999.0000	-9999.0000	-9999.0000	-9999.0000	-9999.0000	22.0585	1	0	25.0278	1.0000	99	9	-9999.0000	16422	27538	-9999	485	497	-9999	624.8079	5	0.6932	0.7248	-0.0022	78.8109	3.1538	822.1530	533.8266	35.5556	761.5005	95.3009	820.5079	95.0000	832.3879	95.0926	841.6244	95.1389	
10/08/2017	02:30:11	011992	H365031366HLR	L365	S		771.1545	1.0292	9.6019	100.2039	39.8854	0.8430	0.8266	5.0000	18.8587	893.1468	95.0231	12.8198	25.6000	0.9300	0.9318	0.7239	-0.0022	893.0000	895.4030	1.0275	-4.0000	100.0736	39.9160	0.8230	0.8245	5.0000	-9999.0000	-9999.0000	-9999.0000	-9999.0000	-9999.0000	-9999.0000	20.7280	2	0	25.1304	1.0000	01	2	-9999.0000	16423	27539	-9999	485	498	-9999	621.8580	5	0.6925	0.7239	-0.0022	70.9640	3.7367	814.1559	524.9702	37.1991	755.2324	95.4861	812.4440	95.1620	823.3619	95.1389	832.0088	95.1389	
10/08/2017	02:30:36	011992	H365031368HLR	L365	S		772.6152	1.0292	9.0982	100.1907	39.9503	0.8430	0.8266	5.0000	19.0153	893.1345	94.9769	12.2798	25.6000	0.9300	0.9318	0.7213	-0.0020	893.0000	895.4510	1.0275	-4.0000	100.1441	39.9226	0.8230	0.8244	5.0000	-9999.0000	-9999.0000	-9999.0000	-9999.0000	-9999.0000	-9999.0000	21.3591	3	0	25.0696	1.0000	01	2	-9999.0000	16424	27540	-9999	486	499	-9999	622.6821	5	0.6927	0.7213	-0.0020	69.3749	3.8704	818.6625	514.5388	35.3241	754.5921	95.2546	817.2837	94.5139	828.3744	94.9306	839.0462	95.1620	
10/08/2017	02:31:02	011992	H365031369HLR	L365	S		771.7053	1.0292	9.4120	100.2063	39.9158	0.8430	0.8265	5.0000	18.8119	893.0844	94.9769	12.7095	25.6000	0.9300	0.9318	0.7164	-0.0017	893.0000	895.0164	1.0275	-4.0000	100.0503	39.9315	0.8230	0.8245	5.0000	-9999.0000	-9999.0000	-9999.0000	-9999.0000	-9999.0000	-9999.0000	20.6986	4	0	25.0091	1.0000	01	2	-9999.0000	16425	27541	-9999	486	500	-9999	621.1581	5	0.6926	0.7164	-0.0017	91.5383	2.3260	820.2966	509.8262	35.8333	755.7635	95.2778	818.7083	94.8843	829.2258	95.0463	838.8768	95.1852	
10/08/2017	02:31:27	011992	H365031360HLR	L365	Q		756.9907	1.0292	10.0000	100.1978	39.8800	0.8430	0.8266	5.0000	18.8169	893.0791	95.0000	13.0591	25.6000	0.9300	0.9318	0.7102	-0.0012	893.0000	894.2362	1.0275	-4.0000	100.1733	39.8776	0.8230	0.8243	5.0000	-9999.0000	-9999.0000	-9999.0000	-9999.0000	-9999.0000	-9999.0000	21.4008	5	0	25.1492	1.0000	01	2	-9999.0000	16426	27542	-9999	487	501	-9999	619.9782	5	0.6928	0.7102	-0.0012	106.5469	1.3089	822.7511	544.3974	37.1528	764.5613	95.4167	821.4909	95.0694	831.2663	95.0926	839.9197	95.1620	
10/08/2017	02:31:52	011992	H365031390HLR	L365	Q		774.6821	1.0292	8.3855	100.1927	39.9094	0.8430	0.8266	5.0000	18.8985	893.0449	94.9306	14.0698	25.6000	0.9300	0.9318	0.7018	-0.0006	893.0000	895.4944	1.0275	-4.0000	100.1168	39.8936	0.8230	0.8244	5.0000	-9999.0000	-9999.0000	-9999.0000	-9999.0000	-9999.0000	-9999.0000	21.5590	6	0	24.9289	1.0000	01	2	-9999.0000	16427	27543	-9999	487	502	-9999	619.4694	5	0.6932	0.7018	-0.0006	109.9698	1.0804	830.4541	538.1018	37.9398	774.8588	95.2778	829.3715	94.9769	836.9571	95.0926	845.3289	95.1852	
10/08/2017	02:32:17	011992	H365031347HLR	L365	S		775.5141	1.0292	8.0986	100.2113	39.9010	0.8430	0.8265	5.0000	18.8596	893.0324	94.9769	14.1098	25.6000	0.9300	0.9318	0.7024	-0.0006	893.0000	896.5969	1.0275	-4.0000	100.1417	39.9244	0.8230	0.8244	5.0000	-9999.0000	-9999.0000	-9999.0000	-9999.0000	-9999.0000	-9999.0000	21.2791	7	0	24.9892	1.0000	01	2	-9999.0000	16428	27544	-9999	488	503	-9999	619.4125	5	0.6932	0.7024	-0.0006	110.9949	1.0267	830.7693	540.2057	37.1759	773.9104	95.3009	829.3536	94.8380	837.8593	95.0231	846.0526	95.1620	
10/08/2017	02:32:42	011992	H365031375HLR	L365	Q		774.9096	1.0292	8.3070	100.1503	39.8796	0.8430	0.8265	5.0000	19.0010	893.1021	94.9769	10.6002	25.6000	0.9300	0.9318	0.7020	-0.0006	893.0000	891.7591	1.0275	-4.0000	100.1274	39.9040	0.8230	0.8243	5.0000	-9999.0000	-9999.0000	-9999.0000	-9999.0000	-9999.0000	-9999.0000	21.4185	8	0	24.9892	1.0000	01	2	-9999.0000	16429	27545	-9999	488	504	-9999	621.3675	5	0.6935	0.7020	-0.0006	104.5101	1.5018	841.2142	521.8346	35.2083	773.3723	95.4398	839.6908	95.0231	848.7191	95.0231	858.5930	95.1157	
10/08/2017	02:33:07	011992	H365031385HLR	L365	S		759.1329	1.0292	10.0000	100.1556	39.9046	0.8430	0.8266	5.0000	18.8391	893.0613	94.9769	13.5298	25.6000	0.9300	0.9319	0.7019	-0.0006	893.0000	893.8019	1.0275	-4.0000	100.1811	39.9251	0.8230	0.8245	5.0000	-9999.0000	-9999.0000	-9999.0000	-9999.0000	-9999.0000	-9999.0000	20.7984	1	0	25.0286	1.0000	01	2	-9999.0000	16430	27546	-9999	489	505	-9999	619.7150	5	0.6935	0.7019	-0.0006	107.8606	1.2570	828.6993	533.0061	35.9954	766.6440	95.3009	827.4369	94.9537	836.4435	95.0926	844.3703	95.2083	
10/08/2017	02:33:32	011992	H365031355HLR	L365	S		770.9450	1.0292	9.6741	100.1959	39.9038	0.8430	0.8265	5.0000	18.8889	893.0594	94.9537	11.4693	25.6000	0.9300	0.9318	0.7039	-0.0008	893.0000	892.5250	1.0275	-4.0000	100.0589	39.9413	0.8230	0.8246	5.0000	-9999.0000	-9999.0000	-9999.0000	-9999.0000	-9999.0000	-9999.0000	20.7180	2	0	25.5691	1.0000	01	2	-9999.0000	16431	27547	-9999	489	506	-9999	620.8953	5	0.6933	0.7039	-0.0008	104.4925	1.5340	834.9744	521.0347	35.2315	773.0283	95.6713	833.2576	95.3009	843.4136	95.1852	851.7073	95.1157	
10/08/2017	02:33:59	011992	H365031364HLR	L365	S		776.7805	1.0292	7.6619	100.2034	39.8756	0.8430	0.8265	5.0000	18.9700	893.1187	94.9074	11.5591	25.7000	0.9300	0.9319	0.7170	-0.0018	893.0000	894.0656	1.0275	-4.0000	100.0930	39.9160	0.8230	0.8243	5.0000	-9999.0000	-9999.0000	-9999.0000	-9999.0000	-9999.0000	-9999.0000	22.0389	3	0	26.4799	1.0000	01	2	-9999.0000	16432	27548	-9999	490	507	-9999	621.6836	5	0.6931	0.7170	-0.0018	117.7440	0.4405	825.0506	511.7999	36.9907	761.4713	95.5324	823.4947	95.1852	833.8478	95.1852	843.2746	95.1852	
10/08/2017	02:34:24	011992	H365029980HLR	L365	S		778.2572	1.0292	7.1527	100.1535	39.8788	0.8430	0.8264	5.0000	19.3889	893.1379	94.9769	10.2496	25.7000	0.9300	0.9318	0.7128	-0.0015	893.0000	894.2028	1.0275	-4.0000	100.0944	39.8534	0.8230	0.8242	5.0000	-9999.0000	-9999.0000	-9999.0000	-9999.0000	-9999.0000	-9999.0000	22.2290	4	0	25.5885	1.0000	01	2	-9999.0000	16433	27549	-9999	490	508	-9999	623.0581	5	0.6940	0.7128	-0.0015	113.1715	0.7363	836.1659	525.8949	36.4352	773.4333	95.5324	834.5803	95.3009	844.5878	95.2083	853.7215	95.1157	
10/08/2017	02:34:51	011992	H365029955HLR	L365	S		773.7899	1.0292	8.6931	100.1682	39.9040	0.8430	0.8264	5.0000	19.5695	893.1599	94.9537	11.9693	25.8000	0.9300	0.9319	0.7119	-0.0014	893.0000	892.7140	1.0275	-4.0000	100.0915	39.9235	0.8230	0.8245	5.0000	-9999.0000	-9999.0000	-9999.0000	-9999.0000	-9999.0000	-9999.0000	22.1496	5	0	26.9287	1.0000	01	2	-9999.0000	16434	27550	-9999	491	508	-9999	620.8350	5	0.6940	0.7119	-0.0014	102.2468	1.7492	825.9023	520.1225	35.4398	761.4418	95.2546	824.3063	95.0231	834.8508	95.0926	844.8494	95.1389	
10/08/2017	02:35:16	011992	H365029935HLR	L365	S		770.1826	1.0292	9.9370	100.2019	39.9210	0.8430	0.8265	5.0000	18.8488	893.1871	95.0000	12.9390	25.8000	0.9300	0.9319	0.7120	-0.0014	893.0000	893.3825	1.0275	-4.0000	100.1106	39.9188	0.8230	0.8242	5.0000	-9999.0000	-9999.0000	-9999.0000	-9999.0000	-9999.0000	-9999.0000	23.3498	6	0	24.8888	1.0000	01	2	-9999.0000	16435	27551	-9999	491	509	-9999	619.6670	5	0.6941	0.7120	-0.0014	101.9332	1.7685	822.3700	528.2624	35.6250	763.6311	95.2778	820.7452	94.9537	830.8640	95.0694	839.4972	95.1620	
10/08/2017	02:35:41	011992	H365031344HLR	L365	S		773.5997	1.0292	8.7587	100.2320	39.9098	0.8430	0.8266	5.0000	18.8513	893.1460	94.9537	12.0493	25.8000	0.9300	0.9319	0.7110	-0.0013	893.0000	894.2639	1.0275	-4.0000	100.0854	39.9251	0.8230	0.8243	5.0000	-9999.0000	-9999.0000	-9999.0000	-9999.0000	-9999.0000	-9999.0000	21.2699	7	0	25.1499	1.0000	01	2	-9999.0000	16436	27552	-9999	492	510	-9999	620.7704	5	0.6941	0.7110	-0.0013	94.6912	2.2458	828.5970	520.9151	35.8565	766.8961	95.3472	827.2438	94.8843	837.5266	95.0463	846.5887	95.1852	
10/08/2017	02:36:09	011992	H365031373HLR	L365	S		773.1010	1.0292	8.9307	100.2348	39.9228	0.8430	0.8266	5.0000	18.8491	893.1237	94.9074	11.6090	25.9000	0.9300	0.9319	0.7108	-0.0013	893.0000	892.2850	1.0275	-4.0000	99.9905	39.9423	0.8230	0.8247	5.0000	-9999.0000	-9999.0000	-9999.0000	-9999.0000	-9999.0000	-9999.0000	19.8693	8	0	27.5701	1.0000	01	2	-9999.0000	16437	27553	-9999	493	511	-9999	621.1466	5	0.6943	0.7108	-0.0013	101.6545	1.5326	828.1534	519.3908	36.9907	768.2485	95.0231	826.9634	94.6296	837.2474	94.9074	846.6058	95.1620	
10/08/2017	02:36:37	011992	H365029956HLR	L365	S		759.6923	1.0292	10.0000	100.1832	39.9211	0.8430	0.8266	5.0000	19.0786	893.0756	95.0000	12.2993	25.9000	0.9300	0.9319	0.7108	-0.0013	893.0000	892.3536	1.0275	-4.0000	100.1564	39.9599	0.8230	0.8246	5.0000	-9999.0000	-9999.0000	-9999.0000	-9999.0000	-9999.0000	-9999.0000	21.6995	1	0	28.5163	1.0000	01	2	-9999.0000	16438	27554	-9999	494	512	-9999	620.2716	5	0.6944	0.7108	-0.0013	103.7024	1.2654	825.0506	506.1203	37.5694	740.9604	95.5787	823.1075	95.0926	835.2293	95.1389	843.9359	95.1852	
10/08/2017	02:37:30	011992	H365029968HLR	L365	S		774.8184	1.0292	8.3385	100.2211	39.9432	0.8430	0.8267	5.0000	18.9801	893.0899	94.9769	10.2496	25.9000	0.9300	0.9319	0.7115	-0.0014	893.0000	892.8104	1.0275	-4.0000	100.0813	39.8182	0.8230	0.8240	5.0000	-9999.0000	-9999.0000	-9999.0000	-9999.0000	-9999.0000	-9999.0000	22.4891	3	0	26.4491	1.0000	01	2	-9999.0000	16440	27555	-9999	496	513	-9999	622.7351	5	0.6944	0.7115	-0.0014	103.5747	1.3049	834.4818	508.2038	34.9306	768.0298	95.3935	832.6711	94.9074	844.0228	95.0694	853.3999	95.1389	
10/08/2017	02:37:57	011992	H365029974HLR	L365	S		778.0580	1.0292	7.2214	100.0681	39.9293	0.8430	0.8258	5.0000	21.8100	893.0927	94.9306	10.9400	25.7000	0.9300	0.9317	0.7118	-0.0014	893.0000	894.7045	1.0275	-4.0000	100.1488	39.8000	0.8230	0.8246	5.0000	-9999.0000	-9999.0000	-9999.0000	-9999.0000	-9999.0000	-9999.0000	21.7485	4	0	27.4492	1.0000	01	2	-9999.0000	16441	27556	-9999	497	514	-9999	621.9832	5	0.6948	0.7118	-0.0014	100.2212	1.6191	831.7217	510.3495	35.5324	769.6993	95.6944	830.4069	95.4861	843.3249	95.3009	852.4309	95.1620	
10/08/2017	02:38:23	011992	H365029973HLR	L365	S		781.1656	1.0292	6.1498	100.0162	39.7868	0.8430	0.8255	5.0000	24.4092	893.1412	95.0000	10.1598	25.7000	0.9300	0.9317	0.7088	-0.0011	893.0000	894.7922	1.0275	-4.0000	100.0998	40.1000	0.8230	0.8251	5.0000	-9999.0000	-9999.0000	-9999.0000	-9999.0000	-9999.0000	-9999.0000	21.9185	5	0	25.8208	1.0000	01	2	-9999.0000	16442	27557	-9999	498	514	-9999	622.8316	5	0.6952	0.7088	-0.0011	63.0305	4.9691	839.8643	522.1241	35.4861	771.6690	95.2778	838.6071	94.6528	848.2723	94.9769	857.4395	95.1620	
10/08/2017	02:38:51	011992	H365029961HLR	L365	S		777.3044	1.0292	7.4813	100.0143	39.8651	0.8430	0.8257	5.0000	25.2295	893.1140	94.9537	11.0396	25.7000	0.9300	0.9318	0.7088	-0.0011	893.0000	895.2183	1.0275	-4.0000	100.1118	40.0317	0.8230	0.8241	5.0000	-9999.0000	-9999.0000	-9999.0000	-9999.0000	-9999.0000	-9999.0000	22.2986	6	0	27.9574	1.0000	01	2	-9999.0000	16442	27558	-9999	498	515	-9999	621.8307	5	0.6952	0.7088	-0.0011	63.0305	4.9691	834.2466	517.8305	36.0185	769.3894	95.2315	832.6984	94.5139	843.2067	94.8380	853.4866	95.1852	
10/08/2017	02:39:16	011992	H365029960HLR	L365	S		777.3915	1.0292	7.4512	100.2013	40.0313	0.8430	0.8264	5.0000	19.1089	893.1170	95.0000	9.9401	25.7000	0.9300	0.9317	0.7095	-0.0012	893.0000	897.0568	1.0275	-4.0000	100.1058	39.8000	0.8230	0.8238	5.0000	-9999.0000	-9999.0000	-9999.0000	-9999.0000	-9999.0000	-9999.0000	22.4649	7	0	25.0887	1.0000	01	2	-9999.0000	16443	27559	-9999	499	516	-9999	623.0886	5	0.6953	0.7095	-0.0012	68.8567	4.5064	841.7451	526.4486	36.1343	780.4026	95.5093	840.0650	95.1852	851.2407	95.1852	860.6129	95.1620	
10/08/2017	02:39:44	011992	H365029950HLR	L365	S		766.2713	1.0292	10.0000	100.0182	39.8379	0.8430	0.8255	5.0000	23.1587	893.0678	94.9769	11.7896	25.7000	0.9300	0.9318	0.7088	-0.0012	893.0000	896.4597	1.0275	-4.0000	100.1322	39.9198	0.8230	0.8248	5.0000	-9999.0000	-9999.0000	-9999.0000	-9999.0000	-9999.0000	-9999.0000	20.6991	8	0	27.8986	1.0000	01	2	-9999.0000	16444	27560	-9999	500	517	-9999	620.9556	5	0.6955	0.7088	-0.0012	93.8099	2.2028	832.5188	523.6672	36.1343	773.1792	95.5093	830.8033	95.2546	841.3188	95.2083	848.9591	95.1852	
10/08/2017	02:40:09	011992	H365029949HLR	L365	S		771.6250	1.0292	9.4397	99.9990	39.8000	0.8430	0.8257	5.0000	24.2491	893.1133	94.9769	13.6196	25.6000	0.9300	0.9319	0.7069	-0.0010	893.0000	895.0150	1.0275	-4.0000	100.1544	40.0204	0.8230	0.8245	5.0000	-9999.0000	-9999.0000	-9999.0000	-9999.0000	-9999.0000	-9999.0000	21.7513	1	0	24.9591	1.0000	01	2	-9999.0000	16445	27561	-9999	501	518	-9999	619.3067	5	0.6955	0.7069	-0.0010	88.9129	2.5848	826.4562	541.5456	36.3194	769.3631	95.6944	824.6724	95.4167	835.2405	95.2083	843.0319	95.1157	
10/08/2017	02:40:37	011992	H365029948HLR	L365	S		783.9254	1.0292	5.1981	100.2154	40.0575	0.8430	0.8265	5.0000	19.4110	893.1512	95.0000	9.8502	25.6000	0.9300	0.9317	0.7063	-0.0010	893.0000	894.8392	1.0275	-4.0000	100.1392	39.9250	0.8230	0.8243	5.0000	-9999.0000	-9999.0000	-9999.0000	-9999.0000	-9999.0000	-9999.0000	21.3488	2	0	28.0291	1.0000	01	2	-9999.0000	16446	27562	-9999	502	519	-9999	622.5308	5	0.6955	0.7063	-0.0010	86.6468	2.7953	843.2648	536.1082	37.7315	784.2543	95.2778	841.7293	94.9537	851.8227	95.1157	860.4756	95.1620	
10/08/2017	02:41:03	011992	H365029903HLR	L365	S		772.1548	1.0292	9.2570	100.0435	39.8760	0.8430	0.8254	5.0000	24.6450	893.0934	95.0000	12.5396	25.6000	0.9300	0.9318	0.7021	-0.0006	893.0000	893.4211	1.0275	-4.0000	100.1660	39.8473	0.8230	0.8244	5.0000	-9999.0000	-9999.0000	-9999.0000	-9999.0000	-9999.0000	-9999.0000	21.7279	3	0	25.8497	1.0000	01	2	-9999.0000	16446	27563	-9999	503	520	-9999	620.3205	5	0.6952	0.7021	-0.0006	96.2049	1.9947	829.8918	533.1381	35.2778	764.7938	95.3472	828.4933	94.4676	838.5706	94.8611	846.6001	95.2083	
10/08/2017	02:41:30	011992	H365029892HLR	L365	S		776.1845	1.0292	7.8674	100.3716	39.8569	0.8430	0.8262	5.0000	19.5088	893.0958	94.9306	11.9302	25.6000	0.9300	0.9318	0.7033	-0.0007	893.0000	894.8276	1.0275	-4.0000	100.0872	40.0000	0.8230	0.8247	5.0000	-9999.0000	-9999.0000	-9999.0000	-9999.0000	-9999.0000	-9999.0000	22.1486	4	0	27.5087	1.0000	01	2	-9999.0000	16447	27564	-9999	503	521	-9999	620.3608	5	0.6950	0.7033	-0.0007	95.1101	2.1120	835.4289	527.1536	36.3426	771.8474	95.5556	833.9950	94.7454	843.7683	94.9769	851.7832	95.2315	
10/08/2017	02:41:55	011992	H365029889HLR	L365	S		774.9566	1.0292	8.2908	100.0467	39.9150	0.8430	0.8258	5.0000	24.6159	893.0770	94.9306	11.8589	25.6000	0.9300	0.9319	0.7062	-0.0010	893.0000	893.1774	1.0275	-4.0000	100.0981	39.9699	0.8230	0.8243	5.0000	-9999.0000	-9999.0000	-9999.0000	-9999.0000	-9999.0000	-9999.0000	21.6287	5	0	25.0392	1.0000	01	2	-9999.0000	16448	27565	-9999	504	522	-9999	620.1623	5	0.6948	0.7062	-0.0010	97.9970	1.8395	832.7079	517.7954	34.6759	762.7780	95.8333	831.4595	94.9769	840.7603	95.0694	848.8877	95.1389	
10/08/2017	02:42:24	011992	H365029902HLR	L365	S		777.6669	1.0292	7.3562	100.4308	40.0349	0.8430	0.8264	5.0000	19.0770	893.0539	95.0463	12.8491	25.6000	0.9300	0.9319	0.7053	-0.0009	893.0000	896.9727	1.0275	-4.0000	100.0867	39.8577	0.8230	0.8242	5.0000	-9999.0000	-9999.0000	-9999.0000	-9999.0000	-9999.0000	-9999.0000	21.4587	6	0	28.3886	1.0000	01	2	-9999.0000	16449	27566	-9999	505	523	-9999	619.2717	5	0.6950	0.7053	-0.0009	74.9646	4.0384	834.8139	538.0238	37.0602	772.3325	95.6713	833.2725	94.9537	842.8580	95.0694	852.4161	95.1852	
10/08/2017	02:42:49	011992	H365029913HLR	L365	S		775.1689	1.0292	8.2176	100.0264	39.8072	0.8430	0.8255	5.0000	24.8579	893.0546	94.9306	14.9887	25.6000	0.9300	0.9320	0.7049	-0.0009	893.0000	891.5499	1.0275	-4.0000	100.0911	39.9058	0.8230	0.8245	5.0000	-9999.0000	-9999.0000	-9999.0000	-9999.0000	-9999.0000	-9999.0000	21.8787	7	0	25.6689	1.0000	01	2	-9999.0000	16450	27567	-9999	506	524	-9999	617.5762	5	0.6948	0.7049	-0.0009	82.6301	3.3167	820.8661	520.4954	36.2963	756.8623	95.8333	819.4463	95.3009	828.3040	95.2083	835.5238	95.1389	
10/08/2017	02:43:18	011992	H365029943HLR	L365	S		770.7679	1.0292	9.7352	100.2532	39.9537	0.8430	0.8266	5.0000	19.0285	893.0624	94.9537	12.1187	25.6000	0.9300	0.9318	0.7060	-0.0010	893.0000	891.6495	1.0275	-4.0000	100.0574	39.9509	0.8230	0.8245	5.0000	-9999.0000	-9999.0000	-9999.0000	-9999.0000	-9999.0000	-9999.0000	22.1581	8	0	28.2089	1.0000	01	2	-9999.0000	16451	27568	-9999	507	525	-9999	619.5243	5	0.6946	0.7060	-0.0010	92.3418	2.2769	829.6695	524.9419	36.9676	769.9229	95.8333	828.2724	95.5093	838.6398	95.3241	847.1022	95.1157	
10/08/2017	02:43:43	011992	H365029897HLR	L365	S		775.1687	1.0292	8.2177	100.0453	39.9242	0.8430	0.8256	5.0000	24.3087	893.0962	94.9769	13.8491	25.6000	0.9300	0.9318	0.7045	-0.0009	893.0000	891.7608	1.0275	-4.0000	100.1078	39.9920	0.8230	0.8248	5.0000	-9999.0000	-9999.0000	-9999.0000	-9999.0000	-9999.0000	-9999.0000	19.3983	1	0	25.1594	1.0000	01	2	-9999.0000	16452	27569	-9999	507	526	-9999	618.1723	5	0.6943	0.7045	-0.0009	82.5814	3.0454	824.7027	547.9204	37.0370	772.3427	95.4398	823.2369	94.9074	833.0152	95.0231	840.6747	95.1389	
10/08/2017	02:44:11	011992	H365029934HLR	L365	S		779.2930	1.0292	6.7955	100.4633	39.9379	0.8430	0.8263	5.0000	19.0590	893.0674	95.0000	13.5894	25.6000	0.9300	0.9318	0.7057	-0.0010	893.0000	893.5527	1.0275	-4.0000	100.2148	39.9868	0.8230	0.8252	5.0000	-9999.0000	-9999.0000	-9999.0000	-9999.0000	-9999.0000	-9999.0000	19.0849	2	0	28.4589	1.0000	01	2	-9999.0000	16452	27570	-9999	508	527	-9999	617.9757	5	0.6938	0.7057	-0.0010	85.9265	2.7402	825.8417	544.9447	37.5926	772.1715	95.4167	824.6033	94.9306	832.3714	95.0463	839.3586	95.1389	
10/08/2017	02:44:38	011992	H365029909HLR	L365	S		776.0423	1.0292	7.9164	100.0554	39.8331	0.8430	0.8256	5.0000	25.1781	893.0773	94.9537	11.6695	25.6000	0.9300	0.9318	0.7013	-0.0006	893.0000	892.3972	1.0275	-4.0000	100.1407	39.9902	0.8230	0.8250	5.0000	-9999.0000	-9999.0000	-9999.0000	-9999.0000	-9999.0000	-9999.0000	19.5693	3	0	27.0086	1.0000	01	2	-9999.0000	16453	27571	-9999	509	527	-9999	619.6625	5	0.6935	0.7013	-0.0006	110.9238	0.6843	837.9477	543.2353	38.4259	779.4745	95.2546	836.7003	95.0463	845.4318	95.1157	853.3250	95.1157	
10/08/2017	02:45:04	011992	H365029918HLR	L365	S		777.0082	1.0292	7.5834	100.4578	40.0000	0.8430	0.8266	5.0000	19.0199	893.0787	94.9537	12.1792	25.6000	0.9300	0.9319	0.7011	-0.0006	893.0000	892.9696	1.0275	-4.0000	100.1376	39.9341	0.8230	0.8246	5.0000	-9999.0000	-9999.0000	-9999.0000	-9999.0000	-9999.0000	-9999.0000	21.0195	4	0	26.1893	1.0000	01	2	-9999.0000	16454	27572	-9999	510	528	-9999	619.4889	5	0.6935	0.7011	-0.0006	121.4778	-0.1361	832.6319	541.1389	36.6204	778.2403	95.1389	831.5190	94.7454	841.0146	95.0231	850.4959	95.1852	
10/08/2017	02:45:30	011992	H365029926HLR	L365	S		776.0486	1.0292	7.9143	100.0688	39.8670	0.8430	0.8255	5.0000	25.0137	893.0943	94.9537	11.1597	25.6000	0.9300	0.9319	0.7011	-0.0006	893.0000	892.4746	1.0275	-4.0000	100.1041	39.9000	0.8230	0.8243	5.0000	-9999.0000	-9999.0000	-9999.0000	-9999.0000	-9999.0000	-9999.0000	22.7414	5	0	25.6291	1.0000	01	2	-9999.0000	16455	27573	-9999	511	529	-9999	620.3093	5	0.6934	0.7011	-0.0006	130.1045	-0.8481	840.2459	539.5315	38.2639	781.4080	95.4861	838.6251	95.2083	847.5899	95.2083	855.9907	95.1852	
10/08/2017	02:45:55	011992	H365031977HLR	L365	S		775.5158	1.0292	8.0980	100.4335	39.9222	0.8430	0.8264	5.0000	19.1380	893.1418	94.9537	17.6791	25.7000	0.9300	0.9319	0.7012	-0.0006	893.0000	899.5894	1.0275	-4.0000	100.1632	39.9006	0.8230	0.8243	5.0000	-9999.0000	-9999.0000	-9999.0000	-9999.0000	-9999.0000	-9999.0000	22.0594	6	0	25.3032	1.0000	01	2	-9999.0000	16456	27574	-9999	512	530	-9999	616.0791	5	0.6935	0.7012	-0.0006	129.1204	-0.8711	805.2629	521.7119	36.4120	742.2637	95.8102	804.0408	95.4167	814.1334	95.2083	821.4539	95.1620	
10/08/2017	02:46:25	011992	H365029927HLR	L365	S		775.8430	1.0292	7.9852	100.4606	40.0180	0.8430	0.8266	5.0000	19.0598	893.1034	95.0231	13.0591	25.7000	0.9300	0.9318	0.7012	-0.0006	893.0000	893.2548	1.0275	-4.0000	100.1051	39.9214	0.8230	0.8244	5.0000	-9999.0000	-9999.0000	-9999.0000	-9999.0000	-9999.0000	-9999.0000	21.9184	7	0	29.7153	1.0000	01	2	-9999.0000	16457	27575	-9999	513	531	-9999	619.6376	5	0.6935	0.7012	-0.0006	129.1204	-0.8711	831.5483	520.7598	34.9074	768.0498	95.2546	830.3259	94.8380	839.4477	94.9769	847.4525	95.1157	
10/08/2017	02:46:50	011992	H365031978HLR	L365	S		773.0362	1.0292	8.9530	100.0089	39.8562	0.8430	0.8255	5.0000	23.7089	893.0762	95.0000	13.8598	25.7000	0.9300	0.9319	0.7006	-0.0005	893.0000	891.6742	1.0275	-4.0000	100.1632	39.9579	0.8230	0.8246	5.0000	-9999.0000	-9999.0000	-9999.0000	-9999.0000	-9999.0000	-9999.0000	20.4075	8	0	25.0491	1.0000	01	2	-9999.0000	16458	27576	-9999	514	532	-9999	619.0619	5	0.6933	0.7006	-0.0005	127.9285	-0.7973	827.4966	526.2586	36.0417	759.1473	95.6481	825.9143	95.2546	835.2588	95.1852	842.6371	95.1389	
10/08/2017	02:47:16	011992	H365029907HLR	L365	S		776.9442	1.0292	7.6055	100.4518	39.8982	0.8430	0.8266	5.0000	19.1875	893.0931	95.0000	13.7895	25.8000	0.9300	0.9318	0.7025	-0.0007	893.0000	891.3347	1.0275	-4.0000	100.0896	39.9293	0.8230	0.8245	5.0000	-9999.0000	-9999.0000	-9999.0000	-9999.0000	-9999.0000	-9999.0000	21.5787	1	0	25.5651	1.0000	01	2	-9999.0000	16459	27577	-9999	515	533	-9999	618.7633	5	0.6934	0.7025	-0.0007	122.9735	-0.4544	822.9773	519.2776	36.3657	753.3240	95.0463	821.5215	94.0972	831.8566	94.7454	840.9812	95.2083	
10/08/2017	02:47:41	011992	H365029917HLR	L365	S		775.6801	1.0292	8.0414	100.5140	40.0633	0.8430	0.8267	5.0000	19.0999	893.0461	94.9769	13.6987	25.8000	0.9300	0.9319	0.7104	-0.0014	893.0000	890.3758	1.0275	-4.0000	100.1934	39.9319	0.8230	0.8245	5.0000	-9999.0000	-9999.0000	-9999.0000	-9999.0000	-9999.0000	-9999.0000	21.2186	2	0	25.0032	1.0000	01	2	-9999.0000	16460	27578	-9999	515	534	-9999	617.9026	5	0.6926	0.7104	-0.0014	110.2665	0.5599	818.7865	515.6281	36.7361	753.7092	95.6019	817.3857	95.3009	827.3406	95.2546	835.8026	95.1852	
10/08/2017	02:48:06	011992	H365032000HLR	L365	S		777.7122	1.0292	7.3406	100.4445	40.0192	0.8430	0.8264	5.0000	19.0585	893.0928	94.9306	14.3696	25.8000	0.9300	0.9319	0.7104	-0.0013	893.0000	894.2060	1.0275	-4.0000	100.1155	39.9291	0.8230	0.8245	5.0000	-9999.0000	-9999.0000	-9999.0000	-9999.0000	-9999.0000	-9999.0000	21.5584	3	0	25.3682	1.0000	01	2	-9999.0000	16461	27579	-9999	516	535	-9999	617.2663	5	0.6926	0.7104	-0.0013	117.6617	-0.0828	823.0381	530.1805	37.5463	760.7256	94.9537	822.1258	94.4444	829.4167	94.8611	837.3845	95.1852	
10/08/2017	02:48:35	011992	H365031944HLR	L365	S		775.5242	1.0292	8.0951	99.9871	39.8000	0.8430	0.8255	5.0000	26.3897	893.1339	94.9537	14.1694	25.9000	0.9300	0.9319	0.7010	-0.0006	893.0000	892.8946	1.0275	-4.0000	100.1235	39.9507	0.8230	0.8246	5.0000	-9999.0000	-9999.0000	-9999.0000	-9999.0000	-9999.0000	-9999.0000	21.0484	4	0	28.7993	1.0000	01	2	-9999.0000	16462	27580	-9999	517	536	-9999	619.2247	5	0.6929	0.7010	-0.0006	115.2615	0.0987	827.7058	526.5792	35.6019	761.1475	95.6944	826.5352	95.2083	835.3791	95.2083	843.0250	95.1620	
10/08/2017	02:49:00	011992	H365031971HLR	L365	S		776.5156	1.0292	7.7532	100.1468	40.0000	0.8430	0.8266	5.0000	19.4094	893.0804	94.9537	14.6899	25.9000	0.9300	0.9319	0.7003	-0.0005	893.0000	894.0123	1.0275	-4.0000	100.1521	39.9461	0.8230	0.8244	5.0000	-9999.0000	-9999.0000	-9999.0000	-9999.0000	-9999.0000	-9999.0000	22.1979	5	0	25.1391	1.0000	01	2	-9999.0000	16463	27581	-9999	517	537	-9999	619.0081	5	0.6931	0.7003	-0.0005	120.5890	-0.3093	830.9259	550.4362	36.5278	772.9605	95.9722	829.6172	95.6250	838.1812	95.3241	845.1451	95.0926	
10/08/2017	02:49:25	011992	H365031956HLR	L365	S		778.4222	1.0292	7.0958	100.1509	40.0661	0.8430	0.8261	5.0000	20.0314	893.1156	95.0000	12.5699	25.9000	0.9300	0.9318	0.6989	-0.0004	893.0000	891.4727	1.0275	-4.0000	100.1591	40.0020	0.8230	0.8247	5.0000	-9999.0000	-9999.0000	-9999.0000	-9999.0000	-9999.0000	-9999.0000	20.6666	6	0	25.0478	1.0000	01	2	-9999.0000	16464	27582	-9999	518	537	-9999	619.9691	5	0.6930	0.6989	-0.0004	118.7688	-0.2096	836.8319	550.6777	36.4815	778.5600	95.6944	835.3882	95.3241	843.8976	95.2083	851.5062	95.0926	
10/08/2017	02:49:50	011992	H365031953HLR	L365	S		780.6852	1.0292	6.3155	100.1369	39.9214	0.8430	0.8259	5.0000	20.3091	893.1528	94.9074	14.5893	25.9000	0.9300	0.9318	0.7072	-0.0011	893.0000	895.1658	1.0275	-4.0000	100.1027	39.9655	0.8230	0.8245	5.0000	-9999.0000	-9999.0000	-9999.0000	-9999.0000	-9999.0000	-9999.0000	21.5488	7	0	25.0001	1.0000	01	2	-9999.0000	16465	27583	-9999	518	538	-9999	617.9210	5	0.6927	0.7072	-0.0011	118.2222	-0.1672	824.2305	537.1280	37.8241	768.1169	95.2083	822.8559	94.7917	833.5698	95.0694	841.4372	95.1852	
10/08/2017	02:50:18	011992	H365032016HLR	L365	S		777.3330	1.0292	7.4714	100.1747	39.9381	0.8430	0.8266	5.0000	19.4592	893.0843	95.0000	13.2798	25.8000	0.9300	0.9317	0.7112	-0.0014	893.0000	894.1122	1.0275	-4.0000	100.0987	39.9856	0.8230	0.8245	5.0000	-9999.0000	-9999.0000	-9999.0000	-9999.0000	-9999.0000	-9999.0000	21.1688	8	0	27.7090	1.0000	01	2	-9999.0000	16466	27584	-9999	519	539	-9999	619.1849	5	0.6929	0.7112	-0.0014	115.2088	0.0953	824.7266	546.7123	37.7315	766.9456	95.4861	823.1864	95.1389	832.5942	95.1157	839.8677	95.1389	
10/08/2017	02:50:43	011992	H365027009HLR	L365	S		762.6555	1.0292	10.0000	100.0345	39.9080	0.8430	0.8256	5.0000	25.5381	893.0670	95.0000	9.7799	25.8000	0.9300	0.9316	0.7101	-0.0012	893.0000	899.7550	1.0275	-4.0000	99.9619	40.0463	0.8230	0.8250	5.0000	-9999.0000	-9999.0000	-9999.0000	-9999.0000	-9999.0000	-9999.0000	19.5594	1	0	24.9688	1.0000	01	2	-9999.0000	16467	27585	-9999	520	540	-9999	623.2897	5	0.6927	0.7101	-0.0012	113.6705	0.2193	841.9819	540.4530	36.6435	775.0632	95.4167	840.2502	95.2778	850.3108	95.2546	859.0738	95.1620	
10/08/2017	02:51:11	011992	H365026879HLR	L365	S		765.8067	1.0292	10.0000	100.2916	39.9842	0.8430	0.8263	5.0000	19.4191	893.1080	95.0000	10.1793	25.8000	0.9300	0.9316	0.7188	-0.0019	893.0000	899.3361	1.0275	-4.0000	100.2300	40.0595	0.8230	0.8252	5.0000	-9999.0000	-9999.0000	-9999.0000	-9999.0000	-9999.0000	-9999.0000	19.1288	2	0	28.4696	1.0000	01	2	-9999.0000	16468	27586	-9999	521	541	-9999	625.1761	5	0.6929	0.7188	-0.0019	98.4730	1.3289	832.5816	536.3589	36.1806	769.5993	95.0463	831.2937	94.7454	841.6769	94.9306	851.1883	95.2315	
10/08/2017	02:51:36	011992	H365031937HLR	L365	S		774.8281	1.0292	8.3352	100.2241	40.0130	0.8430	0.8263	5.0000	19.5386	893.1813	94.9769	13.5395	25.7000	0.9300	0.9317	0.7224	-0.0021	893.0000	892.7924	1.0275	-4.0000	100.0561	39.9525	0.8230	0.8244	5.0000	-9999.0000	-9999.0000	-9999.0000	-9999.0000	-9999.0000	-9999.0000	21.9281	3	0	25.0088	1.0000	01	2	-9999.0000	16469	27587	-9999	522	542	-9999	619.7977	5	0.6924	0.7224	-0.0021	89.6741	1.9013	808.4970	511.8168	36.5509	745.9507	95.2778	806.5285	94.9074	818.8233	95.1157	828.4681	95.2315	
10/08/2017	02:52:03	011992	H365031941HLR	L365	S		777.1195	1.0292	7.5450	100.2838	39.9958	0.8430	0.8263	5.0000	19.3899	893.0966	95.0000	13.6597	25.7000	0.9300	0.9317	0.7129	-0.0014	893.0000	893.1308	1.0275	-4.0000	100.2015	40.0381	0.8230	0.8250	5.0000	-9999.0000	-9999.0000	-9999.0000	-9999.0000	-9999.0000	-9999.0000	19.4647	4	0	26.3091	1.0000	01	2	-9999.0000	16469	27588	-9999	523	543	-9999	619.4862	5	0.6931	0.7129	-0.0014	105.1505	0.7938	818.6167	514.0893	36.2963	753.4937	95.3704	817.1614	95.1389	826.9458	95.1620	835.3300	95.1389	
10/08/2017	02:52:31	011992	H365031559HLR	L365	S		761.8220	1.0292	10.0000	100.0575	39.8926	0.8430	0.8256	5.0000	24.4396	893.0868	94.9769	12.6597	25.7000	0.9300	0.9317	0.7187	-0.0018	893.0000	894.4369	1.0275	-4.0000	100.1249	39.9749	0.8230	0.8244	5.0000	-9999.0000	-9999.0000	-9999.0000	-9999.0000	-9999.0000	-9999.0000	22.7690	5	0	28.3301	1.0000	01	1	-9999.0000	16470	27589	-9999	524	544	-9999	621.0589	5	0.6930	0.7187	-0.0018	97.6845	1.3135	817.3710	520.5896	35.6713	753.6780	94.9769	815.6742	94.6759	827.1524	94.9306	836.7853	95.1389	
10/08/2017	02:52:57	011992	H365031551HLR	L365	S		760.7134	1.0292	10.0000	100.3463	40.0050	0.8430	0.8266	5.0000	18.9293	893.0656	95.0000	14.0298	25.6000	0.9300	0.9317	0.6998	-0.0005	893.0000	894.2200	1.0275	-4.0000	100.0876	39.9697	0.8230	0.8244	5.0000	-9999.0000	-9999.0000	-9999.0000	-9999.0000	-9999.0000	-9999.0000	21.4168	6	0	26.2377	1.0000	01	1	-9999.0000	16471	27590	-9999	525	544	-9999	618.6761	5	0.6930	0.6998	-0.0005	175.1813	-4.2282	828.7881	521.3451	36.7361	764.7458	95.1852	827.6365	94.8611	836.3823	95.0231	843.0559	95.1620	
10/08/2017	02:53:25	011992	H365031547HLR	L365	S		764.9261	1.0292	10.0000	100.0605	39.9150	0.8430	0.8255	5.0000	25.1884	893.0846	94.9537	11.7095	25.6000	0.9300	0.9317	0.7002	-0.0005	893.0000	892.0483	1.0275	-4.0000	100.0739	39.9148	0.8230	0.8244	5.0000	-9999.0000	-9999.0000	-9999.0000	-9999.0000	-9999.0000	-9999.0000	22.7187	7	0	27.4394	1.0000	01	1	-9999.0000	16472	27591	-9999	526	545	-9999	619.7996	5	0.6930	0.7002	-0.0005	177.4801	-4.3298	837.5208	538.4633	35.8333	773.8832	95.5556	835.6889	95.2778	845.7840	95.1852	853.7563	95.1389	
10/08/2017	02:53:54	011992	H365031542HLR	L365	S		760.9771	1.0292	10.0000	100.4754	39.9895	0.8430	0.8264	5.0000	19.0891	893.0771	94.9769	12.7388	25.6000	0.9300	0.9317	0.7002	-0.0005	893.0000	892.8570	1.0275	-4.0000	100.0769	39.9421	0.8230	0.8244	5.0000	-9999.0000	-9999.0000	-9999.0000	-9999.0000	-9999.0000	-9999.0000	21.9083	8	0	28.9785	1.0000	01	1	-9999.0000	16473	27592	-9999	527	546	-9999	619.2278	5	0.6930	0.7002	-0.0005	177.3201	-4.3109	832.3694	520.9943	36.5509	768.2075	95.4630	830.8034	95.1389	840.5279	95.1852	848.8538	95.1852	
10/08/2017	02:54:19	011992	H365031556HLR	L365	S		762.7543	1.0292	10.0000	100.4717	40.0399	0.8430	0.8265	5.0000	19.0699	893.0897	94.9306	12.3599	25.6000	0.9300	0.9318	0.7015	-0.0006	893.0000	894.1388	1.0275	-4.0000	100.0691	39.9495	0.8230	0.8244	5.0000	-9999.0000	-9999.0000	-9999.0000	-9999.0000	-9999.0000	-9999.0000	21.7684	1	0	25.0194	1.0000	01	1	-9999.0000	16473	27593	-9999	528	547	-9999	619.9531	5	0.6934	0.7015	-0.0006	178.1310	-4.3757	832.6116	522.5398	35.3009	766.8439	95.4861	830.4636	95.1157	841.5830	95.0694	850.3734	95.1157	
10/08/2017	02:54:44	011992	H365031597HLR	L365	S		766.7024	1.0292	10.0000	100.0431	39.8601	0.8430	0.8255	5.0000	25.0078	893.0633	94.9537	12.4497	25.6000	0.9300	0.9318	0.7004	-0.0005	893.0000	892.7881	1.0275	-4.0000	100.1717	39.9549	0.8230	0.8246	5.0000	-9999.0000	-9999.0000	-9999.0000	-9999.0000	-9999.0000	-9999.0000	21.4078	2	0	25.0089	1.0000	01	1	-9999.0000	16474	27594	-9999	529	548	-9999	619.4879	5	0.6932	0.7004	-0.0005	177.9953	-4.3653	835.2415	531.5042	36.9444	766.3942	95.6713	833.5481	95.5093	844.0525	95.3009	850.6874	95.1157	
10/08/2017	02:55:11	011992	H365031566HLR	L365	S		764.6523	1.0292	10.0000	100.3825	39.9960	0.8430	0.8267	5.0000	19.1292	893.1281	94.9537	12.0093	25.6000	0.9300	0.9317	0.7011	-0.0006	893.0000	893.2613	1.0275	-4.0000	100.1532	40.0142	0.8230	0.8249	5.0000	-9999.0000	-9999.0000	-9999.0000	-9999.0000	-9999.0000	-9999.0000	19.5389	3	0	27.1556	1.0000	01	1	-9999.0000	16475	27595	-9999	530	549	-9999	619.9120	5	0.6935	0.7011	-0.0006	184.1368	-4.9258	835.2491	520.7769	35.3241	769.1813	95.4167	833.7336	95.0694	842.8789	95.0926	851.1159	95.1852	
10/08/2017	02:55:38	011992	H365031577HLR	L365	S		764.0548	1.0292	10.0000	100.0500	39.9669	0.8430	0.8256	5.0000	24.1397	893.0725	95.0000	12.7603	25.6000	0.9300	0.9318	0.7017	-0.0007	893.0000	895.1153	1.0275	-4.0000	100.1786	39.9304	0.8230	0.8244	5.0000	-9999.0000	-9999.0000	-9999.0000	-9999.0000	-9999.0000	-9999.0000	22.3991	4	0	27.5923	1.0000	01	1	-9999.0000	16475	27596	-9999	531	550	-9999	619.3275	5	0.6933	0.7017	-0.0007	184.1028	-4.8875	833.6655	519.4554	34.3287	768.9473	95.0231	832.2641	94.8380	842.0680	95.0926	850.0109	95.1852	
