Data	Timp	Nr. masina	Nr. de serie	Tip	Productie	Comentariu	Pre-masurare Q [ml/min]	Pre-masurare Gain	Pre-masurare Offset Master	Pre-masurare P [bar]	Pre-masurare T [°C]	Pre-masurare Densitate fixa [kg/l]	Pre-masurare densitate masurata [kg/l]	Pre-masurare Timp masurare [s]	Pre-masurare Cycle time [s]	rectificare Q Oprire [ml/min]	rectificare P Oprire [bar]	rectificare Timp rectificare [s]	rectificare T [°C]	rectificare Densitate fixa [kg/l]	rectificare densitate masurata [kg/l]	rectificare Factor de masurare la rectificare	rectificare Factor de corectie a debitului	rectificare Target rectificare	Masurare Q [ml/min]	Masurare Gain	Masurare Offset Master	Masurare P [bar]	Masurare T [°C]	Masurare Densitate fixa [kg/l]	Masurare densitate masurata [kg/l]	Masurare Timp masurare [s]	Masurare Q [ml/min]	Masurare Delta Q [ml/min]	Masurare P [bar]	Masurare BP [bar]	Masurare T [°C]	Masurare Timp masurare [s]	Masurare Cycle time [s]	Nest Nr.	Cod de descarcare	Cycle time [s]	Traceability aktiv	EDM Maschine Nr	EDM Spindle Nr	Honing Rate [r	Station Counter Premeasure	Station Counter Grind	Station Counter Blowout 1	Station Counter Wash	Station Counter Measure	Station Counter Blowout 2	RealGrindQStop	Reg Type	Factor 0	Factor 1	Factor 2	Factor 3	Factor 4	G_StartQV	G_StartQV_1	G_StartQV_2	G_StartQV_3	G_StartQV_4	G_StartQV_5	
05/08/2017	14:54:51	011992	H421007434HLR	L421	S		701.0985	1.0292	10.0000	100.0007	39.6513	0.8430	0.8266	5.0000	18.7693	815.0979	94.8611	18.3098	24.8000	0.9300	0.9354	0.7086	-0.0013	815.0000	815.2677	1.0275	-3.9229	99.9134	40.1212	0.8230	0.8242	5.0000	-9999.0000	-9999.0000	-9999.0000	-9999.0000	-9999.0000	-9999.0000	19.2790	3	0	28.8290	1.0000	99	9	-9999.0000	8948	20456	-9999	2340	2255	-9999	557.6071	5	0.6863	0.7086	-0.0013	84.9501	1.7623	685.2290	372.9121	33.8657	651.1666	68.1019	662.8405	69.4444	685.2290	92.4074	727.8920	95.0000	
05/08/2017	14:56:31	011992	H421007461HLR	L421	S		693.7710	1.0292	10.0000	100.0563	39.7633	0.8430	0.8264	5.0000	19.0793	815.1061	94.8380	17.8597	24.7000	0.9300	0.9354	0.7086	-0.0013	815.0000	817.9642	1.0275	-4.0000	99.9778	39.6856	0.8230	0.8232	5.0000	-9999.0000	-9999.0000	-9999.0000	-9999.0000	-9999.0000	-9999.0000	19.5195	7	0	27.3690	1.0000	99	9	-9999.0000	8950	20457	-9999	2341	2256	-9999	558.0537	5	0.6840	0.7086	-0.0013	84.9641	1.7626	713.7960	427.1443	33.7731	647.6031	91.6435	712.3692	91.8287	722.3746	94.3750	735.6295	95.5324	
05/08/2017	14:57:20	011992	H421007433HLR	L421	S		707.2863	1.0292	10.0000	99.9750	39.6820	0.8430	0.8263	5.0000	18.3788	815.1036	94.8611	16.5189	24.8000	0.9300	0.9358	0.7086	-0.0013	815.0000	818.2612	1.0275	-4.0000	99.9368	40.1144	0.8230	0.8251	5.0000	-9999.0000	-9999.0000	-9999.0000	-9999.0000	-9999.0000	-9999.0000	19.6287	1	0	24.9892	1.0000	99	9	-9999.0000	8951	20458	-9999	2342	2257	-9999	559.5360	5	0.6840	0.7086	-0.0013	84.9641	1.7626	718.7574	432.8033	31.5741	653.9786	90.3935	717.2013	90.9259	727.0709	94.1898	741.7903	95.6713	
05/08/2017	14:58:12	011992	H421007423HLR	L421	S		701.1008	1.0292	10.0000	99.9293	39.7679	0.8430	0.8263	5.0000	18.3597	815.0840	94.8148	16.3900	24.8000	0.9300	0.9359	0.7075	-0.0013	815.0000	815.5235	1.0275	-3.9498	99.9850	39.6711	0.8230	0.8232	5.0000	-9999.0000	-9999.0000	-9999.0000	-9999.0000	-9999.0000	-9999.0000	18.7282	3	0	27.6796	1.0000	99	9	-9999.0000	8952	20459	-9999	2343	2258	-9999	558.7463	5	0.6831	0.7075	-0.0013	85.0387	1.7641	717.3519	442.3658	32.7546	648.3524	91.6204	716.1241	92.1296	726.5085	94.2593	738.8384	95.6019	
05/08/2017	14:59:02	011992	H421007464HLR	L421	S		662.6991	1.0292	10.0000	100.0835	39.7591	0.8430	0.8264	5.0000	18.7553	0.0000	0.0000	0.0000	0.0000	0.9300	0.0000	0.0000	0.0000	0.0000	670.0581	1.0275	-3.1643	100.3287	40.2657	0.8230	0.8264	5.0000	-9999.0000	-9999.0000	-9999.0000	-9999.0000	-9999.0000	-9999.0000	18.8312	5	7	28.8094	1.0000	99	9	-9999.0000	8953	0	-9999	2344	2259	-9999	0.0000	0	0.0000	0.0000	0.0000	0.0000	0.0000	0.0000	0.0000	0.0000	0.0000	0.0000	0.0000	0.0000	0.0000	0.0000	0.0000	0.0000	
05/08/2017	14:59:56	011992	H421007437HLR	L421	S		708.4279	1.0292	10.0000	99.9929	39.6908	0.8430	0.8256	5.0000	20.8866	815.0884	94.8843	16.7093	24.7000	0.9300	0.9356	0.7070	-0.0013	815.0000	816.8195	1.0275	-4.0000	100.0570	39.4000	0.8230	0.8219	5.0000	-9999.0000	-9999.0000	-9999.0000	-9999.0000	-9999.0000	-9999.0000	21.4683	7	0	28.7381	1.0000	99	9	-9999.0000	8954	20460	-9999	2345	2260	-9999	558.0695	5	0.6838	0.7070	-0.0013	85.0687	1.7647	715.6695	432.2420	32.1065	653.2428	90.7870	714.3705	90.3009	724.7051	94.5602	738.2236	95.6481	
05/08/2017	15:00:55	011992	H421007448HLR	L421	S		697.0926	1.0292	10.0000	100.1141	39.7986	0.8430	0.8262	5.0000	18.8293	815.1134	94.8380	17.8089	24.8000	0.9300	0.9360	0.7070	-0.0013	815.0000	816.1404	1.0275	-4.0000	99.9290	40.5198	0.8230	0.8261	5.0000	-9999.0000	-9999.0000	-9999.0000	-9999.0000	-9999.0000	-9999.0000	18.8790	1	0	31.2390	1.0000	99	9	-9999.0000	8955	20461	-9999	2346	2261	-9999	556.8758	5	0.6838	0.7070	-0.0013	85.0687	1.7647	715.2035	422.2818	31.1574	647.1072	91.2963	713.7818	91.0648	723.9914	94.3981	737.6922	95.6713	
05/08/2017	15:01:51	011992	H421007427HLR	L421	S		705.0165	1.0292	10.0000	100.0240	39.8000	0.8430	0.8263	5.0000	18.7495	815.0728	94.8380	17.7200	24.9000	0.9300	0.9360	0.6931	-0.0005	815.0000	814.3959	1.0275	-3.8311	100.0923	39.5448	0.8230	0.8225	5.0000	-9999.0000	-9999.0000	-9999.0000	-9999.0000	-9999.0000	-9999.0000	18.9975	3	0	27.7294	1.0000	99	9	-9999.0000	8956	20462	-9999	2347	2262	-9999	557.0707	5	0.6837	0.6931	-0.0005	52.9325	3.5763	730.1598	449.5210	31.7361	661.7578	91.6667	729.0653	91.7130	737.6954	94.3519	748.9815	95.6250	
05/08/2017	15:02:17	011992	H421007418HLR	L421	S		704.2288	1.0292	10.0000	100.0258	39.7912	0.8430	0.8262	5.0000	18.7189	815.0419	94.8148	17.0492	24.9000	0.9300	0.9359	0.7006	-0.0010	815.0000	817.3282	1.0275	-4.0000	99.8552	39.7000	0.8230	0.8252	5.0000	-9999.0000	-9999.0000	-9999.0000	-9999.0000	-9999.0000	-9999.0000	18.6190	4	0	25.6286	1.0000	99	9	-9999.0000	8957	20463	-9999	2348	2263	-9999	557.3214	5	0.6835	0.7006	-0.0010	45.1278	4.0565	731.1025	449.0018	30.7407	661.8842	92.9167	729.8694	91.8287	738.8145	94.8380	750.6378	95.5787	
05/08/2017	15:02:45	011992	H421007458HLR	L421	S		698.9993	1.0292	10.0000	100.0755	39.8399	0.8430	0.8262	5.0000	18.7894	815.0772	94.9074	20.2287	25.0000	0.9300	0.9360	0.7006	-0.0010	815.0000	816.2752	1.0275	-4.0000	99.9154	40.3978	0.8230	0.8257	5.0000	-9999.0000	-9999.0000	-9999.0000	-9999.0000	-9999.0000	-9999.0000	19.2791	5	0	28.1593	1.0000	99	9	-9999.0000	8958	20464	-9999	2349	2264	-9999	554.2549	5	0.6835	0.7006	-0.0010	45.1278	4.0565	719.7124	459.7944	32.9861	654.0909	93.7500	718.5883	92.8241	726.9833	94.6296	737.1227	95.5093	
05/08/2017	15:03:11	011992	H421007439HLR	L421	S		666.0096	1.0292	10.0000	100.1103	39.8000	0.8430	0.8261	5.0000	18.9791	815.0694	94.8380	17.1195	25.0000	0.9300	0.9360	0.6940	-0.0006	815.0000	814.6171	1.0275	-3.8544	99.9499	40.1148	0.8230	0.8236	5.0000	-9999.0000	-9999.0000	-9999.0000	-9999.0000	-9999.0000	-9999.0000	19.3545	6	0	26.7988	1.0000	99	9	-9999.0000	8959	20465	-9999	2349	2265	-9999	556.7469	5	0.6835	0.6940	-0.0006	61.0054	3.0706	726.5837	465.2852	31.8981	655.5263	93.8194	725.0693	92.9861	734.7884	94.5370	743.2263	95.3935	
05/08/2017	15:03:40	011992	H421007429HLR	L421	S		699.1714	1.0292	10.0000	100.1296	39.8000	0.8430	0.8262	5.0000	18.8978	815.1211	94.8380	16.7191	25.1000	0.9300	0.9359	0.6917	-0.0005	815.0000	814.0019	1.0275	-3.7897	100.1134	39.7142	0.8230	0.8234	5.0000	-9999.0000	-9999.0000	-9999.0000	-9999.0000	-9999.0000	-9999.0000	19.0867	7	0	28.1790	1.0000	99	9	-9999.0000	8960	20466	-9999	2350	2266	-9999	557.5456	5	0.6833	0.6917	-0.0005	61.3718	3.0456	730.7156	464.1839	31.6204	659.4884	93.3565	729.8164	92.4769	737.4988	94.7222	747.8937	95.4861	
05/08/2017	15:04:05	011992	H421007445HLR	L421	S		696.0852	1.0292	10.0000	100.0827	39.8531	0.8430	0.8262	5.0000	18.9884	815.0642	94.9306	14.7192	25.1000	0.9300	0.9358	0.6917	-0.0005	815.0000	814.8776	1.0275	-3.8819	100.1182	39.9000	0.8230	0.8242	5.0000	-9999.0000	-9999.0000	-9999.0000	-9999.0000	-9999.0000	-9999.0000	21.8495	8	0	24.8092	1.0000	99	9	-9999.0000	8961	20467	-9999	2351	2267	-9999	558.0912	5	0.6833	0.6917	-0.0005	61.3718	3.0456	743.8270	473.7030	30.9259	668.1901	93.4722	742.4451	92.5926	750.0025	94.6991	760.8593	95.4167	
05/08/2017	15:04:34	011992	H421007147HLR	L421	S		688.3247	1.0292	10.0000	100.0750	39.8415	0.8430	0.8260	5.0000	19.0794	815.0871	94.7917	17.1693	25.1000	0.9300	0.9358	0.7039	-0.0012	815.0000	813.3635	1.0275	-3.7225	99.9328	40.0876	0.8230	0.8239	5.0000	-9999.0000	-9999.0000	-9999.0000	-9999.0000	-9999.0000	-9999.0000	19.7067	1	0	29.5183	1.0000	99	9	-9999.0000	8962	20468	-9999	2352	2268	-9999	557.0838	5	0.6829	0.7039	-0.0012	84.6475	1.6817	720.5684	461.2632	33.5417	637.2521	93.9352	719.4234	93.2176	728.2342	94.6528	739.0614	95.3241	
05/08/2017	15:05:00	011992	H421007417HLR	L421	S		697.9944	1.0292	10.0000	100.1094	39.8315	0.8430	0.8261	5.0000	18.9894	815.1303	94.9769	15.9193	25.1000	0.9300	0.9357	0.7039	-0.0012	815.0000	814.2525	1.0275	-3.8161	100.0139	39.8940	0.8230	0.8236	5.0000	-9999.0000	-9999.0000	-9999.0000	-9999.0000	-9999.0000	-9999.0000	19.5892	2	0	26.3790	1.0000	99	9	-9999.0000	8963	20469	-9999	2353	2269	-9999	558.3420	5	0.6829	0.7039	-0.0012	84.6475	1.6817	726.1740	457.1767	31.1111	656.2736	93.5648	724.8921	92.8935	733.7608	94.4676	744.6840	95.4630	
05/08/2017	15:05:26	011992	H421007151HLR	L421	S		698.7551	1.0292	10.0000	100.0917	39.8862	0.8430	0.8261	5.0000	19.0089	815.1131	94.8148	17.2191	25.0000	0.9300	0.9358	0.7074	-0.0014	815.0000	814.4423	1.0275	-3.8360	100.1364	39.8612	0.8230	0.8240	5.0000	-9999.0000	-9999.0000	-9999.0000	-9999.0000	-9999.0000	-9999.0000	19.9147	3	0	25.0891	1.0000	99	9	-9999.0000	8964	20470	-9999	2354	2270	-9999	557.0257	5	0.6830	0.7074	-0.0014	84.9582	1.6927	719.9775	458.6202	32.5463	650.1693	94.6528	718.4687	94.0278	728.6862	94.5833	736.9814	95.2083	
05/08/2017	15:06:27	011992	H421007154HLR	L421	S		668.3234	1.0292	10.0000	100.1421	39.8816	0.8430	0.8262	5.0000	18.8650	815.0659	94.8148	18.5198	24.9000	0.9300	0.9357	0.7031	-0.0012	815.0000	814.7581	1.0275	-3.8693	100.0473	39.9164	0.8230	0.8231	5.0000	-9999.0000	-9999.0000	-9999.0000	-9999.0000	-9999.0000	-9999.0000	21.1185	5	0	29.5479	1.0000	99	9	-9999.0000	8966	20471	-9999	2354	2271	-9999	555.8145	5	0.6834	0.7031	-0.0012	116.6880	-0.0562	721.5946	463.2993	32.5694	621.7414	94.4907	720.2216	93.7963	729.2279	94.6296	737.4128	95.3241	
05/08/2017	15:06:58	011992	H421007144HLR	L421	S		705.3078	1.0292	10.0000	100.1246	39.8836	0.8430	0.8260	5.0000	18.9895	815.0974	94.8843	15.5394	24.9000	0.9300	0.9358	0.7031	-0.0012	815.0000	815.1019	1.0275	-3.9055	99.8921	39.7858	0.8230	0.8240	5.0000	-9999.0000	-9999.0000	-9999.0000	-9999.0000	-9999.0000	-9999.0000	19.1577	6	0	30.5183	1.0000	99	9	-9999.0000	8967	20472	-9999	2355	2272	-9999	558.6471	5	0.6834	0.7031	-0.0012	116.6880	-0.0562	734.7290	454.1489	32.6157	661.1861	94.7917	733.5876	94.3287	742.4046	94.6759	750.1347	95.1389	
05/08/2017	15:07:52	011992	H421007162HLR	L421	S		696.2272	1.0292	10.0000	100.2003	39.8745	0.8430	0.8260	5.0000	18.8489	815.0770	94.9074	21.2688	24.7000	0.9300	0.9358	0.7045	-0.0012	815.0000	814.9034	1.0275	-3.8846	99.9697	40.0295	0.8230	0.8237	5.0000	-9999.0000	-9999.0000	-9999.0000	-9999.0000	-9999.0000	-9999.0000	19.3148	8	0	29.5789	1.0000	99	9	-9999.0000	8969	20473	-9999	2357	2273	-9999	553.2428	5	0.6835	0.7045	-0.0012	121.7610	-0.3309	713.1020	459.4891	32.5694	644.0388	94.6296	712.0603	94.3056	720.5245	94.7685	728.1414	95.2083	
05/08/2017	15:08:22	011992	H421007142HLR	L421	S		697.4201	1.0292	10.0000	100.0927	39.9244	0.8430	0.8261	5.0000	18.7511	815.0930	95.0231	18.5686	24.8000	0.9300	0.9359	0.7039	-0.0012	815.0000	813.5101	1.0275	-3.7379	100.1370	39.6497	0.8230	0.8231	5.0000	-9999.0000	-9999.0000	-9999.0000	-9999.0000	-9999.0000	-9999.0000	21.6364	1	0	29.7791	1.0000	99	9	-9999.0000	8970	20474	-9999	2358	2274	-9999	555.9996	5	0.6836	0.7039	-0.0012	109.5178	0.3960	717.7047	478.0781	31.7130	646.8149	94.8148	716.3278	94.1204	725.9455	94.6065	734.5612	95.1620	
05/08/2017	15:08:47	011992	H421007127HLR	L421	S		696.1968	1.0292	10.0000	100.1436	39.9455	0.8430	0.8260	5.0000	19.0655	815.0638	94.8843	19.6789	24.8000	0.9300	0.9359	0.7039	-0.0012	815.0000	813.8428	1.0275	-3.7729	100.0796	40.0263	0.8230	0.8244	5.0000	-9999.0000	-9999.0000	-9999.0000	-9999.0000	-9999.0000	-9999.0000	22.5885	2	0	24.7891	1.0000	99	9	-9999.0000	8971	20475	-9999	2359	2275	-9999	554.7454	5	0.6836	0.7039	-0.0012	109.5178	0.3960	716.7553	473.3135	31.7593	645.4627	95.4167	715.5302	94.9306	723.7241	94.9769	730.2053	95.0926	
05/08/2017	15:09:39	011992	H421007134HLR	L421	S		695.7651	1.0292	10.0000	100.1113	39.9685	0.8430	0.8262	5.0000	18.8792	815.0757	94.8380	18.7698	24.8000	0.9300	0.9359	0.7048	-0.0012	815.0000	814.7243	1.0275	-3.8657	100.0706	39.8551	0.8230	0.8232	5.0000	-9999.0000	-9999.0000	-9999.0000	-9999.0000	-9999.0000	-9999.0000	19.3289	4	0	26.9990	1.0000	99	9	-9999.0000	8973	20476	-9999	2361	2276	-9999	555.7730	5	0.6833	0.7048	-0.0012	109.5911	0.4171	717.1893	447.6697	32.0833	643.9675	94.9074	715.5761	94.3519	725.2277	94.7222	733.4410	95.2083	
05/08/2017	15:10:04	011992	H421007133HLR	L421	S		694.9289	1.0292	10.0000	100.0697	39.8824	0.8430	0.8256	5.0000	20.1380	815.1212	94.8380	18.7796	24.8000	0.9300	0.9359	0.7014	-0.0010	815.0000	812.8146	1.0275	-3.6647	100.0512	39.6000	0.8230	0.8234	5.0000	-9999.0000	-9999.0000	-9999.0000	-9999.0000	-9999.0000	-9999.0000	23.4881	5	0	24.8788	1.0000	99	9	-9999.0000	8974	20477	-9999	2362	2277	-9999	556.2222	5	0.6838	0.7014	-0.0010	109.0183	0.4460	716.7153	458.5517	31.7130	645.1195	95.1852	715.7459	94.3981	724.0863	94.7222	731.7706	95.2315	
05/08/2017	15:11:01	011992	H421007457HLR	L421	S		631.5330	1.0292	10.0000	100.0160	39.9327	0.8430	0.8262	5.0000	18.6497	0.0000	0.0000	0.0000	0.0000	0.9300	0.0000	0.0000	0.0000	0.0000	638.9711	1.0275	-3.1419	100.0993	40.3431	0.8230	0.8250	5.0000	-9999.0000	-9999.0000	-9999.0000	-9999.0000	-9999.0000	-9999.0000	19.7960	7	7	29.7278	1.0000	99	9	-9999.0000	8976	0	-9999	2364	2278	-9999	0.0000	0	0.0000	0.0000	0.0000	0.0000	0.0000	0.0000	0.0000	0.0000	0.0000	0.0000	0.0000	0.0000	0.0000	0.0000	0.0000	0.0000	
05/08/2017	15:12:30	011992	H421007124HLR	L421	S		707.0898	1.0292	10.0000	100.1034	39.9619	0.8430	0.8258	5.0000	19.4185	815.0795	94.8380	16.6097	24.8000	0.9300	0.9358	0.7034	-0.0011	815.0000	815.1810	1.0275	-3.9138	100.0682	39.8000	0.8230	0.8241	5.0000	-9999.0000	-9999.0000	-9999.0000	-9999.0000	-9999.0000	-9999.0000	22.7877	2	0	30.8093	1.0000	99	9	-9999.0000	8979	20478	-9999	2367	2279	-9999	558.3332	5	0.6832	0.7034	-0.0011	106.6287	0.5726	727.2629	431.6697	32.2685	657.8967	98.2870	726.1397	93.3102	735.9814	94.9306	745.0793	95.4630	
05/08/2017	15:12:55	011992	H421007128HLR	L421	S		697.2424	1.0292	10.0000	100.1356	39.8825	0.8430	0.8258	5.0000	19.0597	815.0742	94.8380	18.6497	24.9000	0.9300	0.9359	0.7034	-0.0011	815.0000	816.4856	1.0275	-4.0000	100.2263	40.0928	0.8230	0.8248	5.0000	-9999.0000	-9999.0000	-9999.0000	-9999.0000	-9999.0000	-9999.0000	19.8393	3	0	25.2592	1.0000	99	9	-9999.0000	8980	20479	-9999	2368	2280	-9999	556.4697	5	0.6832	0.7034	-0.0011	106.6287	0.5726	722.5619	449.4812	31.9676	644.0877	95.9491	721.2660	95.3935	730.2575	95.3009	736.0373	95.1620	
05/08/2017	15:13:24	011992	H421007131HLR	L421	S		698.2129	1.0292	10.0000	100.1413	39.9497	0.8430	0.8261	5.0000	18.8892	815.0797	94.8611	19.4299	24.9000	0.9300	0.9360	0.7034	-0.0011	815.0000	815.2201	1.0275	-3.9179	100.0173	40.0046	0.8230	0.8236	5.0000	-9999.0000	-9999.0000	-9999.0000	-9999.0000	-9999.0000	-9999.0000	20.0382	4	0	28.5686	1.0000	99	9	-9999.0000	8981	20480	-9999	2369	2281	-9999	555.7578	5	0.6832	0.7034	-0.0011	106.6287	0.5726	720.2941	472.4169	33.0787	647.8440	95.7407	719.0339	95.2083	727.4548	95.0926	734.1088	95.0694	
05/08/2017	15:13:55	011992	H421007112HLR	L421	S		707.1432	1.0292	10.0000	100.0827	39.9882	0.8430	0.8260	5.0000	18.6886	815.1000	94.8148	17.0199	25.0000	0.9300	0.9359	0.7034	-0.0011	815.0000	818.0946	1.0275	-4.0000	100.1383	39.8192	0.8230	0.8237	5.0000	-9999.0000	-9999.0000	-9999.0000	-9999.0000	-9999.0000	-9999.0000	19.4590	5	0	31.3583	1.0000	99	9	-9999.0000	8982	20481	-9999	2370	2282	-9999	558.0194	5	0.6832	0.7034	-0.0011	106.6287	0.5726	729.3587	461.9516	31.6667	659.1516	95.7407	728.0955	95.3241	737.6461	95.1389	745.0231	95.0694	
05/08/2017	15:14:25	011992	H421007104HLR	L421	S		694.6766	1.0292	10.0000	100.1849	39.9259	0.8430	0.8260	5.0000	18.9083	815.1040	94.8843	19.9690	25.0000	0.9300	0.9359	0.7031	-0.0011	815.0000	814.5868	1.0275	-3.8512	100.1450	40.0545	0.8230	0.8249	5.0000	-9999.0000	-9999.0000	-9999.0000	-9999.0000	-9999.0000	-9999.0000	19.2584	6	0	29.5995	1.0000	99	9	-9999.0000	8983	20482	-9999	2371	2283	-9999	555.1366	5	0.6828	0.7031	-0.0011	81.3443	1.8861	719.4296	495.5015	33.9120	648.8391	96.0417	718.1465	95.7639	727.3321	95.3704	733.4328	95.1389	
05/08/2017	15:14:53	011992	H421007094HLR	L421	S		709.1371	1.0292	10.0000	100.2003	39.9481	0.8430	0.8261	5.0000	18.9397	815.0362	94.9537	14.2895	25.1000	0.9300	0.9359	0.7031	-0.0011	815.0000	816.4833	1.0275	-4.0000	100.0986	40.0265	0.8230	0.8235	5.0000	-9999.0000	-9999.0000	-9999.0000	-9999.0000	-9999.0000	-9999.0000	21.8990	7	0	28.7782	1.0000	99	9	-9999.0000	8984	20483	-9999	2372	2284	-9999	560.1473	5	0.6828	0.7031	-0.0011	81.3443	1.8861	737.6730	475.7977	32.7778	668.8134	95.1157	736.6613	94.8148	745.4892	94.9306	752.7014	95.0694	
05/08/2017	15:15:21	011992	H421007106HLR	L421	S		696.0655	1.0292	10.0000	100.0784	39.9629	0.8430	0.8256	5.0000	20.7314	815.0805	94.7685	17.7093	25.1000	0.9300	0.9359	0.7012	-0.0010	815.0000	813.1347	1.0275	-3.6984	100.1297	39.8998	0.8230	0.8239	5.0000	-9999.0000	-9999.0000	-9999.0000	-9999.0000	-9999.0000	-9999.0000	19.4685	8	0	27.5995	1.0000	99	9	-9999.0000	8985	20484	-9999	2373	2285	-9999	557.2489	5	0.6826	0.7012	-0.0010	76.4196	2.1188	723.2307	495.3583	33.9815	658.5585	95.6713	721.9385	95.6481	730.6448	95.3009	736.7384	95.0926	
05/08/2017	15:15:48	011992	H421007139HLR	L421	S		702.3315	1.0292	10.0000	100.0751	39.8958	0.8430	0.8256	5.0000	20.0987	815.0549	94.9074	20.4289	25.1000	0.9300	0.9360	0.7034	-0.0011	815.0000	815.7609	1.0275	-3.9748	100.1099	39.9888	0.8230	0.8240	5.0000	-9999.0000	-9999.0000	-9999.0000	-9999.0000	-9999.0000	-9999.0000	21.5319	1	0	27.2685	1.0000	99	9	-9999.0000	8986	20485	-9999	2374	2286	-9999	554.7920	5	0.6822	0.7034	-0.0011	70.2547	2.4539	725.5206	453.6550	33.4259	660.6132	95.4630	724.7485	95.1852	731.9117	95.2083	738.5355	95.1620	
05/08/2017	15:16:13	011992	H421007159HLR	L421	S		693.5162	1.0292	10.0000	100.2262	40.0188	0.8430	0.8261	5.0000	18.9691	815.1043	94.8148	18.7893	25.1000	0.9300	0.9360	0.7034	-0.0011	815.0000	814.0372	1.0275	-3.7934	99.9686	40.0621	0.8230	0.8240	5.0000	-9999.0000	-9999.0000	-9999.0000	-9999.0000	-9999.0000	-9999.0000	19.7184	2	0	24.9395	1.0000	99	9	-9999.0000	8987	20486	-9999	2375	2287	-9999	556.3037	5	0.6822	0.7034	-0.0011	70.2547	2.4539	720.8845	462.2483	32.5463	647.5204	95.7407	719.6910	95.3009	728.1681	95.1389	735.2750	95.1620	
05/08/2017	15:16:44	011992	H421007158HLR	L421	S		687.9034	1.0292	10.0000	100.0326	40.0250	0.8430	0.8260	5.0000	18.6400	815.1456	94.8148	17.8294	25.1000	0.9300	0.9358	0.6982	-0.0008	815.0000	814.6601	1.0275	-3.8590	100.1556	39.9788	0.8230	0.8239	5.0000	-9999.0000	-9999.0000	-9999.0000	-9999.0000	-9999.0000	-9999.0000	19.6990	3	0	31.1083	1.0000	99	9	-9999.0000	8988	20487	-9999	2376	2288	-9999	557.0085	5	0.6831	0.6982	-0.0008	71.6860	2.4183	729.8917	479.3971	32.3611	655.0991	95.6944	728.4340	95.3241	738.2239	95.2083	743.1334	95.1389	
05/08/2017	15:17:13	011992	H421007107HLR	L421	S		673.6090	1.0292	10.0000	100.1198	39.9150	0.8430	0.8259	5.0000	19.5295	815.0823	94.8611	16.7494	25.0000	0.9300	0.9357	0.6982	-0.0008	815.0000	813.3062	1.0275	-3.7164	99.9842	39.9816	0.8230	0.8241	5.0000	-9999.0000	-9999.0000	-9999.0000	-9999.0000	-9999.0000	-9999.0000	19.4416	4	0	28.9093	1.0000	99	9	-9999.0000	8989	20488	-9999	2377	2289	-9999	557.7088	5	0.6831	0.6982	-0.0008	71.6860	2.4183	731.1636	465.0743	33.6806	649.9667	95.3472	729.6491	95.0231	738.0566	95.0231	745.5636	95.1620	
05/08/2017	15:17:42	011992	H421007072HLR	L421	S		700.2561	1.0292	10.0000	100.0545	40.0307	0.8430	0.8261	5.0000	18.7820	815.0727	94.8843	16.2797	24.9000	0.9300	0.9357	0.6991	-0.0009	815.0000	813.1874	1.0275	-3.7039	100.0254	40.0756	0.8230	0.8243	5.0000	-9999.0000	-9999.0000	-9999.0000	-9999.0000	-9999.0000	-9999.0000	19.6394	5	0	28.7982	1.0000	99	9	-9999.0000	8990	20489	-9999	2378	2290	-9999	558.0671	5	0.6830	0.6991	-0.0009	75.6061	2.1896	732.9530	466.2910	33.4722	659.6200	95.2546	731.8772	94.8148	739.4094	94.9769	745.5531	95.1620	
05/08/2017	15:18:39	011992	H421007110HLR	L421	S		670.4885	1.0292	10.0000	100.0294	39.9613	0.8430	0.8260	5.0000	18.6686	815.0978	94.9074	20.1389	24.8000	0.9300	0.9358	0.7001	-0.0009	815.0000	815.3084	1.0275	-3.9272	99.9851	39.8637	0.8230	0.8236	5.0000	-9999.0000	-9999.0000	-9999.0000	-9999.0000	-9999.0000	-9999.0000	19.7893	7	0	28.7184	1.0000	99	9	-9999.0000	8992	20490	-9999	2380	2291	-9999	555.2877	5	0.6831	0.7001	-0.0009	86.8991	1.6339	723.5234	464.1206	33.7500	626.2981	94.4676	722.0623	94.1898	731.1167	94.6759	739.7577	95.1389	
05/08/2017	15:19:08	011992	H421007082HLR	L421	S		698.0948	1.0292	10.0000	100.1157	39.9788	0.8430	0.8259	5.0000	19.1105	815.0748	94.8380	18.0091	24.9000	0.9300	0.9358	0.7014	-0.0010	815.0000	815.3145	1.0275	-3.9278	100.0780	39.8786	0.8230	0.8245	5.0000	-9999.0000	-9999.0000	-9999.0000	-9999.0000	-9999.0000	-9999.0000	19.8163	8	0	28.8785	1.0000	99	9	-9999.0000	8993	20491	-9999	2381	2292	-9999	556.9480	5	0.6836	0.7014	-0.0010	86.4765	1.6360	724.7616	456.0098	31.6667	651.1272	95.3241	723.7270	94.7685	732.5272	94.8843	739.7735	95.1157	
05/08/2017	15:19:36	011992	H421007113HLR	L421	S		699.3610	1.0292	10.0000	100.0472	40.0703	0.8430	0.8260	5.0000	18.6692	815.0983	94.7917	17.8089	24.9000	0.9300	0.9358	0.7014	-0.0010	815.0000	815.6853	1.0275	-3.9669	100.0136	40.2124	0.8230	0.8246	5.0000	-9999.0000	-9999.0000	-9999.0000	-9999.0000	-9999.0000	-9999.0000	20.2174	1	0	28.1492	1.0000	99	9	-9999.0000	8994	20492	-9999	2382	2292	-9999	557.3075	5	0.6836	0.7014	-0.0010	86.4765	1.6360	725.9644	449.1590	32.9630	650.6826	95.3241	724.6417	94.8380	733.8411	94.9769	740.9949	95.1389	
05/08/2017	15:20:05	011992	H421005923HLR	L421	S		699.0353	1.0292	10.0000	100.1146	39.9593	0.8430	0.8258	5.0000	19.3268	815.0738	94.7685	17.4095	24.9000	0.9300	0.9358	0.7015	-0.0010	815.0000	816.2314	1.0275	-4.0000	100.0304	40.1088	0.8230	0.8239	5.0000	-9999.0000	-9999.0000	-9999.0000	-9999.0000	-9999.0000	-9999.0000	19.4891	2	0	28.4092	1.0000	99	9	-9999.0000	8995	20493	-9999	2383	2293	-9999	557.6372	5	0.6835	0.7015	-0.0010	85.9629	1.7122	726.7268	458.8965	31.5509	654.9430	95.2778	725.4714	94.7222	735.4335	94.8611	742.5973	95.1620	
05/08/2017	15:20:33	011992	H421005885HLR	L421	S		699.4350	1.0292	10.0000	100.0991	39.9802	0.8430	0.8259	5.0000	19.0989	815.0999	94.7917	17.7288	24.8000	0.9300	0.9358	0.7090	-0.0014	815.0000	817.4398	1.0275	-4.0000	99.9466	39.8888	0.8230	0.8236	5.0000	-9999.0000	-9999.0000	-9999.0000	-9999.0000	-9999.0000	-9999.0000	19.7161	3	0	28.5087	1.0000	99	9	-9999.0000	8996	20494	-9999	2384	2294	-9999	557.4049	5	0.6836	0.7090	-0.0014	88.0062	1.6042	727.3069	458.4744	31.8750	652.3394	95.3009	726.0811	94.6759	735.2334	94.8611	742.7804	95.1852	
05/08/2017	15:20:59	011992	H421005883HLR	L421	S		705.1216	1.0292	10.0000	100.1262	40.0313	0.8430	0.8259	5.0000	19.2091	815.0897	94.7685	18.0491	24.8000	0.9300	0.9358	0.7032	-0.0011	815.0000	816.1273	1.0275	-4.0000	100.1629	40.0543	0.8230	0.8246	5.0000	-9999.0000	-9999.0000	-9999.0000	-9999.0000	-9999.0000	-9999.0000	18.7192	4	0	26.1894	1.0000	99	9	-9999.0000	8997	20494	-9999	2384	2295	-9999	557.4910	5	0.6838	0.7032	-0.0011	67.2856	2.7962	723.8232	463.9059	33.2870	652.3698	95.2083	722.7981	94.7685	730.3225	94.9769	736.7612	95.2083	
05/08/2017	15:21:29	011992	H421007070HLR	L421	S		699.6758	1.0292	10.0000	100.1866	40.0104	0.8430	0.8259	5.0000	18.8874	815.1287	94.8380	17.1888	24.9000	0.9300	0.9358	0.7079	-0.0013	815.0000	815.8861	1.0275	-3.9880	100.0475	40.0776	0.8230	0.8240	5.0000	-9999.0000	-9999.0000	-9999.0000	-9999.0000	-9999.0000	-9999.0000	19.2986	5	0	29.3885	1.0000	99	9	-9999.0000	8998	20495	-9999	2385	2296	-9999	558.0421	5	0.6835	0.7079	-0.0013	67.1555	2.8140	725.0026	450.8073	32.6389	652.3759	94.8611	723.5953	94.1667	732.4685	94.6296	741.0104	95.2546	
05/08/2017	15:21:58	011992	H421007098HLR	L421	S		695.3314	1.0292	10.0000	100.0947	39.9771	0.8430	0.8259	5.0000	19.2395	815.1903	94.7917	17.6097	24.8000	0.9300	0.9359	0.7061	-0.0013	815.0000	814.9872	1.0275	-3.8934	100.0009	39.9391	0.8230	0.8237	5.0000	-9999.0000	-9999.0000	-9999.0000	-9999.0000	-9999.0000	-9999.0000	19.5010	6	0	28.9915	1.0000	99	9	-9999.0000	8999	20496	-9999	2386	2297	-9999	557.8801	5	0.6832	0.7061	-0.0013	66.8464	2.8433	717.2253	449.5304	32.6157	645.1723	95.4861	715.6905	94.9769	725.8357	95.0231	733.1972	95.0926	
05/08/2017	15:22:27	011992	H421007080HLR	L421	S		691.7330	1.0292	10.0000	100.1819	39.9972	0.8430	0.8260	5.0000	18.7856	815.1427	94.8148	17.4886	24.9000	0.9300	0.9359	0.7052	-0.0012	815.0000	813.9845	1.0275	-3.7878	100.0119	39.9956	0.8230	0.8241	5.0000	-9999.0000	-9999.0000	-9999.0000	-9999.0000	-9999.0000	-9999.0000	19.9712	7	0	29.0658	1.0000	99	9	-9999.0000	9000	20497	-9999	2387	2298	-9999	557.6633	5	0.6835	0.7052	-0.0012	71.9454	2.5289	717.9057	459.6299	31.4815	643.3738	95.5556	716.5216	94.7685	726.2159	94.9306	733.8712	95.0926	
05/08/2017	15:22:54	011992	H421006080HLR	L421	S		703.7442	1.0292	10.0000	100.1851	40.0072	0.8430	0.8259	5.0000	18.9854	815.1006	94.9306	15.4096	24.9000	0.9300	0.9359	0.7052	-0.0012	815.0000	817.4734	1.0275	-4.0000	100.2512	40.0615	0.8230	0.8243	5.0000	-9999.0000	-9999.0000	-9999.0000	-9999.0000	-9999.0000	-9999.0000	19.1429	8	0	27.0390	1.0000	99	9	-9999.0000	9001	20498	-9999	2387	2299	-9999	559.6632	5	0.6835	0.7052	-0.0012	71.9454	2.5289	732.4451	487.8777	33.7269	663.2974	95.6713	730.9601	95.3009	741.3310	95.2546	748.7513	95.2083	
05/08/2017	15:23:22	011992	H421005906HLR	L421	S		701.5642	1.0292	10.0000	100.1754	39.9842	0.8430	0.8259	5.0000	18.8399	815.0743	94.8148	18.4798	24.9000	0.9300	0.9359	0.7072	-0.0013	815.0000	818.2693	1.0275	-4.0000	99.9380	40.0385	0.8230	0.8240	5.0000	-9999.0000	-9999.0000	-9999.0000	-9999.0000	-9999.0000	-9999.0000	19.3581	1	0	28.3290	1.0000	99	9	-9999.0000	9002	20499	-9999	2387	2300	-9999	556.3950	5	0.6836	0.7072	-0.0013	87.2018	1.6672	726.9537	491.4086	32.5000	660.2574	95.5324	725.1485	95.0694	735.7985	95.1852	740.7427	95.2083	
05/08/2017	15:23:47	011992	H421005895HLR	L421	S		699.2719	1.0292	10.0000	100.1933	39.9707	0.8430	0.8259	5.0000	18.9191	815.0650	94.7917	18.1194	25.0000	0.9300	0.9360	0.7059	-0.0013	815.0000	815.7317	1.0275	-3.9718	99.9116	40.0012	0.8230	0.8240	5.0000	-9999.0000	-9999.0000	-9999.0000	-9999.0000	-9999.0000	-9999.0000	19.5683	2	0	25.0596	1.0000	99	9	-9999.0000	9003	20500	-9999	2388	2301	-9999	556.7963	5	0.6835	0.7059	-0.0013	85.8862	1.7748	722.5897	506.2377	33.4028	657.0394	95.4630	721.4140	95.1157	730.3421	95.1852	737.6443	95.1620	
05/08/2017	15:24:15	011992	H421005889HLR	L421	S		701.0529	1.0292	10.0000	100.1842	40.0026	0.8430	0.8260	5.0000	18.8695	815.0827	94.7917	18.0687	25.0000	0.9300	0.9359	0.6974	-0.0008	815.0000	816.9679	1.0275	-4.0000	100.0034	40.0351	0.8230	0.8241	5.0000	-9999.0000	-9999.0000	-9999.0000	-9999.0000	-9999.0000	-9999.0000	19.6875	3	0	28.2685	1.0000	99	9	-9999.0000	9004	20501	-9999	2389	2302	-9999	556.9303	5	0.6834	0.6974	-0.0008	88.6840	1.6444	726.7680	472.4195	32.0370	655.0227	95.1852	725.4919	94.5139	734.5131	94.8148	741.9688	95.0926	
05/08/2017	15:24:43	011992	H421005914HLR	L421	S		699.6845	1.0292	10.0000	100.0841	39.9872	0.8430	0.8260	5.0000	18.7354	815.1207	94.9537	16.1996	25.1000	0.9300	0.9359	0.6974	-0.0008	815.0000	813.9182	1.0275	-3.7809	100.0550	40.0335	0.8230	0.8239	5.0000	-9999.0000	-9999.0000	-9999.0000	-9999.0000	-9999.0000	-9999.0000	19.9212	4	0	27.7816	1.0000	99	9	-9999.0000	9005	20502	-9999	2390	2302	-9999	558.0491	5	0.6834	0.6974	-0.0008	88.6840	1.6444	732.1150	469.6464	31.9213	661.8007	94.9074	730.8334	94.0972	740.0410	94.6528	748.8687	95.2083	
05/08/2017	15:25:10	011992	H421007424HLR	L421	S		700.3939	1.0292	10.0000	100.1319	39.9723	0.8430	0.8259	5.0000	19.1180	815.0891	94.8611	17.3997	25.1000	0.9300	0.9358	0.7017	-0.0010	815.0000	812.6669	1.0275	-3.6492	99.9135	40.0466	0.8230	0.8240	5.0000	-9999.0000	-9999.0000	-9999.0000	-9999.0000	-9999.0000	-9999.0000	19.8192	5	0	26.4761	1.0000	99	9	-9999.0000	9006	20503	-9999	2391	2303	-9999	557.1731	5	0.6832	0.7017	-0.0010	100.7307	0.9248	727.3143	461.1616	32.3148	652.5753	95.4861	725.7009	94.7917	734.0476	94.9769	740.5047	95.2083	
05/08/2017	15:26:02	011992	H421007137HLR	L421	S		684.8229	1.0292	10.0000	100.0674	39.9860	0.8430	0.8259	5.0000	19.1499	815.0722	94.8148	17.2386	25.2000	0.9300	0.9359	0.7047	-0.0012	815.0000	813.8487	1.0275	-3.7735	100.1267	39.8543	0.8230	0.8232	5.0000	-9999.0000	-9999.0000	-9999.0000	-9999.0000	-9999.0000	-9999.0000	21.8553	7	0	24.9286	1.0000	99	9	-9999.0000	9008	20504	-9999	2393	2304	-9999	557.1600	5	0.6831	0.7047	-0.0012	103.9804	0.7334	725.8940	433.5130	31.6667	654.7487	95.1620	724.6475	95.0694	734.2304	95.1157	741.5710	95.2546	
05/08/2017	15:26:32	011992	H421007432HLR	L421	S		705.2882	1.0292	10.0000	100.0933	39.9834	0.8430	0.8259	5.0000	19.0296	815.0651	94.8611	16.7884	25.2000	0.9300	0.9359	0.7071	-0.0014	815.0000	813.0523	1.0275	-3.6897	100.0866	39.8830	0.8230	0.8242	5.0000	-9999.0000	-9999.0000	-9999.0000	-9999.0000	-9999.0000	-9999.0000	19.6567	8	0	30.0496	1.0000	99	9	-9999.0000	9009	20505	-9999	2394	2305	-9999	557.7685	5	0.6833	0.7071	-0.0014	97.1902	1.0816	724.8374	462.8597	32.8472	656.5964	95.3009	723.6132	94.8148	732.8854	95.0000	739.3128	95.1389	
05/08/2017	15:26:59	011992	H421007422HLR	L421	S		704.5360	1.0292	10.0000	100.1397	40.0377	0.8430	0.8259	5.0000	18.9192	815.0655	94.9537	15.5102	25.3000	0.9300	0.9359	0.7068	-0.0013	815.0000	813.6404	1.0275	-3.7516	100.1520	40.1936	0.8230	0.8251	5.0000	-9999.0000	-9999.0000	-9999.0000	-9999.0000	-9999.0000	-9999.0000	19.1686	1	0	27.0684	1.0000	99	9	-9999.0000	9010	20506	-9999	2395	2306	-9999	559.4150	5	0.6837	0.7068	-0.0013	98.8515	0.9643	729.7970	450.2458	32.3380	655.9667	95.4630	728.3967	94.9074	738.0052	95.0231	745.4995	95.1157	
05/08/2017	15:27:24	011992	H421007436HLR	L421	S		712.8667	1.0292	10.0000	100.0187	40.0287	0.8430	0.8259	5.0000	18.6689	815.0533	94.8843	16.4994	25.3000	0.9300	0.9359	0.7068	-0.0013	815.0000	818.5700	1.0275	-4.0000	99.9809	40.2194	0.8230	0.8241	5.0000	-9999.0000	-9999.0000	-9999.0000	-9999.0000	-9999.0000	-9999.0000	19.2783	2	0	24.8887	1.0000	99	9	-9999.0000	9011	20507	-9999	2396	2307	-9999	558.3098	5	0.6837	0.7068	-0.0013	98.8515	0.9643	739.2850	438.9560	31.5046	664.7017	95.4630	738.0617	94.6991	746.9592	94.9074	754.4831	95.2546	
05/08/2017	15:28:18	011992	H421007426HLR	L421	S		667.6590	1.0292	10.0000	100.1050	40.0289	0.8430	0.8260	5.0000	18.8070	815.0889	94.8148	19.1799	25.2000	0.9300	0.9358	0.7136	-0.0017	815.0000	816.4289	1.0275	-4.0000	100.0000	39.9056	0.8230	0.8237	5.0000	-9999.0000	-9999.0000	-9999.0000	-9999.0000	-9999.0000	-9999.0000	19.4154	4	0	26.7392	1.0000	99	9	-9999.0000	9013	20508	-9999	2398	2308	-9999	555.3446	5	0.6844	0.7136	-0.0017	81.3550	1.9358	707.3069	442.3588	33.0556	630.5506	95.3009	705.5411	95.2315	715.9565	95.1620	723.2329	95.0694	
05/08/2017	15:28:47	011992	H421007420HLR	L421	S		704.5317	1.0292	10.0000	100.0263	40.0621	0.8430	0.8260	5.0000	18.5295	815.0618	95.0231	16.1087	25.2000	0.9300	0.9357	0.7136	-0.0017	815.0000	813.7850	1.0275	-3.7668	100.1082	39.9000	0.8230	0.8243	5.0000	-9999.0000	-9999.0000	-9999.0000	-9999.0000	-9999.0000	-9999.0000	19.5727	5	0	28.8977	1.0000	99	9	-9999.0000	9014	20509	-9999	2399	2309	-9999	559.2686	5	0.6844	0.7136	-0.0017	81.3550	1.9358	723.9966	451.5392	33.1713	650.8027	95.7407	722.6934	95.2778	732.1196	95.2546	737.9060	95.1389	
05/08/2017	15:29:15	011992	H421007463HLR	L421	S		591.6583	1.0292	8.6544	100.0248	40.0559	0.8430	0.8260	5.0000	18.7288	0.0000	0.0000	0.0000	0.0000	0.9300	0.0000	0.0000	0.0000	0.0000	603.7820	1.0275	-0.9426	99.9474	40.1383	0.8230	0.8253	5.0000	-9999.0000	-9999.0000	-9999.0000	-9999.0000	-9999.0000	-9999.0000	19.4316	6	7	27.2998	1.0000	99	9	-9999.0000	9015	0	-9999	2400	2310	-9999	0.0000	0	0.0000	0.0000	0.0000	0.0000	0.0000	0.0000	0.0000	0.0000	0.0000	0.0000	0.0000	0.0000	0.0000	0.0000	0.0000	0.0000	
05/08/2017	15:29:41	011992	H421007459HLR	L421	S		707.1337	1.0292	10.0000	100.1508	40.0114	0.8430	0.8258	5.0000	19.0695	815.1189	94.8380	16.7191	25.1000	0.9300	0.9356	0.7113	-0.0016	815.0000	816.8492	1.0275	-4.0000	100.0835	40.1582	0.8230	0.8240	5.0000	-9999.0000	-9999.0000	-9999.0000	-9999.0000	-9999.0000	-9999.0000	19.7380	7	0	26.4785	1.0000	99	9	-9999.0000	9016	20510	-9999	2400	2311	-9999	558.0455	5	0.6841	0.7113	-0.0016	78.8410	1.9926	728.2878	443.5463	32.7083	655.0361	94.8611	726.9610	94.9769	737.2387	95.0926	745.8848	95.1620	
05/08/2017	15:30:08	011992	H421007440HLR	L421	S		694.0260	1.0292	10.0000	100.1378	40.0501	0.8430	0.8260	5.0000	18.8961	815.0929	94.9306	15.7699	25.0000	0.9300	0.9356	0.7204	-0.0021	815.0000	816.2462	1.0275	-4.0000	100.0279	39.9739	0.8230	0.8236	5.0000	-9999.0000	-9999.0000	-9999.0000	-9999.0000	-9999.0000	-9999.0000	19.6547	8	0	26.7491	1.0000	99	9	-9999.0000	9017	20510	-9999	2401	2312	-9999	560.2145	5	0.6836	0.7204	-0.0021	62.9653	2.8977	719.8693	453.2974	32.3148	643.1695	95.3472	718.5294	94.7685	728.5842	94.9537	736.2195	95.2546	
05/08/2017	15:30:35	011992	H421007430HLR	L421	S		687.2994	1.0292	10.0000	100.1199	40.0940	0.8430	0.8259	5.0000	19.0590	815.0591	94.7917	17.9388	25.0000	0.9300	0.9357	0.7191	-0.0020	815.0000	816.9241	1.0275	-4.0000	100.0222	39.9581	0.8230	0.8238	5.0000	-9999.0000	-9999.0000	-9999.0000	-9999.0000	-9999.0000	-9999.0000	20.5178	1	0	26.6990	1.0000	99	9	-9999.0000	9018	20511	-9999	2402	2313	-9999	556.7067	5	0.6843	0.7191	-0.0020	63.2707	2.8709	717.4922	458.6990	34.7222	648.9027	95.1620	716.5010	94.7454	723.8114	95.0000	732.2779	95.2083	
05/08/2017	15:30:59	011992	H421007446HLR	L421	S		703.5873	1.0292	10.0000	100.1682	40.0623	0.8430	0.8258	5.0000	18.9797	815.1192	94.8843	16.3890	25.0000	0.9300	0.9357	0.7191	-0.0020	815.0000	816.0841	1.0275	-4.0000	100.0120	40.0629	0.8230	0.8240	5.0000	-9999.0000	-9999.0000	-9999.0000	-9999.0000	-9999.0000	-9999.0000	20.0489	2	0	24.9288	1.0000	99	9	-9999.0000	9019	20512	-9999	2403	2314	-9999	559.2794	5	0.6843	0.7191	-0.0020	63.2707	2.8709	719.3959	463.8856	34.0278	651.2933	95.2083	718.1285	94.8148	726.7106	94.9537	733.8668	95.2315	
05/08/2017	15:31:24	011992	H421007449HLR	L421	S		706.1143	1.0292	10.0000	100.1829	40.0551	0.8430	0.8259	5.0000	18.9094	815.1360	94.9769	15.5200	24.9000	0.9300	0.9357	0.7170	-0.0019	815.0000	816.1799	1.0275	-4.0000	100.0472	40.0665	0.8230	0.8237	5.0000	-9999.0000	-9999.0000	-9999.0000	-9999.0000	-9999.0000	-9999.0000	20.3791	3	0	24.9296	1.0000	99	9	-9999.0000	9020	20513	-9999	2403	2315	-9999	560.2884	5	0.6844	0.7170	-0.0019	-37.6376	9.0451	724.6103	434.3028	31.5972	647.3370	95.4398	723.1636	94.7917	729.6865	95.0463	736.0757	95.1157	
05/08/2017	15:31:50	011992	H421007157HLR	L421	S		713.6257	1.0292	10.0000	100.1031	40.0028	0.8430	0.8255	5.0000	20.5638	815.1113	94.9306	15.9399	24.9000	0.9300	0.9357	0.7145	-0.0018	815.0000	818.3172	1.0275	-4.0000	100.0174	39.9768	0.8230	0.8233	5.0000	-9999.0000	-9999.0000	-9999.0000	-9999.0000	-9999.0000	-9999.0000	21.2585	4	0	25.7587	1.0000	99	9	-9999.0000	9021	20514	-9999	2404	2316	-9999	559.5847	5	0.6849	0.7145	-0.0018	-41.5235	9.4517	727.9761	471.5233	32.6157	657.3463	95.1389	726.6634	94.5139	735.6145	94.8148	743.6901	95.2315	
05/08/2017	15:32:15	011992	H421007416HLR	L421	S		698.9110	1.0292	10.0000	100.0852	40.0297	0.8430	0.8258	5.0000	19.3088	815.0656	94.9306	15.6801	24.9000	0.9300	0.9357	0.7168	-0.0019	815.0000	817.8828	1.0275	-4.0000	99.9896	39.9882	0.8230	0.8237	5.0000	-9999.0000	-9999.0000	-9999.0000	-9999.0000	-9999.0000	-9999.0000	20.1362	5	0	25.3390	1.0000	99	9	-9999.0000	9022	20515	-9999	2405	2317	-9999	559.9114	5	0.6844	0.7168	-0.0019	-50.7024	9.9883	726.2591	455.1524	31.6667	652.3691	95.1852	725.0238	94.6065	735.2842	94.8843	743.0925	95.1620	
05/08/2017	15:33:08	011992	H421007135HLR	L421	S		715.4908	1.0292	10.0000	100.1683	40.0521	0.8430	0.8257	5.0000	19.2351	815.1551	94.9306	13.9497	25.0000	0.9300	0.9358	0.7177	-0.0020	815.0000	818.7422	1.0275	-4.0000	100.0742	40.0124	0.8230	0.8235	5.0000	-9999.0000	-9999.0000	-9999.0000	-9999.0000	-9999.0000	-9999.0000	20.4312	7	0	27.7392	1.0000	99	9	-9999.0000	9024	20516	-9999	2407	2318	-9999	562.5694	5	0.6846	0.7177	-0.0020	-43.5080	9.6006	733.2860	438.1832	32.1759	657.1342	94.7685	731.7855	94.9306	741.6014	95.0463	750.3466	95.1852	
05/08/2017	15:33:36	011992	H421007155HLR	L421	S		672.2152	1.0292	10.0000	100.0628	40.0359	0.8430	0.8259	5.0000	18.7093	815.1147	94.9537	14.8393	24.9000	0.9300	0.9357	0.7160	-0.0019	815.0000	818.0960	1.0275	-4.0000	99.9843	39.9120	0.8230	0.8238	5.0000	-9999.0000	-9999.0000	-9999.0000	-9999.0000	-9999.0000	-9999.0000	19.5383	8	0	28.0984	1.0000	99	9	-9999.0000	9025	20517	-9999	2408	2319	-9999	560.6376	5	0.6844	0.7160	-0.0019	-52.4818	10.1725	687.8812	465.0616	33.0324	606.6642	95.9259	684.9508	94.5833	736.4279	94.7454	746.5170	95.1852	
05/08/2017	15:34:01	011992	H421007145HLR	L421	S		713.8917	1.0292	10.0000	99.9554	40.0072	0.8430	0.8253	5.0000	21.2230	815.0424	94.9537	14.3100	24.9000	0.9300	0.9358	0.7117	-0.0017	815.0000	817.5397	1.0275	-4.0000	100.0345	40.1000	0.8230	0.8245	5.0000	-9999.0000	-9999.0000	-9999.0000	-9999.0000	-9999.0000	-9999.0000	19.4889	1	0	25.0200	1.0000	99	9	-9999.0000	9026	20518	-9999	2409	2320	-9999	560.6631	5	0.6841	0.7117	-0.0017	-42.1029	9.5955	735.8894	448.4387	32.2454	655.1732	95.5787	734.6774	95.0463	744.9290	95.0926	753.5020	95.1620	
05/08/2017	15:34:56	011992	H421007160HLR	L421	S		699.4462	1.0292	10.0000	100.1319	40.0737	0.8430	0.8258	5.0000	19.0295	815.0916	94.8611	16.8500	25.0000	0.9300	0.9358	0.7088	-0.0015	815.0000	814.1730	1.0275	-3.8077	99.9843	39.9745	0.8230	0.8235	5.0000	-9999.0000	-9999.0000	-9999.0000	-9999.0000	-9999.0000	-9999.0000	19.8689	3	0	26.4892	1.0000	99	9	-9999.0000	9028	20519	-9999	2411	2321	-9999	557.3793	5	0.6846	0.7088	-0.0015	-16.0744	8.1444	721.7418	457.5821	31.3194	645.8978	95.0463	720.0151	94.7917	730.8619	94.9537	738.9323	95.2315	
05/08/2017	15:35:28	011992	H421007143HLR	L421	Q		703.1397	1.0292	10.0000	100.0887	40.0828	0.8430	0.8258	5.0000	18.7894	815.0964	94.8380	17.2689	25.0000	0.9300	0.9358	0.7041	-0.0012	815.0000	812.4625	1.0275	-3.6276	99.9811	39.8980	0.8230	0.8241	5.0000	-9999.0000	-9999.0000	-9999.0000	-9999.0000	-9999.0000	-9999.0000	19.5413	4	0	31.0389	1.0000	99	9	-9999.0000	9029	20520	-9999	2412	2322	-9999	556.7661	5	0.6849	0.7041	-0.0012	36.6218	4.8695	724.4241	436.2494	32.3380	649.8673	95.7407	723.1359	95.3241	732.2649	95.2546	738.7492	95.0926	
05/08/2017	15:36:22	011992	H421007152HLR	L421	Q		702.1245	1.0292	10.0000	99.9734	39.9824	0.8430	0.8257	5.0000	20.8097	815.0535	94.7685	17.9398	25.1000	0.9300	0.9359	0.7017	-0.0011	815.0000	815.6271	1.0275	-3.9608	100.1007	40.3000	0.8230	0.8251	5.0000	-9999.0000	-9999.0000	-9999.0000	-9999.0000	-9999.0000	-9999.0000	21.9685	6	0	24.8193	1.0000	99	9	-9999.0000	9031	20521	-9999	2414	2324	-9999	556.0059	5	0.6851	0.7017	-0.0011	22.4153	5.7438	727.9017	435.1593	32.1991	653.9870	95.3935	726.3027	95.3241	736.0845	95.2315	743.1543	95.0694	
05/08/2017	15:36:49	011992	H421007163HLR	L421	S		707.1191	1.0292	10.0000	100.1648	40.1000	0.8430	0.8258	5.0000	19.5988	815.1244	94.9769	15.4994	25.1000	0.9300	0.9359	0.7017	-0.0011	815.0000	813.2144	1.0275	-3.7068	99.9250	40.3878	0.8230	0.8243	5.0000	-9999.0000	-9999.0000	-9999.0000	-9999.0000	-9999.0000	-9999.0000	19.5550	7	0	27.5887	1.0000	99	9	-9999.0000	9032	20522	-9999	2415	2325	-9999	558.7150	5	0.6851	0.7017	-0.0011	22.4153	5.7438	741.5517	459.9858	32.4769	661.6212	96.2731	735.2957	96.0185	745.2515	95.6250	750.6150	95.0694	
05/08/2017	15:37:16	011992	H421007122HLR	L421	S		701.8254	1.0292	10.0000	99.9858	40.0964	0.8430	0.8254	5.0000	20.6088	815.1072	94.8380	20.1496	25.1000	0.9300	0.9358	0.6982	-0.0008	815.0000	814.0945	1.0275	-3.7994	99.8705	40.1904	0.8230	0.8237	5.0000	-9999.0000	-9999.0000	-9999.0000	-9999.0000	-9999.0000	-9999.0000	19.5828	8	0	26.8691	1.0000	99	9	-9999.0000	9033	20523	-9999	2416	2326	-9999	555.5418	5	0.6850	0.6982	-0.0008	39.5415	4.5102	724.2719	473.4485	31.4583	656.2765	94.1667	723.2462	93.3796	730.6712	94.5602	740.4662	95.3241	
05/08/2017	15:37:47	011992	H421007118HLR	L421	S		699.6369	1.0292	10.0000	99.9802	40.0491	0.8430	0.8253	5.0000	21.2710	815.0716	94.7917	18.2688	25.2000	0.9300	0.9358	0.6982	-0.0008	815.0000	815.2286	1.0275	-3.9188	100.0273	40.0561	0.8230	0.8235	5.0000	-9999.0000	-9999.0000	-9999.0000	-9999.0000	-9999.0000	-9999.0000	19.9286	1	0	30.4891	1.0000	99	9	-9999.0000	9034	20524	-9999	2417	2327	-9999	556.7929	5	0.6850	0.6982	-0.0008	39.5415	4.5102	728.4643	451.6873	32.4769	658.2556	94.7685	726.9769	94.0509	735.9129	94.5602	744.5284	95.2315	
05/08/2017	15:38:14	011992	H421007456HLR	L421	S		685.1577	1.0292	10.0000	99.9663	40.0723	0.8430	0.8255	5.0000	20.4690	815.0407	94.9074	12.3794	25.3000	0.9300	0.9357	0.6982	-0.0008	815.0000	813.2482	1.0275	-3.7103	99.9232	39.9980	0.8230	0.8237	5.0000	-9999.0000	-9999.0000	-9999.0000	-9999.0000	-9999.0000	-9999.0000	19.8094	2	0	27.9089	1.0000	99	9	-9999.0000	9035	20525	-9999	2418	2328	-9999	560.7110	5	0.6850	0.6982	-0.0008	68.7558	2.5518	752.8235	471.7949	31.8750	674.9665	94.9306	751.6988	94.3519	760.6384	94.6991	767.1498	95.1620	
05/08/2017	15:38:42	011992	H421007148HLR	L421	S		700.3789	1.0292	10.0000	100.0359	40.0675	0.8430	0.8253	5.0000	21.2620	815.0501	94.8611	16.5785	25.3000	0.9300	0.9358	0.6995	-0.0009	815.0000	812.8811	1.0275	-3.6717	99.9956	40.0838	0.8230	0.8241	5.0000	-9999.0000	-9999.0000	-9999.0000	-9999.0000	-9999.0000	-9999.0000	19.7830	3	0	27.3584	1.0000	99	9	-9999.0000	9036	20526	-9999	2419	2329	-9999	557.9176	5	0.6852	0.6995	-0.0009	68.6513	2.5274	730.2350	489.2479	31.2500	661.0990	95.1157	728.6152	94.6296	738.5208	94.8843	746.3695	95.1852	
05/08/2017	15:39:12	011992	H421007119HLR	L421	S		702.3029	1.0292	10.0000	99.9635	39.9912	0.8430	0.8250	5.0000	23.6329	815.0859	94.9306	16.0394	25.3000	0.9300	0.9358	0.6964	-0.0007	815.0000	813.9464	1.0275	-3.7838	99.9952	40.1222	0.8230	0.8240	5.0000	-9999.0000	-9999.0000	-9999.0000	-9999.0000	-9999.0000	-9999.0000	19.7583	4	0	29.8493	1.0000	99	9	-9999.0000	9037	20527	-9999	2420	2330	-9999	558.3295	5	0.6847	0.6964	-0.0007	81.0952	1.6955	734.7031	485.9829	31.4352	662.7230	94.8148	733.5271	93.9815	742.3406	94.6296	750.6115	95.1852	
05/08/2017	15:39:38	011992	H421007129HLR	L421	S		694.5003	1.0292	10.0000	100.2252	40.1118	0.8430	0.8258	5.0000	19.4592	815.0695	94.8843	19.4289	25.3000	0.9300	0.9357	0.6997	-0.0009	815.0000	812.4173	1.0275	-3.6229	100.1850	40.1227	0.8230	0.8242	5.0000	-9999.0000	-9999.0000	-9999.0000	-9999.0000	-9999.0000	-9999.0000	19.1992	5	0	26.2229	1.0000	99	9	-9999.0000	9038	20528	-9999	2421	2331	-9999	556.3694	5	0.6851	0.6997	-0.0009	75.7541	2.0312	723.1556	489.6869	32.3611	652.7617	95.1852	722.3571	94.4676	730.3446	94.7685	737.7661	95.1852	
05/08/2017	15:40:06	011992	H421007140HLR	L421	S		685.6276	1.0292	10.0000	100.0478	40.1124	0.8430	0.8252	5.0000	21.8692	815.1038	94.8843	17.0794	25.3000	0.9300	0.9357	0.6997	-0.0009	815.0000	813.4885	1.0275	-3.7356	100.0885	40.0471	0.8230	0.8234	5.0000	-9999.0000	-9999.0000	-9999.0000	-9999.0000	-9999.0000	-9999.0000	22.5816	6	0	28.2048	1.0000	99	9	-9999.0000	9039	20529	-9999	2421	2332	-9999	557.8805	5	0.6851	0.6997	-0.0009	75.7541	2.0312	727.5733	459.4254	32.7315	653.2959	94.6296	726.5073	93.8194	735.4409	94.6296	744.5018	95.2083	
05/08/2017	15:40:35	011992	H421007105HLR	L421	S		703.3471	1.0292	10.0000	100.4563	40.1860	0.8430	0.8258	5.0000	19.2539	815.0959	94.8611	16.4388	25.3000	0.9300	0.9357	0.6998	-0.0009	815.0000	813.2933	1.0275	-3.7151	99.9218	40.1000	0.8230	0.8240	5.0000	-9999.0000	-9999.0000	-9999.0000	-9999.0000	-9999.0000	-9999.0000	19.3439	7	0	29.4092	1.0000	99	9	-9999.0000	9040	20529	-9999	2422	2333	-9999	558.5181	5	0.6851	0.6998	-0.0009	81.4528	1.7266	734.9877	453.6048	31.6898	661.7629	95.2778	733.7462	94.6528	742.3080	94.8843	749.2128	95.1389	
05/08/2017	15:41:07	011992	H421007087HLR	L421	S		691.2784	1.0292	10.0000	99.9761	40.1493	0.8430	0.8252	5.0000	21.6993	815.1338	94.8380	18.9885	25.3000	0.9300	0.9356	0.7008	-0.0009	815.0000	811.9694	1.0275	-3.5757	99.9985	40.1515	0.8230	0.8242	5.0000	-9999.0000	-9999.0000	-9999.0000	-9999.0000	-9999.0000	-9999.0000	19.0146	8	0	31.5792	1.0000	99	9	-9999.0000	9041	20530	-9999	2423	2334	-9999	556.8076	5	0.6850	0.7008	-0.0009	85.2068	1.5818	720.1714	475.4364	32.6157	651.8006	95.6250	719.0353	95.0231	728.2671	95.0694	734.6351	95.1620	
05/08/2017	15:41:37	011992	H421007103HLR	L421	S		702.4669	1.0292	10.0000	100.0299	40.1000	0.8430	0.8248	5.0000	25.1191	815.0798	94.9306	15.2592	25.3000	0.9300	0.9356	0.7008	-0.0009	815.0000	814.7692	1.0275	-3.8704	99.9140	40.1216	0.8230	0.8239	5.0000	-9999.0000	-9999.0000	-9999.0000	-9999.0000	-9999.0000	-9999.0000	19.7212	1	0	29.5783	1.0000	99	9	-9999.0000	9042	20531	-9999	2424	2335	-9999	559.8756	5	0.6850	0.7008	-0.0009	85.2068	1.5818	737.1541	463.8593	32.1528	663.3414	96.2731	735.7085	95.9259	746.0860	95.5556	752.3511	95.0231	
05/08/2017	15:42:07	011992	H421007076HLR	L421	S		702.6143	1.0292	10.0000	100.2980	40.2603	0.8430	0.8258	5.0000	19.3885	815.0895	94.8611	17.3792	25.2000	0.9300	0.9356	0.7004	-0.0009	815.0000	816.1080	1.0275	-4.0000	100.1373	40.0635	0.8230	0.8235	5.0000	-9999.0000	-9999.0000	-9999.0000	-9999.0000	-9999.0000	-9999.0000	22.0539	2	0	30.1189	1.0000	99	9	-9999.0000	9042	20532	-9999	2425	2336	-9999	558.5503	5	0.6853	0.7004	-0.0009	83.7285	1.6486	730.5206	485.9202	33.1250	657.7789	95.5556	729.2505	94.9537	739.0183	95.1157	745.1663	95.1852	
05/08/2017	15:42:36	011992	H421007085HLR	L421	S		701.6967	1.0292	10.0000	100.3806	40.2972	0.8430	0.8258	5.0000	19.2079	815.0819	94.8611	18.3489	25.2000	0.9300	0.9355	0.6992	-0.0008	815.0000	815.5886	1.0275	-3.9567	100.0016	40.1172	0.8230	0.8240	5.0000	-9999.0000	-9999.0000	-9999.0000	-9999.0000	-9999.0000	-9999.0000	19.2089	3	0	29.4882	1.0000	99	9	-9999.0000	9043	20533	-9999	2426	2337	-9999	557.9513	5	0.6857	0.6992	-0.0008	81.3541	1.8437	728.6831	482.0848	33.1481	657.7190	95.0926	727.3683	94.5139	737.4111	94.8148	744.9044	95.1157	
05/08/2017	15:43:06	011992	H421007084HLR	L421	S		695.9777	1.0292	10.0000	99.9914	40.2273	0.8430	0.8249	5.0000	24.0540	815.0565	94.9306	20.7395	25.2000	0.9300	0.9356	0.6992	-0.0008	815.0000	816.4097	1.0275	-4.0000	99.9931	40.1366	0.8230	0.8239	5.0000	-9999.0000	-9999.0000	-9999.0000	-9999.0000	-9999.0000	-9999.0000	19.8597	4	0	29.4089	1.0000	99	9	-9999.0000	9044	20533	-9999	2427	2338	-9999	556.6221	5	0.6857	0.6992	-0.0008	93.3188	1.1945	724.3885	480.1666	32.3611	652.8122	95.7407	722.9058	95.1389	732.2196	95.1620	738.1851	95.1389	
05/08/2017	15:43:35	011992	H421007071HLR	L421	S		675.9704	1.0292	10.0000	100.2345	40.3190	0.8430	0.8258	5.0000	19.0499	815.0672	94.8148	18.6292	25.1000	0.9300	0.9356	0.6992	-0.0008	815.0000	815.0730	1.0275	-3.9024	99.9868	40.1164	0.8230	0.8239	5.0000	-9999.0000	-9999.0000	-9999.0000	-9999.0000	-9999.0000	-9999.0000	19.7785	5	0	29.6093	1.0000	99	9	-9999.0000	9045	20534	-9999	2428	2338	-9999	557.9953	5	0.6857	0.6992	-0.0008	93.3188	1.1945	727.1070	488.3695	33.9352	657.5297	95.6250	725.5124	95.3472	733.7809	95.2778	739.9104	95.1389	
05/08/2017	15:44:04	011992	H421007099HLR	L421	S		692.8808	1.0292	10.0000	99.9832	40.2719	0.8430	0.8248	5.0000	24.1037	815.0816	94.8611	19.3391	25.1000	0.9300	0.9356	0.6975	-0.0007	815.0000	814.7327	1.0275	-3.8666	100.0354	40.1000	0.8230	0.8240	5.0000	-9999.0000	-9999.0000	-9999.0000	-9999.0000	-9999.0000	-9999.0000	20.0581	6	0	28.3593	1.0000	99	9	-9999.0000	9046	20535	-9999	2429	2339	-9999	557.8028	5	0.6861	0.6975	-0.0007	81.0608	1.9073	726.7841	489.9952	33.8657	659.3921	95.7176	725.6805	95.3704	733.6443	95.3009	739.0793	95.1389	
05/08/2017	15:44:33	011992	H421007111HLR	L421	S		699.5746	1.0292	10.0000	100.4128	40.3689	0.8430	0.8257	5.0000	19.2589	815.0816	94.7454	18.4700	25.1000	0.9300	0.9356	0.6990	-0.0008	815.0000	815.1197	1.0275	-3.9073	99.9833	40.1329	0.8230	0.8242	5.0000	-9999.0000	-9999.0000	-9999.0000	-9999.0000	-9999.0000	-9999.0000	19.4187	7	0	29.7684	1.0000	99	9	-9999.0000	9047	20536	-9999	2430	2340	-9999	558.3927	5	0.6853	0.6990	-0.0008	81.3862	1.8808	731.5949	451.5745	31.5046	658.8548	95.8102	730.4747	95.2778	738.1064	95.2546	743.2175	95.1620	
05/08/2017	15:45:01	011992	H421007083HLR	L421	S		702.5826	1.0292	10.0000	100.4808	40.4387	0.8430	0.8258	5.0000	19.2093	815.0616	94.8380	18.4700	25.1000	0.9300	0.9356	0.6987	-0.0008	815.0000	815.9993	1.0275	-3.9999	100.0904	40.0898	0.8230	0.8235	5.0000	-9999.0000	-9999.0000	-9999.0000	-9999.0000	-9999.0000	-9999.0000	22.2085	8	0	27.5888	1.0000	99	9	-9999.0000	9048	20536	-9999	2430	2341	-9999	558.0499	5	0.6851	0.6987	-0.0008	81.6161	1.8766	728.5144	451.6460	31.4815	657.1940	94.9074	727.0569	94.0046	736.4003	94.6296	744.1248	95.1852	
05/08/2017	15:45:29	011992	H421007096HLR	L421	S		694.5817	1.0292	10.0000	99.9606	40.3273	0.8430	0.8248	5.0000	24.1100	815.1047	94.8611	18.6302	25.1000	0.9300	0.9356	0.6988	-0.0008	815.0000	814.7101	1.0275	-3.8642	100.0787	40.1000	0.8230	0.8234	5.0000	-9999.0000	-9999.0000	-9999.0000	-9999.0000	-9999.0000	-9999.0000	23.1793	1	0	28.1092	1.0000	99	9	-9999.0000	9049	20537	-9999	2430	2342	-9999	558.0249	5	0.6850	0.6988	-0.0008	78.9977	2.0501	724.4231	474.2848	31.2963	648.8247	94.9537	723.1637	93.9352	732.4868	94.6759	739.8966	95.1620	
05/08/2017	15:46:03	011992	H421005913HLR	L421	S		699.3246	1.0292	10.0000	100.3410	40.4313	0.8430	0.8257	5.0000	19.1383	815.1183	94.8611	17.4290	25.1000	0.9300	0.9356	0.6997	-0.0008	815.0000	814.5939	1.0275	-3.8520	100.0633	40.1092	0.8230	0.8236	5.0000	-9999.0000	-9999.0000	-9999.0000	-9999.0000	-9999.0000	-9999.0000	21.9490	2	0	33.5486	1.0000	99	9	-9999.0000	9050	20538	-9999	2431	2343	-9999	558.8538	5	0.6850	0.6997	-0.0008	78.5302	2.0742	728.8292	457.4648	31.7593	654.3075	95.0000	727.5228	94.1898	736.7798	94.6991	744.2791	95.1620	
05/08/2017	15:46:30	011992	H421005884HLR	L421	S		696.3172	1.0292	10.0000	100.0087	40.3283	0.8430	0.8247	5.0000	24.8993	815.0867	94.8148	18.8196	25.1000	0.9300	0.9356	0.6997	-0.0008	815.0000	813.8560	1.0275	-3.7743	99.9754	40.1743	0.8230	0.8241	5.0000	-9999.0000	-9999.0000	-9999.0000	-9999.0000	-9999.0000	-9999.0000	19.4172	3	0	27.5987	1.0000	99	9	-9999.0000	9051	20539	-9999	2432	2344	-9999	557.8926	5	0.6850	0.6997	-0.0008	78.5302	2.0742	724.7799	463.3705	32.0139	651.0341	95.1852	723.6477	94.4444	732.0949	94.8380	739.0052	95.1157	
05/08/2017	15:46:58	011992	H421005893HLR	L421	S		703.1504	1.0292	10.0000	100.1002	40.4253	0.8430	0.8255	5.0000	19.5090	815.0809	94.8843	16.8597	25.1000	0.9300	0.9356	0.7000	-0.0008	815.0000	814.9136	1.0275	-3.8856	99.9717	40.1701	0.8230	0.8240	5.0000	-9999.0000	-9999.0000	-9999.0000	-9999.0000	-9999.0000	-9999.0000	19.6093	4	0	28.0291	1.0000	99	9	-9999.0000	9052	20540	-9999	2433	2345	-9999	559.1557	5	0.6848	0.7000	-0.0008	77.6350	2.0918	734.0389	460.2225	31.5046	658.0455	95.4167	732.9226	94.5370	741.6478	94.8611	748.5773	95.0926	
05/08/2017	15:47:26	011992	H421007069HLR	L421	S		703.6346	1.0292	10.0000	100.1707	40.4754	0.8430	0.8256	5.0000	19.5294	815.0739	94.8148	17.1888	25.2000	0.9300	0.9356	0.6987	-0.0008	815.0000	815.0315	1.0275	-3.8981	100.0142	40.1509	0.8230	0.8240	5.0000	-9999.0000	-9999.0000	-9999.0000	-9999.0000	-9999.0000	-9999.0000	19.8131	5	0	27.4688	1.0000	99	9	-9999.0000	9053	20541	-9999	2434	2346	-9999	558.8344	5	0.6846	0.6987	-0.0008	82.1635	1.8845	732.7826	475.9754	32.3611	661.1157	96.0648	731.2973	95.4861	741.0076	95.3472	747.0838	95.1620	
05/08/2017	15:47:55	011992	H421007089HLR	L421	S		695.1630	1.0292	10.0000	100.3504	40.4760	0.8430	0.8256	5.0000	19.3795	815.0388	94.9074	22.7394	25.2000	0.9300	0.9357	0.7005	-0.0009	815.0000	814.9769	1.0275	-3.8923	100.2391	40.1892	0.8230	0.8242	5.0000	-9999.0000	-9999.0000	-9999.0000	-9999.0000	-9999.0000	-9999.0000	19.4891	6	0	29.5594	1.0000	99	9	-9999.0000	9054	20542	-9999	2435	2347	-9999	554.9509	5	0.6845	0.7005	-0.0009	73.8918	2.3045	728.2409	453.0411	32.4769	650.0489	97.0139	719.1533	96.7593	727.3332	96.0417	731.3622	94.7685	
05/08/2017	15:48:23	011992	H421005924HLR	L421	S		704.2134	1.0292	10.0000	100.1552	40.4849	0.8430	0.8255	5.0000	19.7275	815.1333	94.8380	16.6097	25.3000	0.9300	0.9358	0.7005	-0.0009	815.0000	814.0510	1.0275	-3.7948	100.0210	40.1511	0.8230	0.8235	5.0000	-9999.0000	-9999.0000	-9999.0000	-9999.0000	-9999.0000	-9999.0000	22.6787	7	0	27.6596	1.0000	99	9	-9999.0000	9055	20543	-9999	2436	2348	-9999	559.4820	5	0.6845	0.7005	-0.0009	73.8918	2.3045	730.4182	456.4343	31.3426	661.9509	93.2870	729.4558	92.4074	737.9793	94.6296	747.9664	95.5093	
05/08/2017	15:48:50	011992	H421005905HLR	L421	S		703.2638	1.0292	10.0000	100.2971	40.5465	0.8430	0.8256	5.0000	19.5198	815.1236	94.8148	17.1488	25.3000	0.9300	0.9356	0.7037	-0.0010	815.0000	815.1263	1.0275	-3.9080	100.0944	40.2579	0.8230	0.8242	5.0000	-9999.0000	-9999.0000	-9999.0000	-9999.0000	-9999.0000	-9999.0000	19.5888	8	0	26.7280	1.0000	99	9	-9999.0000	9056	20544	-9999	2437	2348	-9999	559.3628	5	0.6847	0.7037	-0.0010	71.5328	2.4277	726.2996	476.6749	33.4722	657.7027	93.4259	725.2737	92.7315	734.6674	94.7454	744.4066	95.5093	
05/08/2017	15:49:20	011992	H421005894HLR	L421	S		703.7501	1.0292	10.0000	100.2790	40.5496	0.8430	0.8256	5.0000	19.3694	815.0530	94.8843	16.3988	25.4000	0.9300	0.9356	0.6966	-0.0006	815.0000	812.8230	1.0275	-3.6656	100.1245	40.2667	0.8230	0.8240	5.0000	-9999.0000	-9999.0000	-9999.0000	-9999.0000	-9999.0000	-9999.0000	19.9690	1	0	30.6194	1.0000	99	9	-9999.0000	9057	20545	-9999	2438	2349	-9999	559.4700	5	0.6848	0.6966	-0.0006	67.5726	2.6460	733.5767	448.1653	31.2500	661.3275	93.5185	732.3451	92.5926	740.9659	94.6991	751.6829	95.5093	
05/08/2017	15:49:45	011992	H421005915HLR	L421	S		703.2625	1.0292	10.0000	100.2568	40.5657	0.8430	0.8255	5.0000	19.5389	815.0988	94.8148	18.5989	25.4000	0.9300	0.9356	0.7009	-0.0009	815.0000	815.9409	1.0275	-3.9938	100.0070	40.2804	0.8230	0.8240	5.0000	-9999.0000	-9999.0000	-9999.0000	-9999.0000	-9999.0000	-9999.0000	19.7218	2	0	24.8382	1.0000	99	9	-9999.0000	9058	20546	-9999	2439	2350	-9999	558.2501	5	0.6847	0.7009	-0.0009	88.0134	1.5150	729.5425	472.7335	32.1991	660.1326	93.5185	728.6882	92.4769	736.1020	94.8843	747.3443	95.5093	
05/08/2017	15:50:15	011992	H421005888HLR	L421	S		705.4182	1.0292	10.0000	100.1781	40.5715	0.8430	0.8255	5.0000	19.4495	815.0743	94.8611	16.6087	25.5000	0.9300	0.9356	0.7019	-0.0009	815.0000	813.0761	1.0275	-3.6922	100.0971	40.3000	0.8230	0.8243	5.0000	-9999.0000	-9999.0000	-9999.0000	-9999.0000	-9999.0000	-9999.0000	19.1342	3	0	30.2488	1.0000	99	9	-9999.0000	9059	20547	-9999	2440	2351	-9999	559.8001	5	0.6850	0.7019	-0.0009	48.5028	3.7115	730.7366	455.8436	31.2500	659.8980	94.0046	729.8703	93.1019	737.2756	94.6296	746.5142	95.4398	
05/08/2017	15:50:43	011992	H421007444HLR	L421	S		701.5966	1.0292	10.0000	100.2695	40.5924	0.8430	0.8256	5.0000	19.4797	815.1021	94.9306	15.8900	25.5000	0.9300	0.9356	0.7022	-0.0009	815.0000	815.5940	1.0275	-3.9573	100.1883	40.3000	0.8230	0.8243	5.0000	-9999.0000	-9999.0000	-9999.0000	-9999.0000	-9999.0000	-9999.0000	19.3335	4	0	27.4491	1.0000	99	9	-9999.0000	9060	20548	-9999	2441	2351	-9999	560.3671	5	0.6852	0.7022	-0.0009	58.4020	3.1302	731.7646	464.8623	32.8935	659.8369	93.9583	730.3756	93.1944	741.0292	94.8148	751.3618	95.5093	
05/08/2017	15:51:11	011992	H421007462HLR	L421	S		701.5776	1.0292	10.0000	100.3085	40.5936	0.8430	0.8256	5.0000	19.2987	815.0960	94.9306	19.7092	25.5000	0.9300	0.9355	0.7033	-0.0010	815.0000	817.8976	1.0275	-4.0000	99.9564	40.3263	0.8230	0.8239	5.0000	-9999.0000	-9999.0000	-9999.0000	-9999.0000	-9999.0000	-9999.0000	20.0778	5	0	28.3096	1.0000	99	9	-9999.0000	9061	20549	-9999	2442	2352	-9999	557.4243	5	0.6855	0.7033	-0.0010	82.8800	1.7044	727.9707	470.4472	34.1898	663.2087	94.6759	727.1628	94.0972	734.8392	94.7222	742.0099	95.3472	
05/08/2017	15:51:41	011992	H421007165HLR	L421	S		701.0340	1.0292	10.0000	100.3030	40.6000	0.8430	0.8256	5.0000	19.3784	720.7307	96.2269	8.2800	25.5000	0.9300	0.9353	0.7033	-0.0010	815.0000	776.0453	1.0275	-2.0000	99.9865	40.3387	0.8230	0.8242	5.0000	-9999.0000	-9999.0000	-9999.0000	-9999.0000	-9999.0000	-9999.0000	19.3692	6	32	29.8580	1.0000	99	9	-9999.0000	9062	20550	-9999	2443	2353	-9999	498.0099	5	0.6855	0.7033	-0.0010	82.8800	1.7044	729.8713	446.2007	34.4213	662.5814	95.1157	728.5628	94.8148	738.4332	95.0000	745.2049	95.1389	
05/08/2017	15:52:08	011992	H421007431HLR	L421	S		708.6406	1.0292	10.0000	100.2541	40.6277	0.8430	0.8255	5.0000	19.4386	815.0712	94.7917	19.3293	25.4000	0.9300	0.9354	0.7038	-0.0010	815.0000	817.9900	1.0275	-4.0000	100.1117	40.3000	0.8230	0.8235	5.0000	-9999.0000	-9999.0000	-9999.0000	-9999.0000	-9999.0000	-9999.0000	22.3580	7	0	26.9399	1.0000	99	9	-9999.0000	9063	20551	-9999	2444	2354	-9999	557.8018	5	0.6860	0.7038	-0.0010	82.8342	1.6421	728.4975	455.6100	31.7361	661.7774	94.3981	727.2842	93.9815	734.8591	94.5833	742.0778	95.1620	
05/08/2017	15:52:38	011992	H421007421HLR	L421	S		706.4403	1.0292	10.0000	100.2322	40.6234	0.8430	0.8256	5.0000	19.3529	815.0459	94.8843	16.6400	25.4000	0.9300	0.9355	0.7038	-0.0010	815.0000	818.3108	1.0275	-4.0000	99.9492	40.3792	0.8230	0.8241	5.0000	-9999.0000	-9999.0000	-9999.0000	-9999.0000	-9999.0000	-9999.0000	19.2383	8	0	30.0277	1.0000	99	9	-9999.0000	9063	20552	-9999	2445	2355	-9999	559.9898	5	0.6860	0.7038	-0.0010	82.8342	1.6421	732.7132	448.9998	31.9213	660.9149	95.0926	731.2225	94.2593	740.5424	94.7222	749.4952	95.2778	
05/08/2017	15:53:08	011992	H421007435HLR	L421	S		699.1895	1.0292	10.0000	100.4855	40.6715	0.8430	0.8256	5.0000	19.2093	815.0887	94.8148	17.3294	25.4000	0.9300	0.9354	0.7152	-0.0017	815.0000	815.7033	1.0275	-3.9688	100.1556	40.3812	0.8230	0.8241	5.0000	-9999.0000	-9999.0000	-9999.0000	-9999.0000	-9999.0000	-9999.0000	19.3689	1	0	29.6791	1.0000	99	9	-9999.0000	9064	20553	-9999	2446	2356	-9999	559.1409	5	0.6856	0.7152	-0.0017	82.4780	1.6612	715.2426	449.4453	32.2222	642.3794	94.4907	713.9032	93.4028	724.0853	94.8611	734.7522	95.4167	
05/08/2017	15:53:38	011992	H421007450HLR	L421	S		670.5851	1.0292	10.0000	99.9729	40.6331	0.8430	0.8253	5.0000	20.4486	815.0531	94.8611	19.0188	25.4000	0.9300	0.9355	0.7152	-0.0017	815.0000	815.1212	1.0275	-3.9075	100.1149	40.3224	0.8230	0.8234	5.0000	-9999.0000	-9999.0000	-9999.0000	-9999.0000	-9999.0000	-9999.0000	22.5157	2	0	30.2284	1.0000	99	9	-9999.0000	9065	20554	-9999	2447	2357	-9999	556.7776	5	0.6856	0.7152	-0.0017	82.4780	1.6612	713.6619	452.0937	32.0139	619.7349	95.0463	712.3387	93.9352	722.4405	94.8148	730.7974	95.2315	
05/08/2017	15:54:07	011992	H421007425HLR	L421	S		698.7598	1.0292	10.0000	100.3319	40.6770	0.8430	0.8256	5.0000	19.2492	815.1003	94.9306	15.7894	25.4000	0.9300	0.9355	0.7086	-0.0013	815.0000	815.0211	1.0275	-3.8970	100.0609	40.3848	0.8230	0.8241	5.0000	-9999.0000	-9999.0000	-9999.0000	-9999.0000	-9999.0000	-9999.0000	19.3083	3	0	28.5995	1.0000	99	9	-9999.0000	9066	20555	-9999	2447	2358	-9999	560.8661	5	0.6852	0.7086	-0.0013	82.6607	1.6331	735.2065	453.1215	31.3889	650.9574	96.6898	728.1956	95.9491	738.1880	95.6944	744.4666	95.0231	
05/08/2017	15:54:35	011992	H421007419HLR	L421	S		692.7832	1.0292	10.0000	99.9337	40.6000	0.8430	0.8247	5.0000	23.5996	815.0422	94.8380	19.1897	25.3000	0.9300	0.9354	0.7168	-0.0018	815.0000	814.2913	1.0275	-3.8201	100.1506	40.3507	0.8230	0.8236	5.0000	-9999.0000	-9999.0000	-9999.0000	-9999.0000	-9999.0000	-9999.0000	21.2088	4	0	28.2890	1.0000	99	9	-9999.0000	9067	20556	-9999	2447	2359	-9999	557.1979	5	0.6855	0.7168	-0.0018	99.8417	0.6932	715.8536	453.6199	32.3843	648.8606	94.1204	714.5900	93.4491	724.4814	94.8380	733.9788	95.4398	
05/08/2017	15:55:00	011992	H421007460HLR	L421	S		700.0157	1.0292	10.0000	100.3343	40.6683	0.8430	0.8255	5.0000	19.3098	815.1048	94.8380	18.7092	25.3000	0.9300	0.9355	0.7168	-0.0018	815.0000	817.9721	1.0275	-4.0000	100.1492	40.3617	0.8230	0.8238	5.0000	-9999.0000	-9999.0000	-9999.0000	-9999.0000	-9999.0000	-9999.0000	20.2586	5	0	24.9189	1.0000	99	9	-9999.0000	9068	20557	-9999	2447	2360	-9999	557.1488	5	0.6855	0.7168	-0.0018	99.8417	0.6932	717.2072	446.0665	34.6991	645.4390	95.3704	716.0101	94.8843	725.1839	95.1389	733.7582	95.1852	
05/08/2017	15:55:26	011992	H421007438HLR	L421	S		684.0541	1.0292	10.0000	100.0016	40.6166	0.8430	0.8248	5.0000	22.8033	815.1059	94.8843	19.4592	25.3000	0.9300	0.9355	0.7144	-0.0017	815.0000	815.1112	1.0275	-3.9064	100.0882	40.3593	0.8230	0.8238	5.0000	-9999.0000	-9999.0000	-9999.0000	-9999.0000	-9999.0000	-9999.0000	20.3978	6	0	26.1084	1.0000	99	9	-9999.0000	9069	20558	-9999	2447	2361	-9999	556.0809	5	0.6853	0.7144	-0.0017	111.1816	0.0874	711.1265	448.9987	33.3565	639.7592	95.0231	709.5647	94.3287	719.0854	94.8380	726.9346	95.1157	
05/08/2017	15:55:51	011992	H421007428HLR	L421	S		698.5799	1.0292	10.0000	100.3981	40.6808	0.8430	0.8255	5.0000	19.3489	815.1214	94.8148	17.6497	25.3000	0.9300	0.9355	0.7144	-0.0017	815.0000	816.6727	1.0275	-4.0000	100.0946	40.3002	0.8230	0.8233	5.0000	-9999.0000	-9999.0000	-9999.0000	-9999.0000	-9999.0000	-9999.0000	22.5691	7	0	24.9301	1.0000	99	9	-9999.0000	9069	20559	-9999	2448	2362	-9999	558.5681	5	0.6853	0.7144	-0.0017	111.1816	0.0874	719.2600	446.1661	32.8009	646.5786	95.8333	717.9903	95.3241	728.0623	95.2778	735.2807	95.2083	
05/08/2017	15:56:17	011992	H421007447HLR	L421	S		696.3895	1.0292	10.0000	99.9940	40.6000	0.8430	0.8246	5.0000	24.2490	815.1059	94.8148	17.4592	25.2000	0.9300	0.9354	0.7108	-0.0015	815.0000	815.3868	1.0275	-3.9355	100.0034	40.3719	0.8230	0.8239	5.0000	-9999.0000	-9999.0000	-9999.0000	-9999.0000	-9999.0000	-9999.0000	19.6885	8	0	26.5485	1.0000	99	9	-9999.0000	9070	20560	-9999	2449	2363	-9999	558.7560	5	0.6849	0.7108	-0.0015	105.4369	0.4893	720.9796	449.0792	32.7546	648.0859	95.5787	719.6838	95.1157	729.4700	95.2083	735.7116	95.2546	
05/08/2017	15:57:07	011992	H421007156HLR	L421	S		714.2084	1.0292	10.0000	100.0874	40.6665	0.8430	0.8254	5.0000	19.6487	815.1420	94.9769	15.1098	25.3000	0.9300	0.9355	0.7113	-0.0015	815.0000	821.5571	1.0275	-4.0000	99.9231	40.3196	0.8230	0.8238	5.0000	-9999.0000	-9999.0000	-9999.0000	-9999.0000	-9999.0000	-9999.0000	19.4187	2	0	24.8194	1.0000	99	9	-9999.0000	9072	20561	-9999	2451	2364	-9999	561.4460	5	0.6840	0.7113	-0.0015	98.0875	1.0264	736.5242	441.4866	32.4537	660.6493	94.3750	734.9029	94.4907	744.4950	94.8380	752.6141	95.1620	
05/08/2017	15:58:02	011992	H421007136HLR	L421	S		716.8115	1.0292	10.0000	100.0882	40.6647	0.8430	0.8254	5.0000	19.7286	815.0869	94.9074	15.7094	25.3000	0.9300	0.9356	0.7087	-0.0014	815.0000	821.9810	1.0275	-4.0000	100.0182	40.2461	0.8230	0.8237	5.0000	-9999.0000	-9999.0000	-9999.0000	-9999.0000	-9999.0000	-9999.0000	20.2391	4	0	29.6492	1.0000	99	9	-9999.0000	9074	20562	-9999	2453	2365	-9999	560.2492	5	0.6840	0.7087	-0.0014	80.4363	2.1171	739.3844	425.1866	31.8287	660.9248	95.5324	737.8664	94.9769	746.9967	95.1157	754.8667	95.1620	
05/08/2017	15:58:57	011992	H421007146HLR	L421	S		714.3435	1.0292	10.0000	100.1046	40.6914	0.8430	0.8254	5.0000	19.7295	815.1143	94.8843	13.3794	25.4000	0.9300	0.9357	0.6987	-0.0008	815.0000	817.1876	1.0275	-4.0000	100.0039	40.1369	0.8230	0.8235	5.0000	-9999.0000	-9999.0000	-9999.0000	-9999.0000	-9999.0000	-9999.0000	21.0389	6	0	30.2888	1.0000	99	9	-9999.0000	9076	20563	-9999	2455	2366	-9999	560.6392	5	0.6842	0.6987	-0.0008	56.5273	3.4843	748.1178	445.3815	31.1574	670.5242	96.0648	746.5618	95.3009	758.2580	95.2083	764.5111	95.2083	
05/08/2017	15:59:52	011992	H421007164HLR	L421	S		694.3706	1.0292	10.0000	100.3038	40.6778	0.8430	0.8254	5.0000	19.7795	815.1198	94.8380	18.6692	25.3000	0.9300	0.9356	0.6919	-0.0005	815.0000	813.9199	1.0275	-3.7810	99.9322	40.0812	0.8230	0.8239	5.0000	-9999.0000	-9999.0000	-9999.0000	-9999.0000	-9999.0000	-9999.0000	19.5476	8	0	26.5517	1.0000	99	9	-9999.0000	9078	20564	-9999	2457	2367	-9999	557.1300	5	0.6839	0.6919	-0.0005	37.2192	4.6395	729.6020	442.1065	30.3241	656.0279	95.2083	728.1532	94.6991	738.0656	94.9537	745.5698	95.2315	
05/08/2017	16:00:17	011992	H421007415HLR	L421	S		617.3224	1.0292	10.0000	100.0038	40.6666	0.8430	0.8254	5.0000	19.8488	0.0000	0.0000	0.0000	0.0000	0.9300	0.0000	0.0000	0.0000	0.0000	647.4739	1.0275	-3.4633	100.0802	39.9796	0.8230	0.8238	5.0000	-9999.0000	-9999.0000	-9999.0000	-9999.0000	-9999.0000	-9999.0000	20.9687	1	7	25.1963	1.0000	99	9	-9999.0000	9079	0	-9999	2458	2368	-9999	0.0000	0	0.0000	0.0000	0.0000	0.0000	0.0000	0.0000	0.0000	0.0000	0.0000	0.0000	0.0000	0.0000	0.0000	0.0000	0.0000	0.0000	
05/08/2017	16:00:47	011992	H421007141HLR	L421	S		697.0580	1.0292	10.0000	100.2761	40.7379	0.8430	0.8254	5.0000	19.5292	815.0678	94.9306	19.4084	25.4000	0.9300	0.9356	0.6922	-0.0005	815.0000	817.1441	1.0275	-4.0000	100.0728	40.1164	0.8230	0.8243	5.0000	-9999.0000	-9999.0000	-9999.0000	-9999.0000	-9999.0000	-9999.0000	20.1089	2	0	30.4383	1.0000	99	9	-9999.0000	9080	20565	-9999	2459	2369	-9999	556.6569	5	0.6840	0.6922	-0.0005	43.8907	4.2827	711.9410	455.8852	31.8056	578.3756	95.7176	710.1338	94.2130	722.8981	94.6296	732.5123	95.0926	
05/08/2017	16:01:14	011992	H421007153HLR	L421	S		698.9216	1.0292	10.0000	100.2719	40.7421	0.8430	0.8255	5.0000	19.2886	815.0795	94.8148	17.1595	25.5000	0.9300	0.9355	0.6913	-0.0004	815.0000	812.5307	1.0275	-3.6348	99.9474	40.2587	0.8230	0.8242	5.0000	-9999.0000	-9999.0000	-9999.0000	-9999.0000	-9999.0000	-9999.0000	19.8491	3	0	26.9092	1.0000	99	9	-9999.0000	9081	20566	-9999	2460	2369	-9999	557.6934	5	0.6841	0.6913	-0.0004	56.1351	3.4719	736.7925	463.2003	32.3380	659.0256	96.1343	735.3410	95.7639	743.9518	95.4167	749.4516	95.1389	
05/08/2017	16:01:43	011992	H421007161HLR	L421	S		704.0653	1.0292	10.0000	100.2206	40.7889	0.8430	0.8254	5.0000	19.5684	815.0667	94.9306	15.6391	25.5000	0.9300	0.9354	0.6913	-0.0004	815.0000	810.9887	1.0275	-3.4725	100.0450	40.2491	0.8230	0.8241	5.0000	-9999.0000	-9999.0000	-9999.0000	-9999.0000	-9999.0000	-9999.0000	19.4586	4	0	28.6749	1.0000	99	9	-9999.0000	9082	20567	-9999	2461	2370	-9999	558.1664	5	0.6841	0.6913	-0.0004	56.1351	3.4719	742.4985	481.6844	33.4259	673.6149	95.7176	741.3033	95.2778	749.6417	95.2315	757.3380	95.1852	
05/08/2017	16:02:10	011992	H421007126HLR	L421	S		704.5672	1.0292	10.0000	100.2737	40.8168	0.8430	0.8254	5.0000	19.4591	815.1270	94.9074	11.4595	25.5000	0.9300	0.9353	0.6913	-0.0004	815.0000	814.2321	1.0275	-3.8139	100.0679	40.1806	0.8230	0.8240	5.0000	-9999.0000	-9999.0000	-9999.0000	-9999.0000	-9999.0000	-9999.0000	19.5367	5	0	27.0197	1.0000	99	9	-9999.0000	9083	20568	-9999	2462	2371	-9999	559.6771	5	0.6841	0.6913	-0.0004	56.1351	3.4719	773.6171	510.2055	34.7685	690.4764	96.4352	762.2690	96.5278	773.5622	95.7870	778.2474	94.9769	
05/08/2017	16:02:37	011992	H421007123HLR	L421	S		695.5357	1.0292	10.0000	100.3253	40.8259	0.8430	0.8255	5.0000	19.5115	815.0770	94.8380	19.5197	25.5000	0.9300	0.9352	0.6920	-0.0005	815.0000	812.9344	1.0275	-3.6773	100.0716	40.1673	0.8230	0.8238	5.0000	-9999.0000	-9999.0000	-9999.0000	-9999.0000	-9999.0000	-9999.0000	20.2780	6	0	27.1783	1.0000	99	9	-9999.0000	9084	20569	-9999	2463	2372	-9999	556.5055	5	0.6836	0.6920	-0.0005	54.1684	3.5293	726.9419	493.6643	34.7454	666.9511	92.7546	725.8300	91.9444	735.6829	94.7917	746.6438	95.6944	
05/08/2017	16:03:04	011992	H421007455HLR	L421	S		672.1277	1.0292	10.0000	100.1889	40.8309	0.8430	0.8255	5.0000	19.0885	815.0997	94.9537	11.0992	25.5000	0.9300	0.9350	0.6920	-0.0005	815.0000	815.7179	1.0275	-3.9703	100.1292	40.1421	0.8230	0.8234	5.0000	-9999.0000	-9999.0000	-9999.0000	-9999.0000	-9999.0000	-9999.0000	22.2088	7	0	26.5642	1.0000	99	9	-9999.0000	9085	20570	-9999	2464	2373	-9999	559.7385	5	0.6836	0.6920	-0.0005	54.1684	3.5293	761.1290	459.2031	31.7361	679.6736	93.6806	759.7478	92.8009	770.0002	94.6065	780.4163	95.5324	
05/08/2017	16:03:32	011992	H421007150HLR	L421	S		698.8575	1.0292	10.0000	99.9883	40.7460	0.8430	0.8246	5.0000	23.6093	815.0646	94.8148	17.7200	25.4000	0.9300	0.9351	0.6927	-0.0005	815.0000	813.8294	1.0275	-3.7715	99.8721	40.2262	0.8230	0.8240	5.0000	-9999.0000	-9999.0000	-9999.0000	-9999.0000	-9999.0000	-9999.0000	19.5596	8	0	28.4245	1.0000	99	9	-9999.0000	9086	20571	-9999	2465	2374	-9999	557.5184	5	0.6848	0.6927	-0.0005	55.6344	3.4134	729.9671	453.3133	31.7593	662.0852	93.4722	729.0346	92.4306	738.1784	94.7917	748.5408	95.5324	
05/08/2017	16:04:27	011992	H421007149HLR	L421	S		705.8081	1.0292	10.0000	99.9706	40.7367	0.8430	0.8246	5.0000	23.7685	815.0668	94.9074	16.2093	25.3000	0.9300	0.9351	0.6915	-0.0004	815.0000	813.6098	1.0275	-3.7484	100.0033	40.1459	0.8230	0.8238	5.0000	-9999.0000	-9999.0000	-9999.0000	-9999.0000	-9999.0000	-9999.0000	19.4513	2	0	24.8586	1.0000	99	9	-9999.0000	9088	20572	-9999	2467	2375	-9999	558.5214	5	0.6849	0.6915	-0.0004	61.5480	3.0127	741.2337	413.0587	31.6667	668.1869	94.3750	739.7198	93.4259	748.3374	94.3519	757.4054	95.1620	
05/08/2017	16:04:55	011992	H421007120HLR	L421	S		707.6323	1.0292	10.0000	100.2341	40.8337	0.8430	0.8255	5.0000	19.0191	815.0992	94.9306	15.6498	25.2000	0.9300	0.9350	0.6909	-0.0004	815.0000	812.7619	1.0275	-3.6591	99.9288	40.1000	0.8230	0.8240	5.0000	-9999.0000	-9999.0000	-9999.0000	-9999.0000	-9999.0000	-9999.0000	19.5106	3	0	27.6526	1.0000	99	9	-9999.0000	9089	20573	-9999	2468	2376	-9999	558.4281	5	0.6850	0.6909	-0.0004	62.2755	2.9376	741.8282	483.1549	31.6898	673.2082	94.4444	741.2219	93.7963	747.4167	94.5139	755.6950	95.2778	
05/08/2017	16:05:23	011992	H421007130HLR	L421	S		704.0769	1.0292	10.0000	100.0649	40.7631	0.8430	0.8248	5.0000	22.2599	815.0923	94.7917	17.6585	25.2000	0.9300	0.9351	0.6905	-0.0003	815.0000	815.3269	1.0275	-3.9291	100.1034	40.0453	0.8230	0.8233	5.0000	-9999.0000	-9999.0000	-9999.0000	-9999.0000	-9999.0000	-9999.0000	22.5486	4	0	28.2857	1.0000	99	9	-9999.0000	9090	20574	-9999	2468	2377	-9999	558.3719	5	0.6852	0.6905	-0.0003	80.5850	1.9172	739.5293	470.6789	31.1111	666.5340	94.6296	738.4777	93.7963	746.0558	94.6065	753.5266	95.2546	
05/08/2017	16:05:48	011992	H421007117HLR	L421	S		695.0476	1.0292	10.0000	99.9748	40.7631	0.8430	0.8249	5.0000	21.1759	815.0721	94.8611	18.9797	25.1000	0.9300	0.9351	0.6904	-0.0003	815.0000	814.5027	1.0275	-3.8424	100.0649	40.1230	0.8230	0.8237	5.0000	-9999.0000	-9999.0000	-9999.0000	-9999.0000	-9999.0000	-9999.0000	20.5176	5	0	24.8965	1.0000	99	9	-9999.0000	9091	20575	-9999	2468	2378	-9999	558.0050	5	0.6856	0.6904	-0.0003	81.9769	1.8409	729.1070	484.9201	32.7546	656.5189	95.2778	727.8621	94.7917	736.5048	94.9769	742.9869	95.1620	
05/08/2017	16:06:44	011992	H421007097HLR	L421	S		702.3843	1.0292	10.0000	99.9837	40.7571	0.8430	0.8250	5.0000	20.6593	815.0333	94.8611	16.7191	25.0000	0.9300	0.9350	0.6917	-0.0004	815.0000	814.5931	1.0275	-3.8519	99.9832	39.9834	0.8230	0.8235	5.0000	-9999.0000	-9999.0000	-9999.0000	-9999.0000	-9999.0000	-9999.0000	19.7663	7	0	27.0998	1.0000	99	9	-9999.0000	9093	20575	-9999	2470	2379	-9999	558.9005	5	0.6857	0.6917	-0.0004	84.7545	1.6678	738.7927	455.7028	32.3611	664.3940	94.8611	737.3360	94.5139	745.6000	94.8611	752.3033	95.1389	
05/08/2017	16:07:17	011992	H421007086HLR	L421	S		702.8339	1.0292	10.0000	100.0504	40.7491	0.8430	0.8255	5.0000	18.6880	815.0699	94.7917	17.3197	24.9000	0.9300	0.9351	0.6914	-0.0003	815.0000	818.4265	1.0275	-4.0000	100.1245	39.9593	0.8230	0.8240	5.0000	-9999.0000	-9999.0000	-9999.0000	-9999.0000	-9999.0000	-9999.0000	19.7586	8	0	32.6078	1.0000	99	9	-9999.0000	9094	20576	-9999	2471	2380	-9999	558.8123	5	0.6857	0.6914	-0.0003	87.9688	1.4297	750.7812	441.7367	31.2731	665.7212	96.4120	742.0370	96.3889	750.8408	95.7639	755.1603	94.9306	
05/08/2017	16:07:48	011992	H421007138HLR	L421	S		644.2461	1.0292	10.0000	100.0052	40.7248	0.8430	0.8253	5.0000	19.6790	0.0000	0.0000	0.0000	0.0000	0.9300	0.0000	0.0000	0.0000	0.0000	651.6757	1.0275	-3.4076	99.8360	40.1000	0.8230	0.8244	5.0000	-9999.0000	-9999.0000	-9999.0000	-9999.0000	-9999.0000	-9999.0000	19.8101	1	7	31.6296	1.0000	99	9	-9999.0000	9095	0	-9999	2472	2381	-9999	0.0000	0	0.0000	0.0000	0.0000	0.0000	0.0000	0.0000	0.0000	0.0000	0.0000	0.0000	0.0000	0.0000	0.0000	0.0000	0.0000	0.0000	
05/08/2017	16:08:14	011992	H421007102HLR	L421	S		701.6644	1.0292	10.0000	100.0711	40.7024	0.8430	0.8254	5.0000	18.6920	815.0755	94.8148	18.0091	24.8000	0.9300	0.9350	0.6907	-0.0003	815.0000	818.0694	1.0275	-4.0000	100.0213	40.0770	0.8230	0.8234	5.0000	-9999.0000	-9999.0000	-9999.0000	-9999.0000	-9999.0000	-9999.0000	21.1474	2	0	25.9287	1.0000	99	9	-9999.0000	9096	20577	-9999	2473	2382	-9999	558.8257	5	0.6861	0.6907	-0.0003	88.7793	1.3772	733.1542	468.3497	31.9444	664.2207	92.4074	732.1012	91.8287	741.4073	94.6065	754.4670	95.7176	
05/08/2017	16:08:44	011992	H421007095HLR	L421	S		707.2568	1.0292	10.0000	99.9871	40.6513	0.8430	0.8254	5.0000	18.4993	815.1001	94.9306	16.1596	24.8000	0.9300	0.9351	0.6907	-0.0003	815.0000	814.8148	1.0275	-3.8752	100.0955	39.9455	0.8230	0.8233	5.0000	-9999.0000	-9999.0000	-9999.0000	-9999.0000	-9999.0000	-9999.0000	22.3886	3	0	30.0790	1.0000	99	9	-9999.0000	9097	20578	-9999	2474	2383	-9999	559.2193	5	0.6861	0.6907	-0.0003	88.7793	1.3772	737.8202	469.9984	32.0833	665.6818	93.4259	736.4968	92.6157	744.0448	94.4213	754.5773	95.3704	
05/08/2017	16:09:14	011992	H421007090HLR	L421	Q		694.5439	1.0292	10.0000	99.9579	40.5934	0.8430	0.8252	5.0000	19.6886	815.0589	94.9306	21.7394	24.8000	0.9300	0.9352	0.6903	-0.0003	815.0000	819.7413	1.0275	-4.0000	99.9992	39.9428	0.8230	0.8232	5.0000	-9999.0000	-9999.0000	-9999.0000	-9999.0000	-9999.0000	-9999.0000	21.6586	4	0	29.6594	1.0000	99	9	-9999.0000	9098	20579	-9999	2475	2384	-9999	557.7268	5	0.6856	0.6903	-0.0003	90.7797	1.3020	728.1265	485.3883	32.7315	658.4051	94.0046	726.8286	93.3102	735.2225	94.5833	743.6737	95.2315	
05/08/2017	16:09:44	011992	H421007073HLR	L421	Q		684.1791	1.0292	10.0000	100.2274	40.5571	0.8430	0.8254	5.0000	18.9895	815.1347	94.9074	20.7190	24.9000	0.9300	0.9354	0.6900	-0.0003	815.0000	819.1810	1.0275	-4.0000	100.0282	40.0878	0.8230	0.8236	5.0000	-9999.0000	-9999.0000	-9999.0000	-9999.0000	-9999.0000	-9999.0000	20.6450	5	0	29.8686	1.0000	99	9	-9999.0000	9099	20580	-9999	2476	2385	-9999	558.0561	5	0.6852	0.6900	-0.0003	53.4661	3.4164	729.0655	486.4062	34.8611	663.0692	94.7917	727.5699	94.6759	736.6634	94.9306	744.2929	95.1389	
05/08/2017	16:10:12	011992	H421007077HLR	L421	S		640.3225	1.0292	10.0000	100.1762	40.4992	0.8430	0.8255	5.0000	18.7991	0.0000	0.0000	0.0000	0.0000	0.9300	0.0000	0.0000	0.0000	0.0000	654.1453	1.0275	-3.3750	99.9536	40.0790	0.8230	0.8242	5.0000	-9999.0000	-9999.0000	-9999.0000	-9999.0000	-9999.0000	-9999.0000	19.2418	6	7	28.7687	1.0000	99	9	-9999.0000	9100	0	-9999	2477	2385	-9999	0.0000	0	0.0000	0.0000	0.0000	0.0000	0.0000	0.0000	0.0000	0.0000	0.0000	0.0000	0.0000	0.0000	0.0000	0.0000	0.0000	0.0000	
05/08/2017	16:10:44	011992	H421007100HLR	L421	S		687.8401	1.0292	10.0000	100.1901	40.4160	0.8430	0.8254	5.0000	18.8984	815.1170	94.8843	19.1096	24.8000	0.9300	0.9352	0.7042	-0.0011	815.0000	814.3861	1.0275	-3.8301	100.1667	40.0579	0.8230	0.8239	5.0000	-9999.0000	-9999.0000	-9999.0000	-9999.0000	-9999.0000	-9999.0000	20.0492	7	0	31.5981	1.0000	99	9	-9999.0000	9101	20581	-9999	2478	2386	-9999	557.7422	5	0.6848	0.7042	-0.0011	54.5902	3.3485	716.4095	446.9136	32.2222	530.8407	94.5602	715.2535	94.0741	725.5910	94.6296	732.7657	95.1852	
05/08/2017	16:11:14	011992	H421007081HLR	L421	S		693.0955	1.0292	10.0000	100.1652	40.3417	0.8430	0.8255	5.0000	18.8798	815.0531	94.8611	18.8792	24.9000	0.9300	0.9354	0.7046	-0.0011	815.0000	814.5219	1.0275	-3.8444	99.9521	40.1000	0.8230	0.8238	5.0000	-9999.0000	-9999.0000	-9999.0000	-9999.0000	-9999.0000	-9999.0000	20.1213	8	0	29.9794	1.0000	99	9	-9999.0000	9102	20581	-9999	2478	2387	-9999	557.1923	5	0.6844	0.7046	-0.0011	55.1128	3.3101	716.1283	476.7499	32.1528	647.0530	94.6296	714.9371	94.3519	721.9347	94.8148	729.9649	95.0463	
05/08/2017	16:11:45	011992	H421007093HLR	L421	S		693.0304	1.0292	10.0000	100.1885	40.3253	0.8430	0.8255	5.0000	18.9393	815.0560	94.8148	18.9192	25.0000	0.9300	0.9354	0.7046	-0.0011	815.0000	813.4051	1.0275	-3.7268	99.9738	40.1224	0.8230	0.8239	5.0000	-9999.0000	-9999.0000	-9999.0000	-9999.0000	-9999.0000	-9999.0000	19.6987	1	0	30.5583	1.0000	99	9	-9999.0000	9103	20581	-9999	2478	2388	-9999	557.0776	5	0.6844	0.7046	-0.0011	55.1128	3.3101	716.0830	461.7838	32.1296	645.4600	95.2083	714.4795	94.9306	723.7343	95.0694	730.1610	95.0926	
05/08/2017	16:12:13	011992	H421005903HLR	L421	S		689.8124	1.0292	10.0000	100.1978	40.2914	0.8430	0.8255	5.0000	18.9690	815.0982	94.8148	17.8294	25.0000	0.9300	0.9354	0.7046	-0.0011	815.0000	815.2406	1.0275	-3.9201	100.0413	40.1128	0.8230	0.8238	5.0000	-9999.0000	-9999.0000	-9999.0000	-9999.0000	-9999.0000	-9999.0000	19.9613	2	0	28.6494	1.0000	99	9	-9999.0000	9104	20582	-9999	2479	2389	-9999	558.1111	5	0.6843	0.7046	-0.0011	15.8445	5.6645	720.4881	459.9582	31.7824	641.8232	94.4444	718.9688	93.8194	727.3452	94.4907	736.0673	95.2778	
05/08/2017	16:12:43	011992	H421005886HLR	L421	S		696.3360	1.0292	10.0000	100.1680	40.2752	0.8430	0.8255	5.0000	18.9093	815.1079	94.9306	20.6193	25.1000	0.9300	0.9354	0.7016	-0.0010	815.0000	815.3362	1.0275	-3.9301	100.1452	40.1008	0.8230	0.8238	5.0000	-9999.0000	-9999.0000	-9999.0000	-9999.0000	-9999.0000	-9999.0000	20.6178	3	0	30.0886	1.0000	99	9	-9999.0000	9105	20583	-9999	2479	2390	-9999	555.5650	5	0.6840	0.7016	-0.0010	19.1480	5.4540	717.8493	448.1347	32.6389	643.3012	94.2593	716.6828	93.6574	725.2522	94.4907	733.5705	95.3935	
05/08/2017	16:13:12	011992	H421007108HLR	L421	S		691.3961	1.0292	10.0000	100.1864	40.2583	0.8430	0.8255	5.0000	19.0392	815.0988	94.8380	19.0793	25.1000	0.9300	0.9354	0.7009	-0.0009	815.0000	812.9148	1.0275	-3.6752	100.1541	40.1156	0.8230	0.8239	5.0000	-9999.0000	-9999.0000	-9999.0000	-9999.0000	-9999.0000	-9999.0000	19.9743	4	0	28.8494	1.0000	99	9	-9999.0000	9106	20584	-9999	2479	2391	-9999	557.1407	5	0.6840	0.7009	-0.0009	19.6018	5.4490	716.9657	458.3967	32.8704	644.5402	95.0231	715.7103	94.5833	724.9862	94.8611	732.8298	95.1620	
05/08/2017	16:13:41	011992	H421007068HLR	L421	S		690.6114	1.0292	10.0000	100.0009	40.2633	0.8430	0.8257	5.0000	18.5683	815.0929	94.8611	19.5393	25.1000	0.9300	0.9353	0.7027	-0.0010	815.0000	813.8136	1.0275	-3.7699	100.1555	40.0497	0.8230	0.8231	5.0000	-9999.0000	-9999.0000	-9999.0000	-9999.0000	-9999.0000	-9999.0000	23.7884	5	0	29.1386	1.0000	99	9	-9999.0000	9107	20585	-9999	2479	2392	-9999	556.9092	5	0.6839	0.7027	-0.0010	18.3587	5.5689	720.5810	465.1744	32.7778	645.5415	95.6713	719.2648	95.4630	728.1971	95.3009	733.7256	95.0926	
05/08/2017	16:14:10	011992	H421007078HLR	L421	S		694.8539	1.0292	10.0000	100.2134	40.2627	0.8430	0.8256	5.0000	19.0490	815.1081	94.7222	17.8284	25.1000	0.9300	0.9353	0.7027	-0.0010	815.0000	814.0071	1.0275	-3.7902	100.1405	40.1032	0.8230	0.8240	5.0000	-9999.0000	-9999.0000	-9999.0000	-9999.0000	-9999.0000	-9999.0000	19.5802	6	0	28.5693	1.0000	99	9	-9999.0000	9108	20586	-9999	2480	2393	-9999	558.2333	5	0.6839	0.7027	-0.0010	18.3587	5.5689	719.4190	453.7337	31.6898	646.1624	94.2593	718.4113	93.3102	727.6305	94.5833	737.2241	95.3935	
05/08/2017	16:14:43	011992	H421005904HLR	L421	S		697.5863	1.0292	10.0000	100.0977	40.2663	0.8430	0.8255	5.0000	19.3641	815.0861	94.9074	19.0901	25.1000	0.9300	0.9352	0.7043	-0.0011	815.0000	816.1591	1.0275	-4.0000	100.1293	40.1176	0.8230	0.8235	5.0000	-9999.0000	-9999.0000	-9999.0000	-9999.0000	-9999.0000	-9999.0000	21.0291	7	0	33.2487	1.0000	99	9	-9999.0000	9109	20587	-9999	2481	2394	-9999	557.0438	5	0.6837	0.7043	-0.0011	65.6357	2.9384	722.8915	450.1594	31.5509	646.5194	94.8380	721.7900	93.9815	731.2588	94.6065	737.8814	95.1852	
05/08/2017	16:15:10	011992	H421006079HLR	L421	S		695.2455	1.0292	10.0000	100.0907	40.2784	0.8430	0.8257	5.0000	18.8091	815.0536	94.8380	17.9593	25.1000	0.9300	0.9352	0.7043	-0.0011	815.0000	814.8213	1.0275	-3.8759	100.0774	40.0649	0.8230	0.8232	5.0000	-9999.0000	-9999.0000	-9999.0000	-9999.0000	-9999.0000	-9999.0000	22.5570	8	0	27.3084	1.0000	99	9	-9999.0000	9110	20588	-9999	2482	2395	-9999	558.1988	5	0.6837	0.7043	-0.0011	65.6357	2.9384	721.4887	468.1685	32.1065	647.3891	95.2315	720.2302	94.7917	729.2795	94.9537	737.4920	95.1389	
05/08/2017	16:15:38	011992	H421005896HLR	L421	S		694.3002	1.0292	10.0000	100.0131	40.2425	0.8430	0.8250	5.0000	21.4298	815.0797	94.8148	18.1497	25.0000	0.9300	0.9352	0.7115	-0.0014	815.0000	815.1838	1.0275	-3.9141	100.0441	40.1000	0.8230	0.8237	5.0000	-9999.0000	-9999.0000	-9999.0000	-9999.0000	-9999.0000	-9999.0000	20.3487	1	0	27.0889	1.0000	99	9	-9999.0000	9111	20589	-9999	2483	2396	-9999	558.5090	5	0.6837	0.7115	-0.0014	111.6378	0.5699	718.7892	474.3986	33.7963	647.6021	95.1852	717.5766	94.7454	726.5181	94.9306	734.4338	95.1852	
05/08/2017	16:16:05	011992	H421005916HLR	L421	S		686.5252	1.0292	10.0000	100.1836	40.2847	0.8430	0.8256	5.0000	19.0101	815.1389	94.8148	17.7386	24.9000	0.9300	0.9352	0.7115	-0.0014	815.0000	817.8201	1.0275	-4.0000	100.0833	40.0679	0.8230	0.8232	5.0000	-9999.0000	-9999.0000	-9999.0000	-9999.0000	-9999.0000	-9999.0000	22.6393	2	0	27.2694	1.0000	99	9	-9999.0000	9112	20590	-9999	2484	2397	-9999	559.3868	5	0.6837	0.7115	-0.0014	111.6378	0.5699	718.4259	450.2328	32.7546	644.7704	95.0926	717.1657	94.8380	727.4510	95.0000	734.1919	95.1157	
05/08/2017	16:16:30	011992	H421005887HLR	L421	S		694.5014	1.0292	10.0000	100.1658	40.2882	0.8430	0.8255	5.0000	19.3193	815.0656	94.9074	22.2794	24.9000	0.9300	0.9352	0.7055	-0.0011	815.0000	815.6819	1.0275	-3.9665	100.0929	40.0483	0.8230	0.8231	5.0000	-9999.0000	-9999.0000	-9999.0000	-9999.0000	-9999.0000	-9999.0000	23.7884	3	0	25.6690	1.0000	99	9	-9999.0000	9113	20591	-9999	2485	2398	-9999	553.9869	5	0.6843	0.7055	-0.0011	128.5927	-0.3837	709.0810	475.2508	33.0324	640.1908	95.1157	707.9311	94.7685	716.2440	95.0231	721.9915	95.1389	
05/08/2017	16:16:55	011992	H421007386HLR	L421	S		703.3067	1.0292	10.0000	100.1995	40.2914	0.8430	0.8256	5.0000	18.9666	815.0681	94.9306	16.4994	24.9000	0.9300	0.9353	0.7055	-0.0011	815.0000	815.7575	1.0275	-3.9745	99.9803	40.1198	0.8230	0.8239	5.0000	-9999.0000	-9999.0000	-9999.0000	-9999.0000	-9999.0000	-9999.0000	19.3484	4	0	24.7987	1.0000	99	9	-9999.0000	9114	20592	-9999	2486	2399	-9999	559.9994	5	0.6843	0.7055	-0.0011	128.5927	-0.3837	726.0648	478.8704	32.1296	652.5253	94.7917	724.6335	94.0972	734.1338	94.5833	743.5570	95.1389	
05/08/2017	16:17:24	011992	H421007387HLR	L421	S		706.8222	1.0292	10.0000	100.1833	40.2942	0.8430	0.8256	5.0000	18.9090	815.1005	94.9306	16.0697	24.8000	0.9300	0.9352	0.7065	-0.0012	815.0000	817.9507	1.0275	-4.0000	100.1164	40.0972	0.8230	0.8234	5.0000	-9999.0000	-9999.0000	-9999.0000	-9999.0000	-9999.0000	-9999.0000	21.0108	5	0	29.1885	1.0000	99	9	-9999.0000	9115	20593	-9999	2487	2400	-9999	560.4991	5	0.6843	0.7065	-0.0012	127.4193	-0.3565	730.3780	443.9378	30.8333	655.9451	95.0926	728.9675	94.3981	738.1610	94.8380	746.1647	95.1852	
05/08/2017	16:17:53	011992	H421007371HLR	L421	S		697.0535	1.0292	10.0000	100.1055	40.2669	0.8430	0.8256	5.0000	18.9095	815.0800	94.9306	16.0599	24.7000	0.9300	0.9352	0.7030	-0.0010	815.0000	817.7949	1.0275	-4.0000	100.1632	40.0321	0.8230	0.8231	5.0000	-9999.0000	-9999.0000	-9999.0000	-9999.0000	-9999.0000	-9999.0000	22.4490	6	0	28.2599	1.0000	99	9	-9999.0000	9116	20594	-9999	2488	2401	-9999	560.0127	5	0.6843	0.7030	-0.0010	129.5122	-0.4681	731.4637	482.1107	33.3565	576.8011	94.6991	730.2320	93.9583	739.0966	94.6528	748.2855	95.3241	
05/08/2017	16:18:21	011992	H421007324HLR	L421	S		713.4202	1.0292	10.0000	100.1945	40.2529	0.8430	0.8256	5.0000	18.9592	815.1060	94.9769	14.8100	24.6000	0.9300	0.9352	0.7079	-0.0013	815.0000	820.1119	1.0275	-4.0000	100.1206	40.1112	0.8230	0.8239	5.0000	-9999.0000	-9999.0000	-9999.0000	-9999.0000	-9999.0000	-9999.0000	19.0414	7	0	28.1188	1.0000	99	9	-9999.0000	9117	20595	-9999	2489	2401	-9999	561.7089	5	0.6837	0.7079	-0.0013	131.0893	-0.5045	735.8960	478.3044	31.4583	660.4522	95.1620	735.0670	94.5833	744.3608	94.8843	753.5209	95.1852	
05/08/2017	16:18:46	011992	H421007364HLR	L421	S		715.6434	1.0292	10.0000	100.1164	40.2345	0.8430	0.8255	5.0000	19.0582	815.0464	94.9074	13.7592	24.6000	0.9300	0.9352	0.7076	-0.0013	815.0000	820.1678	1.0275	-4.0000	100.0113	40.1136	0.8230	0.8235	5.0000	-9999.0000	-9999.0000	-9999.0000	-9999.0000	-9999.0000	-9999.0000	20.0485	8	0	24.9082	1.0000	99	9	-9999.0000	9118	20596	-9999	2490	2402	-9999	562.6881	5	0.6839	0.7076	-0.0013	110.3927	0.5044	741.9217	472.8834	32.6852	665.2168	95.5324	740.5758	95.0694	749.9202	95.1620	757.1075	95.1852	
05/08/2017	16:19:11	011992	H421007339HLR	L421	S		696.9731	1.0292	10.0000	100.1780	40.1811	0.8430	0.8255	5.0000	18.9709	815.0452	94.8380	18.2991	24.5000	0.9300	0.9353	0.7033	-0.0010	815.0000	817.9762	1.0275	-4.0000	99.9918	40.0603	0.8230	0.8235	5.0000	-9999.0000	-9999.0000	-9999.0000	-9999.0000	-9999.0000	-9999.0000	20.3484	1	0	24.9092	1.0000	99	9	-9999.0000	9119	20597	-9999	2491	2403	-9999	557.9021	5	0.6843	0.7033	-0.0010	60.3902	3.2161	721.9067	464.4601	32.4537	647.4486	95.3704	720.5897	94.7454	728.8721	95.0000	735.3295	95.1852	
05/08/2017	16:19:40	011992	H421007356HLR	L421	S		694.6388	1.0292	10.0000	100.1773	40.1475	0.8430	0.8256	5.0000	18.9494	815.0642	94.8380	17.4192	24.6000	0.9300	0.9355	0.6993	-0.0008	815.0000	816.8954	1.0275	-4.0000	100.1792	40.1000	0.8230	0.8238	5.0000	-9999.0000	-9999.0000	-9999.0000	-9999.0000	-9999.0000	-9999.0000	19.8084	2	0	29.4090	1.0000	99	9	-9999.0000	9120	20598	-9999	2492	2404	-9999	558.3342	5	0.6843	0.6993	-0.0008	89.1127	1.6178	733.9090	457.3088	33.4028	651.0913	96.3194	724.7736	96.2037	734.3889	95.7639	740.8492	95.0231	
05/08/2017	16:20:06	011992	H421007359HLR	L421	S		694.6852	1.0292	10.0000	100.2068	40.1359	0.8430	0.8256	5.0000	18.8390	815.1209	94.8148	17.2298	24.7000	0.9300	0.9354	0.6993	-0.0008	815.0000	816.8205	1.0275	-4.0000	99.9836	40.1334	0.8230	0.8238	5.0000	-9999.0000	-9999.0000	-9999.0000	-9999.0000	-9999.0000	-9999.0000	19.9665	3	0	25.9192	1.0000	99	9	-9999.0000	9121	20599	-9999	2493	2405	-9999	558.2166	5	0.6843	0.6993	-0.0008	89.1127	1.6178	724.2034	489.7522	31.9907	652.9778	93.4954	722.9716	92.4537	732.8280	94.6296	743.5916	95.6250	
05/08/2017	16:20:34	011992	H421007358HLR	L421	S		711.3648	1.0292	10.0000	100.2055	40.1074	0.8430	0.8256	5.0000	18.9593	815.0889	94.8843	14.1499	24.8000	0.9300	0.9354	0.6971	-0.0007	815.0000	815.6593	1.0275	-3.9641	100.1097	40.1098	0.8230	0.8235	5.0000	-9999.0000	-9999.0000	-9999.0000	-9999.0000	-9999.0000	-9999.0000	20.2838	4	0	28.4390	1.0000	99	9	-9999.0000	9122	20600	-9999	2494	2406	-9999	559.7457	5	0.6843	0.6971	-0.0007	78.7380	2.1529	746.1537	467.4672	31.4815	671.8942	95.0000	745.0342	94.6065	753.1770	94.9074	759.8407	95.1389	
05/08/2017	16:21:01	011992	H421007344HLR	L421	S		712.5611	1.0292	10.0000	100.1868	40.0908	0.8430	0.8256	5.0000	18.9781	815.0610	94.9306	13.9487	24.8000	0.9300	0.9354	0.6976	-0.0008	815.0000	815.5941	1.0275	-3.9573	100.0919	40.0259	0.8230	0.8232	5.0000	-9999.0000	-9999.0000	-9999.0000	-9999.0000	-9999.0000	-9999.0000	22.0595	5	0	26.8087	1.0000	99	9	-9999.0000	9123	20601	-9999	2495	2407	-9999	559.8280	5	0.6843	0.6976	-0.0008	49.8444	3.8709	749.0080	463.4839	31.8519	672.3504	95.9954	747.8246	95.9028	754.8475	95.5556	761.4404	95.0694	
05/08/2017	16:21:27	011992	H421007048HLR	L421	S		692.4693	1.0292	10.0000	100.0716	40.0687	0.8430	0.8256	5.0000	18.7781	815.0635	94.8148	18.4993	24.9000	0.9300	0.9353	0.6981	-0.0008	815.0000	812.6690	1.0275	-3.6494	99.9877	40.1284	0.8230	0.8239	5.0000	-9999.0000	-9999.0000	-9999.0000	-9999.0000	-9999.0000	-9999.0000	19.7585	6	0	25.8896	1.0000	99	9	-9999.0000	9124	20602	-9999	2496	2408	-9999	556.7072	5	0.6839	0.6981	-0.0008	33.8695	5.0452	723.2052	453.5969	30.9259	651.4878	94.4907	721.8944	93.6574	730.7827	94.5370	738.5758	95.2546	
05/08/2017	16:21:55	011992	H421007328HLR	L421	S		708.5699	1.0292	10.0000	99.9558	40.0631	0.8430	0.8252	5.0000	20.5987	815.0796	94.9306	14.9692	25.0000	0.9300	0.9353	0.6981	-0.0008	815.0000	815.4277	1.0275	-3.9398	100.1334	40.1527	0.8230	0.8240	5.0000	-9999.0000	-9999.0000	-9999.0000	-9999.0000	-9999.0000	-9999.0000	19.4992	7	0	28.2089	1.0000	99	9	-9999.0000	9125	20603	-9999	2497	2409	-9999	558.8318	5	0.6839	0.6981	-0.0008	33.8695	5.0452	738.8545	466.2106	32.5231	666.7358	94.0741	737.5412	93.2176	747.2185	94.6296	756.6428	95.3935	
05/08/2017	16:22:22	011992	H421007346HLR	L421	S		703.3580	1.0292	10.0000	99.9355	40.0876	0.8430	0.8253	5.0000	20.0503	815.0817	94.8148	17.5394	25.0000	0.9300	0.9353	0.6980	-0.0008	815.0000	815.6853	1.0275	-3.9669	100.1506	40.1267	0.8230	0.8239	5.0000	-9999.0000	-9999.0000	-9999.0000	-9999.0000	-9999.0000	-9999.0000	19.4089	8	0	26.9387	1.0000	99	9	-9999.0000	9126	20604	-9999	2498	2410	-9999	556.9277	5	0.6842	0.6980	-0.0008	41.1996	4.5211	734.8342	477.9878	31.8981	662.8121	95.5093	733.7917	95.1157	742.3595	95.2083	748.7642	95.2083	
05/08/2017	16:22:48	011992	H421007362HLR	L421	S		704.3489	1.0292	10.0000	100.1726	40.0960	0.8430	0.8256	5.0000	19.0593	815.0656	94.9537	15.4594	25.1000	0.9300	0.9353	0.6981	-0.0008	815.0000	813.9146	1.0275	-3.7805	100.1051	40.0669	0.8230	0.8232	5.0000	-9999.0000	-9999.0000	-9999.0000	-9999.0000	-9999.0000	-9999.0000	22.2885	1	0	25.8093	1.0000	99	9	-9999.0000	9127	20605	-9999	2499	2411	-9999	558.4044	5	0.6849	0.6981	-0.0008	39.1996	4.6412	739.0637	475.7729	33.8889	666.7257	95.0231	737.8486	94.5602	746.7920	94.9074	753.8947	95.1620	
05/08/2017	16:23:17	011992	H421007342HLR	L421	S		712.5691	1.0292	10.0000	99.9773	40.0315	0.8430	0.8247	5.0000	23.4892	815.0639	94.9537	14.4594	25.1000	0.9300	0.9352	0.6982	-0.0009	815.0000	815.2367	1.0275	-3.9197	100.1327	40.1000	0.8230	0.8234	5.0000	-9999.0000	-9999.0000	-9999.0000	-9999.0000	-9999.0000	-9999.0000	21.7487	2	0	28.5390	1.0000	99	9	-9999.0000	9128	20606	-9999	2499	2412	-9999	559.0654	5	0.6848	0.6982	-0.0009	44.6219	4.2706	746.7060	464.0962	31.4815	671.8089	94.7222	745.8886	93.9583	752.9418	94.6296	760.4784	95.2778	
05/08/2017	16:23:45	011992	H421007028HLR	L421	S		695.4196	1.0292	10.0000	99.9819	40.0373	0.8430	0.8249	5.0000	22.6980	815.0555	94.8148	17.2894	25.1000	0.9300	0.9352	0.6987	-0.0009	815.0000	811.8569	1.0275	-3.5639	100.1213	40.1273	0.8230	0.8234	5.0000	-9999.0000	-9999.0000	-9999.0000	-9999.0000	-9999.0000	-9999.0000	21.8978	3	0	28.6083	1.0000	99	9	-9999.0000	9129	20607	-9999	2500	2413	-9999	556.9811	5	0.6846	0.6987	-0.0009	51.9551	3.7057	729.5802	469.1611	32.2685	656.7243	94.8148	728.3728	94.0741	737.9213	94.6296	744.7444	95.2315	
05/08/2017	16:24:12	011992	H421007030HLR	L421	S		698.3355	1.0292	10.0000	100.3627	40.1413	0.8430	0.8257	5.0000	19.2287	815.1380	94.9074	16.0687	25.2000	0.9300	0.9352	0.6987	-0.0009	815.0000	810.7344	1.0275	-3.4457	100.0910	40.1487	0.8230	0.8233	5.0000	-9999.0000	-9999.0000	-9999.0000	-9999.0000	-9999.0000	-9999.0000	21.9987	4	0	26.8290	1.0000	99	9	-9999.0000	9130	20608	-9999	2501	2414	-9999	557.8897	5	0.6846	0.6987	-0.0009	51.9551	3.7057	732.3942	482.5293	33.1250	661.8394	95.3241	731.2884	94.8611	740.1814	95.0463	747.8946	95.1389	
05/08/2017	16:24:40	011992	H421007040HLR	L421	S		701.6874	1.0292	10.0000	100.4148	40.2234	0.8430	0.8256	5.0000	19.3088	815.0716	94.9306	14.8793	25.3000	0.9300	0.9351	0.6993	-0.0009	815.0000	811.3686	1.0275	-3.5125	100.1031	40.2413	0.8230	0.8240	5.0000	-9999.0000	-9999.0000	-9999.0000	-9999.0000	-9999.0000	-9999.0000	19.2691	5	0	27.4589	1.0000	99	9	-9999.0000	9131	20609	-9999	2501	2415	-9999	558.8031	5	0.6847	0.6993	-0.0009	51.8964	3.7158	738.5842	478.8243	33.3796	665.5692	94.8843	737.3111	94.3056	746.1174	94.7454	754.5034	95.1620	
05/08/2017	16:25:13	011992	H421007318HLR	L421	S		697.5309	1.0292	10.0000	100.3943	40.2180	0.8430	0.8255	5.0000	20.0394	815.0722	94.8148	17.7190	25.3000	0.9300	0.9351	0.6997	-0.0010	815.0000	811.1479	1.0275	-3.4893	99.9742	40.2395	0.8230	0.8239	5.0000	-9999.0000	-9999.0000	-9999.0000	-9999.0000	-9999.0000	-9999.0000	19.3786	6	0	33.0485	1.0000	99	9	-9999.0000	9132	20610	-9999	2502	2416	-9999	556.6125	5	0.6847	0.6997	-0.0010	43.4697	4.2511	727.4286	465.8109	32.6389	658.2202	95.1852	725.9548	94.6065	734.9720	94.9074	742.2196	95.1852	
05/08/2017	16:25:42	011992	H421007338HLR	L421	S		703.0542	1.0292	10.0000	100.3512	40.2587	0.8430	0.8256	5.0000	19.2891	815.0587	94.8843	16.9701	25.3000	0.9300	0.9351	0.6940	-0.0006	815.0000	813.4205	1.0275	-3.7285	100.1727	40.2585	0.8230	0.8240	5.0000	-9999.0000	-9999.0000	-9999.0000	-9999.0000	-9999.0000	-9999.0000	19.2088	7	0	29.2293	1.0000	99	9	-9999.0000	9133	20611	-9999	2503	2417	-9999	558.0042	5	0.6851	0.6940	-0.0006	49.2970	3.8563	740.0868	469.3692	33.0556	667.1101	96.0880	738.8959	95.8565	746.6802	95.5324	753.1819	95.1389	
05/08/2017	16:26:12	011992	H421007037HLR	L421	S		699.9988	1.0292	10.0000	100.0351	40.1659	0.8430	0.8247	5.0000	25.2786	815.0966	94.9306	15.9496	25.3000	0.9300	0.9350	0.6922	-0.0004	815.0000	812.1986	1.0275	-3.5999	100.1424	40.1721	0.8230	0.8233	5.0000	-9999.0000	-9999.0000	-9999.0000	-9999.0000	-9999.0000	-9999.0000	22.0787	8	0	29.7220	1.0000	99	9	-9999.0000	9134	20612	-9999	2504	2418	-9999	558.7922	5	0.6855	0.6922	-0.0004	48.6480	3.9042	741.6601	458.7101	32.8935	669.2146	95.6019	740.0783	95.2083	749.1042	95.2315	755.4477	95.1620	
05/08/2017	16:26:39	011992	H421007049HLR	L421	S		704.4630	1.0292	10.0000	100.1956	40.3000	0.8430	0.8256	5.0000	19.3995	815.1039	94.9074	16.4896	25.2000	0.9300	0.9350	0.6889	-0.0002	815.0000	811.9314	1.0275	-3.5717	100.1112	40.1936	0.8230	0.8233	5.0000	-9999.0000	-9999.0000	-9999.0000	-9999.0000	-9999.0000	-9999.0000	22.4244	1	0	27.1254	1.0000	99	9	-9999.0000	9135	20613	-9999	2505	2419	-9999	559.1502	5	0.6860	0.6889	-0.0002	50.1891	3.8194	744.0964	469.3164	31.7593	671.3961	95.0231	743.0472	94.3519	750.1604	94.8380	756.8674	95.1620	
05/08/2017	16:27:06	011992	H421007050HLR	L421	S		695.1186	1.0292	10.0000	100.4248	40.3796	0.8430	0.8257	5.0000	19.2387	815.0609	94.9074	22.2296	25.2000	0.9300	0.9350	0.6927	-0.0004	815.0000	819.2543	1.0275	-4.0000	99.9627	40.2471	0.8230	0.8237	5.0000	-9999.0000	-9999.0000	-9999.0000	-9999.0000	-9999.0000	-9999.0000	19.8553	2	0	27.2597	1.0000	99	9	-9999.0000	9136	20614	-9999	2506	2420	-9999	558.3580	5	0.6860	0.6927	-0.0004	61.3657	3.0523	731.7948	458.0816	31.6898	657.0060	95.0000	730.7354	94.2130	738.9744	94.7454	746.2939	95.1620	
05/08/2017	16:27:35	011992	H421007052HLR	L421	S		688.9881	1.0292	10.0000	99.9656	40.3467	0.8430	0.8250	5.0000	22.0695	815.1140	94.8148	18.2200	25.3000	0.9300	0.9351	0.6927	-0.0004	815.0000	813.3772	1.0275	-3.7239	100.1613	40.2453	0.8230	0.8237	5.0000	-9999.0000	-9999.0000	-9999.0000	-9999.0000	-9999.0000	-9999.0000	19.9879	3	0	29.1081	1.0000	99	9	-9999.0000	9137	20615	-9999	2507	2421	-9999	558.6368	5	0.6860	0.6927	-0.0004	61.3657	3.0523	741.6192	466.2709	32.6157	654.3052	96.4352	732.1504	96.3889	741.7511	95.7639	745.5179	94.8611	
05/08/2017	16:28:03	011992	H421007051HLR	L421	S		694.6593	1.0292	10.0000	100.1090	40.4848	0.8430	0.8257	5.0000	18.9386	815.0506	94.8148	18.8294	25.2000	0.9300	0.9349	0.6940	-0.0005	815.0000	814.3022	1.0275	-3.8213	100.1421	40.1814	0.8230	0.8232	5.0000	-9999.0000	-9999.0000	-9999.0000	-9999.0000	-9999.0000	-9999.0000	21.9285	4	0	28.0413	1.0000	99	9	-9999.0000	9138	20616	-9999	2508	2422	-9999	558.3845	5	0.6863	0.6940	-0.0005	70.0150	2.5159	725.6368	475.8049	31.6667	653.9149	93.6574	724.3418	92.8241	733.7931	94.4676	742.3072	95.3472	
05/08/2017	16:28:31	011992	H421006999HLR	L421	S		716.2736	1.0292	10.0000	99.9577	40.4281	0.8430	0.8247	5.0000	22.9939	815.1068	94.8611	13.8198	25.2000	0.9300	0.9349	0.6966	-0.0006	815.0000	816.7926	1.0275	-4.0000	100.0297	40.2465	0.8230	0.8238	5.0000	-9999.0000	-9999.0000	-9999.0000	-9999.0000	-9999.0000	-9999.0000	19.5583	5	0	27.4870	1.0000	99	9	-9999.0000	9139	20617	-9999	2508	2423	-9999	561.0852	5	0.6866	0.6966	-0.0006	72.9800	2.3160	750.5390	461.6256	32.8935	676.5670	93.4954	749.4023	92.6852	756.9845	94.5139	765.2778	95.4167	
05/08/2017	16:28:59	011992	H421006988HLR	L421	S		713.7971	1.0292	10.0000	99.9772	40.4299	0.8430	0.8246	5.0000	23.7891	815.0366	94.9074	12.6196	25.2000	0.9300	0.9349	0.7017	-0.0009	815.0000	821.9976	1.0275	-4.0000	100.1639	40.2323	0.8230	0.8236	5.0000	-9999.0000	-9999.0000	-9999.0000	-9999.0000	-9999.0000	-9999.0000	19.8897	6	0	28.2089	1.0000	99	9	-9999.0000	9140	20618	-9999	2509	2424	-9999	562.7554	5	0.6865	0.7017	-0.0009	73.3036	2.3033	749.1683	474.0080	31.9444	671.2014	94.1435	748.1001	93.1713	758.1507	94.5602	768.1587	95.3935	
05/08/2017	16:29:24	011992	H421007003HLR	L421	S		702.9001	1.0292	10.0000	99.9745	40.4146	0.8430	0.8246	5.0000	24.0381	815.0589	94.8148	18.1292	25.1000	0.9300	0.9349	0.7039	-0.0010	815.0000	816.6729	1.0275	-4.0000	100.0674	40.1691	0.8230	0.8233	5.0000	-9999.0000	-9999.0000	-9999.0000	-9999.0000	-9999.0000	-9999.0000	21.3000	7	0	25.5985	1.0000	99	9	-9999.0000	9141	20619	-9999	2510	2425	-9999	559.0319	5	0.6866	0.7039	-0.0010	69.8011	2.5427	726.6111	449.4183	32.2917	654.6112	93.8889	725.6106	92.7546	733.1731	94.7917	743.0876	95.5324	
05/08/2017	16:29:52	011992	H421006966HLR	L421	S		697.4516	1.0292	10.0000	100.3284	40.5253	0.8430	0.8255	5.0000	19.3586	815.1110	94.8843	17.1292	25.1000	0.9300	0.9350	0.7021	-0.0009	815.0000	817.6390	1.0275	-4.0000	100.1797	40.2034	0.8230	0.8237	5.0000	-9999.0000	-9999.0000	-9999.0000	-9999.0000	-9999.0000	-9999.0000	20.1286	8	0	27.8593	1.0000	99	9	-9999.0000	9142	20620	-9999	2511	2426	-9999	559.9480	5	0.6867	0.7021	-0.0009	67.1387	2.6927	726.3346	472.6302	32.6389	657.1846	94.5833	724.8968	94.0278	734.2396	94.6296	743.5319	95.2083	
05/08/2017	16:30:23	011992	H421007044HLR	L421	S		698.3586	1.0292	10.0000	100.0172	40.4230	0.8430	0.8245	5.0000	24.6298	815.0886	94.8843	16.5492	25.1000	0.9300	0.9350	0.7021	-0.0009	815.0000	814.3769	1.0275	-3.8291	100.1390	40.1564	0.8230	0.8232	5.0000	-9999.0000	-9999.0000	-9999.0000	-9999.0000	-9999.0000	-9999.0000	21.8654	1	0	30.4492	1.0000	99	9	-9999.0000	9143	20621	-9999	2511	2427	-9999	560.3482	5	0.6867	0.7021	-0.0009	67.1387	2.6927	731.5181	478.1402	34.8611	664.1441	95.2315	729.9122	95.1620	739.5188	95.1852	746.9871	95.2778	
05/08/2017	16:30:52	011992	H421006990HLR	L421	S		699.4011	1.0292	10.0000	100.1626	40.5244	0.8430	0.8255	5.0000	19.1523	815.0971	94.8148	17.4095	25.1000	0.9300	0.9350	0.6996	-0.0008	815.0000	815.6602	1.0275	-3.9642	99.9766	40.2326	0.8230	0.8237	5.0000	-9999.0000	-9999.0000	-9999.0000	-9999.0000	-9999.0000	-9999.0000	19.6795	2	0	28.8083	1.0000	99	9	-9999.0000	9144	20622	-9999	2512	2428	-9999	559.5764	5	0.6864	0.6996	-0.0008	74.2880	2.2934	731.6412	473.2428	32.5694	662.7040	94.6065	730.4385	94.3287	737.9849	94.7917	745.7456	95.1852	
05/08/2017	16:31:20	011992	H421006983HLR	L421	S		711.9648	1.0292	10.0000	100.4336	40.5756	0.8430	0.8255	5.0000	19.1892	815.0681	94.8843	13.1997	25.2000	0.9300	0.9350	0.6934	-0.0004	815.0000	815.1193	1.0275	-3.9073	100.1452	40.1593	0.8230	0.8232	5.0000	-9999.0000	-9999.0000	-9999.0000	-9999.0000	-9999.0000	-9999.0000	21.8269	3	0	27.9897	1.0000	99	9	-9999.0000	9145	20623	-9999	2513	2429	-9999	560.6392	5	0.6859	0.6934	-0.0004	72.9174	2.3510	754.4819	482.9006	32.7315	677.6245	95.1620	753.1730	94.9306	761.9232	95.1157	769.1662	95.2083	
05/08/2017	16:31:47	011992	H421003746HLR	L421	S		702.2349	1.0292	10.0000	99.9280	40.5194	0.8430	0.8248	5.0000	22.2989	815.0736	94.8148	17.0297	25.2000	0.9300	0.9350	0.6931	-0.0004	815.0000	814.7426	1.0275	-3.8676	100.0908	40.1495	0.8230	0.8232	5.0000	-9999.0000	-9999.0000	-9999.0000	-9999.0000	-9999.0000	-9999.0000	22.2595	4	0	27.0786	1.0000	99	9	-9999.0000	9146	20624	-9999	2514	2430	-9999	559.1106	5	0.6858	0.6931	-0.0004	73.9550	2.3461	736.0021	462.9160	33.0556	660.9260	94.5833	734.8757	93.9352	743.7642	94.6065	750.9599	95.2315	
05/08/2017	16:32:12	011992	H421003747HLR	L421	S		694.9037	1.0292	10.0000	99.9502	40.5160	0.8430	0.8250	5.0000	21.4273	815.0677	94.9074	19.4797	25.2000	0.9300	0.9351	0.6929	-0.0004	815.0000	813.7065	1.0275	-3.7586	99.9940	40.2399	0.8230	0.8238	5.0000	-9999.0000	-9999.0000	-9999.0000	-9999.0000	-9999.0000	-9999.0000	19.4012	5	0	25.4190	1.0000	99	9	-9999.0000	9147	20625	-9999	2515	2431	-9999	558.3867	5	0.6858	0.6929	-0.0004	75.3702	2.3172	728.9329	475.4326	32.0602	657.0861	94.8611	727.9017	94.4676	736.4034	94.8380	743.4554	95.1852	
