Data	Timp	Nr. masina	Nr. de serie	Tip	Productie	Comentariu	Pre-masurare Q [ml/min]	Pre-masurare Gain	Pre-masurare Offset Master	Pre-masurare P [bar]	Pre-masurare T [°C]	Pre-masurare Densitate fixa [kg/l]	Pre-masurare densitate masurata [kg/l]	Pre-masurare Timp masurare [s]	Pre-masurare Cycle time [s]	rectificare Q Oprire [ml/min]	rectificare P Oprire [bar]	rectificare Timp rectificare [s]	rectificare T [°C]	rectificare Densitate fixa [kg/l]	rectificare densitate masurata [kg/l]	rectificare Factor de masurare la rectificare	rectificare Factor de corectie a debitului	rectificare Target rectificare	Masurare Q [ml/min]	Masurare Gain	Masurare Offset Master	Masurare P [bar]	Masurare T [°C]	Masurare Densitate fixa [kg/l]	Masurare densitate masurata [kg/l]	Masurare Timp masurare [s]	Masurare Q [ml/min]	Masurare Delta Q [ml/min]	Masurare P [bar]	Masurare BP [bar]	Masurare T [°C]	Masurare Timp masurare [s]	Masurare Cycle time [s]	Nest Nr.	Cod de descarcare	Cycle time [s]	Traceability aktiv	EDM Maschine Nr	EDM Spindle Nr	Honing Rate [r	Station Counter Premeasure	Station Counter Grind	Station Counter Blowout 1	Station Counter Wash	Station Counter Measure	Station Counter Blowout 2	RealGrindQStop	Reg Type	Factor 0	Factor 1	Factor 2	Factor 3	Factor 4	G_StartQV	G_StartQV_1	G_StartQV_2	G_StartQV_3	G_StartQV_4	G_StartQV_5	
06/08/2017	00:00:08	011992	H421008692HLR	L421	S		694.2473	1.0292	10.0000	100.1414	39.9543	0.8430	0.8256	5.0000	19.4992	815.1089	94.8611	18.4495	25.0000	0.9300	0.9348	0.7108	-0.0014	815.0000	815.5683	1.0275	-3.9546	100.0781	39.9413	0.8230	0.8231	5.0000	-9999.0000	-9999.0000	-9999.0000	-9999.0000	-9999.0000	-9999.0000	22.3084	2	0	30.2682	1.0000	99	9	-9999.0000	9915	21351	-9999	211	221	-9999	558.1641	5	0.6868	0.7108	-0.0014	52.0853	3.6168	715.6008	446.8820	33.4954	648.2030	94.8843	714.2145	94.9306	723.8036	95.0463	730.8861	95.1389	
06/08/2017	00:00:38	011992	H421008691HLR	L421	S		698.9367	1.0292	10.0000	100.1489	39.9782	0.8430	0.8258	5.0000	18.9891	815.0625	94.8611	17.0600	25.0000	0.9300	0.9349	0.7065	-0.0012	815.0000	815.8591	1.0275	-3.9852	100.1110	39.9567	0.8230	0.8231	5.0000	-9999.0000	-9999.0000	-9999.0000	-9999.0000	-9999.0000	-9999.0000	22.3084	3	0	30.4689	1.0000	99	9	-9999.0000	9916	21352	-9999	212	222	-9999	559.8940	5	0.6865	0.7065	-0.0012	51.1144	3.6420	722.6102	441.8462	32.7546	652.9057	95.4861	720.8274	95.5556	730.8235	95.3009	737.7858	95.0000	
06/08/2017	00:01:10	011992	H421008865HLR	L421	S		693.9743	1.0292	10.0000	100.1513	39.9992	0.8430	0.8257	5.0000	19.0791	815.0876	94.8843	19.2298	25.0000	0.9300	0.9349	0.7065	-0.0012	815.0000	816.9544	1.0275	-4.0000	100.0464	40.0351	0.8230	0.8237	5.0000	-9999.0000	-9999.0000	-9999.0000	-9999.0000	-9999.0000	-9999.0000	19.5594	4	0	31.8095	1.0000	99	9	-9999.0000	9917	21353	-9999	213	223	-9999	557.8333	5	0.6865	0.7065	-0.0012	51.1144	3.6420	721.9489	447.8795	34.2361	652.7325	95.6713	720.3666	95.6250	729.4301	95.3704	735.7160	95.0000	
06/08/2017	00:01:40	011992	H421008716HLR	L421	S		689.7520	1.0292	10.0000	100.0525	39.9571	0.8430	0.8258	5.0000	18.7688	815.0587	94.9306	20.3089	25.0000	0.9300	0.9349	0.7058	-0.0011	815.0000	815.4046	1.0275	-3.9373	100.0336	40.0397	0.8230	0.8238	5.0000	-9999.0000	-9999.0000	-9999.0000	-9999.0000	-9999.0000	-9999.0000	19.3012	5	0	30.3387	1.0000	99	9	-9999.0000	9918	21354	-9999	214	224	-9999	556.9391	5	0.6859	0.7058	-0.0011	55.1430	3.4977	716.4174	437.7340	33.2176	646.1820	95.5093	714.8762	95.4630	723.8635	95.2546	730.5032	95.0463	
06/08/2017	00:02:10	011992	H421008770HLR	L421	S		692.1381	1.0292	10.0000	100.1986	39.9651	0.8430	0.8258	5.0000	18.9291	815.0805	94.9074	19.3294	25.0000	0.9300	0.9349	0.7058	-0.0011	815.0000	814.8775	1.0275	-3.8818	100.0477	39.9523	0.8230	0.8232	5.0000	-9999.0000	-9999.0000	-9999.0000	-9999.0000	-9999.0000	-9999.0000	21.7389	6	0	29.7188	1.0000	99	9	-9999.0000	9919	21355	-9999	215	225	-9999	557.7522	5	0.6859	0.7058	-0.0011	55.1430	3.4977	717.4144	452.4174	33.8657	647.6645	94.7685	716.2854	94.5833	725.2738	94.8611	731.4393	95.1157	
06/08/2017	00:02:41	011992	H421008742HLR	L421	S		673.3272	1.0292	10.0000	100.1419	39.9481	0.8430	0.8257	5.0000	19.4593	815.0623	94.9074	19.5686	25.0000	0.9300	0.9348	0.7027	-0.0010	815.0000	814.0949	1.0275	-3.7995	100.0752	39.9046	0.8230	0.8230	5.0000	-9999.0000	-9999.0000	-9999.0000	-9999.0000	-9999.0000	-9999.0000	23.0887	7	0	31.1395	1.0000	99	9	-9999.0000	9920	21356	-9999	216	226	-9999	557.5302	5	0.6851	0.7027	-0.0010	69.8507	2.7882	697.7515	485.2311	32.6620	630.6604	95.4398	694.9931	95.1157	713.3322	94.9769	724.8825	95.0000	
06/08/2017	00:03:14	011992	H421008750HLR	L421	S		690.3668	1.0292	10.0000	100.1742	39.9477	0.8430	0.8258	5.0000	18.8186	815.1136	94.8843	20.9095	25.0000	0.9300	0.9349	0.7024	-0.0010	815.0000	815.1770	1.0275	-3.9134	99.9817	40.0279	0.8230	0.8238	5.0000	-9999.0000	-9999.0000	-9999.0000	-9999.0000	-9999.0000	-9999.0000	19.3505	8	0	32.3690	1.0000	99	9	-9999.0000	9921	21357	-9999	217	226	-9999	556.3419	5	0.6848	0.7024	-0.0010	74.8322	2.5044	720.1180	429.5490	32.0833	647.5064	95.7639	718.9396	95.7870	726.5566	95.3935	730.8500	94.9074	
06/08/2017	00:03:39	011992	H421008726HLR	L421	S		688.6121	1.0292	10.0000	100.1084	39.9711	0.8430	0.8258	5.0000	18.7787	815.0644	94.9074	19.5794	25.1000	0.9300	0.9350	0.7021	-0.0009	815.0000	814.3175	1.0275	-3.8229	99.9638	40.0633	0.8230	0.8239	5.0000	-9999.0000	-9999.0000	-9999.0000	-9999.0000	-9999.0000	-9999.0000	19.2999	1	0	24.9289	1.0000	99	9	-9999.0000	9922	21358	-9999	218	227	-9999	557.3662	5	0.6847	0.7021	-0.0009	73.2402	2.5876	715.3153	467.1199	33.4722	647.2283	94.6296	714.1982	94.5833	722.6689	94.8380	730.4730	95.0926	
06/08/2017	00:04:08	011992	H421008730HLR	L421	S		689.6409	1.0292	10.0000	100.1662	39.9403	0.8430	0.8258	5.0000	18.7794	815.0773	94.8611	18.9095	25.1000	0.9300	0.9350	0.7021	-0.0009	815.0000	814.2949	1.0275	-3.8205	100.1707	39.9984	0.8230	0.8237	5.0000	-9999.0000	-9999.0000	-9999.0000	-9999.0000	-9999.0000	-9999.0000	19.5986	2	0	29.7585	1.0000	99	9	-9999.0000	9923	21359	-9999	219	228	-9999	557.9204	5	0.6847	0.7021	-0.0009	73.2402	2.5876	720.9523	447.6650	34.7454	654.4018	95.5556	719.2590	95.6481	730.1149	95.3472	736.1803	94.9537	
06/08/2017	00:04:37	011992	H421008748HLR	L421	S		693.8132	1.0292	10.0000	100.1702	39.9455	0.8430	0.8259	5.0000	18.8885	815.1195	94.9074	20.3294	25.1000	0.9300	0.9350	0.7004	-0.0008	815.0000	814.0840	1.0275	-3.7983	100.1225	39.9535	0.8230	0.8237	5.0000	-9999.0000	-9999.0000	-9999.0000	-9999.0000	-9999.0000	-9999.0000	19.3593	3	0	28.7089	1.0000	99	9	-9999.0000	9924	21360	-9999	220	229	-9999	557.0879	5	0.6840	0.7004	-0.0008	68.0449	2.8497	724.4710	473.0771	35.1852	669.2829	95.1852	722.9627	95.6481	731.5280	94.8380	735.2844	94.7917	
06/08/2017	00:05:05	011992	H421008736HLR	L421	S		693.5274	1.0292	10.0000	100.1459	39.9555	0.8430	0.8257	5.0000	19.1182	815.0379	94.8611	21.5197	25.2000	0.9300	0.9350	0.7005	-0.0008	815.0000	814.8561	1.0275	-3.8796	100.1188	40.0766	0.8230	0.8242	5.0000	-9999.0000	-9999.0000	-9999.0000	-9999.0000	-9999.0000	-9999.0000	19.2376	4	0	27.8790	1.0000	99	9	-9999.0000	9925	21361	-9999	221	230	-9999	556.1028	5	0.6840	0.7005	-0.0008	67.3588	2.9031	721.0033	499.2969	34.6296	661.4104	94.7917	719.7633	95.0463	727.1985	95.0926	731.0632	95.0926	
06/08/2017	00:05:57	011992	H421008733HLR	L421	S		690.5929	1.0292	10.0000	99.9625	39.9124	0.8430	0.8253	5.0000	21.0197	815.1345	94.8380	18.6595	25.2000	0.9300	0.9350	0.7002	-0.0008	815.0000	813.4455	1.0275	-3.7311	100.1884	39.8251	0.8230	0.8227	5.0000	-9999.0000	-9999.0000	-9999.0000	-9999.0000	-9999.0000	-9999.0000	21.8484	6	0	24.8491	1.0000	99	9	-9999.0000	9926	21361	-9999	223	231	-9999	558.3383	5	0.6842	0.7002	-0.0008	88.7891	1.7632	719.3445	431.3215	32.8009	650.0331	94.3519	717.6321	94.5139	726.9704	94.8611	736.2463	95.0926	
06/08/2017	00:06:22	011992	H421008741HLR	L421	S		691.7339	1.0292	10.0000	100.1338	39.9238	0.8430	0.8258	5.0000	18.9594	815.0768	94.8148	17.7601	25.3000	0.9300	0.9350	0.7017	-0.0009	815.0000	812.4956	1.0275	-3.6311	99.9884	39.8490	0.8230	0.8239	5.0000	-9999.0000	-9999.0000	-9999.0000	-9999.0000	-9999.0000	-9999.0000	19.5789	7	0	24.8293	1.0000	99	9	-9999.0000	9926	21362	-9999	224	232	-9999	558.8534	5	0.6840	0.7017	-0.0009	106.2418	0.8489	724.1045	445.7203	33.4491	653.2514	94.6991	722.5186	94.7454	732.1364	94.9306	739.9799	95.0926	
06/08/2017	00:06:52	011992	H421007693HLR	L421	S		706.0838	1.0292	10.0000	100.1924	40.0343	0.8430	0.8258	5.0000	18.9485	815.0667	94.8611	16.9496	25.4000	0.9300	0.9350	0.7017	-0.0009	815.0000	815.5223	1.0275	-3.9497	100.1719	40.1675	0.8230	0.8247	5.0000	-9999.0000	-9999.0000	-9999.0000	-9999.0000	-9999.0000	-9999.0000	19.3495	8	0	29.8579	1.0000	99	9	-9999.0000	9927	21363	-9999	225	233	-9999	559.6291	5	0.6840	0.7017	-0.0009	106.2418	0.8489	733.3407	470.4942	32.6620	659.7904	94.4676	732.1546	94.4213	739.7939	94.8148	747.6765	95.1389	
06/08/2017	00:07:23	011992	H421007673HLR	L421	S		705.8150	1.0292	10.0000	100.1505	39.9299	0.8430	0.8256	5.0000	19.2796	815.0762	94.9074	16.5092	25.4000	0.9300	0.9349	0.7017	-0.0009	815.0000	816.5998	1.0275	-4.0000	100.1680	40.1737	0.8230	0.8237	5.0000	-9999.0000	-9999.0000	-9999.0000	-9999.0000	-9999.0000	-9999.0000	20.1309	1	0	30.9688	1.0000	99	9	-9999.0000	9928	21364	-9999	226	234	-9999	559.9748	5	0.6840	0.7017	-0.0009	106.2418	0.8489	736.2816	458.0234	32.0139	665.7082	94.3519	735.0892	94.3519	742.7937	94.7917	750.2951	95.1620	
06/08/2017	00:07:50	011992	H421007684HLR	L421	S		-0.4675	1.0292	-0.0115	99.9649	39.7689	0.8430	0.8255	5.0000	18.7991	0.0000	0.0000	0.0000	0.0000	0.9300	0.0000	0.0000	0.0000	0.0000	-0.1198	1.0275	0.0000	99.8608	39.6495	0.8230	0.8235	5.0000	-9999.0000	-9999.0000	-9999.0000	-9999.0000	-9999.0000	-9999.0000	18.4024	2	18	27.5097	1.0000	99	9	-9999.0000	9929	0	-9999	227	235	-9999	0.0000	0	0.0000	0.0000	0.0000	0.0000	0.0000	0.0000	0.0000	0.0000	0.0000	0.0000	0.0000	0.0000	0.0000	0.0000	0.0000	0.0000	
06/08/2017	00:08:18	011992	H421008755HLR	L421	S		-0.7018	1.0292	-0.0173	100.0053	39.7184	0.8430	0.8259	5.0000	18.6945	0.0000	0.0000	0.0000	0.0000	0.9300	0.0000	0.0000	0.0000	0.0000	-0.3069	1.0275	0.0000	99.9297	39.4896	0.8230	0.8237	5.0000	-9999.0000	-9999.0000	-9999.0000	-9999.0000	-9999.0000	-9999.0000	18.3083	3	18	28.0790	1.0000	99	9	-9999.0000	9930	0	-9999	228	236	-9999	0.0000	0	0.0000	0.0000	0.0000	0.0000	0.0000	0.0000	0.0000	0.0000	0.0000	0.0000	0.0000	0.0000	0.0000	0.0000	0.0000	0.0000	
06/08/2017	00:08:45	011992	H421008754HLR	L421	S		694.6511	1.0292	10.0000	100.1988	39.9884	0.8430	0.8264	5.0000	18.8094	815.1240	94.8843	18.8802	25.2000	0.9300	0.9347	0.7014	-0.0009	815.0000	815.3403	1.0275	-3.9306	100.0222	40.2415	0.8230	0.8258	5.0000	-9999.0000	-9999.0000	-9999.0000	-9999.0000	-9999.0000	-9999.0000	19.2584	4	0	26.6981	1.0000	99	9	-9999.0000	9931	21365	-9999	229	237	-9999	558.8132	5	0.6850	0.7014	-0.0009	72.1912	2.5599	718.9786	453.6233	31.4583	651.5460	94.8380	717.7404	95.0463	728.9427	95.0694	735.6582	95.0231	
06/08/2017	00:09:13	011992	H421008734HLR	L421	S		690.9562	1.0292	10.0000	100.1934	40.1263	0.8430	0.8260	5.0000	18.9094	815.0674	94.9074	20.1096	25.2000	0.9300	0.9348	0.7014	-0.0009	815.0000	814.5021	1.0275	-3.8423	100.0942	40.3978	0.8230	0.8243	5.0000	-9999.0000	-9999.0000	-9999.0000	-9999.0000	-9999.0000	-9999.0000	19.3680	5	0	27.6591	1.0000	99	9	-9999.0000	9932	21366	-9999	230	238	-9999	557.6101	5	0.6850	0.7014	-0.0009	72.1912	2.5599	717.3881	450.0032	31.0648	647.4884	94.6759	715.8484	94.6759	725.2015	94.9074	732.3362	95.1157	
06/08/2017	00:09:39	011992	H421007670HLR	L421	S		706.4808	1.0292	10.0000	100.1237	40.0160	0.8430	0.8256	5.0000	19.1401	815.0414	94.8611	16.5599	25.2000	0.9300	0.9348	0.7014	-0.0009	815.0000	819.0443	1.0275	-4.0000	100.0958	40.1287	0.8230	0.8234	5.0000	-9999.0000	-9999.0000	-9999.0000	-9999.0000	-9999.0000	-9999.0000	19.5486	6	0	26.7891	1.0000	99	9	-9999.0000	9933	21367	-9999	231	239	-9999	560.0751	5	0.6850	0.7014	-0.0009	72.1912	2.5599	738.7554	448.8218	31.9907	664.9211	94.8611	737.3338	94.9074	746.9907	95.0463	753.2140	95.1389	
06/08/2017	00:10:05	011992	H421007663HLR	L421	S		704.2825	1.0292	10.0000	100.1893	39.9393	0.8430	0.8258	5.0000	18.9480	815.0858	94.8380	17.1000	25.1000	0.9300	0.9347	0.7016	-0.0009	815.0000	817.4442	1.0275	-4.0000	99.9769	39.9180	0.8230	0.8234	5.0000	-9999.0000	-9999.0000	-9999.0000	-9999.0000	-9999.0000	-9999.0000	19.8288	7	0	26.0088	1.0000	99	9	-9999.0000	9934	21368	-9999	232	240	-9999	559.7676	5	0.6850	0.7016	-0.0009	74.6647	2.3954	733.6275	464.6100	32.5463	664.5640	94.6065	732.2295	94.7454	740.7354	94.9537	748.2481	95.1389	
06/08/2017	00:10:32	011992	H421007702HLR	L421	S		703.1179	1.0292	10.0000	100.1634	40.0202	0.8430	0.8259	5.0000	18.9994	815.0917	94.9537	15.8490	25.1000	0.9300	0.9347	0.7016	-0.0009	815.0000	816.7743	1.0275	-4.0000	100.0068	39.9481	0.8230	0.8238	5.0000	-9999.0000	-9999.0000	-9999.0000	-9999.0000	-9999.0000	-9999.0000	19.3801	8	0	26.7997	1.0000	99	9	-9999.0000	9935	21369	-9999	233	241	-9999	560.6461	5	0.6850	0.7016	-0.0009	74.6647	2.3954	734.0971	449.1100	32.2454	666.9510	94.8380	732.2700	94.9537	742.4853	95.0694	750.3802	95.1389	
06/08/2017	00:10:57	011992	H421007701HLR	L421	S		704.3762	1.0292	10.0000	100.1953	40.0501	0.8430	0.8257	5.0000	18.9201	815.0792	94.8380	16.8197	25.0000	0.9300	0.9348	0.6941	-0.0005	815.0000	816.9503	1.0275	-4.0000	100.1267	40.0397	0.8230	0.8234	5.0000	-9999.0000	-9999.0000	-9999.0000	-9999.0000	-9999.0000	-9999.0000	21.8940	1	0	24.8490	1.0000	99	9	-9999.0000	9936	21370	-9999	234	242	-9999	559.3297	5	0.6852	0.6941	-0.0005	73.8341	2.4436	739.1202	461.6038	32.5231	671.6606	95.1620	738.0858	95.3704	745.5260	95.2546	751.5442	95.0000	
06/08/2017	00:11:24	011992	H421007698HLR	L421	S		707.7561	1.0292	10.0000	100.1567	39.9467	0.8430	0.8255	5.0000	19.4690	815.0626	94.9537	15.8793	25.0000	0.9300	0.9348	0.6967	-0.0006	815.0000	819.3540	1.0275	-4.0000	100.0987	40.0603	0.8230	0.8237	5.0000	-9999.0000	-9999.0000	-9999.0000	-9999.0000	-9999.0000	-9999.0000	19.2395	2	0	26.3885	1.0000	99	9	-9999.0000	9937	21371	-9999	235	243	-9999	560.0258	5	0.6852	0.6967	-0.0006	73.3828	2.4336	742.9730	460.1864	33.7269	671.6211	94.4676	741.6379	94.4907	752.3932	94.8611	757.6183	95.1620	
06/08/2017	00:11:49	011992	H421007656HLR	L421	S		708.4561	1.0292	10.0000	100.0928	39.9479	0.8430	0.8254	5.0000	20.8882	815.0736	94.9769	15.2299	25.0000	0.9300	0.9348	0.6933	-0.0004	815.0000	819.1643	1.0275	-4.0000	100.1414	39.9140	0.8230	0.8229	5.0000	-9999.0000	-9999.0000	-9999.0000	-9999.0000	-9999.0000	-9999.0000	22.0808	3	0	25.7091	1.0000	99	9	-9999.0000	9938	21372	-9999	236	244	-9999	559.6871	5	0.6851	0.6933	-0.0004	72.3360	2.4494	748.5461	459.1878	33.4259	678.8007	94.3056	747.3015	94.3750	756.9941	94.7685	763.6590	95.1852	
06/08/2017	00:12:17	011992	H421007669HLR	L421	S		704.0286	1.0292	10.0000	100.1677	40.0168	0.8430	0.8257	5.0000	18.9396	815.0690	94.9074	15.9086	25.0000	0.9300	0.9348	0.6933	-0.0004	815.0000	816.4861	1.0275	-4.0000	100.0932	39.9114	0.8230	0.8230	5.0000	-9999.0000	-9999.0000	-9999.0000	-9999.0000	-9999.0000	-9999.0000	22.1884	4	0	28.0692	1.0000	99	9	-9999.0000	9939	21373	-9999	237	245	-9999	559.4599	5	0.6854	0.6933	-0.0004	72.2132	2.4873	742.2017	460.4278	34.1435	677.4689	94.6759	740.7480	94.9074	749.9622	95.0231	757.4659	95.1620	
06/08/2017	00:12:44	011992	H421007657HLR	L421	S		707.7562	1.0292	10.0000	100.1784	39.9998	0.8430	0.8257	5.0000	18.9485	815.1295	94.9537	14.0395	25.0000	0.9300	0.9348	0.6868	-0.0001	815.0000	816.0138	1.0275	-4.0000	100.1235	40.0407	0.8230	0.8237	5.0000	-9999.0000	-9999.0000	-9999.0000	-9999.0000	-9999.0000	-9999.0000	19.9091	5	0	26.9688	1.0000	99	9	-9999.0000	9940	21374	-9999	238	246	-9999	559.1297	5	0.6856	0.6868	-0.0001	54.5663	3.5005	756.6488	474.9822	34.2593	685.8923	95.5324	755.1272	95.7407	763.6508	95.2546	768.6574	94.8843	
06/08/2017	00:13:10	011992	H421007677HLR	L421	S		703.7338	1.0292	10.0000	100.1885	39.9667	0.8430	0.8257	5.0000	18.9386	815.0500	95.0000	15.4399	25.0000	0.9300	0.9348	0.6849	0.0000	815.0000	815.3235	1.0275	-3.9288	100.1166	40.0080	0.8230	0.8232	5.0000	-9999.0000	-9999.0000	-9999.0000	-9999.0000	-9999.0000	-9999.0000	21.4726	6	0	25.8896	1.0000	99	9	-9999.0000	9941	21375	-9999	239	247	-9999	558.5607	5	0.6853	0.6849	0.0000	61.1137	3.1141	749.6577	462.2176	34.7222	682.1941	95.6019	748.0809	95.6944	757.7134	95.3009	762.7068	94.9074	
06/08/2017	00:13:36	011992	H421007688HLR	L421	S		709.5489	1.0292	10.0000	100.2013	39.9735	0.8430	0.8257	5.0000	18.8890	815.0857	94.9074	14.3989	25.0000	0.9300	0.9348	0.6849	0.0000	815.0000	816.7588	1.0275	-4.0000	100.1596	39.9331	0.8230	0.8230	5.0000	-9999.0000	-9999.0000	-9999.0000	-9999.0000	-9999.0000	-9999.0000	22.2087	7	0	25.3790	1.0000	99	9	-9999.0000	9942	21376	-9999	240	248	-9999	558.6036	5	0.6849	0.6849	0.0000	66.0806	2.8192	757.6461	475.7382	33.7963	685.5916	94.5833	756.6337	94.5833	765.6204	94.8843	771.3514	95.1389	
06/08/2017	00:14:02	011992	H421007653HLR	L421	S		702.1016	1.0292	10.0000	100.1454	40.0144	0.8430	0.8257	5.0000	18.9592	815.0763	94.8843	17.1996	25.0000	0.9300	0.9349	0.6849	0.0000	815.0000	815.9467	1.0275	-3.9944	100.0154	40.0228	0.8230	0.8236	5.0000	-9999.0000	-9999.0000	-9999.0000	-9999.0000	-9999.0000	-9999.0000	19.6268	8	0	26.0191	1.0000	99	9	-9999.0000	9943	21377	-9999	241	249	-9999	558.6273	5	0.6848	0.6849	0.0000	67.9829	2.7372	744.9440	471.9389	34.2824	677.1578	94.8380	743.7308	94.8380	751.0670	95.0000	756.9393	95.1389	
06/08/2017	00:14:29	011992	H421007633HLR	L421	S		704.3276	1.0292	10.0000	100.1474	39.9759	0.8430	0.8257	5.0000	18.9685	815.0512	94.9074	16.0092	25.0000	0.9300	0.9349	0.6841	0.0000	815.0000	817.9901	1.0275	-4.0000	100.0984	40.0186	0.8230	0.8232	5.0000	-9999.0000	-9999.0000	-9999.0000	-9999.0000	-9999.0000	-9999.0000	21.6985	1	0	27.6586	1.0000	99	9	-9999.0000	9944	21378	-9999	242	250	-9999	558.0908	5	0.6847	0.6841	0.0000	71.5750	2.5496	754.1209	469.6220	32.8009	680.8730	95.3704	752.8228	95.3704	761.8465	95.2083	766.7642	95.0926	
06/08/2017	00:14:56	011992	H421007644HLR	L421	S		712.8340	1.0292	10.0000	100.1829	39.9836	0.8430	0.8257	5.0000	19.0653	815.0648	94.9306	12.1695	25.0000	0.9300	0.9348	0.6866	-0.0001	815.0000	812.8581	1.0275	-3.6693	100.1702	39.9657	0.8230	0.8231	5.0000	-9999.0000	-9999.0000	-9999.0000	-9999.0000	-9999.0000	-9999.0000	21.7282	2	0	26.7987	1.0000	99	9	-9999.0000	9945	21379	-9999	243	250	-9999	558.6196	5	0.6847	0.6866	-0.0001	88.2592	1.4806	759.3957	457.5376	32.5231	688.4494	94.3287	758.1753	94.2361	766.7744	94.7222	774.5151	95.1620	
06/08/2017	00:15:21	011992	H421007624HLR	L421	S		704.1000	1.0292	10.0000	100.2004	39.9712	0.8430	0.8257	5.0000	18.9794	815.0552	94.9769	14.5698	25.1000	0.9300	0.9349	0.6843	0.0000	815.0000	812.8086	1.0275	-3.6641	100.1347	39.9451	0.8230	0.8231	5.0000	-9999.0000	-9999.0000	-9999.0000	-9999.0000	-9999.0000	-9999.0000	22.1589	3	0	25.1689	1.0000	99	9	-9999.0000	9946	21380	-9999	243	251	-9999	558.0267	5	0.6846	0.6843	0.0000	86.0139	1.6149	751.3342	473.0953	33.5185	685.9285	94.5833	749.9060	94.6296	758.2365	95.0000	765.4968	95.2315	
06/08/2017	00:15:48	011992	H421007634HLR	L421	S		709.6509	1.0292	10.0000	100.1830	39.9735	0.8430	0.8257	5.0000	18.9175	815.0935	94.8843	12.9995	25.1000	0.9300	0.9349	0.6836	0.0001	815.0000	814.1372	1.0275	-3.8039	100.2854	40.0611	0.8230	0.8238	5.0000	-9999.0000	-9999.0000	-9999.0000	-9999.0000	-9999.0000	-9999.0000	19.4878	4	0	26.3096	1.0000	99	9	-9999.0000	9947	21381	-9999	244	252	-9999	558.0069	5	0.6847	0.6836	0.0001	83.8181	1.7539	761.1710	461.0992	32.7083	693.0142	94.8843	759.6792	95.2778	768.6343	95.0694	774.7583	95.0694	
06/08/2017	00:16:14	011992	H421007630HLR	L421	S		706.3310	1.0292	10.0000	100.1446	39.9719	0.8430	0.8256	5.0000	19.4387	815.0402	94.8843	16.7689	25.1000	0.9300	0.9350	0.6843	0.0000	815.0000	817.3787	1.0275	-4.0000	100.0065	40.0597	0.8230	0.8237	5.0000	-9999.0000	-9999.0000	-9999.0000	-9999.0000	-9999.0000	-9999.0000	19.4687	5	0	26.2590	1.0000	99	9	-9999.0000	9948	21382	-9999	245	253	-9999	557.9301	5	0.6844	0.6843	0.0000	80.8222	1.9616	753.8731	468.8315	31.7824	681.7294	94.6759	752.6349	94.6528	761.2107	94.9074	767.2538	95.2083	
06/08/2017	00:16:41	011992	H421005988HLR	L421	S		691.0866	1.0292	10.0000	100.1727	39.9725	0.8430	0.8257	5.0000	18.8786	815.0785	94.9306	15.8393	25.2000	0.9300	0.9350	0.6919	-0.0005	815.0000	814.7431	1.0275	-3.8677	100.0656	39.9509	0.8230	0.8230	5.0000	-9999.0000	-9999.0000	-9999.0000	-9999.0000	-9999.0000	-9999.0000	22.5083	6	0	26.7390	1.0000	99	9	-9999.0000	9949	21383	-9999	245	254	-9999	557.7768	5	0.6845	0.6919	-0.0005	70.0651	2.6251	739.0567	457.6171	31.9444	663.4641	94.8380	737.6184	94.7917	748.6153	94.9537	756.1543	95.0926	
06/08/2017	00:17:10	011992	H421007651HLR	L421	S		708.8405	1.0292	10.0000	100.1406	39.9507	0.8430	0.8255	5.0000	20.0500	815.0867	94.9537	14.2690	25.2000	0.9300	0.9349	0.6945	-0.0006	815.0000	813.8737	1.0275	-3.7762	100.1237	40.0032	0.8230	0.8232	5.0000	-9999.0000	-9999.0000	-9999.0000	-9999.0000	-9999.0000	-9999.0000	21.5279	7	0	29.2798	1.0000	99	9	-9999.0000	9950	21384	-9999	246	255	-9999	558.6185	5	0.6847	0.6945	-0.0006	66.1061	2.9031	747.1716	476.5260	31.3657	675.6500	94.5139	745.6994	94.4444	754.7628	94.8611	760.0289	95.1620	
06/08/2017	00:17:35	011992	H421007632HLR	L421	S		706.0468	1.0292	10.0000	100.2003	39.9800	0.8430	0.8257	5.0000	19.0089	815.0428	94.9769	15.3695	25.2000	0.9300	0.9349	0.6928	-0.0005	815.0000	814.6872	1.0275	-3.8618	100.1441	40.0234	0.8230	0.8232	5.0000	-9999.0000	-9999.0000	-9999.0000	-9999.0000	-9999.0000	-9999.0000	21.9685	8	0	25.5587	1.0000	99	9	-9999.0000	9951	21385	-9999	247	256	-9999	558.0265	5	0.6849	0.6928	-0.0005	62.8110	3.1473	745.9688	457.6758	32.0139	671.6014	94.7454	744.7196	94.7454	752.9760	94.9306	760.2810	95.1389	
06/08/2017	00:18:01	011992	H421007612HLR	L421	S		707.6543	1.0292	10.0000	100.1871	40.0022	0.8430	0.8256	5.0000	19.5187	815.1039	94.9537	15.3002	25.3000	0.9300	0.9349	0.6942	-0.0006	815.0000	813.6536	1.0275	-3.7530	100.1304	40.0587	0.8230	0.8235	5.0000	-9999.0000	-9999.0000	-9999.0000	-9999.0000	-9999.0000	-9999.0000	20.5593	1	0	25.2518	1.0000	99	9	-9999.0000	9952	21386	-9999	248	257	-9999	558.1039	5	0.6848	0.6942	-0.0006	71.1789	2.5474	743.0411	449.1366	32.3380	672.0553	94.9537	741.7523	95.0000	751.7061	95.0926	758.6907	95.1620	
06/08/2017	00:18:26	011992	H421007627HLR	L421	S		711.6040	1.0292	10.0000	100.1007	40.0265	0.8430	0.8257	5.0000	18.8395	815.0480	94.9537	15.7602	25.3000	0.9300	0.9349	0.6946	-0.0007	815.0000	815.5275	1.0275	-3.9503	100.1820	40.0483	0.8230	0.8233	5.0000	-9999.0000	-9999.0000	-9999.0000	-9999.0000	-9999.0000	-9999.0000	21.2597	2	0	25.7155	1.0000	99	9	-9999.0000	9953	21387	-9999	249	258	-9999	557.7174	5	0.6848	0.6946	-0.0007	71.9189	2.4867	746.8849	488.1001	33.1944	674.9514	94.7917	745.6030	94.7685	754.1087	94.9769	760.1540	95.1157	
06/08/2017	00:18:53	011992	H421007607HLR	L421	S		699.3237	1.0292	10.0000	100.2214	40.0190	0.8430	0.8257	5.0000	18.8786	815.0656	94.7917	18.3587	25.4000	0.9300	0.9349	0.6953	-0.0007	815.0000	813.4345	1.0275	-3.7299	100.1812	40.0515	0.8230	0.8233	5.0000	-9999.0000	-9999.0000	-9999.0000	-9999.0000	-9999.0000	-9999.0000	21.4091	3	0	26.5991	1.0000	99	9	-9999.0000	9954	21388	-9999	250	259	-9999	556.3730	5	0.6849	0.6953	-0.0007	69.4768	2.6185	733.2003	486.4547	32.5463	663.4168	95.1852	732.0481	95.2315	740.1449	95.1852	746.4913	95.0926	
06/08/2017	00:19:20	011992	H421007650HLR	L421	S		711.9229	1.0292	10.0000	100.2066	40.0214	0.8430	0.8257	5.0000	18.9798	815.0753	94.9769	14.6694	25.4000	0.9300	0.9349	0.6954	-0.0007	815.0000	815.1623	1.0275	-3.9118	100.1738	40.0687	0.8230	0.8234	5.0000	-9999.0000	-9999.0000	-9999.0000	-9999.0000	-9999.0000	-9999.0000	20.9814	4	0	26.6591	1.0000	99	9	-9999.0000	9955	21389	-9999	251	260	-9999	558.4573	5	0.6849	0.6954	-0.0007	70.3878	2.5336	748.3185	456.3166	31.5741	675.0281	94.6991	747.3178	94.7685	755.2964	94.9769	761.9228	95.1157	
06/08/2017	00:19:46	011992	H421007629HLR	L421	S		711.9692	1.0292	10.0000	100.2139	40.0355	0.8430	0.8256	5.0000	19.4450	815.1057	94.9537	14.3295	25.4000	0.9300	0.9348	0.6959	-0.0007	815.0000	815.8347	1.0275	-3.9826	100.0368	40.1147	0.8230	0.8236	5.0000	-9999.0000	-9999.0000	-9999.0000	-9999.0000	-9999.0000	-9999.0000	20.0198	5	0	26.7285	1.0000	99	9	-9999.0000	9956	21390	-9999	252	261	-9999	558.9409	5	0.6851	0.6959	-0.0007	70.5885	2.4940	750.0667	484.0792	32.2222	679.3140	94.8148	749.1766	94.9769	758.2682	95.1852	764.7667	95.0926	
06/08/2017	00:20:16	011992	H421007638HLR	L421	S		706.9192	1.0292	10.0000	100.2136	39.9962	0.8430	0.8257	5.0000	18.9690	815.0728	94.9769	14.7797	25.4000	0.9300	0.9348	0.6985	-0.0009	815.0000	814.7286	1.0275	-3.8662	100.0945	40.0441	0.8230	0.8234	5.0000	-9999.0000	-9999.0000	-9999.0000	-9999.0000	-9999.0000	-9999.0000	21.7572	6	0	29.6690	1.0000	99	9	-9999.0000	9956	21391	-9999	252	262	-9999	558.5045	5	0.6850	0.6985	-0.0009	75.1712	2.1413	742.1699	486.2844	34.2361	672.0499	94.8843	740.5959	94.9537	751.3776	95.0926	757.7383	95.2315	
06/08/2017	00:20:43	011992	H421008731HLR	L421	S		702.3572	1.0292	10.0000	100.2445	40.0401	0.8430	0.8258	5.0000	18.8995	815.0855	94.9306	15.7787	25.3000	0.9300	0.9347	0.6944	-0.0006	815.0000	810.7417	1.0275	-3.4465	100.1230	40.0457	0.8230	0.8232	5.0000	-9999.0000	-9999.0000	-9999.0000	-9999.0000	-9999.0000	-9999.0000	21.6091	7	0	27.2587	1.0000	99	9	-9999.0000	9957	21392	-9999	253	263	-9999	558.2085	5	0.6851	0.6944	-0.0006	76.9939	1.9924	739.6564	466.8598	32.3380	670.9138	94.9074	738.7411	95.0463	747.4083	95.1157	753.6024	95.1157	
06/08/2017	00:21:10	011992	H421008740HLR	L421	S		697.2458	1.0292	10.0000	99.9796	39.9880	0.8430	0.8251	5.0000	21.7600	815.0960	94.9306	15.7894	25.3000	0.9300	0.9347	0.6934	-0.0006	815.0000	808.5104	1.0275	-3.2116	100.1534	40.0603	0.8230	0.8233	5.0000	-9999.0000	-9999.0000	-9999.0000	-9999.0000	-9999.0000	-9999.0000	21.4587	8	0	26.7907	1.0000	99	9	-9999.0000	9957	21393	-9999	254	264	-9999	558.1806	5	0.6849	0.6934	-0.0006	78.4478	1.8836	740.3404	459.0895	32.5231	676.6457	95.0000	739.2801	95.2546	748.2675	95.1852	753.0792	95.0694	
06/08/2017	00:21:39	011992	H421008724HLR	L421	S		702.3515	1.0292	10.0000	100.1853	40.0393	0.8430	0.8257	5.0000	19.0188	815.0420	94.8843	15.9896	25.3000	0.9300	0.9347	0.6920	-0.0005	815.0000	810.6608	1.0275	-3.4380	100.1088	40.0493	0.8230	0.8232	5.0000	-9999.0000	-9999.0000	-9999.0000	-9999.0000	-9999.0000	-9999.0000	21.6882	1	0	28.9170	1.0000	99	9	-9999.0000	9958	21394	-9999	255	265	-9999	557.9584	5	0.6848	0.6920	-0.0005	74.8623	2.0816	749.6278	489.8486	34.7685	676.6567	95.8333	742.4197	96.1806	751.9145	95.2315	754.9752	94.6991	
06/08/2017	00:22:09	011992	H421008728HLR	L421	S		699.3924	1.0292	10.0000	100.2288	40.0685	0.8430	0.8258	5.0000	18.8195	815.0994	94.8843	18.7493	25.2000	0.9300	0.9347	0.6945	-0.0006	815.0000	812.8918	1.0275	-3.6728	100.1722	40.0743	0.8230	0.8234	5.0000	-9999.0000	-9999.0000	-9999.0000	-9999.0000	-9999.0000	-9999.0000	20.7685	2	0	30.0389	1.0000	99	9	-9999.0000	9959	21395	-9999	256	266	-9999	556.6226	5	0.6848	0.6945	-0.0006	69.8524	2.4070	733.0186	482.1063	32.6157	670.6775	93.4259	731.6764	93.2176	741.1100	94.3056	749.9705	95.2083	
06/08/2017	00:22:38	011992	H421008704HLR	L421	S		705.4641	1.0292	10.0000	100.2190	40.0449	0.8430	0.8257	5.0000	18.9226	815.1354	94.8843	16.3793	25.2000	0.9300	0.9347	0.6920	-0.0004	815.0000	811.7611	1.0275	-3.5538	100.1330	40.0585	0.8230	0.8232	5.0000	-9999.0000	-9999.0000	-9999.0000	-9999.0000	-9999.0000	-9999.0000	21.8591	3	0	28.9990	1.0000	99	9	-9999.0000	9960	21396	-9999	257	267	-9999	558.1884	5	0.6854	0.6920	-0.0004	70.9860	2.3308	742.0925	471.3419	32.9630	678.4431	93.7731	741.0110	93.7731	748.7357	94.5139	756.1367	95.1852	
06/08/2017	00:23:07	011992	H421008735HLR	L421	S		701.1011	1.0292	10.0000	100.1871	40.0421	0.8430	0.8256	5.0000	19.3579	815.0963	94.9537	15.9291	25.2000	0.9300	0.9347	0.6917	-0.0004	815.0000	812.9842	1.0275	-3.6825	100.0965	40.0180	0.8230	0.8231	5.0000	-9999.0000	-9999.0000	-9999.0000	-9999.0000	-9999.0000	-9999.0000	22.1577	4	0	29.1993	1.0000	99	9	-9999.0000	9961	21397	-9999	258	268	-9999	558.4043	5	0.6859	0.6917	-0.0004	70.2452	2.3993	742.1087	501.3511	33.3333	684.0175	94.3750	740.7490	94.9537	750.5117	94.9537	756.1062	95.0463	
06/08/2017	00:23:35	011992	H421008753HLR	L421	S		697.6024	1.0292	10.0000	100.2270	40.0206	0.8430	0.8258	5.0000	18.8089	815.1330	94.8843	18.1399	25.1000	0.9300	0.9348	0.6917	-0.0004	815.0000	816.5693	1.0275	-4.0000	100.1751	40.0772	0.8230	0.8238	5.0000	-9999.0000	-9999.0000	-9999.0000	-9999.0000	-9999.0000	-9999.0000	19.1885	5	0	28.2628	1.0000	99	9	-9999.0000	9962	21398	-9999	259	269	-9999	557.6193	5	0.6861	0.6917	-0.0004	69.1064	2.4644	739.6512	481.4907	33.8426	678.7544	94.6296	738.1768	95.0000	747.6454	95.0231	754.9516	95.0463	
06/08/2017	00:24:04	011992	H421008762HLR	L421	S		699.7785	1.0292	10.0000	100.0766	40.0004	0.8430	0.8252	5.0000	21.2990	815.0477	94.9074	19.1790	25.1000	0.9300	0.9348	0.6893	-0.0002	815.0000	818.5234	1.0275	-4.0000	100.0449	40.0331	0.8230	0.8232	5.0000	-9999.0000	-9999.0000	-9999.0000	-9999.0000	-9999.0000	-9999.0000	22.0487	6	0	28.4913	1.0000	99	9	-9999.0000	9963	21399	-9999	260	270	-9999	558.0916	5	0.6860	0.6893	-0.0002	71.5515	2.2844	739.4359	465.8679	33.1944	674.5414	94.1667	738.3624	94.2593	746.5387	94.7222	753.4975	95.0926	
06/08/2017	00:24:34	011992	H421008761HLR	L421	S		698.6807	1.0292	10.0000	100.1622	40.0375	0.8430	0.8255	5.0000	19.7687	815.0189	94.8843	18.1897	25.1000	0.9300	0.9348	0.6899	-0.0002	815.0000	815.7003	1.0275	-3.9685	100.1432	40.0226	0.8230	0.8232	5.0000	-9999.0000	-9999.0000	-9999.0000	-9999.0000	-9999.0000	-9999.0000	21.6447	7	0	29.5530	1.0000	99	9	-9999.0000	9964	21400	-9999	260	271	-9999	558.7465	5	0.6862	0.6899	-0.0002	72.4096	2.2167	738.4372	457.9087	32.8935	672.5773	94.2824	737.5854	94.3981	745.0030	94.7685	752.9933	95.0926	
06/08/2017	00:25:03	011992	H421008760HLR	L421	S		697.9926	1.0292	10.0000	100.1993	40.0563	0.8430	0.8257	5.0000	18.9192	815.1251	94.8380	18.2894	25.1000	0.9300	0.9348	0.6927	-0.0004	815.0000	813.8317	1.0275	-3.7718	100.0799	40.0234	0.8230	0.8232	5.0000	-9999.0000	-9999.0000	-9999.0000	-9999.0000	-9999.0000	-9999.0000	21.5192	8	0	29.8183	1.0000	99	9	-9999.0000	9965	21401	-9999	261	272	-9999	559.1354	5	0.6864	0.6927	-0.0004	65.8535	2.7087	733.0912	457.1526	32.8472	668.5471	94.3750	731.8837	94.4676	740.5465	94.7917	747.0174	95.0694	
06/08/2017	00:25:32	011992	H421008763HLR	L421	S		702.5646	1.0292	10.0000	100.1182	39.9566	0.8430	0.8253	5.0000	20.8195	815.0479	94.8380	17.4486	25.1000	0.9300	0.9348	0.6927	-0.0004	815.0000	815.2615	1.0275	-3.9223	100.1738	40.0706	0.8230	0.8238	5.0000	-9999.0000	-9999.0000	-9999.0000	-9999.0000	-9999.0000	-9999.0000	19.2489	1	0	28.4794	1.0000	99	9	-9999.0000	9966	21402	-9999	262	273	-9999	559.0409	5	0.6864	0.6927	-0.0004	65.8535	2.7087	738.1771	465.2875	33.5417	672.6614	94.1204	736.7717	94.1898	745.1042	94.6991	753.1093	95.0926	
06/08/2017	00:25:59	011992	H421008773HLR	L421	S		693.8760	1.0292	10.0000	100.2062	40.0297	0.8430	0.8258	5.0000	18.9495	815.0894	94.8380	17.5990	25.1000	0.9300	0.9349	0.7017	-0.0009	815.0000	814.6924	1.0275	-3.8624	100.2633	40.0238	0.8230	0.8233	5.0000	-9999.0000	-9999.0000	-9999.0000	-9999.0000	-9999.0000	-9999.0000	21.2738	2	0	27.1998	1.0000	99	9	-9999.0000	9967	21403	-9999	263	274	-9999	558.4714	5	0.6861	0.7017	-0.0009	67.4627	2.6355	727.6612	450.1775	34.0741	663.3204	95.0000	726.2606	95.1852	735.8626	95.1620	741.4870	95.0463	
06/08/2017	00:26:26	011992	H421008747HLR	L421	S		692.8954	1.0292	10.0000	100.1876	40.0571	0.8430	0.8257	5.0000	18.9497	815.1025	94.8380	18.7298	25.1000	0.9300	0.9349	0.7117	-0.0015	815.0000	814.0868	1.0275	-3.7986	100.1264	39.9836	0.8230	0.8231	5.0000	-9999.0000	-9999.0000	-9999.0000	-9999.0000	-9999.0000	-9999.0000	22.0436	3	0	26.8262	1.0000	99	9	-9999.0000	9968	21404	-9999	264	275	-9999	557.2938	5	0.6861	0.7117	-0.0015	68.9341	2.5744	712.4115	443.2095	32.7083	646.0042	94.6296	710.7675	94.7917	720.1700	95.0231	727.1357	95.1157	
06/08/2017	00:26:51	011992	H421008768HLR	L421	S		701.9208	1.0292	10.0000	100.1960	40.0124	0.8430	0.8257	5.0000	18.9511	815.0899	94.8380	18.9993	25.1000	0.9300	0.9349	0.7146	-0.0016	815.0000	814.6363	1.0275	-3.8565	100.1780	40.0613	0.8230	0.8239	5.0000	-9999.0000	-9999.0000	-9999.0000	-9999.0000	-9999.0000	-9999.0000	19.1090	4	0	25.2784	1.0000	99	9	-9999.0000	9969	21405	-9999	265	276	-9999	557.1440	5	0.6860	0.7146	-0.0016	68.0816	2.6122	719.4984	458.0129	35.8102	660.0126	94.7917	718.1844	95.0926	727.0895	95.0694	734.9879	95.0231	
06/08/2017	00:27:16	011992	H421008737HLR	L421	S		699.6201	1.0292	10.0000	100.1777	40.0283	0.8430	0.8258	5.0000	18.9092	815.0920	94.8380	17.7093	25.2000	0.9300	0.9349	0.7146	-0.0016	815.0000	813.2000	1.0275	-3.7053	100.1160	40.0246	0.8230	0.8232	5.0000	-9999.0000	-9999.0000	-9999.0000	-9999.0000	-9999.0000	-9999.0000	21.6691	5	0	24.8694	1.0000	99	9	-9999.0000	9970	21406	-9999	266	277	-9999	558.8154	5	0.6860	0.7146	-0.0016	68.0816	2.6122	718.2133	437.6552	34.9769	661.1918	94.8843	716.8290	95.2546	725.7443	94.9769	732.9550	95.0231	
06/08/2017	00:27:42	011992	H421007685HLR	L421	S		701.8340	1.0292	10.0000	100.1781	40.0375	0.8430	0.8258	5.0000	18.8735	815.0937	94.9074	16.2592	25.2000	0.9300	0.9349	0.7115	-0.0015	815.0000	814.4461	1.0275	-3.8364	100.0928	40.0329	0.8230	0.8233	5.0000	-9999.0000	-9999.0000	-9999.0000	-9999.0000	-9999.0000	-9999.0000	21.3781	6	0	25.8786	1.0000	99	9	-9999.0000	9971	21407	-9999	266	278	-9999	560.3999	5	0.6855	0.7115	-0.0015	62.7861	2.9322	723.4699	464.5909	33.3333	655.5377	94.2593	722.0481	94.2130	731.9438	94.6991	740.1398	95.1157	
06/08/2017	00:28:10	011992	H421007686HLR	L421	S		702.6259	1.0292	10.0000	100.1782	39.9908	0.8430	0.8257	5.0000	18.8977	815.1567	94.9537	15.9789	25.2000	0.9300	0.9349	0.7067	-0.0012	815.0000	813.5941	1.0275	-3.7467	100.0699	40.0451	0.8230	0.8233	5.0000	-9999.0000	-9999.0000	-9999.0000	-9999.0000	-9999.0000	-9999.0000	21.0281	7	0	27.6797	1.0000	99	9	-9999.0000	9972	21408	-9999	267	279	-9999	560.4824	5	0.6852	0.7067	-0.0012	63.2443	2.9397	730.4405	454.5910	31.7824	661.7556	94.6528	729.1128	94.6296	737.2824	94.9306	745.1829	95.1157	
06/08/2017	00:29:04	011992	H421008765HLR	L421	S		719.3609	1.0292	10.0000	100.1805	40.0116	0.8430	0.8257	5.0000	19.3971	815.0988	94.9306	12.9898	25.3000	0.9300	0.9350	0.7067	-0.0012	815.0000	820.0657	1.0275	-4.0000	100.1943	40.0152	0.8230	0.8235	5.0000	-9999.0000	-9999.0000	-9999.0000	-9999.0000	-9999.0000	-9999.0000	19.8591	1	0	27.3293	1.0000	99	9	-9999.0000	9974	21409	-9999	269	280	-9999	563.4433	5	0.6851	0.7067	-0.0012	82.1698	1.8968	747.5941	448.8715	33.8426	679.9011	94.1898	746.3318	94.5139	757.5864	94.9306	766.2233	95.1157	
06/08/2017	00:29:32	011992	H421008756HLR	L421	S		713.5970	1.0292	10.0000	100.1866	40.0485	0.8430	0.8258	5.0000	18.7384	815.0594	94.9769	15.0395	25.2000	0.9300	0.9349	0.7151	-0.0017	815.0000	819.6646	1.0275	-4.0000	100.1619	39.9134	0.8230	0.8235	5.0000	-9999.0000	-9999.0000	-9999.0000	-9999.0000	-9999.0000	-9999.0000	21.4684	2	0	27.6384	1.0000	99	9	-9999.0000	9975	21410	-9999	270	281	-9999	562.5868	5	0.6852	0.7151	-0.0017	83.5432	1.8211	735.6537	450.9830	32.0139	668.4533	94.7454	734.1279	95.0926	743.9851	95.0463	752.3030	95.0694	
06/08/2017	00:30:01	011992	H421007694HLR	L421	S		701.3568	1.0292	10.0000	100.1799	40.0357	0.8430	0.8257	5.0000	18.8983	815.0786	94.8843	16.6703	25.3000	0.9300	0.9349	0.7150	-0.0016	815.0000	814.0827	1.0275	-3.7982	100.1725	40.1417	0.8230	0.8243	5.0000	-9999.0000	-9999.0000	-9999.0000	-9999.0000	-9999.0000	-9999.0000	19.5693	3	0	29.1073	1.0000	99	9	-9999.0000	9976	21411	-9999	270	282	-9999	560.5114	5	0.6858	0.7150	-0.0016	74.0209	2.3253	722.3228	444.3044	33.5880	650.8385	94.9306	720.7619	95.0463	731.3084	95.0926	738.1908	95.0694	
06/08/2017	00:30:28	011992	H421007675HLR	L421	S		703.6755	1.0292	10.0000	100.1322	40.0114	0.8430	0.8256	5.0000	19.2669	815.1009	94.9074	16.2797	25.4000	0.9300	0.9349	0.7150	-0.0016	815.0000	815.2451	1.0275	-3.9205	100.0685	40.0860	0.8230	0.8231	5.0000	-9999.0000	-9999.0000	-9999.0000	-9999.0000	-9999.0000	-9999.0000	22.2194	4	0	27.0907	1.0000	99	9	-9999.0000	9977	21412	-9999	271	283	-9999	561.0519	5	0.6858	0.7150	-0.0016	74.0209	2.3253	723.1882	438.4814	32.8241	654.9551	95.0231	721.5554	95.3009	731.1981	95.1852	737.4604	95.0463	
06/08/2017	00:30:57	011992	H421007676HLR	L421	S		705.0993	1.0292	10.0000	100.1963	40.0369	0.8430	0.8257	5.0000	18.9896	815.0784	94.8843	16.4398	25.3000	0.9300	0.9348	0.6973	-0.0006	815.0000	818.2031	1.0275	-4.0000	100.1422	40.0593	0.8230	0.8237	5.0000	-9999.0000	-9999.0000	-9999.0000	-9999.0000	-9999.0000	-9999.0000	19.2187	5	0	28.7391	1.0000	99	9	-9999.0000	9978	21413	-9999	272	284	-9999	559.8957	5	0.6863	0.6973	-0.0006	62.9365	2.9650	743.7224	467.7340	33.0324	673.1223	95.0231	742.0983	95.1620	753.0285	95.1389	759.1908	95.0926	
06/08/2017	00:31:39	011992	H421007695HLR	L421	S		701.2579	1.0292	10.0000	100.1474	40.0365	0.8430	0.8256	5.0000	19.2189	815.1056	94.8611	16.7494	25.3000	0.9300	0.9348	0.6943	-0.0005	815.0000	815.1279	1.0275	-3.9082	100.0639	39.9984	0.8230	0.8233	5.0000	-9999.0000	-9999.0000	-9999.0000	-9999.0000	-9999.0000	-9999.0000	21.1286	6	0	42.0180	1.0000	99	9	-9999.0000	9979	21414	-9999	273	285	-9999	559.6566	5	0.6864	0.6943	-0.0005	61.4413	3.0425	740.8013	485.5152	32.0370	670.7538	94.7685	739.4061	94.8611	748.5825	95.0463	755.4188	95.1157	
06/08/2017	00:32:05	011992	H421008757HLR	L421	S		700.8562	1.0292	10.0000	100.2319	40.0501	0.8430	0.8258	5.0000	19.0890	815.1061	94.8380	18.2493	25.2000	0.9300	0.9347	0.6960	-0.0006	815.0000	814.7668	1.0275	-3.8702	100.1189	39.9936	0.8230	0.8233	5.0000	-9999.0000	-9999.0000	-9999.0000	-9999.0000	-9999.0000	-9999.0000	21.4795	7	0	26.5694	1.0000	99	9	-9999.0000	9980	21415	-9999	274	286	-9999	559.0349	5	0.6866	0.6960	-0.0006	60.5669	3.1129	733.2339	457.2605	32.9167	665.4188	94.7685	732.1205	94.8611	740.4450	95.0231	746.4652	95.1157	
06/08/2017	00:32:31	011992	H421007665HLR	L421	S		704.3637	1.0292	10.0000	100.2222	40.0612	0.8430	0.8257	5.0000	18.9495	815.0248	94.8843	16.1791	25.2000	0.9300	0.9347	0.6964	-0.0006	815.0000	815.5479	1.0275	-3.9524	99.9103	40.0529	0.8230	0.8237	5.0000	-9999.0000	-9999.0000	-9999.0000	-9999.0000	-9999.0000	-9999.0000	19.4882	8	0	25.5691	1.0000	99	9	-9999.0000	9981	21415	-9999	275	287	-9999	560.0554	5	0.6868	0.6964	-0.0006	54.1427	3.5388	737.5414	443.2261	33.2176	666.3789	94.8380	736.1244	94.9537	743.9824	95.0463	751.7878	95.0694	
06/08/2017	00:33:00	011992	H421007690HLR	L421	S		700.5975	1.0292	10.0000	100.2367	40.0471	0.8430	0.8258	5.0000	18.9509	815.0848	94.8380	17.7894	25.1000	0.9300	0.9347	0.6952	-0.0005	815.0000	815.6765	1.0275	-3.9659	100.0206	39.9380	0.8230	0.8235	5.0000	-9999.0000	-9999.0000	-9999.0000	-9999.0000	-9999.0000	-9999.0000	20.1591	1	0	29.2588	1.0000	99	9	-9999.0000	9982	21416	-9999	276	288	-9999	559.2953	5	0.6867	0.6952	-0.0005	54.9428	3.4897	736.3984	453.2919	32.8704	664.1662	95.1620	734.9027	95.3009	743.1882	95.2083	749.0861	95.0926	
06/08/2017	00:33:27	011992	H421007692HLR	L421	S		703.2975	1.0292	10.0000	100.1618	40.0289	0.8430	0.8257	5.0000	19.0187	738.4004	94.9537	31.0086	24.9000	0.9300	0.9345	0.6885	-0.0001	815.0000	828.6335	1.0275	-4.0000	100.1082	40.0651	0.8230	0.8240	5.0000	-9999.0000	-9999.0000	-9999.0000	-9999.0000	-9999.0000	-9999.0000	19.6620	2	2	27.2490	1.0000	99	9	-9999.0000	9983	21417	-9999	277	289	-9999	503.4423	5	0.6872	0.6885	-0.0001	65.4125	2.8105	624.1882	443.3194	34.1667	534.8896	96.2269	622.2677	95.9028	635.5733	95.4630	642.8506	94.9074	
06/08/2017	00:33:53	011992	H421007705HLR	L421	S		702.5308	1.0292	10.0000	100.2223	40.0531	0.8430	0.8258	5.0000	18.8694	815.0858	94.9306	15.6693	25.1000	0.9300	0.9348	0.6885	-0.0001	815.0000	815.5237	1.0275	-3.9499	100.2088	40.0866	0.8230	0.8236	5.0000	-9999.0000	-9999.0000	-9999.0000	-9999.0000	-9999.0000	-9999.0000	19.8382	3	0	26.0186	1.0000	99	9	-9999.0000	9984	21418	-9999	278	290	-9999	560.2575	5	0.6872	0.6885	-0.0001	65.4125	2.8105	745.0398	452.0585	32.3380	672.2778	94.7222	743.9355	94.8843	751.7056	94.9306	757.6722	95.0694	
06/08/2017	00:34:22	011992	H421007704HLR	L421	S		707.0629	1.0292	10.0000	99.9510	39.8964	0.8430	0.8248	5.0000	22.4287	815.1162	94.9769	14.6402	25.0000	0.9300	0.9347	0.6886	-0.0001	815.0000	816.6802	1.0275	-4.0000	100.0252	39.9114	0.8230	0.8231	5.0000	-9999.0000	-9999.0000	-9999.0000	-9999.0000	-9999.0000	-9999.0000	22.3988	4	0	28.5171	1.0000	99	9	-9999.0000	9985	21419	-9999	278	291	-9999	560.3190	5	0.6871	0.6886	-0.0001	54.2992	3.5373	750.3996	483.5778	33.5417	685.7325	94.5602	749.1941	94.6991	758.1650	94.9537	764.7720	95.0926	
06/08/2017	00:34:51	011992	H421007700HLR	L421	S		697.8395	1.0292	10.0000	100.1567	39.8982	0.8430	0.8257	5.0000	19.0890	815.1170	94.8843	18.3587	24.9000	0.9300	0.9347	0.6896	-0.0002	815.0000	817.7999	1.0275	-4.0000	100.0501	39.9000	0.8230	0.8231	5.0000	-9999.0000	-9999.0000	-9999.0000	-9999.0000	-9999.0000	-9999.0000	22.7705	5	0	28.6507	1.0000	99	9	-9999.0000	9986	21420	-9999	279	292	-9999	559.6940	5	0.6810	0.6896	-0.0002	63.7230	2.9062	736.8292	481.2173	34.6528	671.3212	94.6528	735.2901	94.8380	744.6646	94.9769	750.2954	95.0926	
06/08/2017	00:35:18	011992	H421007626HLR	L421	S		699.0736	1.0292	10.0000	100.1715	40.1000	0.8430	0.8260	5.0000	18.9782	815.0806	94.8843	16.2992	24.9000	0.9300	0.9347	0.6896	-0.0002	815.0000	816.1052	1.0275	-4.0000	100.0531	40.0331	0.8230	0.8234	5.0000	-9999.0000	-9999.0000	-9999.0000	-9999.0000	-9999.0000	-9999.0000	22.0063	6	0	27.3993	1.0000	99	9	-9999.0000	9987	21421	-9999	280	293	-9999	559.6886	5	0.6810	0.6896	-0.0002	63.7230	2.9062	741.7784	480.9922	31.4352	668.2847	94.8380	740.5670	94.9306	750.0113	95.0463	756.6185	95.0926	
06/08/2017	00:35:45	011992	H421007646HLR	L421	S		701.9626	1.0292	10.0000	100.0734	40.0569	0.8430	0.8255	5.0000	19.2394	815.0572	94.9769	15.0190	24.8000	0.9300	0.9347	0.6913	-0.0003	815.0000	815.5031	1.0275	-3.9477	100.1113	40.0900	0.8230	0.8238	5.0000	-9999.0000	-9999.0000	-9999.0000	-9999.0000	-9999.0000	-9999.0000	19.1981	7	0	26.6688	1.0000	99	9	-9999.0000	9988	21422	-9999	281	294	-9999	560.0759	5	0.6810	0.6913	-0.0003	98.3638	0.8738	744.2809	478.6404	32.9398	673.8292	94.6759	742.6950	94.7685	753.0961	95.0231	760.4087	95.1389	
06/08/2017	00:36:13	011992	H421007668HLR	L421	S		699.5541	1.0292	10.0000	100.1876	39.9238	0.8430	0.8256	5.0000	18.9699	815.0425	94.8611	17.6000	24.7000	0.9300	0.9347	0.6893	-0.0002	815.0000	818.2762	1.0275	-4.0000	100.1195	39.9407	0.8230	0.8231	5.0000	-9999.0000	-9999.0000	-9999.0000	-9999.0000	-9999.0000	-9999.0000	21.4189	8	0	28.8389	1.0000	99	9	-9999.0000	9989	21423	-9999	281	295	-9999	559.5019	5	0.6810	0.6893	-0.0002	97.8038	0.8987	740.9445	467.4448	32.8704	670.4751	94.5833	740.0080	94.6528	748.7371	94.9306	755.5916	95.1157	
06/08/2017	00:36:43	011992	H421007659HLR	L421	S		696.8274	1.0292	10.0000	100.1434	39.9894	0.8430	0.8258	5.0000	18.9685	815.0912	94.8611	17.7894	24.6000	0.9300	0.9347	0.6927	-0.0004	815.0000	816.1779	1.0275	-4.0000	100.2807	39.9828	0.8230	0.8238	5.0000	-9999.0000	-9999.0000	-9999.0000	-9999.0000	-9999.0000	-9999.0000	19.2884	1	0	29.1595	1.0000	99	9	-9999.0000	9990	21424	-9999	282	296	-9999	558.9744	5	0.6806	0.6927	-0.0004	97.8316	0.9080	732.7672	467.4338	32.1065	663.3759	94.5833	731.4225	94.7222	738.9773	94.9537	745.5159	95.0926	
06/08/2017	00:37:11	011992	H421007679HLR	L421	S		700.5420	1.0292	10.0000	100.1667	40.0483	0.8430	0.8257	5.0000	18.9690	815.0321	94.9306	16.4896	24.6000	0.9300	0.9347	0.6911	-0.0003	815.0000	817.3874	1.0275	-4.0000	100.1290	40.0830	0.8230	0.8240	5.0000	-9999.0000	-9999.0000	-9999.0000	-9999.0000	-9999.0000	-9999.0000	19.3356	2	0	27.9682	1.0000	99	9	-9999.0000	9991	21425	-9999	283	297	-9999	559.1341	5	0.6803	0.6911	-0.0003	99.2725	0.8691	740.5747	455.4785	33.4491	668.0909	94.7454	739.2819	94.9306	748.1584	95.0231	755.8986	95.0231	
06/08/2017	00:37:37	011992	H421007616HLR	L421	S		702.6858	1.0292	10.0000	100.1455	39.9519	0.8430	0.8256	5.0000	18.9884	815.0536	94.9306	15.8090	24.5000	0.9300	0.9348	0.6920	-0.0003	815.0000	816.1814	1.0275	-4.0000	100.0854	40.0140	0.8230	0.8231	5.0000	-9999.0000	-9999.0000	-9999.0000	-9999.0000	-9999.0000	-9999.0000	21.7999	3	0	26.6192	1.0000	99	9	-9999.0000	9992	21426	-9999	284	298	-9999	559.5392	5	0.6806	0.6920	-0.0003	100.0354	0.8405	741.0460	487.1075	31.8056	668.2891	94.6065	739.6005	94.7454	748.0800	94.9537	755.2431	95.0926	
06/08/2017	00:38:05	011992	H421007613HLR	L421	S		696.0431	1.0292	10.0000	100.1926	39.9733	0.8430	0.8258	5.0000	18.8899	815.0873	94.8380	17.9095	24.6000	0.9300	0.9349	0.6964	-0.0006	815.0000	816.4102	1.0275	-4.0000	100.1026	39.9287	0.8230	0.8231	5.0000	-9999.0000	-9999.0000	-9999.0000	-9999.0000	-9999.0000	-9999.0000	21.8690	4	0	27.8494	1.0000	99	9	-9999.0000	9993	21427	-9999	285	298	-9999	558.6066	5	0.6801	0.6964	-0.0006	100.6438	0.8708	734.4413	487.9415	31.5741	663.2164	94.7222	733.1728	94.8843	742.6549	95.0463	749.5057	95.0926	
06/08/2017	00:38:31	011992	H421007652HLR	L421	S		696.7210	1.0292	10.0000	100.1956	40.0255	0.8430	0.8258	5.0000	18.9479	815.0538	94.8611	18.2894	24.6000	0.9300	0.9350	0.6955	-0.0006	815.0000	817.0844	1.0275	-4.0000	100.0952	39.9874	0.8230	0.8232	5.0000	-9999.0000	-9999.0000	-9999.0000	-9999.0000	-9999.0000	-9999.0000	22.3083	5	0	26.1488	1.0000	99	9	-9999.0000	9994	21428	-9999	285	299	-9999	558.0566	5	0.6798	0.6955	-0.0006	77.6938	2.3083	735.1730	456.4598	31.5741	659.5742	95.5787	730.9360	95.9722	739.3630	95.1620	743.5591	94.7222	
06/08/2017	00:39:00	011992	H421007645HLR	L421	S		700.5768	1.0292	10.0000	100.1634	39.9922	0.8430	0.8257	5.0000	19.0686	815.0702	94.8611	17.0501	24.7000	0.9300	0.9350	0.6955	-0.0006	815.0000	814.3614	1.0275	-3.8275	100.0946	40.0220	0.8230	0.8231	5.0000	-9999.0000	-9999.0000	-9999.0000	-9999.0000	-9999.0000	-9999.0000	22.1409	6	0	28.5885	1.0000	99	9	-9999.0000	9995	21428	-9999	286	300	-9999	558.5223	5	0.6798	0.6955	-0.0006	77.6938	2.3083	732.0118	465.7717	32.4537	660.8987	94.0972	730.9047	94.0741	739.9050	94.6296	748.0425	95.0694	
06/08/2017	00:39:28	011992	H421007636HLR	L421	S		701.2381	1.0292	10.0000	100.1159	39.9756	0.8430	0.8257	5.0000	19.0100	815.1379	94.9769	15.6996	24.7000	0.9300	0.9350	0.6967	-0.0007	815.0000	814.6171	1.0275	-3.8544	100.0941	40.0313	0.8230	0.8233	5.0000	-9999.0000	-9999.0000	-9999.0000	-9999.0000	-9999.0000	-9999.0000	20.8786	7	0	28.6194	1.0000	99	9	-9999.0000	9996	21429	-9999	287	301	-9999	559.2664	5	0.6798	0.6967	-0.0007	73.2933	2.5853	735.7529	454.4113	31.8519	662.8019	94.1435	734.2234	94.1667	743.1091	94.6991	751.1518	95.0926	
06/08/2017	00:39:57	011992	H421007610HLR	L421	S		700.0560	1.0292	10.0000	100.1636	39.9758	0.8430	0.8257	5.0000	19.0684	815.0596	94.9306	16.9291	24.7000	0.9300	0.9350	0.6967	-0.0007	815.0000	815.5591	1.0275	-3.9536	100.1102	39.9840	0.8230	0.8231	5.0000	-9999.0000	-9999.0000	-9999.0000	-9999.0000	-9999.0000	-9999.0000	22.5182	8	0	28.2995	1.0000	99	9	-9999.0000	9997	21430	-9999	288	302	-9999	558.4003	5	0.6853	0.6967	-0.0007	72.1637	2.6589	733.3777	495.9643	32.9167	663.8093	95.1157	732.2774	95.2083	740.9948	95.1852	747.4178	95.0463	
06/08/2017	00:40:23	011992	H421005987HLR	L421	S		698.0773	1.0292	10.0000	100.1795	40.0024	0.8430	0.8258	5.0000	18.9387	815.1265	94.9769	15.2787	24.8000	0.9300	0.9350	0.6971	-0.0007	815.0000	815.4673	1.0275	-3.9439	100.2342	40.0693	0.8230	0.8238	5.0000	-9999.0000	-9999.0000	-9999.0000	-9999.0000	-9999.0000	-9999.0000	19.4888	1	0	25.8584	1.0000	99	9	-9999.0000	9998	21431	-9999	289	303	-9999	559.2662	5	0.6849	0.6971	-0.0007	74.8048	2.5068	734.9708	458.6306	32.2685	659.4656	94.4213	733.6453	94.3750	743.4218	94.7685	752.7485	95.0694	
06/08/2017	00:40:51	011992	H421007641HLR	L421	S		702.2575	1.0292	10.0000	100.2182	40.0248	0.8430	0.8257	5.0000	18.8977	815.0573	94.8380	17.6292	24.8000	0.9300	0.9350	0.6987	-0.0008	815.0000	814.1481	1.0275	-3.8051	99.9657	40.0766	0.8230	0.8238	5.0000	-9999.0000	-9999.0000	-9999.0000	-9999.0000	-9999.0000	-9999.0000	19.2390	2	0	28.0600	1.0000	99	9	-9999.0000	9999	21432	-9999	290	304	-9999	557.8900	5	0.6848	0.6987	-0.0008	83.8397	1.9980	731.0383	478.8702	33.5185	663.8432	94.3287	730.2753	94.3056	738.1386	94.7917	745.1653	95.1389	
06/08/2017	00:41:19	011992	H421007611HLR	L421	S		702.5049	1.0292	10.0000	100.1724	39.9874	0.8430	0.8257	5.0000	19.0588	815.1151	94.7917	17.6595	24.9000	0.9300	0.9350	0.7011	-0.0010	815.0000	814.2998	1.0275	-3.8210	100.2256	40.0778	0.8230	0.8238	5.0000	-9999.0000	-9999.0000	-9999.0000	-9999.0000	-9999.0000	-9999.0000	19.4874	3	0	28.2580	1.0000	99	9	-9999.0000	10000	21433	-9999	291	305	-9999	557.8239	5	0.6851	0.7011	-0.0010	76.8840	2.3814	729.8427	477.2444	33.4722	660.3746	95.3241	728.8840	95.5787	738.1859	95.2083	743.3144	94.9306	
06/08/2017	00:41:47	011992	H421007642HLR	L421	S		696.9897	1.0292	10.0000	100.2121	40.0229	0.8430	0.8258	5.0000	18.9689	815.0597	94.8611	17.3793	24.9000	0.9300	0.9350	0.6985	-0.0008	815.0000	813.7498	1.0275	-3.7631	100.1388	40.0527	0.8230	0.8234	5.0000	-9999.0000	-9999.0000	-9999.0000	-9999.0000	-9999.0000	-9999.0000	21.1630	4	0	27.8689	1.0000	99	9	-9999.0000	10001	21434	-9999	292	306	-9999	557.9371	5	0.6849	0.6985	-0.0008	68.8714	2.8327	732.3419	469.2584	33.6343	663.8075	95.6944	727.4070	96.0880	735.4654	95.1620	741.2104	94.7917	
06/08/2017	00:42:15	011992	H421007618HLR	L421	S		701.5639	1.0292	10.0000	100.2359	40.0333	0.8430	0.8258	5.0000	18.9993	815.0601	94.9769	15.0092	24.9000	0.9300	0.9349	0.6985	-0.0008	815.0000	813.2752	1.0275	-3.7132	100.0929	40.0036	0.8230	0.8231	5.0000	-9999.0000	-9999.0000	-9999.0000	-9999.0000	-9999.0000	-9999.0000	23.7745	5	0	28.2091	1.0000	99	9	-9999.0000	10002	21435	-9999	293	307	-9999	559.4894	5	0.6849	0.6985	-0.0008	68.8714	2.8327	736.5069	479.6053	34.6991	671.4892	93.6111	735.4220	93.6343	743.2670	94.4676	751.9595	95.0926	
06/08/2017	00:42:43	011992	H421007609HLR	L421	S		699.4855	1.0292	10.0000	100.2049	40.0261	0.8430	0.8258	5.0000	18.9191	815.0891	94.8380	17.1693	24.9000	0.9300	0.9349	0.6967	-0.0007	815.0000	815.7728	1.0275	-3.9761	100.1076	40.0311	0.8230	0.8231	5.0000	-9999.0000	-9999.0000	-9999.0000	-9999.0000	-9999.0000	-9999.0000	22.4158	6	0	28.4588	1.0000	99	9	-9999.0000	10003	21436	-9999	294	308	-9999	558.2368	5	0.6850	0.6967	-0.0007	103.3353	0.7173	734.0582	495.8285	33.7963	672.8067	93.8889	733.1690	93.9583	741.7086	94.6065	750.0053	95.1157	
06/08/2017	00:43:11	011992	H421007640HLR	L421	S		696.6439	1.0292	10.0000	100.2145	40.0289	0.8430	0.8257	5.0000	18.8771	815.0820	94.8611	17.4593	24.9000	0.9300	0.9349	0.6967	-0.0007	815.0000	814.3773	1.0275	-3.8292	100.1225	40.0345	0.8230	0.8230	5.0000	-9999.0000	-9999.0000	-9999.0000	-9999.0000	-9999.0000	-9999.0000	22.7982	7	0	27.5790	1.0000	99	9	-9999.0000	10003	21437	-9999	295	309	-9999	558.1086	5	0.6850	0.6967	-0.0007	103.3353	0.7173	730.5561	487.4236	33.1250	660.4769	94.4676	729.1661	94.4213	737.2965	94.8148	744.5630	95.0926	
06/08/2017	00:43:39	011992	H421007639HLR	L421	S		696.9317	1.0292	10.0000	100.2181	40.0503	0.8430	0.8258	5.0000	18.9133	815.0549	94.9074	16.9300	24.9000	0.9300	0.9349	0.6966	-0.0007	815.0000	813.4175	1.0275	-3.7282	100.1468	40.0366	0.8230	0.8232	5.0000	-9999.0000	-9999.0000	-9999.0000	-9999.0000	-9999.0000	-9999.0000	21.6783	8	0	27.9589	1.0000	99	9	-9999.0000	10004	21438	-9999	296	310	-9999	558.5520	5	0.6852	0.6966	-0.0007	100.6801	0.8697	729.5870	460.8478	33.4491	660.0305	94.1204	728.4982	94.0046	736.7666	94.6296	745.0130	95.0694	
06/08/2017	00:44:07	011992	H421007648HLR	L421	S		699.9532	1.0292	10.0000	100.1468	40.0361	0.8430	0.8257	5.0000	19.1091	815.0785	94.8380	17.3792	24.9000	0.9300	0.9349	0.7020	-0.0010	815.0000	816.1214	1.0275	-4.0000	100.1275	40.0556	0.8230	0.8233	5.0000	-9999.0000	-9999.0000	-9999.0000	-9999.0000	-9999.0000	-9999.0000	20.8591	1	0	27.5888	1.0000	99	9	-9999.0000	10005	21439	-9999	297	311	-9999	558.3629	5	0.6854	0.7020	-0.0010	96.3113	1.1229	730.9833	484.7104	31.2963	659.1747	94.1435	729.6714	94.0972	739.3043	94.6991	746.0683	95.1620	
06/08/2017	00:44:34	011992	H421009954HLR	L421	S		696.7694	1.0292	10.0000	100.1584	40.0283	0.8430	0.8258	5.0000	18.8921	815.0626	94.8380	17.5091	24.9000	0.9300	0.9350	0.7018	-0.0010	815.0000	814.4108	1.0275	-3.8327	100.0388	40.0731	0.8230	0.8237	5.0000	-9999.0000	-9999.0000	-9999.0000	-9999.0000	-9999.0000	-9999.0000	19.5289	2	0	27.2988	1.0000	99	9	-9999.0000	10006	21439	-9999	298	312	-9999	558.1753	5	0.6854	0.7018	-0.0010	103.0426	0.6992	725.5439	465.3289	31.3194	655.2721	94.4444	723.9385	94.5602	733.8259	94.8843	741.1839	95.1157	
06/08/2017	00:45:04	011992	H421009649HLR	L421	Q		699.8092	1.0292	10.0000	100.1428	40.0501	0.8430	0.8257	5.0000	19.0696	815.0874	94.9074	16.6800	24.9000	0.9300	0.9349	0.6939	-0.0005	815.0000	816.4425	1.0275	-4.0000	100.0119	40.0596	0.8230	0.8237	5.0000	-9999.0000	-9999.0000	-9999.0000	-9999.0000	-9999.0000	-9999.0000	19.5886	3	0	30.2984	1.0000	99	9	-9999.0000	10007	21440	-9999	299	313	-9999	558.8798	5	0.6856	0.6939	-0.0005	111.8055	0.1691	736.2620	458.4440	31.3657	665.0946	94.7222	735.2308	94.9537	743.7456	95.0463	750.7879	95.0926	
06/08/2017	00:45:32	011992	H421009934HLR	L421	Q		696.2925	1.0292	10.0000	100.1353	40.0240	0.8430	0.8257	5.0000	19.0196	815.0396	94.8611	16.9593	24.9000	0.9300	0.9349	0.6983	-0.0007	815.0000	815.1041	1.0275	-3.9057	100.2238	40.0527	0.8230	0.8237	5.0000	-9999.0000	-9999.0000	-9999.0000	-9999.0000	-9999.0000	-9999.0000	19.7891	4	0	27.9393	1.0000	99	9	-9999.0000	10008	21441	-9999	300	314	-9999	558.7879	5	0.6857	0.6983	-0.0007	110.2899	0.2792	730.4038	456.4687	32.0833	657.0008	94.4213	729.3695	94.4444	737.8712	94.8148	745.6487	95.0926	
06/08/2017	00:45:59	011992	H421009653HLR	L421	S		698.3336	1.0292	10.0000	100.1391	40.0110	0.8430	0.8257	5.0000	18.8584	815.1107	94.9074	16.7796	24.9000	0.9300	0.9349	0.6991	-0.0008	815.0000	815.6812	1.0275	-3.9664	100.1055	39.9864	0.8230	0.8231	5.0000	-9999.0000	-9999.0000	-9999.0000	-9999.0000	-9999.0000	-9999.0000	21.8580	5	0	26.7988	1.0000	99	9	-9999.0000	10009	21442	-9999	301	315	-9999	558.8958	5	0.6855	0.6991	-0.0008	121.8950	-0.3134	730.9004	460.7580	34.2824	661.1216	94.5602	729.7124	94.6759	738.4105	94.8843	746.0041	95.0463	
06/08/2017	00:46:26	011992	H421009638HLR	L421	S		698.8743	1.0292	10.0000	100.1682	40.0202	0.8430	0.8258	5.0000	18.9895	815.0933	94.9074	16.4291	24.9000	0.9300	0.9349	0.6988	-0.0008	815.0000	815.3283	1.0275	-3.9293	100.1856	40.0417	0.8230	0.8238	5.0000	-9999.0000	-9999.0000	-9999.0000	-9999.0000	-9999.0000	-9999.0000	19.3688	6	0	27.1592	1.0000	99	9	-9999.0000	10010	21443	-9999	302	316	-9999	559.2222	5	0.6855	0.6988	-0.0008	133.1772	-1.0017	730.8187	455.8268	32.8241	662.9099	94.5602	729.3571	94.7454	739.9743	94.9306	747.4315	95.0926	
06/08/2017	00:46:55	011992	H421009635HLR	L421	S		696.6577	1.0292	10.0000	100.1818	40.0204	0.8430	0.8257	5.0000	18.9689	815.1038	94.9537	19.4797	24.9000	0.9300	0.9350	0.7039	-0.0011	815.0000	817.0804	1.0275	-4.0000	100.2268	40.0525	0.8230	0.8238	5.0000	-9999.0000	-9999.0000	-9999.0000	-9999.0000	-9999.0000	-9999.0000	19.6787	7	0	29.3290	1.0000	99	9	-9999.0000	10011	21444	-9999	303	317	-9999	556.8361	5	0.6854	0.7039	-0.0011	110.8131	0.3612	722.7725	466.9262	32.2454	657.0814	94.6991	721.5326	94.8380	731.1617	95.0000	737.8170	95.0694	
06/08/2017	00:47:26	011992	H421009679HLR	L421	S		695.5493	1.0292	10.0000	100.1881	39.9976	0.8430	0.8257	5.0000	18.9485	815.1042	94.8611	16.9896	24.9000	0.9300	0.9350	0.7039	-0.0011	815.0000	813.6200	1.0275	-3.7495	100.1116	39.9816	0.8230	0.8232	5.0000	-9999.0000	-9999.0000	-9999.0000	-9999.0000	-9999.0000	-9999.0000	21.3798	8	0	30.1190	1.0000	99	9	-9999.0000	10012	21445	-9999	304	318	-9999	558.8632	5	0.6854	0.7039	-0.0011	110.8131	0.3612	723.3606	452.7691	32.8704	654.9534	94.4213	721.5530	94.5139	731.3941	94.8380	739.4084	95.0694	
06/08/2017	00:47:55	011992	H421009639HLR	L421	S		701.1940	1.0292	10.0000	100.1662	39.9974	0.8430	0.8257	5.0000	18.9884	815.0821	94.9306	15.8100	24.9000	0.9300	0.9349	0.7042	-0.0011	815.0000	814.9485	1.0275	-3.8893	100.0891	39.9438	0.8230	0.8231	5.0000	-9999.0000	-9999.0000	-9999.0000	-9999.0000	-9999.0000	-9999.0000	22.5085	1	0	29.3984	1.0000	99	9	-9999.0000	10013	21446	-9999	305	318	-9999	559.8182	5	0.6855	0.7042	-0.0011	114.5498	0.1462	730.0634	451.6579	33.0556	660.8713	94.7222	728.8239	94.9074	738.6137	95.0231	745.4682	95.0463	
06/08/2017	00:48:24	011992	H421009652HLR	L421	S		697.9536	1.0292	10.0000	100.1377	39.9569	0.8430	0.8256	5.0000	19.4797	815.0837	94.9074	16.2396	24.9000	0.9300	0.9349	0.7054	-0.0012	815.0000	814.0006	1.0275	-3.7895	100.1470	39.9892	0.8230	0.8233	5.0000	-9999.0000	-9999.0000	-9999.0000	-9999.0000	-9999.0000	-9999.0000	21.1511	2	0	29.5098	1.0000	99	9	-9999.0000	10014	21447	-9999	305	319	-9999	559.3814	5	0.6855	0.7054	-0.0012	82.3726	2.0299	725.6715	467.1857	32.6852	656.5764	94.6528	724.3656	94.8611	735.1621	95.0231	742.4735	95.0926	
06/08/2017	00:48:52	011992	H421009648HLR	L421	S		699.9914	1.0292	10.0000	100.1777	39.9747	0.8430	0.8258	5.0000	18.8687	815.0597	94.8380	18.3792	24.9000	0.9300	0.9350	0.7083	-0.0014	815.0000	816.2235	1.0275	-4.0000	100.0927	40.0545	0.8230	0.8238	5.0000	-9999.0000	-9999.0000	-9999.0000	-9999.0000	-9999.0000	-9999.0000	19.3918	3	0	27.4782	1.0000	99	9	-9999.0000	10015	21448	-9999	305	320	-9999	557.1231	5	0.6849	0.7083	-0.0014	95.7290	1.2517	723.3248	479.1992	31.7824	655.0185	94.6991	721.8939	94.8380	729.5806	95.0231	737.5727	95.0926	
06/08/2017	00:49:21	011992	H421009961HLR	L421	S		687.9652	1.0292	10.0000	100.1634	40.0002	0.8430	0.8257	5.0000	19.0047	815.0917	94.8611	19.0989	24.9000	0.9300	0.9350	0.7099	-0.0014	815.0000	811.9288	1.0275	-3.5715	99.9985	40.0471	0.8230	0.8238	5.0000	-9999.0000	-9999.0000	-9999.0000	-9999.0000	-9999.0000	-9999.0000	19.3085	4	0	29.2392	1.0000	99	9	-9999.0000	10016	21449	-9999	305	321	-9999	556.3534	5	0.6851	0.7099	-0.0014	96.9640	1.1937	711.1509	458.4290	32.1065	641.3320	94.7454	709.2890	94.8611	720.0904	94.9769	727.7083	95.0463	
06/08/2017	00:49:50	011992	H421009971HLR	L421	S		689.5714	1.0292	10.0000	100.1365	39.9643	0.8430	0.8257	5.0000	18.9890	815.0824	94.8611	18.4192	24.9000	0.9300	0.9350	0.7096	-0.0014	815.0000	812.5049	1.0275	-3.6321	100.1445	39.9419	0.8230	0.8232	5.0000	-9999.0000	-9999.0000	-9999.0000	-9999.0000	-9999.0000	-9999.0000	21.7037	5	0	28.5390	1.0000	99	9	-9999.0000	10017	21450	-9999	306	322	-9999	557.0716	5	0.6853	0.7096	-0.0014	92.9389	1.4191	711.8226	451.9548	32.4537	642.2307	94.5833	710.5884	94.6759	720.7481	94.9074	728.0258	95.0926	
06/08/2017	00:50:19	011992	H421009935HLR	L421	S		696.4804	1.0292	10.0000	100.1097	39.9493	0.8430	0.8256	5.0000	19.6012	815.0237	94.8611	18.4896	25.0000	0.9300	0.9351	0.7117	-0.0016	815.0000	814.7319	1.0275	-3.8665	100.1220	39.9844	0.8230	0.8233	5.0000	-9999.0000	-9999.0000	-9999.0000	-9999.0000	-9999.0000	-9999.0000	21.8267	6	0	27.7187	1.0000	99	9	-9999.0000	10018	21451	-9999	307	323	-9999	556.7515	5	0.6852	0.7117	-0.0016	95.8725	1.2649	720.0501	459.1463	32.6620	650.1084	95.0231	718.5669	95.2083	728.5639	95.1157	735.4323	94.9769	
06/08/2017	00:50:47	011992	H421009955HLR	L421	S		697.0889	1.0292	10.0000	100.1549	39.9852	0.8430	0.8258	5.0000	18.9597	815.1079	94.8843	16.5189	25.0000	0.9300	0.9350	0.7117	-0.0016	815.0000	812.6211	1.0275	-3.6443	100.1462	40.0513	0.8230	0.8236	5.0000	-9999.0000	-9999.0000	-9999.0000	-9999.0000	-9999.0000	-9999.0000	19.7888	7	0	27.5194	1.0000	99	9	-9999.0000	10019	21452	-9999	308	324	-9999	559.3013	5	0.6852	0.7117	-0.0016	95.8725	1.2649	720.9269	448.6552	33.5648	650.1588	95.4398	719.4826	95.7176	729.9099	95.1852	735.5040	94.8380	
06/08/2017	00:51:15	011992	H421009675HLR	L421	S		695.0553	1.0292	10.0000	100.1939	39.9856	0.8430	0.8258	5.0000	18.8694	815.1125	94.8380	18.3099	25.0000	0.9300	0.9350	0.7068	-0.0013	815.0000	811.8283	1.0275	-3.5609	100.1552	39.9709	0.8230	0.8233	5.0000	-9999.0000	-9999.0000	-9999.0000	-9999.0000	-9999.0000	-9999.0000	21.1287	8	0	27.9686	1.0000	99	9	-9999.0000	10020	21453	-9999	309	325	-9999	557.4263	5	0.6852	0.7068	-0.0013	88.4021	1.7007	718.9012	449.4276	32.9630	650.3843	94.6759	717.5426	94.8611	726.3708	95.0231	731.6342	95.0463	
06/08/2017	00:51:40	011992	H421009941HLR	L421	S		693.2788	1.0292	10.0000	100.2017	39.9530	0.8430	0.8258	5.0000	18.9085	815.1246	94.8611	17.6790	25.1000	0.9300	0.9350	0.7048	-0.0011	815.0000	813.1928	1.0275	-3.7045	100.0958	39.9581	0.8230	0.8232	5.0000	-9999.0000	-9999.0000	-9999.0000	-9999.0000	-9999.0000	-9999.0000	22.4783	1	0	24.8693	1.0000	99	9	-9999.0000	10021	21454	-9999	310	325	-9999	558.4380	5	0.6853	0.7048	-0.0011	83.4231	2.0088	722.4402	441.4690	34.0278	651.7648	94.6296	720.9761	94.6991	730.9248	94.9537	738.0687	95.0926	
06/08/2017	00:52:06	011992	H421009947HLR	L421	S		694.5132	1.0292	10.0000	100.1562	39.9764	0.8430	0.8258	5.0000	18.8969	815.1050	94.9074	16.7396	25.1000	0.9300	0.9350	0.7060	-0.0012	815.0000	812.4813	1.0275	-3.6296	100.2479	40.0792	0.8230	0.8240	5.0000	-9999.0000	-9999.0000	-9999.0000	-9999.0000	-9999.0000	-9999.0000	19.2184	2	0	25.9288	1.0000	99	9	-9999.0000	10022	21455	-9999	310	326	-9999	559.2650	5	0.6850	0.7060	-0.0012	85.6273	1.8564	724.6849	452.8064	32.6157	651.8991	94.5370	723.1383	94.7222	732.1468	94.9074	740.4091	95.0463	
06/08/2017	00:52:28	011992	H421009951HLR	L421	S		693.9019	1.0292	10.0000	100.2032	39.9711	0.8430	0.8258	5.0000	19.0199	815.1034	94.8611	16.6390	25.2000	0.9300	0.9350	0.7091	-0.0014	815.0000	812.6325	1.0275	-3.6455	100.0878	40.0100	0.8230	0.8231	5.0000	-9999.0000	-9999.0000	-9999.0000	-9999.0000	-9999.0000	-9999.0000	22.3594	3	0	23.3193	1.0000	99	9	-9999.0000	10023	21456	-9999	311	327	-9999	559.7200	5	0.6853	0.7091	-0.0014	84.5784	1.9068	722.7155	450.1098	31.5972	653.4762	94.9537	721.1482	95.1620	732.2598	95.1620	739.0959	95.0926	
06/08/2017	00:52:43	011992	H421009957HLR	L421	S		692.1142	1.0292	10.0000	100.1549	39.9681	0.8430	0.8258	5.0000	18.8953	815.1272	94.8843	16.9496	25.2000	0.9300	0.9350	0.7094	-0.0014	815.0000	812.1860	1.0275	-3.5985	99.9199	40.0555	0.8230	0.8235	5.0000	-9999.0000	-9999.0000	-9999.0000	-9999.0000	-9999.0000	-9999.0000	19.8680	4	0	15.1088	1.0000	99	9	-9999.0000	10024	21457	-9999	312	328	-9999	559.6811	5	0.6854	0.7094	-0.0014	85.4259	1.8383	719.8508	465.4869	33.4722	647.7187	94.9074	718.3728	94.9537	727.5635	95.0463	736.3683	95.1157	
06/08/2017	00:57:39	011992	G523004413HLR	L523	S		435.3735	1.0292	6.6267	99.9721	39.7700	0.8430	0.8264	5.0000	18.9993	508.0595	94.9537	13.8403	25.0000	0.9300	0.9335	0.6140	-0.0008	508.0000	500.1197	1.0275	8.9498	99.9785	39.6082	0.8230	0.8237	5.0000	-9999.0000	-9999.0000	-9999.0000	-9999.0000	-9999.0000	-9999.0000	19.8989	1	1	26.0195	1.0000	99	9	-9999.0000	10025	21458	-9999	313	329	-9999	306.6508	5	0.6028	0.6140	-0.0008	50.3182	1.5558	488.8275	465.6839	35.4630	445.9879	101.0417	483.1239	100.5787	487.8783	93.9352	480.8700	94.3056	
06/08/2017	00:58:58	011992	G523004412HLR	L523	S		433.1490	1.0292	6.8884	100.0103	39.6701	0.8430	0.8264	5.0000	18.4179	508.0712	95.1157	15.1996	25.0000	0.9300	0.9337	0.6237	-0.0008	508.0000	503.7605	1.0275	8.6971	99.9580	39.9194	0.8230	0.8239	5.0000	-9999.0000	-9999.0000	-9999.0000	-9999.0000	-9999.0000	-9999.0000	19.8193	5	0	14.8189	1.0000	99	9	-9999.0000	10026	21459	-9999	314	330	-9999	311.0413	5	0.6132	0.6237	-0.0008	49.9279	1.5438	463.2555	450.4889	34.3519	384.0870	94.9306	462.7142	93.4259	466.7769	94.4444	473.6881	95.0463	
06/08/2017	01:05:44	011992	G488005284HLR	L488	S		613.7367	1.0292	10.0000	100.0345	39.7146	0.8430	0.8263	5.0000	19.0729	713.0674	94.9306	14.9692	25.0000	0.9300	0.9336	0.6568	-0.0008	713.0000	704.2770	1.0275	-2.7112	99.9398	40.2070	0.8230	0.8251	5.0000	-9999.0000	-9999.0000	-9999.0000	-9999.0000	-9999.0000	-9999.0000	19.8024	1	1	26.4880	1.0000	99	9	-9999.0000	10027	21460	-9999	315	331	-9999	460.0527	5	0.6454	0.6568	-0.0008	78.2387	1.6420	649.4171	415.7574	33.2639	592.8600	92.9630	648.4012	92.5231	657.5138	93.9583	664.8222	95.1389	
06/08/2017	01:07:12	011992	G488005823HLR	L488	S		619.1767	1.0292	10.0000	100.0204	39.6160	0.8430	0.8264	5.0000	18.7887	713.0390	94.9537	15.6693	24.9000	0.9300	0.9339	0.6649	-0.0008	713.0000	710.6951	1.0275	-2.6263	99.9624	39.6863	0.8230	0.8228	5.0000	-9999.0000	-9999.0000	-9999.0000	-9999.0000	-9999.0000	-9999.0000	23.4262	5	0	14.9398	1.0000	99	9	-9999.0000	10028	21461	-9999	316	331	-9999	465.4286	5	0.6532	0.6649	-0.0008	77.7601	1.6319	642.6342	462.9025	33.4259	588.3761	92.3843	641.7539	91.5278	650.9951	93.6806	659.5902	95.2083	
06/08/2017	01:10:24	011992	G488005777HLR	L488	S		605.2784	1.0292	9.8336	99.9979	39.6000	0.8430	0.8267	5.0000	18.5288	713.1194	95.1157	20.6594	24.7000	0.9300	0.9341	0.6662	-0.0008	713.0000	712.8444	1.0275	-2.5978	99.9643	39.9896	0.8230	0.8235	5.0000	-9999.0000	-9999.0000	-9999.0000	-9999.0000	-9999.0000	-9999.0000	20.1490	5	0	28.3790	1.0000	99	9	-9999.0000	10030	21462	-9999	318	332	-9999	463.6162	5	0.6541	0.6662	-0.0008	77.6906	1.6305	625.2015	421.9566	32.2917	570.8503	92.3611	624.3196	91.4352	632.3482	93.5880	642.5376	95.1852	
06/08/2017	01:12:53	011992	G488005782HLR	L488	Q		618.1185	1.0292	10.0000	100.0244	39.7000	0.8430	0.8270	5.0000	18.8390	713.0519	95.0000	17.4701	24.7000	0.9300	0.9342	0.6663	-0.0008	713.0000	713.5788	1.0275	-2.5881	99.9869	39.6349	0.8230	0.8246	5.0000	-9999.0000	-9999.0000	-9999.0000	-9999.0000	-9999.0000	-9999.0000	20.6374	1	0	27.7695	1.0000	99	9	-9999.0000	10031	21463	-9999	319	333	-9999	465.4106	5	0.6527	0.6663	-0.0008	77.6874	1.6304	640.9145	461.8713	34.3981	587.7557	94.9306	640.0206	93.9352	647.1311	94.5602	652.8230	95.0926	
06/08/2017	01:13:22	011992	G488005816HLR	L488	S		601.9188	1.0292	9.5428	100.0097	39.9756	0.8430	0.8266	5.0000	18.8625	0.0000	0.0000	0.0000	0.0000	0.9300	0.0000	0.0000	0.0000	713.0000	675.8217	1.0275	-3.0880	100.0735	40.2459	0.8230	0.8260	5.0000	-9999.0000	-9999.0000	-9999.0000	-9999.0000	-9999.0000	-9999.0000	19.9988	2	1	28.9589	1.0000	99	9	-9999.0000	10032	0	-9999	320	334	-9999	0.0000	0	0.0000	0.0000	0.0000	0.0000	0.0000	0.0000	457.9634	32.8935	563.9061	93.6806	619.2720	92.5926	624.4094	94.0046	632.0243	95.1389	
06/08/2017	01:13:48	011992	G488005356HLR	L488	S		-9999.0000	0.0000	0.0000	-9999.0000	-9999.0000	0.8430	-9999.0000	0.0000	0.0000	2987.8804	92.8241	4.1502	24.8000	0.9300	0.0000	0.6663	-0.0008	713.0000	633.2191	1.0275	-2.7824	99.9474	40.0607	0.8230	0.8240	5.0000	-9999.0000	-9999.0000	-9999.0000	-9999.0000	-9999.0000	-9999.0000	20.0788	3	1	26.4993	1.0000	99	9	-9999.0000	0	21463	-9999	321	335	-9999	1978.9999	5	0.6527	0.6663	-0.0008	77.6874	1.6304	2994.5223	551.1922	15.3009	4504.4777	50.8333	3650.9546	70.9954	3036.2170	89.6759	0.0000	0.0000	
06/08/2017	01:14:14	011992	G488005347HLR	L488	S		606.2068	1.0292	9.9140	100.0521	39.7892	0.8430	0.8263	5.0000	18.9397	713.0748	94.8843	19.0091	25.3000	0.9300	0.9352	0.6662	-0.0008	713.0000	712.9589	1.0275	-2.5963	100.1648	39.5758	0.8230	0.8232	5.0000	-9999.0000	-9999.0000	-9999.0000	-9999.0000	-9999.0000	-9999.0000	19.6906	4	0	26.1886	1.0000	99	9	-9999.0000	10033	21464	-9999	322	336	-9999	464.5670	5	0.6526	0.6662	-0.0008	77.6959	1.6306	669.0071	454.2946	32.8241	573.3357	116.8981	683.4217	123.1250	683.0736	98.3102	649.9258	93.7963	
06/08/2017	01:14:46	011992	G488005322HLR	L488	S		618.5164	1.0292	10.0000	99.9509	39.7008	0.8430	0.8261	5.0000	18.4922	713.0804	94.9769	16.9486	25.0000	0.9300	0.9345	0.6662	-0.0008	713.0000	713.6431	1.0275	-2.5872	99.9920	39.8749	0.8230	0.8252	5.0000	-9999.0000	-9999.0000	-9999.0000	-9999.0000	-9999.0000	-9999.0000	19.7789	5	0	32.1586	1.0000	99	9	-9999.0000	10034	21465	-9999	323	337	-9999	465.6403	5	0.6526	0.6662	-0.0008	77.6959	1.6306	647.3378	465.3634	32.1528	589.8358	94.4676	646.6054	94.0509	653.6969	94.5833	659.8100	95.1389	
06/08/2017	01:15:11	011992	G488005311HLR	L488	S		617.9142	1.0292	10.0000	100.0433	39.8000	0.8430	0.8263	5.0000	18.9743	713.0844	94.9769	17.9700	24.9000	0.9300	0.9344	0.6643	-0.0007	713.0000	712.9944	1.0275	-2.5958	99.9741	40.2317	0.8230	0.8248	5.0000	-9999.0000	-9999.0000	-9999.0000	-9999.0000	-9999.0000	-9999.0000	20.0890	6	0	24.9893	1.0000	99	9	-9999.0000	10035	21466	-9999	324	338	-9999	465.0810	5	0.6593	0.6643	-0.0007	43.3910	3.0728	640.8661	483.9076	32.6389	586.5583	94.7917	639.7194	94.0741	647.9885	94.6065	653.1207	95.0694	
06/08/2017	01:15:53	011992	G488005301HLR	L488	Q		621.6290	1.0292	10.0000	99.9356	39.7822	0.8430	0.8256	5.0000	20.4593	713.0425	94.9537	15.5990	24.9000	0.9300	0.9344	0.6643	-0.0007	713.0000	713.2340	1.0275	-2.5927	99.9860	39.9050	0.8230	0.8233	5.0000	-9999.0000	-9999.0000	-9999.0000	-9999.0000	-9999.0000	-9999.0000	19.5693	7	0	41.8285	1.0000	99	9	-9999.0000	10036	21467	-9999	325	339	-9999	466.2115	5	0.6593	0.6643	-0.0007	43.3910	3.0728	651.4497	489.7516	33.3102	592.3219	95.2546	650.6592	94.3519	657.1737	94.6528	663.3719	95.0694	
06/08/2017	01:16:27	011992	G488005330HLR	L488	S		619.6758	1.0292	10.0000	100.0883	39.7403	0.8430	0.8260	5.0000	18.9186	713.0971	94.9306	15.3490	25.0000	0.9300	0.9344	0.6642	-0.0007	713.0000	714.5175	1.0275	-2.5757	99.9148	39.5980	0.8230	0.8234	5.0000	-9999.0000	-9999.0000	-9999.0000	-9999.0000	-9999.0000	-9999.0000	19.5412	8	0	33.8190	1.0000	99	9	-9999.0000	10037	21468	-9999	326	339	-9999	466.3631	5	0.6577	0.6642	-0.0007	38.9984	3.3774	652.9425	507.2673	34.2130	599.3453	94.7222	652.0032	94.4444	660.2196	94.7454	665.7617	95.0694	
06/08/2017	01:16:57	011992	G488005372HLR	L488	S		609.3514	1.0292	10.0000	100.0613	39.8072	0.8430	0.8262	5.0000	18.9289	713.0296	94.8843	21.2092	25.0000	0.9300	0.9345	0.6610	-0.0005	713.0000	712.7517	1.0275	-2.5991	100.1181	40.3309	0.8230	0.8248	5.0000	-9999.0000	-9999.0000	-9999.0000	-9999.0000	-9999.0000	-9999.0000	21.0603	1	0	29.6386	1.0000	99	9	-9999.0000	10038	21469	-9999	327	340	-9999	463.7149	5	0.6561	0.6610	-0.0005	39.9171	3.2710	638.2401	495.9464	33.8426	579.6781	94.2593	637.2262	93.8194	644.0059	94.5139	650.5571	95.0000	
06/08/2017	01:17:51	011992	G488005362HLR	L488	S		605.9396	1.0292	9.8909	100.1314	39.7954	0.8430	0.8260	5.0000	18.9780	647.0029	95.0000	31.0086	24.9000	0.9300	0.9343	0.6615	-0.0005	713.0000	718.7725	1.0275	-2.5193	100.0284	39.5669	0.8230	0.8229	5.0000	-9999.0000	-9999.0000	-9999.0000	-9999.0000	-9999.0000	-9999.0000	19.4387	3	0	27.0593	1.0000	99	9	-9999.0000	10040	21470	-9999	329	341	-9999	416.9585	5	0.6554	0.6615	-0.0005	45.4147	2.9801	553.7739	468.0450	35.5324	511.9040	96.5278	549.8793	96.0417	555.3130	95.4861	558.5186	94.4907	
06/08/2017	01:18:23	011992	G488005352HLR	L488	S		606.3306	1.0292	9.9247	100.1282	39.7774	0.8430	0.8261	5.0000	18.9191	713.0760	94.9769	22.8488	24.8000	0.9300	0.9343	0.6609	-0.0005	713.0000	712.3567	1.0275	-2.6043	99.9320	39.8000	0.8230	0.8253	5.0000	-9999.0000	-9999.0000	-9999.0000	-9999.0000	-9999.0000	-9999.0000	19.6248	4	0	31.7087	1.0000	99	9	-9999.0000	10041	21471	-9999	330	342	-9999	463.1762	5	0.6551	0.6609	-0.0005	53.0154	2.5229	629.7287	453.4267	32.5926	576.8503	93.7037	628.6766	92.9861	634.2502	94.2593	640.0950	95.1620	
06/08/2017	01:18:51	011992	G488004047HLR	L488	S		609.8868	1.0292	10.0000	100.1243	39.9124	0.8430	0.8259	5.0000	18.7796	713.0884	94.9769	18.8401	24.8000	0.9300	0.9343	0.6609	-0.0005	713.0000	715.5658	1.0275	-2.5618	100.0684	40.3635	0.8230	0.8248	5.0000	-9999.0000	-9999.0000	-9999.0000	-9999.0000	-9999.0000	-9999.0000	21.1193	5	0	28.0985	1.0000	99	9	-9999.0000	10042	21472	-9999	331	343	-9999	464.7228	5	0.6551	0.6609	-0.0005	53.0154	2.5229	640.3846	474.5521	33.4491	583.3156	93.5417	639.3426	92.7546	646.4124	94.2130	654.4638	95.2083	
06/08/2017	01:19:22	011992	G488004058HLR	L488	S		619.6386	1.0292	10.0000	100.1124	39.7463	0.8430	0.8261	5.0000	18.9070	713.0298	94.9306	16.2699	24.8000	0.9300	0.9343	0.6609	-0.0005	713.0000	720.0466	1.0275	-2.5025	99.9879	39.9880	0.8230	0.8228	5.0000	-9999.0000	-9999.0000	-9999.0000	-9999.0000	-9999.0000	-9999.0000	20.8592	6	2	31.4890	1.0000	99	9	-9999.0000	10042	21473	-9999	332	344	-9999	465.5554	5	0.6551	0.6609	-0.0005	53.0154	2.5229	653.9701	498.1577	34.4907	598.8505	93.7731	653.3209	92.8241	660.6239	94.3519	668.3423	95.1852	
06/08/2017	01:19:54	011992	G488004045HLR	L488	S		616.5115	1.0292	10.0000	99.9369	39.9000	0.8430	0.8259	5.0000	20.7693	713.0584	94.9537	16.2299	24.7000	0.9300	0.9344	0.6608	-0.0005	713.0000	712.2120	1.0275	-2.6062	99.9599	39.6591	0.8230	0.8232	5.0000	-9999.0000	-9999.0000	-9999.0000	-9999.0000	-9999.0000	-9999.0000	19.7718	7	0	31.2362	1.0000	99	9	-9999.0000	10043	21474	-9999	333	345	-9999	465.5981	5	0.6479	0.6608	-0.0005	54.6144	2.4422	648.9733	481.7915	34.6528	590.6652	94.2130	647.8508	93.4954	655.5524	94.4444	662.3091	95.1852	
06/08/2017	01:20:27	011992	G488005344HLR	L488	S		604.9092	1.0292	9.8017	100.1146	39.8681	0.8430	0.8259	5.0000	18.8841	713.0480	94.8843	20.8293	24.7000	0.9300	0.9344	0.6596	-0.0004	713.0000	712.7371	1.0275	-2.5992	99.9892	40.1110	0.8230	0.8251	5.0000	-9999.0000	-9999.0000	-9999.0000	-9999.0000	-9999.0000	-9999.0000	20.1891	8	0	33.2344	1.0000	99	9	-9999.0000	10043	21475	-9999	334	346	-9999	464.1710	5	0.6476	0.6596	-0.0004	75.4038	1.2982	634.9345	484.7317	34.7222	580.1737	94.5833	634.1201	93.6343	640.0387	94.5139	647.0177	95.1157	
06/08/2017	01:20:58	011992	G488004048HLR	L488	S		614.8959	1.0292	10.0000	100.1449	39.8000	0.8430	0.8260	5.0000	18.8293	713.0451	94.9537	17.3187	24.7000	0.9300	0.9344	0.6596	-0.0004	713.0000	718.6269	1.0275	-2.5213	99.9598	40.1072	0.8230	0.8236	5.0000	-9999.0000	-9999.0000	-9999.0000	-9999.0000	-9999.0000	-9999.0000	20.1890	1	0	31.1364	1.0000	99	9	-9999.0000	10044	21476	-9999	335	347	-9999	465.2150	5	0.6476	0.6596	-0.0004	75.4038	1.2982	650.1199	485.1581	34.5602	593.3935	94.0741	649.4179	93.2639	655.7201	94.4213	664.0505	95.1620	
06/08/2017	01:21:24	011992	G488004070HLR	L488	S		615.2609	1.0292	10.0000	100.1582	39.9050	0.8430	0.8262	5.0000	18.8623	713.0105	94.9074	20.4289	24.7000	0.9300	0.9345	0.6604	-0.0005	713.0000	718.3044	1.0275	-2.5255	99.9705	39.7685	0.8230	0.8235	5.0000	-9999.0000	-9999.0000	-9999.0000	-9999.0000	-9999.0000	-9999.0000	20.0876	2	0	25.2785	1.0000	99	9	-9999.0000	10045	21477	-9999	336	348	-9999	464.2384	5	0.6451	0.6604	-0.0005	75.5210	1.2664	644.5495	465.4574	32.9167	587.0611	94.7685	643.8368	93.8657	649.3118	94.6296	655.5171	95.0926	
06/08/2017	01:21:48	011992	G488004020HLR	L488	S		618.9061	1.0292	10.0000	100.1169	39.8409	0.8430	0.8259	5.0000	19.0991	713.0496	94.9306	19.9592	24.7000	0.9300	0.9345	0.6602	-0.0004	713.0000	715.6671	1.0275	-2.5605	100.0795	40.0505	0.8230	0.8249	5.0000	-9999.0000	-9999.0000	-9999.0000	-9999.0000	-9999.0000	-9999.0000	19.4991	3	0	25.2694	1.0000	99	9	-9999.0000	10046	21478	-9999	337	348	-9999	464.3505	5	0.6450	0.6602	-0.0004	76.2156	1.2773	644.5319	480.3805	34.3981	589.5695	95.0000	643.8186	94.1435	650.2744	94.7685	656.2054	95.0694	
06/08/2017	01:22:14	011992	G488004002HLR	L488	S		609.3677	1.0292	10.0000	100.1527	39.8539	0.8430	0.8261	5.0000	18.8293	713.0707	94.9074	21.7687	24.6000	0.9300	0.9345	0.6551	-0.0002	713.0000	714.4350	1.0275	-2.5768	100.0614	40.0671	0.8230	0.8239	5.0000	-9999.0000	-9999.0000	-9999.0000	-9999.0000	-9999.0000	-9999.0000	20.6122	4	0	24.9593	1.0000	99	9	-9999.0000	10047	21479	-9999	337	348	-9999	463.9063	5	0.6444	0.6551	-0.0002	79.1038	1.1797	634.9657	440.7809	33.8889	577.5247	95.1157	634.0624	94.3750	640.2817	94.8148	645.5743	95.1620	
06/08/2017	01:22:44	011992	G488004225HLR	L488	S		615.3784	1.0292	10.0000	100.0995	39.8695	0.8430	0.8260	5.0000	19.3791	713.0597	94.9074	16.0092	24.7000	0.9300	0.9345	0.6551	-0.0002	713.0000	708.8738	1.0275	-2.6504	99.9885	39.8529	0.8230	0.8234	5.0000	-9999.0000	-9999.0000	-9999.0000	-9999.0000	-9999.0000	-9999.0000	19.9823	5	0	30.5680	1.0000	99	9	-9999.0000	10048	21479	-9999	338	349	-9999	464.5537	5	0.6444	0.6551	-0.0002	79.1038	1.1797	651.9965	459.8231	33.7731	591.3999	95.1157	650.9310	94.3519	657.9094	94.7685	663.6300	95.0926	
06/08/2017	01:23:13	011992	G488004193HLR	L488	S		619.3764	1.0292	10.0000	100.1590	39.8561	0.8430	0.8260	5.0000	19.5889	713.0540	94.9537	14.3198	24.7000	0.9300	0.9345	0.6529	-0.0002	713.0000	707.8179	1.0275	-2.6644	100.0333	39.8182	0.8230	0.8235	5.0000	-9999.0000	-9999.0000	-9999.0000	-9999.0000	-9999.0000	-9999.0000	21.9379	6	0	28.6797	1.0000	99	9	-9999.0000	10049	21480	-9999	339	350	-9999	464.0169	5	0.6436	0.6529	-0.0002	82.8027	1.0240	660.1243	498.7123	34.4676	602.3035	95.5556	659.1489	94.9537	666.3602	95.0231	671.1685	95.1389	
06/08/2017	01:23:37	011992	G488004046HLR	L488	S		615.6227	1.0292	10.0000	100.1114	39.8565	0.8430	0.8261	5.0000	18.8217	713.0648	94.9306	13.8188	24.6000	0.9300	0.9345	0.6529	-0.0002	713.0000	710.7293	1.0275	-2.6258	99.9445	40.1303	0.8230	0.8245	5.0000	-9999.0000	-9999.0000	-9999.0000	-9999.0000	-9999.0000	-9999.0000	19.9080	7	0	24.8085	1.0000	99	9	-9999.0000	10050	21481	-9999	340	351	-9999	464.0861	5	0.6431	0.6529	-0.0002	85.3948	0.8967	662.1765	458.3117	35.6019	605.9619	95.3935	660.9623	94.8611	669.4366	94.9769	674.4069	95.1389	
06/08/2017	01:24:38	011992	G488004038HLR	L488	S		612.7767	1.0292	10.0000	100.1241	39.8868	0.8430	0.8260	5.0000	18.9895	713.0470	94.9074	19.4990	24.7000	0.9300	0.9346	0.6648	-0.0008	713.0000	714.2933	1.0275	-2.5786	100.1086	39.8018	0.8230	0.8232	5.0000	-9999.0000	-9999.0000	-9999.0000	-9999.0000	-9999.0000	-9999.0000	19.3886	1	0	27.8692	1.0000	99	9	-9999.0000	10052	21482	-9999	342	352	-9999	463.3942	5	0.6504	0.6648	-0.0008	65.0210	1.9224	646.2802	446.8988	33.2407	583.3132	95.9028	644.9636	95.3935	652.4682	95.2546	656.9765	95.1620	
06/08/2017	01:25:03	011992	G488004036HLR	L488	S		615.9803	1.0292	10.0000	100.0912	39.8707	0.8430	0.8259	5.0000	19.1096	713.1063	95.0000	17.7796	24.7000	0.9300	0.9346	0.6632	-0.0007	713.0000	712.3536	1.0275	-2.6043	99.9777	39.8064	0.8230	0.8248	5.0000	-9999.0000	-9999.0000	-9999.0000	-9999.0000	-9999.0000	-9999.0000	19.5792	2	0	24.8790	1.0000	99	9	-9999.0000	10053	21483	-9999	343	353	-9999	464.2846	5	0.6508	0.6632	-0.0007	69.7765	1.6495	640.2308	458.3971	34.1898	579.8025	94.9537	639.2184	94.1667	646.4231	94.7454	650.5187	95.0926	
06/08/2017	01:25:58	011992	G488004022HLR	L488	S		614.4396	1.0292	10.0000	100.0238	39.8608	0.8430	0.8261	5.0000	18.6595	713.0676	94.9074	21.5597	24.8000	0.9300	0.9347	0.6658	-0.0008	713.0000	717.0553	1.0275	-2.5421	99.9745	40.1635	0.8230	0.8237	5.0000	-9999.0000	-9999.0000	-9999.0000	-9999.0000	-9999.0000	-9999.0000	19.6080	4	0	26.0790	1.0000	99	9	-9999.0000	10055	21484	-9999	345	354	-9999	462.2933	5	0.6510	0.6658	-0.0008	67.8579	1.7329	642.8838	466.2558	32.5000	577.9182	96.2731	642.1585	95.8102	649.3195	95.3935	654.0021	94.9769	
06/08/2017	01:26:25	011992	G488003477HLR	L488	S		619.8169	1.0292	10.0000	100.0855	39.8848	0.8430	0.8261	5.0000	18.8186	713.1096	94.9769	16.9193	24.8000	0.9300	0.9346	0.6658	-0.0008	713.0000	714.4397	1.0275	-2.5767	100.0306	39.7491	0.8230	0.8230	5.0000	-9999.0000	-9999.0000	-9999.0000	-9999.0000	-9999.0000	-9999.0000	20.7880	5	0	27.6193	1.0000	99	9	-9999.0000	10056	21485	-9999	345	355	-9999	464.9820	5	0.6510	0.6658	-0.0008	67.8579	1.7329	648.4441	489.6401	32.7778	588.4277	95.8796	647.3975	94.9537	655.0349	95.0231	658.8457	95.0463	
06/08/2017	01:27:21	011992	G488003732HLR	L488	S		618.4356	1.0292	10.0000	99.9917	39.8238	0.8430	0.8259	5.0000	19.0286	713.0759	94.9769	18.2190	24.9000	0.9300	0.9347	0.6690	-0.0010	713.0000	712.6472	1.0275	-2.6004	100.0567	40.1972	0.8230	0.8244	5.0000	-9999.0000	-9999.0000	-9999.0000	-9999.0000	-9999.0000	-9999.0000	19.8000	7	0	29.0291	1.0000	99	9	-9999.0000	10058	21485	-9999	347	356	-9999	464.1327	5	0.6501	0.6690	-0.0010	65.0632	1.7931	646.6789	460.8634	33.0556	585.1971	96.4352	645.8332	95.8333	652.2353	95.4398	656.2484	94.9537	
06/08/2017	01:27:48	011992	G488003745HLR	L488	S		622.6067	1.0292	10.0000	100.1495	39.9002	0.8430	0.8261	5.0000	18.9646	713.0627	94.9306	15.1391	24.8000	0.9300	0.9345	0.6690	-0.0010	713.0000	715.8893	1.0275	-2.5575	99.9385	39.8515	0.8230	0.8233	5.0000	-9999.0000	-9999.0000	-9999.0000	-9999.0000	-9999.0000	-9999.0000	20.0984	8	0	26.4896	1.0000	99	9	-9999.0000	10059	21486	-9999	347	357	-9999	465.9407	5	0.6501	0.6690	-0.0010	65.0632	1.7931	650.5354	479.4427	33.4259	586.6803	95.6713	649.6127	94.7917	657.5200	94.9306	662.9062	95.0926	
06/08/2017	01:28:15	011992	G488003645HLR	L488	S		614.1052	1.0292	10.0000	100.1788	39.9894	0.8430	0.8260	5.0000	18.8488	713.0373	94.9769	16.8294	24.9000	0.9300	0.9346	0.6700	-0.0011	713.0000	713.7843	1.0275	-2.5854	100.1069	39.8351	0.8230	0.8236	5.0000	-9999.0000	-9999.0000	-9999.0000	-9999.0000	-9999.0000	-9999.0000	22.6295	1	0	27.5484	1.0000	99	9	-9999.0000	10060	21487	-9999	348	358	-9999	464.8546	5	0.6504	0.6700	-0.0011	67.8588	1.6378	643.5320	483.2432	33.5880	578.1345	95.7176	642.4834	94.7685	649.8021	94.9074	655.2289	95.0926	
06/08/2017	01:28:43	011992	G488003643HLR	L488	S		623.6118	1.0292	10.0000	100.1190	39.8529	0.8430	0.8257	5.0000	19.2495	713.1327	94.9537	15.9096	24.9000	0.9300	0.9345	0.6700	-0.0011	713.0000	713.7494	1.0275	-2.5858	99.9792	40.0613	0.8230	0.8240	5.0000	-9999.0000	-9999.0000	-9999.0000	-9999.0000	-9999.0000	-9999.0000	20.9393	2	0	27.4782	1.0000	99	9	-9999.0000	10060	21488	-9999	349	359	-9999	465.6788	5	0.6504	0.6700	-0.0011	67.8588	1.6378	646.7502	481.0223	33.4491	587.9306	95.5093	645.7222	94.5139	653.1677	94.8148	659.6501	95.1157	
06/08/2017	01:29:09	011992	G488003999HLR	L488	S		615.5879	1.0292	10.0000	100.0867	39.9108	0.8430	0.8261	5.0000	18.7380	713.0657	94.9769	18.1302	24.9000	0.9300	0.9345	0.6664	-0.0009	713.0000	717.5462	1.0275	-2.5356	100.0125	40.0142	0.8230	0.8236	5.0000	-9999.0000	-9999.0000	-9999.0000	-9999.0000	-9999.0000	-9999.0000	20.2888	3	0	26.4798	1.0000	99	9	-9999.0000	10061	21489	-9999	350	360	-9999	464.0983	5	0.6511	0.6664	-0.0009	67.0896	1.6728	642.2257	465.8687	32.4769	581.1053	95.3472	641.1656	94.2593	648.2745	94.6991	653.7993	95.1157	
06/08/2017	01:29:38	011992	G488003482HLR	L488	S		623.9154	1.0292	10.0000	100.1257	39.9731	0.8430	0.8260	5.0000	19.0891	713.0674	94.9306	15.5492	24.8000	0.9300	0.9344	0.6664	-0.0009	713.0000	715.7203	1.0275	-2.5597	100.0023	39.8866	0.8230	0.8237	5.0000	-9999.0000	-9999.0000	-9999.0000	-9999.0000	-9999.0000	-9999.0000	19.6894	4	0	28.4792	1.0000	99	9	-9999.0000	10062	21490	-9999	350	361	-9999	465.5781	5	0.6511	0.6664	-0.0009	67.0896	1.6728	653.9015	494.1146	34.4213	591.9924	95.4630	652.8565	94.5833	660.2666	94.8611	666.0397	95.1389	
06/08/2017	01:30:03	011992	G488003582HLR	L488	S		620.4965	1.0292	10.0000	100.1871	39.9126	0.8430	0.8259	5.0000	19.0101	713.0512	94.9537	16.5892	24.7000	0.9300	0.9344	0.6697	-0.0011	713.0000	713.9473	1.0275	-2.5832	99.9595	39.9920	0.8230	0.8244	5.0000	-9999.0000	-9999.0000	-9999.0000	-9999.0000	-9999.0000	-9999.0000	19.2896	5	0	25.5382	1.0000	99	9	-9999.0000	10063	21491	-9999	351	362	-9999	464.7888	5	0.6513	0.6697	-0.0011	71.4844	1.4348	645.5176	482.2517	33.7500	584.8419	95.4861	644.5141	94.4676	651.0226	94.8148	656.3646	95.0926	
06/08/2017	01:30:32	011992	G488003742HLR	L488	S		616.4467	1.0292	10.0000	100.1023	39.9018	0.8430	0.8260	5.0000	18.7717	713.1048	94.8843	16.4691	24.7000	0.9300	0.9344	0.6684	-0.0010	713.0000	715.0367	1.0275	-2.5688	100.0127	40.0554	0.8230	0.8240	5.0000	-9999.0000	-9999.0000	-9999.0000	-9999.0000	-9999.0000	-9999.0000	19.9782	6	0	28.6494	1.0000	99	9	-9999.0000	10063	21492	-9999	352	363	-9999	464.7248	5	0.6510	0.6684	-0.0010	70.1527	1.4953	643.1112	492.2630	33.0324	584.0341	95.5324	641.9803	94.4907	649.2750	94.7917	655.0410	95.0694	
06/08/2017	01:30:59	011992	G488003613HLR	L488	S		622.5285	1.0292	10.0000	100.1123	39.9651	0.8430	0.8259	5.0000	19.6093	713.0789	94.9074	15.6195	24.7000	0.9300	0.9345	0.6668	-0.0010	713.0000	712.3295	1.0275	-2.6046	99.9755	39.9577	0.8230	0.8238	5.0000	-9999.0000	-9999.0000	-9999.0000	-9999.0000	-9999.0000	-9999.0000	19.5260	7	0	26.9594	1.0000	99	9	-9999.0000	10064	21493	-9999	353	364	-9999	464.9399	5	0.6502	0.6668	-0.0010	73.5911	1.3419	650.1639	503.0907	34.6065	596.0752	95.7176	649.1695	95.0694	656.0984	95.0463	660.5666	95.0694	
06/08/2017	01:31:26	011992	G488003573HLR	L488	S		622.8904	1.0292	10.0000	100.1370	39.9361	0.8430	0.8259	5.0000	19.0964	713.0748	95.0000	17.5492	24.6000	0.9300	0.9345	0.6674	-0.0010	713.0000	714.3876	1.0275	-2.5774	100.0588	39.9493	0.8230	0.8240	5.0000	-9999.0000	-9999.0000	-9999.0000	-9999.0000	-9999.0000	-9999.0000	19.9095	8	0	27.4787	1.0000	99	9	-9999.0000	10065	21494	-9999	354	365	-9999	463.5730	5	0.6502	0.6674	-0.0010	65.6545	1.7159	648.5345	507.9399	36.2037	598.2489	95.5093	647.4748	94.9769	653.8364	95.0000	657.7859	95.0926	
06/08/2017	01:31:51	011992	G488003600HLR	L488	S		619.5399	1.0292	10.0000	100.1825	39.9004	0.8430	0.8260	5.0000	18.7886	713.1047	94.9537	14.6996	24.6000	0.9300	0.9345	0.6674	-0.0010	713.0000	711.6028	1.0275	-2.6143	99.9576	40.0188	0.8230	0.8240	5.0000	-9999.0000	-9999.0000	-9999.0000	-9999.0000	-9999.0000	-9999.0000	20.3583	1	0	24.7783	1.0000	99	9	-9999.0000	10066	21495	-9999	355	366	-9999	465.5781	5	0.6502	0.6674	-0.0010	65.6545	1.7159	649.5704	485.3259	34.8843	591.1849	95.3472	648.1332	94.4907	655.6172	94.8380	661.7961	95.0694	
06/08/2017	01:32:16	011992	G488003492HLR	L488	S		612.4324	1.0292	10.0000	100.1264	39.9657	0.8430	0.8261	5.0000	18.7288	713.0602	94.9769	17.7698	24.6000	0.9300	0.9345	0.6616	-0.0006	713.0000	715.4336	1.0275	-2.5635	99.9379	40.0120	0.8230	0.8240	5.0000	-9999.0000	-9999.0000	-9999.0000	-9999.0000	-9999.0000	-9999.0000	19.3489	2	0	24.9993	1.0000	99	9	-9999.0000	10067	21496	-9999	356	367	-9999	463.0703	5	0.6508	0.6616	-0.0006	53.2188	2.5085	641.7318	488.5687	34.2130	582.1438	95.7639	640.8832	95.0000	648.6536	95.0463	653.4554	95.0926	
06/08/2017	01:32:43	011992	G488003476HLR	L488	S		622.5322	1.0292	10.0000	99.9422	39.8838	0.8430	0.8257	5.0000	19.9267	713.0366	94.9306	16.0287	24.6000	0.9300	0.9345	0.6616	-0.0006	713.0000	713.5363	1.0275	-2.5887	100.0693	39.9463	0.8230	0.8238	5.0000	-9999.0000	-9999.0000	-9999.0000	-9999.0000	-9999.0000	-9999.0000	19.7711	3	0	26.8591	1.0000	99	9	-9999.0000	10068	21497	-9999	356	368	-9999	464.3697	5	0.6508	0.6616	-0.0006	53.2188	2.5085	652.6150	492.0436	33.0093	594.3732	95.3704	651.4745	94.4676	658.5252	94.8611	663.9556	95.0694	
06/08/2017	01:33:09	011992	G488003531HLR	L488	S		615.6036	1.0292	10.0000	100.1494	39.9186	0.8430	0.8260	5.0000	18.8148	713.0526	94.9074	16.5697	24.6000	0.9300	0.9345	0.6651	-0.0009	713.0000	714.3504	1.0275	-2.5779	100.0081	39.9731	0.8230	0.8241	5.0000	-9999.0000	-9999.0000	-9999.0000	-9999.0000	-9999.0000	-9999.0000	19.6189	4	0	26.4084	1.0000	99	9	-9999.0000	10069	21498	-9999	357	368	-9999	463.9857	5	0.6506	0.6651	-0.0009	62.6829	1.9052	646.5300	500.3852	32.5000	581.1111	95.6481	645.4481	94.7685	652.4669	94.9074	657.9421	95.0000	
06/08/2017	01:33:38	011992	G488003553HLR	L488	S		628.3004	1.0292	10.0000	100.1603	39.9529	0.8430	0.8260	5.0000	19.0089	713.0805	94.9537	13.5093	24.6000	0.9300	0.9345	0.6784	-0.0017	713.0000	713.9234	1.0275	-2.5835	100.0849	39.9445	0.8230	0.8233	5.0000	-9999.0000	-9999.0000	-9999.0000	-9999.0000	-9999.0000	-9999.0000	22.7613	5	0	28.6093	1.0000	99	9	-9999.0000	10070	21499	-9999	358	369	-9999	467.5667	5	0.6509	0.6784	-0.0017	54.2033	2.4640	650.8658	493.9201	33.8657	591.8737	95.5787	649.9644	94.7222	657.9159	94.9074	663.8065	95.0694	
06/08/2017	01:34:05	011992	G488003557HLR	L488	S		620.5618	1.0292	10.0000	100.1233	39.9214	0.8430	0.8259	5.0000	18.8888	713.1524	94.9306	13.3696	24.6000	0.9300	0.9346	0.6851	-0.0021	713.0000	719.3731	1.0275	-2.5114	99.9287	39.9647	0.8230	0.8239	5.0000	-9999.0000	-9999.0000	-9999.0000	-9999.0000	-9999.0000	-9999.0000	19.3593	6	0	26.9198	1.0000	99	9	-9999.0000	10071	21500	-9999	359	370	-9999	468.7862	5	0.6506	0.6851	-0.0021	39.2566	3.3950	646.9124	484.2951	33.7037	581.4629	96.0417	645.8624	95.2315	654.8074	95.1620	660.8313	95.0231	
06/08/2017	01:34:34	011992	G488003459HLR	L488	S		622.6630	1.0292	10.0000	100.1434	39.8830	0.8430	0.8259	5.0000	18.9787	713.1414	94.9769	15.9301	24.6000	0.9300	0.9346	0.6847	-0.0021	713.0000	713.2753	1.0275	-2.5921	99.9560	40.0329	0.8230	0.8243	5.0000	-9999.0000	-9999.0000	-9999.0000	-9999.0000	-9999.0000	-9999.0000	19.1989	7	0	28.6884	1.0000	99	9	-9999.0000	10072	21501	-9999	360	371	-9999	464.7323	5	0.6505	0.6847	-0.0021	37.4187	3.4685	636.0312	481.2535	34.2593	576.7568	95.4861	635.0336	94.6759	642.3384	94.9074	648.2070	95.0463	
06/08/2017	01:35:00	011992	G488003451HLR	L488	S		620.8466	1.0292	10.0000	100.1242	39.9457	0.8430	0.8260	5.0000	18.8651	713.0812	94.9537	15.1098	24.6000	0.9300	0.9345	0.6836	-0.0020	713.0000	712.6063	1.0275	-2.6010	99.9709	40.0417	0.8230	0.8241	5.0000	-9999.0000	-9999.0000	-9999.0000	-9999.0000	-9999.0000	-9999.0000	19.4044	8	0	26.4194	1.0000	99	9	-9999.0000	10073	21502	-9999	360	372	-9999	465.7294	5	0.6502	0.6836	-0.0020	41.4308	3.2662	637.2009	469.4614	34.5370	580.2890	95.3935	635.9426	94.6296	645.6371	94.9306	650.6818	95.0463	
06/08/2017	01:35:25	011992	G488003512HLR	L488	S		610.9079	1.0292	10.0000	100.1409	39.9585	0.8430	0.8259	5.0000	18.9838	713.0706	94.9769	17.7289	24.6000	0.9300	0.9346	0.6798	-0.0018	713.0000	713.2176	1.0275	-2.5929	100.0021	39.9776	0.8230	0.8239	5.0000	-9999.0000	-9999.0000	-9999.0000	-9999.0000	-9999.0000	-9999.0000	19.7153	1	0	24.8590	1.0000	99	9	-9999.0000	10074	21503	-9999	361	373	-9999	462.1552	5	0.6511	0.6798	-0.0018	68.1285	1.6336	629.0250	469.4479	33.8657	570.1653	95.5324	627.8657	94.6759	637.1149	94.8843	643.5155	95.0463	
06/08/2017	01:35:52	011992	G488003448HLR	L488	S		622.2320	1.0292	10.0000	100.1523	39.8741	0.8430	0.8259	5.0000	19.0597	713.0992	94.9074	16.0092	24.6000	0.9300	0.9346	0.6798	-0.0018	713.0000	713.5845	1.0275	-2.5880	100.0065	39.9537	0.8230	0.8239	5.0000	-9999.0000	-9999.0000	-9999.0000	-9999.0000	-9999.0000	-9999.0000	19.7146	2	0	27.2187	1.0000	99	9	-9999.0000	10074	21504	-9999	362	374	-9999	464.4198	5	0.6511	0.6798	-0.0018	68.1285	1.6336	639.6829	458.6432	33.9815	580.4285	95.3472	638.4766	94.6759	646.0738	94.9074	653.1743	95.0926	
06/08/2017	01:36:17	011992	G488004170HLR	L488	S		607.8504	1.0292	10.0000	100.1267	39.9376	0.8430	0.8260	5.0000	19.0090	713.0870	95.0000	17.8392	24.7000	0.9300	0.9346	0.6797	-0.0018	713.0000	714.0419	1.0275	-2.5820	99.9841	40.0331	0.8230	0.8242	5.0000	-9999.0000	-9999.0000	-9999.0000	-9999.0000	-9999.0000	-9999.0000	19.6891	3	0	24.8096	1.0000	99	9	-9999.0000	10075	21505	-9999	363	375	-9999	461.9448	5	0.6515	0.6797	-0.0018	53.5384	2.4697	630.2376	488.0046	34.5139	566.1651	95.7176	629.3196	94.9306	637.0958	95.0000	642.1193	95.0231	
06/08/2017	01:36:42	011992	G488004191HLR	L488	S		611.5155	1.0292	10.0000	100.1347	39.9445	0.8430	0.8259	5.0000	18.9786	713.0728	94.9306	15.5092	24.7000	0.9300	0.9346	0.6797	-0.0018	713.0000	715.7995	1.0275	-2.5587	100.0002	40.0571	0.8230	0.8242	5.0000	-9999.0000	-9999.0000	-9999.0000	-9999.0000	-9999.0000	-9999.0000	19.3316	4	0	24.8683	1.0000	99	9	-9999.0000	10076	21506	-9999	363	376	-9999	465.0651	5	0.6515	0.6797	-0.0018	53.5384	2.4697	639.5549	474.3951	33.9583	574.4141	95.6944	638.6596	95.0231	648.1058	95.0694	653.4447	95.0463	
06/08/2017	01:37:07	011992	G488004168HLR	L488	S		611.6471	1.0292	10.0000	100.1537	39.9178	0.8430	0.8260	5.0000	18.8454	713.1137	94.9306	13.8198	24.7000	0.9300	0.9346	0.6808	-0.0019	713.0000	716.3996	1.0275	-2.5508	99.9969	39.9938	0.8230	0.8238	5.0000	-9999.0000	-9999.0000	-9999.0000	-9999.0000	-9999.0000	-9999.0000	19.7794	5	0	24.8799	1.0000	99	9	-9999.0000	10077	21507	-9999	364	377	-9999	467.3117	5	0.6510	0.6808	-0.0019	59.2784	2.2053	644.3901	473.0233	32.9398	579.0120	95.7639	643.0818	95.0231	651.9059	95.0231	658.5358	95.0231	
06/08/2017	01:37:32	011992	G488005422HLR	L488	S		615.1315	1.0292	10.0000	100.1407	39.9118	0.8430	0.8259	5.0000	19.1849	713.0829	94.9074	16.3500	24.8000	0.9300	0.9346	0.6819	-0.0019	713.0000	717.6363	1.0275	-2.5344	100.2146	39.9763	0.8230	0.8241	5.0000	-9999.0000	-9999.0000	-9999.0000	-9999.0000	-9999.0000	-9999.0000	19.2791	6	0	24.8789	1.0000	99	9	-9999.0000	10077	21508	-9999	365	378	-9999	463.8297	5	0.6512	0.6819	-0.0019	32.2057	3.8986	640.6517	485.8887	32.8704	579.2013	95.3935	639.5229	94.7917	647.3617	94.9074	653.9183	95.0926	
06/08/2017	01:37:57	011992	G488004150HLR	L488	S		-0.3410	1.0292	-0.0084	100.0099	39.7563	0.8430	0.8257	5.0000	19.1891	0.0000	0.0000	0.0000	0.0000	0.9300	0.0000	0.0000	0.0000	0.0000	-0.3165	1.0275	0.0000	99.8519	39.5137	0.8230	0.8233	5.0000	-9999.0000	-9999.0000	-9999.0000	-9999.0000	-9999.0000	-9999.0000	18.5690	7	18	24.9190	1.0000	99	9	-9999.0000	10078	0	-9999	366	379	-9999	0.0000	0	0.0000	0.0000	0.0000	0.0000	0.0000	0.0000	0.0000	0.0000	0.0000	0.0000	0.0000	0.0000	0.0000	0.0000	0.0000	0.0000	
06/08/2017	01:38:22	011992	G488004147HLR	L488	S		618.8111	1.0292	10.0000	100.1729	39.8786	0.8430	0.8263	5.0000	18.7767	713.0782	94.9306	12.7387	25.0000	0.9300	0.9347	0.6797	-0.0018	713.0000	716.2561	1.0275	-2.5527	100.1187	40.0000	0.8230	0.8248	5.0000	-9999.0000	-9999.0000	-9999.0000	-9999.0000	-9999.0000	-9999.0000	20.3377	8	0	25.1193	1.0000	99	9	-9999.0000	10079	21509	-9999	367	380	-9999	468.3297	5	0.6507	0.6797	-0.0018	50.8461	2.8392	650.2051	471.3919	33.4954	587.8098	95.3935	648.9543	95.2083	657.9888	95.1389	665.3691	95.0231	
06/08/2017	01:38:47	011992	G488004154HLR	L488	S		615.5334	1.0292	10.0000	100.1657	40.0283	0.8430	0.8262	5.0000	18.7686	713.1217	94.9306	13.3599	24.9000	0.9300	0.9346	0.6716	-0.0013	713.0000	716.4903	1.0275	-2.5496	100.1173	40.2371	0.8230	0.8241	5.0000	-9999.0000	-9999.0000	-9999.0000	-9999.0000	-9999.0000	-9999.0000	21.3670	1	0	24.9081	1.0000	99	9	-9999.0000	10080	21510	-9999	368	381	-9999	466.3449	5	0.6509	0.6716	-0.0013	69.7056	1.7677	656.0686	489.7522	33.2407	592.6147	95.8102	654.9341	95.3935	662.6807	95.1852	667.8509	95.0000	
06/08/2017	01:44:04	011992	G488004167HLR	L488	S		621.5969	1.0292	10.0000	100.1294	39.9816	0.8430	0.8258	5.0000	19.2290	713.1130	94.9306	12.7095	24.9000	0.9300	0.9346	0.6725	-0.0014	713.0000	717.6474	1.0275	-2.5342	100.1284	40.1150	0.8230	0.8240	5.0000	-9999.0000	-9999.0000	-9999.0000	-9999.0000	-9999.0000	-9999.0000	19.2790	2	0	317.5985	1.0000	99	9	-9999.0000	10081	21511	-9999	368	382	-9999	466.9321	5	0.6506	0.6725	-0.0014	68.0693	1.9007	657.3766	498.7138	34.3519	594.1469	95.5324	656.2368	95.1620	665.1926	95.0694	670.6519	95.0463	
06/08/2017	01:44:30	011992	G488004157HLR	L488	S		617.3097	1.0292	10.0000	100.1307	39.8930	0.8430	0.8259	5.0000	18.8596	713.0478	94.9537	13.9800	24.9000	0.9300	0.9346	0.6725	-0.0014	713.0000	716.0574	1.0275	-2.5553	100.1648	39.9048	0.8230	0.8232	5.0000	-9999.0000	-9999.0000	-9999.0000	-9999.0000	-9999.0000	-9999.0000	21.1785	3	0	25.6193	1.0000	99	9	-9999.0000	10082	21512	-9999	369	383	-9999	465.5640	5	0.6506	0.6725	-0.0014	68.0693	1.9007	651.6876	464.5313	32.2685	589.1073	95.3241	650.9481	95.0231	658.8525	95.0231	664.8748	95.0694	
06/08/2017	01:44:55	011992	G488004180HLR	L488	S		619.6226	1.0292	10.0000	100.1528	39.9649	0.8430	0.8260	5.0000	19.0876	713.0620	94.9306	14.2495	24.9000	0.9300	0.9346	0.6690	-0.0012	713.0000	714.7184	1.0275	-2.5730	99.9929	39.5132	0.8230	0.8234	5.0000	-9999.0000	-9999.0000	-9999.0000	-9999.0000	-9999.0000	-9999.0000	20.1193	4	0	24.9989	1.0000	99	9	-9999.0000	10083	21513	-9999	369	384	-9999	464.9690	5	0.6505	0.6690	-0.0012	87.6136	0.7424	656.1399	470.1918	34.7685	591.4249	95.6250	654.6961	95.3472	662.0136	95.1620	666.7516	95.0694	
06/08/2017	01:45:21	011992	G488004142HLR	L488	S		615.8377	1.0292	10.0000	100.1551	40.0295	0.8430	0.8260	5.0000	18.9188	713.0554	94.9537	12.2397	25.0000	0.9300	0.9345	0.6682	-0.0012	713.0000	713.5733	1.0275	-2.5882	99.9236	39.9000	0.8230	0.8258	5.0000	-9999.0000	-9999.0000	-9999.0000	-9999.0000	-9999.0000	-9999.0000	19.6093	5	0	26.3995	1.0000	99	9	-9999.0000	10084	21514	-9999	370	385	-9999	466.5044	5	0.6504	0.6682	-0.0012	90.4860	0.5868	660.2679	504.5906	33.7963	594.3816	96.1111	658.6672	95.7407	667.7147	95.3472	673.1569	94.9537	
06/08/2017	01:45:46	011992	G488004271HLR	L488	S		615.5867	1.0292	10.0000	100.1965	39.9767	0.8430	0.8259	5.0000	18.8498	713.0723	94.9306	14.9692	25.0000	0.9300	0.9345	0.6654	-0.0010	713.0000	716.5572	1.0275	-2.5487	99.9734	40.3263	0.8230	0.8251	5.0000	-9999.0000	-9999.0000	-9999.0000	-9999.0000	-9999.0000	-9999.0000	20.1093	6	0	25.1085	1.0000	99	9	-9999.0000	10085	21515	-9999	371	386	-9999	463.9122	5	0.6503	0.6654	-0.0010	85.5128	0.9796	654.6392	493.6012	34.0046	592.9425	95.4630	653.6557	95.0694	661.7197	95.0694	666.8943	95.0000	
06/08/2017	01:46:13	011992	G488004163HLR	L488	S		613.1344	1.0292	10.0000	100.1309	39.9437	0.8430	0.8259	5.0000	18.8187	713.0951	94.9306	14.7397	24.8000	0.9300	0.9343	0.6642	-0.0009	713.0000	715.9983	1.0275	-2.5561	99.9151	40.0048	0.8230	0.8235	5.0000	-9999.0000	-9999.0000	-9999.0000	-9999.0000	-9999.0000	-9999.0000	19.5487	7	0	26.6003	1.0000	99	9	-9999.0000	10086	21516	-9999	372	386	-9999	463.7720	5	0.6499	0.6642	-0.0009	84.0226	1.1507	667.8934	455.7703	35.6019	593.9374	98.9120	659.8135	98.7269	668.1160	94.6528	664.9792	94.1898	
06/08/2017	01:46:40	011992	G488003633HLR	L488	S		0.0000	0.0000	0.0000	0.0000	0.0000	0.8430	0.0000	0.0000	0.0000	0.0000	0.0000	0.0000	0.0000	0.9300	0.0000	0.0000	0.0000	0.0000	0.0000	0.0000	0.0000	0.0000	0.0000	0.8230	0.0000	0.0000	0.0000	0.0000	0.0000	0.0000	0.0000	0.0000	0.0000	0	42	26.6003	1.0000	99	9	0.0000	0	0	0	0	0	0	0.0000	0	0.0000	0.0000	0.0000	0.0000	0.0000	0.0000	0.0000	0.0000	0.0000	0.0000	0.0000	0.0000	0.0000	0.0000	0.0000	0.0000	
06/08/2017	01:47:01	011992	G488004162HLR	L488	S		613.2703	1.0292	10.0000	99.9488	39.7543	0.8430	0.8260	5.0000	20.3496	713.0884	94.9537	13.8100	24.6000	0.9300	0.9341	0.6652	-0.0010	713.0000	715.9326	1.0275	-2.5569	99.9758	39.6048	0.8230	0.8231	5.0000	-9999.0000	-9999.0000	-9999.0000	-9999.0000	-9999.0000	-9999.0000	19.8522	8	0	47.7477	1.0000	99	9	-9999.0000	10087	21517	-9999	373	387	-9999	464.3649	5	0.6502	0.6652	-0.0010	76.7943	1.6437	652.7310	494.8051	34.3750	596.5726	92.9630	651.7336	92.4074	659.3508	93.9583	669.0400	95.0926	
06/08/2017	01:47:26	011992	G488004172HLR	L488	S		618.4803	1.0292	10.0000	99.9394	39.8000	0.8430	0.8263	5.0000	18.4993	713.0638	94.9537	15.6303	24.7000	0.9300	0.9343	0.6681	-0.0012	713.0000	716.9855	1.0275	-2.5430	99.9862	40.0000	0.8230	0.8253	5.0000	-9999.0000	-9999.0000	-9999.0000	-9999.0000	-9999.0000	-9999.0000	19.6494	1	0	24.8484	1.0000	99	9	-9999.0000	10088	21518	-9999	374	388	-9999	462.7683	5	0.6505	0.6681	-0.0012	77.6883	1.5907	647.3362	498.6131	32.8009	592.8075	92.7546	646.7404	92.2685	654.0099	93.9815	662.7799	95.1389	
06/08/2017	01:47:51	011992	G488004152HLR	L488	S		620.3321	1.0292	10.0000	100.0771	39.8481	0.8430	0.8261	5.0000	18.6924	713.0809	94.9306	13.3501	24.7000	0.9300	0.9343	0.6731	-0.0016	713.0000	713.5157	1.0275	-2.5889	100.0573	39.9743	0.8230	0.8230	5.0000	-9999.0000	-9999.0000	-9999.0000	-9999.0000	-9999.0000	-9999.0000	20.4090	2	0	25.4991	1.0000	99	9	-9999.0000	10089	21519	-9999	375	389	-9999	464.7107	5	0.6506	0.6731	-0.0016	78.5872	1.5187	645.2098	461.6194	32.8241	584.9118	92.7083	644.6359	92.4769	653.6708	93.9583	663.3988	95.1389	
06/08/2017	01:48:17	011992	G488004146HLR	L488	S		611.5274	1.0292	10.0000	100.0329	39.7812	0.8430	0.8259	5.0000	19.0287	713.1232	94.9306	15.8402	24.8000	0.9300	0.9343	0.6767	-0.0019	713.0000	710.6270	1.0275	-2.6272	99.9513	39.6333	0.8230	0.8232	5.0000	-9999.0000	-9999.0000	-9999.0000	-9999.0000	-9999.0000	-9999.0000	19.8692	3	0	26.0586	1.0000	99	9	-9999.0000	10090	21520	-9999	376	390	-9999	461.2844	5	0.6504	0.6767	-0.0019	80.2704	1.3954	634.6572	477.1245	34.7222	577.6375	93.2407	634.1529	92.9861	642.2693	94.1898	649.0683	95.1852	
06/08/2017	01:48:42	011992	G488004173HLR	L488	S		620.7727	1.0292	10.0000	100.1021	39.7794	0.8430	0.8260	5.0000	18.9514	713.1301	94.9074	12.9897	24.8000	0.9300	0.9343	0.6758	-0.0019	713.0000	714.1994	1.0275	-2.5799	99.9755	40.0000	0.8230	0.8249	5.0000	-9999.0000	-9999.0000	-9999.0000	-9999.0000	-9999.0000	-9999.0000	20.3660	4	0	24.9603	1.0000	99	9	-9999.0000	10091	21521	-9999	377	390	-9999	464.8608	5	0.6500	0.6758	-0.0019	80.3425	1.3929	646.2884	492.9189	32.5231	585.5830	92.9630	645.4483	92.4306	653.9342	94.0972	664.4200	95.1852	
06/08/2017	01:49:07	011992	G488004164HLR	L488	S		613.2373	1.0292	10.0000	100.1109	39.8569	0.8430	0.8262	5.0000	18.9889	713.0379	94.9537	13.8491	24.9000	0.9300	0.9344	0.6834	-0.0024	713.0000	713.5294	1.0275	-2.5888	99.9487	40.2750	0.8230	0.8247	5.0000	-9999.0000	-9999.0000	-9999.0000	-9999.0000	-9999.0000	-9999.0000	19.4077	5	0	24.9783	1.0000	99	9	-9999.0000	10092	21522	-9999	378	391	-9999	463.5066	5	0.6499	0.6834	-0.0024	87.0197	0.8746	636.9936	462.4653	32.5463	577.7391	93.7269	635.5725	93.5185	645.8584	94.4213	654.8009	95.0463	
