Data	Timp	Nr. masina	Nr. de serie	Tip	Productie	Comentariu	Pre-masurare Q [ml/min]	Pre-masurare Gain	Pre-masurare Offset Master	Pre-masurare P [bar]	Pre-masurare T [°C]	Pre-masurare Densitate fixa [kg/l]	Pre-masurare densitate masurata [kg/l]	Pre-masurare Timp masurare [s]	Pre-masurare Cycle time [s]	rectificare Q Oprire [ml/min]	rectificare P Oprire [bar]	rectificare Timp rectificare [s]	rectificare T [°C]	rectificare Densitate fixa [kg/l]	rectificare densitate masurata [kg/l]	rectificare Factor de masurare la rectificare	rectificare Factor de corectie a debitului	rectificare Target rectificare	Masurare Q [ml/min]	Masurare Gain	Masurare Offset Master	Masurare P [bar]	Masurare T [°C]	Masurare Densitate fixa [kg/l]	Masurare densitate masurata [kg/l]	Masurare Timp masurare [s]	Masurare Q [ml/min]	Masurare Delta Q [ml/min]	Masurare P [bar]	Masurare BP [bar]	Masurare T [°C]	Masurare Timp masurare [s]	Masurare Cycle time [s]	Nest Nr.	Cod de descarcare	Cycle time [s]	Traceability aktiv	EDM Maschine Nr	EDM Spindle Nr	Honing Rate [r	Station Counter Premeasure	Station Counter Grind	Station Counter Blowout 1	Station Counter Wash	Station Counter Measure	Station Counter Blowout 2	RealGrindQStop	Reg Type	Factor 0	Factor 1	Factor 2	Factor 3	Factor 4	G_StartQV	G_StartQV_1	G_StartQV_2	G_StartQV_3	G_StartQV_4	G_StartQV_5	
25/08/2017	04:42:34	011992	H421107886HLR	L421	S		705.2895	1.0292	10.0000	99.8091	39.5156	0.8430	0.8267	5.0000	20.7782	815.1243	94.8611	18.9192	25.6000	0.9300	0.9573	0.6679	-0.0013	815.0000	844.1754	1.0275	-4.0000	100.1803	39.5483	0.8230	0.8299	5.0000	-9999.0000	-9999.0000	-9999.0000	-9999.0000	-9999.0000	-9999.0000	20.2751	5	2	25.8390	1.0000	99	9	-9999.0000	10009	1	-9999	833	761	-9999	524.3760	5	0.6508	0.6679	-0.0013	58.8218	4.5377	733.3565	56.8324	0.2083	106.5511	0.5324	177.7332	2.7083	153.2097	14.3056	422.2250	66.2500	
25/08/2017	04:44:12	011992	H421107896HLR	L421	S		701.1622	1.0292	10.0000	99.8867	39.2661	0.8430	0.8268	5.0000	19.9992	815.1531	94.8611	14.5795	25.6000	0.9300	0.9575	0.6460	-0.0013	815.0000	822.5869	1.0275	-4.0000	99.8187	38.8142	0.8230	0.8279	5.0000	-9999.0000	-9999.0000	-9999.0000	-9999.0000	-9999.0000	-9999.0000	21.0552	1	0	26.3692	1.0000	99	9	-9999.0000	10010	2	-9999	834	762	-9999	511.1153	5	0.6212	0.6460	-0.0013	59.8746	4.6189	753.3613	55.8545	0.2083	122.1864	1.0417	149.6882	7.6157	182.5656	39.2361	665.4555	112.8935	
25/08/2017	04:45:47	011992	H421107907HLR	L421	S		699.8402	1.0292	10.0000	99.8640	39.1347	0.8430	0.8268	5.0000	20.2387	815.1255	94.8611	15.0492	25.4000	0.9300	0.9574	0.6411	-0.0013	815.0000	820.2042	1.0275	-4.0000	99.8414	38.8986	0.8230	0.8287	5.0000	-9999.0000	-9999.0000	-9999.0000	-9999.0000	-9999.0000	-9999.0000	20.7266	5	0	25.9289	1.0000	99	9	-9999.0000	10011	3	-9999	835	763	-9999	506.5363	5	0.6213	0.6411	-0.0013	60.1228	4.6381	754.8609	57.5014	0.2083	127.6101	1.0185	176.8672	8.7269	251.7906	50.5324	710.7904	113.2639	
25/08/2017	04:47:25	011992	H421107889HLR	L421	S		703.0117	1.0292	10.0000	99.9602	39.2689	0.8430	0.8274	5.0000	17.9885	815.0886	94.8611	14.6195	25.3000	0.9300	0.9574	0.6392	-0.0013	815.0000	818.5092	1.0275	-4.0000	100.0565	39.2000	0.8230	0.8297	5.0000	-9999.0000	-9999.0000	-9999.0000	-9999.0000	-9999.0000	-9999.0000	20.8082	1	0	25.0492	1.0000	99	9	-9999.0000	10012	4	-9999	836	764	-9999	505.4566	5	0.6195	0.6392	-0.0013	60.2165	4.6453	761.6110	56.8833	0.2083	127.5380	1.0648	179.4490	9.5139	297.4800	56.3426	732.0103	110.3009	
25/08/2017	04:48:16	011992	H421107879HLR	L421	S		705.7462	1.0292	10.0000	100.0132	40.2381	0.8430	0.8299	5.0000	18.4586	815.1300	94.8380	14.8393	25.0000	0.9300	0.9573	0.6392	-0.0013	815.0000	821.0298	1.0275	-4.0000	100.0522	39.5353	0.8230	0.8269	5.0000	-9999.0000	-9999.0000	-9999.0000	-9999.0000	-9999.0000	-9999.0000	22.4590	3	0	25.1495	1.0000	99	9	-9999.0000	10013	5	-9999	836	765	-9999	505.3364	5	0.6195	0.6392	-0.0013	60.2165	4.6453	749.6601	56.4441	0.2083	133.0544	1.0880	185.3361	10.6019	368.5962	63.1713	741.8894	107.7546	
25/08/2017	04:49:08	011992	H421107900HLR	L421	S		711.7089	1.0292	10.0000	99.9214	39.1010	0.8430	0.8267	5.0000	21.7185	815.1937	94.9306	12.8599	25.0000	0.9300	0.9576	0.6384	-0.0013	815.0000	821.2220	1.0275	-4.0000	99.9273	39.8066	0.8230	0.8303	5.0000	-9999.0000	-9999.0000	-9999.0000	-9999.0000	-9999.0000	-9999.0000	22.1068	5	0	25.6495	1.0000	99	9	-9999.0000	10014	6	-9999	836	766	-9999	506.7701	5	0.6188	0.6384	-0.0013	60.2604	4.6487	771.6605	58.5591	0.2083	136.5493	1.1574	183.0121	12.0139	432.4505	71.1574	777.2088	105.0926	
25/08/2017	04:49:34	011992	H421107908HLR	L421	S		709.6364	1.0292	10.0000	100.0715	39.4000	0.8430	0.8293	5.0000	18.9990	815.1001	94.9074	13.1294	24.9000	0.9300	0.9576	0.6384	-0.0013	815.0000	823.6308	1.0275	-4.0000	100.3492	39.8475	0.8230	0.8290	5.0000	-9999.0000	-9999.0000	-9999.0000	-9999.0000	-9999.0000	-9999.0000	20.6881	6	0	26.4082	1.0000	99	9	-9999.0000	10015	7	-9999	837	767	-9999	506.4051	5	0.6188	0.6384	-0.0013	60.2604	4.6487	770.5360	57.8069	0.2083	141.1569	1.0880	181.1465	12.6620	418.3779	76.0880	775.5872	103.7500	
25/08/2017	04:49:59	011992	H421107890HLR	L421	S		706.1099	1.0292	10.0000	100.0027	40.2756	0.8430	0.8293	5.0000	19.6806	815.1896	94.8380	13.8393	24.8000	0.9300	0.9575	0.6384	-0.0013	815.0000	822.9216	1.0275	-4.0000	99.9847	39.2667	0.8230	0.8274	5.0000	-9999.0000	-9999.0000	-9999.0000	-9999.0000	-9999.0000	-9999.0000	22.6067	7	0	25.0791	1.0000	99	9	-9999.0000	10016	8	-9999	838	768	-9999	505.7201	5	0.6180	0.6384	-0.0013	46.3150	4.8551	758.7759	57.8645	0.2083	140.6052	1.2269	179.8875	12.9630	438.8589	77.8241	780.2522	103.6111	
25/08/2017	04:50:25	011992	H421107880HLR	L421	S		708.3160	1.0292	10.0000	99.9274	39.9615	0.8430	0.8276	5.0000	18.5393	815.1656	94.8380	14.0903	24.8000	0.9300	0.9575	0.6384	-0.0013	815.0000	823.3861	1.0275	-4.0000	100.0342	39.7124	0.8230	0.8300	5.0000	-9999.0000	-9999.0000	-9999.0000	-9999.0000	-9999.0000	-9999.0000	20.6881	8	0	25.9990	1.0000	99	9	-9999.0000	10017	9	-9999	839	769	-9999	505.4322	5	0.6180	0.6384	-0.0013	46.3150	4.8551	759.4520	58.0628	0.2083	142.2492	1.2500	189.6962	13.7269	453.9724	80.8796	775.7715	102.6620	
25/08/2017	04:50:50	011992	H421107871HLR	L421	S		707.4385	1.0292	10.0000	100.1061	39.2770	0.8430	0.8275	5.0000	18.6601	815.1777	94.8611	14.4594	24.8000	0.9300	0.9575	0.6384	-0.0013	815.0000	825.5734	1.0275	-4.0000	99.8171	39.8936	0.8230	0.8284	5.0000	-9999.0000	-9999.0000	-9999.0000	-9999.0000	-9999.0000	-9999.0000	22.4080	1	2	24.9796	1.0000	99	9	-9999.0000	10018	10	-9999	840	770	-9999	505.0393	5	0.6178	0.6384	-0.0013	53.7164	4.3466	766.2728	59.8355	0.2083	145.7728	1.3194	181.0294	15.0463	497.0844	86.8750	782.4400	101.1343	
25/08/2017	04:51:15	011992	H421114794HLR	L421	S		712.8391	1.0292	10.0000	100.1417	39.6806	0.8430	0.8295	5.0000	18.7991	815.0849	94.8843	12.8199	24.8000	0.9300	0.9576	0.6384	-0.0013	815.0000	825.3654	1.0275	-4.0000	99.9494	39.4321	0.8230	0.8272	5.0000	-9999.0000	-9999.0000	-9999.0000	-9999.0000	-9999.0000	-9999.0000	20.3289	2	2	24.9096	1.0000	99	9	-9999.0000	10019	11	-9999	841	770	-9999	506.6934	5	0.6166	0.6384	-0.0013	71.1741	3.0806	775.4016	57.6976	0.2083	149.0515	1.3889	197.4070	16.5509	539.2098	93.3565	794.0697	99.7454	
25/08/2017	04:51:41	011992	H421107909HLR	L421	S		708.8410	1.0292	10.0000	100.1267	40.2100	0.8430	0.8290	5.0000	18.7271	815.1471	94.8380	13.2202	24.8000	0.9300	0.9576	0.6384	-0.0013	815.0000	823.5632	1.0275	-4.0000	100.2888	39.5607	0.8230	0.8292	5.0000	-9999.0000	-9999.0000	-9999.0000	-9999.0000	-9999.0000	-9999.0000	20.0293	3	0	25.0681	1.0000	99	9	-9999.0000	10020	12	-9999	842	771	-9999	506.4045	5	0.6160	0.6384	-0.0013	84.3862	2.1508	767.7629	58.0433	0.2083	153.2127	1.3194	199.4966	17.4537	531.1252	95.7176	784.1415	98.9120	
25/08/2017	04:52:08	011992	H421114792HLR	L421	S		710.6358	1.0292	10.0000	100.1534	39.7451	0.8430	0.8275	5.0000	18.6899	815.2300	94.8843	11.5699	24.8000	0.9300	0.9576	0.6220	-0.0005	815.0000	815.3254	1.0275	-3.9290	99.9661	40.1238	0.8230	0.8301	5.0000	-9999.0000	-9999.0000	-9999.0000	-9999.0000	-9999.0000	-9999.0000	20.0193	4	0	25.3692	1.0000	99	9	-9999.0000	10021	13	-9999	843	772	-9999	502.3665	5	0.6152	0.6220	-0.0005	81.3176	2.3849	784.2699	60.4277	0.2083	160.4093	1.5278	197.9411	20.6250	574.1348	104.3519	802.2176	97.7546	
25/08/2017	04:52:33	011992	H421114823HLR	L421	S		713.0860	1.0292	10.0000	100.1855	39.3950	0.8430	0.8281	5.0000	18.8791	815.2594	94.9074	11.6695	24.8000	0.9300	0.9576	0.6523	-0.0028	815.0000	819.5941	1.0275	-4.0000	99.9489	39.8084	0.8230	0.8273	5.0000	-9999.0000	-9999.0000	-9999.0000	-9999.0000	-9999.0000	-9999.0000	21.8187	5	0	25.2698	1.0000	99	9	-9999.0000	10021	14	-9999	843	773	-9999	505.6791	5	0.6145	0.6523	-0.0028	54.2142	4.4227	763.5264	57.8799	0.2083	157.9329	1.7593	187.7327	23.8194	590.0966	111.8287	770.1829	96.3889	
25/08/2017	04:52:57	011992	H421114807HLR	L421	S		710.2315	1.0292	10.0000	100.1874	39.9000	0.8430	0.8293	5.0000	19.0893	815.1461	94.8611	12.0796	24.8000	0.9300	0.9576	0.6254	-0.0008	815.0000	815.7000	1.0275	-3.9684	100.0010	39.3978	0.8230	0.8272	5.0000	-9999.0000	-9999.0000	-9999.0000	-9999.0000	-9999.0000	-9999.0000	21.5585	6	0	25.7186	1.0000	99	9	-9999.0000	10022	15	-9999	844	774	-9999	501.7209	5	0.6138	0.6254	-0.0008	73.9704	3.0293	772.5005	61.7520	0.2083	169.2105	1.8056	191.8020	27.1296	630.0671	116.3889	776.1715	95.6713	
25/08/2017	04:53:22	011992	H421114821HLR	L421	Q		713.5370	1.0292	10.0000	100.1251	40.0160	0.8430	0.8276	5.0000	20.7794	815.1836	94.8843	10.8492	24.8000	0.9300	0.9576	0.6255	-0.0008	815.0000	814.7945	1.0275	-3.8731	100.0271	39.8367	0.8230	0.8292	5.0000	-9999.0000	-9999.0000	-9999.0000	-9999.0000	-9999.0000	-9999.0000	22.1603	7	0	25.6099	1.0000	99	9	-9999.0000	10023	16	-9999	844	775	-9999	502.6031	5	0.6138	0.6255	-0.0008	74.3234	3.0171	780.7639	61.0144	0.2083	177.1385	2.0139	204.2178	32.6157	667.6778	116.1806	771.5014	94.7454	
25/08/2017	04:53:47	011992	H421114817HLR	L421	Q		715.1110	1.0292	10.0000	100.2408	39.6102	0.8430	0.8276	5.0000	18.7198	815.2095	94.8611	10.3297	24.9000	0.9300	0.9576	0.6304	-0.0012	815.0000	812.6860	1.0275	-3.6512	100.0469	40.0511	0.8230	0.8279	5.0000	-9999.0000	-9999.0000	-9999.0000	-9999.0000	-9999.0000	-9999.0000	21.9492	8	0	24.7888	1.0000	99	9	-9999.0000	10024	17	-9999	845	776	-9999	503.6773	5	0.6142	0.6304	-0.0012	55.5487	4.3398	785.7936	59.7946	0.2315	179.2596	2.4537	198.5817	37.5463	683.9193	111.8519	775.6639	94.6296	
25/08/2017	04:54:47	011992	H374115359HLR	L421	S		0.0000	0.0000	0.0000	0.0000	0.0000	0.8430	0.0000	0.0000	0.0000	0.0000	0.0000	0.0000	0.0000	0.9300	0.0000	0.0000	0.0000	0.0000	0.0000	0.0000	0.0000	0.0000	0.0000	0.8230	0.0000	0.0000	0.0000	0.0000	0.0000	0.0000	0.0000	0.0000	0.0000	0	27	23.9589	1.0000	99	9	0.0000	0	0	-9999	0	0	-9999	0.0000	0	0.0000	0.0000	0.0000	0.0000	0.0000	0.0000	0.0000	0.0000	0.0000	0.0000	0.0000	0.0000	0.0000	0.0000	0.0000	0.0000	
25/08/2017	04:55:50	011992	H421114809HLR	L421	S		709.5423	1.0292	10.0000	100.0133	39.7691	0.8430	0.8286	5.0000	21.5086	815.0952	94.9306	12.1197	25.0000	0.9300	0.9574	0.6327	-0.0014	815.0000	816.4389	1.0275	-4.0000	99.9059	39.6240	0.8230	0.8274	5.0000	-9999.0000	-9999.0000	-9999.0000	-9999.0000	-9999.0000	-9999.0000	21.6285	5	0	24.9754	1.0000	99	9	-9999.0000	10025	18	-9999	846	777	-9999	502.0975	5	0.6155	0.6327	-0.0014	47.2799	4.9605	774.8797	60.9485	0.2315	176.3258	2.1296	194.6138	35.2315	686.6727	113.5648	760.0381	94.4907	
25/08/2017	04:56:14	011992	H421114791HLR	L421	S		712.2878	1.0292	10.0000	100.1167	39.9709	0.8430	0.8284	5.0000	19.7665	815.1504	94.9074	11.5689	25.0000	0.9300	0.9577	0.6327	-0.0014	815.0000	816.3044	1.0275	-4.0000	99.8716	39.5567	0.8230	0.8282	5.0000	-9999.0000	-9999.0000	-9999.0000	-9999.0000	-9999.0000	-9999.0000	20.6489	6	0	24.8486	1.0000	99	9	-9999.0000	10026	19	-9999	847	778	-9999	502.7892	5	0.6155	0.6327	-0.0014	47.2799	4.9605	775.4642	60.3994	0.2315	186.6606	2.4537	205.9468	38.8657	695.9844	109.8380	758.0834	94.5602	
25/08/2017	04:56:39	011992	H421114788HLR	L421	S		713.5383	1.0292	10.0000	100.0411	39.7399	0.8430	0.8274	5.0000	20.6486	815.1114	94.9074	11.2789	25.0000	0.9300	0.9576	0.6327	-0.0014	815.0000	814.9084	1.0275	-3.8851	99.9549	40.0353	0.8230	0.8294	5.0000	-9999.0000	-9999.0000	-9999.0000	-9999.0000	-9999.0000	-9999.0000	20.0535	7	0	25.1300	1.0000	99	9	-9999.0000	10027	20	-9999	848	779	-9999	503.0717	5	0.6155	0.6327	-0.0014	47.2799	4.9605	776.4644	59.0911	0.2083	186.4653	2.6620	199.6427	40.4861	701.1129	107.7083	755.6674	94.8380	
25/08/2017	04:57:04	011992	H421114148HLR	L421	S		705.4761	1.0292	10.0000	100.1802	39.5982	0.8430	0.8282	5.0000	18.8280	815.1107	94.8611	11.2896	25.0000	0.9300	0.9576	0.6327	-0.0014	815.0000	814.6541	1.0275	-3.8583	99.9194	39.8657	0.8230	0.8272	5.0000	-9999.0000	-9999.0000	-9999.0000	-9999.0000	-9999.0000	-9999.0000	21.4479	8	0	24.9784	1.0000	99	9	-9999.0000	10028	21	-9999	849	780	-9999	503.0504	5	0.6155	0.6327	-0.0014	47.2799	4.9605	773.8803	62.2516	0.2083	185.0039	2.1759	208.8630	39.1204	692.8917	109.4213	755.4755	94.8148	
25/08/2017	04:57:30	011992	H421114136HLR	L421	S		711.8489	1.0292	10.0000	100.2119	39.8359	0.8430	0.8288	5.0000	18.9185	815.1294	94.8611	10.2701	25.0000	0.9300	0.9576	0.6321	-0.0014	815.0000	814.2127	1.0275	-3.8119	99.7937	39.5192	0.8230	0.8270	5.0000	-9999.0000	-9999.0000	-9999.0000	-9999.0000	-9999.0000	-9999.0000	20.2488	1	0	25.0895	1.0000	99	9	-9999.0000	10029	22	-9999	850	781	-9999	503.9183	5	0.6156	0.6321	-0.0014	48.3217	4.8622	784.9326	62.3985	0.2083	188.8240	2.3148	211.4488	40.2546	707.7093	108.1019	763.2017	94.6528	
25/08/2017	04:57:55	011992	H374115359HLR	L421	S		717.1837	1.0292	10.0000	100.0094	39.8820	0.8430	0.8275	5.0000	21.4182	815.1076	94.9537	10.7203	25.1000	0.9300	0.9576	0.6328	-0.0015	815.0000	813.8587	1.0275	-3.7746	99.9708	39.8000	0.8230	0.8285	5.0000	-9999.0000	-9999.0000	-9999.0000	-9999.0000	-9999.0000	-9999.0000	21.1291	2	27	24.9687	1.0000	99	9	-9999.0000	10030	23	-9999	851	782	-9999	503.1455	5	0.6158	0.6328	-0.0015	44.6768	5.1756	780.2151	62.6890	0.2083	191.3859	2.5926	237.3332	43.8194	727.8982	103.8426	757.6636	94.6296	
25/08/2017	04:58:20	011992	H421114146HLR	L421	S		716.7603	1.0292	10.0000	100.1976	39.7164	0.8430	0.8278	5.0000	18.9202	815.1859	94.8148	11.3297	25.1000	0.9300	0.9574	0.6374	-0.0018	815.0000	816.9719	1.0275	-4.0000	99.9594	40.0664	0.8230	0.8282	5.0000	-9999.0000	-9999.0000	-9999.0000	-9999.0000	-9999.0000	-9999.0000	20.9696	3	0	25.2888	1.0000	99	9	-9999.0000	10031	24	-9999	852	782	-9999	502.9487	5	0.6163	0.6374	-0.0018	37.4379	5.7920	769.4914	68.1950	0.2315	210.3871	4.0972	303.7976	56.4815	746.0085	97.7315	752.5109	94.9537	
25/08/2017	04:58:45	011992	H421114831HLR	L421	S		719.5551	1.0292	10.0000	100.2365	39.7196	0.8430	0.8285	5.0000	18.8695	815.1195	94.8380	10.9400	25.1000	0.9300	0.9574	0.6366	-0.0017	815.0000	818.4277	1.0275	-4.0000	99.9715	39.6974	0.8230	0.8267	5.0000	-9999.0000	-9999.0000	-9999.0000	-9999.0000	-9999.0000	-9999.0000	21.5889	4	0	24.8526	1.0000	99	9	-9999.0000	10032	25	-9999	853	783	-9999	503.5591	5	0.6166	0.6366	-0.0017	39.7142	5.5867	775.5937	64.8298	0.2315	202.9842	3.4722	280.7252	50.9028	743.2440	99.0278	756.7471	95.0926	
25/08/2017	04:59:10	011992	H421114166HLR	L421	S		706.3200	1.0292	10.0000	100.2112	39.9813	0.8430	0.8287	5.0000	18.7892	815.1489	94.8148	11.0396	25.0000	0.9300	0.9573	0.6422	-0.0022	815.0000	814.0783	1.0275	-3.7977	99.9133	39.6505	0.8230	0.8276	5.0000	-9999.0000	-9999.0000	-9999.0000	-9999.0000	-9999.0000	-9999.0000	20.7382	5	0	25.1162	1.0000	99	9	-9999.0000	10033	26	-9999	854	784	-9999	503.5079	5	0.6169	0.6422	-0.0022	61.8311	3.6921	770.1602	60.9254	0.2083	199.3024	3.6111	260.0708	50.9028	731.8138	100.2315	750.4940	95.1389	
25/08/2017	04:59:35	011992	H421114140HLR	L421	S		706.4876	1.0292	10.0000	100.2057	39.9275	0.8430	0.8282	5.0000	18.6096	815.1599	94.8148	12.4595	25.0000	0.9300	0.9573	0.6422	-0.0022	815.0000	812.0786	1.0275	-3.5872	99.8692	40.0317	0.8230	0.8287	5.0000	-9999.0000	-9999.0000	-9999.0000	-9999.0000	-9999.0000	-9999.0000	20.3089	6	0	24.9390	1.0000	99	9	-9999.0000	10034	27	-9999	855	785	-9999	500.9328	5	0.6169	0.6422	-0.0022	61.8311	3.6921	750.9420	64.5359	0.2315	197.7627	4.1204	278.8872	55.0231	722.8968	98.5880	734.9311	95.3935	
25/08/2017	05:00:00	011992	H421113075HLR	L421	S		713.2633	1.0292	10.0000	100.2369	39.7080	0.8430	0.8280	5.0000	18.8085	815.1318	94.8611	11.3892	25.0000	0.9300	0.9575	0.6416	-0.0022	815.0000	814.6216	1.0275	-3.8549	99.7848	40.0166	0.8230	0.8277	5.0000	-9999.0000	-9999.0000	-9999.0000	-9999.0000	-9999.0000	-9999.0000	20.0686	7	0	25.0485	1.0000	99	9	-9999.0000	10035	28	-9999	856	785	-9999	502.7470	5	0.6169	0.6416	-0.0022	62.3438	3.6303	761.3180	65.2362	0.2083	203.8634	3.7731	286.9641	53.8426	736.6781	98.1713	750.1815	95.2083	
25/08/2017	05:00:25	011992	H421114152HLR	L421	S		706.2985	1.0292	10.0000	100.1820	39.8000	0.8430	0.8287	5.0000	18.7286	815.1087	94.8843	12.2202	24.9000	0.9300	0.9573	0.6410	-0.0022	815.0000	812.4714	1.0275	-3.6286	99.8972	39.6425	0.8230	0.8270	5.0000	-9999.0000	-9999.0000	-9999.0000	-9999.0000	-9999.0000	-9999.0000	20.2584	8	0	25.1809	1.0000	99	9	-9999.0000	10036	29	-9999	857	786	-9999	501.0882	5	0.6167	0.6410	-0.0022	47.1084	4.8536	751.3546	63.3989	0.2083	203.9640	4.5602	288.0607	58.2639	730.3405	97.5463	736.8961	95.8565	
25/08/2017	05:00:50	011992	H421114169HLR	L421	S		702.8382	1.0292	10.0000	100.1801	40.0519	0.8430	0.8286	5.0000	18.7685	815.1697	94.9074	12.6001	24.9000	0.9300	0.9573	0.6422	-0.0023	815.0000	811.5789	1.0275	-3.5346	99.8729	39.8327	0.8230	0.8285	5.0000	-9999.0000	-9999.0000	-9999.0000	-9999.0000	-9999.0000	-9999.0000	19.8146	1	0	25.0077	1.0000	99	9	-9999.0000	10037	30	-9999	858	786	-9999	500.4338	5	0.6171	0.6422	-0.0023	62.4208	3.6394	742.2619	65.3562	0.2083	204.3158	4.0741	289.1995	56.1806	724.6476	97.3380	731.6488	96.0185	
25/08/2017	05:01:15	011992	H421114096HLR	L421	S		703.9138	1.0292	10.0000	100.1695	39.8519	0.8430	0.8278	5.0000	19.2786	815.1579	94.8611	12.6490	24.9000	0.9300	0.9573	0.6358	-0.0017	815.0000	813.0360	1.0275	-3.6880	99.8913	40.0894	0.8230	0.8282	5.0000	-9999.0000	-9999.0000	-9999.0000	-9999.0000	-9999.0000	-9999.0000	20.4232	2	0	24.9687	1.0000	99	9	-9999.0000	10038	31	-9999	859	787	-9999	501.3257	5	0.6171	0.6358	-0.0017	70.2151	2.9356	749.9347	63.1101	0.2083	204.8901	4.1435	299.9864	56.3426	732.8332	97.3148	736.1465	95.9028	
25/08/2017	05:01:40	011992	H421114182HLR	L421	S		702.4933	1.0292	10.0000	100.1717	39.7048	0.8430	0.8280	5.0000	19.4989	815.1123	94.7917	12.9390	24.9000	0.9300	0.9573	0.6310	-0.0012	815.0000	814.1921	1.0275	-3.8097	99.8769	39.8504	0.8230	0.8271	5.0000	-9999.0000	-9999.0000	-9999.0000	-9999.0000	-9999.0000	-9999.0000	20.0693	3	0	25.1501	1.0000	99	9	-9999.0000	10039	32	-9999	860	787	-9999	501.3151	5	0.6168	0.6310	-0.0012	80.7000	2.0167	748.9750	61.6734	0.2083	207.5635	4.0972	306.0408	60.9028	734.8759	96.2500	739.5935	96.1111	
25/08/2017	05:02:05	011992	H421114178HLR	L421	S		703.9444	1.0292	10.0000	100.1839	39.8916	0.8430	0.8287	5.0000	18.6693	815.1098	94.8148	13.1890	24.8000	0.9300	0.9572	0.6259	-0.0008	815.0000	814.1820	1.0275	-3.8086	99.9044	39.6719	0.8230	0.8274	5.0000	-9999.0000	-9999.0000	-9999.0000	-9999.0000	-9999.0000	-9999.0000	20.0387	4	0	25.0886	1.0000	99	9	-9999.0000	10040	33	-9999	861	788	-9999	501.9415	5	0.6170	0.6259	-0.0008	82.6065	1.8409	751.3633	64.6533	0.2083	210.3952	4.2130	312.4181	59.1204	741.6880	96.3657	741.5320	96.2269	
25/08/2017	05:02:31	011992	H421114086HLR	L421	S		693.9012	1.0292	10.0000	100.1924	39.9802	0.8430	0.8284	5.0000	18.8982	815.1500	94.7685	13.9096	24.8000	0.9300	0.9572	0.6240	-0.0006	815.0000	819.8184	1.0275	-4.0000	99.9216	39.9570	0.8230	0.8286	5.0000	-9999.0000	-9999.0000	-9999.0000	-9999.0000	-9999.0000	-9999.0000	19.6989	5	0	25.7789	1.0000	99	9	-9999.0000	10041	34	-9999	862	789	-9999	502.1143	5	0.6171	0.6240	-0.0006	75.5117	2.4856	752.1767	63.2354	0.2315	213.7503	4.2361	321.2867	61.2731	743.3481	95.4630	745.5118	96.2500	
25/08/2017	05:02:56	011992	H421114162HLR	L421	S		701.4463	1.0292	10.0000	100.2193	39.8177	0.8430	0.8280	5.0000	18.7616	815.1013	94.8611	12.9702	24.8000	0.9300	0.9572	0.6233	-0.0005	815.0000	816.3984	1.0275	-4.0000	99.9952	39.9719	0.8230	0.8273	5.0000	-9999.0000	-9999.0000	-9999.0000	-9999.0000	-9999.0000	-9999.0000	21.0879	6	0	24.9687	1.0000	99	9	-9999.0000	10042	35	-9999	863	790	-9999	502.4972	5	0.6170	0.6233	-0.0005	73.8058	2.6795	749.9070	63.1436	0.2315	213.8309	4.7222	329.5466	64.4213	745.2505	95.1852	750.0526	96.3194	
25/08/2017	05:03:21	011992	H421114116HLR	L421	S		704.1154	1.0292	10.0000	100.0131	39.7408	0.8430	0.8279	5.0000	20.2599	815.1222	94.8843	12.6499	24.8000	0.9300	0.9574	0.6298	-0.0011	815.0000	814.5365	1.0275	-3.8459	99.9141	39.7373	0.8230	0.8270	5.0000	-9999.0000	-9999.0000	-9999.0000	-9999.0000	-9999.0000	-9999.0000	19.8786	7	0	25.0295	1.0000	99	9	-9999.0000	10043	36	-9999	864	790	-9999	502.5465	5	0.6168	0.6298	-0.0011	62.5810	3.6125	739.2249	64.7179	0.2315	219.1421	5.8796	359.1415	68.0787	741.9611	94.0046	747.4824	96.4352	
25/08/2017	05:03:46	011992	H421114106HLR	L421	S		702.6905	1.0292	10.0000	100.1791	39.8994	0.8430	0.8283	5.0000	19.5891	815.1639	94.8380	13.2300	24.8000	0.9300	0.9574	0.6298	-0.0011	815.0000	815.0520	1.0275	-3.9002	99.8537	39.8104	0.8230	0.8281	5.0000	-9999.0000	-9999.0000	-9999.0000	-9999.0000	-9999.0000	-9999.0000	19.7484	8	0	24.8693	1.0000	99	9	-9999.0000	10044	37	-9999	865	791	-9999	502.0654	5	0.6166	0.6298	-0.0011	35.3057	5.7844	731.8658	65.0950	0.2083	219.9092	5.1852	369.2884	66.6667	736.2807	94.1898	737.6585	96.2269	
25/08/2017	05:04:11	011992	H421114090HLR	L421	S		706.4771	1.0292	10.0000	100.2256	39.9675	0.8430	0.8283	5.0000	18.8693	815.1775	94.8611	12.4595	24.8000	0.9300	0.9574	0.6283	-0.0009	815.0000	815.3726	1.0275	-3.9340	100.0118	40.0385	0.8230	0.8281	5.0000	-9999.0000	-9999.0000	-9999.0000	-9999.0000	-9999.0000	-9999.0000	20.5292	1	0	24.9785	1.0000	99	9	-9999.0000	10045	38	-9999	866	792	-9999	502.7253	5	0.6163	0.6283	-0.0009	37.3559	5.6222	742.7671	63.4112	0.2315	216.3724	5.5324	354.8346	68.1250	745.2758	94.1898	752.7039	96.3657	
25/08/2017	05:04:36	011992	H421114100HLR	L421	S		704.0992	1.0292	10.0000	100.2095	39.7914	0.8430	0.8279	5.0000	19.0502	815.1253	94.8380	13.3101	24.8000	0.9300	0.9573	0.6296	-0.0010	815.0000	817.3801	1.0275	-4.0000	99.8610	39.9168	0.8230	0.8273	5.0000	-9999.0000	-9999.0000	-9999.0000	-9999.0000	-9999.0000	-9999.0000	19.7183	2	0	24.9796	1.0000	99	9	-9999.0000	10046	39	-9999	867	793	-9999	502.0149	5	0.6163	0.6296	-0.0010	27.9606	6.4104	736.4105	61.6895	0.2315	220.9095	4.7454	387.2213	68.5417	739.2391	94.0741	743.8174	96.0185	
25/08/2017	05:05:01	011992	H421114093HLR	L421	S		703.8156	1.0292	10.0000	100.2193	39.8000	0.8430	0.8284	5.0000	18.8946	815.0631	94.8843	12.4790	24.8000	0.9300	0.9572	0.6246	-0.0006	815.0000	814.2894	1.0275	-3.8199	99.9076	39.7082	0.8230	0.8271	5.0000	-9999.0000	-9999.0000	-9999.0000	-9999.0000	-9999.0000	-9999.0000	20.0388	3	0	25.0587	1.0000	99	9	-9999.0000	10047	40	-9999	868	794	-9999	502.6022	5	0.6161	0.6246	-0.0006	29.5781	6.2877	738.8483	63.7816	0.2315	224.6824	5.8796	410.3876	71.3889	743.8039	94.0046	744.4398	95.5324	
25/08/2017	05:05:26	011992	H421114102HLR	L421	S		702.1771	1.0292	10.0000	100.2290	39.9451	0.8430	0.8286	5.0000	18.7783	815.0967	94.8843	12.9400	24.8000	0.9300	0.9573	0.6249	-0.0007	815.0000	815.6016	1.0275	-3.9581	99.9601	39.8982	0.8230	0.8282	5.0000	-9999.0000	-9999.0000	-9999.0000	-9999.0000	-9999.0000	-9999.0000	19.9990	4	0	24.9590	1.0000	99	9	-9999.0000	10048	41	-9999	869	795	-9999	502.3576	5	0.6161	0.6249	-0.0007	33.9856	5.9383	734.7670	64.1193	0.2315	228.0228	5.4630	400.0505	70.7176	740.7398	94.1667	745.2301	94.9537	
25/08/2017	05:05:51	011992	H421114113HLR	L421	S		701.5375	1.0292	10.0000	100.2149	39.8832	0.8430	0.8280	5.0000	19.3693	815.1052	94.8148	13.6098	24.8000	0.9300	0.9573	0.6275	-0.0009	815.0000	816.1864	1.0275	-4.0000	99.9072	40.0612	0.8230	0.8280	5.0000	-9999.0000	-9999.0000	-9999.0000	-9999.0000	-9999.0000	-9999.0000	19.6098	5	0	25.0197	1.0000	99	9	-9999.0000	10049	42	-9999	870	796	-9999	501.9162	5	0.6160	0.6275	-0.0009	44.9016	5.0972	730.7977	63.1126	0.2083	228.5948	5.6713	387.8104	72.3148	735.7303	94.5833	735.4017	94.5833	
25/08/2017	05:06:16	011992	H421114119HLR	L421	S		703.3271	1.0292	10.0000	100.2720	39.7812	0.8430	0.8281	5.0000	18.8088	815.1706	94.8843	13.0903	24.8000	0.9300	0.9573	0.6518	-0.0028	815.0000	814.5217	1.0275	-3.8444	99.8940	39.8329	0.8230	0.8272	5.0000	-9999.0000	-9999.0000	-9999.0000	-9999.0000	-9999.0000	-9999.0000	19.4986	6	0	24.9702	1.0000	99	9	-9999.0000	10050	43	-9999	871	797	-9999	501.7852	5	0.6157	0.6518	-0.0028	51.4530	4.6027	707.1243	60.3867	0.2315	223.4014	6.4583	404.1394	75.5787	713.0807	94.7222	720.3420	94.3287	
25/08/2017	05:06:41	011992	H421114130HLR	L421	S		701.1284	1.0292	10.0000	100.0352	39.8000	0.8430	0.8278	5.0000	21.5391	815.2624	94.7917	13.3999	24.7000	0.9300	0.9572	0.6530	-0.0029	815.0000	814.4335	1.0275	-3.8351	99.8876	39.7651	0.8230	0.8276	5.0000	-9999.0000	-9999.0000	-9999.0000	-9999.0000	-9999.0000	-9999.0000	19.7791	7	0	25.0571	1.0000	99	9	-9999.0000	10051	44	-9999	872	798	-9999	501.1491	5	0.6158	0.6530	-0.0029	62.7902	3.7520	704.1421	60.5540	0.2315	222.8683	6.4352	417.1303	76.3426	709.1102	94.6991	717.9627	94.3056	
25/08/2017	05:07:06	011992	H421114122HLR	L421	S		702.6973	1.0292	10.0000	100.2320	39.9675	0.8430	0.8284	5.0000	18.7719	815.1590	94.8611	13.0493	24.7000	0.9300	0.9571	0.6533	-0.0029	815.0000	815.4854	1.0275	-3.9458	99.9228	40.0098	0.8230	0.8282	5.0000	-9999.0000	-9999.0000	-9999.0000	-9999.0000	-9999.0000	-9999.0000	19.8892	8	0	24.9893	1.0000	99	9	-9999.0000	10052	45	-9999	873	799	-9999	501.8870	5	0.6157	0.6533	-0.0029	65.4530	3.5811	687.4721	60.6304	0.2315	227.3071	6.9444	421.9953	78.1250	709.2383	94.6528	720.4285	94.5370	
25/08/2017	05:07:31	011992	H421114133HLR	L421	S		703.1721	1.0292	10.0000	100.2201	39.8994	0.8430	0.8281	5.0000	18.9094	815.2144	94.8380	13.1890	24.7000	0.9300	0.9573	0.6491	-0.0026	815.0000	815.8245	1.0275	-3.9815	99.9014	39.9705	0.8230	0.8275	5.0000	-9999.0000	-9999.0000	-9999.0000	-9999.0000	-9999.0000	-9999.0000	19.4409	1	0	25.1192	1.0000	99	9	-9999.0000	10053	46	-9999	874	800	-9999	501.7643	5	0.6157	0.6491	-0.0026	62.6824	3.8019	696.7815	61.2074	0.2315	233.0662	7.7315	431.0970	81.3657	714.3539	94.5370	723.5347	94.5139	
25/08/2017	05:07:56	011992	H421114870HLR	L421	S		703.5754	1.0292	10.0000	100.2424	39.7926	0.8430	0.8281	5.0000	18.7894	815.1251	94.8148	13.4194	24.7000	0.9300	0.9573	0.6501	-0.0026	815.0000	814.8701	1.0275	-3.8811	99.9630	39.7695	0.8230	0.8271	5.0000	-9999.0000	-9999.0000	-9999.0000	-9999.0000	-9999.0000	-9999.0000	19.9089	2	0	25.0198	1.0000	99	9	-9999.0000	10054	47	-9999	874	801	-9999	501.0940	5	0.6156	0.6501	-0.0026	59.5087	4.0522	680.4709	57.9489	0.2315	232.6615	7.3611	448.9135	80.9028	712.0349	94.4907	721.8685	94.7222	
25/08/2017	05:08:21	011992	H421114877HLR	L421	S		703.9931	1.0292	10.0000	100.2494	39.8725	0.8430	0.8285	5.0000	18.8695	815.2699	94.8148	13.3491	24.8000	0.9300	0.9573	0.6394	-0.0018	815.0000	816.9043	1.0275	-4.0000	99.9227	39.8667	0.8230	0.8278	5.0000	-9999.0000	-9999.0000	-9999.0000	-9999.0000	-9999.0000	-9999.0000	19.9383	3	0	25.0586	1.0000	99	9	-9999.0000	10055	48	-9999	875	802	-9999	501.8299	5	0.6159	0.6394	-0.0018	60.3530	3.9698	683.3122	61.3595	0.2315	239.2977	7.8472	471.2108	81.5509	722.8729	94.2361	733.8202	94.6759	
25/08/2017	05:08:46	011992	H421114866HLR	L421	S		705.7158	1.0292	10.0000	100.1705	39.9553	0.8430	0.8282	5.0000	19.4397	815.2598	94.8148	12.7193	24.8000	0.9300	0.9570	0.6397	-0.0018	815.0000	816.7268	1.0275	-4.0000	100.0037	39.9802	0.8230	0.8274	5.0000	-9999.0000	-9999.0000	-9999.0000	-9999.0000	-9999.0000	-9999.0000	20.9431	4	0	25.1789	1.0000	99	9	-9999.0000	10056	49	-9999	875	803	-9999	502.7707	5	0.6159	0.6397	-0.0018	59.8311	4.0097	605.4398	64.5024	0.2315	249.4110	8.3796	475.9459	84.4213	721.8958	94.6991	737.3730	94.9306	
25/08/2017	05:09:11	011992	H421114857HLR	L421	S		703.1516	1.0292	10.0000	100.1954	39.8681	0.8430	0.8281	5.0000	18.7891	815.2201	94.8611	12.7300	24.8000	0.9300	0.9571	0.6398	-0.0018	815.0000	814.3683	1.0275	-3.8282	100.0511	39.7723	0.8230	0.8265	5.0000	-9999.0000	-9999.0000	-9999.0000	-9999.0000	-9999.0000	-9999.0000	21.4792	5	0	24.9893	1.0000	99	9	-9999.0000	10057	50	-9999	876	804	-9999	502.5879	5	0.6157	0.6398	-0.0018	60.8663	3.9316	644.2943	62.6082	0.2315	243.8301	8.1019	468.3251	84.9074	720.1320	94.3519	733.0388	94.6759	
25/08/2017	05:09:36	011992	H421107873HLR	L421	S		695.9869	1.0292	10.0000	100.2294	39.8000	0.8430	0.8283	5.0000	18.7297	815.1331	94.8148	13.1792	24.8000	0.9300	0.9570	0.6410	-0.0019	815.0000	814.1006	1.0275	-3.8001	99.9609	39.8058	0.8230	0.8273	5.0000	-9999.0000	-9999.0000	-9999.0000	-9999.0000	-9999.0000	-9999.0000	20.5485	6	0	25.0694	1.0000	99	9	-9999.0000	10058	51	-9999	876	805	-9999	501.9156	5	0.6156	0.6410	-0.0019	63.4237	3.7332	621.7584	61.3745	0.2315	249.5714	9.3519	477.3678	87.9398	714.4950	94.7222	737.4335	94.8148	
25/08/2017	05:10:01	011992	H421107864HLR	L421	S		696.5316	1.0292	10.0000	100.0049	39.8548	0.8430	0.8278	5.0000	21.2786	815.1218	94.8380	13.1987	24.9000	0.9300	0.9571	0.6462	-0.0023	815.0000	812.4332	1.0275	-3.6245	100.0246	39.9766	0.8230	0.8275	5.0000	-9999.0000	-9999.0000	-9999.0000	-9999.0000	-9999.0000	-9999.0000	21.0394	7	0	25.0398	1.0000	99	9	-9999.0000	10059	52	-9999	877	806	-9999	501.6780	5	0.6153	0.6462	-0.0023	72.2236	3.0750	638.1499	63.9930	0.2315	246.5079	9.2361	493.0770	88.2870	709.6477	94.4213	722.8695	94.6296	
25/08/2017	05:10:26	011992	H421107904HLR	L421	S		700.0005	1.0292	10.0000	100.2180	39.9331	0.8430	0.8283	5.0000	18.6884	815.1098	94.8148	13.5093	24.9000	0.9300	0.9572	0.6399	-0.0019	815.0000	813.5835	1.0275	-3.7456	100.0165	39.9166	0.8230	0.8269	5.0000	-9999.0000	-9999.0000	-9999.0000	-9999.0000	-9999.0000	-9999.0000	20.8188	8	0	25.0480	1.0000	99	9	-9999.0000	10060	53	-9999	877	807	-9999	501.2337	5	0.6155	0.6399	-0.0019	70.9480	3.1670	628.1751	65.2278	0.2315	255.3001	10.3704	511.4685	91.0648	713.1278	94.5139	726.2744	94.9537	
25/08/2017	05:10:51	011992	H421107894HLR	L421	S		707.0304	1.0292	10.0000	100.2555	39.8685	0.8430	0.8282	5.0000	18.8435	815.1837	94.8380	12.0299	24.9000	0.9300	0.9571	0.6391	-0.0018	815.0000	814.0632	1.0275	-3.7961	99.8937	39.8102	0.8230	0.8271	5.0000	-9999.0000	-9999.0000	-9999.0000	-9999.0000	-9999.0000	-9999.0000	19.6687	1	0	25.0391	1.0000	99	9	-9999.0000	10061	54	-9999	878	808	-9999	503.4285	5	0.6155	0.6391	-0.0018	70.5714	3.1947	607.0886	66.1403	0.2315	258.2964	10.2083	520.0085	90.7176	723.8881	94.2593	741.0322	94.9074	
25/08/2017	05:11:16	011992	H421107866HLR	L421	S		704.8810	1.0292	10.0000	100.2442	39.8515	0.8430	0.8283	5.0000	18.6987	815.1053	94.8611	12.2192	24.9000	0.9300	0.9570	0.6402	-0.0019	815.0000	811.4126	1.0275	-3.5171	99.9219	39.9130	0.8230	0.8278	5.0000	-9999.0000	-9999.0000	-9999.0000	-9999.0000	-9999.0000	-9999.0000	19.8289	2	0	24.9288	1.0000	99	9	-9999.0000	10061	55	-9999	878	809	-9999	503.2586	5	0.6155	0.6402	-0.0019	68.5028	3.3406	596.8267	66.6324	0.2315	261.7340	10.9028	517.4228	92.8935	721.2120	94.2361	734.8005	94.9306	
25/08/2017	05:11:41	011992	H421107876HLR	L421	S		711.8792	1.0292	10.0000	100.0495	39.8902	0.8430	0.8278	5.0000	20.6691	815.1820	94.8148	11.7994	25.0000	0.9300	0.9568	0.6418	-0.0020	815.0000	813.1324	1.0275	-3.6981	99.8812	40.0403	0.8230	0.8277	5.0000	-9999.0000	-9999.0000	-9999.0000	-9999.0000	-9999.0000	-9999.0000	19.9889	3	0	25.0888	1.0000	99	9	-9999.0000	10062	56	-9999	879	810	-9999	504.2131	5	0.6158	0.6418	-0.0020	82.5577	2.2529	604.7636	68.0618	0.2315	260.7970	10.3704	544.0244	91.3194	725.9809	94.0278	742.7731	94.9769	
25/08/2017	05:12:06	011992	H421107905HLR	L421	S		701.2446	1.0292	10.0000	100.2373	39.9387	0.8430	0.8282	5.0000	18.6899	815.2484	94.7917	11.6998	25.0000	0.9300	0.9566	0.6338	-0.0014	815.0000	810.3718	1.0275	-3.4076	99.9070	39.9154	0.8230	0.8272	5.0000	-9999.0000	-9999.0000	-9999.0000	-9999.0000	-9999.0000	-9999.0000	19.6193	4	0	24.9699	1.0000	99	9	-9999.0000	10063	57	-9999	879	811	-9999	503.7991	5	0.6158	0.6338	-0.0014	72.4239	3.0494	596.1571	69.3587	0.2315	272.0165	10.2083	529.5206	91.6435	728.4846	93.9583	744.7402	94.9537	
25/08/2017	05:12:32	011992	H421107903HLR	L421	S		703.3734	1.0292	10.0000	100.2407	39.8693	0.8430	0.8281	5.0000	19.0598	815.1378	94.8380	12.2300	25.1000	0.9300	0.9566	0.6421	-0.0020	815.0000	813.2474	1.0275	-3.7103	99.9080	39.8437	0.8230	0.8274	5.0000	-9999.0000	-9999.0000	-9999.0000	-9999.0000	-9999.0000	-9999.0000	19.5314	5	0	25.1182	1.0000	99	9	-9999.0000	10064	58	-9999	880	812	-9999	503.6124	5	0.6161	0.6421	-0.0020	80.0184	2.4586	583.3656	74.1646	0.2315	264.7682	11.9907	550.8647	94.9306	720.9289	94.0278	738.0998	94.9769	
25/08/2017	05:12:56	011992	H421107893HLR	L421	S		705.9028	1.0292	10.0000	100.2689	39.8920	0.8430	0.8283	5.0000	18.9806	815.1823	94.8148	12.6997	25.1000	0.9300	0.9566	0.6506	-0.0026	815.0000	812.5113	1.0275	-3.6328	99.9420	39.9864	0.8230	0.8278	5.0000	-9999.0000	-9999.0000	-9999.0000	-9999.0000	-9999.0000	-9999.0000	19.8984	6	0	24.9198	1.0000	99	9	-9999.0000	10065	59	-9999	880	813	-9999	503.3027	5	0.6166	0.6506	-0.0026	52.6587	4.5265	576.3622	68.4076	0.2315	263.4448	11.3194	546.1779	94.1435	713.0474	93.9815	729.8590	94.9769	
25/08/2017	05:13:22	011992	H421107865HLR	L421	S		708.8529	1.0292	10.0000	100.2329	39.9629	0.8430	0.8283	5.0000	18.7990	815.1078	94.7917	12.5093	25.1000	0.9300	0.9569	0.6517	-0.0027	815.0000	814.1733	1.0275	-3.8077	99.9345	40.0116	0.8230	0.8274	5.0000	-9999.0000	-9999.0000	-9999.0000	-9999.0000	-9999.0000	-9999.0000	19.9590	7	0	25.0891	1.0000	99	9	-9999.0000	10066	60	-9999	881	814	-9999	503.7686	5	0.6171	0.6517	-0.0027	26.8957	6.5499	581.0159	68.1547	0.2315	273.4154	11.9444	551.9845	95.0231	714.6766	93.9815	732.1356	94.9769	
25/08/2017	05:13:49	011992	H421114795HLR	L421	S		701.0112	1.0292	10.0000	100.2437	39.9307	0.8430	0.8282	5.0000	18.8195	815.1213	94.8380	13.9292	25.1000	0.9300	0.9569	0.6551	-0.0030	815.0000	814.1862	1.0275	-3.8091	99.9900	39.8409	0.8230	0.8270	5.0000	-9999.0000	-9999.0000	-9999.0000	-9999.0000	-9999.0000	-9999.0000	20.4491	8	0	27.5087	1.0000	99	9	-9999.0000	10067	61	-9999	881	815	-9999	500.5450	5	0.6177	0.6551	-0.0030	33.5142	6.0962	572.7658	68.0555	0.2315	270.9434	12.7315	538.2686	95.6481	703.7719	93.9815	721.7099	95.0463	
25/08/2017	05:14:14	011992	H421114782HLR	L421	S		701.5231	1.0292	10.0000	100.2423	39.8699	0.8430	0.8282	5.0000	18.8282	815.1108	94.8148	13.2993	25.1000	0.9300	0.9568	0.6515	-0.0027	815.0000	811.7831	1.0275	-3.5561	99.9206	39.9008	0.8230	0.8276	5.0000	-9999.0000	-9999.0000	-9999.0000	-9999.0000	-9999.0000	-9999.0000	19.4589	1	0	25.0793	1.0000	99	9	-9999.0000	10068	62	-9999	882	816	-9999	502.4155	5	0.6182	0.6515	-0.0027	29.3886	6.4617	578.6160	68.8514	0.2315	276.7817	12.3148	541.0206	95.3472	705.7495	94.1204	720.4470	95.0231	
25/08/2017	05:14:39	011992	H421114793HLR	L421	S		700.2435	1.0292	10.0000	100.0840	39.8567	0.8430	0.8276	5.0000	21.6289	815.1621	94.8843	13.1099	25.1000	0.9300	0.9566	0.6502	-0.0025	815.0000	811.3032	1.0275	-3.5056	99.9860	40.0104	0.8230	0.8275	5.0000	-9999.0000	-9999.0000	-9999.0000	-9999.0000	-9999.0000	-9999.0000	20.1796	2	0	24.8984	1.0000	99	9	-9999.0000	10069	63	-9999	883	817	-9999	503.2194	5	0.6186	0.6502	-0.0025	31.1961	6.2822	588.7135	69.4258	0.2315	282.7894	12.5000	555.8470	95.6481	706.2963	94.0046	724.0746	94.9769	
25/08/2017	05:15:05	011992	H421114802HLR	L421	S		704.1361	1.0292	10.0000	100.1849	39.9577	0.8430	0.8280	5.0000	19.5683	815.1031	94.8380	13.1089	25.1000	0.9300	0.9565	0.6501	-0.0025	815.0000	814.5490	1.0275	-3.8473	99.9233	39.9347	0.8230	0.8272	5.0000	-9999.0000	-9999.0000	-9999.0000	-9999.0000	-9999.0000	-9999.0000	19.4869	3	0	25.5595	1.0000	99	9	-9999.0000	10070	64	-9999	884	817	-9999	503.2841	5	0.6188	0.6501	-0.0025	30.5106	6.2972	590.7803	67.3800	0.2315	282.7809	12.7778	552.3768	95.5787	710.4984	93.8657	728.5742	95.0231	
25/08/2017	05:15:31	011992	H421107899HLR	L421	S		706.8692	1.0292	10.0000	100.2206	39.9555	0.8430	0.8281	5.0000	18.8086	815.1331	94.8380	13.1597	25.0000	0.9300	0.9565	0.6511	-0.0026	815.0000	816.1964	1.0275	-4.0000	99.9586	39.8473	0.8230	0.8271	5.0000	-9999.0000	-9999.0000	-9999.0000	-9999.0000	-9999.0000	-9999.0000	20.1079	4	0	25.0693	1.0000	99	9	-9999.0000	10071	65	-9999	885	818	-9999	503.1488	5	0.6186	0.6511	-0.0026	54.5890	4.3065	592.8321	67.7194	0.2315	285.5751	14.2824	553.3183	95.1389	712.5292	93.9120	733.7276	95.0463	
25/08/2017	05:15:55	011992	H421114824HLR	L421	S		700.1849	1.0292	10.0000	100.2119	39.8888	0.8430	0.8281	5.0000	18.8425	815.2000	94.8380	13.3296	25.0000	0.9300	0.9565	0.6482	-0.0023	815.0000	812.6149	1.0275	-3.6437	99.9817	39.9321	0.8230	0.8275	5.0000	-9999.0000	-9999.0000	-9999.0000	-9999.0000	-9999.0000	-9999.0000	19.9887	5	0	25.2891	1.0000	99	9	-9999.0000	10072	66	-9999	886	819	-9999	503.0876	5	0.6187	0.6482	-0.0023	62.4805	3.6348	591.0409	67.8930	0.2315	289.8292	14.0741	552.0487	95.4167	707.3003	94.0741	725.4438	95.0463	
25/08/2017	05:16:20	011992	H421114787HLR	L421	S		700.4578	1.0292	10.0000	100.2520	39.9319	0.8430	0.8283	5.0000	18.8790	815.2087	94.8611	14.0200	25.0000	0.9300	0.9565	0.6272	-0.0006	815.0000	815.7641	1.0275	-3.9752	99.9703	39.9667	0.8230	0.8271	5.0000	-9999.0000	-9999.0000	-9999.0000	-9999.0000	-9999.0000	-9999.0000	20.6286	6	0	24.9386	1.0000	99	9	-9999.0000	10072	67	-9999	887	820	-9999	504.4594	5	0.6191	0.6272	-0.0006	66.8394	3.2822	611.6494	63.9810	0.2315	298.9652	14.8380	571.2610	95.1852	720.9009	94.0509	736.8952	94.9769	
25/08/2017	05:16:45	011992	H421114806HLR	L421	S		700.5455	1.0292	10.0000	100.2184	39.9523	0.8430	0.8283	5.0000	18.7698	815.1539	94.7917	14.5698	24.9000	0.9300	0.9565	0.6445	-0.0020	815.0000	814.2711	1.0275	-3.8180	99.9658	39.8998	0.8230	0.8272	5.0000	-9999.0000	-9999.0000	-9999.0000	-9999.0000	-9999.0000	-9999.0000	19.3909	7	0	25.0791	1.0000	99	9	-9999.0000	10073	68	-9999	888	821	-9999	501.6507	5	0.6191	0.6445	-0.0020	62.5370	3.6133	616.8213	68.7390	0.2315	293.6456	15.2315	586.3954	95.1620	705.5303	94.1204	719.3606	95.0463	
25/08/2017	05:17:10	011992	H421114816HLR	L421	S		701.4799	1.0292	10.0000	100.1961	39.8980	0.8430	0.8280	5.0000	19.2803	815.1293	94.8380	13.4399	24.9000	0.9300	0.9565	0.6477	-0.0023	815.0000	816.0412	1.0275	-4.0000	99.9464	39.8886	0.8230	0.8274	5.0000	-9999.0000	-9999.0000	-9999.0000	-9999.0000	-9999.0000	-9999.0000	19.4490	8	0	24.9796	1.0000	99	9	-9999.0000	10074	69	-9999	889	822	-9999	503.1365	5	0.6187	0.6477	-0.0023	63.8763	3.5040	611.9237	67.9280	0.2315	300.7310	15.1157	573.4621	95.0926	709.0633	94.0278	726.9960	95.0231	
25/08/2017	05:17:35	011992	H421114790HLR	L421	S		700.2851	1.0292	10.0000	100.2510	39.8972	0.8430	0.8282	5.0000	18.7890	815.1435	94.8380	13.3892	24.9000	0.9300	0.9565	0.6481	-0.0023	815.0000	813.7125	1.0275	-3.7592	100.0354	39.9770	0.8230	0.8276	5.0000	-9999.0000	-9999.0000	-9999.0000	-9999.0000	-9999.0000	-9999.0000	19.3677	1	0	25.0285	1.0000	99	9	-9999.0000	10075	70	-9999	890	823	-9999	503.4710	5	0.6186	0.6481	-0.0023	81.2208	2.2202	602.8828	67.5624	0.2315	298.8244	15.9954	562.8850	94.7685	706.9698	94.1898	723.9163	94.9769	
25/08/2017	05:17:53	011992	H537115924HLR	L421	S		0.0000	0.0000	0.0000	0.0000	0.0000	0.8430	0.0000	0.0000	0.0000	0.0000	0.0000	0.0000	0.0000	0.9300	0.0000	0.0000	0.0000	0.0000	0.0000	0.0000	0.0000	0.0000	0.0000	0.8230	0.0000	0.0000	0.0000	0.0000	0.0000	0.0000	0.0000	0.0000	0.0000	0	27	25.0285	1.0000	99	9	0.0000	0	0	0	0	0	0	0.0000	0	0.0000	0.0000	0.0000	0.0000	0.0000	0.0000	0.0000	0.0000	0.0000	0.0000	0.0000	0.0000	0.0000	0.0000	0.0000	0.0000	
25/08/2017	05:26:57	011992	H421114145HLR	L421	S		710.1036	1.0292	10.0000	100.2380	39.9475	0.8430	0.8282	5.0000	18.8478	815.1653	94.7685	11.5299	24.9000	0.9300	0.9566	0.6241	-0.0004	815.0000	813.7744	1.0275	-3.7657	99.9760	39.8836	0.8230	0.8268	5.0000	-9999.0000	-9999.0000	-9999.0000	-9999.0000	-9999.0000	-9999.0000	20.2530	2	0	560.1091	1.0000	99	9	-9999.0000	10076	71	-9999	891	824	-9999	505.1163	5	0.6183	0.6241	-0.0004	30.6922	6.0207	636.4913	70.3315	0.2315	311.3530	15.3704	592.9777	94.8148	740.1922	94.0278	756.8940	94.9769	
25/08/2017	05:27:20	011992	H421114822HLR	L421	S		703.6301	1.0292	10.0000	100.2243	39.9365	0.8430	0.8282	5.0000	18.6595	815.2138	94.8380	13.2798	24.8000	0.9300	0.9565	0.6384	-0.0015	815.0000	815.5712	1.0275	-3.9549	99.9285	39.8547	0.8230	0.8271	5.0000	-9999.0000	-9999.0000	-9999.0000	-9999.0000	-9999.0000	-9999.0000	19.9490	3	0	25.0792	1.0000	99	9	-9999.0000	10077	72	-9999	892	824	-9999	504.2076	5	0.6180	0.6384	-0.0015	49.4643	4.5868	631.1799	67.2891	0.2315	308.0876	15.9259	595.9652	95.1157	718.5715	94.0509	733.3901	94.9537	
25/08/2017	05:27:45	011992	H421114830HLR	L421	S		709.9161	1.0292	10.0000	100.2400	39.8770	0.8430	0.8281	5.0000	18.9191	815.1513	94.8148	11.4996	24.8000	0.9300	0.9564	0.6377	-0.0015	815.0000	814.3824	1.0275	-3.8297	99.9802	40.6449	0.8230	0.8312	5.0000	-9999.0000	-9999.0000	-9999.0000	-9999.0000	-9999.0000	-9999.0000	20.0188	4	0	25.0292	1.0000	99	9	-9999.0000	10078	73	-9999	893	825	-9999	506.0087	5	0.6177	0.6377	-0.0015	53.9411	4.2883	633.6258	69.3221	0.2315	312.9033	17.1528	591.0530	94.6065	731.3488	94.1898	747.8092	95.0000	
25/08/2017	05:28:10	011992	H421114826HLR	L421	S		707.0598	1.0292	10.0000	100.2553	39.9032	0.8430	0.8283	5.0000	18.8421	815.1526	94.7685	12.7290	24.7000	0.9300	0.9566	0.6414	-0.0017	815.0000	816.7112	1.0275	-4.0000	99.8799	40.3774	0.8230	0.8269	5.0000	-9999.0000	-9999.0000	-9999.0000	-9999.0000	-9999.0000	-9999.0000	20.1576	5	0	25.1389	1.0000	99	9	-9999.0000	10079	74	-9999	894	826	-9999	504.8582	5	0.6177	0.6414	-0.0017	74.4293	2.8029	636.0993	68.5699	0.2315	313.1241	16.5972	598.5412	94.9537	724.0085	94.2593	737.9380	94.9769	
25/08/2017	05:28:36	011992	H421114808HLR	L421	S		703.7718	1.0292	10.0000	100.2676	39.9461	0.8430	0.8282	5.0000	18.8422	815.1429	94.8380	14.9291	24.6000	0.9300	0.9567	0.6362	-0.0013	815.0000	821.8437	1.0275	-4.0000	100.0490	39.4176	0.8230	0.8247	5.0000	-9999.0000	-9999.0000	-9999.0000	-9999.0000	-9999.0000	-9999.0000	20.8535	6	0	25.1592	1.0000	99	9	-9999.0000	10080	75	-9999	895	827	-9999	502.3512	5	0.6183	0.6362	-0.0013	57.2956	4.0762	643.9873	68.1235	0.2315	327.9112	20.4630	606.6976	94.6759	720.0280	94.3750	735.2770	94.9769	
25/08/2017	05:29:01	011992	H421114092HLR	L421	S		701.9075	1.0292	10.0000	100.2261	39.8807	0.8430	0.8281	5.0000	18.8789	815.1781	94.9537	12.3296	25.1000	0.9300	0.9564	0.6362	-0.0013	815.0000	815.6850	1.0275	-3.9668	99.8683	39.4896	0.8230	0.8274	5.0000	-9999.0000	-9999.0000	-9999.0000	-9999.0000	-9999.0000	-9999.0000	20.5389	7	0	25.9492	1.0000	99	9	-9999.0000	10081	76	-9999	896	828	-9999	505.1906	5	0.6182	0.6362	-0.0013	47.4363	4.8615	733.3758	98.1536	7.0602	691.7261	93.8194	732.9502	93.9815	733.8398	94.5602	742.7909	94.9537	
25/08/2017	05:29:27	011992	H421114135HLR	L421	S		701.1621	1.0292	10.0000	99.9704	40.1762	0.8430	0.8303	5.0000	20.2587	815.1654	94.9537	12.4195	25.0000	0.9300	0.9566	0.6379	-0.0015	815.0000	817.5401	1.0275	-4.0000	99.9949	40.2046	0.8230	0.8283	5.0000	-9999.0000	-9999.0000	-9999.0000	-9999.0000	-9999.0000	-9999.0000	22.2400	8	0	25.3197	1.0000	99	9	-9999.0000	10082	77	-9999	897	829	-9999	505.0481	5	0.6183	0.6379	-0.0015	54.5583	4.3111	724.9440	97.0689	11.6898	681.1897	94.9306	723.5449	93.2407	732.7873	94.4213	745.5057	95.0926	
25/08/2017	05:29:53	011992	H537115924HLR	L421	S		705.9244	1.0292	10.0000	100.0234	40.2467	0.8430	0.8283	5.0000	18.8683	815.1949	94.8611	12.0904	25.0000	0.9300	0.9566	0.6374	-0.0015	815.0000	818.6977	1.0275	-4.0000	99.9109	40.0864	0.8230	0.8263	5.0000	-9999.0000	-9999.0000	-9999.0000	-9999.0000	-9999.0000	-9999.0000	20.1390	1	27	25.8479	1.0000	99	9	-9999.0000	10083	78	-9999	898	830	-9999	505.4225	5	0.6184	0.6374	-0.0015	50.4832	4.6516	732.2170	102.5038	17.3380	683.4848	94.4213	731.5979	94.0278	740.1279	94.4444	748.7353	94.8611	
25/08/2017	05:30:18	011992	H421114168HLR	L421	S		703.0608	1.0292	10.0000	99.9894	39.5250	0.8430	0.8273	5.0000	18.4979	815.2234	94.8843	11.9790	25.0000	0.9300	0.9566	0.6377	-0.0015	815.0000	816.1875	1.0275	-4.0000	100.0261	39.3912	0.8230	0.8252	5.0000	-9999.0000	-9999.0000	-9999.0000	-9999.0000	-9999.0000	-9999.0000	21.6086	2	0	25.1495	1.0000	99	9	-9999.0000	10084	79	-9999	899	831	-9999	505.7409	5	0.6179	0.6377	-0.0015	54.2016	4.3637	727.3132	102.9108	10.0463	685.8941	94.8380	725.9069	94.0278	735.9975	94.5602	745.4564	94.9306	
25/08/2017	05:30:43	011992	H421114167HLR	L421	S		704.2951	1.0292	10.0000	100.0359	39.4000	0.8430	0.8284	5.0000	19.2778	815.1567	94.8611	11.9293	24.9000	0.9300	0.9566	0.6376	-0.0015	815.0000	816.5544	1.0275	-4.0000	99.9315	39.7535	0.8230	0.8281	5.0000	-9999.0000	-9999.0000	-9999.0000	-9999.0000	-9999.0000	-9999.0000	20.3173	3	0	25.0221	1.0000	99	9	-9999.0000	10085	80	-9999	900	832	-9999	505.5759	5	0.6180	0.6376	-0.0015	57.0787	4.1313	727.8844	102.6402	18.4954	678.1078	94.8148	727.4939	93.9120	736.0523	94.5139	746.0255	94.9306	
25/08/2017	05:31:08	011992	H421114147HLR	L421	S		704.8999	1.0292	10.0000	100.0612	40.0637	0.8430	0.8293	5.0000	18.8199	815.1478	94.8611	12.0699	24.9000	0.9300	0.9566	0.6388	-0.0016	815.0000	817.3148	1.0275	-4.0000	99.9430	40.2681	0.8230	0.8283	5.0000	-9999.0000	-9999.0000	-9999.0000	-9999.0000	-9999.0000	-9999.0000	19.9490	4	0	25.0963	1.0000	99	9	-9999.0000	10086	81	-9999	901	833	-9999	505.2203	5	0.6179	0.6388	-0.0016	70.1414	3.1971	726.9733	107.8315	14.5370	688.3517	94.1204	725.5584	93.6343	734.7407	94.4213	745.9443	94.9537	
25/08/2017	05:31:33	011992	H421114181HLR	L421	S		702.6586	1.0292	10.0000	100.0732	40.0148	0.8430	0.8278	5.0000	18.9593	815.1354	94.8380	11.9800	24.9000	0.9300	0.9566	0.6388	-0.0016	815.0000	816.9572	1.0275	-4.0000	99.9719	39.8916	0.8230	0.8259	5.0000	-9999.0000	-9999.0000	-9999.0000	-9999.0000	-9999.0000	-9999.0000	21.0496	5	0	24.9600	1.0000	99	9	-9999.0000	10086	82	-9999	901	834	-9999	505.4074	5	0.6179	0.6388	-0.0016	70.1414	3.1971	725.5222	118.0325	27.1296	692.7877	94.4444	723.5403	93.7963	735.0412	94.4213	744.8689	94.9769	
25/08/2017	05:31:58	011992	H421114085HLR	L421	S		704.2396	1.0292	10.0000	100.0642	39.4395	0.8430	0.8274	5.0000	18.9797	815.1832	94.8148	12.2300	24.8000	0.9300	0.9567	0.6411	-0.0018	815.0000	816.7206	1.0275	-4.0000	99.9536	39.5457	0.8230	0.8262	5.0000	-9999.0000	-9999.0000	-9999.0000	-9999.0000	-9999.0000	-9999.0000	19.6879	6	0	25.0883	1.0000	99	9	-9999.0000	10087	83	-9999	902	835	-9999	505.0685	5	0.6183	0.6411	-0.0018	69.4649	3.3167	720.7349	118.0351	22.4074	688.6944	94.4907	719.3650	94.0509	729.5412	94.5370	740.4794	95.0000	
25/08/2017	05:32:23	011992	H421114161HLR	L421	S		691.7395	1.0292	10.0000	99.9690	39.7000	0.8430	0.8290	5.0000	18.6279	815.1165	94.8611	12.7593	24.8000	0.9300	0.9567	0.6357	-0.0013	815.0000	817.8770	1.0275	-4.0000	99.9045	39.8886	0.8230	0.8284	5.0000	-9999.0000	-9999.0000	-9999.0000	-9999.0000	-9999.0000	-9999.0000	19.8289	7	0	25.0385	1.0000	99	9	-9999.0000	10088	84	-9999	902	836	-9999	504.4013	5	0.6185	0.6357	-0.0013	73.3733	3.0384	722.8163	122.5763	24.0741	689.4631	94.7917	720.9829	94.0741	731.8451	94.5370	740.3470	95.0000	
25/08/2017	05:32:48	011992	H421114095HLR	L421	S		704.3568	1.0292	10.0000	100.1244	40.1271	0.8430	0.8288	5.0000	18.8084	815.1267	94.9074	12.2798	24.7000	0.9300	0.9567	0.6506	-0.0026	815.0000	818.7694	1.0275	-4.0000	99.9286	40.1954	0.8230	0.8276	5.0000	-9999.0000	-9999.0000	-9999.0000	-9999.0000	-9999.0000	-9999.0000	20.3636	8	0	24.9289	1.0000	99	9	-9999.0000	10089	85	-9999	903	837	-9999	504.5175	5	0.6185	0.6506	-0.0026	75.0915	2.9299	711.8377	133.8018	28.8426	672.3104	95.0694	710.0498	93.2639	722.2372	94.6991	734.3626	95.1389	
25/08/2017	05:33:13	011992	H421114141HLR	L421	S		702.6005	1.0292	10.0000	100.1266	39.8451	0.8430	0.8276	5.0000	18.7645	815.1703	94.8843	12.3003	24.7000	0.9300	0.9567	0.6493	-0.0025	815.0000	818.0433	1.0275	-4.0000	99.9978	39.8693	0.8230	0.8264	5.0000	-9999.0000	-9999.0000	-9999.0000	-9999.0000	-9999.0000	-9999.0000	19.8290	1	0	24.9893	1.0000	99	9	-9999.0000	10090	86	-9999	903	838	-9999	504.4620	5	0.6183	0.6493	-0.0025	94.0631	1.5294	713.7018	131.8850	31.7130	674.1402	95.2315	712.6357	93.4259	723.0637	94.6991	734.6747	95.1389	
25/08/2017	05:33:38	011992	H421114099HLR	L421	S		702.4684	1.0292	10.0000	100.1293	39.4854	0.8430	0.8276	5.0000	19.9495	815.1874	94.8148	12.0093	24.6000	0.9300	0.9568	0.6519	-0.0027	815.0000	817.7220	1.0275	-4.0000	99.9555	39.6782	0.8230	0.8268	5.0000	-9999.0000	-9999.0000	-9999.0000	-9999.0000	-9999.0000	-9999.0000	19.6190	2	0	25.1885	1.0000	99	9	-9999.0000	10091	87	-9999	904	839	-9999	505.0887	5	0.6183	0.6519	-0.0027	92.0760	1.7470	714.7448	132.1134	29.5833	669.2695	95.1157	712.6840	94.6991	725.7014	94.8148	734.9557	94.9537	
25/08/2017	05:34:03	011992	H421114089HLR	L421	S		703.4753	1.0292	10.0000	100.1345	39.8000	0.8430	0.8290	5.0000	18.6195	815.1505	94.9306	11.9693	24.6000	0.9300	0.9568	0.6506	-0.0026	815.0000	819.0204	1.0275	-4.0000	100.0185	39.9605	0.8230	0.8277	5.0000	-9999.0000	-9999.0000	-9999.0000	-9999.0000	-9999.0000	-9999.0000	20.8386	3	0	25.0904	1.0000	99	9	-9999.0000	10092	88	-9999	904	840	-9999	504.8299	5	0.6178	0.6506	-0.0026	92.9626	1.6710	716.7064	130.5525	31.6435	678.2203	95.4630	715.2118	93.8426	725.1387	94.6296	736.5862	95.0926	
25/08/2017	05:34:29	011992	H421114105HLR	L421	S		700.4650	1.0292	10.0000	100.1646	40.1112	0.8430	0.8285	5.0000	18.7488	815.1617	94.8843	13.1890	24.5000	0.9300	0.9568	0.6505	-0.0026	815.0000	819.3694	1.0275	-4.0000	99.9366	40.1000	0.8230	0.8273	5.0000	-9999.0000	-9999.0000	-9999.0000	-9999.0000	-9999.0000	-9999.0000	19.8184	4	0	25.7583	1.0000	99	9	-9999.0000	10093	89	-9999	905	841	-9999	502.1327	5	0.6176	0.6505	-0.0026	56.4138	4.7082	708.4178	134.9693	34.2361	664.3872	95.7176	706.8162	94.0046	718.7399	94.6065	727.2268	95.0694	
25/08/2017	05:34:54	011992	H421114115HLR	L421	S		701.7806	1.0292	10.0000	100.1633	39.7816	0.8430	0.8276	5.0000	18.6886	815.1360	94.8611	12.8804	24.5000	0.9300	0.9568	0.6541	-0.0029	815.0000	820.4922	1.0275	-4.0000	100.1214	39.6838	0.8230	0.8258	5.0000	-9999.0000	-9999.0000	-9999.0000	-9999.0000	-9999.0000	-9999.0000	22.0402	5	0	25.0682	1.0000	99	9	-9999.0000	10094	90	-9999	905	842	-9999	502.4002	5	0.6181	0.6541	-0.0029	49.1097	5.3192	707.4972	130.6937	29.0509	666.9988	95.8102	706.3246	94.0046	717.7906	94.7685	728.7818	95.0231	
25/08/2017	05:35:21	011992	H421114151HLR	L421	S		702.5305	1.0292	10.0000	100.1880	39.6000	0.8430	0.8281	5.0000	18.8391	815.1598	94.8843	12.0396	24.5000	0.9300	0.9569	0.6517	-0.0028	815.0000	818.6286	1.0275	-4.0000	100.0132	39.7587	0.8230	0.8272	5.0000	-9999.0000	-9999.0000	-9999.0000	-9999.0000	-9999.0000	-9999.0000	20.1092	6	0	26.6593	1.0000	99	9	-9999.0000	10095	91	-9999	906	842	-9999	504.2636	5	0.6179	0.6517	-0.0028	51.2119	5.1758	711.7999	138.5258	31.8519	662.4273	96.1574	710.2251	93.8889	721.8711	94.9074	733.5921	95.0694	
25/08/2017	05:35:46	011992	H421114118HLR	L421	S		703.2716	1.0292	10.0000	100.1688	39.9687	0.8430	0.8289	5.0000	18.6788	815.1826	94.9074	12.3501	24.5000	0.9300	0.9570	0.6505	-0.0027	815.0000	819.8196	1.0275	-4.0000	100.0998	40.0277	0.8230	0.8271	5.0000	-9999.0000	-9999.0000	-9999.0000	-9999.0000	-9999.0000	-9999.0000	22.1188	7	0	25.0997	1.0000	99	9	-9999.0000	10096	92	-9999	906	843	-9999	503.3293	5	0.6178	0.6505	-0.0027	94.4678	1.6077	722.3607	137.9215	32.4074	666.1663	96.2963	718.8052	94.1898	726.3707	94.8148	734.7289	95.0694	
25/08/2017	05:36:11	011992	H421114112HLR	L421	S		701.1442	1.0292	10.0000	100.1440	40.0367	0.8430	0.8279	5.0000	19.3393	815.1687	94.9306	12.2202	24.4000	0.9300	0.9570	0.6634	-0.0038	815.0000	818.8073	1.0275	-4.0000	100.0540	39.9653	0.8230	0.8264	5.0000	-9999.0000	-9999.0000	-9999.0000	-9999.0000	-9999.0000	-9999.0000	20.4382	8	0	25.0187	1.0000	99	9	-9999.0000	10097	93	-9999	907	843	-9999	503.3185	5	0.6171	0.6634	-0.0038	64.8105	4.0709	703.4531	125.2222	29.0741	659.2333	96.4352	702.0577	94.4213	713.4838	94.7917	725.1513	95.0231	
25/08/2017	05:36:36	011992	H421114129HLR	L421	S		704.7499	1.0292	10.0000	100.1941	39.6938	0.8430	0.8276	5.0000	18.9291	815.1577	94.8611	11.4703	24.5000	0.9300	0.9571	0.6702	-0.0043	815.0000	818.1235	1.0275	-4.0000	100.0448	39.7058	0.8230	0.8265	5.0000	-9999.0000	-9999.0000	-9999.0000	-9999.0000	-9999.0000	-9999.0000	20.1991	1	0	25.0595	1.0000	99	9	-9999.0000	10098	94	-9999	907	844	-9999	505.8384	5	0.6165	0.6702	-0.0043	62.9741	4.2468	703.7860	127.6861	28.9120	662.2302	96.5509	702.2878	94.3519	715.3159	94.8148	727.5955	95.0694	
25/08/2017	05:37:02	011992	H421114121HLR	L421	S		701.9768	1.0292	10.0000	100.1681	39.7086	0.8430	0.8285	5.0000	18.7791	815.2477	94.8611	11.9800	24.5000	0.9300	0.9572	0.6634	-0.0038	815.0000	817.4541	1.0275	-4.0000	100.0455	39.9030	0.8230	0.8279	5.0000	-9999.0000	-9999.0000	-9999.0000	-9999.0000	-9999.0000	-9999.0000	19.3589	2	0	26.0087	1.0000	99	9	-9999.0000	10099	95	-9999	908	844	-9999	503.6934	5	0.6162	0.6634	-0.0038	73.0702	3.4768	705.9181	133.6490	30.6250	655.2767	96.5972	704.2388	94.8611	716.6337	94.8843	726.7235	94.9537	
25/08/2017	05:37:27	011992	H421114883HLR	L421	S		703.1003	1.0292	10.0000	100.0846	40.0232	0.8430	0.8282	5.0000	20.0588	815.2059	94.8148	13.0396	24.5000	0.9300	0.9572	0.6590	-0.0035	815.0000	819.8030	1.0275	-4.0000	100.1117	40.0396	0.8230	0.8268	5.0000	-9999.0000	-9999.0000	-9999.0000	-9999.0000	-9999.0000	-9999.0000	22.3685	3	0	24.9289	1.0000	99	9	-9999.0000	10100	96	-9999	909	845	-9999	500.2294	5	0.6158	0.6590	-0.0035	76.1973	3.2425	710.9961	131.0606	32.6157	658.9519	96.6898	709.3029	94.8380	720.9295	94.9306	729.0698	94.9769	
25/08/2017	05:37:52	011992	H421114871HLR	L421	S		705.0190	1.0292	10.0000	100.1908	39.9251	0.8430	0.8278	5.0000	18.8391	815.1976	94.7917	11.5894	24.5000	0.9300	0.9572	0.6538	-0.0031	815.0000	817.4378	1.0275	-4.0000	99.9848	39.8853	0.8230	0.8264	5.0000	-9999.0000	-9999.0000	-9999.0000	-9999.0000	-9999.0000	-9999.0000	19.7272	4	0	24.9795	1.0000	99	9	-9999.0000	10101	97	-9999	910	846	-9999	503.8003	5	0.6154	0.6538	-0.0031	79.3145	3.0141	726.9752	136.0494	33.9120	661.5671	96.4815	723.1800	95.3009	731.8658	95.1389	738.9409	94.9769	
25/08/2017	05:38:17	011992	H421114879HLR	L421	S		712.0857	1.0292	10.0000	100.1840	39.6848	0.8430	0.8279	5.0000	18.7389	815.1624	94.8148	10.8297	24.6000	0.9300	0.9573	0.6602	-0.0036	815.0000	820.1698	1.0275	-4.0000	100.0318	39.7840	0.8230	0.8270	5.0000	-9999.0000	-9999.0000	-9999.0000	-9999.0000	-9999.0000	-9999.0000	19.1892	5	0	25.0799	1.0000	99	9	-9999.0000	10102	98	-9999	911	847	-9999	506.1556	5	0.6155	0.6602	-0.0036	76.6846	3.2226	723.5495	126.6251	33.5880	661.9391	96.4815	721.8607	94.8611	733.0717	94.9074	743.2844	94.9537	
25/08/2017	05:38:42	011992	H421114867HLR	L421	S		719.7136	1.0292	10.0000	100.2173	39.8098	0.8430	0.8285	5.0000	18.8694	815.2592	94.8380	9.7692	24.6000	0.9300	0.9573	0.6598	-0.0036	815.0000	820.3930	1.0275	-4.0000	100.0008	40.0277	0.8230	0.8278	5.0000	-9999.0000	-9999.0000	-9999.0000	-9999.0000	-9999.0000	-9999.0000	19.5582	6	0	25.0784	1.0000	99	9	-9999.0000	10103	99	-9999	912	848	-9999	509.1574	5	0.6155	0.6598	-0.0036	76.7773	3.2258	732.3507	135.9652	33.7963	676.8724	96.6204	730.4602	94.6991	743.4939	94.7917	754.1624	94.9769	
25/08/2017	05:39:07	011992	H421114858HLR	L421	S		724.0761	1.0292	10.0000	100.2133	40.0679	0.8430	0.8283	5.0000	18.9387	815.2458	94.8611	9.7194	24.7000	0.9300	0.9574	0.6766	-0.0050	815.0000	823.6280	1.0275	-4.0000	100.0640	40.0934	0.8230	0.8272	5.0000	-9999.0000	-9999.0000	-9999.0000	-9999.0000	-9999.0000	-9999.0000	19.7992	7	0	25.0088	1.0000	99	9	-9999.0000	10104	100	-9999	913	849	-9999	511.7960	5	0.6149	0.6766	-0.0050	78.1172	3.1214	723.7192	135.9562	31.7824	661.5669	96.3657	721.7578	94.7454	735.2849	94.8611	747.6183	94.9769	
25/08/2017	05:39:32	011992	H421107895HLR	L421	S		710.6891	1.0292	10.0000	100.1680	39.8345	0.8430	0.8275	5.0000	19.7809	815.2301	94.7917	10.9293	24.7000	0.9300	0.9574	0.6751	-0.0049	815.0000	818.8039	1.0275	-4.0000	100.1127	39.8998	0.8230	0.8268	5.0000	-9999.0000	-9999.0000	-9999.0000	-9999.0000	-9999.0000	-9999.0000	19.3689	8	0	24.9994	1.0000	99	9	-9999.0000	10105	101	-9999	914	849	-9999	506.6213	5	0.6148	0.6751	-0.0049	74.9751	3.3760	716.1745	132.3955	32.7778	651.2140	96.6667	711.3326	95.3704	725.0698	95.2778	733.3640	95.0000	
25/08/2017	05:39:57	011992	H421107885HLR	L421	S		706.5646	1.0292	10.0000	100.2068	39.7252	0.8430	0.8281	5.0000	18.7493	815.1411	94.7917	10.8297	24.7000	0.9300	0.9573	0.6509	-0.0030	815.0000	815.4978	1.0275	-3.9471	100.0451	39.8387	0.8230	0.8272	5.0000	-9999.0000	-9999.0000	-9999.0000	-9999.0000	-9999.0000	-9999.0000	19.7774	1	0	25.1286	1.0000	99	9	-9999.0000	10106	102	-9999	915	850	-9999	504.4983	5	0.6148	0.6509	-0.0030	67.3577	3.9597	727.2648	147.6095	32.2685	671.0620	96.6435	725.0318	95.6019	744.8687	95.0694	749.9312	95.0926	
25/08/2017	05:40:22	011992	H421107887HLR	L421	S		701.7994	1.0292	10.0000	100.2241	39.9000	0.8430	0.8286	5.0000	18.8489	815.2169	94.7685	11.0094	24.8000	0.9300	0.9573	0.6487	-0.0028	815.0000	814.6842	1.0275	-3.8615	100.1158	40.0611	0.8230	0.8279	5.0000	-9999.0000	-9999.0000	-9999.0000	-9999.0000	-9999.0000	-9999.0000	19.4792	2	0	24.9591	1.0000	99	9	-9999.0000	10107	103	-9999	916	850	-9999	503.8243	5	0.6156	0.6487	-0.0028	47.4782	5.6148	724.7001	132.3777	29.1898	675.0752	96.6667	723.2523	94.9306	734.5930	94.9306	743.3952	95.0000	
25/08/2017	05:40:47	011992	H421107897HLR	L421	S		697.4916	1.0292	10.0000	100.2289	40.0391	0.8430	0.8282	5.0000	18.8693	815.1874	94.8148	11.9293	24.8000	0.9300	0.9573	0.6472	-0.0027	815.0000	813.3337	1.0275	-3.7193	100.1958	40.0399	0.8230	0.8270	5.0000	-9999.0000	-9999.0000	-9999.0000	-9999.0000	-9999.0000	-9999.0000	20.1633	3	0	25.0792	1.0000	99	9	-9999.0000	10108	104	-9999	917	851	-9999	501.7957	5	0.6164	0.6472	-0.0027	34.2449	6.7869	725.2874	145.9602	35.0000	667.3179	96.8750	724.5783	95.8333	732.6621	95.2778	739.7819	94.9306	
25/08/2017	05:41:12	011992	H421107869HLR	L421	S		706.4914	1.0292	10.0000	100.2285	39.8112	0.8430	0.8278	5.0000	18.8293	815.2647	94.8148	10.8687	24.8000	0.9300	0.9573	0.6483	-0.0028	815.0000	814.9545	1.0275	-3.8899	99.9949	39.8974	0.8230	0.8269	5.0000	-9999.0000	-9999.0000	-9999.0000	-9999.0000	-9999.0000	-9999.0000	19.5486	4	0	25.0392	1.0000	99	9	-9999.0000	10109	105	-9999	918	851	-9999	504.1884	5	0.6167	0.6483	-0.0028	34.4425	6.7629	727.9528	146.4598	35.4167	670.5868	96.8750	725.8095	95.3472	744.0388	95.0000	752.3326	95.0926	
25/08/2017	05:45:23	011992	H421107872HLR	L421	S		695.1080	1.0292	10.0000	100.1764	39.7922	0.8430	0.8283	5.0000	18.9092	815.1865	94.8380	12.6597	24.9000	0.9300	0.9573	0.6436	-0.0023	815.0000	815.7483	1.0275	-3.9735	99.9817	39.8972	0.8230	0.8275	5.0000	-9999.0000	-9999.0000	-9999.0000	-9999.0000	-9999.0000	-9999.0000	19.3093	5	0	248.7961	1.0000	99	9	-9999.0000	10110	106	-9999	919	852	-9999	500.8344	5	0.6172	0.6436	-0.0023	32.6264	6.9509	730.6572	136.0516	32.3611	663.2639	96.4583	729.4668	96.1574	732.8672	94.8148	738.0396	94.7685	
25/08/2017	05:45:48	011992	H421107881HLR	L421	S		701.7848	1.0292	10.0000	100.2190	39.9926	0.8430	0.8285	5.0000	18.8390	815.2366	94.7917	11.0494	24.9000	0.9300	0.9573	0.6419	-0.0021	815.0000	813.0277	1.0275	-3.6871	100.0003	39.8000	0.8230	0.8254	5.0000	-9999.0000	-9999.0000	-9999.0000	-9999.0000	-9999.0000	-9999.0000	128.5443	6	0	24.9738	1.0000	99	9	-9999.0000	10111	107	-9999	920	853	-9999	504.0872	5	0.6176	0.6419	-0.0021	32.8664	6.9299	730.3717	138.6402	29.7222	674.8233	95.4630	728.3176	95.3009	740.3748	95.0000	749.3401	94.8843	
25/08/2017	05:46:13	011992	H421107891HLR	L421	S		700.8857	1.0292	10.0000	100.0233	39.8892	0.8430	0.8273	5.0000	21.2893	815.1478	94.7917	11.1197	25.0000	0.9300	0.9573	0.6412	-0.0021	815.0000	812.9552	1.0275	-3.6795	100.0185	40.0389	0.8230	0.8283	5.0000	-9999.0000	-9999.0000	-9999.0000	-9999.0000	-9999.0000	-9999.0000	19.9026	7	0	25.0284	1.0000	99	9	-9999.0000	10112	108	-9999	920	854	-9999	503.8734	5	0.6174	0.6412	-0.0021	33.0808	6.9022	731.5776	157.2141	35.8102	676.6854	95.6250	730.6468	95.2546	739.5317	95.0231	749.4176	94.9074	
747.4853	94.9306	
25/08/2017	06:06:07	011992	H421114803HLR	L421	S		699.0379	1.0292	10.0000	99.9952	39.5619	0.8430	0.8294	5.0000	19.6996	815.2512	94.8843	11.9702	25.7000	0.9300	0.9536	0.6462	-0.0024	815.0000	799.2854	1.0275	-2.2406	99.8997	39.2671	0.8230	0.8241	5.0000	-9999.0000	-9999.0000	-9999.0000	-9999.0000	-9999.0000	-9999.0000	21.4694	1	1	23.6485	1.0000	99	9	-9999.0000	10117	114	-9999	924	857	-9999	503.0461	5	0.6186	0.6462	-0.0024	39.9066	6.3777	678.3535	117.1631	26.1111	645.6933	64.7685	631.4359	65.1389	677.0004	91.1806	736.0860	94.6065	
25/08/2017	06:07:43	011992	H421107901HLR	L421	S		700.4464	1.0292	10.0000	99.8842	39.6862	0.8430	0.8280	5.0000	19.1693	815.1795	94.8843	12.6597	25.6000	0.9300	0.9543	0.6587	-0.0024	815.0000	813.8924	1.0275	-3.7782	100.2287	40.3609	0.8230	0.8244	5.0000	-9999.0000	-9999.0000	-9999.0000	-9999.0000	-9999.0000	-9999.0000	20.4488	5	0	23.9387	1.0000	99	9	-9999.0000	10118	115	-9999	925	857	-9999	511.7827	5	0.6294	0.6587	-0.0024	39.5219	6.3162	705.7232	130.8211	26.6898	660.5459	90.4167	704.4356	90.8796	718.1505	95.7176	738.6761	94.7454	
25/08/2017	06:09:21	011992	H421114799HLR	L421	S		686.9954	1.0292	10.0000	99.9343	39.4234	0.8430	0.8278	5.0000	18.1995	815.1216	94.8380	12.8794	25.5000	0.9300	0.9545	0.6594	-0.0024	815.0000	814.6386	1.0275	-3.8567	99.7212	39.8731	0.8230	0.8253	5.0000	-9999.0000	-9999.0000	-9999.0000	-9999.0000	-9999.0000	-9999.0000	21.8688	1	0	24.3378	1.0000	99	9	-9999.0000	10119	116	-9999	926	858	-9999	511.8816	5	0.6290	0.6594	-0.0024	39.5054	6.3136	703.1093	129.5252	28.3565	658.2214	90.7870	701.4423	90.8333	716.0161	95.1852	733.9112	95.2083	
25/08/2017	06:10:44	011992	H421114818HLR	L421	S		695.8069	1.0292	10.0000	99.8576	39.2108	0.8430	0.8270	5.0000	19.8898	815.1467	94.8611	13.2593	25.4000	0.9300	0.9546	0.6596	-0.0024	815.0000	813.8301	1.0275	-3.7716	99.9983	39.7430	0.8230	0.8242	5.0000	-9999.0000	-9999.0000	-9999.0000	-9999.0000	-9999.0000	-9999.0000	22.7176	5	0	15.1083	1.0000	99	9	-9999.0000	10120	117	-9999	927	859	-9999	511.3078	5	0.6288	0.6596	-0.0024	39.5020	6.3130	704.9992	131.8602	27.5000	657.6638	91.5278	704.6924	91.7593	714.3666	95.5787	731.2552	95.0926	
25/08/2017	06:13:12	011992	H421114810HLR	L421	S		702.5591	1.0292	10.0000	99.9185	39.5000	0.8430	0.8291	5.0000	21.6192	815.1032	94.8843	11.6187	25.6000	0.9300	0.9544	0.6599	-0.0024	815.0000	735.9906	1.0275	-2.4207	100.0172	39.6425	0.8230	0.8246	5.0000	-9999.0000	-9999.0000	-9999.0000	-9999.0000	-9999.0000	-9999.0000	22.3025	3	1	25.0890	1.0000	99	9	-9999.0000	10122	118	-9999	929	861	-9999	514.8023	5	0.6286	0.6599	-0.0024	39.4943	6.3118	715.7584	126.3417	26.7593	671.8878	91.8750	713.4418	92.7546	728.9235	94.1435	743.0742	95.1389	
25/08/2017	06:14:04	011992	H421114828HLR	L421	Q		698.0734	1.0292	10.0000	100.0411	39.9000	0.8430	0.8281	5.0000	18.3633	815.1910	94.9074	12.5796	25.4000	0.9300	0.9546	0.6599	-0.0024	815.0000	816.3035	1.0275	-4.0000	100.0839	40.1000	0.8230	0.8286	5.0000	-9999.0000	-9999.0000	-9999.0000	-9999.0000	-9999.0000	-9999.0000	23.6894	5	0	25.0088	1.0000	99	9	-9999.0000	10123	119	-9999	930	861	-9999	512.9546	5	0.6286	0.6599	-0.0024	39.4943	6.3118	711.4139	141.7272	32.5694	665.1536	92.3380	709.6819	93.1713	722.5031	94.2361	737.2845	95.0694	
25/08/2017	06:14:54	011992	H421114801HLR	L421	Q		702.7531	1.0292	10.0000	99.9063	39.5000	0.8430	0.8295	5.0000	19.2819	815.1401	94.8611	12.2691	25.4000	0.9300	0.9545	0.6396	-0.0009	815.0000	817.9539	1.0275	-4.0000	99.9223	39.4649	0.8230	0.8243	5.0000	-9999.0000	-9999.0000	-9999.0000	-9999.0000	-9999.0000	-9999.0000	21.6387	7	0	25.0090	1.0000	99	9	-9999.0000	10124	120	-9999	931	862	-9999	512.9502	5	0.6288	0.6396	-0.0009	-105.9525	17.3599	732.5777	146.4296	28.7731	676.5564	92.7778	730.4617	93.1481	743.1415	94.4444	756.3147	95.1157	
25/08/2017	06:15:48	011992	H421109129HLR	L421	S		707.5424	1.0292	10.0000	99.8726	39.6272	0.8430	0.8270	5.0000	20.2493	815.1020	94.7917	10.8892	25.4000	0.9300	0.9547	0.6390	-0.0008	815.0000	816.3326	1.0275	-4.0000	100.1534	40.3000	0.8230	0.8290	5.0000	-9999.0000	-9999.0000	-9999.0000	-9999.0000	-9999.0000	-9999.0000	25.6888	1	0	25.0690	1.0000	99	9	-9999.0000	10125	121	-9999	932	863	-9999	513.6731	5	0.6287	0.6390	-0.0008	-94.0041	16.5586	739.5754	146.0012	33.0093	688.1153	92.9167	738.2516	92.8472	751.5631	95.0694	770.6757	95.3009	
25/08/2017	06:16:38	011992	H421114137HLR	L421	S		699.3856	1.0292	10.0000	100.0003	39.9128	0.8430	0.8294	5.0000	20.2384	815.1782	94.8380	11.5289	25.4000	0.9300	0.9547	0.6389	-0.0008	815.0000	816.4357	1.0275	-4.0000	99.8685	39.4138	0.8230	0.8241	5.0000	-9999.0000	-9999.0000	-9999.0000	-9999.0000	-9999.0000	-9999.0000	21.3289	3	0	24.9298	1.0000	99	9	-9999.0000	10126	122	-9999	933	864	-9999	513.3509	5	0.6285	0.6389	-0.0008	-55.5799	13.5992	736.2169	143.0074	32.8241	687.2187	93.2176	735.1747	93.5185	745.7963	94.6528	758.8541	95.0926	
25/08/2017	06:17:29	011992	H421113040HLR	L421	S		707.1781	1.0292	10.0000	100.1110	39.4564	0.8430	0.8276	5.0000	18.7795	815.1841	94.9306	13.0992	25.4000	0.9300	0.9548	0.6343	-0.0005	815.0000	820.4460	1.0275	-4.0000	99.9644	40.5218	0.8230	0.8300	5.0000	-9999.0000	-9999.0000	-9999.0000	-9999.0000	-9999.0000	-9999.0000	22.3278	5	0	25.0489	1.0000	99	9	-9999.0000	10127	123	-9999	934	865	-9999	512.3551	5	0.6286	0.6343	-0.0005	37.6510	6.2595	737.1250	150.8127	32.7778	687.9344	93.7269	735.6461	93.8194	746.5497	94.6296	757.3591	95.0231	
25/08/2017	06:18:20	011992	H421114155HLR	L421	S		698.6535	1.0292	10.0000	100.1314	40.1501	0.8430	0.8295	5.0000	18.6486	815.0706	94.9074	12.4292	25.4000	0.9300	0.9545	0.6335	-0.0004	815.0000	813.2060	1.0275	-3.7059	99.9916	39.5970	0.8230	0.8240	5.0000	-9999.0000	-9999.0000	-9999.0000	-9999.0000	-9999.0000	-9999.0000	22.4390	7	0	24.9688	1.0000	99	9	-9999.0000	10128	124	-9999	935	866	-9999	512.4212	5	0.6286	0.6335	-0.0004	57.0831	4.7578	733.5716	154.6429	30.7870	686.3328	94.2824	732.1408	94.3750	742.5478	94.7222	753.3883	94.9306	
25/08/2017	06:19:09	011992	H421114820HLR	L421	S		695.0437	1.0292	10.0000	100.0424	39.3517	0.8430	0.8278	5.0000	19.5026	815.0903	94.8380	11.9888	25.4000	0.9300	0.9549	0.6335	-0.0004	815.0000	797.8584	1.0275	-2.0904	99.9162	40.2756	0.8230	0.8299	5.0000	-9999.0000	-9999.0000	-9999.0000	-9999.0000	-9999.0000	-9999.0000	20.6841	1	1	25.0133	1.0000	99	9	-9999.0000	10129	125	-9999	936	867	-9999	512.6056	5	0.6282	0.6335	-0.0004	68.9245	3.7349	741.0987	161.5171	33.6574	693.1337	95.1157	739.8775	95.6713	749.8536	94.9537	756.0590	94.7917	
25/08/2017	06:19:58	011992	H421113065HLR	L421	S		699.7565	1.0292	10.0000	100.0392	40.1721	0.8430	0.8292	5.0000	18.4087	815.0865	94.7917	11.5298	25.4000	0.9300	0.9548	0.6330	-0.0004	815.0000	813.0139	1.0275	-3.6857	99.8225	39.6874	0.8230	0.8248	5.0000	-9999.0000	-9999.0000	-9999.0000	-9999.0000	-9999.0000	-9999.0000	20.5180	3	0	25.0294	1.0000	99	9	-9999.0000	10130	126	-9999	937	868	-9999	512.7175	5	0.6283	0.6330	-0.0004	78.7974	2.9710	744.1748	148.6509	30.9722	687.5952	94.4676	740.5302	94.8380	752.8009	94.9306	762.4203	94.8611	
25/08/2017	06:20:48	011992	H421114153HLR	L421	S		701.5498	1.0292	10.0000	99.9359	39.4557	0.8430	0.8285	5.0000	18.1342	815.0901	94.8148	11.4293	25.4000	0.9300	0.9549	0.6374	-0.0007	815.0000	814.2332	1.0275	-3.8140	99.7145	40.2444	0.8230	0.8297	5.0000	-9999.0000	-9999.0000	-9999.0000	-9999.0000	-9999.0000	-9999.0000	20.5534	5	0	25.0089	1.0000	99	9	-9999.0000	10131	127	-9999	938	869	-9999	512.7504	5	0.6292	0.6374	-0.0007	66.9876	3.9235	741.4998	161.8487	30.6250	698.7304	94.3750	739.8539	95.0463	749.0752	94.9306	758.3091	94.8843	
25/08/2017	06:21:37	011992	H421114163HLR	L421	S		697.3713	1.0292	10.0000	99.9385	40.0465	0.8430	0.8282	5.0000	20.0089	815.1456	94.8611	12.6597	25.3000	0.9300	0.9548	0.6441	-0.0013	815.0000	814.4694	1.0275	-3.8389	99.8043	39.6721	0.8230	0.8248	5.0000	-9999.0000	-9999.0000	-9999.0000	-9999.0000	-9999.0000	-9999.0000	20.9723	7	0	24.9796	1.0000	99	9	-9999.0000	10132	128	-9999	939	870	-9999	512.0009	5	0.6295	0.6441	-0.0013	81.5016	2.6767	728.4545	158.6119	32.8472	687.0361	95.0231	727.5188	95.5556	738.4617	95.0000	745.0045	94.7917	
25/08/2017	06:22:28	011992	H421114142HLR	L421	S		699.4064	1.0292	10.0000	100.0974	39.5383	0.8430	0.8286	5.0000	18.7190	815.2772	94.8380	12.4595	25.2000	0.9300	0.9551	0.6493	-0.0017	815.0000	818.4950	1.0275	-4.0000	100.0011	40.2128	0.8230	0.8290	5.0000	-9999.0000	-9999.0000	-9999.0000	-9999.0000	-9999.0000	-9999.0000	22.2088	1	0	24.9796	1.0000	99	9	-9999.0000	10133	129	-9999	940	871	-9999	512.0383	5	0.6297	0.6493	-0.0017	87.5833	2.1579	727.7809	153.5500	31.6204	683.0024	94.7222	726.6024	95.3009	738.1158	94.9769	746.8338	94.8380	
25/08/2017	06:23:17	011992	H421114165HLR	L421	S		698.3892	1.0292	10.0000	99.9916	40.0140	0.8430	0.8286	5.0000	18.3693	815.1590	94.8611	12.0591	25.2000	0.9300	0.9549	0.6459	-0.0014	815.0000	814.8318	1.0275	-3.8770	99.8689	39.6734	0.8230	0.8250	5.0000	-9999.0000	-9999.0000	-9999.0000	-9999.0000	-9999.0000	-9999.0000	20.3492	3	0	24.9892	1.0000	99	9	-9999.0000	10134	130	-9999	940	872	-9999	512.5332	5	0.6295	0.6459	-0.0014	83.9534	2.5111	728.9410	149.2479	33.3102	682.2560	95.0000	727.7066	95.4167	739.2469	95.0000	747.9610	94.8843	
25/08/2017	06:24:06	011992	H421114183HLR	L421	S		700.6468	1.0292	10.0000	99.9618	39.5760	0.8430	0.8285	5.0000	19.2698	815.1345	94.8148	11.7095	25.2000	0.9300	0.9550	0.6508	-0.0019	815.0000	816.5955	1.0275	-4.0000	99.8270	40.2735	0.8230	0.8300	5.0000	-9999.0000	-9999.0000	-9999.0000	-9999.0000	-9999.0000	-9999.0000	20.2097	5	0	25.0389	1.0000	99	9	-9999.0000	10135	131	-9999	940	873	-9999	512.7771	5	0.6292	0.6508	-0.0019	84.3125	2.4778	724.8830	138.7667	28.1250	675.1328	94.3287	723.4076	95.0463	735.5194	94.9306	750.6538	94.8843	
25/08/2017	06:24:55	011992	H421114171HLR	L421	S		702.4093	1.0292	10.0000	99.8821	39.9080	0.8430	0.8278	5.0000	19.5198	815.1429	94.8148	12.9302	25.1000	0.9300	0.9553	0.6508	-0.0019	815.0000	818.2382	1.0275	-4.0000	99.9243	39.7072	0.8230	0.8250	5.0000	-9999.0000	-9999.0000	-9999.0000	-9999.0000	-9999.0000	-9999.0000	20.2086	7	0	24.9991	1.0000	99	9	-9999.0000	10136	132	-9999	941	874	-9999	510.8883	4	0.6292	0.6508	-0.0019	84.3125	2.4778	720.2259	145.4617	29.0972	675.2357	94.5139	719.0263	95.0926	730.0712	94.9306	740.1344	94.9074	
25/08/2017	06:25:44	011992	H421114179HLR	L421	S		704.4238	1.0292	10.0000	99.9216	39.6763	0.8430	0.8285	5.0000	20.2458	815.1452	94.8611	12.2593	25.1000	0.9300	0.9553	0.6508	-0.0019	815.0000	818.2543	1.0275	-4.0000	99.9466	40.2581	0.8230	0.8299	5.0000	-9999.0000	-9999.0000	-9999.0000	-9999.0000	-9999.0000	-9999.0000	20.0781	1	0	24.9796	1.0000	99	9	-9999.0000	10137	133	-9999	942	875	-9999	511.9041	4	0.6292	0.6508	-0.0019	84.3125	2.4778	723.7288	147.6379	32.1759	675.1975	94.2824	722.0130	94.9306	732.9004	94.9074	743.5154	94.8380	
25/08/2017	06:26:33	011992	H421114157HLR	L421	S		703.7974	1.0292	10.0000	99.9690	39.8842	0.8430	0.8280	5.0000	18.4169	815.2024	94.8148	13.0298	25.1000	0.9300	0.9554	0.6508	-0.0019	815.0000	817.9501	1.0275	-4.0000	99.9688	39.6621	0.8230	0.8248	5.0000	-9999.0000	-9999.0000	-9999.0000	-9999.0000	-9999.0000	-9999.0000	20.5986	3	0	24.8893	1.0000	99	9	-9999.0000	10138	134	-9999	943	876	-9999	510.7786	4	0.6292	0.6508	-0.0019	84.3125	2.4778	715.6376	144.8957	28.4954	675.2207	94.8843	714.3013	95.1852	725.8843	94.9537	734.4295	94.8843	
25/08/2017	06:27:22	011992	H421114149HLR	L421	S		700.4828	1.0292	10.0000	99.9396	39.7705	0.8430	0.8285	5.0000	20.6364	815.1872	94.7917	13.3296	25.0000	0.9300	0.9556	0.6508	-0.0019	815.0000	820.3175	1.0275	-4.0000	99.9365	40.2495	0.8230	0.8296	5.0000	-9999.0000	-9999.0000	-9999.0000	-9999.0000	-9999.0000	-9999.0000	20.4782	5	0	25.0184	1.0000	99	9	-9999.0000	10139	135	-9999	944	877	-9999	510.3523	4	0.6292	0.6508	-0.0019	84.3125	2.4778	719.7274	142.2578	30.8565	674.0385	94.5833	718.0515	95.0463	728.4494	94.9537	736.7297	94.9074	
25/08/2017	06:28:11	011992	H421114094HLR	L421	S		700.0151	1.0292	10.0000	99.9222	39.7611	0.8430	0.8276	5.0000	19.3997	815.1684	94.8148	12.8199	25.0000	0.9300	0.9557	0.6508	-0.0019	815.0000	819.9312	1.0275	-4.0000	100.2007	39.6381	0.8230	0.8251	5.0000	-9999.0000	-9999.0000	-9999.0000	-9999.0000	-9999.0000	-9999.0000	20.2302	7	0	24.8995	1.0000	99	9	-9999.0000	10140	136	-9999	945	878	-9999	511.1106	4	0.6292	0.6508	-0.0019	84.3125	2.4778	721.1791	136.6972	29.5833	672.2040	94.4213	719.8134	94.9074	730.9438	94.8380	741.2216	94.8611	
25/08/2017	06:29:00	011992	H421114109HLR	L421	S		701.4044	1.0292	10.0000	99.9471	39.8000	0.8430	0.8291	5.0000	18.4788	815.1376	94.8611	12.3794	25.0000	0.9300	0.9558	0.6508	-0.0019	815.0000	819.4144	1.0275	-4.0000	99.8653	40.2275	0.8230	0.8294	5.0000	-9999.0000	-9999.0000	-9999.0000	-9999.0000	-9999.0000	-9999.0000	20.1091	1	0	24.9394	1.0000	99	9	-9999.0000	10141	137	-9999	946	879	-9999	511.7643	4	0.6292	0.6508	-0.0019	84.3125	2.4778	719.8115	130.6443	31.7361	669.5616	93.8426	718.1748	94.5602	730.7169	94.6759	741.0874	94.8843	
25/08/2017	06:29:48	011992	H421114091HLR	L421	S		694.7291	1.0292	10.0000	100.1073	39.7138	0.8430	0.8279	5.0000	18.6689	815.1632	94.8380	13.7895	24.9000	0.9300	0.9559	0.6508	-0.0019	815.0000	819.6171	1.0275	-4.0000	99.9913	39.5768	0.8230	0.8250	5.0000	-9999.0000	-9999.0000	-9999.0000	-9999.0000	-9999.0000	-9999.0000	19.8692	3	0	25.0585	1.0000	99	9	-9999.0000	10142	138	-9999	947	880	-9999	509.5857	4	0.6292	0.6508	-0.0019	84.3125	2.4778	710.1399	124.0703	30.3241	662.2264	93.6111	708.1447	94.0741	721.5169	94.5833	733.2276	94.9306	
25/08/2017	06:30:37	011992	H421114107HLR	L421	S		697.6697	1.0292	10.0000	99.9930	39.8994	0.8430	0.8291	5.0000	18.5989	815.1880	94.8380	12.8091	25.0000	0.9300	0.9560	0.6508	-0.0019	815.0000	820.4081	1.0275	-4.0000	99.8880	40.2709	0.8230	0.8297	5.0000	-9999.0000	-9999.0000	-9999.0000	-9999.0000	-9999.0000	-9999.0000	19.9286	5	0	24.9883	1.0000	99	9	-9999.0000	10143	139	-9999	947	881	-9999	511.0524	4	0.6292	0.6508	-0.0019	84.3125	2.4778	714.8188	125.8125	27.4537	665.7606	93.9120	713.3788	94.6065	724.9556	94.7222	736.9556	94.8843	
25/08/2017	06:31:27	011992	H421114117HLR	L421	S		695.7912	1.0292	10.0000	99.9274	39.6371	0.8430	0.8279	5.0000	18.5587	815.1323	94.8380	14.0688	25.0000	0.9300	0.9562	0.6508	-0.0019	815.0000	820.6996	1.0275	-4.0000	99.8847	39.5992	0.8230	0.8250	5.0000	-9999.0000	-9999.0000	-9999.0000	-9999.0000	-9999.0000	-9999.0000	19.8661	7	0	24.9687	1.0000	99	9	-9999.0000	10144	140	-9999	948	882	-9999	509.1668	4	0.6292	0.6508	-0.0019	84.3125	2.4778	709.9518	125.0949	26.2037	663.6099	93.9815	707.9585	94.6528	719.7946	94.7917	730.9609	94.9306	
25/08/2017	06:32:16	011992	H421114103HLR	L421	S		710.0464	1.0292	10.0000	99.9820	39.9633	0.8430	0.8290	5.0000	18.4992	815.1555	94.8148	11.4097	25.0000	0.9300	0.9562	0.6508	-0.0019	815.0000	823.2633	1.0275	-4.0000	100.0320	40.3413	0.8230	0.8298	5.0000	-9999.0000	-9999.0000	-9999.0000	-9999.0000	-9999.0000	-9999.0000	19.9897	1	0	25.5215	1.0000	99	9	-9999.0000	10145	141	-9999	949	882	-9999	513.2179	4	0.6292	0.6508	-0.0019	84.3125	2.4778	732.4983	129.8910	26.5509	679.8075	93.9120	731.9973	94.7917	739.5612	94.8380	749.0381	94.8611	
25/08/2017	06:33:05	011992	H421114114HLR	L421	S		708.5994	1.0292	10.0000	99.8991	39.5220	0.8430	0.8272	5.0000	21.4393	815.1135	94.8380	11.4790	25.1000	0.9300	0.9563	0.6508	-0.0019	815.0000	823.4911	1.0275	-4.0000	99.9691	39.5206	0.8230	0.8246	5.0000	-9999.0000	-9999.0000	-9999.0000	-9999.0000	-9999.0000	-9999.0000	20.8591	3	0	25.0596	1.0000	99	9	-9999.0000	10146	142	-9999	950	883	-9999	513.0890	4	0.6292	0.6508	-0.0019	84.3125	2.4778	732.7452	130.2044	30.6019	685.3132	94.0278	731.4511	94.7222	742.2763	94.7917	752.6395	94.9306	
25/08/2017	06:33:55	011992	H421114120HLR	L421	S		709.6930	1.0292	10.0000	99.9536	40.0733	0.8430	0.8290	5.0000	18.3194	815.0959	94.8148	11.4703	25.1000	0.9300	0.9564	0.6508	-0.0019	815.0000	824.0886	1.0275	-4.0000	99.9646	40.3327	0.8230	0.8295	5.0000	-9999.0000	-9999.0000	-9999.0000	-9999.0000	-9999.0000	-9999.0000	20.4285	5	2	25.0391	1.0000	99	9	-9999.0000	10146	143	-9999	951	884	-9999	513.1675	4	0.6292	0.6508	-0.0019	84.3125	2.4778	737.4220	131.3708	29.0046	686.2658	93.9583	737.3366	94.7917	743.0343	94.8611	753.2161	94.8611	
25/08/2017	06:34:20	011992	H421114131HLR	L421	S		707.6338	1.0292	10.0000	100.0520	39.7930	0.8430	0.8277	5.0000	18.8284	815.1491	94.8148	11.8003	25.1000	0.9300	0.9566	0.6508	-0.0019	815.0000	822.5727	1.0275	-4.0000	99.9028	40.1686	0.8230	0.8265	5.0000	-9999.0000	-9999.0000	-9999.0000	-9999.0000	-9999.0000	-9999.0000	20.2685	6	0	24.9788	1.0000	99	9	-9999.0000	10147	144	-9999	952	885	-9999	512.6646	4	0.6292	0.6508	-0.0019	84.3125	2.4778	726.5524	143.8408	32.7315	685.8316	94.7685	725.0378	95.1157	736.4148	94.8611	746.5649	94.8843	
25/08/2017	06:34:45	011992	H421114123HLR	L421	S		703.6328	1.0292	10.0000	100.1183	39.5812	0.8430	0.8282	5.0000	18.7915	815.1517	94.7917	11.8990	25.1000	0.9300	0.9566	0.6508	-0.0019	815.0000	822.3636	1.0275	-4.0000	99.9381	39.4487	0.8230	0.8250	5.0000	-9999.0000	-9999.0000	-9999.0000	-9999.0000	-9999.0000	-9999.0000	21.0887	7	0	25.0193	1.0000	99	9	-9999.0000	10147	145	-9999	953	886	-9999	512.4885	4	0.6292	0.6508	-0.0019	84.3125	2.4778	728.2896	145.1067	33.3565	675.8252	94.7454	727.6065	95.0926	736.9573	94.9074	745.5777	94.9306	
25/08/2017	06:35:10	011992	H421114856HLR	L421	S		701.5972	1.0292	10.0000	100.0806	39.8822	0.8430	0.8288	5.0000	18.8788	815.1104	94.8380	12.2691	25.1000	0.9300	0.9566	0.6508	-0.0019	815.0000	822.1176	1.0275	-4.0000	99.9236	39.6786	0.8230	0.8276	5.0000	-9999.0000	-9999.0000	-9999.0000	-9999.0000	-9999.0000	-9999.0000	19.8389	8	0	24.8887	1.0000	99	9	-9999.0000	10148	146	-9999	954	887	-9999	511.8806	5	0.6292	0.6508	-0.0019	84.3125	2.4778	723.1877	147.1917	31.7593	675.5575	94.5602	721.6595	95.0694	731.7621	94.9074	740.5956	94.9306	
25/08/2017	06:35:35	011992	H421114865HLR	L421	S		705.8769	1.0292	10.0000	99.9686	40.0172	0.8430	0.8283	5.0000	18.5527	815.1046	94.7917	10.6598	25.1000	0.9300	0.9565	0.6311	-0.0007	815.0000	816.8946	1.0275	-4.0000	99.9371	40.2417	0.8230	0.8283	5.0000	-9999.0000	-9999.0000	-9999.0000	-9999.0000	-9999.0000	-9999.0000	19.7392	1	0	24.9785	1.0000	99	9	-9999.0000	10148	147	-9999	955	888	-9999	508.8324	5	0.6229	0.6311	-0.0007	66.1552	4.1996	747.5790	157.6857	34.1898	695.8127	94.6759	746.1896	94.9537	755.8255	94.8611	764.4696	94.9306	
25/08/2017	06:36:00	011992	H421114876HLR	L421	S		697.8964	1.0292	10.0000	99.9748	39.6547	0.8430	0.8274	5.0000	19.7795	815.2261	94.7454	11.7994	25.1000	0.9300	0.9565	0.6299	-0.0006	815.0000	813.7126	1.0275	-3.7592	99.9094	39.9772	0.8230	0.8262	5.0000	-9999.0000	-9999.0000	-9999.0000	-9999.0000	-9999.0000	-9999.0000	20.0391	2	0	25.1992	1.0000	99	9	-9999.0000	10149	148	-9999	956	889	-9999	508.1436	5	0.6227	0.6299	-0.0006	65.1500	4.2712	736.5581	150.6721	29.3519	687.3023	94.6065	735.7234	95.0463	744.1135	94.9074	750.7737	94.9537	
25/08/2017	06:36:27	011992	H421114134HLR	L421	S		701.8329	1.0292	10.0000	100.0410	39.6772	0.8430	0.8285	5.0000	18.5528	815.1836	94.7917	11.4996	25.1000	0.9300	0.9565	0.6297	-0.0006	815.0000	817.5586	1.0275	-4.0000	99.9152	39.4856	0.8230	0.8256	5.0000	-9999.0000	-9999.0000	-9999.0000	-9999.0000	-9999.0000	-9999.0000	20.0282	3	0	25.0091	1.0000	99	9	-9999.0000	10150	149	-9999	957	890	-9999	508.2599	5	0.6229	0.6297	-0.0006	64.6286	4.3445	741.2802	152.4593	30.6481	694.8180	94.3750	739.5450	94.8148	749.7305	94.7917	757.5257	94.9074	
25/08/2017	06:36:52	011992	H421114869HLR	L421	S		702.0829	1.0292	10.0000	100.1474	40.0000	0.8430	0.8288	5.0000	18.7288	815.1087	94.7917	11.4996	25.0000	0.9300	0.9565	0.6294	-0.0005	815.0000	817.7983	1.0275	-4.0000	99.8964	39.8646	0.8230	0.8280	5.0000	-9999.0000	-9999.0000	-9999.0000	-9999.0000	-9999.0000	-9999.0000	19.6287	4	0	25.0194	1.0000	99	9	-9999.0000	10151	150	-9999	958	891	-9999	508.0912	5	0.6228	0.6294	-0.0005	65.0258	4.3490	741.7318	145.7027	28.7037	692.8696	93.9815	740.8039	94.5370	750.1829	94.7222	758.4853	94.9537	
25/08/2017	06:37:17	011992	H421114262HLR	L421	S		701.2838	1.0292	10.0000	100.1287	39.9573	0.8430	0.8279	5.0000	18.7287	815.1705	94.8380	12.9897	25.0000	0.9300	0.9565	0.6282	-0.0004	815.0000	821.5746	1.0275	-4.0000	99.9177	40.1828	0.8230	0.8273	5.0000	-9999.0000	-9999.0000	-9999.0000	-9999.0000	-9999.0000	-9999.0000	20.1284	5	0	25.0504	1.0000	99	9	-9999.0000	10151	151	-9999	959	892	-9999	507.4617	5	0.6226	0.6282	-0.0004	64.0083	4.4372	734.2609	150.0833	31.4120	688.7223	94.0509	732.6764	94.6065	742.7566	94.7917	750.1800	94.9769	
25/08/2017	06:37:42	011992	H421114256HLR	L421	S		699.5962	1.0292	10.0000	100.1136	39.6475	0.8430	0.8278	5.0000	18.8100	815.1041	94.9074	12.4693	24.9000	0.9300	0.9565	0.6235	-0.0000	815.0000	821.1996	1.0275	-4.0000	99.9154	39.8539	0.8230	0.8261	5.0000	-9999.0000	-9999.0000	-9999.0000	-9999.0000	-9999.0000	-9999.0000	19.4854	6	0	24.8481	1.0000	99	9	-9999.0000	10152	152	-9999	960	893	-9999	507.8493	5	0.6229	0.6235	-0.0000	61.3650	4.6609	739.2584	140.1755	32.0602	685.5454	94.0278	737.5298	94.5139	746.6136	94.6759	753.3653	94.9306	
25/08/2017	06:38:05	011992	H421112970HLR	L421	S		702.6870	1.0292	10.0000	100.0232	39.7802	0.8430	0.8280	5.0000	21.0283	815.1124	94.7917	11.4801	24.9000	0.9300	0.9566	0.6222	0.0001	815.0000	817.8865	1.0275	-4.0000	99.9982	39.5468	0.8230	0.8260	5.0000	-9999.0000	-9999.0000	-9999.0000	-9999.0000	-9999.0000	-9999.0000	21.1965	7	0	23.2287	1.0000	99	9	-9999.0000	10152	153	-9999	961	894	-9999	507.9270	5	0.6228	0.6222	0.0001	66.2671	4.2308	750.1217	136.9847	30.7639	691.1600	93.6574	750.2842	94.3519	755.4865	94.6528	762.6955	94.9537	
25/08/2017	06:38:22	011992	H421114252HLR	L523	S		702.9639	1.0292	10.0000	100.0955	40.0621	0.8430	0.8285	5.0000	18.9092	815.1020	94.8380	12.2691	24.9000	0.9300	0.9567	0.6222	0.0001	815.0000	820.9333	1.0275	-4.0000	99.9143	40.0146	0.8230	0.8280	5.0000	-9999.0000	-9999.0000	-9999.0000	-9999.0000	-9999.0000	-9999.0000	19.6544	8	0	14.9690	1.0000	99	9	-9999.0000	10153	154	-9999	962	895	-9999	507.8951	5	0.6228	0.6222	0.0001	50.1523	5.6467	741.8970	136.7289	32.2222	685.1487	94.0278	740.1513	94.6065	749.5733	94.8380	755.5221	94.9769	
25/08/2017	06:42:16	011992	G523108104HLR	L523	S		443.0889	1.0292	5.7190	99.9887	39.8312	0.8430	0.8290	5.0000	19.0384	484.4556	94.9074	31.0096	24.7000	0.9300	0.9554	0.6768	-0.0004	508.0000	581.0302	1.0275	1.8822	100.0847	40.0948	0.8230	0.8301	5.0000	-9999.0000	-9999.0000	-9999.0000	-9999.0000	-9999.0000	-9999.0000	19.4939	5	2	29.1399	1.0000	11	3	-9999.0000	10153	155	-9999	963	896	-9999	321.1622	5	0.6638	0.6768	-0.0004	58.1668	0.6023	387.0312	97.3738	29.2593	399.2005	99.3519	385.2861	98.7731	387.5740	96.2037	384.4454	94.0741	
25/08/2017	06:43:53	011992	G523108109HLR	L523	S		442.5919	1.0292	5.7774	99.9839	39.6086	0.8430	0.8287	5.0000	19.7590	508.0836	94.9074	18.2093	24.9000	0.9300	0.9552	0.5667	-0.0004	508.0000	535.5505	1.0275	7.1761	99.9791	39.8000	0.8230	0.8299	5.0000	-9999.0000	-9999.0000	-9999.0000	-9999.0000	-9999.0000	-9999.0000	19.6094	1	2	25.3485	1.0000	11	3	-9999.0000	10154	156	-9999	964	897	-9999	283.8278	5	0.5527	0.5667	-0.0004	62.3478	0.6456	417.3456	121.1145	30.1157	449.0987	94.3056	419.2657	92.7083	449.0738	95.5093	457.9833	95.0926	
25/08/2017	06:46:02	011992	G523108120HLR	L523	S		441.5837	1.0292	5.8960	99.9730	39.5000	0.8430	0.8287	5.0000	19.7092	508.0602	94.9769	14.3989	25.1000	0.9300	0.9551	0.5524	-0.0004	508.0000	525.1325	1.0275	8.3888	100.0422	39.3000	0.8230	0.8282	5.0000	-9999.0000	-9999.0000	-9999.0000	-9999.0000	-9999.0000	-9999.0000	19.3991	5	2	22.2871	1.0000	11	3	-9999.0000	10155	157	-9999	965	898	-9999	277.4354	5	0.5414	0.5524	-0.0004	63.1932	0.6544	474.6037	143.0637	32.9861	465.7933	93.7963	472.6268	92.5000	468.7929	95.2083	471.1703	95.0926	
25/08/2017	06:47:22	011992	G523108122HLR	L523	S		443.5834	1.0292	5.6608	99.9590	39.3527	0.8430	0.8285	5.0000	20.1896	508.0884	94.9306	11.3394	25.2000	0.9300	0.9550	0.5377	-0.0004	508.0000	517.7465	1.0275	9.2486	100.0969	39.5000	0.8230	0.8293	5.0000	-9999.0000	-9999.0000	-9999.0000	-9999.0000	-9999.0000	-9999.0000	19.9587	1	2	15.0190	1.0000	11	3	-9999.0000	10156	158	-9999	966	899	-9999	270.6654	5	0.5305	0.5377	-0.0004	64.0812	0.6636	498.1964	143.6048	35.1157	511.9188	93.2176	495.6513	92.5231	507.1243	95.3241	498.8132	95.3935	
25/08/2017	06:50:40	011992	G523108112HLR	L523	S		445.5272	1.0292	5.4321	99.9738	39.8000	0.8430	0.8302	5.0000	18.5392	508.0262	94.9537	9.2497	25.4000	0.9300	0.9546	0.5295	-0.0004	508.0000	512.5591	1.0275	9.8524	100.1866	39.4186	0.8230	0.8265	5.0000	-9999.0000	-9999.0000	-9999.0000	-9999.0000	-9999.0000	-9999.0000	19.7796	3	0	25.0791	1.0000	11	3	-9999.0000	10157	159	-9999	967	900	-9999	266.8934	5	0.5240	0.5295	-0.0004	64.5957	0.6689	505.1502	126.1112	27.6620	494.5218	93.9583	506.3387	93.5417	487.9118	94.6065	492.2077	94.9074	
25/08/2017	06:51:28	011992	G523108116HLR	L523	S		440.3951	1.0292	6.0359	99.9286	39.7132	0.8430	0.8282	5.0000	19.9798	508.8213	94.8380	3.9794	25.4000	0.9300	0.9545	0.5295	-0.0004	508.0000	485.3204	1.0275	9.1965	99.9314	40.0677	0.8230	0.8314	5.0000	-9999.0000	-9999.0000	-9999.0000	-9999.0000	-9999.0000	-9999.0000	19.8882	5	1	24.9561	1.0000	11	3	-9999.0000	10158	160	-9999	968	901	-9999	268.9588	5	0.5240	0.5295	-0.0004	64.5957	0.6689	494.2497	133.5722	32.7315	512.3727	94.2824	493.1239	93.4259	510.5554	94.9537	0.0000	0.0000	
25/08/2017	06:52:17	011992	G523108097HLR	L523	S		438.4046	1.0292	6.2701	99.9894	39.6000	0.8430	0.8297	5.0000	20.2301	508.0979	94.9537	10.8599	25.3000	0.9300	0.9547	0.5295	-0.0004	508.0000	509.7418	1.0275	10.1803	100.0751	39.7864	0.8230	0.8268	5.0000	-9999.0000	-9999.0000	-9999.0000	-9999.0000	-9999.0000	-9999.0000	20.0374	7	0	24.9877	1.0000	11	3	-9999.0000	10159	160	-9999	969	902	-9999	266.6030	5	0.5223	0.5295	-0.0004	37.2104	3.2365	486.1118	142.6746	32.0833	500.3626	94.1435	484.9358	93.4722	488.5631	94.8611	485.8960	95.0463	
25/08/2017	06:53:06	011992	G523108107HLR	L523	S		443.3235	1.0292	5.6914	100.0056	39.8581	0.8430	0.8284	5.0000	18.8392	508.1183	94.9769	9.6900	25.3000	0.9300	0.9548	0.5295	-0.0004	508.0000	512.3576	1.0275	9.8758	100.0103	39.6806	0.8230	0.8299	5.0000	-9999.0000	-9999.0000	-9999.0000	-9999.0000	-9999.0000	-9999.0000	19.8984	1	0	25.1396	1.0000	11	3	-9999.0000	10160	161	-9999	970	903	-9999	266.8998	5	0.5242	0.5295	-0.0004	37.2210	3.2356	494.3270	136.6104	31.1111	514.5456	94.4676	493.7832	93.6806	495.0596	95.0463	491.3279	95.0463	
25/08/2017	06:53:54	011992	G523108115HLR	L523	S		434.1722	1.0292	6.7680	99.9325	39.5142	0.8430	0.8297	5.0000	18.5790	508.1059	94.9537	10.2789	25.2000	0.9300	0.9548	0.5295	-0.0004	508.0000	512.6337	1.0275	9.8437	100.0677	40.0395	0.8230	0.8276	5.0000	-9999.0000	-9999.0000	-9999.0000	-9999.0000	-9999.0000	-9999.0000	19.9683	3	0	25.0702	1.0000	11	3	-9999.0000	10161	162	-9999	971	904	-9999	266.7388	5	0.5238	0.5295	-0.0004	35.0627	3.3935	485.0943	139.9329	31.0417	497.9163	94.7917	484.5632	94.2130	502.6113	94.9537	491.5240	95.1389	
25/08/2017	06:54:42	011992	G523108095HLR	L523	S		441.3853	1.0292	5.9194	100.0131	39.9016	0.8430	0.8284	5.0000	19.3086	508.0795	94.9769	9.9293	25.2000	0.9300	0.9549	0.5295	-0.0004	508.0000	511.2019	1.0275	10.0104	100.0196	39.4860	0.8230	0.8285	5.0000	-9999.0000	-9999.0000	-9999.0000	-9999.0000	-9999.0000	-9999.0000	19.2669	5	0	25.0194	1.0000	11	3	-9999.0000	10162	163	-9999	972	905	-9999	266.8023	5	0.5231	0.5295	-0.0004	35.4202	3.3836	494.9521	141.5748	30.3009	507.1246	94.8380	497.9360	94.6296	489.9496	95.0694	489.2373	94.9537	
25/08/2017	06:55:30	011992	G523107232HLR	L523	S		441.8756	1.0292	5.8617	100.0098	39.5000	0.8430	0.8295	5.0000	19.1389	508.4038	95.0463	4.2196	25.4000	0.9300	0.9549	0.5295	-0.0004	508.0000	489.1129	1.0275	9.5900	99.8929	40.1739	0.8230	0.8292	5.0000	-9999.0000	-9999.0000	-9999.0000	-9999.0000	-9999.0000	-9999.0000	19.2672	7	1	24.9991	1.0000	11	3	-9999.0000	10163	164	-9999	973	906	-9999	268.3547	5	0.5226	0.5295	-0.0004	37.3340	3.2120	498.0321	144.1422	32.8009	517.7383	94.8380	497.5698	94.5833	502.4022	94.8611	0.0000	0.0000	
25/08/2017	06:56:18	011992	G523107233HLR	L523	S		444.8856	1.0292	5.5076	99.9719	39.9729	0.8430	0.8286	5.0000	18.9080	508.0555	94.9769	9.7399	25.3000	0.9300	0.9550	0.5295	-0.0004	508.0000	512.9204	1.0275	9.8103	100.1469	39.3972	0.8230	0.8275	5.0000	-9999.0000	-9999.0000	-9999.0000	-9999.0000	-9999.0000	-9999.0000	19.6017	1	0	25.0091	1.0000	11	3	-9999.0000	10164	165	-9999	974	907	-9999	266.8216	5	0.5224	0.5295	-0.0004	38.0758	3.1581	491.4318	142.6501	31.9213	504.2106	94.5139	494.0141	95.5324	490.2241	95.2778	492.0757	94.9074	
25/08/2017	06:57:06	011992	G523107237HLR	L523	S		443.5431	1.0292	5.6655	100.0206	39.4523	0.8430	0.8294	5.0000	18.8974	508.4527	94.6991	5.4793	25.5000	0.9300	0.9551	0.5351	-0.0012	508.0000	494.4675	1.0275	10.1457	100.1193	40.2000	0.8230	0.8302	5.0000	-9999.0000	-9999.0000	-9999.0000	-9999.0000	-9999.0000	-9999.0000	19.0892	3	1	24.9697	1.0000	11	3	-9999.0000	10165	166	-9999	975	908	-9999	269.0687	5	0.5229	0.5351	-0.0012	34.4752	3.4872	492.6697	169.5038	37.8704	511.0053	94.6759	492.3213	95.6019	497.0295	95.1620	501.6275	94.6991	
25/08/2017	06:58:12	011992	G523108129HLR	L523	S		442.1930	1.0292	5.8244	100.0212	40.0569	0.8430	0.8290	5.0000	18.5892	508.7453	95.5787	3.2694	25.3000	0.9300	0.9550	0.5335	-0.0011	508.0000	481.4067	1.0275	8.7903	100.0583	39.3874	0.8230	0.8266	5.0000	-9999.0000	-9999.0000	-9999.0000	-9999.0000	-9999.0000	-9999.0000	19.9780	5	1	24.9497	1.0000	11	3	-9999.0000	10166	167	-9999	976	909	-9999	270.3020	5	0.5226	0.5335	-0.0011	34.3798	3.4901	498.1746	153.5761	31.0417	485.6234	94.2593	488.6657	95.2315	407.2146	7.9398	0.0000	0.0000	
25/08/2017	06:59:01	011992	G523108128HLR	L523	S		444.1828	1.0292	5.5903	100.0675	39.4000	0.8430	0.8292	5.0000	18.7796	508.0710	94.9769	8.9997	25.3000	0.9300	0.9550	0.5492	-0.0026	508.0000	510.5866	1.0275	10.0820	99.8978	40.2928	0.8230	0.8293	5.0000	-9999.0000	-9999.0000	-9999.0000	-9999.0000	-9999.0000	-9999.0000	19.4879	7	0	24.9798	1.0000	11	3	-9999.0000	10167	168	-9999	977	910	-9999	267.2317	5	0.5241	0.5492	-0.0026	32.2428	3.6896	483.4449	150.7841	35.5324	492.9005	93.8889	481.3228	95.0231	502.4389	95.3241	490.3265	94.9769	
25/08/2017	06:59:49	011992	G523107218HLR	L523	S		443.6408	1.0292	5.6540	100.0121	40.1160	0.8430	0.8290	5.0000	18.9787	508.6264	94.8843	4.4598	25.5000	0.9300	0.9549	0.5501	-0.0027	508.0000	490.4964	1.0275	9.7336	100.1681	39.3721	0.8230	0.8274	5.0000	-9999.0000	-9999.0000	-9999.0000	-9999.0000	-9999.0000	-9999.0000	19.4697	1	1	25.1191	1.0000	11	3	-9999.0000	10168	169	-9999	978	911	-9999	274.2245	5	0.5242	0.5501	-0.0027	32.1616	3.6978	482.0132	145.7641	33.4028	472.5748	94.8148	481.0019	94.6759	493.3265	94.5370	487.9078	27.5694	
25/08/2017	07:00:39	011992	G523107217HLR	L523	S		444.8434	1.0292	5.5125	99.9985	39.7407	0.8430	0.8298	5.0000	19.4987	508.7882	94.8380	5.3601	25.5000	0.9300	0.9548	0.5501	-0.0027	508.0000	495.0127	1.0275	10.2023	100.1364	40.2915	0.8230	0.8304	5.0000	-9999.0000	-9999.0000	-9999.0000	-9999.0000	-9999.0000	-9999.0000	20.0217	3	1	25.3692	1.0000	11	3	-9999.0000	10169	170	-9999	979	912	-9999	273.1888	4	0.5242	0.5501	-0.0027	32.1616	3.6978	486.9467	142.1057	31.1806	473.3157	95.0694	481.9620	94.0972	487.9010	94.9306	492.2587	94.3056	
25/08/2017	07:01:46	011992	G523107222HLR	L523	S		443.3972	1.0292	5.6827	100.0266	39.7319	0.8430	0.8282	5.0000	18.8598	508.6194	94.9769	4.4295	25.5000	0.9300	0.9548	0.5501	-0.0027	508.0000	491.6350	1.0275	9.8517	100.0303	39.3597	0.8230	0.8262	5.0000	-9999.0000	-9999.0000	-9999.0000	-9999.0000	-9999.0000	-9999.0000	20.4294	5	1	25.4157	1.0000	11	3	-9999.0000	10170	171	-9999	980	913	-9999	274.2934	4	0.5242	0.5501	-0.0027	32.1616	3.6978	475.8894	142.8896	35.1852	487.6931	94.9769	473.6482	94.3750	485.7259	94.2593	474.3911	22.0370	
25/08/2017	07:03:25	011992	G523107225HLR	L523	S		442.9336	1.0292	5.7372	100.0133	39.7000	0.8430	0.8299	5.0000	18.5696	508.1298	94.9769	9.6491	25.3000	0.9300	0.9549	0.5501	-0.0027	508.0000	510.8246	1.0275	10.0543	100.0429	40.3873	0.8230	0.8292	5.0000	-9999.0000	-9999.0000	-9999.0000	-9999.0000	-9999.0000	-9999.0000	20.4414	7	0	25.6310	1.0000	11	3	-9999.0000	10171	172	-9999	981	914	-9999	266.4309	4	0.5242	0.5501	-0.0027	32.1616	3.6978	484.1155	139.2559	30.7870	484.4661	95.7639	482.3521	94.4444	475.4272	95.1157	479.6797	94.9769	
25/08/2017	07:04:15	011992	G523107226HLR	L523	S		444.0487	1.0292	5.6060	100.0117	39.7408	0.8430	0.8282	5.0000	19.0793	508.1479	94.9537	4.8299	25.5000	0.9300	0.9549	0.5501	-0.0027	508.0000	495.3473	1.0275	10.2370	100.0399	40.0096	0.8230	0.8296	5.0000	-9999.0000	-9999.0000	-9999.0000	-9999.0000	-9999.0000	-9999.0000	20.3229	1	1	25.3185	1.0000	11	3	-9999.0000	10172	173	-9999	982	915	-9999	273.0355	5	0.5242	0.5501	-0.0027	32.1616	3.6978	487.0311	130.4750	31.0417	504.8199	96.1574	484.0048	94.4907	494.6228	94.8148	510.2741	92.5463	
25/08/2017	07:04:55	011992	G523107200HLR	L523	S		441.6191	1.0292	5.8919	99.9937	40.1000	0.8430	0.8298	5.0000	19.1300	508.1539	94.9306	9.3200	25.4000	0.9300	0.9546	0.5911	-0.0073	508.0000	508.6718	1.0275	10.3049	99.9655	39.5624	0.8230	0.8273	5.0000	-9999.0000	-9999.0000	-9999.0000	-9999.0000	-9999.0000	-9999.0000	19.9840	3	0	15.5990	1.0000	11	3	-9999.0000	10173	173	-9999	983	916	-9999	265.6970	5	0.5312	0.5911	-0.0073	28.4982	4.1376	463.2080	150.1541	36.7593	454.6726	95.4861	461.1268	94.7454	471.0193	95.1157	474.1545	95.0926	
25/08/2017	07:09:31	011992	G523108119HLR	L523	S		442.5019	1.0292	5.7880	99.9952	39.5033	0.8430	0.8285	5.0000	19.3293	508.1163	94.7917	8.4890	25.5000	0.9300	0.9538	0.5860	-0.0067	508.0000	506.8018	1.0275	10.5225	100.0181	40.1477	0.8230	0.8307	5.0000	-9999.0000	-9999.0000	-9999.0000	-9999.0000	-9999.0000	-9999.0000	19.8769	7	0	25.5202	1.0000	11	3	-9999.0000	10174	174	-9999	984	917	-9999	268.7272	5	0.5331	0.5860	-0.0067	32.2164	3.7146	463.6991	120.2019	27.2685	459.0762	97.1991	459.8339	95.1157	482.5938	95.4398	476.8519	95.0231	
25/08/2017	07:10:20	011992	G523108110HLR	L523	S		447.2172	1.0292	5.2333	100.0338	39.8000	0.8430	0.8299	5.0000	18.6288	508.1385	94.8611	8.2097	25.4000	0.9300	0.9539	0.5860	-0.0067	508.0000	510.1222	1.0275	10.1360	100.0130	39.4048	0.8230	0.8265	5.0000	-9999.0000	-9999.0000	-9999.0000	-9999.0000	-9999.0000	-9999.0000	19.4575	1	0	25.4128	1.0000	11	3	-9999.0000	10175	175	-9999	985	918	-9999	269.7154	5	0.5331	0.5860	-0.0067	32.2164	3.7146	475.8891	141.8839	36.9907	473.1234	96.8056	473.0799	95.0000	478.3990	95.4398	480.0750	94.9074	
25/08/2017	07:11:10	011992	G523108111HLR	L523	S		440.1981	1.0292	6.0590	99.9789	39.5720	0.8430	0.8284	5.0000	18.7947	508.1175	94.9306	9.0603	25.4000	0.9300	0.9538	0.5833	-0.0064	508.0000	507.3190	1.0275	10.4623	100.2030	40.1000	0.8230	0.8311	5.0000	-9999.0000	-9999.0000	-9999.0000	-9999.0000	-9999.0000	-9999.0000	19.4687	3	0	25.3898	1.0000	11	3	-9999.0000	10176	176	-9999	986	919	-9999	266.9406	5	0.5296	0.5833	-0.0064	34.1196	3.5279	471.6282	150.9489	32.0602	468.1895	96.8519	465.5367	95.1389	464.9497	95.4398	471.4122	94.9074	
25/08/2017	07:11:59	011992	G523107239HLR	L523	S		440.3960	1.0292	6.0358	99.9698	39.8000	0.8430	0.8299	5.0000	18.6496	508.1673	94.9769	9.3200	25.3000	0.9300	0.9538	0.5812	-0.0062	508.0000	507.0188	1.0275	10.4973	99.9616	39.6377	0.8230	0.8266	5.0000	-9999.0000	-9999.0000	-9999.0000	-9999.0000	-9999.0000	-9999.0000	19.1871	5	0	25.3791	1.0000	11	3	-9999.0000	10177	177	-9999	987	920	-9999	265.9536	5	0.5288	0.5812	-0.0062	34.5335	3.4769	463.0403	150.7659	37.2685	460.4583	96.8519	458.3645	95.4630	462.8692	95.4167	468.9201	94.8148	
25/08/2017	07:12:48	011992	G523107250HLR	L523	S		441.0960	1.0292	5.9534	100.0034	39.5347	0.8430	0.8283	5.0000	19.8098	508.1278	94.9306	9.0495	25.3000	0.9300	0.9538	0.5809	-0.0062	508.0000	507.8591	1.0275	10.3995	100.1113	39.8749	0.8230	0.8306	5.0000	-9999.0000	-9999.0000	-9999.0000	-9999.0000	-9999.0000	-9999.0000	19.6896	7	0	25.4191	1.0000	11	3	-9999.0000	10178	178	-9999	988	920	-9999	266.9289	5	0.5297	0.5809	-0.0062	33.9339	3.5746	470.8089	163.8182	35.9722	476.4047	96.1343	468.4872	95.3704	474.7275	95.4861	474.0454	94.9537	
25/08/2017	07:13:37	011992	G523107227HLR	L523	S		441.2376	1.0292	5.9368	100.0245	39.9000	0.8430	0.8297	5.0000	19.3775	508.2402	94.9306	9.5592	25.3000	0.9300	0.9539	0.5764	-0.0056	508.0000	506.4030	1.0275	10.5690	99.9451	39.8675	0.8230	0.8272	5.0000	-9999.0000	-9999.0000	-9999.0000	-9999.0000	-9999.0000	-9999.0000	19.6882	1	0	25.6895	1.0000	11	3	-9999.0000	10179	179	-9999	989	920	-9999	265.7391	5	0.5264	0.5764	-0.0056	34.0012	3.5534	470.7729	163.3243	35.7176	463.0563	96.3426	468.7431	95.2778	477.8243	95.3704	474.1024	94.9537	
25/08/2017	07:14:27	011992	G523108131HLR	L523	S		439.1771	1.0292	6.1792	100.0011	39.5398	0.8430	0.8284	5.0000	18.3500	508.1234	94.9306	10.0504	25.2000	0.9300	0.9540	0.5663	-0.0045	508.0000	508.2275	1.0275	10.3566	100.0825	39.6000	0.8230	0.8294	5.0000	-9999.0000	-9999.0000	-9999.0000	-9999.0000	-9999.0000	-9999.0000	20.1713	3	0	25.4698	1.0000	11	3	-9999.0000	10180	180	-9999	990	921	-9999	265.1159	5	0.5270	0.5663	-0.0045	30.5234	3.9741	465.4226	146.4453	34.8380	469.3219	96.2731	460.0891	94.7917	485.5395	95.5093	472.8856	95.0231	
25/08/2017	07:15:18	011992	G523108123HLR	L523	S		442.8521	1.0292	5.7468	99.9981	39.9000	0.8430	0.8297	5.0000	20.0484	508.2286	94.9769	8.5593	25.3000	0.9300	0.9542	0.5550	-0.0032	508.0000	501.7334	1.0275	10.8997	99.5205	39.9980	0.8230	0.8273	5.0000	-9999.0000	-9999.0000	-9999.0000	-9999.0000	-9999.0000	-9999.0000	21.3769	5	1	25.2697	1.0000	11	3	-9999.0000	10181	181	-9999	991	922	-9999	268.2269	5	0.5259	0.5550	-0.0032	46.0637	2.1864	479.7876	169.1133	38.4028	479.3628	96.0880	477.6352	95.3472	479.6942	95.1852	484.7150	94.8611	
25/08/2017	07:16:09	011992	G523108124HLR	L523	S		439.6882	1.0292	6.1190	99.9312	39.4880	0.8430	0.8282	5.0000	19.6018	508.1155	94.9537	9.4292	25.2000	0.9300	0.9544	0.5630	-0.0041	508.0000	508.2298	1.0275	10.3563	100.1525	39.5000	0.8230	0.8284	5.0000	-9999.0000	-9999.0000	-9999.0000	-9999.0000	-9999.0000	-9999.0000	20.2111	7	0	25.1983	1.0000	11	3	-9999.0000	10182	182	-9999	992	923	-9999	266.5591	5	0.5245	0.5630	-0.0041	96.5158	-3.2553	491.0633	167.0978	36.0417	491.0012	95.3704	489.9801	95.3241	482.6107	95.5787	477.8445	94.9306	
25/08/2017	07:16:34	011992	G523108099HLR	L523	S		440.3950	1.0292	6.0359	100.0061	39.5000	0.8430	0.8291	5.0000	19.3563	508.1379	94.9537	9.8893	25.1000	0.9300	0.9545	0.5630	-0.0041	508.0000	508.9387	1.0275	10.2738	99.9579	40.0000	0.8230	0.8297	5.0000	-9999.0000	-9999.0000	-9999.0000	-9999.0000	-9999.0000	-9999.0000	20.0087	8	0	25.5891	1.0000	11	3	-9999.0000	10183	183	-9999	993	924	-9999	265.5588	5	0.5245	0.5630	-0.0041	96.5158	-3.2553	473.4383	181.7765	39.6065	470.5125	95.7870	470.6045	95.1620	468.4108	95.2315	473.0574	94.8843	
25/08/2017	07:17:00	011992	G523107235HLR	L523	S		439.2492	1.0292	6.1707	99.9953	40.0000	0.8430	0.8297	5.0000	20.3391	508.2494	95.0000	9.6891	25.1000	0.9300	0.9545	0.5949	-0.0074	508.0000	507.9075	1.0275	10.3938	99.9861	40.1020	0.8230	0.8282	5.0000	-9999.0000	-9999.0000	-9999.0000	-9999.0000	-9999.0000	-9999.0000	20.6273	1	0	25.4611	1.0000	11	3	-9999.0000	10183	184	-9999	993	925	-9999	266.0239	5	0.5258	0.5949	-0.0074	15.4267	5.3715	448.3620	160.0229	36.3657	453.3954	95.6713	445.5999	94.8148	474.0059	95.1620	467.4655	95.1620	
25/08/2017	07:17:25	011992	G523107234HLR	L523	S		438.8183	1.0292	6.2214	100.0288	40.0279	0.8430	0.8287	5.0000	18.8818	508.3055	94.8843	10.0202	25.0000	0.9300	0.9545	0.5949	-0.0074	508.0000	507.4387	1.0275	10.4484	100.0529	39.6164	0.8230	0.8267	5.0000	-9999.0000	-9999.0000	-9999.0000	-9999.0000	-9999.0000	-9999.0000	19.9374	2	0	25.3173	1.0000	11	3	-9999.0000	10184	185	-9999	994	926	-9999	264.8397	5	0.5258	0.5949	-0.0074	15.4267	5.3715	467.1403	166.1378	37.2454	460.1249	95.1620	447.1510	96.3657	473.3770	95.5093	463.6147	94.8611	
25/08/2017	07:17:50	011992	G523107236HLR	L523	S		444.5704	1.0292	5.5447	100.0455	39.4962	0.8430	0.8280	5.0000	18.8996	508.1725	94.9537	8.7995	25.1000	0.9300	0.9546	0.5615	-0.0039	508.0000	510.5996	1.0275	10.0805	100.0520	39.4871	0.8230	0.8277	5.0000	-9999.0000	-9999.0000	-9999.0000	-9999.0000	-9999.0000	-9999.0000	19.6675	3	0	24.9991	1.0000	11	3	-9999.0000	10185	186	-9999	994	927	-9999	267.9123	5	0.5258	0.5615	-0.0039	14.0498	5.5508	479.2344	168.0231	34.6065	494.4537	93.7037	476.4605	94.5370	490.9445	95.0231	485.4475	95.0926	
25/08/2017	07:18:15	011992	G523108134HLR	L523	S		445.1523	1.0292	5.4762	99.9887	39.5000	0.8430	0.8292	5.0000	18.7395	508.1665	94.9769	9.1295	25.1000	0.9300	0.9546	0.6091	-0.0088	508.0000	512.3983	1.0275	9.8711	100.1025	39.9848	0.8230	0.8297	5.0000	-9999.0000	-9999.0000	-9999.0000	-9999.0000	-9999.0000	-9999.0000	19.4991	4	0	25.3096	1.0000	11	3	-9999.0000	10186	187	-9999	995	928	-9999	268.7056	5	0.5250	0.6091	-0.0088	-0.9990	6.9791	453.6824	173.1450	36.4352	454.8005	94.0741	451.6631	93.7963	473.1800	94.8148	466.1735	95.2315	
