Data	Timp	Nr. masina	Nr. de serie	Tip	Productie	Comentariu	Pre-masurare Q [ml/min]	Pre-masurare Gain	Pre-masurare Offset Master	Pre-masurare P [bar]	Pre-masurare T [°C]	Pre-masurare Densitate fixa [kg/l]	Pre-masurare densitate masurata [kg/l]	Pre-masurare Timp masurare [s]	Pre-masurare Cycle time [s]	rectificare Q Oprire [ml/min]	rectificare P Oprire [bar]	rectificare Timp rectificare [s]	rectificare T [°C]	rectificare Densitate fixa [kg/l]	rectificare densitate masurata [kg/l]	rectificare Factor de masurare la rectificare	rectificare Factor de corectie a debitului	rectificare Target rectificare	Masurare Q [ml/min]	Masurare Gain	Masurare Offset Master	Masurare P [bar]	Masurare T [°C]	Masurare Densitate fixa [kg/l]	Masurare densitate masurata [kg/l]	Masurare Timp masurare [s]	Masurare Q [ml/min]	Masurare Delta Q [ml/min]	Masurare P [bar]	Masurare BP [bar]	Masurare T [°C]	Masurare Timp masurare [s]	Masurare Cycle time [s]	Nest Nr.	Cod de descarcare	Cycle time [s]	Traceability aktiv	EDM Maschine Nr	EDM Spindle Nr	Honing Rate [r	Station Counter Premeasure	Station Counter Grind	Station Counter Blowout 1	Station Counter Wash	Station Counter Measure	Station Counter Blowout 2	RealGrindQStop	Reg Type	Factor 0	Factor 1	Factor 2	Factor 3	Factor 4	G_StartQV	G_StartQV_1	G_StartQV_2	G_StartQV_3	G_StartQV_4	G_StartQV_5	
16/08/2017	00:00:22	011992	H421056329HLR	L421	S		699.9118	1.0292	10.0000	99.9893	39.4605	0.8430	0.8267	5.0000	19.3392	815.1125	94.9537	21.2092	26.3000	0.9300	0.9253	0.7237	-0.0002	815.0000	811.7874	1.0275	-4.4646	99.9980	39.5367	0.8230	0.8254	5.0000	-9999.0000	-9999.0000	-9999.0000	-9999.0000	-9999.0000	-9999.0000	19.7004	3	0	36.6187	1.0000	01	1	-9999.0000	25236	35909	-9999	959	896	-9999	585.8984	5	0.7185	0.7237	-0.0002	102.6806	0.4316	747.5861	474.7342	37.3843	701.3900	95.5093	738.6680	95.3935	746.7555	95.3241	751.9601	95.3009	
16/08/2017	00:00:55	011992	H421061069HLR	L421	S		709.4587	1.0292	10.0000	99.9996	39.8000	0.8430	0.8281	5.0000	18.3889	815.0337	94.9537	19.0491	26.3000	0.9300	0.9253	0.7243	-0.0002	815.0000	812.7375	1.0275	-4.6229	100.0465	39.8605	0.8230	0.8255	5.0000	-9999.0000	-9999.0000	-9999.0000	-9999.0000	-9999.0000	-9999.0000	19.9689	4	0	33.3680	1.0000	01	1	-9999.0000	25237	35910	-9999	960	896	-9999	586.2392	5	0.7191	0.7243	-0.0002	81.7594	1.3387	755.8710	496.1599	36.5278	716.6394	94.8380	749.8650	95.1389	755.1968	95.1620	760.8468	95.1852	
16/08/2017	00:01:28	011992	H421061067HLR	L421	S		697.6396	1.0292	10.0000	100.0327	39.7816	0.8430	0.8261	5.0000	22.4091	815.0515	94.9537	23.4894	26.2000	0.9300	0.9251	0.7228	-0.0002	815.0000	811.2688	1.0275	-4.3781	100.0271	39.5539	0.8230	0.8253	5.0000	-9999.0000	-9999.0000	-9999.0000	-9999.0000	-9999.0000	-9999.0000	19.5584	5	0	32.5193	1.0000	01	1	-9999.0000	25238	35911	-9999	961	897	-9999	585.7887	5	0.7196	0.7228	-0.0002	64.0508	2.1506	742.3751	489.0448	36.3889	700.9768	95.4861	735.1416	94.6759	741.6424	94.6759	746.7933	95.1389	
16/08/2017	00:01:59	011992	H421061070HLR	L421	S		696.9310	1.0292	10.0000	100.1000	39.5116	0.8430	0.8269	5.0000	18.7870	815.0291	94.9769	28.4286	26.1000	0.9300	0.9250	0.7232	-0.0002	815.0000	814.9640	1.0275	-4.9940	100.1647	39.8678	0.8230	0.8261	5.0000	-9999.0000	-9999.0000	-9999.0000	-9999.0000	-9999.0000	-9999.0000	19.5588	6	0	30.9285	1.0000	01	1	-9999.0000	25239	35911	-9999	962	898	-9999	585.6013	5	0.7198	0.7232	-0.0002	83.5234	1.2684	741.3897	440.0782	35.6481	701.6403	95.5324	734.8904	95.3241	740.8507	95.3241	745.2049	95.2083	
16/08/2017	00:02:36	011992	H421059748HLR	L421	S		696.4594	1.0292	10.0000	100.0853	39.9186	0.8430	0.8278	5.0000	18.6693	815.0710	95.0000	25.7188	26.0000	0.9300	0.9249	0.7240	-0.0002	815.0000	811.9495	1.0275	-4.4916	100.1378	39.6629	0.8230	0.8249	5.0000	-9999.0000	-9999.0000	-9999.0000	-9999.0000	-9999.0000	-9999.0000	19.8885	7	0	37.0992	1.0000	01	1	-9999.0000	25239	35911	-9999	963	899	-9999	586.2368	5	0.7199	0.7240	-0.0002	59.5512	2.3279	737.1994	429.3843	34.9306	699.0084	95.7407	729.9699	94.7222	736.5503	94.5602	741.6663	94.9306	
16/08/2017	00:03:14	011992	H421061072HLR	L421	S		701.0392	1.0292	10.0000	100.1083	39.7347	0.8430	0.8268	5.0000	18.6808	815.0373	95.0000	22.5685	25.9000	0.9300	0.9249	0.7223	-0.0001	815.0000	813.9689	1.0275	-4.8282	99.9114	39.7417	0.8230	0.8257	5.0000	-9999.0000	-9999.0000	-9999.0000	-9999.0000	-9999.0000	-9999.0000	19.7693	8	0	38.2889	1.0000	01	1	-9999.0000	25240	35912	-9999	964	900	-9999	586.6659	5	0.7203	0.7223	-0.0001	59.9916	2.2826	745.7193	466.8396	34.9537	702.5642	95.9722	737.6138	94.4444	745.3042	94.3981	750.1251	95.0000	
16/08/2017	00:03:47	011992	H421059756HLR	L421	S		702.3446	1.0292	10.0000	100.0974	39.7425	0.8430	0.8277	5.0000	18.9191	815.0529	95.0231	21.7395	25.8000	0.9300	0.9249	0.7244	-0.0002	815.0000	814.2739	1.0275	-4.8790	100.1472	39.7822	0.8230	0.8250	5.0000	-9999.0000	-9999.0000	-9999.0000	-9999.0000	-9999.0000	-9999.0000	20.1314	1	0	33.4585	1.0000	01	1	-9999.0000	25241	35912	-9999	965	901	-9999	587.2375	5	0.7204	0.7244	-0.0002	59.6028	2.2892	747.4224	468.4264	38.1944	712.6168	95.6250	740.2675	93.6343	746.7078	93.6574	752.3847	95.0463	
16/08/2017	00:04:30	011992	H421059766HLR	L421	S		704.4486	1.0292	10.0000	100.0435	39.9108	0.8430	0.8268	5.0000	20.4189	815.0360	94.9769	20.0999	25.7000	0.9300	0.9249	0.7221	-0.0001	815.0000	814.0774	1.0275	-4.8462	100.0676	39.6148	0.8230	0.8249	5.0000	-9999.0000	-9999.0000	-9999.0000	-9999.0000	-9999.0000	-9999.0000	21.7510	2	0	41.8080	1.0000	01	1	-9999.0000	25242	35913	-9999	966	902	-9999	587.5475	5	0.7208	0.7221	-0.0001	81.5791	1.3203	748.8764	505.8306	37.0833	710.7061	96.0417	741.0176	93.8889	748.1616	93.8657	753.2430	95.0694	
16/08/2017	00:05:09	011992	H421059729HLR	L421	S		704.0636	1.0292	10.0000	99.9951	39.6679	0.8430	0.8270	5.0000	18.5091	815.0315	95.0231	26.2285	25.5000	0.9300	0.9249	0.7221	-0.0001	815.0000	819.2419	1.0275	-4.9768	100.1205	39.8615	0.8230	0.8258	5.0000	-9999.0000	-9999.0000	-9999.0000	-9999.0000	-9999.0000	-9999.0000	19.4418	3	0	39.2614	1.0000	01	1	-9999.0000	25243	35914	-9999	967	903	-9999	587.4039	5	0.7208	0.7221	-0.0001	74.1842	1.6309	745.3397	449.8520	35.3241	706.0019	95.8796	738.5990	94.5139	744.7316	94.6296	749.8737	95.0694	
16/08/2017	00:05:48	011992	H421059697HLR	L421	S		688.0811	1.0292	10.0000	99.8557	39.8000	0.8430	0.8273	5.0000	20.1897	815.0589	94.9769	27.5185	25.4000	0.9300	0.9249	0.7259	-0.0002	815.0000	818.3038	1.0275	-4.9820	99.9641	39.6259	0.8230	0.8247	5.0000	-9999.0000	-9999.0000	-9999.0000	-9999.0000	-9999.0000	-9999.0000	19.5310	4	0	39.0660	1.0000	01	1	-9999.0000	25244	35914	-9999	968	904	-9999	587.4032	5	0.7209	0.7259	-0.0002	89.8345	0.9913	737.8862	462.7658	35.7407	697.8907	96.3889	731.6167	94.6528	737.2079	94.5833	742.8939	95.0000	
16/08/2017	00:06:21	011992	H421061107HLR	L421	S		700.8864	1.0292	10.0000	100.0844	39.8918	0.8430	0.8271	5.0000	18.8090	815.0361	94.9769	22.4787	25.3000	0.9300	0.9250	0.7199	0.0001	815.0000	816.7410	1.0275	-4.9905	99.9979	39.8377	0.8230	0.8257	5.0000	-9999.0000	-9999.0000	-9999.0000	-9999.0000	-9999.0000	-9999.0000	19.5003	5	0	32.9782	1.0000	01	1	-9999.0000	25245	35915	-9999	969	905	-9999	587.6439	5	0.7211	0.7199	0.0001	89.7437	0.9993	742.2725	418.1590	33.4954	700.2309	96.0880	736.0928	94.6991	741.7670	94.6528	746.8117	94.9537	
16/08/2017	00:07:01	011992	H421061873HLR	L421	S		689.7081	1.0292	10.0000	100.0942	39.6912	0.8430	0.8272	5.0000	18.9290	814.6205	95.0694	31.0087	25.0000	0.9300	0.9249	0.7196	0.0001	815.0000	819.3472	1.0275	-4.9763	100.1766	39.6922	0.8230	0.8249	5.0000	-9999.0000	-9999.0000	-9999.0000	-9999.0000	-9999.0000	-9999.0000	19.9613	6	0	40.7886	1.0000	99	9	-9999.0000	25246	35915	-9999	970	906	-9999	588.2907	5	0.7208	0.7196	0.0001	91.0838	0.9454	728.4738	423.0279	34.8380	684.1437	94.6991	723.4151	95.0926	728.0932	95.1620	732.7581	95.1852	
16/08/2017	00:07:41	011992	H421061853HLR	L421	S		686.4764	1.0292	10.0000	100.0595	39.8962	0.8430	0.8276	5.0000	18.9896	815.0310	94.9769	28.3896	24.9000	0.9300	0.9250	0.7155	0.0001	815.0000	820.7496	1.0275	-4.9686	100.0597	39.7650	0.8230	0.8255	5.0000	-9999.0000	-9999.0000	-9999.0000	-9999.0000	-9999.0000	-9999.0000	20.0391	7	0	39.4583	1.0000	99	9	-9999.0000	25246	35916	-9999	971	907	-9999	588.5685	5	0.7178	0.7155	0.0001	90.0166	0.9934	733.3170	438.9673	34.2824	685.4098	95.1620	726.0570	95.4167	732.8854	95.2778	737.4469	95.0231	
16/08/2017	00:08:19	011992	H421060887HLR	L421	S		689.0792	1.0292	10.0000	99.9998	39.7778	0.8430	0.8270	5.0000	18.4615	815.0285	94.9306	28.2695	24.7000	0.9300	0.9250	0.7166	0.0001	815.0000	818.0764	1.0275	-4.9832	100.0762	39.7557	0.8230	0.8249	5.0000	-9999.0000	-9999.0000	-9999.0000	-9999.0000	-9999.0000	-9999.0000	19.6713	8	0	38.1092	1.0000	99	9	-9999.0000	25247	35917	-9999	972	908	-9999	585.1328	5	0.7187	0.7166	0.0001	89.9263	0.9969	734.1904	429.4118	34.6065	689.4227	94.5370	727.7183	95.3704	733.7696	95.2778	738.6899	95.1620	
16/08/2017	00:08:55	011992	H421060950HLR	L421	S		708.1713	1.0292	10.0000	100.0528	39.8000	0.8430	0.8276	5.0000	18.5785	815.0319	94.9769	22.0089	24.7000	0.9300	0.9251	0.7162	0.0001	815.0000	817.1680	1.0275	-4.9882	99.9990	39.7621	0.8230	0.8256	5.0000	-9999.0000	-9999.0000	-9999.0000	-9999.0000	-9999.0000	-9999.0000	20.0185	1	0	35.7789	1.0000	99	9	-9999.0000	25247	35917	-9999	973	909	-9999	585.5754	5	0.7185	0.7162	0.0001	90.3780	0.9811	753.4894	450.6474	34.4213	710.8008	95.4861	748.6835	95.0000	753.4875	94.7685	757.1782	95.0000	
16/08/2017	00:09:25	011992	H421061232HLR	L421	S		703.0453	1.0292	10.0000	100.1015	39.8960	0.8430	0.8270	5.0000	19.0445	815.0533	95.0000	29.9686	24.5000	0.9300	0.9251	0.7158	0.0001	815.0000	821.2474	1.0275	-4.9659	100.1300	39.7908	0.8230	0.8251	5.0000	-9999.0000	-9999.0000	-9999.0000	-9999.0000	-9999.0000	-9999.0000	19.8101	2	0	30.2589	1.0000	99	9	-9999.0000	25247	35918	-9999	974	910	-9999	585.8430	5	0.7181	0.7158	0.0001	90.3676	0.9848	743.9779	455.0218	36.1806	703.3120	95.3704	738.8560	94.9074	743.5304	95.0000	747.7444	95.1852	
16/08/2017	00:10:04	011992	H421061848HLR	L421	S		698.7129	1.0292	10.0000	99.9512	39.6369	0.8430	0.8266	5.0000	20.8585	815.0102	95.0463	28.4785	24.4000	0.9300	0.9252	0.7251	-0.0003	815.0000	820.9522	1.0275	-4.9675	100.0210	39.6926	0.8230	0.8254	5.0000	-9999.0000	-9999.0000	-9999.0000	-9999.0000	-9999.0000	-9999.0000	19.6460	3	0	39.2386	1.0000	99	9	-9999.0000	25248	35919	-9999	975	911	-9999	585.3914	5	0.7176	0.7251	-0.0003	75.4294	1.9015	740.8635	455.7872	36.9907	691.3797	96.1574	734.2982	94.2593	740.0320	94.1898	744.3213	94.9769	
16/08/2017	00:10:44	011992	H421061277HLR	L421	S		696.5926	1.0292	10.0000	100.0585	39.9826	0.8430	0.8275	5.0000	18.7189	815.0464	94.9769	27.2295	24.5000	0.9300	0.9254	0.7197	-0.0001	815.0000	817.5604	1.0275	-4.9860	99.9058	39.8459	0.8230	0.8255	5.0000	-9999.0000	-9999.0000	-9999.0000	-9999.0000	-9999.0000	-9999.0000	19.7919	4	0	40.2583	1.0000	99	9	-9999.0000	25249	35920	-9999	976	912	-9999	584.9619	5	0.7174	0.7197	-0.0001	56.9502	2.5532	728.5453	459.7393	34.4213	683.3861	94.9306	723.3425	94.8611	727.8636	94.7685	734.1916	95.0694	
16/08/2017	00:11:22	011992	H421061233HLR	L421	S		697.6156	1.0292	10.0000	100.0992	39.7335	0.8430	0.8269	5.0000	18.8166	815.0227	95.0463	24.9494	24.5000	0.9300	0.9255	0.7231	-0.0002	815.0000	817.5307	1.0275	-4.9862	100.0999	39.5766	0.8230	0.8242	5.0000	-9999.0000	-9999.0000	-9999.0000	-9999.0000	-9999.0000	-9999.0000	22.9193	5	0	37.4585	1.0000	99	9	-9999.0000	25250	35920	-9999	977	913	-9999	584.8394	5	0.7169	0.7231	-0.0002	69.0852	2.0344	738.7306	459.5193	35.5093	692.9061	95.5324	730.3464	95.8565	738.0465	95.7639	742.3880	95.1852	
16/08/2017	00:12:00	011992	H421060929HLR	L421	S		708.6980	1.0292	10.0000	100.1097	39.8639	0.8430	0.8275	5.0000	18.9090	815.0816	94.9537	19.4593	24.6000	0.9300	0.9256	0.7243	-0.0003	815.0000	817.2308	1.0275	-4.9878	99.9857	39.8978	0.8230	0.8257	5.0000	-9999.0000	-9999.0000	-9999.0000	-9999.0000	-9999.0000	-9999.0000	19.6188	6	0	38.2205	1.0000	99	9	-9999.0000	25250	35921	-9999	978	914	-9999	585.7762	5	0.7164	0.7243	-0.0003	71.7198	1.9081	749.1610	462.9873	35.8333	706.0566	96.2037	742.3226	93.9352	748.4214	93.9352	754.2445	95.0463	
16/08/2017	00:12:38	011992	H421060947HLR	L421	S		692.3411	1.0292	10.0000	100.0758	39.8579	0.8430	0.8270	5.0000	18.9485	815.0214	94.9537	28.3496	24.5000	0.9300	0.9255	0.7243	-0.0003	815.0000	817.0349	1.0275	-4.9889	100.0010	39.6868	0.8230	0.8248	5.0000	-9999.0000	-9999.0000	-9999.0000	-9999.0000	-9999.0000	-9999.0000	19.7887	7	0	37.9370	1.0000	99	9	-9999.0000	25251	35922	-9999	979	915	-9999	583.6327	5	0.7163	0.7243	-0.0003	71.5188	1.9021	724.7815	454.2530	38.4028	686.4455	95.8796	718.8513	93.8426	723.9704	93.9120	729.2663	95.0926	
16/08/2017	00:13:20	011992	H421060881HLR	L421	S		693.0453	1.0292	10.0000	100.0586	39.7050	0.8430	0.8270	5.0000	19.0784	815.0322	94.9537	29.5185	24.6000	0.9300	0.9255	0.7229	-0.0003	815.0000	816.0265	1.0275	-4.9944	99.9739	39.8566	0.8230	0.8256	5.0000	-9999.0000	-9999.0000	-9999.0000	-9999.0000	-9999.0000	-9999.0000	20.2405	8	0	41.9392	1.0000	99	9	-9999.0000	25252	35923	-9999	980	915	-9999	583.2676	5	0.7162	0.7229	-0.0003	71.5557	1.9072	724.0133	461.3934	36.7593	687.9175	97.0139	718.3102	94.7917	723.5652	94.8148	728.4325	95.0231	
16/08/2017	00:14:00	011992	H421060878HLR	L421	S		690.3237	1.0292	10.0000	100.0896	39.9533	0.8430	0.8274	5.0000	18.8792	815.0542	95.0000	26.4698	24.6000	0.9300	0.9256	0.7213	-0.0002	815.0000	814.9314	1.0275	-4.9886	100.1169	39.7170	0.8230	0.8248	5.0000	-9999.0000	-9999.0000	-9999.0000	-9999.0000	-9999.0000	-9999.0000	19.8594	1	0	39.2877	1.0000	99	9	-9999.0000	25253	35924	-9999	981	915	-9999	583.8585	5	0.7161	0.7213	-0.0002	72.4804	1.8434	730.1401	428.1846	34.3056	684.7325	95.0694	723.9341	95.3009	729.5673	95.2546	735.0621	95.2083	
16/08/2017	00:14:31	011992	H421060911HLR	L421	S		688.5794	1.0292	10.0000	100.0688	39.7529	0.8430	0.8269	5.0000	18.9290	815.0379	94.9537	24.6592	24.6000	0.9300	0.9255	0.7226	-0.0003	815.0000	814.7665	1.0275	-4.9611	100.0043	39.8387	0.8230	0.8254	5.0000	-9999.0000	-9999.0000	-9999.0000	-9999.0000	-9999.0000	-9999.0000	20.1597	2	0	32.1085	1.0000	99	9	-9999.0000	25254	35925	-9999	982	915	-9999	583.8591	5	0.7156	0.7226	-0.0003	70.1546	1.9207	733.7228	410.3931	34.7685	681.7006	94.6759	726.4908	95.3009	733.1811	95.2546	738.7279	95.1620	
16/08/2017	00:15:06	011992	H421060877HLR	L421	S		691.8318	1.0292	10.0000	100.0987	39.8659	0.8430	0.8275	5.0000	19.0695	815.0892	94.9769	23.5792	24.6000	0.9300	0.9255	0.7223	-0.0003	815.0000	812.9610	1.0275	-4.6602	100.0469	39.7162	0.8230	0.8248	5.0000	-9999.0000	-9999.0000	-9999.0000	-9999.0000	-9999.0000	-9999.0000	20.5436	3	0	34.2585	1.0000	99	9	-9999.0000	25255	35926	-9999	983	915	-9999	583.7101	5	0.7152	0.7223	-0.0003	74.5576	1.7277	736.9113	414.0026	34.8843	684.8291	94.9074	728.9535	95.4167	736.2929	95.4861	742.1611	95.2315	
16/08/2017	00:15:43	011992	H421060871HLR	L421	S		688.1147	1.0292	10.0000	100.0777	39.8577	0.8430	0.8270	5.0000	19.3295	815.0871	95.1157	26.9482	24.5000	0.9300	0.9255	0.7227	-0.0003	815.0000	814.3428	1.0275	-4.8905	100.0061	39.7603	0.8230	0.8254	5.0000	-9999.0000	-9999.0000	-9999.0000	-9999.0000	-9999.0000	-9999.0000	19.8216	4	0	37.3190	1.0000	99	9	-9999.0000	25256	35927	-9999	984	916	-9999	582.9940	5	0.7152	0.7227	-0.0003	76.8744	1.6388	727.6543	408.5099	35.3009	681.0107	94.7454	720.1398	95.5556	727.2091	95.5093	732.7863	95.2778	
16/08/2017	00:16:20	011992	H421056417HLR	L421	S		694.2427	1.0292	10.0000	100.0699	39.7820	0.8430	0.8272	5.0000	19.0503	815.0553	94.9074	28.3486	24.4000	0.9300	0.9255	0.7235	-0.0003	815.0000	817.9793	1.0275	-4.9837	100.0456	39.7503	0.8230	0.8245	5.0000	-9999.0000	-9999.0000	-9999.0000	-9999.0000	-9999.0000	-9999.0000	22.1005	5	0	37.0190	1.0000	99	9	-9999.0000	25257	35928	-9999	985	917	-9999	582.5464	5	0.7153	0.7235	-0.0003	82.6296	1.4187	735.0218	386.9870	33.0787	686.6070	94.1898	727.4158	95.6019	734.3264	95.6713	738.7635	95.0694	
16/08/2017	00:16:56	011992	H421060920HLR	L421	S		704.0492	1.0292	10.0000	100.0294	39.9050	0.8430	0.8268	5.0000	19.7297	815.0868	95.0000	21.1291	24.4000	0.9300	0.9255	0.7258	-0.0004	815.0000	816.7810	1.0275	-4.9903	100.0033	39.7477	0.8230	0.8252	5.0000	-9999.0000	-9999.0000	-9999.0000	-9999.0000	-9999.0000	-9999.0000	19.7992	6	0	36.4480	1.0000	99	9	-9999.0000	25258	35928	-9999	986	918	-9999	584.4011	5	0.7155	0.7258	-0.0004	127.3140	-0.1814	746.9780	416.5644	34.1667	700.0892	96.0648	739.4452	95.0231	746.1264	95.0000	752.3586	95.0231	
16/08/2017	00:17:35	011992	H421062395HLR	L421	S		693.4907	1.0292	10.0000	99.9806	39.7764	0.8430	0.8273	5.0000	18.6310	815.0331	94.9769	23.4298	24.3000	0.9300	0.9255	0.7243	-0.0003	815.0000	814.6985	1.0275	-4.9498	100.0004	39.8403	0.8230	0.8251	5.0000	-9999.0000	-9999.0000	-9999.0000	-9999.0000	-9999.0000	-9999.0000	19.8995	7	0	38.3587	1.0000	99	9	-9999.0000	25259	35929	-9999	987	918	-9999	584.0813	5	0.7157	0.7243	-0.0003	118.4885	0.1784	735.0262	502.6425	37.5463	690.1410	94.2593	725.3245	94.0509	734.1028	94.0278	738.4613	95.1389	
16/08/2017	00:18:14	011992	H421062117HLR	L421	S		691.5175	1.0292	10.0000	100.1056	39.8952	0.8430	0.8274	5.0000	18.6658	815.0229	94.9769	26.5391	24.1000	0.9300	0.9255	0.7243	-0.0003	815.0000	814.9178	1.0275	-4.9863	100.0111	39.7120	0.8230	0.8252	5.0000	-9999.0000	-9999.0000	-9999.0000	-9999.0000	-9999.0000	-9999.0000	19.5985	8	0	38.6785	1.0000	99	9	-9999.0000	25260	35930	-9999	988	919	-9999	583.1976	5	0.7156	0.7243	-0.0003	116.4125	0.2621	728.4180	425.6199	37.2685	684.0006	94.6065	721.4201	95.4167	728.0149	95.4398	733.4953	95.1852	
16/08/2017	00:18:47	011992	H421062301HLR	L421	S		695.2359	1.0292	10.0000	100.0931	39.8333	0.8430	0.8270	5.0000	18.7802	815.0490	95.0000	26.2393	24.1000	0.9300	0.9255	0.7220	-0.0002	815.0000	817.9426	1.0275	-4.9839	100.0875	39.8365	0.8230	0.8251	5.0000	-9999.0000	-9999.0000	-9999.0000	-9999.0000	-9999.0000	-9999.0000	20.0293	1	0	33.1590	1.0000	99	9	-9999.0000	25261	35931	-9999	989	920	-9999	583.3168	5	0.7156	0.7220	-0.0002	82.4856	1.5229	729.9340	448.5982	37.8472	684.2322	94.4213	722.1015	94.8843	729.6430	94.9074	733.9864	95.0231	
16/08/2017	00:19:21	011992	H421062255HLR	L421	S		696.3709	1.0292	10.0000	100.0866	39.8000	0.8430	0.8273	5.0000	18.8900	815.0286	94.9537	25.7090	24.0000	0.9300	0.9255	0.7226	-0.0003	815.0000	816.8455	1.0275	-4.9899	100.0171	39.7154	0.8230	0.8251	5.0000	-9999.0000	-9999.0000	-9999.0000	-9999.0000	-9999.0000	-9999.0000	19.5584	2	0	34.7088	1.0000	99	9	-9999.0000	25262	35931	-9999	990	921	-9999	583.2537	5	0.7158	0.7226	-0.0003	84.9078	1.4444	737.7204	478.2660	37.1991	691.7946	96.2269	727.0404	96.5046	733.8488	96.4120	739.2862	95.1620	
16/08/2017	00:19:56	011992	H421062253HLR	L421	S		698.3517	1.0292	10.0000	100.1138	39.9034	0.8430	0.8272	5.0000	18.8693	815.0779	95.0000	27.5390	23.9000	0.9300	0.9255	0.7301	-0.0005	815.0000	818.2659	1.0275	-4.9822	100.0477	39.8114	0.8230	0.8253	5.0000	-9999.0000	-9999.0000	-9999.0000	-9999.0000	-9999.0000	-9999.0000	20.1980	3	0	34.3385	1.0000	99	9	-9999.0000	25263	35932	-9999	991	922	-9999	583.0451	5	0.7157	0.7301	-0.0005	115.0258	0.3299	729.4551	479.2182	36.1343	691.9292	93.3333	723.3963	94.0509	728.9009	93.9815	733.6057	94.7454	
16/08/2017	00:20:31	011992	H421062302HLR	L421	S		697.3176	1.0292	10.0000	100.1263	39.7752	0.8430	0.8271	5.0000	18.9086	815.0563	94.9537	27.9091	23.8000	0.9300	0.9256	0.7251	-0.0003	815.0000	820.7446	1.0275	-4.9686	100.0361	39.7557	0.8230	0.8248	5.0000	-9999.0000	-9999.0000	-9999.0000	-9999.0000	-9999.0000	-9999.0000	20.0739	4	0	35.5194	1.0000	99	9	-9999.0000	25264	35933	-9999	992	922	-9999	582.7970	5	0.7155	0.7251	-0.0003	114.9890	0.3229	723.5178	484.5587	38.0324	687.0687	94.9306	716.0771	94.2130	723.1444	94.2130	727.5643	94.7917	
16/08/2017	00:21:06	011992	H421062254HLR	L421	S		696.7354	1.0292	10.0000	99.9993	39.8216	0.8430	0.8267	5.0000	21.0871	815.0575	95.0231	22.3488	23.8000	0.9300	0.9256	0.7281	-0.0005	815.0000	817.9040	1.0275	-4.9841	99.9468	39.7485	0.8230	0.8252	5.0000	-9999.0000	-9999.0000	-9999.0000	-9999.0000	-9999.0000	-9999.0000	19.9246	5	0	34.4890	1.0000	99	9	-9999.0000	25265	35934	-9999	993	923	-9999	584.6781	5	0.7155	0.7281	-0.0005	106.7291	0.6381	734.5939	466.5291	35.4861	692.4225	94.6528	727.9207	94.2593	733.8125	94.1667	740.9574	94.8611	
16/08/2017	00:21:44	011992	H421062264HLR	L421	S		694.9736	1.0292	10.0000	100.0066	39.8307	0.8430	0.8269	5.0000	19.3883	815.0461	94.9537	23.9786	23.7000	0.9300	0.9257	0.7313	-0.0006	815.0000	817.1585	1.0275	-4.9882	99.9602	39.8098	0.8230	0.8250	5.0000	-9999.0000	-9999.0000	-9999.0000	-9999.0000	-9999.0000	-9999.0000	19.8482	6	0	38.2779	1.0000	99	9	-9999.0000	25266	35935	-9999	994	923	-9999	583.7849	5	0.7151	0.7313	-0.0006	113.9690	0.3371	727.7528	462.2082	36.2963	684.9486	94.4213	721.2898	93.8889	727.0897	93.9120	733.2848	94.8148	
16/08/2017	00:22:21	011992	H421062268HLR	L421	S		696.5823	1.0292	10.0000	99.9150	39.7677	0.8430	0.8265	5.0000	21.0588	815.0486	94.9769	23.4992	23.6000	0.9300	0.9257	0.7331	-0.0007	815.0000	818.4238	1.0275	-4.9813	100.0162	39.7313	0.8230	0.8252	5.0000	-9999.0000	-9999.0000	-9999.0000	-9999.0000	-9999.0000	-9999.0000	19.1694	7	0	36.7292	1.0000	99	9	-9999.0000	25267	35935	-9999	995	924	-9999	583.8942	5	0.7145	0.7331	-0.0007	108.2305	0.5480	727.0939	471.6035	36.1806	685.5831	95.0000	721.6438	94.6759	726.5247	94.6528	732.5114	95.0000	
16/08/2017	00:22:54	011992	H421062273HLR	L421	S		695.6552	1.0292	10.0000	100.0975	39.8633	0.8430	0.8272	5.0000	19.0432	815.0407	94.9769	24.7794	23.6000	0.9300	0.9258	0.7250	-0.0004	815.0000	817.6910	1.0275	-4.9853	99.9620	39.8057	0.8230	0.8249	5.0000	-9999.0000	-9999.0000	-9999.0000	-9999.0000	-9999.0000	-9999.0000	20.6059	8	0	33.6421	1.0000	99	9	-9999.0000	25267	35936	-9999	996	925	-9999	582.9213	5	0.7142	0.7250	-0.0004	110.4096	0.4672	725.3855	442.3128	36.8981	682.6395	94.7222	717.4501	94.1898	724.5684	94.1898	729.8955	94.8843	
16/08/2017	00:23:27	011992	H421062256HLR	L421	S		695.6965	1.0292	10.0000	99.9013	39.7906	0.8430	0.8264	5.0000	20.9368	815.0852	95.0231	23.7492	23.6000	0.9300	0.9259	0.7251	-0.0005	815.0000	816.0726	1.0275	-4.9941	99.9379	39.7589	0.8230	0.8253	5.0000	-9999.0000	-9999.0000	-9999.0000	-9999.0000	-9999.0000	-9999.0000	19.2508	1	0	32.1553	1.0000	99	9	-9999.0000	25268	35936	-9999	997	926	-9999	582.3147	5	0.7140	0.7251	-0.0005	111.1956	0.4425	732.4753	433.2403	37.9861	690.6959	95.1852	725.4507	94.7917	731.7774	94.8611	738.6849	95.0231	
16/08/2017	00:24:01	011992	H421062317HLR	L421	S		697.5801	1.0292	10.0000	100.0694	39.8000	0.8430	0.8272	5.0000	18.8997	815.0758	94.9537	27.5391	23.6000	0.9300	0.9259	0.7240	-0.0004	815.0000	818.8711	1.0275	-4.9789	99.9141	39.8303	0.8230	0.8253	5.0000	-9999.0000	-9999.0000	-9999.0000	-9999.0000	-9999.0000	-9999.0000	19.9679	2	0	34.7389	1.0000	99	9	-9999.0000	25269	35937	-9999	998	927	-9999	580.8906	5	0.7141	0.7240	-0.0004	111.5237	0.4310	726.9755	463.2111	36.6898	685.2514	95.2546	719.8045	94.9769	726.2413	94.9537	731.4171	95.0694	
16/08/2017	00:24:38	011992	H421062174HLR	L421	S		700.4065	1.0292	10.0000	100.1144	39.9016	0.8430	0.8272	5.0000	18.7894	815.0514	95.0000	25.9297	23.7000	0.9300	0.9260	0.7281	-0.0006	815.0000	816.6216	1.0275	-4.9911	99.9990	39.7525	0.8230	0.8249	5.0000	-9999.0000	-9999.0000	-9999.0000	-9999.0000	-9999.0000	-9999.0000	19.4726	3	0	36.3385	1.0000	99	9	-9999.0000	25270	35938	-9999	999	928	-9999	581.4667	5	0.7139	0.7281	-0.0006	111.2894	0.4411	732.0366	431.7291	36.4352	690.4091	95.1157	725.8919	95.1852	731.1441	95.0231	736.1068	95.0694	
16/08/2017	00:25:10	011992	H421062185HLR	L421	S		695.3572	1.0292	10.0000	99.9742	39.8000	0.8430	0.8271	5.0000	18.4496	815.0646	94.9769	22.7990	23.7000	0.9300	0.9260	0.7239	-0.0004	815.0000	815.9923	1.0275	-4.9946	99.9141	39.8341	0.8230	0.8253	5.0000	-9999.0000	-9999.0000	-9999.0000	-9999.0000	-9999.0000	-9999.0000	19.6521	4	0	32.6092	1.0000	99	9	-9999.0000	25270	35939	-9999	1000	929	-9999	582.8885	5	0.7135	0.7239	-0.0004	111.1228	0.4416	731.1486	467.4537	34.8611	683.2000	94.3287	723.8794	94.4444	730.5177	94.3287	736.7273	94.9074	
16/08/2017	00:25:44	011992	H421062189HLR	L421	S		697.5980	1.0292	10.0000	100.0908	39.8703	0.8430	0.8273	5.0000	18.7797	815.0662	95.0000	21.2092	23.8000	0.9300	0.9260	0.7306	-0.0007	815.0000	814.7803	1.0275	-4.9634	99.9868	39.8052	0.8230	0.8252	5.0000	-9999.0000	-9999.0000	-9999.0000	-9999.0000	-9999.0000	-9999.0000	19.3920	5	0	33.9880	1.0000	99	9	-9999.0000	25271	35940	-9999	1001	930	-9999	582.8775	5	0.7129	0.7306	-0.0007	119.8221	0.0676	738.5671	438.2626	34.0972	688.7132	93.6111	730.2364	94.9306	737.6690	94.8380	744.0866	95.0926	
16/08/2017	00:26:14	011992	H421062318HLR	L421	S		694.3448	1.0292	10.0000	100.1040	39.8613	0.8430	0.8271	5.0000	18.7355	815.0664	94.9306	23.9591	23.8000	0.9300	0.9261	0.7319	-0.0008	815.0000	814.9234	1.0275	-4.9872	99.9746	39.7898	0.8230	0.8252	5.0000	-9999.0000	-9999.0000	-9999.0000	-9999.0000	-9999.0000	-9999.0000	19.8113	6	0	29.9281	1.0000	99	9	-9999.0000	25271	35941	-9999	1002	931	-9999	581.8535	5	0.7128	0.7319	-0.0008	121.4151	-0.0039	724.5263	487.5673	34.0972	674.2054	93.9583	715.1148	95.6019	723.5761	95.5787	730.0075	95.1852	
16/08/2017	00:26:46	011992	H421062320HLR	L421	S		690.0615	1.0292	10.0000	100.1228	39.8000	0.8430	0.8271	5.0000	18.9192	815.0592	95.0463	25.4288	23.9000	0.9300	0.9261	0.7329	-0.0008	815.0000	813.4443	1.0275	-4.7407	99.9621	39.8467	0.8230	0.8253	5.0000	-9999.0000	-9999.0000	-9999.0000	-9999.0000	-9999.0000	-9999.0000	19.5089	7	0	31.8803	1.0000	99	9	-9999.0000	25272	35942	-9999	1003	932	-9999	580.8500	5	0.7128	0.7329	-0.0008	119.0753	0.0940	719.1724	458.8336	36.0648	670.1348	93.5185	711.4424	94.9306	718.5620	95.0000	724.2776	95.0463	
16/08/2017	00:27:22	011992	H421062156HLR	L421	S		701.6194	1.0292	10.0000	100.1225	39.8884	0.8430	0.8272	5.0000	18.8485	815.0441	94.9769	21.7990	23.9000	0.9300	0.9261	0.7323	-0.0008	815.0000	815.4011	1.0275	-4.9978	100.0522	39.7436	0.8230	0.8249	5.0000	-9999.0000	-9999.0000	-9999.0000	-9999.0000	-9999.0000	-9999.0000	20.1004	8	0	35.8986	1.0000	99	9	-9999.0000	25273	35943	-9999	1004	933	-9999	582.9568	5	0.7131	0.7323	-0.0008	112.4535	0.3703	731.0317	450.7885	35.2778	682.4071	93.7963	723.2800	94.6991	730.2379	94.5833	736.0264	94.9769	
16/08/2017	00:27:55	011992	H421062164HLR	L421	S		695.7255	1.0292	10.0000	100.0867	39.8397	0.8430	0.8270	5.0000	19.0793	815.0572	94.9074	23.1085	23.9000	0.9300	0.9260	0.7306	-0.0007	815.0000	813.9029	1.0275	-4.8171	100.0200	39.8573	0.8230	0.8253	5.0000	-9999.0000	-9999.0000	-9999.0000	-9999.0000	-9999.0000	-9999.0000	19.7599	1	0	33.1184	1.0000	99	9	-9999.0000	25274	35944	-9999	1005	934	-9999	582.0734	5	0.7135	0.7306	-0.0007	112.8172	0.3395	728.0390	491.6434	37.0139	683.1631	95.7870	720.0426	95.5324	727.2866	95.5324	733.3946	95.3472	
16/08/2017	00:28:27	011992	H421062162HLR	L421	S		700.6834	1.0292	10.0000	100.0378	39.8000	0.8430	0.8270	5.0000	19.3792	815.0710	94.9537	19.2298	23.9000	0.9300	0.9259	0.7300	-0.0007	815.0000	814.5661	1.0275	-4.9277	100.0013	39.7721	0.8230	0.8249	5.0000	-9999.0000	-9999.0000	-9999.0000	-9999.0000	-9999.0000	-9999.0000	19.6008	2	0	31.6892	1.0000	99	9	-9999.0000	25275	35944	-9999	1006	935	-9999	584.3909	5	0.7134	0.7300	-0.0007	108.2711	0.5260	737.8245	460.3314	36.8981	696.0920	95.0926	731.2306	94.6528	737.3864	94.4907	743.8171	94.9537	
16/08/2017	00:29:01	011992	H421062170HLR	L421	S		701.6917	1.0292	10.0000	100.0853	39.9216	0.8430	0.8271	5.0000	18.9993	815.0606	95.0000	21.0793	23.8000	0.9300	0.9259	0.7303	-0.0007	815.0000	818.2528	1.0275	-4.9822	99.9778	39.7966	0.8230	0.8254	5.0000	-9999.0000	-9999.0000	-9999.0000	-9999.0000	-9999.0000	-9999.0000	19.5691	3	0	34.5085	1.0000	99	9	-9999.0000	25275	35945	-9999	1007	936	-9999	583.2656	5	0.7134	0.7303	-0.0007	102.4857	0.7320	739.8118	449.3283	36.2500	693.0919	95.1157	731.4669	94.8148	738.9364	94.8148	744.9980	95.0926	
16/08/2017	00:29:43	011992	H421059776HLR	L421	S		692.4671	1.0292	10.0000	100.1186	39.8080	0.8430	0.8270	5.0000	18.7687	815.0349	94.9769	25.1290	23.8000	0.9300	0.9259	0.7303	-0.0007	815.0000	814.4779	1.0275	-4.9130	100.0482	39.8437	0.8230	0.8251	5.0000	-9999.0000	-9999.0000	-9999.0000	-9999.0000	-9999.0000	-9999.0000	19.8392	4	0	41.5082	1.0000	99	9	-9999.0000	25276	35946	-9999	1008	937	-9999	580.8307	5	0.7136	0.7303	-0.0007	100.0433	0.8168	722.4278	454.5174	35.0463	678.9947	95.0000	715.6897	94.9074	721.9085	94.9074	728.0469	95.0926	
16/08/2017	00:30:20	011992	H421062149HLR	L421	S		696.4831	1.0292	10.0000	100.0945	39.8487	0.8430	0.8271	5.0000	19.0988	815.0534	95.0000	22.3088	23.8000	0.9300	0.9259	0.7306	-0.0007	815.0000	815.7556	1.0275	-4.9959	99.9632	39.7519	0.8230	0.8250	5.0000	-9999.0000	-9999.0000	-9999.0000	-9999.0000	-9999.0000	-9999.0000	19.5118	5	0	37.7291	1.0000	99	9	-9999.0000	25277	35947	-9999	1009	938	-9999	582.5048	5	0.7141	0.7306	-0.0007	96.7893	0.9364	731.1450	439.9679	34.9306	685.1916	94.8611	724.0823	94.6296	730.4464	94.6065	737.8280	94.9537	
16/08/2017	00:30:58	011992	H421062150HLR	L421	S		695.9304	1.0292	10.0000	100.1331	39.9094	0.8430	0.8271	5.0000	18.7489	815.0751	94.9306	20.9592	23.7000	0.9300	0.9259	0.7319	-0.0008	815.0000	816.5321	1.0275	-4.9916	99.9713	39.8242	0.8230	0.8250	5.0000	-9999.0000	-9999.0000	-9999.0000	-9999.0000	-9999.0000	-9999.0000	19.8984	6	0	37.3686	1.0000	99	9	-9999.0000	25278	35947	-9999	1010	939	-9999	583.5756	5	0.7140	0.7319	-0.0008	97.1045	0.9160	733.8909	497.4191	38.5417	687.8648	96.0880	726.3061	95.2778	733.2245	95.2778	739.7539	95.2546	
16/08/2017	00:31:42	011992	H421062147HLR	L421	S		694.9614	1.0292	10.0000	100.0799	39.7922	0.8430	0.8271	5.0000	18.6400	815.0755	94.9769	23.7296	23.6000	0.9300	0.9259	0.7296	-0.0007	815.0000	816.1257	1.0275	-4.9939	99.9622	39.7487	0.8230	0.8250	5.0000	-9999.0000	-9999.0000	-9999.0000	-9999.0000	-9999.0000	-9999.0000	19.9814	7	0	43.8902	1.0000	99	9	-9999.0000	25278	35948	-9999	1011	940	-9999	581.9332	5	0.7143	0.7296	-0.0007	86.5688	1.4268	724.4905	498.8439	37.1528	680.9376	95.3704	715.8842	95.1389	723.8219	95.1620	729.3952	95.1852	
16/08/2017	00:32:25	011992	H421062308HLR	L421	S		694.8496	1.0292	10.0000	100.1017	39.8824	0.8430	0.8273	5.0000	19.0200	815.0568	95.0231	30.7889	23.5000	0.9300	0.9258	0.7272	-0.0006	815.0000	815.7445	1.0275	-4.9959	99.9927	39.8471	0.8230	0.8253	5.0000	-9999.0000	-9999.0000	-9999.0000	-9999.0000	-9999.0000	-9999.0000	19.7208	8	0	43.7161	1.0000	99	9	-9999.0000	25279	35949	-9999	1012	941	-9999	578.3018	5	0.7145	0.7272	-0.0006	86.9408	1.4157	717.4360	426.5265	34.6991	677.4101	94.9769	711.4587	95.0463	716.8911	95.0463	721.7783	95.1620	
16/08/2017	00:33:19	011992	H421062309HLR	L421	S		693.2633	1.0292	10.0000	99.9215	39.9054	0.8430	0.8271	5.0000	18.3997	815.0774	95.0694	25.5791	23.5000	0.9300	0.9259	0.7237	-0.0004	815.0000	817.4010	1.0275	-4.9869	100.0114	39.6910	0.8230	0.8248	5.0000	-9999.0000	-9999.0000	-9999.0000	-9999.0000	-9999.0000	-9999.0000	20.1420	1	0	53.5586	1.0000	99	9	-9999.0000	25280	35950	-9999	1013	942	-9999	581.3385	5	0.7146	0.7237	-0.0004	86.8511	1.4115	726.5865	472.3065	35.3241	681.8133	94.8611	718.5214	94.8380	725.9825	94.6528	730.7156	94.9537	
16/08/2017	00:34:03	011992	H421062094HLR	L421	S		694.6857	1.0292	10.0000	100.0102	39.7659	0.8430	0.8267	5.0000	20.2704	815.0372	94.9537	24.0890	23.4000	0.9300	0.9259	0.7229	-0.0004	815.0000	815.7128	1.0275	-4.9961	100.0359	39.8427	0.8230	0.8252	5.0000	-9999.0000	-9999.0000	-9999.0000	-9999.0000	-9999.0000	-9999.0000	19.9614	2	0	44.2775	1.0000	99	9	-9999.0000	25281	35951	-9999	1014	943	-9999	581.9916	5	0.7143	0.7229	-0.0004	85.8726	1.4565	729.3834	415.6017	35.6019	681.6094	94.0741	722.6974	94.3981	728.6722	94.3750	734.2250	94.8611	
16/08/2017	00:34:44	011992	H421062097HLR	L421	S		696.7749	1.0292	10.0000	100.1108	39.9162	0.8430	0.8274	5.0000	18.9095	815.0488	94.9306	28.1387	23.3000	0.9300	0.9259	0.7286	-0.0006	815.0000	818.6891	1.0275	-4.9799	99.9681	39.6974	0.8230	0.8249	5.0000	-9999.0000	-9999.0000	-9999.0000	-9999.0000	-9999.0000	-9999.0000	19.7601	3	0	40.0290	1.0000	99	9	-9999.0000	25282	35951	-9999	1015	944	-9999	580.5938	5	0.7138	0.7286	-0.0006	103.1428	0.6812	723.8673	417.1615	34.3287	676.4470	94.0509	718.5999	94.2593	723.3615	94.2130	728.3047	94.8611	
16/08/2017	00:35:15	011992	H421062096HLR	L421	S		694.0219	1.0292	10.0000	100.1122	39.8176	0.8430	0.8269	5.0000	18.8496	815.0631	95.0231	23.5490	23.2000	0.9300	0.9260	0.7291	-0.0007	815.0000	818.1019	1.0275	-4.9831	99.9361	39.8653	0.8230	0.8254	5.0000	-9999.0000	-9999.0000	-9999.0000	-9999.0000	-9999.0000	-9999.0000	19.3462	4	0	32.0191	1.0000	99	9	-9999.0000	25282	35952	-9999	1016	945	-9999	581.9051	5	0.7136	0.7291	-0.0007	102.1765	0.7264	729.3265	481.9425	35.7176	682.4011	95.5556	721.0332	95.6713	728.6463	95.6481	733.7621	95.2778	
16/08/2017	00:35:49	011992	H421062144HLR	L421	S		696.9412	1.0292	10.0000	100.0980	39.8515	0.8430	0.8273	5.0000	18.8791	815.0605	95.0463	22.2785	23.2000	0.9300	0.9261	0.7289	-0.0007	815.0000	816.8340	1.0275	-4.9900	99.9537	39.6880	0.8230	0.8252	5.0000	-9999.0000	-9999.0000	-9999.0000	-9999.0000	-9999.0000	-9999.0000	19.5461	5	0	34.0984	1.0000	99	9	-9999.0000	25282	35952	-9999	1017	946	-9999	582.2964	5	0.7134	0.7289	-0.0007	104.0832	0.6707	730.6420	493.2678	36.7130	687.5722	95.5787	722.8249	94.2361	729.8306	94.1898	737.1089	94.8611	
16/08/2017	00:36:21	011992	H421062307HLR	L421	S		693.5347	1.0292	10.0000	100.0699	39.8433	0.8430	0.8270	5.0000	18.7287	815.0438	95.0000	26.7285	23.2000	0.9300	0.9262	0.7291	-0.0007	815.0000	816.2025	1.0275	-4.9934	99.9992	39.8399	0.8230	0.8254	5.0000	-9999.0000	-9999.0000	-9999.0000	-9999.0000	-9999.0000	-9999.0000	19.7094	6	0	31.1591	1.0000	99	9	-9999.0000	25282	35953	-9999	1018	947	-9999	579.9128	5	0.7128	0.7291	-0.0007	107.1093	0.5491	723.1745	430.4118	35.1620	683.5486	95.5324	715.6917	93.6343	722.4811	93.8889	728.5471	94.8843	
16/08/2017	00:36:53	011992	H421062265HLR	L421	S		690.9881	1.0292	10.0000	100.0760	39.8443	0.8430	0.8272	5.0000	18.7894	815.0722	95.0231	27.2392	23.4000	0.9300	0.9264	0.7261	-0.0006	815.0000	814.9240	1.0275	-4.9873	100.0318	39.7353	0.8230	0.8249	5.0000	-9999.0000	-9999.0000	-9999.0000	-9999.0000	-9999.0000	-9999.0000	19.6992	7	0	32.1189	1.0000	01	4	-9999.0000	25283	35953	-9999	1019	948	-9999	579.3719	5	0.7122	0.7261	-0.0006	115.7426	0.2250	721.0359	488.0047	40.0000	682.8878	96.2500	715.0122	94.3287	720.4975	94.3750	726.1214	95.0694	
16/08/2017	00:37:25	011992	H421060739HLR	L421	S		703.6759	1.0292	10.0000	100.0782	39.8273	0.8430	0.8271	5.0000	18.7093	815.0683	95.0231	21.2786	23.6000	0.9300	0.9265	0.7255	-0.0006	815.0000	814.9493	1.0275	-4.9915	100.2522	39.7617	0.8230	0.8254	5.0000	-9999.0000	-9999.0000	-9999.0000	-9999.0000	-9999.0000	-9999.0000	19.5499	8	0	32.2391	1.0000	01	4	-9999.0000	25283	35954	-9999	1020	949	-9999	582.2545	5	0.7129	0.7255	-0.0006	104.2003	0.6715	737.1029	438.1443	37.2222	693.4997	96.2731	728.9589	94.3981	736.3356	94.4907	742.2360	94.8843	
16/08/2017	00:37:56	011992	H421060730HLR	L421	S		698.2507	1.0292	10.0000	100.0767	39.8124	0.8430	0.8272	5.0000	18.8129	815.0763	94.9769	23.2298	23.7000	0.9300	0.9263	0.7256	-0.0006	815.0000	813.5483	1.0275	-4.7581	99.9435	39.8467	0.8230	0.8253	5.0000	-9999.0000	-9999.0000	-9999.0000	-9999.0000	-9999.0000	-9999.0000	19.4711	1	0	30.7780	1.0000	01	4	-9999.0000	25284	35955	-9999	1021	950	-9999	580.6606	5	0.7117	0.7256	-0.0006	105.7063	0.6100	728.7201	434.9269	36.3194	689.2841	96.2731	722.3412	94.0972	728.3312	94.1898	733.4336	95.0231	
16/08/2017	00:38:28	011992	H421060760HLR	L421	S		701.3467	1.0292	10.0000	100.0914	39.8000	0.8430	0.8272	5.0000	18.6389	815.0590	94.9769	20.3391	23.8000	0.9300	0.9263	0.7258	-0.0006	815.0000	813.7026	1.0275	-4.7838	100.0527	39.7226	0.8230	0.8250	5.0000	-9999.0000	-9999.0000	-9999.0000	-9999.0000	-9999.0000	-9999.0000	19.7643	2	0	32.3196	1.0000	01	4	-9999.0000	25285	35956	-9999	1022	951	-9999	582.0462	5	0.7114	0.7258	-0.0006	109.1309	0.4785	737.8672	437.4157	34.8611	694.7122	96.5046	731.0309	94.0741	737.2703	94.0972	743.6474	95.1157	
16/08/2017	00:39:03	011992	H421061151HLR	L421	S		703.5312	1.0292	10.0000	100.1080	39.8503	0.8430	0.8271	5.0000	18.9691	815.1017	95.0000	21.2795	23.8000	0.9300	0.9263	0.7260	-0.0006	815.0000	813.9661	1.0275	-4.8277	100.0967	39.8455	0.8230	0.8254	5.0000	-9999.0000	-9999.0000	-9999.0000	-9999.0000	-9999.0000	-9999.0000	19.9209	3	0	35.3288	1.0000	01	4	-9999.0000	25286	35957	-9999	1023	952	-9999	581.8862	5	0.7122	0.7260	-0.0006	107.8746	0.5277	735.7898	476.6892	35.2546	693.1160	96.8981	729.1074	94.5833	735.0258	94.6065	741.4108	95.0926	
16/08/2017	00:39:33	011992	H421060756HLR	L421	S		702.9602	1.0292	10.0000	100.0445	39.7792	0.8430	0.8266	5.0000	20.2795	815.0609	95.0231	21.5090	23.9000	0.9300	0.9263	0.7273	-0.0006	815.0000	813.5010	1.0275	-4.7502	100.0308	39.7960	0.8230	0.8248	5.0000	-9999.0000	-9999.0000	-9999.0000	-9999.0000	-9999.0000	-9999.0000	19.8993	4	0	29.9183	1.0000	01	4	-9999.0000	25287	35958	-9999	1024	953	-9999	581.8571	5	0.7125	0.7273	-0.0006	66.2200	2.1152	736.8619	477.2841	38.0556	694.1475	96.8056	729.9268	94.5833	736.2687	94.6759	741.7691	95.0926	
16/08/2017	00:40:06	011992	H421060736HLR	L421	S		705.7653	1.0292	10.0000	100.0673	39.8353	0.8430	0.8271	5.0000	19.0588	815.0521	94.9769	19.9895	24.0000	0.9300	0.9262	0.7283	-0.0006	815.0000	814.3713	1.0275	-4.8952	100.0484	39.7804	0.8230	0.8253	5.0000	-9999.0000	-9999.0000	-9999.0000	-9999.0000	-9999.0000	-9999.0000	19.7794	5	0	32.9284	1.0000	01	4	-9999.0000	25288	35959	-9999	1025	954	-9999	582.8700	5	0.7130	0.7283	-0.0006	75.5796	1.7646	740.5257	445.6934	36.8056	699.6285	96.7130	733.0904	94.3750	739.7706	94.4676	746.7350	95.1157	
16/08/2017	00:40:39	011992	H421060747HLR	L421	S		700.4454	1.0292	10.0000	100.0917	39.8615	0.8430	0.8270	5.0000	18.9797	815.0907	95.0000	21.5685	24.0000	0.9300	0.9262	0.7288	-0.0007	815.0000	813.7085	1.0275	-4.7848	100.0384	39.8371	0.8230	0.8252	5.0000	-9999.0000	-9999.0000	-9999.0000	-9999.0000	-9999.0000	-9999.0000	19.7107	6	0	32.6989	1.0000	01	4	-9999.0000	25289	35960	-9999	1026	955	-9999	582.2586	5	0.7132	0.7288	-0.0007	64.6344	2.1752	735.7596	433.0941	36.6898	693.2116	96.8056	729.3439	94.5602	735.0442	94.6528	741.1715	95.0463	
16/08/2017	00:41:13	011992	H421060749HLR	L421	S		701.6547	1.0292	10.0000	100.1161	39.8000	0.8430	0.8270	5.0000	18.7784	815.0497	95.0000	24.5294	24.0000	0.9300	0.9261	0.7294	-0.0007	815.0000	813.4587	1.0275	-4.7431	99.9646	39.7888	0.8230	0.8251	5.0000	-9999.0000	-9999.0000	-9999.0000	-9999.0000	-9999.0000	-9999.0000	19.5908	7	0	33.5290	1.0000	01	4	-9999.0000	25290	35961	-9999	1027	956	-9999	580.6766	5	0.7135	0.7294	-0.0007	63.3325	2.2240	732.4440	479.5645	37.9630	690.9514	96.9676	724.6624	94.7685	731.6362	94.8611	737.3907	95.1620	
16/08/2017	00:41:42	011992	H421060754HLR	L421	S		708.9657	1.0292	10.0000	100.1273	39.8926	0.8430	0.8272	5.0000	18.8499	815.0868	94.9537	19.1497	24.0000	0.9300	0.9261	0.7296	-0.0007	815.0000	814.6099	1.0275	-4.9350	99.9798	39.8078	0.8230	0.8251	5.0000	-9999.0000	-9999.0000	-9999.0000	-9999.0000	-9999.0000	-9999.0000	19.9573	8	0	29.8739	1.0000	01	4	-9999.0000	25291	35962	-9999	1028	957	-9999	583.8077	5	0.7137	0.7296	-0.0007	64.7014	2.1704	746.4721	495.4955	38.8889	704.0125	97.5694	738.4601	95.4167	745.5609	95.4861	752.7006	95.3241	
16/08/2017	00:42:07	011992	H421060724HLR	L421	S		703.9475	1.0292	10.0000	100.1076	39.8499	0.8430	0.8270	5.0000	18.8294	815.0971	95.0000	22.0294	24.0000	0.9300	0.9261	0.7300	-0.0007	815.0000	814.1991	1.0275	-4.8665	100.1250	39.8240	0.8230	0.8249	5.0000	-9999.0000	-9999.0000	-9999.0000	-9999.0000	-9999.0000	-9999.0000	20.2014	1	0	25.0943	1.0000	01	4	-9999.0000	25292	35963	-9999	1029	958	-9999	582.2384	5	0.7139	0.7300	-0.0007	65.9130	2.1260	734.8794	437.7926	37.4074	695.7874	96.7361	727.6239	94.3750	734.2133	94.4676	739.9473	95.2083	
16/08/2017	00:42:44	011992	H421060670HLR	L421	S		700.7235	1.0292	10.0000	100.1117	39.8000	0.8430	0.8270	5.0000	18.9799	815.0485	95.0231	21.9289	24.0000	0.9300	0.9261	0.7296	-0.0007	815.0000	814.6692	1.0275	-4.9449	99.9309	39.7559	0.8230	0.8249	5.0000	-9999.0000	-9999.0000	-9999.0000	-9999.0000	-9999.0000	-9999.0000	19.9684	2	0	36.3381	1.0000	01	4	-9999.0000	25293	35964	-9999	1030	959	-9999	582.2930	5	0.7140	0.7296	-0.0007	65.6129	2.1374	736.8332	515.4971	38.1019	692.6663	97.4769	729.0004	95.2315	736.2050	95.3009	743.0643	95.2546	
16/08/2017	00:43:14	011992	H421060753HLR	L421	S		700.2784	1.0292	10.0000	100.1391	39.9351	0.8430	0.8273	5.0000	18.7041	815.0598	94.9769	22.6193	24.1000	0.9300	0.9261	0.7284	-0.0006	815.0000	814.8827	1.0275	-4.9805	99.9373	39.8311	0.8230	0.8252	5.0000	-9999.0000	-9999.0000	-9999.0000	-9999.0000	-9999.0000	-9999.0000	19.5207	3	0	30.2088	1.0000	01	4	-9999.0000	25294	35965	-9999	1031	960	-9999	582.1037	5	0.7146	0.7284	-0.0006	65.8405	2.1344	736.1244	439.1150	34.0046	690.4801	96.5046	727.4624	94.9769	735.4590	95.0231	741.0367	95.1852	
16/08/2017	00:43:49	011992	H421060718HLR	L421	S		706.9306	1.0292	10.0000	100.0889	39.8188	0.8430	0.8267	5.0000	19.6763	815.0974	95.0000	19.1194	24.1000	0.9300	0.9261	0.7258	-0.0005	815.0000	813.8816	1.0275	-4.8136	100.0538	39.8291	0.8230	0.8248	5.0000	-9999.0000	-9999.0000	-9999.0000	-9999.0000	-9999.0000	-9999.0000	19.6821	4	0	35.2594	1.0000	01	4	-9999.0000	25295	35966	-9999	1032	961	-9999	584.0403	5	0.7151	0.7258	-0.0005	86.1717	1.1535	745.1581	465.6958	37.4537	697.6277	96.7824	735.9897	95.2083	744.3937	95.2083	749.6414	95.2083	
16/08/2017	00:44:56	011992	H421060696HLR	L421	S		698.0236	1.0292	10.0000	100.1371	39.9311	0.8430	0.8271	5.0000	18.8890	815.0771	94.9769	25.4795	24.0000	0.9300	0.9261	0.7253	-0.0005	815.0000	815.4447	1.0275	-4.9976	100.0195	39.7204	0.8230	0.8247	5.0000	-9999.0000	-9999.0000	-9999.0000	-9999.0000	-9999.0000	-9999.0000	20.0192	6	0	31.3289	1.0000	01	4	-9999.0000	25297	35967	-9999	1034	962	-9999	581.2865	5	0.7151	0.7253	-0.0005	86.7288	1.1370	732.1848	423.9240	35.6019	681.2488	95.2083	724.5500	95.1852	731.4924	95.4167	737.2672	95.3935	
16/08/2017	00:45:29	011992	H421060692HLR	L421	S		705.2603	1.0292	10.0000	100.1064	39.8327	0.8430	0.8268	5.0000	18.8902	815.0835	94.9769	19.3196	24.1000	0.9300	0.9262	0.7279	-0.0006	815.0000	813.3235	1.0275	-4.7206	100.0076	39.8116	0.8230	0.8255	5.0000	-9999.0000	-9999.0000	-9999.0000	-9999.0000	-9999.0000	-9999.0000	20.3193	7	0	33.0886	1.0000	01	4	-9999.0000	25298	35968	-9999	1035	963	-9999	583.8095	5	0.7154	0.7279	-0.0006	76.9408	1.5821	745.8108	424.6123	34.5139	693.3906	95.9722	736.3464	95.8102	745.0737	95.8102	750.2115	95.3472	
16/08/2017	00:45:59	011992	H421060703HLR	L421	S		700.5069	1.0292	10.0000	100.1337	39.8782	0.8430	0.8271	5.0000	19.1399	815.0631	95.0231	24.4991	24.1000	0.9300	0.9260	0.7279	-0.0006	815.0000	813.9975	1.0275	-4.8329	100.0050	39.8337	0.8230	0.8249	5.0000	-9999.0000	-9999.0000	-9999.0000	-9999.0000	-9999.0000	-9999.0000	20.2716	8	0	30.1997	1.0000	01	4	-9999.0000	25299	35969	-9999	1036	964	-9999	581.6122	5	0.7154	0.7279	-0.0006	76.9408	1.5821	730.6865	433.4143	33.4954	684.6241	96.0417	724.4650	94.9306	730.2017	94.9537	734.6869	95.0926	
16/08/2017	00:46:34	011992	H421060680HLR	L421	S		699.9223	1.0292	10.0000	100.1162	39.8729	0.8430	0.8270	5.0000	18.8684	815.0536	94.9537	24.2091	24.1000	0.9300	0.9260	0.7282	-0.0006	815.0000	814.5084	1.0275	-4.9181	99.9128	39.6665	0.8230	0.8248	5.0000	-9999.0000	-9999.0000	-9999.0000	-9999.0000	-9999.0000	-9999.0000	19.8857	1	0	35.2384	1.0000	01	4	-9999.0000	25300	35969	-9999	1037	965	-9999	581.7514	5	0.7152	0.7282	-0.0006	77.6238	1.5492	732.4634	450.7609	36.0880	691.7876	97.0602	725.2021	94.6528	731.7360	94.7685	737.4914	95.1620	
16/08/2017	00:47:05	011992	H421060679HLR	L421	S		704.6694	1.0292	10.0000	100.0990	39.8555	0.8430	0.8268	5.0000	19.5089	815.0674	95.0463	20.5090	24.1000	0.9300	0.9261	0.7299	-0.0007	815.0000	815.2199	1.0275	-4.9988	99.9868	39.8808	0.8230	0.8256	5.0000	-9999.0000	-9999.0000	-9999.0000	-9999.0000	-9999.0000	-9999.0000	19.4998	2	0	31.0086	1.0000	01	4	-9999.0000	25300	35970	-9999	1038	966	-9999	583.5508	5	0.7154	0.7299	-0.0007	78.6356	1.5059	740.7830	456.3047	37.2685	693.3344	96.2500	732.8266	95.7639	739.8867	95.7639	746.3056	95.3704	
16/08/2017	00:47:38	011992	H421060664HLR	L421	S		704.6382	1.0292	10.0000	100.1749	39.8485	0.8430	0.8272	5.0000	18.8188	815.0362	95.0231	22.1691	24.1000	0.9300	0.9260	0.7298	-0.0007	815.0000	815.2982	1.0275	-4.9984	99.9577	39.7511	0.8230	0.8247	5.0000	-9999.0000	-9999.0000	-9999.0000	-9999.0000	-9999.0000	-9999.0000	19.5490	3	0	33.1686	1.0000	01	4	-9999.0000	25301	35971	-9999	1038	967	-9999	582.7980	5	0.7153	0.7298	-0.0007	81.1899	1.3793	736.6994	470.4897	36.4352	694.0602	96.7824	729.1483	94.3750	736.0759	94.3981	743.1875	95.0694	
16/08/2017	00:48:10	011992	H421060676HLR	L421	S		702.3822	1.0292	10.0000	100.0824	39.8776	0.8430	0.8271	5.0000	19.0092	815.0703	94.9769	19.4094	24.1000	0.9300	0.9260	0.7295	-0.0006	815.0000	814.5508	1.0275	-4.9251	99.9675	39.7602	0.8230	0.8254	5.0000	-9999.0000	-9999.0000	-9999.0000	-9999.0000	-9999.0000	-9999.0000	19.5735	4	0	31.1991	1.0000	01	4	-9999.0000	25302	35972	-9999	1039	968	-9999	584.4944	5	0.7152	0.7295	-0.0006	80.1532	1.4149	740.8125	479.6649	37.2222	697.1491	96.9213	733.0057	94.7685	740.0256	94.8611	746.2233	95.0694	
16/08/2017	00:48:44	011992	H421061063HLR	L421	S		697.1568	1.0292	10.0000	99.9933	39.8162	0.8430	0.8265	5.0000	20.8047	815.0325	95.0000	24.4083	24.2000	0.9300	0.9260	0.7292	-0.0006	815.0000	815.2589	1.0275	-4.9986	99.9211	39.9158	0.8230	0.8253	5.0000	-9999.0000	-9999.0000	-9999.0000	-9999.0000	-9999.0000	-9999.0000	19.2986	5	0	34.2486	1.0000	01	4	-9999.0000	25303	35973	-9999	1040	969	-9999	581.7946	5	0.7154	0.7292	-0.0006	78.3835	1.5155	728.1946	429.1105	35.9722	686.8920	96.7593	720.9371	94.5602	727.4662	94.6528	733.2163	95.0694	
16/08/2017	00:49:17	011992	H421060709HLR	L421	S		705.5550	1.0292	10.0000	100.1013	39.8267	0.8430	0.8270	5.0000	18.9808	815.0510	94.9769	19.8294	24.3000	0.9300	0.9261	0.7300	-0.0007	815.0000	814.3392	1.0275	-4.8899	100.0757	39.6505	0.8230	0.8248	5.0000	-9999.0000	-9999.0000	-9999.0000	-9999.0000	-9999.0000	-9999.0000	19.6494	6	0	32.8969	1.0000	01	4	-9999.0000	25304	35974	-9999	1041	970	-9999	584.1315	5	0.7152	0.7300	-0.0007	81.2165	1.3890	742.3288	466.3569	37.0602	698.1209	97.2454	735.0792	95.1389	741.7641	95.2083	747.9141	95.2083	
16/08/2017	00:49:52	011992	H421060699HLR	L421	S		704.6495	1.0292	10.0000	100.1298	39.9303	0.8430	0.8270	5.0000	18.9290	815.0757	95.0000	22.1389	24.3000	0.9300	0.9261	0.7308	-0.0007	815.0000	815.0012	1.0275	-5.0000	100.0106	39.9463	0.8230	0.8255	5.0000	-9999.0000	-9999.0000	-9999.0000	-9999.0000	-9999.0000	-9999.0000	20.2627	7	0	35.4126	1.0000	01	4	-9999.0000	25305	35975	-9999	1042	971	-9999	583.1349	5	0.7154	0.7308	-0.0007	86.0844	1.1925	740.5438	481.9955	36.3657	698.5720	97.2222	732.5366	94.9074	739.9647	94.9537	745.9457	95.1620	
16/08/2017	00:50:26	011992	H421060701HLR	L421	S		705.6722	1.0292	10.0000	100.1609	39.7960	0.8430	0.8269	5.0000	18.8540	815.0370	94.9769	20.1995	24.3000	0.9300	0.9261	0.7310	-0.0007	815.0000	814.7153	1.0275	-4.9525	100.0699	39.6864	0.8230	0.8245	5.0000	-9999.0000	-9999.0000	-9999.0000	-9999.0000	-9999.0000	-9999.0000	20.4153	8	0	33.7972	1.0000	01	4	-9999.0000	25306	35976	-9999	1043	972	-9999	584.1055	5	0.7153	0.7310	-0.0007	83.0664	1.3324	742.3038	462.4258	37.2222	700.6509	97.0833	734.7308	94.9537	741.4442	95.0000	747.4298	95.1389	
16/08/2017	00:50:56	011992	H421061423HLR	L421	S		697.3810	1.0292	10.0000	100.1184	39.9000	0.8430	0.8272	5.0000	18.9105	815.0399	94.9537	23.1388	24.4000	0.9300	0.9260	0.7314	-0.0007	815.0000	813.1008	1.0275	-4.6835	99.9891	39.8525	0.8230	0.8255	5.0000	-9999.0000	-9999.0000	-9999.0000	-9999.0000	-9999.0000	-9999.0000	20.0515	1	0	30.4189	1.0000	01	4	-9999.0000	25307	35977	-9999	1044	973	-9999	582.4953	5	0.7156	0.7314	-0.0007	80.9248	1.4063	729.1786	460.8257	38.7731	687.5853	97.0370	721.7829	94.9537	728.3981	95.0000	734.3844	95.1852	
16/08/2017	00:51:30	011992	H421061410HLR	L421	S		702.0499	1.0292	10.0000	100.1257	39.8625	0.8430	0.8269	5.0000	18.9295	815.0462	95.0000	21.8400	24.5000	0.9300	0.9261	0.7315	-0.0007	815.0000	813.6562	1.0275	-4.7760	100.0658	39.8052	0.8230	0.8247	5.0000	-9999.0000	-9999.0000	-9999.0000	-9999.0000	-9999.0000	-9999.0000	20.3298	2	0	33.6286	1.0000	01	4	-9999.0000	25308	35978	-9999	1045	974	-9999	583.4925	5	0.7154	0.7315	-0.0007	84.2264	1.2636	741.3667	410.4398	36.0185	691.7937	96.5046	729.4182	96.2500	736.6357	96.2731	743.5627	95.1389	
16/08/2017	00:52:04	011992	H421061430HLR	L421	S		701.9637	1.0292	10.0000	100.1468	39.8212	0.8430	0.8271	5.0000	18.9811	815.0583	94.9537	24.1983	24.6000	0.9300	0.9260	0.7315	-0.0007	815.0000	813.0754	1.0275	-4.6792	100.0086	39.7432	0.8230	0.8252	5.0000	-9999.0000	-9999.0000	-9999.0000	-9999.0000	-9999.0000	-9999.0000	19.5511	3	0	34.1591	1.0000	01	4	-9999.0000	25309	35979	-9999	1046	975	-9999	581.9611	5	0.7158	0.7315	-0.0007	87.6813	1.0656	727.9432	442.5507	37.1991	691.3686	95.4630	721.0567	93.4954	727.2938	93.5880	732.7907	94.9306	
16/08/2017	00:52:39	011992	H421060675HLR	L421	S		703.7938	1.0292	10.0000	99.9994	39.9054	0.8430	0.8272	5.0000	18.5095	815.0396	95.0000	22.5490	24.6000	0.9300	0.9260	0.7298	-0.0006	815.0000	813.9958	1.0275	-4.8326	100.0550	39.9565	0.8230	0.8253	5.0000	-9999.0000	-9999.0000	-9999.0000	-9999.0000	-9999.0000	-9999.0000	19.9996	4	0	34.4781	1.0000	01	4	-9999.0000	25310	35979	-9999	1047	976	-9999	582.9834	5	0.7157	0.7298	-0.0006	85.6142	1.2041	733.9134	376.8613	36.0880	692.1633	95.0926	725.4250	94.1204	733.0211	94.1435	739.3462	94.8148	
16/08/2017	00:53:14	011992	H421060685HLR	L421	S		707.3106	1.0292	10.0000	100.1683	39.8610	0.8430	0.8270	5.0000	18.9835	815.0693	94.9306	19.2093	24.7000	0.9300	0.9260	0.7315	-0.0007	815.0000	812.7049	1.0275	-4.6175	99.9864	39.7174	0.8230	0.8249	5.0000	-9999.0000	-9999.0000	-9999.0000	-9999.0000	-9999.0000	-9999.0000	19.6995	5	0	35.1685	1.0000	01	4	-9999.0000	25310	35980	-9999	1048	977	-9999	584.8117	5	0.7159	0.7315	-0.0007	80.5287	1.4431	741.8948	436.4692	35.0231	700.1165	95.4398	733.9720	94.5602	741.3128	94.5833	748.1797	94.9537	
16/08/2017	00:53:49	011992	H421061442HLR	L421	S		701.4573	1.0292	10.0000	100.1315	39.8291	0.8430	0.8271	5.0000	19.3015	815.0361	95.0000	22.5792	24.7000	0.9300	0.9259	0.7272	-0.0005	815.0000	813.1239	1.0275	-4.6873	100.0506	39.9070	0.8230	0.8255	5.0000	-9999.0000	-9999.0000	-9999.0000	-9999.0000	-9999.0000	-9999.0000	20.0884	6	0	34.7432	1.0000	01	4	-9999.0000	25311	35981	-9999	1049	978	-9999	582.8682	5	0.7161	0.7272	-0.0005	102.3493	0.3910	730.3431	405.8875	35.9259	694.4934	95.7176	725.0886	93.4954	730.0122	93.6111	737.4144	95.0231	
16/08/2017	00:54:23	011992	H421061416HLR	L421	S		701.6721	1.0292	10.0000	100.1401	39.9064	0.8430	0.8272	5.0000	18.7894	815.0604	94.9769	23.1583	24.6000	0.9300	0.9258	0.7280	-0.0005	815.0000	812.5888	1.0275	-4.5981	99.9390	39.7691	0.8230	0.8247	5.0000	-9999.0000	-9999.0000	-9999.0000	-9999.0000	-9999.0000	-9999.0000	20.1978	7	0	34.6448	1.0000	01	4	-9999.0000	25312	35982	-9999	1050	979	-9999	583.1261	5	0.7161	0.7280	-0.0005	103.1382	0.3448	734.6189	423.7951	38.2639	696.4175	95.8333	727.3021	93.7269	733.7030	93.8194	739.1579	95.0463	
16/08/2017	00:54:56	011992	H421061433HLR	L421	S		697.8894	1.0292	10.0000	100.1272	39.8641	0.8430	0.8270	5.0000	18.7468	815.0757	94.9306	23.3800	24.6000	0.9300	0.9257	0.7306	-0.0006	815.0000	814.5117	1.0275	-4.9186	100.0421	39.8016	0.8230	0.8252	5.0000	-9999.0000	-9999.0000	-9999.0000	-9999.0000	-9999.0000	-9999.0000	20.5985	8	0	32.5600	1.0000	01	4	-9999.0000	25313	35983	-9999	1051	980	-9999	583.1370	5	0.7166	0.7306	-0.0006	82.7158	1.3141	735.1313	471.0540	38.0324	691.0059	96.5046	727.2296	95.0926	734.4456	95.0926	740.4711	95.1157	
16/08/2017	00:55:31	011992	H421061432HLR	L421	S		701.3846	1.0292	10.0000	100.1180	39.8222	0.8430	0.8270	5.0000	19.4957	815.0294	94.9306	23.8888	24.6000	0.9300	0.9257	0.7317	-0.0007	815.0000	814.1007	1.0275	-4.8501	99.9961	39.8528	0.8230	0.8250	5.0000	-9999.0000	-9999.0000	-9999.0000	-9999.0000	-9999.0000	-9999.0000	20.0215	1	0	35.2591	1.0000	01	4	-9999.0000	25314	35984	-9999	1052	981	-9999	582.9868	5	0.7165	0.7317	-0.0007	74.2798	1.6804	733.8797	421.5463	34.8148	686.9024	94.4676	726.9768	95.5787	733.3361	95.5787	740.6765	95.2546	
16/08/2017	00:56:05	011992	H421061413HLR	L421	S		700.4931	1.0292	10.0000	100.0278	39.9192	0.8430	0.8270	5.0000	19.5697	815.0735	94.9306	23.3790	24.5000	0.9300	0.9257	0.7222	-0.0003	815.0000	814.4299	1.0275	-4.9050	99.8679	39.7270	0.8230	0.8249	5.0000	-9999.0000	-9999.0000	-9999.0000	-9999.0000	-9999.0000	-9999.0000	19.9804	2	0	33.9079	1.0000	01	4	-9999.0000	25315	35984	-9999	1053	982	-9999	583.4034	5	0.7169	0.7222	-0.0003	93.6001	0.7586	732.1302	423.9651	33.6574	680.7251	94.1204	725.3021	95.1157	731.5187	95.0463	737.2154	95.2315	
16/08/2017	00:56:41	011992	H421061427HLR	L421	S		700.6906	1.0292	10.0000	100.0291	39.8459	0.8430	0.8270	5.0000	18.8186	815.0535	94.9537	23.6788	24.4000	0.9300	0.9257	0.7223	-0.0003	815.0000	815.4643	1.0275	-4.9975	100.0709	39.8797	0.8230	0.8253	5.0000	-9999.0000	-9999.0000	-9999.0000	-9999.0000	-9999.0000	-9999.0000	19.9582	3	0	36.5789	1.0000	01	4	-9999.0000	25315	35985	-9999	1054	983	-9999	583.8258	5	0.7168	0.7223	-0.0003	77.5973	1.5100	737.0563	457.9785	36.5741	686.4600	95.0231	731.2653	95.1852	736.4152	95.1620	742.7934	95.1852	
16/08/2017	00:57:18	011992	H421061436HLR	L421	S		703.5130	1.0292	10.0000	100.1034	39.8489	0.8430	0.8272	5.0000	19.0578	815.0630	95.0231	21.4192	24.4000	0.9300	0.9257	0.7232	-0.0003	815.0000	815.9707	1.0275	-4.9947	100.0050	39.7299	0.8230	0.8248	5.0000	-9999.0000	-9999.0000	-9999.0000	-9999.0000	-9999.0000	-9999.0000	20.1596	4	0	36.9077	1.0000	01	4	-9999.0000	25316	35985	-9999	1055	984	-9999	584.2351	5	0.7168	0.7232	-0.0003	79.8507	1.4067	744.4685	423.8246	35.4398	694.2212	94.2824	737.6309	95.0463	744.0902	95.0926	749.4411	95.1852	
16/08/2017	00:57:53	011992	H421061131HLR	L421	S		698.6911	1.0292	10.0000	100.0249	39.8545	0.8430	0.8266	5.0000	20.8021	815.0923	94.8611	24.1788	24.3000	0.9300	0.9257	0.7335	-0.0007	815.0000	817.0578	1.0275	-4.9888	99.9754	39.8435	0.8230	0.8252	5.0000	-9999.0000	-9999.0000	-9999.0000	-9999.0000	-9999.0000	-9999.0000	20.1186	5	0	33.9090	1.0000	01	4	-9999.0000	25316	35986	-9999	1056	985	-9999	583.7353	5	0.7168	0.7335	-0.0007	75.2941	1.6115	734.8643	364.2605	33.2870	689.2487	94.4213	729.5197	94.3287	734.2908	94.3519	739.5985	94.9537	
16/08/2017	00:58:27	011992	H421061160HLR	L421	S		699.7660	1.0292	10.0000	100.0920	39.8210	0.8430	0.8271	5.0000	18.9693	815.0551	94.9769	22.9591	24.2000	0.9300	0.9257	0.7336	-0.0007	815.0000	817.3095	1.0275	-4.9874	100.0653	39.6717	0.8230	0.8243	5.0000	-9999.0000	-9999.0000	-9999.0000	-9999.0000	-9999.0000	-9999.0000	22.4004	6	0	35.0788	1.0000	01	4	-9999.0000	25317	35987	-9999	1057	986	-9999	584.0849	5	0.7167	0.7336	-0.0007	74.9196	1.6212	734.8344	465.0499	35.3935	691.6952	96.1574	727.0098	95.4630	734.2220	95.4630	740.5915	95.2546	
16/08/2017	00:59:01	011992	H421061149HLR	L421	S		699.3416	1.0292	10.0000	100.0964	39.8900	0.8430	0.8271	5.0000	18.9095	815.0432	94.9306	24.9083	24.1000	0.9300	0.9257	0.7342	-0.0008	815.0000	816.1206	1.0275	-4.9939	99.9593	39.8355	0.8230	0.8255	5.0000	-9999.0000	-9999.0000	-9999.0000	-9999.0000	-9999.0000	-9999.0000	19.6917	7	0	33.9386	1.0000	01	4	-9999.0000	25318	35988	-9999	1058	987	-9999	582.8743	5	0.7166	0.7342	-0.0008	78.2354	1.4831	729.7495	422.6588	35.4861	684.4652	95.4861	723.9522	94.9537	729.2298	95.0694	735.3980	95.0463	
16/08/2017	00:59:36	011992	H421061146HLR	L421	S		699.7891	1.0292	10.0000	99.9190	39.7809	0.8430	0.8265	5.0000	20.9596	815.0419	95.0231	25.8487	24.0000	0.9300	0.9257	0.7352	-0.0008	815.0000	816.4962	1.0275	-4.9918	100.0078	39.8326	0.8230	0.8250	5.0000	-9999.0000	-9999.0000	-9999.0000	-9999.0000	-9999.0000	-9999.0000	19.5910	8	0	34.8115	1.0000	01	4	-9999.0000	25318	35989	-9999	1059	988	-9999	582.2590	5	0.7165	0.7352	-0.0008	66.9317	2.0123	728.3013	450.4141	34.8380	682.0536	95.4398	721.3431	95.4398	727.7256	95.3009	733.3762	95.1620	
16/08/2017	01:00:11	011992	H421061155HLR	L421	S		703.4242	1.0292	10.0000	100.0994	39.8970	0.8430	0.8272	5.0000	19.0373	815.0507	95.0694	22.8488	24.0000	0.9300	0.9257	0.7356	-0.0008	815.0000	817.7202	1.0275	-4.9852	99.9592	39.7244	0.8230	0.8253	5.0000	-9999.0000	-9999.0000	-9999.0000	-9999.0000	-9999.0000	-9999.0000	19.4566	1	0	34.6070	1.0000	01	4	-9999.0000	25319	35990	-9999	1060	989	-9999	584.0528	5	0.7163	0.7356	-0.0008	67.1624	2.0310	731.0926	431.3997	35.0463	686.0788	95.6713	722.8975	95.0926	730.4891	95.0694	736.0492	95.1157	
16/08/2017	01:00:49	011992	H421061147HLR	L421	S		700.6723	1.0292	10.0000	100.1181	39.8590	0.8430	0.8270	5.0000	19.0157	815.0736	94.8148	24.0187	23.9000	0.9300	0.9257	0.7290	-0.0006	815.0000	817.2538	1.0275	-4.9877	99.9985	39.8958	0.8230	0.8252	5.0000	-9999.0000	-9999.0000	-9999.0000	-9999.0000	-9999.0000	-9999.0000	20.0139	2	0	38.4379	1.0000	01	4	-9999.0000	25320	35991	-9999	1061	990	-9999	583.3605	5	0.7158	0.7290	-0.0006	81.1415	1.4313	727.3454	476.7657	38.1713	684.4570	96.2500	718.3695	94.7222	726.3536	94.6991	731.7592	95.0000	
16/08/2017	01:01:24	011992	H421061138HLR	L421	S		701.1846	1.0292	10.0000	100.1166	39.8000	0.8430	0.8272	5.0000	19.0377	815.0369	95.0000	22.3195	23.8000	0.9300	0.9258	0.7329	-0.0007	815.0000	817.0449	1.0275	-4.9888	99.9596	39.6776	0.8230	0.8249	5.0000	-9999.0000	-9999.0000	-9999.0000	-9999.0000	-9999.0000	-9999.0000	19.4089	3	0	34.8483	1.0000	01	4	-9999.0000	25321	35992	-9999	1062	991	-9999	583.9142	5	0.7154	0.7329	-0.0007	90.8818	1.0221	732.8228	468.1250	38.3102	689.8673	95.9259	726.3203	94.3056	732.0644	94.3287	738.6712	94.9537	
16/08/2017	01:01:58	011992	H421061121HLR	L421	S		701.6750	1.0292	10.0000	100.1064	39.9355	0.8430	0.8272	5.0000	18.8753	815.0585	94.9537	23.8088	23.8000	0.9300	0.9259	0.7282	-0.0006	815.0000	816.7650	1.0275	-4.9904	100.0489	39.8436	0.8230	0.8249	5.0000	-9999.0000	-9999.0000	-9999.0000	-9999.0000	-9999.0000	-9999.0000	21.5996	4	0	33.7490	1.0000	01	4	-9999.0000	25322	35993	-9999	1063	992	-9999	583.1432	5	0.7151	0.7282	-0.0006	92.3463	0.9676	727.1546	478.7591	37.4074	690.2200	96.1343	720.6220	94.3056	726.5299	94.3519	732.3377	94.9537	
16/08/2017	01:02:36	011992	H421063430HLR	L421	S		699.4605	1.0292	10.0000	99.9781	39.7541	0.8430	0.8264	5.0000	20.9798	815.0645	94.9306	23.0598	23.8000	0.9300	0.9260	0.7282	-0.0006	815.0000	819.4601	1.0275	-4.9757	100.0643	39.7367	0.8230	0.8250	5.0000	-9999.0000	-9999.0000	-9999.0000	-9999.0000	-9999.0000	-9999.0000	19.5731	5	0	38.6586	1.0000	99	9	-9999.0000	25323	35993	-9999	1064	993	-9999	583.1787	5	0.7149	0.7282	-0.0006	90.6524	1.0357	734.7801	401.8283	33.6806	679.6525	94.0741	726.8996	95.6019	733.9115	95.5787	740.3107	95.1852	
16/08/2017	01:03:12	011992	H421062961HLR	L421	S		694.5672	1.0292	10.0000	100.0571	39.9000	0.8430	0.8273	5.0000	18.8710	815.0340	94.9769	27.4697	23.9000	0.9300	0.9260	0.7266	-0.0005	815.0000	818.6942	1.0275	-4.9798	99.9505	39.8767	0.8230	0.8254	5.0000	-9999.0000	-9999.0000	-9999.0000	-9999.0000	-9999.0000	-9999.0000	19.4091	6	0	35.2295	1.0000	99	9	-9999.0000	25323	35994	-9999	1065	994	-9999	580.9614	5	0.7148	0.7266	-0.0005	95.3993	0.8602	726.9133	422.2743	34.4907	679.8038	95.2083	720.6272	94.9537	726.3289	94.9074	732.5411	95.0694	
16/08/2017	01:03:48	011992	H421062681HLR	L421	S		701.2255	1.0292	10.0000	100.0776	39.8613	0.8430	0.8268	5.0000	19.4295	815.0799	94.9537	23.5783	24.0000	0.9300	0.9260	0.7261	-0.0005	815.0000	817.8984	1.0275	-4.9842	100.0023	39.7351	0.8230	0.8247	5.0000	-9999.0000	-9999.0000	-9999.0000	-9999.0000	-9999.0000	-9999.0000	20.0440	7	0	35.8083	1.0000	99	9	-9999.0000	25324	35995	-9999	1066	995	-9999	582.5671	5	0.7145	0.7261	-0.0005	96.9452	0.7967	733.7665	394.2847	33.5417	682.3956	93.9120	727.8620	95.4630	733.2215	95.4861	739.1827	95.1157	
16/08/2017	01:04:20	011992	H421062981HLR	L421	S		698.4643	1.0292	10.0000	100.0910	39.8000	0.8430	0.8272	5.0000	18.8497	815.0414	95.0231	22.7395	24.0000	0.9300	0.9261	0.7250	-0.0005	815.0000	816.3162	1.0275	-4.9928	99.9505	39.8306	0.8230	0.8255	5.0000	-9999.0000	-9999.0000	-9999.0000	-9999.0000	-9999.0000	-9999.0000	19.8699	8	0	32.5984	1.0000	99	9	-9999.0000	25325	35996	-9999	1067	996	-9999	582.6554	5	0.7141	0.7250	-0.0005	100.1748	0.6824	736.1204	440.1144	34.4676	684.9911	94.5139	728.1384	95.6944	735.5286	95.5093	741.1062	95.3009	
16/08/2017	01:04:55	011992	H421062971HLR	L421	S		694.4656	1.0292	10.0000	100.0913	39.9260	0.8430	0.8273	5.0000	18.7591	815.0594	94.9769	27.4991	24.1000	0.9300	0.9260	0.7225	-0.0004	815.0000	816.4961	1.0275	-4.9918	99.9544	39.8170	0.8230	0.8248	5.0000	-9999.0000	-9999.0000	-9999.0000	-9999.0000	-9999.0000	-9999.0000	19.8829	1	0	34.5291	1.0000	99	9	-9999.0000	25326	35997	-9999	1068	997	-9999	580.7796	5	0.7135	0.7225	-0.0004	92.8769	1.0138	728.0962	442.2241	35.9259	681.7434	94.3519	721.0837	94.9769	727.4359	95.0694	731.7877	95.1389	
16/08/2017	01:05:28	011992	H421062902HLR	L421	S		699.1427	1.0292	10.0000	100.0852	39.8114	0.8430	0.8269	5.0000	19.3696	815.1176	95.0000	24.1291	24.1000	0.9300	0.9260	0.7227	-0.0004	815.0000	816.5319	1.0275	-4.9916	99.9643	39.7449	0.8230	0.8252	5.0000	-9999.0000	-9999.0000	-9999.0000	-9999.0000	-9999.0000	-9999.0000	19.9273	2	0	33.7736	1.0000	99	9	-9999.0000	25327	35997	-9999	1069	998	-9999	582.1260	5	0.7132	0.7227	-0.0004	96.7515	0.8428	739.2820	452.4014	37.7778	693.9947	95.8796	733.0811	95.2083	738.4797	95.1389	743.9780	95.0926	
16/08/2017	01:06:02	011992	H421062913HLR	L421	S		703.6006	1.0292	10.0000	100.1083	39.8826	0.8430	0.8273	5.0000	18.7430	815.0806	94.9537	24.6095	24.2000	0.9300	0.9260	0.7176	-0.0002	815.0000	817.7741	1.0275	-4.9849	100.1049	39.9236	0.8230	0.8251	5.0000	-9999.0000	-9999.0000	-9999.0000	-9999.0000	-9999.0000	-9999.0000	20.2292	3	0	33.4838	1.0000	99	9	-9999.0000	25327	35998	-9999	1070	999	-9999	581.8455	5	0.7132	0.7176	-0.0002	115.2132	0.0556	741.5202	469.5795	37.6620	699.0331	95.9028	734.6490	94.4213	740.9545	94.3981	746.3427	94.9074	
16/08/2017	01:06:37	011992	H421063411HLR	L421	S		699.4737	1.0292	10.0000	100.1048	39.8784	0.8430	0.8271	5.0000	19.1545	815.0490	95.0694	21.4690	24.3000	0.9300	0.9260	0.7278	-0.0006	815.0000	814.7360	1.0275	-4.9560	99.9993	39.6746	0.8230	0.8247	5.0000	-9999.0000	-9999.0000	-9999.0000	-9999.0000	-9999.0000	-9999.0000	19.9028	4	0	35.2390	1.0000	99	9	-9999.0000	25328	35998	-9999	1071	1000	-9999	582.0527	5	0.7129	0.7278	-0.0006	88.3126	1.2152	746.0446	444.9691	36.9444	703.0551	95.8796	737.5082	94.6296	745.0902	94.8380	751.1078	95.0926	
16/08/2017	01:07:08	011992	H421063402HLR	L421	S		700.5293	1.0292	10.0000	100.1576	39.8391	0.8430	0.8272	5.0000	18.7554	815.0554	94.9769	23.4787	24.2000	0.9300	0.9259	0.7300	-0.0007	815.0000	816.2427	1.0275	-4.9932	99.9398	39.9315	0.8230	0.8258	5.0000	-9999.0000	-9999.0000	-9999.0000	-9999.0000	-9999.0000	-9999.0000	19.2496	5	0	31.2696	1.0000	99	9	-9999.0000	25328	35999	-9999	1072	1001	-9999	581.6937	5	0.7128	0.7300	-0.0007	84.1395	1.3965	733.7423	439.1344	37.1759	690.0401	95.8102	725.9021	95.3935	733.2110	95.3472	738.6346	95.3009	
16/08/2017	01:07:41	011992	H421062974HLR	L421	S		696.9055	1.0292	10.0000	100.1007	39.8709	0.8430	0.8271	5.0000	19.2591	815.0820	94.9306	22.8889	24.2000	0.9300	0.9259	0.7291	-0.0007	815.0000	816.2564	1.0275	-4.9931	99.9519	39.7830	0.8230	0.8248	5.0000	-9999.0000	-9999.0000	-9999.0000	-9999.0000	-9999.0000	-9999.0000	19.1488	6	0	32.3793	1.0000	99	9	-9999.0000	25329	36000	-9999	1073	1002	-9999	581.8874	5	0.7126	0.7291	-0.0007	87.5133	1.2527	734.6732	461.0951	36.4120	689.1547	96.5972	726.2495	95.0926	734.1357	95.1389	739.5928	95.1852	
16/08/2017	01:08:15	011992	H421063431HLR	L421	S		700.0528	1.0292	10.0000	100.1136	39.8846	0.8430	0.8271	5.0000	18.9300	815.0695	95.0000	22.2990	24.2000	0.9300	0.9259	0.7288	-0.0007	815.0000	812.2937	1.0275	-4.5490	99.9263	39.7623	0.8230	0.8253	5.0000	-9999.0000	-9999.0000	-9999.0000	-9999.0000	-9999.0000	-9999.0000	19.4558	7	0	34.0078	1.0000	99	9	-9999.0000	25330	36001	-9999	1074	1003	-9999	581.9729	5	0.7126	0.7288	-0.0007	89.1502	1.1979	736.1530	451.2095	36.0417	690.1499	94.5370	728.3281	95.3704	735.6647	95.2778	740.9404	95.2546	
16/08/2017	01:08:50	011992	H421063401HLR	L421	S		701.3219	1.0292	10.0000	100.0869	39.8365	0.8430	0.8270	5.0000	18.9494	815.0547	95.0000	24.2189	24.2000	0.9300	0.9259	0.7274	-0.0006	815.0000	814.6479	1.0275	-4.9413	100.0095	39.9251	0.8230	0.8253	5.0000	-9999.0000	-9999.0000	-9999.0000	-9999.0000	-9999.0000	-9999.0000	19.4133	8	0	34.9792	1.0000	99	9	-9999.0000	25331	36002	-9999	1075	1004	-9999	580.8031	5	0.7124	0.7274	-0.0006	88.4019	1.2174	734.8888	456.2152	34.9537	687.6362	94.0278	727.7939	95.1852	734.2225	95.1389	739.7840	95.2778	
16/08/2017	01:09:25	011992	H421062895HLR	L421	S		702.4129	1.0292	10.0000	100.1162	39.8908	0.8430	0.8271	5.0000	18.9662	815.0440	94.9537	20.0101	24.2000	0.9300	0.9259	0.7267	-0.0006	815.0000	812.3452	1.0275	-4.5575	99.9962	39.6782	0.8230	0.8248	5.0000	-9999.0000	-9999.0000	-9999.0000	-9999.0000	-9999.0000	-9999.0000	19.4582	1	0	34.8484	1.0000	99	9	-9999.0000	25332	36002	-9999	1076	1005	-9999	582.9442	5	0.7123	0.7267	-0.0006	91.7470	1.1041	740.5183	410.8832	33.0324	690.8492	93.8889	733.3953	94.7917	739.5956	94.7685	745.6448	95.0463	
16/08/2017	01:09:59	011992	H421062912HLR	L421	S		699.8557	1.0292	10.0000	100.1378	39.8622	0.8430	0.8270	5.0000	19.0190	815.1334	94.9306	21.4798	24.2000	0.9300	0.9259	0.7286	-0.0007	815.0000	812.5153	1.0275	-4.5859	100.1989	39.9323	0.8230	0.8259	5.0000	-9999.0000	-9999.0000	-9999.0000	-9999.0000	-9999.0000	-9999.0000	19.4029	2	0	34.3690	1.0000	99	9	-9999.0000	25332	36003	-9999	1077	1006	-9999	582.0008	5	0.7128	0.7286	-0.0007	85.4438	1.3364	738.8416	490.7163	36.1343	691.2097	95.0463	731.7839	95.4861	738.1982	95.6019	744.3495	95.3472	
16/08/2017	01:10:35	011992	H421062680HLR	L421	S		695.2587	1.0292	10.0000	100.0709	39.8188	0.8430	0.8271	5.0000	19.0980	815.0548	95.0000	22.6096	24.1000	0.9300	0.9259	0.7270	-0.0006	815.0000	811.6393	1.0275	-4.4399	99.9784	39.7371	0.8230	0.8247	5.0000	-9999.0000	-9999.0000	-9999.0000	-9999.0000	-9999.0000	-9999.0000	20.0011	3	0	36.1596	1.0000	99	9	-9999.0000	25333	36004	-9999	1078	1007	-9999	581.5527	5	0.7131	0.7270	-0.0006	94.4386	0.9279	732.0166	475.9102	37.4769	689.6884	95.7870	723.9951	95.1389	731.1960	95.2083	736.1873	95.3472	
16/08/2017	01:11:09	011992	H421062970HLR	L421	S		693.5929	1.0292	10.0000	100.0580	39.8829	0.8430	0.8270	5.0000	19.6194	815.0751	94.9537	24.0890	24.1000	0.9300	0.9259	0.7332	-0.0008	815.0000	812.5034	1.0275	-4.5839	100.0774	39.8124	0.8230	0.8254	5.0000	-9999.0000	-9999.0000	-9999.0000	-9999.0000	-9999.0000	-9999.0000	19.6465	4	0	33.8281	1.0000	99	9	-9999.0000	25334	36005	-9999	1079	1008	-9999	580.9988	5	0.7136	0.7332	-0.0008	87.2770	1.2198	729.3095	457.1860	36.7593	683.3931	95.5093	721.3771	95.3704	728.5251	95.4398	733.4677	95.1620	
16/08/2017	01:11:46	011992	H421062980HLR	L421	S		695.5877	1.0292	10.0000	99.9591	39.8348	0.8430	0.8268	5.0000	19.5330	815.0451	94.9074	23.4786	24.1000	0.9300	0.9259	0.7349	-0.0009	815.0000	812.4035	1.0275	-4.5672	99.9891	39.8072	0.8230	0.8248	5.0000	-9999.0000	-9999.0000	-9999.0000	-9999.0000	-9999.0000	-9999.0000	20.1996	5	0	36.6982	1.0000	99	9	-9999.0000	25335	36006	-9999	1080	1009	-9999	581.5232	5	0.7139	0.7349	-0.0009	84.8533	1.3058	727.4372	466.7866	36.4583	683.4939	95.7870	719.8397	94.6065	726.6852	94.6065	733.2646	94.9769	
16/08/2017	01:12:24	011992	H421062987HLR	L421	S		697.0558	1.0292	10.0000	100.0943	39.8513	0.8430	0.8272	5.0000	18.8341	815.0689	95.0000	23.2990	24.1000	0.9300	0.9259	0.7423	-0.0012	815.0000	813.1257	1.0275	-4.6876	100.0244	39.7423	0.8230	0.8253	5.0000	-9999.0000	-9999.0000	-9999.0000	-9999.0000	-9999.0000	-9999.0000	19.6885	6	0	38.6889	1.0000	99	9	-9999.0000	25336	36007	-9999	1081	1010	-9999	581.9073	5	0.7144	0.7423	-0.0012	93.6140	0.9241	727.7048	435.6690	36.1111	684.0305	95.7407	720.0330	94.6296	726.9423	94.7222	733.0626	95.0000	
16/08/2017	01:13:00	011992	H421062960HLR	L421	S		692.0725	1.0292	10.0000	100.1225	39.8824	0.8430	0.8271	5.0000	18.9300	815.0541	95.0000	24.8995	24.1000	0.9300	0.9259	0.7394	-0.0011	815.0000	812.0334	1.0275	-4.5056	99.9784	39.8878	0.8230	0.8251	5.0000	-9999.0000	-9999.0000	-9999.0000	-9999.0000	-9999.0000	-9999.0000	19.8872	7	0	36.0658	1.0000	99	9	-9999.0000	25337	36007	-9999	1082	1011	-9999	580.1198	5	0.7146	0.7394	-0.0011	91.2423	1.0358	714.5120	420.5936	36.7361	672.9311	96.2500	705.8337	94.5370	713.4724	94.5833	719.7132	95.0231	
16/08/2017	01:13:37	011992	H421063391HLR	L421	S		701.9143	1.0292	10.0000	100.1177	39.8283	0.8430	0.8271	5.0000	18.8362	815.0472	95.0000	22.4885	24.1000	0.9300	0.9260	0.7341	-0.0008	815.0000	812.8285	1.0275	-4.6381	100.0516	39.6760	0.8230	0.8250	5.0000	-9999.0000	-9999.0000	-9999.0000	-9999.0000	-9999.0000	-9999.0000	20.1434	8	0	36.6613	1.0000	99	9	-9999.0000	25337	36008	-9999	1083	1012	-9999	582.6545	5	0.7150	0.7341	-0.0008	79.9889	1.5550	727.1080	469.0784	38.1944	687.6355	96.1111	719.8201	94.2130	726.4195	94.2130	732.0359	94.9537	
16/08/2017	01:14:11	011992	H421062947HLR	L421	S		692.4269	1.0292	10.0000	99.9286	39.8811	0.8430	0.8272	5.0000	18.4897	815.0812	95.0463	25.4699	24.1000	0.9300	0.9259	0.7361	-0.0009	815.0000	813.0357	1.0275	-4.6726	100.0937	39.9298	0.8230	0.8255	5.0000	-9999.0000	-9999.0000	-9999.0000	-9999.0000	-9999.0000	-9999.0000	19.7285	1	0	34.2694	1.0000	99	9	-9999.0000	25338	36008	-9999	1084	1013	-9999	580.9233	5	0.7152	0.7361	-0.0009	70.4672	1.9713	723.0933	409.8001	36.8981	681.7005	95.8102	716.3112	95.1852	722.3910	95.1157	729.1339	95.1620	
16/08/2017	01:14:46	011992	H421062983HLR	L421	S		690.6549	1.0292	10.0000	100.0404	39.8104	0.8430	0.8268	5.0000	20.0717	815.1003	95.0231	27.4297	24.1000	0.9300	0.9259	0.7298	-0.0006	815.0000	812.0366	1.0275	-4.5061	100.0065	39.6339	0.8230	0.8247	5.0000	-9999.0000	-9999.0000	-9999.0000	-9999.0000	-9999.0000	-9999.0000	20.0658	2	0	34.0389	1.0000	99	9	-9999.0000	25338	36009	-9999	1085	1014	-9999	579.6369	5	0.7153	0.7298	-0.0006	67.2426	2.1201	716.0909	429.4100	35.8796	677.1639	96.2269	708.5896	95.0231	715.5148	94.9074	720.9131	95.0926	
16/08/2017	01:15:20	011992	H421062950HLR	L421	S		690.8644	1.0292	10.0000	100.0092	39.8727	0.8430	0.8271	5.0000	19.1337	815.0819	95.0000	24.7297	24.2000	0.9300	0.9260	0.7302	-0.0006	815.0000	813.7436	1.0275	-4.7906	99.9660	39.8876	0.8230	0.8255	5.0000	-9999.0000	-9999.0000	-9999.0000	-9999.0000	-9999.0000	-9999.0000	20.5069	3	0	34.4684	1.0000	99	9	-9999.0000	25339	36010	-9999	1086	1015	-9999	582.6913	5	0.7157	0.7302	-0.0006	66.2028	2.1553	726.1200	441.3636	36.5741	684.7597	96.2963	718.9242	94.5833	725.5245	94.5370	731.6932	94.9306	
16/08/2017	01:15:55	011992	H421062968HLR	L421	S		689.1301	1.0292	10.0000	100.1240	39.9299	0.8430	0.8273	5.0000	18.8287	815.0404	94.9769	25.7599	24.3000	0.9300	0.9260	0.7297	-0.0006	815.0000	812.8100	1.0275	-4.6350	99.9433	39.7772	0.8230	0.8248	5.0000	-9999.0000	-9999.0000	-9999.0000	-9999.0000	-9999.0000	-9999.0000	19.6899	4	0	34.6992	1.0000	99	9	-9999.0000	25340	36011	-9999	1087	1016	-9999	582.1463	5	0.7155	0.7297	-0.0006	69.5742	2.0190	721.6878	400.0391	36.7361	681.3468	96.3657	714.5586	94.6065	721.0312	94.6296	727.1498	95.0000	
16/08/2017	01:16:34	011992	H421062975HLR	L421	S		691.0461	1.0292	10.0000	100.0860	39.8556	0.8430	0.8272	5.0000	18.8805	815.0578	94.9769	23.1702	24.3000	0.9300	0.9260	0.7285	-0.0005	815.0000	813.5187	1.0275	-4.7531	100.0137	39.7884	0.8230	0.8255	5.0000	-9999.0000	-9999.0000	-9999.0000	-9999.0000	-9999.0000	-9999.0000	19.5170	5	0	39.4389	1.0000	99	9	-9999.0000	25340	36012	-9999	1088	1017	-9999	583.4626	5	0.7156	0.7285	-0.0005	69.5746	2.0189	729.3108	434.9790	36.6898	679.0114	95.5787	721.6355	95.3704	728.3728	95.2778	735.0722	95.1852	
16/08/2017	01:17:12	011992	H421062944HLR	L421	S		694.8944	1.0292	10.0000	100.0926	39.9156	0.8430	0.8273	5.0000	18.9142	815.0429	94.9074	23.0793	24.4000	0.9300	0.9260	0.7278	-0.0005	815.0000	812.8515	1.0275	-4.6419	99.9769	39.8709	0.8230	0.8251	5.0000	-9999.0000	-9999.0000	-9999.0000	-9999.0000	-9999.0000	-9999.0000	19.7633	6	0	37.8181	1.0000	99	9	-9999.0000	25341	36013	-9999	1089	1018	-9999	583.5864	5	0.7155	0.7278	-0.0005	69.3117	2.0368	730.4930	414.5282	33.0787	678.3592	93.9815	723.2570	95.0463	729.5556	94.9769	735.6794	95.0926	
16/08/2017	01:17:44	011992	H421062686HLR	L421	S		694.3518	1.0292	10.0000	99.9272	39.8219	0.8430	0.8263	5.0000	21.7795	815.0553	94.9306	23.2795	24.5000	0.9300	0.9260	0.7283	-0.0005	815.0000	813.5544	1.0275	-4.7591	99.9758	39.7539	0.8230	0.8252	5.0000	-9999.0000	-9999.0000	-9999.0000	-9999.0000	-9999.0000	-9999.0000	19.4088	7	0	32.1289	1.0000	99	9	-9999.0000	25342	36014	-9999	1090	1019	-9999	583.5175	5	0.7155	0.7283	-0.0005	49.3652	2.8694	732.8167	430.5393	33.9815	682.0572	94.4676	725.5123	95.0694	732.2245	95.0000	738.3762	95.0231	
16/08/2017	01:18:18	011992	H421062689HLR	L421	S		694.6888	1.0292	10.0000	100.0669	39.8756	0.8430	0.8271	5.0000	19.4389	815.0257	95.1389	23.5998	24.5000	0.9300	0.9260	0.7292	-0.0006	815.0000	813.7559	1.0275	-4.7927	100.1113	39.8741	0.8230	0.8253	5.0000	-9999.0000	-9999.0000	-9999.0000	-9999.0000	-9999.0000	-9999.0000	19.6575	8	0	34.5288	1.0000	99	9	-9999.0000	25343	36014	-9999	1091	1020	-9999	583.4376	5	0.7156	0.7292	-0.0006	78.1927	1.6836	730.6023	464.8993	35.9028	689.9870	95.8333	724.5915	95.0231	729.8943	95.0000	736.2043	95.0694	
16/08/2017	01:18:54	011992	H421062956HLR	L421	S		691.1620	1.0292	10.0000	100.1268	39.9687	0.8430	0.8272	5.0000	18.9194	815.0644	94.9537	28.1884	24.6000	0.9300	0.9260	0.7315	-0.0006	815.0000	813.2879	1.0275	-4.7147	99.9534	39.7517	0.8230	0.8250	5.0000	-9999.0000	-9999.0000	-9999.0000	-9999.0000	-9999.0000	-9999.0000	19.7656	1	0	35.3388	1.0000	99	9	-9999.0000	25343	36015	-9999	1092	1021	-9999	581.5357	5	0.7159	0.7315	-0.0006	80.7668	1.5826	724.4347	442.2906	35.9259	682.3839	95.6019	718.5395	95.1389	723.6840	95.0926	729.1810	95.2083	
16/08/2017	01:19:27	011992	H421062962HLR	L421	S		692.8597	1.0292	10.0000	100.1176	39.8536	0.8430	0.8271	5.0000	19.0092	815.0684	95.0000	26.7091	24.6000	0.9300	0.9259	0.7332	-0.0007	815.0000	812.6430	1.0275	-4.6072	100.1009	39.8515	0.8230	0.8252	5.0000	-9999.0000	-9999.0000	-9999.0000	-9999.0000	-9999.0000	-9999.0000	20.2389	2	0	32.7986	1.0000	99	9	-9999.0000	25344	36016	-9999	1093	1022	-9999	582.2538	5	0.7160	0.7332	-0.0007	86.0769	1.3795	725.2593	421.3295	37.2222	686.5848	96.3889	718.1847	95.0231	724.5323	95.0231	730.3405	95.0694	
16/08/2017	01:19:59	011992	H421062667HLR	L421	S		697.8355	1.0292	10.0000	100.0668	39.9557	0.8430	0.8274	5.0000	18.6358	815.1053	94.9769	21.2688	24.7000	0.9300	0.9259	0.7354	-0.0008	815.0000	813.7210	1.0275	-4.7868	99.9070	39.7561	0.8230	0.8248	5.0000	-9999.0000	-9999.0000	-9999.0000	-9999.0000	-9999.0000	-9999.0000	20.1118	3	0	32.3992	1.0000	99	9	-9999.0000	25345	36017	-9999	1094	1023	-9999	585.4730	5	0.7161	0.7354	-0.0008	104.4118	0.6580	736.3413	449.1230	35.6250	692.2456	96.2963	729.2583	94.8843	735.6154	94.8148	742.4115	95.0231	
16/08/2017	01:20:31	011992	H421062657HLR	L421	S		696.5202	1.0292	10.0000	100.1047	39.8796	0.8430	0.8272	5.0000	18.6765	815.0443	94.9306	23.7589	24.6000	0.9300	0.9258	0.7305	-0.0006	815.0000	813.3885	1.0275	-4.7314	99.9301	39.8234	0.8230	0.8254	5.0000	-9999.0000	-9999.0000	-9999.0000	-9999.0000	-9999.0000	-9999.0000	19.6611	4	0	31.8192	1.0000	99	9	-9999.0000	25346	36018	-9999	1095	1024	-9999	584.1648	5	0.7162	0.7305	-0.0006	107.6901	0.5278	728.2255	468.7763	36.4583	686.6779	96.5972	721.3513	95.4398	727.8145	95.3704	732.4827	95.3009	
16/08/2017	01:21:04	011992	H421062678HLR	L421	S		692.6836	1.0292	10.0000	100.1083	39.8563	0.8430	0.8272	5.0000	18.9175	815.0526	94.9769	24.4591	24.6000	0.9300	0.9258	0.7301	-0.0006	815.0000	813.2499	1.0275	-4.7083	100.0347	39.8419	0.8230	0.8250	5.0000	-9999.0000	-9999.0000	-9999.0000	-9999.0000	-9999.0000	-9999.0000	19.8874	5	0	32.9787	1.0000	99	9	-9999.0000	25347	36019	-9999	1096	1025	-9999	583.8899	5	0.7162	0.7301	-0.0006	110.1795	0.4232	728.1221	435.8482	35.5324	688.6604	96.3194	719.5984	94.4444	727.6070	94.4907	732.6110	94.9769	
16/08/2017	01:21:40	011992	H421062663HLR	L421	S		700.9791	1.0292	10.0000	100.1117	39.9804	0.8430	0.8273	5.0000	18.6810	815.0993	95.0000	22.0490	24.6000	0.9300	0.9258	0.7317	-0.0006	815.0000	814.8154	1.0275	-4.9692	100.0450	39.7459	0.8230	0.8250	5.0000	-9999.0000	-9999.0000	-9999.0000	-9999.0000	-9999.0000	-9999.0000	19.7412	6	0	36.2581	1.0000	99	9	-9999.0000	25348	36020	-9999	1097	1026	-9999	585.2238	5	0.7167	0.7317	-0.0006	103.1991	0.6900	737.8964	471.2777	35.6019	697.3555	96.4815	731.7464	95.1157	737.3939	95.1852	744.0988	95.2778	
16/08/2017	01:22:18	011992	H421062674HLR	L421	S		701.7250	1.0292	10.0000	100.1097	39.8617	0.8430	0.8270	5.0000	18.7698	815.0553	95.0694	21.5285	24.6000	0.9300	0.9258	0.7304	-0.0005	815.0000	814.1324	1.0275	-4.8554	100.0203	39.8834	0.8230	0.8254	5.0000	-9999.0000	-9999.0000	-9999.0000	-9999.0000	-9999.0000	-9999.0000	19.5509	7	0	38.2692	1.0000	99	9	-9999.0000	25349	36021	-9999	1098	1027	-9999	585.7215	5	0.7171	0.7304	-0.0005	100.0206	0.8162	736.6719	473.8350	36.3657	692.2227	95.6713	728.6745	95.3704	735.8475	95.2315	741.5638	95.2083	
16/08/2017	01:22:50	011992	H421062642HLR	L421	S		701.6198	1.0292	10.0000	100.1257	39.8461	0.8430	0.8272	5.0000	19.0793	815.0586	94.9769	20.9895	24.6000	0.9300	0.9257	0.7303	-0.0005	815.0000	814.6916	1.0275	-4.9486	99.9471	39.7463	0.8230	0.8249	5.0000	-9999.0000	-9999.0000	-9999.0000	-9999.0000	-9999.0000	-9999.0000	19.7114	8	0	31.4088	1.0000	99	9	-9999.0000	25350	36022	-9999	1099	1028	-9999	585.9986	5	0.7173	0.7303	-0.0005	100.2708	0.7945	666.5425	448.9364	33.4028	624.7928	94.4444	659.1556	95.6944	665.8653	95.6250	671.3551	94.5833	
16/08/2017	01:23:24	011992	H421062645HLR	L421	S		700.6757	1.0292	10.0000	100.0973	39.9762	0.8430	0.8273	5.0000	18.7890	815.0592	95.0231	22.0393	24.6000	0.9300	0.9258	0.7296	-0.0005	815.0000	815.3287	1.0275	-4.9982	100.0824	39.8301	0.8230	0.8252	5.0000	-9999.0000	-9999.0000	-9999.0000	-9999.0000	-9999.0000	-9999.0000	20.7007	1	0	34.5092	1.0000	99	9	-9999.0000	25351	36023	-9999	1100	1029	-9999	585.6599	5	0.7175	0.7296	-0.0005	98.1329	0.8568	735.7222	449.4661	35.5556	684.9301	94.2593	728.6427	95.0231	735.0110	95.2083	742.1715	95.2778	
16/08/2017	01:23:58	011992	H421062648HLR	L421	S		697.0303	1.0292	10.0000	100.0899	39.8515	0.8430	0.8269	5.0000	19.1192	815.0276	95.0463	25.4288	24.5000	0.9300	0.9257	0.7310	-0.0006	815.0000	818.2753	1.0275	-4.9821	100.0441	39.8092	0.8230	0.8251	5.0000	-9999.0000	-9999.0000	-9999.0000	-9999.0000	-9999.0000	-9999.0000	19.7086	2	0	33.2285	1.0000	99	9	-9999.0000	25352	36024	-9999	1101	1030	-9999	584.1730	5	0.7177	0.7310	-0.0006	91.3257	1.1127	733.0067	395.1406	34.5602	682.3316	94.0278	725.9462	94.7685	732.1340	94.7454	738.2969	95.0000	
16/08/2017	01:24:36	011992	H421062651HLR	L421	S		698.4629	1.0292	10.0000	100.1136	39.8749	0.8430	0.8272	5.0000	18.8987	815.0338	94.9769	27.3692	24.5000	0.9300	0.9257	0.7311	-0.0006	815.0000	817.3016	1.0275	-4.9874	99.9673	39.7904	0.8230	0.8251	5.0000	-9999.0000	-9999.0000	-9999.0000	-9999.0000	-9999.0000	-9999.0000	19.6513	3	0	38.1286	1.0000	99	9	-9999.0000	25353	36024	-9999	1102	1031	-9999	583.3563	5	0.7178	0.7311	-0.0006	88.5625	1.2164	730.9850	444.3337	36.9213	684.8457	94.6759	724.4611	95.4167	730.3825	95.4398	734.9468	95.2083	
16/08/2017	01:25:09	011992	H421062655HLR	L421	S		701.7179	1.0292	10.0000	100.1239	39.9359	0.8430	0.8271	5.0000	18.8791	815.0400	95.0000	20.6292	24.5000	0.9300	0.9257	0.7309	-0.0006	815.0000	814.8924	1.0275	-4.9821	100.1065	39.7387	0.8230	0.8245	5.0000	-9999.0000	-9999.0000	-9999.0000	-9999.0000	-9999.0000	-9999.0000	22.4483	4	0	32.9687	1.0000	99	9	-9999.0000	25354	36025	-9999	1103	1032	-9999	586.4749	5	0.7180	0.7309	-0.0006	87.5713	1.2354	737.7627	476.6441	37.6852	692.0295	95.8102	729.6301	94.9306	737.2462	94.9306	742.7177	95.0463	
16/08/2017	01:25:41	011992	H421062405HLR	L421	S		693.7520	1.0292	10.0000	99.9380	39.7633	0.8430	0.8265	5.0000	20.6693	815.0790	94.9537	23.5890	24.4000	0.9300	0.9257	0.7309	-0.0005	815.0000	815.8817	1.0275	-4.9952	100.1075	39.8319	0.8230	0.8253	5.0000	-9999.0000	-9999.0000	-9999.0000	-9999.0000	-9999.0000	-9999.0000	19.4014	5	0	32.4987	1.0000	99	9	-9999.0000	25355	36026	-9999	1104	1033	-9999	585.1967	5	0.7177	0.7309	-0.0005	86.0168	1.3057	729.7252	472.2708	37.8472	685.5864	95.8333	722.0078	95.5093	728.8183	95.5093	734.5858	95.2315	
16/08/2017	01:26:13	011992	H421062454HLR	L421	S		708.1186	1.0292	10.0000	100.1201	39.8912	0.8430	0.8274	5.0000	18.5695	815.0834	94.9769	22.3889	24.4000	0.9300	0.9258	0.7355	-0.0008	815.0000	818.7533	1.0275	-4.9795	99.9273	39.7780	0.8230	0.8252	5.0000	-9999.0000	-9999.0000	-9999.0000	-9999.0000	-9999.0000	-9999.0000	19.3608	6	0	31.4091	1.0000	99	9	-9999.0000	25356	36027	-9999	1105	1034	-9999	585.8182	5	0.7175	0.7355	-0.0008	88.9683	1.1744	737.4231	424.9400	35.0926	692.2634	95.7176	729.5550	94.3750	736.4880	94.3750	742.0004	94.9769	
16/08/2017	01:26:46	011992	H421062458HLR	L421	S		669.4558	1.0292	10.0000	100.1161	39.9112	0.8430	0.8270	5.0000	18.7590	815.0884	94.9537	27.3184	24.3000	0.9300	0.9257	0.7372	-0.0008	815.0000	819.8569	1.0275	-4.9735	100.0269	39.8092	0.8230	0.8251	5.0000	-9999.0000	-9999.0000	-9999.0000	-9999.0000	-9999.0000	-9999.0000	20.0013	7	0	33.1689	1.0000	99	9	-9999.0000	25357	36028	-9999	1106	1035	-9999	582.5958	5	0.7179	0.7372	-0.0008	75.4931	1.7903	706.4117	507.0494	36.9213	661.6519	96.4815	697.9339	94.8611	705.4980	94.8611	711.0499	95.0926	
16/08/2017	01:27:17	011992	H421062443HLR	L421	S		700.1965	1.0292	10.0000	100.0811	39.7381	0.8430	0.8269	5.0000	19.1388	815.0616	95.0000	22.1994	24.3000	0.9300	0.9258	0.7378	-0.0009	815.0000	816.7021	1.0275	-4.9907	99.9190	39.7812	0.8230	0.8250	5.0000	-9999.0000	-9999.0000	-9999.0000	-9999.0000	-9999.0000	-9999.0000	20.0280	8	0	31.1593	1.0000	99	9	-9999.0000	25358	36029	-9999	1107	1036	-9999	585.6993	5	0.7176	0.7378	-0.0009	70.2126	2.0258	728.3881	475.1428	39.3750	689.5291	96.0648	721.2756	93.9120	727.5229	93.9583	734.3235	94.9769	
16/08/2017	01:27:50	011992	H421062451HLR	L421	S		698.6437	1.0292	10.0000	100.1017	39.9824	0.8430	0.8274	5.0000	18.6554	815.0682	95.0000	21.6291	24.4000	0.9300	0.9258	0.7378	-0.0009	815.0000	816.0687	1.0275	-4.9942	100.0303	39.8070	0.8230	0.8251	5.0000	-9999.0000	-9999.0000	-9999.0000	-9999.0000	-9999.0000	-9999.0000	20.0092	1	0	33.3351	1.0000	99	9	-9999.0000	25359	36030	-9999	1108	1037	-9999	585.9755	5	0.7174	0.7378	-0.0009	68.0148	2.1208	729.6767	461.0649	35.9259	681.7926	95.5787	722.1629	95.0463	728.9325	95.0694	735.4377	95.1620	
16/08/2017	01:28:24	011992	H421062488HLR	L421	S		703.2422	1.0292	10.0000	100.0730	39.8030	0.8430	0.8268	5.0000	18.8696	815.0970	94.9769	20.6194	24.4000	0.9300	0.9259	0.7473	-0.0013	815.0000	818.1756	1.0275	-4.9827	100.0885	39.7687	0.8230	0.8250	5.0000	-9999.0000	-9999.0000	-9999.0000	-9999.0000	-9999.0000	-9999.0000	20.3205	2	0	33.7488	1.0000	99	9	-9999.0000	25360	36031	-9999	1109	1038	-9999	586.7161	5	0.7167	0.7473	-0.0013	85.3883	1.3131	736.6225	462.7073	36.0880	687.0582	95.3935	728.3224	95.5093	735.7866	95.5787	741.4753	95.2315	
16/08/2017	01:28:54	011992	H421062484HLR	L421	S		704.9368	1.0292	10.0000	100.0881	39.8000	0.8430	0.8272	5.0000	18.8392	815.0684	94.9537	22.2590	24.5000	0.9300	0.9259	0.7428	-0.0011	815.0000	818.4764	1.0275	-4.9810	100.0391	39.8257	0.8230	0.8250	5.0000	-9999.0000	-9999.0000	-9999.0000	-9999.0000	-9999.0000	-9999.0000	20.0177	3	0	30.1989	1.0000	99	9	-9999.0000	25361	36032	-9999	1110	1039	-9999	585.1971	5	0.7166	0.7428	-0.0011	86.4283	1.2828	728.0666	439.7302	34.7454	677.5867	94.7222	719.7554	94.7454	727.3167	94.6296	733.8378	94.9769	
16/08/2017	01:29:32	011992	H421062475HLR	L421	S		704.1935	1.0292	10.0000	99.8809	39.8994	0.8430	0.8265	5.0000	20.9192	815.0592	94.9769	20.2893	24.5000	0.9300	0.9259	0.7440	-0.0012	815.0000	816.7813	1.0275	-4.9903	99.9238	39.7998	0.8230	0.8252	5.0000	-9999.0000	-9999.0000	-9999.0000	-9999.0000	-9999.0000	-9999.0000	19.4189	4	0	37.7380	1.0000	99	9	-9999.0000	25362	36033	-9999	1111	1040	-9999	586.9128	5	0.7165	0.7440	-0.0012	90.6774	1.1244	732.7997	452.0183	35.0231	680.7806	95.1620	724.8273	95.6713	731.7362	95.6944	739.1619	95.1620	
16/08/2017	01:30:05	011992	H421062471HLR	L421	S		699.8285	1.0292	10.0000	100.1299	39.8158	0.8430	0.8269	5.0000	18.8098	815.0885	95.0000	22.4592	24.6000	0.9300	0.9259	0.7382	-0.0009	815.0000	816.7378	1.0275	-4.9905	100.0198	39.8269	0.8230	0.8251	5.0000	-9999.0000	-9999.0000	-9999.0000	-9999.0000	-9999.0000	-9999.0000	19.7391	5	0	33.4614	1.0000	99	9	-9999.0000	25363	36034	-9999	1112	1041	-9999	584.7568	5	0.7162	0.7382	-0.0009	94.0562	0.9903	726.3604	420.6892	34.5370	676.0324	94.5370	719.1328	94.4213	725.6551	94.4676	733.0106	95.0000	
16/08/2017	01:30:42	011992	H421062464HLR	L421	S		699.9203	1.0292	10.0000	100.1016	39.8469	0.8430	0.8271	5.0000	19.0501	815.0643	94.9537	22.8996	24.6000	0.9300	0.9259	0.7364	-0.0009	815.0000	813.9954	1.0275	-4.8326	99.9247	39.8401	0.8230	0.8252	5.0000	-9999.0000	-9999.0000	-9999.0000	-9999.0000	-9999.0000	-9999.0000	19.2340	6	0	37.0361	1.0000	99	9	-9999.0000	25364	36035	-9999	1113	1042	-9999	584.1218	5	0.7159	0.7364	-0.0009	93.4217	1.0103	731.7068	476.6555	34.9537	685.5889	96.1806	724.6591	95.5324	730.9325	95.5093	736.9161	95.3241	
16/08/2017	01:31:18	011992	H421062406HLR	L421	S		700.6862	1.0292	10.0000	100.1326	39.8926	0.8430	0.8272	5.0000	18.6391	815.0399	94.9769	19.2991	24.7000	0.9300	0.9259	0.7363	-0.0009	815.0000	814.5349	1.0275	-4.9225	100.0398	39.7639	0.8230	0.8251	5.0000	-9999.0000	-9999.0000	-9999.0000	-9999.0000	-9999.0000	-9999.0000	19.9203	7	0	36.0191	1.0000	99	9	-9999.0000	25365	36035	-9999	1114	1043	-9999	586.3714	5	0.7163	0.7363	-0.0009	96.6987	0.8380	739.5216	446.0096	34.6759	690.4060	95.4861	730.0561	95.3935	738.9480	95.4630	744.8378	95.1852	
16/08/2017	01:31:52	011992	H421062445HLR	L421	S		702.0913	1.0292	10.0000	99.9206	39.7916	0.8430	0.8265	5.0000	20.6288	815.0645	95.2083	26.8692	24.7000	0.9300	0.9259	0.7412	-0.0011	815.0000	816.4673	1.0275	-4.9920	100.0317	39.8840	0.8230	0.8252	5.0000	-9999.0000	-9999.0000	-9999.0000	-9999.0000	-9999.0000	-9999.0000	19.7686	8	0	33.6498	1.0000	99	9	-9999.0000	25365	36036	-9999	1115	1044	-9999	580.9961	5	0.7166	0.7412	-0.0011	73.5445	1.9300	728.3657	457.8154	35.6944	681.8344	95.4630	721.0446	95.6944	727.8099	95.6944	732.9594	95.1852	
16/08/2017	01:32:25	011992	H421062485HLR	L421	S		698.3312	1.0292	10.0000	100.0913	39.8792	0.8430	0.8272	5.0000	18.8089	815.0830	95.0231	22.6486	24.8000	0.9300	0.9259	0.7385	-0.0010	815.0000	814.3940	1.0275	-4.8990	100.0266	39.7609	0.8230	0.8251	5.0000	-9999.0000	-9999.0000	-9999.0000	-9999.0000	-9999.0000	-9999.0000	19.5515	1	0	33.2178	1.0000	99	9	-9999.0000	25366	36037	-9999	1116	1045	-9999	583.7879	5	0.7163	0.7385	-0.0010	83.7389	1.4415	725.8114	463.6292	38.1019	677.8642	95.5324	717.6230	95.8102	724.9526	95.7176	732.5068	95.2083	
16/08/2017	01:33:00	011992	H421062476HLR	L421	S		695.8947	1.0292	10.0000	100.1074	39.8860	0.8430	0.8267	5.0000	19.5929	815.1022	94.9769	26.2295	24.8000	0.9300	0.9257	0.7409	-0.0011	815.0000	813.4034	1.0275	-4.7339	100.0044	39.8736	0.8230	0.8254	5.0000	-9999.0000	-9999.0000	-9999.0000	-9999.0000	-9999.0000	-9999.0000	19.7610	2	0	34.5792	1.0000	99	9	-9999.0000	25367	36038	-9999	1117	1046	-9999	580.9820	5	0.7166	0.7409	-0.0011	108.2527	0.2935	718.7942	465.8081	35.7870	677.7681	95.7176	711.2355	94.7685	718.1657	94.7917	724.5645	95.0694	
16/08/2017	01:33:33	011992	H421062472HLR	L421	S		695.3858	1.0292	10.0000	100.1107	39.7782	0.8430	0.8271	5.0000	19.0187	815.0634	94.9074	25.2188	24.8000	0.9300	0.9257	0.7407	-0.0011	815.0000	814.9617	1.0275	-4.9936	100.1737	39.7593	0.8230	0.8248	5.0000	-9999.0000	-9999.0000	-9999.0000	-9999.0000	-9999.0000	-9999.0000	20.2601	3	0	33.3176	1.0000	99	9	-9999.0000	25368	36039	-9999	1118	1047	-9999	581.3026	5	0.7162	0.7407	-0.0011	112.9638	0.0872	722.2512	462.1101	37.6852	677.5454	96.1806	713.7623	95.5324	721.6019	95.5556	727.5166	95.3472	
16/08/2017	01:34:07	011992	H421062463HLR	L421	S		700.6699	1.0292	10.0000	99.9469	39.9657	0.8430	0.8266	5.0000	20.8484	815.0777	94.9769	22.8996	24.8000	0.9300	0.9257	0.7393	-0.0010	815.0000	815.1423	1.0275	-4.9992	99.9916	39.8451	0.8230	0.8255	5.0000	-9999.0000	-9999.0000	-9999.0000	-9999.0000	-9999.0000	-9999.0000	19.4717	4	0	33.3289	1.0000	99	9	-9999.0000	25369	36040	-9999	1119	1048	-9999	583.4990	5	0.7168	0.7393	-0.0010	112.5913	0.1102	726.1587	424.4399	35.9028	683.5482	95.4861	718.9366	95.1852	725.3725	95.3009	732.5523	95.0463	
16/08/2017	01:34:41	011992	H421062489HLR	L421	S		697.0885	1.0292	10.0000	99.9494	39.7431	0.8430	0.8262	5.0000	21.8293	815.0523	95.0694	22.3390	24.8000	0.9300	0.9257	0.7366	-0.0009	815.0000	814.9923	1.0275	-4.9987	99.9224	39.8413	0.8230	0.8251	5.0000	-9999.0000	-9999.0000	-9999.0000	-9999.0000	-9999.0000	-9999.0000	19.6189	5	0	34.3894	1.0000	99	9	-9999.0000	25370	36041	-9999	1120	1049	-9999	584.0889	5	0.7165	0.7366	-0.0009	109.0374	0.2706	726.8135	468.6700	36.1806	682.9230	95.8102	718.1712	94.5602	726.1704	94.5139	732.2382	94.9306	
16/08/2017	01:35:18	011992	H421062453HLR	L421	S		701.5598	1.0292	10.0000	100.0860	39.9000	0.8430	0.8273	5.0000	18.8492	815.0350	94.9537	23.6886	24.7000	0.9300	0.9257	0.7371	-0.0009	815.0000	815.7625	1.0275	-4.9958	100.0231	39.7575	0.8230	0.8251	5.0000	-9999.0000	-9999.0000	-9999.0000	-9999.0000	-9999.0000	-9999.0000	19.7007	6	0	36.7282	1.0000	99	9	-9999.0000	25371	36041	-9999	1121	1050	-9999	583.1626	5	0.7160	0.7371	-0.0009	104.2818	0.4844	731.2365	435.8948	36.5509	684.3599	95.2546	723.6357	95.0694	730.2194	95.0926	736.0315	95.1852	
16/08/2017	01:35:52	011992	H421062447HLR	L421	S		704.3025	1.0292	10.0000	100.0833	39.9523	0.8430	0.8268	5.0000	19.0116	815.0293	94.9769	22.4699	24.7000	0.9300	0.9257	0.7407	-0.0011	815.0000	816.5738	1.0275	-4.9914	99.9112	39.8774	0.8230	0.8254	5.0000	-9999.0000	-9999.0000	-9999.0000	-9999.0000	-9999.0000	-9999.0000	19.7435	7	0	34.2983	1.0000	99	9	-9999.0000	25371	36042	-9999	1122	1051	-9999	583.8926	5	0.7159	0.7407	-0.0011	103.0711	0.5290	730.6702	399.6280	37.3611	689.3523	95.5093	722.7077	94.0741	729.8760	94.1204	735.8072	94.8843	
16/08/2017	01:36:25	011992	H421062452HLR	L421	S		701.0454	1.0292	10.0000	100.1290	39.7747	0.8430	0.8270	5.0000	18.8498	815.0749	94.9537	22.5998	24.7000	0.9300	0.9257	0.7393	-0.0010	815.0000	816.3844	1.0275	-4.9924	100.2147	39.7629	0.8230	0.8250	5.0000	-9999.0000	-9999.0000	-9999.0000	-9999.0000	-9999.0000	-9999.0000	19.7300	8	0	33.1991	1.0000	99	9	-9999.0000	25372	36043	-9999	1123	1052	-9999	583.8624	5	0.7161	0.7393	-0.0010	104.9287	0.4687	728.7551	415.9757	34.3981	682.0034	95.3241	721.0500	94.7454	728.0146	94.8148	734.7739	95.0926	
16/08/2017	01:37:01	011992	H421063420HLR	L421	S		704.4428	1.0292	10.0000	99.9720	39.9208	0.8430	0.8267	5.0000	21.0445	815.1245	95.0000	23.4992	24.6000	0.9300	0.9256	0.7412	-0.0011	815.0000	816.1742	1.0275	-4.9936	100.0389	39.8261	0.8230	0.8254	5.0000	-9999.0000	-9999.0000	-9999.0000	-9999.0000	-9999.0000	-9999.0000	19.5316	1	0	35.8192	1.0000	99	9	-9999.0000	25373	36044	-9999	1124	1053	-9999	583.4403	5	0.7157	0.7412	-0.0011	108.8379	0.2994	728.5232	422.7361	36.4120	682.2331	95.8796	720.5986	95.0694	727.7118	95.1157	733.4559	95.2315	
16/08/2017	01:37:33	011992	H421062654HLR	L421	S		699.2967	1.0292	10.0000	100.1175	39.8747	0.8430	0.8269	5.0000	18.8446	815.0623	94.9769	25.9687	24.6000	0.9300	0.9256	0.7414	-0.0011	815.0000	816.2558	1.0275	-4.9931	100.0038	39.8279	0.8230	0.8251	5.0000	-9999.0000	-9999.0000	-9999.0000	-9999.0000	-9999.0000	-9999.0000	19.6808	2	0	32.1384	1.0000	99	9	-9999.0000	25374	36045	-9999	1125	1053	-9999	580.7988	5	0.7156	0.7414	-0.0011	106.4019	0.3824	721.4086	453.1230	35.6713	674.3221	95.1852	714.4755	95.1389	720.7336	95.1620	726.1612	95.2315	
16/08/2017	01:38:05	011992	H421062646HLR	L421	S		704.9755	1.0292	10.0000	100.1313	39.8000	0.8430	0.8271	5.0000	18.9290	815.0840	94.9537	23.4894	24.6000	0.9300	0.9257	0.7382	-0.0010	815.0000	817.4469	1.0275	-4.9866	99.9656	39.7523	0.8230	0.8250	5.0000	-9999.0000	-9999.0000	-9999.0000	-9999.0000	-9999.0000	-9999.0000	19.8887	3	0	31.8289	1.0000	99	9	-9999.0000	25375	36046	-9999	1126	1054	-9999	583.0859	5	0.7154	0.7382	-0.0010	106.8926	0.3683	726.8650	442.7248	34.7454	679.8963	95.5093	718.4588	95.0926	726.1605	95.0231	732.1944	95.1157	
16/08/2017	01:38:37	011992	H421062647HLR	L421	S		701.9711	1.0292	10.0000	100.1180	39.9513	0.8430	0.8272	5.0000	18.7092	815.0417	94.9537	22.3693	24.5000	0.9300	0.9257	0.7349	-0.0008	815.0000	817.1502	1.0275	-4.9883	99.9994	39.8084	0.8230	0.8251	5.0000	-9999.0000	-9999.0000	-9999.0000	-9999.0000	-9999.0000	-9999.0000	20.6502	4	0	32.3597	1.0000	99	9	-9999.0000	25376	36047	-9999	1127	1055	-9999	583.9028	5	0.7149	0.7349	-0.0008	106.1293	0.3865	729.9997	449.3883	36.2500	681.6997	94.6528	721.8681	94.4907	729.2833	94.3519	736.0834	95.0000	
16/08/2017	01:39:10	011992	H421062468HLR	L421	S		696.8614	1.0292	10.0000	100.0919	39.8118	0.8430	0.8271	5.0000	18.6887	815.0866	94.9306	24.8292	24.4000	0.9300	0.9257	0.7365	-0.0009	815.0000	816.8893	1.0275	-4.9897	99.9600	39.8200	0.8230	0.8251	5.0000	-9999.0000	-9999.0000	-9999.0000	-9999.0000	-9999.0000	-9999.0000	19.7197	5	0	33.1478	1.0000	99	9	-9999.0000	25377	36047	-9999	1128	1056	-9999	582.0244	5	0.7148	0.7365	-0.0009	96.2264	0.8152	727.6023	458.0305	36.7824	677.6026	95.1389	721.0425	95.0926	726.9351	95.1157	733.7248	95.1620	
16/08/2017	01:39:43	011992	H421063399HLR	L421	S		706.2712	1.0292	10.0000	100.0962	39.8711	0.8430	0.8272	5.0000	18.6702	815.0468	95.0000	21.3791	24.4000	0.9300	0.9257	0.7351	-0.0009	815.0000	816.6154	1.0275	-4.9912	100.0139	39.7665	0.8230	0.8251	5.0000	-9999.0000	-9999.0000	-9999.0000	-9999.0000	-9999.0000	-9999.0000	19.7578	6	0	32.0693	1.0000	99	9	-9999.0000	25378	36048	-9999	1129	1057	-9999	584.4156	5	0.7145	0.7351	-0.0009	90.9435	1.0146	733.0407	461.3515	37.1528	689.1091	96.5046	725.7145	95.3704	732.2188	95.3935	738.8257	95.3704	
16/08/2017	01:40:14	011992	H421063409HLR	L421	S		707.1557	1.0292	10.0000	99.9789	39.8601	0.8430	0.8266	5.0000	20.2390	815.0862	95.1620	20.9387	24.3000	0.9300	0.9257	0.7379	-0.0010	815.0000	817.5388	1.0275	-4.9861	100.0147	39.8100	0.8230	0.8250	5.0000	-9999.0000	-9999.0000	-9999.0000	-9999.0000	-9999.0000	-9999.0000	20.0789	7	0	31.4284	1.0000	99	9	-9999.0000	25379	36049	-9999	1130	1058	-9999	584.4319	5	0.7145	0.7379	-0.0010	94.9294	0.8532	736.1669	460.6050	35.9491	689.6519	94.8380	728.4881	94.8148	735.2130	94.8843	742.2280	95.0694	
16/08/2017	01:40:44	011992	H421062910HLR	L421	S		707.3647	1.0292	10.0000	99.9380	39.7818	0.8430	0.8266	5.0000	20.4894	815.0611	94.9769	21.5696	24.3000	0.9300	0.9257	0.7414	-0.0012	815.0000	816.5646	1.0275	-4.9915	99.9648	39.7872	0.8230	0.8252	5.0000	-9999.0000	-9999.0000	-9999.0000	-9999.0000	-9999.0000	-9999.0000	19.5691	8	0	30.1689	1.0000	99	9	-9999.0000	25380	36050	-9999	1131	1059	-9999	583.9809	5	0.7145	0.7414	-0.0012	96.5386	0.7857	733.6714	450.1102	36.2269	685.8763	95.0000	725.5023	95.0463	733.2760	95.1157	739.7203	95.1620	
16/08/2017	01:41:16	011992	H421062893HLR	L421	S		703.7229	1.0292	10.0000	100.1262	39.9000	0.8430	0.8272	5.0000	18.7492	815.0878	94.9769	22.3185	24.3000	0.9300	0.9258	0.7374	-0.0010	815.0000	815.5990	1.0275	-4.9967	100.0690	39.8435	0.8230	0.8253	5.0000	-9999.0000	-9999.0000	-9999.0000	-9999.0000	-9999.0000	-9999.0000	19.3708	1	0	32.3796	1.0000	99	9	-9999.0000	25381	36051	-9999	1132	1060	-9999	583.4349	5	0.7144	0.7374	-0.0010	87.2330	1.1726	723.1901	465.3668	34.8611	679.3742	94.8611	716.8159	94.7222	722.2027	94.7917	728.6444	95.0463	
16/08/2017	01:41:49	011992	H421062901HLR	L421	S		707.3020	1.0292	10.0000	100.0932	39.8737	0.8430	0.8269	5.0000	18.8391	815.0647	95.0000	21.3195	24.4000	0.9300	0.9259	0.7321	-0.0008	815.0000	816.2957	1.0275	-4.9929	100.0143	39.7974	0.8230	0.8252	5.0000	-9999.0000	-9999.0000	-9999.0000	-9999.0000	-9999.0000	-9999.0000	19.4878	2	0	32.4587	1.0000	99	9	-9999.0000	25382	36052	-9999	1133	1061	-9999	583.9194	5	0.7142	0.7321	-0.0008	83.7081	1.2866	734.9957	442.8902	34.9074	688.8646	95.0231	726.5567	95.0694	734.1462	95.1852	739.7976	95.1157	
16/08/2017	01:42:23	011992	H421062978HLR	L421	S		709.4025	1.0292	10.0000	100.1208	39.8000	0.8430	0.8271	5.0000	18.7385	815.0898	94.9306	20.5188	24.4000	0.9300	0.9259	0.7331	-0.0008	815.0000	814.9918	1.0275	-4.9986	100.0550	39.7780	0.8230	0.8247	5.0000	-9999.0000	-9999.0000	-9999.0000	-9999.0000	-9999.0000	-9999.0000	21.6212	3	0	34.0985	1.0000	99	9	-9999.0000	25383	36053	-9999	1134	1062	-9999	583.9079	5	0.7143	0.7331	-0.0008	76.6448	1.5984	746.1490	490.1391	36.8056	696.1373	95.8565	735.1010	95.9028	742.9607	96.0185	748.9289	95.0926	
16/08/2017	01:42:54	011992	H421062963HLR	L421	S		708.5506	1.0292	10.0000	100.1233	39.9032	0.8430	0.8273	5.0000	18.7380	815.0250	94.9306	19.3997	24.5000	0.9300	0.9259	0.7335	-0.0008	815.0000	814.3073	1.0275	-4.8845	100.0582	39.8104	0.8230	0.8250	5.0000	-9999.0000	-9999.0000	-9999.0000	-9999.0000	-9999.0000	-9999.0000	20.0282	4	0	30.5419	1.0000	99	9	-9999.0000	25384	36054	-9999	1135	1063	-9999	584.5073	5	0.7143	0.7335	-0.0008	76.7701	1.5910	739.4016	441.6255	36.4583	695.0622	93.8889	732.2196	93.5648	738.4437	93.6343	744.4860	94.7685	
16/08/2017	01:43:25	011992	H421062976HLR	L421	S		703.8912	1.0292	10.0000	100.1292	39.8577	0.8430	0.8269	5.0000	19.0984	815.0683	94.9537	21.5793	24.5000	0.9300	0.9259	0.7333	-0.0008	815.0000	814.9869	1.0275	-4.9978	99.9725	39.8625	0.8230	0.8252	5.0000	-9999.0000	-9999.0000	-9999.0000	-9999.0000	-9999.0000	-9999.0000	19.6139	5	0	31.8160	1.0000	99	9	-9999.0000	25385	36055	-9999	1136	1064	-9999	583.1825	5	0.7143	0.7333	-0.0008	77.2935	1.5353	733.6800	457.3260	38.1944	690.1188	94.7222	726.1006	94.1898	733.0540	94.3056	738.2569	94.8843	
16/08/2017	01:43:56	011992	H421063389HLR	L421	S		706.1750	1.0292	10.0000	100.0329	39.8000	0.8430	0.8268	5.0000	19.6884	815.0973	95.0000	21.5793	24.6000	0.9300	0.9259	0.7342	-0.0009	815.0000	813.2216	1.0275	-4.7036	99.9955	39.7810	0.8230	0.8250	5.0000	-9999.0000	-9999.0000	-9999.0000	-9999.0000	-9999.0000	-9999.0000	19.7399	6	0	30.9383	1.0000	99	9	-9999.0000	25386	36055	-9999	1137	1065	-9999	583.0325	5	0.7145	0.7342	-0.0009	65.0002	2.0941	731.8622	419.1691	35.1852	691.5560	94.4213	726.3683	94.1435	731.3511	94.1898	736.9324	94.8380	
16/08/2017	01:44:29	011992	H421062988HLR	L421	S		704.0834	1.0292	10.0000	99.9420	39.8894	0.8430	0.8266	5.0000	21.1086	815.0659	94.9537	23.2091	24.6000	0.9300	0.9259	0.7358	-0.0009	815.0000	814.4806	1.0275	-4.9134	100.1465	39.8321	0.8230	0.8248	5.0000	-9999.0000	-9999.0000	-9999.0000	-9999.0000	-9999.0000	-9999.0000	21.4711	7	0	32.8490	1.0000	99	9	-9999.0000	25387	36056	-9999	1138	1066	-9999	581.9082	5	0.7151	0.7358	-0.0009	54.7033	2.5802	732.0272	441.0670	36.4120	688.9694	93.9815	725.4408	94.6759	731.0962	94.7454	737.1344	95.0000	
16/08/2017	01:45:08	011992	H421062965HLR	L421	S		706.8980	1.0292	10.0000	100.1346	39.8573	0.8430	0.8269	5.0000	18.9192	815.0837	94.9769	19.7590	24.7000	0.9300	0.9259	0.7353	-0.0009	815.0000	815.0775	1.0275	-4.9996	100.1515	39.8020	0.8230	0.8250	5.0000	-9999.0000	-9999.0000	-9999.0000	-9999.0000	-9999.0000	-9999.0000	19.5524	8	0	39.2279	1.0000	99	9	-9999.0000	25388	36057	-9999	1139	1067	-9999	584.5665	5	0.7153	0.7353	-0.0009	49.5818	2.8325	739.3773	455.0954	38.0787	695.3689	95.1157	731.8447	94.6991	738.5074	94.6759	744.4904	94.9306	
16/08/2017	01:45:45	011992	H421062966HLR	L421	S		704.2331	1.0292	10.0000	100.1266	39.8621	0.8430	0.8271	5.0000	19.1277	815.0668	95.0000	20.9494	24.7000	0.9300	0.9258	0.7350	-0.0009	815.0000	815.3353	1.0275	-4.9982	100.0721	39.8208	0.8230	0.8248	5.0000	-9999.0000	-9999.0000	-9999.0000	-9999.0000	-9999.0000	-9999.0000	21.0078	1	0	36.7986	1.0000	99	9	-9999.0000	25389	36058	-9999	1140	1068	-9999	583.6720	5	0.7156	0.7350	-0.0009	51.0084	2.7415	736.2686	474.7031	37.3148	691.2119	95.1157	729.6608	94.7454	735.5398	94.7685	742.1940	95.1157	
16/08/2017	01:46:20	011992	H421062973HLR	L421	S		710.4559	1.0292	10.0000	100.0998	39.9032	0.8430	0.8271	5.0000	18.7889	815.0476	94.9074	20.1291	24.6000	0.9300	0.9258	0.7322	-0.0008	815.0000	815.3902	1.0275	-4.9979	100.0054	39.8455	0.8230	0.8251	5.0000	-9999.0000	-9999.0000	-9999.0000	-9999.0000	-9999.0000	-9999.0000	19.5398	2	0	35.2194	1.0000	99	9	-9999.0000	25390	36059	-9999	1141	1069	-9999	584.2686	5	0.7158	0.7322	-0.0008	76.1184	1.5416	739.8149	432.8747	34.3287	693.5740	93.5648	731.9478	94.7685	739.1368	94.7454	744.2406	95.0231	
