Data	Timp	Nr. masina	Nr. de serie	Tip	Productie	Comentariu	Pre-masurare Q [ml/min]	Pre-masurare Gain	Pre-masurare Offset Master	Pre-masurare P [bar]	Pre-masurare T [°C]	Pre-masurare Densitate fixa [kg/l]	Pre-masurare densitate masurata [kg/l]	Pre-masurare Timp masurare [s]	Pre-masurare Cycle time [s]	rectificare Q Oprire [ml/min]	rectificare P Oprire [bar]	rectificare Timp rectificare [s]	rectificare T [°C]	rectificare Densitate fixa [kg/l]	rectificare densitate masurata [kg/l]	rectificare Factor de masurare la rectificare	rectificare Factor de corectie a debitului	rectificare Target rectificare	Masurare Q [ml/min]	Masurare Gain	Masurare Offset Master	Masurare P [bar]	Masurare T [°C]	Masurare Densitate fixa [kg/l]	Masurare densitate masurata [kg/l]	Masurare Timp masurare [s]	Masurare Q [ml/min]	Masurare Delta Q [ml/min]	Masurare P [bar]	Masurare BP [bar]	Masurare T [°C]	Masurare Timp masurare [s]	Masurare Cycle time [s]	Nest Nr.	Cod de descarcare	Cycle time [s]	Traceability aktiv	EDM Maschine Nr	EDM Spindle Nr	Honing Rate [r	Station Counter Premeasure	Station Counter Grind	Station Counter Blowout 1	Station Counter Wash	Station Counter Measure	Station Counter Blowout 2	RealGrindQStop	Reg Type	Factor 0	Factor 1	Factor 2	Factor 3	Factor 4	G_StartQV	G_StartQV_1	G_StartQV_2	G_StartQV_3	G_StartQV_4	G_StartQV_5	
22/08/2017	00:02:12	011992	G523089300HLR	L523	S		438.4887	1.0292	6.2602	99.9068	39.7230	0.8430	0.8288	5.0000	18.2795	508.0515	94.9769	19.3997	24.5000	0.9300	0.9213	0.6716	-0.0006	508.0000	505.3224	1.0275	8.5426	99.9673	39.4000	0.8230	0.8273	5.0000	-9999.0000	-9999.0000	-9999.0000	-9999.0000	-9999.0000	-9999.0000	20.1189	3	0	42.0386	1.0000	99	9	-9999.0000	35139	45326	-9999	2592	5222	-9999	335.3355	5	0.6596	0.6716	-0.0006	54.5241	0.7773	472.3596	414.2952	38.4259	460.2771	94.3750	467.0836	94.8843	471.7878	94.9306	475.1686	95.0463	
22/08/2017	00:03:13	011992	G523089298HLR	L523	S		433.7561	1.0292	6.8169	99.9552	39.4174	0.8430	0.8282	5.0000	19.7731	508.0534	94.9306	20.4797	24.5000	0.9300	0.9211	0.6716	-0.0006	508.0000	507.1713	1.0275	8.3596	99.9395	39.3068	0.8230	0.8264	5.0000	-9999.0000	-9999.0000	-9999.0000	-9999.0000	-9999.0000	-9999.0000	21.4307	5	0	31.6081	1.0000	99	9	-9999.0000	35140	45327	-9999	2593	5223	-9999	335.0160	5	0.6596	0.6716	-0.0006	54.5241	0.7773	473.3728	441.6082	39.0509	461.7859	94.2130	468.4134	95.6481	472.7847	95.7639	476.0261	95.0231	
22/08/2017	00:04:21	011992	G523089297HLR	L523	S		441.6452	1.0292	5.8888	100.0126	39.7222	0.8430	0.8282	5.0000	19.5187	303.5300	95.0231	31.0086	24.5000	0.9300	0.9207	0.6886	-0.0014	508.0000	489.8013	1.0275	8.0568	99.8721	39.4583	0.8230	0.8265	5.0000	-9999.0000	-9999.0000	-9999.0000	-9999.0000	-9999.0000	-9999.0000	20.6311	7	34	32.4382	1.0000	99	9	-9999.0000	35141	45328	-9999	2594	5224	-9999	196.0169	5	0.6601	0.6886	-0.0014	50.7598	0.9450	269.8143	462.7679	39.3981	289.8133	95.9491	267.6409	95.2546	269.7343	95.4398	271.1397	95.0926	
22/08/2017	00:04:54	011992	G523089299HLR	L523	S		442.5620	1.0292	5.7809	100.0499	39.5126	0.8430	0.8280	5.0000	18.9797	508.0617	95.0231	18.3284	24.5000	0.9300	0.9207	0.6886	-0.0014	508.0000	509.5031	1.0275	8.1289	100.0197	39.5000	0.8230	0.8273	5.0000	-9999.0000	-9999.0000	-9999.0000	-9999.0000	-9999.0000	-9999.0000	20.3305	8	0	33.0095	1.0000	99	9	-9999.0000	35142	45329	-9999	2595	5225	-9999	337.0491	5	0.6601	0.6886	-0.0014	50.7598	0.9450	469.5796	485.9866	38.2870	458.1628	94.1435	464.6687	95.8102	469.0658	95.7407	471.8313	94.9769	
22/08/2017	00:05:29	011992	G523088883HLR	L523	S		440.3521	1.0292	6.0409	100.0445	39.7453	0.8430	0.8287	5.0000	18.3681	508.0709	94.9074	20.5988	24.4000	0.9300	0.9207	0.7096	-0.0024	508.0000	505.2744	1.0275	8.5473	100.1235	39.7000	0.8230	0.8272	5.0000	-9999.0000	-9999.0000	-9999.0000	-9999.0000	-9999.0000	-9999.0000	20.3900	1	0	35.2934	1.0000	99	9	-9999.0000	35143	45330	-9999	2596	5226	-9999	335.2575	5	0.6606	0.7096	-0.0024	56.1127	0.6723	450.9746	481.4989	38.1944	441.9605	93.8426	446.7786	95.7870	450.6566	95.6944	453.5116	95.0231	
22/08/2017	00:06:00	011992	G523089333HLR	L523	S		436.5500	1.0292	6.4882	99.9825	39.7000	0.8430	0.8280	5.0000	20.4877	508.0463	95.0000	24.1886	24.3000	0.9300	0.9206	0.7117	-0.0025	508.0000	506.3592	1.0275	8.4400	99.9237	39.4178	0.8230	0.8263	5.0000	-9999.0000	-9999.0000	-9999.0000	-9999.0000	-9999.0000	-9999.0000	20.1785	2	0	30.7538	1.0000	99	9	-9999.0000	35144	45331	-9999	2597	5227	-9999	330.8106	5	0.6576	0.7117	-0.0025	55.1593	0.7336	421.9084	485.6942	38.5648	378.1259	94.1204	417.2599	95.7407	421.5076	95.5787	427.7125	95.0231	
22/08/2017	00:06:31	011992	G523088902HLR	L523	S		435.6486	1.0292	6.5943	99.9669	39.6108	0.8430	0.8281	5.0000	19.0091	508.0639	95.0000	21.5295	24.3000	0.9300	0.9207	0.6736	-0.0006	508.0000	507.1307	1.0275	8.3636	100.0145	39.6798	0.8230	0.8274	5.0000	-9999.0000	-9999.0000	-9999.0000	-9999.0000	-9999.0000	-9999.0000	19.7469	3	0	30.9788	1.0000	99	9	-9999.0000	35145	45332	-9999	2598	5228	-9999	333.9726	5	0.6583	0.6736	-0.0006	54.0590	0.7817	447.8969	481.1683	37.8935	438.6414	93.5417	443.2289	95.6250	447.3352	95.5093	451.5111	94.9537	
22/08/2017	00:07:04	011992	G523088903HLR	L523	S		437.4401	1.0292	6.3835	100.0724	39.7293	0.8430	0.8284	5.0000	20.1879	508.0421	94.8843	22.1594	24.3000	0.9300	0.9208	0.6648	-0.0002	508.0000	507.6333	1.0275	8.3139	99.9914	39.6685	0.8230	0.8268	5.0000	-9999.0000	-9999.0000	-9999.0000	-9999.0000	-9999.0000	-9999.0000	19.4792	4	0	33.4680	1.0000	99	9	-9999.0000	35146	45333	-9999	2599	5228	-9999	335.0751	5	0.6585	0.6648	-0.0002	57.2754	0.5773	470.1420	529.2071	39.6528	459.6253	93.4722	465.3535	95.8333	469.6637	95.8333	473.1662	94.6065	
22/08/2017	00:07:35	011992	G523088910HLR	L523	S		432.9577	1.0292	6.9109	100.0231	39.7152	0.8430	0.8281	5.0000	19.5588	508.0613	94.9537	24.4298	24.2000	0.9300	0.9208	0.6745	-0.0007	508.0000	510.4588	1.0275	8.0343	99.9328	39.5000	0.8230	0.8266	5.0000	-9999.0000	-9999.0000	-9999.0000	-9999.0000	-9999.0000	-9999.0000	19.8311	5	0	30.9791	1.0000	99	9	-9999.0000	35147	45334	-9999	2599	5229	-9999	335.7632	5	0.6578	0.6745	-0.0007	59.6110	0.4446	473.7720	544.5748	39.6065	466.9857	93.5417	469.2216	95.5787	473.7956	95.5787	475.0369	94.9074	
22/08/2017	00:08:08	011992	G523088909HLR	L523	S		438.2707	1.0292	6.2858	100.0151	39.6675	0.8430	0.8279	5.0000	21.2190	508.0377	94.9537	19.9993	24.2000	0.9300	0.9208	0.6941	-0.0016	508.0000	507.6472	1.0275	8.3125	100.0159	39.7000	0.8230	0.8272	5.0000	-9999.0000	-9999.0000	-9999.0000	-9999.0000	-9999.0000	-9999.0000	19.5503	6	0	32.3593	1.0000	99	9	-9999.0000	35148	45335	-9999	2600	5230	-9999	335.7381	5	0.6575	0.6941	-0.0016	62.2830	0.3206	472.3782	524.1243	40.2083	464.7223	93.2407	468.3575	95.1852	472.0959	95.0231	474.2549	94.8843	
22/08/2017	00:08:39	011992	G523088894HLR	L523	S		439.8315	1.0292	6.1022	100.0856	39.7575	0.8430	0.8284	5.0000	18.9093	508.0118	94.9306	20.1096	24.2000	0.9300	0.9209	0.6749	-0.0007	508.0000	506.9556	1.0275	8.3810	100.0304	39.6347	0.8230	0.8264	5.0000	-9999.0000	-9999.0000	-9999.0000	-9999.0000	-9999.0000	-9999.0000	20.7379	7	0	31.9586	1.0000	99	9	-9999.0000	35149	45335	-9999	2601	5231	-9999	335.8712	5	0.6575	0.6749	-0.0007	61.8807	0.3407	459.8225	499.6980	39.1898	454.2331	93.1944	455.5900	95.2083	459.3078	95.1389	462.9375	95.0000	
22/08/2017	00:09:15	011992	G523088904HLR	L523	S		439.4586	1.0292	6.1461	100.0752	39.7858	0.8430	0.8282	5.0000	18.7786	508.0474	94.6991	22.5988	24.2000	0.9300	0.9209	0.6742	-0.0007	508.0000	508.4725	1.0275	8.2308	99.9596	39.6000	0.8230	0.8267	5.0000	-9999.0000	-9999.0000	-9999.0000	-9999.0000	-9999.0000	-9999.0000	19.6355	8	0	35.0296	1.0000	99	9	-9999.0000	35150	45336	-9999	2602	5232	-9999	334.8074	5	0.6571	0.6742	-0.0007	55.9496	0.6536	470.4241	530.1597	37.7778	466.0678	93.3796	466.7123	95.0463	470.2440	95.0231	472.7669	95.0463	
22/08/2017	00:09:39	011992	G523088893HLR	L523	S		438.7222	1.0292	6.2327	99.9949	39.7251	0.8430	0.8282	5.0000	18.5389	508.0318	94.9769	20.0295	24.2000	0.9300	0.9208	0.6859	-0.0012	508.0000	508.8827	1.0275	8.1903	99.9949	39.6944	0.8230	0.8267	5.0000	-9999.0000	-9999.0000	-9999.0000	-9999.0000	-9999.0000	-9999.0000	20.8493	1	0	24.9185	1.0000	99	9	-9999.0000	35151	45337	-9999	2603	5233	-9999	335.6318	5	0.6570	0.6859	-0.0012	52.2063	0.8324	471.7516	532.6422	40.4167	463.5027	93.4722	466.8589	94.8380	471.1311	94.9306	473.5995	95.0231	
22/08/2017	00:10:10	011992	G523088899HLR	L523	S		436.9546	1.0292	6.4406	100.0180	39.7431	0.8430	0.8283	5.0000	18.8005	508.0271	94.9537	21.5187	24.2000	0.9300	0.9209	0.6848	-0.0012	508.0000	507.6313	1.0275	8.3141	100.0242	39.6591	0.8230	0.8266	5.0000	-9999.0000	-9999.0000	-9999.0000	-9999.0000	-9999.0000	-9999.0000	19.5380	2	0	30.1367	1.0000	99	9	-9999.0000	35152	45338	-9999	2604	5234	-9999	335.1660	5	0.6569	0.6848	-0.0012	52.4984	0.8160	461.0036	524.5620	39.5833	456.9265	93.8889	456.1000	94.1898	460.6877	94.3056	464.2131	94.7917	
22/08/2017	00:10:44	011992	G523088889HLR	L523	S		436.7042	1.0292	6.4701	100.0668	39.8000	0.8430	0.8283	5.0000	18.6995	508.0452	94.8148	21.0295	24.2000	0.9300	0.9209	0.6850	-0.0012	508.0000	507.3509	1.0275	8.3418	99.9062	39.5930	0.8230	0.8265	5.0000	-9999.0000	-9999.0000	-9999.0000	-9999.0000	-9999.0000	-9999.0000	20.0086	3	0	34.1515	1.0000	99	9	-9999.0000	35153	45339	-9999	2605	5235	-9999	335.4728	5	0.6567	0.6850	-0.0012	49.5790	0.9195	461.7900	506.4680	39.7222	457.3282	93.8657	458.2188	93.7963	461.4727	93.8657	464.6218	94.6759	
22/08/2017	00:11:15	011992	G523088880HLR	L523	S		431.8652	1.0292	7.0394	100.0008	39.7401	0.8430	0.8281	5.0000	19.7654	508.0165	94.9074	24.1085	24.2000	0.9300	0.9209	0.6823	-0.0011	508.0000	507.6035	1.0275	8.3168	100.0075	39.7900	0.8230	0.8270	5.0000	-9999.0000	-9999.0000	-9999.0000	-9999.0000	-9999.0000	-9999.0000	19.6197	4	0	31.0388	1.0000	99	9	-9999.0000	35154	45340	-9999	2606	5236	-9999	333.6424	5	0.6597	0.6823	-0.0011	49.4187	0.9402	459.5150	520.3231	38.2639	451.5201	94.4907	454.3077	94.1204	458.6891	94.2130	462.6318	94.7454	
22/08/2017	00:12:19	011992	G523088906HLR	L523	S		441.6310	1.0292	5.8905	100.0596	39.8000	0.8430	0.8283	5.0000	18.7991	508.0533	94.9537	19.2093	24.3000	0.9300	0.9212	0.6779	-0.0008	508.0000	509.4332	1.0275	8.1358	100.0197	39.4910	0.8230	0.8264	5.0000	-9999.0000	-9999.0000	-9999.0000	-9999.0000	-9999.0000	-9999.0000	19.2897	6	0	31.1366	1.0000	99	9	-9999.0000	35156	45341	-9999	2608	5237	-9999	336.7761	5	0.6593	0.6779	-0.0008	69.4332	0.0276	466.0840	501.0917	39.8611	460.5753	93.5417	461.1167	94.8148	465.4835	94.9074	469.1690	94.9537	
22/08/2017	00:12:48	011992	G523088905HLR	L523	S		436.5390	1.0292	6.4895	100.0022	39.7269	0.8430	0.8281	5.0000	18.4805	508.0370	94.9537	23.2090	24.2000	0.9300	0.9209	0.6795	-0.0009	508.0000	507.8593	1.0275	8.2915	99.9541	39.8000	0.8230	0.8274	5.0000	-9999.0000	-9999.0000	-9999.0000	-9999.0000	-9999.0000	-9999.0000	20.0207	7	0	29.4186	1.0000	99	9	-9999.0000	35157	45342	-9999	2609	5238	-9999	334.6150	5	0.6597	0.6795	-0.0009	35.1050	1.6661	465.1448	489.1199	39.1898	461.3735	94.3519	460.2469	94.0972	464.8026	94.0972	467.4216	94.7454	
22/08/2017	00:13:20	011992	G523088908HLR	L523	S		439.3391	1.0292	6.1601	100.0946	39.7870	0.8430	0.8283	5.0000	19.3684	508.0555	94.9537	20.1790	24.2000	0.9300	0.9208	0.6795	-0.0009	508.0000	507.0816	1.0275	8.3685	100.0105	39.7246	0.8230	0.8264	5.0000	-9999.0000	-9999.0000	-9999.0000	-9999.0000	-9999.0000	-9999.0000	19.7292	8	0	31.8994	1.0000	99	9	-9999.0000	35158	45343	-9999	2610	5239	-9999	335.9614	5	0.6597	0.6795	-0.0009	35.1050	1.6661	466.8456	507.5630	39.7917	462.1669	94.1204	462.0381	94.3287	466.2993	94.4213	469.3316	94.5833	
22/08/2017	00:13:51	011992	G523088887HLR	L523	S		438.2574	1.0292	6.2874	99.9989	39.8000	0.8430	0.8279	5.0000	20.8028	508.0686	95.0463	22.1896	24.2000	0.9300	0.9208	0.6775	-0.0008	508.0000	508.4788	1.0275	8.2302	100.0305	39.5000	0.8230	0.8262	5.0000	-9999.0000	-9999.0000	-9999.0000	-9999.0000	-9999.0000	-9999.0000	19.9798	1	0	30.5891	1.0000	99	9	-9999.0000	35158	45344	-9999	2611	5240	-9999	335.0808	5	0.6600	0.6775	-0.0008	36.4319	1.6065	466.2527	530.1599	39.8843	462.9089	94.5370	462.9266	95.0000	465.6203	95.1389	469.0586	95.0926	
22/08/2017	00:14:25	011992	G523088885HLR	L523	S		434.9766	1.0292	6.6733	100.0726	39.7355	0.8430	0.8281	5.0000	18.7591	508.0355	94.9769	20.2893	24.3000	0.9300	0.9209	0.6773	-0.0008	508.0000	506.7585	1.0275	8.4005	100.0069	39.8000	0.8230	0.8272	5.0000	-9999.0000	-9999.0000	-9999.0000	-9999.0000	-9999.0000	-9999.0000	19.9491	2	0	33.6781	1.0000	99	9	-9999.0000	35159	45345	-9999	2612	5241	-9999	335.8351	5	0.6598	0.6773	-0.0008	38.4487	1.5114	469.1322	523.7746	38.4722	463.0465	94.8380	464.8535	94.2593	468.7323	94.2361	471.4146	94.8380	
22/08/2017	00:14:57	011992	G523088886HLR	L523	S		439.6566	1.0292	6.1228	99.9993	39.8000	0.8430	0.8282	5.0000	19.8586	508.0400	94.9306	18.4193	24.3000	0.9300	0.9208	0.6798	-0.0009	508.0000	508.9437	1.0275	8.1842	99.9432	39.7263	0.8230	0.8263	5.0000	-9999.0000	-9999.0000	-9999.0000	-9999.0000	-9999.0000	-9999.0000	19.2790	3	0	32.2293	1.0000	99	9	-9999.0000	35160	45346	-9999	2613	5242	-9999	336.5715	5	0.6603	0.6798	-0.0009	45.1191	1.1716	473.3593	531.7694	41.0880	465.7171	94.9074	467.9253	94.6991	472.7325	94.7917	475.9452	94.9769	
22/08/2017	00:15:39	011992	G523088895HLR	L523	S		435.2888	1.0292	6.6366	100.0153	39.8114	0.8430	0.8282	5.0000	18.3292	508.0581	94.9306	21.0891	24.3000	0.9300	0.9209	0.6802	-0.0009	508.0000	507.1429	1.0275	8.3624	100.0484	39.5731	0.8230	0.8265	5.0000	-9999.0000	-9999.0000	-9999.0000	-9999.0000	-9999.0000	-9999.0000	19.6275	4	0	41.7883	1.0000	99	9	-9999.0000	35161	45347	-9999	2614	5243	-9999	335.5796	5	0.6601	0.6802	-0.0009	45.9896	1.1190	466.2429	528.8779	39.5602	459.0601	94.9074	460.9634	94.9769	465.5632	95.0694	469.0516	95.1157	
22/08/2017	00:16:09	011992	G523088874HLR	L523	S		439.8401	1.0292	6.1012	99.9902	39.7182	0.8430	0.8279	5.0000	21.4092	508.0211	94.9769	19.6800	24.4000	0.9300	0.9209	0.6804	-0.0009	508.0000	507.0141	1.0275	8.3752	99.9994	39.8000	0.8230	0.8271	5.0000	-9999.0000	-9999.0000	-9999.0000	-9999.0000	-9999.0000	-9999.0000	19.4429	5	0	29.9480	1.0000	99	9	-9999.0000	35162	45348	-9999	2615	5244	-9999	336.2050	5	0.6601	0.6804	-0.0009	54.2339	0.7485	467.3922	523.9393	41.1111	463.6966	94.8380	463.5037	95.2546	466.9327	95.2778	470.1365	95.0463	
22/08/2017	00:16:37	011992	G523088897HLR	L523	S		436.6698	1.0292	6.4741	100.0408	39.8120	0.8430	0.8283	5.0000	18.8294	508.0509	95.0000	22.8488	24.5000	0.9300	0.9209	0.6759	-0.0007	508.0000	508.9480	1.0275	8.1838	100.0031	39.6141	0.8230	0.8261	5.0000	-9999.0000	-9999.0000	-9999.0000	-9999.0000	-9999.0000	-9999.0000	19.3010	6	0	28.3694	1.0000	99	9	-9999.0000	35163	45349	-9999	2616	5245	-9999	334.7324	5	0.6604	0.6759	-0.0007	50.9369	0.9305	465.7187	512.8927	39.6065	461.6324	94.7685	460.6843	94.8148	465.4997	94.9306	468.2689	95.0463	
22/08/2017	00:17:07	011992	G523088870HLR	L523	S		439.5104	1.0292	6.1400	100.0063	39.8311	0.8430	0.8282	5.0000	18.6497	508.0639	95.1157	21.3586	24.5000	0.9300	0.9209	0.6779	-0.0008	508.0000	507.2347	1.0275	8.3533	100.0650	39.6000	0.8230	0.8267	5.0000	-9999.0000	-9999.0000	-9999.0000	-9999.0000	-9999.0000	-9999.0000	20.5383	7	0	29.7982	1.0000	99	9	-9999.0000	35164	45350	-9999	2617	5246	-9999	335.4324	5	0.6606	0.6779	-0.0008	50.2104	0.9690	470.5702	519.9464	40.9954	466.8292	94.1435	467.3599	95.0463	470.3283	95.1157	472.4862	95.0694	
22/08/2017	00:17:38	011992	G523088875HLR	L523	S		437.8869	1.0292	6.3309	99.9982	39.7737	0.8430	0.8282	5.0000	18.3998	426.9158	95.0231	31.0086	24.6000	0.9300	0.9208	0.6797	-0.0009	508.0000	506.1367	1.0275	8.4620	99.9566	39.9064	0.8230	0.8272	5.0000	-9999.0000	-9999.0000	-9999.0000	-9999.0000	-9999.0000	-9999.0000	19.6627	8	0	31.3194	1.0000	99	9	-9999.0000	35164	45351	-9999	2618	5247	-9999	278.6419	5	0.6609	0.6797	-0.0009	47.5634	1.0874	368.7559	514.4673	39.5139	396.4944	95.9491	366.5383	95.2778	368.2291	95.3472	371.0530	94.8380	
22/08/2017	00:18:10	011992	G523088869HLR	L523	S		437.9579	1.0292	6.3226	100.0651	39.8285	0.8430	0.8284	5.0000	18.6724	508.0325	94.9537	18.9788	24.6000	0.9300	0.9209	0.6809	-0.0010	508.0000	508.5881	1.0275	8.2194	99.9625	39.6948	0.8230	0.8260	5.0000	-9999.0000	-9999.0000	-9999.0000	-9999.0000	-9999.0000	-9999.0000	19.5388	1	0	32.0085	1.0000	99	9	-9999.0000	35165	45352	-9999	2619	5248	-9999	336.6908	5	0.6605	0.6809	-0.0010	47.6662	1.0804	472.1714	527.6851	39.0509	466.0323	94.4676	467.3345	95.0694	471.3575	94.9769	474.3460	94.8380	
22/08/2017	00:18:41	011992	G523088878HLR	L523	S		439.7876	1.0292	6.1073	100.0112	39.8269	0.8430	0.8281	5.0000	18.5795	508.0543	94.9074	17.4886	24.7000	0.9300	0.9209	0.6809	-0.0010	508.0000	509.0889	1.0275	8.1699	100.0031	39.5988	0.8230	0.8265	5.0000	-9999.0000	-9999.0000	-9999.0000	-9999.0000	-9999.0000	-9999.0000	19.6924	2	0	30.7694	1.0000	99	9	-9999.0000	35166	45353	-9999	2620	5249	-9999	337.4208	5	0.6605	0.6809	-0.0010	47.6662	1.0804	473.5695	505.0445	37.4769	466.7181	94.9537	469.2307	94.6759	473.1992	94.8148	475.3522	94.8380	
22/08/2017	00:19:13	011992	G523088877HLR	L523	S		439.4879	1.0292	6.1426	99.9981	39.7606	0.8430	0.8282	5.0000	18.4691	508.0669	94.9537	18.9192	24.7000	0.9300	0.9208	0.6931	-0.0015	508.0000	508.1894	1.0275	8.2589	100.0288	39.9000	0.8230	0.8270	5.0000	-9999.0000	-9999.0000	-9999.0000	-9999.0000	-9999.0000	-9999.0000	19.7608	3	0	32.3182	1.0000	99	9	-9999.0000	35167	45354	-9999	2621	5250	-9999	337.4602	5	0.6503	0.6931	-0.0015	69.9623	-0.0079	467.6797	504.9441	40.7870	457.6702	94.3519	462.3365	95.5787	466.7850	95.6944	470.0645	94.9306	
22/08/2017	00:19:44	011992	G523088921HLR	L523	S		440.5588	1.0292	6.0166	100.0912	39.8535	0.8430	0.8284	5.0000	18.8391	508.0183	94.9769	20.3489	24.6000	0.9300	0.9208	0.6806	-0.0009	508.0000	511.6605	1.0275	7.9154	99.9575	39.6550	0.8230	0.8260	5.0000	-9999.0000	-9999.0000	-9999.0000	-9999.0000	-9999.0000	-9999.0000	19.4911	4	0	31.3093	1.0000	99	9	-9999.0000	35168	45355	-9999	2622	5251	-9999	336.5129	5	0.6506	0.6806	-0.0009	70.9787	-0.0592	448.4476	505.0500	39.9306	445.4368	94.6296	446.7911	94.7222	448.1576	94.8843	451.2797	95.0231	
22/08/2017	00:20:13	011992	G523088931HLR	L523	S		439.9798	1.0292	6.0847	100.0210	39.8585	0.8430	0.8281	5.0000	18.4151	508.0319	94.9306	21.1584	24.6000	0.9300	0.9207	0.6768	-0.0008	508.0000	507.9469	1.0275	8.2829	100.0013	39.6777	0.8230	0.8267	5.0000	-9999.0000	-9999.0000	-9999.0000	-9999.0000	-9999.0000	-9999.0000	19.6725	5	0	28.7087	1.0000	99	9	-9999.0000	35169	45356	-9999	2623	5252	-9999	335.6967	5	0.6506	0.6768	-0.0008	71.0749	-0.0569	469.9181	513.6692	38.8426	463.3288	94.7222	465.0120	94.4676	469.1537	94.5370	472.2466	94.8611	
22/08/2017	00:20:43	011992	G523088950HLR	L523	S		438.1216	1.0292	6.3033	100.0556	39.7505	0.8430	0.8281	5.0000	18.5989	508.0613	95.0000	19.8899	24.5000	0.9300	0.9206	0.6766	-0.0007	508.0000	507.3786	1.0275	8.3391	99.9960	39.8581	0.8230	0.8268	5.0000	-9999.0000	-9999.0000	-9999.0000	-9999.0000	-9999.0000	-9999.0000	19.7022	6	0	29.8994	1.0000	99	9	-9999.0000	35170	45357	-9999	2624	5252	-9999	336.1879	5	0.6511	0.6766	-0.0007	70.5031	-0.0388	469.0241	496.2320	40.8565	465.2027	94.9769	464.8717	94.4907	468.4564	94.3981	471.5955	94.8380	
22/08/2017	00:21:14	011992	G523088946HLR	L523	S		439.3337	1.0292	6.1607	99.9842	39.8629	0.8430	0.8284	5.0000	18.4592	508.0246	94.9537	21.3595	24.5000	0.9300	0.9206	0.6781	-0.0008	508.0000	510.1760	1.0275	8.0623	99.9585	39.6408	0.8230	0.8260	5.0000	-9999.0000	-9999.0000	-9999.0000	-9999.0000	-9999.0000	-9999.0000	19.6288	7	0	30.3886	1.0000	99	9	-9999.0000	35171	45358	-9999	2624	5253	-9999	335.7163	5	0.6506	0.6781	-0.0008	70.3468	-0.0353	471.6907	513.5365	39.9074	466.9657	94.3519	467.3833	94.8611	471.2787	94.9537	474.2105	94.9306	
22/08/2017	00:21:45	011992	G523088865HLR	L523	S		439.3959	1.0292	6.1534	100.0203	39.8455	0.8430	0.8280	5.0000	19.3377	508.0653	95.0231	20.3996	24.4000	0.9300	0.9206	0.6800	-0.0009	508.0000	507.7030	1.0275	8.3070	100.0129	39.7000	0.8230	0.8268	5.0000	-9999.0000	-9999.0000	-9999.0000	-9999.0000	-9999.0000	-9999.0000	19.3294	8	0	31.5887	1.0000	99	9	-9999.0000	35172	45359	-9999	2625	5254	-9999	335.8452	5	0.6506	0.6800	-0.0009	70.4809	-0.0490	469.6286	505.1269	39.0741	463.6928	94.7454	465.7850	94.4676	469.4710	94.5833	472.6593	94.8380	
22/08/2017	00:22:16	011992	G523088939HLR	L523	S		442.8612	1.0292	5.7457	100.0046	39.7473	0.8430	0.8281	5.0000	18.4493	508.0540	94.9537	17.7689	24.3000	0.9300	0.9206	0.6815	-0.0010	508.0000	510.1678	1.0275	8.0631	99.9368	39.8415	0.8230	0.8266	5.0000	-9999.0000	-9999.0000	-9999.0000	-9999.0000	-9999.0000	-9999.0000	19.5848	1	0	31.0886	1.0000	99	9	-9999.0000	35173	45359	-9999	2625	5255	-9999	337.2143	5	0.6507	0.6815	-0.0010	70.3311	-0.0586	475.3093	508.2844	38.8194	466.3867	94.6991	470.1271	94.3981	474.7825	94.4907	478.3238	94.7917	
22/08/2017	00:22:49	011992	G523088937HLR	L523	S		439.3428	1.0292	6.1597	100.0368	39.8790	0.8430	0.8284	5.0000	18.3685	508.0667	94.9306	19.0198	24.3000	0.9300	0.9207	0.6825	-0.0011	508.0000	508.5977	1.0275	8.2185	100.0167	39.5808	0.8230	0.8260	5.0000	-9999.0000	-9999.0000	-9999.0000	-9999.0000	-9999.0000	-9999.0000	19.7284	2	0	33.2294	1.0000	99	9	-9999.0000	35174	45360	-9999	2625	5255	-9999	336.7327	5	0.6501	0.6825	-0.0011	71.0713	-0.0720	471.3720	515.6633	40.1620	464.6282	95.0694	464.6139	94.7222	470.7537	94.7917	474.2446	94.9537	
22/08/2017	00:23:18	011992	G523088930HLR	L523	S		438.8282	1.0292	6.2202	99.9905	39.8557	0.8430	0.8281	5.0000	18.5976	508.0387	94.9074	19.5198	24.3000	0.9300	0.9207	0.6796	-0.0009	508.0000	506.7853	1.0275	8.3978	99.9150	39.7649	0.8230	0.8269	5.0000	-9999.0000	-9999.0000	-9999.0000	-9999.0000	-9999.0000	-9999.0000	19.4808	3	0	28.7390	1.0000	99	9	-9999.0000	35175	45361	-9999	2625	5256	-9999	336.1814	5	0.6505	0.6796	-0.0009	71.2328	-0.0991	466.9230	517.8312	39.5602	462.3457	95.0926	463.8334	94.7917	467.0067	94.9306	470.7566	95.0463	
22/08/2017	00:23:48	011992	G523088920HLR	L523	S		440.2489	1.0292	6.0531	100.0069	39.7403	0.8430	0.8280	5.0000	18.4690	508.0378	94.9074	20.6887	24.3000	0.9300	0.9207	0.6776	-0.0008	508.0000	507.2809	1.0275	8.3488	100.0781	39.7832	0.8230	0.8262	5.0000	-9999.0000	-9999.0000	-9999.0000	-9999.0000	-9999.0000	-9999.0000	20.3095	4	0	29.3429	1.0000	99	9	-9999.0000	35176	45362	-9999	2626	5257	-9999	335.7078	5	0.6504	0.6776	-0.0008	70.2324	-0.0539	467.2271	525.6535	40.5556	464.7789	95.3241	464.7338	95.1852	467.0043	95.2083	471.2346	95.0231	
22/08/2017	00:24:15	011992	G523088936HLR	L523	S		437.3427	1.0292	6.3950	99.9948	39.8433	0.8430	0.8284	5.0000	18.5493	508.0139	94.9306	20.1496	24.3000	0.9300	0.9207	0.6770	-0.0008	508.0000	507.3802	1.0275	8.3389	100.0099	39.5479	0.8230	0.8261	5.0000	-9999.0000	-9999.0000	-9999.0000	-9999.0000	-9999.0000	-9999.0000	19.2363	5	0	27.4246	1.0000	99	9	-9999.0000	35177	45362	-9999	2627	5258	-9999	335.6979	5	0.6613	0.6770	-0.0008	64.3627	0.2502	469.0924	502.4499	38.5185	464.9291	95.1389	463.2187	94.7685	468.3935	94.9769	471.6183	95.0463	
22/08/2017	00:24:45	011992	G523088914HLR	L523	S		438.2375	1.0292	6.2897	100.0685	39.8760	0.8430	0.8281	5.0000	18.9213	508.0484	94.9537	22.4289	24.3000	0.9300	0.9207	0.6776	-0.0008	508.0000	507.5812	1.0275	8.3191	99.9589	39.8000	0.8230	0.8272	5.0000	-9999.0000	-9999.0000	-9999.0000	-9999.0000	-9999.0000	-9999.0000	19.2393	6	0	30.5292	1.0000	99	9	-9999.0000	35178	45363	-9999	2628	5259	-9999	334.8774	5	0.6615	0.6776	-0.0008	62.8459	0.3123	465.6658	521.8494	39.2824	462.1519	95.4398	461.5221	94.7454	465.1786	94.8611	468.3222	95.0231	
22/08/2017	00:25:16	011992	G523088952HLR	L523	S		438.6354	1.0292	6.2429	100.0185	39.7277	0.8430	0.8280	5.0000	18.4193	508.0497	94.9537	17.8987	24.3000	0.9300	0.9207	0.6776	-0.0008	508.0000	508.5440	1.0275	8.2238	100.0120	39.8138	0.8230	0.8263	5.0000	-9999.0000	-9999.0000	-9999.0000	-9999.0000	-9999.0000	-9999.0000	20.1382	7	0	30.8887	1.0000	99	9	-9999.0000	35179	45364	-9999	2629	5260	-9999	336.8520	5	0.6615	0.6776	-0.0008	62.8459	0.3123	472.5674	522.4866	38.4954	465.5259	95.2315	466.3210	94.7917	472.1766	94.8843	474.6758	94.9074	
22/08/2017	00:25:46	011992	G523088934HLR	L523	S		441.2729	1.0292	5.9326	100.0213	39.8361	0.8430	0.8283	5.0000	19.3499	508.0444	95.0000	18.6087	24.3000	0.9300	0.9207	0.6731	-0.0006	508.0000	510.3110	1.0275	8.0489	100.0100	39.5709	0.8230	0.8261	5.0000	-9999.0000	-9999.0000	-9999.0000	-9999.0000	-9999.0000	-9999.0000	19.2790	8	0	29.3386	1.0000	99	9	-9999.0000	35180	45365	-9999	2630	5260	-9999	337.4060	5	0.6611	0.6731	-0.0006	60.1956	0.4337	466.9765	502.1413	37.7546	460.2536	95.3704	462.4527	94.7917	466.8985	95.0231	470.3871	95.0926	
22/08/2017	00:26:13	011992	G523088932HLR	L523	S		443.2850	1.0292	5.6959	99.9358	39.8621	0.8430	0.8281	5.0000	18.5986	508.0224	94.9306	16.5395	24.3000	0.9300	0.9206	0.6731	-0.0006	508.0000	508.7357	1.0275	8.2048	100.0247	39.8000	0.8230	0.8267	5.0000	-9999.0000	-9999.0000	-9999.0000	-9999.0000	-9999.0000	-9999.0000	20.2800	1	0	27.4892	1.0000	99	9	-9999.0000	35181	45366	-9999	2630	5261	-9999	337.1244	5	0.6611	0.6731	-0.0006	60.1956	0.4337	477.9916	519.4622	37.7546	469.4011	95.1389	473.7954	94.5602	477.2314	94.6528	481.4833	94.8843	
22/08/2017	00:26:40	011992	G523088935HLR	L523	S		440.7590	1.0292	5.9931	99.9832	39.7421	0.8430	0.8280	5.0000	18.8391	508.0974	94.8380	19.7190	24.3000	0.9300	0.9207	0.6716	-0.0005	508.0000	508.3980	1.0275	8.2382	99.9471	39.7914	0.8230	0.8263	5.0000	-9999.0000	-9999.0000	-9999.0000	-9999.0000	-9999.0000	-9999.0000	19.9884	2	0	26.9288	1.0000	99	9	-9999.0000	35182	45367	-9999	2631	5261	-9999	336.5876	5	0.6614	0.6716	-0.0005	65.0713	0.1942	467.7462	503.1146	39.1667	463.7749	95.4861	464.5573	94.6991	467.4634	94.8843	470.2559	95.0926	
22/08/2017	00:27:13	011992	G523088923HLR	L523	S		441.3728	1.0292	5.9208	99.9856	39.8152	0.8430	0.8283	5.0000	18.3771	508.0305	94.9306	19.9602	24.3000	0.9300	0.9208	0.6703	-0.0004	508.0000	512.2128	1.0275	7.8607	100.0047	39.6283	0.8230	0.8261	5.0000	-9999.0000	-9999.0000	-9999.0000	-9999.0000	-9999.0000	-9999.0000	19.5489	3	0	33.3494	1.0000	99	9	-9999.0000	35183	45367	-9999	2632	5262	-9999	336.1313	5	0.6613	0.6703	-0.0004	65.5733	0.1688	477.7146	526.5418	40.0231	471.1924	95.1852	472.5500	94.9074	477.2172	94.9306	479.6241	94.8380	
22/08/2017	00:27:39	011992	G523088942HLR	L523	S		438.5857	1.0292	6.2487	100.0352	39.9116	0.8430	0.8282	5.0000	18.6390	508.0251	94.9306	18.5589	24.3000	0.9300	0.9208	0.6670	-0.0003	508.0000	509.5507	1.0275	8.1242	99.9077	39.7831	0.8230	0.8269	5.0000	-9999.0000	-9999.0000	-9999.0000	-9999.0000	-9999.0000	-9999.0000	19.2112	4	0	25.8486	1.0000	99	9	-9999.0000	35184	45368	-9999	2633	5263	-9999	336.3116	5	0.6617	0.6670	-0.0003	61.8113	0.3402	476.0217	517.5570	39.1667	470.8071	95.2083	471.5758	94.9537	475.5533	95.0000	478.9442	95.0694	
22/08/2017	00:28:10	011992	G523088945HLR	L523	S		442.2118	1.0292	5.8221	99.9802	39.7553	0.8430	0.8280	5.0000	18.4705	508.0595	94.9306	16.6400	24.3000	0.9300	0.9207	0.6670	-0.0003	508.0000	507.9351	1.0275	8.2840	99.9917	39.8257	0.8230	0.8264	5.0000	-9999.0000	-9999.0000	-9999.0000	-9999.0000	-9999.0000	-9999.0000	18.9587	5	0	30.8099	1.0000	99	9	-9999.0000	35185	45368	-9999	2634	5264	-9999	336.7681	5	0.6617	0.6670	-0.0003	61.8113	0.3402	481.6816	528.4377	41.0648	479.3017	95.3241	478.6728	94.3981	481.1929	94.4907	484.1836	94.8380	
22/08/2017	00:28:52	011992	G523088922HLR	L523	S		441.9480	1.0292	5.8532	99.9998	39.7325	0.8430	0.8281	5.0000	20.1300	508.0618	94.9537	16.1498	24.4000	0.9300	0.9208	0.6665	-0.0002	508.0000	508.7576	1.0275	8.2026	100.1227	39.5447	0.8230	0.8259	5.0000	-9999.0000	-9999.0000	-9999.0000	-9999.0000	-9999.0000	-9999.0000	19.6353	6	0	41.8135	1.0000	99	9	-9999.0000	35186	45369	-9999	2635	5265	-9999	336.7833	5	0.6618	0.6665	-0.0002	61.5871	0.3491	484.0299	523.0358	37.9630	478.9054	95.0926	479.1781	95.1620	483.4712	95.3704	486.5473	95.1852	
22/08/2017	00:29:21	011992	G523088913HLR	L523	S		437.7580	1.0292	6.3461	100.0005	39.9144	0.8430	0.8284	5.0000	18.5790	508.0472	95.0000	22.3996	24.5000	0.9300	0.9208	0.6683	-0.0003	508.0000	507.2423	1.0275	8.3526	100.1410	39.8000	0.8230	0.8270	5.0000	-9999.0000	-9999.0000	-9999.0000	-9999.0000	-9999.0000	-9999.0000	20.2106	7	0	29.4517	1.0000	99	9	-9999.0000	35187	45370	-9999	2636	5266	-9999	336.0151	5	0.6612	0.6683	-0.0003	64.3695	0.2300	473.0593	502.9424	40.3704	471.6042	95.0926	469.4874	95.1389	472.3969	95.3241	476.1370	95.1852	
22/08/2017	00:29:50	011992	G523089681HLR	L523	S		442.1213	1.0292	5.8328	100.0004	39.8691	0.8430	0.8280	5.0000	18.4084	508.0348	94.9306	15.0795	24.5000	0.9300	0.9207	0.6683	-0.0003	508.0000	508.9987	1.0275	8.1788	99.9550	39.7432	0.8230	0.8258	5.0000	-9999.0000	-9999.0000	-9999.0000	-9999.0000	-9999.0000	-9999.0000	19.4911	8	0	28.6287	1.0000	99	9	-9999.0000	35188	45371	-9999	2637	5267	-9999	336.9326	5	0.6612	0.6683	-0.0003	64.3695	0.2300	483.7258	530.5100	40.3009	479.0594	95.2083	479.2754	94.8843	483.3217	94.9306	487.4336	94.9537	
22/08/2017	00:30:20	011992	G523089682HLR	L523	S		439.5933	1.0292	6.1302	100.0055	39.7409	0.8430	0.8281	5.0000	18.3689	508.0424	94.9306	19.8889	24.6000	0.9300	0.9209	0.6690	-0.0004	508.0000	508.3038	1.0275	8.2475	100.0154	39.5000	0.8230	0.8263	5.0000	-9999.0000	-9999.0000	-9999.0000	-9999.0000	-9999.0000	-9999.0000	19.5398	1	0	30.2990	1.0000	99	9	-9999.0000	35189	45372	-9999	2638	5268	-9999	336.0287	5	0.6612	0.6690	-0.0004	56.4190	0.6491	476.7133	527.7525	37.8935	470.4176	94.5833	472.9923	95.4861	476.0209	95.6944	478.9707	95.1389	
22/08/2017	00:30:50	011992	G523089683HLR	L523	S		441.4169	1.0292	5.9157	100.0631	39.8110	0.8430	0.8283	5.0000	19.4703	422.1255	94.9537	31.0086	24.6000	0.9300	0.9207	0.6675	-0.0003	508.0000	508.6288	1.0275	8.2154	100.0194	39.9820	0.8230	0.8274	5.0000	-9999.0000	-9999.0000	-9999.0000	-9999.0000	-9999.0000	-9999.0000	19.6912	2	0	29.8190	1.0000	99	9	-9999.0000	35190	45373	-9999	2639	5269	-9999	277.2485	5	0.6613	0.6675	-0.0003	58.7874	0.5104	352.6436	501.3463	39.4213	366.7047	96.8519	346.9147	95.5324	352.0418	95.6713	355.2538	95.2315	
22/08/2017	00:31:21	011992	G523089670HLR	L523	S		437.6674	1.0292	6.3568	100.1035	39.9321	0.8430	0.8282	5.0000	18.9774	508.0232	94.9306	18.5794	24.6000	0.9300	0.9207	0.6627	-0.0000	508.0000	507.1490	1.0275	8.3618	99.9756	39.7775	0.8230	0.8258	5.0000	-9999.0000	-9999.0000	-9999.0000	-9999.0000	-9999.0000	-9999.0000	19.7706	3	0	30.3591	1.0000	99	9	-9999.0000	35191	45374	-9999	2640	5270	-9999	336.1542	5	0.6615	0.6627	-0.0000	57.5688	0.5871	477.6606	515.3684	40.5324	473.3628	95.0694	471.9509	94.2361	477.2968	94.3981	479.5916	94.9074	
22/08/2017	00:31:52	011992	G523089679HLR	L523	S		441.5660	1.0292	5.8981	100.0117	39.7379	0.8430	0.8280	5.0000	18.4993	508.0630	94.9537	17.8294	24.7000	0.9300	0.9208	0.6633	-0.0001	508.0000	507.1554	1.0275	8.3612	100.1187	39.5377	0.8230	0.8261	5.0000	-9999.0000	-9999.0000	-9999.0000	-9999.0000	-9999.0000	-9999.0000	19.5516	4	0	31.2387	1.0000	99	9	-9999.0000	35192	45375	-9999	2641	5271	-9999	336.4093	5	0.6613	0.6633	-0.0001	57.4814	0.5761	482.2179	525.5703	38.2639	477.8348	94.9306	478.7344	95.2315	481.8859	95.3472	484.9419	95.1852	
22/08/2017	00:32:17	011992	G523089674HLR	L523	S		438.2697	1.0292	6.2859	100.0554	39.8076	0.8430	0.8284	5.0000	18.7599	508.0734	94.9537	19.3196	24.8000	0.9300	0.9207	0.6643	-0.0001	508.0000	508.0065	1.0275	8.2770	99.9577	39.9234	0.8230	0.8271	5.0000	-9999.0000	-9999.0000	-9999.0000	-9999.0000	-9999.0000	-9999.0000	19.9694	5	0	24.9985	1.0000	99	9	-9999.0000	35193	45376	-9999	2642	5272	-9999	336.2793	5	0.6495	0.6643	-0.0001	65.4361	0.1274	480.7806	505.3223	38.9120	475.5543	94.6759	474.8529	95.0231	480.4439	95.2083	483.2179	95.1389	
22/08/2017	00:32:42	011992	G523089676HLR	L523	S		437.5375	1.0292	6.3721	100.0418	39.9650	0.8430	0.8283	5.0000	19.0900	508.0278	94.9306	18.7991	24.8000	0.9300	0.9207	0.6640	-0.0001	508.0000	506.3624	1.0275	8.4397	100.0165	39.7595	0.8230	0.8258	5.0000	-9999.0000	-9999.0000	-9999.0000	-9999.0000	-9999.0000	-9999.0000	20.2285	6	0	24.9394	1.0000	99	9	-9999.0000	35194	45377	-9999	2643	5273	-9999	336.1413	5	0.6495	0.6640	-0.0001	59.0960	0.5029	480.2924	516.4323	36.5509	475.1174	94.5370	474.7312	94.6296	479.7508	94.6065	481.8698	94.8148	
22/08/2017	00:33:11	011992	G523089677HLR	L523	S		439.1266	1.0292	6.1851	100.0742	39.8166	0.8430	0.8279	5.0000	18.6693	508.0169	94.9306	19.3987	24.7000	0.9300	0.9206	0.6651	-0.0002	508.0000	506.1349	1.0275	8.4622	100.1509	39.5224	0.8230	0.8259	5.0000	-9999.0000	-9999.0000	-9999.0000	-9999.0000	-9999.0000	-9999.0000	19.6841	7	0	28.8388	1.0000	99	9	-9999.0000	35195	45378	-9999	2644	5274	-9999	336.0827	5	0.6497	0.6651	-0.0002	66.4907	0.0839	478.0322	506.3794	39.3750	475.2125	94.5370	473.8410	94.7222	477.7380	94.8380	480.3830	95.0463	
22/08/2017	00:33:41	011992	G523089678HLR	L523	S		438.3848	1.0292	6.2724	100.0000	39.7822	0.8430	0.8282	5.0000	18.8405	508.0503	94.8380	20.4690	24.7000	0.9300	0.9206	0.6630	-0.0000	508.0000	507.9014	1.0275	8.2874	99.8928	39.8160	0.8230	0.8273	5.0000	-9999.0000	-9999.0000	-9999.0000	-9999.0000	-9999.0000	-9999.0000	19.1117	8	0	30.1687	1.0000	99	9	-9999.0000	35196	45379	-9999	2645	5275	-9999	336.0217	5	0.6504	0.6630	-0.0000	66.6174	0.0743	476.4568	512.4076	37.9398	473.3139	94.9769	472.1924	94.5602	476.3043	94.6759	479.5111	94.9306	
22/08/2017	00:34:07	011992	G523089675HLR	L523	S		441.1157	1.0292	5.9511	100.0573	39.9319	0.8430	0.8284	5.0000	18.7496	508.0761	94.9537	13.2798	24.6000	0.9300	0.9206	0.6630	-0.0000	508.0000	507.5984	1.0275	8.3173	100.0403	39.9892	0.8230	0.8266	5.0000	-9999.0000	-9999.0000	-9999.0000	-9999.0000	-9999.0000	-9999.0000	19.2613	1	0	26.0890	1.0000	99	9	-9999.0000	35197	45380	-9999	2645	5276	-9999	336.5992	5	0.6504	0.6630	-0.0000	66.6174	0.0743	490.6282	527.4373	39.4444	483.3515	95.2083	485.5955	94.6296	490.4287	94.7685	494.0630	95.0000	
22/08/2017	00:34:40	011992	G523089665HLR	L523	S		442.8915	1.0292	5.7422	99.9990	39.8385	0.8430	0.8280	5.0000	18.5694	508.0390	94.9074	12.8501	24.6000	0.9300	0.9206	0.6627	-0.0000	508.0000	507.5177	1.0275	8.3253	100.0598	39.5623	0.8230	0.8256	5.0000	-9999.0000	-9999.0000	-9999.0000	-9999.0000	-9999.0000	-9999.0000	19.9491	2	0	33.6187	1.0000	99	9	-9999.0000	35198	45381	-9999	2646	5277	-9999	336.6230	5	0.6507	0.6627	-0.0000	65.9103	0.1021	490.6001	529.5933	38.9583	483.4553	95.0694	486.1230	94.6991	490.1033	94.9769	493.2824	95.0694	
22/08/2017	00:35:15	011992	G523089666HLR	L523	S		440.5219	1.0292	6.0210	100.1105	39.7424	0.8430	0.8280	5.0000	18.7190	508.0731	94.9537	17.9192	24.6000	0.9300	0.9207	0.6636	-0.0001	508.0000	508.4288	1.0275	8.2352	100.0035	39.7000	0.8230	0.8268	5.0000	-9999.0000	-9999.0000	-9999.0000	-9999.0000	-9999.0000	-9999.0000	19.6691	3	0	34.7886	1.0000	99	9	-9999.0000	35199	45382	-9999	2647	5278	-9999	336.6764	5	0.6507	0.6636	-0.0001	60.3360	0.4251	482.7191	546.7633	40.9722	480.9801	95.5093	478.5941	94.6991	482.1903	95.0000	485.3245	95.0926	
22/08/2017	00:35:49	011992	G523089667HLR	L523	S		438.7228	1.0292	6.2326	100.0288	39.8347	0.8430	0.8284	5.0000	18.3900	508.0390	94.9306	19.4192	24.5000	0.9300	0.9207	0.6643	-0.0001	508.0000	507.6172	1.0275	8.3155	100.0507	40.0044	0.8230	0.8266	5.0000	-9999.0000	-9999.0000	-9999.0000	-9999.0000	-9999.0000	-9999.0000	19.7520	4	0	33.3691	1.0000	99	9	-9999.0000	35200	45383	-9999	2648	5279	-9999	336.6123	5	0.6508	0.6643	-0.0001	66.8727	0.0574	478.7224	540.1049	39.6991	475.6246	95.4398	475.3961	94.7454	478.3044	94.8148	481.6822	95.0231	
22/08/2017	00:36:14	011992	G523089671HLR	L523	S		439.5860	1.0292	6.1311	100.0826	40.0082	0.8430	0.8282	5.0000	18.6798	508.0691	94.9537	15.1889	24.4000	0.9300	0.9205	0.6643	-0.0001	508.0000	507.3233	1.0275	8.3446	99.9845	39.5587	0.8230	0.8257	5.0000	-9999.0000	-9999.0000	-9999.0000	-9999.0000	-9999.0000	-9999.0000	19.7777	5	0	25.0391	1.0000	99	9	-9999.0000	35201	45384	-9999	2649	5280	-9999	336.8397	5	0.6508	0.6643	-0.0001	66.8727	0.0574	484.4259	508.4236	37.7546	479.2357	95.1157	479.4189	94.9537	483.9190	95.1157	487.4412	95.1157	
22/08/2017	00:36:46	011992	G523089673HLR	L523	S		438.5249	1.0292	6.2559	99.9888	39.7786	0.8430	0.8278	5.0000	18.4095	508.0249	95.0231	22.7687	24.4000	0.9300	0.9206	0.6645	-0.0001	508.0000	509.3232	1.0275	8.1467	100.0299	39.8000	0.8230	0.8271	5.0000	-9999.0000	-9999.0000	-9999.0000	-9999.0000	-9999.0000	-9999.0000	19.3259	6	0	32.0789	1.0000	99	9	-9999.0000	35202	45385	-9999	2650	5280	-9999	336.3534	5	0.6511	0.6645	-0.0001	65.3337	0.1239	475.0317	514.1794	38.4722	470.7772	94.8843	471.9160	94.9537	474.9594	95.1852	477.5437	95.1157	
22/08/2017	00:37:28	011992	G523089051HLR	L523	S		438.5671	1.0292	6.2509	100.0223	39.7842	0.8430	0.8282	5.0000	18.3792	508.0446	94.9537	23.8693	24.3000	0.9300	0.9205	0.6643	-0.0001	508.0000	511.0640	1.0275	7.9744	99.9965	39.8667	0.8230	0.8267	5.0000	-9999.0000	-9999.0000	-9999.0000	-9999.0000	-9999.0000	-9999.0000	19.7608	7	0	41.8691	1.0000	99	9	-9999.0000	35203	45386	-9999	2651	5281	-9999	336.5220	5	0.6629	0.6643	-0.0001	58.3956	0.5328	476.3929	530.7487	39.1435	472.5889	94.9537	472.4085	94.8380	475.9424	94.9537	479.5026	95.0463	
22/08/2017	00:37:55	011992	G523089053HLR	L523	S		436.9688	1.0292	6.4390	100.0142	40.0198	0.8430	0.8284	5.0000	18.4946	508.0135	95.0000	22.5285	24.2000	0.9300	0.9205	0.6649	-0.0001	508.0000	509.8203	1.0275	8.0975	100.0884	39.6413	0.8230	0.8258	5.0000	-9999.0000	-9999.0000	-9999.0000	-9999.0000	-9999.0000	-9999.0000	20.2509	8	0	27.8189	1.0000	99	9	-9999.0000	35204	45387	-9999	2652	5282	-9999	336.5928	5	0.6630	0.6649	-0.0001	59.5439	0.4717	476.2220	543.5650	39.7222	471.7894	95.2315	472.0455	94.7685	475.8875	94.8611	478.3581	94.9769	
22/08/2017	00:38:28	011992	G523089661HLR	L523	S		440.4020	1.0292	6.0351	100.0061	39.7496	0.8430	0.8277	5.0000	19.6542	508.0594	94.9537	13.4399	24.1000	0.9300	0.9205	0.6649	-0.0001	508.0000	507.5243	1.0275	8.3247	99.9401	39.8309	0.8230	0.8267	5.0000	-9999.0000	-9999.0000	-9999.0000	-9999.0000	-9999.0000	-9999.0000	19.2027	1	0	32.1784	1.0000	99	9	-9999.0000	35205	45387	-9999	2653	5283	-9999	337.1411	5	0.6630	0.6649	-0.0001	59.5439	0.4717	485.6142	510.5294	37.8935	479.4885	94.8843	482.1740	94.6065	485.0471	94.5833	488.9610	95.0463	
22/08/2017	00:39:03	011992	G523089662HLR	L523	S		438.2720	1.0292	6.2857	100.0096	39.8186	0.8430	0.8284	5.0000	18.4770	508.0287	94.9074	21.3000	24.1000	0.9300	0.9206	0.6682	-0.0003	508.0000	508.4396	1.0275	8.2341	99.9694	39.6617	0.8230	0.8263	5.0000	-9999.0000	-9999.0000	-9999.0000	-9999.0000	-9999.0000	-9999.0000	18.9985	2	0	35.1284	1.0000	99	9	-9999.0000	35206	45388	-9999	2654	5284	-9999	336.3294	5	0.6624	0.6682	-0.0003	58.3621	0.5507	475.6425	494.1290	40.1157	470.3234	95.3241	470.2880	94.8843	474.9867	95.1620	478.3109	95.1157	
22/08/2017	00:39:35	011992	G523089664HLR	L523	S		439.2270	1.0292	6.1733	100.0145	39.9561	0.8430	0.8284	5.0000	18.4633	439.4501	94.9769	31.0086	24.0000	0.9300	0.9205	0.6686	-0.0004	508.0000	507.9450	1.0275	8.2830	100.0005	39.8000	0.8230	0.8270	5.0000	-9999.0000	-9999.0000	-9999.0000	-9999.0000	-9999.0000	-9999.0000	18.8521	3	0	32.6387	1.0000	99	9	-9999.0000	35207	45389	-9999	2655	5285	-9999	289.3745	5	0.6621	0.6686	-0.0004	57.5794	0.6002	365.4369	512.9134	40.6250	358.5713	96.7593	359.0289	95.2546	366.6943	95.4630	393.1535	94.8380	
22/08/2017	00:40:06	011992	G523089050HLR	L523	S		438.8174	1.0292	6.2215	100.0261	39.8257	0.8430	0.8279	5.0000	18.4694	508.0121	94.9769	17.0189	23.9000	0.9300	0.9204	0.6690	-0.0004	508.0000	510.1563	1.0275	8.0642	99.9103	39.7576	0.8230	0.8263	5.0000	-9999.0000	-9999.0000	-9999.0000	-9999.0000	-9999.0000	-9999.0000	19.2384	4	0	30.2392	1.0000	99	9	-9999.0000	35208	45390	-9999	2656	5286	-9999	336.6348	5	0.6621	0.6690	-0.0004	58.5495	0.5644	480.0146	534.7492	39.1204	474.2318	94.5833	475.9492	94.4213	479.7564	94.5139	482.8590	94.8843	
22/08/2017	00:40:34	011992	G523089046HLR	L523	S		436.5577	1.0292	6.4873	99.9911	39.8168	0.8430	0.8283	5.0000	18.3340	508.0724	94.9769	21.3000	23.9000	0.9300	0.9207	0.6689	-0.0004	508.0000	509.2300	1.0275	8.1559	99.9903	39.6557	0.8230	0.8265	5.0000	-9999.0000	-9999.0000	-9999.0000	-9999.0000	-9999.0000	-9999.0000	19.2619	5	0	28.1786	1.0000	99	9	-9999.0000	35209	45391	-9999	2657	5287	-9999	335.8305	5	0.6621	0.6689	-0.0004	58.5406	0.5663	472.6057	525.6636	40.6944	470.3430	94.9074	468.4638	94.7685	472.2047	94.9306	475.8721	95.0463	
22/08/2017	00:41:03	011992	G523089036HLR	L523	S		438.1899	1.0292	6.2953	100.0352	39.9192	0.8430	0.8283	5.0000	18.4096	508.0524	95.0231	24.3292	23.9000	0.9300	0.9207	0.6698	-0.0004	508.0000	510.1750	1.0275	8.0624	99.9292	39.8381	0.8230	0.8269	5.0000	-9999.0000	-9999.0000	-9999.0000	-9999.0000	-9999.0000	-9999.0000	19.2667	6	0	29.2856	1.0000	99	9	-9999.0000	35210	45392	-9999	2658	5288	-9999	335.2444	5	0.6524	0.6698	-0.0004	58.0031	0.5920	471.5194	524.6080	40.6944	469.0807	95.3241	467.7868	94.9306	471.1322	95.0463	473.0037	94.9537	
22/08/2017	00:41:37	011992	G523089035HLR	L523	S		437.5425	1.0292	6.3715	100.0594	39.8277	0.8430	0.8280	5.0000	18.7990	508.0473	94.9537	21.6984	24.0000	0.9300	0.9207	0.6707	-0.0005	508.0000	510.6174	1.0275	8.0186	99.9902	39.7130	0.8230	0.8261	5.0000	-9999.0000	-9999.0000	-9999.0000	-9999.0000	-9999.0000	-9999.0000	19.8984	7	0	33.7627	1.0000	99	9	-9999.0000	35211	45393	-9999	2659	5289	-9999	335.7373	5	0.6520	0.6707	-0.0005	60.3776	0.4864	473.1406	530.9000	37.9861	470.2987	95.7176	469.9426	94.6759	472.7413	94.8843	476.3472	95.0231	
22/08/2017	00:42:12	011992	G523089025HLR	L523	S		439.7544	1.0292	6.1112	99.9995	39.7886	0.8430	0.8282	5.0000	18.4300	508.0481	94.9769	19.3089	24.0000	0.9300	0.9208	0.6705	-0.0005	508.0000	508.4884	1.0275	8.2293	99.9904	39.6585	0.8230	0.8264	5.0000	-9999.0000	-9999.0000	-9999.0000	-9999.0000	-9999.0000	-9999.0000	19.7342	8	0	34.6482	1.0000	99	9	-9999.0000	35212	45394	-9999	2660	5290	-9999	336.2553	5	0.6517	0.6705	-0.0005	66.1458	0.2022	475.2710	508.6179	38.1713	467.0399	95.1157	470.5674	95.2315	474.9494	95.1157	478.2223	95.0463	
22/08/2017	00:42:42	011992	G523089037HLR	L523	S		439.0380	1.0292	6.1955	100.0257	39.9094	0.8430	0.8284	5.0000	18.7197	508.0452	94.9769	17.2201	24.1000	0.9300	0.9208	0.6711	-0.0005	508.0000	509.0154	1.0275	8.1771	99.9520	39.8556	0.8230	0.8265	5.0000	-9999.0000	-9999.0000	-9999.0000	-9999.0000	-9999.0000	-9999.0000	20.2607	1	0	30.4295	1.0000	99	9	-9999.0000	35213	45395	-9999	2661	5291	-9999	336.5979	5	0.6511	0.6711	-0.0005	65.6395	0.2409	479.7131	530.8964	36.5278	470.4896	95.3241	473.1150	95.2315	479.3397	95.3935	481.1013	95.2083	
22/08/2017	00:43:13	011992	G523089038HLR	L523	S		439.3630	1.0292	6.1573	99.9847	39.8224	0.8430	0.8280	5.0000	18.3771	508.0361	94.9769	18.3695	24.2000	0.9300	0.9209	0.6699	-0.0005	508.0000	507.3588	1.0275	8.3411	100.0264	39.6427	0.8230	0.8260	5.0000	-9999.0000	-9999.0000	-9999.0000	-9999.0000	-9999.0000	-9999.0000	19.9296	2	0	31.0487	1.0000	99	9	-9999.0000	35214	45396	-9999	2662	5292	-9999	336.1496	5	0.6503	0.6699	-0.0005	62.7655	0.4112	475.4419	515.7936	37.8935	467.1269	95.0926	470.9909	94.8843	475.1515	95.0463	477.3004	95.0926	
22/08/2017	00:43:46	011992	G523089029HLR	L523	S		437.3086	1.0292	6.3990	100.0438	39.7946	0.8430	0.8281	5.0000	18.6597	508.0493	95.0463	22.8586	24.3000	0.9300	0.9209	0.6708	-0.0005	508.0000	507.7494	1.0275	8.3024	99.9834	39.7673	0.8230	0.8268	5.0000	-9999.0000	-9999.0000	-9999.0000	-9999.0000	-9999.0000	-9999.0000	19.5473	3	0	32.6686	1.0000	99	9	-9999.0000	35215	45397	-9999	2663	5293	-9999	334.8474	5	0.6505	0.6708	-0.0005	61.4565	0.4712	471.6224	503.5122	38.2176	465.6440	94.9306	467.3713	95.0231	471.0710	95.1389	473.1358	95.0463	
22/08/2017	00:44:14	011992	G523089042HLR	L523	S		438.3944	1.0292	6.2712	100.0666	39.8699	0.8430	0.8283	5.0000	18.9885	508.0275	94.9537	23.7892	24.3000	0.9300	0.9209	0.6705	-0.0005	508.0000	508.9666	1.0275	8.1819	100.0126	39.8543	0.8230	0.8266	5.0000	-9999.0000	-9999.0000	-9999.0000	-9999.0000	-9999.0000	-9999.0000	19.4809	4	0	28.1485	1.0000	99	9	-9999.0000	35216	45398	-9999	2664	5294	-9999	334.4708	5	0.6508	0.6705	-0.0005	61.5872	0.4685	471.2292	508.1752	36.5509	463.7295	94.9537	467.2519	94.9769	470.7865	95.1389	473.8381	95.0694	
22/08/2017	00:44:46	011992	G523089041HLR	L523	S		436.5504	1.0292	6.4882	100.0302	39.8477	0.8430	0.8281	5.0000	18.4290	508.0062	94.9537	19.5891	24.3000	0.9300	0.9208	0.6719	-0.0006	508.0000	508.3216	1.0275	8.2458	99.9985	39.6621	0.8230	0.8262	5.0000	-9999.0000	-9999.0000	-9999.0000	-9999.0000	-9999.0000	-9999.0000	19.1388	5	0	31.8289	1.0000	99	9	-9999.0000	35217	45398	-9999	2665	5295	-9999	335.5018	5	0.6511	0.6719	-0.0006	67.5305	0.1293	475.5086	540.7575	38.5185	468.2244	95.3935	469.8028	94.7685	475.0024	94.9074	478.2630	95.0231	
22/08/2017	00:45:15	011992	G523089022HLR	L523	S		437.7679	1.0292	6.3449	100.0451	39.7792	0.8430	0.8282	5.0000	18.6488	508.0593	94.9769	20.1594	24.4000	0.9300	0.9208	0.6700	-0.0005	508.0000	507.8339	1.0275	8.2940	99.9700	39.7687	0.8230	0.8266	5.0000	-9999.0000	-9999.0000	-9999.0000	-9999.0000	-9999.0000	-9999.0000	20.3011	6	0	29.8100	1.0000	99	9	-9999.0000	35217	45399	-9999	2666	5296	-9999	335.4085	5	0.6506	0.6700	-0.0005	70.7835	-0.0143	473.6080	529.4205	39.3750	465.8762	95.1852	467.5686	94.9074	472.8545	95.0463	476.4220	95.0694	
22/08/2017	00:45:42	011992	G523089024HLR	L523	S		437.9572	1.0292	6.3227	99.9866	39.9172	0.8430	0.8284	5.0000	18.5082	508.0514	95.0000	21.7590	24.5000	0.9300	0.9208	0.6714	-0.0006	508.0000	508.9629	1.0275	8.1823	100.0867	39.8823	0.8230	0.8267	5.0000	-9999.0000	-9999.0000	-9999.0000	-9999.0000	-9999.0000	-9999.0000	19.3403	7	0	27.0786	1.0000	99	9	-9999.0000	35218	45400	-9999	2667	5297	-9999	335.0440	5	0.6502	0.6714	-0.0006	70.8432	-0.0148	474.0631	542.3787	39.7454	468.5269	95.2315	470.5704	94.6991	473.3627	94.8148	475.9848	94.9306	
22/08/2017	00:46:12	011992	G523089031HLR	L523	S		438.1641	1.0292	6.2983	100.0808	39.8505	0.8430	0.8280	5.0000	18.7454	508.0284	94.9769	17.2689	24.5000	0.9300	0.9207	0.6714	-0.0006	508.0000	507.8868	1.0275	8.2888	99.9630	39.6499	0.8230	0.8260	5.0000	-9999.0000	-9999.0000	-9999.0000	-9999.0000	-9999.0000	-9999.0000	19.3388	8	0	29.9677	1.0000	99	9	-9999.0000	35219	45401	-9999	2668	5298	-9999	336.0784	5	0.6596	0.6714	-0.0006	66.0046	0.2356	477.9249	506.3195	40.7407	474.1501	94.4444	473.0730	95.2315	477.6720	95.3472	480.8684	95.1620	
22/08/2017	01:35:07	011992	error reading	L523	S		0.0000	0.0000	0.0000	0.0000	0.0000	0.8430	0.0000	0.0000	0.0000	0.0000	0.0000	0.0000	0.0000	0.9300	0.0000	0.0000	0.0000	0.0000	0.0000	0.0000	0.0000	0.0000	0.0000	0.8230	0.0000	0.0000	0.0000	0.0000	0.0000	0.0000	0.0000	0.0000	0.0000	0	28	2.5596	1.0000	99	9	0.0000	0	0	0	0	0	-9999	0.0000	0	0.0000	0.0000	0.0000	0.0000	0.0000	0.0000	0.0000	0.0000	0.0000	0.0000	0.0000	0.0000	0.0000	0.0000	0.0000	0.0000	
22/08/2017	01:35:30	011992	error reading	L523	S		0.0000	0.0000	0.0000	0.0000	0.0000	0.8430	0.0000	0.0000	0.0000	0.0000	0.0000	0.0000	0.0000	0.9300	0.0000	0.0000	0.0000	0.0000	0.0000	0.0000	0.0000	0.0000	0.0000	0.8230	0.0000	0.0000	0.0000	0.0000	0.0000	0.0000	0.0000	0.0000	0.0000	0	28	2.5596	1.0000	99	9	0.0000	0	0	0	0	0	0	0.0000	0	0.0000	0.0000	0.0000	0.0000	0.0000	0.0000	0.0000	0.0000	0.0000	0.0000	0.0000	0.0000	0.0000	0.0000	0.0000	0.0000	
22/08/2017	01:35:53	011992	error reading	L523	S		0.0000	0.0000	0.0000	0.0000	0.0000	0.8430	0.0000	0.0000	0.0000	0.0000	0.0000	0.0000	0.0000	0.9300	0.0000	0.0000	0.0000	0.0000	0.0000	0.0000	0.0000	0.0000	0.0000	0.8230	0.0000	0.0000	0.0000	0.0000	0.0000	0.0000	0.0000	0.0000	0.0000	0	28	2.5596	1.0000	99	9	0.0000	0	0	0	0	0	0	0.0000	0	0.0000	0.0000	0.0000	0.0000	0.0000	0.0000	0.0000	0.0000	0.0000	0.0000	0.0000	0.0000	0.0000	0.0000	0.0000	0.0000	
22/08/2017	01:39:31	011992	error reading	L523	S		0.0000	0.0000	0.0000	0.0000	0.0000	0.8430	0.0000	0.0000	0.0000	0.0000	0.0000	0.0000	0.0000	0.9300	0.0000	0.0000	0.0000	0.0000	0.0000	0.0000	0.0000	0.0000	0.0000	0.8230	0.0000	0.0000	0.0000	0.0000	0.0000	0.0000	0.0000	0.0000	0.0000	0	28	2.5596	1.0000	99	9	0.0000	0	0	0	0	0	0	0.0000	0	0.0000	0.0000	0.0000	0.0000	0.0000	0.0000	0.0000	0.0000	0.0000	0.0000	0.0000	0.0000	0.0000	0.0000	0.0000	0.0000	
22/08/2017	01:39:54	011992	error reading	L523	S		0.0000	0.0000	0.0000	0.0000	0.0000	0.8430	0.0000	0.0000	0.0000	0.0000	0.0000	0.0000	0.0000	0.9300	0.0000	0.0000	0.0000	0.0000	0.0000	0.0000	0.0000	0.0000	0.0000	0.8230	0.0000	0.0000	0.0000	0.0000	0.0000	0.0000	0.0000	0.0000	0.0000	0	28	2.5596	1.0000	99	9	0.0000	0	0	0	0	0	0	0.0000	0	0.0000	0.0000	0.0000	0.0000	0.0000	0.0000	0.0000	0.0000	0.0000	0.0000	0.0000	0.0000	0.0000	0.0000	0.0000	0.0000	
22/08/2017	01:41:52	011992	error reading	L523	S		0.0000	0.0000	0.0000	0.0000	0.0000	0.8430	0.0000	0.0000	0.0000	0.0000	0.0000	0.0000	0.0000	0.9300	0.0000	0.0000	0.0000	0.0000	0.0000	0.0000	0.0000	0.0000	0.0000	0.8230	0.0000	0.0000	0.0000	0.0000	0.0000	0.0000	0.0000	0.0000	0.0000	0	28	0.0000	1.0000	99	9	0.0000	0	0	0	0	0	0	0.0000	0	0.0000	0.0000	0.0000	0.0000	0.0000	0.0000	0.0000	0.0000	0.0000	0.0000	0.0000	0.0000	0.0000	0.0000	0.0000	0.0000	
22/08/2017	01:42:15	011992	error reading	L523	S		0.0000	0.0000	0.0000	0.0000	0.0000	0.8430	0.0000	0.0000	0.0000	0.0000	0.0000	0.0000	0.0000	0.9300	0.0000	0.0000	0.0000	0.0000	0.0000	0.0000	0.0000	0.0000	0.0000	0.8230	0.0000	0.0000	0.0000	0.0000	0.0000	0.0000	0.0000	0.0000	0.0000	0	28	0.0000	1.0000	99	9	0.0000	0	0	0	0	0	0	0.0000	0	0.0000	0.0000	0.0000	0.0000	0.0000	0.0000	0.0000	0.0000	0.0000	0.0000	0.0000	0.0000	0.0000	0.0000	0.0000	0.0000	
22/08/2017	01:53:19	011992	G523089010HLR	L523	S		441.6313	1.0292	5.8904	99.9667	40.5032	0.8430	0.8336	5.0000	19.1805	508.0593	95.0231	19.8790	25.4000	0.9300	0.9208	0.6733	-0.0006	508.0000	505.7834	1.0275	8.4970	100.0250	38.6932	0.8230	0.8272	5.0000	-9999.0000	-9999.0000	-9999.0000	-9999.0000	-9999.0000	-9999.0000	22.3082	2	0	30.8384	1.0000	99	9	-9999.0000	35225	45406	-9999	2671	5300	-9999	335.5810	5	0.6603	0.6733	-0.0006	66.4112	0.1773	447.2789	336.4948	38.6111	447.9178	70.6713	438.6170	72.2685	441.1164	72.4306	464.9579	93.0556	
22/08/2017	01:53:52	011992	G523089089HLR	L523	S		437.7393	1.0292	6.3483	99.9823	39.8497	0.8430	0.8294	5.0000	18.8596	508.0252	95.0231	22.0889	25.5000	0.9300	0.9207	0.6733	-0.0006	508.0000	505.2680	1.0275	8.5480	99.9018	39.4393	0.8230	0.8304	5.0000	-9999.0000	-9999.0000	-9999.0000	-9999.0000	-9999.0000	-9999.0000	21.5734	3	0	32.4586	1.0000	99	9	-9999.0000	35226	45407	-9999	2672	5301	-9999	334.7799	5	0.6603	0.6733	-0.0006	66.4112	0.1773	464.3767	450.8406	38.5417	460.0401	89.0046	460.0709	89.9769	463.2981	89.8611	468.7630	96.6667	
22/08/2017	01:54:17	011992	G523089091HLR	L523	S		438.0604	1.0292	6.3105	99.9738	38.7307	0.8430	0.8286	5.0000	19.0695	508.0754	94.9306	19.3693	25.5000	0.9300	0.9203	0.6733	-0.0006	508.0000	506.4352	1.0275	8.4325	99.9306	39.9178	0.8230	0.8284	5.0000	-9999.0000	-9999.0000	-9999.0000	-9999.0000	-9999.0000	-9999.0000	22.2984	4	0	25.0496	1.0000	99	9	-9999.0000	35227	45408	-9999	2673	5302	-9999	335.7666	5	0.6603	0.6733	-0.0006	66.4112	0.1773	473.0164	475.1357	37.3148	467.5126	93.4491	468.6212	93.4722	472.5484	93.4491	475.8791	94.6759	
22/08/2017	01:54:42	011992	G523088377HLR	L523	S		442.8635	1.0292	5.7455	99.9809	39.7479	0.8430	0.8315	5.0000	18.8097	508.0521	94.9537	13.9994	25.5000	0.9300	0.9203	0.6733	-0.0006	508.0000	505.0866	1.0275	8.5659	100.0216	38.9675	0.8230	0.8263	5.0000	-9999.0000	-9999.0000	-9999.0000	-9999.0000	-9999.0000	-9999.0000	20.8172	5	0	25.1884	1.0000	99	9	-9999.0000	35228	45409	-9999	2674	5303	-9999	337.4834	5	0.6603	0.6733	-0.0006	66.4112	0.1773	481.9623	514.0795	36.5972	472.2290	93.1944	476.9664	94.3981	481.5037	94.4444	483.9704	94.7685	
22/08/2017	01:55:07	011992	G523089020HLR	L523	S		439.0273	1.0292	6.1968	99.9342	40.0154	0.8430	0.8289	5.0000	19.6079	508.0127	94.9769	19.8488	25.6000	0.9300	0.9205	0.6766	-0.0006	508.0000	507.2152	1.0275	8.3553	100.3032	39.2341	0.8230	0.8286	5.0000	-9999.0000	-9999.0000	-9999.0000	-9999.0000	-9999.0000	-9999.0000	21.5004	6	0	24.9396	1.0000	99	9	-9999.0000	35229	45410	-9999	2675	5304	-9999	337.0736	5	0.6630	0.6766	-0.0006	66.2497	0.1769	475.4595	518.7321	40.6250	467.4932	93.3333	469.6568	95.5324	474.6385	95.6944	477.5513	95.0694	
22/08/2017	01:55:21	011992	H421094232HLR	L523	S		0.0000	0.0000	0.0000	0.0000	0.0000	0.8430	0.0000	0.0000	0.0000	0.0000	0.0000	0.0000	0.0000	0.9300	0.0000	0.0000	0.0000	0.0000	0.0000	0.0000	0.0000	0.0000	0.0000	0.8230	0.0000	0.0000	0.0000	0.0000	0.0000	0.0000	0.0000	0.0000	0.0000	0	27	24.9396	1.0000	99	9	0.0000	0	0	0	0	0	0	0.0000	0	0.0000	0.0000	0.0000	0.0000	0.0000	0.0000	0.0000	0.0000	0.0000	0.0000	0.0000	0.0000	0.0000	0.0000	0.0000	0.0000	
22/08/2017	01:55:32	011992	G523089018HLR	L523	S		439.2118	1.0292	6.1751	100.0521	39.1449	0.8430	0.8276	5.0000	18.7589	508.0516	94.9769	21.5392	25.7000	0.9300	0.9205	0.6763	-0.0006	508.0000	506.7417	1.0275	8.4021	99.7765	40.0000	0.8230	0.8293	5.0000	-9999.0000	-9999.0000	-9999.0000	-9999.0000	-9999.0000	-9999.0000	21.3657	7	0	24.9687	1.0000	99	9	-9999.0000	35230	45411	-9999	2676	5305	-9999	336.7057	5	0.6630	0.6763	-0.0006	66.2699	0.1769	471.7866	496.7808	39.4676	462.4135	93.2407	467.4566	94.7222	471.3795	94.6528	475.1146	94.7917	
22/08/2017	01:55:57	011992	G523089012HLR	L523	S		488.3700	1.0292	0.3918	99.9276	39.3120	0.8430	0.8299	5.0000	18.6086	0.0000	0.0000	0.0000	0.0000	0.9300	0.0000	0.0000	0.0000	0.0000	507.4910	1.0275	8.3280	99.9476	39.6669	0.8230	0.8268	5.0000	-9999.0000	-9999.0000	-9999.0000	-9999.0000	-9999.0000	-9999.0000	20.3964	8	8	24.8193	1.0000	99	9	-9999.0000	35231	0	-9999	2677	5306	-9999	0.0000	0	0.0000	0.0000	0.0000	0.0000	0.0000	0.0000	0.0000	0.0000	0.0000	0.0000	0.0000	0.0000	0.0000	0.0000	0.0000	0.0000	
22/08/2017	01:59:03	011992	G523089011HLR	L523	S		486.4948	1.0292	0.6124	100.0130	40.1218	0.8430	0.8295	5.0000	18.4484	0.0000	0.0000	0.0000	0.0000	0.9300	0.0000	0.0000	0.0000	0.0000	507.3843	1.0275	8.3385	99.9872	39.0432	0.8230	0.8261	5.0000	-9999.0000	-9999.0000	-9999.0000	-9999.0000	-9999.0000	-9999.0000	20.8593	1	8	186.0832	1.0000	99	9	-9999.0000	35232	0	-9999	2678	5306	-9999	0.0000	0	0.0000	0.0000	0.0000	0.0000	0.0000	0.0000	0.0000	0.0000	0.0000	0.0000	0.0000	0.0000	0.0000	0.0000	0.0000	0.0000	
22/08/2017	01:59:28	011992	G523089014HLR	L523	S		488.9394	1.0292	0.3248	99.9828	39.4818	0.8430	0.8274	5.0000	19.6829	0.0000	0.0000	0.0000	0.0000	0.9300	0.0000	0.0000	0.0000	0.0000	507.9142	1.0275	8.2861	100.2515	39.4754	0.8230	0.8286	5.0000	-9999.0000	-9999.0000	-9999.0000	-9999.0000	-9999.0000	-9999.0000	20.4086	2	8	25.0784	1.0000	99	9	-9999.0000	35233	0	-9999	2679	5307	-9999	0.0000	0	0.0000	0.0000	0.0000	0.0000	0.0000	0.0000	0.0000	0.0000	0.0000	0.0000	0.0000	0.0000	0.0000	0.0000	0.0000	0.0000	
22/08/2017	02:00:10	011992	G523089034HLR	L523	S		485.9276	1.0292	0.6791	100.0022	39.2000	0.8430	0.8283	5.0000	19.8498	0.0000	0.0000	0.0000	0.0000	0.9300	0.0000	0.0000	0.0000	0.0000	507.3767	1.0275	8.3393	99.8753	39.8000	0.8230	0.8286	5.0000	-9999.0000	-9999.0000	-9999.0000	-9999.0000	-9999.0000	-9999.0000	21.6691	3	8	42.4776	1.0000	99	9	-9999.0000	35234	0	-9999	2680	5308	-9999	0.0000	0	0.0000	0.0000	0.0000	0.0000	0.0000	0.0000	0.0000	0.0000	0.0000	0.0000	0.0000	0.0000	0.0000	0.0000	0.0000	0.0000	
22/08/2017	02:00:43	011992	G523089032HLR	L523	S		487.0033	1.0292	0.5526	99.9589	39.8000	0.8430	0.8300	5.0000	18.4765	0.0000	0.0000	0.0000	0.0000	0.9300	0.0000	0.0000	0.0000	0.0000	507.9490	1.0275	8.2827	99.8453	39.5948	0.8230	0.8270	5.0000	-9999.0000	-9999.0000	-9999.0000	-9999.0000	-9999.0000	-9999.0000	20.9810	4	8	32.1893	1.0000	99	9	-9999.0000	35235	0	-9999	2681	5309	-9999	0.0000	0	0.0000	0.0000	0.0000	0.0000	0.0000	0.0000	0.0000	0.0000	0.0000	0.0000	0.0000	0.0000	0.0000	0.0000	0.0000	0.0000	
22/08/2017	02:17:41	011992	G523089093HLR	L523	S		436.3933	1.0292	6.5067	100.0269	40.1000	0.8430	0.8286	5.0000	21.6288	508.0330	94.9306	20.2590	26.3000	0.9300	0.9213	0.6763	-0.0006	508.0000	505.1062	1.0275	8.5640	99.8761	39.4000	0.8230	0.8276	5.0000	-9999.0000	-9999.0000	-9999.0000	-9999.0000	-9999.0000	-9999.0000	20.3179	5	0	1018.2312	1.0000	99	9	-9999.0000	35236	45412	-9999	2682	5310	-9999	337.3071	5	0.6644	0.6763	-0.0006	53.3501	0.6693	470.0368	425.4486	38.5417	463.7825	93.4722	464.4831	93.2639	469.6296	93.5880	472.6702	94.4676	
22/08/2017	02:18:18	011992	H421094232HLR	L523	S		657.4485	1.0292	10.0000	99.9984	39.4078	0.8430	0.8265	5.0000	19.4991	766.1991	95.1852	4.1591	26.3000	0.9300	0.0000	0.6763	-0.0006	508.0000	703.3336	1.0275	-2.7412	99.8403	39.7826	0.8230	0.8275	5.0000	-9999.0000	-9999.0000	-9999.0000	-9999.0000	-9999.0000	-9999.0000	20.4900	6	27	35.1288	1.0000	99	9	-9999.0000	35237	45413	-9999	2683	5311	-9999	516.2728	5	0.6644	0.6763	-0.0006	53.3501	0.6693	766.0805	463.1785	39.2824	726.3255	91.9907	756.4238	94.9074	765.4188	95.1852	0.0000	0.0000	
22/08/2017	02:20:35	011992	G523089049HLR	L523	S		439.8750	1.0292	6.0971	99.9746	39.4142	0.8430	0.8280	5.0000	18.9992	508.0517	94.9769	27.8886	26.1000	0.9300	0.9205	0.6763	-0.0006	508.0000	508.3568	1.0275	8.2423	99.8968	39.3832	0.8230	0.8275	5.0000	-9999.0000	-9999.0000	-9999.0000	-9999.0000	-9999.0000	-9999.0000	21.6387	7	0	33.6887	1.0000	99	9	-9999.0000	35238	45414	-9999	2684	5312	-9999	334.9618	5	0.6644	0.6763	-0.0006	53.3501	0.6693	436.6738	476.7808	39.1435	374.6778	94.1667	417.9563	94.1667	435.5648	94.4213	443.7242	94.6759	
22/08/2017	02:20:44	011992	G523089047HLR	L523	S		437.1805	1.0292	6.4141	99.9598	39.4000	0.8430	0.8290	5.0000	19.9993	508.0181	94.9537	21.3888	25.8000	0.9300	0.9200	0.6759	-0.0006	508.0000	506.0943	1.0275	8.4662	99.8438	39.6774	0.8230	0.8278	5.0000	-9999.0000	-9999.0000	-9999.0000	-9999.0000	-9999.0000	-9999.0000	21.0389	8	0	107.3057	1.0000	99	9	-9999.0000	35239	45414	-9999	2685	5313	-9999	336.9166	5	0.6648	0.6759	-0.0006	53.0715	0.6967	473.9319	526.4659	38.8657	467.0820	92.8935	469.2212	96.2500	472.7137	95.9954	475.3715	95.1620	
22/08/2017	02:21:04	011992	G523089088HLR	L523	S		437.1890	1.0292	6.4131	99.9933	40.0516	0.8430	0.8289	5.0000	18.5393	508.0231	94.9306	20.7697	25.6000	0.9300	0.9200	0.6759	-0.0006	508.0000	507.3684	1.0275	8.3401	100.0060	39.3597	0.8230	0.8267	5.0000	-9999.0000	-9999.0000	-9999.0000	-9999.0000	-9999.0000	-9999.0000	21.1357	1	0	25.0792	1.0000	99	9	-9999.0000	35240	45415	-9999	2686	5314	-9999	337.3249	5	0.6648	0.6759	-0.0006	53.0715	0.6967	475.8596	516.6925	40.4630	468.4931	92.2917	472.1100	95.9028	475.3838	95.7639	477.8733	94.8148	
22/08/2017	02:21:29	011992	G523089095HLR	L523	S		438.4364	1.0292	6.2663	100.0021	39.2768	0.8430	0.8278	5.0000	19.5144	508.0345	95.0000	24.3389	23.6000	0.9300	0.9207	0.6769	-0.0006	508.0000	511.7406	1.0275	7.9074	100.0192	39.5000	0.8230	0.8278	5.0000	-9999.0000	-9999.0000	-9999.0000	-9999.0000	-9999.0000	-9999.0000	20.7686	2	0	25.2597	1.0000	99	9	-9999.0000	35241	45416	-9999	2687	5315	-9999	336.2846	5	0.6640	0.6769	-0.0006	58.7780	0.3959	462.4419	421.2837	40.8102	422.9922	92.2222	456.9722	92.7083	461.8033	92.7546	466.2682	94.5602	
22/08/2017	02:21:44	011992	G523089097HLR	L523	S		439.7077	1.0292	6.1167	99.9642	39.3936	0.8430	0.8281	5.0000	22.7100	508.0957	94.9769	22.7492	23.5000	0.9300	0.9204	0.6772	-0.0006	508.0000	511.9700	1.0275	7.8847	99.9583	39.7000	0.8230	0.8276	5.0000	-9999.0000	-9999.0000	-9999.0000	-9999.0000	-9999.0000	-9999.0000	21.6884	3	0	15.1488	1.0000	99	9	-9999.0000	35242	45417	-9999	2688	5316	-9999	336.5735	5	0.6642	0.6772	-0.0006	58.8253	0.4039	467.0880	505.5463	39.3519	461.9741	92.9398	463.4478	93.7731	466.6312	93.6574	470.1469	94.4213	
22/08/2017	02:26:22	011992	G523090395HLR	L523	S		438.5172	1.0292	6.2568	99.9548	39.4327	0.8430	0.8285	5.0000	18.7305	508.0586	94.9537	25.0791	24.5000	0.9300	0.9213	0.6806	-0.0008	508.0000	509.2527	1.0275	8.1536	100.1179	39.5481	0.8230	0.8277	5.0000	-9999.0000	-9999.0000	-9999.0000	-9999.0000	-9999.0000	-9999.0000	21.0348	5	0	30.9588	1.0000	99	9	-9999.0000	35243	45418	-9999	2689	5317	-9999	335.4697	5	0.6632	0.6806	-0.0008	47.5401	1.0468	462.2567	357.4881	34.9074	451.4170	93.4259	457.4851	92.8472	462.1095	92.9861	465.1749	94.7222	
22/08/2017	02:28:28	011992	G523090043HLR	L523	S		439.3228	1.0292	6.1620	99.9087	39.4417	0.8430	0.8288	5.0000	18.3294	508.0690	94.9769	19.9992	24.5000	0.9300	0.9212	0.6824	-0.0009	508.0000	509.9590	1.0275	8.0837	100.1111	39.5000	0.8230	0.8272	5.0000	-9999.0000	-9999.0000	-9999.0000	-9999.0000	-9999.0000	-9999.0000	20.3947	1	0	25.0294	1.0000	99	9	-9999.0000	35244	45419	-9999	2690	5318	-9999	337.6712	5	0.6628	0.6824	-0.0009	55.0235	0.6520	468.1825	421.6162	36.0648	456.5515	94.0278	463.1229	94.0278	467.5961	94.1667	471.2016	94.6065	
22/08/2017	02:28:59	011992	G523090033HLR	L523	S		439.5003	1.0292	6.1411	100.0337	39.8000	0.8430	0.8292	5.0000	18.5788	508.0235	94.9537	20.7492	24.2000	0.9300	0.9207	0.6824	-0.0009	508.0000	510.4719	1.0275	8.0330	100.0243	39.5000	0.8230	0.8273	5.0000	-9999.0000	-9999.0000	-9999.0000	-9999.0000	-9999.0000	-9999.0000	20.8571	2	0	31.7683	1.0000	99	9	-9999.0000	35245	45420	-9999	2691	5319	-9999	337.2790	5	0.6628	0.6824	-0.0009	55.0235	0.6520	467.1210	487.9650	37.4074	459.8165	93.9120	462.3875	94.6991	466.7283	94.7222	470.0338	94.8611	
22/08/2017	02:29:32	011992	G523090025HLR	L523	S		441.2320	1.0292	5.9374	100.0499	39.8162	0.8430	0.8283	5.0000	18.6193	508.0804	95.0000	22.4494	24.1000	0.9300	0.9206	0.6824	-0.0009	508.0000	511.1291	1.0275	7.9680	99.9600	39.6128	0.8230	0.8275	5.0000	-9999.0000	-9999.0000	-9999.0000	-9999.0000	-9999.0000	-9999.0000	20.5375	3	0	33.0594	1.0000	99	9	-9999.0000	35246	45421	-9999	2692	5320	-9999	336.5800	5	0.6628	0.6824	-0.0009	55.0235	0.6520	468.1087	488.3808	37.5926	458.8091	93.9352	464.3242	95.0694	467.6991	95.0926	470.1557	94.9769	
22/08/2017	02:30:04	011992	G523090051HLR	L523	S		437.7296	1.0292	6.3495	99.9499	39.3754	0.8430	0.8281	5.0000	18.5989	508.0664	94.9537	24.8692	24.1000	0.9300	0.9207	0.6857	-0.0010	508.0000	511.5256	1.0275	7.9287	100.0504	39.6000	0.8230	0.8270	5.0000	-9999.0000	-9999.0000	-9999.0000	-9999.0000	-9999.0000	-9999.0000	20.2814	4	0	31.4882	1.0000	99	9	-9999.0000	35247	45422	-9999	2693	5321	-9999	335.4558	5	0.6622	0.6857	-0.0010	66.0550	0.1690	466.1986	502.6502	37.8009	457.2921	94.1204	460.7705	95.6250	465.7986	95.6019	469.3615	95.0926	
22/08/2017	02:31:04	011992	G523090052HLR	L523	S		442.8811	1.0292	5.7434	99.9948	39.6176	0.8430	0.8278	5.0000	19.8896	508.0310	94.9306	20.8195	24.3000	0.9300	0.9212	0.6819	-0.0009	508.0000	511.2121	1.0275	7.9597	100.1066	39.5000	0.8230	0.8272	5.0000	-9999.0000	-9999.0000	-9999.0000	-9999.0000	-9999.0000	-9999.0000	20.1582	6	0	31.3582	1.0000	99	9	-9999.0000	35247	45423	-9999	2694	5322	-9999	337.1016	5	0.6612	0.6819	-0.0009	69.8186	0.0243	470.7445	489.6388	39.9769	460.6687	93.0787	466.4205	96.0648	470.6975	95.9954	472.6058	94.7454	
22/08/2017	02:31:35	011992	G523090062HLR	L523	S		441.2739	1.0292	5.9325	100.0494	39.4000	0.8430	0.8282	5.0000	21.9689	508.0250	95.0000	22.1085	24.2000	0.9300	0.9209	0.6790	-0.0008	508.0000	511.7689	1.0275	7.9046	99.9844	39.6693	0.8230	0.8275	5.0000	-9999.0000	-9999.0000	-9999.0000	-9999.0000	-9999.0000	-9999.0000	20.1299	7	0	31.1397	1.0000	99	9	-9999.0000	35248	45424	-9999	2695	5323	-9999	336.1373	5	0.6601	0.6790	-0.0008	63.8917	0.3179	470.6110	478.7004	36.9676	458.5032	93.1481	465.3549	95.9491	469.9337	95.7639	473.0311	94.7685	
22/08/2017	02:32:08	011992	G523090047HLR	L523	S		439.8185	1.0292	6.1037	99.9818	39.9000	0.8430	0.8292	5.0000	19.0902	508.0554	94.9306	20.6193	24.1000	0.9300	0.9209	0.6790	-0.0008	508.0000	510.1447	1.0275	8.0654	99.9731	39.6449	0.8230	0.8268	5.0000	-9999.0000	-9999.0000	-9999.0000	-9999.0000	-9999.0000	-9999.0000	20.2316	8	0	33.0083	1.0000	99	9	-9999.0000	35249	45425	-9999	2696	5324	-9999	336.2982	5	0.6601	0.6790	-0.0008	63.8917	0.3179	469.6638	499.0206	37.2454	461.8806	93.1944	465.5625	95.1620	469.3252	95.0926	472.2319	94.9537	
22/08/2017	02:32:42	011992	G523090038HLR	L523	S		441.5615	1.0292	5.8986	100.0563	39.7784	0.8430	0.8278	5.0000	18.9094	508.0482	94.9306	17.8098	24.1000	0.9300	0.9208	0.6827	-0.0010	508.0000	510.8607	1.0275	7.9945	100.1465	39.5000	0.8230	0.8269	5.0000	-9999.0000	-9999.0000	-9999.0000	-9999.0000	-9999.0000	-9999.0000	19.6995	1	0	33.5885	1.0000	99	9	-9999.0000	35250	45426	-9999	2697	5325	-9999	337.4829	5	0.6602	0.6827	-0.0010	55.7934	0.6839	473.3747	486.0823	37.9861	464.1744	92.9861	468.7475	94.6528	472.6697	94.5833	476.5012	94.8148	
22/08/2017	02:33:12	011992	G523090065HLR	L523	S		441.6725	1.0292	5.8856	99.9750	39.4000	0.8430	0.8282	5.0000	18.8488	508.0543	94.9306	20.4690	24.1000	0.9300	0.9208	0.6796	-0.0009	508.0000	510.3808	1.0275	8.0420	100.0291	39.6920	0.8230	0.8272	5.0000	-9999.0000	-9999.0000	-9999.0000	-9999.0000	-9999.0000	-9999.0000	20.5646	2	0	30.0789	1.0000	99	9	-9999.0000	35251	45427	-9999	2698	5326	-9999	336.0175	5	0.6593	0.6796	-0.0009	58.0922	0.5830	468.7084	501.4650	37.4769	459.6248	93.6343	463.8461	94.6528	468.1916	94.6991	471.6703	94.9074	
22/08/2017	02:33:42	011992	G523089837HLR	L523	S		440.0171	1.0292	6.0803	100.0730	39.9000	0.8430	0.8294	5.0000	18.9894	508.0261	94.9537	20.1896	24.1000	0.9300	0.9208	0.6788	-0.0009	508.0000	509.6200	1.0275	8.1173	99.9763	39.6281	0.8230	0.8269	5.0000	-9999.0000	-9999.0000	-9999.0000	-9999.0000	-9999.0000	-9999.0000	19.6196	3	0	29.8486	1.0000	99	9	-9999.0000	35252	45428	-9999	2699	5327	-9999	335.7182	5	0.6586	0.6788	-0.0009	55.4383	0.7150	467.3551	500.9448	38.3796	461.5521	93.7731	463.0893	93.4028	467.1102	93.3565	471.4209	95.0694	
22/08/2017	02:34:12	011992	G523089865HLR	L523	S		439.5926	1.0292	6.1303	100.0739	39.9184	0.8430	0.8281	5.0000	18.5500	508.0451	94.9769	22.1486	24.1000	0.9300	0.9208	0.6727	-0.0006	508.0000	509.2253	1.0275	8.1563	100.0030	39.5295	0.8230	0.8269	5.0000	-9999.0000	-9999.0000	-9999.0000	-9999.0000	-9999.0000	-9999.0000	19.4991	4	0	30.1689	1.0000	99	9	-9999.0000	35253	45429	-9999	2700	5328	-9999	334.6438	5	0.6590	0.6727	-0.0006	62.4740	0.3772	467.8696	486.2725	39.3750	460.8068	93.7731	463.6917	94.0278	467.5248	94.0972	470.6205	94.6528	
22/08/2017	02:34:46	011992	G523089860HLR	L523	S		439.5627	1.0292	6.1338	100.0243	39.4212	0.8430	0.8279	5.0000	18.6487	508.0880	94.9769	22.6584	24.1000	0.9300	0.9208	0.6711	-0.0006	508.0000	509.8302	1.0275	8.0965	99.9326	39.7000	0.8230	0.8274	5.0000	-9999.0000	-9999.0000	-9999.0000	-9999.0000	-9999.0000	-9999.0000	19.6807	5	0	33.7693	1.0000	99	9	-9999.0000	35254	45429	-9999	2701	5329	-9999	334.5337	5	0.6591	0.6711	-0.0006	62.8810	0.3430	470.2533	516.8884	38.5417	467.1139	94.0972	466.4394	93.7500	469.6826	93.8426	471.8615	94.5833	
22/08/2017	02:35:22	011992	G523089856HLR	L523	S		439.4865	1.0292	6.1428	100.1013	39.9000	0.8430	0.8293	5.0000	19.3735	508.0463	94.9769	19.1995	24.1000	0.9300	0.9208	0.6745	-0.0007	508.0000	508.4114	1.0275	8.2369	100.1871	39.6791	0.8230	0.8268	5.0000	-9999.0000	-9999.0000	-9999.0000	-9999.0000	-9999.0000	-9999.0000	19.9204	6	0	36.1989	1.0000	99	9	-9999.0000	35254	45430	-9999	2702	5330	-9999	335.5623	5	0.6591	0.6745	-0.0007	59.0175	0.5325	472.7751	513.2848	37.2685	467.1726	94.5139	470.3468	94.3981	472.4157	94.3750	477.0124	94.6296	
22/08/2017	02:35:51	011992	G523089857HLR	L523	S		441.1508	1.0292	5.9470	100.0252	39.9058	0.8430	0.8281	5.0000	18.6691	508.0385	94.9537	18.9388	24.1000	0.9300	0.9208	0.6733	-0.0007	508.0000	509.0575	1.0275	8.1730	99.9456	39.5808	0.8230	0.8269	5.0000	-9999.0000	-9999.0000	-9999.0000	-9999.0000	-9999.0000	-9999.0000	19.5912	7	0	29.0887	1.0000	99	9	-9999.0000	35255	45431	-9999	2703	5331	-9999	335.5714	5	0.6585	0.6733	-0.0007	58.8068	0.5306	468.8358	500.6398	37.1296	439.1014	94.8843	445.2835	93.9352	468.0478	93.9815	471.5473	94.6528	
22/08/2017	02:36:22	011992	G523089875HLR	L523	S		436.6928	1.0292	6.4714	100.0591	39.4265	0.8430	0.8279	5.0000	19.0693	508.0645	94.9306	19.3294	24.1000	0.9300	0.9208	0.6737	-0.0007	508.0000	507.8300	1.0275	8.2944	99.9552	39.7411	0.8230	0.8271	5.0000	-9999.0000	-9999.0000	-9999.0000	-9999.0000	-9999.0000	-9999.0000	20.0085	8	0	30.9685	1.0000	99	9	-9999.0000	35256	45432	-9999	2704	5332	-9999	335.2513	5	0.6581	0.6737	-0.0007	65.4246	0.2015	472.1070	507.3178	40.3704	466.8279	94.9769	466.5663	94.8148	471.8233	94.9537	474.0748	94.8843	
22/08/2017	02:36:55	011992	G523089872HLR	L523	S		435.2057	1.0292	6.6464	100.0597	39.8000	0.8430	0.8292	5.0000	18.9664	508.1171	95.0000	22.7892	24.1000	0.9300	0.9208	0.6750	-0.0008	508.0000	506.7093	1.0275	8.4053	100.0202	39.6176	0.8230	0.8270	5.0000	-9999.0000	-9999.0000	-9999.0000	-9999.0000	-9999.0000	-9999.0000	19.4710	1	0	33.0596	1.0000	99	9	-9999.0000	35257	45433	-9999	2705	5333	-9999	333.9400	5	0.6583	0.6750	-0.0008	59.7137	0.4798	466.5710	517.1437	38.1481	461.7109	95.0231	461.7225	94.5139	466.2331	94.4907	468.5222	94.8380	
22/08/2017	02:37:22	011992	G523089844HLR	L523	S		436.2850	1.0292	6.5194	99.9637	40.0531	0.8430	0.8284	5.0000	18.6087	508.0654	94.9537	25.3496	24.2000	0.9300	0.9209	0.6762	-0.0009	508.0000	507.9414	1.0275	8.2834	100.0477	39.6747	0.8230	0.8271	5.0000	-9999.0000	-9999.0000	-9999.0000	-9999.0000	-9999.0000	-9999.0000	19.8500	2	0	27.1286	1.0000	99	9	-9999.0000	35258	45434	-9999	2706	5334	-9999	332.7365	5	0.6586	0.6762	-0.0009	62.5965	0.3295	462.5267	495.8166	37.9861	458.7004	95.3935	460.1333	94.9074	462.4373	95.0000	466.7592	94.9769	
22/08/2017	02:37:54	011992	G523089852HLR	L523	S		438.4058	1.0292	6.2699	99.9904	39.4800	0.8430	0.8278	5.0000	18.6289	508.0515	94.9769	18.2396	24.2000	0.9300	0.9208	0.6772	-0.0009	508.0000	507.0612	1.0275	8.3705	100.0327	39.7617	0.8230	0.8270	5.0000	-9999.0000	-9999.0000	-9999.0000	-9999.0000	-9999.0000	-9999.0000	19.9356	3	0	32.0793	1.0000	99	9	-9999.0000	35259	45435	-9999	2707	5335	-9999	335.5985	5	0.6587	0.6772	-0.0009	64.0391	0.2717	471.5121	527.9090	39.6528	463.6312	95.0231	466.0260	94.8380	470.9810	94.8380	473.4956	94.6991	
22/08/2017	02:38:25	011992	G523089847HLR	L523	S		440.4526	1.0292	6.0291	100.0940	39.9000	0.8430	0.8292	5.0000	18.9386	508.0377	95.0000	20.1692	24.3000	0.9300	0.9209	0.6745	-0.0008	508.0000	507.4560	1.0275	8.3314	100.0720	39.6000	0.8230	0.8267	5.0000	-9999.0000	-9999.0000	-9999.0000	-9999.0000	-9999.0000	-9999.0000	19.4710	4	0	31.1381	1.0000	99	9	-9999.0000	35260	45436	-9999	2708	5336	-9999	334.7206	5	0.6589	0.6745	-0.0008	62.6360	0.3459	468.6378	493.9236	37.4306	465.5383	95.1157	464.3294	94.5833	468.3162	94.6759	471.6261	94.8380	
22/08/2017	02:38:55	011992	G523089689HLR	L523	S		436.9373	1.0292	6.4427	99.9929	39.9996	0.8430	0.8283	5.0000	18.5785	508.0469	95.0000	22.1486	24.3000	0.9300	0.9209	0.6743	-0.0008	508.0000	507.2418	1.0275	8.3526	100.0626	39.7671	0.8230	0.8271	5.0000	-9999.0000	-9999.0000	-9999.0000	-9999.0000	-9999.0000	-9999.0000	20.0388	5	0	29.9187	1.0000	99	9	-9999.0000	35261	45437	-9999	2709	5337	-9999	334.0455	5	0.6584	0.6743	-0.0008	61.8813	0.3801	468.3398	496.3297	36.8287	464.1695	95.3935	464.1733	94.7454	467.9535	94.8843	471.9980	94.9074	
22/08/2017	02:39:25	011992	G523089696HLR	L523	S		438.8355	1.0292	6.2194	100.0236	39.5343	0.8430	0.8278	5.0000	18.5892	508.0608	95.0000	16.2787	24.3000	0.9300	0.9209	0.6743	-0.0008	508.0000	508.5384	1.0275	8.2243	100.2149	39.7100	0.8230	0.8268	5.0000	-9999.0000	-9999.0000	-9999.0000	-9999.0000	-9999.0000	-9999.0000	19.3185	6	0	29.5388	1.0000	99	9	-9999.0000	35262	45438	-9999	2710	5338	-9999	336.2845	5	0.6584	0.6743	-0.0008	61.8813	0.3801	477.6768	515.0066	38.9120	470.5868	95.0231	473.0154	94.5370	477.0141	94.4444	481.4264	94.8380	
22/08/2017	02:39:55	011992	G523089835HLR	L523	S		437.7209	1.0292	6.3505	100.0483	39.8000	0.8430	0.8290	5.0000	18.4992	508.0556	94.9306	21.1398	24.5000	0.9300	0.9209	0.6762	-0.0008	508.0000	507.4403	1.0275	8.3330	100.0506	39.6477	0.8230	0.8267	5.0000	-9999.0000	-9999.0000	-9999.0000	-9999.0000	-9999.0000	-9999.0000	19.7896	7	0	30.3890	1.0000	99	9	-9999.0000	35263	45439	-9999	2711	5339	-9999	334.4693	5	0.6587	0.6762	-0.0008	59.7003	0.4743	469.7151	491.1008	38.1019	464.0893	95.1852	464.9003	94.7454	469.3838	94.9537	472.0671	94.9537	
22/08/2017	02:40:26	011992	G523089834HLR	L523	S		435.8676	1.0292	6.5685	100.0118	40.0248	0.8430	0.8285	5.0000	19.2794	508.0713	94.9537	20.2590	24.5000	0.9300	0.9209	0.6758	-0.0008	508.0000	506.5062	1.0275	8.4254	99.9929	39.7948	0.8230	0.8271	5.0000	-9999.0000	-9999.0000	-9999.0000	-9999.0000	-9999.0000	-9999.0000	19.5485	8	0	30.6088	1.0000	99	9	-9999.0000	35264	45440	-9999	2712	5340	-9999	334.9724	5	0.6587	0.6758	-0.0008	59.3200	0.4899	469.3727	498.2562	38.0556	463.6808	95.1157	464.7968	95.0231	468.7079	95.0231	471.5487	94.9306	
22/08/2017	02:40:57	011992	G523089840HLR	L523	S		437.6688	1.0292	6.3566	100.0146	39.6353	0.8430	0.8279	5.0000	18.5392	508.1246	94.9074	18.9886	24.6000	0.9300	0.9208	0.6734	-0.0007	508.0000	507.5402	1.0275	8.3231	100.0369	39.7471	0.8230	0.8267	5.0000	-9999.0000	-9999.0000	-9999.0000	-9999.0000	-9999.0000	-9999.0000	18.9089	1	0	31.2186	1.0000	99	9	-9999.0000	35265	45441	-9999	2713	5341	-9999	335.6257	5	0.6591	0.6734	-0.0007	62.8711	0.3363	473.2325	505.0969	39.4444	467.0092	94.6528	468.9799	94.7917	472.4230	94.9306	476.3385	95.0000	
22/08/2017	02:41:23	011992	G523089680HLR	L523	S		437.7875	1.0292	6.3426	100.0097	39.7160	0.8430	0.8288	5.0000	18.4801	508.0462	94.9537	18.6995	24.6000	0.9300	0.9208	0.6675	-0.0004	508.0000	506.4722	1.0275	8.4288	99.9531	39.6495	0.8230	0.8267	5.0000	-9999.0000	-9999.0000	-9999.0000	-9999.0000	-9999.0000	-9999.0000	19.2501	2	0	26.0195	1.0000	99	9	-9999.0000	35266	45442	-9999	2714	5342	-9999	335.5403	5	0.6594	0.6675	-0.0004	62.7513	0.3417	473.7146	485.8688	37.3380	468.9538	95.1389	470.1945	94.7222	473.2487	94.8148	477.0655	94.9769	
22/08/2017	02:41:58	011992	G523089692HLR	L523	S		438.5532	1.0292	6.2526	100.0675	40.0347	0.8430	0.8287	5.0000	18.7404	508.0231	94.9306	19.4592	24.6000	0.9300	0.9207	0.6726	-0.0006	508.0000	507.1162	1.0275	8.3651	100.0080	39.8000	0.8230	0.8271	5.0000	-9999.0000	-9999.0000	-9999.0000	-9999.0000	-9999.0000	-9999.0000	19.1094	3	0	34.6081	1.0000	99	9	-9999.0000	35267	45443	-9999	2715	5343	-9999	335.2689	5	0.6595	0.6726	-0.0006	63.4650	0.3166	477.9751	518.6768	37.2454	470.5400	95.5093	471.7177	95.0694	477.3281	95.2315	479.5646	95.0694	
22/08/2017	02:42:32	011992	G523089693HLR	L523	S		441.2264	1.0292	5.9381	100.1150	39.7361	0.8430	0.8278	5.0000	19.0500	508.0351	94.9306	19.8000	24.5000	0.9300	0.9208	0.6741	-0.0007	508.0000	506.8787	1.0275	8.3886	99.9351	39.7421	0.8230	0.8267	5.0000	-9999.0000	-9999.0000	-9999.0000	-9999.0000	-9999.0000	-9999.0000	19.0012	4	0	34.0788	1.0000	99	9	-9999.0000	35268	45444	-9999	2716	5344	-9999	335.3129	5	0.6597	0.6741	-0.0007	65.2323	0.2492	474.7120	511.0341	39.7454	470.0170	95.5324	470.4900	94.8611	474.2136	94.7454	477.3574	94.7917	
22/08/2017	02:43:05	011992	G523089694HLR	L523	S		439.1680	1.0292	6.1802	100.0294	39.6385	0.8430	0.8285	5.0000	18.6390	508.0366	94.9074	20.3694	24.5000	0.9300	0.9206	0.6761	-0.0008	508.0000	507.6537	1.0275	8.3119	100.0083	39.6982	0.8230	0.8268	5.0000	-9999.0000	-9999.0000	-9999.0000	-9999.0000	-9999.0000	-9999.0000	19.7615	5	0	33.4185	1.0000	99	9	-9999.0000	35269	45445	-9999	2717	5345	-9999	335.2617	5	0.6599	0.6761	-0.0008	63.4263	0.3187	472.0911	509.6975	38.4954	467.6267	95.7176	468.2399	95.2315	471.7061	95.1389	475.0696	95.0231	
22/08/2017	02:43:35	011992	G523089701HLR	L523	S		440.9686	1.0292	5.9684	100.0714	40.0265	0.8430	0.8289	5.0000	18.7493	508.0344	94.9537	15.2592	24.4000	0.9300	0.9206	0.6761	-0.0008	508.0000	508.4565	1.0275	8.2324	100.0551	39.7723	0.8230	0.8270	5.0000	-9999.0000	-9999.0000	-9999.0000	-9999.0000	-9999.0000	-9999.0000	19.4406	6	0	30.2294	1.0000	99	9	-9999.0000	35270	45446	-9999	2718	5346	-9999	337.3898	5	0.6599	0.6761	-0.0008	63.4263	0.3187	480.4656	507.3173	37.8935	471.1776	94.9537	475.3598	94.9306	480.1436	94.8843	482.2384	94.9306	
22/08/2017	02:44:08	011992	G523089045HLR	L523	S		434.9467	1.0292	6.6769	100.0056	39.7840	0.8430	0.8277	5.0000	20.0794	508.0290	95.0000	23.7091	24.4000	0.9300	0.9206	0.6768	-0.0008	508.0000	508.1827	1.0275	8.2595	99.9328	39.6932	0.8230	0.8268	5.0000	-9999.0000	-9999.0000	-9999.0000	-9999.0000	-9999.0000	-9999.0000	19.1602	7	0	32.9186	1.0000	99	9	-9999.0000	35271	45447	-9999	2719	5347	-9999	334.1939	5	0.6613	0.6768	-0.0008	64.2807	0.2828	466.7399	510.8557	38.6343	463.2227	95.3472	462.0622	95.1852	466.0865	95.4167	468.8769	95.1620	
22/08/2017	02:44:43	011992	G523089052HLR	L523	S		436.3470	1.0292	6.5121	100.0122	39.5984	0.8430	0.8281	5.0000	18.4781	508.0284	94.9537	23.3194	24.3000	0.9300	0.9206	0.6767	-0.0008	508.0000	506.8824	1.0275	8.3882	99.9124	39.7082	0.8230	0.8270	5.0000	-9999.0000	-9999.0000	-9999.0000	-9999.0000	-9999.0000	-9999.0000	19.1892	8	0	35.0083	1.0000	99	9	-9999.0000	35272	45448	-9999	2720	5348	-9999	334.5238	5	0.6610	0.6767	-0.0008	63.9835	0.2949	466.1270	535.5251	40.6944	461.8690	95.3241	461.6856	95.1157	465.6611	95.2546	468.0491	95.0694	
22/08/2017	02:45:18	011992	G523089663HLR	L523	S		437.2988	1.0292	6.4001	99.9856	40.0092	0.8430	0.8289	5.0000	18.4486	508.1053	95.0000	22.4992	24.3000	0.9300	0.9206	0.6764	-0.0008	508.0000	508.1019	1.0275	8.2675	100.0274	39.7691	0.8230	0.8268	5.0000	-9999.0000	-9999.0000	-9999.0000	-9999.0000	-9999.0000	-9999.0000	19.8192	1	0	34.4400	1.0000	99	9	-9999.0000	35273	45448	-9999	2721	5349	-9999	334.9792	5	0.6617	0.6764	-0.0008	63.8500	0.3009	468.1952	511.9289	36.9676	463.8517	95.8102	464.1746	94.6991	467.9617	94.7685	470.5892	94.7454	
22/08/2017	02:45:49	011992	G523089668HLR	L523	S		437.2143	1.0292	6.4101	99.9983	39.8325	0.8430	0.8279	5.0000	18.5188	508.0314	94.9769	19.3684	24.3000	0.9300	0.9207	0.6746	-0.0007	508.0000	507.4960	1.0275	8.3275	100.0560	39.6657	0.8230	0.8267	5.0000	-9999.0000	-9999.0000	-9999.0000	-9999.0000	-9999.0000	-9999.0000	19.5898	2	0	31.3477	1.0000	99	9	-9999.0000	35273	45449	-9999	2722	5350	-9999	335.9370	5	0.6608	0.6746	-0.0007	56.0929	0.6394	472.3529	520.5838	38.1481	464.8005	95.1852	466.5213	95.4861	471.6987	95.5787	476.2287	95.1389	
22/08/2017	02:46:27	011992	G523089672HLR	L523	S		436.0901	1.0292	6.5423	99.9975	39.6112	0.8430	0.8284	5.0000	18.4016	508.0220	95.0000	22.0294	24.2000	0.9300	0.9207	0.6724	-0.0006	508.0000	507.4797	1.0275	8.3291	100.0575	39.7487	0.8230	0.8269	5.0000	-9999.0000	-9999.0000	-9999.0000	-9999.0000	-9999.0000	-9999.0000	19.7897	3	0	37.8198	1.0000	99	9	-9999.0000	35274	45450	-9999	2723	5351	-9999	334.9244	5	0.6607	0.6724	-0.0006	56.6721	0.6075	468.1970	524.7440	38.0324	463.6973	95.1157	463.4301	94.8843	467.6937	95.0694	470.7561	95.0231	
22/08/2017	02:47:00	011992	G523089040HLR	L523	S		434.6287	1.0292	6.7143	99.9931	40.0178	0.8430	0.8290	5.0000	18.6185	508.0305	94.9537	24.2296	24.2000	0.9300	0.9207	0.6726	-0.0006	508.0000	509.0385	1.0275	8.1748	100.0504	39.6731	0.8230	0.8262	5.0000	-9999.0000	-9999.0000	-9999.0000	-9999.0000	-9999.0000	-9999.0000	22.0787	4	0	32.8664	1.0000	99	9	-9999.0000	35275	45451	-9999	2724	5352	-9999	334.5562	5	0.6605	0.6726	-0.0006	54.0048	0.7351	467.6739	508.5192	37.8704	464.8258	95.4861	464.1125	94.2824	467.3484	94.4213	469.8403	94.7917	
22/08/2017	02:47:39	011992	G523089028HLR	L523	S		437.9550	1.0292	6.3229	100.0315	39.8521	0.8430	0.8279	5.0000	18.5190	508.0320	94.9537	23.5694	24.2000	0.9300	0.9207	0.6731	-0.0006	508.0000	508.8375	1.0275	8.1947	100.0749	39.7285	0.8230	0.8270	5.0000	-9999.0000	-9999.0000	-9999.0000	-9999.0000	-9999.0000	-9999.0000	19.9890	5	0	38.8981	1.0000	99	9	-9999.0000	35276	45452	-9999	2725	5353	-9999	334.6528	5	0.6607	0.6731	-0.0006	57.8363	0.5687	467.6339	521.9715	37.5926	464.1489	95.3241	463.6026	94.1435	467.1407	94.0972	470.0177	94.9306	
22/08/2017	02:48:08	011992	G523089016HLR	L523	S		439.0549	1.0292	6.1935	100.0094	39.6016	0.8430	0.8284	5.0000	18.6097	508.0309	94.9074	20.5686	24.2000	0.9300	0.9207	0.6727	-0.0006	508.0000	508.9819	1.0275	8.1804	99.9518	39.7140	0.8230	0.8268	5.0000	-9999.0000	-9999.0000	-9999.0000	-9999.0000	-9999.0000	-9999.0000	19.3498	6	0	29.4392	1.0000	99	9	-9999.0000	35276	45453	-9999	2726	5354	-9999	335.6320	5	0.6606	0.6727	-0.0006	57.5341	0.5914	473.2987	500.9084	37.9630	467.7516	95.0926	469.3503	94.7454	473.0322	94.4907	476.2760	94.9074	
22/08/2017	02:48:43	011992	G523089043HLR	L523	S		436.1806	1.0292	6.5317	100.0005	40.1000	0.8430	0.8289	5.0000	18.5528	508.0305	95.0000	26.9082	24.2000	0.9300	0.9207	0.6743	-0.0007	508.0000	508.2616	1.0275	8.2517	100.0421	39.7310	0.8230	0.8266	5.0000	-9999.0000	-9999.0000	-9999.0000	-9999.0000	-9999.0000	-9999.0000	19.8583	7	0	34.2986	1.0000	99	9	-9999.0000	35277	45454	-9999	2727	5355	-9999	333.7809	5	0.6603	0.6743	-0.0007	54.8415	0.7295	464.4942	510.0808	38.8426	462.7023	95.6481	461.0225	94.7454	464.3878	94.7685	467.0144	94.8843	
22/08/2017	02:49:16	011992	G523089044HLR	L523	S		435.2392	1.0292	6.6425	100.0284	39.7631	0.8430	0.8277	5.0000	19.3498	508.0655	94.9769	22.1496	24.1000	0.9300	0.9206	0.6750	-0.0007	508.0000	508.4110	1.0275	8.2369	99.9622	39.6000	0.8230	0.8266	5.0000	-9999.0000	-9999.0000	-9999.0000	-9999.0000	-9999.0000	-9999.0000	19.9052	8	0	33.9605	1.0000	99	9	-9999.0000	35278	45455	-9999	2728	5356	-9999	335.1053	5	0.6599	0.6750	-0.0007	56.1072	0.6675	469.5301	520.9819	38.0324	462.5710	95.2546	465.2541	94.9074	469.4270	94.9769	471.1021	94.7917	
22/08/2017	02:49:54	011992	G523089019HLR	L523	S		433.3603	1.0292	6.8635	100.0864	39.7000	0.8430	0.8287	5.0000	18.8900	508.0479	94.9537	27.9589	24.1000	0.9300	0.9207	0.6744	-0.0007	508.0000	507.8446	1.0275	8.2930	100.0562	39.8145	0.8230	0.8270	5.0000	-9999.0000	-9999.0000	-9999.0000	-9999.0000	-9999.0000	-9999.0000	20.2679	1	0	38.0716	1.0000	99	9	-9999.0000	35279	45456	-9999	2729	5356	-9999	332.9429	5	0.6597	0.6744	-0.0007	58.0789	0.5883	460.6428	496.1124	37.4537	455.6598	95.7407	457.3337	94.7685	460.4127	94.6991	462.7591	94.7917	
22/08/2017	02:50:27	011992	G523089021HLR	L523	S		435.1126	1.0292	6.6573	99.9942	40.0503	0.8430	0.8286	5.0000	19.0694	508.0554	94.9769	18.4496	24.1000	0.9300	0.9207	0.6735	-0.0006	508.0000	508.3400	1.0275	8.2440	100.1716	39.6412	0.8230	0.8265	5.0000	-9999.0000	-9999.0000	-9999.0000	-9999.0000	-9999.0000	-9999.0000	19.4002	2	0	32.7347	1.0000	99	9	-9999.0000	35280	45457	-9999	2730	5357	-9999	336.2277	5	0.6593	0.6735	-0.0006	61.0654	0.4479	472.8384	503.4685	36.2269	466.0293	95.2778	468.4470	94.7685	472.2650	94.8380	475.7099	94.9306	
22/08/2017	02:50:56	011992	G523089023HLR	L523	S		435.5909	1.0292	6.6011	100.0854	39.6394	0.8430	0.8278	5.0000	18.8586	508.0187	95.0000	22.8488	24.2000	0.9300	0.9207	0.6742	-0.0007	508.0000	507.7485	1.0275	8.3025	100.0327	39.7655	0.8230	0.8270	5.0000	-9999.0000	-9999.0000	-9999.0000	-9999.0000	-9999.0000	-9999.0000	19.8892	3	0	28.4383	1.0000	99	9	-9999.0000	35281	45458	-9999	2731	5358	-9999	334.7428	5	0.6589	0.6742	-0.0007	64.5925	0.2953	468.4252	444.6677	36.6898	461.7838	95.2546	464.0695	94.8843	468.1803	94.9074	471.1087	94.8611	
22/08/2017	02:51:57	011992	G523089033HLR	L523	S		434.9960	1.0292	6.6711	100.0507	39.7140	0.8430	0.8287	5.0000	18.8922	508.0280	94.9769	22.9083	24.3000	0.9300	0.9208	0.6739	-0.0007	508.0000	506.5300	1.0275	8.4231	100.0160	39.7300	0.8230	0.8266	5.0000	-9999.0000	-9999.0000	-9999.0000	-9999.0000	-9999.0000	-9999.0000	19.9283	4	0	61.6682	1.0000	99	9	-9999.0000	35282	45458	-9999	2732	5359	-9999	334.7326	5	0.6587	0.6739	-0.0007	61.7958	0.4270	466.1751	507.6020	38.1713	459.3159	96.6435	463.1335	94.8380	465.8407	94.7454	469.1157	94.9074	
22/08/2017	02:52:33	011992	G523089039HLR	L523	S		437.5378	1.0292	6.3720	100.0125	40.0605	0.8430	0.8286	5.0000	18.7806	508.0674	94.9769	27.0790	24.3000	0.9300	0.9208	0.6733	-0.0006	508.0000	508.5035	1.0275	8.2278	99.9236	39.6533	0.8230	0.8267	5.0000	-9999.0000	-9999.0000	-9999.0000	-9999.0000	-9999.0000	-9999.0000	19.5298	5	0	34.0188	1.0000	99	9	-9999.0000	35283	45459	-9999	2733	5360	-9999	333.4364	5	0.6588	0.6733	-0.0006	64.9018	0.3076	465.0529	513.5955	39.5833	464.2414	95.9954	462.2460	94.6296	464.8203	94.5370	466.4990	94.9074	
22/08/2017	02:53:03	011992	G523089008HLR	L523	S		435.6602	1.0292	6.5929	100.0459	39.5715	0.8430	0.8276	5.0000	20.4363	508.0240	94.9306	21.6984	24.4000	0.9300	0.9207	0.6733	-0.0006	508.0000	507.4515	1.0275	8.3319	100.0545	39.4627	0.8230	0.8257	5.0000	-9999.0000	-9999.0000	-9999.0000	-9999.0000	-9999.0000	-9999.0000	20.1093	6	0	29.8289	1.0000	99	9	-9999.0000	35284	45459	-9999	2734	5361	-9999	335.0710	5	0.6588	0.6733	-0.0006	66.2688	0.2590	470.8607	503.3731	37.0370	464.3934	95.8565	464.9953	95.4398	470.1512	95.5787	473.2101	95.2083	
22/08/2017	02:53:28	011992	G523088979HLR	L523	S		434.9017	1.0292	6.6822	100.0807	39.9000	0.8430	0.8290	5.0000	18.8672	508.0482	94.9769	17.5092	24.4000	0.9300	0.9208	0.6724	-0.0006	508.0000	507.7277	1.0275	8.3046	99.9962	39.7796	0.8230	0.8277	5.0000	-9999.0000	-9999.0000	-9999.0000	-9999.0000	-9999.0000	-9999.0000	20.3343	7	0	25.1583	1.0000	99	9	-9999.0000	35284	45460	-9999	2735	5362	-9999	336.4638	5	0.6587	0.6724	-0.0006	66.2688	0.2590	475.9115	477.4456	37.2917	467.0570	95.3472	470.5127	95.4630	475.5639	95.2315	478.9936	94.9769	
22/08/2017	02:53:53	011992	G523089007HLR	L523	S		435.9019	1.0292	6.5645	100.0236	39.9633	0.8430	0.8282	5.0000	18.6384	508.0179	94.9537	20.8889	24.5000	0.9300	0.9209	0.6725	-0.0006	508.0000	508.6231	1.0275	8.2159	100.1191	39.9820	0.8230	0.8272	5.0000	-9999.0000	-9999.0000	-9999.0000	-9999.0000	-9999.0000	-9999.0000	19.5076	8	0	25.1495	1.0000	99	9	-9999.0000	35285	45461	-9999	2736	5363	-9999	335.3000	5	0.6583	0.6725	-0.0006	70.4055	0.0793	473.6631	513.3342	38.2407	467.3701	95.5556	467.3328	95.0000	473.0817	95.1157	477.0974	95.0694	
22/08/2017	02:54:17	011992	G523089013HLR	L523	S		434.4960	1.0292	6.7299	100.0696	39.5595	0.8430	0.8278	5.0000	18.8987	508.0297	94.9769	22.8400	24.8000	0.9300	0.9213	0.6730	-0.0006	508.0000	505.0105	1.0275	8.5734	99.9065	39.5735	0.8230	0.8260	5.0000	-9999.0000	-9999.0000	-9999.0000	-9999.0000	-9999.0000	-9999.0000	19.1652	1	0	23.7780	1.0000	99	9	-9999.0000	35286	45462	-9999	2737	5364	-9999	334.6462	5	0.6586	0.6730	-0.0006	70.6968	0.0556	465.8039	456.0874	39.1435	462.0274	95.3935	461.4434	94.2824	465.3938	94.4444	468.7181	94.6528	
22/08/2017	02:54:32	011992	G523089017HLR	L523	S		435.7529	1.0292	6.5820	100.0215	39.9681	0.8430	0.8282	5.0000	18.7435	508.0628	94.9769	18.5989	24.7000	0.9300	0.9208	0.6736	-0.0006	508.0000	506.9207	1.0275	8.3844	99.9127	39.6000	0.8230	0.8269	5.0000	-9999.0000	-9999.0000	-9999.0000	-9999.0000	-9999.0000	-9999.0000	19.5485	2	0	15.5106	1.0000	99	9	-9999.0000	35287	45463	-9999	2738	5365	-9999	336.1197	5	0.6591	0.6736	-0.0006	72.9560	-0.0337	475.0869	512.8777	37.6389	468.9171	95.5556	470.2308	95.1389	474.5208	95.1852	477.6034	94.9306	
22/08/2017	03:17:58	011992	G523088150HLR	L523	S		435.8556	1.0292	6.5699	99.9269	39.5749	0.8430	0.8290	5.0000	18.8418	508.0670	94.9769	20.8596	24.5000	0.9300	0.9211	0.6749	-0.0007	508.0000	505.7922	1.0275	8.4961	99.9810	39.4000	0.8230	0.8273	5.0000	-9999.0000	-9999.0000	-9999.0000	-9999.0000	-9999.0000	-9999.0000	20.1084	4	0	15.4292	1.0000	99	9	-9999.0000	35288	45464	-9999	2739	5366	-9999	335.7269	5	0.6600	0.6749	-0.0007	76.2652	-0.2008	469.2418	313.6939	34.4907	457.7831	95.2778	465.4518	93.9815	468.6675	93.9352	471.8263	94.7222	
22/08/2017	03:24:03	011992	G523090168HLR	L523	S		434.8265	1.0292	6.6910	99.9702	39.7000	0.8430	0.8290	5.0000	19.6097	508.0221	95.0463	23.4992	24.9000	0.9300	0.9212	0.6743	-0.0006	508.0000	506.9831	1.0275	8.3782	99.9393	39.3830	0.8230	0.8276	5.0000	-9999.0000	-9999.0000	-9999.0000	-9999.0000	-9999.0000	-9999.0000	20.4809	6	0	41.8690	1.0000	99	9	-9999.0000	35289	45465	-9999	2740	5367	-9999	335.0231	5	0.6609	0.6743	-0.0006	75.6496	-0.1806	468.1799	384.8768	36.4583	455.4085	95.3704	463.1518	94.6759	467.5015	94.8380	470.1001	94.8380	
22/08/2017	03:24:38	011992	G523090178HLR	L523	S		437.6549	1.0292	6.3583	99.9453	39.7096	0.8430	0.8284	5.0000	19.2587	508.0299	95.0231	22.1789	24.6000	0.9300	0.9205	0.6743	-0.0006	508.0000	508.5382	1.0275	8.2243	99.9924	39.7032	0.8230	0.8277	5.0000	-9999.0000	-9999.0000	-9999.0000	-9999.0000	-9999.0000	-9999.0000	20.9096	7	0	34.5083	1.0000	99	9	-9999.0000	35290	45466	-9999	2741	5368	-9999	335.4724	5	0.6609	0.6743	-0.0006	75.6496	-0.1806	470.0728	484.5455	37.7778	463.9678	95.3009	466.5641	94.6296	469.7313	94.3750	473.5087	94.8380	
22/08/2017	03:25:13	011992	G523090187HLR	L523	S		436.1860	1.0292	6.5311	100.0553	39.5289	0.8430	0.8282	5.0000	18.9896	508.0955	94.9537	22.7297	24.5000	0.9300	0.9203	0.6743	-0.0006	508.0000	509.0015	1.0275	8.1785	99.9991	39.3000	0.8230	0.8265	5.0000	-9999.0000	-9999.0000	-9999.0000	-9999.0000	-9999.0000	-9999.0000	20.7704	8	0	35.2682	1.0000	99	9	-9999.0000	35291	45466	-9999	2742	5368	-9999	335.4753	5	0.6609	0.6743	-0.0006	75.6496	-0.1806	471.7298	498.9873	36.8981	456.9869	96.3194	466.0879	95.3935	471.2010	95.3935	473.7706	94.9306	
22/08/2017	03:25:52	011992	G523090190HLR	L523	S		439.2476	1.0292	6.1709	100.0175	39.6770	0.8430	0.8286	5.0000	19.8186	508.0224	94.9537	23.6993	24.4000	0.9300	0.9204	0.6752	-0.0007	508.0000	510.1477	1.0275	8.0651	99.9841	39.6757	0.8230	0.8279	5.0000	-9999.0000	-9999.0000	-9999.0000	-9999.0000	-9999.0000	-9999.0000	20.0636	1	0	39.0190	1.0000	99	9	-9999.0000	35292	45467	-9999	2743	5369	-9999	334.9710	5	0.6608	0.6752	-0.0007	73.9181	-0.1045	471.2369	495.8416	36.8519	461.2651	95.9028	466.6689	95.2315	470.9938	95.1852	474.1297	95.0694	
22/08/2017	03:26:28	011992	G523090200HLR	L523	S		434.8109	1.0292	6.6928	99.9380	39.7279	0.8430	0.8285	5.0000	18.7393	501.9825	94.4676	31.0086	24.3000	0.9300	0.9204	0.6749	-0.0006	508.0000	506.3969	1.0275	8.4362	99.9553	39.5451	0.8230	0.8266	5.0000	-9999.0000	-9999.0000	-9999.0000	-9999.0000	-9999.0000	-9999.0000	20.3909	2	0	36.0489	1.0000	99	9	-9999.0000	35293	45468	-9999	2744	5370	-9999	328.7347	5	0.6608	0.6749	-0.0006	74.0046	-0.1158	398.8682	512.1581	39.4444	373.8393	95.7176	385.9013	95.3935	398.1091	95.3472	403.2627	95.0231	
22/08/2017	03:27:07	011992	G523090197HLR	L523	S		423.7054	1.0292	7.9994	100.0485	39.5804	0.8430	0.8283	5.0000	19.2191	508.0460	94.9537	23.5997	24.3000	0.9300	0.9206	0.6756	-0.0007	508.0000	506.4331	1.0275	8.4327	100.0596	39.5000	0.8230	0.8270	5.0000	-9999.0000	-9999.0000	-9999.0000	-9999.0000	-9999.0000	-9999.0000	21.4292	3	0	38.2030	1.0000	99	9	-9999.0000	35294	45468	-9999	2745	5371	-9999	335.1570	5	0.6607	0.6756	-0.0007	73.7961	-0.1004	469.0190	500.7306	36.7824	458.8033	94.9306	462.3852	97.1528	466.1054	96.8981	468.8895	95.0231	
22/08/2017	03:27:46	011992	G523090207HLR	L523	S		432.4359	1.0292	6.9722	100.1055	39.7413	0.8430	0.8287	5.0000	18.9790	508.0480	95.0463	24.3692	24.3000	0.9300	0.9206	0.6744	-0.0006	508.0000	506.8812	1.0275	8.3883	100.0268	39.7773	0.8230	0.8273	5.0000	-9999.0000	-9999.0000	-9999.0000	-9999.0000	-9999.0000	-9999.0000	20.1998	4	0	39.9238	1.0000	99	9	-9999.0000	35295	45469	-9999	2746	5372	-9999	334.7430	5	0.6608	0.6744	-0.0006	74.0314	-0.1135	463.7417	507.5891	38.6111	454.7597	91.9676	459.4044	95.3472	463.3597	94.8843	465.7415	94.8148	
22/08/2017	03:28:26	011992	G523090352HLR	L523	S		433.1217	1.0292	6.8916	100.0214	39.7108	0.8430	0.8284	5.0000	18.7877	508.0787	94.9537	28.0898	24.2000	0.9300	0.9206	0.6827	-0.0010	508.0000	508.1675	1.0275	8.2610	100.0245	39.4022	0.8230	0.8264	5.0000	-9999.0000	-9999.0000	-9999.0000	-9999.0000	-9999.0000	-9999.0000	20.3897	5	0	39.2985	1.0000	99	9	-9999.0000	35296	45470	-9999	2747	5373	-9999	333.6025	5	0.6597	0.6827	-0.0010	72.3188	-0.0331	462.9675	512.8023	38.4722	455.4789	92.3611	459.1029	95.0231	462.2702	94.8148	465.3474	94.9074	
22/08/2017	03:29:03	011992	G523090362HLR	L523	S		430.6854	1.0292	7.1782	100.0355	39.6890	0.8430	0.8285	5.0000	19.3088	508.0325	95.0000	25.2491	24.2000	0.9300	0.9206	0.6856	-0.0011	508.0000	507.9919	1.0275	8.2784	99.9717	39.7741	0.8230	0.8275	5.0000	-9999.0000	-9999.0000	-9999.0000	-9999.0000	-9999.0000	-9999.0000	20.2785	6	0	36.9059	1.0000	99	9	-9999.0000	35297	45471	-9999	2748	5374	-9999	333.6170	5	0.6596	0.6856	-0.0011	70.6918	0.0314	458.0211	495.5115	40.3472	452.1421	92.3843	453.2890	94.3981	457.3993	94.3056	461.2458	94.6759	
22/08/2017	03:29:42	011992	G523090380HLR	L523	S		429.3968	1.0292	7.3298	100.0322	39.7068	0.8430	0.8284	5.0000	19.6186	508.0238	94.9537	27.2090	24.2000	0.9300	0.9206	0.6872	-0.0012	508.0000	504.9393	1.0275	8.5805	100.0373	39.5000	0.8230	0.8265	5.0000	-9999.0000	-9999.0000	-9999.0000	-9999.0000	-9999.0000	-9999.0000	19.9491	7	0	39.2611	1.0000	99	9	-9999.0000	35298	45472	-9999	2749	5375	-9999	332.6529	5	0.6597	0.6872	-0.0012	69.3469	0.0931	448.7183	480.2008	36.5972	446.8541	93.3565	445.5215	92.8009	448.4409	92.7778	453.2431	95.3472	
22/08/2017	03:30:21	011992	G523090391HLR	L523	S		430.6070	1.0292	7.1874	100.0158	39.7216	0.8430	0.8285	5.0000	18.5296	508.0524	94.9537	29.0390	24.2000	0.9300	0.9207	0.6841	-0.0010	508.0000	505.5444	1.0275	8.5206	99.9037	39.7000	0.8230	0.8275	5.0000	-9999.0000	-9999.0000	-9999.0000	-9999.0000	-9999.0000	-9999.0000	19.6093	8	0	38.6590	1.0000	99	9	-9999.0000	35299	45473	-9999	2750	5376	-9999	331.7865	5	0.6591	0.6841	-0.0010	66.8392	0.2216	449.1758	515.3125	39.3287	446.0565	93.7963	445.5649	93.5648	449.0377	93.3796	451.6672	95.1852	
22/08/2017	03:30:58	011992	G523090357HLR	L523	S		430.6330	1.0292	7.1844	100.0084	39.7000	0.8430	0.8283	5.0000	20.2878	508.0353	94.9306	28.3496	24.2000	0.9300	0.9207	0.6879	-0.0012	508.0000	506.8785	1.0275	8.3886	100.0049	39.6160	0.8230	0.8265	5.0000	-9999.0000	-9999.0000	-9999.0000	-9999.0000	-9999.0000	-9999.0000	20.1212	1	0	37.5786	1.0000	99	9	-9999.0000	35299	45474	-9999	2751	5377	-9999	332.5057	5	0.6584	0.6879	-0.0012	63.9344	0.3652	454.1635	513.7713	37.3843	449.0459	94.2361	450.1974	94.0509	453.9788	93.6806	457.5514	95.1620	
22/08/2017	03:31:39	011992	G523090355HLR	L523	S		430.9156	1.0292	7.1511	100.0295	39.7421	0.8430	0.8284	5.0000	18.4193	508.0440	94.9769	26.0596	24.2000	0.9300	0.9207	0.6823	-0.0010	508.0000	506.4144	1.0275	8.4345	99.9121	39.5603	0.8230	0.8272	5.0000	-9999.0000	-9999.0000	-9999.0000	-9999.0000	-9999.0000	-9999.0000	20.1694	2	0	40.3889	1.0000	99	9	-9999.0000	35299	45474	-9999	2752	5378	-9999	333.6303	5	0.6580	0.6823	-0.0010	70.2837	0.1404	451.5333	519.4700	37.7315	447.9983	94.6991	447.6652	94.4444	450.9906	94.3056	455.3015	94.6991	
22/08/2017	03:32:17	011992	G523090375HLR	L523	S		432.5137	1.0292	6.9631	100.0021	39.7230	0.8430	0.8284	5.0000	19.2894	508.0294	95.0000	28.4394	24.1000	0.9300	0.9206	0.6783	-0.0008	508.0000	507.2780	1.0275	8.3490	100.0015	39.7852	0.8230	0.8269	5.0000	-9999.0000	-9999.0000	-9999.0000	-9999.0000	-9999.0000	-9999.0000	20.2087	3	0	38.8682	1.0000	99	9	-9999.0000	35299	45475	-9999	2753	5379	-9999	332.7204	5	0.6575	0.6783	-0.0008	72.2964	0.0748	454.8640	505.7316	39.0509	451.6757	94.5370	451.1650	94.0046	454.7879	93.8426	458.3327	94.7685	
22/08/2017	03:32:50	011992	G523090384HLR	L523	S		429.5226	1.0292	7.3150	100.0458	39.7317	0.8430	0.8283	5.0000	19.8293	508.0358	94.9306	27.6592	24.1000	0.9300	0.9206	0.6801	-0.0009	508.0000	507.9014	1.0275	8.2874	100.0215	39.4948	0.8230	0.8268	5.0000	-9999.0000	-9999.0000	-9999.0000	-9999.0000	-9999.0000	-9999.0000	19.6886	4	0	32.3591	1.0000	99	9	-9999.0000	35300	45476	-9999	2754	5380	-9999	333.3483	5	0.6571	0.6801	-0.0009	75.5230	-0.0299	460.1930	521.8871	38.3102	453.2879	94.7917	455.8041	94.5139	459.8312	94.5833	463.4397	94.7917	
22/08/2017	03:33:29	011992	G523090390HLR	L523	S		428.5941	1.0292	7.4242	100.0576	39.7812	0.8430	0.8284	5.0000	18.9784	508.0450	94.9769	26.6094	24.2000	0.9300	0.9207	0.6777	-0.0007	508.0000	506.5503	1.0275	8.4211	99.9999	39.8000	0.8230	0.8273	5.0000	-9999.0000	-9999.0000	-9999.0000	-9999.0000	-9999.0000	-9999.0000	19.9212	5	0	38.7282	1.0000	99	9	-9999.0000	35301	45477	-9999	2755	5381	-9999	333.8291	5	0.6571	0.6777	-0.0007	97.5911	-0.8068	454.5840	495.6589	37.8704	452.5203	94.9769	449.9471	94.3287	453.9897	94.1204	457.1443	94.7685	
22/08/2017	03:34:00	011992	G523090393HLR	L523	S		426.1231	1.0292	7.7149	99.9634	39.7062	0.8430	0.8283	5.0000	18.3898	508.0265	94.9537	29.4892	24.3000	0.9300	0.9207	0.6872	-0.0011	508.0000	506.0033	1.0275	8.4752	100.0414	39.5208	0.8230	0.8264	5.0000	-9999.0000	-9999.0000	-9999.0000	-9999.0000	-9999.0000	-9999.0000	19.9516	6	0	31.7195	1.0000	99	9	-9999.0000	35302	45478	-9999	2756	5382	-9999	333.0945	5	0.6570	0.6872	-0.0011	88.0129	-0.4656	452.4978	502.7927	38.1944	447.6367	95.0463	448.6641	94.3287	452.0947	94.0278	455.1682	94.9769	
22/08/2017	03:34:32	011992	G523090019HLR	L523	S		427.7201	1.0292	7.5270	100.0302	39.8000	0.8430	0.8285	5.0000	18.9798	508.0395	94.9074	27.9385	24.3000	0.9300	0.9207	0.6878	-0.0011	508.0000	506.1680	1.0275	8.4589	99.9901	39.7852	0.8230	0.8273	5.0000	-9999.0000	-9999.0000	-9999.0000	-9999.0000	-9999.0000	-9999.0000	19.8007	7	0	31.9382	1.0000	99	9	-9999.0000	35303	45479	-9999	2757	5383	-9999	333.7207	5	0.6577	0.6878	-0.0011	77.5636	-0.0698	451.0974	502.9824	37.7315	444.5339	95.6944	446.1297	94.9306	450.6342	95.0231	453.5258	94.8380	
22/08/2017	03:35:02	011992	G523090041HLR	L523	S		438.3344	1.0292	6.2783	100.0075	39.7309	0.8430	0.8282	5.0000	19.7309	508.0602	95.0000	21.6096	24.4000	0.9300	0.9207	0.6869	-0.0011	508.0000	511.2204	1.0275	7.9589	100.0064	39.6455	0.8230	0.8266	5.0000	-9999.0000	-9999.0000	-9999.0000	-9999.0000	-9999.0000	-9999.0000	19.9088	8	0	29.2393	1.0000	99	9	-9999.0000	35304	45480	-9999	2758	5384	-9999	337.2613	5	0.6575	0.6869	-0.0011	81.9437	-0.2200	464.6706	490.4385	38.0787	458.2655	95.1852	459.3576	95.4861	464.2416	95.3704	467.6088	95.0000	
22/08/2017	03:35:34	011992	G523090021HLR	L523	S		429.8092	1.0292	7.2813	100.0264	39.7373	0.8430	0.8286	5.0000	18.5997	508.0786	94.9074	27.7383	24.5000	0.9300	0.9207	0.6676	-0.0004	508.0000	505.8349	1.0275	8.4919	99.9903	39.6669	0.8230	0.8270	5.0000	-9999.0000	-9999.0000	-9999.0000	-9999.0000	-9999.0000	-9999.0000	19.4603	1	0	32.1189	1.0000	99	9	-9999.0000	35304	45481	-9999	2759	5385	-9999	333.8726	5	0.6572	0.6676	-0.0004	91.2342	-0.5525	453.0370	507.2308	39.5139	447.4627	95.6250	448.0947	94.6296	452.2978	94.7454	454.7820	94.9537	
22/08/2017	03:36:04	011992	G523090031HLR	L523	S		438.7900	1.0292	6.2247	100.0066	39.8327	0.8430	0.8285	5.0000	18.4798	508.0516	94.9306	20.9192	24.5000	0.9300	0.9208	0.6653	-0.0003	508.0000	508.3085	1.0275	8.2471	100.0383	39.7758	0.8230	0.8270	5.0000	-9999.0000	-9999.0000	-9999.0000	-9999.0000	-9999.0000	-9999.0000	19.9188	2	0	30.2090	1.0000	99	9	-9999.0000	35305	45482	-9999	2760	5386	-9999	335.2020	5	0.6575	0.6653	-0.0003	75.2572	0.0589	476.5754	531.9139	40.1852	472.3835	95.5093	470.2815	95.0926	475.9494	95.0000	477.9801	94.7685	
22/08/2017	03:36:37	011992	G523090034HLR	L523	S		437.8133	1.0292	6.3396	100.0399	39.7000	0.8430	0.8280	5.0000	20.9084	508.0401	94.9306	21.0500	24.6000	0.9300	0.9207	0.6691	-0.0004	508.0000	508.1622	1.0275	8.2616	99.9767	39.6659	0.8230	0.8266	5.0000	-9999.0000	-9999.0000	-9999.0000	-9999.0000	-9999.0000	-9999.0000	19.6432	3	0	33.5287	1.0000	99	9	-9999.0000	35305	45483	-9999	2761	5387	-9999	335.0193	5	0.6578	0.6691	-0.0004	61.2233	0.5599	474.9193	521.8461	37.0370	470.2595	95.5093	471.4730	95.0926	474.2823	94.8611	476.6972	94.8611	
22/08/2017	03:37:03	011992	G523090049HLR	L523	S		441.3017	1.0292	5.9292	100.0118	39.8000	0.8430	0.8284	5.0000	19.0989	508.0374	94.9769	18.4388	24.6000	0.9300	0.9208	0.6685	-0.0004	508.0000	508.3573	1.0275	8.2422	100.1326	39.6920	0.8230	0.8270	5.0000	-9999.0000	-9999.0000	-9999.0000	-9999.0000	-9999.0000	-9999.0000	19.6605	4	0	26.1786	1.0000	99	9	-9999.0000	35306	45484	-9999	2762	5388	-9999	336.0737	5	0.6579	0.6685	-0.0004	61.5038	0.5502	478.2735	502.8911	38.1019	473.5132	95.2315	473.1393	94.8843	477.7529	94.7685	480.8521	94.8611	
22/08/2017	03:37:37	011992	G523090063HLR	L523	S		440.2466	1.0292	6.0533	100.0629	39.8385	0.8430	0.8283	5.0000	18.7492	508.0458	94.9537	21.1701	24.7000	0.9300	0.9207	0.6655	-0.0003	508.0000	509.1672	1.0275	8.1621	99.9712	39.8000	0.8230	0.8270	5.0000	-9999.0000	-9999.0000	-9999.0000	-9999.0000	-9999.0000	-9999.0000	19.1591	5	0	33.0490	1.0000	99	9	-9999.0000	35307	45485	-9999	2763	5388	-9999	335.5026	5	0.6583	0.6655	-0.0003	51.9098	0.9103	477.6289	499.9758	38.6806	472.2439	94.9769	472.3344	95.1852	477.1174	95.3009	480.7889	95.1157	
22/08/2017	03:38:06	011992	G523090054HLR	L523	S		439.3837	1.0292	6.1549	100.0426	39.7220	0.8430	0.8281	5.0000	19.5090	508.0590	94.9769	19.3890	24.6000	0.9300	0.9206	0.6609	-0.0001	508.0000	507.5482	1.0275	8.3223	99.9573	39.6090	0.8230	0.8264	5.0000	-9999.0000	-9999.0000	-9999.0000	-9999.0000	-9999.0000	-9999.0000	19.4091	6	0	29.8891	1.0000	99	9	-9999.0000	35308	45486	-9999	2764	5389	-9999	335.4958	5	0.6586	0.6609	-0.0001	49.4794	1.0091	478.7225	500.4482	38.1944	471.3536	94.9306	475.2020	95.1852	478.0103	95.3009	482.0011	94.8380	
