Data	Timp	Nr. masina	Nr. de serie	Tip	Productie	Comentariu	Pre-masurare Q [ml/min]	Pre-masurare Gain	Pre-masurare Offset Master	Pre-masurare P [bar]	Pre-masurare T [°C]	Pre-masurare Densitate fixa [kg/l]	Pre-masurare densitate masurata [kg/l]	Pre-masurare Timp masurare [s]	Pre-masurare Cycle time [s]	rectificare Q Oprire [ml/min]	rectificare P Oprire [bar]	rectificare Timp rectificare [s]	rectificare T [°C]	rectificare Densitate fixa [kg/l]	rectificare densitate masurata [kg/l]	rectificare Factor de masurare la rectificare	rectificare Factor de corectie a debitului	rectificare Target rectificare	Masurare Q [ml/min]	Masurare Gain	Masurare Offset Master	Masurare P [bar]	Masurare T [°C]	Masurare Densitate fixa [kg/l]	Masurare densitate masurata [kg/l]	Masurare Timp masurare [s]	Masurare Q [ml/min]	Masurare Delta Q [ml/min]	Masurare P [bar]	Masurare BP [bar]	Masurare T [°C]	Masurare Timp masurare [s]	Masurare Cycle time [s]	Nest Nr.	Cod de descarcare	Cycle time [s]	Traceability aktiv	EDM Maschine Nr	EDM Spindle Nr	Honing Rate [r	Station Counter Premeasure	Station Counter Grind	Station Counter Blowout 1	Station Counter Wash	Station Counter Measure	Station Counter Blowout 2	RealGrindQStop	Reg Type	Factor 0	Factor 1	Factor 2	Factor 3	Factor 4	G_StartQV	G_StartQV_1	G_StartQV_2	G_StartQV_3	G_StartQV_4	G_StartQV_5	
30/08/2017	00:05:36	019004	G490132942HLR	L490	S		794.3285	1.0230	0.0000	100.1718	40.4502	0.8230	0.8263	4.0000	19.2023	925.1616	89.9341	9.7413	24.4000	0.9300	0.9250	0.7355	-0.0039	925.0000	920.8736	1.0339	-5.1773	99.9776	39.6019	0.8230	0.8227	5.0000	-9999.0000	-9999.0000	-9999.0000	-9999.0000	-9999.0000	-9999.0000	21.8022	3	0	30.1530	1.0000	09	3	-9999.0000	36113	72334	-9999	1041	983	-9999	645.8619	5	0.7025	0.7355	-0.0039	100.5682	3.8276	861.2754	249.1905	37.3444	775.9523	106.0141	862.6006	92.1528	863.5772	89.8902	873.2125	90.2416	
30/08/2017	00:06:00	019004	G490132961HLR	L490	S		785.6173	1.0230	0.0000	100.0399	39.6622	0.8230	0.8263	4.0000	19.5022	925.1178	89.9341	9.8517	24.4000	0.9300	0.9249	0.7355	-0.0039	925.0000	917.8239	1.0339	-5.2039	99.9545	39.3431	0.8230	0.8238	5.0000	-9999.0000	-9999.0000	-9999.0000	-9999.0000	-9999.0000	-9999.0000	26.3926	4	0	23.8228	1.0000	09	3	-9999.0000	36114	72335	-9999	1041	984	-9999	645.4364	5	0.7025	0.7355	-0.0039	100.5682	3.8276	858.5833	296.5299	37.8716	771.3139	105.8823	860.1484	92.2187	861.4608	89.9561	871.5757	90.0659	
30/08/2017	00:06:20	019004	G490132945HLR	L490	S		799.5319	1.0230	0.0000	99.9888	39.6080	0.8230	0.8274	4.0000	19.6418	925.1733	89.6925	8.5713	24.4000	0.9300	0.9250	0.7355	-0.0039	925.0000	921.9632	1.0339	-5.1679	100.0576	40.1538	0.8230	0.8243	5.0000	-9999.0000	-9999.0000	-9999.0000	-9999.0000	-9999.0000	-9999.0000	20.5323	5	0	20.5628	1.0000	09	3	-9999.0000	36115	72336	-9999	1042	985	-9999	650.0528	5	0.7025	0.7355	-0.0039	100.5682	3.8276	872.5831	299.4786	35.2136	779.7870	106.4315	874.2516	92.3944	874.7340	90.0000	884.8741	90.1098	
30/08/2017	00:07:13	019004	G490132960HLR	L490	S		808.7645	1.0230	0.0000	99.9334	40.7293	0.8230	0.8287	4.0000	19.2716	925.1618	89.8682	6.4705	24.4000	0.9300	0.9250	0.7345	-0.0038	925.0000	927.9985	1.0339	-5.1153	99.9996	39.3075	0.8230	0.8225	5.0000	-9999.0000	-9999.0000	-9999.0000	-9999.0000	-9999.0000	-9999.0000	24.1326	7	0	25.5624	1.0000	09	3	-9999.0000	36116	72337	-9999	1043	985	-9999	657.1747	5	0.7019	0.7345	-0.0038	102.5659	3.3558	893.2616	288.9200	37.0808	804.6345	105.0256	893.6652	92.2187	896.3302	90.0659	906.9257	90.1098	
30/08/2017	00:07:37	019004	G490133997HLR	L490	S		798.0735	1.0230	0.0000	100.0002	40.6336	0.8230	0.8273	4.0000	19.5423	925.1549	89.8462	6.9705	24.4000	0.9300	0.9249	0.7255	-0.0024	925.0000	926.0045	1.0339	-5.1327	99.9836	39.5466	0.8230	0.8240	5.0000	-9999.0000	-9999.0000	-9999.0000	-9999.0000	-9999.0000	-9999.0000	21.9526	8	0	24.1728	1.0000	09	3	-9999.0000	36117	72338	-9999	1044	986	-9999	655.7186	5	0.7027	0.7255	-0.0024	103.4272	3.0858	893.3354	299.0335	37.5860	805.8998	104.6082	894.2695	91.9551	895.6079	89.8023	903.9569	89.8243	
30/08/2017	00:07:56	019004	G490133968HLR	L490	S		792.2336	1.0230	0.0000	99.9766	40.0055	0.8230	0.8266	4.0000	19.3518	925.1250	89.8023	5.7712	24.4000	0.9300	0.9249	0.7240	-0.0023	925.0000	922.8829	1.0339	-5.1599	100.0176	40.1997	0.8230	0.8239	5.0000	-9999.0000	-9999.0000	-9999.0000	-9999.0000	-9999.0000	-9999.0000	20.8422	1	0	18.9825	1.0000	09	3	-9999.0000	36118	72339	-9999	1045	987	-9999	657.8938	5	0.7020	0.7240	-0.0023	96.4180	3.6966	905.2747	294.0764	36.2021	809.7654	105.7286	906.8042	92.3725	907.8772	89.9780	916.7291	89.7144	
30/08/2017	00:08:47	019004	G490133958HLR	L490	S		791.1998	1.0230	0.0000	99.9996	39.9338	0.8230	0.8282	4.0000	19.1819	925.1590	89.8243	5.4010	24.4000	0.9300	0.9250	0.7229	-0.0021	925.0000	922.4454	1.0339	-5.1637	100.0544	39.5345	0.8230	0.8226	5.0000	-9999.0000	-9999.0000	-9999.0000	-9999.0000	-9999.0000	-9999.0000	21.1927	3	0	26.2529	1.0000	09	3	-9999.0000	36119	72340	-9999	1046	988	-9999	658.2907	5	0.7044	0.7229	-0.0021	102.1517	2.7571	909.5038	289.7838	38.3329	818.3953	105.0037	910.8488	92.0430	911.5428	89.6925	920.5933	89.7584	
30/08/2017	00:09:16	019004	G490132962HLR	L490	S		799.2540	1.0230	0.0000	99.9928	40.3137	0.8230	0.8278	4.0000	19.5723	925.1467	90.3515	7.4901	24.4000	0.9300	0.9250	0.7229	-0.0021	925.0000	925.4197	1.0339	-5.1378	99.9887	39.5468	0.8230	0.8238	5.0000	-9999.0000	-9999.0000	-9999.0000	-9999.0000	-9999.0000	-9999.0000	22.8033	4	0	29.3433	1.0000	09	3	-9999.0000	36120	72341	-9999	1047	989	-9999	654.2439	5	0.7053	0.7229	-0.0021	104.3333	2.4668	889.7137	298.3688	36.8391	807.0058	104.9817	891.4898	91.9111	891.1599	89.7803	900.0162	89.7584	
30/08/2017	00:09:36	019004	G490129836HLR	L490	S		801.4033	1.0230	0.0000	99.9519	40.1906	0.8230	0.8274	4.0000	19.3615	925.0902	89.7803	7.3407	24.4000	0.9300	0.9251	0.7245	-0.0023	925.0000	925.4976	1.0339	-5.1371	99.9920	40.1538	0.8230	0.8237	5.0000	-9999.0000	-9999.0000	-9999.0000	-9999.0000	-9999.0000	-9999.0000	26.0234	5	0	19.5225	1.0000	09	2	-9999.0000	36121	72342	-9999	1048	990	-9999	654.8757	5	0.7064	0.7245	-0.0023	115.1463	1.4649	892.0184	300.0715	38.6624	805.3626	105.4869	893.2850	92.1967	894.0904	90.0659	902.5264	90.0000	
30/08/2017	00:10:31	019004	G490129835HLR	L490	S		799.6042	1.0230	0.0000	100.0951	39.9952	0.8230	0.8269	4.0000	20.3528	925.1051	89.7584	7.5507	24.4000	0.9300	0.9250	0.7259	-0.0024	925.0000	925.3857	1.0339	-5.1381	100.0225	39.4897	0.8230	0.8228	5.0000	-9999.0000	-9999.0000	-9999.0000	-9999.0000	-9999.0000	-9999.0000	25.0223	7	0	26.2733	1.0000	09	2	-9999.0000	36122	72343	-9999	1049	991	-9999	654.5107	5	0.7074	0.7259	-0.0024	123.0238	0.4901	888.9604	288.0202	35.9605	803.4083	105.3991	890.3324	92.2407	891.4282	90.0439	899.8148	89.8682	
30/08/2017	00:10:58	019004	G490129834HLR	L490	S		812.7338	1.0230	0.0000	100.0828	39.9978	0.8230	0.8276	4.0000	19.2521	925.1728	89.7144	5.6911	24.4000	0.9300	0.9249	0.7258	-0.0024	925.0000	929.5526	1.0339	-5.1018	100.0159	39.7603	0.8230	0.8239	5.0000	-9999.0000	-9999.0000	-9999.0000	-9999.0000	-9999.0000	-9999.0000	22.4926	8	2	26.9826	1.0000	09	2	-9999.0000	36122	72344	-9999	1050	992	-9999	658.7957	5	0.7074	0.7258	-0.0024	122.2338	0.4790	907.4007	297.3965	36.4437	816.1143	105.6846	908.9465	92.3944	909.4622	90.0220	917.8322	89.8462	
30/08/2017	00:11:19	019004	G490129813HLR	L490	S		803.2345	1.0230	0.0000	99.9751	40.0755	0.8230	0.8277	4.0000	19.4328	925.1314	89.7584	6.3611	24.4000	0.9300	0.9250	0.7265	-0.0025	925.0000	927.1108	1.0339	-5.1231	99.9969	40.1061	0.8230	0.8234	5.0000	-9999.0000	-9999.0000	-9999.0000	-9999.0000	-9999.0000	-9999.0000	23.6627	1	0	21.3432	1.0000	09	2	-9999.0000	36123	72345	-9999	1051	993	-9999	657.2573	5	0.7080	0.7265	-0.0025	120.3908	0.7258	899.5624	288.5456	37.0808	804.3382	106.1899	901.9158	92.3725	901.3455	89.6705	909.9583	89.8682	
30/08/2017	00:12:12	019004	G490129793HLR	L490	S		800.7385	1.0230	0.0000	100.0499	40.2505	0.8230	0.8271	4.0000	20.4222	925.1612	89.7364	6.6902	24.3000	0.9300	0.9248	0.7266	-0.0026	925.0000	927.9973	1.0339	-5.1153	100.0198	39.5384	0.8230	0.8230	5.0000	-9999.0000	-9999.0000	-9999.0000	-9999.0000	-9999.0000	-9999.0000	23.5123	3	0	26.4229	1.0000	09	2	-9999.0000	36124	72346	-9999	1052	994	-9999	656.5170	5	0.7075	0.7266	-0.0026	128.5265	-0.2552	896.8954	282.6587	36.7513	804.8048	105.9482	898.6390	92.3725	899.0429	89.8462	907.5810	89.7364	
30/08/2017	00:12:39	019004	G490129829HLR	L490	S		794.7998	1.0230	0.0000	99.9124	40.0883	0.8230	0.8269	4.0000	19.9717	925.1625	90.3075	8.4209	24.3000	0.9300	0.9249	0.7228	-0.0021	925.0000	925.5292	1.0339	-5.1368	100.0418	39.8396	0.8230	0.8238	5.0000	-9999.0000	-9999.0000	-9999.0000	-9999.0000	-9999.0000	-9999.0000	22.9224	4	0	27.0636	1.0000	09	2	-9999.0000	36125	72347	-9999	1053	995	-9999	652.7616	5	0.7082	0.7228	-0.0021	121.1781	0.6312	883.0020	297.7104	37.2785	796.3523	105.8384	884.9986	92.3066	884.9749	89.7584	892.4763	89.6925	
30/08/2017	00:13:00	019004	G490129818HLR	L490	S		798.1755	1.0230	0.0000	100.0062	39.9487	0.8230	0.8273	4.0000	19.4221	925.1799	89.8023	8.4306	24.4000	0.9300	0.9250	0.7242	-0.0023	925.0000	925.6621	1.0339	-5.1357	99.9703	40.0300	0.8230	0.8232	5.0000	-9999.0000	-9999.0000	-9999.0000	-9999.0000	-9999.0000	-9999.0000	23.6727	5	0	20.6916	1.0000	09	2	-9999.0000	36126	72348	-9999	1054	996	-9999	652.3195	5	0.7087	0.7242	-0.0023	135.4030	-1.4469	882.4206	298.8679	35.9824	794.2348	105.9043	883.6417	92.4164	884.4710	90.0439	892.8213	90.1318	
30/08/2017	00:13:52	019004	G490129838HLR	L490	S		798.0685	1.0230	0.0000	100.0245	40.3410	0.8230	0.8279	4.0000	19.8019	925.1143	89.7364	8.2206	24.4000	0.9300	0.9250	0.7253	-0.0025	925.0000	925.9421	1.0339	-5.1332	100.0578	39.6580	0.8230	0.8231	5.0000	-9999.0000	-9999.0000	-9999.0000	-9999.0000	-9999.0000	-9999.0000	21.3021	7	0	27.0625	1.0000	09	2	-9999.0000	36127	72349	-9999	1055	997	-9999	652.2498	5	0.7090	0.7253	-0.0025	132.5226	-0.9995	883.6977	278.3091	35.3673	795.4942	105.9043	885.1278	92.4164	885.8790	90.0659	893.9519	90.0879	
30/08/2017	00:14:18	019004	G490129806HLR	L490	S		809.9207	1.0230	0.0000	99.9505	40.2431	0.8230	0.8270	4.0000	19.9416	925.1179	89.6485	7.8310	24.3000	0.9300	0.9248	0.7251	-0.0024	925.0000	929.2084	1.0339	-5.1048	99.9917	39.8375	0.8230	0.8237	5.0000	-9999.0000	-9999.0000	-9999.0000	-9999.0000	-9999.0000	-9999.0000	23.4627	8	2	26.4833	1.0000	09	2	-9999.0000	36128	72350	-9999	1056	998	-9999	653.4348	5	0.7087	0.7251	-0.0024	126.1249	0.1085	887.9629	290.7845	35.3673	797.0367	106.1240	890.0872	92.4603	889.9784	90.0659	898.4268	90.1318	
30/08/2017	00:14:39	019004	G490129799HLR	L490	S		791.9791	1.0230	0.0000	99.9678	39.9487	0.8230	0.8270	4.0000	19.6819	925.1653	90.0220	8.8916	24.4000	0.9300	0.9249	0.7254	-0.0024	925.0000	923.8860	1.0339	-5.1511	99.9839	39.9851	0.8230	0.8233	5.0000	-9999.0000	-9999.0000	-9999.0000	-9999.0000	-9999.0000	-9999.0000	23.1921	1	0	20.6225	1.0000	09	2	-9999.0000	36129	72351	-9999	1057	999	-9999	651.0902	5	0.7083	0.7254	-0.0024	125.3064	0.2145	876.2752	297.3379	38.3110	794.8759	105.0037	877.1283	92.1308	878.6131	90.0439	887.3735	90.0439	
30/08/2017	00:15:30	019004	G490129840HLR	L490	S		803.1179	1.0230	0.0000	100.1009	40.1518	0.8230	0.8280	4.0000	19.4319	925.1538	89.7144	8.1708	24.4000	0.9300	0.9249	0.7186	-0.0016	925.0000	927.9475	1.0339	-5.1158	100.0365	39.6666	0.8230	0.8232	5.0000	-9999.0000	-9999.0000	-9999.0000	-9999.0000	-9999.0000	-9999.0000	21.2827	3	0	26.1934	1.0000	09	2	-9999.0000	36130	72352	-9999	1058	1000	-9999	652.8366	5	0.7075	0.7186	-0.0016	100.9390	3.3436	889.3000	274.3007	36.5975	799.5650	106.0141	891.7366	92.4384	890.6700	90.0220	898.7208	90.1098	
30/08/2017	00:15:58	019004	G490129717HLR	L490	S		794.3434	1.0230	0.0000	100.0826	40.2648	0.8230	0.8268	4.0000	20.9330	925.1009	89.6925	8.2402	24.3000	0.9300	0.9248	0.7190	-0.0017	925.0000	925.8319	1.0339	-5.1342	99.9949	39.8461	0.8230	0.8237	5.0000	-9999.0000	-9999.0000	-9999.0000	-9999.0000	-9999.0000	-9999.0000	22.6530	4	0	28.7328	1.0000	09	2	-9999.0000	36131	72353	-9999	1059	1001	-9999	652.4903	5	0.7065	0.7190	-0.0017	102.2054	3.1368	887.2121	293.3210	37.4762	800.7106	105.5309	888.8959	92.1967	889.2174	90.0220	896.6071	90.1098	
30/08/2017	00:16:17	019004	G490129727HLR	L490	S		788.8419	1.0230	0.0000	100.1350	40.0512	0.8230	0.8272	4.0000	19.4718	925.1225	89.5826	7.1004	24.4000	0.9300	0.9250	0.7183	-0.0016	925.0000	924.9525	1.0339	-5.1418	100.0063	39.9487	0.8230	0.8233	5.0000	-9999.0000	-9999.0000	-9999.0000	-9999.0000	-9999.0000	-9999.0000	25.4227	5	0	18.8320	1.0000	09	2	-9999.0000	36132	72354	-9999	1060	1002	-9999	654.2249	5	0.7062	0.7183	-0.0016	99.7467	3.4560	896.8440	304.1113	35.7188	804.8535	105.7945	898.6192	92.4164	898.4292	90.0439	906.0159	90.0659	
30/08/2017	00:17:12	019004	G490129842HLR	L490	S		795.8253	1.0230	0.0000	100.0695	40.1538	0.8230	0.8272	4.0000	20.9017	925.1769	90.3954	9.3409	24.4000	0.9300	0.9251	0.7186	-0.0017	925.0000	923.6094	1.0339	-5.1535	100.0074	39.6410	0.8230	0.8232	5.0000	-9999.0000	-9999.0000	-9999.0000	-9999.0000	-9999.0000	-9999.0000	23.7929	7	0	27.6729	1.0000	09	2	-9999.0000	36133	72355	-9999	1061	1003	-9999	650.5751	5	0.7058	0.7186	-0.0017	101.2999	3.2164	879.6059	274.1752	36.5755	794.9716	105.1794	881.4206	92.3066	881.4603	90.0439	888.4279	89.8023	
30/08/2017	00:17:39	019004	G490129737HLR	L490	S		798.2204	1.0230	0.0000	100.0143	40.1947	0.8230	0.8271	4.0000	20.1731	925.1448	89.8462	7.2508	24.4000	0.9300	0.9249	0.7183	-0.0016	925.0000	923.7952	1.0339	-5.1519	100.0194	39.8461	0.8230	0.8237	5.0000	-9999.0000	-9999.0000	-9999.0000	-9999.0000	-9999.0000	-9999.0000	24.2528	8	0	27.3038	1.0000	09	2	-9999.0000	36134	72356	-9999	1062	1004	-9999	653.6273	5	0.7056	0.7183	-0.0016	100.1995	3.4081	894.9284	302.0389	37.8277	804.3462	105.3991	896.8812	92.2846	896.5640	90.0220	903.7239	90.1318	
30/08/2017	00:18:07	019004	G490129707HLR	L490	S		796.4226	1.0230	0.0000	100.1836	40.0512	0.8230	0.8273	4.0000	19.5121	925.1270	89.8682	6.6912	24.4000	0.9300	0.9250	0.7198	-0.0018	925.0000	924.5075	1.0339	-5.1457	99.9981	39.9603	0.8230	0.8233	5.0000	-9999.0000	-9999.0000	-9999.0000	-9999.0000	-9999.0000	-9999.0000	24.0319	1	0	27.8832	1.0000	09	2	-9999.0000	36135	72357	-9999	1063	1004	-9999	654.7739	5	0.7054	0.7198	-0.0018	111.1599	2.1222	899.5920	290.7301	36.2900	801.4957	106.2119	901.2738	92.5482	901.0782	90.0000	908.2254	89.7144	
30/08/2017	00:19:01	019004	G490129730HLR	L490	S		793.6388	1.0230	0.0000	100.1263	40.1395	0.8230	0.8280	4.0000	19.2923	925.1414	89.7803	7.2303	24.4000	0.9300	0.9249	0.7152	-0.0012	925.0000	924.3031	1.0339	-5.1475	100.0762	39.6696	0.8230	0.8233	5.0000	-9999.0000	-9999.0000	-9999.0000	-9999.0000	-9999.0000	-9999.0000	21.4330	3	0	28.7432	1.0000	09	2	-9999.0000	36136	72358	-9999	1064	1005	-9999	653.4905	5	0.7050	0.7152	-0.0012	128.8023	-0.0200	897.6771	294.0280	36.2680	809.5414	105.4869	899.3610	92.3505	898.6488	89.9561	905.5423	89.6925	
30/08/2017	00:19:27	019004	G490128837HLR	L490	S		789.7789	1.0230	0.0000	100.0106	40.2316	0.8230	0.8277	4.0000	19.3518	935.9878	90.5492	3.5404	24.2000	0.9300	0.0000	0.7157	-0.0013	925.0000	899.9371	1.0339	-5.3596	99.9895	39.8461	0.8230	0.8238	5.0000	-9999.0000	-9999.0000	-9999.0000	-9999.0000	-9999.0000	-9999.0000	25.1425	4	1	26.2930	1.0000	09	2	-9999.0000	36137	72359	-9999	1065	1005	-9999	665.6054	5	0.7050	0.7157	-0.0013	121.6064	0.8035	935.9310	298.4154	35.8067	840.4227	105.2014	937.4382	92.3505	939.8567	33.8516	0.0000	0.0000	
30/08/2017	00:19:50	019004	G490129701HLR	L490	S		789.0900	1.0230	0.0000	100.0223	40.0758	0.8230	0.8272	4.0000	19.6222	925.1579	89.8023	7.7606	24.6000	0.9300	0.9253	0.7187	-0.0017	925.0000	923.8841	1.0339	-5.1511	100.0205	39.9812	0.8230	0.8233	5.0000	-9999.0000	-9999.0000	-9999.0000	-9999.0000	-9999.0000	-9999.0000	22.9927	5	0	23.1628	1.0000	09	2	-9999.0000	36138	72360	-9999	1066	1006	-9999	653.1232	5	0.7053	0.7187	-0.0017	124.8985	0.3836	890.4821	293.9981	37.8496	801.3261	104.9817	890.6341	92.3725	892.3992	90.0879	899.7876	90.0879	
30/08/2017	00:20:42	019004	G490129713HLR	L490	S		804.8317	1.0230	0.0000	99.9318	40.2275	0.8230	0.8278	4.0000	19.4923	925.1335	89.6265	7.4110	24.5000	0.9300	0.9251	0.7192	-0.0017	925.0000	927.8449	1.0339	-5.1167	100.0491	39.6780	0.8230	0.8232	5.0000	-9999.0000	-9999.0000	-9999.0000	-9999.0000	-9999.0000	-9999.0000	21.1322	7	0	27.7824	1.0000	09	2	-9999.0000	36139	72361	-9999	1067	1007	-9999	653.7305	5	0.7055	0.7192	-0.0017	130.0373	-0.1895	894.8273	284.9113	37.4542	803.6359	106.0801	897.1498	92.4384	896.3896	90.0879	904.0155	90.0439	
30/08/2017	00:21:09	019004	G490129736HLR	L490	S		798.5641	1.0230	0.0000	100.0693	40.1538	0.8230	0.8274	4.0000	19.4417	925.1775	89.7803	7.7001	24.4000	0.9300	0.9249	0.7186	-0.0016	925.0000	925.6325	1.0339	-5.1359	100.0075	39.8461	0.8230	0.8237	5.0000	-9999.0000	-9999.0000	-9999.0000	-9999.0000	-9999.0000	-9999.0000	24.1520	8	0	26.3935	1.0000	09	2	-9999.0000	36140	72362	-9999	1068	1008	-9999	653.5371	5	0.7074	0.7186	-0.0016	110.6580	2.2152	893.0107	291.0370	36.3778	802.7766	105.6187	895.2027	92.3944	894.5283	90.0000	901.6426	89.7584	
30/08/2017	00:21:29	019004	G490129742HLR	L490	S		801.1415	1.0230	0.0000	99.9740	39.9760	0.8230	0.8265	4.0000	20.8133	925.1302	89.6265	7.2811	24.4000	0.9300	0.9249	0.7181	-0.0015	925.0000	925.7315	1.0339	-5.1351	99.9817	40.0101	0.8230	0.8233	5.0000	-9999.0000	-9999.0000	-9999.0000	-9999.0000	-9999.0000	-9999.0000	23.0825	1	0	20.3618	1.0000	09	2	-9999.0000	36141	72363	-9999	1069	1009	-9999	654.3597	5	0.7077	0.7181	-0.0015	111.9371	2.2625	896.8503	293.3365	37.6739	806.9943	105.6846	899.0322	92.3285	898.1891	90.0879	905.4800	90.0879	
30/08/2017	00:22:24	019004	G490129741HLR	L490	S		801.4179	1.0230	0.0000	100.1232	40.2541	0.8230	0.8279	4.0000	20.1828	925.1585	89.6485	6.9109	24.4000	0.9300	0.9249	0.7187	-0.0016	925.0000	924.3102	1.0339	-5.1474	100.0504	39.6488	0.8230	0.8231	5.0000	-9999.0000	-9999.0000	-9999.0000	-9999.0000	-9999.0000	-9999.0000	23.5826	3	0	27.6233	1.0000	09	2	-9999.0000	36142	72364	-9999	1070	1010	-9999	654.5901	5	0.7077	0.7187	-0.0016	110.0799	2.4270	898.5213	290.4302	35.6090	809.4341	105.5968	900.3876	92.4384	900.1668	90.0220	907.7244	89.7364	
30/08/2017	00:22:47	019004	G490129705HLR	L490	S		799.8439	1.0230	0.0000	99.9581	40.2479	0.8230	0.8273	4.0000	19.8420	925.1557	90.2197	8.3613	24.3000	0.9300	0.9247	0.7180	-0.0015	925.0000	926.1931	1.0339	-5.1310	100.0010	39.8461	0.8230	0.8237	5.0000	-9999.0000	-9999.0000	-9999.0000	-9999.0000	-9999.0000	-9999.0000	24.0122	4	0	24.0428	1.0000	09	2	-9999.0000	36143	72365	-9999	1071	1011	-9999	652.7712	5	0.7080	0.7180	-0.0015	108.0328	2.7477	887.6457	302.7350	36.3339	800.0097	105.5309	889.6500	92.3725	889.0987	89.9121	895.8750	89.7144	
30/08/2017	00:23:08	019004	G490129712HLR	L490	S		761.2389	1.0230	0.0000	100.0859	40.0182	0.8230	0.8274	4.0000	19.4815	925.1122	89.7144	7.3807	24.3000	0.9300	0.9247	0.7172	-0.0014	925.0000	925.3186	1.0339	-5.1387	100.0367	40.0885	0.8230	0.8234	5.0000	-9999.0000	-9999.0000	-9999.0000	-9999.0000	-9999.0000	-9999.0000	20.7219	5	0	20.4523	1.0000	09	2	-9999.0000	36144	72366	-9999	1072	1012	-9999	654.1670	5	0.7082	0.7172	-0.0014	107.8785	2.6993	895.7820	297.4374	36.6414	805.4410	105.8384	898.1555	92.4164	897.0268	90.0659	903.9719	90.1318	
30/08/2017	00:24:00	019004	G490129921HLR	L490	S		802.2786	1.0230	0.0000	99.9659	40.1469	0.8230	0.8279	4.0000	19.6115	925.1236	89.8023	7.9609	24.4000	0.9300	0.9249	0.7179	-0.0015	925.0000	925.8494	1.0339	-5.1340	99.9896	39.6703	0.8230	0.8231	5.0000	-9999.0000	-9999.0000	-9999.0000	-9999.0000	-9999.0000	-9999.0000	22.8727	7	0	26.2532	1.0000	09	2	-9999.0000	36145	72367	-9999	1073	1013	-9999	653.4753	5	0.7083	0.7179	-0.0015	104.1368	3.0234	890.2589	301.3848	38.2451	812.1768	104.6302	891.5229	92.0649	892.4515	90.0000	899.2963	89.8243	
30/08/2017	00:24:25	019004	G490129931HLR	L490	S		763.0897	1.0230	0.0000	99.9906	40.2436	0.8230	0.8277	4.0000	19.6523	925.1299	89.7364	7.5204	24.4000	0.9300	0.9249	0.7223	-0.0021	925.0000	927.0387	1.0339	-5.1237	99.9882	39.8461	0.8230	0.8236	5.0000	-9999.0000	-9999.0000	-9999.0000	-9999.0000	-9999.0000	-9999.0000	22.6724	8	0	25.0925	1.0000	09	2	-9999.0000	36146	72368	-9999	1074	1014	-9999	653.8668	5	0.7083	0.7223	-0.0021	99.4547	3.6672	891.4657	287.8795	36.4437	805.6888	105.4430	893.4567	92.3066	893.2864	90.0220	901.9491	90.0000	
30/08/2017	00:24:46	019004	G490129930HLR	L490	S		797.5976	1.0230	0.0000	99.9884	40.0963	0.8230	0.8272	4.0000	19.5323	925.1280	89.7364	7.9110	24.4000	0.9300	0.9250	0.7226	-0.0021	925.0000	924.8783	1.0339	-5.1425	99.9837	40.0670	0.8230	0.8234	5.0000	-9999.0000	-9999.0000	-9999.0000	-9999.0000	-9999.0000	-9999.0000	21.8119	1	0	20.9428	1.0000	09	2	-9999.0000	36147	72369	-9999	1075	1015	-9999	652.9956	5	0.7083	0.7226	-0.0021	99.3247	3.7145	888.0160	295.9657	36.7732	799.6527	106.0141	889.8358	92.3944	890.0662	90.0220	898.2059	89.9341	
30/08/2017	00:25:44	019004	G490129929HLR	L490	S		790.6224	1.0230	0.0000	99.9957	40.1085	0.8230	0.8275	4.0000	19.8528	925.0922	89.7144	8.6211	24.5000	0.9300	0.9250	0.7224	-0.0021	925.0000	923.6204	1.0339	-5.1534	100.0511	39.7528	0.8230	0.8232	5.0000	-9999.0000	-9999.0000	-9999.0000	-9999.0000	-9999.0000	-9999.0000	20.3821	3	0	28.3625	1.0000	09	2	-9999.0000	36148	72370	-9999	1076	1016	-9999	651.6853	5	0.7080	0.7224	-0.0021	99.3568	3.4790	881.7815	284.5701	36.4218	794.2856	105.4430	883.7253	92.4164	883.8882	90.0879	892.1417	90.0659	
30/08/2017	00:26:11	019004	G490129928HLR	L490	S		797.0414	1.0230	0.0000	100.1043	40.1538	0.8230	0.8274	4.0000	19.7922	925.1056	89.6485	8.3105	24.4000	0.9300	0.9249	0.7226	-0.0021	925.0000	925.5376	1.0339	-5.1367	100.0119	39.8606	0.8230	0.8238	5.0000	-9999.0000	-9999.0000	-9999.0000	-9999.0000	-9999.0000	-9999.0000	24.6228	4	0	27.4035	1.0000	09	2	-9999.0000	36149	72371	-9999	1077	1017	-9999	652.2717	5	0.7078	0.7226	-0.0021	98.8175	3.4296	884.4237	295.1259	36.6195	794.7412	105.4430	886.2648	92.3505	886.2582	90.0659	894.2729	90.1318	
30/08/2017	00:26:30	019004	G490129916HLR	L490	S		766.3131	1.0230	0.0000	99.9717	40.0436	0.8230	0.8272	4.0000	20.2717	925.1086	89.6265	7.9911	24.4000	0.9300	0.9250	0.7224	-0.0021	925.0000	926.1871	1.0339	-5.1311	100.0409	39.9558	0.8230	0.8232	5.0000	-9999.0000	-9999.0000	-9999.0000	-9999.0000	-9999.0000	-9999.0000	24.0827	5	0	19.0323	1.0000	09	2	-9999.0000	36150	72372	-9999	1078	1018	-9999	652.9428	5	0.7062	0.7224	-0.0021	104.4527	2.7638	886.3115	288.7629	35.7408	791.3835	105.8164	887.8480	92.4823	888.3672	90.0659	896.6104	90.1098	
30/08/2017	00:27:25	019004	G490129902HLR	L490	S		783.3779	1.0230	0.0000	100.0478	40.1538	0.8230	0.8272	4.0000	20.9222	925.1190	89.6705	8.2001	24.5000	0.9300	0.9250	0.7224	-0.0021	925.0000	924.2208	1.0339	-5.1482	100.0265	39.6922	0.8230	0.8232	5.0000	-9999.0000	-9999.0000	-9999.0000	-9999.0000	-9999.0000	-9999.0000	23.8024	7	0	27.2530	1.0000	09	2	-9999.0000	36151	72373	-9999	1079	1019	-9999	652.4734	5	0.7060	0.7224	-0.0021	91.2005	4.4757	885.5565	282.1653	35.3234	794.3117	105.7945	887.4297	92.5702	887.1543	90.0879	895.3949	90.0000	
30/08/2017	00:27:50	019004	G490129846HLR	L490	S		799.4591	1.0230	0.0000	100.0858	40.1620	0.8230	0.8273	4.0000	19.6526	925.1547	89.6046	6.7908	24.4000	0.9300	0.9250	0.7232	-0.0022	925.0000	926.6396	1.0339	-5.1272	100.0254	39.8461	0.8230	0.8236	5.0000	-9999.0000	-9999.0000	-9999.0000	-9999.0000	-9999.0000	-9999.0000	23.3619	8	0	25.7432	1.0000	09	2	-9999.0000	36152	72374	-9999	1080	1020	-9999	655.3180	5	0.7060	0.7232	-0.0022	93.7622	4.1744	897.0519	295.1385	36.1582	804.5536	105.5748	898.8780	92.4823	898.6508	90.0659	907.0937	90.1318	
30/08/2017	00:28:13	019004	G490128818HLR	L490	S		803.7378	1.0230	0.0000	99.9233	40.0459	0.8230	0.8272	4.0000	19.5022	925.1106	89.7144	4.1802	24.4000	0.9300	0.9250	0.7238	-0.0023	925.0000	916.3831	1.0339	-5.2164	100.0004	39.9847	0.8230	0.8233	5.0000	-9999.0000	-9999.0000	-9999.0000	-9999.0000	-9999.0000	-9999.0000	22.4527	1	0	22.7925	1.0000	09	2	-9999.0000	36153	72375	-9999	1081	1021	-9999	660.8282	5	0.7059	0.7238	-0.0023	92.1209	4.3593	921.4580	294.9672	36.0923	823.2087	105.5748	922.8977	92.3944	923.9096	89.8243	0.0000	0.0000	
30/08/2017	00:29:06	019004	G490129894HLR	L490	S		798.9709	1.0230	0.0000	100.0826	40.1538	0.8230	0.8278	4.0000	19.5822	925.1546	90.3075	9.8917	24.4000	0.9300	0.9250	0.7191	-0.0017	925.0000	934.8884	1.0339	-5.0554	99.9883	39.6410	0.8230	0.8231	5.0000	-9999.0000	-9999.0000	-9999.0000	-9999.0000	-9999.0000	-9999.0000	24.7225	3	2	24.7128	1.0000	09	2	-9999.0000	36154	72376	-9999	1082	1022	-9999	650.0668	5	0.7058	0.7191	-0.0017	239.6726	-12.6227	855.5653	284.9211	36.5096	751.4578	105.3771	853.1057	92.1528	860.2275	89.9561	874.0953	89.7144	
30/08/2017	00:29:35	019004	G490132944HLR	L490	S		792.7209	1.0230	0.0000	99.9949	40.2029	0.8230	0.8270	4.0000	20.4017	925.1561	90.2197	6.0807	24.3000	0.9300	0.9248	0.7150	-0.0012	925.0000	921.8609	1.0339	-5.1687	100.0305	39.8461	0.8230	0.8237	5.0000	-9999.0000	-9999.0000	-9999.0000	-9999.0000	-9999.0000	-9999.0000	21.2524	4	0	28.5930	1.0000	09	2	-9999.0000	36154	72377	-9999	1083	1023	-9999	655.0198	5	0.7057	0.7150	-0.0012	235.2502	-12.0579	906.1094	301.3965	37.8277	814.1519	105.9702	907.9841	92.3725	907.5130	90.0220	914.9558	90.1538	
30/08/2017	00:29:56	019004	G490129927HLR	L490	S		777.6687	1.0230	0.0000	100.2313	40.0512	0.8230	0.8274	4.0000	19.3517	925.0940	89.9121	10.8518	24.4000	0.9300	0.9250	0.7144	-0.0011	925.0000	924.5234	1.0339	-5.1456	100.0187	39.9896	0.8230	0.8233	5.0000	-9999.0000	-9999.0000	-9999.0000	-9999.0000	-9999.0000	-9999.0000	25.2928	5	0	21.8434	1.0000	09	2	-9999.0000	36155	72378	-9999	1084	1024	-9999	650.0787	5	0.7071	0.7144	-0.0011	94.8213	4.8624	873.2307	294.3023	35.5870	790.0825	106.0361	875.8859	92.3285	874.2913	89.7144	880.6185	89.8682	
30/08/2017	00:31:11	019004	G490129925HLR	L490	S		787.9211	1.0230	0.0000	99.9827	40.2111	0.8230	0.8274	4.0000	19.9329	925.1390	89.8462	9.1417	24.5000	0.9300	0.9251	0.7353	-0.0038	925.0000	920.1126	1.0339	-5.1840	99.9982	39.6967	0.8230	0.8236	5.0000	-9999.0000	-9999.0000	-9999.0000	-9999.0000	-9999.0000	-9999.0000	24.1227	8	0	24.1325	1.0000	09	2	-9999.0000	36157	72379	-9999	1086	1025	-9999	648.3550	5	0.7066	0.7353	-0.0038	101.2001	3.7756	866.5104	277.9273	35.8287	783.7010	105.3771	866.8862	92.3725	869.2343	90.0220	879.1916	90.0659	
30/08/2017	00:31:30	019004	G490129936HLR	L490	S		771.9150	1.0230	0.0000	99.9316	40.0512	0.8230	0.8272	4.0000	19.9425	925.1114	89.9341	10.1418	24.4000	0.9300	0.9250	0.7325	-0.0034	925.0000	918.3856	1.0339	-5.1990	100.0491	39.9792	0.8230	0.8237	5.0000	-9999.0000	-9999.0000	-9999.0000	-9999.0000	-9999.0000	-9999.0000	20.8519	1	0	19.3725	1.0000	09	2	-9999.0000	36158	72380	-9999	1087	1026	-9999	646.2316	5	0.7064	0.7325	-0.0034	97.4295	4.2912	858.1550	297.1007	38.5087	777.6812	104.6741	858.6476	92.0430	861.7674	89.9780	871.4065	90.1098	
30/08/2017	00:32:20	019004	G490132923HLR	L490	S		808.2081	1.0230	0.0000	100.0016	40.1702	0.8230	0.8277	4.0000	19.6321	925.1832	89.8462	7.4715	24.4000	0.9300	0.9250	0.7325	-0.0034	925.0000	926.1215	1.0339	-5.1317	100.0975	39.7626	0.8230	0.8230	5.0000	-9999.0000	-9999.0000	-9999.0000	-9999.0000	-9999.0000	-9999.0000	20.8324	3	0	25.0322	1.0000	09	2	-9999.0000	36159	72381	-9999	1088	1027	-9999	654.5828	5	0.7064	0.7325	-0.0034	97.4295	4.2912	884.9165	288.6994	36.0044	793.3914	105.2453	885.9396	92.3505	887.6676	90.0000	897.2782	90.0879	
30/08/2017	00:32:46	019004	G490132930HLR	L490	S		786.2897	1.0230	0.0000	99.9630	40.2316	0.8230	0.8271	4.0000	20.4317	925.1444	89.8243	7.8505	24.4000	0.9300	0.9249	0.7169	-0.0013	925.0000	927.1273	1.0339	-5.1229	100.0266	39.6410	0.8230	0.8235	5.0000	-9999.0000	-9999.0000	-9999.0000	-9999.0000	-9999.0000	-9999.0000	21.5825	4	0	26.7637	1.0000	09	2	-9999.0000	36160	72382	-9999	1089	1028	-9999	653.5952	5	0.7063	0.7169	-0.0013	98.9256	4.1083	892.1852	291.0289	37.1247	802.2338	105.3991	894.5674	92.2846	893.9813	90.0439	900.5690	90.0000	
30/08/2017	00:33:06	019004	G490132922HLR	L490	S		810.0732	1.0230	0.0000	100.0022	40.0121	0.8230	0.8265	4.0000	20.5716	925.1495	89.6046	6.8709	24.4000	0.9300	0.9249	0.7165	-0.0013	925.0000	925.5452	1.0339	-5.1367	99.9601	40.0512	0.8230	0.8237	5.0000	-9999.0000	-9999.0000	-9999.0000	-9999.0000	-9999.0000	-9999.0000	23.4118	5	0	19.5617	1.0000	09	2	-9999.0000	36161	72383	-9999	1090	1029	-9999	654.7276	5	0.7061	0.7165	-0.0013	98.1463	4.3980	900.8193	299.8581	35.4552	807.3370	105.7286	903.2528	92.4823	901.9801	90.0879	908.9035	90.0879	
30/08/2017	00:33:57	019004	G490132918HLR	L490	S		735.4517	1.0230	0.0000	100.0088	40.1203	0.8230	0.8283	4.0000	19.5217	0.0000	0.0000	0.0000	0.0000	0.9300	0.0000	0.0000	0.0000	0.0000	738.8646	1.0339	-1.9798	100.0249	39.7004	0.8230	0.8234	5.0000	-9999.0000	-9999.0000	-9999.0000	-9999.0000	-9999.0000	-9999.0000	21.3226	7	7	24.5331	1.0000	09	2	-9999.0000	36162	0	-9999	1091	1030	-9999	0.0000	0	0.0000	0.0000	0.0000	0.0000	0.0000	0.0000	0.0000	0.0000	0.0000	0.0000	0.0000	0.0000	0.0000	0.0000	0.0000	0.0000	
30/08/2017	00:34:24	019004	G490132954HLR	L490	S		793.8085	1.0230	0.0000	100.0209	40.2259	0.8230	0.8277	4.0000	19.3420	925.0488	90.2636	11.0510	24.4000	0.9300	0.9250	0.7145	-0.0011	925.0000	926.2785	1.0339	-5.1303	99.9928	39.7010	0.8230	0.8237	5.0000	-9999.0000	-9999.0000	-9999.0000	-9999.0000	-9999.0000	-9999.0000	21.1419	8	0	26.7726	1.0000	09	2	-9999.0000	36163	72384	-9999	1092	1031	-9999	650.1977	5	0.7063	0.7145	-0.0011	96.2578	4.5980	874.0617	280.3746	37.4323	792.3771	105.4869	876.2346	92.3285	874.8725	89.9341	880.3349	89.6925	
30/08/2017	00:34:44	019004	G490132941HLR	L490	S		796.7215	1.0230	0.0000	100.2011	40.1085	0.8230	0.8271	4.0000	19.8519	925.1491	90.0879	6.8504	24.4000	0.9300	0.9248	0.7147	-0.0011	925.0000	925.7245	1.0339	-5.1351	99.9770	40.1538	0.8230	0.8236	5.0000	-9999.0000	-9999.0000	-9999.0000	-9999.0000	-9999.0000	-9999.0000	23.4029	1	0	20.4524	1.0000	09	2	-9999.0000	36164	72385	-9999	1093	1032	-9999	654.4658	5	0.7065	0.7147	-0.0011	91.5645	4.9117	900.4783	295.8707	36.8831	812.9862	105.3771	902.9575	92.2626	901.3902	90.0220	908.4868	90.1098	
30/08/2017	00:35:38	019004	G490132950HLR	L490	S		802.4019	1.0230	0.0000	100.0566	40.1044	0.8230	0.8275	4.0000	19.6916	925.1341	90.0659	6.7908	24.4000	0.9300	0.9249	0.7147	-0.0011	925.0000	927.1383	1.0339	-5.1228	99.9634	39.6334	0.8230	0.8228	5.0000	-9999.0000	-9999.0000	-9999.0000	-9999.0000	-9999.0000	-9999.0000	23.3532	3	0	26.3829	1.0000	09	2	-9999.0000	36165	72386	-9999	1094	1033	-9999	654.5049	5	0.7065	0.7147	-0.0011	91.5645	4.9117	901.7931	279.6498	37.5201	812.7217	106.1240	904.8301	92.5262	902.7980	89.9780	909.5180	89.7144	
30/08/2017	00:36:03	019004	G490132952HLR	L490	S		795.2986	1.0230	0.0000	99.9431	40.1282	0.8230	0.8269	4.0000	20.7024	925.0827	90.1538	7.7304	24.4000	0.9300	0.9248	0.7170	-0.0013	925.0000	923.4204	1.0339	-5.1552	100.0084	39.7472	0.8230	0.8237	5.0000	-9999.0000	-9999.0000	-9999.0000	-9999.0000	-9999.0000	-9999.0000	22.8923	4	0	25.5732	1.0000	09	2	-9999.0000	36166	72387	-9999	1095	1034	-9999	653.7866	5	0.7059	0.7170	-0.0013	95.8584	4.1935	892.7994	299.0320	35.6968	802.7059	105.8164	894.6532	92.4603	893.9468	89.8902	900.1471	89.6705	
30/08/2017	00:36:23	019004	G490129843HLR	L490	S		786.9391	1.0230	0.0000	100.0720	40.0415	0.8230	0.8275	4.0000	19.4317	925.0883	90.0220	8.3105	24.4000	0.9300	0.9249	0.7147	-0.0011	925.0000	926.1906	1.0339	-5.1311	99.9629	40.1538	0.8230	0.8235	5.0000	-9999.0000	-9999.0000	-9999.0000	-9999.0000	-9999.0000	-9999.0000	22.2417	5	0	19.8624	1.0000	09	1	-9999.0000	36167	72388	-9999	1096	1035	-9999	652.7437	5	0.7047	0.7147	-0.0011	100.1049	3.7764	890.0352	298.7866	37.1906	799.2452	106.1020	892.9695	92.5262	891.0754	90.0220	897.3969	89.8243	
30/08/2017	00:37:14	019004	G490129826HLR	L490	S		781.7211	1.0230	0.0000	100.0819	40.1500	0.8230	0.8279	4.0000	19.4816	925.0934	90.1977	9.9210	24.5000	0.9300	0.9251	0.7139	-0.0010	925.0000	926.9397	1.0339	-5.1245	99.9630	39.6420	0.8230	0.8229	5.0000	-9999.0000	-9999.0000	-9999.0000	-9999.0000	-9999.0000	-9999.0000	23.5525	7	0	23.7928	1.0000	09	1	-9999.0000	36168	72389	-9999	1097	1036	-9999	651.0616	5	0.7056	0.7139	-0.0010	98.8555	3.9346	880.0737	280.8894	36.9490	791.7967	105.5528	882.9508	92.3944	881.2766	90.0439	887.5560	90.0439	
30/08/2017	00:37:40	019004	G490129815HLR	L490	S		783.5792	1.0230	0.0000	99.8784	40.1538	0.8230	0.8274	4.0000	19.6917	925.1057	89.8902	9.1016	24.4000	0.9300	0.9250	0.7141	-0.0010	925.0000	925.2835	1.0339	-5.1390	100.0273	39.7435	0.8230	0.8237	5.0000	-9999.0000	-9999.0000	-9999.0000	-9999.0000	-9999.0000	-9999.0000	20.3617	8	0	26.4628	1.0000	09	1	-9999.0000	36169	72390	-9999	1098	1037	-9999	651.9176	5	0.7054	0.7141	-0.0010	91.7003	4.6871	885.3425	301.4966	35.6529	798.0643	105.3771	887.8371	92.3725	886.7517	90.0000	893.3984	90.1098	
30/08/2017	00:38:03	019004	G490129814HLR	L490	S		792.1695	1.0230	0.0000	100.1013	40.0428	0.8230	0.8273	4.0000	19.5422	925.1059	89.6925	8.1005	24.4000	0.9300	0.9250	0.7146	-0.0011	925.0000	926.2144	1.0339	-5.1309	99.9919	40.0918	0.8230	0.8236	5.0000	-9999.0000	-9999.0000	-9999.0000	-9999.0000	-9999.0000	-9999.0000	23.1324	1	0	22.7623	1.0000	09	1	-9999.0000	36170	72391	-9999	1099	1038	-9999	652.8190	5	0.7055	0.7146	-0.0011	98.4295	3.9094	891.0703	297.4960	36.7513	803.0405	105.5528	893.8791	92.3285	892.5939	90.0439	899.9651	90.1318	
30/08/2017	00:38:53	019004	G490129833HLR	L490	S		776.9633	1.0230	0.0000	99.8806	40.1538	0.8230	0.8277	4.0000	19.9719	925.1206	90.0000	9.1407	24.5000	0.9300	0.9250	0.7153	-0.0012	925.0000	924.4736	1.0339	-5.1460	100.0690	39.7044	0.8230	0.8230	5.0000	-9999.0000	-9999.0000	-9999.0000	-9999.0000	-9999.0000	-9999.0000	20.9124	3	0	25.5732	1.0000	09	1	-9999.0000	36171	72392	-9999	1100	1039	-9999	651.5434	5	0.7053	0.7153	-0.0012	77.4857	6.7829	883.0039	301.7890	39.0359	805.6005	104.2787	884.2359	91.9990	884.3918	90.0439	892.0194	90.0659	
30/08/2017	00:39:18	019004	G490129797HLR	L490	S		785.2644	1.0230	0.0000	100.0458	40.1988	0.8230	0.8272	4.0000	20.2719	925.0866	89.8462	8.7803	24.4000	0.9300	0.9249	0.7156	-0.0013	925.0000	926.3175	1.0339	-5.1300	99.9598	39.7435	0.8230	0.8236	5.0000	-9999.0000	-9999.0000	-9999.0000	-9999.0000	-9999.0000	-9999.0000	22.1421	4	0	25.1131	1.0000	09	1	-9999.0000	36172	72393	-9999	1101	1040	-9999	651.8629	5	0.7054	0.7156	-0.0013	71.1758	7.6351	884.5693	296.5357	37.1247	799.8384	105.4650	887.0524	92.2407	885.7356	90.0000	894.2504	90.1318	
30/08/2017	00:39:38	019004	G490129798HLR	L490	S		789.4974	1.0230	0.0000	100.0769	40.0392	0.8230	0.8269	4.0000	20.2815	925.0941	89.8243	8.5605	24.3000	0.9300	0.9250	0.7151	-0.0012	925.0000	926.1275	1.0339	-5.1316	100.0188	40.1258	0.8230	0.8236	5.0000	-9999.0000	-9999.0000	-9999.0000	-9999.0000	-9999.0000	-9999.0000	21.8032	5	0	20.7523	1.0000	09	1	-9999.0000	36173	72394	-9999	1102	1041	-9999	651.9994	5	0.7052	0.7151	-0.0012	75.6661	7.2572	888.1110	300.1607	36.7732	801.8220	106.0361	890.7149	92.4603	888.8078	90.0220	895.6525	90.0879	
30/08/2017	00:40:33	019004	G490129837HLR	L490	S		788.2049	1.0230	0.0000	99.9283	40.1464	0.8230	0.8279	4.0000	19.4319	925.1098	89.6925	8.3808	24.5000	0.9300	0.9251	0.7152	-0.0012	925.0000	924.6403	1.0339	-5.1446	99.9900	39.6488	0.8230	0.8229	5.0000	-9999.0000	-9999.0000	-9999.0000	-9999.0000	-9999.0000	-9999.0000	24.7722	7	0	26.8634	1.0000	09	1	-9999.0000	36174	72395	-9999	1103	1042	-9999	652.3528	5	0.7052	0.7152	-0.0012	67.9113	8.1764	889.5328	287.5075	37.8277	801.4691	104.8718	891.2317	92.3944	890.8716	90.0220	897.5427	90.1098	
30/08/2017	00:41:02	019004	G490129808HLR	L490	S		786.0882	1.0230	0.0000	99.9631	40.2068	0.8230	0.8278	4.0000	19.2813	925.1270	89.9341	8.8311	24.4000	0.9300	0.9250	0.7146	-0.0012	925.0000	925.4597	1.0339	-5.1374	100.0097	39.8408	0.8230	0.8237	5.0000	-9999.0000	-9999.0000	-9999.0000	-9999.0000	-9999.0000	-9999.0000	23.3933	8	0	28.3225	1.0000	09	1	-9999.0000	36174	72396	-9999	1104	1043	-9999	651.7453	5	0.7048	0.7146	-0.0012	78.0825	7.0656	885.9109	301.3353	37.4762	800.2497	105.0476	887.5839	92.2626	887.4860	90.0220	894.3582	90.0659	
30/08/2017	00:41:22	019004	G490129809HLR	L490	S		779.9149	1.0230	0.0000	100.0816	40.0635	0.8230	0.8271	4.0000	20.0021	925.0851	89.7803	8.9805	24.4000	0.9300	0.9250	0.7148	-0.0012	925.0000	924.5610	1.0339	-5.1452	100.0151	40.0512	0.8230	0.8233	5.0000	-9999.0000	-9999.0000	-9999.0000	-9999.0000	-9999.0000	-9999.0000	25.0028	1	0	20.2425	1.0000	09	1	-9999.0000	36175	72397	-9999	1105	1044	-9999	651.4031	5	0.7050	0.7148	-0.0012	78.6699	6.9647	884.9895	291.5638	36.4657	797.0837	105.5309	887.1184	92.3944	886.0315	90.0659	893.2684	90.1318	
30/08/2017	00:42:15	019004	G490129697HLR	L490	S		769.6098	1.0230	0.0000	100.0214	40.1234	0.8230	0.8280	4.0000	19.1916	925.1151	89.6265	8.2607	24.5000	0.9300	0.9251	0.7146	-0.0012	925.0000	924.8129	1.0339	-5.1431	100.0234	39.6436	0.8230	0.8232	5.0000	-9999.0000	-9999.0000	-9999.0000	-9999.0000	-9999.0000	-9999.0000	24.5926	3	0	24.7032	1.0000	09	1	-9999.0000	36176	72398	-9999	1106	1045	-9999	652.3050	5	0.7048	0.7146	-0.0012	73.3663	7.5362	890.0699	286.2721	37.4762	793.4870	105.5089	892.6945	92.3505	891.3423	90.0439	898.5036	90.1098	
30/08/2017	00:42:39	019004	G490129738HLR	L490	S		782.7672	1.0230	0.0000	100.1207	40.1538	0.8230	0.8277	4.0000	19.4122	925.1302	89.6485	8.1103	24.4000	0.9300	0.9249	0.7196	-0.0017	925.0000	925.0452	1.0339	-5.1410	100.0663	39.8461	0.8230	0.8237	5.0000	-9999.0000	-9999.0000	-9999.0000	-9999.0000	-9999.0000	-9999.0000	21.2621	4	0	24.3532	1.0000	09	1	-9999.0000	36177	72399	-9999	1107	1046	-9999	652.8822	5	0.7047	0.7196	-0.0017	69.4504	7.9870	887.7711	297.1583	36.7293	794.5076	105.3991	889.4012	92.3505	889.5686	90.0439	897.7845	90.0879	
30/08/2017	00:43:00	019004	G490129831HLR	L490	S		791.9072	1.0230	0.0000	100.1370	40.0507	0.8230	0.8275	4.0000	19.2024	925.0981	89.6705	8.4804	24.4000	0.9300	0.9249	0.7144	-0.0011	925.0000	927.2473	1.0339	-5.1219	100.0725	40.0748	0.8230	0.8235	5.0000	-9999.0000	-9999.0000	-9999.0000	-9999.0000	-9999.0000	-9999.0000	20.9915	5	0	21.1217	1.0000	09	1	-9999.0000	36178	72400	-9999	1108	1047	-9999	652.0345	5	0.7043	0.7144	-0.0011	80.8578	6.7602	889.2809	279.1549	36.5316	805.7104	105.2673	891.6862	92.3066	890.4845	90.0439	898.2274	90.1098	
30/08/2017	00:43:51	019004	G490129822HLR	L490	S		792.5265	1.0230	0.0000	100.1408	40.1743	0.8230	0.8280	4.0000	19.2922	925.1075	89.5826	8.1210	24.5000	0.9300	0.9250	0.7156	-0.0013	925.0000	927.6391	1.0339	-5.1185	100.0154	39.7446	0.8230	0.8232	5.0000	-9999.0000	-9999.0000	-9999.0000	-9999.0000	-9999.0000	-9999.0000	21.8225	7	0	25.5323	1.0000	09	1	-9999.0000	36179	72401	-9999	1109	1048	-9999	652.5416	5	0.7044	0.7156	-0.0013	57.8355	9.3989	890.5088	283.5007	35.1477	803.2574	105.7066	892.9262	92.5043	891.8405	90.0879	899.7985	90.0879	
30/08/2017	00:44:16	019004	G490129830HLR	L490	S		782.3076	1.0230	0.0000	99.9902	40.1620	0.8230	0.8273	4.0000	19.9016	925.0935	89.9780	8.9014	24.3000	0.9300	0.9247	0.7127	-0.0009	925.0000	925.6951	1.0339	-5.1354	99.9736	39.8461	0.8230	0.8236	5.0000	-9999.0000	-9999.0000	-9999.0000	-9999.0000	-9999.0000	-9999.0000	22.0825	8	0	25.2927	1.0000	09	1	-9999.0000	36180	72402	-9999	1110	1049	-9999	651.8227	5	0.7047	0.7127	-0.0009	61.6376	9.0312	888.3059	295.9479	37.4323	802.5882	105.7066	891.2943	92.3725	889.3066	90.0439	895.6842	90.0220	
30/08/2017	00:44:37	019004	G490129718HLR	L490	S		788.5893	1.0230	0.0000	99.9989	40.0338	0.8230	0.8274	4.0000	19.3017	925.1274	89.6485	8.2402	24.3000	0.9300	0.9248	0.7130	-0.0010	925.0000	926.3819	1.0339	-5.1294	100.0105	40.0447	0.8230	0.8235	5.0000	-9999.0000	-9999.0000	-9999.0000	-9999.0000	-9999.0000	-9999.0000	22.0025	1	0	21.4223	1.0000	09	1	-9999.0000	36181	72403	-9999	1111	1050	-9999	652.2494	5	0.7046	0.7130	-0.0010	49.1256	10.4810	891.7645	300.2041	36.1142	805.0711	105.8384	894.2933	92.4603	892.5379	90.0439	899.7561	90.1098	
30/08/2017	00:45:32	019004	G490129729HLR	L490	S		792.2371	1.0230	0.0000	100.0246	40.1538	0.8230	0.8277	4.0000	19.8420	925.1178	89.6485	7.6512	24.4000	0.9300	0.9250	0.7086	-0.0005	925.0000	925.0475	1.0339	-5.1410	100.0163	39.7059	0.8230	0.8231	5.0000	-9999.0000	-9999.0000	-9999.0000	-9999.0000	-9999.0000	-9999.0000	22.2124	3	0	28.5434	1.0000	09	1	-9999.0000	36182	72404	-9999	1112	1051	-9999	652.2315	5	0.7045	0.7086	-0.0005	58.7822	9.3879	897.7388	292.6190	37.6959	811.8394	105.0256	900.5625	92.2407	899.0667	90.0439	905.3857	90.0659	
30/08/2017	00:45:58	019004	G490128838HLR	L490	S		781.2993	1.0230	0.0000	99.9534	40.2438	0.8230	0.8273	4.0000	20.0724	925.1420	89.7584	7.9316	24.4000	0.9300	0.9249	0.7131	-0.0010	925.0000	922.8681	1.0339	-5.1600	100.0215	39.8461	0.8230	0.8237	5.0000	-9999.0000	-9999.0000	-9999.0000	-9999.0000	-9999.0000	-9999.0000	25.1121	4	0	26.9529	1.0000	09	1	-9999.0000	36183	72405	-9999	1113	1052	-9999	652.3987	5	0.7044	0.7131	-0.0010	69.1575	8.1481	893.2649	304.8127	36.5316	805.5659	105.4430	895.4231	92.4164	894.8353	90.0220	901.4123	89.8023	
30/08/2017	00:46:21	019004	G490129700HLR	L490	S		785.4275	1.0230	0.0000	100.1837	40.0512	0.8230	0.8274	4.0000	19.2717	925.1070	89.6705	7.8603	24.4000	0.9300	0.9250	0.7094	-0.0006	925.0000	923.7141	1.0339	-5.1526	99.9638	40.0404	0.8230	0.8233	5.0000	-9999.0000	-9999.0000	-9999.0000	-9999.0000	-9999.0000	-9999.0000	23.6422	5	0	22.8727	1.0000	09	1	-9999.0000	36184	72406	-9999	1114	1053	-9999	652.1136	5	0.7044	0.7094	-0.0006	80.8073	6.8152	897.5661	288.9018	34.7742	803.4871	106.3876	901.2695	92.8118	898.0956	90.0879	904.0070	90.0000	
30/08/2017	00:47:16	019004	G490129723HLR	L490	S		785.3394	1.0230	0.0000	99.9433	40.1346	0.8230	0.8279	4.0000	19.4513	925.1262	90.0000	8.8711	24.5000	0.9300	0.9251	0.7098	-0.0006	925.0000	923.7284	1.0339	-5.1525	100.0251	39.6533	0.8230	0.8231	5.0000	-9999.0000	-9999.0000	-9999.0000	-9999.0000	-9999.0000	-9999.0000	23.6325	7	0	27.6624	1.0000	09	1	-9999.0000	36185	72407	-9999	1115	1054	-9999	651.6274	5	0.7046	0.7098	-0.0006	78.2140	7.1588	889.5193	287.4229	35.9605	802.3243	105.5309	891.8735	92.4384	890.7255	90.0439	896.6367	90.0000	
30/08/2017	00:47:42	019004	G490129704HLR	L490	S		784.2580	1.0230	0.0000	99.9882	40.1538	0.8230	0.8275	4.0000	19.6418	925.1385	90.0659	10.0812	24.4000	0.9300	0.9250	0.7131	-0.0010	925.0000	925.1414	1.0339	-5.1402	100.0249	39.8613	0.8230	0.8237	5.0000	-9999.0000	-9999.0000	-9999.0000	-9999.0000	-9999.0000	-9999.0000	24.2431	8	0	25.8135	1.0000	09	1	-9999.0000	36186	72408	-9999	1116	1055	-9999	650.4229	5	0.7047	0.7131	-0.0010	98.1782	4.9854	879.1715	297.9643	36.7732	794.6100	105.3991	881.7086	92.2846	880.2142	90.0220	887.1785	90.1098	
30/08/2017	00:48:03	019004	G490129731HLR	L490	S		791.3654	1.0230	0.0000	99.9836	40.0512	0.8230	0.8271	4.0000	19.8616	925.1135	89.9780	9.5506	24.4000	0.9300	0.9250	0.7153	-0.0013	925.0000	927.4846	1.0339	-5.1198	100.0207	40.0510	0.8230	0.8232	5.0000	-9999.0000	-9999.0000	-9999.0000	-9999.0000	-9999.0000	-9999.0000	22.5329	1	0	21.1916	1.0000	09	1	-9999.0000	36187	72409	-9999	1117	1056	-9999	650.6699	5	0.7049	0.7153	-0.0013	91.8724	5.7779	881.3922	304.9691	36.5536	798.6927	105.2453	883.3022	92.3066	882.7421	90.0000	889.7292	90.0879	
30/08/2017	00:48:54	019004	G490129726HLR	L490	S		796.6906	1.0230	0.0000	100.0250	40.1988	0.8230	0.8280	4.0000	19.1428	925.1335	89.7144	8.4101	24.5000	0.9300	0.9251	0.7137	-0.0011	925.0000	924.7116	1.0339	-5.1439	99.9865	39.7116	0.8230	0.8232	5.0000	-9999.0000	-9999.0000	-9999.0000	-9999.0000	-9999.0000	-9999.0000	22.5312	3	0	24.8231	1.0000	09	1	-9999.0000	36188	72410	-9999	1118	1057	-9999	652.0945	5	0.7049	0.7137	-0.0011	112.0065	3.2729	889.6497	288.6988	35.9605	806.7949	105.4869	892.6759	92.3944	890.9942	90.0000	898.4228	90.0659	
30/08/2017	00:49:18	019004	G490129734HLR	L490	S		795.6852	1.0230	0.0000	100.0165	40.1538	0.8230	0.8275	4.0000	19.3516	925.1006	89.6485	8.0907	24.4000	0.9300	0.9250	0.7133	-0.0010	925.0000	924.7609	1.0339	-5.1435	100.0631	39.8461	0.8230	0.8236	5.0000	-9999.0000	-9999.0000	-9999.0000	-9999.0000	-9999.0000	-9999.0000	21.0921	4	0	24.0524	1.0000	09	1	-9999.0000	36189	72411	-9999	1119	1058	-9999	652.3370	5	0.7047	0.7133	-0.0010	122.3922	1.9180	892.8304	299.4163	36.0264	806.7120	105.6187	895.0982	92.4164	894.1169	90.0220	900.3236	90.1098	
30/08/2017	00:49:39	019004	G490129908HLR	L490	S		786.7072	1.0230	0.0000	99.8747	40.0469	0.8230	0.8274	4.0000	19.3225	925.1473	90.1098	9.4610	24.4000	0.9300	0.9250	0.7153	-0.0013	925.0000	925.8219	1.0339	-5.1343	100.0234	40.0715	0.8230	0.8235	5.0000	-9999.0000	-9999.0000	-9999.0000	-9999.0000	-9999.0000	-9999.0000	20.7523	5	0	21.0122	1.0000	09	1	-9999.0000	36190	72412	-9999	1120	1059	-9999	650.6213	5	0.7043	0.7153	-0.0013	124.5880	1.5545	882.1440	293.5217	37.0808	795.6042	105.9043	884.6509	92.4164	883.2117	90.0439	890.0412	90.0879	
30/08/2017	00:50:30	019004	G490129893HLR	L490	S		792.7800	1.0230	0.0000	100.2048	40.2070	0.8230	0.8280	4.0000	19.5822	925.1078	89.7584	8.2011	24.5000	0.9300	0.9251	0.7158	-0.0013	925.0000	924.1770	1.0339	-5.1486	100.0236	39.7702	0.8230	0.8232	5.0000	-9999.0000	-9999.0000	-9999.0000	-9999.0000	-9999.0000	-9999.0000	20.9720	7	0	26.6524	1.0000	09	1	-9999.0000	36191	72413	-9999	1121	1060	-9999	652.2727	5	0.7045	0.7158	-0.0013	122.6118	1.7306	888.7516	300.1942	37.4762	810.1583	104.4325	890.2825	92.1967	890.6608	90.0220	898.3897	90.0879	
30/08/2017	00:50:58	019004	G490129911HLR	L490	S		798.8023	1.0230	0.0000	99.9957	40.2098	0.8230	0.8264	4.0000	21.4819	925.1134	89.6265	7.0310	24.4000	0.9300	0.9249	0.7171	-0.0014	925.0000	923.5453	1.0339	-5.1541	100.0253	39.8330	0.8230	0.8235	5.0000	-9999.0000	-9999.0000	-9999.0000	-9999.0000	-9999.0000	-9999.0000	23.2731	8	0	28.7141	1.0000	09	1	-9999.0000	36192	72414	-9999	1122	1061	-9999	654.0753	5	0.7047	0.7171	-0.0014	117.5035	2.2473	898.5060	293.2940	36.2021	808.6232	105.1574	900.3238	92.3505	899.7775	90.0659	906.6737	90.1098	
30/08/2017	00:51:18	019004	G490129889HLR	L490	S		785.7267	1.0230	0.0000	100.0595	40.0387	0.8230	0.8274	4.0000	19.3322	925.1493	90.3734	8.9717	24.3000	0.9300	0.9248	0.7180	-0.0016	925.0000	924.7979	1.0339	-5.1432	100.0095	39.9487	0.8230	0.8234	5.0000	-9999.0000	-9999.0000	-9999.0000	-9999.0000	-9999.0000	-9999.0000	25.3730	1	0	19.9320	1.0000	09	1	-9999.0000	36193	72415	-9999	1123	1062	-9999	651.3979	5	0.7045	0.7180	-0.0016	118.4204	2.0866	883.2199	296.5117	36.7513	793.7295	105.7945	885.1325	92.4384	884.1378	89.9561	890.4708	89.7144	
30/08/2017	00:52:07	019004	G490129910HLR	L490	S		793.3461	1.0230	0.0000	100.1637	40.1195	0.8230	0.8279	4.0000	19.3518	925.1396	89.6485	7.8310	24.4000	0.9300	0.9249	0.7190	-0.0017	925.0000	923.9587	1.0339	-5.1505	100.0687	39.7693	0.8230	0.8232	5.0000	-9999.0000	-9999.0000	-9999.0000	-9999.0000	-9999.0000	-9999.0000	20.9622	3	0	24.0927	1.0000	09	1	-9999.0000	36194	72416	-9999	1124	1063	-9999	653.2737	5	0.7047	0.7190	-0.0017	112.6891	2.6476	890.6091	286.9612	36.9490	801.8774	105.6407	892.7765	92.3725	892.0378	90.0439	899.8908	90.0879	
30/08/2017	00:52:34	019004	G490129909HLR	L490	S		795.0640	1.0230	0.0000	100.1984	40.1904	0.8230	0.8275	4.0000	19.7922	925.1931	89.7364	7.5213	24.3000	0.9300	0.9248	0.7219	-0.0020	925.0000	926.0394	1.0339	-5.1324	100.0670	39.7904	0.8230	0.8236	5.0000	-9999.0000	-9999.0000	-9999.0000	-9999.0000	-9999.0000	-9999.0000	20.5824	4	0	27.7432	1.0000	09	1	-9999.0000	36195	72417	-9999	1124	1064	-9999	654.2974	5	0.7050	0.7219	-0.0020	99.2714	4.1044	892.0515	294.2209	35.9385	803.7387	105.9263	894.2521	92.5043	894.0003	90.0439	901.8876	89.8682	
30/08/2017	00:52:54	019004	G490129907HLR	L490	S		776.9863	1.0230	0.0000	100.0402	40.0717	0.8230	0.8274	4.0000	19.6018	925.1608	89.7584	8.2412	24.4000	0.9300	0.9249	0.7211	-0.0019	925.0000	926.2970	1.0339	-5.1301	100.0280	40.0480	0.8230	0.8235	5.0000	-9999.0000	-9999.0000	-9999.0000	-9999.0000	-9999.0000	-9999.0000	24.3825	5	0	19.7922	1.0000	09	1	-9999.0000	36196	72418	-9999	1125	1065	-9999	652.8813	5	0.7048	0.7211	-0.0019	87.7842	5.3377	885.7672	287.6653	37.0588	790.9593	105.9482	887.2042	92.4384	887.9097	90.0439	895.7542	89.9561	
30/08/2017	00:53:53	019004	G490129905HLR	L490	S		781.7747	1.0230	0.0000	100.1463	40.1385	0.8230	0.8279	4.0000	19.4220	925.1129	89.7364	8.3603	24.4000	0.9300	0.9250	0.7223	-0.0020	925.0000	925.2844	1.0339	-5.1390	99.9532	39.6410	0.8230	0.8230	5.0000	-9999.0000	-9999.0000	-9999.0000	-9999.0000	-9999.0000	-9999.0000	26.6328	7	0	28.6439	1.0000	09	1	-9999.0000	36197	72419	-9999	1126	1066	-9999	652.7696	5	0.7049	0.7223	-0.0020	86.3957	5.4786	884.3398	282.5876	37.0588	794.2737	105.3991	885.6730	92.3725	886.0754	90.0439	894.0322	90.0439	
30/08/2017	00:54:17	019004	G490129923HLR	L490	S		792.6535	1.0230	0.0000	99.9790	40.1538	0.8230	0.8274	4.0000	19.7923	925.1333	89.5826	7.9208	24.4000	0.9300	0.9250	0.7222	-0.0020	925.0000	925.9202	1.0339	-5.1334	100.0116	39.8885	0.8230	0.8238	5.0000	-9999.0000	-9999.0000	-9999.0000	-9999.0000	-9999.0000	-9999.0000	24.8933	8	0	24.5321	1.0000	09	1	-9999.0000	36198	72420	-9999	1127	1067	-9999	653.4224	5	0.7050	0.7222	-0.0020	90.5424	4.9902	888.2794	294.4436	35.7628	798.9595	105.2233	889.5101	92.3725	890.2325	90.0659	898.3151	90.1098	
30/08/2017	00:54:38	019004	G490129926HLR	L490	S		778.6925	1.0230	0.0000	100.0469	40.0308	0.8230	0.8275	4.0000	19.3517	925.1740	89.6265	7.9208	24.4000	0.9300	0.9250	0.7246	-0.0023	925.0000	925.3399	1.0339	-5.1385	100.0471	40.1034	0.8230	0.8233	5.0000	-9999.0000	-9999.0000	-9999.0000	-9999.0000	-9999.0000	-9999.0000	21.1324	1	0	20.4027	1.0000	09	1	-9999.0000	36199	72421	-9999	1128	1068	-9999	653.4048	5	0.7052	0.7246	-0.0023	90.6311	4.9767	887.1073	290.2096	37.7618	794.2454	105.7066	888.8808	92.4823	888.8930	90.0659	897.2024	89.9780	
30/08/2017	00:55:34	019004	G490128821HLR	L490	S		789.0454	1.0230	0.0000	100.1337	40.1520	0.8230	0.8280	4.0000	19.4426	925.1420	89.5826	7.6005	24.5000	0.9300	0.9251	0.7228	-0.0021	925.0000	924.7328	1.0339	-5.1438	100.0074	39.6457	0.8230	0.8231	5.0000	-9999.0000	-9999.0000	-9999.0000	-9999.0000	-9999.0000	-9999.0000	25.8534	3	0	27.5334	1.0000	09	1	-9999.0000	36200	72422	-9999	1129	1069	-9999	654.0381	5	0.7056	0.7228	-0.0021	84.4065	5.8524	890.5108	284.0291	35.3454	799.9430	105.5968	891.9800	92.5702	892.5150	90.0659	900.2934	89.9121	
30/08/2017	00:55:58	019004	G490129897HLR	L490	S		786.9660	1.0230	0.0000	100.0459	40.2336	0.8230	0.8271	4.0000	20.1527	925.1338	89.5606	7.5311	24.4000	0.9300	0.9249	0.7225	-0.0021	925.0000	925.3774	1.0339	-5.1381	99.9854	39.9440	0.8230	0.8237	5.0000	-9999.0000	-9999.0000	-9999.0000	-9999.0000	-9999.0000	-9999.0000	23.8328	4	0	24.1032	1.0000	09	1	-9999.0000	36201	72423	-9999	1130	1070	-9999	654.1090	5	0.7056	0.7225	-0.0021	83.9856	6.0077	891.4652	290.3616	36.2680	798.3027	105.4650	893.0608	92.4603	893.5793	90.0439	901.4049	89.8902	
30/08/2017	00:56:19	019004	G490129932HLR	L490	S		788.5782	1.0230	0.0000	100.0276	40.0157	0.8230	0.8268	4.0000	21.1420	925.1683	89.5387	7.3612	24.4000	0.9300	0.9250	0.7226	-0.0021	925.0000	926.0188	1.0339	-5.1326	100.0187	40.0760	0.8230	0.8233	5.0000	-9999.0000	-9999.0000	-9999.0000	-9999.0000	-9999.0000	-9999.0000	20.7825	5	0	20.1920	1.0000	09	1	-9999.0000	36201	72424	-9999	1131	1071	-9999	654.4976	5	0.7057	0.7226	-0.0021	87.7723	5.8966	893.4628	294.0625	36.6854	800.8423	105.8823	895.6723	92.5482	894.7930	90.0439	903.1382	89.8682	
30/08/2017	00:57:11	019004	G490129933HLR	L490	S		787.5523	1.0230	0.0000	100.0332	40.1275	0.8230	0.8281	4.0000	19.2423	925.0940	90.4613	9.3809	24.5000	0.9300	0.9250	0.7221	-0.0020	925.0000	923.5136	1.0339	-5.1544	100.0141	39.7485	0.8230	0.8232	5.0000	-9999.0000	-9999.0000	-9999.0000	-9999.0000	-9999.0000	-9999.0000	22.0815	7	0	27.1134	1.0000	09	1	-9999.0000	36202	72425	-9999	1132	1071	-9999	650.7316	5	0.7061	0.7221	-0.0020	67.1017	8.6887	876.4601	275.5656	35.0818	789.5783	105.6187	877.8420	92.5482	878.0902	90.0659	885.6132	89.8682	
30/08/2017	00:57:36	019004	G490129914HLR	L490	S		791.2655	1.0230	0.0000	100.0853	40.2438	0.8230	0.8275	4.0000	19.5315	925.0975	89.7803	7.4813	24.4000	0.9300	0.9249	0.7221	-0.0020	925.0000	923.1246	1.0339	-5.1577	100.0194	39.8461	0.8230	0.8236	5.0000	-9999.0000	-9999.0000	-9999.0000	-9999.0000	-9999.0000	-9999.0000	23.6528	8	0	24.4324	1.0000	09	1	-9999.0000	36203	72426	-9999	1133	1072	-9999	654.2215	5	0.7062	0.7221	-0.0020	65.1875	9.1246	889.6480	298.9107	36.9490	811.6889	103.9712	890.5389	92.0430	892.3695	90.0220	901.4390	90.1318	
30/08/2017	00:57:56	019004	G490129924HLR	L490	S		784.9253	1.0230	0.0000	100.0238	40.1149	0.8230	0.8270	4.0000	20.2424	925.1712	89.7584	7.5907	24.4000	0.9300	0.9251	0.7200	-0.0018	925.0000	924.5319	1.0339	-5.1455	100.0950	40.0641	0.8230	0.8234	5.0000	-9999.0000	-9999.0000	-9999.0000	-9999.0000	-9999.0000	-9999.0000	21.1126	1	0	20.4027	1.0000	09	1	-9999.0000	36204	72427	-9999	1134	1073	-9999	653.9221	5	0.7061	0.7200	-0.0018	96.3174	5.3154	892.5235	289.1433	36.5536	805.0734	105.9922	894.3209	92.4164	894.0448	90.0659	902.1385	89.9121	
30/08/2017	00:58:46	019004	G490132917HLR	L490	S		788.5876	1.0230	0.0000	99.9983	40.1085	0.8230	0.8276	4.0000	19.5812	925.1198	89.6925	7.5712	24.4000	0.9300	0.9248	0.7165	-0.0013	925.0000	924.7838	1.0339	-5.1433	100.0120	39.7489	0.8230	0.8232	5.0000	-9999.0000	-9999.0000	-9999.0000	-9999.0000	-9999.0000	-9999.0000	22.0824	3	0	24.8632	1.0000	09	1	-9999.0000	36205	72428	-9999	1135	1074	-9999	653.8263	5	0.7061	0.7165	-0.0013	117.8901	2.5393	895.0739	286.9338	35.4113	802.7537	105.6187	897.7131	92.5482	896.8585	90.0879	903.4931	89.8462	
30/08/2017	00:59:15	019004	G490132934HLR	L490	S		798.0988	1.0230	0.0000	100.0184	40.1431	0.8230	0.8275	4.0000	19.4524	925.1564	89.4947	6.2810	24.4000	0.9300	0.9248	0.7164	-0.0013	925.0000	923.4284	1.0339	-5.1551	100.0857	39.8461	0.8230	0.8236	5.0000	-9999.0000	-9999.0000	-9999.0000	-9999.0000	-9999.0000	-9999.0000	21.1724	4	0	28.7531	1.0000	09	1	-9999.0000	36206	72429	-9999	1136	1075	-9999	655.3491	5	0.7063	0.7164	-0.0013	109.9098	3.5881	905.1080	288.1724	35.7408	811.8772	105.3551	907.3807	92.5262	906.4054	90.0220	913.5279	89.7144	
30/08/2017	00:59:36	019004	G490132935HLR	L490	S		782.2877	1.0230	0.0000	99.9802	40.0415	0.8230	0.8275	4.0000	19.2520	925.1273	90.3734	8.3613	24.4000	0.9300	0.9249	0.7192	-0.0016	925.0000	924.4906	1.0339	-5.1459	100.0476	40.0529	0.8230	0.8235	5.0000	-9999.0000	-9999.0000	-9999.0000	-9999.0000	-9999.0000	-9999.0000	21.4429	5	0	20.6321	1.0000	09	1	-9999.0000	36207	72430	-9999	1137	1076	-9999	652.9067	5	0.7064	0.7192	-0.0016	120.9293	2.3022	887.1868	294.0853	35.5650	794.0172	105.6846	889.0233	92.5482	888.5837	89.8462	895.0089	89.6925	
30/08/2017	01:00:29	019004	G490132947HLR	L490	S		818.6672	1.0230	0.0000	100.1315	40.1579	0.8230	0.8278	4.0000	19.2119	925.1079	89.6705	7.4911	24.4000	0.9300	0.9248	0.7180	-0.0015	925.0000	932.6520	1.0339	-5.0748	100.0126	39.6410	0.8230	0.8231	5.0000	-9999.0000	-9999.0000	-9999.0000	-9999.0000	-9999.0000	-9999.0000	24.9227	7	2	24.6726	1.0000	09	1	-9999.0000	36208	72431	-9999	1138	1077	-9999	654.2006	5	0.7066	0.7180	-0.0015	129.8879	0.9962	897.3948	287.4400	35.4772	807.8973	105.8164	899.9497	92.6361	898.8346	90.0659	905.7645	90.0000	
30/08/2017	01:00:58	019004	G490132929HLR	L490	S		797.1820	1.0230	0.0000	99.9824	40.1825	0.8230	0.8276	4.0000	19.1818	925.1119	90.4613	10.5813	24.4000	0.9300	0.9250	0.7198	-0.0017	925.0000	925.5663	1.0339	-5.1365	100.0567	39.8668	0.8230	0.8238	5.0000	-9999.0000	-9999.0000	-9999.0000	-9999.0000	-9999.0000	-9999.0000	21.1527	8	0	29.0433	1.0000	09	1	-9999.0000	36209	72432	-9999	1139	1078	-9999	649.5964	5	0.7070	0.7198	-0.0017	111.7178	3.1766	871.1347	294.3700	35.4552	784.6848	105.6846	873.2938	92.4823	872.5608	90.0659	879.8210	89.9780	
30/08/2017	01:05:03	019004	G490132919HLR	L490	S		808.6051	1.0230	0.0000	100.0379	40.0512	0.8230	0.8271	4.0000	19.7228	925.1282	89.9780	6.8006	24.4000	0.9300	0.9250	0.7191	-0.0016	925.0000	927.3717	1.0339	-5.1208	100.0064	40.0512	0.8230	0.8232	5.0000	-9999.0000	-9999.0000	-9999.0000	-9999.0000	-9999.0000	-9999.0000	25.6931	1	0	244.8672	1.0000	09	1	-9999.0000	36210	72433	-9999	1140	1079	-9999	655.4876	5	0.7071	0.7191	-0.0016	68.1040	9.1562	899.1013	293.2596	36.9710	807.5501	105.7945	901.4457	92.4823	900.6497	90.0000	908.0563	90.0879	
30/08/2017	01:05:59	019004	G490132958HLR	L490	S		820.7718	1.0230	0.0000	100.0007	40.1865	0.8230	0.8278	4.0000	19.4014	925.1455	89.9561	6.9412	24.5000	0.9300	0.9249	0.7191	-0.0016	925.0000	928.4154	1.0339	-5.1117	99.9708	39.5955	0.8230	0.8238	5.0000	-9999.0000	-9999.0000	-9999.0000	-9999.0000	-9999.0000	-9999.0000	24.8633	3	0	27.8536	1.0000	09	1	-9999.0000	36211	72434	-9999	1141	1080	-9999	655.3770	5	0.7067	0.7191	-0.0016	104.9295	4.0303	899.9182	287.5440	35.5650	809.9981	105.7725	901.5010	92.4164	901.4261	90.0220	908.2785	89.6705	
30/08/2017	01:06:24	019004	G490132959HLR	L490	S		793.4994	1.0230	0.0000	100.0855	40.2316	0.8230	0.8275	4.0000	19.4318	925.1747	90.2856	8.3906	24.4000	0.9300	0.9248	0.7203	-0.0017	925.0000	926.1443	1.0339	-5.1315	99.9734	39.8461	0.8230	0.8237	5.0000	-9999.0000	-9999.0000	-9999.0000	-9999.0000	-9999.0000	-9999.0000	24.2525	4	0	23.8124	1.0000	09	1	-9999.0000	36212	72435	-9999	1142	1081	-9999	653.1761	5	0.7061	0.7203	-0.0017	133.8307	0.1424	885.8402	295.3645	35.3454	798.0665	105.9482	887.9480	92.5482	887.0009	89.8243	894.0353	89.6265	
30/08/2017	01:06:43	019004	G490132957HLR	L490	S		807.0526	1.0230	0.0000	99.9582	40.0512	0.8230	0.8273	4.0000	19.3516	925.1543	89.8023	8.0507	24.4000	0.9300	0.9249	0.7194	-0.0016	925.0000	927.6152	1.0339	-5.1187	99.9567	39.8258	0.8230	0.8231	5.0000	-9999.0000	-9999.0000	-9999.0000	-9999.0000	-9999.0000	-9999.0000	20.5021	5	0	18.8125	1.0000	09	1	-9999.0000	36213	72436	-9999	1143	1082	-9999	653.6232	5	0.7061	0.7194	-0.0016	117.5022	1.7972	889.7537	294.8187	35.5870	799.9186	106.1899	892.2898	92.5702	891.2665	90.0439	899.1543	90.0659	
30/08/2017	01:07:22	019004	G490132949HLR	L490	S		796.6411	1.0230	0.0000	100.0818	39.9945	0.8230	0.8262	4.0000	19.2228	925.1387	89.4947	7.4510	24.5000	0.9300	0.9249	0.7178	-0.0015	925.0000	926.4560	1.0339	-5.1288	100.1086	39.7499	0.8230	0.8234	5.0000	-9999.0000	-9999.0000	-9999.0000	-9999.0000	-9999.0000	-9999.0000	21.0921	7	0	16.0018	1.0000	09	1	-9999.0000	36214	72437	-9999	1143	1083	-9999	654.1352	5	0.7060	0.7178	-0.0015	102.8876	3.2703	896.0454	249.4037	34.5765	802.1874	106.0801	898.8570	92.8118	897.2107	90.1098	903.9651	90.0220	
30/08/2017	02:12:33	019004	G490132953HLR	L490	S		790.2133	1.0230	0.0000	100.0542	40.5492	0.8230	0.8256	4.0000	20.4034	925.0964	90.4833	10.8020	24.4000	0.9300	0.9251	0.7171	-0.0014	925.0000	923.4509	1.0339	-5.1549	99.9816	39.0422	0.8230	0.8225	5.0000	-9999.0000	-9999.0000	-9999.0000	-9999.0000	-9999.0000	-9999.0000	22.2027	1	0	19.4514	1.0000	09	4	-9999.0000	36215	72438	-9999	1144	1084	-9999	649.0988	5	0.7055	0.7171	-0.0014	101.8547	3.0840	871.1095	244.5123	36.7293	787.0399	105.3112	874.3141	92.3725	872.2693	90.0879	879.5498	90.0659	
30/08/2017	02:13:26	019004	G490133986HLR	L490	S		783.0342	1.0230	0.0000	99.9772	39.7410	0.8230	0.8272	4.0000	19.3723	925.1088	89.9780	6.6101	24.3000	0.9300	0.9248	0.7171	-0.0014	925.0000	923.9568	1.0339	-5.1505	99.9341	40.2715	0.8230	0.8241	5.0000	-9999.0000	-9999.0000	-9999.0000	-9999.0000	-9999.0000	-9999.0000	23.5622	3	0	24.7431	1.0000	09	4	-9999.0000	36216	72439	-9999	1145	1085	-9999	654.7140	5	0.7055	0.7171	-0.0014	101.8547	3.0840	900.3431	284.9436	36.6195	807.6472	105.5309	903.2319	92.2626	901.8360	89.9341	909.9490	89.9780	
30/08/2017	02:13:51	019004	G490133994HLR	L490	S		772.0440	1.0230	0.0000	100.1045	39.8177	0.8230	0.8280	4.0000	19.4017	925.1372	89.9780	7.9306	24.2000	0.9300	0.9249	0.7171	-0.0014	925.0000	920.5136	1.0339	-5.1805	99.9936	39.6510	0.8230	0.8225	5.0000	-9999.0000	-9999.0000	-9999.0000	-9999.0000	-9999.0000	-9999.0000	21.2825	4	0	24.8522	1.0000	09	4	-9999.0000	36217	72440	-9999	1146	1086	-9999	652.9736	5	0.7055	0.7171	-0.0014	101.8547	3.0840	890.5287	298.7591	36.9270	802.2344	105.6627	892.7115	92.2846	891.7570	89.8243	898.6423	89.6705	
30/08/2017	02:14:13	019004	G490133991HLR	L490	S		770.7380	1.0230	0.0000	100.0103	40.1241	0.8230	0.8284	4.0000	19.4825	925.1237	89.8023	7.4706	24.2000	0.9300	0.9249	0.7155	-0.0012	925.0000	917.9742	1.0339	-5.2026	100.0092	39.2375	0.8230	0.8232	5.0000	-9999.0000	-9999.0000	-9999.0000	-9999.0000	-9999.0000	-9999.0000	21.5121	5	0	21.5131	1.0000	09	4	-9999.0000	36217	72441	-9999	1147	1087	-9999	653.5061	5	0.7051	0.7155	-0.0012	100.2264	3.1018	895.3233	293.1281	37.1906	802.4494	105.8164	897.3755	92.3066	896.7618	90.0000	904.2743	90.0220	
30/08/2017	02:14:38	019004	error reading	L490	S		0.0000	0.0000	0.0000	0.0000	0.0000	0.8230	0.0000	0.0000	0.0000	0.0000	0.0000	0.0000	0.0000	0.9300	0.0000	0.0000	0.0000	0.0000	0.0000	0.0000	0.0000	0.0000	0.0000	0.8230	0.0000	0.0000	0.0000	0.0000	0.0000	0.0000	0.0000	0.0000	0.0000	0	28	21.5131	1.0000	09	4	0.0000	0	0	0	0	0	0	0.0000	0	0.0000	0.0000	0.0000	0.0000	0.0000	0.0000	0.0000	0.0000	0.0000	0.0000	0.0000	0.0000	0.0000	0.0000	0.0000	0.0000	
30/08/2017	02:16:48	019004	G490133993HLR	L490	S		770.5017	1.0230	0.0000	99.9373	40.2881	0.8230	0.8274	4.0000	19.6915	925.1425	89.6925	6.0407	24.3000	0.9300	0.9250	0.7150	-0.0012	925.0000	913.4200	1.0339	-5.2422	100.0009	39.9661	0.8230	0.8232	5.0000	-9999.0000	-9999.0000	-9999.0000	-9999.0000	-9999.0000	-9999.0000	24.0729	7	0	108.0918	1.0000	09	4	-9999.0000	36218	72442	-9999	1148	1088	-9999	654.9783	5	0.7050	0.7150	-0.0012	108.2331	2.2783	906.7712	280.1445	36.7732	811.7173	105.8164	908.9748	92.4384	908.2545	89.9780	915.8674	89.7803	
30/08/2017	02:17:12	019004	G490133951HLR	L490	S		787.5327	1.0230	0.0000	99.9937	39.9037	0.8230	0.8267	4.0000	20.0324	925.1062	90.4174	9.0313	24.3000	0.9300	0.9252	0.7152	-0.0012	925.0000	923.3743	1.0339	-5.1556	99.9880	39.4831	0.8230	0.8235	5.0000	-9999.0000	-9999.0000	-9999.0000	-9999.0000	-9999.0000	-9999.0000	26.7130	8	0	25.6933	1.0000	09	4	-9999.0000	36219	72443	-9999	1149	1089	-9999	651.6625	5	0.7053	0.7152	-0.0012	110.5482	1.9922	884.2113	289.6580	37.4542	794.3879	105.6627	887.0254	92.2407	885.3970	89.7364	891.1958	89.8023	
30/08/2017	02:17:32	019004	G490133970HLR	L490	S		788.2509	1.0230	0.0000	100.0876	39.8269	0.8230	0.8276	4.0000	19.5216	925.0783	90.2197	9.6105	24.2000	0.9300	0.9251	0.7160	-0.0013	925.0000	925.4749	1.0339	-5.1373	99.9660	39.4359	0.8230	0.8238	5.0000	-9999.0000	-9999.0000	-9999.0000	-9999.0000	-9999.0000	-9999.0000	22.3930	1	0	20.2124	1.0000	09	4	-9999.0000	36220	72444	-9999	1150	1090	-9999	651.1615	5	0.7062	0.7160	-0.0013	125.1830	0.6779	880.8997	281.8651	34.8401	788.3904	106.7610	884.7550	92.6800	882.1534	90.0659	888.7230	90.0220	
30/08/2017	02:18:23	019004	G490133971HLR	L490	S		777.7665	1.0230	0.0000	100.0250	40.5257	0.8230	0.8285	4.0000	19.3927	925.1043	90.1757	5.6598	24.4000	0.9300	0.9251	0.7154	-0.0012	925.0000	915.3770	1.0339	-5.2252	99.9473	40.0232	0.8230	0.8231	5.0000	-9999.0000	-9999.0000	-9999.0000	-9999.0000	-9999.0000	-9999.0000	22.3423	3	0	25.3622	1.0000	09	4	-9999.0000	36221	72445	-9999	1151	1091	-9999	655.9557	5	0.7076	0.7154	-0.0012	130.1956	0.2540	909.9550	275.2184	37.0149	816.3495	105.7066	912.3374	92.3725	911.6680	90.0000	918.8292	90.0439	
30/08/2017	02:18:47	019004	G490133966HLR	L490	S		794.6200	1.0230	0.0000	100.1611	40.1415	0.8230	0.8267	4.0000	19.3611	925.1483	90.1538	5.9401	24.3000	0.9300	0.9247	0.7217	-0.0018	925.0000	926.8826	1.0339	-5.1250	100.0100	39.4780	0.8230	0.8228	5.0000	-9999.0000	-9999.0000	-9999.0000	-9999.0000	-9999.0000	-9999.0000	21.8726	4	0	24.0827	1.0000	09	4	-9999.0000	36222	72446	-9999	1152	1092	-9999	657.8001	5	0.7075	0.7217	-0.0018	146.9009	-1.4057	906.3018	271.9096	36.9270	812.5025	105.3991	908.9529	92.1748	907.6516	89.7364	915.1185	90.0439	
30/08/2017	02:19:07	019004	G490133953HLR	L490	S		785.8540	1.0230	0.0000	99.9760	40.6694	0.8230	0.8272	4.0000	19.3322	925.1362	90.2636	8.3906	24.2000	0.9300	0.9249	0.7255	-0.0022	925.0000	926.1366	1.0339	-5.1315	100.0167	39.7304	0.8230	0.8238	5.0000	-9999.0000	-9999.0000	-9999.0000	-9999.0000	-9999.0000	-9999.0000	20.7717	5	0	19.8430	1.0000	09	4	-9999.0000	36223	72447	-9999	1153	1093	-9999	653.9859	5	0.7072	0.7255	-0.0022	153.0079	-1.8574	884.4791	291.0407	35.9385	790.8766	106.3217	886.6803	92.4823	885.2522	89.6925	892.6674	89.8023	
30/08/2017	02:20:00	019004	G490134065HLR	L490	S		788.5002	1.0230	0.0000	99.9753	39.8308	0.8230	0.8270	4.0000	19.2921	925.1106	90.4613	11.0813	24.5000	0.9300	0.9254	0.7290	-0.0026	925.0000	923.5391	1.0339	-5.1541	100.0100	39.6766	0.8230	0.8227	5.0000	-9999.0000	-9999.0000	-9999.0000	-9999.0000	-9999.0000	-9999.0000	23.7829	7	0	25.5334	1.0000	09	4	-9999.0000	36224	72448	-9999	1154	1094	-9999	647.8503	5	0.7082	0.7290	-0.0026	149.7449	-1.3739	858.5459	273.8050	35.6090	771.8689	105.8823	860.6214	92.4823	860.2430	90.0879	868.7412	90.0439	
30/08/2017	02:20:26	019004	G490134076HLR	L490	S		797.8004	1.0230	0.0000	99.9711	39.7435	0.8230	0.8274	4.0000	19.8028	925.1744	90.1098	5.2398	24.4000	0.9300	0.9252	0.7263	-0.0023	925.0000	925.8439	1.0339	-5.1341	100.0481	39.4410	0.8230	0.8233	5.0000	-9999.0000	-9999.0000	-9999.0000	-9999.0000	-9999.0000	-9999.0000	21.8628	8	0	25.8024	1.0000	09	4	-9999.0000	36225	72449	-9999	1155	1095	-9999	661.1292	5	0.7088	0.7263	-0.0023	143.8783	-0.7440	911.6678	296.5532	37.8716	816.8044	105.4869	913.2836	92.1967	913.3708	89.9561	922.5622	90.0879	
30/08/2017	02:20:45	019004	G490134085HLR	L490	S		792.3780	1.0230	0.0000	100.0477	40.1441	0.8230	0.8284	4.0000	19.4026	925.1082	90.3515	8.0106	24.4000	0.9300	0.9252	0.7275	-0.0024	925.0000	925.8489	1.0339	-5.1340	100.0172	40.0512	0.8230	0.8240	5.0000	-9999.0000	-9999.0000	-9999.0000	-9999.0000	-9999.0000	-9999.0000	22.4732	1	0	19.0422	1.0000	09	4	-9999.0000	36226	72450	-9999	1156	1096	-9999	655.4652	5	0.7088	0.7275	-0.0024	146.5299	-0.9152	883.5038	288.0777	37.0149	792.5270	105.8164	885.4677	92.0869	885.1405	89.7803	894.1384	90.0220	
30/08/2017	02:21:36	019004	G490133960HLR	L490	S		785.3576	1.0230	0.0000	100.0772	40.3853	0.8230	0.8276	4.0000	19.3214	925.1836	90.3295	9.6505	24.4000	0.9300	0.9251	0.7281	-0.0025	925.0000	923.4145	1.0339	-5.1552	100.0555	39.5740	0.8230	0.8227	5.0000	-9999.0000	-9999.0000	-9999.0000	-9999.0000	-9999.0000	-9999.0000	21.4831	3	0	26.0730	1.0000	09	4	-9999.0000	36227	72451	-9999	1157	1097	-9999	651.6913	5	0.7086	0.7281	-0.0025	148.2399	-1.0913	870.3976	284.0088	36.1362	780.8825	106.0581	872.0728	92.3944	872.6265	90.0659	880.8990	90.0220	
30/08/2017	02:21:59	019004	G490134068HLR	L490	S		786.8830	1.0230	0.0000	100.0188	39.8791	0.8230	0.8261	4.0000	21.1731	925.1738	89.7803	8.4609	24.2000	0.9300	0.9249	0.7286	-0.0025	925.0000	926.9255	1.0339	-5.1247	100.0072	39.5384	0.8230	0.8236	5.0000	-9999.0000	-9999.0000	-9999.0000	-9999.0000	-9999.0000	-9999.0000	22.3124	4	0	23.8229	1.0000	09	4	-9999.0000	36228	72452	-9999	1158	1097	-9999	654.5798	5	0.7092	0.7286	-0.0025	134.9726	0.4118	880.1855	291.5535	37.8277	791.0825	105.4650	881.8125	92.1967	882.6457	90.0220	891.3666	90.0879	
30/08/2017	02:22:21	019004	G490134057HLR	L490	S		810.4264	1.0230	0.0000	100.1028	39.7804	0.8230	0.8272	4.0000	19.9123	925.1484	89.6265	7.0213	24.3000	0.9300	0.9250	0.7286	-0.0025	925.0000	930.6283	1.0339	-5.0924	100.0673	40.1681	0.8230	0.8240	5.0000	-9999.0000	-9999.0000	-9999.0000	-9999.0000	-9999.0000	-9999.0000	20.5022	5	2	21.4225	1.0000	09	4	-9999.0000	36229	72453	-9999	1159	1098	-9999	657.8003	5	0.7091	0.7286	-0.0025	134.1451	0.3034	893.1858	294.8680	35.6090	802.6148	105.4650	894.5921	92.3285	895.3958	90.0659	904.3507	90.1318	
30/08/2017	02:23:14	019004	G490134083HLR	L490	S		801.1095	1.0230	0.0000	100.0659	40.5311	0.8230	0.8282	4.0000	19.7423	925.1489	89.6925	6.8103	24.4000	0.9300	0.9251	0.7269	-0.0023	925.0000	927.9869	1.0339	-5.1154	100.0486	39.5697	0.8230	0.8227	5.0000	-9999.0000	-9999.0000	-9999.0000	-9999.0000	-9999.0000	-9999.0000	21.8129	7	0	27.9738	1.0000	09	4	-9999.0000	36230	72454	-9999	1160	1099	-9999	657.9066	5	0.7085	0.7269	-0.0023	131.6088	0.5348	896.2620	284.7944	35.5870	806.7807	105.6846	898.1633	92.3944	898.5753	89.9341	906.7321	89.6925	
30/08/2017	02:23:43	019004	G490134091HLR	L490	S		791.5483	1.0230	0.0000	100.0048	40.4528	0.8230	0.8274	4.0000	19.5822	925.1328	89.8462	7.9110	24.4000	0.9300	0.9252	0.7245	-0.0021	925.0000	925.2119	1.0339	-5.1396	100.0187	39.5990	0.8230	0.8239	5.0000	-9999.0000	-9999.0000	-9999.0000	-9999.0000	-9999.0000	-9999.0000	24.4724	8	0	28.8626	1.0000	09	4	-9999.0000	36231	72455	-9999	1161	1100	-9999	655.0148	5	0.7076	0.7245	-0.0021	127.6794	0.9914	887.3044	291.6623	35.3893	798.4256	105.7725	888.8672	92.4164	888.8839	90.0220	897.4458	89.7364	
30/08/2017	02:24:08	019004	error reading	L490	S		0.0000	0.0000	0.0000	0.0000	0.0000	0.8230	0.0000	0.0000	0.0000	0.0000	0.0000	0.0000	0.0000	0.9300	0.0000	0.0000	0.0000	0.0000	0.0000	0.0000	0.0000	0.0000	0.0000	0.8230	0.0000	0.0000	0.0000	0.0000	0.0000	0.0000	0.0000	0.0000	0.0000	0	28	28.8626	1.0000	09	4	0.0000	0	0	0	0	0	0	0.0000	0	0.0000	0.0000	0.0000	0.0000	0.0000	0.0000	0.0000	0.0000	0.0000	0.0000	0.0000	0.0000	0.0000	0.0000	0.0000	0.0000	
30/08/2017	02:24:28	019004	G490134063HLR	L490	S		768.8669	1.0230	0.0000	100.1391	39.9487	0.8230	0.8271	4.0000	19.3625	925.1456	89.6705	6.1110	24.4000	0.9300	0.9251	0.7233	-0.0020	925.0000	927.1156	1.0339	-5.1230	100.0042	40.1538	0.8230	0.8236	5.0000	-9999.0000	-9999.0000	-9999.0000	-9999.0000	-9999.0000	-9999.0000	25.5480	1	0	45.5354	1.0000	09	4	-9999.0000	36232	72456	-9999	1162	1101	-9999	658.0338	5	0.7077	0.7233	-0.0020	124.1014	1.3263	905.2229	289.3389	36.5536	809.1630	106.3217	907.5668	92.5702	906.4817	90.0659	914.1090	89.9121	
30/08/2017	02:25:24	019004	G490134008HLR	L490	S		790.5238	1.0230	0.0000	100.0805	40.1206	0.8230	0.8280	4.0000	19.9329	925.1268	89.6705	6.5603	24.4000	0.9300	0.9251	0.7229	-0.0019	925.0000	924.3425	1.0339	-5.1472	99.9699	39.5384	0.8230	0.8237	5.0000	-9999.0000	-9999.0000	-9999.0000	-9999.0000	-9999.0000	-9999.0000	25.2527	3	0	26.8331	1.0000	09	4	-9999.0000	36233	72457	-9999	1163	1102	-9999	657.1674	5	0.7082	0.7229	-0.0019	121.8159	1.5115	899.5412	277.6221	36.2021	806.8036	105.8384	901.2170	92.3725	901.4054	89.7364	908.7920	89.7364	
30/08/2017	02:25:50	019004	G490134038HLR	L490	S		812.1320	1.0230	0.0000	100.0234	40.3218	0.8230	0.8276	4.0000	19.7218	925.1725	89.6485	6.2409	24.3000	0.9300	0.9248	0.7210	-0.0017	925.0000	928.9641	1.0339	-5.1069	100.0375	40.0512	0.8230	0.8240	5.0000	-9999.0000	-9999.0000	-9999.0000	-9999.0000	-9999.0000	-9999.0000	23.4017	4	0	26.9034	1.0000	09	4	-9999.0000	36234	72458	-9999	1164	1103	-9999	657.2251	5	0.7075	0.7210	-0.0017	117.7627	1.9655	903.8119	290.5676	38.0254	819.8071	104.7840	905.3341	92.0649	905.8849	89.7803	913.2447	89.6485	
30/08/2017	02:26:11	019004	G490134070HLR	L490	S		801.5940	1.0230	0.0000	100.0385	40.1208	0.8230	0.8274	4.0000	19.1575	925.1544	89.6046	6.1804	24.3000	0.9300	0.9249	0.7211	-0.0017	925.0000	925.8725	1.0339	-5.1338	100.0242	39.8643	0.8230	0.8230	5.0000	-9999.0000	-9999.0000	-9999.0000	-9999.0000	-9999.0000	-9999.0000	23.5621	5	0	20.6625	1.0000	09	4	-9999.0000	36235	72459	-9999	1165	1104	-9999	657.3366	5	0.7075	0.7211	-0.0017	114.6312	2.2957	905.1888	279.3417	36.4218	809.0057	106.1460	907.7009	92.4823	906.4493	89.6925	913.0913	89.6046	
30/08/2017	02:29:00	019004	G490134052HLR	L490	S		797.3592	1.0230	0.0000	99.8532	40.3999	0.8230	0.8277	4.0000	19.6622	925.1135	89.6265	5.8600	24.3000	0.9300	0.9249	0.7221	-0.0018	925.0000	926.0686	1.0339	-5.1321	100.0074	39.7435	0.8230	0.8235	5.0000	-9999.0000	-9999.0000	-9999.0000	-9999.0000	-9999.0000	-9999.0000	24.0526	7	0	141.8058	1.0000	09	4	-9999.0000	36236	72460	-9999	1166	1104	-9999	658.2324	5	0.7080	0.7221	-0.0018	117.6494	1.8899	906.6716	271.2980	35.6749	812.1085	105.7945	908.3324	92.4603	908.8353	89.7364	916.6303	89.5606	
30/08/2017	02:29:25	019004	G490134003HLR	L490	S		799.3262	1.0230	0.0000	100.1077	40.1282	0.8230	0.8266	4.0000	20.4620	925.1538	90.5272	8.7510	24.3000	0.9300	0.9249	0.7158	-0.0011	925.0000	925.5975	1.0339	-5.1362	100.0518	39.8461	0.8230	0.8236	5.0000	-9999.0000	-9999.0000	-9999.0000	-9999.0000	-9999.0000	-9999.0000	21.8628	8	0	24.3924	1.0000	09	4	-9999.0000	36237	72461	-9999	1167	1105	-9999	653.8509	5	0.7086	0.7158	-0.0011	103.4175	3.6998	886.8511	293.1181	35.4552	799.4070	105.7725	889.3313	92.3944	887.7202	89.6705	893.3453	89.6265	
30/08/2017	02:29:45	019004	G490134035HLR	L490	S		808.2459	1.0230	0.0000	100.1373	39.9116	0.8230	0.8270	4.0000	19.6623	925.1358	90.0220	8.9102	24.3000	0.9300	0.9251	0.7173	-0.0012	925.0000	930.5115	1.0339	-5.0935	100.0582	39.7036	0.8230	0.8232	5.0000	-9999.0000	-9999.0000	-9999.0000	-9999.0000	-9999.0000	-9999.0000	20.9123	1	2	19.9621	1.0000	09	4	-9999.0000	36238	72462	-9999	1168	1106	-9999	653.7511	5	0.7082	0.7173	-0.0012	90.9386	5.2345	886.8469	294.6571	35.6749	797.4879	106.1679	889.7114	92.5482	887.9262	90.0439	895.0882	90.0439	
30/08/2017	02:30:40	019004	G490134006HLR	L490	S		805.0740	1.0230	0.0000	100.0616	40.3428	0.8230	0.8282	4.0000	19.5227	925.1436	89.8023	8.2509	24.4000	0.9300	0.9251	0.7177	-0.0013	925.0000	928.0809	1.0339	-5.1146	99.9910	39.8461	0.8230	0.8237	5.0000	-9999.0000	-9999.0000	-9999.0000	-9999.0000	-9999.0000	-9999.0000	28.3224	3	0	23.9431	1.0000	09	4	-9999.0000	36239	72463	-9999	1169	1107	-9999	654.3018	5	0.7085	0.7177	-0.0013	98.3077	4.3310	889.6872	282.9661	36.8831	803.7954	105.1794	891.7268	92.1967	891.5303	90.0000	898.6730	90.0439	
30/08/2017	02:31:06	019004	G490134007HLR	L490	S		803.9457	1.0230	0.0000	99.9794	40.3722	0.8230	0.8273	4.0000	19.5823	925.0855	89.5387	7.7411	24.5000	0.9300	0.9252	0.7188	-0.0014	925.0000	926.5783	1.0339	-5.1277	99.9592	39.7204	0.8230	0.8232	5.0000	-9999.0000	-9999.0000	-9999.0000	-9999.0000	-9999.0000	-9999.0000	20.6428	4	0	26.1329	1.0000	09	4	-9999.0000	36240	72464	-9999	1170	1108	-9999	654.7306	5	0.7086	0.7188	-0.0014	114.9428	1.9978	892.7810	257.7486	36.6634	803.6572	105.8164	895.5407	92.4384	894.2942	90.0439	901.3015	90.0439	
30/08/2017	02:31:27	019004	G490134089HLR	L490	S		802.6915	1.0230	0.0000	100.1991	40.1837	0.8230	0.8269	4.0000	19.7023	925.1183	89.8462	5.5406	24.3000	0.9300	0.9250	0.7209	-0.0018	925.0000	924.7534	1.0339	-5.1436	99.9959	39.6428	0.8230	0.8234	5.0000	-9999.0000	-9999.0000	-9999.0000	-9999.0000	-9999.0000	-9999.0000	22.7828	5	0	20.2522	1.0000	09	4	-9999.0000	36241	72465	-9999	1171	1109	-9999	657.8509	5	0.7082	0.7209	-0.0018	126.8174	-0.0709	909.9564	281.4863	36.2460	813.6113	106.1899	912.6704	92.5043	911.4123	90.0439	919.5517	89.9780	
30/08/2017	02:32:41	019004	G490134019HLR	L490	S		791.8384	1.0230	0.0000	100.1217	40.2523	0.8230	0.8279	4.0000	19.7316	925.1518	89.9780	8.0702	24.4000	0.9300	0.9251	0.7219	-0.0019	925.0000	924.8475	1.0339	-5.1428	100.0754	39.4594	0.8230	0.8229	5.0000	-9999.0000	-9999.0000	-9999.0000	-9999.0000	-9999.0000	-9999.0000	21.2411	8	0	27.0926	1.0000	09	4	-9999.0000	36243	72466	-9999	1173	1110	-9999	653.4574	5	0.7078	0.7219	-0.0019	131.4203	-0.7689	886.8706	274.0096	35.0378	798.7776	106.0581	889.0991	92.2626	888.2717	89.8023	896.1474	89.8682	
30/08/2017	02:33:02	019004	G490134029HLR	L490	S		801.9634	1.0230	0.0000	100.1263	40.2423	0.8230	0.8277	4.0000	19.2325	925.1022	89.9341	8.5810	24.3000	0.9300	0.9249	0.7252	-0.0025	925.0000	925.5767	1.0339	-5.1364	99.9962	39.6758	0.8230	0.8241	5.0000	-9999.0000	-9999.0000	-9999.0000	-9999.0000	-9999.0000	-9999.0000	23.6326	1	0	21.0123	1.0000	09	4	-9999.0000	36244	72467	-9999	1174	1111	-9999	651.3943	5	0.7082	0.7252	-0.0025	125.7184	-0.2091	880.7586	293.5933	37.5641	791.3780	106.4315	882.8183	92.4603	882.9516	90.0000	890.8854	90.0220	
30/08/2017	02:33:56	019004	G490134031HLR	L490	S		777.0579	1.0230	0.0000	100.0599	40.0487	0.8230	0.8275	4.0000	19.5915	925.1145	90.2197	9.7911	24.4000	0.9300	0.9251	0.7252	-0.0025	925.0000	934.7698	1.0339	-5.0564	100.0079	39.9006	0.8230	0.8228	5.0000	-9999.0000	-9999.0000	-9999.0000	-9999.0000	-9999.0000	-9999.0000	21.3625	3	2	28.6029	1.0000	09	4	-9999.0000	36245	72468	-9999	1175	1111	-9999	648.6640	5	0.7082	0.7252	-0.0025	125.7184	-0.2091	866.3281	276.3534	36.0044	769.1346	105.9482	866.4953	92.4603	868.6469	90.0220	877.3996	90.0220	
30/08/2017	02:34:36	019004	G490134002HLR	L490	S		800.3244	1.0230	0.0000	100.0384	39.9487	0.8230	0.8273	4.0000	19.7410	925.1098	89.8023	8.8516	24.2000	0.9300	0.9249	0.7232	-0.0021	925.0000	924.6327	1.0339	-5.1446	99.9973	39.5263	0.8230	0.8235	5.0000	-9999.0000	-9999.0000	-9999.0000	-9999.0000	-9999.0000	-9999.0000	25.3135	4	0	40.5553	1.0000	09	4	-9999.0000	36246	72469	-9999	1176	1112	-9999	651.7273	5	0.7078	0.7232	-0.0021	123.8104	0.1153	878.9339	293.3580	36.5975	791.7392	105.1355	880.8390	92.1528	880.9014	89.9780	888.8177	90.0879	
30/08/2017	02:34:56	019004	G490129913HLR	L490	S		785.2677	1.0230	0.0000	100.1897	39.9487	0.8230	0.8272	4.0000	20.4915	925.1479	89.6046	8.0204	24.2000	0.9300	0.9250	0.7236	-0.0022	925.0000	925.2066	1.0339	-5.1396	100.0363	39.9487	0.8230	0.8239	5.0000	-9999.0000	-9999.0000	-9999.0000	-9999.0000	-9999.0000	-9999.0000	20.6323	5	0	19.4718	1.0000	09	4	-9999.0000	36247	72470	-9999	1177	1113	-9999	652.9710	5	0.7071	0.7236	-0.0022	121.7842	0.2122	886.0194	284.1734	35.7408	794.5735	106.0801	887.4463	92.4164	887.9416	90.0439	896.4308	90.0659	
30/08/2017	02:35:49	019004	G490134000HLR	L490	S		804.3328	1.0230	0.0000	100.1108	40.3444	0.8230	0.8281	4.0000	19.2313	925.1545	89.6485	8.0312	24.4000	0.9300	0.9251	0.7251	-0.0024	925.0000	923.6629	1.0339	-5.1531	99.9915	39.3333	0.8230	0.8231	5.0000	-9999.0000	-9999.0000	-9999.0000	-9999.0000	-9999.0000	-9999.0000	25.1532	7	0	25.0830	1.0000	09	4	-9999.0000	36248	72471	-9999	1178	1114	-9999	652.8380	5	0.7060	0.7251	-0.0024	125.7885	-0.1726	886.3885	280.2975	36.7293	794.4382	105.5089	887.7965	92.3725	888.4790	90.0659	896.3032	89.9780	
30/08/2017	02:36:17	019004	G490134014HLR	L490	S		795.8551	1.0230	0.0000	100.1835	40.2275	0.8230	0.8276	4.0000	19.2325	925.1286	89.8462	8.7012	24.4000	0.9300	0.9252	0.7236	-0.0022	925.0000	922.7407	1.0339	-5.1611	100.0499	39.9067	0.8230	0.8243	5.0000	-9999.0000	-9999.0000	-9999.0000	-9999.0000	-9999.0000	-9999.0000	21.7631	8	0	27.5225	1.0000	09	4	-9999.0000	36249	72472	-9999	1179	1115	-9999	651.9114	5	0.7054	0.7236	-0.0022	126.6352	-0.2700	881.1325	288.0969	36.1801	791.9587	105.9922	882.5727	92.3944	882.8563	90.0439	890.7441	90.0439	
30/08/2017	02:36:39	019004	G490134024HLR	L490	S		812.4364	1.0230	0.0000	100.1218	39.9377	0.8230	0.8271	4.0000	19.4816	925.1378	89.5826	7.8202	24.4000	0.9300	0.9251	0.7234	-0.0022	925.0000	929.4981	1.0339	-5.1023	99.9755	40.0764	0.8230	0.8232	5.0000	-9999.0000	-9999.0000	-9999.0000	-9999.0000	-9999.0000	-9999.0000	24.1628	1	2	22.1734	1.0000	09	4	-9999.0000	36249	72473	-9999	1180	1116	-9999	653.6371	5	0.7049	0.7234	-0.0022	118.3736	0.6339	890.2528	275.2506	35.7847	794.8519	106.2778	892.7444	92.5921	891.7233	90.0659	899.6088	90.0439	
30/08/2017	02:37:28	019004	G490132963HLR	L490	S		799.5807	1.0230	0.0000	100.0409	40.4804	0.8230	0.8285	4.0000	19.1525	925.1076	89.5826	7.5008	24.4000	0.9300	0.9252	0.7245	-0.0023	925.0000	923.9959	1.0339	-5.1502	100.0596	39.5849	0.8230	0.8235	5.0000	-9999.0000	-9999.0000	-9999.0000	-9999.0000	-9999.0000	-9999.0000	21.0121	3	0	24.3328	1.0000	09	3	-9999.0000	36250	72474	-9999	1181	1117	-9999	654.2429	5	0.7050	0.7245	-0.0023	119.5655	0.3850	890.8867	288.6499	36.6854	800.4278	105.6627	892.0062	92.3944	892.6665	90.0220	900.7598	89.9121	
30/08/2017	02:37:53	019004	G490133998HLR	L490	S		799.9971	1.0230	0.0000	100.1443	40.3684	0.8230	0.8273	4.0000	19.4621	925.0942	89.4728	6.6707	24.4000	0.9300	0.9252	0.7225	-0.0020	925.0000	926.2184	1.0339	-5.1308	100.0468	39.8461	0.8230	0.8239	5.0000	-9999.0000	-9999.0000	-9999.0000	-9999.0000	-9999.0000	-9999.0000	21.0218	4	0	25.6534	1.0000	09	3	-9999.0000	36251	72475	-9999	1182	1118	-9999	655.9837	5	0.7053	0.7225	-0.0020	116.7153	0.8420	897.7061	293.2322	38.1572	813.4039	104.3007	898.5957	91.9770	900.3159	90.0439	908.8049	89.9561	
30/08/2017	02:38:13	019004	G490133996HLR	L490	S		790.9730	1.0230	0.0000	100.0131	39.9170	0.8230	0.8269	4.0000	19.5130	925.1526	90.2197	8.4111	24.4000	0.9300	0.9252	0.7223	-0.0020	925.0000	923.5823	1.0339	-5.1538	100.0217	39.9964	0.8230	0.8234	5.0000	-9999.0000	-9999.0000	-9999.0000	-9999.0000	-9999.0000	-9999.0000	22.2819	5	0	19.8420	1.0000	09	3	-9999.0000	36252	72476	-9999	1183	1119	-9999	652.8517	5	0.7052	0.7223	-0.0020	115.2545	1.1320	884.0037	284.8333	36.6195	795.5449	105.9043	886.2810	92.4164	885.5406	89.9561	893.0777	89.6705	
30/08/2017	02:39:05	019004	G490133990HLR	L490	S		805.5733	1.0230	0.0000	100.0047	40.3262	0.8230	0.8283	4.0000	19.7921	925.1256	89.5387	7.4705	24.4000	0.9300	0.9252	0.7225	-0.0020	925.0000	925.1022	1.0339	-5.1405	100.0086	39.5849	0.8230	0.8231	5.0000	-9999.0000	-9999.0000	-9999.0000	-9999.0000	-9999.0000	-9999.0000	21.9624	7	0	26.7626	1.0000	09	3	-9999.0000	36253	72477	-9999	1184	1120	-9999	654.6463	5	0.7053	0.7225	-0.0020	97.4919	3.7015	892.4214	274.9292	35.6529	802.6239	106.0361	894.4221	92.5702	894.4665	90.0659	902.2322	90.0220	
30/08/2017	02:39:32	019004	G490133981HLR	L490	S		796.1308	1.0230	0.0000	100.0981	40.4615	0.8230	0.8277	4.0000	19.8118	925.0934	89.5387	7.5008	24.3000	0.9300	0.9250	0.7188	-0.0016	925.0000	925.7651	1.0339	-5.1348	99.9963	39.7955	0.8230	0.8238	5.0000	-9999.0000	-9999.0000	-9999.0000	-9999.0000	-9999.0000	-9999.0000	23.3230	8	0	26.6828	1.0000	09	3	-9999.0000	36253	72478	-9999	1185	1121	-9999	654.0903	5	0.7050	0.7188	-0.0016	93.1569	4.2153	894.8294	295.2714	36.5096	807.4090	105.3771	897.0108	92.2407	896.4445	90.0220	903.8321	89.9341	
30/08/2017	02:39:51	019004	G490133989HLR	L490	S		778.5762	1.0230	0.0000	100.0872	40.0963	0.8230	0.8273	4.0000	19.2923	925.1607	89.5606	7.5005	24.2000	0.9300	0.9249	0.7176	-0.0014	925.0000	924.0603	1.0339	-5.1496	99.9899	40.0080	0.8230	0.8234	5.0000	-9999.0000	-9999.0000	-9999.0000	-9999.0000	-9999.0000	-9999.0000	23.3435	1	0	18.9220	1.0000	09	3	-9999.0000	36254	72479	-9999	1186	1122	-9999	654.1148	5	0.7050	0.7176	-0.0014	98.4461	3.4901	895.3365	297.9694	36.9929	805.6974	105.9482	897.6424	92.3944	896.7837	90.0220	903.4464	89.7364	
30/08/2017	02:40:43	019004	G490133975HLR	L490	S		794.2720	1.0230	0.0000	99.9488	39.9487	0.8230	0.8277	4.0000	19.7024	925.0787	89.4508	6.7410	24.3000	0.9300	0.9250	0.7170	-0.0013	925.0000	927.1279	1.0339	-5.1229	100.0274	39.5685	0.8230	0.8232	5.0000	-9999.0000	-9999.0000	-9999.0000	-9999.0000	-9999.0000	-9999.0000	23.8123	3	0	24.8730	1.0000	09	3	-9999.0000	36255	72480	-9999	1187	1123	-9999	655.2806	5	0.7054	0.7170	-0.0013	70.6138	7.0475	901.5765	282.0697	35.6529	812.5901	105.7945	904.3426	92.5043	902.3293	90.0659	909.6349	89.8243	
30/08/2017	02:41:08	019004	G490133964HLR	L490	S		796.4592	1.0230	0.0000	99.9329	40.1538	0.8230	0.8276	4.0000	19.8928	925.1588	89.5606	7.2909	24.2000	0.9300	0.9249	0.7163	-0.0012	925.0000	925.6636	1.0339	-5.1357	100.0341	39.8461	0.8230	0.8239	5.0000	-9999.0000	-9999.0000	-9999.0000	-9999.0000	-9999.0000	-9999.0000	21.5023	4	0	24.6725	1.0000	09	3	-9999.0000	36256	72481	-9999	1188	1124	-9999	654.6073	5	0.7065	0.7163	-0.0012	115.6532	1.2810	898.3918	293.6953	35.8726	812.6365	105.5528	900.7939	92.3505	899.8159	89.9121	906.5331	89.6485	
30/08/2017	02:41:27	019004	G490133959HLR	L490	S		793.0644	1.0230	0.0000	99.9135	40.1441	0.8230	0.8273	4.0000	19.9621	925.1378	89.8023	5.1803	24.2000	0.9300	0.9250	0.7145	-0.0009	925.0000	919.8848	1.0339	-5.1859	100.0695	40.0645	0.8230	0.8235	5.0000	-9999.0000	-9999.0000	-9999.0000	-9999.0000	-9999.0000	-9999.0000	21.2826	5	0	19.3225	1.0000	09	3	-9999.0000	36257	72482	-9999	1189	1124	-9999	656.6355	5	0.7068	0.7145	-0.0009	117.7795	1.2709	915.4060	293.3636	36.3119	823.5302	105.8164	917.9364	92.4384	917.0366	90.0439	923.7178	89.8243	
30/08/2017	02:43:32	019004	G490133963HLR	L490	S		799.1200	1.0230	0.0000	99.9159	40.1290	0.8230	0.8277	4.0000	19.5519	925.1313	89.9561	7.3504	24.4000	0.9300	0.9252	0.7116	-0.0006	925.0000	924.1962	1.0339	-5.1484	99.9850	39.6322	0.8230	0.8231	5.0000	-9999.0000	-9999.0000	-9999.0000	-9999.0000	-9999.0000	-9999.0000	22.5826	7	0	99.4604	1.0000	09	3	-9999.0000	36258	72483	-9999	1190	1125	-9999	654.5544	5	0.7069	0.7116	-0.0006	137.9578	-1.4405	899.3416	287.0181	36.6854	809.3723	105.6627	901.9938	91.9990	900.1847	89.8682	906.6581	89.8243	
30/08/2017	02:43:59	019004	G490133949HLR	L490	S		801.8357	1.0230	0.0000	100.1754	40.0717	0.8230	0.8275	4.0000	19.4123	925.0975	89.5167	6.9607	24.3000	0.9300	0.9252	0.7112	-0.0005	925.0000	925.6330	1.0339	-5.1359	100.0393	39.7806	0.8230	0.8238	5.0000	-9999.0000	-9999.0000	-9999.0000	-9999.0000	-9999.0000	-9999.0000	21.6529	8	0	26.4034	1.0000	09	3	-9999.0000	36259	72484	-9999	1191	1125	-9999	654.6695	5	0.7069	0.7112	-0.0005	131.6039	-0.5206	903.1181	300.1604	37.7398	813.7472	106.5633	906.6107	92.6800	903.9068	90.0000	909.4104	89.6485	
30/08/2017	02:44:20	019004	G490134058HLR	L490	S		797.9019	1.0230	0.0000	100.0007	40.0295	0.8230	0.8276	4.0000	19.3616	925.1171	89.4508	7.0809	24.3000	0.9300	0.9250	0.7100	-0.0004	925.0000	925.3580	1.0339	-5.1383	99.9882	39.7435	0.8230	0.8241	5.0000	-9999.0000	-9999.0000	-9999.0000	-9999.0000	-9999.0000	-9999.0000	23.0425	1	0	21.3518	1.0000	09	3	-9999.0000	36260	72485	-9999	1192	1126	-9999	654.6268	5	0.7076	0.7100	-0.0004	126.3433	0.1906	904.0763	289.1537	36.0044	812.2989	105.7945	906.9470	92.4823	905.0890	90.0220	910.7232	89.6485	
30/08/2017	02:45:14	019004	G490134095HLR	L490	S		798.3239	1.0230	0.0000	100.0130	40.2241	0.8230	0.8280	4.0000	19.4522	925.0725	89.6925	5.3805	24.3000	0.9300	0.9249	0.7103	-0.0004	925.0000	922.9212	1.0339	-5.1595	99.9501	39.7790	0.8230	0.8230	5.0000	-9999.0000	-9999.0000	-9999.0000	-9999.0000	-9999.0000	-9999.0000	24.1227	3	0	26.8526	1.0000	09	3	-9999.0000	36261	72486	-9999	1193	1127	-9999	655.3102	5	0.7081	0.7103	-0.0004	121.6750	0.8963	915.2630	288.7980	37.2785	824.5856	105.1355	918.2612	92.2626	916.1856	90.0220	922.3907	89.6925	
30/08/2017	02:45:41	019004	G490134096HLR	L490	S		786.6617	1.0230	0.0000	100.1148	40.2234	0.8230	0.8277	4.0000	19.4621	925.0905	90.6590	9.9708	24.4000	0.9300	0.9252	0.7099	-0.0003	925.0000	927.3121	1.0339	-5.1213	100.0352	39.5384	0.8230	0.8234	5.0000	-9999.0000	-9999.0000	-9999.0000	-9999.0000	-9999.0000	-9999.0000	23.4733	4	0	27.1437	1.0000	09	3	-9999.0000	36262	72487	-9999	1194	1128	-9999	653.6522	5	0.7080	0.7099	-0.0003	119.3346	1.2104	884.8062	273.2970	35.8067	799.3195	105.5089	888.1707	92.0869	884.8442	89.8243	890.4448	89.7364	
30/08/2017	02:46:09	019004	G490134088HLR	L490	S		798.5885	1.0230	0.0000	100.0955	40.2346	0.8230	0.8274	4.0000	19.6915	925.0722	89.9121	6.6804	24.2000	0.9300	0.9249	0.7080	-0.0001	925.0000	922.6762	1.0339	-5.1617	100.0022	40.0230	0.8230	0.8239	5.0000	-9999.0000	-9999.0000	-9999.0000	-9999.0000	-9999.0000	-9999.0000	23.7622	5	0	27.9131	1.0000	09	3	-9999.0000	36263	72488	-9999	1195	1129	-9999	654.4609	5	0.7079	0.7080	-0.0001	120.0375	1.1280	906.5813	301.5085	36.9710	816.8810	106.1460	910.3225	92.5262	906.6752	89.9780	911.7739	90.0439	
30/08/2017	02:46:59	019004	G490134087HLR	L490	S		787.7786	1.0230	0.0000	100.0146	40.0382	0.8230	0.8270	4.0000	20.7718	925.1546	89.8243	5.6002	24.4000	0.9300	0.9251	0.7156	-0.0011	925.0000	920.1363	1.0339	-5.1838	100.0494	39.4813	0.8230	0.8230	5.0000	-9999.0000	-9999.0000	-9999.0000	-9999.0000	-9999.0000	-9999.0000	21.4932	7	0	25.0526	1.0000	09	3	-9999.0000	36264	72489	-9999	1196	1130	-9999	656.3238	5	0.7082	0.7156	-0.0011	125.4453	0.1745	911.7442	285.1024	35.9605	821.6399	105.2673	913.6538	92.3066	913.6518	89.9561	920.0176	89.6705	
30/08/2017	02:47:26	019004	G490134066HLR	L490	S		794.6285	1.0230	0.0000	100.0662	40.0382	0.8230	0.8270	4.0000	20.6731	925.1385	89.8243	5.4303	24.4000	0.9300	0.9250	0.7147	-0.0010	925.0000	921.1593	1.0339	-5.1749	100.0195	39.7435	0.8230	0.8241	5.0000	-9999.0000	-9999.0000	-9999.0000	-9999.0000	-9999.0000	-9999.0000	21.5424	8	0	26.5433	1.0000	09	3	-9999.0000	36265	72490	-9999	1197	1131	-9999	656.2742	5	0.7080	0.7147	-0.0010	107.7897	3.1003	914.0886	292.4018	36.1801	823.3401	105.3991	916.8505	92.1528	914.3384	89.7364	921.4855	89.7584	
30/08/2017	02:47:45	019004	G490134084HLR	L490	S		786.8708	1.0230	0.0000	99.9265	40.0344	0.8230	0.8269	4.0000	21.0121	925.1526	90.0439	16.0721	24.3000	0.9300	0.9252	0.7157	-0.0011	925.0000	969.2318	1.0339	-4.7565	100.0350	40.1538	0.8230	0.8234	5.0000	-9999.0000	-9999.0000	-9999.0000	-9999.0000	-9999.0000	-9999.0000	23.2525	1	2	19.3622	1.0000	09	3	-9999.0000	36266	72491	-9999	1198	1132	-9999	645.7701	5	0.7082	0.7157	-0.0011	106.3601	3.2703	845.2837	290.5567	37.0369	758.6887	106.2119	848.4037	92.3066	846.0306	89.6705	853.0913	89.5606	
30/08/2017	02:48:38	019004	G490134081HLR	L490	S		787.1389	1.0230	0.0000	99.9089	40.2940	0.8230	0.8270	4.0000	21.1632	925.1472	89.9780	7.1004	24.4000	0.9300	0.9251	0.7205	-0.0017	925.0000	925.1985	1.0339	-5.1397	100.0404	39.5884	0.8230	0.8229	5.0000	-9999.0000	-9999.0000	-9999.0000	-9999.0000	-9999.0000	-9999.0000	21.4019	3	0	27.7529	1.0000	09	3	-9999.0000	36267	72492	-9999	1198	1133	-9999	655.3415	5	0.7087	0.7205	-0.0017	112.7160	2.3115	895.7394	284.3965	36.8611	803.8083	105.8384	897.7701	92.4164	897.3052	90.0000	904.8775	89.9780	
30/08/2017	02:49:03	019004	G490134093HLR	L490	S		798.9565	1.0230	0.0000	100.0736	40.1523	0.8230	0.8273	4.0000	19.5822	925.1360	89.7144	5.1012	24.3000	0.9300	0.9250	0.7216	-0.0018	925.0000	922.7551	1.0339	-5.1610	99.9999	39.7532	0.8230	0.8239	5.0000	-9999.0000	-9999.0000	-9999.0000	-9999.0000	-9999.0000	-9999.0000	24.3327	4	0	25.4024	1.0000	09	3	-9999.0000	36267	72493	-9999	1199	1134	-9999	659.0483	5	0.7093	0.7216	-0.0018	128.8549	-0.3758	914.2733	291.8436	35.3234	819.5384	105.5748	916.4792	92.3944	915.9069	90.0000	924.2409	89.7364	
30/08/2017	02:49:24	019004	G490134050HLR	L490	S		788.5472	1.0230	0.0000	99.9096	39.9487	0.8230	0.8274	4.0000	19.5020	925.1809	90.3954	6.9109	24.3000	0.9300	0.9250	0.7221	-0.0019	925.0000	926.9596	1.0339	-5.1244	100.0195	40.1077	0.8230	0.8235	5.0000	-9999.0000	-9999.0000	-9999.0000	-9999.0000	-9999.0000	-9999.0000	22.0328	5	0	21.1721	1.0000	09	3	-9999.0000	36268	72494	-9999	1200	1135	-9999	656.1146	5	0.7090	0.7221	-0.0019	105.1908	3.4395	896.1983	288.2273	36.7073	800.1789	105.7945	898.7080	92.1308	897.7294	89.8902	905.7466	89.8023	
30/08/2017	02:50:14	019004	G490134071HLR	L490	S		789.4391	1.0230	0.0000	100.0320	40.2277	0.8230	0.8284	4.0000	19.3214	925.1280	89.8243	6.8015	24.4000	0.9300	0.9250	0.7198	-0.0016	925.0000	927.4171	1.0339	-5.1204	99.9829	39.6039	0.8230	0.8231	5.0000	-9999.0000	-9999.0000	-9999.0000	-9999.0000	-9999.0000	-9999.0000	21.9126	7	0	24.1835	1.0000	09	3	-9999.0000	36269	72495	-9999	1201	1136	-9999	656.0706	5	0.7085	0.7198	-0.0016	103.2984	3.7928	899.9110	284.5201	35.2575	807.9898	106.6073	902.8154	92.7239	901.5372	89.9780	908.6635	89.6046	
30/08/2017	02:50:42	019004	G490134047HLR	L490	S		805.2006	1.0230	0.0000	99.9829	40.3423	0.8230	0.8278	4.0000	19.3420	925.1226	89.6046	6.6003	24.3000	0.9300	0.9250	0.7289	-0.0030	925.0000	929.6907	1.0339	-5.1006	99.9849	39.7544	0.8230	0.8239	5.0000	-9999.0000	-9999.0000	-9999.0000	-9999.0000	-9999.0000	-9999.0000	20.6419	8	2	28.2422	1.0000	09	3	-9999.0000	36270	72496	-9999	1202	1137	-9999	656.1449	5	0.7091	0.7289	-0.0030	103.6417	3.8675	896.2905	288.7366	36.0264	804.2462	105.3771	898.2343	92.3505	898.2426	90.0000	907.8995	89.6925	
30/08/2017	02:51:03	019004	G490134060HLR	L490	S		796.8143	1.0230	0.0000	99.9917	40.0362	0.8230	0.8270	4.0000	19.6819	925.1386	89.9121	7.2401	24.3000	0.9300	0.9251	0.7300	-0.0031	925.0000	929.6951	1.0339	-5.1006	99.9583	40.0512	0.8230	0.8235	5.0000	-9999.0000	-9999.0000	-9999.0000	-9999.0000	-9999.0000	-9999.0000	24.7830	1	2	21.1930	1.0000	09	3	-9999.0000	36271	72497	-9999	1203	1138	-9999	654.4571	5	0.7092	0.7300	-0.0031	104.3573	4.0148	890.0728	286.6068	35.3673	795.1485	106.0581	891.9954	92.6141	892.1365	89.8023	900.0480	89.6485	
30/08/2017	02:51:54	019004	G490134062HLR	L490	S		789.2357	1.0230	0.0000	100.0267	40.1272	0.8230	0.8282	4.0000	19.3428	925.1146	89.6485	6.6902	24.4000	0.9300	0.9251	0.7286	-0.0030	925.0000	925.8754	1.0339	-5.1338	100.0060	39.6273	0.8230	0.8231	5.0000	-9999.0000	-9999.0000	-9999.0000	-9999.0000	-9999.0000	-9999.0000	21.3930	3	0	26.2929	1.0000	09	3	-9999.0000	36272	72498	-9999	1204	1139	-9999	655.8446	5	0.7092	0.7286	-0.0030	104.1267	4.2893	895.3005	277.6441	35.1696	802.9748	105.7945	896.4475	92.5482	897.9050	90.0659	906.7395	89.7584	
30/08/2017	02:52:21	019004	G490134013HLR	L490	S		789.6809	1.0230	0.0000	99.9681	40.2390	0.8230	0.8280	4.0000	19.3117	925.1236	90.1757	7.7411	24.3000	0.9300	0.9251	0.7362	-0.0042	925.0000	923.1550	1.0339	-5.1575	99.9761	39.7435	0.8230	0.8238	5.0000	-9999.0000	-9999.0000	-9999.0000	-9999.0000	-9999.0000	-9999.0000	22.7318	4	0	26.6827	1.0000	09	3	-9999.0000	36273	72499	-9999	1205	1140	-9999	651.1755	5	0.7088	0.7362	-0.0042	104.8558	4.0922	877.6602	304.9696	38.3988	797.0513	104.3666	878.0651	91.9551	881.3824	89.7584	891.1578	89.6925	
30/08/2017	02:52:42	019004	G490134018HLR	L490	S		795.9386	1.0230	0.0000	100.0751	40.0963	0.8230	0.8273	4.0000	19.7328	925.1845	89.5826	6.9705	24.3000	0.9300	0.9251	0.7365	-0.0043	925.0000	927.6512	1.0339	-5.1184	99.9723	40.0598	0.8230	0.8236	5.0000	-9999.0000	-9999.0000	-9999.0000	-9999.0000	-9999.0000	-9999.0000	23.3230	5	0	21.4232	1.0000	09	3	-9999.0000	36274	72500	-9999	1206	1141	-9999	653.9431	5	0.7087	0.7365	-0.0043	98.6666	5.1071	886.3542	283.8428	36.2021	798.5174	104.8938	886.5345	92.2407	889.9115	90.0220	901.0056	90.0000	
30/08/2017	02:53:37	019004	G490134017HLR	L490	S		785.2847	1.0230	0.0000	99.9729	40.1464	0.8230	0.8279	4.0000	19.6828	925.2299	89.5826	6.9109	24.4000	0.9300	0.9251	0.7366	-0.0043	925.0000	924.8237	1.0339	-5.1430	99.9986	39.6117	0.8230	0.8231	5.0000	-9999.0000	-9999.0000	-9999.0000	-9999.0000	-9999.0000	-9999.0000	22.6324	7	0	28.8234	1.0000	09	3	-9999.0000	36275	72501	-9999	1207	1142	-9999	654.1052	5	0.7086	0.7366	-0.0043	99.2143	5.2719	886.9486	276.1072	37.1906	801.4523	105.0037	887.0788	92.1967	890.5077	89.9341	900.9648	89.6265	
30/08/2017	02:54:02	019004	G490134016HLR	L490	S		809.0582	1.0230	0.0000	100.1224	40.1538	0.8230	0.8273	4.0000	19.8820	925.1244	89.5167	6.3913	24.3000	0.9300	0.9250	0.7353	-0.0041	925.0000	930.5821	1.0339	-5.0928	100.0095	39.8428	0.8230	0.8239	5.0000	-9999.0000	-9999.0000	-9999.0000	-9999.0000	-9999.0000	-9999.0000	25.4628	8	2	25.1424	1.0000	09	3	-9999.0000	36276	72502	-9999	1208	1143	-9999	656.1714	5	0.7077	0.7353	-0.0041	98.8576	5.1153	894.0089	286.6482	37.3883	811.4397	104.2568	893.7652	92.0210	897.0553	89.9561	908.5124	89.6705	
30/08/2017	02:54:22	019004	G490134015HLR	L490	S		799.3475	1.0230	0.0000	100.0343	40.0088	0.8230	0.8268	4.0000	20.5628	925.1944	89.5387	6.6707	24.4000	0.9300	0.9251	0.7357	-0.0042	925.0000	928.2926	1.0339	-5.1128	99.9994	40.0660	0.8230	0.8234	5.0000	-9999.0000	-9999.0000	-9999.0000	-9999.0000	-9999.0000	-9999.0000	21.7524	1	0	19.4123	1.0000	09	3	-9999.0000	36277	72503	-9999	1209	1144	-9999	655.0692	5	0.7069	0.7357	-0.0042	98.6706	5.0882	891.2998	287.7244	35.5211	799.3422	105.7066	891.6762	92.4384	894.0952	89.7584	904.0693	89.6705	
30/08/2017	02:55:16	019004	G490134012HLR	L490	S		798.0979	1.0230	0.0000	99.9752	40.2190	0.8230	0.8282	4.0000	19.2717	925.2311	89.6265	7.2205	24.3000	0.9300	0.9249	0.7317	-0.0036	925.0000	925.8216	1.0339	-5.1343	100.0389	39.6410	0.8230	0.8232	5.0000	-9999.0000	-9999.0000	-9999.0000	-9999.0000	-9999.0000	-9999.0000	23.2418	3	0	28.2238	1.0000	09	3	-9999.0000	36278	72504	-9999	1210	1145	-9999	653.2991	5	0.7074	0.7317	-0.0036	101.4704	4.7660	888.2858	270.9532	37.4542	794.4954	106.1240	889.4772	92.6800	890.6516	89.9780	899.9522	89.6265	
30/08/2017	02:55:40	019004	G490134040HLR	L490	S		790.4986	1.0230	0.0000	100.0184	40.2477	0.8230	0.8274	4.0000	19.9016	925.1662	89.6925	7.6512	24.2000	0.9300	0.9248	0.7303	-0.0034	925.0000	923.8928	1.0339	-5.1511	100.0079	39.8461	0.8230	0.8239	5.0000	-9999.0000	-9999.0000	-9999.0000	-9999.0000	-9999.0000	-9999.0000	24.8718	4	0	23.8622	1.0000	09	3	-9999.0000	36278	72505	-9999	1211	1146	-9999	651.3968	5	0.7071	0.7303	-0.0034	96.9165	5.2452	883.9379	288.5544	36.0703	790.6429	105.7945	885.2375	92.4823	886.2410	90.0439	895.7775	89.8243	
30/08/2017	02:56:20	019004	G490134020HLR	L490	S		804.2835	1.0230	0.0000	100.0009	40.0264	0.8230	0.8273	4.0000	19.3830	925.0849	89.6485	7.2713	24.2000	0.9300	0.9250	0.7132	-0.0010	925.0000	928.1289	1.0339	-5.1142	100.0357	40.0725	0.8230	0.8235	5.0000	-9999.0000	-9999.0000	-9999.0000	-9999.0000	-9999.0000	-9999.0000	20.5631	5	0	39.3344	1.0000	09	3	-9999.0000	36279	72506	-9999	1212	1147	-9999	653.0448	5	0.7062	0.7132	-0.0010	90.4506	6.1363	900.0759	295.2429	35.4772	808.3132	106.4315	903.6828	92.7020	901.0042	90.0220	907.6041	89.6925	
30/08/2017	02:57:13	019004	G490134010HLR	L490	S		803.9317	1.0230	0.0000	100.0051	40.1484	0.8230	0.8277	4.0000	19.9524	925.0912	90.1538	8.3710	24.4000	0.9300	0.9252	0.7127	-0.0010	925.0000	930.7238	1.0339	-5.0916	100.0086	39.6410	0.8230	0.8236	5.0000	-9999.0000	-9999.0000	-9999.0000	-9999.0000	-9999.0000	-9999.0000	23.7927	7	2	26.7530	1.0000	09	3	-9999.0000	36280	72507	-9999	1213	1148	-9999	651.8452	5	0.7060	0.7127	-0.0010	99.9468	4.5655	892.5486	284.7204	36.5975	802.3867	105.6627	895.0852	92.3944	894.0404	90.0220	900.1518	89.7803	
30/08/2017	02:57:37	019004	G490133999HLR	L490	Q		795.6151	1.0230	0.0000	100.0744	40.2152	0.8230	0.8277	4.0000	19.5313	925.0887	89.6265	7.7606	24.3000	0.9300	0.9252	0.7080	-0.0004	925.0000	923.8201	1.0339	-5.1517	99.9716	39.9487	0.8230	0.8239	5.0000	-9999.0000	-9999.0000	-9999.0000	-9999.0000	-9999.0000	-9999.0000	23.3620	8	0	23.9519	1.0000	09	3	-9999.0000	36281	72508	-9999	1214	1149	-9999	652.4029	5	0.7057	0.7080	-0.0004	93.1942	5.3327	898.6823	295.9239	35.7628	813.8618	105.6187	901.0756	92.3505	899.5012	90.0439	905.6997	90.0879	
30/08/2017	02:57:59	019004	G490129906HLR	L490	Q		767.6203	1.0230	0.0000	100.0903	40.0505	0.8230	0.8276	4.0000	19.2521	925.1060	89.9561	8.5214	24.3000	0.9300	0.9251	0.7136	-0.0011	925.0000	925.2512	1.0339	-5.1392	99.9905	39.9636	0.8230	0.8233	5.0000	-9999.0000	-9999.0000	-9999.0000	-9999.0000	-9999.0000	-9999.0000	20.6419	1	0	21.4731	1.0000	09	3	-9999.0000	36282	72509	-9999	1215	1150	-9999	651.2430	5	0.7055	0.7136	-0.0011	111.8127	2.7195	888.7641	286.4632	36.3119	798.4004	106.0581	891.6644	92.4164	890.1268	90.0439	896.7176	90.0000	
30/08/2017	02:58:53	019004	G490134034HLR	L490	S		791.2402	1.0230	0.0000	100.1594	40.3426	0.8230	0.8280	4.0000	19.6016	925.1775	89.6265	6.7605	24.3000	0.9300	0.9251	0.7229	-0.0025	925.0000	923.5868	1.0339	-5.1537	99.9641	39.7435	0.8230	0.8235	5.0000	-9999.0000	-9999.0000	-9999.0000	-9999.0000	-9999.0000	-9999.0000	26.1932	3	0	24.3025	1.0000	09	3	-9999.0000	36283	72510	-9999	1216	1151	-9999	653.5446	5	0.7052	0.7229	-0.0025	132.8881	-0.3225	896.6520	267.6523	36.9710	803.2882	105.5968	897.8932	92.3944	898.8323	90.0439	907.1924	90.0220	
30/08/2017	02:59:17	019004	G490132933HLR	L490	S		789.8505	1.0230	0.0000	99.9314	40.2111	0.8230	0.8274	4.0000	19.4816	925.0853	89.6485	6.9412	24.3000	0.9300	0.9251	0.7047	0.0001	925.0000	923.5659	1.0339	-5.1539	100.0805	39.8686	0.8230	0.8238	5.0000	-9999.0000	-9999.0000	-9999.0000	-9999.0000	-9999.0000	-9999.0000	20.7728	4	0	24.8134	1.0000	09	2	-9999.0000	36284	72511	-9999	1217	1152	-9999	652.6378	5	0.7050	0.7047	0.0001	122.8311	0.9131	906.6916	294.0905	35.7408	815.7645	105.7945	910.2502	92.4823	906.6591	89.9341	911.1653	89.6705	
30/08/2017	02:59:36	019004	G490133987HLR	L490	S		790.9445	1.0230	0.0000	100.0503	39.9464	0.8230	0.8270	4.0000	19.9124	925.1375	89.6705	7.7509	24.2000	0.9300	0.9249	0.7098	-0.0006	925.0000	925.3259	1.0339	-5.1386	100.0387	39.9603	0.8230	0.8234	5.0000	-9999.0000	-9999.0000	-9999.0000	-9999.0000	-9999.0000	-9999.0000	21.4819	5	0	18.9922	1.0000	09	2	-9999.0000	36285	72512	-9999	1218	1153	-9999	652.2502	5	0.7048	0.7098	-0.0006	127.0078	0.2717	898.2239	285.1701	35.4552	802.8820	106.4535	901.9378	92.6361	898.6661	90.0439	904.4447	89.7144	
30/08/2017	03:00:33	019004	G490133988HLR	L490	S		787.4278	1.0230	0.0000	100.0828	40.1538	0.8230	0.8279	4.0000	20.0421	925.1066	89.5826	6.1403	24.3000	0.9300	0.9250	0.7175	-0.0017	925.0000	920.2617	1.0339	-5.1827	99.9990	39.6527	0.8230	0.8233	5.0000	-9999.0000	-9999.0000	-9999.0000	-9999.0000	-9999.0000	-9999.0000	24.2332	7	0	29.0235	1.0000	09	2	-9999.0000	36286	72513	-9999	1219	1154	-9999	654.3641	5	0.7051	0.7175	-0.0017	130.0117	-0.1217	904.7037	281.5241	36.3339	810.1475	105.7286	906.2438	92.4384	907.0287	90.0000	915.0140	89.7364	
30/08/2017	03:01:01	019004	G490133978HLR	L490	S		798.5816	1.0230	0.0000	100.0337	40.2850	0.8230	0.8275	4.0000	19.6624	925.1570	89.5387	6.4607	24.2000	0.9300	0.9251	0.7167	-0.0016	925.0000	923.1696	1.0339	-5.1574	100.0125	39.8461	0.8230	0.8238	5.0000	-9999.0000	-9999.0000	-9999.0000	-9999.0000	-9999.0000	-9999.0000	25.5125	8	0	28.5432	1.0000	09	2	-9999.0000	36287	72514	-9999	1220	1155	-9999	653.7624	5	0.7050	0.7167	-0.0016	125.3756	0.4518	902.4078	296.7711	36.5975	816.1527	104.8718	903.9615	92.1528	903.7896	89.6485	910.5701	89.7584	
