Data	Timp	Nr. masina	Nr. de serie	Tip	Productie	Comentariu	Pre-masurare Q [ml/min]	Pre-masurare Gain	Pre-masurare Offset Master	Pre-masurare P [bar]	Pre-masurare T [°C]	Pre-masurare Densitate fixa [kg/l]	Pre-masurare densitate masurata [kg/l]	Pre-masurare Timp masurare [s]	Pre-masurare Cycle time [s]	rectificare Q Oprire [ml/min]	rectificare P Oprire [bar]	rectificare Timp rectificare [s]	rectificare T [°C]	rectificare Densitate fixa [kg/l]	rectificare densitate masurata [kg/l]	rectificare Factor de masurare la rectificare	rectificare Factor de corectie a debitului	rectificare Target rectificare	Masurare Q [ml/min]	Masurare Gain	Masurare Offset Master	Masurare P [bar]	Masurare T [°C]	Masurare Densitate fixa [kg/l]	Masurare densitate masurata [kg/l]	Masurare Timp masurare [s]	Masurare Q [ml/min]	Masurare Delta Q [ml/min]	Masurare P [bar]	Masurare BP [bar]	Masurare T [°C]	Masurare Timp masurare [s]	Masurare Cycle time [s]	Nest Nr.	Cod de descarcare	Cycle time [s]	Traceability aktiv	EDM Maschine Nr	EDM Spindle Nr	Honing Rate [r	Station Counter Premeasure	Station Counter Grind	Station Counter Blowout 1	Station Counter Wash	Station Counter Measure	Station Counter Blowout 2	RealGrindQStop	Reg Type	Factor 0	Factor 1	Factor 2	Factor 3	Factor 4	G_StartQV	G_StartQV_1	G_StartQV_2	G_StartQV_3	G_StartQV_4	G_StartQV_5	
24/08/2017	00:00:05	019004	G523099278HLR	L523	S		441.9426	1.0233	10.0000	99.8275	40.2152	0.8230	0.8277	5.0000	19.9417	508.0445	94.8108	10.2111	23.7000	0.9300	0.9281	0.6486	0.0001	508.0000	507.0079	1.0339	7.3425	99.9482	41.4757	0.8230	0.8238	5.0000	-9999.0000	-9999.0000	-9999.0000	-9999.0000	-9999.0000	-9999.0000	20.0814	6	0	29.4925	1.0000	04	3	-9999.0000	24923	61989	-9999	2470	2374	-9999	329.8559	5	0.6501	0.6486	0.0001	44.0697	1.6320	488.4498	278.9487	39.4752	454.7840	95.4698	483.2279	95.1184	488.0845	95.1184	491.6886	95.0085	
24/08/2017	00:00:28	019004	G523099258HLR	L523	S		444.5048	1.0233	10.0000	100.0718	40.2250	0.8230	0.8277	5.0000	20.0227	508.0415	94.7669	11.7109	23.7000	0.9300	0.9280	0.6486	0.0001	508.0000	507.3465	1.0339	7.3105	100.0999	41.4957	0.8230	0.8236	5.0000	-9999.0000	-9999.0000	-9999.0000	-9999.0000	-9999.0000	-9999.0000	20.9828	7	0	23.7829	1.0000	04	3	-9999.0000	24924	61990	-9999	2471	2375	-9999	329.9013	5	0.6498	0.6486	0.0001	45.1387	1.5682	484.6273	258.3468	40.4418	455.2121	95.3820	479.1640	94.9646	484.1697	94.8328	487.6662	94.6571	
24/08/2017	00:00:53	019004	G523099252HLR	L523	S		438.1862	1.0233	10.0000	99.9895	40.2429	0.8230	0.8277	5.0000	20.0325	508.0266	95.0305	16.4618	23.7000	0.9300	0.9281	0.6486	0.0001	508.0000	507.4844	1.0339	7.2974	100.0074	41.5283	0.8230	0.8237	5.0000	-9999.0000	-9999.0000	-9999.0000	-9999.0000	-9999.0000	-9999.0000	20.4719	8	0	25.0125	1.0000	04	3	-9999.0000	24925	61991	-9999	2472	2376	-9999	330.0163	5	0.6496	0.6486	0.0001	43.5213	1.7412	474.1263	276.3123	39.1677	447.0977	95.3161	468.9985	95.0964	473.6471	95.0964	477.4699	94.8987	
24/08/2017	00:01:18	019004	G523099260HLR	L523	S		435.5560	1.0233	10.0000	100.0614	40.2519	0.8230	0.8277	5.0000	19.9217	508.0449	94.9207	17.4121	23.7000	0.9300	0.9281	0.6486	0.0001	508.0000	507.3889	1.0339	7.3065	100.0409	41.4859	0.8230	0.8236	5.0000	-9999.0000	-9999.0000	-9999.0000	-9999.0000	-9999.0000	-9999.0000	21.4223	1	0	24.6435	1.0000	04	3	-9999.0000	24926	61992	-9999	2473	2376	-9999	330.0735	5	0.6495	0.6486	0.0001	43.6760	1.7170	472.3157	286.4587	41.1228	444.9572	95.6456	466.8512	95.2282	471.9933	95.1623	474.6956	95.0305	
24/08/2017	00:01:46	019004	G523099262HLR	L523	S		424.0816	1.0233	10.0000	100.0412	40.3006	0.8230	0.8278	5.0000	20.1213	508.0731	94.8548	17.5518	23.7000	0.9300	0.9281	0.6498	-0.0000	508.0000	506.6529	1.0339	7.3761	100.1131	41.4871	0.8230	0.8236	5.0000	-9999.0000	-9999.0000	-9999.0000	-9999.0000	-9999.0000	-9999.0000	20.8421	2	0	27.5324	1.0000	04	3	-9999.0000	24927	61993	-9999	2474	2377	-9999	329.7791	5	0.6494	0.6498	-0.0000	50.7064	1.1629	468.5343	280.6070	40.8152	429.9706	95.6236	458.0818	95.1184	468.0834	95.0085	471.8936	94.8987	
24/08/2017	00:02:10	019004	G523099281HLR	L523	S		454.0174	1.0233	10.0000	99.8949	40.3233	0.8230	0.8277	5.0000	20.1721	508.0314	95.0525	7.6307	23.7000	0.9300	0.9279	0.6503	-0.0001	508.0000	505.0303	1.0339	7.3014	100.0213	41.4871	0.8230	0.8235	5.0000	-9999.0000	-9999.0000	-9999.0000	-9999.0000	-9999.0000	-9999.0000	21.4428	3	0	24.4528	1.0000	04	3	-9999.0000	24928	61993	-9999	2475	2378	-9999	330.1474	5	0.6496	0.6503	-0.0001	52.8439	1.0056	496.2908	284.9868	40.7933	466.3710	95.5138	490.9781	94.9646	495.7783	94.8548	500.1035	94.8548	
24/08/2017	00:02:36	019004	G523099267HLR	L523	S		446.7583	1.0233	10.0000	100.1175	40.3333	0.8230	0.8277	5.0000	20.1320	508.0701	95.1843	9.8409	23.8000	0.9300	0.9280	0.6503	-0.0001	508.0000	507.3126	1.0339	7.3137	100.0019	41.5420	0.8230	0.8237	5.0000	-9999.0000	-9999.0000	-9999.0000	-9999.0000	-9999.0000	-9999.0000	20.4222	4	0	25.6632	1.0000	04	3	-9999.0000	24928	61994	-9999	2476	2379	-9999	330.1085	5	0.6497	0.6503	-0.0001	54.9558	0.8081	488.1923	277.0567	38.1133	456.9206	94.6571	482.4878	94.0420	487.6673	93.8882	491.6239	94.3715	
24/08/2017	00:12:38	019004	G523099272HLR	L523	S		442.7430	1.0233	10.0000	99.8911	40.2644	0.8230	0.8276	5.0000	20.7025	508.0317	95.0525	12.9517	23.8000	0.9300	0.9282	0.6503	-0.0001	508.0000	508.6620	1.0339	7.1860	100.0588	41.5260	0.8230	0.8237	5.0000	-9999.0000	-9999.0000	-9999.0000	-9999.0000	-9999.0000	-9999.0000	20.5930	5	0	602.0373	1.0000	04	3	-9999.0000	24929	61995	-9999	2477	2380	-9999	329.9741	5	0.6495	0.6503	-0.0001	51.6814	1.0996	481.0373	275.4445	41.3864	452.4049	95.3600	476.0932	95.0305	480.5391	94.8548	484.4707	94.6351	
24/08/2017	00:13:02	019004	G523099274HLR	L523	S		437.7055	1.0233	10.0000	100.0609	40.2910	0.8230	0.8276	5.0000	20.1418	508.0338	95.0305	15.5418	23.7000	0.9300	0.9282	0.6503	-0.0001	508.0000	507.2618	1.0339	7.3185	100.1001	41.5631	0.8230	0.8238	5.0000	-9999.0000	-9999.0000	-9999.0000	-9999.0000	-9999.0000	-9999.0000	19.9831	6	0	24.6834	1.0000	04	3	-9999.0000	24930	61996	-9999	2478	2381	-9999	329.8947	5	0.6497	0.6503	-0.0001	52.7973	1.0368	475.4329	279.0687	39.4972	448.3463	95.8433	470.4854	95.2502	474.9290	95.1184	478.5482	94.9646	
24/08/2017	00:13:28	019004	G523099284HLR	L523	S		453.2593	1.0233	10.0000	99.9880	40.3288	0.8230	0.8277	5.0000	20.0423	508.0786	94.9866	8.7012	23.7000	0.9300	0.9279	0.6503	-0.0001	508.0000	505.9991	1.0339	7.3711	99.9991	40.5090	0.8230	0.8234	5.0000	-9999.0000	-9999.0000	-9999.0000	-9999.0000	-9999.0000	-9999.0000	20.8323	7	0	25.5820	1.0000	04	3	-9999.0000	24931	61997	-9999	2479	2381	-9999	330.1608	5	0.6500	0.6503	-0.0001	39.3880	2.0761	494.2673	289.2225	38.2231	462.7753	95.6895	489.1379	95.2282	493.9005	95.1403	497.0906	95.0085	
24/08/2017	00:13:52	019004	G523099289HLR	L523	S		442.4499	1.0233	10.0000	100.0899	40.3548	0.8230	0.8275	5.0000	21.1820	508.0467	95.1184	13.6715	23.8000	0.9300	0.9281	0.6489	0.0001	508.0000	508.4799	1.0339	7.2033	100.0183	40.3221	0.8230	0.8233	5.0000	-9999.0000	-9999.0000	-9999.0000	-9999.0000	-9999.0000	-9999.0000	22.2525	8	0	23.9129	1.0000	04	3	-9999.0000	24932	61998	-9999	2480	2382	-9999	330.2764	5	0.6502	0.6489	0.0001	40.0335	2.0387	479.7159	280.0044	39.2555	452.5335	95.4698	474.5089	95.0305	479.1364	94.6571	482.8673	94.4813	
24/08/2017	00:14:15	019004	G523099290HLR	L523	S		447.0997	1.0233	10.0000	99.9777	40.3499	0.8230	0.8277	5.0000	20.0130	508.0714	94.8767	9.1202	23.7000	0.9300	0.9280	0.6493	0.0001	508.0000	506.1246	1.0339	7.3802	100.0219	40.2963	0.8230	0.8236	5.0000	-9999.0000	-9999.0000	-9999.0000	-9999.0000	-9999.0000	-9999.0000	20.4818	1	0	23.5025	1.0000	04	3	-9999.0000	24933	61999	-9999	2481	2383	-9999	330.2087	5	0.6503	0.6493	0.0001	39.8687	2.0386	492.0269	293.8148	39.6949	462.7384	95.8213	486.6877	95.3161	491.5122	95.1843	494.9668	95.0085	
24/08/2017	00:14:40	019004	G523099287HLR	L523	S		449.6410	1.0233	10.0000	99.9749	40.3632	0.8230	0.8278	5.0000	19.9925	508.0341	94.9207	9.9817	24.4000	0.9300	0.9281	0.6505	-0.0000	508.0000	505.7055	1.0339	7.3500	99.9427	40.2486	0.8230	0.8237	5.0000	-9999.0000	-9999.0000	-9999.0000	-9999.0000	-9999.0000	-9999.0000	19.9719	2	0	24.7733	1.0000	04	3	-9999.0000	24934	62000	-9999	2482	2384	-9999	330.5168	5	0.6504	0.6505	-0.0000	46.3493	1.4519	488.9367	230.7880	37.1906	461.3815	94.6351	483.9360	94.5472	488.6416	94.2836	491.9453	94.5253	
24/08/2017	00:15:29	019004	G523099304HLR	L523	S		445.0656	1.0233	10.0000	99.8942	39.8461	0.8230	0.8279	5.0000	20.5228	508.0457	94.8987	9.6603	23.7000	0.9300	0.9273	0.6534	-0.0002	508.0000	507.5083	1.0339	7.2952	100.0391	40.3010	0.8230	0.8236	5.0000	-9999.0000	-9999.0000	-9999.0000	-9999.0000	-9999.0000	-9999.0000	21.0229	4	0	24.8533	1.0000	04	3	-9999.0000	24935	62001	-9999	2484	2385	-9999	331.0124	5	0.6507	0.6534	-0.0002	35.9321	2.1915	487.9029	276.4771	38.7723	459.9729	94.7230	481.6218	94.4154	487.0825	94.4813	492.0925	94.5033	
24/08/2017	00:15:53	019004	G523099303HLR	L523	S		446.7783	1.0233	10.0000	99.9303	40.0533	0.8230	0.8283	5.0000	20.2824	508.0324	94.9646	11.8011	23.8000	0.9300	0.9279	0.6541	-0.0002	508.0000	508.4852	1.0339	7.2027	100.0675	40.1776	0.8230	0.8237	5.0000	-9999.0000	-9999.0000	-9999.0000	-9999.0000	-9999.0000	-9999.0000	21.0923	5	0	23.9824	1.0000	04	3	-9999.0000	24936	62002	-9999	2485	2386	-9999	330.9123	5	0.6509	0.6541	-0.0002	36.6867	2.1577	482.3982	286.2291	41.8477	456.2518	94.8328	477.2684	94.5692	481.8129	94.5033	485.7390	94.4594	
24/08/2017	00:16:18	019004	G523099301HLR	L523	S		445.3753	1.0233	10.0000	99.9263	40.1591	0.8230	0.8281	5.0000	20.0519	508.0427	94.7669	12.7612	23.8000	0.9300	0.9279	0.6548	-0.0003	508.0000	508.4219	1.0339	7.2087	100.1115	40.2044	0.8230	0.8238	5.0000	-9999.0000	-9999.0000	-9999.0000	-9999.0000	-9999.0000	-9999.0000	20.6722	6	0	25.1834	1.0000	04	3	-9999.0000	24937	62003	-9999	2486	2387	-9999	330.8533	5	0.6512	0.6548	-0.0003	35.4875	2.2483	480.8337	283.9817	42.2211	453.9781	95.4259	475.9805	95.2062	480.2363	95.2062	484.4917	94.9646	
24/08/2017	00:16:48	019004	G523099299HLR	L523	S		447.8796	1.0233	10.0000	99.9776	40.0926	0.8230	0.8275	5.0000	20.0812	508.0409	94.6790	12.3022	23.7000	0.9300	0.9278	0.6548	-0.0003	508.0000	510.1000	1.0339	7.0500	100.0022	40.2222	0.8230	0.8238	5.0000	-9999.0000	-9999.0000	-9999.0000	-9999.0000	-9999.0000	-9999.0000	21.1116	7	0	29.2727	1.0000	04	3	-9999.0000	24938	62004	-9999	2487	2388	-9999	330.9209	5	0.6512	0.6548	-0.0003	35.4875	2.2483	483.8653	272.8429	40.4418	455.6539	95.7774	478.1505	95.4259	483.3590	95.3380	486.9154	95.0305	
24/08/2017	00:17:14	019004	G523099298HLR	L523	S		446.0058	1.0233	10.0000	99.8319	39.9761	0.8230	0.8274	5.0000	20.0023	508.0489	94.6790	12.8520	23.7000	0.9300	0.9278	0.6554	-0.0003	508.0000	508.4053	1.0339	7.2103	100.0307	40.2564	0.8230	0.8239	5.0000	-9999.0000	-9999.0000	-9999.0000	-9999.0000	-9999.0000	-9999.0000	20.9828	8	0	26.1934	1.0000	04	3	-9999.0000	24939	62005	-9999	2488	2389	-9999	330.7695	5	0.6514	0.6554	-0.0003	32.6309	2.6049	479.4599	272.0483	40.8152	454.5269	95.4698	474.5202	95.1403	479.1060	95.0744	482.9662	94.9426	
24/08/2017	00:17:38	019004	G523099300HLR	L523	S		445.3007	1.0233	10.0000	100.1693	39.9487	0.8230	0.8276	5.0000	20.0618	508.0764	94.7449	10.7405	23.7000	0.9300	0.9278	0.6590	-0.0007	508.0000	508.6545	1.0339	7.1867	100.0156	40.3028	0.8230	0.8236	5.0000	-9999.0000	-9999.0000	-9999.0000	-9999.0000	-9999.0000	-9999.0000	22.6030	1	0	24.2625	1.0000	04	3	-9999.0000	24940	62006	-9999	2489	2390	-9999	330.9347	5	0.6514	0.6590	-0.0007	37.0827	2.1481	483.3437	275.7854	40.7933	454.7520	95.3600	477.1846	95.0525	482.7858	95.0085	487.6391	94.8987	
24/08/2017	00:18:03	019004	G523099315HLR	L523	S		444.4963	1.0233	10.0000	100.0919	39.9810	0.8230	0.8278	5.0000	20.0227	508.0510	94.9426	13.0610	23.7000	0.9300	0.9279	0.6566	-0.0005	508.0000	508.9441	1.0339	7.1593	100.0517	40.3327	0.8230	0.8240	5.0000	-9999.0000	-9999.0000	-9999.0000	-9999.0000	-9999.0000	-9999.0000	20.2327	2	0	24.9432	1.0000	04	3	-9999.0000	24941	62007	-9999	2490	2391	-9999	330.4476	5	0.6511	0.6566	-0.0005	40.5225	1.8645	478.3700	275.7067	41.4083	451.3239	95.4479	472.2641	95.0964	477.7797	95.0085	481.6034	94.7010	
24/08/2017	00:18:28	019004	G523099306HLR	L523	S		434.4241	1.0233	10.0000	100.2364	40.0512	0.8230	0.8278	5.0000	20.1916	508.0545	95.0964	17.5821	23.7000	0.9300	0.9281	0.6588	-0.0007	508.0000	505.8032	1.0339	7.3570	99.9921	40.3475	0.8230	0.8239	5.0000	-9999.0000	-9999.0000	-9999.0000	-9999.0000	-9999.0000	-9999.0000	21.3227	3	0	25.1327	1.0000	04	3	-9999.0000	24942	62008	-9999	2491	2392	-9999	328.6269	5	0.6509	0.6588	-0.0007	37.4913	2.0725	463.4748	282.8416	41.8697	440.2638	95.6017	458.3466	95.3161	463.1081	95.2941	467.2273	95.0305	
24/08/2017	00:18:53	019004	G523099313HLR	L523	S		442.0245	1.0233	10.0000	100.0771	40.0768	0.8230	0.8277	5.0000	20.1722	508.0471	94.7889	12.7915	23.6000	0.9300	0.9279	0.6574	-0.0005	508.0000	508.0176	1.0339	7.2470	100.0541	40.3589	0.8230	0.8238	5.0000	-9999.0000	-9999.0000	-9999.0000	-9999.0000	-9999.0000	-9999.0000	21.8520	4	0	24.6024	1.0000	04	3	-9999.0000	24943	62009	-9999	2492	2393	-9999	330.4919	5	0.6511	0.6574	-0.0005	31.5187	2.4751	478.1167	285.1534	39.5411	451.6493	95.8213	473.1079	95.2721	477.6106	95.1403	481.3773	94.9866	
24/08/2017	00:19:16	019004	G523099582HLR	L523	S		441.6414	1.0233	10.0000	100.0327	40.0701	0.8230	0.8276	5.0000	20.3724	508.0711	94.7889	12.6108	23.7000	0.9300	0.9279	0.6575	-0.0006	508.0000	508.1211	1.0339	7.2372	100.0961	40.3868	0.8230	0.8239	5.0000	-9999.0000	-9999.0000	-9999.0000	-9999.0000	-9999.0000	-9999.0000	20.9027	5	0	23.4831	1.0000	04	3	-9999.0000	24944	62010	-9999	2493	2394	-9999	330.4952	5	0.6512	0.6575	-0.0006	42.6527	1.6400	479.4304	276.4486	42.0674	452.3602	95.8213	472.6396	95.2502	478.9129	95.1184	482.2861	94.9646	
24/08/2017	00:19:40	019004	G523099571HLR	L523	S		448.4035	1.0233	10.0000	100.0508	39.9921	0.8230	0.8277	5.0000	19.8518	508.0655	94.8108	10.7307	23.7000	0.9300	0.9280	0.6593	-0.0007	508.0000	509.9130	1.0339	7.0677	99.9912	40.4611	0.8230	0.8241	5.0000	-9999.0000	-9999.0000	-9999.0000	-9999.0000	-9999.0000	-9999.0000	20.1802	6	0	23.5722	1.0000	04	3	-9999.0000	24945	62011	-9999	2494	2395	-9999	331.0389	5	0.6508	0.6593	-0.0007	50.6518	1.0109	484.4453	288.3970	42.2431	454.5789	95.4479	478.3166	95.0964	484.0290	95.0744	487.6824	94.9426	
24/08/2017	00:20:04	019004	G523099581HLR	L523	S		443.9940	1.0233	10.0000	100.2317	39.9804	0.8230	0.8278	5.0000	20.1524	508.0531	94.9207	12.4115	23.7000	0.9300	0.9280	0.6561	-0.0004	508.0000	506.9454	1.0339	7.3484	100.0289	40.4789	0.8230	0.8240	5.0000	-9999.0000	-9999.0000	-9999.0000	-9999.0000	-9999.0000	-9999.0000	20.2122	7	0	24.1832	1.0000	04	3	-9999.0000	24946	62012	-9999	2495	2396	-9999	330.5954	5	0.6509	0.6561	-0.0004	46.6595	1.3365	480.6464	282.2658	41.1667	453.5793	95.4259	474.5226	95.0744	480.0131	95.0305	483.8436	94.7010	
24/08/2017	00:20:29	019004	G523099570HLR	L523	S		445.6635	1.0233	10.0000	100.1117	40.0512	0.8230	0.8278	5.0000	20.1819	508.0301	94.8987	9.5909	23.7000	0.9300	0.9280	0.6553	-0.0004	508.0000	507.3896	1.0339	7.3064	100.0488	40.5196	0.8230	0.8240	5.0000	-9999.0000	-9999.0000	-9999.0000	-9999.0000	-9999.0000	-9999.0000	20.8821	8	0	24.6825	1.0000	04	3	-9999.0000	24947	62013	-9999	2496	2397	-9999	331.1025	5	0.6507	0.6553	-0.0004	46.0270	1.4040	489.1824	285.5226	40.8811	460.4990	95.3600	483.4526	95.0964	488.4736	95.1184	492.4619	94.9646	
24/08/2017	00:20:52	019004	G523099569HLR	L523	S		449.0296	1.0233	10.0000	99.8763	40.1051	0.8230	0.8278	5.0000	19.8821	508.0575	94.9646	9.7814	23.7000	0.9300	0.9280	0.6525	-0.0002	508.0000	508.5220	1.0339	7.1993	100.0206	40.5641	0.8230	0.8240	5.0000	-9999.0000	-9999.0000	-9999.0000	-9999.0000	-9999.0000	-9999.0000	20.5214	1	0	23.4628	1.0000	04	3	-9999.0000	24948	62014	-9999	2497	2398	-9999	330.7890	5	0.6504	0.6525	-0.0002	49.6354	1.1666	489.5327	291.9375	41.1667	460.8034	95.4479	484.0071	95.0525	489.0237	94.8328	492.4449	94.5912	
24/08/2017	00:21:16	019004	G523099976HLR	L523	S		447.1967	1.0233	10.0000	99.9744	40.0862	0.8230	0.8276	5.0000	20.0406	508.0477	94.9207	11.2112	23.7000	0.9300	0.9281	0.6524	-0.0002	508.0000	508.6778	1.0339	7.1845	99.9883	40.6259	0.8230	0.8240	5.0000	-9999.0000	-9999.0000	-9999.0000	-9999.0000	-9999.0000	-9999.0000	20.1624	2	0	24.2827	1.0000	04	3	-9999.0000	24949	62015	-9999	2498	2399	-9999	330.6343	5	0.6501	0.6524	-0.0002	46.7705	1.3724	485.3032	284.6430	41.7598	460.5241	95.1843	479.0255	95.0085	484.7530	94.9866	488.3302	94.6351	
24/08/2017	00:21:43	019004	G523099574HLR	L523	S		442.1073	1.0233	10.0000	100.0083	40.0322	0.8230	0.8276	5.0000	20.1419	508.0380	94.8548	10.4113	23.7000	0.9300	0.9281	0.6509	-0.0001	508.0000	507.0852	1.0339	7.3352	100.0519	40.6275	0.8230	0.8240	5.0000	-9999.0000	-9999.0000	-9999.0000	-9999.0000	-9999.0000	-9999.0000	20.4622	3	0	26.7227	1.0000	04	3	-9999.0000	24950	62016	-9999	2499	2400	-9999	330.4356	5	0.6502	0.6509	-0.0001	47.2718	1.3375	487.6785	280.6464	41.3205	461.1683	95.4698	481.5311	95.2721	487.1838	95.2062	491.1552	94.9646	
24/08/2017	00:22:03	019004	error reading	L523	S		0.0000	0.0000	0.0000	0.0000	0.0000	0.8230	0.0000	0.0000	0.0000	0.0000	0.0000	0.0000	0.0000	0.9300	0.0000	0.0000	0.0000	0.0000	0.0000	0.0000	0.0000	0.0000	0.0000	0.8230	0.0000	0.0000	0.0000	0.0000	0.0000	0.0000	0.0000	0.0000	0.0000	0	28	26.7227	1.0000	04	3	0.0000	0	0	0	0	0	0	0.0000	0	0.0000	0.0000	0.0000	0.0000	0.0000	0.0000	0.0000	0.0000	0.0000	0.0000	0.0000	0.0000	0.0000	0.0000	0.0000	0.0000	
24/08/2017	00:22:20	019004	G523099583HLR	L523	S		444.2854	1.0233	10.0000	100.1095	40.0476	0.8230	0.8277	5.0000	19.9718	508.0475	95.0525	12.7514	23.7000	0.9300	0.9281	0.6528	-0.0002	508.0000	507.6082	1.0339	7.2857	99.9251	40.6132	0.8230	0.8236	5.0000	-9999.0000	-9999.0000	-9999.0000	-9999.0000	-9999.0000	-9999.0000	23.4528	4	0	36.9045	1.0000	04	3	-9999.0000	24951	62017	-9999	2500	2401	-9999	330.4523	5	0.6504	0.6528	-0.0002	48.9886	1.2264	481.1377	294.6037	42.7703	457.0611	95.3600	475.9942	95.0305	480.6840	94.9207	483.7841	94.6571	
24/08/2017	00:22:44	019004	G523099576HLR	L523	S		445.0165	1.0233	10.0000	100.1688	40.0523	0.8230	0.8277	5.0000	20.2618	508.0363	94.8767	10.3508	23.7000	0.9300	0.9280	0.6516	-0.0001	508.0000	507.8374	1.0339	7.2640	100.0632	40.6666	0.8230	0.8240	5.0000	-9999.0000	-9999.0000	-9999.0000	-9999.0000	-9999.0000	-9999.0000	20.5522	5	0	23.4822	1.0000	04	3	-9999.0000	24952	62018	-9999	2501	2402	-9999	330.5408	5	0.6506	0.6516	-0.0001	47.9608	1.3126	488.2784	283.0536	40.8152	460.2013	95.4259	482.5422	95.2721	487.8286	95.1843	491.8503	94.9866	
24/08/2017	00:23:07	019004	G523099585HLR	L523	S		445.0422	1.0233	10.0000	100.0066	40.0607	0.8230	0.8277	5.0000	20.1527	508.0403	94.9426	12.3012	23.7000	0.9300	0.9281	0.6511	-0.0001	508.0000	507.3279	1.0339	7.3122	99.9564	40.8296	0.8230	0.8240	5.0000	-9999.0000	-9999.0000	-9999.0000	-9999.0000	-9999.0000	-9999.0000	20.2220	6	0	23.8630	1.0000	04	3	-9999.0000	24953	62019	-9999	2502	2403	-9999	330.3548	5	0.6505	0.6511	-0.0001	47.3481	1.3717	483.3533	287.3338	40.8592	457.1036	95.6676	478.5616	95.2062	483.0382	95.0305	486.2867	94.6571	
24/08/2017	00:23:32	019004	G523099957HLR	L523	S		447.8524	1.0233	10.0000	100.0454	40.0512	0.8230	0.8277	5.0000	19.9924	508.0414	94.8987	10.5012	23.7000	0.9300	0.9281	0.6530	-0.0002	508.0000	508.7255	1.0339	7.1800	100.0507	40.7467	0.8230	0.8240	5.0000	-9999.0000	-9999.0000	-9999.0000	-9999.0000	-9999.0000	-9999.0000	20.2523	7	0	24.2225	1.0000	04	3	-9999.0000	24954	62020	-9999	2503	2404	-9999	330.7233	5	0.6506	0.6530	-0.0002	48.1942	1.3145	488.0109	277.7439	40.1342	456.6169	95.5577	481.8018	95.2502	487.4982	95.1843	490.9744	94.9866	
24/08/2017	00:23:56	019004	G523099958HLR	L523	S		440.2705	1.0233	10.0000	100.1731	40.0512	0.8230	0.8276	5.0000	20.5921	508.0354	94.9207	11.9818	23.7000	0.9300	0.9281	0.6528	-0.0002	508.0000	508.3282	1.0339	7.2176	100.1040	40.7655	0.8230	0.8239	5.0000	-9999.0000	-9999.0000	-9999.0000	-9999.0000	-9999.0000	-9999.0000	20.9223	8	0	24.2431	1.0000	04	3	-9999.0000	24955	62021	-9999	2504	2405	-9999	330.6564	5	0.6508	0.6528	-0.0002	48.1564	1.3111	483.1048	275.5282	38.9480	451.6719	95.6456	477.3346	95.0964	482.5184	95.0085	486.3708	94.6790	
24/08/2017	00:24:20	019004	G523099975HLR	L523	S		441.0781	1.0233	10.0000	100.0640	40.0850	0.8230	0.8277	5.0000	20.0120	508.0252	94.7889	11.7113	23.8000	0.9300	0.9281	0.6519	-0.0001	508.0000	507.9165	1.0339	7.2565	100.0829	40.7741	0.8230	0.8240	5.0000	-9999.0000	-9999.0000	-9999.0000	-9999.0000	-9999.0000	-9999.0000	20.6330	1	0	23.9625	1.0000	04	3	-9999.0000	24956	62022	-9999	2505	2405	-9999	330.6683	5	0.6509	0.6519	-0.0001	50.2147	1.1396	483.9986	269.0070	39.8487	452.9886	95.4039	477.6043	95.2502	483.4309	95.3380	487.4563	95.0085	
24/08/2017	00:24:44	019004	G523099965HLR	L523	S		446.6177	1.0233	10.0000	100.0722	40.1292	0.8230	0.8277	5.0000	20.1526	508.0537	94.8108	11.2317	23.7000	0.9300	0.9281	0.6512	-0.0000	508.0000	508.6922	1.0339	7.1832	100.0265	40.8214	0.8230	0.8239	5.0000	-9999.0000	-9999.0000	-9999.0000	-9999.0000	-9999.0000	-9999.0000	20.6526	2	0	23.8328	1.0000	04	3	-9999.0000	24957	62023	-9999	2506	2406	-9999	330.7515	5	0.6510	0.6512	-0.0000	55.1835	0.6370	486.6925	285.8776	40.7274	458.4092	95.7554	480.8689	95.3380	486.2476	95.2502	489.5234	94.9426	
24/08/2017	00:25:11	019004	G523099984HLR	L523	S		443.8285	1.0233	10.0000	99.9906	39.9775	0.8230	0.8275	5.0000	20.1917	508.0645	94.8108	12.2612	23.7000	0.9300	0.9280	0.6499	0.0001	508.0000	508.2007	1.0339	7.2297	99.9957	40.8376	0.8230	0.8240	5.0000	-9999.0000	-9999.0000	-9999.0000	-9999.0000	-9999.0000	-9999.0000	20.0824	3	0	27.4732	1.0000	04	3	-9999.0000	24958	62024	-9999	2507	2407	-9999	330.8023	5	0.6509	0.6499	0.0001	54.5153	0.6635	484.6182	293.1738	40.0464	457.1043	95.4039	479.0617	95.1184	484.1686	95.1184	487.7970	94.9207	
24/08/2017	00:25:36	019004	G523099964HLR	L523	S		445.7599	1.0233	10.0000	100.0048	40.0040	0.8230	0.8277	5.0000	20.1722	508.0297	94.7230	11.3509	23.6000	0.9300	0.9280	0.6509	0.0000	508.0000	509.6026	1.0339	7.0971	100.0300	40.7794	0.8230	0.8235	5.0000	-9999.0000	-9999.0000	-9999.0000	-9999.0000	-9999.0000	-9999.0000	24.1931	4	0	25.3921	1.0000	04	3	-9999.0000	24959	62025	-9999	2508	2408	-9999	330.7603	5	0.6510	0.6509	0.0000	55.9781	0.5586	486.8408	276.8324	39.4313	458.3176	95.4918	481.3911	95.2062	486.3394	95.2282	489.7584	95.0305	
24/08/2017	00:26:01	019004	G523099982HLR	L523	S		445.4816	1.0233	10.0000	99.9929	40.0609	0.8230	0.8278	5.0000	20.6028	508.0619	94.8108	11.1409	23.7000	0.9300	0.9280	0.6519	-0.0001	508.0000	507.8346	1.0339	7.2643	99.9457	40.8582	0.8230	0.8239	5.0000	-9999.0000	-9999.0000	-9999.0000	-9999.0000	-9999.0000	-9999.0000	20.8431	5	0	24.6229	1.0000	04	3	-9999.0000	24960	62026	-9999	2509	2409	-9999	330.7402	5	0.6509	0.6519	-0.0001	50.5995	1.1278	486.7909	279.4119	40.3539	457.8723	95.4479	480.2318	95.0525	486.3819	95.0085	490.8277	94.8548	
24/08/2017	00:26:25	019004	G523099992HLR	L523	S		447.4750	1.0233	10.0000	99.9819	40.1538	0.8230	0.8277	5.0000	20.2620	508.0670	94.7889	11.2718	23.7000	0.9300	0.9280	0.6519	-0.0001	508.0000	509.2613	1.0339	7.1293	100.0821	40.8804	0.8230	0.8239	5.0000	-9999.0000	-9999.0000	-9999.0000	-9999.0000	-9999.0000	-9999.0000	21.3324	6	0	24.0526	1.0000	04	3	-9999.0000	24961	62027	-9999	2510	2410	-9999	330.7276	5	0.6507	0.6519	-0.0001	52.0326	0.9479	485.8159	276.6882	41.0129	456.6552	95.2721	480.0632	95.0525	485.3536	95.0525	489.1730	94.8987	
24/08/2017	00:26:49	019004	G523099991HLR	L523	S		446.4821	1.0233	10.0000	100.0139	40.1464	0.8230	0.8277	5.0000	20.0617	508.0576	94.7889	11.5511	23.6000	0.9300	0.9280	0.6519	-0.0001	508.0000	506.7532	1.0339	7.3666	99.9537	40.8924	0.8230	0.8239	5.0000	-9999.0000	-9999.0000	-9999.0000	-9999.0000	-9999.0000	-9999.0000	20.5932	7	0	23.6832	1.0000	04	3	-9999.0000	24962	62028	-9999	2511	2411	-9999	330.7031	5	0.6507	0.6519	-0.0001	56.0593	0.6483	485.1473	281.1132	39.6510	457.6795	95.2941	479.6899	95.0525	484.8465	95.0085	488.4336	94.8548	
24/08/2017	00:27:13	019004	G523099979HLR	L523	S		443.3740	1.0233	10.0000	99.9585	40.1014	0.8230	0.8276	5.0000	20.0325	508.0645	94.9646	13.3618	23.7000	0.9300	0.9281	0.6519	-0.0001	508.0000	509.4931	1.0339	7.1074	100.0581	40.9254	0.8230	0.8240	5.0000	-9999.0000	-9999.0000	-9999.0000	-9999.0000	-9999.0000	-9999.0000	20.3518	8	0	23.9725	1.0000	04	3	-9999.0000	24963	62029	-9999	2512	2412	-9999	330.6369	5	0.6507	0.6519	-0.0001	56.6655	0.6283	479.4764	286.0141	39.2995	453.1639	94.9866	474.1933	94.8767	479.0904	94.9207	483.4374	94.8548	
24/08/2017	00:27:36	019004	G523099981HLR	L523	S		442.0074	1.0233	10.0000	99.8921	40.1057	0.8230	0.8277	5.0000	20.0326	508.0426	94.7449	11.0305	23.7000	0.9300	0.9280	0.6519	-0.0001	508.0000	507.7117	1.0339	7.2759	99.9363	40.9375	0.8230	0.8240	5.0000	-9999.0000	-9999.0000	-9999.0000	-9999.0000	-9999.0000	-9999.0000	20.5522	1	0	23.5425	1.0000	04	3	-9999.0000	24964	62030	-9999	2513	2413	-9999	330.7143	5	0.6506	0.6519	-0.0001	52.5321	0.9358	486.0661	278.8795	40.2001	456.2742	95.4039	479.9613	95.0085	485.6807	95.0305	489.1705	94.9426	
24/08/2017	00:27:56	019004	error reading	L523	S		0.0000	0.0000	0.0000	0.0000	0.0000	0.8230	0.0000	0.0000	0.0000	0.0000	0.0000	0.0000	0.0000	0.9300	0.0000	0.0000	0.0000	0.0000	0.0000	0.0000	0.0000	0.0000	0.0000	0.8230	0.0000	0.0000	0.0000	0.0000	0.0000	0.0000	0.0000	0.0000	0.0000	0	28	23.5425	1.0000	04	3	0.0000	0	0	0	0	0	0	0.0000	0	0.0000	0.0000	0.0000	0.0000	0.0000	0.0000	0.0000	0.0000	0.0000	0.0000	0.0000	0.0000	0.0000	0.0000	0.0000	0.0000	
24/08/2017	00:29:45	019004	G523099990HLR	L523	S		447.2767	1.0233	10.0000	100.0611	40.0570	0.8230	0.8276	5.0000	20.0617	508.0342	94.7230	11.4808	23.7000	0.9300	0.9281	0.6519	-0.0001	508.0000	509.0314	1.0339	7.1511	100.1143	40.9641	0.8230	0.8240	5.0000	-9999.0000	-9999.0000	-9999.0000	-9999.0000	-9999.0000	-9999.0000	20.2523	2	0	128.7742	1.0000	04	3	-9999.0000	24965	62031	-9999	2514	2414	-9999	330.6865	5	0.6505	0.6519	-0.0001	46.7579	1.4410	485.6204	276.3268	38.2890	454.6520	95.6895	481.0623	95.1843	485.1289	95.0744	489.1017	94.7669	
24/08/2017	00:30:10	019004	G523099952HLR	L523	S		444.5007	1.0233	10.0000	99.9109	40.0512	0.8230	0.8277	5.0000	20.1125	508.0615	94.6790	11.9007	23.7000	0.9300	0.9281	0.6519	-0.0001	508.0000	508.9766	1.0339	7.1563	99.9800	40.9743	0.8230	0.8240	5.0000	-9999.0000	-9999.0000	-9999.0000	-9999.0000	-9999.0000	-9999.0000	20.4827	3	0	24.6134	1.0000	04	3	-9999.0000	24966	62032	-9999	2515	2415	-9999	330.6892	5	0.6506	0.6519	-0.0001	42.9864	1.7239	483.5142	280.1417	38.5087	453.3715	95.3600	477.8880	95.1403	483.0432	95.1623	487.0347	94.9426	
24/08/2017	00:30:34	019004	G523099953HLR	L523	S		444.6760	1.0233	10.0000	99.9745	40.0670	0.8230	0.8278	5.0000	20.1818	508.0353	94.7889	10.1213	23.6000	0.9300	0.9280	0.6532	-0.0002	508.0000	507.7034	1.0339	7.2767	99.9828	41.2312	0.8230	0.8238	5.0000	-9999.0000	-9999.0000	-9999.0000	-9999.0000	-9999.0000	-9999.0000	20.0128	4	0	24.6324	1.0000	04	3	-9999.0000	24967	62033	-9999	2516	2416	-9999	330.6361	5	0.6504	0.6532	-0.0002	41.6733	1.8377	487.4321	278.4371	38.9260	454.3586	95.3820	481.6393	95.1403	486.9015	95.0525	491.8448	94.9207	
24/08/2017	00:30:59	019004	G523099950HLR	L523	S		445.0690	1.0233	10.0000	99.9404	40.0916	0.8230	0.8278	5.0000	20.0921	508.0439	94.8767	11.8012	23.7000	0.9300	0.9280	0.6574	-0.0006	508.0000	509.2136	1.0339	7.1338	100.0153	41.0996	0.8230	0.8238	5.0000	-9999.0000	-9999.0000	-9999.0000	-9999.0000	-9999.0000	-9999.0000	20.4924	5	0	24.9629	1.0000	04	3	-9999.0000	24968	62034	-9999	2517	2417	-9999	330.4980	5	0.6505	0.6574	-0.0006	45.8414	1.5505	481.1133	272.8925	37.7618	448.7163	95.4698	474.9943	94.9646	480.5748	94.8328	484.7768	94.5912	
24/08/2017	00:31:23	019004	G523099951HLR	L523	S		441.6567	1.0233	10.0000	100.0075	40.1243	0.8230	0.8277	5.0000	20.1516	508.0522	94.9646	13.4820	23.7000	0.9300	0.9281	0.6568	-0.0005	508.0000	507.0982	1.0339	7.3340	100.0226	41.0157	0.8230	0.8237	5.0000	-9999.0000	-9999.0000	-9999.0000	-9999.0000	-9999.0000	-9999.0000	21.0522	6	0	23.7527	1.0000	04	3	-9999.0000	24969	62035	-9999	2518	2418	-9999	329.9862	5	0.6505	0.6568	-0.0005	44.8825	1.5829	476.7814	276.4767	38.3549	446.8703	95.6017	470.9808	95.2941	476.1435	95.2721	480.0541	94.9426	
24/08/2017	00:31:47	019004	G523099960HLR	L523	S		442.3900	1.0233	10.0000	99.9578	40.0914	0.8230	0.8277	5.0000	20.3128	508.0530	94.7230	13.0112	24.0000	0.9300	0.9287	0.6572	-0.0006	508.0000	506.3219	1.0339	7.3944	100.0943	40.9743	0.8230	0.8238	5.0000	-9999.0000	-9999.0000	-9999.0000	-9999.0000	-9999.0000	-9999.0000	20.1419	7	0	23.8922	1.0000	04	3	-9999.0000	24970	62036	-9999	2519	2419	-9999	330.0232	5	0.6503	0.6572	-0.0006	42.0770	1.8008	477.0340	249.1531	38.3769	446.4927	94.9646	470.6545	94.9207	476.4074	95.0305	480.9836	94.9646	
24/08/2017	00:32:11	019004	G523100041HLR	L523	S		444.9513	1.0233	10.0000	99.9857	40.0437	0.8230	0.8277	5.0000	20.5725	508.0362	94.7010	12.9917	23.8000	0.9300	0.9283	0.6575	-0.0006	508.0000	509.1879	1.0339	7.1363	99.9728	40.9160	0.8230	0.8237	5.0000	-9999.0000	-9999.0000	-9999.0000	-9999.0000	-9999.0000	-9999.0000	20.6420	8	0	24.1727	1.0000	04	3	-9999.0000	24971	62037	-9999	2520	2420	-9999	330.0003	5	0.6504	0.6575	-0.0006	51.7606	1.0091	478.2920	277.1861	38.2231	447.6622	95.5358	473.5853	94.9646	477.8311	94.8987	482.6492	94.8767	
24/08/2017	00:32:36	019004	G523100031HLR	L523	S		444.5793	1.0233	10.0000	100.0350	39.9429	0.8230	0.8277	5.0000	20.1926	508.0523	94.6790	13.3316	23.7000	0.9300	0.9281	0.6594	-0.0008	508.0000	509.1325	1.0339	7.1415	99.9710	40.8603	0.8230	0.8238	5.0000	-9999.0000	-9999.0000	-9999.0000	-9999.0000	-9999.0000	-9999.0000	20.5519	1	0	24.8437	1.0000	04	3	-9999.0000	24972	62038	-9999	2521	2421	-9999	329.6355	5	0.6502	0.6594	-0.0008	52.1066	0.9811	475.7951	272.4495	38.0034	444.1184	95.3380	470.3346	94.8987	475.3141	94.8987	479.8590	94.8987	
24/08/2017	00:33:05	019004	G523100032HLR	L523	S		444.1080	1.0233	10.0000	99.8967	39.9777	0.8230	0.8279	5.0000	20.3323	508.0447	94.7230	10.2111	23.7000	0.9300	0.9280	0.6558	-0.0005	508.0000	508.0936	1.0339	7.2398	100.0768	40.8294	0.8230	0.8237	5.0000	-9999.0000	-9999.0000	-9999.0000	-9999.0000	-9999.0000	-9999.0000	21.0825	2	0	28.7628	1.0000	04	3	-9999.0000	24973	62039	-9999	2522	2422	-9999	330.8244	5	0.6504	0.6558	-0.0005	51.2399	1.0497	486.6895	276.6435	39.4972	453.4270	95.2941	480.1573	95.0305	485.9742	94.9866	490.0879	94.9426	
24/08/2017	00:33:30	019004	G523100008HLR	L523	S		420.1132	1.0233	10.0000	99.9392	40.1538	0.8230	0.8281	5.0000	20.0315	508.0477	94.8987	12.3012	23.7000	0.9300	0.9280	0.6528	-0.0002	508.0000	508.5243	1.0339	7.1991	100.0549	40.8378	0.8230	0.8238	5.0000	-9999.0000	-9999.0000	-9999.0000	-9999.0000	-9999.0000	-9999.0000	20.6321	3	0	25.3428	1.0000	04	3	-9999.0000	24974	62040	-9999	2523	2423	-9999	330.4517	5	0.6505	0.6528	-0.0002	53.1862	0.8847	482.1433	278.2059	39.2116	437.9428	95.5358	476.7558	95.0964	481.6149	94.8987	485.1841	94.6131	
24/08/2017	00:33:57	019004	G523100014HLR	L523	S		443.8092	1.0233	10.0000	100.1422	40.1538	0.8230	0.8278	5.0000	19.9914	508.0275	94.8108	10.5803	23.7000	0.9300	0.9280	0.6559	-0.0005	508.0000	508.3889	1.0339	7.2119	100.1224	40.8752	0.8230	0.8238	5.0000	-9999.0000	-9999.0000	-9999.0000	-9999.0000	-9999.0000	-9999.0000	20.8724	4	0	27.3126	1.0000	04	3	-9999.0000	24975	62041	-9999	2524	2424	-9999	330.7446	5	0.6503	0.6559	-0.0005	55.6681	0.6946	485.4369	274.0869	39.2116	452.1184	95.4479	479.1259	95.1843	484.8305	95.0964	488.9247	94.9646	
24/08/2017	00:34:22	019004	G523100033HLR	L523	S		442.8508	1.0233	10.0000	99.9366	40.0908	0.8230	0.8276	5.0000	19.9924	508.0402	94.9646	13.1519	23.7000	0.9300	0.9281	0.6571	-0.0006	508.0000	508.9765	1.0339	7.1563	99.8939	40.8079	0.8230	0.8235	5.0000	-9999.0000	-9999.0000	-9999.0000	-9999.0000	-9999.0000	-9999.0000	23.6619	5	0	24.7430	1.0000	04	3	-9999.0000	24976	62042	-9999	2525	2425	-9999	329.8412	5	0.6498	0.6571	-0.0006	57.4084	0.5641	477.3343	277.1709	37.6519	446.2373	95.7554	471.7564	95.2282	476.8897	95.0964	480.9289	94.7010	
24/08/2017	00:34:46	019004	G523100002HLR	L523	S		436.0861	1.0233	10.0000	100.1566	40.0512	0.8230	0.8276	5.0000	20.0120	508.0466	95.1623	16.6826	23.7000	0.9300	0.9281	0.6571	-0.0006	508.0000	506.7148	1.0339	7.3702	100.0495	40.8609	0.8230	0.8240	5.0000	-9999.0000	-9999.0000	-9999.0000	-9999.0000	-9999.0000	-9999.0000	20.4720	6	0	24.2331	1.0000	04	3	-9999.0000	24977	62043	-9999	2526	2426	-9999	328.7990	5	0.6500	0.6571	-0.0006	60.4879	0.3110	468.3511	282.9578	40.3319	442.5127	95.9092	462.6273	95.6017	467.9100	95.5358	471.4670	95.0964	
24/08/2017	00:35:11	019004	G523100000HLR	L523	S		442.4664	1.0233	10.0000	100.1349	40.0512	0.8230	0.8277	5.0000	20.0629	508.0368	94.8548	13.6422	23.6000	0.9300	0.9279	0.6571	-0.0006	508.0000	509.7661	1.0339	7.0816	100.0337	40.8978	0.8230	0.8240	5.0000	-9999.0000	-9999.0000	-9999.0000	-9999.0000	-9999.0000	-9999.0000	20.5317	7	0	24.4422	1.0000	04	3	-9999.0000	24978	62044	-9999	2527	2427	-9999	329.6199	5	0.6499	0.6571	-0.0006	59.1721	0.4076	476.9289	287.1267	40.7713	448.3810	95.7774	471.7175	95.3380	476.4065	95.2502	480.3585	95.0305	
24/08/2017	00:35:36	019004	G523099998HLR	L523	S		442.2973	1.0233	10.0000	100.0699	40.1245	0.8230	0.8278	5.0000	19.9729	508.0550	94.7889	11.2913	23.6000	0.9300	0.9280	0.6592	-0.0008	508.0000	508.7038	1.0339	7.1821	99.9958	40.9070	0.8230	0.8239	5.0000	-9999.0000	-9999.0000	-9999.0000	-9999.0000	-9999.0000	-9999.0000	21.1527	8	0	24.8632	1.0000	04	3	-9999.0000	24979	62045	-9999	2528	2428	-9999	330.3336	5	0.6500	0.6592	-0.0008	60.9955	0.2740	481.6396	243.9051	39.5411	447.4432	95.6676	474.8396	95.2062	481.0110	95.0744	485.3241	94.9426	
24/08/2017	00:35:59	019004	G523099997HLR	L523	S		442.7350	1.0233	10.0000	100.1005	40.0711	0.8230	0.8277	5.0000	19.9515	508.0728	94.8767	13.0815	23.7000	0.9300	0.9280	0.6575	-0.0006	508.0000	508.6645	1.0339	7.1858	99.9922	40.9504	0.8230	0.8240	5.0000	-9999.0000	-9999.0000	-9999.0000	-9999.0000	-9999.0000	-9999.0000	20.6723	1	0	23.8522	1.0000	04	3	-9999.0000	24980	62046	-9999	2529	2429	-9999	329.8317	5	0.6498	0.6575	-0.0006	59.8947	0.3761	477.8548	273.4673	40.0683	444.6953	95.5358	471.6641	95.1623	477.3954	95.0744	481.3624	94.8328	
24/08/2017	00:36:23	019004	G523100035HLR	L523	S		443.1406	1.0233	10.0000	100.2108	40.0979	0.8230	0.8278	5.0000	19.9719	508.0430	94.7449	11.8314	23.7000	0.9300	0.9281	0.6537	-0.0003	508.0000	509.0920	1.0339	7.1453	100.1183	40.9743	0.8230	0.8240	5.0000	-9999.0000	-9999.0000	-9999.0000	-9999.0000	-9999.0000	-9999.0000	20.5824	2	0	23.9628	1.0000	04	3	-9999.0000	24980	62047	-9999	2530	2430	-9999	330.1818	5	0.6496	0.6537	-0.0003	54.3805	0.8490	483.3459	279.4373	40.1342	448.5279	95.5138	478.1879	95.2941	482.7749	95.2502	486.9385	95.0085	
24/08/2017	00:36:47	019004	G523100622HLR	L523	S		442.4160	1.0233	10.0000	99.9912	40.0619	0.8230	0.8277	5.0000	20.1819	508.0420	94.7889	10.5412	23.7000	0.9300	0.9280	0.6548	-0.0004	508.0000	508.2400	1.0339	7.2259	99.9004	40.9743	0.8230	0.8240	5.0000	-9999.0000	-9999.0000	-9999.0000	-9999.0000	-9999.0000	-9999.0000	20.3321	3	0	23.5934	1.0000	04	3	-9999.0000	24981	62048	-9999	2531	2431	-9999	330.4336	5	0.6493	0.6548	-0.0004	53.7735	0.9125	485.5275	281.8924	38.3110	449.7482	95.2941	479.6921	94.9207	484.9711	94.8767	489.4755	94.8328	
24/08/2017	00:37:12	019004	G523100623HLR	L523	S		442.5637	1.0233	10.0000	100.1786	40.0693	0.8230	0.8277	5.0000	20.0822	508.0611	95.0085	12.8316	23.7000	0.9300	0.9281	0.6625	-0.0011	508.0000	508.0314	1.0339	7.2457	99.9922	41.0036	0.8230	0.8240	5.0000	-9999.0000	-9999.0000	-9999.0000	-9999.0000	-9999.0000	-9999.0000	20.3118	4	0	24.7626	1.0000	04	3	-9999.0000	24982	62049	-9999	2532	2432	-9999	329.3406	5	0.6492	0.6625	-0.0011	55.2916	0.8199	474.0726	270.2479	37.4762	442.2747	95.3600	468.3195	94.8767	473.3813	94.7669	478.2465	94.5912	
24/08/2017	00:37:36	019004	G523100015HLR	L523	S		441.9279	1.0233	10.0000	100.1237	40.1233	0.8230	0.8277	5.0000	20.3616	508.0828	94.7449	11.4613	23.7000	0.9300	0.9281	0.6621	-0.0011	508.0000	507.7096	1.0339	7.2761	100.0081	41.0138	0.8230	0.8240	5.0000	-9999.0000	-9999.0000	-9999.0000	-9999.0000	-9999.0000	-9999.0000	20.7025	5	0	24.0026	1.0000	04	3	-9999.0000	24983	62050	-9999	2533	2433	-9999	330.1633	5	0.6489	0.6621	-0.0011	55.3243	0.8346	479.4905	273.9825	37.8716	447.0836	95.5358	473.5476	95.2062	478.9186	95.2282	483.6028	95.0305	
24/08/2017	00:38:00	019004	G523100006HLR	L523	S		443.2775	1.0233	10.0000	99.8887	40.1464	0.8230	0.8278	5.0000	19.9925	508.0569	94.8108	10.5315	23.7000	0.9300	0.9280	0.6619	-0.0011	508.0000	508.4794	1.0339	7.2033	99.9495	41.0468	0.8230	0.8240	5.0000	-9999.0000	-9999.0000	-9999.0000	-9999.0000	-9999.0000	-9999.0000	20.7326	6	0	24.3621	1.0000	04	3	-9999.0000	24984	62051	-9999	2534	2434	-9999	330.6017	5	0.6489	0.6619	-0.0011	55.3753	0.8566	483.0213	282.4432	39.1677	447.8770	95.6676	476.1178	95.2282	482.2758	95.1843	487.2780	94.9426	
24/08/2017	00:38:24	019004	G523100026HLR	L523	S		443.4659	1.0233	10.0000	100.2210	40.1376	0.8230	0.8277	5.0000	20.1018	508.0907	94.8328	10.2013	23.7000	0.9300	0.9280	0.6610	-0.0010	508.0000	508.3222	1.0339	7.2182	100.0319	41.0738	0.8230	0.8241	5.0000	-9999.0000	-9999.0000	-9999.0000	-9999.0000	-9999.0000	-9999.0000	20.0618	7	0	24.1532	1.0000	04	3	-9999.0000	24985	62052	-9999	2535	2435	-9999	330.7367	5	0.6492	0.6610	-0.0010	55.9390	0.8397	483.2343	276.9185	38.0473	448.0520	95.0525	476.4429	94.7010	482.5224	94.6571	487.1457	94.6131	
24/08/2017	00:38:48	019004	G523100644HLR	L523	S		442.7416	1.0233	10.0000	99.9622	40.1200	0.8230	0.8277	5.0000	20.1917	508.0574	94.9426	12.9810	23.7000	0.9300	0.9281	0.6601	-0.0009	508.0000	505.8782	1.0339	7.3624	100.1331	41.1000	0.8230	0.8240	5.0000	-9999.0000	-9999.0000	-9999.0000	-9999.0000	-9999.0000	-9999.0000	20.8725	8	0	24.0729	1.0000	04	3	-9999.0000	24986	62053	-9999	2536	2436	-9999	329.3085	5	0.6489	0.6601	-0.0009	56.7213	0.7706	475.0457	284.0800	39.8926	443.3897	94.8987	469.3870	94.7449	474.5144	94.6790	478.6793	94.6571	
24/08/2017	00:39:12	019004	G523099995HLR	L523	S		445.2274	1.0233	10.0000	99.9688	40.1305	0.8230	0.8277	5.0000	20.1020	508.0652	94.8108	9.9708	23.7000	0.9300	0.9280	0.6610	-0.0010	508.0000	508.0708	1.0339	7.2420	99.9864	41.1260	0.8230	0.8240	5.0000	-9999.0000	-9999.0000	-9999.0000	-9999.0000	-9999.0000	-9999.0000	20.3823	1	0	23.8025	1.0000	04	3	-9999.0000	24987	62054	-9999	2537	2436	-9999	330.7954	5	0.6489	0.6610	-0.0010	56.9161	0.7568	485.1345	279.0678	38.5746	451.1266	94.9866	478.2442	94.7010	484.6694	94.7449	489.1990	94.8548	
24/08/2017	00:39:38	019004	G523100645HLR	L523	S		443.0897	1.0233	10.0000	100.1314	40.1425	0.8230	0.8277	5.0000	20.0226	508.0449	94.9207	12.5219	23.7000	0.9300	0.9280	0.6600	-0.0009	508.0000	508.3571	1.0339	7.2149	100.1160	41.1448	0.8230	0.8240	5.0000	-9999.0000	-9999.0000	-9999.0000	-9999.0000	-9999.0000	-9999.0000	20.5422	2	0	25.9932	1.0000	04	3	-9999.0000	24988	62055	-9999	2538	2437	-9999	329.4692	5	0.6489	0.6600	-0.0009	58.3002	0.6481	476.8951	278.8792	39.5631	444.7133	95.2502	469.9076	94.8328	476.2289	94.7230	480.5292	94.5253	
24/08/2017	00:40:05	019004	G523100633HLR	L523	S		443.7700	1.0233	10.0000	100.1297	40.1382	0.8230	0.8277	5.0000	20.0919	508.0725	94.7449	12.1811	23.7000	0.9300	0.9280	0.6605	-0.0010	508.0000	508.4326	1.0339	7.2077	100.0714	41.1483	0.8230	0.8239	5.0000	-9999.0000	-9999.0000	-9999.0000	-9999.0000	-9999.0000	-9999.0000	21.0425	3	0	27.1926	1.0000	04	3	-9999.0000	24989	62056	-9999	2539	2438	-9999	329.6321	5	0.6492	0.6605	-0.0010	61.5172	0.3699	478.6165	276.3906	38.5746	447.0228	95.4259	472.3268	95.0744	477.8958	95.0305	482.2887	94.9207	
24/08/2017	00:40:30	019004	G523100632HLR	L523	S		444.4829	1.0233	10.0000	100.1351	40.1538	0.8230	0.8277	5.0000	19.8517	508.0764	94.8328	9.6212	23.6000	0.9300	0.9279	0.6604	-0.0010	508.0000	508.3776	1.0339	7.2129	100.0422	41.1794	0.8230	0.8240	5.0000	-9999.0000	-9999.0000	-9999.0000	-9999.0000	-9999.0000	-9999.0000	20.4428	4	0	24.4928	1.0000	04	3	-9999.0000	24990	62057	-9999	2540	2439	-9999	330.8925	5	0.6494	0.6604	-0.0010	61.5513	0.3668	486.2398	275.6496	39.0578	452.9642	95.5577	479.8420	95.1623	485.7048	95.1184	489.9961	94.9207	
24/08/2017	00:40:56	019004	G523100027HLR	L523	S		438.0712	1.0233	10.0000	100.0208	40.1538	0.8230	0.8277	5.0000	19.7913	508.0266	94.9207	11.8412	23.7000	0.9300	0.9279	0.6593	-0.0009	508.0000	507.9840	1.0339	7.2502	100.0577	41.2292	0.8230	0.8239	5.0000	-9999.0000	-9999.0000	-9999.0000	-9999.0000	-9999.0000	-9999.0000	20.7524	5	0	26.0732	1.0000	04	2	-9999.0000	24991	62058	-9999	2541	2440	-9999	329.8293	5	0.6498	0.6593	-0.0009	63.6223	0.1786	478.9488	276.8045	39.2555	445.0188	95.2282	472.7094	94.8328	478.2078	94.6790	482.5244	94.5692	
24/08/2017	00:41:23	019004	G523100028HLR	L523	S		439.5480	1.0233	10.0000	100.1325	40.1327	0.8230	0.8276	5.0000	20.2718	508.0735	94.8987	13.9713	23.7000	0.9300	0.9281	0.6599	-0.0009	508.0000	508.4948	1.0339	7.2018	100.0413	41.2167	0.8230	0.8240	5.0000	-9999.0000	-9999.0000	-9999.0000	-9999.0000	-9999.0000	-9999.0000	20.3822	6	0	27.5529	1.0000	04	2	-9999.0000	24992	62059	-9999	2542	2441	-9999	328.8810	5	0.6497	0.6599	-0.0009	63.7916	0.1455	473.2803	268.4930	38.1572	441.4486	95.4039	466.8964	95.1184	472.5710	95.1403	477.2072	94.9646	
24/08/2017	00:41:50	019004	G523100038HLR	L523	S		435.8891	1.0233	10.0000	99.9744	40.1108	0.8230	0.8276	5.0000	19.9622	508.0490	95.0305	15.5516	23.7000	0.9300	0.9281	0.6613	-0.0010	508.0000	504.7013	1.0339	7.2777	99.9590	41.2615	0.8230	0.8240	5.0000	-9999.0000	-9999.0000	-9999.0000	-9999.0000	-9999.0000	-9999.0000	20.2923	7	0	26.9825	1.0000	04	2	-9999.0000	24993	62060	-9999	2543	2442	-9999	327.7583	5	0.6497	0.6613	-0.0010	65.7348	-0.0477	467.2396	273.4969	39.3215	436.8164	95.9531	461.9941	95.5138	466.7550	95.4698	470.5547	95.0525	
24/08/2017	00:42:18	019004	G523100029HLR	L523	S		439.5133	1.0233	10.0000	100.0522	40.1538	0.8230	0.8277	5.0000	20.0119	508.0516	94.7010	11.8812	23.6000	0.9300	0.9280	0.6604	-0.0010	508.0000	508.3547	1.0339	7.2151	100.1076	41.3051	0.8230	0.8239	5.0000	-9999.0000	-9999.0000	-9999.0000	-9999.0000	-9999.0000	-9999.0000	20.7024	8	0	27.1534	1.0000	04	2	-9999.0000	24994	62061	-9999	2544	2443	-9999	329.7601	5	0.6499	0.6604	-0.0010	62.7067	0.1874	479.1870	283.7482	39.4752	450.5199	95.7554	472.3811	95.3600	478.6235	95.2721	483.3728	95.0305	
24/08/2017	00:42:44	019004	G523099999HLR	L523	S		436.8169	1.0233	10.0000	99.9445	40.1538	0.8230	0.8278	5.0000	19.9416	508.0401	95.1184	14.4518	23.7000	0.9300	0.9281	0.6603	-0.0010	508.0000	506.7455	1.0339	7.3673	99.9597	41.3019	0.8230	0.8238	5.0000	-9999.0000	-9999.0000	-9999.0000	-9999.0000	-9999.0000	-9999.0000	21.0921	1	0	26.5225	1.0000	04	2	-9999.0000	24995	62062	-9999	2545	2444	-9999	328.5375	5	0.6498	0.6603	-0.0010	61.7052	0.2615	470.4405	276.3849	39.1018	439.9401	95.7115	464.5656	95.2502	469.8600	95.1843	474.1061	94.9426	
24/08/2017	00:43:12	019004	G523100005HLR	L523	S		436.3671	1.0233	10.0000	99.8583	40.1499	0.8230	0.8275	5.0000	20.7025	508.0630	94.9866	15.4217	23.7000	0.9300	0.9281	0.6610	-0.0010	508.0000	505.2975	1.0339	7.3206	99.9425	41.3338	0.8230	0.8239	5.0000	-9999.0000	-9999.0000	-9999.0000	-9999.0000	-9999.0000	-9999.0000	20.5628	2	0	27.6438	1.0000	04	2	-9999.0000	24996	62063	-9999	2546	2444	-9999	327.9310	5	0.6496	0.6610	-0.0010	56.2669	0.7913	467.6681	275.6340	39.9146	438.5390	95.5577	462.1348	95.2502	467.1887	95.1843	471.7714	94.9646	
24/08/2017	00:43:39	019004	G523100025HLR	L523	S		436.8097	1.0233	10.0000	99.9491	40.1538	0.8230	0.8277	5.0000	20.0519	508.0388	94.9426	15.3113	23.6000	0.9300	0.9280	0.6554	-0.0005	508.0000	506.4182	1.0339	7.3983	100.0324	41.3393	0.8230	0.8238	5.0000	-9999.0000	-9999.0000	-9999.0000	-9999.0000	-9999.0000	-9999.0000	20.6623	3	0	27.4932	1.0000	04	2	-9999.0000	24997	62064	-9999	2547	2445	-9999	329.1625	5	0.6496	0.6554	-0.0005	55.7938	0.8270	471.5798	279.2066	39.0578	441.5619	95.6456	465.3055	95.2721	471.0558	95.1623	475.3535	94.9866	
24/08/2017	00:44:06	019004	G523100016HLR	L523	S		434.5868	1.0233	10.0000	100.0602	40.1538	0.8230	0.8277	5.0000	20.3420	508.0492	94.9207	15.2712	23.6000	0.9300	0.9280	0.6554	-0.0005	508.0000	507.2736	1.0339	7.3174	99.9896	41.3582	0.8230	0.8239	5.0000	-9999.0000	-9999.0000	-9999.0000	-9999.0000	-9999.0000	-9999.0000	20.5628	4	0	27.1427	1.0000	04	2	-9999.0000	24998	62065	-9999	2548	2446	-9999	329.1256	5	0.6494	0.6554	-0.0005	55.8001	0.8502	471.2615	278.9618	40.2660	440.3480	95.6236	465.1183	95.1843	470.6946	95.1184	474.7022	94.9866	
24/08/2017	00:44:32	019004	G523100036HLR	L523	S		434.0267	1.0233	10.0000	99.8678	40.1538	0.8230	0.8277	5.0000	20.1223	508.0685	94.8767	14.9118	23.6000	0.9300	0.9280	0.6547	-0.0004	508.0000	506.7076	1.0339	7.3709	100.0439	41.3840	0.8230	0.8239	5.0000	-9999.0000	-9999.0000	-9999.0000	-9999.0000	-9999.0000	-9999.0000	20.3821	5	0	25.8234	1.0000	04	2	-9999.0000	24999	62066	-9999	2549	2447	-9999	329.2945	5	0.6492	0.6547	-0.0004	53.9910	1.0081	472.0967	279.8763	39.5631	441.4522	95.4479	466.2396	95.0744	471.5601	95.0085	475.9402	94.9207	
24/08/2017	00:44:59	019004	G523100030HLR	L523	S		436.1173	1.0233	10.0000	100.0931	40.1538	0.8230	0.8277	5.0000	20.0930	508.0630	94.9426	15.8319	23.6000	0.9300	0.9281	0.6538	-0.0004	508.0000	507.3489	1.0339	7.3102	100.1175	41.3639	0.8230	0.8239	5.0000	-9999.0000	-9999.0000	-9999.0000	-9999.0000	-9999.0000	-9999.0000	20.6829	6	0	26.6425	1.0000	04	2	-9999.0000	25000	62067	-9999	2550	2448	-9999	329.1623	5	0.6490	0.6538	-0.0004	54.6119	0.9784	471.5309	278.8347	40.4418	442.0261	95.5138	466.3440	95.1843	471.0525	95.2062	474.9286	95.0305	
24/08/2017	00:45:26	019004	G523100625HLR	L523	S		433.6778	1.0233	10.0000	100.1729	40.1538	0.8230	0.8277	5.0000	20.0113	508.0633	94.8987	15.8817	23.7000	0.9300	0.9281	0.6498	-0.0001	508.0000	506.8419	1.0339	7.3582	100.0228	41.3707	0.8230	0.8239	5.0000	-9999.0000	-9999.0000	-9999.0000	-9999.0000	-9999.0000	-9999.0000	20.2728	7	0	27.4035	1.0000	04	2	-9999.0000	25001	62068	-9999	2551	2449	-9999	329.6003	5	0.6489	0.6498	-0.0001	57.1502	0.8046	473.2060	284.0389	40.3978	442.4889	95.3820	467.2711	95.0964	472.7779	95.0964	476.0446	94.9866	
24/08/2017	00:45:51	019004	G523100624HLR	L523	S		437.6756	1.0233	10.0000	100.0235	40.1538	0.8230	0.8277	5.0000	20.0324	508.0551	94.8767	15.4724	23.6000	0.9300	0.9281	0.6498	-0.0001	508.0000	507.1957	1.0339	7.3247	100.1384	41.3852	0.8230	0.8238	5.0000	-9999.0000	-9999.0000	-9999.0000	-9999.0000	-9999.0000	-9999.0000	20.8032	8	0	24.3124	1.0000	04	2	-9999.0000	25002	62069	-9999	2552	2450	-9999	329.6694	5	0.6489	0.6498	-0.0001	56.9119	0.8643	474.9398	285.5401	38.5306	444.7440	95.6895	470.0818	95.2502	474.4891	95.2062	477.9581	95.0305	
24/08/2017	00:46:16	019004	G523100634HLR	L523	S		440.2904	1.0233	10.0000	100.0592	40.1538	0.8230	0.8277	5.0000	20.0119	508.0465	94.7449	14.2517	23.6000	0.9300	0.9280	0.6511	-0.0001	508.0000	507.6125	1.0339	7.2853	100.0942	41.4091	0.8230	0.8239	5.0000	-9999.0000	-9999.0000	-9999.0000	-9999.0000	-9999.0000	-9999.0000	20.2424	1	0	25.7625	1.0000	04	2	-9999.0000	25002	62070	-9999	2553	2451	-9999	329.8002	5	0.6491	0.6511	-0.0001	58.3209	0.8064	477.1318	285.2163	37.5860	446.4921	95.5138	471.9242	95.0525	476.5896	95.0085	481.2384	94.9426	
24/08/2017	00:46:41	019004	G523100652HLR	L523	S		441.6823	1.0233	10.0000	100.0179	40.1538	0.8230	0.8276	5.0000	20.8022	508.0329	94.7449	14.5915	23.6000	0.9300	0.9280	0.6479	0.0001	508.0000	507.9120	1.0339	7.2570	99.9730	41.3735	0.8230	0.8239	5.0000	-9999.0000	-9999.0000	-9999.0000	-9999.0000	-9999.0000	-9999.0000	20.0316	2	0	25.0029	1.0000	04	2	-9999.0000	25003	62071	-9999	2554	2452	-9999	329.7646	5	0.6489	0.6479	0.0001	65.5195	0.3190	479.2710	276.8840	39.0578	448.9456	95.5797	474.1445	95.1403	478.7765	95.0744	482.2513	94.9426	
24/08/2017	00:47:06	019004	G523100642HLR	L523	S		423.8779	1.0233	10.0000	100.0081	40.1538	0.8230	0.8277	5.0000	19.8917	508.0524	94.9207	15.7615	23.6000	0.9300	0.9280	0.6479	0.0001	508.0000	507.8208	1.0339	7.2656	99.9927	41.4016	0.8230	0.8240	5.0000	-9999.0000	-9999.0000	-9999.0000	-9999.0000	-9999.0000	-9999.0000	19.9914	3	0	24.4626	1.0000	04	2	-9999.0000	25004	62072	-9999	2555	2453	-9999	329.8298	5	0.6490	0.6479	0.0001	60.5230	0.6722	474.7784	286.6439	39.6729	445.4906	95.3600	468.7690	95.1184	474.2088	95.0744	478.1296	94.9426	
24/08/2017	00:47:31	019004	G523100651HLR	L523	S		440.9292	1.0233	10.0000	99.9036	40.1538	0.8230	0.8277	5.0000	20.0823	508.0404	94.6351	11.8617	23.6000	0.9300	0.9279	0.6479	0.0001	508.0000	508.1396	1.0339	7.2354	99.9978	41.3815	0.8230	0.8239	5.0000	-9999.0000	-9999.0000	-9999.0000	-9999.0000	-9999.0000	-9999.0000	20.3820	4	0	25.3329	1.0000	04	2	-9999.0000	25004	62073	-9999	2556	2454	-9999	329.6578	5	0.6493	0.6479	0.0001	62.5424	0.5334	485.0541	283.9419	39.1018	453.7643	95.2721	479.1984	95.0085	484.5738	95.0744	488.1534	94.9866	
24/08/2017	00:47:55	019004	G523100641HLR	L523	S		442.3831	1.0233	10.0000	100.1289	40.1538	0.8230	0.8276	5.0000	20.8128	508.0519	95.0305	14.1422	23.6000	0.9300	0.9280	0.6479	0.0001	508.0000	507.6277	1.0339	7.2839	100.0042	41.3846	0.8230	0.8239	5.0000	-9999.0000	-9999.0000	-9999.0000	-9999.0000	-9999.0000	-9999.0000	20.3518	5	0	23.8133	1.0000	04	2	-9999.0000	25005	62074	-9999	2557	2455	-9999	329.7631	5	0.6493	0.6479	0.0001	58.9828	0.7678	480.1296	284.7601	39.1896	451.0083	95.6895	475.1297	95.2062	479.6271	95.1843	483.5390	94.9207	
24/08/2017	00:48:21	019004	G523100631HLR	L523	S		439.2045	1.0233	10.0000	99.8974	40.1505	0.8230	0.8277	5.0000	20.1517	508.0379	94.6571	12.9809	23.6000	0.9300	0.9281	0.6479	0.0001	508.0000	509.0994	1.0339	7.1447	100.0328	41.4085	0.8230	0.8239	5.0000	-9999.0000	-9999.0000	-9999.0000	-9999.0000	-9999.0000	-9999.0000	20.5325	6	0	26.4423	1.0000	04	2	-9999.0000	25006	62075	-9999	2558	2456	-9999	329.7075	5	0.6494	0.6479	0.0001	33.3871	2.4249	482.1683	279.4490	38.8821	451.3766	95.3600	476.2862	95.1184	481.6964	95.0525	485.3459	94.9426	
24/08/2017	00:48:48	019004	G523100620HLR	L523	S		441.6515	1.0233	10.0000	100.0273	40.1538	0.8230	0.8277	5.0000	20.2318	508.0415	94.6571	12.7710	23.7000	0.9300	0.9281	0.6500	-0.0000	508.0000	507.0820	1.0339	7.3355	100.0215	41.3846	0.8230	0.8239	5.0000	-9999.0000	-9999.0000	-9999.0000	-9999.0000	-9999.0000	-9999.0000	20.2118	7	0	26.8635	1.0000	04	2	-9999.0000	25007	62076	-9999	2559	2457	-9999	330.0646	5	0.6495	0.6500	-0.0000	25.2114	2.9480	481.4649	273.4532	38.6624	450.6516	95.5797	476.4662	95.1184	480.9305	95.0744	484.8044	94.9426	
24/08/2017	00:49:12	019004	G523100638HLR	L523	S		440.9135	1.0233	10.0000	100.0455	40.1538	0.8230	0.8277	5.0000	20.2424	508.0104	94.6351	13.2818	23.6000	0.9300	0.9280	0.6500	-0.0000	508.0000	508.1217	1.0339	7.2371	99.9621	41.4312	0.8230	0.8238	5.0000	-9999.0000	-9999.0000	-9999.0000	-9999.0000	-9999.0000	-9999.0000	20.5227	8	0	24.2429	1.0000	04	2	-9999.0000	25008	62077	-9999	2560	2458	-9999	330.0079	5	0.6495	0.6500	-0.0000	50.2792	1.3280	480.9005	275.9955	39.2116	449.6307	95.2062	475.7802	94.8987	480.4217	94.9207	484.3293	94.8987	
24/08/2017	00:49:39	019004	G523100588HLR	L523	S		440.6503	1.0233	10.0000	99.8624	40.1538	0.8230	0.8277	5.0000	19.9818	508.0538	94.6131	11.6810	23.6000	0.9300	0.9280	0.6500	-0.0000	508.0000	507.9104	1.0339	7.2571	100.0329	41.4439	0.8230	0.8238	5.0000	-9999.0000	-9999.0000	-9999.0000	-9999.0000	-9999.0000	-9999.0000	20.5628	1	0	26.5624	1.0000	04	2	-9999.0000	25009	62078	-9999	2561	2459	-9999	330.0822	5	0.6495	0.6500	-0.0000	44.9770	1.6702	485.2472	286.4840	40.1562	456.6026	94.9646	478.7683	94.8328	484.7792	94.9426	488.1481	94.9426	
24/08/2017	00:50:08	019004	G523100578HLR	L523	S		438.7259	1.0233	10.0000	100.0243	40.1653	0.8230	0.8277	5.0000	19.9123	508.0471	95.0964	14.4118	23.7000	0.9300	0.9281	0.6500	-0.0000	508.0000	507.2765	1.0339	7.3171	99.9761	41.3964	0.8230	0.8237	5.0000	-9999.0000	-9999.0000	-9999.0000	-9999.0000	-9999.0000	-9999.0000	21.5229	2	0	28.8534	1.0000	04	2	-9999.0000	25010	62079	-9999	2562	2460	-9999	330.0376	5	0.6493	0.6500	-0.0000	53.5555	1.0817	477.1716	274.4629	38.5746	446.7072	95.3380	473.2147	94.9426	476.7416	94.9646	480.5853	94.8767	
24/08/2017	00:50:33	019004	G523100637HLR	L523	S		441.0280	1.0233	10.0000	100.0139	40.1538	0.8230	0.8277	5.0000	20.1219	508.0521	94.9426	15.2517	23.7000	0.9300	0.9281	0.6500	-0.0000	508.0000	508.1685	1.0339	7.2327	100.1184	41.4491	0.8230	0.8239	5.0000	-9999.0000	-9999.0000	-9999.0000	-9999.0000	-9999.0000	-9999.0000	20.5530	3	0	25.3228	1.0000	04	2	-9999.0000	25011	62080	-9999	2563	2461	-9999	330.0273	5	0.6494	0.6500	-0.0000	52.1566	1.1399	475.8773	278.5638	39.6729	447.0249	95.1843	470.9123	94.9866	475.2512	94.9866	479.0069	94.9426	
24/08/2017	00:50:58	019004	G523100647HLR	L523	S		446.5054	1.0233	10.0000	99.8373	40.1843	0.8230	0.8277	5.0000	19.9631	508.0321	94.7889	10.4416	23.6000	0.9300	0.9280	0.6500	-0.0000	508.0000	507.8160	1.0339	7.2661	100.0289	41.4767	0.8230	0.8238	5.0000	-9999.0000	-9999.0000	-9999.0000	-9999.0000	-9999.0000	-9999.0000	20.9027	4	0	24.7224	1.0000	04	2	-9999.0000	25012	62081	-9999	2564	2462	-9999	330.0895	5	0.6495	0.6500	-0.0000	54.6571	0.9479	488.3566	285.4233	38.0693	455.3052	95.4259	481.6275	95.1184	487.7262	95.0525	491.0322	94.9426	
24/08/2017	00:51:25	019004	G523100639HLR	L523	S		443.8446	1.0233	10.0000	99.9737	40.1900	0.8230	0.8277	5.0000	20.0021	508.0411	95.2721	14.9118	23.7000	0.9300	0.9282	0.6489	0.0000	508.0000	507.5780	1.0339	7.2886	100.1401	41.4724	0.8230	0.8238	5.0000	-9999.0000	-9999.0000	-9999.0000	-9999.0000	-9999.0000	-9999.0000	21.2217	5	0	27.5031	1.0000	04	2	-9999.0000	25013	62082	-9999	2565	2463	-9999	330.0715	5	0.6495	0.6489	0.0000	65.1469	0.1545	477.7745	280.8810	39.6729	448.8383	95.4039	473.1364	95.0525	477.3647	94.9866	480.1578	94.6571	
24/08/2017	00:51:52	019004	G523100584HLR	L523	S		441.5034	1.0233	10.0000	100.1361	40.1671	0.8230	0.8277	5.0000	20.0824	508.0319	95.0085	16.9619	23.7000	0.9300	0.9282	0.6489	0.0001	508.0000	508.9795	1.0339	7.1560	99.9363	41.4061	0.8230	0.8235	5.0000	-9999.0000	-9999.0000	-9999.0000	-9999.0000	-9999.0000	-9999.0000	24.2225	6	0	26.5138	1.0000	04	2	-9999.0000	25014	62083	-9999	2566	2464	-9999	330.1411	5	0.6495	0.6489	0.0001	68.7770	-0.1256	473.5344	283.7194	40.2660	444.0354	95.6456	468.4382	95.3600	472.9787	95.3600	476.6054	95.0525	
24/08/2017	00:52:19	019004	G523100605HLR	L523	S		443.4736	1.0233	10.0000	100.0580	40.2220	0.8230	0.8278	5.0000	19.9817	508.0527	94.7449	13.6314	23.6000	0.9300	0.9281	0.6501	-0.0000	508.0000	506.9204	1.0339	7.3508	99.9513	41.4855	0.8230	0.8239	5.0000	-9999.0000	-9999.0000	-9999.0000	-9999.0000	-9999.0000	-9999.0000	20.3518	7	0	27.3028	1.0000	04	2	-9999.0000	25015	62084	-9999	2567	2465	-9999	330.0855	5	0.6495	0.6501	-0.0000	68.4927	-0.1050	480.7565	281.0005	39.4313	448.9954	95.3600	474.8806	95.1184	480.0613	95.0964	483.7986	94.9646	
24/08/2017	00:52:46	019004	G523100576HLR	L523	S		441.5424	1.0233	10.0000	100.1164	40.2564	0.8230	0.8278	5.0000	20.2318	508.0588	94.7010	12.7915	23.6000	0.9300	0.9280	0.6511	-0.0001	508.0000	506.7355	1.0339	7.3683	100.1037	41.5176	0.8230	0.8239	5.0000	-9999.0000	-9999.0000	-9999.0000	-9999.0000	-9999.0000	-9999.0000	20.3420	8	0	27.0627	1.0000	04	2	-9999.0000	25016	62085	-9999	2568	2466	-9999	330.1409	5	0.6496	0.6511	-0.0001	57.3015	0.7184	480.4529	287.0512	38.1133	450.6957	95.7774	475.2910	95.3161	480.0851	95.2502	483.9661	95.0085	
24/08/2017	00:53:14	019004	G523100596HLR	L523	S		436.2511	1.0233	10.0000	100.0311	40.2332	0.8230	0.8276	5.0000	20.6220	508.0379	95.0744	15.7020	23.7000	0.9300	0.9281	0.6491	0.0001	508.0000	507.6076	1.0339	7.2858	100.1058	41.5352	0.8230	0.8238	5.0000	-9999.0000	-9999.0000	-9999.0000	-9999.0000	-9999.0000	-9999.0000	20.6429	1	0	27.5236	1.0000	04	2	-9999.0000	25017	62086	-9999	2569	2467	-9999	330.2170	5	0.6497	0.6491	0.0001	64.9309	0.1255	474.9399	283.2096	37.8057	447.4917	95.4698	468.5241	95.1403	474.4963	95.0744	477.7813	94.9646	
24/08/2017	00:53:41	019004	G523100598HLR	L523	S		443.2589	1.0233	10.0000	100.0078	40.2496	0.8230	0.8277	5.0000	19.8918	508.0512	94.9426	14.6911	23.6000	0.9300	0.9281	0.6517	-0.0001	508.0000	507.8088	1.0339	7.2667	99.9035	41.4835	0.8230	0.8234	5.0000	-9999.0000	-9999.0000	-9999.0000	-9999.0000	-9999.0000	-9999.0000	24.2322	2	0	27.4326	1.0000	04	2	-9999.0000	25018	62087	-9999	2570	2468	-9999	330.0939	5	0.6497	0.6517	-0.0001	61.0742	0.3900	476.4965	280.0417	40.0024	447.2916	95.3600	470.5771	95.1843	476.0406	95.1843	479.6201	94.9866	
24/08/2017	00:54:07	019004	G523100592HLR	L523	S		438.8919	1.0233	10.0000	99.9697	40.2926	0.8230	0.8277	5.0000	19.9416	508.0811	94.9426	15.6316	23.7000	0.9300	0.9281	0.6515	-0.0001	508.0000	507.6906	1.0339	7.2779	99.9238	41.4736	0.8230	0.8235	5.0000	-9999.0000	-9999.0000	-9999.0000	-9999.0000	-9999.0000	-9999.0000	23.8934	3	0	26.2335	1.0000	04	2	-9999.0000	25019	62088	-9999	2571	2469	-9999	330.1114	5	0.6498	0.6515	-0.0001	59.4940	0.4890	474.2163	282.4629	38.9260	444.1854	95.4479	467.9849	95.0964	473.6418	95.0085	477.5163	94.8987	
24/08/2017	00:54:35	019004	G523100581HLR	L523	S		451.7645	1.0233	10.0000	100.0154	40.2904	0.8230	0.8277	5.0000	20.1223	508.0256	94.8548	9.9513	23.6000	0.9300	0.9280	0.6528	-0.0002	508.0000	510.0295	1.0339	7.0567	100.0545	41.4980	0.8230	0.8237	5.0000	-9999.0000	-9999.0000	-9999.0000	-9999.0000	-9999.0000	-9999.0000	21.4018	4	0	27.7227	1.0000	04	2	-9999.0000	25020	62089	-9999	2572	2470	-9999	330.6952	5	0.6502	0.6528	-0.0002	57.5194	0.6007	489.0448	265.5369	39.6949	456.8276	95.2502	483.1730	95.0085	488.4667	95.0525	492.4163	94.9426	
24/08/2017	00:55:01	019004	G523100601HLR	L523	S		442.0947	1.0233	10.0000	100.0047	40.3063	0.8230	0.8278	5.0000	19.8723	508.0830	95.2721	14.8015	23.8000	0.9300	0.9282	0.6518	-0.0001	508.0000	507.1401	1.0339	7.3300	99.9281	41.4871	0.8230	0.8234	5.0000	-9999.0000	-9999.0000	-9999.0000	-9999.0000	-9999.0000	-9999.0000	24.1824	5	0	25.5430	1.0000	04	2	-9999.0000	25021	62090	-9999	2573	2471	-9999	330.3432	5	0.6501	0.6518	-0.0001	54.6294	0.8368	475.4658	277.2412	39.6290	448.2060	95.2062	470.5054	94.8548	474.9820	94.8328	478.0945	94.5912	
24/08/2017	00:55:28	019004	G523100600HLR	L523	S		440.0437	1.0233	10.0000	100.1281	40.3217	0.8230	0.8277	5.0000	19.9416	508.0566	94.7669	14.0123	23.7000	0.9300	0.9281	0.6522	-0.0001	508.0000	508.1031	1.0339	7.2389	99.9581	41.5438	0.8230	0.8238	5.0000	-9999.0000	-9999.0000	-9999.0000	-9999.0000	-9999.0000	-9999.0000	20.7328	6	0	26.8633	1.0000	04	2	-9999.0000	25022	62090	-9999	2574	2472	-9999	330.4010	5	0.6502	0.6522	-0.0001	54.3370	0.8234	476.9967	274.5446	39.7169	448.5157	95.4479	471.3807	95.0964	476.2738	95.0744	480.2524	94.9646	
24/08/2017	00:55:54	019004	G523100574HLR	L523	S		441.3794	1.0233	10.0000	99.9758	40.3313	0.8230	0.8277	5.0000	20.2424	508.0400	94.8548	14.5720	23.7000	0.9300	0.9281	0.6595	-0.0006	508.0000	508.6165	1.0339	7.1903	100.0330	41.5715	0.8230	0.8239	5.0000	-9999.0000	-9999.0000	-9999.0000	-9999.0000	-9999.0000	-9999.0000	20.4123	7	0	26.0421	1.0000	04	2	-9999.0000	25023	62091	-9999	2575	2473	-9999	330.5068	5	0.6502	0.6595	-0.0006	49.1563	1.1741	473.2446	281.9793	38.8382	445.1502	95.3161	467.2865	95.0744	472.5951	95.0305	476.9504	94.9646	
24/08/2017	00:56:21	019004	G523100755HLR	L523	S		439.9501	1.0233	10.0000	100.0425	40.3155	0.8230	0.8276	5.0000	20.6320	508.0587	94.6131	13.7418	23.7000	0.9300	0.9281	0.6506	-0.0000	508.0000	508.2309	1.0339	7.2268	100.0186	41.6347	0.8230	0.8238	5.0000	-9999.0000	-9999.0000	-9999.0000	-9999.0000	-9999.0000	-9999.0000	20.7620	8	0	27.7335	1.0000	04	2	-9999.0000	25024	62092	-9999	2576	2474	-9999	330.3477	5	0.6500	0.6506	-0.0000	46.1741	1.3489	478.9189	289.5950	40.7713	451.5084	95.1843	473.4148	94.9866	478.4153	94.9207	482.3452	94.8767	
24/08/2017	00:56:47	019004	G523100765HLR	L523	S		445.0801	1.0233	10.0000	100.1171	40.3149	0.8230	0.8277	5.0000	20.3528	508.0505	94.7889	13.9215	23.7000	0.9300	0.9281	0.6497	0.0000	508.0000	510.9150	1.0339	6.9729	100.0220	41.6274	0.8230	0.8238	5.0000	-9999.0000	-9999.0000	-9999.0000	-9999.0000	-9999.0000	-9999.0000	20.9925	1	0	26.0030	1.0000	04	2	-9999.0000	25025	62093	-9999	2577	2475	-9999	330.4308	5	0.6502	0.6497	0.0000	47.1148	1.2587	480.4350	282.7110	39.3434	448.6745	95.1843	475.2447	94.8767	479.8347	94.9207	483.9168	94.9426	
24/08/2017	00:57:12	019004	G523100754HLR	L523	S		439.6700	1.0233	10.0000	100.0080	40.3587	0.8230	0.8277	5.0000	19.9426	508.0460	94.8548	14.9216	23.7000	0.9300	0.9281	0.6586	-0.0006	508.0000	508.0788	1.0339	7.2412	100.0153	41.6454	0.8230	0.8237	5.0000	-9999.0000	-9999.0000	-9999.0000	-9999.0000	-9999.0000	-9999.0000	20.8528	2	0	24.7226	1.0000	04	2	-9999.0000	25026	62094	-9999	2578	2476	-9999	330.4725	5	0.6502	0.6586	-0.0006	45.1513	1.4153	472.9467	278.4534	40.2221	428.9168	94.9646	466.7141	94.7669	472.4473	94.7449	476.4022	94.8328	
24/08/2017	00:57:39	019004	G523100794HLR	L523	S		441.7549	1.0233	10.0000	99.9967	40.3505	0.8230	0.8277	5.0000	20.0931	508.0665	94.8108	14.3112	23.7000	0.9300	0.9280	0.6584	-0.0005	508.0000	508.2489	1.0339	7.2251	99.9718	41.6652	0.8230	0.8238	5.0000	-9999.0000	-9999.0000	-9999.0000	-9999.0000	-9999.0000	-9999.0000	20.2728	3	0	26.6435	1.0000	04	2	-9999.0000	25027	62095	-9999	2579	2477	-9999	330.5996	5	0.6502	0.6584	-0.0005	44.1248	1.5275	474.5032	270.4436	41.3205	448.5412	95.0744	468.7491	94.8987	473.8872	94.8767	477.6983	94.8987	
24/08/2017	00:58:05	019004	G523100795HLR	L523	S		436.1477	1.0233	10.0000	99.9978	40.3616	0.8230	0.8277	5.0000	20.1116	508.0589	94.8987	15.7625	23.7000	0.9300	0.9281	0.6543	-0.0003	508.0000	508.6192	1.0339	7.1901	100.0104	41.6558	0.8230	0.8238	5.0000	-9999.0000	-9999.0000	-9999.0000	-9999.0000	-9999.0000	-9999.0000	20.8019	4	0	26.3033	1.0000	04	2	-9999.0000	25028	62096	-9999	2580	2478	-9999	330.3713	5	0.6503	0.6543	-0.0003	40.7735	1.8111	471.1919	274.0825	39.1677	444.6762	95.3820	466.9631	95.0525	470.7224	94.9866	474.9419	94.9207	
24/08/2017	00:58:29	019004	G523100797HLR	L523	S		443.3424	1.0233	10.0000	99.9441	40.3647	0.8230	0.8277	5.0000	19.8421	508.0742	94.8328	14.3922	23.6000	0.9300	0.9280	0.6543	-0.0003	508.0000	508.3337	1.0339	7.2171	100.0391	41.6433	0.8230	0.8235	5.0000	-9999.0000	-9999.0000	-9999.0000	-9999.0000	-9999.0000	-9999.0000	22.4429	5	0	23.8117	1.0000	04	2	-9999.0000	25029	62097	-9999	2581	2479	-9999	330.5740	5	0.6499	0.6543	-0.0003	41.3294	1.7864	476.1253	293.1429	41.3864	450.5993	95.0085	470.9064	94.8767	475.7487	94.8987	479.4992	94.8987	
24/08/2017	00:58:55	019004	G523100799HLR	L523	S		439.9169	1.0233	10.0000	99.9834	40.3800	0.8230	0.8277	5.0000	20.1721	508.0856	94.5472	12.8618	23.6000	0.9300	0.9280	0.6543	-0.0003	508.0000	509.8525	1.0339	7.0734	99.9673	41.6804	0.8230	0.8238	5.0000	-9999.0000	-9999.0000	-9999.0000	-9999.0000	-9999.0000	-9999.0000	20.1029	6	0	26.1134	1.0000	04	2	-9999.0000	25030	62098	-9999	2582	2480	-9999	330.7859	5	0.6498	0.6543	-0.0003	40.0865	1.8702	480.7273	288.0625	39.2995	452.5224	95.4918	474.9770	95.0744	480.1775	95.0305	484.3738	94.9207	
24/08/2017	00:59:19	019004	G523100800HLR	L523	S		442.0041	1.0233	10.0000	99.9974	40.3632	0.8230	0.8276	5.0000	20.2726	508.0561	94.9646	14.9421	23.7000	0.9300	0.9281	0.6543	-0.0003	508.0000	508.1437	1.0339	7.2351	99.9694	41.6923	0.8230	0.8239	5.0000	-9999.0000	-9999.0000	-9999.0000	-9999.0000	-9999.0000	-9999.0000	20.0314	7	0	24.3923	1.0000	04	2	-9999.0000	25031	62099	-9999	2583	2481	-9999	330.4765	5	0.6498	0.6543	-0.0003	42.2098	1.7015	475.1910	280.7580	40.3100	450.2107	95.4479	469.6103	95.0964	474.7945	95.0305	478.9396	94.9426	
24/08/2017	00:59:43	019004	G523100763HLR	L523	S		442.9688	1.0233	10.0000	99.9843	40.3589	0.8230	0.8276	5.0000	20.7015	508.0311	94.7010	14.4118	23.7000	0.9300	0.9281	0.6543	-0.0003	508.0000	508.2517	1.0339	7.2248	100.0111	41.7240	0.8230	0.8237	5.0000	-9999.0000	-9999.0000	-9999.0000	-9999.0000	-9999.0000	-9999.0000	20.7620	8	0	23.9930	1.0000	04	2	-9999.0000	25032	62100	-9999	2584	2482	-9999	330.5308	5	0.6498	0.6543	-0.0003	39.1823	1.9443	476.2505	273.7998	38.6185	447.4582	95.2941	470.8506	95.0744	475.7505	95.0085	479.7511	94.9207	
24/08/2017	01:00:12	019004	G523100783HLR	L523	S		442.2057	1.0233	10.0000	100.0449	40.3784	0.8230	0.8276	5.0000	20.5023	508.0409	94.5692	12.1410	23.6000	0.9300	0.9280	0.6543	-0.0003	508.0000	509.6982	1.0339	7.0880	99.9910	41.6923	0.8230	0.8237	5.0000	-9999.0000	-9999.0000	-9999.0000	-9999.0000	-9999.0000	-9999.0000	20.4818	1	0	28.7433	1.0000	04	2	-9999.0000	25033	62101	-9999	2585	2483	-9999	330.8417	5	0.6498	0.6543	-0.0003	38.0373	2.0300	482.6663	283.7119	40.0244	452.9839	95.4698	476.8349	95.1623	482.2823	95.1403	485.9561	94.9646	
24/08/2017	01:00:41	019004	G523100782HLR	L523	S		442.3306	1.0233	10.0000	99.9931	40.3999	0.8230	0.8276	5.0000	20.3528	508.0402	94.8767	14.2321	23.7000	0.9300	0.9282	0.6543	-0.0003	508.0000	507.8172	1.0339	7.2659	99.9952	41.6828	0.8230	0.8237	5.0000	-9999.0000	-9999.0000	-9999.0000	-9999.0000	-9999.0000	-9999.0000	21.3422	2	0	28.5131	1.0000	04	2	-9999.0000	25034	62102	-9999	2586	2484	-9999	330.5649	5	0.6498	0.6543	-0.0003	89.7106	-1.5922	477.0898	281.5976	39.8267	448.5580	95.5358	471.9747	95.0964	476.6398	95.0305	480.3907	94.9207	
24/08/2017	01:01:06	019004	G523100762HLR	L523	S		441.7131	1.0233	10.0000	99.9803	40.3778	0.8230	0.8276	5.0000	20.0315	508.0597	94.6571	12.7514	23.6000	0.9300	0.9280	0.6543	-0.0003	508.0000	509.1817	1.0339	7.1369	99.9329	41.6528	0.8230	0.8232	5.0000	-9999.0000	-9999.0000	-9999.0000	-9999.0000	-9999.0000	-9999.0000	24.9627	3	0	25.7929	1.0000	04	2	-9999.0000	25035	62103	-9999	2587	2485	-9999	330.7752	5	0.6497	0.6543	-0.0003	86.8486	-1.3784	480.6132	274.1546	38.6405	450.0318	95.3161	474.0948	95.1184	480.1774	95.1623	484.3249	95.0085	
24/08/2017	01:01:33	019004	G523100790HLR	L523	S		446.6514	1.0233	10.0000	99.9423	40.4455	0.8230	0.8276	5.0000	20.1829	508.0474	94.6790	11.6820	23.6000	0.9300	0.9280	0.6543	-0.0003	508.0000	510.6490	1.0339	6.9981	99.9076	41.7348	0.8230	0.8238	5.0000	-9999.0000	-9999.0000	-9999.0000	-9999.0000	-9999.0000	-9999.0000	20.1614	4	0	26.9433	1.0000	04	2	-9999.0000	25036	62104	-9999	2588	2486	-9999	330.9039	5	0.6497	0.6543	-0.0003	78.2161	-0.7829	484.5637	283.9284	39.5192	454.9512	95.3600	478.7360	95.0305	484.0554	94.9426	487.7300	94.8987	
24/08/2017	01:02:02	019004	G523100781HLR	L523	S		440.1874	1.0233	10.0000	99.9965	40.4373	0.8230	0.8277	5.0000	20.0519	508.0282	95.2062	17.0517	23.7000	0.9300	0.9282	0.6543	-0.0003	508.0000	508.9105	1.0339	7.1625	99.9395	41.7592	0.8230	0.8237	5.0000	-9999.0000	-9999.0000	-9999.0000	-9999.0000	-9999.0000	-9999.0000	21.0228	5	0	28.2728	1.0000	04	2	-9999.0000	25037	62105	-9999	2589	2487	-9999	330.1697	5	0.6496	0.6543	-0.0003	77.7780	-0.7748	468.9545	284.7253	39.5411	441.5567	95.4479	464.5772	95.0964	468.5049	95.0525	472.6613	94.8987	
24/08/2017	01:02:30	019004	G523100769HLR	L523	Q		441.7667	1.0233	10.0000	99.9464	40.4494	0.8230	0.8276	5.0000	20.2718	508.0425	94.8108	13.9313	23.6000	0.9300	0.9280	0.6543	-0.0003	508.0000	508.7417	1.0339	7.1785	100.0494	41.7592	0.8230	0.8236	5.0000	-9999.0000	-9999.0000	-9999.0000	-9999.0000	-9999.0000	-9999.0000	21.4525	6	0	28.2833	1.0000	04	2	-9999.0000	25038	62106	-9999	2590	2488	-9999	330.6080	5	0.6497	0.6543	-0.0003	76.5903	-0.7263	477.5044	290.8640	39.7388	449.5687	95.6236	471.2929	95.3380	476.9495	95.2502	480.2624	95.0305	
24/08/2017	01:02:57	019004	G523100290HLR	L523	Q		440.9925	1.0233	10.0000	99.9828	40.4615	0.8230	0.8277	5.0000	20.1927	508.0462	94.7889	14.1324	23.7000	0.9300	0.9280	0.6543	-0.0003	508.0000	509.1797	1.0339	7.1371	99.9628	41.7911	0.8230	0.8237	5.0000	-9999.0000	-9999.0000	-9999.0000	-9999.0000	-9999.0000	-9999.0000	20.5715	7	0	27.2531	1.0000	08	4	-9999.0000	25039	62107	-9999	2591	2488	-9999	330.5812	5	0.6500	0.6543	-0.0003	77.3154	-0.7621	476.1186	283.9985	40.1782	447.8985	95.5797	469.4944	95.2721	475.5605	95.2282	480.0151	95.0085	
24/08/2017	01:03:25	019004	G523100291HLR	L523	S		438.7468	1.0233	10.0000	99.9978	40.4637	0.8230	0.8277	5.0000	20.1515	508.0476	94.9426	15.0320	23.7000	0.9300	0.9281	0.6543	-0.0003	508.0000	509.4264	1.0339	7.1137	99.9575	41.8102	0.8230	0.8238	5.0000	-9999.0000	-9999.0000	-9999.0000	-9999.0000	-9999.0000	-9999.0000	20.0325	8	0	27.4427	1.0000	08	4	-9999.0000	25040	62108	-9999	2592	2489	-9999	330.4727	5	0.6498	0.6543	-0.0003	80.6877	-1.0294	473.8621	278.0846	40.2660	444.6327	95.4918	468.1386	95.1623	473.3746	95.1403	477.1456	94.9866	
24/08/2017	01:03:52	019004	G523100321HLR	L523	S		436.6100	1.0233	10.0000	100.1340	40.4615	0.8230	0.8277	5.0000	19.9027	508.0258	94.9426	16.6220	23.7000	0.9300	0.9282	0.6543	-0.0003	508.0000	509.7629	1.0339	7.0819	100.1338	41.8047	0.8230	0.8237	5.0000	-9999.0000	-9999.0000	-9999.0000	-9999.0000	-9999.0000	-9999.0000	20.7426	1	0	27.0137	1.0000	08	4	-9999.0000	25041	62109	-9999	2593	2490	-9999	330.2177	5	0.6496	0.6543	-0.0003	60.3678	0.4717	470.4084	281.9435	38.6405	440.5943	95.4918	465.0208	95.2282	469.7953	95.2282	473.7867	95.0305	
24/08/2017	01:04:18	019004	G523100325HLR	L523	S		436.6706	1.0233	10.0000	99.9851	40.4615	0.8230	0.8275	5.0000	20.8517	508.0547	94.8987	16.4120	23.6000	0.9300	0.9280	0.6543	-0.0003	508.0000	509.8754	1.0339	7.0712	100.0863	41.7852	0.8230	0.8235	5.0000	-9999.0000	-9999.0000	-9999.0000	-9999.0000	-9999.0000	-9999.0000	22.0718	2	0	26.1825	1.0000	08	4	-9999.0000	25042	62110	-9999	2594	2491	-9999	330.2754	5	0.6496	0.6543	-0.0003	64.0762	0.1798	470.6884	282.0568	39.2775	442.2263	95.4039	465.1946	95.1184	470.2295	95.0744	474.0420	94.9646	
24/08/2017	01:04:44	019004	G523100311HLR	L523	S		439.1061	1.0233	10.0000	100.0135	40.4930	0.8230	0.8277	5.0000	20.1321	508.0346	94.8987	15.5916	23.6000	0.9300	0.9281	0.6543	-0.0003	508.0000	509.7986	1.0339	7.0785	99.9982	41.7948	0.8230	0.8237	5.0000	-9999.0000	-9999.0000	-9999.0000	-9999.0000	-9999.0000	-9999.0000	20.8723	3	0	26.6232	1.0000	08	4	-9999.0000	25043	62111	-9999	2595	2492	-9999	330.3669	5	0.6495	0.6543	-0.0003	63.5776	0.2431	472.8590	283.6281	39.8047	442.2204	95.3380	467.5969	95.0085	472.4423	94.9866	476.6591	94.9207	
24/08/2017	01:05:12	019004	G523100301HLR	L523	S		436.8179	1.0233	10.0000	99.8725	40.5018	0.8230	0.8276	5.0000	20.2230	508.0537	94.8767	15.5321	23.6000	0.9300	0.9281	0.6543	-0.0003	508.0000	509.8347	1.0339	7.0751	100.0878	41.8059	0.8230	0.8238	5.0000	-9999.0000	-9999.0000	-9999.0000	-9999.0000	-9999.0000	-9999.0000	20.3724	4	0	27.2627	1.0000	08	4	-9999.0000	25044	62112	-9999	2596	2493	-9999	330.3923	5	0.6495	0.6543	-0.0003	59.3051	0.5484	472.6636	287.3329	40.6615	443.8263	95.4039	467.5162	95.0744	472.2140	95.0525	476.0112	94.9426	
24/08/2017	01:05:39	019004	G523100317HLR	L523	S		437.8183	1.0233	10.0000	100.0127	40.4979	0.8230	0.8276	5.0000	20.1829	508.0293	94.8328	15.3718	23.6000	0.9300	0.9281	0.6510	-0.0001	508.0000	509.0294	1.0339	7.1513	99.9858	41.7948	0.8230	0.8235	5.0000	-9999.0000	-9999.0000	-9999.0000	-9999.0000	-9999.0000	-9999.0000	22.0326	5	0	27.6535	1.0000	08	4	-9999.0000	25045	62112	-9999	2597	2494	-9999	329.7850	5	0.6493	0.6510	-0.0001	53.5340	0.9982	473.9352	289.9355	40.0024	447.4148	95.2941	469.1694	94.9866	473.4040	94.9426	477.3475	94.8987	
24/08/2017	01:06:05	019004	G523100314HLR	L523	S		440.4047	1.0233	10.0000	99.9474	40.4988	0.8230	0.8276	5.0000	20.2621	508.0428	94.7889	14.4421	23.6000	0.9300	0.9281	0.6518	-0.0002	508.0000	509.2470	1.0339	7.1307	99.9023	41.7373	0.8230	0.8232	5.0000	-9999.0000	-9999.0000	-9999.0000	-9999.0000	-9999.0000	-9999.0000	24.3532	6	0	25.8929	1.0000	08	4	-9999.0000	25046	62113	-9999	2598	2495	-9999	329.7495	5	0.6490	0.6518	-0.0002	50.3051	1.2707	474.5753	292.6998	40.1342	449.0829	95.4259	469.6511	95.0744	474.1807	95.0744	478.5869	94.9646	
24/08/2017	01:06:32	019004	G523100296HLR	L523	S		438.0842	1.0233	10.0000	100.0537	40.5155	0.8230	0.8277	5.0000	19.9318	508.0880	94.7449	14.9822	23.6000	0.9300	0.9280	0.6529	-0.0003	508.0000	508.5868	1.0339	7.1931	100.1341	41.7948	0.8230	0.8238	5.0000	-9999.0000	-9999.0000	-9999.0000	-9999.0000	-9999.0000	-9999.0000	20.0920	7	0	27.3329	1.0000	08	4	-9999.0000	25046	62114	-9999	2599	2496	-9999	329.7319	5	0.6489	0.6529	-0.0003	42.5292	1.8315	473.3853	291.5002	40.7933	446.5067	95.2941	468.1482	94.9866	472.8360	94.9426	476.3229	94.8767	
24/08/2017	01:06:57	019004	G523100305HLR	L523	S		439.2856	1.0233	10.0000	99.9520	40.4855	0.8230	0.8274	5.0000	21.3324	508.0615	94.8108	15.3611	23.6000	0.9300	0.9280	0.6570	-0.0006	508.0000	509.1272	1.0339	7.1420	99.9333	41.8071	0.8230	0.8237	5.0000	-9999.0000	-9999.0000	-9999.0000	-9999.0000	-9999.0000	-9999.0000	20.5627	8	0	24.2225	1.0000	08	4	-9999.0000	25047	62115	-9999	2600	2497	-9999	329.5001	5	0.6486	0.6570	-0.0006	42.3116	1.8672	471.8219	288.7229	41.3864	445.1240	95.2941	466.8946	95.0525	471.4535	95.0305	474.9585	94.8987	
24/08/2017	01:07:22	019004	G523100294HLR	L523	S		438.7338	1.0233	10.0000	99.8742	40.4955	0.8230	0.8275	5.0000	20.4523	508.0731	94.7230	14.1422	23.6000	0.9300	0.9280	0.6597	-0.0007	508.0000	507.8280	1.0339	7.2649	100.1396	41.8118	0.8230	0.8237	5.0000	-9999.0000	-9999.0000	-9999.0000	-9999.0000	-9999.0000	-9999.0000	20.5022	1	0	25.0731	1.0000	08	4	-9999.0000	25048	62116	-9999	2601	2498	-9999	329.9331	5	0.6484	0.6597	-0.0007	40.1745	2.0037	471.7149	288.7893	39.3434	445.8998	95.2062	465.6242	95.0305	471.2916	95.0744	475.2837	94.9866	
24/08/2017	01:07:47	019004	G523100302HLR	L523	S		439.2533	1.0233	10.0000	100.1518	40.5022	0.8230	0.8274	5.0000	21.3422	508.0485	94.6131	13.9820	23.6000	0.9300	0.9280	0.6594	-0.0007	508.0000	508.4794	1.0339	7.2033	100.0368	41.7948	0.8230	0.8236	5.0000	-9999.0000	-9999.0000	-9999.0000	-9999.0000	-9999.0000	-9999.0000	21.1223	2	0	25.0222	1.0000	08	4	-9999.0000	25049	62117	-9999	2602	2499	-9999	329.9579	5	0.6484	0.6594	-0.0007	36.3053	2.2526	472.2805	286.6477	40.5077	447.1260	95.2721	466.8046	95.0305	471.7034	94.9866	476.8350	94.8987	
24/08/2017	01:11:24	019004	G523100281HLR	L523	S		437.1773	1.0233	10.0000	100.0235	40.5280	0.8230	0.8276	5.0000	19.9622	508.0464	94.9207	15.6512	23.7000	0.9300	0.9281	0.6594	-0.0007	508.0000	508.6800	1.0339	7.1843	100.0767	41.7948	0.8230	0.8236	5.0000	-9999.0000	-9999.0000	-9999.0000	-9999.0000	-9999.0000	-9999.0000	21.4525	3	0	217.1045	1.0000	08	4	-9999.0000	25050	62118	-9999	2603	2500	-9999	329.3333	5	0.6483	0.6594	-0.0007	36.7380	2.2265	469.9187	283.1544	40.8811	443.1088	95.4259	464.3859	95.1403	469.2051	95.0964	473.0099	94.9426	
24/08/2017	01:12:17	019004	G523100243HLR	L523	S		437.6383	1.0233	10.0000	100.0658	40.5074	0.8230	0.8275	5.0000	20.7221	508.0512	94.6790	13.4214	23.8000	0.9300	0.9284	0.6493	-0.0001	508.0000	507.2398	1.0339	7.3206	99.9988	41.7379	0.8230	0.8232	5.0000	-9999.0000	-9999.0000	-9999.0000	-9999.0000	-9999.0000	-9999.0000	20.8627	5	0	26.4932	1.0000	08	4	-9999.0000	25051	62119	-9999	2605	2501	-9999	329.3125	5	0.6481	0.6493	-0.0001	43.6153	1.7811	478.3712	269.4302	39.9805	452.1195	94.7010	472.4493	94.8548	477.7732	95.0525	482.2644	94.9866	
24/08/2017	01:12:43	019004	G523100273HLR	L523	S		440.1008	1.0233	10.0000	100.0102	40.4697	0.8230	0.8275	5.0000	20.4418	508.0463	94.6351	12.3119	23.7000	0.9300	0.9282	0.6533	-0.0003	508.0000	508.1503	1.0339	7.2344	100.0321	41.5404	0.8230	0.8233	5.0000	-9999.0000	-9999.0000	-9999.0000	-9999.0000	-9999.0000	-9999.0000	20.8529	6	0	25.8730	1.0000	08	4	-9999.0000	25052	62120	-9999	2606	2502	-9999	329.8118	5	0.6481	0.6533	-0.0003	45.0988	1.6877	481.2257	287.3200	42.3090	450.3213	95.6676	472.7989	95.2062	480.6745	95.1403	484.7403	94.9646	
24/08/2017	01:13:10	019004	G523100253HLR	L523	S		437.7099	1.0233	10.0000	99.9207	40.5037	0.8230	0.8276	5.0000	20.0822	508.0389	95.0525	14.7116	23.7000	0.9300	0.9280	0.6568	-0.0006	508.0000	508.6662	1.0339	7.1856	100.0551	41.4579	0.8230	0.8234	5.0000	-9999.0000	-9999.0000	-9999.0000	-9999.0000	-9999.0000	-9999.0000	20.5726	7	0	27.1028	1.0000	08	4	-9999.0000	25053	62121	-9999	2607	2503	-9999	329.4174	5	0.6481	0.6568	-0.0006	45.0614	1.6903	472.9998	278.1129	41.6500	446.2382	94.8987	467.7344	94.7449	472.5588	94.7669	476.4971	94.8548	
24/08/2017	01:13:37	019004	G523100269HLR	L523	S		435.8110	1.0233	10.0000	99.9282	40.5225	0.8230	0.8275	5.0000	20.0912	508.0356	94.8987	14.9216	23.9000	0.9300	0.9287	0.6568	-0.0006	508.0000	507.0290	1.0339	7.3405	100.0423	41.3680	0.8230	0.8235	5.0000	-9999.0000	-9999.0000	-9999.0000	-9999.0000	-9999.0000	-9999.0000	20.0021	8	0	27.0732	1.0000	08	4	-9999.0000	25054	62122	-9999	2608	2504	-9999	329.3483	5	0.6481	0.6568	-0.0006	45.0614	1.6903	469.8425	242.1952	39.3874	444.0308	94.6351	462.8475	94.7889	469.1389	95.0964	473.7106	95.0085	
24/08/2017	01:14:03	019004	G523100259HLR	L523	S		434.8614	1.0233	10.0000	100.0428	40.4674	0.8230	0.8276	5.0000	19.9427	508.0798	94.8548	14.8718	23.8000	0.9300	0.9282	0.6594	-0.0008	508.0000	508.0208	1.0339	7.2467	100.0550	41.2896	0.8230	0.8233	5.0000	-9999.0000	-9999.0000	-9999.0000	-9999.0000	-9999.0000	-9999.0000	21.3628	1	0	25.7422	1.0000	08	4	-9999.0000	25055	62123	-9999	2609	2505	-9999	329.3984	5	0.6482	0.6594	-0.0008	54.4242	1.0624	469.4026	253.5227	40.0024	443.7488	95.3161	463.5757	95.0085	468.9263	94.8767	472.8388	94.8767	
24/08/2017	01:14:28	019004	G523100252HLR	L523	S		441.0049	1.0233	10.0000	99.9812	40.3444	0.8230	0.8276	5.0000	20.0422	508.0569	94.7230	13.9019	23.7000	0.9300	0.9280	0.6566	-0.0006	508.0000	508.5414	1.0339	7.1974	99.9721	41.2384	0.8230	0.8234	5.0000	-9999.0000	-9999.0000	-9999.0000	-9999.0000	-9999.0000	-9999.0000	20.9124	2	0	25.2429	1.0000	08	4	-9999.0000	25056	62124	-9999	2610	2506	-9999	329.6153	5	0.6483	0.6566	-0.0006	55.5907	0.9921	476.1738	283.9900	39.3434	451.4384	95.3161	470.2784	94.9426	475.4143	94.8767	479.8537	94.8767	
24/08/2017	01:14:52	019004	G523100240HLR	L523	S		434.2987	1.0233	10.0000	99.8917	40.2750	0.8230	0.8274	5.0000	20.7923	508.0340	94.9426	15.3914	23.6000	0.9300	0.9280	0.6573	-0.0006	508.0000	508.0672	1.0339	7.2423	99.8844	41.2153	0.8230	0.8237	5.0000	-9999.0000	-9999.0000	-9999.0000	-9999.0000	-9999.0000	-9999.0000	19.9816	3	0	23.8631	1.0000	08	4	-9999.0000	25057	62125	-9999	2611	2507	-9999	329.0789	5	0.6483	0.6573	-0.0006	56.6904	0.9151	468.4030	294.1034	41.5182	445.4844	95.3380	463.3553	95.0744	467.9548	95.0525	472.1010	94.9426	
24/08/2017	01:15:18	019004	G523100278HLR	L523	S		436.2303	1.0233	10.0000	99.9989	40.2246	0.8230	0.8275	5.0000	20.3722	508.0772	94.8767	15.1316	23.6000	0.9300	0.9280	0.6565	-0.0006	508.0000	508.2557	1.0339	7.2245	100.1673	41.1936	0.8230	0.8236	5.0000	-9999.0000	-9999.0000	-9999.0000	-9999.0000	-9999.0000	-9999.0000	20.5927	4	0	25.8827	1.0000	08	4	-9999.0000	25058	62126	-9999	2612	2508	-9999	329.2970	5	0.6485	0.6565	-0.0006	56.7724	0.9118	469.5040	258.3786	40.2660	444.5138	95.3600	463.9913	95.1623	469.1085	95.1403	474.2014	94.9866	
24/08/2017	01:15:45	019004	G523100239HLR	L523	S		439.5027	1.0233	10.0000	99.9275	40.1960	0.8230	0.8276	5.0000	20.1126	508.0890	94.7230	14.1412	23.6000	0.9300	0.9280	0.6564	-0.0005	508.0000	507.2079	1.0339	7.3236	100.0657	41.1794	0.8230	0.8236	5.0000	-9999.0000	-9999.0000	-9999.0000	-9999.0000	-9999.0000	-9999.0000	20.8130	5	0	26.4828	1.0000	08	4	-9999.0000	25059	62127	-9999	2613	2509	-9999	329.6481	5	0.6485	0.6564	-0.0005	56.2022	0.9646	474.2942	290.5625	42.3969	448.5022	95.5577	468.8397	95.2721	473.7133	95.2062	477.6420	94.9646	
24/08/2017	01:16:11	019004	G523100242HLR	L523	S		439.7842	1.0233	10.0000	100.0597	40.1679	0.8230	0.8275	5.0000	20.6819	508.0387	94.5912	13.4224	23.6000	0.9300	0.9280	0.6561	-0.0005	508.0000	508.7497	1.0339	7.1777	100.0243	41.2173	0.8230	0.8236	5.0000	-9999.0000	-9999.0000	-9999.0000	-9999.0000	-9999.0000	-9999.0000	21.2124	6	0	26.6130	1.0000	08	4	-9999.0000	25060	62128	-9999	2614	2510	-9999	329.7292	5	0.6485	0.6561	-0.0005	55.2902	1.0198	477.0274	285.2789	41.9795	451.5156	95.3820	471.3683	95.0305	476.3995	94.9866	480.3093	94.8987	
24/08/2017	01:17:03	019004	G523100258HLR	L523	S		438.8402	1.0233	10.0000	99.9491	40.1538	0.8230	0.8277	5.0000	19.9523	508.0631	94.7010	13.9420	23.8000	0.9300	0.9284	0.6553	-0.0005	508.0000	507.1361	1.0339	7.3304	99.9490	41.4321	0.8230	0.8237	5.0000	-9999.0000	-9999.0000	-9999.0000	-9999.0000	-9999.0000	-9999.0000	20.1320	8	0	25.0029	1.0000	08	4	-9999.0000	25062	62129	-9999	2616	2511	-9999	329.5534	5	0.6484	0.6553	-0.0005	47.8980	1.5830	474.5865	275.0939	39.5851	449.8061	94.8767	468.4247	94.7889	474.0889	94.9646	478.6787	94.9207	
24/08/2017	01:17:30	019004	G523101012HLR	L523	S		440.4139	1.0233	10.0000	100.1163	40.1538	0.8230	0.8276	5.0000	20.3725	508.0584	94.8548	14.7917	23.7000	0.9300	0.9283	0.6554	-0.0005	508.0000	508.2536	1.0339	7.2247	100.0578	41.3514	0.8230	0.8236	5.0000	-9999.0000	-9999.0000	-9999.0000	-9999.0000	-9999.0000	-9999.0000	21.2430	1	0	27.0528	1.0000	08	4	-9999.0000	25063	62130	-9999	2617	2512	-9999	329.3682	5	0.6485	0.6554	-0.0005	46.7269	1.6518	475.0751	284.8055	39.8047	449.7587	95.2282	470.4132	95.0744	474.7224	95.0305	478.3158	94.9426	
24/08/2017	01:17:58	019004	G523100257HLR	L523	S		433.1686	1.0233	10.0000	99.9230	40.1538	0.8230	0.8278	5.0000	19.9318	508.0360	94.7889	14.6120	23.7000	0.9300	0.9281	0.6533	-0.0003	508.0000	507.1355	1.0339	7.3304	100.1019	41.3526	0.8230	0.8238	5.0000	-9999.0000	-9999.0000	-9999.0000	-9999.0000	-9999.0000	-9999.0000	20.4721	2	0	28.3029	1.0000	08	4	-9999.0000	25064	62131	-9999	2618	2513	-9999	329.4122	5	0.6486	0.6533	-0.0003	44.3497	1.8292	473.2565	282.3880	41.4303	445.9833	95.5138	467.2692	95.2502	472.7588	95.2062	476.6044	95.0085	
24/08/2017	01:18:25	019004	G523100277HLR	L523	S		438.2229	1.0233	10.0000	100.0558	40.1550	0.8230	0.8277	5.0000	20.3421	508.0615	94.7889	14.9216	23.6000	0.9300	0.9281	0.6533	-0.0003	508.0000	508.1524	1.0339	7.2342	100.0664	41.4063	0.8230	0.8237	5.0000	-9999.0000	-9999.0000	-9999.0000	-9999.0000	-9999.0000	-9999.0000	20.3029	3	0	26.7433	1.0000	08	4	-9999.0000	25065	62132	-9999	2619	2514	-9999	329.3793	5	0.6486	0.6533	-0.0003	44.3497	1.8292	474.9335	291.1481	41.6720	448.4600	95.2282	469.5551	94.9866	474.4093	94.9207	478.7075	94.8767	
24/08/2017	01:37:52	019004	G523100245HLR	L523	S		435.1010	1.0233	10.0000	99.9516	40.1673	0.8230	0.8277	5.0000	20.1419	508.0399	94.8108	15.2615	23.8000	0.9300	0.9284	0.6552	-0.0005	508.0000	506.2125	1.0339	7.3865	99.9811	41.3917	0.8230	0.8231	5.0000	-9999.0000	-9999.0000	-9999.0000	-9999.0000	-9999.0000	-9999.0000	24.0526	5	0	1139.1174	1.0000	08	4	-9999.0000	25067	62133	-9999	2621	2515	-9999	329.2934	5	0.6485	0.6552	-0.0005	11.2482	4.0503	469.4010	261.7385	39.9365	443.9559	94.8328	463.3657	94.8108	468.9588	94.9866	472.8123	94.9207	
24/08/2017	03:03:57	019004	G523100266HLR	L523	S		432.9999	1.0233	10.0000	99.9925	40.1604	0.8230	0.8276	5.0000	20.5925	508.0425	94.9207	16.3515	23.7000	0.9300	0.9282	0.6548	-0.0004	508.0000	507.1496	1.0339	7.3291	99.9659	41.3799	0.8230	0.8237	5.0000	-9999.0000	-9999.0000	-9999.0000	-9999.0000	-9999.0000	-9999.0000	20.1113	6	0	5164.8094	1.0000	08	4	-9999.0000	25068	62134	-9999	2622	2516	-9999	329.2189	5	0.6487	0.6548	-0.0004	26.1821	3.0502	467.9119	280.7983	41.4523	442.5232	95.3600	462.5090	95.0744	467.2946	95.0085	470.9827	94.9207	
24/08/2017	03:04:31	019004	G523100248HLR	L523	S		434.4112	1.0233	10.0000	99.9707	40.2021	0.8230	0.8277	5.0000	20.1721	508.0579	94.8108	15.1120	23.6000	0.9300	0.9280	0.6579	-0.0006	508.0000	507.2596	1.0339	7.3187	100.0006	39.7708	0.8230	0.8241	5.0000	-9999.0000	-9999.0000	-9999.0000	-9999.0000	-9999.0000	-9999.0000	20.3017	7	0	34.3741	1.0000	08	4	-9999.0000	25069	62135	-9999	2623	2517	-9999	329.3588	5	0.6486	0.6579	-0.0006	28.8102	2.8584	469.2056	283.6591	38.9919	442.1817	95.2941	462.7767	95.0525	468.5481	95.0305	472.8328	94.9426	
24/08/2017	03:08:21	019004	G523100256HLR	L523	S		436.0095	1.0233	10.0000	100.0055	40.2406	0.8230	0.8278	5.0000	19.9017	508.0298	94.9207	16.1815	23.6000	0.9300	0.9281	0.6579	-0.0006	508.0000	506.9977	1.0339	7.3435	100.0463	40.1487	0.8230	0.8249	5.0000	-9999.0000	-9999.0000	-9999.0000	-9999.0000	-9999.0000	-9999.0000	20.5922	8	0	229.3450	1.0000	08	4	-9999.0000	25070	62136	-9999	2624	2518	-9999	328.9682	5	0.6486	0.6579	-0.0006	28.8102	2.8584	469.2678	279.0548	39.6070	440.3795	95.4259	464.5711	95.0305	468.8496	94.9646	472.7001	94.9207	
24/08/2017	03:14:30	019004	G523100265HLR	L523	S		440.5238	1.0233	10.0000	99.9047	40.2494	0.8230	0.8278	5.0000	20.1018	508.0266	94.7449	14.7614	23.6000	0.9300	0.9281	0.6539	-0.0004	508.0000	506.8740	1.0339	7.3552	100.0011	39.1970	0.8230	0.8241	5.0000	-9999.0000	-9999.0000	-9999.0000	-9999.0000	-9999.0000	-9999.0000	20.1829	1	0	370.2914	1.0000	08	4	-9999.0000	25071	62137	-9999	2625	0	-9999	329.5233	5	0.6488	0.6539	-0.0004	33.9703	2.4707	473.5018	279.9678	38.7723	445.8955	95.1403	467.7864	94.8987	472.9641	94.8548	477.1062	94.8548	
24/08/2017	03:15:01	019004	G523100254HLR	L523	S		432.3774	1.0233	10.0000	100.0328	40.2621	0.8230	0.8278	5.0000	19.8613	508.0358	95.2062	18.3429	24.5000	0.9300	0.9270	0.6483	0.0000	508.0000	506.4509	1.0339	7.3952	100.0489	39.8258	0.8230	0.8251	5.0000	-9999.0000	-9999.0000	-9999.0000	-9999.0000	-9999.0000	-9999.0000	20.6018	2	0	30.4742	1.0000	08	4	-9999.0000	25072	62138	-9999	2626	2519	-9999	329.4986	5	0.6490	0.6483	0.0000	39.2027	2.1263	468.0802	232.4726	38.4208	446.0709	94.8328	462.9575	94.9426	467.5551	94.9866	471.5295	94.9426	
24/08/2017	03:15:30	019004	G523101032HLR	L523	S		437.8515	1.0233	10.0000	100.1720	39.7141	0.8230	0.8276	5.0000	20.2618	30.7022	4.4813	14.0416	22.9000	0.9300	0.0000	0.6486	0.0000	508.0000	443.7462	1.0339	2.8899	100.0524	39.5177	0.8230	0.8247	5.0000	-9999.0000	-9999.0000	-9999.0000	-9999.0000	-9999.0000	-9999.0000	20.9319	3	31	28.9231	1.0000	08	4	-9999.0000	25073	62139	-9999	2627	2519	-9999	204.4512	5	0.6491	0.6486	0.0000	45.9111	1.6532	-1.0000	243.2895	1.4938	48.3564	2.1748	21.0574	2.3066	21.0949	2.4603	21.2287	2.6141	
24/08/2017	03:15:57	019004	G523100274HLR	L523	S		432.0030	1.0233	10.0000	100.0112	40.3739	0.8230	0.8288	5.0000	20.2522	0.0000	0.0000	0.0000	0.0000	0.9300	0.0000	0.0000	0.0000	508.0000	436.1682	1.0339	2.3444	100.0594	39.5765	0.8230	0.8251	5.0000	-9999.0000	-9999.0000	-9999.0000	-9999.0000	-9999.0000	-9999.0000	20.2727	4	1	27.6027	1.0000	08	4	-9999.0000	25074	0	-9999	2628	2519	-9999	0.0000	0	0.0000	0.0000	0.0000	0.0000	0.0000	0.0000	212.9385	1.9112	35.8705	2.2626	23.1796	2.4823	22.9581	2.7239	24.0418	2.9656	
24/08/2017	03:16:27	019004	G523101022HLR	L523	S		434.7794	1.0233	10.0000	100.0503	39.5472	0.8230	0.8275	5.0000	20.0385	508.0375	95.0305	18.0518	22.5000	0.9300	0.9288	0.6486	0.0000	508.0000	512.6389	1.0339	6.8098	100.0210	39.8074	0.8230	0.8250	5.0000	-9999.0000	-9999.0000	-9999.0000	-9999.0000	-9999.0000	-9999.0000	21.1225	5	0	29.8939	1.0000	08	4	-9999.0000	0	62140	-9999	2629	2520	-9999	329.8899	5	0.6491	0.6486	0.0000	45.9111	1.6532	459.5761	352.8392	33.2145	427.7518	92.5043	454.2131	91.6915	459.1974	91.6915	464.9572	94.5253	
24/08/2017	03:16:55	019004	G523101050HLR	L523	S		435.3880	1.0233	10.0000	100.0397	39.2526	0.8230	0.8274	5.0000	21.4819	508.0529	94.9866	18.2716	22.9000	0.9300	0.9309	0.6486	0.0000	508.0000	512.1095	1.0339	6.8599	100.0377	39.5466	0.8230	0.8245	5.0000	-9999.0000	-9999.0000	-9999.0000	-9999.0000	-9999.0000	-9999.0000	20.5716	6	0	28.1029	1.0000	08	4	-9999.0000	25075	62141	-9999	2630	2521	-9999	329.8903	5	0.6492	0.6486	0.0000	52.7678	1.1918	463.7817	272.0358	34.6644	434.0434	95.7554	458.2422	94.8987	463.3081	94.8108	467.1320	94.8767	
24/08/2017	03:17:24	019004	G523101042HLR	L523	S		437.9547	1.0233	10.0000	100.0294	39.2307	0.8230	0.8290	5.0000	20.1624	508.0630	94.9866	17.2519	22.9000	0.9300	0.9308	0.6486	0.0000	508.0000	510.7627	1.0339	6.9873	100.0427	39.5384	0.8230	0.8250	5.0000	-9999.0000	-9999.0000	-9999.0000	-9999.0000	-9999.0000	-9999.0000	20.2023	7	0	28.5628	1.0000	08	4	-9999.0000	25076	62142	-9999	2631	2522	-9999	329.8867	5	0.6492	0.6486	0.0000	52.7678	1.1918	472.7205	311.1676	40.3759	444.4464	97.2053	467.8741	96.2826	472.2946	95.9531	475.0488	95.3380	
24/08/2017	03:17:52	019004	G523101051HLR	L523	S		438.4094	1.0233	10.0000	100.0629	39.9714	0.8230	0.8302	5.0000	20.0023	508.0318	95.0305	15.6717	23.1000	0.9300	0.9307	0.6486	0.0000	508.0000	508.8642	1.0339	7.1669	100.0263	39.8346	0.8230	0.8251	5.0000	-9999.0000	-9999.0000	-9999.0000	-9999.0000	-9999.0000	-9999.0000	20.6126	8	0	28.7638	1.0000	08	4	-9999.0000	25077	62143	-9999	2632	2523	-9999	329.8310	5	0.6492	0.6486	0.0000	52.7678	1.1918	472.8701	322.2723	37.5201	443.0433	96.4364	468.2502	95.1184	472.6361	94.8987	475.9676	94.8108	
24/08/2017	03:18:20	019004	G523101049HLR	L523	S		434.8387	1.0233	10.0000	100.0206	40.1264	0.8230	0.8287	5.0000	20.2922	508.0310	95.0525	18.2120	23.3000	0.9300	0.9309	0.6486	0.0000	508.0000	510.4053	1.0339	7.0211	99.9860	39.5990	0.8230	0.8243	5.0000	-9999.0000	-9999.0000	-9999.0000	-9999.0000	-9999.0000	-9999.0000	22.0716	1	0	27.3528	1.0000	08	4	-9999.0000	25078	62144	-9999	2633	2524	-9999	329.8737	5	0.6488	0.6486	0.0000	47.8994	1.5314	465.2850	293.9728	37.2346	433.4485	95.7554	460.2510	94.7230	464.7245	94.5912	468.6897	94.7010	
24/08/2017	03:18:47	019004	G523101048HLR	L523	S		437.2509	1.0233	10.0000	100.1060	39.5509	0.8230	0.8276	5.0000	19.9621	508.0464	94.9866	16.3221	23.4000	0.9300	0.9308	0.6644	-0.0010	508.0000	508.2863	1.0339	7.2216	100.0560	39.5384	0.8230	0.8249	5.0000	-9999.0000	-9999.0000	-9999.0000	-9999.0000	-9999.0000	-9999.0000	20.3421	2	0	27.1826	1.0000	08	4	-9999.0000	25079	62145	-9999	2634	2525	-9999	329.1914	5	0.6483	0.6644	-0.0010	48.6422	1.4977	462.9762	308.9982	37.9375	430.4514	96.0630	456.6963	95.0744	462.5475	94.8548	466.7261	94.8328	
24/08/2017	03:19:14	019004	G523101044HLR	L523	S		436.0738	1.0233	10.0000	99.9393	39.3333	0.8230	0.8286	5.0000	20.0520	508.0596	94.9646	16.9218	23.5000	0.9300	0.9307	0.6704	-0.0014	508.0000	508.2807	1.0339	7.2221	100.0382	39.8821	0.8230	0.8252	5.0000	-9999.0000	-9999.0000	-9999.0000	-9999.0000	-9999.0000	-9999.0000	20.8715	3	0	26.6330	1.0000	08	4	-9999.0000	25080	62146	-9999	2635	2526	-9999	328.7084	5	0.6481	0.6704	-0.0014	54.6569	1.1386	456.5642	304.8184	37.3224	424.5176	96.0630	451.0322	95.0305	456.0195	94.8987	460.5465	94.8328	
24/08/2017	03:19:41	019004	G523101047HLR	L523	S		436.1060	1.0233	10.0000	100.0032	39.9487	0.8230	0.8298	5.0000	19.9426	508.0767	94.9426	16.8017	23.5000	0.9300	0.9304	0.6710	-0.0014	508.0000	507.3937	1.0339	7.3060	100.0384	39.7998	0.8230	0.8245	5.0000	-9999.0000	-9999.0000	-9999.0000	-9999.0000	-9999.0000	-9999.0000	20.8615	4	0	27.0829	1.0000	08	4	-9999.0000	25081	62147	-9999	2636	2527	-9999	328.8159	5	0.6480	0.6710	-0.0014	47.1485	1.5645	459.7200	305.0020	38.0693	426.8094	96.1289	453.5170	95.2282	459.1564	95.1403	463.5327	94.9426	
24/08/2017	03:20:04	019004	G523101036HLR	L523	S		438.3371	1.0233	10.0000	99.9624	40.1235	0.8230	0.8287	5.0000	20.0616	508.0567	94.9207	15.6522	23.6000	0.9300	0.9302	0.6759	-0.0017	508.0000	509.8416	1.0339	7.0744	100.0569	39.4862	0.8230	0.8245	5.0000	-9999.0000	-9999.0000	-9999.0000	-9999.0000	-9999.0000	-9999.0000	20.4318	5	0	23.7732	1.0000	08	4	-9999.0000	25082	62148	-9999	2637	2528	-9999	329.8379	5	0.6478	0.6759	-0.0017	48.8453	1.4676	458.2691	309.1263	38.6405	425.9877	95.8653	452.4179	95.0305	457.6717	94.8987	462.6514	94.8767	
24/08/2017	03:20:34	019004	G523101037HLR	L523	S		437.6414	1.0233	10.0000	100.0383	39.5681	0.8230	0.8276	5.0000	20.0822	508.0398	94.8767	15.2625	23.6000	0.9300	0.9301	0.6739	-0.0016	508.0000	508.3885	1.0339	7.2119	100.0460	39.7659	0.8230	0.8253	5.0000	-9999.0000	-9999.0000	-9999.0000	-9999.0000	-9999.0000	-9999.0000	20.4916	6	0	29.1429	1.0000	08	4	-9999.0000	25083	62149	-9999	2638	2529	-9999	330.0146	5	0.6475	0.6739	-0.0016	46.7755	1.5763	461.6973	305.0766	37.6080	428.7952	96.0630	455.2598	95.1184	461.0208	95.0085	465.9201	94.9207	
24/08/2017	03:21:01	019004	G523101009HLR	L523	S		439.4607	1.0233	10.0000	99.9815	39.3400	0.8230	0.8285	5.0000	19.9621	508.0581	94.8548	14.9411	23.7000	0.9300	0.9300	0.6747	-0.0017	508.0000	508.8676	1.0339	7.1666	99.9541	39.9917	0.8230	0.8251	5.0000	-9999.0000	-9999.0000	-9999.0000	-9999.0000	-9999.0000	-9999.0000	20.3528	7	0	27.3537	1.0000	08	4	-9999.0000	25084	62150	-9999	2639	2530	-9999	330.1978	5	0.6472	0.6747	-0.0017	36.0802	2.1583	461.3906	307.6840	37.1687	430.4184	96.1728	454.9292	95.2941	460.6042	95.2282	466.1408	95.0085	
24/08/2017	03:21:28	019004	G523101017HLR	L523	S		439.6008	1.0233	10.0000	99.9460	39.9104	0.8230	0.8298	5.0000	20.0618	508.0601	94.8548	15.0017	23.8000	0.9300	0.9301	0.6746	-0.0016	508.0000	508.3802	1.0339	7.2127	99.9190	39.6408	0.8230	0.8243	5.0000	-9999.0000	-9999.0000	-9999.0000	-9999.0000	-9999.0000	-9999.0000	20.5726	8	0	26.6330	1.0000	08	4	-9999.0000	25085	62151	-9999	2640	2531	-9999	330.2896	5	0.6471	0.6746	-0.0016	34.4225	2.2513	463.1161	295.2452	37.9155	430.8972	96.1728	457.3589	95.3820	462.5179	95.3380	467.8763	94.9866	
24/08/2017	03:22:27	019004	G523101038HLR	L523	S		431.6346	1.0233	10.0000	100.0080	39.7204	0.8230	0.8278	5.0000	19.9816	508.0418	94.9866	17.2119	24.0000	0.9300	0.9303	0.6746	-0.0017	508.0000	505.6687	1.0339	7.3474	100.0409	39.8244	0.8230	0.8248	5.0000	-9999.0000	-9999.0000	-9999.0000	-9999.0000	-9999.0000	-9999.0000	20.9731	2	0	32.9639	1.0000	08	4	-9999.0000	25087	62152	-9999	2642	2532	-9999	328.1811	5	0.6468	0.6746	-0.0017	38.1721	2.0637	454.7799	261.2077	37.2785	422.8889	96.2387	448.3385	95.4698	454.2060	95.4479	459.2091	95.0525	
24/08/2017	03:22:53	019004	G523101014HLR	L523	S		437.2278	1.0233	10.0000	100.1936	39.3562	0.8230	0.8280	5.0000	19.9826	508.0545	94.8987	15.7019	23.9000	0.9300	0.9300	0.6654	-0.0011	508.0000	507.5991	1.0339	7.2866	99.9473	39.5288	0.8230	0.8243	5.0000	-9999.0000	-9999.0000	-9999.0000	-9999.0000	-9999.0000	-9999.0000	23.8131	3	0	25.9225	1.0000	08	4	-9999.0000	25088	62153	-9999	2643	2533	-9999	329.3264	5	0.6473	0.6654	-0.0011	43.0534	1.7589	465.3035	305.0245	38.9700	433.1368	96.3046	458.3736	95.4698	464.4897	95.4259	468.9532	95.0525	
24/08/2017	03:23:19	019004	G523101025HLR	L523	S		438.8939	1.0233	10.0000	100.0238	39.7435	0.8230	0.8294	5.0000	20.2522	508.0793	94.8548	14.6911	23.9000	0.9300	0.9297	0.6639	-0.0010	508.0000	507.8662	1.0339	7.2613	100.0369	39.8553	0.8230	0.8253	5.0000	-9999.0000	-9999.0000	-9999.0000	-9999.0000	-9999.0000	-9999.0000	20.8623	4	0	26.3136	1.0000	08	4	-9999.0000	25089	62154	-9999	2644	2534	-9999	329.9291	5	0.6478	0.6639	-0.0010	45.7471	1.5791	469.0601	309.7028	38.7283	437.2781	96.5902	463.7489	95.6676	468.6456	95.5358	473.3069	95.0964	
24/08/2017	03:23:43	019004	G523101033HLR	L523	S		439.7191	1.0233	10.0000	99.9835	40.1538	0.8230	0.8292	5.0000	20.0022	508.0375	94.8548	14.7419	23.9000	0.9300	0.9297	0.6639	-0.0010	508.0000	506.8514	1.0339	7.3573	100.0027	39.9008	0.8230	0.8247	5.0000	-9999.0000	-9999.0000	-9999.0000	-9999.0000	-9999.0000	-9999.0000	20.4115	5	0	23.6921	1.0000	08	4	-9999.0000	25090	62155	-9999	2645	2535	-9999	329.8631	5	0.6478	0.6639	-0.0010	45.7471	1.5791	469.9693	309.9496	37.5860	440.5429	96.3705	464.0425	95.4479	469.4157	95.3600	473.3535	95.0525	
24/08/2017	03:24:10	019004	G523101004HLR	L523	S		423.6331	1.0233	10.0000	100.0392	39.8977	0.8230	0.8281	5.0000	20.1126	508.0682	95.0525	20.9721	23.9000	0.9300	0.9297	0.6601	-0.0007	508.0000	503.9751	1.0339	7.2254	100.0325	39.5849	0.8230	0.8244	5.0000	-9999.0000	-9999.0000	-9999.0000	-9999.0000	-9999.0000	-9999.0000	20.3930	6	0	26.8232	1.0000	08	4	-9999.0000	25091	62156	-9999	2646	2536	-9999	327.4850	5	0.6481	0.6601	-0.0007	43.2655	1.7423	452.5631	309.1320	36.9270	424.3749	96.4364	446.9526	95.4918	452.1504	95.4039	456.5094	95.0744	
24/08/2017	03:24:37	019004	G523100992HLR	L523	S		439.8058	1.0233	10.0000	100.1088	39.4660	0.8230	0.8278	5.0000	20.2825	508.0577	94.9426	14.2614	23.9000	0.9300	0.9294	0.6620	-0.0009	508.0000	507.4838	1.0339	7.2975	99.9534	39.6410	0.8230	0.8250	5.0000	-9999.0000	-9999.0000	-9999.0000	-9999.0000	-9999.0000	-9999.0000	20.4902	7	0	27.2061	1.0000	08	4	-9999.0000	25092	62157	-9999	2647	2537	-9999	330.1547	5	0.6481	0.6620	-0.0009	43.1343	1.7494	473.2409	311.3994	39.8926	443.8733	96.4144	467.2596	95.6017	472.8477	95.3600	476.1325	95.0525	
24/08/2017	03:25:04	019004	G523101001HLR	L523	S		438.6797	1.0233	10.0000	100.0782	39.7435	0.8230	0.8293	5.0000	20.0216	508.0707	94.8987	14.3512	23.9000	0.9300	0.9294	0.6623	-0.0009	508.0000	507.7828	1.0339	7.2692	100.0560	40.0598	0.8230	0.8254	5.0000	-9999.0000	-9999.0000	-9999.0000	-9999.0000	-9999.0000	-9999.0000	20.2328	8	0	27.5101	1.0000	08	4	-9999.0000	25093	62158	-9999	2648	2538	-9999	330.1489	5	0.6485	0.6623	-0.0009	46.8971	1.5072	469.8302	309.6810	39.5631	440.6471	96.3046	464.8410	95.5138	469.1961	95.3600	474.7628	95.0525	
24/08/2017	03:25:34	019004	G523101010HLR	L523	S		417.3516	1.0233	10.0000	100.2032	40.0617	0.8230	0.8292	5.0000	20.2913	0.0000	0.0000	0.0000	0.0000	0.9300	0.0000	0.0000	0.0000	0.0000	419.9191	1.0339	1.1747	99.9517	39.8830	0.8230	0.8242	5.0000	-9999.0000	-9999.0000	-9999.0000	-9999.0000	-9999.0000	-9999.0000	21.7123	1	7	29.4436	1.0000	08	4	-9999.0000	25094	0	-9999	2649	2539	-9999	0.0000	0	0.0000	0.0000	0.0000	0.0000	0.0000	0.0000	0.0000	0.0000	0.0000	0.0000	0.0000	0.0000	0.0000	0.0000	0.0000	0.0000	
24/08/2017	03:26:02	019004	G523100988HLR	L523	S		437.3625	1.0233	10.0000	100.0159	39.9346	0.8230	0.8283	5.0000	19.9221	508.0423	94.8767	14.8825	24.1000	0.9300	0.9298	0.6576	-0.0005	508.0000	506.4174	1.0339	7.3984	100.0300	39.4770	0.8230	0.8244	5.0000	-9999.0000	-9999.0000	-9999.0000	-9999.0000	-9999.0000	-9999.0000	20.7132	2	0	27.8830	1.0000	08	4	-9999.0000	25095	62159	-9999	2650	2540	-9999	329.9981	5	0.6491	0.6576	-0.0005	41.3320	1.8621	473.3182	288.9615	40.3539	440.3796	96.2167	467.2392	95.6456	472.7795	95.6895	476.4288	95.0964	
24/08/2017	03:26:33	019004	G523101000HLR	L523	S		436.8147	1.0233	10.0000	100.0166	39.5693	0.8230	0.8279	5.0000	20.1916	508.0272	94.8987	15.5320	24.1000	0.9300	0.9296	0.6506	-0.0001	508.0000	507.8961	1.0339	7.2585	100.0260	39.9487	0.8230	0.8255	5.0000	-9999.0000	-9999.0000	-9999.0000	-9999.0000	-9999.0000	-9999.0000	20.7424	3	0	31.2828	1.0000	08	4	-9999.0000	25096	62160	-9999	2651	2541	-9999	329.9642	5	0.6493	0.6506	-0.0001	40.7169	1.9082	474.2995	316.1436	39.4093	445.0466	96.3485	468.9397	95.6676	473.7076	95.5797	478.1720	95.1184	
24/08/2017	03:27:01	019004	G523100989HLR	L523	S		437.8947	1.0233	10.0000	100.0019	39.5507	0.8230	0.8288	5.0000	20.0422	508.0390	94.8767	15.6121	24.0000	0.9300	0.9294	0.6510	-0.0001	508.0000	507.5440	1.0339	7.2918	99.9845	40.0699	0.8230	0.8248	5.0000	-9999.0000	-9999.0000	-9999.0000	-9999.0000	-9999.0000	-9999.0000	20.3020	4	0	27.7532	1.0000	08	4	-9999.0000	25097	62161	-9999	2652	2542	-9999	330.0744	5	0.6497	0.6510	-0.0001	41.6254	1.8539	474.5524	319.2752	39.8047	446.0640	96.2167	469.8977	95.4918	474.0715	95.3600	477.6904	95.0744	
24/08/2017	03:27:28	019004	G523101031HLR	L523	S		432.3318	1.0233	10.0000	99.9995	39.9988	0.8230	0.8294	5.0000	19.9622	508.0342	95.0305	17.7725	24.1000	0.9300	0.9294	0.6510	-0.0001	508.0000	507.2441	1.0339	7.3202	99.9752	39.4940	0.8230	0.8240	5.0000	-9999.0000	-9999.0000	-9999.0000	-9999.0000	-9999.0000	-9999.0000	23.4626	5	0	27.4933	1.0000	08	4	-9999.0000	25098	62162	-9999	2653	2543	-9999	329.9765	5	0.6497	0.6510	-0.0001	41.6254	1.8539	468.6381	321.9105	39.0139	441.2465	96.3485	463.9887	95.5797	468.2156	95.4698	472.1389	95.0964	
24/08/2017	03:27:55	019004	G523100981HLR	L523	S		437.4913	1.0233	10.0000	99.9522	40.0744	0.8230	0.8285	5.0000	20.3928	508.0613	94.9207	16.0516	24.1000	0.9300	0.9294	0.6518	-0.0001	508.0000	507.2504	1.0339	7.3196	100.0226	39.6993	0.8230	0.8252	5.0000	-9999.0000	-9999.0000	-9999.0000	-9999.0000	-9999.0000	-9999.0000	21.2925	6	0	27.2931	1.0000	08	4	-9999.0000	25099	62163	-9999	2654	2544	-9999	330.1875	5	0.6499	0.6518	-0.0001	41.2427	1.8709	473.2967	312.6480	40.2880	444.5634	96.1948	467.8992	95.5577	472.7450	95.4039	476.7926	95.0964	
24/08/2017	03:28:25	019004	G523100990HLR	L523	S		429.5008	1.0233	10.0000	100.0289	39.6105	0.8230	0.8278	5.0000	20.6818	508.0434	95.0305	19.5920	24.1000	0.9300	0.9295	0.6525	-0.0002	508.0000	507.8988	1.0339	7.2582	100.0171	40.1667	0.8230	0.8254	5.0000	-9999.0000	-9999.0000	-9999.0000	-9999.0000	-9999.0000	-9999.0000	20.3323	7	0	29.4534	1.0000	08	4	-9999.0000	25100	62164	-9999	2655	2545	-9999	329.9419	5	0.6500	0.6525	-0.0002	41.2023	1.8731	464.2979	319.8628	38.9480	435.2455	96.5682	459.1104	95.7554	463.8508	95.6017	467.2940	95.1403	
24/08/2017	03:28:56	019004	G523100969HLR	L523	S		434.3876	1.0233	10.0000	99.9907	39.5384	0.8230	0.8287	5.0000	19.8821	508.0536	94.9207	15.8416	24.0000	0.9300	0.9293	0.6525	-0.0002	508.0000	508.2722	1.0339	7.2229	100.0234	39.8877	0.8230	0.8244	5.0000	-9999.0000	-9999.0000	-9999.0000	-9999.0000	-9999.0000	-9999.0000	20.6215	8	0	31.2730	1.0000	08	4	-9999.0000	25101	62165	-9999	2656	2546	-9999	330.2980	5	0.6500	0.6525	-0.0002	41.2023	1.8731	472.3378	305.8000	39.1018	441.9736	96.3925	466.9233	95.6895	471.6524	95.4698	476.1927	95.1184	
