Data	Timp	Nr. masina	Nr. de serie	Tip	Productie	Comentariu	Pre-masurare Q [ml/min]	Pre-masurare Gain	Pre-masurare Offset Master	Pre-masurare P [bar]	Pre-masurare T [°C]	Pre-masurare Densitate fixa [kg/l]	Pre-masurare densitate masurata [kg/l]	Pre-masurare Timp masurare [s]	Pre-masurare Cycle time [s]	rectificare Q Oprire [ml/min]	rectificare P Oprire [bar]	rectificare Timp rectificare [s]	rectificare T [°C]	rectificare Densitate fixa [kg/l]	rectificare densitate masurata [kg/l]	rectificare Factor de masurare la rectificare	rectificare Factor de corectie a debitului	rectificare Target rectificare	Masurare Q [ml/min]	Masurare Gain	Masurare Offset Master	Masurare P [bar]	Masurare T [°C]	Masurare Densitate fixa [kg/l]	Masurare densitate masurata [kg/l]	Masurare Timp masurare [s]	Masurare Q [ml/min]	Masurare Delta Q [ml/min]	Masurare P [bar]	Masurare BP [bar]	Masurare T [°C]	Masurare Timp masurare [s]	Masurare Cycle time [s]	Nest Nr.	Cod de descarcare	Cycle time [s]	Traceability aktiv	EDM Maschine Nr	EDM Spindle Nr	Honing Rate [r	Station Counter Premeasure	Station Counter Grind	Station Counter Blowout 1	Station Counter Wash	Station Counter Measure	Station Counter Blowout 2	RealGrindQStop	Reg Type	Factor 0	Factor 1	Factor 2	Factor 3	Factor 4	G_StartQV	G_StartQV_1	G_StartQV_2	G_StartQV_3	G_StartQV_4	G_StartQV_5	
29/08/2017	00:00:10	019004	H375136243HLR	L375	S		742.9156	1.0230	0.0000	99.9297	40.2438	0.8230	0.8274	4.0000	20.4114	860.0787	94.8987	21.7222	24.5000	0.9300	0.9256	0.7393	-0.0008	860.0000	860.2599	1.0339	-5.4770	100.0103	39.8752	0.8230	0.8235	5.0000	-9999.0000	-9999.0000	-9999.0000	-9999.0000	-9999.0000	-9999.0000	21.4927	2	0	23.4127	1.0000	14	4	-9999.0000	34345	70613	-9999	1072	1068	-9999	620.5289	5	0.7213	0.7393	-0.0008	100.1723	0.8387	722.4833	314.0242	37.1906	700.5754	95.1623	762.7364	94.6571	771.0236	94.8987	777.4847	95.0525	
29/08/2017	00:01:21	019004	H375136240HLR	L375	S		741.1174	1.0230	0.0000	100.1854	40.2461	0.8230	0.8278	4.0000	19.4219	860.0768	94.8987	20.9623	24.6000	0.9300	0.9259	0.7391	-0.0008	860.0000	860.6725	1.0339	-5.4863	100.0861	39.7521	0.8230	0.8234	5.0000	-9999.0000	-9999.0000	-9999.0000	-9999.0000	-9999.0000	-9999.0000	20.5921	4	0	36.3743	1.0000	14	4	-9999.0000	34347	70614	-9999	1074	1069	-9999	621.0372	5	0.7210	0.7391	-0.0008	106.7003	0.5175	726.1296	285.0114	37.6080	704.8183	95.0085	764.9495	94.7230	773.8990	94.9646	780.6003	95.0744	
29/08/2017	00:01:53	019004	H375136287HLR	L375	S		741.3748	1.0230	0.0000	100.2121	40.1466	0.8230	0.8279	4.0000	19.2425	860.0814	95.0085	22.9626	24.5000	0.9300	0.9257	0.7394	-0.0008	860.0000	861.6386	1.0339	-5.5083	99.9408	39.9487	0.8230	0.8240	5.0000	-9999.0000	-9999.0000	-9999.0000	-9999.0000	-9999.0000	-9999.0000	23.1931	5	0	32.8229	1.0000	14	4	-9999.0000	34347	70615	-9999	1075	1070	-9999	619.7023	5	0.7211	0.7394	-0.0008	104.2811	0.6695	728.8027	323.1700	39.4533	708.5323	95.0964	761.2674	94.6571	769.5047	94.9426	775.6203	95.0964	
29/08/2017	00:02:52	019004	H375136295HLR	L375	S		741.1055	1.0230	0.0000	100.1599	40.3318	0.8230	0.8278	4.0000	20.1332	860.0643	94.9426	22.4928	24.5000	0.9300	0.9257	0.7388	-0.0008	860.0000	860.2124	1.0339	-5.4759	99.9579	39.5384	0.8230	0.8234	5.0000	-9999.0000	-9999.0000	-9999.0000	-9999.0000	-9999.0000	-9999.0000	25.4226	7	0	26.6437	1.0000	14	4	-9999.0000	34348	70616	-9999	1077	1071	-9999	620.0698	5	0.7213	0.7388	-0.0008	94.5825	1.1518	720.6604	284.5990	35.7188	699.5992	95.0964	760.7489	94.6790	770.0292	94.9866	776.5820	95.0744	
29/08/2017	00:03:26	019004	H375136302HLR	L375	S		739.6732	1.0230	0.0000	99.9222	40.3364	0.8230	0.8281	4.0000	19.4729	860.0855	94.9646	24.6630	24.6000	0.9300	0.9258	0.7376	-0.0008	860.0000	861.3720	1.0339	-5.5022	99.9884	40.0512	0.8230	0.8242	5.0000	-9999.0000	-9999.0000	-9999.0000	-9999.0000	-9999.0000	-9999.0000	23.2018	8	0	34.5733	1.0000	14	4	-9999.0000	34349	70617	-9999	1078	1072	-9999	618.5516	5	0.7209	0.7376	-0.0008	95.8284	1.0842	714.4835	305.0523	36.5755	692.7741	95.2502	751.7337	94.7010	760.9733	94.9207	766.3344	95.0744	
29/08/2017	00:04:01	019004	H375136312HLR	L375	S		742.8985	1.0230	0.0000	100.1089	40.1538	0.8230	0.8275	4.0000	19.2120	860.0790	94.8767	20.9623	24.5000	0.9300	0.9258	0.7376	-0.0008	860.0000	861.5522	1.0339	-5.5063	100.0678	40.0740	0.8230	0.8233	5.0000	-9999.0000	-9999.0000	-9999.0000	-9999.0000	-9999.0000	-9999.0000	20.9427	1	0	34.7646	1.0000	14	4	-9999.0000	34350	70618	-9999	1079	1073	-9999	620.9543	5	0.7209	0.7376	-0.0008	95.8284	1.0842	725.5359	301.1348	36.4437	704.0406	95.1403	765.1731	94.6131	774.2639	94.8987	781.0845	95.1184	
29/08/2017	00:04:26	019004	H375136321HLR	L375	S		740.9788	1.0230	0.0000	99.9049	40.0379	0.8230	0.8278	4.0000	19.3322	860.0623	94.7669	20.0423	24.6000	0.9300	0.9256	0.7376	-0.0008	860.0000	860.8596	1.0339	-5.4906	100.0067	39.6410	0.8230	0.8233	5.0000	-9999.0000	-9999.0000	-9999.0000	-9999.0000	-9999.0000	-9999.0000	24.1226	2	0	24.6120	1.0000	14	4	-9999.0000	34351	70619	-9999	1080	1074	-9999	621.5333	5	0.7209	0.7376	-0.0008	95.8284	1.0842	726.9956	307.3527	38.0693	705.3817	94.9866	765.1410	94.6131	774.0398	94.8987	780.6921	95.0744	
29/08/2017	00:04:56	019004	H375136314HLR	L375	S		549.7920	1.0230	0.0000	99.8800	40.0295	0.8230	0.8290	4.0000	19.4816	0.0000	0.0000	0.0000	0.0000	0.9300	0.0000	0.0000	0.0000	0.0000	564.2069	1.0339	2.5543	100.0590	39.8461	0.8230	0.8248	5.0000	-9999.0000	-9999.0000	-9999.0000	-9999.0000	-9999.0000	-9999.0000	20.3919	3	7	30.5338	1.0000	14	4	-9999.0000	34352	0	-9999	1081	1075	-9999	0.0000	0	0.0000	0.0000	0.0000	0.0000	0.0000	0.0000	0.0000	0.0000	0.0000	0.0000	0.0000	0.0000	0.0000	0.0000	0.0000	0.0000	
29/08/2017	00:05:30	019004	H375136290HLR	L375	S		741.0136	1.0230	0.0000	100.1968	40.4247	0.8230	0.8282	4.0000	19.2814	860.0881	95.0085	22.7926	24.6000	0.9300	0.9260	0.7395	-0.0008	860.0000	859.5616	1.0339	-5.4611	100.0002	39.9538	0.8230	0.8234	5.0000	-9999.0000	-9999.0000	-9999.0000	-9999.0000	-9999.0000	-9999.0000	24.7526	4	0	33.9639	1.0000	14	4	-9999.0000	34353	70620	-9999	1082	1076	-9999	619.6461	5	0.7204	0.7395	-0.0008	109.4349	0.4337	719.2855	281.9318	35.8726	697.6805	94.9866	757.9211	94.7230	766.8238	94.9866	772.4973	95.0744	
29/08/2017	00:06:01	019004	H375136318HLR	L375	S		739.5221	1.0230	0.0000	100.0633	40.2420	0.8230	0.8279	4.0000	19.2024	860.0644	94.9207	22.9020	24.7000	0.9300	0.9261	0.7377	-0.0008	860.0000	860.0001	1.0339	-5.4711	100.0083	39.7186	0.8230	0.8232	5.0000	-9999.0000	-9999.0000	-9999.0000	-9999.0000	-9999.0000	-9999.0000	24.6033	5	0	30.4438	1.0000	14	4	-9999.0000	34354	70621	-9999	1083	1077	-9999	619.4080	5	0.7206	0.7377	-0.0008	115.1018	0.1943	719.3416	293.7240	37.5421	697.4582	95.0744	758.7688	94.6351	767.5994	94.8987	775.1785	95.0744	
29/08/2017	00:06:29	019004	H375136303HLR	L375	S		594.5381	1.0230	0.0000	100.0099	39.9466	0.8230	0.8282	4.0000	19.3721	0.0000	0.0000	0.0000	0.0000	0.9300	0.0000	0.0000	0.0000	0.0000	594.0260	1.0339	-0.8654	100.0040	39.7984	0.8230	0.8245	5.0000	-9999.0000	-9999.0000	-9999.0000	-9999.0000	-9999.0000	-9999.0000	20.3919	6	7	28.2131	1.0000	14	4	-9999.0000	34355	0	-9999	1084	1078	-9999	0.0000	0	0.0000	0.0000	0.0000	0.0000	0.0000	0.0000	0.0000	0.0000	0.0000	0.0000	0.0000	0.0000	0.0000	0.0000	0.0000	0.0000	
29/08/2017	00:07:02	019004	H375135836HLR	L375	S		756.7481	1.0230	0.0000	99.8614	40.2019	0.8230	0.8270	4.0000	21.3823	860.0512	94.7230	18.7316	24.6000	0.9300	0.9258	0.7377	-0.0008	860.0000	864.8102	1.0339	-5.5803	100.0571	40.0506	0.8230	0.8237	5.0000	-9999.0000	-9999.0000	-9999.0000	-9999.0000	-9999.0000	-9999.0000	20.9925	7	0	32.9734	1.0000	14	4	-9999.0000	34356	70622	-9999	1085	1079	-9999	622.1110	5	0.7206	0.7377	-0.0008	115.1018	0.1943	739.6381	287.1879	37.3224	717.7702	94.9207	779.7266	94.6571	788.8920	94.9426	794.8476	95.0964	
29/08/2017	00:07:37	019004	H375136308HLR	L375	S		740.1231	1.0230	0.0000	99.9856	40.3180	0.8230	0.8278	4.0000	19.7911	860.1105	94.9646	22.1021	24.7000	0.9300	0.9259	0.7373	-0.0008	860.0000	859.0305	1.0339	-5.4490	99.9907	39.7996	0.8230	0.8232	5.0000	-9999.0000	-9999.0000	-9999.0000	-9999.0000	-9999.0000	-9999.0000	22.7729	8	0	35.2941	1.0000	14	4	-9999.0000	34356	70623	-9999	1086	1080	-9999	619.9346	5	0.7205	0.7373	-0.0008	116.5069	0.1253	723.4116	304.5866	37.8716	702.4971	95.0525	762.9366	94.6351	771.3715	94.9646	777.4634	95.0964	
29/08/2017	00:08:05	019004	H375137116HLR	L375	S		752.9505	1.0230	0.0000	100.1564	40.1538	0.8230	0.8275	4.0000	19.4827	860.0614	94.7230	18.6222	24.6000	0.9300	0.9258	0.7374	-0.0008	860.0000	862.9837	1.0339	-5.5388	99.9964	39.8461	0.8230	0.8237	5.0000	-9999.0000	-9999.0000	-9999.0000	-9999.0000	-9999.0000	-9999.0000	22.0427	1	0	28.1633	1.0000	14	4	-9999.0000	34357	70624	-9999	1087	1081	-9999	622.1568	5	0.7206	0.7374	-0.0008	109.1012	0.4740	736.0010	302.9527	35.9824	714.1614	95.1623	775.5614	94.6351	784.3776	94.9426	791.3351	95.0964	
29/08/2017	00:08:38	019004	H375137109HLR	L375	S		753.0623	1.0230	0.0000	99.9593	40.0487	0.8230	0.8277	4.0000	19.4816	860.0471	94.7010	16.4911	24.6000	0.9300	0.9257	0.7374	-0.0008	860.0000	863.4652	1.0339	-5.5497	100.0622	39.9745	0.8230	0.8235	5.0000	-9999.0000	-9999.0000	-9999.0000	-9999.0000	-9999.0000	-9999.0000	21.4330	2	0	32.9733	1.0000	14	4	-9999.0000	34358	70625	-9999	1088	1082	-9999	623.5280	5	0.7206	0.7374	-0.0008	109.1012	0.4740	739.5047	311.3960	37.7837	717.4301	94.7889	779.5863	94.5692	789.4417	94.9207	796.8904	95.1184	
29/08/2017	00:09:10	019004	H375135838HLR	L375	S		748.5498	1.0230	0.0000	100.0604	40.2139	0.8230	0.8280	4.0000	19.5421	860.0441	94.9426	21.1831	24.6000	0.9300	0.9258	0.7365	-0.0007	860.0000	860.9613	1.0339	-5.4929	100.0284	39.8048	0.8230	0.8234	5.0000	-9999.0000	-9999.0000	-9999.0000	-9999.0000	-9999.0000	-9999.0000	20.4926	3	0	31.5440	1.0000	14	4	-9999.0000	34359	70626	-9999	1089	1083	-9999	620.3990	5	0.7205	0.7365	-0.0007	110.6199	0.4078	732.1596	318.9031	37.3444	711.9742	95.0525	764.7800	94.6790	773.3227	94.9646	779.8415	95.1184	
29/08/2017	00:09:41	019004	H375136291HLR	L375	S		727.1981	1.0230	0.0000	100.0965	40.2727	0.8230	0.8276	4.0000	20.4623	860.0584	94.9426	23.5417	24.5000	0.9300	0.9257	0.7261	-0.0003	860.0000	860.6176	1.0339	-5.4851	100.0498	39.9632	0.8230	0.8238	5.0000	-9999.0000	-9999.0000	-9999.0000	-9999.0000	-9999.0000	-9999.0000	20.6927	4	0	30.8926	1.0000	14	4	-9999.0000	34360	70627	-9999	1090	1084	-9999	618.9450	5	0.7204	0.7261	-0.0003	68.4719	2.2393	724.1236	309.0113	36.5316	703.0320	95.1843	762.2948	94.7010	769.9779	94.9426	775.7789	95.1184	
29/08/2017	00:10:15	019004	H375136223HLR	L375	S		756.9372	1.0230	0.0000	100.0801	40.1538	0.8230	0.8276	4.0000	19.4220	860.0374	94.7669	16.3817	24.6000	0.9300	0.9257	0.7261	-0.0003	860.0000	860.4092	1.0339	-5.4803	99.9960	39.8570	0.8230	0.8233	5.0000	-9999.0000	-9999.0000	-9999.0000	-9999.0000	-9999.0000	-9999.0000	21.3431	5	0	34.2246	1.0000	14	4	-9999.0000	34361	70628	-9999	1091	1085	-9999	620.8422	5	0.7204	0.7261	-0.0003	68.4719	2.2393	750.3432	315.1352	37.3224	727.9566	95.0525	790.4829	94.6131	799.5974	94.9426	806.1907	95.0964	
29/08/2017	00:10:47	019004	H375137121HLR	L375	S		741.9812	1.0230	0.0000	100.1650	40.1515	0.8230	0.8278	4.0000	19.6623	860.0621	94.8987	21.2426	24.6000	0.9300	0.9258	0.7257	-0.0002	860.0000	860.0281	1.0339	-5.4717	100.0596	39.8461	0.8230	0.8236	5.0000	-9999.0000	-9999.0000	-9999.0000	-9999.0000	-9999.0000	-9999.0000	21.0816	6	0	32.4129	1.0000	14	4	-9999.0000	34362	70629	-9999	1092	1086	-9999	620.1381	5	0.7207	0.7257	-0.0002	80.9592	1.6772	737.9576	319.6068	37.3444	716.3250	95.0964	775.4030	94.6790	784.1464	94.9426	790.4849	95.1184	
29/08/2017	00:11:19	019004	H375137132HLR	L375	S		743.7088	1.0230	0.0000	100.1454	40.2262	0.8230	0.8280	4.0000	19.3820	860.0437	94.7449	19.6624	24.7000	0.9300	0.9259	0.7251	-0.0002	860.0000	859.8898	1.0339	-5.4686	100.0202	39.9266	0.8230	0.8236	5.0000	-9999.0000	-9999.0000	-9999.0000	-9999.0000	-9999.0000	-9999.0000	23.3922	7	0	31.8141	1.0000	14	4	-9999.0000	34363	70630	-9999	1093	1087	-9999	620.2505	5	0.7208	0.7251	-0.0002	71.8172	2.1531	740.0773	313.0726	38.2011	718.5430	95.1843	778.5305	94.7010	786.2079	94.9426	792.2874	95.1184	
29/08/2017	00:11:47	019004	H375137110HLR	L375	S		744.9838	1.0230	0.0000	100.2165	40.2226	0.8230	0.8279	4.0000	19.2229	860.0583	94.6790	19.0920	24.7000	0.9300	0.9259	0.7248	-0.0002	860.0000	859.4600	1.0339	-5.4588	100.0301	39.7929	0.8230	0.8234	5.0000	-9999.0000	-9999.0000	-9999.0000	-9999.0000	-9999.0000	-9999.0000	21.5921	8	0	27.6329	1.0000	14	4	-9999.0000	34364	70631	-9999	1094	1088	-9999	620.3103	5	0.7209	0.7248	-0.0002	68.9767	2.2448	739.6101	318.8981	36.4877	717.8169	95.0744	780.0966	94.6571	788.9139	94.9866	795.0011	95.1184	
29/08/2017	00:12:15	019004	H375137127HLR	L375	S		755.9155	1.0230	0.0000	100.1120	40.1518	0.8230	0.8278	4.0000	19.3431	860.0893	94.6790	18.6720	24.7000	0.9300	0.9260	0.7248	-0.0002	860.0000	862.1562	1.0339	-5.5200	100.0272	39.9114	0.8230	0.8237	5.0000	-9999.0000	-9999.0000	-9999.0000	-9999.0000	-9999.0000	-9999.0000	20.4926	1	0	28.0833	1.0000	14	4	-9999.0000	34365	70632	-9999	1095	1089	-9999	620.3821	5	0.7209	0.7248	-0.0002	68.9767	2.2448	754.8662	310.3426	38.5965	734.0391	94.9866	788.0872	94.6790	796.6821	94.9646	802.4924	95.1623	
29/08/2017	00:12:43	019004	H375137131HLR	L375	S		745.5163	1.0230	0.0000	99.9796	40.1431	0.8230	0.8279	4.0000	19.3019	860.0592	94.9646	20.6224	24.7000	0.9300	0.9259	0.7246	-0.0002	860.0000	861.1669	1.0339	-5.4975	100.0647	39.8742	0.8230	0.8234	5.0000	-9999.0000	-9999.0000	-9999.0000	-9999.0000	-9999.0000	-9999.0000	21.2727	2	0	28.3030	1.0000	14	4	-9999.0000	34366	70633	-9999	1096	1090	-9999	619.9939	5	0.7208	0.7246	-0.0002	69.3987	2.1911	738.7839	309.1293	35.8726	716.5904	95.0744	779.3797	94.7669	788.3715	95.0085	794.9731	95.1184	
29/08/2017	00:13:13	019004	H375137139HLR	L375	S		742.8563	1.0230	0.0000	99.9557	40.2303	0.8230	0.8280	4.0000	19.5324	860.0776	94.7889	20.0018	24.7000	0.9300	0.9258	0.7255	-0.0002	860.0000	859.6647	1.0339	-5.4634	100.0123	39.8461	0.8230	0.8235	5.0000	-9999.0000	-9999.0000	-9999.0000	-9999.0000	-9999.0000	-9999.0000	21.2729	3	0	30.0131	1.0000	14	4	-9999.0000	34367	70634	-9999	1097	1091	-9999	620.1082	5	0.7210	0.7255	-0.0002	62.2319	2.6281	737.1091	303.8147	37.9155	715.6735	95.1623	775.8022	94.7010	784.6585	94.9207	790.8569	95.1403	
29/08/2017	00:13:43	019004	H375136152HLR	L375	S		750.5313	1.0230	0.0000	99.9761	40.2709	0.8230	0.8279	4.0000	19.2622	860.0690	94.8108	15.9618	24.7000	0.9300	0.9259	0.7255	-0.0002	860.0000	859.6847	1.0339	-5.4639	100.0152	39.8828	0.8230	0.8236	5.0000	-9999.0000	-9999.0000	-9999.0000	-9999.0000	-9999.0000	-9999.0000	21.7328	4	0	30.1236	1.0000	14	1	-9999.0000	34368	70635	-9999	1098	1092	-9999	620.9921	5	0.7210	0.7255	-0.0002	62.2319	2.6281	748.9891	300.2449	37.9375	727.0328	94.9646	790.2998	94.6131	799.8653	94.9426	807.0479	95.1403	
29/08/2017	00:15:26	019004	H375136170HLR	L375	S		748.2691	1.0230	0.0000	100.0215	40.1988	0.8230	0.8278	4.0000	19.2824	860.0462	94.7449	16.3026	24.7000	0.9300	0.9258	0.7254	-0.0002	860.0000	859.5979	1.0339	-5.4619	100.0062	39.8912	0.8230	0.8234	5.0000	-9999.0000	-9999.0000	-9999.0000	-9999.0000	-9999.0000	-9999.0000	20.6116	5	0	102.5516	1.0000	14	1	-9999.0000	34369	70636	-9999	1099	1093	-9999	620.8839	5	0.7210	0.7254	-0.0002	59.2627	2.7769	748.9622	314.3064	37.9595	727.4340	94.8767	788.5909	94.6351	797.5677	94.9426	804.0347	95.1403	
29/08/2017	00:15:54	019004	H375136132HLR	L375	S		741.3618	1.0230	0.0000	100.0289	40.1328	0.8230	0.8278	4.0000	19.2619	860.0525	94.7449	16.6718	24.7000	0.9300	0.9258	0.7269	-0.0003	860.0000	860.5625	1.0339	-5.4838	100.0707	39.8461	0.8230	0.8235	5.0000	-9999.0000	-9999.0000	-9999.0000	-9999.0000	-9999.0000	-9999.0000	23.4626	6	0	28.4337	1.0000	14	1	-9999.0000	34370	70637	-9999	1100	1093	-9999	620.7935	5	0.7208	0.7269	-0.0003	55.3837	2.9860	744.8206	311.5056	36.0264	723.0865	95.1403	785.5094	94.6790	795.3573	94.9866	802.5728	95.1403	
29/08/2017	00:16:23	019004	H375136134HLR	L375	S		748.0365	1.0230	0.0000	100.0254	40.1290	0.8230	0.8278	4.0000	19.3527	860.0591	94.8328	18.2423	24.6000	0.9300	0.9257	0.7271	-0.0003	860.0000	862.9288	1.0339	-5.5375	99.9841	39.7370	0.8230	0.8237	5.0000	-9999.0000	-9999.0000	-9999.0000	-9999.0000	-9999.0000	-9999.0000	22.1921	7	0	28.3831	1.0000	14	1	-9999.0000	34371	70637	-9999	1101	1094	-9999	620.4827	5	0.7208	0.7271	-0.0003	61.6814	2.6676	747.5359	316.1573	38.1352	726.3782	95.0305	786.4124	94.7449	795.0233	94.9866	801.0213	95.1184	
29/08/2017	00:16:52	019004	H375135983HLR	L375	S		721.4388	1.0230	0.0000	100.0159	40.1316	0.8230	0.8280	4.0000	19.4923	860.0653	94.7010	18.4122	24.5000	0.9300	0.9255	0.7277	-0.0003	860.0000	861.8036	1.0339	-5.5120	100.0137	39.9487	0.8230	0.8239	5.0000	-9999.0000	-9999.0000	-9999.0000	-9999.0000	-9999.0000	-9999.0000	23.6227	8	0	29.5327	1.0000	14	1	-9999.0000	34372	70637	-9999	1102	1095	-9999	620.4719	5	0.7210	0.7277	-0.0003	60.3751	2.8208	725.0143	312.1508	37.8496	703.1001	95.1184	768.0315	94.6351	779.1594	94.9426	786.7395	95.1403	
29/08/2017	00:17:21	019004	H375136139HLR	L375	S		746.3356	1.0230	0.0000	99.9692	40.2052	0.8230	0.8281	4.0000	19.2413	860.0461	94.6790	18.1622	24.6000	0.9300	0.9256	0.7277	-0.0003	860.0000	860.9819	1.0339	-5.4933	100.0017	39.8619	0.8230	0.8231	5.0000	-9999.0000	-9999.0000	-9999.0000	-9999.0000	-9999.0000	-9999.0000	22.2926	1	0	28.9533	1.0000	14	1	-9999.0000	34373	70637	-9999	1103	1096	-9999	620.5392	5	0.7210	0.7277	-0.0003	60.3751	2.8208	741.8258	309.0513	37.8277	721.0347	95.0085	779.4377	94.6790	788.5463	94.9866	795.2671	95.1623	
29/08/2017	00:17:49	019004	H375136137HLR	L375	S		749.7241	1.0230	0.0000	100.0218	40.2144	0.8230	0.8270	4.0000	21.0618	860.0578	94.7669	16.7118	24.5000	0.9300	0.9257	0.7253	-0.0002	860.0000	861.2927	1.0339	-5.5004	99.9880	39.7180	0.8230	0.8235	5.0000	-9999.0000	-9999.0000	-9999.0000	-9999.0000	-9999.0000	-9999.0000	25.0330	2	0	28.2337	1.0000	14	1	-9999.0000	34374	70638	-9999	1104	1097	-9999	620.9053	5	0.7213	0.7253	-0.0002	86.2116	1.4923	747.6189	282.1069	37.4542	725.1240	94.7889	787.9418	94.7889	797.2137	95.0085	803.6081	95.1184	
29/08/2017	00:18:18	019004	H375136171HLR	L375	S		749.5359	1.0230	0.0000	99.9845	40.7411	0.8230	0.8282	4.0000	19.4514	860.0733	94.7230	16.5722	24.6000	0.9300	0.9258	0.7258	-0.0002	860.0000	859.8709	1.0339	-5.4681	100.0315	39.9503	0.8230	0.8237	5.0000	-9999.0000	-9999.0000	-9999.0000	-9999.0000	-9999.0000	-9999.0000	21.4420	3	0	28.4730	1.0000	14	1	-9999.0000	34375	70639	-9999	1105	1098	-9999	621.0904	5	0.7210	0.7258	-0.0002	87.1207	1.4540	741.2194	309.9266	37.1687	718.0095	95.0525	786.3450	94.6351	794.9448	94.9866	801.1851	95.1403	
29/08/2017	00:18:45	019004	H375136173HLR	L375	S		746.7778	1.0230	0.0000	100.0300	40.4779	0.8230	0.8273	4.0000	19.5022	860.0977	94.8548	17.8926	24.6000	0.9300	0.9258	0.7272	-0.0003	860.0000	862.6385	1.0339	-5.5310	100.0051	39.9174	0.8230	0.8233	5.0000	-9999.0000	-9999.0000	-9999.0000	-9999.0000	-9999.0000	-9999.0000	20.2921	4	0	27.4629	1.0000	14	1	-9999.0000	34376	70640	-9999	1106	1099	-9999	620.3166	5	0.7209	0.7272	-0.0003	88.3655	1.3813	741.8910	312.1671	36.5755	719.9683	95.0964	783.3299	94.7230	792.0875	95.0305	798.5002	95.1184	
29/08/2017	00:19:13	019004	H375136177HLR	L375	S		750.9007	1.0230	0.0000	100.0531	39.9998	0.8230	0.8263	4.0000	20.6418	860.0752	94.6351	17.1318	24.6000	0.9300	0.9257	0.7282	-0.0004	860.0000	861.8022	1.0339	-5.5120	100.0536	39.7655	0.8230	0.8234	5.0000	-9999.0000	-9999.0000	-9999.0000	-9999.0000	-9999.0000	-9999.0000	20.7122	5	0	27.6632	1.0000	14	1	-9999.0000	34377	70641	-9999	1107	1100	-9999	620.4456	5	0.7209	0.7282	-0.0004	89.8985	1.3049	748.4355	313.5615	35.8946	726.8589	95.1843	787.1840	94.7230	796.4699	94.9866	803.2785	95.1184	
29/08/2017	00:19:41	019004	H375136174HLR	L375	S		750.7920	1.0230	0.0000	99.9796	39.9103	0.8230	0.8277	4.0000	19.1818	860.0692	94.6131	16.6112	24.6000	0.9300	0.9258	0.7287	-0.0004	860.0000	860.5924	1.0339	-5.4845	100.0482	39.9487	0.8230	0.8237	5.0000	-9999.0000	-9999.0000	-9999.0000	-9999.0000	-9999.0000	-9999.0000	20.9828	6	0	27.9231	1.0000	14	1	-9999.0000	34378	70642	-9999	1108	1101	-9999	620.4922	5	0.7208	0.7287	-0.0004	89.2204	1.3468	746.9235	312.7687	37.9814	725.5747	95.0085	786.7376	94.7010	795.7382	95.0085	802.0792	95.1403	
29/08/2017	00:20:08	019004	H375135989HLR	L375	S		749.9514	1.0230	0.0000	100.0920	40.2088	0.8230	0.8284	4.0000	19.4016	860.0506	94.6351	16.7314	24.6000	0.9300	0.9259	0.7291	-0.0004	860.0000	862.0959	1.0339	-5.5186	100.0765	39.9407	0.8230	0.8234	5.0000	-9999.0000	-9999.0000	-9999.0000	-9999.0000	-9999.0000	-9999.0000	20.9125	7	0	27.7629	1.0000	14	1	-9999.0000	34379	70643	-9999	1109	1102	-9999	620.6182	5	0.7210	0.7291	-0.0004	86.2280	1.5061	745.8854	316.3631	37.8057	724.3015	95.0085	786.6747	94.7230	796.1589	94.9866	802.5456	95.1403	
29/08/2017	00:20:38	019004	H375136237HLR	L375	S		749.5063	1.0230	0.0000	99.9471	40.4196	0.8230	0.8282	4.0000	19.3019	860.0880	94.6571	15.8123	24.6000	0.9300	0.9258	0.7415	-0.0012	860.0000	859.9733	1.0339	-5.4704	100.0213	39.8062	0.8230	0.8234	5.0000	-9999.0000	-9999.0000	-9999.0000	-9999.0000	-9999.0000	-9999.0000	20.5021	8	0	29.3939	1.0000	14	1	-9999.0000	34380	70644	-9999	1110	1103	-9999	621.5648	5	0.7210	0.7415	-0.0012	81.7086	1.8083	735.6681	316.9004	35.8946	713.8645	95.1403	775.4786	94.7230	786.2110	94.9866	793.2141	95.1184	
29/08/2017	00:21:07	019004	H375136272HLR	L375	S		750.5822	1.0230	0.0000	99.9412	40.2490	0.8230	0.8275	4.0000	19.5129	860.1070	94.6351	15.9412	24.6000	0.9300	0.9258	0.7415	-0.0012	860.0000	861.7616	1.0339	-5.5110	100.0341	39.8611	0.8230	0.8236	5.0000	-9999.0000	-9999.0000	-9999.0000	-9999.0000	-9999.0000	-9999.0000	23.3619	1	0	29.6029	1.0000	14	1	-9999.0000	34381	70645	-9999	1111	1104	-9999	621.3563	5	0.7208	0.7415	-0.0012	68.7845	2.5426	738.3126	311.2933	37.0588	716.8844	94.9646	777.6525	94.7230	789.0462	95.0085	796.3488	95.1184	
29/08/2017	00:21:39	019004	H375136257HLR	L375	S		746.4479	1.0230	0.0000	100.0707	40.0367	0.8230	0.8275	4.0000	19.4622	860.0818	94.6131	16.2616	24.6000	0.9300	0.9257	0.7401	-0.0011	860.0000	860.3866	1.0339	-5.4798	100.0062	39.8797	0.8230	0.8233	5.0000	-9999.0000	-9999.0000	-9999.0000	-9999.0000	-9999.0000	-9999.0000	22.0316	2	0	31.9636	1.0000	14	1	-9999.0000	34382	70646	-9999	1112	1105	-9999	620.8741	5	0.7207	0.7401	-0.0011	66.7260	2.6553	731.0605	313.3651	37.1028	709.2669	95.0525	773.2741	94.7449	784.0626	95.0085	791.6084	95.1623	
29/08/2017	00:22:08	019004	H375136276HLR	L375	S		747.5532	1.0230	0.0000	100.1426	40.0295	0.8230	0.8278	4.0000	19.5422	860.0511	94.6351	15.9823	24.6000	0.9300	0.9257	0.7353	-0.0009	860.0000	859.1311	1.0339	-5.4513	99.9581	39.8461	0.8230	0.8235	5.0000	-9999.0000	-9999.0000	-9999.0000	-9999.0000	-9999.0000	-9999.0000	28.6633	3	0	28.4934	1.0000	14	1	-9999.0000	34382	70647	-9999	1113	1106	-9999	620.6510	5	0.7204	0.7353	-0.0009	63.1620	2.8589	737.3525	320.5211	37.9155	715.0434	94.9646	779.2252	94.7230	789.2180	94.9866	796.4339	95.1403	
29/08/2017	00:22:36	019004	H375136236HLR	L375	S		746.1210	1.0230	0.0000	99.9334	40.2093	0.8230	0.8282	4.0000	19.3926	860.0681	94.8548	17.7120	24.6000	0.9300	0.9258	0.7388	-0.0011	860.0000	860.7749	1.0339	-5.4886	99.9557	39.9481	0.8230	0.8235	5.0000	-9999.0000	-9999.0000	-9999.0000	-9999.0000	-9999.0000	-9999.0000	20.7221	4	0	28.0627	1.0000	14	1	-9999.0000	34383	70648	-9999	1114	1107	-9999	619.3603	5	0.7206	0.7388	-0.0011	71.7791	2.3688	730.3195	310.2032	37.9155	708.2401	95.1403	772.0501	94.7889	782.0856	95.0305	790.4035	95.1403	
29/08/2017	00:23:05	019004	H375136235HLR	L375	S		747.2017	1.0230	0.0000	100.0311	40.2461	0.8230	0.8281	4.0000	19.2022	860.0841	94.7010	17.7520	24.6000	0.9300	0.9259	0.7348	-0.0008	860.0000	859.7981	1.0339	-5.4665	100.0097	39.8844	0.8230	0.8233	5.0000	-9999.0000	-9999.0000	-9999.0000	-9999.0000	-9999.0000	-9999.0000	21.6624	5	0	29.4330	1.0000	14	1	-9999.0000	34384	70649	-9999	1115	1108	-9999	619.4536	5	0.7208	0.7348	-0.0008	76.6534	2.0911	738.3974	314.9082	36.6854	716.6921	95.2062	778.7567	94.7230	788.3877	95.0525	794.5144	95.1623	
29/08/2017	00:23:35	019004	H375136231HLR	L375	S		741.4586	1.0230	0.0000	100.0076	40.1579	0.8230	0.8277	4.0000	19.5315	860.0820	94.7010	17.9317	24.5000	0.9300	0.9258	0.7381	-0.0010	860.0000	859.7969	1.0339	-5.4664	100.0812	39.8461	0.8230	0.8234	5.0000	-9999.0000	-9999.0000	-9999.0000	-9999.0000	-9999.0000	-9999.0000	21.5318	6	0	29.5033	1.0000	14	1	-9999.0000	34385	70650	-9999	1116	1109	-9999	619.0931	5	0.7209	0.7381	-0.0010	81.4229	1.8227	729.0608	316.5311	37.0588	707.6073	95.2502	769.3415	94.7449	778.5975	94.9866	785.5350	95.1403	
29/08/2017	00:24:05	019004	H375136324HLR	L375	S		745.9749	1.0230	0.0000	99.9839	40.1195	0.8230	0.8278	4.0000	19.2922	860.0908	94.6790	16.7324	24.6000	0.9300	0.9256	0.7494	-0.0017	860.0000	860.8492	1.0339	-5.4903	100.0627	39.9718	0.8230	0.8236	5.0000	-9999.0000	-9999.0000	-9999.0000	-9999.0000	-9999.0000	-9999.0000	20.8821	7	0	30.3638	1.0000	14	1	-9999.0000	34386	70651	-9999	1117	1110	-9999	620.0616	5	0.7211	0.7494	-0.0017	113.5360	-0.1400	724.1538	315.8668	38.0693	703.1783	95.2721	765.0117	94.7669	775.7704	94.9866	784.5318	95.1843	
29/08/2017	00:24:35	019004	H375136234HLR	L375	S		745.2691	1.0230	0.0000	100.0761	40.1451	0.8230	0.8280	4.0000	19.3527	860.0865	94.6351	16.4120	24.6000	0.9300	0.9258	0.7479	-0.0016	860.0000	858.9812	1.0339	-5.4479	99.9699	39.8461	0.8230	0.8233	5.0000	-9999.0000	-9999.0000	-9999.0000	-9999.0000	-9999.0000	-9999.0000	26.9825	8	0	29.4036	1.0000	14	1	-9999.0000	34387	70652	-9999	1118	1111	-9999	620.5375	5	0.7210	0.7479	-0.0016	80.9655	1.8670	731.2982	320.4666	37.3005	710.9498	95.1403	766.5426	94.6790	777.3712	94.9866	785.1663	95.1403	
29/08/2017	00:25:03	019004	H375136317HLR	L375	S		742.0666	1.0230	0.0000	100.1669	40.2543	0.8230	0.8277	4.0000	20.0920	860.0833	94.8108	17.6114	24.6000	0.9300	0.9257	0.7433	-0.0013	860.0000	859.5904	1.0339	-5.4618	100.0711	39.8529	0.8230	0.8235	5.0000	-9999.0000	-9999.0000	-9999.0000	-9999.0000	-9999.0000	-9999.0000	20.8521	1	0	27.9026	1.0000	14	1	-9999.0000	34388	70653	-9999	1119	1112	-9999	619.0520	5	0.7208	0.7433	-0.0013	86.7330	1.5232	725.0369	313.1378	36.5096	703.5770	95.2941	766.1894	94.7889	776.9771	94.9866	784.7849	95.1184	
29/08/2017	00:25:33	019004	H375136268HLR	L375	S		744.6478	1.0230	0.0000	100.0338	40.2027	0.8230	0.8279	4.0000	19.2920	860.0717	94.7010	17.8223	24.6000	0.9300	0.9258	0.7396	-0.0011	860.0000	860.5351	1.0339	-5.4832	100.0466	39.9863	0.8230	0.8236	5.0000	-9999.0000	-9999.0000	-9999.0000	-9999.0000	-9999.0000	-9999.0000	21.3129	2	0	30.3335	1.0000	14	1	-9999.0000	34389	70654	-9999	1120	1113	-9999	619.0853	5	0.7209	0.7396	-0.0011	85.4604	1.6012	728.9881	309.4143	37.6739	707.1868	95.0964	770.7258	94.7230	781.3099	95.0085	788.4101	95.1623	
29/08/2017	00:26:02	019004	H375136253HLR	L375	S		748.2945	1.0230	0.0000	99.9013	40.1500	0.8230	0.8274	4.0000	19.8019	860.1009	94.7449	14.9812	24.7000	0.9300	0.9258	0.7389	-0.0011	860.0000	859.0865	1.0339	-5.4503	99.9512	39.8940	0.8230	0.8233	5.0000	-9999.0000	-9999.0000	-9999.0000	-9999.0000	-9999.0000	-9999.0000	20.7828	3	0	28.8333	1.0000	14	1	-9999.0000	34389	70655	-9999	1121	1114	-9999	621.7738	5	0.7209	0.7389	-0.0011	77.7769	2.0999	739.2979	320.1846	36.0483	717.6781	95.3380	780.1386	94.7669	790.1005	94.9866	798.3443	95.1184	
29/08/2017	00:26:30	019004	H375136286HLR	L375	S		745.0682	1.0230	0.0000	99.9964	40.1165	0.8230	0.8280	4.0000	19.1915	860.0568	94.8108	17.7315	24.7000	0.9300	0.9259	0.7401	-0.0011	860.0000	859.6643	1.0339	-5.4634	100.0279	39.8461	0.8230	0.8235	5.0000	-9999.0000	-9999.0000	-9999.0000	-9999.0000	-9999.0000	-9999.0000	24.4627	4	0	28.6439	1.0000	14	1	-9999.0000	34389	70656	-9999	1122	1115	-9999	619.2391	5	0.7211	0.7401	-0.0011	78.7247	2.0709	732.9511	311.9384	38.0034	711.5755	95.2502	771.9171	94.7889	781.7184	95.0305	788.8884	95.1184	
29/08/2017	00:27:01	019004	H375136283HLR	L375	S		749.3381	1.0230	0.0000	99.9748	40.1955	0.8230	0.8281	4.0000	19.1719	860.1195	94.6571	16.0819	24.7000	0.9300	0.9259	0.7409	-0.0012	860.0000	861.4783	1.0339	-5.5046	100.0632	39.9845	0.8230	0.8236	5.0000	-9999.0000	-9999.0000	-9999.0000	-9999.0000	-9999.0000	-9999.0000	20.8821	5	0	30.3226	1.0000	14	1	-9999.0000	34390	70656	-9999	1123	1116	-9999	621.0666	5	0.7211	0.7409	-0.0012	71.7078	2.5167	737.1073	313.2212	35.8506	715.5542	95.2721	777.0573	94.7449	787.4141	95.0085	795.1712	95.1403	
29/08/2017	00:27:30	019004	H375136241HLR	L375	S		744.7727	1.0230	0.0000	100.0517	40.2359	0.8230	0.8279	4.0000	19.5325	860.0570	94.9646	18.6525	24.7000	0.9300	0.9258	0.7441	-0.0014	860.0000	860.3853	1.0339	-5.4798	99.9852	39.8721	0.8230	0.8233	5.0000	-9999.0000	-9999.0000	-9999.0000	-9999.0000	-9999.0000	-9999.0000	22.4927	6	0	28.8636	1.0000	14	1	-9999.0000	34391	70657	-9999	1124	1117	-9999	618.3948	5	0.7210	0.7441	-0.0014	81.3321	1.9638	732.4967	316.4538	37.5421	710.6936	95.1184	770.5539	94.7010	779.7387	94.9866	787.2307	95.1403	
29/08/2017	00:27:59	019004	H375136307HLR	L375	S		744.3922	1.0230	0.0000	100.2065	40.1500	0.8230	0.8278	4.0000	19.3019	860.0834	94.6571	17.0615	24.5000	0.9300	0.9257	0.7441	-0.0014	860.0000	859.9172	1.0339	-5.4692	100.0846	39.8594	0.8230	0.8236	5.0000	-9999.0000	-9999.0000	-9999.0000	-9999.0000	-9999.0000	-9999.0000	20.6332	7	0	29.1337	1.0000	14	1	-9999.0000	34392	70658	-9999	1125	1118	-9999	620.0663	5	0.7210	0.7441	-0.0014	81.3321	1.9638	729.8620	319.3845	35.9824	708.6869	95.3820	769.8512	94.7230	780.4768	95.0085	787.2722	95.1184	
29/08/2017	00:28:26	019004	H375136248HLR	L375	S		748.6051	1.0230	0.0000	100.1691	40.1280	0.8230	0.8280	4.0000	19.1515	860.1014	94.6790	16.9316	24.6000	0.9300	0.9256	0.7441	-0.0014	860.0000	860.3859	1.0339	-5.4798	100.0033	39.9560	0.8230	0.8236	5.0000	-9999.0000	-9999.0000	-9999.0000	-9999.0000	-9999.0000	-9999.0000	21.8324	8	0	26.9723	1.0000	14	1	-9999.0000	34393	70659	-9999	1126	1119	-9999	620.2810	5	0.7209	0.7441	-0.0014	83.4503	1.8190	730.8744	320.0928	36.6854	709.6091	95.2721	771.5628	94.7669	781.9407	94.9646	789.3701	95.1184	
29/08/2017	00:28:54	019004	H375136284HLR	L375	S		745.4877	1.0230	0.0000	100.1135	40.1492	0.8230	0.8280	4.0000	19.4816	860.0987	94.9207	18.5421	24.6000	0.9300	0.9259	0.7414	-0.0012	860.0000	860.4063	1.0339	-5.4803	100.0336	39.8756	0.8230	0.8233	5.0000	-9999.0000	-9999.0000	-9999.0000	-9999.0000	-9999.0000	-9999.0000	21.8324	1	0	28.3635	1.0000	14	1	-9999.0000	34394	70660	-9999	1127	1120	-9999	618.4645	5	0.7207	0.7414	-0.0012	84.2468	1.7753	727.8614	312.9218	36.9710	705.8230	95.2062	768.6685	94.7449	778.1429	94.9866	785.8986	95.1184	
29/08/2017	00:29:25	019004	H375136279HLR	L375	S		743.1540	1.0230	0.0000	100.1072	40.1906	0.8230	0.8278	4.0000	19.5323	860.0579	94.7010	17.2226	24.5000	0.9300	0.9257	0.7425	-0.0013	860.0000	860.2029	1.0339	-5.4757	99.9281	39.8631	0.8230	0.8235	5.0000	-9999.0000	-9999.0000	-9999.0000	-9999.0000	-9999.0000	-9999.0000	20.4417	2	0	30.9537	1.0000	14	1	-9999.0000	34395	70661	-9999	1128	1121	-9999	619.8994	5	0.7206	0.7425	-0.0013	87.7409	1.5646	727.5282	316.0189	36.0483	705.2953	95.2502	770.1995	94.7230	780.1624	94.9646	787.6277	95.1184	
29/08/2017	00:29:57	019004	H375136299HLR	L375	S		745.1040	1.0230	0.0000	100.0747	40.1538	0.8230	0.8274	4.0000	20.1732	860.1036	94.6790	17.3418	24.7000	0.9300	0.9257	0.7433	-0.0013	860.0000	859.5838	1.0339	-5.4616	99.9870	39.9487	0.8230	0.8235	5.0000	-9999.0000	-9999.0000	-9999.0000	-9999.0000	-9999.0000	-9999.0000	25.7127	3	0	32.4830	1.0000	14	1	-9999.0000	34396	70662	-9999	1129	1121	-9999	619.7897	5	0.7207	0.7433	-0.0013	84.2122	1.7955	724.0407	314.2263	37.3005	701.6105	95.2062	767.8833	94.7449	777.6116	94.9866	784.8420	95.1184	
29/08/2017	00:30:27	019004	H375136309HLR	L375	S		749.8374	1.0230	0.0000	99.9774	40.1461	0.8230	0.8278	4.0000	19.5723	860.0622	94.7010	15.2810	24.7000	0.9300	0.9259	0.7429	-0.0013	860.0000	861.9150	1.0339	-5.5145	100.0147	39.8623	0.8230	0.8233	5.0000	-9999.0000	-9999.0000	-9999.0000	-9999.0000	-9999.0000	-9999.0000	21.8034	4	0	29.2436	1.0000	14	1	-9999.0000	34397	70663	-9999	1130	1122	-9999	621.9650	5	0.7208	0.7429	-0.0013	87.9602	1.5461	735.3963	313.0535	36.6634	713.3800	95.0085	778.4724	94.6131	789.5137	94.9866	797.5539	95.1403	
29/08/2017	00:30:55	019004	H375136322HLR	L375	S		748.6115	1.0230	0.0000	100.1329	40.1433	0.8230	0.8279	4.0000	19.2824	860.1052	94.7449	16.5722	24.5000	0.9300	0.9257	0.7451	-0.0014	860.0000	862.5983	1.0339	-5.5300	99.9809	39.8758	0.8230	0.8236	5.0000	-9999.0000	-9999.0000	-9999.0000	-9999.0000	-9999.0000	-9999.0000	20.8226	5	0	28.3430	1.0000	14	1	-9999.0000	34398	70663	-9999	1131	1123	-9999	620.7909	5	0.7207	0.7451	-0.0014	90.5963	1.3731	735.2561	320.3282	38.3110	714.4212	95.2062	772.0445	94.7669	782.5420	94.9426	790.1446	95.1403	
29/08/2017	00:31:26	019004	H375135873HLR	L375	S		738.7496	1.0230	0.0000	100.2866	40.1525	0.8230	0.8277	4.0000	19.8722	860.0793	95.0964	19.1623	24.5000	0.9300	0.9257	0.7444	-0.0014	860.0000	859.2885	1.0339	-5.4549	100.0523	39.9341	0.8230	0.8235	5.0000	-9999.0000	-9999.0000	-9999.0000	-9999.0000	-9999.0000	-9999.0000	21.5229	6	0	31.0934	1.0000	14	1	-9999.0000	34399	70664	-9999	1132	1124	-9999	617.6352	5	0.7205	0.7444	-0.0014	89.9209	1.4251	719.2722	317.7925	37.5641	697.7143	95.3380	759.0261	94.8108	770.2827	94.9646	777.5952	95.1184	
29/08/2017	00:31:54	019004	H375136282HLR	L375	S		744.2427	1.0230	0.0000	99.9929	40.1328	0.8230	0.8280	4.0000	19.0725	860.0816	94.9426	20.6322	24.6000	0.9300	0.9258	0.7387	-0.0011	860.0000	863.2725	1.0339	-5.5453	100.0702	39.8701	0.8230	0.8234	5.0000	-9999.0000	-9999.0000	-9999.0000	-9999.0000	-9999.0000	-9999.0000	21.2729	7	0	27.7130	1.0000	14	1	-9999.0000	34400	70665	-9999	1133	1125	-9999	615.8990	5	0.7208	0.7387	-0.0011	93.3419	1.1936	655.7837	303.8710	36.2241	638.3976	95.7774	719.2492	94.6790	740.8223	94.8328	755.7238	94.9866	
29/08/2017	00:32:23	019004	H375136278HLR	L375	S		744.4571	1.0230	0.0000	100.1638	40.1482	0.8230	0.8280	4.0000	19.4621	860.0845	94.7449	17.5821	24.7000	0.9300	0.9259	0.7387	-0.0011	860.0000	859.9818	1.0339	-5.4706	100.0234	39.8461	0.8230	0.8235	5.0000	-9999.0000	-9999.0000	-9999.0000	-9999.0000	-9999.0000	-9999.0000	23.4324	8	0	28.9340	1.0000	14	1	-9999.0000	34401	70666	-9999	1134	1125	-9999	619.4723	5	0.7208	0.7387	-0.0011	93.3419	1.1936	731.0817	309.9677	37.8936	709.3196	95.1623	772.2128	94.6571	782.2265	94.9426	790.0838	95.1184	
29/08/2017	00:32:51	019004	H375136036HLR	L375	S		743.9523	1.0230	0.0000	99.8872	40.2224	0.8230	0.8280	4.0000	19.3029	860.0675	94.6131	16.4423	24.6000	0.9300	0.9256	0.7335	-0.0008	860.0000	859.0233	1.0339	-5.4489	99.9945	39.8852	0.8230	0.8234	5.0000	-9999.0000	-9999.0000	-9999.0000	-9999.0000	-9999.0000	-9999.0000	22.1919	1	0	28.7024	1.0000	14	1	-9999.0000	34402	70667	-9999	1135	1126	-9999	620.1173	5	0.7204	0.7335	-0.0008	96.2849	1.0367	734.3873	315.4584	35.6529	712.1677	95.1843	775.7977	94.6571	786.4052	94.9207	794.2962	95.0964	
29/08/2017	00:33:22	019004	H375137119HLR	L375	S		742.4019	1.0230	0.0000	100.2596	40.2152	0.8230	0.8279	4.0000	19.4718	860.0736	95.0525	19.3616	24.6000	0.9300	0.9257	0.7345	-0.0008	860.0000	862.8092	1.0339	-5.5348	99.9598	39.9292	0.8230	0.8234	5.0000	-9999.0000	-9999.0000	-9999.0000	-9999.0000	-9999.0000	-9999.0000	20.2619	2	0	30.7641	1.0000	14	1	-9999.0000	34403	70668	-9999	1136	1127	-9999	618.1033	5	0.7195	0.7345	-0.0008	91.5666	1.3436	735.5071	309.3340	36.6414	714.1127	95.1623	776.1963	94.7010	785.7909	94.9646	793.1186	95.0964	
29/08/2017	00:33:52	019004	H375137106HLR	L375	S		740.7431	1.0230	0.0000	100.0061	40.1500	0.8230	0.8277	4.0000	19.5530	860.0776	94.7230	15.9422	24.6000	0.9300	0.9259	0.7345	-0.0008	860.0000	858.8639	1.0339	-5.4453	99.9650	39.8725	0.8230	0.8235	5.0000	-9999.0000	-9999.0000	-9999.0000	-9999.0000	-9999.0000	-9999.0000	20.6916	3	0	29.5328	1.0000	14	1	-9999.0000	34404	70668	-9999	1137	1128	-9999	620.5193	5	0.7195	0.7345	-0.0008	91.5666	1.3436	662.7999	306.3102	36.3778	633.3914	95.0964	776.9984	94.6571	786.9677	94.9426	794.7226	95.0964	
29/08/2017	00:34:20	019004	H375137113HLR	L375	S		744.2771	1.0230	0.0000	100.0405	40.1364	0.8230	0.8279	4.0000	19.2921	860.0483	94.8328	17.2617	24.6000	0.9300	0.9257	0.7336	-0.0008	860.0000	861.0015	1.0339	-5.4938	100.0767	39.9065	0.8230	0.8235	5.0000	-9999.0000	-9999.0000	-9999.0000	-9999.0000	-9999.0000	-9999.0000	21.4027	4	0	28.5031	1.0000	14	1	-9999.0000	34405	70669	-9999	1138	1129	-9999	619.6222	5	0.7197	0.7336	-0.0008	92.4762	1.2961	737.6342	319.6275	36.1142	716.2016	95.2062	778.1304	94.7010	786.9678	94.9426	794.2803	95.0964	
29/08/2017	00:34:48	019004	H375137128HLR	L375	S		746.6842	1.0230	0.0000	99.9912	40.2101	0.8230	0.8280	4.0000	19.4319	860.0596	94.6571	16.9726	24.6000	0.9300	0.9259	0.7344	-0.0008	860.0000	860.8028	1.0339	-5.4893	100.0789	39.8733	0.8230	0.8235	5.0000	-9999.0000	-9999.0000	-9999.0000	-9999.0000	-9999.0000	-9999.0000	21.1518	5	0	27.6937	1.0000	14	1	-9999.0000	34406	70670	-9999	1139	1130	-9999	619.8633	5	0.7197	0.7344	-0.0008	91.9392	1.3339	738.0213	309.9947	37.7398	716.8022	95.0305	776.9902	94.6571	786.4043	94.9426	794.2340	95.0964	
29/08/2017	00:35:22	019004	H375137146HLR	L375	S		743.5350	1.0230	0.0000	99.9883	40.2157	0.8230	0.8279	4.0000	19.3624	860.0813	95.0085	19.0519	24.6000	0.9300	0.9258	0.7461	-0.0015	860.0000	858.6004	1.0339	-5.4393	100.0414	39.8461	0.8230	0.8235	5.0000	-9999.0000	-9999.0000	-9999.0000	-9999.0000	-9999.0000	-9999.0000	23.2418	6	0	33.6639	1.0000	14	1	-9999.0000	34407	70671	-9999	1140	1131	-9999	617.3111	5	0.7197	0.7461	-0.0015	92.2722	1.3820	722.7683	308.7951	36.9270	701.7911	95.0964	762.3043	94.7230	772.5323	94.9646	780.3175	95.0964	
29/08/2017	00:35:53	019004	H375137152HLR	L375	S		745.9317	1.0230	0.0000	99.9846	40.1423	0.8230	0.8278	4.0000	19.3116	860.0757	94.7669	17.7022	24.6000	0.9300	0.9259	0.7461	-0.0015	860.0000	861.9728	1.0339	-5.5158	100.0290	39.9090	0.8230	0.8234	5.0000	-9999.0000	-9999.0000	-9999.0000	-9999.0000	-9999.0000	-9999.0000	21.4829	7	0	31.0932	1.0000	14	1	-9999.0000	34408	70672	-9999	1141	1132	-9999	618.8544	5	0.7197	0.7461	-0.0015	92.2722	1.3820	726.6101	306.2362	35.4332	704.8735	95.1623	768.2330	94.6790	777.8352	94.9426	786.0885	95.0964	
29/08/2017	00:36:23	019004	H375137153HLR	L375	S		747.8735	1.0230	0.0000	99.9823	40.1441	0.8230	0.8277	4.0000	19.6721	860.0875	94.6351	16.8320	24.6000	0.9300	0.9258	0.7458	-0.0015	860.0000	860.2088	1.0339	-5.4758	99.9603	39.8461	0.8230	0.8234	5.0000	-9999.0000	-9999.0000	-9999.0000	-9999.0000	-9999.0000	-9999.0000	27.1934	8	0	30.5034	1.0000	14	1	-9999.0000	34409	70673	-9999	1142	1133	-9999	619.8792	5	0.7196	0.7458	-0.0015	91.2825	1.4328	729.1307	309.0125	38.2451	707.4221	95.2502	770.0354	94.6790	780.0281	94.9646	788.0755	95.0964	
29/08/2017	00:36:55	019004	H375137150HLR	L375	S		747.7874	1.0230	0.0000	100.1699	40.2039	0.8230	0.8281	4.0000	19.2620	860.0910	94.6351	15.8719	24.6000	0.9300	0.9258	0.7455	-0.0015	860.0000	860.5169	1.0339	-5.4828	100.0088	39.8461	0.8230	0.8235	5.0000	-9999.0000	-9999.0000	-9999.0000	-9999.0000	-9999.0000	-9999.0000	23.5426	1	0	31.8933	1.0000	14	1	-9999.0000	34410	70674	-9999	1143	1134	-9999	620.9909	5	0.7195	0.7455	-0.0015	90.1125	1.4989	730.8264	303.0540	37.3883	708.4626	94.9866	772.4162	94.6351	783.1281	94.9646	791.1876	95.1184	
29/08/2017	00:37:26	019004	H375136098HLR	L375	S		738.1838	1.0230	0.0000	100.1868	40.2247	0.8230	0.8279	4.0000	19.5218	860.0916	94.9866	21.9722	24.6000	0.9300	0.9257	0.7483	-0.0016	860.0000	851.9130	1.0339	-5.2875	100.0248	39.9487	0.8230	0.8235	5.0000	-9999.0000	-9999.0000	-9999.0000	-9999.0000	-9999.0000	-9999.0000	24.2528	2	0	30.9439	1.0000	03	1	-9999.0000	34411	70675	-9999	1144	1135	-9999	613.3598	5	0.7190	0.7483	-0.0016	100.1744	0.9329	712.2908	309.2496	36.9490	691.7263	95.2502	749.9645	94.7889	758.9734	95.0085	765.8385	95.1184	
29/08/2017	00:37:57	019004	H375136344HLR	L375	S		727.8308	1.0230	0.0000	100.0698	40.1395	0.8230	0.8280	4.0000	19.2423	860.0784	94.8987	19.2922	24.6000	0.9300	0.9257	0.7483	-0.0016	860.0000	854.2515	1.0339	-5.3406	100.0650	39.8529	0.8230	0.8233	5.0000	-9999.0000	-9999.0000	-9999.0000	-9999.0000	-9999.0000	-9999.0000	21.2123	3	0	30.8532	1.0000	03	1	-9999.0000	34412	70676	-9999	1145	1135	-9999	616.6629	5	0.7190	0.7483	-0.0016	100.1744	0.9329	706.2155	310.6940	37.0149	683.0460	95.4479	751.9771	94.7669	761.2126	94.9207	769.0718	95.0744	
29/08/2017	00:38:27	019004	H375136351HLR	L375	S		739.7644	1.0230	0.0000	100.2086	40.1387	0.8230	0.8279	4.0000	19.4730	860.0782	94.8328	18.8224	24.6000	0.9300	0.9257	0.7523	-0.0019	860.0000	855.3757	1.0339	-5.3661	99.9198	39.8817	0.8230	0.8237	5.0000	-9999.0000	-9999.0000	-9999.0000	-9999.0000	-9999.0000	-9999.0000	20.5519	4	0	30.4236	1.0000	03	1	-9999.0000	34413	70677	-9999	1146	1136	-9999	616.7547	5	0.7192	0.7523	-0.0019	99.4251	0.9379	718.0208	318.5712	39.2995	697.7974	95.3161	753.3066	94.7449	763.0788	94.9207	770.1408	95.1184	
29/08/2017	00:38:58	019004	H375136335HLR	L375	S		738.0303	1.0230	0.0000	100.0076	40.2392	0.8230	0.8279	4.0000	19.8324	860.0635	94.9646	19.9817	24.6000	0.9300	0.9257	0.7449	-0.0014	860.0000	855.0438	1.0339	-5.3585	100.0094	39.9691	0.8230	0.8236	5.0000	-9999.0000	-9999.0000	-9999.0000	-9999.0000	-9999.0000	-9999.0000	20.8216	5	0	30.6935	1.0000	03	1	-9999.0000	34414	70678	-9999	1147	1137	-9999	615.9663	5	0.7200	0.7449	-0.0014	96.7876	1.0772	715.3152	311.8343	38.3329	693.8945	95.2502	755.4540	94.7669	764.7503	94.9866	771.8320	95.0964	
29/08/2017	00:39:28	019004	H375136360HLR	L375	S		740.3926	1.0230	0.0000	100.0205	40.2454	0.8230	0.8279	4.0000	19.4924	860.0989	94.8328	19.2619	24.6000	0.9300	0.9259	0.7275	-0.0004	860.0000	853.6375	1.0339	-5.3266	99.9566	39.8461	0.8230	0.8234	5.0000	-9999.0000	-9999.0000	-9999.0000	-9999.0000	-9999.0000	-9999.0000	23.3716	6	0	30.3334	1.0000	03	1	-9999.0000	34415	70679	-9999	1148	1137	-9999	616.6366	5	0.7200	0.7275	-0.0004	107.9310	0.4494	714.9735	294.3417	38.0473	693.6830	95.2062	755.0497	94.7230	763.9789	94.9646	771.3501	95.1184	
29/08/2017	00:39:59	019004	H375136370HLR	L375	S		740.1376	1.0230	0.0000	99.9778	40.1428	0.8230	0.8279	4.0000	19.1017	860.0642	94.8108	18.9826	24.6000	0.9300	0.9258	0.7244	-0.0002	860.0000	857.8147	1.0339	-5.4214	100.0601	39.8942	0.8230	0.8236	5.0000	-9999.0000	-9999.0000	-9999.0000	-9999.0000	-9999.0000	-9999.0000	20.7521	7	0	31.0738	1.0000	03	1	-9999.0000	34416	70680	-9999	1149	1138	-9999	618.9402	5	0.7204	0.7244	-0.0002	116.7619	-0.1021	734.5244	314.1785	38.3110	712.9767	95.2721	775.0771	94.7669	783.5583	94.9426	790.5440	95.0964	
29/08/2017	00:40:31	019004	H375136373HLR	L375	S		742.9880	1.0230	0.0000	100.0641	40.1423	0.8230	0.8280	4.0000	19.2120	860.0797	94.7669	18.7023	24.6000	0.9300	0.9258	0.7215	-0.0001	860.0000	857.9480	1.0339	-5.4245	99.9896	39.9217	0.8230	0.8235	5.0000	-9999.0000	-9999.0000	-9999.0000	-9999.0000	-9999.0000	-9999.0000	20.7729	8	0	31.6432	1.0000	03	1	-9999.0000	34417	70681	-9999	1150	1139	-9999	619.5626	5	0.7202	0.7215	-0.0001	108.9283	0.3242	739.4037	322.4617	37.6080	717.8104	95.1843	779.7173	94.7230	788.4525	94.9646	794.5861	95.0964	
29/08/2017	00:41:03	019004	H375136356HLR	L375	S		743.1753	1.0230	0.0000	100.0931	40.2175	0.8230	0.8281	4.0000	19.2717	860.0713	94.7889	18.9123	24.6000	0.9300	0.9258	0.7215	-0.0001	860.0000	857.8622	1.0339	-5.4225	99.9953	39.8461	0.8230	0.8235	5.0000	-9999.0000	-9999.0000	-9999.0000	-9999.0000	-9999.0000	-9999.0000	22.7222	1	0	31.9539	1.0000	03	1	-9999.0000	34418	70682	-9999	1151	1140	-9999	619.5025	5	0.7202	0.7215	-0.0001	108.9283	0.3242	741.7781	316.1340	36.7513	720.0315	95.1184	781.6051	94.6571	790.4561	94.9646	796.4494	95.1184	
29/08/2017	00:41:35	019004	H375136376HLR	L375	S		743.9519	1.0230	0.0000	100.0845	40.2357	0.8230	0.8278	4.0000	19.4718	860.0420	94.7669	18.6828	24.6000	0.9300	0.9259	0.7229	-0.0001	860.0000	859.1339	1.0339	-5.4514	100.0202	39.9161	0.8230	0.8236	5.0000	-9999.0000	-9999.0000	-9999.0000	-9999.0000	-9999.0000	-9999.0000	21.0426	2	0	32.0133	1.0000	03	1	-9999.0000	34419	70683	-9999	1152	1141	-9999	619.7223	5	0.7206	0.7229	-0.0001	106.5876	0.4481	743.6150	319.2905	37.2565	721.9167	95.0305	784.3301	94.6131	793.3955	94.9646	799.9504	95.1184	
29/08/2017	00:42:05	019004	H375136357HLR	L375	S		745.8058	1.0230	0.0000	100.0636	40.1538	0.8230	0.8278	4.0000	19.4025	860.0867	94.8328	19.1926	24.6000	0.9300	0.9257	0.7227	-0.0001	860.0000	859.1475	1.0339	-5.4517	99.9646	39.8461	0.8230	0.8234	5.0000	-9999.0000	-9999.0000	-9999.0000	-9999.0000	-9999.0000	-9999.0000	23.8932	3	0	29.6537	1.0000	03	1	-9999.0000	34419	70684	-9999	1153	1142	-9999	619.9619	5	0.7209	0.7227	-0.0001	106.4961	0.4540	741.2645	320.3078	36.4877	719.3518	94.9866	782.6334	94.6351	790.8280	94.9866	796.5510	95.1403	
29/08/2017	00:42:30	019004	H375136418HLR	L375	S		746.4765	1.0230	0.0000	100.0907	40.1487	0.8230	0.8278	4.0000	19.5726	860.0630	94.8987	20.0316	24.6000	0.9300	0.9257	0.7227	-0.0001	860.0000	859.4254	1.0339	-5.4580	100.0129	39.8461	0.8230	0.8236	5.0000	-9999.0000	-9999.0000	-9999.0000	-9999.0000	-9999.0000	-9999.0000	23.0024	4	0	24.8622	1.0000	03	1	-9999.0000	34420	70685	-9999	1154	1143	-9999	620.1684	5	0.7209	0.7227	-0.0001	106.4961	0.4540	742.4741	310.6948	36.5536	721.2550	95.0744	781.4327	94.7010	789.5700	94.9646	795.3774	95.1184	
29/08/2017	00:43:01	019004	H375136381HLR	L375	S		744.1818	1.0230	0.0000	99.9621	40.2193	0.8230	0.8278	4.0000	19.6623	860.0875	94.8987	20.0921	24.6000	0.9300	0.9259	0.7267	-0.0003	860.0000	860.6395	1.0339	-5.4856	100.0743	39.9517	0.8230	0.8235	5.0000	-9999.0000	-9999.0000	-9999.0000	-9999.0000	-9999.0000	-9999.0000	21.5727	5	0	31.5434	1.0000	03	1	-9999.0000	34421	70686	-9999	1155	1143	-9999	620.3613	5	0.7215	0.7267	-0.0003	109.2199	0.3071	741.1703	323.4153	36.6634	719.9447	95.1843	779.8501	94.7010	788.1016	94.9426	793.9708	95.0964	
29/08/2017	00:43:31	019004	H375136391HLR	L375	S		737.7606	1.0230	0.0000	100.0198	40.2487	0.8230	0.8276	4.0000	19.9622	860.0523	94.8767	20.2327	24.6000	0.9300	0.9259	0.7267	-0.0003	860.0000	859.8984	1.0339	-5.4687	100.0864	39.8758	0.8230	0.8233	5.0000	-9999.0000	-9999.0000	-9999.0000	-9999.0000	-9999.0000	-9999.0000	21.1611	6	0	30.0337	1.0000	03	1	-9999.0000	34422	70687	-9999	1156	1144	-9999	620.2692	5	0.7215	0.7267	-0.0003	109.2199	0.3071	739.9316	316.3022	37.2785	718.8039	95.0525	778.6003	94.6571	786.3355	94.9207	792.1120	95.0964	
29/08/2017	00:44:03	019004	H375136394HLR	L375	S		739.2312	1.0230	0.0000	99.9747	40.1743	0.8230	0.8276	4.0000	19.7218	860.0758	94.7449	17.7823	24.7000	0.9300	0.9258	0.7328	-0.0006	860.0000	859.7989	1.0339	-5.4665	99.9564	39.8461	0.8230	0.8236	5.0000	-9999.0000	-9999.0000	-9999.0000	-9999.0000	-9999.0000	-9999.0000	26.7333	7	0	32.3631	1.0000	03	1	-9999.0000	34423	70688	-9999	1157	1145	-9999	621.3692	5	0.7215	0.7328	-0.0006	121.2928	-0.3244	737.7093	308.4555	38.0913	715.7057	95.0305	778.4650	94.6571	788.0760	94.9207	794.6797	95.0964	
29/08/2017	00:45:06	019004	H375136403HLR	L375	S		743.2347	1.0230	0.0000	100.0828	40.2149	0.8230	0.8280	4.0000	19.3117	860.0695	94.8987	19.6917	24.6000	0.9300	0.9258	0.7324	-0.0006	860.0000	859.8228	1.0339	-5.4670	100.0817	39.7921	0.8230	0.8232	5.0000	-9999.0000	-9999.0000	-9999.0000	-9999.0000	-9999.0000	-9999.0000	21.3423	1	0	29.1626	1.0000	03	1	-9999.0000	34425	70689	-9999	1159	1146	-9999	620.4101	5	0.7215	0.7324	-0.0006	96.5281	0.9727	731.6680	293.4107	36.9710	710.8363	95.1843	770.5143	94.8108	779.0548	94.9646	785.3922	95.0525	
29/08/2017	00:45:37	019004	H375136423HLR	L375	S		751.7611	1.0230	0.0000	100.0676	40.2004	0.8230	0.8279	4.0000	19.3322	860.0687	94.6790	17.0419	24.7000	0.9300	0.9260	0.7324	-0.0006	860.0000	861.2236	1.0339	-5.4988	99.9544	39.8461	0.8230	0.8239	5.0000	-9999.0000	-9999.0000	-9999.0000	-9999.0000	-9999.0000	-9999.0000	22.5826	2	0	30.3139	1.0000	03	1	-9999.0000	34426	70690	-9999	1160	1147	-9999	621.7576	5	0.7215	0.7324	-0.0006	96.5281	0.9727	751.7230	322.3951	38.9919	731.3449	95.0525	784.2696	94.7010	793.7995	94.8767	800.4814	95.1184	
29/08/2017	00:46:06	019004	H375136424HLR	L375	S		744.4589	1.0230	0.0000	100.0333	40.1339	0.8230	0.8277	4.0000	19.4221	860.0571	94.9646	20.5619	24.5000	0.9300	0.9256	0.7321	-0.0005	860.0000	862.2834	1.0339	-5.5229	100.0438	40.0431	0.8230	0.8236	5.0000	-9999.0000	-9999.0000	-9999.0000	-9999.0000	-9999.0000	-9999.0000	20.7415	3	0	29.1235	1.0000	03	1	-9999.0000	34427	70691	-9999	1161	1148	-9999	620.1731	5	0.7217	0.7321	-0.0005	141.4853	-1.3909	739.9964	327.7175	37.1467	719.6070	95.1184	773.7481	94.6571	782.5194	94.9646	788.5648	95.0744	
29/08/2017	00:46:32	019004	H375136410HLR	L375	S		742.0476	1.0230	0.0000	100.3293	40.1221	0.8230	0.8280	4.0000	19.3421	860.0662	95.0085	21.9830	24.5000	0.9300	0.9256	0.7321	-0.0005	860.0000	860.3404	1.0339	-5.4788	100.0196	39.8115	0.8230	0.8233	5.0000	-9999.0000	-9999.0000	-9999.0000	-9999.0000	-9999.0000	-9999.0000	21.0024	4	0	26.7929	1.0000	03	1	-9999.0000	34428	70692	-9999	1162	1149	-9999	619.5321	5	0.7217	0.7321	-0.0005	136.8285	-1.0922	729.9784	303.4296	37.6300	709.2101	95.1403	768.3945	94.6571	775.8731	94.8987	781.6021	95.1184	
29/08/2017	00:47:03	019004	H375136192HLR	L375	S		750.9351	1.0230	0.0000	100.0310	40.2195	0.8230	0.8280	4.0000	19.4220	860.0613	94.7230	17.3525	24.6000	0.9300	0.9256	0.7321	-0.0005	860.0000	859.9429	1.0339	-5.4698	100.0285	39.8461	0.8230	0.8237	5.0000	-9999.0000	-9999.0000	-9999.0000	-9999.0000	-9999.0000	-9999.0000	23.4722	5	0	30.4828	1.0000	03	1	-9999.0000	34429	70693	-9999	1163	1150	-9999	621.6579	5	0.7217	0.7321	-0.0005	136.8285	-1.0922	738.2118	312.2626	35.6749	716.4055	95.2502	780.3273	94.6351	788.5953	94.9207	794.5476	95.0744	
29/08/2017	00:47:32	019004	H375136190HLR	L375	S		752.2229	1.0230	0.0000	100.0067	40.2817	0.8230	0.8278	4.0000	19.5616	860.0379	94.8987	18.6515	24.6000	0.9300	0.9258	0.7297	-0.0004	860.0000	861.3779	1.0339	-5.5023	100.0396	39.9706	0.8230	0.8236	5.0000	-9999.0000	-9999.0000	-9999.0000	-9999.0000	-9999.0000	-9999.0000	21.2527	6	0	28.9936	1.0000	03	1	-9999.0000	34430	70694	-9999	1164	1151	-9999	620.8717	5	0.7214	0.7297	-0.0004	72.1042	2.2211	741.8802	305.4876	37.6300	719.4927	95.0964	782.5898	94.6790	791.2699	94.9207	796.7421	95.0744	
29/08/2017	00:48:00	019004	H375136180HLR	L375	S		751.0381	1.0230	0.0000	99.8573	40.2193	0.8230	0.8278	4.0000	19.3517	860.0804	94.6571	17.2920	24.6000	0.9300	0.9259	0.7297	-0.0004	860.0000	860.8496	1.0339	-5.4903	100.0158	39.8686	0.8230	0.8234	5.0000	-9999.0000	-9999.0000	-9999.0000	-9999.0000	-9999.0000	-9999.0000	20.8227	7	0	27.9934	1.0000	03	1	-9999.0000	34431	70695	-9999	1165	1152	-9999	621.3686	5	0.7214	0.7297	-0.0004	72.1042	2.2211	745.2394	314.0945	36.6414	724.0889	95.2502	784.4580	94.7230	793.1345	94.9207	799.7508	95.0305	
29/08/2017	00:48:32	019004	H375136406HLR	L375	S		687.1191	1.0230	0.0000	100.1203	40.1044	0.8230	0.8276	4.0000	20.1829	0.0000	0.0000	0.0000	0.0000	0.9300	0.0000	0.0000	0.0000	0.0000	688.0612	1.0339	-0.4120	100.0476	39.7675	0.8230	0.8240	5.0000	-9999.0000	-9999.0000	-9999.0000	-9999.0000	-9999.0000	-9999.0000	20.4124	8	7	32.3532	1.0000	03	1	-9999.0000	34432	0	-9999	1166	1153	-9999	0.0000	0	0.0000	0.0000	0.0000	0.0000	0.0000	0.0000	0.0000	0.0000	0.0000	0.0000	0.0000	0.0000	0.0000	0.0000	0.0000	0.0000	
29/08/2017	00:49:03	019004	H375136183HLR	L375	S		750.5639	1.0230	0.0000	99.9688	40.1356	0.8230	0.8278	4.0000	19.5120	860.0634	94.8548	18.7121	24.6000	0.9300	0.9260	0.7333	-0.0006	860.0000	861.6205	1.0339	-5.5078	100.0929	40.0244	0.8230	0.8239	5.0000	-9999.0000	-9999.0000	-9999.0000	-9999.0000	-9999.0000	-9999.0000	20.4220	1	0	30.3432	1.0000	03	1	-9999.0000	34433	70696	-9999	1167	1154	-9999	621.1128	5	0.7214	0.7333	-0.0006	72.7472	2.1442	739.8109	280.7316	35.3234	718.2721	95.0964	777.0609	94.7889	786.4187	95.0085	793.8904	95.0305	
29/08/2017	00:49:30	019004	H375136366HLR	L375	S		749.0404	1.0230	0.0000	100.1057	40.1955	0.8230	0.8279	4.0000	19.5519	860.0533	94.6351	17.3525	24.6000	0.9300	0.9258	0.7312	-0.0005	860.0000	859.0725	1.0339	-5.4500	99.9733	39.8013	0.8230	0.8232	5.0000	-9999.0000	-9999.0000	-9999.0000	-9999.0000	-9999.0000	-9999.0000	26.8918	2	0	27.1436	1.0000	03	1	-9999.0000	34434	70697	-9999	1168	1155	-9999	621.3838	5	0.7213	0.7312	-0.0005	72.4777	2.1658	741.5408	313.1836	36.9929	720.0359	95.1623	779.8740	94.7010	788.7138	94.9866	795.8070	95.0744	
29/08/2017	00:49:56	019004	H375136195HLR	L375	S		751.3176	1.0230	0.0000	99.9922	40.1950	0.8230	0.8277	4.0000	19.5217	860.0715	94.5912	16.1522	24.5000	0.9300	0.9256	0.7310	-0.0005	860.0000	860.2313	1.0339	-5.4763	100.0604	39.7466	0.8230	0.8235	5.0000	-9999.0000	-9999.0000	-9999.0000	-9999.0000	-9999.0000	-9999.0000	21.7816	3	0	26.7130	1.0000	03	1	-9999.0000	34435	70698	-9999	1169	1155	-9999	621.7530	5	0.7213	0.7310	-0.0005	70.2455	2.2737	745.6181	319.8590	37.6959	724.1826	94.9426	784.9879	94.6131	794.3973	94.9866	801.8659	95.1184	
29/08/2017	00:50:25	019004	H375136387HLR	L375	S		741.6257	1.0230	0.0000	99.9997	40.1443	0.8230	0.8279	4.0000	19.3626	860.0584	94.9866	20.6928	24.4000	0.9300	0.9257	0.7309	-0.0005	860.0000	860.2427	1.0339	-5.4766	100.0000	40.0705	0.8230	0.8238	5.0000	-9999.0000	-9999.0000	-9999.0000	-9999.0000	-9999.0000	-9999.0000	20.5423	4	0	28.0325	1.0000	03	1	-9999.0000	34436	70699	-9999	1170	1156	-9999	619.7575	5	0.7213	0.7309	-0.0005	68.6120	2.3585	732.9702	316.6513	38.3110	711.9572	95.2941	770.7342	94.7889	779.1856	94.9866	785.4348	95.0744	
29/08/2017	00:50:52	019004	H375136199HLR	L375	S		749.4900	1.0230	0.0000	100.0365	40.1538	0.8230	0.8275	4.0000	20.1622	860.0826	94.8108	17.7725	24.6000	0.9300	0.9259	0.7309	-0.0005	860.0000	860.9124	1.0339	-5.4918	100.0741	39.9595	0.8230	0.8233	5.0000	-9999.0000	-9999.0000	-9999.0000	-9999.0000	-9999.0000	-9999.0000	20.9925	5	0	27.8440	1.0000	03	1	-9999.0000	34437	70700	-9999	1171	1157	-9999	620.9803	5	0.7213	0.7309	-0.0005	68.6120	2.3585	740.2122	322.7464	37.7178	719.0527	95.1843	779.6724	94.7449	788.6252	94.9426	795.6597	95.0964	
29/08/2017	00:51:20	019004	H375136203HLR	L375	S		752.5573	1.0230	0.0000	100.0098	40.1500	0.8230	0.8279	4.0000	19.4010	860.0764	94.7010	15.5017	24.7000	0.9300	0.9259	0.7331	-0.0006	860.0000	859.9398	1.0339	-5.4697	100.0735	39.7620	0.8230	0.8234	5.0000	-9999.0000	-9999.0000	-9999.0000	-9999.0000	-9999.0000	-9999.0000	21.6723	6	0	27.9124	1.0000	03	1	-9999.0000	34438	70701	-9999	1172	1158	-9999	622.3194	5	0.7215	0.7331	-0.0006	72.9303	2.1060	745.8733	316.4110	36.2900	724.7340	95.1184	783.8845	94.6571	794.0070	94.9426	801.4079	95.0964	
29/08/2017	00:51:46	019004	H375136210HLR	L375	S		757.3885	1.0230	0.0000	99.9076	40.2490	0.8230	0.8272	4.0000	20.5412	860.0729	94.6790	14.9118	24.7000	0.9300	0.9258	0.7322	-0.0006	860.0000	860.6558	1.0339	-5.4859	100.0512	39.9540	0.8230	0.8237	5.0000	-9999.0000	-9999.0000	-9999.0000	-9999.0000	-9999.0000	-9999.0000	21.1917	7	0	26.1532	1.0000	03	1	-9999.0000	34439	70702	-9999	1173	1159	-9999	622.3990	5	0.7215	0.7322	-0.0006	76.0566	1.9483	749.0469	316.2680	38.2890	727.0075	95.0964	789.1747	94.6571	798.9294	94.9646	805.5468	95.0964	
29/08/2017	00:52:13	019004	H375137190HLR	L375	S		754.5101	1.0230	0.0000	100.2207	40.1996	0.8230	0.8280	4.0000	19.0519	860.0533	94.7010	16.3319	24.7000	0.9300	0.9259	0.7321	-0.0006	860.0000	861.3713	1.0339	-5.5022	100.0826	39.9481	0.8230	0.8234	5.0000	-9999.0000	-9999.0000	-9999.0000	-9999.0000	-9999.0000	-9999.0000	20.9720	8	0	26.8829	1.0000	03	1	-9999.0000	34440	70703	-9999	1174	1160	-9999	621.6084	5	0.7214	0.7321	-0.0006	74.7286	2.0199	744.3095	313.4495	38.0913	722.7358	95.0085	783.7587	94.7010	794.0414	94.9866	801.0958	95.0964	
29/08/2017	00:52:38	019004	H375136214HLR	L375	S		757.9755	1.0230	0.0000	100.1119	40.1293	0.8230	0.8277	4.0000	19.3820	860.0822	94.6131	16.0623	24.6000	0.9300	0.9258	0.7322	-0.0006	860.0000	862.8549	1.0339	-5.5359	99.9556	39.7880	0.8230	0.8234	5.0000	-9999.0000	-9999.0000	-9999.0000	-9999.0000	-9999.0000	-9999.0000	23.1432	1	0	24.7431	1.0000	03	1	-9999.0000	34441	70704	-9999	1175	1161	-9999	621.7602	5	0.7214	0.7322	-0.0006	74.8828	2.0147	748.3981	305.5486	37.1247	726.0111	95.0525	789.7975	94.7230	799.6659	94.9866	806.4305	95.0964	
29/08/2017	00:53:09	019004	H375136224HLR	L375	S		760.7902	1.0230	0.0000	99.9717	40.0717	0.8230	0.8273	4.0000	20.2424	860.0595	94.5912	16.2714	24.5000	0.9300	0.9256	0.7321	-0.0006	860.0000	864.3747	1.0339	-5.5704	100.0084	39.9624	0.8230	0.8237	5.0000	-9999.0000	-9999.0000	-9999.0000	-9999.0000	-9999.0000	-9999.0000	20.8030	2	0	31.0434	1.0000	03	1	-9999.0000	34442	70705	-9999	1176	1161	-9999	621.7444	5	0.7218	0.7321	-0.0006	81.1992	1.6615	750.7478	317.8966	36.7952	728.6334	95.0085	794.0793	94.6790	803.5510	95.0085	810.2009	95.1403	
29/08/2017	00:53:38	019004	H375136216HLR	L375	S		759.3702	1.0230	0.0000	99.9682	40.1351	0.8230	0.8279	4.0000	19.4319	860.0796	94.6351	14.4020	24.5000	0.9300	0.9257	0.7326	-0.0006	860.0000	860.3145	1.0339	-5.4782	99.9712	39.8494	0.8230	0.8234	5.0000	-9999.0000	-9999.0000	-9999.0000	-9999.0000	-9999.0000	-9999.0000	27.5538	3	0	28.9027	1.0000	03	1	-9999.0000	34443	70706	-9999	1177	1162	-9999	622.6568	5	0.7221	0.7326	-0.0006	74.2278	2.0463	747.7253	318.4597	36.9490	725.7243	94.9866	789.4377	94.7010	799.1095	94.9646	806.9622	95.1184	
29/08/2017	00:54:06	019004	H375137202HLR	L375	S		754.5116	1.0230	0.0000	100.1005	40.2362	0.8230	0.8277	4.0000	19.7721	860.0696	94.6790	15.2712	24.6000	0.9300	0.9258	0.7318	-0.0006	860.0000	860.0026	1.0339	-5.4711	100.0519	39.8705	0.8230	0.8235	5.0000	-9999.0000	-9999.0000	-9999.0000	-9999.0000	-9999.0000	-9999.0000	20.5119	4	0	28.4132	1.0000	03	1	-9999.0000	34444	70707	-9999	1178	1163	-9999	621.9502	5	0.7220	0.7318	-0.0006	73.5150	2.0875	747.0909	319.4114	37.6300	725.5573	95.0525	785.7638	94.7230	796.4624	94.9646	803.5599	95.1403	
29/08/2017	00:54:38	019004	H375137189HLR	L375	S		766.3606	1.0230	0.0000	100.1017	40.1825	0.8230	0.8272	4.0000	20.3821	860.0665	94.7449	12.8921	24.6000	0.9300	0.9256	0.7309	-0.0005	860.0000	862.2360	1.0339	-5.5218	100.0060	39.9487	0.8230	0.8236	5.0000	-9999.0000	-9999.0000	-9999.0000	-9999.0000	-9999.0000	-9999.0000	25.1229	5	0	31.4938	1.0000	03	1	-9999.0000	34445	70708	-9999	1179	1164	-9999	622.9264	5	0.7220	0.7309	-0.0005	68.5884	2.3810	761.0273	319.1904	36.9270	739.5563	95.0305	800.3943	94.7230	809.7905	94.9866	816.9134	95.1184	
29/08/2017	00:55:05	019004	H375137191HLR	L375	S		747.7341	1.0230	0.0000	100.0118	40.1206	0.8230	0.8277	4.0000	19.3820	860.0591	94.8767	15.7127	24.6000	0.9300	0.9259	0.7301	-0.0005	860.0000	858.4445	1.0339	-5.4357	99.9974	39.8965	0.8230	0.8234	5.0000	-9999.0000	-9999.0000	-9999.0000	-9999.0000	-9999.0000	-9999.0000	20.8119	6	0	27.0128	1.0000	03	1	-9999.0000	34446	70709	-9999	1180	1165	-9999	621.5682	5	0.7217	0.7301	-0.0005	67.0597	2.4515	745.6339	316.0225	38.2670	723.5946	95.1843	785.7190	94.7669	795.0213	94.9866	801.8774	95.1184	
29/08/2017	00:55:32	019004	H375137186HLR	L375	S		752.4870	1.0230	0.0000	100.1730	40.0809	0.8230	0.8279	4.0000	19.3323	860.0567	94.7449	17.0820	24.6000	0.9300	0.9259	0.7301	-0.0005	860.0000	860.1960	1.0339	-5.4755	100.0173	39.8461	0.8230	0.8236	5.0000	-9999.0000	-9999.0000	-9999.0000	-9999.0000	-9999.0000	-9999.0000	23.7125	7	0	27.3635	1.0000	03	1	-9999.0000	34447	70710	-9999	1181	1166	-9999	621.0105	5	0.7220	0.7301	-0.0005	62.5419	2.7244	742.5919	312.8517	36.2021	720.9103	95.2502	783.1675	94.7889	792.2979	95.0085	799.2747	95.1184	
29/08/2017	00:56:01	019004	H375137182HLR	L375	S		753.2079	1.0230	0.0000	100.1185	40.1369	0.8230	0.8280	4.0000	19.2923	860.0545	94.6351	16.6718	24.7000	0.9300	0.9260	0.7312	-0.0005	860.0000	859.7956	1.0339	-5.4664	100.0397	39.9702	0.8230	0.8236	5.0000	-9999.0000	-9999.0000	-9999.0000	-9999.0000	-9999.0000	-9999.0000	20.6615	8	0	28.8236	1.0000	03	1	-9999.0000	34448	70711	-9999	1182	1167	-9999	621.0829	5	0.7220	0.7312	-0.0005	64.1083	2.6386	749.3083	328.0068	37.6080	728.5448	95.2282	785.0853	94.7449	793.6080	94.9866	800.5260	95.1184	
29/08/2017	00:56:31	019004	H375137175HLR	L375	S		740.1328	1.0230	0.0000	100.2943	40.2472	0.8230	0.8278	4.0000	19.9525	860.0659	95.0305	19.6721	24.5000	0.9300	0.9258	0.7309	-0.0005	860.0000	858.9102	1.0339	-5.4463	100.0107	39.8948	0.8230	0.8235	5.0000	-9999.0000	-9999.0000	-9999.0000	-9999.0000	-9999.0000	-9999.0000	21.0823	1	0	30.2229	1.0000	03	1	-9999.0000	34449	70712	-9999	1183	1168	-9999	619.7961	5	0.7224	0.7309	-0.0005	58.4361	2.9908	731.1990	315.2528	38.2011	709.9098	95.3820	772.1005	94.8108	781.1006	94.9646	787.4936	95.0964	
29/08/2017	00:57:01	019004	H375137183HLR	L375	S		760.7835	1.0230	0.0000	99.8565	40.2520	0.8230	0.8274	4.0000	20.0716	860.0496	94.8767	12.5014	24.6000	0.9300	0.9255	0.7309	-0.0005	860.0000	859.2644	1.0339	-5.4544	100.0000	39.8860	0.8230	0.8235	5.0000	-9999.0000	-9999.0000	-9999.0000	-9999.0000	-9999.0000	-9999.0000	21.5120	2	0	29.5133	1.0000	03	1	-9999.0000	34450	70713	-9999	1184	1169	-9999	622.8091	5	0.7224	0.7309	-0.0005	58.4361	2.9908	752.7081	316.1482	35.9824	730.1322	95.2282	796.0767	94.7230	806.8775	94.9426	814.7165	95.0744	
29/08/2017	00:57:32	019004	H375137176HLR	L375	S		751.9285	1.0230	0.0000	100.1118	40.1461	0.8230	0.8276	4.0000	19.4924	860.0526	94.8987	15.5418	24.6000	0.9300	0.9258	0.7305	-0.0005	860.0000	860.8570	1.0339	-5.4905	100.0432	39.9231	0.8230	0.8235	5.0000	-9999.0000	-9999.0000	-9999.0000	-9999.0000	-9999.0000	-9999.0000	21.0931	3	0	31.3431	1.0000	03	1	-9999.0000	34451	70714	-9999	1185	1170	-9999	621.4330	5	0.7224	0.7305	-0.0005	62.1608	2.7397	747.8619	317.5905	37.3224	726.1425	95.1403	788.6161	94.7669	798.0166	94.9866	805.2005	95.0964	
29/08/2017	00:58:04	019004	H375137181HLR	L375	S		745.9373	1.0230	0.0000	99.9527	40.1221	0.8230	0.8280	4.0000	19.2317	860.0877	94.8108	17.1015	24.6000	0.9300	0.9260	0.7291	-0.0004	860.0000	858.2670	1.0339	-5.4317	99.9531	39.8764	0.8230	0.8235	5.0000	-9999.0000	-9999.0000	-9999.0000	-9999.0000	-9999.0000	-9999.0000	21.0923	4	0	32.1735	1.0000	03	1	-9999.0000	34452	70715	-9999	1186	1171	-9999	620.8596	5	0.7223	0.7291	-0.0004	63.3505	2.6172	742.4277	310.9483	35.8067	721.4250	95.3380	781.6095	94.7889	788.5909	94.9866	795.6810	95.0744	
29/08/2017	00:58:36	019004	H375137179HLR	L375	Q		738.3573	1.0230	0.0000	100.1215	40.1538	0.8230	0.8273	4.0000	20.7220	860.0793	94.8987	18.3321	24.5000	0.9300	0.9257	0.7265	-0.0003	860.0000	857.2048	1.0339	-5.4076	100.0343	39.9370	0.8230	0.8237	5.0000	-9999.0000	-9999.0000	-9999.0000	-9999.0000	-9999.0000	-9999.0000	20.4622	5	0	31.7536	1.0000	03	1	-9999.0000	34453	70716	-9999	1187	1172	-9999	620.7139	5	0.7221	0.7265	-0.0003	55.5222	3.1362	738.4854	314.7529	37.1687	717.7968	95.2721	774.4836	94.7449	784.1975	94.9646	791.1230	95.1184	
29/08/2017	00:59:06	019004	H375137188HLR	L375	Q		748.2814	1.0230	0.0000	100.1659	40.1622	0.8230	0.8281	4.0000	19.1721	860.0546	94.7889	17.8917	24.5000	0.9300	0.9257	0.7287	-0.0004	860.0000	862.7791	1.0339	-5.5341	99.9822	39.8461	0.8230	0.8234	5.0000	-9999.0000	-9999.0000	-9999.0000	-9999.0000	-9999.0000	-9999.0000	23.9722	6	0	30.2241	1.0000	03	1	-9999.0000	34454	70717	-9999	1188	1173	-9999	620.8262	5	0.7224	0.7287	-0.0004	60.9409	2.8141	744.6659	320.8736	35.8287	723.4104	95.2062	783.6307	94.6790	792.5979	94.9426	799.2009	95.1184	
29/08/2017	00:59:41	019004	H375136089HLR	L375	S		741.5737	1.0230	0.0000	99.9790	40.1865	0.8230	0.8281	4.0000	19.0422	860.0650	94.9426	19.5022	24.6000	0.9300	0.9258	0.7279	-0.0003	860.0000	860.4420	1.0339	-5.4811	100.0275	39.8830	0.8230	0.8236	5.0000	-9999.0000	-9999.0000	-9999.0000	-9999.0000	-9999.0000	-9999.0000	20.7220	7	0	34.9034	1.0000	14	2	-9999.0000	34455	70718	-9999	1189	1174	-9999	620.4287	5	0.7229	0.7279	-0.0003	59.6818	2.9886	735.2621	319.0956	35.8946	713.9866	95.3161	774.6794	94.7889	784.1607	94.9646	790.6593	95.0744	
29/08/2017	01:00:14	019004	H375136085HLR	L375	S		736.5331	1.0230	0.0000	100.0051	40.1497	0.8230	0.8280	4.0000	19.2815	860.0372	94.9207	20.5023	24.6000	0.9300	0.9259	0.7262	-0.0002	860.0000	860.7991	1.0339	-5.4892	100.0210	39.9083	0.8230	0.8236	5.0000	-9999.0000	-9999.0000	-9999.0000	-9999.0000	-9999.0000	-9999.0000	23.3228	8	0	33.1640	1.0000	14	2	-9999.0000	34455	70719	-9999	1190	1175	-9999	620.5059	5	0.7230	0.7262	-0.0002	58.1399	3.1240	732.4918	312.8607	37.3883	711.7840	95.1843	772.0296	94.7010	780.5681	94.9646	787.0556	95.0744	
29/08/2017	01:00:49	019004	H375136093HLR	L375	S		733.5554	1.0230	0.0000	100.0709	40.1484	0.8230	0.8279	4.0000	19.4318	860.0698	94.8767	19.9026	24.6000	0.9300	0.9259	0.7262	-0.0002	860.0000	860.9340	1.0339	-5.4923	100.0208	39.8713	0.8230	0.8235	5.0000	-9999.0000	-9999.0000	-9999.0000	-9999.0000	-9999.0000	-9999.0000	20.6430	1	0	34.3241	1.0000	14	2	-9999.0000	34456	70720	-9999	1191	1175	-9999	621.1955	5	0.7230	0.7262	-0.0002	58.1399	3.1240	732.2876	309.6336	37.4982	710.5607	95.2282	772.0743	94.7010	781.2184	94.9207	788.1274	95.0744	
29/08/2017	01:01:22	019004	H375136079HLR	L375	S		737.2740	1.0230	0.0000	100.2387	40.2111	0.8230	0.8280	4.0000	19.4514	860.0819	94.8548	18.5919	24.6000	0.9300	0.9258	0.7302	-0.0005	860.0000	859.2500	1.0339	-5.4540	100.0014	39.8461	0.8230	0.8236	5.0000	-9999.0000	-9999.0000	-9999.0000	-9999.0000	-9999.0000	-9999.0000	23.9323	2	0	33.2938	1.0000	14	2	-9999.0000	34457	70721	-9999	1192	1176	-9999	621.0466	5	0.7225	0.7302	-0.0005	63.6965	2.8349	736.4921	320.9976	37.4103	715.4143	95.3380	775.4844	94.7669	784.7921	94.9207	791.7439	95.0525	
29/08/2017	01:01:52	019004	H375136101HLR	L375	S		730.9192	1.0230	0.0000	99.9916	40.2397	0.8230	0.8276	4.0000	20.1116	860.0613	94.8987	23.1022	24.6000	0.9300	0.9258	0.7295	-0.0004	860.0000	860.1317	1.0339	-5.4740	100.0577	39.8989	0.8230	0.8236	5.0000	-9999.0000	-9999.0000	-9999.0000	-9999.0000	-9999.0000	-9999.0000	21.2426	3	0	30.3929	1.0000	14	2	-9999.0000	34458	70722	-9999	1193	1177	-9999	619.0969	5	0.7222	0.7295	-0.0004	58.8297	3.1015	725.4573	324.3669	38.0254	704.6297	95.2502	763.4871	94.7889	771.8716	94.9426	778.0171	95.0525	
29/08/2017	01:02:26	019004	H375136117HLR	L375	S		730.1130	1.0230	0.0000	100.0098	40.1702	0.8230	0.8279	4.0000	19.3625	860.0511	94.8987	21.4526	24.5000	0.9300	0.9256	0.7296	-0.0004	860.0000	859.3458	1.0339	-5.4562	99.9921	39.8461	0.8230	0.8235	5.0000	-9999.0000	-9999.0000	-9999.0000	-9999.0000	-9999.0000	-9999.0000	22.5326	4	0	33.5936	1.0000	14	2	-9999.0000	34459	70723	-9999	1194	1178	-9999	619.7118	5	0.7221	0.7296	-0.0004	58.5443	3.1597	727.0905	319.8369	37.3005	706.2337	95.3820	766.1084	94.7449	774.8916	94.8987	780.5693	95.0305	
29/08/2017	01:02:57	019004	H375136109HLR	L375	S		732.3284	1.0230	0.0000	100.1168	40.1569	0.8230	0.8279	4.0000	19.5421	860.0423	94.9207	22.4625	24.5000	0.9300	0.9257	0.7297	-0.0004	860.0000	860.0509	1.0339	-5.4722	100.0193	39.8785	0.8230	0.8236	5.0000	-9999.0000	-9999.0000	-9999.0000	-9999.0000	-9999.0000	-9999.0000	20.9526	5	0	31.0241	1.0000	14	2	-9999.0000	34460	70724	-9999	1195	1179	-9999	619.4709	5	0.7222	0.7297	-0.0004	58.2383	3.2283	725.2889	315.9734	36.4657	703.8941	95.4039	764.9891	94.7010	773.0456	94.8987	779.0711	95.0525	
29/08/2017	01:03:28	019004	H375136113HLR	L375	S		734.0618	1.0230	0.0000	100.1305	40.2241	0.8230	0.8281	4.0000	19.2317	860.0716	94.8548	21.6020	24.6000	0.9300	0.9258	0.7301	-0.0004	860.0000	860.0415	1.0339	-5.4720	100.0870	39.9004	0.8230	0.8236	5.0000	-9999.0000	-9999.0000	-9999.0000	-9999.0000	-9999.0000	-9999.0000	21.0023	6	0	30.6636	1.0000	14	2	-9999.0000	34461	70725	-9999	1196	1180	-9999	619.9718	5	0.7220	0.7301	-0.0004	61.5404	3.0301	711.1115	330.0550	37.6739	690.0442	95.5577	753.5800	94.7449	764.0002	94.8328	773.5968	95.0085	
29/08/2017	01:04:00	019004	H375136124HLR	L375	S		736.8827	1.0230	0.0000	99.8887	40.2331	0.8230	0.8278	4.0000	19.5119	860.1122	94.8108	18.6125	24.7000	0.9300	0.9258	0.7301	-0.0004	860.0000	858.4006	1.0339	-5.4347	100.0671	39.8588	0.8230	0.8236	5.0000	-9999.0000	-9999.0000	-9999.0000	-9999.0000	-9999.0000	-9999.0000	20.5120	7	0	32.1930	1.0000	14	2	-9999.0000	34462	70726	-9999	1197	1181	-9999	621.0145	5	0.7220	0.7301	-0.0004	61.5404	3.0301	730.8197	322.7119	36.6854	709.5615	95.1843	771.4435	94.6571	780.6215	94.8767	787.8531	95.0525	
29/08/2017	01:04:32	019004	H375136120HLR	L375	S		734.3522	1.0230	0.0000	99.9645	40.2070	0.8230	0.8280	4.0000	19.2025	860.0611	94.9426	21.8618	24.5000	0.9300	0.9256	0.7340	-0.0006	860.0000	861.2811	1.0339	-5.5001	99.9980	39.8461	0.8230	0.8236	5.0000	-9999.0000	-9999.0000	-9999.0000	-9999.0000	-9999.0000	-9999.0000	23.5124	8	0	31.8033	1.0000	14	2	-9999.0000	34463	70727	-9999	1198	1182	-9999	619.8944	5	0.7214	0.7340	-0.0006	67.7095	2.7429	728.6052	323.9379	38.0254	707.2600	95.1843	768.2074	94.6790	775.7879	94.9207	782.5374	95.0525	
29/08/2017	01:04:57	019004	H375136333HLR	L375	S		739.2330	1.0230	0.0000	100.0061	40.1743	0.8230	0.8279	4.0000	19.3820	860.0902	94.8548	19.2619	24.6000	0.9300	0.9257	0.7338	-0.0006	860.0000	861.2507	1.0339	-5.4994	100.0372	39.8461	0.8230	0.8235	5.0000	-9999.0000	-9999.0000	-9999.0000	-9999.0000	-9999.0000	-9999.0000	24.0222	1	0	24.9432	1.0000	14	2	-9999.0000	34464	70728	-9999	1199	1183	-9999	621.1400	5	0.7212	0.7338	-0.0006	75.2368	2.3840	728.0693	311.6644	36.2680	706.6926	95.2941	769.2928	94.7010	778.1947	94.8767	785.5465	95.0305	
29/08/2017	01:05:28	019004	H375136349HLR	L375	S		738.8611	1.0230	0.0000	99.9838	40.1622	0.8230	0.8279	4.0000	19.4817	860.0670	94.7889	18.9826	24.6000	0.9300	0.9258	0.7342	-0.0006	860.0000	860.1889	1.0339	-5.4753	100.0175	39.8631	0.8230	0.8235	5.0000	-9999.0000	-9999.0000	-9999.0000	-9999.0000	-9999.0000	-9999.0000	21.4624	2	0	31.2732	1.0000	14	2	-9999.0000	34465	70729	-9999	1200	1184	-9999	621.2828	5	0.7211	0.7342	-0.0006	78.3932	2.2436	729.9549	311.7598	36.0044	708.2708	95.1843	769.4660	94.6351	779.3387	94.8987	786.4277	95.0525	
29/08/2017	01:05:58	019004	H375136118HLR	L375	S		734.4170	1.0230	0.0000	100.1160	40.2397	0.8230	0.8278	4.0000	19.8323	860.0698	94.9207	20.3626	24.5000	0.9300	0.9256	0.7342	-0.0006	860.0000	860.2623	1.0339	-5.4770	100.0867	39.8901	0.8230	0.8235	5.0000	-9999.0000	-9999.0000	-9999.0000	-9999.0000	-9999.0000	-9999.0000	20.6324	3	0	30.5542	1.0000	14	2	-9999.0000	34466	70730	-9999	1201	1185	-9999	620.6008	5	0.7211	0.7342	-0.0006	78.3932	2.2436	723.3015	309.6282	35.7408	701.7811	95.1403	763.7005	94.6571	773.4077	94.9207	779.8611	95.0744	
29/08/2017	01:06:29	019004	H375136339HLR	L375	S		736.8067	1.0230	0.0000	99.9757	40.2070	0.8230	0.8279	4.0000	19.4220	860.0810	94.8328	20.1322	24.6000	0.9300	0.9257	0.7347	-0.0007	860.0000	860.2591	1.0339	-5.4769	100.0164	39.8461	0.8230	0.8235	5.0000	-9999.0000	-9999.0000	-9999.0000	-9999.0000	-9999.0000	-9999.0000	23.6627	4	0	30.7426	1.0000	14	2	-9999.0000	34467	70731	-9999	1202	1186	-9999	620.6651	5	0.7211	0.7347	-0.0007	91.7027	1.6061	728.9573	318.8228	37.1906	708.6208	95.1403	763.3293	94.6790	772.5673	94.8767	780.0301	95.0744	
29/08/2017	01:07:33	019004	H375136342HLR	L375	S		737.5046	1.0230	0.0000	100.0881	40.2152	0.8230	0.8277	4.0000	19.8713	860.0461	94.8548	19.6819	24.5000	0.9300	0.9257	0.7349	-0.0007	860.0000	861.4418	1.0339	-5.5038	100.0271	39.7953	0.8230	0.8235	5.0000	-9999.0000	-9999.0000	-9999.0000	-9999.0000	-9999.0000	-9999.0000	20.7826	6	0	32.9334	1.0000	14	2	-9999.0000	34469	70732	-9999	1204	1187	-9999	620.9467	5	0.7213	0.7349	-0.0007	89.7898	1.7032	726.9080	283.3711	37.1906	705.4659	95.0964	766.9876	94.7230	777.2963	94.9646	785.0095	95.0305	
29/08/2017	01:08:05	019004	H375136352HLR	L375	S		739.6178	1.0230	0.0000	99.8885	40.2134	0.8230	0.8281	4.0000	19.2619	860.0945	94.7889	18.7316	24.6000	0.9300	0.9258	0.7349	-0.0007	860.0000	860.6369	1.0339	-5.4855	100.0024	39.8461	0.8230	0.8239	5.0000	-9999.0000	-9999.0000	-9999.0000	-9999.0000	-9999.0000	-9999.0000	21.4927	7	0	31.4341	1.0000	14	2	-9999.0000	34470	70733	-9999	1205	1188	-9999	621.6003	5	0.7213	0.7349	-0.0007	89.7898	1.7032	727.4717	313.8295	35.6968	705.9737	95.1403	768.6407	94.6351	778.2689	94.9207	785.2957	95.0525	
29/08/2017	01:08:36	019004	H375136358HLR	L375	S		741.4726	1.0230	0.0000	100.0783	40.1433	0.8230	0.8277	4.0000	19.4524	860.0953	94.7889	19.0822	24.6000	0.9300	0.9259	0.7331	-0.0006	860.0000	859.3695	1.0339	-5.4567	99.9759	39.9487	0.8230	0.8234	5.0000	-9999.0000	-9999.0000	-9999.0000	-9999.0000	-9999.0000	-9999.0000	23.6121	8	0	30.7937	1.0000	14	2	-9999.0000	34471	70734	-9999	1206	1189	-9999	621.2341	5	0.7212	0.7331	-0.0006	87.6860	1.7873	728.8578	305.9160	36.7513	707.5873	95.0525	769.6812	94.6131	779.0552	94.9207	785.8842	95.0744	
29/08/2017	01:09:08	019004	H375136368HLR	L375	S		739.2052	1.0230	0.0000	100.1849	40.1433	0.8230	0.8275	4.0000	20.1126	860.0601	94.8108	19.4319	24.6000	0.9300	0.9259	0.7303	-0.0004	860.0000	860.7820	1.0339	-5.4888	100.0146	39.7435	0.8230	0.8234	5.0000	-9999.0000	-9999.0000	-9999.0000	-9999.0000	-9999.0000	-9999.0000	25.0827	1	0	32.8727	1.0000	14	2	-9999.0000	34472	70735	-9999	1207	1190	-9999	621.0306	5	0.7213	0.7303	-0.0004	89.9054	1.6879	730.6982	312.0453	36.4218	709.8892	95.0744	771.0896	94.6571	780.5631	94.8987	787.0678	95.0744	
29/08/2017	01:09:39	019004	H375136371HLR	L375	S		742.2796	1.0230	0.0000	100.0394	40.1784	0.8230	0.8279	4.0000	19.7024	860.0694	94.9646	21.2329	24.7000	0.9300	0.9259	0.7319	-0.0005	860.0000	862.5011	1.0339	-5.5278	100.0248	39.9151	0.8230	0.8238	5.0000	-9999.0000	-9999.0000	-9999.0000	-9999.0000	-9999.0000	-9999.0000	20.5227	2	0	30.7936	1.0000	14	2	-9999.0000	34473	70736	-9999	1208	1191	-9999	620.0220	5	0.7214	0.7319	-0.0005	88.4978	1.7461	735.9311	310.4853	37.6519	714.6867	95.0525	774.0139	94.6571	782.0352	94.9207	788.1479	95.0964	
29/08/2017	01:10:09	019004	H375136379HLR	L375	S		742.2431	1.0230	0.0000	99.9572	40.2374	0.8230	0.8279	4.0000	19.6526	860.0878	94.8328	19.5715	24.6000	0.9300	0.9258	0.7319	-0.0005	860.0000	861.6693	1.0339	-5.5090	100.0150	39.8461	0.8230	0.8233	5.0000	-9999.0000	-9999.0000	-9999.0000	-9999.0000	-9999.0000	-9999.0000	24.1528	3	0	29.7034	1.0000	14	2	-9999.0000	34474	70737	-9999	1209	1192	-9999	620.8744	5	0.7214	0.7319	-0.0005	88.4978	1.7461	734.3733	307.2559	37.1906	713.4326	95.2062	773.3329	94.6351	781.6574	94.8767	788.2251	95.0744	
29/08/2017	01:10:40	019004	H375136420HLR	L375	S		740.8143	1.0230	0.0000	99.9781	40.2193	0.8230	0.8279	4.0000	19.2922	860.0525	94.7889	19.0920	24.6000	0.9300	0.9258	0.7372	-0.0008	860.0000	862.0650	1.0339	-5.5179	100.0460	39.7810	0.8230	0.8236	5.0000	-9999.0000	-9999.0000	-9999.0000	-9999.0000	-9999.0000	-9999.0000	20.6223	4	0	30.8433	1.0000	14	2	-9999.0000	34475	70738	-9999	1210	1192	-9999	621.2130	5	0.7216	0.7372	-0.0008	88.6005	1.7454	729.8305	315.9040	36.1362	709.0690	95.3380	768.8890	94.7010	778.1757	94.8767	785.1889	95.0305	
29/08/2017	01:11:12	019004	H375136329HLR	L375	S		734.2694	1.0230	0.0000	100.0828	40.1538	0.8230	0.8278	4.0000	19.6515	860.1302	94.9426	21.0229	24.6000	0.9300	0.9258	0.7407	-0.0010	860.0000	859.5383	1.0339	-5.4606	99.9844	39.9530	0.8230	0.8237	5.0000	-9999.0000	-9999.0000	-9999.0000	-9999.0000	-9999.0000	-9999.0000	22.7720	5	0	32.4236	1.0000	14	2	-9999.0000	34476	70739	-9999	1211	1193	-9999	619.7525	5	0.7213	0.7407	-0.0010	83.5454	1.9998	719.4415	304.1974	35.9385	698.8829	95.2721	757.1374	94.7010	766.7911	94.8767	774.2733	95.0305	
29/08/2017	01:11:42	019004	H375136377HLR	L375	S		741.9639	1.0230	0.0000	100.2360	40.1651	0.8230	0.8279	4.0000	19.4621	860.1037	94.8108	19.1125	24.7000	0.9300	0.9258	0.7407	-0.0010	860.0000	860.7719	1.0339	-5.4886	100.0335	39.8625	0.8230	0.8233	5.0000	-9999.0000	-9999.0000	-9999.0000	-9999.0000	-9999.0000	-9999.0000	21.2819	6	0	30.0337	1.0000	14	2	-9999.0000	34477	70740	-9999	1212	1194	-9999	621.0742	5	0.7213	0.7407	-0.0010	83.5454	1.9998	726.3751	307.5526	37.8496	705.1654	95.2062	765.0101	94.7010	773.6395	94.8767	781.1344	95.0744	
29/08/2017	01:12:13	019004	H375136374HLR	L375	S		743.4441	1.0230	0.0000	100.0939	40.2293	0.8230	0.8279	4.0000	19.4813	860.0941	94.6790	17.8917	24.6000	0.9300	0.9259	0.7447	-0.0012	860.0000	861.2589	1.0339	-5.4996	99.9626	39.8461	0.8230	0.8237	5.0000	-9999.0000	-9999.0000	-9999.0000	-9999.0000	-9999.0000	-9999.0000	26.5030	7	0	30.3334	1.0000	14	2	-9999.0000	34478	70741	-9999	1213	1195	-9999	622.2773	5	0.7213	0.7447	-0.0012	62.3093	3.0655	726.0092	308.9374	36.4218	704.6181	95.1623	764.7250	94.6571	775.3525	94.8767	782.9820	95.0305	
29/08/2017	01:12:42	019004	H375136337HLR	L375	S		742.0401	1.0230	0.0000	100.2481	40.2231	0.8230	0.8280	4.0000	19.1721	860.0640	94.8548	19.1516	24.5000	0.9300	0.9256	0.7428	-0.0011	860.0000	862.5257	1.0339	-5.5284	100.0320	39.9646	0.8230	0.8236	5.0000	-9999.0000	-9999.0000	-9999.0000	-9999.0000	-9999.0000	-9999.0000	20.7416	8	0	29.9537	1.0000	14	2	-9999.0000	34479	70742	-9999	1214	1196	-9999	620.8540	5	0.7213	0.7428	-0.0011	61.9332	3.0812	724.7787	307.4371	35.6749	703.2568	95.1843	764.5371	94.6790	774.3182	94.9207	781.6588	95.0525	
29/08/2017	01:13:13	019004	H375136404HLR	L375	S		739.9476	1.0230	0.0000	100.0889	40.1515	0.8230	0.8278	4.0000	19.5021	860.0718	94.8767	20.5921	24.6000	0.9300	0.9257	0.7380	-0.0009	860.0000	862.0113	1.0339	-5.5167	100.0557	39.8830	0.8230	0.8236	5.0000	-9999.0000	-9999.0000	-9999.0000	-9999.0000	-9999.0000	-9999.0000	20.7728	1	0	30.9632	1.0000	14	2	-9999.0000	34480	70743	-9999	1215	1196	-9999	619.8115	5	0.7212	0.7380	-0.0009	91.9028	1.4951	725.7333	308.7965	36.8831	704.7399	95.0964	765.3632	94.6790	774.3839	94.9207	781.2889	95.0525	
29/08/2017	01:13:45	019004	H375136409HLR	L375	S		738.2508	1.0230	0.0000	100.1808	40.1410	0.8230	0.8279	4.0000	19.4622	860.0796	94.7669	18.3614	24.6000	0.9300	0.9258	0.7380	-0.0009	860.0000	859.8732	1.0339	-5.4682	100.0504	39.8412	0.8230	0.8236	5.0000	-9999.0000	-9999.0000	-9999.0000	-9999.0000	-9999.0000	-9999.0000	21.1332	2	0	31.0934	1.0000	14	2	-9999.0000	34481	70744	-9999	1216	1197	-9999	621.3238	5	0.7212	0.7380	-0.0009	91.9028	1.4951	730.9275	323.8900	38.5306	710.4180	95.1184	766.7150	94.6571	776.2060	94.8548	783.4836	95.0744	
29/08/2017	01:14:15	019004	H375136392HLR	L375	S		730.8404	1.0230	0.0000	100.0144	40.2213	0.8230	0.8279	4.0000	19.7717	860.1107	94.7889	18.4923	24.5000	0.9300	0.9256	0.7392	-0.0009	860.0000	861.0639	1.0339	-5.4952	100.0028	39.9685	0.8230	0.8237	5.0000	-9999.0000	-9999.0000	-9999.0000	-9999.0000	-9999.0000	-9999.0000	20.8227	3	0	30.3735	1.0000	14	2	-9999.0000	34482	70744	-9999	1217	1198	-9999	621.1870	5	0.7213	0.7392	-0.0009	91.1824	1.5183	734.5743	321.8286	38.5306	714.4441	95.0305	767.9989	94.6351	777.4945	94.8767	783.9007	95.0744	
29/08/2017	01:14:45	019004	H375136389HLR	L375	S		743.8790	1.0230	0.0000	100.0795	40.2561	0.8230	0.8279	4.0000	19.5715	860.0539	94.7230	18.2618	24.6000	0.9300	0.9258	0.7374	-0.0008	860.0000	860.8867	1.0339	-5.4912	100.0268	39.8668	0.8230	0.8234	5.0000	-9999.0000	-9999.0000	-9999.0000	-9999.0000	-9999.0000	-9999.0000	20.9027	4	0	30.4536	1.0000	14	2	-9999.0000	34483	70744	-9999	1218	1199	-9999	621.1467	5	0.7212	0.7374	-0.0008	94.7320	1.3197	730.8971	309.8563	35.4113	709.2911	95.0085	771.6918	94.6351	781.2658	94.8987	788.8338	95.0525	
29/08/2017	01:15:16	019004	H375136383HLR	L375	S		741.7774	1.0230	0.0000	99.8896	40.1661	0.8230	0.8277	4.0000	19.4621	860.0594	94.8108	19.1721	24.5000	0.9300	0.9257	0.7400	-0.0010	860.0000	860.5619	1.0339	-5.4838	100.0613	39.8461	0.8230	0.8236	5.0000	-9999.0000	-9999.0000	-9999.0000	-9999.0000	-9999.0000	-9999.0000	21.1129	5	0	30.4028	1.0000	14	2	-9999.0000	34484	70744	-9999	1219	1200	-9999	620.3539	5	0.7208	0.7400	-0.0010	99.8769	1.0729	727.0775	308.0918	35.6090	705.9982	95.1403	766.5753	94.6571	777.0488	94.9207	783.4256	95.0744	
29/08/2017	01:15:46	019004	H375136401HLR	L375	S		741.2946	1.0230	0.0000	99.8398	40.1374	0.8230	0.8279	4.0000	19.3226	860.1002	94.8108	19.4622	24.6000	0.9300	0.9258	0.7415	-0.0011	860.0000	861.3161	1.0339	-5.5009	100.0651	39.9560	0.8230	0.8236	5.0000	-9999.0000	-9999.0000	-9999.0000	-9999.0000	-9999.0000	-9999.0000	21.5229	6	0	30.5035	1.0000	14	2	-9999.0000	34485	70745	-9999	1220	1201	-9999	620.0727	5	0.7208	0.7415	-0.0011	99.7388	1.0743	728.0738	310.8753	36.4218	707.2786	95.0964	765.7315	94.6790	775.1237	94.9426	782.2991	95.0744	
29/08/2017	01:16:15	019004	H375136414HLR	L375	S		739.3590	1.0230	0.0000	99.9469	40.1538	0.8230	0.8278	4.0000	19.7424	860.1019	94.7669	18.5822	24.5000	0.9300	0.9258	0.7415	-0.0011	860.0000	858.9163	1.0339	-5.4465	100.0534	39.8633	0.8230	0.8234	5.0000	-9999.0000	-9999.0000	-9999.0000	-9999.0000	-9999.0000	-9999.0000	21.0521	7	0	28.3841	1.0000	14	2	-9999.0000	34485	70746	-9999	1221	1202	-9999	620.7199	5	0.7208	0.7415	-0.0011	99.7388	1.0743	728.3132	311.5811	36.6854	708.2335	95.1403	764.9219	94.6571	774.1659	94.9207	781.7926	95.0744	
29/08/2017	01:16:45	019004	H375136411HLR	L375	S		743.4140	1.0230	0.0000	99.9554	40.2487	0.8230	0.8276	4.0000	20.1720	860.0639	94.7449	18.8127	24.6000	0.9300	0.9259	0.7451	-0.0013	860.0000	860.9573	1.0339	-5.4928	100.0062	39.8461	0.8230	0.8236	5.0000	-9999.0000	-9999.0000	-9999.0000	-9999.0000	-9999.0000	-9999.0000	21.2523	8	0	30.3833	1.0000	14	2	-9999.0000	34486	70747	-9999	1222	1203	-9999	620.3808	5	0.7211	0.7451	-0.0013	83.6639	1.9098	726.7782	315.0620	38.0034	706.7970	95.0085	764.2499	94.6351	773.9958	94.9207	781.3644	95.0964	
29/08/2017	01:17:14	019004	H375136425HLR	L375	S		744.4845	1.0230	0.0000	100.1205	40.2316	0.8230	0.8275	4.0000	19.9826	860.0963	94.7449	18.6417	24.7000	0.9300	0.9260	0.7457	-0.0013	860.0000	860.5072	1.0339	-5.4826	100.0507	39.9691	0.8230	0.8237	5.0000	-9999.0000	-9999.0000	-9999.0000	-9999.0000	-9999.0000	-9999.0000	20.3822	1	0	29.0727	1.0000	14	2	-9999.0000	34487	70748	-9999	1223	1204	-9999	620.5826	5	0.7211	0.7457	-0.0013	82.1176	1.9907	727.8462	311.8971	38.1352	707.3169	95.1403	762.5769	94.6571	771.9421	94.9207	779.9509	95.0964	
29/08/2017	01:17:43	019004	H375136181HLR	L375	S		741.9800	1.0230	0.0000	99.9790	40.1538	0.8230	0.8274	4.0000	20.0521	860.0949	94.7669	18.7814	24.5000	0.9300	0.9258	0.7464	-0.0013	860.0000	861.5112	1.0339	-5.5054	99.9271	39.8774	0.8230	0.8234	5.0000	-9999.0000	-9999.0000	-9999.0000	-9999.0000	-9999.0000	-9999.0000	20.5225	2	0	28.5235	1.0000	14	2	-9999.0000	34488	70749	-9999	1224	1205	-9999	620.4133	5	0.7210	0.7464	-0.0013	80.9541	2.0344	726.1676	308.0121	38.1572	705.5418	95.0305	763.3931	94.6571	772.4355	94.9426	778.8064	95.0964	
29/08/2017	01:18:13	019004	H375136178HLR	L375	S		744.4738	1.0230	0.0000	100.3666	40.1428	0.8230	0.8278	4.0000	19.5618	860.0556	94.6571	16.5419	24.6000	0.9300	0.9259	0.7478	-0.0014	860.0000	861.9180	1.0339	-5.5146	100.0018	39.8297	0.8230	0.8236	5.0000	-9999.0000	-9999.0000	-9999.0000	-9999.0000	-9999.0000	-9999.0000	25.0624	3	0	30.4636	1.0000	14	2	-9999.0000	34489	70750	-9999	1225	1206	-9999	623.1967	5	0.7212	0.7478	-0.0014	91.8704	1.4529	729.0310	309.3647	37.3883	707.5876	95.0085	767.2801	94.6131	778.3189	94.9207	785.9570	95.0964	
29/08/2017	01:18:43	019004	H375136188HLR	L375	S		739.0102	1.0230	0.0000	100.1537	40.2234	0.8230	0.8273	4.0000	20.7014	860.0779	94.8987	18.6828	24.5000	0.9300	0.9258	0.7469	-0.0014	860.0000	859.4000	1.0339	-5.4574	100.0261	39.9243	0.8230	0.8236	5.0000	-9999.0000	-9999.0000	-9999.0000	-9999.0000	-9999.0000	-9999.0000	21.2729	4	0	29.9329	1.0000	14	2	-9999.0000	34490	70751	-9999	1226	1207	-9999	620.4787	5	0.7210	0.7469	-0.0014	84.5814	1.8150	720.8100	307.5726	38.2670	700.3965	95.1184	758.4377	94.7230	768.6902	94.8987	776.5724	95.0744	
29/08/2017	01:19:12	019004	H375136185HLR	L375	S		745.2869	1.0230	0.0000	99.8718	40.2234	0.8230	0.8277	4.0000	19.8020	860.0885	94.6571	17.3125	24.6000	0.9300	0.9258	0.7469	-0.0014	860.0000	860.7033	1.0339	-5.4870	100.0992	39.8666	0.8230	0.8234	5.0000	-9999.0000	-9999.0000	-9999.0000	-9999.0000	-9999.0000	-9999.0000	21.7924	5	0	29.0435	1.0000	14	2	-9999.0000	34491	70752	-9999	1227	1207	-9999	622.0498	5	0.7210	0.7469	-0.0014	84.5814	1.8150	727.0149	319.0873	38.9041	706.7682	95.0305	761.9089	94.6790	771.8660	94.9207	780.0168	95.0744	
29/08/2017	01:19:39	019004	H375136193HLR	L375	S		749.4950	1.0230	0.0000	99.9523	40.1464	0.8230	0.8277	4.0000	19.4218	860.0634	94.6131	16.8320	24.7000	0.9300	0.9259	0.7452	-0.0013	860.0000	861.2444	1.0339	-5.4993	99.9706	39.8461	0.8230	0.8235	5.0000	-9999.0000	-9999.0000	-9999.0000	-9999.0000	-9999.0000	-9999.0000	23.0630	6	0	27.0234	1.0000	14	2	-9999.0000	34492	70753	-9999	1228	1208	-9999	622.4196	5	0.7210	0.7452	-0.0013	87.3498	1.6698	735.0138	323.8706	39.5192	714.6964	95.0305	769.6098	94.7010	779.9654	94.9426	786.9387	95.0744	
29/08/2017	01:20:08	019004	H375136397HLR	L375	S		740.7001	1.0230	0.0000	100.0198	40.1428	0.8230	0.8278	4.0000	19.6517	860.0619	94.9207	18.7023	24.7000	0.9300	0.9260	0.7407	-0.0010	860.0000	860.4809	1.0339	-5.4820	100.0030	39.9673	0.8230	0.8237	5.0000	-9999.0000	-9999.0000	-9999.0000	-9999.0000	-9999.0000	-9999.0000	20.6722	7	0	29.2827	1.0000	14	2	-9999.0000	34493	70754	-9999	1229	1209	-9999	620.2973	5	0.7214	0.7407	-0.0010	106.7906	0.6373	726.9744	316.0683	36.9929	706.3106	95.1623	765.5047	94.7230	775.8784	94.9646	783.3183	95.0525	
29/08/2017	01:20:37	019004	H375136218HLR	L375	S		745.8613	1.0230	0.0000	100.0733	40.1428	0.8230	0.8281	4.0000	19.2824	860.0805	94.7669	18.2325	24.8000	0.9300	0.9261	0.7396	-0.0010	860.0000	861.2323	1.0339	-5.4990	100.0539	39.8797	0.8230	0.8234	5.0000	-9999.0000	-9999.0000	-9999.0000	-9999.0000	-9999.0000	-9999.0000	21.0921	8	0	28.9036	1.0000	14	2	-9999.0000	34494	70755	-9999	1230	1210	-9999	620.6981	5	0.7213	0.7396	-0.0010	104.3063	0.7668	727.6985	313.7373	35.4552	705.6068	95.1843	771.2903	94.7230	780.9482	94.9426	788.2614	95.0964	
29/08/2017	01:21:07	019004	H375136212HLR	L375	S		747.5203	1.0230	0.0000	99.9369	40.1906	0.8230	0.8278	4.0000	19.6223	860.0703	94.6790	17.3213	24.6000	0.9300	0.9257	0.7403	-0.0010	860.0000	861.2599	1.0339	-5.4997	100.0352	39.8461	0.8230	0.8235	5.0000	-9999.0000	-9999.0000	-9999.0000	-9999.0000	-9999.0000	-9999.0000	21.3218	1	0	29.6428	1.0000	14	2	-9999.0000	34495	70756	-9999	1231	1211	-9999	621.5165	5	0.7215	0.7403	-0.0010	97.1944	1.1387	737.4596	322.3590	37.2126	716.5002	95.2062	773.7988	94.7449	783.2158	94.9207	789.6308	95.0964	
29/08/2017	01:21:32	019004	error reading	L375	S		0.0000	0.0000	0.0000	0.0000	0.0000	0.8230	0.0000	0.0000	0.0000	0.0000	0.0000	0.0000	0.0000	0.9300	0.0000	0.0000	0.0000	0.0000	0.0000	0.0000	0.0000	0.0000	0.0000	0.8230	0.0000	0.0000	0.0000	0.0000	0.0000	0.0000	0.0000	0.0000	0.0000	0	28	29.6428	1.0000	14	2	0.0000	0	0	0	0	0	0	0.0000	0	0.0000	0.0000	0.0000	0.0000	0.0000	0.0000	0.0000	0.0000	0.0000	0.0000	0.0000	0.0000	0.0000	0.0000	0.0000	0.0000	
29/08/2017	01:23:15	019004	H375136221HLR	L375	S		749.3752	1.0230	0.0000	100.0362	40.1702	0.8230	0.8278	4.0000	19.4521	860.0692	94.6790	15.3924	24.6000	0.9300	0.9258	0.7393	-0.0010	860.0000	860.4573	1.0339	-5.4814	100.0340	39.9487	0.8230	0.8236	5.0000	-9999.0000	-9999.0000	-9999.0000	-9999.0000	-9999.0000	-9999.0000	21.7026	2	0	127.7645	1.0000	14	2	-9999.0000	34496	70757	-9999	1232	1212	-9999	623.0362	5	0.7216	0.7393	-0.0010	83.0432	1.8922	733.0869	312.9262	37.6959	709.9299	95.0085	777.2960	94.6790	787.9698	94.9426	795.7570	95.0964	
29/08/2017	01:23:44	019004	H375136207HLR	L375	S		749.4033	1.0230	0.0000	100.0732	40.1538	0.8230	0.8273	4.0000	20.3117	860.0587	94.8328	17.5821	24.7000	0.9300	0.9259	0.7412	-0.0011	860.0000	860.5311	1.0339	-5.4831	99.9896	39.8461	0.8230	0.8234	5.0000	-9999.0000	-9999.0000	-9999.0000	-9999.0000	-9999.0000	-9999.0000	24.7223	3	0	29.5531	1.0000	14	2	-9999.0000	34497	70758	-9999	1233	1213	-9999	621.0756	5	0.7216	0.7412	-0.0011	79.9105	2.0749	733.0381	313.9970	36.5975	711.9909	95.1843	771.6495	94.7230	780.4186	94.9646	787.5565	95.0744	
29/08/2017	01:24:11	019004	H375136197HLR	L375	S		747.9678	1.0230	0.0000	99.9365	40.1538	0.8230	0.8276	4.0000	19.9523	860.0699	94.6571	17.2119	24.6000	0.9300	0.9258	0.7394	-0.0010	860.0000	861.1228	1.0339	-5.4965	99.9732	39.8461	0.8230	0.8238	5.0000	-9999.0000	-9999.0000	-9999.0000	-9999.0000	-9999.0000	-9999.0000	26.1923	4	0	26.4638	1.0000	14	2	-9999.0000	34498	70759	-9999	1234	1214	-9999	621.4228	5	0.7217	0.7394	-0.0010	78.6839	2.1283	735.1727	312.9357	36.5975	714.2509	95.0964	772.9228	94.7010	783.4348	94.9426	791.8642	95.0744	
29/08/2017	01:24:41	019004	H375136226HLR	L375	S		745.6394	1.0230	0.0000	99.9114	40.1356	0.8230	0.8279	4.0000	19.3917	860.0596	94.7230	17.8924	24.6000	0.9300	0.9256	0.7394	-0.0010	860.0000	859.8225	1.0339	-5.4670	100.0177	39.8461	0.8230	0.8235	5.0000	-9999.0000	-9999.0000	-9999.0000	-9999.0000	-9999.0000	-9999.0000	23.1823	5	0	30.6129	1.0000	14	2	-9999.0000	34499	70760	-9999	1235	1215	-9999	620.7034	5	0.7216	0.7394	-0.0010	75.6388	2.2760	734.7708	319.8488	36.5096	714.2820	95.1184	771.5273	94.6790	780.4100	94.9646	786.0713	95.0964	
29/08/2017	01:25:11	019004	H375137204HLR	L375	S		744.7849	1.0230	0.0000	100.2477	40.1433	0.8230	0.8280	4.0000	19.4222	860.0580	94.7010	17.3613	24.7000	0.9300	0.9258	0.7391	-0.0010	860.0000	860.3155	1.0339	-5.4782	100.0479	39.8459	0.8230	0.8235	5.0000	-9999.0000	-9999.0000	-9999.0000	-9999.0000	-9999.0000	-9999.0000	20.8723	6	0	30.0335	1.0000	14	2	-9999.0000	34500	70761	-9999	1236	1216	-9999	621.1679	5	0.7219	0.7391	-0.0010	76.5369	2.2369	733.8862	313.9325	37.4982	713.1726	95.0964	770.8695	94.6790	780.8131	94.9426	788.0937	95.0964	
29/08/2017	01:25:41	019004	H375137201HLR	L375	S		767.0104	1.0230	0.0000	100.1501	40.1906	0.8230	0.8279	4.0000	19.3213	860.0919	94.8328	13.3618	24.6000	0.9300	0.9258	0.7402	-0.0010	860.0000	866.5961	1.0339	-5.6208	100.0577	39.8598	0.8230	0.8236	5.0000	-9999.0000	-9999.0000	-9999.0000	-9999.0000	-9999.0000	-9999.0000	20.7718	7	0	29.7729	1.0000	14	2	-9999.0000	34501	70762	-9999	1237	1217	-9999	624.7019	5	0.7220	0.7402	-0.0010	72.1247	2.4775	755.7583	282.1484	36.4657	733.7855	94.8987	795.3763	94.8108	806.1949	94.9866	813.6250	95.0744	
29/08/2017	01:26:13	019004	H375137178HLR	L375	S		762.7934	1.0230	0.0000	99.9676	40.7116	0.8230	0.8274	4.0000	19.3722	860.0856	94.7669	14.7517	24.7000	0.9300	0.9259	0.7383	-0.0009	860.0000	865.6746	1.0339	-5.5999	100.0134	39.8316	0.8230	0.8235	5.0000	-9999.0000	-9999.0000	-9999.0000	-9999.0000	-9999.0000	-9999.0000	21.6625	8	0	32.2536	1.0000	14	2	-9999.0000	34502	70763	-9999	1238	1218	-9999	623.2102	5	0.7221	0.7383	-0.0009	73.5738	2.3756	754.8838	306.2913	36.2460	733.5644	95.0744	792.0714	94.7230	801.5558	94.9866	808.8802	95.0964	
29/08/2017	01:26:44	019004	H375136130HLR	L375	S		718.6916	1.0230	0.0000	100.0597	40.1538	0.8230	0.8271	4.0000	19.5022	860.0610	94.9207	18.8224	24.6000	0.9300	0.9260	0.7396	-0.0010	860.0000	861.1764	1.0339	-5.4978	100.0557	39.8461	0.8230	0.8235	5.0000	-9999.0000	-9999.0000	-9999.0000	-9999.0000	-9999.0000	-9999.0000	21.1323	1	0	30.6637	1.0000	05	3	-9999.0000	34503	70764	-9999	1239	1219	-9999	620.0387	5	0.7220	0.7396	-0.0010	77.8365	2.0868	739.0612	317.1973	38.6624	718.6628	95.3380	774.4416	94.8328	783.4205	94.9646	789.8665	95.0744	
29/08/2017	01:27:16	019004	H375135979HLR	L375	S		750.5602	1.0230	0.0000	99.9911	39.9239	0.8230	0.8271	4.0000	19.6515	860.0611	94.8328	18.3214	24.6000	0.9300	0.9259	0.7396	-0.0010	860.0000	862.0373	1.0339	-5.5173	100.0410	39.8672	0.8230	0.8236	5.0000	-9999.0000	-9999.0000	-9999.0000	-9999.0000	-9999.0000	-9999.0000	21.1421	2	0	31.6333	1.0000	05	3	-9999.0000	34504	70765	-9999	1240	1220	-9999	620.2059	5	0.7220	0.7396	-0.0010	77.8365	2.0868	737.1816	310.2364	38.4647	716.2805	95.3161	773.8325	94.7449	782.1988	94.9207	789.0046	95.0964	
29/08/2017	01:27:46	019004	H375136150HLR	L375	S		751.1229	1.0230	0.0000	100.1522	40.1134	0.8230	0.8279	4.0000	19.8724	860.0734	94.8108	18.0225	24.5000	0.9300	0.9257	0.7395	-0.0010	860.0000	860.9635	1.0339	-5.4929	100.0231	39.8566	0.8230	0.8235	5.0000	-9999.0000	-9999.0000	-9999.0000	-9999.0000	-9999.0000	-9999.0000	20.7816	3	0	30.0438	1.0000	05	3	-9999.0000	34505	70766	-9999	1241	1221	-9999	620.4243	5	0.7218	0.7395	-0.0010	59.3055	3.1322	735.7564	317.8712	37.0588	714.9871	95.3380	773.2275	94.7449	782.6256	94.9207	789.3472	95.0744	
29/08/2017	01:28:17	019004	H375136160HLR	L375	S		745.8192	1.0230	0.0000	99.9837	40.3799	0.8230	0.8282	4.0000	19.4522	860.0756	95.0305	20.4525	24.5000	0.9300	0.9258	0.7395	-0.0010	860.0000	860.7216	1.0339	-5.4874	99.9630	39.8461	0.8230	0.8236	5.0000	-9999.0000	-9999.0000	-9999.0000	-9999.0000	-9999.0000	-9999.0000	23.6920	4	0	31.6840	1.0000	05	3	-9999.0000	34506	70767	-9999	1242	1221	-9999	618.3117	5	0.7215	0.7395	-0.0010	57.5181	3.2063	733.7247	314.9155	37.1906	713.3907	95.2721	766.7879	94.7230	774.9192	94.9866	782.4645	95.0964	
29/08/2017	01:28:48	019004	H375135981HLR	L375	S		747.5497	1.0230	0.0000	100.2834	40.3405	0.8230	0.8277	4.0000	19.5216	860.0891	94.8328	18.8722	24.6000	0.9300	0.9259	0.7395	-0.0010	860.0000	862.1200	1.0339	-5.5192	100.0455	39.8566	0.8230	0.8235	5.0000	-9999.0000	-9999.0000	-9999.0000	-9999.0000	-9999.0000	-9999.0000	21.1725	5	0	31.0629	1.0000	05	3	-9999.0000	34507	70768	-9999	1243	1222	-9999	619.7075	5	0.7215	0.7395	-0.0010	57.5181	3.2063	734.4013	302.3414	37.6300	713.1292	95.1843	771.7375	94.6790	781.0769	94.9207	788.4672	95.1184	
29/08/2017	01:29:16	019004	H375136167HLR	L375	S		755.0646	1.0230	0.0000	99.9850	40.1003	0.8230	0.8274	4.0000	19.4016	860.0449	94.9426	19.9818	24.6000	0.9300	0.9259	0.7235	-0.0001	860.0000	863.1472	1.0339	-5.5425	100.0044	39.8606	0.8230	0.8236	5.0000	-9999.0000	-9999.0000	-9999.0000	-9999.0000	-9999.0000	-9999.0000	21.9428	6	0	28.0736	1.0000	05	3	-9999.0000	34508	70769	-9999	1244	1223	-9999	620.1525	5	0.7213	0.7235	-0.0001	68.2073	2.5038	750.4581	312.9542	36.3559	728.7176	95.1843	789.2098	94.6790	796.3266	94.9426	801.2963	95.0964	
29/08/2017	01:29:47	019004	H375136176HLR	L375	S		751.4483	1.0230	0.0000	99.8888	40.0704	0.8230	0.8280	4.0000	19.2013	860.1335	94.7669	18.2423	24.7000	0.9300	0.9259	0.7235	-0.0001	860.0000	861.3430	1.0339	-5.5015	100.0096	39.8539	0.8230	0.8236	5.0000	-9999.0000	-9999.0000	-9999.0000	-9999.0000	-9999.0000	-9999.0000	20.9525	7	0	30.5628	1.0000	05	3	-9999.0000	34509	70770	-9999	1245	1224	-9999	620.2685	5	0.7213	0.7235	-0.0001	68.2073	2.5038	745.6369	308.6896	35.8287	722.9422	95.1403	787.9514	94.6571	795.8260	94.9207	801.3434	95.1184	
29/08/2017	01:30:14	019004	H375136145HLR	L375	S		747.6593	1.0230	0.0000	100.0634	40.2300	0.8230	0.8281	4.0000	19.5424	860.0604	94.9207	20.0316	24.6000	0.9300	0.9259	0.7252	-0.0003	860.0000	859.7739	1.0339	-5.4659	100.0053	39.8461	0.8230	0.8235	5.0000	-9999.0000	-9999.0000	-9999.0000	-9999.0000	-9999.0000	-9999.0000	23.9627	8	0	27.4727	1.0000	05	3	-9999.0000	34509	70771	-9999	1246	1225	-9999	619.4046	5	0.7204	0.7252	-0.0003	70.3104	2.3248	740.5428	316.1889	35.1696	718.8131	95.1843	782.5507	94.6790	790.3727	94.9207	795.0118	95.0744	
29/08/2017	01:30:44	019004	H375136172HLR	L375	S		747.7147	1.0230	0.0000	100.0369	40.3300	0.8230	0.8278	4.0000	19.6818	860.0554	94.8548	19.2424	24.5000	0.9300	0.9257	0.7252	-0.0003	860.0000	860.9302	1.0339	-5.4922	100.0086	39.8598	0.8230	0.8235	5.0000	-9999.0000	-9999.0000	-9999.0000	-9999.0000	-9999.0000	-9999.0000	22.1723	1	0	29.4844	1.0000	05	3	-9999.0000	34509	70772	-9999	1247	1226	-9999	619.1992	5	0.7204	0.7252	-0.0003	70.3104	2.3248	738.9414	317.6161	35.4113	716.7586	95.2502	781.3967	94.7010	790.7720	94.9426	797.6107	95.0744	
29/08/2017	01:31:11	019004	H375136168HLR	L375	S		751.7540	1.0230	0.0000	100.1351	40.1825	0.8230	0.8276	4.0000	19.5227	860.0368	94.6351	16.3720	24.6000	0.9300	0.9258	0.7254	-0.0003	860.0000	859.4186	1.0339	-5.4579	100.0473	39.8615	0.8230	0.8235	5.0000	-9999.0000	-9999.0000	-9999.0000	-9999.0000	-9999.0000	-9999.0000	21.3618	2	0	26.6928	1.0000	05	3	-9999.0000	34510	70773	-9999	1248	1227	-9999	619.5058	5	0.7201	0.7254	-0.0003	74.8526	2.0049	753.6722	333.6711	39.0578	732.5091	95.0085	788.7327	94.6571	797.3433	94.8767	804.0927	95.0964	
29/08/2017	01:31:40	019004	H375136164HLR	L375	S		751.7363	1.0230	0.0000	100.0154	40.1354	0.8230	0.8278	4.0000	19.4113	860.0566	94.9207	18.7326	24.6000	0.9300	0.9257	0.7252	-0.0003	860.0000	861.8593	1.0339	-5.5133	100.0822	39.8764	0.8230	0.8235	5.0000	-9999.0000	-9999.0000	-9999.0000	-9999.0000	-9999.0000	-9999.0000	20.7426	3	0	29.2924	1.0000	05	3	-9999.0000	34511	70774	-9999	1249	1227	-9999	618.8441	5	0.7199	0.7252	-0.0003	69.6861	2.2492	753.0211	337.3237	37.8277	732.4671	95.1184	787.7338	94.6571	796.2283	94.9207	802.1607	95.0964	
29/08/2017	01:32:11	019004	H375136148HLR	L375	S		752.8097	1.0230	0.0000	100.0273	40.1538	0.8230	0.8275	4.0000	20.1223	860.0592	94.6790	15.8514	24.6000	0.9300	0.9259	0.7239	-0.0002	860.0000	858.2946	1.0339	-5.4323	100.0371	39.8572	0.8230	0.8235	5.0000	-9999.0000	-9999.0000	-9999.0000	-9999.0000	-9999.0000	-9999.0000	21.5619	4	0	30.7036	1.0000	05	3	-9999.0000	34512	70775	-9999	1250	1228	-9999	619.5074	5	0.7197	0.7239	-0.0002	71.7243	2.1150	749.8295	320.0855	37.5860	726.9920	95.0964	792.7312	94.6790	801.6098	94.9207	807.1883	95.0964	
29/08/2017	01:32:41	019004	H375136270HLR	L375	S		754.2574	1.0230	0.0000	100.1003	40.1988	0.8230	0.8277	4.0000	19.7413	860.0820	94.8328	17.6114	24.7000	0.9300	0.9259	0.7238	-0.0002	860.0000	859.2057	1.0339	-5.4530	99.9937	39.8461	0.8230	0.8235	5.0000	-9999.0000	-9999.0000	-9999.0000	-9999.0000	-9999.0000	-9999.0000	23.7427	5	0	30.1441	1.0000	05	3	-9999.0000	34513	70776	-9999	1251	1229	-9999	619.1465	5	0.7195	0.7238	-0.0002	73.1726	2.0482	750.1531	321.1653	36.2900	727.9163	95.1184	790.2714	94.6571	799.3328	94.9646	804.5100	95.0964	
29/08/2017	01:33:10	019004	H375136256HLR	L375	S		754.7025	1.0230	0.0000	100.1958	40.2062	0.8230	0.8268	4.0000	21.2816	860.0578	94.6571	15.0613	24.7000	0.9300	0.9260	0.7316	-0.0006	860.0000	859.2896	1.0339	-5.4549	100.0477	39.8889	0.8230	0.8235	5.0000	-9999.0000	-9999.0000	-9999.0000	-9999.0000	-9999.0000	-9999.0000	20.6417	6	0	29.2825	1.0000	05	3	-9999.0000	34514	70777	-9999	1252	1230	-9999	620.9534	5	0.7196	0.7316	-0.0006	81.0327	1.6343	747.3471	306.7453	36.0923	725.1116	95.0964	788.9932	94.6131	798.7697	94.9207	806.2694	95.0744	
29/08/2017	01:33:40	019004	H375136274HLR	L375	S		748.6965	1.0230	0.0000	100.3017	40.1339	0.8230	0.8279	4.0000	19.3029	860.1233	94.8548	17.5518	24.6000	0.9300	0.9256	0.7320	-0.0007	860.0000	859.7960	1.0339	-5.4664	100.0490	39.8637	0.8230	0.8235	5.0000	-9999.0000	-9999.0000	-9999.0000	-9999.0000	-9999.0000	-9999.0000	21.1527	7	0	29.8832	1.0000	05	3	-9999.0000	34514	70778	-9999	1253	1231	-9999	619.5274	5	0.7195	0.7320	-0.0007	82.5709	1.5376	738.6227	324.5880	36.8172	716.9216	95.1623	778.0911	94.7010	788.0687	94.9207	795.1305	95.0525	
29/08/2017	01:34:08	019004	H375136251HLR	L375	S		739.9812	1.0230	0.0000	100.0739	40.1195	0.8230	0.8279	4.0000	19.3917	860.0542	94.9426	19.0422	24.6000	0.9300	0.9258	0.7330	-0.0007	860.0000	858.6838	1.0339	-5.4412	100.0491	39.8686	0.8230	0.8236	5.0000	-9999.0000	-9999.0000	-9999.0000	-9999.0000	-9999.0000	-9999.0000	21.0726	8	0	28.4534	1.0000	05	3	-9999.0000	34515	70779	-9999	1254	1232	-9999	618.6390	5	0.7197	0.7330	-0.0007	78.3415	1.7543	732.8334	313.7627	36.0483	711.0312	95.3380	773.4622	94.7449	782.6040	94.9646	788.1837	95.0744	
29/08/2017	01:34:39	019004	H375136229HLR	L375	S		748.0708	1.0230	0.0000	100.1375	40.1321	0.8230	0.8280	4.0000	19.2716	860.0624	94.8548	18.3517	24.6000	0.9300	0.9259	0.7332	-0.0007	860.0000	859.8057	1.0339	-5.4666	100.0161	39.8832	0.8230	0.8236	5.0000	-9999.0000	-9999.0000	-9999.0000	-9999.0000	-9999.0000	-9999.0000	20.7415	1	0	31.1334	1.0000	05	3	-9999.0000	34516	70780	-9999	1255	1233	-9999	619.1162	5	0.7197	0.7332	-0.0007	78.2355	1.7295	734.5943	314.3588	37.8496	712.5760	95.1403	775.6542	94.7010	785.4794	94.9207	792.2448	95.0744	
29/08/2017	01:35:10	019004	H375136263HLR	L375	S		743.5519	1.0230	0.0000	100.0471	40.2213	0.8230	0.8280	4.0000	19.4416	860.0650	94.7449	17.5821	24.7000	0.9300	0.9258	0.7347	-0.0008	860.0000	858.5119	1.0339	-5.4373	100.0648	39.8731	0.8230	0.8236	5.0000	-9999.0000	-9999.0000	-9999.0000	-9999.0000	-9999.0000	-9999.0000	21.2318	2	0	30.4938	1.0000	05	3	-9999.0000	34517	70781	-9999	1256	1234	-9999	619.6991	5	0.7201	0.7347	-0.0008	79.4060	1.6719	736.1474	312.7014	36.4218	714.1055	95.1623	777.7328	94.6790	786.9399	94.9207	794.3300	95.0744	
29/08/2017	01:35:41	019004	H375136254HLR	L375	S		748.4784	1.0230	0.0000	100.0575	40.2303	0.8230	0.8280	4.0000	19.2325	860.0560	94.8108	18.1319	24.6000	0.9300	0.9257	0.7347	-0.0008	860.0000	860.3609	1.0339	-5.4792	100.0500	39.8666	0.8230	0.8236	5.0000	-9999.0000	-9999.0000	-9999.0000	-9999.0000	-9999.0000	-9999.0000	21.3118	3	0	30.5131	1.0000	05	3	-9999.0000	34518	70782	-9999	1257	1235	-9999	619.3836	5	0.7203	0.7347	-0.0008	80.4616	1.6205	739.6211	310.7601	37.9814	717.1969	95.1184	778.4306	94.7010	787.1521	94.9866	793.9110	95.0525	
29/08/2017	01:36:14	019004	H375136255HLR	L375	S		753.0465	1.0230	0.0000	100.2705	40.1579	0.8230	0.8273	4.0000	20.2218	860.0687	94.7010	16.8417	24.6000	0.9300	0.9257	0.7307	-0.0006	860.0000	859.8532	1.0339	-5.4677	99.9641	39.8461	0.8230	0.8236	5.0000	-9999.0000	-9999.0000	-9999.0000	-9999.0000	-9999.0000	-9999.0000	26.6026	4	0	33.0438	1.0000	05	3	-9999.0000	34519	70783	-9999	1258	1236	-9999	620.2203	5	0.7205	0.7307	-0.0006	80.0992	1.6408	747.2042	329.3422	37.6300	725.0595	95.1403	786.0025	94.7449	794.8334	94.9646	800.4914	95.0744	
