Data	Timp	Nr. masina	Nr. de serie	Tip	Productie	Comentariu	Pre-masurare Q [ml/min]	Pre-masurare Gain	Pre-masurare Offset Master	Pre-masurare P [bar]	Pre-masurare T [°C]	Pre-masurare Densitate fixa [kg/l]	Pre-masurare densitate masurata [kg/l]	Pre-masurare Timp masurare [s]	Pre-masurare Cycle time [s]	rectificare Q Oprire [ml/min]	rectificare P Oprire [bar]	rectificare Timp rectificare [s]	rectificare T [°C]	rectificare Densitate fixa [kg/l]	rectificare densitate masurata [kg/l]	rectificare Factor de masurare la rectificare	rectificare Factor de corectie a debitului	rectificare Target rectificare	Masurare Q [ml/min]	Masurare Gain	Masurare Offset Master	Masurare P [bar]	Masurare T [°C]	Masurare Densitate fixa [kg/l]	Masurare densitate masurata [kg/l]	Masurare Timp masurare [s]	Masurare Q [ml/min]	Masurare Delta Q [ml/min]	Masurare P [bar]	Masurare BP [bar]	Masurare T [°C]	Masurare Timp masurare [s]	Masurare Cycle time [s]	Nest Nr.	Cod de descarcare	Cycle time [s]	Traceability aktiv	EDM Maschine Nr	EDM Spindle Nr	Honing Rate [r	Station Counter Premeasure	Station Counter Grind	Station Counter Blowout 1	Station Counter Wash	Station Counter Measure	Station Counter Blowout 2	RealGrindQStop	Reg Type	Factor 0	Factor 1	Factor 2	Factor 3	Factor 4	G_StartQV	G_StartQV_1	G_StartQV_2	G_StartQV_3	G_StartQV_4	G_StartQV_5	
13/08/2017	01:16:15	019004	G523039345HLR	L523	S		440.4477	1.0233	10.0000	100.1053	39.4737	0.8230	0.8262	5.0000	20.0129	508.0450	95.1623	14.0621	25.7000	0.9300	0.9333	0.6360	-0.0000	508.0000	509.9253	1.0339	7.1718	100.0831	39.2784	0.8230	0.8241	5.0000	-9999.0000	-9999.0000	-9999.0000	-9999.0000	-9999.0000	-9999.0000	20.6927	7	0	27.2832	1.0000	99	9	-9999.0000	4539	42136	-9999	1866	1806	-9999	322.7963	5	0.6353	0.6360	-0.0000	44.3254	1.9247	471.6846	471.5672	41.2546	452.0178	96.8318	473.0624	95.0744	477.6073	94.7449	481.0018	94.8328	
13/08/2017	01:17:51	019004	G523039852HLR	L523	S		434.2987	1.0233	10.0000	100.1400	39.2203	0.8230	0.8259	5.0000	19.8821	508.0390	95.0964	15.6619	25.7000	0.9300	0.9334	0.6363	-0.0001	508.0000	509.2489	1.0339	7.2366	100.0590	39.4469	0.8230	0.8225	5.0000	-9999.0000	-9999.0000	-9999.0000	-9999.0000	-9999.0000	-9999.0000	21.5318	3	0	29.0834	1.0000	99	9	-9999.0000	4540	42137	-9999	1867	1806	-9999	322.7147	5	0.6352	0.6363	-0.0001	43.7151	1.9589	450.5171	360.1344	38.6844	438.1566	95.0305	462.8935	94.6790	468.4548	94.8328	472.9886	94.8767	
13/08/2017	01:19:25	019004	G523039848HLR	L523	S		432.8428	1.0233	10.0000	99.9128	39.2191	0.8230	0.8255	5.0000	19.9319	508.0447	95.0525	17.5020	25.7000	0.9300	0.9334	0.6364	-0.0001	508.0000	510.3685	1.0339	7.1293	100.1005	39.8162	0.8230	0.8229	5.0000	-9999.0000	-9999.0000	-9999.0000	-9999.0000	-9999.0000	-9999.0000	20.8022	7	0	27.3332	1.0000	99	9	-9999.0000	4541	42138	-9999	1868	1807	-9999	322.6149	5	0.6350	0.6364	-0.0001	42.8150	2.0334	442.9544	319.5228	35.4991	429.3592	95.0964	457.8248	94.7230	463.7682	94.8767	468.4444	94.8548	
13/08/2017	01:21:10	019004	G523039846HLR	L523	S		436.5907	1.0233	10.0000	99.9227	39.2174	0.8230	0.8255	5.0000	20.1527	508.0523	95.0085	15.7117	25.7000	0.9300	0.9332	0.6359	-0.0001	508.0000	508.7108	1.0339	7.2881	100.0622	39.7237	0.8230	0.8231	5.0000	-9999.0000	-9999.0000	-9999.0000	-9999.0000	-9999.0000	-9999.0000	20.3325	3	0	27.6436	1.0000	99	9	-9999.0000	4542	42139	-9999	1869	1807	-9999	322.6665	5	0.6348	0.6359	-0.0001	44.1686	1.9273	452.4217	313.7061	35.9385	441.0684	94.7889	463.9587	94.7230	468.9450	94.8328	473.3267	94.8767	
13/08/2017	01:22:09	019004	G523039845HLR	L523	S		429.6526	1.0233	10.0000	100.1558	40.0300	0.8230	0.8265	5.0000	19.9720	508.0315	95.0744	18.3019	25.6000	0.9300	0.9331	0.6359	-0.0001	508.0000	510.3007	1.0339	7.1358	99.9781	39.8559	0.8230	0.8244	5.0000	-9999.0000	-9999.0000	-9999.0000	-9999.0000	-9999.0000	-9999.0000	23.4625	5	0	31.5935	1.0000	99	9	-9999.0000	4543	42140	-9999	1870	1808	-9999	322.5752	5	0.6348	0.6359	-0.0001	44.1686	1.9273	439.9417	283.7994	35.4991	426.2781	93.7344	454.5624	94.8108	461.2356	94.8987	465.8812	94.8767	
13/08/2017	01:23:01	019004	G523039840HLR	L523	S		434.1278	1.0233	10.0000	99.9611	39.2926	0.8230	0.8257	5.0000	20.1126	508.0525	94.9866	16.0213	25.6000	0.9300	0.9331	0.6362	-0.0001	508.0000	509.7123	1.0339	7.1922	100.0642	39.6240	0.8230	0.8228	5.0000	-9999.0000	-9999.0000	-9999.0000	-9999.0000	-9999.0000	-9999.0000	21.6225	7	0	26.6223	1.0000	99	9	-9999.0000	4544	42141	-9999	1870	1809	-9999	322.5869	5	0.6347	0.6362	-0.0001	45.2591	1.8490	446.8976	293.5332	34.7303	433.4779	93.9102	460.6019	94.5472	467.8208	94.8767	472.2762	94.8767	
13/08/2017	01:23:58	019004	G523039836HLR	L523	S		433.7588	1.0233	10.0000	99.9331	39.9775	0.8230	0.8262	5.0000	20.0922	508.0400	94.9866	16.8525	25.5000	0.9300	0.9329	0.6395	-0.0003	508.0000	509.8460	1.0339	7.1794	99.9397	39.9487	0.8230	0.8247	5.0000	-9999.0000	-9999.0000	-9999.0000	-9999.0000	-9999.0000	-9999.0000	22.3421	1	0	31.2837	1.0000	99	9	-9999.0000	4545	42142	-9999	1871	1810	-9999	322.0629	5	0.6345	0.6395	-0.0003	43.9420	1.9442	440.6366	277.8772	35.4552	426.4803	94.2397	456.3225	94.6131	462.6290	94.8767	467.1738	94.8767	
13/08/2017	01:24:55	019004	G523039389HLR	L523	S		437.1451	1.0233	10.0000	99.9178	39.4115	0.8230	0.8261	5.0000	20.0530	508.0542	94.9426	14.9919	25.6000	0.9300	0.9329	0.6404	-0.0004	508.0000	508.6921	1.0339	7.2899	100.0797	39.6860	0.8230	0.8230	5.0000	-9999.0000	-9999.0000	-9999.0000	-9999.0000	-9999.0000	-9999.0000	20.5219	3	0	27.8126	1.0000	99	9	-9999.0000	4546	42143	-9999	1872	1811	-9999	322.3109	5	0.6344	0.6404	-0.0004	44.7273	1.8804	448.7040	318.1416	35.1257	435.7573	94.3276	462.3267	94.6131	467.4066	94.8987	472.7933	94.8767	
13/08/2017	01:25:50	019004	G523039388HLR	L523	S		432.2370	1.0233	10.0000	100.0811	39.9096	0.8230	0.8259	5.0000	19.8723	508.0427	95.0305	16.6523	25.6000	0.9300	0.9331	0.6410	-0.0005	508.0000	509.8642	1.0339	7.1776	100.0574	40.1538	0.8230	0.8249	5.0000	-9999.0000	-9999.0000	-9999.0000	-9999.0000	-9999.0000	-9999.0000	20.9026	5	0	27.1935	1.0000	99	9	-9999.0000	4547	42144	-9999	1873	1812	-9999	321.8694	5	0.6341	0.6410	-0.0005	44.2883	1.9042	443.6977	315.2633	35.0598	431.5466	94.6571	456.0329	94.7010	461.9298	94.8987	466.9009	94.8767	
13/08/2017	01:26:18	019004	G523039378HLR	L523	S		430.6718	1.0233	10.0000	99.9948	39.4410	0.8230	0.8255	5.0000	20.0412	508.0411	94.9646	17.3320	25.4000	0.9300	0.9330	0.6410	-0.0005	508.0000	510.3043	1.0339	7.1354	100.0801	40.0494	0.8230	0.8236	5.0000	-9999.0000	-9999.0000	-9999.0000	-9999.0000	-9999.0000	-9999.0000	21.3618	6	0	27.9827	1.0000	99	9	-9999.0000	4548	42145	-9999	1874	1813	-9999	321.7134	5	0.6341	0.6410	-0.0005	44.2883	1.9042	442.7688	336.2567	35.5211	430.6499	94.8767	455.5209	94.7449	460.2119	94.8548	465.2452	94.8987	
13/08/2017	01:26:44	019004	G523039374HLR	L523	S		434.0315	1.0233	10.0000	99.9557	39.6666	0.8230	0.8265	5.0000	20.0021	508.0711	94.9426	16.1014	25.4000	0.9300	0.9330	0.6409	-0.0005	508.0000	509.2956	1.0339	7.2321	100.0516	39.5710	0.8230	0.8233	5.0000	-9999.0000	-9999.0000	-9999.0000	-9999.0000	-9999.0000	-9999.0000	20.7220	7	0	25.9931	1.0000	99	9	-9999.0000	4549	42146	-9999	1875	1814	-9999	321.9189	5	0.6339	0.6409	-0.0005	44.0308	1.9269	446.7917	328.1525	37.5860	434.2461	94.9646	458.7765	94.7010	464.0485	94.8328	468.6135	94.8767	
13/08/2017	01:27:13	019004	G523039384HLR	L523	S		433.4026	1.0233	10.0000	100.0920	39.9870	0.8230	0.8263	5.0000	19.8919	508.0546	94.9426	15.5721	25.4000	0.9300	0.9330	0.6409	-0.0005	508.0000	508.9658	1.0339	7.2637	100.1158	39.6770	0.8230	0.8243	5.0000	-9999.0000	-9999.0000	-9999.0000	-9999.0000	-9999.0000	-9999.0000	20.9515	8	0	28.9037	1.0000	99	9	-9999.0000	4550	42147	-9999	1876	1815	-9999	322.0209	5	0.6339	0.6409	-0.0005	44.0308	1.9269	448.0017	327.8955	35.7188	435.6213	95.1843	460.2249	94.7449	465.5340	94.8548	469.9648	94.8767	
13/08/2017	01:27:40	019004	G523039362HLR	L523	S		433.2881	1.0233	10.0000	100.1898	39.6692	0.8230	0.8255	5.0000	19.9623	508.0311	94.9207	15.5115	25.4000	0.9300	0.9331	0.6417	-0.0005	508.0000	509.9807	1.0339	7.1665	100.0774	40.2095	0.8230	0.8249	5.0000	-9999.0000	-9999.0000	-9999.0000	-9999.0000	-9999.0000	-9999.0000	19.9827	1	0	27.4629	1.0000	99	9	-9999.0000	4551	42148	-9999	1877	1816	-9999	321.8791	5	0.6336	0.6417	-0.0005	43.4149	1.9829	447.5926	337.0252	35.4332	435.3900	95.0085	460.4220	94.7449	466.1542	94.8548	469.8907	94.8767	
13/08/2017	01:28:07	019004	G523039369HLR	L523	S		437.2624	1.0233	10.0000	99.9898	39.4713	0.8230	0.8259	5.0000	20.0823	508.0526	94.9646	15.9715	25.4000	0.9300	0.9331	0.6423	-0.0006	508.0000	509.7335	1.0339	7.1901	100.1466	40.0494	0.8230	0.8233	5.0000	-9999.0000	-9999.0000	-9999.0000	-9999.0000	-9999.0000	-9999.0000	21.5922	2	0	27.4731	1.0000	99	9	-9999.0000	4552	42149	-9999	1878	1817	-9999	321.6833	5	0.6334	0.6423	-0.0006	41.6300	2.0971	448.2796	350.4174	38.3329	437.2226	95.0305	459.2105	94.7010	464.2601	94.8328	468.6097	94.8987	
13/08/2017	01:28:34	019004	G523039368HLR	L523	S		434.7847	1.0233	10.0000	100.0145	39.8570	0.8230	0.8265	5.0000	20.0121	508.0422	94.8767	14.3717	25.4000	0.9300	0.9329	0.6417	-0.0006	508.0000	509.6191	1.0339	7.2011	100.0344	39.5141	0.8230	0.8230	5.0000	-9999.0000	-9999.0000	-9999.0000	-9999.0000	-9999.0000	-9999.0000	22.0522	3	0	26.9129	1.0000	99	9	-9999.0000	4553	42150	-9999	1878	1818	-9999	322.0338	5	0.6331	0.6417	-0.0006	40.6644	2.1506	453.0944	338.6163	37.6739	442.6130	94.9866	462.8940	94.7010	469.1260	94.8548	474.4064	94.8767	
13/08/2017	01:29:02	019004	G523039364HLR	L523	S		432.2915	1.0233	10.0000	100.0020	39.9925	0.8230	0.8260	5.0000	19.8713	508.0496	95.0744	16.9521	25.4000	0.9300	0.9330	0.6419	-0.0006	508.0000	509.5180	1.0339	7.2108	100.0796	39.7435	0.8230	0.8244	5.0000	-9999.0000	-9999.0000	-9999.0000	-9999.0000	-9999.0000	-9999.0000	20.4826	4	0	27.3626	1.0000	99	9	-9999.0000	4554	42151	-9999	1879	1819	-9999	321.2214	5	0.6330	0.6419	-0.0006	41.0494	2.1260	442.4922	338.1486	36.0044	429.7245	95.0525	456.4584	94.7230	461.2854	94.8548	465.7207	94.8767	
13/08/2017	01:29:29	019004	G523039359HLR	L523	S		435.6445	1.0233	10.0000	99.9472	39.6240	0.8230	0.8255	5.0000	20.0925	508.0421	94.9426	15.7713	25.4000	0.9300	0.9330	0.6425	-0.0006	508.0000	509.1760	1.0339	7.2436	99.9832	40.2596	0.8230	0.8245	5.0000	-9999.0000	-9999.0000	-9999.0000	-9999.0000	-9999.0000	-9999.0000	21.0520	5	0	27.4132	1.0000	99	9	-9999.0000	4555	42152	-9999	1880	1820	-9999	321.5292	5	0.6328	0.6425	-0.0006	40.4979	2.1682	447.5095	343.8298	36.8172	436.0342	95.1184	459.0640	94.7449	464.4120	94.8767	468.6193	94.8987	
13/08/2017	01:29:58	019004	G523039358HLR	L523	S		435.2325	1.0233	10.0000	100.0988	39.5800	0.8230	0.8262	5.0000	19.9621	508.0269	94.9207	15.6014	25.4000	0.9300	0.9330	0.6420	-0.0006	508.0000	509.4720	1.0339	7.2152	100.0499	40.1202	0.8230	0.8237	5.0000	-9999.0000	-9999.0000	-9999.0000	-9999.0000	-9999.0000	-9999.0000	20.2718	6	0	28.5638	1.0000	99	9	-9999.0000	4556	42153	-9999	1881	1821	-9999	321.4408	5	0.6325	0.6420	-0.0006	41.0579	2.1290	448.4479	329.9589	35.8506	437.0129	95.1184	459.9731	94.7010	465.6892	94.8548	469.6753	94.8548	
13/08/2017	01:30:24	019004	G523039355HLR	L523	S		435.7084	1.0233	10.0000	99.9546	39.9292	0.8230	0.8264	5.0000	19.9123	508.0718	94.8987	15.2820	25.4000	0.9300	0.9329	0.6383	-0.0004	508.0000	508.7589	1.0339	7.2835	100.0889	39.6572	0.8230	0.8232	5.0000	-9999.0000	-9999.0000	-9999.0000	-9999.0000	-9999.0000	-9999.0000	21.0024	7	0	26.2326	1.0000	99	9	-9999.0000	4557	42154	-9999	1882	1822	-9999	321.4372	5	0.6323	0.6383	-0.0004	39.8122	2.2123	450.9788	343.1067	37.3224	439.6410	95.0744	461.4319	94.7230	467.0060	94.8548	472.3324	94.8767	
13/08/2017	01:30:51	019004	G523039354HLR	L523	S		434.6134	1.0233	10.0000	100.0361	39.9247	0.8230	0.8258	5.0000	19.8030	508.0454	94.9207	15.4617	25.4000	0.9300	0.9331	0.6395	-0.0005	508.0000	509.1924	1.0339	7.2420	100.0812	39.7435	0.8230	0.8241	5.0000	-9999.0000	-9999.0000	-9999.0000	-9999.0000	-9999.0000	-9999.0000	21.2825	8	0	27.0733	1.0000	99	9	-9999.0000	4558	42155	-9999	1883	1823	-9999	321.3575	5	0.6321	0.6395	-0.0005	43.9714	1.9651	449.1128	341.3807	37.2126	436.5826	94.9866	460.9312	94.7010	468.0396	94.8548	471.8192	94.8987	
13/08/2017	01:31:18	019004	G523039350HLR	L523	S		437.0327	1.0233	10.0000	100.0555	39.5933	0.8230	0.8256	5.0000	19.8919	508.0276	94.8987	15.7420	25.4000	0.9300	0.9331	0.6378	-0.0004	508.0000	509.8287	1.0339	7.1810	100.0628	40.1604	0.8230	0.8246	5.0000	-9999.0000	-9999.0000	-9999.0000	-9999.0000	-9999.0000	-9999.0000	20.7122	1	0	27.1133	1.0000	99	9	-9999.0000	4559	42156	-9999	1884	1824	-9999	321.1596	5	0.6320	0.6378	-0.0004	42.3740	2.0533	449.2072	330.5291	35.8506	436.9525	94.9426	461.4803	94.7010	467.2539	94.8548	472.7378	94.8767	
13/08/2017	01:31:45	019004	G523039349HLR	L523	S		431.9335	1.0233	10.0000	100.1000	39.6574	0.8230	0.8261	5.0000	21.1419	508.0379	94.9646	16.5214	25.4000	0.9300	0.9331	0.6377	-0.0004	508.0000	508.8561	1.0339	7.2742	100.0556	40.1129	0.8230	0.8236	5.0000	-9999.0000	-9999.0000	-9999.0000	-9999.0000	-9999.0000	-9999.0000	21.1028	2	0	26.5626	1.0000	99	9	-9999.0000	4560	42157	-9999	1885	1825	-9999	320.9264	5	0.6319	0.6377	-0.0004	40.1454	2.1928	443.6592	333.7805	34.6424	430.9148	95.0964	458.0959	94.7230	463.7002	94.8548	467.8585	94.8987	
13/08/2017	01:32:10	019004	G523036970HLR	L523	S		437.2650	1.0233	10.0000	99.9563	39.9829	0.8230	0.8263	5.0000	20.2221	508.0466	94.8987	14.5622	25.4000	0.9300	0.9330	0.6365	-0.0003	508.0000	508.0964	1.0339	7.3470	100.0392	39.7515	0.8230	0.8235	5.0000	-9999.0000	-9999.0000	-9999.0000	-9999.0000	-9999.0000	-9999.0000	20.1517	3	0	25.3926	1.0000	99	9	-9999.0000	4561	42158	-9999	1886	1826	-9999	321.2076	5	0.6317	0.6365	-0.0003	40.9191	2.1525	447.3623	330.9403	35.3014	432.8524	95.0964	464.5704	94.7669	472.2001	94.8767	475.2151	94.9207	
13/08/2017	01:32:36	019004	G523039346HLR	L523	S		434.6588	1.0233	10.0000	100.0465	39.8860	0.8230	0.8257	5.0000	20.0323	508.0479	94.9207	15.0417	25.4000	0.9300	0.9330	0.6396	-0.0005	508.0000	508.6206	1.0339	7.2968	100.0399	39.7435	0.8230	0.8241	5.0000	-9999.0000	-9999.0000	-9999.0000	-9999.0000	-9999.0000	-9999.0000	20.3928	4	0	25.4735	1.0000	99	9	-9999.0000	4562	42159	-9999	1887	1827	-9999	321.1210	5	0.6316	0.6396	-0.0005	43.4825	1.9923	446.9006	328.0085	35.8287	433.4313	95.1403	461.1132	94.7230	467.0110	94.8108	472.6615	94.8767	
13/08/2017	01:33:00	019004	G523039244HLR	L523	S		433.6151	1.0233	10.0000	99.9506	39.5970	0.8230	0.8257	5.0000	19.9124	508.0740	94.9207	15.4412	25.5000	0.9300	0.9330	0.6377	-0.0004	508.0000	508.2119	1.0339	7.3360	100.1043	40.1538	0.8230	0.8246	5.0000	-9999.0000	-9999.0000	-9999.0000	-9999.0000	-9999.0000	-9999.0000	20.3323	5	0	24.8123	1.0000	99	9	-9999.0000	4563	42160	-9999	1888	1828	-9999	320.9056	5	0.6315	0.6377	-0.0004	43.5208	1.9805	447.1079	332.3572	35.0818	433.8938	95.0744	462.0363	94.7669	466.7638	94.8548	471.7250	94.8987	
13/08/2017	01:33:27	019004	G523039485HLR	L523	S		437.0786	1.0233	10.0000	100.0387	39.7585	0.8230	0.8263	5.0000	20.1322	508.0513	94.8767	14.3620	25.5000	0.9300	0.9331	0.6389	-0.0005	508.0000	507.7583	1.0339	7.3794	100.0620	40.1571	0.8230	0.8239	5.0000	-9999.0000	-9999.0000	-9999.0000	-9999.0000	-9999.0000	-9999.0000	20.7719	6	0	27.0030	1.0000	99	9	-9999.0000	4564	42161	-9999	1889	1829	-9999	321.0991	5	0.6314	0.6389	-0.0005	38.8866	2.2775	450.0555	328.9399	37.1247	437.2524	95.0085	466.7025	94.7669	469.7931	94.8767	474.1714	94.8987	
13/08/2017	01:33:54	019004	G523039487HLR	L523	S		438.8430	1.0233	10.0000	99.9858	40.0003	0.8230	0.8263	5.0000	20.1817	508.0736	94.8767	13.7721	25.4000	0.9300	0.9329	0.6397	-0.0005	508.0000	508.2926	1.0339	7.3282	100.1413	39.8293	0.8230	0.8233	5.0000	-9999.0000	-9999.0000	-9999.0000	-9999.0000	-9999.0000	-9999.0000	21.1225	7	0	26.8635	1.0000	99	9	-9999.0000	4565	42162	-9999	1890	1830	-9999	321.3349	5	0.6313	0.6397	-0.0005	38.3306	2.3138	450.5778	298.8089	35.5211	437.6645	95.1184	467.0080	94.7230	472.6842	94.8328	477.3200	94.8987	
13/08/2017	01:34:21	019004	G523039470HLR	L523	S		439.2174	1.0233	10.0000	100.1261	39.8267	0.8230	0.8256	5.0000	20.8325	508.0616	94.8767	13.4419	25.4000	0.9300	0.9328	0.6400	-0.0006	508.0000	510.2852	1.0339	7.1373	100.0651	39.7435	0.8230	0.8238	5.0000	-9999.0000	-9999.0000	-9999.0000	-9999.0000	-9999.0000	-9999.0000	21.0727	8	0	27.2726	1.0000	99	9	-9999.0000	4566	42163	-9999	1891	1831	-9999	321.3888	5	0.6313	0.6400	-0.0006	42.2951	2.0641	450.0666	337.9725	36.6854	436.7959	94.9646	466.6148	94.7449	472.7276	94.8767	477.6555	94.8987	
13/08/2017	01:34:48	019004	G523039469HLR	L523	S		439.8565	1.0233	10.0000	100.0792	39.6213	0.8230	0.8258	5.0000	19.8224	508.0453	94.8108	13.2017	25.4000	0.9300	0.9329	0.6406	-0.0006	508.0000	507.9196	1.0339	7.3640	100.0477	40.0506	0.8230	0.8244	5.0000	-9999.0000	-9999.0000	-9999.0000	-9999.0000	-9999.0000	-9999.0000	20.3926	1	0	26.4228	1.0000	99	9	-9999.0000	4567	42164	-9999	1892	1832	-9999	321.4735	5	0.6314	0.6406	-0.0006	47.9980	1.6953	451.4497	306.9728	35.5870	437.8808	94.8328	467.9401	94.7230	474.1126	94.8987	478.3776	94.8767	
13/08/2017	01:35:15	019004	G523039465HLR	L523	S		435.7260	1.0233	10.0000	99.9936	39.7829	0.8230	0.8264	5.0000	20.1917	508.0689	95.0744	15.1316	25.4000	0.9300	0.9329	0.6420	-0.0007	508.0000	507.7096	1.0339	7.3841	100.0780	40.1382	0.8230	0.8240	5.0000	-9999.0000	-9999.0000	-9999.0000	-9999.0000	-9999.0000	-9999.0000	20.2414	2	0	26.6730	1.0000	99	9	-9999.0000	4568	42165	-9999	1893	1833	-9999	320.9373	5	0.6314	0.6420	-0.0007	43.6439	1.9668	446.4197	347.5624	36.3339	434.3265	94.9866	459.9879	94.7230	465.5906	94.8987	469.7801	94.8987	
13/08/2017	01:35:40	019004	G523039462HLR	L523	S		435.2818	1.0233	10.0000	99.8948	39.9841	0.8230	0.8262	5.0000	20.3529	508.0685	94.9207	15.2420	25.4000	0.9300	0.9329	0.6412	-0.0006	508.0000	508.8868	1.0339	7.2713	100.0304	39.8566	0.8230	0.8236	5.0000	-9999.0000	-9999.0000	-9999.0000	-9999.0000	-9999.0000	-9999.0000	20.1224	3	0	25.7733	1.0000	99	9	-9999.0000	4569	42166	-9999	1894	1834	-9999	320.8798	5	0.6313	0.6412	-0.0006	38.5403	2.2810	449.5415	338.8266	36.2460	438.6893	95.0744	460.1896	94.7669	466.0289	94.8987	470.9718	94.8987	
13/08/2017	01:36:08	019004	G523039455HLR	L523	S		435.5326	1.0233	10.0000	99.9058	39.8938	0.8230	0.8257	5.0000	20.1028	508.0724	94.9207	15.3318	25.4000	0.9300	0.9331	0.6411	-0.0006	508.0000	507.7245	1.0339	7.3827	100.0877	39.7462	0.8230	0.8238	5.0000	-9999.0000	-9999.0000	-9999.0000	-9999.0000	-9999.0000	-9999.0000	21.0326	4	0	27.5530	1.0000	99	9	-9999.0000	4570	42167	-9999	1895	1835	-9999	320.8585	5	0.6313	0.6411	-0.0006	44.4546	1.8956	447.0045	331.0029	36.0264	434.8315	95.3161	459.8053	94.8108	464.4773	94.8328	469.4108	94.8767	
13/08/2017	01:36:39	019004	G523039449HLR	L523	S		436.6686	1.0233	10.0000	100.1060	39.6682	0.8230	0.8257	5.0000	20.0217	508.0580	94.8767	14.7116	25.4000	0.9300	0.9331	0.6416	-0.0007	508.0000	508.7980	1.0339	7.2798	100.0671	40.0097	0.8230	0.8241	5.0000	-9999.0000	-9999.0000	-9999.0000	-9999.0000	-9999.0000	-9999.0000	21.9928	5	0	31.5133	1.0000	99	9	-9999.0000	4571	42168	-9999	1896	1836	-9999	321.0462	5	0.6314	0.6416	-0.0007	39.0669	2.2505	447.7879	341.8089	36.0483	435.0900	95.1184	463.2784	94.7889	468.5046	94.8767	473.3739	94.8987	
13/08/2017	01:37:06	019004	G523039453HLR	L523	S		436.4885	1.0233	10.0000	100.0954	39.7870	0.8230	0.8263	5.0000	19.9514	508.0546	94.8767	14.7917	25.4000	0.9300	0.9330	0.6418	-0.0007	508.0000	508.1504	1.0339	7.3418	100.0772	40.1509	0.8230	0.8241	5.0000	-9999.0000	-9999.0000	-9999.0000	-9999.0000	-9999.0000	-9999.0000	20.0716	6	0	26.3829	1.0000	99	9	-9999.0000	4572	42169	-9999	1897	1837	-9999	321.0462	5	0.6314	0.6418	-0.0007	37.3159	2.3531	447.6607	340.5082	36.2680	435.6997	95.1403	460.6355	94.7230	467.0106	94.8548	471.7059	94.8767	
13/08/2017	01:37:32	019004	G523039447HLR	L523	S		436.8045	1.0233	10.0000	100.1853	39.9923	0.8230	0.8262	5.0000	19.9416	508.0697	94.8548	14.1315	25.4000	0.9300	0.9328	0.6424	-0.0007	508.0000	507.3718	1.0339	7.4165	100.0236	39.8733	0.8230	0.8235	5.0000	-9999.0000	-9999.0000	-9999.0000	-9999.0000	-9999.0000	-9999.0000	20.5716	7	0	26.7131	1.0000	99	9	-9999.0000	4573	42170	-9999	1898	1838	-9999	321.2862	5	0.6314	0.6424	-0.0007	37.2876	2.3573	449.4369	337.2866	36.4877	438.5393	95.1184	462.3001	94.7889	468.0163	94.8767	472.1141	94.9207	
13/08/2017	01:38:01	019004	G523039241HLR	L523	S		434.6874	1.0233	10.0000	100.1159	39.8631	0.8230	0.8257	5.0000	20.0618	508.0656	94.9866	15.6717	25.4000	0.9300	0.9330	0.6427	-0.0007	508.0000	510.6529	1.0339	7.1020	100.1380	39.7435	0.8230	0.8239	5.0000	-9999.0000	-9999.0000	-9999.0000	-9999.0000	-9999.0000	-9999.0000	20.3518	8	0	28.0831	1.0000	99	9	-9999.0000	4574	42171	-9999	1899	1839	-9999	320.7029	5	0.6314	0.6427	-0.0007	36.9185	2.3807	446.9009	334.1628	37.6080	435.4406	95.1623	460.1287	94.7889	464.7222	94.8548	469.4070	94.8987	
13/08/2017	01:38:28	019004	G523039240HLR	L523	S		434.0396	1.0233	10.0000	99.9077	39.6613	0.8230	0.8258	5.0000	20.1419	508.0591	94.8987	16.8124	25.4000	0.9300	0.9329	0.6421	-0.0007	508.0000	509.5040	1.0339	7.2121	100.1274	40.0512	0.8230	0.8244	5.0000	-9999.0000	-9999.0000	-9999.0000	-9999.0000	-9999.0000	-9999.0000	20.6019	1	0	27.1730	1.0000	99	9	-9999.0000	4575	42172	-9999	1900	1840	-9999	320.2853	5	0.6314	0.6421	-0.0007	37.2548	2.3583	444.0240	343.6296	38.4428	430.6559	95.1843	457.1683	94.7889	462.0267	94.8767	466.8114	94.8767	
13/08/2017	01:38:54	019004	G523039231HLR	L523	S		438.7243	1.0233	10.0000	99.9683	39.8475	0.8230	0.8263	5.0000	20.1116	508.0503	94.8767	14.5016	25.4000	0.9300	0.9329	0.6422	-0.0007	508.0000	508.0921	1.0339	7.3474	100.0556	40.1561	0.8230	0.8239	5.0000	-9999.0000	-9999.0000	-9999.0000	-9999.0000	-9999.0000	-9999.0000	20.9720	2	0	26.4839	1.0000	99	9	-9999.0000	4576	42173	-9999	1901	1841	-9999	321.0915	5	0.6314	0.6422	-0.0007	36.8582	2.3835	450.1476	345.9738	38.5746	438.4539	95.2502	462.7417	94.7889	467.7311	94.8328	472.2603	94.8767	
13/08/2017	01:39:17	019004	G523038819HLR	L523	S		0.0000	0.0000	0.0000	0.0000	0.0000	0.8230	0.0000	0.0000	0.0000	0.0000	0.0000	0.0000	0.0000	0.9300	0.0000	0.0000	0.0000	0.0000	0.0000	0.0000	0.0000	0.0000	0.0000	0.8230	0.0000	0.0000	0.0000	0.0000	0.0000	0.0000	0.0000	0.0000	0.0000	0	42	26.4839	1.0000	99	9	0.0000	0	0	0	0	0	0	0.0000	0	0.0000	0.0000	0.0000	0.0000	0.0000	0.0000	0.0000	0.0000	0.0000	0.0000	0.0000	0.0000	0.0000	0.0000	0.0000	0.0000	
13/08/2017	01:39:35	019004	G523039230HLR	L523	S		435.8626	1.0233	10.0000	100.0171	40.0130	0.8230	0.8260	5.0000	19.8821	508.0696	94.9207	15.0613	25.4000	0.9300	0.9330	0.6436	-0.0008	508.0000	509.7892	1.0339	7.1848	100.0844	39.8670	0.8230	0.8234	5.0000	-9999.0000	-9999.0000	-9999.0000	-9999.0000	-9999.0000	-9999.0000	21.3324	3	0	41.0744	1.0000	99	9	-9999.0000	4577	42174	-9999	1902	1842	-9999	320.9237	5	0.6316	0.6436	-0.0008	37.5462	2.3318	445.3930	341.1059	38.0473	432.9123	95.2941	459.6990	94.7449	465.3328	94.8328	470.0207	94.8767	
13/08/2017	01:40:03	019004	G523039229HLR	L523	S		433.8526	1.0233	10.0000	100.0131	39.7290	0.8230	0.8256	5.0000	20.1124	508.0410	94.9207	16.1317	25.4000	0.9300	0.9331	0.6421	-0.0007	508.0000	509.6283	1.0339	7.2002	100.0080	39.7435	0.8230	0.8238	5.0000	-9999.0000	-9999.0000	-9999.0000	-9999.0000	-9999.0000	-9999.0000	20.4730	4	0	27.3126	1.0000	99	9	-9999.0000	4578	42175	-9999	1903	1843	-9999	320.5577	5	0.6315	0.6421	-0.0007	32.7692	2.6675	444.6700	331.3822	37.8936	432.2788	95.0525	458.8904	94.7889	464.1431	94.8767	469.0758	94.8767	
13/08/2017	01:40:33	019004	G523039222HLR	L523	S		437.1867	1.0233	10.0000	99.8710	39.6742	0.8230	0.8260	5.0000	19.8626	508.0591	94.8767	15.5115	25.4000	0.9300	0.9331	0.6483	-0.0011	508.0000	508.4603	1.0339	7.3121	100.0124	40.1538	0.8230	0.8240	5.0000	-9999.0000	-9999.0000	-9999.0000	-9999.0000	-9999.0000	-9999.0000	21.4926	5	0	30.0835	1.0000	99	9	-9999.0000	4579	42176	-9999	1904	1844	-9999	320.4984	5	0.6313	0.6483	-0.0011	40.1705	2.1569	441.0650	328.5776	36.2680	427.7852	95.2502	455.7893	94.7889	462.5838	94.8328	466.3250	94.8987	
13/08/2017	01:40:59	019004	G523039216HLR	L523	S		434.5307	1.0233	10.0000	99.9256	39.9771	0.8230	0.8263	5.0000	20.1819	508.0569	94.8548	14.5309	25.4000	0.9300	0.9331	0.6482	-0.0011	508.0000	509.6762	1.0339	7.1956	99.9849	39.8889	0.8230	0.8234	5.0000	-9999.0000	-9999.0000	-9999.0000	-9999.0000	-9999.0000	-9999.0000	21.2328	6	0	26.0731	1.0000	99	9	-9999.0000	4580	42177	-9999	1905	1845	-9999	321.0587	5	0.6313	0.6482	-0.0011	39.7996	2.1785	443.9284	334.5456	37.5860	431.9337	95.1843	457.6391	94.7449	464.4299	94.8548	469.1537	94.8767	
13/08/2017	01:41:27	019004	G523039200HLR	L523	S		435.3360	1.0233	10.0000	100.2249	39.9689	0.8230	0.8259	5.0000	19.8820	508.0782	94.8987	15.7615	25.4000	0.9300	0.9332	0.6476	-0.0011	508.0000	507.5925	1.0339	7.3953	100.0276	39.7605	0.8230	0.8235	5.0000	-9999.0000	-9999.0000	-9999.0000	-9999.0000	-9999.0000	-9999.0000	22.4730	7	0	27.8733	1.0000	99	9	-9999.0000	4581	42178	-9999	1906	1846	-9999	320.2688	5	0.6312	0.6476	-0.0011	39.8029	2.1777	442.9180	336.2704	35.4772	431.7046	95.1403	454.9552	94.7230	461.6540	94.8767	465.9468	94.8548	
13/08/2017	01:41:53	019004	G523039199HLR	L523	S		435.2273	1.0233	10.0000	100.0047	39.6905	0.8230	0.8257	5.0000	19.9026	508.0581	94.8767	15.4519	25.5000	0.9300	0.9331	0.6506	-0.0013	508.0000	507.5405	1.0339	7.4003	100.0971	39.9487	0.8230	0.8241	5.0000	-9999.0000	-9999.0000	-9999.0000	-9999.0000	-9999.0000	-9999.0000	21.2318	8	0	26.5225	1.0000	99	9	-9999.0000	4581	42179	-9999	1907	1847	-9999	320.3392	5	0.6311	0.6506	-0.0013	39.2991	2.2104	442.0428	320.6667	35.7628	431.1387	95.2062	453.9588	94.8328	460.4120	94.9426	465.8191	94.9207	
13/08/2017	01:42:20	019004	G523039235HLR	L523	S		432.0874	1.0233	10.0000	100.0991	39.9006	0.8230	0.8262	5.0000	20.3527	508.0533	94.8767	15.3914	25.5000	0.9300	0.9332	0.6509	-0.0013	508.0000	508.8744	1.0339	7.2725	100.0186	40.0678	0.8230	0.8236	5.0000	-9999.0000	-9999.0000	-9999.0000	-9999.0000	-9999.0000	-9999.0000	22.2222	1	0	27.3332	1.0000	99	9	-9999.0000	4582	42180	-9999	1908	1848	-9999	320.3780	5	0.6309	0.6509	-0.0013	40.8614	2.0976	442.2118	328.7104	36.2680	429.4403	95.2282	455.1079	94.7669	461.3680	94.8328	467.2384	94.8767	
13/08/2017	01:42:45	019004	G523039048HLR	L523	S		444.0638	1.0233	10.0000	100.0323	39.8283	0.8230	0.8259	5.0000	20.1320	508.0522	94.7449	11.7709	25.4000	0.9300	0.9330	0.6484	-0.0012	508.0000	510.1452	1.0339	7.1507	100.0477	39.9038	0.8230	0.8237	5.0000	-9999.0000	-9999.0000	-9999.0000	-9999.0000	-9999.0000	-9999.0000	20.5130	2	0	24.9726	1.0000	99	9	-9999.0000	4583	42181	-9999	1909	1849	-9999	322.4417	5	0.6308	0.6484	-0.0012	43.0979	1.9608	455.8471	347.4263	38.3110	444.7500	95.0525	470.1779	94.7230	475.0402	94.8767	479.8572	94.8767	
13/08/2017	01:43:10	019004	G523039088HLR	L523	S		429.5601	1.0233	10.0000	100.0530	39.7876	0.8230	0.8260	5.0000	19.9727	508.0699	95.1184	16.2118	25.5000	0.9300	0.9332	0.6504	-0.0013	508.0000	506.6483	1.0339	7.4858	100.1165	39.8357	0.8230	0.8237	5.0000	-9999.0000	-9999.0000	-9999.0000	-9999.0000	-9999.0000	-9999.0000	21.0725	3	0	24.9432	1.0000	99	9	-9999.0000	4584	42182	-9999	1910	1850	-9999	319.8481	5	0.6308	0.6504	-0.0013	41.1775	2.0726	439.1111	336.0828	37.3444	427.9554	95.1184	450.3117	94.7010	457.4017	94.8548	461.5953	94.8108	
13/08/2017	01:43:35	019004	G523039069HLR	L523	S		435.5797	1.0233	10.0000	100.0007	39.8287	0.8230	0.8261	5.0000	20.2219	508.0957	94.8767	14.6618	25.4000	0.9300	0.9330	0.6527	-0.0014	508.0000	508.1748	1.0339	7.3395	100.0611	39.9223	0.8230	0.8240	5.0000	-9999.0000	-9999.0000	-9999.0000	-9999.0000	-9999.0000	-9999.0000	21.0423	4	0	24.9228	1.0000	99	9	-9999.0000	4585	42183	-9999	1911	1851	-9999	320.9798	5	0.6307	0.6527	-0.0014	44.6850	1.8416	443.8978	325.5129	38.1572	432.0128	95.0964	456.7948	94.8108	462.4732	94.8767	467.5053	94.8987	
13/08/2017	01:44:00	019004	G523039068HLR	L523	S		433.2596	1.0233	10.0000	99.9285	39.8946	0.8230	0.8260	5.0000	20.0520	508.0378	94.9207	15.6512	25.4000	0.9300	0.9330	0.6522	-0.0014	508.0000	507.6597	1.0339	7.3889	100.0405	40.0412	0.8230	0.8241	5.0000	-9999.0000	-9999.0000	-9999.0000	-9999.0000	-9999.0000	-9999.0000	20.5922	5	0	24.6823	1.0000	99	9	-9999.0000	4586	42184	-9999	1912	1852	-9999	320.1166	5	0.6305	0.6522	-0.0014	45.1787	1.8291	440.0510	335.8229	37.6080	428.9100	95.2721	452.5736	94.7669	458.2316	94.8548	463.5621	94.8767	
13/08/2017	01:44:25	019004	G523039478HLR	L523	S		442.4136	1.0233	10.0000	99.9912	39.8287	0.8230	0.8259	5.0000	19.9924	508.0809	94.8108	12.2113	25.4000	0.9300	0.9330	0.6430	-0.0008	508.0000	509.8488	1.0339	7.1791	100.0515	39.9327	0.8230	0.8236	5.0000	-9999.0000	-9999.0000	-9999.0000	-9999.0000	-9999.0000	-9999.0000	21.2231	6	0	25.5128	1.0000	99	9	-9999.0000	4587	42185	-9999	1913	1853	-9999	321.6561	5	0.6306	0.6430	-0.0008	43.4769	1.9373	456.2403	332.7119	36.1582	444.8132	94.9866	469.4904	94.7449	475.3862	94.8767	480.6258	94.8987	
13/08/2017	01:44:50	019004	G523039481HLR	L523	S		438.3269	1.0233	10.0000	99.9735	39.7319	0.8230	0.8258	5.0000	21.4731	508.0520	94.9426	13.2613	25.4000	0.9300	0.9329	0.6415	-0.0007	508.0000	506.6806	1.0339	7.4827	100.0365	39.8336	0.8230	0.8235	5.0000	-9999.0000	-9999.0000	-9999.0000	-9999.0000	-9999.0000	-9999.0000	21.9732	7	0	24.5827	1.0000	99	9	-9999.0000	4588	42186	-9999	1914	1854	-9999	321.0877	5	0.6306	0.6415	-0.0007	41.5587	2.0810	457.4268	347.9427	37.9155	447.5205	95.0525	468.8362	94.6790	472.9036	94.8328	477.2837	94.8548	
13/08/2017	01:45:15	019004	G523039482HLR	L523	S		440.7372	1.0233	10.0000	99.9733	39.8115	0.8230	0.8261	5.0000	20.2023	508.0504	94.8767	12.6821	25.4000	0.9300	0.9329	0.6419	-0.0007	508.0000	509.3173	1.0339	7.2300	100.0995	39.9184	0.8230	0.8240	5.0000	-9999.0000	-9999.0000	-9999.0000	-9999.0000	-9999.0000	-9999.0000	21.1625	8	0	25.3037	1.0000	99	9	-9999.0000	4589	42187	-9999	1915	1855	-9999	321.3494	5	0.6306	0.6419	-0.0007	41.8008	2.0681	458.4506	335.5304	38.3329	448.3482	94.9207	469.2600	94.7889	475.0433	94.8987	479.8770	94.8767	
13/08/2017	01:45:41	019004	G523039484HLR	L523	S		442.5850	1.0233	10.0000	99.9141	39.9176	0.8230	0.8260	5.0000	20.6322	508.0683	94.7889	12.0609	25.4000	0.9300	0.9329	0.6412	-0.0007	508.0000	509.7913	1.0339	7.1846	100.0727	40.0433	0.8230	0.8240	5.0000	-9999.0000	-9999.0000	-9999.0000	-9999.0000	-9999.0000	-9999.0000	20.9516	1	0	25.5428	1.0000	99	9	-9999.0000	4590	42188	-9999	1916	1856	-9999	321.5176	5	0.6306	0.6412	-0.0007	42.0202	2.0593	457.7965	325.1225	37.0369	445.1232	94.8987	470.8123	94.7230	476.8886	94.8548	481.7357	94.8767	
13/08/2017	01:46:06	019004	G523039486HLR	L523	S		442.1067	1.0233	10.0000	99.8917	39.8557	0.8230	0.8258	5.0000	20.3821	508.0570	94.8548	12.2807	25.4000	0.9300	0.9329	0.6373	-0.0005	508.0000	509.4900	1.0339	7.2135	100.1811	39.9898	0.8230	0.8237	5.0000	-9999.0000	-9999.0000	-9999.0000	-9999.0000	-9999.0000	-9999.0000	20.8119	2	0	24.8622	1.0000	99	9	-9999.0000	4591	42189	-9999	1917	1857	-9999	320.9574	5	0.6304	0.6373	-0.0005	42.8106	2.0111	460.4907	321.6844	35.8726	449.5807	94.8328	472.6258	94.7010	477.9062	94.8987	482.6504	94.8548	
13/08/2017	01:46:33	019004	G523039488HLR	L523	S		439.8738	1.0233	10.0000	100.1480	39.7683	0.8230	0.8259	5.0000	19.8225	508.0644	94.8767	12.5610	25.4000	0.9300	0.9330	0.6386	-0.0005	508.0000	508.6625	1.0339	7.2928	99.9743	39.8461	0.8230	0.8238	5.0000	-9999.0000	-9999.0000	-9999.0000	-9999.0000	-9999.0000	-9999.0000	20.1721	3	0	27.6632	1.0000	99	9	-9999.0000	4592	42190	-9999	1918	1858	-9999	321.1309	5	0.6308	0.6386	-0.0005	42.3639	2.0269	457.0935	342.9745	36.0264	445.5381	94.8548	470.6561	94.7889	475.7382	94.9426	480.0484	94.8328	
13/08/2017	01:46:59	019004	G523039343HLR	L523	S		439.3012	1.0233	10.0000	100.0303	39.8144	0.8230	0.8261	5.0000	20.2316	508.0623	94.9866	13.4117	25.4000	0.9300	0.9330	0.6363	-0.0004	508.0000	506.7757	1.0339	7.4736	100.0912	39.8559	0.8230	0.8240	5.0000	-9999.0000	-9999.0000	-9999.0000	-9999.0000	-9999.0000	-9999.0000	21.0317	4	0	25.3232	1.0000	99	9	-9999.0000	4593	42191	-9999	1919	1859	-9999	320.7943	5	0.6309	0.6363	-0.0004	41.7622	2.0767	456.7382	336.8440	37.2126	445.1499	95.0085	468.9133	94.8108	474.2300	94.9207	478.7465	94.8767	
13/08/2017	01:47:23	019004	G523039347HLR	L523	S		439.2284	1.0233	10.0000	99.9911	39.9026	0.8230	0.8261	5.0000	20.0921	508.0518	94.8987	13.9215	25.4000	0.9300	0.9330	0.6347	-0.0003	508.0000	507.5913	1.0339	7.3954	100.0264	40.0582	0.8230	0.8242	5.0000	-9999.0000	-9999.0000	-9999.0000	-9999.0000	-9999.0000	-9999.0000	20.2424	5	0	24.5622	1.0000	99	9	-9999.0000	4594	42192	-9999	1920	1860	-9999	320.5725	5	0.6308	0.6347	-0.0003	39.9208	2.2356	455.6148	344.6023	35.9165	443.9221	95.0964	469.7079	94.8108	474.1033	94.9207	477.8893	94.8987	
13/08/2017	01:47:48	019004	G523039348HLR	L523	S		441.2811	1.0233	10.0000	99.9939	39.8869	0.8230	0.8259	5.0000	20.3421	508.0366	94.7669	12.9321	25.4000	0.9300	0.9331	0.6332	-0.0002	508.0000	509.6465	1.0339	7.1985	100.0749	40.0230	0.8230	0.8237	5.0000	-9999.0000	-9999.0000	-9999.0000	-9999.0000	-9999.0000	-9999.0000	20.9026	6	0	24.8537	1.0000	99	9	-9999.0000	4595	42193	-9999	1921	1861	-9999	320.6183	5	0.6308	0.6332	-0.0002	40.4602	2.1909	460.4579	345.0499	35.3234	447.5294	95.1623	473.1585	94.8108	477.9340	94.8548	481.7646	94.8767	
13/08/2017	01:48:21	019004	G523036992HLR	L523	S		433.4402	1.0233	10.0000	99.9998	39.7863	0.8230	0.8259	5.0000	19.9925	508.0616	95.1184	16.0126	25.4000	0.9300	0.9331	0.6318	-0.0001	508.0000	507.7255	1.0339	7.3826	100.1352	39.8461	0.8230	0.8236	5.0000	-9999.0000	-9999.0000	-9999.0000	-9999.0000	-9999.0000	-9999.0000	21.0726	7	0	32.6733	1.0000	99	9	-9999.0000	4596	42194	-9999	1922	1862	-9999	320.4786	5	0.6310	0.6318	-0.0001	44.7529	1.8539	451.5145	338.1948	36.5316	439.0949	95.2062	465.4852	94.7889	468.9641	94.9207	472.4853	94.8767	
13/08/2017	01:48:46	019004	G523039675HLR	L523	S		440.7431	1.0233	10.0000	100.0791	39.7996	0.8230	0.8260	5.0000	20.4125	508.0601	94.8987	13.4615	25.3000	0.9300	0.9330	0.6324	-0.0001	508.0000	509.0495	1.0339	7.2557	100.1316	39.8461	0.8230	0.8240	5.0000	-9999.0000	-9999.0000	-9999.0000	-9999.0000	-9999.0000	-9999.0000	20.5122	8	0	25.1220	1.0000	99	9	-9999.0000	4597	42195	-9999	1923	1863	-9999	320.6793	5	0.6312	0.6324	-0.0001	41.7793	2.0842	458.1739	338.1230	36.0044	445.5506	95.1403	473.3582	94.8328	477.4450	94.8767	481.0849	94.8767	
13/08/2017	01:49:12	019004	G523039351HLR	L523	S		443.1530	1.0233	10.0000	100.1031	39.9415	0.8230	0.8261	5.0000	19.9730	508.0483	94.8108	11.0413	25.4000	0.9300	0.9330	0.6320	-0.0001	508.0000	507.8057	1.0339	7.3749	100.1046	40.1188	0.8230	0.8241	5.0000	-9999.0000	-9999.0000	-9999.0000	-9999.0000	-9999.0000	-9999.0000	20.4222	1	0	25.6933	1.0000	99	9	-9999.0000	4598	42196	-9999	1924	1864	-9999	320.7685	5	0.6313	0.6320	-0.0001	43.8806	1.9010	463.9283	346.9951	35.5650	451.4631	95.4039	478.7170	94.7889	483.0130	94.8548	488.0885	94.8767	
13/08/2017	01:49:38	019004	G523039356HLR	L523	S		443.2419	1.0233	10.0000	100.0454	39.8746	0.8230	0.8259	5.0000	19.9221	508.0491	94.9866	11.8617	25.4000	0.9300	0.9330	0.6317	-0.0000	508.0000	509.3894	1.0339	7.2231	100.1496	39.9591	0.8230	0.8236	5.0000	-9999.0000	-9999.0000	-9999.0000	-9999.0000	-9999.0000	-9999.0000	21.1225	2	0	25.8927	1.0000	99	9	-9999.0000	4599	42197	-9999	1925	1865	-9999	320.7296	5	0.6312	0.6317	-0.0000	41.4055	2.1164	462.5143	334.5825	36.4877	449.6042	94.8767	476.8584	94.7230	482.2270	94.8548	486.1274	94.7889	
13/08/2017	01:50:04	019004	G523039360HLR	L523	S		442.4079	1.0233	10.0000	99.9254	39.7470	0.8230	0.8259	5.0000	19.9926	508.0614	94.7889	11.4417	25.4000	0.9300	0.9330	0.6316	-0.0000	508.0000	508.4888	1.0339	7.3094	100.1204	39.8170	0.8230	0.8235	5.0000	-9999.0000	-9999.0000	-9999.0000	-9999.0000	-9999.0000	-9999.0000	21.6323	3	0	26.4832	1.0000	99	9	-9999.0000	4600	42198	-9999	1926	1866	-9999	320.7341	5	0.6312	0.6316	-0.0000	42.1952	2.0449	463.0431	334.9343	36.4437	450.5473	94.7449	477.3687	94.7889	483.1289	94.9426	487.3154	94.8767	
13/08/2017	01:50:32	019004	G523039363HLR	L523	S		439.2495	1.0233	10.0000	100.1815	39.8197	0.8230	0.8262	5.0000	19.8820	508.0594	95.0744	13.1216	25.5000	0.9300	0.9330	0.6303	0.0001	508.0000	507.4212	1.0339	7.4117	99.9946	39.8754	0.8230	0.8237	5.0000	-9999.0000	-9999.0000	-9999.0000	-9999.0000	-9999.0000	-9999.0000	23.1824	4	0	27.7630	1.0000	99	9	-9999.0000	4601	42199	-9999	1927	1867	-9999	320.6547	5	0.6312	0.6303	0.0001	42.7039	1.9960	458.9979	330.1929	37.0588	446.4579	94.8767	473.2092	94.8328	478.3402	94.8767	482.0665	94.7669	
13/08/2017	01:50:59	019004	G523039365HLR	L523	S		438.5558	1.0233	10.0000	99.9765	39.9909	0.8230	0.8261	5.0000	19.9524	508.0397	94.9646	14.0914	25.4000	0.9300	0.9332	0.6305	0.0000	508.0000	507.5817	1.0339	7.3963	100.0291	40.0283	0.8230	0.8235	5.0000	-9999.0000	-9999.0000	-9999.0000	-9999.0000	-9999.0000	-9999.0000	24.1531	5	0	27.6632	1.0000	99	9	-9999.0000	4602	42200	-9999	1928	1868	-9999	320.6646	5	0.6312	0.6305	0.0000	42.6665	1.9998	455.2859	327.2302	35.0378	441.8796	95.1623	469.6840	94.8108	475.0267	94.8987	479.7412	94.8987	
13/08/2017	01:51:25	019004	G523039366HLR	L523	S		437.9684	1.0233	10.0000	99.9288	39.7470	0.8230	0.8257	5.0000	20.1721	508.0567	94.9426	13.9410	25.4000	0.9300	0.9332	0.6305	0.0000	508.0000	510.0715	1.0339	7.1577	100.1595	40.0058	0.8230	0.8237	5.0000	-9999.0000	-9999.0000	-9999.0000	-9999.0000	-9999.0000	-9999.0000	21.0121	6	0	25.1327	1.0000	99	9	-9999.0000	4603	42201	-9999	1929	1869	-9999	320.6755	5	0.6311	0.6305	0.0000	43.6248	1.9136	457.0455	340.8118	36.9490	444.5156	95.3161	471.4750	94.8548	477.0440	94.8548	481.3161	94.9207	
13/08/2017	01:51:49	019004	G523039367HLR	L523	S		440.9222	1.0233	10.0000	100.0135	39.6920	0.8230	0.8260	5.0000	20.2414	508.0252	94.7449	12.4409	25.4000	0.9300	0.9330	0.6300	0.0001	508.0000	507.5453	1.0339	7.3998	100.1066	39.8508	0.8230	0.8236	5.0000	-9999.0000	-9999.0000	-9999.0000	-9999.0000	-9999.0000	-9999.0000	20.8626	7	0	24.6425	1.0000	99	9	-9999.0000	4604	42202	-9999	1930	1870	-9999	320.5177	5	0.6310	0.6300	0.0001	44.6529	1.8365	460.8078	350.6820	37.5421	447.5151	95.0744	476.8591	94.7669	481.9172	94.8548	485.3261	94.8987	
13/08/2017	01:52:14	019004	G523039370HLR	L523	S		442.8838	1.0233	10.0000	99.9399	39.9495	0.8230	0.8264	5.0000	20.0120	508.0301	94.8328	11.9818	25.4000	0.9300	0.9331	0.6300	0.0001	508.0000	508.4657	1.0339	7.3116	100.0827	39.8461	0.8230	0.8240	5.0000	-9999.0000	-9999.0000	-9999.0000	-9999.0000	-9999.0000	-9999.0000	20.6722	8	0	24.7928	1.0000	99	9	-9999.0000	4605	42203	-9999	1931	1871	-9999	320.5015	5	0.6311	0.6300	0.0001	48.4236	1.5225	462.1836	339.5157	36.1801	449.1958	95.1843	477.4258	94.7449	482.1686	94.9207	486.3162	94.8328	
13/08/2017	01:52:41	019004	G523039361HLR	L523	S		439.8857	1.0233	10.0000	99.9543	40.0027	0.8230	0.8260	5.0000	20.1225	508.0370	94.8767	12.3217	25.5000	0.9300	0.9330	0.6300	0.0001	508.0000	506.8237	1.0339	7.4690	99.9645	40.0512	0.8230	0.8242	5.0000	-9999.0000	-9999.0000	-9999.0000	-9999.0000	-9999.0000	-9999.0000	20.3517	1	0	26.6933	1.0000	99	9	-9999.0000	4606	42204	-9999	1932	1872	-9999	320.5388	5	0.6312	0.6300	0.0001	53.2537	1.1287	461.9622	344.7585	36.7952	449.7234	94.8328	476.4629	94.7669	482.7887	94.9646	485.4360	94.8548	
13/08/2017	01:53:06	019004	G523039371HLR	L523	S		439.0988	1.0233	10.0000	100.0529	39.7659	0.8230	0.8257	5.0000	19.8919	508.0613	94.8548	13.2007	25.5000	0.9300	0.9331	0.6300	0.0001	508.0000	506.4798	1.0339	7.4985	99.9920	40.0257	0.8230	0.8235	5.0000	-9999.0000	-9999.0000	-9999.0000	-9999.0000	-9999.0000	-9999.0000	22.9323	2	0	25.5334	1.0000	99	9	-9999.0000	4607	42205	-9999	1933	1873	-9999	320.5841	5	0.6308	0.6300	0.0001	46.8572	1.6497	462.0346	335.9725	39.0139	451.7460	94.9426	472.2147	94.7669	477.4518	94.8987	481.5412	94.8987	
13/08/2017	01:53:35	019004	G523039372HLR	L523	S		442.0989	1.0233	10.0000	99.8570	39.7135	0.8230	0.8261	5.0000	20.1625	508.0667	94.7669	12.5620	25.4000	0.9300	0.9331	0.6298	0.0001	508.0000	509.4774	1.0339	7.2147	99.9449	39.8871	0.8230	0.8234	5.0000	-9999.0000	-9999.0000	-9999.0000	-9999.0000	-9999.0000	-9999.0000	21.9926	3	0	29.0325	1.0000	99	9	-9999.0000	4608	42206	-9999	1934	1874	-9999	320.5665	5	0.6309	0.6298	0.0001	46.5164	1.6663	460.4881	341.9928	35.7188	447.4376	95.0525	476.9168	94.7889	482.8079	94.8767	486.2321	94.9207	
13/08/2017	01:54:00	019004	G523039373HLR	L523	S		438.3488	1.0233	10.0000	100.0326	39.9446	0.8230	0.8263	5.0000	20.2425	508.0518	94.7669	12.8706	25.4000	0.9300	0.9331	0.6298	0.0001	508.0000	507.3805	1.0339	7.4156	100.0768	39.8461	0.8230	0.8238	5.0000	-9999.0000	-9999.0000	-9999.0000	-9999.0000	-9999.0000	-9999.0000	21.2621	4	0	24.9734	1.0000	99	9	-9999.0000	4609	42207	-9999	1935	1875	-9999	320.5790	5	0.6308	0.6298	0.0001	45.4112	1.7443	459.6688	348.7541	35.7628	445.9446	94.9866	474.1863	94.7669	479.6073	94.8987	483.5856	94.8987	
13/08/2017	01:54:26	019004	G523039375HLR	L523	S		437.7935	1.0233	10.0000	99.9680	39.9669	0.8230	0.8258	5.0000	21.2008	508.0823	95.1623	15.0808	25.4000	0.9300	0.9332	0.6304	0.0001	508.0000	508.1346	1.0339	7.3434	100.0836	40.0512	0.8230	0.8243	5.0000	-9999.0000	-9999.0000	-9999.0000	-9999.0000	-9999.0000	-9999.0000	20.0119	5	0	25.3330	1.0000	99	9	-9999.0000	4610	42208	-9999	1936	1876	-9999	320.7812	5	0.6310	0.6304	0.0001	45.1450	1.7621	452.1438	337.3215	35.9824	439.0758	95.1403	468.3684	94.8548	472.7683	94.9207	476.6593	94.8767	
13/08/2017	01:54:51	019004	G523039376HLR	L523	S		440.0809	1.0233	10.0000	100.1088	39.7773	0.8230	0.8256	5.0000	20.6019	508.0411	94.7669	12.5620	25.4000	0.9300	0.9330	0.6305	0.0001	508.0000	508.4627	1.0339	7.3119	100.0616	40.0572	0.8230	0.8239	5.0000	-9999.0000	-9999.0000	-9999.0000	-9999.0000	-9999.0000	-9999.0000	20.3253	6	0	25.5429	1.0000	99	9	-9999.0000	4611	42209	-9999	1937	1877	-9999	320.6749	5	0.6311	0.6305	0.0001	45.4548	1.7214	457.4744	339.7074	36.4657	443.7480	95.1843	474.3072	94.8328	479.4782	94.9426	484.0636	94.9426	
13/08/2017	01:55:20	019004	G523039385HLR	L523	S		439.6862	1.0233	10.0000	100.0020	39.7626	0.8230	0.8260	5.0000	20.4331	508.0498	94.9207	14.3210	25.4000	0.9300	0.9330	0.6302	0.0001	508.0000	507.9644	1.0339	7.3597	100.0229	39.9145	0.8230	0.8239	5.0000	-9999.0000	-9999.0000	-9999.0000	-9999.0000	-9999.0000	-9999.0000	20.0923	7	0	28.7534	1.0000	99	9	-9999.0000	4612	42210	-9999	1938	1878	-9999	320.5998	5	0.6309	0.6302	0.0001	44.8421	1.7784	454.5106	342.8043	36.9270	440.6801	95.2721	470.0031	94.7669	474.5620	94.8548	478.4494	94.8767	
13/08/2017	01:55:45	019004	G523039386HLR	L523	S		441.0431	1.0233	10.0000	99.9614	39.9272	0.8230	0.8263	5.0000	20.0627	508.0323	94.7889	12.4614	25.4000	0.9300	0.9329	0.6307	0.0000	508.0000	508.5533	1.0339	7.3032	100.0777	39.8606	0.8230	0.8239	5.0000	-9999.0000	-9999.0000	-9999.0000	-9999.0000	-9999.0000	-9999.0000	20.8625	8	0	25.1522	1.0000	99	9	-9999.0000	4613	42211	-9999	1939	1879	-9999	320.5574	5	0.6309	0.6307	0.0000	43.8284	1.8724	459.1832	339.3260	37.2785	445.0777	95.1403	476.0442	94.8548	480.1783	94.9426	484.6619	94.9207	
13/08/2017	01:56:10	019004	G523039383HLR	L523	S		437.9953	1.0233	10.0000	100.0531	39.9161	0.8230	0.8257	5.0000	21.3823	508.0316	94.9426	13.6910	25.4000	0.9300	0.9332	0.6305	0.0000	508.0000	507.6568	1.0339	7.3891	100.0755	40.0678	0.8230	0.8241	5.0000	-9999.0000	-9999.0000	-9999.0000	-9999.0000	-9999.0000	-9999.0000	20.7924	1	0	25.3231	1.0000	99	9	-9999.0000	4614	42212	-9999	1940	1880	-9999	320.6667	5	0.6310	0.6305	0.0000	45.6926	1.7168	457.9027	333.1316	34.9939	445.1736	95.2721	471.9085	94.8108	477.6204	94.8987	481.5012	94.8987	
13/08/2017	01:56:35	019004	G523039379HLR	L523	S		438.8027	1.0233	10.0000	99.8938	39.7184	0.8230	0.8257	5.0000	20.2425	508.0484	94.8767	13.6617	25.4000	0.9300	0.9330	0.6303	0.0001	508.0000	507.0345	1.0339	7.4488	100.0632	40.0512	0.8230	0.8240	5.0000	-9999.0000	-9999.0000	-9999.0000	-9999.0000	-9999.0000	-9999.0000	20.0422	2	0	24.8826	1.0000	99	9	-9999.0000	4615	42213	-9999	1941	1880	-9999	320.6721	5	0.6310	0.6303	0.0001	50.4235	1.3296	456.2900	340.8701	37.2346	442.9871	95.1623	470.9192	94.8548	476.5603	94.9426	480.4316	94.9207	
13/08/2017	01:57:00	019004	G523039380HLR	L523	S		441.2602	1.0233	10.0000	99.9402	39.7835	0.8230	0.8262	5.0000	20.2123	508.0887	94.8548	13.9322	25.4000	0.9300	0.9331	0.6299	0.0001	508.0000	510.0391	1.0339	7.1609	100.1316	39.9196	0.8230	0.8238	5.0000	-9999.0000	-9999.0000	-9999.0000	-9999.0000	-9999.0000	-9999.0000	20.3529	3	0	25.1230	1.0000	99	9	-9999.0000	4615	42214	-9999	1942	1881	-9999	320.7826	5	0.6311	0.6299	0.0001	51.5888	1.2363	457.3810	342.0091	35.6090	443.2282	95.2062	473.2488	94.7889	477.4293	94.8548	481.4295	94.8328	
13/08/2017	01:57:27	019004	G523039377HLR	L523	S		438.8750	1.0233	10.0000	100.1182	40.0037	0.8230	0.8263	5.0000	20.1528	508.0881	94.8328	13.2915	25.4000	0.9300	0.9331	0.6299	0.0001	508.0000	507.7812	1.0339	7.3772	100.1302	39.8723	0.8230	0.8240	5.0000	-9999.0000	-9999.0000	-9999.0000	-9999.0000	-9999.0000	-9999.0000	20.2122	4	0	26.4532	1.0000	99	9	-9999.0000	4616	42215	-9999	1943	1881	-9999	320.7492	5	0.6310	0.6299	0.0001	53.0110	1.1332	458.9676	338.5725	35.3673	446.3086	95.1623	474.3710	94.7889	479.4752	94.9207	482.9600	94.8987	
13/08/2017	01:57:52	019004	G523039387HLR	L523	S		438.4552	1.0233	10.0000	100.0941	39.9632	0.8230	0.8258	5.0000	20.0423	508.0595	94.9207	13.6617	25.4000	0.9300	0.9332	0.6299	0.0001	508.0000	508.0902	1.0339	7.3476	100.0162	40.0457	0.8230	0.8242	5.0000	-9999.0000	-9999.0000	-9999.0000	-9999.0000	-9999.0000	-9999.0000	20.5521	5	0	25.1231	1.0000	99	9	-9999.0000	4617	42216	-9999	1944	1882	-9999	320.7349	5	0.6311	0.6299	0.0001	52.1671	1.2127	458.6834	346.7325	36.6195	445.5479	95.1184	472.9995	94.7889	477.4821	94.9207	481.8005	94.8987	
13/08/2017	01:58:17	019004	G523039390HLR	L523	S		438.5484	1.0233	10.0000	99.9874	39.6913	0.8230	0.8257	5.0000	20.1019	508.0599	94.7889	12.7016	25.4000	0.9300	0.9331	0.6299	0.0001	508.0000	508.0448	1.0339	7.3520	100.1823	40.0770	0.8230	0.8239	5.0000	-9999.0000	-9999.0000	-9999.0000	-9999.0000	-9999.0000	-9999.0000	20.9320	6	0	24.9821	1.0000	99	9	-9999.0000	4618	42217	-9999	1945	1882	-9999	320.6980	5	0.6312	0.6299	0.0001	52.4812	1.1848	459.0909	340.3787	36.4657	445.7213	95.0964	475.8932	94.8108	479.3670	94.9207	483.3926	94.8987	
13/08/2017	01:58:45	019004	G523039835HLR	L523	S		436.9882	1.0233	10.0000	100.0373	39.7880	0.8230	0.8262	5.0000	20.0327	508.0540	94.8767	13.4713	25.4000	0.9300	0.9331	0.6303	0.0001	508.0000	507.7760	1.0339	7.3777	100.1397	39.9268	0.8230	0.8239	5.0000	-9999.0000	-9999.0000	-9999.0000	-9999.0000	-9999.0000	-9999.0000	20.1623	7	0	27.7932	1.0000	99	9	-9999.0000	4619	42218	-9999	1946	1883	-9999	320.6731	5	0.6310	0.6303	0.0001	52.9441	1.1446	458.0066	332.9635	34.6205	444.8848	95.1623	472.8978	94.7889	478.3271	94.8987	482.2398	94.8767	
13/08/2017	01:59:09	019004	G523039837HLR	L523	S		435.9416	1.0233	10.0000	99.9947	40.0003	0.8230	0.8263	5.0000	20.0919	508.0806	94.8987	14.4313	25.4000	0.9300	0.9332	0.6312	-0.0000	508.0000	507.5645	1.0339	7.3980	99.9757	39.8461	0.8230	0.8239	5.0000	-9999.0000	-9999.0000	-9999.0000	-9999.0000	-9999.0000	-9999.0000	20.4826	8	0	24.8124	1.0000	99	9	-9999.0000	4620	42219	-9999	1947	1884	-9999	320.6741	5	0.6310	0.6312	-0.0000	52.2162	1.2094	453.1841	330.8584	35.1257	440.1752	95.0525	468.3747	94.8108	474.1425	94.9207	478.1089	94.8987	
13/08/2017	01:59:34	019004	G523039838HLR	L523	S		440.0506	1.0233	10.0000	99.9934	39.9876	0.8230	0.8259	5.0000	20.0921	508.0160	94.8108	13.4917	25.4000	0.9300	0.9332	0.6312	-0.0000	508.0000	509.2626	1.0339	7.2353	100.0518	40.0506	0.8230	0.8241	5.0000	-9999.0000	-9999.0000	-9999.0000	-9999.0000	-9999.0000	-9999.0000	21.2424	1	0	24.8934	1.0000	99	9	-9999.0000	4621	42220	-9999	1948	1885	-9999	320.6003	5	0.6312	0.6312	-0.0000	52.5872	1.1813	456.8415	346.0445	37.4323	442.9531	95.2502	472.7132	94.8108	478.1163	94.8767	482.3335	94.9207	
13/08/2017	01:59:59	019004	G523039842HLR	L523	S		441.2817	1.0233	10.0000	99.8920	39.7712	0.8230	0.8257	5.0000	20.2728	508.0716	94.7449	12.6020	25.4000	0.9300	0.9331	0.6312	-0.0000	508.0000	508.2868	1.0339	7.3288	100.1624	40.0605	0.8230	0.8240	5.0000	-9999.0000	-9999.0000	-9999.0000	-9999.0000	-9999.0000	-9999.0000	20.4621	2	0	24.9023	1.0000	99	9	-9999.0000	4622	42221	-9999	1949	1886	-9999	320.6740	5	0.6312	0.6312	-0.0000	54.8729	1.0216	459.1892	344.7884	36.7952	446.1333	95.1184	473.4887	94.7889	479.4329	94.8767	484.0115	94.8987	
13/08/2017	02:00:26	019004	G523039844HLR	L523	S		437.8673	1.0233	10.0000	100.1104	39.7564	0.8230	0.8261	5.0000	19.9826	508.0495	94.7010	12.0209	25.4000	0.9300	0.9331	0.6306	0.0001	508.0000	507.6763	1.0339	7.3873	100.1186	39.9380	0.8230	0.8238	5.0000	-9999.0000	-9999.0000	-9999.0000	-9999.0000	-9999.0000	-9999.0000	20.6526	3	0	27.2237	1.0000	99	9	-9999.0000	4623	42222	-9999	1950	1887	-9999	320.7734	5	0.6312	0.6306	0.0001	57.6509	0.8299	461.2702	348.0056	36.8611	447.3970	95.1184	476.9466	94.7449	482.2398	94.9207	486.3751	94.8767	
13/08/2017	02:01:23	019004	G523039850HLR	L523	S		438.3944	1.0233	10.0000	100.1445	40.0154	0.8230	0.8260	5.0000	20.1027	508.0224	94.8987	13.2720	25.6000	0.9300	0.9333	0.6306	0.0001	508.0000	508.7996	1.0339	7.2796	99.9907	39.9090	0.8230	0.8235	5.0000	-9999.0000	-9999.0000	-9999.0000	-9999.0000	-9999.0000	-9999.0000	22.4429	5	0	30.3237	1.0000	99	9	-9999.0000	4625	42223	-9999	1952	1888	-9999	320.7698	5	0.6310	0.6306	0.0001	57.4884	0.8646	457.0631	329.3484	36.2900	443.9190	94.8328	472.8148	94.8548	478.1151	94.9646	481.9166	94.8548	
13/08/2017	02:01:48	019004	G523039839HLR	L523	S		437.8277	1.0233	10.0000	99.9916	39.7876	0.8230	0.8257	5.0000	20.1321	508.0666	94.7669	13.0610	25.5000	0.9300	0.9334	0.6306	0.0001	508.0000	507.2459	1.0339	7.4285	100.0345	39.7779	0.8230	0.8237	5.0000	-9999.0000	-9999.0000	-9999.0000	-9999.0000	-9999.0000	-9999.0000	21.1517	6	0	24.9423	1.0000	99	9	-9999.0000	4626	42224	-9999	1952	1889	-9999	320.8105	5	0.6311	0.6306	0.0001	56.9529	0.9025	459.4381	339.7117	35.8946	447.0819	95.0744	473.5819	94.7889	479.6762	94.9426	483.6194	94.9207	
13/08/2017	02:02:15	019004	G523039841HLR	L523	S		436.5791	1.0233	10.0000	99.9303	39.7139	0.8230	0.8260	5.0000	20.1222	508.0397	95.1184	15.5516	25.4000	0.9300	0.9331	0.6306	0.0001	508.0000	508.1286	1.0339	7.3439	100.0752	40.0488	0.8230	0.8244	5.0000	-9999.0000	-9999.0000	-9999.0000	-9999.0000	-9999.0000	-9999.0000	20.4221	7	0	27.7530	1.0000	99	9	-9999.0000	4627	42225	-9999	1953	1890	-9999	320.8740	5	0.6311	0.6306	0.0001	60.4347	0.6502	452.9222	331.5039	37.4762	441.0630	95.3820	466.2554	94.8767	471.0133	94.8987	475.1892	94.8767	
13/08/2017	02:02:40	019004	G523039843HLR	L523	S		439.3773	1.0233	10.0000	100.0475	39.9546	0.8230	0.8264	5.0000	19.8822	508.0353	94.8548	12.0316	25.4000	0.9300	0.9330	0.6306	0.0001	508.0000	506.8440	1.0339	7.4670	100.0428	40.1000	0.8230	0.8237	5.0000	-9999.0000	-9999.0000	-9999.0000	-9999.0000	-9999.0000	-9999.0000	22.7828	8	0	24.9932	1.0000	99	9	-9999.0000	4628	42226	-9999	1954	1891	-9999	320.7497	5	0.6311	0.6306	0.0001	60.4347	0.6502	461.9629	352.5639	36.3559	449.3402	95.2062	475.8360	94.8548	481.3159	94.8987	486.0724	94.8987	
13/08/2017	02:03:05	019004	G523039853HLR	L523	S		435.0011	1.0233	10.0000	99.9961	40.0351	0.8230	0.8259	5.0000	20.2219	508.0521	95.1184	15.6014	25.4000	0.9300	0.9331	0.6306	0.0001	508.0000	507.8434	1.0339	7.3713	100.0549	39.9425	0.8230	0.8238	5.0000	-9999.0000	-9999.0000	-9999.0000	-9999.0000	-9999.0000	-9999.0000	20.2218	1	0	24.6032	1.0000	99	9	-9999.0000	4629	42227	-9999	1955	1892	-9999	320.8761	5	0.6310	0.6306	0.0001	60.9887	0.6157	452.6469	337.8307	36.5975	439.7191	95.3600	466.8544	94.8108	470.6108	94.8767	474.4258	94.8328	
13/08/2017	02:03:34	019004	G523039236HLR	L523	S		450.2721	1.0233	10.0000	99.9252	39.8005	0.8230	0.8257	5.0000	19.9915	508.0518	94.9207	7.8407	25.4000	0.9300	0.9327	0.6306	0.0001	508.0000	507.8259	1.0339	7.3729	100.1672	39.8461	0.8230	0.8239	5.0000	-9999.0000	-9999.0000	-9999.0000	-9999.0000	-9999.0000	-9999.0000	20.5316	2	0	28.8334	1.0000	99	9	-9999.0000	4630	42228	-9999	1956	1893	-9999	320.6381	5	0.6312	0.6306	0.0001	62.1423	0.5334	470.7222	346.0274	35.8506	457.3573	95.0964	487.5021	94.7449	495.7693	94.8108	499.1871	94.8767	
13/08/2017	02:03:59	019004	G523036991HLR	L523	S		424.3458	1.0233	10.0000	100.0195	39.7728	0.8230	0.8260	5.0000	20.2229	508.0569	94.8548	16.0614	25.5000	0.9300	0.9332	0.6306	0.0001	508.0000	509.3479	1.0339	7.2271	100.1854	39.9487	0.8230	0.8241	5.0000	-9999.0000	-9999.0000	-9999.0000	-9999.0000	-9999.0000	-9999.0000	21.0023	3	0	25.3623	1.0000	99	9	-9999.0000	4631	42229	-9999	1957	1894	-9999	320.8972	5	0.6312	0.6306	0.0001	56.9735	0.9317	448.3684	351.2013	34.9939	435.3759	94.7669	464.7137	94.4154	470.2558	94.7010	473.8883	94.7669	
13/08/2017	02:04:24	019004	G523039847HLR	L523	S		440.4615	1.0233	10.0000	99.9786	39.8895	0.8230	0.8261	5.0000	21.4027	508.0309	94.7889	12.5415	25.4000	0.9300	0.9330	0.6334	-0.0001	508.0000	508.8584	1.0339	7.2740	100.1058	40.1110	0.8230	0.8241	5.0000	-9999.0000	-9999.0000	-9999.0000	-9999.0000	-9999.0000	-9999.0000	20.3819	4	0	24.8730	1.0000	99	9	-9999.0000	4632	42230	-9999	1958	1895	-9999	320.9062	5	0.6313	0.6334	-0.0001	56.9852	0.9329	457.3042	347.0234	35.8946	443.9347	95.4698	473.5228	94.8328	479.0817	94.8328	483.1423	94.8767	
13/08/2017	02:04:58	019004	G523039353HLR	L523	S		450.5116	1.0233	10.0000	99.9844	39.9876	0.8230	0.8261	5.0000	19.9514	508.0610	94.7010	8.2802	25.4000	0.9300	0.9328	0.6319	-0.0000	508.0000	507.8251	1.0339	7.3730	100.0806	39.9485	0.8230	0.8238	5.0000	-9999.0000	-9999.0000	-9999.0000	-9999.0000	-9999.0000	-9999.0000	20.5618	5	0	34.1238	1.0000	99	9	-9999.0000	4633	42231	-9999	1959	1896	-9999	320.9832	5	0.6314	0.6319	-0.0000	54.6946	1.1091	471.4993	354.2369	37.4323	457.3148	95.1403	489.3582	94.7010	494.5494	94.8548	497.8726	94.8767	
13/08/2017	02:05:23	019004	G523036969HLR	L523	S		431.9913	1.0233	10.0000	99.9699	39.8660	0.8230	0.8258	5.0000	19.9015	508.0491	95.0744	16.9316	25.5000	0.9300	0.9332	0.6312	0.0000	508.0000	508.1122	1.0339	7.3455	100.1046	39.8461	0.8230	0.8238	5.0000	-9999.0000	-9999.0000	-9999.0000	-9999.0000	-9999.0000	-9999.0000	21.1321	6	0	25.0331	1.0000	99	9	-9999.0000	4634	42232	-9999	1960	1897	-9999	320.9366	5	0.6313	0.6312	0.0000	54.6789	1.1189	449.8867	334.3974	35.3454	437.0402	94.9646	463.7026	94.4813	468.7329	94.5912	471.5762	94.7010	
13/08/2017	02:05:49	019004	G523039851HLR	L523	S		439.6547	1.0233	10.0000	99.8705	39.7515	0.8230	0.8259	5.0000	20.2317	508.0422	94.8767	13.7623	25.4000	0.9300	0.9330	0.6322	-0.0001	508.0000	508.2764	1.0339	7.3298	99.9806	40.0512	0.8230	0.8241	5.0000	-9999.0000	-9999.0000	-9999.0000	-9999.0000	-9999.0000	-9999.0000	21.1332	7	0	25.8330	1.0000	99	9	-9999.0000	4635	42233	-9999	1961	1898	-9999	320.7983	5	0.6314	0.6322	-0.0001	54.2709	1.1575	455.8703	341.2462	35.3673	442.2593	95.3161	471.8389	94.8548	476.9419	94.8767	480.3819	94.8767	
13/08/2017	02:06:15	019004	G523039344HLR	L523	S		442.9147	1.0233	10.0000	100.0113	39.9198	0.8230	0.8263	5.0000	20.0119	508.0643	94.8108	10.8606	25.4000	0.9300	0.9328	0.6321	-0.0001	508.0000	507.8371	1.0339	7.3719	100.0613	40.0214	0.8230	0.8238	5.0000	-9999.0000	-9999.0000	-9999.0000	-9999.0000	-9999.0000	-9999.0000	21.0825	8	0	26.0928	1.0000	99	9	-9999.0000	4636	42234	-9999	1962	1899	-9999	320.8561	5	0.6313	0.6321	-0.0001	54.0946	1.1730	462.7719	349.0789	37.0808	448.6335	95.3600	479.4511	94.7669	484.7168	94.8328	488.4206	94.8767	
13/08/2017	02:06:48	019004	G523038353HLR	L523	S		436.3869	1.0233	10.0000	100.0340	39.9517	0.8230	0.8260	5.0000	19.9222	508.0596	95.1623	14.5016	25.4000	0.9300	0.9330	0.6326	-0.0001	508.0000	508.1482	1.0339	7.3421	100.0858	39.8461	0.8230	0.8235	5.0000	-9999.0000	-9999.0000	-9999.0000	-9999.0000	-9999.0000	-9999.0000	22.3725	1	0	32.6532	1.0000	99	9	-9999.0000	4637	42235	-9999	1963	1900	-9999	320.7294	5	0.6313	0.6326	-0.0001	42.1536	2.0497	452.2924	334.8263	35.7408	439.4180	94.9426	467.9752	94.7010	473.6862	94.8987	477.4274	94.8108	
13/08/2017	02:07:14	019004	G523038350HLR	L523	S		426.0170	1.0233	10.0000	100.0740	39.8271	0.8230	0.8259	5.0000	19.9818	508.0664	94.8767	13.0708	25.4000	0.9300	0.9329	0.6323	-0.0001	508.0000	508.9727	1.0339	7.2630	100.1277	39.8852	0.8230	0.8241	5.0000	-9999.0000	-9999.0000	-9999.0000	-9999.0000	-9999.0000	-9999.0000	20.7120	2	0	25.8330	1.0000	99	9	-9999.0000	4638	42236	-9999	1964	1901	-9999	320.8303	5	0.6314	0.6323	-0.0001	42.4144	2.0152	452.4446	326.6069	35.1037	437.8917	95.1403	471.5853	94.8767	476.6858	94.9646	481.2716	94.8767	
13/08/2017	02:16:38	019004	G523037731HLR	L523	S		0.0000	0.0000	0.0000	0.0000	0.0000	0.8230	0.0000	0.0000	0.0000	0.0000	0.0000	0.0000	0.0000	0.9300	0.0000	0.0000	0.0000	0.0000	0.0000	0.0000	0.0000	0.0000	0.0000	0.8230	0.0000	0.0000	0.0000	0.0000	0.0000	0.0000	0.0000	0.0000	0.0000	0	42	25.8330	1.0000	99	9	0.0000	0	0	0	0	0	0	0.0000	0	0.0000	0.0000	0.0000	0.0000	0.0000	0.0000	0.0000	0.0000	0.0000	0.0000	0.0000	0.0000	0.0000	0.0000	0.0000	0.0000	
13/08/2017	02:16:54	019004	G523038355HLR	L523	S		436.6591	1.0233	10.0000	99.9294	39.8778	0.8230	0.8261	5.0000	20.0628	508.0617	94.9426	14.2116	25.4000	0.9300	0.9330	0.6323	-0.0001	508.0000	509.5074	1.0339	7.2118	100.0689	40.0996	0.8230	0.8238	5.0000	-9999.0000	-9999.0000	-9999.0000	-9999.0000	-9999.0000	-9999.0000	22.3218	3	0	580.4258	1.0000	99	9	-9999.0000	4639	42237	-9999	1965	1902	-9999	320.7696	5	0.6313	0.6323	-0.0001	42.4865	1.9927	456.0436	348.5640	35.9605	443.3633	95.2502	470.5602	94.7889	474.7107	94.8767	478.7892	94.8767	
13/08/2017	02:17:19	019004	G523037908HLR	L523	S		434.9138	1.0233	10.0000	99.9748	39.8500	0.8230	0.8261	5.0000	19.9016	508.0327	94.8767	14.2018	25.4000	0.9300	0.9330	0.6324	-0.0001	508.0000	508.0365	1.0339	7.3528	100.0740	39.9309	0.8230	0.8237	5.0000	-9999.0000	-9999.0000	-9999.0000	-9999.0000	-9999.0000	-9999.0000	21.2621	4	0	25.1327	1.0000	99	9	-9999.0000	4640	42238	-9999	1966	1903	-9999	320.7289	5	0.6313	0.6324	-0.0001	42.8809	1.9637	456.1799	347.4937	37.6080	443.9282	95.0744	470.9536	94.8108	474.5731	94.9207	478.3688	94.8987	
13/08/2017	02:17:48	019004	G523038320HLR	L523	S		440.4956	1.0233	10.0000	99.9737	39.8846	0.8230	0.8261	5.0000	19.9816	508.0477	94.7669	12.5717	25.3000	0.9300	0.9330	0.6323	-0.0001	508.0000	508.1956	1.0339	7.3375	100.0938	39.8461	0.8230	0.8250	5.0000	-9999.0000	-9999.0000	-9999.0000	-9999.0000	-9999.0000	-9999.0000	20.4221	5	0	29.2534	1.0000	99	9	-9999.0000	4641	42239	-9999	1967	1904	-9999	320.8690	5	0.6314	0.6323	-0.0001	42.8343	1.9724	457.8768	340.6585	35.6968	445.3646	95.0744	472.6566	94.7889	478.6964	94.8328	484.3681	94.8767	
13/08/2017	02:18:13	019004	G523038318HLR	L523	S		441.0041	1.0233	10.0000	99.9583	39.9000	0.8230	0.8261	5.0000	20.1817	508.0799	94.8328	12.6411	25.4000	0.9300	0.9329	0.6324	-0.0001	508.0000	508.7564	1.0339	7.2838	100.0390	40.1335	0.8230	0.8243	5.0000	-9999.0000	-9999.0000	-9999.0000	-9999.0000	-9999.0000	-9999.0000	21.5522	6	0	24.8728	1.0000	99	9	-9999.0000	4642	42240	-9999	1968	1905	-9999	320.8790	5	0.6314	0.6324	-0.0001	42.9809	1.9674	458.2239	341.1928	35.7188	444.8792	95.0085	472.9790	94.7669	478.3123	94.8987	483.5015	94.8767	
13/08/2017	02:18:40	019004	G523038344HLR	L523	S		439.8493	1.0233	10.0000	100.0612	39.8993	0.8230	0.8260	5.0000	19.8723	508.0564	94.7669	12.6909	25.4000	0.9300	0.9332	0.6325	-0.0001	508.0000	508.4377	1.0339	7.3143	99.8946	39.8701	0.8230	0.8237	5.0000	-9999.0000	-9999.0000	-9999.0000	-9999.0000	-9999.0000	-9999.0000	20.0227	7	0	26.5334	1.0000	99	9	-9999.0000	4643	42241	-9999	1969	1906	-9999	320.7934	5	0.6313	0.6325	-0.0001	42.1773	2.0242	459.4968	346.3560	37.1906	447.8098	94.7889	472.0081	94.7449	478.4238	94.8987	482.6405	94.8987	
13/08/2017	02:19:06	019004	G523037736HLR	L523	Q		435.8117	1.0233	10.0000	100.0972	39.7569	0.8230	0.8259	5.0000	19.9916	508.0444	94.9426	13.2916	25.6000	0.9300	0.9333	0.6325	-0.0001	508.0000	506.9571	1.0339	7.4562	100.0919	39.5384	0.8230	0.8238	5.0000	-9999.0000	-9999.0000	-9999.0000	-9999.0000	-9999.0000	-9999.0000	20.1027	8	0	25.8427	1.0000	99	9	-9999.0000	4644	42242	-9999	1970	1907	-9999	320.7849	5	0.6313	0.6325	-0.0001	41.8991	2.0499	456.4407	340.7655	36.7073	444.0531	95.1843	471.5848	94.9866	477.3325	94.9426	480.6006	94.8767	
13/08/2017	02:19:30	019004	G523037732HLR	L523	Q		429.4137	1.0233	10.0000	100.0713	39.6088	0.8230	0.8262	5.0000	20.3323	508.0604	95.1184	17.5918	25.4000	0.9300	0.9332	0.6323	-0.0001	508.0000	508.2358	1.0339	7.3337	100.0859	39.8461	0.8230	0.8247	5.0000	-9999.0000	-9999.0000	-9999.0000	-9999.0000	-9999.0000	-9999.0000	20.6224	1	0	24.7724	1.0000	99	9	-9999.0000	4645	42243	-9999	1971	1908	-9999	320.5958	5	0.6313	0.6323	-0.0001	41.8573	2.0484	447.0413	350.2815	36.0703	434.5077	95.4918	459.4220	94.8548	464.1182	94.8987	468.2824	94.8987	
13/08/2017	02:19:58	019004	G523038833HLR	L523	S		439.6451	1.0233	10.0000	99.9927	39.6602	0.8230	0.8264	5.0000	20.3820	508.0854	94.8767	12.5815	25.3000	0.9300	0.9328	0.6325	-0.0001	508.0000	509.4443	1.0339	7.2178	100.1209	40.2277	0.8230	0.8246	5.0000	-9999.0000	-9999.0000	-9999.0000	-9999.0000	-9999.0000	-9999.0000	20.4026	2	0	27.1730	1.0000	99	9	-9999.0000	4646	42244	-9999	1972	1909	-9999	320.7850	5	0.6312	0.6325	-0.0001	41.1653	2.1153	459.8519	352.0919	37.8057	447.5159	95.3820	474.7053	94.8548	479.4781	94.8108	483.3790	94.8328	
13/08/2017	02:20:27	019004	G523038844HLR	L523	S		433.7601	1.0233	10.0000	100.2032	39.9016	0.8230	0.8264	5.0000	20.0921	508.0463	95.0525	14.8816	25.3000	0.9300	0.9329	0.6322	-0.0001	508.0000	507.9964	1.0339	7.3566	100.0507	39.9083	0.8230	0.8235	5.0000	-9999.0000	-9999.0000	-9999.0000	-9999.0000	-9999.0000	-9999.0000	21.0121	3	0	29.8832	1.0000	99	9	-9999.0000	4647	42245	-9999	1973	1910	-9999	320.5696	5	0.6311	0.6322	-0.0001	41.0373	2.1238	454.9176	342.2311	35.3673	442.1627	95.5138	468.0276	94.7889	473.1912	94.8328	476.7024	94.8108	
13/08/2017	02:20:56	019004	G523038839HLR	L523	S		439.6831	1.0233	10.0000	100.0094	39.7409	0.8230	0.8259	5.0000	19.9925	508.0326	94.8987	13.8316	25.3000	0.9300	0.9328	0.6326	-0.0001	508.0000	509.9073	1.0339	7.1735	100.0704	39.5810	0.8230	0.8236	5.0000	-9999.0000	-9999.0000	-9999.0000	-9999.0000	-9999.0000	-9999.0000	20.2425	4	0	28.9634	1.0000	99	9	-9999.0000	4648	42246	-9999	1974	1911	-9999	320.6112	5	0.6311	0.6326	-0.0001	40.2585	2.2070	457.3939	344.2191	36.9050	445.2195	95.3820	470.8450	94.8548	476.1081	94.8328	479.7577	94.8548	
13/08/2017	02:21:23	019004	G523037734HLR	L523	S		439.1818	1.0233	10.0000	99.9420	39.5914	0.8230	0.8260	5.0000	19.8518	508.0472	94.8548	13.1411	25.3000	0.9300	0.9329	0.6328	-0.0001	508.0000	509.5707	1.0339	7.2057	100.0197	39.8946	0.8230	0.8246	5.0000	-9999.0000	-9999.0000	-9999.0000	-9999.0000	-9999.0000	-9999.0000	20.8118	5	0	26.4932	1.0000	99	9	-9999.0000	4649	42247	-9999	1975	1912	-9999	320.6792	5	0.6311	0.6328	-0.0001	40.5708	2.1819	455.9434	308.3717	36.6854	443.0527	95.2721	470.9443	94.7449	475.7109	94.8108	480.3548	94.8548	
13/08/2017	02:21:50	019004	G523037735HLR	L523	S		437.0767	1.0233	10.0000	100.0367	39.7372	0.8230	0.8264	5.0000	20.0120	508.0445	95.0964	15.2322	25.4000	0.9300	0.9330	0.6321	-0.0001	508.0000	508.8040	1.0339	7.2792	100.0449	40.2207	0.8230	0.8243	5.0000	-9999.0000	-9999.0000	-9999.0000	-9999.0000	-9999.0000	-9999.0000	20.5218	6	0	26.8936	1.0000	99	9	-9999.0000	4650	42248	-9999	1976	1913	-9999	320.5720	5	0.6311	0.6321	-0.0001	40.9998	2.1595	452.9190	344.8209	36.1801	439.8076	95.1184	466.8432	94.7669	471.9110	94.9207	476.2089	94.8767	
13/08/2017	02:22:14	019004	G523038840HLR	L523	S		429.0649	1.0233	10.0000	99.9797	39.8957	0.8230	0.8263	5.0000	20.1418	508.0756	95.0525	18.1720	25.3000	0.9300	0.9330	0.6309	0.0000	508.0000	507.8196	1.0339	7.3735	100.1244	39.8279	0.8230	0.8234	5.0000	-9999.0000	-9999.0000	-9999.0000	-9999.0000	-9999.0000	-9999.0000	21.0131	7	0	24.6220	1.0000	99	9	-9999.0000	4651	42249	-9999	1977	1914	-9999	320.5013	5	0.6309	0.6309	0.0000	43.2865	2.0033	442.8996	346.8337	35.4772	430.1127	95.2721	456.9920	94.8548	461.4273	94.9426	465.9023	94.8987	
13/08/2017	02:22:42	019004	G523038830HLR	L523	S		427.5989	1.0233	10.0000	99.9609	39.7966	0.8230	0.8259	5.0000	20.1224	508.0494	94.9207	17.0215	25.3000	0.9300	0.9330	0.6309	0.0000	508.0000	507.9054	1.0339	7.3653	100.1060	39.6410	0.8230	0.8239	5.0000	-9999.0000	-9999.0000	-9999.0000	-9999.0000	-9999.0000	-9999.0000	20.4526	8	0	27.6836	1.0000	99	9	-9999.0000	4652	42250	-9999	1978	1915	-9999	320.6139	5	0.6309	0.6309	0.0000	43.2865	2.0033	445.0639	304.6012	35.8067	432.0994	95.4259	460.9758	94.7889	464.4884	94.8108	468.5253	94.8328	
13/08/2017	02:23:07	019004	G523038831HLR	L523	S		433.4803	1.0233	10.0000	100.0129	39.6514	0.8230	0.8260	5.0000	19.8820	508.0367	94.8987	14.8513	25.3000	0.9300	0.9328	0.6314	-0.0000	508.0000	508.7161	1.0339	7.2876	100.0813	39.9487	0.8230	0.8248	5.0000	-9999.0000	-9999.0000	-9999.0000	-9999.0000	-9999.0000	-9999.0000	20.1820	1	0	25.1328	1.0000	99	9	-9999.0000	4653	42251	-9999	1979	1916	-9999	320.4594	5	0.6307	0.6314	-0.0000	42.0416	2.1062	453.1780	326.4932	35.8287	440.0820	95.3161	469.8124	94.7230	474.2244	94.8328	477.9787	94.8548	
13/08/2017	02:23:32	019004	G523038824HLR	L523	S		435.1565	1.0233	10.0000	100.0965	39.7843	0.8230	0.8263	5.0000	20.1722	508.0380	94.8548	15.0124	25.3000	0.9300	0.9331	0.6318	-0.0001	508.0000	508.0832	1.0339	7.3483	100.1324	40.1882	0.8230	0.8240	5.0000	-9999.0000	-9999.0000	-9999.0000	-9999.0000	-9999.0000	-9999.0000	21.3822	2	0	24.9130	1.0000	99	9	-9999.0000	4654	42252	-9999	1980	1916	-9999	320.3931	5	0.6307	0.6318	-0.0001	43.1980	2.0215	453.1107	334.8915	37.0588	441.1461	95.1623	467.1678	94.7010	472.0881	94.8328	476.1715	94.8548	
13/08/2017	02:24:00	019004	G523038809HLR	L523	S		441.0797	1.0233	10.0000	100.0888	39.8942	0.8230	0.8262	5.0000	20.2122	508.0491	94.7230	11.0413	25.3000	0.9300	0.9328	0.6294	0.0001	508.0000	507.6156	1.0339	7.3931	100.0771	39.8819	0.8230	0.8236	5.0000	-9999.0000	-9999.0000	-9999.0000	-9999.0000	-9999.0000	-9999.0000	20.6429	3	0	27.6827	1.0000	99	9	-9999.0000	4655	42253	-9999	1981	1917	-9999	320.2790	5	0.6306	0.6294	0.0001	45.1048	1.8825	465.8595	347.1861	37.3005	454.1072	94.9866	479.1242	94.7230	484.8300	94.8767	489.1235	94.8767	
13/08/2017	02:24:25	019004	G523038817HLR	L523	S		432.4116	1.0233	10.0000	100.0604	39.7691	0.8230	0.8259	5.0000	20.1321	508.0305	95.1403	15.7811	25.4000	0.9300	0.9332	0.6294	0.0001	508.0000	508.6218	1.0339	7.2967	100.0429	39.6195	0.8230	0.8234	5.0000	-9999.0000	-9999.0000	-9999.0000	-9999.0000	-9999.0000	-9999.0000	24.4031	4	0	25.0028	1.0000	99	9	-9999.0000	4656	42254	-9999	1981	1918	-9999	320.4579	5	0.6306	0.6294	0.0001	43.3463	2.0217	450.8631	337.8361	36.1362	437.9931	95.0085	465.1906	94.7010	470.3715	94.8548	474.1120	94.7889	
13/08/2017	02:24:53	019004	G523039097HLR	L523	S		438.0670	1.0233	10.0000	99.9116	39.6739	0.8230	0.8260	5.0000	20.0015	508.0345	94.8328	13.4810	25.3000	0.9300	0.9330	0.6293	0.0001	508.0000	507.9306	1.0339	7.3629	100.0791	39.9487	0.8230	0.8244	5.0000	-9999.0000	-9999.0000	-9999.0000	-9999.0000	-9999.0000	-9999.0000	21.2425	5	0	27.9036	1.0000	99	9	-9999.0000	4657	42255	-9999	1982	1919	-9999	320.3398	5	0.6306	0.6293	0.0001	43.0233	2.0544	458.0017	344.0360	36.9929	445.5180	94.9646	472.4495	94.7669	477.6011	94.9207	481.6271	94.9207	
13/08/2017	02:25:18	019004	G523038816HLR	L523	S		440.4737	1.0233	10.0000	100.1039	39.8717	0.8230	0.8263	5.0000	19.8625	508.0684	94.8328	12.8716	25.3000	0.9300	0.9330	0.6293	0.0001	508.0000	508.7983	1.0339	7.2798	100.0500	40.1159	0.8230	0.8236	5.0000	-9999.0000	-9999.0000	-9999.0000	-9999.0000	-9999.0000	-9999.0000	24.5222	6	0	24.9823	1.0000	99	9	-9999.0000	4657	42256	-9999	1983	1920	-9999	320.3722	5	0.6307	0.6293	0.0001	43.1079	2.0391	459.6745	345.6533	36.7073	446.5654	95.1623	475.0184	94.7010	479.9530	94.8548	484.2984	94.8548	
13/08/2017	02:25:42	019004	G523039095HLR	L523	S		439.7186	1.0233	10.0000	99.8705	39.8983	0.8230	0.8261	5.0000	20.0325	508.0373	94.8548	12.6811	25.3000	0.9300	0.9331	0.6298	0.0001	508.0000	508.4398	1.0339	7.3141	100.0715	39.8971	0.8230	0.8235	5.0000	-9999.0000	-9999.0000	-9999.0000	-9999.0000	-9999.0000	-9999.0000	21.1127	7	0	24.5927	1.0000	99	9	-9999.0000	4658	42257	-9999	1984	1921	-9999	320.3747	5	0.6306	0.6298	0.0001	44.1471	1.9634	461.3152	342.9118	38.1133	449.5251	94.8767	475.4279	94.7449	480.1281	94.9207	484.2382	94.8987	
13/08/2017	02:26:07	019004	G523039077HLR	L523	S		437.6284	1.0233	10.0000	100.0407	39.7487	0.8230	0.8259	5.0000	20.0823	508.0694	94.8548	13.1323	25.4000	0.9300	0.9329	0.6294	0.0001	508.0000	507.6988	1.0339	7.3851	100.1402	39.7435	0.8230	0.8238	5.0000	-9999.0000	-9999.0000	-9999.0000	-9999.0000	-9999.0000	-9999.0000	20.9125	8	0	24.8532	1.0000	99	9	-9999.0000	4659	42258	-9999	1985	1922	-9999	320.3300	5	0.6305	0.6294	0.0001	44.3017	1.9660	457.1899	334.1331	34.9280	444.5357	94.8548	472.0593	94.7449	478.0328	94.9207	482.0791	94.9207	
13/08/2017	02:26:32	019004	G523039062HLR	L523	S		440.1348	1.0233	10.0000	99.9677	39.7294	0.8230	0.8261	5.0000	20.4731	508.0708	94.8328	12.8618	25.3000	0.9300	0.9331	0.6292	0.0001	508.0000	508.7785	1.0339	7.2817	100.1430	39.8887	0.8230	0.8244	5.0000	-9999.0000	-9999.0000	-9999.0000	-9999.0000	-9999.0000	-9999.0000	20.9125	1	0	24.6025	1.0000	99	9	-9999.0000	4660	42259	-9999	1985	1923	-9999	320.3096	5	0.6305	0.6292	0.0001	44.7485	1.9369	460.2918	344.0933	36.9710	447.8007	94.8548	474.7184	94.7449	479.4745	94.9207	483.2840	94.8987	
13/08/2017	02:26:57	019004	G523039073HLR	L523	S		437.6456	1.0233	10.0000	100.0104	39.8697	0.8230	0.8263	5.0000	19.8215	508.0379	94.8767	13.0611	25.4000	0.9300	0.9331	0.6292	0.0001	508.0000	507.2784	1.0339	7.4254	99.9959	40.1446	0.8230	0.8242	5.0000	-9999.0000	-9999.0000	-9999.0000	-9999.0000	-9999.0000	-9999.0000	21.2622	2	0	24.8535	1.0000	99	9	-9999.0000	4661	42260	-9999	1986	1924	-9999	320.2881	5	0.6305	0.6292	0.0001	44.3717	1.9603	460.1502	348.3126	34.9500	447.0781	94.8987	475.8759	94.7889	480.3144	94.9426	483.8920	94.8767	
13/08/2017	02:27:23	019004	G523039075HLR	L523	S		439.2113	1.0233	10.0000	100.0586	39.9116	0.8230	0.8261	5.0000	20.1322	508.0494	94.8108	12.7114	25.4000	0.9300	0.9332	0.6292	0.0001	508.0000	508.4020	1.0339	7.3177	100.0834	40.0087	0.8230	0.8238	5.0000	-9999.0000	-9999.0000	-9999.0000	-9999.0000	-9999.0000	-9999.0000	21.3021	3	0	25.9822	1.0000	99	9	-9999.0000	4661	42261	-9999	1987	1925	-9999	320.2931	5	0.6303	0.6292	0.0001	43.9289	1.9838	458.8944	341.0155	36.7293	445.5022	94.9426	473.7107	94.7669	479.0966	94.9207	483.1823	94.9207	
13/08/2017	02:27:47	019004	G523039093HLR	L523	S		438.2813	1.0233	10.0000	99.9833	39.7397	0.8230	0.8258	5.0000	20.2717	508.0316	94.7669	12.7720	25.4000	0.9300	0.9332	0.6292	0.0001	508.0000	507.0806	1.0339	7.4444	100.0747	39.8220	0.8230	0.8237	5.0000	-9999.0000	-9999.0000	-9999.0000	-9999.0000	-9999.0000	-9999.0000	20.8627	4	0	24.8428	1.0000	99	9	-9999.0000	4662	42262	-9999	1988	1926	-9999	320.2659	5	0.6303	0.6292	0.0001	44.0340	1.9765	459.2160	346.7437	35.7628	446.1084	95.0305	474.9778	94.7889	480.0618	94.8767	483.8244	94.8987	
13/08/2017	02:28:15	019004	G523039074HLR	L523	S		441.1617	1.0233	10.0000	99.9922	39.7122	0.8230	0.8262	5.0000	20.2219	508.0755	94.6790	11.4808	25.4000	0.9300	0.9332	0.6292	0.0001	508.0000	507.2723	1.0339	7.4260	100.0864	39.8461	0.8230	0.8241	5.0000	-9999.0000	-9999.0000	-9999.0000	-9999.0000	-9999.0000	-9999.0000	20.8421	5	0	27.6836	1.0000	99	9	-9999.0000	4663	42263	-9999	1989	1927	-9999	320.2499	5	0.6303	0.6292	0.0001	43.2892	2.0187	463.3788	337.1991	35.6529	450.8511	94.9207	478.5748	94.7889	483.5754	94.9207	487.2330	94.8767	
13/08/2017	02:28:40	019004	G523039052HLR	L523	S		439.9918	1.0233	10.0000	99.9988	39.8860	0.8230	0.8262	5.0000	21.3822	508.0447	94.8548	12.5317	25.4000	0.9300	0.9331	0.6292	0.0001	508.0000	508.0642	1.0339	7.3501	100.0386	40.0512	0.8230	0.8245	5.0000	-9999.0000	-9999.0000	-9999.0000	-9999.0000	-9999.0000	-9999.0000	20.0716	6	0	24.9425	1.0000	99	9	-9999.0000	4664	42264	-9999	1990	1928	-9999	320.2801	5	0.6303	0.6292	0.0001	44.0726	1.9538	459.2915	345.1431	35.3893	445.8185	94.8767	474.6957	94.7230	480.2531	94.9426	484.5736	94.8108	
13/08/2017	02:29:05	019004	G523039067HLR	L523	S		435.1998	1.0233	10.0000	100.1956	39.9272	0.8230	0.8261	5.0000	20.1116	508.0483	95.0305	14.3112	25.4000	0.9300	0.9333	0.6292	0.0001	508.0000	506.7456	1.0339	7.4765	100.1204	40.1055	0.8230	0.8239	5.0000	-9999.0000	-9999.0000	-9999.0000	-9999.0000	-9999.0000	-9999.0000	20.9719	7	0	24.5328	1.0000	99	9	-9999.0000	4665	42265	-9999	1991	1929	-9999	320.3442	5	0.6304	0.6292	0.0001	45.6999	1.8330	455.8429	345.8632	35.6749	442.8337	95.0085	470.2161	94.8328	474.5645	94.9426	478.5690	94.8767	
13/08/2017	02:29:56	019004	G523039090HLR	L523	S		438.7962	1.0233	10.0000	100.0093	39.7315	0.8230	0.8260	5.0000	20.1828	508.0632	94.7230	12.9116	25.5000	0.9300	0.9329	0.6303	0.0000	508.0000	508.2721	1.0339	7.3302	99.9487	39.8261	0.8230	0.8239	5.0000	-9999.0000	-9999.0000	-9999.0000	-9999.0000	-9999.0000	-9999.0000	20.0421	1	0	26.2530	1.0000	99	9	-9999.0000	4667	42266	-9999	1993	1930	-9999	320.4357	5	0.6306	0.6303	0.0000	45.2069	1.8581	457.3602	338.5620	35.8946	444.3797	95.1403	472.5444	94.8328	478.7119	94.9646	482.6492	94.8987	
13/08/2017	02:30:23	019004	G523039050HLR	L523	S		441.0715	1.0233	10.0000	100.1171	39.8721	0.8230	0.8263	5.0000	20.1917	508.0581	94.7669	11.7308	25.4000	0.9300	0.9332	0.6310	-0.0000	508.0000	508.1446	1.0339	7.3424	100.0526	39.7435	0.8230	0.8242	5.0000	-9999.0000	-9999.0000	-9999.0000	-9999.0000	-9999.0000	-9999.0000	20.9125	2	0	27.5137	1.0000	99	9	-9999.0000	4668	42267	-9999	1994	1931	-9999	320.4301	5	0.6306	0.6310	-0.0000	36.9666	2.4998	461.3530	345.1816	36.3778	448.0358	95.0305	477.2678	94.6790	483.2576	94.8987	487.0918	94.8767	
13/08/2017	02:33:38	019004	G523039079HLR	L523	S		0.0000	0.0000	0.0000	0.0000	0.0000	0.8230	0.0000	0.0000	0.0000	0.0000	0.0000	0.0000	0.0000	0.9300	0.0000	0.0000	0.0000	0.0000	0.0000	0.0000	0.0000	0.0000	0.0000	0.8230	0.0000	0.0000	0.0000	0.0000	0.0000	0.0000	0.0000	0.0000	0.0000	0	42	27.5137	1.0000	99	9	0.0000	0	0	0	0	0	0	0.0000	0	0.0000	0.0000	0.0000	0.0000	0.0000	0.0000	0.0000	0.0000	0.0000	0.0000	0.0000	0.0000	0.0000	0.0000	0.0000	0.0000	
13/08/2017	02:34:26	019004	G523039078HLR	L523	S		0.0000	0.0000	0.0000	0.0000	0.0000	0.8230	0.0000	0.0000	0.0000	0.0000	0.0000	0.0000	0.0000	0.9300	0.0000	0.0000	0.0000	0.0000	0.0000	0.0000	0.0000	0.0000	0.0000	0.8230	0.0000	0.0000	0.0000	0.0000	0.0000	0.0000	0.0000	0.0000	0.0000	0	42	27.5137	1.0000	99	9	0.0000	0	0	0	0	0	0	0.0000	0	0.0000	0.0000	0.0000	0.0000	0.0000	0.0000	0.0000	0.0000	0.0000	0.0000	0.0000	0.0000	0.0000	0.0000	0.0000	0.0000	
13/08/2017	02:34:43	019004	G523039080HLR	L523	S		440.6072	1.0233	10.0000	100.0221	39.9759	0.8230	0.8261	5.0000	19.9817	508.0663	94.8767	11.7416	25.4000	0.9300	0.9330	0.6320	-0.0001	508.0000	508.0617	1.0339	7.3503	99.9576	40.1495	0.8230	0.8248	5.0000	-9999.0000	-9999.0000	-9999.0000	-9999.0000	-9999.0000	-9999.0000	20.2620	3	0	259.4894	1.0000	99	9	-9999.0000	4669	42268	-9999	1995	1932	-9999	320.5166	5	0.6306	0.6320	-0.0001	42.0345	2.1038	459.7877	338.4067	35.5650	446.5062	94.9646	474.8502	94.7669	480.7444	94.8767	485.2529	94.7669	
13/08/2017	02:35:10	019004	G523039060HLR	L523	S		441.7503	1.0233	10.0000	100.0962	39.7847	0.8230	0.8258	5.0000	20.7719	508.0583	94.7669	11.6810	25.4000	0.9300	0.9331	0.6320	-0.0001	508.0000	507.9955	1.0339	7.3567	99.9996	40.0674	0.8230	0.8233	5.0000	-9999.0000	-9999.0000	-9999.0000	-9999.0000	-9999.0000	-9999.0000	25.7029	4	0	26.8126	1.0000	99	9	-9999.0000	4670	42269	-9999	1996	1933	-9999	320.5067	5	0.6306	0.6320	-0.0001	42.0345	2.1038	460.4184	339.1028	36.2241	448.3348	94.8767	475.1815	94.7669	481.2964	94.9426	486.0457	94.8548	
13/08/2017	02:35:35	019004	G523039071HLR	L523	S		433.3570	1.0233	10.0000	100.0835	39.7090	0.8230	0.8261	5.0000	19.9621	508.0722	95.1403	14.5710	25.4000	0.9300	0.9332	0.6315	-0.0001	508.0000	506.1807	1.0339	7.4767	100.0245	39.8875	0.8230	0.8239	5.0000	-9999.0000	-9999.0000	-9999.0000	-9999.0000	-9999.0000	-9999.0000	20.9925	5	0	25.4930	1.0000	99	9	-9999.0000	4671	42270	-9999	1997	1934	-9999	320.4072	5	0.6307	0.6315	-0.0001	46.5760	1.7465	452.0629	347.6398	37.3664	439.5595	95.0744	467.9193	94.8328	473.2861	94.9207	476.6904	94.8108	
13/08/2017	02:36:00	019004	G523039070HLR	L523	S		431.8445	1.0233	10.0000	99.9704	39.9055	0.8230	0.8264	5.0000	20.0325	508.0539	94.9646	15.5711	25.4000	0.9300	0.9332	0.6318	-0.0001	508.0000	507.1689	1.0339	7.4359	100.0186	39.5384	0.8230	0.8237	5.0000	-9999.0000	-9999.0000	-9999.0000	-9999.0000	-9999.0000	-9999.0000	22.1921	6	0	24.9131	1.0000	99	9	-9999.0000	4672	42271	-9999	1998	1935	-9999	320.3025	5	0.6307	0.6318	-0.0001	47.1800	1.6982	450.5462	346.0705	36.8391	438.8206	95.3600	463.9678	94.8767	468.7871	94.8987	473.4597	94.8987	
13/08/2017	02:36:25	019004	G523038807HLR	L523	S		442.8492	1.0233	10.0000	100.0132	39.9886	0.8230	0.8261	5.0000	20.1891	508.0692	94.9426	10.1203	25.4000	0.9300	0.9331	0.6317	-0.0001	508.0000	507.1761	1.0339	7.4352	99.9793	39.8461	0.8230	0.8249	5.0000	-9999.0000	-9999.0000	-9999.0000	-9999.0000	-9999.0000	-9999.0000	20.2327	7	0	25.0318	1.0000	99	9	-9999.0000	4673	42272	-9999	1999	1936	-9999	320.5532	5	0.6306	0.6317	-0.0001	46.0078	1.7889	464.9841	349.7273	36.7293	451.2588	95.2721	479.9427	94.7230	485.7853	94.8328	489.9987	94.8548	
13/08/2017	02:36:51	019004	G523038805HLR	L523	S		436.0949	1.0233	10.0000	99.9290	39.7935	0.8230	0.8258	5.0000	20.0618	508.0480	95.1184	14.8122	25.6000	0.9300	0.9334	0.6317	-0.0001	508.0000	505.6716	1.0339	7.4396	100.0849	40.2443	0.8230	0.8246	5.0000	-9999.0000	-9999.0000	-9999.0000	-9999.0000	-9999.0000	-9999.0000	21.0628	8	0	26.0430	1.0000	99	9	-9999.0000	4673	42273	-9999	2000	1937	-9999	320.3365	5	0.6307	0.6317	-0.0001	44.9290	1.8704	452.5210	328.8071	35.4552	440.3656	95.2282	466.0469	94.8548	471.5813	94.6790	474.8736	94.5692	
13/08/2017	02:41:08	019004	G523039058HLR	L523	S		440.1188	1.0233	10.0000	100.0512	39.6776	0.8230	0.8260	5.0000	20.1322	508.0531	94.8108	12.6714	25.4000	0.9300	0.9332	0.6317	-0.0001	508.0000	508.7859	1.0339	7.2809	100.0594	40.0029	0.8230	0.8238	5.0000	-9999.0000	-9999.0000	-9999.0000	-9999.0000	-9999.0000	-9999.0000	20.3421	1	0	256.6491	1.0000	99	9	-9999.0000	4674	42274	-9999	2001	1938	-9999	320.4236	5	0.6309	0.6317	-0.0001	43.2930	2.0040	457.6336	345.2317	37.0149	443.8685	95.4479	473.8708	94.7669	479.7317	94.8328	484.0197	94.8987	
13/08/2017	02:41:35	019004	G523039201HLR	L523	S		441.9636	1.0233	10.0000	99.9890	39.5747	0.8230	0.8262	5.0000	19.9221	508.0416	94.7230	11.6810	25.4000	0.9300	0.9328	0.6317	-0.0001	508.0000	508.7936	1.0339	7.2802	100.0015	39.5996	0.8230	0.8234	5.0000	-9999.0000	-9999.0000	-9999.0000	-9999.0000	-9999.0000	-9999.0000	21.1625	2	0	27.6632	1.0000	99	9	-9999.0000	4675	42275	-9999	2002	1939	-9999	320.4640	5	0.6310	0.6317	-0.0001	41.7521	2.1315	461.8180	353.6156	37.5421	448.9126	95.1623	476.6015	94.7230	481.9428	94.8548	486.6197	94.8548	
13/08/2017	02:42:00	019004	G523039207HLR	L523	S		439.6646	1.0233	10.0000	99.9736	39.8803	0.8230	0.8267	5.0000	19.9827	508.0481	95.0085	13.3912	25.4000	0.9300	0.9330	0.6317	-0.0001	508.0000	509.2468	1.0339	7.2368	99.9576	39.6508	0.8230	0.8248	5.0000	-9999.0000	-9999.0000	-9999.0000	-9999.0000	-9999.0000	-9999.0000	20.2424	3	0	25.0730	1.0000	99	9	-9999.0000	4676	42276	-9999	2003	1940	-9999	320.3991	5	0.6311	0.6317	-0.0001	43.2163	2.0216	456.7989	347.5568	36.0264	443.6880	94.9866	471.5046	94.7669	476.8005	94.9207	481.0857	94.8548	
13/08/2017	02:42:28	019004	G523039206HLR	L523	S		436.6521	1.0233	10.0000	99.8937	39.9896	0.8230	0.8262	5.0000	20.1721	508.0382	94.9207	14.1715	25.3000	0.9300	0.9330	0.6317	-0.0001	508.0000	508.4590	1.0339	7.3123	99.9895	40.1538	0.8230	0.8248	5.0000	-9999.0000	-9999.0000	-9999.0000	-9999.0000	-9999.0000	-9999.0000	20.9925	4	0	27.5734	1.0000	99	9	-9999.0000	4677	42277	-9999	2004	1941	-9999	320.3580	5	0.6313	0.6317	-0.0001	43.2795	2.0148	454.8692	351.7128	37.1906	442.5086	95.0085	470.2637	94.7889	474.7432	94.9646	478.8778	94.8987	
13/08/2017	02:42:53	019004	G523039205HLR	L523	S		439.3738	1.0233	10.0000	99.9732	39.6938	0.8230	0.8256	5.0000	20.2620	508.0301	94.7889	13.6109	25.4000	0.9300	0.9330	0.6317	-0.0001	508.0000	507.9295	1.0339	7.3630	99.9568	39.9403	0.8230	0.8234	5.0000	-9999.0000	-9999.0000	-9999.0000	-9999.0000	-9999.0000	-9999.0000	24.3023	5	0	24.8827	1.0000	99	9	-9999.0000	4678	42278	-9999	2005	1942	-9999	320.3561	5	0.6313	0.6317	-0.0001	43.2316	2.0207	455.7017	330.9714	34.2470	442.7877	95.2282	471.6635	94.7669	476.9932	94.8328	480.8314	94.8548	
13/08/2017	02:43:21	019004	G523039209HLR	L523	S		440.9378	1.0233	10.0000	99.8821	39.5738	0.8230	0.8261	5.0000	20.0920	508.0306	94.7889	12.8218	25.7000	0.9300	0.9331	0.6317	-0.0001	508.0000	508.1308	1.0339	7.3437	100.0974	39.6119	0.8230	0.8235	5.0000	-9999.0000	-9999.0000	-9999.0000	-9999.0000	-9999.0000	-9999.0000	20.7220	6	0	28.5726	1.0000	99	9	-9999.0000	4679	42279	-9999	2005	1943	-9999	320.4014	5	0.6312	0.6317	-0.0001	43.2369	2.0202	457.4231	321.7688	36.3339	443.9584	95.1843	473.4536	94.9426	478.2099	94.8987	482.0957	94.8328	
13/08/2017	02:43:47	019004	G523039210HLR	L523	S		440.8230	1.0233	10.0000	99.9320	39.6844	0.8230	0.8259	5.0000	19.9319	508.0298	94.8767	13.1919	25.4000	0.9300	0.9328	0.6317	-0.0001	508.0000	507.0263	1.0339	7.4496	100.0687	39.6475	0.8230	0.8244	5.0000	-9999.0000	-9999.0000	-9999.0000	-9999.0000	-9999.0000	-9999.0000	20.4016	7	0	25.9530	1.0000	99	9	-9999.0000	4680	42280	-9999	2006	1944	-9999	320.3818	5	0.6311	0.6317	-0.0001	43.5322	1.9909	456.3121	347.5027	35.8726	442.8523	95.2941	473.0905	94.7889	477.0430	94.9207	480.9082	94.8548	
13/08/2017	02:44:14	019004	G523039211HLR	L523	S		439.3756	1.0233	10.0000	99.9348	39.4047	0.8230	0.8261	5.0000	21.2816	508.0487	94.8328	13.0718	25.3000	0.9300	0.9328	0.6317	-0.0001	508.0000	508.8283	1.0339	7.2769	99.9990	40.1669	0.8230	0.8246	5.0000	-9999.0000	-9999.0000	-9999.0000	-9999.0000	-9999.0000	-9999.0000	21.2923	8	0	26.4835	1.0000	99	9	-9999.0000	4680	42281	-9999	2007	1945	-9999	320.4062	5	0.6310	0.6317	-0.0001	43.4572	1.9985	457.1017	346.9256	38.0034	444.1218	94.9866	473.2800	94.7889	477.7261	94.9207	481.6145	94.9207	
13/08/2017	02:44:39	019004	G523034095HLR	L523	S		447.6977	1.0233	10.0000	99.9262	39.8332	0.8230	0.8269	5.0000	19.9826	508.0436	94.7669	10.4104	25.4000	0.9300	0.9328	0.6317	-0.0001	508.0000	509.1391	1.0339	7.2471	99.9859	40.0062	0.8230	0.8233	5.0000	-9999.0000	-9999.0000	-9999.0000	-9999.0000	-9999.0000	-9999.0000	23.1833	1	0	24.8524	1.0000	99	9	-9999.0000	4681	42282	-9999	2008	1946	-9999	320.5230	5	0.6310	0.6317	-0.0001	43.9719	1.9561	465.6330	352.1594	37.7837	452.9758	95.0085	480.4751	94.7889	486.1230	94.8767	490.5655	94.8767	
13/08/2017	02:45:11	019004	G523030946HLR	L523	S		432.9161	1.0233	10.0000	100.0449	40.0955	0.8230	0.8263	5.0000	20.1623	508.0314	95.2062	16.9218	25.4000	0.9300	0.9331	0.6317	-0.0001	508.0000	508.3904	1.0339	7.3188	100.1095	39.6600	0.8230	0.8236	5.0000	-9999.0000	-9999.0000	-9999.0000	-9999.0000	-9999.0000	-9999.0000	20.3225	2	0	32.6238	1.0000	99	9	-9999.0000	4682	42283	-9999	2009	1947	-9999	320.2371	5	0.6310	0.6317	-0.0001	44.2453	1.9265	447.2245	351.5049	35.9385	433.8825	95.0305	461.6333	94.7010	468.2109	94.8108	471.5006	94.6571	
13/08/2017	02:45:36	019004	G523033042HLR	L523	S		437.1465	1.0233	10.0000	99.9904	39.7290	0.8230	0.8256	5.0000	19.8518	508.0434	94.8767	14.0416	25.4000	0.9300	0.9331	0.6317	-0.0001	508.0000	509.1929	1.0339	7.2419	100.0501	39.7435	0.8230	0.8245	5.0000	-9999.0000	-9999.0000	-9999.0000	-9999.0000	-9999.0000	-9999.0000	20.0626	3	0	24.9227	1.0000	99	9	-9999.0000	4683	42284	-9999	2010	1948	-9999	320.3765	5	0.6310	0.6317	-0.0001	44.1557	1.9329	452.8606	345.9965	36.0703	439.6407	95.3600	468.3024	94.8548	473.3898	94.8767	477.4455	94.8767	
13/08/2017	02:46:01	019004	G523033196HLR	L523	S		444.8043	1.0233	10.0000	99.9649	39.5411	0.8230	0.8260	5.0000	19.9816	508.0409	94.8328	11.1419	25.4000	0.9300	0.9331	0.6317	-0.0001	508.0000	508.7675	1.0339	7.2827	100.0175	40.2699	0.8230	0.8246	5.0000	-9999.0000	-9999.0000	-9999.0000	-9999.0000	-9999.0000	-9999.0000	20.7522	4	0	24.6025	1.0000	99	9	-9999.0000	4684	42285	-9999	2011	1949	-9999	320.4738	5	0.6309	0.6317	-0.0001	44.4415	1.9050	460.2214	345.6436	36.5096	445.0465	95.2282	478.6013	94.7230	482.9008	94.8108	487.4494	94.8548	
13/08/2017	02:46:26	019004	G523034102HLR	L523	S		445.8494	1.0233	10.0000	100.0686	39.8435	0.8230	0.8267	5.0000	19.9524	508.0526	94.7889	9.3702	25.4000	0.9300	0.9330	0.6317	-0.0001	508.0000	507.4145	1.0339	7.4124	100.0883	40.0261	0.8230	0.8237	5.0000	-9999.0000	-9999.0000	-9999.0000	-9999.0000	-9999.0000	-9999.0000	21.1527	5	0	24.9532	1.0000	99	9	-9999.0000	4685	42286	-9999	2012	1950	-9999	320.5663	5	0.6309	0.6317	-0.0001	42.9702	1.9929	467.6220	329.4008	34.0713	454.7793	95.0305	482.9129	94.7230	488.4818	94.7889	492.5333	94.7230	
13/08/2017	02:46:53	019004	G523036629HLR	L523	S		440.5072	1.0233	10.0000	100.0945	40.0142	0.8230	0.8263	5.0000	19.9016	508.0380	95.1623	12.1615	25.4000	0.9300	0.9332	0.6317	-0.0001	508.0000	507.9179	1.0339	7.3641	100.0936	39.6942	0.8230	0.8236	5.0000	-9999.0000	-9999.0000	-9999.0000	-9999.0000	-9999.0000	-9999.0000	20.7928	6	0	27.7227	1.0000	99	9	-9999.0000	4686	42287	-9999	2013	1951	-9999	320.4418	5	0.6308	0.6317	-0.0001	43.5356	1.9208	459.8298	351.0023	36.6854	447.0750	94.6790	474.7090	94.6131	479.7969	94.6351	483.8661	94.6571	
13/08/2017	02:47:19	019004	G523036652HLR	L523	S		444.5252	1.0233	10.0000	100.1410	39.7163	0.8230	0.8257	5.0000	19.9221	508.0473	94.8328	11.2718	25.5000	0.9300	0.9331	0.6317	-0.0001	508.0000	507.6536	1.0339	7.3895	100.0397	39.7435	0.8230	0.8244	5.0000	-9999.0000	-9999.0000	-9999.0000	-9999.0000	-9999.0000	-9999.0000	20.5024	7	0	25.8134	1.0000	99	9	-9999.0000	4687	42288	-9999	2014	1952	-9999	320.4767	5	0.6307	0.6317	-0.0001	43.3082	1.9494	460.0479	334.5319	35.0818	443.2317	94.8767	477.4833	94.8328	483.1065	95.0085	487.3650	94.8328	
13/08/2017	02:47:45	019004	G523036653HLR	L523	S		444.9706	1.0233	10.0000	100.1432	39.6557	0.8230	0.8262	5.0000	19.9727	508.0371	94.8108	10.9016	25.4000	0.9300	0.9331	0.6297	0.0000	508.0000	507.0997	1.0339	7.4425	100.0484	40.1538	0.8230	0.8248	5.0000	-9999.0000	-9999.0000	-9999.0000	-9999.0000	-9999.0000	-9999.0000	20.0822	8	0	25.7128	1.0000	99	9	-9999.0000	4688	42289	-9999	2015	1953	-9999	320.1688	5	0.6305	0.6297	0.0000	42.7027	1.9758	465.6000	344.5524	36.0483	452.5919	95.0305	480.3224	94.8548	484.4940	94.8548	488.5135	94.7230	
13/08/2017	02:48:11	019004	G523036656HLR	L523	S		439.4413	1.0233	10.0000	99.8720	39.8774	0.8230	0.8265	5.0000	20.1625	508.0584	94.9426	12.5112	25.4000	0.9300	0.9332	0.6324	-0.0002	508.0000	508.1476	1.0339	7.3421	100.0389	40.1014	0.8230	0.8237	5.0000	-9999.0000	-9999.0000	-9999.0000	-9999.0000	-9999.0000	-9999.0000	22.1333	1	0	25.9930	1.0000	99	9	-9999.0000	4689	42290	-9999	2015	1954	-9999	320.2808	5	0.6305	0.6324	-0.0002	44.1731	1.8538	458.1307	341.8485	37.1467	444.5458	94.8108	473.4398	94.7889	479.1896	94.9426	482.7692	94.8108	
13/08/2017	02:48:36	019004	G523036636HLR	L523	S		444.8524	1.0233	10.0000	100.0658	39.9724	0.8230	0.8263	5.0000	20.0725	508.0474	94.8767	12.4116	25.4000	0.9300	0.9332	0.6315	-0.0001	508.0000	508.6480	1.0339	7.2942	100.0802	39.8003	0.8230	0.8237	5.0000	-9999.0000	-9999.0000	-9999.0000	-9999.0000	-9999.0000	-9999.0000	20.5726	2	0	25.1523	1.0000	99	9	-9999.0000	4690	42291	-9999	2016	1955	-9999	320.2437	5	0.6304	0.6315	-0.0001	43.2070	1.9255	457.8024	335.0093	35.3893	443.4516	95.2062	475.0597	94.8548	480.5993	94.9426	484.6724	94.8767	
13/08/2017	02:49:01	019004	G523035330HLR	L523	S		437.3554	1.0233	10.0000	100.0109	39.7716	0.8230	0.8258	5.0000	19.9925	508.0797	94.9426	13.9107	25.4000	0.9300	0.9330	0.6323	-0.0002	508.0000	508.6377	1.0339	7.2952	100.1120	39.7435	0.8230	0.8242	5.0000	-9999.0000	-9999.0000	-9999.0000	-9999.0000	-9999.0000	-9999.0000	20.8420	3	0	24.8427	1.0000	99	9	-9999.0000	4691	42292	-9999	2017	1956	-9999	320.1767	5	0.6303	0.6323	-0.0002	41.3758	2.0704	454.0025	344.1629	36.4218	440.6613	95.2062	469.3135	94.8767	474.6357	94.8987	478.3672	94.9426	
13/08/2017	02:49:26	019004	G523035304HLR	L523	S		437.9931	1.0233	10.0000	100.1362	39.6498	0.8230	0.8260	5.0000	21.0921	508.0510	94.8987	14.0817	25.4000	0.9300	0.9332	0.6327	-0.0002	508.0000	508.4244	1.0339	7.3156	100.0339	40.0512	0.8230	0.8247	5.0000	-9999.0000	-9999.0000	-9999.0000	-9999.0000	-9999.0000	-9999.0000	20.3617	4	0	24.6335	1.0000	99	9	-9999.0000	4692	42293	-9999	2018	1957	-9999	320.1546	5	0.6304	0.6327	-0.0002	40.3930	2.1311	454.0763	340.6816	35.4113	440.6491	95.3600	469.2400	94.8767	473.3436	94.8987	477.6994	94.9207	
13/08/2017	02:49:50	019004	G523035303HLR	L523	S		438.3540	1.0233	10.0000	100.0859	39.8406	0.8230	0.8266	5.0000	20.2230	508.0648	94.8767	14.0914	25.4000	0.9300	0.9330	0.6332	-0.0002	508.0000	508.3732	1.0339	7.3205	100.1472	40.1393	0.8230	0.8241	5.0000	-9999.0000	-9999.0000	-9999.0000	-9999.0000	-9999.0000	-9999.0000	21.1224	5	0	24.8525	1.0000	99	9	-9999.0000	4693	42294	-9999	2019	1958	-9999	320.1808	5	0.6304	0.6332	-0.0002	40.0433	2.1596	456.8379	347.1933	35.7847	445.5100	95.4039	468.5845	94.8328	473.9303	94.8548	479.0896	94.8987	
13/08/2017	02:50:15	019004	G523036666HLR	L523	S		439.5560	1.0233	10.0000	99.9182	39.9923	0.8230	0.8263	5.0000	20.0626	508.0449	94.8108	13.5318	25.4000	0.9300	0.9330	0.6328	-0.0002	508.0000	508.4758	1.0339	7.3107	100.0474	39.8995	0.8230	0.8238	5.0000	-9999.0000	-9999.0000	-9999.0000	-9999.0000	-9999.0000	-9999.0000	20.6117	6	0	24.5925	1.0000	99	9	-9999.0000	4694	42295	-9999	2019	1959	-9999	320.2261	5	0.6304	0.6328	-0.0002	39.8776	2.1534	459.2472	350.6708	37.2565	447.9641	95.2721	471.8755	94.8108	476.0519	94.8767	480.3945	94.8987	
13/08/2017	02:50:41	019004	G523036626HLR	L523	S		440.4819	1.0233	10.0000	99.9793	39.7532	0.8230	0.8256	5.0000	21.4427	508.0310	94.7449	12.9116	25.3000	0.9300	0.9330	0.6329	-0.0002	508.0000	509.1775	1.0339	7.2434	100.0690	39.7837	0.8230	0.8240	5.0000	-9999.0000	-9999.0000	-9999.0000	-9999.0000	-9999.0000	-9999.0000	20.4026	7	0	26.2628	1.0000	99	9	-9999.0000	4695	42296	-9999	2020	1960	-9999	320.2570	5	0.6304	0.6329	-0.0002	39.9743	2.1459	458.0669	349.1797	37.3883	444.0289	95.0744	472.8053	94.7669	478.1935	94.8767	482.0929	94.8548	
13/08/2017	02:51:06	019004	G523037249HLR	L523	S		447.3755	1.0233	10.0000	99.9969	39.6416	0.8230	0.8260	5.0000	20.2923	508.0563	94.7010	10.4211	25.3000	0.9300	0.9331	0.6332	-0.0002	508.0000	508.2154	1.0339	7.3356	100.0263	39.9112	0.8230	0.8241	5.0000	-9999.0000	-9999.0000	-9999.0000	-9999.0000	-9999.0000	-9999.0000	22.7418	8	0	24.6032	1.0000	99	9	-9999.0000	4696	42297	-9999	2021	1961	-9999	320.5416	5	0.6303	0.6332	-0.0002	39.7380	2.1706	467.3419	348.7285	37.9375	454.1077	94.9866	481.0488	94.7449	485.5736	94.8987	489.4978	94.8767	
13/08/2017	02:51:31	019004	G523037091HLR	L523	S		442.6017	1.0233	10.0000	100.0133	39.8817	0.8230	0.8265	5.0000	20.0021	508.0431	94.8548	11.3216	25.4000	0.9300	0.9329	0.6333	-0.0002	508.0000	508.1247	1.0339	7.3443	100.0254	40.1385	0.8230	0.8244	5.0000	-9999.0000	-9999.0000	-9999.0000	-9999.0000	-9999.0000	-9999.0000	20.3626	1	0	25.3026	1.0000	99	9	-9999.0000	4697	42298	-9999	2022	1962	-9999	320.4097	5	0.6303	0.6333	-0.0002	39.8550	2.1619	464.3338	339.3305	35.4772	452.0818	95.0085	477.6724	94.6571	482.4307	94.8108	486.7349	94.5912	
13/08/2017	02:52:00	019004	G523036968HLR	L523	S		446.7481	1.0233	10.0000	100.0917	40.0334	0.8230	0.8263	5.0000	19.9026	508.0684	94.8108	9.9611	25.4000	0.9300	0.9331	0.6335	-0.0003	508.0000	507.4298	1.0339	7.4109	100.1036	39.9917	0.8230	0.8237	5.0000	-9999.0000	-9999.0000	-9999.0000	-9999.0000	-9999.0000	-9999.0000	21.7426	2	0	29.0132	1.0000	99	9	-9999.0000	4698	42299	-9999	2023	1963	-9999	320.5629	5	0.6302	0.6335	-0.0003	39.7558	2.1802	464.8835	345.3572	36.4437	452.1667	94.7889	481.5561	94.7669	487.4362	94.9207	491.2393	94.7889	
13/08/2017	02:52:31	019004	G523036948HLR	L523	S		443.6092	1.0233	10.0000	100.0022	39.8279	0.8230	0.8258	5.0000	20.2924	508.0453	94.9426	11.2708	25.4000	0.9300	0.9331	0.6334	-0.0003	508.0000	507.1805	1.0339	7.4348	100.0102	39.7951	0.8230	0.8235	5.0000	-9999.0000	-9999.0000	-9999.0000	-9999.0000	-9999.0000	-9999.0000	22.4428	3	0	30.4233	1.0000	99	9	-9999.0000	4699	42300	-9999	2024	1964	-9999	320.3433	5	0.6301	0.6334	-0.0003	39.8088	2.1738	460.0436	341.3665	36.5755	446.8109	94.9426	476.6204	94.6790	482.1271	94.8108	485.9920	94.5692	
13/08/2017	02:53:01	019004	G523036950HLR	L523	S		447.3110	1.0233	10.0000	100.0623	39.6600	0.8230	0.8259	5.0000	20.2014	508.0607	94.8328	9.9904	25.4000	0.9300	0.9330	0.6342	-0.0003	508.0000	506.8489	1.0339	7.4666	100.1323	39.9133	0.8230	0.8243	5.0000	-9999.0000	-9999.0000	-9999.0000	-9999.0000	-9999.0000	-9999.0000	20.9720	4	0	29.9136	1.0000	99	9	-9999.0000	4700	42301	-9999	2025	1965	-9999	320.6526	5	0.6302	0.6342	-0.0003	39.3731	2.2044	462.6006	334.5327	36.0264	448.5692	94.9866	480.4632	94.8108	486.7414	94.8987	489.7435	94.7449	
13/08/2017	02:53:28	019004	G523030277HLR	L523	S		438.0153	1.0233	10.0000	99.9535	39.8658	0.8230	0.8264	5.0000	20.4525	508.0628	95.0964	12.8618	25.4000	0.9300	0.9331	0.6358	-0.0005	508.0000	507.8185	1.0339	7.3736	100.0284	40.1446	0.8230	0.8243	5.0000	-9999.0000	-9999.0000	-9999.0000	-9999.0000	-9999.0000	-9999.0000	20.3216	5	0	27.7735	1.0000	99	9	-9999.0000	4701	42302	-9999	2026	1966	-9999	320.1130	5	0.6302	0.6358	-0.0005	37.6720	2.3573	454.6901	338.2806	35.8067	441.5825	95.0744	470.3395	94.7669	475.6756	94.8108	479.7067	94.5692	
13/08/2017	02:53:53	019004	G523037623HLR	L523	S		435.8747	1.0233	10.0000	100.2075	40.0017	0.8230	0.8263	5.0000	20.1321	508.0578	94.8987	14.3620	25.3000	0.9300	0.9330	0.6360	-0.0005	508.0000	506.8989	1.0339	7.4618	99.9761	39.9002	0.8230	0.8237	5.0000	-9999.0000	-9999.0000	-9999.0000	-9999.0000	-9999.0000	-9999.0000	21.4320	6	0	25.0526	1.0000	99	9	-9999.0000	4702	42303	-9999	2027	1967	-9999	319.7898	5	0.6304	0.6360	-0.0005	38.0624	2.3152	449.3289	344.6181	37.2126	435.6194	95.2941	466.1763	94.8987	470.8779	94.8987	475.2156	94.8767	
13/08/2017	02:54:21	019004	G523037612HLR	L523	S		427.8217	1.0233	10.0000	100.2008	39.8909	0.8230	0.8259	5.0000	19.9221	508.0464	95.0744	18.4122	25.4000	0.9300	0.9333	0.6365	-0.0005	508.0000	507.4715	1.0339	7.4069	100.1756	39.7814	0.8230	0.8239	5.0000	-9999.0000	-9999.0000	-9999.0000	-9999.0000	-9999.0000	-9999.0000	20.8529	7	0	27.2434	1.0000	99	9	-9999.0000	4703	42304	-9999	2028	1968	-9999	318.7699	5	0.6305	0.6365	-0.0005	37.7119	2.3397	441.1478	346.9093	35.3893	429.0576	95.6676	454.8720	94.9207	458.8595	94.8987	463.0201	94.8548	
13/08/2017	02:54:45	019004	G523037613HLR	L523	S		425.2203	1.0233	10.0000	100.0914	39.6848	0.8230	0.8259	5.0000	20.3723	508.0462	94.9207	18.2921	25.3000	0.9300	0.9333	0.6373	-0.0006	508.0000	507.5900	1.0339	7.3955	100.0707	39.9487	0.8230	0.8245	5.0000	-9999.0000	-9999.0000	-9999.0000	-9999.0000	-9999.0000	-9999.0000	20.6524	8	0	24.6824	1.0000	99	9	-9999.0000	4704	42305	-9999	2029	1968	-9999	318.5838	5	0.6305	0.6373	-0.0006	33.7653	2.6509	440.3373	338.2532	37.7618	428.4355	95.6236	453.7023	94.8987	457.6732	94.8548	462.1367	94.8767	
13/08/2017	02:55:16	019004	G523037758HLR	L523	S		431.4753	1.0233	10.0000	99.8893	39.8791	0.8230	0.8263	5.0000	20.4016	508.0723	94.9207	15.9110	25.3000	0.9300	0.9331	0.6373	-0.0006	508.0000	508.2426	1.0339	7.3330	100.0711	40.1450	0.8230	0.8243	5.0000	-9999.0000	-9999.0000	-9999.0000	-9999.0000	-9999.0000	-9999.0000	20.7221	1	0	30.9234	1.0000	99	9	-9999.0000	4705	42306	-9999	2030	1969	-9999	319.3609	5	0.6305	0.6373	-0.0006	33.7653	2.6509	448.7242	338.6253	37.1467	437.6994	95.5577	460.4037	94.8108	465.1971	94.7889	469.7130	94.8328	
13/08/2017	02:55:43	019004	G523037738HLR	L523	S		437.4778	1.0233	10.0000	100.1516	39.9665	0.8230	0.8261	5.0000	20.0422	508.0479	94.8548	13.4117	25.3000	0.9300	0.9332	0.6368	-0.0005	508.0000	508.9101	1.0339	7.2690	100.0112	39.9303	0.8230	0.8237	5.0000	-9999.0000	-9999.0000	-9999.0000	-9999.0000	-9999.0000	-9999.0000	21.2826	2	0	26.7034	1.0000	99	9	-9999.0000	4706	42307	-9999	2031	1970	-9999	320.0433	5	0.6305	0.6368	-0.0005	34.6180	2.5749	456.3035	331.9154	36.4657	444.0253	95.5358	468.9880	94.8108	472.9061	94.8328	477.5059	94.8548	
13/08/2017	02:56:08	019004	G523037748HLR	L523	S		433.4200	1.0233	10.0000	99.9198	39.7401	0.8230	0.8258	5.0000	20.2621	508.0553	94.9426	15.2722	25.3000	0.9300	0.9332	0.6355	-0.0004	508.0000	508.0673	1.0339	7.3498	100.0919	39.8461	0.8230	0.8241	5.0000	-9999.0000	-9999.0000	-9999.0000	-9999.0000	-9999.0000	-9999.0000	20.0726	3	0	24.8621	1.0000	99	9	-9999.0000	4707	42308	-9999	2032	1971	-9999	319.7167	5	0.6303	0.6355	-0.0004	37.4403	2.3490	450.6667	333.5618	36.3119	437.9932	95.3380	464.1610	94.7449	467.7877	94.8328	472.9115	94.8548	
13/08/2017	02:56:35	019004	G523037754HLR	L523	S		440.1195	1.0233	10.0000	99.9941	39.6977	0.8230	0.8262	5.0000	20.0530	508.0466	94.8328	12.9712	25.3000	0.9300	0.9332	0.6358	-0.0004	508.0000	509.3050	1.0339	7.2312	100.0786	39.9618	0.8230	0.8243	5.0000	-9999.0000	-9999.0000	-9999.0000	-9999.0000	-9999.0000	-9999.0000	20.8725	4	0	27.6232	1.0000	99	9	-9999.0000	4708	42309	-9999	2033	1972	-9999	320.1971	5	0.6301	0.6358	-0.0004	35.5902	2.4918	456.6403	342.5143	37.7618	443.8588	95.0964	470.2393	94.7449	476.0634	94.8767	479.6777	94.8767	
13/08/2017	02:57:01	019004	G523037768HLR	L523	S		425.5329	1.0233	10.0000	99.9859	39.9741	0.8230	0.8264	5.0000	20.1115	508.0418	95.0744	19.0422	25.4000	0.9300	0.9333	0.6362	-0.0005	508.0000	506.7278	1.0339	7.4782	100.0673	40.0418	0.8230	0.8242	5.0000	-9999.0000	-9999.0000	-9999.0000	-9999.0000	-9999.0000	-9999.0000	20.7718	5	0	25.7734	1.0000	99	9	-9999.0000	4709	42310	-9999	2034	1973	-9999	318.7821	5	0.6300	0.6362	-0.0005	35.4195	2.5237	439.2281	346.6105	37.8496	427.7986	95.3600	451.6454	94.7669	456.6918	94.8548	460.1805	94.8767	
13/08/2017	02:57:28	019004	G523037767HLR	L523	S		431.7801	1.0233	10.0000	100.0469	39.9632	0.8230	0.8261	5.0000	20.0423	508.0537	94.8987	15.1013	25.3000	0.9300	0.9332	0.6362	-0.0005	508.0000	507.2703	1.0339	7.4262	99.9651	39.9305	0.8230	0.8239	5.0000	-9999.0000	-9999.0000	-9999.0000	-9999.0000	-9999.0000	-9999.0000	20.9320	6	0	26.6925	1.0000	99	9	-9999.0000	4710	42311	-9999	2035	1974	-9999	319.6998	5	0.6300	0.6362	-0.0005	35.5026	2.5235	447.4255	345.1842	36.7293	433.8253	95.3600	461.8704	94.8108	467.3670	94.8108	471.7842	94.8328	
13/08/2017	02:57:54	019004	G523037740HLR	L523	S		440.5766	1.0233	10.0000	100.1737	39.7331	0.8230	0.8259	5.0000	20.2229	508.0377	94.8548	12.2416	25.3000	0.9300	0.9330	0.6361	-0.0005	508.0000	508.3396	1.0339	7.3237	100.1181	39.8461	0.8230	0.8240	5.0000	-9999.0000	-9999.0000	-9999.0000	-9999.0000	-9999.0000	-9999.0000	21.1928	7	0	25.9132	1.0000	99	9	-9999.0000	4711	42312	-9999	2036	1975	-9999	320.3584	5	0.6300	0.6361	-0.0005	35.5424	2.5277	455.5549	340.4294	36.9490	441.5031	95.2282	473.6006	94.7449	479.1679	94.8328	483.3769	94.8548	
13/08/2017	03:07:01	019004	G523038339HLR	L523	S		0.0000	0.0000	0.0000	0.0000	0.0000	0.8230	0.0000	0.0000	0.0000	0.0000	0.0000	0.0000	0.0000	0.9300	0.0000	0.0000	0.0000	0.0000	0.0000	0.0000	0.0000	0.0000	0.0000	0.8230	0.0000	0.0000	0.0000	0.0000	0.0000	0.0000	0.0000	0.0000	0.0000	0	42	25.9132	1.0000	99	9	0.0000	0	0	0	0	0	0	0.0000	0	0.0000	0.0000	0.0000	0.0000	0.0000	0.0000	0.0000	0.0000	0.0000	0.0000	0.0000	0.0000	0.0000	0.0000	0.0000	0.0000	
13/08/2017	03:07:46	019004	G523037739HLR	L523	S		437.8892	1.0233	10.0000	100.0084	39.9427	0.8230	0.8265	5.0000	20.0326	508.0537	94.9426	13.9215	25.5000	0.9300	0.9334	0.6352	-0.0004	508.0000	507.7160	1.0339	7.3835	100.0378	40.0645	0.8230	0.8240	5.0000	-9999.0000	-9999.0000	-9999.0000	-9999.0000	-9999.0000	-9999.0000	20.3118	1	0	28.2532	1.0000	99	9	-9999.0000	4713	42313	-9999	2038	1976	-9999	320.0046	5	0.6298	0.6352	-0.0004	37.1161	2.4156	454.8233	338.5176	36.2021	442.9403	95.1843	466.7336	94.7889	472.3376	94.8767	476.5593	94.8548	
13/08/2017	03:08:11	019004	G523037749HLR	L523	S		434.8158	1.0233	10.0000	99.8563	39.9861	0.8230	0.8260	5.0000	20.2718	508.0448	94.9207	15.1121	25.4000	0.9300	0.9335	0.6353	-0.0004	508.0000	506.8462	1.0339	7.4668	100.0292	39.2885	0.8230	0.8236	5.0000	-9999.0000	-9999.0000	-9999.0000	-9999.0000	-9999.0000	-9999.0000	20.3324	2	0	25.4835	1.0000	99	9	-9999.0000	4714	42314	-9999	2038	1977	-9999	319.8385	5	0.6299	0.6353	-0.0004	36.8998	2.4388	448.7387	343.6201	36.2460	436.0663	94.9646	464.3983	94.7889	468.2933	94.8987	472.3584	94.8767	
13/08/2017	03:08:36	019004	G523037755HLR	L523	S		438.2671	1.0233	10.0000	100.2049	39.7145	0.8230	0.8258	5.0000	20.2219	508.0332	94.8767	14.0514	25.4000	0.9300	0.9332	0.6356	-0.0004	508.0000	507.8167	1.0339	7.3738	99.9728	39.7665	0.8230	0.8252	5.0000	-9999.0000	-9999.0000	-9999.0000	-9999.0000	-9999.0000	-9999.0000	22.2026	3	0	24.9127	1.0000	99	9	-9999.0000	4715	42315	-9999	2039	1978	-9999	320.0296	5	0.6299	0.6356	-0.0004	38.0180	2.3721	451.5043	347.2292	36.5316	438.3073	95.2062	466.4788	94.7889	472.2011	94.8767	476.4118	94.8767	
