Data	Timp	Nr. masina	Nr. de serie	Tip	Productie	Comentariu	Pre-masurare Q [ml/min]	Pre-masurare Gain	Pre-masurare Offset Master	Pre-masurare P [bar]	Pre-masurare T [°C]	Pre-masurare Densitate fixa [kg/l]	Pre-masurare densitate masurata [kg/l]	Pre-masurare Timp masurare [s]	Pre-masurare Cycle time [s]	rectificare Q Oprire [ml/min]	rectificare P Oprire [bar]	rectificare Timp rectificare [s]	rectificare T [°C]	rectificare Densitate fixa [kg/l]	rectificare densitate masurata [kg/l]	rectificare Factor de masurare la rectificare	rectificare Factor de corectie a debitului	rectificare Target rectificare	Masurare Q [ml/min]	Masurare Gain	Masurare Offset Master	Masurare P [bar]	Masurare T [°C]	Masurare Densitate fixa [kg/l]	Masurare densitate masurata [kg/l]	Masurare Timp masurare [s]	Masurare Q [ml/min]	Masurare Delta Q [ml/min]	Masurare P [bar]	Masurare BP [bar]	Masurare T [°C]	Masurare Timp masurare [s]	Masurare Cycle time [s]	Nest Nr.	Cod de descarcare	Cycle time [s]	Traceability aktiv	EDM Maschine Nr	EDM Spindle Nr	Honing Rate [r	Station Counter Premeasure	Station Counter Grind	Station Counter Blowout 1	Station Counter Wash	Station Counter Measure	Station Counter Blowout 2	RealGrindQStop	Reg Type	Factor 0	Factor 1	Factor 2	Factor 3	Factor 4	G_StartQV	G_StartQV_1	G_StartQV_2	G_StartQV_3	G_StartQV_4	G_StartQV_5	
27/08/2017	00:00:12	019004	G490116650HLR	L490	S		765.3779	1.0230	0.0000	100.1708	40.0541	0.8230	0.8266	4.0000	20.0212	925.1100	94.7010	8.8408	24.8000	0.9300	0.9264	0.7386	-0.0008	925.0000	928.2196	1.0339	-6.0138	99.9785	39.9964	0.8230	0.8230	5.0000	-9999.0000	-9999.0000	-9999.0000	-9999.0000	-9999.0000	-9999.0000	22.5630	2	0	22.5134	1.0000	99	9	-9999.0000	31867	68351	-9999	146	132	-9999	676.5850	5	0.7307	0.7386	-0.0008	230.8601	-8.3029	881.9918	271.1278	35.2355	789.7579	95.4698	867.1709	94.9866	880.6781	94.9646	890.9182	95.0964	
27/08/2017	00:01:25	019004	G490116665HLR	L490	S		773.3934	1.0230	0.0000	99.9742	39.8244	0.8230	0.8270	4.0000	20.1321	925.1635	94.6790	8.4912	24.9000	0.9300	0.9265	0.7407	-0.0011	925.0000	926.0004	1.0339	-6.0614	100.0561	39.4602	0.8230	0.8227	5.0000	-9999.0000	-9999.0000	-9999.0000	-9999.0000	-9999.0000	-9999.0000	21.0131	5	0	25.2625	1.0000	99	9	-9999.0000	31870	68352	-9999	149	133	-9999	677.0768	5	0.7310	0.7407	-0.0011	236.4739	-8.9067	883.5047	263.3468	37.6519	796.9441	95.5358	869.0908	94.9646	882.1261	94.9207	892.9618	95.0964	
27/08/2017	00:01:49	019004	G490116677HLR	L490	S		767.4022	1.0230	0.0000	99.9980	40.0305	0.8230	0.8272	4.0000	19.3321	925.1362	94.7010	7.5614	24.8000	0.9300	0.9262	0.7404	-0.0010	925.0000	924.6582	1.0339	-6.0902	100.0134	39.8858	0.8230	0.8234	5.0000	-9999.0000	-9999.0000	-9999.0000	-9999.0000	-9999.0000	-9999.0000	21.8227	6	0	23.7331	1.0000	99	9	-9999.0000	31871	68353	-9999	150	134	-9999	677.8136	5	0.7308	0.7404	-0.0010	250.9026	-10.4598	888.8698	302.3243	36.3119	802.3357	95.4698	874.5894	94.5253	887.5963	94.4594	898.9672	94.9426	
27/08/2017	00:02:14	019004	G490119496HLR	L490	S		766.3900	1.0230	0.0000	99.9723	39.9847	0.8230	0.8268	4.0000	19.2218	925.1405	94.9426	8.6211	24.9000	0.9300	0.9263	0.7404	-0.0010	925.0000	926.9307	1.0339	-6.0414	100.0317	40.0691	0.8230	0.8227	5.0000	-9999.0000	-9999.0000	-9999.0000	-9999.0000	-9999.0000	-9999.0000	20.4514	7	0	24.8427	1.0000	09	1	-9999.0000	31872	68354	-9999	151	135	-9999	676.7892	5	0.7308	0.7404	-0.0010	250.9026	-10.4598	881.9646	299.5001	36.1142	773.5152	95.6017	866.8107	94.7230	880.5777	94.7230	890.8066	94.8108	
27/08/2017	00:02:37	019004	G490119479HLR	L490	S		764.3383	1.0230	0.0000	99.9879	39.8292	0.8230	0.8267	4.0000	19.0822	925.1451	94.7449	9.0206	24.9000	0.9300	0.9265	0.7404	-0.0010	925.0000	926.9202	1.0339	-6.0417	100.0577	39.6791	0.8230	0.8222	5.0000	-9999.0000	-9999.0000	-9999.0000	-9999.0000	-9999.0000	-9999.0000	21.4222	8	0	22.9021	1.0000	09	1	-9999.0000	31873	68355	-9999	152	136	-9999	676.3906	5	0.7308	0.7404	-0.0010	250.9026	-10.4598	878.7102	291.9792	36.8391	783.8271	95.7774	864.0596	94.9866	877.3630	94.9646	888.3430	95.1184	
27/08/2017	00:03:25	019004	G490119476HLR	L490	S		764.5477	1.0230	0.0000	100.0888	39.9650	0.8230	0.8272	4.0000	19.2423	925.0796	95.2721	11.3509	25.0000	0.9300	0.9266	0.7408	-0.0011	925.0000	927.9867	1.0339	-6.0188	100.0663	39.9546	0.8230	0.8228	5.0000	-9999.0000	-9999.0000	-9999.0000	-9999.0000	-9999.0000	-9999.0000	21.1722	2	0	23.9530	1.0000	09	1	-9999.0000	31875	68356	-9999	154	137	-9999	674.0860	5	0.7312	0.7408	-0.0011	195.3495	-4.3856	863.3567	284.7064	35.6309	773.4384	95.9092	848.8332	95.1403	861.9592	95.1184	872.4191	95.1623	
27/08/2017	00:03:54	019004	G490116658HLR	L490	S		750.0863	1.0230	0.0000	100.0648	39.9763	0.8230	0.8271	4.0000	19.3517	0.0000	0.0000	0.0000	0.0000	0.9300	0.0000	0.0000	0.0000	0.0000	766.0750	1.0339	-2.9556	100.0158	39.7650	0.8230	0.8228	5.0000	-9999.0000	-9999.0000	-9999.0000	-9999.0000	-9999.0000	-9999.0000	20.7621	3	7	28.5929	1.0000	99	9	-9999.0000	31876	0	-9999	155	138	-9999	0.0000	0	0.0000	0.0000	0.0000	0.0000	0.0000	0.0000	0.0000	0.0000	0.0000	0.0000	0.0000	0.0000	0.0000	0.0000	0.0000	0.0000	
27/08/2017	00:04:16	019004	G490116666HLR	L490	S		757.8404	1.0230	0.0000	99.9858	39.8707	0.8230	0.8268	4.0000	19.1818	0.0000	0.0000	0.0000	0.0000	0.9300	0.0000	0.0000	0.0000	0.0000	771.0955	1.0339	-3.1356	99.9631	39.7435	0.8230	0.8231	5.0000	-9999.0000	-9999.0000	-9999.0000	-9999.0000	-9999.0000	-9999.0000	25.2527	4	7	22.5133	1.0000	99	9	-9999.0000	31877	0	-9999	156	139	-9999	0.0000	0	0.0000	0.0000	0.0000	0.0000	0.0000	0.0000	0.0000	0.0000	0.0000	0.0000	0.0000	0.0000	0.0000	0.0000	0.0000	0.0000	
27/08/2017	00:05:32	019004	G490119474HLR	L490	S		763.4458	1.0230	0.0000	99.9819	40.0147	0.8230	0.8265	4.0000	20.0218	925.1688	94.8548	10.4611	24.9000	0.9300	0.9264	0.7545	-0.0028	925.0000	921.1202	1.0339	-6.1662	99.9482	39.5384	0.8230	0.8224	5.0000	-9999.0000	-9999.0000	-9999.0000	-9999.0000	-9999.0000	-9999.0000	26.8527	7	0	23.2633	1.0000	09	1	-9999.0000	31880	68357	-9999	159	140	-9999	671.0296	5	0.7304	0.7545	-0.0028	146.0430	1.7299	856.6935	269.8832	35.0818	761.0589	95.8433	840.3612	95.1843	854.8711	95.2062	867.5779	95.1843	
27/08/2017	00:06:48	019004	G490119487HLR	L490	S		756.0659	1.0230	0.0000	100.1666	39.9487	0.8230	0.8269	4.0000	19.2922	0.0000	0.0000	0.0000	0.0000	0.9300	0.0000	0.0000	0.0000	0.0000	772.8661	1.0339	-3.1991	99.9872	40.1638	0.8230	0.8231	5.0000	-9999.0000	-9999.0000	-9999.0000	-9999.0000	-9999.0000	-9999.0000	22.0229	1	7	22.5427	1.0000	09	1	-9999.0000	31882	0	-9999	161	141	-9999	0.0000	0	0.0000	0.0000	0.0000	0.0000	0.0000	0.0000	0.0000	0.0000	0.0000	0.0000	0.0000	0.0000	0.0000	0.0000	0.0000	0.0000	
27/08/2017	00:13:04	019004	G490119425HLR	L490	S		749.6857	1.0230	0.0000	100.2247	39.9454	0.8230	0.8264	4.0000	20.4817	0.0000	0.0000	0.0000	0.0000	0.9300	0.0000	0.0000	0.0000	0.0000	767.2140	1.0339	-2.9964	99.9832	39.7198	0.8230	0.8230	5.0000	-9999.0000	-9999.0000	-9999.0000	-9999.0000	-9999.0000	-9999.0000	23.0221	5	7	24.9432	1.0000	09	1	-9999.0000	31886	0	-9999	165	142	-9999	0.0000	0	0.0000	0.0000	0.0000	0.0000	0.0000	0.0000	0.0000	0.0000	0.0000	0.0000	0.0000	0.0000	0.0000	0.0000	0.0000	0.0000	
27/08/2017	00:13:27	019004	G490119483HLR	L490	S		754.5918	1.0230	0.0000	100.0792	39.9487	0.8230	0.8269	4.0000	19.1124	0.0000	0.0000	0.0000	0.0000	0.9300	0.0000	0.0000	0.0000	0.0000	771.1116	1.0339	-3.1362	100.0399	39.5781	0.8230	0.8231	5.0000	-9999.0000	-9999.0000	-9999.0000	-9999.0000	-9999.0000	-9999.0000	21.0130	6	7	22.4821	1.0000	09	1	-9999.0000	31887	0	-9999	166	143	-9999	0.0000	0	0.0000	0.0000	0.0000	0.0000	0.0000	0.0000	0.0000	0.0000	0.0000	0.0000	0.0000	0.0000	0.0000	0.0000	0.0000	0.0000	
27/08/2017	00:19:03	019004	G490119461HLR	L490	S		758.9070	1.0230	0.0000	100.0051	39.5384	0.8230	0.8267	4.0000	19.1890	0.0000	0.0000	0.0000	0.0000	0.9300	0.0000	0.0000	0.0000	0.0000	774.4173	1.0339	-3.2547	100.0362	39.9800	0.8230	0.8230	5.0000	-9999.0000	-9999.0000	-9999.0000	-9999.0000	-9999.0000	-9999.0000	20.2122	8	7	24.4120	1.0000	09	1	-9999.0000	31889	0	-9999	168	144	-9999	0.0000	0	0.0000	0.0000	0.0000	0.0000	0.0000	0.0000	0.0000	0.0000	0.0000	0.0000	0.0000	0.0000	0.0000	0.0000	0.0000	0.0000	
27/08/2017	00:20:34	019004	G490119306HLR	L490	S		761.6443	1.0230	0.0000	99.9783	39.7898	0.8230	0.8276	4.0000	19.1515	925.0861	95.1843	13.0718	24.7000	0.9300	0.9263	0.7449	-0.0017	925.0000	923.1573	1.0339	-6.1225	100.0241	39.3808	0.8230	0.8227	5.0000	-9999.0000	-9999.0000	-9999.0000	-9999.0000	-9999.0000	-9999.0000	21.1021	1	0	90.7211	1.0000	09	1	-9999.0000	31890	68358	-9999	169	145	-9999	669.2602	5	0.7302	0.7449	-0.0017	151.8336	0.9813	846.7562	252.5099	35.1477	757.3806	95.4039	832.6280	94.8328	845.4163	94.8328	856.2846	95.0964	
27/08/2017	00:20:58	019004	G490119473HLR	L490	S		750.9247	1.0230	0.0000	100.1443	40.2530	0.8230	0.8276	4.0000	18.9923	0.0000	0.0000	0.0000	0.0000	0.9300	0.0000	0.0000	0.0000	0.0000	765.5825	1.0339	-2.9379	100.0335	39.8461	0.8230	0.8240	5.0000	-9999.0000	-9999.0000	-9999.0000	-9999.0000	-9999.0000	-9999.0000	20.9720	2	7	23.9021	1.0000	09	1	-9999.0000	31891	0	-9999	170	145	-9999	0.0000	0	0.0000	0.0000	0.0000	0.0000	0.0000	0.0000	0.0000	0.0000	0.0000	0.0000	0.0000	0.0000	0.0000	0.0000	0.0000	0.0000	
27/08/2017	00:22:35	019004	G490119311HLR	L490	S		749.7859	1.0230	0.0000	99.9818	40.0229	0.8230	0.8266	4.0000	19.2717	0.0000	0.0000	0.0000	0.0000	0.9300	0.0000	0.0000	0.0000	0.0000	766.5752	1.0339	-2.9735	100.0338	39.4541	0.8230	0.8234	5.0000	-9999.0000	-9999.0000	-9999.0000	-9999.0000	-9999.0000	-9999.0000	20.6722	3	7	97.7914	1.0000	09	1	-9999.0000	31892	0	-9999	171	146	-9999	0.0000	0	0.0000	0.0000	0.0000	0.0000	0.0000	0.0000	0.0000	0.0000	0.0000	0.0000	0.0000	0.0000	0.0000	0.0000	0.0000	0.0000	
27/08/2017	00:23:00	019004	G490119313HLR	L490	S		742.5057	1.0230	0.0000	100.0951	39.6717	0.8230	0.8265	4.0000	19.3028	0.0000	0.0000	0.0000	0.0000	0.9300	0.0000	0.0000	0.0000	0.0000	759.8257	1.0339	-2.7315	100.0359	40.0512	0.8230	0.8241	5.0000	-9999.0000	-9999.0000	-9999.0000	-9999.0000	-9999.0000	-9999.0000	20.7620	4	7	24.2125	1.0000	09	1	-9999.0000	31893	0	-9999	172	147	-9999	0.0000	0	0.0000	0.0000	0.0000	0.0000	0.0000	0.0000	0.0000	0.0000	0.0000	0.0000	0.0000	0.0000	0.0000	0.0000	0.0000	0.0000	
27/08/2017	00:25:11	019004	G490119310HLR	L490	S		759.6977	1.0230	0.0000	100.0509	39.4359	0.8230	0.8264	4.0000	19.7522	0.0000	0.0000	0.0000	0.0000	0.9300	0.0000	0.0000	0.0000	0.0000	776.5970	1.0339	-3.3329	100.0598	39.9100	0.8230	0.8238	5.0000	-9999.0000	-9999.0000	-9999.0000	-9999.0000	-9999.0000	-9999.0000	20.7230	7	7	22.7224	1.0000	09	1	-9999.0000	31895	0	-9999	175	148	-9999	0.0000	0	0.0000	0.0000	0.0000	0.0000	0.0000	0.0000	0.0000	0.0000	0.0000	0.0000	0.0000	0.0000	0.0000	0.0000	0.0000	0.0000	
27/08/2017	00:26:02	019004	G490119325HLR	L490	S		773.4232	1.0230	0.0000	100.0161	39.5141	0.8230	0.8263	4.0000	20.9925	925.0970	95.0525	10.8411	24.7000	0.9300	0.9264	0.7434	-0.0015	925.0000	927.0725	1.0339	-6.0384	99.9936	39.4903	0.8230	0.8223	5.0000	-9999.0000	-9999.0000	-9999.0000	-9999.0000	-9999.0000	-9999.0000	24.6121	1	0	22.6833	1.0000	09	1	-9999.0000	31897	68359	-9999	177	149	-9999	673.2353	5	0.7298	0.7434	-0.0015	154.0523	0.6438	865.1594	236.2365	35.0598	777.1770	95.6236	850.5381	94.9426	863.7637	94.8987	874.8007	95.1623	
27/08/2017	00:27:17	019004	G490119352HLR	L490	S		761.2470	1.0230	0.0000	100.2372	39.8771	0.8230	0.8277	4.0000	19.3820	925.1062	95.0305	11.3411	24.6000	0.9300	0.9261	0.7434	-0.0015	925.0000	925.6991	1.0339	-6.0679	99.9814	39.5843	0.8230	0.8220	5.0000	-9999.0000	-9999.0000	-9999.0000	-9999.0000	-9999.0000	-9999.0000	25.3137	4	0	24.4436	1.0000	09	1	-9999.0000	31900	68360	-9999	180	150	-9999	672.5497	5	0.7298	0.7434	-0.0015	154.0523	0.6438	857.8989	252.6075	34.2250	763.8635	95.4918	843.9955	94.6131	856.6964	94.4813	867.0963	94.9207	
27/08/2017	00:30:44	019004	G490119309HLR	L490	S		402.1764	1.0230	0.0000	100.0470	40.0512	0.8230	0.8288	4.0000	19.2522	0.0000	0.0000	0.0000	0.0000	0.9300	0.0000	0.0000	0.0000	0.0000	773.5445	1.0339	-3.2234	100.0124	39.5384	0.8230	0.8232	5.0000	-9999.0000	-9999.0000	-9999.0000	-9999.0000	-9999.0000	-9999.0000	21.2415	5	7	206.8225	1.0000	09	1	-9999.0000	31901	0	-9999	181	151	-9999	0.0000	0	0.0000	0.0000	0.0000	0.0000	0.0000	0.0000	0.0000	0.0000	0.0000	0.0000	0.0000	0.0000	0.0000	0.0000	0.0000	0.0000	
27/08/2017	00:31:09	019004	G490119307HLR	L490	S		760.5722	1.0230	0.0000	100.0706	40.1203	0.8230	0.8265	4.0000	19.3430	0.0000	0.0000	0.0000	0.0000	0.9300	0.0000	0.0000	0.0000	0.0000	777.7316	1.0339	-3.3736	100.0346	40.1327	0.8230	0.8240	5.0000	-9999.0000	-9999.0000	-9999.0000	-9999.0000	-9999.0000	-9999.0000	20.1320	6	7	25.2226	1.0000	09	1	-9999.0000	31902	0	-9999	182	152	-9999	0.0000	0	0.0000	0.0000	0.0000	0.0000	0.0000	0.0000	0.0000	0.0000	0.0000	0.0000	0.0000	0.0000	0.0000	0.0000	0.0000	0.0000	
27/08/2017	00:32:04	019004	G490120939HLR	L490	S		768.7911	1.0230	0.0000	100.0585	39.6983	0.8230	0.8263	4.0000	19.1926	925.0986	95.0085	11.0218	24.9000	0.9300	0.9267	0.7434	-0.0015	925.0000	925.1138	1.0339	-6.0805	100.0352	39.9741	0.8230	0.8233	5.0000	-9999.0000	-9999.0000	-9999.0000	-9999.0000	-9999.0000	-9999.0000	20.5326	7	0	54.2365	1.0000	09	1	-9999.0000	31903	68361	-9999	183	153	-9999	672.7548	5	0.7292	0.7434	-0.0015	157.2304	0.2663	860.4578	265.2337	34.9500	766.7992	95.6676	846.5641	94.6351	859.1508	94.5033	870.7598	94.8767	
27/08/2017	00:32:26	019004	G490119308HLR	L490	S		757.7313	1.0230	0.0000	100.0853	39.7336	0.8230	0.8271	4.0000	19.0920	0.0000	0.0000	0.0000	0.0000	0.9300	0.0000	0.0000	0.0000	0.0000	774.6506	1.0339	-3.2631	99.9470	39.8332	0.8230	0.8230	5.0000	-9999.0000	-9999.0000	-9999.0000	-9999.0000	-9999.0000	-9999.0000	20.1116	8	7	22.5222	1.0000	09	1	-9999.0000	31904	0	-9999	184	154	-9999	0.0000	0	0.0000	0.0000	0.0000	0.0000	0.0000	0.0000	0.0000	0.0000	0.0000	0.0000	0.0000	0.0000	0.0000	0.0000	0.0000	0.0000	
27/08/2017	00:33:14	019004	G490119335HLR	L490	S		761.6657	1.0230	0.0000	100.0930	40.1062	0.8230	0.8265	4.0000	19.6526	925.1606	95.0305	11.8121	24.7000	0.9300	0.9264	0.7427	-0.0014	925.0000	924.3632	1.0339	-6.0966	100.0758	39.5884	0.8230	0.8224	5.0000	-9999.0000	-9999.0000	-9999.0000	-9999.0000	-9999.0000	-9999.0000	20.5423	2	0	24.1630	1.0000	09	1	-9999.0000	31906	68362	-9999	186	155	-9999	671.7178	5	0.7286	0.7427	-0.0014	152.2091	0.7651	854.0037	222.0950	35.0818	765.2194	94.8328	840.0116	94.1957	852.7446	94.1079	863.4865	94.7669	
27/08/2017	00:33:37	019004	G490119350HLR	L490	S		753.9306	1.0230	0.0000	99.9279	39.9101	0.8230	0.8268	4.0000	19.5920	0.0000	0.0000	0.0000	0.0000	0.9300	0.0000	0.0000	0.0000	0.0000	770.6080	1.0339	-3.1181	100.0606	39.6410	0.8230	0.8234	5.0000	-9999.0000	-9999.0000	-9999.0000	-9999.0000	-9999.0000	-9999.0000	20.9721	3	7	22.4321	1.0000	09	1	-9999.0000	31907	0	-9999	187	156	-9999	0.0000	0	0.0000	0.0000	0.0000	0.0000	0.0000	0.0000	0.0000	0.0000	0.0000	0.0000	0.0000	0.0000	0.0000	0.0000	0.0000	0.0000	
27/08/2017	00:34:23	019004	G490119336HLR	L490	S		761.4179	1.0230	0.0000	100.1396	40.0303	0.8230	0.8268	4.0000	19.3020	925.1741	95.0085	9.3809	24.9000	0.9300	0.9266	0.7434	-0.0015	925.0000	926.0753	1.0339	-6.0598	100.0544	39.9843	0.8230	0.8223	5.0000	-9999.0000	-9999.0000	-9999.0000	-9999.0000	-9999.0000	-9999.0000	20.8626	5	0	22.3325	1.0000	09	1	-9999.0000	31909	68363	-9999	189	157	-9999	675.1007	5	0.7284	0.7434	-0.0015	150.6588	0.8237	870.9601	235.1520	35.6529	776.8716	94.9426	856.1567	94.2616	869.6294	94.1738	881.0352	94.8108	
27/08/2017	00:35:38	019004	G490120967HLR	L490	S		765.2473	1.0230	0.0000	99.9870	40.1538	0.8230	0.8275	4.0000	19.0118	925.1010	94.9426	9.7511	24.9000	0.9300	0.9265	0.7423	-0.0014	925.0000	926.6621	1.0339	-6.0472	100.0072	39.7435	0.8230	0.8227	5.0000	-9999.0000	-9999.0000	-9999.0000	-9999.0000	-9999.0000	-9999.0000	25.1122	8	0	24.4335	1.0000	09	1	-9999.0000	31912	68364	-9999	192	158	-9999	674.4807	5	0.7279	0.7423	-0.0014	154.0857	0.5789	870.6839	250.3976	35.5870	772.8679	95.3600	855.5191	94.5692	869.4479	94.4813	879.7422	94.9207	
27/08/2017	00:36:03	019004	G490119328HLR	L490	S		752.7727	1.0230	0.0000	99.9313	40.1241	0.8230	0.8268	4.0000	19.3421	0.0000	0.0000	0.0000	0.0000	0.9300	0.0000	0.0000	0.0000	0.0000	768.8947	1.0339	-3.0567	100.0374	39.7822	0.8230	0.8232	5.0000	-9999.0000	-9999.0000	-9999.0000	-9999.0000	-9999.0000	-9999.0000	21.2123	1	7	24.8220	1.0000	09	1	-9999.0000	31913	0	-9999	193	159	-9999	0.0000	0	0.0000	0.0000	0.0000	0.0000	0.0000	0.0000	0.0000	0.0000	0.0000	0.0000	0.0000	0.0000	0.0000	0.0000	0.0000	0.0000	
27/08/2017	00:38:29	019004	G490119326HLR	L490	S		752.4718	1.0230	0.0000	99.9858	40.0466	0.8230	0.8272	4.0000	19.5724	0.0000	0.0000	0.0000	0.0000	0.9300	0.0000	0.0000	0.0000	0.0000	769.5710	1.0339	-3.0809	100.0627	39.5161	0.8230	0.8226	5.0000	-9999.0000	-9999.0000	-9999.0000	-9999.0000	-9999.0000	-9999.0000	20.4524	4	7	22.8727	1.0000	09	1	-9999.0000	31915	0	-9999	196	160	-9999	0.0000	0	0.0000	0.0000	0.0000	0.0000	0.0000	0.0000	0.0000	0.0000	0.0000	0.0000	0.0000	0.0000	0.0000	0.0000	0.0000	0.0000	
27/08/2017	00:40:18	019004	G490119338HLR	L490	S		758.4211	1.0230	0.0000	99.9938	39.9234	0.8230	0.8267	4.0000	19.0725	0.0000	0.0000	0.0000	0.0000	0.9300	0.0000	0.0000	0.0000	0.0000	-9999.0000	0.0000	0.0000	-9999.0000	-9999.0000	0.8230	-9999.0000	0.0000	-9999.0000	-9999.0000	-9999.0000	-9999.0000	-9999.0000	-9999.0000	0.0000	6	7	24.2124	1.0000	09	1	-9999.0000	31917	0	-9999	198	0	-9999	0.0000	0	0.0000	0.0000	0.0000	0.0000	0.0000	0.0000	0.0000	0.0000	0.0000	0.0000	0.0000	0.0000	0.0000	0.0000	0.0000	0.0000	
27/08/2017	00:40:40	019004	G490120937HLR	L490	S		754.7995	1.0230	0.0000	100.0254	39.8732	0.8230	0.8266	4.0000	20.0716	0.0000	0.0000	0.0000	0.0000	0.9300	0.0000	0.0000	0.0000	0.0000	772.6662	1.0339	-3.1919	100.0573	40.2934	0.8230	0.8229	5.0000	-9999.0000	-9999.0000	-9999.0000	-9999.0000	-9999.0000	-9999.0000	21.0023	7	7	22.6724	1.0000	09	1	-9999.0000	31918	0	-9999	199	161	-9999	0.0000	0	0.0000	0.0000	0.0000	0.0000	0.0000	0.0000	0.0000	0.0000	0.0000	0.0000	0.0000	0.0000	0.0000	0.0000	0.0000	0.0000	
27/08/2017	00:41:29	019004	G490120981HLR	L490	S		763.0629	1.0230	0.0000	100.0596	39.7435	0.8230	0.8270	4.0000	19.6526	0.0000	0.0000	0.0000	0.0000	0.9300	0.0000	0.0000	0.0000	925.0000	906.1267	1.0339	-6.4883	100.0139	39.5227	0.8230	0.8224	5.0000	-9999.0000	-9999.0000	-9999.0000	-9999.0000	-9999.0000	-9999.0000	20.4123	1	1	25.5427	1.0000	09	1	-9999.0000	31920	0	-9999	201	162	-9999	0.0000	0	0.0000	0.0000	0.0000	0.0000	0.0000	0.0000	242.1184	38.3988	795.4330	95.0085	862.8852	94.5472	875.2437	94.4594	886.3280	94.9426	
27/08/2017	00:42:13	019004	G490120954HLR	L490	S		-9999.0000	1.0230	0.0000	-9999.0000	-9999.0000	0.8230	-9999.0000	4.0000	18.9415	925.1179	95.0085	9.6515	24.4000	0.9300	0.9258	0.7392	-0.0011	925.0000	924.9544	1.0339	-6.0839	99.9351	39.7435	0.8230	0.8231	5.0000	-9999.0000	-9999.0000	-9999.0000	-9999.0000	-9999.0000	-9999.0000	22.1020	2	0	43.5449	1.0000	09	1	-9999.0000	31914	68365	-9999	202	163	-9999	674.1323	5	0.7273	0.7392	-0.0011	163.1466	-0.1574	872.0064	213.7756	34.3349	771.4184	95.6456	858.3721	94.6571	870.8078	94.4154	880.9514	94.6351	
27/08/2017	00:42:41	019004	G490120952HLR	L490	S		755.2626	1.0230	0.0000	100.0526	40.3589	0.8230	0.8273	4.0000	19.0723	0.0000	0.0000	0.0000	0.0000	0.9300	0.0000	0.0000	0.0000	0.0000	774.0780	1.0339	-3.2426	100.0406	40.1118	0.8230	0.8234	5.0000	-9999.0000	-9999.0000	-9999.0000	-9999.0000	-9999.0000	-9999.0000	21.1518	3	7	28.5931	1.0000	09	1	-9999.0000	31921	0	-9999	203	164	-9999	0.0000	0	0.0000	0.0000	0.0000	0.0000	0.0000	0.0000	0.0000	0.0000	0.0000	0.0000	0.0000	0.0000	0.0000	0.0000	0.0000	0.0000	
27/08/2017	00:43:06	019004	G490121027HLR	L490	S		769.8942	1.0230	0.0000	100.0169	39.9315	0.8230	0.8264	4.0000	19.2921	925.0804	94.7449	8.6211	24.3000	0.9300	0.9257	0.7392	-0.0011	925.0000	927.6675	1.0339	-6.0256	99.9939	39.4903	0.8230	0.8222	5.0000	-9999.0000	-9999.0000	-9999.0000	-9999.0000	-9999.0000	-9999.0000	25.0829	4	0	24.4628	1.0000	09	1	-9999.0000	31922	68366	-9999	204	165	-9999	675.1640	5	0.7273	0.7392	-0.0011	163.1466	-0.1574	881.9218	305.1246	35.1477	782.1455	95.7774	867.3267	94.8328	880.4915	94.7669	890.8584	94.9866	
27/08/2017	00:43:29	019004	G490120962HLR	L490	S		767.8633	1.0230	0.0000	100.2709	39.6985	0.8230	0.8266	4.0000	19.4924	925.1605	94.9646	9.2012	24.1000	0.9300	0.9255	0.7392	-0.0011	925.0000	927.5701	1.0339	-6.0277	100.0385	39.7839	0.8230	0.8233	5.0000	-9999.0000	-9999.0000	-9999.0000	-9999.0000	-9999.0000	-9999.0000	21.1527	5	0	22.8218	1.0000	09	1	-9999.0000	31923	68367	-9999	205	166	-9999	674.6427	5	0.7273	0.7392	-0.0011	163.1466	-0.1574	876.8420	322.9654	36.9710	781.4769	95.9751	862.8402	95.0525	875.5964	94.9646	886.3534	95.1184	
27/08/2017	00:44:21	019004	G490120990HLR	L490	S		763.3239	1.0230	0.0000	99.9404	40.1784	0.8230	0.8272	4.0000	19.3517	925.0996	94.8767	8.9805	24.3000	0.9300	0.9263	0.7387	-0.0011	925.0000	926.8717	1.0339	-6.0427	99.9901	39.7714	0.8230	0.8222	5.0000	-9999.0000	-9999.0000	-9999.0000	-9999.0000	-9999.0000	-9999.0000	24.7528	7	0	24.5427	1.0000	09	1	-9999.0000	31925	68368	-9999	207	167	-9999	674.7247	5	0.7272	0.7387	-0.0011	159.7886	0.0965	879.6050	315.5316	36.6195	784.3461	95.9971	864.3846	95.2282	878.2371	95.2062	889.6452	95.1843	
27/08/2017	00:44:48	019004	G490120968HLR	L490	S		755.0570	1.0230	0.0000	99.9980	39.8152	0.8230	0.8263	4.0000	19.7316	0.0000	0.0000	0.0000	0.0000	0.9300	0.0000	0.0000	0.0000	0.0000	772.0206	1.0339	-3.1688	100.0141	39.6467	0.8230	0.8230	5.0000	-9999.0000	-9999.0000	-9999.0000	-9999.0000	-9999.0000	-9999.0000	21.1625	8	7	26.9630	1.0000	09	1	-9999.0000	31926	0	-9999	208	168	-9999	0.0000	0	0.0000	0.0000	0.0000	0.0000	0.0000	0.0000	0.0000	0.0000	0.0000	0.0000	0.0000	0.0000	0.0000	0.0000	0.0000	0.0000	
27/08/2017	00:45:11	019004	G490116486HLR	L490	S		762.3534	1.0230	0.0000	100.3306	39.7024	0.8230	0.8268	4.0000	20.1926	925.0912	94.7230	7.9608	24.5000	0.9300	0.9266	0.7349	-0.0007	925.0000	924.1608	1.0339	-6.1009	100.0319	40.0512	0.8230	0.8231	5.0000	-9999.0000	-9999.0000	-9999.0000	-9999.0000	-9999.0000	-9999.0000	23.6931	1	0	23.1130	1.0000	09	1	-9999.0000	31927	68369	-9999	209	169	-9999	674.5701	5	0.7272	0.7349	-0.0007	156.5045	0.3651	888.0481	315.0324	36.9490	788.9637	95.9971	873.5895	95.2062	886.8741	95.2062	897.8267	95.1843	
27/08/2017	00:46:25	019004	G490121000HLR	L490	S		762.0156	1.0230	0.0000	99.9113	39.9336	0.8230	0.8264	4.0000	19.3625	925.1175	95.1623	9.4610	24.6000	0.9300	0.9268	0.7332	-0.0006	925.0000	924.2443	1.0339	-6.0991	100.0399	39.5478	0.8230	0.8226	5.0000	-9999.0000	-9999.0000	-9999.0000	-9999.0000	-9999.0000	-9999.0000	20.6917	4	0	26.4734	1.0000	09	1	-9999.0000	31930	68370	-9999	212	170	-9999	673.4603	5	0.7275	0.7332	-0.0006	161.5883	-0.0920	878.4940	317.2927	36.8831	787.5270	95.7994	864.3057	95.1184	877.1801	95.1403	887.6470	95.0964	
27/08/2017	00:46:49	019004	G490120991HLR	L490	S		766.7908	1.0230	0.0000	100.1263	39.7599	0.8230	0.8268	4.0000	19.1818	925.1228	94.7230	8.1503	24.6000	0.9300	0.9266	0.7345	-0.0007	925.0000	924.0527	1.0339	-6.1032	100.0306	39.9683	0.8230	0.8234	5.0000	-9999.0000	-9999.0000	-9999.0000	-9999.0000	-9999.0000	-9999.0000	23.1824	5	0	24.5623	1.0000	09	1	-9999.0000	31931	68371	-9999	213	171	-9999	674.5353	5	0.7279	0.7345	-0.0007	2289.7012	-104.6609	887.8379	331.4443	37.0369	795.2195	95.8872	873.3519	95.0964	886.5743	95.0305	896.7497	95.1623	
27/08/2017	00:47:16	019004	G490120986HLR	L490	S		768.1272	1.0230	0.0000	100.1177	40.0512	0.8230	0.8273	4.0000	19.7424	925.1311	94.7889	8.3515	24.6000	0.9300	0.9267	0.7345	-0.0007	925.0000	924.5530	1.0339	-6.0925	100.0726	40.1540	0.8230	0.8227	5.0000	-9999.0000	-9999.0000	-9999.0000	-9999.0000	-9999.0000	-9999.0000	21.1322	6	0	26.6231	1.0000	09	1	-9999.0000	31932	68372	-9999	214	172	-9999	674.4129	5	0.7279	0.7345	-0.0007	2289.7012	-104.6609	885.4459	340.2153	36.0044	796.0392	95.8653	870.8548	94.9866	884.1520	94.9866	894.5766	95.1403	
27/08/2017	00:47:41	019004	G490121062HLR	L490	S		766.7342	1.0230	0.0000	99.9908	40.1538	0.8230	0.8273	4.0000	19.3820	925.1203	95.0964	9.7111	24.7000	0.9300	0.9269	0.7345	-0.0007	925.0000	925.4442	1.0339	-6.0734	100.0432	39.8201	0.8230	0.8223	5.0000	-9999.0000	-9999.0000	-9999.0000	-9999.0000	-9999.0000	-9999.0000	23.3531	7	0	24.6824	1.0000	09	1	-9999.0000	31933	68373	-9999	215	173	-9999	673.5570	5	0.7279	0.7345	-0.0007	2289.7012	-104.6609	877.6077	337.9351	37.6739	790.7744	96.0849	863.4271	95.3600	876.3270	95.3380	886.2615	95.2721	
27/08/2017	00:48:03	019004	G490121072HLR	L490	S		769.3853	1.0230	0.0000	100.2404	40.0162	0.8230	0.8267	4.0000	19.2316	925.0850	94.8767	7.6708	24.8000	0.9300	0.9269	0.7342	-0.0006	925.0000	923.3178	1.0339	-6.1190	100.0264	39.7655	0.8230	0.8226	5.0000	-9999.0000	-9999.0000	-9999.0000	-9999.0000	-9999.0000	-9999.0000	21.3021	8	0	22.7525	1.0000	09	1	-9999.0000	31934	68374	-9999	216	174	-9999	674.8101	5	0.7281	0.7342	-0.0006	730.6905	55.7510	890.9330	336.8808	37.7398	806.7686	95.8872	876.7506	95.2282	889.5529	95.1623	900.0421	95.2282	
27/08/2017	00:48:54	019004	G490121069HLR	L490	S		743.7986	1.0230	0.0000	100.1080	39.9487	0.8230	0.8272	4.0000	19.0822	0.0000	0.0000	0.0000	0.0000	0.9300	0.0000	0.0000	0.0000	0.0000	762.3960	1.0339	-2.8236	100.0351	39.8441	0.8230	0.8227	5.0000	-9999.0000	-9999.0000	-9999.0000	-9999.0000	-9999.0000	-9999.0000	23.8533	2	7	23.6227	1.0000	09	1	-9999.0000	31936	0	-9999	218	175	-9999	0.0000	0	0.0000	0.0000	0.0000	0.0000	0.0000	0.0000	0.0000	0.0000	0.0000	0.0000	0.0000	0.0000	0.0000	0.0000	0.0000	0.0000	
27/08/2017	00:49:17	019004	G490121049HLR	L490	S		750.1026	1.0230	0.0000	99.9766	40.0512	0.8230	0.8272	4.0000	18.9728	0.0000	0.0000	0.0000	0.0000	0.9300	0.0000	0.0000	0.0000	0.0000	767.4343	1.0339	-3.0043	100.0432	39.7139	0.8230	0.8231	5.0000	-9999.0000	-9999.0000	-9999.0000	-9999.0000	-9999.0000	-9999.0000	20.4223	3	7	22.6627	1.0000	09	1	-9999.0000	31936	0	-9999	219	176	-9999	0.0000	0	0.0000	0.0000	0.0000	0.0000	0.0000	0.0000	0.0000	0.0000	0.0000	0.0000	0.0000	0.0000	0.0000	0.0000	0.0000	0.0000	
27/08/2017	00:50:04	019004	G490121045HLR	L490	S		762.1075	1.0230	0.0000	100.1093	39.9487	0.8230	0.8267	4.0000	19.5325	925.0844	95.2282	9.9308	24.7000	0.9300	0.9267	0.7396	-0.0012	925.0000	922.3312	1.0339	-6.1402	100.0415	40.0772	0.8230	0.8226	5.0000	-9999.0000	-9999.0000	-9999.0000	-9999.0000	-9999.0000	-9999.0000	21.0825	5	0	22.4734	1.0000	09	1	-9999.0000	31938	68375	-9999	221	177	-9999	673.0795	5	0.7289	0.7396	-0.0012	138.7187	2.3304	871.0655	295.7598	36.4218	777.4233	96.1289	856.4902	95.4039	869.6109	95.4259	880.5228	95.1184	
27/08/2017	00:50:54	019004	G490120983HLR	L490	S		761.4873	1.0230	0.0000	100.1900	40.0431	0.8230	0.8269	4.0000	19.5216	925.0881	94.7010	8.7910	24.8000	0.9300	0.9268	0.7396	-0.0012	925.0000	924.2678	1.0339	-6.0986	100.0325	39.7581	0.8230	0.8226	5.0000	-9999.0000	-9999.0000	-9999.0000	-9999.0000	-9999.0000	-9999.0000	21.0523	7	0	24.4528	1.0000	09	1	-9999.0000	31940	68376	-9999	223	178	-9999	674.3587	5	0.7289	0.7396	-0.0012	138.7187	2.3304	879.6461	306.1871	34.6864	781.5046	96.1289	864.5211	95.2941	878.3137	95.3161	889.1671	95.2502	
27/08/2017	00:51:18	019004	G490121093HLR	L490	S		761.1434	1.0230	0.0000	100.3812	40.0175	0.8230	0.8269	4.0000	19.2921	925.1211	94.8548	9.2803	24.7000	0.9300	0.9265	0.7396	-0.0012	925.0000	925.2397	1.0339	-6.0778	100.0382	39.8461	0.8230	0.8230	5.0000	-9999.0000	-9999.0000	-9999.0000	-9999.0000	-9999.0000	-9999.0000	20.9427	8	0	24.2829	1.0000	09	1	-9999.0000	31941	68377	-9999	224	179	-9999	673.8518	5	0.7289	0.7396	-0.0012	138.7187	2.3304	876.3127	322.0351	35.7408	781.5330	96.2167	861.6618	95.2941	874.9702	95.2502	886.1819	95.2721	
27/08/2017	00:51:41	019004	G490121076HLR	L490	S		760.4242	1.0230	0.0000	99.9518	39.9487	0.8230	0.8265	4.0000	20.2317	0.0000	0.0000	0.0000	0.0000	0.9300	0.0000	0.0000	0.0000	0.0000	778.0125	1.0339	-3.3836	100.0376	40.0322	0.8230	0.8232	5.0000	-9999.0000	-9999.0000	-9999.0000	-9999.0000	-9999.0000	-9999.0000	21.0627	1	7	23.3923	1.0000	09	1	-9999.0000	31942	0	-9999	225	180	-9999	0.0000	0	0.0000	0.0000	0.0000	0.0000	0.0000	0.0000	0.0000	0.0000	0.0000	0.0000	0.0000	0.0000	0.0000	0.0000	0.0000	0.0000	
27/08/2017	00:52:42	019004	G490121054HLR	L490	S		761.3320	1.0230	0.0000	99.8515	39.9901	0.8230	0.8265	4.0000	20.2629	925.1567	94.8328	9.4415	24.7000	0.9300	0.9265	0.7407	-0.0013	925.0000	924.8562	1.0339	-6.0860	100.0499	39.6727	0.8230	0.8226	5.0000	-9999.0000	-9999.0000	-9999.0000	-9999.0000	-9999.0000	-9999.0000	20.9526	4	0	18.6124	1.0000	09	1	-9999.0000	31945	68378	-9999	228	181	-9999	673.8285	5	0.7292	0.7407	-0.0013	140.7611	2.1921	874.5361	299.1162	36.4437	779.1093	96.0190	858.8483	95.4039	872.9952	95.4259	884.5430	95.2941	
27/08/2017	00:53:29	019004	G490121087HLR	L490	S		758.2270	1.0230	0.0000	99.8780	39.9487	0.8230	0.8265	4.0000	19.9817	0.0000	0.0000	0.0000	0.0000	0.9300	0.0000	0.0000	0.0000	0.0000	775.1002	1.0339	-3.2792	100.0442	40.1010	0.8230	0.8235	5.0000	-9999.0000	-9999.0000	-9999.0000	-9999.0000	-9999.0000	-9999.0000	20.6125	6	7	22.1833	1.0000	09	1	-9999.0000	31946	0	-9999	229	182	-9999	0.0000	0	0.0000	0.0000	0.0000	0.0000	0.0000	0.0000	0.0000	0.0000	0.0000	0.0000	0.0000	0.0000	0.0000	0.0000	0.0000	0.0000	
27/08/2017	00:55:27	019004	G490121104HLR	L490	S		757.5219	1.0230	0.0000	100.1771	39.8875	0.8230	0.8269	4.0000	19.0519	0.0000	0.0000	0.0000	0.0000	0.9300	0.0000	0.0000	0.0000	0.0000	775.7405	1.0339	-3.3022	100.0845	39.6007	0.8230	0.8232	5.0000	-9999.0000	-9999.0000	-9999.0000	-9999.0000	-9999.0000	-9999.0000	20.7221	2	7	57.7565	1.0000	09	1	-9999.0000	31947	0	-9999	230	183	-9999	0.0000	0	0.0000	0.0000	0.0000	0.0000	0.0000	0.0000	0.0000	0.0000	0.0000	0.0000	0.0000	0.0000	0.0000	0.0000	0.0000	0.0000	
27/08/2017	00:56:11	019004	G490121109HLR	L490	S		754.1883	1.0230	0.0000	99.7903	39.7435	0.8230	0.8271	4.0000	18.9815	0.0000	0.0000	0.0000	0.0000	0.9300	0.0000	0.0000	0.0000	0.0000	-9999.0000	0.0000	0.0000	-9999.0000	-9999.0000	0.8230	-9999.0000	0.0000	-9999.0000	-9999.0000	-9999.0000	-9999.0000	-9999.0000	-9999.0000	0.0000	3	7	44.4553	1.0000	09	1	-9999.0000	31948	0	-9999	231	0	-9999	0.0000	0	0.0000	0.0000	0.0000	0.0000	0.0000	0.0000	0.0000	0.0000	0.0000	0.0000	0.0000	0.0000	0.0000	0.0000	0.0000	0.0000	
27/08/2017	00:57:14	019004	error reading	L490	S		0.0000	0.0000	0.0000	0.0000	0.0000	0.8230	0.0000	0.0000	0.0000	0.0000	0.0000	0.0000	0.0000	0.9300	0.0000	0.0000	0.0000	0.0000	0.0000	0.0000	0.0000	0.0000	0.0000	0.8230	0.0000	0.0000	0.0000	0.0000	0.0000	0.0000	0.0000	0.0000	0.0000	0	28	24.1727	1.0000	09	2	0.0000	0	0	-9999	0	0	-9999	0.0000	0	0.0000	0.0000	0.0000	0.0000	0.0000	0.0000	0.0000	0.0000	0.0000	0.0000	0.0000	0.0000	0.0000	0.0000	0.0000	0.0000	
27/08/2017	00:59:29	019004	G490119343HLR	L490	S		772.8047	1.0230	0.0000	100.0903	40.1500	0.8230	0.8275	4.0000	19.6321	925.1148	95.1184	11.3109	24.7000	0.9300	0.9265	0.7397	-0.0012	925.0000	925.3866	1.0339	-6.0746	100.0110	39.3036	0.8230	0.8225	5.0000	-9999.0000	-9999.0000	-9999.0000	-9999.0000	-9999.0000	-9999.0000	21.3227	3	0	24.4723	1.0000	09	2	-9999.0000	31951	68379	-9999	234	184	-9999	671.9446	5	0.7293	0.7397	-0.0012	139.0246	2.3766	863.1158	274.3426	35.2795	768.1405	95.6456	848.8620	95.1184	861.7106	95.1623	872.6087	95.2062	
27/08/2017	00:59:49	019004	error reading	L490	S		0.0000	0.0000	0.0000	0.0000	0.0000	0.8230	0.0000	0.0000	0.0000	0.0000	0.0000	0.0000	0.0000	0.9300	0.0000	0.0000	0.0000	0.0000	0.0000	0.0000	0.0000	0.0000	0.0000	0.8230	0.0000	0.0000	0.0000	0.0000	0.0000	0.0000	0.0000	0.0000	0.0000	0	28	24.4723	1.0000	09	2	0.0000	0	0	0	0	0	0	0.0000	0	0.0000	0.0000	0.0000	0.0000	0.0000	0.0000	0.0000	0.0000	0.0000	0.0000	0.0000	0.0000	0.0000	0.0000	0.0000	0.0000	
27/08/2017	01:00:04	019004	G490119333HLR	L490	S		776.6943	1.0230	0.0000	99.7623	40.1351	0.8230	0.8264	4.0000	19.5726	925.0937	94.7449	9.1211	24.8000	0.9300	0.9265	0.7397	-0.0012	925.0000	928.2303	1.0339	-6.0135	99.9981	39.8461	0.8230	0.8237	5.0000	-9999.0000	-9999.0000	-9999.0000	-9999.0000	-9999.0000	-9999.0000	21.0327	4	0	35.7444	1.0000	09	2	-9999.0000	31952	68380	-9999	235	185	-9999	674.3170	5	0.7293	0.7397	-0.0012	139.0246	2.3766	878.4523	325.9140	37.6080	780.8529	96.1728	864.4042	95.0525	877.0625	94.9207	888.5644	95.0744	
27/08/2017	01:00:27	019004	G490119329HLR	L490	S		769.1762	1.0230	0.0000	99.9485	39.6722	0.8230	0.8260	4.0000	20.1516	925.1157	95.0525	10.4513	24.9000	0.9300	0.9267	0.7397	-0.0012	925.0000	925.7928	1.0339	-6.0659	100.0349	40.1182	0.8230	0.8227	5.0000	-9999.0000	-9999.0000	-9999.0000	-9999.0000	-9999.0000	-9999.0000	21.1028	5	0	22.3218	1.0000	09	2	-9999.0000	31953	68381	-9999	236	186	-9999	672.8685	5	0.7293	0.7397	-0.0012	139.0246	2.3766	868.7796	326.7908	36.4218	776.2535	96.2826	854.9826	95.2282	867.3347	95.1843	878.6086	95.2062	
27/08/2017	01:01:43	019004	G490119316HLR	L490	S		761.9765	1.0230	0.0000	99.9250	40.1538	0.8230	0.8270	4.0000	19.1720	925.1566	94.7449	8.6602	24.9000	0.9300	0.9267	0.7404	-0.0013	925.0000	923.1320	1.0339	-6.1230	99.9909	39.6875	0.8230	0.8231	5.0000	-9999.0000	-9999.0000	-9999.0000	-9999.0000	-9999.0000	-9999.0000	20.7923	8	0	28.7933	1.0000	09	2	-9999.0000	31956	68382	-9999	239	187	-9999	674.9073	5	0.7287	0.7404	-0.0013	158.0846	0.0130	880.2397	297.3393	36.3339	767.1554	95.8653	864.9372	94.9866	878.8776	95.0305	890.0606	95.0964	
27/08/2017	01:02:06	019004	G490119337HLR	L490	S		758.6196	1.0230	0.0000	99.8793	39.8789	0.8230	0.8265	4.0000	19.1222	0.0000	0.0000	0.0000	0.0000	0.9300	0.0000	0.0000	0.0000	0.0000	776.1081	1.0339	-3.3154	100.0034	39.8461	0.8230	0.8233	5.0000	-9999.0000	-9999.0000	-9999.0000	-9999.0000	-9999.0000	-9999.0000	25.5927	1	7	23.8124	1.0000	09	2	-9999.0000	31957	0	-9999	240	188	-9999	0.0000	0	0.0000	0.0000	0.0000	0.0000	0.0000	0.0000	0.0000	0.0000	0.0000	0.0000	0.0000	0.0000	0.0000	0.0000	0.0000	0.0000	
27/08/2017	01:02:27	019004	error reading	L490	S		0.0000	0.0000	0.0000	0.0000	0.0000	0.8230	0.0000	0.0000	0.0000	0.0000	0.0000	0.0000	0.0000	0.9300	0.0000	0.0000	0.0000	0.0000	0.0000	0.0000	0.0000	0.0000	0.0000	0.8230	0.0000	0.0000	0.0000	0.0000	0.0000	0.0000	0.0000	0.0000	0.0000	0	28	23.8124	1.0000	09	2	0.0000	0	0	0	0	0	0	0.0000	0	0.0000	0.0000	0.0000	0.0000	0.0000	0.0000	0.0000	0.0000	0.0000	0.0000	0.0000	0.0000	0.0000	0.0000	0.0000	0.0000	
27/08/2017	01:38:38	019004	G490119342HLR	L490	S		756.5803	1.0230	0.0000	99.9838	39.9369	0.8230	0.8274	4.0000	18.9221	0.0000	0.0000	0.0000	0.0000	0.9300	0.0000	0.0000	0.0000	0.0000	774.1516	1.0339	-3.2452	100.0153	39.8887	0.8230	0.8231	5.0000	-9999.0000	-9999.0000	-9999.0000	-9999.0000	-9999.0000	-9999.0000	20.4624	2	7	2192.1262	1.0000	09	2	-9999.0000	31958	0	-9999	240	189	-9999	0.0000	0	0.0000	0.0000	0.0000	0.0000	0.0000	0.0000	0.0000	0.0000	0.0000	0.0000	0.0000	0.0000	0.0000	0.0000	0.0000	0.0000	
27/08/2017	01:39:03	019004	G490120944HLR	L490	S		762.8632	1.0230	0.0000	100.2821	40.0512	0.8230	0.8269	4.0000	19.7620	925.1482	94.8328	9.2813	24.8000	0.9300	0.9265	0.7408	-0.0013	925.0000	926.3072	1.0339	-6.0548	100.0225	39.7216	0.8230	0.8225	5.0000	-9999.0000	-9999.0000	-9999.0000	-9999.0000	-9999.0000	-9999.0000	20.9623	3	0	25.1434	1.0000	09	2	-9999.0000	31959	68383	-9999	241	190	-9999	674.1276	5	0.7284	0.7408	-0.0013	161.6156	-0.3725	875.6903	303.0190	36.9929	783.6827	95.8653	860.5222	95.1184	874.1524	95.1403	885.9241	95.1623	
27/08/2017	01:39:28	019004	G490120955HLR	L490	S		770.8618	1.0230	0.0000	99.9468	40.0083	0.8230	0.8269	4.0000	19.1417	925.0825	94.9426	10.1203	24.9000	0.9300	0.9267	0.7417	-0.0014	925.0000	926.5923	1.0339	-6.0487	99.9745	39.1235	0.8230	0.8222	5.0000	-9999.0000	-9999.0000	-9999.0000	-9999.0000	-9999.0000	-9999.0000	21.7126	4	0	24.5222	1.0000	09	2	-9999.0000	31960	68384	-9999	242	191	-9999	673.1241	5	0.7285	0.7417	-0.0014	170.3565	-1.2170	870.3661	322.0162	36.3998	784.4239	96.1069	855.6017	95.3380	869.0800	95.2721	879.4733	95.2721	
27/08/2017	01:39:52	019004	G490120940HLR	L490	S		785.7331	1.0230	0.0000	99.9662	39.9487	0.8230	0.8266	4.0000	19.3322	925.1212	94.7010	8.9512	24.9000	0.9300	0.9267	0.7417	-0.0014	925.0000	929.8225	1.0339	-5.9793	100.0111	39.6625	0.8230	0.8239	5.0000	-9999.0000	-9999.0000	-9999.0000	-9999.0000	-9999.0000	-9999.0000	21.2426	5	0	24.4628	1.0000	09	2	-9999.0000	31961	68385	-9999	243	192	-9999	674.6552	5	0.7285	0.7417	-0.0014	170.3565	-1.2170	882.5656	323.2632	37.6959	798.4761	95.8433	867.2983	95.1184	881.2455	95.0525	891.7400	95.1623	
27/08/2017	01:40:17	019004	G490119319HLR	L490	S		760.4642	1.0230	0.0000	100.1047	39.9487	0.8230	0.8269	4.0000	19.2218	0.0000	0.0000	0.0000	0.0000	0.9300	0.0000	0.0000	0.0000	0.0000	778.6826	1.0339	-3.4077	100.0372	40.2445	0.8230	0.8237	5.0000	-9999.0000	-9999.0000	-9999.0000	-9999.0000	-9999.0000	-9999.0000	21.1125	6	7	24.6531	1.0000	09	2	-9999.0000	31962	0	-9999	244	193	-9999	0.0000	0	0.0000	0.0000	0.0000	0.0000	0.0000	0.0000	0.0000	0.0000	0.0000	0.0000	0.0000	0.0000	0.0000	0.0000	0.0000	0.0000	
27/08/2017	01:40:38	019004	error reading	L490	S		0.0000	0.0000	0.0000	0.0000	0.0000	0.8230	0.0000	0.0000	0.0000	0.0000	0.0000	0.0000	0.0000	0.9300	0.0000	0.0000	0.0000	0.0000	0.0000	0.0000	0.0000	0.0000	0.0000	0.8230	0.0000	0.0000	0.0000	0.0000	0.0000	0.0000	0.0000	0.0000	0.0000	0	28	24.6531	1.0000	09	2	0.0000	0	0	0	0	0	0	0.0000	0	0.0000	0.0000	0.0000	0.0000	0.0000	0.0000	0.0000	0.0000	0.0000	0.0000	0.0000	0.0000	0.0000	0.0000	0.0000	0.0000	
27/08/2017	01:40:55	019004	G490119330HLR	L490	S		755.4225	1.0230	0.0000	100.1056	39.9487	0.8230	0.8270	4.0000	19.1515	0.0000	0.0000	0.0000	0.0000	0.9300	0.0000	0.0000	0.0000	0.0000	773.3374	1.0339	-3.2160	100.0343	39.7489	0.8230	0.8225	5.0000	-9999.0000	-9999.0000	-9999.0000	-9999.0000	-9999.0000	-9999.0000	21.4337	7	7	38.0843	1.0000	09	2	-9999.0000	31963	0	-9999	245	194	-9999	0.0000	0	0.0000	0.0000	0.0000	0.0000	0.0000	0.0000	0.0000	0.0000	0.0000	0.0000	0.0000	0.0000	0.0000	0.0000	0.0000	0.0000	
27/08/2017	01:41:18	019004	G490120942HLR	L490	Q		766.0323	1.0230	0.0000	100.0437	39.8402	0.8230	0.8272	4.0000	18.9914	925.1650	94.7230	8.8907	24.8000	0.9300	0.9269	0.7416	-0.0014	925.0000	924.1544	1.0339	-6.1011	99.9776	39.3333	0.8230	0.8226	5.0000	-9999.0000	-9999.0000	-9999.0000	-9999.0000	-9999.0000	-9999.0000	24.3124	8	0	22.6520	1.0000	09	2	-9999.0000	31964	68386	-9999	246	195	-9999	674.6963	5	0.7281	0.7416	-0.0014	197.4557	-3.8985	878.0693	245.3881	36.5536	788.1322	95.7774	864.1041	95.1184	876.6165	95.1184	888.3631	95.2502	
27/08/2017	01:45:53	019004	G490120959HLR	L490	Q		761.3868	1.0230	0.0000	99.9773	39.9228	0.8230	0.8269	4.0000	19.4825	925.0986	95.0305	9.9318	24.9000	0.9300	0.9269	0.7402	-0.0013	925.0000	924.8995	1.0339	-6.0851	100.0096	39.2807	0.8230	0.8226	5.0000	-9999.0000	-9999.0000	-9999.0000	-9999.0000	-9999.0000	-9999.0000	20.8725	8	0	115.1427	1.0000	09	2	-9999.0000	31972	68387	-9999	254	196	-9999	673.0138	5	0.7277	0.7402	-0.0013	179.4699	-2.2366	871.3931	277.1284	37.1687	775.8152	96.1508	856.5253	95.2721	870.0157	95.1843	880.7577	95.2502	
27/08/2017	01:46:16	019004	G490120946HLR	L490	S		755.9991	1.0230	0.0000	100.2333	39.9239	0.8230	0.8271	4.0000	19.3019	0.0000	0.0000	0.0000	0.0000	0.9300	0.0000	0.0000	0.0000	0.0000	773.6490	1.0339	-3.2272	100.0033	39.8461	0.8230	0.8243	5.0000	-9999.0000	-9999.0000	-9999.0000	-9999.0000	-9999.0000	-9999.0000	20.4026	1	7	23.6325	1.0000	09	2	-9999.0000	31973	0	-9999	255	197	-9999	0.0000	0	0.0000	0.0000	0.0000	0.0000	0.0000	0.0000	0.0000	0.0000	0.0000	0.0000	0.0000	0.0000	0.0000	0.0000	0.0000	0.0000	
27/08/2017	01:50:53	019004	G490120957HLR	L490	S		756.9481	1.0230	0.0000	99.8329	39.9487	0.8230	0.8271	4.0000	19.3322	0.0000	0.0000	0.0000	0.0000	0.9300	0.0000	0.0000	0.0000	0.0000	774.3095	1.0339	-3.2509	99.9399	39.9931	0.8230	0.8242	5.0000	-9999.0000	-9999.0000	-9999.0000	-9999.0000	-9999.0000	-9999.0000	20.2816	2	7	276.8018	1.0000	09	2	-9999.0000	31974	0	-9999	256	198	-9999	0.0000	0	0.0000	0.0000	0.0000	0.0000	0.0000	0.0000	0.0000	0.0000	0.0000	0.0000	0.0000	0.0000	0.0000	0.0000	0.0000	0.0000	
27/08/2017	01:53:58	019004	G490120977HLR	L490	S		755.4233	1.0230	0.0000	100.0990	39.9487	0.8230	0.8270	4.0000	19.3917	0.0000	0.0000	0.0000	0.0000	0.9300	0.0000	0.0000	0.0000	0.0000	773.3909	1.0339	-3.2179	100.0401	39.9055	0.8230	0.8230	5.0000	-9999.0000	-9999.0000	-9999.0000	-9999.0000	-9999.0000	-9999.0000	21.1527	3	7	185.3703	1.0000	09	2	-9999.0000	31975	0	-9999	257	199	-9999	0.0000	0	0.0000	0.0000	0.0000	0.0000	0.0000	0.0000	0.0000	0.0000	0.0000	0.0000	0.0000	0.0000	0.0000	0.0000	0.0000	0.0000	
27/08/2017	01:54:23	019004	G490120948HLR	L490	S		758.9201	1.0230	0.0000	100.0167	39.9487	0.8230	0.8271	4.0000	19.0921	0.0000	0.0000	0.0000	0.0000	0.9300	0.0000	0.0000	0.0000	0.0000	776.6355	1.0339	-3.3343	99.9806	39.6076	0.8230	0.8232	5.0000	-9999.0000	-9999.0000	-9999.0000	-9999.0000	-9999.0000	-9999.0000	22.1626	4	7	24.8730	1.0000	09	2	-9999.0000	31976	0	-9999	258	200	-9999	0.0000	0	0.0000	0.0000	0.0000	0.0000	0.0000	0.0000	0.0000	0.0000	0.0000	0.0000	0.0000	0.0000	0.0000	0.0000	0.0000	0.0000	
27/08/2017	01:55:29	019004	G490120950HLR	L490	S		755.4848	1.0230	0.0000	99.9978	39.9254	0.8230	0.8266	4.0000	20.4924	0.0000	0.0000	0.0000	0.0000	0.9300	0.0000	0.0000	0.0000	0.0000	773.7316	1.0339	-3.2301	99.9687	39.2848	0.8230	0.8228	5.0000	-9999.0000	-9999.0000	-9999.0000	-9999.0000	-9999.0000	-9999.0000	20.3822	5	7	65.7877	1.0000	09	2	-9999.0000	31977	0	-9999	259	201	-9999	0.0000	0	0.0000	0.0000	0.0000	0.0000	0.0000	0.0000	0.0000	0.0000	0.0000	0.0000	0.0000	0.0000	0.0000	0.0000	0.0000	0.0000	
27/08/2017	01:55:50	019004	error reading	L490	S		0.0000	0.0000	0.0000	0.0000	0.0000	0.8230	0.0000	0.0000	0.0000	0.0000	0.0000	0.0000	0.0000	0.9300	0.0000	0.0000	0.0000	0.0000	0.0000	0.0000	0.0000	0.0000	0.0000	0.8230	0.0000	0.0000	0.0000	0.0000	0.0000	0.0000	0.0000	0.0000	0.0000	0	28	65.7877	1.0000	09	2	0.0000	0	0	0	0	0	0	0.0000	0	0.0000	0.0000	0.0000	0.0000	0.0000	0.0000	0.0000	0.0000	0.0000	0.0000	0.0000	0.0000	0.0000	0.0000	0.0000	0.0000	
27/08/2017	01:56:14	019004	G490120953HLR	L490	S		753.1341	1.0230	0.0000	100.1993	39.8461	0.8230	0.8273	4.0000	19.3616	0.0000	0.0000	0.0000	0.0000	0.9300	0.0000	0.0000	0.0000	0.0000	771.2016	1.0339	-3.1394	99.9638	39.7075	0.8230	0.8243	5.0000	-9999.0000	-9999.0000	-9999.0000	-9999.0000	-9999.0000	-9999.0000	20.7425	6	7	44.7149	1.0000	09	2	-9999.0000	31978	0	-9999	260	202	-9999	0.0000	0	0.0000	0.0000	0.0000	0.0000	0.0000	0.0000	0.0000	0.0000	0.0000	0.0000	0.0000	0.0000	0.0000	0.0000	0.0000	0.0000	
27/08/2017	01:56:38	019004	G490120960HLR	L490	S		758.6822	1.0230	0.0000	99.9525	39.9487	0.8230	0.8274	4.0000	19.1126	0.0000	0.0000	0.0000	0.0000	0.9300	0.0000	0.0000	0.0000	0.0000	777.0960	1.0339	-3.3508	100.0245	39.4864	0.8230	0.8223	5.0000	-9999.0000	-9999.0000	-9999.0000	-9999.0000	-9999.0000	-9999.0000	20.3420	7	7	23.8726	1.0000	09	2	-9999.0000	31979	0	-9999	261	203	-9999	0.0000	0	0.0000	0.0000	0.0000	0.0000	0.0000	0.0000	0.0000	0.0000	0.0000	0.0000	0.0000	0.0000	0.0000	0.0000	0.0000	0.0000	
27/08/2017	01:58:53	019004	G490120958HLR	L490	S		763.6481	1.0230	0.0000	99.9041	39.7331	0.8230	0.8268	4.0000	19.5118	925.0800	94.6790	8.8408	24.9000	0.9300	0.9269	0.7400	-0.0013	925.0000	925.9352	1.0339	-6.0628	99.9980	40.1018	0.8230	0.8237	5.0000	-9999.0000	-9999.0000	-9999.0000	-9999.0000	-9999.0000	-9999.0000	20.3929	8	0	134.8844	1.0000	09	2	-9999.0000	31980	68388	-9999	262	204	-9999	674.2917	5	0.7277	0.7400	-0.0013	167.7496	-1.0643	879.1133	272.1358	37.3664	783.0368	96.1508	864.4320	95.4259	877.6951	95.3820	889.6624	95.3380	
27/08/2017	01:59:17	019004	G490120963HLR	L490	S		767.9749	1.0230	0.0000	99.9197	39.9095	0.8230	0.8268	4.0000	19.0625	925.0932	95.0744	9.8615	24.8000	0.9300	0.9267	0.7400	-0.0013	925.0000	925.7653	1.0339	-6.0665	100.0391	39.9157	0.8230	0.8226	5.0000	-9999.0000	-9999.0000	-9999.0000	-9999.0000	-9999.0000	-9999.0000	20.9721	1	0	24.3729	1.0000	09	2	-9999.0000	31981	68389	-9999	263	205	-9999	673.1032	5	0.7277	0.7400	-0.0013	167.7496	-1.0643	871.1921	328.5092	37.8277	780.9220	95.7335	857.8471	94.6351	869.9209	94.5253	880.6639	94.9426	
27/08/2017	01:59:37	019004	error reading	L490	S		0.0000	0.0000	0.0000	0.0000	0.0000	0.8230	0.0000	0.0000	0.0000	0.0000	0.0000	0.0000	0.0000	0.9300	0.0000	0.0000	0.0000	0.0000	0.0000	0.0000	0.0000	0.0000	0.0000	0.8230	0.0000	0.0000	0.0000	0.0000	0.0000	0.0000	0.0000	0.0000	0.0000	0	28	24.3729	1.0000	09	2	0.0000	0	0	0	0	0	0	0.0000	0	0.0000	0.0000	0.0000	0.0000	0.0000	0.0000	0.0000	0.0000	0.0000	0.0000	0.0000	0.0000	0.0000	0.0000	0.0000	0.0000	
27/08/2017	02:00:17	019004	G490120966HLR	L490	S		768.4188	1.0230	0.0000	100.2175	39.5837	0.8230	0.8268	4.0000	19.3624	925.1620	94.9646	9.9210	24.7000	0.9300	0.9268	0.7400	-0.0013	925.0000	927.3276	1.0339	-6.0329	100.0193	39.5808	0.8230	0.8229	5.0000	-9999.0000	-9999.0000	-9999.0000	-9999.0000	-9999.0000	-9999.0000	20.9027	2	0	59.9372	1.0000	09	2	-9999.0000	31982	68390	-9999	264	206	-9999	673.0960	5	0.7277	0.7400	-0.0013	167.7496	-1.0643	871.3323	302.1239	37.6519	783.6674	95.8433	857.7519	95.0305	870.0528	95.0085	881.0466	95.0964	
27/08/2017	02:00:40	019004	G490120970HLR	L490	S		763.4509	1.0230	0.0000	100.1805	40.0159	0.8230	0.8268	4.0000	18.9620	925.1454	94.8328	9.5206	24.8000	0.9300	0.9268	0.7400	-0.0013	925.0000	923.4855	1.0339	-6.1154	99.9937	39.7757	0.8230	0.8232	5.0000	-9999.0000	-9999.0000	-9999.0000	-9999.0000	-9999.0000	-9999.0000	20.8724	3	0	23.2018	1.0000	09	2	-9999.0000	31982	68391	-9999	265	206	-9999	673.5498	5	0.7277	0.7400	-0.0013	167.7496	-1.0643	872.6181	311.4921	37.0149	780.1426	95.6676	858.4143	94.7889	871.5720	94.7449	882.1855	94.9866	
27/08/2017	02:02:15	019004	G490120993HLR	L490	S		762.3785	1.0230	0.0000	100.0895	39.7901	0.8230	0.8267	4.0000	19.3419	925.1072	94.6351	8.2607	24.8000	0.9300	0.9269	0.7478	-0.0021	925.0000	924.7632	1.0339	-6.0880	99.9594	39.8645	0.8230	0.8228	5.0000	-9999.0000	-9999.0000	-9999.0000	-9999.0000	-9999.0000	-9999.0000	23.4819	7	0	22.8326	1.0000	09	2	-9999.0000	31986	68392	-9999	269	207	-9999	675.8278	5	0.7279	0.7478	-0.0021	178.2446	-1.9241	878.6971	277.9180	36.3998	778.4188	95.6456	861.7692	94.8548	877.1456	94.8548	888.9238	95.0305	
27/08/2017	02:03:06	019004	G490121002HLR	L490	S		762.5743	1.0230	0.0000	100.3061	39.7545	0.8230	0.8265	4.0000	20.0521	925.1438	94.8328	8.7607	24.8000	0.9300	0.9269	0.7478	-0.0021	925.0000	925.0727	1.0339	-6.0813	100.0045	39.6639	0.8230	0.8229	5.0000	-9999.0000	-9999.0000	-9999.0000	-9999.0000	-9999.0000	-9999.0000	20.9924	1	0	26.4629	1.0000	09	2	-9999.0000	31988	68393	-9999	271	208	-9999	674.8912	5	0.7279	0.7478	-0.0021	178.2446	-1.9241	874.5647	303.4252	36.9270	775.9296	95.7774	858.3287	94.8108	872.9453	94.8328	885.6105	95.0305	
27/08/2017	02:03:29	019004	G490121009HLR	L490	S		764.9540	1.0230	0.0000	100.1770	39.7435	0.8230	0.8272	4.0000	19.1829	925.1586	94.9646	9.6808	24.8000	0.9300	0.9267	0.7478	-0.0021	925.0000	924.7177	1.0339	-6.0890	99.9914	39.7435	0.8230	0.8230	5.0000	-9999.0000	-9999.0000	-9999.0000	-9999.0000	-9999.0000	-9999.0000	23.0620	2	0	22.4429	1.0000	09	2	-9999.0000	31989	68394	-9999	272	209	-9999	673.1117	5	0.7279	0.7478	-0.0021	178.2446	-1.9241	866.6264	320.6596	36.5975	773.3135	95.9751	851.7968	94.8987	865.1800	94.8987	877.1375	95.0964	
27/08/2017	02:04:22	019004	G490120975HLR	L490	S		759.2719	1.0230	0.0000	99.8952	40.0318	0.8230	0.8268	4.0000	19.4923	0.0000	0.0000	0.0000	0.0000	0.9300	0.0000	0.0000	0.0000	0.0000	776.0363	1.0339	-3.3128	100.0145	39.7849	0.8230	0.8228	5.0000	-9999.0000	-9999.0000	-9999.0000	-9999.0000	-9999.0000	-9999.0000	21.1429	4	7	28.3626	1.0000	09	2	-9999.0000	31991	0	-9999	274	210	-9999	0.0000	0	0.0000	0.0000	0.0000	0.0000	0.0000	0.0000	0.0000	0.0000	0.0000	0.0000	0.0000	0.0000	0.0000	0.0000	0.0000	0.0000	
27/08/2017	02:05:54	019004	G490120998HLR	L490	S		753.8666	1.0230	0.0000	100.2356	39.8054	0.8230	0.8266	4.0000	19.7522	0.0000	0.0000	0.0000	0.0000	0.9300	0.0000	0.0000	0.0000	0.0000	772.0351	1.0339	-3.1693	99.9833	39.4359	0.8230	0.8231	5.0000	-9999.0000	-9999.0000	-9999.0000	-9999.0000	-9999.0000	-9999.0000	25.1826	5	7	92.9811	1.0000	09	2	-9999.0000	31992	0	-9999	275	211	-9999	0.0000	0	0.0000	0.0000	0.0000	0.0000	0.0000	0.0000	0.0000	0.0000	0.0000	0.0000	0.0000	0.0000	0.0000	0.0000	0.0000	0.0000	
27/08/2017	02:06:20	019004	G490120989HLR	L490	S		760.0695	1.0230	0.0000	100.2221	39.8008	0.8230	0.8271	4.0000	19.3723	0.0000	0.0000	0.0000	0.0000	0.9300	0.0000	0.0000	0.0000	0.0000	777.2993	1.0339	-3.3581	100.0046	40.0512	0.8230	0.8239	5.0000	-9999.0000	-9999.0000	-9999.0000	-9999.0000	-9999.0000	-9999.0000	24.1422	6	7	25.8925	1.0000	09	2	-9999.0000	31993	0	-9999	276	212	-9999	0.0000	0	0.0000	0.0000	0.0000	0.0000	0.0000	0.0000	0.0000	0.0000	0.0000	0.0000	0.0000	0.0000	0.0000	0.0000	0.0000	0.0000	
27/08/2017	02:07:23	019004	G490121018HLR	L490	S		762.1550	1.0230	0.0000	99.8549	40.0512	0.8230	0.8273	4.0000	19.2217	925.0913	94.9646	10.1613	24.8000	0.9300	0.9269	0.7479	-0.0021	925.0000	924.8480	1.0339	-6.0862	100.0009	39.7077	0.8230	0.8234	5.0000	-9999.0000	-9999.0000	-9999.0000	-9999.0000	-9999.0000	-9999.0000	22.5621	7	0	62.1975	1.0000	09	2	-9999.0000	31994	68395	-9999	277	213	-9999	672.3609	5	0.7282	0.7479	-0.0021	178.8767	-1.9896	863.8754	287.3895	36.8611	769.1004	95.7774	848.7111	95.1403	862.3955	95.1403	873.7624	95.1843	
27/08/2017	02:07:47	019004	G490121008HLR	L490	S		758.9297	1.0230	0.0000	100.1492	40.0507	0.8230	0.8273	4.0000	19.2423	0.0000	0.0000	0.0000	0.0000	0.9300	0.0000	0.0000	0.0000	0.0000	776.1548	1.0339	-3.3170	100.0409	40.1012	0.8230	0.8237	5.0000	-9999.0000	-9999.0000	-9999.0000	-9999.0000	-9999.0000	-9999.0000	20.4829	8	7	24.2418	1.0000	09	2	-9999.0000	31995	0	-9999	278	214	-9999	0.0000	0	0.0000	0.0000	0.0000	0.0000	0.0000	0.0000	0.0000	0.0000	0.0000	0.0000	0.0000	0.0000	0.0000	0.0000	0.0000	0.0000	
27/08/2017	02:08:16	019004	G490121017HLR	L490	S		766.6463	1.0230	0.0000	99.7389	39.8827	0.8230	0.8268	4.0000	19.0021	925.1062	94.6790	8.8311	24.9000	0.9300	0.9269	0.7479	-0.0021	925.0000	926.0839	1.0339	-6.0596	100.0442	39.4635	0.8230	0.8226	5.0000	-9999.0000	-9999.0000	-9999.0000	-9999.0000	-9999.0000	-9999.0000	20.9525	1	0	28.8637	1.0000	09	2	-9999.0000	31996	68396	-9999	279	215	-9999	674.9457	5	0.7282	0.7479	-0.0021	178.8767	-1.9896	873.6980	293.5925	36.8391	772.2693	95.5577	858.3768	94.6790	872.0897	94.7010	884.5173	94.9866	
27/08/2017	02:08:39	019004	G490121024HLR	L490	S		764.3859	1.0230	0.0000	100.1614	39.8502	0.8230	0.8271	4.0000	19.1818	925.1652	95.0085	9.8214	24.7000	0.9300	0.9267	0.7479	-0.0021	925.0000	924.6299	1.0339	-6.0909	99.9970	39.8957	0.8230	0.8236	5.0000	-9999.0000	-9999.0000	-9999.0000	-9999.0000	-9999.0000	-9999.0000	25.3926	2	0	23.5123	1.0000	09	2	-9999.0000	31996	68397	-9999	280	216	-9999	673.0923	5	0.7282	0.7479	-0.0021	178.8767	-1.9896	866.5120	290.9862	35.5431	770.7429	95.8653	850.9641	94.9646	865.0298	95.0085	876.9540	95.1184	
27/08/2017	02:09:04	019004	G490121021HLR	L490	S		757.5365	1.0230	0.0000	99.9733	39.6661	0.8230	0.8266	4.0000	20.5617	0.0000	0.0000	0.0000	0.0000	0.9300	0.0000	0.0000	0.0000	0.0000	775.4354	1.0339	-3.2912	99.9846	40.1556	0.8230	0.8233	5.0000	-9999.0000	-9999.0000	-9999.0000	-9999.0000	-9999.0000	-9999.0000	20.3215	3	7	24.5028	1.0000	09	2	-9999.0000	31997	0	-9999	281	217	-9999	0.0000	0	0.0000	0.0000	0.0000	0.0000	0.0000	0.0000	0.0000	0.0000	0.0000	0.0000	0.0000	0.0000	0.0000	0.0000	0.0000	0.0000	
27/08/2017	02:09:27	019004	G490121028HLR	L490	S		762.6159	1.0230	0.0000	100.0192	39.9464	0.8230	0.8274	4.0000	19.4015	925.1368	94.6571	8.6406	24.8000	0.9300	0.9268	0.7476	-0.0020	925.0000	925.4208	1.0339	-6.0739	100.0312	39.7610	0.8230	0.8224	5.0000	-9999.0000	-9999.0000	-9999.0000	-9999.0000	-9999.0000	-9999.0000	20.9927	4	0	23.8327	1.0000	09	2	-9999.0000	31998	68398	-9999	282	218	-9999	675.4341	5	0.7284	0.7476	-0.0020	168.0350	-0.7699	876.2607	292.7505	37.0369	779.0399	95.9312	859.9811	95.0085	874.6225	95.0305	887.2902	95.1403	
27/08/2017	02:10:16	019004	G490121010HLR	L490	S		765.4133	1.0230	0.0000	100.1305	39.6410	0.8230	0.8271	4.0000	19.2716	925.1728	94.9866	9.9113	24.8000	0.9300	0.9268	0.7455	-0.0018	925.0000	925.0108	1.0339	-6.0827	100.0160	39.8680	0.8230	0.8229	5.0000	-9999.0000	-9999.0000	-9999.0000	-9999.0000	-9999.0000	-9999.0000	23.1627	6	0	22.3133	1.0000	09	2	-9999.0000	32000	68399	-9999	284	219	-9999	672.9699	5	0.7283	0.7455	-0.0018	177.5355	-1.8299	866.9471	303.8827	35.5870	773.1134	95.7554	851.1437	94.8108	865.4345	94.8548	876.8753	95.0964	
27/08/2017	02:11:28	019004	G490121032HLR	L490	S		770.4381	1.0230	0.0000	99.9041	39.8111	0.8230	0.8260	4.0000	20.6117	925.1665	94.8328	9.4903	24.7000	0.9300	0.9268	0.7464	-0.0019	925.0000	924.3714	1.0339	-6.0964	99.9629	39.5720	0.8230	0.8227	5.0000	-9999.0000	-9999.0000	-9999.0000	-9999.0000	-9999.0000	-9999.0000	23.6530	1	0	22.3023	1.0000	09	2	-9999.0000	32002	68400	-9999	287	220	-9999	673.8446	5	0.7284	0.7464	-0.0019	177.7196	-1.8452	871.2246	296.4883	37.3444	780.5093	95.8872	855.6647	95.0305	869.7453	95.0744	881.4646	95.2062	
27/08/2017	02:12:16	019004	G490121005HLR	L490	S		771.5182	1.0230	0.0000	100.1100	40.0512	0.8230	0.8275	4.0000	19.0714	925.1644	94.8548	9.4415	24.9000	0.9300	0.9272	0.7457	-0.0018	925.0000	924.5334	1.0339	-6.0929	100.0336	40.0572	0.8230	0.8229	5.0000	-9999.0000	-9999.0000	-9999.0000	-9999.0000	-9999.0000	-9999.0000	21.7222	3	0	23.1724	1.0000	09	2	-9999.0000	32004	68401	-9999	289	221	-9999	674.0054	5	0.7285	0.7457	-0.0018	179.2746	-2.0010	872.3291	318.2655	37.9375	786.0239	95.8872	857.3960	95.2062	870.9338	95.2282	882.8661	95.2282	
27/08/2017	02:13:11	019004	G490121030HLR	L490	S		760.3637	1.0230	0.0000	99.8353	39.9487	0.8230	0.8267	4.0000	19.3322	0.0000	0.0000	0.0000	0.0000	0.9300	0.0000	0.0000	0.0000	0.0000	777.5174	1.0339	-3.3659	99.9756	39.6025	0.8230	0.8229	5.0000	-9999.0000	-9999.0000	-9999.0000	-9999.0000	-9999.0000	-9999.0000	23.3434	5	7	28.3439	1.0000	09	2	-9999.0000	32006	0	-9999	291	222	-9999	0.0000	0	0.0000	0.0000	0.0000	0.0000	0.0000	0.0000	0.0000	0.0000	0.0000	0.0000	0.0000	0.0000	0.0000	0.0000	0.0000	0.0000	
27/08/2017	02:13:37	019004	G490119410HLR	L490	S		764.8331	1.0230	0.0000	100.2982	39.8461	0.8230	0.8270	4.0000	18.9220	925.1146	94.7230	7.6806	24.8000	0.9300	0.9268	0.7455	-0.0018	925.0000	925.0220	1.0339	-6.0824	100.0088	39.8461	0.8230	0.8232	5.0000	-9999.0000	-9999.0000	-9999.0000	-9999.0000	-9999.0000	-9999.0000	24.9129	6	0	25.8223	1.0000	09	3	-9999.0000	32007	68402	-9999	292	223	-9999	676.9782	5	0.7288	0.7455	-0.0018	175.0078	-1.5236	885.8925	300.8663	37.5860	791.4369	95.8653	869.8533	95.1403	884.3902	95.1623	896.2215	95.1843	
27/08/2017	02:16:25	019004	G490121019HLR	L490	S		759.7286	1.0230	0.0000	99.8607	39.9487	0.8230	0.8273	4.0000	19.0919	0.0000	0.0000	0.0000	0.0000	0.9300	0.0000	0.0000	0.0000	0.0000	776.2783	1.0339	-3.3215	99.9956	39.9708	0.8230	0.8230	5.0000	-9999.0000	-9999.0000	-9999.0000	-9999.0000	-9999.0000	-9999.0000	22.6119	7	7	167.6488	1.0000	09	2	-9999.0000	32008	0	-9999	293	224	-9999	0.0000	0	0.0000	0.0000	0.0000	0.0000	0.0000	0.0000	0.0000	0.0000	0.0000	0.0000	0.0000	0.0000	0.0000	0.0000	0.0000	0.0000	
27/08/2017	02:16:47	019004	G490121011HLR	L490	S		755.6400	1.0230	0.0000	100.0750	40.0489	0.8230	0.8269	4.0000	19.8224	0.0000	0.0000	0.0000	0.0000	0.9300	0.0000	0.0000	0.0000	0.0000	773.7319	1.0339	-3.2301	99.9940	39.7951	0.8230	0.8229	5.0000	-9999.0000	-9999.0000	-9999.0000	-9999.0000	-9999.0000	-9999.0000	20.1721	8	7	22.4223	1.0000	09	2	-9999.0000	32009	0	-9999	294	225	-9999	0.0000	0	0.0000	0.0000	0.0000	0.0000	0.0000	0.0000	0.0000	0.0000	0.0000	0.0000	0.0000	0.0000	0.0000	0.0000	0.0000	0.0000	
27/08/2017	02:17:44	019004	G490120994HLR	L490	S		759.9699	1.0230	0.0000	99.9458	39.9487	0.8230	0.8270	4.0000	19.0919	0.0000	0.0000	0.0000	0.0000	0.9300	0.0000	0.0000	0.0000	0.0000	776.4069	1.0339	-3.3261	99.9294	39.5051	0.8230	0.8232	5.0000	-9999.0000	-9999.0000	-9999.0000	-9999.0000	-9999.0000	-9999.0000	20.4417	2	7	24.5526	1.0000	09	2	-9999.0000	32010	0	-9999	296	226	-9999	0.0000	0	0.0000	0.0000	0.0000	0.0000	0.0000	0.0000	0.0000	0.0000	0.0000	0.0000	0.0000	0.0000	0.0000	0.0000	0.0000	0.0000	
27/08/2017	02:18:09	019004	G490119428HLR	L490	S		763.6559	1.0230	0.0000	100.0718	39.9487	0.8230	0.8269	4.0000	19.4924	925.1410	95.1843	9.7013	24.7000	0.9300	0.9268	0.7457	-0.0018	925.0000	925.5596	1.0339	-6.0709	100.0015	40.0512	0.8230	0.8236	5.0000	-9999.0000	-9999.0000	-9999.0000	-9999.0000	-9999.0000	-9999.0000	21.2620	3	0	24.2724	1.0000	09	3	-9999.0000	32011	68403	-9999	297	227	-9999	673.6473	5	0.7288	0.7457	-0.0018	163.8803	-0.4056	868.2249	292.6899	35.4772	776.1624	95.5577	853.2987	94.7889	866.8888	94.8548	878.3205	94.9866	
27/08/2017	02:18:38	019004	G490119422HLR	L490	S		748.5809	1.0230	0.0000	99.9815	39.9487	0.8230	0.8272	4.0000	18.9122	0.0000	0.0000	0.0000	0.0000	0.9300	0.0000	0.0000	0.0000	0.0000	765.5467	1.0339	-2.9366	100.0299	39.9730	0.8230	0.8231	5.0000	-9999.0000	-9999.0000	-9999.0000	-9999.0000	-9999.0000	-9999.0000	20.9321	4	7	28.9230	1.0000	09	3	-9999.0000	32012	0	-9999	298	228	-9999	0.0000	0	0.0000	0.0000	0.0000	0.0000	0.0000	0.0000	0.0000	0.0000	0.0000	0.0000	0.0000	0.0000	0.0000	0.0000	0.0000	0.0000	
27/08/2017	02:19:03	019004	G490119429HLR	L490	S		765.9979	1.0230	0.0000	99.9575	39.9113	0.8230	0.8270	4.0000	19.1418	925.1009	94.7010	8.5010	24.8000	0.9300	0.9269	0.7457	-0.0018	925.0000	926.6559	1.0339	-6.0473	100.0011	39.5384	0.8230	0.8225	5.0000	-9999.0000	-9999.0000	-9999.0000	-9999.0000	-9999.0000	-9999.0000	25.6424	5	0	25.2528	1.0000	09	3	-9999.0000	32012	68404	-9999	298	229	-9999	675.6319	5	0.7288	0.7457	-0.0018	163.8803	-0.4056	879.3952	285.9326	34.4008	780.5501	95.6456	863.3320	95.0085	877.8683	95.0525	889.7587	95.1184	
27/08/2017	02:19:27	019004	G490119495HLR	L490	S		763.0557	1.0230	0.0000	100.0152	39.7640	0.8230	0.8271	4.0000	19.0617	925.1985	94.7449	8.1005	24.8000	0.9300	0.9269	0.7457	-0.0018	925.0000	924.9113	1.0339	-6.0848	100.0211	39.8461	0.8230	0.8232	5.0000	-9999.0000	-9999.0000	-9999.0000	-9999.0000	-9999.0000	-9999.0000	21.7816	6	0	24.1035	1.0000	09	3	-9999.0000	32013	68405	-9999	299	230	-9999	676.4018	5	0.7288	0.7457	-0.0018	163.8803	-0.4056	881.1090	311.7131	36.7952	785.1405	95.8872	865.3736	95.0085	879.6218	95.0305	891.8317	95.1623	
27/08/2017	02:19:51	019004	G490119415HLR	L490	S		773.9795	1.0230	0.0000	99.8532	40.0512	0.8230	0.8272	4.0000	19.6428	925.1035	94.9426	9.1309	24.8000	0.9300	0.9269	0.7465	-0.0019	925.0000	926.0870	1.0339	-6.0596	99.9672	39.9958	0.8230	0.8227	5.0000	-9999.0000	-9999.0000	-9999.0000	-9999.0000	-9999.0000	-9999.0000	20.7922	7	0	24.0923	1.0000	09	3	-9999.0000	32013	68406	-9999	300	231	-9999	674.5456	5	0.7287	0.7465	-0.0019	159.1189	0.1627	874.0373	328.6185	37.1687	790.8239	95.7774	858.6850	95.0525	872.6423	95.0744	883.8010	95.1623	
27/08/2017	02:20:15	019004	G490119456HLR	L490	S		767.0244	1.0230	0.0000	99.7184	40.0001	0.8230	0.8265	4.0000	20.1927	925.1717	94.8328	9.1407	24.9000	0.9300	0.9270	0.7465	-0.0019	925.0000	922.9839	1.0339	-6.1262	100.0681	39.7722	0.8230	0.8224	5.0000	-9999.0000	-9999.0000	-9999.0000	-9999.0000	-9999.0000	-9999.0000	20.6623	8	0	24.1132	1.0000	09	3	-9999.0000	32014	68407	-9999	301	232	-9999	674.5795	5	0.7287	0.7465	-0.0019	159.1189	0.1627	873.0323	321.7353	38.3988	786.6998	95.8872	857.9909	95.1403	871.5925	95.1184	883.3870	95.1843	
27/08/2017	02:20:48	019004	G490119420HLR	L490	S		751.7931	1.0230	0.0000	100.0055	39.8425	0.8230	0.8268	4.0000	19.3420	0.0000	0.0000	0.0000	0.0000	0.9300	0.0000	0.0000	0.0000	0.0000	768.4573	1.0339	-3.0410	100.0898	39.7788	0.8230	0.8232	5.0000	-9999.0000	-9999.0000	-9999.0000	-9999.0000	-9999.0000	-9999.0000	20.9016	1	7	32.9636	1.0000	09	3	-9999.0000	32015	0	-9999	302	233	-9999	0.0000	0	0.0000	0.0000	0.0000	0.0000	0.0000	0.0000	0.0000	0.0000	0.0000	0.0000	0.0000	0.0000	0.0000	0.0000	0.0000	0.0000	
27/08/2017	02:21:12	019004	G490119467HLR	L490	S		768.2898	1.0230	0.0000	99.9637	39.9487	0.8230	0.8271	4.0000	19.4317	925.1297	94.9646	9.8810	24.8000	0.9300	0.9269	0.7450	-0.0017	925.0000	923.4270	1.0339	-6.1167	99.9479	39.9487	0.8230	0.8229	5.0000	-9999.0000	-9999.0000	-9999.0000	-9999.0000	-9999.0000	-9999.0000	29.4935	2	0	23.8824	1.0000	09	3	-9999.0000	32016	68408	-9999	303	234	-9999	673.3645	5	0.7292	0.7450	-0.0017	163.7100	-0.3321	869.3254	300.8901	35.8067	775.3972	96.0190	853.5290	95.2941	867.9165	95.2941	879.1240	95.2282	
27/08/2017	02:21:36	019004	G490119464HLR	L490	S		766.5440	1.0230	0.0000	99.9348	40.0239	0.8230	0.8271	4.0000	19.2218	925.0864	94.6790	8.4512	24.7000	0.9300	0.9266	0.7455	-0.0018	925.0000	925.5051	1.0339	-6.0721	100.0455	39.8684	0.8230	0.8226	5.0000	-9999.0000	-9999.0000	-9999.0000	-9999.0000	-9999.0000	-9999.0000	20.6029	3	0	24.4628	1.0000	09	3	-9999.0000	32017	68409	-9999	304	235	-9999	675.6851	5	0.7292	0.7455	-0.0018	172.2585	-1.4688	878.9129	314.8431	37.7618	784.4273	95.8653	862.9024	95.0525	877.2807	95.0085	889.3359	95.1403	
27/08/2017	02:22:00	019004	G490119478HLR	L490	S		773.1036	1.0230	0.0000	100.0845	39.9487	0.8230	0.8269	4.0000	19.0928	925.1145	94.8987	9.3604	24.8000	0.9300	0.9268	0.7454	-0.0018	925.0000	925.0334	1.0339	-6.0822	100.0300	39.8428	0.8230	0.8227	5.0000	-9999.0000	-9999.0000	-9999.0000	-9999.0000	-9999.0000	-9999.0000	21.0228	4	0	23.9929	1.0000	09	3	-9999.0000	32018	68410	-9999	305	236	-9999	674.2707	5	0.7295	0.7454	-0.0018	178.3227	-2.2400	872.7581	314.1936	36.9270	780.8916	96.1508	857.8845	95.2062	871.3066	95.2062	882.6759	95.2502	
27/08/2017	02:22:28	019004	G490119485HLR	L490	S		768.5128	1.0230	0.0000	99.9550	39.9228	0.8230	0.8270	4.0000	19.1115	925.1212	94.6790	8.4717	24.8000	0.9300	0.9268	0.7454	-0.0018	925.0000	925.5940	1.0339	-6.0701	100.0587	39.9569	0.8230	0.8230	5.0000	-9999.0000	-9999.0000	-9999.0000	-9999.0000	-9999.0000	-9999.0000	20.6320	5	0	27.2531	1.0000	09	3	-9999.0000	32019	68411	-9999	306	237	-9999	675.7402	5	0.7295	0.7454	-0.0018	178.3227	-2.2400	880.1887	309.5460	35.3454	785.2118	96.0630	864.7223	95.0525	878.7752	95.0744	889.9562	95.1623	
27/08/2017	02:22:55	019004	G490119499HLR	L490	S		768.7360	1.0230	0.0000	99.7952	39.9487	0.8230	0.8272	4.0000	18.9826	925.1716	95.0964	9.9015	24.7000	0.9300	0.9267	0.7436	-0.0016	925.0000	923.9505	1.0339	-6.1054	100.0318	39.8907	0.8230	0.8226	5.0000	-9999.0000	-9999.0000	-9999.0000	-9999.0000	-9999.0000	-9999.0000	23.7926	6	0	27.0323	1.0000	09	3	-9999.0000	32020	68412	-9999	307	237	-9999	673.7680	5	0.7294	0.7436	-0.0016	176.9688	-2.1509	870.2161	296.8444	35.7847	775.9860	96.0410	854.6989	95.1843	868.7469	95.2282	879.5128	95.2282	
27/08/2017	02:23:21	019004	G490119470HLR	L490	S		762.8607	1.0230	0.0000	100.0462	39.9732	0.8230	0.8270	4.0000	19.2024	925.1455	94.8108	9.6612	24.6000	0.9300	0.9266	0.7423	-0.0014	925.0000	925.2884	1.0339	-6.0767	100.0037	39.8461	0.8230	0.8226	5.0000	-9999.0000	-9999.0000	-9999.0000	-9999.0000	-9999.0000	-9999.0000	23.7225	7	0	26.6233	1.0000	09	3	-9999.0000	32021	68413	-9999	308	238	-9999	674.2281	5	0.7297	0.7423	-0.0014	188.1232	-3.4786	871.6813	312.8672	37.2565	777.6360	96.1289	856.9448	95.2062	870.3837	95.1623	881.7602	95.2282	
27/08/2017	02:23:45	019004	G490119314HLR	L490	S		774.4188	1.0230	0.0000	99.9873	39.9285	0.8230	0.8268	4.0000	19.4221	925.1077	94.6131	8.8213	24.7000	0.9300	0.9267	0.7425	-0.0014	925.0000	925.1344	1.0339	-6.0800	100.0288	39.9131	0.8230	0.8228	5.0000	-9999.0000	-9999.0000	-9999.0000	-9999.0000	-9999.0000	-9999.0000	23.1727	8	0	24.1930	1.0000	09	3	-9999.0000	32022	68414	-9999	309	239	-9999	675.2615	5	0.7297	0.7425	-0.0014	189.0435	-3.6061	878.3934	323.1520	35.3014	784.0881	95.8872	864.1692	94.9866	876.9433	94.9646	888.2639	95.1184	
27/08/2017	02:24:11	019004	G490119480HLR	L490	S		766.4926	1.0230	0.0000	99.9853	39.9487	0.8230	0.8270	4.0000	19.2229	925.1413	94.6571	8.1513	24.8000	0.9300	0.9268	0.7424	-0.0014	925.0000	925.7766	1.0339	-6.0662	100.0600	39.9755	0.8230	0.8227	5.0000	-9999.0000	-9999.0000	-9999.0000	-9999.0000	-9999.0000	-9999.0000	20.8918	1	0	25.5830	1.0000	09	3	-9999.0000	32023	68415	-9999	310	240	-9999	676.1590	5	0.7298	0.7424	-0.0014	186.6561	-3.3355	883.7151	314.1478	35.7628	784.8021	95.6895	868.6637	94.8108	882.3260	94.8108	894.2152	95.0525	
27/08/2017	02:24:38	019004	G490119502HLR	L490	S		765.7737	1.0230	0.0000	99.9878	39.9773	0.8230	0.8271	4.0000	19.2122	925.1428	95.1843	10.1515	24.8000	0.9300	0.9269	0.7387	-0.0010	925.0000	923.9500	1.0339	-6.1055	99.9573	39.8692	0.8230	0.8226	5.0000	-9999.0000	-9999.0000	-9999.0000	-9999.0000	-9999.0000	-9999.0000	22.1724	2	0	26.7726	1.0000	09	3	-9999.0000	32024	68416	-9999	311	241	-9999	673.9785	5	0.7295	0.7387	-0.0010	190.3273	-3.7279	871.1255	318.8433	36.2900	774.5171	95.8433	856.6352	94.9866	869.8031	95.0525	880.5631	95.1843	
27/08/2017	02:25:03	019004	G490119472HLR	L490	S		769.6548	1.0230	0.0000	99.9434	39.9855	0.8230	0.8270	4.0000	19.2521	925.1302	94.7669	9.5812	24.8000	0.9300	0.9269	0.7373	-0.0009	925.0000	924.1447	1.0339	-6.1013	100.0183	39.8897	0.8230	0.8230	5.0000	-9999.0000	-9999.0000	-9999.0000	-9999.0000	-9999.0000	-9999.0000	23.4927	3	0	25.4725	1.0000	09	3	-9999.0000	32025	68417	-9999	311	241	-9999	674.6223	5	0.7296	0.7373	-0.0009	190.3314	-3.7285	877.1501	312.1907	35.2355	782.5765	96.0410	862.5474	95.1843	875.8562	95.1403	886.1691	95.2062	
27/08/2017	02:25:27	019004	G490119463HLR	L490	S		768.5015	1.0230	0.0000	100.0245	39.9487	0.8230	0.8270	4.0000	19.1017	925.1554	94.7669	10.0206	24.8000	0.9300	0.9269	0.7390	-0.0010	925.0000	924.8065	1.0339	-6.0871	100.0265	39.9505	0.8230	0.8227	5.0000	-9999.0000	-9999.0000	-9999.0000	-9999.0000	-9999.0000	-9999.0000	22.0317	4	0	23.8435	1.0000	09	3	-9999.0000	32026	68418	-9999	312	242	-9999	674.2730	5	0.7297	0.7390	-0.0010	174.1588	-1.9967	872.9365	310.7218	37.1467	779.9874	95.9531	858.7767	95.2062	871.6326	95.1623	881.8349	95.2282	
27/08/2017	02:25:52	019004	G490119312HLR	L490	S		772.4562	1.0230	0.0000	99.9648	39.9487	0.8230	0.8270	4.0000	19.0823	925.0924	94.6131	8.3613	24.8000	0.9300	0.9268	0.7368	-0.0008	925.0000	925.6706	1.0339	-6.0685	99.9632	39.9737	0.8230	0.8227	5.0000	-9999.0000	-9999.0000	-9999.0000	-9999.0000	-9999.0000	-9999.0000	20.5715	5	0	24.5626	1.0000	09	3	-9999.0000	32027	68419	-9999	313	243	-9999	675.5250	5	0.7296	0.7368	-0.0008	179.2840	-2.5727	884.6559	317.8026	36.5536	792.4905	95.7774	870.5263	95.0305	883.3434	95.0085	893.6614	95.1184	
27/08/2017	02:26:17	019004	G490119324HLR	L490	S		764.9498	1.0230	0.0000	100.1138	39.9487	0.8230	0.8272	4.0000	18.9924	925.0703	94.7449	9.4014	24.8000	0.9300	0.9267	0.7354	-0.0006	925.0000	924.8421	1.0339	-6.0863	100.0922	39.9489	0.8230	0.8227	5.0000	-9999.0000	-9999.0000	-9999.0000	-9999.0000	-9999.0000	-9999.0000	21.1415	6	0	24.9322	1.0000	09	3	-9999.0000	32028	68420	-9999	314	244	-9999	674.9481	5	0.7297	0.7354	-0.0006	161.0903	-0.4984	879.4463	313.9800	35.1477	788.7431	96.0410	865.4541	95.0085	878.0790	95.0085	888.6006	95.1403	
27/08/2017	02:26:41	019004	G490119334HLR	L490	S		762.8251	1.0230	0.0000	99.9369	39.9487	0.8230	0.8271	4.0000	19.0518	925.1208	94.7449	9.6105	24.7000	0.9300	0.9265	0.7351	-0.0006	925.0000	928.3980	1.0339	-6.0099	100.0059	39.9487	0.8230	0.8229	5.0000	-9999.0000	-9999.0000	-9999.0000	-9999.0000	-9999.0000	-9999.0000	21.6725	7	0	24.7929	1.0000	09	3	-9999.0000	32029	68421	-9999	315	245	-9999	674.9064	5	0.7296	0.7351	-0.0006	162.0833	-0.6224	878.1046	317.5047	37.7178	786.9106	95.7554	864.8698	95.0085	876.8419	95.0305	886.8948	95.1403	
27/08/2017	02:27:06	019004	G490119349HLR	L490	S		773.5100	1.0230	0.0000	99.9698	39.9487	0.8230	0.8270	4.0000	19.0823	925.1010	94.6790	8.9512	24.7000	0.9300	0.9266	0.7347	-0.0005	925.0000	929.6873	1.0339	-5.9822	100.0644	39.9569	0.8230	0.8227	5.0000	-9999.0000	-9999.0000	-9999.0000	-9999.0000	-9999.0000	-9999.0000	21.3119	8	0	24.6833	1.0000	09	3	-9999.0000	32030	68422	-9999	316	246	-9999	675.2642	5	0.7296	0.7347	-0.0005	161.6224	-0.5537	884.2175	332.5053	37.6959	798.7690	95.9751	869.7095	95.3380	883.0113	95.2721	893.5239	95.2502	
27/08/2017	02:27:30	019004	G490119348HLR	L490	S		764.8337	1.0230	0.0000	99.9193	39.9487	0.8230	0.8270	4.0000	19.1819	925.1328	95.2941	11.3509	24.8000	0.9300	0.9268	0.7344	-0.0005	925.0000	925.5771	1.0339	-6.0705	100.0298	39.9413	0.8230	0.8227	5.0000	-9999.0000	-9999.0000	-9999.0000	-9999.0000	-9999.0000	-9999.0000	21.3921	1	0	24.1522	1.0000	09	3	-9999.0000	32031	68423	-9999	316	246	-9999	674.0070	5	0.7295	0.7344	-0.0005	149.2277	0.7056	866.3554	327.3141	36.6854	781.4933	96.0849	853.3880	95.3380	865.1777	95.3161	875.3312	95.2941	
27/08/2017	02:27:56	019004	G490119305HLR	L490	S		772.8725	1.0230	0.0000	100.3146	39.9487	0.8230	0.8269	4.0000	19.4010	925.0719	94.7449	9.7208	24.8000	0.9300	0.9268	0.7341	-0.0005	925.0000	928.9518	1.0339	-5.9980	100.0350	39.9634	0.8230	0.8227	5.0000	-9999.0000	-9999.0000	-9999.0000	-9999.0000	-9999.0000	-9999.0000	20.6431	2	0	26.1727	1.0000	09	3	-9999.0000	32032	68424	-9999	317	247	-9999	674.8552	5	0.7296	0.7341	-0.0005	148.7548	0.8549	878.9434	318.1872	36.5096	788.8744	95.9751	864.8140	95.1623	877.6381	95.1184	887.5960	95.1403	
27/08/2017	02:28:23	019004	G490120945HLR	L490	S		765.9466	1.0230	0.0000	100.1915	39.9487	0.8230	0.8267	4.0000	20.1321	925.1286	94.7669	9.7706	24.9000	0.9300	0.9269	0.7342	-0.0005	925.0000	926.3196	1.0339	-6.0546	99.9895	39.9487	0.8230	0.8227	5.0000	-9999.0000	-9999.0000	-9999.0000	-9999.0000	-9999.0000	-9999.0000	22.8824	3	0	26.4131	1.0000	09	3	-9999.0000	32033	68425	-9999	318	248	-9999	674.8820	5	0.7293	0.7342	-0.0005	143.2321	1.5047	877.7692	317.5302	37.6080	792.2760	95.8653	864.3100	95.0744	876.3903	95.0305	886.3379	95.1623	
27/08/2017	02:28:45	019004	G490120941HLR	L490	S		767.1196	1.0230	0.0000	99.8829	39.9487	0.8230	0.8269	4.0000	19.3625	925.0892	94.6571	9.2510	24.8000	0.9300	0.9267	0.7340	-0.0005	925.0000	926.4303	1.0339	-6.0522	99.9879	39.9174	0.8230	0.8226	5.0000	-9999.0000	-9999.0000	-9999.0000	-9999.0000	-9999.0000	-9999.0000	22.9127	4	0	22.6130	1.0000	09	3	-9999.0000	32034	68426	-9999	319	249	-9999	675.0892	5	0.7291	0.7340	-0.0005	138.2981	2.0679	881.6905	318.7109	35.7628	790.2798	95.9531	868.0360	95.1184	880.3972	95.0744	890.4720	95.1623	
27/08/2017	02:29:36	019004	G490119327HLR	L490	S		763.4359	1.0230	0.0000	100.3343	39.9487	0.8230	0.8268	4.0000	19.7121	925.1108	94.6131	8.3310	24.8000	0.9300	0.9267	0.7350	-0.0006	925.0000	924.4884	1.0339	-6.0939	100.0133	39.8461	0.8230	0.8228	5.0000	-9999.0000	-9999.0000	-9999.0000	-9999.0000	-9999.0000	-9999.0000	24.3035	6	0	22.4527	1.0000	09	3	-9999.0000	32036	68427	-9999	321	250	-9999	675.5352	5	0.7287	0.7350	-0.0006	146.6004	1.1644	885.9378	293.9959	36.0703	784.9123	95.6017	871.4062	94.9866	884.6093	95.0085	895.3955	95.1403	
27/08/2017	02:30:47	019004	G490120961HLR	L490	S		766.5077	1.0230	0.0000	99.9451	39.9487	0.8230	0.8269	4.0000	19.3722	925.1077	95.0305	9.6017	24.8000	0.9300	0.9269	0.7308	-0.0002	925.0000	922.6166	1.0339	-6.1341	100.0080	39.8557	0.8230	0.8228	5.0000	-9999.0000	-9999.0000	-9999.0000	-9999.0000	-9999.0000	-9999.0000	20.5629	1	0	24.3026	1.0000	09	3	-9999.0000	32039	68428	-9999	324	251	-9999	674.0202	5	0.7284	0.7308	-0.0002	139.2825	1.9476	880.3070	302.0995	36.4657	789.4472	95.8433	866.7028	95.1623	879.1223	95.2282	889.0476	95.1623	
27/08/2017	02:31:13	019004	G490120949HLR	L490	S		769.0573	1.0230	0.0000	100.2553	39.9487	0.8230	0.8268	4.0000	19.8323	925.1471	94.7449	9.6417	24.8000	0.9300	0.9268	0.7343	-0.0006	925.0000	925.7248	1.0339	-6.0673	100.0215	39.8461	0.8230	0.8230	5.0000	-9999.0000	-9999.0000	-9999.0000	-9999.0000	-9999.0000	-9999.0000	20.8921	2	0	26.4131	1.0000	09	3	-9999.0000	32040	68429	-9999	325	252	-9999	674.0969	5	0.7285	0.7343	-0.0006	148.6869	1.0665	877.9381	308.6361	36.3119	784.0868	95.8872	863.6848	95.0744	876.6122	95.0964	886.9089	95.1843	
27/08/2017	02:31:39	019004	G490120951HLR	L490	S		765.3296	1.0230	0.0000	100.4107	39.9487	0.8230	0.8270	4.0000	19.2424	925.1318	94.7230	9.6710	24.8000	0.9300	0.9269	0.7343	-0.0006	925.0000	923.3135	1.0339	-6.1191	100.0179	39.9653	0.8230	0.8229	5.0000	-9999.0000	-9999.0000	-9999.0000	-9999.0000	-9999.0000	-9999.0000	23.1431	3	0	26.3730	1.0000	09	3	-9999.0000	32041	68430	-9999	326	253	-9999	674.0608	5	0.7285	0.7343	-0.0006	148.6869	1.0665	876.8574	315.1791	36.2241	784.4421	95.8872	863.5240	94.9646	875.5924	94.9426	885.9629	95.1184	
27/08/2017	02:32:04	019004	G490120947HLR	L490	S		773.0006	1.0230	0.0000	100.2722	39.9487	0.8230	0.8269	4.0000	19.4123	925.1361	94.9866	10.7219	24.8000	0.9300	0.9269	0.7343	-0.0006	925.0000	926.4977	1.0339	-6.0507	100.0051	39.8795	0.8230	0.8225	5.0000	-9999.0000	-9999.0000	-9999.0000	-9999.0000	-9999.0000	-9999.0000	22.9335	4	0	24.8924	1.0000	09	3	-9999.0000	32042	68431	-9999	327	254	-9999	673.4809	5	0.7285	0.7343	-0.0006	148.6869	1.0665	871.8580	317.1579	36.9929	786.2421	95.8213	859.1166	95.0964	870.7051	95.0744	879.9676	95.2062	
27/08/2017	02:32:28	019004	G490119318HLR	L490	S		754.0500	1.0230	0.0000	100.0094	39.9487	0.8230	0.8271	4.0000	19.3821	0.0000	0.0000	0.0000	0.0000	0.9300	0.0000	0.0000	0.0000	0.0000	769.8257	1.0339	-3.0901	99.9822	39.7904	0.8230	0.8229	5.0000	-9999.0000	-9999.0000	-9999.0000	-9999.0000	-9999.0000	-9999.0000	21.6820	5	7	23.6530	1.0000	09	3	-9999.0000	32043	0	-9999	328	255	-9999	0.0000	0	0.0000	0.0000	0.0000	0.0000	0.0000	0.0000	0.0000	0.0000	0.0000	0.0000	0.0000	0.0000	0.0000	0.0000	0.0000	0.0000	
27/08/2017	02:33:19	019004	G490119331HLR	L490	S		765.6848	1.0230	0.0000	100.3426	39.9937	0.8230	0.8269	4.0000	19.5021	925.0995	94.6571	8.7314	24.8000	0.9300	0.9267	0.7326	-0.0004	925.0000	922.9986	1.0339	-6.1259	100.0082	39.9743	0.8230	0.8227	5.0000	-9999.0000	-9999.0000	-9999.0000	-9999.0000	-9999.0000	-9999.0000	20.8421	7	0	26.7238	1.0000	09	3	-9999.0000	32045	68432	-9999	330	256	-9999	674.3833	5	0.7285	0.7326	-0.0004	155.2913	0.3703	885.0364	300.3623	36.7732	792.1653	95.6017	871.2373	95.0744	883.9032	95.0744	893.7706	95.1184	
27/08/2017	02:33:42	019004	G490120964HLR	L490	S		756.3108	1.0230	0.0000	100.0519	40.0072	0.8230	0.8270	4.0000	19.2520	0.0000	0.0000	0.0000	0.0000	0.9300	0.0000	0.0000	0.0000	0.0000	773.1705	1.0339	-3.2100	100.0213	39.7331	0.8230	0.8229	5.0000	-9999.0000	-9999.0000	-9999.0000	-9999.0000	-9999.0000	-9999.0000	23.4323	8	7	23.2224	1.0000	09	3	-9999.0000	32046	0	-9999	331	257	-9999	0.0000	0	0.0000	0.0000	0.0000	0.0000	0.0000	0.0000	0.0000	0.0000	0.0000	0.0000	0.0000	0.0000	0.0000	0.0000	0.0000	0.0000	
27/08/2017	02:36:44	019004	G490121022HLR	L490	S		763.8850	1.0230	0.0000	100.2003	39.9610	0.8230	0.8267	4.0000	19.9718	925.1561	94.7010	8.2617	24.7000	0.9300	0.9267	0.7397	-0.0011	925.0000	925.6058	1.0339	-6.0699	99.9979	39.8007	0.8230	0.8232	5.0000	-9999.0000	-9999.0000	-9999.0000	-9999.0000	-9999.0000	-9999.0000	23.8524	5	0	86.8799	1.0000	09	3	-9999.0000	32051	68433	-9999	336	258	-9999	675.9616	5	0.7289	0.7397	-0.0011	182.7809	-2.6665	883.5505	284.2381	35.9605	784.7871	95.5358	868.0080	94.8328	882.1553	94.9207	893.8204	95.0964	
27/08/2017	02:37:10	019004	G490120978HLR	L490	S		750.8599	1.0230	0.0000	100.2753	39.9487	0.8230	0.8271	4.0000	19.1222	0.0000	0.0000	0.0000	0.0000	0.9300	0.0000	0.0000	0.0000	0.0000	768.3272	1.0339	-3.0363	100.0119	40.0021	0.8230	0.8235	5.0000	-9999.0000	-9999.0000	-9999.0000	-9999.0000	-9999.0000	-9999.0000	20.6329	6	7	25.8230	1.0000	09	3	-9999.0000	32052	0	-9999	337	259	-9999	0.0000	0	0.0000	0.0000	0.0000	0.0000	0.0000	0.0000	0.0000	0.0000	0.0000	0.0000	0.0000	0.0000	0.0000	0.0000	0.0000	0.0000	
27/08/2017	02:37:40	019004	G490121029HLR	L490	S		769.4787	1.0230	0.0000	100.3036	39.9487	0.8230	0.8267	4.0000	20.1321	925.1618	95.1184	9.9210	24.9000	0.9300	0.9270	0.7397	-0.0011	925.0000	926.9611	1.0339	-6.0408	99.9702	39.6443	0.8230	0.8231	5.0000	-9999.0000	-9999.0000	-9999.0000	-9999.0000	-9999.0000	-9999.0000	22.2427	7	0	29.7633	1.0000	09	3	-9999.0000	32053	68434	-9999	338	260	-9999	674.2442	5	0.7289	0.7397	-0.0011	182.7809	-2.6665	872.3024	297.5097	35.6749	776.1702	95.6676	857.5329	94.9646	870.8849	95.0525	881.9742	95.0964	
27/08/2017	02:38:03	019004	G490121020HLR	L490	S		776.9698	1.0230	0.0000	99.8680	39.9855	0.8230	0.8270	4.0000	19.0617	925.0951	94.7889	9.7706	24.8000	0.9300	0.9268	0.7397	-0.0011	925.0000	926.1127	1.0339	-6.0590	99.9586	39.9520	0.8230	0.8231	5.0000	-9999.0000	-9999.0000	-9999.0000	-9999.0000	-9999.0000	-9999.0000	26.3827	8	0	23.3618	1.0000	09	3	-9999.0000	32054	68435	-9999	339	261	-9999	674.3541	5	0.7289	0.7397	-0.0011	182.7809	-2.6665	873.4983	320.0736	36.7293	777.5972	95.9971	859.9607	95.1184	872.2356	95.0744	882.5522	95.1623	
27/08/2017	02:38:27	019004	G490120980HLR	L490	S		759.0362	1.0230	0.0000	99.9635	39.9809	0.8230	0.8267	4.0000	20.0921	0.0000	0.0000	0.0000	0.0000	0.9300	0.0000	0.0000	0.0000	0.0000	776.3070	1.0339	-3.3225	100.0318	39.9157	0.8230	0.8230	5.0000	-9999.0000	-9999.0000	-9999.0000	-9999.0000	-9999.0000	-9999.0000	20.1926	1	7	24.2031	1.0000	09	3	-9999.0000	32055	0	-9999	340	262	-9999	0.0000	0	0.0000	0.0000	0.0000	0.0000	0.0000	0.0000	0.0000	0.0000	0.0000	0.0000	0.0000	0.0000	0.0000	0.0000	0.0000	0.0000	
27/08/2017	02:38:59	019004	G490120984HLR	L490	S		756.5738	1.0230	0.0000	100.1241	39.9633	0.8230	0.8269	4.0000	19.7023	0.0000	0.0000	0.0000	0.0000	0.9300	0.0000	0.0000	0.0000	0.0000	773.7095	1.0339	-3.2293	100.0350	39.6699	0.8230	0.8229	5.0000	-9999.0000	-9999.0000	-9999.0000	-9999.0000	-9999.0000	-9999.0000	20.9222	2	7	31.7339	1.0000	09	3	-9999.0000	32056	0	-9999	341	262	-9999	0.0000	0	0.0000	0.0000	0.0000	0.0000	0.0000	0.0000	0.0000	0.0000	0.0000	0.0000	0.0000	0.0000	0.0000	0.0000	0.0000	0.0000	
27/08/2017	02:39:23	019004	G490120974HLR	L490	S		759.0705	1.0230	0.0000	100.0696	39.7435	0.8230	0.8270	4.0000	19.5022	0.0000	0.0000	0.0000	0.0000	0.9300	0.0000	0.0000	0.0000	0.0000	775.8580	1.0339	-3.3064	100.0867	39.8639	0.8230	0.8236	5.0000	-9999.0000	-9999.0000	-9999.0000	-9999.0000	-9999.0000	-9999.0000	20.3422	3	7	24.0124	1.0000	09	3	-9999.0000	32057	0	-9999	342	263	-9999	0.0000	0	0.0000	0.0000	0.0000	0.0000	0.0000	0.0000	0.0000	0.0000	0.0000	0.0000	0.0000	0.0000	0.0000	0.0000	0.0000	0.0000	
27/08/2017	02:39:47	019004	G490120988HLR	L490	S		755.8425	1.0230	0.0000	99.9769	39.9487	0.8230	0.8275	4.0000	19.2217	0.0000	0.0000	0.0000	0.0000	0.9300	0.0000	0.0000	0.0000	0.0000	771.8586	1.0339	-3.1630	99.9987	40.0433	0.8230	0.8231	5.0000	-9999.0000	-9999.0000	-9999.0000	-9999.0000	-9999.0000	-9999.0000	20.6128	4	7	24.3328	1.0000	09	3	-9999.0000	32058	0	-9999	343	264	-9999	0.0000	0	0.0000	0.0000	0.0000	0.0000	0.0000	0.0000	0.0000	0.0000	0.0000	0.0000	0.0000	0.0000	0.0000	0.0000	0.0000	0.0000	
27/08/2017	02:40:14	019004	G490121007HLR	L490	S		764.9835	1.0230	0.0000	100.0306	40.1246	0.8230	0.8267	4.0000	20.0920	925.1763	94.7889	10.0314	24.6000	0.9300	0.9267	0.7438	-0.0016	925.0000	925.0896	1.0339	-6.0810	100.0920	39.7628	0.8230	0.8225	5.0000	-9999.0000	-9999.0000	-9999.0000	-9999.0000	-9999.0000	-9999.0000	21.0024	5	0	25.5127	1.0000	09	3	-9999.0000	32059	68436	-9999	344	265	-9999	673.6091	5	0.7292	0.7438	-0.0016	184.8319	-2.8747	868.3713	286.1857	34.9500	775.5009	95.6456	853.4024	95.0744	866.9751	95.0964	878.3061	95.1623	
27/08/2017	02:40:39	019004	G490120999HLR	L490	S		769.7518	1.0230	0.0000	100.2402	39.9166	0.8230	0.8268	4.0000	19.0723	925.1334	94.6790	9.3214	24.7000	0.9300	0.9267	0.7438	-0.0016	925.0000	927.9423	1.0339	-6.0197	100.0266	39.8461	0.8230	0.8229	5.0000	-9999.0000	-9999.0000	-9999.0000	-9999.0000	-9999.0000	-9999.0000	22.1323	6	0	24.6131	1.0000	09	3	-9999.0000	32059	68437	-9999	345	266	-9999	674.6087	5	0.7292	0.7438	-0.0016	184.8319	-2.8747	873.5305	313.4268	37.5641	780.2135	95.8213	859.0413	95.0305	872.0807	95.0085	883.3107	95.1184	
27/08/2017	02:41:03	019004	G490121001HLR	L490	S		769.8320	1.0230	0.0000	99.8943	39.8428	0.8230	0.8267	4.0000	19.8517	925.1053	94.7449	9.7208	24.8000	0.9300	0.9269	0.7438	-0.0016	925.0000	925.2624	1.0339	-6.0773	100.0576	40.0013	0.8230	0.8228	5.0000	-9999.0000	-9999.0000	-9999.0000	-9999.0000	-9999.0000	-9999.0000	21.3520	7	0	24.7127	1.0000	09	3	-9999.0000	32060	68438	-9999	346	267	-9999	674.0023	5	0.7292	0.7438	-0.0016	184.8319	-2.8747	870.6339	303.9669	34.9500	775.5933	95.7554	855.4832	94.9646	869.3055	94.9646	880.6699	95.1403	
27/08/2017	02:41:22	019004	G490121013HLR	L490	S		775.7457	1.0230	0.0000	99.9689	40.0512	0.8230	0.8270	4.0000	19.7620	925.1134	94.7669	9.8615	24.8000	0.9300	0.9269	0.7438	-0.0016	925.0000	925.3442	1.0339	-6.0755	100.0334	39.8719	0.8230	0.8225	5.0000	-9999.0000	-9999.0000	-9999.0000	-9999.0000	-9999.0000	-9999.0000	21.2425	8	0	18.5616	1.0000	09	3	-9999.0000	32061	68439	-9999	347	268	-9999	673.7975	5	0.7292	0.7438	-0.0016	184.8319	-2.8747	870.0140	310.8641	36.2460	777.7654	95.8872	855.1054	95.0525	868.6238	95.0085	879.7790	95.1623	
27/08/2017	02:42:11	019004	G490121012HLR	L490	S		774.5853	1.0230	0.0000	100.0392	39.9062	0.8230	0.8269	4.0000	19.0821	925.1074	94.7010	9.7110	24.7000	0.9300	0.9268	0.7431	-0.0015	925.0000	926.0306	1.0339	-6.0608	100.0689	39.8740	0.8230	0.8228	5.0000	-9999.0000	-9999.0000	-9999.0000	-9999.0000	-9999.0000	-9999.0000	21.4115	2	0	23.8131	1.0000	09	3	-9999.0000	32063	68440	-9999	349	269	-9999	674.0559	5	0.7287	0.7431	-0.0015	179.9322	-2.3431	870.8794	296.6207	36.7293	773.8924	95.5797	856.0288	94.9866	869.7124	95.0085	880.7126	95.1184	
27/08/2017	02:42:26	019004	G490121023HLR	L490	S		770.2709	1.0230	0.0000	99.9563	39.9249	0.8230	0.8267	4.0000	20.2122	925.1604	94.6790	9.1016	24.7000	0.9300	0.9267	0.7433	-0.0015	925.0000	925.5269	1.0339	-6.0716	100.0788	39.8641	0.8230	0.8229	5.0000	-9999.0000	-9999.0000	-9999.0000	-9999.0000	-9999.0000	-9999.0000	20.5522	3	0	15.8623	1.0000	09	3	-9999.0000	32064	68441	-9999	350	270	-9999	674.8361	5	0.7285	0.7433	-0.0015	180.5069	-2.4141	875.0305	310.7832	37.3005	779.5044	95.7994	860.2907	95.1184	873.7178	95.0964	885.4463	95.1843	
27/08/2017	02:44:15	019004	G490121003HLR	L490	S		759.3977	1.0230	0.0000	99.9780	39.9487	0.8230	0.8274	4.0000	19.2120	0.0000	0.0000	0.0000	0.0000	0.9300	0.0000	0.0000	0.0000	0.0000	772.2467	1.0339	-3.1769	100.0844	39.8461	0.8230	0.8237	5.0000	-9999.0000	-9999.0000	-9999.0000	-9999.0000	-9999.0000	-9999.0000	20.2229	1	7	15.8418	1.0000	09	3	-9999.0000	32065	0	-9999	351	271	-9999	0.0000	0	0.0000	0.0000	0.0000	0.0000	0.0000	0.0000	0.0000	0.0000	0.0000	0.0000	0.0000	0.0000	0.0000	0.0000	0.0000	0.0000	
27/08/2017	02:51:08	019004	G490119375HLR	L490	S		765.7147	1.0230	0.0000	100.0190	39.8461	0.8230	0.8273	4.0000	18.9122	925.1414	95.2062	11.1106	24.7000	0.9300	0.9270	0.7435	-0.0016	925.0000	924.5089	1.0339	-6.0935	99.9535	39.8461	0.8230	0.8234	5.0000	-9999.0000	-9999.0000	-9999.0000	-9999.0000	-9999.0000	-9999.0000	23.1929	4	0	24.4624	1.0000	09	3	-9999.0000	32066	68442	-9999	352	272	-9999	671.7886	5	0.7285	0.7435	-0.0016	191.7193	-3.8405	859.9282	267.7863	36.1142	767.5306	95.5797	844.6745	95.2062	858.3927	95.2721	869.9923	95.2502	
27/08/2017	02:51:35	019004	G490119376HLR	L490	S		766.6445	1.0230	0.0000	100.0561	39.7435	0.8230	0.8269	4.0000	19.8616	925.1079	94.6351	8.9307	24.7000	0.9300	0.9269	0.7435	-0.0016	925.0000	923.4261	1.0339	-6.1167	100.0234	39.7352	0.8230	0.8226	5.0000	-9999.0000	-9999.0000	-9999.0000	-9999.0000	-9999.0000	-9999.0000	21.1429	5	0	27.6634	1.0000	09	3	-9999.0000	32067	68443	-9999	353	273	-9999	674.9235	5	0.7285	0.7435	-0.0016	191.7193	-3.8405	875.7840	318.0215	36.9710	781.7241	95.7554	861.4875	94.8548	874.5499	94.7449	885.7770	95.0085	
27/08/2017	02:52:00	019004	G490119401HLR	L490	S		767.3745	1.0230	0.0000	100.0613	39.9351	0.8230	0.8275	4.0000	19.1321	925.1022	95.2062	10.7805	24.7000	0.9300	0.9269	0.7435	-0.0016	925.0000	924.0132	1.0339	-6.1041	99.9830	39.5384	0.8230	0.8228	5.0000	-9999.0000	-9999.0000	-9999.0000	-9999.0000	-9999.0000	-9999.0000	24.2527	6	0	24.9324	1.0000	09	3	-9999.0000	32068	68444	-9999	354	274	-9999	672.2429	5	0.7285	0.7435	-0.0016	191.7193	-3.8405	863.9292	327.0072	38.0254	776.5747	96.1728	849.6450	95.3161	862.5486	95.2721	873.2075	95.2502	
27/08/2017	02:52:24	019004	G490119396HLR	L490	S		766.9870	1.0230	0.0000	100.3652	39.9791	0.8230	0.8264	4.0000	21.1917	925.1444	94.7010	8.9512	24.7000	0.9300	0.9269	0.7435	-0.0016	925.0000	923.7445	1.0339	-6.1099	99.9729	39.8461	0.8230	0.8231	5.0000	-9999.0000	-9999.0000	-9999.0000	-9999.0000	-9999.0000	-9999.0000	21.6528	7	0	24.2127	1.0000	09	3	-9999.0000	32069	68445	-9999	355	274	-9999	674.9468	5	0.7285	0.7435	-0.0016	191.7193	-3.8405	876.0813	308.9992	36.9050	782.4714	95.8213	861.1319	94.8987	874.6607	94.8548	885.8772	95.0305	
27/08/2017	02:52:48	019004	G490119400HLR	L490	S		768.0305	1.0230	0.0000	100.1527	39.8748	0.8230	0.8270	4.0000	19.1027	925.1696	94.7449	8.8604	24.8000	0.9300	0.9269	0.7407	-0.0013	925.0000	923.4824	1.0339	-6.1155	99.9512	39.8570	0.8230	0.8226	5.0000	-9999.0000	-9999.0000	-9999.0000	-9999.0000	-9999.0000	-9999.0000	20.7517	8	0	24.1727	1.0000	09	3	-9999.0000	32070	68446	-9999	356	275	-9999	674.9565	5	0.7281	0.7407	-0.0013	164.7469	-0.9315	878.0920	308.0651	37.5421	786.8909	95.7335	863.7707	94.8108	876.6874	94.8108	887.9206	95.0305	
27/08/2017	02:53:17	019004	G490119402HLR	L490	S		771.9408	1.0230	0.0000	99.9809	39.8461	0.8230	0.8271	4.0000	19.1222	925.0974	94.7010	8.8604	24.7000	0.9300	0.9266	0.7399	-0.0012	925.0000	924.9982	1.0339	-6.0829	100.0427	39.6627	0.8230	0.8225	5.0000	-9999.0000	-9999.0000	-9999.0000	-9999.0000	-9999.0000	-9999.0000	20.8927	1	0	28.6038	1.0000	09	3	-9999.0000	32071	68447	-9999	357	276	-9999	674.7764	5	0.7282	0.7399	-0.0012	144.6122	1.1411	813.7438	308.2806	37.5201	789.1127	95.6895	864.7829	94.8767	878.3316	94.9426	889.4951	95.1403	
27/08/2017	02:53:43	019004	G490119389HLR	L490	S		766.8888	1.0230	0.0000	99.7236	39.9487	0.8230	0.8272	4.0000	19.1027	925.0940	94.6351	8.7109	24.8000	0.9300	0.9265	0.7387	-0.0011	925.0000	925.4039	1.0339	-6.0742	100.0076	39.8396	0.8230	0.8231	5.0000	-9999.0000	-9999.0000	-9999.0000	-9999.0000	-9999.0000	-9999.0000	25.1532	2	0	25.7531	1.0000	09	3	-9999.0000	32072	68448	-9999	358	277	-9999	674.8774	5	0.7282	0.7387	-0.0011	144.5300	1.0950	813.3432	307.3743	36.5316	788.2407	95.6236	865.8699	94.8108	879.5235	94.9646	890.5916	95.1403	
27/08/2017	02:54:03	019004	error reading	L490	S		0.0000	0.0000	0.0000	0.0000	0.0000	0.8230	0.0000	0.0000	0.0000	0.0000	0.0000	0.0000	0.0000	0.9300	0.0000	0.0000	0.0000	0.0000	0.0000	0.0000	0.0000	0.0000	0.0000	0.8230	0.0000	0.0000	0.0000	0.0000	0.0000	0.0000	0.0000	0.0000	0.0000	0	28	25.7531	1.0000	09	3	0.0000	0	0	0	0	0	0	0.0000	0	0.0000	0.0000	0.0000	0.0000	0.0000	0.0000	0.0000	0.0000	0.0000	0.0000	0.0000	0.0000	0.0000	0.0000	0.0000	0.0000	
27/08/2017	02:54:21	019004	G490119390HLR	L490	S		767.3396	1.0230	0.0000	100.0546	39.9487	0.8230	0.8269	4.0000	19.4728	925.1726	95.2721	10.6614	24.8000	0.9300	0.9267	0.7433	-0.0015	925.0000	923.9372	1.0339	-6.1057	100.0158	39.8717	0.8230	0.8227	5.0000	-9999.0000	-9999.0000	-9999.0000	-9999.0000	-9999.0000	-9999.0000	22.4818	3	0	37.7335	1.0000	09	3	-9999.0000	32073	68449	-9999	359	278	-9999	672.9035	5	0.7285	0.7433	-0.0015	149.1077	0.7776	796.3763	304.6679	37.5641	771.4196	95.5138	848.2820	94.7889	861.7975	94.9866	873.4278	95.1623	
27/08/2017	02:54:48	019004	G490119381HLR	L490	S		770.9587	1.0230	0.0000	99.9197	39.8395	0.8230	0.8267	4.0000	19.8521	925.1541	94.8108	7.9413	24.8000	0.9300	0.9266	0.7447	-0.0017	925.0000	925.3157	1.0339	-6.0761	100.1006	39.7542	0.8230	0.8225	5.0000	-9999.0000	-9999.0000	-9999.0000	-9999.0000	-9999.0000	-9999.0000	21.7623	4	0	26.9933	1.0000	09	3	-9999.0000	32074	68450	-9999	360	279	-9999	676.9791	5	0.7287	0.7447	-0.0017	150.4125	0.5913	811.0020	312.7281	37.4982	785.5861	95.4259	867.4721	94.8328	882.0108	94.8987	893.8394	95.1184	
27/08/2017	02:55:12	019004	G490119264HLR	L490	S		772.1116	1.0230	0.0000	100.1243	39.9479	0.8230	0.8273	4.0000	19.0420	925.1491	94.7449	8.8213	24.9000	0.9300	0.9266	0.7447	-0.0016	925.0000	925.3035	1.0339	-6.0764	100.0179	39.8895	0.8230	0.8229	5.0000	-9999.0000	-9999.0000	-9999.0000	-9999.0000	-9999.0000	-9999.0000	23.7128	5	0	24.5125	1.0000	09	3	-9999.0000	32075	68451	-9999	361	280	-9999	675.6786	5	0.7290	0.7447	-0.0016	147.0125	0.8524	807.4196	306.7148	36.0044	781.4265	95.6676	861.7533	94.7230	875.5288	94.9646	887.0998	95.1184	
27/08/2017	02:55:37	019004	G490119373HLR	L490	S		781.3808	1.0230	0.0000	99.8686	40.0108	0.8230	0.8270	4.0000	19.3626	925.0997	94.6790	8.2206	24.8000	0.9300	0.9262	0.7432	-0.0015	925.0000	928.8053	1.0339	-6.0012	100.0506	39.8322	0.8230	0.8226	5.0000	-9999.0000	-9999.0000	-9999.0000	-9999.0000	-9999.0000	-9999.0000	21.0628	6	0	25.1328	1.0000	09	3	-9999.0000	32076	68452	-9999	362	281	-9999	676.2888	5	0.7290	0.7432	-0.0015	152.1689	0.3440	810.7737	308.3955	35.2795	785.3785	95.6017	866.7497	94.7669	881.4809	94.9646	893.2506	95.1403	
27/08/2017	02:56:02	019004	G490119276HLR	L490	S		772.1252	1.0230	0.0000	100.2227	39.9487	0.8230	0.8271	4.0000	19.0723	925.1114	94.6571	8.2109	24.8000	0.9300	0.9265	0.7420	-0.0013	925.0000	925.7235	1.0339	-6.0674	100.0650	39.8461	0.8230	0.8228	5.0000	-9999.0000	-9999.0000	-9999.0000	-9999.0000	-9999.0000	-9999.0000	21.8530	7	0	24.6630	1.0000	09	3	-9999.0000	32077	68453	-9999	363	282	-9999	676.2851	5	0.7291	0.7420	-0.0013	149.7155	0.6670	810.8200	302.8662	34.8841	785.5019	95.3600	866.6316	94.7230	880.7175	94.9866	892.6420	95.1403	
27/08/2017	02:56:29	019004	G490119269HLR	L490	S		775.5244	1.0230	0.0000	100.2697	39.8845	0.8230	0.8269	4.0000	19.5227	925.0693	94.8548	9.2608	24.8000	0.9300	0.9266	0.7424	-0.0014	925.0000	927.4160	1.0339	-6.0310	100.1074	39.9323	0.8230	0.8228	5.0000	-9999.0000	-9999.0000	-9999.0000	-9999.0000	-9999.0000	-9999.0000	21.2816	8	0	26.9727	1.0000	09	3	-9999.0000	32078	68454	-9999	364	283	-9999	675.0351	5	0.7294	0.7424	-0.0014	148.0291	0.8675	802.6228	294.2048	34.7742	776.5850	95.3161	859.8862	94.7889	874.2722	95.0525	885.6562	95.1403	
27/08/2017	02:56:58	019004	G490119266HLR	L490	S		776.0323	1.0230	0.0000	99.9984	40.0142	0.8230	0.8272	4.0000	19.2022	925.1450	94.6351	8.1611	24.7000	0.9300	0.9262	0.7427	-0.0014	925.0000	926.9909	1.0339	-6.0401	99.9853	39.8461	0.8230	0.8226	5.0000	-9999.0000	-9999.0000	-9999.0000	-9999.0000	-9999.0000	-9999.0000	23.6824	1	0	29.4837	1.0000	09	3	-9999.0000	32078	68455	-9999	365	284	-9999	676.6283	5	0.7295	0.7427	-0.0014	146.8797	0.9727	811.9355	312.1491	35.4113	786.3850	95.4918	868.8049	94.7889	882.6850	94.9646	894.1503	95.1184	
27/08/2017	02:57:27	019004	G490119224HLR	L490	S		766.0121	1.0230	0.0000	99.8494	39.9487	0.8230	0.8270	4.0000	19.1027	925.1127	94.7889	9.1309	24.7000	0.9300	0.9263	0.7398	-0.0011	925.0000	925.1254	1.0339	-6.0802	100.0134	39.8461	0.8230	0.8228	5.0000	-9999.0000	-9999.0000	-9999.0000	-9999.0000	-9999.0000	-9999.0000	26.0332	2	0	28.2326	1.0000	09	3	-9999.0000	32079	68456	-9999	366	285	-9999	675.2442	5	0.7297	0.7398	-0.0011	145.7080	1.0497	810.1656	312.5069	35.8287	784.8693	95.3600	862.6957	94.7889	876.2866	94.9866	887.4739	95.1623	
27/08/2017	02:57:52	019004	G490119274HLR	L490	S		772.7436	1.0230	0.0000	100.1091	39.9305	0.8230	0.8271	4.0000	19.2423	925.0835	94.7669	9.5108	24.7000	0.9300	0.9264	0.7391	-0.0010	925.0000	924.0933	1.0339	-6.1024	100.0126	39.9487	0.8230	0.8227	5.0000	-9999.0000	-9999.0000	-9999.0000	-9999.0000	-9999.0000	-9999.0000	24.9334	3	0	25.4735	1.0000	09	3	-9999.0000	32080	68457	-9999	367	286	-9999	674.7244	5	0.7297	0.7391	-0.0010	146.5869	0.9439	810.8300	314.7682	37.4323	786.3307	95.4698	861.3059	94.8108	873.9050	94.9646	884.6589	95.1403	
27/08/2017	02:58:16	019004	G490119283HLR	L490	S		766.2345	1.0230	0.0000	99.9505	39.9487	0.8230	0.8272	4.0000	19.1222	925.1424	94.5692	8.6816	24.7000	0.9300	0.9264	0.7381	-0.0009	925.0000	923.5662	1.0339	-6.1137	100.0238	39.8621	0.8230	0.8226	5.0000	-9999.0000	-9999.0000	-9999.0000	-9999.0000	-9999.0000	-9999.0000	22.1020	4	0	23.7821	1.0000	09	3	-9999.0000	32081	68458	-9999	368	287	-9999	675.4130	5	0.7297	0.7381	-0.0009	144.9593	1.0647	817.1262	312.3305	35.8287	792.8609	95.4039	867.2145	94.7230	880.3580	94.9426	891.6107	95.1403	
27/08/2017	02:58:43	019004	G490119282HLR	L490	S		786.1370	1.0230	0.0000	99.9459	39.9855	0.8230	0.8270	4.0000	19.0921	925.1084	94.7889	9.5313	24.8000	0.9300	0.9264	0.7378	-0.0009	925.0000	927.9357	1.0339	-6.0199	100.0396	39.9004	0.8230	0.8228	5.0000	-9999.0000	-9999.0000	-9999.0000	-9999.0000	-9999.0000	-9999.0000	20.5120	5	0	26.8035	1.0000	09	3	-9999.0000	32082	68459	-9999	369	288	-9999	674.5397	5	0.7296	0.7378	-0.0009	140.6657	1.4712	813.1515	307.6332	35.7628	787.8910	95.3380	862.8584	94.7669	875.9891	95.0085	886.3974	95.1843	
27/08/2017	02:59:07	019004	G490119275HLR	L490	S		775.0930	1.0230	0.0000	100.1977	39.9487	0.8230	0.8270	4.0000	19.2316	925.0814	94.6351	8.1806	24.8000	0.9300	0.9263	0.7376	-0.0009	925.0000	925.1081	1.0339	-6.0806	100.0666	39.9372	0.8230	0.8227	5.0000	-9999.0000	-9999.0000	-9999.0000	-9999.0000	-9999.0000	-9999.0000	23.4030	6	0	24.9023	1.0000	09	3	-9999.0000	32083	68460	-9999	369	289	-9999	675.6327	5	0.7295	0.7376	-0.0009	139.2942	1.6562	826.8714	325.2824	38.1572	803.4585	95.0305	870.5113	94.7669	884.2701	94.9646	895.4346	95.1623	
27/08/2017	02:59:32	019004	G490119244HLR	L490	S		779.8960	1.0230	0.0000	99.8032	39.9487	0.8230	0.8270	4.0000	19.2025	925.1218	94.6790	8.7803	24.7000	0.9300	0.9262	0.7365	-0.0008	925.0000	927.7254	1.0339	-6.0244	100.0425	39.8866	0.8230	0.8227	5.0000	-9999.0000	-9999.0000	-9999.0000	-9999.0000	-9999.0000	-9999.0000	21.6323	7	0	24.8427	1.0000	09	3	-9999.0000	32084	68461	-9999	370	290	-9999	675.2166	5	0.7296	0.7365	-0.0008	141.6644	1.3589	823.8566	327.0181	39.4533	799.9197	94.9866	868.4127	94.7669	881.5892	94.9866	892.4757	95.1623	
27/08/2017	02:59:57	019004	G490119288HLR	L490	S		773.6242	1.0230	0.0000	100.0415	39.9487	0.8230	0.8271	4.0000	19.2619	925.0788	94.6571	8.9815	24.7000	0.9300	0.9263	0.7373	-0.0008	925.0000	925.2097	1.0339	-6.0784	100.0356	39.8885	0.8230	0.8227	5.0000	-9999.0000	-9999.0000	-9999.0000	-9999.0000	-9999.0000	-9999.0000	21.4320	8	0	24.3033	1.0000	09	3	-9999.0000	32085	68462	-9999	371	291	-9999	675.2361	5	0.7298	0.7373	-0.0008	141.5256	1.3646	815.4862	315.0402	35.8067	790.4330	95.4039	866.0834	94.8108	878.9472	94.9866	890.0083	95.1623	
27/08/2017	03:00:21	019004	G490119293HLR	L490	S		777.3573	1.0230	0.0000	99.9537	39.9487	0.8230	0.8271	4.0000	19.1125	925.1494	94.8767	9.8312	24.8000	0.9300	0.9264	0.7412	-0.0013	925.0000	923.8798	1.0339	-6.1070	100.0491	39.9563	0.8230	0.8228	5.0000	-9999.0000	-9999.0000	-9999.0000	-9999.0000	-9999.0000	-9999.0000	21.0120	1	0	24.2226	1.0000	09	3	-9999.0000	32086	68463	-9999	372	292	-9999	673.9098	5	0.7297	0.7412	-0.0013	149.0944	0.4672	805.6197	317.4691	36.9929	780.8490	95.5138	857.5676	94.8548	870.6726	94.9646	881.7434	95.1623	
27/08/2017	03:00:45	019004	G490119258HLR	L490	S		768.3104	1.0230	0.0000	99.7723	39.9487	0.8230	0.8270	4.0000	19.5519	925.1001	94.9866	10.8713	24.8000	0.9300	0.9268	0.7381	-0.0010	925.0000	923.8018	1.0339	-6.1086	100.0705	39.9569	0.8230	0.8227	5.0000	-9999.0000	-9999.0000	-9999.0000	-9999.0000	-9999.0000	-9999.0000	20.8422	2	0	24.4823	1.0000	09	3	-9999.0000	32087	68464	-9999	373	292	-9999	673.2142	5	0.7296	0.7381	-0.0010	138.8471	1.5654	805.3224	315.6931	35.8726	781.7474	95.5138	852.2542	94.8548	864.7734	94.9646	875.5441	95.1403	
27/08/2017	03:01:17	019004	G490119234HLR	L490	S		774.0155	1.0230	0.0000	100.1136	39.9487	0.8230	0.8271	4.0000	19.0118	925.0849	94.6351	10.0216	24.8000	0.9300	0.9266	0.7384	-0.0010	925.0000	923.3494	1.0339	-6.1184	100.0617	39.9174	0.8230	0.8227	5.0000	-9999.0000	-9999.0000	-9999.0000	-9999.0000	-9999.0000	-9999.0000	21.2027	3	0	31.2338	1.0000	09	3	-9999.0000	32088	68465	-9999	374	293	-9999	673.5821	5	0.7293	0.7384	-0.0010	152.2221	-0.0992	814.6824	317.0058	36.7293	791.5351	95.2941	857.7809	94.7449	870.6252	94.9646	881.0508	95.1184	
27/08/2017	03:01:39	019004	G490119233HLR	L490	S		762.3273	1.0230	0.0000	99.9224	39.9487	0.8230	0.8266	4.0000	20.2923	925.1225	94.5912	8.8311	24.7000	0.9300	0.9262	0.7416	-0.0014	925.0000	922.2730	1.0339	-6.1415	100.0063	39.8563	0.8230	0.8227	5.0000	-9999.0000	-9999.0000	-9999.0000	-9999.0000	-9999.0000	-9999.0000	27.7033	4	0	22.2623	1.0000	09	3	-9999.0000	32089	68466	-9999	375	294	-9999	674.9898	5	0.7295	0.7416	-0.0014	149.2414	0.3308	816.1442	319.1957	38.0254	791.6716	95.2282	863.2807	94.7889	876.5583	94.9866	888.5028	95.1403	
27/08/2017	03:02:31	019004	G490119218HLR	L490	S		777.4092	1.0230	0.0000	99.9859	39.9487	0.8230	0.8271	4.0000	19.1818	925.0979	94.8108	9.7814	24.9000	0.9300	0.9266	0.7348	-0.0005	925.0000	923.6413	1.0339	-6.1121	100.0298	39.8461	0.8230	0.8226	5.0000	-9999.0000	-9999.0000	-9999.0000	-9999.0000	-9999.0000	-9999.0000	23.6812	6	0	25.4033	1.0000	09	3	-9999.0000	32091	68467	-9999	377	295	-9999	675.0072	5	0.7295	0.7348	-0.0005	149.8289	0.1585	814.1043	299.7157	35.4113	789.4276	95.2941	863.7198	94.8767	876.8976	95.0305	887.3858	95.1403	
27/08/2017	03:02:56	019004	G490119229HLR	L490	S		771.8841	1.0230	0.0000	99.9760	39.9487	0.8230	0.8269	4.0000	19.4731	925.0929	94.8548	10.4309	24.7000	0.9300	0.9266	0.7350	-0.0006	925.0000	926.3180	1.0339	-6.0546	100.0018	39.8461	0.8230	0.8228	5.0000	-9999.0000	-9999.0000	-9999.0000	-9999.0000	-9999.0000	-9999.0000	22.0923	7	0	24.2626	1.0000	09	3	-9999.0000	32092	68468	-9999	378	296	-9999	674.6281	5	0.7294	0.7350	-0.0006	152.4440	-0.1494	808.6265	312.5063	35.9385	784.6670	95.4039	858.7114	94.8108	871.2780	94.9426	881.4151	95.1403	
27/08/2017	03:03:19	019004	G490119228HLR	L490	S		767.2370	1.0230	0.0000	100.0073	39.9487	0.8230	0.8271	4.0000	19.1418	925.0894	94.7889	8.1415	24.8000	0.9300	0.9264	0.7375	-0.0008	925.0000	924.8148	1.0339	-6.0869	100.0713	40.0662	0.8230	0.8230	5.0000	-9999.0000	-9999.0000	-9999.0000	-9999.0000	-9999.0000	-9999.0000	20.8031	8	0	23.8327	1.0000	09	3	-9999.0000	32093	68469	-9999	379	297	-9999	676.3182	5	0.7296	0.7375	-0.0008	156.9331	-0.6337	808.8266	295.2869	33.9395	782.8908	95.2502	869.3305	94.7010	882.9764	94.9646	894.9197	95.1403	
27/08/2017	03:03:42	019004	G490119219HLR	L490	S		766.2367	1.0230	0.0000	100.1392	39.9487	0.8230	0.8271	4.0000	19.0422	925.0911	94.8108	7.8007	24.7000	0.9300	0.9264	0.7375	-0.0008	925.0000	924.0189	1.0339	-6.1040	99.9720	40.0138	0.8230	0.8227	5.0000	-9999.0000	-9999.0000	-9999.0000	-9999.0000	-9999.0000	-9999.0000	20.5521	1	0	22.5327	1.0000	09	3	-9999.0000	32094	68470	-9999	380	298	-9999	676.5898	5	0.7296	0.7375	-0.0008	156.9331	-0.6337	812.1729	306.1746	35.1916	785.4429	95.2721	873.8171	94.6351	887.4606	94.9646	898.7490	95.1184	
27/08/2017	03:04:34	019004	G490119240HLR	L490	S		778.5849	1.0230	0.0000	100.0935	39.9487	0.8230	0.8271	4.0000	19.0519	925.1349	94.6790	7.5604	24.9000	0.9300	0.9265	0.7359	-0.0007	925.0000	924.1683	1.0339	-6.1008	99.9983	39.8461	0.8230	0.8229	5.0000	-9999.0000	-9999.0000	-9999.0000	-9999.0000	-9999.0000	-9999.0000	24.4725	3	0	23.7830	1.0000	09	3	-9999.0000	32096	68471	-9999	382	299	-9999	676.2981	5	0.7294	0.7359	-0.0007	143.3551	0.7170	817.7879	307.1585	34.6424	790.9288	95.0744	876.1354	94.8328	890.6541	95.0085	901.5674	94.9207	
27/08/2017	03:05:00	019004	G490119227HLR	L490	S		774.5892	1.0230	0.0000	100.0561	39.9487	0.8230	0.8271	4.0000	19.2229	925.0853	95.2941	10.6311	24.8000	0.9300	0.9265	0.7377	-0.0008	925.0000	925.9384	1.0339	-6.0627	100.0089	39.9028	0.8230	0.8230	5.0000	-9999.0000	-9999.0000	-9999.0000	-9999.0000	-9999.0000	-9999.0000	20.3722	4	0	26.7323	1.0000	09	3	-9999.0000	32097	68472	-9999	383	300	-9999	674.3964	5	0.7298	0.7377	-0.0008	156.7310	-0.5274	801.0842	304.7052	35.0598	775.6711	95.1184	854.3586	94.7889	866.8087	95.0305	877.4774	95.0964	
27/08/2017	03:05:25	019004	G490119216HLR	L490	S		772.3360	1.0230	0.0000	100.0165	39.9487	0.8230	0.8271	4.0000	19.0920	925.1498	94.8987	7.6307	24.8000	0.9300	0.9267	0.7409	-0.0011	925.0000	923.0325	1.0339	-6.1252	100.0326	39.9696	0.8230	0.8228	5.0000	-9999.0000	-9999.0000	-9999.0000	-9999.0000	-9999.0000	-9999.0000	23.4628	5	0	24.5829	1.0000	09	3	-9999.0000	32098	68473	-9999	384	301	-9999	677.5148	5	0.7300	0.7409	-0.0011	170.1836	-1.8740	819.7357	318.2528	35.8726	794.5243	95.2502	874.2204	94.7669	887.9754	94.9426	899.0220	95.1184	
27/08/2017	03:05:49	019004	G490119448HLR	L490	S		768.5091	1.0230	0.0000	100.0839	39.9487	0.8230	0.8272	4.0000	19.1598	925.1466	95.0305	9.6612	24.9000	0.9300	0.9265	0.7409	-0.0011	925.0000	924.5043	1.0339	-6.0936	100.0357	39.9200	0.8230	0.8226	5.0000	-9999.0000	-9999.0000	-9999.0000	-9999.0000	-9999.0000	-9999.0000	21.1526	6	0	24.4725	1.0000	09	3	-9999.0000	32099	68474	-9999	385	302	-9999	675.3610	5	0.7300	0.7409	-0.0011	170.1836	-1.8740	807.2149	314.6874	35.0378	783.2138	95.4698	857.8738	94.6571	871.3600	94.9866	883.1549	95.1403	
27/08/2017	03:06:16	019004	G490119241HLR	L490	S		769.0199	1.0230	0.0000	100.1702	39.9487	0.8230	0.8270	4.0000	19.6321	925.1489	94.8108	9.9103	24.8000	0.9300	0.9267	0.7403	-0.0011	925.0000	924.9423	1.0339	-6.0841	100.0079	39.8518	0.8230	0.8226	5.0000	-9999.0000	-9999.0000	-9999.0000	-9999.0000	-9999.0000	-9999.0000	21.2123	7	0	26.2032	1.0000	09	3	-9999.0000	32100	68475	-9999	386	303	-9999	675.0882	5	0.7304	0.7403	-0.0011	159.5232	-0.7531	807.3324	312.2090	35.3234	782.9376	95.3820	857.6944	94.8548	870.4852	94.9646	881.7334	95.1403	
