Data	Timp	Nr. masina	Nr. de serie	Tip	Productie	Comentariu	Pre-masurare Q [ml/min]	Pre-masurare Gain	Pre-masurare Offset Master	Pre-masurare P [bar]	Pre-masurare T [°C]	Pre-masurare Densitate fixa [kg/l]	Pre-masurare densitate masurata [kg/l]	Pre-masurare Timp masurare [s]	Pre-masurare Cycle time [s]	rectificare Q Oprire [ml/min]	rectificare P Oprire [bar]	rectificare Timp rectificare [s]	rectificare T [°C]	rectificare Densitate fixa [kg/l]	rectificare densitate masurata [kg/l]	rectificare Factor de masurare la rectificare	rectificare Factor de corectie a debitului	rectificare Target rectificare	Masurare Q [ml/min]	Masurare Gain	Masurare Offset Master	Masurare P [bar]	Masurare T [°C]	Masurare Densitate fixa [kg/l]	Masurare densitate masurata [kg/l]	Masurare Timp masurare [s]	Masurare Q [ml/min]	Masurare Delta Q [ml/min]	Masurare P [bar]	Masurare BP [bar]	Masurare T [°C]	Masurare Timp masurare [s]	Masurare Cycle time [s]	Nest Nr.	Cod de descarcare	Cycle time [s]	Traceability aktiv	EDM Maschine Nr	EDM Spindle Nr	Honing Rate [r	Station Counter Premeasure	Station Counter Grind	Station Counter Blowout 1	Station Counter Wash	Station Counter Measure	Station Counter Blowout 2	RealGrindQStop	Reg Type	Factor 0	Factor 1	Factor 2	Factor 3	Factor 4	G_StartQV	G_StartQV_1	G_StartQV_2	G_StartQV_3	G_StartQV_4	G_StartQV_5	
09/08/2017	00:00:16	019004	G523015356HLR	L523	S		438.8277	1.0233	10.0000	100.0076	39.8713	0.8230	0.8269	5.0000	19.9515	508.0541	94.8108	11.5814	23.8000	0.9300	0.9371	0.6224	-0.0011	508.0000	507.4065	1.0339	8.9488	100.0959	39.9638	0.8230	0.8241	5.0000	-9999.0000	-9999.0000	-9999.0000	-9999.0000	-9999.0000	-9999.0000	20.2619	6	0	24.6824	1.0000	12	1	-9999.0000	49966	34056	-9999	1047	1036	-9999	309.7535	5	0.6085	0.6224	-0.0011	33.5992	3.0788	450.4191	373.5336	38.3988	437.5987	95.6017	466.8332	94.8548	474.2465	94.8328	480.3025	94.8328	
09/08/2017	00:00:41	019004	G523015354HLR	L523	S		437.2142	1.0233	10.0000	100.0100	39.9528	0.8230	0.8266	5.0000	21.0521	508.0997	95.0525	13.0610	23.8000	0.9300	0.9371	0.6226	-0.0011	508.0000	508.9028	1.0339	8.8965	100.1118	39.8205	0.8230	0.8239	5.0000	-9999.0000	-9999.0000	-9999.0000	-9999.0000	-9999.0000	-9999.0000	21.1625	7	0	25.1033	1.0000	12	1	-9999.0000	49967	34057	-9999	1047	1037	-9999	308.9208	5	0.6083	0.6226	-0.0011	31.5787	3.2751	445.7694	383.8704	38.1352	432.6696	95.6236	461.9111	94.8548	467.6234	94.8548	472.0776	94.6571	
09/08/2017	00:01:06	019004	G523015328HLR	L523	S		438.0903	1.0233	10.0000	100.0364	39.8529	0.8230	0.8264	5.0000	19.8518	508.0559	94.8548	12.4819	23.8000	0.9300	0.9371	0.6220	-0.0011	508.0000	506.9687	1.0339	8.9111	100.0700	39.8461	0.8230	0.8243	5.0000	-9999.0000	-9999.0000	-9999.0000	-9999.0000	-9999.0000	-9999.0000	21.2620	8	0	25.1728	1.0000	12	1	-9999.0000	49968	34058	-9999	1048	1038	-9999	309.1350	5	0.6082	0.6220	-0.0011	30.3547	3.3825	445.9725	381.0069	36.2241	433.6834	95.5797	463.5240	94.7889	469.4594	94.9207	474.5017	94.9426	
09/08/2017	00:01:32	019004	G523015337HLR	L523	S		434.6685	1.0233	10.0000	100.1746	39.7380	0.8230	0.8265	5.0000	20.0716	508.0436	94.8548	13.5709	23.8000	0.9300	0.9369	0.6209	-0.0010	508.0000	508.7778	1.0339	8.9108	100.1123	40.0512	0.8230	0.8246	5.0000	-9999.0000	-9999.0000	-9999.0000	-9999.0000	-9999.0000	-9999.0000	20.2024	1	0	25.6631	1.0000	12	1	-9999.0000	49969	34059	-9999	1048	1039	-9999	308.5961	5	0.6083	0.6209	-0.0010	29.3603	3.4599	442.2793	380.2680	36.3998	428.4355	95.7994	460.5165	94.8548	466.3033	94.8548	471.2022	94.7889	
09/08/2017	00:01:56	019004	G523015331HLR	L523	S		440.0000	1.0233	10.0000	100.0449	39.7998	0.8230	0.8267	5.0000	20.9027	508.0846	94.8987	11.4212	23.8000	0.9300	0.9371	0.6222	-0.0011	508.0000	510.5557	1.0339	8.7069	99.9692	40.0860	0.8230	0.8243	5.0000	-9999.0000	-9999.0000	-9999.0000	-9999.0000	-9999.0000	-9999.0000	19.7726	2	0	24.7527	1.0000	12	1	-9999.0000	49970	34060	-9999	1049	1040	-9999	309.8046	5	0.6084	0.6222	-0.0011	25.1529	3.7797	455.4101	414.7804	38.9700	442.7017	95.5577	470.0000	94.8987	474.6927	94.9207	479.9014	94.8548	
09/08/2017	00:02:22	019004	G523015724HLR	L523	S		437.9861	1.0233	10.0000	99.9104	39.9649	0.8230	0.8268	5.0000	20.0422	508.0857	94.8987	12.7710	23.8000	0.9300	0.9369	0.6232	-0.0012	508.0000	507.9670	1.0339	8.9972	99.9898	39.9053	0.8230	0.8241	5.0000	-9999.0000	-9999.0000	-9999.0000	-9999.0000	-9999.0000	-9999.0000	19.8020	3	0	25.6620	1.0000	12	1	-9999.0000	49971	34061	-9999	1050	1041	-9999	309.0287	5	0.6084	0.6232	-0.0012	28.6186	3.4736	448.0929	377.5247	38.2231	435.1911	95.6676	464.6883	94.8328	468.7150	94.8328	473.5242	94.7889	
09/08/2017	00:02:48	019004	G523015754HLR	L523	S		434.4994	1.0233	10.0000	100.2276	39.9006	0.8230	0.8265	5.0000	19.9124	508.0508	94.8767	13.4820	23.8000	0.9300	0.9370	0.6229	-0.0012	508.0000	507.9760	1.0339	8.9979	99.9574	39.8387	0.8230	0.8242	5.0000	-9999.0000	-9999.0000	-9999.0000	-9999.0000	-9999.0000	-9999.0000	19.8517	4	0	25.9630	1.0000	12	1	-9999.0000	49972	34062	-9999	1051	1042	-9999	308.5825	5	0.6084	0.6229	-0.0012	29.2206	3.4130	446.6928	391.0335	40.9031	436.2751	95.4698	458.8725	94.8108	464.8185	94.8987	470.3167	94.8548	
09/08/2017	00:03:14	019004	G523015718HLR	L523	S		439.0331	1.0233	10.0000	99.8573	39.7204	0.8230	0.8264	5.0000	20.4319	508.0465	94.8548	11.9418	23.8000	0.9300	0.9369	0.6246	-0.0013	508.0000	508.8423	1.0339	8.9034	100.0293	39.9487	0.8230	0.8246	5.0000	-9999.0000	-9999.0000	-9999.0000	-9999.0000	-9999.0000	-9999.0000	20.3420	5	0	26.3134	1.0000	12	1	-9999.0000	49973	34063	-9999	1052	1043	-9999	309.5266	5	0.6082	0.6246	-0.0013	28.7998	3.4218	453.1125	395.2923	38.4208	442.1241	95.7994	465.2522	94.8987	470.9446	94.8328	476.1892	94.8108	
09/08/2017	00:03:39	019004	G523015719HLR	L523	S		440.9291	1.0233	10.0000	99.8866	39.7865	0.8230	0.8267	5.0000	20.1319	508.0627	94.8767	10.9211	23.8000	0.9300	0.9369	0.6189	-0.0009	508.0000	509.8375	1.0339	8.7893	100.0065	40.0756	0.8230	0.8240	5.0000	-9999.0000	-9999.0000	-9999.0000	-9999.0000	-9999.0000	-9999.0000	22.3326	6	0	24.6727	1.0000	12	1	-9999.0000	49974	34064	-9999	1053	1044	-9999	309.6937	5	0.6080	0.6189	-0.0009	34.2900	3.0098	458.6446	368.5897	40.1342	446.8868	94.9207	470.6806	94.5692	478.6385	94.8328	483.1452	94.8108	
09/08/2017	00:04:04	019004	G523015726HLR	L523	S		437.0887	1.0233	10.0000	100.2657	39.9673	0.8230	0.8268	5.0000	20.3226	508.0753	95.1403	13.4312	23.8000	0.9300	0.9369	0.6176	-0.0008	508.0000	509.0494	1.0339	8.8797	99.9947	39.9284	0.8230	0.8240	5.0000	-9999.0000	-9999.0000	-9999.0000	-9999.0000	-9999.0000	-9999.0000	20.3031	7	0	24.9529	1.0000	12	1	-9999.0000	49975	34065	-9999	1054	1045	-9999	308.6482	5	0.6079	0.6176	-0.0008	34.0201	3.0153	451.4092	392.1764	39.2555	440.5076	94.6790	463.5906	94.5912	469.7630	94.8548	473.5649	94.6571	
09/08/2017	00:04:33	019004	G523015739HLR	L523	S		434.0688	1.0233	10.0000	99.9283	39.8987	0.8230	0.8264	5.0000	20.4719	508.0585	94.9426	14.2721	23.8000	0.9300	0.9371	0.6152	-0.0006	508.0000	507.1163	1.0339	8.9238	100.0761	39.8461	0.8230	0.8240	5.0000	-9999.0000	-9999.0000	-9999.0000	-9999.0000	-9999.0000	-9999.0000	20.5626	8	0	29.2934	1.0000	12	1	-9999.0000	49976	34066	-9999	1055	1046	-9999	308.4244	5	0.6078	0.6152	-0.0006	39.3633	2.5970	452.1529	393.8716	39.7828	442.2659	94.8767	459.8811	94.7010	466.2486	94.9646	471.0657	94.9207	
09/08/2017	00:05:02	019004	G523015737HLR	L523	S		428.0038	1.0233	10.0000	100.2146	39.7462	0.8230	0.8264	5.0000	20.2717	508.0331	94.8767	13.6217	23.7000	0.9300	0.9369	0.6122	-0.0004	508.0000	510.7167	1.0339	8.6885	100.0149	39.8668	0.8230	0.8238	5.0000	-9999.0000	-9999.0000	-9999.0000	-9999.0000	-9999.0000	-9999.0000	26.0014	1	0	28.8431	1.0000	12	1	-9999.0000	49977	34067	-9999	1056	1047	-9999	308.5697	5	0.6077	0.6122	-0.0004	39.0664	2.6204	453.8763	395.2930	38.7503	443.2689	95.4479	464.0308	94.7889	469.5307	94.8108	474.2999	94.8108	
09/08/2017	00:05:27	019004	G523015763HLR	L523	S		437.1919	1.0233	10.0000	100.0739	39.8015	0.8230	0.8269	5.0000	20.3021	508.0567	94.8328	12.2113	23.7000	0.9300	0.9368	0.6090	-0.0001	508.0000	506.2416	1.0339	8.8484	100.0898	40.0930	0.8230	0.8242	5.0000	-9999.0000	-9999.0000	-9999.0000	-9999.0000	-9999.0000	-9999.0000	20.9622	2	0	24.8729	1.0000	12	1	-9999.0000	49978	34068	-9999	1057	1048	-9999	308.7899	5	0.6077	0.6090	-0.0001	46.3944	2.0225	459.6320	392.0925	38.8601	447.0770	95.3161	473.6401	94.7449	478.4878	94.8548	482.6756	94.8328	
09/08/2017	00:05:52	019004	G523015762HLR	L523	S		436.8398	1.0233	10.0000	99.9274	39.9708	0.8230	0.8270	5.0000	20.0326	508.0794	94.8548	12.7719	23.7000	0.9300	0.9369	0.6095	-0.0002	508.0000	505.9464	1.0339	8.8230	100.0781	39.9378	0.8230	0.8238	5.0000	-9999.0000	-9999.0000	-9999.0000	-9999.0000	-9999.0000	-9999.0000	21.5132	3	0	25.0124	1.0000	12	1	-9999.0000	49979	34069	-9999	1058	1049	-9999	308.6508	5	0.6076	0.6095	-0.0002	49.2823	1.7735	454.8510	396.1363	36.8172	442.8177	95.0085	469.3321	94.7010	474.5010	94.9207	478.8773	94.8328	
09/08/2017	00:06:18	019004	G523015761HLR	L523	S		434.9781	1.0233	10.0000	100.2275	39.8912	0.8230	0.8265	5.0000	20.1720	508.0640	94.8548	13.3316	23.7000	0.9300	0.9371	0.6091	-0.0001	508.0000	509.3173	1.0339	8.8489	100.0856	39.8377	0.8230	0.8240	5.0000	-9999.0000	-9999.0000	-9999.0000	-9999.0000	-9999.0000	-9999.0000	20.2121	4	0	25.5928	1.0000	12	1	-9999.0000	49980	34070	-9999	1059	1050	-9999	308.7230	5	0.6077	0.6091	-0.0001	51.9655	1.5459	450.2110	402.6727	36.0483	436.4892	94.9207	468.6136	94.7230	473.1156	94.9207	477.3080	94.8987	
09/08/2017	00:06:50	019004	G523015748HLR	L523	S		432.4151	1.0233	10.0000	99.8102	39.7401	0.8230	0.8264	5.0000	20.0423	508.0333	94.8987	14.0416	23.8000	0.9300	0.9370	0.6110	-0.0003	508.0000	508.2340	1.0339	8.9732	100.0085	39.9184	0.8230	0.8242	5.0000	-9999.0000	-9999.0000	-9999.0000	-9999.0000	-9999.0000	-9999.0000	21.7123	5	0	32.7536	1.0000	12	1	-9999.0000	49981	34071	-9999	1060	1051	-9999	308.4689	5	0.6075	0.6110	-0.0003	54.1884	1.3551	450.9338	390.8935	38.0693	437.3065	95.2062	466.4306	94.8548	469.0316	94.9207	473.5298	94.8108	
09/08/2017	00:07:15	019004	G523015735HLR	L523	S		435.0810	1.0233	10.0000	100.0501	39.8750	0.8230	0.8267	5.0000	20.2221	508.0562	94.8328	13.1216	23.8000	0.9300	0.9369	0.6144	-0.0005	508.0000	507.6356	1.0339	8.9686	100.0260	40.0838	0.8230	0.8245	5.0000	-9999.0000	-9999.0000	-9999.0000	-9999.0000	-9999.0000	-9999.0000	20.1213	6	0	24.6727	1.0000	12	1	-9999.0000	49982	34072	-9999	1061	1052	-9999	308.7350	5	0.6078	0.6144	-0.0005	51.8945	1.5121	448.5507	360.2286	38.2451	434.5340	95.2282	464.6831	94.8108	470.2006	94.9426	474.5683	94.8987	
09/08/2017	00:07:40	019004	G523015469HLR	L523	S		442.3503	1.0233	10.0000	100.0823	39.9294	0.8230	0.8266	5.0000	20.0628	508.0451	94.8767	10.5910	23.7000	0.9300	0.9370	0.6153	-0.0006	508.0000	506.4130	1.0339	8.8632	100.1105	39.9726	0.8230	0.8239	5.0000	-9999.0000	-9999.0000	-9999.0000	-9999.0000	-9999.0000	-9999.0000	20.8518	7	0	25.3934	1.0000	12	1	-9999.0000	49983	34073	-9999	1061	1053	-9999	309.5723	5	0.6080	0.6153	-0.0006	51.1937	1.5440	456.0747	385.3449	37.3883	441.5434	95.3820	475.0784	94.8108	481.5422	94.8548	485.9935	94.8108	
09/08/2017	00:08:05	019004	G523015813HLR	L523	S		431.6188	1.0233	10.0000	99.9391	39.7581	0.8230	0.8263	5.0000	20.7924	508.0447	95.1403	13.9215	23.8000	0.9300	0.9370	0.6170	-0.0007	508.0000	509.5034	1.0339	8.8276	100.0698	39.7544	0.8230	0.8240	5.0000	-9999.0000	-9999.0000	-9999.0000	-9999.0000	-9999.0000	-9999.0000	20.2522	8	0	24.5623	1.0000	12	1	-9999.0000	49984	34074	-9999	1062	1054	-9999	308.4154	5	0.6078	0.6170	-0.0007	49.4180	1.7004	443.8316	391.5329	37.2785	429.4512	95.2941	463.3467	94.8108	467.3138	94.8767	471.7155	94.6571	
09/08/2017	00:08:30	019004	G523015811HLR	L523	S		436.9861	1.0233	10.0000	100.0039	39.7736	0.8230	0.8267	5.0000	20.1224	508.0656	94.8987	12.1517	23.7000	0.9300	0.9370	0.6138	-0.0005	508.0000	507.4027	1.0339	8.9485	99.9912	39.9116	0.8230	0.8246	5.0000	-9999.0000	-9999.0000	-9999.0000	-9999.0000	-9999.0000	-9999.0000	20.1018	1	0	25.4931	1.0000	12	1	-9999.0000	49985	34075	-9999	1063	1055	-9999	308.9192	5	0.6076	0.6138	-0.0005	47.1569	1.8945	452.7906	384.3688	37.0369	439.9638	95.3161	468.0714	94.8328	473.3829	94.9426	479.0107	94.8987	
09/08/2017	00:08:55	019004	G523015810HLR	L523	S		437.7613	1.0233	10.0000	99.9086	39.9419	0.8230	0.8268	5.0000	20.1517	508.0576	94.8767	12.2914	23.8000	0.9300	0.9369	0.6137	-0.0005	508.0000	505.6465	1.0339	8.7971	100.0602	40.1511	0.8230	0.8243	5.0000	-9999.0000	-9999.0000	-9999.0000	-9999.0000	-9999.0000	-9999.0000	21.7826	2	0	24.6425	1.0000	12	1	-9999.0000	49986	34076	-9999	1064	1056	-9999	308.9415	5	0.6077	0.6137	-0.0005	46.9499	1.9156	454.7127	385.1910	37.4323	441.6765	95.2502	469.1922	94.8328	474.8615	94.8767	479.2913	94.7889	
09/08/2017	00:09:20	019004	G523015808HLR	L523	S		432.8246	1.0233	10.0000	99.9415	39.9153	0.8230	0.8263	5.0000	20.1320	508.0710	94.8987	13.3011	23.8000	0.9300	0.9372	0.6176	-0.0008	508.0000	510.0189	1.0339	8.7685	100.0423	40.0050	0.8230	0.8239	5.0000	-9999.0000	-9999.0000	-9999.0000	-9999.0000	-9999.0000	-9999.0000	20.9623	3	0	24.6824	1.0000	12	1	-9999.0000	49987	34077	-9999	1065	1057	-9999	308.6393	5	0.6078	0.6176	-0.0008	42.0921	2.2926	448.3971	403.1504	39.2336	436.1424	95.2282	465.1211	94.8767	468.9102	94.9866	473.9228	94.8548	
09/08/2017	00:09:44	019004	G523015807HLR	L523	S		435.9076	1.0233	10.0000	99.9277	39.6670	0.8230	0.8263	5.0000	19.8919	508.0959	94.8767	12.4408	23.8000	0.9300	0.9370	0.6185	-0.0008	508.0000	507.6330	1.0339	8.9684	100.1090	39.8273	0.8230	0.8238	5.0000	-9999.0000	-9999.0000	-9999.0000	-9999.0000	-9999.0000	-9999.0000	21.0618	4	0	24.6336	1.0000	12	1	-9999.0000	49988	34078	-9999	1066	1058	-9999	308.9772	5	0.6077	0.6185	-0.0008	38.4860	2.5993	450.6807	386.5451	38.0693	438.0667	95.0964	467.1429	94.8108	470.9241	94.8987	475.9119	94.8767	
09/08/2017	00:10:09	019004	G523015806HLR	L523	S		436.7304	1.0233	10.0000	100.2848	39.7564	0.8230	0.8268	5.0000	20.9018	508.0674	94.8548	12.1215	23.8000	0.9300	0.9371	0.6218	-0.0011	508.0000	506.1525	1.0339	8.8407	100.0521	39.8461	0.8230	0.8243	5.0000	-9999.0000	-9999.0000	-9999.0000	-9999.0000	-9999.0000	-9999.0000	20.8724	5	0	24.6922	1.0000	12	1	-9999.0000	49989	34079	-9999	1067	1059	-9999	309.2797	5	0.6078	0.6218	-0.0011	36.7140	2.7183	454.2643	382.8041	38.7283	443.2731	95.2502	466.4257	94.8108	471.9283	94.9207	476.7576	94.8108	
09/08/2017	00:10:34	019004	G523015804HLR	L523	S		434.6858	1.0233	10.0000	100.0304	39.9724	0.8230	0.8268	5.0000	21.2523	508.0438	94.8987	12.9614	23.8000	0.9300	0.9371	0.6229	-0.0012	508.0000	509.4757	1.0339	8.8308	100.1079	40.0512	0.8230	0.8245	5.0000	-9999.0000	-9999.0000	-9999.0000	-9999.0000	-9999.0000	-9999.0000	20.7031	6	0	25.2226	1.0000	12	1	-9999.0000	49990	34080	-9999	1068	1060	-9999	308.8493	5	0.6080	0.6229	-0.0012	35.6123	2.8025	448.1566	378.7427	38.0913	435.9620	94.8328	460.9380	94.7669	467.1988	94.9426	472.5096	94.8548	
09/08/2017	00:10:59	019004	G523015802HLR	L523	S		437.2169	1.0233	10.0000	99.9697	39.9640	0.8230	0.8265	5.0000	20.2122	508.0635	94.8548	12.4213	23.8000	0.9300	0.9370	0.6238	-0.0012	508.0000	506.2409	1.0339	8.8484	100.0291	40.0867	0.8230	0.8243	5.0000	-9999.0000	-9999.0000	-9999.0000	-9999.0000	-9999.0000	-9999.0000	19.9817	7	0	24.6933	1.0000	12	1	-9999.0000	49991	34081	-9999	1069	1061	-9999	309.1210	5	0.6078	0.6238	-0.0012	32.0978	3.1192	450.7742	383.0504	38.0913	439.0810	95.1843	464.6094	94.8108	469.5575	94.9207	474.9781	94.8548	
09/08/2017	00:11:24	019004	G523015803HLR	L523	S		436.9802	1.0233	10.0000	99.9825	39.7409	0.8230	0.8263	5.0000	20.0217	508.0669	94.8767	12.2406	23.8000	0.9300	0.9371	0.6245	-0.0013	508.0000	507.9852	1.0339	8.9987	100.0323	39.9114	0.8230	0.8241	5.0000	-9999.0000	-9999.0000	-9999.0000	-9999.0000	-9999.0000	-9999.0000	19.8626	8	0	24.6326	1.0000	12	1	-9999.0000	49992	34082	-9999	1070	1062	-9999	309.2845	5	0.6078	0.6245	-0.0013	32.0041	3.1290	448.3096	383.5809	37.7618	435.9134	95.3600	462.6478	94.8767	470.8395	94.9207	474.7319	94.8328	
09/08/2017	00:11:49	019004	G523015791HLR	L523	S		438.7359	1.0233	10.0000	100.0555	39.7090	0.8230	0.8268	5.0000	20.3021	508.0949	94.8328	11.8314	23.8000	0.9300	0.9370	0.6315	-0.0018	508.0000	506.4077	1.0339	8.8627	99.9433	39.8461	0.8230	0.8242	5.0000	-9999.0000	-9999.0000	-9999.0000	-9999.0000	-9999.0000	-9999.0000	19.9827	1	0	25.3025	1.0000	12	1	-9999.0000	49993	34083	-9999	1071	1063	-9999	310.0169	5	0.6081	0.6315	-0.0018	28.2722	3.3845	447.2935	376.9180	37.5641	435.6608	95.3380	462.8122	94.8987	468.5744	94.9426	474.6083	94.8548	
09/08/2017	00:12:14	019004	G523015794HLR	L523	S		435.1140	1.0233	10.0000	99.9987	39.9176	0.8230	0.8269	5.0000	20.3021	508.0658	95.0305	13.5816	23.8000	0.9300	0.9371	0.6310	-0.0018	508.0000	506.7067	1.0339	8.8885	100.0938	39.9487	0.8230	0.8243	5.0000	-9999.0000	-9999.0000	-9999.0000	-9999.0000	-9999.0000	-9999.0000	21.3021	2	0	24.6435	1.0000	12	1	-9999.0000	49994	34084	-9999	1072	1064	-9999	308.3401	5	0.6081	0.6310	-0.0018	24.6067	3.7060	443.4490	391.4057	39.3434	433.6055	95.0085	454.5468	94.8108	460.6188	94.9646	465.6562	94.8548	
09/08/2017	00:12:38	019004	G523015795HLR	L523	S		443.6716	1.0233	10.0000	100.1167	39.9804	0.8230	0.8266	5.0000	19.9416	508.0776	94.9646	10.6916	23.8000	0.9300	0.9370	0.6363	-0.0022	508.0000	508.7047	1.0339	8.9192	100.1194	40.0951	0.8230	0.8243	5.0000	-9999.0000	-9999.0000	-9999.0000	-9999.0000	-9999.0000	-9999.0000	20.8323	3	0	24.8221	1.0000	12	1	-9999.0000	49994	34085	-9999	1073	1064	-9999	311.4065	5	0.6082	0.6363	-0.0022	16.6415	4.3538	453.7241	393.4043	39.9805	443.3938	95.1184	467.5080	94.7449	472.4159	94.8987	478.0223	94.9207	
09/08/2017	00:13:03	019004	G523015799HLR	L523	S		436.5835	1.0233	10.0000	100.1206	39.7986	0.8230	0.8263	5.0000	20.1320	508.0885	95.0085	12.2805	23.8000	0.9300	0.9370	0.6335	-0.0020	508.0000	506.0986	1.0339	8.8361	100.0787	39.9419	0.8230	0.8240	5.0000	-9999.0000	-9999.0000	-9999.0000	-9999.0000	-9999.0000	-9999.0000	20.7122	4	0	24.5926	1.0000	12	1	-9999.0000	49995	34086	-9999	1074	1065	-9999	309.6253	5	0.6085	0.6335	-0.0020	21.4857	3.9612	443.7971	383.2567	38.8601	430.4285	95.3600	460.4902	94.8328	465.7833	94.8328	471.3900	94.5253	
09/08/2017	00:13:28	019004	G523015797HLR	L523	S		428.0483	1.0233	10.0000	100.2777	39.7049	0.8230	0.8266	5.0000	19.6923	508.0885	94.9426	13.5015	23.8000	0.9300	0.9370	0.6353	-0.0021	508.0000	509.3473	1.0339	8.8455	100.0979	39.8461	0.8230	0.8240	5.0000	-9999.0000	-9999.0000	-9999.0000	-9999.0000	-9999.0000	-9999.0000	20.5521	5	0	24.7029	1.0000	12	1	-9999.0000	49996	34087	-9999	1075	1066	-9999	308.4073	5	0.6087	0.6353	-0.0021	21.1511	3.9886	432.9579	365.1088	37.7618	419.1502	95.3161	451.5159	94.8108	460.5932	94.9646	465.0270	94.8987	
09/08/2017	00:13:52	019004	G523015432HLR	L523	S		442.3970	1.0233	10.0000	100.1056	39.8912	0.8230	0.8269	5.0000	20.1321	508.0770	94.8767	10.2619	23.8000	0.9300	0.9369	0.6335	-0.0020	508.0000	508.8053	1.0339	8.9077	100.0911	39.9348	0.8230	0.8243	5.0000	-9999.0000	-9999.0000	-9999.0000	-9999.0000	-9999.0000	-9999.0000	20.9028	6	0	24.5829	1.0000	99	9	-9999.0000	49997	34088	-9999	1076	1067	-9999	311.6959	5	0.6086	0.6335	-0.0020	23.3359	3.8154	450.7969	375.9033	38.0693	437.9869	95.4698	467.7705	94.8767	474.2465	94.8767	480.1733	94.8108	
09/08/2017	00:14:17	019004	G523015434HLR	L523	S		422.2598	1.0233	10.0000	99.8797	39.9802	0.8230	0.8267	5.0000	19.9915	508.1019	95.0085	12.0609	23.8000	0.9300	0.9370	0.6319	-0.0018	508.0000	509.5798	1.0339	8.8188	100.1008	40.0512	0.8230	0.8244	5.0000	-9999.0000	-9999.0000	-9999.0000	-9999.0000	-9999.0000	-9999.0000	20.5216	7	0	24.8533	1.0000	99	9	-9999.0000	49998	34089	-9999	1077	1068	-9999	309.9246	5	0.6090	0.6319	-0.0018	25.1695	3.6723	435.6754	389.9377	37.8057	423.0487	95.6017	458.4339	94.8108	466.3167	94.8108	472.3607	94.5692	
09/08/2017	00:14:42	019004	G523015476HLR	L523	S		443.4102	1.0233	10.0000	99.8915	39.8353	0.8230	0.8263	5.0000	20.0021	508.0670	94.9646	10.1213	23.8000	0.9300	0.9369	0.6339	-0.0020	508.0000	508.4669	1.0339	8.9465	100.0911	40.0113	0.8230	0.8242	5.0000	-9999.0000	-9999.0000	-9999.0000	-9999.0000	-9999.0000	-9999.0000	20.2414	8	0	24.6922	1.0000	99	9	-9999.0000	49999	34090	-9999	1077	1069	-9999	311.9182	5	0.6093	0.6339	-0.0020	22.8564	3.8628	451.9910	375.8934	39.0578	438.9696	95.0525	468.0436	94.7669	474.9342	94.9426	481.1729	94.8767	
09/08/2017	00:15:06	019004	G523015458HLR	L523	S		442.5867	1.0233	10.0000	99.8499	39.7122	0.8230	0.8265	5.0000	20.0824	508.0886	95.0305	11.2307	23.8000	0.9300	0.9370	0.6359	-0.0022	508.0000	509.0748	1.0339	8.8767	100.0825	39.8461	0.8230	0.8240	5.0000	-9999.0000	-9999.0000	-9999.0000	-9999.0000	-9999.0000	-9999.0000	20.7219	1	0	24.6727	1.0000	99	9	-9999.0000	50000	34091	-9999	1078	1070	-9999	310.8444	5	0.6091	0.6359	-0.0022	19.7141	4.1371	447.3490	389.6029	38.2231	435.4743	95.3161	462.2911	94.8108	468.4232	94.7449	473.8568	94.5253	
09/08/2017	00:15:31	019004	G523015428HLR	L523	S		442.5365	1.0233	10.0000	100.2461	39.8723	0.8230	0.8269	5.0000	20.1419	508.0587	94.9426	11.2415	23.8000	0.9300	0.9369	0.6363	-0.0022	508.0000	509.0245	1.0339	8.8825	100.0324	39.8461	0.8230	0.8242	5.0000	-9999.0000	-9999.0000	-9999.0000	-9999.0000	-9999.0000	-9999.0000	20.7523	2	0	24.6433	1.0000	99	9	-9999.0000	50001	34092	-9999	1079	1071	-9999	310.8337	5	0.6092	0.6363	-0.0022	26.0196	3.6421	445.9453	379.6811	38.3769	434.1478	95.1184	461.9375	94.8108	469.0283	94.9426	475.1982	94.7889	
09/08/2017	00:15:56	019004	G523015456HLR	L523	S		440.2721	1.0233	10.0000	100.3466	39.9730	0.8230	0.8268	5.0000	20.3117	508.0961	94.9426	11.9213	23.8000	0.9300	0.9371	0.6348	-0.0021	508.0000	508.2066	1.0339	8.9763	100.0788	40.0512	0.8230	0.8244	5.0000	-9999.0000	-9999.0000	-9999.0000	-9999.0000	-9999.0000	-9999.0000	20.5822	3	0	24.7929	1.0000	99	9	-9999.0000	50002	34093	-9999	1080	1072	-9999	310.0478	5	0.6094	0.6348	-0.0021	29.4878	3.3512	442.2212	371.4222	38.3110	429.4310	94.9207	460.1036	94.7669	467.4134	94.9207	472.8124	94.6790	
09/08/2017	00:16:21	019004	G523015455HLR	L523	S		441.2841	1.0233	10.0000	99.9349	39.8537	0.8230	0.8264	5.0000	20.3724	508.0909	94.8987	11.3714	23.8000	0.9300	0.9370	0.6341	-0.0020	508.0000	509.0156	1.0339	8.8835	100.0168	40.0490	0.8230	0.8244	5.0000	-9999.0000	-9999.0000	-9999.0000	-9999.0000	-9999.0000	-9999.0000	19.8723	4	0	25.6327	1.0000	99	9	-9999.0000	50003	34094	-9999	1081	1073	-9999	310.6265	5	0.6097	0.6341	-0.0020	31.7979	3.1756	443.2257	376.2846	38.2670	429.7756	94.9207	462.0753	94.7889	468.4059	94.9426	474.3760	94.8548	
09/08/2017	00:16:47	019004	G523015463HLR	L523	S		443.2016	1.0233	10.0000	100.3173	39.7521	0.8230	0.8265	5.0000	19.8419	508.0824	94.8548	10.0910	23.8000	0.9300	0.9369	0.6337	-0.0020	508.0000	508.7537	1.0339	8.9136	100.0121	39.8613	0.8230	0.8237	5.0000	-9999.0000	-9999.0000	-9999.0000	-9999.0000	-9999.0000	-9999.0000	22.2911	5	0	25.0829	1.0000	99	9	-9999.0000	50004	34095	-9999	1082	1074	-9999	311.8348	5	0.6097	0.6337	-0.0020	31.9161	3.1688	451.8192	386.7762	38.6844	439.2098	94.7669	469.1642	94.7230	476.4627	94.9207	482.2317	94.7449	
09/08/2017	00:17:12	019004	G523015466HLR	L523	S		443.2469	1.0233	10.0000	100.0067	39.8295	0.8230	0.8268	5.0000	19.9221	508.0777	95.0525	11.1907	23.8000	0.9300	0.9370	0.6312	-0.0018	508.0000	508.8856	1.0339	8.8984	100.0270	39.8461	0.8230	0.8240	5.0000	-9999.0000	-9999.0000	-9999.0000	-9999.0000	-9999.0000	-9999.0000	21.7123	6	0	25.7528	1.0000	99	9	-9999.0000	50005	34096	-9999	1083	1075	-9999	310.6740	5	0.6101	0.6312	-0.0018	40.2013	2.4156	449.8633	391.9986	37.6080	437.2432	94.7010	466.7729	94.6351	472.2177	94.7449	477.3422	94.6351	
09/08/2017	00:17:38	019004	G523015461HLR	L523	S		442.7501	1.0233	10.0000	99.9922	39.9685	0.8230	0.8268	5.0000	19.8214	508.0741	94.9426	10.9416	23.8000	0.9300	0.9370	0.6311	-0.0018	508.0000	509.1854	1.0339	8.8641	100.0343	39.9839	0.8230	0.8241	5.0000	-9999.0000	-9999.0000	-9999.0000	-9999.0000	-9999.0000	-9999.0000	22.4126	7	0	25.3330	1.0000	99	9	-9999.0000	50006	34097	-9999	1084	1076	-9999	310.9163	5	0.6102	0.6311	-0.0018	43.3201	2.1182	450.3717	377.2504	38.0473	438.7961	94.8328	466.7387	94.7449	472.2053	94.9426	478.4189	94.8548	
09/08/2017	00:18:03	019004	G523015452HLR	L523	S		439.1820	1.0233	10.0000	100.0133	39.8877	0.8230	0.8266	5.0000	20.2219	508.0642	95.0085	12.4018	23.8000	0.9300	0.9371	0.6312	-0.0018	508.0000	507.4969	1.0339	8.9566	100.0484	40.0736	0.8230	0.8240	5.0000	-9999.0000	-9999.0000	-9999.0000	-9999.0000	-9999.0000	-9999.0000	21.9429	8	0	25.2322	1.0000	99	9	-9999.0000	50007	34098	-9999	1085	1077	-9999	309.4752	5	0.6101	0.6312	-0.0018	43.5701	2.0967	447.0197	377.5600	39.9585	435.7319	95.2941	461.2358	94.8987	467.1733	94.9207	472.0074	94.6131	
09/08/2017	00:18:27	019004	G523015439HLR	L523	S		438.9016	1.0233	10.0000	99.9971	39.6705	0.8230	0.8262	5.0000	22.1119	508.0925	94.8767	12.0013	23.8000	0.9300	0.9370	0.6283	-0.0015	508.0000	507.6891	1.0339	8.9732	100.0692	39.9417	0.8230	0.8241	5.0000	-9999.0000	-9999.0000	-9999.0000	-9999.0000	-9999.0000	-9999.0000	19.9221	1	0	24.6025	1.0000	99	9	-9999.0000	50008	34099	-9999	1086	1078	-9999	310.0010	5	0.6106	0.6283	-0.0015	46.2560	1.8594	450.7933	384.5827	39.1677	437.8816	95.2941	463.3884	94.8767	469.7098	94.9646	474.7778	94.8767	
09/08/2017	00:18:55	019004	G523015447HLR	L523	S		442.6301	1.0233	10.0000	99.9658	39.7955	0.8230	0.8268	5.0000	20.1927	508.0644	94.8767	11.2112	23.8000	0.9300	0.9369	0.6296	-0.0017	508.0000	509.3097	1.0339	8.8498	100.0832	39.8461	0.8230	0.8241	5.0000	-9999.0000	-9999.0000	-9999.0000	-9999.0000	-9999.0000	-9999.0000	20.5023	2	0	27.7931	1.0000	99	9	-9999.0000	50009	34100	-9999	1087	1079	-9999	310.4879	5	0.6106	0.6296	-0.0017	45.5255	1.9167	450.6835	379.6713	38.6624	437.8534	95.1843	467.8144	94.8767	472.7478	94.9207	478.4834	94.7889	
09/08/2017	00:19:22	019004	G523015448HLR	L523	S		443.6882	1.0233	10.0000	100.0280	39.9636	0.8230	0.8267	5.0000	21.3823	508.0511	94.8328	9.9015	23.8000	0.9300	0.9370	0.6286	-0.0016	508.0000	508.2702	1.0339	8.9690	100.0183	39.8926	0.8230	0.8238	5.0000	-9999.0000	-9999.0000	-9999.0000	-9999.0000	-9999.0000	-9999.0000	24.4627	3	0	26.8634	1.0000	99	9	-9999.0000	50010	34101	-9999	1088	1080	-9999	311.5269	5	0.6107	0.6286	-0.0016	46.7314	1.7990	456.9692	377.2304	37.8716	445.2536	95.0305	473.1402	94.7449	480.1232	94.9426	485.0745	94.7889	
09/08/2017	00:19:47	019004	G523015450HLR	L523	S		441.4117	1.0233	10.0000	100.0578	39.9094	0.8230	0.8264	5.0000	20.1526	508.0616	95.0744	11.6019	23.8000	0.9300	0.9370	0.6287	-0.0016	508.0000	508.6390	1.0339	8.9267	100.0050	40.0062	0.8230	0.8238	5.0000	-9999.0000	-9999.0000	-9999.0000	-9999.0000	-9999.0000	-9999.0000	23.4821	4	0	24.6024	1.0000	99	9	-9999.0000	50011	34102	-9999	1089	1081	-9999	310.1499	5	0.6105	0.6287	-0.0016	47.3347	1.7430	451.4540	389.6545	40.2660	440.7168	94.8328	465.0218	94.6571	471.0807	94.7230	476.2648	94.6351	
09/08/2017	00:20:11	019004	G523015453HLR	L523	S		440.2685	1.0233	10.0000	100.0396	39.6797	0.8230	0.8261	5.0000	21.9624	508.0757	94.9207	11.0510	23.8000	0.9300	0.9371	0.6320	-0.0019	508.0000	507.5378	1.0339	8.9602	100.0905	39.9446	0.8230	0.8240	5.0000	-9999.0000	-9999.0000	-9999.0000	-9999.0000	-9999.0000	-9999.0000	20.8714	5	0	24.6834	1.0000	99	9	-9999.0000	50012	34103	-9999	1090	1082	-9999	310.6023	5	0.6107	0.6320	-0.0019	48.9031	1.6031	450.5479	378.5842	39.5411	438.1630	94.9207	465.1863	94.7010	472.0804	94.9646	477.4204	94.8987	
09/08/2017	00:20:36	019004	G523015446HLR	L523	S		442.1848	1.0233	10.0000	100.0611	39.7638	0.8230	0.8267	5.0000	20.2024	508.0816	94.8987	11.2815	23.8000	0.9300	0.9369	0.6312	-0.0018	508.0000	508.8200	1.0339	8.9060	100.0548	39.8461	0.8230	0.8241	5.0000	-9999.0000	-9999.0000	-9999.0000	-9999.0000	-9999.0000	-9999.0000	20.2821	6	0	24.6120	1.0000	99	9	-9999.0000	50013	34104	-9999	1091	1083	-9999	310.3308	5	0.6105	0.6312	-0.0018	49.8905	1.5210	449.1835	372.1208	38.4208	437.0526	95.0305	464.1020	94.8328	470.9484	94.8987	476.9885	94.6571	
09/08/2017	00:21:01	019004	G523015443HLR	L523	S		442.2108	1.0233	10.0000	100.0332	39.9532	0.8230	0.8267	5.0000	21.8118	508.0684	94.9207	11.4017	23.9000	0.9300	0.9372	0.6322	-0.0019	508.0000	507.7624	1.0339	8.9795	99.9649	39.9487	0.8230	0.8244	5.0000	-9999.0000	-9999.0000	-9999.0000	-9999.0000	-9999.0000	-9999.0000	20.1623	7	0	25.0430	1.0000	99	9	-9999.0000	50014	34105	-9999	1092	1084	-9999	310.1438	5	0.6106	0.6322	-0.0019	50.5640	1.4506	448.0279	370.6326	39.4972	434.8745	94.4813	464.2158	94.7230	471.8621	94.9426	478.1874	94.8987	
09/08/2017	00:21:26	019004	G523015444HLR	L523	S		441.1820	1.0233	10.0000	99.6579	39.9616	0.8230	0.8264	5.0000	19.9818	508.0687	94.8548	10.8518	23.9000	0.9300	0.9370	0.6299	-0.0017	508.0000	507.8651	1.0339	8.9884	100.0146	40.0512	0.8230	0.8244	5.0000	-9999.0000	-9999.0000	-9999.0000	-9999.0000	-9999.0000	-9999.0000	20.1018	8	0	24.6032	1.0000	99	9	-9999.0000	50015	34106	-9999	1093	1085	-9999	310.6708	5	0.6109	0.6299	-0.0017	50.4689	1.4547	451.4443	373.5210	39.5411	439.3738	94.8548	466.4493	94.7669	473.2821	94.9207	479.0014	94.7449	
09/08/2017	00:21:51	019004	G523015442HLR	L523	S		440.9959	1.0233	10.0000	99.9441	39.6954	0.8230	0.8261	5.0000	21.0921	508.0850	95.0305	12.2318	23.8000	0.9300	0.9370	0.6293	-0.0016	508.0000	508.7101	1.0339	8.9186	100.0951	40.0089	0.8230	0.8241	5.0000	-9999.0000	-9999.0000	-9999.0000	-9999.0000	-9999.0000	-9999.0000	20.2717	1	0	25.2822	1.0000	99	9	-9999.0000	50016	34107	-9999	1094	1086	-9999	309.5553	5	0.6108	0.6293	-0.0016	49.9191	1.5060	446.7465	366.4280	39.4752	434.0223	94.8987	463.6052	94.7669	470.0853	94.9207	474.6822	94.6790	
09/08/2017	00:22:16	019004	G523015904HLR	L523	S		442.3979	1.0233	10.0000	100.1352	39.7184	0.8230	0.8266	5.0000	20.7718	508.0763	94.8987	10.3312	23.7000	0.9300	0.9368	0.6278	-0.0015	508.0000	508.3919	1.0339	8.9551	100.0354	39.8461	0.8230	0.8238	5.0000	-9999.0000	-9999.0000	-9999.0000	-9999.0000	-9999.0000	-9999.0000	21.6626	2	0	24.8435	1.0000	99	9	-9999.0000	50017	34108	-9999	1095	1087	-9999	311.0990	5	0.6109	0.6278	-0.0015	50.2742	1.4688	455.3550	374.5459	38.9260	443.0987	94.9646	472.0387	94.7449	477.7672	94.9646	483.4668	94.8987	
09/08/2017	00:22:41	019004	G523015906HLR	L523	S		441.3356	1.0233	10.0000	100.0438	39.9700	0.8230	0.8270	5.0000	19.9524	508.0676	95.0305	11.8812	23.7000	0.9300	0.9369	0.6256	-0.0013	508.0000	508.8069	1.0339	8.9075	100.1056	39.8965	0.8230	0.8244	5.0000	-9999.0000	-9999.0000	-9999.0000	-9999.0000	-9999.0000	-9999.0000	20.3019	3	0	24.9823	1.0000	99	9	-9999.0000	50018	34109	-9999	1096	1088	-9999	309.9327	5	0.6107	0.6256	-0.0013	50.3520	1.4650	451.4073	359.4381	37.0149	439.6430	95.4039	465.5356	94.8328	471.6920	94.7889	477.4435	94.5692	
09/08/2017	00:23:05	019004	G523015908HLR	L523	S		440.9828	1.0233	10.0000	100.0900	40.0050	0.8230	0.8266	5.0000	19.8724	508.0858	94.8987	11.7703	23.7000	0.9300	0.9370	0.6260	-0.0014	508.0000	508.8270	1.0339	8.9052	100.0775	40.0512	0.8230	0.8244	5.0000	-9999.0000	-9999.0000	-9999.0000	-9999.0000	-9999.0000	-9999.0000	21.0824	4	0	24.6327	1.0000	99	9	-9999.0000	50019	34110	-9999	1097	1089	-9999	310.0267	5	0.6108	0.6260	-0.0014	50.5554	1.4533	451.6922	386.1318	38.5965	440.3763	95.3380	465.5308	94.8767	471.6330	94.9646	476.7205	94.8108	
09/08/2017	00:23:31	019004	G523015909HLR	L523	S		441.9766	1.0233	10.0000	100.0296	39.7851	0.8230	0.8263	5.0000	19.7620	508.0550	94.8987	10.7014	23.7000	0.9300	0.9368	0.6275	-0.0015	508.0000	507.9697	1.0339	8.9974	100.0821	40.0332	0.8230	0.8242	5.0000	-9999.0000	-9999.0000	-9999.0000	-9999.0000	-9999.0000	-9999.0000	20.6419	5	0	25.3534	1.0000	99	9	-9999.0000	50020	34111	-9999	1098	1089	-9999	310.7616	5	0.6107	0.6275	-0.0015	51.4251	1.3693	451.8879	392.6145	39.3654	439.9708	95.4698	468.8980	94.9426	475.0385	94.8987	480.3355	94.7889	
09/08/2017	00:23:55	019004	G523015911HLR	L523	S		439.7250	1.0233	10.0000	100.3684	39.6838	0.8230	0.8266	5.0000	20.4924	508.0991	94.9866	11.4114	23.7000	0.9300	0.9368	0.6277	-0.0015	508.0000	508.6178	1.0339	8.9292	100.0533	39.8645	0.8230	0.8238	5.0000	-9999.0000	-9999.0000	-9999.0000	-9999.0000	-9999.0000	-9999.0000	21.6420	6	0	24.6425	1.0000	99	9	-9999.0000	50021	34112	-9999	1099	1090	-9999	310.2288	5	0.6108	0.6277	-0.0015	52.3525	1.2887	448.7956	397.3823	39.2775	436.5914	95.0525	465.3213	94.7449	471.7034	94.8108	476.8468	94.5912	
09/08/2017	00:24:20	019004	G523015869HLR	L523	S		440.4099	1.0233	10.0000	99.8012	39.8768	0.8230	0.8267	5.0000	21.5727	508.0776	94.9207	11.2610	23.8000	0.9300	0.9370	0.6284	-0.0016	508.0000	507.9855	1.0339	8.9987	100.0879	39.8461	0.8230	0.8242	5.0000	-9999.0000	-9999.0000	-9999.0000	-9999.0000	-9999.0000	-9999.0000	20.8128	7	0	24.9432	1.0000	99	9	-9999.0000	50022	34113	-9999	1100	1090	-9999	310.3294	5	0.6107	0.6284	-0.0016	52.8332	1.2406	449.7069	388.7747	37.8277	437.4181	94.7669	464.9678	94.6790	473.8243	94.9426	478.6967	94.9207	
09/08/2017	00:24:46	019004	G523015436HLR	L523	S		441.2988	1.0233	10.0000	99.9519	39.9845	0.8230	0.8267	5.0000	20.0120	508.0496	94.8767	10.8303	23.8000	0.9300	0.9371	0.6279	-0.0015	508.0000	507.6000	1.0339	8.9655	100.0905	40.0457	0.8230	0.8245	5.0000	-9999.0000	-9999.0000	-9999.0000	-9999.0000	-9999.0000	-9999.0000	20.6019	8	0	26.0029	1.0000	99	9	-9999.0000	50023	34114	-9999	1101	1091	-9999	310.5734	5	0.6105	0.6279	-0.0015	51.7160	1.3388	450.5023	378.0714	38.9260	438.1512	95.2941	467.8576	94.8548	474.0348	94.8987	479.5775	94.5692	
09/08/2017	00:25:12	019004	G523015866HLR	L523	S		441.6936	1.0233	10.0000	99.9926	39.8623	0.8230	0.8264	5.0000	20.2816	508.0934	94.8987	11.4407	23.8000	0.9300	0.9369	0.6283	-0.0016	508.0000	508.5833	1.0339	8.9331	100.0098	40.0037	0.8230	0.8238	5.0000	-9999.0000	-9999.0000	-9999.0000	-9999.0000	-9999.0000	-9999.0000	22.6823	1	0	25.8525	1.0000	99	9	-9999.0000	50024	34115	-9999	1102	1092	-9999	310.1583	5	0.6106	0.6283	-0.0016	51.8653	1.3311	448.5061	378.0917	36.9490	435.5916	94.9646	467.9651	94.8108	472.1047	94.9426	477.1163	94.8328	
09/08/2017	00:25:37	019004	G523015867HLR	L523	S		441.3841	1.0233	10.0000	100.0254	39.7006	0.8230	0.8265	5.0000	19.9525	508.0693	94.8987	11.4320	23.8000	0.9300	0.9370	0.6288	-0.0016	508.0000	508.2788	1.0339	8.9680	100.0647	39.8559	0.8230	0.8239	5.0000	-9999.0000	-9999.0000	-9999.0000	-9999.0000	-9999.0000	-9999.0000	21.0824	2	0	24.6327	1.0000	99	9	-9999.0000	50025	34116	-9999	1103	1093	-9999	310.1412	5	0.6105	0.6288	-0.0016	51.7879	1.3426	449.1421	379.3045	38.1352	437.0157	95.2062	465.1257	94.8548	472.1547	94.9426	476.1353	94.6571	
09/08/2017	00:26:02	019004	G523015864HLR	L523	S		443.3136	1.0233	10.0000	100.0092	39.8224	0.8230	0.8268	5.0000	20.2620	508.0686	94.8767	10.2004	23.8000	0.9300	0.9369	0.6314	-0.0019	508.0000	508.4115	1.0339	8.9528	100.0450	39.8823	0.8230	0.8244	5.0000	-9999.0000	-9999.0000	-9999.0000	-9999.0000	-9999.0000	-9999.0000	19.9123	3	0	24.8533	1.0000	99	9	-9999.0000	50026	34117	-9999	1104	1093	-9999	311.2406	5	0.6106	0.6314	-0.0019	51.2889	1.3942	452.7425	375.9773	38.7283	440.4312	95.1623	469.3073	94.8548	476.1263	94.9426	482.2605	94.7449	
09/08/2017	00:26:26	019004	G523015868HLR	L523	S		441.7568	1.0233	10.0000	99.9730	39.9626	0.8230	0.8267	5.0000	20.3615	508.0652	94.9426	11.7416	23.8000	0.9300	0.9370	0.6330	-0.0020	508.0000	508.8538	1.0339	8.9021	100.0359	40.0402	0.8230	0.8245	5.0000	-9999.0000	-9999.0000	-9999.0000	-9999.0000	-9999.0000	-9999.0000	20.0822	4	0	24.6327	1.0000	99	9	-9999.0000	50027	34118	-9999	1105	1094	-9999	309.7399	5	0.6107	0.6330	-0.0020	52.8545	1.2467	443.8961	391.5978	37.6300	430.6961	95.2282	462.2115	94.8108	469.1061	94.9207	474.5561	94.7010	
09/08/2017	00:26:54	019004	G523015346HLR	L523	S		439.0882	1.0233	10.0000	99.8278	39.8920	0.8230	0.8264	5.0000	19.9427	508.0968	94.8987	11.3021	23.8000	0.9300	0.9371	0.6332	-0.0020	508.0000	508.4541	1.0339	8.9479	100.0667	40.0113	0.8230	0.8240	5.0000	-9999.0000	-9999.0000	-9999.0000	-9999.0000	-9999.0000	-9999.0000	21.3022	5	0	27.5324	1.0000	99	9	-9999.0000	50028	34119	-9999	1106	1095	-9999	310.2410	5	0.6107	0.6332	-0.0020	53.0779	1.2256	449.3884	376.4328	38.7503	437.9285	95.2282	461.9087	94.8108	469.1951	94.9426	475.3769	94.7889	
09/08/2017	00:27:18	019004	G523015870HLR	L523	S		439.9311	1.0233	10.0000	100.0421	39.6815	0.8230	0.8262	5.0000	22.2125	508.0800	94.8767	11.9213	23.8000	0.9300	0.9369	0.6354	-0.0022	508.0000	508.0925	1.0339	8.9894	100.1051	39.8461	0.8230	0.8240	5.0000	-9999.0000	-9999.0000	-9999.0000	-9999.0000	-9999.0000	-9999.0000	20.9525	6	0	24.5935	1.0000	99	9	-9999.0000	50029	34120	-9999	1107	1096	-9999	309.5457	5	0.6105	0.6354	-0.0022	55.7062	0.9954	447.0617	383.5552	40.2001	435.3953	95.2502	459.8274	94.8987	466.3113	94.9207	472.5613	94.7889	
09/08/2017	00:27:43	019004	G523015871HLR	L523	S		442.5976	1.0233	10.0000	99.8445	39.7939	0.8230	0.8268	5.0000	20.0530	508.0743	94.8328	10.1212	23.7000	0.9300	0.9371	0.6331	-0.0020	508.0000	507.7021	1.0339	8.9743	99.9754	39.9487	0.8230	0.8245	5.0000	-9999.0000	-9999.0000	-9999.0000	-9999.0000	-9999.0000	-9999.0000	19.8117	7	0	24.6727	1.0000	99	9	-9999.0000	50030	34121	-9999	1108	1097	-9999	311.4357	5	0.6107	0.6331	-0.0020	53.8584	1.1551	453.4176	378.7414	37.7837	441.8038	94.7230	469.6739	94.7669	475.0891	94.9426	481.2512	94.8108	
09/08/2017	00:28:08	019004	G523015873HLR	L523	S		440.5986	1.0233	10.0000	100.0528	39.9845	0.8230	0.8268	5.0000	20.2923	508.0630	95.0964	11.9916	23.8000	0.9300	0.9369	0.6335	-0.0020	508.0000	508.4881	1.0339	8.9440	100.0319	40.0512	0.8230	0.8245	5.0000	-9999.0000	-9999.0000	-9999.0000	-9999.0000	-9999.0000	-9999.0000	19.9025	8	0	24.5829	1.0000	99	9	-9999.0000	50031	34122	-9999	1109	1098	-9999	309.4269	5	0.6105	0.6335	-0.0020	54.8975	1.0534	447.8901	377.3984	37.8277	437.3868	95.0964	459.5652	94.7449	466.5584	94.7449	471.6601	94.5692	
09/08/2017	00:28:32	019004	G523015877HLR	L523	S		442.9621	1.0233	10.0000	100.0160	39.9174	0.8230	0.8264	5.0000	20.1223	508.0930	94.8987	10.1105	23.8000	0.9300	0.9371	0.6334	-0.0020	508.0000	508.3277	1.0339	8.9624	100.0535	39.9935	0.8230	0.8241	5.0000	-9999.0000	-9999.0000	-9999.0000	-9999.0000	-9999.0000	-9999.0000	20.7425	1	0	24.7625	1.0000	99	9	-9999.0000	50032	34123	-9999	1110	1099	-9999	311.4139	5	0.6105	0.6334	-0.0020	53.9889	1.1371	454.6508	379.0647	40.2880	443.2332	95.0305	468.3206	94.7889	474.7657	94.9426	481.2376	94.8548	
09/08/2017	00:28:57	019004	G523015875HLR	L523	S		438.5002	1.0233	10.0000	99.8647	39.7319	0.8230	0.8263	5.0000	20.2728	508.1091	95.0085	11.8715	23.8000	0.9300	0.9369	0.6330	-0.0020	508.0000	507.0849	1.0339	8.9211	100.0317	39.8461	0.8230	0.8241	5.0000	-9999.0000	-9999.0000	-9999.0000	-9999.0000	-9999.0000	-9999.0000	20.3627	2	0	24.6121	1.0000	99	9	-9999.0000	50033	34124	-9999	1111	1100	-9999	309.6017	5	0.6104	0.6330	-0.0020	52.8514	1.2493	447.0339	367.4637	39.3434	436.0588	95.2941	459.6517	94.8328	466.3760	94.8328	472.0513	94.5472	
09/08/2017	00:29:22	019004	G523015878HLR	L523	S		442.4379	1.0233	10.0000	100.0099	39.7876	0.8230	0.8266	5.0000	20.8227	508.0918	94.9426	10.9006	23.7000	0.9300	0.9371	0.6339	-0.0021	508.0000	508.5515	1.0339	8.9368	100.0829	39.8494	0.8230	0.8243	5.0000	-9999.0000	-9999.0000	-9999.0000	-9999.0000	-9999.0000	-9999.0000	20.7619	3	0	24.6628	1.0000	99	9	-9999.0000	50034	34125	-9999	1112	1100	-9999	310.5983	5	0.6105	0.6339	-0.0021	51.8770	1.3267	451.4324	388.5888	38.3769	440.3831	95.0744	466.8105	94.7889	472.3439	94.9646	477.6931	94.8767	
09/08/2017	00:29:46	019004	G523015881HLR	L523	S		440.2000	1.0233	10.0000	100.1807	39.9294	0.8230	0.8268	5.0000	19.9319	508.1197	94.9866	11.6615	23.7000	0.9300	0.9369	0.6354	-0.0022	508.0000	508.2406	1.0339	8.9724	100.0958	40.0512	0.8230	0.8244	5.0000	-9999.0000	-9999.0000	-9999.0000	-9999.0000	-9999.0000	-9999.0000	21.0825	4	0	24.7128	1.0000	99	9	-9999.0000	50035	34126	-9999	1113	1101	-9999	309.7664	5	0.6105	0.6354	-0.0022	50.8837	1.4192	446.8950	371.4663	39.1237	436.0489	95.4479	460.1130	94.8987	467.4486	94.7669	472.7494	94.5472	
09/08/2017	00:30:11	019004	G523015891HLR	L523	S		446.7490	1.0233	10.0000	100.0309	39.9192	0.8230	0.8266	5.0000	20.0629	508.1203	94.9207	9.4112	23.8000	0.9300	0.9371	0.6356	-0.0022	508.0000	510.1722	1.0339	8.7509	99.9852	40.0512	0.8230	0.8243	5.0000	-9999.0000	-9999.0000	-9999.0000	-9999.0000	-9999.0000	-9999.0000	19.9319	5	0	24.7030	1.0000	99	9	-9999.0000	50036	34127	-9999	1114	1101	-9999	312.3257	5	0.6105	0.6356	-0.0022	50.5030	1.4506	454.5667	377.3601	38.5965	441.7390	95.2282	472.0162	94.7889	479.2027	94.9866	484.7315	94.8548	
09/08/2017	00:30:36	019004	G523015863HLR	L523	S		442.4565	1.0233	10.0000	100.3680	39.7843	0.8230	0.8264	5.0000	19.8821	508.0771	94.9426	10.1808	23.8000	0.9300	0.9368	0.6352	-0.0022	508.0000	508.5353	1.0339	8.9386	100.0956	39.9155	0.8230	0.8241	5.0000	-9999.0000	-9999.0000	-9999.0000	-9999.0000	-9999.0000	-9999.0000	20.0315	6	0	24.6132	1.0000	99	9	-9999.0000	50037	34128	-9999	1115	1102	-9999	311.4048	5	0.6106	0.6352	-0.0022	49.2817	1.5676	452.5470	381.6408	39.0359	440.9749	95.3820	467.0682	94.8108	473.3381	94.6131	479.2719	94.5692	
09/08/2017	00:31:00	019004	G523015857HLR	L523	S		444.1117	1.0233	10.0000	100.0496	39.7841	0.8230	0.8267	5.0000	20.1625	508.1133	94.9426	10.0812	23.8000	0.9300	0.9371	0.6349	-0.0022	508.0000	508.2158	1.0339	8.9753	100.0960	39.8461	0.8230	0.8242	5.0000	-9999.0000	-9999.0000	-9999.0000	-9999.0000	-9999.0000	-9999.0000	20.4914	7	0	24.7126	1.0000	99	9	-9999.0000	50038	34129	-9999	1116	1103	-9999	311.5142	5	0.6107	0.6349	-0.0022	49.3376	1.5598	450.7011	372.8399	38.4208	437.1733	95.1403	468.4937	94.8328	476.7319	94.8548	481.4159	94.7010	
09/08/2017	00:31:26	019004	G523015858HLR	L523	S		442.0274	1.0233	10.0000	99.8245	39.8975	0.8230	0.8267	5.0000	20.9720	508.0642	95.0085	11.1311	23.8000	0.9300	0.9369	0.6347	-0.0022	508.0000	508.0604	1.0339	8.9931	100.0727	39.9530	0.8230	0.8243	5.0000	-9999.0000	-9999.0000	-9999.0000	-9999.0000	-9999.0000	-9999.0000	21.2220	8	0	25.1026	1.0000	99	9	-9999.0000	50039	34130	-9999	1117	1104	-9999	310.3033	5	0.6106	0.6347	-0.0022	48.4714	1.6486	444.5754	386.7364	39.2775	430.5817	94.7889	465.3760	94.7449	472.4553	94.7449	476.4736	94.6790	
09/08/2017	00:31:50	019004	G523015860HLR	L523	S		442.5713	1.0233	10.0000	99.9159	39.9135	0.8230	0.8265	5.0000	20.4623	508.0952	94.9207	11.1311	23.7000	0.9300	0.9371	0.6343	-0.0021	508.0000	508.2903	1.0339	8.9667	100.0680	40.0547	0.8230	0.8241	5.0000	-9999.0000	-9999.0000	-9999.0000	-9999.0000	-9999.0000	-9999.0000	21.7231	1	0	24.7028	1.0000	99	9	-9999.0000	50040	34131	-9999	1118	1105	-9999	310.3508	5	0.6107	0.6343	-0.0021	47.5483	1.7251	446.6821	377.1694	38.5306	433.9748	94.8987	463.4407	94.7449	470.2010	94.9426	476.1388	94.8767	
09/08/2017	00:32:15	019004	G523015903HLR	L523	S		443.0139	1.0233	10.0000	100.0017	39.8033	0.8230	0.8264	5.0000	20.3119	508.0953	94.9207	10.7317	23.7000	0.9300	0.9369	0.6341	-0.0021	508.0000	507.7508	1.0339	8.9785	100.0944	39.9409	0.8230	0.8240	5.0000	-9999.0000	-9999.0000	-9999.0000	-9999.0000	-9999.0000	-9999.0000	20.6116	2	0	24.6425	1.0000	99	9	-9999.0000	50041	34132	-9999	1119	1106	-9999	310.7130	5	0.6108	0.6341	-0.0021	48.6805	1.6209	449.1788	372.1208	37.6080	436.3693	95.1623	465.2049	94.8108	472.7451	94.8987	477.5789	94.6571	
09/08/2017	00:32:40	019004	G523015844HLR	L523	S		441.3283	1.0233	10.0000	99.9748	39.7884	0.8230	0.8266	5.0000	20.1614	508.0609	94.9866	11.8216	23.7000	0.9300	0.9371	0.6344	-0.0021	508.0000	508.5278	1.0339	8.9395	100.1109	39.8461	0.8230	0.8242	5.0000	-9999.0000	-9999.0000	-9999.0000	-9999.0000	-9999.0000	-9999.0000	20.0823	3	0	24.7332	1.0000	99	9	-9999.0000	50042	34133	-9999	1120	1107	-9999	309.4788	5	0.6109	0.6344	-0.0021	47.7218	1.7024	444.1572	381.4150	37.5860	432.8483	95.0085	459.8706	94.7669	466.9901	94.8987	473.0330	94.6571	
09/08/2017	00:33:04	019004	G523015836HLR	L523	S		441.9104	1.0233	10.0000	99.9769	39.8766	0.8230	0.8267	5.0000	20.4221	508.0955	94.8987	10.6819	23.7000	0.9300	0.9369	0.6343	-0.0021	508.0000	507.8216	1.0339	8.9846	100.0595	39.9114	0.8230	0.8245	5.0000	-9999.0000	-9999.0000	-9999.0000	-9999.0000	-9999.0000	-9999.0000	20.0918	4	0	24.6922	1.0000	99	9	-9999.0000	50043	34134	-9999	1121	1108	-9999	310.7723	5	0.6109	0.6343	-0.0021	47.5539	1.7184	449.9735	376.0669	38.2011	438.8581	95.0525	462.8804	94.7449	472.3574	94.9207	478.4692	94.8767	
09/08/2017	00:33:33	019004	G523015835HLR	L523	S		439.8711	1.0233	10.0000	99.8685	39.9063	0.8230	0.8266	5.0000	20.1830	508.1020	94.9426	11.2610	23.7000	0.9300	0.9369	0.6345	-0.0022	508.0000	508.9053	1.0339	8.8962	100.0861	40.0512	0.8230	0.8245	5.0000	-9999.0000	-9999.0000	-9999.0000	-9999.0000	-9999.0000	-9999.0000	20.3029	5	0	28.6039	1.0000	99	9	-9999.0000	50044	34135	-9999	1122	1109	-9999	310.1185	5	0.6110	0.6345	-0.0022	47.5336	1.7164	449.5731	389.7326	37.6519	437.4594	95.0305	462.0696	94.7669	468.9416	94.8548	475.4225	94.5912	
09/08/2017	00:33:58	019004	G523015853HLR	L523	S		439.3089	1.0233	10.0000	100.0531	39.8627	0.8230	0.8265	5.0000	20.0022	508.0749	94.8987	11.7113	23.7000	0.9300	0.9371	0.6351	-0.0022	508.0000	508.1521	1.0339	8.9826	99.9922	39.8975	0.8230	0.8235	5.0000	-9999.0000	-9999.0000	-9999.0000	-9999.0000	-9999.0000	-9999.0000	25.2435	6	0	24.8621	1.0000	99	9	-9999.0000	50045	34136	-9999	1123	1110	-9999	309.6412	5	0.6109	0.6351	-0.0022	46.9041	1.7708	443.4866	379.2105	37.9155	430.9225	95.0085	459.5246	94.8108	466.7928	94.9646	472.4434	94.8108	
09/08/2017	00:34:23	019004	G523015848HLR	L523	S		440.9574	1.0233	10.0000	99.9758	39.7912	0.8230	0.8265	5.0000	19.9622	508.0709	94.8987	11.4613	23.7000	0.9300	0.9369	0.6351	-0.0022	508.0000	508.1630	1.0339	8.9813	100.0422	39.8461	0.8230	0.8241	5.0000	-9999.0000	-9999.0000	-9999.0000	-9999.0000	-9999.0000	-9999.0000	20.4221	7	0	25.0731	1.0000	99	9	-9999.0000	50046	34137	-9999	1124	1111	-9999	309.9127	5	0.6109	0.6351	-0.0022	46.9981	1.7621	448.1981	380.1625	40.3978	437.1297	95.0525	461.5070	94.7669	469.3585	94.8987	475.1135	94.8328	
09/08/2017	00:34:47	019004	G523015623HLR	L523	S		436.3150	1.0233	10.0000	100.2827	39.8308	0.8230	0.8267	5.0000	20.3518	508.0962	95.0305	12.7817	23.7000	0.9300	0.9371	0.6351	-0.0022	508.0000	506.0814	1.0339	8.8346	100.0508	39.9233	0.8230	0.8242	5.0000	-9999.0000	-9999.0000	-9999.0000	-9999.0000	-9999.0000	-9999.0000	21.7221	8	0	24.7030	1.0000	99	9	-9999.0000	50047	34138	-9999	1125	1112	-9999	308.4998	5	0.6111	0.6351	-0.0022	47.4222	1.7165	444.4758	388.8868	39.0139	433.0875	95.0085	455.3633	94.7669	461.5481	94.8987	467.8109	94.7230	
09/08/2017	00:35:13	019004	G523015624HLR	L523	S		435.5056	1.0233	10.0000	100.0195	39.9065	0.8230	0.8267	5.0000	19.9026	508.0875	94.8987	12.5209	23.7000	0.9300	0.9371	0.6363	-0.0023	508.0000	508.5422	1.0339	8.9378	100.0507	40.0512	0.8230	0.8243	5.0000	-9999.0000	-9999.0000	-9999.0000	-9999.0000	-9999.0000	-9999.0000	21.2524	1	0	25.6229	1.0000	99	9	-9999.0000	50048	34139	-9999	1126	1113	-9999	308.6421	5	0.6111	0.6363	-0.0023	47.2660	1.7378	441.7038	374.9941	38.5087	430.3094	95.0744	456.9765	94.8108	462.3567	94.9866	467.6753	94.8987	
09/08/2017	00:35:38	019004	G523015657HLR	L523	S		432.9769	1.0233	10.0000	100.1705	39.8883	0.8230	0.8266	5.0000	19.7718	508.0729	94.9207	13.1812	23.7000	0.9300	0.9371	0.6353	-0.0022	508.0000	507.4154	1.0339	8.9496	100.0754	40.0031	0.8230	0.8242	5.0000	-9999.0000	-9999.0000	-9999.0000	-9999.0000	-9999.0000	-9999.0000	20.4026	2	0	24.6727	1.0000	99	9	-9999.0000	50049	34140	-9999	1127	1114	-9999	307.9277	5	0.6108	0.6353	-0.0022	45.8173	1.8763	438.0203	376.7487	38.3988	425.7639	95.3600	452.3976	94.8987	459.0214	94.9207	464.6782	94.8108	
09/08/2017	00:36:03	019004	G523015666HLR	L523	S		435.7849	1.0233	10.0000	99.9513	39.8025	0.8230	0.8265	5.0000	19.8820	508.0724	94.8548	12.0219	23.7000	0.9300	0.9371	0.6350	-0.0022	508.0000	508.8513	1.0339	8.9024	100.0545	39.8766	0.8230	0.8241	5.0000	-9999.0000	-9999.0000	-9999.0000	-9999.0000	-9999.0000	-9999.0000	20.1125	3	0	25.4228	1.0000	99	9	-9999.0000	50050	34141	-9999	1128	1115	-9999	309.2674	5	0.6109	0.6350	-0.0022	45.1698	1.9385	442.8612	376.6991	39.2555	430.0538	95.2062	458.2401	94.8328	464.7086	94.9426	470.3938	94.8767	
09/08/2017	00:36:30	019004	G523015646HLR	L523	S		439.1091	1.0233	10.0000	99.8357	39.7798	0.8230	0.8266	5.0000	20.2318	508.0567	94.7669	10.1408	23.7000	0.9300	0.9369	0.6256	-0.0013	508.0000	509.6541	1.0339	8.8103	100.0822	39.8527	0.8230	0.8242	5.0000	-9999.0000	-9999.0000	-9999.0000	-9999.0000	-9999.0000	-9999.0000	20.7121	4	0	26.9433	1.0000	99	9	-9999.0000	50051	34142	-9999	1129	1116	-9999	310.9881	5	0.6107	0.6256	-0.0013	44.6682	1.9756	447.4101	373.5318	38.4867	435.0173	95.1184	470.6999	94.7230	479.2767	94.8987	484.9007	94.8108	
09/08/2017	00:36:56	019004	G523015665HLR	L523	S		438.8053	1.0233	10.0000	100.0382	39.8819	0.8230	0.8268	5.0000	20.1322	508.0421	94.9866	11.2112	23.8000	0.9300	0.9371	0.6296	-0.0017	508.0000	507.9409	1.0339	8.9949	100.0253	40.0011	0.8230	0.8240	5.0000	-9999.0000	-9999.0000	-9999.0000	-9999.0000	-9999.0000	-9999.0000	23.6530	5	0	25.7920	1.0000	99	9	-9999.0000	50052	34143	-9999	1130	1117	-9999	310.1232	5	0.6104	0.6296	-0.0017	45.1270	1.9304	450.4173	380.9126	37.8496	438.2772	95.1403	465.4096	94.7669	471.0594	94.6790	476.3593	94.5692	
09/08/2017	00:37:46	019004	G523015651HLR	L523	S		432.4159	1.0233	10.0000	100.0012	39.7792	0.8230	0.8264	5.0000	21.0230	508.0619	95.0305	13.3921	23.9000	0.9300	0.9372	0.6312	-0.0019	508.0000	504.6611	1.0339	8.7122	99.9954	39.8574	0.8230	0.8237	5.0000	-9999.0000	-9999.0000	-9999.0000	-9999.0000	-9999.0000	-9999.0000	21.1118	7	0	25.3525	1.0000	99	9	-9999.0000	50054	34144	-9999	1132	1118	-9999	308.0434	5	0.6101	0.6312	-0.0019	35.2362	2.8781	438.1800	359.4769	38.1792	425.0839	95.0525	452.8744	94.8548	460.2363	94.9866	466.2068	94.8328	
09/08/2017	00:38:12	019004	G523015661HLR	L523	S		448.4086	1.0233	10.0000	100.1875	39.7998	0.8230	0.8269	5.0000	19.9924	508.0591	94.8987	11.2913	23.8000	0.9300	0.9372	0.6320	-0.0019	508.0000	510.4227	1.0339	8.7222	100.0141	39.5941	0.8230	0.8238	5.0000	-9999.0000	-9999.0000	-9999.0000	-9999.0000	-9999.0000	-9999.0000	21.7221	8	0	25.4530	1.0000	99	9	-9999.0000	50055	34145	-9999	1133	1119	-9999	310.0159	5	0.6099	0.6320	-0.0019	36.7329	2.7580	441.0723	368.1266	37.3883	428.5854	95.7115	457.4441	94.8767	465.4320	94.8548	472.9937	94.8108	
09/08/2017	00:38:39	019004	G523015634HLR	L523	S		432.9693	1.0233	10.0000	99.8681	39.8727	0.8230	0.8265	5.0000	21.7925	508.1077	95.1403	13.8619	23.8000	0.9300	0.9372	0.6332	-0.0020	508.0000	505.9097	1.0339	8.8198	100.0903	40.0042	0.8230	0.8250	5.0000	-9999.0000	-9999.0000	-9999.0000	-9999.0000	-9999.0000	-9999.0000	20.8031	1	0	26.6827	1.0000	99	9	-9999.0000	50056	34146	-9999	1134	1120	-9999	307.4184	5	0.6098	0.6332	-0.0020	33.2087	3.0595	436.6654	380.8942	38.1352	424.4622	95.4479	451.6545	94.8767	459.1751	94.8767	464.7615	94.7669	
09/08/2017	00:39:03	019004	G523015632HLR	L523	S		431.8316	1.0233	10.0000	99.9699	39.8881	0.8230	0.8265	5.0000	20.1418	508.0716	94.9207	13.5923	23.8000	0.9300	0.9372	0.6332	-0.0020	508.0000	505.2186	1.0339	8.7602	99.9628	40.3589	0.8230	0.8248	5.0000	-9999.0000	-9999.0000	-9999.0000	-9999.0000	-9999.0000	-9999.0000	20.1623	2	0	24.7029	1.0000	99	9	-9999.0000	50057	34147	-9999	1135	1121	-9999	307.6695	5	0.6098	0.6332	-0.0020	33.2087	3.0595	434.2631	375.7737	37.3005	421.0364	95.4039	452.6575	94.8767	458.5614	94.9646	465.3661	94.8767	
09/08/2017	00:39:29	019004	G523015652HLR	L523	S		433.4452	1.0233	10.0000	99.9130	39.8095	0.8230	0.8265	5.0000	19.9622	508.0701	94.9207	12.7514	23.7000	0.9300	0.9370	0.6231	-0.0012	508.0000	509.0073	1.0339	8.8845	100.0783	40.1106	0.8230	0.8239	5.0000	-9999.0000	-9999.0000	-9999.0000	-9999.0000	-9999.0000	-9999.0000	20.6917	3	0	25.6026	1.0000	99	9	-9999.0000	50058	34148	-9999	1136	1122	-9999	309.1574	5	0.6096	0.6231	-0.0012	38.9075	2.5691	448.1225	383.3916	38.7064	436.6902	95.4918	461.1761	94.8548	466.9907	94.8548	472.3842	94.8108	
09/08/2017	00:39:55	019004	G523015642HLR	L523	S		433.2276	1.0233	10.0000	99.9228	39.8172	0.8230	0.8266	5.0000	19.6926	508.0860	94.9207	13.7408	23.7000	0.9300	0.9371	0.6222	-0.0011	508.0000	508.2007	1.0339	8.9770	100.0721	39.7921	0.8230	0.8238	5.0000	-9999.0000	-9999.0000	-9999.0000	-9999.0000	-9999.0000	-9999.0000	20.0423	4	0	25.8426	1.0000	99	9	-9999.0000	50059	34149	-9999	1137	1123	-9999	308.5290	5	0.6094	0.6222	-0.0011	38.2789	2.6112	445.3464	373.6591	39.3215	433.5612	95.2502	461.0018	94.7669	467.5241	94.9207	470.6799	94.8548	
09/08/2017	00:40:21	019004	G523015618HLR	L523	S		430.4885	1.0233	10.0000	99.9847	39.8924	0.8230	0.8267	5.0000	19.9525	508.0579	94.9426	14.6413	23.7000	0.9300	0.9372	0.6203	-0.0009	508.0000	506.6455	1.0339	8.8832	100.0421	39.8244	0.8230	0.8244	5.0000	-9999.0000	-9999.0000	-9999.0000	-9999.0000	-9999.0000	-9999.0000	20.2120	5	0	26.0234	1.0000	99	9	-9999.0000	50060	34150	-9999	1138	1124	-9999	308.2562	5	0.6092	0.6203	-0.0009	42.8462	2.2342	445.1041	393.9789	40.9031	434.3557	95.3600	456.4861	94.8328	463.0220	94.9426	467.4656	94.9207	
09/08/2017	00:40:48	019004	G523015649HLR	L523	S		409.2851	1.0233	9.8957	99.9816	39.8633	0.8230	0.8265	5.0000	20.1623	0.0000	0.0000	0.0000	0.0000	0.9300	0.0000	0.0000	0.0000	0.0000	413.1838	1.0339	0.8262	100.0828	40.1538	0.8230	0.8246	5.0000	-9999.0000	-9999.0000	-9999.0000	-9999.0000	-9999.0000	-9999.0000	20.7425	6	7	26.7324	1.0000	99	9	-9999.0000	50061	0	-9999	1139	1125	-9999	0.0000	0	0.0000	0.0000	0.0000	0.0000	0.0000	0.0000	0.0000	0.0000	0.0000	0.0000	0.0000	0.0000	0.0000	0.0000	0.0000	0.0000	
09/08/2017	00:41:14	019004	G523015668HLR	L523	S		434.3249	1.0233	10.0000	100.2141	39.7720	0.8230	0.8264	5.0000	21.3716	508.0403	94.8987	13.7515	23.9000	0.9300	0.9372	0.6177	-0.0007	508.0000	508.1590	1.0339	8.9818	100.0813	40.1059	0.8230	0.8242	5.0000	-9999.0000	-9999.0000	-9999.0000	-9999.0000	-9999.0000	-9999.0000	20.6721	7	0	26.6232	1.0000	99	9	-9999.0000	50062	34151	-9999	1140	1126	-9999	308.8059	5	0.6090	0.6177	-0.0007	45.9291	2.0365	445.6879	365.2091	38.4428	432.1419	95.4918	460.6542	94.9207	465.9897	94.9207	471.5717	94.8328	
09/08/2017	00:41:39	019004	G523015691HLR	L523	S		432.4162	1.0233	10.0000	100.0247	39.7882	0.8230	0.8266	5.0000	19.8528	508.0823	94.8987	14.1119	23.9000	0.9300	0.9373	0.6161	-0.0006	508.0000	508.2976	1.0339	8.9659	100.1062	39.8516	0.8230	0.8238	5.0000	-9999.0000	-9999.0000	-9999.0000	-9999.0000	-9999.0000	-9999.0000	20.8119	8	0	24.7239	1.0000	99	9	-9999.0000	50062	34152	-9999	1141	1127	-9999	308.7328	5	0.6086	0.6161	-0.0006	48.9975	1.8158	450.2038	393.2610	37.9595	439.0003	95.6017	463.2753	94.8548	467.9677	94.8767	472.3903	94.8108	
09/08/2017	00:42:05	019004	G523015690HLR	L523	S		434.1428	1.0233	10.0000	99.9976	39.9122	0.8230	0.8267	5.0000	20.2717	508.0614	94.8987	14.1412	23.8000	0.9300	0.9372	0.6144	-0.0005	508.0000	507.2214	1.0339	8.9329	100.0806	39.8355	0.8230	0.8242	5.0000	-9999.0000	-9999.0000	-9999.0000	-9999.0000	-9999.0000	-9999.0000	20.2122	1	0	25.7319	1.0000	99	9	-9999.0000	50063	34153	-9999	1142	1128	-9999	308.8502	5	0.6086	0.6144	-0.0005	49.1420	1.8134	449.3975	387.9857	38.6624	437.8159	95.0305	462.3552	94.7669	468.2233	94.9207	472.6796	94.8767	
09/08/2017	00:42:30	019004	G523015689HLR	L523	S		431.2451	1.0233	10.0000	100.0411	39.8920	0.8230	0.8265	5.0000	20.0616	508.0922	94.8987	15.0417	23.7000	0.9300	0.9371	0.6144	-0.0005	508.0000	507.2542	1.0339	8.9357	100.0464	39.9847	0.8230	0.8246	5.0000	-9999.0000	-9999.0000	-9999.0000	-9999.0000	-9999.0000	-9999.0000	20.5824	2	0	25.7831	1.0000	99	9	-9999.0000	50064	34154	-9999	1143	1129	-9999	308.6664	5	0.6086	0.6144	-0.0005	49.1420	1.8134	446.5119	388.7524	39.4313	435.0562	95.5577	459.3231	94.8767	465.1375	94.8548	469.1688	94.8328	
09/08/2017	00:42:56	019004	G523015711HLR	L523	S		431.7569	1.0233	10.0000	100.0757	39.7667	0.8230	0.8264	5.0000	20.2424	508.0449	94.8767	14.7214	23.7000	0.9300	0.9369	0.6142	-0.0005	508.0000	507.9468	1.0339	8.9954	100.0801	40.1305	0.8230	0.8243	5.0000	-9999.0000	-9999.0000	-9999.0000	-9999.0000	-9999.0000	-9999.0000	20.6019	3	0	25.8028	1.0000	99	9	-9999.0000	50065	34155	-9999	1144	1130	-9999	308.6706	5	0.6084	0.6142	-0.0005	54.0909	1.4533	448.2207	388.4342	39.9805	435.8542	95.2721	461.4665	94.8328	466.0596	94.8987	470.1359	94.8548	
09/08/2017	00:43:23	019004	G523015698HLR	L523	S		434.2247	1.0233	10.0000	100.0148	39.7646	0.8230	0.8265	5.0000	22.1128	508.0701	94.8767	13.0923	23.7000	0.9300	0.9370	0.6136	-0.0004	508.0000	509.1088	1.0339	8.8728	100.0625	39.9088	0.8230	0.8239	5.0000	-9999.0000	-9999.0000	-9999.0000	-9999.0000	-9999.0000	-9999.0000	20.9336	4	0	27.3027	1.0000	99	9	-9999.0000	50066	34156	-9999	1145	1131	-9999	309.0455	5	0.6083	0.6136	-0.0004	56.7548	1.2777	450.4841	386.5279	39.7388	437.6926	95.4918	467.3544	94.7889	472.9917	94.8767	476.6019	94.8328	
09/08/2017	00:44:41	019004	G523015692HLR	L523	S		435.4260	1.0233	10.0000	99.9430	39.8965	0.8230	0.8267	5.0000	20.3118	508.0678	94.8987	13.7017	23.7000	0.9300	0.9369	0.6125	-0.0003	508.0000	508.0162	1.0339	8.9981	100.0046	39.7591	0.8230	0.8237	5.0000	-9999.0000	-9999.0000	-9999.0000	-9999.0000	-9999.0000	-9999.0000	23.9733	5	0	77.2587	1.0000	99	9	-9999.0000	50067	34157	-9999	1146	1132	-9999	308.9208	5	0.6082	0.6125	-0.0003	58.6213	1.1370	452.1152	377.1384	38.8382	440.2761	95.2721	464.9035	94.7230	470.1252	94.8548	475.2008	94.8328	
09/08/2017	00:45:08	019004	G523015701HLR	L523	S		431.9245	1.0233	10.0000	99.8923	39.8652	0.8230	0.8264	5.0000	21.3921	508.0522	94.8548	14.1217	23.7000	0.9300	0.9371	0.6122	-0.0003	508.0000	509.5805	1.0339	8.8188	100.0322	39.9487	0.8230	0.8247	5.0000	-9999.0000	-9999.0000	-9999.0000	-9999.0000	-9999.0000	-9999.0000	19.9231	6	0	27.4434	1.0000	99	9	-9999.0000	50068	34158	-9999	1147	1133	-9999	308.9534	5	0.6083	0.6122	-0.0003	58.0811	1.1778	448.1216	380.8219	37.2126	435.8459	95.0525	464.1035	94.7230	470.3025	94.8987	474.5762	94.8987	
09/08/2017	00:45:33	019004	G523015699HLR	L523	S		434.9879	1.0233	10.0000	100.3877	39.7904	0.8230	0.8265	5.0000	20.2816	508.0574	94.8328	13.6314	23.7000	0.9300	0.9369	0.6125	-0.0003	508.0000	509.0055	1.0339	8.8847	100.0129	39.5865	0.8230	0.8234	5.0000	-9999.0000	-9999.0000	-9999.0000	-9999.0000	-9999.0000	-9999.0000	22.4721	7	0	25.2431	1.0000	99	9	-9999.0000	50068	34159	-9999	1148	1134	-9999	309.0581	5	0.6084	0.6125	-0.0003	57.2958	1.2358	451.4970	386.2373	38.5306	439.2551	95.2062	465.4253	94.8108	470.4580	94.8987	475.1653	94.8548	
09/08/2017	00:46:04	019004	G523015709HLR	L523	S		436.8542	1.0233	10.0000	100.1174	39.8267	0.8230	0.8267	5.0000	19.7921	508.0533	94.8328	13.4615	23.7000	0.9300	0.9370	0.6130	-0.0004	508.0000	508.4178	1.0339	8.9521	100.0818	39.6760	0.8230	0.8247	5.0000	-9999.0000	-9999.0000	-9999.0000	-9999.0000	-9999.0000	-9999.0000	20.1527	8	0	30.3433	1.0000	99	9	-9999.0000	50069	34160	-9999	1149	1135	-9999	309.0683	5	0.6083	0.6130	-0.0004	56.6641	1.2846	450.8772	386.8010	37.7398	438.1281	95.1623	466.7913	94.7449	473.1538	94.8987	476.4025	94.8987	
09/08/2017	00:46:28	019004	G523015680HLR	L523	S		426.7777	1.0233	10.0000	99.8391	39.9038	0.8230	0.8267	5.0000	20.0022	508.0569	94.8767	14.4811	23.7000	0.9300	0.9370	0.6130	-0.0004	508.0000	510.3933	1.0339	8.7255	99.9829	40.3086	0.8230	0.8244	5.0000	-9999.0000	-9999.0000	-9999.0000	-9999.0000	-9999.0000	-9999.0000	25.5732	1	0	24.7420	1.0000	99	9	-9999.0000	50070	34161	-9999	1150	1136	-9999	308.9025	5	0.6082	0.6130	-0.0004	51.6878	1.6295	446.7565	390.8742	37.5860	433.8225	95.1623	462.2908	94.7889	467.0010	94.9207	472.0320	94.8767	
09/08/2017	00:46:54	019004	G523015683HLR	L523	S		423.7269	1.0233	10.0000	99.9299	39.8590	0.8230	0.8265	5.0000	20.2414	508.0380	94.8987	15.5418	23.9000	0.9300	0.9374	0.6130	-0.0004	508.0000	509.4085	1.0339	8.8385	99.9808	40.2615	0.8230	0.8242	5.0000	-9999.0000	-9999.0000	-9999.0000	-9999.0000	-9999.0000	-9999.0000	20.6624	2	0	25.4736	1.0000	99	9	-9999.0000	50071	34162	-9999	1151	1137	-9999	308.6955	5	0.6079	0.6130	-0.0004	59.5853	1.0840	442.2555	365.3415	39.3434	429.0787	95.2282	457.2701	94.8767	462.9698	94.9646	467.7938	94.9207	
09/08/2017	00:47:19	019004	G523015702HLR	L523	S		434.8114	1.0233	10.0000	99.8146	39.5755	0.8230	0.8263	5.0000	20.1515	508.0484	94.8767	13.5718	23.7000	0.9300	0.9373	0.6130	-0.0004	508.0000	507.5864	1.0339	8.9643	100.0170	39.8905	0.8230	0.8235	5.0000	-9999.0000	-9999.0000	-9999.0000	-9999.0000	-9999.0000	-9999.0000	21.6020	3	0	24.6824	1.0000	99	9	-9999.0000	50072	34163	-9999	1152	1138	-9999	309.0457	5	0.6077	0.6130	-0.0004	62.2773	0.8987	450.0331	387.3327	36.9050	435.7552	94.7449	465.3384	94.6351	471.3225	94.8548	475.8743	94.8548	
09/08/2017	00:47:46	019004	G523015682HLR	L523	S		424.8876	1.0233	10.0000	100.0557	39.6717	0.8230	0.8271	5.0000	20.0727	508.0535	94.9646	14.8815	23.7000	0.9300	0.9372	0.6130	-0.0004	508.0000	509.9300	1.0339	8.7787	100.1037	39.7433	0.8230	0.8240	5.0000	-9999.0000	-9999.0000	-9999.0000	-9999.0000	-9999.0000	-9999.0000	20.3321	4	0	26.9033	1.0000	99	9	-9999.0000	50072	34164	-9999	1153	1139	-9999	308.8235	5	0.6077	0.6130	-0.0004	57.8969	1.1986	447.8410	384.9338	37.3883	434.9370	95.0305	461.2904	94.7010	465.7836	94.8767	470.1729	94.8328	
09/08/2017	00:48:12	019004	G523015671HLR	L523	S		434.0640	1.0233	10.0000	100.0569	40.0703	0.8230	0.8272	5.0000	20.8617	508.0864	94.9646	12.3608	23.7000	0.9300	0.9371	0.6130	-0.0004	508.0000	507.8106	1.0339	8.9837	100.1203	39.8461	0.8230	0.8245	5.0000	-9999.0000	-9999.0000	-9999.0000	-9999.0000	-9999.0000	-9999.0000	20.6212	5	0	26.2930	1.0000	99	9	-9999.0000	50073	34165	-9999	1154	1140	-9999	309.3068	5	0.6076	0.6130	-0.0004	58.9571	1.1324	456.1848	401.0382	39.5631	445.3070	94.7010	467.1442	94.7010	472.7688	94.9207	477.9346	94.8767	
09/08/2017	00:48:38	019004	G523015672HLR	L523	S		437.2133	1.0233	10.0000	99.9736	39.9894	0.8230	0.8264	5.0000	19.8421	508.0600	94.9426	12.8012	23.7000	0.9300	0.9372	0.6072	0.0000	508.0000	508.7628	1.0339	8.9125	100.0010	40.1366	0.8230	0.8241	5.0000	-9999.0000	-9999.0000	-9999.0000	-9999.0000	-9999.0000	-9999.0000	23.0025	6	0	26.6027	1.0000	99	9	-9999.0000	50074	34166	-9999	1155	1141	-9999	308.6774	5	0.6074	0.6072	0.0000	47.2400	2.0054	460.0395	400.2608	37.9375	448.7841	95.0964	472.1439	94.7010	477.0827	94.8328	481.2309	94.7669	
09/08/2017	00:49:05	019004	G523015673HLR	L523	S		436.6222	1.0233	10.0000	99.8546	39.6584	0.8230	0.8262	5.0000	19.8020	508.0495	94.9426	12.7915	23.7000	0.9300	0.9372	0.6115	-0.0003	508.0000	509.0303	1.0339	8.8818	100.0408	39.9927	0.8230	0.8241	5.0000	-9999.0000	-9999.0000	-9999.0000	-9999.0000	-9999.0000	-9999.0000	20.0227	7	0	26.2724	1.0000	99	9	-9999.0000	50075	34167	-9999	1156	1142	-9999	308.8837	5	0.6075	0.6115	-0.0003	47.6068	1.9282	451.3443	391.1258	37.9595	437.7975	94.7889	469.1240	94.7010	475.5407	94.9646	479.4074	94.8548	
09/08/2017	00:49:30	019004	G523015685HLR	L523	S		427.8643	1.0233	10.0000	100.1062	39.6750	0.8230	0.8268	5.0000	20.0627	508.0559	95.1403	14.8112	23.7000	0.9300	0.9371	0.6147	-0.0005	508.0000	509.2735	1.0339	8.8540	100.0180	39.8402	0.8230	0.8241	5.0000	-9999.0000	-9999.0000	-9999.0000	-9999.0000	-9999.0000	-9999.0000	19.8126	8	0	25.0029	1.0000	99	9	-9999.0000	50076	34168	-9999	1157	1143	-9999	308.4909	5	0.6074	0.6147	-0.0005	7.0963	4.8821	445.1342	383.5607	37.3444	433.2778	95.1843	457.8349	94.8108	464.0994	94.9207	468.9399	94.8108	
09/08/2017	00:49:55	019004	G523015684HLR	L523	Q		426.5571	1.0233	10.0000	100.0661	39.9487	0.8230	0.8269	5.0000	21.4419	508.0558	94.9207	14.0709	23.7000	0.9300	0.9372	0.6182	-0.0008	508.0000	508.7585	1.0339	8.9130	99.9889	39.8461	0.8230	0.8244	5.0000	-9999.0000	-9999.0000	-9999.0000	-9999.0000	-9999.0000	-9999.0000	20.0616	1	0	25.4334	1.0000	99	9	-9999.0000	50077	34169	-9999	1158	1144	-9999	308.6588	5	0.6075	0.6182	-0.0008	21.4087	3.9042	445.1955	386.8230	38.4428	433.3510	95.2062	459.0340	94.8328	465.3210	94.9426	470.4289	94.8548	
09/08/2017	00:50:20	019004	G523015693HLR	L523	Q		427.0324	1.0233	10.0000	100.2328	39.9542	0.8230	0.8265	5.0000	20.8725	508.0845	94.9207	14.5612	23.7000	0.9300	0.9372	0.6154	-0.0006	508.0000	509.1885	1.0339	8.8637	99.9547	40.0512	0.8230	0.8247	5.0000	-9999.0000	-9999.0000	-9999.0000	-9999.0000	-9999.0000	-9999.0000	19.8821	2	0	24.9530	1.0000	99	9	-9999.0000	50078	34170	-9999	1159	1145	-9999	308.4965	5	0.6074	0.6154	-0.0006	22.8439	3.8071	446.4557	385.0758	37.4542	434.4648	95.3820	459.4149	94.7669	465.2504	94.8328	471.0849	94.8108	
09/08/2017	00:50:45	019004	G523015694HLR	L523	S		433.9322	1.0233	10.0000	100.0080	39.6987	0.8230	0.8263	5.0000	20.0422	508.0709	94.8548	14.6208	23.7000	0.9300	0.9371	0.6136	-0.0004	508.0000	508.1888	1.0339	8.9784	100.0337	40.0490	0.8230	0.8242	5.0000	-9999.0000	-9999.0000	-9999.0000	-9999.0000	-9999.0000	-9999.0000	20.6625	3	0	24.6219	1.0000	99	9	-9999.0000	50079	34171	-9999	1160	1146	-9999	308.4516	5	0.6074	0.6136	-0.0004	23.5529	3.7691	448.9171	385.7895	37.7398	437.2409	95.2941	462.2226	94.8108	466.7048	94.9207	471.2691	94.8548	
09/08/2017	00:51:10	019004	G523015697HLR	L523	S		437.8352	1.0233	10.0000	100.0902	39.7096	0.8230	0.8268	5.0000	20.1625	508.0542	94.8548	12.6909	23.7000	0.9300	0.9370	0.6153	-0.0006	508.0000	507.3429	1.0339	8.9434	100.0790	39.8645	0.8230	0.8240	5.0000	-9999.0000	-9999.0000	-9999.0000	-9999.0000	-9999.0000	-9999.0000	20.6820	4	0	25.0828	1.0000	99	9	-9999.0000	50080	34172	-9999	1161	1147	-9999	308.8585	5	0.6071	0.6153	-0.0006	19.9149	4.0640	456.3519	389.6497	39.6290	444.9409	95.0964	468.5887	94.7889	472.7674	94.8987	477.6733	94.8987	
09/08/2017	00:51:38	019004	G523015707HLR	L523	S		431.1986	1.0233	10.0000	99.9989	39.9755	0.8230	0.8270	5.0000	19.9426	508.0615	94.9207	13.6714	23.7000	0.9300	0.9370	0.6177	-0.0008	508.0000	509.8022	1.0339	8.7933	100.0680	39.8461	0.8230	0.8243	5.0000	-9999.0000	-9999.0000	-9999.0000	-9999.0000	-9999.0000	-9999.0000	20.6018	5	0	28.2532	1.0000	99	9	-9999.0000	50081	34173	-9999	1162	1148	-9999	308.5126	5	0.6070	0.6177	-0.0008	11.9484	4.6888	449.4107	379.8998	37.5201	437.5138	95.3161	461.0079	94.7449	466.8481	94.8767	472.7911	94.8108	
09/08/2017	00:52:04	019004	G523015676HLR	L523	S		438.0209	1.0233	10.0000	100.0146	39.8889	0.8230	0.8263	5.0000	21.6820	508.1007	94.8548	12.2816	23.7000	0.9300	0.9371	0.6196	-0.0009	508.0000	507.6220	1.0339	8.9674	100.0076	39.9487	0.8230	0.8239	5.0000	-9999.0000	-9999.0000	-9999.0000	-9999.0000	-9999.0000	-9999.0000	24.9529	6	0	25.8231	1.0000	99	9	-9999.0000	50082	34174	-9999	1163	1149	-9999	309.1438	5	0.6069	0.6196	-0.0009	4.9900	5.2230	452.4487	377.1384	38.2670	441.7391	95.1403	465.3739	94.7669	471.6002	94.9207	477.1443	94.8767	
09/08/2017	00:52:29	019004	G523015677HLR	L523	S		436.9278	1.0233	10.0000	99.7255	39.6819	0.8230	0.8263	5.0000	20.6724	508.0684	94.8987	12.8813	23.7000	0.9300	0.9370	0.6197	-0.0009	508.0000	509.3318	1.0339	8.8473	100.0678	40.0388	0.8230	0.8242	5.0000	-9999.0000	-9999.0000	-9999.0000	-9999.0000	-9999.0000	-9999.0000	20.8022	7	0	25.3428	1.0000	99	9	-9999.0000	50082	34175	-9999	1164	1150	-9999	308.8953	5	0.6069	0.6197	-0.0009	8.1365	4.9600	449.7497	388.1612	38.0473	437.5805	95.0964	463.3849	94.7230	469.8841	94.8767	474.9932	94.7889	
09/08/2017	00:52:54	019004	G523015704HLR	L523	S		436.5057	1.0233	10.0000	100.0137	39.7736	0.8230	0.8269	5.0000	19.7618	508.0857	94.8767	13.0913	23.7000	0.9300	0.9372	0.6205	-0.0010	508.0000	506.8797	1.0339	8.9034	100.0643	39.8973	0.8230	0.8241	5.0000	-9999.0000	-9999.0000	-9999.0000	-9999.0000	-9999.0000	-9999.0000	20.4114	8	0	24.9931	1.0000	99	9	-9999.0000	50083	34176	-9999	1164	1151	-9999	308.8200	5	0.6069	0.6205	-0.0010	3.7144	5.2949	447.1500	371.2790	39.1237	434.5263	94.9646	462.4017	94.7449	468.1927	94.9426	473.3113	94.8767	
09/08/2017	00:53:19	019004	G523015962HLR	L523	S		437.1103	1.0233	10.0000	99.8748	39.9732	0.8230	0.8269	5.0000	20.0521	508.0732	94.8767	13.0913	23.7000	0.9300	0.9371	0.6199	-0.0009	508.0000	507.7303	1.0339	8.9767	100.0775	39.8529	0.8230	0.8243	5.0000	-9999.0000	-9999.0000	-9999.0000	-9999.0000	-9999.0000	-9999.0000	20.6116	1	0	24.6629	1.0000	99	9	-9999.0000	50084	34177	-9999	1165	1152	-9999	308.7432	5	0.6069	0.6199	-0.0009	6.8199	5.0844	445.3961	373.4712	39.0139	432.0520	95.0525	463.4413	94.8328	468.4566	94.9207	473.3934	94.7889	
09/08/2017	00:53:48	019004	G523015942HLR	L523	S		434.6840	1.0233	10.0000	100.0043	39.9182	0.8230	0.8265	5.0000	20.1819	508.0871	94.8987	13.9107	23.7000	0.9300	0.9371	0.6210	-0.0010	508.0000	508.2968	1.0339	8.9660	100.0810	40.0052	0.8230	0.8244	5.0000	-9999.0000	-9999.0000	-9999.0000	-9999.0000	-9999.0000	-9999.0000	21.0129	2	0	29.2327	1.0000	99	9	-9999.0000	50085	34178	-9999	1166	1153	-9999	308.3908	5	0.6070	0.6210	-0.0010	7.5254	5.0488	438.7986	375.7471	35.9385	423.2026	95.0525	459.6658	94.7669	467.0600	94.9207	471.1224	94.8767	
09/08/2017	00:54:14	019004	G523015951HLR	L523	S		435.2383	1.0233	10.0000	99.8561	39.7040	0.8230	0.8263	5.0000	20.5324	508.0820	94.8548	13.0015	23.7000	0.9300	0.9370	0.6194	-0.0009	508.0000	510.1331	1.0339	8.7554	100.0155	40.0428	0.8230	0.8243	5.0000	-9999.0000	-9999.0000	-9999.0000	-9999.0000	-9999.0000	-9999.0000	20.5921	3	0	25.4629	1.0000	99	9	-9999.0000	50086	34179	-9999	1167	1154	-9999	308.7385	5	0.6069	0.6194	-0.0009	7.4048	5.0831	445.6614	384.1856	38.8601	432.3444	95.1403	464.5977	94.8108	469.5141	94.9426	474.5597	94.9207	
09/08/2017	00:54:39	019004	G523015922HLR	L523	S		439.9920	1.0233	10.0000	100.2175	39.7130	0.8230	0.8266	5.0000	22.1117	508.0706	94.8328	11.6712	23.7000	0.9300	0.9370	0.6199	-0.0009	508.0000	507.1479	1.0339	8.9265	99.9698	39.9067	0.8230	0.8241	5.0000	-9999.0000	-9999.0000	-9999.0000	-9999.0000	-9999.0000	-9999.0000	20.3714	4	0	25.1629	1.0000	99	9	-9999.0000	50087	34180	-9999	1168	1155	-9999	309.4728	5	0.6072	0.6199	-0.0009	7.9745	5.0055	449.8726	378.5518	38.0473	436.3762	95.1403	467.8942	94.7449	475.5360	94.8987	479.6636	94.8548	
09/08/2017	00:55:03	019004	G523015961HLR	L523	S		436.4099	1.0233	10.0000	99.9255	39.9487	0.8230	0.8270	5.0000	19.9914	508.0441	94.9426	12.8618	23.7000	0.9300	0.9370	0.6218	-0.0011	508.0000	508.6661	1.0339	8.9236	100.0141	39.8172	0.8230	0.8240	5.0000	-9999.0000	-9999.0000	-9999.0000	-9999.0000	-9999.0000	-9999.0000	21.6226	5	0	24.6434	1.0000	99	9	-9999.0000	50088	34181	-9999	1169	1156	-9999	308.9266	5	0.6073	0.6218	-0.0011	6.5198	5.0969	446.4239	389.9920	38.4867	433.0076	95.0744	463.3818	94.7230	468.4817	94.8328	473.9247	94.8108	
09/08/2017	00:55:30	019004	G523016097HLR	L523	S		435.0400	1.0233	10.0000	99.8998	39.9763	0.8230	0.8265	5.0000	20.6926	508.0753	95.0525	14.3014	23.7000	0.9300	0.9372	0.6216	-0.0011	508.0000	507.9750	1.0339	8.9978	100.0653	39.9487	0.8230	0.8245	5.0000	-9999.0000	-9999.0000	-9999.0000	-9999.0000	-9999.0000	-9999.0000	20.6321	6	0	26.5430	1.0000	99	9	-9999.0000	50089	34182	-9999	1170	1157	-9999	308.1117	5	0.6072	0.6216	-0.0011	9.0498	4.9024	444.5632	395.9581	40.0903	433.0209	95.2502	458.7000	94.8108	464.2486	94.9426	468.6540	94.8767	
09/08/2017	00:55:55	019004	G523014311HLR	L523	S		434.2756	1.0233	10.0000	100.0151	39.7614	0.8230	0.8263	5.0000	20.0325	508.0490	94.8987	13.6920	23.7000	0.9300	0.9371	0.6202	-0.0010	508.0000	507.5748	1.0339	8.9633	100.0009	40.0723	0.8230	0.8240	5.0000	-9999.0000	-9999.0000	-9999.0000	-9999.0000	-9999.0000	-9999.0000	22.8728	7	0	24.9422	1.0000	99	9	-9999.0000	50090	34183	-9999	1171	1158	-9999	308.3396	5	0.6071	0.6202	-0.0010	18.2859	4.2016	449.7749	392.3987	40.1562	439.5738	95.6236	459.9851	94.8767	465.8513	94.8767	470.7679	94.8328	
09/08/2017	00:56:19	019004	G523015957HLR	L523	S		441.2056	1.0233	10.0000	100.0001	39.7569	0.8230	0.8267	5.0000	20.4515	508.0954	94.8548	11.6410	23.7000	0.9300	0.9372	0.6217	-0.0011	508.0000	506.5576	1.0339	8.8757	100.0484	39.9198	0.8230	0.8239	5.0000	-9999.0000	-9999.0000	-9999.0000	-9999.0000	-9999.0000	-9999.0000	21.5922	8	0	24.6327	1.0000	99	9	-9999.0000	50091	34184	-9999	1172	1159	-9999	309.5167	5	0.6072	0.6217	-0.0011	12.8391	4.5959	452.7040	368.5450	38.4428	440.4727	94.9866	469.1742	94.7010	474.0372	94.8987	478.6855	94.8328	
09/08/2017	00:56:44	019004	G523015958HLR	L523	S		436.8399	1.0233	10.0000	100.0789	39.9008	0.8230	0.8269	5.0000	20.3421	508.0773	95.0085	12.6108	23.7000	0.9300	0.9371	0.6225	-0.0011	508.0000	508.8180	1.0339	8.9062	100.0633	39.8461	0.8230	0.8242	5.0000	-9999.0000	-9999.0000	-9999.0000	-9999.0000	-9999.0000	-9999.0000	20.3918	1	0	24.6229	1.0000	99	9	-9999.0000	50092	34185	-9999	1173	1160	-9999	309.0289	5	0.6072	0.6225	-0.0011	13.0977	4.5790	449.7981	367.7097	38.7723	437.9528	94.3935	463.3305	94.5912	469.7618	94.8548	474.7651	94.7889	
09/08/2017	00:57:09	019004	G523015949HLR	L523	S		434.7714	1.0233	10.0000	99.9472	39.9391	0.8230	0.8267	5.0000	20.0023	508.0760	94.9426	13.7213	23.7000	0.9300	0.9371	0.6263	-0.0014	508.0000	508.8780	1.0339	8.8993	100.0760	39.9487	0.8230	0.8245	5.0000	-9999.0000	-9999.0000	-9999.0000	-9999.0000	-9999.0000	-9999.0000	20.5423	2	0	24.8926	1.0000	99	9	-9999.0000	50093	34186	-9999	1174	1161	-9999	308.5639	5	0.6072	0.6263	-0.0014	19.0164	4.0992	445.7635	387.0623	37.8277	434.5439	94.7230	457.2641	94.6571	464.4920	94.9426	469.0329	94.8987	
09/08/2017	00:57:34	019004	G523014322HLR	L523	S		458.8776	1.0233	10.0000	100.0309	39.8023	0.8230	0.8265	5.0000	20.1322	508.0752	94.8548	5.7008	23.9000	0.9300	0.9371	0.6254	-0.0013	508.0000	512.0597	1.0339	8.5344	100.0726	40.0512	0.8230	0.8245	5.0000	-9999.0000	-9999.0000	-9999.0000	-9999.0000	-9999.0000	-9999.0000	20.3919	3	0	24.6530	1.0000	99	9	-9999.0000	50094	34187	-9999	1175	1162	-9999	313.9796	5	0.6073	0.6254	-0.0013	31.2025	3.1252	475.6510	382.9064	39.2775	462.3461	94.6571	493.2824	94.6571	499.0680	94.8767	504.4197	94.8548	
09/08/2017	00:58:23	019004	G523014317HLR	L523	S		454.2126	1.0233	10.0000	99.8917	39.8873	0.8230	0.8269	5.0000	20.2416	508.0671	94.8767	7.1610	24.0000	0.9300	0.9368	0.6252	-0.0013	508.0000	511.0921	1.0339	8.6454	100.0613	39.8606	0.8230	0.8239	5.0000	-9999.0000	-9999.0000	-9999.0000	-9999.0000	-9999.0000	-9999.0000	20.0218	5	0	24.6132	1.0000	99	9	-9999.0000	50096	34188	-9999	1177	1163	-9999	312.8394	5	0.6077	0.6252	-0.0013	37.1780	2.6313	462.5491	354.1804	37.2785	446.0222	93.5587	483.5012	94.4813	492.2700	94.8328	498.3020	94.8108	
09/08/2017	00:58:48	019004	G523015092HLR	L523	S		454.8620	1.0233	10.0000	100.0391	39.9262	0.8230	0.8267	5.0000	20.2416	508.0711	94.7889	5.7604	24.0000	0.9300	0.9369	0.6289	-0.0016	508.0000	513.0223	1.0339	8.4240	100.0803	39.6410	0.8230	0.8242	5.0000	-9999.0000	-9999.0000	-9999.0000	-9999.0000	-9999.0000	-9999.0000	20.5629	6	2	24.9226	1.0000	99	9	-9999.0000	50097	34189	-9999	1178	1164	-9999	314.8044	5	0.6077	0.6289	-0.0016	32.7691	2.9785	471.0187	391.9446	37.9375	456.8482	93.8882	490.0397	94.6351	499.4614	94.8767	504.6173	94.7449	
09/08/2017	00:59:14	019004	G523015110HLR	L523	S		450.9243	1.0233	10.0000	100.2373	39.8430	0.8230	0.8268	5.0000	19.8323	508.0958	95.1403	8.0908	23.9000	0.9300	0.9367	0.6194	-0.0009	508.0000	511.0931	1.0339	8.6453	100.0853	40.0465	0.8230	0.8250	5.0000	-9999.0000	-9999.0000	-9999.0000	-9999.0000	-9999.0000	-9999.0000	20.7621	7	0	25.6220	1.0000	99	9	-9999.0000	50098	34190	-9999	1179	1165	-9999	311.0341	5	0.6079	0.6194	-0.0009	38.1698	2.5727	464.5375	390.4925	37.1028	450.0629	93.7784	481.9859	94.3935	489.9064	94.8108	494.9531	94.7669	
09/08/2017	00:59:41	019004	G523015120HLR	L523	S		442.2604	1.0233	10.0000	99.8150	39.7820	0.8230	0.8266	5.0000	19.9819	508.0737	95.1843	10.9114	23.8000	0.9300	0.9372	0.6194	-0.0009	508.0000	507.3173	1.0339	8.9411	100.0213	40.2684	0.8230	0.8243	5.0000	-9999.0000	-9999.0000	-9999.0000	-9999.0000	-9999.0000	-9999.0000	22.3130	8	0	27.6535	1.0000	99	9	-9999.0000	50099	34191	-9999	1180	1166	-9999	309.7136	5	0.6079	0.6194	-0.0009	38.1698	2.5727	460.5577	380.1763	38.1133	449.6312	94.7230	472.5745	94.7010	479.3425	94.9646	483.7579	94.7669	
09/08/2017	01:00:06	019004	G523015129HLR	L523	S		448.3297	1.0233	10.0000	99.9984	39.8627	0.8230	0.8268	5.0000	20.2218	508.0649	94.7669	8.0009	23.9000	0.9300	0.9371	0.6181	-0.0008	508.0000	512.1667	1.0339	8.5222	100.0958	40.0523	0.8230	0.8242	5.0000	-9999.0000	-9999.0000	-9999.0000	-9999.0000	-9999.0000	-9999.0000	19.8322	1	0	24.5427	1.0000	99	9	-9999.0000	50100	34192	-9999	1181	1167	-9999	310.8244	5	0.6084	0.6181	-0.0008	38.7328	2.5159	467.3584	384.8884	37.4542	452.2053	95.3380	485.2062	94.8548	490.8119	94.8548	495.9178	94.6351	
09/08/2017	01:00:31	019004	G523015128HLR	L523	S		450.7826	1.0233	10.0000	99.9770	39.9215	0.8230	0.8267	5.0000	19.9524	508.0736	94.7889	7.7206	23.9000	0.9300	0.9369	0.6181	-0.0008	508.0000	511.1297	1.0339	8.6411	99.9933	39.8250	0.8230	0.8240	5.0000	-9999.0000	-9999.0000	-9999.0000	-9999.0000	-9999.0000	-9999.0000	20.1028	2	0	25.0332	1.0000	99	9	-9999.0000	50101	34193	-9999	1182	1168	-9999	310.9309	5	0.6086	0.6181	-0.0008	40.8402	2.3561	470.0617	384.3331	39.3654	457.7831	94.5692	484.7098	94.5033	492.4705	94.7669	497.5317	94.6131	
09/08/2017	01:00:56	019004	G523015089HLR	L523	S		452.6767	1.0233	10.0000	99.9230	39.8631	0.8230	0.8265	5.0000	20.1929	508.0826	94.7449	7.4315	23.9000	0.9300	0.9370	0.6179	-0.0008	508.0000	508.5072	1.0339	8.9418	100.0713	39.8461	0.8230	0.8243	5.0000	-9999.0000	-9999.0000	-9999.0000	-9999.0000	-9999.0000	-9999.0000	20.8422	3	0	24.6922	1.0000	99	9	-9999.0000	50102	34194	-9999	1183	1169	-9999	311.0599	5	0.6088	0.6179	-0.0008	41.2202	2.3185	469.9314	381.9534	39.3654	457.3104	94.3056	488.3271	94.6351	494.3096	94.8548	498.3850	94.5912	
09/08/2017	01:01:21	019004	G523015101HLR	L523	S		417.2886	1.0233	10.0000	100.1555	39.7814	0.8230	0.8266	5.0000	20.2727	0.0000	0.0000	0.0000	0.0000	0.9300	0.0000	0.0000	0.0000	0.0000	421.0031	1.0339	1.5003	100.0517	40.1538	0.8230	0.8244	5.0000	-9999.0000	-9999.0000	-9999.0000	-9999.0000	-9999.0000	-9999.0000	21.3519	4	7	24.9130	1.0000	99	9	-9999.0000	50103	0	-9999	1184	1170	-9999	0.0000	0	0.0000	0.0000	0.0000	0.0000	0.0000	0.0000	0.0000	0.0000	0.0000	0.0000	0.0000	0.0000	0.0000	0.0000	0.0000	0.0000	
09/08/2017	01:01:45	019004	G523015108HLR	L523	S		455.1786	1.0233	10.0000	99.7854	39.8799	0.8230	0.8268	5.0000	19.8020	508.0937	94.6351	6.6609	24.0000	0.9300	0.9370	0.6182	-0.0008	508.0000	509.9349	1.0339	8.7781	100.0701	40.0674	0.8230	0.8242	5.0000	-9999.0000	-9999.0000	-9999.0000	-9999.0000	-9999.0000	-9999.0000	21.0218	5	0	24.6531	1.0000	99	9	-9999.0000	50104	34195	-9999	1185	1171	-9999	311.3972	5	0.6088	0.6182	-0.0008	42.1981	2.2600	471.2347	374.1901	39.3874	457.1825	94.3715	489.1977	94.7449	496.6966	94.8108	501.2850	94.5692	
09/08/2017	01:02:10	019004	G523015107HLR	L523	S		453.4542	1.0233	10.0000	100.1070	39.9288	0.8230	0.8266	5.0000	20.1829	508.0558	94.5472	6.1315	24.1000	0.9300	0.9370	0.6155	-0.0006	508.0000	508.3473	1.0339	8.9602	100.1001	39.9045	0.8230	0.8240	5.0000	-9999.0000	-9999.0000	-9999.0000	-9999.0000	-9999.0000	-9999.0000	20.4514	6	0	24.8026	1.0000	99	9	-9999.0000	50105	34196	-9999	1186	1172	-9999	310.8304	5	0.6089	0.6155	-0.0006	42.5348	2.2353	473.5457	385.6361	38.5087	459.9470	94.3495	491.5368	94.5472	499.4327	94.6571	504.3932	94.5253	
09/08/2017	01:02:35	019004	G523015106HLR	L523	S		446.3480	1.0233	10.0000	99.8106	39.7900	0.8230	0.8265	5.0000	19.9621	508.0460	95.2502	9.0215	23.9000	0.9300	0.9371	0.6157	-0.0006	508.0000	508.4468	1.0339	8.9488	100.0045	39.8461	0.8230	0.8242	5.0000	-9999.0000	-9999.0000	-9999.0000	-9999.0000	-9999.0000	-9999.0000	20.2229	7	0	24.6327	1.0000	99	9	-9999.0000	50106	34197	-9999	1187	1173	-9999	310.0530	5	0.6093	0.6157	-0.0006	41.7707	2.2635	460.9048	375.3767	38.9480	447.2804	94.3715	479.1074	94.4594	485.6045	94.6131	491.5857	94.5253	
09/08/2017	01:02:59	019004	G523015095HLR	L523	S		442.3730	1.0233	10.0000	100.1803	39.7556	0.8230	0.8266	5.0000	20.7921	508.0695	95.0525	9.7110	23.9000	0.9300	0.9371	0.6157	-0.0006	508.0000	507.0125	1.0339	8.9149	100.0930	39.9520	0.8230	0.8245	5.0000	-9999.0000	-9999.0000	-9999.0000	-9999.0000	-9999.0000	-9999.0000	20.7630	8	0	24.8524	1.0000	99	9	-9999.0000	50107	34198	-9999	1188	1174	-9999	309.8575	5	0.6093	0.6157	-0.0006	41.7707	2.2635	466.6517	394.2158	40.1562	455.9539	95.7115	479.2066	94.9207	484.3027	94.9866	488.7906	94.8767	
09/08/2017	01:03:12	019004	H421025262HLR	L523	S		0.0000	0.0000	0.0000	0.0000	0.0000	0.8230	0.0000	0.0000	0.0000	0.0000	0.0000	0.0000	0.0000	0.9300	0.0000	0.0000	0.0000	0.0000	0.0000	0.0000	0.0000	0.0000	0.0000	0.8230	0.0000	0.0000	0.0000	0.0000	0.0000	0.0000	0.0000	0.0000	0.0000	0	27	24.8524	1.0000	99	9	0.0000	0	0	0	0	0	0	0.0000	0	0.0000	0.0000	0.0000	0.0000	0.0000	0.0000	0.0000	0.0000	0.0000	0.0000	0.0000	0.0000	0.0000	0.0000	0.0000	0.0000	
09/08/2017	01:03:24	019004	G523015084HLR	L523	S		442.7620	1.0233	10.0000	100.3234	39.8975	0.8230	0.8269	5.0000	19.9416	508.0565	94.9646	10.7805	23.8000	0.9300	0.9370	0.6154	-0.0006	508.0000	508.8131	1.0339	8.9067	100.1088	40.1071	0.8230	0.8244	5.0000	-9999.0000	-9999.0000	-9999.0000	-9999.0000	-9999.0000	-9999.0000	20.7121	1	0	24.6932	1.0000	99	9	-9999.0000	50108	34199	-9999	1189	1175	-9999	309.3881	5	0.6094	0.6154	-0.0006	40.8953	2.3417	461.4038	383.3106	38.2890	441.1165	96.1289	477.5846	95.0744	481.0120	94.7449	484.6675	94.6351	
09/08/2017	01:03:49	019004	G523015072HLR	L523	S		446.6822	1.0233	10.0000	100.1662	39.9608	0.8230	0.8267	5.0000	20.0217	508.0787	94.8328	8.9414	23.8000	0.9300	0.9371	0.6153	-0.0006	508.0000	509.5652	1.0339	8.8205	100.0764	39.9526	0.8230	0.8241	5.0000	-9999.0000	-9999.0000	-9999.0000	-9999.0000	-9999.0000	-9999.0000	20.4719	2	0	24.8123	1.0000	99	9	-9999.0000	50109	34200	-9999	1190	1176	-9999	309.9766	5	0.6097	0.6153	-0.0006	40.9808	2.3182	463.6168	397.1461	38.0693	449.7530	95.6676	483.9607	95.0305	487.8767	94.9207	492.9957	94.7449	
09/08/2017	01:04:14	019004	G523015043HLR	L523	S		446.6652	1.0233	10.0000	99.9058	39.8136	0.8230	0.8264	5.0000	20.2123	508.1193	94.9646	9.5518	23.8000	0.9300	0.9368	0.6151	-0.0006	508.0000	509.6575	1.0339	8.8099	100.0252	39.8461	0.8230	0.8242	5.0000	-9999.0000	-9999.0000	-9999.0000	-9999.0000	-9999.0000	-9999.0000	20.0520	3	0	24.6531	1.0000	99	9	-9999.0000	50110	34201	-9999	1191	1177	-9999	309.8509	5	0.6099	0.6151	-0.0006	40.4284	2.3907	460.4735	395.2784	38.4208	446.2058	95.7115	479.8792	94.7669	485.1073	94.6790	490.1299	94.6571	
09/08/2017	01:04:39	019004	G523015052HLR	L523	S		443.7054	1.0233	10.0000	99.8283	39.7331	0.8230	0.8266	5.0000	20.3032	508.0684	95.0085	10.7912	23.8000	0.9300	0.9371	0.6151	-0.0006	508.0000	508.9700	1.0339	8.8888	100.0981	39.8592	0.8230	0.8243	5.0000	-9999.0000	-9999.0000	-9999.0000	-9999.0000	-9999.0000	-9999.0000	20.9721	4	0	25.1230	1.0000	99	9	-9999.0000	50111	34202	-9999	1192	1178	-9999	309.5019	5	0.6101	0.6151	-0.0006	40.4863	2.3930	457.2522	387.1520	39.3215	443.2549	95.4479	475.6428	94.9207	480.9067	94.8108	485.0271	94.7889	
09/08/2017	01:05:04	019004	G523015064HLR	L523	S		444.4732	1.0233	10.0000	100.1053	39.8615	0.8230	0.8268	5.0000	21.1117	508.0397	94.8767	9.3507	23.8000	0.9300	0.9369	0.6159	-0.0007	508.0000	507.6412	1.0339	8.9691	100.0730	40.0512	0.8230	0.8246	5.0000	-9999.0000	-9999.0000	-9999.0000	-9999.0000	-9999.0000	-9999.0000	20.5618	5	0	24.9033	1.0000	99	9	-9999.0000	50112	34203	-9999	1193	1179	-9999	309.7358	5	0.6099	0.6159	-0.0007	38.3157	2.6150	459.7097	388.8814	38.0254	445.3070	95.8213	483.5186	94.9866	486.4285	94.8108	489.7735	94.6790	
09/08/2017	01:05:29	019004	G523015065HLR	L523	S		444.6911	1.0233	10.0000	100.0387	39.9728	0.8230	0.8268	5.0000	19.8225	508.0573	94.8328	9.2813	23.8000	0.9300	0.9368	0.6158	-0.0007	508.0000	507.7077	1.0339	8.9748	100.0348	40.0365	0.8230	0.8241	5.0000	-9999.0000	-9999.0000	-9999.0000	-9999.0000	-9999.0000	-9999.0000	21.5727	6	0	25.2020	1.0000	99	9	-9999.0000	50113	34204	-9999	1194	1179	-9999	309.7075	5	0.6100	0.6158	-0.0007	39.0836	2.5398	463.8279	394.9074	37.0369	451.4444	95.5797	479.4923	94.9646	484.9704	94.7669	489.5869	94.5472	
09/08/2017	01:05:53	019004	G523015077HLR	L523	S		445.9423	1.0233	10.0000	100.0062	39.8916	0.8230	0.8265	5.0000	19.8615	508.0608	94.8548	9.3311	23.9000	0.9300	0.9371	0.6159	-0.0007	508.0000	506.3421	1.0339	8.8571	100.0892	39.8701	0.8230	0.8241	5.0000	-9999.0000	-9999.0000	-9999.0000	-9999.0000	-9999.0000	-9999.0000	20.5921	7	0	24.6629	1.0000	99	9	-9999.0000	50114	34205	-9999	1195	1180	-9999	309.6184	5	0.6101	0.6159	-0.0007	40.9433	2.3403	463.5762	397.0158	38.9041	450.2468	95.1623	481.5884	94.7669	485.4061	94.7230	490.5756	94.6790	
09/08/2017	01:06:19	019004	H421025262HLR	L523	S		711.9126	1.0233	21.4908	100.1541	39.8559	0.8230	0.8258	5.0000	20.5619	787.4692	90.5052	2.1506	23.5000	0.9300	0.0000	0.6152	-0.0006	508.0000	736.9524	1.0339	-1.0927	99.9626	39.9802	0.8230	0.8237	5.0000	-9999.0000	-9999.0000	-9999.0000	-9999.0000	-9999.0000	-9999.0000	20.1214	8	27	25.1932	1.0000	99	9	-9999.0000	50114	34206	-9999	1196	1180	-9999	484.4213	5	0.6098	0.6152	-0.0006	42.2845	2.1856	783.9976	404.7375	37.6300	759.2052	90.5931	0.0000	0.0000	0.0000	0.0000	0.0000	0.0000	
09/08/2017	01:06:43	019004	G523015048HLR	L523	S		442.6570	1.0233	10.0000	99.8262	39.8455	0.8230	0.8267	5.0000	19.9817	508.0446	94.9646	9.7413	23.9000	0.9300	0.9368	0.6145	-0.0006	508.0000	506.1828	1.0339	8.8433	100.0433	40.0222	0.8230	0.8244	5.0000	-9999.0000	-9999.0000	-9999.0000	-9999.0000	-9999.0000	-9999.0000	20.1419	1	0	24.6521	1.0000	99	9	-9999.0000	50115	34207	-9999	1197	1181	-9999	309.4792	5	0.6097	0.6145	-0.0006	42.9345	2.1267	460.1251	410.9981	36.9490	447.1027	95.2502	477.2783	94.8548	483.0852	94.8108	488.4837	94.7010	
09/08/2017	01:07:09	019004	G523015049HLR	L523	S		451.8036	1.0233	10.0000	100.0046	39.9063	0.8230	0.8267	5.0000	20.0930	508.0512	94.5912	7.8310	23.9000	0.9300	0.9371	0.6125	-0.0003	508.0000	509.4337	1.0339	8.8356	100.0724	39.8940	0.8230	0.8241	5.0000	-9999.0000	-9999.0000	-9999.0000	-9999.0000	-9999.0000	-9999.0000	21.0023	2	0	25.4433	1.0000	99	9	-9999.0000	50116	34208	-9999	1198	1182	-9999	309.8865	5	0.6095	0.6125	-0.0003	40.6177	2.3687	471.4714	375.6684	38.7283	458.2790	95.4918	488.3755	94.8767	493.3007	94.7669	498.1529	94.7889	
09/08/2017	01:07:33	019004	G523015067HLR	L523	S		450.4513	1.0233	10.0000	99.7782	39.8922	0.8230	0.8266	5.0000	20.0619	508.0779	94.6790	7.9110	23.9000	0.9300	0.9370	0.6128	-0.0004	508.0000	509.1382	1.0339	8.8695	100.0951	39.8461	0.8230	0.8242	5.0000	-9999.0000	-9999.0000	-9999.0000	-9999.0000	-9999.0000	-9999.0000	20.9417	3	0	24.7528	1.0000	99	9	-9999.0000	50117	34209	-9999	1199	1183	-9999	310.0134	5	0.6097	0.6128	-0.0004	40.6151	2.3511	470.2702	386.6178	37.9595	457.0846	95.2502	486.9141	94.7230	492.5568	94.8108	497.4613	94.5692	
09/08/2017	01:07:58	019004	G523015310HLR	L523	S		443.2553	1.0233	10.0000	99.9802	39.8152	0.8230	0.8266	5.0000	20.0822	508.0441	95.0964	10.6008	23.8000	0.9300	0.9370	0.6128	-0.0004	508.0000	508.5877	1.0339	8.9326	100.0694	40.0345	0.8230	0.8244	5.0000	-9999.0000	-9999.0000	-9999.0000	-9999.0000	-9999.0000	-9999.0000	21.3833	4	0	24.8634	1.0000	99	9	-9999.0000	50118	34210	-9999	1200	1184	-9999	309.5019	5	0.6097	0.6128	-0.0004	40.6151	2.3511	461.2067	386.7704	38.4647	448.3683	94.9646	476.2064	94.6790	482.6571	94.8548	486.7004	94.7669	
09/08/2017	01:08:23	019004	G523015282HLR	L523	S		445.5660	1.0233	10.0000	100.1567	39.8283	0.8230	0.8268	5.0000	20.0423	508.0414	94.8987	10.3010	23.8000	0.9300	0.9370	0.6134	-0.0004	508.0000	509.5448	1.0339	8.8228	99.9764	40.0512	0.8230	0.8244	5.0000	-9999.0000	-9999.0000	-9999.0000	-9999.0000	-9999.0000	-9999.0000	20.1027	5	0	24.6729	1.0000	99	9	-9999.0000	50119	34211	-9999	1201	1185	-9999	309.5219	5	0.6097	0.6134	-0.0004	39.4488	2.4856	462.1253	390.7802	38.0913	449.5214	95.4479	478.7633	94.8987	484.0030	94.9207	488.5304	94.7889	
09/08/2017	01:08:48	019004	G523015313HLR	L523	S		440.4335	1.0233	10.0000	100.0086	39.9030	0.8230	0.8268	5.0000	20.1623	508.0626	94.9866	11.0413	23.8000	0.9300	0.9371	0.6135	-0.0004	508.0000	508.0818	1.0339	8.9906	100.0786	39.9327	0.8230	0.8241	5.0000	-9999.0000	-9999.0000	-9999.0000	-9999.0000	-9999.0000	-9999.0000	20.5228	6	0	25.2925	1.0000	99	9	-9999.0000	50120	34212	-9999	1202	1186	-9999	309.3983	5	0.6098	0.6135	-0.0004	38.4261	2.5804	458.4773	383.4460	40.1123	445.0737	95.7115	475.1580	95.0085	480.3392	94.7449	484.3013	94.6571	
09/08/2017	01:09:13	019004	G523013689HLR	L523	S		441.3856	1.0233	10.0000	99.9447	39.8521	0.8230	0.8264	5.0000	21.8921	508.0690	94.9207	10.6106	23.8000	0.9300	0.9370	0.6137	-0.0004	508.0000	506.4933	1.0339	8.8701	99.9847	39.8461	0.8230	0.8243	5.0000	-9999.0000	-9999.0000	-9999.0000	-9999.0000	-9999.0000	-9999.0000	20.1720	7	0	24.8621	1.0000	99	9	-9999.0000	50121	34213	-9999	1203	1187	-9999	309.4838	5	0.6098	0.6137	-0.0004	37.5794	2.6626	460.9947	386.9805	38.0473	448.2167	95.6236	476.9204	94.9866	482.2322	94.9646	486.3599	94.8108	
09/08/2017	01:09:38	019004	G523015299HLR	L523	S		434.6716	1.0233	10.0000	100.0086	39.8082	0.8230	0.8266	5.0000	20.0823	508.0618	95.1184	12.3520	23.8000	0.9300	0.9372	0.6133	-0.0004	508.0000	506.5836	1.0339	8.8779	100.0817	39.9487	0.8230	0.8244	5.0000	-9999.0000	-9999.0000	-9999.0000	-9999.0000	-9999.0000	-9999.0000	21.1420	8	0	25.1531	1.0000	99	9	-9999.0000	50122	34214	-9999	1204	1188	-9999	309.0983	5	0.6096	0.6133	-0.0004	38.7507	2.5403	454.4098	372.1480	39.8047	441.2690	95.8872	469.9500	95.0305	475.5261	94.7669	479.4796	94.5692	
09/08/2017	01:10:04	019004	G523015311HLR	L523	S		446.0756	1.0233	10.0000	100.0999	39.8754	0.8230	0.8268	5.0000	19.9219	508.0793	94.9646	9.5509	23.8000	0.9300	0.9373	0.6137	-0.0005	508.0000	509.9933	1.0339	8.7714	100.0362	40.0836	0.8230	0.8243	5.0000	-9999.0000	-9999.0000	-9999.0000	-9999.0000	-9999.0000	-9999.0000	21.3022	1	0	26.0225	1.0000	99	9	-9999.0000	50123	34215	-9999	1205	1189	-9999	309.6079	5	0.6094	0.6137	-0.0005	40.1803	2.3881	467.0975	384.1776	40.1123	455.0560	95.6676	480.7859	94.9646	486.6365	94.9646	491.0820	94.8767	
09/08/2017	01:10:30	019004	G523015656HLR	L523	S		444.5269	1.0233	10.0000	99.8546	39.9108	0.8230	0.8267	5.0000	19.9620	508.0414	94.9646	9.9113	23.8000	0.9300	0.9370	0.6115	-0.0002	508.0000	509.3673	1.0339	8.8432	100.0408	39.9172	0.8230	0.8238	5.0000	-9999.0000	-9999.0000	-9999.0000	-9999.0000	-9999.0000	-9999.0000	22.7330	2	0	25.3827	1.0000	99	9	-9999.0000	50124	34216	-9999	1206	1190	-9999	309.4835	5	0.6092	0.6115	-0.0002	38.7156	2.5462	469.4882	400.8639	40.9910	458.0977	95.6676	480.6224	94.8767	485.6824	94.6131	490.0441	94.5692	
09/08/2017	01:10:55	019004	G523015626HLR	L523	S		447.2267	1.0233	10.0000	100.0769	39.8832	0.8230	0.8266	5.0000	20.3234	508.0680	94.8328	8.5908	23.9000	0.9300	0.9368	0.6101	-0.0001	508.0000	508.3537	1.0339	8.9594	100.0970	39.8461	0.8230	0.8242	5.0000	-9999.0000	-9999.0000	-9999.0000	-9999.0000	-9999.0000	-9999.0000	20.6623	3	0	25.1229	1.0000	99	9	-9999.0000	50125	34217	-9999	1207	1191	-9999	309.6114	5	0.6093	0.6101	-0.0001	38.7654	2.5324	470.3208	380.8294	38.1352	458.2129	95.2721	485.3023	94.8548	490.7343	94.7889	495.3229	94.7449	
09/08/2017	01:11:20	019004	G523015302HLR	L523	S		444.6207	1.0233	10.0000	100.0495	39.7650	0.8230	0.8264	5.0000	21.6322	508.0527	95.0085	10.2013	23.9000	0.9300	0.9371	0.6084	0.0001	508.0000	509.8413	1.0339	8.7888	100.1062	39.9487	0.8230	0.8245	5.0000	-9999.0000	-9999.0000	-9999.0000	-9999.0000	-9999.0000	-9999.0000	20.6127	4	0	24.9834	1.0000	99	9	-9999.0000	50126	34218	-9999	1208	1191	-9999	309.5676	5	0.6093	0.6084	0.0001	36.5238	2.7613	465.3087	379.2555	38.3549	451.9007	94.9646	481.5340	94.6790	486.9230	94.6790	491.0673	94.6351	
09/08/2017	01:11:44	019004	G523015294HLR	L523	S		443.7800	1.0233	10.0000	99.8535	39.8193	0.8230	0.8267	5.0000	20.7719	508.0511	94.9207	9.9718	23.8000	0.9300	0.9371	0.6084	0.0001	508.0000	508.9632	1.0339	8.8895	100.0793	40.0678	0.8230	0.8245	5.0000	-9999.0000	-9999.0000	-9999.0000	-9999.0000	-9999.0000	-9999.0000	20.3615	5	0	24.6325	1.0000	99	9	-9999.0000	50127	34219	-9999	1209	1192	-9999	309.5460	5	0.6092	0.6084	0.0001	36.5941	2.7639	465.1413	383.8518	39.7388	452.3052	94.8987	481.1379	94.7669	486.4411	94.8328	490.6859	94.7669	
09/08/2017	01:12:09	019004	G523015312HLR	L523	S		446.0146	1.0233	10.0000	100.0055	39.9628	0.8230	0.8268	5.0000	20.2123	508.0416	94.9207	9.5704	23.8000	0.9300	0.9370	0.6084	0.0001	508.0000	509.5947	1.0339	8.8171	100.0276	39.9188	0.8230	0.8240	5.0000	-9999.0000	-9999.0000	-9999.0000	-9999.0000	-9999.0000	-9999.0000	21.3032	6	0	24.9325	1.0000	99	9	-9999.0000	50128	34220	-9999	1210	1192	-9999	309.5169	5	0.6091	0.6084	0.0001	35.7675	2.8438	467.6586	395.0874	39.7828	454.8516	95.1623	483.8459	94.8328	488.6052	94.7449	492.5344	94.6790	
09/08/2017	01:12:34	019004	G523015635HLR	L523	S		438.3243	1.0233	10.0000	99.9183	39.8985	0.8230	0.8265	5.0000	20.1819	508.0653	95.1843	12.6108	23.8000	0.9300	0.9371	0.6082	0.0001	508.0000	507.1460	1.0339	8.9264	100.0665	39.8461	0.8230	0.8241	5.0000	-9999.0000	-9999.0000	-9999.0000	-9999.0000	-9999.0000	-9999.0000	20.8128	7	0	24.6532	1.0000	99	9	-9999.0000	50129	34221	-9999	1211	1193	-9999	309.7049	5	0.6092	0.6082	0.0001	36.5467	2.7729	455.5636	394.0404	39.4752	441.9812	94.8767	473.7061	94.7889	477.7046	94.8328	481.4162	94.6351	
09/08/2017	01:22:27	019004	G523015631HLR	L523	S		0.0000	0.0000	0.0000	0.0000	0.0000	0.8230	0.0000	0.0000	0.0000	0.0000	0.0000	0.0000	0.0000	0.9300	0.0000	0.0000	0.0000	0.0000	0.0000	0.0000	0.0000	0.0000	0.0000	0.8230	0.0000	0.0000	0.0000	0.0000	0.0000	0.0000	0.0000	0.0000	0.0000	0	42	24.6532	1.0000	99	9	0.0000	0	0	0	0	0	0	0.0000	0	0.0000	0.0000	0.0000	0.0000	0.0000	0.0000	0.0000	0.0000	0.0000	0.0000	0.0000	0.0000	0.0000	0.0000	0.0000	0.0000	
09/08/2017	01:22:45	019004	G523015644HLR	L523	S		437.2997	1.0233	10.0000	100.0236	39.6856	0.8230	0.8263	5.0000	21.8822	508.0229	94.8767	11.4613	23.7000	0.9300	0.9371	0.6082	0.0001	508.0000	507.0371	1.0339	8.9170	100.0867	39.9487	0.8230	0.8244	5.0000	-9999.0000	-9999.0000	-9999.0000	-9999.0000	-9999.0000	-9999.0000	20.6623	8	0	611.3381	1.0000	99	9	-9999.0000	50130	34222	-9999	1212	1193	-9999	309.5937	5	0.6092	0.6082	0.0001	35.9570	2.8498	462.8997	390.9176	39.6070	451.2524	95.2282	476.0836	94.8548	480.9074	94.9646	485.6227	94.8987	
09/08/2017	01:23:10	019004	G523015654HLR	L523	S		441.8573	1.0233	10.0000	99.9762	39.7800	0.8230	0.8269	5.0000	20.2219	508.0472	94.8767	11.8412	23.7000	0.9300	0.9371	0.6082	0.0001	508.0000	508.4803	1.0339	8.9449	100.0987	40.0512	0.8230	0.8245	5.0000	-9999.0000	-9999.0000	-9999.0000	-9999.0000	-9999.0000	-9999.0000	20.4622	1	0	24.6532	1.0000	99	9	-9999.0000	50131	34223	-9999	1213	1194	-9999	309.6408	5	0.6090	0.6082	0.0001	35.6872	2.8775	459.7499	395.2034	39.3654	446.0476	95.3820	476.0474	94.9207	480.1078	94.8987	484.2554	94.7669	
09/08/2017	01:23:35	019004	G523015662HLR	L523	S		444.5802	1.0233	10.0000	99.9524	40.0076	0.8230	0.8270	5.0000	19.8929	508.0620	94.8548	10.4709	23.7000	0.9300	0.9369	0.6082	0.0001	508.0000	510.0724	1.0339	8.7623	99.9706	39.6563	0.8230	0.8237	5.0000	-9999.0000	-9999.0000	-9999.0000	-9999.0000	-9999.0000	-9999.0000	20.0217	2	0	24.9724	1.0000	99	9	-9999.0000	50132	34224	-9999	1214	1195	-9999	309.6020	5	0.6088	0.6082	0.0001	35.4718	2.8954	463.6288	385.4219	38.9700	450.5857	95.0964	481.2748	94.7889	486.4921	94.9207	490.4572	94.8767	
09/08/2017	01:24:00	019004	G523015653HLR	L523	S		443.9213	1.0233	10.0000	100.0479	39.9587	0.8230	0.8265	5.0000	20.0530	508.0654	94.8987	10.5207	23.7000	0.9300	0.9369	0.6082	0.0001	508.0000	507.8933	1.0339	8.9908	100.0114	39.2754	0.8230	0.8243	5.0000	-9999.0000	-9999.0000	-9999.0000	-9999.0000	-9999.0000	-9999.0000	19.8126	3	0	24.6932	1.0000	99	9	-9999.0000	50133	34225	-9999	1215	1196	-9999	309.5919	5	0.6088	0.6082	0.0001	35.8926	2.8641	461.4720	384.5944	38.9041	447.2943	95.3161	482.0378	94.8108	485.3345	94.7889	489.2892	94.5692	
09/08/2017	01:24:24	019004	G523015714HLR	L523	S		447.7394	1.0233	10.0000	100.0844	39.7368	0.8230	0.8263	5.0000	20.2426	508.0635	94.7889	9.1710	23.7000	0.9300	0.9369	0.6082	0.0001	508.0000	509.8829	1.0339	8.7841	100.0207	40.0259	0.8230	0.8256	5.0000	-9999.0000	-9999.0000	-9999.0000	-9999.0000	-9999.0000	-9999.0000	21.3822	4	0	24.8827	1.0000	99	9	-9999.0000	50134	34226	-9999	1216	1197	-9999	309.5286	5	0.6087	0.6082	0.0001	35.1919	2.9500	463.1884	385.5405	39.3215	447.7005	94.8548	486.6468	94.7449	491.4192	94.9426	494.5827	94.7889	
09/08/2017	01:24:49	019004	G523015669HLR	L523	S		444.7052	1.0233	10.0000	99.9516	39.7483	0.8230	0.8268	5.0000	20.0531	508.0730	94.9866	10.3810	23.9000	0.9300	0.9370	0.6082	0.0001	508.0000	510.6731	1.0339	8.6935	100.0221	40.5018	0.8230	0.8251	5.0000	-9999.0000	-9999.0000	-9999.0000	-9999.0000	-9999.0000	-9999.0000	20.2923	5	0	24.6532	1.0000	99	9	-9999.0000	50135	34227	-9999	1217	1198	-9999	309.5973	5	0.6088	0.6082	0.0001	40.6284	2.3819	460.2172	344.6158	38.5746	445.8705	95.4259	483.2671	94.7230	487.2379	94.8108	490.3172	94.8328	
09/08/2017	01:25:15	019004	G523015678HLR	L523	S		439.1539	1.0233	10.0000	100.3810	39.5014	0.8230	0.8268	5.0000	20.4321	508.0424	95.0305	12.5112	23.8000	0.9300	0.9372	0.6082	0.0001	508.0000	510.2337	1.0339	8.7438	100.0736	40.0449	0.8230	0.8240	5.0000	-9999.0000	-9999.0000	-9999.0000	-9999.0000	-9999.0000	-9999.0000	19.8323	6	0	25.0126	1.0000	99	9	-9999.0000	50136	34228	-9999	1217	1199	-9999	309.6727	5	0.6087	0.6082	0.0001	43.7512	2.0788	459.0964	390.5764	39.2995	447.0983	95.5577	474.1070	94.7889	479.2234	94.9426	483.1884	94.6790	
09/08/2017	01:25:40	019004	G523015659HLR	L523	S		444.6763	1.0233	10.0000	100.3502	39.5824	0.8230	0.8272	5.0000	19.8830	508.0488	94.9207	9.9708	23.7000	0.9300	0.9371	0.6082	0.0001	508.0000	508.8737	1.0339	8.8998	100.0578	39.5053	0.8230	0.8236	5.0000	-9999.0000	-9999.0000	-9999.0000	-9999.0000	-9999.0000	-9999.0000	20.2024	7	0	24.5720	1.0000	99	9	-9999.0000	50137	34229	-9999	1218	1200	-9999	309.5557	5	0.6087	0.6082	0.0001	43.3634	2.1106	465.2274	376.6972	39.6510	452.5815	95.6676	482.1782	94.8548	486.7545	94.9426	490.6761	94.8767	
09/08/2017	01:26:05	019004	G523015674HLR	L523	S		439.0849	1.0233	10.0000	99.9965	39.9124	0.8230	0.8274	5.0000	19.9228	508.0659	94.9207	10.5012	23.7000	0.9300	0.9368	0.6082	0.0001	508.0000	509.4269	1.0339	8.8364	100.0344	39.6086	0.8230	0.8248	5.0000	-9999.0000	-9999.0000	-9999.0000	-9999.0000	-9999.0000	-9999.0000	20.3723	8	0	24.9735	1.0000	99	9	-9999.0000	50138	34230	-9999	1219	1201	-9999	309.5892	5	0.6087	0.6082	0.0001	42.6389	2.1866	462.4114	387.8950	37.4103	448.6705	95.6456	479.7807	94.8328	484.7470	94.7889	488.5409	94.5253	
09/08/2017	01:26:30	019004	G523014336HLR	L523	S		454.1423	1.0233	10.0000	99.9024	39.8447	0.8230	0.8266	5.0000	20.1624	508.0356	94.7230	6.2400	23.9000	0.9300	0.9367	0.6082	0.0001	508.0000	506.9369	1.0339	8.9084	100.0889	40.2564	0.8230	0.8254	5.0000	-9999.0000	-9999.0000	-9999.0000	-9999.0000	-9999.0000	-9999.0000	20.5519	1	0	24.8026	1.0000	99	9	-9999.0000	50139	34231	-9999	1220	1202	-9999	309.3457	5	0.6085	0.6082	0.0001	44.4098	2.0041	475.4436	381.5479	39.2555	461.6144	94.6790	492.2661	94.6571	498.6529	94.8987	503.4872	94.6351	
09/08/2017	01:26:57	019004	G523015937HLR	L523	S		442.1898	1.0233	10.0000	100.0674	39.5163	0.8230	0.8263	5.0000	20.2025	508.0733	95.2502	10.1916	23.8000	0.9300	0.9369	0.6082	0.0001	508.0000	509.5062	1.0339	8.8273	100.0922	40.2103	0.8230	0.8241	5.0000	-9999.0000	-9999.0000	-9999.0000	-9999.0000	-9999.0000	-9999.0000	21.4829	2	0	27.6731	1.0000	99	9	-9999.0000	50140	34232	-9999	1221	1203	-9999	309.5784	5	0.6083	0.6082	0.0001	37.1210	2.7717	461.3164	387.1914	39.0578	448.8689	94.3935	477.9555	94.5033	484.1674	94.7889	488.5350	94.5912	
09/08/2017	01:27:37	019004	G523015924HLR	L523	S		437.3456	1.0233	10.0000	100.0560	39.9096	0.8230	0.8272	5.0000	20.8324	508.0769	94.9866	12.6108	23.9000	0.9300	0.9371	0.6082	0.0001	508.0000	507.9159	1.0339	8.9927	100.1058	39.5214	0.8230	0.8237	5.0000	-9999.0000	-9999.0000	-9999.0000	-9999.0000	-9999.0000	-9999.0000	20.4026	4	0	16.1014	1.0000	99	9	-9999.0000	50142	34233	-9999	1223	1204	-9999	309.7133	5	0.6082	0.6082	0.0001	43.2262	2.1234	453.7068	353.2256	37.7618	439.9614	95.3600	470.5003	94.9207	476.2401	94.9207	480.6473	94.6571	
09/08/2017	02:18:13	019004	G523015948HLR	L523	S		440.3850	1.0233	10.0000	99.7452	39.5511	0.8230	0.8263	5.0000	19.9621	508.0732	94.9426	11.3011	23.9000	0.9300	0.9371	0.6086	-0.0000	508.0000	508.0903	1.0339	8.9896	100.0738	39.3728	0.8230	0.8233	5.0000	-9999.0000	-9999.0000	-9999.0000	-9999.0000	-9999.0000	-9999.0000	21.0628	3	0	23.1627	1.0000	99	9	-9999.0000	50143	34234	-9999	1224	1205	-9999	309.1043	5	0.6084	0.6086	-0.0000	39.2444	2.5084	456.5480	349.4609	37.7398	442.2150	95.4698	475.8260	94.9646	481.1269	94.9207	485.5117	94.8328	
09/08/2017	02:20:19	019004	G523015840HLR	L523	Q		440.2218	1.0233	10.0000	100.1602	39.3800	0.8230	0.8272	5.0000	19.9016	508.0640	95.0964	11.2815	23.8000	0.9300	0.9371	0.6086	-0.0000	508.0000	506.5807	1.0339	8.8776	99.9779	39.5384	0.8230	0.8247	5.0000	-9999.0000	-9999.0000	-9999.0000	-9999.0000	-9999.0000	-9999.0000	19.8527	8	0	24.8827	1.0000	11	2	-9999.0000	50145	34235	-9999	1226	1207	-9999	309.1068	5	0.6085	0.6086	-0.0000	40.5787	2.3765	457.3764	339.4726	35.8726	444.1732	95.2941	475.4060	94.5472	479.5657	94.8548	485.0630	95.0085	
