Data	Timp	Nr. masina	Nr. de serie	Tip	Productie	Comentariu	Pre-masurare Q [ml/min]	Pre-masurare Gain	Pre-masurare Offset Master	Pre-masurare P [bar]	Pre-masurare T [°C]	Pre-masurare Densitate fixa [kg/l]	Pre-masurare densitate masurata [kg/l]	Pre-masurare Timp masurare [s]	Pre-masurare Cycle time [s]	rectificare Q Oprire [ml/min]	rectificare P Oprire [bar]	rectificare Timp rectificare [s]	rectificare T [°C]	rectificare Densitate fixa [kg/l]	rectificare densitate masurata [kg/l]	rectificare Factor de masurare la rectificare	rectificare Factor de corectie a debitului	rectificare Target rectificare	Masurare Q [ml/min]	Masurare Gain	Masurare Offset Master	Masurare P [bar]	Masurare T [°C]	Masurare Densitate fixa [kg/l]	Masurare densitate masurata [kg/l]	Masurare Timp masurare [s]	Masurare Q [ml/min]	Masurare Delta Q [ml/min]	Masurare P [bar]	Masurare BP [bar]	Masurare T [°C]	Masurare Timp masurare [s]	Masurare Cycle time [s]	Nest Nr.	Cod de descarcare	Cycle time [s]	Traceability aktiv	EDM Maschine Nr	EDM Spindle Nr	Honing Rate [r	Station Counter Premeasure	Station Counter Grind	Station Counter Blowout 1	Station Counter Wash	Station Counter Measure	Station Counter Blowout 2	RealGrindQStop	Reg Type	Factor 0	Factor 1	Factor 2	Factor 3	Factor 4	G_StartQV	G_StartQV_1	G_StartQV_2	G_StartQV_3	G_StartQV_4	G_StartQV_5	
05/08/2017	14:57:43	019004	H421005048HLR	L421	S		712.0716	1.0233	21.5407	100.1646	39.6500	0.8230	0.8253	5.0000	20.1721	815.0913	95.0525	14.9314	24.3000	0.9300	0.9386	0.6876	-0.0001	815.0000	819.2856	1.0339	-3.6588	99.9885	39.9370	0.8230	0.8223	5.0000	-9999.0000	-9999.0000	-9999.0000	-9999.0000	-9999.0000	-9999.0000	21.7720	1	0	25.1025	1.0000	99	9	-9999.0000	43640	27617	-9999	550	537	-9999	559.1928	5	0.6862	0.6876	-0.0001	85.6222	2.0570	717.0880	282.8742	37.4542	657.8386	67.6373	671.1832	67.4396	694.2193	87.9570	740.4939	93.5367	
05/08/2017	14:58:37	019004	H421005050HLR	L421	S		709.8450	1.0233	20.8422	100.1067	39.5759	0.8230	0.8249	5.0000	21.7620	815.0965	94.8328	12.4008	24.4000	0.9300	0.9394	0.6876	-0.0001	815.0000	815.6679	1.0339	-3.5556	99.9487	39.7718	0.8230	0.8227	5.0000	-9999.0000	-9999.0000	-9999.0000	-9999.0000	-9999.0000	-9999.0000	23.3824	3	0	27.6534	1.0000	99	9	-9999.0000	43641	27618	-9999	551	538	-9999	559.4189	5	0.6862	0.6876	-0.0001	85.6222	2.0570	741.4776	432.4016	36.1582	673.9896	92.8777	740.4340	92.1528	751.1546	94.0859	764.1684	94.6351	
05/08/2017	14:59:30	019004	H421005350HLR	L421	S		707.6734	1.0233	20.1610	99.9951	39.8721	0.8230	0.8245	5.0000	21.8921	815.1749	94.8767	10.9915	24.6000	0.9300	0.9396	0.6841	-0.0001	815.0000	808.3726	1.0339	-3.3474	99.9286	39.8451	0.8230	0.8222	5.0000	-9999.0000	-9999.0000	-9999.0000	-9999.0000	-9999.0000	-9999.0000	22.6627	5	0	27.2129	1.0000	99	9	-9999.0000	43642	27619	-9999	552	539	-9999	556.8487	5	0.6825	0.6841	-0.0001	85.8473	2.0624	745.1008	440.0217	35.8726	675.3440	92.4164	743.8326	91.6915	755.2637	93.9541	768.1075	94.5912	
05/08/2017	15:00:21	019004	H421005828HLR	L421	S		709.5015	1.0233	20.7345	99.9532	39.7773	0.8230	0.8255	5.0000	19.8321	815.0798	95.0085	12.9419	24.5000	0.9300	0.9396	0.6857	-0.0001	815.0000	816.6945	1.0339	-3.5849	100.0045	39.9720	0.8230	0.8229	5.0000	-9999.0000	-9999.0000	-9999.0000	-9999.0000	-9999.0000	-9999.0000	21.1322	7	0	25.7128	1.0000	99	9	-9999.0000	43643	27620	-9999	553	540	-9999	557.8728	5	0.6843	0.6857	-0.0001	85.7478	2.0600	742.1760	425.4562	35.9824	671.8668	91.9331	740.6633	91.2082	752.2524	93.8882	764.8012	94.5912	
05/08/2017	15:01:13	019004	H421005352HLR	L421	S		705.6533	1.0233	19.5274	100.0059	39.7773	0.8230	0.8248	5.0000	20.4719	815.1162	94.8328	12.4506	24.5000	0.9300	0.9396	0.6871	-0.0001	815.0000	813.7770	1.0339	-3.5016	100.0129	39.7771	0.8230	0.8224	5.0000	-9999.0000	-9999.0000	-9999.0000	-9999.0000	-9999.0000	-9999.0000	22.7828	1	0	26.7530	1.0000	99	9	-9999.0000	43644	27621	-9999	554	541	-9999	559.0347	5	0.6857	0.6871	-0.0001	85.6708	2.0582	737.9648	430.6566	35.1477	665.8462	92.1528	736.8916	91.5377	746.7570	93.9321	759.2539	94.6571	
05/08/2017	15:02:04	019004	H421005356HLR	L421	S		707.7128	1.0233	20.1734	100.1107	39.9487	0.8230	0.8255	5.0000	19.9221	815.0652	94.8328	11.7210	24.5000	0.9300	0.9396	0.6864	-0.0001	815.0000	813.2676	1.0339	-3.4871	99.9879	40.0809	0.8230	0.8229	5.0000	-9999.0000	-9999.0000	-9999.0000	-9999.0000	-9999.0000	-9999.0000	21.4526	3	0	26.2323	1.0000	99	9	-9999.0000	43645	27622	-9999	555	542	-9999	558.4929	5	0.6850	0.6864	-0.0001	85.7142	2.0592	744.4462	441.6377	38.0473	675.4669	92.4603	743.1757	91.8233	753.6976	94.0639	765.7377	94.6571	
05/08/2017	15:02:57	019004	H421005360HLR	L421	S		706.3801	1.0233	19.7554	99.9704	39.7736	0.8230	0.8251	5.0000	19.9720	815.0967	94.8548	12.1107	24.5000	0.9300	0.9396	0.7062	-0.0016	815.0000	814.6317	1.0339	-3.5260	100.0466	39.8271	0.8230	0.8225	5.0000	-9999.0000	-9999.0000	-9999.0000	-9999.0000	-9999.0000	-9999.0000	20.6224	5	0	27.7833	1.0000	99	9	-9999.0000	43646	27623	-9999	556	543	-9999	560.0149	5	0.6854	0.7062	-0.0016	88.4116	1.3772	726.2969	412.9785	35.7188	654.4561	92.7459	724.5514	92.0649	736.7696	94.0420	750.6451	94.7010	
05/08/2017	15:10:05	019004	H421005364HLR	L421	S		707.2536	1.0233	20.0294	99.9474	39.9487	0.8230	0.8252	5.0000	20.1223	815.1280	94.7449	11.6312	24.5000	0.9300	0.9396	0.7057	-0.0016	815.0000	813.7579	1.0339	-3.5011	99.9940	40.0750	0.8230	0.8230	5.0000	-9999.0000	-9999.0000	-9999.0000	-9999.0000	-9999.0000	-9999.0000	21.9427	7	0	26.7929	1.0000	99	9	-9999.0000	43647	27624	-9999	557	544	-9999	560.3066	5	0.6856	0.7057	-0.0016	91.5794	1.1519	729.8190	409.1995	35.1696	652.4461	92.8557	728.2069	92.1528	740.1106	93.9321	753.7639	94.8328	
05/08/2017	15:10:59	019004	H421005370HLR	L421	S		707.1731	1.0233	20.0041	99.9460	39.8074	0.8230	0.8249	5.0000	21.1624	815.1470	94.9866	13.2515	24.5000	0.9300	0.9397	0.7056	-0.0015	815.0000	816.8640	1.0339	-3.5897	100.0056	39.4807	0.8230	0.8220	5.0000	-9999.0000	-9999.0000	-9999.0000	-9999.0000	-9999.0000	-9999.0000	21.2318	1	0	26.9228	1.0000	99	9	-9999.0000	43648	27625	-9999	558	545	-9999	558.5543	5	0.6859	0.7056	-0.0015	93.1360	1.0550	728.3802	408.4020	36.4218	652.9838	93.4269	726.8100	92.6800	738.9920	94.2177	751.1546	94.8108	
05/08/2017	15:11:25	019004	H421005373HLR	L421	S		698.0966	1.0233	17.1570	100.0616	39.8461	0.8230	0.8254	5.0000	19.9525	815.0778	94.7889	13.1714	24.4000	0.9300	0.9397	0.7056	-0.0015	815.0000	814.2657	1.0339	-3.5156	100.0171	39.7552	0.8230	0.8234	5.0000	-9999.0000	-9999.0000	-9999.0000	-9999.0000	-9999.0000	-9999.0000	20.9526	2	0	26.0831	1.0000	99	9	-9999.0000	43649	27626	-9999	559	546	-9999	558.5898	5	0.6859	0.7056	-0.0015	93.1360	1.0550	723.1941	427.8858	36.5096	647.6939	93.7125	721.6171	92.8997	734.3675	94.0859	745.9353	94.8548	
05/08/2017	15:11:52	019004	H421005376HLR	L421	S		707.2942	1.0233	20.0421	100.0793	40.0138	0.8230	0.8251	5.0000	21.0922	815.1278	94.8548	12.8413	23.9000	0.9300	0.9358	0.7069	-0.0016	815.0000	819.8360	1.0339	-3.6745	100.0108	40.2992	0.8230	0.8229	5.0000	-9999.0000	-9999.0000	-9999.0000	-9999.0000	-9999.0000	-9999.0000	21.7924	3	0	26.8027	1.0000	99	9	-9999.0000	43650	27627	-9999	560	547	-9999	559.1028	5	0.6862	0.7069	-0.0016	103.9306	0.2390	730.6820	390.0813	35.2795	656.2182	93.9761	729.4232	93.4269	739.3878	94.1079	748.3822	94.7230	
05/08/2017	15:12:13	019004	H340001833HLR	L421	S		0.0000	0.0000	0.0000	0.0000	0.0000	0.8230	0.0000	0.0000	0.0000	0.0000	0.0000	0.0000	0.0000	0.9300	0.0000	0.0000	0.0000	0.0000	0.0000	0.0000	0.0000	0.0000	0.0000	0.8230	0.0000	0.0000	0.0000	0.0000	0.0000	0.0000	0.0000	0.0000	0.0000	0	27	26.8027	1.0000	99	9	0.0000	0	0	0	0	0	0	0.0000	0	0.0000	0.0000	0.0000	0.0000	0.0000	0.0000	0.0000	0.0000	0.0000	0.0000	0.0000	0.0000	0.0000	0.0000	0.0000	0.0000	
05/08/2017	15:12:23	019004	H421005384HLR	L421	S		705.0659	1.0233	19.3431	99.9377	39.6334	0.8230	0.8246	5.0000	22.0024	815.1624	94.7230	12.4809	23.9000	0.9300	0.9364	0.7069	-0.0016	815.0000	817.9722	1.0339	-3.6214	99.9711	39.9407	0.8230	0.8220	5.0000	-9999.0000	-9999.0000	-9999.0000	-9999.0000	-9999.0000	-9999.0000	22.4527	4	0	31.3335	1.0000	99	9	-9999.0000	43651	27628	-9999	561	548	-9999	559.6280	5	0.6862	0.7069	-0.0016	103.9306	0.2390	724.6530	421.3681	34.7083	645.7763	93.7344	723.0779	92.8997	734.6076	94.0859	746.6498	94.8108	
05/08/2017	15:12:50	019004	H421005396HLR	L421	S		708.6283	1.0233	20.4606	99.7402	39.7435	0.8230	0.8253	5.0000	20.9914	815.1001	94.7669	12.1605	24.3000	0.9300	0.9382	0.7090	-0.0018	815.0000	815.9796	1.0339	-3.5645	99.9895	39.6766	0.8230	0.8222	5.0000	-9999.0000	-9999.0000	-9999.0000	-9999.0000	-9999.0000	-9999.0000	21.5923	5	0	26.9026	1.0000	99	9	-9999.0000	43652	27629	-9999	562	549	-9999	559.7651	5	0.6860	0.7090	-0.0018	92.4664	1.1495	728.6887	419.6444	36.1142	648.9790	94.1957	727.1856	93.4269	737.8733	94.2177	749.1209	94.8108	
05/08/2017	15:13:16	019004	H421005390HLR	L421	S		711.1431	1.0233	21.2494	99.8118	40.0844	0.8230	0.8254	5.0000	20.2621	815.1393	94.7669	11.6409	24.3000	0.9300	0.9384	0.7076	-0.0017	815.0000	815.5219	1.0339	-3.5514	100.0028	40.0512	0.8230	0.8229	5.0000	-9999.0000	-9999.0000	-9999.0000	-9999.0000	-9999.0000	-9999.0000	23.2526	6	0	25.7127	1.0000	99	9	-9999.0000	43653	27630	-9999	563	550	-9999	560.6594	5	0.6860	0.7076	-0.0017	59.4281	3.9012	732.9778	410.3444	36.1142	654.9463	94.6571	731.4559	93.7564	742.7002	94.4374	753.4282	94.8328	
05/08/2017	15:13:56	019004	H421005394HLR	L421	S		707.3753	1.0233	20.0675	99.9156	39.8819	0.8230	0.8245	5.0000	21.4427	815.1802	94.9207	12.7114	24.3000	0.9300	0.9387	0.7159	-0.0024	815.0000	816.9657	1.0339	-3.5926	100.0367	40.0674	0.8230	0.8224	5.0000	-9999.0000	-9999.0000	-9999.0000	-9999.0000	-9999.0000	-9999.0000	21.2026	7	0	40.5650	1.0000	99	9	-9999.0000	43654	27631	-9999	564	551	-9999	558.6346	5	0.6859	0.7159	-0.0024	53.8083	4.3882	721.5770	407.8601	36.2900	644.5127	94.6571	720.0580	93.7784	730.4444	94.4374	742.4989	94.8108	
05/08/2017	15:14:22	019004	H421006283HLR	L421	S		710.0307	1.0233	20.9005	100.3484	39.6887	0.8230	0.8250	5.0000	20.4827	815.1071	94.7669	11.8509	24.4000	0.9300	0.9390	0.7187	-0.0027	815.0000	815.4113	1.0339	-3.5483	100.0503	39.8754	0.8230	0.8224	5.0000	-9999.0000	-9999.0000	-9999.0000	-9999.0000	-9999.0000	-9999.0000	21.1234	8	0	26.0332	1.0000	99	9	-9999.0000	43655	27632	-9999	565	552	-9999	560.1413	5	0.6855	0.7187	-0.0027	62.3278	3.7657	724.0347	411.3002	34.9939	645.9910	94.7010	722.5247	93.9102	733.6319	94.4154	746.2490	94.8108	
05/08/2017	15:14:49	019004	H421006287HLR	L421	S		710.1026	1.0233	20.9230	99.9581	39.9487	0.8230	0.8255	5.0000	20.2328	815.1151	94.7669	11.9017	24.4000	0.9300	0.9392	0.7187	-0.0027	815.0000	816.2349	1.0339	-3.5718	100.0436	40.0359	0.8230	0.8228	5.0000	-9999.0000	-9999.0000	-9999.0000	-9999.0000	-9999.0000	-9999.0000	21.2925	1	0	27.2327	1.0000	99	9	-9999.0000	43656	27633	-9999	566	553	-9999	560.1102	5	0.6855	0.7187	-0.0027	62.3278	3.7657	724.4790	405.7264	35.9605	646.5460	94.7889	722.8826	93.9541	734.5744	94.4594	745.8069	94.8328	
05/08/2017	15:15:16	019004	H421005380HLR	L421	S		709.4220	1.0233	20.7095	99.9958	40.0027	0.8230	0.8249	5.0000	20.4524	815.1365	94.7669	11.5208	24.4000	0.9300	0.9392	0.7146	-0.0023	815.0000	815.8143	1.0339	-3.5598	100.0619	39.9741	0.8230	0.8225	5.0000	-9999.0000	-9999.0000	-9999.0000	-9999.0000	-9999.0000	-9999.0000	21.5825	2	0	26.6932	1.0000	99	9	-9999.0000	43657	27634	-9999	567	554	-9999	560.8419	5	0.6860	0.7146	-0.0023	33.8651	6.1269	728.7340	400.5600	35.8506	649.7315	94.8548	727.1070	94.0859	739.7744	94.4594	750.9083	94.8108	
05/08/2017	15:15:42	019004	H340001833HLR	L421	S		581.7061	1.0233	1.6621	100.1239	39.7139	0.8230	0.8252	5.0000	20.1624	815.1190	94.8548	28.0227	24.2000	0.9300	0.9392	0.7200	-0.0028	815.0000	792.6593	1.0339	-2.9102	100.0086	39.8889	0.8230	0.8225	5.0000	-9999.0000	-9999.0000	-9999.0000	-9999.0000	-9999.0000	-9999.0000	23.4118	3	27	25.8526	1.0000	99	9	-9999.0000	43658	27635	-9999	568	555	-9999	525.2881	5	0.6857	0.7200	-0.0028	34.5633	6.0586	607.3734	396.2402	35.1477	538.6461	96.5902	605.8337	95.7554	616.0068	95.0305	623.6408	94.7449	
05/08/2017	15:16:14	019004	H421006293HLR	L421	S		709.8422	1.0233	20.8413	100.0220	39.9487	0.8230	0.8256	5.0000	19.8820	815.1696	94.8548	11.8011	24.5000	0.9300	0.9397	0.7200	-0.0028	815.0000	815.1435	1.0339	-3.5406	100.0372	39.9818	0.8230	0.8226	5.0000	-9999.0000	-9999.0000	-9999.0000	-9999.0000	-9999.0000	-9999.0000	22.1625	4	0	31.9839	1.0000	99	9	-9999.0000	43659	27636	-9999	569	556	-9999	560.3056	5	0.6857	0.7200	-0.0028	34.5633	6.0586	722.7538	376.6895	35.4772	639.4162	94.6351	720.9088	93.8223	733.3509	94.3935	745.1391	94.7669	
05/08/2017	15:16:40	019004	H421006303HLR	L421	S		703.5157	1.0233	18.8569	100.0215	40.0543	0.8230	0.8251	5.0000	19.8323	815.1131	94.9866	12.7124	24.5000	0.9300	0.9396	0.7193	-0.0027	815.0000	815.6612	1.0339	-3.5554	100.0798	40.0678	0.8230	0.8226	5.0000	-9999.0000	-9999.0000	-9999.0000	-9999.0000	-9999.0000	-9999.0000	20.9320	5	0	26.0927	1.0000	99	9	-9999.0000	43660	27637	-9999	570	557	-9999	558.0116	5	0.6855	0.7193	-0.0027	28.5427	6.5497	721.0369	363.9628	33.8516	641.3987	94.7449	719.1964	94.0200	731.2945	94.4813	742.5473	94.8548	
05/08/2017	15:17:07	019004	H421006307HLR	L421	S		703.3380	1.0233	18.8011	99.9831	39.7992	0.8230	0.8249	5.0000	20.0628	815.1918	94.8328	12.7016	24.4000	0.9300	0.9395	0.7323	-0.0039	815.0000	814.7258	1.0339	-3.5287	100.0883	40.0287	0.8230	0.8226	5.0000	-9999.0000	-9999.0000	-9999.0000	-9999.0000	-9999.0000	-9999.0000	20.2823	6	0	26.9425	1.0000	99	9	-9999.0000	43661	27638	-9999	571	558	-9999	557.1887	5	0.6854	0.7323	-0.0039	29.7170	6.4588	709.4677	359.0966	34.3349	631.3808	95.0525	707.6710	94.3935	720.4974	94.5472	731.9120	94.8548	
05/08/2017	15:17:33	019004	H421006299HLR	L421	S		705.8916	1.0233	19.6021	99.8770	39.9487	0.8230	0.8253	5.0000	20.3713	815.1338	94.5692	11.6009	24.5000	0.9300	0.9396	0.7323	-0.0039	815.0000	814.8306	1.0339	-3.5317	100.0050	39.9487	0.8230	0.8225	5.0000	-9999.0000	-9999.0000	-9999.0000	-9999.0000	-9999.0000	-9999.0000	23.6627	7	0	25.7528	1.0000	99	9	-9999.0000	43662	27639	-9999	572	559	-9999	560.5852	5	0.6854	0.7323	-0.0039	29.7170	6.4588	713.7441	353.9752	34.9060	632.2896	94.5253	711.9458	93.8662	726.7408	94.4594	739.5087	94.9207	
05/08/2017	15:17:58	019004	H421006311HLR	L421	S		708.9608	1.0233	20.5649	100.0308	40.0424	0.8230	0.8249	5.0000	21.1418	815.1666	94.8767	12.3412	24.4000	0.9300	0.9396	0.7298	-0.0036	815.0000	817.3314	1.0339	-3.6031	100.0352	40.0678	0.8230	0.8226	5.0000	-9999.0000	-9999.0000	-9999.0000	-9999.0000	-9999.0000	-9999.0000	21.1822	8	0	25.2929	1.0000	99	9	-9999.0000	43663	27640	-9999	573	559	-9999	558.3195	5	0.6856	0.7298	-0.0036	25.1675	6.7878	714.1827	357.9663	34.2031	632.5467	94.4374	712.3926	93.8662	726.9164	94.3715	738.6733	94.8328	
05/08/2017	15:18:31	019004	H421006314HLR	L421	S		706.9136	1.0233	19.9227	99.9134	39.9206	0.8230	0.8249	5.0000	20.1918	815.1803	94.5472	11.5218	24.5000	0.9300	0.9396	0.7298	-0.0036	815.0000	815.5221	1.0339	-3.5514	100.0562	40.0688	0.8230	0.8226	5.0000	-9999.0000	-9999.0000	-9999.0000	-9999.0000	-9999.0000	-9999.0000	21.3022	1	0	32.5533	1.0000	99	9	-9999.0000	43664	27641	-9999	574	560	-9999	560.9180	5	0.6856	0.7298	-0.0036	25.1675	6.7878	717.8480	386.9721	36.5975	644.6373	94.7889	715.7426	94.1079	730.1850	94.3715	742.4971	94.8548	
05/08/2017	15:18:57	019004	H421006318HLR	L421	S		708.3060	1.0233	20.3595	100.0267	39.9487	0.8230	0.8252	5.0000	19.9817	815.1791	94.8328	12.3012	24.5000	0.9300	0.9398	0.7260	-0.0033	815.0000	816.5357	1.0339	-3.5804	99.9738	40.0512	0.8230	0.8224	5.0000	-9999.0000	-9999.0000	-9999.0000	-9999.0000	-9999.0000	-9999.0000	28.9330	2	0	25.9239	1.0000	99	9	-9999.0000	43665	27642	-9999	575	560	-9999	558.7117	5	0.6858	0.7260	-0.0033	25.0360	6.7987	719.9649	382.8304	35.0598	650.6462	94.9207	718.2444	94.2616	730.9653	94.4594	741.8189	94.8108	
05/08/2017	15:19:23	019004	H421006330HLR	L421	S		709.7718	1.0233	20.8192	99.9974	39.9520	0.8230	0.8251	5.0000	20.3020	815.1332	94.5912	11.1516	24.6000	0.9300	0.9397	0.7265	-0.0033	815.0000	815.1600	1.0339	-3.5411	100.0514	40.1010	0.8230	0.8226	5.0000	-9999.0000	-9999.0000	-9999.0000	-9999.0000	-9999.0000	-9999.0000	20.4319	3	0	26.2725	1.0000	99	9	-9999.0000	43665	27643	-9999	576	561	-9999	561.9021	5	0.6861	0.7265	-0.0033	24.6099	6.8347	722.2151	358.9548	33.4123	638.6693	94.9426	720.2760	94.3715	734.4017	94.5033	746.3657	94.8108	
05/08/2017	15:19:49	019004	H421006297HLR	L421	S		708.9561	1.0233	20.5634	100.2243	39.9487	0.8230	0.8248	5.0000	21.1419	815.1864	94.6790	11.6507	24.6000	0.9300	0.9397	0.7264	-0.0033	815.0000	815.4720	1.0339	-3.5500	100.0585	40.0932	0.8230	0.8225	5.0000	-9999.0000	-9999.0000	-9999.0000	-9999.0000	-9999.0000	-9999.0000	21.1225	4	0	26.3524	1.0000	99	9	-9999.0000	43666	27644	-9999	577	562	-9999	560.5278	5	0.6859	0.7264	-0.0033	29.1168	6.4546	720.3397	354.9211	34.8401	638.6478	95.0525	718.6355	94.4374	731.2782	94.5253	742.2557	94.8108	
05/08/2017	15:20:16	019004	H421006328HLR	L421	S		706.8291	1.0233	19.8962	100.0407	39.9487	0.8230	0.8251	5.0000	20.0422	815.1918	94.6351	11.8412	24.5000	0.9300	0.9397	0.7261	-0.0033	815.0000	815.4162	1.0339	-3.5484	100.0451	40.1106	0.8230	0.8226	5.0000	-9999.0000	-9999.0000	-9999.0000	-9999.0000	-9999.0000	-9999.0000	20.8713	5	0	26.8038	1.0000	99	9	-9999.0000	43667	27645	-9999	578	563	-9999	560.0030	5	0.6859	0.7261	-0.0033	66.9756	3.4176	719.0837	360.2420	34.9280	636.7195	94.8767	717.4567	94.3276	730.5352	94.4813	742.4829	94.8328	
05/08/2017	15:20:41	019004	H421006324HLR	L421	S		703.9405	1.0233	18.9901	100.0560	39.9800	0.8230	0.8252	5.0000	19.6818	815.2195	94.7010	12.2914	24.5000	0.9300	0.9396	0.7286	-0.0035	815.0000	815.7148	1.0339	-3.5569	100.0606	40.1137	0.8230	0.8226	5.0000	-9999.0000	-9999.0000	-9999.0000	-9999.0000	-9999.0000	-9999.0000	21.1118	6	0	24.6922	1.0000	99	9	-9999.0000	43668	27646	-9999	579	564	-9999	558.6407	5	0.6859	0.7286	-0.0035	64.4786	3.6247	715.0234	360.9105	34.0273	638.7459	95.3600	713.1357	94.7669	726.4259	94.6571	737.2328	94.7889	
05/08/2017	15:21:06	019004	H421005439HLR	L421	S		710.1214	1.0233	20.9289	99.9846	39.9421	0.8230	0.8246	5.0000	21.5921	815.1246	94.5912	11.7210	24.4000	0.9300	0.9395	0.7295	-0.0036	815.0000	814.4301	1.0339	-3.5203	100.0816	40.1473	0.8230	0.8226	5.0000	-9999.0000	-9999.0000	-9999.0000	-9999.0000	-9999.0000	-9999.0000	20.6624	7	0	25.3636	1.0000	99	9	-9999.0000	43669	27647	-9999	580	565	-9999	560.1771	5	0.6862	0.7295	-0.0036	67.8491	3.3661	718.7767	355.0692	33.6319	638.7211	95.2721	716.6811	94.6790	728.3864	94.6571	737.6275	94.8108	
05/08/2017	15:21:32	019004	H421005400HLR	L421	S		708.9382	1.0233	20.5578	99.9265	39.9153	0.8230	0.8251	5.0000	20.0119	815.1216	94.6571	12.1517	24.5000	0.9300	0.9396	0.7293	-0.0036	815.0000	815.0557	1.0339	-3.5381	100.0625	40.1538	0.8230	0.8225	5.0000	-9999.0000	-9999.0000	-9999.0000	-9999.0000	-9999.0000	-9999.0000	21.7417	8	0	26.2026	1.0000	99	9	-9999.0000	43670	27648	-9999	581	566	-9999	558.9697	5	0.6863	0.7293	-0.0036	67.2402	3.4274	714.7804	354.3222	33.5221	635.2345	95.4698	712.8482	94.8548	726.2183	94.6571	736.4179	94.8108	
05/08/2017	15:21:58	019004	H421005410HLR	L421	S		709.3247	1.0233	20.6790	100.0696	40.0224	0.8230	0.8252	5.0000	20.2414	815.1289	94.6790	12.3315	24.5000	0.9300	0.9397	0.7277	-0.0034	815.0000	816.7007	1.0339	-3.5851	100.0242	40.1538	0.8230	0.8226	5.0000	-9999.0000	-9999.0000	-9999.0000	-9999.0000	-9999.0000	-9999.0000	22.9029	1	0	25.7529	1.0000	99	9	-9999.0000	43671	27649	-9999	582	567	-9999	558.6186	5	0.6862	0.7277	-0.0034	68.8625	3.3025	720.4946	356.6780	34.0273	638.2736	95.2721	719.0352	94.8328	731.3259	94.6790	741.6038	94.7889	
05/08/2017	15:22:27	019004	H421004057HLR	L421	S		726.7055	1.0233	23.8155	99.8819	40.0085	0.8230	0.8247	5.0000	21.2924	815.1576	94.9866	8.5908	24.5000	0.9300	0.9396	0.7287	-0.0035	815.0000	828.7058	1.0339	-3.9277	100.0500	40.1538	0.8230	0.8225	5.0000	-9999.0000	-9999.0000	-9999.0000	-9999.0000	-9999.0000	-9999.0000	21.0023	2	2	28.6930	1.0000	99	9	-9999.0000	43672	27650	-9999	583	568	-9999	569.3405	5	0.6860	0.7287	-0.0035	68.5576	3.3679	748.3099	356.5271	34.7962	658.4755	94.9426	746.3249	94.2177	760.9035	94.5033	774.0225	94.8987	
05/08/2017	15:22:52	019004	H421005419HLR	L421	S		738.9110	1.0233	19.8059	100.0032	39.9585	0.8230	0.8249	5.0000	20.1029	0.0000	0.0000	0.0000	0.0000	0.9300	0.0000	0.0000	0.0000	0.0000	739.3773	1.0339	-1.5593	100.0145	40.0512	0.8230	0.8224	5.0000	-9999.0000	-9999.0000	-9999.0000	-9999.0000	-9999.0000	-9999.0000	25.4725	3	8	24.9831	1.0000	99	9	-9999.0000	43673	0	-9999	584	569	-9999	0.0000	0	0.0000	0.0000	0.0000	0.0000	0.0000	0.0000	0.0000	0.0000	0.0000	0.0000	0.0000	0.0000	0.0000	0.0000	0.0000	0.0000	
05/08/2017	15:23:18	019004	H421003582HLR	L421	S		701.6157	1.0233	18.2609	100.0683	39.9487	0.8230	0.8251	5.0000	20.1624	815.1450	94.7010	12.2816	24.6000	0.9300	0.9396	0.7386	-0.0044	815.0000	812.5294	1.0339	-3.4660	100.0731	40.1538	0.8230	0.8226	5.0000	-9999.0000	-9999.0000	-9999.0000	-9999.0000	-9999.0000	-9999.0000	21.1321	4	0	25.9920	1.0000	99	9	-9999.0000	43674	27651	-9999	585	570	-9999	558.2531	5	0.6865	0.7386	-0.0044	79.7633	2.3542	704.9313	336.5455	33.9614	621.9015	95.6236	702.9908	95.0305	716.8821	94.7889	727.8585	94.7010	
05/08/2017	15:23:44	019004	H421005413HLR	L421	S		710.4778	1.0233	21.0407	99.9356	39.9943	0.8230	0.8249	5.0000	20.8224	815.1879	94.5912	11.2708	24.4000	0.9300	0.9395	0.7405	-0.0046	815.0000	819.6878	1.0339	-3.6703	100.0268	40.1538	0.8230	0.8225	5.0000	-9999.0000	-9999.0000	-9999.0000	-9999.0000	-9999.0000	-9999.0000	22.6724	5	0	26.5538	1.0000	99	9	-9999.0000	43675	27652	-9999	586	571	-9999	561.9024	5	0.6861	0.7405	-0.0046	80.8977	2.2245	716.5407	364.2404	35.1696	638.7278	95.5358	714.4282	94.8328	729.6005	94.6571	739.9937	94.8108	
05/08/2017	15:24:11	019004	H421005237HLR	L421	S		725.3413	1.0233	24.2637	100.0435	40.0134	0.8230	0.8250	5.0000	20.2717	815.1727	94.6131	10.7512	24.6000	0.9300	0.9397	0.7372	-0.0043	815.0000	818.7137	1.0339	-3.6425	100.0287	40.1538	0.8230	0.8224	5.0000	-9999.0000	-9999.0000	-9999.0000	-9999.0000	-9999.0000	-9999.0000	22.9126	6	0	26.4727	1.0000	99	9	-9999.0000	43676	27653	-9999	587	572	-9999	563.6419	5	0.6865	0.7372	-0.0043	87.4560	1.6695	722.9081	355.3198	33.8955	641.5067	95.3380	721.1345	94.8108	734.1971	94.6571	745.1864	94.7889	
05/08/2017	15:24:36	019004	H421005429HLR	L421	S		729.0085	1.0233	23.0590	99.8746	40.0017	0.8230	0.8250	5.0000	20.0521	815.1986	94.6790	9.8019	24.6000	0.9300	0.9397	0.7372	-0.0043	815.0000	823.2225	1.0339	-3.7712	100.0081	40.1694	0.8230	0.8224	5.0000	-9999.0000	-9999.0000	-9999.0000	-9999.0000	-9999.0000	-9999.0000	23.1921	7	0	25.5528	1.0000	99	9	-9999.0000	43677	27654	-9999	588	573	-9999	566.9625	5	0.6865	0.7372	-0.0043	87.4560	1.6695	733.6508	352.0493	34.2250	649.2208	95.1403	731.8796	94.5912	745.6022	94.5253	758.9594	94.7889	
05/08/2017	15:25:04	019004	H421005428HLR	L421	S		731.7669	1.0233	22.1528	100.2060	39.9996	0.8230	0.8250	5.0000	20.1019	815.1483	94.7230	10.0109	24.6000	0.9300	0.9396	0.7357	-0.0041	815.0000	821.8999	1.0339	-3.7334	100.0242	40.2324	0.8230	0.8224	5.0000	-9999.0000	-9999.0000	-9999.0000	-9999.0000	-9999.0000	-9999.0000	21.9624	8	0	28.2032	1.0000	99	9	-9999.0000	43678	27655	-9999	589	574	-9999	566.0778	5	0.6864	0.7357	-0.0041	84.0764	1.9734	734.0544	353.7331	33.3463	649.7321	95.0744	732.3375	94.5912	745.4276	94.5692	757.4291	94.7889	
05/08/2017	15:25:33	019004	H421005238HLR	L421	S		732.1536	1.0233	22.0258	99.9110	39.9679	0.8230	0.8248	5.0000	21.0120	815.1062	94.6790	8.7510	24.6000	0.9300	0.9395	0.6932	-0.0006	815.0000	813.7678	1.0339	-3.5014	100.0245	40.2224	0.8230	0.8223	5.0000	-9999.0000	-9999.0000	-9999.0000	-9999.0000	-9999.0000	-9999.0000	24.8924	1	0	28.9634	1.0000	99	9	-9999.0000	43679	27656	-9999	590	575	-9999	561.0446	5	0.6866	0.6932	-0.0006	85.3094	1.8947	768.0441	376.1402	34.3788	685.0477	94.9426	766.8105	94.5033	775.7167	94.5692	783.5287	94.8328	
05/08/2017	15:26:01	019004	H421005432HLR	L421	S		718.3477	1.0233	23.5093	100.1897	40.0166	0.8230	0.8250	5.0000	20.4621	815.0872	94.9866	10.1808	24.5000	0.9300	0.9395	0.6931	-0.0006	815.0000	814.3790	1.0339	-3.5188	99.9867	40.2564	0.8230	0.8223	5.0000	-9999.0000	-9999.0000	-9999.0000	-9999.0000	-9999.0000	-9999.0000	25.3631	2	0	27.8331	1.0000	99	9	-9999.0000	43680	27657	-9999	591	576	-9999	560.2647	5	0.6864	0.6931	-0.0006	82.9128	2.0890	757.1126	378.6501	33.2804	673.8815	95.0964	755.4945	94.6571	764.0053	94.6351	773.5123	94.6790	
05/08/2017	15:26:55	019004	H421005435HLR	L421	S		702.4162	1.0233	18.5120	100.0720	39.9843	0.8230	0.8248	5.0000	21.1832	815.1244	95.1184	13.8014	24.5000	0.9300	0.9397	0.6968	-0.0009	815.0000	816.3515	1.0339	-3.5751	100.0245	40.1538	0.8230	0.8224	5.0000	-9999.0000	-9999.0000	-9999.0000	-9999.0000	-9999.0000	-9999.0000	22.7729	4	0	27.6027	1.0000	99	9	-9999.0000	43682	27658	-9999	593	577	-9999	558.0078	5	0.6867	0.6968	-0.0009	47.3224	4.9606	733.5906	362.5550	34.8401	651.6567	95.4039	731.9278	95.0085	743.8775	94.8767	750.8538	94.8328	
05/08/2017	15:27:24	019004	H421005446HLR	L421	S		705.0880	1.0233	19.3501	99.8673	40.0269	0.8230	0.8250	5.0000	20.1017	815.1671	94.6571	12.9419	24.5000	0.9300	0.9397	0.6967	-0.0009	815.0000	814.4820	1.0339	-3.5217	100.0199	40.1538	0.8230	0.8224	5.0000	-9999.0000	-9999.0000	-9999.0000	-9999.0000	-9999.0000	-9999.0000	23.8327	5	0	28.9633	1.0000	99	9	-9999.0000	43683	27659	-9999	593	578	-9999	558.9602	5	0.6872	0.6967	-0.0009	17.2551	7.4434	738.0756	365.3989	33.1926	654.0459	95.2941	736.8292	94.8987	746.3795	94.7449	754.8350	94.8328	
05/08/2017	15:27:53	019004	H421005434HLR	L421	S		690.3953	1.0233	14.7413	99.9860	40.0365	0.8230	0.8250	5.0000	20.0919	815.1542	95.1403	14.1715	24.5000	0.9300	0.9398	0.6978	-0.0010	815.0000	813.0919	1.0339	-3.4821	99.9717	40.2007	0.8230	0.8223	5.0000	-9999.0000	-9999.0000	-9999.0000	-9999.0000	-9999.0000	-9999.0000	25.3426	6	0	29.2131	1.0000	99	9	-9999.0000	43684	27660	-9999	594	579	-9999	557.6089	5	0.6872	0.6978	-0.0010	19.2185	7.3137	727.9075	365.4084	32.8631	645.1348	95.7335	726.5321	95.2502	736.6073	94.8767	744.2413	94.8108	
05/08/2017	15:28:18	019004	H421004746HLR	L421	S		703.7681	1.0233	18.9360	99.9321	39.9933	0.8230	0.8250	5.0000	20.1126	815.0946	94.5692	11.9212	24.5000	0.9300	0.9397	0.6978	-0.0010	815.0000	813.2534	1.0339	-3.4867	100.0181	40.1571	0.8230	0.8222	5.0000	-9999.0000	-9999.0000	-9999.0000	-9999.0000	-9999.0000	-9999.0000	25.9120	7	0	24.9530	1.0000	99	9	-9999.0000	43684	27661	-9999	595	580	-9999	559.3406	5	0.6872	0.6978	-0.0010	19.2185	7.3137	738.5271	368.7431	34.8621	657.4973	95.7115	736.9362	95.1403	748.1913	94.8328	756.4195	94.8108	
05/08/2017	15:28:45	019004	H421004704HLR	L421	S		699.1777	1.0233	17.4961	100.1387	39.9904	0.8230	0.8251	5.0000	19.9620	815.0963	94.9646	13.3814	24.5000	0.9300	0.9396	0.6988	-0.0011	815.0000	814.0807	1.0339	-3.5103	100.0590	40.2564	0.8230	0.8225	5.0000	-9999.0000	-9999.0000	-9999.0000	-9999.0000	-9999.0000	-9999.0000	20.4514	8	0	26.8732	1.0000	99	9	-9999.0000	43685	27662	-9999	596	581	-9999	557.8680	5	0.6870	0.6988	-0.0011	37.0423	5.7390	734.1654	372.3316	34.9939	650.7083	95.8653	732.4143	95.2062	743.1025	94.8328	750.5430	94.8108	
05/08/2017	15:29:13	019004	H421004734HLR	L421	S		703.3929	1.0233	18.8183	100.0969	39.9909	0.8230	0.8248	5.0000	21.1030	815.1188	94.5472	11.8119	24.5000	0.9300	0.9397	0.6969	-0.0009	815.0000	813.6745	1.0339	-3.4987	100.0358	40.1737	0.8230	0.8223	5.0000	-9999.0000	-9999.0000	-9999.0000	-9999.0000	-9999.0000	-9999.0000	23.5426	1	0	27.6632	1.0000	99	9	-9999.0000	43686	27663	-9999	597	582	-9999	559.8228	5	0.6872	0.6969	-0.0009	39.4653	5.5116	741.1695	373.7513	35.4991	658.0244	95.7554	739.9055	95.2502	750.4298	94.8767	758.1337	94.7889	
05/08/2017	15:29:39	019004	H421004714HLR	L421	S		700.4999	1.0233	17.9109	99.9908	40.0126	0.8230	0.8250	5.0000	20.2717	815.0845	95.1623	13.6314	24.5000	0.9300	0.9397	0.6955	-0.0007	815.0000	816.3256	1.0339	-3.5744	100.0032	40.1982	0.8230	0.8223	5.0000	-9999.0000	-9999.0000	-9999.0000	-9999.0000	-9999.0000	-9999.0000	22.9731	2	0	26.5323	1.0000	99	9	-9999.0000	43687	27664	-9999	598	583	-9999	559.2915	5	0.6871	0.6955	-0.0007	25.7583	6.6868	736.8893	366.6601	34.8182	656.7688	95.7994	735.0574	95.1623	745.7416	94.8548	751.9515	94.7889	
05/08/2017	15:30:06	019004	H421005407HLR	L421	S		664.5296	1.0233	6.6279	99.9662	40.0085	0.8230	0.8251	5.0000	19.9925	0.0000	0.0000	0.0000	0.0000	0.9300	0.0000	0.0000	0.0000	0.0000	677.0154	1.0339	-0.3101	100.0769	40.1855	0.8230	0.8228	5.0000	-9999.0000	-9999.0000	-9999.0000	-9999.0000	-9999.0000	-9999.0000	20.2522	3	7	26.2930	1.0000	99	9	-9999.0000	43688	0	-9999	599	584	-9999	0.0000	0	0.0000	0.0000	0.0000	0.0000	0.0000	0.0000	0.0000	0.0000	0.0000	0.0000	0.0000	0.0000	0.0000	0.0000	0.0000	0.0000	
05/08/2017	15:30:32	019004	H421000940HLR	L421	S		714.6212	1.0233	22.3404	100.0854	39.9900	0.8230	0.8250	5.0000	20.1624	815.0745	94.4813	12.0707	24.5000	0.9300	0.9396	0.6969	-0.0008	815.0000	818.3105	1.0339	-3.6310	100.0120	40.2302	0.8230	0.8226	5.0000	-9999.0000	-9999.0000	-9999.0000	-9999.0000	-9999.0000	-9999.0000	20.3421	4	0	26.4628	1.0000	99	9	-9999.0000	43688	27665	-9999	600	585	-9999	559.9471	5	0.6871	0.6969	-0.0008	24.9358	6.7060	745.8287	357.3808	34.7742	663.9539	95.4479	744.4773	95.0085	756.3141	94.8328	763.6889	94.8548	
05/08/2017	15:31:01	019004	H421005066HLR	L421	S		704.2599	1.0233	19.0903	100.1526	39.9513	0.8230	0.8250	5.0000	20.5022	815.1235	95.1403	13.5914	24.5000	0.9300	0.9395	0.6969	-0.0008	815.0000	817.3699	1.0339	-3.6042	100.0234	40.2439	0.8230	0.8224	5.0000	-9999.0000	-9999.0000	-9999.0000	-9999.0000	-9999.0000	-9999.0000	22.4821	5	0	29.1438	1.0000	99	9	-9999.0000	43689	27666	-9999	601	586	-9999	558.9983	5	0.6871	0.6969	-0.0008	27.0966	6.6082	735.3092	401.7005	37.4982	659.2313	95.9751	733.9525	95.1623	743.5166	94.8328	750.0121	94.8108	
05/08/2017	15:31:27	019004	H421005071HLR	L421	S		705.9770	1.0233	19.6289	100.0282	40.0426	0.8230	0.8251	5.0000	20.0023	815.1511	94.6571	12.8208	24.6000	0.9300	0.9399	0.6970	-0.0008	815.0000	817.2207	1.0339	-3.5999	100.0020	40.2564	0.8230	0.8223	5.0000	-9999.0000	-9999.0000	-9999.0000	-9999.0000	-9999.0000	-9999.0000	25.5126	6	0	25.4823	1.0000	99	9	-9999.0000	43690	27667	-9999	602	587	-9999	559.4974	5	0.6868	0.6970	-0.0008	25.6742	6.6939	740.5493	376.2841	35.2355	656.0646	95.7554	739.1622	95.2062	749.4164	94.8987	756.3452	94.8108	
05/08/2017	15:31:55	019004	H421005088HLR	L421	S		705.4027	1.0233	19.4488	100.1976	40.0293	0.8230	0.8250	5.0000	20.2221	815.0872	94.5472	12.2016	24.6000	0.9300	0.9398	0.6970	-0.0008	815.0000	814.9691	1.0339	-3.5356	100.0324	40.3020	0.8230	0.8224	5.0000	-9999.0000	-9999.0000	-9999.0000	-9999.0000	-9999.0000	-9999.0000	22.1626	7	0	28.5834	1.0000	99	9	-9999.0000	43691	27668	-9999	603	588	-9999	559.8770	5	0.6868	0.6970	-0.0008	25.6742	6.6939	739.5553	376.3637	33.6539	658.7766	95.7335	737.9611	95.1843	749.0835	94.8548	757.2168	94.8108	
05/08/2017	15:32:25	019004	H421005099HLR	L421	S		704.4953	1.0233	19.1641	100.0312	39.9906	0.8230	0.8250	5.0000	19.8916	815.1258	94.6790	12.7514	24.6000	0.9300	0.9397	0.6971	-0.0009	815.0000	815.5975	1.0339	-3.5536	100.0070	40.3589	0.8230	0.8223	5.0000	-9999.0000	-9999.0000	-9999.0000	-9999.0000	-9999.0000	-9999.0000	25.0028	8	0	29.5335	1.0000	99	9	-9999.0000	43692	27669	-9999	604	589	-9999	559.2793	5	0.6864	0.6971	-0.0009	28.0948	6.4939	737.5131	367.4596	34.5326	653.4012	95.6895	735.5721	95.1184	746.7486	94.8548	754.2412	94.8108	
05/08/2017	15:32:52	019004	H421005107HLR	L421	S		711.4492	1.0233	21.3454	100.1667	40.0080	0.8230	0.8250	5.0000	20.2717	815.1150	94.5472	10.8313	24.6000	0.9300	0.9396	0.6982	-0.0010	815.0000	814.7762	1.0339	-3.5301	100.0137	40.3589	0.8230	0.8222	5.0000	-9999.0000	-9999.0000	-9999.0000	-9999.0000	-9999.0000	-9999.0000	26.2323	1	0	27.0226	1.0000	99	9	-9999.0000	43693	27670	-9999	605	590	-9999	560.6383	5	0.6858	0.6982	-0.0010	42.7705	5.3356	748.8258	367.4615	34.3349	664.2151	95.5138	747.2813	95.0305	757.6559	94.8108	765.7604	94.8108	
05/08/2017	15:33:20	019004	H421005103HLR	L421	S		716.2140	1.0233	22.8400	99.9547	40.0291	0.8230	0.8250	5.0000	20.3225	815.1511	94.7230	10.5207	24.6000	0.9300	0.9395	0.7001	-0.0011	815.0000	813.9815	1.0339	-3.5075	100.0609	40.3743	0.8230	0.8224	5.0000	-9999.0000	-9999.0000	-9999.0000	-9999.0000	-9999.0000	-9999.0000	21.1431	2	0	27.6534	1.0000	99	9	-9999.0000	43694	27671	-9999	606	591	-9999	561.1923	5	0.6855	0.7001	-0.0011	52.1792	4.6274	746.4514	367.1511	34.9280	662.4148	95.4479	745.0519	94.9207	756.4720	94.7230	765.4409	94.7449	
05/08/2017	15:33:46	019004	H421005079HLR	L421	S		706.3610	1.0233	19.7494	99.9204	39.9906	0.8230	0.8245	5.0000	22.1724	815.1113	95.0964	13.1821	24.5000	0.9300	0.9395	0.7004	-0.0011	815.0000	817.2862	1.0339	-3.6018	100.0408	40.3720	0.8230	0.8225	5.0000	-9999.0000	-9999.0000	-9999.0000	-9999.0000	-9999.0000	-9999.0000	21.9222	3	0	26.8234	1.0000	99	9	-9999.0000	43695	27672	-9999	607	592	-9999	558.8892	5	0.6858	0.7004	-0.0011	48.7019	4.9259	733.0742	371.5059	33.1486	651.4616	95.3380	731.6647	95.0525	742.0115	94.8328	748.9709	94.8108	
05/08/2017	15:34:13	019004	H421005049HLR	L421	S		705.8962	1.0233	19.6036	100.0548	39.9732	0.8230	0.8250	5.0000	20.1017	815.0998	94.5253	12.3315	24.5000	0.9300	0.9396	0.6989	-0.0010	815.0000	813.1867	1.0339	-3.4848	100.0243	40.3589	0.8230	0.8223	5.0000	-9999.0000	-9999.0000	-9999.0000	-9999.0000	-9999.0000	-9999.0000	23.2331	4	0	26.4122	1.0000	99	9	-9999.0000	43696	27673	-9999	608	593	-9999	559.5057	5	0.6858	0.6989	-0.0010	72.1638	3.1106	735.3060	370.8107	33.8296	653.8333	95.5358	733.7028	95.0964	744.3103	94.8767	753.1012	94.8108	
05/08/2017	15:34:38	019004	H421005051HLR	L421	S		707.5766	1.0233	20.1307	99.9670	40.0240	0.8230	0.8247	5.0000	21.6723	815.0939	94.7230	13.0620	24.5000	0.9300	0.9396	0.7036	-0.0014	815.0000	815.4438	1.0339	-3.5492	100.0797	40.3911	0.8230	0.8224	5.0000	-9999.0000	-9999.0000	-9999.0000	-9999.0000	-9999.0000	-9999.0000	21.0523	5	0	25.4529	1.0000	99	9	-9999.0000	43697	27674	-9999	609	594	-9999	558.6904	5	0.6860	0.7036	-0.0014	62.4558	3.8493	733.4000	362.0125	33.5880	649.2930	95.5577	731.8747	95.0744	742.6486	94.7889	750.7656	94.8108	
05/08/2017	15:35:05	019004	H421005351HLR	L421	S		705.6097	1.0233	19.5137	100.1538	40.0234	0.8230	0.8250	5.0000	20.0531	815.2408	94.9426	14.0123	24.5000	0.9300	0.9397	0.7045	-0.0015	815.0000	814.2646	1.0339	-3.5155	100.0521	40.3821	0.8230	0.8223	5.0000	-9999.0000	-9999.0000	-9999.0000	-9999.0000	-9999.0000	-9999.0000	21.8022	6	0	26.7433	1.0000	99	9	-9999.0000	43698	27675	-9999	610	595	-9999	557.6556	5	0.6862	0.7045	-0.0015	59.9521	4.0431	730.0746	371.5955	34.4008	649.3359	95.6236	728.7526	95.1623	739.2138	94.9207	745.0008	94.8987	
05/08/2017	15:35:32	019004	H421006168HLR	L421	S		711.4657	1.0233	21.3506	100.0315	40.0095	0.8230	0.8250	5.0000	19.9319	815.1066	94.6351	11.0716	24.6000	0.9300	0.9397	0.7062	-0.0016	815.0000	811.1765	1.0339	-3.4274	100.0206	40.3665	0.8230	0.8222	5.0000	-9999.0000	-9999.0000	-9999.0000	-9999.0000	-9999.0000	-9999.0000	22.8618	7	0	26.7530	1.0000	99	9	-9999.0000	43699	27676	-9999	611	596	-9999	561.0237	5	0.6860	0.7062	-0.0016	52.7362	4.5383	736.6690	364.9125	33.8077	655.2250	95.5577	734.7815	95.0525	747.3713	94.8108	755.8350	94.8328	
05/08/2017	15:35:59	019004	H421005353HLR	L421	Q		708.8637	1.0233	20.5344	100.0084	39.9958	0.8230	0.8247	5.0000	21.2925	815.1831	94.8987	12.7514	24.6000	0.9300	0.9398	0.7055	-0.0016	815.0000	813.6720	1.0339	-3.4986	100.0321	40.4072	0.8230	0.8224	5.0000	-9999.0000	-9999.0000	-9999.0000	-9999.0000	-9999.0000	-9999.0000	21.3218	8	0	27.3330	1.0000	99	9	-9999.0000	43700	27677	-9999	612	597	-9999	558.9355	5	0.6860	0.7055	-0.0016	48.4544	4.8393	731.1176	362.4476	34.2250	652.4103	95.8433	729.4685	95.2941	741.3736	94.8987	750.8271	94.7889	
05/08/2017	15:36:54	019004	H421005357HLR	L421	Q		707.7947	1.0233	20.1991	100.0137	39.9487	0.8230	0.8254	5.0000	19.9523	815.1487	94.6790	13.0923	24.6000	0.9300	0.9397	0.7055	-0.0016	815.0000	813.8217	1.0339	-3.5029	100.0729	40.3228	0.8230	0.8236	5.0000	-9999.0000	-9999.0000	-9999.0000	-9999.0000	-9999.0000	-9999.0000	20.6224	2	0	27.1934	1.0000	99	9	-9999.0000	43701	27678	-9999	614	599	-9999	558.6176	5	0.6861	0.7055	-0.0016	64.3412	3.5365	732.0420	355.7263	35.1477	650.4752	95.7554	730.3792	95.2941	741.5061	94.9866	748.3888	94.8767	
05/08/2017	15:37:21	019004	H421005361HLR	L421	S		707.0307	1.0233	19.9594	100.0036	40.1538	0.8230	0.8250	5.0000	21.0619	815.1132	94.6571	12.8217	24.6000	0.9300	0.9395	0.7081	-0.0017	815.0000	814.2798	1.0339	-3.5160	100.0873	40.7938	0.8230	0.8228	5.0000	-9999.0000	-9999.0000	-9999.0000	-9999.0000	-9999.0000	-9999.0000	20.9818	3	0	26.8830	1.0000	99	9	-9999.0000	43702	27679	-9999	615	600	-9999	559.1294	5	0.6868	0.7081	-0.0017	62.1166	3.6437	728.8352	365.2323	34.1811	646.4221	95.6895	727.0909	95.1623	740.2406	94.8987	746.9695	94.8548	
05/08/2017	15:37:48	019004	H421005365HLR	L421	S		706.7336	1.0233	19.8662	100.0231	40.1012	0.8230	0.8250	5.0000	20.0522	815.0992	94.6790	13.1812	24.6000	0.9300	0.9397	0.7073	-0.0017	815.0000	813.8176	1.0339	-3.5028	100.0714	40.6771	0.8230	0.8223	5.0000	-9999.0000	-9999.0000	-9999.0000	-9999.0000	-9999.0000	-9999.0000	21.5121	4	0	27.4629	1.0000	99	9	-9999.0000	43703	27680	-9999	616	600	-9999	558.8591	5	0.6870	0.7073	-0.0017	65.8322	3.2837	727.4579	367.5051	33.1926	647.3131	95.5358	726.3013	95.1403	735.3885	94.8987	744.1593	94.8328	
05/08/2017	15:38:15	019004	H421005371HLR	L421	S		703.3746	1.0233	18.8126	100.2272	39.9792	0.8230	0.8248	5.0000	20.8022	815.1163	94.9646	13.7515	24.6000	0.9300	0.9396	0.7073	-0.0017	815.0000	816.3253	1.0339	-3.5744	100.0117	40.5761	0.8230	0.8222	5.0000	-9999.0000	-9999.0000	-9999.0000	-9999.0000	-9999.0000	-9999.0000	23.5026	5	0	26.9934	1.0000	99	9	-9999.0000	43704	27681	-9999	617	601	-9999	558.0843	5	0.6870	0.7073	-0.0017	65.8322	3.2837	727.6875	384.1564	37.7618	654.1065	95.8653	726.1384	95.2941	736.5285	94.9646	744.7155	94.8108	
05/08/2017	15:38:42	019004	H421005375HLR	L421	S		703.0859	1.0233	18.7220	100.0597	39.9843	0.8230	0.8251	5.0000	19.9329	815.1355	94.8328	13.5923	24.6000	0.9300	0.9396	0.7058	-0.0015	815.0000	815.6718	1.0339	-3.5557	100.0301	40.5755	0.8230	0.8222	5.0000	-9999.0000	-9999.0000	-9999.0000	-9999.0000	-9999.0000	-9999.0000	22.1527	6	0	26.8427	1.0000	99	9	-9999.0000	43705	27682	-9999	618	602	-9999	558.4765	5	0.6870	0.7058	-0.0015	66.8872	3.1358	727.9288	393.1725	35.6529	657.1182	95.8872	726.2627	95.2502	738.5585	94.9207	745.6467	94.8108	
05/08/2017	15:39:09	019004	H421005377HLR	L421	S		705.6845	1.0233	19.5372	100.1533	40.0506	0.8230	0.8251	5.0000	20.0217	815.1050	94.6351	12.9116	24.6000	0.9300	0.9395	0.7033	-0.0013	815.0000	814.8838	1.0339	-3.5332	100.0478	40.5546	0.8230	0.8221	5.0000	-9999.0000	-9999.0000	-9999.0000	-9999.0000	-9999.0000	-9999.0000	23.4926	7	0	26.4932	1.0000	99	9	-9999.0000	43706	27683	-9999	619	603	-9999	559.4407	5	0.6871	0.7033	-0.0013	67.6754	3.0399	730.6310	369.5419	34.6644	652.5001	95.7994	729.3191	95.3161	740.0289	94.9426	748.7718	94.7889	
05/08/2017	15:39:23	019004	H340001832HLR	L421	S		0.0000	0.0000	0.0000	0.0000	0.0000	0.8230	0.0000	0.0000	0.0000	0.0000	0.0000	0.0000	0.0000	0.9300	0.0000	0.0000	0.0000	0.0000	0.0000	0.0000	0.0000	0.0000	0.0000	0.8230	0.0000	0.0000	0.0000	0.0000	0.0000	0.0000	0.0000	0.0000	0.0000	0	27	26.4932	1.0000	99	9	0.0000	0	0	0	0	0	0	0.0000	0	0.0000	0.0000	0.0000	0.0000	0.0000	0.0000	0.0000	0.0000	0.0000	0.0000	0.0000	0.0000	0.0000	0.0000	0.0000	0.0000	
05/08/2017	15:39:36	019004	H421005385HLR	L421	S		704.0652	1.0233	19.0292	99.8818	40.0381	0.8230	0.8250	5.0000	19.9923	815.0913	94.8987	13.8619	24.6000	0.9300	0.9396	0.7063	-0.0015	815.0000	816.8461	1.0339	-3.5892	100.0681	40.5641	0.8230	0.8223	5.0000	-9999.0000	-9999.0000	-9999.0000	-9999.0000	-9999.0000	-9999.0000	20.9124	8	0	27.4122	1.0000	99	9	-9999.0000	43707	27684	-9999	620	604	-9999	558.4289	5	0.6869	0.7063	-0.0015	62.0253	3.4550	727.9490	368.7416	34.8841	646.1545	95.5797	726.5645	95.0964	738.1900	94.8108	747.3642	94.8108	
05/08/2017	15:40:03	019004	H421005397HLR	L421	S		707.6955	1.0233	20.1680	99.8389	40.0220	0.8230	0.8249	5.0000	20.1624	815.2111	94.6571	13.0112	24.6000	0.9300	0.9396	0.7208	-0.0027	815.0000	815.6629	1.0339	-3.5554	100.0427	40.4895	0.8230	0.8221	5.0000	-9999.0000	-9999.0000	-9999.0000	-9999.0000	-9999.0000	-9999.0000	23.5632	1	0	26.9338	1.0000	99	9	-9999.0000	43708	27685	-9999	621	605	-9999	559.5345	5	0.6864	0.7208	-0.0027	60.2533	3.6319	719.6145	358.9784	34.1811	636.8132	95.6456	718.0289	95.1843	729.3248	94.8987	739.0994	94.7889	
05/08/2017	15:40:32	019004	H421005391HLR	L421	S		707.8574	1.0233	20.2188	100.0719	40.0285	0.8230	0.8250	5.0000	20.2522	815.1481	94.7449	13.1607	24.6000	0.9300	0.9395	0.7203	-0.0026	815.0000	815.4051	1.0339	-3.5481	100.0674	40.5374	0.8230	0.8223	5.0000	-9999.0000	-9999.0000	-9999.0000	-9999.0000	-9999.0000	-9999.0000	21.4916	2	0	29.1730	1.0000	99	9	-9999.0000	43709	27686	-9999	622	606	-9999	559.2895	5	0.6864	0.7203	-0.0026	57.4353	3.8532	718.6323	366.3797	33.8296	637.9123	95.7335	717.1984	95.2282	728.0614	94.8987	736.9239	94.7889	
05/08/2017	15:41:15	019004	H421005395HLR	L421	S		706.9786	1.0233	19.9431	99.9854	40.0365	0.8230	0.8250	5.0000	20.0227	815.1308	94.5692	12.5512	24.6000	0.9300	0.9395	0.7203	-0.0026	815.0000	814.9240	1.0339	-3.5344	100.0439	40.5157	0.8230	0.8222	5.0000	-9999.0000	-9999.0000	-9999.0000	-9999.0000	-9999.0000	-9999.0000	21.6927	3	0	42.3544	1.0000	99	9	-9999.0000	43710	27687	-9999	623	607	-9999	560.5536	5	0.6863	0.7203	-0.0026	54.2405	4.0986	720.2063	358.9202	33.6100	640.3810	95.5358	718.4743	95.0085	729.7046	94.8108	739.4502	94.8108	
05/08/2017	15:41:42	019004	H421006284HLR	L421	S		706.1814	1.0233	19.6930	99.9683	40.0371	0.8230	0.8250	5.0000	20.0822	815.1119	94.8987	13.7310	24.6000	0.9300	0.9396	0.7233	-0.0029	815.0000	815.0561	1.0339	-3.5381	100.0116	40.4949	0.8230	0.8222	5.0000	-9999.0000	-9999.0000	-9999.0000	-9999.0000	-9999.0000	-9999.0000	22.3424	4	0	27.8430	1.0000	99	9	-9999.0000	43711	27688	-9999	623	608	-9999	557.7728	5	0.6861	0.7233	-0.0029	51.1947	4.3462	713.9082	351.9753	33.4782	635.2286	95.4918	712.3914	95.0085	725.1821	94.7669	734.5481	94.8328	
05/08/2017	15:42:10	019004	H421006288HLR	L421	S		702.3557	1.0233	18.4930	99.9095	39.9904	0.8230	0.8246	5.0000	21.7624	815.1311	94.7230	13.0122	24.6000	0.9300	0.9396	0.7232	-0.0028	815.0000	814.4859	1.0339	-3.5219	100.0060	40.3966	0.8230	0.8221	5.0000	-9999.0000	-9999.0000	-9999.0000	-9999.0000	-9999.0000	-9999.0000	24.5625	5	0	27.2530	1.0000	99	9	-9999.0000	43712	27689	-9999	624	609	-9999	559.4499	5	0.6863	0.7232	-0.0028	43.6161	4.9555	715.2244	366.0375	34.0932	633.2216	95.7554	713.6311	95.2941	725.5809	94.9426	735.1528	94.8108	
05/08/2017	15:42:37	019004	H421005381HLR	L421	S		705.1471	1.0233	19.3686	100.0220	40.0162	0.8230	0.8248	5.0000	21.1115	815.1310	95.1623	15.5516	24.6000	0.9300	0.9394	0.7255	-0.0030	815.0000	819.9034	1.0339	-3.6765	100.0140	40.4615	0.8230	0.8222	5.0000	-9999.0000	-9999.0000	-9999.0000	-9999.0000	-9999.0000	-9999.0000	23.5729	6	0	27.2833	1.0000	99	9	-9999.0000	43713	27690	-9999	625	610	-9999	553.2455	5	0.6857	0.7255	-0.0030	19.0946	6.7890	620.7783	361.4173	35.8726	560.2892	97.0954	606.3671	96.3925	626.6918	95.2282	641.6011	94.5912	
05/08/2017	15:43:04	019004	H340001832HLR	L421	S		570.2202	1.0233	2.9793	100.0812	40.0119	0.8230	0.8252	5.0000	20.1427	815.0970	94.8987	30.3227	24.4000	0.9300	0.9393	0.7259	-0.0030	815.0000	780.2819	1.0339	-2.5964	100.0458	40.4484	0.8230	0.8222	5.0000	-9999.0000	-9999.0000	-9999.0000	-9999.0000	-9999.0000	-9999.0000	24.0524	7	27	26.8535	1.0000	99	9	-9999.0000	43714	27691	-9999	626	611	-9999	514.9805	5	0.6856	0.7259	-0.0030	55.6021	4.0614	590.4027	356.1739	34.2031	518.6689	96.0849	589.0441	95.6676	598.5702	95.1843	602.3687	94.8108	
05/08/2017	15:43:32	019004	H421006294HLR	L421	S		708.0772	1.0233	20.2877	99.8499	40.0252	0.8230	0.8247	5.0000	21.2026	815.1348	94.8328	13.2808	24.6000	0.9300	0.9397	0.7259	-0.0030	815.0000	814.7531	1.0339	-3.5295	100.0441	40.4615	0.8230	0.8221	5.0000	-9999.0000	-9999.0000	-9999.0000	-9999.0000	-9999.0000	-9999.0000	23.2125	8	0	28.1623	1.0000	99	9	-9999.0000	43715	27692	-9999	627	612	-9999	558.8401	5	0.6856	0.7259	-0.0030	55.6021	4.0614	713.8555	342.1119	33.0608	633.9655	94.6790	712.3570	94.0639	723.6095	94.3935	734.3466	94.8548	
05/08/2017	15:43:59	019004	H421006304HLR	L421	S		704.9310	1.0233	19.3008	99.8737	40.0238	0.8230	0.8249	5.0000	20.2317	815.1744	94.8108	12.8706	24.6000	0.9300	0.9395	0.7281	-0.0032	815.0000	814.7458	1.0339	-3.5293	100.0261	40.4615	0.8230	0.8221	5.0000	-9999.0000	-9999.0000	-9999.0000	-9999.0000	-9999.0000	-9999.0000	24.8622	1	0	27.5031	1.0000	99	9	-9999.0000	43716	27693	-9999	628	613	-9999	560.0592	5	0.6856	0.7281	-0.0032	63.9780	3.4600	713.5038	353.0742	34.2470	633.3350	94.8328	711.8502	94.2836	722.9106	94.4594	732.5681	94.8328	
05/08/2017	15:44:26	019004	H421006308HLR	L421	S		707.4569	1.0233	20.0931	99.8776	39.9520	0.8230	0.8249	5.0000	20.1916	815.1486	94.7669	12.8012	24.6000	0.9300	0.9395	0.7276	-0.0032	815.0000	815.1724	1.0339	-3.5415	100.0294	40.4615	0.8230	0.8220	5.0000	-9999.0000	-9999.0000	-9999.0000	-9999.0000	-9999.0000	-9999.0000	23.8923	2	0	26.9836	1.0000	99	9	-9999.0000	43717	27694	-9999	629	613	-9999	560.1619	5	0.6845	0.7276	-0.0032	78.9225	2.3491	712.8191	353.0911	33.6100	629.4940	94.7449	710.9764	94.2836	724.1152	94.4374	735.4106	94.8108	
05/08/2017	15:44:52	019004	H421006300HLR	L421	S		707.9516	1.0233	20.2483	100.0862	40.0512	0.8230	0.8250	5.0000	20.1622	815.1858	94.6351	12.3109	24.6000	0.9300	0.9395	0.7276	-0.0032	815.0000	815.3850	1.0339	-3.5475	100.0442	40.4648	0.8230	0.8221	5.0000	-9999.0000	-9999.0000	-9999.0000	-9999.0000	-9999.0000	-9999.0000	23.7316	3	0	26.0624	1.0000	99	9	-9999.0000	43718	27695	-9999	630	614	-9999	561.4428	5	0.6845	0.7276	-0.0032	78.9225	2.3491	717.1331	348.0302	33.3903	634.1701	94.6571	715.5984	94.2616	727.4720	94.4374	738.8871	94.7669	
05/08/2017	15:45:21	019004	H421006301HLR	L421	S		707.3347	1.0233	20.0548	100.1631	40.0596	0.8230	0.8248	5.0000	20.9623	815.1089	94.6351	12.6616	24.6000	0.9300	0.9396	0.7260	-0.0030	815.0000	815.8381	1.0339	-3.5604	100.0707	40.5342	0.8230	0.8222	5.0000	-9999.0000	-9999.0000	-9999.0000	-9999.0000	-9999.0000	-9999.0000	21.4926	4	0	28.4134	1.0000	99	9	-9999.0000	43719	27696	-9999	631	615	-9999	560.4935	5	0.6848	0.7260	-0.0030	78.2838	2.3565	715.9448	356.3617	34.2470	631.9308	94.7010	714.0526	94.1957	726.3799	94.4374	736.7242	94.8328	
05/08/2017	15:45:48	019004	H421006315HLR	L421	S		710.2415	1.0233	20.9666	100.2251	40.0064	0.8230	0.8249	5.0000	20.0325	815.2009	94.5912	12.1215	24.6000	0.9300	0.9396	0.7276	-0.0032	815.0000	815.6203	1.0339	-3.5542	100.0293	40.5641	0.8230	0.8223	5.0000	-9999.0000	-9999.0000	-9999.0000	-9999.0000	-9999.0000	-9999.0000	20.7024	5	0	27.0529	1.0000	99	9	-9999.0000	43720	27697	-9999	632	616	-9999	562.0435	5	0.6850	0.7276	-0.0032	80.4903	2.1834	717.0705	369.8863	35.4991	643.6990	94.9646	715.4341	94.3715	727.2490	94.5033	738.7694	94.8328	
05/08/2017	15:46:17	019004	H421006319HLR	L421	S		706.3723	1.0233	19.7529	99.9770	40.0037	0.8230	0.8248	5.0000	20.7922	815.1567	94.7010	12.3617	24.6000	0.9300	0.9395	0.7283	-0.0032	815.0000	814.8063	1.0339	-3.5310	100.0470	40.5746	0.8230	0.8223	5.0000	-9999.0000	-9999.0000	-9999.0000	-9999.0000	-9999.0000	-9999.0000	20.8118	6	0	29.1438	1.0000	99	9	-9999.0000	43721	27698	-9999	633	617	-9999	561.4501	5	0.6851	0.7283	-0.0032	78.8099	2.2973	714.8394	349.7809	34.3788	632.0532	94.8987	713.0101	94.4374	725.7491	94.5253	736.2968	94.7889	
05/08/2017	15:46:46	019004	H421006298HLR	L421	S		708.6599	1.0233	20.4705	99.8263	40.0281	0.8230	0.8249	5.0000	20.1013	815.2248	94.5472	12.1420	24.6000	0.9300	0.9395	0.7253	-0.0030	815.0000	815.5411	1.0339	-3.5520	99.9900	40.4615	0.8230	0.8221	5.0000	-9999.0000	-9999.0000	-9999.0000	-9999.0000	-9999.0000	-9999.0000	25.8632	7	0	28.4934	1.0000	99	9	-9999.0000	43722	27699	-9999	634	618	-9999	561.9466	5	0.6856	0.7253	-0.0030	81.9623	2.0424	718.7943	346.9520	34.9939	635.3851	94.9207	716.7478	94.3935	731.2065	94.5253	741.6960	94.8767	
05/08/2017	15:47:12	019004	H421006359HLR	L421	S		700.9700	1.0233	18.0583	100.1398	40.0512	0.8230	0.8250	5.0000	20.0627	815.1136	95.1623	13.8619	24.6000	0.9300	0.9395	0.7242	-0.0029	815.0000	815.1035	1.0339	-3.5395	100.0438	40.5675	0.8230	0.8223	5.0000	-9999.0000	-9999.0000	-9999.0000	-9999.0000	-9999.0000	-9999.0000	21.0628	8	0	26.9229	1.0000	99	9	-9999.0000	43723	27700	-9999	635	619	-9999	557.7375	5	0.6857	0.7242	-0.0029	82.9261	1.9821	712.7474	349.7591	34.7962	629.3651	95.1403	711.3688	94.6351	721.0488	94.6131	730.5559	94.7889	
05/08/2017	15:47:40	019004	H421006329HLR	L421	S		702.8104	1.0233	18.6356	100.0166	40.0302	0.8230	0.8250	5.0000	19.9123	815.1312	94.6351	13.1011	24.6000	0.9300	0.9395	0.7236	-0.0028	815.0000	815.0010	1.0339	-3.5366	100.0864	40.5905	0.8230	0.8223	5.0000	-9999.0000	-9999.0000	-9999.0000	-9999.0000	-9999.0000	-9999.0000	20.9125	1	0	27.2824	1.0000	99	9	-9999.0000	43724	27701	-9999	636	620	-9999	559.5648	5	0.6860	0.7236	-0.0028	79.8453	2.2150	715.2592	367.6729	35.8726	642.8975	95.1403	713.6351	94.6571	725.3602	94.6571	734.8737	94.8108	
05/08/2017	15:48:08	019004	H421006325HLR	L421	S		702.7105	1.0233	18.6043	100.0535	40.0025	0.8230	0.8247	5.0000	21.5024	815.1243	94.7010	13.0122	24.6000	0.9300	0.9395	0.7251	-0.0030	815.0000	814.8976	1.0339	-3.5336	100.0702	40.5780	0.8230	0.8223	5.0000	-9999.0000	-9999.0000	-9999.0000	-9999.0000	-9999.0000	-9999.0000	21.1627	2	0	28.1935	1.0000	99	9	-9999.0000	43725	27702	-9999	636	621	-9999	559.8155	5	0.6861	0.7251	-0.0030	81.0860	2.1292	714.5624	352.0525	34.8621	632.5209	95.2502	712.8145	94.7230	725.2622	94.6351	735.2111	94.8108	
05/08/2017	15:48:37	019004	H421005440HLR	L421	S		708.0345	1.0233	20.2743	99.9478	39.9976	0.8230	0.8247	5.0000	21.0921	815.1789	94.9646	13.9410	24.6000	0.9300	0.9395	0.7218	-0.0027	815.0000	814.5759	1.0339	-3.5244	99.9978	40.5641	0.8230	0.8221	5.0000	-9999.0000	-9999.0000	-9999.0000	-9999.0000	-9999.0000	-9999.0000	24.9225	3	0	29.0229	1.0000	99	9	-9999.0000	43726	27703	-9999	637	622	-9999	557.9133	5	0.6866	0.7218	-0.0027	79.1604	2.2928	714.5028	357.3249	34.1372	632.1416	95.2282	712.9289	94.7889	724.5290	94.7230	731.9157	94.8548	
05/08/2017	15:49:02	019004	H421005401HLR	L421	S		704.4510	1.0233	19.1502	100.0717	40.0781	0.8230	0.8250	5.0000	19.9319	815.1275	94.6571	13.2612	24.6000	0.9300	0.9395	0.7228	-0.0028	815.0000	814.8928	1.0339	-3.5335	100.0229	40.5641	0.8230	0.8221	5.0000	-9999.0000	-9999.0000	-9999.0000	-9999.0000	-9999.0000	-9999.0000	25.4627	4	0	24.6834	1.0000	99	9	-9999.0000	43726	27704	-9999	638	623	-9999	559.2430	5	0.6864	0.7228	-0.0028	76.4980	2.4993	714.3615	352.7675	33.6978	630.9071	95.0525	712.9568	94.7230	723.0718	94.6790	733.7888	94.7889	
05/08/2017	15:49:29	019004	H421005411HLR	L421	S		703.1597	1.0233	18.7452	100.1955	40.0117	0.8230	0.8247	5.0000	21.1918	815.1944	94.7449	13.3111	24.6000	0.9300	0.9395	0.7226	-0.0028	815.0000	814.6442	1.0339	-3.5264	100.0185	40.6197	0.8230	0.8222	5.0000	-9999.0000	-9999.0000	-9999.0000	-9999.0000	-9999.0000	-9999.0000	20.8227	5	0	27.3528	1.0000	99	9	-9999.0000	43727	27705	-9999	639	624	-9999	559.1925	5	0.6874	0.7226	-0.0028	50.7457	4.5868	712.6198	349.9315	33.5001	629.8664	95.2941	711.1970	94.8548	724.1603	94.6790	733.6727	94.8108	
05/08/2017	15:49:56	019004	H421004059HLR	L421	S		716.9161	1.0233	23.0602	99.8927	40.0166	0.8230	0.8249	5.0000	20.1722	815.1618	94.4374	12.2709	24.6000	0.9300	0.9395	0.7225	-0.0027	815.0000	818.9167	1.0339	-3.6483	100.0443	40.5641	0.8230	0.8220	5.0000	-9999.0000	-9999.0000	-9999.0000	-9999.0000	-9999.0000	-9999.0000	23.7028	6	0	27.4931	1.0000	99	9	-9999.0000	43728	27706	-9999	640	625	-9999	561.5696	5	0.6875	0.7225	-0.0027	48.3749	4.7868	724.0451	349.5215	32.8191	637.7463	94.9207	722.4698	94.5033	735.9883	94.5253	746.1493	94.8548	
05/08/2017	15:50:53	019004	H421005418HLR	L421	S		731.8309	1.0233	22.1318	100.0558	40.0455	0.8230	0.8248	5.0000	20.5022	815.1371	94.6351	9.4512	24.7000	0.9300	0.9394	0.7177	-0.0024	815.0000	821.0263	1.0339	-3.7085	100.0210	40.4255	0.8230	0.8220	5.0000	-9999.0000	-9999.0000	-9999.0000	-9999.0000	-9999.0000	-9999.0000	23.9527	8	0	28.1234	1.0000	99	9	-9999.0000	43730	27707	-9999	642	626	-9999	566.9079	5	0.6872	0.7177	-0.0024	51.1744	4.5720	749.1666	345.8263	34.5326	664.1486	95.0744	747.4189	94.6131	761.1709	94.6131	771.8718	94.7889	
05/08/2017	15:51:20	019004	H421003583HLR	L421	S		706.0644	1.0233	19.6563	100.1240	40.0209	0.8230	0.8248	5.0000	20.6819	815.1417	94.9426	12.8413	24.5000	0.9300	0.9392	0.7196	-0.0025	815.0000	816.3381	1.0339	-3.5747	100.0120	40.4615	0.8230	0.8221	5.0000	-9999.0000	-9999.0000	-9999.0000	-9999.0000	-9999.0000	-9999.0000	24.8533	1	0	27.3330	1.0000	99	9	-9999.0000	43731	27708	-9999	643	627	-9999	560.3900	5	0.6870	0.7196	-0.0025	52.4302	4.4694	719.1202	360.8175	35.1477	639.3953	95.3600	717.4528	94.7449	728.5561	94.6351	739.7129	94.7449	
05/08/2017	15:51:49	019004	H421005424HLR	L421	S		698.5850	1.0233	17.3102	99.8983	40.0142	0.8230	0.8249	5.0000	20.2026	815.1802	94.9207	13.8717	24.6000	0.9300	0.9396	0.7203	-0.0026	815.0000	815.4381	1.0339	-3.5490	100.0673	40.4994	0.8230	0.8222	5.0000	-9999.0000	-9999.0000	-9999.0000	-9999.0000	-9999.0000	-9999.0000	21.1830	2	0	28.1526	1.0000	99	9	-9999.0000	43732	27709	-9999	644	628	-9999	558.3336	5	0.6868	0.7203	-0.0026	45.9095	4.9469	714.3163	360.0506	34.4667	633.5037	95.3820	712.5971	94.9646	724.3041	94.8108	733.8524	94.8328	
05/08/2017	15:52:14	019004	H421004745HLR	L421	S		705.9594	1.0233	19.6234	99.9423	40.0300	0.8230	0.8246	5.0000	21.3313	815.1069	95.0964	14.5719	24.6000	0.9300	0.9396	0.7203	-0.0026	815.0000	813.8892	1.0339	-3.5048	100.0000	40.5026	0.8230	0.8223	5.0000	-9999.0000	-9999.0000	-9999.0000	-9999.0000	-9999.0000	-9999.0000	20.5627	3	0	25.3232	1.0000	99	9	-9999.0000	43733	27710	-9999	645	629	-9999	556.7929	5	0.6868	0.7203	-0.0026	45.9095	4.9469	713.3963	358.4396	34.4447	636.1746	95.5797	712.0924	95.1184	722.5687	94.8987	731.2169	94.8548	
05/08/2017	15:52:41	019004	H421004705HLR	L421	S		709.4235	1.0233	20.7100	100.0596	40.0312	0.8230	0.8249	5.0000	20.1830	815.0801	94.5912	12.2816	24.6000	0.9300	0.9396	0.7038	-0.0013	815.0000	815.4132	1.0339	-3.5483	100.0397	40.4584	0.8230	0.8221	5.0000	-9999.0000	-9999.0000	-9999.0000	-9999.0000	-9999.0000	-9999.0000	21.7123	4	0	26.6827	1.0000	99	9	-9999.0000	43733	27711	-9999	646	630	-9999	560.4770	5	0.6869	0.7038	-0.0013	39.7569	5.3764	736.0018	364.7995	33.4342	653.6142	95.2941	734.8063	94.8987	745.4284	94.7449	754.4510	94.8108	
05/08/2017	15:53:07	019004	H421004735HLR	L421	S		706.1687	1.0233	19.6891	99.9625	40.0171	0.8230	0.8247	5.0000	21.0129	815.0713	94.8987	13.3814	24.6000	0.9300	0.9395	0.7026	-0.0012	815.0000	814.5355	1.0339	-3.5233	100.0337	40.4003	0.8230	0.8221	5.0000	-9999.0000	-9999.0000	-9999.0000	-9999.0000	-9999.0000	-9999.0000	23.4020	5	0	25.9530	1.0000	99	9	-9999.0000	43734	27712	-9999	647	631	-9999	559.1517	5	0.6867	0.7026	-0.0012	37.1171	5.5894	730.3911	357.6306	34.6205	650.6603	95.6456	729.1913	95.0744	738.6640	94.8328	746.6305	94.8108	
05/08/2017	15:53:32	019004	H421004715HLR	L421	S		705.6850	1.0233	19.5373	100.0264	40.0314	0.8230	0.8249	5.0000	20.0325	815.1269	95.1403	14.5319	24.6000	0.9300	0.9395	0.7021	-0.0012	815.0000	816.7714	1.0339	-3.5871	100.0556	40.4615	0.8230	0.8222	5.0000	-9999.0000	-9999.0000	-9999.0000	-9999.0000	-9999.0000	-9999.0000	21.6722	6	0	25.4335	1.0000	99	9	-9999.0000	43735	27713	-9999	648	632	-9999	557.9144	5	0.6862	0.7021	-0.0012	31.5399	6.0524	733.0727	371.9024	34.7303	650.5921	95.6017	731.9833	95.1843	740.0271	94.9426	747.8355	94.8328	
05/08/2017	15:54:00	019004	H421004058HLR	L421	S		617.0269	1.0233	0.0000	100.0222	39.9999	0.8230	0.8249	5.0000	20.9926	0.0000	0.0000	0.0000	0.0000	0.9300	0.0000	0.0000	0.0000	0.0000	644.2718	1.0339	-0.0080	100.0840	40.3737	0.8230	0.8226	5.0000	-9999.0000	-9999.0000	-9999.0000	-9999.0000	-9999.0000	-9999.0000	20.3722	7	7	28.0725	1.0000	99	9	-9999.0000	43736	0	-9999	649	633	-9999	0.0000	0	0.0000	0.0000	0.0000	0.0000	0.0000	0.0000	0.0000	0.0000	0.0000	0.0000	0.0000	0.0000	0.0000	0.0000	0.0000	0.0000	
05/08/2017	15:54:25	019004	H421004723HLR	L421	S		710.9447	1.0233	21.1872	100.0077	40.0031	0.8230	0.8246	5.0000	21.6218	815.1539	94.6351	11.2806	24.7000	0.9300	0.9395	0.7022	-0.0012	815.0000	818.3723	1.0339	-3.6328	100.0315	40.3589	0.8230	0.8221	5.0000	-9999.0000	-9999.0000	-9999.0000	-9999.0000	-9999.0000	-9999.0000	24.4627	8	0	24.6726	1.0000	99	9	-9999.0000	43737	27714	-9999	650	634	-9999	561.2482	5	0.6863	0.7022	-0.0012	49.5830	4.4992	747.5834	354.9707	33.3903	662.8768	95.3820	745.4897	94.9866	757.7822	94.8548	765.2197	94.8108	
05/08/2017	15:54:50	019004	H421004707HLR	L421	S		713.8586	1.0233	22.1012	100.0181	40.0512	0.8230	0.8249	5.0000	20.2717	815.1457	94.7449	12.0307	24.5000	0.9300	0.9391	0.7020	-0.0012	815.0000	819.5246	1.0339	-3.6657	100.0347	40.4615	0.8230	0.8223	5.0000	-9999.0000	-9999.0000	-9999.0000	-9999.0000	-9999.0000	-9999.0000	20.4223	1	0	25.0232	1.0000	99	9	-9999.0000	43738	27715	-9999	651	635	-9999	560.4633	5	0.6862	0.7020	-0.0012	49.8359	4.4323	744.5924	381.4484	36.9710	673.7571	95.5358	742.9958	94.7669	753.6134	94.6351	760.8464	94.7889	
05/08/2017	15:55:16	019004	H421004717HLR	L421	S		708.9147	1.0233	20.5504	99.9745	40.0987	0.8230	0.8249	5.0000	20.2025	815.0596	94.6571	11.7611	24.6000	0.9300	0.9394	0.7028	-0.0013	815.0000	817.9427	1.0339	-3.6205	100.0685	40.4861	0.8230	0.8223	5.0000	-9999.0000	-9999.0000	-9999.0000	-9999.0000	-9999.0000	-9999.0000	20.9017	2	0	26.4932	1.0000	99	9	-9999.0000	43739	27716	-9999	652	636	-9999	560.5911	5	0.6861	0.7028	-0.0013	50.2001	4.4186	741.2329	367.3973	34.7303	658.6838	95.3820	739.8388	94.9426	750.5626	94.7449	759.3258	94.7889	
05/08/2017	15:55:41	019004	H421004728HLR	L421	S		706.6913	1.0233	19.8530	99.9373	40.0349	0.8230	0.8249	5.0000	20.0421	815.0853	94.6790	11.8617	24.7000	0.9300	0.9396	0.7028	-0.0013	815.0000	815.8684	1.0339	-3.5613	100.0060	40.4615	0.8230	0.8221	5.0000	-9999.0000	-9999.0000	-9999.0000	-9999.0000	-9999.0000	-9999.0000	23.2624	3	0	25.0321	1.0000	99	9	-9999.0000	43739	27717	-9999	653	637	-9999	560.5509	5	0.6861	0.7028	-0.0013	50.2001	4.4186	739.8778	367.6852	35.2795	656.9875	95.4698	738.3505	94.9426	749.9518	94.7449	757.9473	94.7669	
05/08/2017	15:56:10	019004	H421004711HLR	L421	S		708.9703	1.0233	20.5679	100.2129	40.0439	0.8230	0.8250	5.0000	19.9220	815.0689	94.5692	10.9309	24.7000	0.9300	0.9394	0.7016	-0.0012	815.0000	815.5956	1.0339	-3.5535	100.0470	40.5139	0.8230	0.8222	5.0000	-9999.0000	-9999.0000	-9999.0000	-9999.0000	-9999.0000	-9999.0000	20.9720	4	0	28.5033	1.0000	99	9	-9999.0000	43740	27718	-9999	654	638	-9999	561.2159	5	0.6860	0.7016	-0.0012	60.4026	3.6637	743.9508	368.2377	34.4667	661.7134	95.2062	742.1796	94.7449	755.1308	94.6790	764.2025	94.8108	
05/08/2017	15:56:39	019004	H421006392HLR	L421	S		712.7249	1.0233	21.7456	100.0594	40.0930	0.8230	0.8250	5.0000	19.9319	815.1237	94.7010	10.9710	24.6000	0.9300	0.9393	0.6994	-0.0011	815.0000	817.0356	1.0339	-3.5946	100.0281	40.4615	0.8230	0.8220	5.0000	-9999.0000	-9999.0000	-9999.0000	-9999.0000	-9999.0000	-9999.0000	25.1727	5	0	28.9836	1.0000	99	9	-9999.0000	43741	27719	-9999	655	639	-9999	560.6403	5	0.6858	0.6994	-0.0011	62.0964	3.5180	748.2713	365.2049	35.3893	663.4743	95.2941	746.5959	94.7010	758.9358	94.6131	768.6576	94.7669	
05/08/2017	15:57:04	019004	H421006382HLR	L421	S		709.1443	1.0233	20.6224	100.0969	40.0351	0.8230	0.8249	5.0000	20.1115	815.1177	94.6571	11.1507	24.7000	0.9300	0.9394	0.6984	-0.0010	815.0000	815.5072	1.0339	-3.5510	100.0202	40.5420	0.8230	0.8220	5.0000	-9999.0000	-9999.0000	-9999.0000	-9999.0000	-9999.0000	-9999.0000	25.4023	6	0	24.9024	1.0000	99	9	-9999.0000	43742	27720	-9999	656	640	-9999	560.2763	5	0.6857	0.6984	-0.0010	72.1143	2.8191	746.7058	378.0468	34.2031	660.9951	95.3161	744.7385	94.8548	757.7508	94.7010	765.8036	94.7889	
05/08/2017	15:57:30	019004	H421004749HLR	L421	S		711.7752	1.0233	21.4477	100.0020	40.0394	0.8230	0.8248	5.0000	20.5022	815.1029	94.6351	10.3517	24.7000	0.9300	0.9393	0.6943	-0.0007	815.0000	813.3452	1.0339	-3.4893	100.0818	40.5897	0.8230	0.8222	5.0000	-9999.0000	-9999.0000	-9999.0000	-9999.0000	-9999.0000	-9999.0000	20.8821	7	0	26.5137	1.0000	99	9	-9999.0000	43743	27721	-9999	657	641	-9999	560.2379	5	0.6855	0.6943	-0.0007	100.6865	0.6035	753.3803	368.3220	33.6539	668.4674	95.1843	751.7217	94.7010	763.4217	94.6351	771.7266	94.7889	
05/08/2017	15:57:56	019004	H421004731HLR	L421	S		711.5064	1.0233	21.3633	100.2565	40.1010	0.8230	0.8249	5.0000	20.1819	815.1922	94.7010	11.3616	24.6000	0.9300	0.9393	0.6964	-0.0008	815.0000	815.6124	1.0339	-3.5540	100.0241	40.5641	0.8230	0.8220	5.0000	-9999.0000	-9999.0000	-9999.0000	-9999.0000	-9999.0000	-9999.0000	22.9132	8	0	25.7128	1.0000	99	9	-9999.0000	43744	27722	-9999	658	642	-9999	560.0263	5	0.6856	0.6964	-0.0008	98.1383	0.7970	749.2705	375.9493	34.1811	665.1848	95.2941	747.8288	94.8108	758.4077	94.7010	767.0048	94.7889	
05/08/2017	15:58:23	019004	H421004737HLR	L421	S		709.5314	1.0233	20.7439	99.8661	40.0508	0.8230	0.8249	5.0000	20.1019	815.1600	94.5912	10.9114	24.6000	0.9300	0.9393	0.6954	-0.0008	815.0000	813.6479	1.0339	-3.4979	100.0758	40.6058	0.8230	0.8222	5.0000	-9999.0000	-9999.0000	-9999.0000	-9999.0000	-9999.0000	-9999.0000	20.6527	1	0	27.3527	1.0000	99	9	-9999.0000	43745	27723	-9999	659	643	-9999	560.0438	5	0.6858	0.6954	-0.0008	96.9488	0.8585	749.6352	364.3990	34.5765	663.0338	95.2502	747.8133	94.8328	758.1982	94.7449	766.3560	94.8108	
05/08/2017	15:58:53	019004	H421006395HLR	L421	S		709.1794	1.0233	20.6334	100.0336	40.0402	0.8230	0.8247	5.0000	20.9320	815.0949	94.6571	11.3313	24.6000	0.9300	0.9392	0.6958	-0.0008	815.0000	815.1115	1.0339	-3.5397	100.0354	40.5641	0.8230	0.8220	5.0000	-9999.0000	-9999.0000	-9999.0000	-9999.0000	-9999.0000	-9999.0000	23.7525	2	0	30.1634	1.0000	99	9	-9999.0000	43746	27724	-9999	660	644	-9999	559.7671	5	0.6861	0.6958	-0.0008	92.9387	1.2040	746.3063	364.3429	34.2250	660.5831	95.3820	744.9284	94.9426	755.9645	94.7449	764.4924	94.7669	
05/08/2017	15:59:21	019004	H421006404HLR	L421	S		710.3002	1.0233	20.9850	100.0540	40.0316	0.8230	0.8249	5.0000	19.8722	815.0867	94.6790	10.6106	24.6000	0.9300	0.9393	0.6984	-0.0010	815.0000	813.7825	1.0339	-3.5018	99.9913	40.5641	0.8230	0.8220	5.0000	-9999.0000	-9999.0000	-9999.0000	-9999.0000	-9999.0000	-9999.0000	26.9023	3	0	27.7833	1.0000	99	9	-9999.0000	43747	27725	-9999	661	645	-9999	560.3917	5	0.6862	0.6984	-0.0010	88.2128	1.5899	746.9490	364.9138	33.3903	660.6938	95.2721	745.1363	94.8548	758.1265	94.6790	767.5724	94.7889	
05/08/2017	15:59:49	019004	H421006387HLR	L421	S		707.8900	1.0233	20.2290	100.0203	40.0334	0.8230	0.8250	5.0000	19.8421	815.0979	94.7669	12.0912	24.6000	0.9300	0.9393	0.7011	-0.0013	815.0000	816.1229	1.0339	-3.5686	100.0417	40.5790	0.8230	0.8220	5.0000	-9999.0000	-9999.0000	-9999.0000	-9999.0000	-9999.0000	-9999.0000	24.1834	4	0	28.0629	1.0000	99	9	-9999.0000	43748	27726	-9999	662	646	-9999	558.9583	5	0.6862	0.7011	-0.0013	84.7663	1.8745	740.1307	360.2115	33.7418	652.2620	95.4039	738.9278	95.0305	748.5135	94.8108	757.4005	94.7889	
05/08/2017	16:00:19	019004	H421006973HLR	L421	S		709.1702	1.0233	20.6306	100.0640	40.0643	0.8230	0.8249	5.0000	20.1926	815.1427	94.4813	11.5618	24.6000	0.9300	0.9393	0.7137	-0.0024	815.0000	815.5646	1.0339	-3.5526	100.0309	40.5972	0.8230	0.8219	5.0000	-9999.0000	-9999.0000	-9999.0000	-9999.0000	-9999.0000	-9999.0000	24.7831	5	0	29.5530	1.0000	99	9	-9999.0000	43749	27727	-9999	663	647	-9999	559.2859	5	0.6868	0.7137	-0.0024	63.6370	3.7583	730.0644	360.2897	32.8850	643.4068	95.1843	728.4621	94.9426	741.3592	94.7669	752.3725	94.8108	
05/08/2017	16:00:44	019004	H421006422HLR	L421	S		713.2576	1.0233	21.9127	100.0910	40.0437	0.8230	0.8249	5.0000	20.0823	815.1670	94.6131	11.3519	24.6000	0.9300	0.9393	0.7159	-0.0026	815.0000	815.7631	1.0339	-3.5583	99.9927	40.5931	0.8230	0.8219	5.0000	-9999.0000	-9999.0000	-9999.0000	-9999.0000	-9999.0000	-9999.0000	25.8721	6	0	25.2127	1.0000	99	9	-9999.0000	43750	27728	-9999	664	648	-9999	559.7395	5	0.6868	0.7159	-0.0026	66.0744	3.5207	731.7413	359.7939	34.4227	646.4211	95.5358	729.8949	95.0744	743.0631	94.8108	752.3893	94.7669	
05/08/2017	16:01:10	019004	H421006416HLR	L421	S		708.4036	1.0233	20.3901	99.8878	40.0388	0.8230	0.8249	5.0000	20.3116	815.1645	94.6131	11.0217	24.6000	0.9300	0.9392	0.7099	-0.0020	815.0000	814.1722	1.0339	-3.5129	100.0804	40.6666	0.8230	0.8221	5.0000	-9999.0000	-9999.0000	-9999.0000	-9999.0000	-9999.0000	-9999.0000	21.8725	7	0	25.8233	1.0000	99	9	-9999.0000	43751	27729	-9999	665	649	-9999	560.5351	5	0.6873	0.7099	-0.0020	51.9835	4.8173	736.7956	358.2902	32.6434	650.5768	95.3380	734.9028	94.9866	747.7100	94.8108	758.1069	94.7889	
05/08/2017	16:01:39	019004	H421006398HLR	L421	S		710.2071	1.0233	20.9558	100.0096	40.0107	0.8230	0.8246	5.0000	21.4719	815.1426	94.6571	11.2708	24.6000	0.9300	0.9391	0.7144	-0.0024	815.0000	816.7034	1.0339	-3.5851	99.9937	40.6666	0.8230	0.8221	5.0000	-9999.0000	-9999.0000	-9999.0000	-9999.0000	-9999.0000	-9999.0000	20.7825	8	0	28.8029	1.0000	99	9	-9999.0000	43752	27730	-9999	666	650	-9999	560.0550	5	0.6872	0.7144	-0.0024	62.4931	3.8433	734.3694	357.9859	34.1372	644.3127	95.3820	732.5765	94.9646	745.7679	94.7449	755.1307	94.7889	
05/08/2017	16:02:05	019004	H421006408HLR	L421	S		712.4215	1.0233	21.6504	100.1203	40.0050	0.8230	0.8249	5.0000	20.2219	815.1306	94.5912	11.0813	24.6000	0.9300	0.9392	0.7151	-0.0025	815.0000	815.4333	1.0339	-3.5489	100.0160	40.6634	0.8230	0.8219	5.0000	-9999.0000	-9999.0000	-9999.0000	-9999.0000	-9999.0000	-9999.0000	25.5029	1	0	26.1329	1.0000	99	9	-9999.0000	43753	27731	-9999	667	651	-9999	560.4018	5	0.6871	0.7151	-0.0025	65.6809	3.5294	737.7469	376.8030	35.4772	662.2998	95.3380	735.8261	94.7889	744.9129	94.7669	753.8606	94.8328	
05/08/2017	16:02:29	019004	H421006410HLR	L421	S		711.2728	1.0233	21.2901	100.0068	40.0613	0.8230	0.8249	5.0000	20.1819	815.1630	94.6571	11.1516	24.6000	0.9300	0.9392	0.7146	-0.0025	815.0000	816.4418	1.0339	-3.5777	100.0204	40.6666	0.8230	0.8220	5.0000	-9999.0000	-9999.0000	-9999.0000	-9999.0000	-9999.0000	-9999.0000	22.4917	2	0	24.8034	1.0000	99	9	-9999.0000	43754	27732	-9999	668	652	-9999	560.1500	5	0.6869	0.7146	-0.0025	65.4731	3.5440	735.2311	362.2486	34.2909	652.0113	95.2941	733.9712	94.9207	746.3048	94.7669	755.4475	94.7889	
05/08/2017	16:02:55	019004	H421006417HLR	L421	S		704.3687	1.0233	19.1244	100.1196	40.0418	0.8230	0.8249	5.0000	20.0217	815.1506	94.6131	11.8920	24.6000	0.9300	0.9393	0.7159	-0.0026	815.0000	813.8420	1.0339	-3.5035	100.0778	40.6666	0.8230	0.8222	5.0000	-9999.0000	-9999.0000	-9999.0000	-9999.0000	-9999.0000	-9999.0000	20.8022	3	0	25.4424	1.0000	99	9	-9999.0000	43755	27733	-9999	669	653	-9999	558.7049	5	0.6871	0.7159	-0.0026	67.4869	3.3680	727.9459	359.6422	34.9060	644.1281	95.3161	725.6486	94.7889	737.8658	94.7010	748.0429	94.8108	
05/08/2017	16:03:21	019004	H421006332HLR	L421	S		707.9386	1.0233	20.2442	99.8883	39.9951	0.8230	0.8249	5.0000	19.9522	815.1286	94.5472	11.9310	24.6000	0.9300	0.9393	0.7164	-0.0026	815.0000	815.7209	1.0339	-3.5571	100.0314	40.6666	0.8230	0.8220	5.0000	-9999.0000	-9999.0000	-9999.0000	-9999.0000	-9999.0000	-9999.0000	21.8120	4	0	26.0830	1.0000	99	9	-9999.0000	43756	27734	-9999	670	654	-9999	558.5102	5	0.6870	0.7164	-0.0026	66.7261	3.4346	729.5304	360.5765	34.1152	643.3281	95.4479	728.0368	95.0305	740.7824	94.8328	750.7857	94.8328	
05/08/2017	16:03:48	019004	H421006342HLR	L421	S		710.9287	1.0233	21.1821	100.1346	40.0410	0.8230	0.8249	5.0000	20.2229	815.1891	94.4813	11.4114	24.6000	0.9300	0.9393	0.7192	-0.0029	815.0000	815.4187	1.0339	-3.5485	100.0369	40.6666	0.8230	0.8220	5.0000	-9999.0000	-9999.0000	-9999.0000	-9999.0000	-9999.0000	-9999.0000	22.7622	5	0	27.0626	1.0000	99	9	-9999.0000	43757	27735	-9999	671	655	-9999	559.6804	5	0.6869	0.7192	-0.0029	69.7248	3.1576	729.0908	355.7499	34.2470	643.7262	95.3600	727.3651	94.8987	739.6121	94.7889	749.9744	94.8767	
05/08/2017	16:04:13	019004	H421006376HLR	L421	S		707.7803	1.0233	20.1946	100.1026	40.0404	0.8230	0.8246	5.0000	21.2024	815.1186	94.6571	11.1614	24.6000	0.9300	0.9392	0.7188	-0.0028	815.0000	814.5594	1.0339	-3.5240	100.0164	40.6666	0.8230	0.8220	5.0000	-9999.0000	-9999.0000	-9999.0000	-9999.0000	-9999.0000	-9999.0000	23.3619	6	0	24.9334	1.0000	99	9	-9999.0000	43758	27736	-9999	672	656	-9999	560.1142	5	0.6868	0.7188	-0.0028	70.0382	3.1655	730.6176	346.7409	33.9834	644.1692	95.4039	728.9581	94.9426	741.1645	94.7669	751.4289	94.7669	
05/08/2017	16:04:38	019004	H421006345HLR	L421	S		706.4769	1.0233	19.7857	99.9775	40.0025	0.8230	0.8248	5.0000	20.1419	815.1617	94.6131	11.4114	24.6000	0.9300	0.9392	0.7122	-0.0023	815.0000	813.9265	1.0339	-3.5059	100.0852	40.6756	0.8230	0.8221	5.0000	-9999.0000	-9999.0000	-9999.0000	-9999.0000	-9999.0000	-9999.0000	20.8324	7	0	25.0332	1.0000	99	9	-9999.0000	43759	27737	-9999	673	657	-9999	559.6577	5	0.6866	0.7122	-0.0023	63.4524	3.7445	732.4754	369.9214	34.7303	646.4512	95.6236	730.3082	95.1403	743.8139	94.8987	752.6078	94.8108	
05/08/2017	16:05:05	019004	H421006363HLR	L421	S		707.3426	1.0233	20.0573	99.9847	40.0291	0.8230	0.8250	5.0000	19.9719	815.1082	94.5472	11.3206	24.6000	0.9300	0.9392	0.7142	-0.0024	815.0000	815.2354	1.0339	-3.5432	100.0912	40.6879	0.8230	0.8222	5.0000	-9999.0000	-9999.0000	-9999.0000	-9999.0000	-9999.0000	-9999.0000	20.7720	8	0	26.9227	1.0000	99	9	-9999.0000	43760	27738	-9999	674	658	-9999	559.7194	5	0.6864	0.7142	-0.0024	64.3389	3.6601	731.7904	362.9498	34.0713	645.6703	95.5577	729.9471	95.1184	743.4752	94.8767	753.5440	94.8328	
05/08/2017	16:05:32	019004	H421006334HLR	L421	S		706.2648	1.0233	19.7192	100.1570	40.0441	0.8230	0.8247	5.0000	21.2415	815.1451	94.5912	11.9418	24.6000	0.9300	0.9392	0.7095	-0.0020	815.0000	816.5520	1.0339	-3.5808	100.0460	40.6666	0.8230	0.8219	5.0000	-9999.0000	-9999.0000	-9999.0000	-9999.0000	-9999.0000	-9999.0000	23.5427	1	0	27.0432	1.0000	99	9	-9999.0000	43761	27739	-9999	675	659	-9999	558.6117	5	0.6862	0.7095	-0.0020	56.4489	4.3140	737.6150	365.6938	33.1267	652.5673	95.3820	736.1093	94.8987	746.8376	94.7889	755.0532	94.8548	
05/08/2017	16:05:57	019004	H421006352HLR	L421	S		706.0726	1.0233	19.6589	99.8396	40.0357	0.8230	0.8246	5.0000	21.0814	815.1313	94.4813	11.2513	24.6000	0.9300	0.9393	0.7139	-0.0024	815.0000	814.2317	1.0339	-3.5146	100.0490	40.6928	0.8230	0.8222	5.0000	-9999.0000	-9999.0000	-9999.0000	-9999.0000	-9999.0000	-9999.0000	20.5922	2	0	24.7420	1.0000	99	9	-9999.0000	43762	27740	-9999	676	660	-9999	559.9164	5	0.6865	0.7139	-0.0024	59.4286	4.0753	733.4124	363.7737	34.1811	646.8219	95.5138	731.5590	95.0525	743.7869	94.8328	753.7107	94.8548	
05/08/2017	16:06:22	019004	H421005403HLR	L421	S		723.1642	1.0233	24.9789	99.9636	40.0611	0.8230	0.8248	5.0000	20.2218	815.1557	94.6790	10.3908	24.6000	0.9300	0.9394	0.7116	-0.0022	815.0000	816.5517	1.0339	-3.5808	100.0803	40.6881	0.8230	0.8221	5.0000	-9999.0000	-9999.0000	-9999.0000	-9999.0000	-9999.0000	-9999.0000	20.9223	3	0	25.0028	1.0000	99	9	-9999.0000	43763	27741	-9999	677	661	-9999	561.5696	5	0.6867	0.7116	-0.0022	58.8944	4.1432	746.3640	369.5530	34.7523	658.5063	95.5797	744.7704	95.0525	756.5866	94.8328	766.0753	94.7889	
05/08/2017	16:06:50	019004	H421005404HLR	L421	S		713.1070	1.0233	21.8654	100.0565	40.0512	0.8230	0.8249	5.0000	20.0022	815.1448	94.6131	10.6506	24.7000	0.9300	0.9394	0.7116	-0.0022	815.0000	815.8289	1.0339	-3.5602	100.0625	40.6773	0.8230	0.8221	5.0000	-9999.0000	-9999.0000	-9999.0000	-9999.0000	-9999.0000	-9999.0000	21.3519	4	0	28.1038	1.0000	99	9	-9999.0000	43764	27742	-9999	678	662	-9999	561.1322	5	0.6867	0.7116	-0.0022	62.8056	3.8493	739.5562	361.5401	34.9280	653.8378	95.3820	737.8668	94.9207	751.0570	94.7449	762.2406	94.7889	
05/08/2017	16:07:15	019004	H421005402HLR	L421	S		699.6821	1.0233	17.6543	99.9204	40.0580	0.8230	0.8248	5.0000	20.4622	815.1132	95.0525	13.0513	24.6000	0.9300	0.9393	0.7138	-0.0024	815.0000	812.3249	1.0339	-3.4602	100.0245	40.6666	0.8230	0.8219	5.0000	-9999.0000	-9999.0000	-9999.0000	-9999.0000	-9999.0000	-9999.0000	24.8123	5	0	25.0027	1.0000	99	9	-9999.0000	43764	27743	-9999	679	663	-9999	556.3706	5	0.6863	0.7138	-0.0024	49.6044	5.0091	720.0355	356.9636	35.3454	635.0769	95.7115	718.3931	95.2941	730.4323	94.9866	739.3465	94.8328	
05/08/2017	16:07:43	019004	H421006358HLR	L421	S		711.4061	1.0233	21.3319	99.9034	40.0535	0.8230	0.8247	5.0000	20.9524	815.1433	94.5912	10.8411	24.6000	0.9300	0.9394	0.7181	-0.0028	815.0000	815.7875	1.0339	-3.5590	100.0446	40.7027	0.8230	0.8221	5.0000	-9999.0000	-9999.0000	-9999.0000	-9999.0000	-9999.0000	-9999.0000	21.0921	6	0	28.5131	1.0000	99	9	-9999.0000	43765	27744	-9999	680	664	-9999	561.0398	5	0.6865	0.7181	-0.0028	54.1506	4.6255	735.4302	362.7051	33.6759	646.2177	95.5138	733.6027	95.1623	746.3650	94.9426	756.9712	94.8548	
05/08/2017	16:08:10	019004	H421006349HLR	L421	S		712.9401	1.0233	21.8131	100.0287	40.0435	0.8230	0.8248	5.0000	20.3021	815.1288	94.7669	10.6321	24.7000	0.9300	0.9393	0.7085	-0.0019	815.0000	815.3883	1.0339	-3.5476	100.0369	40.6666	0.8230	0.8219	5.0000	-9999.0000	-9999.0000	-9999.0000	-9999.0000	-9999.0000	-9999.0000	25.2529	7	0	26.6826	1.0000	99	9	-9999.0000	43766	27745	-9999	681	665	-9999	560.8739	5	0.6865	0.7085	-0.0019	66.1817	3.6005	743.1421	356.8548	32.9509	655.6717	95.4039	741.4312	94.8987	753.7637	94.7230	762.3315	94.8108	
05/08/2017	16:08:37	019004	H421006379HLR	L421	S		709.9143	1.0233	20.8640	99.9227	40.0320	0.8230	0.8247	5.0000	20.8919	815.1055	94.7669	10.7317	24.7000	0.9300	0.9393	0.7087	-0.0019	815.0000	814.3705	1.0339	-3.5186	100.0662	40.7051	0.8230	0.8221	5.0000	-9999.0000	-9999.0000	-9999.0000	-9999.0000	-9999.0000	-9999.0000	20.7123	8	0	26.5430	1.0000	99	9	-9999.0000	43767	27746	-9999	682	666	-9999	560.8049	5	0.6867	0.7087	-0.0019	57.1029	4.3859	739.7824	371.4204	34.2470	654.7486	95.4259	737.7656	94.9866	751.7785	94.7889	761.7865	94.7889	
05/08/2017	16:09:02	019004	H421007167HLR	L421	S		708.7336	1.0233	20.4936	100.0859	40.0484	0.8230	0.8246	5.0000	21.8316	815.1320	94.6571	10.2013	24.7000	0.9300	0.9393	0.7040	-0.0015	815.0000	813.0907	1.0339	-3.4820	100.0009	40.6998	0.8230	0.8221	5.0000	-9999.0000	-9999.0000	-9999.0000	-9999.0000	-9999.0000	-9999.0000	21.0218	1	0	25.6533	1.0000	99	9	-9999.0000	43768	27747	-9999	683	667	-9999	561.2770	5	0.6865	0.7040	-0.0015	65.1274	3.6715	746.5601	363.5840	35.4113	659.1964	95.5138	744.6824	95.0305	757.2771	94.8328	767.1081	94.7889	
05/08/2017	16:09:27	019004	H421007177HLR	L421	S		707.1567	1.0233	19.9990	100.1127	40.1098	0.8230	0.8249	5.0000	19.9124	815.1376	94.7889	12.0521	24.6000	0.9300	0.9392	0.7015	-0.0013	815.0000	816.5011	1.0339	-3.5794	100.0510	40.6803	0.8230	0.8220	5.0000	-9999.0000	-9999.0000	-9999.0000	-9999.0000	-9999.0000	-9999.0000	21.3323	2	0	24.7429	1.0000	99	9	-9999.0000	43768	27748	-9999	684	668	-9999	559.3065	5	0.6868	0.7015	-0.0013	62.3393	3.9218	741.5091	385.5950	36.5096	666.4312	95.6017	739.7877	95.0305	751.8257	94.8108	760.2116	94.8108	
05/08/2017	16:09:54	019004	H421007188HLR	L421	S		707.8648	1.0233	20.2211	99.9399	40.0629	0.8230	0.8249	5.0000	20.0921	815.1139	94.6790	12.6811	24.6000	0.9300	0.9393	0.7005	-0.0012	815.0000	814.3224	1.0339	-3.5172	100.0486	40.6779	0.8230	0.8221	5.0000	-9999.0000	-9999.0000	-9999.0000	-9999.0000	-9999.0000	-9999.0000	21.0821	3	0	27.0528	1.0000	99	9	-9999.0000	43769	27749	-9999	685	669	-9999	558.8360	5	0.6870	0.7005	-0.0012	37.3701	6.1772	736.8380	363.5589	35.2795	654.4694	95.6676	735.5563	95.3161	745.3129	95.0085	754.0013	94.8548	
05/08/2017	16:10:20	019004	H421007171HLR	L421	S		706.7305	1.0233	19.8653	100.0249	40.0441	0.8230	0.8247	5.0000	20.7826	815.1242	94.6571	12.9409	24.6000	0.9300	0.9393	0.7020	-0.0013	815.0000	816.1060	1.0339	-3.5681	100.0117	40.6666	0.8230	0.8219	5.0000	-9999.0000	-9999.0000	-9999.0000	-9999.0000	-9999.0000	-9999.0000	23.4421	4	0	25.8624	1.0000	99	9	-9999.0000	43770	27750	-9999	686	670	-9999	558.4045	5	0.6871	0.7020	-0.0013	39.9499	5.9485	735.0782	361.1302	34.2909	654.4258	95.5358	733.7884	95.0305	743.5882	94.8548	751.2161	94.8987	
05/08/2017	16:10:47	019004	H421007187HLR	L421	S		710.7525	1.0233	21.1269	99.9996	40.0385	0.8230	0.8249	5.0000	19.9416	815.1667	94.5033	11.7113	24.6000	0.9300	0.9393	0.7068	-0.0018	815.0000	812.2794	1.0339	-3.4589	100.0260	40.6973	0.8230	0.8221	5.0000	-9999.0000	-9999.0000	-9999.0000	-9999.0000	-9999.0000	-9999.0000	20.4923	5	0	26.7433	1.0000	99	9	-9999.0000	43771	27751	-9999	687	671	-9999	559.5368	5	0.6873	0.7068	-0.0018	63.6109	3.8248	735.1312	367.4240	33.9614	654.9154	95.6895	733.6315	95.2062	744.8599	94.9426	754.2522	94.8548	
05/08/2017	16:11:13	019004	H421006338HLR	L421	S		706.5741	1.0233	19.8162	99.8650	40.0754	0.8230	0.8249	5.0000	20.1418	815.1485	94.5692	11.0715	24.6000	0.9300	0.9393	0.7079	-0.0019	815.0000	815.0113	1.0339	-3.5369	100.0482	40.6666	0.8230	0.8219	5.0000	-9999.0000	-9999.0000	-9999.0000	-9999.0000	-9999.0000	-9999.0000	21.9026	6	0	25.9629	1.0000	99	9	-9999.0000	43772	27752	-9999	688	672	-9999	560.3956	5	0.6872	0.7079	-0.0019	64.0542	3.7705	738.3965	364.9479	34.2470	654.6488	95.6236	737.0051	95.0744	748.5346	94.8548	758.1030	94.7889	
05/08/2017	16:11:40	019004	H421006369HLR	L421	S		707.5272	1.0233	20.1152	99.9926	40.0756	0.8230	0.8249	5.0000	20.0822	815.1493	94.6351	11.3411	24.6000	0.9300	0.9393	0.7026	-0.0014	815.0000	816.2620	1.0339	-3.5725	100.0721	40.6666	0.8230	0.8220	5.0000	-9999.0000	-9999.0000	-9999.0000	-9999.0000	-9999.0000	-9999.0000	21.5520	7	0	27.7736	1.0000	99	9	-9999.0000	43773	27753	-9999	689	673	-9999	560.3015	5	0.6874	0.7026	-0.0014	72.7737	2.9396	744.3981	367.4062	35.6529	657.7355	95.5577	742.4426	95.0085	754.5240	94.8108	763.5374	94.8108	
05/08/2017	16:12:06	019004	H421007190HLR	L421	S		707.0784	1.0233	19.9744	100.0501	40.0652	0.8230	0.8249	5.0000	20.0518	815.1709	94.5472	11.5413	24.6000	0.9300	0.9393	0.7040	-0.0015	815.0000	815.2359	1.0339	-3.5433	100.0377	40.6666	0.8230	0.8219	5.0000	-9999.0000	-9999.0000	-9999.0000	-9999.0000	-9999.0000	-9999.0000	24.1016	8	0	25.5528	1.0000	99	9	-9999.0000	43774	27754	-9999	690	674	-9999	559.9955	5	0.6871	0.7040	-0.0015	75.0749	2.7005	739.9609	374.4005	35.8287	661.6053	95.6236	737.8575	95.0085	749.6951	94.8328	758.8787	94.8328	
05/08/2017	16:12:32	019004	H421007270HLR	L421	S		707.3581	1.0233	20.0621	99.9203	40.0938	0.8230	0.8249	5.0000	19.8928	815.1059	94.9207	12.6713	24.6000	0.9300	0.9393	0.7051	-0.0016	815.0000	818.7533	1.0339	-3.6436	100.0708	40.6666	0.8230	0.8220	5.0000	-9999.0000	-9999.0000	-9999.0000	-9999.0000	-9999.0000	-9999.0000	21.5727	1	0	26.1025	1.0000	99	9	-9999.0000	43775	27755	-9999	691	675	-9999	558.7113	5	0.6872	0.7051	-0.0016	76.1066	2.5761	735.7522	360.9617	33.7637	651.6532	95.2941	734.1958	94.8767	747.0489	94.7449	755.3670	94.8548	
05/08/2017	16:12:59	019004	H421007175HLR	L421	S		707.9929	1.0233	20.2613	100.0600	40.0281	0.8230	0.8247	5.0000	20.5522	815.1202	94.4813	12.3412	24.6000	0.9300	0.9395	0.7059	-0.0016	815.0000	818.4434	1.0339	-3.6348	100.0740	40.6863	0.8230	0.8221	5.0000	-9999.0000	-9999.0000	-9999.0000	-9999.0000	-9999.0000	-9999.0000	20.9427	2	0	26.9336	1.0000	99	9	-9999.0000	43775	27756	-9999	692	676	-9999	559.1479	5	0.6871	0.7059	-0.0016	79.6292	2.3128	739.2848	364.3243	33.4782	654.6663	95.4259	737.6244	95.0525	749.0307	94.8767	758.7136	94.8548	
05/08/2017	16:13:27	019004	H421007266HLR	L421	S		706.9355	1.0233	19.9296	99.8911	40.0564	0.8230	0.8249	5.0000	20.1224	815.1330	94.5692	11.4310	24.6000	0.9300	0.9393	0.7065	-0.0017	815.0000	816.7270	1.0339	-3.5858	100.0618	40.6842	0.8230	0.8221	5.0000	-9999.0000	-9999.0000	-9999.0000	-9999.0000	-9999.0000	-9999.0000	20.8618	3	0	28.3031	1.0000	99	9	-9999.0000	43776	27757	-9999	693	677	-9999	560.2078	5	0.6873	0.7065	-0.0017	86.6608	1.6960	740.2605	374.3485	33.1047	650.6891	95.4479	738.6841	95.0085	750.4165	94.8108	760.1359	94.8328	
05/08/2017	16:13:52	019004	H421007275HLR	L421	S		703.1293	1.0233	18.7357	100.0495	40.0320	0.8230	0.8245	5.0000	21.7522	815.0935	94.5912	11.9808	24.6000	0.9300	0.9393	0.7069	-0.0017	815.0000	817.8951	1.0339	-3.6192	100.0045	40.6666	0.8230	0.8219	5.0000	-9999.0000	-9999.0000	-9999.0000	-9999.0000	-9999.0000	-9999.0000	24.7028	4	0	24.7430	1.0000	99	9	-9999.0000	43777	27758	-9999	694	678	-9999	559.4680	5	0.6872	0.7069	-0.0017	87.4316	1.6574	737.8688	357.9131	33.8077	651.2814	95.4039	736.2235	94.9426	748.6506	94.7889	757.7906	94.8328	
05/08/2017	16:14:19	019004	H421007279HLR	L421	S		705.7904	1.0233	19.5704	100.0799	40.0652	0.8230	0.8249	5.0000	19.9221	815.1069	94.5692	12.1517	24.6000	0.9300	0.9393	0.7116	-0.0021	815.0000	817.1410	1.0339	-3.5976	100.0563	40.6695	0.8230	0.8220	5.0000	-9999.0000	-9999.0000	-9999.0000	-9999.0000	-9999.0000	-9999.0000	21.2122	5	0	26.8623	1.0000	99	9	-9999.0000	43777	27759	-9999	694	679	-9999	558.9656	5	0.6867	0.7116	-0.0021	87.9003	1.6764	731.1158	356.4634	33.4782	644.5125	95.3380	729.3916	94.9426	743.0934	94.7889	752.9254	94.8328	
05/08/2017	16:14:45	019004	H421007287HLR	L421	S		688.4475	1.0233	14.1303	100.0389	40.0592	0.8230	0.8249	5.0000	19.9524	815.1628	94.8548	13.3111	24.6000	0.9300	0.9393	0.7138	-0.0023	815.0000	813.5281	1.0339	-3.4945	100.0205	40.6666	0.8230	0.8219	5.0000	-9999.0000	-9999.0000	-9999.0000	-9999.0000	-9999.0000	-9999.0000	23.2026	6	0	25.7335	1.0000	99	9	-9999.0000	43778	27760	-9999	695	680	-9999	556.5896	5	0.6861	0.7138	-0.0023	90.1319	1.5603	725.8537	353.6408	32.6873	632.6147	95.4259	724.2455	95.0525	734.4553	94.8548	743.5798	94.8987	
05/08/2017	16:15:11	019004	H421007297HLR	L421	S		681.2167	1.0233	11.8622	99.9968	40.0605	0.8230	0.8249	5.0000	19.9817	815.1441	94.5912	12.5414	24.7000	0.9300	0.9393	0.7093	-0.0020	815.0000	813.3831	1.0339	-3.4904	100.0182	40.6934	0.8230	0.8221	5.0000	-9999.0000	-9999.0000	-9999.0000	-9999.0000	-9999.0000	-9999.0000	20.4221	7	0	26.5431	1.0000	99	9	-9999.0000	43779	27761	-9999	696	681	-9999	558.0082	5	0.6857	0.7093	-0.0020	101.9233	0.6113	728.9182	366.4181	33.0608	640.8500	95.7115	727.0832	95.3600	740.3292	95.0525	747.8263	94.8987	
05/08/2017	16:15:40	019004	H421007282HLR	L421	S		712.6523	1.0233	21.7228	100.0058	40.0361	0.8230	0.8246	5.0000	21.2729	815.1514	94.5253	11.1311	24.7000	0.9300	0.9393	0.7097	-0.0020	815.0000	814.9744	1.0339	-3.5358	100.0538	40.6840	0.8230	0.8221	5.0000	-9999.0000	-9999.0000	-9999.0000	-9999.0000	-9999.0000	-9999.0000	20.7425	8	0	28.8223	1.0000	99	9	-9999.0000	43780	27762	-9999	697	682	-9999	560.3143	5	0.6856	0.7097	-0.0020	103.1335	0.5222	737.8528	361.4083	33.1047	655.9422	95.6676	736.4875	95.2941	748.5816	94.9646	757.8838	94.8328	
05/08/2017	16:16:08	019004	H421007291HLR	L421	S		709.7733	1.0233	20.8197	99.9745	40.0734	0.8230	0.8249	5.0000	20.1720	815.1621	94.6351	10.6213	24.6000	0.9300	0.9392	0.7241	-0.0033	815.0000	815.6203	1.0339	-3.5542	100.0080	40.6666	0.8230	0.8218	5.0000	-9999.0000	-9999.0000	-9999.0000	-9999.0000	-9999.0000	-9999.0000	25.5428	1	0	27.6535	1.0000	99	9	-9999.0000	43781	27763	-9999	698	683	-9999	561.7648	5	0.6854	0.7241	-0.0033	94.6394	1.2767	729.4261	347.8913	34.7303	644.8949	95.3161	727.3704	94.6571	742.4572	94.6351	753.8250	94.8328	
05/08/2017	16:16:33	019004	H421004725HLR	L421	S		707.1113	1.0233	19.9847	100.0601	40.0474	0.8230	0.8248	5.0000	20.2122	815.1543	94.8328	12.1010	24.6000	0.9300	0.9392	0.7241	-0.0033	815.0000	810.4879	1.0339	-3.4078	100.0568	40.6789	0.8230	0.8221	5.0000	-9999.0000	-9999.0000	-9999.0000	-9999.0000	-9999.0000	-9999.0000	20.6819	2	0	25.6025	1.0000	99	9	-9999.0000	43782	27764	-9999	699	684	-9999	557.7603	5	0.6854	0.7241	-0.0033	85.8545	2.0352	717.9502	358.1823	33.7857	637.4008	95.4259	716.2518	95.0525	728.9078	94.8548	739.6098	94.8108	
05/08/2017	16:17:01	019004	H421004709HLR	L421	S		703.8714	1.0233	18.9684	100.0633	40.0996	0.8230	0.8249	5.0000	19.9417	815.1327	94.6571	12.6313	24.6000	0.9300	0.9393	0.7067	-0.0018	815.0000	812.0618	1.0339	-3.4527	100.0569	40.6709	0.8230	0.8220	5.0000	-9999.0000	-9999.0000	-9999.0000	-9999.0000	-9999.0000	-9999.0000	21.3931	3	0	28.1439	1.0000	99	9	-9999.0000	43783	27765	-9999	700	685	-9999	557.6753	5	0.6851	0.7067	-0.0018	55.9647	4.6420	728.6770	368.6955	34.1372	647.9736	95.5577	727.1288	95.2502	738.7846	94.9866	748.3050	94.8548	
05/08/2017	16:17:29	019004	H421004719HLR	L421	S		701.7282	1.0233	18.2962	100.0587	40.0510	0.8230	0.8249	5.0000	20.0422	815.0846	94.6351	12.6909	24.6000	0.9300	0.9393	0.7067	-0.0018	815.0000	811.7326	1.0339	-3.4433	100.0090	40.6666	0.8230	0.8219	5.0000	-9999.0000	-9999.0000	-9999.0000	-9999.0000	-9999.0000	-9999.0000	24.4725	4	0	27.7033	1.0000	99	9	-9999.0000	43784	27766	-9999	701	686	-9999	557.5435	5	0.6851	0.7067	-0.0018	19.4294	7.6889	728.3461	369.6609	35.2136	642.6457	95.6236	726.6412	95.1843	737.3326	94.9426	746.6415	94.8548	
05/08/2017	16:17:57	019004	H421004726HLR	L421	S		702.4527	1.0233	18.5234	99.9547	40.0562	0.8230	0.8249	5.0000	20.0519	815.0969	94.9426	13.7213	24.7000	0.9300	0.9393	0.7102	-0.0021	815.0000	811.9801	1.0339	-3.4503	100.0250	40.6666	0.8230	0.8219	5.0000	-9999.0000	-9999.0000	-9999.0000	-9999.0000	-9999.0000	-9999.0000	24.3728	5	0	27.9425	1.0000	99	9	-9999.0000	43785	27767	-9999	702	687	-9999	555.7236	5	0.6854	0.7102	-0.0021	24.3644	7.3422	724.5095	359.1150	34.3349	640.1034	95.6017	723.1941	95.2062	734.1344	94.9646	742.3967	94.8767	
05/08/2017	16:18:24	019004	H421004721HLR	L421	S		708.2375	1.0233	20.3380	100.0298	40.0578	0.8230	0.8249	5.0000	20.0023	815.0979	94.5253	11.9916	24.7000	0.9300	0.9393	0.7085	-0.0019	815.0000	811.9097	1.0339	-3.4483	100.0769	40.6762	0.8230	0.8221	5.0000	-9999.0000	-9999.0000	-9999.0000	-9999.0000	-9999.0000	-9999.0000	20.7923	6	0	26.9629	1.0000	99	9	-9999.0000	43786	27768	-9999	702	688	-9999	558.8317	5	0.6855	0.7085	-0.0019	25.7443	7.1703	732.0834	365.6785	34.4008	648.4097	95.6236	730.7268	95.2282	742.4117	94.9646	752.4148	94.8328	
05/08/2017	16:18:51	019004	H421006401HLR	L421	S		703.3956	1.0233	18.8192	100.0723	40.0275	0.8230	0.8248	5.0000	20.2922	815.0895	94.8328	13.2212	24.7000	0.9300	0.9393	0.7033	-0.0014	815.0000	812.8563	1.0339	-3.4753	100.0310	40.6666	0.8230	0.8219	5.0000	-9999.0000	-9999.0000	-9999.0000	-9999.0000	-9999.0000	-9999.0000	23.2927	7	0	26.7031	1.0000	99	9	-9999.0000	43787	27769	-9999	703	689	-9999	557.7080	5	0.6859	0.7033	-0.0014	29.1992	6.8554	730.3773	372.8196	34.9500	651.1915	95.8213	728.9420	95.2062	739.9887	94.9207	747.8039	94.8548	
05/08/2017	16:19:19	019004	H421006384HLR	L421	S		700.3012	1.0233	17.8486	100.0275	40.0375	0.8230	0.8249	5.0000	20.1223	815.0897	94.8328	13.6714	24.7000	0.9300	0.9392	0.7001	-0.0011	815.0000	812.3118	1.0339	-3.4598	100.0028	40.6666	0.8230	0.8219	5.0000	-9999.0000	-9999.0000	-9999.0000	-9999.0000	-9999.0000	-9999.0000	22.5826	8	0	27.9827	1.0000	99	9	-9999.0000	43788	27770	-9999	704	690	-9999	557.9332	5	0.6862	0.7001	-0.0011	33.3443	6.5016	730.6954	388.3395	37.6739	659.0381	95.9092	729.1745	95.3161	738.7353	95.0085	746.0878	94.8987	
05/08/2017	16:19:46	019004	H421004751HLR	L421	S		699.4609	1.0233	17.5850	100.1620	40.0893	0.8230	0.8249	5.0000	20.3929	815.1583	94.9426	13.8912	24.7000	0.9300	0.9392	0.7017	-0.0013	815.0000	813.5543	1.0339	-3.4953	100.0501	40.6666	0.8230	0.8219	5.0000	-9999.0000	-9999.0000	-9999.0000	-9999.0000	-9999.0000	-9999.0000	23.4528	1	0	27.6535	1.0000	99	9	-9999.0000	43789	27771	-9999	705	691	-9999	557.7846	5	0.6861	0.7017	-0.0013	60.4762	4.1147	730.6121	373.2250	35.5431	649.5634	95.9092	729.3391	95.4039	738.6339	95.0525	746.0982	94.8328	
05/08/2017	16:20:16	019004	H421004741HLR	L421	S		702.5770	1.0233	18.5624	100.0971	40.0435	0.8230	0.8249	5.0000	19.9828	815.1296	94.7010	13.3316	24.8000	0.9300	0.9392	0.7037	-0.0014	815.0000	812.1954	1.0339	-3.4565	100.0731	40.6799	0.8230	0.8220	5.0000	-9999.0000	-9999.0000	-9999.0000	-9999.0000	-9999.0000	-9999.0000	21.1019	2	0	29.9335	1.0000	99	9	-9999.0000	43790	27772	-9999	706	692	-9999	558.5361	5	0.6865	0.7037	-0.0014	66.2915	3.4218	729.0326	371.8434	34.4008	650.7260	95.6676	728.0071	95.2062	736.3178	94.9646	744.3305	94.8328	
05/08/2017	16:20:44	019004	H421004739HLR	L421	S		705.5345	1.0233	19.4901	100.0164	40.0171	0.8230	0.8247	5.0000	20.8616	815.0826	94.6131	12.7417	24.7000	0.9300	0.9391	0.7034	-0.0013	815.0000	812.0611	1.0339	-3.4527	99.9778	40.6666	0.8230	0.8218	5.0000	-9999.0000	-9999.0000	-9999.0000	-9999.0000	-9999.0000	-9999.0000	26.6729	3	0	27.6430	1.0000	99	9	-9999.0000	43791	27773	-9999	707	693	-9999	559.4357	5	0.6867	0.7034	-0.0013	77.9621	2.3392	732.4802	366.3384	35.1477	652.6600	95.7335	730.8689	95.1403	742.0516	94.8987	750.6484	94.8548	
05/08/2017	16:21:11	019004	H421006394HLR	L421	S		700.1811	1.0233	17.8109	100.1055	40.0437	0.8230	0.8249	5.0000	20.1223	815.0844	95.1623	14.3610	24.7000	0.9300	0.9391	0.6992	-0.0010	815.0000	815.5587	1.0339	-3.5525	100.0578	40.6934	0.8230	0.8220	5.0000	-9999.0000	-9999.0000	-9999.0000	-9999.0000	-9999.0000	-9999.0000	20.7718	4	0	27.5832	1.0000	99	9	-9999.0000	43792	27774	-9999	708	694	-9999	558.4721	5	0.6870	0.6992	-0.0010	74.4044	2.6341	730.4623	372.6183	33.2585	646.9932	95.6676	729.2652	95.2941	739.2418	94.9646	747.3129	94.8328	
05/08/2017	16:21:39	019004	H421006390HLR	L421	S		699.6461	1.0233	17.6431	99.9916	40.0865	0.8230	0.8249	5.0000	20.0424	815.1468	94.7230	13.0610	24.7000	0.9300	0.9390	0.6989	-0.0010	815.0000	812.9598	1.0339	-3.4783	100.0243	40.6666	0.8230	0.8219	5.0000	-9999.0000	-9999.0000	-9999.0000	-9999.0000	-9999.0000	-9999.0000	24.3133	5	0	27.1231	1.0000	99	9	-9999.0000	43793	27775	-9999	709	695	-9999	559.6957	5	0.6869	0.6989	-0.0010	69.1342	3.0756	733.9371	377.0996	33.2145	650.4929	95.6456	732.3259	95.2941	743.3747	95.0085	750.2323	94.8548	
05/08/2017	16:22:04	019004	H421006389HLR	L421	S		702.5802	1.0233	18.5634	100.0432	40.0390	0.8230	0.8248	5.0000	20.2218	815.0629	94.7669	13.0923	24.7000	0.9300	0.9390	0.7000	-0.0010	815.0000	813.6317	1.0339	-3.4975	100.0590	40.6666	0.8230	0.8219	5.0000	-9999.0000	-9999.0000	-9999.0000	-9999.0000	-9999.0000	-9999.0000	23.5121	6	0	25.8223	1.0000	99	9	-9999.0000	43794	27776	-9999	710	696	-9999	559.7350	5	0.6869	0.7000	-0.0010	72.0482	2.8524	734.9507	376.2670	32.8191	650.8321	95.7774	733.5002	95.4039	743.0985	95.0305	749.5811	94.8548	
05/08/2017	16:22:34	019004	H421006414HLR	L421	S		703.2731	1.0233	18.7808	99.9940	40.0261	0.8230	0.8249	5.0000	19.9416	815.1147	94.8548	13.7310	24.7000	0.9300	0.9389	0.7047	-0.0014	815.0000	814.4827	1.0339	-3.5218	100.0748	40.7006	0.8230	0.8221	5.0000	-9999.0000	-9999.0000	-9999.0000	-9999.0000	-9999.0000	-9999.0000	20.7718	7	0	29.9936	1.0000	99	9	-9999.0000	43795	27777	-9999	710	697	-9999	559.2309	5	0.6870	0.7047	-0.0014	46.0521	4.8119	726.5772	362.2263	32.8411	643.2034	95.3820	725.0785	95.0525	735.4672	94.8767	743.9378	94.8328	
05/08/2017	16:23:00	019004	H421006423HLR	L421	S		714.3373	1.0233	22.2514	99.9872	40.0396	0.8230	0.8248	5.0000	20.2522	815.1387	94.5253	12.3510	24.7000	0.9300	0.9389	0.7054	-0.0014	815.0000	816.3729	1.0339	-3.5757	99.9724	40.6666	0.8230	0.8218	5.0000	-9999.0000	-9999.0000	-9999.0000	-9999.0000	-9999.0000	-9999.0000	26.3624	8	0	26.0625	1.0000	99	9	-9999.0000	43796	27778	-9999	711	698	-9999	560.7547	5	0.6866	0.7054	-0.0014	48.9113	4.6069	737.9772	360.9990	33.5660	653.5271	95.3600	736.6402	94.9866	746.4648	94.8328	754.6042	94.8328	
05/08/2017	16:23:28	019004	H421006425HLR	L421	S		713.3082	1.0233	21.9285	100.1585	40.0187	0.8230	0.8248	5.0000	20.3323	815.1045	94.5912	11.4612	24.7000	0.9300	0.9389	0.7095	-0.0017	815.0000	816.0371	1.0339	-3.5661	100.0682	40.7036	0.8230	0.8220	5.0000	-9999.0000	-9999.0000	-9999.0000	-9999.0000	-9999.0000	-9999.0000	20.6126	1	0	27.2239	1.0000	99	9	-9999.0000	43797	27779	-9999	712	699	-9999	562.4300	5	0.6868	0.7095	-0.0017	46.0105	4.8158	736.1577	357.5641	33.2145	651.7896	95.4698	734.4242	95.0085	747.9865	94.7889	757.1673	94.8108	
05/08/2017	16:23:56	019004	H421006426HLR	L421	S		714.0708	1.0233	22.1678	99.9661	40.0449	0.8230	0.8248	5.0000	20.3019	815.1675	94.6571	12.2113	24.7000	0.9300	0.9389	0.7228	-0.0027	815.0000	817.5890	1.0339	-3.6104	100.0491	40.6666	0.8230	0.8218	5.0000	-9999.0000	-9999.0000	-9999.0000	-9999.0000	-9999.0000	-9999.0000	23.5827	2	0	28.2227	1.0000	99	9	-9999.0000	43798	27780	-9999	713	700	-9999	562.8145	5	0.6869	0.7228	-0.0027	44.4845	4.9340	724.7085	358.6203	33.9395	643.3137	95.4479	722.9327	94.9646	734.7369	94.8108	744.8687	94.8108	
05/08/2017	16:24:26	019004	H421006400HLR	L421	S		713.9244	1.0233	22.1218	99.9999	40.0633	0.8230	0.8249	5.0000	19.9925	815.1092	94.6571	12.6909	24.7000	0.9300	0.9390	0.7225	-0.0026	815.0000	816.7814	1.0339	-3.5874	99.9794	40.6666	0.8230	0.8218	5.0000	-9999.0000	-9999.0000	-9999.0000	-9999.0000	-9999.0000	-9999.0000	24.9129	3	0	29.6938	1.0000	99	9	-9999.0000	43799	27781	-9999	713	701	-9999	561.8712	5	0.6871	0.7225	-0.0026	43.4553	5.0121	720.6045	357.2830	34.2470	637.8741	95.2721	719.1353	94.8767	731.0619	94.7889	739.7623	94.8767	
05/08/2017	16:24:52	019004	H421006427HLR	L421	S		702.4283	1.0233	18.5158	99.9928	40.0476	0.8230	0.8248	5.0000	20.1624	815.1066	94.6571	12.4311	24.7000	0.9300	0.9390	0.7225	-0.0026	815.0000	819.0839	1.0339	-3.6531	99.9931	40.6666	0.8230	0.8218	5.0000	-9999.0000	-9999.0000	-9999.0000	-9999.0000	-9999.0000	-9999.0000	26.0634	4	0	26.5819	1.0000	99	9	-9999.0000	43800	27782	-9999	714	702	-9999	562.4173	5	0.6870	0.7225	-0.0026	29.8712	6.0047	723.3757	357.8478	34.8621	640.4293	95.6017	721.7633	95.0525	734.0252	94.8767	743.4693	94.8328	
05/08/2017	16:25:19	019004	H421006428HLR	L421	S		710.8209	1.0233	21.1483	99.9235	40.0617	0.8230	0.8248	5.0000	20.1732	815.1926	94.5033	11.1614	24.7000	0.9300	0.9389	0.7054	-0.0014	815.0000	817.6687	1.0339	-3.6127	100.0572	40.7510	0.8230	0.8220	5.0000	-9999.0000	-9999.0000	-9999.0000	-9999.0000	-9999.0000	-9999.0000	21.0120	5	0	27.1338	1.0000	99	9	-9999.0000	43800	27783	-9999	715	703	-9999	562.6554	5	0.6873	0.7054	-0.0014	47.8053	4.7076	742.9297	359.1471	33.6319	658.0918	95.1403	741.2376	94.6351	754.6617	94.6131	763.6241	94.8767	
05/08/2017	16:25:46	019004	H421006420HLR	L421	S		711.5541	1.0233	21.3783	99.9703	39.9931	0.8230	0.8246	5.0000	20.8517	815.0961	95.1623	13.4019	24.7000	0.9300	0.9389	0.7053	-0.0014	815.0000	816.0241	1.0339	-3.5658	100.0202	40.6851	0.8230	0.8218	5.0000	-9999.0000	-9999.0000	-9999.0000	-9999.0000	-9999.0000	-9999.0000	23.5523	6	0	26.3722	1.0000	99	9	-9999.0000	43801	27784	-9999	716	704	-9999	560.0285	5	0.6874	0.7053	-0.0014	43.4280	5.0214	732.3011	365.0615	34.1811	651.2768	95.4918	730.9580	95.0085	740.4608	94.8548	747.6909	94.8328	
05/08/2017	16:26:13	019004	H421006344HLR	L421	S		712.1526	1.0233	21.5660	99.7976	40.0367	0.8230	0.8248	5.0000	20.1830	815.1601	94.5692	11.9517	24.7000	0.9300	0.9389	0.7034	-0.0012	815.0000	814.3559	1.0339	-3.5181	100.0627	40.7440	0.8230	0.8220	5.0000	-9999.0000	-9999.0000	-9999.0000	-9999.0000	-9999.0000	-9999.0000	21.2318	7	0	27.9041	1.0000	99	9	-9999.0000	43802	27785	-9999	717	705	-9999	561.6589	5	0.6877	0.7034	-0.0012	41.8257	5.1084	736.3281	367.0031	33.9614	651.0501	95.5577	734.6034	95.1403	745.9960	94.9207	754.7145	94.8328	
05/08/2017	16:26:40	019004	H421006377HLR	L421	S		712.1944	1.0233	21.5792	100.0829	40.1045	0.8230	0.8250	5.0000	19.8626	815.1000	94.7669	12.9311	24.7000	0.9300	0.9389	0.7029	-0.0012	815.0000	816.0464	1.0339	-3.5664	100.0766	40.7459	0.8230	0.8221	5.0000	-9999.0000	-9999.0000	-9999.0000	-9999.0000	-9999.0000	-9999.0000	20.5219	8	0	26.2221	1.0000	99	9	-9999.0000	43803	27786	-9999	718	706	-9999	560.4296	5	0.6876	0.7029	-0.0012	45.5261	4.8625	736.1024	380.3063	36.6414	664.2537	95.5797	734.6178	94.9426	744.6403	94.8108	752.4802	94.8767	
05/08/2017	16:27:09	019004	H421006365HLR	L421	S		710.6612	1.0233	21.0982	99.9312	40.0273	0.8230	0.8248	5.0000	20.1527	815.1077	94.5912	12.2611	24.6000	0.9300	0.9389	0.6996	-0.0010	815.0000	814.2690	1.0339	-3.5157	100.0670	40.7162	0.8230	0.8220	5.0000	-9999.0000	-9999.0000	-9999.0000	-9999.0000	-9999.0000	-9999.0000	21.4115	1	0	28.9338	1.0000	99	9	-9999.0000	43804	27787	-9999	719	707	-9999	560.8122	5	0.6875	0.6996	-0.0010	63.0739	3.5781	738.5631	363.2838	32.7093	655.2303	95.3161	737.1448	95.0305	748.3111	94.8328	756.5867	94.8328	
05/08/2017	16:27:34	019004	H421006336HLR	L421	S		711.5055	1.0233	21.3631	100.0809	39.9773	0.8230	0.8245	5.0000	21.7827	815.1193	94.7889	12.7416	24.7000	0.9300	0.9389	0.6965	-0.0007	815.0000	816.7310	1.0339	-3.5859	100.0201	40.6666	0.8230	0.8218	5.0000	-9999.0000	-9999.0000	-9999.0000	-9999.0000	-9999.0000	-9999.0000	25.2928	2	0	25.2822	1.0000	99	9	-9999.0000	43805	27788	-9999	720	708	-9999	560.5261	5	0.6876	0.6965	-0.0007	77.7802	2.3472	743.6598	367.7098	34.1811	657.4019	95.5797	741.9370	95.0964	752.6357	94.8987	758.7865	94.8328	
05/08/2017	16:28:01	019004	H421006361HLR	L421	S		710.3875	1.0233	21.0124	100.1341	40.0496	0.8230	0.8249	5.0000	20.0627	815.1295	94.6790	13.3111	24.7000	0.9300	0.9389	0.6996	-0.0009	815.0000	818.5539	1.0339	-3.6380	100.0338	40.7481	0.8230	0.8220	5.0000	-9999.0000	-9999.0000	-9999.0000	-9999.0000	-9999.0000	-9999.0000	20.6918	3	0	26.7431	1.0000	99	9	-9999.0000	43806	27789	-9999	721	709	-9999	560.0435	5	0.6878	0.6996	-0.0009	77.4771	2.2517	742.1735	362.0649	33.8516	656.7938	95.2941	741.2201	94.8767	750.1495	94.7449	758.4794	94.8548	
05/08/2017	16:28:27	019004	H421006347HLR	L421	S		710.5078	1.0233	21.0501	99.8828	40.1045	0.8230	0.8248	5.0000	20.1926	815.1132	94.5472	12.5815	24.7000	0.9300	0.9390	0.7009	-0.0011	815.0000	815.2512	1.0339	-3.5437	100.0933	40.7237	0.8230	0.8220	5.0000	-9999.0000	-9999.0000	-9999.0000	-9999.0000	-9999.0000	-9999.0000	21.0920	4	0	26.3428	1.0000	99	9	-9999.0000	43807	27790	-9999	722	710	-9999	560.4680	5	0.6877	0.7009	-0.0011	105.9618	-0.2031	737.3497	359.6986	33.1267	653.2589	95.4479	735.9226	95.0744	746.7073	94.8767	755.4076	94.8328	
05/08/2017	16:28:55	019004	H421006366HLR	L421	S		711.0334	1.0233	21.2150	100.0140	40.0330	0.8230	0.8246	5.0000	20.6916	815.0971	94.6351	12.9311	24.8000	0.9300	0.9390	0.7035	-0.0013	815.0000	814.4180	1.0339	-3.5199	100.0762	40.7029	0.8230	0.8219	5.0000	-9999.0000	-9999.0000	-9999.0000	-9999.0000	-9999.0000	-9999.0000	21.4322	5	0	27.6233	1.0000	99	9	-9999.0000	43808	27791	-9999	723	711	-9999	560.1038	5	0.6879	0.7035	-0.0013	91.5107	0.9398	732.0039	359.6818	33.7637	648.4545	95.4039	730.5528	95.0085	740.7335	94.8328	748.7949	94.8548	
05/08/2017	16:29:22	019004	H421005406HLR	L421	S		714.2606	1.0233	22.2273	99.8594	40.0007	0.8230	0.8246	5.0000	21.0219	815.0871	94.4813	11.6116	24.8000	0.9300	0.9391	0.7049	-0.0014	815.0000	818.3486	1.0339	-3.6321	100.0459	40.6801	0.8230	0.8219	5.0000	-9999.0000	-9999.0000	-9999.0000	-9999.0000	-9999.0000	-9999.0000	21.8023	6	0	26.8829	1.0000	99	9	-9999.0000	43809	27792	-9999	724	712	-9999	561.5628	5	0.6878	0.7049	-0.0014	90.2676	1.0659	743.5506	364.8410	34.7083	658.5054	95.3820	741.9981	94.8548	753.8264	94.7889	761.4135	94.8767	
05/08/2017	16:29:49	019004	H421006354HLR	L421	S		709.3282	1.0233	20.6801	100.1614	40.0707	0.8230	0.8249	5.0000	20.0823	815.1564	94.8548	12.7807	24.8000	0.9300	0.9391	0.7099	-0.0018	815.0000	817.4606	1.0339	-3.6068	100.0223	40.6666	0.8230	0.8218	5.0000	-9999.0000	-9999.0000	-9999.0000	-9999.0000	-9999.0000	-9999.0000	23.5718	7	0	27.3234	1.0000	99	9	-9999.0000	43810	27793	-9999	725	713	-9999	560.0493	5	0.6873	0.7099	-0.0018	80.7785	1.8490	732.9527	366.3220	33.9834	651.8306	95.6017	731.3555	95.0525	743.6057	94.8548	752.0183	94.8548	
05/08/2017	16:30:17	019004	H421007169HLR	L421	S		707.9806	1.0233	20.2574	100.0827	40.0512	0.8230	0.8249	5.0000	19.9016	815.1680	94.5692	12.6518	24.8000	0.9300	0.9391	0.7088	-0.0017	815.0000	815.0287	1.0339	-3.5373	100.0438	40.6666	0.8230	0.8218	5.0000	-9999.0000	-9999.0000	-9999.0000	-9999.0000	-9999.0000	-9999.0000	23.6921	8	0	28.1428	1.0000	99	9	-9999.0000	43811	27794	-9999	726	714	-9999	560.2175	5	0.6872	0.7088	-0.0017	86.5182	1.4059	731.6613	367.4135	33.5441	647.7728	95.6017	730.1987	95.1843	740.6364	94.9426	750.0543	94.8548	
05/08/2017	16:30:45	019004	H421007179HLR	L421	S		711.2578	1.0233	21.2854	99.7675	40.0560	0.8230	0.8248	5.0000	20.1321	815.0710	94.9426	13.6422	24.8000	0.9300	0.9390	0.7071	-0.0016	815.0000	815.7817	1.0339	-3.5588	100.0414	40.7047	0.8230	0.8220	5.0000	-9999.0000	-9999.0000	-9999.0000	-9999.0000	-9999.0000	-9999.0000	20.9827	1	0	27.5538	1.0000	99	9	-9999.0000	43812	27795	-9999	727	715	-9999	558.8585	5	0.6872	0.7071	-0.0016	88.9931	1.2114	730.6667	361.8209	34.7303	651.7190	95.6676	729.5127	95.1403	740.4831	94.8548	749.7724	94.8108	
