Data	Timp	Nr. masina	Nr. de serie	Tip	Productie	Comentariu	Pre-masurare Q [ml/min]	Pre-masurare Gain	Pre-masurare Offset Master	Pre-masurare P [bar]	Pre-masurare T [°C]	Pre-masurare Densitate fixa [kg/l]	Pre-masurare densitate masurata [kg/l]	Pre-masurare Timp masurare [s]	Pre-masurare Cycle time [s]	rectificare Q Oprire [ml/min]	rectificare P Oprire [bar]	rectificare Timp rectificare [s]	rectificare T [°C]	rectificare Densitate fixa [kg/l]	rectificare densitate masurata [kg/l]	rectificare Factor de masurare la rectificare	rectificare Factor de corectie a debitului	rectificare Target rectificare	Masurare Q [ml/min]	Masurare Gain	Masurare Offset Master	Masurare P [bar]	Masurare T [°C]	Masurare Densitate fixa [kg/l]	Masurare densitate masurata [kg/l]	Masurare Timp masurare [s]	Masurare Q [ml/min]	Masurare Delta Q [ml/min]	Masurare P [bar]	Masurare BP [bar]	Masurare T [°C]	Masurare Timp masurare [s]	Masurare Cycle time [s]	Nest Nr.	Cod de descarcare	Cycle time [s]	Traceability aktiv	EDM Maschine Nr	EDM Spindle Nr	Honing Rate [r	Station Counter Premeasure	Station Counter Grind	Station Counter Blowout 1	Station Counter Wash	Station Counter Measure	Station Counter Blowout 2	RealGrindQStop	Reg Type	Factor 0	Factor 1	Factor 2	Factor 3	Factor 4	G_StartQV	G_StartQV_1	G_StartQV_2	G_StartQV_3	G_StartQV_4	G_StartQV_5	
06/08/2017	00:00:10	019004	H421009466HLR	L421	S		716.3990	1.0233	22.8981	99.9269	40.0379	0.8230	0.8247	5.0000	20.1526	815.1173	94.5253	11.6908	24.8000	0.9300	0.9385	0.6958	-0.0007	815.0000	816.0092	1.0339	-2.5368	100.0288	40.2564	0.8230	0.8218	5.0000	-9999.0000	-9999.0000	-9999.0000	-9999.0000	-9999.0000	-9999.0000	23.9430	6	0	27.2431	1.0000	99	9	-9999.0000	44687	28697	-9999	1610	1571	-9999	560.5047	5	0.6875	0.6958	-0.0007	34.0648	5.7401	749.8135	370.7246	34.8401	663.4418	95.4259	748.2979	94.9866	758.7834	94.8328	766.6544	94.9207	
06/08/2017	00:00:39	019004	H421009467HLR	L421	S		716.7472	1.0233	23.0073	99.9816	40.0017	0.8230	0.8246	5.0000	20.6321	815.1082	94.5692	11.6410	24.8000	0.9300	0.9384	0.6976	-0.0008	815.0000	816.2615	1.0339	-2.5440	100.0334	40.2564	0.8230	0.8218	5.0000	-9999.0000	-9999.0000	-9999.0000	-9999.0000	-9999.0000	-9999.0000	23.9020	7	0	28.4427	1.0000	99	9	-9999.0000	44688	28698	-9999	1611	1572	-9999	560.8222	5	0.6877	0.6976	-0.0008	36.6955	5.5586	749.5385	352.7021	34.7303	663.8514	95.2721	747.9847	94.8108	757.5697	94.7230	765.5570	94.8987	
06/08/2017	00:01:06	019004	H421009457HLR	L421	S		716.7507	1.0233	23.0084	100.0536	39.9690	0.8230	0.8245	5.0000	21.2015	815.1375	94.6571	11.9515	24.8000	0.9300	0.9384	0.6976	-0.0008	815.0000	816.8022	1.0339	-2.5594	99.9841	40.2830	0.8230	0.8218	5.0000	-9999.0000	-9999.0000	-9999.0000	-9999.0000	-9999.0000	-9999.0000	24.6824	8	0	27.1534	1.0000	99	9	-9999.0000	44689	28699	-9999	1612	1573	-9999	560.8830	5	0.6882	0.6976	-0.0008	36.2414	5.6334	747.1823	358.8968	32.7093	662.1261	95.0305	745.8262	94.8108	756.1180	94.7010	763.7503	94.8767	
06/08/2017	00:01:35	019004	H421009453HLR	L421	S		715.8902	1.0233	22.7385	99.9428	39.9798	0.8230	0.8245	5.0000	20.9319	815.1639	94.5472	11.0618	24.8000	0.9300	0.9385	0.7002	-0.0010	815.0000	814.1095	1.0339	-2.4826	100.0298	40.3317	0.8230	0.8218	5.0000	-9999.0000	-9999.0000	-9999.0000	-9999.0000	-9999.0000	-9999.0000	23.8924	1	0	29.1537	1.0000	99	9	-9999.0000	44690	28700	-9999	1613	1574	-9999	561.5383	5	0.6884	0.7002	-0.0010	38.6582	5.4183	747.7380	361.3517	33.8516	659.0588	95.3380	746.3613	95.0525	757.1219	94.8767	765.2967	94.8548	
06/08/2017	00:02:02	019004	H421009484HLR	L421	S		711.4643	1.0233	21.3501	99.9518	40.0357	0.8230	0.8248	5.0000	20.0130	815.0871	94.7010	12.1312	24.8000	0.9300	0.9384	0.7010	-0.0011	815.0000	814.1642	1.0339	-2.4841	100.0032	40.3589	0.8230	0.8218	5.0000	-9999.0000	-9999.0000	-9999.0000	-9999.0000	-9999.0000	-9999.0000	25.4931	2	0	26.5322	1.0000	99	9	-9999.0000	44691	28701	-9999	1614	1575	-9999	560.5219	5	0.6883	0.7010	-0.0011	43.2265	5.0239	740.3250	336.0421	33.1267	653.9770	95.2502	739.0462	94.9646	749.1297	94.8108	757.4082	94.8328	
06/08/2017	00:02:28	019004	H421009454HLR	L421	S		712.5950	1.0233	21.7048	99.9643	40.0357	0.8230	0.8247	5.0000	20.2120	815.0882	94.5253	11.6712	24.8000	0.9300	0.9383	0.7023	-0.0012	815.0000	813.4608	1.0339	-2.4641	99.9932	40.3589	0.8230	0.8218	5.0000	-9999.0000	-9999.0000	-9999.0000	-9999.0000	-9999.0000	-9999.0000	23.2623	3	0	26.0732	1.0000	99	9	-9999.0000	44692	28702	-9999	1615	1576	-9999	560.9235	5	0.6882	0.7023	-0.0012	46.9632	4.7067	738.4373	359.6211	33.1486	653.7441	95.2941	736.6624	95.0525	747.2021	94.8767	757.2745	94.8548	
06/08/2017	00:02:53	019004	H421009451HLR	L421	S		712.8570	1.0233	21.7870	99.9651	39.9970	0.8230	0.8248	5.0000	19.8519	815.1602	94.8108	12.6909	24.7000	0.9300	0.9383	0.7072	-0.0017	815.0000	814.2435	1.0339	-2.4864	100.0637	40.3712	0.8230	0.8220	5.0000	-9999.0000	-9999.0000	-9999.0000	-9999.0000	-9999.0000	-9999.0000	21.1020	4	0	25.0334	1.0000	99	9	-9999.0000	44693	28703	-9999	1616	1577	-9999	559.3963	5	0.6883	0.7072	-0.0017	46.1907	4.7559	731.3387	361.3469	32.7752	647.8948	95.3820	729.7407	95.1184	741.0955	94.8767	748.8344	94.8548	
06/08/2017	00:03:19	019004	H421009461HLR	L421	S		710.3949	1.0233	21.0147	99.9714	40.0027	0.8230	0.8247	5.0000	20.2522	815.1021	94.5912	12.9917	24.7000	0.9300	0.9383	0.7241	-0.0031	815.0000	814.8027	1.0339	-2.5024	100.0240	40.3675	0.8230	0.8219	5.0000	-9999.0000	-9999.0000	-9999.0000	-9999.0000	-9999.0000	-9999.0000	21.4525	5	0	26.9127	1.0000	99	9	-9999.0000	44694	28704	-9999	1617	1578	-9999	557.0517	5	0.6883	0.7241	-0.0031	61.5023	3.4250	720.3888	342.4247	34.4667	638.3616	95.5358	718.8673	95.1403	728.0933	94.9646	736.7882	94.9207	
06/08/2017	00:03:46	019004	H421007804HLR	L421	S		714.1318	1.0233	22.1869	99.9846	40.0101	0.8230	0.8248	5.0000	19.9234	815.1179	94.4813	11.8617	24.7000	0.9300	0.9383	0.7108	-0.0020	815.0000	815.5752	1.0339	-2.5244	100.0977	40.3782	0.8230	0.8220	5.0000	-9999.0000	-9999.0000	-9999.0000	-9999.0000	-9999.0000	-9999.0000	21.1526	6	0	26.0625	1.0000	99	9	-9999.0000	44695	28705	-9999	1618	1579	-9999	560.5655	5	0.6881	0.7108	-0.0020	56.2846	3.8568	737.7080	359.1018	35.2795	656.2017	95.6456	735.8130	95.1184	747.6517	94.9207	755.9442	94.8987	
06/08/2017	00:04:13	019004	H421007783HLR	L421	S		709.2079	1.0233	20.6424	99.9738	40.0156	0.8230	0.8248	5.0000	20.1128	815.1119	94.5472	12.0209	24.7000	0.9300	0.9383	0.7094	-0.0018	815.0000	814.7668	1.0339	-2.5013	100.0241	40.3589	0.8230	0.8219	5.0000	-9999.0000	-9999.0000	-9999.0000	-9999.0000	-9999.0000	-9999.0000	22.6625	7	0	27.0226	1.0000	99	9	-9999.0000	44696	28706	-9999	1619	1580	-9999	560.5435	5	0.6883	0.7094	-0.0018	56.6490	3.7658	734.0432	359.7185	35.5650	652.4269	95.4918	732.2597	94.9646	743.7227	94.8328	752.8552	94.8548	
06/08/2017	00:04:40	019004	H421007771HLR	L421	S		709.1340	1.0233	20.6192	100.0091	39.9683	0.8230	0.8244	5.0000	21.6517	815.1614	94.5253	11.4319	24.7000	0.9300	0.9383	0.7073	-0.0016	815.0000	814.3302	1.0339	-2.4889	100.0653	40.4013	0.8230	0.8220	5.0000	-9999.0000	-9999.0000	-9999.0000	-9999.0000	-9999.0000	-9999.0000	20.6526	8	0	27.3332	1.0000	99	9	-9999.0000	44697	28707	-9999	1620	1581	-9999	561.5139	5	0.6882	0.7073	-0.0016	76.5673	1.9630	738.4233	380.8996	36.2680	666.4726	95.4259	736.6036	94.8548	748.3243	94.7449	757.8857	94.8767	
06/08/2017	00:05:06	019004	H421007782HLR	L421	S		708.5732	1.0233	20.4433	99.9751	40.0085	0.8230	0.8248	5.0000	20.0132	815.0969	94.8548	12.8813	24.7000	0.9300	0.9383	0.7149	-0.0023	815.0000	814.6216	1.0339	-2.4972	99.9886	40.3812	0.8230	0.8219	5.0000	-9999.0000	-9999.0000	-9999.0000	-9999.0000	-9999.0000	-9999.0000	21.6414	1	0	26.4531	1.0000	99	9	-9999.0000	44698	28708	-9999	1621	1582	-9999	558.7770	5	0.6875	0.7149	-0.0023	66.9601	2.8549	725.9485	369.6517	36.6195	657.4130	95.6456	724.3984	95.0964	734.7890	94.8767	742.4359	94.8548	
06/08/2017	00:05:33	019004	H421009102HLR	L421	S		702.3510	1.0233	18.4915	99.8245	40.0414	0.8230	0.8248	5.0000	20.0920	815.2050	94.5472	12.4809	24.7000	0.9300	0.9384	0.7147	-0.0023	815.0000	814.3994	1.0339	-2.4909	100.0835	40.3731	0.8230	0.8219	5.0000	-9999.0000	-9999.0000	-9999.0000	-9999.0000	-9999.0000	-9999.0000	21.5619	2	0	26.5929	1.0000	99	9	-9999.0000	44699	28709	-9999	1622	1583	-9999	559.5937	5	0.6874	0.7147	-0.0023	65.8225	2.9420	726.0799	363.2130	33.9395	643.7572	95.4698	724.3504	95.1623	736.4224	94.9207	746.5095	94.8767	
06/08/2017	00:05:59	019004	H421009793HLR	L421	S		703.3491	1.0233	18.8046	99.9380	40.0439	0.8230	0.8248	5.0000	19.9719	815.2148	94.7669	13.0718	24.7000	0.9300	0.9384	0.7155	-0.0023	815.0000	814.3795	1.0339	-2.4903	100.0696	40.3778	0.8230	0.8219	5.0000	-9999.0000	-9999.0000	-9999.0000	-9999.0000	-9999.0000	-9999.0000	20.9623	3	0	25.9628	1.0000	99	9	-9999.0000	44700	28710	-9999	1623	1584	-9999	558.4383	5	0.6874	0.7155	-0.0023	66.7996	2.8583	725.9697	358.3156	35.1696	642.2389	95.7115	724.3075	95.2502	736.4028	94.8987	746.0774	94.8767	
06/08/2017	00:06:26	019004	H421009113HLR	L421	S		702.4916	1.0233	18.5356	100.0561	39.9964	0.8230	0.8247	5.0000	20.2425	815.1071	94.7889	13.6910	24.7000	0.9300	0.9384	0.7189	-0.0026	815.0000	815.5306	1.0339	-2.5231	100.0594	40.3733	0.8230	0.8219	5.0000	-9999.0000	-9999.0000	-9999.0000	-9999.0000	-9999.0000	-9999.0000	21.1518	4	0	27.4036	1.0000	99	9	-9999.0000	44701	28711	-9999	1624	1585	-9999	556.9368	5	0.6877	0.7189	-0.0026	76.4016	2.1180	718.6839	356.1811	34.8182	639.4168	95.5797	716.8904	95.1623	729.5018	94.9207	739.3293	94.8987	
06/08/2017	00:06:53	019004	H421009111HLR	L421	S		709.9685	1.0233	20.8810	99.9807	39.9974	0.8230	0.8248	5.0000	20.2024	815.1250	94.5912	12.5112	24.7000	0.9300	0.9383	0.7185	-0.0026	815.0000	814.7614	1.0339	-2.5012	99.9969	40.3589	0.8230	0.8218	5.0000	-9999.0000	-9999.0000	-9999.0000	-9999.0000	-9999.0000	-9999.0000	24.1227	5	0	26.6933	1.0000	99	9	-9999.0000	44702	28712	-9999	1625	1586	-9999	559.6755	5	0.6876	0.7185	-0.0026	74.9757	2.2816	724.5606	347.0454	33.1706	639.3087	95.4918	722.8669	95.0964	735.6628	94.8767	744.1708	94.8767	
06/08/2017	00:07:21	019004	H421005890HLR	L421	S		701.6093	1.0233	18.2589	100.0823	40.0269	0.8230	0.8248	5.0000	20.0617	815.1297	94.7669	13.0220	24.7000	0.9300	0.9383	0.7173	-0.0024	815.0000	815.8006	1.0339	-2.5308	100.0495	40.3704	0.8230	0.8220	5.0000	-9999.0000	-9999.0000	-9999.0000	-9999.0000	-9999.0000	-9999.0000	20.8619	6	0	27.7130	1.0000	99	9	-9999.0000	44702	28713	-9999	1626	1586	-9999	558.9088	5	0.6876	0.7173	-0.0024	72.6005	2.5358	720.3398	350.7379	34.0932	634.3114	95.6895	718.4379	95.2282	730.8219	94.9207	739.7647	94.8767	
06/08/2017	00:07:48	019004	H421004742HLR	L421	S		703.2171	1.0233	18.7632	99.9922	39.9933	0.8230	0.8244	5.0000	21.5218	815.1260	94.5912	12.0209	24.8000	0.9300	0.9385	0.7167	-0.0024	815.0000	814.0900	1.0339	-2.4820	100.0447	40.3589	0.8230	0.8218	5.0000	-9999.0000	-9999.0000	-9999.0000	-9999.0000	-9999.0000	-9999.0000	24.1126	7	0	27.0929	1.0000	99	9	-9999.0000	44703	28714	-9999	1627	1587	-9999	561.1153	5	0.6872	0.7167	-0.0024	70.8893	2.7512	726.5059	358.2730	33.7418	640.7621	95.4259	724.8848	95.0085	737.7901	94.8328	747.5472	94.8987	
06/08/2017	00:08:14	019004	H421009921HLR	L421	S		705.5020	1.0233	19.4799	99.9348	40.0140	0.8230	0.8248	5.0000	20.1419	815.1533	94.6351	12.4916	24.8000	0.9300	0.9385	0.7218	-0.0028	815.0000	814.3078	1.0339	-2.4882	100.0645	40.3589	0.8230	0.8220	5.0000	-9999.0000	-9999.0000	-9999.0000	-9999.0000	-9999.0000	-9999.0000	20.8919	8	0	26.1925	1.0000	99	9	-9999.0000	44704	28715	-9999	1628	1588	-9999	559.8950	5	0.6867	0.7218	-0.0028	57.5967	3.8855	720.6899	342.4529	33.8736	633.3766	95.4918	718.8766	95.0085	730.9899	94.8328	740.2513	94.8987	
06/08/2017	00:08:41	019004	H421009004HLR	L421	S		703.8469	1.0233	18.9607	100.0008	40.0279	0.8230	0.8247	5.0000	20.2219	815.1258	94.6790	12.7319	24.8000	0.9300	0.9385	0.7158	-0.0023	815.0000	814.8860	1.0339	-2.5047	100.0155	40.3557	0.8230	0.8218	5.0000	-9999.0000	-9999.0000	-9999.0000	-9999.0000	-9999.0000	-9999.0000	22.6821	1	0	27.1632	1.0000	99	9	-9999.0000	44704	28716	-9999	1629	1589	-9999	559.6966	5	0.6864	0.7158	-0.0023	63.9294	3.3867	723.9817	357.2751	32.7093	637.9233	95.4259	722.1367	95.1623	734.5104	94.9207	743.7184	94.8987	
06/08/2017	00:09:08	019004	H421009014HLR	L421	S		697.9342	1.0233	17.1061	100.0203	40.0154	0.8230	0.8248	5.0000	19.9918	815.1152	94.8987	14.0416	24.8000	0.9300	0.9385	0.7206	-0.0027	815.0000	814.8920	1.0339	-2.5049	100.0188	40.3589	0.8230	0.8218	5.0000	-9999.0000	-9999.0000	-9999.0000	-9999.0000	-9999.0000	-9999.0000	23.5622	2	0	26.5928	1.0000	99	9	-9999.0000	44705	28717	-9999	1629	1590	-9999	556.3730	5	0.6862	0.7206	-0.0027	55.6066	4.1401	715.6820	348.3494	34.2470	629.9435	95.5138	713.8834	95.1184	727.2273	94.8767	737.5299	94.8987	
06/08/2017	00:09:36	019004	H421005447HLR	L421	S		701.5888	1.0233	18.2525	100.0095	39.9845	0.8230	0.8246	5.0000	20.8919	815.0976	94.6351	13.1919	24.8000	0.9300	0.9385	0.7216	-0.0028	815.0000	812.5681	1.0339	-2.4386	100.0121	40.3589	0.8230	0.8218	5.0000	-9999.0000	-9999.0000	-9999.0000	-9999.0000	-9999.0000	-9999.0000	23.3521	3	0	28.1234	1.0000	99	9	-9999.0000	44706	28718	-9999	1630	1591	-9999	558.3576	5	0.6868	0.7216	-0.0028	57.3412	4.0860	718.2359	348.6389	35.1696	634.0394	95.7335	716.4564	95.3161	729.8373	95.0085	737.7480	94.8987	
06/08/2017	00:10:02	019004	H421008991HLR	L421	S		707.4526	1.0233	20.0918	99.9152	39.9921	0.8230	0.8245	5.0000	21.1323	815.1467	94.5692	12.6215	24.8000	0.9300	0.9384	0.7244	-0.0030	815.0000	815.4644	1.0339	-2.5212	100.0263	40.3589	0.8230	0.8218	5.0000	-9999.0000	-9999.0000	-9999.0000	-9999.0000	-9999.0000	-9999.0000	24.5125	4	0	26.5733	1.0000	99	9	-9999.0000	44707	28719	-9999	1631	1592	-9999	559.8063	5	0.6868	0.7244	-0.0030	67.6072	3.3084	721.0549	351.4718	35.4113	639.3951	95.7554	719.5993	95.2941	730.6636	94.9646	739.4899	94.8767	
06/08/2017	00:10:30	019004	H421008981HLR	L421	S		702.8627	1.0233	18.6520	99.8926	40.0130	0.8230	0.8247	5.0000	20.2326	815.1835	94.6131	12.9917	24.8000	0.9300	0.9384	0.7265	-0.0031	815.0000	813.8334	1.0339	-2.4747	100.0266	40.3589	0.8230	0.8220	5.0000	-9999.0000	-9999.0000	-9999.0000	-9999.0000	-9999.0000	-9999.0000	20.5424	5	0	27.4727	1.0000	99	9	-9999.0000	44708	28720	-9999	1631	1593	-9999	559.0042	5	0.6867	0.7265	-0.0031	71.6342	3.0213	714.0167	354.2032	35.8506	635.0595	95.6017	712.3269	95.0525	724.1553	94.8328	734.3637	94.8987	
06/08/2017	00:10:56	019004	H421009046HLR	L421	S		701.5253	1.0233	18.2325	99.8389	40.0121	0.8230	0.8247	5.0000	20.3117	815.1835	94.5692	12.7719	24.8000	0.9300	0.9383	0.7287	-0.0033	815.0000	814.8585	1.0339	-2.5040	100.0251	40.3458	0.8230	0.8218	5.0000	-9999.0000	-9999.0000	-9999.0000	-9999.0000	-9999.0000	-9999.0000	23.8825	6	0	25.9726	1.0000	99	9	-9999.0000	44709	28721	-9999	1632	1594	-9999	559.6758	5	0.6860	0.7287	-0.0033	64.4194	3.6097	715.6332	350.9204	33.8955	633.3679	95.4918	713.7278	95.0744	724.0373	94.8987	734.1698	94.8767	
06/08/2017	00:11:23	019004	H421009033HLR	L421	S		700.8927	1.0233	18.0341	100.1658	40.0175	0.8230	0.8248	5.0000	20.1017	815.1463	94.6790	13.2114	24.7000	0.9300	0.9383	0.7279	-0.0032	815.0000	815.6990	1.0339	-2.5279	100.0784	40.3589	0.8230	0.8219	5.0000	-9999.0000	-9999.0000	-9999.0000	-9999.0000	-9999.0000	-9999.0000	21.2816	7	0	27.4435	1.0000	99	9	-9999.0000	44710	28722	-9999	1633	1595	-9999	558.5232	5	0.6861	0.7279	-0.0032	69.0676	3.2853	713.4584	348.2317	34.1811	630.3983	95.4259	711.5754	94.9646	724.1169	94.8108	734.5467	94.8987	
06/08/2017	00:11:50	019004	H421009011HLR	L421	S		700.5033	1.0233	17.9120	99.9099	40.0062	0.8230	0.8248	5.0000	20.1417	815.1856	94.5692	12.9516	24.7000	0.9300	0.9383	0.7276	-0.0032	815.0000	815.7590	1.0339	-2.5297	100.0768	40.3589	0.8230	0.8220	5.0000	-9999.0000	-9999.0000	-9999.0000	-9999.0000	-9999.0000	-9999.0000	20.6126	8	0	26.5625	1.0000	99	9	-9999.0000	44711	28723	-9999	1634	1596	-9999	559.2736	5	0.6861	0.7276	-0.0032	56.5672	4.2029	715.7296	355.7204	36.5975	642.6617	95.5797	713.9561	94.9866	726.8282	94.8328	735.9952	94.9207	
06/08/2017	00:12:17	019004	H421009040HLR	L421	S		696.9272	1.0233	16.7902	100.0436	40.0070	0.8230	0.8248	5.0000	20.1624	815.1216	94.7230	13.1919	24.7000	0.9300	0.9383	0.7268	-0.0031	815.0000	814.5100	1.0339	-2.4940	100.0423	40.3589	0.8230	0.8219	5.0000	-9999.0000	-9999.0000	-9999.0000	-9999.0000	-9999.0000	-9999.0000	21.4633	1	0	27.2032	1.0000	99	9	-9999.0000	44712	28724	-9999	1635	1597	-9999	558.7130	5	0.6862	0.7268	-0.0031	56.6459	4.2002	714.7512	373.7933	35.9605	642.6632	95.8213	713.0785	95.2062	725.2577	94.9207	735.3900	94.8548	
06/08/2017	00:12:44	019004	H421009020HLR	L421	S		703.1460	1.0233	18.7409	100.0914	40.0035	0.8230	0.8248	5.0000	20.1429	815.1995	94.5692	12.3412	24.7000	0.9300	0.9383	0.7237	-0.0029	815.0000	814.3606	1.0339	-2.4897	100.0150	40.2824	0.8230	0.8218	5.0000	-9999.0000	-9999.0000	-9999.0000	-9999.0000	-9999.0000	-9999.0000	23.5621	2	0	27.0830	1.0000	99	9	-9999.0000	44713	28725	-9999	1636	1598	-9999	560.9506	5	0.6866	0.7237	-0.0029	55.4801	4.3291	719.5762	357.7590	34.6864	640.0252	95.4698	717.5580	95.0305	730.8668	94.8548	740.9319	94.8767	
06/08/2017	00:13:12	019004	H421009038HLR	L421	S		706.0606	1.0233	19.6551	100.2028	40.0109	0.8230	0.8248	5.0000	20.1614	815.1599	94.7889	13.5113	24.7000	0.9300	0.9384	0.7264	-0.0031	815.0000	818.1405	1.0339	-2.5976	100.0499	40.3454	0.8230	0.8219	5.0000	-9999.0000	-9999.0000	-9999.0000	-9999.0000	-9999.0000	-9999.0000	21.9330	3	0	27.9631	1.0000	99	9	-9999.0000	44714	28726	-9999	1637	1599	-9999	558.0164	5	0.6864	0.7264	-0.0031	61.8400	3.8868	719.1491	353.3247	35.2795	639.1007	95.5358	717.5480	94.9646	729.8995	94.8108	740.8108	94.8767	
06/08/2017	00:13:38	019004	H421009018HLR	L421	S		701.3995	1.0233	18.1931	100.0101	40.0013	0.8230	0.8248	5.0000	20.1321	815.1486	94.6351	12.9614	24.7000	0.9300	0.9384	0.7262	-0.0031	815.0000	815.2960	1.0339	-2.5164	100.0114	40.2940	0.8230	0.8218	5.0000	-9999.0000	-9999.0000	-9999.0000	-9999.0000	-9999.0000	-9999.0000	23.4118	4	0	25.8329	1.0000	99	9	-9999.0000	44715	28727	-9999	1638	1600	-9999	559.3909	5	0.6864	0.7262	-0.0031	62.6794	3.8313	716.1333	369.1390	36.7952	640.7257	95.6895	714.3751	95.1184	726.4288	94.9207	735.7033	94.8987	
06/08/2017	00:14:05	019004	H421009258HLR	L421	S		709.7074	1.0233	20.7990	99.9970	40.0154	0.8230	0.8248	5.0000	19.9632	815.1333	94.5692	12.3813	24.7000	0.9300	0.9384	0.7230	-0.0028	815.0000	815.2371	1.0339	-2.5148	100.0556	40.3413	0.8230	0.8219	5.0000	-9999.0000	-9999.0000	-9999.0000	-9999.0000	-9999.0000	-9999.0000	21.1322	5	0	27.5333	1.0000	99	9	-9999.0000	44716	28728	-9999	1639	1601	-9999	560.8138	5	0.6861	0.7230	-0.0028	42.1596	5.4208	723.4323	351.9249	33.9834	643.3869	95.7335	721.8089	95.2941	733.9767	94.9866	742.4826	94.8987	
06/08/2017	00:14:34	019004	H421009016HLR	L421	S		701.2046	1.0233	18.1319	100.0031	39.9988	0.8230	0.8248	5.0000	20.1419	815.1339	94.7889	13.5318	24.7000	0.9300	0.9384	0.7269	-0.0031	815.0000	814.8354	1.0339	-2.5033	100.0922	40.3168	0.8230	0.8219	5.0000	-9999.0000	-9999.0000	-9999.0000	-9999.0000	-9999.0000	-9999.0000	21.2818	6	0	28.1830	1.0000	99	9	-9999.0000	44717	28729	-9999	1640	1602	-9999	558.0660	5	0.6862	0.7269	-0.0031	57.4117	4.2767	716.0638	348.9823	34.9939	633.0079	95.6676	714.3424	95.1623	725.0666	94.9646	733.2582	94.9207	
06/08/2017	00:15:00	019004	H421008977HLR	L421	S		698.5657	1.0233	17.3042	99.9769	39.9927	0.8230	0.8248	5.0000	19.9523	815.1291	94.8108	14.0221	24.8000	0.9300	0.9385	0.7317	-0.0035	815.0000	813.5887	1.0339	-2.4677	99.9944	40.2564	0.8230	0.8218	5.0000	-9999.0000	-9999.0000	-9999.0000	-9999.0000	-9999.0000	-9999.0000	24.9430	7	0	26.1631	1.0000	99	9	-9999.0000	44718	28730	-9999	1640	1603	-9999	556.4445	5	0.6857	0.7317	-0.0035	66.2860	3.5821	704.8793	345.3883	34.8182	623.4379	95.6017	703.3357	95.2282	716.2641	94.9426	726.3227	94.8987	
06/08/2017	00:15:27	019004	H421009224HLR	L421	S		708.2354	1.0233	20.3373	99.9922	39.9646	0.8230	0.8244	5.0000	21.9224	815.1428	94.5472	12.2817	24.9000	0.9300	0.9386	0.7387	-0.0041	815.0000	816.4457	1.0339	-2.5492	100.0145	40.2768	0.8230	0.8219	5.0000	-9999.0000	-9999.0000	-9999.0000	-9999.0000	-9999.0000	-9999.0000	22.5620	8	0	26.8526	1.0000	99	9	-9999.0000	44719	28731	-9999	1641	1604	-9999	561.6760	5	0.6861	0.7387	-0.0041	72.3803	3.1195	711.6979	343.7174	34.8621	628.7959	95.5797	709.8702	95.0744	723.4655	94.8548	734.8273	94.8767	
06/08/2017	00:15:53	019004	H421009223HLR	L421	S		701.1062	1.0233	18.1011	100.0455	39.9941	0.8230	0.8247	5.0000	20.2015	815.2180	94.9426	13.5816	24.7000	0.9300	0.9384	0.7370	-0.0039	815.0000	815.8784	1.0339	-2.5331	100.0748	40.3045	0.8230	0.8219	5.0000	-9999.0000	-9999.0000	-9999.0000	-9999.0000	-9999.0000	-9999.0000	21.4427	1	0	26.1131	1.0000	99	9	-9999.0000	44720	28732	-9999	1642	1605	-9999	557.3429	5	0.6862	0.7370	-0.0039	31.6211	6.2630	708.9427	346.9717	33.1267	625.2806	95.5358	707.4348	95.1403	719.3519	94.8987	729.5405	94.8767	
06/08/2017	00:16:20	019004	H421009222HLR	L421	S		703.6402	1.0233	18.8959	100.2800	39.9972	0.8230	0.8247	5.0000	20.4827	815.2257	94.6571	13.0112	24.8000	0.9300	0.9384	0.7337	-0.0037	815.0000	815.8072	1.0339	-2.5310	100.0457	40.2891	0.8230	0.8218	5.0000	-9999.0000	-9999.0000	-9999.0000	-9999.0000	-9999.0000	-9999.0000	22.0621	2	0	26.9932	1.0000	99	9	-9999.0000	44721	28733	-9999	1643	1606	-9999	559.3620	5	0.6860	0.7337	-0.0037	61.7093	3.9484	710.7161	348.4624	34.0713	626.2163	95.4698	709.0815	95.1184	721.4032	94.8987	731.7371	94.8767	
06/08/2017	00:16:47	019004	H421009249HLR	L421	S		712.1719	1.0233	21.5721	99.8659	39.9982	0.8230	0.8247	5.0000	20.2826	815.1808	94.5472	11.6019	24.8000	0.9300	0.9384	0.7238	-0.0029	815.0000	816.4157	1.0339	-2.5484	100.0742	40.3114	0.8230	0.8220	5.0000	-9999.0000	-9999.0000	-9999.0000	-9999.0000	-9999.0000	-9999.0000	20.7923	3	0	27.6332	1.0000	99	9	-9999.0000	44722	28734	-9999	1644	1607	-9999	562.7467	5	0.6857	0.7238	-0.0029	95.5420	1.4038	725.0741	350.2723	34.7303	642.2118	95.4918	723.3321	94.9866	736.4121	94.8108	747.2814	94.8767	
06/08/2017	00:17:15	019004	H421009221HLR	L421	S		707.0224	1.0233	19.9569	100.0006	39.9978	0.8230	0.8248	5.0000	19.9511	815.1938	94.8767	13.1812	24.7000	0.9300	0.9384	0.7225	-0.0028	815.0000	815.6077	1.0339	-2.5253	99.9968	40.2564	0.8230	0.8218	5.0000	-9999.0000	-9999.0000	-9999.0000	-9999.0000	-9999.0000	-9999.0000	24.0027	4	0	27.3027	1.0000	99	9	-9999.0000	44723	28735	-9999	1645	1608	-9999	559.0061	5	0.6858	0.7225	-0.0028	61.8113	3.9098	719.7711	351.8759	33.6539	636.1108	95.4039	717.9892	94.9426	730.2113	94.8108	738.8214	94.8987	
06/08/2017	00:20:52	019004	H421009245HLR	L421	S		704.5822	1.0233	19.1914	99.9396	39.9569	0.8230	0.8244	5.0000	21.5325	815.1813	94.5912	12.1713	24.8000	0.9300	0.9384	0.7262	-0.0031	815.0000	816.2611	1.0339	-2.5440	100.0722	40.2934	0.8230	0.8219	5.0000	-9999.0000	-9999.0000	-9999.0000	-9999.0000	-9999.0000	-9999.0000	21.7230	5	0	216.8641	1.0000	99	9	-9999.0000	44724	28736	-9999	1645	1609	-9999	561.4277	5	0.6857	0.7262	-0.0031	62.9829	3.8066	721.8403	351.3294	35.0378	634.5091	95.4698	720.0571	95.0305	733.0864	94.8767	741.9477	94.9207	
06/08/2017	00:21:18	019004	H421009237HLR	L421	S		705.4125	1.0233	19.4519	99.9194	40.0056	0.8230	0.8248	5.0000	20.0119	815.1376	94.9207	13.3716	24.7000	0.9300	0.9384	0.7225	-0.0028	815.0000	819.2919	1.0339	-2.6305	99.9850	40.2564	0.8230	0.8218	5.0000	-9999.0000	-9999.0000	-9999.0000	-9999.0000	-9999.0000	-9999.0000	24.8629	6	0	25.9531	1.0000	99	9	-9999.0000	44725	28737	-9999	1646	1610	-9999	558.5931	5	0.6857	0.7225	-0.0028	62.5654	3.8079	721.2698	349.9233	34.3349	635.1554	95.7115	719.6046	95.2062	731.3878	94.9207	740.9206	94.8767	
06/08/2017	00:21:45	019004	H421009235HLR	L421	S		708.4602	1.0233	20.4078	100.2063	40.0267	0.8230	0.8248	5.0000	20.0521	815.1672	94.6571	11.5111	24.8000	0.9300	0.9384	0.7236	-0.0029	815.0000	816.6088	1.0339	-2.5539	100.0368	39.8295	0.8230	0.8220	5.0000	-9999.0000	-9999.0000	-9999.0000	-9999.0000	-9999.0000	-9999.0000	22.0122	7	0	27.2031	1.0000	99	9	-9999.0000	44726	28738	-9999	1647	1611	-9999	562.7163	5	0.6860	0.7236	-0.0029	53.9827	4.4190	727.1561	350.0883	33.0388	641.1021	95.4479	725.7193	95.1623	737.8714	94.9207	747.9024	94.8767	
06/08/2017	00:22:12	019004	H421009219HLR	L421	S		703.2855	1.0233	18.7847	100.0210	39.9704	0.8230	0.8243	5.0000	22.0629	815.1413	94.9426	13.7623	24.7000	0.9300	0.9384	0.7170	-0.0024	815.0000	816.1767	1.0339	-2.5416	100.0440	39.9432	0.8230	0.8224	5.0000	-9999.0000	-9999.0000	-9999.0000	-9999.0000	-9999.0000	-9999.0000	20.8119	8	0	27.2726	1.0000	99	9	-9999.0000	44727	28739	-9999	1648	1612	-9999	557.8632	5	0.6856	0.7170	-0.0024	49.9316	4.6827	721.7369	353.9475	34.8621	638.8423	95.4918	720.6743	94.9207	730.8526	94.8108	740.7599	94.8987	
06/08/2017	00:22:39	019004	H421009277HLR	L421	S		711.6742	1.0233	21.4160	100.1028	39.9716	0.8230	0.8247	5.0000	20.3029	815.1180	94.6571	11.5716	24.7000	0.9300	0.9384	0.7162	-0.0023	815.0000	816.6500	1.0339	-2.5551	99.9859	40.0512	0.8230	0.8220	5.0000	-9999.0000	-9999.0000	-9999.0000	-9999.0000	-9999.0000	-9999.0000	24.0230	1	0	27.0030	1.0000	99	9	-9999.0000	44728	28740	-9999	1649	1613	-9999	562.0310	5	0.6862	0.7162	-0.0023	52.7222	4.5028	733.1468	352.3105	33.0827	646.2611	95.4039	731.4788	95.0525	744.2010	94.8767	753.0482	94.8767	
06/08/2017	00:23:05	019004	H421009215HLR	L421	S		705.8361	1.0233	19.5847	100.0443	40.0265	0.8230	0.8248	5.0000	20.0616	815.1447	94.7230	12.2914	24.4000	0.9300	0.9373	0.7176	-0.0024	815.0000	818.3175	1.0339	-2.6027	100.0021	39.9313	0.8230	0.8218	5.0000	-9999.0000	-9999.0000	-9999.0000	-9999.0000	-9999.0000	-9999.0000	23.3620	2	0	26.1436	1.0000	99	9	-9999.0000	44729	28741	-9999	1650	1614	-9999	560.6707	5	0.6858	0.7176	-0.0024	47.5921	4.8883	725.9618	313.2141	35.0378	645.1407	95.5577	723.9667	95.0964	737.3178	94.8548	747.0589	94.8108	
06/08/2017	00:23:31	019004	H421009275HLR	L421	S		703.8841	1.0233	18.9724	100.0428	39.8203	0.8230	0.8250	5.0000	19.9319	815.0999	94.8767	13.3315	24.5000	0.9300	0.9378	0.7149	-0.0022	815.0000	815.2500	1.0339	-2.5151	100.0089	39.8461	0.8230	0.8218	5.0000	-9999.0000	-9999.0000	-9999.0000	-9999.0000	-9999.0000	-9999.0000	22.6822	3	0	25.8622	1.0000	99	9	-9999.0000	44729	28742	-9999	1651	1615	-9999	558.6571	5	0.6859	0.7149	-0.0022	67.3751	3.4172	719.1996	358.8802	35.4113	640.0005	95.3820	717.9557	94.8548	729.0311	94.7230	736.8859	94.9207	
06/08/2017	00:23:59	019004	H421009266HLR	L421	S		707.8287	1.0233	20.2097	99.9228	39.9487	0.8230	0.8251	5.0000	20.0921	815.1484	94.6790	13.2417	24.7000	0.9300	0.9384	0.7181	-0.0025	815.0000	817.3724	1.0339	-2.5757	99.9876	39.9687	0.8230	0.8220	5.0000	-9999.0000	-9999.0000	-9999.0000	-9999.0000	-9999.0000	-9999.0000	22.2123	4	0	27.6536	1.0000	99	9	-9999.0000	44730	28743	-9999	1652	1616	-9999	558.5637	5	0.6858	0.7181	-0.0025	69.7780	3.2113	724.4695	361.9865	34.2690	644.3264	95.5358	722.9371	95.0964	734.5320	94.8767	744.0680	94.8767	
06/08/2017	00:24:25	019004	H421009271HLR	L421	S		709.2467	1.0233	20.6545	100.0185	39.9999	0.8230	0.8248	5.0000	20.2426	815.2032	94.6351	11.1614	24.7000	0.9300	0.9383	0.7187	-0.0026	815.0000	815.9819	1.0339	-2.5360	100.0039	39.9935	0.8230	0.8219	5.0000	-9999.0000	-9999.0000	-9999.0000	-9999.0000	-9999.0000	-9999.0000	24.2526	5	0	26.0732	1.0000	99	9	-9999.0000	44731	28744	-9999	1653	1617	-9999	562.7779	5	0.6862	0.7187	-0.0026	65.7251	3.5094	731.7636	358.1085	34.2470	647.9046	95.5138	730.0385	94.9646	742.6232	94.7889	752.6107	94.8548	
06/08/2017	00:24:51	019004	H421009261HLR	L421	S		707.9570	1.0233	20.2500	100.0062	39.8561	0.8230	0.8247	5.0000	19.9525	815.1262	94.7669	12.4516	24.7000	0.9300	0.9383	0.7181	-0.0025	815.0000	815.9127	1.0339	-2.5340	100.0544	39.9921	0.8230	0.8219	5.0000	-9999.0000	-9999.0000	-9999.0000	-9999.0000	-9999.0000	-9999.0000	21.3225	6	0	26.4327	1.0000	99	9	-9999.0000	44732	28745	-9999	1654	1618	-9999	559.8034	5	0.6859	0.7181	-0.0025	69.3183	3.2586	725.4789	352.1450	34.0054	642.2267	95.4039	724.1031	94.8328	735.2770	94.7230	744.6631	94.8548	
06/08/2017	00:25:17	019004	H421009281HLR	L421	S		706.6083	1.0233	19.8270	99.9856	39.8551	0.8230	0.8250	5.0000	19.8322	815.1086	94.6351	11.0110	24.7000	0.9300	0.9383	0.7151	-0.0023	815.0000	815.3640	1.0339	-2.5184	100.0634	39.9900	0.8230	0.8220	5.0000	-9999.0000	-9999.0000	-9999.0000	-9999.0000	-9999.0000	-9999.0000	21.4124	7	0	25.9725	1.0000	99	9	-9999.0000	44733	28746	-9999	1655	1619	-9999	562.6619	5	0.6861	0.7151	-0.0023	73.7761	2.8814	733.9950	364.7217	34.2031	650.0159	95.5577	731.9981	95.0744	746.1385	94.8328	756.3910	94.8548	
06/08/2017	00:25:43	019004	H421009259HLR	L421	S		710.5437	1.0233	21.0614	100.1853	39.9857	0.8230	0.8250	5.0000	20.0325	815.1562	94.6571	11.7318	24.7000	0.9300	0.9384	0.7187	-0.0026	815.0000	815.7294	1.0339	-2.5288	100.0724	40.0723	0.8230	0.8221	5.0000	-9999.0000	-9999.0000	-9999.0000	-9999.0000	-9999.0000	-9999.0000	20.6028	8	0	26.3027	1.0000	99	9	-9999.0000	44734	28747	-9999	1656	1619	-9999	561.1868	5	0.6859	0.7187	-0.0026	76.8953	2.6054	728.5999	350.5777	35.4552	648.3942	95.3161	726.9698	94.7230	738.8987	94.6571	748.3259	94.8987	
06/08/2017	00:26:12	019004	H421007815HLR	L421	S		709.7631	1.0233	20.8165	100.0036	39.9565	0.8230	0.8247	5.0000	20.0520	815.1744	94.6790	12.1410	24.7000	0.9300	0.9383	0.7174	-0.0025	815.0000	815.5470	1.0339	-2.5236	99.9960	40.0512	0.8230	0.8220	5.0000	-9999.0000	-9999.0000	-9999.0000	-9999.0000	-9999.0000	-9999.0000	23.0522	1	0	28.2337	1.0000	99	9	-9999.0000	44735	28748	-9999	1657	1620	-9999	560.2228	5	0.6860	0.7174	-0.0025	83.4755	2.1124	725.4063	359.3189	35.5211	647.3114	95.4698	723.7575	95.0085	735.4269	94.8328	745.0168	94.8767	
06/08/2017	00:26:39	019004	H421007837HLR	L421	S		702.4782	1.0233	18.5314	99.9014	39.9010	0.8230	0.8248	5.0000	20.2024	815.1763	94.6790	12.7309	24.6000	0.9300	0.9383	0.7192	-0.0027	815.0000	814.1796	1.0339	-2.4846	100.0163	40.0512	0.8230	0.8219	5.0000	-9999.0000	-9999.0000	-9999.0000	-9999.0000	-9999.0000	-9999.0000	24.6628	2	0	27.0830	1.0000	99	9	-9999.0000	44736	28749	-9999	1658	1621	-9999	558.8538	5	0.6860	0.7192	-0.0027	80.2667	2.3761	721.5173	354.6684	34.3129	638.8017	95.5138	720.1031	95.0525	732.6362	94.8328	742.1806	94.8548	
06/08/2017	00:27:04	019004	H421007848HLR	L421	S		706.7336	1.0233	19.8662	100.0040	39.9483	0.8230	0.8249	5.0000	20.1321	815.1865	94.5033	12.0218	24.7000	0.9300	0.9384	0.7193	-0.0027	815.0000	815.2838	1.0339	-2.5161	100.0414	40.0658	0.8230	0.8220	5.0000	-9999.0000	-9999.0000	-9999.0000	-9999.0000	-9999.0000	-9999.0000	23.7511	3	0	25.4628	1.0000	99	9	-9999.0000	44737	28750	-9999	1659	1622	-9999	560.3185	5	0.6863	0.7193	-0.0027	83.9033	2.0813	725.5383	361.5992	35.4113	645.7598	95.5797	723.9795	94.9866	736.7410	94.7889	747.7863	94.8548	
06/08/2017	00:27:30	019004	H421007839HLR	L421	S		705.2105	1.0233	19.3885	99.9870	40.0054	0.8230	0.8249	5.0000	19.7522	815.0999	94.6351	12.4115	24.7000	0.9300	0.9383	0.7170	-0.0025	815.0000	815.3832	1.0339	-2.5189	100.0839	40.1538	0.8230	0.8220	5.0000	-9999.0000	-9999.0000	-9999.0000	-9999.0000	-9999.0000	-9999.0000	21.5023	4	0	26.2832	1.0000	99	9	-9999.0000	44738	28751	-9999	1660	1623	-9999	559.5973	5	0.6869	0.7170	-0.0025	84.3943	1.9963	724.8835	351.4121	34.9060	644.9422	95.5358	723.1173	94.9646	735.0538	94.7889	744.9564	94.8987	
06/08/2017	00:27:56	019004	H421007810HLR	L421	S		711.2246	1.0233	21.2750	100.0361	39.9487	0.8230	0.8247	5.0000	20.1112	815.1097	94.4813	12.2416	24.7000	0.9300	0.9383	0.7163	-0.0024	815.0000	814.9076	1.0339	-2.5054	100.0626	40.1538	0.8230	0.8221	5.0000	-9999.0000	-9999.0000	-9999.0000	-9999.0000	-9999.0000	-9999.0000	20.7522	5	0	25.1729	1.0000	99	9	-9999.0000	44739	28752	-9999	1661	1624	-9999	559.8821	5	0.6866	0.7163	-0.0024	81.9553	2.1615	729.8738	354.6493	35.1037	643.0337	95.3820	728.5964	94.9426	738.6124	94.8328	748.1004	94.8987	
06/08/2017	00:28:23	019004	H421007841HLR	L421	S		710.0237	1.0233	20.8983	100.0801	39.9466	0.8230	0.8248	5.0000	20.0715	815.1512	94.4813	11.9115	24.7000	0.9300	0.9384	0.7227	-0.0030	815.0000	816.0467	1.0339	-2.5379	100.0407	40.1538	0.8230	0.8221	5.0000	-9999.0000	-9999.0000	-9999.0000	-9999.0000	-9999.0000	-9999.0000	21.3323	6	0	27.2823	1.0000	99	9	-9999.0000	44740	28753	-9999	1662	1625	-9999	560.4626	5	0.6869	0.7227	-0.0030	83.8593	2.0164	724.5128	352.3909	34.7742	641.9185	95.4259	722.7523	94.9207	735.2426	94.7889	744.9853	94.8987	
06/08/2017	00:28:50	019004	H421007843HLR	L421	S		707.9245	1.0233	20.2398	100.0712	39.9980	0.8230	0.8249	5.0000	20.0929	815.1146	94.5472	11.5706	24.7000	0.9300	0.9384	0.7227	-0.0030	815.0000	815.4866	1.0339	-2.5219	100.0798	40.1538	0.8230	0.8221	5.0000	-9999.0000	-9999.0000	-9999.0000	-9999.0000	-9999.0000	-9999.0000	21.4624	7	0	27.5733	1.0000	99	9	-9999.0000	44741	28754	-9999	1663	1626	-9999	561.3398	5	0.6868	0.7227	-0.0030	87.7490	1.7215	724.3759	356.2358	36.2460	641.8736	95.5138	722.8039	95.0525	735.9487	94.8548	746.1665	94.8548	
06/08/2017	00:29:18	019004	H421007822HLR	L421	S		712.9524	1.0233	21.8169	100.0201	39.9597	0.8230	0.8248	5.0000	20.1925	815.1197	94.7669	12.6811	24.7000	0.9300	0.9384	0.7203	-0.0027	815.0000	816.4518	1.0339	-2.5494	100.0664	40.1538	0.8230	0.8221	5.0000	-9999.0000	-9999.0000	-9999.0000	-9999.0000	-9999.0000	-9999.0000	21.3422	8	0	27.6330	1.0000	99	9	-9999.0000	44742	28755	-9999	1664	1626	-9999	558.8662	5	0.6869	0.7203	-0.0027	87.2390	1.7479	725.2213	360.6202	36.3339	645.6452	95.5577	723.8985	95.0964	733.7439	94.9207	742.7039	94.8767	
06/08/2017	00:29:47	019004	H421007834HLR	L421	S		709.9829	1.0233	20.8855	100.0195	39.9487	0.8230	0.8248	5.0000	19.9622	815.1103	94.5472	11.3118	24.8000	0.9300	0.9385	0.7200	-0.0027	815.0000	816.6726	1.0339	-2.5557	100.0642	40.1602	0.8230	0.8221	5.0000	-9999.0000	-9999.0000	-9999.0000	-9999.0000	-9999.0000	-9999.0000	20.9623	1	0	28.9936	1.0000	99	9	-9999.0000	44743	28756	-9999	1665	1627	-9999	561.9002	5	0.6871	0.7200	-0.0027	91.8656	1.3189	731.3662	368.6145	35.7188	656.3233	95.7554	729.6501	95.1623	742.6526	94.9207	752.6969	94.8987	
06/08/2017	00:30:15	019004	H421008675HLR	L421	S		704.2991	1.0233	19.1026	99.9419	40.0031	0.8230	0.8249	5.0000	19.9318	815.2102	95.1184	13.6714	24.8000	0.9300	0.9385	0.7202	-0.0027	815.0000	814.7865	1.0339	-2.5019	100.0198	40.1538	0.8230	0.8220	5.0000	-9999.0000	-9999.0000	-9999.0000	-9999.0000	-9999.0000	-9999.0000	22.2165	2	0	28.0734	1.0000	99	9	-9999.0000	44744	28757	-9999	1666	1628	-9999	556.7277	5	0.6875	0.7202	-0.0027	92.7784	1.2250	719.3483	354.3244	34.2470	634.6378	95.6456	717.6166	95.1843	729.8954	94.9207	738.2370	94.8548	
06/08/2017	00:30:43	019004	H421008645HLR	L421	S		702.0572	1.0233	18.3994	99.9354	39.9970	0.8230	0.8248	5.0000	20.0119	815.1208	94.7449	13.6920	24.8000	0.9300	0.9386	0.7173	-0.0025	815.0000	812.0787	1.0339	-2.4246	100.0019	40.1538	0.8230	0.8220	5.0000	-9999.0000	-9999.0000	-9999.0000	-9999.0000	-9999.0000	-9999.0000	22.9634	3	0	27.6828	1.0000	99	9	-9999.0000	44745	28758	-9999	1667	1629	-9999	556.8902	5	0.6873	0.7173	-0.0025	92.6641	1.2371	713.6787	349.1045	35.1916	632.4289	95.8213	712.5314	95.4039	722.7840	95.0085	731.7897	94.8987	
06/08/2017	00:31:12	019004	H421008654HLR	L421	S		698.1705	1.0233	17.1802	100.1582	39.9636	0.8230	0.8248	5.0000	20.1418	815.1782	94.8987	14.0221	24.7000	0.9300	0.9384	0.7166	-0.0024	815.0000	812.8973	1.0339	-2.4480	100.0742	40.1720	0.8230	0.8221	5.0000	-9999.0000	-9999.0000	-9999.0000	-9999.0000	-9999.0000	-9999.0000	20.9320	4	0	29.1632	1.0000	99	9	-9999.0000	44746	28759	-9999	1668	1630	-9999	556.4216	5	0.6872	0.7166	-0.0024	110.2686	-0.2707	715.7132	354.1985	34.0054	632.1233	95.9312	713.9533	95.4698	725.7229	95.0525	734.2112	94.8767	
06/08/2017	00:31:40	019004	H421008653HLR	L421	S		697.3530	1.0233	16.9238	99.9310	39.9616	0.8230	0.8248	5.0000	20.2025	815.1321	95.0525	15.0710	24.7000	0.9300	0.9384	0.7072	-0.0017	815.0000	814.9574	1.0339	-2.5068	99.9566	40.1538	0.8230	0.8219	5.0000	-9999.0000	-9999.0000	-9999.0000	-9999.0000	-9999.0000	-9999.0000	25.9130	5	0	27.9729	1.0000	99	9	-9999.0000	44747	28760	-9999	1669	1631	-9999	556.0865	5	0.6870	0.7072	-0.0017	96.2803	0.8755	718.7422	355.8324	34.9060	636.3292	95.7554	717.4118	95.3161	726.9417	94.9646	735.3776	94.8767	
06/08/2017	00:32:08	019004	H421008681HLR	L421	S		699.0039	1.0233	17.4416	100.0295	39.9741	0.8230	0.8249	5.0000	19.9523	815.1335	94.9866	14.4919	24.7000	0.9300	0.9385	0.7128	-0.0021	815.0000	813.4686	1.0339	-2.4643	100.0624	40.1593	0.8230	0.8220	5.0000	-9999.0000	-9999.0000	-9999.0000	-9999.0000	-9999.0000	-9999.0000	21.3518	6	0	27.8430	1.0000	99	9	-9999.0000	44748	28761	-9999	1669	1632	-9999	555.8120	5	0.6865	0.7128	-0.0021	87.4296	1.6414	716.2329	360.5023	34.5326	632.2068	95.7335	714.5911	95.2502	726.3696	94.9426	734.1133	94.8767	
06/08/2017	00:32:35	019004	H421008671HLR	L421	S		701.6418	1.0233	18.2691	99.9136	39.9814	0.8230	0.8249	5.0000	19.9026	815.1950	94.8987	13.8414	24.8000	0.9300	0.9385	0.7090	-0.0018	815.0000	813.8857	1.0339	-2.4762	100.0333	40.1538	0.8230	0.8220	5.0000	-9999.0000	-9999.0000	-9999.0000	-9999.0000	-9999.0000	-9999.0000	22.3421	7	0	27.3331	1.0000	99	9	-9999.0000	44749	28762	-9999	1670	1633	-9999	557.5001	5	0.6864	0.7090	-0.0018	88.2096	1.6163	725.3000	363.1592	35.1477	639.4856	95.8872	723.5672	95.3380	734.2859	95.0085	741.8927	94.8328	
06/08/2017	00:33:02	019004	H421008669HLR	L421	S		696.6483	1.0233	16.7027	99.9472	39.9470	0.8230	0.8246	5.0000	21.1127	815.0846	94.9866	14.6423	24.8000	0.9300	0.9385	0.7053	-0.0015	815.0000	814.2965	1.0339	-2.4879	100.0014	40.1538	0.8230	0.8220	5.0000	-9999.0000	-9999.0000	-9999.0000	-9999.0000	-9999.0000	-9999.0000	23.3914	8	0	26.7531	1.0000	99	9	-9999.0000	44750	28763	-9999	1671	1634	-9999	556.8213	5	0.6862	0.7053	-0.0015	81.9954	2.1088	721.5640	352.7575	34.9500	638.4317	95.7335	720.0806	95.1843	730.5658	94.9426	739.4041	94.8767	
06/08/2017	00:33:28	019004	H421008650HLR	L421	S		706.4184	1.0233	19.7674	99.9203	39.9520	0.8230	0.8247	5.0000	20.8226	815.1063	94.8987	14.0621	24.8000	0.9300	0.9385	0.7051	-0.0015	815.0000	815.8305	1.0339	-2.5317	100.0895	40.1800	0.8230	0.8221	5.0000	-9999.0000	-9999.0000	-9999.0000	-9999.0000	-9999.0000	-9999.0000	20.6723	1	0	26.6327	1.0000	99	9	-9999.0000	44751	28764	-9999	1672	1635	-9999	557.5499	5	0.6857	0.7051	-0.0015	71.2514	2.9598	729.0980	351.5980	32.9509	648.4119	95.4698	728.2632	95.1403	736.7864	94.9426	743.9839	94.8767	
06/08/2017	00:33:53	019004	H421008660HLR	L421	S		702.4856	1.0233	18.5337	99.9237	40.0146	0.8230	0.8249	5.0000	20.1321	815.0836	94.9207	14.2819	24.7000	0.9300	0.9384	0.7052	-0.0015	815.0000	814.7856	1.0339	-2.5019	100.0156	40.1538	0.8230	0.8220	5.0000	-9999.0000	-9999.0000	-9999.0000	-9999.0000	-9999.0000	-9999.0000	23.0319	2	0	24.8730	1.0000	99	9	-9999.0000	44752	28765	-9999	1673	1636	-9999	557.2776	5	0.6854	0.7052	-0.0015	68.2101	3.1660	726.5095	359.9866	33.2365	641.6054	95.5577	724.8339	95.1403	735.9136	94.9426	742.3412	94.8767	
06/08/2017	00:34:18	019004	H421008648HLR	L421	S		702.0909	1.0233	18.4099	100.0042	39.9681	0.8230	0.8248	5.0000	20.1212	815.0561	94.7449	13.3111	24.7000	0.9300	0.9384	0.7044	-0.0015	815.0000	814.7990	1.0339	-2.5023	100.0663	40.1896	0.8230	0.8221	5.0000	-9999.0000	-9999.0000	-9999.0000	-9999.0000	-9999.0000	-9999.0000	20.7523	3	0	25.0232	1.0000	99	9	-9999.0000	44753	28766	-9999	1674	1637	-9999	558.4593	5	0.6852	0.7044	-0.0015	71.8088	2.9243	729.2365	356.3424	32.9949	645.5834	95.3820	727.7001	94.9866	737.5304	94.8328	746.4207	94.8548	
06/08/2017	00:34:45	019004	H421007708HLR	L421	S		704.6695	1.0233	19.2188	100.1056	39.9487	0.8230	0.8246	5.0000	20.8512	815.1639	94.7010	13.1714	24.7000	0.9300	0.9383	0.7046	-0.0015	815.0000	815.0823	1.0339	-2.5103	100.0699	40.1874	0.8230	0.8221	5.0000	-9999.0000	-9999.0000	-9999.0000	-9999.0000	-9999.0000	-9999.0000	20.6223	4	0	26.5226	1.0000	99	9	-9999.0000	44754	28767	-9999	1675	1638	-9999	558.8712	5	0.6849	0.7046	-0.0015	74.3428	2.8017	730.9847	361.5705	33.6978	646.3300	95.5577	729.2886	95.1184	738.5608	94.8987	747.0046	94.8548	
06/08/2017	00:35:12	019004	H421007748HLR	L421	S		724.2247	1.0233	24.6305	100.0559	39.9726	0.8230	0.8248	5.0000	20.2718	815.1177	94.7010	10.0607	24.7000	0.9300	0.9383	0.7023	-0.0013	815.0000	816.7238	1.0339	-2.5572	100.0674	40.1702	0.8230	0.8220	5.0000	-9999.0000	-9999.0000	-9999.0000	-9999.0000	-9999.0000	-9999.0000	21.8725	5	0	27.1132	1.0000	99	9	-9999.0000	44755	28768	-9999	1676	1639	-9999	561.8656	5	0.6844	0.7023	-0.0013	26.9132	6.0885	750.8026	360.5896	33.3683	663.2384	95.1843	749.1271	94.7889	762.0123	94.7230	770.7156	94.8548	
06/08/2017	00:35:44	019004	H421007750HLR	L421	S		725.5490	1.0233	24.1955	99.9664	40.0086	0.8230	0.8247	5.0000	20.4016	815.1238	94.8328	11.2513	24.7000	0.9300	0.9383	0.7044	-0.0014	815.0000	820.2597	1.0339	-2.6581	100.0698	40.1761	0.8230	0.8221	5.0000	-9999.0000	-9999.0000	-9999.0000	-9999.0000	-9999.0000	-9999.0000	20.9720	6	0	31.5037	1.0000	99	9	-9999.0000	44756	28769	-9999	1677	1640	-9999	561.0602	5	0.6843	0.7044	-0.0014	70.9422	2.9908	748.2093	367.9629	33.3903	662.0870	95.2941	746.6905	94.7669	756.6147	94.6571	765.1216	94.8108	
06/08/2017	00:36:14	019004	H421007751HLR	L421	S		726.4738	1.0233	23.8917	100.0226	39.9880	0.8230	0.8247	5.0000	20.2220	815.1658	94.6571	10.4015	24.7000	0.9300	0.9383	0.7098	-0.0018	815.0000	820.7223	1.0339	-2.6713	100.0166	40.1538	0.8230	0.8219	5.0000	-9999.0000	-9999.0000	-9999.0000	-9999.0000	-9999.0000	-9999.0000	25.0125	7	0	30.9028	1.0000	99	9	-9999.0000	44757	28770	-9999	1678	1641	-9999	563.3517	5	0.6841	0.7098	-0.0018	53.3411	4.2396	745.8516	360.0969	35.0818	660.3732	95.2502	744.4741	94.7230	756.3937	94.6790	766.6170	94.8767	
06/08/2017	00:36:42	019004	H421007730HLR	L421	S		708.5169	1.0233	20.4256	99.8248	39.9573	0.8230	0.8248	5.0000	19.9221	815.0893	94.8987	12.8413	24.7000	0.9300	0.9383	0.7085	-0.0017	815.0000	816.0018	1.0339	-2.5366	100.0807	40.1954	0.8230	0.8221	5.0000	-9999.0000	-9999.0000	-9999.0000	-9999.0000	-9999.0000	-9999.0000	20.7521	8	0	27.8039	1.0000	99	9	-9999.0000	44758	28771	-9999	1679	1642	-9999	559.5872	5	0.6843	0.7085	-0.0017	61.4912	3.6786	729.1282	360.0446	34.7962	646.8400	95.2941	727.7803	94.8108	738.3725	94.6790	747.1604	94.8328	
06/08/2017	00:37:13	019004	H421003760HLR	L421	S		698.6141	1.0233	17.3194	100.1756	40.0093	0.8230	0.8249	5.0000	20.1821	815.1499	94.7230	13.2017	24.6000	0.9300	0.9384	0.7077	-0.0017	815.0000	813.6426	1.0339	-2.4693	100.0740	40.1538	0.8230	0.8220	5.0000	-9999.0000	-9999.0000	-9999.0000	-9999.0000	-9999.0000	-9999.0000	21.5122	1	0	30.5933	1.0000	99	9	-9999.0000	44759	28772	-9999	1680	1643	-9999	559.0434	5	0.6845	0.7077	-0.0017	44.3430	4.8989	727.3215	378.3394	36.1362	654.0075	95.7554	725.6523	95.1843	737.1210	94.9207	745.2644	94.8987	
06/08/2017	00:37:45	019004	H421007743HLR	L421	S		669.3279	1.0233	8.1330	99.9654	40.0003	0.8230	0.8247	5.0000	20.6516	815.0991	95.1623	17.9620	24.6000	0.9300	0.9385	0.6978	-0.0010	815.0000	812.0885	1.0339	-2.4249	100.0727	40.1552	0.8230	0.8221	5.0000	-9999.0000	-9999.0000	-9999.0000	-9999.0000	-9999.0000	-9999.0000	20.6623	2	0	32.3737	1.0000	99	9	-9999.0000	44760	28773	-9999	1681	1644	-9999	554.5654	5	0.6845	0.6978	-0.0010	39.0824	5.2444	709.0779	368.5689	33.3463	622.6963	95.8433	707.7788	95.4479	717.7341	95.0085	725.1010	94.8987	
06/08/2017	00:38:13	019004	H421007742HLR	L421	S		676.1210	1.0233	10.2638	100.1024	39.9661	0.8230	0.8248	5.0000	20.2022	815.1356	94.8548	16.9316	24.7000	0.9300	0.9386	0.6960	-0.0008	815.0000	812.6910	1.0339	-2.4421	100.0745	40.1538	0.8230	0.8221	5.0000	-9999.0000	-9999.0000	-9999.0000	-9999.0000	-9999.0000	-9999.0000	21.0019	3	0	27.5431	1.0000	99	9	-9999.0000	44761	28774	-9999	1682	1645	-9999	556.1153	5	0.6851	0.6960	-0.0008	38.7500	5.3090	715.0477	376.0661	34.3568	634.3725	96.0849	713.6530	95.5358	723.4584	95.0305	730.2456	94.8328	
06/08/2017	00:38:42	019004	H421007721HLR	L421	S		697.1308	1.0233	16.8541	99.8972	39.9876	0.8230	0.8248	5.0000	20.1223	815.1364	94.9646	14.1617	24.7000	0.9300	0.9385	0.6960	-0.0008	815.0000	813.6384	1.0339	-2.4691	100.0541	40.1096	0.8230	0.8221	5.0000	-9999.0000	-9999.0000	-9999.0000	-9999.0000	-9999.0000	-9999.0000	21.1323	4	0	29.1430	1.0000	99	9	-9999.0000	44762	28775	-9999	1683	1646	-9999	557.9320	5	0.6851	0.6960	-0.0008	38.7500	5.3090	730.7277	369.5651	35.6529	650.4672	95.9092	729.1944	95.2502	738.6325	94.9426	745.5924	94.8767	
06/08/2017	00:39:11	019004	H421007735HLR	L421	S		676.7020	1.0233	10.4460	100.1911	39.9487	0.8230	0.8248	5.0000	20.5120	815.0645	94.9646	16.5917	24.7000	0.9300	0.9385	0.6924	-0.0005	815.0000	810.5780	1.0339	-2.3818	100.0632	40.1055	0.8230	0.8222	5.0000	-9999.0000	-9999.0000	-9999.0000	-9999.0000	-9999.0000	-9999.0000	21.1625	5	0	29.0031	1.0000	99	9	-9999.0000	44763	28776	-9999	1684	1647	-9999	556.5080	5	0.6853	0.6924	-0.0005	28.0657	6.2202	715.5045	357.5110	33.7857	634.7324	95.9531	714.1504	95.4918	722.7135	95.0085	730.2171	94.8328	
06/08/2017	00:39:39	019004	H421007734HLR	L421	S		676.4393	1.0233	10.3636	99.9134	39.9487	0.8230	0.8249	5.0000	20.1018	815.1069	94.9646	18.7521	24.7000	0.9300	0.9386	0.6920	-0.0005	815.0000	813.0583	1.0339	-2.4526	100.0682	40.1538	0.8230	0.8221	5.0000	-9999.0000	-9999.0000	-9999.0000	-9999.0000	-9999.0000	-9999.0000	20.9124	6	0	28.3734	1.0000	99	9	-9999.0000	44764	28777	-9999	1685	1648	-9999	556.1454	5	0.6853	0.6920	-0.0005	25.1981	6.5329	714.0330	357.0050	33.6100	631.0196	95.9531	713.0181	95.5138	721.0180	95.0305	727.3827	94.8548	
06/08/2017	00:40:08	019004	H421007725HLR	L421	S		696.3299	1.0233	16.6029	100.1070	39.9888	0.8230	0.8247	5.0000	21.0020	815.0771	94.8987	13.5816	24.8000	0.9300	0.9386	0.6920	-0.0005	815.0000	812.9112	1.0339	-2.4484	100.0252	40.0674	0.8230	0.8220	5.0000	-9999.0000	-9999.0000	-9999.0000	-9999.0000	-9999.0000	-9999.0000	23.9128	7	0	29.2326	1.0000	99	9	-9999.0000	44765	28778	-9999	1686	1649	-9999	558.6879	5	0.6853	0.6920	-0.0005	25.1981	6.5329	734.6467	364.0247	34.4667	649.5459	95.6676	733.2049	95.0964	744.3972	94.8548	752.0271	94.8767	
06/08/2017	00:40:33	019004	H421009421HLR	L421	S		686.9273	1.0233	13.6535	100.1879	39.9341	0.8230	0.8246	5.0000	21.1918	815.0778	95.0744	15.4715	24.7000	0.9300	0.9385	0.6921	-0.0005	815.0000	813.8081	1.0339	-2.4740	100.0129	40.0512	0.8230	0.8219	5.0000	-9999.0000	-9999.0000	-9999.0000	-9999.0000	-9999.0000	-9999.0000	25.6033	8	0	24.7031	1.0000	99	9	-9999.0000	44766	28779	-9999	1687	1650	-9999	558.1572	5	0.6855	0.6921	-0.0005	25.1448	6.5420	727.1483	362.7088	34.9719	640.4807	95.8872	725.6616	95.2941	735.1933	94.9646	742.1088	94.8767	
06/08/2017	00:41:01	019004	H421009428HLR	L421	S		693.2286	1.0233	15.6300	99.8966	39.9487	0.8230	0.8249	5.0000	19.9621	815.1053	95.0525	15.0222	24.7000	0.9300	0.9385	0.6904	-0.0003	815.0000	814.8790	1.0339	-2.5045	100.0555	40.1538	0.8230	0.8220	5.0000	-9999.0000	-9999.0000	-9999.0000	-9999.0000	-9999.0000	-9999.0000	21.3423	1	0	28.3028	1.0000	99	9	-9999.0000	44767	28780	-9999	1688	1651	-9999	558.6195	5	0.6856	0.6904	-0.0003	24.9681	6.5518	732.6984	363.6721	33.3463	648.3911	95.6017	731.2311	95.1403	740.9332	94.8987	748.0416	94.8328	
06/08/2017	00:41:29	019004	H421009420HLR	L421	S		693.7069	1.0233	15.7801	99.9881	40.0099	0.8230	0.8247	5.0000	20.8625	815.1148	95.0305	14.7614	24.7000	0.9300	0.9385	0.6906	-0.0004	815.0000	815.1831	1.0339	-2.5132	100.0352	40.1538	0.8230	0.8223	5.0000	-9999.0000	-9999.0000	-9999.0000	-9999.0000	-9999.0000	-9999.0000	20.6820	2	0	27.2335	1.0000	99	9	-9999.0000	44768	28781	-9999	1689	1652	-9999	558.7451	5	0.6855	0.6906	-0.0004	25.1220	6.5493	733.7157	369.7486	34.0493	650.3209	95.7335	732.1844	95.2062	740.3883	94.9426	747.7151	94.8328	
06/08/2017	00:41:57	019004	H421009419HLR	L421	S		697.4767	1.0233	16.9626	99.9739	39.9534	0.8230	0.8248	5.0000	20.0520	815.0850	95.0305	14.6618	24.7000	0.9300	0.9385	0.6897	-0.0003	815.0000	815.9334	1.0339	-2.5346	100.0098	40.0738	0.8230	0.8219	5.0000	-9999.0000	-9999.0000	-9999.0000	-9999.0000	-9999.0000	-9999.0000	23.1920	3	0	27.8831	1.0000	99	9	-9999.0000	44769	28782	-9999	1690	1653	-9999	558.7590	5	0.6854	0.6897	-0.0003	23.7988	6.6485	734.8969	368.0719	35.6749	650.9204	95.4479	733.5298	95.0305	743.7240	94.8548	750.9416	94.8548	
06/08/2017	00:42:53	019004	H421009397HLR	L421	S		697.3330	1.0233	16.9175	100.0987	39.9540	0.8230	0.8250	5.0000	20.1916	815.1373	94.9866	14.4215	24.8000	0.9300	0.9386	0.6937	-0.0005	815.0000	816.0649	1.0339	-2.5384	100.0134	39.9653	0.8230	0.8219	5.0000	-9999.0000	-9999.0000	-9999.0000	-9999.0000	-9999.0000	-9999.0000	22.1127	5	0	28.8634	1.0000	99	9	-9999.0000	44771	28783	-9999	1692	1654	-9999	559.2986	5	0.6855	0.6937	-0.0005	27.2376	6.4220	732.0851	344.8862	33.4562	649.9985	95.4918	730.5991	95.1623	740.8509	94.9207	748.5487	94.8108	
06/08/2017	00:43:23	019004	H421009407HLR	L421	S		699.7305	1.0233	17.6695	100.0429	40.0105	0.8230	0.8249	5.0000	19.9416	815.1100	94.7889	13.5718	24.7000	0.9300	0.9383	0.6950	-0.0006	815.0000	815.7149	1.0339	-2.5284	100.0633	40.0029	0.8230	0.8223	5.0000	-9999.0000	-9999.0000	-9999.0000	-9999.0000	-9999.0000	-9999.0000	20.7426	6	0	29.7134	1.0000	99	9	-9999.0000	44772	28784	-9999	1693	1655	-9999	559.8042	5	0.6855	0.6950	-0.0006	31.3182	6.1696	735.5318	366.7784	32.7532	648.9776	95.2282	733.7838	94.8108	742.4602	94.7230	750.8382	94.8548	
06/08/2017	00:43:51	019004	H421009406HLR	L421	S		695.0918	1.0233	16.2145	100.0913	39.9888	0.8230	0.8248	5.0000	20.0715	815.1248	94.8987	13.9410	24.7000	0.9300	0.9384	0.6938	-0.0005	815.0000	815.0304	1.0339	-2.5089	100.0030	40.1538	0.8230	0.8221	5.0000	-9999.0000	-9999.0000	-9999.0000	-9999.0000	-9999.0000	-9999.0000	26.4229	7	0	27.9825	1.0000	99	9	-9999.0000	44773	28785	-9999	1694	1656	-9999	559.4549	5	0.6852	0.6938	-0.0005	17.7379	6.9861	732.3591	344.1015	33.5221	640.9154	95.6017	730.5253	95.1403	742.0753	94.8767	749.1616	94.8548	
06/08/2017	00:44:18	019004	H421009432HLR	L421	S		696.1324	1.0233	16.5409	100.0617	39.9485	0.8230	0.8248	5.0000	20.1928	815.1231	94.9426	14.2711	24.6000	0.9300	0.9384	0.6938	-0.0005	815.0000	815.6040	1.0339	-2.5252	100.0119	40.1538	0.8230	0.8219	5.0000	-9999.0000	-9999.0000	-9999.0000	-9999.0000	-9999.0000	-9999.0000	24.3524	8	0	27.4933	1.0000	99	9	-9999.0000	44774	28786	-9999	1695	1656	-9999	559.2896	5	0.6852	0.6938	-0.0005	17.7379	6.9861	731.7633	364.5206	33.1706	646.4376	95.3600	730.7228	95.0305	740.1988	94.8548	747.2116	94.8548	
06/08/2017	00:44:47	019004	H421009395HLR	L421	S		696.7235	1.0233	16.7263	100.0604	39.9548	0.8230	0.8249	5.0000	20.0519	815.0903	95.0085	14.9118	24.7000	0.9300	0.9385	0.6915	-0.0004	815.0000	815.5345	1.0339	-2.5232	100.0318	40.1538	0.8230	0.8221	5.0000	-9999.0000	-9999.0000	-9999.0000	-9999.0000	-9999.0000	-9999.0000	20.3917	1	0	28.4427	1.0000	99	9	-9999.0000	44775	28787	-9999	1696	1657	-9999	558.8788	5	0.6855	0.6915	-0.0004	13.6766	7.2540	735.8229	362.3669	34.0713	650.5834	95.3820	734.3901	94.9646	744.2793	94.8108	750.7890	94.9207	
06/08/2017	00:45:14	019004	H421009412HLR	L421	S		698.9548	1.0233	17.4262	100.0331	39.9915	0.8230	0.8248	5.0000	20.1431	815.0901	94.9646	14.2819	24.7000	0.9300	0.9385	0.6914	-0.0004	815.0000	815.3861	1.0339	-2.5190	100.0070	40.1092	0.8230	0.8221	5.0000	-9999.0000	-9999.0000	-9999.0000	-9999.0000	-9999.0000	-9999.0000	20.7219	2	0	27.0634	1.0000	99	9	-9999.0000	44776	28788	-9999	1697	1658	-9999	559.1028	5	0.6857	0.6914	-0.0004	54.8909	4.4786	736.2705	371.4862	35.1477	648.6035	95.6456	734.8520	95.1843	744.8372	94.8987	751.3407	94.8548	
06/08/2017	00:45:41	019004	H421009394HLR	L421	S		697.4520	1.0233	16.9548	100.0168	39.9487	0.8230	0.8248	5.0000	20.4818	815.1107	94.8548	13.7418	24.7000	0.9300	0.9384	0.6918	-0.0004	815.0000	815.3850	1.0339	-2.5190	100.0626	40.1104	0.8230	0.8222	5.0000	-9999.0000	-9999.0000	-9999.0000	-9999.0000	-9999.0000	-9999.0000	20.6917	3	0	27.2326	1.0000	99	9	-9999.0000	44777	28789	-9999	1698	1659	-9999	559.4247	5	0.6857	0.6918	-0.0004	58.6002	4.2650	735.9419	367.4577	35.1696	654.7259	95.6236	734.6278	94.9866	744.8503	94.8328	752.3697	94.8548	
06/08/2017	00:46:09	019004	H421007728HLR	L421	S		700.3345	1.0233	17.8590	99.8047	39.9487	0.8230	0.8247	5.0000	20.9427	815.0896	94.8987	13.8521	24.7000	0.9300	0.9384	0.6924	-0.0005	815.0000	817.0318	1.0339	-2.5660	100.0398	40.1188	0.8230	0.8220	5.0000	-9999.0000	-9999.0000	-9999.0000	-9999.0000	-9999.0000	-9999.0000	23.6129	4	0	28.0833	1.0000	99	9	-9999.0000	44778	28790	-9999	1699	1660	-9999	559.3174	5	0.6857	0.6924	-0.0005	63.3821	3.9010	737.7258	389.9240	36.6414	662.6697	95.6895	736.4780	95.0085	745.4287	94.8548	753.2827	94.8328	
06/08/2017	00:46:39	019004	H421009392HLR	L421	S		692.0357	1.0233	15.2559	99.9605	39.9642	0.8230	0.8248	5.0000	20.2229	815.0709	94.9426	14.5221	24.7000	0.9300	0.9385	0.6968	-0.0008	815.0000	815.8114	1.0339	-2.5311	100.0628	40.1538	0.8230	0.8221	5.0000	-9999.0000	-9999.0000	-9999.0000	-9999.0000	-9999.0000	-9999.0000	21.3617	5	0	29.6439	1.0000	99	9	-9999.0000	44779	28791	-9999	1700	1661	-9999	558.9836	5	0.6858	0.6968	-0.0008	74.5010	3.1086	728.0999	365.6189	34.8621	647.1168	95.4039	726.8680	94.9426	736.7589	94.8328	744.3747	94.8548	
06/08/2017	00:47:06	019004	H421009468HLR	L421	S		700.3808	1.0233	17.8735	99.9977	39.9861	0.8230	0.8248	5.0000	20.1524	815.1212	94.7889	13.4917	24.7000	0.9300	0.9385	0.6967	-0.0008	815.0000	815.5721	1.0339	-2.5243	99.9841	40.0971	0.8230	0.8219	5.0000	-9999.0000	-9999.0000	-9999.0000	-9999.0000	-9999.0000	-9999.0000	25.9726	6	0	26.9327	1.0000	99	9	-9999.0000	44780	28792	-9999	1701	1662	-9999	559.5455	5	0.6856	0.6967	-0.0008	60.6854	4.0596	734.5751	374.7505	34.2031	652.2607	95.5797	733.2146	95.1184	743.0362	94.8767	750.9984	94.8108	
06/08/2017	00:47:34	019004	H421009469HLR	L421	S		703.0492	1.0233	18.7105	100.1187	39.9691	0.8230	0.8248	5.0000	20.0519	815.0791	94.5912	12.8618	24.7000	0.9300	0.9384	0.6958	-0.0007	815.0000	814.3624	1.0339	-2.4898	100.0982	40.1538	0.8230	0.8221	5.0000	-9999.0000	-9999.0000	-9999.0000	-9999.0000	-9999.0000	-9999.0000	21.1821	7	0	27.9035	1.0000	99	9	-9999.0000	44781	28793	-9999	1702	1663	-9999	559.8300	5	0.6857	0.6958	-0.0007	84.2028	2.4164	737.0664	371.8979	33.8296	654.5888	95.3380	735.9541	94.9426	745.8240	94.8108	753.8065	94.8548	
06/08/2017	00:48:01	019004	H421009449HLR	L421	S		697.8468	1.0233	17.0787	99.9870	39.9487	0.8230	0.8249	5.0000	19.9718	815.1784	95.0744	14.4518	24.6000	0.9300	0.9384	0.6960	-0.0007	815.0000	816.0451	1.0339	-2.5378	100.0226	40.1538	0.8230	0.8219	5.0000	-9999.0000	-9999.0000	-9999.0000	-9999.0000	-9999.0000	-9999.0000	23.6226	8	0	27.2129	1.0000	99	9	-9999.0000	44782	28794	-9999	1703	1664	-9999	558.9930	5	0.6856	0.6960	-0.0007	88.8857	2.0684	733.6973	365.2237	33.6319	653.4401	95.4479	732.5259	95.0305	742.5338	94.8548	749.6243	94.8767	
06/08/2017	00:48:26	019004	H421009476HLR	L421	S		696.7063	1.0233	16.7209	100.0340	39.9683	0.8230	0.8249	5.0000	20.0618	815.1053	94.9866	15.2224	24.6000	0.9300	0.9385	0.7008	-0.0011	815.0000	816.6599	1.0339	-2.5554	100.0300	40.1538	0.8230	0.8220	5.0000	-9999.0000	-9999.0000	-9999.0000	-9999.0000	-9999.0000	-9999.0000	23.9627	1	0	25.0624	1.0000	99	9	-9999.0000	44783	28795	-9999	1704	1665	-9999	558.1329	5	0.6855	0.7008	-0.0011	95.0511	1.6286	726.5437	369.8245	33.9834	642.5409	95.5358	724.7200	95.1184	733.3473	94.9426	740.4982	94.8548	
06/08/2017	00:48:54	019004	H421009477HLR	L421	S		704.5283	1.0233	19.1745	99.9562	39.9880	0.8230	0.8248	5.0000	20.2924	815.1226	94.7449	13.3013	24.7000	0.9300	0.9385	0.6971	-0.0008	815.0000	816.0178	1.0339	-2.5370	100.0556	40.1538	0.8230	0.8222	5.0000	-9999.0000	-9999.0000	-9999.0000	-9999.0000	-9999.0000	-9999.0000	20.7622	2	0	28.0032	1.0000	99	9	-9999.0000	44784	28796	-9999	1705	1666	-9999	559.6280	5	0.6857	0.6971	-0.0008	76.4404	2.9570	737.3621	356.4597	33.5221	652.0005	95.4918	736.2849	95.0525	745.2478	94.8328	753.2691	94.8328	
06/08/2017	00:49:21	019004	H421009445HLR	L421	S		697.7251	1.0233	17.0405	100.0729	39.9595	0.8230	0.8248	5.0000	20.2025	815.1048	94.8767	13.9215	24.7000	0.9300	0.9384	0.6998	-0.0010	815.0000	815.5426	1.0339	-2.5235	100.0240	40.1538	0.8230	0.8220	5.0000	-9999.0000	-9999.0000	-9999.0000	-9999.0000	-9999.0000	-9999.0000	23.8825	3	0	26.6133	1.0000	99	9	-9999.0000	44785	28797	-9999	1706	1667	-9999	559.2703	5	0.6859	0.6998	-0.0010	55.3743	4.4588	729.7263	365.6157	33.4123	646.2645	95.6676	728.5853	95.1403	737.6595	94.8767	745.9122	94.8548	
06/08/2017	00:49:48	019004	H421009464HLR	L421	S		707.3442	1.0233	20.0578	100.0964	39.9487	0.8230	0.8248	5.0000	20.0628	815.1025	94.7230	13.1909	24.7000	0.9300	0.9385	0.7004	-0.0010	815.0000	816.7118	1.0339	-2.5568	100.0537	40.1538	0.8230	0.8220	5.0000	-9999.0000	-9999.0000	-9999.0000	-9999.0000	-9999.0000	-9999.0000	22.9625	4	0	27.6028	1.0000	99	9	-9999.0000	44786	28798	-9999	1707	1668	-9999	559.8266	5	0.6858	0.7004	-0.0010	59.7368	4.1324	733.8908	364.7225	33.2145	651.2780	95.3820	732.9905	94.9646	741.4077	94.8328	751.7008	94.8108	
06/08/2017	00:50:43	019004	H421009465HLR	L421	S		702.7475	1.0233	18.6159	100.0734	39.9847	0.8230	0.8248	5.0000	20.2919	815.1278	95.0525	14.4020	24.6000	0.9300	0.9384	0.7018	-0.0012	815.0000	817.8770	1.0339	-2.5901	100.0019	40.0588	0.8230	0.8220	5.0000	-9999.0000	-9999.0000	-9999.0000	-9999.0000	-9999.0000	-9999.0000	22.6021	6	0	28.0929	1.0000	99	9	-9999.0000	44788	28799	-9999	1709	1669	-9999	558.5230	5	0.6855	0.7018	-0.0012	66.7666	3.5283	729.0097	351.1506	34.7083	648.3043	95.4918	727.4844	95.0305	738.6642	94.8767	747.0310	94.8328	
06/08/2017	00:51:10	019004	H421009460HLR	L421	S		708.3205	1.0233	20.3640	99.9848	39.9487	0.8230	0.8245	5.0000	21.7027	815.0759	94.7010	12.2221	24.6000	0.9300	0.9383	0.7046	-0.0014	815.0000	815.3530	1.0339	-2.5181	99.9934	40.0512	0.8230	0.8221	5.0000	-9999.0000	-9999.0000	-9999.0000	-9999.0000	-9999.0000	-9999.0000	24.8023	7	0	26.8233	1.0000	99	9	-9999.0000	44789	28800	-9999	1710	1669	-9999	560.8229	5	0.6855	0.7046	-0.0014	57.5786	4.2368	734.4994	358.4862	34.8621	650.3914	95.3380	732.5791	94.7889	743.3908	94.7449	752.0086	94.8328	
06/08/2017	00:51:37	019004	H421009440HLR	L421	S		706.0345	1.0233	19.6470	99.9391	39.9927	0.8230	0.8247	5.0000	21.0921	815.1355	95.1184	14.0113	24.6000	0.9300	0.9385	0.7028	-0.0012	815.0000	817.8141	1.0339	-2.5883	100.0292	40.1866	0.8230	0.8222	5.0000	-9999.0000	-9999.0000	-9999.0000	-9999.0000	-9999.0000	-9999.0000	20.6916	8	0	27.1026	1.0000	99	9	-9999.0000	44790	28801	-9999	1711	1670	-9999	558.7229	5	0.6855	0.7028	-0.0012	43.3840	5.2576	731.0114	361.3056	35.0378	646.0666	95.5358	729.6191	94.9426	739.6646	94.8108	747.6480	94.8548	
06/08/2017	00:52:04	019004	H421007793HLR	L421	S		704.6957	1.0233	19.2270	99.9260	39.9986	0.8230	0.8248	5.0000	20.1321	815.0975	94.6790	12.8813	24.6000	0.9300	0.9384	0.7028	-0.0012	815.0000	815.5039	1.0339	-2.5224	99.9589	40.1538	0.8230	0.8219	5.0000	-9999.0000	-9999.0000	-9999.0000	-9999.0000	-9999.0000	-9999.0000	23.8220	1	0	27.2237	1.0000	99	9	-9999.0000	44791	28802	-9999	1712	1671	-9999	559.8355	5	0.6855	0.7028	-0.0012	43.3840	5.2576	731.7692	357.4122	35.4332	648.4978	95.4698	730.1939	94.8767	740.3728	94.7669	749.8239	94.8548	
06/08/2017	00:52:35	019004	H421007762HLR	L421	S		704.3174	1.0233	19.1084	99.9323	39.9818	0.8230	0.8248	5.0000	20.2014	815.1493	94.7449	13.3208	24.7000	0.9300	0.9385	0.7042	-0.0014	815.0000	815.1579	1.0339	-2.5125	100.0489	40.1706	0.8230	0.8221	5.0000	-9999.0000	-9999.0000	-9999.0000	-9999.0000	-9999.0000	-9999.0000	20.4914	2	0	30.9635	1.0000	99	9	-9999.0000	44792	28803	-9999	1713	1672	-9999	559.3264	5	0.6852	0.7042	-0.0014	50.4859	4.6921	729.5293	355.0143	34.9060	646.6201	95.4918	727.8967	94.8987	738.9684	94.7889	746.6440	94.8987	
06/08/2017	00:53:00	019004	H421007781HLR	L421	S		706.7645	1.0233	19.8759	100.0444	39.9661	0.8230	0.8248	5.0000	20.2316	815.1518	94.6790	12.8315	24.7000	0.9300	0.9385	0.7045	-0.0014	815.0000	816.5371	1.0339	-2.5519	99.9934	40.1538	0.8230	0.8220	5.0000	-9999.0000	-9999.0000	-9999.0000	-9999.0000	-9999.0000	-9999.0000	22.7231	3	0	25.0126	1.0000	99	9	-9999.0000	44793	28804	-9999	1714	1673	-9999	560.0292	5	0.6855	0.7045	-0.0014	47.5351	4.8929	733.7758	376.5445	36.9710	659.6209	95.6895	732.3108	95.0964	743.3508	94.8987	751.8998	94.8548	
06/08/2017	00:53:31	019004	H421007792HLR	L421	S		703.5684	1.0233	18.8734	99.8660	39.9659	0.8230	0.8245	5.0000	21.6019	815.0975	94.6571	13.3316	24.7000	0.9300	0.9385	0.7071	-0.0016	815.0000	816.1369	1.0339	-2.5404	100.0589	40.1538	0.8230	0.8221	5.0000	-9999.0000	-9999.0000	-9999.0000	-9999.0000	-9999.0000	-9999.0000	21.0614	4	0	30.7436	1.0000	99	9	-9999.0000	44794	28805	-9999	1715	1674	-9999	559.2327	5	0.6853	0.7071	-0.0016	55.9722	4.2154	728.3538	379.0236	35.3893	653.5474	95.4698	727.0176	94.8767	737.7042	94.7669	745.9052	94.8987	
06/08/2017	00:53:57	019004	H421009483HLR	L421	S		706.8139	1.0233	19.8914	99.9998	39.9947	0.8230	0.8248	5.0000	20.2425	815.0799	94.6351	13.2915	24.7000	0.9300	0.9385	0.7071	-0.0016	815.0000	815.6220	1.0339	-2.5257	100.0267	40.1538	0.8230	0.8220	5.0000	-9999.0000	-9999.0000	-9999.0000	-9999.0000	-9999.0000	-9999.0000	23.6422	5	0	26.2628	1.0000	99	9	-9999.0000	44795	28806	-9999	1716	1675	-9999	559.1773	5	0.6854	0.7071	-0.0016	56.1016	4.1913	727.2496	359.3107	34.1591	646.9935	95.3600	726.0213	94.8767	735.4856	94.7889	743.8359	94.8987	
06/08/2017	00:54:23	019004	H421008656HLR	L421	S		671.1690	1.0233	8.7105	100.1302	40.0056	0.8230	0.8249	5.0000	20.1318	815.1443	95.0525	17.3721	24.6000	0.9300	0.9385	0.7056	-0.0015	815.0000	810.8405	1.0339	-2.3893	100.0115	40.1538	0.8230	0.8220	5.0000	-9999.0000	-9999.0000	-9999.0000	-9999.0000	-9999.0000	-9999.0000	22.6225	6	0	26.1729	1.0000	99	9	-9999.0000	44796	28807	-9999	1717	1676	-9999	554.2457	5	0.6852	0.7056	-0.0015	53.1321	4.3866	703.1144	361.6651	33.6978	626.3281	95.7115	701.6342	95.3380	711.8126	95.0085	718.4697	94.8767	
06/08/2017	00:55:18	019004	H421008674HLR	L421	S		668.3741	1.0233	7.8338	100.0739	39.9722	0.8230	0.8249	5.0000	20.2517	815.0910	94.8548	17.1718	24.6000	0.9300	0.9384	0.7161	-0.0023	815.0000	808.2095	1.0339	-2.3142	100.0453	40.0101	0.8230	0.8220	5.0000	-9999.0000	-9999.0000	-9999.0000	-9999.0000	-9999.0000	-9999.0000	22.2924	8	0	27.4433	1.0000	99	9	-9999.0000	44798	28808	-9999	1719	1677	-9999	551.4552	5	0.6855	0.7161	-0.0023	66.9467	3.3247	692.4154	339.4405	33.3024	612.4856	95.9531	690.9805	95.5797	702.2269	95.0525	710.0346	94.8108	
06/08/2017	00:56:10	019004	H421008683HLR	L421	S		700.5723	1.0233	17.9336	100.0184	40.0439	0.8230	0.8250	5.0000	19.8821	815.1120	94.7889	12.5522	24.8000	0.9300	0.9386	0.7163	-0.0023	815.0000	815.6294	1.0339	-2.5260	100.0550	39.9804	0.8230	0.8221	5.0000	-9999.0000	-9999.0000	-9999.0000	-9999.0000	-9999.0000	-9999.0000	21.6127	2	0	26.1228	1.0000	99	9	-9999.0000	44800	28809	-9999	1721	1678	-9999	560.1239	5	0.6853	0.7163	-0.0023	69.3475	3.1137	721.9294	340.7459	33.2365	636.0998	95.4698	720.1370	94.9866	733.4838	94.8328	742.5469	94.8548	
06/08/2017	00:56:35	019004	H421008673HLR	L421	S		697.5859	1.0233	16.9968	99.9080	39.9915	0.8230	0.8248	5.0000	20.1721	815.1422	94.7449	12.6821	24.6000	0.9300	0.9383	0.7163	-0.0023	815.0000	815.9381	1.0339	-2.5348	100.0339	39.9933	0.8230	0.8223	5.0000	-9999.0000	-9999.0000	-9999.0000	-9999.0000	-9999.0000	-9999.0000	21.0325	3	0	25.0625	1.0000	99	9	-9999.0000	44801	28810	-9999	1722	1679	-9999	559.9196	5	0.6853	0.7163	-0.0023	69.3475	3.1137	721.3971	361.2784	34.1591	637.5621	95.4918	719.7203	94.8987	732.1964	94.7449	741.7864	94.8548	
06/08/2017	00:57:01	019004	H421008679HLR	L421	S		697.5029	1.0233	16.9708	100.1237	39.9487	0.8230	0.8248	5.0000	20.1614	815.0863	94.8767	13.8814	24.7000	0.9300	0.9385	0.6968	-0.0008	815.0000	816.5836	1.0339	-2.5532	99.9928	40.1538	0.8230	0.8224	5.0000	-9999.0000	-9999.0000	-9999.0000	-9999.0000	-9999.0000	-9999.0000	20.5726	4	0	25.8236	1.0000	99	9	-9999.0000	44802	28811	-9999	1723	1680	-9999	558.5435	5	0.6850	0.6968	-0.0008	21.8491	6.7379	733.0979	372.5292	35.6309	652.3700	95.5138	731.6889	95.0085	741.2063	94.8548	747.8585	94.8767	
06/08/2017	00:57:27	019004	H421008662HLR	L421	S		698.2152	1.0233	17.1942	100.0232	40.0089	0.8230	0.8249	5.0000	19.9017	815.1254	94.6571	12.6909	24.7000	0.9300	0.9385	0.6968	-0.0008	815.0000	815.6959	1.0339	-2.5278	100.0658	40.1538	0.8230	0.8223	5.0000	-9999.0000	-9999.0000	-9999.0000	-9999.0000	-9999.0000	-9999.0000	20.5823	5	0	25.4819	1.0000	99	9	-9999.0000	44803	28812	-9999	1724	1681	-9999	559.3846	5	0.6850	0.6968	-0.0008	21.8491	6.7379	737.5491	365.1805	34.2909	656.2086	95.4259	736.0503	94.9207	746.4533	94.7449	755.9276	94.8548	
06/08/2017	00:57:54	019004	H421008638HLR	L421	S		695.9297	1.0233	16.4773	100.0043	40.0187	0.8230	0.8249	5.0000	19.8522	815.1647	94.6131	12.5512	24.7000	0.9300	0.9385	0.6972	-0.0008	815.0000	815.0359	1.0339	-2.5090	100.0516	40.0803	0.8230	0.8220	5.0000	-9999.0000	-9999.0000	-9999.0000	-9999.0000	-9999.0000	-9999.0000	21.8920	6	0	27.6533	1.0000	99	9	-9999.0000	44804	28813	-9999	1725	1682	-9999	559.7631	5	0.6854	0.6972	-0.0008	23.3278	6.6829	734.9502	359.1455	33.9834	649.3430	95.4479	733.3706	94.8767	744.4484	94.7230	752.9382	94.8548	
06/08/2017	00:58:21	019004	H421008655HLR	L421	S		665.9074	1.0233	7.0600	99.9090	39.9530	0.8230	0.8249	5.0000	19.8822	0.0000	0.0000	0.0000	0.0000	0.9300	0.0000	0.0000	0.0000	0.0000	678.0397	1.0339	-0.3196	100.0087	39.9640	0.8230	0.8221	5.0000	-9999.0000	-9999.0000	-9999.0000	-9999.0000	-9999.0000	-9999.0000	23.4820	7	7	26.7832	1.0000	99	9	-9999.0000	44805	0	-9999	1726	1683	-9999	0.0000	0	0.0000	0.0000	0.0000	0.0000	0.0000	0.0000	0.0000	0.0000	0.0000	0.0000	0.0000	0.0000	0.0000	0.0000	0.0000	0.0000	
06/08/2017	00:58:46	019004	H421008652HLR	L421	S		700.4303	1.0233	17.8890	100.0267	39.9487	0.8230	0.8249	5.0000	20.0919	815.1046	94.6131	12.2611	24.8000	0.9300	0.9385	0.6956	-0.0007	815.0000	815.7466	1.0339	-2.5293	100.0895	40.0791	0.8230	0.8222	5.0000	-9999.0000	-9999.0000	-9999.0000	-9999.0000	-9999.0000	-9999.0000	21.2923	8	0	24.6425	1.0000	99	9	-9999.0000	44806	28814	-9999	1727	1684	-9999	559.6368	5	0.6853	0.6956	-0.0007	23.0897	6.7453	738.6158	354.6538	33.1486	656.1517	95.3161	736.8427	94.9646	749.9922	94.7889	759.3271	94.8328	
06/08/2017	00:59:13	019004	H421008643HLR	L421	S		664.2124	1.0233	6.5284	100.0425	39.9964	0.8230	0.8249	5.0000	20.3518	0.0000	0.0000	0.0000	0.0000	0.9300	0.0000	0.0000	0.0000	0.0000	677.1566	1.0339	-0.3114	100.0506	40.0754	0.8230	0.8224	5.0000	-9999.0000	-9999.0000	-9999.0000	-9999.0000	-9999.0000	-9999.0000	20.7825	1	7	26.8526	1.0000	99	9	-9999.0000	44807	0	-9999	1728	1685	-9999	0.0000	0	0.0000	0.0000	0.0000	0.0000	0.0000	0.0000	0.0000	0.0000	0.0000	0.0000	0.0000	0.0000	0.0000	0.0000	0.0000	0.0000	
06/08/2017	00:59:39	019004	H421007726HLR	L421	S		700.2308	1.0233	17.8265	100.0676	39.9829	0.8230	0.8245	5.0000	21.6020	815.1135	95.0305	14.0113	24.7000	0.9300	0.9385	0.6967	-0.0008	815.0000	817.7049	1.0339	-2.5852	100.0271	40.0731	0.8230	0.8221	5.0000	-9999.0000	-9999.0000	-9999.0000	-9999.0000	-9999.0000	-9999.0000	22.6325	2	0	26.4531	1.0000	99	9	-9999.0000	44808	28815	-9999	1729	1686	-9999	558.4199	5	0.6853	0.6967	-0.0008	46.1171	5.3508	734.7356	345.1866	33.5441	650.8773	95.1403	733.3386	94.7889	742.6544	94.7669	751.1764	94.8767	
06/08/2017	01:00:04	019004	H421007716HLR	L421	S		700.6488	1.0233	17.9576	100.0545	39.9874	0.8230	0.8249	5.0000	20.0519	815.0991	94.7010	12.8120	24.7000	0.9300	0.9384	0.6967	-0.0008	815.0000	817.6758	1.0339	-2.5844	100.0705	40.1538	0.8230	0.8222	5.0000	-9999.0000	-9999.0000	-9999.0000	-9999.0000	-9999.0000	-9999.0000	21.0616	3	0	25.1035	1.0000	99	9	-9999.0000	44809	28816	-9999	1730	1687	-9999	559.2257	5	0.6853	0.6967	-0.0008	46.1171	5.3508	739.1730	371.6796	36.3119	661.1216	95.4698	737.5302	94.9207	748.3197	94.7669	756.2653	94.8987	
06/08/2017	01:00:36	019004	H421007738HLR	L421	S		727.0055	1.0233	23.7170	99.9468	40.0154	0.8230	0.8248	5.0000	20.0422	815.0927	94.6790	9.9611	24.7000	0.9300	0.9386	0.6969	-0.0009	815.0000	822.6785	1.0339	-2.7271	100.0653	40.1606	0.8230	0.8222	5.0000	-9999.0000	-9999.0000	-9999.0000	-9999.0000	-9999.0000	-9999.0000	20.6332	4	0	31.9332	1.0000	99	9	-9999.0000	44810	28817	-9999	1731	1688	-9999	561.1555	5	0.6853	0.6969	-0.0009	56.0002	4.8173	763.0249	373.7347	35.9385	682.9979	95.4039	761.3165	94.6571	772.4961	94.6790	779.6200	94.8987	
06/08/2017	01:01:06	019004	H421003751HLR	L421	S		695.1464	1.0233	16.2316	100.0678	39.9796	0.8230	0.8248	5.0000	20.0920	815.1082	95.0964	12.8716	24.7000	0.9300	0.9385	0.6969	-0.0009	815.0000	816.3320	1.0339	-2.5460	100.0104	40.0901	0.8230	0.8220	5.0000	-9999.0000	-9999.0000	-9999.0000	-9999.0000	-9999.0000	-9999.0000	24.0123	5	0	29.6536	1.0000	99	9	-9999.0000	44811	28818	-9999	1732	1689	-9999	559.1801	5	0.6853	0.6969	-0.0009	56.0002	4.8173	735.0542	360.7833	33.0608	644.0690	95.3820	733.5418	94.8767	742.6810	94.7230	751.2355	94.8108	
06/08/2017	01:01:32	019004	H421003750HLR	L421	S		722.1824	1.0233	24.7122	100.0616	39.9487	0.8230	0.8246	5.0000	21.1918	815.0971	94.7230	9.7208	24.7000	0.9300	0.9384	0.6954	-0.0007	815.0000	812.8826	1.0339	-2.4476	100.0673	40.1491	0.8230	0.8222	5.0000	-9999.0000	-9999.0000	-9999.0000	-9999.0000	-9999.0000	-9999.0000	20.5627	6	0	26.6026	1.0000	99	9	-9999.0000	44812	28819	-9999	1733	1690	-9999	560.9890	5	0.6851	0.6954	-0.0007	56.2191	4.7807	757.5458	365.5911	34.4886	667.9025	95.3161	755.8474	94.8548	766.8687	94.7889	775.6349	94.8548	
06/08/2017	01:02:03	019004	H421007720HLR	L421	S		728.3549	1.0233	23.2737	100.0731	40.0330	0.8230	0.8248	5.0000	20.0918	815.1128	94.6571	7.7811	24.7000	0.9300	0.9383	0.6943	-0.0007	815.0000	815.8704	1.0339	-2.5328	100.0720	40.1108	0.8230	0.8221	5.0000	-9999.0000	-9999.0000	-9999.0000	-9999.0000	-9999.0000	-9999.0000	20.9525	7	0	30.9440	1.0000	99	9	-9999.0000	44813	28820	-9999	1734	1691	-9999	561.6667	5	0.6849	0.6943	-0.0007	55.8288	4.8203	771.5236	368.1971	33.8955	677.3464	94.9426	769.8327	94.2836	781.1641	94.4594	790.8513	94.8328	
06/08/2017	01:02:34	019004	H421007753HLR	L421	S		668.0059	1.0233	7.7183	99.9180	40.0205	0.8230	0.8249	5.0000	20.0215	815.1093	95.0744	18.3214	24.5000	0.9300	0.9383	0.6973	-0.0009	815.0000	812.2398	1.0339	-2.4292	99.9618	40.0512	0.8230	0.8221	5.0000	-9999.0000	-9999.0000	-9999.0000	-9999.0000	-9999.0000	-9999.0000	25.9930	8	0	30.5628	1.0000	99	9	-9999.0000	44813	28821	-9999	1735	1692	-9999	554.7665	5	0.6848	0.6973	-0.0009	54.3579	4.8982	705.9746	379.0819	35.8726	634.0404	95.6676	704.6767	95.2062	713.8107	94.8548	719.4584	94.5033	
06/08/2017	01:03:01	019004	H421007722HLR	L421	S		671.7543	1.0233	8.8941	99.9383	39.9520	0.8230	0.8249	5.0000	20.0022	815.1660	94.9646	15.7420	24.7000	0.9300	0.9386	0.7100	-0.0019	815.0000	808.6582	1.0339	-2.3270	100.0247	40.1538	0.8230	0.8221	5.0000	-9999.0000	-9999.0000	-9999.0000	-9999.0000	-9999.0000	-9999.0000	22.3823	1	0	26.6428	1.0000	99	9	-9999.0000	44814	28822	-9999	1736	1693	-9999	554.3460	5	0.6850	0.7100	-0.0019	104.8472	0.9965	702.9595	350.2990	34.6205	625.9646	96.0849	701.4464	95.5797	712.6749	95.1403	721.1997	94.8548	
06/08/2017	01:03:26	019004	H421007741HLR	L421	S		698.7987	1.0233	17.3773	99.9025	40.0056	0.8230	0.8249	5.0000	19.8624	815.1389	94.7669	13.0308	24.7000	0.9300	0.9386	0.7058	-0.0016	815.0000	816.4576	1.0339	-2.5496	100.0819	40.1538	0.8230	0.8221	5.0000	-9999.0000	-9999.0000	-9999.0000	-9999.0000	-9999.0000	-9999.0000	21.3626	2	0	25.9529	1.0000	99	9	-9999.0000	44815	28823	-9999	1737	1694	-9999	558.4801	5	0.6854	0.7058	-0.0016	23.9791	7.2747	730.1992	367.7523	34.2909	647.5402	95.7774	728.7411	95.2062	740.4419	94.8767	750.0752	94.8328	
06/08/2017	01:03:54	019004	H421007723HLR	L421	S		671.9613	1.0233	8.9590	100.0030	39.9487	0.8230	0.8248	5.0000	20.5423	815.1114	95.0744	16.9521	24.7000	0.9300	0.9386	0.6959	-0.0008	815.0000	811.3283	1.0339	-2.4032	100.0528	40.1428	0.8230	0.8221	5.0000	-9999.0000	-9999.0000	-9999.0000	-9999.0000	-9999.0000	-9999.0000	21.4124	3	0	27.2228	1.0000	99	9	-9999.0000	44816	28824	-9999	1738	1695	-9999	555.6354	5	0.6856	0.6959	-0.0008	37.4594	6.1448	715.3740	354.0122	34.5106	633.1556	95.9312	713.7965	95.3600	722.3200	95.0085	728.6031	94.8987	
06/08/2017	01:04:22	019004	H421007754HLR	L421	S		671.6765	1.0233	8.8697	99.9867	39.9487	0.8230	0.8250	5.0000	20.0931	815.0835	94.8108	16.9111	24.7000	0.9300	0.9387	0.6930	-0.0006	815.0000	813.4707	1.0339	-2.4643	100.0680	40.1538	0.8230	0.8221	5.0000	-9999.0000	-9999.0000	-9999.0000	-9999.0000	-9999.0000	-9999.0000	21.4026	4	0	28.6935	1.0000	99	9	-9999.0000	44817	28825	-9999	1739	1696	-9999	556.7363	5	0.6855	0.6930	-0.0006	42.1708	5.7415	717.1246	362.4524	33.6100	633.1800	95.9971	715.3887	95.4479	725.9592	95.0305	732.7217	94.8548	
06/08/2017	01:04:50	019004	H421007715HLR	L421	S		698.6236	1.0233	17.3223	99.9209	40.0359	0.8230	0.8249	5.0000	19.9923	815.0884	94.7889	12.6821	24.8000	0.9300	0.9386	0.6923	-0.0005	815.0000	814.3305	1.0339	-2.4889	100.0656	40.1538	0.8230	0.8222	5.0000	-9999.0000	-9999.0000	-9999.0000	-9999.0000	-9999.0000	-9999.0000	20.9221	5	0	27.2433	1.0000	99	9	-9999.0000	44818	28826	-9999	1740	1697	-9999	558.9225	5	0.6855	0.6923	-0.0005	40.3672	5.8988	741.0698	365.0382	33.5221	656.0058	95.6236	739.7041	94.9866	749.5491	94.7889	758.2382	94.8767	
06/08/2017	01:05:17	019004	H421009401HLR	L421	S		696.0356	1.0233	16.5105	99.9508	39.9487	0.8230	0.8248	5.0000	20.2026	815.0775	94.7010	12.3920	24.7000	0.9300	0.9385	0.6914	-0.0005	815.0000	814.1919	1.0339	-2.4849	100.0328	40.0883	0.8230	0.8220	5.0000	-9999.0000	-9999.0000	-9999.0000	-9999.0000	-9999.0000	-9999.0000	23.6228	6	0	27.1631	1.0000	99	9	-9999.0000	44819	28827	-9999	1741	1698	-9999	558.6828	5	0.6852	0.6914	-0.0005	39.8367	5.9012	742.5621	364.1028	34.6864	659.7429	95.6236	741.3280	95.0305	751.4949	94.8108	760.8861	94.8548	
06/08/2017	01:05:44	019004	H421009439HLR	L421	S		692.4594	1.0233	15.3888	99.9389	39.9409	0.8230	0.8250	5.0000	19.8917	815.1310	94.7230	13.2915	24.7000	0.9300	0.9385	0.6903	-0.0004	815.0000	814.8412	1.0339	-2.5035	100.0841	40.1538	0.8230	0.8221	5.0000	-9999.0000	-9999.0000	-9999.0000	-9999.0000	-9999.0000	-9999.0000	21.4623	7	0	27.3830	1.0000	99	9	-9999.0000	44820	28828	-9999	1742	1699	-9999	558.4285	5	0.6850	0.6903	-0.0004	39.3057	5.9081	738.8995	367.3592	33.9395	654.8774	95.3600	737.8021	94.9426	746.9829	94.7889	755.0830	94.8987	
06/08/2017	01:06:10	019004	H421009400HLR	L421	S		693.6991	1.0233	15.7776	100.2529	40.0162	0.8230	0.8250	5.0000	20.0821	815.1218	95.1403	15.0310	24.7000	0.9300	0.9385	0.6903	-0.0004	815.0000	817.8939	1.0339	-2.5906	100.0246	40.1538	0.8230	0.8220	5.0000	-9999.0000	-9999.0000	-9999.0000	-9999.0000	-9999.0000	-9999.0000	23.7721	8	0	25.4520	1.0000	99	9	-9999.0000	44821	28829	-9999	1743	1700	-9999	558.1425	5	0.6852	0.6903	-0.0004	39.0059	5.9989	735.0590	364.0042	35.1696	653.7068	95.5138	733.5705	95.0964	743.8361	94.9207	750.6679	94.8987	
06/08/2017	01:06:37	019004	H421009399HLR	L421	S		692.3219	1.0233	15.3456	99.9111	40.0105	0.8230	0.8249	5.0000	19.8420	815.0710	94.7230	12.9809	24.7000	0.9300	0.9385	0.6925	-0.0005	815.0000	815.8869	1.0339	-2.5333	100.0591	40.1538	0.8230	0.8222	5.0000	-9999.0000	-9999.0000	-9999.0000	-9999.0000	-9999.0000	-9999.0000	20.8626	1	0	27.3332	1.0000	99	9	-9999.0000	44822	28830	-9999	1744	1701	-9999	559.2763	5	0.6854	0.6925	-0.0005	38.8782	6.0032	739.4963	367.4021	35.1257	656.6470	95.4479	738.0311	94.9426	749.0034	94.7889	756.0170	94.8767	
06/08/2017	01:07:04	019004	H421007746HLR	L421	S		698.6141	1.0233	17.3194	100.0157	39.9450	0.8230	0.8248	5.0000	20.0727	815.0672	94.8108	13.5611	24.7000	0.9300	0.9384	0.6921	-0.0005	815.0000	817.3948	1.0339	-2.5763	100.0463	40.1538	0.8230	0.8220	5.0000	-9999.0000	-9999.0000	-9999.0000	-9999.0000	-9999.0000	-9999.0000	23.6725	2	0	26.9631	1.0000	99	9	-9999.0000	44822	28831	-9999	1745	1702	-9999	558.9837	5	0.6858	0.6921	-0.0005	42.7981	5.7841	738.1442	366.2437	35.2575	655.2641	95.5797	736.9016	95.0085	745.2608	94.8548	753.0549	94.8548	
06/08/2017	01:07:29	019004	H421009408HLR	L421	S		707.4394	1.0233	20.0876	100.1476	39.9487	0.8230	0.8249	5.0000	20.2923	815.1277	94.6351	11.7415	24.7000	0.9300	0.9384	0.6922	-0.0005	815.0000	816.3751	1.0339	-2.5472	100.0499	40.1538	0.8230	0.8220	5.0000	-9999.0000	-9999.0000	-9999.0000	-9999.0000	-9999.0000	-9999.0000	23.6519	3	0	25.2733	1.0000	99	9	-9999.0000	44823	28832	-9999	1746	1703	-9999	559.7833	5	0.6858	0.6922	-0.0005	42.5783	5.7953	748.0908	370.9595	34.4227	661.6449	95.4039	747.0084	94.9207	755.0938	94.8108	763.4372	94.8767	
06/08/2017	01:07:55	019004	H421009427HLR	L421	S		706.0106	1.0233	19.6395	100.0289	40.0062	0.8230	0.8247	5.0000	20.8216	815.1035	94.6571	11.8412	24.6000	0.9300	0.9383	0.6915	-0.0004	815.0000	816.3862	1.0339	-2.5476	100.0540	40.1694	0.8230	0.8222	5.0000	-9999.0000	-9999.0000	-9999.0000	-9999.0000	-9999.0000	-9999.0000	20.8725	4	0	26.2129	1.0000	99	9	-9999.0000	44824	28833	-9999	1747	1704	-9999	559.4823	5	0.6851	0.6915	-0.0004	46.8078	5.4886	746.8105	369.3148	34.8841	663.7676	95.4039	745.1469	94.7889	756.6721	94.6790	763.9344	94.8548	
06/08/2017	01:08:22	019004	H421009426HLR	L421	S		708.1261	1.0233	20.3030	100.0471	39.9405	0.8230	0.8243	5.0000	22.2221	815.1088	94.5912	11.2708	24.6000	0.9300	0.9384	0.6901	-0.0004	815.0000	816.1622	1.0339	-2.5412	100.0478	40.1610	0.8230	0.8221	5.0000	-9999.0000	-9999.0000	-9999.0000	-9999.0000	-9999.0000	-9999.0000	21.1126	5	0	26.2325	1.0000	99	9	-9999.0000	44825	28834	-9999	1748	1705	-9999	559.3369	5	0.6848	0.6901	-0.0004	56.1568	4.9057	750.6922	370.2157	34.5545	665.5319	95.0964	749.3864	94.5692	759.5745	94.6131	768.5001	94.8767	
06/08/2017	01:08:49	019004	H421009434HLR	L421	S		704.6810	1.0233	19.2224	100.0520	39.9487	0.8230	0.8249	5.0000	20.1223	815.1280	94.7449	10.9807	24.7000	0.9300	0.9383	0.6881	-0.0002	815.0000	812.3077	1.0339	-2.4312	100.0160	40.1538	0.8230	0.8220	5.0000	-9999.0000	-9999.0000	-9999.0000	-9999.0000	-9999.0000	-9999.0000	22.5923	6	0	27.1134	1.0000	99	9	-9999.0000	44826	28835	-9999	1749	1706	-9999	559.0149	5	0.6849	0.6881	-0.0002	50.3676	5.3001	750.1863	361.5712	33.8077	662.9493	95.2721	748.4386	94.8108	759.9587	94.6790	768.4934	94.7889	
06/08/2017	01:09:16	019004	H421009415HLR	L421	S		703.6106	1.0233	18.8866	100.0491	40.0308	0.8230	0.8249	5.0000	20.0822	815.1359	94.7669	11.1907	24.6000	0.9300	0.9383	0.6890	-0.0003	815.0000	813.9644	1.0339	-2.4784	100.0778	40.1690	0.8230	0.8221	5.0000	-9999.0000	-9999.0000	-9999.0000	-9999.0000	-9999.0000	-9999.0000	21.2424	7	0	27.0236	1.0000	99	9	-9999.0000	44827	28836	-9999	1750	1707	-9999	559.0861	5	0.6849	0.6890	-0.0003	48.7864	5.3616	750.6517	387.2553	36.2680	675.8356	95.2282	749.0768	94.6571	760.4195	94.6351	769.2189	94.8108	
06/08/2017	01:09:42	019004	H421009422HLR	L421	S		698.1421	1.0233	17.1713	100.0429	39.9861	0.8230	0.8248	5.0000	20.1017	815.1079	94.8328	12.6117	24.6000	0.9300	0.9384	0.6889	-0.0003	815.0000	816.4794	1.0339	-2.5502	100.0315	40.1538	0.8230	0.8220	5.0000	-9999.0000	-9999.0000	-9999.0000	-9999.0000	-9999.0000	-9999.0000	23.3828	8	0	26.2625	1.0000	99	9	-9999.0000	44828	28837	-9999	1751	1708	-9999	558.8350	5	0.6850	0.6889	-0.0003	47.3141	5.4613	745.4102	384.4282	37.1247	670.7423	95.3600	743.7840	94.7889	753.9605	94.7449	760.9426	94.8548	
06/08/2017	01:10:09	019004	H421009414HLR	L421	S		703.1159	1.0233	18.7315	99.9650	39.9487	0.8230	0.8248	5.0000	20.0928	815.1171	94.5253	12.1508	24.6000	0.9300	0.9384	0.6902	-0.0004	815.0000	817.6115	1.0339	-2.5825	100.0459	40.1765	0.8230	0.8221	5.0000	-9999.0000	-9999.0000	-9999.0000	-9999.0000	-9999.0000	-9999.0000	21.4429	1	0	27.3928	1.0000	99	9	-9999.0000	44829	28838	-9999	1752	1709	-9999	558.8419	5	0.6851	0.6902	-0.0004	45.1356	5.6258	746.9578	378.3562	33.9175	663.6835	95.2502	745.4796	94.8548	755.8651	94.7889	764.8794	94.8548	
06/08/2017	01:10:37	019004	H421009402HLR	L421	S		694.7631	1.0233	16.1114	100.0491	40.0054	0.8230	0.8250	5.0000	19.8822	815.1321	94.9866	13.5220	24.6000	0.9300	0.9384	0.6982	-0.0010	815.0000	817.0390	1.0339	-2.5662	100.0214	40.1538	0.8230	0.8220	5.0000	-9999.0000	-9999.0000	-9999.0000	-9999.0000	-9999.0000	-9999.0000	23.7028	2	0	27.4337	1.0000	99	9	-9999.0000	44830	28839	-9999	1753	1710	-9999	558.0303	5	0.6854	0.6982	-0.0010	54.6139	4.8185	736.5387	363.4130	34.9060	650.0974	95.5797	734.8264	95.0305	745.5141	94.8108	753.6657	94.8548	
06/08/2017	01:11:04	019004	H421009488HLR	L421	S		704.0613	1.0233	19.0280	99.8628	40.0109	0.8230	0.8248	5.0000	20.0698	815.1477	94.6131	12.6215	24.6000	0.9300	0.9385	0.6983	-0.0010	815.0000	817.3053	1.0339	-2.5738	100.0164	40.1538	0.8230	0.8220	5.0000	-9999.0000	-9999.0000	-9999.0000	-9999.0000	-9999.0000	-9999.0000	24.1422	3	0	26.9121	1.0000	99	9	-9999.0000	44831	28840	-9999	1754	1711	-9999	558.6995	5	0.6855	0.6983	-0.0010	55.5739	4.7938	740.1858	365.2390	33.6759	655.6378	95.4479	738.5756	95.0964	749.2315	94.9207	757.3739	94.8987	
06/08/2017	01:11:29	019004	H421009448HLR	L421	S		707.0093	1.0233	19.9527	100.1929	39.9921	0.8230	0.8249	5.0000	19.9621	815.1200	94.6131	12.6215	24.6000	0.9300	0.9385	0.6980	-0.0010	815.0000	818.0048	1.0339	-2.5937	100.0016	40.1593	0.8230	0.8220	5.0000	-9999.0000	-9999.0000	-9999.0000	-9999.0000	-9999.0000	-9999.0000	23.2526	4	0	25.6837	1.0000	99	9	-9999.0000	44832	28841	-9999	1755	1712	-9999	558.5439	5	0.6853	0.6980	-0.0010	55.0876	4.8258	742.7058	362.1642	35.0378	656.2899	95.6017	740.7896	95.0305	752.5380	94.8548	760.3976	94.8987	
06/08/2017	01:11:56	019004	H421009470HLR	L421	S		704.2366	1.0233	19.0830	99.9833	39.9567	0.8230	0.8249	5.0000	20.1321	815.1052	94.5253	12.1517	24.6000	0.9300	0.9385	0.6978	-0.0010	815.0000	815.9619	1.0339	-2.5354	100.0341	40.1755	0.8230	0.8220	5.0000	-9999.0000	-9999.0000	-9999.0000	-9999.0000	-9999.0000	-9999.0000	22.4224	5	0	26.3826	1.0000	99	9	-9999.0000	44833	28842	-9999	1756	1713	-9999	558.6716	5	0.6851	0.6978	-0.0010	59.1372	4.4644	739.2979	361.5463	35.4772	657.7946	95.4479	738.0021	94.9207	749.8902	94.7669	758.5699	94.8767	
06/08/2017	01:12:21	019004	H421009447HLR	L421	S		711.1083	1.0233	21.2385	99.9588	39.9603	0.8230	0.8248	5.0000	20.2523	815.0862	94.5253	11.4114	24.6000	0.9300	0.9385	0.7006	-0.0013	815.0000	815.3494	1.0339	-2.5180	100.0543	40.2201	0.8230	0.8222	5.0000	-9999.0000	-9999.0000	-9999.0000	-9999.0000	-9999.0000	-9999.0000	20.9524	6	0	25.3623	1.0000	99	9	-9999.0000	44834	28843	-9999	1757	1714	-9999	559.3612	5	0.6852	0.7006	-0.0013	43.2559	5.8230	744.0057	364.0475	35.2355	661.6373	95.3161	742.5395	94.7889	752.8939	94.7449	760.8438	94.8767	
06/08/2017	01:12:47	019004	H421009456HLR	L421	S		710.8221	1.0233	21.1487	100.0181	39.9741	0.8230	0.8245	5.0000	21.4622	815.1479	94.6790	11.0911	24.7000	0.9300	0.9384	0.7028	-0.0015	815.0000	815.8525	1.0339	-2.5323	100.0455	40.1911	0.8230	0.8220	5.0000	-9999.0000	-9999.0000	-9999.0000	-9999.0000	-9999.0000	-9999.0000	22.0923	7	0	25.9335	1.0000	99	9	-9999.0000	44835	28844	-9999	1758	1715	-9999	559.7226	5	0.6850	0.7028	-0.0015	50.9737	5.1250	741.5298	350.5209	34.4447	656.8008	95.2721	739.8084	94.7889	752.4900	94.6790	761.8727	94.8108	
06/08/2017	01:13:14	019004	H421009455HLR	L421	S		710.2328	1.0233	20.9639	100.0046	39.9866	0.8230	0.8248	5.0000	19.9923	815.1381	94.6790	11.2317	24.6000	0.9300	0.9384	0.7077	-0.0019	815.0000	816.7082	1.0339	-2.5567	100.0819	40.2111	0.8230	0.8221	5.0000	-9999.0000	-9999.0000	-9999.0000	-9999.0000	-9999.0000	-9999.0000	21.1526	8	0	26.9826	1.0000	99	9	-9999.0000	44836	28845	-9999	1759	1716	-9999	559.6410	5	0.6849	0.7077	-0.0019	50.3457	5.1570	739.8045	357.9413	34.0932	650.6025	95.0744	737.8537	94.6571	751.1083	94.6571	760.1223	94.8328	
06/08/2017	01:13:41	019004	H421009443HLR	L421	S		706.6236	1.0233	19.8317	100.0668	39.9947	0.8230	0.8249	5.0000	19.8725	815.1617	94.8108	12.4408	24.6000	0.9300	0.9385	0.7074	-0.0019	815.0000	813.7534	1.0339	-2.4724	100.0016	40.1595	0.8230	0.8220	5.0000	-9999.0000	-9999.0000	-9999.0000	-9999.0000	-9999.0000	-9999.0000	23.6930	1	0	27.1436	1.0000	99	9	-9999.0000	44837	28846	-9999	1760	1717	-9999	557.7884	5	0.6848	0.7074	-0.0019	51.9967	5.0270	730.3320	364.0409	34.6864	648.2720	95.4259	728.5556	94.9866	740.4712	94.8328	747.7640	94.8548	
06/08/2017	01:14:06	019004	H421009473HLR	L421	S		707.8867	1.0233	20.2279	99.8572	39.9872	0.8230	0.8248	5.0000	20.0023	815.1741	94.6571	11.0413	24.7000	0.9300	0.9385	0.7074	-0.0019	815.0000	814.4091	1.0339	-2.4911	100.0150	40.1812	0.8230	0.8220	5.0000	-9999.0000	-9999.0000	-9999.0000	-9999.0000	-9999.0000	-9999.0000	23.4626	2	0	24.6725	1.0000	99	9	-9999.0000	44838	28847	-9999	1761	1718	-9999	559.9126	5	0.6849	0.7074	-0.0019	46.2944	5.4709	738.4320	358.1123	33.2145	652.0061	95.2721	736.6659	94.9426	748.8814	94.8108	758.3419	94.8767	
06/08/2017	01:14:33	019004	H421009444HLR	L421	S		707.6225	1.0233	20.1451	100.1753	39.9882	0.8230	0.8249	5.0000	20.1527	815.1615	94.7449	11.9916	24.7000	0.9300	0.9385	0.7077	-0.0019	815.0000	815.6909	1.0339	-2.5277	100.0330	40.2582	0.8230	0.8222	5.0000	-9999.0000	-9999.0000	-9999.0000	-9999.0000	-9999.0000	-9999.0000	20.6224	3	0	27.5031	1.0000	99	9	-9999.0000	44839	28848	-9999	1762	1719	-9999	558.4768	5	0.6849	0.7077	-0.0019	41.7305	5.8281	735.9845	354.7546	34.5326	648.2597	95.4039	734.2197	94.8767	746.9179	94.7230	755.1619	94.8548	
06/08/2017	01:14:59	019004	H421009462HLR	L421	S		706.4932	1.0233	19.7909	99.9777	39.9681	0.8230	0.8247	5.0000	20.7219	815.1518	94.6351	12.2709	24.7000	0.9300	0.9386	0.7028	-0.0015	815.0000	816.3932	1.0339	-2.5478	100.0287	40.2109	0.8230	0.8220	5.0000	-9999.0000	-9999.0000	-9999.0000	-9999.0000	-9999.0000	-9999.0000	23.8021	4	0	25.3829	1.0000	99	9	-9999.0000	44840	28849	-9999	1763	1720	-9999	557.9188	5	0.6846	0.7028	-0.0015	35.3090	6.3359	737.0637	360.7501	33.9395	650.8714	95.6017	735.3654	95.2062	748.0967	94.9207	756.0918	94.8767	
06/08/2017	01:15:25	019004	H421009450HLR	L421	S		707.5993	1.0233	20.1378	99.9644	39.9696	0.8230	0.8246	5.0000	21.1321	815.1235	94.5472	12.1908	24.7000	0.9300	0.9385	0.7000	-0.0013	815.0000	817.1436	1.0339	-2.5692	100.0549	40.2564	0.8230	0.8221	5.0000	-9999.0000	-9999.0000	-9999.0000	-9999.0000	-9999.0000	-9999.0000	22.0727	5	0	26.1425	1.0000	99	9	-9999.0000	44841	28850	-9999	1764	1721	-9999	558.0510	5	0.6845	0.7000	-0.0013	29.5358	6.7291	740.7466	374.3574	34.9939	658.0164	95.6236	738.9539	95.0964	752.6495	94.8548	761.3551	94.8767	
06/08/2017	01:15:55	019004	H421007773HLR	L421	S		711.6543	1.0233	21.4097	99.9430	39.9980	0.8230	0.8247	5.0000	20.7522	815.1533	94.5692	11.0608	24.7000	0.9300	0.9385	0.7036	-0.0016	815.0000	816.3548	1.0339	-2.5467	100.0529	40.2635	0.8230	0.8221	5.0000	-9999.0000	-9999.0000	-9999.0000	-9999.0000	-9999.0000	-9999.0000	21.0228	6	0	30.1237	1.0000	99	9	-9999.0000	44842	28851	-9999	1765	1722	-9999	559.5386	5	0.6848	0.7036	-0.0016	40.6675	5.7868	742.4194	353.5795	34.5326	653.7134	95.3380	740.8648	94.8328	751.4758	94.7449	760.4520	94.8767	
06/08/2017	01:16:22	019004	H421007761HLR	L421	S		713.9287	1.0233	22.1232	100.1085	39.9898	0.8230	0.8248	5.0000	20.2727	815.1349	94.7010	10.8918	24.7000	0.9300	0.9385	0.7032	-0.0015	815.0000	816.4157	1.0339	-2.5484	99.9957	40.2433	0.8230	0.8219	5.0000	-9999.0000	-9999.0000	-9999.0000	-9999.0000	-9999.0000	-9999.0000	26.8429	7	0	26.8631	1.0000	99	9	-9999.0000	44843	28852	-9999	1765	1723	-9999	559.7770	5	0.6849	0.7032	-0.0015	44.3219	5.4274	743.4306	365.4497	34.4886	659.0348	95.3380	741.6745	94.7889	754.1115	94.7010	763.5079	94.8108	
06/08/2017	01:16:51	019004	H421007772HLR	L421	S		708.1262	1.0233	20.3031	99.9879	39.9630	0.8230	0.8249	5.0000	19.9684	815.1817	94.7230	11.5218	24.7000	0.9300	0.9385	0.7076	-0.0019	815.0000	816.7088	1.0339	-2.5568	100.0385	40.2564	0.8230	0.8221	5.0000	-9999.0000	-9999.0000	-9999.0000	-9999.0000	-9999.0000	-9999.0000	22.1020	8	0	28.8931	1.0000	99	9	-9999.0000	44844	28853	-9999	1766	1724	-9999	559.0099	5	0.6850	0.7076	-0.0019	62.6679	3.8478	738.9315	373.8251	36.5536	662.8820	95.5358	737.1967	94.9866	749.4988	94.8108	757.5222	94.8328	
06/08/2017	01:17:19	019004	H421007802HLR	L421	S		708.2051	1.0233	20.3278	99.7982	40.0140	0.8230	0.8248	5.0000	20.2220	815.0754	94.5912	12.1713	24.6000	0.9300	0.9385	0.7108	-0.0022	815.0000	814.2438	1.0339	-2.4864	99.9731	40.2564	0.8230	0.8219	5.0000	-9999.0000	-9999.0000	-9999.0000	-9999.0000	-9999.0000	-9999.0000	25.6132	1	0	28.2030	1.0000	99	9	-9999.0000	44844	28854	-9999	1767	1725	-9999	557.6495	5	0.6849	0.7108	-0.0022	68.2591	3.3610	731.5186	359.1645	34.2250	644.4900	95.3161	729.9222	94.8987	741.3839	94.7889	749.9653	94.8767	
06/08/2017	01:17:46	019004	H421009003HLR	L421	S		711.7238	1.0233	21.4316	100.0119	39.9976	0.8230	0.8249	5.0000	19.9328	815.1411	94.6571	12.4721	24.7000	0.9300	0.9385	0.7045	-0.0017	815.0000	813.0510	1.0339	-2.4524	99.9858	40.2564	0.8230	0.8219	5.0000	-9999.0000	-9999.0000	-9999.0000	-9999.0000	-9999.0000	-9999.0000	24.5524	2	0	27.5431	1.0000	99	9	-9999.0000	44845	28855	-9999	1768	1726	-9999	557.4928	5	0.6851	0.7045	-0.0017	63.3293	3.7858	737.1898	364.4171	33.5880	653.9445	95.4698	735.7572	95.0744	745.9280	94.8548	754.4995	94.8767	
06/08/2017	01:18:12	019004	H421009002HLR	L421	S		707.8917	1.0233	20.2295	100.0520	39.9978	0.8230	0.8249	5.0000	20.2014	815.1481	94.6351	12.9214	24.7000	0.9300	0.9385	0.7053	-0.0017	815.0000	814.1658	1.0339	-2.4842	100.0160	40.2564	0.8230	0.8219	5.0000	-9999.0000	-9999.0000	-9999.0000	-9999.0000	-9999.0000	-9999.0000	24.2926	3	0	25.1523	1.0000	99	9	-9999.0000	44846	28856	-9999	1769	1727	-9999	556.6151	5	0.6852	0.7053	-0.0017	68.0598	3.3224	734.9906	354.7577	33.8736	650.1364	95.4479	733.5589	95.0525	743.9330	94.8767	752.3083	94.8987	
06/08/2017	01:18:38	019004	H421009101HLR	L421	S		709.0825	1.0233	20.6030	100.1048	40.0099	0.8230	0.8249	5.0000	19.9016	815.1599	94.7230	13.0610	24.6000	0.9300	0.9385	0.7077	-0.0020	815.0000	813.1077	1.0339	-2.4540	100.0736	40.3065	0.8230	0.8221	5.0000	-9999.0000	-9999.0000	-9999.0000	-9999.0000	-9999.0000	-9999.0000	21.5229	4	0	26.8838	1.0000	99	9	-9999.0000	44847	28857	-9999	1770	1728	-9999	555.8622	5	0.6851	0.7077	-0.0020	63.7169	3.7571	729.8941	362.5589	35.6309	648.8039	95.7774	728.2231	95.2721	740.2307	94.9646	748.8626	94.8987	
06/08/2017	01:19:05	019004	H421008992HLR	L421	S		708.1783	1.0233	20.3194	99.8731	39.9389	0.8230	0.8244	5.0000	21.9028	815.0977	94.5692	12.9018	24.6000	0.9300	0.9385	0.6990	-0.0012	815.0000	812.2387	1.0339	-2.4292	100.0782	40.3147	0.8230	0.8221	5.0000	-9999.0000	-9999.0000	-9999.0000	-9999.0000	-9999.0000	-9999.0000	21.0824	5	0	26.9424	1.0000	99	9	-9999.0000	44848	28858	-9999	1771	1729	-9999	557.1206	5	0.6850	0.6990	-0.0012	77.2658	2.5471	736.7823	361.3687	35.4772	654.5496	95.7335	735.6845	95.3380	745.1156	95.0085	753.0591	94.8987	
06/08/2017	01:19:32	019004	H421009008HLR	L421	S		705.4633	1.0233	19.4678	99.9657	39.9968	0.8230	0.8249	5.0000	20.3117	815.1254	94.6131	13.3511	24.6000	0.9300	0.9384	0.6963	-0.0010	815.0000	813.8172	1.0339	-2.4742	100.0770	40.3221	0.8230	0.8221	5.0000	-9999.0000	-9999.0000	-9999.0000	-9999.0000	-9999.0000	-9999.0000	21.0424	6	0	26.9328	1.0000	99	9	-9999.0000	44849	28859	-9999	1772	1730	-9999	557.2449	5	0.6850	0.6963	-0.0010	84.6022	1.8806	737.8474	370.0327	34.0273	658.1257	95.5358	736.5537	95.0964	746.4300	94.8767	754.4504	94.8987	
06/08/2017	01:19:57	019004	H421008972HLR	L421	S		712.6875	1.0233	21.7338	100.0611	40.0271	0.8230	0.8249	5.0000	19.9123	815.1657	94.6131	10.9114	24.6000	0.9300	0.9384	0.6981	-0.0011	815.0000	810.7843	1.0339	-2.3877	100.0491	40.2564	0.8230	0.8220	5.0000	-9999.0000	-9999.0000	-9999.0000	-9999.0000	-9999.0000	-9999.0000	23.6725	7	0	25.0027	1.0000	99	9	-9999.0000	44850	28860	-9999	1773	1731	-9999	559.1515	5	0.6848	0.6981	-0.0011	94.1940	1.0399	745.5781	365.7442	33.5001	661.9075	95.4479	744.0167	95.0525	756.4235	94.8548	764.7626	94.8767	
06/08/2017	01:20:27	019004	H421008984HLR	L421	S		701.6781	1.0233	18.2804	99.9669	39.9573	0.8230	0.8248	5.0000	20.1320	815.0692	94.9426	13.2915	24.6000	0.9300	0.9384	0.6955	-0.0009	815.0000	812.9958	1.0339	-2.4508	100.0820	40.3374	0.8230	0.8222	5.0000	-9999.0000	-9999.0000	-9999.0000	-9999.0000	-9999.0000	-9999.0000	20.6526	8	0	29.3940	1.0000	99	9	-9999.0000	44851	28861	-9999	1774	1732	-9999	556.9986	5	0.6844	0.6955	-0.0009	102.0523	0.3389	737.3893	367.2488	35.4552	655.0530	95.6017	736.3956	94.9866	745.0433	94.7889	752.8901	94.8108	
06/08/2017	01:20:53	019004	H421008997HLR	L421	S		699.9051	1.0233	17.7243	100.0077	39.9393	0.8230	0.8245	5.0000	21.6916	815.0716	94.6131	13.0620	24.6000	0.9300	0.9386	0.6933	-0.0007	815.0000	813.1736	1.0339	-2.4559	100.0135	40.2564	0.8230	0.8220	5.0000	-9999.0000	-9999.0000	-9999.0000	-9999.0000	-9999.0000	-9999.0000	26.1328	1	0	26.2724	1.0000	99	9	-9999.0000	44851	28862	-9999	1775	1733	-9999	557.4057	5	0.6846	0.6933	-0.0007	105.1281	0.0462	739.0055	368.6733	34.8401	655.5186	95.7774	737.4212	95.3161	747.3906	95.0085	755.4672	94.8767	
06/08/2017	01:21:21	019004	H421008987HLR	L421	S		714.3516	1.0233	22.2558	99.9581	40.0265	0.8230	0.8249	5.0000	20.0324	815.1019	94.5472	11.5218	24.7000	0.9300	0.9386	0.6895	-0.0004	815.0000	812.9911	1.0339	-2.4507	100.0302	40.3323	0.8230	0.8220	5.0000	-9999.0000	-9999.0000	-9999.0000	-9999.0000	-9999.0000	-9999.0000	22.6627	2	0	28.3332	1.0000	99	9	-9999.0000	44852	28863	-9999	1776	1734	-9999	558.4241	5	0.6847	0.6895	-0.0004	99.2377	0.5142	754.7792	365.0482	34.8401	670.8878	95.5797	753.6715	95.0964	762.4064	94.8987	769.3590	94.8987	
06/08/2017	01:21:47	019004	H421008999HLR	L421	S		700.7262	1.0233	17.9819	99.9629	39.9971	0.8230	0.8245	5.0000	21.5824	815.0988	94.6571	12.1517	24.7000	0.9300	0.9385	0.6918	-0.0006	815.0000	812.5062	1.0339	-2.4368	100.0216	40.2890	0.8230	0.8219	5.0000	-9999.0000	-9999.0000	-9999.0000	-9999.0000	-9999.0000	-9999.0000	25.0527	3	0	25.2528	1.0000	99	9	-9999.0000	44853	28864	-9999	1777	1735	-9999	558.4558	5	0.6853	0.6918	-0.0006	88.1641	1.3440	742.8830	368.7473	33.7857	656.4298	95.6676	741.4181	95.1843	752.0257	94.8987	759.9025	94.8328	
06/08/2017	01:22:13	019004	H421009050HLR	L421	S		708.8225	1.0233	20.5215	99.9412	39.9550	0.8230	0.8248	5.0000	20.0617	815.1387	94.5912	12.5014	24.6000	0.9300	0.9385	0.6918	-0.0005	815.0000	815.1297	1.0339	-2.5117	100.0787	40.3589	0.8230	0.8221	5.0000	-9999.0000	-9999.0000	-9999.0000	-9999.0000	-9999.0000	-9999.0000	21.1420	4	0	26.6231	1.0000	99	9	-9999.0000	44854	28865	-9999	1778	1736	-9999	558.4464	5	0.6853	0.6918	-0.0005	76.1230	2.3417	746.4187	368.1804	33.6319	661.4769	95.4259	745.1803	95.0964	755.6585	94.8767	763.7020	94.8767	
06/08/2017	01:22:40	019004	H421008990HLR	L421	S		711.7363	1.0233	21.4355	100.0923	39.9888	0.8230	0.8249	5.0000	19.9816	815.0821	94.4594	12.0111	24.7000	0.9300	0.9385	0.6842	0.0001	815.0000	812.4263	1.0339	-2.4345	100.0275	40.3475	0.8230	0.8220	5.0000	-9999.0000	-9999.0000	-9999.0000	-9999.0000	-9999.0000	-9999.0000	22.5318	5	0	26.4833	1.0000	99	9	-9999.0000	44855	28866	-9999	1779	1737	-9999	558.2495	5	0.6853	0.6842	0.0001	65.6639	3.2132	752.6291	363.4004	33.9614	669.1448	95.5138	751.0561	95.0744	761.2240	94.8987	767.8835	94.9207	
06/08/2017	01:23:07	019004	H421009048HLR	L421	S		709.5623	1.0233	20.7535	100.0885	40.0332	0.8230	0.8249	5.0000	19.7729	815.1341	94.5912	12.6020	24.6000	0.9300	0.9384	0.7064	-0.0017	815.0000	814.0838	1.0339	-2.4818	100.0895	40.3589	0.8230	0.8221	5.0000	-9999.0000	-9999.0000	-9999.0000	-9999.0000	-9999.0000	-9999.0000	20.6517	6	0	27.0324	1.0000	99	9	-9999.0000	44856	28867	-9999	1780	1738	-9999	558.8710	5	0.6855	0.7064	-0.0017	44.0098	4.8564	732.8663	360.2994	33.0388	651.6767	95.3600	731.7036	94.9646	741.3911	94.7889	749.9745	94.8548	
06/08/2017	01:23:32	019004	H421009034HLR	L421	S		714.8462	1.0233	22.4110	100.0042	39.9644	0.8230	0.8248	5.0000	19.9320	815.1325	94.5692	11.3216	24.6000	0.9300	0.9384	0.7091	-0.0018	815.0000	814.6151	1.0339	-2.4970	100.0182	40.3182	0.8230	0.8220	5.0000	-9999.0000	-9999.0000	-9999.0000	-9999.0000	-9999.0000	-9999.0000	22.8521	7	0	25.4129	1.0000	99	9	-9999.0000	44857	28868	-9999	1781	1739	-9999	561.1417	5	0.6858	0.7091	-0.0018	46.3216	4.6936	736.2547	354.6676	34.9719	651.5316	95.2941	735.0654	94.8548	746.1758	94.7669	756.2668	94.8767	
06/08/2017	01:23:59	019004	H421009010HLR	L421	S		710.8876	1.0233	21.1693	100.2305	39.9560	0.8230	0.8246	5.0000	21.2718	815.1344	94.8987	13.0112	24.6000	0.9300	0.9384	0.7089	-0.0018	815.0000	816.1305	1.0339	-2.5403	100.0760	40.3589	0.8230	0.8222	5.0000	-9999.0000	-9999.0000	-9999.0000	-9999.0000	-9999.0000	-9999.0000	20.7319	8	0	27.2433	1.0000	99	9	-9999.0000	44858	28869	-9999	1782	1740	-9999	558.4969	5	0.6857	0.7089	-0.0018	47.7536	4.6246	730.7013	378.3952	35.9165	657.7681	95.5797	729.2391	94.9646	739.1416	94.7669	748.0557	94.8548	
06/08/2017	01:24:26	019004	H421009022HLR	L421	S		709.3435	1.0233	20.6849	100.0452	39.9921	0.8230	0.8249	5.0000	20.2015	815.1858	94.5253	12.5414	24.6000	0.9300	0.9385	0.7105	-0.0019	815.0000	815.7738	1.0339	-2.5301	100.0463	40.3043	0.8230	0.8220	5.0000	-9999.0000	-9999.0000	-9999.0000	-9999.0000	-9999.0000	-9999.0000	23.3826	1	0	26.6731	1.0000	99	9	-9999.0000	44859	28870	-9999	1783	1740	-9999	559.7006	5	0.6861	0.7105	-0.0019	43.3050	4.9654	733.3425	381.6871	36.2241	659.6385	95.7335	731.9620	95.2282	743.1166	94.9426	751.9027	94.8987	
06/08/2017	01:24:53	019004	H421009045HLR	L421	S		708.9866	1.0233	20.5730	100.0573	40.0377	0.8230	0.8249	5.0000	19.9816	815.1219	94.7889	13.4615	24.6000	0.9300	0.9386	0.7106	-0.0019	815.0000	815.7848	1.0339	-2.5304	100.0708	40.3589	0.8230	0.8222	5.0000	-9999.0000	-9999.0000	-9999.0000	-9999.0000	-9999.0000	-9999.0000	20.8128	2	0	27.3427	1.0000	99	9	-9999.0000	44860	28871	-9999	1784	1741	-9999	558.2093	5	0.6864	0.7106	-0.0019	37.8124	5.4157	728.3612	361.9154	35.1257	650.8228	95.7335	727.2642	95.1623	736.0115	94.8987	745.0447	94.9207	
06/08/2017	01:25:20	019004	H421009021HLR	L421	S		712.2769	1.0233	21.6050	99.9537	40.0056	0.8230	0.8248	5.0000	20.2023	815.1447	94.6351	11.4818	24.7000	0.9300	0.9386	0.7107	-0.0019	815.0000	814.3318	1.0339	-2.4889	100.0661	40.3589	0.8230	0.8222	5.0000	-9999.0000	-9999.0000	-9999.0000	-9999.0000	-9999.0000	-9999.0000	20.6028	3	0	26.3633	1.0000	99	9	-9999.0000	44861	28872	-9999	1785	1742	-9999	561.3487	5	0.6867	0.7107	-0.0019	35.2759	5.6815	734.9343	361.4412	33.2145	649.0352	95.4259	733.0370	95.0525	746.4468	94.8767	755.5919	94.8987	
06/08/2017	01:25:46	019004	H421009039HLR	L421	S		704.9419	1.0233	19.3042	100.1111	39.9620	0.8230	0.8248	5.0000	20.0716	815.1185	94.9207	13.6119	24.6000	0.9300	0.9385	0.7103	-0.0019	815.0000	816.2300	1.0339	-2.5431	100.0337	40.3102	0.8230	0.8220	5.0000	-9999.0000	-9999.0000	-9999.0000	-9999.0000	-9999.0000	-9999.0000	21.9818	4	0	25.7528	1.0000	99	9	-9999.0000	44862	28873	-9999	1786	1743	-9999	558.0507	5	0.6866	0.7103	-0.0019	34.7934	5.7120	727.9539	348.6191	32.5775	643.6173	95.3820	726.3755	94.9426	737.3304	94.7449	745.8146	94.8987	
06/08/2017	01:26:13	019004	H421009028HLR	L421	S		708.1340	1.0233	20.3055	100.0790	39.9843	0.8230	0.8248	5.0000	20.4818	815.1443	94.5912	12.7514	24.6000	0.9300	0.9385	0.7094	-0.0019	815.0000	813.3994	1.0339	-2.4623	100.0475	40.3008	0.8230	0.8221	5.0000	-9999.0000	-9999.0000	-9999.0000	-9999.0000	-9999.0000	-9999.0000	21.5326	5	0	27.8929	1.0000	99	9	-9999.0000	44863	28874	-9999	1787	1744	-9999	559.1313	5	0.6863	0.7094	-0.0019	28.8807	6.1711	730.6866	355.2836	33.1706	641.6057	95.6895	729.0959	95.3380	740.4846	95.0305	747.6097	94.9426	
06/08/2017	01:26:41	019004	H421009257HLR	L421	S		702.8837	1.0233	18.6586	100.1785	40.0257	0.8230	0.8249	5.0000	20.0129	815.1536	94.7669	13.8013	24.6000	0.9300	0.9386	0.7102	-0.0019	815.0000	815.0784	1.0339	-2.5102	100.0218	40.2623	0.8230	0.8220	5.0000	-9999.0000	-9999.0000	-9999.0000	-9999.0000	-9999.0000	-9999.0000	23.5623	6	0	27.8137	1.0000	99	9	-9999.0000	44864	28875	-9999	1788	1745	-9999	557.3324	5	0.6862	0.7102	-0.0019	47.4417	4.5943	726.0892	354.2366	32.9070	640.2666	95.5797	724.1854	95.1623	736.3584	94.9207	744.7956	94.9426	
06/08/2017	01:27:07	019004	H421009026HLR	L421	S		709.3225	1.0233	20.6783	99.9086	39.9976	0.8230	0.8247	5.0000	20.6429	815.1566	94.5033	12.4516	24.6000	0.9300	0.9386	0.7146	-0.0023	815.0000	814.0621	1.0339	-2.4812	100.0280	40.2572	0.8230	0.8219	5.0000	-9999.0000	-9999.0000	-9999.0000	-9999.0000	-9999.0000	-9999.0000	24.0719	7	0	25.9724	1.0000	99	9	-9999.0000	44865	28876	-9999	1789	1746	-9999	559.5187	5	0.6866	0.7146	-0.0023	59.5970	3.5877	729.8393	345.1098	32.8850	641.8733	95.4259	728.3420	95.0964	740.1540	94.8767	749.4602	94.8987	
06/08/2017	01:27:34	019004	H421008978HLR	L421	S		709.2981	1.0233	20.6707	100.0193	39.9782	0.8230	0.8249	5.0000	20.0215	815.0985	94.5692	12.1615	24.6000	0.9300	0.9386	0.7164	-0.0024	815.0000	813.8312	1.0339	-2.4746	100.0217	40.3010	0.8230	0.8220	5.0000	-9999.0000	-9999.0000	-9999.0000	-9999.0000	-9999.0000	-9999.0000	22.2924	8	0	26.6729	1.0000	99	9	-9999.0000	44866	28877	-9999	1789	1747	-9999	560.1068	5	0.6863	0.7164	-0.0024	57.4192	3.8033	724.9459	358.7798	34.2031	594.3395	95.4918	723.5750	95.0525	736.9273	94.8328	746.3051	94.8987	
