Data	Timp	Nr. masina	Nr. de serie	Tip	Productie	Comentariu	Pre-masurare Q [ml/min]	Pre-masurare Gain	Pre-masurare Offset Master	Pre-masurare P [bar]	Pre-masurare T [°C]	Pre-masurare Densitate fixa [kg/l]	Pre-masurare densitate masurata [kg/l]	Pre-masurare Timp masurare [s]	Pre-masurare Cycle time [s]	rectificare Q Oprire [ml/min]	rectificare P Oprire [bar]	rectificare Timp rectificare [s]	rectificare T [°C]	rectificare Densitate fixa [kg/l]	rectificare densitate masurata [kg/l]	rectificare Factor de masurare la rectificare	rectificare Factor de corectie a debitului	rectificare Target rectificare	Masurare Q [ml/min]	Masurare Gain	Masurare Offset Master	Masurare P [bar]	Masurare T [°C]	Masurare Densitate fixa [kg/l]	Masurare densitate masurata [kg/l]	Masurare Timp masurare [s]	Masurare Q [ml/min]	Masurare Delta Q [ml/min]	Masurare P [bar]	Masurare BP [bar]	Masurare T [°C]	Masurare Timp masurare [s]	Masurare Cycle time [s]	Nest Nr.	Cod de descarcare	Cycle time [s]	Traceability aktiv	EDM Maschine Nr	EDM Spindle Nr	Honing Rate [r	Station Counter Premeasure	Station Counter Grind	Station Counter Blowout 1	Station Counter Wash	Station Counter Measure	Station Counter Blowout 2	RealGrindQStop	Reg Type	Factor 0	Factor 1	Factor 2	Factor 3	Factor 4	G_StartQV	G_StartQV_1	G_StartQV_2	G_StartQV_3	G_StartQV_4	G_StartQV_5	
20/08/2017	00:09:41	019004	G523075081HLR	L523	S		440.7538	1.0233	10.0000	100.1396	40.2936	0.8230	0.8268	5.0000	19.9816	508.0750	94.8548	11.4017	24.0000	0.9300	0.9291	0.6462	-0.0004	508.0000	509.3310	1.0339	7.7621	99.9311	40.9743	0.8230	0.8236	5.0000	-9999.0000	-9999.0000	-9999.0000	-9999.0000	-9999.0000	-9999.0000	20.5530	5	0	989.7316	1.0000	04	3	-9999.0000	17235	54374	-9999	473	460	-9999	325.9597	5	0.6415	0.6462	-0.0004	34.3333	2.7954	483.6503	328.9174	37.8936	450.4498	96.1508	477.7946	95.4698	483.1119	95.1843	486.6822	94.7449	
20/08/2017	00:10:03	019004	G523075090HLR	L523	S		438.9469	1.0233	10.0000	100.0139	40.2826	0.8230	0.8265	5.0000	20.1592	508.0796	94.7010	10.7307	24.0000	0.9300	0.9291	0.6458	-0.0004	508.0000	508.2712	1.0339	7.8703	100.0364	40.9358	0.8230	0.8236	5.0000	-9999.0000	-9999.0000	-9999.0000	-9999.0000	-9999.0000	-9999.0000	20.7923	6	0	23.9431	1.0000	04	3	-9999.0000	17236	54375	-9999	474	461	-9999	326.1004	5	0.6415	0.6458	-0.0004	34.7226	2.7708	485.4621	339.7427	40.0464	451.5161	95.7774	479.5412	95.3380	484.9032	95.3161	488.9580	94.9866	
20/08/2017	00:10:27	019004	G523075063HLR	L523	S		446.5629	1.0233	10.0000	99.9377	40.2932	0.8230	0.8266	5.0000	20.0618	508.0363	94.7669	9.4112	24.0000	0.9300	0.9290	0.6460	-0.0004	508.0000	508.2228	1.0339	7.8752	100.0939	40.5794	0.8230	0.8244	5.0000	-9999.0000	-9999.0000	-9999.0000	-9999.0000	-9999.0000	-9999.0000	20.3725	7	0	23.9424	1.0000	04	3	-9999.0000	17237	54376	-9999	475	462	-9999	326.3111	5	0.6415	0.6460	-0.0004	33.1746	2.9039	490.1237	335.8845	39.1896	457.3009	95.7994	484.0875	95.3161	489.6215	95.2282	493.6962	94.8108	
20/08/2017	00:10:55	019004	G523075072HLR	L523	S		441.9572	1.0233	10.0000	100.1329	40.3096	0.8230	0.8265	5.0000	20.6029	508.0568	94.9207	11.6917	24.1000	0.9300	0.9292	0.6461	-0.0004	508.0000	507.3650	1.0339	7.9628	100.0847	40.1360	0.8230	0.8236	5.0000	-9999.0000	-9999.0000	-9999.0000	-9999.0000	-9999.0000	-9999.0000	20.6126	8	0	27.4629	1.0000	04	3	-9999.0000	17238	54377	-9999	476	463	-9999	325.8380	5	0.6415	0.6461	-0.0004	38.9770	2.4397	481.6016	333.3797	40.7274	452.5682	95.4479	476.5587	95.0085	481.0449	94.8108	485.6103	94.7010	
20/08/2017	00:11:18	019004	G523075062HLR	L523	S		446.4431	1.0233	10.0000	99.9938	40.3825	0.8230	0.8266	5.0000	20.0822	508.0462	94.7010	11.2307	24.0000	0.9300	0.9293	0.6464	-0.0005	508.0000	507.3828	1.0339	7.9609	99.9654	39.7470	0.8230	0.8230	5.0000	-9999.0000	-9999.0000	-9999.0000	-9999.0000	-9999.0000	-9999.0000	23.5720	1	0	23.5827	1.0000	04	3	-9999.0000	17239	54378	-9999	477	464	-9999	325.8532	5	0.6414	0.6464	-0.0005	38.1774	2.5297	484.6445	330.9021	40.2221	454.4331	95.5358	479.8846	95.1184	484.0768	95.1184	488.5493	94.9426	
20/08/2017	00:11:45	019004	G523075080HLR	L523	S		441.5251	1.0233	10.0000	100.0375	40.3022	0.8230	0.8265	5.0000	20.6525	508.0640	94.8108	10.5110	24.1000	0.9300	0.9289	0.6456	-0.0004	508.0000	508.5937	1.0339	7.8374	100.0315	39.7912	0.8230	0.8240	5.0000	-9999.0000	-9999.0000	-9999.0000	-9999.0000	-9999.0000	-9999.0000	20.2718	2	0	26.3234	1.0000	04	3	-9999.0000	17240	54379	-9999	478	465	-9999	325.9828	5	0.6413	0.6456	-0.0004	42.9411	2.1526	484.7553	301.8420	38.5965	448.7835	95.4039	478.1903	95.2721	484.0671	95.2721	489.1835	94.9646	
20/08/2017	00:12:08	019004	G523075092HLR	L523	S		446.5785	1.0233	10.0000	99.9493	40.1796	0.8230	0.8276	5.0000	19.8029	508.0662	94.8767	9.7218	23.9000	0.9300	0.9289	0.6456	-0.0004	508.0000	508.5274	1.0339	7.8441	99.9555	40.0512	0.8230	0.8239	5.0000	-9999.0000	-9999.0000	-9999.0000	-9999.0000	-9999.0000	-9999.0000	22.6823	3	0	23.6226	1.0000	04	3	-9999.0000	17241	54380	-9999	479	466	-9999	326.1266	5	0.6413	0.6456	-0.0004	39.8327	2.4629	487.7670	324.4055	39.2775	454.7670	95.2941	481.4800	94.6131	487.2219	94.5472	491.3440	94.5253	
20/08/2017	00:12:34	019004	G523075082HLR	L523	S		439.7832	1.0233	10.0000	99.9379	39.9999	0.8230	0.8267	5.0000	19.8919	508.0870	94.8328	10.0607	23.9000	0.9300	0.9287	0.6456	-0.0004	508.0000	507.2049	1.0339	7.9791	100.0954	40.1180	0.8230	0.8240	5.0000	-9999.0000	-9999.0000	-9999.0000	-9999.0000	-9999.0000	-9999.0000	20.3224	4	0	25.5227	1.0000	04	3	-9999.0000	17242	54381	-9999	480	467	-9999	326.0971	5	0.6414	0.6456	-0.0004	43.1504	2.1352	485.9430	330.9962	38.6405	451.3945	95.3161	479.4772	94.7889	485.4124	94.6131	489.3343	94.5692	
20/08/2017	00:13:02	019004	G523075065HLR	L523	S		443.2938	1.0233	10.0000	99.9449	39.7126	0.8230	0.8263	5.0000	20.4721	508.0422	94.7230	9.0010	23.8000	0.9300	0.9286	0.6457	-0.0004	508.0000	507.3636	1.0339	7.9629	100.0986	39.8930	0.8230	0.8236	5.0000	-9999.0000	-9999.0000	-9999.0000	-9999.0000	-9999.0000	-9999.0000	20.2526	5	0	28.7530	1.0000	04	3	-9999.0000	17243	54382	-9999	481	468	-9999	326.3010	5	0.6415	0.6457	-0.0004	50.8028	1.3626	489.2668	326.7217	37.5860	455.8373	95.2062	482.7438	94.7230	488.7401	94.6571	494.1147	94.6131	
20/08/2017	00:13:28	019004	G523075067HLR	L523	S		445.6208	1.0233	10.0000	100.0304	39.7051	0.8230	0.8268	5.0000	20.1926	508.0475	94.9646	11.0305	23.7000	0.9300	0.9286	0.6456	-0.0004	508.0000	507.6477	1.0339	7.9339	99.9859	39.7435	0.8230	0.8233	5.0000	-9999.0000	-9999.0000	-9999.0000	-9999.0000	-9999.0000	-9999.0000	25.4324	6	0	25.4531	1.0000	04	3	-9999.0000	17244	54383	-9999	482	469	-9999	325.8768	5	0.6415	0.6456	-0.0004	57.2589	0.7535	482.9138	328.1909	39.2336	452.0124	95.2721	478.4710	94.6131	482.5276	94.3276	486.4999	94.5253	
20/08/2017	00:13:52	019004	G523075074HLR	L523	S		445.6858	1.0233	10.0000	99.9335	39.9487	0.8230	0.8271	5.0000	20.2318	508.0487	94.7449	10.8713	23.6000	0.9300	0.9285	0.6441	-0.0002	508.0000	509.8250	1.0339	7.7117	100.0653	39.9970	0.8230	0.8241	5.0000	-9999.0000	-9999.0000	-9999.0000	-9999.0000	-9999.0000	-9999.0000	21.1028	7	0	23.9531	1.0000	04	3	-9999.0000	17245	54384	-9999	483	470	-9999	325.9384	5	0.6415	0.6441	-0.0002	56.9467	0.7526	486.0734	332.9305	39.9146	450.6827	95.5358	480.7830	95.0964	485.7011	95.0085	489.6413	94.7669	
20/08/2017	00:14:16	019004	G523075097HLR	L523	S		440.8143	1.0233	10.0000	99.9362	40.0447	0.8230	0.8268	5.0000	20.0423	508.0686	95.1184	13.7310	23.5000	0.9300	0.9285	0.6451	-0.0003	508.0000	510.0555	1.0339	7.6882	100.0327	40.1538	0.8230	0.8241	5.0000	-9999.0000	-9999.0000	-9999.0000	-9999.0000	-9999.0000	-9999.0000	20.1429	8	0	23.9723	1.0000	04	3	-9999.0000	17246	54385	-9999	484	471	-9999	325.5249	5	0.6417	0.6451	-0.0003	59.9094	0.5028	477.6148	327.5999	37.8277	445.0017	95.9312	471.8409	95.4479	477.0242	95.2941	480.6677	94.9207	
20/08/2017	00:14:42	019004	G523075094HLR	L523	S		443.5620	1.0233	10.0000	99.8172	39.8156	0.8230	0.8263	5.0000	20.1418	508.0541	94.7230	11.9115	23.4000	0.9300	0.9284	0.6461	-0.0004	508.0000	510.5660	1.0339	7.6361	100.0676	40.0044	0.8230	0.8237	5.0000	-9999.0000	-9999.0000	-9999.0000	-9999.0000	-9999.0000	-9999.0000	20.4318	1	0	25.8831	1.0000	04	3	-9999.0000	17247	54386	-9999	485	472	-9999	325.7701	5	0.6417	0.6461	-0.0004	60.4296	0.4626	482.0952	317.5715	39.5851	446.1704	95.6895	476.5070	95.1403	481.5097	95.0305	485.6527	94.9646	
20/08/2017	00:15:06	019004	G523075085HLR	L523	S		441.3538	1.0233	10.0000	99.9444	39.6997	0.8230	0.8266	5.0000	20.2923	508.0277	94.8987	13.2417	23.4000	0.9300	0.9284	0.6460	-0.0004	508.0000	510.0164	1.0339	7.6922	100.0469	39.8461	0.8230	0.8234	5.0000	-9999.0000	-9999.0000	-9999.0000	-9999.0000	-9999.0000	-9999.0000	22.5924	2	0	24.1625	1.0000	04	3	-9999.0000	17248	54387	-9999	486	472	-9999	325.4302	5	0.6417	0.6460	-0.0004	61.4667	0.3652	476.7463	333.8213	39.2555	443.4406	95.7554	471.5179	95.1623	476.1696	95.0744	480.7048	94.8767	
20/08/2017	00:15:32	019004	G523075075HLR	L523	S		443.4386	1.0233	10.0000	99.9984	39.9513	0.8230	0.8271	5.0000	19.9026	508.0381	94.7449	12.2914	23.3000	0.9300	0.9284	0.6474	-0.0005	508.0000	508.7955	1.0339	7.8168	100.1669	39.9487	0.8230	0.8240	5.0000	-9999.0000	-9999.0000	-9999.0000	-9999.0000	-9999.0000	-9999.0000	20.6117	3	0	25.8126	1.0000	04	3	-9999.0000	17249	54388	-9999	487	473	-9999	325.5128	5	0.6415	0.6474	-0.0005	58.6259	0.6112	478.9183	329.5888	38.6405	447.2604	95.6017	473.4627	95.0744	478.2708	94.9646	482.7101	94.8987	
20/08/2017	00:15:56	019004	G523075093HLR	L523	S		442.6513	1.0233	10.0000	100.0641	40.0072	0.8230	0.8268	5.0000	20.2024	508.0747	94.7669	11.5013	23.2000	0.9300	0.9284	0.6498	-0.0008	508.0000	510.5865	1.0339	7.6340	99.9762	40.1067	0.8230	0.8239	5.0000	-9999.0000	-9999.0000	-9999.0000	-9999.0000	-9999.0000	-9999.0000	21.6321	4	0	24.2136	1.0000	04	3	-9999.0000	17249	54389	-9999	488	473	-9999	325.6326	5	0.6413	0.6498	-0.0008	55.3360	0.9336	481.1234	332.6742	40.0683	445.2452	95.8213	474.5445	95.2502	480.4146	95.1403	484.9837	94.9207	
20/08/2017	00:16:19	019004	G523075087HLR	L523	S		442.7025	1.0233	10.0000	100.0099	39.8627	0.8230	0.8264	5.0000	20.2122	508.0711	94.7889	10.4719	23.2000	0.9300	0.9284	0.6507	-0.0009	508.0000	510.2529	1.0339	7.6681	100.0634	40.1125	0.8230	0.8239	5.0000	-9999.0000	-9999.0000	-9999.0000	-9999.0000	-9999.0000	-9999.0000	19.9925	5	0	23.5818	1.0000	04	3	-9999.0000	17250	54390	-9999	489	474	-9999	326.0080	5	0.6412	0.6507	-0.0009	55.1371	0.9501	483.5505	317.6634	39.7388	447.8570	95.5797	478.1425	95.0744	483.1458	95.0305	487.6891	94.8987	
20/08/2017	00:16:45	019004	G523074999HLR	L523	S		442.6545	1.0233	10.0000	100.0229	39.7614	0.8230	0.8266	5.0000	20.3725	508.0619	94.8328	10.5813	23.1000	0.9300	0.9283	0.6523	-0.0010	508.0000	510.4615	1.0339	7.6468	100.1227	40.0042	0.8230	0.8238	5.0000	-9999.0000	-9999.0000	-9999.0000	-9999.0000	-9999.0000	-9999.0000	20.0716	6	0	25.1531	1.0000	04	3	-9999.0000	17250	54391	-9999	490	475	-9999	325.8957	5	0.6410	0.6523	-0.0010	53.4759	1.1184	482.4321	329.4957	39.4313	445.7467	95.4259	476.2897	94.9207	481.9530	94.8108	486.2647	94.6790	
20/08/2017	00:17:08	019004	G523075009HLR	L523	S		439.5457	1.0233	10.0000	100.1620	39.9405	0.8230	0.8270	5.0000	20.1624	508.0679	95.0964	14.1920	23.1000	0.9300	0.9284	0.6521	-0.0010	508.0000	508.4704	1.0339	7.8500	100.0973	39.9006	0.8230	0.8236	5.0000	-9999.0000	-9999.0000	-9999.0000	-9999.0000	-9999.0000	-9999.0000	21.6626	7	0	23.9226	1.0000	04	3	-9999.0000	17251	54392	-9999	491	476	-9999	324.0333	5	0.6408	0.6521	-0.0010	52.5945	1.1624	470.3229	334.1525	38.7283	437.7061	95.5797	465.6210	95.0525	469.9546	94.9866	473.4876	94.7669	
20/08/2017	00:17:34	019004	G523075029HLR	L523	S		442.1646	1.0233	10.0000	99.9321	40.0195	0.8230	0.8269	5.0000	20.0625	508.0601	94.7889	12.3412	22.9000	0.9300	0.9284	0.6523	-0.0010	508.0000	510.6348	1.0339	7.6291	100.0420	39.9585	0.8230	0.8240	5.0000	-9999.0000	-9999.0000	-9999.0000	-9999.0000	-9999.0000	-9999.0000	20.3021	8	0	25.9834	1.0000	04	3	-9999.0000	17252	54393	-9999	492	477	-9999	324.9066	5	0.6407	0.6523	-0.0010	52.4196	1.1734	477.5268	339.6062	38.7064	440.3287	95.6676	470.4538	95.1184	476.8834	95.0744	480.8812	94.9646	
20/08/2017	00:18:00	019004	G523075019HLR	L523	S		444.2020	1.0233	10.0000	100.0221	39.9343	0.8230	0.8265	5.0000	19.9427	508.0515	94.8328	9.6808	22.9000	0.9300	0.9283	0.6515	-0.0010	508.0000	510.6227	1.0339	7.6303	100.0917	40.0523	0.8230	0.8238	5.0000	-9999.0000	-9999.0000	-9999.0000	-9999.0000	-9999.0000	-9999.0000	22.0622	1	0	25.3525	1.0000	04	3	-9999.0000	17253	54394	-9999	493	478	-9999	326.1685	5	0.6405	0.6515	-0.0010	52.4449	1.1641	484.4798	325.8590	37.3005	447.7501	95.6895	478.2065	94.9646	483.8530	94.8108	489.1379	94.8108	
20/08/2017	00:18:28	019004	G523075020HLR	L523	S		443.7594	1.0233	10.0000	99.8219	39.7808	0.8230	0.8265	5.0000	20.3216	508.0468	94.8328	9.4405	22.9000	0.9300	0.9283	0.6507	-0.0009	508.0000	509.4963	1.0339	7.7453	100.0959	40.0512	0.8230	0.8240	5.0000	-9999.0000	-9999.0000	-9999.0000	-9999.0000	-9999.0000	-9999.0000	20.1918	2	0	28.2435	1.0000	04	3	-9999.0000	17254	54395	-9999	494	479	-9999	326.1632	5	0.6403	0.6507	-0.0009	55.4773	0.9243	485.5347	338.1661	38.5746	453.0976	95.5577	479.3952	94.8767	484.8986	94.5253	488.9473	94.5253	
20/08/2017	00:18:52	019004	G523075021HLR	L523	S		446.1837	1.0233	10.0000	99.8946	39.8363	0.8230	0.8268	5.0000	20.1125	508.0370	94.7889	8.9610	22.9000	0.9300	0.9283	0.6510	-0.0010	508.0000	510.1826	1.0339	7.6752	99.9533	39.9243	0.8230	0.8233	5.0000	-9999.0000	-9999.0000	-9999.0000	-9999.0000	-9999.0000	-9999.0000	24.2427	3	0	23.9626	1.0000	04	3	-9999.0000	17255	54396	-9999	495	480	-9999	326.3355	5	0.6399	0.6510	-0.0010	55.1637	0.9618	487.4756	343.9974	39.8926	455.8509	95.1843	480.4079	94.7449	486.8882	94.5692	492.0891	94.5692	
20/08/2017	00:19:19	019004	G523075041HLR	L523	S		442.7009	1.0233	10.0000	99.9762	39.9956	0.8230	0.8269	5.0000	20.7015	508.0432	95.1403	12.4809	22.8000	0.9300	0.9285	0.6512	-0.0010	508.0000	511.3109	1.0339	7.5601	100.0978	39.9487	0.8230	0.8238	5.0000	-9999.0000	-9999.0000	-9999.0000	-9999.0000	-9999.0000	-9999.0000	20.6623	4	0	26.8526	1.0000	04	3	-9999.0000	17256	54397	-9999	496	481	-9999	324.3995	5	0.6395	0.6512	-0.0010	56.7890	0.8772	475.4541	325.4834	37.2346	439.8115	95.4698	469.4359	94.9646	474.6780	94.6790	479.4343	94.6790	
20/08/2017	00:19:43	019004	G523075031HLR	L523	S		443.5194	1.0233	10.0000	100.0689	39.9925	0.8230	0.8267	5.0000	19.9915	508.0505	94.9426	13.6617	22.7000	0.9300	0.9284	0.6495	-0.0009	508.0000	510.6008	1.0339	7.6326	99.9832	39.9909	0.8230	0.8236	5.0000	-9999.0000	-9999.0000	-9999.0000	-9999.0000	-9999.0000	-9999.0000	23.4031	5	0	23.8827	1.0000	04	3	-9999.0000	17257	54398	-9999	497	482	-9999	323.8422	5	0.6394	0.6495	-0.0009	56.9135	0.8625	473.8321	327.7716	40.1123	439.2876	95.7554	467.7422	95.3600	473.3643	95.3600	477.6624	95.0085	
20/08/2017	00:20:09	019004	G523075022HLR	L523	S		444.2122	1.0233	10.0000	99.9556	39.8977	0.8230	0.8266	5.0000	20.0521	508.0607	94.8108	12.5625	22.6000	0.9300	0.9285	0.6481	-0.0008	508.0000	510.2611	1.0339	7.6672	100.0488	40.0682	0.8230	0.8240	5.0000	-9999.0000	-9999.0000	-9999.0000	-9999.0000	-9999.0000	-9999.0000	20.1624	6	0	25.8729	1.0000	04	3	-9999.0000	17258	54399	-9999	498	483	-9999	324.3530	5	0.6393	0.6481	-0.0008	59.3868	0.6873	478.0336	331.9913	39.0139	443.0329	96.0410	472.3525	95.4479	477.5686	95.3161	481.2391	95.0305	
20/08/2017	00:20:35	019004	G523075002HLR	L523	S		445.5825	1.0233	10.0000	99.9699	39.8267	0.8230	0.8266	5.0000	20.5130	508.0855	94.7889	8.4912	22.7000	0.9300	0.9284	0.6432	-0.0004	508.0000	509.0540	1.0339	7.7904	99.9755	40.0205	0.8230	0.8236	5.0000	-9999.0000	-9999.0000	-9999.0000	-9999.0000	-9999.0000	-9999.0000	22.4018	7	0	26.6934	1.0000	04	3	-9999.0000	17259	54400	-9999	499	484	-9999	325.1084	5	0.6391	0.6432	-0.0004	57.5138	0.8306	492.8780	336.4314	39.2995	455.5212	95.7994	485.9403	95.1623	492.0916	95.0744	496.4821	94.8987	
20/08/2017	00:21:00	019004	G523075013HLR	L523	S		443.6272	1.0233	10.0000	100.0706	39.9704	0.8230	0.8270	5.0000	19.9221	508.0515	95.0525	11.6117	22.6000	0.9300	0.9285	0.6432	-0.0004	508.0000	509.6331	1.0339	7.7313	100.0479	39.9487	0.8230	0.8234	5.0000	-9999.0000	-9999.0000	-9999.0000	-9999.0000	-9999.0000	-9999.0000	23.3834	8	0	24.5429	1.0000	04	3	-9999.0000	17260	54401	-9999	500	485	-9999	324.4432	5	0.6385	0.6432	-0.0004	58.9867	0.7336	481.5561	338.6457	37.9155	447.6821	95.5577	476.3218	94.7449	480.9470	94.4594	484.8444	94.5692	
20/08/2017	00:21:23	019004	G523075023HLR	L523	S		443.0948	1.0233	10.0000	100.0416	39.9743	0.8230	0.8268	5.0000	20.0921	508.0648	94.8548	12.2309	22.5000	0.9300	0.9286	0.6435	-0.0004	508.0000	511.5873	1.0339	7.5319	100.0407	39.9802	0.8230	0.8238	5.0000	-9999.0000	-9999.0000	-9999.0000	-9999.0000	-9999.0000	-9999.0000	21.0921	1	0	23.4420	1.0000	04	3	-9999.0000	17261	54402	-9999	501	486	-9999	324.2790	5	0.6380	0.6435	-0.0004	59.9903	0.6432	480.0179	343.6808	39.9365	446.2893	95.8433	474.4610	95.1843	479.5016	95.1184	483.3575	94.9426	
20/08/2017	00:21:47	019004	G523075033HLR	L523	S		443.7762	1.0233	10.0000	100.0621	39.9215	0.8230	0.8266	5.0000	20.1019	508.0802	94.7449	10.7209	22.5000	0.9300	0.9286	0.6454	-0.0006	508.0000	511.6179	1.0339	7.5288	100.0692	40.0512	0.8230	0.8240	5.0000	-9999.0000	-9999.0000	-9999.0000	-9999.0000	-9999.0000	-9999.0000	20.0919	2	0	24.1326	1.0000	04	3	-9999.0000	17262	54403	-9999	502	487	-9999	324.4459	5	0.6377	0.6454	-0.0006	60.4146	0.5947	483.4696	332.5615	37.6959	446.0028	95.7335	476.5889	95.1623	482.8583	95.0085	487.7095	94.9207	
20/08/2017	00:22:12	019004	G523075007HLR	L523	S		443.3985	1.0233	10.0000	99.9892	39.8549	0.8230	0.8267	5.0000	19.8918	508.0435	94.9866	12.4321	22.5000	0.9300	0.9288	0.6453	-0.0007	508.0000	509.8394	1.0339	7.7103	100.0291	40.0512	0.8230	0.8239	5.0000	-9999.0000	-9999.0000	-9999.0000	-9999.0000	-9999.0000	-9999.0000	20.6819	3	0	24.7032	1.0000	04	3	-9999.0000	17263	54404	-9999	503	488	-9999	323.7435	5	0.6378	0.6453	-0.0007	59.0520	0.6870	478.6190	338.5847	39.4313	441.3128	95.7774	472.9177	95.2282	478.2085	95.1184	481.8138	94.7669	
20/08/2017	00:22:38	019004	G523075015HLR	L523	S		440.1922	1.0233	10.0000	100.0613	39.9419	0.8230	0.8269	5.0000	19.9121	508.0304	94.7669	11.1809	22.6000	0.9300	0.9291	0.6454	-0.0007	508.0000	509.7372	1.0339	7.7207	99.9797	40.0512	0.8230	0.8238	5.0000	-9999.0000	-9999.0000	-9999.0000	-9999.0000	-9999.0000	-9999.0000	21.4224	4	0	26.3027	1.0000	04	3	-9999.0000	17264	54405	-9999	504	489	-9999	324.0707	5	0.6377	0.6454	-0.0007	59.0350	0.6799	481.1160	345.1880	38.6405	444.3283	95.6236	474.9204	95.0964	480.5388	95.0744	485.2254	94.9207	
20/08/2017	00:23:02	019004	G523075025HLR	L523	S		448.9800	1.0233	10.0000	99.9425	39.9909	0.8230	0.8268	5.0000	20.1722	508.0671	94.8548	9.9015	22.7000	0.9300	0.9293	0.6476	-0.0009	508.0000	509.7290	1.0339	7.7215	100.1755	40.0512	0.8230	0.8239	5.0000	-9999.0000	-9999.0000	-9999.0000	-9999.0000	-9999.0000	-9999.0000	20.6517	5	0	24.0329	1.0000	04	3	-9999.0000	17265	54406	-9999	505	490	-9999	324.5086	5	0.6374	0.6476	-0.0009	59.1536	0.6723	484.9109	335.8625	36.9050	445.9487	95.7994	479.2437	95.0964	484.3540	94.9646	489.2224	94.8108	
20/08/2017	00:23:28	019004	G523075044HLR	L523	S		442.7446	1.0233	10.0000	100.0192	39.9024	0.8230	0.8266	5.0000	20.2123	508.0842	94.8767	10.0607	22.8000	0.9300	0.9296	0.6486	-0.0010	508.0000	509.1591	1.0339	7.7797	100.0029	40.0512	0.8230	0.8239	5.0000	-9999.0000	-9999.0000	-9999.0000	-9999.0000	-9999.0000	-9999.0000	20.7319	6	0	25.7929	1.0000	04	3	-9999.0000	17266	54407	-9999	505	491	-9999	324.3393	5	0.6370	0.6486	-0.0010	59.1156	0.7046	483.6312	326.5401	37.8277	445.6027	95.8213	476.6740	95.2062	482.9670	94.9646	487.8879	94.7449	
20/08/2017	00:23:54	019004	G523075037HLR	L523	S		440.8808	1.0233	10.0000	100.0908	39.8435	0.8230	0.8267	5.0000	20.3021	508.0368	94.9207	12.0111	22.9000	0.9300	0.9299	0.6506	-0.0012	508.0000	508.1745	1.0339	7.8802	100.1017	40.0158	0.8230	0.8236	5.0000	-9999.0000	-9999.0000	-9999.0000	-9999.0000	-9999.0000	-9999.0000	22.2623	7	0	25.9231	1.0000	04	3	-9999.0000	17267	54408	-9999	506	492	-9999	323.1115	5	0.6369	0.6506	-0.0012	59.3459	0.6629	475.2699	339.2365	37.7178	438.6952	95.7115	469.4955	95.2502	474.7272	95.1623	479.6265	94.8328	
20/08/2017	00:24:19	019004	G523075035HLR	L523	S		432.5496	1.0233	10.0000	100.1193	39.9487	0.8230	0.8270	5.0000	19.8616	508.0527	95.0085	14.4616	23.0000	0.9300	0.9301	0.6498	-0.0012	508.0000	507.1630	1.0339	7.9834	99.9268	40.0156	0.8230	0.8236	5.0000	-9999.0000	-9999.0000	-9999.0000	-9999.0000	-9999.0000	-9999.0000	22.5727	8	0	25.1228	1.0000	04	3	-9999.0000	17267	54409	-9999	507	493	-9999	321.5780	5	0.6366	0.6498	-0.0012	59.2319	0.6799	466.6074	332.4447	37.4982	432.3470	96.0630	460.6798	95.4259	466.0628	95.3820	471.1742	95.0525	
20/08/2017	00:24:43	019004	G523077192HLR	L523	S		442.6893	1.0233	10.0000	99.9552	40.0183	0.8230	0.8269	5.0000	20.2717	508.0430	94.8548	9.2911	23.1000	0.9300	0.9301	0.6474	-0.0010	508.0000	507.2499	1.0339	7.9745	99.8669	40.0369	0.8230	0.8238	5.0000	-9999.0000	-9999.0000	-9999.0000	-9999.0000	-9999.0000	-9999.0000	21.6723	1	0	24.1023	1.0000	04	3	-9999.0000	17268	54410	-9999	508	494	-9999	324.3514	5	0.6365	0.6474	-0.0010	57.9229	0.7733	486.7206	335.7725	37.4323	450.7768	96.0849	479.7562	95.4698	486.1342	95.3820	491.2481	95.0525	
20/08/2017	00:25:08	019004	G523077191HLR	L523	S		441.1486	1.0233	10.0000	99.9914	39.9743	0.8230	0.8266	5.0000	19.9719	508.0609	94.9866	11.7113	23.2000	0.9300	0.9302	0.6481	-0.0011	508.0000	507.4250	1.0339	7.9566	100.0460	40.0512	0.8230	0.8239	5.0000	-9999.0000	-9999.0000	-9999.0000	-9999.0000	-9999.0000	-9999.0000	20.7924	2	0	24.1930	1.0000	04	3	-9999.0000	17269	54411	-9999	509	495	-9999	323.0683	5	0.6365	0.6481	-0.0011	57.6323	0.7971	476.1846	335.3680	37.7618	441.8476	95.9531	470.6020	95.2502	475.6013	94.8767	480.4301	94.7010	
20/08/2017	00:25:31	019004	G523075046HLR	L523	S		447.7957	1.0233	10.0000	99.9709	39.8783	0.8230	0.8266	5.0000	19.9222	508.0835	94.8548	9.9015	23.3000	0.9300	0.9302	0.6484	-0.0011	508.0000	508.0368	1.0339	7.8942	100.1648	40.0574	0.8230	0.8240	5.0000	-9999.0000	-9999.0000	-9999.0000	-9999.0000	-9999.0000	-9999.0000	20.6223	3	0	23.6326	1.0000	04	3	-9999.0000	17270	54412	-9999	510	496	-9999	324.0585	5	0.6365	0.6484	-0.0011	58.4252	0.7239	485.7666	333.9551	39.1677	448.4220	96.0190	479.5792	95.4918	485.1299	95.4039	489.7925	95.0085	
20/08/2017	00:25:56	019004	G523077190HLR	L523	S		439.3164	1.0233	10.0000	100.0096	39.9112	0.8230	0.8270	5.0000	20.2227	508.0487	94.8548	10.1105	23.4000	0.9300	0.9302	0.6467	-0.0009	508.0000	505.8957	1.0339	7.9146	100.0274	40.0930	0.8230	0.8241	5.0000	-9999.0000	-9999.0000	-9999.0000	-9999.0000	-9999.0000	-9999.0000	19.9621	4	0	25.1825	1.0000	04	3	-9999.0000	17271	54413	-9999	511	496	-9999	323.8290	5	0.6362	0.6467	-0.0009	57.8821	0.7694	484.0468	329.3799	40.7054	450.7185	95.9312	477.9829	95.4039	483.4233	95.2062	487.9111	94.7669	
20/08/2017	00:26:21	019004	G523077189HLR	L523	S		440.0139	1.0233	10.0000	99.9466	39.9665	0.8230	0.8267	5.0000	21.4017	508.0587	94.9426	11.7816	23.5000	0.9300	0.9303	0.6466	-0.0009	508.0000	506.6024	1.0339	7.9692	100.0512	40.0912	0.8230	0.8239	5.0000	-9999.0000	-9999.0000	-9999.0000	-9999.0000	-9999.0000	-9999.0000	20.9017	5	0	24.2734	1.0000	04	3	-9999.0000	17272	54414	-9999	512	497	-9999	323.0286	5	0.6361	0.6466	-0.0009	54.3295	1.0879	478.4373	328.8717	37.6959	444.0951	95.7115	471.9791	95.2062	477.7583	95.1184	482.2778	94.7889	
20/08/2017	00:26:47	019004	G523073966HLR	L523	S		442.5714	1.0233	10.0000	99.9472	39.9759	0.8230	0.8267	5.0000	19.9816	508.0781	94.8328	12.3910	23.5000	0.9300	0.9302	0.6454	-0.0008	508.0000	506.2736	1.0339	7.9438	100.1410	40.1208	0.8230	0.8241	5.0000	-9999.0000	-9999.0000	-9999.0000	-9999.0000	-9999.0000	-9999.0000	19.8821	6	0	26.0331	1.0000	12	4	-9999.0000	17273	54415	-9999	513	498	-9999	322.8107	5	0.6359	0.6454	-0.0008	55.7833	0.9489	479.1568	331.0058	39.1677	443.8217	95.9971	473.3084	95.5358	478.6875	95.5138	482.5600	95.0305	
20/08/2017	00:27:10	019004	G523073948HLR	L523	S		444.5646	1.0233	10.0000	99.9532	39.9370	0.8230	0.8267	5.0000	20.1322	508.0623	94.7669	12.0209	23.5000	0.9300	0.9302	0.6456	-0.0008	508.0000	506.5020	1.0339	7.9615	100.0330	40.0560	0.8230	0.8236	5.0000	-9999.0000	-9999.0000	-9999.0000	-9999.0000	-9999.0000	-9999.0000	22.6032	7	0	23.7420	1.0000	12	4	-9999.0000	17274	54416	-9999	514	499	-9999	323.0004	5	0.6361	0.6456	-0.0008	49.9776	1.4411	480.4052	336.2614	39.2116	443.3822	95.9312	473.9000	95.4918	479.7727	95.4259	484.0153	95.0305	
20/08/2017	00:27:35	019004	G523073956HLR	L523	S		439.0683	1.0233	10.0000	100.0104	39.9321	0.8230	0.8267	5.0000	20.0325	508.0374	94.8548	13.3912	23.6000	0.9300	0.9301	0.6458	-0.0008	508.0000	504.9526	1.0339	7.8416	100.0449	40.0885	0.8230	0.8240	5.0000	-9999.0000	-9999.0000	-9999.0000	-9999.0000	-9999.0000	-9999.0000	20.2621	8	0	24.2526	1.0000	12	4	-9999.0000	17275	54417	-9999	515	500	-9999	322.4381	5	0.6365	0.6458	-0.0008	49.4380	1.5230	475.0965	326.8482	38.6185	437.3522	95.8653	468.9598	95.3820	474.5716	95.2941	478.6251	95.0085	
20/08/2017	00:27:59	019004	G523073968HLR	L523	S		447.8695	1.0233	10.0000	99.8890	39.9517	0.8230	0.8269	5.0000	19.8322	508.0653	94.7449	10.4817	23.6000	0.9300	0.9300	0.6462	-0.0009	508.0000	507.0632	1.0339	7.9936	100.0747	40.0998	0.8230	0.8239	5.0000	-9999.0000	-9999.0000	-9999.0000	-9999.0000	-9999.0000	-9999.0000	20.4515	1	0	23.9930	1.0000	12	4	-9999.0000	17276	54418	-9999	516	501	-9999	323.7527	5	0.6367	0.6462	-0.0009	48.0311	1.6608	485.4448	330.6238	39.2995	447.4113	95.6895	479.2608	95.1843	484.8591	95.1184	489.0755	94.9646	
20/08/2017	00:28:25	019004	G523073976HLR	L523	S		446.8282	1.0233	10.0000	100.0128	39.9784	0.8230	0.8266	5.0000	21.0317	508.0465	94.7889	10.2912	23.6000	0.9300	0.9299	0.6462	-0.0009	508.0000	505.9101	1.0339	7.9157	99.9945	40.1223	0.8230	0.8240	5.0000	-9999.0000	-9999.0000	-9999.0000	-9999.0000	-9999.0000	-9999.0000	20.2218	2	0	26.0430	1.0000	12	4	-9999.0000	17277	54419	-9999	517	502	-9999	323.8958	5	0.6366	0.6462	-0.0009	46.7156	1.7354	484.8373	332.8963	38.5087	449.2230	95.7774	479.1970	95.1403	484.4490	94.9426	488.2197	94.6790	
20/08/2017	00:28:48	019004	G523073986HLR	L523	S		442.7118	1.0233	10.0000	100.0128	39.9522	0.8230	0.8267	5.0000	19.9426	508.0772	94.8548	12.1205	23.7000	0.9300	0.9299	0.6459	-0.0008	508.0000	505.4676	1.0339	7.8814	100.0728	40.1131	0.8230	0.8239	5.0000	-9999.0000	-9999.0000	-9999.0000	-9999.0000	-9999.0000	-9999.0000	20.6928	3	0	23.3326	1.0000	12	4	-9999.0000	17278	54420	-9999	518	503	-9999	323.2123	5	0.6367	0.6459	-0.0008	48.1671	1.5822	479.8142	324.6031	39.0139	443.0518	95.4479	472.8261	95.0964	479.1499	95.0525	483.5379	94.8108	
20/08/2017	00:29:12	019004	G523073992HLR	L523	S		439.9860	1.0233	10.0000	100.0067	39.9511	0.8230	0.8267	5.0000	20.0422	508.0805	94.7889	12.5014	23.7000	0.9300	0.9299	0.6434	-0.0006	508.0000	503.9618	1.0339	7.7649	100.0470	40.1440	0.8230	0.8240	5.0000	-9999.0000	-9999.0000	-9999.0000	-9999.0000	-9999.0000	-9999.0000	19.9817	4	0	23.6930	1.0000	12	4	-9999.0000	17279	54421	-9999	519	504	-9999	323.3501	5	0.6369	0.6434	-0.0006	51.4124	1.2674	479.0473	326.6180	37.7178	445.0570	95.6676	473.7009	95.1403	478.5203	95.0744	482.8667	94.9426	
20/08/2017	00:29:35	019004	G523073982HLR	L523	S		445.7541	1.0233	10.0000	100.1664	39.9343	0.8230	0.8267	5.0000	19.9817	508.0353	94.7010	10.8411	23.7000	0.9300	0.9297	0.6447	-0.0007	508.0000	506.6052	1.0339	7.9695	100.0482	40.0783	0.8230	0.8240	5.0000	-9999.0000	-9999.0000	-9999.0000	-9999.0000	-9999.0000	-9999.0000	20.1927	5	0	23.4822	1.0000	12	4	-9999.0000	17280	54422	-9999	520	504	-9999	323.9388	5	0.6372	0.6447	-0.0007	47.6745	1.5471	484.4954	331.4485	38.8601	451.4358	95.5358	479.4326	95.0525	483.8615	94.9426	488.3492	94.8767	
20/08/2017	00:29:59	019004	G523073972HLR	L523	S		448.3496	1.0233	10.0000	99.9022	39.9487	0.8230	0.8267	5.0000	20.7427	508.0383	94.7669	9.3712	23.7000	0.9300	0.9296	0.6450	-0.0007	508.0000	505.9635	1.0339	7.9198	100.0568	40.1335	0.8230	0.8240	5.0000	-9999.0000	-9999.0000	-9999.0000	-9999.0000	-9999.0000	-9999.0000	20.1927	6	0	24.1933	1.0000	12	4	-9999.0000	17281	54423	-9999	521	505	-9999	324.5654	5	0.6376	0.6450	-0.0007	45.2433	1.7394	488.9142	333.8535	37.4103	454.9184	95.9751	482.8283	95.2941	488.3999	95.1623	492.6819	94.8328	
20/08/2017	00:30:25	019004	G523074013HLR	L523	S		448.0361	1.0233	10.0000	99.9551	39.9790	0.8230	0.8268	5.0000	20.1623	508.0781	94.8328	10.0910	23.8000	0.9300	0.9295	0.6445	-0.0006	508.0000	506.4834	1.0339	7.9600	100.0847	40.1479	0.8230	0.8240	5.0000	-9999.0000	-9999.0000	-9999.0000	-9999.0000	-9999.0000	-9999.0000	20.3324	7	0	26.0223	1.0000	12	4	-9999.0000	17282	54424	-9999	522	506	-9999	324.4727	5	0.6378	0.6445	-0.0006	46.1595	1.6032	486.9105	338.8212	38.5087	452.0266	95.3820	481.5226	94.8108	486.3925	94.5472	489.8611	94.6131	
20/08/2017	00:30:50	019004	G523074007HLR	L523	S		447.6843	1.0233	10.0000	100.0412	40.0009	0.8230	0.8268	5.0000	19.9417	508.0484	94.7449	9.0411	23.8000	0.9300	0.9296	0.6446	-0.0006	508.0000	506.0123	1.0339	7.9236	99.9183	40.1147	0.8230	0.8236	5.0000	-9999.0000	-9999.0000	-9999.0000	-9999.0000	-9999.0000	-9999.0000	22.7124	8	0	24.1834	1.0000	12	4	-9999.0000	17283	54425	-9999	523	507	-9999	324.9097	5	0.6381	0.6446	-0.0006	48.2965	1.4124	490.5585	332.5356	39.1677	454.5985	95.3820	484.8876	94.9866	489.9777	94.7889	493.7926	94.7449	
20/08/2017	00:31:13	019004	G523074004HLR	L523	S		439.2772	1.0233	10.0000	100.1709	39.9456	0.8230	0.8267	5.0000	20.0627	508.0605	94.9646	11.6214	23.8000	0.9300	0.9296	0.6463	-0.0007	508.0000	505.4793	1.0339	7.8823	100.1088	40.1239	0.8230	0.8239	5.0000	-9999.0000	-9999.0000	-9999.0000	-9999.0000	-9999.0000	-9999.0000	20.7328	1	0	23.6218	1.0000	12	4	-9999.0000	17283	54426	-9999	524	508	-9999	324.2667	5	0.6383	0.6463	-0.0007	46.6687	1.4838	480.1599	341.4351	38.2890	444.0841	95.5138	474.0003	95.0305	479.5962	94.7669	484.2511	94.6571	
20/08/2017	00:31:37	019004	G523073996HLR	L523	S		444.8937	1.0233	10.0000	99.9269	39.9474	0.8230	0.8268	5.0000	19.9714	508.0534	94.7449	9.6212	23.8000	0.9300	0.9296	0.6474	-0.0008	508.0000	506.0924	1.0339	7.9298	100.1873	40.1448	0.8230	0.8241	5.0000	-9999.0000	-9999.0000	-9999.0000	-9999.0000	-9999.0000	-9999.0000	19.8625	2	0	24.0935	1.0000	12	4	-9999.0000	17284	54427	-9999	525	509	-9999	325.1657	5	0.6386	0.6474	-0.0008	39.4090	1.9837	486.3029	328.5443	37.4323	451.9325	95.5797	480.2392	95.0744	485.7353	94.9866	490.5761	94.8987	
20/08/2017	00:32:02	019004	G523073999HLR	L523	S		449.3477	1.0233	10.0000	100.0083	39.9726	0.8230	0.8269	5.0000	19.9527	508.0525	94.7889	8.1601	23.8000	0.9300	0.9294	0.6445	-0.0005	508.0000	506.0971	1.0339	7.9301	100.1156	40.1538	0.8230	0.8240	5.0000	-9999.0000	-9999.0000	-9999.0000	-9999.0000	-9999.0000	-9999.0000	20.2718	3	0	24.6523	1.0000	12	4	-9999.0000	17285	54428	-9999	526	510	-9999	325.4301	5	0.6391	0.6445	-0.0005	39.0555	1.9867	494.2753	332.0015	38.5306	455.5055	95.7994	487.8723	95.2062	493.8788	94.8987	497.3367	94.6351	
20/08/2017	00:32:25	019004	G523074623HLR	L523	S		458.5078	1.0233	10.0000	99.9005	39.9898	0.8230	0.8268	5.0000	20.3724	508.1029	94.5472	5.3404	23.9000	0.9300	0.9292	0.6476	-0.0008	508.0000	506.2433	1.0339	7.9415	100.1447	40.1237	0.8230	0.8238	5.0000	-9999.0000	-9999.0000	-9999.0000	-9999.0000	-9999.0000	-9999.0000	21.3323	4	0	23.5729	1.0000	12	4	-9999.0000	17285	54429	-9999	527	511	-9999	327.0546	5	0.6393	0.6476	-0.0008	40.0405	1.9236	503.0233	323.8199	39.4972	462.9138	94.8548	496.7937	94.2836	502.4665	94.1738	506.3975	94.3935	
20/08/2017	00:32:49	019004	G523074656HLR	L523	S		467.5933	1.0233	10.0000	100.0360	39.9896	0.8230	0.8266	5.0000	20.7630	0.0000	0.0000	0.0000	0.0000	0.9300	0.0000	0.0000	0.0000	0.0000	477.1627	1.0339	5.6915	100.2248	40.1000	0.8230	0.8240	5.0000	-9999.0000	-9999.0000	-9999.0000	-9999.0000	-9999.0000	-9999.0000	20.2121	5	8	23.4724	1.0000	12	4	-9999.0000	17286	0	-9999	528	512	-9999	0.0000	0	0.0000	0.0000	0.0000	0.0000	0.0000	0.0000	0.0000	0.0000	0.0000	0.0000	0.0000	0.0000	0.0000	0.0000	0.0000	0.0000	
20/08/2017	00:34:25	019004	G523074630HLR	L523	S		424.0082	1.0233	10.0000	100.0065	39.9339	0.8230	0.8267	5.0000	20.3616	519.1072	93.4708	4.1499	23.9000	0.9300	0.0000	0.6493	-0.0009	508.0000	513.5985	1.0339	7.3267	100.0515	40.1278	0.8230	0.8241	5.0000	-9999.0000	-9999.0000	-9999.0000	-9999.0000	-9999.0000	-9999.0000	20.0822	6	2	96.3711	1.0000	12	4	-9999.0000	17287	54430	-9999	529	513	-9999	335.2377	5	0.6399	0.6493	-0.0009	40.9606	1.8403	518.9788	329.7719	39.2995	444.2374	94.6131	499.3768	93.6685	518.2115	93.5148	0.0000	0.0000	
20/08/2017	00:34:50	019004	G523074615HLR	L523	S		466.6379	1.0233	10.0000	100.0734	39.9487	0.8230	0.8268	5.0000	20.2923	0.0000	0.0000	0.0000	0.0000	0.9300	0.0000	0.0000	0.0000	0.0000	476.5866	1.0339	5.6469	100.2332	40.1538	0.8230	0.8241	5.0000	-9999.0000	-9999.0000	-9999.0000	-9999.0000	-9999.0000	-9999.0000	20.3021	7	8	24.4725	1.0000	12	4	-9999.0000	17288	0	-9999	530	514	-9999	0.0000	0	0.0000	0.0000	0.0000	0.0000	0.0000	0.0000	0.0000	0.0000	0.0000	0.0000	0.0000	0.0000	0.0000	0.0000	0.0000	0.0000	
20/08/2017	00:35:22	019004	G523071739HLR	L523	S		448.6050	1.0233	10.0000	100.0709	40.0158	0.8230	0.8269	5.0000	19.9320	508.0519	95.0305	10.2512	24.0000	0.9300	0.9296	0.6508	-0.0010	508.0000	506.7071	1.0339	7.9773	100.1399	40.0281	0.8230	0.8237	5.0000	-9999.0000	-9999.0000	-9999.0000	-9999.0000	-9999.0000	-9999.0000	21.1723	8	0	32.2939	1.0000	12	4	-9999.0000	17289	54431	-9999	531	515	-9999	325.6185	5	0.6407	0.6508	-0.0010	39.6734	1.9416	482.4691	313.4721	38.6624	445.5034	94.3935	475.9292	93.9761	481.8992	93.7784	486.4700	94.3495	
20/08/2017	00:35:46	019004	G523074634HLR	L523	S		458.2315	1.0233	10.0000	100.0540	40.0355	0.8230	0.8268	5.0000	20.0617	508.0507	94.8108	5.4703	24.0000	0.9300	0.9296	0.6508	-0.0010	508.0000	505.9679	1.0339	7.9201	99.9477	39.8846	0.8230	0.8236	5.0000	-9999.0000	-9999.0000	-9999.0000	-9999.0000	-9999.0000	-9999.0000	22.5925	1	0	24.0729	1.0000	12	4	-9999.0000	17290	54432	-9999	531	516	-9999	327.9744	5	0.6407	0.6508	-0.0010	39.6734	1.9416	502.8086	335.1428	38.6405	462.7890	96.2167	495.4636	95.6236	502.0936	95.5138	506.8771	94.9646	
20/08/2017	00:36:10	019004	G523074642HLR	L523	S		453.2663	1.0233	10.0000	99.9829	39.9520	0.8230	0.8267	5.0000	20.2619	508.0605	94.9646	6.3806	24.0000	0.9300	0.9292	0.6503	-0.0009	508.0000	506.0064	1.0339	7.9231	100.0762	40.1538	0.8230	0.8242	5.0000	-9999.0000	-9999.0000	-9999.0000	-9999.0000	-9999.0000	-9999.0000	20.7631	2	0	23.8522	1.0000	12	4	-9999.0000	17291	54433	-9999	532	517	-9999	327.4950	5	0.6416	0.6503	-0.0009	38.8312	2.0116	497.6779	327.4969	37.2346	461.1932	95.3820	491.2631	94.7889	496.9777	94.6131	501.6168	94.6131	
20/08/2017	00:36:33	019004	G523074640HLR	L523	S		449.5661	1.0233	10.0000	100.1271	39.9391	0.8230	0.8267	5.0000	20.2415	508.0411	94.9866	9.2716	24.1000	0.9300	0.9296	0.6503	-0.0009	508.0000	508.5105	1.0339	7.8459	100.0639	40.1538	0.8230	0.8242	5.0000	-9999.0000	-9999.0000	-9999.0000	-9999.0000	-9999.0000	-9999.0000	20.3529	3	0	23.3328	1.0000	12	4	-9999.0000	17292	54434	-9999	533	518	-9999	326.1265	5	0.6416	0.6503	-0.0009	38.8312	2.0116	487.4983	314.6954	37.3005	449.8239	94.8548	480.1309	94.6131	486.9763	94.5253	491.7301	94.6790	
20/08/2017	00:36:57	019004	G523074639HLR	L523	S		449.5930	1.0233	10.0000	100.0787	39.9063	0.8230	0.8265	5.0000	20.2220	508.0744	94.7669	7.9013	24.0000	0.9300	0.9295	0.6498	-0.0008	508.0000	509.4293	1.0339	7.7521	100.0407	40.1184	0.8230	0.8240	5.0000	-9999.0000	-9999.0000	-9999.0000	-9999.0000	-9999.0000	-9999.0000	20.0129	4	0	24.0524	1.0000	12	4	-9999.0000	17293	54435	-9999	534	519	-9999	326.8396	5	0.6419	0.6498	-0.0008	37.8877	2.0867	494.1808	331.6351	37.6519	457.6950	96.0630	488.0785	95.4698	493.6622	95.2502	497.8648	94.8108	
20/08/2017	00:37:22	019004	G523074663HLR	L523	S		447.2701	1.0233	10.0000	100.0031	39.7683	0.8230	0.8267	5.0000	20.2121	508.0490	94.9207	9.1407	23.9000	0.9300	0.9293	0.6537	-0.0012	508.0000	507.9996	1.0339	7.8980	100.1908	40.0512	0.8230	0.8240	5.0000	-9999.0000	-9999.0000	-9999.0000	-9999.0000	-9999.0000	-9999.0000	20.5325	5	0	24.2127	1.0000	12	4	-9999.0000	17293	54436	-9999	535	520	-9999	326.5269	5	0.6426	0.6537	-0.0012	36.2324	2.2293	486.1155	327.9891	38.1572	451.7063	95.4698	479.0991	94.8108	485.4501	94.6790	491.0047	94.6131	
20/08/2017	00:37:46	019004	G523074674HLR	L523	S		451.1793	1.0233	10.0000	99.9663	40.1110	0.8230	0.8273	5.0000	19.7922	508.1003	94.8108	8.6817	23.9000	0.9300	0.9294	0.6545	-0.0013	508.0000	508.9982	1.0339	7.7961	100.0214	40.0488	0.8230	0.8239	5.0000	-9999.0000	-9999.0000	-9999.0000	-9999.0000	-9999.0000	-9999.0000	20.9329	6	0	24.9229	1.0000	12	4	-9999.0000	17294	54437	-9999	536	521	-9999	327.0494	5	0.6432	0.6545	-0.0013	36.9880	2.2302	489.4927	325.3994	39.2555	451.4503	95.6895	483.0361	95.2941	489.0187	95.0744	493.1347	94.8987	
20/08/2017	00:38:10	019004	G523074673HLR	L523	S		451.6200	1.0233	10.0000	99.9399	40.0744	0.8230	0.8267	5.0000	20.3421	508.0685	94.7889	7.4510	23.9000	0.9300	0.9292	0.6542	-0.0012	508.0000	510.5850	1.0339	7.6342	100.0382	40.0512	0.8230	0.8239	5.0000	-9999.0000	-9999.0000	-9999.0000	-9999.0000	-9999.0000	-9999.0000	21.4828	7	0	23.3424	1.0000	12	4	-9999.0000	17295	54438	-9999	537	522	-9999	327.7775	5	0.6432	0.6542	-0.0012	36.9456	2.2573	493.6111	318.3358	39.4313	454.7084	95.6456	488.1054	95.0525	493.0728	94.7889	498.1421	94.6351	
20/08/2017	00:38:34	019004	G523074693HLR	L523	S		445.4998	1.0233	10.0000	100.1381	39.9372	0.8230	0.8266	5.0000	19.9623	508.0677	95.0305	9.9406	23.9000	0.9300	0.9293	0.6534	-0.0012	508.0000	507.5596	1.0339	7.9429	100.0334	40.0871	0.8230	0.8242	5.0000	-9999.0000	-9999.0000	-9999.0000	-9999.0000	-9999.0000	-9999.0000	19.8918	8	0	24.1131	1.0000	12	4	-9999.0000	17296	54439	-9999	538	523	-9999	326.1085	5	0.6434	0.6534	-0.0012	37.2478	2.2750	482.9134	318.2441	37.9155	445.4170	95.4039	476.2902	94.8108	482.3149	94.6351	487.1680	94.5472	
20/08/2017	00:39:00	019004	G523074706HLR	L523	S		444.1780	1.0233	10.0000	100.0214	39.8844	0.8230	0.8267	5.0000	20.0130	508.0606	94.7889	10.2609	23.9000	0.9300	0.9293	0.6551	-0.0014	508.0000	507.6481	1.0339	7.9339	100.0866	40.1245	0.8230	0.8241	5.0000	-9999.0000	-9999.0000	-9999.0000	-9999.0000	-9999.0000	-9999.0000	20.1420	1	0	25.6629	1.0000	12	4	-9999.0000	17297	54440	-9999	539	524	-9999	325.6823	5	0.6434	0.6551	-0.0014	36.1127	2.4413	482.4821	329.1140	38.7064	446.2147	96.0410	475.5354	95.5797	481.9517	95.4039	486.6239	94.9426	
20/08/2017	00:39:24	019004	G523074670HLR	L523	S		446.8206	1.0233	10.0000	99.9654	39.9487	0.8230	0.8269	5.0000	19.9924	508.0763	94.7669	9.5509	23.9000	0.9300	0.9293	0.6547	-0.0013	508.0000	507.1672	1.0339	7.9829	99.9440	40.1061	0.8230	0.8237	5.0000	-9999.0000	-9999.0000	-9999.0000	-9999.0000	-9999.0000	-9999.0000	22.3716	2	0	24.1025	1.0000	12	4	-9999.0000	17298	54441	-9999	540	525	-9999	326.2172	5	0.6436	0.6547	-0.0013	35.3640	2.5501	485.5525	320.2653	38.2890	448.7381	96.0630	479.2065	95.6236	484.8995	95.4259	489.1748	94.8548	
20/08/2017	00:39:50	019004	G523074690HLR	L523	S		448.8140	1.0233	10.0000	100.0168	40.0353	0.8230	0.8269	5.0000	20.1224	508.1139	94.6790	7.6610	23.9000	0.9300	0.9292	0.6538	-0.0012	508.0000	507.0387	1.0339	7.9961	99.9542	40.1309	0.8230	0.8241	5.0000	-9999.0000	-9999.0000	-9999.0000	-9999.0000	-9999.0000	-9999.0000	20.1622	3	0	26.0936	1.0000	12	4	-9999.0000	17299	54442	-9999	540	525	-9999	327.4365	5	0.6437	0.6538	-0.0012	36.1697	2.5052	493.4659	322.5078	39.2116	454.3209	95.7994	486.6158	95.3161	492.9400	95.0085	497.4353	94.7449	
20/08/2017	00:40:14	019004	G523074707HLR	L523	S		446.5649	1.0233	10.0000	100.0823	40.0074	0.8230	0.8267	5.0000	20.0822	508.0708	94.8987	9.2208	23.9000	0.9300	0.9293	0.6534	-0.0012	508.0000	509.9762	1.0339	7.6963	100.0290	40.1180	0.8230	0.8237	5.0000	-9999.0000	-9999.0000	-9999.0000	-9999.0000	-9999.0000	-9999.0000	22.7427	4	0	24.0320	1.0000	12	4	-9999.0000	17300	54443	-9999	541	526	-9999	326.5135	5	0.6438	0.6534	-0.0012	33.9540	2.7980	487.7272	321.6207	38.7942	446.4826	95.6895	480.9647	94.9866	487.0116	94.8328	491.6432	94.6790	
20/08/2017	00:40:38	019004	G523076477HLR	L523	S		453.3223	1.0233	10.0000	100.0053	39.9458	0.8230	0.8266	5.0000	20.0219	508.0591	94.7010	7.2205	23.9000	0.9300	0.9293	0.6533	-0.0012	508.0000	509.7395	1.0339	7.7205	100.1960	40.1471	0.8230	0.8240	5.0000	-9999.0000	-9999.0000	-9999.0000	-9999.0000	-9999.0000	-9999.0000	20.5218	5	0	24.5828	1.0000	12	4	-9999.0000	17301	54444	-9999	542	526	-9999	327.7018	5	0.6437	0.6533	-0.0012	33.7036	2.8501	495.5873	330.4269	40.8372	445.2328	95.9092	489.3678	95.4479	494.9177	95.2941	500.0401	94.9866	
20/08/2017	00:41:06	019004	G523076478HLR	L523	S		457.6043	1.0233	10.0000	99.9187	39.9407	0.8230	0.8266	5.0000	20.9623	508.0463	94.7889	6.7713	24.0000	0.9300	0.9292	0.6536	-0.0012	508.0000	510.2745	1.0339	7.6659	100.1467	40.1438	0.8230	0.8239	5.0000	-9999.0000	-9999.0000	-9999.0000	-9999.0000	-9999.0000	-9999.0000	21.2924	6	0	27.5833	1.0000	12	4	-9999.0000	17302	54445	-9999	543	527	-9999	327.9659	5	0.6439	0.6536	-0.0012	33.4020	2.8867	496.6748	323.9728	37.0369	458.4623	95.5797	490.1343	94.7449	495.9088	94.5692	500.9530	94.5692	
20/08/2017	00:41:32	019004	G523076487HLR	L523	S		452.7528	1.0233	10.0000	99.9553	39.9792	0.8230	0.8268	5.0000	20.6732	508.0530	94.8987	7.8905	24.0000	0.9300	0.9293	0.6546	-0.0013	508.0000	509.3641	1.0339	7.7588	100.1015	40.1419	0.8230	0.8240	5.0000	-9999.0000	-9999.0000	-9999.0000	-9999.0000	-9999.0000	-9999.0000	20.4729	7	0	25.9727	1.0000	12	4	-9999.0000	17303	54446	-9999	544	528	-9999	327.3732	5	0.6441	0.6546	-0.0013	35.1103	2.7076	491.4531	326.5965	38.3329	454.2183	95.0964	485.6376	94.5912	490.9859	94.3276	495.7431	94.4813	
20/08/2017	00:42:00	019004	G523076497HLR	L523	S		449.9713	1.0233	10.0000	99.9722	39.9958	0.8230	0.8268	5.0000	20.1225	508.1008	94.8767	9.1114	24.0000	0.9300	0.9294	0.6550	-0.0014	508.0000	509.0744	1.0339	7.7883	99.9970	40.1198	0.8230	0.8237	5.0000	-9999.0000	-9999.0000	-9999.0000	-9999.0000	-9999.0000	-9999.0000	22.6120	8	0	27.5636	1.0000	12	4	-9999.0000	17304	54447	-9999	545	529	-9999	326.5467	5	0.6439	0.6550	-0.0014	35.3524	2.7085	487.8144	325.7087	38.8601	450.1531	95.4918	480.6017	95.1623	487.0677	95.1184	491.4551	94.8767	
20/08/2017	00:42:26	019004	G523076516HLR	L523	S		454.5728	1.0233	10.0000	99.8716	39.9935	0.8230	0.8266	5.0000	20.5218	508.0537	94.7010	6.5906	24.0000	0.9300	0.9294	0.6556	-0.0014	508.0000	508.3788	1.0339	7.8593	99.9959	40.0512	0.8230	0.8236	5.0000	-9999.0000	-9999.0000	-9999.0000	-9999.0000	-9999.0000	-9999.0000	23.7321	1	0	26.6027	1.0000	12	4	-9999.0000	17305	54448	-9999	546	530	-9999	328.3024	5	0.6437	0.6556	-0.0014	38.6710	2.3527	496.7642	318.3800	39.0139	459.5378	96.1289	490.4518	95.5797	496.2439	95.2721	501.4554	94.8767	
20/08/2017	00:42:52	019004	G523076496HLR	L523	S		432.1555	1.0233	10.0000	100.0642	39.9466	0.8230	0.8268	5.0000	20.1623	508.9983	94.6351	15.7117	24.0000	0.9300	0.9295	0.6514	-0.0010	508.0000	514.8376	1.0339	7.2002	100.0201	40.1231	0.8230	0.8237	5.0000	-9999.0000	-9999.0000	-9999.0000	-9999.0000	-9999.0000	-9999.0000	23.3121	2	2	25.6728	1.0000	12	4	-9999.0000	17306	54449	-9999	547	531	-9999	324.6100	5	0.6431	0.6514	-0.0010	37.3514	2.4994	435.8292	324.5528	37.3883	406.4390	96.0190	428.2423	95.4698	434.9768	95.2282	444.8418	94.7230	
20/08/2017	00:43:15	019004	G523076522HLR	L523	S		466.0141	1.0233	10.0000	100.0602	39.9522	0.8230	0.8268	5.0000	20.3227	0.0000	0.0000	0.0000	0.0000	0.9300	0.0000	0.0000	0.0000	0.0000	474.8799	1.0339	5.5149	99.8973	40.1538	0.8230	0.8238	5.0000	-9999.0000	-9999.0000	-9999.0000	-9999.0000	-9999.0000	-9999.0000	21.9030	3	8	23.3024	1.0000	12	4	-9999.0000	17307	0	-9999	548	532	-9999	0.0000	0	0.0000	0.0000	0.0000	0.0000	0.0000	0.0000	0.0000	0.0000	0.0000	0.0000	0.0000	0.0000	0.0000	0.0000	0.0000	0.0000	
20/08/2017	00:43:43	019004	G523077123HLR	L523	S		450.2213	1.0233	10.0000	100.0082	40.0564	0.8230	0.8268	5.0000	19.9016	508.0516	94.8548	8.3105	24.0000	0.9300	0.9293	0.6451	-0.0003	508.0000	505.7982	1.0339	7.9070	100.0690	40.1538	0.8230	0.8241	5.0000	-9999.0000	-9999.0000	-9999.0000	-9999.0000	-9999.0000	-9999.0000	19.9624	4	0	27.4834	1.0000	12	4	-9999.0000	17308	54450	-9999	549	533	-9999	326.3959	5	0.6427	0.6451	-0.0003	38.9557	2.3396	493.9361	324.8982	39.6290	456.8049	95.9751	487.1183	95.6676	493.2917	95.6017	497.3410	95.1184	
20/08/2017	00:44:18	019004	G523077122HLR	L523	S		451.3685	1.0233	10.0000	100.0707	39.9947	0.8230	0.8269	5.0000	20.0725	508.0591	94.8548	7.6815	24.0000	0.9300	0.9294	0.6465	-0.0005	508.0000	507.8631	1.0339	7.9119	100.0543	40.1086	0.8230	0.8236	5.0000	-9999.0000	-9999.0000	-9999.0000	-9999.0000	-9999.0000	-9999.0000	23.6529	5	0	35.3936	1.0000	12	4	-9999.0000	17309	54451	-9999	550	534	-9999	326.6513	5	0.6426	0.6465	-0.0005	39.6204	2.2662	494.9977	336.2376	37.8277	456.7346	96.3046	489.1435	95.5797	494.4100	95.2502	498.7777	94.8767	
20/08/2017	00:44:44	019004	G523077120HLR	L523	S		466.4357	1.0233	10.0000	100.0712	39.9749	0.8230	0.8267	5.0000	20.0617	0.0000	0.0000	0.0000	0.0000	0.9300	0.0000	0.0000	0.0000	0.0000	475.4065	1.0339	5.5556	100.1058	40.1362	0.8230	0.8238	5.0000	-9999.0000	-9999.0000	-9999.0000	-9999.0000	-9999.0000	-9999.0000	21.6830	6	8	25.6133	1.0000	12	4	-9999.0000	17310	0	-9999	551	535	-9999	0.0000	0	0.0000	0.0000	0.0000	0.0000	0.0000	0.0000	0.0000	0.0000	0.0000	0.0000	0.0000	0.0000	0.0000	0.0000	0.0000	0.0000	
20/08/2017	00:45:38	019004	G523077131HLR	L523	Q		445.6677	1.0233	10.0000	99.8598	39.9638	0.8230	0.8267	5.0000	20.2425	508.0595	94.7889	6.2614	24.1000	0.9300	0.9293	0.6530	-0.0012	508.0000	508.9099	1.0339	7.8051	99.9332	40.1538	0.8230	0.8237	5.0000	-9999.0000	-9999.0000	-9999.0000	-9999.0000	-9999.0000	-9999.0000	22.1821	7	0	54.3558	1.0000	12	4	-9999.0000	17311	54452	-9999	552	536	-9999	327.8828	5	0.6421	0.6530	-0.0012	34.1177	2.9520	498.4869	322.1438	38.2670	448.1991	95.4698	491.6062	94.9866	497.8963	94.8767	503.1434	94.6790	
20/08/2017	00:46:05	019004	G523077142HLR	L523	S		456.5509	1.0233	10.0000	99.9664	39.9829	0.8230	0.8270	5.0000	20.0219	508.0691	94.7449	6.4509	24.1000	0.9300	0.9295	0.6543	-0.0014	508.0000	509.7443	1.0339	7.7200	100.1194	40.1432	0.8230	0.8242	5.0000	-9999.0000	-9999.0000	-9999.0000	-9999.0000	-9999.0000	-9999.0000	19.8626	8	0	26.6836	1.0000	12	4	-9999.0000	17312	54453	-9999	553	537	-9999	328.0282	5	0.6423	0.6543	-0.0014	33.5300	2.9703	497.8510	321.2757	38.5526	462.5347	95.1623	490.8904	94.6351	497.2231	94.4374	501.9263	94.5033	
20/08/2017	00:46:28	019004	G523077151HLR	L523	S		449.0384	1.0233	10.0000	100.0627	39.9800	0.8230	0.8269	5.0000	20.0619	508.0497	95.1623	8.7207	24.0000	0.9300	0.9294	0.6542	-0.0014	508.0000	506.1820	1.0339	7.9367	99.9671	40.1241	0.8230	0.8236	5.0000	-9999.0000	-9999.0000	-9999.0000	-9999.0000	-9999.0000	-9999.0000	22.7623	1	0	23.2820	1.0000	12	4	-9999.0000	17313	54454	-9999	554	538	-9999	326.3844	5	0.6423	0.6542	-0.0014	37.9433	2.4288	486.4899	323.7991	38.7064	451.0461	95.0964	480.3970	94.6351	485.8899	94.4154	490.9633	94.4594	
20/08/2017	00:46:52	019004	G523077124HLR	L523	Q		455.3950	1.0233	10.0000	100.0628	40.0367	0.8230	0.8268	5.0000	19.9826	508.0733	94.7010	6.2800	24.1000	0.9300	0.9293	0.6542	-0.0014	508.0000	509.1545	1.0339	7.7802	100.0220	40.0512	0.8230	0.8241	5.0000	-9999.0000	-9999.0000	-9999.0000	-9999.0000	-9999.0000	-9999.0000	19.9025	2	0	24.0729	1.0000	12	4	-9999.0000	17314	54455	-9999	555	539	-9999	328.0830	5	0.6423	0.6542	-0.0014	37.9433	2.4288	498.7879	331.5964	38.9480	458.8416	95.8653	491.5538	95.3820	498.1478	95.3600	503.3154	94.9646	
20/08/2017	00:47:35	019004	G523077126HLR	L523	S		450.3088	1.0233	10.0000	99.9597	40.0252	0.8230	0.8267	5.0000	19.9114	508.0783	95.0525	8.5312	24.1000	0.9300	0.9294	0.6532	-0.0013	508.0000	505.8632	1.0339	7.9120	100.0581	40.1538	0.8230	0.8242	5.0000	-9999.0000	-9999.0000	-9999.0000	-9999.0000	-9999.0000	-9999.0000	20.5424	3	0	42.7246	1.0000	12	4	-9999.0000	17315	54456	-9999	556	540	-9999	326.4988	5	0.6425	0.6532	-0.0013	33.2531	3.0268	489.4966	334.4728	38.6624	453.4535	95.0964	482.2881	94.6571	488.8378	94.4374	493.2546	94.5912	
20/08/2017	00:47:59	019004	G523077127HLR	L523	S		449.1844	1.0233	10.0000	99.8793	39.8912	0.8230	0.8266	5.0000	20.2132	508.0688	94.8328	8.8408	24.1000	0.9300	0.9294	0.6525	-0.0012	508.0000	507.3139	1.0339	7.9680	100.1503	40.1538	0.8230	0.8242	5.0000	-9999.0000	-9999.0000	-9999.0000	-9999.0000	-9999.0000	-9999.0000	20.0931	4	0	24.7732	1.0000	12	4	-9999.0000	17316	54457	-9999	557	541	-9999	326.3305	5	0.6426	0.6525	-0.0012	32.7782	3.0610	488.9276	319.8295	38.3549	449.8244	95.7554	482.6315	95.3600	488.4800	95.1623	492.8109	94.9207	
20/08/2017	00:48:23	019004	G523077153HLR	L523	S		444.7346	1.0233	10.0000	99.9952	40.0928	0.8230	0.8268	5.0000	19.9221	508.0708	94.9866	9.9914	24.0000	0.9300	0.9294	0.6526	-0.0012	508.0000	507.0536	1.0339	7.9945	100.1344	40.1722	0.8230	0.8238	5.0000	-9999.0000	-9999.0000	-9999.0000	-9999.0000	-9999.0000	-9999.0000	20.9819	5	0	23.8427	1.0000	12	4	-9999.0000	17317	54458	-9999	558	542	-9999	325.6893	5	0.6427	0.6526	-0.0012	32.4825	3.0882	483.7197	323.5985	37.8057	446.7273	95.8872	477.5136	95.3380	483.1274	95.0744	488.3386	94.7889	
20/08/2017	00:48:47	019004	G523077161HLR	L523	S		449.3034	1.0233	10.0000	99.9999	39.9264	0.8230	0.8267	5.0000	20.0521	508.0241	94.7669	8.8106	23.9000	0.9300	0.9293	0.6478	-0.0006	508.0000	507.8134	1.0339	7.9170	100.0349	40.0512	0.8230	0.8240	5.0000	-9999.0000	-9999.0000	-9999.0000	-9999.0000	-9999.0000	-9999.0000	20.5423	6	0	24.0524	1.0000	12	4	-9999.0000	17317	54459	-9999	559	543	-9999	326.6630	5	0.6429	0.6478	-0.0006	33.0611	3.0415	491.7232	331.9288	38.3110	454.7629	96.0630	485.5133	95.6017	491.0864	95.5358	495.1191	94.9207	
20/08/2017	00:49:11	019004	G523074667HLR	L523	S		446.2600	1.0233	10.0000	100.0012	39.8983	0.8230	0.8268	5.0000	20.0519	477.1217	94.7889	31.0035	23.8000	0.9300	0.9294	0.6474	-0.0005	508.0000	535.8534	1.0339	5.0558	100.0683	40.1002	0.8230	0.8241	5.0000	-9999.0000	-9999.0000	-9999.0000	-9999.0000	-9999.0000	-9999.0000	20.6117	7	2	23.2733	1.0000	12	4	-9999.0000	17318	54460	-9999	560	544	-9999	301.5492	5	0.6429	0.6474	-0.0005	40.3327	2.0248	400.9581	331.8480	37.3005	369.2866	97.3810	372.6728	96.2167	399.0878	96.0190	403.1559	95.1403	
20/08/2017	00:50:12	019004	G523074700HLR	L523	S		451.9520	1.0233	10.0000	100.0190	40.0531	0.8230	0.8265	5.0000	21.3519	508.0590	94.9207	6.8504	24.0000	0.9300	0.9291	0.6463	-0.0003	508.0000	506.4976	1.0339	7.9611	99.8988	40.1683	0.8230	0.8237	5.0000	-9999.0000	-9999.0000	-9999.0000	-9999.0000	-9999.0000	-9999.0000	21.8420	1	0	36.2737	1.0000	12	3	-9999.0000	17319	54461	-9999	562	545	-9999	327.2030	5	0.6430	0.6463	-0.0003	39.9696	2.0660	497.8689	318.8136	38.5306	460.1580	95.5797	491.2832	95.1843	497.2442	95.0305	501.3141	94.8328	
20/08/2017	00:50:37	019004	G523074709HLR	L523	S		448.7159	1.0233	10.0000	99.9711	39.8922	0.8230	0.8266	5.0000	20.1525	508.0616	94.9866	8.5410	24.0000	0.9300	0.9293	0.6467	-0.0004	508.0000	507.8025	1.0339	7.9181	100.1472	40.0512	0.8230	0.8241	5.0000	-9999.0000	-9999.0000	-9999.0000	-9999.0000	-9999.0000	-9999.0000	19.8628	2	0	24.6434	1.0000	12	3	-9999.0000	17320	54462	-9999	563	546	-9999	326.9546	5	0.6430	0.6467	-0.0004	39.2571	2.1476	491.1424	331.7543	38.1133	456.4336	95.4479	485.0596	94.7669	490.4324	94.6351	495.3425	94.6351	
20/08/2017	00:51:03	019004	G523074708HLR	L523	S		445.1148	1.0233	10.0000	100.0098	39.9231	0.8230	0.8271	5.0000	20.0919	508.0612	95.1184	10.6311	23.9000	0.9300	0.9294	0.6552	-0.0015	508.0000	507.4003	1.0339	7.9592	100.0875	40.1516	0.8230	0.8239	5.0000	-9999.0000	-9999.0000	-9999.0000	-9999.0000	-9999.0000	-9999.0000	21.2026	3	0	26.5129	1.0000	12	3	-9999.0000	17321	54463	-9999	564	547	-9999	325.1131	5	0.6430	0.6552	-0.0015	41.6541	1.8566	479.9003	322.8870	39.1677	444.6779	95.5138	473.0203	95.0305	479.3342	94.8987	484.0241	94.7449	
20/08/2017	00:51:27	019004	G523074681HLR	L523	S		446.8016	1.0233	10.0000	100.2058	40.0295	0.8230	0.8271	5.0000	20.0217	508.0541	94.8548	9.0713	23.9000	0.9300	0.9294	0.6552	-0.0015	508.0000	506.6897	1.0339	7.9760	100.1227	40.0302	0.8230	0.8237	5.0000	-9999.0000	-9999.0000	-9999.0000	-9999.0000	-9999.0000	-9999.0000	23.0729	4	0	24.0123	1.0000	12	3	-9999.0000	17322	54464	-9999	565	548	-9999	326.2443	5	0.6430	0.6552	-0.0015	41.6541	1.8566	486.9161	322.9671	39.9365	450.3981	95.8433	479.6228	95.3820	486.3414	95.2502	491.1006	94.8328	
20/08/2017	00:51:51	019004	G523074692HLR	L523	S		444.4158	1.0233	10.0000	100.0476	40.0600	0.8230	0.8269	5.0000	19.9824	508.0620	95.3161	24.5829	23.9000	0.9300	0.9296	0.6557	-0.0015	508.0000	529.0875	1.0339	5.7462	100.0661	40.0676	0.8230	0.8242	5.0000	-9999.0000	-9999.0000	-9999.0000	-9999.0000	-9999.0000	-9999.0000	20.2132	5	2	24.0330	1.0000	12	3	-9999.0000	17323	54465	-9999	565	549	-9999	314.3162	5	0.6434	0.6557	-0.0015	41.5342	1.8817	405.6721	317.8066	40.0244	367.1843	96.8538	383.9788	96.1508	403.7579	95.9092	417.4316	95.0085	
20/08/2017	00:52:16	019004	G523073987HLR	L523	S		444.1123	1.0233	10.0000	100.0122	39.9919	0.8230	0.8267	5.0000	20.1624	508.0529	95.0085	10.8010	23.8000	0.9300	0.9292	0.6557	-0.0015	508.0000	506.5383	1.0339	7.9643	100.0849	40.1522	0.8230	0.8241	5.0000	-9999.0000	-9999.0000	-9999.0000	-9999.0000	-9999.0000	-9999.0000	20.7425	6	0	24.1531	1.0000	12	3	-9999.0000	17324	54466	-9999	566	550	-9999	325.0784	5	0.6434	0.6557	-0.0015	41.5342	1.8817	479.5732	321.5744	37.7837	443.0030	95.7115	472.6304	95.1843	479.2722	94.9426	483.3135	94.8328	
20/08/2017	00:52:39	019004	G523074691HLR	L523	S		446.3503	1.0233	10.0000	99.9981	39.9814	0.8230	0.8267	5.0000	20.1023	508.0637	94.9426	9.9113	23.9000	0.9300	0.9293	0.6553	-0.0014	508.0000	506.6223	1.0339	7.9708	100.0737	40.1538	0.8230	0.8242	5.0000	-9999.0000	-9999.0000	-9999.0000	-9999.0000	-9999.0000	-9999.0000	20.0724	7	0	23.8825	1.0000	12	3	-9999.0000	17325	54467	-9999	567	551	-9999	325.8620	5	0.6430	0.6553	-0.0014	40.9877	1.9579	483.8033	334.1292	40.5516	451.7889	95.8872	476.7970	95.3380	483.1653	95.1184	488.3737	94.7449	
20/08/2017	00:53:07	019004	G523074644HLR	L523	S		417.4098	1.0233	10.0000	99.8616	39.8795	0.8230	0.8266	5.0000	20.2124	0.0000	0.0000	0.0000	0.0000	0.9300	0.0000	0.0000	0.0000	0.0000	421.0897	1.0339	1.3532	100.1689	40.1526	0.8230	0.8239	5.0000	-9999.0000	-9999.0000	-9999.0000	-9999.0000	-9999.0000	-9999.0000	20.6917	8	7	27.9027	1.0000	12	3	-9999.0000	17326	0	-9999	568	552	-9999	0.0000	0	0.0000	0.0000	0.0000	0.0000	0.0000	0.0000	0.0000	0.0000	0.0000	0.0000	0.0000	0.0000	0.0000	0.0000	0.0000	0.0000	
20/08/2017	00:53:31	019004	G523074702HLR	L523	S		442.5481	1.0233	10.0000	100.0187	39.9487	0.8230	0.8269	5.0000	20.6331	508.0782	95.0305	11.8519	24.1000	0.9300	0.9296	0.6484	-0.0006	508.0000	505.7949	1.0339	7.9068	99.9042	40.0418	0.8230	0.8238	5.0000	-9999.0000	-9999.0000	-9999.0000	-9999.0000	-9999.0000	-9999.0000	21.6723	1	0	23.4732	1.0000	12	3	-9999.0000	17327	54468	-9999	569	553	-9999	326.0662	5	0.6433	0.6484	-0.0006	42.3723	1.8181	480.5453	318.0827	37.1247	439.3046	95.5138	474.4449	95.0744	480.0355	95.0085	484.0252	94.7889	
20/08/2017	00:53:55	019004	G523074671HLR	L523	S		447.9857	1.0233	10.0000	100.1016	40.0668	0.8230	0.8271	5.0000	20.0422	508.0612	94.8548	9.7511	23.9000	0.9300	0.9296	0.6491	-0.0006	508.0000	508.2087	1.0339	7.8767	99.9573	40.1481	0.8230	0.8242	5.0000	-9999.0000	-9999.0000	-9999.0000	-9999.0000	-9999.0000	-9999.0000	19.9720	2	0	24.1121	1.0000	12	3	-9999.0000	17328	54469	-9999	570	554	-9999	326.6170	5	0.6432	0.6491	-0.0006	42.2110	1.8389	487.3079	335.4339	38.7723	452.7403	95.5577	480.8322	95.0744	486.7593	95.0085	491.0409	94.8987	
20/08/2017	00:54:21	019004	G523073988HLR	L523	S		445.6375	1.0233	10.0000	100.0327	40.0715	0.8230	0.8269	5.0000	20.1623	508.0721	94.9207	10.3205	23.9000	0.9300	0.9293	0.6497	-0.0007	508.0000	506.1709	1.0339	7.9359	100.1244	40.1538	0.8230	0.8241	5.0000	-9999.0000	-9999.0000	-9999.0000	-9999.0000	-9999.0000	-9999.0000	20.5617	3	0	25.7931	1.0000	12	3	-9999.0000	17329	54470	-9999	571	555	-9999	326.4562	5	0.6431	0.6497	-0.0007	42.2535	1.8338	484.5293	334.5633	39.6729	450.1037	95.5577	479.4865	95.0305	484.0921	94.8108	487.7852	94.6351	
20/08/2017	00:54:45	019004	G523076481HLR	L523	S		446.5781	1.0233	10.0000	99.9387	39.9847	0.8230	0.8267	5.0000	19.9816	508.0474	94.8767	10.7815	23.9000	0.9300	0.9294	0.6497	-0.0007	508.0000	507.9854	1.0339	7.8994	100.0484	40.1307	0.8230	0.8238	5.0000	-9999.0000	-9999.0000	-9999.0000	-9999.0000	-9999.0000	-9999.0000	22.3618	4	0	24.4128	1.0000	12	3	-9999.0000	17330	54471	-9999	572	556	-9999	326.2684	5	0.6431	0.6497	-0.0007	42.2535	1.8338	483.7655	320.8015	37.4103	449.8645	95.4039	477.6634	94.9426	483.2109	94.8328	487.1801	94.7449	
20/08/2017	00:55:09	019004	G523076479HLR	L523	S		445.0680	1.0233	10.0000	100.0164	39.9487	0.8230	0.8267	5.0000	20.0618	508.0557	94.9207	11.1507	23.9000	0.9300	0.9293	0.6496	-0.0007	508.0000	508.4086	1.0339	7.8563	100.1616	40.1432	0.8230	0.8241	5.0000	-9999.0000	-9999.0000	-9999.0000	-9999.0000	-9999.0000	-9999.0000	20.6117	5	0	23.9433	1.0000	12	3	-9999.0000	17331	54472	-9999	573	557	-9999	326.3097	5	0.6432	0.6496	-0.0007	43.3205	1.7269	482.7711	326.7696	38.9041	445.8153	95.7774	476.1355	95.3161	482.1796	95.2062	486.4513	94.8108	
20/08/2017	00:55:33	019004	G523076489HLR	L523	S		445.0839	1.0233	10.0000	99.9860	39.9939	0.8230	0.8268	5.0000	20.2415	508.0554	94.8328	10.6106	23.9000	0.9300	0.9294	0.6497	-0.0007	508.0000	507.6895	1.0339	7.9296	100.0653	40.1538	0.8230	0.8241	5.0000	-9999.0000	-9999.0000	-9999.0000	-9999.0000	-9999.0000	-9999.0000	20.6624	6	0	23.8521	1.0000	12	3	-9999.0000	17332	54473	-9999	574	558	-9999	326.4127	5	0.6430	0.6497	-0.0007	43.4924	1.7199	484.2827	320.8485	38.0034	450.2698	95.6236	478.1647	95.1403	483.6532	95.0744	488.1067	94.9426	
20/08/2017	00:55:59	019004	G523076488HLR	L523	S		446.0298	1.0233	10.0000	100.0445	39.9767	0.8230	0.8269	5.0000	20.0118	508.0702	94.8548	10.6907	23.9000	0.9300	0.9293	0.6542	-0.0012	508.0000	508.2662	1.0339	7.8708	100.0147	40.1538	0.8230	0.8241	5.0000	-9999.0000	-9999.0000	-9999.0000	-9999.0000	-9999.0000	-9999.0000	20.4026	7	0	26.3028	1.0000	12	3	-9999.0000	17333	54474	-9999	575	559	-9999	326.0205	5	0.6431	0.6542	-0.0012	44.0587	1.6620	482.1545	320.1500	37.6300	444.1735	95.6676	475.5481	95.1184	481.5822	95.0085	485.6075	94.7889	
20/08/2017	00:56:23	019004	G523076499HLR	L523	S		448.9735	1.0233	10.0000	100.0358	39.9954	0.8230	0.8269	5.0000	19.9419	508.0904	94.7669	9.4815	23.9000	0.9300	0.9293	0.6526	-0.0010	508.0000	508.1178	1.0339	7.8859	99.9461	40.1235	0.8230	0.8237	5.0000	-9999.0000	-9999.0000	-9999.0000	-9999.0000	-9999.0000	-9999.0000	22.9429	8	0	24.0526	1.0000	12	3	-9999.0000	17334	54475	-9999	576	559	-9999	326.7947	5	0.6428	0.6526	-0.0010	44.2711	1.6373	487.4028	327.2696	37.4323	450.3452	95.4698	481.8563	95.0085	486.7227	94.8987	491.2679	94.7230	
20/08/2017	00:56:48	019004	G523076510HLR	L523	S		448.5290	1.0233	10.0000	99.9991	40.0232	0.8230	0.8268	5.0000	20.0022	508.0407	94.8767	10.2512	23.9000	0.9300	0.9293	0.6525	-0.0010	508.0000	507.9571	1.0339	7.9023	100.0597	40.1538	0.8230	0.8240	5.0000	-9999.0000	-9999.0000	-9999.0000	-9999.0000	-9999.0000	-9999.0000	20.5928	1	0	24.3132	1.0000	12	3	-9999.0000	17335	54476	-9999	577	560	-9999	326.3920	5	0.6427	0.6525	-0.0010	44.4146	1.6382	484.1393	323.4927	38.4867	449.4968	95.4479	479.1871	94.9207	483.7050	94.6571	487.8557	94.6131	
20/08/2017	00:57:12	019004	G523076520HLR	L523	S		446.3186	1.0233	10.0000	100.0576	39.9876	0.8230	0.8268	5.0000	20.2229	508.0421	94.8548	11.4017	23.9000	0.9300	0.9294	0.6520	-0.0009	508.0000	508.4000	1.0339	7.8571	100.0505	40.1538	0.8230	0.8240	5.0000	-9999.0000	-9999.0000	-9999.0000	-9999.0000	-9999.0000	-9999.0000	20.9817	2	0	24.8426	1.0000	12	3	-9999.0000	17336	54477	-9999	578	561	-9999	325.9408	5	0.6428	0.6520	-0.0009	44.2474	1.6519	480.5444	326.0228	37.9814	446.2217	95.5797	474.4367	95.1184	479.8951	95.0525	485.0263	94.8108	
20/08/2017	00:57:36	019004	G523076518HLR	L523	S		443.7375	1.0233	10.0000	100.0051	39.9710	0.8230	0.8268	5.0000	20.1320	508.0842	94.9426	11.9017	23.8000	0.9300	0.9294	0.6527	-0.0010	508.0000	507.9476	1.0339	7.9033	100.0360	40.1538	0.8230	0.8240	5.0000	-9999.0000	-9999.0000	-9999.0000	-9999.0000	-9999.0000	-9999.0000	21.3824	3	0	23.5124	1.0000	12	3	-9999.0000	17337	54478	-9999	579	562	-9999	325.6690	5	0.6426	0.6527	-0.0010	44.3876	1.6438	478.6719	324.2655	38.5746	443.8502	95.8653	472.4801	95.4039	478.1372	95.2721	482.3429	94.8987	
20/08/2017	00:58:02	019004	G523076517HLR	L523	S		448.2984	1.0233	10.0000	100.0814	39.9753	0.8230	0.8268	5.0000	20.2524	508.0457	94.7669	9.6612	23.9000	0.9300	0.9293	0.6527	-0.0010	508.0000	509.5076	1.0339	7.7441	100.0912	40.1538	0.8230	0.8241	5.0000	-9999.0000	-9999.0000	-9999.0000	-9999.0000	-9999.0000	-9999.0000	20.2219	4	0	25.9337	1.0000	12	3	-9999.0000	17337	54479	-9999	579	563	-9999	326.7558	5	0.6427	0.6527	-0.0010	43.8052	1.6947	486.0994	331.3123	39.0798	449.6587	95.6017	480.9447	95.1403	485.4766	95.0305	490.8155	94.9207	
20/08/2017	00:58:51	019004	G523076504HLR	L523	S		0.0000	0.0000	0.0000	0.0000	0.0000	0.8230	0.0000	0.0000	0.0000	0.0000	0.0000	0.0000	0.0000	0.9300	0.0000	0.0000	0.0000	0.0000	0.0000	0.0000	0.0000	0.0000	0.0000	0.8230	0.0000	0.0000	0.0000	0.0000	0.0000	0.0000	0.0000	0.0000	0.0000	0	42	25.9337	1.0000	12	3	0.0000	0	0	0	0	0	0	0.0000	0	0.0000	0.0000	0.0000	0.0000	0.0000	0.0000	0.0000	0.0000	0.0000	0.0000	0.0000	0.0000	0.0000	0.0000	0.0000	0.0000	
20/08/2017	00:59:07	019004	G523076484HLR	L523	S		442.9097	1.0233	10.0000	100.0228	40.0201	0.8230	0.8268	5.0000	20.2122	508.0749	94.8987	11.6107	23.9000	0.9300	0.9294	0.6519	-0.0009	508.0000	506.6040	1.0339	7.9694	99.9694	40.1538	0.8230	0.8239	5.0000	-9999.0000	-9999.0000	-9999.0000	-9999.0000	-9999.0000	-9999.0000	22.0621	5	0	65.3668	1.0000	12	3	-9999.0000	17338	54480	-9999	580	564	-9999	325.8379	5	0.6425	0.6519	-0.0009	44.6819	1.6085	480.2989	329.0731	37.6300	447.4128	96.0849	473.6699	95.3820	479.6379	95.1843	484.0681	94.7669	
20/08/2017	00:59:32	019004	G523076483HLR	L523	S		444.4300	1.0233	10.0000	100.1049	39.9947	0.8230	0.8268	5.0000	19.9718	508.0683	94.8987	11.9613	23.9000	0.9300	0.9294	0.6533	-0.0011	508.0000	508.7431	1.0339	7.8221	100.0395	40.1538	0.8230	0.8238	5.0000	-9999.0000	-9999.0000	-9999.0000	-9999.0000	-9999.0000	-9999.0000	22.2925	6	0	25.3426	1.0000	12	3	-9999.0000	17338	54481	-9999	581	565	-9999	325.5749	5	0.6423	0.6533	-0.0011	44.2425	1.6358	478.8823	330.7317	39.2995	445.2263	95.8653	472.2719	95.4039	478.2955	95.3600	482.5890	94.9426	
20/08/2017	00:59:59	019004	G523076482HLR	L523	S		443.6868	1.0233	10.0000	100.0252	39.9823	0.8230	0.8268	5.0000	20.1321	508.0416	94.7669	11.2415	23.8000	0.9300	0.9294	0.6525	-0.0010	508.0000	509.0762	1.0339	7.7881	100.0923	40.1573	0.8230	0.8238	5.0000	-9999.0000	-9999.0000	-9999.0000	-9999.0000	-9999.0000	-9999.0000	21.9019	7	0	26.0537	1.0000	12	3	-9999.0000	17339	54482	-9999	582	566	-9999	326.0207	5	0.6423	0.6525	-0.0010	43.9968	1.6581	482.2718	323.8150	39.5192	446.7329	95.9312	476.0101	95.4698	481.6885	95.3820	485.7419	95.0085	
20/08/2017	01:00:25	019004	G523076494HLR	L523	S		449.1794	1.0233	10.0000	99.8319	39.9863	0.8230	0.8268	5.0000	20.0421	508.0627	94.7669	10.3518	23.9000	0.9300	0.9294	0.6506	-0.0008	508.0000	508.4276	1.0339	7.8543	100.0278	40.0789	0.8230	0.8238	5.0000	-9999.0000	-9999.0000	-9999.0000	-9999.0000	-9999.0000	-9999.0000	22.7524	8	0	26.3721	1.0000	12	3	-9999.0000	17340	54483	-9999	583	567	-9999	326.3974	5	0.6421	0.6506	-0.0008	43.9185	1.6668	485.2284	282.4217	38.7283	451.8205	95.8433	479.5035	95.2282	484.6405	95.1184	489.4708	94.9207	
20/08/2017	01:00:48	019004	G523076486HLR	L523	S		451.5869	1.0233	10.0000	100.0974	39.9565	0.8230	0.8266	5.0000	21.3617	508.0641	94.6571	8.6211	23.9000	0.9300	0.9294	0.6471	-0.0004	508.0000	507.9122	1.0339	7.9069	99.8820	40.1475	0.8230	0.8239	5.0000	-9999.0000	-9999.0000	-9999.0000	-9999.0000	-9999.0000	-9999.0000	22.6119	1	0	23.2731	1.0000	12	3	-9999.0000	17341	54484	-9999	584	568	-9999	326.8394	5	0.6425	0.6471	-0.0004	42.9749	1.7578	492.5540	336.8934	39.7169	460.5227	95.5797	487.1592	95.0525	492.0712	94.8987	496.0698	94.7010	
20/08/2017	01:01:12	019004	G523076503HLR	L523	S		448.5356	1.0233	10.0000	100.1044	40.0209	0.8230	0.8269	5.0000	19.9622	508.0454	94.7889	9.1807	24.1000	0.9300	0.9297	0.6496	-0.0007	508.0000	506.8524	1.0339	7.9886	100.1050	40.1538	0.8230	0.8243	5.0000	-9999.0000	-9999.0000	-9999.0000	-9999.0000	-9999.0000	-9999.0000	19.7815	2	0	24.1924	1.0000	12	3	-9999.0000	17342	54485	-9999	585	569	-9999	326.8640	5	0.6424	0.6496	-0.0007	42.5346	1.7977	488.2648	313.1582	37.3005	452.4854	95.2941	481.9029	94.8108	487.8630	94.5253	491.6992	94.6131	
20/08/2017	01:01:38	019004	G523076524HLR	L523	S		446.2530	1.0233	10.0000	100.0790	40.0480	0.8230	0.8267	5.0000	20.0217	508.0533	94.8767	9.6720	24.0000	0.9300	0.9296	0.6494	-0.0007	508.0000	507.5850	1.0339	7.9403	99.9549	40.1538	0.8230	0.8240	5.0000	-9999.0000	-9999.0000	-9999.0000	-9999.0000	-9999.0000	-9999.0000	20.7221	3	0	25.9130	1.0000	12	3	-9999.0000	17343	54486	-9999	586	570	-9999	326.6275	5	0.6422	0.6494	-0.0007	42.0708	1.8517	487.7002	340.8867	39.3874	452.7280	95.5138	481.5604	94.9646	487.0528	94.8328	491.6045	94.7230	
20/08/2017	01:02:03	019004	G523076515HLR	L523	S		449.1734	1.0233	10.0000	99.8844	39.8946	0.8230	0.8266	5.0000	20.1916	508.0340	94.7010	8.9707	23.9000	0.9300	0.9294	0.6508	-0.0008	508.0000	508.9863	1.0339	7.7973	100.1144	40.1440	0.8230	0.8238	5.0000	-9999.0000	-9999.0000	-9999.0000	-9999.0000	-9999.0000	-9999.0000	22.5424	4	0	24.9227	1.0000	12	3	-9999.0000	17344	54487	-9999	587	571	-9999	326.8791	5	0.6421	0.6508	-0.0008	40.3683	2.0011	489.5823	324.7732	38.3110	453.9445	95.6017	482.9877	95.1184	488.8108	95.0085	493.4439	94.7889	
20/08/2017	01:02:27	019004	G523077119HLR	L523	S		448.8919	1.0233	10.0000	99.9580	39.9552	0.8230	0.8270	5.0000	20.0315	508.0886	94.7010	8.4814	24.0000	0.9300	0.9294	0.6505	-0.0008	508.0000	506.9784	1.0339	7.9983	99.8761	40.1524	0.8230	0.8239	5.0000	-9999.0000	-9999.0000	-9999.0000	-9999.0000	-9999.0000	-9999.0000	21.5123	5	0	23.3534	1.0000	12	3	-9999.0000	17345	54488	-9999	588	572	-9999	327.0926	5	0.6421	0.6505	-0.0008	37.0995	2.2979	490.6058	324.7384	37.3444	456.0141	95.5577	484.0280	94.8548	489.9569	94.5692	494.0394	94.5912	
20/08/2017	01:02:51	019004	G523076526HLR	L523	S		441.6014	1.0233	10.0000	100.0626	40.1016	0.8230	0.8270	5.0000	20.0120	508.0590	95.0744	12.3413	23.9000	0.9300	0.9295	0.6518	-0.0009	508.0000	507.9503	1.0339	7.9030	99.9755	40.1538	0.8230	0.8242	5.0000	-9999.0000	-9999.0000	-9999.0000	-9999.0000	-9999.0000	-9999.0000	20.0326	6	0	24.0024	1.0000	12	3	-9999.0000	17346	54489	-9999	589	573	-9999	325.4310	5	0.6421	0.6518	-0.0009	37.3837	2.2721	477.1546	326.5132	39.1677	443.4781	95.4479	470.3380	94.8767	476.6960	94.7010	480.7035	94.6571	
20/08/2017	01:03:15	019004	G523077133HLR	L523	S		446.3386	1.0233	10.0000	100.0739	40.0060	0.8230	0.8267	5.0000	19.9320	508.0614	94.8767	9.8908	23.9000	0.9300	0.9294	0.6524	-0.0010	508.0000	508.2618	1.0339	7.8712	100.0740	40.1538	0.8230	0.8241	5.0000	-9999.0000	-9999.0000	-9999.0000	-9999.0000	-9999.0000	-9999.0000	20.5022	7	0	24.8224	1.0000	12	3	-9999.0000	17347	54490	-9999	590	574	-9999	326.6094	5	0.6422	0.6524	-0.0010	38.5027	2.1858	485.8982	327.2554	38.0473	447.7670	95.6456	479.4417	95.0964	485.3144	95.0085	489.6441	94.9866	
20/08/2017	01:04:02	019004	G523077121HLR	L523	S		0.0000	0.0000	0.0000	0.0000	0.0000	0.8230	0.0000	0.0000	0.0000	0.0000	0.0000	0.0000	0.0000	0.9300	0.0000	0.0000	0.0000	0.0000	0.0000	0.0000	0.0000	0.0000	0.0000	0.8230	0.0000	0.0000	0.0000	0.0000	0.0000	0.0000	0.0000	0.0000	0.0000	0	42	24.8224	1.0000	12	3	0.0000	0	0	0	0	0	0	0.0000	0	0.0000	0.0000	0.0000	0.0000	0.0000	0.0000	0.0000	0.0000	0.0000	0.0000	0.0000	0.0000	0.0000	0.0000	0.0000	0.0000	
20/08/2017	01:04:19	019004	G523077141HLR	L523	S		445.5614	1.0233	10.0000	100.0101	39.9726	0.8230	0.8268	5.0000	20.0617	508.0520	94.8767	10.0109	23.9000	0.9300	0.9294	0.6508	-0.0008	508.0000	507.7964	1.0339	7.9187	99.8711	40.1538	0.8230	0.8239	5.0000	-9999.0000	-9999.0000	-9999.0000	-9999.0000	-9999.0000	-9999.0000	21.5228	8	0	63.9475	1.0000	12	3	-9999.0000	17348	54491	-9999	591	575	-9999	326.4782	5	0.6422	0.6508	-0.0008	40.3290	2.0185	485.6713	325.6781	38.9480	449.3717	96.0190	479.8090	95.4479	485.2524	95.1184	489.2766	94.7230	
20/08/2017	01:04:43	019004	G523077132HLR	L523	S		444.3624	1.0233	10.0000	100.2017	39.9802	0.8230	0.8268	5.0000	20.0717	508.0589	94.8328	10.8508	23.9000	0.9300	0.9295	0.6527	-0.0010	508.0000	507.3436	1.0339	7.9649	100.0646	40.1538	0.8230	0.8238	5.0000	-9999.0000	-9999.0000	-9999.0000	-9999.0000	-9999.0000	-9999.0000	22.8120	1	0	23.4625	1.0000	12	3	-9999.0000	17349	54492	-9999	592	576	-9999	326.0520	5	0.6424	0.6527	-0.0010	41.0928	1.9423	481.9081	326.6439	39.2995	447.4139	95.8872	476.0835	95.4918	481.4090	95.3380	486.0520	94.8548	
20/08/2017	01:05:09	019004	G523077125HLR	L523	S		440.7584	1.0233	10.0000	100.0541	39.9853	0.8230	0.8269	5.0000	19.9925	508.1024	94.8548	12.2113	23.9000	0.9300	0.9295	0.6523	-0.0010	508.0000	508.1427	1.0339	7.8834	100.0930	40.2152	0.8230	0.8241	5.0000	-9999.0000	-9999.0000	-9999.0000	-9999.0000	-9999.0000	-9999.0000	20.1429	2	0	26.1428	1.0000	12	3	-9999.0000	17350	54493	-9999	593	577	-9999	325.4902	5	0.6423	0.6523	-0.0010	40.0296	2.0515	478.7106	316.5791	37.6959	443.9186	96.0849	471.9748	95.5577	478.1908	95.4698	482.0651	95.0525	
20/08/2017	01:05:38	019004	G523077143HLR	L523	S		434.7645	1.0233	10.0000	99.9925	39.9790	0.8230	0.8268	5.0000	20.1429	508.0743	94.7449	11.5921	23.9000	0.9300	0.9295	0.6520	-0.0009	508.0000	508.0314	1.0339	7.8948	99.9176	40.1337	0.8230	0.8238	5.0000	-9999.0000	-9999.0000	-9999.0000	-9999.0000	-9999.0000	-9999.0000	22.2124	3	0	28.7932	1.0000	12	3	-9999.0000	17351	54494	-9999	594	578	-9999	325.7799	5	0.6423	0.6520	-0.0009	40.6677	2.0037	480.0036	320.6725	38.3769	441.6734	95.9751	473.8044	95.4259	479.3963	95.3161	483.5959	95.0305	
20/08/2017	01:06:02	019004	G523077152HLR	L523	S		446.6655	1.0233	10.0000	99.9900	40.0007	0.8230	0.8269	5.0000	20.0824	508.0361	94.7449	9.8810	23.9000	0.9300	0.9294	0.6520	-0.0009	508.0000	507.6450	1.0339	7.9342	99.9486	40.0946	0.8230	0.8236	5.0000	-9999.0000	-9999.0000	-9999.0000	-9999.0000	-9999.0000	-9999.0000	25.5127	4	0	24.1033	1.0000	12	3	-9999.0000	17352	54495	-9999	595	579	-9999	326.5600	5	0.6423	0.6520	-0.0009	41.4853	1.9504	485.9386	336.9031	40.3978	450.8763	95.8653	479.0742	95.4039	485.2826	95.3161	490.3820	94.9426	
20/08/2017	01:06:51	019004	G523076495HLR	L523	S		0.0000	0.0000	0.0000	0.0000	0.0000	0.8230	0.0000	0.0000	0.0000	0.0000	0.0000	0.0000	0.0000	0.9300	0.0000	0.0000	0.0000	0.0000	0.0000	0.0000	0.0000	0.0000	0.0000	0.8230	0.0000	0.0000	0.0000	0.0000	0.0000	0.0000	0.0000	0.0000	0.0000	0	42	24.1033	1.0000	12	3	0.0000	0	0	0	0	0	0	0.0000	0	0.0000	0.0000	0.0000	0.0000	0.0000	0.0000	0.0000	0.0000	0.0000	0.0000	0.0000	0.0000	0.0000	0.0000	0.0000	0.0000	
20/08/2017	01:07:09	019004	G523077164HLR	L523	S		429.7195	1.0233	10.0000	99.9956	40.0240	0.8230	0.8269	5.0000	19.8820	508.0953	94.8108	10.3010	24.1000	0.9300	0.9296	0.6518	-0.0009	508.0000	510.9302	1.0339	7.5990	100.1389	40.1538	0.8230	0.8241	5.0000	-9999.0000	-9999.0000	-9999.0000	-9999.0000	-9999.0000	-9999.0000	20.5219	5	0	67.2174	1.0000	12	3	-9999.0000	17352	54496	-9999	596	580	-9999	326.4622	5	0.6424	0.6518	-0.0009	40.7866	2.0322	484.0324	316.9493	40.3978	443.4613	95.6017	476.3723	95.1623	483.2546	95.0305	488.7723	94.7889	
20/08/2017	01:07:35	019004	G523077163HLR	L523	S		445.1158	1.0233	10.0000	99.9836	40.0410	0.8230	0.8267	5.0000	20.1732	508.0621	94.7889	10.6311	23.9000	0.9300	0.9296	0.6519	-0.0009	508.0000	507.3763	1.0339	7.9616	100.0743	40.1362	0.8230	0.8235	5.0000	-9999.0000	-9999.0000	-9999.0000	-9999.0000	-9999.0000	-9999.0000	26.1034	6	0	25.5030	1.0000	12	3	-9999.0000	17353	54497	-9999	597	581	-9999	326.2609	5	0.6424	0.6519	-0.0009	39.0332	2.2250	483.1017	333.0602	38.6185	451.5830	95.7335	477.4591	95.2502	482.5267	95.1403	487.2612	94.7889	
20/08/2017	01:07:59	019004	G523076502HLR	L523	S		449.1090	1.0233	10.0000	100.0018	39.8873	0.8230	0.8267	5.0000	20.0823	508.0769	94.6571	8.2011	23.9000	0.9300	0.9293	0.6527	-0.0010	508.0000	510.0065	1.0339	7.6932	100.0650	40.1710	0.8230	0.8238	5.0000	-9999.0000	-9999.0000	-9999.0000	-9999.0000	-9999.0000	-9999.0000	22.0132	7	0	24.1822	1.0000	12	3	-9999.0000	17354	54498	-9999	598	582	-9999	327.5570	5	0.6424	0.6527	-0.0010	38.4777	2.2676	491.7935	345.6999	40.6834	461.3510	95.5358	485.6004	95.2502	491.1589	95.0964	495.8839	94.8108	
20/08/2017	01:08:26	019004	G523077139HLR	L523	S		447.1303	1.0233	10.0000	99.9922	39.9755	0.8230	0.8270	5.0000	20.2317	508.0950	94.9646	10.0812	23.9000	0.9300	0.9294	0.6536	-0.0011	508.0000	508.1365	1.0339	7.8840	100.0344	40.1143	0.8230	0.8241	5.0000	-9999.0000	-9999.0000	-9999.0000	-9999.0000	-9999.0000	-9999.0000	20.8420	8	0	27.3332	1.0000	12	3	-9999.0000	17355	54499	-9999	599	583	-9999	326.6053	5	0.6424	0.6536	-0.0011	38.0192	2.3307	483.6010	324.8904	38.5965	450.3074	95.5138	477.4574	94.7669	482.9619	94.5253	488.0111	94.5912	
20/08/2017	01:08:53	019004	G523076507HLR	L523	S		448.7632	1.0233	10.0000	100.0445	40.1407	0.8230	0.8270	5.0000	19.9124	508.0523	94.7230	9.0518	23.9000	0.9300	0.9295	0.6528	-0.0010	508.0000	510.2769	1.0339	7.6656	100.0108	40.1438	0.8230	0.8237	5.0000	-9999.0000	-9999.0000	-9999.0000	-9999.0000	-9999.0000	-9999.0000	23.8727	1	0	26.9835	1.0000	12	3	-9999.0000	17356	54500	-9999	600	584	-9999	327.0751	5	0.6423	0.6528	-0.0010	36.6188	2.4804	489.5125	321.4333	39.0578	453.7360	95.5577	483.0719	95.1184	488.9404	95.0525	493.1770	94.7669	
20/08/2017	01:09:21	019004	G523074682HLR	L523	S		450.3250	1.0233	10.0000	99.9808	40.0162	0.8230	0.8266	5.0000	20.5629	508.0472	94.7669	8.5713	24.1000	0.9300	0.9296	0.6525	-0.0010	508.0000	510.7799	1.0339	7.6143	100.0125	40.1538	0.8230	0.8237	5.0000	-9999.0000	-9999.0000	-9999.0000	-9999.0000	-9999.0000	-9999.0000	23.6726	2	0	27.8529	1.0000	12	3	-9999.0000	17357	54501	-9999	601	585	-9999	327.3702	5	0.6425	0.6525	-0.0010	37.2176	2.3999	489.9667	309.6108	38.7942	451.1131	95.4918	483.6658	95.0085	489.4647	94.7449	493.7656	94.6790	
20/08/2017	01:09:48	019004	G523077129HLR	L523	S		461.8695	1.0233	10.0000	99.9274	39.9890	0.8230	0.8266	5.0000	19.9731	508.0563	94.2177	4.3911	24.1000	0.9300	0.9294	0.6506	-0.0008	508.0000	504.3702	1.0339	7.7965	100.0270	40.1507	0.8230	0.8236	5.0000	-9999.0000	-9999.0000	-9999.0000	-9999.0000	-9999.0000	-9999.0000	24.4128	3	0	26.6826	1.0000	12	3	-9999.0000	17358	54502	-9999	602	586	-9999	328.8549	5	0.6425	0.6506	-0.0008	39.3409	2.2207	506.6431	330.7558	39.1457	469.2531	94.9866	499.8481	94.4813	506.0211	94.2397	496.1797	18.7381	
20/08/2017	01:10:12	019004	G523076506HLR	L523	S		441.5823	1.0233	10.0000	100.0326	39.8695	0.8230	0.8268	5.0000	20.1029	508.0597	94.9866	11.9515	24.0000	0.9300	0.9296	0.6539	-0.0011	508.0000	506.7960	1.0339	7.9842	100.1283	40.1538	0.8230	0.8242	5.0000	-9999.0000	-9999.0000	-9999.0000	-9999.0000	-9999.0000	-9999.0000	20.2922	4	0	24.3427	1.0000	12	3	-9999.0000	17359	54503	-9999	603	587	-9999	325.7192	5	0.6425	0.6539	-0.0011	40.6758	2.0945	476.1025	325.4329	39.7388	440.2387	95.1403	471.0663	94.6571	475.6786	94.3495	480.1240	94.5253	
20/08/2017	01:10:37	019004	G523077149HLR	L523	S		450.9249	1.0233	10.0000	100.1697	39.9487	0.8230	0.8272	5.0000	19.9330	508.0441	94.8328	8.0507	24.0000	0.9300	0.9295	0.6484	-0.0006	508.0000	507.3181	1.0339	7.9675	100.0898	40.1571	0.8230	0.8240	5.0000	-9999.0000	-9999.0000	-9999.0000	-9999.0000	-9999.0000	-9999.0000	20.9223	5	0	24.7029	1.0000	12	3	-9999.0000	17360	54504	-9999	604	588	-9999	327.0213	5	0.6422	0.6484	-0.0006	43.7563	1.8211	493.9906	329.5566	39.3874	457.2745	95.8213	488.1835	95.4259	493.4446	95.3380	497.5395	95.0085	
20/08/2017	01:11:02	019004	G523076501HLR	L523	S		441.0092	1.0233	10.0000	100.0577	40.1544	0.8230	0.8271	5.0000	20.1028	508.0451	95.0305	12.7612	24.0000	0.9300	0.9295	0.6464	-0.0004	508.0000	507.5265	1.0339	7.9463	100.1535	40.1538	0.8230	0.8240	5.0000	-9999.0000	-9999.0000	-9999.0000	-9999.0000	-9999.0000	-9999.0000	21.3920	6	0	25.2235	1.0000	12	3	-9999.0000	17361	54505	-9999	605	589	-9999	325.6740	5	0.6420	0.6464	-0.0004	44.7084	1.7353	477.4030	328.2971	38.0254	444.1392	95.8872	472.1179	95.2062	477.0206	95.0305	481.0819	94.7889	
20/08/2017	01:11:26	019004	G523076521HLR	L523	S		436.0590	1.0233	10.0000	99.9841	40.0885	0.8230	0.8268	5.0000	19.9816	508.0317	95.0085	15.0115	23.9000	0.9300	0.9295	0.6467	-0.0005	508.0000	507.7959	1.0339	7.9188	100.1683	40.1538	0.8230	0.8239	5.0000	-9999.0000	-9999.0000	-9999.0000	-9999.0000	-9999.0000	-9999.0000	21.7818	7	0	24.0027	1.0000	12	3	-9999.0000	17362	54506	-9999	606	590	-9999	325.1327	5	0.6426	0.6467	-0.0005	45.0844	1.7028	473.2540	331.3457	38.7283	439.1282	96.3266	467.5562	95.8213	472.7372	95.6895	476.9599	95.1403	
20/08/2017	01:11:52	019004	G523074710HLR	L523	S		441.1753	1.0233	10.0000	100.0214	39.9759	0.8230	0.8266	5.0000	20.1331	508.0359	94.8108	12.4408	23.9000	0.9300	0.9294	0.6438	-0.0002	508.0000	507.5290	1.0339	7.9460	100.0911	40.1538	0.8230	0.8242	5.0000	-9999.0000	-9999.0000	-9999.0000	-9999.0000	-9999.0000	-9999.0000	19.9625	8	0	26.0029	1.0000	09	2	-9999.0000	17363	54507	-9999	607	591	-9999	325.9977	5	0.6425	0.6438	-0.0002	46.8933	1.5376	481.1295	331.0236	38.1133	449.8309	96.2387	476.1651	95.6236	480.5772	95.4698	484.9278	95.1184	
20/08/2017	01:12:17	019004	G523074672HLR	L523	S		441.6143	1.0233	10.0000	100.0401	39.9239	0.8230	0.8267	5.0000	20.1224	508.0478	94.8328	12.6010	23.8000	0.9300	0.9294	0.6450	-0.0003	508.0000	506.9154	1.0339	7.9935	99.9258	40.1538	0.8230	0.8239	5.0000	-9999.0000	-9999.0000	-9999.0000	-9999.0000	-9999.0000	-9999.0000	22.2222	1	0	25.5527	1.0000	09	2	-9999.0000	17364	54508	-9999	608	592	-9999	325.9790	5	0.6427	0.6450	-0.0003	44.4672	1.7537	480.6018	327.8756	39.9365	449.6758	96.1728	475.2273	95.5577	479.9733	95.4259	483.9830	95.0085	
20/08/2017	01:12:42	019004	G523074701HLR	L523	S		445.7347	1.0233	10.0000	99.9158	39.9569	0.8230	0.8269	5.0000	20.1419	508.0596	94.7889	10.3713	23.8000	0.9300	0.9293	0.6447	-0.0002	508.0000	507.8253	1.0339	7.9158	99.9463	40.1538	0.8230	0.8239	5.0000	-9999.0000	-9999.0000	-9999.0000	-9999.0000	-9999.0000	-9999.0000	21.6627	2	0	25.0626	1.0000	09	2	-9999.0000	17365	54509	-9999	609	593	-9999	326.2835	5	0.6427	0.6447	-0.0002	44.7944	1.7180	487.1224	333.2655	39.1677	455.4036	95.8433	481.3089	95.3161	486.5635	95.2282	490.6578	94.9646	
20/08/2017	01:13:11	019004	G523076480HLR	L523	S		442.1669	1.0233	10.0000	100.0179	40.0504	0.8230	0.8270	5.0000	20.2317	508.0402	95.0085	12.3715	23.9000	0.9300	0.9293	0.6452	-0.0003	508.0000	506.8997	1.0339	7.9922	99.9713	40.1718	0.8230	0.8240	5.0000	-9999.0000	-9999.0000	-9999.0000	-9999.0000	-9999.0000	-9999.0000	21.4623	3	0	28.3429	1.0000	09	2	-9999.0000	17365	54510	-9999	609	594	-9999	325.9200	5	0.6425	0.6452	-0.0003	43.4140	1.8624	480.4485	335.3544	39.8267	447.9579	96.1289	475.3861	95.5577	480.0106	95.4039	484.0429	94.8328	
20/08/2017	01:13:36	019004	G523076490HLR	L523	S		441.3228	1.0233	10.0000	99.9807	40.0686	0.8230	0.8269	5.0000	19.9525	508.0322	95.0085	13.5923	23.9000	0.9300	0.9295	0.6448	-0.0003	508.0000	508.0818	1.0339	7.8896	100.0169	40.1538	0.8230	0.8236	5.0000	-9999.0000	-9999.0000	-9999.0000	-9999.0000	-9999.0000	-9999.0000	25.0428	4	0	25.1434	1.0000	09	2	-9999.0000	17366	54511	-9999	610	595	-9999	325.7766	5	0.6425	0.6448	-0.0003	43.6073	1.8397	479.4791	335.4335	38.7283	447.5667	96.2167	474.4624	95.7774	478.8310	95.7115	482.6251	95.1184	
20/08/2017	01:14:02	019004	G523076500HLR	L523	S		438.7884	1.0233	10.0000	100.1157	39.9880	0.8230	0.8268	5.0000	19.9125	508.0390	94.8548	13.8619	23.9000	0.9300	0.9295	0.6442	-0.0002	508.0000	507.8137	1.0339	7.9170	99.8704	40.1556	0.8230	0.8239	5.0000	-9999.0000	-9999.0000	-9999.0000	-9999.0000	-9999.0000	-9999.0000	21.6323	5	0	25.7627	1.0000	09	2	-9999.0000	17367	54512	-9999	611	596	-9999	325.9637	5	0.6426	0.6442	-0.0002	44.3041	1.7532	477.9972	335.9952	39.8926	447.1281	96.2387	473.2071	95.6895	477.5083	95.5797	481.2745	95.1184	
20/08/2017	01:14:27	019004	G523076498HLR	L523	S		441.5008	1.0233	10.0000	99.9349	39.9771	0.8230	0.8268	5.0000	20.1926	508.0307	94.8328	13.3013	23.8000	0.9300	0.9295	0.6442	-0.0002	508.0000	510.5644	1.0339	7.6363	100.0098	40.1851	0.8230	0.8238	5.0000	-9999.0000	-9999.0000	-9999.0000	-9999.0000	-9999.0000	-9999.0000	22.4027	6	0	25.7725	1.0000	09	2	-9999.0000	17368	54513	-9999	612	596	-9999	326.0843	5	0.6427	0.6442	-0.0002	44.1793	1.7607	480.0632	336.0548	42.0015	452.7057	95.9092	474.3659	95.4918	479.4664	95.3380	483.4636	95.0305	
20/08/2017	01:14:52	019004	G523076509HLR	L523	S		437.6310	1.0233	10.0000	100.0035	39.9976	0.8230	0.8269	5.0000	19.9221	508.0578	94.9207	14.6814	23.9000	0.9300	0.9296	0.6435	-0.0001	508.0000	507.8932	1.0339	7.9089	99.9135	40.2103	0.8230	0.8238	5.0000	-9999.0000	-9999.0000	-9999.0000	-9999.0000	-9999.0000	-9999.0000	22.3021	7	0	24.9531	1.0000	09	2	-9999.0000	17369	54514	-9999	613	597	-9999	326.1581	5	0.6427	0.6435	-0.0001	44.7570	1.7048	475.8787	342.8360	41.7818	450.0313	95.9751	470.9812	95.5138	475.4860	95.3820	479.1508	95.0525	
20/08/2017	01:15:19	019004	G523076508HLR	L523	Q		440.2817	1.0233	10.0000	100.0445	40.0007	0.8230	0.8270	5.0000	20.1223	508.0525	94.8108	12.4916	23.9000	0.9300	0.9295	0.6444	-0.0002	508.0000	508.9353	1.0339	7.8025	100.0120	40.2367	0.8230	0.8240	5.0000	-9999.0000	-9999.0000	-9999.0000	-9999.0000	-9999.0000	-9999.0000	21.6322	8	0	26.5527	1.0000	09	2	-9999.0000	17370	54515	-9999	614	598	-9999	326.2095	5	0.6428	0.6444	-0.0002	46.0471	1.5815	480.3927	325.6977	39.3874	448.4496	95.7994	474.9310	95.2721	479.7376	95.1843	484.7740	95.0085	
20/08/2017	01:15:43	019004	G523076519HLR	L523	Q		441.1420	1.0233	10.0000	99.9593	40.0408	0.8230	0.8268	5.0000	20.1614	508.0396	94.8987	13.7017	23.9000	0.9300	0.9296	0.6442	-0.0002	508.0000	507.7594	1.0339	7.9225	99.9559	40.2177	0.8230	0.8238	5.0000	-9999.0000	-9999.0000	-9999.0000	-9999.0000	-9999.0000	-9999.0000	22.7323	1	0	24.2732	1.0000	09	2	-9999.0000	17371	54516	-9999	615	599	-9999	326.0861	5	0.6427	0.6442	-0.0002	45.0987	1.6763	478.9532	331.1655	38.5526	447.3434	96.1289	472.7975	95.4479	478.3945	95.3161	481.7198	95.0085	
20/08/2017	01:16:09	019004	G523076485HLR	L523	S		446.6152	1.0233	10.0000	99.9888	39.9831	0.8230	0.8268	5.0000	20.0019	508.0470	94.8548	10.6311	23.9000	0.9300	0.9296	0.6452	-0.0003	508.0000	508.2895	1.0339	7.8684	100.0323	40.2564	0.8230	0.8241	5.0000	-9999.0000	-9999.0000	-9999.0000	-9999.0000	-9999.0000	-9999.0000	20.7317	2	0	25.5129	1.0000	09	2	-9999.0000	17372	54517	-9999	616	600	-9999	326.3705	5	0.6425	0.6452	-0.0003	42.9917	1.8526	486.7847	331.8672	40.4418	453.6493	95.5797	481.6443	95.1403	486.2373	95.0305	490.6194	94.9207	
20/08/2017	01:16:34	019004	G523076493HLR	L523	S		439.7204	1.0233	10.0000	100.1374	39.9597	0.8230	0.8270	5.0000	21.1625	508.0683	95.0305	12.5112	23.9000	0.9300	0.9296	0.6444	-0.0002	508.0000	506.4094	1.0339	7.9543	100.0211	40.2564	0.8230	0.8242	5.0000	-9999.0000	-9999.0000	-9999.0000	-9999.0000	-9999.0000	-9999.0000	20.3128	3	0	25.2428	1.0000	09	2	-9999.0000	17373	54518	-9999	617	601	-9999	326.1809	5	0.6425	0.6444	-0.0002	43.3542	1.8278	480.6817	334.4747	40.0464	450.6861	95.6456	475.9050	95.1403	480.1837	94.9646	483.7648	94.7230	
20/08/2017	01:16:59	019004	G523076491HLR	L523	S		442.5559	1.0233	10.0000	100.1457	39.9929	0.8230	0.8269	5.0000	20.1418	508.0560	94.8987	12.6313	23.9000	0.9300	0.9296	0.6463	-0.0003	508.0000	508.5487	1.0339	7.8420	99.9240	40.2740	0.8230	0.8239	5.0000	-9999.0000	-9999.0000	-9999.0000	-9999.0000	-9999.0000	-9999.0000	21.9419	4	0	25.4424	1.0000	09	2	-9999.0000	17373	54519	-9999	618	602	-9999	326.1689	5	0.6425	0.6463	-0.0003	42.0640	1.9357	479.1410	329.0399	40.2001	449.4703	95.5797	473.9854	95.2282	478.6245	95.1623	482.8146	94.9207	
20/08/2017	01:17:24	019004	G523076492HLR	L523	S		441.3046	1.0233	10.0000	100.0661	40.0195	0.8230	0.8270	5.0000	19.9925	508.0500	94.8548	12.5815	23.9000	0.9300	0.9295	0.6481	-0.0005	508.0000	508.5196	1.0339	7.8449	99.8882	40.2644	0.8230	0.8239	5.0000	-9999.0000	-9999.0000	-9999.0000	-9999.0000	-9999.0000	-9999.0000	21.9625	5	0	24.3435	1.0000	09	2	-9999.0000	17374	54520	-9999	619	603	-9999	326.2720	5	0.6426	0.6481	-0.0005	40.1795	2.0601	478.5976	337.3444	38.7283	447.1745	95.5577	473.6571	95.0744	478.1291	94.9646	482.5811	94.8767	
20/08/2017	01:17:47	019004	G523076511HLR	L523	S		440.0138	1.0233	10.0000	100.0972	40.0695	0.8230	0.8269	5.0000	20.0314	508.0791	94.9207	13.7115	23.9000	0.9300	0.9296	0.6475	-0.0004	508.0000	507.9302	1.0339	7.9051	100.2167	40.2998	0.8230	0.8241	5.0000	-9999.0000	-9999.0000	-9999.0000	-9999.0000	-9999.0000	-9999.0000	20.6917	6	0	23.4519	1.0000	09	2	-9999.0000	17375	54521	-9999	620	604	-9999	326.0283	5	0.6420	0.6475	-0.0004	39.8963	2.0795	476.2864	327.7280	40.5516	446.5793	95.4698	470.2012	95.0085	475.6414	94.8987	479.9370	94.8548	
20/08/2017	01:18:13	019004	G523076513HLR	L523	S		439.3436	1.0233	10.0000	100.0781	39.9951	0.8230	0.8268	5.0000	19.9622	508.0663	94.8108	13.1509	23.8000	0.9300	0.9295	0.6476	-0.0004	508.0000	509.1095	1.0339	7.7847	100.1097	40.3505	0.8230	0.8242	5.0000	-9999.0000	-9999.0000	-9999.0000	-9999.0000	-9999.0000	-9999.0000	20.1116	7	0	25.5633	1.0000	09	2	-9999.0000	17376	54522	-9999	621	605	-9999	326.1587	5	0.6421	0.6476	-0.0004	39.8492	2.0854	477.0461	334.7735	38.5965	446.2355	95.6236	471.4647	95.0964	476.6233	95.0305	480.5393	94.9207	
20/08/2017	01:18:37	019004	G523076512HLR	L523	S		445.6887	1.0233	10.0000	100.0534	39.9974	0.8230	0.8269	5.0000	19.9514	508.0510	94.8108	9.1211	23.9000	0.9300	0.9295	0.6458	-0.0003	508.0000	506.3019	1.0339	7.9460	99.8996	40.3147	0.8230	0.8238	5.0000	-9999.0000	-9999.0000	-9999.0000	-9999.0000	-9999.0000	-9999.0000	22.2525	8	0	23.9023	1.0000	09	2	-9999.0000	17377	54523	-9999	622	606	-9999	326.7533	5	0.6418	0.6458	-0.0003	40.7071	2.0197	490.3010	336.3713	39.4313	461.5844	95.4918	484.7236	94.9646	489.8581	94.8108	493.7539	94.8108	
20/08/2017	01:19:01	019004	G523076525HLR	L523	S		438.6885	1.0233	10.0000	100.0417	40.0185	0.8230	0.8269	5.0000	20.0930	508.0443	95.0964	12.6714	23.9000	0.9300	0.9295	0.6457	-0.0003	508.0000	508.6310	1.0339	7.8336	100.1235	40.3512	0.8230	0.8242	5.0000	-9999.0000	-9999.0000	-9999.0000	-9999.0000	-9999.0000	-9999.0000	19.8723	1	0	24.8131	1.0000	09	2	-9999.0000	17378	54524	-9999	623	607	-9999	326.1979	5	0.6418	0.6457	-0.0003	41.0618	1.9999	477.6677	330.2742	40.0903	450.5302	95.4918	472.2037	94.9646	477.1872	94.5472	480.8885	94.5253	
20/08/2017	01:19:26	019004	G523077136HLR	L523	S		445.0610	1.0233	10.0000	99.9981	40.0514	0.8230	0.8269	5.0000	20.0120	508.0621	94.7889	10.6115	23.9000	0.9300	0.9296	0.6436	-0.0001	508.0000	508.3926	1.0339	7.8579	100.2303	40.3589	0.8230	0.8241	5.0000	-9999.0000	-9999.0000	-9999.0000	-9999.0000	-9999.0000	-9999.0000	20.4818	2	0	24.2723	1.0000	09	2	-9999.0000	17379	54525	-9999	624	608	-9999	326.3831	5	0.6419	0.6436	-0.0001	42.6520	1.8687	487.7890	340.0992	39.8706	457.9458	96.1069	483.7436	95.6456	487.3968	95.5577	491.5418	95.0964	
20/08/2017	01:19:50	019004	G523077137HLR	L523	S		445.2666	1.0233	10.0000	100.0391	40.0152	0.8230	0.8269	5.0000	19.9318	508.0378	94.7449	9.7706	23.9000	0.9300	0.9295	0.6442	-0.0002	508.0000	506.8893	1.0339	7.9914	100.2432	40.3589	0.8230	0.8242	5.0000	-9999.0000	-9999.0000	-9999.0000	-9999.0000	-9999.0000	-9999.0000	20.2522	3	0	24.3133	1.0000	09	2	-9999.0000	17380	54526	-9999	625	609	-9999	326.4218	5	0.6418	0.6442	-0.0002	42.1703	1.9157	489.2875	343.5031	40.1123	460.1586	95.8433	484.1760	95.3161	488.7054	95.1623	492.8175	94.8548	
20/08/2017	01:20:17	019004	G523077134HLR	L523	S		449.7308	1.0233	10.0000	100.1571	40.0001	0.8230	0.8269	5.0000	20.0921	508.0615	94.6790	8.4912	23.9000	0.9300	0.9294	0.6474	-0.0004	508.0000	510.2882	1.0339	7.6645	100.0831	40.3589	0.8230	0.8240	5.0000	-9999.0000	-9999.0000	-9999.0000	-9999.0000	-9999.0000	-9999.0000	21.0122	4	0	26.8331	1.0000	09	2	-9999.0000	17381	54527	-9999	626	610	-9999	327.1179	5	0.6420	0.6474	-0.0004	43.6148	1.8104	492.4715	327.8662	41.5841	460.2796	95.3380	486.5995	94.8328	491.8990	94.6571	495.8822	94.5912	
20/08/2017	01:20:43	019004	G523077135HLR	L523	S		440.6908	1.0233	10.0000	99.9515	40.0533	0.8230	0.8269	5.0000	20.0920	508.0306	95.1184	13.0806	23.9000	0.9300	0.9296	0.6480	-0.0005	508.0000	508.3613	1.0339	7.8611	99.9449	40.3507	0.8230	0.8237	5.0000	-9999.0000	-9999.0000	-9999.0000	-9999.0000	-9999.0000	-9999.0000	23.0729	5	0	25.9426	1.0000	09	2	-9999.0000	17382	54528	-9999	627	611	-9999	326.0628	5	0.6419	0.6480	-0.0005	44.3577	1.7705	475.7151	331.0778	40.8372	447.3063	95.6676	470.7677	95.0744	475.1968	94.8108	479.6417	94.7230	
20/08/2017	01:21:07	019004	G523076431HLR	L523	S		441.3493	1.0233	10.0000	100.0506	40.0244	0.8230	0.8268	5.0000	20.1624	508.0753	94.8108	12.1020	23.9000	0.9300	0.9296	0.6422	-0.0000	508.0000	506.6758	1.0339	7.9749	100.0867	40.3589	0.8230	0.8238	5.0000	-9999.0000	-9999.0000	-9999.0000	-9999.0000	-9999.0000	-9999.0000	22.6226	6	0	24.1725	1.0000	09	2	-9999.0000	17383	54529	-9999	628	612	-9999	326.0748	5	0.6418	0.6422	-0.0000	44.7669	1.7476	483.3869	337.7416	40.2441	454.3925	96.0190	477.8787	95.6456	482.7786	95.6017	486.7592	95.1184	
20/08/2017	01:21:31	019004	G523076432HLR	L523	S		446.7718	1.0233	10.0000	99.9964	40.0371	0.8230	0.8269	5.0000	20.0022	508.0635	94.8328	10.8313	23.9000	0.9300	0.9295	0.6482	-0.0005	508.0000	507.3514	1.0339	7.9641	100.0587	40.3589	0.8230	0.8241	5.0000	-9999.0000	-9999.0000	-9999.0000	-9999.0000	-9999.0000	-9999.0000	20.7024	7	0	24.4037	1.0000	09	2	-9999.0000	17384	54530	-9999	629	613	-9999	326.6275	5	0.6420	0.6482	-0.0005	43.8998	1.8279	485.3041	335.9587	40.9690	452.2644	96.1069	479.3200	95.5138	484.7988	95.4039	489.0843	95.0305	
20/08/2017	01:21:55	019004	G523076449HLR	L523	S		444.3720	1.0233	10.0000	100.0144	40.0361	0.8230	0.8269	5.0000	19.9623	508.0533	94.7669	9.7618	23.9000	0.9300	0.9294	0.6452	-0.0003	508.0000	509.0661	1.0339	7.7892	100.0076	40.3589	0.8230	0.8240	5.0000	-9999.0000	-9999.0000	-9999.0000	-9999.0000	-9999.0000	-9999.0000	21.0824	8	0	23.4024	1.0000	09	2	-9999.0000	17385	54531	-9999	630	613	-9999	326.5140	5	0.6420	0.6452	-0.0003	44.8755	1.7546	489.2064	336.0912	40.5516	453.7214	95.7994	482.3963	95.3380	488.3454	95.2282	492.9397	94.9207	
20/08/2017	01:22:21	019004	G523076471HLR	L523	S		442.9375	1.0233	10.0000	100.0601	40.0527	0.8230	0.8269	5.0000	19.7922	508.0571	95.0305	11.8910	23.9000	0.9300	0.9294	0.6441	-0.0002	508.0000	507.5568	1.0339	7.9432	100.1366	40.3589	0.8230	0.8243	5.0000	-9999.0000	-9999.0000	-9999.0000	-9999.0000	-9999.0000	-9999.0000	19.7228	1	0	25.7422	1.0000	09	2	-9999.0000	17386	54532	-9999	631	614	-9999	326.2034	5	0.6421	0.6441	-0.0002	45.2583	1.7126	482.8281	333.3692	38.5306	450.4891	95.6017	476.9076	95.0085	482.3912	94.8108	485.4543	94.6571	
20/08/2017	01:22:48	019004	G523076446HLR	L523	S		443.5901	1.0233	10.0000	100.1142	40.0846	0.8230	0.8269	5.0000	19.9329	508.0528	94.8108	12.0316	23.9000	0.9300	0.9295	0.6467	-0.0004	508.0000	508.6532	1.0339	7.8313	100.0056	40.3589	0.8230	0.8238	5.0000	-9999.0000	-9999.0000	-9999.0000	-9999.0000	-9999.0000	-9999.0000	22.4320	2	0	27.7531	1.0000	09	2	-9999.0000	17387	54533	-9999	632	615	-9999	326.2784	5	0.6422	0.6467	-0.0004	45.1073	1.7227	481.8196	342.0625	39.3434	452.7113	95.5797	475.8411	95.0744	481.2936	95.0744	484.9060	94.9426	
20/08/2017	01:23:13	019004	G523076447HLR	L523	S		450.0768	1.0233	10.0000	100.0821	40.0183	0.8230	0.8267	5.0000	20.2318	508.0556	94.7669	7.7509	23.9000	0.9300	0.9295	0.6477	-0.0004	508.0000	508.5317	1.0339	7.8437	100.0260	40.3589	0.8230	0.8236	5.0000	-9999.0000	-9999.0000	-9999.0000	-9999.0000	-9999.0000	-9999.0000	24.3025	3	0	24.2635	1.0000	09	2	-9999.0000	17388	54534	-9999	633	616	-9999	327.3526	5	0.6424	0.6477	-0.0004	46.1856	1.5993	494.9739	342.7974	39.1237	463.1458	95.7554	488.1924	95.2282	494.3865	95.0744	498.3799	94.8987	
20/08/2017	01:23:41	019004	G523076457HLR	L523	S		424.4001	1.0233	10.0000	100.0343	39.9882	0.8230	0.8269	5.0000	20.1116	508.0397	95.1184	11.4007	23.9000	0.9300	0.9295	0.6459	-0.0003	508.0000	507.0630	1.0339	7.9936	100.1330	40.3589	0.8230	0.8241	5.0000	-9999.0000	-9999.0000	-9999.0000	-9999.0000	-9999.0000	-9999.0000	20.9622	4	0	28.8032	1.0000	09	2	-9999.0000	17389	54535	-9999	634	617	-9999	326.3687	5	0.6424	0.6459	-0.0003	44.9922	1.7337	482.0604	298.0816	41.4303	447.4738	95.6017	477.0804	94.9646	481.4912	94.7449	486.0412	94.6571	
20/08/2017	01:24:06	019004	G523076458HLR	L523	S		444.3907	1.0233	10.0000	99.9725	40.0199	0.8230	0.8269	5.0000	20.0824	508.0508	94.7889	10.7317	23.9000	0.9300	0.9295	0.6464	-0.0003	508.0000	508.7812	1.0339	7.8182	99.9362	40.3589	0.8230	0.8236	5.0000	-9999.0000	-9999.0000	-9999.0000	-9999.0000	-9999.0000	-9999.0000	24.9130	5	0	24.4020	1.0000	09	2	-9999.0000	17390	54536	-9999	635	618	-9999	326.5587	5	0.6424	0.6464	-0.0003	46.0465	1.6408	485.5931	335.0885	40.0244	456.3299	96.0190	479.5777	95.5138	485.0021	95.4259	489.3253	94.9866	
20/08/2017	01:24:31	019004	G523076461HLR	L523	S		443.1929	1.0233	10.0000	99.9199	40.0652	0.8230	0.8269	5.0000	20.2727	508.0428	94.9866	12.5014	23.9000	0.9300	0.9295	0.6469	-0.0004	508.0000	508.0429	1.0339	7.8936	100.1272	40.3964	0.8230	0.8241	5.0000	-9999.0000	-9999.0000	-9999.0000	-9999.0000	-9999.0000	-9999.0000	21.0923	6	0	25.0830	1.0000	09	2	-9999.0000	17391	54537	-9999	636	619	-9999	326.1271	5	0.6422	0.6469	-0.0004	46.6423	1.5619	480.0270	342.0630	41.9575	451.6334	95.7115	474.7010	95.3600	479.4938	95.2941	483.0612	94.8328	
20/08/2017	01:24:55	019004	G523075386HLR	L523	S		442.4825	1.0233	10.0000	99.8614	40.0946	0.8230	0.8268	5.0000	19.9817	508.0351	94.7669	11.6419	23.9000	0.9300	0.9295	0.6467	-0.0004	508.0000	506.2570	1.0339	7.9425	100.0401	40.4105	0.8230	0.8240	5.0000	-9999.0000	-9999.0000	-9999.0000	-9999.0000	-9999.0000	-9999.0000	21.6118	7	0	23.7828	1.0000	09	2	-9999.0000	17392	54538	-9999	637	620	-9999	326.3023	5	0.6424	0.6467	-0.0004	45.9400	1.6357	482.3062	338.9002	39.9365	454.0713	95.5138	476.5164	95.1623	481.6384	95.0964	486.1988	94.9646	
20/08/2017	01:25:20	019004	G523075348HLR	L523	S		439.7728	1.0233	10.0000	99.9605	40.0838	0.8230	0.8268	5.0000	20.0823	508.0633	94.7669	11.4515	23.9000	0.9300	0.9295	0.6465	-0.0004	508.0000	508.1433	1.0339	7.8833	100.2616	40.4441	0.8230	0.8242	5.0000	-9999.0000	-9999.0000	-9999.0000	-9999.0000	-9999.0000	-9999.0000	20.4818	8	0	25.4532	1.0000	09	2	-9999.0000	17393	54539	-9999	638	621	-9999	326.4293	5	0.6425	0.6465	-0.0004	46.5205	1.5651	483.4595	329.9037	41.1228	457.4810	95.5358	477.7960	95.0964	482.8180	94.9866	486.8278	94.8548	
20/08/2017	01:25:44	019004	G523075347HLR	L523	S		440.3600	1.0233	10.0000	99.9565	39.9829	0.8230	0.8267	5.0000	20.4417	508.0438	94.7889	10.7805	23.9000	0.9300	0.9295	0.6467	-0.0004	508.0000	508.6788	1.0339	7.8287	100.1224	40.4255	0.8230	0.8239	5.0000	-9999.0000	-9999.0000	-9999.0000	-9999.0000	-9999.0000	-9999.0000	21.7525	1	0	23.9722	1.0000	09	2	-9999.0000	17394	54540	-9999	639	622	-9999	326.5026	5	0.6425	0.6467	-0.0004	44.8109	1.7693	484.5812	335.0022	40.1782	457.4274	95.4039	478.9098	94.9866	484.0048	94.9426	488.7765	94.8548	
20/08/2017	01:26:09	019004	G523075371HLR	L523	S		443.2260	1.0233	10.0000	99.9667	40.0285	0.8230	0.8268	5.0000	20.3929	508.0404	94.8108	10.2306	23.9000	0.9300	0.9296	0.6463	-0.0003	508.0000	508.1211	1.0339	7.8856	100.1823	40.4615	0.8230	0.8242	5.0000	-9999.0000	-9999.0000	-9999.0000	-9999.0000	-9999.0000	-9999.0000	20.3528	2	0	25.3632	1.0000	09	2	-9999.0000	17395	54541	-9999	640	623	-9999	326.6242	5	0.6426	0.6463	-0.0003	47.6085	1.4625	486.0000	339.1885	41.6061	456.9621	95.4259	480.4267	95.0305	485.4381	94.8767	490.0791	94.6790	
20/08/2017	01:26:34	019004	G523076470HLR	L523	S		444.0401	1.0233	10.0000	99.9935	40.0214	0.8230	0.8269	5.0000	19.9417	508.0551	94.7889	10.7209	23.9000	0.9300	0.9295	0.6442	-0.0002	508.0000	507.9240	1.0339	7.9057	99.9356	40.4429	0.8230	0.8238	5.0000	-9999.0000	-9999.0000	-9999.0000	-9999.0000	-9999.0000	-9999.0000	21.8930	3	0	24.3426	1.0000	09	2	-9999.0000	17396	54542	-9999	641	624	-9999	326.5039	5	0.6425	0.6442	-0.0002	47.6631	1.4643	485.7083	341.3630	42.0234	456.9364	95.1623	479.7038	94.8987	485.1962	94.8108	489.1626	94.7230	
20/08/2017	01:26:59	019004	G523076440HLR	L523	S		439.9846	1.0233	10.0000	99.9579	40.0621	0.8230	0.8269	5.0000	20.1117	508.0634	94.9207	12.4018	23.9000	0.9300	0.9296	0.6435	-0.0001	508.0000	508.3350	1.0339	7.8638	100.0415	40.4615	0.8230	0.8240	5.0000	-9999.0000	-9999.0000	-9999.0000	-9999.0000	-9999.0000	-9999.0000	21.0823	4	0	24.8426	1.0000	09	2	-9999.0000	17397	54543	-9999	642	625	-9999	326.4770	5	0.6426	0.6435	-0.0001	48.3220	1.4071	481.5146	336.6178	39.6070	455.5776	95.3161	476.3037	94.9646	481.1218	94.8328	485.1989	94.7449	
20/08/2017	01:27:23	019004	G523076460HLR	L523	S		443.0519	1.0233	10.0000	100.0361	40.0183	0.8230	0.8268	5.0000	20.1717	508.0403	94.6790	11.3616	23.9000	0.9300	0.9295	0.6436	-0.0001	508.0000	508.6054	1.0339	7.8362	100.1058	40.4615	0.8230	0.8240	5.0000	-9999.0000	-9999.0000	-9999.0000	-9999.0000	-9999.0000	-9999.0000	21.4527	5	0	24.4431	1.0000	09	2	-9999.0000	17398	54544	-9999	643	626	-9999	326.4901	5	0.6426	0.6436	-0.0001	48.7382	1.3974	484.1913	339.8572	39.6070	457.6808	95.3380	477.8422	94.9426	483.6670	94.8548	487.1073	94.8548	
20/08/2017	01:27:51	019004	G523076467HLR	L523	S		440.6268	1.0233	10.0000	99.9521	40.0367	0.8230	0.8269	5.0000	20.7630	508.0524	94.9866	12.7515	23.9000	0.9300	0.9295	0.6429	-0.0000	508.0000	508.8882	1.0339	7.8073	100.0611	40.4615	0.8230	0.8240	5.0000	-9999.0000	-9999.0000	-9999.0000	-9999.0000	-9999.0000	-9999.0000	21.1721	6	0	28.0228	1.0000	09	2	-9999.0000	17399	54545	-9999	644	627	-9999	326.4638	5	0.6425	0.6429	-0.0000	49.9980	1.3025	481.3715	332.5555	40.0903	453.7846	95.5797	475.4748	95.1403	480.9661	95.0085	484.2183	94.8108	
20/08/2017	01:28:18	019004	G523076448HLR	L523	S		449.1232	1.0233	10.0000	99.9598	40.0115	0.8230	0.8268	5.0000	20.2230	508.0738	94.8548	9.6310	23.9000	0.9300	0.9295	0.6450	-0.0002	508.0000	508.5326	1.0339	7.8436	100.0069	40.4461	0.8230	0.8236	5.0000	-9999.0000	-9999.0000	-9999.0000	-9999.0000	-9999.0000	-9999.0000	24.6629	7	0	26.6935	1.0000	09	2	-9999.0000	17400	54546	-9999	645	628	-9999	326.7123	5	0.6426	0.6450	-0.0002	51.2573	1.1989	488.2691	344.6989	40.8152	458.6886	95.6676	483.1711	95.2721	487.8074	95.2062	492.3191	95.0085	
20/08/2017	01:29:29	019004	G523075303HLR	L523	S		0.0000	0.0000	0.0000	0.0000	0.0000	0.8230	0.0000	0.0000	0.0000	0.0000	0.0000	0.0000	0.0000	0.9300	0.0000	0.0000	0.0000	0.0000	0.0000	0.0000	0.0000	0.0000	0.0000	0.8230	0.0000	0.0000	0.0000	0.0000	0.0000	0.0000	0.0000	0.0000	0.0000	0	42	26.6935	1.0000	09	2	0.0000	0	0	0	0	0	0	0.0000	0	0.0000	0.0000	0.0000	0.0000	0.0000	0.0000	0.0000	0.0000	0.0000	0.0000	0.0000	0.0000	0.0000	0.0000	0.0000	0.0000	
20/08/2017	01:29:46	019004	G523076472HLR	L523	S		431.2443	1.0233	10.0000	100.1476	40.0768	0.8230	0.8269	5.0000	20.0521	508.0289	94.9207	11.9818	23.9000	0.9300	0.9295	0.6442	-0.0001	508.0000	510.0001	1.0339	7.6939	100.0666	40.4615	0.8230	0.8237	5.0000	-9999.0000	-9999.0000	-9999.0000	-9999.0000	-9999.0000	-9999.0000	23.4333	8	0	88.0201	1.0000	09	2	-9999.0000	17401	54547	-9999	645	629	-9999	326.4812	5	0.6427	0.6442	-0.0001	50.1714	1.3102	482.4421	339.2901	40.3978	453.7028	95.7994	476.4846	95.2721	481.9905	94.9646	485.4590	94.6131	
20/08/2017	01:30:11	019004	G523076454HLR	L523	S		442.6270	1.0233	10.0000	99.9599	40.0424	0.8230	0.8268	5.0000	20.2121	508.0662	94.8108	10.6008	23.9000	0.9300	0.9295	0.6449	-0.0002	508.0000	507.8076	1.0339	7.9176	100.2096	40.5092	0.8230	0.8241	5.0000	-9999.0000	-9999.0000	-9999.0000	-9999.0000	-9999.0000	-9999.0000	20.6528	1	0	25.1518	1.0000	09	2	-9999.0000	17402	54548	-9999	646	630	-9999	326.5690	5	0.6426	0.6449	-0.0002	49.6332	1.3681	485.9089	342.0067	40.4857	458.5056	95.6456	480.2564	95.2502	485.4243	95.1403	489.1778	94.9207	
20/08/2017	01:30:38	019004	G523076464HLR	L523	S		440.0731	1.0233	10.0000	99.9873	40.0727	0.8230	0.8270	5.0000	20.0128	508.0648	95.1623	13.9615	23.9000	0.9300	0.9295	0.6453	-0.0003	508.0000	508.8957	1.0339	7.8066	100.0215	40.5133	0.8230	0.8238	5.0000	-9999.0000	-9999.0000	-9999.0000	-9999.0000	-9999.0000	-9999.0000	21.8823	2	0	27.5137	1.0000	09	2	-9999.0000	17403	54549	-9999	647	631	-9999	326.0442	5	0.6424	0.6453	-0.0003	49.6609	1.3964	476.0909	341.2926	41.1228	449.9881	95.8653	470.7761	95.3380	475.4934	95.1843	479.5138	94.7889	
