Data	Timp	Nr. masina	Nr. de serie	Tip	Productie	Comentariu	Pre-masurare Q [ml/min]	Pre-masurare Gain	Pre-masurare Offset Master	Pre-masurare P [bar]	Pre-masurare T [°C]	Pre-masurare Densitate fixa [kg/l]	Pre-masurare densitate masurata [kg/l]	Pre-masurare Timp masurare [s]	Pre-masurare Cycle time [s]	rectificare Q Oprire [ml/min]	rectificare P Oprire [bar]	rectificare Timp rectificare [s]	rectificare T [°C]	rectificare Densitate fixa [kg/l]	rectificare densitate masurata [kg/l]	rectificare Factor de masurare la rectificare	rectificare Factor de corectie a debitului	rectificare Target rectificare	Masurare Q [ml/min]	Masurare Gain	Masurare Offset Master	Masurare P [bar]	Masurare T [°C]	Masurare Densitate fixa [kg/l]	Masurare densitate masurata [kg/l]	Masurare Timp masurare [s]	Masurare Q [ml/min]	Masurare Delta Q [ml/min]	Masurare P [bar]	Masurare BP [bar]	Masurare T [°C]	Masurare Timp masurare [s]	Masurare Cycle time [s]	Nest Nr.	Cod de descarcare	Cycle time [s]	Traceability aktiv	EDM Maschine Nr	EDM Spindle Nr	Honing Rate [r	Station Counter Premeasure	Station Counter Grind	Station Counter Blowout 1	Station Counter Wash	Station Counter Measure	Station Counter Blowout 2	RealGrindQStop	Reg Type	Factor 0	Factor 1	Factor 2	Factor 3	Factor 4	G_StartQV	G_StartQV_1	G_StartQV_2	G_StartQV_3	G_StartQV_4	G_StartQV_5	
08/08/2017	00:38:23	019004	H421015017HLR	L421	S		698.8661	1.0233	17.3984	99.9760	39.5030	0.8230	0.8258	5.0000	19.9123	815.1516	94.7889	13.5611	23.9000	0.9300	0.9384	0.7024	-0.0010	815.0000	815.8471	1.0339	-2.5322	99.9743	39.6334	0.8230	0.8219	5.0000	-9999.0000	-9999.0000	-9999.0000	-9999.0000	-9999.0000	-9999.0000	24.2625	4	0	26.7627	1.0000	02	3	-9999.0000	48342	32398	-9999	2314	5156	-9999	561.1675	5	0.6879	0.7024	-0.0010	89.8537	1.9989	681.0509	278.6027	36.9929	658.9871	95.7994	730.2286	94.7230	739.1396	94.5253	747.5853	94.8108	
08/08/2017	00:38:50	019004	H421018939HLR	L421	S		697.0236	1.0233	16.8204	100.1736	39.6305	0.8230	0.8263	5.0000	19.9719	815.1031	94.7449	12.9419	24.0000	0.9300	0.9385	0.7024	-0.0010	815.0000	815.1538	1.0339	-2.5124	100.0404	39.2616	0.8230	0.8227	5.0000	-9999.0000	-9999.0000	-9999.0000	-9999.0000	-9999.0000	-9999.0000	20.4524	5	0	27.5431	1.0000	02	3	-9999.0000	48343	32399	-9999	2315	5157	-9999	561.6642	5	0.6879	0.7024	-0.0010	89.8537	1.9989	684.7177	412.1478	38.1792	662.5298	95.5358	729.5893	94.4154	739.3416	94.5253	748.4434	94.8548	
08/08/2017	00:39:44	019004	H421018938HLR	L421	S		705.9249	1.0233	19.6126	100.1214	39.5102	0.8230	0.8247	5.0000	21.9321	815.1445	94.7449	12.2816	24.1000	0.9300	0.9384	0.7024	-0.0010	815.0000	817.5921	1.0339	-2.5820	99.9893	40.1866	0.8230	0.8223	5.0000	-9999.0000	-9999.0000	-9999.0000	-9999.0000	-9999.0000	-9999.0000	22.1421	7	0	27.8634	1.0000	02	3	-9999.0000	48344	32400	-9999	2316	5158	-9999	562.2372	5	0.6879	0.7024	-0.0010	89.8537	1.9989	691.0253	390.5235	39.0798	668.7848	94.9866	738.9638	94.4374	750.7763	94.7010	760.4523	94.8108	
08/08/2017	00:40:08	019004	H421018937HLR	L421	S		706.2655	1.0233	19.7194	100.0131	39.3333	0.8230	0.8257	5.0000	21.1019	815.0565	94.8328	12.8716	24.0000	0.9300	0.9384	0.7024	-0.0010	815.0000	818.0452	1.0339	-2.5949	100.0487	39.5030	0.8230	0.8220	5.0000	-9999.0000	-9999.0000	-9999.0000	-9999.0000	-9999.0000	-9999.0000	20.9924	8	0	24.1022	1.0000	02	3	-9999.0000	48345	32401	-9999	2317	5159	-9999	561.5678	5	0.6880	0.7024	-0.0010	85.2317	2.3632	687.3145	393.5714	38.9041	664.2605	94.7669	733.3292	94.3495	744.2897	94.7010	753.8392	94.8328	
08/08/2017	00:40:36	019004	H421021078HLR	L421	S		699.8001	1.0233	17.6914	99.9636	40.0512	0.8230	0.8268	5.0000	19.9235	815.0770	94.8328	13.7916	24.0000	0.9300	0.9386	0.7045	-0.0012	815.0000	814.7648	1.0339	-2.5013	100.0683	39.6410	0.8230	0.8234	5.0000	-9999.0000	-9999.0000	-9999.0000	-9999.0000	-9999.0000	-9999.0000	20.6223	1	0	27.7131	1.0000	02	3	-9999.0000	48346	32402	-9999	2318	5160	-9999	560.7050	5	0.6876	0.7045	-0.0012	97.2426	1.4937	683.3311	389.1525	37.7178	660.1076	94.7010	728.7459	94.4813	738.5970	94.7449	748.6579	94.8767	
08/08/2017	00:41:30	019004	H421021079HLR	L421	S		696.1961	1.0233	16.5609	100.1681	39.3898	0.8230	0.8251	5.0000	20.0314	815.0804	94.9207	14.2115	24.1000	0.9300	0.9387	0.7025	-0.0011	815.0000	815.6957	1.0339	-2.5278	100.0739	39.8909	0.8230	0.8221	5.0000	-9999.0000	-9999.0000	-9999.0000	-9999.0000	-9999.0000	-9999.0000	21.3020	3	0	26.5431	1.0000	02	3	-9999.0000	48347	32403	-9999	2319	5160	-9999	560.2774	5	0.6877	0.7025	-0.0011	87.5402	2.1563	688.5347	397.7727	38.2451	665.5436	94.8108	730.6539	94.7010	741.3000	94.8108	749.1409	94.8328	
08/08/2017	00:42:26	019004	H421021083HLR	L421	S		703.6548	1.0233	18.9005	99.9798	40.2095	0.8230	0.8265	5.0000	20.1322	815.1453	94.7669	14.0318	24.1000	0.9300	0.9386	0.6986	-0.0008	815.0000	814.9181	1.0339	-2.5057	99.9760	39.8461	0.8230	0.8233	5.0000	-9999.0000	-9999.0000	-9999.0000	-9999.0000	-9999.0000	-9999.0000	25.0926	5	0	27.4532	1.0000	02	3	-9999.0000	48349	32404	-9999	2321	5161	-9999	560.6389	5	0.6879	0.6986	-0.0008	85.6732	2.2419	693.1476	393.1859	38.6624	670.5355	94.7889	734.4296	94.6351	745.9945	94.7889	752.9417	94.8548	
08/08/2017	00:42:55	019004	H421021072HLR	L421	S		698.1149	1.0233	17.1628	99.9693	39.9300	0.8230	0.8254	5.0000	19.9731	815.0676	94.8328	13.9811	24.0000	0.9300	0.9384	0.6986	-0.0008	815.0000	817.5572	1.0339	-2.5810	100.0141	39.6936	0.8230	0.8227	5.0000	-9999.0000	-9999.0000	-9999.0000	-9999.0000	-9999.0000	-9999.0000	23.3921	6	0	28.8334	1.0000	02	3	-9999.0000	48350	32405	-9999	2322	5162	-9999	560.5692	5	0.6879	0.6986	-0.0008	85.6732	2.2419	692.6429	403.0229	38.2451	670.1201	94.8548	735.6718	94.5912	745.5039	94.7669	752.6530	94.8548	
08/08/2017	00:43:22	019004	H421021084HLR	L421	S		701.6122	1.0233	18.2598	99.9103	39.5026	0.8230	0.8254	5.0000	19.9416	815.1116	94.7449	12.8716	24.0000	0.9300	0.9386	0.6993	-0.0008	815.0000	814.4561	1.0339	-2.4925	100.0129	39.7626	0.8230	0.8232	5.0000	-9999.0000	-9999.0000	-9999.0000	-9999.0000	-9999.0000	-9999.0000	20.2618	7	0	27.5031	1.0000	02	3	-9999.0000	48351	32406	-9999	2323	5163	-9999	561.3338	5	0.6879	0.6993	-0.0008	82.5811	2.4957	692.5217	398.9576	37.3664	669.3672	94.8767	735.9247	94.5472	746.9218	94.7449	755.1321	94.8548	
08/08/2017	00:43:50	019004	H421021099HLR	L421	S		699.4482	1.0233	17.5810	100.0307	39.7435	0.8230	0.8260	5.0000	21.4623	815.0997	94.8548	13.5015	24.0000	0.9300	0.9386	0.6993	-0.0008	815.0000	814.3918	1.0339	-2.4906	100.0356	39.8850	0.8230	0.8231	5.0000	-9999.0000	-9999.0000	-9999.0000	-9999.0000	-9999.0000	-9999.0000	22.8022	8	0	28.0735	1.0000	02	3	-9999.0000	48352	32407	-9999	2324	5164	-9999	560.8768	5	0.6879	0.6993	-0.0008	82.5811	2.4957	693.9347	391.9798	38.7283	672.5160	94.8548	734.6928	94.5692	744.9259	94.7669	752.0375	94.8987	
08/08/2017	00:44:17	019004	H421021103HLR	L421	S		697.2523	1.0233	16.8922	99.9850	40.0242	0.8230	0.8257	5.0000	21.3929	815.1305	94.7669	13.7711	24.0000	0.9300	0.9385	0.7001	-0.0009	815.0000	814.7176	1.0339	-2.4999	100.0175	39.7384	0.8230	0.8226	5.0000	-9999.0000	-9999.0000	-9999.0000	-9999.0000	-9999.0000	-9999.0000	22.3519	1	0	27.0733	1.0000	02	3	-9999.0000	48352	32408	-9999	2325	5165	-9999	560.7079	5	0.6879	0.7001	-0.0009	77.6372	2.8493	688.9354	394.8532	38.2890	667.3201	95.0305	731.3788	94.6571	742.1808	94.7449	749.8798	94.8548	
08/08/2017	00:44:45	019004	H421021107HLR	L421	S		698.0547	1.0233	17.1439	100.2033	39.7286	0.8230	0.8254	5.0000	20.2424	815.1117	94.9207	14.9011	24.1000	0.9300	0.9387	0.7004	-0.0009	815.0000	816.4954	1.0339	-2.5507	100.0182	39.7910	0.8230	0.8231	5.0000	-9999.0000	-9999.0000	-9999.0000	-9999.0000	-9999.0000	-9999.0000	20.2631	2	0	27.3430	1.0000	02	3	-9999.0000	48353	32409	-9999	2326	5166	-9999	559.7615	5	0.6878	0.7004	-0.0009	78.2900	2.7918	688.3722	402.3367	38.1133	666.9242	94.9866	730.2512	94.5692	740.4459	94.7449	748.9183	94.8767	
08/08/2017	00:45:13	019004	H421021115HLR	L421	S		698.8234	1.0233	17.3850	100.0140	39.6410	0.8230	0.8259	5.0000	19.9816	815.1376	94.7669	13.8219	24.1000	0.9300	0.9388	0.7012	-0.0010	815.0000	814.0846	1.0339	-2.4819	100.0247	39.8776	0.8230	0.8231	5.0000	-9999.0000	-9999.0000	-9999.0000	-9999.0000	-9999.0000	-9999.0000	23.7222	3	0	28.0723	1.0000	02	3	-9999.0000	48354	32410	-9999	2327	5167	-9999	560.5994	5	0.6879	0.7012	-0.0010	79.6016	2.6551	689.6135	388.8791	37.5421	667.1791	95.1184	732.0636	94.6571	741.1378	94.7449	749.2747	94.8548	
08/08/2017	00:45:40	019004	H421021096HLR	L421	S		696.0225	1.0233	16.5064	100.1123	39.9487	0.8230	0.8262	5.0000	20.2826	815.0712	94.8328	14.0816	24.1000	0.9300	0.9387	0.7014	-0.0010	815.0000	814.2671	1.0339	-2.4871	100.0708	39.8635	0.8230	0.8229	5.0000	-9999.0000	-9999.0000	-9999.0000	-9999.0000	-9999.0000	-9999.0000	20.3625	4	0	27.6135	1.0000	02	3	-9999.0000	48355	32411	-9999	2328	5168	-9999	560.3832	5	0.6879	0.7014	-0.0010	76.7179	2.8470	689.4203	395.2750	38.1792	667.9494	95.0744	729.5586	94.6351	740.0027	94.7669	747.6204	94.8767	
08/08/2017	00:46:09	019004	H421021117HLR	L421	S		688.1985	1.0233	14.0522	99.9482	39.8930	0.8230	0.8256	5.0000	20.2415	815.1243	94.6790	13.2710	24.1000	0.9300	0.9388	0.7055	-0.0013	815.0000	812.4344	1.0339	-2.4348	100.0211	39.8087	0.8230	0.8231	5.0000	-9999.0000	-9999.0000	-9999.0000	-9999.0000	-9999.0000	-9999.0000	20.4319	5	0	28.8234	1.0000	02	3	-9999.0000	48355	32412	-9999	2329	5168	-9999	561.2895	5	0.6879	0.7055	-0.0013	69.4508	3.4092	688.2886	410.2466	39.7608	667.5128	95.2502	726.5208	94.6351	737.9614	94.7230	746.9532	94.8767	
08/08/2017	00:46:37	019004	H421015095HLR	L421	S		678.9442	1.0233	11.1494	100.0419	39.6410	0.8230	0.8257	5.0000	20.2025	815.0639	94.7669	13.4517	24.1000	0.9300	0.9388	0.7061	-0.0013	815.0000	813.1353	1.0339	-2.4548	99.9885	39.8461	0.8230	0.8230	5.0000	-9999.0000	-9999.0000	-9999.0000	-9999.0000	-9999.0000	-9999.0000	25.5224	6	0	28.2327	1.0000	02	3	-9999.0000	48356	32413	-9999	2330	5169	-9999	560.9917	5	0.6878	0.7061	-0.0013	76.5397	2.8441	685.2271	390.1232	39.1457	664.0344	95.0525	726.3706	94.6351	737.2578	94.7449	746.1746	94.8767	
08/08/2017	00:47:05	019004	H421021094HLR	L421	S		697.3271	1.0233	16.9156	99.8991	39.8461	0.8230	0.8261	5.0000	20.1322	815.1010	94.8548	14.3414	24.1000	0.9300	0.9387	0.7035	-0.0011	815.0000	814.8005	1.0339	-2.5023	99.9933	39.8461	0.8230	0.8228	5.0000	-9999.0000	-9999.0000	-9999.0000	-9999.0000	-9999.0000	-9999.0000	24.7224	7	0	27.9739	1.0000	02	3	-9999.0000	48357	32414	-9999	2331	5170	-9999	560.1335	5	0.6876	0.7035	-0.0011	89.8260	1.8877	685.6736	396.2087	37.2346	663.7548	95.4039	729.8059	94.6790	739.0650	94.8108	745.0624	94.8548	
08/08/2017	00:47:34	019004	H421015067HLR	L421	S		694.0154	1.0233	15.8768	100.0393	39.9712	0.8230	0.8258	5.0000	20.4024	815.0851	94.7010	13.7418	24.1000	0.9300	0.9387	0.7044	-0.0012	815.0000	813.0705	1.0339	-2.4529	100.0525	39.8461	0.8230	0.8231	5.0000	-9999.0000	-9999.0000	-9999.0000	-9999.0000	-9999.0000	-9999.0000	21.9722	8	0	28.1926	1.0000	02	3	-9999.0000	48358	32415	-9999	2332	5171	-9999	560.6695	5	0.6876	0.7044	-0.0012	88.7376	1.9776	683.1432	392.9625	38.2231	661.1461	95.5358	727.2910	94.7889	737.6535	94.7230	745.6579	94.8328	
08/08/2017	00:48:02	019004	H421015101HLR	L421	S		692.5999	1.0233	15.4328	100.1805	39.7388	0.8230	0.8256	5.0000	19.9925	815.1379	94.7230	13.6715	24.1000	0.9300	0.9386	0.7056	-0.0013	815.0000	814.2897	1.0339	-2.4877	100.0160	39.9143	0.8230	0.8231	5.0000	-9999.0000	-9999.0000	-9999.0000	-9999.0000	-9999.0000	-9999.0000	21.1526	1	0	28.8333	1.0000	02	3	-9999.0000	48358	32416	-9999	2333	5172	-9999	560.9349	5	0.6880	0.7056	-0.0013	80.3610	2.6212	683.8874	407.0633	37.6739	661.4875	95.5577	727.8559	94.7669	738.4092	94.7010	747.0541	94.8328	
08/08/2017	00:48:32	019004	H421021111HLR	L421	S		696.2978	1.0233	16.5928	99.9763	39.7579	0.8230	0.8256	5.0000	21.5922	815.1616	94.8328	14.3219	24.0000	0.9300	0.9385	0.7123	-0.0018	815.0000	814.4737	1.0339	-2.4930	99.9935	39.8461	0.8230	0.8228	5.0000	-9999.0000	-9999.0000	-9999.0000	-9999.0000	-9999.0000	-9999.0000	25.4920	2	0	29.2934	1.0000	02	3	-9999.0000	48359	32417	-9999	2334	5173	-9999	560.2525	5	0.6881	0.7123	-0.0018	79.9282	2.6446	676.4214	393.9739	39.1237	654.3807	95.6676	719.4670	94.8548	730.3408	94.7230	739.1494	94.8328	
08/08/2017	00:48:59	019004	H421015107HLR	L421	S		694.1791	1.0233	15.9282	100.0416	39.9552	0.8230	0.8260	5.0000	19.9221	815.1482	94.7669	14.2916	24.0000	0.9300	0.9384	0.7199	-0.0023	815.0000	814.2527	1.0339	-2.4867	99.9789	39.8461	0.8230	0.8229	5.0000	-9999.0000	-9999.0000	-9999.0000	-9999.0000	-9999.0000	-9999.0000	25.8232	3	0	27.1631	1.0000	02	3	-9999.0000	48360	32418	-9999	2335	5174	-9999	560.2715	5	0.6880	0.7199	-0.0023	70.8779	3.2771	668.2929	379.8765	37.5421	646.0704	95.1184	712.6631	94.6790	723.8933	94.7230	732.4754	94.8548	
08/08/2017	00:49:28	019004	H421015093HLR	L421	S		694.6040	1.0233	16.0615	99.9225	39.8594	0.8230	0.8255	5.0000	20.2815	815.1330	94.7669	14.2516	24.0000	0.9300	0.9385	0.7212	-0.0024	815.0000	813.8503	1.0339	-2.4752	100.0293	39.9487	0.8230	0.8230	5.0000	-9999.0000	-9999.0000	-9999.0000	-9999.0000	-9999.0000	-9999.0000	22.5328	4	0	28.7532	1.0000	02	3	-9999.0000	48361	32419	-9999	2335	5175	-9999	560.3557	5	0.6881	0.7212	-0.0024	69.2354	3.4068	667.4149	382.4978	38.0473	645.9319	95.1403	711.2294	94.6351	722.0495	94.7230	731.6951	94.8548	
08/08/2017	00:49:56	019004	H421015084HLR	L421	S		682.9859	1.0233	12.4171	100.0175	39.7435	0.8230	0.8258	5.0000	19.8517	815.1778	94.8767	14.8718	24.0000	0.9300	0.9386	0.7253	-0.0027	815.0000	814.6506	1.0339	-2.4980	100.0867	39.9522	0.8230	0.8229	5.0000	-9999.0000	-9999.0000	-9999.0000	-9999.0000	-9999.0000	-9999.0000	20.6526	5	0	28.0529	1.0000	02	3	-9999.0000	48362	32420	-9999	2336	5176	-9999	559.0630	5	0.6883	0.7253	-0.0027	98.4075	1.3645	656.0382	387.5794	39.0359	633.9501	95.2062	702.6519	94.6790	715.3672	94.7230	726.0992	94.8328	
08/08/2017	00:50:23	019004	H421015089HLR	L421	S		702.0998	1.0233	18.4127	100.1463	39.9423	0.8230	0.8257	5.0000	21.2123	815.1093	94.6351	12.6616	24.1000	0.9300	0.9385	0.7209	-0.0024	815.0000	816.5283	1.0339	-2.5516	100.0465	39.8594	0.8230	0.8229	5.0000	-9999.0000	-9999.0000	-9999.0000	-9999.0000	-9999.0000	-9999.0000	21.1830	6	0	27.4533	1.0000	02	3	-9999.0000	48363	32421	-9999	2337	5177	-9999	563.5003	5	0.6882	0.7209	-0.0024	90.3214	1.9501	679.4244	384.9187	37.6300	657.4231	95.0964	723.1797	94.6131	734.6048	94.7230	744.2545	94.8328	
08/08/2017	00:50:51	019004	H421015081HLR	L421	S		681.6097	1.0233	11.9855	100.2252	39.9032	0.8230	0.8255	5.0000	20.6929	815.1350	94.7669	13.5113	24.0000	0.9300	0.9384	0.7182	-0.0021	815.0000	814.7033	1.0339	-2.4995	100.0789	39.9728	0.8230	0.8232	5.0000	-9999.0000	-9999.0000	-9999.0000	-9999.0000	-9999.0000	-9999.0000	20.7630	7	0	28.1330	1.0000	02	3	-9999.0000	48364	32422	-9999	2338	5178	-9999	561.9260	5	0.6883	0.7182	-0.0021	88.8730	2.0561	670.6474	396.5476	39.1677	648.9020	95.2941	716.1367	94.6790	727.5025	94.7010	736.5193	94.8767	
08/08/2017	00:51:19	019004	H421023145HLR	L421	S		684.3331	1.0233	12.8398	100.0364	39.7513	0.8230	0.8257	5.0000	20.0530	815.1702	94.8548	14.9021	24.0000	0.9300	0.9385	0.7165	-0.0020	815.0000	815.6727	1.0339	-2.5272	100.0782	39.9970	0.8230	0.8230	5.0000	-9999.0000	-9999.0000	-9999.0000	-9999.0000	-9999.0000	-9999.0000	20.6926	8	0	27.9934	1.0000	02	3	-9999.0000	48365	32423	-9999	2339	5179	-9999	559.6678	5	0.6884	0.7165	-0.0020	86.6591	2.2385	669.8294	381.1891	38.3769	648.8216	95.0964	713.4196	94.5912	726.1163	94.7449	734.2924	94.8987	
08/08/2017	00:51:46	019004	H421023142HLR	L421	S		698.7522	1.0233	17.3627	99.9687	39.8658	0.8230	0.8259	5.0000	20.4729	815.1157	94.8108	14.3024	24.0000	0.9300	0.9386	0.7182	-0.0021	815.0000	815.7363	1.0339	-2.5290	99.9929	39.8461	0.8230	0.8229	5.0000	-9999.0000	-9999.0000	-9999.0000	-9999.0000	-9999.0000	-9999.0000	24.3835	1	0	27.0832	1.0000	02	3	-9999.0000	48366	32424	-9999	2340	5180	-9999	560.6306	5	0.6884	0.7182	-0.0021	88.8755	2.0751	675.6279	391.6617	38.9260	654.3954	95.1843	717.6488	94.6571	728.7035	94.7010	738.1601	94.8548	
08/08/2017	00:52:14	019004	H421023124HLR	L421	S		692.7561	1.0233	15.4818	99.9149	39.9446	0.8230	0.8256	5.0000	20.8724	815.1193	94.7010	13.5318	24.1000	0.9300	0.9386	0.7178	-0.0021	815.0000	816.8922	1.0339	-2.5620	100.0754	39.9071	0.8230	0.8232	5.0000	-9999.0000	-9999.0000	-9999.0000	-9999.0000	-9999.0000	-9999.0000	20.2122	2	0	27.8428	1.0000	02	3	-9999.0000	48367	32425	-9999	2341	5181	-9999	561.9534	5	0.6884	0.7178	-0.0021	95.5565	1.6057	676.9595	394.2885	36.9490	655.9577	95.1623	719.7793	94.6790	731.3663	94.7230	740.7219	94.8108	
08/08/2017	00:52:41	019004	H421015082HLR	L421	S		689.2033	1.0233	14.3674	100.0332	39.8041	0.8230	0.8256	5.0000	20.2523	815.1552	94.8328	14.4215	24.1000	0.9300	0.9387	0.7248	-0.0026	815.0000	814.0561	1.0339	-2.4811	100.0486	39.9890	0.8230	0.8231	5.0000	-9999.0000	-9999.0000	-9999.0000	-9999.0000	-9999.0000	-9999.0000	20.8519	3	0	26.5529	1.0000	02	3	-9999.0000	48368	32426	-9999	2342	5182	-9999	560.4211	5	0.6885	0.7248	-0.0026	110.2592	0.5892	661.6722	386.1420	37.6080	640.0275	95.2502	706.7043	94.7010	718.3235	94.7230	727.6988	94.8548	
08/08/2017	00:53:09	019004	H421015071HLR	L421	S		687.9400	1.0233	13.9711	99.9544	39.8461	0.8230	0.8258	5.0000	20.3226	815.1585	94.7669	14.1217	24.1000	0.9300	0.9386	0.7266	-0.0027	815.0000	815.3750	1.0339	-2.5187	100.0856	39.9215	0.8230	0.8229	5.0000	-9999.0000	-9999.0000	-9999.0000	-9999.0000	-9999.0000	-9999.0000	20.8821	4	0	28.3527	1.0000	02	3	-9999.0000	48369	32427	-9999	2343	5183	-9999	561.1357	5	0.6884	0.7266	-0.0027	88.0596	2.3396	664.3284	395.0724	37.5641	643.4535	95.1184	706.7238	94.6131	719.9744	94.7230	729.5033	94.8548	
08/08/2017	00:53:40	019004	H421023152HLR	L421	S		688.9378	1.0233	14.2841	100.1381	39.9399	0.8230	0.8256	5.0000	21.1528	815.1384	94.6790	13.3619	24.1000	0.9300	0.9386	0.7253	-0.0026	815.0000	816.0318	1.0339	-2.5374	100.0956	39.8897	0.8230	0.8230	5.0000	-9999.0000	-9999.0000	-9999.0000	-9999.0000	-9999.0000	-9999.0000	20.7024	5	0	31.2242	1.0000	02	3	-9999.0000	48370	32428	-9999	2344	5184	-9999	562.7287	5	0.6885	0.7253	-0.0026	75.7088	3.2254	674.2447	386.8978	38.9041	654.3997	95.0085	711.6742	94.5692	724.1638	94.7010	734.5030	94.8767	
08/08/2017	00:54:10	019004	H421023163HLR	L421	S		686.8759	1.0233	13.6374	100.0616	39.8658	0.8230	0.8256	5.0000	20.2923	815.1413	94.7230	13.9312	24.1000	0.9300	0.9386	0.7228	-0.0024	815.0000	815.5555	1.0339	-2.5238	100.0782	39.9859	0.8230	0.8232	5.0000	-9999.0000	-9999.0000	-9999.0000	-9999.0000	-9999.0000	-9999.0000	20.4817	6	0	29.7533	1.0000	02	3	-9999.0000	48371	32429	-9999	2344	5185	-9999	561.4537	5	0.6884	0.7228	-0.0024	93.0540	2.0713	667.8737	389.6240	36.7513	646.3926	95.0305	711.7047	94.5912	724.7027	94.7449	734.2248	94.8767	
08/08/2017	00:54:40	019004	H421023155HLR	L421	S		697.6113	1.0233	17.0048	100.0216	39.8363	0.8230	0.8257	5.0000	20.2328	815.1101	94.6351	12.8315	24.1000	0.9300	0.9386	0.7164	-0.0020	815.0000	810.9494	1.0339	-2.3924	99.9778	39.8860	0.8230	0.8229	5.0000	-9999.0000	-9999.0000	-9999.0000	-9999.0000	-9999.0000	-9999.0000	24.4928	7	0	29.6733	1.0000	02	3	-9999.0000	48372	32430	-9999	2345	5186	-9999	563.1525	5	0.6885	0.7164	-0.0020	95.5648	1.9697	681.1128	382.9924	37.9155	661.3189	95.0305	720.9619	94.5912	733.2309	94.7449	742.7888	94.8767	
08/08/2017	00:55:07	019004	H421023148HLR	L421	S		693.4787	1.0233	15.7085	100.2941	39.9370	0.8230	0.8259	5.0000	20.1429	815.1035	94.9207	14.4616	24.0000	0.9300	0.9387	0.7137	-0.0018	815.0000	814.8051	1.0339	-2.5024	99.9681	39.8461	0.8230	0.8229	5.0000	-9999.0000	-9999.0000	-9999.0000	-9999.0000	-9999.0000	-9999.0000	24.6824	8	0	27.0723	1.0000	02	3	-9999.0000	48372	32431	-9999	2346	5187	-9999	560.4906	5	0.6883	0.7137	-0.0018	88.4302	2.4888	676.7389	388.2031	37.9595	656.5876	95.1403	716.5505	94.6131	727.9366	94.7230	736.6973	94.8987	
08/08/2017	00:55:35	019004	H421023157HLR	L421	S		688.0404	1.0233	14.0026	99.9263	39.9116	0.8230	0.8257	5.0000	20.2922	815.0773	95.1184	17.5420	24.0000	0.9300	0.9387	0.7126	-0.0017	815.0000	815.7642	1.0339	-2.5298	100.0093	39.9505	0.8230	0.8230	5.0000	-9999.0000	-9999.0000	-9999.0000	-9999.0000	-9999.0000	-9999.0000	22.2924	1	0	28.4133	1.0000	02	3	-9999.0000	48373	32432	-9999	2347	5188	-9999	556.0504	5	0.6883	0.7126	-0.0017	77.1173	3.3383	664.9932	397.0473	38.0254	642.9508	95.0305	707.2230	94.6571	718.6896	94.7230	726.9223	94.8767	
08/08/2017	00:56:04	019004	H421023176HLR	L421	S		695.7694	1.0233	16.4271	100.0038	39.8238	0.8230	0.8254	5.0000	21.4526	815.1278	94.9866	15.8817	24.0000	0.9300	0.9387	0.7126	-0.0017	815.0000	813.7417	1.0339	-2.4721	99.9825	39.9915	0.8230	0.8230	5.0000	-9999.0000	-9999.0000	-9999.0000	-9999.0000	-9999.0000	-9999.0000	20.2522	2	0	29.0834	1.0000	02	3	-9999.0000	48374	32433	-9999	2348	5189	-9999	558.4998	5	0.6883	0.7126	-0.0017	77.1173	3.3383	673.7425	395.8183	36.6854	653.2079	95.2282	713.8537	94.6571	723.6048	94.7230	732.1370	94.8328	
08/08/2017	00:56:33	019004	H421023184HLR	L421	S		693.2396	1.0233	15.6335	99.9636	39.9331	0.8230	0.8258	5.0000	20.1418	815.1243	94.9646	16.0311	24.0000	0.9300	0.9386	0.7119	-0.0017	815.0000	814.0690	1.0339	-2.4814	100.0770	39.8885	0.8230	0.8229	5.0000	-9999.0000	-9999.0000	-9999.0000	-9999.0000	-9999.0000	-9999.0000	21.3022	3	0	28.5930	1.0000	02	3	-9999.0000	48375	32434	-9999	2349	5189	-9999	558.3379	5	0.6886	0.7119	-0.0017	61.7121	4.4309	672.4489	395.0841	38.1792	650.6778	95.1184	715.0556	94.5912	725.0804	94.7230	733.5416	94.8548	
08/08/2017	00:57:02	019004	H421023173HLR	L421	S		690.2893	1.0233	14.7081	99.8029	39.9045	0.8230	0.8257	5.0000	20.1300	815.1467	94.7230	13.1713	24.0000	0.9300	0.9385	0.7114	-0.0016	815.0000	815.1193	1.0339	-2.5114	100.0352	39.9487	0.8230	0.8230	5.0000	-9999.0000	-9999.0000	-9999.0000	-9999.0000	-9999.0000	-9999.0000	22.5621	4	0	28.9134	1.0000	02	3	-9999.0000	48376	32435	-9999	2350	5190	-9999	562.2754	5	0.6886	0.7114	-0.0016	66.9286	4.0369	681.6782	396.6583	38.8382	660.4022	94.8328	723.4243	94.5033	734.5510	94.7010	743.6177	94.8767	
08/08/2017	00:57:31	019004	H421023187HLR	L421	S		690.2987	1.0233	14.7110	100.0040	39.8449	0.8230	0.8258	5.0000	20.0423	815.1469	94.9646	14.7311	24.0000	0.9300	0.9385	0.7138	-0.0018	815.0000	813.3944	1.0339	-2.4622	100.0976	39.9851	0.8230	0.8230	5.0000	-9999.0000	-9999.0000	-9999.0000	-9999.0000	-9999.0000	-9999.0000	20.7121	5	0	29.2231	1.0000	02	3	-9999.0000	48377	32436	-9999	2351	5191	-9999	560.0835	5	0.6881	0.7138	-0.0018	93.8441	2.1320	671.4094	392.8450	37.5421	650.7157	95.2062	712.3673	94.6351	723.0830	94.7230	731.9456	94.8767	
08/08/2017	00:58:00	019004	H421023193HLR	L421	S		693.0189	1.0233	15.5643	100.0549	39.8942	0.8230	0.8257	5.0000	20.8725	815.1662	94.8548	15.0720	24.0000	0.9300	0.9385	0.7122	-0.0017	815.0000	813.9695	1.0339	-2.4786	100.0400	39.9325	0.8230	0.8230	5.0000	-9999.0000	-9999.0000	-9999.0000	-9999.0000	-9999.0000	-9999.0000	21.2221	6	0	28.9934	1.0000	02	3	-9999.0000	48378	32437	-9999	2352	5192	-9999	559.6987	5	0.6880	0.7122	-0.0017	104.1773	1.3890	672.9925	384.2052	36.7513	652.1594	95.1403	713.4847	94.6131	723.9862	94.7449	732.1815	94.8767	
08/08/2017	00:58:27	019004	H421023212HLR	L421	S		693.3063	1.0233	15.6544	100.0571	39.9343	0.8230	0.8258	5.0000	20.0822	815.1511	94.8548	14.8307	24.0000	0.9300	0.9387	0.7112	-0.0016	815.0000	813.8103	1.0339	-2.4740	100.0706	39.9227	0.8230	0.8231	5.0000	-9999.0000	-9999.0000	-9999.0000	-9999.0000	-9999.0000	-9999.0000	20.6625	7	0	27.1135	1.0000	02	3	-9999.0000	48379	32438	-9999	2353	5193	-9999	560.0802	5	0.6878	0.7112	-0.0016	110.6914	0.9346	673.8843	390.1411	38.0473	652.7374	95.2062	714.8963	94.7449	724.9422	94.7230	732.7538	94.8328	
08/08/2017	00:58:54	019004	H421023181HLR	L421	S		693.0124	1.0233	15.5622	100.0323	39.8897	0.8230	0.8257	5.0000	20.0715	815.1628	94.8987	14.8913	24.1000	0.9300	0.9386	0.7106	-0.0016	815.0000	814.4284	1.0339	-2.4917	100.0617	39.9620	0.8230	0.8231	5.0000	-9999.0000	-9999.0000	-9999.0000	-9999.0000	-9999.0000	-9999.0000	21.2621	8	0	26.4324	1.0000	02	3	-9999.0000	48380	32439	-9999	2354	5194	-9999	560.0643	5	0.6881	0.7106	-0.0016	114.5997	0.6396	675.1120	391.1234	38.8162	654.2246	95.0964	716.0018	94.6790	726.8363	94.7230	734.7960	94.8548	
08/08/2017	00:59:18	019004	H421023204HLR	L421	S		693.2116	1.0233	15.6247	100.0319	39.8590	0.8230	0.8258	5.0000	19.8918	815.0674	94.9207	15.4519	24.1000	0.9300	0.9389	0.7121	-0.0017	815.0000	813.5190	1.0339	-2.4657	100.0406	39.9792	0.8230	0.8230	5.0000	-9999.0000	-9999.0000	-9999.0000	-9999.0000	-9999.0000	-9999.0000	20.6722	1	0	24.6230	1.0000	02	3	-9999.0000	48381	32440	-9999	2355	5195	-9999	559.2831	5	0.6880	0.7121	-0.0017	126.2648	-0.1289	674.1800	391.8942	38.8382	653.0088	95.2062	715.2995	94.7230	723.7281	94.7449	731.2832	94.8548	
08/08/2017	00:59:46	019004	H421023198HLR	L421	S		685.7375	1.0233	13.2803	100.0217	39.9331	0.8230	0.8258	5.0000	20.1417	815.1541	94.8767	15.0017	24.0000	0.9300	0.9387	0.7116	-0.0016	815.0000	815.9949	1.0339	-2.5364	100.0818	39.9644	0.8230	0.8230	5.0000	-9999.0000	-9999.0000	-9999.0000	-9999.0000	-9999.0000	-9999.0000	20.7220	2	0	27.8830	1.0000	02	3	-9999.0000	48382	32441	-9999	2356	5196	-9999	560.0674	5	0.6878	0.7116	-0.0016	120.8785	0.1853	675.5885	391.5357	37.7618	654.3603	95.3161	717.3500	94.7230	727.0905	94.7230	735.3779	94.8328	
08/08/2017	01:00:13	019004	H421015036HLR	L421	S		700.7491	1.0233	17.9890	99.9422	39.9135	0.8230	0.8257	5.0000	19.9025	815.0856	94.6571	13.4117	24.0000	0.9300	0.9385	0.7040	-0.0011	815.0000	816.2148	1.0339	-2.5427	100.0024	39.8752	0.8230	0.8229	5.0000	-9999.0000	-9999.0000	-9999.0000	-9999.0000	-9999.0000	-9999.0000	24.2420	3	0	27.1231	1.0000	02	3	-9999.0000	48383	32442	-9999	2357	5197	-9999	561.8249	5	0.6880	0.7040	-0.0011	131.9018	-0.6160	687.0094	403.0914	36.6854	665.1860	95.2721	730.4378	94.6790	739.2200	94.7230	747.7926	94.8328	
08/08/2017	01:00:41	019004	H421015040HLR	L421	S		702.1576	1.0233	18.4309	100.1276	39.8611	0.8230	0.8258	5.0000	19.8820	815.1758	94.6131	12.6518	24.0000	0.9300	0.9385	0.7048	-0.0012	815.0000	816.3521	1.0339	-2.5466	100.0105	39.9432	0.8230	0.8229	5.0000	-9999.0000	-9999.0000	-9999.0000	-9999.0000	-9999.0000	-9999.0000	23.7721	4	0	27.4230	1.0000	02	3	-9999.0000	48384	32443	-9999	2358	5198	-9999	562.7471	5	0.6880	0.7048	-0.0012	162.6574	-2.7213	686.6337	400.9810	37.9375	664.9995	95.0525	732.2682	94.6131	744.0305	94.7010	752.2125	94.8767	
08/08/2017	01:01:06	019004	H421021138HLR	L421	S		705.2816	1.0233	19.4108	99.9625	39.9204	0.8230	0.8259	5.0000	19.7824	815.0870	94.6351	9.9513	24.0000	0.9300	0.9383	0.7054	-0.0012	815.0000	818.1745	1.0339	-2.5986	100.0177	39.9288	0.8230	0.8229	5.0000	-9999.0000	-9999.0000	-9999.0000	-9999.0000	-9999.0000	-9999.0000	23.7321	5	0	25.9228	1.0000	02	3	-9999.0000	48385	32444	-9999	2359	5199	-9999	565.4234	5	0.6880	0.7054	-0.0012	167.2476	-3.0233	697.6492	399.0077	36.2460	673.7092	94.7010	748.9601	94.5253	761.6035	94.7230	770.3818	94.8767	
08/08/2017	01:01:32	019004	H421021128HLR	L421	S		667.3380	1.0233	7.5088	100.0095	39.9184	0.8230	0.8258	5.0000	20.1614	815.1348	94.9866	13.9117	24.0000	0.9300	0.9387	0.7143	-0.0018	815.0000	816.2562	1.0339	-2.5438	100.0251	39.9290	0.8230	0.8230	5.0000	-9999.0000	-9999.0000	-9999.0000	-9999.0000	-9999.0000	-9999.0000	22.6118	6	0	25.4130	1.0000	02	3	-9999.0000	48386	32445	-9999	2360	5200	-9999	561.9329	5	0.6878	0.7143	-0.0018	124.3435	-0.0780	666.8134	386.5008	38.3110	643.1848	95.2282	719.5811	94.5912	730.9949	94.6790	739.3941	94.7889	
08/08/2017	01:01:57	019004	H421021147HLR	L421	S		725.1450	1.0233	24.3282	100.0793	39.9051	0.8230	0.8256	5.0000	20.3617	815.1594	94.8767	8.5303	24.0000	0.9300	0.9383	0.7044	-0.0011	815.0000	818.1039	1.0339	-2.5966	100.0562	39.9509	0.8230	0.8229	5.0000	-9999.0000	-9999.0000	-9999.0000	-9999.0000	-9999.0000	-9999.0000	21.8520	7	0	25.1425	1.0000	02	3	-9999.0000	48387	32446	-9999	2361	5201	-9999	566.4595	5	0.6878	0.7044	-0.0011	111.0810	0.7599	718.9213	413.8704	39.5631	696.3106	94.7889	764.5375	94.5692	775.5901	94.7230	784.0099	94.8767	
08/08/2017	01:02:23	019004	H421021080HLR	L421	S		716.0158	1.0233	22.7779	100.1195	39.9358	0.8230	0.8257	5.0000	20.2814	815.1479	95.0744	10.1711	24.1000	0.9300	0.9383	0.7020	-0.0010	815.0000	814.5511	1.0339	-2.4952	100.0498	39.9857	0.8230	0.8230	5.0000	-9999.0000	-9999.0000	-9999.0000	-9999.0000	-9999.0000	-9999.0000	20.6527	8	0	25.7431	1.0000	02	3	-9999.0000	48388	32447	-9999	2362	5202	-9999	564.3078	5	0.6878	0.7020	-0.0010	93.6605	1.8565	702.0917	397.9075	38.8601	679.1473	94.8548	750.1599	94.4374	762.1095	94.6351	771.1469	94.7230	
08/08/2017	01:02:48	019004	H421021086HLR	L421	S		708.4957	1.0233	20.4190	100.0003	39.8768	0.8230	0.8253	5.0000	21.7817	815.1137	94.8987	12.0111	24.1000	0.9300	0.9386	0.6995	-0.0008	815.0000	815.6591	1.0339	-2.5268	100.0391	39.9992	0.8230	0.8231	5.0000	-9999.0000	-9999.0000	-9999.0000	-9999.0000	-9999.0000	-9999.0000	20.4524	1	0	25.4628	1.0000	02	3	-9999.0000	48389	32448	-9999	2363	5203	-9999	562.4198	5	0.6880	0.6995	-0.0008	93.5265	1.8372	697.4634	393.6809	39.1237	675.4817	94.7449	743.5016	94.5253	754.4847	94.7010	762.2752	94.8548	
08/08/2017	01:03:18	019004	H421021073HLR	L421	S		709.8890	1.0233	20.8560	99.9951	39.8809	0.8230	0.8253	5.0000	21.7017	815.0925	94.6351	11.4818	24.1000	0.9300	0.9387	0.6995	-0.0008	815.0000	816.8501	1.0339	-2.5608	100.0848	40.0017	0.8230	0.8231	5.0000	-9999.0000	-9999.0000	-9999.0000	-9999.0000	-9999.0000	-9999.0000	20.6516	2	0	29.3539	1.0000	02	3	-9999.0000	48390	32449	-9999	2364	5204	-9999	562.7498	5	0.6876	0.6995	-0.0008	95.8522	1.6935	703.1784	394.1260	36.9710	681.0753	94.8548	746.9063	94.5472	758.0412	94.7449	767.7622	94.8767	
08/08/2017	01:03:42	019004	H421021085HLR	L421	S		714.1561	1.0233	22.1945	99.9029	39.9360	0.8230	0.8256	5.0000	20.4417	815.1016	94.6790	11.5013	24.1000	0.9300	0.9385	0.6991	-0.0008	815.0000	816.0306	1.0339	-2.5374	100.0100	39.9497	0.8230	0.8229	5.0000	-9999.0000	-9999.0000	-9999.0000	-9999.0000	-9999.0000	-9999.0000	23.0221	3	0	24.6522	1.0000	02	3	-9999.0000	48391	32450	-9999	2365	5205	-9999	562.6808	5	0.6879	0.6991	-0.0008	96.0620	1.6838	704.1091	409.7145	39.1018	682.0686	94.8548	745.5548	94.5912	755.1611	94.7230	764.0477	94.8767	
08/08/2017	01:04:10	019004	H421021139HLR	L421	S		717.1626	1.0233	23.1376	100.0469	39.9239	0.8230	0.8253	5.0000	21.9018	815.1121	94.5472	11.7806	24.0000	0.9300	0.9385	0.7002	-0.0008	815.0000	820.2379	1.0339	-2.6575	100.0818	39.9960	0.8230	0.8231	5.0000	-9999.0000	-9999.0000	-9999.0000	-9999.0000	-9999.0000	-9999.0000	20.3723	4	0	28.1134	1.0000	02	3	-9999.0000	48392	32451	-9999	2366	5206	-9999	562.6818	5	0.6887	0.7002	-0.0008	69.5028	3.4666	710.3552	402.5337	38.4428	689.1666	94.5253	751.8442	94.4813	763.7698	94.7449	771.9051	94.9207	
08/08/2017	01:04:36	019004	H421021095HLR	L421	S		712.8533	1.0233	21.7859	100.1471	39.9346	0.8230	0.8257	5.0000	19.9124	815.0759	94.6351	11.7816	24.1000	0.9300	0.9386	0.6997	-0.0008	815.0000	817.2361	1.0339	-2.5718	100.0540	39.9880	0.8230	0.8230	5.0000	-9999.0000	-9999.0000	-9999.0000	-9999.0000	-9999.0000	-9999.0000	21.3724	5	0	25.2833	1.0000	02	3	-9999.0000	48393	32452	-9999	2367	5207	-9999	562.5962	5	0.6889	0.6997	-0.0008	63.0114	3.9418	706.0470	405.2553	38.3549	684.4815	94.7230	747.3849	94.5472	757.1949	94.7669	764.8600	94.8987	
08/08/2017	01:05:04	019004	H421021104HLR	L421	S		715.4795	1.0233	22.6096	99.9564	39.9487	0.8230	0.8257	5.0000	20.0823	815.1092	94.5912	11.6009	24.0000	0.9300	0.9385	0.6979	-0.0007	815.0000	816.6914	1.0339	-2.5563	100.0179	39.9964	0.8230	0.8230	5.0000	-9999.0000	-9999.0000	-9999.0000	-9999.0000	-9999.0000	-9999.0000	20.8723	6	0	28.4123	1.0000	02	3	-9999.0000	48394	32453	-9999	2368	5208	-9999	562.5826	5	0.6891	0.6979	-0.0007	53.9448	4.5813	707.9054	406.7182	39.6510	685.9066	94.8108	748.8232	94.5692	759.7202	94.7449	767.5397	94.9207	
08/08/2017	01:05:31	019004	H421021100HLR	L421	S		711.3842	1.0233	21.3250	99.9273	39.9477	0.8230	0.8257	5.0000	19.9221	815.0857	94.5253	10.5608	24.1000	0.9300	0.9384	0.6979	-0.0007	815.0000	813.8157	1.0339	-2.4742	100.0186	39.9487	0.8230	0.8229	5.0000	-9999.0000	-9999.0000	-9999.0000	-9999.0000	-9999.0000	-9999.0000	24.9431	7	0	27.1436	1.0000	02	3	-9999.0000	48395	32454	-9999	2369	5209	-9999	563.0347	5	0.6891	0.6979	-0.0007	52.3706	4.6453	708.4441	411.7996	39.0578	686.9714	94.7889	751.1690	94.5692	762.5988	94.7230	770.8962	94.8767	
08/08/2017	01:05:58	019004	H421021108HLR	L421	S		713.3723	1.0233	21.9486	100.0348	39.9419	0.8230	0.8257	5.0000	20.1420	815.0991	94.7669	11.4515	24.0000	0.9300	0.9386	0.6979	-0.0007	815.0000	816.3204	1.0339	-2.5457	100.0240	39.9487	0.8230	0.8228	5.0000	-9999.0000	-9999.0000	-9999.0000	-9999.0000	-9999.0000	-9999.0000	23.8121	8	0	26.9024	1.0000	02	3	-9999.0000	48396	32455	-9999	2370	5210	-9999	562.4860	5	0.6889	0.6979	-0.0007	53.4456	4.5052	707.8354	404.3516	38.8382	685.4374	94.7010	750.9053	94.5033	759.2885	94.7449	766.8975	94.8767	
08/08/2017	01:06:27	019004	H421021112HLR	L421	S		710.9731	1.0233	21.1961	100.0521	39.9129	0.8230	0.8257	5.0000	19.9417	815.1468	94.6351	11.5716	24.1000	0.9300	0.9386	0.6978	-0.0007	815.0000	815.4814	1.0339	-2.5217	100.0368	39.9763	0.8230	0.8230	5.0000	-9999.0000	-9999.0000	-9999.0000	-9999.0000	-9999.0000	-9999.0000	20.8626	1	0	29.2133	1.0000	02	3	-9999.0000	48397	32456	-9999	2371	5211	-9999	562.3859	5	0.6890	0.6978	-0.0007	50.5955	4.7433	704.0038	400.7015	39.0359	681.4795	94.8328	745.6987	94.6571	756.8014	94.7669	765.5800	94.8548	
08/08/2017	01:06:53	019004	H421021091HLR	L421	S		712.3155	1.0233	21.6172	100.0996	39.9487	0.8230	0.8258	5.0000	20.2231	815.0995	94.5692	11.1809	24.1000	0.9300	0.9387	0.6980	-0.0007	815.0000	814.8027	1.0339	-2.5024	99.9858	39.9487	0.8230	0.8229	5.0000	-9999.0000	-9999.0000	-9999.0000	-9999.0000	-9999.0000	-9999.0000	25.8827	2	0	25.2930	1.0000	02	3	-9999.0000	48398	32457	-9999	2372	5212	-9999	562.4722	5	0.6890	0.6980	-0.0007	51.1725	4.7172	704.5435	399.7305	38.1572	681.5553	95.0964	750.9773	94.6571	759.7725	94.7449	766.7958	94.8987	
08/08/2017	01:07:20	019004	H421015066HLR	L421	S		707.0688	1.0233	19.9714	99.8964	39.9346	0.8230	0.8255	5.0000	20.6820	815.1515	94.8987	12.7212	24.1000	0.9300	0.9387	0.6994	-0.0008	815.0000	815.6474	1.0339	-2.5265	100.0617	39.9931	0.8230	0.8230	5.0000	-9999.0000	-9999.0000	-9999.0000	-9999.0000	-9999.0000	-9999.0000	20.7025	3	0	27.7238	1.0000	02	3	-9999.0000	48399	32458	-9999	2373	5213	-9999	561.5918	5	0.6893	0.6994	-0.0008	52.7371	4.6047	701.6264	401.8014	37.6300	678.9772	95.1403	741.0460	94.7669	750.7517	94.7449	758.8677	94.8328	
08/08/2017	01:07:48	019004	H421015099HLR	L421	S		709.2479	1.0233	20.6549	100.0451	39.9237	0.8230	0.8257	5.0000	20.0326	815.0897	94.6790	13.0620	24.1000	0.9300	0.9388	0.7003	-0.0009	815.0000	817.8417	1.0339	-2.5891	100.0276	39.9487	0.8230	0.8229	5.0000	-9999.0000	-9999.0000	-9999.0000	-9999.0000	-9999.0000	-9999.0000	22.7720	4	0	28.0831	1.0000	02	3	-9999.0000	48400	32459	-9999	2374	5214	-9999	561.0937	5	0.6894	0.7003	-0.0009	42.5164	5.4647	698.6025	400.3783	39.5631	676.5507	95.1843	741.2527	94.7889	751.4342	94.7889	759.3827	94.8987	
08/08/2017	01:08:15	019004	H421021118HLR	L421	S		707.2111	1.0233	20.0160	100.1533	39.9313	0.8230	0.8257	5.0000	20.2023	815.0693	94.5472	12.2318	24.1000	0.9300	0.9386	0.7000	-0.0009	815.0000	816.3625	1.0339	-2.5469	99.9986	39.9782	0.8230	0.8229	5.0000	-9999.0000	-9999.0000	-9999.0000	-9999.0000	-9999.0000	-9999.0000	22.1723	5	0	26.6428	1.0000	02	3	-9999.0000	48401	32460	-9999	2375	5215	-9999	561.7185	5	0.6896	0.7000	-0.0009	52.3827	4.5435	701.3277	396.9752	39.3434	679.0695	95.3600	745.3574	94.7889	755.5196	94.7669	763.2362	94.8767	
08/08/2017	01:08:41	019004	H421021116HLR	L421	S		713.1279	1.0233	21.8720	100.0338	39.8946	0.8230	0.8253	5.0000	21.6422	815.1049	94.5253	11.4915	24.1000	0.9300	0.9384	0.7005	-0.0009	815.0000	815.5951	1.0339	-2.5250	99.9859	40.0150	0.8230	0.8230	5.0000	-9999.0000	-9999.0000	-9999.0000	-9999.0000	-9999.0000	-9999.0000	20.7121	6	0	25.5223	1.0000	02	3	-9999.0000	48402	32461	-9999	2376	5216	-9999	562.3159	5	0.6898	0.7005	-0.0009	57.2577	4.0846	703.2238	397.8960	37.8936	680.5604	95.3380	746.8247	94.7889	755.5829	94.7669	763.4557	94.8548	
08/08/2017	01:09:07	019004	H421015073HLR	L421	S		697.8733	1.0233	17.0870	99.9371	39.9272	0.8230	0.8257	5.0000	20.1419	815.0848	95.0964	14.0211	24.0000	0.9300	0.9385	0.7008	-0.0010	815.0000	815.2694	1.0339	-2.5157	100.0371	39.9876	0.8230	0.8229	5.0000	-9999.0000	-9999.0000	-9999.0000	-9999.0000	-9999.0000	-9999.0000	21.0726	7	0	26.4630	1.0000	02	3	-9999.0000	48403	32462	-9999	2377	5216	-9999	560.2536	5	0.6897	0.7008	-0.0010	62.6840	3.5678	693.8276	423.7895	39.4093	673.1173	95.6676	731.7312	94.8987	741.2865	94.7010	748.3060	94.8548	
08/08/2017	01:09:35	019004	H421015072HLR	L421	S		700.5570	1.0233	17.9288	99.9581	39.9384	0.8230	0.8258	5.0000	19.8918	815.0753	94.7669	14.2721	24.1000	0.9300	0.9387	0.7031	-0.0012	815.0000	816.0438	1.0339	-2.5378	100.0235	39.9642	0.8230	0.8231	5.0000	-9999.0000	-9999.0000	-9999.0000	-9999.0000	-9999.0000	-9999.0000	22.4527	8	0	28.2435	1.0000	02	3	-9999.0000	48404	32463	-9999	2378	5217	-9999	559.4329	5	0.6894	0.7031	-0.0012	63.2972	3.5048	695.0678	409.8188	39.2116	674.7424	95.5577	732.0168	94.8548	741.0950	94.7669	748.0650	94.8987	
08/08/2017	01:10:04	019004	H421015085HLR	L421	S		699.8227	1.0233	17.6985	99.8556	39.9389	0.8230	0.8257	5.0000	20.0022	815.1402	94.5912	12.9116	24.1000	0.9300	0.9386	0.7132	-0.0021	815.0000	812.6424	1.0339	-2.4407	100.0199	39.9487	0.8230	0.8229	5.0000	-9999.0000	-9999.0000	-9999.0000	-9999.0000	-9999.0000	-9999.0000	24.7526	1	0	28.7436	1.0000	02	3	-9999.0000	48405	32464	-9999	2379	5218	-9999	559.8421	5	0.6894	0.7132	-0.0021	62.3038	3.6009	682.9396	388.0150	37.2126	661.4101	95.3161	725.9898	94.8328	736.4121	94.7449	745.3862	94.8548	
08/08/2017	01:10:29	019004	H421015108HLR	L421	S		713.9037	1.0233	22.1153	100.0526	39.9395	0.8230	0.8257	5.0000	19.8918	815.1473	94.5912	10.9901	24.1000	0.9300	0.9387	0.7135	-0.0021	815.0000	813.9221	1.0339	-2.4772	100.0273	39.9495	0.8230	0.8229	5.0000	-9999.0000	-9999.0000	-9999.0000	-9999.0000	-9999.0000	-9999.0000	22.6919	2	0	24.7623	1.0000	02	3	-9999.0000	48406	32465	-9999	2380	5219	-9999	563.0661	5	0.6892	0.7135	-0.0021	62.1769	3.6075	696.1357	397.3626	39.5851	674.6004	95.1403	738.0362	94.7010	749.3336	94.7669	758.5202	94.8767	
08/08/2017	01:10:56	019004	H421015091HLR	L421	S		700.2201	1.0233	17.8231	100.1054	39.8764	0.8230	0.8253	5.0000	22.1031	815.1458	94.8108	12.7309	24.1000	0.9300	0.9385	0.7046	-0.0013	815.0000	815.0635	1.0339	-2.5098	100.0649	40.0003	0.8230	0.8231	5.0000	-9999.0000	-9999.0000	-9999.0000	-9999.0000	-9999.0000	-9999.0000	20.4427	3	0	27.4533	1.0000	02	3	-9999.0000	48407	32466	-9999	2381	5220	-9999	560.7837	5	0.6888	0.7046	-0.0013	52.0610	4.4906	690.3173	403.6381	38.8601	668.5115	95.3600	735.1967	94.7010	745.2031	94.6790	754.2273	94.8548	
08/08/2017	01:11:24	019004	H421023162HLR	L421	S		686.3025	1.0233	13.4575	99.8163	39.9274	0.8230	0.8257	5.0000	20.3518	815.0950	94.7669	13.6109	24.1000	0.9300	0.9386	0.7053	-0.0014	815.0000	814.8301	1.0339	-2.5031	100.0174	39.9487	0.8230	0.8229	5.0000	-9999.0000	-9999.0000	-9999.0000	-9999.0000	-9999.0000	-9999.0000	24.0623	4	0	28.2629	1.0000	02	3	-9999.0000	48408	32467	-9999	2382	5221	-9999	559.6643	5	0.6885	0.7053	-0.0014	53.1652	4.3868	682.5378	400.4594	37.6080	660.7227	95.4039	727.2292	94.8548	736.6104	94.7449	746.3824	94.8328	
08/08/2017	01:11:49	019004	H421023147HLR	L421	S		693.7691	1.0233	15.7996	99.9987	39.9636	0.8230	0.8258	5.0000	20.0316	815.1567	94.9646	15.0417	24.1000	0.9300	0.9386	0.7045	-0.0013	815.0000	815.6544	1.0339	-2.5267	100.0896	40.0138	0.8230	0.8231	5.0000	-9999.0000	-9999.0000	-9999.0000	-9999.0000	-9999.0000	-9999.0000	20.3626	5	0	25.0829	1.0000	02	3	-9999.0000	48409	32468	-9999	2383	5222	-9999	558.4223	5	0.6885	0.7045	-0.0013	48.9945	4.7280	680.5610	400.6182	38.8601	658.5975	95.4918	722.5262	94.8548	732.0549	94.7669	739.7698	94.8548	
08/08/2017	01:12:21	019004	H421023144HLR	L421	S		698.2912	1.0233	17.2181	100.0887	39.9225	0.8230	0.8256	5.0000	19.9515	815.1391	94.7889	10.8811	24.1000	0.9300	0.9385	0.7058	-0.0014	815.0000	817.4275	1.0339	-2.5773	100.0247	39.9921	0.8230	0.8230	5.0000	-9999.0000	-9999.0000	-9999.0000	-9999.0000	-9999.0000	-9999.0000	21.0022	6	0	31.7341	1.0000	02	3	-9999.0000	48410	32469	-9999	2384	5223	-9999	562.9758	5	0.6887	0.7058	-0.0014	48.7402	4.7515	691.7126	393.3499	38.5306	668.7843	95.0964	740.1321	94.6131	752.9028	94.6790	763.0174	94.8548	
08/08/2017	01:12:49	019004	H421023143HLR	L421	S		696.2017	1.0233	16.5626	100.1131	39.8582	0.8230	0.8257	5.0000	20.1331	815.1274	95.0085	13.4507	24.1000	0.9300	0.9386	0.7061	-0.0014	815.0000	812.3825	1.0339	-2.4333	100.0498	40.0025	0.8230	0.8230	5.0000	-9999.0000	-9999.0000	-9999.0000	-9999.0000	-9999.0000	-9999.0000	21.1517	7	0	27.5626	1.0000	02	3	-9999.0000	48411	32470	-9999	2385	5224	-9999	560.0742	5	0.6888	0.7061	-0.0014	48.4429	4.8072	683.8543	394.8350	37.9595	662.1917	95.3380	727.2603	94.7230	737.5199	94.7010	745.8124	94.8328	
08/08/2017	01:13:16	019004	H421023123HLR	L421	S		681.2736	1.0233	11.8801	100.2637	39.9425	0.8230	0.8258	5.0000	20.3724	815.1202	94.8328	14.3112	24.1000	0.9300	0.9387	0.7063	-0.0014	815.0000	812.9322	1.0339	-2.4490	100.0768	39.9915	0.8230	0.8230	5.0000	-9999.0000	-9999.0000	-9999.0000	-9999.0000	-9999.0000	-9999.0000	21.0228	8	0	27.6232	1.0000	02	3	-9999.0000	48412	32471	-9999	2386	5225	-9999	559.0914	5	0.6887	0.7063	-0.0014	48.7179	4.7976	676.7901	394.8222	37.3664	654.7930	95.5358	719.0294	94.7889	729.7842	94.7449	737.3405	94.8548	
08/08/2017	01:13:44	019004	H421023171HLR	L421	S		692.6674	1.0233	15.4540	99.7837	39.9554	0.8230	0.8256	5.0000	20.5325	815.1349	94.6790	11.4319	24.1000	0.9300	0.9386	0.7069	-0.0015	815.0000	814.8549	1.0339	-2.5038	100.0101	39.9487	0.8230	0.8229	5.0000	-9999.0000	-9999.0000	-9999.0000	-9999.0000	-9999.0000	-9999.0000	23.4519	1	0	28.0735	1.0000	02	3	-9999.0000	48413	32472	-9999	2387	5226	-9999	562.5626	5	0.6884	0.7069	-0.0015	48.8723	4.8118	688.8469	392.2648	37.8716	666.1585	95.0744	736.7583	94.6351	748.9839	94.7449	756.8835	94.8767	
08/08/2017	01:14:13	019004	H421023156HLR	L421	S		684.9125	1.0233	13.0215	99.8605	39.9069	0.8230	0.8256	5.0000	20.0218	815.1339	95.0525	15.0915	24.1000	0.9300	0.9386	0.7045	-0.0013	815.0000	812.4045	1.0339	-2.4339	100.0361	40.0060	0.8230	0.8230	5.0000	-9999.0000	-9999.0000	-9999.0000	-9999.0000	-9999.0000	-9999.0000	20.7826	2	0	28.1428	1.0000	02	3	-9999.0000	48414	32473	-9999	2388	5227	-9999	558.3350	5	0.6882	0.7045	-0.0013	45.3609	5.0732	674.7358	395.9679	38.4867	652.8579	95.4039	718.0446	94.7449	728.4049	94.7230	736.9260	94.8548	
08/08/2017	01:14:42	019004	H421023167HLR	L421	S		688.9049	1.0233	14.2738	99.9102	39.8537	0.8230	0.8257	5.0000	20.1019	815.1491	94.7230	13.9215	24.2000	0.9300	0.9387	0.7051	-0.0013	815.0000	811.5166	1.0339	-2.4086	100.0180	39.9487	0.8230	0.8229	5.0000	-9999.0000	-9999.0000	-9999.0000	-9999.0000	-9999.0000	-9999.0000	24.1130	3	0	29.8431	1.0000	02	3	-9999.0000	48415	32474	-9999	2389	5228	-9999	559.7216	5	0.6882	0.7051	-0.0013	44.8837	5.1321	679.0403	401.0596	37.9595	656.7885	95.3600	722.9512	94.7669	733.1323	94.7449	741.7748	94.8328	
08/08/2017	01:15:11	019004	H421023177HLR	L421	S		689.7381	1.0233	14.5351	100.0405	39.9734	0.8230	0.8259	5.0000	19.8419	815.1323	94.6790	13.7818	24.1000	0.9300	0.9386	0.7031	-0.0012	815.0000	812.1948	1.0339	-2.4279	100.0626	39.9816	0.8230	0.8229	5.0000	-9999.0000	-9999.0000	-9999.0000	-9999.0000	-9999.0000	-9999.0000	20.9624	4	0	28.4134	1.0000	02	3	-9999.0000	48416	32475	-9999	2390	5229	-9999	560.0932	5	0.6881	0.7031	-0.0012	44.7395	5.1430	681.7855	401.7521	38.5306	659.7634	95.0964	724.3358	94.6351	735.1408	94.7230	743.0031	94.8548	
08/08/2017	01:15:39	019004	H421023158HLR	L421	S		687.1850	1.0233	13.7343	99.9985	39.9043	0.8230	0.8256	5.0000	20.2718	815.0871	94.7669	14.3717	24.1000	0.9300	0.9385	0.7035	-0.0012	815.0000	815.6600	1.0339	-2.5268	99.9983	39.9487	0.8230	0.8230	5.0000	-9999.0000	-9999.0000	-9999.0000	-9999.0000	-9999.0000	-9999.0000	23.8619	5	0	28.2131	1.0000	02	3	-9999.0000	48417	32476	-9999	2391	5230	-9999	559.4909	5	0.6881	0.7035	-0.0012	36.5514	5.8676	680.4083	399.3116	38.0034	658.3600	95.1623	725.6342	94.7010	735.7116	94.7449	743.9516	94.8548	
08/08/2017	01:16:09	019004	H421023185HLR	L421	S		690.9970	1.0233	14.9301	100.0356	39.8461	0.8230	0.8257	5.0000	20.1124	815.1089	94.7449	14.1715	24.1000	0.9300	0.9385	0.7015	-0.0010	815.0000	813.2497	1.0339	-2.4580	100.0120	39.9487	0.8230	0.8228	5.0000	-9999.0000	-9999.0000	-9999.0000	-9999.0000	-9999.0000	-9999.0000	23.6725	6	0	30.3032	1.0000	02	3	-9999.0000	48418	32477	-9999	2392	5231	-9999	559.9220	5	0.6880	0.7015	-0.0010	61.3302	4.1876	681.6467	404.6152	39.1896	660.4138	95.1403	723.3327	94.7010	735.2552	94.7449	743.5504	94.8548	
08/08/2017	01:16:38	019004	H421023172HLR	L421	S		674.1263	1.0233	9.6381	99.9634	39.9487	0.8230	0.8259	5.0000	19.9426	815.1366	95.0964	16.1717	24.1000	0.9300	0.9386	0.7008	-0.0010	815.0000	814.8517	1.0339	-2.5038	100.0145	39.9898	0.8230	0.8230	5.0000	-9999.0000	-9999.0000	-9999.0000	-9999.0000	-9999.0000	-9999.0000	20.5022	7	0	28.7436	1.0000	02	3	-9999.0000	48419	32478	-9999	2393	5232	-9999	558.6901	5	0.6882	0.7008	-0.0010	61.4440	4.2351	681.1430	417.4757	39.3215	660.5559	95.2721	721.1025	94.7889	729.2603	94.7449	736.8977	94.8548	
08/08/2017	01:17:07	019004	H421023186HLR	L421	S		690.3409	1.0233	14.7242	99.9886	39.9374	0.8230	0.8256	5.0000	20.2619	815.0708	94.8328	14.4713	24.1000	0.9300	0.9385	0.7009	-0.0010	815.0000	814.3724	1.0339	-2.4901	100.0179	39.9487	0.8230	0.8230	5.0000	-9999.0000	-9999.0000	-9999.0000	-9999.0000	-9999.0000	-9999.0000	23.7224	8	0	29.1428	1.0000	02	3	-9999.0000	48420	32479	-9999	2394	5233	-9999	560.1361	5	0.6883	0.7009	-0.0010	59.1265	4.4202	687.9768	409.7811	40.6834	667.2617	95.3380	725.4617	94.6790	735.2353	94.7230	743.2471	94.8328	
08/08/2017	01:17:36	019004	H421023192HLR	L421	S		691.1132	1.0233	14.9665	100.0403	39.8449	0.8230	0.8257	5.0000	20.1927	815.1399	94.7669	14.5114	24.1000	0.9300	0.9386	0.7024	-0.0011	815.0000	814.6690	1.0339	-2.4985	100.0311	39.9526	0.8230	0.8228	5.0000	-9999.0000	-9999.0000	-9999.0000	-9999.0000	-9999.0000	-9999.0000	22.4820	1	0	28.4338	1.0000	02	3	-9999.0000	48421	32480	-9999	2395	5234	-9999	560.0226	5	0.6881	0.7024	-0.0011	78.2354	3.1321	688.4927	406.8346	39.8926	668.1463	95.3380	725.9477	94.6790	736.3127	94.7010	743.6821	94.8767	
08/08/2017	01:18:05	019004	H421023199HLR	L421	S		672.0884	1.0233	8.9989	100.0108	39.9327	0.8230	0.8259	5.0000	19.8617	815.1011	95.0525	16.4120	24.1000	0.9300	0.9385	0.7010	-0.0009	815.0000	815.7286	1.0339	-2.5288	100.0338	39.9724	0.8230	0.8230	5.0000	-9999.0000	-9999.0000	-9999.0000	-9999.0000	-9999.0000	-9999.0000	21.3118	2	0	28.9134	1.0000	02	3	-9999.0000	48422	32481	-9999	2396	5234	-9999	558.5557	5	0.6882	0.7010	-0.0009	60.8501	4.5270	674.9098	397.3477	37.4542	653.5644	95.3161	717.8328	94.7889	727.6646	94.7449	734.6836	94.8328	
08/08/2017	01:18:34	019004	H421023205HLR	L421	S		687.9556	1.0233	13.9760	100.0437	39.9487	0.8230	0.8258	5.0000	20.0422	815.0840	94.8767	15.0115	24.1000	0.9300	0.9385	0.7010	-0.0009	815.0000	813.4911	1.0339	-2.4649	100.0137	39.9847	0.8230	0.8229	5.0000	-9999.0000	-9999.0000	-9999.0000	-9999.0000	-9999.0000	-9999.0000	21.7328	3	0	29.3226	1.0000	02	3	-9999.0000	48422	32482	-9999	2397	5235	-9999	559.8928	5	0.6882	0.7010	-0.0009	60.8501	4.5270	680.8775	392.0997	38.0693	659.6682	95.2062	721.9716	94.6790	731.7139	94.7010	739.7455	94.8328	
08/08/2017	01:18:59	019004	H421023180HLR	L421	S		687.6188	1.0233	13.8704	100.0090	39.8738	0.8230	0.8256	5.0000	20.2426	815.1471	94.9207	15.1619	24.0000	0.9300	0.9386	0.7008	-0.0009	815.0000	814.4101	1.0339	-2.4912	99.9815	39.9487	0.8230	0.8229	5.0000	-9999.0000	-9999.0000	-9999.0000	-9999.0000	-9999.0000	-9999.0000	26.0029	4	0	24.8827	1.0000	02	3	-9999.0000	48423	32483	-9999	2398	5236	-9999	559.8802	5	0.6881	0.7008	-0.0009	67.2310	4.0890	682.3051	401.3607	38.9260	661.4047	95.2721	721.2480	94.7010	731.0147	94.7230	738.5176	94.8328	
08/08/2017	01:19:23	019004	H421023213HLR	L421	S		686.0247	1.0233	13.3704	100.2425	39.8758	0.8230	0.8258	5.0000	20.3618	815.1189	94.8108	14.7917	24.1000	0.9300	0.9385	0.6986	-0.0008	815.0000	812.2190	1.0339	-2.4286	100.0814	39.9786	0.8230	0.8229	5.0000	-9999.0000	-9999.0000	-9999.0000	-9999.0000	-9999.0000	-9999.0000	21.2122	5	0	24.6228	1.0000	02	3	-9999.0000	48424	32484	-9999	2399	5237	-9999	560.1856	5	0.6878	0.6986	-0.0008	86.2010	2.7473	681.9011	404.2891	37.3005	660.5907	94.9646	721.8929	94.5912	732.7342	94.7230	740.4292	94.8328	
08/08/2017	01:19:49	019004	H421021288HLR	L421	S		697.3768	1.0233	16.9312	99.9608	39.9184	0.8230	0.8254	5.0000	21.7829	815.0828	94.8108	14.6315	24.1000	0.9300	0.9387	0.7009	-0.0009	815.0000	819.8762	1.0339	-2.6472	100.0420	39.9870	0.8230	0.8230	5.0000	-9999.0000	-9999.0000	-9999.0000	-9999.0000	-9999.0000	-9999.0000	21.0520	6	0	26.0127	1.0000	02	2	-9999.0000	48425	32485	-9999	2400	5238	-9999	560.1794	5	0.6876	0.7009	-0.0009	77.1765	3.4822	689.2685	400.8877	37.8936	667.9029	94.9646	729.7073	94.5912	739.5363	94.7230	748.9037	94.8548	
08/08/2017	01:20:14	019004	H421015047HLR	L421	S		700.0248	1.0233	17.7619	100.0609	39.9384	0.8230	0.8257	5.0000	20.2220	815.0926	94.6351	12.9917	24.1000	0.9300	0.9385	0.7013	-0.0010	815.0000	814.2687	1.0339	-2.4871	99.9983	39.9790	0.8230	0.8229	5.0000	-9999.0000	-9999.0000	-9999.0000	-9999.0000	-9999.0000	-9999.0000	22.5823	7	0	24.6531	1.0000	02	2	-9999.0000	48426	32486	-9999	2401	5239	-9999	561.6652	5	0.6877	0.7013	-0.0010	79.1557	3.2904	689.7590	402.9964	37.1906	668.5468	94.8328	731.6289	94.5912	742.7992	94.7230	751.1311	94.8548	
08/08/2017	01:20:39	019004	H421021136HLR	L421	S		705.2132	1.0233	19.3893	99.9442	39.9215	0.8230	0.8257	5.0000	20.1625	815.1385	94.6571	10.0412	24.1000	0.9300	0.9384	0.7049	-0.0012	815.0000	827.6324	1.0339	-2.8685	100.0595	40.0136	0.8230	0.8229	5.0000	-9999.0000	-9999.0000	-9999.0000	-9999.0000	-9999.0000	-9999.0000	20.7825	8	2	24.8632	1.0000	02	2	-9999.0000	48427	32487	-9999	2401	5240	-9999	565.0675	5	0.6879	0.7049	-0.0012	101.9710	1.5869	710.6358	391.0521	37.1906	687.1069	94.8767	757.4490	94.5253	768.5521	94.7449	775.8824	94.9207	
08/08/2017	01:21:48	019004	H421021126HLR	L421	S		722.5180	1.0233	24.8174	100.1576	39.9153	0.8230	0.8257	5.0000	20.0823	815.0877	94.7010	8.3711	24.1000	0.9300	0.9384	0.7052	-0.0012	815.0000	824.3391	1.0339	-2.7745	100.0649	40.0052	0.8230	0.8230	5.0000	-9999.0000	-9999.0000	-9999.0000	-9999.0000	-9999.0000	-9999.0000	20.8715	1	2	68.5771	1.0000	02	2	-9999.0000	48428	32488	-9999	2402	5241	-9999	566.7906	5	0.6879	0.7052	-0.0012	12.3129	7.8188	717.2431	398.8852	38.3110	693.8974	94.6351	763.8022	94.3715	776.5188	94.6571	786.4545	94.8328	
08/08/2017	01:22:12	019004	H421021088HLR	L421	S		708.6667	1.0233	20.4726	99.9509	39.9255	0.8230	0.8259	5.0000	19.9924	815.1248	94.6571	7.8915	24.1000	0.9300	0.9381	0.7037	-0.0011	815.0000	827.5765	1.0339	-2.8669	100.0653	40.0009	0.8230	0.8229	5.0000	-9999.0000	-9999.0000	-9999.0000	-9999.0000	-9999.0000	-9999.0000	21.3324	2	2	24.7927	1.0000	02	2	-9999.0000	48429	32489	-9999	2403	5242	-9999	566.6575	5	0.6876	0.7037	-0.0011	77.0637	3.2733	716.1685	396.1287	38.2451	691.4076	94.4594	767.2484	94.3276	781.0357	94.6790	791.6557	94.7889	
08/08/2017	01:30:50	019004	H421021070HLR	L421	S		698.7122	1.0233	17.3501	99.8737	39.9487	0.8230	0.8258	5.0000	20.0021	815.0966	95.1843	9.9513	24.1000	0.9300	0.9383	0.7042	-0.0011	815.0000	826.7910	1.0339	-2.8445	100.0720	39.8461	0.8230	0.8230	5.0000	-9999.0000	-9999.0000	-9999.0000	-9999.0000	-9999.0000	-9999.0000	21.2026	3	2	518.0387	1.0000	02	2	-9999.0000	48430	32490	-9999	2404	5243	-9999	564.9379	5	0.6877	0.7042	-0.0011	11.8352	7.8100	705.4683	392.5472	39.8706	681.1494	94.5472	753.6987	94.4813	766.3657	94.6790	775.3991	94.5253	
08/08/2017	01:31:23	019004	H421021082HLR	L421	S		686.3136	1.0233	13.4610	100.2043	39.9394	0.8230	0.8256	5.0000	20.5325	815.0988	94.8548	10.0607	24.1000	0.9300	0.9385	0.7092	-0.0015	815.0000	827.9910	1.0339	-2.8787	100.0280	39.9720	0.8230	0.8234	5.0000	-9999.0000	-9999.0000	-9999.0000	-9999.0000	-9999.0000	-9999.0000	20.4320	4	2	32.9832	1.0000	02	2	-9999.0000	48431	32491	-9999	2405	5244	-9999	566.2559	5	0.6873	0.7092	-0.0015	11.8100	7.8117	700.2197	391.7642	40.0464	677.0306	94.7669	748.5840	94.5912	761.6097	94.6790	772.1234	94.8108	
08/08/2017	01:31:48	019004	H421021075HLR	L421	S		680.7580	1.0233	11.7183	100.2193	39.9161	0.8230	0.8257	5.0000	20.2317	815.1057	94.7010	8.9209	24.1000	0.9300	0.9383	0.6882	-0.0001	815.0000	824.9845	1.0339	-2.7929	100.0250	39.3044	0.8230	0.8222	5.0000	-9999.0000	-9999.0000	-9999.0000	-9999.0000	-9999.0000	-9999.0000	20.2630	5	2	24.6229	1.0000	02	2	-9999.0000	48432	32492	-9999	2406	5245	-9999	560.6231	5	0.6873	0.6882	-0.0001	71.1433	3.6451	718.4447	403.5942	39.7608	693.8220	94.9866	767.3670	94.5472	778.8060	94.6571	787.2416	94.8328	
08/08/2017	01:32:58	019004	H421021097HLR	L421	S		684.7820	1.0233	12.9805	100.0194	39.9454	0.8230	0.8257	5.0000	20.1722	815.0844	94.6131	6.9109	24.2000	0.9300	0.9383	0.6882	-0.0001	815.0000	822.8972	1.0339	-2.7334	100.0534	40.0555	0.8230	0.8243	5.0000	-9999.0000	-9999.0000	-9999.0000	-9999.0000	-9999.0000	-9999.0000	21.0825	6	0	70.4885	1.0000	02	2	-9999.0000	48433	32493	-9999	2407	5246	-9999	560.6970	5	0.6870	0.6882	-0.0001	70.8464	3.6583	720.1388	397.4121	36.1582	694.2860	94.5692	779.3972	94.5253	792.8077	94.7449	801.0522	94.7230	
08/08/2017	01:33:24	019004	H421021090HLR	L421	S		686.2258	1.0233	13.4334	99.9099	39.6744	0.8230	0.8254	5.0000	20.3021	815.1482	94.9426	8.2207	24.0000	0.9300	0.9380	0.6882	-0.0001	815.0000	822.1072	1.0339	-2.7108	100.0371	40.2877	0.8230	0.8229	5.0000	-9999.0000	-9999.0000	-9999.0000	-9999.0000	-9999.0000	-9999.0000	21.0023	7	0	26.0223	1.0000	02	2	-9999.0000	48434	32494	-9999	2408	5247	-9999	560.7012	5	0.6866	0.6882	-0.0001	102.5904	1.6134	719.2130	402.2479	38.7283	694.9039	94.5692	771.2186	94.3495	783.1917	94.3715	791.6765	94.5033	
08/08/2017	01:33:52	019004	H421021106HLR	L421	S		699.4573	1.0233	17.5838	99.9991	39.7468	0.8230	0.8261	5.0000	20.4017	815.1482	94.6571	5.4215	24.1000	0.9300	0.9372	0.6882	-0.0001	815.0000	815.9604	1.0339	-2.5354	100.0344	39.4819	0.8230	0.8228	5.0000	-9999.0000	-9999.0000	-9999.0000	-9999.0000	-9999.0000	-9999.0000	20.8233	8	0	27.7933	1.0000	02	2	-9999.0000	48435	32495	-9999	2409	5248	-9999	560.8394	5	0.6865	0.6882	-0.0001	99.9563	1.8672	735.0144	369.1315	38.9480	709.7436	94.4813	787.7233	94.5692	801.7297	94.6131	811.6794	94.5912	
08/08/2017	01:34:19	019004	H421021102HLR	L421	S		704.9197	1.0233	19.2973	99.9972	39.6746	0.8230	0.8259	5.0000	20.1624	815.0851	95.0085	7.8808	24.0000	0.9300	0.9379	0.6882	-0.0001	815.0000	817.4639	1.0339	-2.5783	99.9791	39.8670	0.8230	0.8237	5.0000	-9999.0000	-9999.0000	-9999.0000	-9999.0000	-9999.0000	-9999.0000	22.8424	1	0	26.7333	1.0000	02	2	-9999.0000	48436	32496	-9999	2410	5249	-9999	560.6621	5	0.6860	0.6882	-0.0001	103.8600	1.5361	722.0419	407.7807	39.2336	698.2761	94.4813	770.1913	93.9980	782.2663	94.4154	790.8651	94.6351	
08/08/2017	01:34:47	019004	H421021110HLR	L421	S		693.6151	1.0233	15.7513	99.9615	39.8160	0.8230	0.8261	5.0000	20.1516	815.2138	94.7010	5.6207	24.0000	0.9300	0.9374	0.6882	-0.0001	815.0000	819.6997	1.0339	-2.6421	100.0110	40.0097	0.8230	0.8227	5.0000	-9999.0000	-9999.0000	-9999.0000	-9999.0000	-9999.0000	-9999.0000	23.3928	2	0	27.7435	1.0000	02	2	-9999.0000	48437	32497	-9999	2411	5250	-9999	560.9108	5	0.6857	0.6882	-0.0001	137.6875	-0.8459	739.0139	415.1317	38.1133	712.6977	94.4154	793.3113	94.3276	801.9901	94.5912	809.1926	94.5692	
08/08/2017	01:35:15	019004	H421015102HLR	L421	S		696.0135	1.0233	16.5036	100.0886	39.8236	0.8230	0.8259	5.0000	20.1419	815.0412	94.9207	12.2914	24.0000	0.9300	0.9383	0.6882	-0.0001	815.0000	816.5906	1.0339	-2.5534	100.0381	39.6723	0.8230	0.8225	5.0000	-9999.0000	-9999.0000	-9999.0000	-9999.0000	-9999.0000	-9999.0000	21.4428	3	0	28.7132	1.0000	02	2	-9999.0000	48438	32498	-9999	2412	5251	-9999	560.3794	5	0.6853	0.6882	-0.0001	132.7240	-0.4099	704.8664	405.0213	38.2231	681.9726	94.6351	749.5843	94.1957	760.8723	94.5033	770.0088	94.5033	
08/08/2017	01:35:42	019004	H421015068HLR	L421	S		680.2231	1.0233	11.5505	100.0542	39.6017	0.8230	0.8257	5.0000	20.2236	815.0773	94.8987	13.7711	23.9000	0.9300	0.9383	0.6882	-0.0001	815.0000	815.3047	1.0339	-2.5167	100.0669	39.8461	0.8230	0.8233	5.0000	-9999.0000	-9999.0000	-9999.0000	-9999.0000	-9999.0000	-9999.0000	20.8823	4	0	26.3722	1.0000	02	2	-9999.0000	48439	32499	-9999	2413	5252	-9999	560.3672	5	0.6853	0.6882	-0.0001	122.9419	0.3580	694.4205	408.9084	39.8487	671.6919	95.7335	740.5760	94.8548	749.7701	94.6790	755.9794	94.8108	
08/08/2017	01:36:37	019004	H421015109HLR	L421	S		679.7428	1.0233	11.3999	99.7259	40.0512	0.8230	0.8262	5.0000	19.9222	815.0866	94.7010	13.7408	24.1000	0.9300	0.9385	0.6882	-0.0001	815.0000	813.8862	1.0339	-2.4762	100.0566	39.8334	0.8230	0.8224	5.0000	-9999.0000	-9999.0000	-9999.0000	-9999.0000	-9999.0000	-9999.0000	20.9418	6	0	28.1437	1.0000	02	2	-9999.0000	48441	32500	-9999	2415	5253	-9999	560.3747	5	0.6851	0.6882	-0.0001	124.3532	0.0284	695.3352	403.9990	39.6949	672.6747	95.0744	738.8961	94.7449	748.5744	94.8108	757.2438	94.8548	
08/08/2017	01:37:04	019004	H421015075HLR	L421	Q		677.2076	1.0233	10.6047	100.0163	39.8003	0.8230	0.8254	5.0000	20.2122	815.0766	95.0305	14.9411	24.0000	0.9300	0.9386	0.6882	-0.0001	815.0000	814.8741	1.0339	-2.5044	100.0405	39.5667	0.8230	0.8230	5.0000	-9999.0000	-9999.0000	-9999.0000	-9999.0000	-9999.0000	-9999.0000	20.6916	7	0	26.6631	1.0000	02	2	-9999.0000	48442	32501	-9999	2416	5254	-9999	560.3073	5	0.6850	0.6882	-0.0001	125.7447	-0.1696	690.5544	406.0693	37.9595	668.4267	95.3600	731.9641	94.7449	742.5116	94.7230	750.6296	94.8328	
08/08/2017	01:37:33	019004	H421015087HLR	L421	Q		696.4727	1.0233	16.6476	99.9992	39.6410	0.8230	0.8258	5.0000	19.9025	815.1048	94.6351	12.3715	24.1000	0.9300	0.9385	0.6882	-0.0001	815.0000	812.2072	1.0339	-2.4283	100.0037	40.1538	0.8230	0.8236	5.0000	-9999.0000	-9999.0000	-9999.0000	-9999.0000	-9999.0000	-9999.0000	23.3229	8	0	29.6030	1.0000	02	2	-9999.0000	48443	32502	-9999	2417	5255	-9999	560.4469	5	0.6848	0.6882	-0.0001	123.3324	0.1567	703.2502	415.2842	39.4093	680.8057	95.1623	746.3931	94.7669	755.1817	94.7449	762.3109	94.8328	
08/08/2017	01:38:00	019004	H421015083HLR	L421	S		686.0344	1.0233	13.3734	100.0326	39.9487	0.8230	0.8263	5.0000	19.9621	815.1463	94.7669	13.3414	24.0000	0.9300	0.9385	0.6882	-0.0001	815.0000	814.2058	1.0339	-2.4853	99.9762	39.9734	0.8230	0.8225	5.0000	-9999.0000	-9999.0000	-9999.0000	-9999.0000	-9999.0000	-9999.0000	26.0527	1	0	26.7726	1.0000	02	2	-9999.0000	48444	32503	-9999	2418	5256	-9999	560.4461	5	0.6848	0.6882	-0.0001	123.3324	0.1567	699.9265	415.0902	39.4093	678.1868	95.2062	741.1406	94.6571	751.9172	94.7010	759.7052	94.8767	
08/08/2017	01:38:25	019004	H421023133HLR	L421	S		673.7363	1.0233	9.5158	100.0251	39.9167	0.8230	0.8256	5.0000	20.2218	815.0826	94.7889	14.1217	24.0000	0.9300	0.9385	0.6882	-0.0001	815.0000	814.0058	1.0339	-2.4796	100.0342	39.6666	0.8230	0.8225	5.0000	-9999.0000	-9999.0000	-9999.0000	-9999.0000	-9999.0000	-9999.0000	23.4627	2	0	25.3329	1.0000	02	2	-9999.0000	48445	32504	-9999	2419	5257	-9999	560.3719	5	0.6852	0.6882	-0.0001	119.1070	0.7043	694.3615	406.6913	39.4752	670.8151	95.2282	739.4935	94.7669	749.1219	94.7669	755.3429	94.8767	
08/08/2017	01:38:52	019004	H421023130HLR	L421	S		696.1439	1.0233	16.5445	100.0831	39.6545	0.8230	0.8255	5.0000	20.2718	815.1375	94.5472	12.4516	24.1000	0.9300	0.9386	0.6882	-0.0001	815.0000	816.1561	1.0339	-2.5410	100.0385	39.8928	0.8230	0.8233	5.0000	-9999.0000	-9999.0000	-9999.0000	-9999.0000	-9999.0000	-9999.0000	20.6017	3	0	26.2236	1.0000	02	2	-9999.0000	48446	32505	-9999	2420	5258	-9999	560.4980	5	0.6851	0.6882	-0.0001	114.0478	1.4188	697.9000	403.6150	37.3664	673.9178	95.0085	747.1221	94.6790	757.5490	94.7449	765.2823	94.8767	
08/08/2017	01:39:20	019004	H421023125HLR	L421	S		688.8051	1.0233	14.2425	100.0392	39.8461	0.8230	0.8261	5.0000	20.0521	815.1032	95.1403	15.3718	24.0000	0.9300	0.9386	0.6882	-0.0001	815.0000	815.4944	1.0339	-2.5221	99.9953	40.0510	0.8230	0.8229	5.0000	-9999.0000	-9999.0000	-9999.0000	-9999.0000	-9999.0000	-9999.0000	22.8921	4	0	28.6731	1.0000	02	2	-9999.0000	48447	32506	-9999	2421	5259	-9999	560.2898	5	0.6855	0.6882	-0.0001	115.6556	1.1605	693.5902	421.1549	39.1018	671.5740	95.7115	735.7283	94.8108	743.5442	94.7230	750.2093	94.9207	
08/08/2017	01:39:45	019004	H421021093HLR	L421	S		668.8709	1.0233	7.9896	100.1042	39.9937	0.8230	0.8260	5.0000	19.9319	815.0891	94.8328	9.6417	24.0000	0.9300	0.9385	0.6882	-0.0001	815.0000	823.3972	1.0339	-2.7476	100.0322	39.9165	0.8230	0.8227	5.0000	-9999.0000	-9999.0000	-9999.0000	-9999.0000	-9999.0000	-9999.0000	20.4925	5	0	24.7322	1.0000	02	2	-9999.0000	48448	32507	-9999	2422	5260	-9999	560.5776	5	0.6856	0.6882	-0.0001	119.8203	0.8537	705.0514	411.6229	38.6185	679.5177	95.5138	761.4310	94.7889	773.2332	94.7010	781.6544	94.8108	
08/08/2017	01:40:15	019004	H421023122HLR	L421	S		692.3237	1.0233	15.3462	99.9995	39.7872	0.8230	0.8256	5.0000	20.0131	815.0949	95.0085	11.4612	24.1000	0.9300	0.9384	0.6882	-0.0001	815.0000	810.4825	1.0339	-2.3791	100.0581	39.8461	0.8230	0.8230	5.0000	-9999.0000	-9999.0000	-9999.0000	-9999.0000	-9999.0000	-9999.0000	21.2427	6	0	29.6333	1.0000	02	2	-9999.0000	48449	32508	-9999	2423	5261	-9999	560.5080	5	0.6859	0.6882	-0.0001	120.0311	0.9504	702.6941	399.1002	38.3988	680.1119	95.3820	750.3456	94.6351	760.3269	94.6790	767.7471	94.8328	
08/08/2017	01:40:44	019004	H421015070HLR	L421	S		691.1713	1.0233	14.9847	100.0913	39.7435	0.8230	0.8258	5.0000	20.6524	815.1236	94.7669	12.4623	24.0000	0.9300	0.9384	0.6882	-0.0001	815.0000	813.6127	1.0339	-2.4684	100.0229	39.9487	0.8230	0.8231	5.0000	-9999.0000	-9999.0000	-9999.0000	-9999.0000	-9999.0000	-9999.0000	24.9228	7	0	29.1936	1.0000	02	2	-9999.0000	48450	32509	-9999	2424	5262	-9999	560.4738	5	0.6861	0.6882	-0.0001	120.6434	0.8071	698.9988	401.3179	39.4093	676.7787	95.5138	745.6007	94.7449	755.8850	94.7230	762.8614	94.8987	
08/08/2017	01:41:11	019004	H421023170HLR	L421	S		694.0673	1.0233	15.8931	99.9932	39.9487	0.8230	0.8256	5.0000	22.2721	815.0843	94.9646	14.7419	24.0000	0.9300	0.9385	0.6882	-0.0001	815.0000	814.1689	1.0339	-2.4843	100.0917	40.0031	0.8230	0.8229	5.0000	-9999.0000	-9999.0000	-9999.0000	-9999.0000	-9999.0000	-9999.0000	20.3918	8	0	26.9425	1.0000	02	2	-9999.0000	48451	32510	-9999	2425	5263	-9999	560.3165	5	0.6863	0.6882	-0.0001	120.6022	0.7047	696.9016	410.1707	37.8496	675.5312	95.4479	739.5043	94.7669	747.8325	94.7230	754.9350	94.9207	
08/08/2017	01:42:05	019004	H421023153HLR	L421	S		690.4890	1.0233	14.7707	99.8244	39.8299	0.8230	0.8257	5.0000	20.0627	815.0622	95.0305	15.6912	24.1000	0.9300	0.9386	0.6882	-0.0001	815.0000	815.9718	1.0339	-2.5357	100.0729	39.8670	0.8230	0.8230	5.0000	-9999.0000	-9999.0000	-9999.0000	-9999.0000	-9999.0000	-9999.0000	20.9123	2	0	27.7629	1.0000	02	2	-9999.0000	48453	32511	-9999	2427	5264	-9999	560.2392	5	0.6869	0.6882	-0.0001	114.1723	1.1302	689.6587	402.3861	39.0578	667.6714	95.5358	735.6007	94.9207	743.7645	94.7669	751.3534	94.8108	
08/08/2017	01:42:31	019004	H421023146HLR	L421	S		691.5307	1.0233	15.0974	99.9448	39.8461	0.8230	0.8259	5.0000	19.9916	815.1198	94.9207	15.4519	24.1000	0.9300	0.9386	0.6882	-0.0001	815.0000	815.1934	1.0339	-2.5135	100.0406	39.8594	0.8230	0.8232	5.0000	-9999.0000	-9999.0000	-9999.0000	-9999.0000	-9999.0000	-9999.0000	20.9524	3	0	25.8838	1.0000	02	2	-9999.0000	48454	32512	-9999	2428	5265	-9999	560.3261	5	0.6873	0.6882	-0.0001	109.0067	1.4430	688.2231	413.7756	39.2116	665.8197	95.4918	732.1317	94.7889	741.0704	94.7449	747.7156	94.8328	
08/08/2017	01:42:58	019004	H421023131HLR	L421	S		687.5211	1.0233	13.8397	100.0547	39.9487	0.8230	0.8257	5.0000	21.0218	815.0750	94.6571	13.0610	24.1000	0.9300	0.9385	0.6882	-0.0001	815.0000	812.3871	1.0339	-2.4334	100.0605	40.0813	0.8230	0.8233	5.0000	-9999.0000	-9999.0000	-9999.0000	-9999.0000	-9999.0000	-9999.0000	20.5022	4	0	27.0325	1.0000	02	2	-9999.0000	48455	32513	-9999	2429	5266	-9999	560.3954	5	0.6874	0.6882	-0.0001	109.1156	1.3406	695.1821	404.9911	38.2890	672.2778	95.4039	739.9337	94.7230	749.7888	94.7230	758.5214	94.8108	
08/08/2017	01:43:28	019004	H421023178HLR	L421	S		689.5688	1.0233	14.4821	100.1953	39.8611	0.8230	0.8257	5.0000	20.0324	815.0886	94.6571	12.8716	24.0000	0.9300	0.9385	0.6882	-0.0001	815.0000	813.0568	1.0339	-2.4525	100.0781	39.9878	0.8230	0.8229	5.0000	-9999.0000	-9999.0000	-9999.0000	-9999.0000	-9999.0000	-9999.0000	21.0727	5	0	29.8832	1.0000	02	2	-9999.0000	48456	32514	-9999	2430	5267	-9999	560.4180	5	0.6874	0.6882	-0.0001	109.1156	1.3406	697.5304	409.5822	38.4208	675.6415	95.2062	741.6706	94.6131	751.2762	94.7230	759.1850	94.8767	
08/08/2017	01:43:56	019004	H421023174HLR	L421	S		696.9198	1.0233	16.7879	99.9170	39.8189	0.8230	0.8254	5.0000	21.6323	815.0919	94.7889	13.8717	24.0000	0.9300	0.9385	0.6882	-0.0001	815.0000	813.9982	1.0339	-2.4794	100.0461	39.8574	0.8230	0.8229	5.0000	-9999.0000	-9999.0000	-9999.0000	-9999.0000	-9999.0000	-9999.0000	20.6623	6	0	27.9534	1.0000	02	2	-9999.0000	48457	32515	-9999	2431	5268	-9999	560.3570	5	0.6874	0.6882	-0.0001	121.9868	0.3993	696.1287	406.9461	36.9929	674.0556	95.0744	740.4771	94.6571	750.3229	94.7449	758.4113	94.8767	
08/08/2017	01:44:24	019004	H421023183HLR	L421	S		693.7511	1.0233	15.7939	99.7792	39.9487	0.8230	0.8260	5.0000	19.8724	815.1418	94.5692	12.2416	24.0000	0.9300	0.9386	0.7004	-0.0009	815.0000	816.1012	1.0339	-2.5394	100.0010	39.9487	0.8230	0.8231	5.0000	-9999.0000	-9999.0000	-9999.0000	-9999.0000	-9999.0000	-9999.0000	24.5029	7	0	28.0236	1.0000	02	2	-9999.0000	48458	32516	-9999	2432	5269	-9999	562.3730	5	0.6876	0.7004	-0.0009	93.2124	2.3900	679.2997	398.2206	39.1237	657.3534	95.2062	728.6500	94.6790	741.5388	94.7010	753.2448	94.8328	
08/08/2017	01:44:52	019004	H421023165HLR	L421	S		689.4867	1.0233	14.4563	99.9925	39.9487	0.8230	0.8257	5.0000	20.0618	815.0973	94.6790	12.9809	24.0000	0.9300	0.9385	0.7008	-0.0009	815.0000	815.5403	1.0339	-2.5234	99.9937	39.8981	0.8230	0.8227	5.0000	-9999.0000	-9999.0000	-9999.0000	-9999.0000	-9999.0000	-9999.0000	24.6932	8	0	28.6927	1.0000	02	2	-9999.0000	48459	32517	-9999	2433	5270	-9999	561.8597	5	0.6879	0.7008	-0.0009	95.4302	2.2516	689.0176	397.4044	36.9270	666.8002	95.0744	733.1202	94.5692	744.2171	94.7230	753.3396	94.8987	
08/08/2017	01:45:37	019004	H421023160HLR	L421	S		689.7592	1.0233	14.5418	100.1473	39.7974	0.8230	0.8255	5.0000	20.9223	815.1232	95.1623	16.0711	24.1000	0.9300	0.9386	0.7015	-0.0009	815.0000	814.5595	1.0339	-2.4954	100.0063	39.8461	0.8230	0.8228	5.0000	-9999.0000	-9999.0000	-9999.0000	-9999.0000	-9999.0000	-9999.0000	24.0730	1	0	44.7648	1.0000	02	2	-9999.0000	48460	32518	-9999	2434	5271	-9999	559.6657	5	0.6880	0.7015	-0.0009	95.7686	2.1507	678.4436	399.1211	38.2451	657.1992	95.3820	720.6635	94.8548	729.1445	94.7889	735.6778	94.8767	
08/08/2017	01:46:05	019004	H421023168HLR	L421	S		691.8832	1.0233	15.2080	100.0023	39.9358	0.8230	0.8260	5.0000	19.9524	815.1438	94.7230	13.0317	24.1000	0.9300	0.9387	0.7015	-0.0009	815.0000	815.0179	1.0339	-2.5085	100.0698	39.9849	0.8230	0.8231	5.0000	-9999.0000	-9999.0000	-9999.0000	-9999.0000	-9999.0000	-9999.0000	21.0425	2	0	27.9836	1.0000	02	2	-9999.0000	48461	32519	-9999	2435	5272	-9999	562.0059	5	0.6880	0.7015	-0.0009	98.5993	1.8088	696.2481	411.2244	39.7169	676.0225	95.4698	733.5202	94.7010	743.9894	94.7010	752.4629	94.8548	
08/08/2017	01:46:35	019004	H421023188HLR	L421	S		683.6783	1.0233	12.6343	100.1027	39.9700	0.8230	0.8258	5.0000	20.1515	815.1453	94.7230	13.8219	24.1000	0.9300	0.9386	0.7001	-0.0008	815.0000	814.8513	1.0339	-2.5037	100.0928	39.9260	0.8230	0.8229	5.0000	-9999.0000	-9999.0000	-9999.0000	-9999.0000	-9999.0000	-9999.0000	20.4418	3	0	29.6829	1.0000	02	2	-9999.0000	48462	32520	-9999	2436	5273	-9999	561.3057	5	0.6881	0.7001	-0.0008	106.2041	1.1877	688.4965	412.0093	40.3759	668.0163	95.3820	727.6280	94.6571	738.4821	94.7010	746.9934	94.8548	
08/08/2017	01:47:07	019004	H421023194HLR	L421	S		686.6037	1.0233	13.5520	100.0735	39.8097	0.8230	0.8256	5.0000	20.4018	815.0707	94.9207	14.7922	24.1000	0.9300	0.9386	0.6997	-0.0008	815.0000	815.6482	1.0339	-2.5265	100.0509	39.7805	0.8230	0.8230	5.0000	-9999.0000	-9999.0000	-9999.0000	-9999.0000	-9999.0000	-9999.0000	21.5629	4	0	32.4637	1.0000	02	2	-9999.0000	48463	32521	-9999	2437	5274	-9999	560.5704	5	0.6880	0.6997	-0.0008	111.4833	0.8593	687.8216	405.1086	37.7398	666.1714	95.3380	730.9488	94.7669	741.1243	94.7010	748.6733	94.8767	
08/08/2017	01:47:35	019004	H421023197HLR	L421	S		691.7586	1.0233	15.1690	99.9835	39.8858	0.8230	0.8260	5.0000	19.9319	781.9362	94.9426	31.0035	23.8000	0.9300	0.9385	0.6996	-0.0008	815.0000	853.4645	1.0339	-3.6057	100.0966	40.1538	0.8230	0.8233	5.0000	-9999.0000	-9999.0000	-9999.0000	-9999.0000	-9999.0000	-9999.0000	21.4527	5	2	27.2639	1.0000	02	2	-9999.0000	48464	32522	-9999	2438	5275	-9999	527.8657	5	0.6880	0.6996	-0.0008	110.9973	0.8715	571.7476	398.0900	40.4198	500.1760	97.1833	573.7817	95.2502	584.6499	94.5472	601.2557	94.6571	
08/08/2017	01:48:04	019004	H421023196HLR	L421	S		679.3544	1.0233	11.2780	100.0266	39.9511	0.8230	0.8259	5.0000	20.1018	815.1065	94.8108	14.1315	24.1000	0.9300	0.9385	0.6996	-0.0008	815.0000	814.7814	1.0339	-2.5018	100.0483	40.0494	0.8230	0.8228	5.0000	-9999.0000	-9999.0000	-9999.0000	-9999.0000	-9999.0000	-9999.0000	21.6224	6	0	29.4828	1.0000	02	2	-9999.0000	48465	32523	-9999	2439	5276	-9999	561.1281	5	0.6880	0.6996	-0.0008	110.9973	0.8715	670.5972	385.6286	36.9050	646.6335	93.6905	722.7205	93.9761	735.8569	94.5912	745.6155	94.8548	
08/08/2017	01:48:31	019004	H421023203HLR	L421	S		690.2632	1.0233	14.6999	100.0333	39.7953	0.8230	0.8255	5.0000	20.4418	815.1276	94.7010	13.8307	24.0000	0.9300	0.9385	0.6999	-0.0008	815.0000	817.2820	1.0339	-2.5731	99.9776	39.8461	0.8230	0.8228	5.0000	-9999.0000	-9999.0000	-9999.0000	-9999.0000	-9999.0000	-9999.0000	25.9033	7	0	27.1827	1.0000	02	2	-9999.0000	48466	32524	-9999	2440	5277	-9999	561.3805	5	0.6882	0.6999	-0.0008	112.9990	0.7598	685.1571	400.0075	38.7503	663.0031	93.5807	728.9122	94.0420	742.1752	94.6790	750.4544	94.8987	
08/08/2017	01:48:59	019004	H421023190HLR	L421	S		685.0684	1.0233	13.0704	99.7694	39.7996	0.8230	0.8260	5.0000	19.7923	815.0918	94.9866	14.7624	24.0000	0.9300	0.9385	0.6999	-0.0008	815.0000	817.4398	1.0339	-2.5776	100.0293	39.9487	0.8230	0.8232	5.0000	-9999.0000	-9999.0000	-9999.0000	-9999.0000	-9999.0000	-9999.0000	23.6823	8	0	27.3234	1.0000	02	2	-9999.0000	48467	32525	-9999	2441	5278	-9999	560.6941	5	0.6882	0.6999	-0.0008	112.9368	0.7766	680.5030	408.6040	38.2670	658.6209	93.8223	725.0390	94.2397	737.3740	94.7230	746.1011	94.8767	
08/08/2017	01:49:25	019004	H421023215HLR	L421	S		686.6674	1.0233	13.5720	99.8770	40.0418	0.8230	0.8260	5.0000	20.1419	815.1135	94.6790	13.5415	24.1000	0.9300	0.9385	0.6999	-0.0008	815.0000	814.4731	1.0339	-2.4930	100.0655	40.0715	0.8230	0.8230	5.0000	-9999.0000	-9999.0000	-9999.0000	-9999.0000	-9999.0000	-9999.0000	20.6721	1	0	26.0527	1.0000	02	2	-9999.0000	48468	32526	-9999	2442	5279	-9999	561.5608	5	0.6881	0.6999	-0.0008	102.4894	1.5492	683.2250	387.7176	36.9710	661.4124	93.7344	727.2975	94.1957	740.0886	94.7230	748.4876	94.8767	
08/08/2017	01:49:51	019004	H421021076HLR	L421	S		690.4914	1.0233	14.7715	99.9797	39.8680	0.8230	0.8256	5.0000	20.0161	815.1303	94.6131	12.8716	24.1000	0.9300	0.9385	0.6983	-0.0007	815.0000	815.6144	1.0339	-2.5255	100.0696	39.8985	0.8230	0.8228	5.0000	-9999.0000	-9999.0000	-9999.0000	-9999.0000	-9999.0000	-9999.0000	21.1518	2	0	26.2032	1.0000	02	1	-9999.0000	48469	32527	-9999	2443	5280	-9999	561.8879	5	0.6879	0.6983	-0.0007	104.6911	1.4436	691.2396	394.1499	37.6300	669.2625	93.6685	734.3969	94.1079	746.4196	94.7010	754.0608	94.9426	
08/08/2017	01:50:18	019004	H421021071HLR	L421	S		689.3686	1.0233	14.4192	99.8059	39.7331	0.8230	0.8257	5.0000	20.5021	815.1059	94.7449	13.5113	24.1000	0.9300	0.9385	0.6990	-0.0008	815.0000	816.3479	1.0339	-2.5465	100.0800	39.9092	0.8230	0.8230	5.0000	-9999.0000	-9999.0000	-9999.0000	-9999.0000	-9999.0000	-9999.0000	20.8314	3	0	26.9230	1.0000	02	1	-9999.0000	48470	32528	-9999	2444	5281	-9999	561.5204	5	0.6878	0.6990	-0.0008	105.5400	1.3984	689.3528	401.5330	37.7618	667.7408	93.6905	731.3503	94.2177	742.8857	94.7449	751.3559	94.8987	
08/08/2017	01:50:52	019004	H421021069HLR	L421	S		693.3910	1.0233	15.6810	100.1791	40.0175	0.8230	0.8262	5.0000	19.8616	815.0967	94.6571	13.3912	24.1000	0.9300	0.9385	0.6997	-0.0008	815.0000	819.9528	1.0339	-2.6493	100.0906	40.0126	0.8230	0.8233	5.0000	-9999.0000	-9999.0000	-9999.0000	-9999.0000	-9999.0000	-9999.0000	21.1322	4	0	33.9441	1.0000	02	1	-9999.0000	48471	32529	-9999	2445	5282	-9999	561.4757	5	0.6876	0.6997	-0.0008	103.5466	1.6109	692.2460	394.7804	36.9490	670.3098	93.5148	735.3819	94.2177	748.6424	94.7669	757.2522	94.9207	
08/08/2017	01:51:19	019004	H421021081HLR	L421	S		692.1143	1.0233	15.2805	100.0926	39.9741	0.8230	0.8256	5.0000	20.2424	815.1308	94.5253	12.3520	24.1000	0.9300	0.9384	0.6993	-0.0008	815.0000	815.3848	1.0339	-2.5190	99.9623	39.9487	0.8230	0.8229	5.0000	-9999.0000	-9999.0000	-9999.0000	-9999.0000	-9999.0000	-9999.0000	27.5430	5	0	26.8829	1.0000	02	1	-9999.0000	48472	32530	-9999	2446	5283	-9999	562.2603	5	0.6878	0.6993	-0.0008	100.4616	1.8969	691.2884	396.9287	37.4103	669.4403	93.8003	735.6251	94.2836	747.6616	94.7669	755.9832	94.9207	
08/08/2017	01:51:43	019004	H421021074HLR	L421	S		696.1300	1.0233	16.5402	100.0036	39.7540	0.8230	0.8255	5.0000	20.2521	815.0894	94.5472	12.3109	24.1000	0.9300	0.9385	0.6995	-0.0008	815.0000	816.0882	1.0339	-2.5390	100.0031	39.9530	0.8230	0.8230	5.0000	-9999.0000	-9999.0000	-9999.0000	-9999.0000	-9999.0000	-9999.0000	20.2922	6	0	24.8925	1.0000	02	1	-9999.0000	48473	32531	-9999	2447	5284	-9999	562.2253	5	0.6879	0.6995	-0.0008	96.6974	2.2173	694.1416	390.4603	36.6854	672.4876	93.9102	736.9767	94.2616	751.1628	94.7669	759.1611	94.9426	
08/08/2017	01:52:11	019004	H421021089HLR	L421	S		691.9968	1.0233	15.2437	100.0341	39.8862	0.8230	0.8257	5.0000	21.5023	815.1255	94.6571	13.2017	24.1000	0.9300	0.9385	0.6990	-0.0008	815.0000	816.7378	1.0339	-2.5576	100.0672	39.9820	0.8230	0.8231	5.0000	-9999.0000	-9999.0000	-9999.0000	-9999.0000	-9999.0000	-9999.0000	20.3323	7	0	27.0635	1.0000	02	1	-9999.0000	48474	32532	-9999	2448	5285	-9999	561.5306	5	0.6878	0.6990	-0.0008	96.9901	2.2076	688.9825	381.6519	37.3005	666.9574	93.9321	732.3638	94.3276	744.8817	94.7669	752.6418	94.9426	
08/08/2017	01:52:35	019004	H421021105HLR	L421	S		688.3796	1.0233	14.1090	99.8896	40.0279	0.8230	0.8259	5.0000	19.9416	815.1030	94.6790	13.3414	24.0000	0.9300	0.9386	0.6985	-0.0007	815.0000	815.9103	1.0339	-2.5340	100.0112	39.9487	0.8230	0.8229	5.0000	-9999.0000	-9999.0000	-9999.0000	-9999.0000	-9999.0000	-9999.0000	23.7526	8	0	24.8329	1.0000	02	1	-9999.0000	48474	32533	-9999	2449	5286	-9999	561.3300	5	0.6875	0.6985	-0.0007	97.7494	2.1684	688.3878	396.3274	38.6624	666.8624	94.5033	731.8478	94.5472	743.7196	94.7889	751.8177	94.8987	
08/08/2017	01:53:01	019004	H421021055HLR	L421	S		692.7307	1.0233	15.4739	99.9673	39.9268	0.8230	0.8256	5.0000	20.0023	815.1445	94.6351	13.2007	24.1000	0.9300	0.9385	0.6989	-0.0008	815.0000	817.1492	1.0339	-2.5693	100.0300	39.9986	0.8230	0.8230	5.0000	-9999.0000	-9999.0000	-9999.0000	-9999.0000	-9999.0000	-9999.0000	20.3528	1	0	26.1026	1.0000	02	1	-9999.0000	48475	32534	-9999	2450	5287	-9999	561.4565	5	0.6876	0.6989	-0.0008	96.4860	2.2450	697.0780	411.0599	40.3539	676.1198	94.5692	734.9969	94.5472	746.8590	94.7889	754.7334	94.9426	
08/08/2017	01:53:54	019004	H421021087HLR	L421	S		694.7253	1.0233	16.0995	99.9684	39.9487	0.8230	0.8260	5.0000	19.9622	815.0786	94.5253	11.6410	24.1000	0.9300	0.9385	0.6978	-0.0007	815.0000	813.9046	1.0339	-2.4767	100.0437	39.9112	0.8230	0.8230	5.0000	-9999.0000	-9999.0000	-9999.0000	-9999.0000	-9999.0000	-9999.0000	21.0530	3	0	26.4230	1.0000	02	1	-9999.0000	48477	32535	-9999	2452	5288	-9999	562.1184	5	0.6875	0.6978	-0.0007	95.8199	2.2745	698.1103	378.5179	37.0588	676.2285	94.4813	743.4767	94.5253	754.7136	94.7889	763.2004	94.9207	
08/08/2017	01:54:21	019004	H421015086HLR	L421	S		740.1262	1.0233	19.4066	100.0419	39.9833	0.8230	0.8257	5.0000	20.0824	0.0000	0.0000	0.0000	0.0000	0.9300	0.0000	0.0000	0.0000	0.0000	741.4871	1.0339	-1.1609	100.0853	39.8707	0.8230	0.8233	5.0000	-9999.0000	-9999.0000	-9999.0000	-9999.0000	-9999.0000	-9999.0000	20.5823	4	8	27.1231	1.0000	02	1	-9999.0000	48478	0	-9999	2453	5289	-9999	0.0000	0	0.0000	0.0000	0.0000	0.0000	0.0000	0.0000	0.0000	0.0000	0.0000	0.0000	0.0000	0.0000	0.0000	0.0000	0.0000	0.0000	
08/08/2017	01:54:48	019004	H421021092HLR	L421	S		693.9736	1.0233	15.8637	100.1823	39.9000	0.8230	0.8257	5.0000	20.0922	815.1036	94.7669	12.4614	24.1000	0.9300	0.9386	0.6994	-0.0008	815.0000	815.0140	1.0339	-2.5084	100.0164	40.0512	0.8230	0.8232	5.0000	-9999.0000	-9999.0000	-9999.0000	-9999.0000	-9999.0000	-9999.0000	23.4831	5	0	26.6622	1.0000	02	1	-9999.0000	48479	32536	-9999	2454	5290	-9999	561.6016	5	0.6874	0.6994	-0.0008	73.1857	3.9809	691.2879	386.9090	37.6300	668.6758	94.8767	737.2412	94.6131	749.1324	94.7230	757.0246	94.8548	
08/08/2017	01:55:15	019004	H421015069HLR	L421	S		689.2777	1.0233	14.3908	100.1359	39.8252	0.8230	0.8256	5.0000	20.7923	815.1163	94.5253	12.1918	24.0000	0.9300	0.9386	0.6994	-0.0008	815.0000	815.0344	1.0339	-2.5090	100.0485	40.0895	0.8230	0.8229	5.0000	-9999.0000	-9999.0000	-9999.0000	-9999.0000	-9999.0000	-9999.0000	21.5521	6	0	27.0732	1.0000	02	1	-9999.0000	48480	32537	-9999	2455	5291	-9999	561.7939	5	0.6874	0.6994	-0.0008	73.1857	3.9809	691.7545	390.7264	38.7723	669.0818	94.7010	738.1461	94.5692	749.3296	94.7449	757.7360	94.8987	
08/08/2017	01:55:39	019004	H421015103HLR	L421	S		692.9620	1.0233	15.5464	100.0879	39.9487	0.8230	0.8259	5.0000	20.2826	815.1217	94.7230	12.7309	24.1000	0.9300	0.9387	0.7028	-0.0011	815.0000	817.3133	1.0339	-2.5740	100.0861	39.9538	0.8230	0.8230	5.0000	-9999.0000	-9999.0000	-9999.0000	-9999.0000	-9999.0000	-9999.0000	20.4622	7	0	24.6426	1.0000	02	1	-9999.0000	48481	32538	-9999	2456	5292	-9999	561.5732	5	0.6875	0.7028	-0.0011	75.6481	3.7712	687.6503	394.2552	37.3444	665.0126	94.9426	735.0454	94.6131	746.5321	94.7010	755.0522	94.8548	
08/08/2017	01:56:05	019004	H421021109HLR	L421	S		690.7886	1.0233	14.8647	100.1696	39.9904	0.8230	0.8258	5.0000	19.8528	815.0940	94.6571	13.2710	24.0000	0.9300	0.9386	0.7028	-0.0011	815.0000	814.9645	1.0339	-2.5070	100.0683	39.8881	0.8230	0.8230	5.0000	-9999.0000	-9999.0000	-9999.0000	-9999.0000	-9999.0000	-9999.0000	21.0716	8	0	25.7136	1.0000	02	1	-9999.0000	48482	32539	-9999	2457	5293	-9999	561.0716	5	0.6875	0.7028	-0.0011	75.6481	3.7712	684.4750	397.8934	37.2126	662.1717	94.9207	730.2679	94.7010	741.8737	94.7889	750.0346	94.8987	
08/08/2017	01:56:30	019004	H421015105HLR	L421	S		695.5647	1.0233	16.3628	100.0637	39.8658	0.8230	0.8256	5.0000	20.3127	815.1679	94.5692	12.9019	24.0000	0.9300	0.9386	0.7064	-0.0014	815.0000	816.0289	1.0339	-2.5374	99.9937	40.0224	0.8230	0.8232	5.0000	-9999.0000	-9999.0000	-9999.0000	-9999.0000	-9999.0000	-9999.0000	20.3420	1	0	24.7226	1.0000	02	1	-9999.0000	48483	32540	-9999	2458	5294	-9999	561.3918	5	0.6876	0.7064	-0.0014	65.8065	4.5303	682.7132	395.0702	38.0034	660.0834	94.8767	729.9128	94.6131	741.1846	94.7669	749.5492	94.9207	
08/08/2017	01:56:59	019004	H421021113HLR	L421	S		691.0507	1.0233	14.9469	99.9511	39.8652	0.8230	0.8258	5.0000	20.2123	815.1383	94.5912	13.1011	24.0000	0.9300	0.9384	0.7073	-0.0015	815.0000	815.0207	1.0339	-2.5086	100.0649	39.9984	0.8230	0.8229	5.0000	-9999.0000	-9999.0000	-9999.0000	-9999.0000	-9999.0000	-9999.0000	21.3823	2	0	28.6527	1.0000	02	1	-9999.0000	48484	32541	-9999	2458	5295	-9999	561.0472	5	0.6882	0.7073	-0.0015	70.3691	4.1915	679.6256	393.6829	38.3549	656.9338	95.1843	726.5025	94.7449	737.8038	94.7449	746.7992	94.8767	
08/08/2017	01:57:25	019004	H421015074HLR	L421	S		731.3969	1.0233	22.2743	100.0971	39.9618	0.8230	0.8258	5.0000	19.9925	815.1197	95.0744	7.3709	24.0000	0.9300	0.9382	0.7070	-0.0014	815.0000	822.2895	1.0339	-2.7160	100.0114	39.9487	0.8230	0.8228	5.0000	-9999.0000	-9999.0000	-9999.0000	-9999.0000	-9999.0000	-9999.0000	24.7332	3	0	26.9531	1.0000	02	1	-9999.0000	48485	32542	-9999	2459	5296	-9999	567.7454	5	0.6881	0.7070	-0.0014	71.5958	4.0955	719.7219	387.9265	36.8172	695.2964	94.4813	769.5504	94.5033	782.6233	94.7669	791.9924	94.9207	
08/08/2017	01:57:53	019004	H421015097HLR	L421	S		703.4952	1.0233	18.8504	99.9125	39.9479	0.8230	0.8256	5.0000	20.0725	815.1505	94.6131	11.9105	24.1000	0.9300	0.9385	0.7061	-0.0014	815.0000	813.2046	1.0339	-2.4568	100.0537	39.9749	0.8230	0.8230	5.0000	-9999.0000	-9999.0000	-9999.0000	-9999.0000	-9999.0000	-9999.0000	20.8324	4	0	27.3430	1.0000	02	1	-9999.0000	48486	32543	-9999	2460	5297	-9999	562.4132	5	0.6882	0.7061	-0.0014	70.3896	4.1843	690.6281	400.2717	38.1133	668.7759	95.0744	733.9273	94.5472	745.3591	94.6571	753.1910	94.5253	
08/08/2017	01:58:21	019004	H421015088HLR	L421	S		729.9759	1.0233	22.7412	100.0990	39.8580	0.8230	0.8256	5.0000	20.1125	815.1262	95.0305	7.0711	24.0000	0.9300	0.9381	0.7061	-0.0014	815.0000	822.0296	1.0339	-2.7086	100.0466	39.9954	0.8230	0.8230	5.0000	-9999.0000	-9999.0000	-9999.0000	-9999.0000	-9999.0000	-9999.0000	20.7425	5	0	27.8937	1.0000	02	1	-9999.0000	48487	32544	-9999	2461	5298	-9999	567.7500	5	0.6883	0.7061	-0.0014	71.5264	4.0806	724.6725	387.4129	38.0913	700.7421	94.6351	772.0645	94.4813	784.7682	94.7230	795.4028	94.9207	
08/08/2017	01:58:47	019004	H421015080HLR	L421	S		682.2475	1.0233	12.1855	99.9391	39.9487	0.8230	0.8259	5.0000	19.9123	815.1470	95.0964	14.7517	24.0000	0.9300	0.9386	0.7076	-0.0015	815.0000	813.5082	1.0339	-2.4654	100.0263	39.9487	0.8230	0.8229	5.0000	-9999.0000	-9999.0000	-9999.0000	-9999.0000	-9999.0000	-9999.0000	22.9126	6	0	26.4424	1.0000	02	1	-9999.0000	48488	32545	-9999	2462	5299	-9999	558.9590	5	0.6883	0.7076	-0.0015	75.8016	3.7357	674.4118	382.4587	36.8172	652.8416	95.3161	716.6368	94.6790	727.9450	94.6351	735.6645	94.4813	
08/08/2017	01:59:17	019004	H421023140HLR	L421	S		695.5706	1.0233	16.3647	100.1123	39.9487	0.8230	0.8258	5.0000	20.2521	815.1641	94.6351	13.3013	24.0000	0.9300	0.9385	0.7093	-0.0016	815.0000	811.8683	1.0339	-2.4186	100.0471	39.9677	0.8230	0.8230	5.0000	-9999.0000	-9999.0000	-9999.0000	-9999.0000	-9999.0000	-9999.0000	21.3929	7	0	30.2641	1.0000	02	1	-9999.0000	48489	32546	-9999	2463	5300	-9999	560.5956	5	0.6883	0.7093	-0.0016	75.6246	3.7413	680.7427	393.4094	36.7513	659.7644	95.1403	723.1187	94.7889	733.0511	94.8108	741.3785	94.8987	
08/08/2017	01:59:47	019004	H421023141HLR	L421	S		684.4945	1.0233	12.8904	100.0056	39.9178	0.8230	0.8257	5.0000	20.2315	815.1528	94.6790	13.3811	24.0000	0.9300	0.9386	0.7132	-0.0019	815.0000	815.0697	1.0339	-2.5100	100.0632	39.9853	0.8230	0.8230	5.0000	-9999.0000	-9999.0000	-9999.0000	-9999.0000	-9999.0000	-9999.0000	20.9926	8	0	29.5630	1.0000	02	1	-9999.0000	48490	32547	-9999	2464	5301	-9999	560.3680	5	0.6886	0.7132	-0.0019	50.0776	5.7111	678.1888	397.8697	37.9155	655.8076	95.0964	721.7646	94.6790	734.1565	94.7669	743.2052	94.8987	
08/08/2017	02:00:16	019004	H421023132HLR	L421	S		695.1406	1.0233	16.2298	99.8983	39.8576	0.8230	0.8255	5.0000	20.8724	815.1123	94.7669	14.2116	24.0000	0.9300	0.9386	0.6941	-0.0004	815.0000	814.5567	1.0339	-2.4953	100.0549	40.0089	0.8230	0.8231	5.0000	-9999.0000	-9999.0000	-9999.0000	-9999.0000	-9999.0000	-9999.0000	20.4320	1	0	29.0628	1.0000	02	1	-9999.0000	48491	32548	-9999	2465	5302	-9999	560.7644	5	0.6890	0.6941	-0.0004	51.8011	5.5745	690.9066	396.6477	37.2565	668.9691	94.9866	733.3067	94.7010	743.1763	94.7669	751.0566	94.9207	
08/08/2017	02:00:45	019004	H421023129HLR	L421	S		688.5046	1.0233	14.1483	99.9480	39.9487	0.8230	0.8258	5.0000	20.4924	815.0893	94.5472	12.6313	24.0000	0.9300	0.9385	0.6942	-0.0005	815.0000	813.7928	1.0339	-2.4735	100.0660	39.9593	0.8230	0.8230	5.0000	-9999.0000	-9999.0000	-9999.0000	-9999.0000	-9999.0000	-9999.0000	21.6029	2	0	29.2933	1.0000	02	1	-9999.0000	48492	32549	-9999	2466	5303	-9999	561.1667	5	0.6888	0.6942	-0.0005	52.8978	5.4459	699.1273	416.2529	38.0473	677.5886	95.0525	740.5234	94.7230	751.4057	94.7669	759.3511	94.8987	
08/08/2017	02:01:14	019004	H421023126HLR	L421	S		685.7884	1.0233	13.2962	100.0077	39.9239	0.8230	0.8254	5.0000	21.4623	815.1200	95.1403	16.5116	24.0000	0.9300	0.9387	0.6941	-0.0004	815.0000	815.4679	1.0339	-2.5213	100.0075	39.9544	0.8230	0.8230	5.0000	-9999.0000	-9999.0000	-9999.0000	-9999.0000	-9999.0000	-9999.0000	22.0728	3	0	28.6732	1.0000	02	1	-9999.0000	48493	32550	-9999	2467	5304	-9999	559.8611	5	0.6889	0.6941	-0.0004	53.4997	5.3615	680.6150	390.5956	36.8831	658.1638	95.4259	724.4498	94.7889	732.8039	94.7669	739.9923	94.8987	
08/08/2017	02:01:42	019004	H421023154HLR	L421	S		696.9086	1.0233	16.7844	99.9214	39.8952	0.8230	0.8257	5.0000	20.0824	815.1002	94.9426	15.6912	24.1000	0.9300	0.9387	0.6941	-0.0004	815.0000	817.5645	1.0339	-2.5812	100.0132	39.9487	0.8230	0.8229	5.0000	-9999.0000	-9999.0000	-9999.0000	-9999.0000	-9999.0000	-9999.0000	24.2625	4	0	27.6632	1.0000	02	1	-9999.0000	48494	32551	-9999	2468	5305	-9999	560.0947	5	0.6889	0.6941	-0.0004	52.7408	5.4564	688.9266	413.3166	37.1467	666.3488	95.5797	731.2384	94.8548	738.8419	94.7669	745.7654	94.8548	
08/08/2017	02:02:11	019004	H421023161HLR	L421	S		693.7507	1.0233	15.7938	99.9509	39.9487	0.8230	0.8258	5.0000	20.2843	815.1026	94.8767	15.3914	24.1000	0.9300	0.9387	0.6939	-0.0004	815.0000	816.1377	1.0339	-2.5405	100.0828	39.9831	0.8230	0.8230	5.0000	-9999.0000	-9999.0000	-9999.0000	-9999.0000	-9999.0000	-9999.0000	20.9612	5	0	29.5238	1.0000	02	1	-9999.0000	48495	32552	-9999	2469	5306	-9999	560.4291	5	0.6889	0.6939	-0.0004	55.4619	5.1605	688.7670	398.7157	38.4208	666.4612	95.5577	732.8557	94.8328	741.3708	94.7449	748.4941	94.8328	
08/08/2017	02:02:38	019004	H421023164HLR	L421	S		690.1147	1.0233	14.6533	100.0069	39.9331	0.8230	0.8258	5.0000	19.8723	815.1404	94.8767	15.3611	24.1000	0.9300	0.9386	0.6939	-0.0004	815.0000	816.0218	1.0339	-2.5372	100.0567	39.9798	0.8230	0.8230	5.0000	-9999.0000	-9999.0000	-9999.0000	-9999.0000	-9999.0000	-9999.0000	20.8119	6	0	27.1525	1.0000	02	1	-9999.0000	48495	32553	-9999	2470	5307	-9999	560.7304	5	0.6891	0.6939	-0.0004	55.7735	5.1541	686.6479	405.0826	37.8277	664.9067	95.4918	730.0355	94.8108	739.1838	94.7669	745.1406	94.8548	
08/08/2017	02:03:05	019004	H421023169HLR	L421	S		672.3938	1.0233	9.0947	100.0767	39.8926	0.8230	0.8259	5.0000	19.9926	815.1318	94.8328	14.9616	24.1000	0.9300	0.9386	0.6939	-0.0004	815.0000	813.9272	1.0339	-2.4774	100.0539	39.9937	0.8230	0.8233	5.0000	-9999.0000	-9999.0000	-9999.0000	-9999.0000	-9999.0000	-9999.0000	20.8324	7	0	26.3633	1.0000	02	1	-9999.0000	48496	32554	-9999	2471	5308	-9999	560.6154	5	0.6888	0.6939	-0.0004	61.2827	4.6247	680.0821	397.9802	39.3874	657.8596	95.6895	725.9933	94.8548	735.7533	94.7449	743.2320	94.8328	
08/08/2017	02:03:35	019004	H421023166HLR	L421	S		688.8792	1.0233	14.2658	100.2001	39.9255	0.8230	0.8258	5.0000	20.4622	815.0504	94.6351	13.7213	24.1000	0.9300	0.9387	0.6941	-0.0004	815.0000	817.9848	1.0339	-2.5932	100.0588	39.9876	0.8230	0.8230	5.0000	-9999.0000	-9999.0000	-9999.0000	-9999.0000	-9999.0000	-9999.0000	21.3520	8	0	30.4731	1.0000	02	1	-9999.0000	48497	32555	-9999	2472	5309	-9999	560.7507	5	0.6885	0.6941	-0.0004	66.0920	4.1668	691.7789	396.5142	37.9814	668.8346	95.3161	737.0774	94.7669	746.8553	94.7230	754.4433	94.8767	
08/08/2017	02:04:03	019004	H421023179HLR	L421	S		682.4987	1.0233	12.2643	99.7872	39.9317	0.8230	0.8257	5.0000	20.3012	815.0974	95.1184	15.7811	24.1000	0.9300	0.9387	0.6942	-0.0005	815.0000	818.5474	1.0339	-2.6092	100.0316	39.9777	0.8230	0.8229	5.0000	-9999.0000	-9999.0000	-9999.0000	-9999.0000	-9999.0000	-9999.0000	21.2328	1	0	27.7639	1.0000	02	1	-9999.0000	48498	32556	-9999	2473	5310	-9999	559.9109	5	0.6884	0.6942	-0.0005	66.6040	4.0339	684.3918	399.2146	37.7398	662.3151	95.2062	728.9646	94.7010	738.0322	94.7669	745.4265	94.8767	
08/08/2017	02:04:30	019004	H421023175HLR	L421	S		696.5756	1.0233	16.6799	100.0560	39.9231	0.8230	0.8258	5.0000	19.9319	815.1245	94.6790	13.0523	24.1000	0.9300	0.9386	0.6940	-0.0004	815.0000	813.0464	1.0339	-2.4522	100.0495	39.9745	0.8230	0.8230	5.0000	-9999.0000	-9999.0000	-9999.0000	-9999.0000	-9999.0000	-9999.0000	21.3325	2	0	26.6427	1.0000	02	1	-9999.0000	48499	32557	-9999	2474	5311	-9999	561.0358	5	0.6884	0.6940	-0.0004	65.6681	4.0302	694.2825	399.9729	37.8936	672.2605	95.1843	738.9794	94.6790	749.0381	94.7449	757.1075	94.8548	
08/08/2017	02:04:58	019004	H421023189HLR	L421	S		699.5489	1.0233	17.6126	100.1201	39.9040	0.8230	0.8255	5.0000	21.4330	815.1135	94.6131	12.6918	24.1000	0.9300	0.9387	0.6939	-0.0004	815.0000	820.6451	1.0339	-2.6691	100.0173	39.9608	0.8230	0.8229	5.0000	-9999.0000	-9999.0000	-9999.0000	-9999.0000	-9999.0000	-9999.0000	22.3921	3	0	28.4826	1.0000	02	1	-9999.0000	48500	32558	-9999	2475	5312	-9999	561.2450	5	0.6884	0.6939	-0.0004	64.3380	4.1581	701.6174	406.6153	37.7398	678.3574	95.3600	748.6992	94.6351	759.4994	94.7230	768.1988	94.8767	
08/08/2017	02:05:27	019004	H421023195HLR	L421	S		682.9780	1.0233	12.4147	100.0451	39.9063	0.8230	0.8257	5.0000	20.5714	815.1046	95.1184	16.5517	24.1000	0.9300	0.9387	0.6940	-0.0004	815.0000	819.0830	1.0339	-2.6245	100.0439	39.9755	0.8230	0.8230	5.0000	-9999.0000	-9999.0000	-9999.0000	-9999.0000	-9999.0000	-9999.0000	21.1429	4	0	29.4135	1.0000	02	1	-9999.0000	48501	32559	-9999	2476	5313	-9999	559.7961	5	0.6882	0.6940	-0.0004	63.9592	4.2189	684.3634	398.6681	38.2890	661.7123	95.3161	728.6687	94.7889	738.4321	94.7889	745.1121	94.8987	
08/08/2017	02:05:56	019004	H421023191HLR	L421	S		686.2871	1.0233	13.4527	100.1428	39.9446	0.8230	0.8258	5.0000	20.0226	815.1301	94.7669	14.0211	24.1000	0.9300	0.9386	0.6954	-0.0006	815.0000	816.8949	1.0339	-2.5621	100.0394	39.9913	0.8230	0.8231	5.0000	-9999.0000	-9999.0000	-9999.0000	-9999.0000	-9999.0000	-9999.0000	20.4817	5	0	28.3137	1.0000	02	1	-9999.0000	48502	32560	-9999	2477	5314	-9999	560.6583	5	0.6879	0.6954	-0.0006	61.9353	4.3737	689.5088	406.7734	39.0798	667.1501	95.5138	734.9586	94.7669	744.9773	94.7230	751.9053	94.8548	
08/08/2017	02:06:25	019004	H421023214HLR	L421	S		688.4699	1.0233	14.1374	99.9011	39.9454	0.8230	0.8258	5.0000	19.9125	815.0858	94.6131	12.7016	24.1000	0.9300	0.9387	0.6986	-0.0008	815.0000	818.6678	1.0339	-2.6127	99.9642	39.9487	0.8230	0.8229	5.0000	-9999.0000	-9999.0000	-9999.0000	-9999.0000	-9999.0000	-9999.0000	23.6519	6	0	29.1430	1.0000	02	1	-9999.0000	48503	32561	-9999	2478	5314	-9999	561.6426	5	0.6879	0.6986	-0.0008	65.8011	4.0918	692.0504	397.4601	38.9480	669.3138	95.2282	739.9215	94.6351	749.7795	94.7449	757.5039	94.8767	
08/08/2017	02:07:55	019004	H421022967HLR	L421	S		0.0000	0.0000	0.0000	0.0000	0.0000	0.8230	0.0000	0.0000	0.0000	0.0000	0.0000	0.0000	0.0000	0.9300	0.0000	0.0000	0.0000	0.0000	0.0000	0.0000	0.0000	0.0000	0.0000	0.8230	0.0000	0.0000	0.0000	0.0000	0.0000	0.0000	0.0000	0.0000	0.0000	0	42	29.1430	1.0000	05	2	0.0000	0	0	0	0	0	0	0.0000	0	0.0000	0.0000	0.0000	0.0000	0.0000	0.0000	0.0000	0.0000	0.0000	0.0000	0.0000	0.0000	0.0000	0.0000	0.0000	0.0000	
08/08/2017	02:08:11	019004	H421023202HLR	L421	S		680.4688	1.0233	11.6276	100.1079	39.8658	0.8230	0.8257	5.0000	20.2121	815.0822	95.0085	14.7819	24.1000	0.9300	0.9386	0.6951	-0.0005	815.0000	815.2714	1.0339	-2.5157	100.0564	39.9659	0.8230	0.8230	5.0000	-9999.0000	-9999.0000	-9999.0000	-9999.0000	-9999.0000	-9999.0000	21.1225	7	0	106.5119	1.0000	02	1	-9999.0000	48504	32562	-9999	2479	5315	-9999	560.1259	5	0.6874	0.6951	-0.0005	70.1431	3.8556	682.6322	404.6662	37.3005	659.6423	94.8108	725.6431	94.5472	736.7599	94.7669	742.8763	94.9207	
08/08/2017	02:08:41	019004	H421023207HLR	L421	S		690.0384	1.0233	14.6294	100.3284	39.9206	0.8230	0.8257	5.0000	20.9624	815.1008	94.9207	15.5408	24.2000	0.9300	0.9387	0.7022	-0.0010	815.0000	812.6831	1.0339	-2.4419	100.0818	39.9820	0.8230	0.8231	5.0000	-9999.0000	-9999.0000	-9999.0000	-9999.0000	-9999.0000	-9999.0000	20.6214	8	0	29.6429	1.0000	02	1	-9999.0000	48505	32563	-9999	2480	5316	-9999	559.3491	5	0.6870	0.7022	-0.0010	88.1973	2.6475	677.1296	394.5083	38.7283	656.0086	95.0525	719.6045	94.7230	728.6154	94.7889	735.6882	94.8548	
08/08/2017	02:09:08	019004	H421023208HLR	L421	S		682.8440	1.0233	12.3727	100.0342	39.9487	0.8230	0.8257	5.0000	20.3422	815.0772	94.8108	14.5915	24.1000	0.9300	0.9385	0.7012	-0.0010	815.0000	815.5510	1.0339	-2.5237	99.9788	39.8461	0.8230	0.8233	5.0000	-9999.0000	-9999.0000	-9999.0000	-9999.0000	-9999.0000	-9999.0000	25.3621	1	0	27.1632	1.0000	02	1	-9999.0000	48506	32564	-9999	2481	5317	-9999	560.0188	5	0.6869	0.7012	-0.0010	90.4906	2.4947	687.7301	408.3044	38.9041	667.3506	94.9426	725.8649	94.5912	736.6868	94.7010	745.0566	94.9207	
08/08/2017	02:09:37	019004	H421023206HLR	L421	S		685.6545	1.0233	13.2542	100.0696	39.9110	0.8230	0.8257	5.0000	20.2219	815.0987	94.8767	15.1413	24.1000	0.9300	0.9385	0.6954	-0.0006	815.0000	813.0299	1.0339	-2.4518	99.9941	40.0512	0.8230	0.8232	5.0000	-9999.0000	-9999.0000	-9999.0000	-9999.0000	-9999.0000	-9999.0000	23.8630	2	0	28.9534	1.0000	02	1	-9999.0000	48506	32565	-9999	2482	5318	-9999	559.4796	5	0.6867	0.6954	-0.0006	103.7907	1.6461	689.8158	413.8947	38.9919	669.4002	95.0305	725.3835	94.6351	733.8398	94.7449	742.5026	94.8767	
08/08/2017	02:10:06	019004	H421023209HLR	L421	S		691.1277	1.0233	14.9711	100.0275	39.8926	0.8230	0.8258	5.0000	20.1624	815.0859	94.6571	12.0609	24.1000	0.9300	0.9385	0.6954	-0.0006	815.0000	815.2582	1.0339	-2.5154	100.0641	40.0441	0.8230	0.8230	5.0000	-9999.0000	-9999.0000	-9999.0000	-9999.0000	-9999.0000	-9999.0000	20.7816	3	0	28.4436	1.0000	02	1	-9999.0000	48507	32566	-9999	2483	5319	-9999	560.9920	5	0.6866	0.6954	-0.0006	99.0939	1.9802	702.7925	416.5667	39.6729	681.7601	94.8328	741.0278	94.5472	752.1850	94.7230	760.8890	94.8767	
08/08/2017	02:10:33	019004	H421022951HLR	L421	S		690.0235	1.0233	14.6247	100.0152	39.9399	0.8230	0.8257	5.0000	20.8928	815.1063	95.1623	15.7117	24.1000	0.9300	0.9386	0.6935	-0.0005	815.0000	817.0607	1.0339	-2.5668	99.9755	39.8461	0.8230	0.8228	5.0000	-9999.0000	-9999.0000	-9999.0000	-9999.0000	-9999.0000	-9999.0000	24.5927	4	0	27.2628	1.0000	05	2	-9999.0000	48508	32567	-9999	2484	5319	-9999	559.3596	5	0.6866	0.6935	-0.0005	104.8839	1.5881	682.8379	381.8996	36.2241	659.9764	95.0085	727.7773	94.7889	738.1429	94.8108	745.3517	94.8548	
08/08/2017	02:11:00	019004	H421022981HLR	L421	S		0.0000	0.0000	0.0000	0.0000	0.0000	0.8230	0.0000	0.0000	0.0000	0.0000	0.0000	0.0000	0.0000	0.9300	0.0000	0.0000	0.0000	0.0000	0.0000	0.0000	0.0000	0.0000	0.0000	0.8230	0.0000	0.0000	0.0000	0.0000	0.0000	0.0000	0.0000	0.0000	0.0000	0	42	27.2628	1.0000	05	2	0.0000	0	0	0	0	0	0	0.0000	0	0.0000	0.0000	0.0000	0.0000	0.0000	0.0000	0.0000	0.0000	0.0000	0.0000	0.0000	0.0000	0.0000	0.0000	0.0000	0.0000	
08/08/2017	02:11:16	019004	H421022946HLR	L421	S		699.5193	1.0233	17.6033	100.2785	39.8461	0.8230	0.8262	5.0000	19.8821	815.0947	94.7669	11.7914	24.1000	0.9300	0.9385	0.6895	-0.0002	815.0000	814.1854	1.0339	-2.4847	100.0595	39.8860	0.8230	0.8231	5.0000	-9999.0000	-9999.0000	-9999.0000	-9999.0000	-9999.0000	-9999.0000	21.1722	5	0	42.8847	1.0000	05	2	-9999.0000	48509	32568	-9999	2485	5320	-9999	560.0880	5	0.6864	0.6895	-0.0002	105.9631	1.5404	702.4117	401.8779	37.1906	679.5094	95.3380	747.7834	94.7230	757.1609	94.7230	765.1864	94.8548	
08/08/2017	02:11:43	019004	H421022965HLR	L421	S		693.0259	1.0233	15.5665	100.0765	39.9714	0.8230	0.8260	5.0000	19.9018	815.0958	95.1403	15.0613	24.1000	0.9300	0.9386	0.6899	-0.0002	815.0000	816.7450	1.0339	-2.5578	100.0820	40.0302	0.8230	0.8231	5.0000	-9999.0000	-9999.0000	-9999.0000	-9999.0000	-9999.0000	-9999.0000	21.0726	6	0	27.7532	1.0000	05	2	-9999.0000	48510	32569	-9999	2485	5321	-9999	559.5874	5	0.6865	0.6899	-0.0002	103.4201	1.7134	687.8704	398.6268	38.4867	665.8183	94.8548	731.1431	94.5253	741.8819	94.7010	750.5015	94.9207	
08/08/2017	02:12:10	019004	H421022963HLR	L421	S		695.7888	1.0233	16.4331	100.2059	39.8942	0.8230	0.8257	5.0000	20.1516	815.1002	94.7669	14.7224	24.1000	0.9300	0.9385	0.6909	-0.0003	815.0000	813.2060	1.0339	-2.4568	100.0227	39.8531	0.8230	0.8228	5.0000	-9999.0000	-9999.0000	-9999.0000	-9999.0000	-9999.0000	-9999.0000	22.8931	7	0	26.4827	1.0000	05	2	-9999.0000	48511	32570	-9999	2486	5322	-9999	559.8041	5	0.6867	0.6909	-0.0003	97.1201	2.2000	685.4776	402.5067	37.1247	664.6704	95.3380	730.4832	94.7449	739.7428	94.7449	747.0947	94.8548	
08/08/2017	02:12:37	019004	H421022974HLR	L421	S		708.3849	1.0233	20.3842	100.0304	39.8263	0.8230	0.8257	5.0000	20.2414	815.1204	94.6131	13.4214	24.0000	0.9300	0.9385	0.6925	-0.0004	815.0000	815.8273	1.0339	-2.5316	100.0533	39.8533	0.8230	0.8231	5.0000	-9999.0000	-9999.0000	-9999.0000	-9999.0000	-9999.0000	-9999.0000	21.3725	8	0	26.8837	1.0000	05	2	-9999.0000	48512	32571	-9999	2487	5323	-9999	560.0860	5	0.6866	0.6925	-0.0004	96.5798	2.2529	694.4005	395.0150	37.6959	671.4527	95.2721	741.6980	94.7449	751.4332	94.7230	760.2521	94.8328	
08/08/2017	02:13:01	019004	H421023017HLR	L421	S		698.0468	1.0233	17.1414	100.2198	39.9483	0.8230	0.8259	5.0000	20.1320	815.1212	95.0305	15.3719	24.0000	0.9300	0.9385	0.6934	-0.0005	815.0000	814.5701	1.0339	-2.4957	100.0124	40.0512	0.8230	0.8231	5.0000	-9999.0000	-9999.0000	-9999.0000	-9999.0000	-9999.0000	-9999.0000	23.3122	1	0	24.5721	1.0000	05	2	-9999.0000	48513	32572	-9999	2488	5324	-9999	559.3328	5	0.6866	0.6934	-0.0005	82.3897	3.2375	684.1568	400.0400	37.7398	662.3531	95.2721	727.2288	94.7230	737.5564	94.7449	745.3947	94.8987	
08/08/2017	02:13:30	019004	H421022984HLR	L421	S		698.2778	1.0233	17.2139	99.8775	39.9243	0.8230	0.8257	5.0000	20.1224	815.1011	94.7010	13.8814	24.1000	0.9300	0.9384	0.6949	-0.0006	815.0000	816.5909	1.0339	-2.5534	100.0572	40.0263	0.8230	0.8230	5.0000	-9999.0000	-9999.0000	-9999.0000	-9999.0000	-9999.0000	-9999.0000	20.6821	2	0	28.3235	1.0000	05	2	-9999.0000	48514	32573	-9999	2489	5325	-9999	559.6845	5	0.6864	0.6949	-0.0006	87.7874	2.7725	688.3650	393.1571	37.5641	666.5628	95.2721	732.4608	94.7449	743.2866	94.7449	751.5893	94.8548	
08/08/2017	02:13:55	019004	H421022980HLR	L421	S		697.0578	1.0233	16.8312	99.9408	39.8330	0.8230	0.8259	5.0000	20.0530	815.1220	94.5692	12.8012	24.0000	0.9300	0.9384	0.6947	-0.0006	815.0000	813.8057	1.0339	-2.4739	100.0644	39.8979	0.8230	0.8229	5.0000	-9999.0000	-9999.0000	-9999.0000	-9999.0000	-9999.0000	-9999.0000	20.7523	3	0	25.5028	1.0000	05	2	-9999.0000	48515	32574	-9999	2490	5326	-9999	560.4368	5	0.6866	0.6947	-0.0006	88.1474	2.6764	691.9989	392.3820	38.9480	669.9236	95.2941	735.4213	94.7010	745.6611	94.7230	753.9692	94.8548	
08/08/2017	02:14:20	019004	H421022989HLR	L421	S		704.2984	1.0233	19.1024	99.9699	39.7892	0.8230	0.8255	5.0000	21.6830	815.1042	94.5912	12.8511	24.0000	0.9300	0.9384	0.6930	-0.0004	815.0000	813.9340	1.0339	-2.4776	100.0546	39.9552	0.8230	0.8233	5.0000	-9999.0000	-9999.0000	-9999.0000	-9999.0000	-9999.0000	-9999.0000	21.2122	4	0	24.9726	1.0000	05	2	-9999.0000	48516	32575	-9999	2491	5327	-9999	560.3091	5	0.6867	0.6930	-0.0004	86.7655	2.6794	697.5311	399.9692	38.2231	675.4262	95.0085	738.2378	94.6790	748.4228	94.7449	757.5332	94.8767	
08/08/2017	02:14:49	019004	H421022994HLR	L421	S		-0.2845	1.0233	-0.0069	100.2008	39.4729	0.8230	0.8265	5.0000	19.9426	0.0000	0.0000	0.0000	0.0000	0.9300	0.0000	0.0000	0.0000	0.0000	0.1386	1.0339	0.0000	100.0652	39.0405	0.8230	0.8236	5.0000	-9999.0000	-9999.0000	-9999.0000	-9999.0000	-9999.0000	-9999.0000	18.9328	5	18	29.2132	1.0000	05	2	-9999.0000	48517	0	-9999	2492	5328	-9999	0.0000	0	0.0000	0.0000	0.0000	0.0000	0.0000	0.0000	0.0000	0.0000	0.0000	0.0000	0.0000	0.0000	0.0000	0.0000	0.0000	0.0000	
08/08/2017	02:15:18	019004	H421022993HLR	L421	S		696.2091	1.0233	16.5650	99.9769	39.9487	0.8230	0.8261	5.0000	21.2123	815.0795	95.0305	14.4108	24.0000	0.9300	0.9384	0.6929	-0.0004	815.0000	816.2473	1.0339	-2.5436	100.0759	40.1692	0.8230	0.8245	5.0000	-9999.0000	-9999.0000	-9999.0000	-9999.0000	-9999.0000	-9999.0000	20.7025	6	0	28.7435	1.0000	05	2	-9999.0000	48517	32576	-9999	2493	5329	-9999	559.6880	5	0.6866	0.6929	-0.0004	93.7616	2.1270	693.3897	387.3326	38.0913	672.0365	95.2941	736.3315	94.8108	747.7340	94.7669	754.9235	94.8548	
