Data	Timp	Nr. masina	Nr. de serie	Tip	Productie	Comentariu	Pre-masurare Q [ml/min]	Pre-masurare Gain	Pre-masurare Offset Master	Pre-masurare P [bar]	Pre-masurare T [°C]	Pre-masurare Densitate fixa [kg/l]	Pre-masurare densitate masurata [kg/l]	Pre-masurare Timp masurare [s]	Pre-masurare Cycle time [s]	rectificare Q Oprire [ml/min]	rectificare P Oprire [bar]	rectificare Timp rectificare [s]	rectificare T [°C]	rectificare Densitate fixa [kg/l]	rectificare densitate masurata [kg/l]	rectificare Factor de masurare la rectificare	rectificare Factor de corectie a debitului	rectificare Target rectificare	Masurare Q [ml/min]	Masurare Gain	Masurare Offset Master	Masurare P [bar]	Masurare T [°C]	Masurare Densitate fixa [kg/l]	Masurare densitate masurata [kg/l]	Masurare Timp masurare [s]	Masurare Q [ml/min]	Masurare Delta Q [ml/min]	Masurare P [bar]	Masurare BP [bar]	Masurare T [°C]	Masurare Timp masurare [s]	Masurare Cycle time [s]	Nest Nr.	Cod de descarcare	Cycle time [s]	Traceability aktiv	EDM Maschine Nr	EDM Spindle Nr	Honing Rate [r	Station Counter Premeasure	Station Counter Grind	Station Counter Blowout 1	Station Counter Wash	Station Counter Measure	Station Counter Blowout 2	RealGrindQStop	Reg Type	Factor 0	Factor 1	Factor 2	Factor 3	Factor 4	G_StartQV	G_StartQV_1	G_StartQV_2	G_StartQV_3	G_StartQV_4	G_StartQV_5	
22/08/2017	00:08:43	019004	G523088373HLR	L523	S		441.2353	1.0233	10.0000	100.0354	39.4357	0.8230	0.8275	5.0000	19.9816	508.0496	95.1623	11.9418	23.8000	0.9300	0.9295	0.6546	-0.0010	508.0000	506.4460	1.0339	7.9571	100.0839	39.4359	0.8230	0.8247	5.0000	-9999.0000	-9999.0000	-9999.0000	-9999.0000	-9999.0000	-9999.0000	21.0120	2	0	23.5329	1.0000	99	9	-9999.0000	21534	58628	-9999	1991	1942	-9999	326.4812	5	0.6451	0.6546	-0.0010	35.3643	2.7281	465.6728	309.3082	32.9729	434.7076	91.1203	465.1416	90.9885	472.3242	94.0859	481.1370	94.9426	
22/08/2017	00:09:55	019004	G523088378HLR	L523	S		444.9873	1.0233	10.0000	99.9678	39.6754	0.8230	0.8276	5.0000	20.1017	508.0780	94.9866	9.2706	23.7000	0.9300	0.9293	0.6546	-0.0010	508.0000	506.7861	1.0339	7.9834	100.1126	39.1443	0.8230	0.8241	5.0000	-9999.0000	-9999.0000	-9999.0000	-9999.0000	-9999.0000	-9999.0000	20.7132	5	0	24.3727	1.0000	99	9	-9999.0000	21535	58629	-9999	1992	1943	-9999	327.8834	5	0.6451	0.6546	-0.0010	35.3643	2.7281	476.8163	323.0076	37.1028	444.3510	92.6580	476.1657	92.5043	482.8579	94.3276	490.9181	94.9866	
22/08/2017	00:10:54	019004	G523088388HLR	L523	S		440.9398	1.0233	10.0000	100.0431	39.4727	0.8230	0.8279	5.0000	20.0919	508.0409	95.2282	12.6010	23.7000	0.9300	0.9294	0.6549	-0.0010	508.0000	507.0795	1.0339	7.9919	100.0129	39.8158	0.8230	0.8244	5.0000	-9999.0000	-9999.0000	-9999.0000	-9999.0000	-9999.0000	-9999.0000	21.5024	7	0	28.5629	1.0000	99	9	-9999.0000	21536	58630	-9999	1993	1944	-9999	326.1066	5	0.6451	0.6549	-0.0010	37.4246	2.5042	466.8404	311.6865	34.9719	431.9929	93.4708	465.9967	93.2072	472.1385	94.1957	477.7327	94.6790	
22/08/2017	00:11:21	019004	G523088390HLR	L523	S		444.0242	1.0233	10.0000	100.0204	39.6410	0.8230	0.8281	5.0000	19.9826	508.0434	94.9207	9.1114	23.6000	0.9300	0.9294	0.6549	-0.0010	508.0000	507.1484	1.0339	7.9849	99.9697	39.1593	0.8230	0.8238	5.0000	-9999.0000	-9999.0000	-9999.0000	-9999.0000	-9999.0000	-9999.0000	25.2635	8	0	26.9227	1.0000	99	9	-9999.0000	21537	58631	-9999	1993	1944	-9999	327.9448	5	0.6451	0.6549	-0.0010	37.4246	2.5042	480.2933	330.0202	36.2021	445.3381	94.8548	479.3860	93.9761	485.7834	94.5253	491.0263	94.8767	
22/08/2017	00:11:48	019004	G523088391HLR	L523	S		444.1645	1.0233	10.0000	100.0178	39.8189	0.8230	0.8280	5.0000	20.0724	508.0736	95.1184	12.1215	23.6000	0.9300	0.9293	0.6551	-0.0011	508.0000	507.6734	1.0339	7.9313	100.0052	39.7372	0.8230	0.8253	5.0000	-9999.0000	-9999.0000	-9999.0000	-9999.0000	-9999.0000	-9999.0000	20.8020	1	0	27.2336	1.0000	99	9	-9999.0000	21538	58632	-9999	1994	1945	-9999	326.3615	5	0.6451	0.6551	-0.0011	37.3925	2.5115	470.0069	315.5434	37.7618	440.1823	95.1403	469.3358	94.2177	474.6672	94.3715	480.3654	94.6571	
22/08/2017	00:12:12	019004	G523088982HLR	L523	S		427.8059	1.0233	10.0000	100.0373	39.6911	0.8230	0.8273	5.0000	21.1323	508.0747	95.2062	14.9616	23.6000	0.9300	0.9294	0.6551	-0.0011	508.0000	504.8711	1.0339	7.8353	100.0285	40.0621	0.8230	0.8246	5.0000	-9999.0000	-9999.0000	-9999.0000	-9999.0000	-9999.0000	-9999.0000	20.9418	2	0	24.4724	1.0000	99	9	-9999.0000	21539	58633	-9999	1995	1946	-9999	324.8407	5	0.6451	0.6551	-0.0011	37.3925	2.5115	460.8919	279.1940	36.0044	431.1631	95.6236	460.2337	94.6790	465.3137	94.7010	470.0614	94.8108	
22/08/2017	00:12:36	019004	G523088972HLR	L523	S		433.1771	1.0233	10.0000	100.0227	39.5182	0.8230	0.8273	5.0000	20.1229	508.0673	95.0525	15.0720	23.6000	0.9300	0.9293	0.6543	-0.0010	508.0000	504.9789	1.0339	7.8436	100.0468	39.4623	0.8230	0.8237	5.0000	-9999.0000	-9999.0000	-9999.0000	-9999.0000	-9999.0000	-9999.0000	21.0137	3	0	23.5524	1.0000	99	9	-9999.0000	21540	58634	-9999	1996	1947	-9999	325.0545	5	0.6451	0.6543	-0.0010	39.6403	2.2717	460.7581	319.7063	36.9710	434.8671	95.7554	460.2431	94.8987	465.5350	94.7669	470.2277	94.8328	
22/08/2017	00:13:00	019004	G523088960HLR	L523	S		433.4118	1.0233	10.0000	100.0216	39.6486	0.8230	0.8279	5.0000	20.0921	508.0742	95.0525	15.1121	23.5000	0.9300	0.9293	0.6552	-0.0011	508.0000	504.7826	1.0339	7.8284	99.9880	39.4281	0.8230	0.8246	5.0000	-9999.0000	-9999.0000	-9999.0000	-9999.0000	-9999.0000	-9999.0000	20.2620	4	0	24.3934	1.0000	99	9	-9999.0000	21541	58635	-9999	1997	1948	-9999	324.7102	5	0.6451	0.6552	-0.0011	40.1778	2.2258	461.6694	316.8304	37.4982	433.8677	96.0630	460.9540	95.2062	466.2877	94.8548	469.7919	94.8108	
22/08/2017	00:13:24	019004	G523088382HLR	L523	S		428.2003	1.0233	10.0000	100.0011	39.7982	0.8230	0.8277	5.0000	19.9720	508.0484	95.0085	15.5115	23.5000	0.9300	0.9293	0.6540	-0.0009	508.0000	505.7183	1.0339	7.9008	100.0406	39.9487	0.8230	0.8251	5.0000	-9999.0000	-9999.0000	-9999.0000	-9999.0000	-9999.0000	-9999.0000	20.7825	5	0	23.3023	1.0000	99	9	-9999.0000	21542	58636	-9999	1998	1949	-9999	324.9527	5	0.6451	0.6540	-0.0009	42.0517	2.0273	461.1851	279.7835	36.5096	434.6064	96.1508	460.5301	95.2282	465.3923	94.8767	469.5035	94.7889	
22/08/2017	00:20:03	019004	G523088966HLR	L523	S		441.7347	1.0233	10.0000	100.0016	39.6007	0.8230	0.8276	5.0000	19.9923	508.0560	95.0525	9.7706	23.6000	0.9300	0.9291	0.6511	-0.0006	508.0000	506.8975	1.0339	7.9921	100.0504	39.4920	0.8230	0.8237	5.0000	-9999.0000	-9999.0000	-9999.0000	-9999.0000	-9999.0000	-9999.0000	20.8130	7	0	24.5828	1.0000	99	9	-9999.0000	21544	58637	-9999	2000	1950	-9999	327.7855	5	0.6450	0.6511	-0.0006	40.8250	2.1493	437.4115	297.4721	38.0693	408.0573	95.8653	436.8256	95.1184	442.5581	94.8767	447.6028	94.7889	
22/08/2017	00:20:28	019004	G523088992HLR	L523	S		442.5068	1.0233	10.0000	99.9971	39.6606	0.8230	0.8278	5.0000	20.0218	508.0790	95.2502	11.4915	23.6000	0.9300	0.9294	0.6502	-0.0005	508.0000	508.1887	1.0339	7.8787	99.9853	40.1583	0.8230	0.8296	5.0000	-9999.0000	-9999.0000	-9999.0000	-9999.0000	-9999.0000	-9999.0000	20.0521	8	0	25.3828	1.0000	99	9	-9999.0000	21545	58638	-9999	2001	1951	-9999	327.3686	5	0.6449	0.6502	-0.0005	42.1451	2.0059	475.9839	315.5326	35.7408	446.8667	95.6236	475.3025	94.6131	480.1934	94.5033	484.5044	94.6351	
22/08/2017	00:20:52	019004	G523088993HLR	L523	S		441.5505	1.0233	10.0000	99.9951	39.7892	0.8230	0.8279	5.0000	20.0120	508.0489	94.9866	9.5011	23.5000	0.9300	0.9292	0.6500	-0.0005	508.0000	508.0288	1.0339	7.8950	99.9177	40.8728	0.8230	0.8260	5.0000	-9999.0000	-9999.0000	-9999.0000	-9999.0000	-9999.0000	-9999.0000	21.9125	1	0	24.4529	1.0000	99	9	-9999.0000	21546	58639	-9999	2002	1952	-9999	327.8842	5	0.6449	0.6500	-0.0005	40.3520	2.2000	482.4174	304.5646	37.5421	450.5810	95.7774	481.7272	94.9426	487.0036	94.7889	491.8786	94.7889	
22/08/2017	00:21:19	019004	G523088974HLR	L523	S		443.2458	1.0233	10.0000	100.0076	39.7939	0.8230	0.8276	5.0000	20.0521	508.0533	95.2062	9.9005	23.5000	0.9300	0.9293	0.6500	-0.0005	508.0000	508.3562	1.0339	7.8616	100.0659	40.0752	0.8230	0.8246	5.0000	-9999.0000	-9999.0000	-9999.0000	-9999.0000	-9999.0000	-9999.0000	20.2923	2	0	26.9434	1.0000	99	9	-9999.0000	21547	58640	-9999	2003	1953	-9999	327.8038	5	0.6449	0.6500	-0.0005	40.3520	2.2000	480.9182	305.1662	35.6090	452.5140	95.6895	480.1220	94.7230	486.2858	94.5692	490.7676	94.6571	
22/08/2017	00:21:43	019004	G523088969HLR	L523	S		444.3699	1.0233	10.0000	100.0053	39.6717	0.8230	0.8274	5.0000	20.0931	508.0641	95.1623	12.8618	23.3000	0.9300	0.9289	0.6502	-0.0005	508.0000	510.3548	1.0339	7.6577	99.9571	39.2498	0.8230	0.8237	5.0000	-9999.0000	-9999.0000	-9999.0000	-9999.0000	-9999.0000	-9999.0000	23.4122	3	0	24.0720	1.0000	99	9	-9999.0000	21548	58641	-9999	2004	1953	-9999	327.0700	5	0.6449	0.6502	-0.0005	40.5723	2.1895	469.8270	259.4011	34.0713	440.0672	94.8108	469.1103	94.2397	475.2461	94.6571	480.3113	94.7230	
22/08/2017	00:23:53	019004	G523088967HLR	L523	S		440.3710	1.0233	10.0000	99.9935	39.0735	0.8230	0.8331	5.0000	19.9523	508.0489	95.0085	12.2309	23.1000	0.9300	0.9288	0.6502	-0.0005	508.0000	510.1659	1.0339	7.6769	100.0344	39.4359	0.8230	0.8252	5.0000	-9999.0000	-9999.0000	-9999.0000	-9999.0000	-9999.0000	-9999.0000	20.7425	4	0	129.1854	1.0000	99	9	-9999.0000	21549	58642	-9999	2005	1954	-9999	327.2075	5	0.6449	0.6502	-0.0005	40.7720	2.1739	475.4123	322.7508	36.0703	444.6162	95.9312	474.7874	94.9866	479.3579	94.8767	483.6595	94.8108	
22/08/2017	00:24:17	019004	G523089003HLR	L523	S		443.1226	1.0233	10.0000	100.0144	41.2820	0.8230	0.8321	5.0000	20.0120	508.0430	94.9646	12.5317	23.2000	0.9300	0.9290	0.6502	-0.0005	508.0000	509.7798	1.0339	7.7163	99.9180	40.0512	0.8230	0.8258	5.0000	-9999.0000	-9999.0000	-9999.0000	-9999.0000	-9999.0000	-9999.0000	19.8627	5	0	24.1217	1.0000	99	9	-9999.0000	21550	58643	-9999	2006	1955	-9999	327.1704	5	0.6450	0.6502	-0.0005	41.1274	2.1615	473.6241	317.9292	38.4428	443.8395	95.8872	472.8592	95.0525	477.9327	94.8987	481.9905	94.8108	
22/08/2017	00:24:41	019004	G523088394HLR	L523	S		338.9969	1.0233	8.1962	100.0180	41.0832	0.8230	0.8283	5.0000	21.0923	0.0000	0.0000	0.0000	0.0000	0.9300	0.0000	0.0000	0.0000	0.0000	341.0712	1.0339	0.0000	99.9982	39.5094	0.8230	0.8245	5.0000	-9999.0000	-9999.0000	-9999.0000	-9999.0000	-9999.0000	-9999.0000	20.6018	6	7	23.9431	1.0000	99	9	-9999.0000	21551	0	-9999	2007	1956	-9999	0.0000	0	0.0000	0.0000	0.0000	0.0000	0.0000	0.0000	0.0000	0.0000	0.0000	0.0000	0.0000	0.0000	0.0000	0.0000	0.0000	0.0000	
22/08/2017	00:25:05	019004	G523089001HLR	L523	S		442.9854	1.0233	10.0000	99.9891	40.5389	0.8230	0.8270	5.0000	19.9119	508.0669	94.9426	12.1713	23.7000	0.9300	0.9300	0.6505	-0.0005	508.0000	508.6174	1.0339	7.8350	100.0284	39.3333	0.8230	0.8249	5.0000	-9999.0000	-9999.0000	-9999.0000	-9999.0000	-9999.0000	-9999.0000	20.3323	7	0	23.9724	1.0000	99	9	-9999.0000	21552	58644	-9999	2008	1957	-9999	327.2452	5	0.6449	0.6505	-0.0005	41.8492	2.0906	474.0620	296.6864	36.7073	445.5959	95.7774	473.2768	95.1403	479.0652	94.9646	483.2185	94.8108	
22/08/2017	00:25:28	019004	G523089000HLR	L523	S		444.1986	1.0233	10.0000	100.0646	39.7931	0.8230	0.8264	5.0000	20.0921	508.0342	94.7669	8.5215	23.7000	0.9300	0.9302	0.6508	-0.0006	508.0000	506.2280	1.0339	7.9403	100.0494	39.9487	0.8230	0.8257	5.0000	-9999.0000	-9999.0000	-9999.0000	-9999.0000	-9999.0000	-9999.0000	20.4924	8	0	23.7528	1.0000	99	9	-9999.0000	21553	58645	-9999	2008	1958	-9999	328.2136	5	0.6447	0.6508	-0.0006	41.9558	2.0996	485.1913	316.0328	36.9050	454.6365	95.8653	484.4813	95.0305	489.9524	94.9207	495.3379	94.8108	
22/08/2017	00:25:52	019004	G523089226HLR	L523	S		440.4482	1.0233	10.0000	100.0223	39.2766	0.8230	0.8267	5.0000	20.1526	508.0339	95.0744	10.1105	24.2000	0.9300	0.9302	0.6509	-0.0006	508.0000	506.8487	1.0339	7.9883	100.0385	40.0572	0.8230	0.8247	5.0000	-9999.0000	-9999.0000	-9999.0000	-9999.0000	-9999.0000	-9999.0000	20.4417	1	0	23.9431	1.0000	99	9	-9999.0000	21554	58646	-9999	2009	1959	-9999	327.7146	5	0.6446	0.6509	-0.0006	42.5871	2.0386	479.1792	272.5435	37.0588	447.7738	95.3380	478.5116	94.6571	483.4599	94.5692	488.4429	94.7010	
22/08/2017	00:26:16	019004	G523088984HLR	L523	S		445.3176	1.0233	10.0000	100.0227	39.4418	0.8230	0.8283	5.0000	20.0022	508.0787	94.8548	8.9111	24.0000	0.9300	0.9300	0.6509	-0.0006	508.0000	505.9423	1.0339	7.9182	100.0322	39.5638	0.8230	0.8241	5.0000	-9999.0000	-9999.0000	-9999.0000	-9999.0000	-9999.0000	-9999.0000	20.5824	2	0	23.9528	1.0000	99	9	-9999.0000	21555	58647	-9999	2010	1960	-9999	328.1220	5	0.6446	0.6509	-0.0006	42.5871	2.0386	484.9732	307.0567	36.6414	453.7523	95.7554	484.1166	95.0744	489.4031	94.7669	493.6376	94.6790	
22/08/2017	00:26:40	019004	G523088976HLR	L523	S		443.7396	1.0233	10.0000	100.1013	39.8461	0.8230	0.8287	5.0000	19.9525	508.0694	95.2062	11.6117	24.0000	0.9300	0.9299	0.6507	-0.0006	508.0000	507.3762	1.0339	7.9616	99.9859	39.4551	0.8230	0.8247	5.0000	-9999.0000	-9999.0000	-9999.0000	-9999.0000	-9999.0000	-9999.0000	20.1525	3	0	24.0222	1.0000	99	9	-9999.0000	21556	58648	-9999	2011	1960	-9999	327.2896	5	0.6445	0.6507	-0.0006	43.0572	1.9902	476.4072	308.8629	37.8936	446.5115	95.7554	475.7836	95.0744	480.3911	94.7669	484.4153	94.6351	
22/08/2017	00:27:05	019004	G523088975HLR	L523	S		443.9141	1.0233	10.0000	100.0126	39.9896	0.8230	0.8281	5.0000	20.0022	508.0840	94.8767	8.8311	24.1000	0.9300	0.9300	0.6510	-0.0006	508.0000	505.9962	1.0339	7.9223	100.0267	39.9036	0.8230	0.8253	5.0000	-9999.0000	-9999.0000	-9999.0000	-9999.0000	-9999.0000	-9999.0000	20.4124	4	0	24.2430	1.0000	99	9	-9999.0000	21557	58649	-9999	2012	1961	-9999	328.1475	5	0.6445	0.6510	-0.0006	43.9196	1.9285	485.2446	307.7505	37.7398	453.4872	96.0630	484.3176	95.3161	490.0332	94.9866	494.2895	94.7669	
22/08/2017	00:27:29	019004	G523089223HLR	L523	S		442.2287	1.0233	10.0000	99.9705	39.6813	0.8230	0.8272	5.0000	20.0616	508.0619	95.0964	10.1007	24.1000	0.9300	0.9298	0.6512	-0.0006	508.0000	504.8881	1.0339	7.8366	100.0896	39.9517	0.8230	0.8245	5.0000	-9999.0000	-9999.0000	-9999.0000	-9999.0000	-9999.0000	-9999.0000	20.9416	5	0	24.4930	1.0000	99	9	-9999.0000	21558	58650	-9999	2013	1962	-9999	327.7823	5	0.6445	0.6512	-0.0006	44.6384	1.8772	479.5820	298.5762	38.2451	450.2517	95.9312	478.9229	95.1184	484.2337	94.7010	488.4312	94.6131	
22/08/2017	00:27:53	019004	G523089225HLR	L523	S		439.4081	1.0233	10.0000	99.9673	39.4330	0.8230	0.8274	5.0000	20.0119	508.0525	95.0964	12.2709	24.1000	0.9300	0.9299	0.6516	-0.0006	508.0000	507.4448	1.0339	7.9546	100.0876	39.5517	0.8230	0.8240	5.0000	-9999.0000	-9999.0000	-9999.0000	-9999.0000	-9999.0000	-9999.0000	21.0130	6	0	23.7018	1.0000	99	9	-9999.0000	21559	58651	-9999	2014	1963	-9999	327.1050	5	0.6446	0.6516	-0.0006	45.3481	1.8174	474.2702	312.9417	35.8726	446.3759	96.0410	473.5039	95.3600	479.1011	94.8987	482.2228	94.6351	
22/08/2017	00:28:17	019004	G523088985HLR	L523	S		440.4502	1.0233	10.0000	100.0874	39.6410	0.8230	0.8282	5.0000	20.0023	508.0595	94.9426	11.6517	24.1000	0.9300	0.9298	0.6516	-0.0006	508.0000	506.9544	1.0339	7.9965	100.0960	39.5871	0.8230	0.8248	5.0000	-9999.0000	-9999.0000	-9999.0000	-9999.0000	-9999.0000	-9999.0000	20.4124	7	0	23.8728	1.0000	99	9	-9999.0000	21560	58652	-9999	2015	1964	-9999	327.3494	5	0.6446	0.6516	-0.0006	45.4217	1.8045	475.9197	309.4601	36.4657	448.4118	96.3266	475.3200	95.4918	480.7158	95.0085	484.9741	94.7889	
22/08/2017	00:28:40	019004	G523088994HLR	L523	S		442.4471	1.0233	10.0000	100.0204	39.9520	0.8230	0.8283	5.0000	20.0217	508.0469	94.8767	9.1709	24.0000	0.9300	0.9296	0.6521	-0.0007	508.0000	506.4856	1.0339	7.9602	99.9965	39.9522	0.8230	0.8251	5.0000	-9999.0000	-9999.0000	-9999.0000	-9999.0000	-9999.0000	-9999.0000	20.4221	8	0	23.3229	1.0000	99	9	-9999.0000	21561	58653	-9999	2016	1964	-9999	328.1952	5	0.6447	0.6521	-0.0007	47.7426	1.5978	483.1311	311.3438	38.0693	455.0204	96.1289	482.5446	95.3820	488.0806	94.9646	492.4535	94.7669	
22/08/2017	00:29:04	019004	G523089004HLR	L523	S		441.1096	1.0233	10.0000	100.0146	39.8819	0.8230	0.8274	5.0000	20.8422	508.0385	95.1403	12.3822	24.1000	0.9300	0.9296	0.6526	-0.0007	508.0000	507.1299	1.0339	7.9867	100.0261	39.9550	0.8230	0.8245	5.0000	-9999.0000	-9999.0000	-9999.0000	-9999.0000	-9999.0000	-9999.0000	19.9924	1	0	23.5330	1.0000	99	9	-9999.0000	21562	58654	-9999	2017	1965	-9999	327.1311	5	0.6448	0.6526	-0.0007	48.5551	1.5277	473.6446	314.6501	35.8067	445.1389	96.1289	473.0139	95.2502	477.6305	94.7669	481.6038	94.5912	
22/08/2017	00:29:27	019004	G523088988HLR	L523	S		444.7434	1.0233	10.0000	99.9954	39.5826	0.8230	0.8272	5.0000	20.0022	508.0712	94.8987	8.9317	24.1000	0.9300	0.9296	0.6527	-0.0007	508.0000	506.7306	1.0339	7.9792	99.9943	39.5957	0.8230	0.8241	5.0000	-9999.0000	-9999.0000	-9999.0000	-9999.0000	-9999.0000	-9999.0000	20.1222	2	0	23.6626	1.0000	99	9	-9999.0000	21563	58655	-9999	2018	1966	-9999	328.4566	5	0.6448	0.6527	-0.0007	48.1778	1.5753	483.9545	311.1203	38.3110	454.8632	96.0190	483.1263	95.3380	488.7177	94.9866	494.0776	94.8108	
22/08/2017	00:29:51	019004	G523088989HLR	L523	S		442.0909	1.0233	10.0000	99.9215	39.5505	0.8230	0.8277	5.0000	19.9622	508.0435	95.1184	12.0717	24.1000	0.9300	0.9296	0.6527	-0.0007	508.0000	506.5362	1.0339	7.9641	100.0278	39.6410	0.8230	0.8248	5.0000	-9999.0000	-9999.0000	-9999.0000	-9999.0000	-9999.0000	-9999.0000	20.3529	3	0	23.4323	1.0000	99	9	-9999.0000	21564	58656	-9999	2019	1967	-9999	327.3455	5	0.6449	0.6527	-0.0007	48.2504	1.5577	474.5857	304.3503	37.2346	446.4947	96.0410	473.9654	95.2062	478.4561	94.7010	482.2821	94.6131	
22/08/2017	00:30:15	019004	G523088998HLR	L523	S		442.9920	1.0233	10.0000	100.0507	39.8461	0.8230	0.8283	5.0000	19.9220	508.0642	94.8548	8.9405	24.1000	0.9300	0.9296	0.6534	-0.0008	508.0000	506.0179	1.0339	7.9240	100.0648	40.0273	0.8230	0.8251	5.0000	-9999.0000	-9999.0000	-9999.0000	-9999.0000	-9999.0000	-9999.0000	19.8918	4	0	23.9529	1.0000	99	9	-9999.0000	21565	58657	-9999	2020	1968	-9999	328.6002	5	0.6449	0.6534	-0.0008	48.4733	1.5418	484.3474	311.8223	37.2785	454.9931	96.2607	483.5416	95.4698	490.0431	94.9866	494.3356	94.8108	
22/08/2017	00:30:39	019004	G523088999HLR	L523	S		444.1873	1.0233	10.0000	100.0212	39.9814	0.8230	0.8278	5.0000	20.0423	508.0396	95.0744	11.0120	24.1000	0.9300	0.9295	0.6537	-0.0008	508.0000	507.1134	1.0339	7.9884	100.0310	39.9370	0.8230	0.8243	5.0000	-9999.0000	-9999.0000	-9999.0000	-9999.0000	-9999.0000	-9999.0000	20.6429	5	0	24.4422	1.0000	99	9	-9999.0000	21566	58658	-9999	2020	1969	-9999	327.8144	5	0.6450	0.6537	-0.0008	48.3123	1.5353	477.6707	307.1686	37.6519	450.1079	96.0410	477.0003	95.2062	481.9390	94.7010	485.4091	94.6571	
22/08/2017	00:31:03	019004	G523089055HLR	L523	S		443.6596	1.0233	10.0000	100.0325	39.7610	0.8230	0.8273	5.0000	20.0421	508.0712	94.8767	11.7210	24.1000	0.9300	0.9296	0.6547	-0.0008	508.0000	507.6043	1.0339	7.9383	99.9611	39.6473	0.8230	0.8241	5.0000	-9999.0000	-9999.0000	-9999.0000	-9999.0000	-9999.0000	-9999.0000	20.2620	6	0	24.1033	1.0000	99	9	-9999.0000	21567	58659	-9999	2021	1970	-9999	327.6116	5	0.6451	0.6547	-0.0008	51.0053	1.2849	474.7293	309.8791	38.1133	446.8424	96.0849	474.1093	95.4698	479.9043	95.0305	483.7238	94.7669	
22/08/2017	00:31:27	019004	G523089054HLR	L523	S		442.5158	1.0233	10.0000	100.0389	39.5759	0.8230	0.8274	5.0000	20.0023	508.0704	94.9866	9.5509	24.1000	0.9300	0.9295	0.6548	-0.0008	508.0000	506.9476	1.0339	7.9959	100.0468	39.7337	0.8230	0.8247	5.0000	-9999.0000	-9999.0000	-9999.0000	-9999.0000	-9999.0000	-9999.0000	20.8118	7	0	23.9518	1.0000	99	9	-9999.0000	21567	58660	-9999	2022	1971	-9999	328.6117	5	0.6451	0.6548	-0.0008	50.5850	1.3211	481.6927	312.3025	37.0149	451.0944	96.1508	480.8997	95.4479	486.6556	94.9646	490.6677	94.7889	
22/08/2017	00:31:52	019004	G523089059HLR	L523	S		443.4650	1.0233	10.0000	100.0312	39.6873	0.8230	0.8280	5.0000	20.0724	508.0790	95.0085	10.9719	24.1000	0.9300	0.9295	0.6555	-0.0009	508.0000	507.5524	1.0339	7.9436	99.9405	39.9906	0.8230	0.8249	5.0000	-9999.0000	-9999.0000	-9999.0000	-9999.0000	-9999.0000	-9999.0000	20.4925	8	0	24.8729	1.0000	99	9	-9999.0000	21568	58661	-9999	2023	1972	-9999	328.0867	5	0.6453	0.6555	-0.0009	50.7750	1.3091	477.1321	307.5720	37.7398	445.2868	96.1289	476.1576	95.2941	482.1724	94.8548	485.6862	94.5912	
22/08/2017	00:32:16	019004	G523089058HLR	L523	S		441.6892	1.0233	10.0000	99.9816	39.9513	0.8230	0.8281	5.0000	19.9221	508.0667	94.7669	8.5410	24.2000	0.9300	0.9295	0.6555	-0.0009	508.0000	505.7968	1.0339	7.9069	100.0417	39.9002	0.8230	0.8243	5.0000	-9999.0000	-9999.0000	-9999.0000	-9999.0000	-9999.0000	-9999.0000	20.5726	1	0	23.6530	1.0000	99	9	-9999.0000	21569	58662	-9999	2024	1973	-9999	329.2170	5	0.6454	0.6555	-0.0009	50.5363	1.3278	484.0122	305.8950	37.1028	452.8019	95.8872	483.1527	95.2941	489.5752	94.9646	494.2068	94.7449	
22/08/2017	00:32:40	019004	G523089061HLR	L523	S		442.4695	1.0233	10.0000	100.0136	39.9126	0.8230	0.8274	5.0000	21.0023	508.0439	95.1403	10.9504	24.2000	0.9300	0.9295	0.6554	-0.0009	508.0000	505.2299	1.0339	7.8630	100.0233	39.6944	0.8230	0.8242	5.0000	-9999.0000	-9999.0000	-9999.0000	-9999.0000	-9999.0000	-9999.0000	20.2122	2	0	24.3524	1.0000	99	9	-9999.0000	21570	58663	-9999	2025	1974	-9999	328.1113	5	0.6453	0.6554	-0.0009	50.7416	1.3071	476.3829	309.9627	38.8821	450.3849	95.7994	475.7196	95.0085	480.6633	94.6571	484.8043	94.6790	
22/08/2017	00:33:04	019004	G523089065HLR	L523	S		443.5818	1.0233	10.0000	100.1029	39.6688	0.8230	0.8273	5.0000	20.2123	508.0826	94.9426	11.0110	24.2000	0.9300	0.9296	0.6552	-0.0008	508.0000	507.6410	1.0339	7.9346	100.0250	39.7567	0.8230	0.8247	5.0000	-9999.0000	-9999.0000	-9999.0000	-9999.0000	-9999.0000	-9999.0000	20.4523	3	0	24.4832	1.0000	99	9	-9999.0000	21571	58664	-9999	2026	1975	-9999	328.2460	5	0.6455	0.6552	-0.0008	51.2013	1.2714	477.3538	312.3090	39.4533	450.3996	95.9751	476.5662	95.4698	482.2266	94.9646	486.4421	94.7669	
22/08/2017	00:33:29	019004	G523089067HLR	L523	S		443.6735	1.0233	10.0000	99.9669	39.6410	0.8230	0.8277	5.0000	20.0521	508.0720	94.9426	10.7014	24.2000	0.9300	0.9296	0.6555	-0.0009	508.0000	507.0229	1.0339	7.9977	99.9492	39.9849	0.8230	0.8247	5.0000	-9999.0000	-9999.0000	-9999.0000	-9999.0000	-9999.0000	-9999.0000	20.4124	4	0	24.3327	1.0000	99	9	-9999.0000	21572	58665	-9999	2027	1976	-9999	328.4208	5	0.6455	0.6555	-0.0009	50.6828	1.3151	478.1584	302.6906	37.5860	448.4833	96.1508	477.4983	95.4918	483.4572	94.9646	487.1428	94.7230	
22/08/2017	00:33:53	019004	G523089068HLR	L523	S		442.9240	1.0233	10.0000	99.9749	39.8461	0.8230	0.8279	5.0000	21.6419	508.0909	94.9646	10.0714	24.2000	0.9300	0.9296	0.6558	-0.0009	508.0000	507.4357	1.0339	7.9555	100.0234	39.8932	0.8230	0.8242	5.0000	-9999.0000	-9999.0000	-9999.0000	-9999.0000	-9999.0000	-9999.0000	21.0130	5	0	24.0124	1.0000	99	9	-9999.0000	21573	58666	-9999	2028	1976	-9999	328.8099	5	0.6457	0.6558	-0.0009	49.8835	1.4147	480.1670	307.0244	38.6405	449.1697	95.7774	479.1937	95.2282	484.7762	94.9646	489.1721	94.7889	
22/08/2017	00:34:16	019004	G523089077HLR	L523	S		443.4207	1.0233	10.0000	99.9897	39.9737	0.8230	0.8278	5.0000	19.9319	508.0463	95.0305	11.8910	24.2000	0.9300	0.9296	0.6566	-0.0010	508.0000	508.0467	1.0339	7.8932	99.9399	39.7163	0.8230	0.8242	5.0000	-9999.0000	-9999.0000	-9999.0000	-9999.0000	-9999.0000	-9999.0000	20.5727	6	0	23.5029	1.0000	99	9	-9999.0000	21574	58667	-9999	2029	1977	-9999	327.8890	5	0.6459	0.6566	-0.0010	51.6463	1.2322	473.6691	309.3361	38.8382	443.0771	95.9531	473.2680	95.2721	477.5491	94.8767	481.9664	94.5692	
22/08/2017	00:34:40	019004	G523089075HLR	L523	S		440.6949	1.0233	10.0000	99.9732	39.7960	0.8230	0.8272	5.0000	21.1126	508.0418	94.8548	12.7114	24.2000	0.9300	0.9295	0.6573	-0.0010	508.0000	507.9114	1.0339	7.9070	100.0253	39.8461	0.8230	0.8247	5.0000	-9999.0000	-9999.0000	-9999.0000	-9999.0000	-9999.0000	-9999.0000	20.1223	7	0	23.3824	1.0000	99	9	-9999.0000	21575	58668	-9999	2029	1978	-9999	327.4196	5	0.6460	0.6573	-0.0010	53.6002	1.0361	471.1264	308.9184	39.3215	442.6047	96.1289	470.5388	95.4918	475.7050	95.0525	479.4715	94.8108	
22/08/2017	00:35:03	019004	G523089074HLR	L523	S		441.4344	1.0233	10.0000	99.9697	39.6457	0.8230	0.8274	5.0000	20.1116	508.0668	94.8548	9.0908	24.1000	0.9300	0.9293	0.6590	-0.0012	508.0000	506.6212	1.0339	7.9707	100.0400	40.0316	0.8230	0.8248	5.0000	-9999.0000	-9999.0000	-9999.0000	-9999.0000	-9999.0000	-9999.0000	19.8928	8	0	23.8824	1.0000	99	9	-9999.0000	21576	58669	-9999	2030	1979	-9999	329.4223	5	0.6462	0.6590	-0.0012	55.4499	0.8490	482.8308	313.5701	36.9490	453.0237	96.3266	481.8768	95.5577	487.3463	95.0085	490.9340	94.8108	
22/08/2017	00:35:28	019004	G523089071HLR	L523	S		442.5523	1.0233	10.0000	99.9898	39.7466	0.8230	0.8278	5.0000	20.0530	508.0394	95.0305	10.6916	24.2000	0.9300	0.9293	0.6613	-0.0014	508.0000	507.4476	1.0339	7.9543	100.0146	39.9014	0.8230	0.8243	5.0000	-9999.0000	-9999.0000	-9999.0000	-9999.0000	-9999.0000	-9999.0000	20.0920	1	0	24.2928	1.0000	99	9	-9999.0000	21577	58670	-9999	2031	1980	-9999	328.3786	5	0.6463	0.6613	-0.0014	55.5956	0.8363	474.9578	309.5541	36.9050	445.9445	96.1728	474.2670	95.2941	480.1552	94.8108	484.4216	94.5472	
22/08/2017	00:35:52	019004	G523089069HLR	L523	S		441.7438	1.0233	10.0000	100.0052	39.9630	0.8230	0.8279	5.0000	19.9827	508.0636	94.9426	11.8814	24.2000	0.9300	0.9294	0.6613	-0.0014	508.0000	507.4385	1.0339	7.9553	100.1071	39.7675	0.8230	0.8242	5.0000	-9999.0000	-9999.0000	-9999.0000	-9999.0000	-9999.0000	-9999.0000	20.7923	2	0	24.6933	1.0000	99	9	-9999.0000	21578	58671	-9999	2032	1981	-9999	327.5786	5	0.6463	0.6613	-0.0014	55.5692	0.8276	471.6337	308.2845	37.0369	442.3748	95.9312	470.8567	95.3600	476.1864	94.9646	480.1860	94.7010	
22/08/2017	00:36:17	019004	G523089072HLR	L523	S		439.7737	1.0233	10.0000	100.0658	39.9208	0.8230	0.8275	5.0000	20.0627	508.0541	94.9426	10.8811	24.2000	0.9300	0.9294	0.6593	-0.0012	508.0000	507.5911	1.0339	7.9397	99.8954	39.8461	0.8230	0.8246	5.0000	-9999.0000	-9999.0000	-9999.0000	-9999.0000	-9999.0000	-9999.0000	20.3324	3	0	24.5828	1.0000	99	9	-9999.0000	21579	58672	-9999	2033	1982	-9999	328.4768	5	0.6463	0.6593	-0.0012	55.1279	0.8722	475.4104	316.2482	37.1028	447.3841	96.1728	474.6188	95.4698	480.9957	94.9866	485.8315	94.7889	
22/08/2017	00:36:44	019004	G523089073HLR	L523	S		441.0189	1.0233	10.0000	99.9967	39.7085	0.8230	0.8272	5.0000	19.9127	508.0885	94.9866	12.2416	24.1000	0.9300	0.9294	0.6618	-0.0014	508.0000	507.7757	1.0339	7.9208	100.0975	40.0066	0.8230	0.8245	5.0000	-9999.0000	-9999.0000	-9999.0000	-9999.0000	-9999.0000	-9999.0000	20.8627	4	0	26.6426	1.0000	99	9	-9999.0000	21580	58673	-9999	2034	1983	-9999	327.4592	5	0.6465	0.6618	-0.0014	55.1769	0.8661	470.3778	313.3599	38.9041	442.2759	96.1948	469.4150	95.4918	475.1543	94.9866	479.1734	94.6790	
22/08/2017	00:37:10	019004	G523089063HLR	L523	Q		441.4312	1.0233	10.0000	99.9794	39.6858	0.8230	0.8277	5.0000	19.9416	508.0589	94.8548	11.5111	24.1000	0.9300	0.9294	0.6621	-0.0014	508.0000	507.4558	1.0339	7.9535	99.9812	39.8940	0.8230	0.8243	5.0000	-9999.0000	-9999.0000	-9999.0000	-9999.0000	-9999.0000	-9999.0000	20.1428	5	0	26.6026	1.0000	99	9	-9999.0000	21581	58674	-9999	2035	1984	-9999	328.0034	5	0.6466	0.6621	-0.0014	54.9762	0.8798	471.5214	303.8089	37.8716	444.8618	96.0849	470.6696	95.4479	476.4783	95.0085	481.2202	94.8328	
22/08/2017	00:37:35	019004	G523089079HLR	L523	Q		441.9926	1.0233	10.0000	100.0026	39.9135	0.8230	0.8280	5.0000	19.9123	508.0645	94.9207	13.0415	24.2000	0.9300	0.9294	0.6604	-0.0013	508.0000	507.6360	1.0339	7.9351	100.0283	39.8334	0.8230	0.8243	5.0000	-9999.0000	-9999.0000	-9999.0000	-9999.0000	-9999.0000	-9999.0000	20.2316	6	0	24.6336	1.0000	99	9	-9999.0000	21582	58675	-9999	2036	1985	-9999	327.1741	5	0.6467	0.6604	-0.0013	54.6812	0.9110	469.1322	308.5355	39.1677	442.0317	96.4144	468.2270	95.6236	474.0651	95.0525	477.8624	94.7889	
22/08/2017	00:38:01	019004	G523089083HLR	L523	S		440.7303	1.0233	10.0000	100.0143	39.9880	0.8230	0.8277	5.0000	19.8918	508.0681	94.8328	12.7417	24.1000	0.9300	0.9294	0.6595	-0.0012	508.0000	507.6028	1.0339	7.9385	100.0269	39.9253	0.8230	0.8246	5.0000	-9999.0000	-9999.0000	-9999.0000	-9999.0000	-9999.0000	-9999.0000	19.9026	7	0	26.3223	1.0000	99	9	-9999.0000	21583	58676	-9999	2037	1986	-9999	327.4722	5	0.6469	0.6595	-0.0012	55.3221	0.8520	470.0981	312.0919	39.3434	443.3841	96.1728	469.4259	95.5797	474.6463	95.0525	478.6574	94.8328	
22/08/2017	00:38:26	019004	G523088374HLR	L523	S		434.2121	1.0233	10.0000	99.9987	39.8011	0.8230	0.8273	5.0000	20.0627	508.1066	95.0964	15.0115	24.2000	0.9300	0.9295	0.6594	-0.0012	508.0000	504.1766	1.0339	7.7816	100.0028	39.8969	0.8230	0.8243	5.0000	-9999.0000	-9999.0000	-9999.0000	-9999.0000	-9999.0000	-9999.0000	20.5120	8	0	25.0028	1.0000	99	9	-9999.0000	21584	58677	-9999	2038	1987	-9999	326.1696	5	0.6470	0.6594	-0.0012	55.2389	0.8614	462.9088	311.8441	38.4867	435.7846	96.4364	462.3362	95.7115	465.7673	95.0525	470.0703	94.8108	
22/08/2017	00:38:50	019004	G523088379HLR	L523	S		435.2721	1.0233	10.0000	100.0786	39.6789	0.8230	0.8275	5.0000	19.9625	508.0674	94.9646	14.5114	24.2000	0.9300	0.9296	0.6589	-0.0011	508.0000	504.6269	1.0339	7.8164	100.0284	39.8514	0.8230	0.8243	5.0000	-9999.0000	-9999.0000	-9999.0000	-9999.0000	-9999.0000	-9999.0000	20.5715	1	0	23.9929	1.0000	99	9	-9999.0000	21585	58678	-9999	2039	1988	-9999	326.5311	5	0.6471	0.6589	-0.0011	55.0551	0.8826	464.0938	314.9928	38.8382	441.2073	96.3925	463.3557	95.7115	469.1260	95.0744	472.0866	94.8548	
22/08/2017	00:54:48	019004	G523088389HLR	L523	S		439.4435	1.0233	10.0000	100.0921	39.8783	0.8230	0.8279	5.0000	20.0117	508.0564	94.8987	13.0210	24.2000	0.9300	0.9295	0.6593	-0.0012	508.0000	507.1477	1.0339	7.9849	100.0764	39.8598	0.8230	0.8244	5.0000	-9999.0000	-9999.0000	-9999.0000	-9999.0000	-9999.0000	-9999.0000	20.5921	2	0	957.5081	1.0000	99	9	-9999.0000	21586	58679	-9999	2040	1989	-9999	327.3787	5	0.6470	0.6593	-0.0012	55.8729	0.8060	468.6276	310.8215	39.4093	444.7519	96.3925	467.9906	95.6895	473.1324	95.0525	477.1942	94.8328	
22/08/2017	00:55:13	019004	G523088392HLR	L523	S		434.7401	1.0233	10.0000	100.0309	39.9892	0.8230	0.8277	5.0000	20.0522	508.0521	95.0305	14.5612	24.2000	0.9300	0.9294	0.6594	-0.0012	508.0000	504.6560	1.0339	7.8186	100.0361	39.9395	0.8230	0.8246	5.0000	-9999.0000	-9999.0000	-9999.0000	-9999.0000	-9999.0000	-9999.0000	20.0930	3	0	24.9018	1.0000	99	9	-9999.0000	21587	58680	-9999	2041	1990	-9999	326.4746	5	0.6469	0.6594	-0.0012	55.1156	0.8700	463.5195	297.1015	39.3434	436.4821	96.2387	462.7329	95.5358	467.6532	95.0085	471.8974	94.8328	
22/08/2017	00:55:36	019004	G523088393HLR	L523	S		438.4040	1.0233	10.0000	100.0685	39.8205	0.8230	0.8274	5.0000	19.9221	508.0511	94.9866	13.3316	24.2000	0.9300	0.9293	0.6596	-0.0012	508.0000	507.6646	1.0339	7.9322	100.0573	39.5349	0.8230	0.8244	5.0000	-9999.0000	-9999.0000	-9999.0000	-9999.0000	-9999.0000	-9999.0000	20.5822	4	0	23.6434	1.0000	99	9	-9999.0000	21588	58681	-9999	2042	1991	-9999	327.1793	5	0.6469	0.6596	-0.0012	54.8915	0.9020	467.0831	311.8124	39.0798	442.0019	96.1069	466.5343	95.5138	471.5453	95.0305	475.8746	94.8767	
22/08/2017	00:56:00	019004	G523088980HLR	L523	S		433.8126	1.0233	10.0000	100.0273	39.6965	0.8230	0.8275	5.0000	20.0724	508.0778	94.8987	11.4710	24.2000	0.9300	0.9294	0.6598	-0.0012	508.0000	508.0024	1.0339	7.8977	100.0178	39.6410	0.8230	0.8248	5.0000	-9999.0000	-9999.0000	-9999.0000	-9999.0000	-9999.0000	-9999.0000	20.1926	5	0	24.0124	1.0000	99	9	-9999.0000	21589	58682	-9999	2043	1992	-9999	328.3479	5	0.6469	0.6598	-0.0012	54.1589	0.9772	473.6145	315.0773	40.5516	446.1739	96.1948	472.9258	95.5358	478.5839	95.0525	483.3263	94.8548	
22/08/2017	00:56:24	019004	G523088970HLR	L523	S		442.3724	1.0233	10.0000	100.0136	39.8684	0.8230	0.8280	5.0000	19.8918	508.0678	94.9646	11.8607	24.3000	0.9300	0.9295	0.6601	-0.0012	508.0000	508.0799	1.0339	7.8898	100.0545	39.8660	0.8230	0.8248	5.0000	-9999.0000	-9999.0000	-9999.0000	-9999.0000	-9999.0000	-9999.0000	20.5423	6	0	23.8329	1.0000	99	9	-9999.0000	21589	58683	-9999	2044	1993	-9999	328.1437	5	0.6468	0.6601	-0.0012	54.2880	0.9712	473.4516	309.8116	37.9814	445.6893	96.1069	472.6843	95.3161	477.8367	94.9646	482.4123	94.8108	
22/08/2017	00:56:48	019004	G523088386HLR	L523	S		442.6871	1.0233	10.0000	100.1189	39.9839	0.8230	0.8278	5.0000	19.9027	508.0676	94.8767	11.3216	24.6000	0.9300	0.9283	0.6597	-0.0012	508.0000	507.3049	1.0339	7.9689	100.0497	39.7808	0.8230	0.8243	5.0000	-9999.0000	-9999.0000	-9999.0000	-9999.0000	-9999.0000	-9999.0000	20.3225	7	0	24.2722	1.0000	99	9	-9999.0000	21590	58684	-9999	2045	1994	-9999	328.4488	5	0.6468	0.6597	-0.0012	53.9550	1.0088	471.1624	238.7269	37.0369	441.2014	94.7449	470.4292	94.3935	476.9957	94.8548	482.4906	94.9426	
22/08/2017	00:57:15	019004	G523088381HLR	L523	S		433.1736	1.0233	10.0000	100.0308	39.5151	0.8230	0.8281	5.0000	20.0521	508.0488	94.8548	12.0014	24.4000	0.9300	0.9284	0.6593	-0.0011	508.0000	507.4652	1.0339	7.9525	100.0089	39.5384	0.8230	0.8241	5.0000	-9999.0000	-9999.0000	-9999.0000	-9999.0000	-9999.0000	-9999.0000	20.8129	8	0	26.7129	1.0000	99	9	-9999.0000	21591	58685	-9999	2046	1995	-9999	328.0755	5	0.6468	0.6593	-0.0011	53.6290	1.0372	471.5438	319.0633	37.2565	444.3763	95.4259	470.8086	94.5912	476.5091	94.7889	481.2725	94.8108	
22/08/2017	00:57:39	019004	G523088384HLR	L523	S		440.6874	1.0233	10.0000	100.0201	39.7872	0.8230	0.8284	5.0000	19.9524	508.0724	94.8328	12.1215	24.4000	0.9300	0.9287	0.6593	-0.0011	508.0000	507.1908	1.0339	7.9805	100.0510	39.7435	0.8230	0.8247	5.0000	-9999.0000	-9999.0000	-9999.0000	-9999.0000	-9999.0000	-9999.0000	20.6819	1	0	23.7028	1.0000	99	9	-9999.0000	21592	58686	-9999	2047	1996	-9999	328.0409	5	0.6468	0.6593	-0.0011	53.7364	1.0256	471.4229	299.5446	38.9041	443.0653	95.4698	470.5076	94.8108	476.3921	94.8767	481.4614	94.8108	
22/08/2017	00:58:04	019004	G523088990HLR	L523	S		439.1304	1.0233	10.0000	100.0818	39.9399	0.8230	0.8279	5.0000	20.0922	508.0670	94.8548	12.1420	24.4000	0.9300	0.9288	0.6599	-0.0012	508.0000	507.6596	1.0339	7.9327	99.9424	39.9649	0.8230	0.8246	5.0000	-9999.0000	-9999.0000	-9999.0000	-9999.0000	-9999.0000	-9999.0000	20.2023	2	0	25.0125	1.0000	99	9	-9999.0000	21593	58687	-9999	2048	1997	-9999	328.0192	5	0.6467	0.6599	-0.0012	53.2660	1.0619	471.0455	305.9834	38.1792	442.2764	95.6017	470.3007	94.9426	475.9019	94.8548	480.3648	94.7889	
22/08/2017	00:58:30	019004	G523088963HLR	L523	S		437.9527	1.0233	10.0000	100.0041	39.7255	0.8230	0.8273	5.0000	20.1320	508.0670	94.8328	11.9916	24.4000	0.9300	0.9287	0.6600	-0.0012	508.0000	508.2573	1.0339	7.8717	100.0502	39.6187	0.8230	0.8239	5.0000	-9999.0000	-9999.0000	-9999.0000	-9999.0000	-9999.0000	-9999.0000	20.8714	3	0	25.9629	1.0000	99	9	-9999.0000	21594	58688	-9999	2049	1998	-9999	328.1355	5	0.6468	0.6600	-0.0012	53.1734	1.0689	472.8685	315.7690	39.3874	443.2207	95.5577	472.2274	94.9646	477.2294	94.8767	481.6222	94.8328	
22/08/2017	00:58:54	019004	G523088991HLR	L523	S		434.7400	1.0233	10.0000	100.0665	39.5014	0.8230	0.8273	5.0000	20.0520	508.0625	95.1403	15.0515	24.4000	0.9300	0.9288	0.6607	-0.0012	508.0000	504.1536	1.0339	7.7798	100.0489	39.5742	0.8230	0.8244	5.0000	-9999.0000	-9999.0000	-9999.0000	-9999.0000	-9999.0000	-9999.0000	20.7024	4	0	24.6131	1.0000	99	9	-9999.0000	21595	58689	-9999	2050	1999	-9999	326.2188	5	0.6467	0.6607	-0.0012	53.6806	1.0287	461.5317	307.9245	38.1572	432.8828	95.9092	460.8302	95.1843	465.6702	94.9207	470.0387	94.8108	
22/08/2017	00:59:22	019004	G523088964HLR	L523	S		438.2670	1.0233	10.0000	100.0160	39.6410	0.8230	0.8281	5.0000	20.1224	508.0590	94.9207	11.9310	24.3000	0.9300	0.9289	0.6606	-0.0012	508.0000	507.2734	1.0339	7.9721	100.0114	39.9487	0.8230	0.8248	5.0000	-9999.0000	-9999.0000	-9999.0000	-9999.0000	-9999.0000	-9999.0000	20.5022	5	0	27.4630	1.0000	99	9	-9999.0000	21596	58690	-9999	2051	2000	-9999	328.1974	5	0.6467	0.6606	-0.0012	53.5271	1.0480	471.3452	309.8793	36.7952	440.3507	95.8213	470.4613	95.1184	476.5794	94.8987	481.0974	94.8328	
22/08/2017	00:59:48	019004	G523088968HLR	L523	S		436.8354	1.0233	10.0000	99.9998	39.9800	0.8230	0.8280	5.0000	20.0218	508.0596	95.0085	13.3521	24.4000	0.9300	0.9290	0.6607	-0.0012	508.0000	504.8939	1.0339	7.8371	100.0136	39.9053	0.8230	0.8242	5.0000	-9999.0000	-9999.0000	-9999.0000	-9999.0000	-9999.0000	-9999.0000	20.1926	6	0	25.9532	1.0000	99	9	-9999.0000	21597	58691	-9999	2052	2001	-9999	327.3202	5	0.6466	0.6607	-0.0012	53.5082	1.0571	466.5761	311.9286	38.7283	438.5252	96.1289	465.8695	95.2941	470.7458	94.9207	475.4083	94.7889	
22/08/2017	01:00:13	019004	G523088986HLR	L523	S		438.2668	1.0233	10.0000	100.0535	39.8389	0.8230	0.8273	5.0000	20.0121	508.0743	95.0305	14.1910	24.4000	0.9300	0.9291	0.6609	-0.0013	508.0000	504.7805	1.0339	7.8283	100.0295	39.5634	0.8230	0.8239	5.0000	-9999.0000	-9999.0000	-9999.0000	-9999.0000	-9999.0000	-9999.0000	21.2924	7	0	25.4325	1.0000	99	9	-9999.0000	21598	58692	-9999	2053	2002	-9999	326.7964	5	0.6466	0.6609	-0.0013	53.9521	1.0356	463.8807	314.4636	38.9041	437.2499	95.9971	463.0307	95.3380	468.0689	94.9426	472.8080	94.8328	
22/08/2017	01:00:42	019004	G523088978HLR	L523	S		438.1229	1.0233	10.0000	100.0001	39.5685	0.8230	0.8274	5.0000	19.9416	508.0370	94.9207	12.9517	24.3000	0.9300	0.9290	0.6537	-0.0006	508.0000	508.3770	1.0339	7.8595	100.0545	39.7567	0.8230	0.8247	5.0000	-9999.0000	-9999.0000	-9999.0000	-9999.0000	-9999.0000	-9999.0000	20.3626	8	0	28.4837	1.0000	99	9	-9999.0000	21599	58693	-9999	2054	2003	-9999	328.1791	5	0.6467	0.6537	-0.0006	54.1148	1.0257	472.9410	314.5879	39.0139	444.1277	95.9312	472.1188	95.2721	477.5017	94.8987	481.3881	94.8328	
22/08/2017	01:01:05	019004	G523088977HLR	L523	S		434.3407	1.0233	10.0000	99.9904	39.6410	0.8230	0.8279	5.0000	20.0714	508.0596	95.1184	15.6814	24.3000	0.9300	0.9290	0.6535	-0.0006	508.0000	506.9492	1.0339	7.9961	99.9248	40.0711	0.8230	0.8247	5.0000	-9999.0000	-9999.0000	-9999.0000	-9999.0000	-9999.0000	-9999.0000	20.2317	1	0	23.8923	1.0000	99	9	-9999.0000	21600	58694	-9999	2055	2004	-9999	327.4001	5	0.6466	0.6535	-0.0006	54.0614	1.0393	464.6217	314.5525	39.0359	438.7468	96.0849	464.1640	95.3600	468.8081	94.9426	473.1925	94.8328	
22/08/2017	01:01:34	019004	G523089224HLR	L523	S		436.2488	1.0233	10.0000	99.9842	39.9448	0.8230	0.8281	5.0000	20.0323	508.0504	95.0085	14.3112	24.2000	0.9300	0.9290	0.6530	-0.0005	508.0000	504.8204	1.0339	7.8314	100.0803	39.8021	0.8230	0.8240	5.0000	-9999.0000	-9999.0000	-9999.0000	-9999.0000	-9999.0000	-9999.0000	20.2522	2	0	28.0431	1.0000	99	9	-9999.0000	21601	58695	-9999	2056	2005	-9999	327.9430	5	0.6467	0.6530	-0.0005	54.3343	1.0189	468.0343	315.5246	37.7837	440.5634	95.9312	467.5957	95.2721	471.9800	94.9207	475.3362	94.8108	
22/08/2017	01:01:58	019004	G523088987HLR	L523	S		439.0528	1.0233	10.0000	100.0421	39.9284	0.8230	0.8274	5.0000	20.1730	508.0398	95.0085	13.6119	24.3000	0.9300	0.9291	0.6502	-0.0003	508.0000	508.3834	1.0339	7.8588	100.0392	39.5814	0.8230	0.8242	5.0000	-9999.0000	-9999.0000	-9999.0000	-9999.0000	-9999.0000	-9999.0000	20.5024	3	0	24.1424	1.0000	99	9	-9999.0000	21601	58696	-9999	2057	2006	-9999	328.2898	5	0.6466	0.6502	-0.0003	53.9883	1.0362	473.8262	315.8371	37.6080	444.1195	96.0630	473.0617	95.2941	478.1720	94.9426	480.6731	94.8328	
22/08/2017	01:02:27	019004	G523088995HLR	L523	S		432.5003	1.0233	10.0000	100.0165	39.5970	0.8230	0.8271	5.0000	19.9524	508.0405	95.0525	16.8115	24.3000	0.9300	0.9292	0.6494	-0.0002	508.0000	507.4853	1.0339	7.9505	99.9439	39.9737	0.8230	0.8248	5.0000	-9999.0000	-9999.0000	-9999.0000	-9999.0000	-9999.0000	-9999.0000	20.3625	4	0	28.8544	1.0000	99	9	-9999.0000	21602	58697	-9999	2058	2007	-9999	327.8708	5	0.6464	0.6494	-0.0002	54.6570	0.9982	464.5450	304.6578	37.8057	437.2761	96.0410	463.8547	95.3600	468.3148	94.9866	472.0010	94.8767	
22/08/2017	01:02:51	019004	G523089005HLR	L523	S		440.4987	1.0233	10.0000	99.9868	39.6201	0.8230	0.8277	5.0000	20.7526	508.0573	95.0085	12.0912	24.2000	0.9300	0.9291	0.6492	-0.0002	508.0000	507.9633	1.0339	7.9017	100.0520	39.9677	0.8230	0.8243	5.0000	-9999.0000	-9999.0000	-9999.0000	-9999.0000	-9999.0000	-9999.0000	20.3117	5	0	24.4416	1.0000	99	9	-9999.0000	21603	58698	-9999	2059	2008	-9999	328.4814	5	0.6464	0.6492	-0.0002	53.9364	1.0680	477.4160	320.9874	39.9365	449.0023	95.7554	476.6894	95.2502	481.1856	94.9426	485.4166	94.8548	
22/08/2017	01:03:16	019004	G523088996HLR	L523	S		433.4774	1.0233	10.0000	100.0398	39.9927	0.8230	0.8281	5.0000	20.0423	508.0515	95.1843	16.4110	24.3000	0.9300	0.9293	0.6475	-0.0001	508.0000	507.2008	1.0339	7.9795	100.0022	39.7249	0.8230	0.8241	5.0000	-9999.0000	-9999.0000	-9999.0000	-9999.0000	-9999.0000	-9999.0000	19.9124	6	0	25.0926	1.0000	99	9	-9999.0000	21604	58699	-9999	2060	2009	-9999	328.2405	5	0.6465	0.6475	-0.0001	54.7932	0.9993	467.6777	321.4608	40.5956	446.3558	95.9531	467.0226	95.3820	471.0967	94.9426	474.5166	94.8108	
22/08/2017	01:03:44	019004	G523088997HLR	L523	S		439.4672	1.0233	10.0000	100.0554	39.9730	0.8230	0.8275	5.0000	20.1532	508.0346	94.9866	12.2807	24.2000	0.9300	0.9291	0.6459	0.0000	508.0000	507.2365	1.0339	7.9759	99.9747	39.7298	0.8230	0.8245	5.0000	-9999.0000	-9999.0000	-9999.0000	-9999.0000	-9999.0000	-9999.0000	20.1321	7	0	27.7238	1.0000	99	9	-9999.0000	21605	58700	-9999	2061	2010	-9999	328.3335	5	0.6464	0.6459	0.0000	55.2129	0.9759	477.6359	325.6564	38.5965	455.1895	95.8653	476.9581	95.2282	481.7777	94.8987	485.4946	94.8108	
22/08/2017	01:04:07	019004	G523089006HLR	L523	S		432.9425	1.0233	10.0000	100.0063	39.6711	0.8230	0.8271	5.0000	20.0022	508.0363	94.8987	17.2217	24.3000	0.9300	0.9294	0.6464	-0.0000	508.0000	507.9484	1.0339	7.9032	99.9560	39.9884	0.8230	0.8246	5.0000	-9999.0000	-9999.0000	-9999.0000	-9999.0000	-9999.0000	-9999.0000	20.4721	8	0	23.3728	1.0000	99	9	-9999.0000	21606	58701	-9999	2062	2011	-9999	328.3361	5	0.6464	0.6464	-0.0000	53.8826	1.0916	465.9662	319.4415	37.3444	441.0833	96.2167	465.3308	95.4698	469.6556	94.9866	473.1467	94.8328	
22/08/2017	01:04:35	019004	G523088387HLR	L523	S		438.1872	1.0233	10.0000	100.0318	39.6015	0.8230	0.8276	5.0000	20.1819	508.0371	95.0085	12.6411	24.2000	0.9300	0.9292	0.6464	-0.0000	508.0000	507.9579	1.0339	7.9023	100.0063	39.9190	0.8230	0.8242	5.0000	-9999.0000	-9999.0000	-9999.0000	-9999.0000	-9999.0000	-9999.0000	19.9525	1	0	27.4825	1.0000	99	9	-9999.0000	21607	58702	-9999	2063	2012	-9999	328.4008	5	0.6465	0.6464	-0.0000	54.0328	1.0840	476.9897	326.4463	37.6959	449.9140	95.8433	476.1892	95.2721	480.5642	94.9207	484.3461	94.8767	
22/08/2017	01:05:02	019004	G523089057HLR	L523	S		439.7327	1.0233	10.0000	100.0455	39.9739	0.8230	0.8281	5.0000	19.9125	508.0346	95.0525	13.4107	24.2000	0.9300	0.9293	0.6456	0.0001	508.0000	507.7433	1.0339	7.9242	99.9057	39.6682	0.8230	0.8241	5.0000	-9999.0000	-9999.0000	-9999.0000	-9999.0000	-9999.0000	-9999.0000	20.2423	2	0	27.6134	1.0000	99	9	-9999.0000	21608	58703	-9999	2064	2013	-9999	328.4249	5	0.6464	0.6456	0.0001	51.1350	1.3078	476.2108	327.4351	38.2011	450.5569	96.1069	475.6398	95.3600	479.4228	94.9426	482.7100	94.8328	
22/08/2017	01:05:29	019004	G523089060HLR	L523	S		434.9893	1.0233	10.0000	100.0080	39.9759	0.8230	0.8275	5.0000	20.0021	508.0660	95.1184	15.9217	24.3000	0.9300	0.9295	0.6453	0.0001	508.0000	507.5591	1.0339	7.9429	99.9572	39.8756	0.8230	0.8246	5.0000	-9999.0000	-9999.0000	-9999.0000	-9999.0000	-9999.0000	-9999.0000	20.6419	3	0	26.9933	1.0000	99	9	-9999.0000	21609	58704	-9999	2065	2014	-9999	328.5630	5	0.6464	0.6453	0.0001	51.4900	1.2838	469.9696	323.5561	38.3329	443.4832	95.8213	469.5352	95.2282	473.4890	94.9426	476.1788	94.8108	
22/08/2017	01:05:56	019004	G523089064HLR	L523	S		438.6211	1.0233	10.0000	100.0170	39.6932	0.8230	0.8272	5.0000	19.9418	508.0414	94.9866	8.4004	24.3000	0.9300	0.9293	0.6458	0.0000	508.0000	504.7946	1.0339	7.8294	99.9851	40.0064	0.8230	0.8243	5.0000	-9999.0000	-9999.0000	-9999.0000	-9999.0000	-9999.0000	-9999.0000	20.3019	4	0	26.9122	1.0000	99	9	-9999.0000	21610	58705	-9999	2066	2015	-9999	328.3141	5	0.6464	0.6458	0.0000	50.9843	1.3306	488.2772	324.6749	37.8057	457.7863	95.8653	487.3638	95.1403	493.0040	94.8987	497.7158	94.8328	
22/08/2017	01:06:20	019004	G523089066HLR	L523	S		434.4434	1.0233	10.0000	100.0139	39.6756	0.8230	0.8277	5.0000	20.1223	508.0363	94.9646	15.7312	24.4000	0.9300	0.9295	0.6454	0.0001	508.0000	508.4098	1.0339	7.8561	100.0752	39.7935	0.8230	0.8241	5.0000	-9999.0000	-9999.0000	-9999.0000	-9999.0000	-9999.0000	-9999.0000	20.2424	5	0	24.3329	1.0000	99	9	-9999.0000	21611	58706	-9999	2067	2016	-9999	328.4889	5	0.6464	0.6454	0.0001	50.1629	1.3908	469.1626	323.5897	38.9480	443.9494	95.6236	468.6534	94.7669	473.3642	94.6571	477.2267	94.7010	
22/08/2017	01:06:47	019004	G523089076HLR	L523	S		434.5416	1.0233	10.0000	99.9327	39.8778	0.8230	0.8280	5.0000	19.9621	508.0331	94.9426	16.0018	24.3000	0.9300	0.9295	0.6458	0.0000	508.0000	507.6519	1.0339	7.9335	100.0265	39.8230	0.8230	0.8244	5.0000	-9999.0000	-9999.0000	-9999.0000	-9999.0000	-9999.0000	-9999.0000	20.2121	6	0	26.1531	1.0000	99	9	-9999.0000	21612	58706	-9999	2068	2017	-9999	328.5054	5	0.6465	0.6458	0.0000	50.2416	1.3836	469.3272	329.0259	39.1018	444.7627	96.0630	468.6736	95.3820	472.6641	94.9646	476.1587	94.8328	
22/08/2017	01:07:11	019004	G523089062HLR	L523	S		434.6198	1.0233	10.0000	100.0427	39.9884	0.8230	0.8276	5.0000	20.0716	508.0416	94.9646	15.2419	24.2000	0.9300	0.9293	0.6455	0.0001	508.0000	508.1881	1.0339	7.8788	99.9965	39.9536	0.8230	0.8245	5.0000	-9999.0000	-9999.0000	-9999.0000	-9999.0000	-9999.0000	-9999.0000	20.3215	7	0	24.1024	1.0000	99	9	-9999.0000	21613	58707	-9999	2069	2018	-9999	328.5326	5	0.6465	0.6455	0.0001	50.6065	1.3606	470.7772	329.8275	39.1677	446.5493	95.8653	470.1942	95.2282	475.0871	94.9207	478.8704	94.8328	
22/08/2017	01:07:39	019004	G523089070HLR	L523	S		434.7300	1.0233	10.0000	100.0907	39.7603	0.8230	0.8272	5.0000	19.9729	508.0569	94.9646	15.2820	24.3000	0.9300	0.9294	0.6457	0.0001	508.0000	507.7455	1.0339	7.9239	100.0147	39.9102	0.8230	0.8241	5.0000	-9999.0000	-9999.0000	-9999.0000	-9999.0000	-9999.0000	-9999.0000	20.7024	8	0	27.8429	1.0000	99	9	-9999.0000	21614	58708	-9999	2070	2019	-9999	328.5658	5	0.6467	0.6457	0.0001	54.6069	1.0902	471.1956	324.8338	38.0693	446.3436	96.0190	470.4562	95.2062	474.3502	94.9426	478.1347	94.8548	
22/08/2017	01:08:03	019004	G523089078HLR	L523	S		435.8950	1.0233	10.0000	100.0286	39.6621	0.8230	0.8276	5.0000	20.1528	508.0638	94.8767	12.4916	24.2000	0.9300	0.9294	0.6461	0.0000	508.0000	508.0196	1.0339	7.8960	100.0044	39.7319	0.8230	0.8241	5.0000	-9999.0000	-9999.0000	-9999.0000	-9999.0000	-9999.0000	-9999.0000	20.4011	1	0	24.2430	1.0000	99	9	-9999.0000	21615	58709	-9999	2071	2020	-9999	328.5226	5	0.6467	0.6461	0.0000	54.3399	1.1213	477.0827	324.3169	39.3215	451.6807	95.7994	476.3996	95.1403	482.5914	94.8987	485.9047	94.8767	
22/08/2017	01:08:30	019004	G523089085HLR	L523	S		437.4652	1.0233	10.0000	100.0408	39.9061	0.8230	0.8280	5.0000	20.0021	508.0497	95.1184	14.5309	24.2000	0.9300	0.9293	0.6460	0.0000	508.0000	508.3133	1.0339	7.8660	99.8962	39.9419	0.8230	0.8245	5.0000	-9999.0000	-9999.0000	-9999.0000	-9999.0000	-9999.0000	-9999.0000	20.3616	2	0	27.6633	1.0000	99	9	-9999.0000	21616	58710	-9999	2072	2021	-9999	328.5506	5	0.6467	0.6460	0.0000	53.7024	1.1720	472.7578	325.4884	39.9585	447.3628	96.0410	472.3670	95.3380	476.9376	94.9866	480.6461	94.8328	
22/08/2017	01:08:58	019004	G523089082HLR	L523	S		436.8963	1.0233	10.0000	100.1118	39.9794	0.8230	0.8277	5.0000	19.9817	508.0245	94.9646	11.9515	24.2000	0.9300	0.9292	0.6461	0.0000	508.0000	507.8795	1.0339	7.9103	100.0497	39.9800	0.8230	0.8244	5.0000	-9999.0000	-9999.0000	-9999.0000	-9999.0000	-9999.0000	-9999.0000	19.9016	3	0	27.9630	1.0000	99	9	-9999.0000	21617	58711	-9999	2073	2022	-9999	328.4593	5	0.6467	0.6461	0.0000	53.6167	1.1901	479.1009	328.6677	38.6185	450.7832	95.6895	478.2982	95.0744	483.0676	94.8987	487.0276	94.8328	
22/08/2017	01:09:22	019004	G523089092HLR	L523	S		434.7348	1.0233	10.0000	100.0334	39.8185	0.8230	0.8273	5.0000	19.9924	508.0341	95.1623	16.1610	24.2000	0.9300	0.9294	0.6461	0.0000	508.0000	508.0086	1.0339	7.8971	100.0156	39.8172	0.8230	0.8240	5.0000	-9999.0000	-9999.0000	-9999.0000	-9999.0000	-9999.0000	-9999.0000	20.8821	4	0	23.6326	1.0000	99	9	-9999.0000	21618	58712	-9999	2074	2023	-9999	328.5796	5	0.6468	0.6461	0.0000	52.6280	1.2628	468.8954	320.2369	37.5201	443.6770	95.7554	468.3962	95.1184	472.1151	94.8767	475.9240	94.7889	
22/08/2017	01:09:46	019004	G523089081HLR	L523	S		439.1049	1.0233	10.0000	100.0827	39.6699	0.8230	0.8274	5.0000	20.2421	508.0350	94.9646	12.1517	24.2000	0.9300	0.9292	0.6462	0.0000	508.0000	508.4388	1.0339	7.8532	100.0570	39.8486	0.8230	0.8244	5.0000	-9999.0000	-9999.0000	-9999.0000	-9999.0000	-9999.0000	-9999.0000	19.9113	5	0	23.7126	1.0000	99	9	-9999.0000	21619	58713	-9999	2075	2024	-9999	328.5063	5	0.6468	0.6462	0.0000	52.8617	1.2551	477.8263	322.4132	40.3978	451.5495	95.7774	477.2438	95.0744	482.3222	94.8328	486.6030	94.8328	
22/08/2017	01:10:15	019004	G523089080HLR	L523	S		435.6193	1.0233	10.0000	100.0732	39.8711	0.8230	0.8278	5.0000	20.9123	508.0490	95.1623	15.9715	24.3000	0.9300	0.9295	0.6464	0.0000	508.0000	507.9164	1.0339	7.9065	100.0405	39.9282	0.8230	0.8245	5.0000	-9999.0000	-9999.0000	-9999.0000	-9999.0000	-9999.0000	-9999.0000	20.2219	6	0	28.9631	1.0000	99	9	-9999.0000	21620	58714	-9999	2076	2025	-9999	328.5922	5	0.6468	0.6464	0.0000	52.9077	1.2520	469.1023	319.7664	39.0578	443.0181	96.1289	468.6890	95.3820	472.8046	94.9646	476.0350	94.8108	
22/08/2017	01:10:38	019004	G523089086HLR	L523	S		433.9646	1.0233	10.0000	100.0607	39.9706	0.8230	0.8278	5.0000	20.0218	508.0229	94.8767	16.1620	24.2000	0.9300	0.9294	0.6465	0.0000	508.0000	508.3854	1.0339	7.8586	99.9656	39.9384	0.8230	0.8244	5.0000	-9999.0000	-9999.0000	-9999.0000	-9999.0000	-9999.0000	-9999.0000	19.8616	7	0	23.5026	1.0000	99	9	-9999.0000	21621	58715	-9999	2077	2026	-9999	328.5445	5	0.6468	0.6465	0.0000	54.2217	1.1678	468.5758	331.7686	40.7933	446.8641	95.8872	467.9867	95.2502	472.6191	94.9426	475.7168	94.8328	
22/08/2017	01:11:05	019004	G523089087HLR	L523	S		440.6913	1.0233	10.0000	100.0159	39.8441	0.8230	0.8272	5.0000	20.8323	508.0416	94.9426	12.0111	24.2000	0.9300	0.9293	0.6468	-0.0000	508.0000	508.1820	1.0339	7.8794	99.9569	39.9135	0.8230	0.8242	5.0000	-9999.0000	-9999.0000	-9999.0000	-9999.0000	-9999.0000	-9999.0000	19.9719	8	0	27.2131	1.0000	99	9	-9999.0000	21622	58716	-9999	2078	2026	-9999	328.5778	5	0.6469	0.6468	-0.0000	55.1540	1.1098	478.1546	316.4549	38.2670	453.1962	95.6676	477.4446	94.9866	482.5480	94.8108	486.3774	94.8108	
22/08/2017	01:11:29	019004	G523089084HLR	L523	S		441.6693	1.0233	10.0000	100.0520	39.6903	0.8230	0.8274	5.0000	20.0315	508.0671	94.9866	11.7113	24.2000	0.9300	0.9293	0.6462	0.0000	508.0000	506.3845	1.0339	7.9524	99.9761	39.8068	0.8230	0.8242	5.0000	-9999.0000	-9999.0000	-9999.0000	-9999.0000	-9999.0000	-9999.0000	19.8723	1	0	23.7633	1.0000	99	9	-9999.0000	21623	58717	-9999	2079	2027	-9999	328.5302	5	0.6468	0.6462	0.0000	56.1581	1.0471	481.0113	320.2297	39.9146	453.5201	95.7554	480.4690	95.0744	484.2833	94.8767	488.4724	94.7889	
22/08/2017	01:11:56	019004	G523089090HLR	L523	S		435.4784	1.0233	10.0000	100.0782	39.7925	0.8230	0.8279	5.0000	20.1019	508.0834	95.0305	17.2725	24.3000	0.9300	0.9295	0.6461	0.0000	508.0000	509.5678	1.0339	7.7380	99.9923	39.9730	0.8230	0.8245	5.0000	-9999.0000	-9999.0000	-9999.0000	-9999.0000	-9999.0000	-9999.0000	20.1420	2	0	25.2020	1.0000	99	9	-9999.0000	21624	58718	-9999	2080	2028	-9999	328.6566	5	0.6468	0.6461	0.0000	55.9762	1.0547	466.4656	325.3054	39.8706	442.2446	95.5797	466.0204	95.0744	470.7155	94.9426	473.6889	94.7889	
22/08/2017	01:12:24	019004	G523089094HLR	L523	S		437.6982	1.0233	10.0000	99.9490	39.9827	0.8230	0.8279	5.0000	20.0119	508.0608	94.9866	11.7708	24.2000	0.9300	0.9293	0.6462	0.0000	508.0000	507.8670	1.0339	7.9115	100.0542	39.9534	0.8230	0.8242	5.0000	-9999.0000	-9999.0000	-9999.0000	-9999.0000	-9999.0000	-9999.0000	20.7923	3	0	28.1038	1.0000	99	9	-9999.0000	21625	58719	-9999	2081	2029	-9999	328.5232	5	0.6468	0.6462	0.0000	56.2700	1.0447	478.9611	333.5242	40.3100	452.4331	95.7115	478.3247	95.0744	482.8409	94.8767	486.8620	94.8328	
22/08/2017	01:12:51	019004	G523089096HLR	L523	S		436.5817	1.0233	10.0000	100.0390	39.9851	0.8230	0.8274	5.0000	20.0617	508.0665	95.1843	15.6316	24.3000	0.9300	0.9295	0.6464	0.0000	508.0000	508.4440	1.0339	7.8527	100.0081	39.7730	0.8230	0.8237	5.0000	-9999.0000	-9999.0000	-9999.0000	-9999.0000	-9999.0000	-9999.0000	24.6856	4	0	26.9024	1.0000	99	9	-9999.0000	21625	58720	-9999	2082	2030	-9999	328.5942	5	0.6468	0.6464	0.0000	55.9716	1.0623	469.6305	313.3989	38.7064	446.3174	95.8653	468.9635	95.1403	473.6462	94.8767	477.4896	94.7669	
22/08/2017	01:13:15	019004	G523089098HLR	L523	S		437.3506	1.0233	10.0000	99.9823	39.7028	0.8230	0.8272	5.0000	20.0315	508.0584	94.9207	12.0609	24.2000	0.9300	0.9294	0.6472	-0.0000	508.0000	508.4530	1.0339	7.8517	100.0363	39.9008	0.8230	0.8245	5.0000	-9999.0000	-9999.0000	-9999.0000	-9999.0000	-9999.0000	-9999.0000	20.3226	5	0	24.2527	1.0000	99	9	-9999.0000	21626	58720	-9999	2083	2031	-9999	328.6387	5	0.6469	0.6472	-0.0000	54.3590	1.1645	478.0971	323.2029	38.3769	451.9880	95.8433	477.3609	95.0964	482.9329	94.8548	486.2152	94.8548	
22/08/2017	01:13:41	019004	G523089099HLR	L523	S		438.3623	1.0233	10.0000	100.0637	39.7534	0.8230	0.8278	5.0000	20.0716	508.0532	95.0744	13.6021	24.3000	0.9300	0.9294	0.6479	-0.0001	508.0000	508.4766	1.0339	7.8493	100.0523	40.0969	0.8230	0.8243	5.0000	-9999.0000	-9999.0000	-9999.0000	-9999.0000	-9999.0000	-9999.0000	20.7425	6	0	26.1435	1.0000	99	9	-9999.0000	21627	58721	-9999	2084	2032	-9999	328.6090	5	0.6469	0.6479	-0.0001	54.4546	1.1623	474.6027	323.9439	38.3769	446.3389	95.7115	474.0439	95.0085	478.9766	94.8548	482.5596	94.7889	
22/08/2017	01:14:06	019004	G523088376HLR	L523	S		436.9533	1.0233	10.0000	99.9805	39.9534	0.8230	0.8280	5.0000	19.9426	508.0380	95.0305	14.9314	24.3000	0.9300	0.9294	0.6478	-0.0001	508.0000	508.2278	1.0339	7.8747	99.9755	39.8652	0.8230	0.8238	5.0000	-9999.0000	-9999.0000	-9999.0000	-9999.0000	-9999.0000	-9999.0000	22.7526	7	0	24.3729	1.0000	99	9	-9999.0000	21628	58722	-9999	2085	2033	-9999	328.5264	5	0.6469	0.6478	-0.0001	54.9867	1.1278	470.2484	323.4927	38.9700	441.9874	95.7115	469.7869	95.1403	474.4698	94.9207	478.9670	94.8548	
22/08/2017	01:14:21	019004	G523089048HLR	L523	S		436.4144	1.0233	10.0000	100.0089	40.0130	0.8230	0.8276	5.0000	19.9523	508.0265	94.9207	15.3015	24.3000	0.9300	0.9293	0.6474	-0.0001	508.0000	507.9510	1.0339	7.9030	100.1297	39.8461	0.8230	0.8242	5.0000	-9999.0000	-9999.0000	-9999.0000	-9999.0000	-9999.0000	-9999.0000	20.9222	8	0	15.7312	1.0000	99	9	-9999.0000	21629	58723	-9999	2086	2033	-9999	328.4786	5	0.6468	0.6474	-0.0001	55.4334	1.0998	469.3363	325.1345	38.8382	441.1047	95.6676	468.6723	95.0744	473.5490	94.8987	478.4530	94.8548	
22/08/2017	03:23:07	019004	G523089799HLR	L523	S		444.9252	1.0233	10.0000	100.0943	39.5370	0.8230	0.8277	5.0000	19.8822	508.0472	95.4039	10.2316	24.5000	0.9300	0.9294	0.6467	-0.0000	508.0000	507.1392	1.0339	7.9858	100.0571	39.5022	0.8230	0.8246	5.0000	-9999.0000	-9999.0000	-9999.0000	-9999.0000	-9999.0000	-9999.0000	20.8724	2	0	23.8924	1.0000	99	9	-9999.0000	21630	58724	-9999	2087	2034	-9999	328.5638	5	0.6467	0.6467	-0.0000	56.4293	1.0418	476.0582	312.9638	32.1162	444.8331	90.6151	475.5374	90.4613	483.0650	93.9102	490.9988	95.0305	
22/08/2017	03:23:30	019004	G523089808HLR	L523	S		444.7855	1.0233	10.0000	100.0197	39.4191	0.8230	0.8279	5.0000	20.0520	508.0395	95.3161	11.1507	24.4000	0.9300	0.9293	0.6467	-0.0000	508.0000	507.4029	1.0339	7.9589	100.0306	39.5384	0.8230	0.8249	5.0000	-9999.0000	-9999.0000	-9999.0000	-9999.0000	-9999.0000	-9999.0000	20.5529	3	0	23.2829	1.0000	99	9	-9999.0000	21631	58725	-9999	2088	2035	-9999	328.5429	5	0.6467	0.6467	-0.0000	56.4293	1.0418	476.6459	328.8930	38.2451	445.9022	92.5262	476.0785	92.5921	481.3766	94.3056	487.8233	94.7010	
22/08/2017	03:24:33	019004	error reading	L523	S		0.0000	0.0000	0.0000	0.0000	0.0000	0.8230	0.0000	0.0000	0.0000	0.0000	0.0000	0.0000	0.0000	0.9300	0.0000	0.0000	0.0000	0.0000	0.0000	0.0000	0.0000	0.0000	0.0000	0.8230	0.0000	0.0000	0.0000	0.0000	0.0000	0.0000	0.0000	0.0000	0.0000	0	28	23.4929	1.0000	99	9	0.0000	0	0	-9999	0	0	-9999	0.0000	0	0.0000	0.0000	0.0000	0.0000	0.0000	0.0000	0.0000	0.0000	0.0000	0.0000	0.0000	0.0000	0.0000	0.0000	0.0000	0.0000	
22/08/2017	03:24:50	019004	G523089788HLR	L523	S		442.2370	1.0233	10.0000	100.0300	39.5034	0.8230	0.8270	5.0000	20.0228	508.0529	95.2941	10.9407	24.4000	0.9300	0.9293	0.6480	-0.0000	508.0000	507.5560	1.0339	7.9433	100.0507	39.1263	0.8230	0.8243	5.0000	-9999.0000	-9999.0000	-9999.0000	-9999.0000	-9999.0000	-9999.0000	20.1321	6	0	33.1735	1.0000	99	9	-9999.0000	21632	58726	-9999	2089	2036	-9999	329.1918	5	0.6479	0.6480	-0.0000	56.3815	1.0409	476.7609	297.2821	35.7188	448.8641	92.8338	476.1987	92.3944	481.1496	94.1957	487.7815	94.7889	
22/08/2017	03:25:14	019004	G523089797HLR	L523	S		448.6800	1.0233	10.0000	100.0097	39.1536	0.8230	0.8275	5.0000	20.0021	508.0918	95.2282	10.4211	24.3000	0.9300	0.9293	0.6478	-0.0000	508.0000	505.9332	1.0339	7.9175	100.0216	39.6078	0.8230	0.8255	5.0000	-9999.0000	-9999.0000	-9999.0000	-9999.0000	-9999.0000	-9999.0000	20.6028	7	0	24.2321	1.0000	99	9	-9999.0000	21633	58727	-9999	2090	2037	-9999	329.1379	5	0.6477	0.6478	-0.0000	56.3889	1.0411	480.8354	322.2611	37.2126	452.5500	94.4813	480.3599	93.6466	485.6718	94.4813	491.1782	94.7889	
22/08/2017	03:25:38	019004	G523089798HLR	L523	S		449.9627	1.0233	10.0000	100.0203	39.6410	0.8230	0.8289	5.0000	19.9719	508.0522	95.2062	10.5715	24.2000	0.9300	0.9292	0.6478	-0.0000	508.0000	508.7057	1.0339	7.8259	100.0622	40.0793	0.8230	0.8245	5.0000	-9999.0000	-9999.0000	-9999.0000	-9999.0000	-9999.0000	-9999.0000	20.8227	8	0	23.9129	1.0000	99	9	-9999.0000	21634	58728	-9999	2091	2038	-9999	329.1088	5	0.6477	0.6478	-0.0000	56.3889	1.0411	481.1585	321.0944	35.5650	451.8538	94.9866	480.5428	94.0639	484.9084	94.5033	489.6108	94.6131	
22/08/2017	03:26:02	019004	G523089787HLR	L523	S		448.1254	1.0233	10.0000	100.0018	40.1577	0.8230	0.8285	5.0000	19.9816	508.0463	95.1843	10.6311	24.2000	0.9300	0.9292	0.6478	-0.0000	508.0000	507.2774	1.0339	7.9717	100.0252	39.4647	0.8230	0.8238	5.0000	-9999.0000	-9999.0000	-9999.0000	-9999.0000	-9999.0000	-9999.0000	20.5726	1	0	24.0428	1.0000	99	9	-9999.0000	21635	58729	-9999	2092	2039	-9999	329.1114	5	0.6477	0.6478	-0.0000	56.3889	1.0411	481.7286	314.9243	36.5316	452.9304	95.1184	481.1644	94.3495	485.5758	94.6571	490.1044	94.7669	
22/08/2017	03:26:30	019004	G523089617HLR	L523	S		445.9502	1.0233	10.0000	100.0704	39.9163	0.8230	0.8272	5.0000	20.0414	508.0349	95.1184	10.2912	24.2000	0.9300	0.9291	0.6481	-0.0000	508.0000	507.9275	1.0339	7.9054	100.0753	39.3333	0.8230	0.8247	5.0000	-9999.0000	-9999.0000	-9999.0000	-9999.0000	-9999.0000	-9999.0000	20.4818	2	0	27.7129	1.0000	99	9	-9999.0000	21636	58730	-9999	2093	2040	-9999	329.2460	5	0.6480	0.6481	-0.0000	56.3781	1.0409	481.6271	312.0676	37.3664	452.7640	95.4479	481.0995	94.5253	486.1586	94.6351	490.9028	94.7230	
22/08/2017	03:26:54	019004	G523089795HLR	L523	S		446.9705	1.0233	10.0000	100.0259	39.4156	0.8230	0.8268	5.0000	20.1029	508.0344	95.1623	11.9720	24.3000	0.9300	0.9292	0.6487	-0.0000	508.0000	507.9046	1.0339	7.9077	99.9742	39.9487	0.8230	0.8250	5.0000	-9999.0000	-9999.0000	-9999.0000	-9999.0000	-9999.0000	-9999.0000	24.3025	3	0	24.5232	1.0000	99	9	-9999.0000	21637	58731	-9999	2094	2041	-9999	329.5438	5	0.6486	0.6487	-0.0000	56.3533	1.0404	477.7384	303.4927	37.5641	448.3323	94.9866	477.4268	94.3495	481.5773	94.6571	486.1814	94.6571	
22/08/2017	03:27:19	019004	G523089656HLR	L523	S		444.9958	1.0233	10.0000	100.0649	39.5663	0.8230	0.8282	5.0000	19.9729	508.0358	95.0964	10.8508	24.3000	0.9300	0.9294	0.6556	-0.0007	508.0000	505.6958	1.0339	7.8991	100.0514	39.9073	0.8230	0.8242	5.0000	-9999.0000	-9999.0000	-9999.0000	-9999.0000	-9999.0000	-9999.0000	21.0320	4	0	24.6824	1.0000	99	9	-9999.0000	21638	58732	-9999	2095	2042	-9999	329.2705	5	0.6483	0.6556	-0.0007	10.6550	4.7313	477.3947	296.8248	36.7513	447.2808	95.6017	476.6589	94.7230	481.7677	94.7889	486.8868	94.8328	
22/08/2017	03:27:44	019004	G523089659HLR	L523	S		445.0324	1.0233	10.0000	100.0210	39.9487	0.8230	0.8283	5.0000	20.1016	508.0479	95.1184	10.2814	24.3000	0.9300	0.9294	0.6564	-0.0008	508.0000	508.6785	1.0339	7.8287	100.0541	39.4131	0.8230	0.8238	5.0000	-9999.0000	-9999.0000	-9999.0000	-9999.0000	-9999.0000	-9999.0000	21.3129	5	0	24.7928	1.0000	99	9	-9999.0000	21639	58733	-9999	2096	2043	-9999	329.5581	5	0.6484	0.6564	-0.0008	-16.5494	7.1066	479.2882	309.0655	36.9710	448.0634	95.5797	478.6527	94.7449	483.6428	94.7449	488.1371	94.7010	
22/08/2017	03:28:08	019004	G523089637HLR	L523	S		443.3524	1.0233	10.0000	100.1037	39.9153	0.8230	0.8275	5.0000	19.9015	508.0688	95.0744	11.0803	24.3000	0.9300	0.9293	0.6544	-0.0006	508.0000	505.1606	1.0339	7.8577	100.0662	39.5384	0.8230	0.8248	5.0000	-9999.0000	-9999.0000	-9999.0000	-9999.0000	-9999.0000	-9999.0000	21.3021	6	0	24.0622	1.0000	99	9	-9999.0000	21640	58734	-9999	2097	2044	-9999	329.2905	5	0.6483	0.6544	-0.0006	27.1948	3.1930	476.3395	301.0525	36.4437	447.2222	95.5138	475.5173	94.7230	481.7534	94.7669	485.9983	94.7010	
22/08/2017	03:28:37	019004	G523089638HLR	L523	S		446.8349	1.0233	10.0000	100.0475	39.5661	0.8230	0.8270	5.0000	20.0119	508.0356	95.0964	10.3908	24.3000	0.9300	0.9292	0.6544	-0.0006	508.0000	507.9748	1.0339	7.9005	99.9411	40.0512	0.8230	0.8251	5.0000	-9999.0000	-9999.0000	-9999.0000	-9999.0000	-9999.0000	-9999.0000	20.6724	7	0	29.1635	1.0000	99	9	-9999.0000	21641	58735	-9999	2098	2045	-9999	329.4476	5	0.6484	0.6544	-0.0006	52.6196	0.7795	478.9675	304.1536	37.1687	447.1170	95.4039	478.0434	94.7669	483.7434	94.8328	487.7062	94.7889	
22/08/2017	03:29:00	019004	G523089814HLR	L523	S		444.0162	1.0233	10.0000	100.0739	39.5102	0.8230	0.8277	5.0000	20.5618	508.0748	95.0525	11.5511	24.3000	0.9300	0.9294	0.6544	-0.0006	508.0000	509.0178	1.0339	7.7941	99.9991	39.7290	0.8230	0.8236	5.0000	-9999.0000	-9999.0000	-9999.0000	-9999.0000	-9999.0000	-9999.0000	25.7431	8	0	23.5230	1.0000	99	9	-9999.0000	21641	58736	-9999	2099	2046	-9999	329.1454	5	0.6487	0.6544	-0.0006	52.7529	0.7624	476.0179	306.7982	36.2680	445.4656	95.6456	475.3020	94.8548	480.3118	94.7889	484.4407	94.6790	
22/08/2017	03:29:24	019004	G523089658HLR	L523	S		446.0345	1.0233	10.0000	100.0004	39.8461	0.8230	0.8283	5.0000	20.0520	508.0471	95.0744	11.0813	24.3000	0.9300	0.9294	0.6544	-0.0006	508.0000	507.5797	1.0339	7.9408	100.0417	39.4881	0.8230	0.8242	5.0000	-9999.0000	-9999.0000	-9999.0000	-9999.0000	-9999.0000	-9999.0000	20.1819	1	0	23.5828	1.0000	99	9	-9999.0000	21642	58737	-9999	2100	2047	-9999	329.2722	5	0.6486	0.6544	-0.0006	59.1874	0.1953	476.3779	308.9418	36.5755	445.5098	95.6676	475.6699	94.8987	481.1292	94.8767	485.7333	94.8548	
22/08/2017	03:29:48	019004	G523089657HLR	L523	S		446.3315	1.0233	10.0000	100.0456	39.9839	0.8230	0.8277	5.0000	20.0227	508.0681	95.0525	10.5510	24.2000	0.9300	0.9293	0.6544	-0.0006	508.0000	506.9727	1.0339	7.9979	100.0549	39.8398	0.8230	0.8251	5.0000	-9999.0000	-9999.0000	-9999.0000	-9999.0000	-9999.0000	-9999.0000	20.2217	2	0	23.4919	1.0000	99	9	-9999.0000	21643	58738	-9999	2101	2048	-9999	329.4414	5	0.6489	0.6544	-0.0006	59.4571	0.1754	479.6271	314.5542	37.7398	448.5750	95.7994	478.9181	94.9866	483.6608	94.8328	487.9760	94.7669	
22/08/2017	03:30:13	019004	G523089627HLR	L523	S		446.0252	1.0233	10.0000	100.0902	39.6813	0.8230	0.8271	5.0000	19.9427	508.0589	95.0744	10.7815	24.2000	0.9300	0.9293	0.6544	-0.0006	508.0000	507.5400	1.0339	7.9449	100.0089	40.0828	0.8230	0.8248	5.0000	-9999.0000	-9999.0000	-9999.0000	-9999.0000	-9999.0000	-9999.0000	20.1720	3	0	25.1932	1.0000	99	9	-9999.0000	21644	58739	-9999	2102	2049	-9999	329.3589	5	0.6488	0.6544	-0.0006	61.3302	0.0018	478.9087	311.6216	36.0923	449.6934	95.7115	478.1175	94.8987	484.2418	94.8328	488.2037	94.6790	
22/08/2017	03:30:37	019004	G523089636HLR	L523	S		445.4657	1.0233	10.0000	100.0401	39.4838	0.8230	0.8274	5.0000	19.9718	508.0444	95.0744	10.7707	24.2000	0.9300	0.9292	0.6487	-0.0000	508.0000	508.0558	1.0339	7.8923	99.8992	39.7929	0.8230	0.8242	5.0000	-9999.0000	-9999.0000	-9999.0000	-9999.0000	-9999.0000	-9999.0000	19.8020	4	0	24.4432	1.0000	99	9	-9999.0000	21645	58740	-9999	2103	2050	-9999	329.4817	5	0.6487	0.6487	-0.0000	50.0971	1.0659	480.9014	308.8698	37.7398	449.6840	95.6456	480.2782	95.0305	485.3960	94.8987	489.1008	94.7669	
22/08/2017	03:31:02	019004	G523089635HLR	L523	S		448.0693	1.0233	10.0000	99.9939	39.8623	0.8230	0.8282	5.0000	20.0616	508.0445	94.7449	9.0713	24.2000	0.9300	0.9293	0.6483	0.0000	508.0000	508.3591	1.0339	7.8613	100.0640	39.5861	0.8230	0.8242	5.0000	-9999.0000	-9999.0000	-9999.0000	-9999.0000	-9999.0000	-9999.0000	21.1029	5	0	24.9628	1.0000	99	9	-9999.0000	21646	58741	-9999	2104	2051	-9999	329.4747	5	0.6487	0.6483	0.0000	50.8880	0.9902	487.8424	311.8606	36.6195	455.1410	95.7774	487.0831	95.0085	492.3470	94.8328	495.6809	94.7010	
22/08/2017	03:31:29	019004	G523089630HLR	L523	S		447.9458	1.0233	10.0000	100.0351	39.9720	0.8230	0.8278	5.0000	20.0423	508.0537	95.1623	9.9210	24.2000	0.9300	0.9292	0.6493	-0.0001	508.0000	507.9073	1.0339	7.9074	100.0839	39.8461	0.8230	0.8248	5.0000	-9999.0000	-9999.0000	-9999.0000	-9999.0000	-9999.0000	-9999.0000	20.8723	6	0	27.3428	1.0000	99	9	-9999.0000	21647	58742	-9999	2105	2052	-9999	329.6064	5	0.6488	0.6493	-0.0001	51.3818	0.9389	483.1809	305.8799	37.9595	454.8858	95.5138	482.6777	94.6790	487.9322	94.5692	491.8962	94.6571	
22/08/2017	03:31:53	019004	G523089641HLR	L523	S		448.2389	1.0233	10.0000	100.0180	39.7196	0.8230	0.8272	5.0000	20.0022	508.0489	95.0525	10.0510	24.3000	0.9300	0.9294	0.6493	-0.0001	508.0000	508.8571	1.0339	7.8105	99.9696	39.9141	0.8230	0.8241	5.0000	-9999.0000	-9999.0000	-9999.0000	-9999.0000	-9999.0000	-9999.0000	23.9831	7	0	23.8327	1.0000	99	9	-9999.0000	21648	58743	-9999	2106	2053	-9999	329.6203	5	0.6488	0.6493	-0.0001	52.6790	0.8182	485.5286	320.9709	38.8601	458.7887	95.7554	484.8277	95.1184	488.6828	94.8987	492.2521	94.6790	
22/08/2017	03:32:17	019004	G523089640HLR	L523	S		443.7234	1.0233	10.0000	100.0608	39.5161	0.8230	0.8274	5.0000	21.8922	508.0712	95.0305	10.7014	24.2000	0.9300	0.9292	0.6493	-0.0001	508.0000	508.0999	1.0339	7.8878	100.0602	39.6942	0.8230	0.8241	5.0000	-9999.0000	-9999.0000	-9999.0000	-9999.0000	-9999.0000	-9999.0000	20.4124	8	0	23.7224	1.0000	99	9	-9999.0000	21649	58744	-9999	2107	2054	-9999	329.6136	5	0.6488	0.6493	-0.0001	52.7209	0.8234	482.1495	297.9783	38.6405	452.2220	95.7774	481.5816	95.2282	485.9021	94.8767	489.9857	94.6131	
22/08/2017	03:32:41	019004	G523089639HLR	L523	S		447.8721	1.0233	10.0000	100.0128	39.7435	0.8230	0.8281	5.0000	20.0824	508.0376	94.8108	9.1612	24.2000	0.9300	0.9293	0.6474	0.0001	508.0000	506.8914	1.0339	7.9916	99.9937	39.6963	0.8230	0.8245	5.0000	-9999.0000	-9999.0000	-9999.0000	-9999.0000	-9999.0000	-9999.0000	20.4719	1	0	24.2322	1.0000	99	9	-9999.0000	21650	58745	-9999	2108	2055	-9999	329.3999	5	0.6487	0.6474	0.0001	53.7428	0.7282	486.6651	310.2394	37.8496	456.0597	95.7335	485.9973	95.1184	491.5679	94.8767	495.4757	94.7010	
22/08/2017	03:33:05	019004	G523089629HLR	L523	S		447.4625	1.0233	10.0000	100.0003	39.9845	0.8230	0.8278	5.0000	21.6323	508.0991	95.1623	10.0412	24.2000	0.9300	0.9292	0.6479	0.0001	508.0000	507.2709	1.0339	7.9724	100.0954	39.9487	0.8230	0.8248	5.0000	-9999.0000	-9999.0000	-9999.0000	-9999.0000	-9999.0000	-9999.0000	20.7923	2	0	23.7236	1.0000	99	9	-9999.0000	21650	58746	-9999	2109	2056	-9999	329.5349	5	0.6487	0.6479	0.0001	52.7178	0.8170	484.7270	303.9193	36.7293	453.7871	95.7774	483.9789	94.8548	489.0093	94.6351	492.4984	94.6571	
22/08/2017	03:33:28	019004	G523089631HLR	L523	S		446.6439	1.0233	10.0000	100.0130	39.8762	0.8230	0.8273	5.0000	20.0726	508.0460	94.9426	9.4913	24.2000	0.9300	0.9292	0.6475	0.0001	508.0000	508.7836	1.0339	7.8180	100.0670	39.9262	0.8230	0.8244	5.0000	-9999.0000	-9999.0000	-9999.0000	-9999.0000	-9999.0000	-9999.0000	20.4221	3	0	23.4526	1.0000	99	9	-9999.0000	21651	58747	-9999	2110	2057	-9999	329.4465	5	0.6487	0.6475	0.0001	52.4959	0.8355	486.5609	311.5546	38.2670	454.2465	95.6017	485.7094	95.0744	490.8057	94.8987	494.8286	94.6790	
22/08/2017	03:33:52	019004	G523089652HLR	L523	S		449.2103	1.0233	10.0000	99.9976	39.6099	0.8230	0.8272	5.0000	20.0822	508.0297	94.8548	8.9307	24.3000	0.9300	0.9293	0.6475	0.0001	508.0000	506.6018	1.0339	7.9692	100.0251	39.6969	0.8230	0.8242	5.0000	-9999.0000	-9999.0000	-9999.0000	-9999.0000	-9999.0000	-9999.0000	19.9621	4	0	23.7927	1.0000	99	9	-9999.0000	21652	58748	-9999	2110	2058	-9999	329.4040	5	0.6487	0.6475	0.0001	51.5910	0.9363	488.8466	311.1885	36.8172	457.3521	95.9971	488.2602	95.2062	493.3535	94.7449	496.1342	94.6351	
22/08/2017	03:34:16	019004	G523089650HLR	L523	S		450.5392	1.0233	10.0000	100.0036	39.6410	0.8230	0.8278	5.0000	20.0822	508.0495	94.7889	8.2402	24.3000	0.9300	0.9294	0.6496	-0.0001	508.0000	505.6341	1.0339	7.8943	99.9283	39.7435	0.8230	0.8246	5.0000	-9999.0000	-9999.0000	-9999.0000	-9999.0000	-9999.0000	-9999.0000	20.4813	5	0	23.4822	1.0000	99	9	-9999.0000	21653	58749	-9999	2111	2059	-9999	329.6900	5	0.6487	0.6496	-0.0001	49.2471	1.1533	489.3499	304.6662	35.9165	459.2287	95.6456	488.7732	94.8987	493.6482	94.7230	497.6009	94.7010	
22/08/2017	03:34:40	019004	G523089651HLR	L523	S		443.7898	1.0233	10.0000	99.9594	39.9487	0.8230	0.8282	5.0000	19.9331	508.0354	95.2721	10.4914	24.3000	0.9300	0.9294	0.6501	-0.0001	508.0000	508.6123	1.0339	7.8355	100.0779	39.9949	0.8230	0.8249	5.0000	-9999.0000	-9999.0000	-9999.0000	-9999.0000	-9999.0000	-9999.0000	20.0725	6	0	24.1130	1.0000	99	9	-9999.0000	21653	58750	-9999	2112	2060	-9999	329.6152	5	0.6488	0.6501	-0.0001	48.5883	1.2101	480.3844	311.0558	37.8936	452.0075	95.5577	479.9364	94.7010	484.0691	94.7010	489.0566	94.6790	
22/08/2017	03:35:04	019004	G523089643HLR	L523	S		445.2023	1.0233	10.0000	100.0509	39.9933	0.8230	0.8277	5.0000	20.0325	508.0236	94.9866	11.0813	24.3000	0.9300	0.9294	0.6487	-0.0000	508.0000	509.4376	1.0339	7.7513	100.0724	39.9327	0.8230	0.8243	5.0000	-9999.0000	-9999.0000	-9999.0000	-9999.0000	-9999.0000	-9999.0000	20.8118	7	0	24.0925	1.0000	99	9	-9999.0000	21654	58751	-9999	2113	2061	-9999	329.5466	5	0.6487	0.6487	-0.0000	50.9204	0.9961	483.5379	311.3679	38.7283	451.1011	96.0630	482.5336	95.4259	487.0559	95.0085	490.2995	94.7230	
22/08/2017	03:35:33	019004	G523089634HLR	L523	S		442.7824	1.0233	10.0000	100.0014	39.7073	0.8230	0.8271	5.0000	20.1322	508.0596	94.8987	11.5609	24.2000	0.9300	0.9293	0.6506	-0.0002	508.0000	506.7674	1.0339	7.9820	100.0534	39.6987	0.8230	0.8241	5.0000	-9999.0000	-9999.0000	-9999.0000	-9999.0000	-9999.0000	-9999.0000	20.7220	8	0	28.6126	1.0000	99	9	-9999.0000	21655	58752	-9999	2114	2062	-9999	329.5462	5	0.6488	0.6506	-0.0002	47.4842	1.3175	478.3785	299.5567	36.4437	448.9666	96.2826	477.5965	95.5577	483.2638	94.9866	487.6150	94.7889	
22/08/2017	03:36:00	019004	G523088066HLR	L523	S		442.5887	1.0233	10.0000	100.0126	39.5933	0.8230	0.8275	5.0000	20.0422	508.0234	94.8328	11.7113	24.2000	0.9300	0.9293	0.6539	-0.0005	508.0000	509.2074	1.0339	7.7748	100.0012	39.7435	0.8230	0.8243	5.0000	-9999.0000	-9999.0000	-9999.0000	-9999.0000	-9999.0000	-9999.0000	25.2430	1	0	27.9836	1.0000	99	9	-9999.0000	21656	58753	-9999	2115	2063	-9999	329.3062	5	0.6489	0.6539	-0.0005	43.1938	1.7220	477.2433	300.0244	36.4218	447.2600	96.2167	476.4098	95.5138	481.8753	95.0085	485.8089	94.8108	
22/08/2017	03:36:24	019004	G523090085HLR	L523	S		445.4514	1.0233	10.0000	100.0917	39.8404	0.8230	0.8281	5.0000	19.9721	508.0749	94.7889	9.0606	24.2000	0.9300	0.9293	0.6540	-0.0005	508.0000	510.3432	1.0339	7.6589	99.9947	39.9595	0.8230	0.8242	5.0000	-9999.0000	-9999.0000	-9999.0000	-9999.0000	-9999.0000	-9999.0000	24.5428	2	0	23.6130	1.0000	99	9	-9999.0000	21657	58754	-9999	2116	2064	-9999	330.0131	5	0.6489	0.6540	-0.0005	42.9790	1.7549	486.4165	302.5611	37.8277	455.8449	96.0630	485.4936	95.4259	490.6788	94.9646	494.5574	94.8328	
22/08/2017	03:36:48	019004	G523090114HLR	L523	S		449.8705	1.0233	10.0000	100.1115	40.0248	0.8230	0.8279	5.0000	19.9114	508.0523	94.8328	9.3809	24.2000	0.9300	0.9291	0.6547	-0.0006	508.0000	509.2705	1.0339	7.7683	99.9858	39.8946	0.8230	0.8242	5.0000	-9999.0000	-9999.0000	-9999.0000	-9999.0000	-9999.0000	-9999.0000	20.3225	3	0	23.9325	1.0000	99	9	-9999.0000	21658	58755	-9999	2117	2065	-9999	329.9240	5	0.6488	0.6547	-0.0006	42.0892	1.8483	484.2645	252.7094	36.0923	453.7549	96.0630	483.5633	95.1843	488.8350	94.7669	492.3355	94.5912	
22/08/2017	03:37:11	019004	G523089624HLR	L523	S		445.4895	1.0233	10.0000	100.0921	39.8926	0.8230	0.8273	5.0000	19.9819	508.0724	95.0744	10.6819	24.2000	0.9300	0.9293	0.6532	-0.0004	508.0000	508.4637	1.0339	7.8506	100.0344	39.7384	0.8230	0.8242	5.0000	-9999.0000	-9999.0000	-9999.0000	-9999.0000	-9999.0000	-9999.0000	20.4621	4	0	23.3629	1.0000	99	9	-9999.0000	21659	58756	-9999	2118	2066	-9999	329.6267	5	0.6488	0.6532	-0.0004	41.6692	1.8909	479.0435	274.4577	36.1142	448.5240	95.9092	478.2767	95.1843	483.8773	94.8328	487.6314	94.6571	
22/08/2017	03:37:35	019004	G523089660HLR	L523	S		451.0781	1.0233	10.0000	100.0432	39.6305	0.8230	0.8271	5.0000	20.8519	508.0644	94.8108	9.0508	24.3000	0.9300	0.9293	0.6544	-0.0005	508.0000	507.5245	1.0339	7.9465	99.9738	39.8461	0.8230	0.8247	5.0000	-9999.0000	-9999.0000	-9999.0000	-9999.0000	-9999.0000	-9999.0000	20.0725	5	0	23.6823	1.0000	99	9	-9999.0000	21660	58757	-9999	2119	2067	-9999	330.0274	5	0.6488	0.6544	-0.0005	39.8050	2.0791	485.5943	297.3061	37.4762	454.4163	95.9312	484.7680	95.3380	489.9407	94.9866	494.0614	94.7230	
22/08/2017	03:37:58	019004	G523090107HLR	L523	S		437.6160	1.0233	10.0000	100.0207	39.7591	0.8230	0.8279	5.0000	19.9926	508.0331	94.9866	10.4504	24.3000	0.9300	0.9293	0.6527	-0.0004	508.0000	510.2913	1.0339	7.6642	100.0556	40.0312	0.8230	0.8246	5.0000	-9999.0000	-9999.0000	-9999.0000	-9999.0000	-9999.0000	-9999.0000	20.2326	6	0	23.3630	1.0000	99	9	-9999.0000	21661	58758	-9999	2120	2068	-9999	329.5810	5	0.6487	0.6527	-0.0004	42.0393	1.8697	480.1644	301.2682	38.3769	450.0007	95.9971	479.5849	95.3161	484.7109	94.8328	488.9843	94.5692	
22/08/2017	03:38:27	019004	G523090079HLR	L523	S		451.3716	1.0233	10.0000	100.0200	39.9976	0.8230	0.8278	5.0000	19.9728	508.0786	94.8328	8.8916	24.3000	0.9300	0.9293	0.6514	-0.0003	508.0000	508.9073	1.0339	7.8054	99.9564	39.9161	0.8230	0.8243	5.0000	-9999.0000	-9999.0000	-9999.0000	-9999.0000	-9999.0000	-9999.0000	20.0421	7	0	28.1028	1.0000	99	9	-9999.0000	21662	58759	-9999	2121	2069	-9999	329.8377	5	0.6488	0.6514	-0.0003	41.8434	1.8892	488.3573	266.2992	38.8601	457.1209	95.8872	487.6358	95.3600	492.3709	94.9646	495.4305	94.6351	
22/08/2017	03:38:54	019004	G523090067HLR	L523	S		449.7232	1.0233	10.0000	100.0238	39.8875	0.8230	0.8274	5.0000	19.9622	508.0869	95.1623	10.1603	24.3000	0.9300	0.9293	0.6514	-0.0003	508.0000	508.7300	1.0339	7.8235	99.9724	39.6793	0.8230	0.8238	5.0000	-9999.0000	-9999.0000	-9999.0000	-9999.0000	-9999.0000	-9999.0000	24.6325	8	0	27.3331	1.0000	99	9	-9999.0000	21663	58760	-9999	2122	2070	-9999	329.6712	5	0.6487	0.6514	-0.0003	41.6881	1.8962	484.2402	305.2058	38.7723	454.1262	96.0190	483.7081	95.1623	488.1933	94.7669	491.3755	94.7010	
22/08/2017	03:39:18	019004	G523090078HLR	L523	S		452.3014	1.0233	10.0000	100.0148	39.6801	0.8230	0.8273	5.0000	19.9623	508.0745	94.8108	8.3613	24.3000	0.9300	0.9294	0.6525	-0.0004	508.0000	508.1389	1.0339	7.8838	99.9169	39.8461	0.8230	0.8243	5.0000	-9999.0000	-9999.0000	-9999.0000	-9999.0000	-9999.0000	-9999.0000	24.0134	1	0	24.2225	1.0000	99	9	-9999.0000	21663	58761	-9999	2123	2071	-9999	329.9965	5	0.6487	0.6525	-0.0004	39.4907	2.1101	488.6957	310.2796	40.7933	465.4661	96.0630	487.9633	95.5797	492.9560	95.0085	496.5248	94.7010	
22/08/2017	03:39:42	019004	G523090081HLR	L523	S		464.9609	1.0233	10.0000	100.0263	39.7435	0.8230	0.8277	5.0000	20.0424	508.0663	94.6571	3.4301	24.2000	0.9300	0.9292	0.6524	-0.0004	508.0000	505.4245	1.0339	7.8781	100.0506	40.0887	0.8230	0.8247	5.0000	-9999.0000	-9999.0000	-9999.0000	-9999.0000	-9999.0000	-9999.0000	19.8127	2	0	23.8425	1.0000	99	9	-9999.0000	21664	58762	-9999	2124	2072	-9999	330.8797	5	0.6487	0.6524	-0.0004	38.9449	2.1733	506.6882	300.8657	37.2126	475.3640	95.7774	506.0125	94.8328	501.3271	24.6034	0.0000	0.0000	
22/08/2017	03:40:06	019004	G523090286HLR	L523	S		450.6442	1.0233	10.0000	100.0814	39.9487	0.8230	0.8280	5.0000	20.0020	508.0480	95.0305	12.1117	24.4000	0.9300	0.9296	0.6516	-0.0003	508.0000	511.9368	1.0339	7.4962	100.0813	39.9276	0.8230	0.8242	5.0000	-9999.0000	-9999.0000	-9999.0000	-9999.0000	-9999.0000	-9999.0000	20.5423	3	0	23.7526	1.0000	99	9	-9999.0000	21665	58763	-9999	2125	2073	-9999	329.3046	5	0.6487	0.6516	-0.0003	37.6123	2.3099	465.0928	303.4154	37.7618	415.4354	95.8872	463.5166	94.9646	473.0604	94.7449	480.2405	94.7230	
22/08/2017	03:40:29	019004	G523090297HLR	L523	S		451.3891	1.0233	10.0000	100.0161	39.9755	0.8230	0.8277	5.0000	20.0920	508.0589	94.9207	9.3018	24.4000	0.9300	0.9295	0.6516	-0.0003	508.0000	508.2225	1.0339	7.8753	99.9952	39.7919	0.8230	0.8242	5.0000	-9999.0000	-9999.0000	-9999.0000	-9999.0000	-9999.0000	-9999.0000	20.3421	4	0	23.7731	1.0000	99	9	-9999.0000	21666	58764	-9999	2126	2074	-9999	329.7174	5	0.6487	0.6516	-0.0003	37.5033	2.3093	487.2121	302.4272	37.9595	457.5608	96.4364	486.5654	95.7774	491.6769	95.0525	494.9738	94.8108	
22/08/2017	03:40:53	019004	G523090275HLR	L523	S		444.7178	1.0233	10.0000	100.0452	39.7912	0.8230	0.8272	5.0000	20.0930	508.0457	95.1403	12.4516	24.4000	0.9300	0.9295	0.6525	-0.0004	508.0000	508.2502	1.0339	7.8724	100.0123	39.8473	0.8230	0.8246	5.0000	-9999.0000	-9999.0000	-9999.0000	-9999.0000	-9999.0000	-9999.0000	20.4718	5	0	23.7030	1.0000	99	9	-9999.0000	21667	58765	-9999	2126	2075	-9999	329.1326	5	0.6487	0.6525	-0.0004	34.3146	2.6216	475.5213	297.9802	37.3664	448.1973	96.4144	474.9428	95.6017	480.4608	94.8108	483.7616	94.6571	
22/08/2017	03:41:16	019004	G523090274HLR	L523	S		451.3023	1.0233	10.0000	100.0217	39.6832	0.8230	0.8276	5.0000	20.0824	508.0623	94.8548	9.0108	24.3000	0.9300	0.9294	0.6566	-0.0008	508.0000	508.8241	1.0339	7.8139	99.9901	40.0512	0.8230	0.8246	5.0000	-9999.0000	-9999.0000	-9999.0000	-9999.0000	-9999.0000	-9999.0000	20.3226	6	0	23.3522	1.0000	99	9	-9999.0000	21668	58766	-9999	2127	2076	-9999	329.9939	5	0.6488	0.6566	-0.0008	31.4386	2.9135	486.8660	308.0170	37.5201	456.2484	96.5023	486.0898	95.7554	490.7832	95.0525	494.4919	94.8548	
22/08/2017	03:41:40	019004	G523090273HLR	L523	S		452.6138	1.0233	10.0000	100.0451	39.8672	0.8230	0.8279	5.0000	20.1019	508.0967	94.8548	8.6611	24.3000	0.9300	0.9292	0.6571	-0.0008	508.0000	508.6820	1.0339	7.8284	99.9946	39.9923	0.8230	0.8244	5.0000	-9999.0000	-9999.0000	-9999.0000	-9999.0000	-9999.0000	-9999.0000	20.0626	7	0	23.6530	1.0000	99	9	-9999.0000	21669	58767	-9999	2128	2077	-9999	330.1844	5	0.6487	0.6571	-0.0008	31.9616	2.8438	486.2605	304.1877	37.6519	457.5838	96.3046	485.4674	95.4698	491.0354	94.7669	494.4109	94.6131	
22/08/2017	03:42:04	019004	G523090292HLR	L523	S		451.2058	1.0233	10.0000	99.9858	39.9927	0.8230	0.8278	5.0000	19.9525	508.0874	95.0744	9.6310	24.3000	0.9300	0.9292	0.6572	-0.0009	508.0000	508.5530	1.0339	7.8415	99.9963	39.8451	0.8230	0.8242	5.0000	-9999.0000	-9999.0000	-9999.0000	-9999.0000	-9999.0000	-9999.0000	20.2726	8	0	23.6726	1.0000	99	9	-9999.0000	21670	58768	-9999	2129	2078	-9999	329.7221	5	0.6486	0.6572	-0.0009	31.5500	2.8863	482.4565	255.7150	39.0359	454.0465	95.7774	481.7633	95.0525	487.4094	94.8328	491.2751	94.6790	
22/08/2017	03:42:28	019004	G523090272HLR	L523	S		452.5672	1.0233	10.0000	100.0042	39.9110	0.8230	0.8274	5.0000	20.1514	508.0345	94.7889	8.1005	24.3000	0.9300	0.9292	0.6568	-0.0008	508.0000	508.0413	1.0339	7.8937	100.0523	39.8676	0.8230	0.8245	5.0000	-9999.0000	-9999.0000	-9999.0000	-9999.0000	-9999.0000	-9999.0000	20.3821	1	0	23.9724	1.0000	99	9	-9999.0000	21671	58769	-9999	2130	2079	-9999	330.3225	5	0.6485	0.6568	-0.0008	32.8366	2.7465	487.8775	312.9170	37.6739	457.8308	95.9312	487.1551	95.3161	492.7542	94.9426	496.9330	94.7010	
22/08/2017	03:42:52	019004	G523090270HLR	L523	S		449.7558	1.0233	10.0000	99.9861	39.7335	0.8230	0.8275	5.0000	20.0228	508.0497	95.0525	9.6612	24.3000	0.9300	0.9292	0.6565	-0.0008	508.0000	508.3506	1.0339	7.8622	99.9574	40.0254	0.8230	0.8245	5.0000	-9999.0000	-9999.0000	-9999.0000	-9999.0000	-9999.0000	-9999.0000	20.5726	2	0	24.0622	1.0000	99	9	-9999.0000	21672	58770	-9999	2131	2080	-9999	329.6807	5	0.6486	0.6565	-0.0008	32.7691	2.7503	482.0009	299.8366	38.6624	453.4480	95.8213	481.3044	95.0525	486.9424	94.7230	491.2605	94.6790	
22/08/2017	03:43:16	019004	G523090291HLR	L523	S		445.7463	1.0233	10.0000	99.9918	39.7695	0.8230	0.8277	5.0000	20.0227	508.0316	95.0744	10.5119	24.3000	0.9300	0.9293	0.6566	-0.0008	508.0000	507.1201	1.0339	7.9877	100.1170	39.9857	0.8230	0.8243	5.0000	-9999.0000	-9999.0000	-9999.0000	-9999.0000	-9999.0000	-9999.0000	20.7826	3	0	24.6034	1.0000	99	9	-9999.0000	21673	58771	-9999	2132	2081	-9999	329.2702	5	0.6486	0.6566	-0.0008	31.8987	2.8469	478.3154	305.0327	37.5421	449.5004	96.0410	477.3648	95.4918	482.8610	94.8987	486.2559	94.7889	
22/08/2017	03:43:40	019004	G523090269HLR	L523	S		448.5251	1.0233	10.0000	100.0139	39.9487	0.8230	0.8279	5.0000	20.0422	508.0522	95.0085	10.7209	24.3000	0.9300	0.9293	0.6568	-0.0008	508.0000	508.4537	1.0339	7.8517	100.0525	39.8561	0.8230	0.8241	5.0000	-9999.0000	-9999.0000	-9999.0000	-9999.0000	-9999.0000	-9999.0000	21.0618	4	0	23.8522	1.0000	99	9	-9999.0000	21674	58772	-9999	2133	2082	-9999	329.1453	5	0.6486	0.6568	-0.0008	31.6893	2.8663	480.1153	304.7916	39.7608	449.6441	96.3485	479.2702	95.7994	484.8908	95.0525	487.8045	94.7230	
22/08/2017	03:44:04	019004	G523089904HLR	L523	S		444.0200	1.0233	10.0000	99.9491	39.9837	0.8230	0.8276	5.0000	19.9425	508.0493	94.9866	11.4319	24.3000	0.9300	0.9293	0.6570	-0.0009	508.0000	506.9454	1.0339	7.9958	100.0817	39.9108	0.8230	0.8245	5.0000	-9999.0000	-9999.0000	-9999.0000	-9999.0000	-9999.0000	-9999.0000	20.5228	5	0	24.0126	1.0000	99	9	-9999.0000	21675	58773	-9999	2134	2083	-9999	328.8080	5	0.6486	0.6570	-0.0009	30.7035	2.9859	477.6318	315.8300	38.3549	449.0771	96.1728	476.8516	95.6456	481.7013	95.0305	485.2381	94.7230	
22/08/2017	03:44:31	019004	G523089909HLR	L523	S		453.5417	1.0233	10.0000	100.0647	39.8566	0.8230	0.8273	5.0000	19.9621	508.0634	94.8328	7.6307	24.3000	0.9300	0.9292	0.6572	-0.0009	508.0000	508.0196	1.0339	7.8960	100.1367	40.0078	0.8230	0.8244	5.0000	-9999.0000	-9999.0000	-9999.0000	-9999.0000	-9999.0000	-9999.0000	20.6117	6	0	27.0831	1.0000	99	9	-9999.0000	21676	58774	-9999	2135	2084	-9999	330.4770	5	0.6486	0.6572	-0.0009	30.8907	2.9604	491.0019	314.3270	39.1457	459.4261	96.0190	490.0175	95.4918	495.3115	95.0525	499.0122	94.8108	
22/08/2017	03:44:55	019004	G523089705HLR	L523	S		446.6406	1.0233	10.0000	100.1063	39.7380	0.8230	0.8275	5.0000	20.0726	508.0380	95.2062	10.4006	24.3000	0.9300	0.9292	0.6571	-0.0009	508.0000	506.8333	1.0339	7.9871	99.9857	39.8895	0.8230	0.8239	5.0000	-9999.0000	-9999.0000	-9999.0000	-9999.0000	-9999.0000	-9999.0000	23.7827	7	0	23.4224	1.0000	99	9	-9999.0000	21677	58775	-9999	2136	2085	-9999	329.2499	5	0.6487	0.6571	-0.0009	30.3149	3.0125	479.3887	310.5491	37.9155	450.4164	95.6895	478.7330	94.8987	484.0807	94.7669	488.1347	94.7010	
22/08/2017	03:45:19	019004	G523089825HLR	L523	S		447.7273	1.0233	10.0000	100.0169	39.8715	0.8230	0.8278	5.0000	20.1017	508.0833	95.0085	10.5813	24.3000	0.9300	0.9293	0.6572	-0.0009	508.0000	507.3064	1.0339	7.9687	100.0437	39.8995	0.8230	0.8244	5.0000	-9999.0000	-9999.0000	-9999.0000	-9999.0000	-9999.0000	-9999.0000	19.8820	8	0	24.0427	1.0000	99	9	-9999.0000	21678	58776	-9999	2137	2086	-9999	329.2051	5	0.6486	0.6572	-0.0009	31.5271	2.8668	480.6387	309.2052	38.0473	449.8034	96.2607	479.8189	95.5797	484.7806	94.9646	487.9297	94.6790	
22/08/2017	03:46:02	019004	G523089826HLR	L523	S		450.0906	1.0233	10.0000	100.0727	39.9954	0.8230	0.8278	5.0000	20.0629	508.0767	94.9207	9.4405	24.3000	0.9300	0.9293	0.6568	-0.0008	508.0000	509.8262	1.0339	7.7116	100.0244	39.9896	0.8230	0.8244	5.0000	-9999.0000	-9999.0000	-9999.0000	-9999.0000	-9999.0000	-9999.0000	20.7523	1	0	42.8056	1.0000	99	9	-9999.0000	21679	58777	-9999	2138	2087	-9999	329.7478	5	0.6486	0.6568	-0.0008	32.6385	2.7388	483.3684	308.7005	38.0254	454.6984	96.0630	482.5936	95.5358	488.3171	95.0085	491.6915	94.7230	
22/08/2017	03:46:26	019004	G523089903HLR	L523	S		444.9175	1.0233	10.0000	100.0236	39.9264	0.8230	0.8274	5.0000	20.0217	508.0485	95.0744	11.6517	24.3000	0.9300	0.9294	0.6570	-0.0009	508.0000	507.1462	1.0339	7.9851	99.9992	39.9079	0.8230	0.8239	5.0000	-9999.0000	-9999.0000	-9999.0000	-9999.0000	-9999.0000	-9999.0000	24.0222	2	0	24.4519	1.0000	99	9	-9999.0000	21680	58778	-9999	2139	2087	-9999	328.7375	5	0.6487	0.6570	-0.0009	33.4883	2.6429	476.2357	303.8899	37.3005	448.2348	96.1508	475.6281	95.4039	480.3780	94.9426	483.7499	94.6351	
22/08/2017	03:46:50	019004	G523089880HLR	L523	S		450.6417	1.0233	10.0000	100.0494	39.7927	0.8230	0.8274	5.0000	19.9221	508.0725	94.9426	9.2413	24.3000	0.9300	0.9293	0.6568	-0.0008	508.0000	509.4251	1.0339	7.7525	100.1111	40.0261	0.8230	0.8241	5.0000	-9999.0000	-9999.0000	-9999.0000	-9999.0000	-9999.0000	-9999.0000	21.0521	3	0	23.8038	1.0000	99	9	-9999.0000	21681	58779	-9999	2140	2088	-9999	329.8207	5	0.6487	0.6568	-0.0008	33.3731	2.6440	483.0878	315.7134	39.1896	459.2526	95.9092	482.5117	95.4039	488.2184	95.0305	492.9342	94.8328	
22/08/2017	03:47:13	019004	G523089884HLR	L523	S		449.8135	1.0233	10.0000	100.0026	39.8744	0.8230	0.8277	5.0000	20.1115	508.0545	94.9866	9.2413	24.3000	0.9300	0.9293	0.6567	-0.0008	508.0000	506.5464	1.0339	7.9649	100.0484	39.9016	0.8230	0.8242	5.0000	-9999.0000	-9999.0000	-9999.0000	-9999.0000	-9999.0000	-9999.0000	20.4221	4	0	23.2318	1.0000	99	9	-9999.0000	21682	58780	-9999	2141	2089	-9999	329.7987	5	0.6487	0.6567	-0.0008	33.7713	2.5963	485.1963	291.9613	37.3005	456.8604	95.9531	484.5722	95.2502	488.5344	94.7230	491.8965	94.6131	
22/08/2017	03:47:38	019004	G523089897HLR	L523	S		451.9827	1.0233	10.0000	100.0062	39.9438	0.8230	0.8277	5.0000	20.0325	502.6054	95.0305	31.0035	24.2000	0.9300	0.9295	0.6563	-0.0008	508.0000	475.1776	1.0339	5.5379	100.0043	39.9487	0.8230	0.8245	5.0000	-9999.0000	-9999.0000	-9999.0000	-9999.0000	-9999.0000	-9999.0000	19.9222	5	34	24.4724	1.0000	99	9	-9999.0000	21683	58781	-9999	2142	2090	-9999	317.2123	5	0.6486	0.6563	-0.0008	34.2404	2.5338	413.4617	312.8075	39.9365	395.8984	96.2387	412.6332	95.7774	417.9846	95.0305	421.1694	94.6790	
22/08/2017	03:48:06	019004	G523089908HLR	L523	S		450.9891	1.0233	10.0000	100.0157	39.9505	0.8230	0.8276	5.0000	20.0620	508.0366	95.0525	8.6807	24.1000	0.9300	0.9289	0.6563	-0.0008	508.0000	508.0801	1.0339	7.8898	100.0849	40.0107	0.8230	0.8243	5.0000	-9999.0000	-9999.0000	-9999.0000	-9999.0000	-9999.0000	-9999.0000	21.0823	6	0	27.9339	1.0000	99	9	-9999.0000	21684	58782	-9999	2143	2091	-9999	329.9928	5	0.6486	0.6563	-0.0008	34.2404	2.5338	486.0896	301.1463	37.8057	455.0883	96.0630	485.3346	95.3820	490.8045	94.9426	494.4874	94.7889	
22/08/2017	03:48:29	019004	G523089905HLR	L523	S		441.0938	1.0233	10.0000	100.0500	39.8631	0.8230	0.8273	5.0000	20.1820	508.0788	95.2502	11.4710	24.3000	0.9300	0.9291	0.6556	-0.0007	508.0000	505.1646	1.0339	7.8580	99.9834	39.8946	0.8230	0.8238	5.0000	-9999.0000	-9999.0000	-9999.0000	-9999.0000	-9999.0000	-9999.0000	24.6229	7	0	23.9128	1.0000	99	9	-9999.0000	21685	58783	-9999	2144	2092	-9999	328.9173	5	0.6484	0.6556	-0.0007	34.4870	2.5148	475.9506	307.0183	39.6290	448.9344	95.7774	475.0965	95.0525	480.6077	94.7449	484.1985	94.7230	
22/08/2017	03:48:53	019004	G523089902HLR	L523	S		445.1476	1.0233	10.0000	100.0750	39.6674	0.8230	0.8274	5.0000	20.2317	508.0413	94.9866	9.8908	24.3000	0.9300	0.9293	0.6559	-0.0007	508.0000	505.5937	1.0339	7.8912	100.1126	39.9401	0.8230	0.8243	5.0000	-9999.0000	-9999.0000	-9999.0000	-9999.0000	-9999.0000	-9999.0000	20.5423	8	0	23.6326	1.0000	99	9	-9999.0000	21686	58784	-9999	2145	2093	-9999	329.4972	5	0.6485	0.6559	-0.0007	34.8335	2.4636	483.5936	315.6415	38.3329	455.0223	96.0849	482.7863	95.4259	487.5069	95.0085	490.9698	94.8328	
22/08/2017	03:49:17	019004	G523089910HLR	L523	S		450.4161	1.0233	10.0000	99.9844	39.8596	0.8230	0.8281	5.0000	19.9621	508.0574	94.9207	8.7705	24.2000	0.9300	0.9292	0.6548	-0.0006	508.0000	507.0392	1.0339	7.9960	99.9821	40.0058	0.8230	0.8244	5.0000	-9999.0000	-9999.0000	-9999.0000	-9999.0000	-9999.0000	-9999.0000	20.3517	1	0	24.4324	1.0000	99	9	-9999.0000	21687	58785	-9999	2146	2093	-9999	329.9068	5	0.6486	0.6548	-0.0006	38.5805	2.0783	486.3834	321.6370	38.9260	457.1499	95.7994	485.6649	95.1403	490.2200	94.7889	494.3997	94.6571	
22/08/2017	03:49:45	019004	G523089879HLR	L523	S		449.5206	1.0233	10.0000	100.0370	40.1202	0.8230	0.8280	5.0000	20.1018	508.0410	95.0085	9.4708	24.3000	0.9300	0.9292	0.6556	-0.0007	508.0000	507.5637	1.0339	7.9425	100.0799	39.9829	0.8230	0.8242	5.0000	-9999.0000	-9999.0000	-9999.0000	-9999.0000	-9999.0000	-9999.0000	21.0424	2	0	27.5626	1.0000	99	9	-9999.0000	21688	58786	-9999	2147	2094	-9999	329.6128	5	0.6486	0.6556	-0.0007	39.6301	1.9641	483.0185	312.6688	37.6080	454.3353	95.5797	482.3795	94.9207	487.9272	94.7449	492.4684	94.7669	
22/08/2017	03:50:14	019004	G523089955HLR	L523	S		444.9024	1.0233	10.0000	100.0339	40.0275	0.8230	0.8274	5.0000	20.0326	508.0602	95.1184	11.6810	24.4000	0.9300	0.9294	0.6544	-0.0006	508.0000	509.5733	1.0339	7.7374	99.9697	39.8762	0.8230	0.8239	5.0000	-9999.0000	-9999.0000	-9999.0000	-9999.0000	-9999.0000	-9999.0000	24.1833	3	0	28.9036	1.0000	99	9	-9999.0000	21689	58787	-9999	2148	2095	-9999	329.0370	5	0.6487	0.6544	-0.0006	39.6463	1.9632	475.5612	321.2511	40.4857	452.2818	95.5138	474.8644	95.1184	480.3750	94.8767	484.4944	94.7449	
22/08/2017	03:50:42	019004	G523089951HLR	L523	S		447.9168	1.0233	10.0000	100.0386	39.8459	0.8230	0.8272	5.0000	19.9328	508.0432	94.9207	10.2111	24.3000	0.9300	0.9295	0.6547	-0.0006	508.0000	508.7367	1.0339	7.8228	99.9718	39.8873	0.8230	0.8239	5.0000	-9999.0000	-9999.0000	-9999.0000	-9999.0000	-9999.0000	-9999.0000	25.5224	4	0	27.7629	1.0000	99	9	-9999.0000	21690	58788	-9999	2149	2096	-9999	329.5229	5	0.6489	0.6547	-0.0006	39.6463	1.9686	480.8335	308.5175	39.6290	455.2256	95.7554	480.0749	95.1623	484.9739	94.9866	489.4228	94.8767	
22/08/2017	03:51:06	019004	G523089942HLR	L523	S		441.5136	1.0233	10.0000	100.0107	39.7454	0.8230	0.8275	5.0000	19.9718	508.0613	95.1843	12.4213	24.3000	0.9300	0.9294	0.6551	-0.0006	508.0000	506.2188	1.0339	7.9396	99.9445	39.9810	0.8230	0.8239	5.0000	-9999.0000	-9999.0000	-9999.0000	-9999.0000	-9999.0000	-9999.0000	24.4119	5	0	24.6727	1.0000	99	9	-9999.0000	21691	58789	-9999	2150	2097	-9999	328.8912	5	0.6490	0.6551	-0.0006	39.4096	1.9854	475.4192	312.9255	38.0034	446.4966	96.0190	474.7414	95.2941	479.3165	94.8767	482.6030	94.6131	
22/08/2017	03:51:31	019004	G523089972HLR	L523	S		444.4804	1.0233	10.0000	100.0389	39.9321	0.8230	0.8280	5.0000	20.1320	508.0598	94.9646	11.1214	24.3000	0.9300	0.9293	0.6552	-0.0006	508.0000	506.9085	1.0339	7.9929	99.9827	40.0650	0.8230	0.8244	5.0000	-9999.0000	-9999.0000	-9999.0000	-9999.0000	-9999.0000	-9999.0000	19.9319	6	0	24.5027	1.0000	99	9	-9999.0000	21692	58790	-9999	2151	2098	-9999	329.3198	5	0.6490	0.6552	-0.0006	39.7968	1.9364	478.2681	315.8148	39.3874	450.2237	95.8213	477.4642	95.2941	482.8732	94.9866	487.1634	94.8328	
22/08/2017	03:51:55	019004	G523089943HLR	L523	S		447.6386	1.0233	10.0000	100.0613	40.0844	0.8230	0.8278	5.0000	20.0725	508.0414	94.9646	10.7405	24.3000	0.9300	0.9292	0.6557	-0.0007	508.0000	508.1908	1.0339	7.8785	100.1137	40.0781	0.8230	0.8243	5.0000	-9999.0000	-9999.0000	-9999.0000	-9999.0000	-9999.0000	-9999.0000	20.4017	7	0	24.1327	1.0000	99	9	-9999.0000	21693	58791	-9999	2152	2099	-9999	329.3037	5	0.6489	0.6557	-0.0007	39.1936	2.0106	479.2253	308.5982	37.9155	450.2012	95.7774	478.6376	95.1403	483.8194	94.9426	487.9234	94.8108	
22/08/2017	03:52:19	019004	G523089934HLR	L523	S		447.6042	1.0233	10.0000	100.0317	39.9782	0.8230	0.8273	5.0000	19.8821	508.0505	95.0085	10.0304	24.3000	0.9300	0.9292	0.6556	-0.0007	508.0000	507.6435	1.0339	7.9343	100.0979	40.0396	0.8230	0.8242	5.0000	-9999.0000	-9999.0000	-9999.0000	-9999.0000	-9999.0000	-9999.0000	20.7620	8	0	24.4528	1.0000	99	9	-9999.0000	21694	58792	-9999	2153	2100	-9999	329.6066	5	0.6489	0.6556	-0.0007	39.0879	2.0262	481.4669	305.6179	38.6405	452.8555	95.5577	480.7413	94.9866	485.6046	94.8987	490.5420	94.7010	
22/08/2017	03:52:43	019004	G523089940HLR	L523	S		440.4162	1.0233	10.0000	100.0923	39.7994	0.8230	0.8273	5.0000	20.0920	508.0444	95.2062	12.9409	24.3000	0.9300	0.9294	0.6548	-0.0006	508.0000	506.6566	1.0339	7.9734	99.9512	40.0224	0.8230	0.8242	5.0000	-9999.0000	-9999.0000	-9999.0000	-9999.0000	-9999.0000	-9999.0000	21.1723	1	0	23.3230	1.0000	99	9	-9999.0000	21694	58793	-9999	2154	2101	-9999	328.8198	5	0.6490	0.6548	-0.0006	38.7142	2.0641	471.8888	310.4237	37.6519	447.6685	95.6456	471.3917	95.0305	476.7439	94.8987	480.8722	94.7010	
22/08/2017	03:53:06	019004	G523089949HLR	L523	S		443.1909	1.0233	10.0000	100.1275	39.8819	0.8230	0.8278	5.0000	20.0424	508.0797	94.9426	12.8520	24.3000	0.9300	0.9294	0.6544	-0.0005	508.0000	507.6670	1.0339	7.9319	100.0295	40.0592	0.8230	0.8244	5.0000	-9999.0000	-9999.0000	-9999.0000	-9999.0000	-9999.0000	-9999.0000	19.9223	2	0	23.3424	1.0000	99	9	-9999.0000	21695	58794	-9999	2155	2102	-9999	329.0048	5	0.6490	0.6544	-0.0005	38.5591	2.0855	474.5410	307.5957	38.1133	450.0533	95.7335	473.9800	95.1843	478.8502	94.9866	482.5699	94.8767	
22/08/2017	03:53:30	019004	G523089928HLR	L523	S		443.7661	1.0233	10.0000	100.0356	39.9900	0.8230	0.8278	5.0000	20.0618	508.0379	94.9426	11.7015	24.3000	0.9300	0.9294	0.6547	-0.0006	508.0000	507.6686	1.0339	7.9318	100.0913	40.0854	0.8230	0.8244	5.0000	-9999.0000	-9999.0000	-9999.0000	-9999.0000	-9999.0000	-9999.0000	19.9523	3	0	24.0330	1.0000	99	9	-9999.0000	21696	58795	-9999	2156	2103	-9999	329.2403	5	0.6490	0.6547	-0.0006	38.6848	2.0720	477.0734	313.1879	39.4313	451.2718	95.9531	476.2683	95.3161	481.7975	94.9646	485.7819	94.8548	
22/08/2017	03:53:54	019004	G523089958HLR	L523	S		448.2594	1.0233	10.0000	99.9956	39.9882	0.8230	0.8275	5.0000	19.9925	508.0385	94.9207	10.3410	24.3000	0.9300	0.9292	0.6517	-0.0003	508.0000	509.4007	1.0339	7.7550	100.1283	40.0844	0.8230	0.8243	5.0000	-9999.0000	-9999.0000	-9999.0000	-9999.0000	-9999.0000	-9999.0000	20.5022	4	0	23.5329	1.0000	99	9	-9999.0000	21696	58796	-9999	2157	2104	-9999	329.6993	5	0.6488	0.6517	-0.0003	38.6707	2.0759	482.4667	308.3524	40.3100	456.5682	95.7335	481.9888	95.1623	486.5213	94.9866	490.7383	94.8548	
22/08/2017	03:54:18	019004	G523090225HLR	L523	S		448.0073	1.0233	10.0000	100.0386	39.8969	0.8230	0.8274	5.0000	20.1117	508.0720	94.9207	10.2414	24.2000	0.9300	0.9291	0.6510	-0.0002	508.0000	508.1428	1.0339	7.8834	100.1051	40.1006	0.8230	0.8244	5.0000	-9999.0000	-9999.0000	-9999.0000	-9999.0000	-9999.0000	-9999.0000	19.9924	5	0	24.1219	1.0000	99	9	-9999.0000	21697	58797	-9999	2158	2104	-9999	329.7870	5	0.6490	0.6510	-0.0002	37.6705	2.1833	484.8298	304.6425	40.1562	457.3711	95.6456	484.2277	95.0744	488.3042	94.9207	491.9902	94.7669	
22/08/2017	03:54:42	019004	G523089947HLR	L523	S		439.6696	1.0233	10.0000	100.0825	39.8701	0.8230	0.8275	5.0000	20.0216	508.0348	94.9426	10.3205	24.3000	0.9300	0.9292	0.6513	-0.0002	508.0000	506.6651	1.0339	7.9741	100.1262	40.0981	0.8230	0.8242	5.0000	-9999.0000	-9999.0000	-9999.0000	-9999.0000	-9999.0000	-9999.0000	20.7426	6	0	24.3230	1.0000	99	9	-9999.0000	21698	58798	-9999	2159	2105	-9999	329.7324	5	0.6490	0.6513	-0.0002	38.4889	2.1027	483.7671	288.8337	40.8152	459.3620	95.4918	483.0973	94.9207	487.2211	94.8328	491.0714	94.6790	
22/08/2017	03:55:06	019004	G523090252HLR	L523	S		444.3323	1.0233	10.0000	99.9900	39.9327	0.8230	0.8277	5.0000	19.8722	508.0366	95.0744	12.2211	24.3000	0.9300	0.9294	0.6509	-0.0002	508.0000	508.5110	1.0339	7.8458	100.1075	40.0930	0.8230	0.8242	5.0000	-9999.0000	-9999.0000	-9999.0000	-9999.0000	-9999.0000	-9999.0000	21.0327	7	0	24.3533	1.0000	99	9	-9999.0000	21699	58799	-9999	2160	2106	-9999	329.5691	5	0.6490	0.6509	-0.0002	37.7906	2.1788	478.9176	321.9790	40.9690	454.5907	95.4479	478.4747	95.0744	483.7803	94.8987	487.2021	94.7230	
22/08/2017	03:55:32	019004	G523089966HLR	L523	S		445.0829	1.0233	10.0000	100.1090	39.9919	0.8230	0.8277	5.0000	19.9416	508.0439	94.9207	11.8920	24.3000	0.9300	0.9294	0.6511	-0.0002	508.0000	508.1650	1.0339	7.8811	100.0526	40.1082	0.8230	0.8242	5.0000	-9999.0000	-9999.0000	-9999.0000	-9999.0000	-9999.0000	-9999.0000	20.9319	8	0	25.2821	1.0000	99	9	-9999.0000	21700	58800	-9999	2161	2107	-9999	329.5659	5	0.6489	0.6511	-0.0002	37.7776	2.1826	479.3048	301.1450	41.0788	455.0554	95.7994	478.6171	95.2282	483.5523	95.0305	487.2304	94.8987	
22/08/2017	03:55:56	019004	G523090254HLR	L523	S		444.8513	1.0233	10.0000	100.0728	39.9696	0.8230	0.8275	5.0000	19.9026	508.0394	94.8987	11.6712	24.3000	0.9300	0.9293	0.6512	-0.0002	508.0000	507.7367	1.0339	7.9248	100.0748	40.1059	0.8230	0.8241	5.0000	-9999.0000	-9999.0000	-9999.0000	-9999.0000	-9999.0000	-9999.0000	21.9829	1	0	23.8231	1.0000	99	9	-9999.0000	21701	58801	-9999	2162	2108	-9999	329.5975	5	0.6489	0.6512	-0.0002	38.0395	2.1598	481.2705	322.9339	39.7169	452.7507	95.9092	479.9575	95.2721	484.5359	95.0085	487.6530	94.8108	
22/08/2017	03:56:20	019004	G523090215HLR	L523	S		447.1527	1.0233	10.0000	100.0070	39.8950	0.8230	0.8275	5.0000	19.9427	508.0475	94.8548	10.7112	24.3000	0.9300	0.9293	0.6515	-0.0002	508.0000	510.4752	1.0339	7.6454	99.9929	40.1303	0.8230	0.8243	5.0000	-9999.0000	-9999.0000	-9999.0000	-9999.0000	-9999.0000	-9999.0000	20.4524	2	0	24.0827	1.0000	99	9	-9999.0000	21702	58802	-9999	2163	2109	-9999	329.7497	5	0.6490	0.6515	-0.0002	38.2779	2.1420	481.3249	312.4551	37.9375	451.4943	95.5358	480.6619	94.9426	485.9092	94.8987	489.6666	94.8328	
22/08/2017	03:56:44	019004	G523090244HLR	L523	S		447.5447	1.0233	10.0000	100.0973	39.9004	0.8230	0.8276	5.0000	19.8919	508.0433	94.9426	10.0011	24.3000	0.9300	0.9292	0.6513	-0.0002	508.0000	507.4388	1.0339	7.9552	100.0033	40.1331	0.8230	0.8242	5.0000	-9999.0000	-9999.0000	-9999.0000	-9999.0000	-9999.0000	-9999.0000	20.8129	3	0	24.7127	1.0000	99	9	-9999.0000	21703	58803	-9999	2164	2110	-9999	329.8126	5	0.6489	0.6513	-0.0002	38.5124	2.1191	483.6065	301.9509	36.8172	452.2478	95.6456	482.7904	94.8987	488.8970	94.8548	492.6212	94.7449	
22/08/2017	03:57:09	019004	G523090212HLR	L523	S		446.4997	1.0233	10.0000	100.0181	39.9741	0.8230	0.8277	5.0000	20.0216	508.0352	95.0085	11.0716	24.3000	0.9300	0.9294	0.6515	-0.0002	508.0000	508.4829	1.0339	7.8487	100.1244	40.1434	0.8230	0.8243	5.0000	-9999.0000	-9999.0000	-9999.0000	-9999.0000	-9999.0000	-9999.0000	20.7231	4	0	24.2626	1.0000	99	9	-9999.0000	21704	58804	-9999	2165	2111	-9999	329.6864	5	0.6489	0.6515	-0.0002	38.8171	2.0893	480.5478	302.8293	38.3988	452.0706	95.4698	479.9386	94.8767	484.9890	94.7889	489.1366	94.6790	
22/08/2017	03:57:34	019004	G523090224HLR	L523	S		444.8399	1.0233	10.0000	100.1482	39.9951	0.8230	0.8276	5.0000	19.9427	508.0606	94.8767	10.4211	24.3000	0.9300	0.9293	0.6514	-0.0002	508.0000	509.3260	1.0339	7.7627	100.1538	40.1606	0.8230	0.8242	5.0000	-9999.0000	-9999.0000	-9999.0000	-9999.0000	-9999.0000	-9999.0000	20.9926	5	0	25.7227	1.0000	99	9	-9999.0000	21705	58805	-9999	2166	2112	-9999	329.7821	5	0.6489	0.6514	-0.0002	38.8397	2.0834	482.1234	323.5638	39.8926	456.1635	95.4479	481.3514	94.9866	487.2423	94.9207	491.2534	94.8548	
22/08/2017	03:57:59	019004	G523090234HLR	L523	S		446.3612	1.0233	10.0000	100.0781	39.9532	0.8230	0.8275	5.0000	19.9015	508.0534	94.8987	10.7913	24.3000	0.9300	0.9292	0.6514	-0.0002	508.0000	508.3337	1.0339	7.8639	99.9377	40.1366	0.8230	0.8240	5.0000	-9999.0000	-9999.0000	-9999.0000	-9999.0000	-9999.0000	-9999.0000	22.3021	6	0	24.3328	1.0000	99	9	-9999.0000	21706	58806	-9999	2167	2113	-9999	329.7368	5	0.6489	0.6514	-0.0002	38.9021	2.0872	483.1607	319.8638	40.2880	458.3987	95.6456	482.5153	95.1403	487.0122	94.9426	490.4905	94.6790	
22/08/2017	03:58:24	019004	G523090229HLR	L523	S		441.0145	1.0233	10.0000	100.0993	39.8987	0.8230	0.8275	5.0000	19.9926	508.0489	95.0085	12.9321	24.3000	0.9300	0.9293	0.6516	-0.0002	508.0000	507.6212	1.0339	7.9366	100.0920	40.1909	0.8230	0.8242	5.0000	-9999.0000	-9999.0000	-9999.0000	-9999.0000	-9999.0000	-9999.0000	21.0327	7	0	25.0027	1.0000	99	9	-9999.0000	21707	58807	-9999	2168	2114	-9999	329.4991	5	0.6489	0.6516	-0.0002	38.9541	2.0821	475.0921	275.5963	38.7503	447.6302	95.4039	474.4928	95.0085	479.2755	94.9207	483.1091	94.8108	
