Data	Timp	Nr. masina	Nr. de serie	Tip	Productie	Comentariu	Pre-masurare Q [ml/min]	Pre-masurare Gain	Pre-masurare Offset Master	Pre-masurare P [bar]	Pre-masurare T [°C]	Pre-masurare Densitate fixa [kg/l]	Pre-masurare densitate masurata [kg/l]	Pre-masurare Timp masurare [s]	Pre-masurare Cycle time [s]	rectificare Q Oprire [ml/min]	rectificare P Oprire [bar]	rectificare Timp rectificare [s]	rectificare T [°C]	rectificare Densitate fixa [kg/l]	rectificare densitate masurata [kg/l]	rectificare Factor de masurare la rectificare	rectificare Factor de corectie a debitului	rectificare Target rectificare	Masurare Q [ml/min]	Masurare Gain	Masurare Offset Master	Masurare P [bar]	Masurare T [°C]	Masurare Densitate fixa [kg/l]	Masurare densitate masurata [kg/l]	Masurare Timp masurare [s]	Masurare Q [ml/min]	Masurare Delta Q [ml/min]	Masurare P [bar]	Masurare BP [bar]	Masurare T [°C]	Masurare Timp masurare [s]	Masurare Cycle time [s]	Nest Nr.	Cod de descarcare	Cycle time [s]	Traceability aktiv	EDM Maschine Nr	EDM Spindle Nr	Honing Rate [r	Station Counter Premeasure	Station Counter Grind	Station Counter Blowout 1	Station Counter Wash	Station Counter Measure	Station Counter Blowout 2	RealGrindQStop	Reg Type	Factor 0	Factor 1	Factor 2	Factor 3	Factor 4	G_StartQV	G_StartQV_1	G_StartQV_2	G_StartQV_3	G_StartQV_4	G_StartQV_5	
23/08/2017	01:42:56	019004	H374101429HLR	L374	S		648.7611	1.0233	1.6817	100.0157	39.6547	0.8230	0.8260	5.0000	19.9525	761.0816	95.0744	15.5213	24.6000	0.9300	0.9294	0.7015	0.0000	761.0000	759.9878	1.0339	-3.4063	99.9856	39.3333	0.8230	0.8239	5.0000	-9999.0000	-9999.0000	-9999.0000	-9999.0000	-9999.0000	-9999.0000	23.2526	2	0	28.9241	1.0000	99	9	-9999.0000	23025	60090	-9999	536	502	-9999	533.9294	3	0.7015	0.7154	-0.0008	94.6349	1.0912	700.9742	280.6328	31.8745	630.1575	91.8013	693.9168	91.8233	700.4140	91.7134	706.5227	94.2177	
23/08/2017	01:43:25	019004	H374101428HLR	L374	S		643.0871	1.0233	0.0000	100.0179	39.1282	0.8230	0.8269	5.0000	19.9416	761.0743	95.0085	17.8418	24.4000	0.9300	0.9291	0.7015	0.0000	761.0000	762.3473	1.0339	-3.5162	99.9332	39.7435	0.8230	0.8241	5.0000	-9999.0000	-9999.0000	-9999.0000	-9999.0000	-9999.0000	-9999.0000	25.4823	3	0	29.1029	1.0000	99	9	-9999.0000	23026	60091	-9999	537	503	-9999	533.9313	3	0.7015	0.7154	-0.0008	94.6349	1.0912	697.2955	352.2512	36.1362	630.4345	93.9541	689.9324	93.4928	696.6104	93.2072	701.5287	94.6571	
23/08/2017	01:43:55	019004	H374101427HLR	L374	S		653.1347	1.0233	3.0535	100.0264	40.0760	0.8230	0.8289	5.0000	21.0824	761.0548	94.9646	15.5808	24.4000	0.9300	0.9292	0.7015	0.0000	761.0000	760.4485	1.0339	-3.4277	99.9706	39.5571	0.8230	0.8232	5.0000	-9999.0000	-9999.0000	-9999.0000	-9999.0000	-9999.0000	-9999.0000	23.0123	4	0	29.5032	1.0000	99	9	-9999.0000	23027	60092	-9999	538	504	-9999	533.9022	3	0.7015	0.7154	-0.0008	94.6349	1.0912	705.2372	344.5455	36.9270	648.5401	94.7449	698.3617	93.8882	704.6253	93.7125	710.4469	94.7010	
23/08/2017	01:44:25	019004	H374101379HLR	L374	S		647.7873	1.0233	1.3762	100.0586	40.7330	0.8230	0.8281	5.0000	20.1127	761.0478	94.8108	19.8128	24.4000	0.9300	0.9293	0.7015	0.0000	761.0000	763.9703	1.0339	-3.5918	100.0058	39.5384	0.8230	0.8238	5.0000	-9999.0000	-9999.0000	-9999.0000	-9999.0000	-9999.0000	-9999.0000	25.2333	5	0	30.6939	1.0000	99	9	-9999.0000	23028	60093	-9999	539	505	-9999	533.9057	3	0.7015	0.7154	-0.0008	94.6349	1.0912	695.7106	344.6068	38.3769	638.9561	95.2941	689.7705	94.4594	695.1411	94.2177	700.1130	94.7010	
23/08/2017	01:44:57	019004	H374101378HLR	L374	S		650.4735	1.0233	2.2188	99.9554	40.0772	0.8230	0.8265	5.0000	20.3226	761.0632	94.9866	16.7118	24.5000	0.9300	0.9293	0.7018	0.0000	761.0000	760.6547	1.0339	-3.4373	100.0245	39.8021	0.8230	0.8238	5.0000	-9999.0000	-9999.0000	-9999.0000	-9999.0000	-9999.0000	-9999.0000	21.9730	6	0	31.3033	1.0000	99	9	-9999.0000	23028	60094	-9999	540	506	-9999	534.1431	3	0.7018	0.7063	-0.0003	90.2594	1.3609	703.5567	338.9798	36.8611	640.8344	95.4479	697.3886	94.5033	703.1865	94.3056	706.4695	94.7230	
23/08/2017	01:45:25	019004	H374101439HLR	L374	S		650.0513	1.0233	2.0864	99.9534	39.4367	0.8230	0.8263	5.0000	21.0619	761.0585	94.9426	17.3418	24.5000	0.9300	0.9294	0.7020	0.0000	761.0000	764.8489	1.0339	-3.6327	100.0192	39.5687	0.8230	0.8233	5.0000	-9999.0000	-9999.0000	-9999.0000	-9999.0000	-9999.0000	-9999.0000	22.0826	7	0	28.7532	1.0000	99	9	-9999.0000	23029	60095	-9999	541	507	-9999	534.2809	3	0.7020	0.7114	-0.0006	91.7607	1.2670	706.8752	331.9470	37.0808	641.6148	95.5797	699.1893	94.7669	706.3660	94.5033	709.8235	94.7889	
23/08/2017	01:45:52	019004	H374101438HLR	L374	S		645.9350	1.0233	0.7952	99.9950	39.8795	0.8230	0.8282	5.0000	20.5518	761.0645	94.8987	17.7920	24.5000	0.9300	0.9293	0.7021	0.0000	761.0000	762.7697	1.0339	-3.5359	100.0841	39.6410	0.8230	0.8239	5.0000	-9999.0000	-9999.0000	-9999.0000	-9999.0000	-9999.0000	-9999.0000	21.6528	8	0	26.5322	1.0000	99	9	-9999.0000	23029	60096	-9999	542	508	-9999	534.3685	3	0.7021	0.7105	-0.0005	60.1575	3.1895	700.9685	329.1201	37.2346	637.3866	95.7115	692.9650	94.8987	700.2022	94.6351	704.2380	94.8328	
23/08/2017	01:46:23	019004	H374101623HLR	L374	S		650.0547	1.0233	2.0874	100.0375	40.4259	0.8230	0.8280	5.0000	20.1124	761.0437	94.8328	18.9621	24.4000	0.9300	0.9294	0.7017	0.0000	761.0000	763.3468	1.0339	-3.5627	100.0020	39.7970	0.8230	0.8236	5.0000	-9999.0000	-9999.0000	-9999.0000	-9999.0000	-9999.0000	-9999.0000	23.1529	1	0	31.4839	1.0000	99	9	-9999.0000	23030	60097	-9999	543	509	-9999	534.1018	3	0.7017	0.7145	-0.0008	86.9683	1.5246	699.3609	341.4400	36.3778	639.9833	95.8653	692.7337	95.0744	698.7394	94.8108	703.3409	94.8548	
23/08/2017	01:46:59	019004	H374101436HLR	L374	S		650.8225	1.0233	2.3283	100.0226	40.0338	0.8230	0.8267	5.0000	20.1927	761.0623	94.7669	19.4817	24.4000	0.9300	0.9293	0.7017	0.0000	761.0000	764.6299	1.0339	-3.6225	100.0470	39.5710	0.8230	0.8233	5.0000	-9999.0000	-9999.0000	-9999.0000	-9999.0000	-9999.0000	-9999.0000	22.6022	2	0	35.8137	1.0000	99	9	-9999.0000	23031	60098	-9999	544	509	-9999	534.0728	3	0.7017	0.7155	-0.0008	76.2103	2.1398	700.9363	334.2217	36.4218	637.3824	95.9531	694.2610	95.1184	700.4213	94.8767	704.1340	94.8767	
23/08/2017	01:47:30	019004	H374101432HLR	L374	S		645.2971	1.0233	0.5951	100.0773	39.5566	0.8230	0.8261	5.0000	22.0924	761.0879	94.9207	17.0625	24.4000	0.9300	0.9293	0.7013	0.0000	761.0000	761.7374	1.0339	-3.4878	100.0619	39.7497	0.8230	0.8238	5.0000	-9999.0000	-9999.0000	-9999.0000	-9999.0000	-9999.0000	-9999.0000	23.7527	3	0	30.5141	1.0000	99	9	-9999.0000	23032	60099	-9999	545	510	-9999	533.8140	3	0.7013	0.7153	-0.0008	74.3341	2.2598	702.4155	318.1383	35.3014	635.5114	96.0190	695.1315	95.1623	701.8797	94.9866	706.0650	94.8767	
23/08/2017	01:48:27	019004	H374101442HLR	L374	S		641.0647	1.0233	0.0000	99.9990	40.3467	0.8230	0.8278	5.0000	20.4125	761.0714	94.7230	19.8225	24.4000	0.9300	0.9294	0.7009	0.0000	761.0000	762.3921	1.0339	-3.5183	100.0814	39.4471	0.8230	0.8234	5.0000	-9999.0000	-9999.0000	-9999.0000	-9999.0000	-9999.0000	-9999.0000	20.4925	5	0	29.6732	1.0000	99	9	-9999.0000	23034	60100	-9999	547	510	-9999	533.5032	3	0.7009	0.7152	-0.0008	84.4091	1.6808	696.4297	309.2322	35.8506	631.0781	95.6017	688.7403	95.0744	695.7505	94.8987	700.2379	94.8548	
23/08/2017	01:48:59	019004	H374101423HLR	L374	S		648.9797	1.0233	1.7502	99.9964	40.0369	0.8230	0.8270	5.0000	20.2425	761.0425	95.0085	23.9822	24.3000	0.9300	0.9293	0.7005	0.0000	761.0000	778.5304	1.0339	-4.2700	99.9736	39.9174	0.8230	0.8244	5.0000	-9999.0000	-9999.0000	-9999.0000	-9999.0000	-9999.0000	-9999.0000	26.3936	6	2	31.9831	1.0000	99	9	-9999.0000	23035	60101	-9999	548	511	-9999	533.1917	3	0.7005	0.7161	-0.0009	90.8069	1.3113	665.8428	326.2908	37.9595	597.0359	96.1948	656.6446	95.3600	665.1537	95.1623	669.8695	94.9646	
23/08/2017	01:49:28	019004	H374101446HLR	L374	S		649.0746	1.0233	1.7800	100.0627	39.6410	0.8230	0.8268	5.0000	20.2524	761.0394	94.7889	18.8214	24.4000	0.9300	0.9293	0.7005	0.0000	761.0000	763.0088	1.0339	-3.5470	100.0279	39.9685	0.8230	0.8235	5.0000	-9999.0000	-9999.0000	-9999.0000	-9999.0000	-9999.0000	-9999.0000	21.2827	7	0	28.9340	1.0000	99	9	-9999.0000	23036	60102	-9999	549	512	-9999	533.1287	3	0.7005	0.7161	-0.0009	90.8069	1.3113	699.9578	327.3037	36.4218	637.6430	95.9092	693.3862	95.1184	699.2346	94.8987	704.0291	94.8767	
23/08/2017	01:49:58	019004	H374101434HLR	L374	S		651.1449	1.0233	2.4294	100.0287	40.0854	0.8230	0.8280	5.0000	20.3226	761.0528	94.9426	15.6619	24.4000	0.9300	0.9293	0.7005	0.0000	761.0000	759.0693	1.0339	-3.3635	100.1114	39.5564	0.8230	0.8234	5.0000	-9999.0000	-9999.0000	-9999.0000	-9999.0000	-9999.0000	-9999.0000	21.2318	8	0	30.4632	1.0000	99	9	-9999.0000	23037	60103	-9999	550	513	-9999	533.1608	3	0.7005	0.7161	-0.0009	90.8069	1.3113	707.3955	331.3415	35.4991	646.8151	95.9312	700.6545	95.1623	706.8374	94.9426	711.0297	94.8767	
23/08/2017	01:50:28	019004	H374101377HLR	L374	S		646.8682	1.0233	1.0879	99.9955	40.2357	0.8230	0.8274	5.0000	20.1029	761.0616	94.9426	17.1220	24.4000	0.9300	0.9294	0.7002	0.0000	761.0000	761.9526	1.0339	-3.4978	99.9660	39.8461	0.8230	0.8241	5.0000	-9999.0000	-9999.0000	-9999.0000	-9999.0000	-9999.0000	-9999.0000	21.2728	1	0	30.2633	1.0000	99	9	-9999.0000	23038	60104	-9999	551	514	-9999	532.9398	3	0.7002	0.7143	-0.0008	82.5024	1.7989	703.7232	330.6755	37.7178	638.1953	95.8653	696.0302	95.1843	703.2381	94.9866	707.0507	94.8987	
23/08/2017	01:50:58	019004	H374101391HLR	L374	S		647.0654	1.0233	1.1498	100.0637	39.8695	0.8230	0.8265	5.0000	20.7123	761.0778	94.7889	20.1820	24.4000	0.9300	0.9294	0.6989	0.0000	761.0000	762.7963	1.0339	-3.5371	99.9348	39.6918	0.8230	0.8232	5.0000	-9999.0000	-9999.0000	-9999.0000	-9999.0000	-9999.0000	-9999.0000	26.9433	2	0	30.0336	1.0000	99	9	-9999.0000	23039	60105	-9999	552	515	-9999	532.2370	3	0.6989	0.7130	-0.0007	78.8291	1.9856	698.6785	328.9218	35.9824	634.5769	95.9751	692.1586	95.2062	698.1257	95.0525	701.9644	94.9646	
23/08/2017	01:51:27	019004	H374101390HLR	L374	S		646.0229	1.0233	0.8227	99.9807	39.7435	0.8230	0.8269	5.0000	21.4742	761.0751	94.8767	17.1523	24.4000	0.9300	0.9293	0.6989	0.0000	761.0000	762.3069	1.0339	-3.5143	100.0380	39.6387	0.8230	0.8237	5.0000	-9999.0000	-9999.0000	-9999.0000	-9999.0000	-9999.0000	-9999.0000	20.5227	3	0	28.3430	1.0000	99	9	-9999.0000	23039	60105	-9999	553	516	-9999	531.9623	3	0.6989	0.7130	-0.0007	78.8291	1.9856	708.0854	342.9404	37.9814	647.9044	96.0410	700.6290	95.3161	707.2641	95.1403	711.3464	94.9646	
23/08/2017	01:51:56	019004	H374101430HLR	L374	S		649.0076	1.0233	1.7590	100.0818	40.1425	0.8230	0.8275	5.0000	21.1918	761.0790	94.7889	18.7121	24.4000	0.9300	0.9293	0.6992	0.0000	761.0000	761.8214	1.0339	-3.4917	100.0306	39.9106	0.8230	0.8237	5.0000	-9999.0000	-9999.0000	-9999.0000	-9999.0000	-9999.0000	-9999.0000	25.0126	4	0	29.3129	1.0000	99	9	-9999.0000	23040	60106	-9999	554	517	-9999	532.2514	3	0.6992	0.7152	-0.0008	74.0831	2.2450	702.7489	317.5277	37.7618	636.5599	95.9971	695.0443	95.3380	702.0812	95.1403	705.8852	94.9866	
23/08/2017	01:52:25	019004	H374101381HLR	L374	S		673.4908	1.0233	9.4388	100.0159	40.1538	0.8230	0.8272	5.0000	20.0022	761.0990	94.9646	11.9017	24.4000	0.9300	0.9293	0.6989	0.0000	761.0000	759.6152	1.0339	-3.3889	99.9953	39.6631	0.8230	0.8232	5.0000	-9999.0000	-9999.0000	-9999.0000	-9999.0000	-9999.0000	-9999.0000	23.5427	5	0	28.8938	1.0000	99	9	-9999.0000	23041	60107	-9999	555	518	-9999	532.0396	3	0.6989	0.7110	-0.0006	77.1520	2.1130	725.1845	328.6786	37.3444	660.3516	95.6895	718.4257	95.0305	724.6239	94.8548	728.8920	94.8987	
23/08/2017	01:52:56	019004	H374101402HLR	L374	S		648.8914	1.0233	1.7225	100.0490	39.8559	0.8230	0.8269	5.0000	19.9623	761.0722	94.7449	18.2618	24.5000	0.9300	0.9295	0.6986	0.0000	761.0000	761.1576	1.0339	-3.4608	100.0070	39.8363	0.8230	0.8238	5.0000	-9999.0000	-9999.0000	-9999.0000	-9999.0000	-9999.0000	-9999.0000	25.6024	6	0	31.5232	1.0000	99	9	-9999.0000	23042	60108	-9999	556	519	-9999	531.9392	3	0.6986	0.7110	-0.0006	81.3986	1.8492	704.1686	322.2486	35.8067	638.8270	96.0849	696.5546	95.4259	703.4247	95.2502	707.5637	95.0525	
23/08/2017	01:53:28	019004	H374101410HLR	L374	S		646.2316	1.0233	0.8882	100.0852	39.8461	0.8230	0.8269	5.0000	21.5825	761.0553	94.8987	15.9520	24.4000	0.9300	0.9294	0.6986	0.0000	761.0000	759.7411	1.0339	-3.3948	99.9410	39.8995	0.8230	0.8235	5.0000	-9999.0000	-9999.0000	-9999.0000	-9999.0000	-9999.0000	-9999.0000	21.7524	7	0	31.7233	1.0000	99	9	-9999.0000	23043	60109	-9999	557	520	-9999	531.7168	3	0.6986	0.7110	-0.0006	81.3986	1.8492	709.1886	329.7351	37.4103	644.8023	95.9312	701.7208	95.3161	708.6016	95.1403	712.6523	94.9866	
23/08/2017	01:53:56	019004	H374101395HLR	L374	S		649.4463	1.0233	1.8966	99.9838	40.1008	0.8230	0.8278	5.0000	20.0423	761.0496	94.8987	17.5918	24.4000	0.9300	0.9294	0.6985	0.0000	761.0000	759.8005	1.0339	-3.3975	100.0684	39.7552	0.8230	0.8234	5.0000	-9999.0000	-9999.0000	-9999.0000	-9999.0000	-9999.0000	-9999.0000	22.0523	8	0	28.0831	1.0000	99	9	-9999.0000	23044	60110	-9999	558	521	-9999	531.6240	3	0.6985	0.7122	-0.0007	80.9614	1.8719	704.9857	316.8115	37.5641	640.4402	96.0410	697.5696	95.3820	704.4123	95.1843	708.3720	95.0085	
23/08/2017	01:54:20	019004	H374101396HLR	L374	S		643.1552	1.0233	0.0000	100.0028	40.1235	0.8230	0.8268	5.0000	21.3824	761.0891	94.8548	15.1716	24.4000	0.9300	0.9294	0.6987	0.0000	761.0000	758.6072	1.0339	-3.3420	100.0521	39.8461	0.8230	0.8237	5.0000	-9999.0000	-9999.0000	-9999.0000	-9999.0000	-9999.0000	-9999.0000	24.1024	1	0	23.8026	1.0000	99	9	-9999.0000	23045	60111	-9999	559	522	-9999	531.8286	3	0.6987	0.7049	-0.0003	79.3357	1.9832	710.5643	337.5301	36.9929	645.0890	96.0190	701.9760	95.3820	709.8160	95.1623	714.6280	94.9866	
23/08/2017	01:54:48	019004	H374101399HLR	L374	S		646.3775	1.0233	0.9340	100.0083	39.8494	0.8230	0.8268	5.0000	20.3518	761.0570	94.7449	19.7219	24.4000	0.9300	0.9294	0.6985	0.0000	761.0000	763.1343	1.0339	-3.5528	99.9881	39.9022	0.8230	0.8237	5.0000	-9999.0000	-9999.0000	-9999.0000	-9999.0000	-9999.0000	-9999.0000	20.3723	2	0	28.1135	1.0000	99	9	-9999.0000	23046	60112	-9999	560	523	-9999	531.6217	3	0.6985	0.7078	-0.0005	82.5346	1.7589	702.2441	322.5587	36.5975	636.0604	96.1289	695.2855	95.4698	701.6554	95.2721	706.3522	95.0744	
23/08/2017	01:55:17	019004	H374101406HLR	L374	S		646.4024	1.0233	0.9418	100.0436	39.8461	0.8230	0.8271	5.0000	20.9817	761.0425	94.7010	20.0716	24.4000	0.9300	0.9294	0.6994	0.0000	761.0000	762.3023	1.0339	-3.5141	100.0176	39.7538	0.8230	0.8234	5.0000	-9999.0000	-9999.0000	-9999.0000	-9999.0000	-9999.0000	-9999.0000	24.7127	3	0	28.8537	1.0000	99	9	-9999.0000	23047	60113	-9999	561	524	-9999	531.6169	3	0.6994	0.7082	-0.0005	98.7945	0.8073	700.6850	332.4593	36.3119	636.3991	96.1728	693.4597	95.5577	699.9226	95.3820	704.4558	95.0744	
23/08/2017	01:55:43	019004	H374101408HLR	L374	S		649.8679	1.0233	2.0288	99.9959	40.1397	0.8230	0.8276	5.0000	20.4418	761.0568	94.9646	16.3524	24.4000	0.9300	0.9294	0.6994	0.0000	761.0000	760.0869	1.0339	-3.4109	99.9945	39.8461	0.8230	0.8236	5.0000	-9999.0000	-9999.0000	-9999.0000	-9999.0000	-9999.0000	-9999.0000	25.5428	4	0	26.3223	1.0000	99	9	-9999.0000	23048	60114	-9999	562	525	-9999	532.3060	3	0.6994	0.7082	-0.0005	98.7945	0.8073	706.1097	326.4060	35.9605	638.4399	96.1728	698.8844	95.3820	705.6277	95.2282	709.6970	95.0525	
23/08/2017	01:56:40	019004	H374101421HLR	L374	S		648.0359	1.0233	1.4542	100.0619	39.8461	0.8230	0.8267	5.0000	20.5825	761.0468	94.8987	14.3122	24.5000	0.9300	0.9295	0.6990	0.0000	761.0000	758.5415	1.0339	-3.3389	99.9205	39.7960	0.8230	0.8233	5.0000	-9999.0000	-9999.0000	-9999.0000	-9999.0000	-9999.0000	-9999.0000	20.8724	6	0	32.2439	1.0000	99	9	-9999.0000	23050	60115	-9999	564	526	-9999	532.0479	3	0.6990	0.7109	-0.0007	111.7893	0.1407	713.8176	307.0037	37.4103	644.5002	95.9092	704.8713	95.3600	713.1137	95.1623	718.3316	95.0305	
23/08/2017	01:57:07	019004	H374101757HLR	L374	S		647.1227	1.0233	1.1677	100.1186	39.8109	0.8230	0.8275	5.0000	19.9016	761.0518	95.0085	16.8017	24.4000	0.9300	0.9294	0.6988	0.0000	761.0000	758.6662	1.0339	-3.3447	99.9170	39.7433	0.8230	0.8239	5.0000	-9999.0000	-9999.0000	-9999.0000	-9999.0000	-9999.0000	-9999.0000	28.8030	7	0	26.9327	1.0000	99	9	-9999.0000	23051	60116	-9999	565	527	-9999	531.8945	3	0.6988	0.7067	-0.0005	109.2300	0.2848	704.9472	317.6134	36.1582	640.1200	96.1069	698.3293	95.4039	704.4089	95.2282	708.2017	95.1184	
23/08/2017	01:57:35	019004	H374101747HLR	L374	Q		660.6938	1.0233	5.4247	99.9893	40.1102	0.8230	0.8277	5.0000	20.1517	761.0493	94.8548	14.5612	24.4000	0.9300	0.9294	0.6991	0.0000	761.0000	761.1094	1.0339	-3.4585	100.0272	40.1229	0.8230	0.8238	5.0000	-9999.0000	-9999.0000	-9999.0000	-9999.0000	-9999.0000	-9999.0000	23.6325	8	0	27.9935	1.0000	99	9	-9999.0000	23052	60117	-9999	566	528	-9999	532.0829	3	0.6991	0.7125	-0.0008	106.3954	0.4141	715.8772	328.9640	36.0923	647.7303	96.0630	708.7643	95.3161	715.2948	95.1184	719.4658	95.0305	
23/08/2017	01:58:12	019004	H374101711HLR	L374	S		666.8865	1.0233	7.3671	99.9962	40.1538	0.8230	0.8270	5.0000	20.6127	761.0784	94.8108	11.9408	24.4000	0.9300	0.9294	0.6991	0.0000	761.0000	758.4341	1.0339	-3.3339	99.9899	39.8711	0.8230	0.8232	5.0000	-9999.0000	-9999.0000	-9999.0000	-9999.0000	-9999.0000	-9999.0000	24.5925	1	0	36.6739	1.0000	99	9	-9999.0000	23053	60118	-9999	567	529	-9999	532.1046	3	0.6991	0.7125	-0.0008	106.3954	0.4141	722.7169	330.1120	38.2670	654.0119	96.1508	715.1077	95.4039	721.9492	95.2282	726.4681	95.0525	
23/08/2017	01:58:41	019004	H374101737HLR	L374	Q		666.8958	1.0233	7.3701	100.0257	39.9364	0.8230	0.8264	5.0000	21.4017	761.0946	94.8108	11.7318	24.4000	0.9300	0.9294	0.6994	0.0000	761.0000	758.4356	1.0339	-3.3340	99.9465	39.7550	0.8230	0.8233	5.0000	-9999.0000	-9999.0000	-9999.0000	-9999.0000	-9999.0000	-9999.0000	23.3534	2	0	29.0334	1.0000	99	9	-9999.0000	23054	60119	-9999	568	530	-9999	532.3908	3	0.6994	0.7115	-0.0007	102.2540	0.6210	724.1382	331.6652	37.7837	661.1538	96.1948	716.3743	95.5138	723.4709	95.3600	728.7796	95.1403	
23/08/2017	01:59:10	019004	H374101726HLR	L374	S		653.5554	1.0233	3.1855	100.0524	39.8398	0.8230	0.8271	5.0000	20.2316	761.0894	95.0305	13.8521	24.5000	0.9300	0.9296	0.6997	0.0000	761.0000	757.6144	1.0339	-3.2957	100.0495	39.9906	0.8230	0.8235	5.0000	-9999.0000	-9999.0000	-9999.0000	-9999.0000	-9999.0000	-9999.0000	22.2815	3	0	29.1636	1.0000	99	9	-9999.0000	23055	60120	-9999	569	531	-9999	532.5673	3	0.6997	0.7127	-0.0008	100.9093	0.6987	714.8561	331.5595	37.9595	653.3871	95.9971	705.8342	95.4698	714.1226	95.3161	719.0182	95.1843	
23/08/2017	01:59:38	019004	H374101751HLR	L374	S		651.6249	1.0233	2.5799	99.9764	40.0435	0.8230	0.8274	5.0000	20.5618	761.0537	94.9646	15.2019	24.5000	0.9300	0.9295	0.6995	0.0000	761.0000	760.4369	1.0339	-3.4272	100.0936	39.8514	0.8230	0.8234	5.0000	-9999.0000	-9999.0000	-9999.0000	-9999.0000	-9999.0000	-9999.0000	21.6127	4	0	27.7433	1.0000	99	9	-9999.0000	23056	60121	-9999	570	532	-9999	532.4225	3	0.6995	0.7127	-0.0008	99.7530	0.7610	713.4130	321.4468	39.9146	653.5725	96.0410	706.4302	95.4259	712.8638	95.2941	716.7542	95.1843	
23/08/2017	02:00:07	019004	H374101414HLR	L374	S		629.6028	1.0233	0.0000	100.0091	40.1069	0.8230	0.8275	5.0000	20.0724	761.0582	94.9426	24.9823	24.3000	0.9300	0.9295	0.7000	0.0000	761.0000	764.4273	1.0339	-3.6131	100.0919	39.9010	0.8230	0.8237	5.0000	-9999.0000	-9999.0000	-9999.0000	-9999.0000	-9999.0000	-9999.0000	20.4221	5	0	29.0229	1.0000	99	9	-9999.0000	23056	60122	-9999	571	533	-9999	532.6314	3	0.7000	0.7085	-0.0005	58.5329	3.0032	682.2878	333.1702	37.0149	624.0246	96.4584	675.6143	95.9092	681.6408	95.7554	686.3266	95.2282	
23/08/2017	02:00:33	019004	H374101359HLR	L374	S		647.9660	1.0233	1.4322	100.0083	39.9487	0.8230	0.8271	5.0000	19.9817	761.0348	94.8767	17.2822	24.4000	0.9300	0.9294	0.7000	0.0000	761.0000	762.2977	1.0339	-3.5139	100.0210	39.8461	0.8230	0.8234	5.0000	-9999.0000	-9999.0000	-9999.0000	-9999.0000	-9999.0000	-9999.0000	25.7225	6	0	26.3231	1.0000	99	9	-9999.0000	23057	60123	-9999	572	534	-9999	532.7555	3	0.7000	0.7085	-0.0005	58.5329	3.0032	705.5376	323.5525	38.2890	641.0511	96.3046	698.0192	95.6236	704.8706	95.4259	709.6962	95.2062	
23/08/2017	02:01:02	019004	H374101750HLR	L374	S		651.1170	1.0233	2.4206	99.9701	39.9487	0.8230	0.8270	5.0000	21.3917	761.0497	94.8108	17.4727	24.4000	0.9300	0.9294	0.7003	0.0000	761.0000	762.7636	1.0339	-3.5356	99.9604	39.8475	0.8230	0.8235	5.0000	-9999.0000	-9999.0000	-9999.0000	-9999.0000	-9999.0000	-9999.0000	22.9019	7	0	29.0629	1.0000	99	9	-9999.0000	23058	60124	-9999	573	535	-9999	533.0224	3	0.7003	0.7094	-0.0006	62.5647	2.8431	705.4829	328.0553	37.7178	643.5792	96.2387	699.0757	95.5358	704.9892	95.3600	709.5602	95.1403	
23/08/2017	02:01:31	019004	H374101720HLR	L374	S		653.2176	1.0233	3.0795	100.0670	40.0324	0.8230	0.8272	5.0000	20.3929	761.0783	94.8108	15.9520	24.4000	0.9300	0.9294	0.7002	0.0000	761.0000	761.0835	1.0339	-3.4573	100.0773	39.9761	0.8230	0.8236	5.0000	-9999.0000	-9999.0000	-9999.0000	-9999.0000	-9999.0000	-9999.0000	21.5629	8	0	28.7933	1.0000	99	9	-9999.0000	23059	60125	-9999	574	536	-9999	533.0075	3	0.7002	0.7093	-0.0006	61.5818	2.8757	708.3742	321.3489	38.3329	644.2570	96.0849	701.6649	95.4479	707.7532	95.2721	712.3575	95.1403	
23/08/2017	02:01:58	019004	H374101722HLR	L374	S		655.7628	1.0233	3.8779	100.0193	40.0343	0.8230	0.8273	5.0000	19.9522	761.0545	94.8328	14.9714	24.4000	0.9300	0.9295	0.7003	0.0000	761.0000	759.8480	1.0339	-3.3998	100.0131	39.8461	0.8230	0.8233	5.0000	-9999.0000	-9999.0000	-9999.0000	-9999.0000	-9999.0000	-9999.0000	25.3425	1	0	27.4933	1.0000	99	9	-9999.0000	23060	60126	-9999	575	537	-9999	532.9774	3	0.7003	0.7069	-0.0004	59.7173	3.0107	712.0702	333.5422	38.4428	646.7396	96.0190	704.3590	95.4259	711.3231	95.2721	716.5233	95.1403	
23/08/2017	02:02:27	019004	H374101733HLR	L374	S		654.9706	1.0233	3.6294	99.9801	39.9945	0.8230	0.8272	5.0000	20.3421	761.0894	94.8328	14.1813	24.5000	0.9300	0.9296	0.7004	0.0000	761.0000	759.2627	1.0339	-3.3725	99.9661	39.8461	0.8230	0.8235	5.0000	-9999.0000	-9999.0000	-9999.0000	-9999.0000	-9999.0000	-9999.0000	24.1619	2	0	28.5628	1.0000	99	9	-9999.0000	23061	60127	-9999	576	538	-9999	533.1512	3	0.7004	0.7065	-0.0004	57.4484	3.2016	713.4684	328.1075	36.7293	647.6298	96.1508	706.0699	95.5797	712.8221	95.4039	718.0053	95.2502	
23/08/2017	02:02:59	019004	H374101349HLR	L374	S		651.2102	1.0233	2.4499	99.9823	39.9880	0.8230	0.8269	5.0000	21.0414	761.0622	94.8987	17.4121	24.4000	0.9300	0.9295	0.7003	0.0000	761.0000	763.7818	1.0339	-3.5830	100.0666	40.0822	0.8230	0.8238	5.0000	-9999.0000	-9999.0000	-9999.0000	-9999.0000	-9999.0000	-9999.0000	20.5228	3	0	31.6139	1.0000	99	9	-9999.0000	23062	60128	-9999	577	539	-9999	532.9962	3	0.7003	0.7066	-0.0004	57.6746	3.1706	710.3415	337.0443	38.1792	646.9197	96.1728	703.1643	95.6456	709.6866	95.5138	713.8945	95.2721	
23/08/2017	02:03:24	019004	H374101332HLR	L374	S		649.1291	1.0233	1.7971	99.9906	39.9716	0.8230	0.8274	5.0000	20.0627	761.0595	94.7889	16.3114	24.5000	0.9300	0.9295	0.7001	0.0000	761.0000	760.6214	1.0339	-3.4358	99.9450	39.8469	0.8230	0.8233	5.0000	-9999.0000	-9999.0000	-9999.0000	-9999.0000	-9999.0000	-9999.0000	28.3126	4	0	25.8233	1.0000	99	9	-9999.0000	23063	60129	-9999	578	540	-9999	532.9175	3	0.7001	0.7064	-0.0004	55.5076	3.2642	706.8645	326.9665	37.5641	643.9324	96.3485	699.8047	95.7115	706.3863	95.5797	711.1963	95.2502	
23/08/2017	02:03:52	019004	H374101368HLR	L374	S		653.5781	1.0233	3.1926	99.9392	40.0310	0.8230	0.8273	5.0000	19.9915	761.0489	94.8108	15.0212	24.4000	0.9300	0.9295	0.7002	0.0000	761.0000	760.1411	1.0339	-3.4134	99.8958	39.9270	0.8230	0.8235	5.0000	-9999.0000	-9999.0000	-9999.0000	-9999.0000	-9999.0000	-9999.0000	22.3833	5	0	28.1125	1.0000	99	9	-9999.0000	23064	60130	-9999	579	541	-9999	532.9235	3	0.7002	0.7067	-0.0004	55.4496	3.2570	712.4099	330.3121	37.6739	649.5593	96.2167	704.6996	95.6456	711.7835	95.5358	716.3118	95.2502	
23/08/2017	02:04:21	019004	H374101348HLR	L374	S		650.5852	1.0233	2.2538	100.0109	40.0443	0.8230	0.8273	5.0000	20.0531	761.0858	94.8767	16.7714	24.4000	0.9300	0.9294	0.7005	0.0000	761.0000	761.7588	1.0339	-3.4888	99.9839	39.9761	0.8230	0.8234	5.0000	-9999.0000	-9999.0000	-9999.0000	-9999.0000	-9999.0000	-9999.0000	23.0230	6	0	28.6730	1.0000	99	9	-9999.0000	23065	60131	-9999	580	542	-9999	533.2061	3	0.7005	0.7075	-0.0004	57.1276	3.1868	707.3322	339.7621	37.2785	646.3178	96.1289	700.9117	95.5358	706.7437	95.4259	711.6045	95.2282	
23/08/2017	02:04:48	019004	H374101328HLR	L374	S		650.2665	1.0233	2.1539	100.1001	40.0469	0.8230	0.8271	5.0000	20.5228	761.0459	94.8108	16.2821	24.4000	0.9300	0.9294	0.7001	0.0000	761.0000	760.8086	1.0339	-3.4445	100.1822	39.9911	0.8230	0.8236	5.0000	-9999.0000	-9999.0000	-9999.0000	-9999.0000	-9999.0000	-9999.0000	21.0619	7	0	27.0031	1.0000	99	9	-9999.0000	23066	60132	-9999	581	543	-9999	532.8814	3	0.7001	0.7083	-0.0005	61.3785	2.9573	708.3669	334.5573	39.1677	646.3557	95.9751	700.4776	95.4259	707.7329	95.2941	712.0824	95.1843	
23/08/2017	02:05:44	019004	H374101361HLR	L374	S		650.2308	1.0233	2.1426	99.9354	40.0488	0.8230	0.8273	5.0000	20.1332	761.0471	94.7889	16.3720	24.6000	0.9300	0.9298	0.6998	0.0000	761.0000	761.9198	1.0339	-3.4963	100.0648	39.9661	0.8230	0.8236	5.0000	-9999.0000	-9999.0000	-9999.0000	-9999.0000	-9999.0000	-9999.0000	20.4417	1	0	30.0532	1.0000	99	9	-9999.0000	23068	60133	-9999	583	544	-9999	532.6645	3	0.6998	0.7167	-0.0010	63.6557	2.8442	710.3735	306.2995	38.0913	645.1849	95.9971	701.0641	95.5797	709.6995	95.4918	714.6857	95.2062	
23/08/2017	02:06:13	019004	H374101340HLR	L374	S		649.8020	1.0233	2.0082	99.9976	40.0336	0.8230	0.8273	5.0000	20.1224	761.0571	94.7449	16.7821	24.4000	0.9300	0.9294	0.6998	0.0000	761.0000	761.3783	1.0339	-3.4710	100.0773	39.9231	0.8230	0.8237	5.0000	-9999.0000	-9999.0000	-9999.0000	-9999.0000	-9999.0000	-9999.0000	21.3423	2	0	29.0627	1.0000	99	9	-9999.0000	23069	60134	-9999	584	545	-9999	532.6681	3	0.6998	0.7164	-0.0010	62.7698	2.8833	706.8639	338.7898	40.0464	651.0382	95.9531	699.9578	95.4698	706.2464	95.3161	711.0284	95.1843	
23/08/2017	02:06:45	019004	H374101344HLR	L374	S		648.7090	1.0233	1.6653	100.1183	40.0109	0.8230	0.8272	5.0000	20.1419	761.0566	94.7889	15.3416	24.4000	0.9300	0.9294	0.7002	0.0000	761.0000	759.1134	1.0339	-3.3655	100.1381	40.0306	0.8230	0.8236	5.0000	-9999.0000	-9999.0000	-9999.0000	-9999.0000	-9999.0000	-9999.0000	21.2231	3	0	31.3434	1.0000	99	9	-9999.0000	23070	60134	-9999	585	546	-9999	532.9279	3	0.7002	0.7162	-0.0010	62.6951	2.8943	708.4813	340.5187	40.0244	648.5662	96.1069	699.2461	95.6017	707.8472	95.4479	712.5162	95.2062	
23/08/2017	02:07:15	019004	H374101353HLR	L374	S		651.7652	1.0233	2.6240	99.9821	40.0512	0.8230	0.8271	5.0000	20.6018	761.0634	94.7449	14.4020	24.4000	0.9300	0.9295	0.7002	0.0000	761.0000	760.6022	1.0339	-3.4349	99.9825	39.8469	0.8230	0.8234	5.0000	-9999.0000	-9999.0000	-9999.0000	-9999.0000	-9999.0000	-9999.0000	26.7627	4	0	30.5241	1.0000	99	9	-9999.0000	23071	60135	-9999	586	547	-9999	532.9371	3	0.7002	0.7162	-0.0010	62.6951	2.8943	713.1710	332.8857	39.1457	649.0566	95.8653	706.2757	95.2941	712.5571	95.1623	717.8935	95.1403	
23/08/2017	02:07:48	019004	H374101636HLR	L374	S		641.6690	1.0233	0.0000	99.9717	40.0512	0.8230	0.8271	5.0000	20.7424	761.0424	94.8328	18.4523	24.3000	0.9300	0.9294	0.7002	0.0000	761.0000	762.1641	1.0339	-3.5076	99.9619	39.9487	0.8230	0.8236	5.0000	-9999.0000	-9999.0000	-9999.0000	-9999.0000	-9999.0000	-9999.0000	27.0733	5	0	32.5231	1.0000	99	9	-9999.0000	23071	60136	-9999	587	548	-9999	532.9274	3	0.7002	0.7175	-0.0011	65.1546	2.7417	701.1885	338.2513	39.2555	641.4322	95.9751	693.8235	95.4479	700.6203	95.3161	705.7736	95.2062	
23/08/2017	02:08:18	019004	H374101458HLR	L374	S		641.7615	1.0233	0.0000	100.0118	40.0490	0.8230	0.8270	5.0000	21.0424	761.0615	94.7669	17.2715	24.4000	0.9300	0.9294	0.7003	0.0000	761.0000	761.1378	1.0339	-3.4598	99.9393	39.9655	0.8230	0.8234	5.0000	-9999.0000	-9999.0000	-9999.0000	-9999.0000	-9999.0000	-9999.0000	23.7926	6	0	29.9341	1.0000	99	9	-9999.0000	23072	60137	-9999	588	549	-9999	532.9983	3	0.7003	0.7174	-0.0011	61.2537	2.9973	701.0023	326.6714	37.8277	637.3240	95.9971	693.7749	95.4039	700.2662	95.2502	705.2442	95.1623	
23/08/2017	02:08:42	019004	H374101455HLR	L374	S		640.7730	1.0233	0.0000	99.9540	40.0279	0.8230	0.8273	5.0000	20.0324	761.0381	94.8328	19.7024	24.3000	0.9300	0.9294	0.7004	0.0000	761.0000	762.5793	1.0339	-3.5270	100.0910	40.0338	0.8230	0.8235	5.0000	-9999.0000	-9999.0000	-9999.0000	-9999.0000	-9999.0000	-9999.0000	20.8919	7	0	24.0720	1.0000	99	9	-9999.0000	23073	60138	-9999	589	550	-9999	533.1021	3	0.7004	0.7188	-0.0012	65.3160	2.7682	695.0458	334.0898	38.0473	636.8598	96.1289	688.7226	95.4698	694.3500	95.3380	698.0984	95.1623	
23/08/2017	02:09:10	019004	H374101341HLR	L374	S		613.7099	1.0233	0.0000	100.0304	40.0338	0.8230	0.8274	5.0000	20.0618	0.0000	0.0000	0.0000	0.0000	0.9300	0.0000	0.0000	0.0000	0.0000	631.5403	1.0339	-0.2461	100.0968	39.9513	0.8230	0.8239	5.0000	-9999.0000	-9999.0000	-9999.0000	-9999.0000	-9999.0000	-9999.0000	20.5628	8	7	28.2639	1.0000	99	9	-9999.0000	23074	0	-9999	590	551	-9999	0.0000	0	0.0000	0.0000	0.0000	0.0000	0.0000	0.0000	0.0000	0.0000	0.0000	0.0000	0.0000	0.0000	0.0000	0.0000	0.0000	0.0000	
23/08/2017	02:11:40	019004	H374101453HLR	L374	S		640.0366	1.0233	0.0000	100.0714	40.0512	0.8230	0.8273	5.0000	20.0725	761.0816	94.7889	20.8617	24.4000	0.9300	0.9297	0.7001	0.0000	761.0000	764.1482	1.0339	-3.6001	100.1663	39.9685	0.8230	0.8237	5.0000	-9999.0000	-9999.0000	-9999.0000	-9999.0000	-9999.0000	-9999.0000	20.7824	1	0	150.0266	1.0000	99	9	-9999.0000	23075	60139	-9999	591	552	-9999	532.8716	3	0.7001	0.7096	-0.0006	92.8727	1.1206	696.4355	311.6286	38.0693	638.2614	95.9751	689.4389	95.5358	695.7656	95.4259	699.7702	95.1843	
23/08/2017	02:12:07	019004	H374101449HLR	L374	S		640.5817	1.0233	0.0000	99.9750	40.0459	0.8230	0.8271	5.0000	20.5529	761.0910	94.7669	18.1720	24.4000	0.9300	0.9294	0.7003	0.0000	761.0000	760.5599	1.0339	-3.4329	100.0274	40.0514	0.8230	0.8235	5.0000	-9999.0000	-9999.0000	-9999.0000	-9999.0000	-9999.0000	-9999.0000	23.8932	2	0	26.5528	1.0000	99	9	-9999.0000	23076	60140	-9999	592	552	-9999	533.0589	3	0.7003	0.7080	-0.0005	59.7418	3.2106	697.5307	302.6783	39.1457	638.2318	95.9092	689.9662	95.2282	696.7441	95.0744	702.2615	95.0964	
23/08/2017	02:12:35	019004	H374101624HLR	L374	S		658.8445	1.0233	4.8446	100.0872	40.0512	0.8230	0.8268	5.0000	21.6227	761.0723	94.9646	11.3519	24.4000	0.9300	0.9294	0.7001	0.0000	761.0000	756.7122	1.0339	-3.2537	100.0720	39.8670	0.8230	0.8263	5.0000	-9999.0000	-9999.0000	-9999.0000	-9999.0000	-9999.0000	-9999.0000	20.9427	3	0	28.2033	1.0000	99	9	-9999.0000	23077	60141	-9999	593	553	-9999	532.9318	3	0.7001	0.7067	-0.0004	63.0423	3.0083	722.8937	318.1632	37.1906	659.7362	95.7994	714.5337	95.0964	722.2997	94.9426	726.3263	95.0305	
23/08/2017	02:13:00	019004	H374101443HLR	L374	S		651.4535	1.0233	2.5262	100.0680	40.0512	0.8230	0.8270	5.0000	20.8529	761.0726	94.7230	16.4618	24.5000	0.9300	0.9296	0.7001	0.0000	761.0000	762.4179	1.0339	-3.5195	99.9715	41.1895	0.8230	0.8248	5.0000	-9999.0000	-9999.0000	-9999.0000	-9999.0000	-9999.0000	-9999.0000	20.7415	4	0	25.4130	1.0000	99	9	-9999.0000	23078	60142	-9999	594	554	-9999	532.9246	3	0.7001	0.7067	-0.0004	63.0423	3.0083	709.9772	313.4192	37.8716	651.9242	96.0410	702.1098	95.3600	709.3567	95.2502	713.0781	95.2062	
23/08/2017	02:13:26	019004	H374101426HLR	L374	S		653.0820	1.0233	3.0370	99.9897	40.0203	0.8230	0.8272	5.0000	20.1526	761.0798	94.8108	16.4423	24.5000	0.9300	0.9296	0.6998	0.0000	761.0000	759.6273	1.0339	-3.3895	100.0517	40.6943	0.8230	0.8234	5.0000	-9999.0000	-9999.0000	-9999.0000	-9999.0000	-9999.0000	-9999.0000	22.0327	5	0	25.6629	1.0000	99	9	-9999.0000	23079	60143	-9999	595	555	-9999	532.6568	3	0.6998	0.7085	-0.0005	68.2922	2.7069	709.5432	313.6935	37.0369	649.0596	95.9092	702.9162	95.2502	709.0084	95.0964	712.7653	95.0744	
23/08/2017	02:13:52	019004	H374101380HLR	L374	S		652.8075	1.0233	2.9509	100.0812	40.0512	0.8230	0.8270	5.0000	20.9526	761.0495	94.8548	14.6716	24.5000	0.9300	0.9294	0.6999	0.0000	761.0000	760.2752	1.0339	-3.4197	100.0783	40.4009	0.8230	0.8232	5.0000	-9999.0000	-9999.0000	-9999.0000	-9999.0000	-9999.0000	-9999.0000	21.1029	6	0	26.3429	1.0000	99	9	-9999.0000	23080	60144	-9999	596	556	-9999	532.7029	3	0.6999	0.7081	-0.0005	68.5750	2.7227	712.6827	277.5313	36.8391	651.2884	95.6895	704.9753	95.3161	712.0217	95.2282	716.2355	95.1184	
23/08/2017	02:14:24	019004	H374101407HLR	L374	S		645.4110	1.0233	0.6308	100.0770	39.3503	0.8230	0.8282	5.0000	20.8432	761.0894	94.8987	16.5517	24.3000	0.9300	0.9291	0.7002	0.0000	761.0000	762.6282	1.0339	-3.5293	99.9812	40.1389	0.8230	0.8231	5.0000	-9999.0000	-9999.0000	-9999.0000	-9999.0000	-9999.0000	-9999.0000	22.8727	7	0	31.6431	1.0000	99	9	-9999.0000	23081	60145	-9999	597	557	-9999	533.0102	3	0.7002	0.7105	-0.0006	66.8138	2.8332	706.7133	303.2234	37.6739	642.8657	96.0410	698.7092	95.4039	706.0954	95.2282	710.6481	95.1403	
23/08/2017	02:15:21	019004	H374101382HLR	L374	S		655.3916	1.0233	3.7615	99.9938	41.1780	0.8230	0.8278	5.0000	20.2425	761.0644	94.8328	13.9615	24.2000	0.9300	0.9292	0.7004	0.0000	761.0000	756.8657	1.0339	-3.2608	99.9852	39.8461	0.8230	0.8232	5.0000	-9999.0000	-9999.0000	-9999.0000	-9999.0000	-9999.0000	-9999.0000	25.3025	1	0	28.2228	1.0000	99	9	-9999.0000	23082	60146	-9999	598	558	-9999	533.0932	3	0.7004	0.7115	-0.0006	66.2064	2.8566	713.1920	293.8582	37.3224	652.8242	95.8433	705.3781	95.3600	712.5172	95.2502	717.3663	95.1184	
23/08/2017	02:15:48	019004	H374101412HLR	L374	S		653.3343	1.0233	3.1161	99.9998	40.6427	0.8230	0.8270	5.0000	19.9328	761.0901	94.8328	14.4323	24.1000	0.9300	0.9289	0.7002	0.0000	761.0000	759.3918	1.0339	-3.3785	100.0698	39.9593	0.8230	0.8237	5.0000	-9999.0000	-9999.0000	-9999.0000	-9999.0000	-9999.0000	-9999.0000	21.5923	2	0	27.4338	1.0000	99	9	-9999.0000	23083	60147	-9999	599	559	-9999	533.0184	3	0.7002	0.7096	-0.0006	65.4922	2.8889	710.4421	314.1761	38.2011	648.9267	95.8433	702.0996	95.1623	709.8207	94.9646	714.5185	95.0305	
23/08/2017	02:16:18	019004	H374101413HLR	L374	S		650.6254	1.0233	2.2664	99.9631	40.1997	0.8230	0.8265	5.0000	20.1118	761.0808	94.7889	20.0120	23.9000	0.9300	0.9289	0.7001	0.0000	761.0000	766.7783	1.0339	-3.7226	100.0688	40.1219	0.8230	0.8236	5.0000	-9999.0000	-9999.0000	-9999.0000	-9999.0000	-9999.0000	-9999.0000	21.1518	3	0	29.3929	1.0000	99	9	-9999.0000	23084	60148	-9999	600	560	-9999	532.8730	3	0.7001	0.7101	-0.0006	64.8472	2.9399	700.2003	325.3599	37.4982	640.9225	95.9092	694.0385	95.2941	699.5560	95.1184	703.6481	95.1184	
23/08/2017	02:17:04	019004	H374101394HLR	L374	S		654.4719	1.0233	3.4730	99.9681	39.8461	0.8230	0.8264	5.0000	20.1722	761.0830	94.8987	13.7115	23.9000	0.9300	0.9288	0.7001	0.0000	761.0000	759.3323	1.0339	-3.3757	100.0073	40.0080	0.8230	0.8234	5.0000	-9999.0000	-9999.0000	-9999.0000	-9999.0000	-9999.0000	-9999.0000	22.5923	4	0	46.2855	1.0000	99	9	-9999.0000	23085	60149	-9999	601	561	-9999	532.8741	3	0.7001	0.7101	-0.0006	64.8472	2.9399	712.2608	311.2504	38.0473	652.3224	95.6236	705.2389	94.9426	711.6808	94.8108	716.5599	94.9646	
23/08/2017	02:23:36	019004	H374101398HLR	L374	S		651.7335	1.0233	2.6140	100.0842	39.9180	0.8230	0.8275	5.0000	19.9221	761.0635	94.9646	16.5312	23.7000	0.9300	0.9289	0.7006	0.0000	761.0000	764.2540	1.0339	-3.6050	100.0947	40.0089	0.8230	0.8235	5.0000	-9999.0000	-9999.0000	-9999.0000	-9999.0000	-9999.0000	-9999.0000	21.1918	5	0	391.1534	1.0000	99	9	-9999.0000	23086	60150	-9999	602	562	-9999	533.2222	3	0.7006	0.7117	-0.0007	62.3115	3.0501	706.8674	314.9044	37.4103	648.6419	95.7115	699.5185	94.9866	706.1839	94.8548	711.0836	95.0305	
23/08/2017	02:24:03	019004	H374101403HLR	L374	S		648.4735	1.0233	1.5915	100.0517	40.2422	0.8230	0.8274	5.0000	20.7817	761.0853	94.8767	15.6316	23.6000	0.9300	0.9288	0.7007	0.0000	761.0000	764.1325	1.0339	-3.5993	100.0639	39.9984	0.8230	0.8235	5.0000	-9999.0000	-9999.0000	-9999.0000	-9999.0000	-9999.0000	-9999.0000	21.6430	6	0	27.6339	1.0000	99	9	-9999.0000	23087	60151	-9999	603	563	-9999	533.3715	3	0.7007	0.7117	-0.0007	63.1770	2.9709	708.7975	315.2067	38.0473	647.6494	95.6895	701.1580	94.9866	708.2624	94.8328	713.3754	94.9866	
23/08/2017	02:24:31	019004	H374101405HLR	L374	S		652.6109	1.0233	2.8892	99.9784	40.1538	0.8230	0.8270	5.0000	20.5521	761.0733	94.8548	16.6122	23.6000	0.9300	0.9288	0.7004	0.0000	761.0000	764.3728	1.0339	-3.6105	99.8710	39.7534	0.8230	0.8239	5.0000	-9999.0000	-9999.0000	-9999.0000	-9999.0000	-9999.0000	-9999.0000	20.1722	7	0	28.7131	1.0000	99	9	-9999.0000	23087	60152	-9999	604	564	-9999	533.0885	3	0.7004	0.7142	-0.0009	66.5334	2.7204	705.7273	314.1004	38.0913	647.7367	95.6236	698.4869	95.0085	704.9081	94.8328	710.4004	95.0085	
23/08/2017	02:25:01	019004	H374101409HLR	L374	S		650.1969	1.0233	2.1320	100.0935	39.9487	0.8230	0.8267	5.0000	21.0121	761.0891	94.8328	15.7420	23.5000	0.9300	0.9289	0.7008	0.0000	761.0000	763.1653	1.0339	-3.5543	99.9581	39.9716	0.8230	0.8242	5.0000	-9999.0000	-9999.0000	-9999.0000	-9999.0000	-9999.0000	-9999.0000	20.1720	8	0	29.4124	1.0000	99	9	-9999.0000	23088	60153	-9999	605	565	-9999	533.4418	3	0.7008	0.7167	-0.0011	69.0001	2.5579	704.9475	322.1758	38.2451	644.0262	95.8433	698.5944	95.2062	704.5163	95.0744	709.4880	95.0525	
23/08/2017	02:25:32	019004	H374101416HLR	L374	S		648.1089	1.0233	1.4771	100.1004	39.9487	0.8230	0.8273	5.0000	20.0813	761.0426	94.7669	20.2122	23.3000	0.9300	0.9290	0.6999	0.0000	761.0000	768.1644	1.0339	-3.7872	100.0534	39.8871	0.8230	0.8234	5.0000	-9999.0000	-9999.0000	-9999.0000	-9999.0000	-9999.0000	-9999.0000	21.1723	1	0	30.7437	1.0000	99	9	-9999.0000	23089	60154	-9999	606	566	-9999	533.1477	3	0.6999	0.7178	-0.0012	75.7136	2.1505	696.1363	302.8556	37.2785	633.7491	95.7774	689.5470	95.2502	695.5025	95.1184	699.8939	95.0744	
23/08/2017	02:26:01	019004	H374101422HLR	L374	S		653.1437	1.0233	3.0564	99.9941	40.1538	0.8230	0.8272	5.0000	21.1623	761.0958	94.9207	14.7722	23.7000	0.9300	0.9301	0.6999	0.0000	761.0000	760.9221	1.0339	-3.4498	100.0057	39.7747	0.8230	0.8237	5.0000	-9999.0000	-9999.0000	-9999.0000	-9999.0000	-9999.0000	-9999.0000	20.2025	2	0	29.2630	1.0000	99	9	-9999.0000	23090	60155	-9999	607	567	-9999	532.7569	3	0.6999	0.7178	-0.0012	75.7136	2.1505	709.7806	283.6082	37.4982	645.7699	96.6561	700.9666	96.0849	708.9922	95.9312	713.7916	95.3380	
23/08/2017	02:26:30	019004	H374101417HLR	L374	S		653.7103	1.0233	3.2341	99.9765	40.3651	0.8230	0.8280	5.0000	20.8824	761.0781	94.8548	16.9824	23.7000	0.9300	0.9300	0.6997	0.0000	761.0000	763.6173	1.0339	-3.5753	100.0157	39.9894	0.8230	0.8238	5.0000	-9999.0000	-9999.0000	-9999.0000	-9999.0000	-9999.0000	-9999.0000	20.9916	3	0	29.7036	1.0000	99	9	-9999.0000	23091	60156	-9999	608	568	-9999	532.6190	3	0.6997	0.7196	-0.0013	75.4559	2.1725	705.6687	313.3161	39.5192	643.8990	96.4803	697.4119	95.7994	705.0621	95.6456	708.8200	95.3161	
23/08/2017	02:26:58	019004	H374101419HLR	L374	S		652.2751	1.0233	2.7839	99.9807	40.1538	0.8230	0.8272	5.0000	20.1319	761.0469	94.8548	17.2119	23.7000	0.9300	0.9298	0.6995	0.0000	761.0000	763.9828	1.0339	-3.5924	99.9598	39.7435	0.8230	0.8234	5.0000	-9999.0000	-9999.0000	-9999.0000	-9999.0000	-9999.0000	-9999.0000	26.3829	4	0	27.6632	1.0000	99	9	-9999.0000	23092	60157	-9999	609	569	-9999	532.4249	3	0.6995	0.7196	-0.0013	49.0252	3.9823	703.7321	311.1592	39.1677	648.6063	95.5797	698.5944	95.0085	703.1803	94.8987	708.1194	94.9426	
23/08/2017	02:27:28	019004	H374101746HLR	L374	S		655.2001	1.0233	3.7014	100.0144	39.8461	0.8230	0.8268	5.0000	20.0725	761.0550	94.8767	19.0725	23.7000	0.9300	0.9296	0.6990	0.0000	761.0000	765.6372	1.0339	-3.6694	99.9645	39.8461	0.8230	0.8238	5.0000	-9999.0000	-9999.0000	-9999.0000	-9999.0000	-9999.0000	-9999.0000	22.9128	5	0	29.8140	1.0000	99	9	-9999.0000	23093	60158	-9999	610	570	-9999	531.9561	3	0.6990	0.7179	-0.0012	74.2300	2.2559	700.2670	310.5477	37.9595	640.8394	94.8987	693.8042	94.3715	699.9037	94.3056	704.4910	94.8548	
23/08/2017	02:27:55	019004	H374101815HLR	L374	S		653.6586	1.0233	3.2179	100.0116	39.9227	0.8230	0.8275	5.0000	20.2827	761.0687	94.8328	17.4824	23.7000	0.9300	0.9294	0.6990	0.0000	761.0000	764.0325	1.0339	-3.5947	99.9598	40.1063	0.8230	0.8238	5.0000	-9999.0000	-9999.0000	-9999.0000	-9999.0000	-9999.0000	-9999.0000	20.2522	6	0	27.3926	1.0000	99	9	-9999.0000	23094	60159	-9999	611	571	-9999	532.0742	3	0.6990	0.7179	-0.0012	74.2300	2.2559	703.6513	318.3245	38.5746	641.3315	94.9426	695.5554	94.3935	703.0475	94.3276	706.7646	94.8767	
23/08/2017	02:28:25	019004	H374101755HLR	L374	S		651.4827	1.0233	2.5353	100.0330	40.1538	0.8230	0.8275	5.0000	20.6225	761.1087	94.8767	14.1715	23.7000	0.9300	0.9294	0.6984	0.0000	761.0000	760.4390	1.0339	-3.4273	100.0258	39.9657	0.8230	0.8235	5.0000	-9999.0000	-9999.0000	-9999.0000	-9999.0000	-9999.0000	-9999.0000	20.2718	7	0	29.2632	1.0000	99	9	-9999.0000	23095	60160	-9999	612	572	-9999	531.6130	3	0.6984	0.7169	-0.0011	79.8426	1.9236	710.2122	314.1486	37.4542	645.6617	95.0964	702.4705	94.5033	709.3612	94.4374	714.6522	94.8548	
23/08/2017	02:28:50	019004	H374101753HLR	L374	S		654.2490	1.0233	3.4031	99.9494	40.1462	0.8230	0.8272	5.0000	20.2221	761.0907	94.9646	15.8416	23.7000	0.9300	0.9295	0.6978	0.0000	761.0000	760.9215	1.0339	-3.4498	100.0488	39.8461	0.8230	0.8235	5.0000	-9999.0000	-9999.0000	-9999.0000	-9999.0000	-9999.0000	-9999.0000	23.4030	8	0	24.9324	1.0000	99	9	-9999.0000	23096	60161	-9999	613	573	-9999	531.1917	3	0.6978	0.7157	-0.0011	82.2556	1.7820	706.7138	307.2810	38.7723	646.2275	95.1403	698.8771	94.6790	706.0077	94.5912	711.2869	94.9426	
23/08/2017	02:29:15	019004	H374101752HLR	L374	S		650.1988	1.0233	2.1326	100.0465	39.9487	0.8230	0.8270	5.0000	20.2814	761.0985	95.0085	18.1915	23.7000	0.9300	0.9295	0.6973	0.0000	761.0000	763.1284	1.0339	-3.5526	100.0557	40.0216	0.8230	0.8238	5.0000	-9999.0000	-9999.0000	-9999.0000	-9999.0000	-9999.0000	-9999.0000	20.5120	1	0	25.4532	1.0000	99	9	-9999.0000	23097	60162	-9999	614	574	-9999	531.1838	3	0.6973	0.7161	-0.0011	98.0937	0.8179	700.7534	312.4262	38.4647	637.5643	95.3820	694.2388	94.8767	700.3251	94.7889	704.8338	94.9866	
23/08/2017	02:29:39	019004	H374101748HLR	L374	S		647.5148	1.0233	1.2907	100.0892	39.9442	0.8230	0.8275	5.0000	20.0326	761.0564	94.8108	15.5115	23.7000	0.9300	0.9295	0.6973	0.0000	761.0000	760.2831	1.0339	-3.4200	99.9731	40.0359	0.8230	0.8236	5.0000	-9999.0000	-9999.0000	-9999.0000	-9999.0000	-9999.0000	-9999.0000	20.5120	2	0	24.3826	1.0000	99	9	-9999.0000	23098	60163	-9999	615	574	-9999	530.7155	3	0.6973	0.7161	-0.0011	98.0937	0.8179	708.2121	314.8949	38.2670	643.3594	95.2941	699.8275	94.7230	707.6496	94.6571	712.3496	94.9207	
23/08/2017	02:30:05	019004	H374101710HLR	L374	S		649.9320	1.0233	2.0489	99.9822	40.1352	0.8230	0.8275	5.0000	20.2219	761.0799	94.9866	17.5625	23.7000	0.9300	0.9295	0.6974	0.0000	761.0000	761.6540	1.0339	-3.4839	100.0332	39.9853	0.8230	0.8236	5.0000	-9999.0000	-9999.0000	-9999.0000	-9999.0000	-9999.0000	-9999.0000	20.9123	3	0	25.9736	1.0000	99	9	-9999.0000	23099	60164	-9999	616	575	-9999	530.8527	3	0.6974	0.7141	-0.0010	98.1065	0.7959	701.6892	302.8796	37.5421	643.2239	95.3380	695.2826	94.7889	701.1804	94.6790	705.1926	94.9866	
23/08/2017	02:30:33	019004	H374101738HLR	L374	S		655.8268	1.0233	3.8980	99.9627	40.1266	0.8230	0.8273	5.0000	20.0325	761.0869	94.8767	13.0815	23.8000	0.9300	0.9294	0.6974	0.0000	761.0000	757.3569	1.0339	-3.2837	100.0586	39.9810	0.8230	0.8236	5.0000	-9999.0000	-9999.0000	-9999.0000	-9999.0000	-9999.0000	-9999.0000	20.5824	4	0	27.2424	1.0000	99	9	-9999.0000	23100	60164	-9999	617	576	-9999	530.8759	3	0.6974	0.7150	-0.0010	101.1606	0.5391	714.8147	315.4056	36.8611	650.9928	95.4039	706.7610	94.8108	714.2100	94.7010	719.4874	94.9646	
23/08/2017	02:32:54	019004	H374101727HLR	L374	S		653.3346	1.0233	3.1163	100.1081	39.9814	0.8230	0.8271	5.0000	20.1615	761.0687	94.9426	13.7818	23.8000	0.9300	0.9295	0.6973	0.0000	761.0000	758.3134	1.0339	-3.3283	99.9847	40.0289	0.8230	0.8237	5.0000	-9999.0000	-9999.0000	-9999.0000	-9999.0000	-9999.0000	-9999.0000	20.2327	5	0	139.7558	1.0000	99	9	-9999.0000	23100	60165	-9999	618	577	-9999	530.7610	3	0.6973	0.7154	-0.0011	97.2608	0.7792	714.0054	313.1723	37.1906	652.1738	95.7335	706.6614	95.1843	713.4202	95.0964	718.7426	95.1623	
23/08/2017	02:33:47	019004	H374101743HLR	L374	S		656.0184	1.0233	3.9581	100.0013	40.0144	0.8230	0.8276	5.0000	20.0022	761.0894	94.8767	14.3414	23.9000	0.9300	0.9296	0.6974	0.0000	761.0000	758.1634	1.0339	-3.3213	100.0227	39.7483	0.8230	0.8235	5.0000	-9999.0000	-9999.0000	-9999.0000	-9999.0000	-9999.0000	-9999.0000	20.9018	7	0	27.5130	1.0000	99	9	-9999.0000	23102	60166	-9999	620	577	-9999	530.9004	3	0.6974	0.7127	-0.0009	98.4588	0.7107	712.9092	303.7517	39.3654	656.2801	95.4918	705.8073	95.1843	712.5057	95.1184	716.8463	95.1403	
23/08/2017	02:34:14	019004	H374101723HLR	L374	S		652.9550	1.0233	2.9972	100.0454	40.1538	0.8230	0.8272	5.0000	21.0023	761.0603	94.9207	15.3914	23.8000	0.9300	0.9294	0.6975	0.0000	761.0000	761.0465	1.0339	-3.4556	100.0088	39.8646	0.8230	0.8240	5.0000	-9999.0000	-9999.0000	-9999.0000	-9999.0000	-9999.0000	-9999.0000	22.7729	8	0	26.6025	1.0000	99	9	-9999.0000	23103	60167	-9999	621	578	-9999	530.8800	3	0.6975	0.7123	-0.0009	101.9163	0.5175	711.9586	320.0403	39.2336	648.4605	95.6236	705.1511	95.1843	711.4860	95.0964	715.9878	95.0964	
23/08/2017	02:34:41	019004	H374101732HLR	L374	S		649.8931	1.0233	2.0367	100.0078	40.1102	0.8230	0.8272	5.0000	20.1224	761.0757	94.8108	15.6316	23.7000	0.9300	0.9294	0.6977	0.0000	761.0000	759.8079	1.0339	-3.3979	100.0002	40.1008	0.8230	0.8237	5.0000	-9999.0000	-9999.0000	-9999.0000	-9999.0000	-9999.0000	-9999.0000	21.5922	1	0	27.7433	1.0000	99	9	-9999.0000	23104	60168	-9999	622	579	-9999	531.0959	3	0.6977	0.7124	-0.0009	86.5338	1.3998	705.9422	319.3057	38.3988	646.1202	95.7335	698.9539	95.3600	705.5492	95.2721	709.7588	95.1843	
23/08/2017	02:35:08	019004	H374101713HLR	L374	S		650.6385	1.0233	2.2706	100.0301	40.0044	0.8230	0.8272	5.0000	19.9923	761.0902	94.8548	15.3110	23.7000	0.9300	0.9292	0.6977	0.0000	761.0000	759.9404	1.0339	-3.4041	100.0164	39.9452	0.8230	0.8235	5.0000	-9999.0000	-9999.0000	-9999.0000	-9999.0000	-9999.0000	-9999.0000	20.9125	2	0	26.9933	1.0000	99	9	-9999.0000	23104	60169	-9999	623	580	-9999	531.1129	3	0.6977	0.7124	-0.0009	86.5338	1.3998	708.0201	279.9141	38.6405	645.6181	95.5138	700.1570	95.2721	707.4042	95.2502	712.3526	95.1403	
23/08/2017	02:35:35	019004	H374101740HLR	L374	S		651.1683	1.0233	2.4367	100.0942	39.9487	0.8230	0.8273	5.0000	21.4820	761.0550	94.8548	15.8524	23.7000	0.9300	0.9293	0.6981	0.0000	761.0000	762.5940	1.0339	-3.5277	99.9924	39.8461	0.8230	0.8235	5.0000	-9999.0000	-9999.0000	-9999.0000	-9999.0000	-9999.0000	-9999.0000	23.5426	3	0	26.6533	1.0000	99	9	-9999.0000	23105	60170	-9999	624	581	-9999	531.3289	3	0.6981	0.7131	-0.0009	83.3107	1.5648	710.9545	304.6008	38.1792	648.1899	95.6895	703.1586	95.1403	710.4316	94.9646	715.1197	95.0525	
23/08/2017	02:36:02	019004	H374101338HLR	L374	S		652.1146	1.0233	2.7336	99.9080	40.0928	0.8230	0.8277	5.0000	20.0821	761.0569	94.7669	14.8415	23.7000	0.9300	0.9294	0.6983	0.0000	761.0000	759.4295	1.0339	-3.3803	100.0877	39.9806	0.8230	0.8238	5.0000	-9999.0000	-9999.0000	-9999.0000	-9999.0000	-9999.0000	-9999.0000	20.6527	4	0	27.3624	1.0000	99	9	-9999.0000	23106	60171	-9999	625	582	-9999	531.5357	3	0.6983	0.7124	-0.0009	78.9857	1.8620	710.2935	312.9694	39.1677	652.4876	95.7994	704.2187	95.2502	709.8473	95.1184	714.3977	95.1184	
23/08/2017	02:36:30	019004	H374101373HLR	L374	S		650.5654	1.0233	2.2476	99.9560	40.1466	0.8230	0.8273	5.0000	20.4328	761.0863	94.8987	16.0721	23.7000	0.9300	0.9294	0.6986	0.0000	761.0000	761.9402	1.0339	-3.4972	100.0453	40.0514	0.8230	0.8236	5.0000	-9999.0000	-9999.0000	-9999.0000	-9999.0000	-9999.0000	-9999.0000	20.7922	5	0	27.2630	1.0000	99	9	-9999.0000	23107	60172	-9999	626	583	-9999	531.7363	3	0.6986	0.7121	-0.0009	77.4949	1.9820	708.0230	314.6235	38.3549	652.2020	95.8872	700.4114	95.2941	707.4190	95.1843	711.8266	95.1403	
23/08/2017	02:36:56	019004	H374101718HLR	L374	S		651.8042	1.0233	2.6362	100.0307	40.0420	0.8230	0.8273	5.0000	19.9720	761.0536	94.7449	14.0514	23.8000	0.9300	0.9295	0.6985	0.0000	761.0000	761.4539	1.0339	-3.4746	100.0712	39.9350	0.8230	0.8234	5.0000	-9999.0000	-9999.0000	-9999.0000	-9999.0000	-9999.0000	-9999.0000	21.4516	6	0	26.1932	1.0000	99	9	-9999.0000	23108	60173	-9999	627	584	-9999	531.7009	3	0.6985	0.7128	-0.0009	74.5094	2.1603	713.6125	324.8610	39.3654	652.9234	95.8213	704.5087	95.2502	712.8458	95.1184	717.7590	95.0964	
23/08/2017	02:37:24	019004	H374101369HLR	L374	S		647.5360	1.0233	1.2974	100.0081	39.9487	0.8230	0.8272	5.0000	20.1820	761.0656	94.7889	15.0212	23.8000	0.9300	0.9295	0.6984	0.0000	761.0000	759.1401	1.0339	-3.3668	100.0258	39.9804	0.8230	0.8237	5.0000	-9999.0000	-9999.0000	-9999.0000	-9999.0000	-9999.0000	-9999.0000	20.3421	7	0	28.3236	1.0000	99	9	-9999.0000	23109	60174	-9999	628	585	-9999	531.5928	3	0.6984	0.7129	-0.0009	73.7604	2.2459	707.8197	310.5467	37.6739	647.3281	95.9092	700.2972	95.2502	707.2526	95.0964	712.2933	95.1403	
23/08/2017	02:37:51	019004	H374101329HLR	L374	S		650.4733	1.0233	2.2187	100.0397	40.0267	0.8230	0.8275	5.0000	20.0129	761.0431	94.8548	15.5916	23.8000	0.9300	0.9295	0.6988	0.0000	761.0000	761.2520	1.0339	-3.4652	100.0277	39.9992	0.8230	0.8236	5.0000	-9999.0000	-9999.0000	-9999.0000	-9999.0000	-9999.0000	-9999.0000	21.0531	8	0	26.5724	1.0000	99	9	-9999.0000	23110	60175	-9999	629	586	-9999	531.8674	3	0.6988	0.7139	-0.0010	56.0751	3.4689	708.4877	315.8860	39.0139	648.3493	95.8433	701.2108	95.3380	707.9586	95.2062	713.3549	95.1623	
23/08/2017	02:38:20	019004	H374101350HLR	L374	S		649.0717	1.0233	1.7791	100.0860	40.1116	0.8230	0.8268	5.0000	21.8625	761.0622	94.7669	15.5115	23.8000	0.9300	0.9295	0.6988	0.0000	761.0000	761.8978	1.0339	-3.4952	100.0388	40.0424	0.8230	0.8236	5.0000	-9999.0000	-9999.0000	-9999.0000	-9999.0000	-9999.0000	-9999.0000	20.5228	1	0	29.5237	1.0000	99	9	-9999.0000	23111	60176	-9999	630	587	-9999	531.8672	3	0.6988	0.7137	-0.0010	59.8754	3.2055	708.1317	318.1271	38.5306	647.9631	95.7994	700.2754	95.3600	707.4603	95.2062	712.8098	95.1403	
23/08/2017	02:38:46	019004	H374101834HLR	L374	S		652.2004	1.0233	2.7605	100.0236	40.0504	0.8230	0.8273	5.0000	19.9925	761.0542	94.7230	14.3815	23.8000	0.9300	0.9295	0.6989	0.0000	761.0000	759.6226	1.0339	-3.3893	100.0454	40.0064	0.8230	0.8236	5.0000	-9999.0000	-9999.0000	-9999.0000	-9999.0000	-9999.0000	-9999.0000	21.1821	2	0	26.1025	1.0000	99	9	-9999.0000	23112	60177	-9999	631	588	-9999	531.9739	3	0.6989	0.7143	-0.0010	60.1100	3.1913	710.7043	305.8181	37.7837	650.2356	95.6895	702.9860	95.0964	710.1412	94.9866	714.9094	95.0525	
23/08/2017	02:39:13	019004	H374103428HLR	L374	S		655.9195	1.0233	3.9271	99.9895	40.0351	0.8230	0.8272	5.0000	20.1321	761.0744	94.9426	16.6317	23.8000	0.9300	0.9295	0.6988	0.0000	761.0000	763.4304	1.0339	-3.5666	100.0297	40.0871	0.8230	0.8236	5.0000	-9999.0000	-9999.0000	-9999.0000	-9999.0000	-9999.0000	-9999.0000	20.5725	3	0	27.1632	1.0000	99	9	-9999.0000	23113	60178	-9999	632	589	-9999	531.9296	3	0.6988	0.7136	-0.0010	65.3512	2.8608	707.1752	295.7244	37.7837	647.6541	95.7554	698.9353	95.0964	706.4373	94.9646	710.9154	95.0964	
23/08/2017	02:40:52	019004	H374101362HLR	L374	S		650.4434	1.0233	2.2094	100.0497	40.0187	0.8230	0.8273	5.0000	20.0423	761.0530	94.7449	14.7517	23.8000	0.9300	0.9295	0.6987	0.0000	761.0000	759.2701	1.0339	-3.3728	100.0305	40.0613	0.8230	0.8236	5.0000	-9999.0000	-9999.0000	-9999.0000	-9999.0000	-9999.0000	-9999.0000	21.1322	4	0	98.9515	1.0000	99	9	-9999.0000	23114	60179	-9999	633	590	-9999	531.8412	3	0.6987	0.7263	-0.0018	86.2617	1.5360	710.2225	322.0009	38.5965	651.0749	95.9312	702.9834	95.3820	709.7800	95.2721	713.5045	95.1843	
23/08/2017	02:41:20	019004	H374101352HLR	L374	S		652.8795	1.0233	2.9735	100.0024	40.0840	0.8230	0.8274	5.0000	20.1224	761.0933	94.9426	17.9024	23.7000	0.9300	0.9295	0.6985	0.0000	761.0000	764.0247	1.0339	-3.5943	99.9789	40.1041	0.8230	0.8236	5.0000	-9999.0000	-9999.0000	-9999.0000	-9999.0000	-9999.0000	-9999.0000	20.4017	5	0	27.8029	1.0000	99	9	-9999.0000	23115	60180	-9999	634	591	-9999	531.7059	3	0.6985	0.7328	-0.0022	92.4729	1.1592	702.7605	314.6091	37.1687	644.6669	95.8213	696.0249	95.1843	702.1598	95.0305	706.8519	95.0964	
23/08/2017	02:41:44	019004	H374101354HLR	L374	S		651.2038	1.0233	2.4479	100.1635	40.1135	0.8230	0.8273	5.0000	20.0825	761.0653	94.8548	14.3317	23.8000	0.9300	0.9295	0.6988	0.0000	761.0000	759.5765	1.0339	-3.3871	99.9805	39.9978	0.8230	0.8234	5.0000	-9999.0000	-9999.0000	-9999.0000	-9999.0000	-9999.0000	-9999.0000	24.4929	6	0	24.2528	1.0000	99	9	-9999.0000	23116	60181	-9999	635	592	-9999	531.8960	3	0.6988	0.7271	-0.0018	84.9513	1.6545	711.7117	308.4779	37.6519	651.5312	95.6676	703.4837	95.0744	711.0921	94.9426	715.8629	95.0305	
23/08/2017	02:42:11	019004	H374101333HLR	L374	S		643.3214	1.0233	0.0000	100.0284	40.0512	0.8230	0.8272	5.0000	20.1827	761.0506	94.8987	15.4617	23.8000	0.9300	0.9295	0.6986	0.0000	761.0000	761.0504	1.0339	-3.4558	100.0143	40.0809	0.8230	0.8236	5.0000	-9999.0000	-9999.0000	-9999.0000	-9999.0000	-9999.0000	-9999.0000	20.8423	7	0	26.7130	1.0000	99	9	-9999.0000	23117	60181	-9999	636	593	-9999	531.7070	3	0.6986	0.7245	-0.0017	96.5989	0.8802	708.0037	322.4920	39.8706	650.0938	95.8872	700.2203	95.3380	707.2112	95.1623	713.1807	95.1623	
23/08/2017	02:42:39	019004	H374103426HLR	L374	S		644.8579	1.0233	0.4573	100.0732	40.0512	0.8230	0.8268	5.0000	21.5620	761.0501	94.7669	15.9715	23.7000	0.9300	0.9295	0.6987	0.0000	761.0000	761.3783	1.0339	-3.4710	99.9442	40.0574	0.8230	0.8235	5.0000	-9999.0000	-9999.0000	-9999.0000	-9999.0000	-9999.0000	-9999.0000	22.3823	8	0	27.5831	1.0000	99	9	-9999.0000	23118	60182	-9999	637	594	-9999	531.8352	3	0.6987	0.7278	-0.0019	93.3176	1.0990	705.3062	318.4866	37.8057	649.0086	95.8433	699.0461	95.2721	704.6629	95.1403	709.4911	95.1403	
23/08/2017	02:43:35	019004	H374103431HLR	L374	S		670.6528	1.0233	8.5486	100.0320	39.8023	0.8230	0.8268	5.0000	20.1029	761.0552	95.0085	10.4416	23.9000	0.9300	0.9296	0.6987	0.0000	761.0000	756.6514	1.0339	-3.2508	100.0179	39.9966	0.8230	0.8234	5.0000	-9999.0000	-9999.0000	-9999.0000	-9999.0000	-9999.0000	-9999.0000	21.7427	2	0	27.8927	1.0000	99	9	-9999.0000	23120	60183	-9999	639	595	-9999	531.8249	3	0.6987	0.7194	-0.0013	101.1170	0.5776	727.6478	272.4701	36.0703	663.5609	95.3820	718.6307	95.0525	726.7891	95.0085	732.8608	95.0305	
23/08/2017	02:44:03	019004	H374101346HLR	L374	S		649.7436	1.0233	1.9898	100.0559	39.8318	0.8230	0.8277	5.0000	20.0023	761.0866	94.8987	15.1218	23.8000	0.9300	0.9295	0.6988	0.0000	761.0000	762.6527	1.0339	-3.5304	100.0020	39.9997	0.8230	0.8236	5.0000	-9999.0000	-9999.0000	-9999.0000	-9999.0000	-9999.0000	-9999.0000	20.9730	3	0	28.4133	1.0000	99	9	-9999.0000	23121	60184	-9999	640	596	-9999	531.8932	3	0.6988	0.7191	-0.0013	102.6167	0.4808	711.3909	305.0944	39.7608	650.4674	95.7774	703.1115	95.1843	710.6868	95.0305	716.2086	95.1184	
23/08/2017	02:44:29	019004	H374101351HLR	L374	S		652.6756	1.0233	2.9096	100.0906	40.2455	0.8230	0.8282	5.0000	20.1721	761.0845	94.8548	15.8524	23.8000	0.9300	0.9295	0.6988	0.0000	761.0000	762.5183	1.0339	-3.5241	99.9452	40.0844	0.8230	0.8236	5.0000	-9999.0000	-9999.0000	-9999.0000	-9999.0000	-9999.0000	-9999.0000	20.3518	4	0	25.4033	1.0000	99	9	-9999.0000	23122	60185	-9999	641	597	-9999	531.9084	3	0.6988	0.7201	-0.0014	99.7943	0.7193	707.4866	310.3483	38.4647	646.2486	95.9531	701.1342	95.4259	706.8729	95.2502	711.6862	95.1843	
23/08/2017	02:44:53	019004	H374103449HLR	L374	S		646.5165	1.0233	0.9776	100.0663	40.3458	0.8230	0.8275	5.0000	20.0725	761.0562	94.7669	16.5019	23.8000	0.9300	0.9295	0.6988	0.0000	761.0000	761.3460	1.0339	-3.4695	100.0044	40.0343	0.8230	0.8235	5.0000	-9999.0000	-9999.0000	-9999.0000	-9999.0000	-9999.0000	-9999.0000	21.9419	5	0	24.8025	1.0000	99	9	-9999.0000	23123	60186	-9999	642	598	-9999	531.8823	3	0.6988	0.7201	-0.0014	99.7943	0.7193	703.9261	311.9042	37.8057	644.5356	95.9531	696.3368	95.3820	703.3066	95.2062	707.6302	95.1184	
23/08/2017	02:45:18	019004	H374103453HLR	L374	S		644.4893	1.0233	0.3417	100.0552	40.1129	0.8230	0.8267	5.0000	20.7025	761.0783	94.7889	16.1014	23.8000	0.9300	0.9295	0.6990	0.0000	761.0000	759.6501	1.0339	-3.3905	100.0213	40.0338	0.8230	0.8236	5.0000	-9999.0000	-9999.0000	-9999.0000	-9999.0000	-9999.0000	-9999.0000	21.5121	6	0	24.4130	1.0000	99	9	-9999.0000	23124	60186	-9999	643	599	-9999	532.0914	3	0.6990	0.7194	-0.0013	98.9080	0.7679	702.2331	312.3471	39.7388	642.1170	95.9312	695.9126	95.4259	701.6428	95.2721	705.8099	95.1403	
23/08/2017	02:45:46	019004	H374103447HLR	L374	S		656.8277	1.0233	4.2120	100.0888	39.9051	0.8230	0.8268	5.0000	20.2826	761.0717	94.7449	16.7822	23.8000	0.9300	0.9295	0.6989	0.0000	761.0000	764.2248	1.0339	-3.6036	100.0587	40.0910	0.8230	0.8236	5.0000	-9999.0000	-9999.0000	-9999.0000	-9999.0000	-9999.0000	-9999.0000	20.9526	7	0	28.3927	1.0000	99	9	-9999.0000	23125	60187	-9999	644	600	-9999	531.9713	3	0.6989	0.7138	-0.0010	101.0895	0.6643	708.7056	311.5017	37.8277	646.8276	95.9751	701.0222	95.3380	708.0541	95.2282	712.4446	95.1403	
23/08/2017	02:46:56	019004	H374103445HLR	L374	S		662.5663	1.0233	6.0120	100.1659	40.0173	0.8230	0.8274	5.0000	20.1019	761.0322	94.9426	11.7806	23.8000	0.9300	0.9295	0.6989	0.0000	761.0000	759.8022	1.0339	-3.3976	100.0180	40.1213	0.8230	0.8236	5.0000	-9999.0000	-9999.0000	-9999.0000	-9999.0000	-9999.0000	-9999.0000	20.8021	8	0	69.4582	1.0000	99	9	-9999.0000	23126	60188	-9999	645	601	-9999	531.8882	3	0.6989	0.7140	-0.0010	100.9110	0.6267	723.7776	318.5243	38.0473	661.0319	95.7994	715.3492	95.1843	723.0273	95.0525	728.3536	95.0525	
23/08/2017	02:47:20	019004	H374103438HLR	L374	S		670.7094	1.0233	8.5663	100.0675	40.1982	0.8230	0.8275	5.0000	19.9512	761.0821	94.8108	11.0012	23.8000	0.9300	0.9295	0.6987	0.0000	761.0000	758.1653	1.0339	-3.3214	100.0299	40.0703	0.8230	0.8235	5.0000	-9999.0000	-9999.0000	-9999.0000	-9999.0000	-9999.0000	-9999.0000	33.6542	1	0	24.0426	1.0000	99	9	-9999.0000	23127	60189	-9999	646	602	-9999	531.8482	3	0.6987	0.7130	-0.0009	105.5036	0.4073	726.3639	306.9348	40.4418	666.9477	95.6017	717.8133	95.0744	725.4320	94.9207	731.1313	95.0744	
23/08/2017	02:48:11	019004	H374101383HLR	L374	S		651.7327	1.0233	2.6138	99.9869	40.0357	0.8230	0.8273	5.0000	20.1722	761.0446	94.8108	16.7314	23.9000	0.9300	0.9297	0.6986	0.0000	761.0000	762.6569	1.0339	-3.5306	100.0053	40.1943	0.8230	0.8235	5.0000	-9999.0000	-9999.0000	-9999.0000	-9999.0000	-9999.0000	-9999.0000	21.4828	3	0	26.1728	1.0000	99	9	-9999.0000	23129	60190	-9999	648	603	-9999	531.7392	3	0.6986	0.7124	-0.0009	114.4082	-0.1035	707.1041	289.9668	37.4762	644.2760	95.8872	698.8997	95.3820	706.3315	95.3600	710.8059	95.2282	
23/08/2017	02:48:38	019004	H374101401HLR	L374	S		674.4620	1.0233	9.7434	99.9950	40.0375	0.8230	0.8272	5.0000	20.1624	761.0885	94.8987	12.6919	23.9000	0.9300	0.9296	0.6990	0.0000	761.0000	763.6803	1.0339	-3.5783	99.9599	40.1571	0.8230	0.8235	5.0000	-9999.0000	-9999.0000	-9999.0000	-9999.0000	-9999.0000	-9999.0000	22.9019	4	0	26.8535	1.0000	99	9	-9999.0000	23130	60191	-9999	649	604	-9999	532.1037	3	0.6990	0.7094	-0.0007	42.4088	4.5217	724.2914	316.9699	39.6510	660.4459	95.7115	716.2320	95.1843	723.7414	95.0525	727.4170	95.0525	
23/08/2017	02:49:06	019004	H374101411HLR	L374	Q		674.0511	1.0233	9.6145	100.0530	40.1243	0.8230	0.8273	5.0000	19.9924	761.1133	94.8548	12.4008	23.9000	0.9300	0.9296	0.6991	0.0000	761.0000	762.9716	1.0339	-3.5453	99.9032	40.1538	0.8230	0.8234	5.0000	-9999.0000	-9999.0000	-9999.0000	-9999.0000	-9999.0000	-9999.0000	23.4323	5	0	28.1525	1.0000	99	9	-9999.0000	23130	60192	-9999	650	605	-9999	532.2176	3	0.6991	0.7090	-0.0007	38.7922	4.6962	722.7805	293.7745	38.2231	661.2890	95.7774	715.4591	95.2941	722.1256	95.1843	727.2217	95.1403	
23/08/2017	02:49:30	019004	H374101393HLR	L374	Q		670.6530	1.0233	8.5486	100.0188	39.9487	0.8230	0.8270	5.0000	20.0725	761.0735	94.9646	13.6119	23.8000	0.9300	0.9296	0.6991	0.0000	761.0000	765.4058	1.0339	-3.6587	99.8795	40.1538	0.8230	0.8233	5.0000	-9999.0000	-9999.0000	-9999.0000	-9999.0000	-9999.0000	-9999.0000	24.0925	6	0	24.3436	1.0000	99	9	-9999.0000	23131	60193	-9999	651	606	-9999	532.1567	3	0.6991	0.7090	-0.0007	38.7922	4.6962	721.0494	311.4424	39.2995	660.8237	95.5138	714.2215	95.0085	720.4203	94.8548	725.2578	95.0305	
23/08/2017	02:49:55	019004	H374101745HLR	L374	S		649.4133	1.0233	1.8862	99.9769	39.8756	0.8230	0.8272	5.0000	20.4125	761.1063	94.8328	14.3913	23.8000	0.9300	0.9296	0.6990	0.0000	761.0000	761.7801	1.0339	-3.4898	100.0768	40.1976	0.8230	0.8235	5.0000	-9999.0000	-9999.0000	-9999.0000	-9999.0000	-9999.0000	-9999.0000	20.8616	7	0	24.2323	1.0000	99	9	-9999.0000	23132	60194	-9999	652	607	-9999	532.0995	3	0.6990	0.7093	-0.0007	43.4118	4.2784	712.4874	324.6224	38.7942	653.7768	95.6456	704.2914	95.0964	711.7791	94.8987	717.2848	95.0085	
23/08/2017	02:50:19	019004	H374101712HLR	L374	S		653.1812	1.0233	3.0681	100.0375	40.1108	0.8230	0.8278	5.0000	20.0218	761.0533	94.8108	14.7614	23.8000	0.9300	0.9296	0.6988	0.0000	761.0000	763.0804	1.0339	-3.5503	100.0744	40.1866	0.8230	0.8235	5.0000	-9999.0000	-9999.0000	-9999.0000	-9999.0000	-9999.0000	-9999.0000	20.9125	8	0	24.0525	1.0000	99	9	-9999.0000	23133	60195	-9999	653	608	-9999	531.9172	3	0.6988	0.7084	-0.0007	41.2164	4.3366	713.1186	316.2038	38.1133	655.6839	95.7115	706.4547	95.1184	712.4757	94.9646	717.2310	95.0525	
23/08/2017	02:50:44	019004	H374101415HLR	L374	S		650.0012	1.0233	2.0706	100.0776	40.2564	0.8230	0.8274	5.0000	20.6418	761.0471	94.8987	16.4813	23.8000	0.9300	0.9296	0.6983	0.0000	761.0000	762.3558	1.0339	-3.5166	100.0754	40.1945	0.8230	0.8236	5.0000	-9999.0000	-9999.0000	-9999.0000	-9999.0000	-9999.0000	-9999.0000	20.6125	1	0	25.5429	1.0000	99	9	-9999.0000	23134	60195	-9999	654	609	-9999	531.5170	3	0.6983	0.7036	-0.0004	37.0682	4.5793	705.9947	312.1281	40.0464	651.6332	95.5797	698.8059	95.1623	705.4648	94.9646	710.0047	95.0744	
23/08/2017	02:51:11	019004	H374103442HLR	L374	S		626.6804	1.0233	0.0000	99.9621	40.0611	0.8230	0.8272	5.0000	20.2523	0.0000	0.0000	0.0000	0.0000	0.9300	0.0000	0.0000	0.0000	0.0000	679.1646	1.0339	-0.3299	99.9690	40.1710	0.8230	0.8237	5.0000	-9999.0000	-9999.0000	-9999.0000	-9999.0000	-9999.0000	-9999.0000	21.3822	2	7	26.8828	1.0000	99	9	-9999.0000	23135	0	-9999	655	610	-9999	0.0000	0	0.0000	0.0000	0.0000	0.0000	0.0000	0.0000	0.0000	0.0000	0.0000	0.0000	0.0000	0.0000	0.0000	0.0000	0.0000	0.0000	
23/08/2017	02:52:29	019004	H374101730HLR	L374	S		653.4421	1.0233	3.1500	100.0082	40.1329	0.8230	0.8275	5.0000	20.1829	761.0363	94.8548	13.9313	24.0000	0.9300	0.9299	0.6977	0.0000	761.0000	760.2439	1.0339	-3.4182	99.9100	40.3264	0.8230	0.8236	5.0000	-9999.0000	-9999.0000	-9999.0000	-9999.0000	-9999.0000	-9999.0000	20.5130	5	0	25.8936	1.0000	99	9	-9999.0000	23137	60196	-9999	658	611	-9999	531.0560	3	0.6977	0.7048	-0.0005	41.6874	4.2139	716.0413	275.8448	37.0149	652.1488	95.6236	707.2534	95.2502	715.1937	95.1403	720.1821	95.0744	
23/08/2017	02:52:55	019004	H374101734HLR	L374	S		650.8880	1.0233	2.3488	99.9667	40.1538	0.8230	0.8273	5.0000	20.2923	761.0578	94.8767	15.0613	23.9000	0.9300	0.9297	0.6977	0.0000	761.0000	761.2056	1.0339	-3.4630	99.9663	40.3098	0.8230	0.8235	5.0000	-9999.0000	-9999.0000	-9999.0000	-9999.0000	-9999.0000	-9999.0000	22.6323	6	0	26.0723	1.0000	99	9	-9999.0000	23138	60197	-9999	659	612	-9999	531.0867	3	0.6977	0.7048	-0.0005	41.6874	4.2139	712.9476	313.9876	39.1457	651.3420	95.9531	705.6585	95.3161	712.2799	95.1184	716.4745	95.1184	
23/08/2017	02:53:19	019004	H374101721HLR	L374	S		653.7060	1.0233	3.2327	100.0981	40.1454	0.8230	0.8271	5.0000	20.1624	761.0397	94.7010	13.4615	23.8000	0.9300	0.9295	0.6977	0.0000	761.0000	759.6658	1.0339	-3.3913	100.0704	40.3608	0.8230	0.8236	5.0000	-9999.0000	-9999.0000	-9999.0000	-9999.0000	-9999.0000	-9999.0000	21.1820	7	0	24.4627	1.0000	99	9	-9999.0000	23139	60198	-9999	660	613	-9999	531.0596	3	0.6977	0.7048	-0.0005	41.6874	4.2139	715.6087	323.5731	38.4867	652.0921	95.9312	707.5075	95.3380	714.9813	95.1843	720.0145	95.1184	
23/08/2017	02:53:44	019004	H374101735HLR	L374	S		648.7876	1.0233	1.6900	99.9903	40.0512	0.8230	0.8267	5.0000	21.3920	761.0680	94.8548	14.7214	23.8000	0.9300	0.9295	0.6977	0.0000	761.0000	761.3586	1.0339	-3.4701	100.0988	40.3718	0.8230	0.8235	5.0000	-9999.0000	-9999.0000	-9999.0000	-9999.0000	-9999.0000	-9999.0000	21.1419	8	0	24.3534	1.0000	99	9	-9999.0000	23140	60199	-9999	661	614	-9999	531.0892	3	0.6977	0.7048	-0.0005	41.6874	4.2139	711.9046	319.6376	39.1896	651.4482	95.8213	703.7260	95.2282	711.1088	95.0305	716.4063	95.0964	
23/08/2017	02:54:09	019004	H374101725HLR	L374	S		655.1775	1.0233	3.6943	100.0394	40.0490	0.8230	0.8272	5.0000	20.2131	761.0390	94.7230	13.7017	23.8000	0.9300	0.9295	0.6980	0.0000	761.0000	760.4631	1.0339	-3.4284	100.0415	40.3493	0.8230	0.8235	5.0000	-9999.0000	-9999.0000	-9999.0000	-9999.0000	-9999.0000	-9999.0000	20.9418	1	0	25.6522	1.0000	99	9	-9999.0000	23141	60200	-9999	662	615	-9999	531.2319	3	0.6980	0.7045	-0.0005	36.3891	4.6923	714.8132	318.0193	40.7274	655.7849	95.7994	708.2698	95.3380	714.0447	95.1843	719.6111	95.1403	
23/08/2017	02:54:35	019004	H374101375HLR	L374	S		654.1368	1.0233	3.3679	100.0169	40.1432	0.8230	0.8272	5.0000	20.4915	761.0948	94.7889	14.2721	23.8000	0.9300	0.9295	0.6977	0.0000	761.0000	761.0439	1.0339	-3.4555	100.0883	40.3460	0.8230	0.8235	5.0000	-9999.0000	-9999.0000	-9999.0000	-9999.0000	-9999.0000	-9999.0000	21.0628	2	0	25.6229	1.0000	99	9	-9999.0000	23142	60201	-9999	663	616	-9999	531.1215	3	0.6977	0.6974	-0.0000	27.8865	5.2772	714.4734	323.5220	40.8811	654.8319	95.9751	706.7306	95.4479	713.7136	95.3161	718.2033	95.2282	
23/08/2017	02:55:03	019004	H374101420HLR	L374	S		628.3114	1.0233	0.0000	99.9650	40.1538	0.8230	0.8272	5.0000	20.7924	0.0000	0.0000	0.0000	0.0000	0.9300	0.0000	0.0000	0.0000	0.0000	646.7590	1.0339	-0.0310	100.0248	40.3131	0.8230	0.8237	5.0000	-9999.0000	-9999.0000	-9999.0000	-9999.0000	-9999.0000	-9999.0000	20.7010	3	7	28.4438	1.0000	99	9	-9999.0000	23143	0	-9999	664	617	-9999	0.0000	0	0.0000	0.0000	0.0000	0.0000	0.0000	0.0000	0.0000	0.0000	0.0000	0.0000	0.0000	0.0000	0.0000	0.0000	0.0000	0.0000	
23/08/2017	02:55:31	019004	H374101418HLR	L374	S		626.4202	1.0233	0.0000	100.0854	40.0682	0.8230	0.8273	5.0000	20.1018	0.0000	0.0000	0.0000	0.0000	0.9300	0.0000	0.0000	0.0000	0.0000	645.2782	1.0339	-0.0173	100.0303	40.1571	0.8230	0.8235	5.0000	-9999.0000	-9999.0000	-9999.0000	-9999.0000	-9999.0000	-9999.0000	25.2127	4	7	27.5929	1.0000	99	9	-9999.0000	23144	0	-9999	665	618	-9999	0.0000	0	0.0000	0.0000	0.0000	0.0000	0.0000	0.0000	0.0000	0.0000	0.0000	0.0000	0.0000	0.0000	0.0000	0.0000	0.0000	0.0000	
23/08/2017	02:55:57	019004	H374101371HLR	L374	S		649.4854	1.0233	1.9089	99.9861	40.0512	0.8230	0.8271	5.0000	20.6019	761.0644	94.7669	14.0416	23.9000	0.9300	0.9298	0.6977	0.0000	761.0000	760.2041	1.0339	-3.4163	100.0606	40.2721	0.8230	0.8235	5.0000	-9999.0000	-9999.0000	-9999.0000	-9999.0000	-9999.0000	-9999.0000	24.1432	5	0	26.1630	1.0000	99	9	-9999.0000	23145	60202	-9999	666	619	-9999	531.0894	3	0.6977	0.7008	-0.0002	19.8425	6.1004	716.1384	283.0926	39.0139	651.6395	95.7335	707.3273	95.4039	715.5205	95.2941	720.4363	95.1843	
23/08/2017	02:58:51	019004	H374101336HLR	L374	S		654.0431	1.0233	3.3385	100.0982	40.1276	0.8230	0.8274	5.0000	19.9329	761.0558	94.7889	13.8219	23.8000	0.9300	0.9296	0.6978	0.0000	761.0000	760.6252	1.0339	-3.4360	100.0926	40.4005	0.8230	0.8237	5.0000	-9999.0000	-9999.0000	-9999.0000	-9999.0000	-9999.0000	-9999.0000	20.5823	6	0	174.3498	1.0000	99	9	-9999.0000	23146	60203	-9999	667	620	-9999	531.0959	3	0.6978	0.7071	-0.0006	71.8498	2.5499	716.1573	320.7666	39.7388	657.4684	95.7994	709.1557	95.2282	715.5354	95.0964	720.7185	95.1184	
23/08/2017	02:59:16	019004	H374101729HLR	L374	S		645.9406	1.0233	0.7969	99.9762	40.1538	0.8230	0.8271	5.0000	20.8906	761.0663	94.8548	15.1521	23.8000	0.9300	0.9296	0.6978	0.0000	761.0000	761.2189	1.0339	-3.4636	99.9444	40.3978	0.8230	0.8234	5.0000	-9999.0000	-9999.0000	-9999.0000	-9999.0000	-9999.0000	-9999.0000	23.1724	7	0	24.9022	1.0000	99	9	-9999.0000	23147	60204	-9999	668	621	-9999	531.0920	3	0.6978	0.7071	-0.0006	71.8498	2.5499	709.3018	315.9941	38.3988	650.7018	95.7774	701.6912	95.2282	708.5947	95.0525	713.5746	95.0744	
23/08/2017	02:59:41	019004	H374101744HLR	L374	S		655.6901	1.0233	3.8551	99.9706	40.1442	0.8230	0.8271	5.0000	20.2230	761.0422	94.7889	15.3015	23.8000	0.9300	0.9296	0.6978	0.0000	761.0000	761.4529	1.0339	-3.4745	100.0317	40.4461	0.8230	0.8233	5.0000	-9999.0000	-9999.0000	-9999.0000	-9999.0000	-9999.0000	-9999.0000	21.0824	8	0	25.0330	1.0000	99	9	-9999.0000	23148	60205	-9999	669	622	-9999	531.0788	3	0.6978	0.7071	-0.0006	71.8498	2.5499	710.6787	322.8702	38.6405	652.4960	95.9092	704.1906	95.4259	710.0842	95.2721	714.2095	95.1843	
23/08/2017	03:00:11	019004	H374101331HLR	L374	S		649.0940	1.0233	1.7861	100.0360	40.1069	0.8230	0.8269	5.0000	21.0824	761.0496	94.7010	14.4411	23.8000	0.9300	0.9295	0.6981	0.0000	761.0000	760.4838	1.0339	-3.4294	99.9936	40.3888	0.8230	0.8234	5.0000	-9999.0000	-9999.0000	-9999.0000	-9999.0000	-9999.0000	-9999.0000	20.8616	1	0	30.2533	1.0000	99	9	-9999.0000	23149	60206	-9999	670	623	-9999	531.3149	3	0.6981	0.7075	-0.0007	75.6045	2.3220	710.7101	317.8632	38.3549	652.5815	95.6895	703.2169	95.1184	710.1552	94.9646	713.9103	95.0305	
23/08/2017	03:00:43	019004	H374101360HLR	L374	S		654.4955	1.0233	3.4804	100.1161	40.0512	0.8230	0.8272	5.0000	20.0824	761.0412	94.6790	13.4117	23.8000	0.9300	0.9296	0.6980	0.0000	761.0000	760.2696	1.0339	-3.4194	99.9367	40.2564	0.8230	0.8232	5.0000	-9999.0000	-9999.0000	-9999.0000	-9999.0000	-9999.0000	-9999.0000	26.9835	2	0	31.2839	1.0000	99	9	-9999.0000	23150	60207	-9999	671	624	-9999	531.2902	3	0.6980	0.7072	-0.0006	73.0682	2.4535	715.9032	316.9476	39.4752	654.5659	95.8433	707.8532	95.2282	715.1510	95.0525	720.5783	95.0964	
23/08/2017	03:01:12	019004	H374101343HLR	L374	S		653.5407	1.0233	3.1809	100.0077	40.1358	0.8230	0.8274	5.0000	20.0218	761.0720	94.7889	13.2515	23.9000	0.9300	0.9295	0.6981	0.0000	761.0000	759.4748	1.0339	-3.3824	99.9511	40.1538	0.8230	0.8232	5.0000	-9999.0000	-9999.0000	-9999.0000	-9999.0000	-9999.0000	-9999.0000	27.9134	3	0	29.0726	1.0000	99	9	-9999.0000	23151	60208	-9999	672	625	-9999	531.3603	3	0.6981	0.7064	-0.0006	43.7755	4.5714	716.8535	264.8663	37.1467	653.9917	95.6676	707.5201	95.2721	716.0441	95.1623	721.4638	95.0964	
23/08/2017	03:01:37	019004	H374101364HLR	L374	S		655.3615	1.0233	3.7520	99.9940	40.1344	0.8230	0.8272	5.0000	20.1431	761.0786	94.7230	13.2222	23.6000	0.9300	0.9291	0.6981	0.0000	761.0000	759.7317	1.0339	-3.3943	100.0241	40.3016	0.8230	0.8234	5.0000	-9999.0000	-9999.0000	-9999.0000	-9999.0000	-9999.0000	-9999.0000	20.5726	4	0	25.4735	1.0000	99	9	-9999.0000	23152	60209	-9999	673	626	-9999	531.3989	3	0.6981	0.7089	-0.0007	46.3933	4.3795	715.3337	308.8222	39.9146	656.0600	95.7115	707.7513	95.0305	714.7170	94.8548	719.1128	94.9866	
23/08/2017	03:02:03	019004	H374101355HLR	L374	S		655.0261	1.0233	3.6468	100.0465	39.9409	0.8230	0.8270	5.0000	20.5316	761.0700	94.8767	14.1608	23.8000	0.9300	0.9296	0.6981	0.0000	761.0000	761.6001	1.0339	-3.4814	99.9520	40.2967	0.8230	0.8234	5.0000	-9999.0000	-9999.0000	-9999.0000	-9999.0000	-9999.0000	-9999.0000	20.7122	5	0	25.2324	1.0000	99	9	-9999.0000	23153	60210	-9999	674	627	-9999	531.3983	3	0.6981	0.7088	-0.0007	56.4543	3.6795	714.1961	310.6643	40.0683	652.8542	95.8213	707.2086	95.3161	713.7245	95.1843	718.5690	95.1403	
23/08/2017	03:02:30	019004	H374103429HLR	L374	S		653.4722	1.0233	3.1594	99.9423	40.0205	0.8230	0.8274	5.0000	20.6127	761.0798	94.7669	14.0211	23.8000	0.9300	0.9296	0.6982	0.0000	761.0000	761.0276	1.0339	-3.4547	100.0865	40.3010	0.8230	0.8235	5.0000	-9999.0000	-9999.0000	-9999.0000	-9999.0000	-9999.0000	-9999.0000	20.7728	6	0	26.9727	1.0000	99	9	-9999.0000	23154	60211	-9999	675	628	-9999	531.4998	3	0.6982	0.7087	-0.0007	28.5757	5.7033	714.1328	299.5533	37.4762	652.7291	95.7994	706.2913	95.2502	713.5339	95.0964	718.5641	95.0964	
23/08/2017	03:02:55	019004	H374103433HLR	L374	S		654.6853	1.0233	3.5399	99.9525	40.2259	0.8230	0.8273	5.0000	20.8022	761.0366	94.9646	17.3721	23.8000	0.9300	0.9297	0.6983	0.0000	761.0000	766.1651	1.0339	-3.6940	100.0678	40.3221	0.8230	0.8235	5.0000	-9999.0000	-9999.0000	-9999.0000	-9999.0000	-9999.0000	-9999.0000	20.9319	7	0	25.5030	1.0000	99	9	-9999.0000	23155	60212	-9999	676	629	-9999	531.4823	3	0.6983	0.7099	-0.0008	34.0980	5.3148	708.5855	292.4627	38.1133	652.5198	95.7774	701.1726	95.1843	708.0130	95.0305	712.3851	95.0964	
23/08/2017	03:05:05	019004	H374103440HLR	L374	S		651.1490	1.0233	2.4307	99.9698	40.1538	0.8230	0.8268	5.0000	21.1723	761.0666	94.8767	13.6920	23.8000	0.9300	0.9295	0.6985	0.0000	761.0000	760.5068	1.0339	-3.4304	99.9883	40.3962	0.8230	0.8236	5.0000	-9999.0000	-9999.0000	-9999.0000	-9999.0000	-9999.0000	-9999.0000	20.4622	8	0	129.9756	1.0000	99	9	-9999.0000	23156	60213	-9999	677	630	-9999	531.6609	3	0.6985	0.7104	-0.0008	34.8832	5.2567	713.8002	316.0514	39.6510	655.0657	95.9971	705.9026	95.4259	712.9985	95.2282	718.7661	95.1184	
23/08/2017	03:05:29	019004	H374103434HLR	L374	S		656.2770	1.0233	4.0392	100.0048	40.0300	0.8230	0.8267	5.0000	21.3229	761.0425	94.8108	13.5621	23.8000	0.9300	0.9296	0.6984	0.0000	761.0000	762.1986	1.0339	-3.5093	100.0227	40.3643	0.8230	0.8234	5.0000	-9999.0000	-9999.0000	-9999.0000	-9999.0000	-9999.0000	-9999.0000	23.2526	1	0	23.6422	1.0000	99	9	-9999.0000	23157	60214	-9999	678	631	-9999	531.5687	3	0.6984	0.7107	-0.0009	46.9565	4.3703	718.1860	304.2278	38.1133	656.5371	95.9092	710.9022	95.1843	717.6787	94.9866	722.3819	95.0744	
23/08/2017	03:05:54	019004	H374103444HLR	L374	S		653.9339	1.0233	3.3043	100.1284	40.0435	0.8230	0.8271	5.0000	20.7219	761.0976	94.9426	15.1511	23.8000	0.9300	0.9296	0.6985	0.0000	761.0000	762.0100	1.0339	-3.5005	99.9136	40.5327	0.8230	0.8235	5.0000	-9999.0000	-9999.0000	-9999.0000	-9999.0000	-9999.0000	-9999.0000	20.3518	2	0	25.3125	1.0000	99	9	-9999.0000	23158	60215	-9999	679	632	-9999	531.6675	3	0.6985	0.7105	-0.0009	35.6592	5.2070	710.2139	321.8906	37.6739	650.6484	96.1069	702.4549	95.4479	709.5881	95.2941	715.0945	95.1843	
23/08/2017	03:06:19	019004	H374101367HLR	L374	S		657.0997	1.0233	4.2973	100.0092	40.1405	0.8230	0.8275	5.0000	20.0218	761.0702	94.7230	13.8512	23.8000	0.9300	0.9296	0.6980	0.0000	761.0000	761.2575	1.0339	-3.4654	100.0723	40.4590	0.8230	0.8234	5.0000	-9999.0000	-9999.0000	-9999.0000	-9999.0000	-9999.0000	-9999.0000	21.2826	3	0	25.3329	1.0000	99	9	-9999.0000	23159	60216	-9999	680	633	-9999	531.3048	3	0.6980	0.7156	-0.0012	87.1704	1.3822	715.4417	325.0804	40.2441	659.0176	95.9531	708.3009	95.4698	714.7714	95.2941	719.7464	95.1843	
23/08/2017	03:06:46	019004	H374103451HLR	L374	S		652.7972	1.0233	2.9477	100.0324	40.1538	0.8230	0.8270	5.0000	20.9915	761.0669	94.7889	14.9919	23.8000	0.9300	0.9296	0.6981	0.0000	761.0000	761.3065	1.0339	-3.4677	99.9987	40.4359	0.8230	0.8234	5.0000	-9999.0000	-9999.0000	-9999.0000	-9999.0000	-9999.0000	-9999.0000	21.1821	4	0	26.9033	1.0000	99	9	-9999.0000	23160	60217	-9999	681	634	-9999	531.3681	3	0.6981	0.7162	-0.0013	89.2836	1.2779	710.3175	314.9003	38.8162	653.9125	95.7994	703.5031	95.1623	709.5927	94.9646	715.0013	95.0525	
23/08/2017	03:07:38	019004	H374103455HLR	L374	S		656.9713	1.0233	4.2570	99.9874	40.0230	0.8230	0.8278	5.0000	20.2621	761.0448	94.7889	13.5113	23.9000	0.9300	0.9298	0.6981	0.0000	761.0000	760.2939	1.0339	-3.4205	99.9966	40.3591	0.8230	0.8232	5.0000	-9999.0000	-9999.0000	-9999.0000	-9999.0000	-9999.0000	-9999.0000	21.2925	6	0	26.4229	1.0000	99	9	-9999.0000	23161	60218	-9999	683	635	-9999	531.3456	3	0.6981	0.7160	-0.0013	86.3290	1.4473	718.1831	267.7672	38.4428	654.5704	95.3820	710.2713	95.1403	717.5807	95.0085	722.0179	95.0525	
23/08/2017	03:08:03	019004	H374101464HLR	L374	S		654.0541	1.0233	3.3419	99.9618	40.1538	0.8230	0.8272	5.0000	21.7827	761.0772	94.8108	13.6617	23.8000	0.9300	0.9296	0.6980	0.0000	761.0000	760.2879	1.0339	-3.4202	100.0727	40.3307	0.8230	0.8234	5.0000	-9999.0000	-9999.0000	-9999.0000	-9999.0000	-9999.0000	-9999.0000	21.0325	7	0	25.3134	1.0000	99	9	-9999.0000	23162	60219	-9999	684	636	-9999	531.3181	3	0.6980	0.7160	-0.0013	86.2849	1.4499	714.2375	322.0147	40.1342	654.9423	95.7774	706.5285	95.1623	713.5504	94.9646	718.1596	95.0525	
23/08/2017	03:08:29	019004	H374103468HLR	L374	S		656.1178	1.0233	3.9893	100.0540	40.2091	0.8230	0.8275	5.0000	19.9817	761.0465	94.8987	15.0613	23.8000	0.9300	0.9297	0.6980	0.0000	761.0000	763.4076	1.0339	-3.5656	99.9520	40.3772	0.8230	0.8234	5.0000	-9999.0000	-9999.0000	-9999.0000	-9999.0000	-9999.0000	-9999.0000	20.7122	8	0	25.9628	1.0000	99	9	-9999.0000	23163	60220	-9999	685	637	-9999	531.2191	3	0.6980	0.7152	-0.0012	84.9927	1.5349	714.2639	306.5398	38.4428	651.3233	95.8213	707.0613	95.2282	713.7407	95.0525	717.7261	95.0964	
23/08/2017	03:08:54	019004	H374103465HLR	L374	S		655.4395	1.0233	3.7765	100.0440	40.1505	0.8230	0.8273	5.0000	20.0218	761.0664	94.7230	13.7916	23.8000	0.9300	0.9296	0.6980	0.0000	761.0000	761.6203	1.0339	-3.4823	99.9825	40.3755	0.8230	0.8234	5.0000	-9999.0000	-9999.0000	-9999.0000	-9999.0000	-9999.0000	-9999.0000	20.9125	1	0	24.6531	1.0000	99	9	-9999.0000	23164	60221	-9999	686	638	-9999	531.2687	3	0.6980	0.7152	-0.0012	84.9927	1.5349	716.1487	325.2400	40.5956	657.1419	95.7994	708.9509	95.3161	715.4515	95.1623	720.7490	95.0964	
23/08/2017	03:09:18	019004	H374103466HLR	L374	S		652.7465	1.0233	2.9318	100.0177	40.0512	0.8230	0.8270	5.0000	20.4828	761.0620	94.7889	14.6413	23.7000	0.9300	0.9296	0.6979	0.0000	761.0000	762.0179	1.0339	-3.5008	100.0210	40.3821	0.8230	0.8234	5.0000	-9999.0000	-9999.0000	-9999.0000	-9999.0000	-9999.0000	-9999.0000	20.8724	2	0	24.3621	1.0000	99	9	-9999.0000	23165	60222	-9999	687	639	-9999	531.1801	3	0.6979	0.7145	-0.0012	81.7228	1.7407	712.4358	319.6601	39.1896	650.8320	95.8433	706.7843	95.2721	711.9362	95.1184	715.4493	95.1184	
23/08/2017	03:09:46	019004	H374101468HLR	L374	S		652.1275	1.0233	2.7376	100.1355	40.0512	0.8230	0.8269	5.0000	21.3920	761.0697	94.7010	13.6412	23.8000	0.9300	0.9296	0.6978	0.0000	761.0000	760.6037	1.0339	-3.4350	100.0515	40.3878	0.8230	0.8235	5.0000	-9999.0000	-9999.0000	-9999.0000	-9999.0000	-9999.0000	-9999.0000	20.9025	3	0	28.0334	1.0000	99	9	-9999.0000	23166	60223	-9999	688	640	-9999	531.1522	3	0.6978	0.7138	-0.0011	86.9795	1.4120	714.2402	323.6551	38.4208	651.5632	95.8213	705.8637	95.2282	713.5269	95.0744	718.7569	95.0744	
23/08/2017	03:10:12	019004	H374101502HLR	L374	S		649.1928	1.0233	1.8171	100.0134	40.1299	0.8230	0.8272	5.0000	20.6127	761.0703	94.7449	14.1910	23.8000	0.9300	0.9296	0.6976	0.0000	761.0000	760.7759	1.0339	-3.4430	100.0027	40.3589	0.8230	0.8233	5.0000	-9999.0000	-9999.0000	-9999.0000	-9999.0000	-9999.0000	-9999.0000	24.7527	4	0	25.2225	1.0000	99	9	-9999.0000	23167	60224	-9999	689	641	-9999	531.0174	3	0.6976	0.7152	-0.0012	83.6293	1.6118	711.9683	315.3391	39.1237	648.9356	95.7994	702.9193	95.1843	711.4348	94.9866	716.1286	95.0744	
23/08/2017	03:10:36	019004	H374103461HLR	L374	S		660.5797	1.0233	5.3888	100.0138	40.1464	0.8230	0.8274	5.0000	20.0824	761.0877	94.6131	11.9808	23.8000	0.9300	0.9296	0.6975	0.0000	761.0000	759.4361	1.0339	-3.3806	100.0241	40.4777	0.8230	0.8235	5.0000	-9999.0000	-9999.0000	-9999.0000	-9999.0000	-9999.0000	-9999.0000	20.5325	5	0	24.5234	1.0000	99	9	-9999.0000	23168	60225	-9999	690	642	-9999	530.9588	3	0.6975	0.7142	-0.0012	83.3884	1.6231	722.6475	308.8400	39.2995	659.8011	95.6895	714.8452	95.1623	721.8346	95.0305	727.5209	95.0744	
23/08/2017	03:13:06	019004	H374101483HLR	L374	S		658.8105	1.0233	4.8339	100.0007	40.1538	0.8230	0.8268	5.0000	21.4624	761.1077	94.6790	12.1117	23.8000	0.9300	0.9296	0.6978	0.0000	761.0000	758.1270	1.0339	-3.3196	100.0063	40.5188	0.8230	0.8236	5.0000	-9999.0000	-9999.0000	-9999.0000	-9999.0000	-9999.0000	-9999.0000	20.2923	6	0	148.8467	1.0000	99	9	-9999.0000	23169	60226	-9999	691	643	-9999	531.2102	3	0.6978	0.7096	-0.0008	80.9023	1.8202	720.0167	322.6513	39.8706	658.8874	95.8213	712.0531	95.2502	719.3497	95.0964	724.8733	95.1623	
23/08/2017	03:13:31	019004	H374101469HLR	L374	S		655.0478	1.0233	3.6536	99.9799	40.0512	0.8230	0.8272	5.0000	20.1925	761.1274	94.8987	13.8717	23.8000	0.9300	0.9296	0.6978	0.0000	761.0000	760.6465	1.0339	-3.4369	100.0497	40.5237	0.8230	0.8235	5.0000	-9999.0000	-9999.0000	-9999.0000	-9999.0000	-9999.0000	-9999.0000	20.9715	7	0	26.5430	1.0000	99	9	-9999.0000	23170	60227	-9999	692	643	-9999	531.1838	3	0.6978	0.7081	-0.0007	81.2946	1.7925	714.0061	316.7909	37.6080	652.8873	95.6236	707.0562	95.0964	713.3374	94.9207	718.6096	95.0744	
23/08/2017	03:14:02	019004	H374101474HLR	L374	S		655.9631	1.0233	3.9407	99.9376	40.1186	0.8230	0.8273	5.0000	20.0716	761.0743	94.6790	13.4117	23.9000	0.9300	0.9297	0.6978	0.0000	761.0000	759.9207	1.0339	-3.4031	100.0067	40.3772	0.8230	0.8233	5.0000	-9999.0000	-9999.0000	-9999.0000	-9999.0000	-9999.0000	-9999.0000	23.2526	8	0	30.8227	1.0000	99	9	-9999.0000	23171	60228	-9999	693	644	-9999	531.1611	3	0.6978	0.7099	-0.0008	82.2133	1.7526	718.2938	303.7270	37.5421	656.6523	95.6236	710.7718	95.0744	717.5911	94.9426	722.5606	95.0525	
23/08/2017	03:14:27	019004	H374101501HLR	L374	S		657.7225	1.0233	4.4926	100.0406	40.1538	0.8230	0.8273	5.0000	20.3430	761.1024	94.6351	12.9116	23.8000	0.9300	0.9297	0.6980	0.0000	761.0000	760.1210	1.0339	-3.4125	100.0005	40.4302	0.8230	0.8236	5.0000	-9999.0000	-9999.0000	-9999.0000	-9999.0000	-9999.0000	-9999.0000	20.1016	1	0	24.4130	1.0000	99	9	-9999.0000	23172	60229	-9999	694	645	-9999	531.3023	3	0.6980	0.7092	-0.0008	62.8666	3.1109	717.9421	312.5065	38.2670	655.7484	95.7335	709.5481	95.1623	717.2623	94.9866	722.1478	95.0744	
23/08/2017	03:14:58	019004	H374101397HLR	L374	S		670.2142	1.0233	8.4110	99.9815	40.1421	0.8230	0.8272	5.0000	19.9816	761.0472	94.7449	13.6021	23.8000	0.9300	0.9296	0.6982	0.0000	761.0000	764.3192	1.0339	-3.6080	100.0742	40.4093	0.8230	0.8234	5.0000	-9999.0000	-9999.0000	-9999.0000	-9999.0000	-9999.0000	-9999.0000	20.8030	2	0	31.2232	1.0000	99	9	-9999.0000	23173	60230	-9999	695	646	-9999	531.4211	3	0.6982	0.7125	-0.0010	59.3438	3.3691	720.3918	324.9993	39.4752	664.4729	95.4259	714.1030	94.9646	719.7574	94.7889	724.3105	95.0085	
23/08/2017	03:15:28	019004	H374101404HLR	L374	S		669.0365	1.0233	8.0416	100.0115	40.1286	0.8230	0.8272	5.0000	20.1024	761.0848	94.6790	11.9720	23.9000	0.9300	0.9299	0.6983	0.0000	761.0000	760.1464	1.0339	-3.4137	100.0576	40.3890	0.8230	0.8234	5.0000	-9999.0000	-9999.0000	-9999.0000	-9999.0000	-9999.0000	-9999.0000	20.7317	3	0	29.9536	1.0000	99	9	-9999.0000	23173	60231	-9999	696	647	-9999	531.5048	3	0.6983	0.7197	-0.0016	52.2623	3.8953	721.5030	276.0425	39.3434	656.5562	95.2502	712.5415	95.0305	720.8221	94.9207	726.4564	95.0085	
23/08/2017	03:15:58	019004	H374101384HLR	L374	S		646.6475	1.0233	1.0187	100.0016	40.1055	0.8230	0.8283	5.0000	20.2221	761.0463	94.8987	19.0226	23.7000	0.9300	0.9296	0.6983	0.0000	761.0000	763.8597	1.0339	-3.5866	99.9477	40.3911	0.8230	0.8234	5.0000	-9999.0000	-9999.0000	-9999.0000	-9999.0000	-9999.0000	-9999.0000	20.4417	4	0	30.3031	1.0000	99	9	-9999.0000	23174	60232	-9999	697	648	-9999	531.4791	3	0.6983	0.7161	-0.0013	52.4245	3.8678	698.8095	307.4268	39.4972	639.0247	95.8653	691.6322	95.2502	698.1953	95.1184	703.1786	95.0964	
23/08/2017	03:16:33	019004	H374101754HLR	L374	S		668.8522	1.0233	7.9838	99.9733	40.4189	0.8230	0.8279	5.0000	20.0021	761.1009	94.8767	12.7514	23.6000	0.9300	0.9294	0.6983	0.0000	761.0000	762.0813	1.0339	-3.5038	100.0268	40.3798	0.8230	0.8234	5.0000	-9999.0000	-9999.0000	-9999.0000	-9999.0000	-9999.0000	-9999.0000	20.6419	5	0	34.4140	1.0000	99	9	-9999.0000	23175	60233	-9999	698	649	-9999	531.5463	3	0.6983	0.7161	-0.0013	52.4245	3.8678	719.4651	326.9702	37.8716	660.1981	95.7994	711.9493	95.0964	718.9700	94.9646	723.7162	94.9866	
23/08/2017	03:17:01	019004	H374101749HLR	L374	S		652.8380	1.0233	2.9605	100.1570	40.2226	0.8230	0.8273	5.0000	19.9027	761.0805	94.7889	19.4026	23.5000	0.9300	0.9294	0.6984	0.0000	761.0000	766.4844	1.0339	-3.7089	99.9171	40.3659	0.8230	0.8233	5.0000	-9999.0000	-9999.0000	-9999.0000	-9999.0000	-9999.0000	-9999.0000	22.2224	6	0	28.3538	1.0000	99	9	-9999.0000	23176	60234	-9999	699	650	-9999	531.4747	3	0.6984	0.7096	-0.0008	33.1223	5.3210	704.6214	306.2619	38.4867	644.1590	95.8653	698.2233	95.2282	704.2021	95.0525	707.7280	95.1184	
23/08/2017	03:17:29	019004	H374101714HLR	L374	S		655.1711	1.0233	3.6923	99.9585	40.0175	0.8230	0.8270	5.0000	19.9016	761.0518	94.7669	18.2716	23.5000	0.9300	0.9294	0.6983	0.0000	761.0000	767.5369	1.0339	-3.7579	99.9185	40.3743	0.8230	0.8233	5.0000	-9999.0000	-9999.0000	-9999.0000	-9999.0000	-9999.0000	-9999.0000	23.5622	7	0	28.5833	1.0000	99	9	-9999.0000	23176	60235	-9999	700	650	-9999	531.5939	3	0.6983	0.7052	-0.0005	63.0807	2.9915	705.3686	321.4722	39.1018	646.8116	95.7774	699.2832	95.0964	704.7176	94.9426	709.8803	94.9646	
23/08/2017	03:18:00	019004	H374101742HLR	L374	S		653.0948	1.0233	3.0410	99.9460	39.9618	0.8230	0.8273	5.0000	20.3421	761.0508	94.7449	18.5519	23.4000	0.9300	0.9293	0.6982	0.0000	761.0000	765.9473	1.0339	-3.6839	99.9703	40.3978	0.8230	0.8233	5.0000	-9999.0000	-9999.0000	-9999.0000	-9999.0000	-9999.0000	-9999.0000	23.3424	8	0	30.2232	1.0000	99	9	-9999.0000	23177	60236	-9999	701	651	-9999	531.4786	3	0.6982	0.7052	-0.0005	59.1205	3.1515	703.2840	321.5118	37.9814	645.5466	95.9092	695.3723	95.1623	702.6507	94.9866	706.2388	94.9866	
23/08/2017	03:18:28	019004	H374101728HLR	L374	S		651.9661	1.0233	2.6870	100.0100	40.1538	0.8230	0.8274	5.0000	20.4114	761.0597	94.9426	22.7028	23.3000	0.9300	0.9293	0.6978	0.0000	761.0000	770.2195	1.0339	-3.8829	99.9798	40.5016	0.8230	0.8234	5.0000	-9999.0000	-9999.0000	-9999.0000	-9999.0000	-9999.0000	-9999.0000	21.2620	1	2	28.0929	1.0000	99	9	-9999.0000	23178	60237	-9999	702	652	-9999	531.4185	3	0.6978	0.7071	-0.0007	67.9984	2.4923	697.2025	315.5470	40.2221	643.4625	95.6895	691.3356	95.1403	696.8752	94.9426	699.8699	95.0305	
23/08/2017	03:19:28	019004	H374101709HLR	L374	S		654.8635	1.0233	3.5958	100.0678	40.1538	0.8230	0.8273	5.0000	20.2717	761.0619	94.8767	16.5419	23.3000	0.9300	0.9293	0.6978	0.0000	761.0000	764.1696	1.0339	-3.6011	99.9927	40.4844	0.8230	0.8233	5.0000	-9999.0000	-9999.0000	-9999.0000	-9999.0000	-9999.0000	-9999.0000	23.7233	2	0	60.0664	1.0000	99	9	-9999.0000	23179	60238	-9999	703	653	-9999	531.1215	3	0.6978	0.7071	-0.0007	67.9984	2.4923	706.1732	326.4614	40.5297	646.3124	95.9531	698.7480	95.3161	705.6775	95.0964	709.9098	95.0525	
23/08/2017	03:19:57	019004	H374101739HLR	L374	S		651.6795	1.0233	2.5971	100.0254	40.0512	0.8230	0.8271	5.0000	20.2719	761.0646	94.8108	16.8925	23.2000	0.9300	0.9292	0.6972	0.0000	761.0000	764.6015	1.0339	-3.6212	100.0512	40.5888	0.8230	0.8235	5.0000	-9999.0000	-9999.0000	-9999.0000	-9999.0000	-9999.0000	-9999.0000	20.8128	3	0	28.8440	1.0000	99	9	-9999.0000	23180	60239	-9999	704	654	-9999	530.6777	3	0.6972	0.7086	-0.0008	63.2695	2.7252	705.4504	308.4250	38.9480	642.4320	95.8872	697.6459	95.2282	704.7724	94.9866	709.6958	95.0085	
23/08/2017	03:20:31	019004	H374101358HLR	L374	S		653.5993	1.0233	3.1993	100.1957	40.0416	0.8230	0.8272	5.0000	20.4222	761.0746	94.8328	18.4122	23.2000	0.9300	0.9293	0.6965	0.0000	761.0000	765.1748	1.0339	-3.6479	100.0413	40.6472	0.8230	0.8234	5.0000	-9999.0000	-9999.0000	-9999.0000	-9999.0000	-9999.0000	-9999.0000	20.7219	4	0	34.0234	1.0000	99	9	-9999.0000	23180	60240	-9999	705	655	-9999	530.1732	3	0.6965	0.7078	-0.0007	61.2333	2.8272	701.8943	305.6567	39.4093	640.0765	95.8653	695.1377	95.2502	701.4984	95.0525	705.3103	95.0525	
23/08/2017	03:21:02	019004	H374101741HLR	L374	S		655.0485	1.0233	3.6539	100.0323	40.1524	0.8230	0.8270	5.0000	21.3823	761.0433	94.7010	16.4022	23.3000	0.9300	0.9295	0.6958	0.0000	761.0000	763.1707	1.0339	-3.5545	99.9924	40.6799	0.8230	0.8235	5.0000	-9999.0000	-9999.0000	-9999.0000	-9999.0000	-9999.0000	-9999.0000	20.6335	5	0	31.0132	1.0000	99	9	-9999.0000	23181	60241	-9999	706	656	-9999	529.5697	3	0.6958	0.7082	-0.0008	63.6205	2.6055	707.0899	323.3193	39.4313	642.2756	95.8213	700.0513	95.2721	706.3826	95.0964	711.2710	95.0305	
23/08/2017	03:21:31	019004	H374101724HLR	L374	S		653.9456	1.0233	3.3079	100.0724	40.1538	0.8230	0.8274	5.0000	20.0423	761.0349	94.7230	17.3721	23.3000	0.9300	0.9296	0.6954	0.0000	761.0000	763.6669	1.0339	-3.5776	99.9627	40.5641	0.8230	0.8232	5.0000	-9999.0000	-9999.0000	-9999.0000	-9999.0000	-9999.0000	-9999.0000	27.7325	6	0	28.8139	1.0000	99	9	-9999.0000	23182	60242	-9999	707	657	-9999	529.2321	3	0.6954	0.7078	-0.0008	59.8463	2.8145	704.1599	308.5189	39.0578	641.7383	95.7554	698.1843	95.1184	703.5561	94.9426	708.3823	95.0305	
23/08/2017	03:21:58	019004	H374101731HLR	L374	S		648.5402	1.0233	1.6124	100.0357	40.1475	0.8230	0.8268	5.0000	21.4729	761.0545	94.7230	17.2021	23.4000	0.9300	0.9297	0.6948	0.0000	761.0000	762.2524	1.0339	-3.5118	99.9235	40.5833	0.8230	0.8232	5.0000	-9999.0000	-9999.0000	-9999.0000	-9999.0000	-9999.0000	-9999.0000	25.3827	7	0	27.6827	1.0000	99	9	-9999.0000	23183	60243	-9999	708	658	-9999	528.8620	3	0.6948	0.7068	-0.0007	52.9022	3.2428	705.7164	289.9761	38.8821	640.3518	95.9312	698.1773	95.4918	705.0136	95.3820	710.1426	95.1623	
23/08/2017	03:22:25	019004	H374101339HLR	L374	S		654.7718	1.0233	3.5671	99.8843	40.0400	0.8230	0.8270	5.0000	21.1918	761.0500	94.9426	22.1920	23.4000	0.9300	0.9298	0.6940	0.0000	761.0000	769.9045	1.0339	-3.8682	99.8875	40.6666	0.8230	0.8232	5.0000	-9999.0000	-9999.0000	-9999.0000	-9999.0000	-9999.0000	-9999.0000	22.5328	8	2	26.9630	1.0000	99	9	-9999.0000	23184	60244	-9999	709	659	-9999	528.6737	3	0.6940	0.7063	-0.0007	83.9137	1.5268	688.5888	315.1318	38.0913	621.4589	96.0190	679.6298	95.3161	687.9359	95.1184	693.0642	95.0744	
23/08/2017	03:22:53	019004	H374101766HLR	L374	S		653.8740	1.0233	3.2854	100.0661	40.0512	0.8230	0.8271	5.0000	20.9428	761.0696	94.8108	17.1611	23.5000	0.9300	0.9299	0.6940	0.0000	761.0000	760.9599	1.0339	-3.4516	99.9107	40.6634	0.8230	0.8232	5.0000	-9999.0000	-9999.0000	-9999.0000	-9999.0000	-9999.0000	-9999.0000	22.6118	1	0	28.2834	1.0000	99	9	-9999.0000	23185	60245	-9999	710	659	-9999	528.2453	3	0.6940	0.7063	-0.0007	83.9137	1.5268	707.6133	286.7734	36.7293	644.4702	95.7335	701.1999	95.0305	707.1941	94.8548	711.1833	94.9646	
23/08/2017	03:23:26	019004	H374101330HLR	L374	S		637.5567	1.0233	0.0000	100.0830	40.1538	0.8230	0.8276	5.0000	20.0813	761.0788	94.8108	16.5019	23.6000	0.9300	0.9299	0.6937	0.0000	761.0000	759.6309	1.0339	-3.3896	100.0728	40.6734	0.8230	0.8233	5.0000	-9999.0000	-9999.0000	-9999.0000	-9999.0000	-9999.0000	-9999.0000	22.0522	2	0	32.5731	1.0000	99	9	-9999.0000	23186	60246	-9999	711	660	-9999	528.0346	3	0.6937	0.7063	-0.0007	83.2809	1.5560	706.6787	294.7166	37.4542	641.6024	95.9312	698.3740	95.2721	705.9251	95.1184	710.5808	95.0525	
23/08/2017	03:23:53	019004	H374101370HLR	L374	S		649.0100	1.0233	1.7597	100.0738	40.1538	0.8230	0.8273	5.0000	19.9926	761.0759	94.7889	15.9715	23.6000	0.9300	0.9298	0.6933	0.0000	761.0000	759.3555	1.0339	-3.3768	100.1222	40.7127	0.8230	0.8233	5.0000	-9999.0000	-9999.0000	-9999.0000	-9999.0000	-9999.0000	-9999.0000	21.1527	3	0	27.0137	1.0000	99	9	-9999.0000	23187	60247	-9999	712	661	-9999	527.7453	3	0.6933	0.7048	-0.0006	83.3449	1.5530	709.1724	292.3248	37.3664	643.2952	95.7335	702.9723	95.1403	708.9098	95.0305	712.5403	95.0305	
23/08/2017	03:24:17	019004	H374101374HLR	L374	S		655.3450	1.0233	3.7469	99.9615	40.0512	0.8230	0.8271	5.0000	20.1928	761.0542	94.7889	15.1609	23.6000	0.9300	0.9298	0.6927	0.0000	761.0000	757.0086	1.0339	-3.2675	99.9807	40.7070	0.8230	0.8233	5.0000	-9999.0000	-9999.0000	-9999.0000	-9999.0000	-9999.0000	-9999.0000	23.5825	4	0	24.1725	1.0000	99	9	-9999.0000	23188	60248	-9999	713	662	-9999	527.2687	3	0.6927	0.7055	-0.0007	91.3674	1.1368	712.4862	297.8336	37.4542	645.9294	95.7115	705.0339	95.1623	711.8167	95.0085	716.3989	95.0305	
23/08/2017	03:24:47	019004	H374101334HLR	L374	S		653.7448	1.0233	3.2449	100.0081	40.0461	0.8230	0.8273	5.0000	20.0219	761.0893	94.8108	16.6220	23.6000	0.9300	0.9299	0.6929	0.0000	761.0000	759.9655	1.0339	-3.4052	99.9353	40.8103	0.8230	0.8235	5.0000	-9999.0000	-9999.0000	-9999.0000	-9999.0000	-9999.0000	-9999.0000	20.5120	5	0	30.1333	1.0000	99	9	-9999.0000	23189	60249	-9999	714	663	-9999	527.4301	3	0.6929	0.7057	-0.0007	88.9936	1.2430	708.7804	308.4487	36.8172	645.2004	95.7335	701.6999	95.1623	708.2148	94.9866	712.6744	95.0525	
23/08/2017	03:25:17	019004	H374101342HLR	L374	S		651.6450	1.0233	2.5863	100.1259	40.1409	0.8230	0.8274	5.0000	20.1917	761.0299	94.8328	20.7123	23.6000	0.9300	0.9299	0.6935	0.0000	761.0000	763.8433	1.0339	-3.5859	100.0672	40.8247	0.8230	0.8234	5.0000	-9999.0000	-9999.0000	-9999.0000	-9999.0000	-9999.0000	-9999.0000	21.0824	6	0	29.4730	1.0000	99	9	-9999.0000	23190	60250	-9999	715	663	-9999	527.4679	3	0.6935	0.7169	-0.0013	94.8445	0.9108	684.9941	315.7527	38.2890	611.3342	96.1289	672.4074	95.4039	683.9542	95.1843	690.8762	95.0964	
23/08/2017	03:31:21	019004	H374101363HLR	L374	S		654.6901	1.0233	3.5414	100.0184	40.1538	0.8230	0.8274	5.0000	20.1829	761.0584	94.8548	15.3416	23.7000	0.9300	0.9298	0.6935	0.0000	761.0000	759.2179	1.0339	-3.3704	100.0491	40.9109	0.8230	0.8234	5.0000	-9999.0000	-9999.0000	-9999.0000	-9999.0000	-9999.0000	-9999.0000	20.7025	7	0	364.0908	1.0000	99	9	-9999.0000	23191	60251	-9999	716	664	-9999	527.8495	3	0.6935	0.7169	-0.0013	94.8445	0.9108	712.1660	323.2473	38.5306	653.2131	95.9531	704.6324	95.3161	711.4976	95.1843	716.8001	95.0964	
23/08/2017	03:31:48	019004	H374103427HLR	L374	S		658.3818	1.0233	4.6994	99.9885	40.1538	0.8230	0.8271	5.0000	20.1819	761.0933	94.8108	12.4115	23.7000	0.9300	0.9298	0.6936	0.0000	761.0000	754.5018	1.0339	-3.1507	100.0088	40.7725	0.8230	0.8232	5.0000	-9999.0000	-9999.0000	-9999.0000	-9999.0000	-9999.0000	-9999.0000	27.8624	8	0	27.0138	1.0000	99	9	-9999.0000	23192	60251	-9999	717	665	-9999	527.9970	3	0.6936	0.7167	-0.0013	88.8338	1.2410	719.4176	319.8878	40.3759	661.7349	95.6676	713.2973	95.1184	718.7403	94.9426	724.0976	95.0305	
23/08/2017	03:32:16	019004	H374101356HLR	L374	S		655.7777	1.0233	3.8826	100.1314	40.0512	0.8230	0.8271	5.0000	20.2122	761.0638	94.8108	18.4718	23.7000	0.9300	0.9298	0.6936	0.0000	761.0000	761.5435	1.0339	-3.4787	99.9694	40.1092	0.8230	0.8231	5.0000	-9999.0000	-9999.0000	-9999.0000	-9999.0000	-9999.0000	-9999.0000	22.2319	1	0	28.5433	1.0000	99	9	-9999.0000	23193	60252	-9999	718	666	-9999	527.9579	3	0.6936	0.7165	-0.0013	84.3545	1.4466	708.3974	317.2762	38.3329	653.5669	95.9751	702.7413	95.3380	708.0070	95.1843	711.5578	95.1843	
23/08/2017	03:33:24	019004	H374103432HLR	L374	S		652.1469	1.0233	2.7437	99.9846	40.0482	0.8230	0.8273	5.0000	20.1829	761.0551	94.7230	17.6914	23.7000	0.9300	0.9298	0.6934	0.0000	761.0000	760.9012	1.0339	-3.4488	99.9928	40.1020	0.8230	0.8233	5.0000	-9999.0000	-9999.0000	-9999.0000	-9999.0000	-9999.0000	-9999.0000	21.1821	2	0	67.3875	1.0000	99	9	-9999.0000	23194	60253	-9999	719	667	-9999	527.7683	3	0.6934	0.7149	-0.0012	86.4528	1.2956	706.3491	300.8320	39.4533	644.7218	95.8213	700.5096	95.2502	705.8181	95.1184	710.0930	95.0964	
23/08/2017	03:33:54	019004	H374103439HLR	L374	S		659.2478	1.0233	4.9711	99.9959	40.1538	0.8230	0.8273	5.0000	20.2826	761.0626	94.8108	14.1813	23.8000	0.9300	0.9297	0.6935	0.0000	761.0000	757.7336	1.0339	-3.3013	100.0392	40.0983	0.8230	0.8233	5.0000	-9999.0000	-9999.0000	-9999.0000	-9999.0000	-9999.0000	-9999.0000	20.8129	3	0	30.5326	1.0000	99	9	-9999.0000	23195	60254	-9999	720	668	-9999	527.8838	3	0.6935	0.7143	-0.0012	82.7750	1.4655	715.0645	314.2528	38.1352	651.6469	95.7774	708.4807	95.1403	714.3923	95.0085	719.3543	95.0305	
23/08/2017	03:34:21	019004	H374103443HLR	L374	S		658.0119	1.0233	4.5834	100.0796	40.1538	0.8230	0.8273	5.0000	20.0716	761.0699	94.9426	15.0710	23.9000	0.9300	0.9296	0.6942	0.0000	761.0000	759.3520	1.0339	-3.3766	100.0204	40.0093	0.8230	0.8233	5.0000	-9999.0000	-9999.0000	-9999.0000	-9999.0000	-9999.0000	-9999.0000	21.3627	4	0	26.6632	1.0000	99	9	-9999.0000	23196	60255	-9999	721	669	-9999	528.3770	3	0.6942	0.7148	-0.0012	76.9486	1.7731	714.6896	253.3571	38.8601	648.6088	95.7115	706.5273	95.4259	714.0190	95.2502	717.9300	95.1623	
23/08/2017	03:34:50	019004	H374103446HLR	L374	S		655.3499	1.0233	3.7484	99.9914	39.8527	0.8230	0.8276	5.0000	20.7621	761.0942	94.9426	16.8818	23.7000	0.9300	0.9293	0.6941	0.0000	761.0000	761.3491	1.0339	-3.4697	100.0091	40.0748	0.8230	0.8235	5.0000	-9999.0000	-9999.0000	-9999.0000	-9999.0000	-9999.0000	-9999.0000	20.9223	5	0	28.7131	1.0000	99	9	-9999.0000	23197	60256	-9999	722	669	-9999	528.3478	3	0.6941	0.7143	-0.0012	76.1260	1.7540	711.8504	317.5845	39.9146	650.6785	95.7335	705.7782	95.1403	711.3672	94.9426	714.2658	95.0085	
23/08/2017	03:35:16	019004	H374103456HLR	L374	S		658.3132	1.0233	4.6779	100.0470	40.2089	0.8230	0.8281	5.0000	20.0518	761.0456	94.8108	16.2919	23.8000	0.9300	0.9296	0.6947	0.0000	761.0000	761.2371	1.0339	-3.4645	99.9506	40.0398	0.8230	0.8233	5.0000	-9999.0000	-9999.0000	-9999.0000	-9999.0000	-9999.0000	-9999.0000	24.0124	6	0	26.5137	1.0000	99	9	-9999.0000	23198	60257	-9999	723	669	-9999	528.7009	3	0.6947	0.7121	-0.0010	76.7721	1.7405	711.7349	308.8663	38.0473	649.3933	96.0410	704.2990	95.3161	711.1542	95.1403	715.2343	95.0525	
23/08/2017	03:35:43	019004	H374103460HLR	L374	S		655.6605	1.0233	3.8458	99.9494	40.3444	0.8230	0.8275	5.0000	20.1927	761.0437	94.8548	18.7619	23.7000	0.9300	0.9296	0.6949	0.0000	761.0000	763.3642	1.0339	-3.5635	100.0089	40.1161	0.8230	0.8235	5.0000	-9999.0000	-9999.0000	-9999.0000	-9999.0000	-9999.0000	-9999.0000	21.0423	7	0	27.2325	1.0000	99	9	-9999.0000	23199	60257	-9999	724	669	-9999	528.8984	3	0.6949	0.7115	-0.0010	73.8779	1.8859	707.7438	284.6781	37.3664	650.2201	95.8653	702.4390	95.3161	707.2438	95.1623	711.6642	95.0744	
23/08/2017	03:36:13	019004	H374103464HLR	L374	S		657.4656	1.0233	4.4121	100.1393	39.7732	0.8230	0.8270	5.0000	19.9721	761.0754	94.8548	14.8610	23.8000	0.9300	0.9294	0.6950	0.0000	761.0000	759.9427	1.0339	-3.4042	99.9570	40.1473	0.8230	0.8235	5.0000	-9999.0000	-9999.0000	-9999.0000	-9999.0000	-9999.0000	-9999.0000	21.0120	8	0	29.1936	1.0000	99	9	-9999.0000	23200	60257	-9999	725	670	-9999	528.9967	3	0.6950	0.7110	-0.0010	73.3359	1.9117	713.6106	309.6971	37.9814	650.9790	95.9312	704.9116	95.1843	713.0900	95.0305	716.7212	95.0085	
23/08/2017	03:36:41	019004	H374103471HLR	L374	S		654.2779	1.0233	3.4122	100.0802	39.9820	0.8230	0.8280	5.0000	19.9719	761.0986	94.8548	17.0117	23.8000	0.9300	0.9295	0.6949	0.0000	761.0000	760.9314	1.0339	-3.4502	100.0002	40.1831	0.8230	0.8235	5.0000	-9999.0000	-9999.0000	-9999.0000	-9999.0000	-9999.0000	-9999.0000	20.7116	1	0	28.4427	1.0000	99	9	-9999.0000	23201	60258	-9999	726	671	-9999	528.9294	3	0.6949	0.7110	-0.0010	72.5063	1.9471	707.4160	309.9980	38.6185	646.1248	95.9092	699.7722	95.2062	706.9043	95.0305	711.2139	95.0525	
23/08/2017	03:37:09	019004	H374103467HLR	L374	S		657.9603	1.0233	4.5672	100.1019	40.3935	0.8230	0.8276	5.0000	20.9321	761.0398	94.7230	14.7312	23.8000	0.9300	0.9295	0.6947	0.0000	761.0000	759.0001	1.0339	-3.3603	100.0195	40.2201	0.8230	0.8235	5.0000	-9999.0000	-9999.0000	-9999.0000	-9999.0000	-9999.0000	-9999.0000	20.4719	2	0	28.0833	1.0000	99	9	-9999.0000	23202	60259	-9999	727	672	-9999	528.7119	3	0.6947	0.7090	-0.0009	72.5556	1.9366	713.2611	318.9472	40.5297	652.3710	95.8433	705.8585	95.2282	712.6706	95.0744	717.2468	95.0525	
23/08/2017	03:37:38	019004	H374103454HLR	L374	S		658.9396	1.0233	4.8744	100.0113	40.2564	0.8230	0.8272	5.0000	20.1819	761.0646	94.8108	15.5018	23.8000	0.9300	0.9295	0.6946	0.0000	761.0000	760.0734	1.0339	-3.4102	99.9685	40.2234	0.8230	0.8234	5.0000	-9999.0000	-9999.0000	-9999.0000	-9999.0000	-9999.0000	-9999.0000	21.9419	3	0	29.2630	1.0000	99	9	-9999.0000	23203	60260	-9999	728	673	-9999	528.6621	3	0.6946	0.7088	-0.0009	72.9320	1.8919	712.8118	305.4559	39.5851	651.4644	95.6895	706.2216	95.0525	712.2243	94.8767	716.7574	95.0305	
23/08/2017	03:38:08	019004	H374101494HLR	L374	S		657.1314	1.0233	4.3072	100.0076	40.0512	0.8230	0.8269	5.0000	20.2719	761.0435	94.8108	17.4014	23.8000	0.9300	0.9295	0.6951	0.0000	761.0000	761.9030	1.0339	-3.4955	100.0578	40.2899	0.8230	0.8234	5.0000	-9999.0000	-9999.0000	-9999.0000	-9999.0000	-9999.0000	-9999.0000	21.8517	4	0	29.1331	1.0000	99	9	-9999.0000	23204	60261	-9999	729	674	-9999	529.0613	3	0.6951	0.7079	-0.0008	74.2763	1.8214	709.5084	307.4345	39.8487	647.9256	95.7994	702.5142	95.2502	708.7747	95.0744	712.9941	95.1184	
