Data	Timp	Nr. masina	Nr. de serie	Tip	Productie	Comentariu	Pre-masurare Q [ml/min]	Pre-masurare Gain	Pre-masurare Offset Master	Pre-masurare P [bar]	Pre-masurare T [°C]	Pre-masurare Densitate fixa [kg/l]	Pre-masurare densitate masurata [kg/l]	Pre-masurare Timp masurare [s]	Pre-masurare Cycle time [s]	rectificare Q Oprire [ml/min]	rectificare P Oprire [bar]	rectificare Timp rectificare [s]	rectificare T [°C]	rectificare Densitate fixa [kg/l]	rectificare densitate masurata [kg/l]	rectificare Factor de masurare la rectificare	rectificare Factor de corectie a debitului	rectificare Target rectificare	Masurare Q [ml/min]	Masurare Gain	Masurare Offset Master	Masurare P [bar]	Masurare T [°C]	Masurare Densitate fixa [kg/l]	Masurare densitate masurata [kg/l]	Masurare Timp masurare [s]	Masurare Q [ml/min]	Masurare Delta Q [ml/min]	Masurare P [bar]	Masurare BP [bar]	Masurare T [°C]	Masurare Timp masurare [s]	Masurare Cycle time [s]	Nest Nr.	Cod de descarcare	Cycle time [s]	Traceability aktiv	EDM Maschine Nr	EDM Spindle Nr	Honing Rate [r	Station Counter Premeasure	Station Counter Grind	Station Counter Blowout 1	Station Counter Wash	Station Counter Measure	Station Counter Blowout 2	RealGrindQStop	Reg Type	Factor 0	Factor 1	Factor 2	Factor 3	Factor 4	G_StartQV	G_StartQV_1	G_StartQV_2	G_StartQV_3	G_StartQV_4	G_StartQV_5	
01/08/2017	00:36:42	019004	H421187840GLR	L421	S		692.0847	1.0233	15.2712	99.8477	40.1442	0.8230	0.8260	5.0000	19.8225	815.1111	94.9646	13.1518	24.2000	0.9300	0.9402	0.6924	-0.0007	815.0000	817.4341	1.0339	-3.6060	100.0062	39.8817	0.8230	0.8234	5.0000	-9999.0000	-9999.0000	-9999.0000	-9999.0000	-9999.0000	-9999.0000	21.0920	1	0	26.0624	1.0000	99	9	-9999.0000	41416	25352	-9999	1284	1232	-9999	556.9561	5	0.6814	0.6924	-0.0007	62.0751	4.0956	728.6441	235.3751	34.0273	647.1332	95.7774	726.9021	95.2282	739.5369	94.8328	748.3971	94.9207	
01/08/2017	00:38:26	019004	H421187876GLR	L421	S		701.6976	1.0233	18.2866	100.0142	40.2564	0.8230	0.8265	5.0000	19.8323	815.1180	94.7669	12.1019	24.2000	0.9300	0.9401	0.6922	-0.0007	815.0000	816.7599	1.0339	-3.5868	99.9470	39.5384	0.8230	0.8230	5.0000	-9999.0000	-9999.0000	-9999.0000	-9999.0000	-9999.0000	-9999.0000	21.6516	5	0	28.0325	1.0000	99	9	-9999.0000	41418	25353	-9999	1286	1233	-9999	557.5381	5	0.6813	0.6922	-0.0007	61.5031	4.1766	736.4576	358.2472	34.3568	654.7323	95.3161	734.6291	94.7669	746.7288	94.7230	755.2196	94.7889	
01/08/2017	00:39:18	019004	H421187843GLR	L421	S		694.0378	1.0233	15.8839	99.9720	39.7104	0.8230	0.8255	5.0000	20.4124	815.1028	95.1403	13.6118	24.3000	0.9300	0.9403	0.6922	-0.0007	815.0000	816.6450	1.0339	-3.5835	100.0314	40.1956	0.8230	0.8223	5.0000	-9999.0000	-9999.0000	-9999.0000	-9999.0000	-9999.0000	-9999.0000	20.3818	7	0	27.7726	1.0000	99	9	-9999.0000	41419	25354	-9999	1287	1234	-9999	556.6572	5	0.6813	0.6922	-0.0007	61.5031	4.1766	727.7475	393.8217	38.0473	654.6124	95.2721	726.2411	94.6351	738.2172	94.6790	745.9571	94.8548	
01/08/2017	00:40:11	019004	H421187864GLR	L421	S		703.0237	1.0233	18.7025	100.0201	40.1487	0.8230	0.8269	5.0000	19.8418	815.1275	95.0525	14.1314	24.3000	0.9300	0.9404	0.6914	-0.0006	815.0000	819.2763	1.0339	-3.6586	100.0275	39.5982	0.8230	0.8224	5.0000	-9999.0000	-9999.0000	-9999.0000	-9999.0000	-9999.0000	-9999.0000	22.3218	1	0	26.9724	1.0000	99	9	-9999.0000	41420	25355	-9999	1288	1235	-9999	556.4517	5	0.6814	0.6914	-0.0006	61.6565	4.2016	732.0390	367.6637	35.2136	652.7075	95.5138	730.3833	94.9866	740.5154	94.8767	748.7859	94.7889	
01/08/2017	00:41:02	019004	H421187880GLR	L421	S		699.0279	1.0233	17.4491	100.2878	39.7691	0.8230	0.8249	5.0000	21.3420	815.0841	94.9866	13.9410	24.2000	0.9300	0.9404	0.6911	-0.0006	815.0000	820.7917	1.0339	-3.7018	100.0538	40.1307	0.8230	0.8226	5.0000	-9999.0000	-9999.0000	-9999.0000	-9999.0000	-9999.0000	-9999.0000	20.7923	3	0	24.9328	1.0000	99	9	-9999.0000	41421	25356	-9999	1289	1236	-9999	556.4325	5	0.6813	0.6911	-0.0006	62.0733	4.1848	733.1505	372.0742	34.7523	648.8835	95.4698	731.5859	94.9426	742.1079	94.8548	750.4319	94.8328	
01/08/2017	00:41:56	019004	H421187836GLR	L421	S		705.7287	1.0233	19.5510	100.3600	40.1358	0.8230	0.8270	5.0000	20.4417	815.0806	94.7669	12.8813	24.3000	0.9300	0.9404	0.6918	-0.0007	815.0000	817.9868	1.0339	-3.6218	99.9648	39.6410	0.8230	0.8224	5.0000	-9999.0000	-9999.0000	-9999.0000	-9999.0000	-9999.0000	-9999.0000	23.9322	5	0	26.5830	1.0000	99	9	-9999.0000	41422	25357	-9999	1290	1237	-9999	556.9169	5	0.6812	0.6918	-0.0007	61.6095	4.1977	735.5688	371.4719	35.1916	654.4081	95.4479	734.0206	94.9207	744.7988	94.8108	753.2944	94.8108	
01/08/2017	00:42:23	019004	H421187874GLR	L421	Q		704.8527	1.0233	19.2762	100.0985	40.2793	0.8230	0.8264	5.0000	19.7521	815.1406	94.6351	12.2006	24.2000	0.9300	0.9404	0.6918	-0.0007	815.0000	816.4048	1.0339	-3.5766	100.0144	39.8461	0.8230	0.8229	5.0000	-9999.0000	-9999.0000	-9999.0000	-9999.0000	-9999.0000	-9999.0000	23.0120	6	0	26.8926	1.0000	99	9	-9999.0000	41423	25358	-9999	1291	1238	-9999	557.3269	5	0.6812	0.6918	-0.0007	61.6095	4.1977	736.1556	381.5624	35.5431	653.3373	95.3161	734.5795	94.7010	745.9500	94.6351	755.0000	94.8108	
01/08/2017	00:43:15	019004	H421187854GLR	L421	Q		699.1864	1.0233	17.4989	100.1000	39.7435	0.8230	0.8262	5.0000	20.3322	815.1559	94.9207	13.4614	24.3000	0.9300	0.9404	0.6928	-0.0008	815.0000	818.1981	1.0339	-3.6278	100.0000	40.3589	0.8230	0.8238	5.0000	-9999.0000	-9999.0000	-9999.0000	-9999.0000	-9999.0000	-9999.0000	23.2134	8	0	25.0027	1.0000	99	9	-9999.0000	41424	25359	-9999	1292	1240	-9999	556.5019	5	0.6810	0.6928	-0.0008	60.5580	4.3127	730.3676	366.4930	35.4772	648.9100	95.4259	728.7406	94.8548	739.8485	94.7889	748.0514	94.8328	
01/08/2017	00:43:41	019004	H421187850GLR	L421	S		702.0499	1.0233	18.3971	99.9388	40.1458	0.8230	0.8267	5.0000	19.9719	815.1115	94.6351	12.0814	24.1000	0.9300	0.9403	0.6933	-0.0008	815.0000	816.5248	1.0339	-3.5800	100.0744	40.3884	0.8230	0.8224	5.0000	-9999.0000	-9999.0000	-9999.0000	-9999.0000	-9999.0000	-9999.0000	20.9328	1	0	26.2227	1.0000	99	9	-9999.0000	41425	25360	-9999	1293	1241	-9999	557.2341	5	0.6809	0.6933	-0.0008	58.0653	4.4881	736.2989	389.1231	34.7742	655.3956	95.5577	734.9321	95.0525	745.5490	94.8108	754.8881	94.8108	
01/08/2017	00:44:07	019004	H421187860GLR	L421	S		699.1029	1.0233	17.4727	99.9881	40.1843	0.8230	0.8256	5.0000	21.1124	815.1079	94.9426	13.2915	24.2000	0.9300	0.9405	0.6927	-0.0008	815.0000	818.0964	1.0339	-3.6249	100.0139	39.9436	0.8230	0.8220	5.0000	-9999.0000	-9999.0000	-9999.0000	-9999.0000	-9999.0000	-9999.0000	21.6224	2	0	25.9627	1.0000	99	9	-9999.0000	41426	25361	-9999	1294	1242	-9999	556.3378	5	0.6808	0.6927	-0.0008	58.0243	4.4942	733.8849	392.2158	35.7188	653.2091	95.6456	732.3845	95.0305	743.0872	94.7889	752.0257	94.8328	
01/08/2017	00:44:34	019004	H421187870GLR	L421	S		711.6655	1.0233	21.4133	100.2956	39.8817	0.8230	0.8253	5.0000	20.8323	815.1451	94.5253	11.8519	24.2000	0.9300	0.9405	0.6927	-0.0008	815.0000	818.5028	1.0339	-3.6365	100.0111	39.7270	0.8230	0.8223	5.0000	-9999.0000	-9999.0000	-9999.0000	-9999.0000	-9999.0000	-9999.0000	20.3225	3	0	27.0927	1.0000	99	9	-9999.0000	41427	25362	-9999	1295	1243	-9999	557.2657	5	0.6808	0.6927	-0.0008	58.0243	4.4942	744.1180	390.1280	35.8946	658.1862	95.7554	742.6821	95.1184	752.6498	94.8548	761.5526	94.7889	
01/08/2017	00:45:00	019004	H421187911GLR	L421	S		711.9991	1.0233	21.5179	99.9893	39.8461	0.8230	0.8258	5.0000	20.7327	815.1791	94.6131	11.4212	24.3000	0.9300	0.9406	0.6934	-0.0008	815.0000	816.6143	1.0339	-3.5826	100.0061	39.9487	0.8230	0.8229	5.0000	-9999.0000	-9999.0000	-9999.0000	-9999.0000	-9999.0000	-9999.0000	23.5220	4	0	26.0528	1.0000	99	9	-9999.0000	41428	25363	-9999	1296	1244	-9999	557.5569	5	0.6807	0.6934	-0.0008	57.0991	4.5716	742.7598	384.0686	36.1582	656.1606	95.5358	741.1618	94.8767	753.2132	94.7230	762.4758	94.8548	
01/08/2017	00:45:27	019004	H421187856GLR	L421	S		706.1103	1.0233	19.6707	99.8966	40.1288	0.8230	0.8264	5.0000	19.9124	815.1173	94.8548	12.5717	24.4000	0.9300	0.9407	0.6924	-0.0008	815.0000	816.2511	1.0339	-3.5722	100.0292	40.0777	0.8230	0.8225	5.0000	-9999.0000	-9999.0000	-9999.0000	-9999.0000	-9999.0000	-9999.0000	21.9926	5	0	26.7733	1.0000	99	9	-9999.0000	41429	25364	-9999	1297	1245	-9999	556.6157	5	0.6806	0.6924	-0.0008	58.6595	4.4644	736.9158	382.4455	34.7523	652.3870	95.4259	735.5155	94.9207	745.9795	94.7449	755.2084	94.7889	
01/08/2017	00:45:51	019004	H421187884GLR	L421	S		706.0775	1.0233	19.6605	99.9187	40.1538	0.8230	0.8261	5.0000	19.9718	815.0877	94.6131	12.3910	24.3000	0.9300	0.9405	0.6926	-0.0008	815.0000	816.5844	1.0339	-3.5817	100.0829	39.8883	0.8230	0.8224	5.0000	-9999.0000	-9999.0000	-9999.0000	-9999.0000	-9999.0000	-9999.0000	20.7718	6	0	24.6521	1.0000	99	9	-9999.0000	41430	25365	-9999	1298	1246	-9999	556.6419	5	0.6805	0.6926	-0.0008	64.2126	4.0825	737.6586	382.9038	34.6424	652.7055	95.7335	735.9725	95.2062	748.1584	94.8987	754.9262	94.8328	
01/08/2017	00:46:20	019004	H421187887GLR	L421	S		701.4018	1.0233	18.1938	100.0377	39.9483	0.8230	0.8255	5.0000	20.6125	815.1621	94.6351	12.3217	24.2000	0.9300	0.9405	0.6926	-0.0008	815.0000	815.5150	1.0339	-3.5512	100.0082	39.8879	0.8230	0.8228	5.0000	-9999.0000	-9999.0000	-9999.0000	-9999.0000	-9999.0000	-9999.0000	20.2327	7	0	29.0540	1.0000	99	9	-9999.0000	41430	25366	-9999	1299	1247	-9999	556.6098	5	0.6804	0.6926	-0.0008	56.9395	4.5938	735.2578	406.8030	38.3329	661.3264	95.8433	733.6521	95.1843	745.6643	94.8548	754.2618	94.8328	
01/08/2017	00:46:47	019004	H421187894GLR	L421	S		700.8895	1.0233	18.0331	99.9862	39.8461	0.8230	0.8259	5.0000	20.1429	815.0909	94.6351	12.4818	24.3000	0.9300	0.9404	0.6920	-0.0008	815.0000	817.1129	1.0339	-3.5968	100.0195	39.9487	0.8230	0.8227	5.0000	-9999.0000	-9999.0000	-9999.0000	-9999.0000	-9999.0000	-9999.0000	25.4227	8	0	26.6123	1.0000	99	9	-9999.0000	41431	25367	-9999	1300	1248	-9999	556.3766	5	0.6805	0.6920	-0.0008	48.4870	5.2500	736.0083	399.7948	36.1582	662.3949	95.6676	734.5092	94.9426	745.9300	94.7449	754.6401	94.8548	
01/08/2017	00:47:14	019004	H421187904GLR	L421	S		708.1096	1.0233	20.2979	100.3551	40.0451	0.8230	0.8263	5.0000	20.0929	815.1003	94.6351	12.4711	24.2000	0.9300	0.9404	0.6913	-0.0007	815.0000	818.8350	1.0339	-3.6460	100.0197	39.9487	0.8230	0.8224	5.0000	-9999.0000	-9999.0000	-9999.0000	-9999.0000	-9999.0000	-9999.0000	23.3022	1	0	26.7129	1.0000	99	9	-9999.0000	41432	25368	-9999	1301	1249	-9999	556.3111	5	0.6804	0.6913	-0.0007	45.9163	5.4186	740.7486	385.6345	34.1152	660.7341	95.4259	739.2910	94.9207	749.9406	94.7669	757.3975	94.8328	
01/08/2017	00:47:39	019004	H421187929GLR	L421	S		710.6479	1.0233	21.0941	100.2990	40.1430	0.8230	0.8261	5.0000	19.9016	815.1370	94.5912	12.2318	24.3000	0.9300	0.9405	0.6911	-0.0007	815.0000	818.2834	1.0339	-3.6302	100.0492	39.8963	0.8230	0.8225	5.0000	-9999.0000	-9999.0000	-9999.0000	-9999.0000	-9999.0000	-9999.0000	20.9416	2	0	24.8827	1.0000	99	9	-9999.0000	41433	25369	-9999	1302	1250	-9999	556.4683	5	0.6804	0.6911	-0.0007	45.2277	5.4639	741.1054	379.7326	35.0818	653.7301	95.4698	739.7087	94.9426	750.1364	94.7889	758.0708	94.8548	
01/08/2017	00:48:03	019004	H421187928GLR	L421	S		719.0430	1.0233	23.7274	99.9940	40.0121	0.8230	0.8257	5.0000	20.3323	815.0897	94.5692	10.2912	24.3000	0.9300	0.9406	0.6892	-0.0006	815.0000	815.0343	1.0339	-3.5375	100.0191	39.9825	0.8230	0.8228	5.0000	-9999.0000	-9999.0000	-9999.0000	-9999.0000	-9999.0000	-9999.0000	20.3214	3	0	24.9431	1.0000	99	9	-9999.0000	41434	25370	-9999	1303	1251	-9999	557.1867	5	0.6803	0.6892	-0.0006	46.0237	5.4092	751.8970	389.9920	34.3788	665.4944	95.6017	750.1916	95.0744	763.0891	94.8108	771.1194	94.8328	
01/08/2017	00:48:30	019004	H421187915GLR	L421	S		712.3896	1.0233	21.6404	99.9516	39.9487	0.8230	0.8258	5.0000	20.0216	815.1675	94.6790	10.7707	24.3000	0.9300	0.9404	0.6895	-0.0006	815.0000	815.2535	1.0339	-3.5438	100.0582	40.0613	0.8230	0.8227	5.0000	-9999.0000	-9999.0000	-9999.0000	-9999.0000	-9999.0000	-9999.0000	20.7121	4	0	26.2334	1.0000	99	9	-9999.0000	41435	25371	-9999	1304	1252	-9999	557.0403	5	0.6803	0.6895	-0.0006	47.7558	5.2709	748.9396	376.6726	34.3349	662.6054	95.4039	747.4405	94.8328	757.8747	94.7449	766.9690	94.8108	
01/08/2017	00:48:58	019004	H421187923GLR	L421	S		712.2162	1.0233	21.5860	99.9609	39.9618	0.8230	0.8257	5.0000	21.1624	815.0894	95.0305	12.8823	24.3000	0.9300	0.9404	0.6895	-0.0006	815.0000	820.5593	1.0339	-3.6952	100.0153	39.9565	0.8230	0.8225	5.0000	-9999.0000	-9999.0000	-9999.0000	-9999.0000	-9999.0000	-9999.0000	22.9731	5	0	28.7023	1.0000	99	9	-9999.0000	41436	25372	-9999	1305	1253	-9999	555.9125	5	0.6802	0.6895	-0.0006	45.2333	5.4455	743.0808	382.3401	36.2680	662.5793	95.5577	742.2353	95.0964	750.9816	94.8548	760.0506	94.7669	
01/08/2017	00:49:24	019004	H421187895GLR	L421	S		697.2314	1.0233	16.8856	99.8745	40.0512	0.8230	0.8260	5.0000	20.4123	815.0947	94.5033	11.3811	24.4000	0.9300	0.9406	0.6867	-0.0004	815.0000	815.0135	1.0339	-3.5369	99.9856	39.9487	0.8230	0.8225	5.0000	-9999.0000	-9999.0000	-9999.0000	-9999.0000	-9999.0000	-9999.0000	24.9029	6	0	25.3632	1.0000	99	9	-9999.0000	41437	25373	-9999	1306	1254	-9999	556.2522	5	0.6800	0.6867	-0.0004	50.7668	5.0254	748.2488	391.1415	35.5431	663.7717	95.8213	746.6232	95.2721	758.6785	94.9426	766.2685	94.8328	
01/08/2017	00:49:50	019004	H421187917GLR	L421	S		709.4280	1.0233	20.7114	100.0854	40.0512	0.8230	0.8261	5.0000	19.6114	815.1284	94.6351	11.0315	24.4000	0.9300	0.9406	0.6875	-0.0004	815.0000	813.5940	1.0339	-3.4964	100.0732	39.9823	0.8230	0.8226	5.0000	-9999.0000	-9999.0000	-9999.0000	-9999.0000	-9999.0000	-9999.0000	21.3021	7	0	26.3733	1.0000	99	9	-9999.0000	41438	25374	-9999	1307	1255	-9999	556.4883	5	0.6800	0.6875	-0.0004	49.0729	5.1608	747.3901	388.0288	34.5326	662.3140	95.5797	745.8385	94.9646	757.3069	94.7669	765.9677	94.8548	
01/08/2017	00:50:19	019004	H421187930GLR	L421	S		711.5220	1.0233	21.3683	100.3967	39.9487	0.8230	0.8257	5.0000	20.8421	815.0727	94.7230	11.4612	24.4000	0.9300	0.9406	0.6875	-0.0005	815.0000	815.5929	1.0339	-3.5534	100.0260	39.9784	0.8230	0.8225	5.0000	-9999.0000	-9999.0000	-9999.0000	-9999.0000	-9999.0000	-9999.0000	21.9025	8	0	28.7726	1.0000	99	9	-9999.0000	41439	25375	-9999	1308	1256	-9999	556.2559	5	0.6800	0.6875	-0.0005	46.1753	5.3630	748.6214	387.9516	35.2136	663.9693	95.3820	747.1047	94.8548	758.0155	94.7230	766.3564	94.8328	
01/08/2017	00:50:46	019004	H421187898GLR	L421	S		716.7257	1.0233	23.0005	100.0982	39.9487	0.8230	0.8259	5.0000	20.4524	815.1293	94.6131	11.5618	24.3000	0.9300	0.9405	0.6871	-0.0004	815.0000	817.3010	1.0339	-3.6022	100.0239	39.9487	0.8230	0.8225	5.0000	-9999.0000	-9999.0000	-9999.0000	-9999.0000	-9999.0000	-9999.0000	25.4932	1	0	27.4335	1.0000	99	9	-9999.0000	41440	25376	-9999	1309	1256	-9999	556.1123	5	0.6798	0.6871	-0.0004	47.3302	5.2640	750.9185	384.7845	36.0044	665.1504	95.4259	749.7194	94.9207	760.0143	94.7889	767.3788	94.8548	
01/08/2017	00:51:12	019004	H421187913GLR	L421	S		708.7433	1.0233	20.4966	100.2385	40.0506	0.8230	0.8258	5.0000	20.9826	815.1133	94.5692	11.8411	24.3000	0.9300	0.9404	0.6872	-0.0004	815.0000	816.7057	1.0339	-3.5852	100.0224	39.9487	0.8230	0.8224	5.0000	-9999.0000	-9999.0000	-9999.0000	-9999.0000	-9999.0000	-9999.0000	23.6119	2	0	25.6923	1.0000	99	9	-9999.0000	41441	25377	-9999	1310	1256	-9999	556.0166	5	0.6798	0.6872	-0.0004	51.4197	4.9685	746.3759	386.3870	34.6644	660.0069	95.4698	744.9530	94.9207	754.6337	94.7889	763.2429	94.8548	
01/08/2017	00:51:46	019004	H421188482GLR	L421	S		710.4380	1.0233	21.0282	99.9703	40.0512	0.8230	0.8260	5.0000	19.9512	815.0814	94.7230	12.5922	24.3000	0.9300	0.9405	0.6877	-0.0005	815.0000	817.5704	1.0339	-3.6099	100.0541	39.9945	0.8230	0.8226	5.0000	-9999.0000	-9999.0000	-9999.0000	-9999.0000	-9999.0000	-9999.0000	20.6018	3	0	33.6736	1.0000	99	9	-9999.0000	41442	25378	-9999	1311	1257	-9999	555.6906	5	0.6798	0.6877	-0.0005	48.6655	5.1569	742.6960	379.1203	34.0713	661.6003	95.4259	741.3523	94.9426	751.2037	94.8108	759.2245	94.8767	
01/08/2017	00:52:12	019004	H421188489GLR	L421	S		711.0347	1.0233	21.2154	100.0701	39.9915	0.8230	0.8259	5.0000	20.0119	815.1492	94.5253	11.1907	24.3000	0.9300	0.9405	0.6888	-0.0006	815.0000	814.5345	1.0339	-3.5232	100.0667	40.0017	0.8230	0.8226	5.0000	-9999.0000	-9999.0000	-9999.0000	-9999.0000	-9999.0000	-9999.0000	20.8032	4	0	26.6035	1.0000	99	9	-9999.0000	41443	25379	-9999	1312	1258	-9999	556.3374	5	0.6797	0.6888	-0.0006	48.1326	5.1627	744.7692	386.4042	35.3234	661.6561	95.5138	743.2684	94.9426	754.6680	94.7889	763.2647	94.8548	
01/08/2017	00:52:37	019004	H421188485GLR	L421	S		714.5219	1.0233	22.3092	100.0303	39.9487	0.8230	0.8257	5.0000	20.7121	815.1339	94.6351	11.0315	24.3000	0.9300	0.9404	0.6921	-0.0009	815.0000	814.6523	1.0339	-3.5266	100.0568	40.0285	0.8230	0.8227	5.0000	-9999.0000	-9999.0000	-9999.0000	-9999.0000	-9999.0000	-9999.0000	20.6514	5	0	24.9921	1.0000	99	9	-9999.0000	41444	25380	-9999	1313	1259	-9999	556.5520	5	0.6796	0.6921	-0.0009	39.4068	5.8551	745.6780	380.8191	34.5985	657.4513	95.5797	743.9195	95.0085	754.2234	94.8108	762.6590	94.8328	
01/08/2017	00:53:03	019004	H421188492GLR	L421	S		707.0048	1.0233	19.9513	100.0187	40.0512	0.8230	0.8259	5.0000	20.6417	815.1366	94.6351	11.4612	24.3000	0.9300	0.9404	0.6954	-0.0011	815.0000	815.4416	1.0339	-3.5491	100.0556	39.9900	0.8230	0.8227	5.0000	-9999.0000	-9999.0000	-9999.0000	-9999.0000	-9999.0000	-9999.0000	21.0725	6	0	25.5135	1.0000	99	9	-9999.0000	41445	25381	-9999	1314	1260	-9999	556.3044	5	0.6796	0.6954	-0.0011	33.9473	6.3009	740.6154	395.4134	36.8391	665.5840	95.6676	738.9182	95.0525	750.6677	94.8108	760.1590	94.8108	
01/08/2017	00:53:30	019004	H421188496GLR	L421	S		706.4546	1.0233	19.7787	99.8702	40.0512	0.8230	0.8255	5.0000	21.3930	815.1414	94.5472	11.7913	24.3000	0.9300	0.9404	0.6959	-0.0012	815.0000	814.9525	1.0339	-3.5352	100.0650	40.0205	0.8230	0.8227	5.0000	-9999.0000	-9999.0000	-9999.0000	-9999.0000	-9999.0000	-9999.0000	20.4427	7	0	27.2530	1.0000	99	9	-9999.0000	41446	25382	-9999	1315	1261	-9999	555.9776	5	0.6795	0.6959	-0.0012	26.4667	6.9060	738.5493	384.6043	36.2241	652.4324	95.6895	736.9302	95.1403	748.4730	94.8987	756.8677	94.8548	
01/08/2017	00:53:55	019004	H421188509GLR	L421	S		705.9549	1.0233	19.6220	100.1834	40.0076	0.8230	0.8260	5.0000	19.6730	815.1396	94.8328	13.0317	24.3000	0.9300	0.9404	0.6964	-0.0012	815.0000	817.7021	1.0339	-3.6136	100.0335	39.9763	0.8230	0.8225	5.0000	-9999.0000	-9999.0000	-9999.0000	-9999.0000	-9999.0000	-9999.0000	23.5619	8	0	24.9725	1.0000	99	9	-9999.0000	41447	25383	-9999	1316	1262	-9999	554.7441	5	0.6795	0.6964	-0.0012	27.2869	6.8188	733.9484	371.0637	33.8296	651.0602	95.5138	732.1473	95.0744	743.4500	94.8767	753.0690	94.8767	
01/08/2017	00:54:22	019004	H421188499GLR	L421	S		709.9228	1.0233	20.8666	99.9387	40.0240	0.8230	0.8259	5.0000	20.1816	815.1147	94.5033	11.4104	24.2000	0.9300	0.9404	0.6965	-0.0012	815.0000	814.8270	1.0339	-3.5316	100.0631	40.0187	0.8230	0.8226	5.0000	-9999.0000	-9999.0000	-9999.0000	-9999.0000	-9999.0000	-9999.0000	20.6624	1	0	27.0626	1.0000	99	9	-9999.0000	41448	25384	-9999	1317	1262	-9999	556.3591	5	0.6796	0.6965	-0.0012	26.9245	6.8134	739.4949	381.8441	35.0818	653.0966	95.5797	737.9520	95.1403	749.0089	94.8767	759.3066	94.8328	
01/08/2017	00:54:47	019004	H421188495GLR	L421	S		709.5022	1.0233	20.7347	100.0059	40.0142	0.8230	0.8260	5.0000	19.8821	815.1027	94.5912	11.9515	24.3000	0.9300	0.9405	0.6964	-0.0012	815.0000	816.3492	1.0339	-3.5750	100.0311	39.9685	0.8230	0.8225	5.0000	-9999.0000	-9999.0000	-9999.0000	-9999.0000	-9999.0000	-9999.0000	22.2925	2	0	24.8836	1.0000	99	9	-9999.0000	41449	25385	-9999	1318	1263	-9999	555.7671	5	0.6814	0.6964	-0.0012	31.5621	6.4471	741.1079	383.8546	35.0818	652.4180	95.6456	739.5198	95.0964	752.0231	94.8548	758.7829	94.8548	
01/08/2017	00:55:14	019004	H421188502GLR	L421	S		713.1443	1.0233	21.8771	99.9353	39.9749	0.8230	0.8259	5.0000	20.3624	815.1513	94.4813	11.7210	24.3000	0.9300	0.9405	0.6969	-0.0013	815.0000	817.3069	1.0339	-3.6024	100.0630	40.0240	0.8230	0.8226	5.0000	-9999.0000	-9999.0000	-9999.0000	-9999.0000	-9999.0000	-9999.0000	20.7415	3	0	26.6829	1.0000	99	9	-9999.0000	41450	25386	-9999	1319	1264	-9999	556.0801	5	0.6815	0.6969	-0.0013	33.9398	6.2368	739.0295	366.8712	34.7742	654.8816	95.5797	737.5525	95.1623	749.7332	94.8987	757.2543	94.8767	
01/08/2017	00:55:40	019004	H421188513GLR	L421	S		712.4250	1.0233	21.6515	99.9430	40.0463	0.8230	0.8261	5.0000	19.8419	815.1053	94.5472	10.7912	24.3000	0.9300	0.9404	0.6978	-0.0013	815.0000	814.1433	1.0339	-3.5121	100.0123	39.9894	0.8230	0.8225	5.0000	-9999.0000	-9999.0000	-9999.0000	-9999.0000	-9999.0000	-9999.0000	23.0717	4	0	26.2526	1.0000	99	9	-9999.0000	41451	25387	-9999	1320	1265	-9999	556.9913	5	0.6813	0.6978	-0.0013	34.9571	6.1239	740.9660	375.6817	34.5765	654.6553	95.5358	739.3275	95.0085	751.3319	94.8108	761.0553	94.8328	
01/08/2017	00:56:08	019004	H421188521GLR	L421	S		709.3073	1.0233	20.6735	100.0902	40.0512	0.8230	0.8257	5.0000	20.7718	815.1591	94.8328	12.5610	24.3000	0.9300	0.9405	0.6990	-0.0014	815.0000	817.1747	1.0339	-3.5986	100.0736	40.0214	0.8230	0.8226	5.0000	-9999.0000	-9999.0000	-9999.0000	-9999.0000	-9999.0000	-9999.0000	21.2123	5	0	27.9825	1.0000	99	9	-9999.0000	41452	25388	-9999	1321	1266	-9999	555.0260	5	0.6814	0.6990	-0.0014	39.1452	5.7668	734.4371	381.2058	34.4886	650.8020	95.4479	732.5675	94.9866	744.5346	94.8108	753.1713	94.8548	
01/08/2017	00:56:33	019004	H421188516GLR	L421	S		709.5357	1.0233	20.7452	100.1808	39.9847	0.8230	0.8256	5.0000	21.2024	815.1160	94.5253	11.3304	24.3000	0.9300	0.9405	0.7002	-0.0016	815.0000	815.8666	1.0339	-3.5613	100.0243	39.9487	0.8230	0.8225	5.0000	-9999.0000	-9999.0000	-9999.0000	-9999.0000	-9999.0000	-9999.0000	24.3934	6	0	25.5537	1.0000	99	9	-9999.0000	41453	25389	-9999	1322	1267	-9999	556.4027	5	0.6814	0.7002	-0.0016	33.3272	6.2554	737.2809	378.8056	35.4772	651.4392	95.6895	735.4237	95.1843	749.8227	94.8987	758.5609	94.8548	
01/08/2017	00:56:59	019004	H421188519GLR	L421	S		711.5779	1.0233	21.3858	100.0327	39.9782	0.8230	0.8259	5.0000	20.1818	815.1455	94.5912	10.9514	24.3000	0.9300	0.9406	0.6993	-0.0015	815.0000	814.3685	1.0339	-3.5185	100.0559	40.0351	0.8230	0.8226	5.0000	-9999.0000	-9999.0000	-9999.0000	-9999.0000	-9999.0000	-9999.0000	20.5023	7	0	25.1326	1.0000	99	9	-9999.0000	41454	25390	-9999	1323	1268	-9999	556.8484	5	0.6815	0.6993	-0.0015	34.8391	6.1161	738.8610	376.5658	36.1582	650.8593	95.6017	737.0987	95.0085	749.2248	94.7889	758.5051	94.8328	
01/08/2017	00:57:25	019004	H421188526GLR	L421	S		705.1228	1.0233	19.3610	100.0253	40.0463	0.8230	0.8261	5.0000	19.8819	815.1192	94.7889	12.6020	24.4000	0.9300	0.9406	0.7007	-0.0016	815.0000	816.3272	1.0339	-3.5744	100.0334	40.0166	0.8230	0.8226	5.0000	-9999.0000	-9999.0000	-9999.0000	-9999.0000	-9999.0000	-9999.0000	21.3297	8	0	26.5722	1.0000	99	9	-9999.0000	41455	25391	-9999	1324	1269	-9999	554.7482	5	0.6816	0.7007	-0.0016	34.5504	6.1486	731.3666	368.9506	34.8401	646.6545	95.4479	729.7204	95.0085	740.7261	94.8108	750.2371	94.8328	
01/08/2017	00:57:51	019004	H421188538GLR	L421	S		711.7971	1.0233	21.4545	99.9741	40.0512	0.8230	0.8257	5.0000	20.8625	815.0960	94.4813	11.5716	24.4000	0.9300	0.9406	0.7017	-0.0017	815.0000	815.5806	1.0339	-3.5531	100.0119	40.0349	0.8230	0.8225	5.0000	-9999.0000	-9999.0000	-9999.0000	-9999.0000	-9999.0000	-9999.0000	23.2427	1	0	25.4931	1.0000	99	9	-9999.0000	41455	25392	-9999	1325	1270	-9999	556.0353	5	0.6815	0.7017	-0.0017	37.1521	5.9115	735.9557	379.4450	35.7408	652.2929	95.7115	734.2705	95.2941	746.2477	94.9426	754.8914	94.8548	
01/08/2017	00:58:17	019004	H421188532GLR	L421	S		710.1283	1.0233	20.9311	99.9386	39.9978	0.8230	0.8259	5.0000	20.1125	815.1245	94.5253	12.0013	24.4000	0.9300	0.9407	0.7033	-0.0018	815.0000	816.0415	1.0339	-3.5663	100.0802	40.0664	0.8230	0.8226	5.0000	-9999.0000	-9999.0000	-9999.0000	-9999.0000	-9999.0000	-9999.0000	20.8216	2	0	26.2227	1.0000	99	9	-9999.0000	41456	25393	-9999	1326	1271	-9999	555.3599	5	0.6815	0.7033	-0.0018	41.9249	5.5019	734.2445	373.4628	36.2680	654.1458	95.6236	732.5714	95.0744	744.1898	94.8548	752.1118	94.8987	
01/08/2017	00:58:43	019004	H421188535GLR	L421	S		714.6056	1.0233	22.3355	99.8298	39.9751	0.8230	0.8255	5.0000	21.4417	815.0751	94.4813	11.3108	24.4000	0.9300	0.9406	0.7043	-0.0019	815.0000	817.2694	1.0339	-3.6013	100.0247	40.0512	0.8230	0.8225	5.0000	-9999.0000	-9999.0000	-9999.0000	-9999.0000	-9999.0000	-9999.0000	21.8519	3	0	26.5828	1.0000	99	9	-9999.0000	41457	25394	-9999	1327	1272	-9999	556.3568	5	0.6816	0.7043	-0.0019	45.4504	5.1851	740.0381	393.6482	36.7513	654.4045	95.7335	738.6912	95.2721	749.9050	94.9426	759.3014	94.8548	
01/08/2017	00:59:10	019004	H421188510GLR	L421	S		709.6218	1.0233	20.7722	99.6676	40.0469	0.8230	0.8260	5.0000	20.0216	815.1351	94.5253	11.1311	24.4000	0.9300	0.9406	0.7076	-0.0022	815.0000	814.7971	1.0339	-3.5307	100.0342	40.0607	0.8230	0.8226	5.0000	-9999.0000	-9999.0000	-9999.0000	-9999.0000	-9999.0000	-9999.0000	21.3919	4	0	26.5430	1.0000	99	9	-9999.0000	41458	25395	-9999	1327	1273	-9999	556.7347	5	0.6816	0.7076	-0.0022	53.2587	4.5042	733.5973	375.9588	34.4227	646.4453	95.6017	731.7150	95.0964	743.8439	94.8548	753.9603	94.8328	
01/08/2017	00:59:36	019004	H421188505GLR	L421	S		709.4547	1.0233	20.7198	99.8674	40.0512	0.8230	0.8258	5.0000	20.6926	815.1247	94.5472	11.5716	24.4000	0.9300	0.9406	0.7074	-0.0022	815.0000	815.4011	1.0339	-3.5480	99.9969	40.0883	0.8230	0.8227	5.0000	-9999.0000	-9999.0000	-9999.0000	-9999.0000	-9999.0000	-9999.0000	20.4925	5	0	25.5731	1.0000	99	9	-9999.0000	41459	25396	-9999	1328	1274	-9999	555.9240	5	0.6816	0.7074	-0.0022	51.0049	4.6913	731.5407	366.1003	34.3788	645.5812	95.4259	729.6077	95.0085	743.4175	94.7889	755.4655	94.8328	
01/08/2017	01:00:02	019004	H421187857GLR	L421	S		699.8949	1.0233	17.7211	100.1600	40.0512	0.8230	0.8259	5.0000	20.2317	815.1871	94.6571	12.6518	24.4000	0.9300	0.9406	0.7084	-0.0023	815.0000	815.5770	1.0339	-3.5530	100.0669	40.0951	0.8230	0.8227	5.0000	-9999.0000	-9999.0000	-9999.0000	-9999.0000	-9999.0000	-9999.0000	20.6623	6	0	26.5831	1.0000	99	9	-9999.0000	41460	25397	-9999	1329	1275	-9999	553.9164	5	0.6815	0.7084	-0.0023	50.2156	4.7558	724.4711	391.7156	37.5641	649.7108	95.6017	722.8957	95.0305	735.2785	94.8328	744.8426	94.8767	
01/08/2017	01:00:27	019004	H421187875GLR	L421	S		691.8229	1.0233	15.1891	100.1618	39.9749	0.8230	0.8259	5.0000	20.2923	815.1456	94.5692	12.6811	24.4000	0.9300	0.9406	0.7089	-0.0023	815.0000	815.1442	1.0339	-3.5406	100.0601	40.0951	0.8230	0.8227	5.0000	-9999.0000	-9999.0000	-9999.0000	-9999.0000	-9999.0000	-9999.0000	20.5229	7	0	24.8123	1.0000	99	9	-9999.0000	41461	25398	-9999	1330	1276	-9999	553.7606	5	0.6815	0.7089	-0.0023	49.1073	4.8465	722.3797	386.1944	38.2231	645.8461	95.8213	720.3462	95.1843	733.1472	94.9426	742.6409	94.8767	
01/08/2017	01:00:52	019004	H421187872GLR	L421	S		685.1285	1.0233	13.0892	100.1157	39.9716	0.8230	0.8261	5.0000	20.0324	815.1293	94.5912	12.9711	24.4000	0.9300	0.9406	0.7098	-0.0024	815.0000	813.1620	1.0339	-3.4841	100.0689	40.0893	0.8230	0.8226	5.0000	-9999.0000	-9999.0000	-9999.0000	-9999.0000	-9999.0000	-9999.0000	20.7825	8	0	24.6630	1.0000	99	9	-9999.0000	41462	25399	-9999	1331	1277	-9999	553.1296	5	0.6815	0.7098	-0.0024	52.2035	4.5817	716.6993	367.7628	35.5431	634.9356	95.8872	714.8886	95.3161	728.1031	94.9646	738.0309	94.8767	
01/08/2017	01:01:18	019004	H421187837GLR	L421	S		684.7128	1.0233	12.9588	100.2308	40.0512	0.8230	0.8256	5.0000	21.6918	815.1197	94.4594	11.8812	24.4000	0.9300	0.9406	0.7101	-0.0024	815.0000	813.5117	1.0339	-3.4941	100.0891	40.0758	0.8230	0.8226	5.0000	-9999.0000	-9999.0000	-9999.0000	-9999.0000	-9999.0000	-9999.0000	21.0922	1	0	26.4131	1.0000	99	9	-9999.0000	41463	25400	-9999	1331	1278	-9999	555.2588	5	0.6815	0.7101	-0.0024	54.4282	4.3830	722.5793	377.3172	34.1811	636.3896	95.8653	720.6240	95.2941	734.3731	94.9207	745.7856	94.8108	
01/08/2017	01:01:44	019004	H421187841GLR	L421	S		689.7803	1.0233	14.5484	100.3387	40.0512	0.8230	0.8257	5.0000	21.1518	815.1598	94.6790	12.9213	24.4000	0.9300	0.9405	0.7108	-0.0025	815.0000	812.3572	1.0339	-3.4611	100.0384	40.0801	0.8230	0.8226	5.0000	-9999.0000	-9999.0000	-9999.0000	-9999.0000	-9999.0000	-9999.0000	21.4916	2	0	26.2127	1.0000	99	9	-9999.0000	41464	25401	-9999	1332	1279	-9999	553.1400	5	0.6815	0.7108	-0.0025	53.4166	4.4721	716.3891	367.1864	36.0923	635.3263	95.7335	714.9938	95.1403	727.0437	94.8987	735.7325	94.8548	
01/08/2017	01:02:13	019004	H421187871GLR	L421	S		703.5988	1.0233	18.8830	100.1820	40.0394	0.8230	0.8261	5.0000	19.7922	815.1162	94.4813	11.1213	24.4000	0.9300	0.9405	0.7105	-0.0025	815.0000	815.9004	1.0339	-3.5622	99.9907	40.1051	0.8230	0.8227	5.0000	-9999.0000	-9999.0000	-9999.0000	-9999.0000	-9999.0000	-9999.0000	20.4319	3	0	29.1029	1.0000	99	9	-9999.0000	41465	25402	-9999	1333	1280	-9999	556.7855	5	0.6814	0.7105	-0.0025	54.6378	4.3617	730.2107	374.6882	34.2250	643.0702	95.6236	728.3013	95.2062	742.0307	94.8987	753.3030	94.8548	
01/08/2017	01:02:40	019004	H421187842GLR	L421	S		708.6995	1.0233	20.4829	99.9195	40.0207	0.8230	0.8262	5.0000	19.8029	815.1366	94.6131	11.0413	24.4000	0.9300	0.9405	0.7097	-0.0024	815.0000	815.0869	1.0339	-3.5390	100.0014	40.0512	0.8230	0.8225	5.0000	-9999.0000	-9999.0000	-9999.0000	-9999.0000	-9999.0000	-9999.0000	25.6434	4	0	26.5732	1.0000	99	9	-9999.0000	41466	25403	-9999	1334	1281	-9999	556.9407	5	0.6814	0.7097	-0.0024	53.3161	4.4783	732.8093	366.2047	33.6978	648.9374	95.2941	730.8558	94.7889	744.0838	94.7010	754.3058	94.8767	
01/08/2017	01:03:05	019004	H421187831GLR	L421	S		691.6315	1.0233	15.1291	99.8525	39.9683	0.8230	0.8260	5.0000	19.9523	815.1230	94.8767	12.7915	24.3000	0.9300	0.9404	0.7114	-0.0025	815.0000	812.5445	1.0339	-3.4665	100.0276	40.0512	0.8230	0.8225	5.0000	-9999.0000	-9999.0000	-9999.0000	-9999.0000	-9999.0000	-9999.0000	23.2319	5	0	24.7128	1.0000	99	9	-9999.0000	41467	25404	-9999	1335	1282	-9999	553.4435	5	0.6814	0.7114	-0.0025	58.6895	4.0281	666.4273	379.6755	35.0159	556.3530	96.2826	658.6612	94.9207	725.5355	94.7669	735.9000	94.8548	
01/08/2017	01:03:30	019004	H421187832GLR	L421	S		700.3439	1.0233	17.8619	99.9974	40.0177	0.8230	0.8258	5.0000	20.8617	815.0975	94.5253	12.6713	24.3000	0.9300	0.9405	0.7121	-0.0026	815.0000	815.1125	1.0339	-3.5397	100.0504	40.0926	0.8230	0.8225	5.0000	-9999.0000	-9999.0000	-9999.0000	-9999.0000	-9999.0000	-9999.0000	21.0726	6	0	25.2527	1.0000	99	9	-9999.0000	41468	25405	-9999	1336	1283	-9999	553.6473	5	0.6813	0.7121	-0.0026	56.7835	4.1896	721.0464	373.0591	36.0483	640.2678	95.5797	719.2174	95.0744	731.6176	94.8767	741.3206	94.8767	
01/08/2017	01:03:55	019004	H421187853GLR	L421	S		708.8616	1.0233	20.5337	100.0662	40.0512	0.8230	0.8260	5.0000	20.1514	815.1703	94.5253	11.3616	24.3000	0.9300	0.9404	0.7110	-0.0025	815.0000	814.0041	1.0339	-3.5081	100.0684	40.0959	0.8230	0.8226	5.0000	-9999.0000	-9999.0000	-9999.0000	-9999.0000	-9999.0000	-9999.0000	20.8217	7	0	25.2030	1.0000	99	9	-9999.0000	41469	25406	-9999	1337	1284	-9999	556.4416	5	0.6815	0.7110	-0.0025	54.2222	4.4297	727.6379	380.1313	36.0483	645.8749	95.5577	725.8533	95.0085	738.7197	94.8108	750.0262	94.8328	
01/08/2017	01:04:25	019004	H421187862GLR	L421	S		709.8312	1.0233	20.8379	100.4009	40.0490	0.8230	0.8256	5.0000	21.5326	815.1803	94.5692	10.2004	24.4000	0.9300	0.9404	0.7109	-0.0025	815.0000	814.9569	1.0339	-3.5353	100.0555	40.1065	0.8230	0.8226	5.0000	-9999.0000	-9999.0000	-9999.0000	-9999.0000	-9999.0000	-9999.0000	20.8119	8	0	29.8530	1.0000	99	9	-9999.0000	41469	25407	-9999	1338	1285	-9999	558.8395	5	0.6815	0.7109	-0.0025	57.1303	4.1938	735.0889	369.4577	34.8182	646.8426	95.5138	732.8067	94.9207	746.6432	94.7889	757.9509	94.8548	
01/08/2017	01:04:50	019004	H421187866GLR	L421	S		708.6843	1.0233	20.4781	99.8044	40.0404	0.8230	0.8259	5.0000	20.0519	815.1084	94.7230	10.9309	24.3000	0.9300	0.9403	0.7077	-0.0022	815.0000	816.1658	1.0339	-3.5698	99.9738	40.0512	0.8230	0.8225	5.0000	-9999.0000	-9999.0000	-9999.0000	-9999.0000	-9999.0000	-9999.0000	26.5535	1	0	25.3631	1.0000	99	9	-9999.0000	41470	25408	-9999	1339	1286	-9999	557.0977	5	0.6814	0.7077	-0.0022	29.3350	6.6446	734.3590	374.5654	35.2355	649.0002	95.3380	732.4643	94.8328	746.2824	94.7449	756.2088	94.8328	
01/08/2017	01:05:15	019004	H421187852GLR	L421	S		701.7296	1.0233	18.2966	100.2303	40.0285	0.8230	0.8257	5.0000	20.7825	815.1400	94.6351	11.6810	24.3000	0.9300	0.9404	0.7079	-0.0023	815.0000	816.6394	1.0339	-3.5833	100.0721	40.1243	0.8230	0.8227	5.0000	-9999.0000	-9999.0000	-9999.0000	-9999.0000	-9999.0000	-9999.0000	21.2123	2	0	25.0234	1.0000	99	9	-9999.0000	41471	25409	-9999	1340	1287	-9999	555.7445	5	0.6813	0.7079	-0.0023	23.9358	7.1305	731.7974	377.7206	35.4772	645.8853	95.4039	730.5695	95.0305	741.2168	94.8328	751.2169	94.8548	
01/08/2017	01:05:42	019004	H421187846GLR	L421	S		710.6906	1.0233	21.1075	99.9632	40.0076	0.8230	0.8260	5.0000	19.8917	815.1100	94.5033	11.2219	24.3000	0.9300	0.9404	0.7077	-0.0022	815.0000	816.9985	1.0339	-3.5936	100.0332	40.1032	0.8230	0.8225	5.0000	-9999.0000	-9999.0000	-9999.0000	-9999.0000	-9999.0000	-9999.0000	21.5131	3	0	26.5223	1.0000	99	9	-9999.0000	41472	25410	-9999	1341	1288	-9999	556.6331	5	0.6814	0.7077	-0.0022	24.6304	7.0921	733.4521	378.2819	35.6749	647.0807	95.5577	731.7045	95.0525	744.5446	94.8548	754.6066	94.8328	
01/08/2017	01:06:07	019004	H421187848GLR	L421	S		706.3188	1.0233	19.7361	100.0004	40.0512	0.8230	0.8259	5.0000	20.3918	815.1671	94.5692	11.2405	24.3000	0.9300	0.9404	0.7111	-0.0025	815.0000	815.4002	1.0339	-3.5479	100.0121	40.0781	0.8230	0.8225	5.0000	-9999.0000	-9999.0000	-9999.0000	-9999.0000	-9999.0000	-9999.0000	23.1422	4	0	25.0526	1.0000	99	9	-9999.0000	41473	25411	-9999	1342	1289	-9999	556.7556	5	0.6816	0.7111	-0.0025	36.5431	6.0909	728.5524	365.7304	35.0378	642.4212	95.4039	726.5893	94.9207	739.9766	94.7669	750.4810	94.8328	
01/08/2017	01:06:32	019004	H421187858GLR	L421	S		707.1721	1.0233	20.0038	100.0245	40.0306	0.8230	0.8258	5.0000	20.6224	815.1732	94.5692	11.4915	24.4000	0.9300	0.9406	0.7075	-0.0022	815.0000	814.9605	1.0339	-3.5354	100.0435	40.1161	0.8230	0.8225	5.0000	-9999.0000	-9999.0000	-9999.0000	-9999.0000	-9999.0000	-9999.0000	21.7924	5	0	25.0829	1.0000	99	9	-9999.0000	41474	25412	-9999	1343	1289	-9999	556.2206	5	0.6817	0.7075	-0.0022	33.4611	6.3946	729.1207	368.6855	35.4113	646.2228	95.4698	727.1402	94.9646	741.6357	94.8108	751.9387	94.8328	
01/08/2017	01:07:01	019004	H421187868GLR	L421	S		701.6755	1.0233	18.2797	99.9070	40.0471	0.8230	0.8260	5.0000	19.9816	815.1066	94.5253	11.4612	24.4000	0.9300	0.9406	0.7072	-0.0022	815.0000	815.3656	1.0339	-3.5470	100.0356	40.1407	0.8230	0.8226	5.0000	-9999.0000	-9999.0000	-9999.0000	-9999.0000	-9999.0000	-9999.0000	20.6730	6	0	28.6536	1.0000	99	9	-9999.0000	41475	25413	-9999	1344	1290	-9999	556.1969	5	0.6816	0.7072	-0.0022	31.6370	6.5980	730.1563	376.1128	35.1696	646.5842	95.4918	728.5216	95.0744	740.0212	94.8767	749.8698	94.8328	
01/08/2017	01:07:26	019004	H421187921GLR	L421	S		708.2269	1.0233	20.3347	99.9676	40.0437	0.8230	0.8260	5.0000	20.0519	815.1617	94.5253	11.6712	24.4000	0.9300	0.9407	0.7059	-0.0021	815.0000	817.8389	1.0339	-3.6175	100.0239	40.0512	0.8230	0.8224	5.0000	-9999.0000	-9999.0000	-9999.0000	-9999.0000	-9999.0000	-9999.0000	25.3622	7	0	25.0224	1.0000	99	9	-9999.0000	41476	25414	-9999	1345	1291	-9999	555.8010	5	0.6815	0.7059	-0.0021	34.3028	6.3935	736.7496	396.0719	36.1801	658.1381	95.6017	735.0678	94.9866	747.2575	94.8108	757.1392	94.8767	
01/08/2017	01:07:52	019004	H421187878GLR	L421	S		707.2940	1.0233	20.0420	100.2003	40.0285	0.8230	0.8261	5.0000	19.8518	815.1136	94.4594	11.1507	24.4000	0.9300	0.9406	0.7060	-0.0021	815.0000	816.0028	1.0339	-3.5651	100.0416	40.1538	0.8230	0.8226	5.0000	-9999.0000	-9999.0000	-9999.0000	-9999.0000	-9999.0000	-9999.0000	20.3625	8	0	25.9930	1.0000	99	9	-9999.0000	41477	25415	-9999	1346	1292	-9999	556.6609	5	0.6816	0.7060	-0.0021	35.3139	6.3158	735.3978	392.4368	36.6854	660.0206	95.6456	733.7369	95.0964	745.6700	94.8987	755.6055	94.8767	
01/08/2017	01:08:18	019004	H421187892GLR	L421	S		698.1693	1.0233	17.1798	100.1337	40.0437	0.8230	0.8260	5.0000	19.9729	815.1052	94.5253	11.4720	24.4000	0.9300	0.9406	0.7062	-0.0021	815.0000	814.6095	1.0339	-3.5254	100.0599	40.1290	0.8230	0.8226	5.0000	-9999.0000	-9999.0000	-9999.0000	-9999.0000	-9999.0000	-9999.0000	21.3422	1	0	26.4629	1.0000	99	9	-9999.0000	41478	25416	-9999	1347	1293	-9999	556.1265	5	0.6816	0.7062	-0.0021	34.9328	6.3554	729.8311	378.8231	35.5650	645.9964	95.6017	728.1974	95.1184	740.4698	94.8767	750.8369	94.8328	
01/08/2017	01:08:44	019004	H421187885GLR	L421	S		708.1637	1.0233	20.3148	100.1426	40.0445	0.8230	0.8260	5.0000	20.1330	815.1223	94.4594	11.2122	24.3000	0.9300	0.9405	0.7055	-0.0020	815.0000	815.4963	1.0339	-3.5507	100.0042	40.1301	0.8230	0.8225	5.0000	-9999.0000	-9999.0000	-9999.0000	-9999.0000	-9999.0000	-9999.0000	22.8324	2	0	26.0428	1.0000	99	9	-9999.0000	41479	25417	-9999	1348	1294	-9999	556.5809	5	0.6817	0.7055	-0.0020	27.9262	7.0065	733.2812	379.4306	35.4991	646.8549	95.4039	731.3132	94.8987	744.5860	94.7889	754.5400	94.8767	
01/08/2017	01:09:13	019004	H421187882GLR	L421	S		708.7388	1.0233	20.4952	100.3643	40.0459	0.8230	0.8258	5.0000	20.6722	815.1753	94.5472	10.9612	24.3000	0.9300	0.9404	0.7052	-0.0020	815.0000	815.6479	1.0339	-3.5550	100.0003	40.1473	0.8230	0.8225	5.0000	-9999.0000	-9999.0000	-9999.0000	-9999.0000	-9999.0000	-9999.0000	22.7827	3	0	28.5930	1.0000	99	9	-9999.0000	41480	25418	-9999	1349	1295	-9999	556.9447	5	0.6816	0.7052	-0.0020	28.7583	6.9452	734.8424	362.7890	36.0044	651.3114	95.3820	732.9033	94.8548	745.9935	94.7449	756.2575	94.8548	
01/08/2017	01:09:38	019004	H421187902GLR	L421	S		693.1755	1.0233	15.6134	100.4326	40.0512	0.8230	0.8261	5.0000	20.0118	815.1421	94.7669	12.3812	24.3000	0.9300	0.9404	0.7046	-0.0020	815.0000	814.0304	1.0339	-3.5089	99.9946	40.1161	0.8230	0.8224	5.0000	-9999.0000	-9999.0000	-9999.0000	-9999.0000	-9999.0000	-9999.0000	25.0635	4	0	24.9129	1.0000	99	9	-9999.0000	41481	25419	-9999	1350	1296	-9999	554.6155	5	0.6816	0.7046	-0.0020	28.9305	6.9524	725.3902	374.2893	34.2470	640.5055	95.6236	723.4143	95.2282	736.2815	94.9426	746.2066	94.8328	
01/08/2017	01:10:02	019004	H421187909GLR	L421	S		697.1108	1.0233	16.8478	99.7319	40.0142	0.8230	0.8260	5.0000	19.9318	815.1055	94.4594	11.4407	24.3000	0.9300	0.9404	0.7048	-0.0020	815.0000	813.2077	1.0339	-3.4854	100.0373	40.1538	0.8230	0.8225	5.0000	-9999.0000	-9999.0000	-9999.0000	-9999.0000	-9999.0000	-9999.0000	21.6527	5	0	24.7725	1.0000	99	9	-9999.0000	41482	25420	-9999	1351	1296	-9999	556.1455	5	0.6817	0.7048	-0.0020	29.9403	6.9040	729.7787	373.2184	34.5545	643.7814	95.6456	728.0182	95.2282	740.3684	94.9207	751.4500	94.8548	
01/08/2017	01:10:28	019004	H421187908GLR	L421	S		700.2194	1.0233	17.8229	100.0676	40.0355	0.8230	0.8258	5.0000	20.6029	815.0956	94.5472	11.8812	24.3000	0.9300	0.9404	0.7042	-0.0019	815.0000	814.0365	1.0339	-3.5090	100.0436	40.1430	0.8230	0.8225	5.0000	-9999.0000	-9999.0000	-9999.0000	-9999.0000	-9999.0000	-9999.0000	21.4428	6	0	25.7029	1.0000	99	9	-9999.0000	41483	25421	-9999	1352	1297	-9999	555.4196	5	0.6817	0.7042	-0.0019	32.3234	6.7092	729.0926	371.1733	35.5211	645.0503	95.7335	727.0836	95.2062	739.2928	94.9426	747.4631	94.8548	
01/08/2017	01:10:53	019004	H421187888GLR	L421	S		701.4618	1.0233	18.2126	99.8232	40.0306	0.8230	0.8257	5.0000	20.9427	815.1407	94.4594	11.5218	24.2000	0.9300	0.9404	0.7032	-0.0018	815.0000	813.5289	1.0339	-3.4945	100.0424	40.1440	0.8230	0.8226	5.0000	-9999.0000	-9999.0000	-9999.0000	-9999.0000	-9999.0000	-9999.0000	20.7923	7	0	25.2832	1.0000	99	9	-9999.0000	41484	25422	-9999	1353	1298	-9999	556.0260	5	0.6818	0.7032	-0.0018	27.3159	7.1638	730.5321	379.5159	35.7188	646.6879	95.5797	728.5992	95.1184	741.4283	94.8987	751.2637	94.8548	
01/08/2017	01:11:18	019004	H421187889GLR	L421	S		707.8384	1.0233	20.2128	100.1769	40.0257	0.8230	0.8256	5.0000	21.3724	815.1071	94.5033	10.9416	24.3000	0.9300	0.9404	0.7025	-0.0018	815.0000	814.2412	1.0339	-3.5149	100.0509	40.1538	0.8230	0.8226	5.0000	-9999.0000	-9999.0000	-9999.0000	-9999.0000	-9999.0000	-9999.0000	21.0530	8	0	24.7322	1.0000	99	9	-9999.0000	41485	25423	-9999	1354	1299	-9999	556.8803	5	0.6817	0.7025	-0.0018	24.2615	7.4591	735.0195	373.2539	34.8182	648.1209	95.6017	733.1171	95.1403	747.0662	94.8767	756.8318	94.8548	
01/08/2017	01:11:43	019004	H421187910GLR	L421	S		705.2510	1.0233	19.4012	99.8042	40.0295	0.8230	0.8255	5.0000	21.3929	815.1300	94.5912	10.9719	24.2000	0.9300	0.9404	0.7023	-0.0018	815.0000	814.2555	1.0339	-3.5153	100.0542	40.1538	0.8230	0.8226	5.0000	-9999.0000	-9999.0000	-9999.0000	-9999.0000	-9999.0000	-9999.0000	21.4621	1	0	24.7731	1.0000	99	9	-9999.0000	41486	25424	-9999	1355	1300	-9999	556.8719	5	0.6817	0.7023	-0.0018	27.7793	7.1891	735.6684	377.8853	34.6424	648.4197	95.3820	733.7015	94.8987	746.7590	94.7449	756.9985	94.8108	
01/08/2017	01:12:15	019004	H421187890GLR	L421	S		704.0562	1.0233	19.0264	99.9589	40.0396	0.8230	0.8260	5.0000	20.0226	815.0905	94.6131	12.0814	24.2000	0.9300	0.9404	0.7016	-0.0017	815.0000	815.6351	1.0339	-3.5547	100.0613	40.1538	0.8230	0.8226	5.0000	-9999.0000	-9999.0000	-9999.0000	-9999.0000	-9999.0000	-9999.0000	21.0520	2	0	31.8931	1.0000	99	9	-9999.0000	41487	25425	-9999	1356	1301	-9999	555.3023	5	0.6818	0.7016	-0.0017	22.4172	7.6683	729.9890	378.3683	34.6864	648.8665	95.4039	728.5981	94.9646	740.8457	94.8108	750.3375	94.8548	
01/08/2017	01:12:40	019004	H421187926GLR	L421	S		691.2054	1.0233	14.9954	100.1736	40.0187	0.8230	0.8256	5.0000	21.5326	815.1435	94.4594	11.4212	24.2000	0.9300	0.9404	0.7018	-0.0017	815.0000	814.5470	1.0339	-3.5236	99.9762	40.0774	0.8230	0.8224	5.0000	-9999.0000	-9999.0000	-9999.0000	-9999.0000	-9999.0000	-9999.0000	28.6434	3	0	25.3136	1.0000	99	9	-9999.0000	41488	25426	-9999	1357	1302	-9999	556.2886	5	0.6819	0.7018	-0.0017	23.2077	7.6264	732.7278	379.9562	35.8946	647.3828	95.5797	730.8584	95.0964	743.5224	94.8767	753.5331	94.8548	
01/08/2017	01:13:05	019004	H421188480GLR	L421	S		709.3835	1.0233	20.6975	100.0139	40.0496	0.8230	0.8257	5.0000	20.7317	815.1063	94.5472	10.8020	24.2000	0.9300	0.9404	0.7021	-0.0017	815.0000	815.4854	1.0339	-3.5504	100.0780	40.1538	0.8230	0.8225	5.0000	-9999.0000	-9999.0000	-9999.0000	-9999.0000	-9999.0000	-9999.0000	21.7718	4	0	24.8022	1.0000	99	9	-9999.0000	41489	25427	-9999	1358	1303	-9999	557.2134	5	0.6820	0.7021	-0.0017	21.0030	7.8342	738.5023	370.8329	34.2250	652.1138	95.3600	736.7049	94.8767	749.8156	94.7449	760.2910	94.8548	
01/08/2017	01:13:30	019004	H421188487GLR	L421	S		709.2017	1.0233	20.6404	99.8733	40.0512	0.8230	0.8257	5.0000	20.8322	815.1529	94.5912	10.5012	24.2000	0.9300	0.9405	0.7030	-0.0018	815.0000	814.4117	1.0339	-3.5197	100.0643	40.1538	0.8230	0.8226	5.0000	-9999.0000	-9999.0000	-9999.0000	-9999.0000	-9999.0000	-9999.0000	20.4123	5	0	25.0032	1.0000	99	9	-9999.0000	41490	25428	-9999	1359	1304	-9999	557.7905	5	0.6821	0.7030	-0.0018	23.9491	7.6046	737.9917	372.4621	34.7742	653.4060	95.4039	735.9858	94.9426	749.3080	94.7669	759.7789	94.8108	
01/08/2017	01:13:55	019004	H421188483GLR	L421	S		705.1971	1.0233	19.3843	100.2285	40.0512	0.8230	0.8257	5.0000	20.9221	815.1768	94.6571	11.6409	24.2000	0.9300	0.9405	0.7031	-0.0018	815.0000	815.2156	1.0339	-3.5427	100.0566	40.1538	0.8230	0.8226	5.0000	-9999.0000	-9999.0000	-9999.0000	-9999.0000	-9999.0000	-9999.0000	21.2728	6	0	25.4623	1.0000	99	9	-9999.0000	41491	25429	-9999	1360	1305	-9999	556.1126	5	0.6820	0.7031	-0.0018	27.1776	7.3263	730.3294	368.4729	34.3349	645.5205	95.5138	728.5566	95.1184	742.4077	94.8987	750.8495	94.8328	
01/08/2017	01:14:22	019004	H421187907GLR	L421	S		700.2605	1.0233	17.8358	100.1294	40.0502	0.8230	0.8256	5.0000	21.1319	815.1045	94.4594	11.6712	24.2000	0.9300	0.9404	0.7032	-0.0018	815.0000	813.5017	1.0339	-3.4938	100.0231	40.1538	0.8230	0.8225	5.0000	-9999.0000	-9999.0000	-9999.0000	-9999.0000	-9999.0000	-9999.0000	22.2233	7	0	26.6729	1.0000	99	9	-9999.0000	41492	25430	-9999	1361	1306	-9999	556.0474	5	0.6821	0.7032	-0.0018	28.5986	7.2437	729.2922	366.3200	35.1037	643.0459	95.4918	727.4168	95.0525	741.2302	94.8767	751.0567	94.8767	
01/08/2017	01:14:48	019004	H421187906GLR	L421	S		704.8167	1.0233	19.2650	100.3391	40.0512	0.8230	0.8260	5.0000	19.8712	815.1160	94.5033	11.1819	24.2000	0.9300	0.9405	0.7019	-0.0017	815.0000	816.3606	1.0339	-3.5754	100.0564	40.1538	0.8230	0.8226	5.0000	-9999.0000	-9999.0000	-9999.0000	-9999.0000	-9999.0000	-9999.0000	21.2620	8	0	25.5634	1.0000	99	9	-9999.0000	41493	25431	-9999	1362	1307	-9999	556.7614	5	0.6822	0.7019	-0.0017	23.7891	7.6576	736.6982	384.9676	35.8726	661.0177	95.7774	735.0359	95.1623	747.6175	94.8328	757.8699	94.8328	
01/08/2017	01:15:13	019004	H421188507GLR	L421	S		709.6899	1.0233	20.7936	100.2386	40.0392	0.8230	0.8261	5.0000	19.6426	815.1612	94.5253	10.6516	24.3000	0.9300	0.9406	0.7016	-0.0017	815.0000	814.7261	1.0339	-3.5287	100.0467	40.1538	0.8230	0.8225	5.0000	-9999.0000	-9999.0000	-9999.0000	-9999.0000	-9999.0000	-9999.0000	20.9729	1	0	25.0526	1.0000	99	9	-9999.0000	41494	25432	-9999	1363	1308	-9999	557.5731	5	0.6824	0.7016	-0.0017	28.5004	7.2309	739.3027	395.4275	37.0588	662.8052	95.5577	737.2664	94.8987	749.6982	94.7669	759.8973	94.8548	
01/08/2017	01:15:38	019004	H421188497GLR	L421	S		707.0617	1.0233	19.9692	99.9232	40.0369	0.8230	0.8261	5.0000	19.8624	815.1503	94.6351	11.2210	24.2000	0.9300	0.9405	0.7020	-0.0017	815.0000	814.0970	1.0339	-3.5108	100.0699	40.1538	0.8230	0.8226	5.0000	-9999.0000	-9999.0000	-9999.0000	-9999.0000	-9999.0000	-9999.0000	21.0716	2	0	24.9227	1.0000	99	9	-9999.0000	41495	25433	-9999	1364	1309	-9999	556.7947	5	0.6825	0.7020	-0.0017	36.5067	6.5039	732.8431	371.6373	36.0044	647.8454	95.4698	731.0865	94.9426	743.9047	94.7889	753.9390	94.8328	
01/08/2017	01:16:03	019004	H421188493GLR	L421	S		705.8872	1.0233	19.6008	99.8992	40.0250	0.8230	0.8254	5.0000	21.9233	815.1017	94.8767	12.8110	24.3000	0.9300	0.9407	0.7021	-0.0017	815.0000	817.0345	1.0339	-3.5946	99.9939	40.1538	0.8230	0.8226	5.0000	-9999.0000	-9999.0000	-9999.0000	-9999.0000	-9999.0000	-9999.0000	20.4924	3	0	25.7930	1.0000	99	9	-9999.0000	41496	25434	-9999	1365	1310	-9999	554.5388	5	0.6825	0.7021	-0.0017	36.3558	6.5160	731.9615	378.4022	36.1362	649.0386	95.5577	730.4116	95.1403	739.8768	94.9426	747.5017	94.8767	
01/08/2017	01:16:28	019004	H421188500GLR	L421	S		702.3878	1.0233	18.5031	100.1910	40.0424	0.8230	0.8260	5.0000	19.9329	815.1398	94.4154	11.9915	24.4000	0.9300	0.9408	0.7035	-0.0018	815.0000	814.4365	1.0339	-3.5204	100.0687	40.1538	0.8230	0.8225	5.0000	-9999.0000	-9999.0000	-9999.0000	-9999.0000	-9999.0000	-9999.0000	22.1128	4	0	24.8424	1.0000	99	9	-9999.0000	41497	25435	-9999	1366	1311	-9999	555.6149	5	0.6825	0.7035	-0.0018	41.2885	6.0810	730.6725	375.1702	34.7962	648.7096	95.7994	729.1885	95.4039	741.2446	95.0525	749.1744	94.8987	
01/08/2017	01:16:54	019004	H421188490GLR	L421	S		703.4426	1.0233	18.8340	100.1318	40.0512	0.8230	0.8260	5.0000	19.9220	815.1469	94.5253	11.0618	24.3000	0.9300	0.9407	0.7042	-0.0019	815.0000	814.1456	1.0339	-3.5121	100.0299	40.1538	0.8230	0.8227	5.0000	-9999.0000	-9999.0000	-9999.0000	-9999.0000	-9999.0000	-9999.0000	20.3626	5	0	25.6533	1.0000	99	9	-9999.0000	41498	25436	-9999	1367	1312	-9999	557.0630	5	0.6826	0.7042	-0.0019	39.3236	6.2358	734.0817	373.3066	34.9719	645.9783	95.7115	732.4728	95.1623	745.3311	94.8987	755.0377	94.8767	
01/08/2017	01:17:19	019004	H421188523GLR	L421	S		703.2774	1.0233	18.7821	99.9382	40.0512	0.8230	0.8258	5.0000	20.6018	815.1355	94.5692	11.3216	24.3000	0.9300	0.9406	0.7045	-0.0019	815.0000	814.0488	1.0339	-3.5094	100.0219	40.1538	0.8230	0.8225	5.0000	-9999.0000	-9999.0000	-9999.0000	-9999.0000	-9999.0000	-9999.0000	22.0229	6	0	25.2223	1.0000	99	9	-9999.0000	41499	25437	-9999	1368	1313	-9999	556.6894	5	0.6826	0.7045	-0.0019	39.6038	6.2134	731.6250	386.9917	37.6959	655.0724	95.6236	729.8350	94.9866	742.0790	94.8328	750.6999	94.8767	
01/08/2017	01:17:45	019004	H421188514GLR	L421	S		704.3703	1.0233	19.1249	100.0764	40.0469	0.8230	0.8257	5.0000	21.1820	815.1928	94.5033	11.5814	24.3000	0.9300	0.9405	0.7083	-0.0023	815.0000	815.1143	1.0339	-3.5398	100.0245	40.1538	0.8230	0.8225	5.0000	-9999.0000	-9999.0000	-9999.0000	-9999.0000	-9999.0000	-9999.0000	21.9525	7	0	25.6630	1.0000	99	9	-9999.0000	41500	25438	-9999	1369	1314	-9999	556.1954	5	0.6825	0.7083	-0.0023	55.2711	4.7896	728.6887	361.6353	34.5326	645.5041	95.5138	726.8586	95.0744	738.9120	94.8767	749.4644	94.8767	
01/08/2017	01:18:15	019004	H421188517GLR	L421	S		706.7885	1.0233	19.8835	99.7784	40.0465	0.8230	0.8260	5.0000	20.0119	815.1337	94.5033	11.2913	24.3000	0.9300	0.9405	0.7065	-0.0021	815.0000	814.4636	1.0339	-3.5212	100.0067	40.1538	0.8230	0.8226	5.0000	-9999.0000	-9999.0000	-9999.0000	-9999.0000	-9999.0000	-9999.0000	20.7621	8	0	29.8930	1.0000	99	9	-9999.0000	41501	25439	-9999	1370	1315	-9999	556.7129	5	0.6826	0.7065	-0.0021	49.9257	5.2734	729.9669	370.6818	34.9280	644.5157	95.6236	728.2873	95.1403	740.7143	94.8987	750.9897	94.8548	
01/08/2017	01:18:41	019004	H421188511GLR	L421	S		701.3948	1.0233	18.1916	99.9008	40.0410	0.8230	0.8256	5.0000	21.1429	815.1520	94.5253	11.0608	24.3000	0.9300	0.9406	0.7069	-0.0021	815.0000	815.7383	1.0339	-3.5576	99.9949	40.1440	0.8230	0.8224	5.0000	-9999.0000	-9999.0000	-9999.0000	-9999.0000	-9999.0000	-9999.0000	26.5333	1	0	26.1233	1.0000	99	9	-9999.0000	41502	25440	-9999	1371	1316	-9999	557.1195	5	0.6827	0.7069	-0.0021	48.9912	5.3817	735.1224	372.6100	34.1591	648.9350	95.5358	732.9402	95.0964	746.5260	94.8767	756.7154	94.8328	
01/08/2017	01:19:06	019004	H421188503GLR	L421	S		706.1223	1.0233	19.6745	99.8899	40.0469	0.8230	0.8260	5.0000	19.9826	815.1488	94.5253	11.4114	24.4000	0.9300	0.9406	0.7057	-0.0020	815.0000	816.1466	1.0339	-3.5693	100.0440	40.1538	0.8230	0.8226	5.0000	-9999.0000	-9999.0000	-9999.0000	-9999.0000	-9999.0000	-9999.0000	20.5023	2	0	25.1626	1.0000	99	9	-9999.0000	41503	25441	-9999	1372	1317	-9999	556.5250	5	0.6826	0.7057	-0.0020	41.9258	6.0102	732.7734	372.1091	35.1477	649.1787	95.4479	730.9930	94.9866	744.0859	94.8328	753.9893	94.8548	
01/08/2017	01:19:33	019004	H421188530GLR	L421	S		702.4391	1.0233	18.5192	99.9955	40.0512	0.8230	0.8257	5.0000	20.7825	815.1100	94.5033	11.9808	24.3000	0.9300	0.9406	0.7065	-0.0021	815.0000	813.9640	1.0339	-3.5070	100.0590	40.1538	0.8230	0.8226	5.0000	-9999.0000	-9999.0000	-9999.0000	-9999.0000	-9999.0000	-9999.0000	20.8820	3	0	26.9424	1.0000	99	9	-9999.0000	41504	25442	-9999	1373	1318	-9999	555.5688	5	0.6826	0.7065	-0.0021	40.9598	6.0933	725.4522	368.4911	35.6529	641.5417	95.5138	723.8772	95.0744	735.4812	94.8767	745.0934	94.8767	
01/08/2017	01:19:58	019004	H421188527GLR	L421	S		699.8161	1.0233	17.6964	100.0681	40.0512	0.8230	0.8257	5.0000	20.9222	815.1061	94.4374	11.8607	24.3000	0.9300	0.9405	0.7058	-0.0020	815.0000	814.0424	1.0339	-3.5092	100.0189	40.1311	0.8230	0.8224	5.0000	-9999.0000	-9999.0000	-9999.0000	-9999.0000	-9999.0000	-9999.0000	23.4428	4	0	24.7527	1.0000	99	9	-9999.0000	41505	25443	-9999	1374	1319	-9999	555.8670	5	0.6827	0.7058	-0.0020	45.8046	5.6415	726.0051	365.5016	34.0493	643.4405	95.4479	724.1106	94.9866	738.2044	94.8108	748.7618	94.8767	
01/08/2017	01:20:25	019004	H421188520GLR	L421	S		698.8518	1.0233	17.3939	100.0390	40.0480	0.8230	0.8256	5.0000	21.3625	815.0805	94.5692	12.2914	24.3000	0.9300	0.9404	0.7058	-0.0020	815.0000	814.8282	1.0339	-3.5316	100.0451	40.1538	0.8230	0.8227	5.0000	-9999.0000	-9999.0000	-9999.0000	-9999.0000	-9999.0000	-9999.0000	20.3118	5	0	27.7736	1.0000	99	9	-9999.0000	41506	25444	-9999	1375	1320	-9999	555.1413	5	0.6827	0.7058	-0.0020	51.0105	5.2033	724.4215	365.2885	33.9395	644.4634	95.4698	722.6265	95.0964	735.2256	94.8987	744.5638	94.8548	
01/08/2017	01:20:51	019004	H421188539GLR	L421	S		699.9620	1.0233	17.7422	99.8150	40.0512	0.8230	0.8260	5.0000	19.8322	815.1167	94.4374	11.6507	24.2000	0.9300	0.9404	0.7061	-0.0020	815.0000	814.5645	1.0339	-3.5241	100.0290	40.1538	0.8230	0.8224	5.0000	-9999.0000	-9999.0000	-9999.0000	-9999.0000	-9999.0000	-9999.0000	24.0828	6	0	26.0724	1.0000	99	9	-9999.0000	41507	25445	-9999	1376	1321	-9999	556.2362	5	0.6827	0.7061	-0.0020	51.5911	5.1520	728.1400	370.5883	34.9280	641.4927	95.6236	726.1510	95.1184	739.4656	94.8987	748.8472	94.8767	
01/08/2017	01:21:17	019004	H421188524GLR	L421	S		701.3730	1.0233	18.1848	100.1497	40.0490	0.8230	0.8257	5.0000	20.8223	815.1075	94.4813	11.8812	24.2000	0.9300	0.9405	0.7052	-0.0020	815.0000	814.6437	1.0339	-3.5264	100.0220	40.1538	0.8230	0.8225	5.0000	-9999.0000	-9999.0000	-9999.0000	-9999.0000	-9999.0000	-9999.0000	22.2621	7	0	26.1530	1.0000	99	9	-9999.0000	41508	25446	-9999	1377	1322	-9999	555.9021	5	0.6827	0.7052	-0.0020	55.5954	4.8007	729.6131	371.0766	34.7742	644.1361	95.6236	728.1030	95.1403	738.8109	94.8987	747.4808	94.8987	
01/08/2017	01:21:42	019004	H421188536GLR	L421	S		704.5653	1.0233	19.1861	99.9670	40.0512	0.8230	0.8257	5.0000	20.7424	815.0900	94.4594	11.2112	24.2000	0.9300	0.9404	0.7043	-0.0019	815.0000	815.3259	1.0339	-3.5458	100.0781	40.1538	0.8230	0.8226	5.0000	-9999.0000	-9999.0000	-9999.0000	-9999.0000	-9999.0000	-9999.0000	20.8224	8	0	24.7527	1.0000	99	9	-9999.0000	41509	25447	-9999	1378	1323	-9999	556.9741	5	0.6827	0.7043	-0.0019	53.0771	5.0177	732.6688	372.0618	33.8296	648.7264	95.3820	730.8290	94.9646	744.3294	94.7889	755.0043	94.8767	
01/08/2017	01:22:09	019004	H421188533GLR	L421	S		706.7458	1.0233	19.8701	99.9921	40.0512	0.8230	0.8257	5.0000	20.6819	815.1442	94.5253	11.1311	24.2000	0.9300	0.9404	0.7034	-0.0018	815.0000	814.2843	1.0339	-3.5161	100.0590	40.1538	0.8230	0.8226	5.0000	-9999.0000	-9999.0000	-9999.0000	-9999.0000	-9999.0000	-9999.0000	20.6320	1	0	26.4326	1.0000	99	9	-9999.0000	41510	25448	-9999	1379	1324	-9999	557.1949	5	0.6828	0.7034	-0.0018	45.7129	5.6804	735.0247	376.8355	34.2909	648.1430	95.4918	733.0391	95.0525	746.1058	94.8548	755.6034	94.8548	
01/08/2017	01:22:33	019004	H421187867GLR	L421	S		699.7339	1.0233	17.6706	100.0580	40.0512	0.8230	0.8257	5.0000	20.8314	815.0745	94.7230	12.5111	24.2000	0.9300	0.9405	0.7036	-0.0018	815.0000	816.0877	1.0339	-3.5676	100.0751	40.1538	0.8230	0.8226	5.0000	-9999.0000	-9999.0000	-9999.0000	-9999.0000	-9999.0000	-9999.0000	21.0227	2	0	24.7638	1.0000	99	9	-9999.0000	41511	25449	-9999	1380	1325	-9999	555.1088	5	0.6828	0.7036	-0.0018	49.0326	5.4049	726.7012	372.4968	34.2250	644.4002	95.4479	725.1280	95.0744	736.7763	94.8987	745.3903	94.8767	
01/08/2017	01:22:59	019004	H421187844GLR	L421	S		702.0097	1.0233	18.3845	99.9262	40.0512	0.8230	0.8260	5.0000	19.9619	815.1349	94.5253	12.2416	24.2000	0.9300	0.9405	0.7033	-0.0018	815.0000	817.4785	1.0339	-3.6073	99.9868	40.1538	0.8230	0.8226	5.0000	-9999.0000	-9999.0000	-9999.0000	-9999.0000	-9999.0000	-9999.0000	21.0122	3	0	25.6422	1.0000	99	9	-9999.0000	41512	25450	-9999	1381	1326	-9999	555.6182	5	0.6828	0.7033	-0.0018	46.1594	5.6411	731.1778	379.2626	35.4552	647.3815	95.7115	729.1962	95.2282	742.9085	94.9646	750.9773	94.8767	
01/08/2017	01:23:24	019004	H421187877GLR	L421	S		701.7492	1.0233	18.3028	99.9658	40.0250	0.8230	0.8254	5.0000	22.0325	815.1480	94.5033	11.1516	24.3000	0.9300	0.9406	0.7036	-0.0018	815.0000	814.8763	1.0339	-3.5330	100.0480	40.1538	0.8230	0.8226	5.0000	-9999.0000	-9999.0000	-9999.0000	-9999.0000	-9999.0000	-9999.0000	20.8127	4	0	25.0222	1.0000	99	9	-9999.0000	41513	25451	-9999	1382	1327	-9999	557.2554	5	0.6828	0.7036	-0.0018	50.7142	5.2554	733.3024	384.8735	35.1037	648.1054	95.6456	731.5632	95.1403	744.7461	94.8548	754.8088	94.8328	
01/08/2017	01:23:53	019004	H421187833GLR	L421	S		693.5351	1.0233	15.7262	100.2153	40.0412	0.8230	0.8261	5.0000	19.9221	815.1078	94.7449	12.6313	24.3000	0.9300	0.9406	0.7046	-0.0019	815.0000	813.3610	1.0339	-3.4898	100.0706	40.1538	0.8230	0.8226	5.0000	-9999.0000	-9999.0000	-9999.0000	-9999.0000	-9999.0000	-9999.0000	20.6027	5	0	29.0434	1.0000	99	9	-9999.0000	41514	25452	-9999	1383	1328	-9999	555.0274	5	0.6829	0.7046	-0.0019	52.8825	5.0659	721.5283	370.0064	36.1142	637.1425	95.7994	719.6111	95.2282	732.5437	94.9426	742.3021	94.8548	
01/08/2017	01:24:22	019004	H421187873GLR	L421	S		713.7704	1.0233	22.0735	100.0072	40.0467	0.8230	0.8260	5.0000	19.9328	815.1038	94.5253	11.1917	24.3000	0.9300	0.9406	0.7066	-0.0021	815.0000	814.7737	1.0339	-3.5301	100.0749	40.1538	0.8230	0.8226	5.0000	-9999.0000	-9999.0000	-9999.0000	-9999.0000	-9999.0000	-9999.0000	21.5824	6	0	29.1232	1.0000	99	9	-9999.0000	41515	25453	-9999	1384	1329	-9999	557.2355	5	0.6828	0.7066	-0.0021	57.7549	4.6265	733.8358	374.9887	33.9614	649.7934	95.6017	732.0582	95.2282	744.1365	94.9646	753.7454	94.8987	
01/08/2017	01:24:47	019004	H421187863GLR	L421	S		712.8418	1.0233	21.7822	99.7206	40.0512	0.8230	0.8260	5.0000	19.9123	815.1507	94.5253	11.6907	24.3000	0.9300	0.9406	0.7081	-0.0022	815.0000	816.3655	1.0339	-3.5755	99.9755	40.0946	0.8230	0.8224	5.0000	-9999.0000	-9999.0000	-9999.0000	-9999.0000	-9999.0000	-9999.0000	25.8230	7	0	24.9628	1.0000	99	9	-9999.0000	41516	25454	-9999	1385	1330	-9999	556.3232	5	0.6827	0.7081	-0.0022	54.3806	4.9117	733.1077	390.8203	36.3339	656.1204	95.7994	731.2346	95.1843	743.8137	94.8987	753.1292	94.8548	
01/08/2017	01:25:12	019004	H421187839GLR	L421	S		688.0893	1.0233	14.0180	99.9994	40.0406	0.8230	0.8262	5.0000	19.6418	815.1880	94.9207	13.4214	24.3000	0.9300	0.9406	0.7086	-0.0022	815.0000	811.4967	1.0339	-3.4366	100.0634	40.1538	0.8230	0.8226	5.0000	-9999.0000	-9999.0000	-9999.0000	-9999.0000	-9999.0000	-9999.0000	20.7522	8	0	24.6725	1.0000	99	9	-9999.0000	41517	25455	-9999	1386	1331	-9999	553.2039	5	0.6827	0.7086	-0.0022	59.0847	4.5091	711.5363	369.5785	35.9385	630.2728	95.7774	709.7458	95.3161	723.2239	94.9646	733.4218	94.8328	
01/08/2017	01:25:39	019004	H421187835GLR	L421	S		709.8513	1.0233	20.8442	99.9834	40.0512	0.8230	0.8260	5.0000	19.9231	815.1355	94.4813	11.9310	24.3000	0.9300	0.9406	0.7068	-0.0021	815.0000	815.6910	1.0339	-3.5563	100.0462	40.1538	0.8230	0.8226	5.0000	-9999.0000	-9999.0000	-9999.0000	-9999.0000	-9999.0000	-9999.0000	20.6018	1	0	27.4532	1.0000	99	9	-9999.0000	41518	25456	-9999	1387	1332	-9999	555.9388	5	0.6827	0.7068	-0.0021	53.7376	4.9814	730.9068	373.7830	34.0273	646.5807	95.5138	729.4791	95.1403	741.2151	94.8987	750.4573	94.8987	
01/08/2017	01:26:05	019004	H421187849GLR	L421	S		713.9604	1.0233	22.1331	100.1032	40.0512	0.8230	0.8259	5.0000	20.2717	815.1011	94.4813	11.9115	24.3000	0.9300	0.9406	0.7074	-0.0021	815.0000	816.8563	1.0339	-3.5895	100.0006	40.1368	0.8230	0.8224	5.0000	-9999.0000	-9999.0000	-9999.0000	-9999.0000	-9999.0000	-9999.0000	23.8922	2	0	25.5429	1.0000	99	9	-9999.0000	41519	25457	-9999	1388	1333	-9999	555.9512	5	0.6827	0.7074	-0.0021	54.3520	4.9247	733.6437	367.3107	36.0483	648.8316	95.7115	731.8578	95.0964	744.3128	94.8767	753.0473	94.8767	
01/08/2017	01:26:30	019004	H421187859GLR	L421	S		716.1923	1.0233	22.8332	99.8250	40.0512	0.8230	0.8259	5.0000	20.1622	815.1081	94.5912	12.2113	24.3000	0.9300	0.9405	0.7077	-0.0022	815.0000	816.8742	1.0339	-3.5900	100.0128	40.1538	0.8230	0.8225	5.0000	-9999.0000	-9999.0000	-9999.0000	-9999.0000	-9999.0000	-9999.0000	22.2033	3	0	25.2030	1.0000	99	9	-9999.0000	41520	25458	-9999	1389	1334	-9999	555.3921	5	0.6826	0.7077	-0.0022	51.9489	5.1306	732.6826	375.2708	35.5870	647.6979	95.6456	730.8769	95.1623	742.1141	94.9207	750.5978	94.8548	
01/08/2017	01:26:58	019004	H421187869GLR	L421	S		719.7729	1.0233	23.9564	99.9388	40.0512	0.8230	0.8260	5.0000	19.6320	815.1474	94.5912	10.4719	24.2000	0.9300	0.9405	0.7058	-0.0020	815.0000	815.0131	1.0339	-3.5369	100.0781	40.1538	0.8230	0.8225	5.0000	-9999.0000	-9999.0000	-9999.0000	-9999.0000	-9999.0000	-9999.0000	20.8920	4	0	27.5929	1.0000	99	9	-9999.0000	41521	25459	-9999	1390	1335	-9999	558.3819	5	0.6827	0.7058	-0.0020	46.2479	5.6330	740.1908	372.1211	35.2355	654.1755	95.3820	738.5065	94.9207	749.2419	94.8108	759.6932	94.8767	
01/08/2017	01:27:23	019004	H421187901GLR	L421	S		718.8659	1.0233	23.6719	99.9857	40.0306	0.8230	0.8258	5.0000	20.3021	815.1269	94.6790	11.0715	24.3000	0.9300	0.9406	0.7060	-0.0020	815.0000	815.2761	1.0339	-3.5444	100.0340	40.1380	0.8230	0.8224	5.0000	-9999.0000	-9999.0000	-9999.0000	-9999.0000	-9999.0000	-9999.0000	24.3425	5	0	25.4228	1.0000	99	9	-9999.0000	41521	25460	-9999	1391	1336	-9999	557.3966	5	0.6826	0.7060	-0.0020	46.2482	5.6296	735.9620	378.5325	34.4447	653.1136	95.4259	734.3063	94.8767	747.2513	94.7449	757.6421	94.8328	
01/08/2017	01:27:48	019004	H421187855GLR	L421	S		714.4934	1.0233	22.3003	99.9443	40.0371	0.8230	0.8259	5.0000	20.3822	815.1787	94.5692	11.5413	24.3000	0.9300	0.9405	0.7083	-0.0022	815.0000	816.6945	1.0339	-3.5849	100.0558	40.1538	0.8230	0.8226	5.0000	-9999.0000	-9999.0000	-9999.0000	-9999.0000	-9999.0000	-9999.0000	20.5324	6	0	25.3826	1.0000	99	9	-9999.0000	41522	25461	-9999	1392	1337	-9999	556.6308	5	0.6825	0.7083	-0.0022	48.8086	5.4027	732.0728	375.8276	36.0923	648.1353	95.4039	730.2039	94.9207	742.2850	94.8108	752.4328	94.8767	
01/08/2017	01:28:16	019004	H421187893GLR	L421	S		717.5683	1.0233	23.2648	99.9604	40.0512	0.8230	0.8258	5.0000	20.6829	815.2057	94.5253	11.4114	24.2000	0.9300	0.9405	0.7107	-0.0024	815.0000	814.8316	1.0339	-3.5317	100.0335	40.1538	0.8230	0.8227	5.0000	-9999.0000	-9999.0000	-9999.0000	-9999.0000	-9999.0000	-9999.0000	21.6421	7	0	27.8636	1.0000	99	9	-9999.0000	41522	25462	-9999	1392	1338	-9999	556.8909	5	0.6824	0.7107	-0.0024	51.2297	5.1789	728.4188	359.1468	35.1477	646.8783	95.3820	726.7742	94.8987	741.6488	94.7669	751.7445	94.9426	
01/08/2017	01:28:43	019004	H421187886GLR	L421	S		722.7302	1.0233	24.8840	99.9265	40.0512	0.8230	0.8260	5.0000	19.8625	815.1863	94.5472	11.1917	24.2000	0.9300	0.9405	0.7105	-0.0024	815.0000	817.1222	1.0339	-3.5971	100.0340	40.1538	0.8230	0.8224	5.0000	-9999.0000	-9999.0000	-9999.0000	-9999.0000	-9999.0000	-9999.0000	24.2226	8	0	26.6326	1.0000	99	9	-9999.0000	41523	25463	-9999	1393	1339	-9999	557.3050	5	0.6825	0.7105	-0.0024	48.0095	5.4465	734.5288	373.0513	35.6309	652.1834	95.4039	733.0346	94.9426	744.7905	94.8108	755.4286	94.8548	
01/08/2017	01:29:08	019004	H421187883GLR	L421	S		715.3798	1.0233	22.5784	100.0336	40.0512	0.8230	0.8258	5.0000	20.3323	815.1671	94.5692	11.7816	24.3000	0.9300	0.9405	0.7106	-0.0024	815.0000	815.2861	1.0339	-3.5447	100.0053	40.1538	0.8230	0.8224	5.0000	-9999.0000	-9999.0000	-9999.0000	-9999.0000	-9999.0000	-9999.0000	23.3628	1	0	25.2735	1.0000	99	9	-9999.0000	41524	25464	-9999	1394	1339	-9999	556.0750	5	0.6825	0.7106	-0.0024	44.4735	5.7160	727.3155	366.8280	36.0483	644.6757	95.5138	725.6539	95.0744	739.0890	94.8987	748.1318	94.8767	
01/08/2017	01:29:36	019004	H421187903GLR	L421	S		716.3254	1.0233	22.8750	99.9932	40.0512	0.8230	0.8258	5.0000	20.3821	815.1282	94.4813	11.8411	24.2000	0.9300	0.9405	0.7115	-0.0025	815.0000	816.7336	1.0339	-3.5860	100.0118	40.1538	0.8230	0.8226	5.0000	-9999.0000	-9999.0000	-9999.0000	-9999.0000	-9999.0000	-9999.0000	20.8028	2	0	28.1425	1.0000	99	9	-9999.0000	41525	25465	-9999	1395	1340	-9999	555.9097	5	0.6825	0.7115	-0.0025	38.1661	6.2124	728.9529	361.0151	35.6529	645.2376	95.3820	727.1729	94.9207	739.4224	94.8108	749.2851	94.8987	
01/08/2017	01:30:01	019004	H421187919GLR	L421	S		717.0562	1.0233	23.1042	100.0430	40.0512	0.8230	0.8257	5.0000	20.7316	815.1238	94.4813	11.6214	24.2000	0.9300	0.9406	0.7130	-0.0026	815.0000	816.3115	1.0339	-3.5740	100.0321	40.1538	0.8230	0.8224	5.0000	-9999.0000	-9999.0000	-9999.0000	-9999.0000	-9999.0000	-9999.0000	24.8327	3	0	25.1532	1.0000	99	9	-9999.0000	41526	25466	-9999	1396	1341	-9999	556.4015	5	0.6824	0.7130	-0.0026	30.6018	6.7721	731.9119	367.2977	35.1477	648.4848	95.6895	730.3288	95.2502	742.3674	94.9426	751.8793	94.8767	
01/08/2017	01:30:26	019004	H421187916GLR	L421	S		720.2443	1.0233	24.1042	99.9464	40.0433	0.8230	0.8260	5.0000	19.7923	815.1600	94.4813	11.3811	24.3000	0.9300	0.9405	0.7113	-0.0025	815.0000	816.9384	1.0339	-3.5918	100.0501	40.1538	0.8230	0.8226	5.0000	-9999.0000	-9999.0000	-9999.0000	-9999.0000	-9999.0000	-9999.0000	21.1722	4	0	24.6824	1.0000	99	9	-9999.0000	41527	25467	-9999	1397	1341	-9999	556.8383	5	0.6824	0.7113	-0.0025	25.0345	7.1825	731.6355	373.5767	36.1801	648.9123	95.5797	729.8868	95.0744	743.6901	94.8767	754.2512	94.8767	
01/08/2017	01:30:55	019004	H421187925GLR	L421	S		717.5073	1.0233	23.2457	100.0631	40.0512	0.8230	0.8257	5.0000	20.6624	815.0994	94.5253	11.4309	24.3000	0.9300	0.9405	0.7099	-0.0024	815.0000	816.2379	1.0339	-3.5719	100.0457	40.1538	0.8230	0.8226	5.0000	-9999.0000	-9999.0000	-9999.0000	-9999.0000	-9999.0000	-9999.0000	21.0423	5	0	28.3831	1.0000	99	9	-9999.0000	41528	25468	-9999	1398	1342	-9999	556.7173	5	0.6825	0.7099	-0.0024	18.2044	7.7487	732.5558	371.2425	36.0923	649.6399	95.5577	730.9870	95.0744	741.3189	94.8987	751.2944	94.8548	
01/08/2017	01:31:21	019004	H421187905GLR	L421	S		725.8237	1.0233	24.1052	99.9295	40.0306	0.8230	0.8258	5.0000	20.6623	815.1053	94.5253	9.8614	24.3000	0.9300	0.9406	0.7095	-0.0023	815.0000	816.5818	1.0339	-3.5817	100.0288	40.1538	0.8230	0.8224	5.0000	-9999.0000	-9999.0000	-9999.0000	-9999.0000	-9999.0000	-9999.0000	24.9831	6	0	26.4432	1.0000	99	9	-9999.0000	41529	25469	-9999	1399	1343	-9999	559.6601	5	0.6824	0.7095	-0.0023	20.1719	7.5458	744.2071	380.9486	34.6644	659.8801	95.2941	742.5837	94.8767	755.5545	94.7669	766.9954	94.8548	
01/08/2017	01:31:47	019004	H421187920GLR	L421	S		721.8443	1.0233	24.6061	100.0110	40.0106	0.8230	0.8263	5.0000	19.7621	815.1429	94.6790	10.2414	24.3000	0.9300	0.9405	0.7054	-0.0020	815.0000	815.3100	1.0339	-3.5454	100.0569	40.1538	0.8230	0.8225	5.0000	-9999.0000	-9999.0000	-9999.0000	-9999.0000	-9999.0000	-9999.0000	21.3528	7	0	25.9824	1.0000	99	9	-9999.0000	41530	25470	-9999	1400	1344	-9999	558.5683	5	0.6823	0.7054	-0.0020	13.4860	8.0653	741.7344	379.9831	38.2231	667.1450	95.5577	739.9120	94.8767	753.8183	94.7449	764.2573	94.8328	
01/08/2017	01:32:12	019004	H421187918GLR	L421	S		723.1235	1.0233	24.9923	100.0335	40.1272	0.8230	0.8265	5.0000	19.8322	815.1199	94.7010	11.0110	24.3000	0.9300	0.9407	0.7024	-0.0017	815.0000	817.3240	1.0339	-3.6029	100.0664	40.1554	0.8230	0.8225	5.0000	-9999.0000	-9999.0000	-9999.0000	-9999.0000	-9999.0000	-9999.0000	21.0218	8	0	25.3826	1.0000	99	9	-9999.0000	41531	25471	-9999	1401	1345	-9999	557.1287	5	0.6823	0.7024	-0.0017	7.0404	8.5698	743.8082	399.2890	37.5860	668.8456	95.4039	742.2502	94.8767	753.9401	94.7669	763.1777	94.8548	
01/08/2017	01:32:37	019004	H421188484GLR	L421	S		714.9094	1.0233	22.4308	100.1461	40.1522	0.8230	0.8262	5.0000	20.1915	815.1639	94.5253	11.2219	24.4000	0.9300	0.9407	0.7022	-0.0017	815.0000	814.3002	1.0339	-3.5166	99.9882	40.1577	0.8230	0.8226	5.0000	-9999.0000	-9999.0000	-9999.0000	-9999.0000	-9999.0000	-9999.0000	20.5226	1	0	25.1434	1.0000	99	9	-9999.0000	41532	25472	-9999	1402	1346	-9999	556.8601	5	0.6822	0.7022	-0.0017	4.0107	8.7935	737.6525	374.4358	35.9165	655.0306	95.4479	735.8505	94.9866	748.0391	94.8548	758.0445	94.8767	
01/08/2017	01:33:03	019004	H421188488GLR	L421	S		709.6029	1.0233	20.7663	100.1052	40.1200	0.8230	0.8260	5.0000	20.2121	815.1616	94.7889	12.8510	24.4000	0.9300	0.9407	0.7019	-0.0017	815.0000	813.7553	1.0339	-3.5010	100.0869	40.1538	0.8230	0.8226	5.0000	-9999.0000	-9999.0000	-9999.0000	-9999.0000	-9999.0000	-9999.0000	20.9827	2	0	25.2127	1.0000	99	9	-9999.0000	41533	25473	-9999	1402	1347	-9999	554.5910	5	0.6823	0.7019	-0.0017	2.5800	8.9023	726.7925	365.2208	33.7198	651.0091	95.3600	725.7062	95.0305	736.0509	94.8328	744.7832	94.8767	
01/08/2017	01:33:28	019004	H421187922GLR	L421	S		715.6799	1.0233	22.6725	100.1641	40.0150	0.8230	0.8254	5.0000	21.7523	815.0971	94.4374	12.0511	24.3000	0.9300	0.9407	0.7029	-0.0018	815.0000	816.1625	1.0339	-3.5697	100.0577	40.1538	0.8230	0.8225	5.0000	-9999.0000	-9999.0000	-9999.0000	-9999.0000	-9999.0000	-9999.0000	21.6224	3	0	25.2127	1.0000	99	9	-9999.0000	41534	25474	-9999	1403	1347	-9999	555.6273	5	0.6824	0.7029	-0.0018	-3.0682	9.3537	735.9030	369.7227	34.5326	653.4675	95.6017	734.7057	95.2502	746.7567	94.9426	755.1008	94.9207	
01/08/2017	01:33:54	019004	H421187927GLR	L421	S		702.3996	1.0233	18.5068	100.1895	39.9718	0.8230	0.8262	5.0000	20.3420	815.1717	94.4813	11.8011	24.3000	0.9300	0.9406	0.7020	-0.0017	815.0000	814.8524	1.0339	-3.5323	100.0087	40.1538	0.8230	0.8226	5.0000	-9999.0000	-9999.0000	-9999.0000	-9999.0000	-9999.0000	-9999.0000	20.4720	4	0	26.0528	1.0000	99	9	-9999.0000	41535	25475	-9999	1404	1348	-9999	556.0474	5	0.6824	0.7020	-0.0017	-7.0173	9.6562	735.9943	373.4668	35.8946	653.6298	95.7774	734.1856	95.2721	745.4843	94.9646	753.5888	94.8548	
01/08/2017	01:34:19	019004	H421187912GLR	L421	S		712.7208	1.0233	21.7443	100.0642	40.0959	0.8230	0.8263	5.0000	20.9924	815.1187	94.4813	11.4310	24.3000	0.9300	0.9406	0.7030	-0.0018	815.0000	813.4439	1.0339	-3.4921	100.0461	40.1538	0.8230	0.8225	5.0000	-9999.0000	-9999.0000	-9999.0000	-9999.0000	-9999.0000	-9999.0000	22.1322	5	0	25.1522	1.0000	99	9	-9999.0000	41536	25476	-9999	1405	1349	-9999	556.5070	5	0.6824	0.7030	-0.0018	-6.8980	9.6288	735.8759	364.2670	35.4552	651.4457	95.5358	734.0763	95.0744	745.4668	94.8548	754.5508	94.8987	
01/08/2017	01:34:45	019004	H421188481GLR	L421	S		712.7769	1.0233	21.7619	99.9805	40.1051	0.8230	0.8270	5.0000	19.6719	815.1357	94.5472	11.6614	24.3000	0.9300	0.9405	0.7012	-0.0016	815.0000	814.9164	1.0339	-3.5341	100.0729	40.1538	0.8230	0.8227	5.0000	-9999.0000	-9999.0000	-9999.0000	-9999.0000	-9999.0000	-9999.0000	20.6624	6	0	25.7333	1.0000	99	9	-9999.0000	41537	25477	-9999	1406	1350	-9999	556.2333	5	0.6824	0.7012	-0.0016	2.9134	8.7215	737.4206	375.0761	36.1142	652.3670	95.6017	735.6644	95.0964	747.7776	94.8987	756.4381	94.8548	
01/08/2017	01:35:10	019004	H421188491GLR	L421	S		717.3339	1.0233	23.1913	99.9996	40.2036	0.8230	0.8268	5.0000	20.2121	815.0514	94.5253	11.3821	24.2000	0.9300	0.9405	0.7017	-0.0017	815.0000	817.3401	1.0339	-3.6033	100.0673	40.1538	0.8230	0.8225	5.0000	-9999.0000	-9999.0000	-9999.0000	-9999.0000	-9999.0000	-9999.0000	21.2897	7	0	25.4823	1.0000	99	9	-9999.0000	41538	25478	-9999	1407	1351	-9999	556.4565	5	0.6824	0.7017	-0.0017	9.1245	8.1359	738.9984	375.3064	34.6864	655.2121	95.4698	737.1244	95.0744	750.3567	94.8767	760.1788	94.8328	
01/08/2017	01:35:35	019004	H421188494GLR	L421	S		716.4444	1.0233	22.9123	100.0880	40.1344	0.8230	0.8268	5.0000	19.9122	815.1667	94.6131	12.4613	24.2000	0.9300	0.9405	0.7017	-0.0017	815.0000	817.3006	1.0339	-3.6022	100.0702	40.1538	0.8230	0.8226	5.0000	-9999.0000	-9999.0000	-9999.0000	-9999.0000	-9999.0000	-9999.0000	20.9730	8	0	25.0427	1.0000	99	9	-9999.0000	41539	25479	-9999	1408	1352	-9999	555.1174	5	0.6823	0.7017	-0.0017	8.3283	8.1989	736.5461	370.6980	35.4332	650.2776	95.5577	734.7164	95.0964	744.6335	94.8767	753.4716	94.8987	
01/08/2017	01:36:03	019004	H421188501GLR	L421	S		716.1953	1.0233	22.8341	100.2246	40.1389	0.8230	0.8262	5.0000	20.9919	815.1099	94.4374	11.4007	24.2000	0.9300	0.9405	0.7019	-0.0017	815.0000	816.3145	1.0339	-3.5740	100.0794	40.1538	0.8230	0.8226	5.0000	-9999.0000	-9999.0000	-9999.0000	-9999.0000	-9999.0000	-9999.0000	20.8420	1	0	27.3936	1.0000	99	9	-9999.0000	41540	25480	-9999	1409	1353	-9999	556.5169	5	0.6824	0.7019	-0.0017	9.7810	8.0385	739.8350	379.4775	34.5765	653.2571	95.6017	738.0041	95.2062	750.3301	94.9426	759.6104	94.8767	
01/08/2017	01:36:28	019004	H421188498GLR	L421	S		712.0069	1.0233	21.5204	99.8363	40.0940	0.8230	0.8266	5.0000	20.1224	815.1603	94.5033	12.1312	24.2000	0.9300	0.9405	0.7018	-0.0017	815.0000	815.4439	1.0339	-3.5492	100.0289	40.1538	0.8230	0.8224	5.0000	-9999.0000	-9999.0000	-9999.0000	-9999.0000	-9999.0000	-9999.0000	23.7927	2	0	25.5028	1.0000	99	9	-9999.0000	41541	25481	-9999	1410	1354	-9999	555.5904	5	0.6824	0.7018	-0.0017	6.7624	8.2558	733.6508	367.6002	35.7408	652.0320	95.6236	731.9934	95.1184	743.0699	94.8987	751.8588	94.8548	
01/08/2017	01:36:56	019004	H421188522GLR	L421	S		714.1238	1.0233	22.1844	99.9987	40.0961	0.8230	0.8267	5.0000	20.1319	815.1226	94.4594	11.6312	24.2000	0.9300	0.9406	0.7007	-0.0016	815.0000	816.9015	1.0339	-3.5908	100.0528	40.1538	0.8230	0.8226	5.0000	-9999.0000	-9999.0000	-9999.0000	-9999.0000	-9999.0000	-9999.0000	20.7024	3	0	28.0130	1.0000	99	9	-9999.0000	41542	25482	-9999	1411	1355	-9999	556.1889	5	0.6823	0.7007	-0.0016	3.6273	8.4960	738.7036	381.1507	34.5545	654.7792	95.5138	737.0554	95.1403	749.2215	94.8987	758.2944	94.8767	
01/08/2017	01:37:22	019004	H421188515GLR	L421	S		713.2241	1.0233	21.9022	100.0316	40.1145	0.8230	0.8269	5.0000	19.9123	815.1386	94.4594	11.4808	24.2000	0.9300	0.9405	0.7015	-0.0017	815.0000	815.0767	1.0339	-3.5387	100.0273	40.1538	0.8230	0.8224	5.0000	-9999.0000	-9999.0000	-9999.0000	-9999.0000	-9999.0000	-9999.0000	24.3426	4	0	25.3731	1.0000	99	9	-9999.0000	41543	25483	-9999	1412	1356	-9999	556.3638	5	0.6822	0.7015	-0.0017	47.5009	4.5074	737.5944	380.2289	34.3129	655.0271	95.4479	736.0470	95.0305	747.4652	94.8548	757.0849	94.8767	
01/08/2017	01:37:47	019004	H421188512GLR	L421	S		715.6322	1.0233	22.6575	100.0360	40.1464	0.8230	0.8269	5.0000	19.9026	815.1132	94.5253	11.6312	24.2000	0.9300	0.9406	0.7004	-0.0016	815.0000	815.8751	1.0339	-3.5615	100.0272	40.1538	0.8230	0.8226	5.0000	-9999.0000	-9999.0000	-9999.0000	-9999.0000	-9999.0000	-9999.0000	20.4525	5	0	25.0328	1.0000	99	9	-9999.0000	41544	25484	-9999	1413	1357	-9999	556.1486	5	0.6823	0.7004	-0.0016	47.9743	4.4682	738.5722	379.5188	35.3234	656.7427	95.4698	737.0594	95.0305	748.5786	94.8548	757.2463	94.8548	
01/08/2017	01:38:12	019004	H421188504GLR	L421	S		718.1987	1.0233	23.4626	100.0794	40.1563	0.8230	0.8269	5.0000	19.8420	815.1147	94.4594	11.9613	24.2000	0.9300	0.9406	0.7002	-0.0015	815.0000	816.5246	1.0339	-3.5800	100.0049	40.1538	0.8230	0.8226	5.0000	-9999.0000	-9999.0000	-9999.0000	-9999.0000	-9999.0000	-9999.0000	20.4221	6	0	24.9119	1.0000	99	9	-9999.0000	41545	25485	-9999	1414	1358	-9999	555.7022	5	0.6822	0.7002	-0.0015	47.0904	4.5497	739.0520	375.8258	34.8182	658.3444	95.6456	737.6448	95.2941	747.4806	95.0085	755.8460	94.8767	
01/08/2017	01:38:38	019004	H421188508GLR	L421	S		711.9963	1.0233	21.5170	99.8025	40.1466	0.8230	0.8264	5.0000	20.7620	815.1344	94.3935	11.7015	24.2000	0.9300	0.9405	0.7036	-0.0019	815.0000	814.2276	1.0339	-3.5145	100.0506	40.1538	0.8230	0.8226	5.0000	-9999.0000	-9999.0000	-9999.0000	-9999.0000	-9999.0000	-9999.0000	21.2424	7	0	26.4932	1.0000	99	9	-9999.0000	41546	25486	-9999	1415	1359	-9999	555.9067	5	0.6822	0.7036	-0.0019	46.6441	4.5983	733.4013	367.7065	34.6864	647.5321	95.5358	731.5518	95.1403	743.6872	94.9207	752.7453	94.8548	
01/08/2017	01:39:04	019004	H421188518GLR	L421	S		711.2858	1.0233	21.2942	99.8661	40.1020	0.8230	0.8266	5.0000	20.1026	815.1726	94.4154	11.7806	24.3000	0.9300	0.9406	0.7033	-0.0018	815.0000	814.5472	1.0339	-3.5236	100.0576	40.1538	0.8230	0.8226	5.0000	-9999.0000	-9999.0000	-9999.0000	-9999.0000	-9999.0000	-9999.0000	20.9016	8	0	26.2733	1.0000	99	9	-9999.0000	41547	25487	-9999	1416	1360	-9999	555.8015	5	0.6821	0.7033	-0.0018	45.6608	4.6829	732.3353	388.9332	35.6090	658.0439	95.5358	730.8991	94.9866	741.3299	94.8108	751.6733	94.8767	
01/08/2017	01:39:31	019004	H421188525GLR	L421	S		710.2354	1.0233	20.9647	100.0146	40.1100	0.8230	0.8267	5.0000	20.3225	815.0887	94.4594	11.1614	24.3000	0.9300	0.9406	0.7032	-0.0018	815.0000	813.8006	1.0339	-3.5023	99.9958	40.1538	0.8230	0.8224	5.0000	-9999.0000	-9999.0000	-9999.0000	-9999.0000	-9999.0000	-9999.0000	22.9723	1	0	26.3428	1.0000	99	9	-9999.0000	41548	25488	-9999	1417	1361	-9999	556.6571	5	0.6821	0.7032	-0.0018	46.3843	4.6097	735.0992	391.2732	36.1801	659.8696	95.5577	733.2944	95.0085	745.6496	94.8108	755.4294	94.8987	
01/08/2017	01:39:56	019004	H421188528GLR	L421	S		715.9819	1.0233	22.7672	100.1896	40.1251	0.8230	0.8262	5.0000	21.4926	815.1291	94.5253	11.3714	24.3000	0.9300	0.9406	0.7072	-0.0022	815.0000	814.9824	1.0339	-3.5360	100.0550	40.1538	0.8230	0.8226	5.0000	-9999.0000	-9999.0000	-9999.0000	-9999.0000	-9999.0000	-9999.0000	21.0023	2	0	25.6523	1.0000	99	9	-9999.0000	41549	25489	-9999	1418	1362	-9999	556.3338	5	0.6821	0.7072	-0.0022	47.7765	4.4789	734.0204	373.4708	34.5985	649.4686	95.2721	732.4801	94.9207	743.5776	94.7889	753.6445	94.8767	
01/08/2017	01:40:22	019004	H421188506GLR	L421	S		708.9224	1.0233	20.5528	100.1783	40.1235	0.8230	0.8266	5.0000	20.6418	815.1809	94.5033	11.7005	24.2000	0.9300	0.9406	0.7067	-0.0021	815.0000	813.5115	1.0339	-3.4940	100.0750	40.1538	0.8230	0.8226	5.0000	-9999.0000	-9999.0000	-9999.0000	-9999.0000	-9999.0000	-9999.0000	21.0423	3	0	25.2126	1.0000	99	9	-9999.0000	41550	25490	-9999	1419	1363	-9999	555.8254	5	0.6821	0.7067	-0.0021	48.8961	4.3772	728.7148	377.1482	34.7083	644.8717	95.3380	727.0217	94.9866	739.3657	94.8328	749.5180	94.8767	
01/08/2017	01:40:47	019004	H421188486GLR	L421	S		712.8598	1.0233	21.7879	99.8729	40.1223	0.8230	0.8268	5.0000	20.1016	815.1489	94.4374	11.3509	24.3000	0.9300	0.9406	0.7058	-0.0021	815.0000	813.8209	1.0339	-3.5029	100.0599	40.1538	0.8230	0.8226	5.0000	-9999.0000	-9999.0000	-9999.0000	-9999.0000	-9999.0000	-9999.0000	20.8920	4	0	24.9736	1.0000	99	9	-9999.0000	41551	25491	-9999	1420	1364	-9999	556.4446	5	0.6822	0.7058	-0.0021	48.9385	4.3762	732.9653	366.2561	33.8955	651.6048	95.5138	731.2517	95.1403	744.0070	94.9207	753.5813	94.8767	
01/08/2017	01:41:12	019004	H421188537GLR	L421	S		709.8349	1.0233	20.8391	100.0232	40.1241	0.8230	0.8269	5.0000	19.8917	815.1830	94.7230	12.4809	24.3000	0.9300	0.9407	0.7052	-0.0020	815.0000	814.7886	1.0339	-3.5305	100.0448	40.1538	0.8230	0.8226	5.0000	-9999.0000	-9999.0000	-9999.0000	-9999.0000	-9999.0000	-9999.0000	21.3725	5	0	25.2321	1.0000	99	9	-9999.0000	41552	25492	-9999	1421	1365	-9999	554.7111	5	0.6823	0.7052	-0.0020	48.8971	4.3976	728.9688	368.2161	35.6090	645.8960	95.6236	727.3151	95.1843	739.3810	94.9646	748.1385	94.8767	
01/08/2017	01:41:37	019004	H421188531GLR	L421	S		713.0417	1.0233	21.8449	100.0277	40.1092	0.8230	0.8269	5.0000	19.8225	815.1575	94.4154	12.0111	24.4000	0.9300	0.9407	0.7040	-0.0019	815.0000	816.2879	1.0339	-3.5733	100.0500	40.1538	0.8230	0.8226	5.0000	-9999.0000	-9999.0000	-9999.0000	-9999.0000	-9999.0000	-9999.0000	21.0920	6	0	25.0235	1.0000	99	9	-9999.0000	41553	25493	-9999	1422	1366	-9999	555.4610	5	0.6822	0.7040	-0.0019	48.4002	4.4398	735.7405	388.9508	37.2785	659.6326	95.7554	734.2365	95.2282	745.1168	94.9866	754.6379	94.8767	
01/08/2017	01:42:04	019004	H421188534GLR	L421	S		713.0648	1.0233	21.8522	100.1260	40.1133	0.8230	0.8268	5.0000	20.2424	815.0939	94.4594	11.3108	24.3000	0.9300	0.9407	0.7031	-0.0018	815.0000	813.4819	1.0339	-3.4932	100.0697	40.1538	0.8230	0.8227	5.0000	-9999.0000	-9999.0000	-9999.0000	-9999.0000	-9999.0000	-9999.0000	21.5316	7	0	27.4424	1.0000	99	9	-9999.0000	41554	25494	-9999	1423	1367	-9999	556.5059	5	0.6822	0.7031	-0.0018	48.7169	4.4300	736.7387	372.1524	34.0493	651.3949	95.6456	735.0146	95.2282	746.5146	94.9207	755.0739	94.8548	
01/08/2017	01:42:30	019004	H421187891GLR	L421	S		705.4666	1.0233	19.4688	100.1630	40.0936	0.8230	0.8270	5.0000	19.8421	815.1315	94.5253	11.4114	24.3000	0.9300	0.9406	0.7033	-0.0018	815.0000	816.5383	1.0339	-3.5804	100.0335	40.1538	0.8230	0.8225	5.0000	-9999.0000	-9999.0000	-9999.0000	-9999.0000	-9999.0000	-9999.0000	21.7124	8	0	26.0330	1.0000	99	9	-9999.0000	41555	25495	-9999	1424	1368	-9999	556.4422	5	0.6823	0.7033	-0.0018	49.2531	4.3825	734.8711	377.5228	35.0159	647.6280	95.5358	732.9875	95.0964	745.0139	94.8987	754.5451	94.8767	
01/08/2017	01:42:56	019004	H421187897GLR	L421	S		709.3196	1.0233	20.6774	99.8179	40.1256	0.8230	0.8267	5.0000	20.4915	815.1089	94.5033	11.4114	24.3000	0.9300	0.9406	0.7028	-0.0018	815.0000	816.6286	1.0339	-3.5830	100.0231	40.1610	0.8230	0.8226	5.0000	-9999.0000	-9999.0000	-9999.0000	-9999.0000	-9999.0000	-9999.0000	20.6116	1	0	25.8829	1.0000	99	9	-9999.0000	41556	25496	-9999	1425	1369	-9999	556.4099	5	0.6822	0.7028	-0.0018	48.2805	4.4761	736.2970	371.3146	35.6090	652.2629	95.2721	734.6105	94.8108	746.2649	94.7669	755.7503	94.8987	
01/08/2017	01:43:22	019004	H421187881GLR	L421	S		699.0219	1.0233	17.4473	100.1831	40.1278	0.8230	0.8266	5.0000	20.7522	815.1128	94.5253	11.4710	24.4000	0.9300	0.9408	0.7038	-0.0019	815.0000	814.3880	1.0339	-3.5191	100.0830	40.1538	0.8230	0.8225	5.0000	-9999.0000	-9999.0000	-9999.0000	-9999.0000	-9999.0000	-9999.0000	21.2924	2	0	25.7332	1.0000	99	9	-9999.0000	41557	25497	-9999	1426	1370	-9999	556.3455	5	0.6821	0.7038	-0.0019	49.5880	4.3787	730.6437	369.3546	35.6309	646.0649	95.6236	728.8660	95.2062	741.2762	94.8987	752.1400	94.8548	
01/08/2017	01:43:47	019004	H421187851GLR	L421	S		694.7531	1.0233	16.1082	99.9682	40.1448	0.8230	0.8262	5.0000	21.6614	815.1496	94.9646	13.5913	24.4000	0.9300	0.9407	0.7043	-0.0019	815.0000	814.5222	1.0339	-3.5229	100.0349	40.1538	0.8230	0.8225	5.0000	-9999.0000	-9999.0000	-9999.0000	-9999.0000	-9999.0000	-9999.0000	21.9818	3	0	25.0721	1.0000	99	9	-9999.0000	41558	25498	-9999	1427	1371	-9999	553.1174	5	0.6822	0.7043	-0.0019	49.7369	4.3753	720.5813	373.5402	34.7303	639.0387	95.4479	718.9681	95.0525	732.2928	94.8548	741.2086	94.9207	
01/08/2017	01:44:13	019004	H421187861GLR	L421	S		694.8302	1.0233	16.1324	99.7598	40.1503	0.8230	0.8261	5.0000	21.8530	815.1213	94.5253	12.4516	24.4000	0.9300	0.9407	0.7037	-0.0019	815.0000	813.1435	1.0339	-3.4835	100.0351	40.1538	0.8230	0.8226	5.0000	-9999.0000	-9999.0000	-9999.0000	-9999.0000	-9999.0000	-9999.0000	21.6126	4	0	25.6328	1.0000	99	9	-9999.0000	41559	25499	-9999	1428	1372	-9999	554.8604	5	0.6822	0.7037	-0.0019	49.2350	4.4231	725.3584	368.2997	35.1696	643.2019	95.7774	723.5324	95.3820	736.1617	95.0525	745.2862	94.8767	
01/08/2017	01:44:39	019004	H421187834GLR	L421	S		694.8198	1.0233	16.1292	100.1129	40.1125	0.8230	0.8268	5.0000	20.1223	815.2040	94.4813	12.0414	24.4000	0.9300	0.9406	0.7034	-0.0018	815.0000	813.7087	1.0339	-3.4997	100.0610	40.1587	0.8230	0.8226	5.0000	-9999.0000	-9999.0000	-9999.0000	-9999.0000	-9999.0000	-9999.0000	21.0218	5	0	26.1042	1.0000	99	9	-9999.0000	41560	25500	-9999	1429	1373	-9999	555.5569	5	0.6822	0.7034	-0.0018	49.6056	4.4033	726.9928	388.3905	37.2346	647.3899	95.7115	725.0970	95.1843	738.5304	94.8987	747.8794	94.8548	
01/08/2017	01:45:04	019004	H421187847GLR	L421	S		698.7722	1.0233	17.3689	100.0250	40.1022	0.8230	0.8269	5.0000	19.9523	815.1015	94.5253	12.1810	24.3000	0.9300	0.9406	0.7038	-0.0019	815.0000	815.7751	1.0339	-3.5587	100.0853	40.1538	0.8230	0.8226	5.0000	-9999.0000	-9999.0000	-9999.0000	-9999.0000	-9999.0000	-9999.0000	21.3021	6	0	25.4218	1.0000	99	9	-9999.0000	41561	25501	-9999	1430	1374	-9999	555.3070	5	0.6823	0.7038	-0.0019	50.0915	4.3707	729.7844	389.5715	35.3454	649.0317	95.6236	727.9499	95.1403	741.1046	94.8987	749.9058	94.8548	
01/08/2017	01:45:31	019004	H421187738GLR	L421	S		715.4681	1.0233	22.6061	100.0306	40.1235	0.8230	0.8269	5.0000	20.0821	815.1748	94.5253	10.3908	24.3000	0.9300	0.9406	0.7029	-0.0018	815.0000	814.9517	1.0339	-3.5351	100.0725	40.1538	0.8230	0.8225	5.0000	-9999.0000	-9999.0000	-9999.0000	-9999.0000	-9999.0000	-9999.0000	21.5824	7	0	26.5832	1.0000	99	9	-9999.0000	41562	25502	-9999	1431	1375	-9999	558.0350	5	0.6822	0.7029	-0.0018	50.9692	4.3022	742.9245	372.1988	34.2470	656.7147	95.4918	740.8636	95.0525	753.5234	94.8767	762.8322	94.8767	
01/08/2017	01:45:58	019004	H421187750GLR	L421	S		707.7574	1.0233	20.1874	100.0160	40.1200	0.8230	0.8269	5.0000	20.1125	815.2455	94.6571	12.0013	24.3000	0.9300	0.9405	0.7016	-0.0017	815.0000	815.8967	1.0339	-3.5621	100.0532	40.1538	0.8230	0.8226	5.0000	-9999.0000	-9999.0000	-9999.0000	-9999.0000	-9999.0000	-9999.0000	20.8625	8	0	26.9227	1.0000	99	9	-9999.0000	41563	25503	-9999	1432	1376	-9999	555.8475	5	0.6821	0.7016	-0.0017	62.3499	3.3491	733.3142	370.5658	33.4123	650.2313	95.2941	731.8652	94.8548	743.3906	94.7230	753.1796	94.8548	
01/08/2017	01:46:23	019004	H421187744GLR	L421	S		699.5178	1.0233	17.6028	100.0188	40.1088	0.8230	0.8270	5.0000	19.8916	815.1494	94.5033	12.1009	24.2000	0.9300	0.9405	0.6999	-0.0015	815.0000	814.1969	1.0339	-3.5136	100.0015	40.1528	0.8230	0.8224	5.0000	-9999.0000	-9999.0000	-9999.0000	-9999.0000	-9999.0000	-9999.0000	23.5825	1	0	25.9035	1.0000	99	9	-9999.0000	41564	25504	-9999	1433	1377	-9999	555.6480	5	0.6820	0.6999	-0.0015	76.0108	2.2014	732.2012	369.4698	35.4332	644.8466	95.5577	730.5194	95.1403	741.8496	94.9207	750.2876	94.8767	
01/08/2017	01:46:51	019004	H421187734GLR	L421	S		719.5924	1.0233	23.8997	99.6830	40.1223	0.8230	0.8269	5.0000	19.8918	815.1336	94.4594	11.7913	24.3000	0.9300	0.9405	0.7021	-0.0017	815.0000	816.1904	1.0339	-3.5705	100.0572	40.1538	0.8230	0.8225	5.0000	-9999.0000	-9999.0000	-9999.0000	-9999.0000	-9999.0000	-9999.0000	21.5522	2	0	27.4325	1.0000	99	9	-9999.0000	41565	25505	-9999	1434	1378	-9999	556.0522	5	0.6820	0.7021	-0.0017	86.5823	1.3396	735.8259	374.1952	34.5765	657.1124	95.4039	734.7023	95.0085	744.2187	94.8767	751.8369	94.8767	
01/08/2017	01:47:16	019004	H421187747GLR	L421	S		700.6591	1.0233	17.9608	100.0252	40.1116	0.8230	0.8270	5.0000	19.9220	815.1828	94.6351	12.6020	24.2000	0.9300	0.9405	0.7021	-0.0017	815.0000	814.4940	1.0339	-3.5221	100.0154	40.1538	0.8230	0.8224	5.0000	-9999.0000	-9999.0000	-9999.0000	-9999.0000	-9999.0000	-9999.0000	22.4927	3	0	24.9130	1.0000	99	9	-9999.0000	41566	25506	-9999	1435	1379	-9999	554.9556	5	0.6820	0.7021	-0.0017	85.2840	1.4403	726.9919	375.9232	35.7628	645.2634	95.5797	725.5522	95.1403	736.2675	94.9207	746.4286	94.8548	
01/08/2017	01:47:43	019004	H421187764GLR	L421	S		703.3523	1.0233	18.8056	100.0846	40.1413	0.8230	0.8263	5.0000	21.3322	815.1257	94.4154	12.0013	24.2000	0.9300	0.9405	0.7040	-0.0019	815.0000	814.7618	1.0339	-3.5297	100.0649	40.1538	0.8230	0.8227	5.0000	-9999.0000	-9999.0000	-9999.0000	-9999.0000	-9999.0000	-9999.0000	20.4222	4	0	26.6922	1.0000	99	9	-9999.0000	41567	25507	-9999	1436	1379	-9999	555.6416	5	0.6820	0.7040	-0.0019	82.5612	1.6988	731.3608	368.4263	35.8067	647.4816	95.6017	729.5890	95.1623	741.4170	94.9426	750.3340	94.8767	
01/08/2017	01:48:08	019004	H421187758GLR	L421	S		702.8660	1.0233	18.6531	100.0997	40.1112	0.8230	0.8269	5.0000	20.0724	815.1573	94.4813	12.0511	24.3000	0.9300	0.9405	0.7033	-0.0018	815.0000	814.0528	1.0339	-3.5095	100.0451	40.1538	0.8230	0.8226	5.0000	-9999.0000	-9999.0000	-9999.0000	-9999.0000	-9999.0000	-9999.0000	21.2520	5	0	25.3632	1.0000	99	9	-9999.0000	41568	25508	-9999	1437	1380	-9999	555.6673	5	0.6820	0.7033	-0.0018	26.9587	6.6489	729.1316	375.1598	34.3568	644.7445	95.6456	727.4486	95.2502	739.8091	94.9426	749.0920	94.8548	
01/08/2017	01:48:33	019004	H421187762GLR	L421	S		698.0472	1.0233	17.1415	100.3855	40.1239	0.8230	0.8268	5.0000	20.5119	815.1250	95.0964	13.8511	24.3000	0.9300	0.9406	0.7032	-0.0018	815.0000	815.9571	1.0339	-3.5638	100.0791	40.1505	0.8230	0.8225	5.0000	-9999.0000	-9999.0000	-9999.0000	-9999.0000	-9999.0000	-9999.0000	21.3715	6	0	25.6132	1.0000	99	9	-9999.0000	41569	25509	-9999	1438	1381	-9999	552.9687	5	0.6820	0.7032	-0.0018	29.8766	6.3421	727.5666	370.8211	34.6864	644.9646	95.6236	726.0748	95.2502	737.0370	94.9646	745.3114	94.8767	
01/08/2017	01:49:00	019004	H421187768GLR	L421	S		705.7035	1.0233	19.5431	99.5860	40.0912	0.8230	0.8270	5.0000	19.8322	815.1739	94.5912	11.2717	24.3000	0.9300	0.9407	0.7017	-0.0017	815.0000	813.4526	1.0339	-3.4924	100.0274	40.1462	0.8230	0.8225	5.0000	-9999.0000	-9999.0000	-9999.0000	-9999.0000	-9999.0000	-9999.0000	21.6929	7	0	26.5128	1.0000	99	9	-9999.0000	41570	25510	-9999	1439	1382	-9999	556.7419	5	0.6819	0.7017	-0.0017	24.9124	6.8144	735.8498	397.2083	37.6959	661.5575	95.7774	734.3267	95.2502	745.4857	94.9646	754.9085	94.8328	
01/08/2017	01:49:26	019004	H421187772GLR	L421	S		699.5151	1.0233	17.6020	99.9758	40.1247	0.8230	0.8268	5.0000	20.5628	815.1041	94.8548	13.1206	24.3000	0.9300	0.9406	0.7015	-0.0017	815.0000	814.1643	1.0339	-3.5127	100.0718	40.1452	0.8230	0.8225	5.0000	-9999.0000	-9999.0000	-9999.0000	-9999.0000	-9999.0000	-9999.0000	21.2426	8	0	26.4627	1.0000	99	9	-9999.0000	41571	25511	-9999	1440	1383	-9999	554.1758	5	0.6819	0.7015	-0.0017	24.5937	6.8778	726.9483	378.7939	35.5650	646.6738	95.6895	725.3290	95.0964	735.8884	94.8767	744.5057	94.8548	
01/08/2017	01:49:53	019004	H421187774GLR	L421	S		703.5521	1.0233	18.8683	99.7848	40.0924	0.8230	0.8270	5.0000	19.9121	815.2025	94.5253	11.7914	24.3000	0.9300	0.9406	0.7022	-0.0017	815.0000	814.7001	1.0339	-3.5280	100.0390	40.1538	0.8230	0.8225	5.0000	-9999.0000	-9999.0000	-9999.0000	-9999.0000	-9999.0000	-9999.0000	22.0024	1	0	26.4824	1.0000	99	9	-9999.0000	41572	25512	-9999	1441	1384	-9999	556.1322	5	0.6820	0.7022	-0.0017	24.9924	6.8654	734.4996	372.2787	35.5431	651.7564	95.7115	732.4805	95.1403	744.1021	94.9207	753.2145	94.8987	
01/08/2017	01:50:19	019004	H421188076GLR	L421	S		697.9671	1.0233	17.1164	100.0122	40.1518	0.8230	0.8264	5.0000	21.5122	815.1624	94.5692	11.9310	24.3000	0.9300	0.9406	0.7030	-0.0018	815.0000	813.5909	1.0339	-3.4963	100.0330	40.1299	0.8230	0.8224	5.0000	-9999.0000	-9999.0000	-9999.0000	-9999.0000	-9999.0000	-9999.0000	22.9430	2	0	25.6835	1.0000	99	9	-9999.0000	41573	25513	-9999	1442	1385	-9999	555.8908	5	0.6819	0.7030	-0.0018	25.3305	6.8517	729.7845	371.6184	36.4218	647.3239	95.5358	728.0541	95.0305	739.8327	94.8328	749.5568	94.8767	
01/08/2017	01:50:44	019004	H421188073GLR	L421	S		700.5984	1.0233	17.9418	100.0478	40.1213	0.8230	0.8267	5.0000	20.3928	815.1243	94.5912	12.4906	24.3000	0.9300	0.9406	0.7043	-0.0019	815.0000	813.9966	1.0339	-3.5079	100.0659	40.1538	0.8230	0.8225	5.0000	-9999.0000	-9999.0000	-9999.0000	-9999.0000	-9999.0000	-9999.0000	21.3325	3	0	25.7022	1.0000	99	9	-9999.0000	41574	25514	-9999	1443	1386	-9999	555.0834	5	0.6820	0.7043	-0.0019	30.2287	6.4739	724.9235	379.0462	35.0378	642.3439	95.5358	723.4294	95.1184	734.7996	94.9207	743.5124	94.8767	
01/08/2017	01:51:11	019004	H421188067GLR	L421	S		702.2446	1.0233	18.4582	99.8624	40.1084	0.8230	0.8269	5.0000	19.9221	815.1068	94.6351	12.8110	24.3000	0.9300	0.9406	0.7033	-0.0018	815.0000	814.9423	1.0339	-3.5349	100.0444	40.1538	0.8230	0.8225	5.0000	-9999.0000	-9999.0000	-9999.0000	-9999.0000	-9999.0000	-9999.0000	21.1819	4	0	26.9131	1.0000	99	9	-9999.0000	41575	25515	-9999	1444	1387	-9999	554.6997	5	0.6820	0.7033	-0.0018	29.9308	6.5122	730.0123	371.2344	35.6749	648.2310	95.5797	728.3461	95.1184	740.2953	94.9207	749.1735	94.9207	
01/08/2017	01:51:38	019004	H421188063GLR	L421	S		699.0266	1.0233	17.4487	100.0743	40.1161	0.8230	0.8268	5.0000	20.3322	815.1403	94.4594	12.1107	24.3000	0.9300	0.9407	0.7038	-0.0018	815.0000	814.0334	1.0339	-3.5089	100.0220	40.1243	0.8230	0.8224	5.0000	-9999.0000	-9999.0000	-9999.0000	-9999.0000	-9999.0000	-9999.0000	23.6323	5	0	26.5829	1.0000	99	9	-9999.0000	41576	25516	-9999	1445	1388	-9999	555.7751	5	0.6820	0.7038	-0.0018	31.5882	6.4008	729.7794	372.9586	35.5211	645.8043	95.5797	727.7880	95.1403	739.3679	94.9207	747.7849	94.8987	
01/08/2017	01:52:05	019004	H421188062GLR	L421	S		708.7787	1.0233	20.5077	99.8037	40.1256	0.8230	0.8267	5.0000	20.5822	815.1336	94.4374	12.0922	24.3000	0.9300	0.9407	0.7040	-0.0018	815.0000	815.7979	1.0339	-3.5593	100.0115	40.1538	0.8230	0.8224	5.0000	-9999.0000	-9999.0000	-9999.0000	-9999.0000	-9999.0000	-9999.0000	23.0523	6	0	27.5128	1.0000	99	9	-9999.0000	41577	25517	-9999	1446	1389	-9999	555.8675	5	0.6820	0.7040	-0.0018	33.4283	6.2812	731.6562	368.0021	35.1477	646.5530	95.4039	729.8466	94.9207	741.2068	94.8108	750.5785	94.8987	
01/08/2017	01:52:33	019004	H421187451GLR	L421	S		696.7009	1.0233	16.7192	100.1032	40.1385	0.8230	0.8266	5.0000	20.9926	815.0877	94.5033	12.0707	24.3000	0.9300	0.9407	0.7040	-0.0018	815.0000	813.9787	1.0339	-3.5074	100.0332	40.1358	0.8230	0.8224	5.0000	-9999.0000	-9999.0000	-9999.0000	-9999.0000	-9999.0000	-9999.0000	24.2321	7	0	27.3136	1.0000	99	9	-9999.0000	41578	25518	-9999	1446	1390	-9999	555.9162	5	0.6821	0.7040	-0.0018	34.7503	6.1950	729.0423	373.7791	35.7847	643.9399	95.5577	727.2766	95.0525	740.0316	94.8548	749.8613	94.8548	
01/08/2017	01:52:58	019004	H421188047GLR	L421	S		710.0657	1.0233	20.9114	100.0222	40.1053	0.8230	0.8269	5.0000	20.0119	815.1353	94.4594	12.0316	24.3000	0.9300	0.9407	0.7041	-0.0018	815.0000	816.0309	1.0339	-3.5660	100.0768	40.1538	0.8230	0.8226	5.0000	-9999.0000	-9999.0000	-9999.0000	-9999.0000	-9999.0000	-9999.0000	20.7414	8	0	25.6133	1.0000	99	9	-9999.0000	41579	25519	-9999	1447	1391	-9999	556.0714	5	0.6821	0.7041	-0.0018	36.3373	6.0853	729.0163	370.4423	35.6968	650.2489	95.4039	727.5490	94.9866	738.9379	94.8108	749.9198	94.8767	
01/08/2017	01:53:25	019004	H421188050GLR	L421	S		710.8174	1.0233	21.1472	100.1733	40.1466	0.8230	0.8264	5.0000	21.2621	815.1473	94.4154	11.7112	24.3000	0.9300	0.9406	0.7040	-0.0018	815.0000	815.2691	1.0339	-3.5442	100.0743	40.1342	0.8230	0.8225	5.0000	-9999.0000	-9999.0000	-9999.0000	-9999.0000	-9999.0000	-9999.0000	21.2425	1	0	26.7128	1.0000	99	9	-9999.0000	41580	25520	-9999	1448	1392	-9999	556.5610	5	0.6821	0.7040	-0.0018	37.7902	5.9975	732.5094	362.7392	34.7742	647.9577	95.2941	730.6029	94.8328	743.5068	94.7230	753.6794	94.9426	
01/08/2017	01:53:50	019004	H421188030GLR	L421	S		706.0956	1.0233	19.6661	99.9683	40.1194	0.8230	0.8269	5.0000	20.2221	815.1707	94.7449	12.9516	24.3000	0.9300	0.9407	0.7040	-0.0018	815.0000	814.5423	1.0339	-3.5235	100.0583	40.1538	0.8230	0.8226	5.0000	-9999.0000	-9999.0000	-9999.0000	-9999.0000	-9999.0000	-9999.0000	20.5725	2	0	25.4228	1.0000	99	9	-9999.0000	41581	25521	-9999	1449	1393	-9999	554.7306	5	0.6820	0.7040	-0.0018	39.0912	5.8952	724.4831	362.0608	35.4113	645.4302	95.6895	723.4894	95.2941	733.8692	94.9866	741.8376	94.8987	
01/08/2017	01:54:17	019004	H421188227GLR	L421	S		699.7749	1.0233	17.6835	100.0515	40.1075	0.8230	0.8270	5.0000	19.9015	815.1391	94.6351	13.2515	24.3000	0.9300	0.9407	0.7036	-0.0018	815.0000	816.0466	1.0339	-3.5664	100.0299	40.1538	0.8230	0.8225	5.0000	-9999.0000	-9999.0000	-9999.0000	-9999.0000	-9999.0000	-9999.0000	22.1919	3	0	26.1522	1.0000	99	9	-9999.0000	41582	25522	-9999	1450	1394	-9999	554.2982	5	0.6820	0.7036	-0.0018	40.5255	5.8019	725.3842	368.9387	34.0273	645.0574	95.5577	723.8327	95.1843	735.6292	94.9646	744.2146	94.9207	
01/08/2017	01:54:43	019004	H421188037GLR	L421	S		709.5189	1.0233	20.7399	99.8268	40.1092	0.8230	0.8270	5.0000	19.9718	815.0800	94.4374	11.9310	24.3000	0.9300	0.9406	0.7040	-0.0018	815.0000	815.5680	1.0339	-3.5527	100.0240	40.1538	0.8230	0.8225	5.0000	-9999.0000	-9999.0000	-9999.0000	-9999.0000	-9999.0000	-9999.0000	21.9925	4	0	26.0527	1.0000	99	9	-9999.0000	41583	25523	-9999	1451	1394	-9999	556.1780	5	0.6820	0.7040	-0.0018	44.8478	5.4534	732.1686	374.0754	35.3454	649.1406	95.6895	730.7210	95.1843	741.8585	94.9426	751.5144	94.8767	
01/08/2017	01:55:10	019004	H421188223GLR	L421	S		698.0018	1.0233	17.1273	99.8697	40.0826	0.8230	0.8270	5.0000	20.0226	815.0883	94.6571	12.7915	24.3000	0.9300	0.9406	0.7038	-0.0018	815.0000	815.4405	1.0339	-3.5491	99.9949	40.1538	0.8230	0.8226	5.0000	-9999.0000	-9999.0000	-9999.0000	-9999.0000	-9999.0000	-9999.0000	20.3616	5	0	27.1232	1.0000	99	9	-9999.0000	41584	25524	-9999	1451	1395	-9999	554.8758	5	0.6819	0.7038	-0.0018	44.7691	5.4589	727.7367	388.0953	35.5211	647.1262	95.6456	725.9900	95.0964	737.4085	94.8987	745.9006	94.8548	
01/08/2017	01:55:36	019004	H421188198GLR	L421	S		707.4923	1.0233	20.1042	99.8600	40.0817	0.8230	0.8270	5.0000	20.0520	815.1377	94.4594	11.6019	24.3000	0.9300	0.9406	0.7028	-0.0017	815.0000	815.0880	1.0339	-3.5390	100.0210	40.1538	0.8230	0.8224	5.0000	-9999.0000	-9999.0000	-9999.0000	-9999.0000	-9999.0000	-9999.0000	23.6021	6	0	26.0431	1.0000	99	9	-9999.0000	41585	25525	-9999	1452	1396	-9999	556.6538	5	0.6818	0.7028	-0.0017	53.1997	4.7608	733.7784	373.2073	34.6205	650.9515	95.5358	732.0118	95.1184	743.6539	94.9207	752.9674	94.8328	
01/08/2017	01:56:02	019004	H421188189GLR	L421	S		700.5934	1.0233	17.9402	99.6608	40.0965	0.8230	0.8272	5.0000	19.9522	815.1607	94.5692	12.4809	24.2000	0.9300	0.9405	0.7033	-0.0018	815.0000	815.1957	1.0339	-3.5421	100.0650	40.1538	0.8230	0.8225	5.0000	-9999.0000	-9999.0000	-9999.0000	-9999.0000	-9999.0000	-9999.0000	21.3520	7	0	26.6230	1.0000	99	9	-9999.0000	41586	25526	-9999	1453	1397	-9999	555.4369	5	0.6818	0.7033	-0.0018	52.1926	4.8688	730.0327	371.6592	34.7083	644.9591	95.4918	728.0610	94.9646	740.3818	94.8108	749.8668	94.8767	
01/08/2017	01:56:29	019004	H421188210GLR	L421	S		701.1463	1.0233	18.1137	100.1653	40.1407	0.8230	0.8273	5.0000	19.9426	815.1343	94.5033	12.3812	24.3000	0.9300	0.9407	0.7036	-0.0018	815.0000	816.0379	1.0339	-3.5662	100.0155	40.1538	0.8230	0.8226	5.0000	-9999.0000	-9999.0000	-9999.0000	-9999.0000	-9999.0000	-9999.0000	20.4223	8	0	26.3234	1.0000	99	9	-9999.0000	41587	25527	-9999	1454	1398	-9999	555.5695	5	0.6818	0.7036	-0.0018	52.3218	4.8651	730.0885	392.2540	37.4103	657.0210	95.6456	728.5358	95.1184	740.1444	94.8987	748.7501	94.8767	
01/08/2017	01:56:55	019004	H421188197GLR	L421	S		703.8922	1.0233	18.9750	99.8629	40.1919	0.8230	0.8266	5.0000	21.1919	815.1674	94.4594	11.8118	24.4000	0.9300	0.9407	0.7031	-0.0017	815.0000	814.8470	1.0339	-3.5322	99.9969	40.1473	0.8230	0.8224	5.0000	-9999.0000	-9999.0000	-9999.0000	-9999.0000	-9999.0000	-9999.0000	23.0426	1	0	25.8629	1.0000	99	9	-9999.0000	41588	25528	-9999	1455	1399	-9999	556.3951	5	0.6817	0.7031	-0.0017	56.6000	4.5485	732.4026	372.9690	34.0493	649.0528	95.4479	730.6600	95.0085	743.2689	94.8328	752.3915	94.8767	
01/08/2017	01:57:20	019004	H421188212GLR	L421	S		708.4280	1.0233	20.3977	99.7871	40.1133	0.8230	0.8271	5.0000	19.8518	815.1446	94.5472	12.4115	24.3000	0.9300	0.9407	0.7041	-0.0018	815.0000	815.6595	1.0339	-3.5554	100.0127	40.1538	0.8230	0.8226	5.0000	-9999.0000	-9999.0000	-9999.0000	-9999.0000	-9999.0000	-9999.0000	21.4827	2	0	25.6825	1.0000	99	9	-9999.0000	41588	25529	-9999	1456	1400	-9999	555.5344	5	0.6818	0.7041	-0.0018	53.2188	4.8093	729.0267	368.8210	33.9614	646.0991	95.6236	727.5870	95.1843	740.4546	94.9207	748.6454	94.8548	
01/08/2017	01:57:47	019004	H421188213GLR	L421	S		702.0150	1.0233	18.3861	99.8243	40.1051	0.8230	0.8272	5.0000	19.9114	815.1311	94.5692	12.6323	24.3000	0.9300	0.9406	0.7052	-0.0019	815.0000	813.9976	1.0339	-3.5079	100.0030	40.1538	0.8230	0.8228	5.0000	-9999.0000	-9999.0000	-9999.0000	-9999.0000	-9999.0000	-9999.0000	20.6526	3	0	27.2130	1.0000	99	9	-9999.0000	41589	25530	-9999	1457	1401	-9999	555.2335	5	0.6818	0.7052	-0.0019	53.7958	4.7701	724.1793	375.4326	34.4667	639.8699	95.7554	722.4079	95.3600	734.4645	95.0305	743.9943	94.8548	
01/08/2017	01:58:13	019004	H421188211GLR	L421	S		703.5259	1.0233	18.8601	99.9727	40.0912	0.8230	0.8272	5.0000	19.7619	815.1420	94.4594	11.5716	24.3000	0.9300	0.9406	0.7053	-0.0019	815.0000	814.7811	1.0339	-3.5303	100.0368	40.1538	0.8230	0.8224	5.0000	-9999.0000	-9999.0000	-9999.0000	-9999.0000	-9999.0000	-9999.0000	23.8228	4	0	25.7725	1.0000	99	9	-9999.0000	41590	25531	-9999	1458	1402	-9999	556.8641	5	0.6817	0.7053	-0.0019	49.0900	5.1434	731.8535	375.3758	35.9385	648.7722	95.6236	730.1092	95.0964	743.0159	94.8767	752.7982	94.8548	
01/08/2017	01:58:39	019004	H421188203GLR	L421	S		706.3422	1.0233	19.7435	99.9761	40.1141	0.8230	0.8271	5.0000	19.9524	815.1289	94.4813	12.2015	24.3000	0.9300	0.9406	0.7053	-0.0019	815.0000	816.1684	1.0339	-3.5699	100.0407	40.1538	0.8230	0.8225	5.0000	-9999.0000	-9999.0000	-9999.0000	-9999.0000	-9999.0000	-9999.0000	21.3627	5	0	25.4031	1.0000	99	9	-9999.0000	41591	25532	-9999	1459	1403	-9999	555.8972	5	0.6818	0.7053	-0.0019	51.1189	4.9799	731.3273	368.8581	36.0483	648.9514	95.3380	729.7841	94.9207	741.3902	94.7889	750.7545	94.8548	
01/08/2017	01:59:04	019004	H421188196GLR	L421	S		704.1791	1.0233	19.0650	100.0437	40.1174	0.8230	0.8270	5.0000	19.9620	815.1326	94.4594	12.1009	24.3000	0.9300	0.9406	0.7056	-0.0020	815.0000	815.5134	1.0339	-3.5512	100.0253	40.1538	0.8230	0.8225	5.0000	-9999.0000	-9999.0000	-9999.0000	-9999.0000	-9999.0000	-9999.0000	21.8120	6	0	25.8427	1.0000	99	9	-9999.0000	41592	25533	-9999	1460	1404	-9999	556.0066	5	0.6818	0.7056	-0.0020	52.6684	4.8190	729.3529	371.4489	35.5431	646.6612	95.5138	727.6368	95.0525	739.4391	94.8767	748.9254	94.8548	
01/08/2017	01:59:31	019004	H421188180GLR	L421	S		706.5939	1.0233	19.8224	99.8273	40.1231	0.8230	0.8269	5.0000	20.1516	815.1605	94.4374	11.4515	24.3000	0.9300	0.9406	0.7050	-0.0019	815.0000	815.3326	1.0339	-3.5460	100.0756	40.1538	0.8230	0.8226	5.0000	-9999.0000	-9999.0000	-9999.0000	-9999.0000	-9999.0000	-9999.0000	20.9622	7	0	26.4834	1.0000	99	9	-9999.0000	41593	25534	-9999	1461	1405	-9999	557.0670	5	0.6818	0.7050	-0.0019	52.2552	4.8329	732.5898	375.6529	34.3568	651.0892	95.2502	731.0507	94.8548	743.3951	94.7449	752.6875	94.8767	
