Data	Timp	Nr. masina	Nr. de serie	Tip	Productie	Comentariu	Pre-masurare Q [ml/min]	Pre-masurare Gain	Pre-masurare Offset Master	Pre-masurare P [bar]	Pre-masurare T [°C]	Pre-masurare Densitate fixa [kg/l]	Pre-masurare densitate masurata [kg/l]	Pre-masurare Timp masurare [s]	Pre-masurare Cycle time [s]	rectificare Q Oprire [ml/min]	rectificare P Oprire [bar]	rectificare Timp rectificare [s]	rectificare T [°C]	rectificare Densitate fixa [kg/l]	rectificare densitate masurata [kg/l]	rectificare Factor de masurare la rectificare	rectificare Factor de corectie a debitului	rectificare Target rectificare	Masurare Q [ml/min]	Masurare Gain	Masurare Offset Master	Masurare P [bar]	Masurare T [°C]	Masurare Densitate fixa [kg/l]	Masurare densitate masurata [kg/l]	Masurare Timp masurare [s]	Masurare Q [ml/min]	Masurare Delta Q [ml/min]	Masurare P [bar]	Masurare BP [bar]	Masurare T [°C]	Masurare Timp masurare [s]	Masurare Cycle time [s]	Nest Nr.	Cod de descarcare	Cycle time [s]	Traceability aktiv	EDM Maschine Nr	EDM Spindle Nr	Honing Rate [r	Station Counter Premeasure	Station Counter Grind	Station Counter Blowout 1	Station Counter Wash	Station Counter Measure	Station Counter Blowout 2	RealGrindQStop	Reg Type	Factor 0	Factor 1	Factor 2	Factor 3	Factor 4	G_StartQV	G_StartQV_1	G_StartQV_2	G_StartQV_3	G_StartQV_4	G_StartQV_5	
07/08/2017	06:09:26	019004	H421015368HLR	L421	S		708.7930	1.0233	20.5122	99.9594	39.6410	0.8230	0.8256	5.0000	19.9526	815.0639	94.9426	13.5923	24.1000	0.9300	0.9388	0.6938	-0.0004	815.0000	820.1790	1.0339	-2.6558	99.9481	39.8461	0.8230	0.8234	5.0000	-9999.0000	-9999.0000	-9999.0000	-9999.0000	-9999.0000	-9999.0000	25.1231	5	0	28.5033	1.0000	99	9	-9999.0000	46397	30410	-9999	378	3237	-9999	561.2073	5	0.6878	0.6938	-0.0004	65.9157	3.7681	744.5506	249.4715	36.5975	666.2041	95.8213	743.1104	95.2502	750.7083	94.8987	757.4638	94.9646	
07/08/2017	06:11:02	019004	H421015398HLR	L421	S		703.5813	1.0233	18.8775	100.0105	39.4834	0.8230	0.8255	5.0000	19.9622	815.0571	94.9866	14.3512	24.2000	0.9300	0.9388	0.6896	-0.0004	815.0000	816.5755	1.0339	-2.5530	99.9580	39.4359	0.8230	0.8230	5.0000	-9999.0000	-9999.0000	-9999.0000	-9999.0000	-9999.0000	-9999.0000	24.5828	1	0	25.1231	1.0000	99	9	-9999.0000	46398	30411	-9999	379	3238	-9999	557.5349	5	0.6842	0.6896	-0.0004	66.1252	3.7800	742.2301	395.3252	37.5201	672.5931	96.0410	740.5467	95.3380	751.1551	94.8548	757.5906	94.8108	
07/08/2017	06:12:41	019004	H421015378HLR	L421	S		712.5600	1.0233	21.6939	100.0343	39.4359	0.8230	0.8257	5.0000	19.8226	815.1287	94.8548	11.3509	24.2000	0.9300	0.9386	0.6890	-0.0004	815.0000	811.9730	1.0339	-2.4216	99.9470	39.2307	0.8230	0.8219	5.0000	-9999.0000	-9999.0000	-9999.0000	-9999.0000	-9999.0000	-9999.0000	27.2424	5	0	25.3924	1.0000	99	9	-9999.0000	46399	30412	-9999	380	3239	-9999	558.0512	5	0.6835	0.6890	-0.0004	66.1587	3.7820	751.4704	365.6466	36.0923	666.5025	95.9092	749.9807	95.2721	760.1268	94.8108	767.8326	94.7010	
07/08/2017	06:14:13	019004	H421015388HLR	L421	S		715.1676	1.0233	22.5118	99.9699	39.4205	0.8230	0.8253	5.0000	20.9417	815.0916	94.8548	11.6517	24.2000	0.9300	0.9386	0.6899	-0.0004	815.0000	813.6275	1.0339	-2.4688	100.0638	39.8220	0.8230	0.8218	5.0000	-9999.0000	-9999.0000	-9999.0000	-9999.0000	-9999.0000	-9999.0000	20.2825	1	0	24.3620	1.0000	99	9	-9999.0000	46400	30413	-9999	381	3240	-9999	558.6959	5	0.6848	0.6899	-0.0004	66.1174	3.7796	750.2545	368.5427	37.5860	673.4877	95.5797	748.7783	94.8987	759.6812	94.6131	767.4469	94.7010	
07/08/2017	06:15:45	019004	H421015383HLR	L421	S		723.3267	1.0233	24.9255	99.9302	39.4359	0.8230	0.8253	5.0000	20.5826	815.1267	94.7449	10.3410	24.2000	0.9300	0.9386	0.6902	-0.0004	815.0000	812.1152	1.0339	-2.4257	100.0452	39.7339	0.8230	0.8220	5.0000	-9999.0000	-9999.0000	-9999.0000	-9999.0000	-9999.0000	-9999.0000	20.9924	5	0	25.8234	1.0000	99	9	-9999.0000	46401	30414	-9999	382	3241	-9999	559.4184	5	0.6852	0.6902	-0.0004	66.1030	3.7788	757.2088	376.7467	35.7628	678.0930	95.4259	755.7378	94.8767	766.5945	94.6351	774.4355	94.7449	
07/08/2017	06:17:18	019004	H421015395HLR	L421	S		716.9601	1.0233	23.0741	99.9527	39.4246	0.8230	0.8251	5.0000	20.0520	815.1119	95.0305	11.8216	24.2000	0.9300	0.9387	0.7039	-0.0015	815.0000	814.1619	1.0339	-2.4841	100.0660	39.7616	0.8230	0.8220	5.0000	-9999.0000	-9999.0000	-9999.0000	-9999.0000	-9999.0000	-9999.0000	20.6926	1	0	26.5332	1.0000	99	9	-9999.0000	46402	30415	-9999	383	3242	-9999	559.7618	5	0.6860	0.7039	-0.0015	29.7337	5.9106	739.6851	366.5620	35.6968	661.2120	95.3380	738.3050	94.8108	747.1658	94.6571	755.4530	94.7230	
07/08/2017	06:18:50	019004	H421015613HLR	L421	S		712.5964	1.0233	21.7053	100.0377	39.4500	0.8230	0.8249	5.0000	20.9329	815.1454	94.8108	12.5815	24.2000	0.9300	0.9387	0.7041	-0.0015	815.0000	815.6786	1.0339	-2.5274	100.0225	39.7294	0.8230	0.8219	5.0000	-9999.0000	-9999.0000	-9999.0000	-9999.0000	-9999.0000	-9999.0000	21.4125	5	0	25.7324	1.0000	99	9	-9999.0000	46403	30416	-9999	384	3243	-9999	558.9260	5	0.6862	0.7041	-0.0015	27.7248	6.0342	735.2932	365.9305	35.2795	655.9849	95.5577	733.5483	95.1184	744.4558	94.7889	752.7748	94.7669	
07/08/2017	06:20:34	019004	H421015393HLR	L421	S		722.6867	1.0233	24.8703	100.0147	39.4574	0.8230	0.8249	5.0000	20.6430	815.1478	94.7449	11.7005	24.2000	0.9300	0.9387	0.7040	-0.0015	815.0000	816.7343	1.0339	-2.5575	100.0049	39.5231	0.8230	0.8218	5.0000	-9999.0000	-9999.0000	-9999.0000	-9999.0000	-9999.0000	-9999.0000	22.4125	1	0	26.9729	1.0000	99	9	-9999.0000	46404	30417	-9999	385	3244	-9999	559.8967	5	0.6861	0.7040	-0.0015	27.6956	6.0258	743.8098	360.1756	36.0923	665.1924	95.4259	742.6320	94.9207	753.6541	94.6790	761.5629	94.8108	
07/08/2017	06:21:00	019004	H421015403HLR	L421	S		721.0828	1.0233	24.3672	100.0716	39.6541	0.8230	0.8261	5.0000	20.0521	815.1642	94.7449	11.1809	24.1000	0.9300	0.9387	0.7040	-0.0015	815.0000	816.3278	1.0339	-2.5459	99.9839	39.5384	0.8230	0.8231	5.0000	-9999.0000	-9999.0000	-9999.0000	-9999.0000	-9999.0000	-9999.0000	21.5327	2	0	26.0233	1.0000	99	9	-9999.0000	46405	30418	-9999	386	3245	-9999	560.5676	5	0.6861	0.7040	-0.0015	27.6956	6.0258	744.6183	401.8060	37.9595	666.8524	95.4918	743.1823	94.8108	754.8435	94.6351	764.0963	94.7889	
07/08/2017	06:21:25	019004	H421015375HLR	L421	S		722.7420	1.0233	24.8877	100.0251	40.1538	0.8230	0.8254	5.0000	21.8613	815.1185	94.6351	10.6906	24.2000	0.9300	0.9389	0.7040	-0.0015	815.0000	814.4615	1.0339	-2.4926	100.0544	40.3014	0.8230	0.8236	5.0000	-9999.0000	-9999.0000	-9999.0000	-9999.0000	-9999.0000	-9999.0000	20.7122	3	0	25.6328	1.0000	99	9	-9999.0000	46406	30419	-9999	387	3246	-9999	561.1037	5	0.6861	0.7040	-0.0015	27.6956	6.0258	744.3908	385.0718	37.3444	666.4134	95.4698	742.9504	94.8328	752.6332	94.6351	762.5645	94.7449	
07/08/2017	06:21:50	019004	H421015609HLR	L421	S		716.2184	1.0233	22.8414	100.0338	39.9257	0.8230	0.8251	5.0000	19.9222	815.1405	95.0964	12.6420	24.2000	0.9300	0.9389	0.7040	-0.0015	815.0000	814.7556	1.0339	-2.5010	100.0339	40.1024	0.8230	0.8223	5.0000	-9999.0000	-9999.0000	-9999.0000	-9999.0000	-9999.0000	-9999.0000	21.0228	4	0	24.8132	1.0000	99	9	-9999.0000	46406	30420	-9999	388	3247	-9999	558.7646	5	0.6861	0.7040	-0.0015	27.6956	6.0258	732.6266	394.5831	36.9710	661.7018	95.6236	731.1917	94.9866	741.1837	94.7230	748.8167	94.7449	
07/08/2017	06:22:18	019004	H421015623HLR	L421	S		714.8957	1.0233	22.4265	100.1445	39.6314	0.8230	0.8251	5.0000	20.3724	815.1258	94.7010	12.4116	24.2000	0.9300	0.9390	0.7040	-0.0015	815.0000	815.8439	1.0339	-2.5321	100.0444	39.6909	0.8230	0.8222	5.0000	-9999.0000	-9999.0000	-9999.0000	-9999.0000	-9999.0000	-9999.0000	20.6614	5	0	27.5724	1.0000	99	9	-9999.0000	46407	30421	-9999	389	3248	-9999	559.0308	5	0.6860	0.7040	-0.0015	25.3246	6.1822	737.0764	384.1545	37.8496	662.0459	95.9092	735.4753	95.2721	745.3806	94.8987	753.6837	94.7889	
07/08/2017	06:22:45	019004	H421015633HLR	L421	S		711.2262	1.0233	21.2755	100.1575	39.8461	0.8230	0.8258	5.0000	20.0129	815.1389	94.6790	12.3910	24.2000	0.9300	0.9390	0.7030	-0.0014	815.0000	813.8638	1.0339	-2.4756	100.0196	39.7831	0.8230	0.8229	5.0000	-9999.0000	-9999.0000	-9999.0000	-9999.0000	-9999.0000	-9999.0000	23.8424	6	0	27.3731	1.0000	99	9	-9999.0000	46408	30422	-9999	390	3249	-9999	558.9790	5	0.6861	0.7030	-0.0014	26.3479	6.1079	735.3212	387.7506	37.0588	663.3796	95.9751	733.7609	95.2502	744.3282	94.8548	752.1064	94.7889	
07/08/2017	06:23:12	019004	H421015643HLR	L421	S		711.4398	1.0233	21.3425	100.0394	40.0357	0.8230	0.8256	5.0000	19.9426	815.1216	94.5692	11.5511	24.2000	0.9300	0.9390	0.7042	-0.0015	815.0000	813.8682	1.0339	-2.4757	100.0036	40.0453	0.8230	0.8227	5.0000	-9999.0000	-9999.0000	-9999.0000	-9999.0000	-9999.0000	-9999.0000	24.0720	7	0	27.1231	1.0000	99	9	-9999.0000	46409	30423	-9999	391	3250	-9999	560.0694	5	0.6864	0.7042	-0.0015	26.4510	6.1002	738.7798	388.2328	37.6300	663.4132	95.7774	736.9678	95.0964	748.3052	94.7669	757.3848	94.7669	
07/08/2017	06:23:41	019004	H421015639HLR	L421	S		723.9686	1.0233	24.7146	99.8840	39.8044	0.8230	0.8249	5.0000	20.6527	815.1156	94.5692	11.2015	24.2000	0.9300	0.9390	0.7043	-0.0015	815.0000	816.2886	1.0339	-2.5448	100.0551	39.8811	0.8230	0.8224	5.0000	-9999.0000	-9999.0000	-9999.0000	-9999.0000	-9999.0000	-9999.0000	21.4625	8	0	29.0630	1.0000	99	9	-9999.0000	46410	30424	-9999	391	3251	-9999	560.5160	5	0.6865	0.7043	-0.0015	30.9612	5.6713	747.3395	386.1723	36.8611	673.6687	95.6456	746.1237	94.9866	755.0353	94.7230	763.5999	94.7889	
07/08/2017	06:24:07	019004	H421015615HLR	L421	S		718.6891	1.0233	23.6164	100.1466	39.7435	0.8230	0.8254	5.0000	20.1212	815.1747	94.8328	11.8714	24.2000	0.9300	0.9390	0.7049	-0.0016	815.0000	816.1088	1.0339	-2.5396	99.9911	39.7435	0.8230	0.8226	5.0000	-9999.0000	-9999.0000	-9999.0000	-9999.0000	-9999.0000	-9999.0000	25.7430	1	0	25.4735	1.0000	99	9	-9999.0000	46411	30425	-9999	392	3252	-9999	559.6579	5	0.6868	0.7049	-0.0016	39.7293	4.8979	741.3245	393.9779	37.6959	669.9908	95.7115	739.8323	95.0964	750.5352	94.7669	757.9057	94.7889	
07/08/2017	06:24:33	019004	H421015625HLR	L421	S		717.3281	1.0233	23.1895	99.9449	39.9487	0.8230	0.8257	5.0000	19.9318	815.1615	94.5692	11.4116	24.2000	0.9300	0.9389	0.7034	-0.0014	815.0000	814.1560	1.0339	-2.4839	100.0690	39.9968	0.8230	0.8230	5.0000	-9999.0000	-9999.0000	-9999.0000	-9999.0000	-9999.0000	-9999.0000	20.9526	2	0	25.9326	1.0000	99	9	-9999.0000	46412	30426	-9999	393	3253	-9999	560.2815	5	0.6867	0.7034	-0.0014	30.2465	5.7216	743.4546	401.2542	36.9490	672.7733	95.7554	741.9509	95.1403	751.8989	94.8328	760.3275	94.8328	
07/08/2017	06:24:59	019004	H421015619HLR	L421	S		710.8122	1.0233	21.1456	100.0154	39.9788	0.8230	0.8253	5.0000	20.1420	815.0962	94.8108	12.7016	24.2000	0.9300	0.9389	0.7040	-0.0015	815.0000	813.3197	1.0339	-2.4600	100.0350	40.0338	0.8230	0.8227	5.0000	-9999.0000	-9999.0000	-9999.0000	-9999.0000	-9999.0000	-9999.0000	20.9427	3	0	26.4131	1.0000	99	9	-9999.0000	46413	30427	-9999	394	3254	-9999	558.8268	5	0.6869	0.7040	-0.0015	31.0144	5.6343	732.0139	379.3953	36.8611	661.6485	95.9092	730.5800	95.2502	740.1536	94.8548	747.4980	94.7889	
07/08/2017	06:25:25	019004	H421015651HLR	L421	S		715.9779	1.0233	22.7660	100.0707	39.7812	0.8230	0.8252	5.0000	19.9417	815.0928	94.5692	11.5218	24.2000	0.9300	0.9389	0.7024	-0.0013	815.0000	813.5548	1.0339	-2.4667	100.0777	39.8652	0.8230	0.8225	5.0000	-9999.0000	-9999.0000	-9999.0000	-9999.0000	-9999.0000	-9999.0000	21.5424	4	0	26.0830	1.0000	99	9	-9999.0000	46414	30428	-9999	395	3255	-9999	560.1191	5	0.6867	0.7024	-0.0013	35.7989	5.2317	741.9564	414.5253	39.5851	679.3616	95.8872	740.6066	95.2282	751.9572	94.8328	760.3450	94.8108	
07/08/2017	06:25:55	019004	H421015647HLR	L421	S		722.9472	1.0233	24.9521	99.9597	39.8527	0.8230	0.8253	5.0000	21.2524	815.1758	94.5912	10.6819	24.3000	0.9300	0.9389	0.6991	-0.0011	815.0000	814.1179	1.0339	-2.4828	100.1040	39.8903	0.8230	0.8228	5.0000	-9999.0000	-9999.0000	-9999.0000	-9999.0000	-9999.0000	-9999.0000	21.3930	5	0	29.3832	1.0000	99	9	-9999.0000	46415	30429	-9999	396	3256	-9999	560.5702	5	0.6865	0.6991	-0.0011	35.9165	5.2215	752.1320	410.8297	40.1123	687.7889	95.7115	750.0768	95.0305	759.8972	94.7889	767.9129	94.8108	
07/08/2017	06:26:20	019004	H421015657HLR	L421	S		713.1851	1.0233	21.8899	100.0429	39.9900	0.8230	0.8255	5.0000	20.2220	815.1039	94.9207	12.2817	24.2000	0.9300	0.9389	0.7028	-0.0014	815.0000	814.0757	1.0339	-2.4816	100.0179	39.9487	0.8230	0.8227	5.0000	-9999.0000	-9999.0000	-9999.0000	-9999.0000	-9999.0000	-9999.0000	25.7236	6	0	25.6425	1.0000	99	9	-9999.0000	46416	30430	-9999	397	3257	-9999	559.2568	5	0.6868	0.7028	-0.0014	42.2643	4.6768	738.1817	390.9279	36.5536	669.5156	95.7115	736.5356	95.0964	747.2596	94.7669	755.1818	94.7449	
07/08/2017	06:26:48	019004	H421015661HLR	L421	S		710.1992	1.0233	20.9533	100.1098	39.8891	0.8230	0.8253	5.0000	20.1028	815.1415	94.5692	12.0922	24.2000	0.9300	0.9390	0.6996	-0.0011	815.0000	814.7961	1.0339	-2.5022	100.0470	39.9685	0.8230	0.8226	5.0000	-9999.0000	-9999.0000	-9999.0000	-9999.0000	-9999.0000	-9999.0000	21.0130	7	0	28.2835	1.0000	99	9	-9999.0000	46417	30431	-9999	398	3258	-9999	559.7871	5	0.6869	0.6996	-0.0011	35.8001	5.2409	741.4431	401.4454	38.4428	669.4099	95.7774	739.7663	95.1843	750.6081	94.8767	758.8951	94.7889	
07/08/2017	06:27:15	019004	H421015667HLR	L421	S		715.6283	1.0233	22.6563	99.9731	39.8275	0.8230	0.8254	5.0000	20.1926	815.1548	94.6571	12.4213	24.2000	0.9300	0.9389	0.7031	-0.0014	815.0000	816.9344	1.0339	-2.5632	100.0813	39.8885	0.8230	0.8226	5.0000	-9999.0000	-9999.0000	-9999.0000	-9999.0000	-9999.0000	-9999.0000	21.3432	8	0	26.9629	1.0000	99	9	-9999.0000	46418	30432	-9999	399	3259	-9999	559.6015	5	0.6871	0.7031	-0.0014	37.1158	5.1386	741.9529	399.0157	36.8831	671.0639	95.7774	740.6146	95.1623	750.6363	94.8108	758.8413	94.7889	
07/08/2017	06:27:44	019004	H421015671HLR	L421	S		714.8979	1.0233	22.4272	99.9838	39.9487	0.8230	0.8256	5.0000	20.0921	815.1713	94.7669	13.1216	24.2000	0.9300	0.9389	0.7015	-0.0012	815.0000	816.6150	1.0339	-2.5541	99.9975	39.9700	0.8230	0.8228	5.0000	-9999.0000	-9999.0000	-9999.0000	-9999.0000	-9999.0000	-9999.0000	21.7524	1	0	28.2835	1.0000	99	9	-9999.0000	46419	30433	-9999	400	3260	-9999	558.9387	5	0.6871	0.7015	-0.0012	35.9821	5.2314	740.9866	405.9476	38.8601	671.8472	95.7554	739.5903	95.2062	749.3799	94.8987	755.1131	94.8328	
07/08/2017	06:28:10	019004	H421015681HLR	L421	S		714.1175	1.0233	22.1824	100.1161	39.9558	0.8230	0.8254	5.0000	19.9124	815.1168	94.5253	12.0111	24.3000	0.9300	0.9390	0.6997	-0.0010	815.0000	814.5410	1.0339	-2.4949	100.0432	40.0019	0.8230	0.8227	5.0000	-9999.0000	-9999.0000	-9999.0000	-9999.0000	-9999.0000	-9999.0000	21.0629	2	0	26.6426	1.0000	99	9	-9999.0000	46420	30434	-9999	401	3261	-9999	560.1053	5	0.6872	0.6997	-0.0010	28.6674	5.8726	741.5142	400.5323	38.7283	672.2513	95.7335	739.9384	95.1623	750.6804	94.8767	758.8856	94.7889	
07/08/2017	06:28:38	019004	H421016913HLR	L421	S		707.2260	1.0233	20.0207	100.0893	39.8846	0.8230	0.8254	5.0000	19.9124	815.1212	95.0744	13.8619	24.2000	0.9300	0.9390	0.6979	-0.0009	815.0000	814.4587	1.0339	-2.4925	100.0389	39.9691	0.8230	0.8227	5.0000	-9999.0000	-9999.0000	-9999.0000	-9999.0000	-9999.0000	-9999.0000	20.9524	3	0	27.6331	1.0000	99	9	-9999.0000	46421	30435	-9999	402	3262	-9999	559.0043	5	0.6874	0.6979	-0.0009	25.4027	6.1985	737.7523	391.0616	35.8946	667.4414	95.8653	736.5645	95.2502	743.1808	94.9207	748.1802	94.8108	
07/08/2017	06:29:06	019004	H421015663HLR	L421	S		703.4185	1.0233	18.8264	100.0088	39.8862	0.8230	0.8255	5.0000	20.1124	815.1122	94.7010	13.3218	24.3000	0.9300	0.9390	0.7002	-0.0011	815.0000	813.7913	1.0339	-2.4735	99.9992	39.9069	0.8230	0.8227	5.0000	-9999.0000	-9999.0000	-9999.0000	-9999.0000	-9999.0000	-9999.0000	23.5425	4	0	27.7529	1.0000	99	9	-9999.0000	46422	30436	-9999	403	3263	-9999	558.9257	5	0.6872	0.7002	-0.0011	29.0555	5.8484	732.7954	395.3943	36.6634	662.6913	95.9751	731.1433	95.3600	741.6993	94.9426	748.8688	94.7669	
07/08/2017	06:29:35	019004	H421015697HLR	L421	S		702.9935	1.0233	18.6931	99.9874	39.9487	0.8230	0.8255	5.0000	20.0129	815.1815	94.8548	13.8814	24.2000	0.9300	0.9390	0.7034	-0.0014	815.0000	812.9487	1.0339	-2.4494	100.0293	39.9487	0.8230	0.8227	5.0000	-9999.0000	-9999.0000	-9999.0000	-9999.0000	-9999.0000	-9999.0000	24.1221	5	0	29.1840	1.0000	99	9	-9999.0000	46423	30437	-9999	404	3264	-9999	557.7994	5	0.6868	0.7034	-0.0014	37.2811	5.1130	729.2062	406.3243	37.8936	661.2049	96.0849	727.6047	95.4698	737.6544	94.9646	744.8658	94.7889	
07/08/2017	06:30:02	019004	H421015687HLR	L421	S		709.9983	1.0233	20.8903	100.2329	39.9337	0.8230	0.8253	5.0000	19.9924	815.0915	94.6571	12.8911	24.3000	0.9300	0.9390	0.7061	-0.0016	815.0000	815.3509	1.0339	-2.5180	100.0428	39.9853	0.8230	0.8226	5.0000	-9999.0000	-9999.0000	-9999.0000	-9999.0000	-9999.0000	-9999.0000	21.0023	6	0	26.9025	1.0000	99	9	-9999.0000	46424	30438	-9999	405	3265	-9999	558.8797	5	0.6869	0.7061	-0.0016	40.7133	4.8669	734.4643	392.6718	37.1028	668.7796	95.8872	732.9234	95.2282	743.8364	94.8548	752.1300	94.8108	
07/08/2017	06:30:30	019004	H421015677HLR	L421	S		713.9397	1.0233	22.1266	99.9582	39.8373	0.8230	0.8251	5.0000	21.3423	815.1334	94.5912	12.3520	24.2000	0.9300	0.9389	0.6968	-0.0008	815.0000	815.9575	1.0339	-2.5353	100.0158	39.9487	0.8230	0.8227	5.0000	-9999.0000	-9999.0000	-9999.0000	-9999.0000	-9999.0000	-9999.0000	22.0027	7	0	27.9328	1.0000	99	9	-9999.0000	46425	30439	-9999	406	3266	-9999	560.3422	5	0.6870	0.6968	-0.0008	49.8393	4.1484	744.3808	404.8003	38.5526	674.8281	95.9092	742.9098	95.1843	752.1172	94.8548	759.7725	94.8108	
07/08/2017	06:30:58	019004	H421015673HLR	L421	S		707.0593	1.0233	19.9684	99.9866	39.9366	0.8230	0.8254	5.0000	20.4512	815.1209	95.0964	14.0709	24.2000	0.9300	0.9389	0.6962	-0.0007	815.0000	815.4701	1.0339	-2.5214	100.0727	39.9876	0.8230	0.8227	5.0000	-9999.0000	-9999.0000	-9999.0000	-9999.0000	-9999.0000	-9999.0000	21.3022	8	0	28.4436	1.0000	99	9	-9999.0000	46426	30440	-9999	407	3267	-9999	559.3638	5	0.6868	0.6962	-0.0007	52.9427	3.9007	735.5531	401.9297	39.1018	670.4129	95.8433	734.3934	95.3600	743.4093	94.8987	750.4451	94.7669	
07/08/2017	06:31:25	019004	H421016906HLR	L421	S		706.5950	1.0233	19.8228	100.0359	39.9329	0.8230	0.8250	5.0000	21.6511	815.0986	94.7669	13.8316	24.2000	0.9300	0.9389	0.6963	-0.0007	815.0000	817.0299	1.0339	-2.5659	100.0216	39.9956	0.8230	0.8227	5.0000	-9999.0000	-9999.0000	-9999.0000	-9999.0000	-9999.0000	-9999.0000	21.2621	1	0	26.4326	1.0000	99	9	-9999.0000	46427	30441	-9999	408	3268	-9999	559.4491	5	0.6868	0.6963	-0.0007	38.0880	5.1377	737.2858	389.0699	38.3988	669.2670	95.8433	736.0230	95.2502	745.2019	94.8767	752.2273	94.7669	
07/08/2017	06:31:50	019004	H421016911HLR	L421	S		707.4626	1.0233	20.0949	100.1674	39.8903	0.8230	0.8251	5.0000	21.1020	815.1159	94.7230	13.3120	24.2000	0.9300	0.9389	0.6959	-0.0007	815.0000	814.7236	1.0339	-2.5001	100.0458	39.9704	0.8230	0.8227	5.0000	-9999.0000	-9999.0000	-9999.0000	-9999.0000	-9999.0000	-9999.0000	21.9233	2	0	25.4228	1.0000	99	9	-9999.0000	46428	30442	-9999	408	3269	-9999	559.4590	5	0.6865	0.6959	-0.0007	37.4411	5.1998	738.3108	412.4467	39.1677	672.7362	95.9971	736.9305	95.3600	746.9714	94.9426	753.8971	94.7669	
07/08/2017	06:32:19	019004	H421016902HLR	L421	S		710.0690	1.0233	20.9125	99.9955	39.9487	0.8230	0.8255	5.0000	19.9622	815.0738	94.7669	13.6617	24.3000	0.9300	0.9391	0.6929	-0.0005	815.0000	816.7782	1.0339	-2.5587	100.0337	39.9661	0.8230	0.8227	5.0000	-9999.0000	-9999.0000	-9999.0000	-9999.0000	-9999.0000	-9999.0000	22.0824	3	0	29.3236	1.0000	99	9	-9999.0000	46429	30443	-9999	409	3270	-9999	559.4579	5	0.6863	0.6929	-0.0005	49.6082	4.2626	741.5119	408.0879	37.8716	677.5671	95.8213	740.3579	95.2721	748.7645	94.8987	755.5793	94.8108	
07/08/2017	06:32:46	019004	H421016898HLR	L421	S		707.8150	1.0233	20.2055	100.0427	39.9454	0.8230	0.8254	5.0000	19.9417	815.1042	94.7669	14.2311	24.3000	0.9300	0.9390	0.6910	-0.0004	815.0000	815.4869	1.0339	-2.5219	100.0192	39.9487	0.8230	0.8226	5.0000	-9999.0000	-9999.0000	-9999.0000	-9999.0000	-9999.0000	-9999.0000	25.3925	4	0	26.4229	1.0000	99	9	-9999.0000	46430	30444	-9999	410	3271	-9999	559.1644	5	0.6862	0.6910	-0.0004	55.4232	3.8115	741.3280	407.3093	37.6959	677.4943	95.8433	739.8729	95.2062	747.2353	94.8987	752.4206	94.8328	
07/08/2017	06:33:14	019004	H421016878HLR	L421	Q		710.5462	1.0233	21.0622	100.0419	39.9229	0.8230	0.8254	5.0000	19.9925	815.1373	94.6351	12.1908	24.2000	0.9300	0.9388	0.6909	-0.0004	815.0000	812.8654	1.0339	-2.4471	100.0299	39.9491	0.8230	0.8225	5.0000	-9999.0000	-9999.0000	-9999.0000	-9999.0000	-9999.0000	-9999.0000	22.8824	5	0	27.8332	1.0000	99	9	-9999.0000	46431	30445	-9999	411	3272	-9999	559.5420	5	0.6859	0.6909	-0.0004	44.5683	4.6393	744.2783	398.6657	36.5316	677.3637	95.7115	742.8049	95.0964	752.9367	94.8108	760.2938	94.7889	
07/08/2017	06:34:09	019004	H421016882HLR	L421	Q		694.0718	1.0233	15.8945	99.8526	39.8461	0.8230	0.8256	5.0000	21.1625	815.1457	95.2062	14.9919	24.1000	0.9300	0.9388	0.6957	-0.0007	815.0000	815.4396	1.0339	-2.5205	100.0276	40.3362	0.8230	0.8242	5.0000	-9999.0000	-9999.0000	-9999.0000	-9999.0000	-9999.0000	-9999.0000	23.9723	7	0	27.9824	1.0000	99	9	-9999.0000	46433	30446	-9999	413	3274	-9999	558.5703	5	0.6862	0.6957	-0.0007	49.8239	4.2705	728.9969	374.8917	36.0264	650.6402	95.7554	727.3978	95.2282	736.2539	94.8767	743.4970	94.7669	
07/08/2017	06:34:35	019004	H421016885HLR	L421	S		712.1202	1.0233	21.5559	100.1271	40.1106	0.8230	0.8254	5.0000	21.0326	815.0828	94.6790	12.7114	24.2000	0.9300	0.9388	0.6923	-0.0005	815.0000	815.6824	1.0339	-2.5275	100.0182	40.5608	0.8230	0.8227	5.0000	-9999.0000	-9999.0000	-9999.0000	-9999.0000	-9999.0000	-9999.0000	24.0427	8	0	25.7236	1.0000	99	9	-9999.0000	46434	30447	-9999	414	3275	-9999	559.5909	5	0.6860	0.6923	-0.0005	65.0519	3.1313	743.6857	390.8145	36.9929	668.5798	95.6236	742.4327	95.1403	750.2033	94.8328	757.1140	94.7669	
07/08/2017	06:35:02	019004	H421016890HLR	L421	S		708.5081	1.0233	20.4229	100.0960	39.9859	0.8230	0.8253	5.0000	19.8421	815.0873	94.8548	13.5816	24.2000	0.9300	0.9389	0.6987	-0.0009	815.0000	817.1501	1.0339	-2.5694	100.0937	40.3718	0.8230	0.8225	5.0000	-9999.0000	-9999.0000	-9999.0000	-9999.0000	-9999.0000	-9999.0000	20.9525	1	0	27.8625	1.0000	99	9	-9999.0000	46435	30448	-9999	415	3276	-9999	559.2211	5	0.6861	0.6987	-0.0009	58.8815	3.5951	737.4543	397.8417	37.7837	665.4212	95.8433	735.8866	95.1623	746.4536	94.8328	753.5026	94.7889	
07/08/2017	06:35:32	019004	H421016892HLR	L421	S		708.8984	1.0233	20.5453	99.9335	39.8119	0.8230	0.8253	5.0000	19.9115	815.0810	94.7449	13.2710	24.2000	0.9300	0.9389	0.6987	-0.0009	815.0000	817.2841	1.0339	-2.5732	100.0195	40.1346	0.8230	0.8223	5.0000	-9999.0000	-9999.0000	-9999.0000	-9999.0000	-9999.0000	-9999.0000	23.9128	2	0	29.9633	1.0000	99	9	-9999.0000	46436	30449	-9999	416	3277	-9999	559.4235	5	0.6861	0.6987	-0.0009	58.8815	3.5951	738.4146	398.7716	37.4542	669.6917	95.7994	736.9559	95.2282	746.6544	94.8767	754.2229	94.7669	
07/08/2017	06:36:00	019004	H421016865HLR	L421	S		708.5876	1.0233	20.4478	100.1347	39.9487	0.8230	0.8253	5.0000	21.4115	815.0957	94.6351	12.6518	24.2000	0.9300	0.9389	0.6951	-0.0007	815.0000	815.6326	1.0339	-2.5260	99.9946	39.9487	0.8230	0.8224	5.0000	-9999.0000	-9999.0000	-9999.0000	-9999.0000	-9999.0000	-9999.0000	26.7032	3	0	27.4932	1.0000	99	9	-9999.0000	46437	30450	-9999	417	3278	-9999	559.6559	5	0.6860	0.6951	-0.0007	58.7468	3.5814	742.5153	395.0136	36.8611	670.9663	95.6895	741.0411	95.0964	750.9326	94.7889	758.8192	94.7669	
07/08/2017	06:36:26	019004	H421016871HLR	L421	S		710.5004	1.0233	21.0478	100.0182	40.0244	0.8230	0.8254	5.0000	19.9728	815.0846	94.5253	11.9906	24.2000	0.9300	0.9389	0.6962	-0.0008	815.0000	813.4642	1.0339	-2.4642	100.0791	39.9808	0.8230	0.8225	5.0000	-9999.0000	-9999.0000	-9999.0000	-9999.0000	-9999.0000	-9999.0000	21.8325	4	0	26.5236	1.0000	99	9	-9999.0000	46438	30451	-9999	418	3279	-9999	560.0828	5	0.6860	0.6962	-0.0008	61.1307	3.3772	741.7616	406.2555	38.5087	673.6321	95.6456	740.3791	95.1403	751.4706	94.8108	759.5765	94.7669	
07/08/2017	06:36:56	019004	H421016868HLR	L421	S		710.4969	1.0233	21.0467	100.1582	39.8930	0.8230	0.8250	5.0000	21.2318	815.0955	94.7230	12.8921	24.2000	0.9300	0.9389	0.6977	-0.0009	815.0000	814.5857	1.0339	-2.4962	100.0318	39.9966	0.8230	0.8227	5.0000	-9999.0000	-9999.0000	-9999.0000	-9999.0000	-9999.0000	-9999.0000	20.9427	5	0	29.6332	1.0000	99	9	-9999.0000	46439	30452	-9999	418	3280	-9999	559.5375	5	0.6858	0.6977	-0.0009	58.3037	3.6007	738.4068	382.3437	37.1028	667.2680	95.5577	737.2379	94.9866	744.9942	94.7669	753.2702	94.7669	
07/08/2017	06:37:26	019004	H421016571HLR	L421	S		706.8475	1.0233	19.9020	99.9387	39.8940	0.8230	0.8254	5.0000	19.9719	815.1244	94.5692	12.4916	24.2000	0.9300	0.9389	0.6964	-0.0008	815.0000	814.8422	1.0339	-2.5035	100.0076	40.0275	0.8230	0.8226	5.0000	-9999.0000	-9999.0000	-9999.0000	-9999.0000	-9999.0000	-9999.0000	25.7013	6	0	30.2631	1.0000	99	9	-9999.0000	46440	30453	-9999	419	3281	-9999	559.6648	5	0.6856	0.6964	-0.0008	63.1266	3.2679	740.4284	413.2502	38.6844	677.4714	95.6236	739.5478	95.1403	749.1293	94.8548	757.3970	94.7889	
07/08/2017	06:37:54	019004	H421016575HLR	L421	S		706.6511	1.0233	19.8404	100.1844	40.0134	0.8230	0.8255	5.0000	20.0922	815.0889	94.6790	13.0610	24.2000	0.9300	0.9389	0.6977	-0.0009	815.0000	814.9657	1.0339	-2.5070	99.9865	39.9765	0.8230	0.8225	5.0000	-9999.0000	-9999.0000	-9999.0000	-9999.0000	-9999.0000	-9999.0000	26.8829	7	0	27.4832	1.0000	99	9	-9999.0000	46441	30454	-9999	420	3282	-9999	559.2358	5	0.6857	0.6977	-0.0009	67.6198	2.9587	736.4833	392.1141	39.0359	668.4404	95.6676	734.9493	95.0964	745.3931	94.8328	751.6793	94.8108	
07/08/2017	06:38:22	019004	H421016584HLR	L421	S		708.4774	1.0233	20.4132	100.0820	39.9309	0.8230	0.8250	5.0000	21.1421	815.1526	94.6131	12.8022	24.2000	0.9300	0.9389	0.7011	-0.0011	815.0000	814.4737	1.0339	-2.4930	100.1071	40.0680	0.8230	0.8227	5.0000	-9999.0000	-9999.0000	-9999.0000	-9999.0000	-9999.0000	-9999.0000	20.9925	8	0	28.2830	1.0000	99	9	-9999.0000	46441	30455	-9999	421	3283	-9999	559.7457	5	0.6860	0.7011	-0.0011	71.3788	2.6533	735.9669	401.9145	39.1457	669.1543	95.5138	734.4384	94.9426	744.2442	94.7669	751.2432	94.8328	
07/08/2017	06:38:50	019004	H421016587HLR	L421	S		705.2694	1.0233	19.4070	100.0790	39.8668	0.8230	0.8254	5.0000	19.9731	815.1252	94.8767	14.0416	24.2000	0.9300	0.9390	0.7015	-0.0012	815.0000	816.6411	1.0339	-2.5548	99.9871	40.0250	0.8230	0.8226	5.0000	-9999.0000	-9999.0000	-9999.0000	-9999.0000	-9999.0000	-9999.0000	24.9627	1	0	28.0236	1.0000	99	9	-9999.0000	46442	30456	-9999	422	3284	-9999	558.5598	5	0.6860	0.7015	-0.0012	70.8748	2.6684	734.1767	396.6316	37.7398	670.1756	95.6676	732.8865	95.0525	741.9885	94.8108	747.9231	94.8548	
07/08/2017	06:39:19	019004	H421016591HLR	L421	Q		711.4610	1.0233	21.3491	99.9137	39.9544	0.8230	0.8255	5.0000	20.0999	815.0715	94.7010	12.5014	24.2000	0.9300	0.9389	0.7009	-0.0011	815.0000	815.1412	1.0339	-2.5120	100.0008	40.0512	0.8230	0.8226	5.0000	-9999.0000	-9999.0000	-9999.0000	-9999.0000	-9999.0000	-9999.0000	23.4323	2	0	28.7425	1.0000	99	9	-9999.0000	46443	30457	-9999	423	3285	-9999	559.9702	5	0.6862	0.7009	-0.0011	74.4198	2.4361	736.3917	408.7188	39.2336	673.9258	95.6456	735.1597	95.1403	743.8289	94.8548	751.0865	94.7669	
07/08/2017	06:39:46	019004	H421016595HLR	L421	S		709.5484	1.0233	20.7492	100.0901	39.9994	0.8230	0.8253	5.0000	20.1419	815.1212	94.8328	13.3413	24.2000	0.9300	0.9390	0.7204	-0.0027	815.0000	814.4842	1.0339	-2.4933	100.0460	40.0521	0.8230	0.8228	5.0000	-9999.0000	-9999.0000	-9999.0000	-9999.0000	-9999.0000	-9999.0000	22.7926	3	0	26.9337	1.0000	99	9	-9999.0000	46444	30458	-9999	424	3285	-9999	558.3673	5	0.6863	0.7204	-0.0027	30.8721	5.8981	719.1034	388.0164	37.3005	651.7717	95.7994	717.6168	95.2062	726.7690	94.8987	735.7080	94.8108	
07/08/2017	06:40:14	019004	H421016597HLR	L421	S		707.6732	1.0233	20.1610	99.9486	39.8862	0.8230	0.8253	5.0000	20.1429	815.1802	94.7010	13.1919	24.2000	0.9300	0.9390	0.7186	-0.0025	815.0000	814.5926	1.0339	-2.4964	100.0562	40.0512	0.8230	0.8226	5.0000	-9999.0000	-9999.0000	-9999.0000	-9999.0000	-9999.0000	-9999.0000	23.2320	4	0	28.2531	1.0000	99	9	-9999.0000	46445	30459	-9999	425	3286	-9999	558.8272	5	0.6862	0.7186	-0.0025	32.1150	5.8023	721.3400	383.0663	38.3329	647.1528	95.6456	719.5917	95.1403	730.6935	94.8548	738.5187	94.8328	
07/08/2017	06:40:43	019004	H421016874HLR	L421	S		693.2527	1.0233	15.6376	99.9409	39.9257	0.8230	0.8255	5.0000	20.1820	815.1145	94.7449	13.7613	24.2000	0.9300	0.9390	0.7152	-0.0023	815.0000	811.7144	1.0339	-2.4142	100.0735	40.0996	0.8230	0.8229	5.0000	-9999.0000	-9999.0000	-9999.0000	-9999.0000	-9999.0000	-9999.0000	20.7922	5	0	28.8334	1.0000	99	9	-9999.0000	46446	30460	-9999	426	3287	-9999	557.8584	5	0.6861	0.7152	-0.0023	58.0547	3.7682	712.9464	381.3345	37.3444	636.9183	95.7335	711.5218	95.2062	723.2113	94.8548	732.6597	94.7889	
07/08/2017	06:41:11	019004	H421016877HLR	L421	S		692.0318	1.0233	15.2547	100.0185	40.0003	0.8230	0.8255	5.0000	20.1615	815.1029	95.0744	15.0319	24.2000	0.9300	0.9390	0.7154	-0.0023	815.0000	812.6770	1.0339	-2.4417	100.0931	40.0742	0.8230	0.8227	5.0000	-9999.0000	-9999.0000	-9999.0000	-9999.0000	-9999.0000	-9999.0000	21.5825	6	0	28.3127	1.0000	99	9	-9999.0000	46447	30461	-9999	427	3288	-9999	555.5356	5	0.6862	0.7154	-0.0023	57.4058	3.8222	712.1268	374.5467	37.9155	637.6191	95.8213	710.5093	95.3161	721.5934	94.9646	728.9462	94.8108	
07/08/2017	06:41:39	019004	H421016883HLR	L421	S		710.4239	1.0233	21.0238	99.9422	39.9333	0.8230	0.8253	5.0000	20.0021	815.1522	94.6790	12.5922	24.3000	0.9300	0.9390	0.7137	-0.0021	815.0000	814.8062	1.0339	-2.5025	100.0654	40.0862	0.8230	0.8228	5.0000	-9999.0000	-9999.0000	-9999.0000	-9999.0000	-9999.0000	-9999.0000	20.6527	7	0	27.3928	1.0000	99	9	-9999.0000	46448	30462	-9999	428	3288	-9999	560.0841	5	0.6863	0.7137	-0.0021	61.0738	3.5220	726.3987	378.4705	36.7952	649.5748	95.7115	724.7015	95.2062	736.4791	94.8548	745.0710	94.7449	
07/08/2017	06:42:07	019004	H421016875HLR	L421	S		692.4023	1.0233	15.3709	100.2303	39.9071	0.8230	0.8255	5.0000	20.0519	815.0943	95.1403	14.6413	24.3000	0.9300	0.9390	0.7122	-0.0020	815.0000	812.7839	1.0339	-2.4447	100.0863	40.0777	0.8230	0.8228	5.0000	-9999.0000	-9999.0000	-9999.0000	-9999.0000	-9999.0000	-9999.0000	20.7620	8	0	28.0832	1.0000	99	9	-9999.0000	46449	30463	-9999	429	3289	-9999	556.7775	5	0.6864	0.7122	-0.0020	64.8721	3.2145	713.9072	390.4285	36.8831	646.1935	95.9971	712.4185	95.4039	723.9356	94.9426	730.8772	94.8108	
07/08/2017	06:42:39	019004	H421016889HLR	L421	S		695.6342	1.0233	16.3846	100.0708	39.9487	0.8230	0.8255	5.0000	20.0535	815.1628	94.8767	14.5817	24.3000	0.9300	0.9391	0.7133	-0.0021	815.0000	815.4539	1.0339	-2.5209	99.9893	40.0512	0.8230	0.8226	5.0000	-9999.0000	-9999.0000	-9999.0000	-9999.0000	-9999.0000	-9999.0000	22.8628	1	0	31.9139	1.0000	99	9	-9999.0000	46450	30464	-9999	430	3290	-9999	556.8792	5	0.6865	0.7133	-0.0021	61.5871	3.4553	717.4053	392.7770	38.6624	651.5265	95.7335	715.9533	95.1184	726.8961	94.8108	736.6263	94.7889	
07/08/2017	06:43:07	019004	H421016891HLR	L421	S		687.0827	1.0233	13.7022	100.1923	39.9628	0.8230	0.8254	5.0000	19.9719	815.0725	94.9646	14.7018	24.3000	0.9300	0.9391	0.7059	-0.0015	815.0000	815.9728	1.0339	-2.5358	100.0129	40.0512	0.8230	0.8226	5.0000	-9999.0000	-9999.0000	-9999.0000	-9999.0000	-9999.0000	-9999.0000	25.2830	2	0	28.2130	1.0000	99	9	-9999.0000	46450	30465	-9999	431	3291	-9999	557.4163	5	0.6861	0.7059	-0.0015	26.5798	6.1867	722.6370	399.5655	38.9480	656.2459	95.7994	721.0264	95.1843	732.6072	94.8548	741.0752	94.7669	
07/08/2017	06:43:34	019004	H421016897HLR	L421	S		701.0778	1.0233	18.0922	99.9175	39.9124	0.8230	0.8253	5.0000	20.1419	815.1382	94.7010	13.4117	24.2000	0.9300	0.9389	0.7062	-0.0015	815.0000	814.4704	1.0339	-2.4929	100.0708	40.0605	0.8230	0.8226	5.0000	-9999.0000	-9999.0000	-9999.0000	-9999.0000	-9999.0000	-9999.0000	21.0824	3	0	27.6536	1.0000	99	9	-9999.0000	46451	30466	-9999	432	3292	-9999	559.0798	5	0.6861	0.7062	-0.0015	29.2139	6.0003	726.2157	401.7145	37.5201	663.9291	95.6895	724.8244	95.0305	735.7602	94.7449	744.2194	94.7889	
07/08/2017	06:44:01	019004	H421016901HLR	L421	S		696.5427	1.0233	16.6696	100.0431	39.9233	0.8230	0.8255	5.0000	20.1018	815.0883	94.9207	14.3815	24.2000	0.9300	0.9389	0.7039	-0.0013	815.0000	814.0728	1.0339	-2.4815	100.0270	39.9575	0.8230	0.8226	5.0000	-9999.0000	-9999.0000	-9999.0000	-9999.0000	-9999.0000	-9999.0000	24.2626	4	0	26.4824	1.0000	99	9	-9999.0000	46452	30467	-9999	433	3293	-9999	558.1678	5	0.6859	0.7039	-0.0013	16.9846	6.9026	723.5472	412.2990	38.8382	660.8819	95.7335	722.0187	95.0964	731.9603	94.8328	739.9389	94.8108	
07/08/2017	06:44:30	019004	H421016910HLR	L421	S		688.0078	1.0233	13.9924	99.9504	39.9487	0.8230	0.8255	5.0000	20.1820	815.1060	94.9207	14.8718	24.3000	0.9300	0.9389	0.7065	-0.0015	815.0000	813.1454	1.0339	-2.4551	100.0338	40.0492	0.8230	0.8227	5.0000	-9999.0000	-9999.0000	-9999.0000	-9999.0000	-9999.0000	-9999.0000	20.8020	5	0	28.9037	1.0000	99	9	-9999.0000	46453	30468	-9999	434	3294	-9999	557.3232	5	0.6856	0.7065	-0.0015	10.8581	7.3717	717.0022	400.2671	38.7283	650.8618	95.7335	715.5738	95.1403	724.7850	94.8328	733.3957	94.8108	
07/08/2017	06:44:58	019004	H421016905HLR	L421	S		692.3559	1.0233	15.3563	100.0510	39.9468	0.8230	0.8254	5.0000	19.9524	815.1673	94.8987	14.5710	24.3000	0.9300	0.9389	0.7070	-0.0016	815.0000	813.0364	1.0339	-2.4520	100.0291	40.0596	0.8230	0.8227	5.0000	-9999.0000	-9999.0000	-9999.0000	-9999.0000	-9999.0000	-9999.0000	21.1721	6	0	28.4826	1.0000	99	9	-9999.0000	46454	30469	-9999	435	3295	-9999	557.6244	5	0.6852	0.7070	-0.0016	-0.1647	8.2175	719.3480	408.3340	40.2441	658.1947	95.8213	718.0142	95.2502	726.9086	94.9207	734.7934	94.7889	
07/08/2017	06:45:28	019004	H421015692HLR	L421	S		698.2712	1.0233	17.2118	99.9472	39.9167	0.8230	0.8254	5.0000	20.0931	815.1788	94.7010	13.1909	24.3000	0.9300	0.9389	0.7069	-0.0016	815.0000	813.3825	1.0339	-2.4618	100.0025	40.0040	0.8230	0.8226	5.0000	-9999.0000	-9999.0000	-9999.0000	-9999.0000	-9999.0000	-9999.0000	23.8933	7	0	29.3139	1.0000	99	9	-9999.0000	46455	30470	-9999	436	3296	-9999	559.5385	5	0.6854	0.7069	-0.0016	-1.0777	8.3498	724.4275	409.3059	37.5641	660.8973	95.7115	722.8786	95.1623	732.9898	94.8548	741.6971	94.7449	
07/08/2017	06:45:57	019004	H421015698HLR	L421	S		708.9188	1.0233	20.5517	100.1390	39.9309	0.8230	0.8255	5.0000	19.9817	815.1382	94.6571	12.7719	24.3000	0.9300	0.9389	0.7075	-0.0016	815.0000	817.0815	1.0339	-2.5674	99.9822	39.9716	0.8230	0.8226	5.0000	-9999.0000	-9999.0000	-9999.0000	-9999.0000	-9999.0000	-9999.0000	25.4822	8	0	29.5932	1.0000	99	9	-9999.0000	46456	30471	-9999	437	3297	-9999	560.2307	5	0.6853	0.7075	-0.0016	-0.8153	8.3139	732.8091	403.1103	39.3434	668.0535	95.4259	731.6863	94.8108	742.4211	94.7010	750.5889	94.8108	
07/08/2017	06:46:26	019004	H421015664HLR	L421	S		693.4639	1.0233	15.7039	99.9058	39.9487	0.8230	0.8254	5.0000	20.2122	815.1168	95.1403	14.6013	24.2000	0.9300	0.9389	0.7062	-0.0015	815.0000	815.2055	1.0339	-2.5139	99.9876	40.0414	0.8230	0.8225	5.0000	-9999.0000	-9999.0000	-9999.0000	-9999.0000	-9999.0000	-9999.0000	26.2832	1	0	28.4437	1.0000	99	9	-9999.0000	46457	30472	-9999	438	3298	-9999	558.0770	5	0.6853	0.7062	-0.0015	2.5722	8.1321	721.0121	401.8717	37.3444	660.0838	95.6456	719.4899	95.0744	729.9611	94.8328	737.3358	94.8108	
07/08/2017	06:46:54	019004	H421016912HLR	L421	S		693.9420	1.0233	15.8538	100.2217	39.9462	0.8230	0.8254	5.0000	19.9926	815.1344	94.9207	14.7917	24.3000	0.9300	0.9389	0.7072	-0.0015	815.0000	813.9159	1.0339	-2.4771	100.0696	40.0766	0.8230	0.8227	5.0000	-9999.0000	-9999.0000	-9999.0000	-9999.0000	-9999.0000	-9999.0000	20.3421	2	0	28.2228	1.0000	99	9	-9999.0000	46458	30473	-9999	439	3299	-9999	558.0196	5	0.6853	0.7072	-0.0015	12.8700	7.4220	718.5425	395.1171	37.3005	654.0357	95.6017	717.1814	95.0744	727.0804	94.8108	734.8565	94.7889	
07/08/2017	06:47:21	019004	H421015683HLR	L421	S		702.5208	1.0233	18.5448	100.1743	39.9429	0.8230	0.8254	5.0000	20.2329	815.1414	94.7010	13.1314	24.3000	0.9300	0.9389	0.7084	-0.0016	815.0000	816.5421	1.0339	-2.5520	100.0943	40.0648	0.8230	0.8227	5.0000	-9999.0000	-9999.0000	-9999.0000	-9999.0000	-9999.0000	-9999.0000	20.5023	3	0	27.6331	1.0000	99	9	-9999.0000	46459	30474	-9999	440	3300	-9999	560.1543	5	0.6853	0.7084	-0.0016	19.8323	6.9371	728.8635	376.1941	36.4877	655.5054	95.4698	727.3419	94.9646	738.1980	94.7449	747.8033	94.7669	
07/08/2017	06:47:50	019004	H421015688HLR	L421	S		693.2463	1.0233	15.6356	99.9775	39.9333	0.8230	0.8254	5.0000	20.2219	815.1595	94.8767	14.0914	24.3000	0.9300	0.9389	0.7025	-0.0012	815.0000	814.4662	1.0339	-2.4928	100.0351	40.0576	0.8230	0.8228	5.0000	-9999.0000	-9999.0000	-9999.0000	-9999.0000	-9999.0000	-9999.0000	20.7425	4	0	28.2933	1.0000	99	9	-9999.0000	46460	30475	-9999	441	3301	-9999	558.8846	5	0.6855	0.7025	-0.0012	12.9433	7.4417	724.2913	383.0715	35.3234	647.4173	95.5577	722.7452	95.0085	733.0389	94.7889	741.5604	94.7889	
07/08/2017	06:48:20	019004	H421015682HLR	L421	S		695.8262	1.0233	16.4449	99.8169	39.9088	0.8230	0.8251	5.0000	21.7026	815.1027	94.8767	14.2819	24.3000	0.9300	0.9389	0.7023	-0.0012	815.0000	813.8716	1.0339	-2.4758	99.9784	40.0273	0.8230	0.8227	5.0000	-9999.0000	-9999.0000	-9999.0000	-9999.0000	-9999.0000	-9999.0000	22.2525	5	0	29.8431	1.0000	99	9	-9999.0000	46461	30476	-9999	442	3302	-9999	558.5877	5	0.6852	0.7023	-0.0012	27.5718	6.4024	723.7423	380.5747	37.5201	651.6420	95.6236	722.2875	95.1403	732.1071	94.8767	739.3588	94.7889	
07/08/2017	06:48:47	019004	H421015678HLR	L421	S		691.1946	1.0233	14.9920	99.9687	39.9331	0.8230	0.8254	5.0000	20.2123	815.1222	94.8987	14.6218	24.3000	0.9300	0.9389	0.7000	-0.0010	815.0000	815.8388	1.0339	-2.5319	100.0578	40.0512	0.8230	0.8226	5.0000	-9999.0000	-9999.0000	-9999.0000	-9999.0000	-9999.0000	-9999.0000	21.9125	6	0	27.0029	1.0000	99	9	-9999.0000	46462	30477	-9999	443	3303	-9999	558.4356	5	0.6853	0.7000	-0.0010	27.2582	6.4398	725.6002	398.5417	37.9814	655.2931	95.6017	723.9703	95.0525	734.9537	94.7889	743.5291	94.7669	
07/08/2017	06:49:14	019004	H421015672HLR	L421	S		694.1511	1.0233	15.9194	99.9028	39.9487	0.8230	0.8253	5.0000	20.3421	815.0654	94.7449	13.4517	24.2000	0.9300	0.9389	0.6913	-0.0004	815.0000	813.7194	1.0339	-2.4714	100.0406	40.0406	0.8230	0.8226	5.0000	-9999.0000	-9999.0000	-9999.0000	-9999.0000	-9999.0000	-9999.0000	22.0220	7	0	27.7736	1.0000	99	9	-9999.0000	46463	30478	-9999	444	3304	-9999	559.1848	5	0.6856	0.6913	-0.0004	28.2485	6.4113	736.8318	404.1528	36.7293	666.1305	95.6895	735.3112	95.1623	746.5980	94.8328	753.7117	94.7449	
07/08/2017	06:49:42	019004	H421015662HLR	L421	S		701.2587	1.0233	18.1489	99.9211	39.9337	0.8230	0.8254	5.0000	20.0020	815.0890	94.9646	14.6218	24.2000	0.9300	0.9389	0.6902	-0.0003	815.0000	816.7389	1.0339	-2.5576	100.0643	40.0316	0.8230	0.8226	5.0000	-9999.0000	-9999.0000	-9999.0000	-9999.0000	-9999.0000	-9999.0000	21.6214	8	0	27.2023	1.0000	99	9	-9999.0000	46464	30479	-9999	445	3305	-9999	558.9209	5	0.6859	0.6902	-0.0003	35.9739	5.8455	740.2069	406.6039	37.9375	672.6888	95.5797	738.7649	95.0305	747.6869	94.8108	754.3548	94.8108	
07/08/2017	06:50:10	019004	H421015620HLR	L421	S		698.6619	1.0233	17.3343	99.9767	39.9317	0.8230	0.8254	5.0000	20.1527	815.1078	95.0085	15.6717	24.2000	0.9300	0.9389	0.6885	-0.0002	815.0000	818.3592	1.0339	-2.6039	100.0109	40.0562	0.8230	0.8227	5.0000	-9999.0000	-9999.0000	-9999.0000	-9999.0000	-9999.0000	-9999.0000	20.9222	1	0	28.6839	1.0000	99	9	-9999.0000	46465	30480	-9999	446	3306	-9999	558.7920	5	0.6859	0.6885	-0.0002	39.0434	5.6246	736.9235	412.5599	37.6300	670.6753	95.7115	735.6309	95.1843	744.0702	94.8767	749.1409	94.7889	
07/08/2017	06:50:37	019004	H421015658HLR	L421	S		696.5099	1.0233	16.6593	100.0602	39.9487	0.8230	0.8254	5.0000	20.2523	815.1003	94.7889	13.3423	24.2000	0.9300	0.9389	0.6933	-0.0005	815.0000	813.6367	1.0339	-2.4691	100.0009	40.0723	0.8230	0.8228	5.0000	-9999.0000	-9999.0000	-9999.0000	-9999.0000	-9999.0000	-9999.0000	20.2921	2	0	26.6231	1.0000	99	9	-9999.0000	46466	30481	-9999	447	3307	-9999	559.3776	5	0.6858	0.6933	-0.0005	33.0402	6.0947	737.1348	411.7652	38.7503	670.7796	95.7554	735.6663	95.1843	745.0661	94.8328	752.0909	94.7669	
07/08/2017	06:51:06	019004	H421015626HLR	L421	S		698.6390	1.0233	17.3272	100.0311	39.9440	0.8230	0.8254	5.0000	19.8420	815.1244	94.8108	13.5513	24.2000	0.9300	0.9388	0.6970	-0.0008	815.0000	815.5162	1.0339	-2.5227	100.0657	40.0654	0.8230	0.8228	5.0000	-9999.0000	-9999.0000	-9999.0000	-9999.0000	-9999.0000	-9999.0000	20.5824	3	0	29.2728	1.0000	99	9	-9999.0000	46467	30482	-9999	448	3308	-9999	559.5140	5	0.6860	0.6970	-0.0008	44.5537	5.2902	734.5869	402.5968	37.3664	668.2287	95.7554	733.1803	95.0964	742.7928	94.8108	749.8255	94.7669	
07/08/2017	06:51:33	019004	H421015616HLR	L421	S		700.7416	1.0233	17.9867	100.1259	39.9116	0.8230	0.8254	5.0000	20.1721	815.1402	94.7449	13.4214	24.2000	0.9300	0.9388	0.6997	-0.0010	815.0000	815.4669	1.0339	-2.5213	100.0407	40.0731	0.8230	0.8228	5.0000	-9999.0000	-9999.0000	-9999.0000	-9999.0000	-9999.0000	-9999.0000	20.1721	4	0	27.0129	1.0000	99	9	-9999.0000	46468	30483	-9999	449	3309	-9999	559.5830	5	0.6858	0.6997	-0.0010	52.6673	4.6763	732.0036	401.5906	37.2346	663.3792	95.5797	730.5207	95.0085	739.6895	94.7889	747.5550	94.7889	
07/08/2017	06:52:01	019004	H421015668HLR	L421	S		699.1464	1.0233	17.4863	100.1712	39.9446	0.8230	0.8252	5.0000	21.3618	815.1070	94.8767	14.5319	24.2000	0.9300	0.9389	0.7004	-0.0011	815.0000	815.1724	1.0339	-2.5129	100.0933	40.0420	0.8230	0.8227	5.0000	-9999.0000	-9999.0000	-9999.0000	-9999.0000	-9999.0000	-9999.0000	20.8518	5	0	27.4533	1.0000	99	9	-9999.0000	46469	30484	-9999	450	3310	-9999	558.4525	5	0.6853	0.7004	-0.0011	69.3881	3.4467	727.6561	409.4675	40.4198	668.4776	95.4918	726.4088	94.9426	735.1797	94.7889	741.8028	94.8108	
07/08/2017	06:52:29	019004	H421015640HLR	L421	S		696.1359	1.0233	16.5420	99.9699	39.9487	0.8230	0.8253	5.0000	20.4317	815.1563	94.6790	12.9614	24.3000	0.9300	0.9389	0.7137	-0.0020	815.0000	814.8431	1.0339	-2.5035	100.0803	40.0320	0.8230	0.8228	5.0000	-9999.0000	-9999.0000	-9999.0000	-9999.0000	-9999.0000	-9999.0000	20.3217	6	0	28.0529	1.0000	99	9	-9999.0000	46470	30485	-9999	451	3311	-9999	561.0946	5	0.6855	0.7137	-0.0020	94.2097	1.7508	721.8627	410.0906	39.1018	658.9217	95.5797	720.2648	95.0744	731.9834	94.8108	740.4965	94.7669	
07/08/2017	06:52:59	019004	H421015644HLR	L421	S		688.9929	1.0233	14.3014	100.0152	39.9307	0.8230	0.8252	5.0000	20.8919	815.1429	95.0744	15.2214	24.3000	0.9300	0.9390	0.7075	-0.0015	815.0000	815.5442	1.0339	-2.5235	100.0701	40.0318	0.8230	0.8227	5.0000	-9999.0000	-9999.0000	-9999.0000	-9999.0000	-9999.0000	-9999.0000	20.9319	7	0	30.2134	1.0000	99	9	-9999.0000	46471	30486	-9999	452	3312	-9999	557.7177	5	0.6857	0.7075	-0.0015	95.0955	1.6608	716.8696	387.7663	39.6729	656.9388	95.6895	715.6054	95.0964	726.0289	94.8548	733.3586	94.8108	
07/08/2017	06:53:27	019004	H421015630HLR	L421	S		697.5672	1.0233	16.9910	100.0547	39.9321	0.8230	0.8254	5.0000	20.1125	815.0938	94.7669	13.3609	24.3000	0.9300	0.9390	0.7082	-0.0016	815.0000	815.0462	1.0339	-2.5093	100.0657	40.0641	0.8230	0.8228	5.0000	-9999.0000	-9999.0000	-9999.0000	-9999.0000	-9999.0000	-9999.0000	20.4818	8	0	28.2639	1.0000	99	9	-9999.0000	46472	30487	-9999	453	3313	-9999	559.8875	5	0.6857	0.7082	-0.0016	91.5150	1.8912	724.3173	406.4131	39.2116	666.1655	95.7994	722.9163	95.1623	733.4049	94.8328	742.6455	94.7449	
07/08/2017	06:53:55	019004	H421015648HLR	L421	S		701.9009	1.0233	18.3503	99.9025	39.9540	0.8230	0.8254	5.0000	20.3714	815.1041	94.7669	13.4118	24.3000	0.9300	0.9390	0.7112	-0.0018	815.0000	815.1582	1.0339	-2.5125	100.0579	40.0054	0.8230	0.8227	5.0000	-9999.0000	-9999.0000	-9999.0000	-9999.0000	-9999.0000	-9999.0000	21.5523	1	0	27.9123	1.0000	99	9	-9999.0000	46473	30488	-9999	454	3314	-9999	560.0475	5	0.6856	0.7112	-0.0018	101.7265	1.1653	723.3560	391.5125	38.9041	660.0609	95.7335	721.9036	95.0525	732.5414	94.8108	740.4941	94.7889	
07/08/2017	06:54:23	019004	H421015652HLR	L421	S		694.3984	1.0233	15.9970	100.1441	39.9235	0.8230	0.8253	5.0000	20.1225	815.1301	94.9646	14.3717	24.3000	0.9300	0.9389	0.7133	-0.0020	815.0000	814.7164	1.0339	-2.4999	100.0453	39.9915	0.8230	0.8226	5.0000	-9999.0000	-9999.0000	-9999.0000	-9999.0000	-9999.0000	-9999.0000	21.8022	2	0	27.7834	1.0000	99	9	-9999.0000	46474	30489	-9999	455	3315	-9999	558.6734	5	0.6859	0.7133	-0.0020	108.0103	0.7028	715.1534	390.1972	38.8382	650.7731	95.6236	713.8202	95.0964	724.4636	94.8328	732.9272	94.7889	
07/08/2017	06:54:51	019004	H421015614HLR	L421	S		690.1293	1.0233	14.6579	100.0330	39.9362	0.8230	0.8255	5.0000	20.0415	815.1007	95.0085	16.2518	24.3000	0.9300	0.9390	0.7121	-0.0019	815.0000	814.2481	1.0339	-2.4865	100.0818	40.0306	0.8230	0.8228	5.0000	-9999.0000	-9999.0000	-9999.0000	-9999.0000	-9999.0000	-9999.0000	20.3116	3	0	28.6731	1.0000	99	9	-9999.0000	46475	30490	-9999	456	3316	-9999	555.6402	5	0.6859	0.7121	-0.0019	104.7934	0.9286	708.7974	388.7472	38.6405	645.3139	95.5797	707.5209	95.0525	717.1761	94.8108	725.0287	94.7889	
07/08/2017	06:55:19	019004	H421015396HLR	L421	S		691.7940	1.0233	15.1801	100.0376	39.9487	0.8230	0.8254	5.0000	20.2815	815.1638	94.8987	14.5925	24.3000	0.9300	0.9390	0.7121	-0.0019	815.0000	814.0426	1.0339	-2.4807	100.0499	40.0297	0.8230	0.8227	5.0000	-9999.0000	-9999.0000	-9999.0000	-9999.0000	-9999.0000	-9999.0000	21.0317	4	0	27.6839	1.0000	99	9	-9999.0000	46476	30491	-9999	457	3317	-9999	558.3229	5	0.6859	0.7121	-0.0019	104.7934	0.9286	713.8909	395.0492	38.3549	647.3787	95.7554	712.3146	95.0964	723.3784	94.8108	731.2172	94.7669	
07/08/2017	06:55:47	019004	H421015624HLR	L421	S		696.0233	1.0233	16.5067	100.2001	39.9413	0.8230	0.8254	5.0000	19.9415	815.1491	94.8108	14.1217	24.3000	0.9300	0.9389	0.7117	-0.0018	815.0000	816.8243	1.0339	-2.5601	99.9999	39.9487	0.8230	0.8226	5.0000	-9999.0000	-9999.0000	-9999.0000	-9999.0000	-9999.0000	-9999.0000	24.3728	5	0	27.7423	1.0000	99	9	-9999.0000	46477	30492	-9999	458	3318	-9999	559.0103	5	0.6859	0.7117	-0.0018	97.5618	1.3993	720.4502	380.2769	37.5860	651.9853	95.7774	718.7535	95.0964	730.2904	94.8108	739.3050	94.7449	
07/08/2017	06:56:15	019004	H421015610HLR	L421	S		697.4325	1.0233	16.9487	100.0647	39.9098	0.8230	0.8253	5.0000	20.2522	815.1343	94.7889	14.0719	24.3000	0.9300	0.9389	0.7112	-0.0018	815.0000	816.1437	1.0339	-2.5406	100.0700	40.0177	0.8230	0.8227	5.0000	-9999.0000	-9999.0000	-9999.0000	-9999.0000	-9999.0000	-9999.0000	20.9524	6	0	27.6838	1.0000	99	9	-9999.0000	46478	30493	-9999	459	3319	-9999	559.1701	5	0.6860	0.7112	-0.0018	85.7432	2.3057	720.4795	373.6101	36.4877	650.6939	95.5358	718.9242	94.9426	729.6449	94.7449	739.1823	94.7889	
07/08/2017	06:56:43	019004	H421015634HLR	L421	S		695.0605	1.0233	16.2047	100.0223	39.9487	0.8230	0.8255	5.0000	20.0723	815.1296	94.9866	14.8816	24.2000	0.9300	0.9388	0.7091	-0.0017	815.0000	815.6876	1.0339	-2.5276	100.0097	39.9757	0.8230	0.8226	5.0000	-9999.0000	-9999.0000	-9999.0000	-9999.0000	-9999.0000	-9999.0000	23.4224	7	0	28.0930	1.0000	99	9	-9999.0000	46479	30494	-9999	460	3320	-9999	558.1136	5	0.6859	0.7091	-0.0017	78.3153	2.8570	715.7660	387.1742	37.5421	646.4586	95.5358	714.2588	95.0744	725.1236	94.8328	733.9059	94.7669	
07/08/2017	06:57:11	019004	H421015376HLR	L421	S		703.9405	1.0233	18.9901	100.0526	39.9487	0.8230	0.8254	5.0000	20.0316	815.1009	94.8108	14.0123	24.2000	0.9300	0.9388	0.7081	-0.0016	815.0000	818.3220	1.0339	-2.6028	100.0273	39.9784	0.8230	0.8225	5.0000	-9999.0000	-9999.0000	-9999.0000	-9999.0000	-9999.0000	-9999.0000	23.9030	8	0	28.1126	1.0000	99	9	-9999.0000	46480	30495	-9999	461	3321	-9999	559.2570	5	0.6858	0.7081	-0.0016	74.9754	3.1083	727.3106	373.0132	35.3673	653.0853	95.4039	725.8442	94.9426	735.6323	94.7449	743.5159	94.7669	
07/08/2017	06:57:40	019004	H421015404HLR	L421	S		698.3485	1.0233	17.2360	99.9627	39.9260	0.8230	0.8254	5.0000	19.9319	815.1501	94.8328	14.0016	24.2000	0.9300	0.9388	0.7091	-0.0016	815.0000	816.3234	1.0339	-2.5458	100.0451	39.9583	0.8230	0.8225	5.0000	-9999.0000	-9999.0000	-9999.0000	-9999.0000	-9999.0000	-9999.0000	23.8531	1	0	28.8439	1.0000	99	9	-9999.0000	46481	30496	-9999	462	3321	-9999	559.3899	5	0.6856	0.7091	-0.0016	75.5817	3.0825	723.2811	393.9880	38.1792	652.3800	95.6236	721.8969	95.1184	731.3013	94.8328	739.9957	94.7669	
07/08/2017	06:58:10	019004	H421015394HLR	L421	S		686.5858	1.0233	13.5464	100.1936	39.9255	0.8230	0.8254	5.0000	20.4222	815.1637	94.8328	14.0817	24.3000	0.9300	0.9390	0.7098	-0.0017	815.0000	813.5770	1.0339	-2.4674	100.0131	39.9849	0.8230	0.8225	5.0000	-9999.0000	-9999.0000	-9999.0000	-9999.0000	-9999.0000	-9999.0000	23.0524	2	0	29.9927	1.0000	99	9	-9999.0000	46482	30497	-9999	463	3322	-9999	559.2789	5	0.6855	0.7098	-0.0017	81.5652	2.6871	716.5449	398.2192	36.9270	647.2326	95.6676	715.0506	95.1403	726.3509	94.8548	734.9796	94.7669	
07/08/2017	06:58:37	019004	H421015384HLR	L421	S		691.4296	1.0233	15.0657	100.1014	39.9487	0.8230	0.8254	5.0000	20.1116	815.0859	94.8548	14.3718	24.3000	0.9300	0.9390	0.7099	-0.0017	815.0000	813.8566	1.0339	-2.4754	100.0403	40.0355	0.8230	0.8226	5.0000	-9999.0000	-9999.0000	-9999.0000	-9999.0000	-9999.0000	-9999.0000	21.0628	3	0	27.5031	1.0000	99	9	-9999.0000	46483	30498	-9999	464	3323	-9999	558.7461	5	0.6854	0.7099	-0.0017	89.3258	2.1746	717.1600	395.7832	36.7732	648.6071	95.5797	715.6052	94.9866	726.7227	94.7669	735.9995	94.7669	
07/08/2017	06:59:07	019004	H421015377HLR	L421	S		689.5833	1.0233	14.4866	99.8876	39.9440	0.8230	0.8254	5.0000	19.9320	815.1903	94.8767	14.4616	24.3000	0.9300	0.9389	0.7063	-0.0015	815.0000	812.6879	1.0339	-2.4420	100.0176	39.9681	0.8230	0.8226	5.0000	-9999.0000	-9999.0000	-9999.0000	-9999.0000	-9999.0000	-9999.0000	23.6121	4	0	30.0239	1.0000	99	9	-9999.0000	46484	30499	-9999	465	3324	-9999	558.5324	5	0.6849	0.7063	-0.0015	66.8024	3.6845	716.3952	395.9912	38.2011	653.0285	95.7115	715.0630	95.2062	726.1293	94.8767	734.5768	94.7669	
07/08/2017	06:59:36	019004	H421015360HLR	L421	S		687.5334	1.0233	13.8436	100.0520	39.9133	0.8230	0.8254	5.0000	20.2425	815.1139	94.9426	14.9714	24.3000	0.9300	0.9389	0.7053	-0.0014	815.0000	814.0530	1.0339	-2.4810	100.0772	40.0594	0.8230	0.8228	5.0000	-9999.0000	-9999.0000	-9999.0000	-9999.0000	-9999.0000	-9999.0000	20.4221	5	0	28.9428	1.0000	99	9	-9999.0000	46485	30500	-9999	466	3325	-9999	557.7851	5	0.6851	0.7053	-0.0014	74.0821	3.1452	716.4307	392.6527	36.7073	652.6662	95.7335	714.5227	95.1623	726.3014	94.8548	734.6090	94.7449	
07/08/2017	07:00:05	019004	H421015397HLR	L421	S		678.5646	1.0233	11.0303	100.0267	39.9360	0.8230	0.8254	5.0000	20.1419	815.1220	94.9866	16.2723	24.3000	0.9300	0.9389	0.7052	-0.0014	815.0000	810.9316	1.0339	-2.3919	100.0057	39.9767	0.8230	0.8226	5.0000	-9999.0000	-9999.0000	-9999.0000	-9999.0000	-9999.0000	-9999.0000	25.3329	6	0	28.8732	1.0000	99	9	-9999.0000	46486	30501	-9999	467	3326	-9999	556.3996	5	0.6851	0.7052	-0.0014	73.4015	3.2125	709.3438	392.8031	37.3005	646.8535	95.7115	707.8617	95.1403	716.9007	94.8548	724.3375	94.8108	
07/08/2017	07:00:32	019004	H421015367HLR	L421	S		691.0592	1.0233	14.9496	100.0690	39.9487	0.8230	0.8254	5.0000	19.9427	815.1436	94.8328	13.7517	24.3000	0.9300	0.9388	0.7036	-0.0013	815.0000	812.8860	1.0339	-2.4477	100.0695	40.0568	0.8230	0.8227	5.0000	-9999.0000	-9999.0000	-9999.0000	-9999.0000	-9999.0000	-9999.0000	21.1722	7	0	27.2130	1.0000	99	9	-9999.0000	46487	30502	-9999	468	3327	-9999	559.2789	5	0.6850	0.7036	-0.0013	85.4860	2.4104	726.6711	418.0482	39.6070	668.5357	95.7774	725.5020	95.1843	731.4118	94.8767	739.9494	94.7889	
07/08/2017	07:00:57	019004	H421015371HLR	L421	S		680.8243	1.0233	11.7391	99.9386	39.9186	0.8230	0.8253	5.0000	20.2620	815.0738	95.0964	16.3124	24.3000	0.9300	0.9389	0.6853	0.0000	815.0000	813.2657	1.0339	-2.4585	100.0356	40.0512	0.8230	0.8226	5.0000	-9999.0000	-9999.0000	-9999.0000	-9999.0000	-9999.0000	-9999.0000	23.8522	8	0	25.2928	1.0000	99	9	-9999.0000	46488	30503	-9999	469	3328	-9999	556.6379	5	0.6855	0.6853	0.0000	-1.4423	8.5417	714.2825	393.4039	39.4752	650.8342	95.7554	712.7938	95.1184	723.4333	94.8328	731.2485	94.8108	
07/08/2017	07:01:25	019004	H421015387HLR	L421	S		689.4455	1.0233	14.4434	99.9920	39.9075	0.8230	0.8254	5.0000	20.1818	815.0801	94.9866	15.2420	24.3000	0.9300	0.9390	0.6853	0.0000	815.0000	815.1788	1.0339	-2.5131	100.0361	40.0512	0.8230	0.8226	5.0000	-9999.0000	-9999.0000	-9999.0000	-9999.0000	-9999.0000	-9999.0000	21.9926	1	0	27.8237	1.0000	99	9	-9999.0000	46489	30504	-9999	470	3329	-9999	558.8081	5	0.6855	0.6853	0.0000	-1.4423	8.5417	738.0681	416.5638	38.3549	674.6085	95.9312	736.8888	95.2721	745.1545	94.9207	750.9247	94.7669	
07/08/2017	07:01:54	019004	H421015364HLR	L421	S		693.1318	1.0233	15.5997	99.9453	39.9511	0.8230	0.8253	5.0000	20.7122	815.0805	94.9866	15.2117	24.3000	0.9300	0.9390	0.6853	0.0000	815.0000	814.6023	1.0339	-2.4966	100.0381	40.0768	0.8230	0.8226	5.0000	-9999.0000	-9999.0000	-9999.0000	-9999.0000	-9999.0000	-9999.0000	21.6821	2	0	28.5128	1.0000	99	9	-9999.0000	46490	30505	-9999	471	3330	-9999	558.7984	5	0.6855	0.6853	0.0000	31.3535	6.2321	735.3722	398.4328	39.3215	673.0513	95.7774	734.1029	95.1843	743.3742	94.8767	750.2079	94.7449	
07/08/2017	07:02:21	019004	H421015339HLR	L421	S		698.3083	1.0233	17.2234	99.9951	39.9378	0.8230	0.8254	5.0000	19.8920	815.1008	94.7449	13.4312	24.4000	0.9300	0.9389	0.6895	-0.0002	815.0000	813.8825	1.0339	-2.4761	100.0730	40.1053	0.8230	0.8228	5.0000	-9999.0000	-9999.0000	-9999.0000	-9999.0000	-9999.0000	-9999.0000	20.3030	3	0	27.4532	1.0000	99	9	-9999.0000	46491	30506	-9999	472	3330	-9999	559.3528	5	0.6859	0.6895	-0.0002	47.6262	5.1639	740.8376	413.8437	37.1687	675.3715	95.6456	739.3802	95.0085	747.2286	94.7889	753.7034	94.7669	
07/08/2017	07:02:51	019004	H421015359HLR	L421	S		717.9265	1.0233	23.3772	99.9948	39.9227	0.8230	0.8254	5.0000	20.1019	815.1039	94.6790	11.5413	24.3000	0.9300	0.9389	0.6941	-0.0006	815.0000	814.8112	1.0339	-2.5026	99.9953	40.0969	0.8230	0.8228	5.0000	-9999.0000	-9999.0000	-9999.0000	-9999.0000	-9999.0000	-9999.0000	20.1819	4	0	29.4731	1.0000	99	9	-9999.0000	46492	30507	-9999	473	3331	-9999	560.5639	5	0.6858	0.6941	-0.0006	47.8631	5.1657	750.2355	400.4136	37.7837	685.8001	95.4479	748.7865	94.7449	757.9997	94.6571	766.2474	94.8108	
07/08/2017	07:03:17	019004	H421015348HLR	L421	S		695.0711	1.0233	16.2080	99.9523	39.9487	0.8230	0.8255	5.0000	20.1117	815.1672	95.1403	14.0719	24.3000	0.9300	0.9389	0.6945	-0.0006	815.0000	814.8391	1.0339	-2.5034	99.9663	40.0512	0.8230	0.8226	5.0000	-9999.0000	-9999.0000	-9999.0000	-9999.0000	-9999.0000	-9999.0000	26.2431	5	0	26.8331	1.0000	99	9	-9999.0000	46493	30508	-9999	474	3332	-9999	559.6308	5	0.6859	0.6945	-0.0006	52.6992	4.8747	732.5250	407.9640	39.6290	666.6060	95.5358	731.2797	94.8108	741.2349	94.6571	748.9903	94.7889	
07/08/2017	07:03:46	019004	H421015319HLR	L421	S		695.3956	1.0233	16.3098	100.0491	39.9487	0.8230	0.8254	5.0000	20.2024	815.1306	95.0085	14.8816	24.4000	0.9300	0.9389	0.6994	-0.0009	815.0000	815.3503	1.0339	-2.5180	100.0713	40.1087	0.8230	0.8228	5.0000	-9999.0000	-9999.0000	-9999.0000	-9999.0000	-9999.0000	-9999.0000	20.2719	6	0	28.5833	1.0000	99	9	-9999.0000	46494	30509	-9999	475	3333	-9999	559.4201	5	0.6862	0.6994	-0.0009	52.9051	4.8475	723.6730	406.0566	38.3549	662.5378	95.7335	722.2957	95.1843	731.9509	94.8987	737.6734	94.8108	
07/08/2017	07:04:12	019004	H421013832HLR	L421	S		698.9866	1.0233	17.4362	100.1323	39.9487	0.8230	0.8254	5.0000	20.1526	815.1383	94.7669	13.7115	24.4000	0.9300	0.9389	0.7013	-0.0010	815.0000	817.9416	1.0339	-2.5919	100.0182	40.0617	0.8230	0.8226	5.0000	-9999.0000	-9999.0000	-9999.0000	-9999.0000	-9999.0000	-9999.0000	22.8024	7	0	25.6728	1.0000	99	9	-9999.0000	46495	30510	-9999	476	3334	-9999	560.4635	5	0.6864	0.7013	-0.0010	50.8760	4.9847	732.1331	399.6244	38.9041	666.7927	95.6456	730.6973	95.0305	740.6400	94.8108	750.0073	94.7669	
07/08/2017	07:04:39	019004	H421014081HLR	L421	S		709.4978	1.0233	20.7333	100.0657	39.9393	0.8230	0.8253	5.0000	20.2425	815.0980	94.6571	13.0317	24.3000	0.9300	0.9389	0.6964	-0.0007	815.0000	818.6357	1.0339	-2.6117	100.0842	40.1063	0.8230	0.8227	5.0000	-9999.0000	-9999.0000	-9999.0000	-9999.0000	-9999.0000	-9999.0000	20.8118	8	0	27.4631	1.0000	99	9	-9999.0000	46496	30511	-9999	477	3335	-9999	560.4428	5	0.6864	0.6964	-0.0007	48.9416	5.1045	739.8901	399.0539	37.3883	675.6655	95.6456	738.5507	94.9646	748.0969	94.7889	755.2781	94.8108	
07/08/2017	07:05:06	019004	H421014111HLR	L421	S		708.9306	1.0233	20.5554	100.0730	39.9458	0.8230	0.8254	5.0000	20.1224	815.1457	94.6790	13.0718	24.3000	0.9300	0.9388	0.6964	-0.0007	815.0000	818.7015	1.0339	-2.6136	99.9934	40.0727	0.8230	0.8226	5.0000	-9999.0000	-9999.0000	-9999.0000	-9999.0000	-9999.0000	-9999.0000	22.5619	1	0	26.6134	1.0000	99	9	-9999.0000	46497	30512	-9999	477	3336	-9999	560.4702	5	0.6865	0.6964	-0.0007	46.3641	5.2651	742.2281	401.9485	37.7837	679.0334	95.4039	741.1059	94.8548	747.3849	94.7889	754.6121	94.8108	
07/08/2017	07:05:33	019004	H421013812HLR	L421	S		693.8199	1.0233	15.8155	99.9640	39.9487	0.8230	0.8254	5.0000	20.0314	815.1097	95.1403	14.9021	24.3000	0.9300	0.9388	0.6963	-0.0007	815.0000	818.5587	1.0339	-2.6096	100.0437	40.1127	0.8230	0.8227	5.0000	-9999.0000	-9999.0000	-9999.0000	-9999.0000	-9999.0000	-9999.0000	20.9720	2	0	27.5334	1.0000	99	9	-9999.0000	46498	30513	-9999	478	3337	-9999	559.3139	5	0.6863	0.6963	-0.0007	46.8583	5.1775	732.8447	405.6531	39.1457	667.7672	95.5138	731.2990	94.8767	740.7602	94.7669	746.6936	94.8548	
07/08/2017	07:05:59	019004	H421014090HLR	L421	S		709.3582	1.0233	20.6895	100.2113	39.9423	0.8230	0.8253	5.0000	20.1723	815.0681	94.7010	11.8715	24.3000	0.9300	0.9388	0.6953	-0.0006	815.0000	817.4307	1.0339	-2.5774	100.0128	40.1104	0.8230	0.8227	5.0000	-9999.0000	-9999.0000	-9999.0000	-9999.0000	-9999.0000	-9999.0000	20.5533	3	0	25.7022	1.0000	99	9	-9999.0000	46499	30514	-9999	479	3338	-9999	560.8368	5	0.6863	0.6953	-0.0006	49.2311	5.0086	745.5649	409.9847	38.5965	680.7533	95.5797	743.9481	95.0085	754.4883	94.7889	762.3346	94.7669	
07/08/2017	07:06:25	019004	H421013816HLR	L421	S		696.7123	1.0233	16.7228	100.0058	39.9454	0.8230	0.8254	5.0000	20.0822	815.0962	95.0305	13.8209	24.3000	0.9300	0.9388	0.6966	-0.0007	815.0000	816.9452	1.0339	-2.5635	100.0020	40.0727	0.8230	0.8226	5.0000	-9999.0000	-9999.0000	-9999.0000	-9999.0000	-9999.0000	-9999.0000	22.2329	4	0	26.3441	1.0000	99	9	-9999.0000	46500	30515	-9999	480	3339	-9999	559.8381	5	0.6862	0.6966	-0.0007	24.8749	6.6048	734.5413	401.4650	39.0359	668.1136	95.7115	733.1227	95.0305	743.2621	94.7669	750.9999	94.8108	
07/08/2017	07:06:52	019004	H421013842HLR	L421	S		698.4750	1.0233	17.2757	99.9647	39.9487	0.8230	0.8254	5.0000	20.2814	815.0968	94.7230	12.8716	24.3000	0.9300	0.9388	0.6916	-0.0004	815.0000	815.4234	1.0339	-2.5201	100.0295	40.0969	0.8230	0.8226	5.0000	-9999.0000	-9999.0000	-9999.0000	-9999.0000	-9999.0000	-9999.0000	21.0922	5	0	27.0525	1.0000	99	9	-9999.0000	46501	30516	-9999	481	3340	-9999	559.5878	5	0.6859	0.6916	-0.0004	20.7557	6.8457	740.2268	398.2706	37.5201	675.7472	95.6236	738.7852	94.9646	748.0357	94.7669	756.6710	94.8108	
07/08/2017	07:07:18	019004	H421013836HLR	L421	S		697.6268	1.0233	17.0097	100.2003	39.9487	0.8230	0.8255	5.0000	19.9017	815.0906	94.9646	13.8922	24.3000	0.9300	0.9389	0.6918	-0.0004	815.0000	818.1567	1.0339	-2.5981	100.0027	40.0512	0.8230	0.8225	5.0000	-9999.0000	-9999.0000	-9999.0000	-9999.0000	-9999.0000	-9999.0000	23.7223	6	0	25.9023	1.0000	99	9	-9999.0000	46502	30517	-9999	482	3340	-9999	559.1092	5	0.6858	0.6918	-0.0004	18.8419	6.9983	740.6499	399.2964	37.9814	676.0522	95.7115	739.3798	95.0525	747.9498	94.8108	755.6278	94.8328	
07/08/2017	07:07:44	019004	H421013821HLR	L421	S		705.0531	1.0233	19.3391	99.9890	39.9444	0.8230	0.8253	5.0000	20.2522	815.1349	94.7230	11.9506	24.3000	0.9300	0.9389	0.6913	-0.0004	815.0000	814.5039	1.0339	-2.4938	100.0700	40.0959	0.8230	0.8226	5.0000	-9999.0000	-9999.0000	-9999.0000	-9999.0000	-9999.0000	-9999.0000	21.3422	7	0	26.1933	1.0000	99	9	-9999.0000	46503	30518	-9999	483	3341	-9999	559.6888	5	0.6858	0.6913	-0.0004	31.3869	6.1217	747.0936	416.2809	39.7828	687.2342	95.5577	745.7787	94.8767	754.9634	94.7449	763.2706	94.8108	
07/08/2017	07:08:12	019004	H421013849HLR	L421	S		700.9259	1.0233	18.0445	99.8757	39.9474	0.8230	0.8254	5.0000	20.0823	815.0822	94.8108	12.6411	24.3000	0.9300	0.9389	0.6935	-0.0006	815.0000	816.2079	1.0339	-2.5425	99.9920	40.0729	0.8230	0.8225	5.0000	-9999.0000	-9999.0000	-9999.0000	-9999.0000	-9999.0000	-9999.0000	22.3122	8	0	27.9036	1.0000	99	9	-9999.0000	46504	30519	-9999	484	3342	-9999	559.3921	5	0.6858	0.6935	-0.0006	21.5110	6.9109	743.0285	398.9067	37.4542	675.4637	95.6017	741.5637	94.8987	751.0306	94.7449	758.1874	94.8108	
07/08/2017	07:08:41	019004	H421014627HLR	L421	Q		705.5822	1.0233	19.5051	100.0185	39.9487	0.8230	0.8254	5.0000	19.9816	815.1208	94.6351	12.2211	24.3000	0.9300	0.9389	0.6936	-0.0006	815.0000	816.7197	1.0339	-2.5571	99.9776	40.1137	0.8230	0.8227	5.0000	-9999.0000	-9999.0000	-9999.0000	-9999.0000	-9999.0000	-9999.0000	20.3723	1	0	28.4828	1.0000	99	9	-9999.0000	46505	30520	-9999	485	3343	-9999	559.5343	5	0.6857	0.6936	-0.0006	27.3855	6.5125	746.4701	402.3910	39.4752	676.3864	95.4698	744.8370	94.8767	754.0390	94.7669	760.9872	94.8328	
07/08/2017	07:09:07	019004	H421014654HLR	L421	S		703.4605	1.0233	18.8396	100.0160	39.9520	0.8230	0.8253	5.0000	20.1819	815.1013	94.6351	12.2016	24.4000	0.9300	0.9389	0.6898	-0.0003	815.0000	815.2313	1.0339	-2.5146	99.9781	40.0512	0.8230	0.8225	5.0000	-9999.0000	-9999.0000	-9999.0000	-9999.0000	-9999.0000	-9999.0000	25.1327	2	0	26.0733	1.0000	99	9	-9999.0000	46506	30521	-9999	486	3344	-9999	559.0057	5	0.6852	0.6898	-0.0003	46.5845	5.1982	746.8618	405.6768	38.7283	678.4202	95.5577	745.6134	94.9426	755.8971	94.7230	763.3961	94.8108	
07/08/2017	07:09:34	019004	H421013859HLR	L421	S		701.5733	1.0233	18.2476	100.1339	39.9407	0.8230	0.8253	5.0000	20.0521	815.0901	94.7010	12.4213	24.3000	0.9300	0.9388	0.6952	-0.0007	815.0000	815.8255	1.0339	-2.5315	100.0883	40.1184	0.8230	0.8227	5.0000	-9999.0000	-9999.0000	-9999.0000	-9999.0000	-9999.0000	-9999.0000	20.7119	3	0	27.0928	1.0000	99	9	-9999.0000	46507	30522	-9999	487	3345	-9999	559.1662	5	0.6852	0.6952	-0.0007	44.7337	5.4188	740.9680	409.2000	37.8277	673.6460	95.4698	739.5667	94.8548	749.4668	94.7449	757.9448	94.8108	
07/08/2017	07:10:00	019004	H421014623HLR	L421	S		701.5601	1.0233	18.2435	100.0151	39.9351	0.8230	0.8253	5.0000	20.6517	815.1025	95.0964	14.2321	24.3000	0.9300	0.9389	0.6992	-0.0011	815.0000	817.5454	1.0339	-2.5806	100.0008	40.0631	0.8230	0.8226	5.0000	-9999.0000	-9999.0000	-9999.0000	-9999.0000	-9999.0000	-9999.0000	23.7429	4	0	25.5224	1.0000	99	9	-9999.0000	46508	30523	-9999	488	3346	-9999	557.6403	5	0.6852	0.6992	-0.0011	46.8044	5.2889	736.3251	407.6441	36.8611	670.6661	95.6017	735.0526	95.0525	743.3857	94.8548	750.3140	94.8328	
07/08/2017	07:10:25	019004	H421013855HLR	L421	S		697.3841	1.0233	16.9335	99.9737	39.9563	0.8230	0.8254	5.0000	20.2426	815.0971	94.6790	12.3315	24.4000	0.9300	0.9389	0.6983	-0.0010	815.0000	816.3052	1.0339	-2.5452	100.0838	40.1096	0.8230	0.8226	5.0000	-9999.0000	-9999.0000	-9999.0000	-9999.0000	-9999.0000	-9999.0000	21.1028	5	0	25.7128	1.0000	99	9	-9999.0000	46509	30524	-9999	489	3346	-9999	559.1046	5	0.6851	0.6983	-0.0010	45.8362	5.3603	739.6354	396.2926	38.2670	671.9358	95.6456	738.1643	95.0085	748.9635	94.8108	757.2344	94.8108	
07/08/2017	07:10:51	019004	H421014628HLR	L421	S		699.9840	1.0233	17.7491	100.0596	39.9569	0.8230	0.8253	5.0000	19.9720	815.1281	94.7010	12.3618	24.3000	0.9300	0.9388	0.6980	-0.0010	815.0000	816.6389	1.0339	-2.5548	100.0647	40.0989	0.8230	0.8226	5.0000	-9999.0000	-9999.0000	-9999.0000	-9999.0000	-9999.0000	-9999.0000	21.5121	6	0	25.3836	1.0000	99	9	-9999.0000	46510	30525	-9999	490	3347	-9999	559.0960	5	0.6852	0.6980	-0.0010	46.4273	5.3300	741.7892	396.0927	39.4313	674.2588	95.6895	740.4063	95.0305	749.0220	94.8108	756.4732	94.8108	
07/08/2017	07:11:18	019004	H421014644HLR	L421	S		703.8114	1.0233	18.9496	100.2224	39.9239	0.8230	0.8253	5.0000	20.2521	815.0826	94.5692	11.6507	24.3000	0.9300	0.9387	0.6975	-0.0009	815.0000	815.0569	1.0339	-2.5096	100.0856	40.1432	0.8230	0.8227	5.0000	-9999.0000	-9999.0000	-9999.0000	-9999.0000	-9999.0000	-9999.0000	20.3724	7	0	27.6222	1.0000	99	9	-9999.0000	46511	30526	-9999	491	3348	-9999	559.5970	5	0.6853	0.6975	-0.0009	47.7660	5.2405	742.8380	401.0702	37.9155	672.7748	95.5358	741.4048	94.9207	751.4263	94.7449	759.4176	94.8108	
07/08/2017	07:11:43	019004	H421014637HLR	L421	S		708.2157	1.0233	20.3311	99.9831	39.9442	0.8230	0.8254	5.0000	20.0822	815.1121	94.7010	11.8412	24.3000	0.9300	0.9388	0.7036	-0.0014	815.0000	817.3602	1.0339	-2.5753	100.0851	40.1251	0.8230	0.8227	5.0000	-9999.0000	-9999.0000	-9999.0000	-9999.0000	-9999.0000	-9999.0000	20.6721	8	0	24.7030	1.0000	99	9	-9999.0000	46512	30527	-9999	492	3349	-9999	559.6543	5	0.6852	0.7036	-0.0014	41.2387	5.7649	740.3329	401.6963	37.9595	672.0197	95.4918	738.7011	94.7889	749.8349	94.6351	759.0805	94.7669	
07/08/2017	07:12:09	019004	H421014648HLR	L421	S		704.6442	1.0233	19.2108	100.1771	39.9853	0.8230	0.8254	5.0000	19.9924	815.1377	94.6790	12.0219	24.3000	0.9300	0.9388	0.7025	-0.0014	815.0000	817.0348	1.0339	-2.5661	100.0476	40.1211	0.8230	0.8227	5.0000	-9999.0000	-9999.0000	-9999.0000	-9999.0000	-9999.0000	-9999.0000	20.6126	1	0	26.0332	1.0000	99	9	-9999.0000	46513	30528	-9999	493	3350	-9999	559.4211	5	0.6851	0.7025	-0.0014	47.3970	5.3076	738.8804	410.3871	38.4208	671.9131	95.4698	737.2789	94.9426	748.5533	94.7230	757.7185	94.8108	
07/08/2017	07:12:36	019004	H421014656HLR	L421	S		702.1341	1.0233	18.4235	99.8854	39.9487	0.8230	0.8253	5.0000	20.1420	815.1324	94.5912	11.7806	24.3000	0.9300	0.9388	0.7051	-0.0016	815.0000	816.5712	1.0339	-2.5528	100.0863	40.1227	0.8230	0.8227	5.0000	-9999.0000	-9999.0000	-9999.0000	-9999.0000	-9999.0000	-9999.0000	20.7717	2	0	27.0225	1.0000	99	9	-9999.0000	46514	30529	-9999	494	3351	-9999	559.6483	5	0.6850	0.7051	-0.0016	77.2340	2.9778	739.7968	395.2328	38.8162	671.3363	95.3600	738.1446	94.6790	747.3527	94.6571	756.0512	94.8328	
07/08/2017	07:13:02	019004	H421014683HLR	L421	S		690.1287	1.0233	14.6577	100.1372	39.9368	0.8230	0.8254	5.0000	20.0521	815.2039	95.1184	13.8619	24.3000	0.9300	0.9388	0.7054	-0.0016	815.0000	813.8281	1.0339	-2.4745	100.0292	40.0803	0.8230	0.8226	5.0000	-9999.0000	-9999.0000	-9999.0000	-9999.0000	-9999.0000	-9999.0000	22.5825	3	0	26.3136	1.0000	99	9	-9999.0000	46515	30530	-9999	495	3352	-9999	556.8819	5	0.6851	0.7054	-0.0016	77.0387	2.9731	725.1985	407.9349	37.5641	657.7642	95.6895	723.7720	95.0305	734.3846	94.7669	742.6649	94.7449	
07/08/2017	07:13:29	019004	H421014064HLR	L421	S		730.8484	1.0233	22.4545	99.9719	39.9487	0.8230	0.8254	5.0000	19.9318	815.1417	94.9646	7.5507	24.3000	0.9300	0.9387	0.7055	-0.0016	815.0000	815.8618	1.0339	-2.5326	100.0679	40.1198	0.8230	0.8227	5.0000	-9999.0000	-9999.0000	-9999.0000	-9999.0000	-9999.0000	-9999.0000	20.8117	4	0	26.7724	1.0000	99	9	-9999.0000	46516	30531	-9999	496	3353	-9999	565.0928	5	0.6852	0.7055	-0.0016	80.0417	2.6829	768.5560	394.7613	37.2565	696.2316	95.4039	766.6446	94.7449	778.9610	94.6790	788.9066	94.8108	
07/08/2017	07:13:56	019004	H421014641HLR	L421	S		693.8882	1.0233	15.8370	99.9136	39.9614	0.8230	0.8253	5.0000	20.1320	815.0816	94.7449	12.2914	24.3000	0.9300	0.9388	0.7024	-0.0014	815.0000	812.6519	1.0339	-2.4410	100.0641	40.1098	0.8230	0.8227	5.0000	-9999.0000	-9999.0000	-9999.0000	-9999.0000	-9999.0000	-9999.0000	20.7728	5	0	26.5432	1.0000	99	9	-9999.0000	46517	30532	-9999	496	3354	-9999	558.4732	5	0.6849	0.7024	-0.0014	35.6696	6.3640	732.8270	393.3829	38.3769	664.6061	95.7335	731.1340	94.8987	740.8571	94.6131	750.0633	94.3935	
07/08/2017	07:14:25	019004	H421014652HLR	L421	Q		699.0889	1.0233	17.4683	100.0291	39.8840	0.8230	0.8248	5.0000	22.0425	815.0826	94.8767	13.3013	24.3000	0.9300	0.9388	0.7023	-0.0014	815.0000	816.1835	1.0339	-2.5418	100.0920	40.1035	0.8230	0.8227	5.0000	-9999.0000	-9999.0000	-9999.0000	-9999.0000	-9999.0000	-9999.0000	20.8519	6	0	28.9339	1.0000	99	9	-9999.0000	46518	30533	-9999	497	3355	-9999	557.2218	5	0.6849	0.7023	-0.0014	90.4997	1.8620	733.2721	398.8178	39.1237	667.7481	95.8433	731.8522	95.2062	742.7843	94.8987	751.6603	94.8108	
07/08/2017	07:14:53	019004	H421014666HLR	L421	S		695.8609	1.0233	16.4557	100.0910	39.9487	0.8230	0.8255	5.0000	20.0119	815.0893	94.6351	12.3119	24.3000	0.9300	0.9388	0.6984	-0.0011	815.0000	812.7022	1.0339	-2.4424	99.9821	40.0512	0.8230	0.8226	5.0000	-9999.0000	-9999.0000	-9999.0000	-9999.0000	-9999.0000	-9999.0000	25.6024	7	0	28.0031	1.0000	99	9	-9999.0000	46519	30534	-9999	498	3356	-9999	558.4493	5	0.6849	0.6984	-0.0011	71.3289	3.4954	735.1460	426.9857	39.8706	674.2138	95.9092	733.8096	95.2941	744.3150	94.9207	753.4573	94.8108	
07/08/2017	07:15:19	019004	H421014673HLR	L421	S		702.1342	1.0233	18.4235	99.9627	40.0345	0.8230	0.8254	5.0000	19.9524	815.1615	94.8108	13.1011	24.3000	0.9300	0.9388	0.7034	-0.0015	815.0000	815.0738	1.0339	-2.5101	100.0930	40.1112	0.8230	0.8226	5.0000	-9999.0000	-9999.0000	-9999.0000	-9999.0000	-9999.0000	-9999.0000	20.8128	8	0	26.0723	1.0000	99	9	-9999.0000	46520	30535	-9999	498	3357	-9999	557.5743	5	0.6856	0.7034	-0.0015	38.1307	6.2568	731.1657	400.4193	40.2221	670.6526	95.9092	729.7574	95.2941	740.6369	94.8987	748.6900	94.8328	
07/08/2017	07:15:46	019004	H421014675HLR	L421	S		697.9984	1.0233	17.1262	100.2355	39.9487	0.8230	0.8253	5.0000	20.0628	815.1017	94.6790	12.8218	24.3000	0.9300	0.9388	0.7033	-0.0015	815.0000	814.0598	1.0339	-2.4812	100.0310	40.0801	0.8230	0.8226	5.0000	-9999.0000	-9999.0000	-9999.0000	-9999.0000	-9999.0000	-9999.0000	22.0024	1	0	27.1231	1.0000	99	9	-9999.0000	46521	30536	-9999	499	3358	-9999	557.9841	5	0.6857	0.7033	-0.0015	42.5307	5.8924	730.3385	390.9087	38.1352	668.1384	95.8653	728.7083	95.1843	740.0064	94.8767	748.6699	94.8108	
07/08/2017	07:16:11	019004	H421014703HLR	L421	S		701.0630	1.0233	18.0875	99.9304	39.9337	0.8230	0.8253	5.0000	20.2319	815.0759	94.7449	13.2417	24.3000	0.9300	0.9388	0.7037	-0.0015	815.0000	814.9554	1.0339	-2.5067	100.0973	40.1053	0.8230	0.8226	5.0000	-9999.0000	-9999.0000	-9999.0000	-9999.0000	-9999.0000	-9999.0000	21.1223	2	0	25.1727	1.0000	99	9	-9999.0000	46522	30537	-9999	500	3359	-9999	557.3179	5	0.6858	0.7037	-0.0015	39.7192	6.1373	731.8181	398.2293	38.7064	665.5697	95.7994	730.5050	95.2282	739.8965	94.8987	748.2220	94.8108	
07/08/2017	07:16:36	019004	H421014693HLR	L421	S		698.3131	1.0233	17.2249	100.1307	39.9542	0.8230	0.8254	5.0000	20.1117	815.1039	94.8767	14.2321	24.3000	0.9300	0.9389	0.7033	-0.0015	815.0000	815.1255	1.0339	-2.5116	100.0530	40.0936	0.8230	0.8226	5.0000	-9999.0000	-9999.0000	-9999.0000	-9999.0000	-9999.0000	-9999.0000	21.7524	3	0	25.4532	1.0000	99	9	-9999.0000	46523	30538	-9999	501	3360	-9999	556.4835	5	0.6860	0.7033	-0.0015	39.9149	6.1047	727.9082	400.9302	38.3988	662.1278	95.7994	726.4208	95.2282	736.7337	94.9426	743.1286	94.8328	
07/08/2017	07:17:20	019004	H421014713HLR	L421	S		690.2348	1.0233	14.6910	100.0389	39.9491	0.8230	0.8252	5.0000	20.8822	815.0865	94.6571	12.3608	24.3000	0.9300	0.9388	0.7033	-0.0014	815.0000	814.0205	1.0339	-2.4800	100.0120	40.1217	0.8230	0.8227	5.0000	-9999.0000	-9999.0000	-9999.0000	-9999.0000	-9999.0000	-9999.0000	20.3430	4	0	43.4345	1.0000	99	9	-9999.0000	46524	30539	-9999	502	3361	-9999	558.7263	5	0.6859	0.7033	-0.0014	42.8155	5.7945	731.3315	388.2956	38.2670	662.3967	95.8213	729.4862	95.1403	742.7837	94.8328	750.7780	94.8108	
07/08/2017	07:17:49	019004	H421014687HLR	L421	S		697.1986	1.0233	16.8753	99.9993	39.9145	0.8230	0.8252	5.0000	20.7523	815.0882	94.8548	13.3912	24.3000	0.9300	0.9388	0.7030	-0.0014	815.0000	815.5949	1.0339	-2.5250	100.0363	40.1184	0.8230	0.8227	5.0000	-9999.0000	-9999.0000	-9999.0000	-9999.0000	-9999.0000	-9999.0000	20.4623	5	0	28.8831	1.0000	99	9	-9999.0000	46525	30540	-9999	503	3362	-9999	557.5944	5	0.6858	0.7030	-0.0014	42.7890	5.7771	728.5021	390.1181	38.6624	662.3458	95.7994	727.1338	95.0964	737.2379	94.8328	745.9929	94.7889	
07/08/2017	07:18:15	019004	H421014717HLR	L421	S		705.9241	1.0233	19.6123	100.0249	39.9487	0.8230	0.8254	5.0000	20.0422	815.1596	94.6790	11.5912	24.3000	0.9300	0.9388	0.7035	-0.0015	815.0000	816.3403	1.0339	-2.5462	99.9951	39.9487	0.8230	0.8224	5.0000	-9999.0000	-9999.0000	-9999.0000	-9999.0000	-9999.0000	-9999.0000	25.5624	6	0	25.9932	1.0000	99	9	-9999.0000	46526	30541	-9999	504	3363	-9999	559.8429	5	0.6857	0.7035	-0.0015	45.6965	5.5116	739.9678	389.9618	39.4533	671.3304	95.4918	738.0763	94.8328	749.8838	94.7230	758.9232	94.8328	
07/08/2017	07:18:42	019004	H421014691HLR	L421	S		704.8500	1.0233	19.2754	100.0608	40.0175	0.8230	0.8254	5.0000	20.0219	815.1124	94.7669	11.7914	24.3000	0.9300	0.9388	0.7039	-0.0015	815.0000	816.8655	1.0339	-2.5612	100.0688	39.9798	0.8230	0.8226	5.0000	-9999.0000	-9999.0000	-9999.0000	-9999.0000	-9999.0000	-9999.0000	21.2718	7	0	26.9337	1.0000	99	9	-9999.0000	46527	30542	-9999	505	3364	-9999	559.6868	5	0.6855	0.7039	-0.0015	51.6982	4.9722	739.2126	399.1415	37.8277	672.6982	95.6676	737.5938	94.9207	748.7986	94.7010	757.3738	94.7889	
07/08/2017	07:19:08	019004	H421014711HLR	L421	S		703.2876	1.0233	18.7853	100.0976	39.9413	0.8230	0.8253	5.0000	20.1328	815.0762	94.9646	29.7631	24.0000	0.9300	0.9386	0.7054	-0.0016	815.0000	848.6250	1.0339	-3.4676	100.0317	40.0568	0.8230	0.8226	5.0000	-9999.0000	-9999.0000	-9999.0000	-9999.0000	-9999.0000	-9999.0000	23.3923	8	2	26.7423	1.0000	99	9	-9999.0000	46528	30543	-9999	505	3365	-9999	537.7110	5	0.6856	0.7054	-0.0016	138.3807	-1.6367	533.0283	386.7116	38.8601	454.4379	98.5013	510.8062	97.6446	535.2139	95.2502	555.0694	94.5033	
07/08/2017	07:19:34	019004	H421014707HLR	L421	S		697.8437	1.0233	17.0777	99.9313	39.9487	0.8230	0.8254	5.0000	19.9114	815.1497	94.8328	12.6108	24.3000	0.9300	0.9388	0.7054	-0.0016	815.0000	813.8113	1.0339	-2.4741	100.0548	40.1100	0.8230	0.8226	5.0000	-9999.0000	-9999.0000	-9999.0000	-9999.0000	-9999.0000	-9999.0000	21.0726	1	0	25.8231	1.0000	99	9	-9999.0000	46529	30544	-9999	506	3366	-9999	558.7735	5	0.6856	0.7054	-0.0016	138.3807	-1.6367	724.2130	363.4277	35.3234	649.2381	93.6905	722.5994	92.9216	734.5210	94.0420	746.7651	94.8108	
07/08/2017	07:20:01	019004	H421015314HLR	L421	S		699.7071	1.0233	17.6622	99.9291	39.9505	0.8230	0.8252	5.0000	20.1613	815.1241	94.7449	12.3412	24.3000	0.9300	0.9387	0.7124	-0.0021	815.0000	814.6561	1.0339	-2.4982	100.0524	40.0748	0.8230	0.8226	5.0000	-9999.0000	-9999.0000	-9999.0000	-9999.0000	-9999.0000	-9999.0000	21.3216	2	0	26.4728	1.0000	99	9	-9999.0000	46530	30545	-9999	507	3367	-9999	559.3810	5	0.6849	0.7124	-0.0021	111.3796	0.3851	722.9793	373.3217	36.2900	649.7989	93.6685	721.5348	93.0315	732.3190	94.1079	744.6761	94.8328	
07/08/2017	07:20:30	019004	H421015320HLR	L421	S		696.5199	1.0233	16.6625	99.8882	39.8408	0.8230	0.8254	5.0000	20.1926	815.1524	94.8328	13.1909	24.3000	0.9300	0.9388	0.7035	-0.0015	815.0000	814.8084	1.0339	-2.5025	100.0453	40.0688	0.8230	0.8226	5.0000	-9999.0000	-9999.0000	-9999.0000	-9999.0000	-9999.0000	-9999.0000	20.9329	3	0	29.0033	1.0000	99	9	-9999.0000	46531	30546	-9999	508	3368	-9999	557.7682	5	0.6847	0.7035	-0.0015	91.7238	1.8355	726.0521	373.4038	34.9060	651.6075	93.6246	724.3131	93.0754	736.1885	94.0859	747.4346	94.8328	
07/08/2017	07:20:56	019004	H421013208HLR	L421	S		710.0764	1.0233	20.9148	99.8795	39.9581	0.8230	0.8253	5.0000	21.2124	815.1116	94.7230	13.0112	24.3000	0.9300	0.9388	0.7019	-0.0013	815.0000	817.3125	1.0339	-2.5740	100.0011	40.0512	0.8230	0.8225	5.0000	-9999.0000	-9999.0000	-9999.0000	-9999.0000	-9999.0000	-9999.0000	25.6327	4	0	26.8430	1.0000	99	9	-9999.0000	46532	30547	-9999	509	3369	-9999	558.0295	5	0.6843	0.7019	-0.0013	91.2778	1.8316	735.5131	382.7722	38.4208	665.3999	93.7564	734.3255	93.3830	742.9833	94.2616	752.2637	94.8328	
07/08/2017	07:21:24	019004	H421014682HLR	L421	S		701.0178	1.0233	18.0733	99.9427	40.0197	0.8230	0.8253	5.0000	20.2523	815.1284	94.6351	12.1420	24.3000	0.9300	0.9388	0.6984	-0.0011	815.0000	813.4388	1.0339	-2.4634	100.0839	40.0908	0.8230	0.8227	5.0000	-9999.0000	-9999.0000	-9999.0000	-9999.0000	-9999.0000	-9999.0000	20.7026	5	0	27.3331	1.0000	99	9	-9999.0000	46533	30548	-9999	510	3370	-9999	558.5212	5	0.6843	0.6984	-0.0011	90.2264	1.8898	736.0138	382.4950	37.7618	662.8928	94.1738	734.5471	93.6466	744.7704	94.3276	754.5345	94.8328	
07/08/2017	07:21:50	019004	H421015313HLR	L421	S		701.4788	1.0233	18.2179	100.0106	39.9286	0.8230	0.8252	5.0000	20.1418	815.1661	94.7449	12.7622	24.3000	0.9300	0.9388	0.7024	-0.0014	815.0000	815.4451	1.0339	-2.5207	100.0512	40.0875	0.8230	0.8227	5.0000	-9999.0000	-9999.0000	-9999.0000	-9999.0000	-9999.0000	-9999.0000	20.6917	6	0	26.0234	1.0000	99	9	-9999.0000	46534	30549	-9999	511	3371	-9999	558.5549	5	0.6846	0.7024	-0.0014	91.0318	1.8638	730.3988	380.1993	36.4218	663.4278	94.2836	729.2181	93.7344	738.9881	94.3056	748.6136	94.7889	
07/08/2017	07:22:19	019004	H421015324HLR	L421	S		698.8421	1.0233	17.3909	100.0710	39.8830	0.8230	0.8250	5.0000	21.6929	815.1581	94.6131	12.6713	24.3000	0.9300	0.9388	0.7024	-0.0014	815.0000	814.3798	1.0339	-2.4903	100.0383	40.0916	0.8230	0.8227	5.0000	-9999.0000	-9999.0000	-9999.0000	-9999.0000	-9999.0000	-9999.0000	20.2219	7	0	29.0336	1.0000	99	9	-9999.0000	46535	30550	-9999	512	3372	-9999	558.6098	5	0.6845	0.7024	-0.0014	91.2892	1.8687	730.8991	393.6835	36.3559	664.1533	94.3495	729.5496	93.8223	739.8043	94.3495	749.6510	94.8328	
07/08/2017	07:22:45	019004	H421015330HLR	L421	S		692.2524	1.0233	15.3238	99.9729	39.9753	0.8230	0.8255	5.0000	20.2220	815.1927	94.7230	13.0620	24.3000	0.9300	0.9388	0.7025	-0.0014	815.0000	813.7698	1.0339	-2.4729	99.9550	40.0512	0.8230	0.8226	5.0000	-9999.0000	-9999.0000	-9999.0000	-9999.0000	-9999.0000	-9999.0000	25.6835	8	0	26.1122	1.0000	99	9	-9999.0000	46536	30551	-9999	513	3373	-9999	558.0917	5	0.6843	0.7025	-0.0014	91.4227	1.8629	726.6938	399.8413	38.5306	665.4750	94.6571	725.3194	94.0200	736.3056	94.3715	747.1465	94.8328	
07/08/2017	07:23:14	019004	H421015340HLR	L421	S		695.2593	1.0233	16.2670	100.0796	40.0040	0.8230	0.8253	5.0000	20.2026	815.1427	94.6790	13.5318	24.3000	0.9300	0.9388	0.7209	-0.0028	815.0000	813.2629	1.0339	-2.4584	100.0172	40.0615	0.8230	0.8226	5.0000	-9999.0000	-9999.0000	-9999.0000	-9999.0000	-9999.0000	-9999.0000	22.1627	1	0	28.7435	1.0000	99	9	-9999.0000	46537	30552	-9999	514	3374	-9999	556.3984	5	0.6848	0.7209	-0.0028	90.6320	1.9240	711.2677	383.1056	36.9490	644.3217	94.6131	709.6277	94.0200	721.5560	94.3935	732.9694	94.8548	
07/08/2017	07:23:40	019004	H421015354HLR	L421	S		705.8257	1.0233	19.5815	100.0731	39.9045	0.8230	0.8253	5.0000	19.9222	815.0983	94.5472	12.3422	24.3000	0.9300	0.9388	0.7205	-0.0028	815.0000	816.8669	1.0339	-2.5613	99.9834	40.0512	0.8230	0.8225	5.0000	-9999.0000	-9999.0000	-9999.0000	-9999.0000	-9999.0000	-9999.0000	25.3925	2	0	26.1132	1.0000	99	9	-9999.0000	46538	30553	-9999	515	3375	-9999	559.0953	5	0.6846	0.7205	-0.0028	89.4952	1.9680	722.4897	374.3250	37.5860	655.3848	94.7669	721.0164	94.1957	732.4800	94.5033	743.8030	94.8328	
07/08/2017	07:24:06	019004	H421015328HLR	L421	S		702.6467	1.0233	18.5843	99.9954	39.9487	0.8230	0.8255	5.0000	19.9720	815.1113	94.5472	12.2113	24.3000	0.9300	0.9388	0.7211	-0.0029	815.0000	816.3596	1.0339	-2.5468	100.0476	40.1071	0.8230	0.8226	5.0000	-9999.0000	-9999.0000	-9999.0000	-9999.0000	-9999.0000	-9999.0000	21.2123	3	0	26.5431	1.0000	99	9	-9999.0000	46539	30554	-9999	516	3376	-9999	559.4354	5	0.6849	0.7211	-0.0029	90.0799	1.9193	721.7573	389.5261	38.9700	655.4355	94.7230	719.9595	94.1298	732.6138	94.4594	742.9070	94.8108	
07/08/2017	07:24:34	019004	H421015366HLR	L421	S		703.2706	1.0233	18.7800	100.0049	39.9853	0.8230	0.8254	5.0000	20.1227	815.1042	94.5472	12.3715	24.3000	0.9300	0.9388	0.7230	-0.0030	815.0000	815.3661	1.0339	-2.5184	100.0712	40.1006	0.8230	0.8226	5.0000	-9999.0000	-9999.0000	-9999.0000	-9999.0000	-9999.0000	-9999.0000	21.1723	4	0	27.7823	1.0000	99	9	-9999.0000	46540	30555	-9999	517	3377	-9999	559.5460	5	0.6849	0.7230	-0.0030	47.5862	5.4036	717.9061	373.0141	36.8831	653.2274	94.8328	716.3259	94.3056	728.5771	94.4813	738.8049	94.7889	
07/08/2017	07:24:59	019004	H421015361HLR	L421	S		695.6926	1.0233	16.4029	99.9417	39.9487	0.8230	0.8253	5.0000	20.0120	815.1733	94.8108	13.2915	24.3000	0.9300	0.9388	0.7240	-0.0030	815.0000	812.8827	1.0339	-2.4476	100.0633	40.1071	0.8230	0.8227	5.0000	-9999.0000	-9999.0000	-9999.0000	-9999.0000	-9999.0000	-9999.0000	20.5618	5	0	24.6835	1.0000	99	9	-9999.0000	46541	30556	-9999	518	3378	-9999	557.6347	5	0.6848	0.7240	-0.0030	92.1990	1.8502	711.4991	373.1892	39.2336	644.5336	94.8328	709.8998	94.3276	719.4424	94.5472	728.0078	94.8328	
07/08/2017	07:25:25	019004	H421015357HLR	L421	S		700.5632	1.0233	17.9308	99.9533	39.9153	0.8230	0.8254	5.0000	20.0315	815.1114	94.5253	12.4819	24.3000	0.9300	0.9388	0.7076	-0.0017	815.0000	815.8798	1.0339	-2.5331	100.0873	40.0959	0.8230	0.8227	5.0000	-9999.0000	-9999.0000	-9999.0000	-9999.0000	-9999.0000	-9999.0000	21.1518	6	0	26.3927	1.0000	99	9	-9999.0000	46542	30557	-9999	519	3379	-9999	559.1838	5	0.6853	0.7076	-0.0017	50.2924	5.1259	729.4283	383.1972	38.0034	656.7000	94.9866	727.7286	94.4594	740.0807	94.5912	749.4734	94.8328	
07/08/2017	07:25:50	019004	H421015374HLR	L421	S		699.3288	1.0233	17.5436	99.9702	39.9556	0.8230	0.8255	5.0000	19.9232	815.1261	94.6351	12.8413	24.3000	0.9300	0.9388	0.7027	-0.0014	815.0000	813.7780	1.0339	-2.4731	99.9911	40.0725	0.8230	0.8226	5.0000	-9999.0000	-9999.0000	-9999.0000	-9999.0000	-9999.0000	-9999.0000	23.0524	7	0	25.0828	1.0000	99	9	-9999.0000	46543	30558	-9999	520	3380	-9999	558.4909	5	0.6851	0.7027	-0.0014	52.5288	4.9484	729.4768	364.7373	36.7513	654.0955	94.9207	728.3330	94.4374	738.9945	94.5033	748.9568	94.7669	
07/08/2017	07:26:17	019004	H421015370HLR	L421	S		698.7428	1.0233	17.3597	99.9370	39.9513	0.8230	0.8253	5.0000	19.9622	815.1172	94.9646	14.0211	24.3000	0.9300	0.9388	0.7016	-0.0013	815.0000	817.8257	1.0339	-2.5886	100.0387	40.1520	0.8230	0.8227	5.0000	-9999.0000	-9999.0000	-9999.0000	-9999.0000	-9999.0000	-9999.0000	20.7729	8	0	26.2227	1.0000	99	9	-9999.0000	46544	30559	-9999	521	3381	-9999	557.2237	5	0.6851	0.7016	-0.0013	44.6413	5.5418	731.4648	365.1392	35.9824	656.0016	94.8328	730.5343	94.4154	740.0602	94.5472	747.6906	94.8548	
07/08/2017	07:26:42	019004	H421014084HLR	L421	S		709.3434	1.0233	20.6849	99.8981	39.9331	0.8230	0.8253	5.0000	20.0226	815.1052	94.7230	10.9417	24.3000	0.9300	0.9388	0.6962	-0.0009	815.0000	812.9178	1.0339	-2.4486	100.0897	40.1360	0.8230	0.8227	5.0000	-9999.0000	-9999.0000	-9999.0000	-9999.0000	-9999.0000	-9999.0000	20.4731	1	0	25.6435	1.0000	99	9	-9999.0000	46545	30560	-9999	522	3382	-9999	559.9222	5	0.6852	0.6962	-0.0009	56.3848	4.5808	746.8236	380.3377	36.3998	673.1279	95.1403	745.2793	94.6351	755.9115	94.6790	764.4521	94.8328	
07/08/2017	07:27:08	019004	H421014089HLR	L421	S		697.6220	1.0233	17.0082	100.1768	39.9487	0.8230	0.8254	5.0000	20.1917	815.1355	94.9426	12.7016	24.3000	0.9300	0.9388	0.6926	-0.0006	815.0000	815.0258	1.0339	-2.5087	100.0288	40.1139	0.8230	0.8226	5.0000	-9999.0000	-9999.0000	-9999.0000	-9999.0000	-9999.0000	-9999.0000	21.0921	2	0	26.0029	1.0000	99	9	-9999.0000	46546	30561	-9999	523	3383	-9999	558.8610	5	0.6855	0.6926	-0.0006	57.7255	4.4949	741.2142	383.8695	37.7618	668.7583	95.4039	740.0506	94.7669	750.4932	94.6571	759.2758	94.7669	
07/08/2017	07:27:34	019004	H421014082HLR	L421	S		710.0436	1.0233	20.9045	100.1639	39.9487	0.8230	0.8253	5.0000	20.5424	815.0918	94.6790	10.4914	24.3000	0.9300	0.9388	0.6863	-0.0001	815.0000	811.6072	1.0339	-2.4112	100.0803	40.1125	0.8230	0.8226	5.0000	-9999.0000	-9999.0000	-9999.0000	-9999.0000	-9999.0000	-9999.0000	21.2718	3	0	25.9024	1.0000	99	9	-9999.0000	46547	30562	-9999	524	3384	-9999	558.9734	5	0.6855	0.6863	-0.0001	58.2481	4.4408	756.3466	401.7400	36.9050	685.4980	95.4039	755.0118	94.7669	764.9820	94.7010	773.7965	94.8328	
07/08/2017	07:28:00	019004	H421014101HLR	L421	S		701.8801	1.0233	18.3438	100.1468	39.9534	0.8230	0.8254	5.0000	19.9124	815.1313	95.0305	12.5815	24.3000	0.9300	0.9388	0.6871	-0.0001	815.0000	814.9580	1.0339	-2.5068	100.0961	40.1452	0.8230	0.8227	5.0000	-9999.0000	-9999.0000	-9999.0000	-9999.0000	-9999.0000	-9999.0000	21.1821	4	0	26.2734	1.0000	99	9	-9999.0000	46548	30563	-9999	525	3385	-9999	558.9317	5	0.6851	0.6871	-0.0001	66.3527	3.8060	746.6609	391.4672	38.7942	681.5140	95.5577	745.2206	94.8767	756.3310	94.7010	763.1950	94.7889	
07/08/2017	07:28:28	019004	H421013813HLR	L421	S		703.7195	1.0233	18.9208	100.1087	39.9487	0.8230	0.8253	5.0000	20.3226	815.1434	94.6351	11.5013	24.3000	0.9300	0.9389	0.7072	-0.0017	815.0000	814.8238	1.0339	-2.5030	100.0289	40.1489	0.8230	0.8226	5.0000	-9999.0000	-9999.0000	-9999.0000	-9999.0000	-9999.0000	-9999.0000	21.1819	5	0	27.8928	1.0000	99	9	-9999.0000	46549	30564	-9999	526	3386	-9999	560.5027	5	0.6854	0.7072	-0.0017	49.5351	5.0949	736.5807	382.4297	36.7513	668.3737	95.4918	735.2161	94.8108	746.9268	94.7230	756.7837	94.8328	
07/08/2017	07:28:55	019004	H421013817HLR	L421	S		702.3278	1.0233	18.4842	100.0934	39.9487	0.8230	0.8254	5.0000	20.1224	815.1157	94.7669	12.2817	24.4000	0.9300	0.9389	0.7082	-0.0018	815.0000	813.6274	1.0339	-2.4688	100.0730	40.1450	0.8230	0.8228	5.0000	-9999.0000	-9999.0000	-9999.0000	-9999.0000	-9999.0000	-9999.0000	21.0326	6	0	26.2930	1.0000	99	9	-9999.0000	46550	30565	-9999	527	3387	-9999	559.3653	5	0.6854	0.7082	-0.0018	52.0032	4.9049	729.8359	382.5302	37.7837	664.9372	95.5358	728.4646	94.8328	739.1307	94.7010	749.1197	94.7889	
07/08/2017	07:29:21	019004	H421013823HLR	L421	S		698.2602	1.0233	17.2083	99.9229	39.9520	0.8230	0.8253	5.0000	20.2122	815.1430	94.6351	11.8216	24.4000	0.9300	0.9388	0.7070	-0.0017	815.0000	812.6657	1.0339	-2.4414	100.0860	40.1516	0.8230	0.8228	5.0000	-9999.0000	-9999.0000	-9999.0000	-9999.0000	-9999.0000	-9999.0000	20.3324	7	0	26.5833	1.0000	99	9	-9999.0000	46551	30566	-9999	528	3388	-9999	559.9239	5	0.6858	0.7070	-0.0017	44.7058	5.4618	731.7134	379.1970	37.4323	663.7834	95.4698	730.1024	94.8548	741.5899	94.7010	750.8699	94.7889	
07/08/2017	07:29:49	019004	H421013833HLR	L421	S		701.4899	1.0233	18.2214	100.0530	39.9487	0.8230	0.8253	5.0000	20.1929	815.0867	94.7889	12.5415	24.4000	0.9300	0.9389	0.7047	-0.0015	815.0000	814.8211	1.0339	-2.5029	100.0528	40.1161	0.8230	0.8226	5.0000	-9999.0000	-9999.0000	-9999.0000	-9999.0000	-9999.0000	-9999.0000	21.0628	8	0	28.0226	1.0000	99	9	-9999.0000	46552	30567	-9999	529	3389	-9999	559.1554	5	0.6860	0.7047	-0.0015	42.1965	5.6367	735.7220	378.0238	38.3769	666.9016	95.5358	734.1342	94.9207	745.2200	94.7449	752.8030	94.8328	
07/08/2017	07:30:16	019004	H421013843HLR	L421	S		699.2946	1.0233	17.5328	100.0267	39.9487	0.8230	0.8253	5.0000	20.2715	815.1035	94.9207	13.7916	24.4000	0.9300	0.9389	0.7036	-0.0014	815.0000	814.6959	1.0339	-2.4993	100.0556	40.1260	0.8230	0.8227	5.0000	-9999.0000	-9999.0000	-9999.0000	-9999.0000	-9999.0000	-9999.0000	21.0131	1	0	26.9133	1.0000	99	9	-9999.0000	46553	30568	-9999	530	3390	-9999	557.9807	5	0.6862	0.7036	-0.0014	48.5898	5.1766	730.5746	390.9914	39.2336	672.7644	95.6895	729.1180	95.1184	739.1774	94.8548	746.9890	94.8767	
07/08/2017	07:30:44	019004	H421013827HLR	L421	S		698.9702	1.0233	17.4311	99.9703	39.9548	0.8230	0.8254	5.0000	20.0726	815.1398	94.6351	12.6010	24.4000	0.9300	0.9389	0.7067	-0.0016	815.0000	814.6073	1.0339	-2.4968	100.0447	40.1393	0.8230	0.8228	5.0000	-9999.0000	-9999.0000	-9999.0000	-9999.0000	-9999.0000	-9999.0000	20.3519	2	0	27.6328	1.0000	99	9	-9999.0000	46554	30569	-9999	531	3391	-9999	559.2374	5	0.6863	0.7067	-0.0016	45.4778	5.3547	731.2260	377.4170	36.7952	665.9651	95.6676	729.3331	95.0305	740.7489	94.8328	749.8712	94.8328	
07/08/2017	07:31:10	019004	H421013831HLR	L421	S		695.7158	1.0233	16.4102	99.9474	39.9603	0.8230	0.8254	5.0000	19.9622	815.1223	94.6351	12.6811	24.4000	0.9300	0.9389	0.7107	-0.0020	815.0000	814.1693	1.0339	-2.4843	100.0756	40.1217	0.8230	0.8227	5.0000	-9999.0000	-9999.0000	-9999.0000	-9999.0000	-9999.0000	-9999.0000	21.0023	3	0	26.3936	1.0000	99	9	-9999.0000	46555	30570	-9999	532	3392	-9999	559.0077	5	0.6866	0.7107	-0.0020	51.0447	5.0170	726.0970	386.5291	38.0693	659.6800	95.7994	724.3762	95.0744	737.0294	94.8328	746.0545	94.8108	
07/08/2017	07:31:37	019004	H421013848HLR	L421	S		694.8583	1.0233	16.1412	100.0329	39.9415	0.8230	0.8253	5.0000	20.1526	815.1490	95.0305	14.3415	24.4000	0.9300	0.9388	0.7037	-0.0014	815.0000	815.8095	1.0339	-2.5311	100.0174	40.0981	0.8230	0.8227	5.0000	-9999.0000	-9999.0000	-9999.0000	-9999.0000	-9999.0000	-9999.0000	21.0823	4	0	26.9230	1.0000	99	9	-9999.0000	46556	30571	-9999	533	3393	-9999	557.6600	5	0.6867	0.7037	-0.0014	51.8104	4.9294	725.7572	384.4783	37.1247	663.1561	95.7335	724.5183	95.0964	735.0070	94.8328	743.8039	94.8328	
07/08/2017	07:32:06	019004	H421013854HLR	L421	S		690.5638	1.0233	14.7942	100.1436	39.9487	0.8230	0.8255	5.0000	20.2023	815.0836	94.6131	12.3920	24.4000	0.9300	0.9388	0.7035	-0.0014	815.0000	814.1166	1.0339	-2.4828	100.0293	40.0531	0.8230	0.8225	5.0000	-9999.0000	-9999.0000	-9999.0000	-9999.0000	-9999.0000	-9999.0000	23.6032	5	0	28.5930	1.0000	99	9	-9999.0000	46557	30572	-9999	534	3394	-9999	559.7811	5	0.6866	0.7035	-0.0014	58.7949	4.3386	731.4226	394.8009	39.1677	666.9182	95.6676	729.5843	95.1184	741.9840	94.8548	751.0843	94.8328	
07/08/2017	07:32:32	019004	H421013858HLR	L421	S		691.3988	1.0233	15.0561	100.0767	40.0009	0.8230	0.8254	5.0000	20.1419	815.1235	94.9426	13.9615	24.3000	0.9300	0.9388	0.7035	-0.0014	815.0000	815.9277	1.0339	-2.5345	100.0079	40.0560	0.8230	0.8225	5.0000	-9999.0000	-9999.0000	-9999.0000	-9999.0000	-9999.0000	-9999.0000	24.8631	6	0	26.2129	1.0000	99	9	-9999.0000	46558	30573	-9999	535	3395	-9999	558.1049	5	0.6871	0.7035	-0.0014	54.7407	4.6998	728.4200	389.3548	37.4323	662.8474	95.7994	726.9087	95.0744	737.5994	94.8328	745.9665	94.8328	
07/08/2017	07:32:59	019004	H421013837HLR	L421	S		696.6484	1.0233	16.7028	100.1473	39.9487	0.8230	0.8253	5.0000	20.1517	815.0852	94.6351	12.3315	24.4000	0.9300	0.9388	0.7030	-0.0013	815.0000	814.1302	1.0339	-2.4832	100.0821	40.1202	0.8230	0.8225	5.0000	-9999.0000	-9999.0000	-9999.0000	-9999.0000	-9999.0000	-9999.0000	21.7730	7	0	27.3528	1.0000	99	9	-9999.0000	46559	30574	-9999	536	3396	-9999	559.8821	5	0.6869	0.7030	-0.0013	62.0144	4.1709	733.9077	396.1774	38.2670	669.2594	95.7335	732.5379	95.1184	742.8597	94.8987	752.0338	94.8328	
07/08/2017	07:33:25	019004	H421014638HLR	L421	S		703.4786	1.0233	18.8452	99.9248	39.9487	0.8230	0.8254	5.0000	20.1116	815.1419	94.6571	12.4008	24.4000	0.9300	0.9388	0.7041	-0.0014	815.0000	815.8189	1.0339	-2.5314	100.0024	40.0738	0.8230	0.8225	5.0000	-9999.0000	-9999.0000	-9999.0000	-9999.0000	-9999.0000	-9999.0000	23.5826	8	0	25.9629	1.0000	99	9	-9999.0000	46560	30575	-9999	537	3397	-9999	559.8576	5	0.6866	0.7041	-0.0014	67.7430	3.6875	736.0108	392.6101	37.2565	668.8100	95.8213	734.5724	95.0525	745.3697	94.8108	754.4510	94.8108	
07/08/2017	07:33:51	019004	H421014626HLR	L421	S		699.9057	1.0233	17.7245	100.0285	39.9616	0.8230	0.8254	5.0000	20.0521	815.1015	94.7010	12.9712	24.4000	0.9300	0.9388	0.7080	-0.0017	815.0000	816.4622	1.0339	-2.5497	100.0702	40.1323	0.8230	0.8227	5.0000	-9999.0000	-9999.0000	-9999.0000	-9999.0000	-9999.0000	-9999.0000	20.5521	1	0	25.5536	1.0000	99	9	-9999.0000	46561	30576	-9999	538	3398	-9999	559.2417	5	0.6865	0.7080	-0.0017	81.8721	2.6256	731.3029	390.5228	37.3005	664.4326	95.7554	729.8689	95.1184	740.8271	94.8548	749.9601	94.8328	
07/08/2017	07:34:17	019004	H421014655HLR	L421	S		698.4908	1.0233	17.2807	100.2361	39.9487	0.8230	0.8253	5.0000	20.3021	815.1661	94.5912	12.5415	24.4000	0.9300	0.9388	0.7093	-0.0018	815.0000	814.8493	1.0339	-2.5037	100.0935	40.1329	0.8230	0.8227	5.0000	-9999.0000	-9999.0000	-9999.0000	-9999.0000	-9999.0000	-9999.0000	20.3225	2	0	26.1826	1.0000	99	9	-9999.0000	46562	30577	-9999	539	3399	-9999	559.9782	5	0.6864	0.7093	-0.0018	74.2759	3.3017	729.4053	382.4759	38.3549	661.8836	95.6456	727.7737	95.0305	738.8185	94.8328	748.2833	94.8108	
07/08/2017	07:34:44	019004	H421013850HLR	L421	S		698.8027	1.0233	17.3785	100.0404	39.9487	0.8230	0.8254	5.0000	19.9924	815.1374	94.6571	12.6216	24.4000	0.9300	0.9388	0.7123	-0.0020	815.0000	815.8354	1.0339	-2.5318	100.0399	40.1393	0.8230	0.8227	5.0000	-9999.0000	-9999.0000	-9999.0000	-9999.0000	-9999.0000	-9999.0000	20.3822	3	0	27.4328	1.0000	99	9	-9999.0000	46563	30578	-9999	540	3400	-9999	560.0217	5	0.6863	0.7123	-0.0020	82.3463	2.7137	726.3693	374.1602	38.2670	659.7670	95.8213	724.8096	95.1843	736.5862	94.8548	746.0239	94.8108	
07/08/2017	07:35:11	019004	H421014643HLR	L421	S		701.5256	1.0233	18.2326	99.9943	39.9487	0.8230	0.8253	5.0000	20.1721	815.0913	94.5033	12.2611	24.4000	0.9300	0.9388	0.7111	-0.0019	815.0000	815.2540	1.0339	-2.5152	100.0155	40.0844	0.8230	0.8226	5.0000	-9999.0000	-9999.0000	-9999.0000	-9999.0000	-9999.0000	-9999.0000	24.0828	4	0	27.0432	1.0000	99	9	-9999.0000	46564	30579	-9999	541	3401	-9999	560.4386	5	0.6862	0.7111	-0.0019	84.0700	2.5842	730.2322	386.5774	38.8382	664.7207	95.5797	728.5329	94.9866	740.0015	94.8108	749.3131	94.8548	
07/08/2017	07:35:38	019004	H421014629HLR	L421	S		701.9096	1.0233	18.3531	100.0122	39.9567	0.8230	0.8254	5.0000	20.0121	815.1600	94.6131	11.3714	24.4000	0.9300	0.9387	0.7086	-0.0017	815.0000	814.0028	1.0339	-2.4795	100.0397	40.1538	0.8230	0.8228	5.0000	-9999.0000	-9999.0000	-9999.0000	-9999.0000	-9999.0000	-9999.0000	20.2923	5	0	26.7628	1.0000	99	9	-9999.0000	46565	30580	-9999	542	3402	-9999	561.4995	5	0.6858	0.7086	-0.0017	84.5497	2.5386	734.1941	387.2237	37.2346	666.4019	95.6895	732.6205	94.9646	744.8898	94.7230	754.6534	94.7889	
07/08/2017	07:36:07	019004	H421014649HLR	L421	S		699.9066	1.0233	17.7248	99.9769	39.9487	0.8230	0.8253	5.0000	20.0920	815.0988	94.7669	12.5620	24.3000	0.9300	0.9388	0.7103	-0.0019	815.0000	815.0228	1.0339	-2.5086	100.0676	40.1403	0.8230	0.8226	5.0000	-9999.0000	-9999.0000	-9999.0000	-9999.0000	-9999.0000	-9999.0000	20.7815	6	0	29.1342	1.0000	99	9	-9999.0000	46566	30581	-9999	543	3403	-9999	559.9212	5	0.6859	0.7103	-0.0019	85.8917	2.4412	727.4558	378.8695	37.1687	662.5078	95.6676	725.8462	95.0525	737.3570	94.7889	746.9978	94.7669	
07/08/2017	07:36:34	019004	H421014657HLR	L421	S		687.7006	1.0233	13.8960	99.9785	39.9466	0.8230	0.8252	5.0000	20.9223	815.1624	94.6131	12.8218	24.3000	0.9300	0.9388	0.7109	-0.0019	815.0000	815.0956	1.0339	-2.5107	99.9655	40.0512	0.8230	0.8226	5.0000	-9999.0000	-9999.0000	-9999.0000	-9999.0000	-9999.0000	-9999.0000	25.8125	7	0	27.2726	1.0000	99	9	-9999.0000	46566	30582	-9999	544	3404	-9999	559.5072	5	0.6861	0.7109	-0.0019	74.3788	3.3679	725.2500	389.8310	37.8277	659.3519	95.6676	723.5581	95.0525	735.6120	94.8108	744.6991	94.8108	
07/08/2017	07:37:03	019004	H421014667HLR	L421	S		690.7010	1.0233	14.8372	100.0312	39.9620	0.8230	0.8254	5.0000	20.2426	815.0976	94.8108	13.4019	24.3000	0.9300	0.9388	0.7114	-0.0020	815.0000	813.1249	1.0339	-2.4545	100.0816	40.1536	0.8230	0.8226	5.0000	-9999.0000	-9999.0000	-9999.0000	-9999.0000	-9999.0000	-9999.0000	21.1821	8	0	28.6028	1.0000	99	9	-9999.0000	46567	30583	-9999	545	3405	-9999	558.5685	5	0.6862	0.7114	-0.0020	72.3774	3.5274	720.8650	395.6877	37.6959	656.8899	96.0190	719.1513	95.3600	731.1576	94.9426	740.1980	94.8108	
07/08/2017	07:37:29	019004	H421014672HLR	L421	S		699.2464	1.0233	17.5177	100.1029	39.9837	0.8230	0.8254	5.0000	20.1418	815.1520	94.6131	13.0308	24.3000	0.9300	0.9388	0.7133	-0.0021	815.0000	814.0829	1.0339	-2.4818	99.9814	40.0621	0.8230	0.8225	5.0000	-9999.0000	-9999.0000	-9999.0000	-9999.0000	-9999.0000	-9999.0000	25.2733	1	0	26.3839	1.0000	99	9	-9999.0000	46568	30584	-9999	546	3406	-9999	559.2455	5	0.6865	0.7133	-0.0021	70.8430	3.6281	725.8050	393.7308	39.4752	662.4742	95.8872	724.2805	95.2282	735.3978	94.9866	740.5533	94.8987	
07/08/2017	07:37:58	019004	H421014704HLR	L421	S		691.3061	1.0233	15.0270	99.9148	39.9485	0.8230	0.8254	5.0000	20.0618	815.1682	94.8987	14.2018	24.3000	0.9300	0.9388	0.7151	-0.0022	815.0000	815.5397	1.0339	-2.5234	100.0522	40.1538	0.8230	0.8226	5.0000	-9999.0000	-9999.0000	-9999.0000	-9999.0000	-9999.0000	-9999.0000	21.0326	2	0	28.6732	1.0000	99	9	-9999.0000	46569	30585	-9999	547	3407	-9999	557.1956	5	0.6868	0.7151	-0.0022	58.2584	4.6349	717.9573	392.9539	40.2660	655.4838	95.8872	716.5609	95.2062	726.1693	94.8987	736.5013	94.8108	
07/08/2017	07:38:24	019004	H421014674HLR	L421	S		694.6312	1.0233	16.0700	100.0125	39.9364	0.8230	0.8251	5.0000	21.4016	815.1314	94.7230	13.5113	24.4000	0.9300	0.9388	0.7152	-0.0022	815.0000	813.4444	1.0339	-2.4636	100.0080	40.0709	0.8230	0.8225	5.0000	-9999.0000	-9999.0000	-9999.0000	-9999.0000	-9999.0000	-9999.0000	24.5623	3	0	26.4024	1.0000	99	9	-9999.0000	46570	30586	-9999	548	3408	-9999	558.2796	5	0.6867	0.7152	-0.0022	54.9268	4.8873	721.5678	369.5337	36.9490	649.8139	95.8213	719.6706	95.1843	731.7747	94.8987	740.4777	94.8548	
07/08/2017	07:38:51	019004	H421014684HLR	L421	S		701.6451	1.0233	18.2701	100.1690	39.9958	0.8230	0.8254	5.0000	19.9827	815.1909	94.5692	12.4516	24.4000	0.9300	0.9389	0.7200	-0.0026	815.0000	815.2634	1.0339	-2.5155	100.0689	40.1538	0.8230	0.8227	5.0000	-9999.0000	-9999.0000	-9999.0000	-9999.0000	-9999.0000	-9999.0000	20.6224	4	0	26.5831	1.0000	99	9	-9999.0000	46571	30587	-9999	549	3409	-9999	560.1625	5	0.6870	0.7200	-0.0026	54.1282	4.9679	722.5577	385.9898	38.2231	653.1014	96.0190	720.9131	95.3161	732.6369	94.9207	743.3406	94.8108	
07/08/2017	07:39:17	019004	H421014676HLR	L421	S		701.5906	1.0233	18.2530	100.0139	39.9487	0.8230	0.8253	5.0000	20.2423	815.1600	94.6131	12.6821	24.4000	0.9300	0.9388	0.7077	-0.0016	815.0000	813.8327	1.0339	-2.4747	100.0441	40.1538	0.8230	0.8227	5.0000	-9999.0000	-9999.0000	-9999.0000	-9999.0000	-9999.0000	-9999.0000	20.8324	5	0	26.1827	1.0000	99	9	-9999.0000	46572	30588	-9999	550	3410	-9999	559.9532	5	0.6869	0.7077	-0.0016	67.8081	3.7922	729.7557	392.6846	37.4103	661.7797	95.8872	728.2990	95.2502	738.1624	94.9426	745.9932	94.8328	
07/08/2017	07:39:44	019004	H421014660HLR	L421	S		693.8000	1.0233	15.8093	99.9914	39.9487	0.8230	0.8254	5.0000	20.0520	815.1668	95.1623	15.0017	24.4000	0.9300	0.9388	0.7158	-0.0023	815.0000	814.2368	1.0339	-2.4862	100.0557	40.1354	0.8230	0.8226	5.0000	-9999.0000	-9999.0000	-9999.0000	-9999.0000	-9999.0000	-9999.0000	20.8714	6	0	26.9533	1.0000	99	9	-9999.0000	46573	30589	-9999	551	3411	-9999	555.5036	5	0.6866	0.7158	-0.0023	58.7691	4.5548	717.3732	386.5889	38.4647	650.1802	95.7335	715.7250	95.1403	725.8703	94.8987	734.0772	94.8328	
07/08/2017	07:40:10	019004	H421014688HLR	L421	S		693.0575	1.0233	15.5764	100.0803	39.9487	0.8230	0.8255	5.0000	19.9720	815.1157	94.6790	12.6811	24.4000	0.9300	0.9388	0.7104	-0.0018	815.0000	813.4752	1.0339	-2.4645	100.0740	40.1440	0.8230	0.8227	5.0000	-9999.0000	-9999.0000	-9999.0000	-9999.0000	-9999.0000	-9999.0000	21.0618	7	0	26.1327	1.0000	99	9	-9999.0000	46574	30590	-9999	552	3412	-9999	560.1346	5	0.6868	0.7104	-0.0018	60.9294	4.3850	724.7543	371.4371	36.2680	650.0212	95.8213	723.3168	95.2282	734.2795	94.8987	742.9252	94.8328	
07/08/2017	07:40:38	019004	H421014694HLR	L421	S		696.9670	1.0233	16.8027	99.9457	39.9560	0.8230	0.8253	5.0000	20.4427	815.1043	94.7669	12.9311	24.4000	0.9300	0.9388	0.7101	-0.0018	815.0000	814.6751	1.0339	-2.4987	100.0423	40.1538	0.8230	0.8227	5.0000	-9999.0000	-9999.0000	-9999.0000	-9999.0000	-9999.0000	-9999.0000	20.4616	8	0	27.3332	1.0000	99	9	-9999.0000	46575	30591	-9999	553	3413	-9999	559.7153	5	0.6868	0.7101	-0.0018	58.5474	4.5498	726.1358	375.6368	35.8946	651.1047	96.0630	724.7804	95.3380	735.7126	94.9207	744.9712	94.8108	
07/08/2017	07:41:06	019004	H421014714HLR	L421	S		698.8266	1.0233	17.3860	100.0178	39.9462	0.8230	0.8254	5.0000	19.9221	815.1022	94.6131	12.5014	24.4000	0.9300	0.9388	0.7099	-0.0018	815.0000	815.7456	1.0339	-2.5293	100.0487	40.1538	0.8230	0.8226	5.0000	-9999.0000	-9999.0000	-9999.0000	-9999.0000	-9999.0000	-9999.0000	21.2621	1	0	27.9631	1.0000	99	9	-9999.0000	46576	30592	-9999	554	3414	-9999	560.5168	5	0.6869	0.7099	-0.0018	56.2940	4.7002	728.7343	372.8223	36.1142	653.9250	95.7115	726.9502	94.9866	738.1493	94.7889	747.1035	94.8328	
