Data	Timp	Nr. masina	Nr. de serie	Tip	Productie	Comentariu	Pre-masurare Q [ml/min]	Pre-masurare Gain	Pre-masurare Offset Master	Pre-masurare P [bar]	Pre-masurare T [°C]	Pre-masurare Densitate fixa [kg/l]	Pre-masurare densitate masurata [kg/l]	Pre-masurare Timp masurare [s]	Pre-masurare Cycle time [s]	rectificare Q Oprire [ml/min]	rectificare P Oprire [bar]	rectificare Timp rectificare [s]	rectificare T [°C]	rectificare Densitate fixa [kg/l]	rectificare densitate masurata [kg/l]	rectificare Factor de masurare la rectificare	rectificare Factor de corectie a debitului	rectificare Target rectificare	Masurare Q [ml/min]	Masurare Gain	Masurare Offset Master	Masurare P [bar]	Masurare T [°C]	Masurare Densitate fixa [kg/l]	Masurare densitate masurata [kg/l]	Masurare Timp masurare [s]	Masurare Q [ml/min]	Masurare Delta Q [ml/min]	Masurare P [bar]	Masurare BP [bar]	Masurare T [°C]	Masurare Timp masurare [s]	Masurare Cycle time [s]	Nest Nr.	Cod de descarcare	Cycle time [s]	Traceability aktiv	EDM Maschine Nr	EDM Spindle Nr	Honing Rate [r	Station Counter Premeasure	Station Counter Grind	Station Counter Blowout 1	Station Counter Wash	Station Counter Measure	Station Counter Blowout 2	RealGrindQStop	Reg Type	Factor 0	Factor 1	Factor 2	Factor 3	Factor 4	G_StartQV	G_StartQV_1	G_StartQV_2	G_StartQV_3	G_StartQV_4	G_StartQV_5	
28/08/2017	06:38:50	019004	G523126104HLR	L523	Q		438.3533	1.0230	0.0000	99.9994	40.7730	0.8230	0.8290	4.0000	19.1126	508.0279	95.1184	18.0626	24.8000	0.9300	0.9243	0.6639	-0.0002	508.0000	508.2739	1.0339	8.9686	100.0433	39.9329	0.8230	0.8247	5.0000	-9999.0000	-9999.0000	-9999.0000	-9999.0000	-9999.0000	-9999.0000	21.1526	5	0	15.7811	1.0000	99	9	-9999.0000	33322	69613	-9999	2	52	-9999	335.5761	5	0.6622	0.6639	-0.0002	42.9499	1.8819	449.5006	300.0122	37.6080	422.7482	69.7242	439.4564	88.5941	465.0503	94.1518	470.9934	94.7669	
28/08/2017	06:42:30	019004	G523126115HLR	L523	Q		443.7263	1.0230	0.0000	100.0357	39.6786	0.8230	0.8269	4.0000	19.3616	508.0405	95.0744	11.1712	24.7000	0.9300	0.9244	0.6637	-0.0002	508.0000	509.2744	1.0339	8.8539	100.0701	39.8461	0.8230	0.8252	5.0000	-9999.0000	-9999.0000	-9999.0000	-9999.0000	-9999.0000	-9999.0000	20.0316	1	0	27.2923	1.0000	99	9	-9999.0000	33324	69614	-9999	4	54	-9999	336.1169	5	0.6602	0.6637	-0.0002	42.9615	1.8824	468.8947	289.1516	40.5736	456.9262	94.7669	479.0908	94.3056	484.7246	94.8108	488.9341	94.9866	
28/08/2017	06:43:59	019004	G523126107HLR	L523	Q		438.3981	1.0230	0.0000	100.2258	40.6597	0.8230	0.8314	4.0000	19.2121	508.0425	95.0305	15.5017	24.6000	0.9300	0.9247	0.6629	-0.0002	508.0000	507.2269	1.0339	8.9333	100.0596	39.4359	0.8230	0.8246	5.0000	-9999.0000	-9999.0000	-9999.0000	-9999.0000	-9999.0000	-9999.0000	20.5023	5	0	25.0526	1.0000	99	9	-9999.0000	33325	69615	-9999	5	55	-9999	335.3158	5	0.6601	0.6629	-0.0002	42.9879	1.8835	459.1026	316.5593	39.2336	447.6222	94.8328	468.8734	94.3056	474.3924	94.9646	478.1254	95.0085	
28/08/2017	06:45:26	019004	G523126091HLR	L523	S		439.7929	1.0230	0.0000	100.0443	40.1482	0.8230	0.8272	4.0000	19.1514	508.0208	94.9646	13.3218	24.7000	0.9300	0.9248	0.6633	-0.0002	508.0000	509.1424	1.0339	8.8690	100.0737	39.3253	0.8230	0.8235	5.0000	-9999.0000	-9999.0000	-9999.0000	-9999.0000	-9999.0000	-9999.0000	20.0921	1	0	25.6435	1.0000	99	9	-9999.0000	33326	69616	-9999	6	56	-9999	335.6978	5	0.6604	0.6633	-0.0002	42.9770	1.8831	463.3860	297.5791	39.2116	452.6685	94.4813	473.3832	94.4154	479.9937	95.0305	484.7612	94.8987	
28/08/2017	06:46:55	019004	G523126095HLR	L523	S		439.4239	1.0230	0.0000	100.0161	40.1684	0.8230	0.8303	4.0000	20.5522	508.0426	94.9207	13.8512	24.6000	0.9300	0.9247	0.6629	-0.0002	508.0000	509.2979	1.0339	8.8512	100.0471	39.6093	0.8230	0.8235	5.0000	-9999.0000	-9999.0000	-9999.0000	-9999.0000	-9999.0000	-9999.0000	20.3225	5	0	27.9337	1.0000	99	9	-9999.0000	33327	69617	-9999	7	57	-9999	335.4874	5	0.6602	0.6629	-0.0002	42.9889	1.8836	460.5189	289.6748	38.5087	448.2103	94.6571	471.7938	94.4374	478.1549	94.9426	482.0103	94.9646	
28/08/2017	06:50:25	019004	G523126099HLR	L523	S		436.8527	1.0230	0.0000	100.1409	39.9612	0.8230	0.8275	4.0000	19.1925	508.0538	95.0085	16.1219	24.6000	0.9300	0.9249	0.6629	-0.0002	508.0000	507.3663	1.0339	8.9454	100.0287	39.6260	0.8230	0.8236	5.0000	-9999.0000	-9999.0000	-9999.0000	-9999.0000	-9999.0000	-9999.0000	20.0618	1	0	27.3429	1.0000	99	9	-9999.0000	33328	69618	-9999	8	58	-9999	335.2853	5	0.6599	0.6629	-0.0002	61.6257	0.4926	456.0839	244.5204	35.5650	444.9741	93.6905	465.7443	94.3715	473.7248	95.2502	478.2724	95.0525	
28/08/2017	06:51:37	019004	error reading	L523	S		0.0000	0.0000	0.0000	0.0000	0.0000	0.8230	0.0000	0.0000	0.0000	0.0000	0.0000	0.0000	0.0000	0.9300	0.0000	0.0000	0.0000	0.0000	0.0000	0.0000	0.0000	0.0000	0.0000	0.8230	0.0000	0.0000	0.0000	0.0000	0.0000	0.0000	0.0000	0.0000	0.0000	0	28	28.2834	1.0000	99	9	0.0000	0	0	-9999	0	0	-9999	0.0000	0	0.0000	0.0000	0.0000	0.0000	0.0000	0.0000	0.0000	0.0000	0.0000	0.0000	0.0000	0.0000	0.0000	0.0000	0.0000	0.0000	
28/08/2017	06:52:23	019004	G523126098HLR	L523	S		435.1681	1.0230	0.0000	100.0340	40.4231	0.8230	0.8307	4.0000	19.3420	508.0481	94.8548	15.5115	24.6000	0.9300	0.9245	0.6629	-0.0002	508.0000	508.1923	1.0339	8.9779	99.9048	39.3333	0.8230	0.8244	5.0000	-9999.0000	-9999.0000	-9999.0000	-9999.0000	-9999.0000	-9999.0000	20.6018	5	0	26.2736	1.0000	99	9	-9999.0000	33329	69619	-9999	9	59	-9999	335.3314	5	0.6600	0.6629	-0.0002	61.3558	0.5237	455.6990	212.3518	36.4877	444.3720	94.1957	467.1292	94.4813	473.2798	95.1403	477.9882	95.2502	
28/08/2017	06:53:11	019004	G523126092HLR	L523	S		434.7059	1.0230	0.0000	100.0235	39.9251	0.8230	0.8304	4.0000	19.9318	508.0592	94.7889	16.4022	24.6000	0.9300	0.9246	0.6629	-0.0002	508.0000	508.5056	1.0339	8.9420	100.0432	39.7593	0.8230	0.8235	5.0000	-9999.0000	-9999.0000	-9999.0000	-9999.0000	-9999.0000	-9999.0000	21.1926	7	0	23.6725	1.0000	99	9	-9999.0000	33330	69620	-9999	10	60	-9999	335.2653	5	0.6600	0.6629	-0.0002	61.3558	0.5237	452.7957	246.7143	37.5421	441.2828	93.6685	464.0899	94.5692	471.3044	95.2502	475.3212	95.2502	
28/08/2017	06:54:06	019004	G523124463HLR	L523	S		438.1718	1.0230	0.0000	100.0663	40.5641	0.8230	0.8286	4.0000	19.5828	508.0454	94.8328	14.4821	24.5000	0.9300	0.9246	0.6629	-0.0002	508.0000	509.6884	1.0339	8.8064	99.9334	39.6729	0.8230	0.8246	5.0000	-9999.0000	-9999.0000	-9999.0000	-9999.0000	-9999.0000	-9999.0000	21.9524	1	0	29.9135	1.0000	99	9	-9999.0000	33331	69621	-9999	11	61	-9999	335.4379	5	0.6600	0.6629	-0.0002	60.5708	0.6075	456.3248	231.6204	37.6519	444.0692	93.5148	469.3121	94.5253	476.9224	95.2941	480.9975	95.1843	
28/08/2017	06:54:55	019004	G523127179HLR	L523	S		442.8086	1.0230	0.0000	100.0488	39.6410	0.8230	0.8276	4.0000	20.7924	508.0395	94.9426	11.9115	24.5000	0.9300	0.9244	0.6629	-0.0002	508.0000	509.7517	1.0339	8.7991	100.0274	39.7724	0.8230	0.8237	5.0000	-9999.0000	-9999.0000	-9999.0000	-9999.0000	-9999.0000	-9999.0000	20.3724	3	0	25.5224	1.0000	99	9	-9999.0000	33332	69622	-9999	12	62	-9999	335.6744	5	0.6599	0.6629	-0.0002	58.4015	0.7815	460.6361	250.4998	36.5536	447.5377	94.0859	476.5746	94.4813	483.3768	95.1623	487.7663	95.0525	
28/08/2017	06:55:20	019004	error reading	L523	S		0.0000	0.0000	0.0000	0.0000	0.0000	0.8230	0.0000	0.0000	0.0000	0.0000	0.0000	0.0000	0.0000	0.9300	0.0000	0.0000	0.0000	0.0000	0.0000	0.0000	0.0000	0.0000	0.0000	0.8230	0.0000	0.0000	0.0000	0.0000	0.0000	0.0000	0.0000	0.0000	0.0000	0	28	25.5224	1.0000	99	9	0.0000	0	0	0	0	0	0	0.0000	0	0.0000	0.0000	0.0000	0.0000	0.0000	0.0000	0.0000	0.0000	0.0000	0.0000	0.0000	0.0000	0.0000	0.0000	0.0000	0.0000	
28/08/2017	06:56:05	019004	G523127189HLR	L523	S		434.5314	1.0230	0.0000	99.9633	39.9433	0.8230	0.8302	4.0000	19.4016	508.0341	94.7449	18.1114	24.6000	0.9300	0.9249	0.6629	-0.0002	508.0000	510.8285	1.0339	8.6756	100.0750	39.7698	0.8230	0.8250	5.0000	-9999.0000	-9999.0000	-9999.0000	-9999.0000	-9999.0000	-9999.0000	20.0716	5	0	23.7917	1.0000	99	9	-9999.0000	33333	69623	-9999	13	63	-9999	335.0863	5	0.6597	0.6629	-0.0002	58.9775	0.7570	453.1821	266.0086	36.7513	441.6607	94.5033	464.0201	94.6131	469.2803	95.0305	472.9643	94.9426	
28/08/2017	06:56:55	019004	G523127191HLR	L523	S		426.8926	1.0230	0.0000	100.1554	40.4615	0.8230	0.8284	4.0000	19.3527	508.0316	94.8328	13.7623	24.6000	0.9300	0.9248	0.6629	-0.0002	508.0000	509.4172	1.0339	8.8375	100.0634	39.4127	0.8230	0.8235	5.0000	-9999.0000	-9999.0000	-9999.0000	-9999.0000	-9999.0000	-9999.0000	20.7646	7	0	25.6924	1.0000	99	9	-9999.0000	33334	69624	-9999	14	63	-9999	335.4930	5	0.6596	0.6629	-0.0002	57.5643	0.8467	460.5308	270.0172	37.7837	449.1363	94.5912	473.7382	94.6571	478.8280	95.0964	482.6100	94.9646	
28/08/2017	06:57:40	019004	G523127192HLR	L523	S		445.2708	1.0230	0.0000	100.0283	39.6891	0.8230	0.8276	4.0000	19.8723	508.0221	94.9426	12.0521	24.6000	0.9300	0.9247	0.6587	0.0000	508.0000	507.8602	1.0339	8.9880	99.9939	40.1675	0.8230	0.8251	5.0000	-9999.0000	-9999.0000	-9999.0000	-9999.0000	-9999.0000	-9999.0000	20.1917	1	0	21.8529	1.0000	99	9	-9999.0000	33335	69625	-9999	15	64	-9999	334.9667	5	0.6592	0.6587	0.0000	48.4970	1.5541	466.3687	275.4424	37.1906	453.2398	94.8108	478.7642	94.7889	484.4286	95.1184	488.1596	94.9646	
28/08/2017	06:58:31	019004	G523127227HLR	L523	S		435.7618	1.0230	0.0000	100.0473	40.4052	0.8230	0.8302	4.0000	20.4453	508.0336	94.8767	13.8316	24.6000	0.9300	0.9248	0.6587	0.0000	508.0000	508.8746	1.0339	8.8997	100.0717	39.5525	0.8230	0.8235	5.0000	-9999.0000	-9999.0000	-9999.0000	-9999.0000	-9999.0000	-9999.0000	20.4927	3	0	27.3527	1.0000	99	9	-9999.0000	33336	69626	-9999	16	65	-9999	335.0267	5	0.6591	0.6587	0.0000	49.2185	1.5086	461.3162	307.7494	39.0139	449.9973	94.9866	474.9668	94.7010	480.9765	95.0744	484.8238	95.0085	
28/08/2017	06:58:56	019004	error reading	L523	S		0.0000	0.0000	0.0000	0.0000	0.0000	0.8230	0.0000	0.0000	0.0000	0.0000	0.0000	0.0000	0.0000	0.9300	0.0000	0.0000	0.0000	0.0000	0.0000	0.0000	0.0000	0.0000	0.0000	0.8230	0.0000	0.0000	0.0000	0.0000	0.0000	0.0000	0.0000	0.0000	0.0000	0	28	27.3527	1.0000	99	9	0.0000	0	0	0	0	0	0	0.0000	0	0.0000	0.0000	0.0000	0.0000	0.0000	0.0000	0.0000	0.0000	0.0000	0.0000	0.0000	0.0000	0.0000	0.0000	0.0000	0.0000	
28/08/2017	07:00:14	019004	G523127229HLR	L523	S		446.4431	1.0230	0.0000	99.9919	40.4615	0.8230	0.8282	4.0000	19.3322	508.0379	95.0085	10.1213	24.6000	0.9300	0.9246	0.6587	0.0000	508.0000	508.4792	1.0339	8.9450	100.0400	40.0512	0.8230	0.8249	5.0000	-9999.0000	-9999.0000	-9999.0000	-9999.0000	-9999.0000	-9999.0000	20.6419	5	0	27.3633	1.0000	99	9	-9999.0000	33337	69627	-9999	17	66	-9999	334.9346	5	0.6589	0.6587	0.0000	49.2171	1.5087	469.5767	268.2810	37.9595	456.5727	94.9426	483.9545	94.7669	489.9016	95.0744	493.6054	94.9866	
28/08/2017	07:01:07	019004	G523127234HLR	L523	S		433.5653	1.0230	0.0000	100.0115	39.7474	0.8230	0.8275	4.0000	19.4818	508.0318	94.7010	15.5320	24.6000	0.9300	0.9247	0.6587	0.0000	508.0000	509.5346	1.0339	8.8240	100.0540	39.8461	0.8230	0.8248	5.0000	-9999.0000	-9999.0000	-9999.0000	-9999.0000	-9999.0000	-9999.0000	20.4123	7	0	29.4526	1.0000	99	9	-9999.0000	33338	69628	-9999	18	67	-9999	335.0518	5	0.6588	0.6587	0.0000	50.4050	1.4308	458.0578	299.1397	37.8057	445.8923	95.2721	470.3888	94.8548	476.2669	95.0744	479.9127	94.8108	
28/08/2017	07:01:58	019004	G523127233HLR	L523	S		436.7626	1.0230	0.0000	100.1571	39.8280	0.8230	0.8299	4.0000	19.2218	508.0399	94.7230	15.5808	24.7000	0.9300	0.9251	0.6587	0.0000	508.0000	506.7711	1.0339	8.8941	99.9294	39.6449	0.8230	0.8237	5.0000	-9999.0000	-9999.0000	-9999.0000	-9999.0000	-9999.0000	-9999.0000	20.2318	1	0	27.4329	1.0000	99	9	-9999.0000	33339	69629	-9999	19	68	-9999	335.0743	5	0.6588	0.6587	0.0000	44.8336	1.7619	459.3839	279.6967	37.1028	447.5162	95.0964	470.5805	94.8767	475.7302	95.0525	479.7959	94.9426	
28/08/2017	07:02:50	019004	G523127250HLR	L523	S		434.5945	1.0230	0.0000	100.0585	39.8251	0.8230	0.8274	4.0000	19.4825	508.0486	94.7889	17.6026	24.5000	0.9300	0.9247	0.6598	-0.0001	508.0000	508.2821	1.0339	8.9677	99.9137	39.9687	0.8230	0.8249	5.0000	-9999.0000	-9999.0000	-9999.0000	-9999.0000	-9999.0000	-9999.0000	20.2122	3	0	28.4339	1.0000	99	9	-9999.0000	33340	69630	-9999	20	69	-9999	334.5055	5	0.6585	0.6598	-0.0001	42.6148	1.9682	456.1550	301.3381	36.8391	444.9464	95.3380	467.1216	94.8328	471.3870	95.0744	475.1274	94.9866	
28/08/2017	07:03:40	019004	G523127236HLR	L523	S		436.8725	1.0230	0.0000	100.0376	39.7279	0.8230	0.8300	4.0000	19.5324	508.0668	94.7230	15.6121	24.5000	0.9300	0.9246	0.6602	-0.0001	508.0000	506.6683	1.0339	8.8852	100.0599	39.5034	0.8230	0.8236	5.0000	-9999.0000	-9999.0000	-9999.0000	-9999.0000	-9999.0000	-9999.0000	20.7024	5	0	26.0732	1.0000	99	9	-9999.0000	33341	69631	-9999	21	70	-9999	334.4813	5	0.6586	0.6602	-0.0001	43.7031	1.8769	457.0782	298.5222	38.2231	445.2858	95.1843	469.6172	94.7889	475.2651	95.0525	478.7121	94.9646	
28/08/2017	07:04:32	019004	G523127245HLR	L523	S		435.1892	1.0230	0.0000	100.0895	40.5705	0.8230	0.8292	4.0000	19.3723	508.0287	94.7010	16.5517	24.5000	0.9300	0.9247	0.6614	-0.0002	508.0000	507.3078	1.0339	8.9403	100.0450	40.1133	0.8230	0.8250	5.0000	-9999.0000	-9999.0000	-9999.0000	-9999.0000	-9999.0000	-9999.0000	20.1914	7	0	28.7036	1.0000	99	9	-9999.0000	33342	69632	-9999	22	71	-9999	334.1923	5	0.6585	0.6614	-0.0002	46.1579	1.7027	457.1499	298.7256	37.5201	445.5650	95.3600	467.1517	94.8108	471.7855	95.0085	475.4978	94.9426	
28/08/2017	07:05:24	019004	G523127246HLR	L523	S		434.5312	1.0230	0.0000	100.0375	39.9372	0.8230	0.8274	4.0000	19.5021	508.0469	94.8328	14.2819	24.6000	0.9300	0.9249	0.6607	-0.0002	508.0000	508.0516	1.0339	8.9941	100.0506	39.4850	0.8230	0.8237	5.0000	-9999.0000	-9999.0000	-9999.0000	-9999.0000	-9999.0000	-9999.0000	20.4720	1	0	27.3634	1.0000	99	9	-9999.0000	33343	69633	-9999	23	72	-9999	334.5915	5	0.6587	0.6607	-0.0002	45.6114	1.6740	459.8000	283.8431	38.8821	447.5505	95.1843	471.2765	94.7669	476.4764	95.0085	480.9346	94.9646	
28/08/2017	07:06:16	019004	G523127248HLR	L523	S		434.2749	1.0230	0.0000	100.0291	39.5914	0.8230	0.8292	4.0000	19.2315	508.0455	94.8108	16.9511	24.5000	0.9300	0.9249	0.6610	-0.0002	508.0000	507.4471	1.0339	8.9523	100.0527	40.1421	0.8230	0.8247	5.0000	-9999.0000	-9999.0000	-9999.0000	-9999.0000	-9999.0000	-9999.0000	20.7522	3	0	28.1525	1.0000	99	9	-9999.0000	33344	69634	-9999	24	73	-9999	334.4866	5	0.6587	0.6610	-0.0002	43.8002	1.7436	457.0911	308.5714	38.9041	447.1415	95.2721	465.9082	94.8548	470.9037	95.0305	474.4749	94.9646	
28/08/2017	07:07:06	019004	G523127252HLR	L523	S		435.3045	1.0230	0.0000	100.0163	40.5367	0.8230	0.8293	4.0000	21.1819	508.0261	94.7449	15.6316	24.6000	0.9300	0.9250	0.6599	-0.0001	508.0000	508.8626	1.0339	8.9011	100.0516	39.4793	0.8230	0.8237	5.0000	-9999.0000	-9999.0000	-9999.0000	-9999.0000	-9999.0000	-9999.0000	20.6725	5	0	26.5527	1.0000	99	9	-9999.0000	33345	69635	-9999	25	74	-9999	334.5592	5	0.6590	0.6599	-0.0001	46.1223	1.6437	456.6593	304.0737	37.5421	444.3511	95.2062	469.7748	94.7669	474.5615	95.0305	478.9359	94.9426	
28/08/2017	07:07:53	019004	G523127261HLR	L523	S		435.1510	1.0230	0.0000	100.0524	40.1538	0.8230	0.8278	4.0000	19.3018	508.0346	94.7230	16.4423	24.5000	0.9300	0.9248	0.6592	-0.0000	508.0000	508.4013	1.0339	8.9540	99.9552	40.1522	0.8230	0.8245	5.0000	-9999.0000	-9999.0000	-9999.0000	-9999.0000	-9999.0000	-9999.0000	20.9829	7	0	22.5133	1.0000	99	9	-9999.0000	33346	69636	-9999	26	75	-9999	334.7445	5	0.6590	0.6592	-0.0000	44.0547	1.6910	457.4964	304.3083	37.5860	445.9899	95.3380	468.8886	94.7889	474.0085	95.0085	477.6352	94.9426	
28/08/2017	07:08:43	019004	G523127262HLR	L523	S		435.8451	1.0230	0.0000	99.9981	39.6410	0.8230	0.8283	4.0000	20.4916	508.0279	94.7449	14.7712	24.6000	0.9300	0.9248	0.6586	0.0000	508.0000	508.5224	1.0339	8.9401	100.0624	39.5216	0.8230	0.8238	5.0000	-9999.0000	-9999.0000	-9999.0000	-9999.0000	-9999.0000	-9999.0000	20.3225	1	0	26.4534	1.0000	99	9	-9999.0000	33347	69637	-9999	27	75	-9999	334.6470	5	0.6588	0.6586	0.0000	73.0839	-0.0101	459.3556	303.2990	36.8831	447.5019	95.2941	471.4605	94.8548	477.8841	95.0525	480.4211	94.9646	
28/08/2017	07:09:34	019004	G523127258HLR	L523	S		442.5058	1.0230	0.0000	100.0191	40.2612	0.8230	0.8302	4.0000	19.3322	508.0257	95.0085	10.7014	24.4000	0.9300	0.9246	0.6589	-0.0000	508.0000	508.0396	1.0339	8.9955	100.0151	40.1370	0.8230	0.8247	5.0000	-9999.0000	-9999.0000	-9999.0000	-9999.0000	-9999.0000	-9999.0000	20.0218	3	0	26.9832	1.0000	99	9	-9999.0000	33348	69638	-9999	28	76	-9999	334.6656	5	0.6588	0.6589	-0.0000	72.1540	0.0507	466.9677	305.3708	37.1247	454.5655	95.2282	481.4193	94.7449	486.9388	94.9866	490.6460	94.9426	
28/08/2017	07:10:22	019004	G523127288HLR	L523	S		435.7137	1.0230	0.0000	100.0367	40.4305	0.8230	0.8279	4.0000	20.5325	508.0293	94.8767	14.7224	24.5000	0.9300	0.9249	0.6580	0.0000	508.0000	508.0886	1.0339	8.9898	99.9909	39.5032	0.8230	0.8239	5.0000	-9999.0000	-9999.0000	-9999.0000	-9999.0000	-9999.0000	-9999.0000	20.2630	5	0	25.2333	1.0000	99	9	-9999.0000	33349	69639	-9999	29	77	-9999	334.5808	5	0.6587	0.6580	0.0000	72.8562	0.0189	459.0057	294.9286	37.6080	446.4921	95.4039	472.0999	94.9207	477.8135	95.0085	481.5178	94.8108	
28/08/2017	07:11:14	019004	G523127268HLR	L523	S		438.0405	1.0230	0.0000	99.9794	39.7412	0.8230	0.8278	4.0000	19.2814	508.0162	94.7230	15.1912	24.5000	0.9300	0.9248	0.6588	-0.0000	508.0000	509.8290	1.0339	8.7902	99.9666	40.1358	0.8230	0.8247	5.0000	-9999.0000	-9999.0000	-9999.0000	-9999.0000	-9999.0000	-9999.0000	20.2327	7	0	26.9933	1.0000	99	9	-9999.0000	33350	69640	-9999	30	78	-9999	334.6577	5	0.6589	0.6588	-0.0000	55.7247	1.0385	459.3503	307.8918	38.8162	447.2219	95.2721	472.7818	94.8548	477.5309	95.0525	481.2697	94.9646	
28/08/2017	07:12:00	019004	G523127277HLR	L523	S		438.0204	1.0230	0.0000	99.9844	39.9177	0.8230	0.8298	4.0000	19.3625	508.0220	94.8548	13.4224	24.4000	0.9300	0.9246	0.6588	-0.0000	508.0000	508.7318	1.0339	8.9161	100.0466	39.4981	0.8230	0.8239	5.0000	-9999.0000	-9999.0000	-9999.0000	-9999.0000	-9999.0000	-9999.0000	20.2521	1	0	22.8532	1.0000	99	9	-9999.0000	33351	69641	-9999	31	79	-9999	334.5902	5	0.6586	0.6588	-0.0000	70.8555	0.1323	462.1122	298.9250	38.6844	449.6393	95.0964	476.5006	94.7449	481.1865	95.0964	484.4283	94.9866	
28/08/2017	07:13:11	019004	G523127291HLR	L523	S		435.7553	1.0230	0.0000	100.0156	40.3589	0.8230	0.8282	4.0000	20.9720	508.0497	94.7889	15.1911	24.5000	0.9300	0.9249	0.6582	0.0000	508.0000	508.1289	1.0339	8.9852	100.0761	40.1387	0.8230	0.8247	5.0000	-9999.0000	-9999.0000	-9999.0000	-9999.0000	-9999.0000	-9999.0000	20.8129	3	0	26.5128	1.0000	99	9	-9999.0000	33352	69642	-9999	32	80	-9999	334.5818	5	0.6584	0.6582	0.0000	72.2896	0.0227	460.7456	291.8553	38.4647	449.1454	95.2062	472.5261	94.7669	477.0206	95.0744	480.9158	94.9646	
28/08/2017	07:14:00	019004	G523127293HLR	L523	S		441.3778	1.0230	0.0000	100.0536	39.7435	0.8230	0.8281	4.0000	19.2230	508.0276	94.9207	11.0921	24.5000	0.9300	0.9247	0.6579	0.0000	508.0000	506.8381	1.0339	8.8998	100.0512	39.4922	0.8230	0.8241	5.0000	-9999.0000	-9999.0000	-9999.0000	-9999.0000	-9999.0000	-9999.0000	20.5629	5	0	25.8622	1.0000	99	9	-9999.0000	33353	69643	-9999	33	81	-9999	334.3893	5	0.6582	0.6579	0.0000	66.6845	0.3845	466.2014	306.8390	38.4647	453.1554	95.0085	480.7737	94.7449	485.9775	95.0305	490.1555	94.9646	
28/08/2017	07:14:49	019004	G523127283HLR	L523	S		435.7918	1.0230	0.0000	99.9962	39.9193	0.8230	0.8294	4.0000	20.2523	508.0214	94.8548	14.7116	24.6000	0.9300	0.9250	0.6584	-0.0000	508.0000	507.9311	1.0339	8.9941	100.0583	40.1241	0.8230	0.8244	5.0000	-9999.0000	-9999.0000	-9999.0000	-9999.0000	-9999.0000	-9999.0000	20.4419	7	0	25.0636	1.0000	99	9	-9999.0000	33354	69644	-9999	34	82	-9999	334.4104	5	0.6582	0.6584	-0.0000	64.4809	0.5337	459.5452	303.1452	36.8831	447.4687	95.4039	472.4728	94.9646	477.8390	95.0744	481.6595	94.8767	
28/08/2017	07:15:39	019004	G523127210HLR	L523	S		441.6119	1.0230	0.0000	99.9942	40.1538	0.8230	0.8282	4.0000	19.3225	508.0497	94.8108	13.9918	24.6000	0.9300	0.9250	0.6602	-0.0001	508.0000	507.4265	1.0339	8.9506	100.0583	39.5194	0.8230	0.8240	5.0000	-9999.0000	-9999.0000	-9999.0000	-9999.0000	-9999.0000	-9999.0000	20.2621	1	0	26.6231	1.0000	99	9	-9999.0000	33355	69645	-9999	35	83	-9999	334.5186	5	0.6583	0.6602	-0.0001	50.8636	1.4046	462.2610	302.3063	38.9480	450.9843	95.1843	474.3884	94.8328	479.6743	95.0744	483.2912	95.0085	
28/08/2017	07:16:30	019004	G523127215HLR	L523	S		440.8824	1.0230	0.0000	100.1415	39.6410	0.8230	0.8285	4.0000	19.2521	508.0283	94.8548	13.1714	24.6000	0.9300	0.9250	0.6615	-0.0002	508.0000	506.2520	1.0339	8.8493	100.0592	40.0764	0.8230	0.8244	5.0000	-9999.0000	-9999.0000	-9999.0000	-9999.0000	-9999.0000	-9999.0000	20.5315	3	0	26.8731	1.0000	99	9	-9999.0000	33356	69646	-9999	36	84	-9999	334.5416	5	0.6582	0.6615	-0.0002	49.0529	1.5483	461.3830	292.4680	37.0149	449.0501	95.2282	474.9536	94.7449	479.7785	95.0085	483.2466	94.9646	
28/08/2017	07:17:21	019004	G523127214HLR	L523	S		438.1816	1.0230	0.0000	99.9978	40.1290	0.8230	0.8300	4.0000	19.3127	508.0295	94.8328	14.8317	24.6000	0.9300	0.9248	0.6612	-0.0002	508.0000	508.6904	1.0339	8.9208	100.0860	39.5706	0.8230	0.8241	5.0000	-9999.0000	-9999.0000	-9999.0000	-9999.0000	-9999.0000	-9999.0000	20.4731	5	0	26.8524	1.0000	99	9	-9999.0000	33357	69647	-9999	37	85	-9999	334.4646	5	0.6584	0.6612	-0.0002	49.3800	1.5191	457.8815	277.7265	38.8821	445.7833	95.2721	471.6486	94.7669	476.8633	95.0085	480.6808	94.9646	
28/08/2017	07:18:08	019004	G523127220HLR	L523	S		439.1611	1.0230	0.0000	100.0680	40.3589	0.8230	0.8283	4.0000	19.3117	508.0272	94.7010	15.1121	24.5000	0.9300	0.9246	0.6624	-0.0003	508.0000	507.8190	1.0339	8.9844	99.9951	40.0543	0.8230	0.8245	5.0000	-9999.0000	-9999.0000	-9999.0000	-9999.0000	-9999.0000	-9999.0000	19.8322	7	0	24.1619	1.0000	99	9	-9999.0000	33358	69648	-9999	38	86	-9999	334.4100	5	0.6586	0.6624	-0.0003	47.7447	1.6493	457.8478	298.5257	36.5536	445.8048	95.2721	470.5945	94.7889	476.0177	95.1184	479.3362	94.9866	
28/08/2017	07:18:58	019004	G523127223HLR	L523	S		439.6406	1.0230	0.0000	99.9930	39.6410	0.8230	0.8280	4.0000	19.4220	508.0336	94.7230	15.0515	24.6000	0.9300	0.9248	0.6633	-0.0004	508.0000	506.8857	1.0339	8.9039	100.0572	39.5697	0.8230	0.8241	5.0000	-9999.0000	-9999.0000	-9999.0000	-9999.0000	-9999.0000	-9999.0000	20.5619	1	0	26.3330	1.0000	99	9	-9999.0000	33359	69649	-9999	39	87	-9999	334.3463	5	0.6585	0.6633	-0.0004	48.2143	1.5665	457.3926	304.0458	36.9929	445.3275	95.2502	470.0660	94.7230	474.9022	95.0305	478.7960	94.9646	
28/08/2017	07:19:48	019004	G523127224HLR	L523	S		428.1026	1.0230	0.0000	100.0799	39.9986	0.8230	0.8300	4.0000	19.3223	508.0619	94.8548	12.4008	24.6000	0.9300	0.9247	0.6657	-0.0005	508.0000	508.0960	1.0339	8.9890	100.0107	40.0498	0.8230	0.8244	5.0000	-9999.0000	-9999.0000	-9999.0000	-9999.0000	-9999.0000	-9999.0000	20.2923	3	0	26.7323	1.0000	99	9	-9999.0000	33360	69650	-9999	40	88	-9999	335.0650	5	0.6585	0.6657	-0.0005	47.0704	1.6065	463.3927	301.1704	39.7608	452.1763	95.0964	473.8618	94.7230	480.0288	95.0085	484.5647	94.9646	
28/08/2017	07:20:42	019004	G523127222HLR	L523	S		437.8041	1.0230	0.0000	99.9861	40.3712	0.8230	0.8286	4.0000	19.3324	508.0554	94.8767	14.5114	24.5000	0.9300	0.9246	0.6652	-0.0005	508.0000	508.3987	1.0339	8.9543	100.0729	39.5843	0.8230	0.8243	5.0000	-9999.0000	-9999.0000	-9999.0000	-9999.0000	-9999.0000	-9999.0000	20.1417	5	0	24.4629	1.0000	99	9	-9999.0000	33361	69651	-9999	41	89	-9999	334.5977	5	0.6586	0.6652	-0.0005	49.8873	1.3518	457.1428	301.7016	36.7293	445.1372	95.3820	470.1732	94.8548	475.3890	95.0744	479.4163	94.9646	
28/08/2017	07:21:33	019004	G523127225HLR	L523	S		439.2225	1.0230	0.0000	100.0362	39.7435	0.8230	0.8278	4.0000	19.4718	508.0236	94.7449	14.9616	24.5000	0.9300	0.9247	0.6634	-0.0003	508.0000	507.7656	1.0339	8.9798	99.9947	39.9780	0.8230	0.8242	5.0000	-9999.0000	-9999.0000	-9999.0000	-9999.0000	-9999.0000	-9999.0000	20.2830	7	0	26.7227	1.0000	99	9	-9999.0000	33362	69652	-9999	42	90	-9999	334.5806	5	0.6589	0.6634	-0.0003	51.3031	1.2386	458.4557	294.6939	38.4428	447.0049	95.1623	470.3567	94.7449	475.1712	95.0305	479.2906	94.9646	
28/08/2017	07:22:29	019004	G523127230HLR	L523	S		0.0000	0.0000	0.0000	0.0000	0.0000	0.8230	0.0000	0.0000	0.0000	0.0000	0.0000	0.0000	0.0000	0.9300	0.0000	0.0000	0.0000	0.0000	0.0000	0.0000	0.0000	0.0000	0.0000	0.8230	0.0000	0.0000	0.0000	0.0000	0.0000	0.0000	0.0000	0.0000	0.0000	0	42	26.7227	1.0000	99	9	0.0000	0	0	0	0	0	0	0.0000	0	0.0000	0.0000	0.0000	0.0000	0.0000	0.0000	0.0000	0.0000	0.0000	0.0000	0.0000	0.0000	0.0000	0.0000	0.0000	0.0000	
28/08/2017	07:23:13	019004	G523127226HLR	L523	S		439.0181	1.0230	0.0000	99.9817	39.8919	0.8230	0.8298	4.0000	19.2216	508.0442	94.8328	12.6713	24.6000	0.9300	0.9248	0.6640	-0.0004	508.0000	507.8290	1.0339	8.9853	100.0559	39.6453	0.8230	0.8244	5.0000	-9999.0000	-9999.0000	-9999.0000	-9999.0000	-9999.0000	-9999.0000	20.8022	1	0	25.6531	1.0000	99	9	-9999.0000	33363	69652	-9999	43	91	-9999	335.0228	5	0.6590	0.6640	-0.0004	48.5350	1.4226	460.6419	301.5078	36.2241	448.9488	95.3380	475.0931	94.7889	479.8054	95.0305	484.0997	94.9646	
28/08/2017	07:24:06	019004	G523127228HLR	L523	S		439.5306	1.0230	0.0000	99.9973	40.3405	0.8230	0.8287	4.0000	19.3223	508.0341	94.8108	14.9919	24.5000	0.9300	0.9247	0.6637	-0.0003	508.0000	506.8928	1.0339	8.9045	99.9943	39.3908	0.8230	0.8240	5.0000	-9999.0000	-9999.0000	-9999.0000	-9999.0000	-9999.0000	-9999.0000	22.9625	3	0	26.4532	1.0000	99	9	-9999.0000	33364	69653	-9999	44	92	-9999	334.6306	5	0.6590	0.6637	-0.0003	51.8261	1.1597	457.0500	303.7866	38.1352	444.4757	95.3600	469.7425	94.7889	475.8874	95.0525	478.8153	94.9866	
28/08/2017	07:24:55	019004	G523127240HLR	L523	S		437.6720	1.0230	0.0000	99.9647	39.7435	0.8230	0.8279	4.0000	19.5617	508.0397	94.8328	13.9420	24.6000	0.9300	0.9248	0.6663	-0.0005	508.0000	508.6931	1.0339	8.9205	100.0792	40.1675	0.8230	0.8242	5.0000	-9999.0000	-9999.0000	-9999.0000	-9999.0000	-9999.0000	-9999.0000	20.7923	5	0	25.1033	1.0000	99	9	-9999.0000	33365	69654	-9999	45	93	-9999	334.8867	5	0.6590	0.6663	-0.0005	55.2057	0.9374	456.7107	292.8285	36.9270	445.0851	95.2721	470.2606	94.8328	475.5641	95.0305	479.5075	94.9646	
28/08/2017	07:25:47	019004	G523127239HLR	L523	S		439.3343	1.0230	0.0000	99.9567	40.4965	0.8230	0.8292	4.0000	19.3116	508.0341	94.7669	14.6911	24.5000	0.9300	0.9248	0.6647	-0.0004	508.0000	506.9560	1.0339	8.9100	100.0438	39.5008	0.8230	0.8240	5.0000	-9999.0000	-9999.0000	-9999.0000	-9999.0000	-9999.0000	-9999.0000	20.2621	7	0	24.4930	1.0000	99	9	-9999.0000	33366	69655	-9999	46	94	-9999	334.8304	5	0.6592	0.6647	-0.0004	59.5578	0.5953	457.1112	302.1978	38.6624	444.4792	95.3600	471.0597	94.8108	475.3469	95.0305	479.0405	94.9646	
28/08/2017	07:26:39	019004	G523127242HLR	L523	S		438.6638	1.0230	0.0000	99.9977	39.8814	0.8230	0.8276	4.0000	19.2521	508.0146	94.8328	13.3521	24.5000	0.9300	0.9247	0.6644	-0.0004	508.0000	508.6360	1.0339	8.9271	100.0267	40.0760	0.8230	0.8242	5.0000	-9999.0000	-9999.0000	-9999.0000	-9999.0000	-9999.0000	-9999.0000	21.0326	1	0	27.2130	1.0000	99	9	-9999.0000	33367	69656	-9999	47	95	-9999	334.9964	5	0.6591	0.6644	-0.0004	65.5219	0.2228	461.2634	303.0419	37.4762	449.4465	95.2721	474.3417	94.8108	478.6360	95.0525	482.1597	94.9646	
28/08/2017	07:27:04	019004	G523127243HLR	L523	S		438.6470	1.0230	0.0000	100.0336	39.4359	0.8230	0.8279	4.0000	19.2815	508.0398	94.8548	16.1913	24.3000	0.9300	0.9246	0.6644	-0.0004	508.0000	508.2146	1.0339	8.9754	99.9763	39.5071	0.8230	0.8233	5.0000	-9999.0000	-9999.0000	-9999.0000	-9999.0000	-9999.0000	-9999.0000	23.7828	2	0	25.1933	1.0000	99	9	-9999.0000	33368	69657	-9999	48	96	-9999	334.4862	5	0.6591	0.6644	-0.0004	65.5219	0.2228	460.9124	329.5043	40.9690	451.5116	95.3820	467.4188	94.7010	472.6759	94.9426	476.4214	95.0085	
28/08/2017	07:27:29	019004	G523127249HLR	L523	S		439.7537	1.0230	0.0000	100.0114	39.5428	0.8230	0.8293	4.0000	19.2824	508.0527	94.8108	12.7309	24.2000	0.9300	0.9243	0.6614	-0.0002	508.0000	508.2956	1.0339	8.9661	100.0028	39.6410	0.8230	0.8246	5.0000	-9999.0000	-9999.0000	-9999.0000	-9999.0000	-9999.0000	-9999.0000	20.1127	3	0	25.3719	1.0000	99	9	-9999.0000	33368	69658	-9999	49	97	-9999	335.0133	5	0.6591	0.6614	-0.0002	133.6089	-4.3740	462.9623	323.3773	37.9595	451.7747	95.3161	475.4303	94.7010	480.8751	94.8987	486.0391	94.9646	
28/08/2017	07:28:18	019004	G523127251HLR	L523	S		437.6306	1.0230	0.0000	100.1566	40.5653	0.8230	0.8299	4.0000	19.3419	508.0263	94.8108	13.5513	24.5000	0.9300	0.9247	0.6594	-0.0000	508.0000	508.0544	1.0339	8.9938	99.9734	39.9587	0.8230	0.8237	5.0000	-9999.0000	-9999.0000	-9999.0000	-9999.0000	-9999.0000	-9999.0000	21.6226	5	0	23.2527	1.0000	99	9	-9999.0000	33369	69659	-9999	50	98	-9999	334.9129	5	0.6592	0.6594	-0.0000	79.5439	-0.7437	463.8506	303.2477	37.3664	451.2077	95.2941	474.9755	94.8328	480.3719	95.0744	484.4794	94.9646	
28/08/2017	07:28:43	019004	G523127244HLR	L523	S		440.2614	1.0230	0.0000	100.0668	40.4469	0.8230	0.8285	4.0000	19.4026	508.0344	94.7889	13.5513	24.4000	0.9300	0.9248	0.6609	-0.0001	508.0000	509.5107	1.0339	8.8268	99.9873	39.5165	0.8230	0.8237	5.0000	-9999.0000	-9999.0000	-9999.0000	-9999.0000	-9999.0000	-9999.0000	19.8519	6	0	25.0722	1.0000	99	9	-9999.0000	33370	69660	-9999	51	99	-9999	334.9415	5	0.6592	0.6609	-0.0001	74.0737	-0.3522	462.8284	314.8374	38.7064	451.0921	95.1403	475.6576	94.7230	480.6350	94.9866	485.8443	94.9866	
28/08/2017	07:29:11	019004	G523127247HLR	L523	S		438.7514	1.0230	0.0000	100.1052	40.0512	0.8230	0.8278	4.0000	19.3019	508.0198	94.7669	13.6217	24.4000	0.9300	0.9247	0.6612	-0.0002	508.0000	508.9875	1.0339	8.8868	100.0674	39.6410	0.8230	0.8247	5.0000	-9999.0000	-9999.0000	-9999.0000	-9999.0000	-9999.0000	-9999.0000	20.1916	7	0	27.8538	1.0000	99	9	-9999.0000	33371	69661	-9999	52	100	-9999	334.8707	5	0.6591	0.6612	-0.0002	70.2506	-0.0800	459.9126	320.5014	36.9710	447.9160	95.3161	474.5560	94.6351	479.9192	94.9426	483.1274	95.0085	
28/08/2017	07:29:58	019004	G523127255HLR	L523	S		448.5006	1.0230	0.0000	100.0479	39.6410	0.8230	0.8285	4.0000	19.6124	508.0566	94.9646	9.5812	24.5000	0.9300	0.9246	0.6609	-0.0001	508.0000	509.7012	1.0339	8.8049	100.0726	40.0115	0.8230	0.8238	5.0000	-9999.0000	-9999.0000	-9999.0000	-9999.0000	-9999.0000	-9999.0000	20.3020	1	0	23.3328	1.0000	99	9	-9999.0000	33372	69662	-9999	53	101	-9999	335.1790	5	0.6591	0.6609	-0.0001	71.3296	-0.1464	472.5156	305.2198	38.0034	460.8787	94.9426	484.7991	94.8108	490.9423	95.0964	494.6582	95.0085	
28/08/2017	07:30:22	019004	G523127270HLR	L523	S		429.4721	1.0230	0.0000	100.0372	39.7497	0.8230	0.8293	4.0000	19.1916	508.0413	95.0744	13.4908	24.4000	0.9300	0.9246	0.6593	-0.0000	508.0000	508.9528	1.0339	8.8907	100.0435	39.5462	0.8230	0.8237	5.0000	-9999.0000	-9999.0000	-9999.0000	-9999.0000	-9999.0000	-9999.0000	19.8421	2	0	24.8631	1.0000	99	9	-9999.0000	33373	69663	-9999	54	102	-9999	334.8450	5	0.6590	0.6593	-0.0000	71.9667	-0.2033	457.7961	313.4153	38.0034	445.8332	95.2721	473.8855	94.6790	479.7194	94.9207	483.5245	94.7669	
28/08/2017	07:30:49	019004	G523127269HLR	L523	S		437.4224	1.0230	0.0000	100.0627	40.0397	0.8230	0.8295	4.0000	19.3517	508.0441	94.8328	15.9715	24.3000	0.9300	0.9246	0.6585	0.0000	508.0000	509.0465	1.0339	8.8800	100.0272	39.6410	0.8230	0.8245	5.0000	-9999.0000	-9999.0000	-9999.0000	-9999.0000	-9999.0000	-9999.0000	21.2621	3	0	27.0725	1.0000	99	9	-9999.0000	33374	69664	-9999	55	103	-9999	334.8251	5	0.6589	0.6585	0.0000	71.7744	-0.1776	459.7216	319.9544	38.4647	448.2602	95.2721	472.1081	94.7230	475.8425	94.9646	479.7240	95.0085	
28/08/2017	07:31:40	019004	G523127263HLR	L523	S		444.4954	1.0230	0.0000	100.0628	40.1449	0.8230	0.8283	4.0000	19.2521	508.0382	95.0085	10.4514	24.5000	0.9300	0.9246	0.6585	0.0000	508.0000	506.3955	1.0339	8.8617	99.9959	40.0025	0.8230	0.8236	5.0000	-9999.0000	-9999.0000	-9999.0000	-9999.0000	-9999.0000	-9999.0000	21.8922	5	0	25.3828	1.0000	99	9	-9999.0000	33375	69665	-9999	55	104	-9999	334.7432	5	0.6587	0.6585	0.0000	73.7147	-0.3098	468.3577	265.8356	38.8162	456.4626	94.8987	482.8175	94.7449	488.4119	95.0525	492.1451	94.9866	
28/08/2017	07:32:05	019004	G523127257HLR	L523	S		440.1449	1.0230	0.0000	99.9874	39.7435	0.8230	0.8278	4.0000	19.5629	508.0159	94.9866	13.2915	24.5000	0.9300	0.9248	0.6585	0.0000	508.0000	507.5259	1.0339	8.9591	100.0374	39.5652	0.8230	0.8236	5.0000	-9999.0000	-9999.0000	-9999.0000	-9999.0000	-9999.0000	-9999.0000	20.6919	6	0	25.3231	1.0000	99	9	-9999.0000	33376	69666	-9999	56	105	-9999	334.7478	5	0.6585	0.6585	0.0000	39.8112	2.2391	464.5037	320.8021	38.7064	451.7121	95.3380	476.2277	94.7230	481.0729	94.9426	484.8960	94.8767	
28/08/2017	07:32:32	019004	G523127264HLR	L523	S		438.0039	1.0230	0.0000	100.0864	39.5428	0.8230	0.8283	4.0000	19.2121	508.0311	94.8108	15.3015	24.4000	0.9300	0.9248	0.6577	0.0000	508.0000	507.4842	1.0339	8.9555	100.0914	39.7435	0.8230	0.8246	5.0000	-9999.0000	-9999.0000	-9999.0000	-9999.0000	-9999.0000	-9999.0000	20.3721	7	0	26.6533	1.0000	99	9	-9999.0000	33377	69667	-9999	57	106	-9999	334.4980	5	0.6584	0.6577	0.0000	65.9159	0.2661	461.1320	320.7445	37.8716	449.1717	95.4698	473.3161	94.7449	478.2082	94.9646	481.3711	95.0085	
28/08/2017	07:33:22	019004	G523127271HLR	L523	S		438.6683	1.0230	0.0000	99.9877	40.2638	0.8230	0.8301	4.0000	19.4318	508.0356	94.7889	13.5923	24.4000	0.9300	0.9247	0.6597	-0.0001	508.0000	506.8786	1.0339	8.9033	100.0681	39.9603	0.8230	0.8237	5.0000	-9999.0000	-9999.0000	-9999.0000	-9999.0000	-9999.0000	-9999.0000	20.9721	1	0	25.3328	1.0000	99	9	-9999.0000	33378	69668	-9999	58	106	-9999	334.4683	5	0.6585	0.6597	-0.0001	47.2141	1.5873	463.1726	298.7986	39.2555	451.7698	94.9866	475.3532	94.8328	479.8980	95.0525	483.3799	94.9866	
28/08/2017	07:33:45	019004	G523127274HLR	L523	S		439.9214	1.0230	0.0000	100.0966	40.4791	0.8230	0.8293	4.0000	19.7717	508.0370	94.7669	13.6510	24.4000	0.9300	0.9247	0.6615	-0.0002	508.0000	507.3190	1.0339	8.9413	100.0168	39.5270	0.8230	0.8236	5.0000	-9999.0000	-9999.0000	-9999.0000	-9999.0000	-9999.0000	-9999.0000	20.9018	2	0	24.0027	1.0000	99	9	-9999.0000	33379	69669	-9999	59	107	-9999	334.5712	5	0.6586	0.6615	-0.0002	47.3081	1.5539	463.7705	318.9709	38.8162	452.4134	95.2941	473.9842	94.6351	479.2122	94.9426	483.3680	95.0085	
28/08/2017	07:34:11	019004	G523127276HLR	L523	S		437.2091	1.0230	0.0000	100.0335	40.2556	0.8230	0.8281	4.0000	19.6513	508.0715	94.7669	14.8523	24.4000	0.9300	0.9247	0.6606	-0.0002	508.0000	507.9613	1.0339	8.9967	100.0807	39.7435	0.8230	0.8248	5.0000	-9999.0000	-9999.0000	-9999.0000	-9999.0000	-9999.0000	-9999.0000	19.9924	3	0	25.1532	1.0000	99	9	-9999.0000	33380	69670	-9999	60	108	-9999	334.5703	5	0.6587	0.6606	-0.0002	45.6659	1.6870	461.6076	327.5752	40.7933	451.5295	95.2062	472.7919	94.6790	476.7184	94.9646	480.5476	95.0085	
28/08/2017	07:35:00	019004	G523127279HLR	L523	S		439.5346	1.0230	0.0000	100.0513	39.7435	0.8230	0.8280	4.0000	19.3820	508.0371	94.7669	13.5416	24.5000	0.9300	0.9249	0.6605	-0.0001	508.0000	508.5275	1.0339	8.9395	100.0527	40.0312	0.8230	0.8238	5.0000	-9999.0000	-9999.0000	-9999.0000	-9999.0000	-9999.0000	-9999.0000	21.0727	5	0	24.5235	1.0000	99	9	-9999.0000	33381	69671	-9999	61	109	-9999	334.6692	5	0.6587	0.6605	-0.0001	45.1982	1.7049	462.2495	307.4767	39.1457	450.9156	95.0964	475.1343	94.7449	480.3756	95.1403	484.3484	95.0085	
28/08/2017	07:35:26	019004	G523127266HLR	L523	S		439.4682	1.0230	0.0000	100.0543	39.6215	0.8230	0.8286	4.0000	19.3116	508.0241	94.8108	12.3705	24.4000	0.9300	0.9247	0.6605	-0.0001	508.0000	508.7766	1.0339	8.9109	100.0509	39.5826	0.8230	0.8237	5.0000	-9999.0000	-9999.0000	-9999.0000	-9999.0000	-9999.0000	-9999.0000	20.3830	6	0	26.2225	1.0000	99	9	-9999.0000	33382	69672	-9999	62	110	-9999	334.7481	5	0.6588	0.6605	-0.0001	45.3319	1.6629	464.5987	310.2528	39.3874	452.4349	95.2062	477.7651	94.6131	482.4726	94.9207	486.8131	94.9866	
28/08/2017	07:35:50	019004	G523127292HLR	L523	S		442.5406	1.0230	0.0000	100.0326	39.8694	0.8230	0.8295	4.0000	19.3723	508.0270	94.8767	13.4214	24.3000	0.9300	0.9247	0.6609	-0.0001	508.0000	507.3984	1.0339	8.9481	100.0076	39.7130	0.8230	0.8247	5.0000	-9999.0000	-9999.0000	-9999.0000	-9999.0000	-9999.0000	-9999.0000	19.8919	7	0	23.9833	1.0000	99	9	-9999.0000	33383	69673	-9999	63	111	-9999	334.7721	5	0.6589	0.6609	-0.0001	44.9286	1.6880	463.7106	322.2681	38.7283	452.4911	95.2502	475.0824	94.6571	481.3137	95.0305	484.6005	95.0085	
28/08/2017	07:36:40	019004	G523127284HLR	L523	S		442.7830	1.0230	0.0000	100.0708	40.2988	0.8230	0.8289	4.0000	19.2620	508.0398	94.7669	12.7612	24.4000	0.9300	0.9246	0.6610	-0.0002	508.0000	507.2286	1.0339	8.9335	100.0275	40.0535	0.8230	0.8239	5.0000	-9999.0000	-9999.0000	-9999.0000	-9999.0000	-9999.0000	-9999.0000	20.2122	1	0	26.8828	1.0000	99	9	-9999.0000	33383	69674	-9999	63	112	-9999	334.8527	5	0.6589	0.6610	-0.0002	44.9692	1.6822	465.3675	304.8504	36.6195	453.5649	95.0085	476.6304	94.7669	482.0900	95.1843	486.1052	95.0305	
28/08/2017	07:37:20	019004	G523127289HLR	L523	S		439.9207	1.0230	0.0000	99.9903	39.9487	0.8230	0.8281	4.0000	19.2725	508.0394	94.8108	14.6413	24.4000	0.9300	0.9247	0.6643	-0.0004	508.0000	507.3214	1.0339	8.9415	100.0740	39.5757	0.8230	0.8236	5.0000	-9999.0000	-9999.0000	-9999.0000	-9999.0000	-9999.0000	-9999.0000	20.9009	2	0	39.9452	1.0000	99	9	-9999.0000	33384	69675	-9999	64	113	-9999	334.6162	5	0.6589	0.6643	-0.0004	47.1989	1.5378	458.8708	317.6694	38.6405	447.4029	95.1623	471.5459	94.6351	475.7788	95.0085	479.5712	95.0085	
28/08/2017	07:37:46	019004	G523127290HLR	L523	S		440.6851	1.0230	0.0000	99.9945	39.7292	0.8230	0.8280	4.0000	19.0919	508.0256	94.8108	12.2406	24.3000	0.9300	0.9246	0.6664	-0.0005	508.0000	509.2469	1.0339	8.8570	100.0416	39.7435	0.8230	0.8246	5.0000	-9999.0000	-9999.0000	-9999.0000	-9999.0000	-9999.0000	-9999.0000	20.7318	3	0	26.1422	1.0000	99	9	-9999.0000	33385	69676	-9999	65	114	-9999	335.3705	5	0.6591	0.6664	-0.0005	46.3501	1.5813	460.3355	314.5755	38.5526	448.1233	95.1184	474.2507	94.7010	480.1102	94.9426	484.6121	94.9646	
28/08/2017	07:38:34	019004	G523127278HLR	L523	S		440.0714	1.0230	0.0000	100.1159	39.9643	0.8230	0.8297	4.0000	19.2717	508.0371	94.8767	15.0915	24.6000	0.9300	0.9250	0.6659	-0.0005	508.0000	507.2545	1.0339	8.9357	100.0574	39.7395	0.8230	0.8236	5.0000	-9999.0000	-9999.0000	-9999.0000	-9999.0000	-9999.0000	-9999.0000	20.9623	5	0	23.9129	1.0000	99	9	-9999.0000	33386	69677	-9999	66	115	-9999	334.7777	5	0.6594	0.6659	-0.0005	45.0452	1.6613	458.2679	295.9080	37.5421	447.0224	95.2502	469.0722	94.7889	474.4174	95.0744	477.9235	94.9207	
28/08/2017	07:38:59	019004	G523127282HLR	L523	S		441.0737	1.0230	0.0000	100.1108	40.2955	0.8230	0.8292	4.0000	20.8913	508.0467	94.8548	11.8812	24.4000	0.9300	0.9248	0.6652	-0.0004	508.0000	508.1287	1.0339	8.9852	100.0344	39.4359	0.8230	0.8241	5.0000	-9999.0000	-9999.0000	-9999.0000	-9999.0000	-9999.0000	-9999.0000	19.8422	6	0	24.2732	1.0000	99	9	-9999.0000	33387	69678	-9999	67	116	-9999	335.5320	5	0.6592	0.6652	-0.0004	53.3218	1.0542	464.6827	311.3051	37.1247	453.3635	95.2721	476.0858	94.6571	481.3676	94.8987	485.9705	94.9646	
28/08/2017	07:39:25	019004	G523127299HLR	L523	S		439.1350	1.0230	0.0000	99.9763	40.1538	0.8230	0.8282	4.0000	20.4222	508.0583	94.9207	14.3610	24.5000	0.9300	0.9246	0.6652	-0.0004	508.0000	507.7546	1.0339	8.9788	100.0244	39.9487	0.8230	0.8250	5.0000	-9999.0000	-9999.0000	-9999.0000	-9999.0000	-9999.0000	-9999.0000	21.0024	7	0	26.7425	1.0000	99	9	-9999.0000	33388	69679	-9999	68	117	-9999	335.0409	5	0.6591	0.6652	-0.0004	59.2569	0.6412	458.4208	303.4723	37.4982	446.7919	95.2282	470.7093	94.7449	475.6378	94.9866	479.9420	94.9426	
28/08/2017	07:40:13	019004	G523126510HLR	L523	S		439.5766	1.0230	0.0000	100.0384	39.7435	0.8230	0.8285	4.0000	19.3615	508.0264	94.8108	12.1215	24.6000	0.9300	0.9247	0.6652	-0.0004	508.0000	508.2098	1.0339	8.9759	100.0690	39.9174	0.8230	0.8237	5.0000	-9999.0000	-9999.0000	-9999.0000	-9999.0000	-9999.0000	-9999.0000	20.6517	1	0	23.7224	1.0000	99	9	-9999.0000	33389	69680	-9999	69	118	-9999	335.4648	5	0.6592	0.6652	-0.0004	66.5111	0.0943	463.3562	294.9133	36.6414	452.5147	95.1184	475.4740	94.7449	481.1625	95.0744	485.5778	95.0085	
28/08/2017	07:40:38	019004	G523126511HLR	L523	S		443.0370	1.0230	0.0000	100.0736	39.7835	0.8230	0.8288	4.0000	20.1116	508.0510	94.8987	11.1614	24.5000	0.9300	0.9248	0.6586	0.0000	508.0000	507.0224	1.0339	8.9157	99.9946	39.4962	0.8230	0.8237	5.0000	-9999.0000	-9999.0000	-9999.0000	-9999.0000	-9999.0000	-9999.0000	20.2522	2	0	25.3728	1.0000	99	9	-9999.0000	33390	69681	-9999	70	119	-9999	334.9336	5	0.6593	0.6586	0.0000	64.0335	0.2663	469.4202	314.9688	39.6729	457.5301	95.1843	484.1126	94.6571	488.0677	94.9866	491.8465	95.0085	
28/08/2017	07:41:04	019004	G523126508HLR	L523	S		439.1121	1.0230	0.0000	100.0708	39.9159	0.8230	0.8292	4.0000	19.4620	508.0499	94.9426	14.9118	24.4000	0.9300	0.9247	0.6581	0.0001	508.0000	508.0769	1.0339	8.9912	99.9859	39.7435	0.8230	0.8248	5.0000	-9999.0000	-9999.0000	-9999.0000	-9999.0000	-9999.0000	-9999.0000	20.3518	3	0	25.2929	1.0000	99	9	-9999.0000	33391	69682	-9999	71	120	-9999	335.0570	5	0.6593	0.6581	0.0001	63.8550	0.2912	461.7041	318.2613	38.0034	450.0736	95.1843	474.3932	94.6351	478.8903	94.9866	483.2832	94.9866	
28/08/2017	07:41:51	019004	G523126526HLR	L523	S		439.2179	1.0230	0.0000	100.0134	40.1538	0.8230	0.8287	4.0000	19.4524	508.0676	94.8548	11.4417	24.4000	0.9300	0.9246	0.6589	0.0001	508.0000	507.6805	1.0339	8.9725	100.0202	40.0891	0.8230	0.8240	5.0000	-9999.0000	-9999.0000	-9999.0000	-9999.0000	-9999.0000	-9999.0000	19.7219	5	0	24.7430	1.0000	99	9	-9999.0000	33392	69683	-9999	72	121	-9999	335.1243	5	0.6594	0.6589	0.0001	69.7916	-0.1559	469.5484	311.5716	40.3539	459.6761	94.8767	479.8655	94.8108	485.0887	95.0744	488.8437	94.9646	
28/08/2017	07:42:17	019004	G523126527HLR	L523	S		441.1209	1.0230	0.0000	100.0719	39.8776	0.8230	0.8282	4.0000	19.2814	508.0471	94.9207	13.7408	24.4000	0.9300	0.9247	0.6626	-0.0002	508.0000	510.0586	1.0339	8.7639	100.0134	39.6054	0.8230	0.8237	5.0000	-9999.0000	-9999.0000	-9999.0000	-9999.0000	-9999.0000	-9999.0000	20.2824	6	0	25.7423	1.0000	99	9	-9999.0000	33393	69684	-9999	73	122	-9999	335.3113	5	0.6597	0.6626	-0.0002	63.6906	0.2576	464.1317	319.2300	39.0139	452.5632	95.3161	475.4032	94.7669	479.6906	94.9646	484.0608	94.9426	
28/08/2017	07:42:44	019004	G523126532HLR	L523	S		440.4660	1.0230	0.0000	100.0070	39.7290	0.8230	0.8282	4.0000	19.6820	508.0196	94.7669	13.5113	24.4000	0.9300	0.9247	0.6630	-0.0002	508.0000	509.8028	1.0339	8.7933	99.9538	39.6410	0.8230	0.8245	5.0000	-9999.0000	-9999.0000	-9999.0000	-9999.0000	-9999.0000	-9999.0000	20.1126	7	0	26.8330	1.0000	99	9	-9999.0000	33394	69685	-9999	74	123	-9999	335.2809	5	0.6598	0.6630	-0.0002	59.9511	0.5309	460.2484	315.3396	37.1687	447.5842	95.2721	474.4057	94.6571	479.1099	94.9207	483.0457	95.0085	
28/08/2017	07:43:32	019004	G523126530HLR	L523	S		438.3181	1.0230	0.0000	100.1205	40.0382	0.8230	0.8295	4.0000	19.3615	508.0240	94.7669	12.9614	24.4000	0.9300	0.9245	0.6625	-0.0002	508.0000	509.1577	1.0339	8.8672	100.0215	40.0371	0.8230	0.8239	5.0000	-9999.0000	-9999.0000	-9999.0000	-9999.0000	-9999.0000	-9999.0000	20.3225	1	0	24.7820	1.0000	99	9	-9999.0000	33395	69686	-9999	75	124	-9999	335.3488	5	0.6599	0.6625	-0.0002	63.8386	0.2814	461.3633	299.1961	38.7503	449.8094	95.0305	474.9104	94.8108	479.7198	95.0744	484.4260	94.9866	
28/08/2017	07:43:58	019004	G523126531HLR	L523	S		439.4595	1.0230	0.0000	100.1184	40.1766	0.8230	0.8292	4.0000	19.2921	508.0485	94.8108	14.1510	24.3000	0.9300	0.9245	0.6624	-0.0002	508.0000	510.1685	1.0339	8.7513	100.0674	39.5790	0.8230	0.8237	5.0000	-9999.0000	-9999.0000	-9999.0000	-9999.0000	-9999.0000	-9999.0000	20.4827	2	0	25.3329	1.0000	99	9	-9999.0000	33396	69687	-9999	76	125	-9999	335.2557	5	0.6596	0.6624	-0.0002	68.8699	-0.0476	462.5747	324.0973	37.0588	450.9656	95.2941	474.0298	94.7230	478.9824	95.0085	482.8558	95.0085	
28/08/2017	07:44:23	019004	G523126681HLR	L523	S		437.3467	1.0230	0.0000	99.9720	40.1328	0.8230	0.8284	4.0000	19.4221	508.0250	94.7230	15.0417	24.3000	0.9300	0.9247	0.6619	-0.0001	508.0000	510.0968	1.0339	8.7595	100.0185	39.7245	0.8230	0.8245	5.0000	-9999.0000	-9999.0000	-9999.0000	-9999.0000	-9999.0000	-9999.0000	21.1420	3	0	25.1328	1.0000	99	9	-9999.0000	33397	69688	-9999	77	126	-9999	335.1464	5	0.6594	0.6619	-0.0001	67.0392	0.1313	459.8040	320.8497	37.0808	448.1013	95.3380	472.6051	94.7230	476.7966	95.0085	480.8865	95.0305	
28/08/2017	07:45:13	019004	G523126696HLR	L523	S		439.5749	1.0230	0.0000	100.0073	39.7435	0.8230	0.8283	4.0000	19.3722	508.0700	94.7230	12.8813	24.5000	0.9300	0.9248	0.6622	-0.0002	508.0000	508.3509	1.0339	8.9598	100.0369	40.0277	0.8230	0.8238	5.0000	-9999.0000	-9999.0000	-9999.0000	-9999.0000	-9999.0000	-9999.0000	21.0718	5	0	25.8534	1.0000	99	9	-9999.0000	33398	69689	-9999	78	127	-9999	335.3524	5	0.6594	0.6622	-0.0002	66.9074	0.1311	463.0715	301.4111	39.2336	451.5037	94.8987	475.7686	94.7449	481.0149	95.0744	484.6723	94.9866	
28/08/2017	07:45:38	019004	G523126684HLR	L523	S		438.1331	1.0230	0.0000	100.0971	39.6898	0.8230	0.8288	4.0000	19.4220	508.0285	94.7230	13.7418	24.4000	0.9300	0.9248	0.6668	-0.0006	508.0000	508.9558	1.0339	8.8904	100.0244	39.5749	0.8230	0.8236	5.0000	-9999.0000	-9999.0000	-9999.0000	-9999.0000	-9999.0000	-9999.0000	21.1018	6	0	25.0323	1.0000	99	9	-9999.0000	33399	69690	-9999	79	128	-9999	334.6845	5	0.6592	0.6668	-0.0006	58.8372	0.7525	458.9987	291.7794	38.0254	447.6022	95.3161	471.1176	94.6571	476.0859	94.8987	480.6603	94.9646	
28/08/2017	07:46:02	019004	G523126693HLR	L523	S		439.4545	1.0230	0.0000	100.0245	39.9134	0.8230	0.8292	4.0000	20.1614	508.0528	94.7449	13.4019	24.4000	0.9300	0.9248	0.6678	-0.0007	508.0000	508.7306	1.0339	8.9162	100.0475	39.7435	0.8230	0.8245	5.0000	-9999.0000	-9999.0000	-9999.0000	-9999.0000	-9999.0000	-9999.0000	20.9623	7	0	23.8326	1.0000	99	9	-9999.0000	33400	69691	-9999	80	129	-9999	334.6932	5	0.6588	0.6678	-0.0007	55.9861	0.9888	458.4149	315.2467	37.7398	447.1898	95.2721	471.3427	94.7449	477.4106	95.0305	481.5293	95.0085	
28/08/2017	07:46:50	019004	G523126697HLR	L523	S		439.9570	1.0230	0.0000	100.0279	40.1538	0.8230	0.8288	4.0000	19.4914	508.0472	94.7010	14.0309	24.5000	0.9300	0.9248	0.6725	-0.0011	508.0000	508.6279	1.0339	8.9280	100.0497	40.0850	0.8230	0.8241	5.0000	-9999.0000	-9999.0000	-9999.0000	-9999.0000	-9999.0000	-9999.0000	19.8215	1	0	24.6328	1.0000	99	9	-9999.0000	33400	69692	-9999	81	130	-9999	334.1428	5	0.6588	0.6725	-0.0011	54.8146	1.0950	453.5574	302.5266	38.3769	440.7962	94.9207	467.7651	94.7230	473.4282	95.0525	478.1368	94.9646	
28/08/2017	07:47:14	019004	G523126701HLR	L523	S		439.3206	1.0230	0.0000	100.0222	39.9487	0.8230	0.8281	4.0000	19.9318	508.0237	94.7230	13.4410	24.4000	0.9300	0.9245	0.6721	-0.0010	508.0000	508.5750	1.0339	8.9341	99.8418	39.6025	0.8230	0.8236	5.0000	-9999.0000	-9999.0000	-9999.0000	-9999.0000	-9999.0000	-9999.0000	21.1624	2	0	24.4724	1.0000	99	9	-9999.0000	33401	69693	-9999	82	131	-9999	334.3538	5	0.6586	0.6721	-0.0010	53.1373	1.2225	455.6435	309.9144	37.3224	443.8827	95.2062	469.4663	94.6790	474.5125	94.9646	478.9192	95.0085	
28/08/2017	07:47:38	019004	G523126700HLR	L523	S		439.0395	1.0230	0.0000	100.0626	39.7435	0.8230	0.8278	4.0000	20.6723	508.0565	94.7449	12.1010	24.4000	0.9300	0.9247	0.6715	-0.0010	508.0000	507.9134	1.0339	8.9925	100.0230	39.6510	0.8230	0.8245	5.0000	-9999.0000	-9999.0000	-9999.0000	-9999.0000	-9999.0000	-9999.0000	20.3929	3	0	23.7830	1.0000	99	9	-9999.0000	33402	69694	-9999	83	132	-9999	335.0340	5	0.6583	0.6715	-0.0010	60.6446	0.6785	457.8393	305.1194	37.9375	446.3326	95.1623	471.3648	94.6571	477.0954	94.9646	482.2386	95.0085	
28/08/2017	07:48:26	019004	G523126708HLR	L523	S		440.5661	1.0230	0.0000	100.1306	39.9945	0.8230	0.8295	4.0000	19.4513	508.0363	94.7889	12.9116	24.6000	0.9300	0.9249	0.6724	-0.0011	508.0000	507.3024	1.0339	8.9399	99.9512	40.1131	0.8230	0.8240	5.0000	-9999.0000	-9999.0000	-9999.0000	-9999.0000	-9999.0000	-9999.0000	20.5228	5	0	24.1326	1.0000	99	9	-9999.0000	33403	69695	-9999	84	133	-9999	334.5700	5	0.6580	0.6724	-0.0011	57.9093	0.8844	457.0042	301.6821	37.8277	445.5141	95.1184	469.7797	94.7449	476.5243	95.0744	480.1473	94.9866	
28/08/2017	07:48:50	019004	G523126709HLR	L523	S		438.9056	1.0230	0.0000	100.0152	40.1638	0.8230	0.8293	4.0000	19.4024	508.0865	94.7449	12.8413	24.5000	0.9300	0.9249	0.6750	-0.0013	508.0000	508.3208	1.0339	8.9632	100.0444	39.6844	0.8230	0.8237	5.0000	-9999.0000	-9999.0000	-9999.0000	-9999.0000	-9999.0000	-9999.0000	20.3215	6	0	24.0135	1.0000	99	9	-9999.0000	33404	69696	-9999	85	134	-9999	334.6742	5	0.6578	0.6750	-0.0013	49.9459	1.4556	456.8293	313.8826	39.6510	446.0304	95.1623	469.0373	94.7449	474.6542	94.9646	479.2095	94.9866	
28/08/2017	07:49:16	019004	G523126704HLR	L523	S		440.1333	1.0230	0.0000	99.9821	40.1538	0.8230	0.8285	4.0000	19.4221	508.0683	94.7449	12.0306	24.4000	0.9300	0.9248	0.6755	-0.0013	508.0000	508.5431	1.0339	8.9377	99.9874	39.6606	0.8230	0.8244	5.0000	-9999.0000	-9999.0000	-9999.0000	-9999.0000	-9999.0000	-9999.0000	19.7922	7	0	25.9423	1.0000	99	9	-9999.0000	33405	69697	-9999	86	135	-9999	335.2268	5	0.6580	0.6755	-0.0013	55.4041	1.0730	456.3026	308.6486	39.0798	444.1439	95.1843	470.1814	94.7449	476.2494	94.9866	481.7192	95.0085	
28/08/2017	07:50:04	019004	G523126712HLR	L523	S		438.2207	1.0230	0.0000	100.0080	39.7985	0.8230	0.8281	4.0000	20.0325	508.0364	94.7669	12.3911	24.5000	0.9300	0.9244	0.6776	-0.0015	508.0000	507.6987	1.0339	8.9740	100.0913	40.0727	0.8230	0.8239	5.0000	-9999.0000	-9999.0000	-9999.0000	-9999.0000	-9999.0000	-9999.0000	20.7622	1	0	24.4128	1.0000	99	9	-9999.0000	33406	69698	-9999	87	136	-9999	335.1042	5	0.6582	0.6776	-0.0015	52.4951	1.2773	455.3194	297.7980	38.5306	444.7134	94.9646	467.7166	94.7889	473.9843	95.1184	479.4013	94.9866	
28/08/2017	07:50:29	019004	G523126713HLR	L523	S		441.2319	1.0230	0.0000	100.0130	39.6609	0.8230	0.8286	4.0000	19.3214	508.0464	94.7230	12.4116	24.4000	0.9300	0.9246	0.6740	-0.0012	508.0000	508.0432	1.0339	8.9950	100.0368	39.6162	0.8230	0.8237	5.0000	-9999.0000	-9999.0000	-9999.0000	-9999.0000	-9999.0000	-9999.0000	20.7427	2	0	25.0528	1.0000	99	9	-9999.0000	33407	69699	-9999	88	137	-9999	334.9796	5	0.6581	0.6740	-0.0012	51.4795	1.3476	458.3402	323.7817	37.7178	446.6445	95.1623	470.9641	94.7230	476.6698	95.0964	481.6144	95.0085	
28/08/2017	07:50:54	019004	G523126767HLR	L523	S		439.0447	1.0230	0.0000	99.9388	39.8157	0.8230	0.8292	4.0000	19.2423	508.0968	94.7889	14.1520	24.4000	0.9300	0.9246	0.6718	-0.0010	508.0000	508.1636	1.0339	8.9812	100.0582	39.7335	0.8230	0.8245	5.0000	-9999.0000	-9999.0000	-9999.0000	-9999.0000	-9999.0000	-9999.0000	20.9329	3	0	24.7635	1.0000	99	9	-9999.0000	33408	69700	-9999	89	138	-9999	334.0649	5	0.6583	0.6718	-0.0010	55.1751	1.0745	454.4867	314.5182	38.7723	443.0872	95.0964	466.9584	94.6790	472.6688	94.9646	477.4948	95.0085	
28/08/2017	07:51:44	019004	G523126755HLR	L523	S		440.8395	1.0230	0.0000	99.9931	40.2282	0.8230	0.8290	4.0000	19.3722	508.0739	94.7230	12.6313	24.5000	0.9300	0.9247	0.6771	-0.0014	508.0000	507.7620	1.0339	8.9795	99.9775	40.0042	0.8230	0.8236	5.0000	-9999.0000	-9999.0000	-9999.0000	-9999.0000	-9999.0000	-9999.0000	22.2321	5	0	24.0729	1.0000	99	9	-9999.0000	33409	69701	-9999	90	139	-9999	334.9187	5	0.6586	0.6771	-0.0014	65.3781	0.2878	458.4984	299.2140	38.1792	448.0358	94.9207	468.8660	94.7669	474.4823	95.1403	479.1238	95.0085	
28/08/2017	07:52:10	019004	G523126766HLR	L523	S		436.9492	1.0230	0.0000	99.9925	40.0512	0.8230	0.8282	4.0000	20.0921	508.0672	94.7449	13.4312	24.4000	0.9300	0.9247	0.6765	-0.0014	508.0000	507.5974	1.0339	8.9653	100.0424	39.6105	0.8230	0.8237	5.0000	-9999.0000	-9999.0000	-9999.0000	-9999.0000	-9999.0000	-9999.0000	20.6615	6	0	26.7132	1.0000	99	9	-9999.0000	33410	69702	-9999	91	140	-9999	334.2737	5	0.6586	0.6765	-0.0014	61.9025	0.5394	454.6106	317.5003	38.9919	443.8183	95.2941	466.4034	94.7010	471.5303	94.9866	476.8086	95.0085	
28/08/2017	07:52:35	019004	G523126720HLR	L523	S		437.3419	1.0230	0.0000	99.9982	39.8415	0.8230	0.8278	4.0000	19.9925	508.0495	94.6790	13.0112	24.4000	0.9300	0.9247	0.6752	-0.0013	508.0000	507.8690	1.0339	8.9887	100.0473	39.7435	0.8230	0.8245	5.0000	-9999.0000	-9999.0000	-9999.0000	-9999.0000	-9999.0000	-9999.0000	20.7523	7	0	24.3620	1.0000	99	9	-9999.0000	33411	69703	-9999	92	141	-9999	334.6094	5	0.6586	0.6752	-0.0013	66.5730	0.1781	452.4672	317.0537	37.9595	440.8009	95.2282	467.1137	94.7230	473.0371	95.0085	477.8361	95.0085	
28/08/2017	07:54:10	019004	G523126721HLR	L523	S		442.4360	1.0230	0.0000	100.0838	39.9014	0.8230	0.8292	4.0000	19.5119	508.0407	94.7230	12.1820	24.4000	0.9300	0.9246	0.6756	-0.0013	508.0000	508.8592	1.0339	8.9015	100.0820	40.0392	0.8230	0.8239	5.0000	-9999.0000	-9999.0000	-9999.0000	-9999.0000	-9999.0000	-9999.0000	20.4223	1	0	24.7626	1.0000	99	9	-9999.0000	33412	69704	-9999	93	142	-9999	335.1782	5	0.6588	0.6756	-0.0013	64.2349	0.3280	457.5931	300.9796	38.1352	445.3474	94.9207	471.1837	94.7449	477.3796	95.1184	481.8508	95.0085	
28/08/2017	07:54:33	019004	G523126770HLR	L523	S		439.6153	1.0230	0.0000	100.0821	40.0991	0.8230	0.8294	4.0000	19.2521	508.0358	94.8548	15.0818	24.3000	0.9300	0.9247	0.6735	-0.0011	508.0000	509.1026	1.0339	8.8736	100.0278	39.8314	0.8230	0.8243	5.0000	-9999.0000	-9999.0000	-9999.0000	-9999.0000	-9999.0000	-9999.0000	20.6527	2	0	23.8924	1.0000	99	9	-9999.0000	33412	69705	-9999	94	143	-9999	333.4848	5	0.6589	0.6735	-0.0011	60.3579	0.6427	445.3564	309.6230	38.0913	434.0485	95.2941	459.0553	94.6790	465.5127	95.0085	470.5543	95.0305	
28/08/2017	07:54:58	019004	G523126777HLR	L523	S		442.0177	1.0230	0.0000	100.0549	40.1252	0.8230	0.8287	4.0000	19.3127	508.0625	94.7010	12.6010	24.3000	0.9300	0.9245	0.6719	-0.0010	508.0000	508.8316	1.0339	8.9046	99.9583	39.7435	0.8230	0.8244	5.0000	-9999.0000	-9999.0000	-9999.0000	-9999.0000	-9999.0000	-9999.0000	19.8626	3	0	24.9130	1.0000	99	9	-9999.0000	33413	69706	-9999	95	144	-9999	334.9911	5	0.6590	0.6719	-0.0010	59.3892	0.7296	458.7344	315.4438	39.2116	447.2547	95.1843	471.7008	94.7230	477.7157	95.0085	481.9957	95.0305	
28/08/2017	07:55:50	019004	G523126776HLR	L523	S		443.1643	1.0230	0.0000	100.0189	39.8461	0.8230	0.8283	4.0000	19.2219	508.0434	94.7230	12.9819	24.7000	0.9300	0.9252	0.6700	-0.0009	508.0000	508.9750	1.0339	8.8882	99.9608	39.8991	0.8230	0.8238	5.0000	-9999.0000	-9999.0000	-9999.0000	-9999.0000	-9999.0000	-9999.0000	21.9828	5	0	25.9531	1.0000	99	9	-9999.0000	33414	69707	-9999	96	145	-9999	334.7369	5	0.6590	0.6700	-0.0009	53.1376	1.1965	459.1512	289.2589	38.2451	447.1607	95.1184	472.4837	94.8548	476.8056	95.0964	481.6398	94.9866	
28/08/2017	07:56:13	019004	G523126687HLR	L523	S		444.0747	1.0230	0.0000	100.0929	40.1633	0.8230	0.8295	4.0000	19.5422	508.0611	94.7669	12.3217	24.4000	0.9300	0.9247	0.6754	-0.0013	508.0000	507.6879	1.0339	8.9731	99.9917	39.5476	0.8230	0.8238	5.0000	-9999.0000	-9999.0000	-9999.0000	-9999.0000	-9999.0000	-9999.0000	20.7025	6	0	23.7029	1.0000	99	9	-9999.0000	33414	69708	-9999	97	146	-9999	335.0750	5	0.6585	0.6754	-0.0013	59.0307	0.7451	458.4701	310.2401	38.1572	446.5239	95.1843	471.4814	94.6790	477.0090	94.9646	482.1238	95.0525	
28/08/2017	07:56:37	019004	G523125918HLR	L523	S		441.1059	1.0230	0.0000	99.9919	40.1881	0.8230	0.8290	4.0000	19.2922	508.0447	94.7889	13.1216	24.4000	0.9300	0.9247	0.6749	-0.0013	508.0000	508.2846	1.0339	8.9674	99.9786	39.8461	0.8230	0.8248	5.0000	-9999.0000	-9999.0000	-9999.0000	-9999.0000	-9999.0000	-9999.0000	20.4123	7	0	23.9920	1.0000	99	9	-9999.0000	33415	69709	-9999	98	146	-9999	334.5168	5	0.6585	0.6749	-0.0013	57.7037	0.8204	455.3085	316.6022	37.9155	443.3808	95.3380	468.5503	94.7010	474.1921	95.0085	478.8302	94.9866	
28/08/2017	07:57:30	019004	G523125940HLR	L523	S		422.2721	1.0230	0.0000	100.0344	39.9269	0.8230	0.8280	4.0000	19.6126	508.0574	94.7889	14.0924	24.5000	0.9300	0.9248	0.6763	-0.0014	508.0000	507.3922	1.0339	8.9476	100.0834	39.9841	0.8230	0.8238	5.0000	-9999.0000	-9999.0000	-9999.0000	-9999.0000	-9999.0000	-9999.0000	20.6818	1	0	28.5734	1.0000	99	9	-9999.0000	33416	69710	-9999	99	147	-9999	333.8360	5	0.6584	0.6763	-0.0014	52.2852	1.1511	450.4019	297.6023	37.9375	438.9900	94.9426	463.1371	94.8328	469.8879	95.0964	474.2822	95.0085	
28/08/2017	07:57:56	019004	G523125939HLR	L523	S		425.7138	1.0230	0.0000	100.0813	39.6410	0.8230	0.8282	4.0000	19.3019	508.0383	94.7669	11.5013	24.4000	0.9300	0.9247	0.6762	-0.0014	508.0000	508.6476	1.0339	8.9257	100.0654	39.5749	0.8230	0.8238	5.0000	-9999.0000	-9999.0000	-9999.0000	-9999.0000	-9999.0000	-9999.0000	20.0921	2	0	26.2129	1.0000	99	9	-9999.0000	33417	69711	-9999	100	148	-9999	335.6023	5	0.6584	0.6762	-0.0014	52.2862	1.1510	458.6716	311.3198	38.3110	447.1728	95.0964	472.5181	94.7010	478.7751	94.9646	483.6064	94.9866	
28/08/2017	07:58:21	019004	G523125930HLR	L523	S		426.4722	1.0230	0.0000	99.9986	39.6988	0.8230	0.8291	4.0000	19.4320	508.0353	94.8108	12.2817	24.4000	0.9300	0.9247	0.6761	-0.0014	508.0000	507.0753	1.0339	8.9203	100.0894	39.8461	0.8230	0.8248	5.0000	-9999.0000	-9999.0000	-9999.0000	-9999.0000	-9999.0000	-9999.0000	20.2425	3	0	25.2822	1.0000	99	9	-9999.0000	33418	69712	-9999	101	149	-9999	335.0470	5	0.6582	0.6761	-0.0014	47.8463	1.5000	457.2541	313.5494	39.1677	445.5185	95.3380	471.4342	94.7669	476.0252	94.9866	480.9255	94.9207	
28/08/2017	07:59:16	019004	G523126231HLR	L523	S		428.1815	1.0230	0.0000	100.0074	40.2699	0.8230	0.8294	4.0000	19.3517	508.0401	94.7889	16.7822	24.6000	0.9300	0.9251	0.6752	-0.0013	508.0000	505.2605	1.0339	8.7638	100.0729	39.9053	0.8230	0.8239	5.0000	-9999.0000	-9999.0000	-9999.0000	-9999.0000	-9999.0000	-9999.0000	20.1116	5	0	24.7333	1.0000	99	9	-9999.0000	33419	69713	-9999	102	150	-9999	332.0961	5	0.6583	0.6752	-0.0013	46.7701	1.5881	446.2717	312.9422	38.3549	436.5014	95.2062	455.6812	94.8767	460.4546	95.0525	465.1342	94.9426	
28/08/2017	07:59:43	019004	G523126608HLR	L523	S		437.1656	1.0230	0.0000	99.9804	40.2167	0.8230	0.8284	4.0000	20.3930	508.0802	94.7449	14.6218	24.5000	0.9300	0.9248	0.6731	-0.0011	508.0000	507.3023	1.0339	8.9399	100.0164	39.5380	0.8230	0.8238	5.0000	-9999.0000	-9999.0000	-9999.0000	-9999.0000	-9999.0000	-9999.0000	21.3022	6	0	27.5627	1.0000	99	9	-9999.0000	33420	69714	-9999	103	151	-9999	333.6114	5	0.6583	0.6731	-0.0011	46.5552	1.6039	451.5728	307.5310	37.2785	439.8125	95.3380	465.1773	94.7449	470.2456	94.8987	474.9747	94.9646	
28/08/2017	08:00:13	019004	G523126350HLR	L523	S		439.9049	1.0230	0.0000	100.0726	39.9487	0.8230	0.8280	4.0000	19.2815	508.0371	94.7669	13.5318	24.4000	0.9300	0.9245	0.6751	-0.0013	508.0000	507.5258	1.0339	8.9591	100.0771	39.8461	0.8230	0.8247	5.0000	-9999.0000	-9999.0000	-9999.0000	-9999.0000	-9999.0000	-9999.0000	21.1829	7	0	29.7533	1.0000	99	9	-9999.0000	33421	69715	-9999	104	152	-9999	334.1672	5	0.6585	0.6751	-0.0013	49.1137	1.3830	452.6756	314.2799	37.0808	440.6102	95.4479	467.1700	94.7010	472.1470	94.8767	476.4087	94.9646	
28/08/2017	08:01:03	019004	G523126348HLR	L523	S		431.9036	1.0230	0.0000	99.9633	39.7888	0.8230	0.8290	4.0000	19.3518	508.0543	94.7449	13.0015	24.6000	0.9300	0.9248	0.6750	-0.0013	508.0000	506.3518	1.0339	8.8579	99.9612	39.8889	0.8230	0.8237	5.0000	-9999.0000	-9999.0000	-9999.0000	-9999.0000	-9999.0000	-9999.0000	20.1321	1	0	26.3838	1.0000	99	9	-9999.0000	33422	69716	-9999	105	153	-9999	334.4910	5	0.6584	0.6750	-0.0013	36.6033	2.3294	450.5097	299.3261	38.5526	437.8002	95.0305	467.6922	94.7889	474.2404	95.0744	478.0501	95.0085	
28/08/2017	08:01:31	019004	G523126351HLR	L523	S		431.4217	1.0230	0.0000	100.0643	40.0315	0.8230	0.8294	4.0000	19.4514	508.0379	94.7889	15.9520	24.4000	0.9300	0.9248	0.6684	-0.0008	508.0000	506.6081	1.0339	8.8800	100.0459	39.4926	0.8230	0.8237	5.0000	-9999.0000	-9999.0000	-9999.0000	-9999.0000	-9999.0000	-9999.0000	20.7716	2	0	28.0627	1.0000	99	9	-9999.0000	33423	69717	-9999	106	154	-9999	333.5321	5	0.6583	0.6684	-0.0008	33.1509	2.5434	452.1626	315.3878	39.0139	440.7706	95.2941	464.8309	94.7230	469.6052	95.0085	473.4993	95.0085	
28/08/2017	08:01:56	019004	error reading	L523	S		0.0000	0.0000	0.0000	0.0000	0.0000	0.8230	0.0000	0.0000	0.0000	0.0000	0.0000	0.0000	0.0000	0.9300	0.0000	0.0000	0.0000	0.0000	0.0000	0.0000	0.0000	0.0000	0.0000	0.8230	0.0000	0.0000	0.0000	0.0000	0.0000	0.0000	0.0000	0.0000	0.0000	0	28	28.0627	1.0000	99	9	0.0000	0	0	0	0	0	0	0.0000	0	0.0000	0.0000	0.0000	0.0000	0.0000	0.0000	0.0000	0.0000	0.0000	0.0000	0.0000	0.0000	0.0000	0.0000	0.0000	0.0000	
28/08/2017	08:02:15	019004	G523126213HLR	L523	S		428.4369	1.0230	0.0000	100.0720	40.1014	0.8230	0.8290	4.0000	19.2920	508.0675	94.8108	17.9620	24.3000	0.9300	0.9244	0.6660	-0.0006	508.0000	508.1514	1.0339	8.9826	99.9481	39.8461	0.8230	0.8250	5.0000	-9999.0000	-9999.0000	-9999.0000	-9999.0000	-9999.0000	-9999.0000	20.1419	3	0	43.7755	1.0000	99	9	-9999.0000	33424	69718	-9999	107	155	-9999	333.3159	5	0.6586	0.6660	-0.0006	30.5915	2.7510	447.5271	321.2690	37.2565	436.0163	95.4039	459.6465	94.7230	464.8083	94.8987	468.9711	94.9646	
28/08/2017	08:03:08	019004	G523126600HLR	L523	S		436.3907	1.0230	0.0000	100.1156	39.9257	0.8230	0.8282	4.0000	19.9817	508.0438	94.7010	14.6120	24.5000	0.9300	0.9247	0.6674	-0.0006	508.0000	507.1605	1.0339	8.9276	100.0910	39.6465	0.8230	0.8235	5.0000	-9999.0000	-9999.0000	-9999.0000	-9999.0000	-9999.0000	-9999.0000	20.8226	5	0	29.6332	1.0000	99	9	-9999.0000	33424	69719	-9999	108	156	-9999	334.3332	5	0.6588	0.6674	-0.0006	69.9610	0.2411	454.9454	306.9584	37.2565	444.0978	95.0525	468.0096	94.8108	473.5804	95.0525	477.7428	94.9866	
28/08/2017	08:03:34	019004	G523126596HLR	L523	S		433.0449	1.0230	0.0000	100.0817	39.6410	0.8230	0.8284	4.0000	19.1912	508.0370	94.7230	16.3720	24.4000	0.9300	0.9246	0.6667	-0.0006	508.0000	508.7168	1.0339	8.9178	99.9621	39.5384	0.8230	0.8242	5.0000	-9999.0000	-9999.0000	-9999.0000	-9999.0000	-9999.0000	-9999.0000	20.2025	6	0	25.6230	1.0000	99	9	-9999.0000	33425	69720	-9999	109	157	-9999	333.9921	5	0.6589	0.6667	-0.0006	72.9768	0.0964	452.0191	312.5438	37.4323	440.7103	95.4039	463.3751	94.7010	468.9168	94.8548	473.2904	94.9207	
28/08/2017	08:03:59	019004	G523126603HLR	L523	S		436.1559	1.0230	0.0000	100.0044	39.7863	0.8230	0.8292	4.0000	19.1222	508.0447	94.6790	16.2118	24.4000	0.9300	0.9247	0.6668	-0.0006	508.0000	508.0636	1.0339	8.9927	100.0641	40.2062	0.8230	0.8251	5.0000	-9999.0000	-9999.0000	-9999.0000	-9999.0000	-9999.0000	-9999.0000	20.2025	7	0	24.8231	1.0000	99	9	-9999.0000	33426	69721	-9999	110	158	-9999	333.9473	5	0.6585	0.6668	-0.0006	75.3238	0.0477	453.3506	317.1512	39.0798	442.1989	95.1843	465.2328	94.7230	470.2129	94.8767	473.9366	94.9426	
28/08/2017	08:04:50	019004	G523126613HLR	L523	S		429.8969	1.0230	0.0000	100.0072	40.2564	0.8230	0.8287	4.0000	19.4319	508.0323	94.7669	17.8926	24.6000	0.9300	0.9251	0.6678	-0.0006	508.0000	506.6612	1.0339	8.8846	100.0639	39.8201	0.8230	0.8236	5.0000	-9999.0000	-9999.0000	-9999.0000	-9999.0000	-9999.0000	-9999.0000	20.3021	1	0	27.7229	1.0000	99	9	-9999.0000	33427	69722	-9999	111	159	-9999	333.4843	5	0.6586	0.6678	-0.0006	80.8292	-0.3084	448.6359	301.8561	36.2900	438.2513	95.1843	459.3186	94.8328	464.5952	95.0744	469.1586	94.9646	
28/08/2017	08:05:17	019004	G523126595HLR	L523	S		437.8132	1.0230	0.0000	99.9716	39.9162	0.8230	0.8279	4.0000	19.4221	508.0501	94.7230	14.0319	24.4000	0.9300	0.9249	0.6686	-0.0007	508.0000	507.0159	1.0339	8.9152	100.0782	39.4629	0.8230	0.8238	5.0000	-9999.0000	-9999.0000	-9999.0000	-9999.0000	-9999.0000	-9999.0000	20.2018	2	0	26.9436	1.0000	99	9	-9999.0000	33428	69723	-9999	112	160	-9999	334.7772	5	0.6584	0.6686	-0.0007	77.7261	-0.1583	457.1378	319.9313	38.7942	446.1339	95.2062	469.6498	94.7230	474.6954	94.8767	479.0406	94.9646	
28/08/2017	08:05:44	019004	G523126591HLR	L523	S		440.5376	1.0230	0.0000	100.0035	39.6410	0.8230	0.8282	4.0000	19.5823	508.0625	94.7669	13.1216	24.4000	0.9300	0.9247	0.6704	-0.0008	508.0000	509.6753	1.0339	8.8079	100.0604	39.9487	0.8230	0.8250	5.0000	-9999.0000	-9999.0000	-9999.0000	-9999.0000	-9999.0000	-9999.0000	20.4114	3	0	26.8028	1.0000	99	9	-9999.0000	33429	69724	-9999	113	161	-9999	335.2788	5	0.6582	0.6704	-0.0008	62.2960	0.7769	456.3331	315.2973	38.7283	444.3250	95.3380	470.5403	94.7230	476.0482	94.9207	480.6161	94.9646	
28/08/2017	08:06:33	019004	G523126589HLR	L523	S		432.7481	1.0230	0.0000	100.0468	40.1254	0.8230	0.8298	4.0000	19.3128	508.0389	94.8767	15.9618	24.6000	0.9300	0.9249	0.6672	-0.0006	508.0000	509.2097	1.0339	8.8613	99.9279	39.8783	0.8230	0.8237	5.0000	-9999.0000	-9999.0000	-9999.0000	-9999.0000	-9999.0000	-9999.0000	20.0315	5	0	26.1728	1.0000	99	9	-9999.0000	33430	69725	-9999	114	162	-9999	334.2025	5	0.6579	0.6672	-0.0006	29.5522	2.8143	455.3703	311.3048	38.6185	445.3708	95.1184	464.2854	94.7669	470.1215	95.0744	474.2776	95.0085	
28/08/2017	08:07:00	019004	G523126585HLR	L523	S		436.7399	1.0230	0.0000	100.0409	40.3139	0.8230	0.8293	4.0000	19.3316	508.0488	94.7010	15.3123	24.4000	0.9300	0.9247	0.6685	-0.0007	508.0000	508.3796	1.0339	8.9565	99.9413	39.4770	0.8230	0.8236	5.0000	-9999.0000	-9999.0000	-9999.0000	-9999.0000	-9999.0000	-9999.0000	20.6224	6	0	26.5030	1.0000	99	9	-9999.0000	33431	69726	-9999	115	163	-9999	334.4805	5	0.6582	0.6685	-0.0007	35.3685	2.4020	454.6683	317.7275	39.4313	444.0945	95.0305	466.3780	94.7669	472.1991	94.9426	475.9096	94.9866	
28/08/2017	08:07:28	019004	G523126674HLR	L523	S		438.0418	1.0230	0.0000	100.0775	40.1538	0.8230	0.8281	4.0000	20.0412	508.0473	94.7010	15.0115	24.3000	0.9300	0.9246	0.6667	-0.0006	508.0000	509.0582	1.0339	8.8787	100.0639	39.8461	0.8230	0.8249	5.0000	-9999.0000	-9999.0000	-9999.0000	-9999.0000	-9999.0000	-9999.0000	20.9428	7	0	28.3128	1.0000	99	9	-9999.0000	33432	69727	-9999	116	164	-9999	334.5403	5	0.6583	0.6667	-0.0006	40.7774	2.0763	455.7260	316.7091	38.2231	444.1816	95.2282	468.3478	94.6571	474.1616	94.8987	478.1177	94.9866	
28/08/2017	08:08:16	019004	G523126673HLR	L523	S		439.8823	1.0230	0.0000	99.9977	39.7435	0.8230	0.8283	4.0000	19.4015	508.0663	94.7010	14.4421	24.5000	0.9300	0.9246	0.6683	-0.0007	508.0000	508.3918	1.0339	8.9551	100.0512	39.9040	0.8230	0.8236	5.0000	-9999.0000	-9999.0000	-9999.0000	-9999.0000	-9999.0000	-9999.0000	20.7220	1	0	24.0328	1.0000	99	9	-9999.0000	33433	69728	-9999	117	165	-9999	334.7414	5	0.6580	0.6683	-0.0007	47.8542	1.6706	455.2314	301.4832	36.7293	443.1214	95.0305	468.5925	94.7010	474.6121	95.0964	479.0221	95.0085	
28/08/2017	08:08:40	019004	G523126659HLR	L523	S		438.0675	1.0230	0.0000	100.0160	39.6763	0.8230	0.8288	4.0000	19.4231	508.0363	94.7010	14.9021	24.4000	0.9300	0.9248	0.6658	-0.0005	508.0000	508.5742	1.0339	8.9341	100.0742	39.5089	0.8230	0.8236	5.0000	-9999.0000	-9999.0000	-9999.0000	-9999.0000	-9999.0000	-9999.0000	20.6319	2	0	23.5330	1.0000	99	9	-9999.0000	33434	69729	-9999	118	166	-9999	334.4344	5	0.6578	0.6658	-0.0005	40.3240	2.1173	457.3691	322.3790	38.8601	445.9853	95.1843	469.6636	94.6571	474.6105	94.9866	478.3427	95.0305	
28/08/2017	08:09:38	019004	G523126657HLR	L523	S		434.2664	1.0230	0.0000	100.1319	39.9308	0.8230	0.8294	4.0000	19.4524	508.0625	94.7010	16.6220	24.4000	0.9300	0.9247	0.6652	-0.0005	508.0000	508.4436	1.0339	8.9491	99.9563	39.7435	0.8230	0.8248	5.0000	-9999.0000	-9999.0000	-9999.0000	-9999.0000	-9999.0000	-9999.0000	20.2726	3	0	58.7860	1.0000	99	9	-9999.0000	33435	69730	-9999	119	167	-9999	333.9021	5	0.6577	0.6652	-0.0005	39.9535	2.1245	451.0987	325.3383	37.6959	439.7029	95.1623	463.5655	94.6351	469.0341	94.8767	473.3017	94.9866	
28/08/2017	08:10:26	019004	G523126632HLR	L523	S		453.6707	1.0230	0.0000	100.0294	40.1988	0.8230	0.8286	4.0000	19.3214	508.0727	95.0744	7.6200	24.5000	0.9300	0.9245	0.6637	-0.0004	508.0000	507.7056	1.0339	8.9746	100.0880	39.5523	0.8230	0.8235	5.0000	-9999.0000	-9999.0000	-9999.0000	-9999.0000	-9999.0000	-9999.0000	20.7521	5	0	23.8035	1.0000	99	9	-9999.0000	33436	69731	-9999	120	168	-9999	335.8003	5	0.6579	0.6637	-0.0004	42.4126	1.9341	477.1756	306.4487	38.5965	465.9783	94.8108	489.5159	94.6790	495.3580	95.0085	499.6426	94.9866	
28/08/2017	08:10:50	019004	G523126645HLR	L523	S		448.2922	1.0230	0.0000	100.1368	39.8461	0.8230	0.8280	4.0000	19.1913	508.0348	95.2721	10.1613	24.4000	0.9300	0.9246	0.6616	-0.0003	508.0000	508.2405	1.0339	8.9724	99.9817	39.5384	0.8230	0.8244	5.0000	-9999.0000	-9999.0000	-9999.0000	-9999.0000	-9999.0000	-9999.0000	20.1917	6	0	23.6426	1.0000	99	9	-9999.0000	33437	69732	-9999	121	169	-9999	334.8044	5	0.6578	0.6616	-0.0003	41.9692	1.9543	468.7681	314.6872	37.8716	456.8854	94.5472	482.1501	94.4374	487.7120	94.9426	491.4715	94.9207	
28/08/2017	08:11:15	019004	G523124262HLR	L523	S		446.1343	1.0230	0.0000	100.1100	39.6410	0.8230	0.8281	4.0000	19.4221	508.0515	95.1184	9.8312	24.4000	0.9300	0.9246	0.6608	-0.0002	508.0000	506.8067	1.0339	8.8971	99.9981	40.1538	0.8230	0.8254	5.0000	-9999.0000	-9999.0000	-9999.0000	-9999.0000	-9999.0000	-9999.0000	19.9720	7	0	25.2126	1.0000	99	9	-9999.0000	33438	69733	-9999	122	170	-9999	334.7109	5	0.6578	0.6608	-0.0002	41.0504	1.9937	468.1194	319.2289	36.7293	455.8298	95.4698	484.0870	94.7449	489.3341	94.9426	492.5090	94.7449	
28/08/2017	08:12:06	019004	G523124263HLR	L523	S		444.9740	1.0230	0.0000	100.1055	40.5032	0.8230	0.8295	4.0000	19.4318	508.0675	95.0305	12.0414	24.6000	0.9300	0.9249	0.6646	-0.0004	508.0000	509.1016	1.0339	8.8737	100.0675	39.9374	0.8230	0.8237	5.0000	-9999.0000	-9999.0000	-9999.0000	-9999.0000	-9999.0000	-9999.0000	20.1321	1	0	27.7532	1.0000	99	9	-9999.0000	33439	69734	-9999	123	170	-9999	334.9592	5	0.6582	0.6646	-0.0004	37.4880	2.2156	463.6512	287.7269	36.3119	452.5102	95.0085	475.9033	94.8328	481.2999	95.0744	485.3089	94.7669	
28/08/2017	08:12:30	019004	G523126594HLR	L523	S		438.6848	1.0230	0.0000	100.0980	40.2564	0.8230	0.8282	4.0000	19.8118	508.0603	94.8548	12.0619	24.4000	0.9300	0.9248	0.6645	-0.0005	508.0000	508.8918	1.0339	8.8977	100.0702	39.5053	0.8230	0.8236	5.0000	-9999.0000	-9999.0000	-9999.0000	-9999.0000	-9999.0000	-9999.0000	20.4222	2	0	23.8727	1.0000	99	9	-9999.0000	33440	69735	-9999	124	171	-9999	334.8192	5	0.6583	0.6645	-0.0005	37.0070	2.2495	462.8485	316.1916	39.8706	451.6870	95.1623	475.0055	94.7889	480.3758	95.0085	485.3144	94.9646	
28/08/2017	08:12:56	019004	G523126593HLR	L523	S		439.6014	1.0230	0.0000	99.9747	39.9213	0.8230	0.8277	4.0000	20.3117	508.0338	94.8548	13.4312	24.4000	0.9300	0.9246	0.6649	-0.0005	508.0000	507.8704	1.0339	8.9888	99.8966	39.8461	0.8230	0.8248	5.0000	-9999.0000	-9999.0000	-9999.0000	-9999.0000	-9999.0000	-9999.0000	20.5619	3	0	26.1025	1.0000	99	9	-9999.0000	33441	69736	-9999	125	172	-9999	334.4280	5	0.6583	0.6649	-0.0005	38.0469	2.1894	459.7856	316.9781	39.4093	448.4093	95.2502	474.0621	94.7449	478.1467	94.9646	482.0658	94.9866	
28/08/2017	08:13:45	019004	G523126592HLR	L523	S		434.9248	1.0230	0.0000	100.0291	39.7420	0.8230	0.8289	4.0000	19.4728	508.0636	94.8548	15.9520	24.6000	0.9300	0.9250	0.6646	-0.0005	508.0000	507.4045	1.0339	8.9487	100.0594	39.9102	0.8230	0.8236	5.0000	-9999.0000	-9999.0000	-9999.0000	-9999.0000	-9999.0000	-9999.0000	20.9916	5	0	24.5828	1.0000	99	9	-9999.0000	33441	69737	-9999	126	172	-9999	333.8328	5	0.6583	0.6646	-0.0005	36.9531	2.2550	458.1157	315.4331	40.6395	448.3592	94.9866	466.8129	94.8548	472.0524	95.1403	476.1103	95.0085	
28/08/2017	08:14:10	019004	G523126590HLR	L523	S		440.5530	1.0230	0.0000	99.9829	39.9221	0.8230	0.8294	4.0000	19.4015	508.0491	94.8108	11.5316	24.5000	0.9300	0.9248	0.6641	-0.0004	508.0000	504.9842	1.0339	8.7400	99.9687	39.5288	0.8230	0.8237	5.0000	-9999.0000	-9999.0000	-9999.0000	-9999.0000	-9999.0000	-9999.0000	19.7911	6	0	24.4324	1.0000	99	9	-9999.0000	33442	69737	-9999	127	173	-9999	334.8386	5	0.6584	0.6641	-0.0004	36.9635	2.2536	466.0487	318.2572	36.9710	454.9559	95.3161	478.0832	94.7669	483.0284	94.9426	488.1308	94.9866	
28/08/2017	08:14:35	019004	G523126638HLR	L523	S		438.6557	1.0230	0.0000	100.0878	40.1341	0.8230	0.8292	4.0000	19.2715	508.0551	94.8987	14.3522	24.5000	0.9300	0.9249	0.6643	-0.0005	508.0000	507.5062	1.0339	8.9574	100.0006	39.7632	0.8230	0.8248	5.0000	-9999.0000	-9999.0000	-9999.0000	-9999.0000	-9999.0000	-9999.0000	19.9720	7	0	25.5028	1.0000	99	9	-9999.0000	33443	69738	-9999	128	174	-9999	334.1912	5	0.6585	0.6643	-0.0005	37.9832	2.1847	457.7996	310.1141	37.3005	446.7391	95.5358	471.1811	94.7230	476.3628	95.0085	480.1596	94.9426	
28/08/2017	08:15:24	019004	G523126637HLR	L523	S		438.2143	1.0230	0.0000	100.0507	39.9487	0.8230	0.8282	4.0000	19.3712	508.0379	94.7889	12.9214	24.6000	0.9300	0.9248	0.6638	-0.0004	508.0000	508.5616	1.0339	8.9356	100.0289	39.9833	0.8230	0.8235	5.0000	-9999.0000	-9999.0000	-9999.0000	-9999.0000	-9999.0000	-9999.0000	21.5220	1	0	24.2028	1.0000	99	9	-9999.0000	33444	69738	-9999	128	175	-9999	334.5726	5	0.6586	0.6638	-0.0004	38.2108	2.1611	461.0630	301.3431	37.4982	449.4091	95.1843	473.5638	94.8108	479.3915	95.0744	483.6888	94.9646	
28/08/2017	08:15:50	019004	G523126584HLR	L523	S		439.7089	1.0230	0.0000	100.1504	39.7435	0.8230	0.8282	4.0000	19.5119	508.0585	94.7669	12.8110	24.4000	0.9300	0.9245	0.6641	-0.0004	508.0000	506.0640	1.0339	8.8331	100.0488	39.5900	0.8230	0.8237	5.0000	-9999.0000	-9999.0000	-9999.0000	-9999.0000	-9999.0000	-9999.0000	19.7920	2	0	26.3732	1.0000	99	9	-9999.0000	33445	69739	-9999	129	176	-9999	334.6139	5	0.6590	0.6641	-0.0004	38.4787	2.1600	462.9215	317.7062	38.3329	451.8837	95.3161	474.8215	94.7230	479.7109	94.9426	484.0057	94.9866	
28/08/2017	08:16:16	019004	G523126676HLR	L523	S		438.4377	1.0230	0.0000	100.0235	39.6993	0.8230	0.8286	4.0000	20.3128	508.0490	94.8548	13.8414	24.5000	0.9300	0.9248	0.6638	-0.0004	508.0000	506.4356	1.0339	8.8651	100.0518	39.7435	0.8230	0.8245	5.0000	-9999.0000	-9999.0000	-9999.0000	-9999.0000	-9999.0000	-9999.0000	20.4818	3	0	25.5633	1.0000	99	9	-9999.0000	33446	69740	-9999	130	177	-9999	334.4106	5	0.6591	0.6638	-0.0004	38.5590	2.1491	459.1427	323.3810	36.7513	447.6305	95.4039	472.1652	94.7010	478.0735	95.0305	482.1121	95.0305	
28/08/2017	08:17:05	019004	G523126671HLR	L523	S		441.9150	1.0230	0.0000	99.9716	40.2119	0.8230	0.8295	4.0000	19.3312	508.0337	94.7669	12.5014	24.6000	0.9300	0.9247	0.6639	-0.0004	508.0000	505.9782	1.0339	8.8257	99.9936	39.9894	0.8230	0.8237	5.0000	-9999.0000	-9999.0000	-9999.0000	-9999.0000	-9999.0000	-9999.0000	20.9721	5	0	25.0731	1.0000	99	9	-9999.0000	33447	69741	-9999	131	178	-9999	334.6998	5	0.6592	0.6639	-0.0004	38.2608	2.2047	463.1138	305.3566	36.9490	451.5393	94.8987	476.0876	94.7669	481.0182	95.1403	485.5647	95.0085	
28/08/2017	08:17:31	019004	G523126670HLR	L523	S		437.3472	1.0230	0.0000	99.9607	40.2208	0.8230	0.8289	4.0000	19.1927	508.0651	94.8328	14.8015	24.5000	0.9300	0.9248	0.6627	-0.0003	508.0000	507.9232	1.0339	8.9934	100.0341	39.5663	0.8230	0.8237	5.0000	-9999.0000	-9999.0000	-9999.0000	-9999.0000	-9999.0000	-9999.0000	20.2415	6	0	25.6328	1.0000	99	9	-9999.0000	33448	69742	-9999	132	179	-9999	334.4787	5	0.6592	0.6627	-0.0003	40.4025	2.0207	459.6775	326.9637	39.4313	447.9719	95.2282	470.5968	94.6571	475.5704	94.9646	480.1599	95.0085	
28/08/2017	08:17:56	019004	G523126664HLR	L523	S		438.8309	1.0230	0.0000	100.1758	40.0469	0.8230	0.8281	4.0000	19.2619	508.0322	94.7230	13.8912	24.3000	0.9300	0.9244	0.6646	-0.0004	508.0000	507.3775	1.0339	8.9463	100.0476	39.7435	0.8230	0.8246	5.0000	-9999.0000	-9999.0000	-9999.0000	-9999.0000	-9999.0000	-9999.0000	20.2424	7	0	25.4931	1.0000	99	9	-9999.0000	33449	69743	-9999	133	180	-9999	334.7407	5	0.6593	0.6646	-0.0004	41.9910	1.9002	460.1616	320.9098	39.1018	449.0054	95.2062	473.7076	94.7230	478.8994	94.9646	482.6028	95.0085	
28/08/2017	08:18:45	019004	G523126667HLR	L523	S		438.1783	1.0230	0.0000	100.0132	39.7435	0.8230	0.8287	4.0000	19.2620	508.0336	94.7669	13.3814	24.6000	0.9300	0.9246	0.6667	-0.0006	508.0000	506.1984	1.0339	8.8447	99.9387	40.0695	0.8230	0.8239	5.0000	-9999.0000	-9999.0000	-9999.0000	-9999.0000	-9999.0000	-9999.0000	19.8224	1	0	25.2528	1.0000	99	9	-9999.0000	33450	69744	-9999	134	181	-9999	334.9769	5	0.6594	0.6667	-0.0006	40.7832	1.9803	458.7654	301.9844	38.2890	447.2222	95.0744	471.6079	94.7230	477.4912	95.0085	481.1661	94.9646	
28/08/2017	08:19:11	019004	G523126654HLR	L523	S		441.6169	1.0230	0.0000	99.9873	39.8193	0.8230	0.8291	4.0000	19.9915	508.0381	94.8108	14.0416	24.5000	0.9300	0.9248	0.6740	-0.0010	508.0000	509.1106	1.0339	8.8726	100.0058	39.5935	0.8230	0.8235	5.0000	-9999.0000	-9999.0000	-9999.0000	-9999.0000	-9999.0000	-9999.0000	20.8919	2	0	25.9130	1.0000	99	9	-9999.0000	33451	69745	-9999	135	182	-9999	334.9968	5	0.6595	0.6740	-0.0010	41.2475	1.9550	454.7142	319.8390	39.4313	443.5661	95.2721	467.7479	94.6571	473.0672	94.9646	477.9072	95.0085	
28/08/2017	08:19:37	019004	G523126655HLR	L523	S		435.9310	1.0230	0.0000	100.1255	39.9978	0.8230	0.8293	4.0000	19.3421	508.0631	94.7230	13.7721	24.4000	0.9300	0.9248	0.6764	-0.0012	508.0000	509.8495	1.0339	8.7879	99.9666	39.7435	0.8230	0.8245	5.0000	-9999.0000	-9999.0000	-9999.0000	-9999.0000	-9999.0000	-9999.0000	19.9818	3	0	25.9630	1.0000	99	9	-9999.0000	33452	69746	-9999	136	183	-9999	335.3196	5	0.6597	0.6764	-0.0012	41.4541	1.9425	452.2205	313.1810	37.2785	441.0571	95.1623	465.1601	94.7449	471.9991	95.0085	476.6338	94.9866	
28/08/2017	08:20:24	019004	G523126656HLR	L523	S		438.1069	1.0230	0.0000	100.0001	40.0512	0.8230	0.8284	4.0000	19.3918	508.0632	94.7230	13.5416	24.5000	0.9300	0.9245	0.6773	-0.0012	508.0000	506.5825	1.0339	8.8778	100.1262	40.0506	0.8230	0.8239	5.0000	-9999.0000	-9999.0000	-9999.0000	-9999.0000	-9999.0000	-9999.0000	19.8020	5	0	24.0234	1.0000	99	9	-9999.0000	33453	69747	-9999	137	184	-9999	335.5849	5	0.6600	0.6773	-0.0012	42.9899	1.8392	454.5128	301.0732	37.1467	443.1768	95.0085	466.1429	94.7230	472.4561	95.0305	476.3226	95.0085	
28/08/2017	08:20:49	019004	G523126650HLR	L523	S		437.2957	1.0230	0.0000	100.0602	39.7435	0.8230	0.8278	4.0000	20.4319	508.0619	94.7669	14.2809	24.4000	0.9300	0.9246	0.6801	-0.0015	508.0000	509.6678	1.0339	8.8087	100.0607	39.5906	0.8230	0.8237	5.0000	-9999.0000	-9999.0000	-9999.0000	-9999.0000	-9999.0000	-9999.0000	19.9924	6	0	25.2927	1.0000	99	9	-9999.0000	33454	69748	-9999	138	185	-9999	334.9055	5	0.6600	0.6801	-0.0015	42.3971	1.8603	452.1362	324.3570	38.9919	442.1202	95.2721	462.4257	94.7010	468.1738	94.9866	473.2055	95.0744	
28/08/2017	08:21:14	019004	G523126640HLR	L523	S		438.8015	1.0230	0.0000	99.9867	39.6410	0.8230	0.8285	4.0000	19.3322	508.0802	94.6790	14.2614	24.4000	0.9300	0.9246	0.6796	-0.0015	508.0000	507.6698	1.0339	8.9715	100.0080	39.7435	0.8230	0.8244	5.0000	-9999.0000	-9999.0000	-9999.0000	-9999.0000	-9999.0000	-9999.0000	21.2124	7	0	25.0329	1.0000	99	9	-9999.0000	33455	69749	-9999	139	186	-9999	334.7909	5	0.6595	0.6796	-0.0015	36.4502	2.2841	452.8322	323.2420	40.2660	442.2922	95.1403	464.2588	94.7010	469.3458	94.9866	473.6111	95.0525	
28/08/2017	08:22:05	019004	G523126641HLR	L523	S		440.3282	1.0230	0.0000	100.0640	40.2382	0.8230	0.8297	4.0000	19.3215	508.0483	94.7010	12.2807	24.6000	0.9300	0.9246	0.6774	-0.0013	508.0000	509.0864	1.0339	8.8754	100.0765	40.0813	0.8230	0.8239	5.0000	-9999.0000	-9999.0000	-9999.0000	-9999.0000	-9999.0000	-9999.0000	20.2424	1	0	26.9228	1.0000	99	9	-9999.0000	33456	69750	-9999	140	187	-9999	336.1887	5	0.6599	0.6774	-0.0013	36.1094	2.3247	456.0974	304.9981	38.4208	444.3686	94.8108	468.9520	94.8108	474.8796	95.1403	480.0357	95.0085	
28/08/2017	08:22:32	019004	G523126635HLR	L523	S		439.0659	1.0230	0.0000	100.0091	40.3165	0.8230	0.8291	4.0000	19.2618	508.0544	94.7669	13.7213	24.5000	0.9300	0.9247	0.6860	-0.0019	508.0000	509.4046	1.0339	8.8389	100.0547	39.6219	0.8230	0.8237	5.0000	-9999.0000	-9999.0000	-9999.0000	-9999.0000	-9999.0000	-9999.0000	19.9310	2	0	27.0032	1.0000	99	9	-9999.0000	33457	69751	-9999	141	188	-9999	335.2391	5	0.6598	0.6860	-0.0019	31.9155	2.6475	449.4112	314.9155	38.8382	438.0149	95.2721	462.1054	94.7010	467.3074	94.9207	472.6496	94.9866	
28/08/2017	08:22:56	019004	G523126634HLR	L523	S		440.6205	1.0230	0.0000	100.0519	40.1538	0.8230	0.8281	4.0000	19.4025	508.0544	94.6790	13.3316	24.4000	0.9300	0.9246	0.6861	-0.0019	508.0000	507.6348	1.0339	8.9685	99.9580	39.7435	0.8230	0.8246	5.0000	-9999.0000	-9999.0000	-9999.0000	-9999.0000	-9999.0000	-9999.0000	19.9924	3	0	24.0632	1.0000	99	9	-9999.0000	33458	69752	-9999	142	188	-9999	335.6731	5	0.6596	0.6861	-0.0019	30.7159	2.7288	449.6651	312.9594	39.1457	437.9554	95.0085	463.5009	94.7230	469.6614	94.9646	474.3619	94.9866	
28/08/2017	08:23:44	019004	G523126647HLR	L523	S		435.3805	1.0230	0.0000	100.0509	39.7141	0.8230	0.8278	4.0000	21.0022	508.0842	94.8108	15.2517	24.6000	0.9300	0.9248	0.6784	-0.0014	508.0000	506.0037	1.0339	8.8279	100.0006	39.9679	0.8230	0.8237	5.0000	-9999.0000	-9999.0000	-9999.0000	-9999.0000	-9999.0000	-9999.0000	20.5920	5	0	23.7322	1.0000	99	9	-9999.0000	33459	69753	-9999	143	189	-9999	334.1138	5	0.6596	0.6784	-0.0014	46.3910	1.6427	448.7190	300.5106	38.6405	437.9274	94.9646	459.6940	94.8108	465.6401	95.0525	470.3650	94.9866	
28/08/2017	08:24:08	019004	G523126648HLR	L523	S		434.6752	1.0230	0.0000	99.9479	39.6410	0.8230	0.8287	4.0000	19.2902	508.0559	94.6790	15.3015	24.4000	0.9300	0.9245	0.6761	-0.0012	508.0000	507.1515	1.0339	8.9269	100.0941	39.5599	0.8230	0.8238	5.0000	-9999.0000	-9999.0000	-9999.0000	-9999.0000	-9999.0000	-9999.0000	19.8821	6	0	23.5827	1.0000	99	9	-9999.0000	33460	69754	-9999	143	190	-9999	334.0505	5	0.6593	0.6761	-0.0012	58.3956	0.7978	449.4672	318.9042	39.1237	438.8540	95.2062	461.2448	94.7889	466.9491	95.0085	471.0387	95.0085	
28/08/2017	08:24:32	019004	G523124273HLR	L523	S		447.6660	1.0230	0.0000	100.0573	39.9668	0.8230	0.8296	4.0000	19.2424	508.0471	94.7230	12.3608	24.3000	0.9300	0.9244	0.6828	-0.0017	508.0000	510.9402	1.0339	8.6628	100.0668	39.7435	0.8230	0.8246	5.0000	-9999.0000	-9999.0000	-9999.0000	-9999.0000	-9999.0000	-9999.0000	20.2924	7	0	24.1726	1.0000	99	9	-9999.0000	33461	69755	-9999	144	191	-9999	336.2718	5	0.6596	0.6828	-0.0017	56.6940	0.9106	453.8980	309.0655	37.9595	442.1515	95.1623	468.0517	94.6351	474.0242	94.9207	478.5502	94.9866	
28/08/2017	08:25:26	019004	G523124272HLR	L523	S		445.4019	1.0230	0.0000	99.9887	40.2548	0.8230	0.8282	4.0000	20.1126	508.0424	94.7889	12.0209	24.5000	0.9300	0.9246	0.6701	-0.0008	508.0000	509.9002	1.0339	8.7821	99.9653	40.1192	0.8230	0.8240	5.0000	-9999.0000	-9999.0000	-9999.0000	-9999.0000	-9999.0000	-9999.0000	19.8626	1	0	31.4037	1.0000	99	9	-9999.0000	33462	69756	-9999	145	192	-9999	335.8561	5	0.6597	0.6701	-0.0008	56.3657	0.9474	460.4312	302.3934	37.9814	448.6865	95.1184	474.7951	94.7669	480.2518	95.0525	484.7290	94.9646	
28/08/2017	08:25:50	019004	G523127657HLR	L523	S		445.5729	1.0230	0.0000	100.0936	39.8461	0.8230	0.8278	4.0000	19.2618	508.0311	94.7889	11.6019	24.4000	0.9300	0.9246	0.6672	-0.0006	508.0000	509.1928	1.0339	8.8632	99.9639	39.5683	0.8230	0.8232	5.0000	-9999.0000	-9999.0000	-9999.0000	-9999.0000	-9999.0000	-9999.0000	23.5926	2	0	23.7929	1.0000	99	9	-9999.0000	33463	69757	-9999	146	193	-9999	335.6701	5	0.6594	0.6672	-0.0006	53.5689	1.1678	464.4586	321.3581	39.1457	452.6533	95.0744	477.2231	94.6790	482.8470	95.0085	486.8135	94.9866	
28/08/2017	08:26:22	019004	G523127637HLR	L523	S		440.2900	1.0230	0.0000	99.9005	39.6410	0.8230	0.8280	4.0000	19.6721	508.0650	94.8548	12.4116	24.4000	0.9300	0.9248	0.6625	-0.0002	508.0000	509.7346	1.0339	8.8011	100.0407	39.8461	0.8230	0.8246	5.0000	-9999.0000	-9999.0000	-9999.0000	-9999.0000	-9999.0000	-9999.0000	20.5021	3	0	31.7633	1.0000	99	9	-9999.0000	33464	69758	-9999	147	194	-9999	335.1987	5	0.6594	0.6625	-0.0002	44.3370	1.8269	464.0905	322.3305	38.1572	451.8162	95.2062	477.1797	94.7449	482.1826	95.0964	486.5263	94.9866	
28/08/2017	08:27:17	019004	G523127631HLR	L523	S		425.3586	1.0230	0.0000	100.1092	40.0873	0.8230	0.8299	4.0000	19.6223	508.0307	95.0964	19.6321	24.5000	0.9300	0.9249	0.6602	-0.0001	508.0000	507.3651	1.0339	8.9453	100.1043	39.8398	0.8230	0.8237	5.0000	-9999.0000	-9999.0000	-9999.0000	-9999.0000	-9999.0000	-9999.0000	20.6614	5	0	30.8644	1.0000	99	9	-9999.0000	33465	69759	-9999	148	195	-9999	334.8725	5	0.6595	0.6602	-0.0001	39.1653	2.1576	450.4287	307.1525	36.7732	439.9377	94.9426	461.2527	94.7889	467.3025	95.1403	470.9318	95.0305	
28/08/2017	08:27:47	019004	G523127630HLR	L523	S		441.4369	1.0230	0.0000	100.0204	40.3556	0.8230	0.8295	4.0000	19.3917	508.0322	94.8987	12.1518	24.3000	0.9300	0.9244	0.6594	-0.0000	508.0000	508.3796	1.0339	8.9565	100.0633	39.4915	0.8230	0.8238	5.0000	-9999.0000	-9999.0000	-9999.0000	-9999.0000	-9999.0000	-9999.0000	20.4518	6	0	30.6026	1.0000	99	9	-9999.0000	33466	69760	-9999	149	196	-9999	334.8956	5	0.6591	0.6594	-0.0000	37.7970	2.2506	465.5498	319.7620	37.4542	453.7546	95.2721	478.2970	94.6790	483.1638	94.8328	486.7893	94.9207	
28/08/2017	08:28:12	019004	G523127629HLR	L523	S		424.1545	1.0230	0.0000	100.0266	40.2418	0.8230	0.8282	4.0000	19.5020	508.0248	94.9426	19.9524	24.5000	0.9300	0.9249	0.6594	-0.0000	508.0000	507.2286	1.0339	8.9335	99.9350	40.0512	0.8230	0.8250	5.0000	-9999.0000	-9999.0000	-9999.0000	-9999.0000	-9999.0000	-9999.0000	20.1222	7	0	24.9431	1.0000	99	9	-9999.0000	33467	69761	-9999	150	197	-9999	334.7981	5	0.6592	0.6594	-0.0000	41.9801	1.9436	449.6091	316.2263	38.4428	438.3451	95.5138	462.4117	94.8108	465.9780	94.9866	469.3643	94.9646	
28/08/2017	08:29:02	019004	G523127625HLR	L523	S		427.9793	1.0230	0.0000	99.9573	39.6612	0.8230	0.8281	4.0000	19.4522	508.0315	94.7230	19.1018	24.5000	0.9300	0.9249	0.6594	-0.0000	508.0000	506.7238	1.0339	8.8900	99.9775	39.7986	0.8230	0.8237	5.0000	-9999.0000	-9999.0000	-9999.0000	-9999.0000	-9999.0000	-9999.0000	19.8625	1	0	26.0335	1.0000	99	9	-9999.0000	33468	69762	-9999	151	198	-9999	334.8140	5	0.6591	0.6594	-0.0000	38.8505	2.1845	451.1153	297.1842	38.8162	440.2078	95.2282	462.3622	94.7449	467.6412	95.0305	471.4111	94.9646	
28/08/2017	08:29:25	019004	G523127727HLR	L523	S		428.1085	1.0230	0.0000	99.9960	39.6410	0.8230	0.8288	4.0000	19.3216	508.0335	94.7010	18.9416	24.3000	0.9300	0.9245	0.6594	-0.0000	508.0000	507.3159	1.0339	8.9410	100.0600	39.4594	0.8230	0.8238	5.0000	-9999.0000	-9999.0000	-9999.0000	-9999.0000	-9999.0000	-9999.0000	21.2426	2	0	23.7221	1.0000	99	9	-9999.0000	33469	69763	-9999	152	199	-9999	334.8134	5	0.6593	0.6594	-0.0000	35.8367	2.3545	452.6360	319.1093	38.0254	441.0623	95.3820	463.8514	94.6790	467.9543	94.8987	471.9326	94.9426	
28/08/2017	08:30:03	019004	G523127737HLR	L523	S		441.0427	1.0230	0.0000	100.0421	40.0418	0.8230	0.8298	4.0000	19.2520	508.0478	94.8108	13.2222	24.3000	0.9300	0.9242	0.6594	-0.0000	508.0000	509.7117	1.0339	8.8037	100.0353	39.9487	0.8230	0.8250	5.0000	-9999.0000	-9999.0000	-9999.0000	-9999.0000	-9999.0000	-9999.0000	20.4329	3	0	37.6947	1.0000	99	9	-9999.0000	33470	69764	-9999	153	200	-9999	334.9076	5	0.6593	0.6594	-0.0000	35.8367	2.3545	461.9762	311.9599	37.3224	450.0401	95.2721	475.7921	94.6351	480.5875	94.8548	484.1107	94.9866	
28/08/2017	08:30:51	019004	G523127748HLR	L523	S		438.9606	1.0230	0.0000	100.0991	40.1538	0.8230	0.8281	4.0000	19.3529	508.0175	94.8108	14.3317	24.5000	0.9300	0.9247	0.6594	-0.0000	508.0000	509.4977	1.0339	8.8283	100.1039	39.7888	0.8230	0.8236	5.0000	-9999.0000	-9999.0000	-9999.0000	-9999.0000	-9999.0000	-9999.0000	20.2826	5	0	24.0326	1.0000	99	9	-9999.0000	33471	69765	-9999	154	201	-9999	334.8565	5	0.6592	0.6594	-0.0000	39.3206	2.1437	464.2213	319.3769	40.5956	454.0035	95.0964	473.5153	94.7230	478.6885	94.9866	482.0137	94.9426	
28/08/2017	08:31:14	019004	G523127730HLR	L523	S		445.1419	1.0230	0.0000	100.1011	39.7435	0.8230	0.8276	4.0000	19.3831	508.0570	94.9426	10.4406	24.4000	0.9300	0.9246	0.6594	-0.0000	508.0000	507.5924	1.0339	8.9649	99.9697	39.4590	0.8230	0.8238	5.0000	-9999.0000	-9999.0000	-9999.0000	-9999.0000	-9999.0000	-9999.0000	20.6332	6	0	23.0923	1.0000	99	9	-9999.0000	33472	69766	-9999	155	202	-9999	334.9510	5	0.6592	0.6594	-0.0000	39.8037	2.1168	472.5088	314.5580	38.4867	461.7578	95.0964	483.4493	94.6351	489.2811	94.9207	492.8906	94.9426	
28/08/2017	08:31:33	019004	G523127739HLR	L523	S		441.5397	1.0230	0.0000	100.1736	39.5405	0.8230	0.8283	4.0000	19.7228	508.0632	94.9646	10.5510	24.4000	0.9300	0.9248	0.6594	-0.0000	508.0000	507.8541	1.0339	8.9874	99.9892	39.8461	0.8230	0.8251	5.0000	-9999.0000	-9999.0000	-9999.0000	-9999.0000	-9999.0000	-9999.0000	19.8030	7	0	19.8723	1.0000	99	9	-9999.0000	33473	69767	-9999	156	203	-9999	334.9569	5	0.6590	0.6594	-0.0000	40.1339	2.0999	468.2946	317.7012	38.7283	456.7226	95.2502	481.0668	94.6790	486.7472	94.8548	490.4133	94.7230	
28/08/2017	08:32:22	019004	G523127729HLR	L523	S		440.7927	1.0230	0.0000	100.0975	40.4436	0.8230	0.8299	4.0000	19.5022	508.0347	94.8987	11.8910	24.5000	0.9300	0.9246	0.6594	-0.0000	508.0000	509.3864	1.0339	8.8410	100.0623	40.1147	0.8230	0.8238	5.0000	-9999.0000	-9999.0000	-9999.0000	-9999.0000	-9999.0000	-9999.0000	20.6330	1	0	24.1423	1.0000	99	9	-9999.0000	33474	69768	-9999	157	204	-9999	334.9078	5	0.6589	0.6594	-0.0000	41.4706	2.0315	464.3585	302.9706	36.6634	452.5870	94.8548	478.2742	94.8108	484.2370	95.0744	488.3726	94.9207	
28/08/2017	08:32:47	019004	G523127674HLR	L523	S		447.1986	1.0230	0.0000	100.0715	40.4229	0.8230	0.8288	4.0000	19.2825	508.1074	94.8767	3.4603	24.4000	0.9300	0.9238	0.6594	-0.0000	508.0000	505.5222	1.0339	8.7864	100.0640	39.6453	0.8230	0.8235	5.0000	-9999.0000	-9999.0000	-9999.0000	-9999.0000	-9999.0000	-9999.0000	20.7924	2	0	25.5331	1.0000	99	9	-9999.0000	33475	69769	-9999	157	205	-9999	335.1179	5	0.6591	0.6594	-0.0000	41.8303	2.0142	486.5570	316.3334	37.8277	472.9473	95.0085	505.3452	94.7010	506.3880	24.7791	0.0000	0.0000	
28/08/2017	08:33:08	019004	G523127672HLR	L523	S		444.0708	1.0230	0.0000	100.0090	40.1538	0.8230	0.8280	4.0000	19.1525	508.0326	94.8987	8.1015	24.5000	0.9300	0.9244	0.6594	-0.0000	508.0000	508.3377	1.0339	8.9613	100.0365	39.6410	0.8230	0.8243	5.0000	-9999.0000	-9999.0000	-9999.0000	-9999.0000	-9999.0000	-9999.0000	20.2219	3	0	20.7524	1.0000	99	9	-9999.0000	33476	69770	-9999	158	206	-9999	334.9605	5	0.6591	0.6594	-0.0000	44.8036	1.8522	473.1560	311.5413	38.4867	460.7834	94.6790	488.3248	94.6571	493.9211	95.0305	498.3047	95.0305	
28/08/2017	08:33:55	019004	G523127673HLR	L523	S		447.2695	1.0230	0.0000	100.0354	39.7435	0.8230	0.8280	4.0000	19.3722	508.0209	95.0085	9.1807	24.5000	0.9300	0.9246	0.6594	-0.0000	508.0000	507.4669	1.0339	8.9540	100.0791	40.1483	0.8230	0.8240	5.0000	-9999.0000	-9999.0000	-9999.0000	-9999.0000	-9999.0000	-9999.0000	20.3324	5	0	23.7431	1.0000	99	9	-9999.0000	33477	69771	-9999	159	207	-9999	334.9244	5	0.6591	0.6594	-0.0000	44.9590	1.8427	467.0834	298.4905	38.8382	453.6458	94.7230	484.5357	94.5033	491.2083	94.7889	495.6996	94.8987	
28/08/2017	08:34:19	019004	G523127663HLR	L523	S		432.7439	1.0230	0.0000	100.0188	39.6410	0.8230	0.8286	4.0000	19.2414	508.0765	94.9646	13.9313	24.6000	0.9300	0.9251	0.6594	-0.0000	508.0000	507.7419	1.0339	8.9777	100.0453	39.7216	0.8230	0.8237	5.0000	-9999.0000	-9999.0000	-9999.0000	-9999.0000	-9999.0000	-9999.0000	20.3216	6	0	24.1022	1.0000	99	9	-9999.0000	33478	69772	-9999	160	208	-9999	334.9386	5	0.6594	0.6594	-0.0000	45.5267	1.7961	462.2204	323.1666	39.2116	451.0662	94.9207	473.6735	94.7010	479.0801	94.8767	483.3763	94.8987	
28/08/2017	08:34:44	019004	error reading	L523	S		0.0000	0.0000	0.0000	0.0000	0.0000	0.8230	0.0000	0.0000	0.0000	0.0000	0.0000	0.0000	0.0000	0.9300	0.0000	0.0000	0.0000	0.0000	0.0000	0.0000	0.0000	0.0000	0.0000	0.8230	0.0000	0.0000	0.0000	0.0000	0.0000	0.0000	0.0000	0.0000	0.0000	0	28	24.1022	1.0000	99	9	0.0000	0	0	0	0	0	0	0.0000	0	0.0000	0.0000	0.0000	0.0000	0.0000	0.0000	0.0000	0.0000	0.0000	0.0000	0.0000	0.0000	0.0000	0.0000	0.0000	0.0000	
28/08/2017	08:35:04	019004	G523127665HLR	L523	S		446.0234	1.0230	0.0000	100.0223	39.8484	0.8230	0.8295	4.0000	19.2121	508.0334	95.0305	8.5605	24.5000	0.9300	0.9245	0.6594	-0.0000	508.0000	508.5662	1.0339	8.9351	100.0716	39.6410	0.8230	0.8241	5.0000	-9999.0000	-9999.0000	-9999.0000	-9999.0000	-9999.0000	-9999.0000	20.8021	7	0	45.0959	1.0000	99	9	-9999.0000	33479	69773	-9999	161	209	-9999	334.9555	5	0.6594	0.6594	-0.0000	51.1044	1.4571	473.0751	322.4993	37.4103	460.0644	95.2941	488.8987	94.7010	494.5285	94.9866	498.1131	94.9866	
28/08/2017	08:35:52	019004	G523127644HLR	L523	S		446.3360	1.0230	0.0000	100.0185	40.2988	0.8230	0.8288	4.0000	19.6917	508.0616	95.0964	9.7511	24.6000	0.9300	0.9247	0.6606	-0.0001	508.0000	508.1057	1.0339	8.9879	99.9290	39.8238	0.8230	0.8238	5.0000	-9999.0000	-9999.0000	-9999.0000	-9999.0000	-9999.0000	-9999.0000	19.8519	1	0	24.0426	1.0000	99	9	-9999.0000	33480	69774	-9999	162	210	-9999	335.1453	5	0.6594	0.6606	-0.0001	51.0001	1.4135	469.2992	293.0918	38.0254	457.1696	94.9866	482.9956	94.6351	488.6696	94.8108	492.9718	94.8767	
28/08/2017	08:36:16	019004	G523127668HLR	L523	S		442.1912	1.0230	0.0000	100.0530	40.0512	0.8230	0.8282	4.0000	19.3019	508.0436	94.9646	11.4710	24.4000	0.9300	0.9245	0.6618	-0.0002	508.0000	509.1307	1.0339	8.8703	100.0225	39.4926	0.8230	0.8238	5.0000	-9999.0000	-9999.0000	-9999.0000	-9999.0000	-9999.0000	-9999.0000	20.6116	2	0	24.7129	1.0000	99	9	-9999.0000	33481	69775	-9999	163	211	-9999	334.9440	5	0.6593	0.6618	-0.0002	51.1377	1.4252	467.6625	321.5908	39.4313	455.6436	95.1184	479.9322	94.8328	485.6275	94.8767	488.8888	94.7669	
28/08/2017	08:36:36	019004	G523127667HLR	L523	S		454.7161	1.0230	0.0000	100.0220	39.7435	0.8230	0.8279	4.0000	19.3712	508.0455	94.8548	7.8505	24.4000	0.9300	0.9242	0.6634	-0.0004	508.0000	509.0600	1.0339	8.8784	100.0760	39.8461	0.8230	0.8248	5.0000	-9999.0000	-9999.0000	-9999.0000	-9999.0000	-9999.0000	-9999.0000	21.4223	3	0	19.8420	1.0000	99	9	-9999.0000	33482	69776	-9999	164	212	-9999	335.4354	5	0.6591	0.6634	-0.0004	52.8029	1.2289	476.8072	326.1315	39.1018	465.0742	95.2941	490.1868	94.8108	495.4085	95.0085	499.6403	94.9646	
28/08/2017	08:37:23	019004	G523127670HLR	L523	S		451.7417	1.0230	0.0000	100.1167	40.1653	0.8230	0.8297	4.0000	19.2220	508.0532	94.9207	5.9303	24.7000	0.9300	0.9241	0.6631	-0.0004	508.0000	506.4056	1.0339	8.8626	100.0813	40.1385	0.8230	0.8240	5.0000	-9999.0000	-9999.0000	-9999.0000	-9999.0000	-9999.0000	-9999.0000	19.8616	5	0	23.6228	1.0000	99	9	-9999.0000	33483	69777	-9999	165	213	-9999	335.8139	5	0.6594	0.6631	-0.0004	50.8906	1.4017	478.8339	295.3290	37.4982	465.9862	94.8987	493.7087	94.5692	500.1669	94.8328	504.8825	94.8548	
28/08/2017	08:37:46	019004	G523127640HLR	L523	S		445.2495	1.0230	0.0000	100.0112	40.2423	0.8230	0.8292	4.0000	19.3214	508.0583	95.0525	10.3312	24.6000	0.9300	0.9247	0.6629	-0.0004	508.0000	507.2741	1.0339	8.9374	99.9356	39.6817	0.8230	0.8236	5.0000	-9999.0000	-9999.0000	-9999.0000	-9999.0000	-9999.0000	-9999.0000	20.2025	6	0	23.5428	1.0000	99	9	-9999.0000	33484	69778	-9999	166	214	-9999	334.9626	5	0.6594	0.6629	-0.0004	50.5372	1.4414	470.5503	324.4621	38.7942	460.3583	94.1738	480.7864	94.4154	486.9705	94.8548	491.0209	94.9646	
28/08/2017	08:38:10	019004	G523127642HLR	L523	S		448.2514	1.0230	0.0000	100.0174	40.1500	0.8230	0.8283	4.0000	19.3723	508.0453	94.9207	8.1005	24.5000	0.9300	0.9245	0.6625	-0.0003	508.0000	508.9810	1.0339	8.8875	99.9838	39.6410	0.8230	0.8243	5.0000	-9999.0000	-9999.0000	-9999.0000	-9999.0000	-9999.0000	-9999.0000	20.2728	7	0	23.2427	1.0000	99	9	-9999.0000	33485	69779	-9999	167	215	-9999	335.2319	5	0.6593	0.6625	-0.0003	47.6311	1.7108	475.9231	326.6745	40.8372	464.5934	95.2062	488.6179	94.7889	494.2708	95.0305	498.2528	94.8108	
28/08/2017	08:38:57	019004	G523127666HLR	L523	S		447.9007	1.0230	0.0000	100.0212	39.7435	0.8230	0.8280	4.0000	19.9115	508.0633	94.9646	7.8915	24.5000	0.9300	0.9243	0.6640	-0.0005	508.0000	508.2207	1.0339	8.9747	100.1063	40.1763	0.8230	0.8242	5.0000	-9999.0000	-9999.0000	-9999.0000	-9999.0000	-9999.0000	-9999.0000	19.7824	1	0	24.0623	1.0000	99	9	-9999.0000	33485	69780	-9999	168	216	-9999	335.4379	5	0.6597	0.6640	-0.0005	45.5095	1.8888	472.1144	312.8620	38.6624	460.1204	94.8987	486.2283	94.6131	492.6927	94.8108	497.5116	94.8767	
28/08/2017	08:39:21	019004	G523127639HLR	L523	S		450.9411	1.0230	0.0000	99.9961	39.6561	0.8230	0.8286	4.0000	19.6624	508.0403	94.7230	5.9411	24.6000	0.9300	0.9240	0.6634	-0.0004	508.0000	506.3353	1.0339	8.8565	100.0823	39.7298	0.8230	0.8236	5.0000	-9999.0000	-9999.0000	-9999.0000	-9999.0000	-9999.0000	-9999.0000	20.6429	2	0	24.2127	1.0000	99	9	-9999.0000	33486	69781	-9999	169	217	-9999	335.9074	5	0.6600	0.6634	-0.0004	43.0835	2.0711	479.1069	316.2363	37.3444	467.3706	94.6571	493.4308	94.5033	500.2470	94.9866	504.8217	94.7669	
28/08/2017	08:39:43	019004	G523127652HLR	L523	S		443.7485	1.0230	0.0000	100.0046	39.8274	0.8230	0.8293	4.0000	19.1017	508.0461	95.0525	11.4710	24.5000	0.9300	0.9247	0.6634	-0.0004	508.0000	507.4417	1.0339	8.9519	100.0590	39.6410	0.8230	0.8241	5.0000	-9999.0000	-9999.0000	-9999.0000	-9999.0000	-9999.0000	-9999.0000	20.6224	3	0	22.0132	1.0000	99	9	-9999.0000	33487	69782	-9999	170	218	-9999	334.8092	5	0.6596	0.6634	-0.0004	40.0882	2.3738	461.6085	308.3659	37.5641	449.4322	94.3276	475.6311	94.5472	482.3515	94.8548	487.0428	94.8108	
28/08/2017	08:40:31	019004	G523127660HLR	L523	S		452.6516	1.0230	0.0000	99.9854	40.2487	0.8230	0.8288	4.0000	19.5725	508.0529	94.8328	6.4411	24.6000	0.9300	0.9245	0.6617	-0.0002	508.0000	506.7258	1.0339	8.8902	99.9882	40.1026	0.8230	0.8239	5.0000	-9999.0000	-9999.0000	-9999.0000	-9999.0000	-9999.0000	-9999.0000	21.5522	5	0	23.4420	1.0000	99	9	-9999.0000	33488	69783	-9999	171	219	-9999	335.4832	5	0.6597	0.6617	-0.0002	39.3193	2.4297	478.0583	301.0191	37.4323	465.9756	95.4259	492.9542	95.0305	499.7749	95.1184	503.3305	94.8767	
28/08/2017	08:40:55	019004	G523127646HLR	L523	S		441.4883	1.0230	0.0000	100.1004	40.0205	0.8230	0.8283	4.0000	19.3127	508.0335	94.8108	12.5717	24.6000	0.9300	0.9248	0.6638	-0.0004	508.0000	508.0367	1.0339	8.9958	100.1089	39.7368	0.8230	0.8238	5.0000	-9999.0000	-9999.0000	-9999.0000	-9999.0000	-9999.0000	-9999.0000	20.0120	6	0	23.9832	1.0000	99	9	-9999.0000	33489	69784	-9999	172	220	-9999	334.5454	5	0.6600	0.6638	-0.0004	41.0956	2.2898	463.4182	309.4181	37.3444	452.1455	95.0305	475.0883	94.7230	480.1836	94.9866	484.7241	94.9426	
28/08/2017	08:41:19	019004	G523127649HLR	L523	S		448.3732	1.0230	0.0000	100.0749	39.8420	0.8230	0.8280	4.0000	19.2521	508.0353	94.9426	9.3917	24.4000	0.9300	0.9245	0.6654	-0.0006	508.0000	509.7915	1.0339	8.7946	100.0707	39.6445	0.8230	0.8242	5.0000	-9999.0000	-9999.0000	-9999.0000	-9999.0000	-9999.0000	-9999.0000	20.6624	7	0	24.0525	1.0000	99	9	-9999.0000	33490	69785	-9999	173	221	-9999	335.1397	5	0.6600	0.6654	-0.0006	44.7495	1.7857	469.6059	312.3963	37.4323	457.1056	95.8213	484.4552	94.8767	489.0351	94.9646	493.6350	94.9646	
28/08/2017	08:42:08	019004	G523127626HLR	L523	S		439.6683	1.0230	0.0000	99.9931	39.8822	0.8230	0.8292	4.0000	19.4718	508.0770	94.9207	7.6903	24.6000	0.9300	0.9245	0.6660	-0.0007	508.0000	508.7051	1.0339	8.9191	100.0854	40.0973	0.8230	0.8239	5.0000	-9999.0000	-9999.0000	-9999.0000	-9999.0000	-9999.0000	-9999.0000	20.9428	1	0	23.9919	1.0000	99	9	-9999.0000	33491	69786	-9999	174	222	-9999	335.8616	5	0.6604	0.6660	-0.0007	43.2857	1.8979	472.4164	301.4058	37.3224	459.6134	95.3820	487.5339	94.8548	493.0092	94.8548	498.0516	94.7449	
28/08/2017	08:42:31	019004	G523127635HLR	L523	S		451.6000	1.0230	0.0000	99.9617	40.0919	0.8230	0.8293	4.0000	19.4622	508.0379	94.7669	5.3502	24.7000	0.9300	0.9245	0.6656	-0.0006	508.0000	507.3414	1.0339	8.9432	100.0466	39.6969	0.8230	0.8237	5.0000	-9999.0000	-9999.0000	-9999.0000	-9999.0000	-9999.0000	-9999.0000	20.5423	2	0	23.5533	1.0000	99	9	-9999.0000	33492	69787	-9999	174	223	-9999	336.5506	5	0.6602	0.6656	-0.0006	43.7639	1.8406	480.7830	309.1072	37.3444	468.5184	94.7889	494.2572	94.5033	500.8559	94.9866	506.7239	94.8328	
28/08/2017	08:42:53	019004	G523127728HLR	L523	S		443.2062	1.0230	0.0000	100.0185	40.1113	0.8230	0.8288	4.0000	19.1624	508.0718	95.0305	12.2416	24.6000	0.9300	0.9248	0.6652	-0.0006	508.0000	507.7896	1.0339	8.9819	99.9280	39.6768	0.8230	0.8243	5.0000	-9999.0000	-9999.0000	-9999.0000	-9999.0000	-9999.0000	-9999.0000	20.2426	3	0	21.5825	1.0000	99	9	-9999.0000	33493	69788	-9999	175	224	-9999	334.4737	5	0.6602	0.6652	-0.0006	45.2946	1.6770	459.4887	305.4518	36.6414	447.5485	94.4374	473.8602	94.5033	479.5506	94.8548	483.6799	94.8548	
28/08/2017	08:43:44	019004	G523127735HLR	L523	S		454.8933	1.0230	0.0000	100.0727	39.9487	0.8230	0.8281	4.0000	19.4425	508.0356	95.0085	4.6704	24.6000	0.9300	0.9241	0.6655	-0.0006	508.0000	506.7639	1.0339	8.8934	100.0541	40.1573	0.8230	0.8241	5.0000	-9999.0000	-9999.0000	-9999.0000	-9999.0000	-9999.0000	-9999.0000	20.2816	5	0	27.6633	1.0000	99	9	-9999.0000	33494	69789	-9999	176	225	-9999	336.7326	5	0.6603	0.6655	-0.0006	45.2788	1.6826	482.5681	301.2265	37.4323	470.0387	95.3161	498.4126	94.8767	504.7244	95.0964	509.5952	53.9297	
