Data	Timp	Nr. masina	Nr. de serie	Tip	Productie	Comentariu	Pre-masurare Q [ml/min]	Pre-masurare Gain	Pre-masurare Offset Master	Pre-masurare P [bar]	Pre-masurare T [°C]	Pre-masurare Densitate fixa [kg/l]	Pre-masurare densitate masurata [kg/l]	Pre-masurare Timp masurare [s]	Pre-masurare Cycle time [s]	rectificare Q Oprire [ml/min]	rectificare P Oprire [bar]	rectificare Timp rectificare [s]	rectificare T [°C]	rectificare Densitate fixa [kg/l]	rectificare densitate masurata [kg/l]	rectificare Factor de masurare la rectificare	rectificare Factor de corectie a debitului	rectificare Target rectificare	Masurare Q [ml/min]	Masurare Gain	Masurare Offset Master	Masurare P [bar]	Masurare T [°C]	Masurare Densitate fixa [kg/l]	Masurare densitate masurata [kg/l]	Masurare Timp masurare [s]	Masurare Q [ml/min]	Masurare Delta Q [ml/min]	Masurare P [bar]	Masurare BP [bar]	Masurare T [°C]	Masurare Timp masurare [s]	Masurare Cycle time [s]	Nest Nr.	Cod de descarcare	Cycle time [s]	Traceability aktiv	EDM Maschine Nr	EDM Spindle Nr	Honing Rate [r	Station Counter Premeasure	Station Counter Grind	Station Counter Blowout 1	Station Counter Wash	Station Counter Measure	Station Counter Blowout 2	RealGrindQStop	Reg Type	Factor 0	Factor 1	Factor 2	Factor 3	Factor 4	G_StartQV	G_StartQV_1	G_StartQV_2	G_StartQV_3	G_StartQV_4	G_StartQV_5	
25/08/2017	00:00:01	019004	G523104903HLR	L523	S		438.4504	1.0233	10.0000	99.9820	39.9546	0.8230	0.8280	5.0000	19.9426	508.0543	94.7889	8.5810	24.1000	0.9300	0.9273	0.6654	-0.0011	508.0000	508.6517	1.0339	9.4816	99.9498	40.0222	0.8230	0.8244	5.0000	-9999.0000	-9999.0000	-9999.0000	-9999.0000	-9999.0000	-9999.0000	20.8519	4	0	23.7029	1.0000	11	4	-9999.0000	27055	64026	-9999	1746	1637	-9999	333.4250	5	0.6555	0.6654	-0.0011	49.4500	2.3745	491.2685	297.5705	37.1687	457.8655	95.7774	485.5207	95.2721	490.6817	94.9646	494.8550	94.7230	
25/08/2017	00:00:25	019004	G523104911HLR	L523	S		435.0261	1.0233	10.0000	100.1114	39.9450	0.8230	0.8276	5.0000	19.9827	508.0554	94.8548	9.0713	24.2000	0.9300	0.9274	0.6647	-0.0010	508.0000	509.0382	1.0339	9.4348	99.9487	39.7827	0.8230	0.8242	5.0000	-9999.0000	-9999.0000	-9999.0000	-9999.0000	-9999.0000	-9999.0000	20.4124	5	0	24.5623	1.0000	11	4	-9999.0000	27056	64027	-9999	1747	1638	-9999	333.2147	5	0.6557	0.6647	-0.0010	49.1661	2.4082	489.3161	289.0682	37.5860	454.8679	95.4698	483.1478	95.0305	488.6946	94.7669	492.8917	94.6790	
25/08/2017	00:00:49	019004	G523104785HLR	L523	S		423.9147	1.0233	10.0000	99.9441	39.7462	0.8230	0.8273	5.0000	19.9112	508.0732	95.0085	13.8013	24.3000	0.9300	0.9276	0.6645	-0.0010	508.0000	507.7115	1.0339	9.4286	100.0637	39.7435	0.8230	0.8245	5.0000	-9999.0000	-9999.0000	-9999.0000	-9999.0000	-9999.0000	-9999.0000	21.1517	6	0	23.7329	1.0000	11	4	-9999.0000	27057	64028	-9999	1748	1639	-9999	330.8683	5	0.6555	0.6645	-0.0010	48.8409	2.4586	472.0190	285.6630	37.6519	442.2388	95.5797	466.9379	95.1184	471.5318	95.0305	475.4782	94.7889	
25/08/2017	00:01:13	019004	G523104843HLR	L523	S		415.4525	1.0233	10.0000	99.8950	39.7145	0.8230	0.8277	5.0000	19.7228	0.0000	0.0000	0.0000	0.0000	0.9300	0.0000	0.0000	0.0000	0.0000	436.1463	1.0339	2.9475	100.0749	40.0512	0.8230	0.8249	5.0000	-9999.0000	-9999.0000	-9999.0000	-9999.0000	-9999.0000	-9999.0000	20.5217	7	7	24.3827	1.0000	11	4	-9999.0000	27058	0	-9999	1749	1640	-9999	0.0000	0	0.0000	0.0000	0.0000	0.0000	0.0000	0.0000	0.0000	0.0000	0.0000	0.0000	0.0000	0.0000	0.0000	0.0000	0.0000	0.0000	
25/08/2017	00:01:37	019004	G523104786HLR	L523	S		436.8888	1.0233	10.0000	99.9905	39.9487	0.8230	0.8281	5.0000	19.8919	508.0754	94.9207	9.2608	24.2000	0.9300	0.9274	0.6624	-0.0008	508.0000	508.0893	1.0339	9.4628	100.0395	40.0781	0.8230	0.8245	5.0000	-9999.0000	-9999.0000	-9999.0000	-9999.0000	-9999.0000	-9999.0000	21.0131	8	0	24.1031	1.0000	11	4	-9999.0000	27059	64029	-9999	1750	1641	-9999	332.9771	5	0.6551	0.6624	-0.0008	50.9685	2.2717	489.3841	264.8099	37.9155	452.5862	95.3161	482.7948	95.2941	488.8269	95.4479	493.4343	95.0525	
25/08/2017	00:02:03	019004	G523104780HLR	L523	S		437.7346	1.0233	10.0000	99.8632	39.9665	0.8230	0.8278	5.0000	19.7921	508.0650	94.9207	8.6006	24.2000	0.9300	0.9274	0.6619	-0.0007	508.0000	508.4578	1.0339	9.4962	100.1063	39.8306	0.8230	0.8242	5.0000	-9999.0000	-9999.0000	-9999.0000	-9999.0000	-9999.0000	-9999.0000	20.7415	1	0	25.1523	1.0000	11	4	-9999.0000	27060	64030	-9999	1751	1642	-9999	333.1498	5	0.6550	0.6619	-0.0007	50.8642	2.3063	492.6799	292.5452	37.4762	458.8166	95.6017	487.0398	94.9866	492.1082	94.7669	495.7499	94.5472	
25/08/2017	00:02:26	019004	G523104782HLR	L523	S		435.6004	1.0233	10.0000	100.0284	39.8252	0.8230	0.8274	5.0000	20.0217	508.0384	95.0305	9.6515	24.2000	0.9300	0.9274	0.6622	-0.0008	508.0000	507.8742	1.0339	9.4433	100.0828	39.7521	0.8230	0.8244	5.0000	-9999.0000	-9999.0000	-9999.0000	-9999.0000	-9999.0000	-9999.0000	21.5824	2	0	23.6628	1.0000	11	4	-9999.0000	27061	64031	-9999	1752	1643	-9999	332.7464	5	0.6547	0.6622	-0.0008	49.8172	2.4434	487.1740	292.9691	37.8716	456.5412	94.7010	481.6087	94.1957	486.5957	93.9980	491.0234	94.4154	
25/08/2017	00:02:50	019004	G523104775HLR	L523	S		437.4567	1.0233	10.0000	100.0729	39.7083	0.8230	0.8275	5.0000	19.8518	508.0659	94.8767	8.1904	24.2000	0.9300	0.9275	0.6622	-0.0008	508.0000	508.8523	1.0339	9.4573	100.0728	39.9845	0.8230	0.8249	5.0000	-9999.0000	-9999.0000	-9999.0000	-9999.0000	-9999.0000	-9999.0000	20.3821	3	0	24.2028	1.0000	11	4	-9999.0000	27062	64032	-9999	1753	1644	-9999	333.3325	5	0.6547	0.6622	-0.0008	49.8172	2.4434	492.2898	290.3894	38.2231	457.3855	95.0744	486.1744	94.8108	491.7065	94.7010	495.8725	94.7230	
25/08/2017	00:03:14	019004	G523104772HLR	L523	S		439.2664	1.0233	10.0000	100.0790	39.8461	0.8230	0.8279	5.0000	20.0519	508.0473	94.8987	8.3213	24.3000	0.9300	0.9275	0.6626	-0.0008	508.0000	507.8316	1.0339	9.4395	100.0028	40.0572	0.8230	0.8246	5.0000	-9999.0000	-9999.0000	-9999.0000	-9999.0000	-9999.0000	-9999.0000	20.5325	4	0	23.6522	1.0000	11	4	-9999.0000	27063	64033	-9999	1754	1645	-9999	333.3198	5	0.6547	0.6626	-0.0008	48.9957	2.5058	492.2428	289.3835	36.7732	457.1976	95.3161	487.1759	94.7230	491.8643	94.5033	495.6470	94.5472	
25/08/2017	00:03:38	019004	G523104765HLR	L523	S		439.6703	1.0233	10.0000	100.0689	39.9487	0.8230	0.8279	5.0000	20.0316	508.0395	94.8767	8.3613	24.2000	0.9300	0.9273	0.6620	-0.0007	508.0000	508.6321	1.0339	9.4840	99.9460	39.8461	0.8230	0.8243	5.0000	-9999.0000	-9999.0000	-9999.0000	-9999.0000	-9999.0000	-9999.0000	20.3626	5	0	24.3132	1.0000	11	4	-9999.0000	27064	64034	-9999	1755	1646	-9999	333.2340	5	0.6549	0.6620	-0.0007	48.4964	2.5634	493.2038	286.9188	38.1352	462.7236	95.2941	487.9995	94.9426	492.6951	94.7230	496.5812	94.6790	
25/08/2017	00:04:02	019004	G523104760HLR	L523	S		439.1858	1.0233	10.0000	100.0864	39.9487	0.8230	0.8275	5.0000	20.1321	508.0595	95.2062	11.6517	24.2000	0.9300	0.9275	0.6619	-0.0007	508.0000	513.5184	1.0339	8.8922	99.9370	39.7730	0.8230	0.8245	5.0000	-9999.0000	-9999.0000	-9999.0000	-9999.0000	-9999.0000	-9999.0000	20.7024	6	2	24.0222	1.0000	11	4	-9999.0000	27065	64035	-9999	1756	1647	-9999	332.0503	5	0.6549	0.6619	-0.0007	48.7507	2.5386	474.3406	295.9316	40.4857	434.1260	95.5358	462.8016	95.0744	473.3923	94.9866	479.8649	94.6351	
25/08/2017	00:04:29	019004	G523104756HLR	L523	S		438.6759	1.0233	10.0000	100.0107	39.7632	0.8230	0.8273	5.0000	20.1917	508.0498	94.9426	9.4210	24.2000	0.9300	0.9276	0.6562	-0.0001	508.0000	509.0378	1.0339	9.4349	100.0773	39.9487	0.8230	0.8248	5.0000	-9999.0000	-9999.0000	-9999.0000	-9999.0000	-9999.0000	-9999.0000	20.7327	7	0	26.7130	1.0000	11	4	-9999.0000	27066	64036	-9999	1757	1648	-9999	332.8459	5	0.6547	0.6562	-0.0001	50.1038	2.4213	493.3062	290.5298	37.7618	460.5904	96.0190	488.2212	95.6236	492.8670	95.7335	495.9668	95.0964	
25/08/2017	00:04:53	019004	G523104751HLR	L523	S		435.0587	1.0233	10.0000	99.9936	39.7388	0.8230	0.8277	5.0000	19.9124	508.0440	94.8987	9.1114	24.2000	0.9300	0.9275	0.6613	-0.0007	508.0000	507.3580	1.0339	9.3966	99.9886	39.9968	0.8230	0.8242	5.0000	-9999.0000	-9999.0000	-9999.0000	-9999.0000	-9999.0000	-9999.0000	23.1227	8	0	24.1227	1.0000	11	4	-9999.0000	27067	64037	-9999	1758	1649	-9999	332.8638	5	0.6548	0.6613	-0.0007	49.0692	2.5235	490.3529	280.8040	37.7398	457.0949	95.9312	485.1899	95.3820	489.8590	95.1623	493.4569	94.7230	
25/08/2017	00:05:17	019004	G523104746HLR	L523	S		433.6781	1.0233	10.0000	99.9760	39.9235	0.8230	0.8280	5.0000	20.2326	508.0758	94.8767	9.2510	24.2000	0.9300	0.9273	0.6612	-0.0007	508.0000	507.6194	1.0339	9.4202	100.0378	39.8461	0.8230	0.8243	5.0000	-9999.0000	-9999.0000	-9999.0000	-9999.0000	-9999.0000	-9999.0000	20.8324	1	0	23.8826	1.0000	11	4	-9999.0000	27068	64038	-9999	1759	1650	-9999	332.7904	5	0.6549	0.6612	-0.0007	48.6804	2.5379	488.9164	284.9695	37.6080	455.9496	95.5577	482.9803	95.1403	488.5437	94.9866	492.7367	94.7010	
25/08/2017	00:05:41	019004	G523104747HLR	L523	S		433.3701	1.0233	10.0000	99.9194	39.9501	0.8230	0.8278	5.0000	20.1419	508.0503	95.0525	10.5412	24.2000	0.9300	0.9274	0.6613	-0.0007	508.0000	508.3270	1.0339	9.4843	100.0393	39.8308	0.8230	0.8245	5.0000	-9999.0000	-9999.0000	-9999.0000	-9999.0000	-9999.0000	-9999.0000	20.4817	2	0	23.4430	1.0000	11	4	-9999.0000	27069	64039	-9999	1759	1651	-9999	332.3269	5	0.6542	0.6613	-0.0007	49.4938	2.4188	486.7279	282.1925	37.0588	446.9907	95.6236	480.9732	95.2721	486.3062	95.0085	489.9169	94.7889	
25/08/2017	00:06:08	019004	G523104743HLR	L523	S		433.0932	1.0233	10.0000	100.0684	39.8475	0.8230	0.8275	5.0000	19.9220	508.0471	94.8767	10.0011	24.1000	0.9300	0.9274	0.6611	-0.0007	508.0000	506.8678	1.0339	9.3522	100.0236	39.9487	0.8230	0.8248	5.0000	-9999.0000	-9999.0000	-9999.0000	-9999.0000	-9999.0000	-9999.0000	20.1418	3	0	26.9532	1.0000	11	4	-9999.0000	27070	64040	-9999	1760	1652	-9999	332.4551	5	0.6541	0.6611	-0.0007	59.1111	1.3251	488.2255	302.9254	38.5965	454.8966	95.8433	482.1922	95.5138	487.6341	95.4698	492.1946	94.9426	
25/08/2017	00:06:31	019004	G523106890HLR	L523	S		434.6978	1.0233	10.0000	100.1515	39.7323	0.8230	0.8275	5.0000	19.7619	508.0518	94.8767	10.3410	24.1000	0.9300	0.9273	0.6615	-0.0007	508.0000	508.1733	1.0339	9.4704	100.0380	40.0328	0.8230	0.8247	5.0000	-9999.0000	-9999.0000	-9999.0000	-9999.0000	-9999.0000	-9999.0000	20.1624	4	0	23.9519	1.0000	11	4	-9999.0000	27071	64041	-9999	1761	1653	-9999	332.4312	5	0.6542	0.6615	-0.0007	58.7754	1.3458	487.5407	287.4000	36.7073	453.2839	95.8433	481.3233	95.4479	487.0503	95.4039	490.9314	94.8767	
25/08/2017	00:06:55	019004	G523106895HLR	L523	S		432.3144	1.0233	10.0000	100.0953	39.8461	0.8230	0.8280	5.0000	19.8517	508.0640	94.8548	10.1515	24.1000	0.9300	0.9274	0.6575	-0.0002	508.0000	508.7021	1.0339	9.4755	100.0513	39.8862	0.8230	0.8243	5.0000	-9999.0000	-9999.0000	-9999.0000	-9999.0000	-9999.0000	-9999.0000	20.6429	5	0	23.7732	1.0000	11	4	-9999.0000	27072	64042	-9999	1762	1654	-9999	332.8588	5	0.6546	0.6575	-0.0002	58.8190	1.3691	488.6207	288.3311	36.5975	454.4358	95.6676	483.1122	95.2502	488.0491	95.2282	491.9800	94.7889	
25/08/2017	00:07:19	019004	G523106904HLR	L523	S		434.2423	1.0233	10.0000	100.0374	39.9487	0.8230	0.8280	5.0000	19.7121	508.0849	94.8108	9.7003	24.2000	0.9300	0.9275	0.6613	-0.0007	508.0000	507.3483	1.0339	9.3957	99.9795	39.8048	0.8230	0.8246	5.0000	-9999.0000	-9999.0000	-9999.0000	-9999.0000	-9999.0000	-9999.0000	19.8225	6	0	23.7829	1.0000	11	4	-9999.0000	27073	64043	-9999	1763	1655	-9999	332.7014	5	0.6545	0.6613	-0.0007	56.8689	1.6040	488.4771	283.9906	38.4647	455.0340	95.2062	482.8514	94.9207	487.8311	94.8987	492.3259	94.6351	
25/08/2017	00:07:47	019004	G523106899HLR	L523	S		422.2199	1.0233	10.0000	100.1739	39.9229	0.8230	0.8277	5.0000	19.8518	508.0357	95.0305	14.9812	24.2000	0.9300	0.9275	0.6598	-0.0005	508.0000	509.0404	1.0339	9.4346	100.0054	39.8819	0.8230	0.8248	5.0000	-9999.0000	-9999.0000	-9999.0000	-9999.0000	-9999.0000	-9999.0000	20.4924	7	0	28.3829	1.0000	11	4	-9999.0000	27074	64044	-9999	1764	1656	-9999	331.4355	5	0.6545	0.6598	-0.0005	56.3713	1.6662	472.8566	283.7251	37.9375	441.4847	95.6676	467.3712	95.3161	472.4262	95.1843	475.6182	94.7669	
25/08/2017	00:08:11	019004	G523104750HLR	L523	S		432.6601	1.0233	10.0000	99.8835	39.7716	0.8230	0.8275	5.0000	19.7425	508.0527	94.9426	9.7618	24.1000	0.9300	0.9273	0.6607	-0.0006	508.0000	508.0275	1.0339	9.4572	100.0243	39.9540	0.8230	0.8242	5.0000	-9999.0000	-9999.0000	-9999.0000	-9999.0000	-9999.0000	-9999.0000	24.7624	8	0	23.4627	1.0000	11	4	-9999.0000	27075	64045	-9999	1765	1657	-9999	332.7164	5	0.6544	0.6607	-0.0006	56.4760	1.6558	488.3806	292.8203	37.6959	455.0543	96.0410	481.7377	95.5797	487.7895	95.5358	491.5491	95.0964	
25/08/2017	00:08:35	019004	G523106901HLR	L523	S		432.7429	1.0233	10.0000	100.1649	39.7710	0.8230	0.8278	5.0000	19.8722	508.0644	94.9646	9.5010	24.2000	0.9300	0.9274	0.6628	-0.0008	508.0000	507.3732	1.0339	9.3980	100.0064	39.9079	0.8230	0.8244	5.0000	-9999.0000	-9999.0000	-9999.0000	-9999.0000	-9999.0000	-9999.0000	20.1722	1	0	24.4725	1.0000	11	4	-9999.0000	27076	64046	-9999	1766	1658	-9999	332.8450	5	0.6543	0.6628	-0.0008	52.1545	2.1181	488.6154	298.3941	36.2900	455.5832	95.5358	482.3764	95.0744	488.0854	94.9207	491.3662	94.6351	
25/08/2017	00:09:02	019004	G523106902HLR	L523	S		429.1594	1.0233	10.0000	100.0009	39.8537	0.8230	0.8279	5.0000	20.0920	508.0453	94.9866	11.8705	24.3000	0.9300	0.9277	0.6613	-0.0007	508.0000	507.9079	1.0339	9.4464	100.0837	39.8205	0.8230	0.8244	5.0000	-9999.0000	-9999.0000	-9999.0000	-9999.0000	-9999.0000	-9999.0000	21.0922	2	0	26.6328	1.0000	11	4	-9999.0000	27077	64047	-9999	1767	1659	-9999	332.0549	5	0.6543	0.6613	-0.0007	56.0715	1.7385	481.4407	289.6988	38.1133	447.6767	95.2282	475.4039	94.9207	480.9232	94.7889	484.6564	94.6571	
25/08/2017	00:09:26	019004	G523106910HLR	L523	S		431.6741	1.0233	10.0000	99.9597	39.9487	0.8230	0.8278	5.0000	20.1223	508.0434	94.7669	11.5511	24.2000	0.9300	0.9276	0.6668	-0.0012	508.0000	507.3064	1.0339	9.3919	100.0317	39.8578	0.8230	0.8244	5.0000	-9999.0000	-9999.0000	-9999.0000	-9999.0000	-9999.0000	-9999.0000	23.3326	3	0	24.3826	1.0000	11	4	-9999.0000	27078	64048	-9999	1768	1660	-9999	331.7191	5	0.6539	0.6668	-0.0012	49.8950	2.3901	481.0122	292.4388	37.6739	447.5995	95.4918	474.7048	95.2062	480.4545	95.2721	483.9014	94.9866	
25/08/2017	00:09:51	019004	G523106906HLR	L523	S		433.1242	1.0233	10.0000	99.8843	39.8791	0.8230	0.8276	5.0000	19.7922	508.0501	94.8987	10.5217	24.2000	0.9300	0.9274	0.6626	-0.0008	508.0000	508.2148	1.0339	9.4742	100.0103	40.0250	0.8230	0.8247	5.0000	-9999.0000	-9999.0000	-9999.0000	-9999.0000	-9999.0000	-9999.0000	20.2717	4	0	24.3132	1.0000	11	4	-9999.0000	27079	64049	-9999	1769	1661	-9999	332.5238	5	0.6546	0.6626	-0.0008	49.4691	2.4791	485.6009	281.5926	36.2680	449.7996	95.5577	480.1216	95.2282	485.1420	95.2502	489.6428	94.9646	
25/08/2017	00:10:15	019004	G523106914HLR	L523	S		433.5398	1.0233	10.0000	99.9242	39.7788	0.8230	0.8276	5.0000	19.7922	508.0768	94.8767	10.3517	24.2000	0.9300	0.9275	0.6635	-0.0008	508.0000	507.7063	1.0339	9.4281	99.9892	39.9161	0.8230	0.8243	5.0000	-9999.0000	-9999.0000	-9999.0000	-9999.0000	-9999.0000	-9999.0000	20.9925	5	0	24.1629	1.0000	11	4	-9999.0000	27080	64050	-9999	1770	1662	-9999	332.7109	5	0.6548	0.6635	-0.0008	51.2467	2.3456	486.3195	285.7968	36.3998	450.6684	95.8653	480.5994	95.2721	485.9452	95.2502	489.9540	94.8548	
25/08/2017	00:10:39	019004	G523102190HLR	L523	S		433.7938	1.0233	10.0000	99.9767	39.7435	0.8230	0.8278	5.0000	20.1625	508.0515	94.7889	10.2912	24.1000	0.9300	0.9273	0.6631	-0.0008	508.0000	510.5861	1.0339	9.2474	100.0187	39.8205	0.8230	0.8244	5.0000	-9999.0000	-9999.0000	-9999.0000	-9999.0000	-9999.0000	-9999.0000	20.3421	6	0	24.2821	1.0000	11	4	-9999.0000	27081	64051	-9999	1771	1663	-9999	332.7142	5	0.6545	0.6631	-0.0008	51.6468	2.3082	485.9360	296.3351	37.6080	450.6969	95.0305	479.6990	94.7230	485.1964	94.7449	489.7970	94.6790	
25/08/2017	00:11:03	019004	G523106922HLR	L523	S		431.8994	1.0233	10.0000	100.0167	39.9456	0.8230	0.8280	5.0000	19.8118	508.0319	94.8548	10.6418	24.2000	0.9300	0.9274	0.6631	-0.0008	508.0000	508.5661	1.0339	9.4920	100.0577	39.8461	0.8230	0.8247	5.0000	-9999.0000	-9999.0000	-9999.0000	-9999.0000	-9999.0000	-9999.0000	20.9720	7	0	24.1832	1.0000	11	4	-9999.0000	27082	64052	-9999	1772	1664	-9999	332.5557	5	0.6544	0.6631	-0.0008	51.3857	2.2976	484.6612	306.0622	38.5965	453.7125	95.1403	479.9349	94.8987	484.1040	94.8767	488.3180	94.6571	
25/08/2017	00:11:27	019004	G523105218HLR	L523	S		434.0678	1.0233	10.0000	99.9932	39.9487	0.8230	0.8275	5.0000	21.0728	508.0650	94.8108	10.2511	24.2000	0.9300	0.9276	0.6632	-0.0008	508.0000	508.1280	1.0339	9.4663	100.0671	40.0512	0.8230	0.8247	5.0000	-9999.0000	-9999.0000	-9999.0000	-9999.0000	-9999.0000	-9999.0000	20.8118	8	0	23.7322	1.0000	11	3	-9999.0000	27083	64053	-9999	1773	1665	-9999	332.7641	5	0.6544	0.6632	-0.0008	51.4220	2.2960	487.0447	292.0558	37.5860	454.8303	95.1403	481.0741	94.9646	486.6792	94.9426	490.1515	94.7449	
25/08/2017	00:11:53	019004	G523105221HLR	L523	S		426.8734	1.0233	10.0000	99.9361	39.7648	0.8230	0.8274	5.0000	19.9417	508.0535	94.8767	12.4916	24.3000	0.9300	0.9277	0.6630	-0.0008	508.0000	508.6232	1.0339	9.4851	100.0075	39.9882	0.8230	0.8245	5.0000	-9999.0000	-9999.0000	-9999.0000	-9999.0000	-9999.0000	-9999.0000	20.4223	1	0	26.4834	1.0000	11	3	-9999.0000	27084	64054	-9999	1774	1666	-9999	331.8507	5	0.6544	0.6630	-0.0008	51.3849	2.2951	479.4012	287.5743	36.3998	447.2317	95.4479	473.7879	95.1403	478.8589	95.1843	482.3301	94.7889	
25/08/2017	00:12:18	019004	G523105225HLR	L523	S		430.6340	1.0233	10.0000	100.1105	39.7276	0.8230	0.8277	5.0000	19.9719	508.0424	94.8328	11.6517	24.2000	0.9300	0.9275	0.6633	-0.0008	508.0000	507.8617	1.0339	9.4422	100.0420	39.7695	0.8230	0.8240	5.0000	-9999.0000	-9999.0000	-9999.0000	-9999.0000	-9999.0000	-9999.0000	22.9446	2	0	24.0320	1.0000	11	3	-9999.0000	27085	64055	-9999	1775	1667	-9999	332.1857	5	0.6541	0.6633	-0.0008	52.6208	2.2150	481.5379	286.9206	37.8057	449.7044	95.4259	475.5192	95.0525	481.1825	95.0305	485.0783	94.9646	
25/08/2017	00:12:47	019004	G523105228HLR	L523	S		430.4586	1.0233	10.0000	100.1377	39.8559	0.8230	0.8281	5.0000	19.9719	508.0450	94.8548	10.8616	24.2000	0.9300	0.9275	0.6634	-0.0008	508.0000	507.6925	1.0339	9.4269	99.9482	39.8461	0.8230	0.8247	5.0000	-9999.0000	-9999.0000	-9999.0000	-9999.0000	-9999.0000	-9999.0000	20.7328	3	0	24.1628	1.0000	11	3	-9999.0000	27086	64056	-9999	1776	1667	-9999	332.5256	5	0.6541	0.6634	-0.0008	52.0700	2.2574	483.1120	288.0549	36.7293	450.5700	95.9531	477.2464	95.3600	482.5677	95.2941	486.9275	94.9646	
25/08/2017	00:13:06	019004	G523105231HLR	L523	S		433.9845	1.0233	10.0000	99.9650	39.9749	0.8230	0.8279	5.0000	20.1020	508.0617	94.8108	9.5216	24.2000	0.9300	0.9274	0.6631	-0.0008	508.0000	508.7192	1.0339	9.4735	100.0268	40.0512	0.8230	0.8249	5.0000	-9999.0000	-9999.0000	-9999.0000	-9999.0000	-9999.0000	-9999.0000	20.4221	4	0	24.3026	1.0000	11	3	-9999.0000	27087	64057	-9999	1777	1668	-9999	333.0525	5	0.6540	0.6631	-0.0008	52.2676	2.2361	487.9614	296.1499	37.3664	454.3748	95.4479	482.3083	95.0525	487.4783	95.0085	491.9691	94.7889	
25/08/2017	00:13:30	019004	G523105224HLR	L523	S		430.3382	1.0233	10.0000	100.0926	39.8899	0.8230	0.8275	5.0000	20.0228	508.0845	95.0085	10.8606	24.2000	0.9300	0.9274	0.6646	-0.0010	508.0000	507.8695	1.0339	9.4429	100.0324	40.0093	0.8230	0.8244	5.0000	-9999.0000	-9999.0000	-9999.0000	-9999.0000	-9999.0000	-9999.0000	20.9923	5	0	24.4031	1.0000	11	3	-9999.0000	27088	64058	-9999	1778	1669	-9999	332.4895	5	0.6541	0.6646	-0.0010	54.6174	2.0210	481.4418	284.1267	36.8391	447.6183	94.8548	475.1587	94.3935	480.7899	94.1957	484.9790	94.3935	
25/08/2017	00:13:55	019004	G523105215HLR	L523	S		436.5992	1.0233	10.0000	100.0116	39.7188	0.8230	0.8274	5.0000	20.0505	508.0740	94.8767	9.8409	24.2000	0.9300	0.9275	0.6650	-0.0010	508.0000	507.5975	1.0339	9.4183	100.0179	39.8201	0.8230	0.8242	5.0000	-9999.0000	-9999.0000	-9999.0000	-9999.0000	-9999.0000	-9999.0000	20.7025	6	0	24.3426	1.0000	11	3	-9999.0000	27089	64059	-9999	1779	1670	-9999	333.0556	5	0.6540	0.6650	-0.0010	53.7644	2.0775	486.4918	288.3162	37.8716	453.3317	95.0525	480.3633	94.8108	485.9295	94.9207	489.7710	94.7669	
25/08/2017	00:14:19	019004	G523105213HLR	L523	S		430.4745	1.0233	10.0000	100.0091	39.7554	0.8230	0.8279	5.0000	20.1624	508.0312	94.8328	11.2307	24.3000	0.9300	0.9277	0.6643	-0.0009	508.0000	508.2240	1.0339	9.4750	100.0568	39.8461	0.8230	0.8247	5.0000	-9999.0000	-9999.0000	-9999.0000	-9999.0000	-9999.0000	-9999.0000	20.4026	7	0	24.1325	1.0000	11	3	-9999.0000	27090	64060	-9999	1780	1671	-9999	332.3295	5	0.6539	0.6643	-0.0009	49.6575	2.4496	481.1991	262.8018	36.2241	448.0460	95.3161	474.7747	94.9866	480.6431	94.9646	484.6082	94.7010	
25/08/2017	00:14:45	019004	G523105210HLR	L523	S		427.4009	1.0233	10.0000	100.0010	39.9487	0.8230	0.8281	5.0000	19.7618	508.0447	94.7449	11.4612	24.3000	0.9300	0.9277	0.6620	-0.0007	508.0000	507.5182	1.0339	9.4111	100.0217	40.0062	0.8230	0.8248	5.0000	-9999.0000	-9999.0000	-9999.0000	-9999.0000	-9999.0000	-9999.0000	20.7316	8	0	25.8936	1.0000	11	3	-9999.0000	27091	64061	-9999	1781	1672	-9999	332.2156	5	0.6540	0.6620	-0.0007	54.5694	2.0093	482.1475	285.6355	36.5975	448.9374	95.6895	475.3759	95.3600	481.6714	95.4039	485.8042	95.0085	
25/08/2017	00:15:09	019004	G523105208HLR	L523	S		427.7423	1.0233	10.0000	99.9699	39.9540	0.8230	0.8278	5.0000	19.8517	508.0353	94.7449	11.3216	24.2000	0.9300	0.9275	0.6619	-0.0007	508.0000	507.0180	1.0339	9.3658	100.0045	39.9784	0.8230	0.8242	5.0000	-9999.0000	-9999.0000	-9999.0000	-9999.0000	-9999.0000	-9999.0000	22.5621	1	0	24.1823	1.0000	11	3	-9999.0000	27092	64062	-9999	1782	1673	-9999	332.2615	5	0.6541	0.6619	-0.0007	50.7457	2.3985	482.6968	287.9176	37.7398	451.1163	95.7335	476.1389	95.3820	482.0765	95.3380	486.0685	94.9866	
25/08/2017	00:15:33	019004	G523104871HLR	L523	S		424.8589	1.0233	10.0000	100.0173	39.7917	0.8230	0.8275	5.0000	19.9922	508.0813	94.7889	12.6313	24.2000	0.9300	0.9275	0.6637	-0.0009	508.0000	508.4382	1.0339	9.4944	100.0158	39.8295	0.8230	0.8243	5.0000	-9999.0000	-9999.0000	-9999.0000	-9999.0000	-9999.0000	-9999.0000	20.8324	2	0	23.6931	1.0000	11	3	-9999.0000	27093	64063	-9999	1783	1674	-9999	331.7540	5	0.6543	0.6637	-0.0009	46.6673	2.7614	477.1924	289.7860	37.6519	445.1254	95.1623	470.8620	94.8548	476.6400	94.9207	480.9496	94.8328	
25/08/2017	00:15:57	019004	G523104865HLR	L523	S		425.3050	1.0233	10.0000	100.0427	39.7157	0.8230	0.8277	5.0000	19.9016	508.0631	94.7449	12.2816	24.1000	0.9300	0.9273	0.6632	-0.0008	508.0000	508.7146	1.0339	9.4740	99.9517	39.8461	0.8230	0.8246	5.0000	-9999.0000	-9999.0000	-9999.0000	-9999.0000	-9999.0000	-9999.0000	20.3919	3	0	23.9822	1.0000	11	3	-9999.0000	27094	64064	-9999	1784	1675	-9999	331.8778	5	0.6542	0.6632	-0.0008	49.8251	2.4955	479.0088	273.4892	37.5860	446.6993	95.0964	473.0621	94.7889	478.5702	94.8108	482.5838	94.8767	
25/08/2017	00:16:20	019004	G523104881HLR	L523	S		426.7320	1.0233	10.0000	100.0090	39.8461	0.8230	0.8281	5.0000	20.0022	508.0517	94.7889	11.2610	24.2000	0.9300	0.9274	0.6635	-0.0008	508.0000	507.9972	1.0339	9.4545	100.0267	39.9892	0.8230	0.8248	5.0000	-9999.0000	-9999.0000	-9999.0000	-9999.0000	-9999.0000	-9999.0000	20.6223	4	0	23.4431	1.0000	11	3	-9999.0000	27094	64065	-9999	1785	1676	-9999	332.3741	5	0.6544	0.6635	-0.0008	45.4357	2.8947	481.3934	293.6181	38.3549	448.1423	95.3600	475.3447	94.8987	480.8655	94.8328	485.5656	94.8108	
25/08/2017	00:16:45	019004	G523104879HLR	L523	S		428.6073	1.0233	10.0000	99.9098	39.9520	0.8230	0.8280	5.0000	19.9818	508.0591	94.7230	11.4720	24.3000	0.9300	0.9276	0.6637	-0.0008	508.0000	507.9282	1.0339	9.4482	100.0421	40.0291	0.8230	0.8246	5.0000	-9999.0000	-9999.0000	-9999.0000	-9999.0000	-9999.0000	-9999.0000	20.1428	5	0	25.1726	1.0000	11	3	-9999.0000	27095	64066	-9999	1786	1677	-9999	332.4091	5	0.6546	0.6637	-0.0008	43.8151	3.0438	481.0672	285.2932	37.3224	447.6090	95.1184	474.2883	94.7669	480.4958	94.8108	484.7514	94.7669	
25/08/2017	00:17:09	019004	G523104876HLR	L523	S		428.8237	1.0233	10.0000	100.0710	39.9243	0.8230	0.8276	5.0000	19.9622	508.0688	94.7230	11.0110	24.3000	0.9300	0.9277	0.6693	-0.0013	508.0000	507.9254	1.0339	9.4480	100.0447	39.8285	0.8230	0.8242	5.0000	-9999.0000	-9999.0000	-9999.0000	-9999.0000	-9999.0000	-9999.0000	21.4321	6	0	23.7429	1.0000	11	3	-9999.0000	27096	64067	-9999	1787	1678	-9999	332.6899	5	0.6543	0.6693	-0.0013	45.0729	2.9670	479.7729	290.9084	38.2451	446.3205	95.0525	472.7914	94.8767	479.1238	94.9426	483.6309	94.8548	
25/08/2017	00:17:33	019004	G523104857HLR	L523	S		432.4931	1.0233	10.0000	100.0349	39.7169	0.8230	0.8274	5.0000	19.9016	508.0406	94.7230	11.1819	24.2000	0.9300	0.9275	0.6697	-0.0014	508.0000	509.0115	1.0339	9.4380	100.0880	39.8461	0.8230	0.8246	5.0000	-9999.0000	-9999.0000	-9999.0000	-9999.0000	-9999.0000	-9999.0000	20.4426	7	0	23.7223	1.0000	11	3	-9999.0000	27097	64068	-9999	1788	1679	-9999	332.5328	5	0.6543	0.6697	-0.0014	28.7151	4.4090	481.1323	277.8825	36.5755	448.7446	95.2502	474.7418	94.8987	480.5092	94.8767	484.7400	94.8108	
25/08/2017	00:17:56	019004	G523104855HLR	L523	S		427.0918	1.0233	10.0000	100.1042	39.7352	0.8230	0.8279	5.0000	19.7923	508.0540	94.7010	11.2112	24.2000	0.9300	0.9275	0.6698	-0.0014	508.0000	507.5304	1.0339	9.4122	99.9829	39.9585	0.8230	0.8249	5.0000	-9999.0000	-9999.0000	-9999.0000	-9999.0000	-9999.0000	-9999.0000	20.3626	8	0	23.0925	1.0000	11	3	-9999.0000	27098	64069	-9999	1789	1680	-9999	332.4943	5	0.6543	0.6698	-0.0014	41.8487	3.3231	478.8239	276.7642	35.8067	445.1622	95.2282	471.2310	94.8987	478.1691	94.9426	483.1293	94.8548	
25/08/2017	00:18:43	019004	G523104844HLR	L523	S		426.6800	1.0233	10.0000	99.9172	39.9980	0.8230	0.8279	5.0000	19.8323	508.0843	94.6790	10.8108	24.4000	0.9300	0.9277	0.6699	-0.0014	508.0000	507.7032	1.0339	9.4278	99.9936	39.8672	0.8230	0.8241	5.0000	-9999.0000	-9999.0000	-9999.0000	-9999.0000	-9999.0000	-9999.0000	21.0630	2	0	22.9733	1.0000	11	3	-9999.0000	27100	64070	-9999	1791	1681	-9999	332.8675	5	0.6543	0.6699	-0.0014	30.5220	4.2969	480.3159	274.3699	38.5965	448.8170	94.7230	472.6438	94.8328	479.5486	94.9646	484.9980	94.8548	
25/08/2017	00:19:32	019004	G523104937HLR	L523	S		437.8542	1.0233	10.0000	99.8877	39.6770	0.8230	0.8275	5.0000	19.9220	508.0819	94.6351	9.4913	24.4000	0.9300	0.9276	0.6728	-0.0016	508.0000	509.0343	1.0339	9.4353	99.9451	39.8660	0.8230	0.8249	5.0000	-9999.0000	-9999.0000	-9999.0000	-9999.0000	-9999.0000	-9999.0000	20.3517	4	0	23.6930	1.0000	11	3	-9999.0000	27102	64071	-9999	1793	1682	-9999	334.0748	5	0.6541	0.6728	-0.0016	41.4690	3.3607	484.9924	263.8020	36.2900	448.3202	94.9426	477.2895	94.7669	484.2585	94.9207	489.0941	94.7449	
25/08/2017	00:19:56	019004	G523104938HLR	L523	S		436.7895	1.0233	10.0000	100.1581	39.7435	0.8230	0.8280	5.0000	19.8929	508.0608	94.7889	9.8907	24.3000	0.9300	0.9276	0.6728	-0.0016	508.0000	510.0947	1.0339	9.3069	99.9400	39.9487	0.8230	0.8247	5.0000	-9999.0000	-9999.0000	-9999.0000	-9999.0000	-9999.0000	-9999.0000	20.4320	5	0	24.2527	1.0000	11	3	-9999.0000	27103	64072	-9999	1794	1683	-9999	333.7297	5	0.6541	0.6728	-0.0016	41.4690	3.3607	484.7697	278.0752	38.6185	450.9364	95.2941	478.2940	94.9207	483.9821	94.6571	489.1207	94.6131	
25/08/2017	00:20:21	019004	G523104940HLR	L523	S		433.1985	1.0233	10.0000	100.0929	39.9487	0.8230	0.8282	5.0000	20.1331	508.0720	94.7449	10.7014	24.2000	0.9300	0.9273	0.6754	-0.0018	508.0000	509.9629	1.0339	9.3228	100.0488	39.8957	0.8230	0.8245	5.0000	-9999.0000	-9999.0000	-9999.0000	-9999.0000	-9999.0000	-9999.0000	20.8627	6	0	24.3220	1.0000	11	3	-9999.0000	27104	64073	-9999	1795	1684	-9999	333.2469	5	0.6543	0.6754	-0.0018	51.1753	2.5580	480.8737	275.0376	36.9490	446.0793	95.1843	473.2671	94.9207	480.2670	94.9426	485.1348	94.7449	
25/08/2017	00:20:44	019004	G523104923HLR	L523	S		434.4001	1.0233	10.0000	99.9328	39.9943	0.8230	0.8278	5.0000	19.7219	508.0476	94.6571	10.7913	24.2000	0.9300	0.9274	0.6754	-0.0018	508.0000	510.2627	1.0339	9.2865	100.0564	39.8365	0.8230	0.8244	5.0000	-9999.0000	-9999.0000	-9999.0000	-9999.0000	-9999.0000	-9999.0000	21.0423	7	0	23.5231	1.0000	11	3	-9999.0000	27105	64074	-9999	1796	1685	-9999	333.1222	5	0.6543	0.6754	-0.0018	51.1753	2.5580	480.4805	278.4432	37.9595	448.0957	95.6236	473.9171	95.4259	480.0079	95.3380	485.3549	94.8548	
25/08/2017	00:21:32	019004	G523104847HLR	L523	S		413.6573	1.0233	10.0000	100.2073	39.6557	0.8230	0.8276	5.0000	19.7718	0.0000	0.0000	0.0000	0.0000	0.9300	0.0000	0.0000	0.0000	0.0000	433.4690	1.0339	2.7050	100.0639	39.9710	0.8230	0.8244	5.0000	-9999.0000	-9999.0000	-9999.0000	-9999.0000	-9999.0000	-9999.0000	20.6124	1	7	23.7927	1.0000	11	3	-9999.0000	27107	0	-9999	1798	1686	-9999	0.0000	0	0.0000	0.0000	0.0000	0.0000	0.0000	0.0000	0.0000	0.0000	0.0000	0.0000	0.0000	0.0000	0.0000	0.0000	0.0000	0.0000	
25/08/2017	00:21:56	019004	G523104899HLR	L523	S		433.5261	1.0233	10.0000	100.0321	39.8498	0.8230	0.8282	5.0000	19.9829	508.0413	94.7449	9.7716	24.4000	0.9300	0.9278	0.6651	-0.0010	508.0000	508.5496	1.0339	9.4940	100.0582	39.5921	0.8230	0.8241	5.0000	-9999.0000	-9999.0000	-9999.0000	-9999.0000	-9999.0000	-9999.0000	20.4017	2	0	23.9930	1.0000	11	3	-9999.0000	27108	64075	-9999	1799	1687	-9999	333.1049	5	0.6544	0.6651	-0.0010	30.3783	4.3707	485.7820	269.5283	37.5860	450.7878	94.9866	479.1831	95.0964	485.1457	95.2282	489.6652	94.9426	
25/08/2017	00:22:21	019004	G523104935HLR	L523	S		433.6614	1.0233	10.0000	99.9900	40.0512	0.8230	0.8280	5.0000	20.0023	508.0754	94.7230	9.5108	24.3000	0.9300	0.9277	0.6610	-0.0006	508.0000	507.3942	1.0339	9.3999	99.9509	39.8344	0.8230	0.8251	5.0000	-9999.0000	-9999.0000	-9999.0000	-9999.0000	-9999.0000	-9999.0000	20.7219	3	0	24.7927	1.0000	11	3	-9999.0000	27109	64076	-9999	1800	1688	-9999	332.9711	5	0.6545	0.6610	-0.0006	27.5395	4.6298	488.5062	290.6518	36.0923	454.1137	95.6895	483.3024	95.0744	487.9676	94.8548	492.0673	94.7230	
25/08/2017	00:22:45	019004	G523104894HLR	L523	S		432.3133	1.0233	10.0000	100.1485	39.9190	0.8230	0.8274	5.0000	20.2024	508.0357	94.7669	11.3108	24.2000	0.9300	0.9275	0.6610	-0.0006	508.0000	508.9166	1.0339	9.4495	100.0344	40.2113	0.8230	0.8250	5.0000	-9999.0000	-9999.0000	-9999.0000	-9999.0000	-9999.0000	-9999.0000	21.3725	4	0	24.4829	1.0000	11	3	-9999.0000	27110	64077	-9999	1801	1689	-9999	332.3777	5	0.6545	0.6610	-0.0006	27.5395	4.6298	485.1964	283.9448	36.3339	450.5807	95.5797	480.0125	95.2282	484.7193	95.1843	487.8890	94.7449	
25/08/2017	00:23:09	019004	G523104895HLR	L523	S		432.4080	1.0233	10.0000	99.8911	39.6956	0.8230	0.8273	5.0000	20.1428	508.0445	94.7889	10.1212	24.1000	0.9300	0.9274	0.6610	-0.0006	508.0000	508.1037	1.0339	9.4641	100.0413	40.0955	0.8230	0.8244	5.0000	-9999.0000	-9999.0000	-9999.0000	-9999.0000	-9999.0000	-9999.0000	20.4329	5	0	23.7325	1.0000	11	3	-9999.0000	27111	64078	-9999	1802	1690	-9999	332.7567	5	0.6545	0.6610	-0.0006	27.5395	4.6298	487.1698	288.5710	36.7073	454.3673	95.9312	480.6251	95.5358	486.5357	95.5138	490.4423	95.0085	
25/08/2017	00:23:58	019004	G523104927HLR	L523	S		434.6282	1.0233	10.0000	100.0058	39.9487	0.8230	0.8282	5.0000	20.0218	508.0448	94.8108	8.9912	24.4000	0.9300	0.9276	0.6645	-0.0009	508.0000	507.9064	1.0339	9.4462	99.9782	39.6146	0.8230	0.8240	5.0000	-9999.0000	-9999.0000	-9999.0000	-9999.0000	-9999.0000	-9999.0000	22.5230	7	0	23.3826	1.0000	11	3	-9999.0000	27113	64079	-9999	1804	1691	-9999	333.3809	5	0.6547	0.6645	-0.0009	36.4513	3.8182	489.0644	275.8802	37.1247	454.2912	95.5358	481.8207	95.2502	488.2961	95.3380	492.6954	94.7669	
25/08/2017	00:24:22	019004	G523104926HLR	L523	S		433.4826	1.0233	10.0000	100.0872	40.0574	0.8230	0.8279	5.0000	19.8431	508.0474	94.8987	9.7814	24.4000	0.9300	0.9277	0.6674	-0.0012	508.0000	508.2027	1.0339	9.4731	99.9424	39.7435	0.8230	0.8250	5.0000	-9999.0000	-9999.0000	-9999.0000	-9999.0000	-9999.0000	-9999.0000	20.0119	8	0	23.6920	1.0000	11	3	-9999.0000	27113	64080	-9999	1805	1692	-9999	332.9860	5	0.6545	0.6674	-0.0012	43.4147	3.1102	486.4329	283.4060	38.1352	452.8298	95.3820	480.3586	94.8987	485.7666	94.6571	489.8623	94.6351	
25/08/2017	00:24:46	019004	G523104898HLR	L523	S		432.3279	1.0233	10.0000	100.1550	39.8426	0.8230	0.8271	5.0000	21.2329	508.0326	94.7449	11.2210	24.3000	0.9300	0.9277	0.6664	-0.0011	508.0000	507.5523	1.0339	9.4142	100.0528	40.1538	0.8230	0.8253	5.0000	-9999.0000	-9999.0000	-9999.0000	-9999.0000	-9999.0000	-9999.0000	20.3821	1	0	24.0028	1.0000	11	3	-9999.0000	27114	64081	-9999	1806	1693	-9999	332.1447	5	0.6547	0.6664	-0.0011	39.6986	3.4998	482.5887	288.5734	37.4542	448.3419	95.5358	475.7988	95.2282	481.9718	95.2502	485.8056	94.8108	
25/08/2017	00:25:10	019004	G523104893HLR	L523	S		433.0181	1.0233	10.0000	100.1265	39.6410	0.8230	0.8273	5.0000	20.4416	508.0637	94.6790	10.7912	24.3000	0.9300	0.9276	0.6664	-0.0011	508.0000	508.1307	1.0339	9.4666	99.9875	40.1280	0.8230	0.8246	5.0000	-9999.0000	-9999.0000	-9999.0000	-9999.0000	-9999.0000	-9999.0000	20.6223	2	0	24.0633	1.0000	11	3	-9999.0000	27114	64082	-9999	1807	1694	-9999	332.4239	5	0.6547	0.6664	-0.0011	39.6986	3.4998	484.6093	293.0183	37.8057	451.0365	95.9531	478.5122	95.6456	484.0334	95.5577	488.1363	94.9646	
25/08/2017	00:25:34	019004	G523104906HLR	L523	S		433.0684	1.0233	10.0000	100.1523	39.7435	0.8230	0.8280	5.0000	19.7629	508.0724	94.8108	9.6612	24.3000	0.9300	0.9274	0.6710	-0.0016	508.0000	508.5391	1.0339	9.4953	100.0008	39.8109	0.8230	0.8242	5.0000	-9999.0000	-9999.0000	-9999.0000	-9999.0000	-9999.0000	-9999.0000	20.2816	3	0	23.9919	1.0000	11	3	-9999.0000	27115	64083	-9999	1808	1694	-9999	333.0842	5	0.6548	0.6710	-0.0016	56.8786	1.7799	484.4595	291.5684	38.7503	454.6481	95.7115	477.4381	95.4479	483.8897	95.4039	488.7368	94.9646	
25/08/2017	00:25:57	019004	G523104931HLR	L523	S		432.3884	1.0233	10.0000	100.1424	40.0512	0.8230	0.8283	5.0000	19.7219	508.0765	94.8108	10.5109	24.2000	0.9300	0.9273	0.6723	-0.0017	508.0000	507.8466	1.0339	9.4408	100.0431	39.7341	0.8230	0.8245	5.0000	-9999.0000	-9999.0000	-9999.0000	-9999.0000	-9999.0000	-9999.0000	20.4026	4	0	23.7136	1.0000	11	3	-9999.0000	27116	64084	-9999	1809	1695	-9999	332.3008	5	0.6548	0.6723	-0.0017	57.4764	1.7277	481.7548	293.0314	39.2775	452.5653	95.5138	474.8270	95.0964	481.1039	94.9646	485.3357	94.6790	
25/08/2017	00:26:25	019004	G523104909HLR	L523	S		434.1413	1.0233	10.0000	100.0428	39.9945	0.8230	0.8276	5.0000	19.8928	508.0811	94.7669	9.6212	24.2000	0.9300	0.9273	0.6704	-0.0016	508.0000	508.6494	1.0339	9.4819	100.0698	39.9487	0.8230	0.8250	5.0000	-9999.0000	-9999.0000	-9999.0000	-9999.0000	-9999.0000	-9999.0000	20.4028	5	0	27.6426	1.0000	11	3	-9999.0000	27117	64085	-9999	1810	1696	-9999	333.0528	5	0.6546	0.6704	-0.0016	61.4269	1.3361	485.6372	294.2244	36.9929	452.0156	95.2721	478.3959	95.0525	484.9222	95.0525	489.2724	94.7669	
25/08/2017	00:26:49	019004	G523104883HLR	L523	S		425.6307	1.0233	10.0000	99.8784	39.7515	0.8230	0.8272	5.0000	20.1421	508.0847	94.8548	11.4710	24.2000	0.9300	0.9274	0.6691	-0.0014	508.0000	507.4712	1.0339	9.4068	100.0196	39.9978	0.8230	0.8241	5.0000	-9999.0000	-9999.0000	-9999.0000	-9999.0000	-9999.0000	-9999.0000	24.2722	6	0	23.6424	1.0000	11	3	-9999.0000	27118	64086	-9999	1811	1697	-9999	331.7787	5	0.6546	0.6691	-0.0014	63.1939	1.1655	477.6000	277.4617	37.3444	445.3981	95.4259	471.6913	95.0744	476.9739	94.8767	481.3800	94.6571	
25/08/2017	00:27:13	019004	G523104908HLR	L523	S		432.4960	1.0233	10.0000	100.0091	39.6410	0.8230	0.8275	5.0000	20.8119	508.0635	94.8108	10.7405	24.2000	0.9300	0.9274	0.6679	-0.0013	508.0000	508.5871	1.0339	9.4895	99.9194	39.8318	0.8230	0.8243	5.0000	-9999.0000	-9999.0000	-9999.0000	-9999.0000	-9999.0000	-9999.0000	20.3323	7	0	23.8727	1.0000	11	3	-9999.0000	27119	64087	-9999	1812	1698	-9999	332.3290	5	0.6547	0.6679	-0.0013	65.2096	0.9674	482.7995	282.9355	40.7493	453.2234	95.4039	476.0329	95.2062	482.1482	95.2282	486.7369	94.9866	
25/08/2017	00:27:36	019004	G523104912HLR	L523	S		434.3035	1.0233	10.0000	99.9737	39.8461	0.8230	0.8281	5.0000	20.6724	508.0452	94.7449	10.9309	24.1000	0.9300	0.9272	0.6673	-0.0012	508.0000	508.7366	1.0339	9.4713	100.0514	39.7738	0.8230	0.8246	5.0000	-9999.0000	-9999.0000	-9999.0000	-9999.0000	-9999.0000	-9999.0000	20.4720	8	0	23.8826	1.0000	11	3	-9999.0000	27120	64088	-9999	1813	1699	-9999	332.2430	5	0.6549	0.6673	-0.0012	65.4077	0.9466	484.2596	282.3389	38.1572	454.1423	95.6236	477.2292	95.2941	483.6997	95.2062	486.8186	94.8767	
25/08/2017	00:28:00	019004	G523104790HLR	L523	S		433.2296	1.0233	10.0000	100.1705	40.0512	0.8230	0.8281	5.0000	20.0921	508.0564	94.7449	10.2306	24.1000	0.9300	0.9272	0.6661	-0.0011	508.0000	509.5475	1.0339	9.3731	100.0470	39.9800	0.8230	0.8249	5.0000	-9999.0000	-9999.0000	-9999.0000	-9999.0000	-9999.0000	-9999.0000	20.5520	1	0	23.8229	1.0000	11	3	-9999.0000	27121	64089	-9999	1814	1700	-9999	332.7096	5	0.6549	0.6661	-0.0011	65.0643	0.9764	484.9198	293.8928	39.7388	455.4158	95.3820	477.8163	95.1623	484.3964	95.1623	488.2509	94.8548	
25/08/2017	00:28:24	019004	G523104781HLR	L523	S		438.8629	1.0233	10.0000	100.0598	39.9616	0.8230	0.8275	5.0000	19.9827	508.0575	94.6790	7.3905	24.1000	0.9300	0.9272	0.6640	-0.0009	508.0000	508.2065	1.0339	9.4734	100.0414	40.0426	0.8230	0.8246	5.0000	-9999.0000	-9999.0000	-9999.0000	-9999.0000	-9999.0000	-9999.0000	20.4914	2	0	23.8632	1.0000	11	3	-9999.0000	27122	64090	-9999	1815	1701	-9999	333.9996	5	0.6546	0.6640	-0.0009	66.1650	0.8759	495.4571	290.7656	39.8487	464.0850	95.0744	489.1721	94.9207	494.8775	94.9207	498.7116	94.6790	
25/08/2017	00:28:51	019004	G523104774HLR	L523	S		435.2146	1.0233	10.0000	100.0105	39.7130	0.8230	0.8273	5.0000	20.0130	508.0566	95.0525	9.4405	24.2000	0.9300	0.9274	0.6618	-0.0007	508.0000	508.2685	1.0339	9.4790	100.0012	39.8471	0.8230	0.8243	5.0000	-9999.0000	-9999.0000	-9999.0000	-9999.0000	-9999.0000	-9999.0000	20.5726	3	0	27.2626	1.0000	11	3	-9999.0000	27123	64091	-9999	1816	1702	-9999	332.9339	5	0.6546	0.6618	-0.0007	67.0806	0.7860	488.1228	279.7960	39.7169	458.9501	94.7669	482.4135	94.3276	487.6053	94.2836	491.5387	94.4374	
25/08/2017	00:29:16	019004	G523104776HLR	L523	S		435.3868	1.0233	10.0000	99.9467	39.6508	0.8230	0.8277	5.0000	19.9016	508.0787	94.8767	9.8810	24.3000	0.9300	0.9276	0.6645	-0.0010	508.0000	508.0455	1.0339	9.4588	99.9730	39.7435	0.8230	0.8241	5.0000	-9999.0000	-9999.0000	-9999.0000	-9999.0000	-9999.0000	-9999.0000	23.8825	4	0	24.2723	1.0000	11	3	-9999.0000	27124	64092	-9999	1816	1703	-9999	332.8108	5	0.6545	0.6645	-0.0010	68.5394	0.6230	486.5914	274.8213	39.7608	455.9177	95.3600	480.7054	95.0525	486.1385	94.9426	490.1003	94.7449	
25/08/2017	00:29:36	019004	error reading	L523	S		0.0000	0.0000	0.0000	0.0000	0.0000	0.8230	0.0000	0.0000	0.0000	0.0000	0.0000	0.0000	0.0000	0.9300	0.0000	0.0000	0.0000	0.0000	0.0000	0.0000	0.0000	0.0000	0.0000	0.8230	0.0000	0.0000	0.0000	0.0000	0.0000	0.0000	0.0000	0.0000	0.0000	0	28	24.2723	1.0000	11	3	0.0000	0	0	0	0	0	0	0.0000	0	0.0000	0.0000	0.0000	0.0000	0.0000	0.0000	0.0000	0.0000	0.0000	0.0000	0.0000	0.0000	0.0000	0.0000	0.0000	0.0000	
25/08/2017	00:30:00	019004	G523104766HLR	L523	S		438.0991	1.0233	10.0000	99.9689	39.9487	0.8230	0.8283	5.0000	19.8713	508.0828	94.7230	7.9609	24.3000	0.9300	0.9275	0.6616	-0.0007	508.0000	508.4990	1.0339	9.4999	100.0723	39.9487	0.8230	0.8248	5.0000	-9999.0000	-9999.0000	-9999.0000	-9999.0000	-9999.0000	-9999.0000	20.9623	5	0	44.5050	1.0000	11	3	-9999.0000	27125	64093	-9999	1817	1704	-9999	333.3628	5	0.6541	0.6616	-0.0007	73.8095	0.1385	494.2991	277.0185	36.5536	459.8397	95.4479	487.9909	95.2062	493.7207	95.0744	497.9849	94.6790	
25/08/2017	00:30:25	019004	G523104771HLR	L523	S		438.1837	1.0233	10.0000	99.9516	40.0572	0.8230	0.8279	5.0000	19.8723	508.0272	94.7449	7.6210	24.2000	0.9300	0.9272	0.6633	-0.0009	508.0000	508.7265	1.0339	9.4726	100.0400	40.0703	0.8230	0.8246	5.0000	-9999.0000	-9999.0000	-9999.0000	-9999.0000	-9999.0000	-9999.0000	20.7816	6	0	24.3629	1.0000	11	3	-9999.0000	27126	64094	-9999	1818	1705	-9999	333.6333	5	0.6543	0.6633	-0.0009	56.6642	1.8031	494.3781	295.1528	37.0808	460.0643	94.8328	487.8484	94.1738	493.8309	94.0859	497.9909	94.3495	
25/08/2017	00:30:48	019004	G523104758HLR	L523	S		434.5261	1.0233	10.0000	100.0894	39.9006	0.8230	0.8274	5.0000	19.7629	508.0561	95.0305	9.4415	24.2000	0.9300	0.9273	0.6642	-0.0010	508.0000	508.3838	1.0339	9.4895	100.0958	39.7839	0.8230	0.8241	5.0000	-9999.0000	-9999.0000	-9999.0000	-9999.0000	-9999.0000	-9999.0000	21.0608	7	0	23.3827	1.0000	11	3	-9999.0000	27127	64095	-9999	1819	1706	-9999	332.8426	5	0.6544	0.6642	-0.0010	55.9362	1.8742	487.2570	282.7919	37.8716	452.8382	94.5692	480.6531	94.3715	486.5837	94.3715	490.6180	94.3935	
25/08/2017	00:31:11	019004	G523104755HLR	L523	S		435.7612	1.0233	10.0000	99.7944	39.6868	0.8230	0.8274	5.0000	19.8518	508.0651	94.8108	9.1114	24.2000	0.9300	0.9274	0.6646	-0.0010	508.0000	508.8636	1.0339	9.4560	100.0254	39.6410	0.8230	0.8246	5.0000	-9999.0000	-9999.0000	-9999.0000	-9999.0000	-9999.0000	-9999.0000	19.9026	8	0	23.5826	1.0000	11	3	-9999.0000	27128	64096	-9999	1820	1707	-9999	333.0334	5	0.6545	0.6646	-0.0010	54.4860	2.0179	488.6627	277.0294	37.3444	452.9165	95.4259	482.8343	95.0305	488.1623	95.0085	492.7047	94.8767	
25/08/2017	00:31:35	019004	G523106911HLR	L523	S		430.4644	1.0233	10.0000	99.9624	39.7601	0.8230	0.8280	5.0000	19.9523	508.0488	94.9207	10.8811	24.2000	0.9300	0.9276	0.6632	-0.0009	508.0000	507.9278	1.0339	9.4482	99.8946	40.0512	0.8230	0.8253	5.0000	-9999.0000	-9999.0000	-9999.0000	-9999.0000	-9999.0000	-9999.0000	20.2121	1	0	23.9226	1.0000	11	3	-9999.0000	27129	64097	-9999	1821	1708	-9999	332.1168	5	0.6545	0.6632	-0.0009	55.7247	1.8555	483.3118	280.3305	38.5306	450.1198	95.5358	478.3002	95.3161	482.7998	95.0305	486.7626	94.6790	
25/08/2017	00:31:59	019004	G523106907HLR	L523	S		438.0649	1.0233	10.0000	100.0446	39.9487	0.8230	0.8282	5.0000	19.7220	508.0810	94.7889	7.7108	24.3000	0.9300	0.9275	0.6626	-0.0008	508.0000	507.6167	1.0339	9.4200	100.0104	40.2398	0.8230	0.8249	5.0000	-9999.0000	-9999.0000	-9999.0000	-9999.0000	-9999.0000	-9999.0000	20.3833	2	0	23.6726	1.0000	11	3	-9999.0000	27130	64098	-9999	1822	1709	-9999	333.4530	5	0.6547	0.6626	-0.0008	56.8557	1.7366	494.3198	274.7122	38.2451	460.4876	95.2721	488.1579	95.2062	493.6384	95.3820	498.7258	94.8548	
25/08/2017	00:32:24	019004	G523106915HLR	L523	S		432.8046	1.0233	10.0000	99.9863	39.8574	0.8230	0.8273	5.0000	19.9417	508.0419	95.0085	9.9308	24.2000	0.9300	0.9275	0.6626	-0.0008	508.0000	506.8603	1.0339	9.3515	100.0273	39.9769	0.8230	0.8244	5.0000	-9999.0000	-9999.0000	-9999.0000	-9999.0000	-9999.0000	-9999.0000	20.0314	3	0	25.2624	1.0000	11	3	-9999.0000	27131	64099	-9999	1823	1710	-9999	332.4548	5	0.6547	0.6626	-0.0008	57.0196	1.7136	486.0920	277.0464	38.3988	454.6944	95.7115	480.1181	95.0085	485.4803	94.7889	489.9156	94.6571	
25/08/2017	00:32:48	019004	G523105226HLR	L523	S		430.9220	1.0233	10.0000	99.9801	39.5253	0.8230	0.8273	5.0000	20.0725	508.0655	94.8548	10.3312	24.1000	0.9300	0.9275	0.6635	-0.0009	508.0000	507.3458	1.0339	9.3955	100.0636	39.6858	0.8230	0.8241	5.0000	-9999.0000	-9999.0000	-9999.0000	-9999.0000	-9999.0000	-9999.0000	21.5219	4	0	23.8328	1.0000	11	2	-9999.0000	27132	64100	-9999	1824	1711	-9999	332.1824	5	0.6547	0.6635	-0.0009	56.8697	1.7387	484.6126	288.9720	37.6080	451.3988	95.4039	479.2640	95.1403	484.2330	95.0085	487.8468	94.7010	
25/08/2017	00:33:12	019004	G523105217HLR	L523	S		428.2295	1.0233	10.0000	100.0626	39.6977	0.8230	0.8283	5.0000	20.2718	508.0697	94.8108	10.5412	24.2000	0.9300	0.9276	0.6629	-0.0009	508.0000	506.9322	1.0339	9.3580	99.9513	39.8461	0.8230	0.8249	5.0000	-9999.0000	-9999.0000	-9999.0000	-9999.0000	-9999.0000	-9999.0000	20.5520	5	0	24.2927	1.0000	11	2	-9999.0000	27133	64101	-9999	1825	1712	-9999	332.1666	5	0.6548	0.6629	-0.0009	55.0899	1.9545	484.1044	282.4613	37.4982	450.4865	96.0190	478.4072	95.6456	483.6721	95.5138	487.3679	94.8328	
25/08/2017	00:33:37	019004	G523105216HLR	L523	S		429.9408	1.0233	10.0000	100.1778	40.1133	0.8230	0.8287	5.0000	19.7424	508.0595	94.8328	12.0209	24.2000	0.9300	0.9276	0.6633	-0.0009	508.0000	508.4040	1.0339	9.4913	100.0064	40.1538	0.8230	0.8252	5.0000	-9999.0000	-9999.0000	-9999.0000	-9999.0000	-9999.0000	-9999.0000	19.8518	6	0	24.1533	1.0000	11	2	-9999.0000	27134	64102	-9999	1826	1713	-9999	331.5016	5	0.6552	0.6633	-0.0009	51.9102	2.3366	479.8514	280.8949	37.9155	445.9495	95.7774	473.4825	95.4259	479.4141	95.4039	483.4599	94.8548	
25/08/2017	00:34:02	019004	G523105205HLR	L523	S		429.6669	1.0233	10.0000	100.0877	40.1198	0.8230	0.8278	5.0000	20.1615	508.0621	94.7669	11.1008	24.2000	0.9300	0.9278	0.6618	-0.0007	508.0000	507.7958	1.0339	9.4362	99.9912	40.0083	0.8230	0.8244	5.0000	-9999.0000	-9999.0000	-9999.0000	-9999.0000	-9999.0000	-9999.0000	20.8831	7	0	25.7527	1.0000	11	2	-9999.0000	27135	64103	-9999	1827	1714	-9999	332.2720	5	0.6555	0.6618	-0.0007	54.2454	2.0391	484.9714	288.2304	36.8831	450.3754	95.9092	477.7675	95.4698	484.2565	95.4698	487.8544	95.0525	
25/08/2017	00:34:29	019004	G523104859HLR	L523	S		430.0369	1.0233	10.0000	100.0429	39.8136	0.8230	0.8272	5.0000	19.8821	508.0523	94.7449	11.7611	24.1000	0.9300	0.9274	0.6602	-0.0005	508.0000	509.1110	1.0339	9.4260	100.0375	39.6985	0.8230	0.8239	5.0000	-9999.0000	-9999.0000	-9999.0000	-9999.0000	-9999.0000	-9999.0000	22.4028	8	0	27.0929	1.0000	11	2	-9999.0000	27136	64104	-9999	1828	1715	-9999	332.1795	5	0.6552	0.6602	-0.0005	53.2623	2.1548	482.8858	287.2591	38.0034	449.9173	95.9751	476.9673	95.5138	482.3859	95.5577	485.7533	94.8987	
25/08/2017	00:34:53	019004	G523105200HLR	L523	S		426.4480	1.0233	10.0000	99.9068	39.6149	0.8230	0.8274	5.0000	19.7824	508.0726	94.7669	12.5717	24.1000	0.9300	0.9274	0.6597	-0.0005	508.0000	509.5268	1.0339	9.3756	100.0280	39.7894	0.8230	0.8244	5.0000	-9999.0000	-9999.0000	-9999.0000	-9999.0000	-9999.0000	-9999.0000	23.7732	1	0	23.7722	1.0000	11	2	-9999.0000	27137	64105	-9999	1829	1716	-9999	332.1684	5	0.6552	0.6597	-0.0005	52.0383	2.3163	480.8811	287.5904	36.9050	448.3108	95.7554	474.0200	95.4039	480.3267	95.4698	483.9379	95.0305	
25/08/2017	00:35:20	019004	G523105197HLR	L523	S		428.0587	1.0233	10.0000	99.8346	39.7435	0.8230	0.8282	5.0000	19.8724	508.0610	94.7669	11.2913	24.1000	0.9300	0.9274	0.6617	-0.0007	508.0000	508.0481	1.0339	9.4591	99.9458	40.1538	0.8230	0.8250	5.0000	-9999.0000	-9999.0000	-9999.0000	-9999.0000	-9999.0000	-9999.0000	20.4125	2	0	26.4834	1.0000	11	2	-9999.0000	27138	64106	-9999	1830	1717	-9999	332.1636	5	0.6549	0.6617	-0.0007	53.3348	2.1783	482.5413	295.5779	37.0369	449.4465	95.7115	476.2162	95.3161	481.9653	95.1843	486.0028	94.9646	
25/08/2017	00:35:47	019004	G523104858HLR	L523	S		427.3195	1.0233	10.0000	99.9708	40.0512	0.8230	0.8283	5.0000	19.9427	508.0395	94.7230	11.4710	24.2000	0.9300	0.9275	0.6620	-0.0007	508.0000	507.9567	1.0339	9.4508	100.0164	39.9874	0.8230	0.8241	5.0000	-9999.0000	-9999.0000	-9999.0000	-9999.0000	-9999.0000	-9999.0000	23.2028	3	0	27.1633	1.0000	11	2	-9999.0000	27139	64107	-9999	1831	1718	-9999	332.1129	5	0.6548	0.6620	-0.0007	53.2337	2.1971	481.5887	299.0888	36.9490	451.0926	95.8433	475.3377	95.2282	480.8881	95.1403	485.1054	94.9426	
25/08/2017	00:36:15	019004	G523104861HLR	L523	S		431.7338	1.0233	10.0000	100.0013	40.0248	0.8230	0.8277	5.0000	19.8723	508.0566	94.6790	10.8108	24.2000	0.9300	0.9276	0.6643	-0.0010	508.0000	507.9622	1.0339	9.4513	100.0225	39.7749	0.8230	0.8242	5.0000	-9999.0000	-9999.0000	-9999.0000	-9999.0000	-9999.0000	-9999.0000	20.4425	4	0	27.6730	1.0000	11	2	-9999.0000	27140	64108	-9999	1832	1719	-9999	332.2919	5	0.6545	0.6643	-0.0010	51.9131	2.3174	482.2324	300.4332	37.6959	455.8753	95.1184	475.9759	94.8767	481.7478	94.9646	486.7147	94.8328	
25/08/2017	00:36:38	019004	G523104849HLR	L523	S		419.0538	1.0233	10.0000	99.9977	39.7552	0.8230	0.8273	5.0000	19.9720	508.1070	94.6131	8.3714	24.3000	0.9300	0.9275	0.6652	-0.0010	508.0000	507.1176	1.0339	9.3748	100.0478	39.8461	0.8230	0.8248	5.0000	-9999.0000	-9999.0000	-9999.0000	-9999.0000	-9999.0000	-9999.0000	20.2522	5	0	23.2721	1.0000	11	2	-9999.0000	27141	64109	-9999	1833	1720	-9999	333.6461	5	0.6542	0.6652	-0.0010	50.0068	2.5256	484.5036	299.2541	39.6070	444.2647	95.0525	473.4076	94.7669	483.5246	94.7669	491.6421	94.7230	
25/08/2017	00:37:32	019004	G523104913HLR	L523	S		423.5189	1.0233	10.0000	99.9664	39.8461	0.8230	0.8283	5.0000	20.5121	508.0657	95.0964	15.4011	24.4000	0.9300	0.9278	0.6719	-0.0016	508.0000	505.1564	1.0339	9.1972	99.9940	39.8373	0.8230	0.8238	5.0000	-9999.0000	-9999.0000	-9999.0000	-9999.0000	-9999.0000	-9999.0000	24.1324	7	0	26.5831	1.0000	11	2	-9999.0000	27143	64110	-9999	1835	1721	-9999	328.8028	5	0.6541	0.6719	-0.0016	49.4442	2.6120	460.7319	265.6171	35.8726	429.3228	94.3276	455.1464	93.9980	460.3765	93.7564	464.7384	94.3715	
25/08/2017	00:37:55	019004	G523104928HLR	L523	S		421.7070	1.0233	10.0000	100.1260	40.1538	0.8230	0.8283	5.0000	19.8224	508.0373	94.7889	15.9217	24.3000	0.9300	0.9277	0.6716	-0.0016	508.0000	505.4014	1.0339	9.2194	99.9287	39.5921	0.8230	0.8242	5.0000	-9999.0000	-9999.0000	-9999.0000	-9999.0000	-9999.0000	-9999.0000	21.0531	8	0	23.6628	1.0000	11	2	-9999.0000	27144	64111	-9999	1836	1722	-9999	328.3887	5	0.6538	0.6716	-0.0016	48.6568	2.6677	459.4556	285.7700	37.3005	425.4362	95.3820	451.9586	95.0525	458.8668	95.0305	463.5783	94.9207	
25/08/2017	00:39:51	019004	G523104915HLR	L523	S		434.2454	1.0233	10.0000	100.1183	39.9208	0.8230	0.8274	5.0000	19.9728	508.0503	94.9207	9.7902	24.2000	0.9300	0.9275	0.6705	-0.0015	508.0000	509.2469	1.0339	9.4095	100.1085	40.0363	0.8230	0.8253	5.0000	-9999.0000	-9999.0000	-9999.0000	-9999.0000	-9999.0000	-9999.0000	20.3527	1	0	115.1330	1.0000	11	2	-9999.0000	27145	64112	-9999	1837	1723	-9999	333.2653	5	0.6541	0.6705	-0.0015	53.0928	2.2872	485.6140	260.6212	36.2021	451.8117	95.1843	479.7852	94.7230	485.0562	94.7449	489.1527	94.8328	
25/08/2017	00:40:17	019004	G523104924HLR	L523	S		436.5492	1.0233	10.0000	99.9829	39.6265	0.8230	0.8273	5.0000	19.9622	508.0838	95.0085	9.4005	24.1000	0.9300	0.9273	0.6705	-0.0015	508.0000	509.1709	1.0339	9.4187	100.0411	40.2136	0.8230	0.8248	5.0000	-9999.0000	-9999.0000	-9999.0000	-9999.0000	-9999.0000	-9999.0000	20.7619	2	0	26.8028	1.0000	11	2	-9999.0000	27146	64113	-9999	1838	1724	-9999	333.6065	5	0.6541	0.6705	-0.0015	53.0928	2.2872	485.4752	290.4307	38.2890	452.8932	95.0085	478.9090	94.5912	485.0759	94.4594	489.3689	94.5033	
25/08/2017	00:40:43	019004	G523104925HLR	L523	S		422.7677	1.0233	10.0000	99.8088	39.6410	0.8230	0.8280	5.0000	20.2317	508.0595	95.0744	14.8415	24.2000	0.9300	0.9274	0.6708	-0.0015	508.0000	505.8264	1.0339	9.2579	100.0680	39.8697	0.8230	0.8249	5.0000	-9999.0000	-9999.0000	-9999.0000	-9999.0000	-9999.0000	-9999.0000	20.1819	3	0	25.4725	1.0000	11	2	-9999.0000	27146	64114	-9999	1839	1725	-9999	329.4405	5	0.6537	0.6708	-0.0015	69.5235	0.8396	463.6532	289.6236	37.0369	434.2501	94.9207	457.1924	94.6351	463.1665	94.4813	467.7991	94.6131	
25/08/2017	00:41:07	019004	G523104914HLR	L523	S		435.0998	1.0233	10.0000	100.1824	40.0512	0.8230	0.8285	5.0000	19.8432	508.0575	94.9646	8.9805	24.1000	0.9300	0.9275	0.6645	-0.0009	508.0000	508.0881	1.0339	9.4627	99.9784	39.7597	0.8230	0.8244	5.0000	-9999.0000	-9999.0000	-9999.0000	-9999.0000	-9999.0000	-9999.0000	22.0532	4	0	23.6824	1.0000	11	2	-9999.0000	27147	64115	-9999	1840	1726	-9999	333.3331	5	0.6532	0.6645	-0.0009	67.9422	0.9715	489.5649	287.5325	37.8496	454.6033	95.6456	483.1841	95.1623	488.9428	95.1184	492.9242	94.9866	
25/08/2017	00:41:54	019004	G523104939HLR	L523	S		422.4891	1.0233	10.0000	99.9351	39.7552	0.8230	0.8271	5.0000	19.9524	508.0655	95.0525	15.1716	24.4000	0.9300	0.9275	0.6626	-0.0008	508.0000	506.9853	1.0339	9.3628	99.9626	39.8957	0.8230	0.8244	5.0000	-9999.0000	-9999.0000	-9999.0000	-9999.0000	-9999.0000	-9999.0000	21.0325	6	0	23.5925	1.0000	11	2	-9999.0000	27149	64116	-9999	1842	1727	-9999	330.5432	5	0.6535	0.6626	-0.0008	62.4077	1.3879	469.0208	257.4044	36.7732	438.1375	95.2721	461.6241	95.1623	468.4974	95.0305	471.9455	94.7010	
25/08/2017	00:42:19	019004	G523104905HLR	L523	S		454.6002	1.0233	10.0000	99.8934	39.4840	0.8230	0.8275	5.0000	20.0023	508.1528	94.7449	4.1509	24.3000	0.9300	0.0000	0.6621	-0.0007	508.0000	505.8137	1.0339	9.2567	99.9527	39.5699	0.8230	0.8243	5.0000	-9999.0000	-9999.0000	-9999.0000	-9999.0000	-9999.0000	-9999.0000	20.2326	7	0	24.8729	1.0000	11	2	-9999.0000	27150	64117	-9999	1843	1728	-9999	334.9223	5	0.6534	0.6621	-0.0007	62.2863	1.3946	508.0612	302.2423	38.4208	474.5173	95.2062	502.5508	94.8108	507.6122	94.7669	0.0000	0.0000	
25/08/2017	00:42:42	019004	G523105227HLR	L523	S		430.0528	1.0233	10.0000	100.0200	39.6490	0.8230	0.8285	5.0000	20.6830	508.0576	94.7449	12.0521	24.4000	0.9300	0.9277	0.6626	-0.0008	508.0000	507.8977	1.0339	9.4455	99.9944	39.7435	0.8230	0.8252	5.0000	-9999.0000	-9999.0000	-9999.0000	-9999.0000	-9999.0000	-9999.0000	20.0325	8	0	23.1227	1.0000	11	1	-9999.0000	27151	64118	-9999	1844	1729	-9999	331.9210	5	0.6538	0.6626	-0.0008	60.7169	1.4715	478.1198	279.9814	36.4218	444.8253	94.8108	472.5239	94.4374	477.6475	94.4594	482.2026	94.6351	
25/08/2017	00:43:30	019004	G523105220HLR	L523	S		430.3873	1.0233	10.0000	99.9662	40.1127	0.8230	0.8278	5.0000	20.0521	508.0274	94.7449	11.3216	24.4000	0.9300	0.9275	0.6622	-0.0007	508.0000	508.0919	1.0339	9.4630	99.9660	40.0478	0.8230	0.8242	5.0000	-9999.0000	-9999.0000	-9999.0000	-9999.0000	-9999.0000	-9999.0000	20.8021	2	0	23.8228	1.0000	11	1	-9999.0000	27153	64119	-9999	1846	1730	-9999	332.2062	5	0.6536	0.6622	-0.0007	59.1802	1.5842	481.9614	278.0869	35.7628	448.7339	95.3600	475.5754	95.0964	481.3697	95.2282	485.5123	94.9646	
25/08/2017	00:43:54	019004	G523105223HLR	L523	S		425.1594	1.0233	10.0000	99.9552	39.7135	0.8230	0.8270	5.0000	20.2631	508.0460	94.7010	12.0521	24.3000	0.9300	0.9276	0.6648	-0.0009	508.0000	509.1415	1.0339	9.4223	100.0151	39.5820	0.8230	0.8240	5.0000	-9999.0000	-9999.0000	-9999.0000	-9999.0000	-9999.0000	-9999.0000	20.5217	3	0	23.5828	1.0000	11	1	-9999.0000	27154	64120	-9999	1847	1731	-9999	332.1305	5	0.6544	0.6648	-0.0009	58.4826	1.6159	479.2314	281.8720	37.8277	448.4625	95.7554	473.7595	95.2941	478.7523	95.3600	483.4773	94.9866	
25/08/2017	00:44:14	019004	error reading	L523	S		0.0000	0.0000	0.0000	0.0000	0.0000	0.8230	0.0000	0.0000	0.0000	0.0000	0.0000	0.0000	0.0000	0.9300	0.0000	0.0000	0.0000	0.0000	0.0000	0.0000	0.0000	0.0000	0.0000	0.8230	0.0000	0.0000	0.0000	0.0000	0.0000	0.0000	0.0000	0.0000	0.0000	0	28	23.5828	1.0000	11	1	0.0000	0	0	0	0	0	0	0.0000	0	0.0000	0.0000	0.0000	0.0000	0.0000	0.0000	0.0000	0.0000	0.0000	0.0000	0.0000	0.0000	0.0000	0.0000	0.0000	0.0000	
25/08/2017	00:44:32	019004	G523105212HLR	L523	S		428.6776	1.0233	10.0000	100.0289	39.5290	0.8230	0.8272	5.0000	21.5728	508.0882	94.6351	11.4612	24.2000	0.9300	0.9274	0.6649	-0.0009	508.0000	508.4679	1.0339	9.4971	100.0465	39.6639	0.8230	0.8250	5.0000	-9999.0000	-9999.0000	-9999.0000	-9999.0000	-9999.0000	-9999.0000	20.1624	4	0	38.1038	1.0000	11	1	-9999.0000	27155	64121	-9999	1848	1732	-9999	332.4739	5	0.6544	0.6649	-0.0009	58.3065	1.6254	481.2933	285.1604	38.5746	449.1874	95.7994	474.5876	95.5358	480.6481	95.5797	485.7650	95.0744	
25/08/2017	00:44:59	019004	G523104929HLR	L523	S		413.1152	1.0233	9.9883	99.9606	39.7435	0.8230	0.8284	5.0000	19.7424	0.0000	0.0000	0.0000	0.0000	0.9300	0.0000	0.0000	0.0000	0.0000	434.2418	1.0339	2.7750	100.0764	40.1538	0.8230	0.8254	5.0000	-9999.0000	-9999.0000	-9999.0000	-9999.0000	-9999.0000	-9999.0000	19.7727	5	7	26.8233	1.0000	11	2	-9999.0000	27156	0	-9999	1849	1733	-9999	0.0000	0	0.0000	0.0000	0.0000	0.0000	0.0000	0.0000	0.0000	0.0000	0.0000	0.0000	0.0000	0.0000	0.0000	0.0000	0.0000	0.0000	
25/08/2017	00:45:23	019004	G523105204HLR	L523	S		428.7706	1.0233	10.0000	100.1306	40.0881	0.8230	0.8284	5.0000	20.1722	508.0396	94.6571	12.0316	24.3000	0.9300	0.9274	0.6623	-0.0007	508.0000	508.8234	1.0339	9.4608	100.0264	39.9833	0.8230	0.8241	5.0000	-9999.0000	-9999.0000	-9999.0000	-9999.0000	-9999.0000	-9999.0000	20.5023	6	0	23.8825	1.0000	11	1	-9999.0000	27157	64122	-9999	1850	1734	-9999	331.9767	5	0.6539	0.6623	-0.0007	58.6486	1.6079	479.9213	271.7927	38.2890	444.9415	95.4479	472.4195	95.3161	479.1514	95.4698	484.1001	95.0525	
25/08/2017	00:45:47	019004	G523105211HLR	L523	S		429.4902	1.0233	10.0000	99.9189	40.0107	0.8230	0.8275	5.0000	20.0522	508.0346	94.6131	11.7621	24.2000	0.9300	0.9273	0.6621	-0.0007	508.0000	508.1792	1.0339	9.4710	100.0151	39.5577	0.8230	0.8242	5.0000	-9999.0000	-9999.0000	-9999.0000	-9999.0000	-9999.0000	-9999.0000	19.9523	7	0	24.2429	1.0000	11	1	-9999.0000	27158	64123	-9999	1851	1735	-9999	332.0108	5	0.6541	0.6621	-0.0007	57.6725	1.7048	481.1118	283.0285	37.3883	447.7257	95.8653	474.9501	95.4039	480.5179	95.4259	485.1940	95.0744	
25/08/2017	00:46:12	019004	G523105203HLR	L523	S		428.6538	1.0233	10.0000	99.8950	39.6944	0.8230	0.8271	5.0000	20.0119	508.0617	94.6351	12.6313	24.1000	0.9300	0.9272	0.6613	-0.0007	508.0000	509.6848	1.0339	9.3565	100.0312	39.8361	0.8230	0.8251	5.0000	-9999.0000	-9999.0000	-9999.0000	-9999.0000	-9999.0000	-9999.0000	20.8324	8	0	24.4822	1.0000	11	1	-9999.0000	27159	64124	-9999	1852	1736	-9999	331.8102	5	0.6544	0.6613	-0.0007	56.8371	1.8114	478.5594	287.6857	36.1362	445.6983	95.2062	472.5773	94.7010	478.0501	94.7230	481.8169	94.7889	
25/08/2017	00:46:36	019004	G523105233HLR	L523	S		428.5572	1.0233	10.0000	99.9157	39.5384	0.8230	0.8273	5.0000	23.3727	508.0435	94.6131	11.9711	24.2000	0.9300	0.9273	0.6613	-0.0007	508.0000	509.4213	1.0339	9.3884	100.0211	40.2240	0.8230	0.8251	5.0000	-9999.0000	-9999.0000	-9999.0000	-9999.0000	-9999.0000	-9999.0000	21.1625	1	0	23.9724	1.0000	11	1	-9999.0000	27160	64125	-9999	1853	1737	-9999	332.0175	5	0.6544	0.6613	-0.0007	56.8371	1.8114	480.3215	286.1374	35.9605	445.5284	95.0085	473.4131	94.9426	479.7854	95.1623	483.9591	95.0085	
25/08/2017	00:46:59	019004	G523105199HLR	L523	S		433.4383	1.0233	10.0000	100.0585	40.1047	0.8230	0.8284	5.0000	20.1115	508.0864	94.6131	12.2318	24.1000	0.9300	0.9272	0.6618	-0.0007	508.0000	509.9329	1.0339	9.3265	100.0334	40.0781	0.8230	0.8245	5.0000	-9999.0000	-9999.0000	-9999.0000	-9999.0000	-9999.0000	-9999.0000	19.9221	2	0	23.4332	1.0000	11	1	-9999.0000	27161	64126	-9999	1854	1738	-9999	331.9402	5	0.6542	0.6618	-0.0007	56.7285	1.8471	480.2472	289.6331	38.0254	446.4999	95.3380	474.3796	95.0525	479.6495	95.0964	483.9241	94.9426	
25/08/2017	00:47:23	019004	G523105196HLR	L523	S		434.3806	1.0233	10.0000	100.1348	40.0134	0.8230	0.8276	5.0000	19.7727	508.0487	94.7449	10.3713	24.1000	0.9300	0.9272	0.6616	-0.0007	508.0000	507.5963	1.0339	9.4182	100.0085	39.7186	0.8230	0.8242	5.0000	-9999.0000	-9999.0000	-9999.0000	-9999.0000	-9999.0000	-9999.0000	20.1720	3	0	24.2225	1.0000	11	1	-9999.0000	27162	64127	-9999	1855	1739	-9999	332.5329	5	0.6541	0.6616	-0.0007	58.7237	1.7008	486.6530	292.1476	38.5965	452.3419	95.2062	480.5931	94.8767	486.0733	94.8987	489.6530	94.8987	
25/08/2017	00:47:48	019004	G523105195HLR	L523	S		425.8583	1.0233	10.0000	99.9917	39.6729	0.8230	0.8271	5.0000	19.8928	508.0418	94.6131	11.5413	24.1000	0.9300	0.9273	0.6671	-0.0012	508.0000	507.9849	1.0339	9.4533	100.0304	39.6578	0.8230	0.8246	5.0000	-9999.0000	-9999.0000	-9999.0000	-9999.0000	-9999.0000	-9999.0000	20.8421	4	0	24.3121	1.0000	11	1	-9999.0000	27163	64128	-9999	1856	1739	-9999	331.9483	5	0.6540	0.6671	-0.0012	57.0957	1.8528	478.9855	296.4293	37.1467	444.4604	95.4698	472.6676	95.0305	478.3835	94.9207	482.4903	94.7010	
25/08/2017	00:48:11	019004	G523104887HLR	L523	S		427.5860	1.0233	10.0000	100.1621	39.6410	0.8230	0.8278	5.0000	19.8821	508.0467	94.6571	12.2416	24.1000	0.9300	0.9274	0.6674	-0.0012	508.0000	508.3897	1.0339	9.4900	100.0748	40.0512	0.8230	0.8252	5.0000	-9999.0000	-9999.0000	-9999.0000	-9999.0000	-9999.0000	-9999.0000	21.0023	5	0	23.6433	1.0000	11	1	-9999.0000	27164	64129	-9999	1857	1740	-9999	331.4794	5	0.6536	0.6674	-0.0012	61.4518	1.5314	476.6594	304.3430	38.3549	447.9172	95.3161	469.8824	95.2062	476.0671	95.2282	480.6005	94.9207	
25/08/2017	00:48:35	019004	G523105193HLR	L523	S		435.0078	1.0233	10.0000	100.1779	39.9487	0.8230	0.8284	5.0000	20.0919	508.0556	94.8328	9.5509	24.1000	0.9300	0.9272	0.6676	-0.0013	508.0000	508.5566	1.0339	9.4931	100.0349	40.1587	0.8230	0.8248	5.0000	-9999.0000	-9999.0000	-9999.0000	-9999.0000	-9999.0000	-9999.0000	20.2718	6	0	23.9420	1.0000	11	1	-9999.0000	27165	64130	-9999	1858	1741	-9999	333.1265	5	0.6535	0.6676	-0.0013	36.6605	3.5935	488.1134	278.8614	37.6519	455.0370	95.9092	481.6010	95.4918	487.5467	95.4479	491.7259	95.0744	
25/08/2017	00:49:02	019004	G523104888HLR	L523	S		426.4125	1.0233	10.0000	100.0942	40.0981	0.8230	0.8280	5.0000	19.7821	508.0823	94.7010	11.1106	24.1000	0.9300	0.9273	0.6755	-0.0019	508.0000	507.9795	1.0339	9.4529	100.0752	39.8561	0.8230	0.8242	5.0000	-9999.0000	-9999.0000	-9999.0000	-9999.0000	-9999.0000	-9999.0000	20.6719	7	0	27.0431	1.0000	11	1	-9999.0000	27166	64131	-9999	1859	1742	-9999	332.4029	5	0.6528	0.6755	-0.0019	42.2010	3.1176	476.5091	292.4859	37.0588	443.5802	95.7335	468.4079	95.2282	475.9678	95.0744	480.8419	94.6790	
25/08/2017	00:49:26	019004	G523104886HLR	L523	S		428.8436	1.0233	10.0000	99.9673	39.8879	0.8230	0.8273	5.0000	20.1223	508.0599	94.5912	11.6312	24.2000	0.9300	0.9275	0.6812	-0.0024	508.0000	508.6544	1.0339	9.4813	100.0030	39.6410	0.8230	0.8240	5.0000	-9999.0000	-9999.0000	-9999.0000	-9999.0000	-9999.0000	-9999.0000	23.6726	8	0	23.8532	1.0000	11	1	-9999.0000	27167	64132	-9999	1860	1743	-9999	331.9472	5	0.6528	0.6812	-0.0024	42.0546	3.1882	472.4367	283.3119	37.7178	439.1209	95.2502	464.6463	95.0305	471.8590	95.0964	477.0257	94.8987	
25/08/2017	00:49:50	019004	G523104877HLR	L523	S		431.4910	1.0233	10.0000	99.8643	39.6410	0.8230	0.8272	5.0000	20.7328	508.0859	94.5692	11.6409	24.2000	0.9300	0.9276	0.6761	-0.0020	508.0000	508.8040	1.0339	9.4632	100.0265	39.9487	0.8230	0.8251	5.0000	-9999.0000	-9999.0000	-9999.0000	-9999.0000	-9999.0000	-9999.0000	20.5716	1	0	24.3123	1.0000	11	1	-9999.0000	27168	64133	-9999	1861	1744	-9999	331.8526	5	0.6527	0.6761	-0.0020	79.9092	0.0490	475.8674	278.0645	38.9041	442.3682	95.4259	469.1391	95.2721	475.2525	95.2502	479.0403	94.9866	
25/08/2017	00:50:15	019004	G523104880HLR	L523	S		429.1742	1.0233	10.0000	99.8822	39.7397	0.8230	0.8280	5.0000	19.8518	508.0614	94.5692	12.0414	24.1000	0.9300	0.9274	0.6704	-0.0015	508.0000	508.6600	1.0339	9.4806	100.0281	40.1538	0.8230	0.8248	5.0000	-9999.0000	-9999.0000	-9999.0000	-9999.0000	-9999.0000	-9999.0000	20.6519	2	0	24.6433	1.0000	11	1	-9999.0000	27169	64134	-9999	1862	1745	-9999	331.4222	5	0.6529	0.6704	-0.0015	46.9784	2.7538	475.7436	286.6991	36.5755	442.3262	95.3600	469.3493	95.0085	475.0000	95.0744	480.4586	94.9207	
25/08/2017	00:50:42	019004	G523104882HLR	L523	S		431.2628	1.0233	10.0000	99.8943	39.9487	0.8230	0.8283	5.0000	19.9729	508.0746	94.5912	11.6517	24.1000	0.9300	0.9274	0.6711	-0.0016	508.0000	509.1245	1.0339	9.4244	100.0569	39.8950	0.8230	0.8242	5.0000	-9999.0000	-9999.0000	-9999.0000	-9999.0000	-9999.0000	-9999.0000	20.9115	3	0	26.5323	1.0000	11	1	-9999.0000	27170	64135	-9999	1863	1746	-9999	331.7424	5	0.6530	0.6711	-0.0016	47.5557	2.7020	477.3288	290.5227	38.5306	441.4795	95.5577	471.1025	95.1623	476.8033	95.2502	481.8621	94.9866	
25/08/2017	00:51:05	019004	G523104866HLR	L523	S		431.1235	1.0233	10.0000	99.9776	40.0545	0.8230	0.8278	5.0000	19.8821	508.0509	94.6131	10.9407	24.2000	0.9300	0.9275	0.6710	-0.0016	508.0000	509.0618	1.0339	9.4320	100.0725	39.7358	0.8230	0.8244	5.0000	-9999.0000	-9999.0000	-9999.0000	-9999.0000	-9999.0000	-9999.0000	20.7523	4	0	23.6627	1.0000	11	1	-9999.0000	27171	64136	-9999	1864	1747	-9999	332.2611	5	0.6530	0.6710	-0.0016	47.8367	2.6986	479.7091	281.9995	36.4437	444.7551	95.5138	472.3219	95.0964	479.0135	95.1623	483.7235	94.9426	
25/08/2017	00:51:31	019004	G523104870HLR	L523	S		428.7651	1.0233	10.0000	100.1299	39.8074	0.8230	0.8272	5.0000	20.0822	508.0479	94.7010	12.5522	24.3000	0.9300	0.9276	0.6711	-0.0016	508.0000	508.7202	1.0339	9.4733	100.0373	39.9487	0.8230	0.8250	5.0000	-9999.0000	-9999.0000	-9999.0000	-9999.0000	-9999.0000	-9999.0000	20.0822	5	0	25.9726	1.0000	11	1	-9999.0000	27172	64137	-9999	1864	1748	-9999	330.8821	5	0.6529	0.6711	-0.0016	49.6353	2.5294	474.4674	286.2833	36.5755	441.8229	95.5358	468.5577	95.0744	473.8253	95.0525	478.4692	94.8767	
25/08/2017	00:51:57	019004	G523104872HLR	L523	S		427.7117	1.0233	10.0000	100.0733	39.6367	0.8230	0.8274	5.0000	19.8323	508.0532	94.7010	13.0210	24.1000	0.9300	0.9274	0.6714	-0.0016	508.0000	508.8927	1.0339	9.4524	100.0464	40.0660	0.8230	0.8247	5.0000	-9999.0000	-9999.0000	-9999.0000	-9999.0000	-9999.0000	-9999.0000	20.6917	6	0	25.4228	1.0000	11	1	-9999.0000	27173	64138	-9999	1865	1749	-9999	330.4603	5	0.6529	0.6714	-0.0016	49.0225	2.5826	472.1553	273.6338	37.4323	441.4779	95.5577	466.0835	95.1403	471.6396	95.2502	476.4441	95.0305	
25/08/2017	00:52:21	019004	G523104933HLR	L523	S		420.2828	1.0233	10.0000	100.0125	39.7435	0.8230	0.8281	5.0000	19.8518	508.0249	94.8328	14.7722	24.2000	0.9300	0.9274	0.6711	-0.0016	508.0000	505.0367	1.0339	9.1864	100.0423	39.8699	0.8230	0.8242	5.0000	-9999.0000	-9999.0000	-9999.0000	-9999.0000	-9999.0000	-9999.0000	21.1819	7	0	24.5633	1.0000	11	1	-9999.0000	27174	64139	-9999	1866	1750	-9999	328.9834	5	0.6529	0.6711	-0.0016	50.3065	2.4403	465.0987	279.6493	38.4208	432.2664	95.7335	458.4206	95.4259	464.6264	95.3600	468.7826	95.0085	
25/08/2017	00:52:47	019004	G523104852HLR	L523	S		439.2891	1.0233	10.0000	99.9949	40.0512	0.8230	0.8282	5.0000	20.1125	508.0679	94.9426	7.9901	24.2000	0.9300	0.9274	0.6691	-0.0014	508.0000	508.0475	1.0339	9.4590	100.0397	39.7425	0.8230	0.8244	5.0000	-9999.0000	-9999.0000	-9999.0000	-9999.0000	-9999.0000	-9999.0000	20.9123	8	0	26.0527	1.0000	11	1	-9999.0000	27175	64140	-9999	1867	1751	-9999	334.2257	5	0.6531	0.6691	-0.0014	46.9761	2.7722	491.6794	294.9294	36.0923	456.3192	95.1184	484.6231	94.7230	491.0179	94.7010	495.9219	94.8108	
25/08/2017	00:53:14	019004	G523104934HLR	L523	S		423.1929	1.0233	10.0000	100.0186	39.9898	0.8230	0.8274	5.0000	20.4319	508.0553	94.8767	14.0514	24.3000	0.9300	0.9277	0.6688	-0.0014	508.0000	505.8709	1.0339	9.2619	100.0469	39.9161	0.8230	0.8249	5.0000	-9999.0000	-9999.0000	-9999.0000	-9999.0000	-9999.0000	-9999.0000	21.0931	1	0	26.7334	1.0000	11	1	-9999.0000	27176	64141	-9999	1868	1752	-9999	329.7534	5	0.6526	0.6688	-0.0014	55.6748	2.0197	467.6863	281.9718	37.2565	437.5559	95.1623	461.7869	94.5472	467.2425	94.2616	471.7219	94.5033	
25/08/2017	00:53:41	019004	G523104942HLR	L523	S		422.6647	1.0233	10.0000	100.0230	39.6913	0.8230	0.8271	5.0000	20.1613	508.0476	94.7889	13.7711	24.3000	0.9300	0.9277	0.6702	-0.0016	508.0000	506.4178	1.0339	9.3114	100.0264	40.1225	0.8230	0.8249	5.0000	-9999.0000	-9999.0000	-9999.0000	-9999.0000	-9999.0000	-9999.0000	19.9513	2	0	27.4229	1.0000	11	1	-9999.0000	27177	64142	-9999	1869	1753	-9999	329.6681	5	0.6522	0.6702	-0.0016	55.3269	2.0124	469.7052	291.4887	37.8716	436.2403	96.1728	463.4026	95.6456	469.2054	95.6676	473.0362	95.1403	
25/08/2017	00:54:08	019004	G523104874HLR	L523	S		430.3819	1.0233	10.0000	100.1442	39.6469	0.8230	0.8278	5.0000	19.8917	508.0629	94.5912	11.6517	24.2000	0.9300	0.9275	0.6710	-0.0016	508.0000	508.2716	1.0339	9.4793	100.0905	39.9061	0.8230	0.8245	5.0000	-9999.0000	-9999.0000	-9999.0000	-9999.0000	-9999.0000	-9999.0000	19.9924	3	0	26.7423	1.0000	11	1	-9999.0000	27178	64143	-9999	1870	1754	-9999	331.3165	5	0.6521	0.6710	-0.0016	54.2794	2.0675	476.8040	289.3314	37.1247	442.6149	95.7994	470.5972	95.2941	476.0616	95.2941	480.8155	95.0085	
25/08/2017	00:54:32	019004	G523104930HLR	L523	S		422.0197	1.0233	10.0000	100.0011	39.9487	0.8230	0.8282	5.0000	20.1722	508.0856	94.9207	14.4225	24.2000	0.9300	0.9273	0.6712	-0.0016	508.0000	506.6749	1.0339	9.3347	99.9770	39.7360	0.8230	0.8244	5.0000	-9999.0000	-9999.0000	-9999.0000	-9999.0000	-9999.0000	-9999.0000	20.9524	4	0	24.3630	1.0000	11	1	-9999.0000	27179	64144	-9999	1871	1755	-9999	329.0384	5	0.6524	0.6712	-0.0016	51.2513	2.3095	466.5303	288.0862	37.7837	433.7979	95.9751	460.3700	95.4039	466.0506	95.3820	470.6452	95.0085	
25/08/2017	00:54:59	019004	G523104897HLR	L523	S		421.7830	1.0233	10.0000	100.0880	40.0463	0.8230	0.8279	5.0000	20.0022	508.0460	94.8328	14.9616	24.1000	0.9300	0.9274	0.6552	-0.0003	508.0000	508.6222	1.0339	9.4852	100.0252	39.9151	0.8230	0.8249	5.0000	-9999.0000	-9999.0000	-9999.0000	-9999.0000	-9999.0000	-9999.0000	21.0727	5	0	26.3926	1.0000	11	1	-9999.0000	27179	64145	-9999	1872	1756	-9999	330.7966	5	0.6522	0.6552	-0.0003	57.2469	1.8321	473.8693	294.6739	37.7398	441.5739	95.7335	467.9659	95.2721	473.1923	95.2502	478.1610	95.0305	
25/08/2017	00:55:26	019004	G523104919HLR	L523	S		421.0392	1.0233	10.0000	100.0138	39.8209	0.8230	0.8273	5.0000	19.8614	508.0353	94.7669	15.7713	24.1000	0.9300	0.9272	0.6549	-0.0003	508.0000	509.0573	1.0339	9.4325	100.0462	40.0412	0.8230	0.8247	5.0000	-9999.0000	-9999.0000	-9999.0000	-9999.0000	-9999.0000	-9999.0000	21.0023	6	0	26.9337	1.0000	11	1	-9999.0000	27180	64146	-9999	1873	1757	-9999	330.5796	5	0.6520	0.6549	-0.0003	50.7775	2.3325	472.2903	302.1561	40.3539	445.4961	95.2721	466.9587	94.9207	471.8325	94.9426	475.4257	94.8767	
25/08/2017	00:55:53	019004	G523104901HLR	L523	S		424.6591	1.0233	10.0000	100.0660	39.6410	0.8230	0.8274	5.0000	20.4718	508.0416	94.7889	15.0114	24.1000	0.9300	0.9272	0.6546	-0.0003	508.0000	508.6242	1.0339	9.4850	100.0370	39.8932	0.8230	0.8244	5.0000	-9999.0000	-9999.0000	-9999.0000	-9999.0000	-9999.0000	-9999.0000	20.8323	7	0	26.9131	1.0000	11	1	-9999.0000	27180	64147	-9999	1874	1758	-9999	330.6548	5	0.6520	0.6546	-0.0003	51.0734	2.3133	474.1801	303.6264	40.2001	448.2912	95.0964	468.4308	94.8767	473.7152	94.8767	476.9276	94.8767	
25/08/2017	00:56:46	019004	G523104932HLR	L523	S		423.3817	1.0233	10.0000	100.1422	40.0625	0.8230	0.8280	5.0000	20.6527	508.0383	94.7889	14.7116	24.3000	0.9300	0.9277	0.6617	-0.0008	508.0000	506.7022	1.0339	9.3372	100.0209	39.8471	0.8230	0.8245	5.0000	-9999.0000	-9999.0000	-9999.0000	-9999.0000	-9999.0000	-9999.0000	20.4319	1	0	26.9326	1.0000	11	1	-9999.0000	27182	64148	-9999	1876	1759	-9999	330.2518	5	0.6516	0.6617	-0.0008	50.0402	2.4018	469.7748	277.8677	36.0483	437.4452	94.8328	462.2527	94.6131	469.1119	94.7889	473.9039	94.8548	
25/08/2017	00:57:10	019004	G523104907HLR	L523	S		422.4014	1.0233	10.0000	100.1458	39.9233	0.8230	0.8274	5.0000	19.9621	508.0473	94.7230	15.3015	24.2000	0.9300	0.9277	0.6630	-0.0009	508.0000	507.2054	1.0339	9.3828	99.9787	39.7069	0.8230	0.8246	5.0000	-9999.0000	-9999.0000	-9999.0000	-9999.0000	-9999.0000	-9999.0000	21.1927	2	0	24.0426	1.0000	11	1	-9999.0000	27183	64149	-9999	1877	1760	-9999	329.9876	5	0.6513	0.6630	-0.0009	49.0094	2.4719	468.4726	290.8090	38.3769	438.2052	95.3161	463.2300	94.8548	467.8932	94.8548	472.0454	94.8987	
25/08/2017	00:57:37	019004	G523104769HLR	L523	S		419.9192	1.0233	10.0000	100.0646	39.6817	0.8230	0.8273	5.0000	20.1419	508.0353	94.7010	15.2117	24.1000	0.9300	0.9273	0.6638	-0.0009	508.0000	508.1290	1.0339	9.4664	99.9739	39.9847	0.8230	0.8252	5.0000	-9999.0000	-9999.0000	-9999.0000	-9999.0000	-9999.0000	-9999.0000	20.0930	3	0	26.7032	1.0000	11	1	-9999.0000	27184	64150	-9999	1878	1761	-9999	330.1097	5	0.6513	0.6638	-0.0009	49.4195	2.4319	468.2957	282.2919	37.3444	437.4392	95.2502	461.7747	94.8328	467.6600	94.8987	471.9827	94.8767	
25/08/2017	00:58:01	019004	G523104777HLR	L523	S		423.0584	1.0233	10.0000	100.0078	39.7382	0.8230	0.8279	5.0000	20.0821	508.0574	94.7230	15.1520	24.1000	0.9300	0.9272	0.6638	-0.0009	508.0000	509.1853	1.0339	9.4170	99.9996	40.1006	0.8230	0.8247	5.0000	-9999.0000	-9999.0000	-9999.0000	-9999.0000	-9999.0000	-9999.0000	20.7924	4	0	24.0222	1.0000	11	1	-9999.0000	27185	64151	-9999	1879	1762	-9999	330.1636	5	0.6513	0.6638	-0.0009	49.4195	2.4319	469.0394	294.6613	37.0808	439.2388	95.6676	463.4951	95.0964	468.4732	95.1403	473.7213	94.9646	
25/08/2017	00:58:27	019004	G523104783HLR	L523	S		420.7423	1.0233	10.0000	100.1434	39.9878	0.8230	0.8282	5.0000	19.8323	508.0394	94.6790	15.2019	24.1000	0.9300	0.9273	0.6649	-0.0010	508.0000	509.7881	1.0339	9.3440	100.0300	39.8082	0.8230	0.8242	5.0000	-9999.0000	-9999.0000	-9999.0000	-9999.0000	-9999.0000	-9999.0000	20.7025	5	0	26.3730	1.0000	11	1	-9999.0000	27186	64152	-9999	1880	1763	-9999	330.2983	5	0.6515	0.6649	-0.0010	49.8980	2.3783	468.2958	285.6120	38.4867	436.1278	95.5138	462.2529	95.1184	467.6402	95.1184	472.3565	94.9646	
25/08/2017	00:58:54	019004	G523104920HLR	L523	S		428.7365	1.0233	10.0000	99.9330	39.9849	0.8230	0.8275	5.0000	20.2327	508.0651	94.5912	12.3715	24.1000	0.9300	0.9274	0.6647	-0.0010	508.0000	508.6539	1.0339	9.4814	100.0453	39.7335	0.8230	0.8246	5.0000	-9999.0000	-9999.0000	-9999.0000	-9999.0000	-9999.0000	-9999.0000	20.4417	6	0	26.4726	1.0000	11	1	-9999.0000	27187	64153	-9999	1881	1763	-9999	331.7039	5	0.6514	0.6647	-0.0010	50.4384	2.3270	479.1606	286.4126	37.5201	447.2828	95.3380	472.9619	94.9207	478.7403	94.8987	482.7414	94.8987	
25/08/2017	00:59:21	019004	G523104773HLR	L523	S		421.7552	1.0233	10.0000	100.0775	39.6981	0.8230	0.8272	5.0000	19.8224	508.0363	94.8328	14.8210	24.2000	0.9300	0.9276	0.6585	-0.0005	508.0000	508.2629	1.0339	9.4785	100.0636	40.0469	0.8230	0.8251	5.0000	-9999.0000	-9999.0000	-9999.0000	-9999.0000	-9999.0000	-9999.0000	20.6731	7	0	26.7237	1.0000	11	1	-9999.0000	27188	64154	-9999	1882	1764	-9999	330.4528	5	0.6506	0.6585	-0.0005	50.9401	2.3109	472.6883	288.7195	37.6739	441.9342	95.7774	466.8022	95.2941	472.3259	95.2941	476.4664	95.0085	
25/08/2017	00:59:48	019004	G523104900HLR	L523	S		348.7328	1.0233	8.4316	99.9833	39.6164	0.8230	0.8277	5.0000	20.3528	0.0000	0.0000	0.0000	0.0000	0.9300	0.0000	0.0000	0.0000	0.0000	456.0416	1.0339	4.7492	100.0705	40.0625	0.8230	0.8247	5.0000	-9999.0000	-9999.0000	-9999.0000	-9999.0000	-9999.0000	-9999.0000	20.2121	8	7	27.3028	1.0000	11	1	-9999.0000	27189	0	-9999	1883	1765	-9999	0.0000	0	0.0000	0.0000	0.0000	0.0000	0.0000	0.0000	0.0000	0.0000	0.0000	0.0000	0.0000	0.0000	0.0000	0.0000	0.0000	0.0000	
25/08/2017	01:00:14	019004	G523104768HLR	L523	S		424.1401	1.0233	10.0000	99.9202	39.9487	0.8230	0.8284	5.0000	19.8422	508.0505	94.8328	14.5016	24.4000	0.9300	0.9280	0.6591	-0.0006	508.0000	507.3138	1.0339	9.3926	100.0349	39.7567	0.8230	0.8242	5.0000	-9999.0000	-9999.0000	-9999.0000	-9999.0000	-9999.0000	-9999.0000	20.7327	1	0	25.7627	1.0000	11	1	-9999.0000	27190	64155	-9999	1884	1766	-9999	330.3211	5	0.6500	0.6591	-0.0006	48.9841	2.4623	472.6862	270.7159	36.5316	442.8208	95.0744	466.6628	94.9646	472.0398	95.0964	476.2754	94.9646	
25/08/2017	01:00:41	019004	G523104757HLR	L523	S		422.6810	1.0233	10.0000	99.9821	40.0897	0.8230	0.8279	5.0000	19.7317	508.0543	94.7889	14.6813	24.2000	0.9300	0.9276	0.6625	-0.0008	508.0000	507.9226	1.0339	9.4477	99.8753	39.8273	0.8230	0.8248	5.0000	-9999.0000	-9999.0000	-9999.0000	-9999.0000	-9999.0000	-9999.0000	20.4027	2	0	26.8926	1.0000	11	1	-9999.0000	27191	64155	-9999	1885	1767	-9999	330.3486	5	0.6500	0.6625	-0.0008	49.8780	2.4037	471.1751	288.9837	39.4093	440.2812	95.6236	464.6230	95.2062	470.6306	95.1843	474.6621	94.9646	
25/08/2017	01:01:07	019004	G523104753HLR	L523	S		422.6553	1.0233	10.0000	100.0140	39.8570	0.8230	0.8273	5.0000	19.9427	508.0391	94.7230	14.9714	24.1000	0.9300	0.9275	0.6616	-0.0008	508.0000	509.1193	1.0339	9.4250	99.9830	40.0703	0.8230	0.8250	5.0000	-9999.0000	-9999.0000	-9999.0000	-9999.0000	-9999.0000	-9999.0000	20.3527	3	0	26.4530	1.0000	11	1	-9999.0000	27192	64156	-9999	1886	1768	-9999	330.3763	5	0.6501	0.6616	-0.0008	49.9528	2.4066	470.6024	259.2206	38.0473	437.8380	95.4259	464.4574	95.0744	470.1022	95.0744	474.1330	94.9426	
25/08/2017	01:01:33	019004	G523104748HLR	L523	S		421.7896	1.0233	10.0000	100.0428	39.6410	0.8230	0.8274	5.0000	19.9514	508.0392	94.7230	15.6316	24.2000	0.9300	0.9275	0.6616	-0.0008	508.0000	508.6062	1.0339	9.4871	100.0511	39.9796	0.8230	0.8245	5.0000	-9999.0000	-9999.0000	-9999.0000	-9999.0000	-9999.0000	-9999.0000	20.3322	4	0	26.1729	1.0000	11	1	-9999.0000	27193	64157	-9999	1887	1769	-9999	330.1082	5	0.6501	0.6616	-0.0008	49.9528	2.4066	469.3039	292.1922	38.7942	437.2426	95.3820	463.1908	95.0744	468.5103	95.0964	472.9437	94.9646	
25/08/2017	01:01:57	019004	G523106897HLR	L523	S		424.1908	1.0233	10.0000	100.1091	39.8461	0.8230	0.8282	5.0000	20.2728	508.0630	94.7449	14.0914	24.1000	0.9300	0.9274	0.6640	-0.0009	508.0000	508.1068	1.0339	9.4644	100.0168	39.7161	0.8230	0.8243	5.0000	-9999.0000	-9999.0000	-9999.0000	-9999.0000	-9999.0000	-9999.0000	20.7630	5	0	24.1131	1.0000	11	1	-9999.0000	27194	64158	-9999	1888	1770	-9999	330.7166	5	0.6501	0.6640	-0.0009	48.8898	2.4585	471.7129	286.8648	37.0588	418.7930	95.5358	465.9097	95.1843	471.1409	95.1843	476.1770	95.0085	
25/08/2017	01:02:22	019004	G523106930HLR	L523	S		422.1124	1.0233	10.0000	99.8584	40.0744	0.8230	0.8280	5.0000	19.8929	508.0519	94.7230	15.2517	24.2000	0.9300	0.9275	0.6646	-0.0010	508.0000	507.5596	1.0339	9.4148	100.0412	39.8461	0.8230	0.8249	5.0000	-9999.0000	-9999.0000	-9999.0000	-9999.0000	-9999.0000	-9999.0000	20.7317	6	0	24.8728	1.0000	11	1	-9999.0000	27195	64159	-9999	1889	1771	-9999	330.1367	5	0.6502	0.6646	-0.0010	49.7867	2.3967	468.5743	289.2965	38.4867	436.6180	95.6676	462.2935	95.1843	467.9961	95.1184	472.2977	94.9426	
25/08/2017	01:02:50	019004	G523106893HLR	L523	S		421.2021	1.0233	10.0000	100.1194	39.9112	0.8230	0.8274	5.0000	19.7630	508.0669	94.6790	14.7116	24.1000	0.9300	0.9273	0.6655	-0.0010	508.0000	508.3842	1.0339	9.4895	100.0267	40.0607	0.8230	0.8249	5.0000	-9999.0000	-9999.0000	-9999.0000	-9999.0000	-9999.0000	-9999.0000	20.8919	7	0	27.6330	1.0000	11	1	-9999.0000	27196	64160	-9999	1890	1772	-9999	330.3364	5	0.6501	0.6655	-0.0010	48.1195	2.5292	469.1260	289.5266	36.6854	437.0095	95.4698	463.1469	95.0744	468.5934	95.1843	473.1560	95.0085	
25/08/2017	01:03:16	019004	G523106903HLR	L523	S		422.3123	1.0233	10.0000	100.0050	39.6641	0.8230	0.8273	5.0000	19.8723	508.0430	94.7010	14.5807	24.1000	0.9300	0.9272	0.6652	-0.0010	508.0000	508.2162	1.0339	9.4743	100.0012	39.8733	0.8230	0.8240	5.0000	-9999.0000	-9999.0000	-9999.0000	-9999.0000	-9999.0000	-9999.0000	24.2527	8	0	25.9324	1.0000	11	1	-9999.0000	27197	64161	-9999	1891	1772	-9999	330.2949	5	0.6498	0.6652	-0.0010	50.2554	2.3912	469.0136	288.5421	36.1582	437.9337	95.1843	462.6014	94.7010	468.4398	94.7230	473.1531	94.8108	
25/08/2017	01:03:39	019004	G523106917HLR	L523	S		432.7651	1.0233	10.0000	100.1351	39.7435	0.8230	0.8279	5.0000	20.1526	508.0445	94.8767	10.2707	24.1000	0.9300	0.9274	0.6668	-0.0012	508.0000	508.4440	1.0339	9.4949	100.0280	39.7388	0.8230	0.8244	5.0000	-9999.0000	-9999.0000	-9999.0000	-9999.0000	-9999.0000	-9999.0000	20.3723	1	0	23.7527	1.0000	11	1	-9999.0000	27198	64162	-9999	1892	1773	-9999	332.8077	5	0.6499	0.6668	-0.0012	48.5408	2.5206	483.3541	289.4797	38.0254	450.4118	95.0305	476.3629	94.6790	482.7403	94.6790	487.4960	94.7889	
25/08/2017	01:04:04	019004	G523102200HLR	L523	S		423.6545	1.0233	10.0000	99.9944	40.0031	0.8230	0.8283	5.0000	19.9817	508.0565	94.9646	13.2417	24.2000	0.9300	0.9275	0.6661	-0.0011	508.0000	506.8254	1.0339	9.3483	99.9605	39.8744	0.8230	0.8249	5.0000	-9999.0000	-9999.0000	-9999.0000	-9999.0000	-9999.0000	-9999.0000	20.4017	2	0	24.1033	1.0000	11	1	-9999.0000	27199	64163	-9999	1892	1774	-9999	331.0641	5	0.6500	0.6661	-0.0011	52.1922	2.2441	473.2785	289.6506	38.4208	440.9867	95.6676	466.8654	95.1843	472.7457	95.1184	476.9541	94.7230	
25/08/2017	01:04:29	019004	G523106927HLR	L523	S		428.4701	1.0233	10.0000	100.0247	40.0025	0.8230	0.8278	5.0000	19.9124	508.0385	94.5912	12.2221	24.1000	0.9300	0.9273	0.6647	-0.0010	508.0000	508.9494	1.0339	9.4456	99.9906	40.0734	0.8230	0.8249	5.0000	-9999.0000	-9999.0000	-9999.0000	-9999.0000	-9999.0000	-9999.0000	20.4720	3	0	24.9519	1.0000	11	1	-9999.0000	27200	64164	-9999	1893	1775	-9999	331.5340	5	0.6501	0.6647	-0.0010	50.5009	2.3814	478.2652	289.9175	38.4208	445.3972	95.5138	471.2870	95.0744	477.6321	95.0525	482.1030	94.9426	
25/08/2017	01:04:54	019004	G523103148HLR	L523	S		438.0385	1.0233	10.0000	100.0293	39.7736	0.8230	0.8272	5.0000	20.0423	508.0290	94.8548	8.8613	24.1000	0.9300	0.9272	0.6633	-0.0009	508.0000	508.1731	1.0339	9.4704	99.9097	39.9172	0.8230	0.8243	5.0000	-9999.0000	-9999.0000	-9999.0000	-9999.0000	-9999.0000	-9999.0000	21.1820	4	0	25.0829	1.0000	11	4	-9999.0000	27201	64165	-9999	1894	1776	-9999	332.9883	5	0.6503	0.6633	-0.0009	52.7325	2.2202	490.5712	251.1676	37.2126	456.0070	95.1843	484.0120	94.7669	490.0929	94.8767	494.3383	94.8548	
25/08/2017	01:05:42	019004	G523104001HLR	L523	S		425.7594	1.0233	10.0000	100.1828	39.8619	0.8230	0.8284	5.0000	20.0130	508.0480	95.0085	12.4409	24.3000	0.9300	0.9277	0.6659	-0.0011	508.0000	506.6844	1.0339	9.3356	99.9623	39.8549	0.8230	0.8247	5.0000	-9999.0000	-9999.0000	-9999.0000	-9999.0000	-9999.0000	-9999.0000	19.9524	6	0	24.8025	1.0000	11	4	-9999.0000	27203	64166	-9999	1896	1777	-9999	331.6238	5	0.6508	0.6659	-0.0011	54.5822	2.0937	476.6540	269.1600	38.0034	444.0898	94.8987	470.8767	94.6571	476.1718	94.4594	480.4965	94.5472	
25/08/2017	01:06:02	019004	error reading	L523	S		0.0000	0.0000	0.0000	0.0000	0.0000	0.8230	0.0000	0.0000	0.0000	0.0000	0.0000	0.0000	0.0000	0.9300	0.0000	0.0000	0.0000	0.0000	0.0000	0.0000	0.0000	0.0000	0.0000	0.8230	0.0000	0.0000	0.0000	0.0000	0.0000	0.0000	0.0000	0.0000	0.0000	0	28	24.8025	1.0000	11	4	0.0000	0	0	0	0	0	0	0.0000	0	0.0000	0.0000	0.0000	0.0000	0.0000	0.0000	0.0000	0.0000	0.0000	0.0000	0.0000	0.0000	0.0000	0.0000	0.0000	0.0000	
25/08/2017	01:06:19	019004	G523104012HLR	L523	S		434.5319	1.0233	10.0000	99.9709	40.1262	0.8230	0.8281	5.0000	19.9222	508.0724	94.8108	9.6417	24.1000	0.9300	0.9274	0.6643	-0.0010	508.0000	507.8891	1.0339	9.4447	100.0028	39.7087	0.8230	0.8245	5.0000	-9999.0000	-9999.0000	-9999.0000	-9999.0000	-9999.0000	-9999.0000	21.5131	7	0	37.4046	1.0000	11	4	-9999.0000	27204	64167	-9999	1897	1778	-9999	332.8026	5	0.6509	0.6643	-0.0010	54.5591	2.1092	488.4539	284.3768	37.6959	454.5772	95.4698	482.2092	95.0744	487.8807	95.2062	491.9123	95.0085	
25/08/2017	01:06:44	019004	G523104004HLR	L523	S		433.9865	1.0233	10.0000	99.9255	39.9067	0.8230	0.8270	5.0000	21.4624	508.0526	94.8328	10.3205	24.1000	0.9300	0.9272	0.6637	-0.0009	508.0000	508.2727	1.0339	9.4794	99.9642	39.9487	0.8230	0.8247	5.0000	-9999.0000	-9999.0000	-9999.0000	-9999.0000	-9999.0000	-9999.0000	23.5535	8	0	24.4823	1.0000	11	4	-9999.0000	27205	64168	-9999	1898	1779	-9999	332.3723	5	0.6513	0.6637	-0.0009	53.5498	2.1830	485.3701	288.3293	36.6634	450.9427	94.7889	479.2733	94.3715	484.7731	94.3056	488.9032	94.4374	
25/08/2017	01:07:08	019004	G523104013HLR	L523	S		435.7388	1.0233	10.0000	99.8939	39.6211	0.8230	0.8269	5.0000	21.8628	508.0835	94.8548	9.1612	24.2000	0.9300	0.9274	0.6637	-0.0009	508.0000	507.5075	1.0339	9.4101	100.0480	40.0551	0.8230	0.8243	5.0000	-9999.0000	-9999.0000	-9999.0000	-9999.0000	-9999.0000	-9999.0000	21.2025	1	0	24.1728	1.0000	11	4	-9999.0000	27206	64169	-9999	1899	1780	-9999	332.9666	5	0.6513	0.6637	-0.0009	53.5498	2.1830	489.8394	279.0489	36.9929	455.3299	94.7889	482.9969	94.5912	489.2647	94.7010	492.7903	94.6131	
25/08/2017	01:07:31	019004	G523104019HLR	L523	S		431.0869	1.0233	10.0000	99.9774	39.6410	0.8230	0.8279	5.0000	19.9718	508.0568	94.9426	10.7707	24.2000	0.9300	0.9275	0.6635	-0.0009	508.0000	507.0433	1.0339	9.3681	99.9808	39.6934	0.8230	0.8242	5.0000	-9999.0000	-9999.0000	-9999.0000	-9999.0000	-9999.0000	-9999.0000	20.7024	2	0	23.5531	1.0000	11	4	-9999.0000	27207	64170	-9999	1900	1781	-9999	332.2142	5	0.6519	0.6635	-0.0009	53.5349	2.1827	484.4710	298.9273	40.0683	455.5639	95.2062	477.8401	94.8987	484.0111	94.6790	487.4089	94.6351	
25/08/2017	01:07:52	019004	error reading	L523	S		0.0000	0.0000	0.0000	0.0000	0.0000	0.8230	0.0000	0.0000	0.0000	0.0000	0.0000	0.0000	0.0000	0.9300	0.0000	0.0000	0.0000	0.0000	0.0000	0.0000	0.0000	0.0000	0.0000	0.8230	0.0000	0.0000	0.0000	0.0000	0.0000	0.0000	0.0000	0.0000	0.0000	0	28	23.5531	1.0000	11	4	0.0000	0	0	0	0	0	0	0.0000	0	0.0000	0.0000	0.0000	0.0000	0.0000	0.0000	0.0000	0.0000	0.0000	0.0000	0.0000	0.0000	0.0000	0.0000	0.0000	0.0000	
25/08/2017	01:28:36	019004	G523104014HLR	L523	S		432.2980	1.0233	10.0000	99.9714	40.0480	0.8230	0.8284	5.0000	19.8625	508.0449	94.8767	10.0412	24.3000	0.9300	0.9276	0.6637	-0.0009	508.0000	507.1192	1.0339	9.3749	100.0204	39.7435	0.8230	0.8249	5.0000	-9999.0000	-9999.0000	-9999.0000	-9999.0000	-9999.0000	-9999.0000	20.2718	3	0	1264.4906	1.0000	11	4	-9999.0000	27208	64171	-9999	1901	1782	-9999	332.6657	5	0.6525	0.6637	-0.0009	48.1398	2.6127	487.6230	297.5775	38.9041	458.6691	95.2062	480.6952	95.0525	487.1310	95.1184	490.2491	94.8548	
25/08/2017	01:29:05	019004	G523104022HLR	L523	S		431.4282	1.0233	10.0000	99.9418	40.1350	0.8230	0.8278	5.0000	20.2230	508.0494	94.8548	10.4211	24.4000	0.9300	0.9276	0.6633	-0.0009	508.0000	507.4271	1.0339	9.4028	100.0117	40.1538	0.8230	0.8251	5.0000	-9999.0000	-9999.0000	-9999.0000	-9999.0000	-9999.0000	-9999.0000	20.6418	4	0	28.7435	1.0000	11	4	-9999.0000	27209	64172	-9999	1902	1783	-9999	332.4501	5	0.6528	0.6633	-0.0009	46.4254	2.7597	485.6120	279.0548	37.5201	450.7514	95.2502	479.2571	95.0525	484.8544	95.1843	488.8621	94.7889	
25/08/2017	01:29:29	019004	G523104009HLR	L523	S		336.2197	1.0233	8.1291	100.0500	39.7290	0.8230	0.8272	5.0000	19.8820	0.0000	0.0000	0.0000	0.0000	0.9300	0.0000	0.0000	0.0000	0.0000	411.3329	1.0339	0.7003	99.9591	39.9653	0.8230	0.8250	5.0000	-9999.0000	-9999.0000	-9999.0000	-9999.0000	-9999.0000	-9999.0000	25.5236	5	7	24.3122	1.0000	11	4	-9999.0000	27210	0	-9999	1903	1784	-9999	0.0000	0	0.0000	0.0000	0.0000	0.0000	0.0000	0.0000	0.0000	0.0000	0.0000	0.0000	0.0000	0.0000	0.0000	0.0000	0.0000	0.0000	
25/08/2017	01:29:53	019004	G523104030HLR	L523	S		434.5976	1.0233	10.0000	100.2537	39.5384	0.8230	0.8275	5.0000	20.4417	508.0482	94.8548	9.5206	24.3000	0.9300	0.9274	0.6636	-0.0009	508.0000	507.3129	1.0339	9.3925	100.0319	39.6232	0.8230	0.8242	5.0000	-9999.0000	-9999.0000	-9999.0000	-9999.0000	-9999.0000	-9999.0000	20.9221	6	0	23.9831	1.0000	11	4	-9999.0000	27210	64173	-9999	1904	1785	-9999	332.9897	5	0.6539	0.6636	-0.0009	46.2904	2.7716	488.1108	262.5758	35.4113	451.6981	95.0964	481.8598	94.9426	487.3477	95.1403	492.1030	94.8328	
25/08/2017	01:30:13	019004	error reading	L523	S		0.0000	0.0000	0.0000	0.0000	0.0000	0.8230	0.0000	0.0000	0.0000	0.0000	0.0000	0.0000	0.0000	0.9300	0.0000	0.0000	0.0000	0.0000	0.0000	0.0000	0.0000	0.0000	0.0000	0.8230	0.0000	0.0000	0.0000	0.0000	0.0000	0.0000	0.0000	0.0000	0.0000	0	28	23.9831	1.0000	11	4	0.0000	0	0	0	0	0	0	0.0000	0	0.0000	0.0000	0.0000	0.0000	0.0000	0.0000	0.0000	0.0000	0.0000	0.0000	0.0000	0.0000	0.0000	0.0000	0.0000	0.0000	
25/08/2017	01:30:53	019004	G523104038HLR	L523	S		436.4620	1.0233	10.0000	100.1243	40.1538	0.8230	0.8283	5.0000	19.9828	508.0673	94.7449	9.2403	24.4000	0.9300	0.9277	0.6608	-0.0006	508.0000	509.0874	1.0339	9.4289	100.0256	39.8095	0.8230	0.8252	5.0000	-9999.0000	-9999.0000	-9999.0000	-9999.0000	-9999.0000	-9999.0000	20.7426	8	0	24.9130	1.0000	11	4	-9999.0000	27212	64174	-9999	1906	1786	-9999	333.1508	5	0.6546	0.6608	-0.0006	45.6819	2.8390	490.3509	251.5048	37.3883	455.0628	95.1184	484.5495	95.0085	489.7992	95.0525	494.1230	94.7889	
25/08/2017	01:31:17	019004	G523104025HLR	L523	S		440.9776	1.0233	10.0000	100.0974	39.2600	0.8230	0.8272	5.0000	19.9524	508.0572	94.9646	10.4113	24.3000	0.9300	0.9276	0.6608	-0.0006	508.0000	507.2921	1.0339	9.3906	100.0143	39.6893	0.8230	0.8244	5.0000	-9999.0000	-9999.0000	-9999.0000	-9999.0000	-9999.0000	-9999.0000	21.6126	1	0	23.2820	1.0000	11	4	-9999.0000	27213	64175	-9999	1907	1787	-9999	332.8037	5	0.6546	0.6608	-0.0006	45.6819	2.8390	486.1533	296.0591	39.1677	457.7358	94.8767	480.6339	94.3495	485.4164	94.1518	489.8034	94.5033	
25/08/2017	01:31:42	019004	G523104043HLR	L523	S		443.1461	1.0233	10.0000	100.1014	39.4962	0.8230	0.8289	5.0000	20.1222	508.0323	94.9207	9.1914	24.1000	0.9300	0.9274	0.6593	-0.0004	508.0000	508.1920	1.0339	9.4721	100.0233	39.5384	0.8230	0.8248	5.0000	-9999.0000	-9999.0000	-9999.0000	-9999.0000	-9999.0000	-9999.0000	19.8019	2	0	25.1535	1.0000	11	4	-9999.0000	27214	64176	-9999	1908	1788	-9999	333.1605	5	0.6549	0.6593	-0.0004	45.4097	2.8663	491.2616	288.4202	37.5860	460.6100	95.0744	484.4663	94.5692	490.5516	94.5692	494.6645	94.6351	
25/08/2017	01:32:05	019004	G523104046HLR	L523	S		443.1952	1.0233	10.0000	99.9793	40.1538	0.8230	0.8291	5.0000	20.7716	508.0452	94.8767	8.7617	24.1000	0.9300	0.9272	0.6593	-0.0004	508.0000	508.2635	1.0339	9.4786	99.9846	39.7958	0.8230	0.8251	5.0000	-9999.0000	-9999.0000	-9999.0000	-9999.0000	-9999.0000	-9999.0000	21.8421	3	0	23.2717	1.0000	11	4	-9999.0000	27215	64177	-9999	1909	1789	-9999	333.2606	5	0.6549	0.6593	-0.0004	45.4097	2.8663	491.9140	295.3169	38.5306	463.3632	95.1184	486.5706	94.4813	491.3643	94.2177	495.5476	94.5033	
25/08/2017	01:32:28	019004	G523104050HLR	L523	S		441.8528	1.0233	10.0000	99.9567	40.1337	0.8230	0.8278	5.0000	20.1224	508.0738	94.9646	9.6407	24.1000	0.9300	0.9272	0.6582	-0.0003	508.0000	508.5737	1.0339	9.4911	100.0297	40.0476	0.8230	0.8252	5.0000	-9999.0000	-9999.0000	-9999.0000	-9999.0000	-9999.0000	-9999.0000	19.8821	4	0	23.2731	1.0000	11	4	-9999.0000	27216	64178	-9999	1910	1790	-9999	333.0192	5	0.6552	0.6582	-0.0003	46.0912	2.8055	489.1176	284.6474	36.7293	458.7363	94.5033	483.2534	94.2397	488.7874	94.1738	492.3195	94.5692	
25/08/2017	01:32:52	019004	G523104053HLR	L523	S		440.4083	1.0233	10.0000	100.0149	39.4705	0.8230	0.8269	5.0000	19.7619	508.0398	94.8548	10.5715	24.1000	0.9300	0.9273	0.6589	-0.0004	508.0000	508.7676	1.0339	9.4676	99.9809	39.7966	0.8230	0.8244	5.0000	-9999.0000	-9999.0000	-9999.0000	-9999.0000	-9999.0000	-9999.0000	19.9621	5	0	23.4420	1.0000	11	4	-9999.0000	27217	64179	-9999	1911	1791	-9999	332.9102	5	0.6553	0.6589	-0.0004	47.3727	2.6884	488.0300	292.3791	38.5087	457.3077	95.1843	482.6205	94.8548	487.5508	94.8328	490.7445	94.7669	
25/08/2017	01:33:16	019004	G523104075HLR	L523	S		438.3274	1.0233	10.0000	100.0091	39.3333	0.8230	0.8279	5.0000	20.0021	508.0406	94.7230	11.3216	24.1000	0.9300	0.9274	0.6580	-0.0003	508.0000	509.6790	1.0339	9.3572	99.9294	39.5255	0.8230	0.8245	5.0000	-9999.0000	-9999.0000	-9999.0000	-9999.0000	-9999.0000	-9999.0000	20.0325	6	0	24.6728	1.0000	11	4	-9999.0000	27218	64180	-9999	1912	1792	-9999	332.8360	5	0.6554	0.6580	-0.0003	48.6235	2.5598	486.2367	292.7991	37.1906	456.4679	95.3380	480.5270	95.0085	485.7486	94.9866	489.4099	94.7230	
25/08/2017	01:33:40	019004	G523104031HLR	L523	S		440.9710	1.0233	10.0000	99.9785	39.8674	0.8230	0.8290	5.0000	20.4817	508.0711	94.8767	9.5714	24.0000	0.9300	0.9272	0.6580	-0.0003	508.0000	509.0424	1.0339	9.4343	100.0169	39.7435	0.8230	0.8251	5.0000	-9999.0000	-9999.0000	-9999.0000	-9999.0000	-9999.0000	-9999.0000	21.3626	7	0	23.6432	1.0000	11	4	-9999.0000	27219	64181	-9999	1913	1793	-9999	333.1147	5	0.6554	0.6580	-0.0003	27.9543	4.5241	491.3239	297.5822	37.2346	459.3275	95.5577	485.2880	95.1843	490.7339	95.2282	494.4646	94.9646	
25/08/2017	01:34:04	019004	G523104070HLR	L523	S		441.7306	1.0233	10.0000	100.0090	40.2494	0.8230	0.8284	5.0000	19.7521	508.0330	94.8328	9.0518	24.1000	0.9300	0.9274	0.6563	-0.0001	508.0000	508.6267	1.0339	9.4847	100.0188	40.1538	0.8230	0.8253	5.0000	-9999.0000	-9999.0000	-9999.0000	-9999.0000	-9999.0000	-9999.0000	20.2521	8	0	23.8922	1.0000	11	4	-9999.0000	27220	64182	-9999	1914	1794	-9999	333.1076	5	0.6555	0.6563	-0.0001	29.4246	4.2891	492.7287	299.1919	39.9805	466.8796	95.4918	488.7803	95.0964	492.2706	94.9646	496.4581	94.6790	
25/08/2017	01:34:28	019004	G523104065HLR	L523	S		439.0010	1.0233	10.0000	99.9053	39.8746	0.8230	0.8271	5.0000	19.9525	508.0505	94.8767	9.5616	24.1000	0.9300	0.9274	0.6569	-0.0002	508.0000	508.9022	1.0339	9.4513	100.0664	39.9098	0.8230	0.8244	5.0000	-9999.0000	-9999.0000	-9999.0000	-9999.0000	-9999.0000	-9999.0000	20.2728	1	0	23.9627	1.0000	11	4	-9999.0000	27221	64183	-9999	1915	1795	-9999	333.0314	5	0.6554	0.6569	-0.0002	37.3302	3.3537	491.3721	292.3271	40.6834	464.1468	95.3820	486.0776	95.0525	490.8638	94.8987	494.4854	94.7010	
25/08/2017	01:34:52	019004	G523104062HLR	L523	S		439.9946	1.0233	10.0000	100.0024	39.4375	0.8230	0.8270	5.0000	20.1625	508.0595	94.8328	9.5206	24.1000	0.9300	0.9275	0.6617	-0.0007	508.0000	508.5274	1.0339	9.4967	100.0552	39.5362	0.8230	0.8242	5.0000	-9999.0000	-9999.0000	-9999.0000	-9999.0000	-9999.0000	-9999.0000	20.6117	2	0	23.8933	1.0000	11	4	-9999.0000	27222	64184	-9999	1915	1796	-9999	333.0439	5	0.6552	0.6617	-0.0007	51.7973	1.8076	489.3016	296.4509	38.4428	460.9167	95.3820	483.6977	95.1403	488.8215	95.0305	492.4647	94.8108	
25/08/2017	01:35:15	019004	G523104059HLR	L523	S		439.6246	1.0233	10.0000	99.9183	39.5317	0.8230	0.8282	5.0000	19.7316	508.0319	94.8108	9.8409	24.1000	0.9300	0.9276	0.6614	-0.0007	508.0000	508.2829	1.0339	9.4803	100.0684	39.6410	0.8230	0.8251	5.0000	-9999.0000	-9999.0000	-9999.0000	-9999.0000	-9999.0000	-9999.0000	20.5921	3	0	23.4019	1.0000	11	4	-9999.0000	27223	64185	-9999	1916	1797	-9999	332.7937	5	0.6550	0.6614	-0.0007	51.3803	1.7181	488.3189	300.6678	40.2880	461.6311	95.2941	482.5088	95.1843	487.7123	95.0305	491.9233	94.7669	
25/08/2017	01:35:39	019004	G523104724HLR	L523	S		433.5358	1.0233	10.0000	100.0364	40.0121	0.8230	0.8289	5.0000	20.0324	508.0530	94.8987	12.0609	24.2000	0.9300	0.9279	0.6618	-0.0007	508.0000	507.9945	1.0339	9.4542	100.0593	40.1538	0.8230	0.8256	5.0000	-9999.0000	-9999.0000	-9999.0000	-9999.0000	-9999.0000	-9999.0000	19.9221	4	0	24.0028	1.0000	11	4	-9999.0000	27224	64186	-9999	1917	1798	-9999	331.9246	5	0.6550	0.6618	-0.0007	53.1688	1.5022	481.2933	298.7178	38.1352	455.0968	95.4698	475.5334	95.1843	480.9604	95.1403	484.5219	94.8328	
25/08/2017	01:36:06	019004	G523104073HLR	L523	S		440.1653	1.0233	10.0000	99.9691	40.1522	0.8230	0.8280	5.0000	20.2630	508.0819	94.9426	9.0703	24.1000	0.9300	0.9277	0.6619	-0.0007	508.0000	507.8653	1.0339	9.4425	100.0725	40.0985	0.8230	0.8245	5.0000	-9999.0000	-9999.0000	-9999.0000	-9999.0000	-9999.0000	-9999.0000	20.6419	5	0	27.0127	1.0000	11	4	-9999.0000	27225	64187	-9999	1918	1799	-9999	332.9220	5	0.6548	0.6619	-0.0007	52.0698	1.6016	491.4234	266.0166	39.8047	461.5583	95.7115	486.0369	95.2941	490.7494	95.3600	494.7267	95.0744	
25/08/2017	01:36:29	019004	G523104083HLR	L523	S		439.2954	1.0233	10.0000	100.2428	39.7781	0.8230	0.8271	5.0000	19.9515	508.0615	94.9207	10.0011	24.1000	0.9300	0.9275	0.6626	-0.0008	508.0000	508.6068	1.0339	9.4871	99.9287	39.6670	0.8230	0.8241	5.0000	-9999.0000	-9999.0000	-9999.0000	-9999.0000	-9999.0000	-9999.0000	20.3723	6	0	23.1737	1.0000	11	4	-9999.0000	27226	64188	-9999	1919	1800	-9999	332.5632	5	0.6548	0.6626	-0.0008	50.3155	1.7720	487.2968	280.2402	38.3549	459.3552	95.6456	482.1550	95.0744	486.7829	94.8767	490.5533	94.5912	
25/08/2017	01:36:53	019004	G523104088HLR	L523	S		441.5331	1.0233	10.0000	100.0334	39.4608	0.8230	0.8273	5.0000	19.8216	508.0711	94.8767	9.0508	24.1000	0.9300	0.9277	0.6633	-0.0009	508.0000	508.6564	1.0339	9.4811	100.0101	39.6410	0.8230	0.8249	5.0000	-9999.0000	-9999.0000	-9999.0000	-9999.0000	-9999.0000	-9999.0000	19.8224	7	0	23.8120	1.0000	11	4	-9999.0000	27227	64189	-9999	1920	1801	-9999	332.9774	5	0.6547	0.6633	-0.0009	47.4495	2.1010	490.6556	290.2622	38.5746	456.5759	95.4698	484.4819	95.2062	490.3122	95.1184	493.4623	94.8328	
25/08/2017	01:37:19	019004	G523104076HLR	L523	S		438.1441	1.0233	10.0000	99.9534	39.6410	0.8230	0.8283	5.0000	20.0727	508.0413	94.9207	10.3508	24.2000	0.9300	0.9278	0.6611	-0.0007	508.0000	508.0562	1.0339	9.4598	100.0483	40.0512	0.8230	0.8255	5.0000	-9999.0000	-9999.0000	-9999.0000	-9999.0000	-9999.0000	-9999.0000	20.0325	8	0	26.1230	1.0000	11	4	-9999.0000	27228	64190	-9999	1921	1802	-9999	332.4102	5	0.6545	0.6611	-0.0007	45.4562	2.3360	487.3260	288.1255	38.6844	453.2922	94.9426	480.5165	94.6571	486.8415	94.5253	489.7381	94.4813	
25/08/2017	01:37:44	019004	G523103658HLR	L523	S		423.1164	1.0233	10.0000	100.1323	40.0512	0.8230	0.8287	5.0000	19.8723	508.0496	94.8767	15.2917	24.3000	0.9300	0.9280	0.6610	-0.0007	508.0000	507.9294	1.0339	9.4483	99.9454	40.0498	0.8230	0.8243	5.0000	-9999.0000	-9999.0000	-9999.0000	-9999.0000	-9999.0000	-9999.0000	22.8032	1	0	24.1727	1.0000	11	4	-9999.0000	27229	64191	-9999	1922	1803	-9999	330.7849	5	0.6545	0.6610	-0.0007	48.7098	2.0320	470.6195	279.7640	37.0149	438.7595	95.4479	463.8618	95.1403	470.0141	95.1843	473.7623	94.8328	
25/08/2017	01:38:08	019004	G523104725HLR	L523	S		432.1808	1.0233	10.0000	100.0098	40.0946	0.8230	0.8278	5.0000	20.2815	508.0489	94.7230	11.0510	24.2000	0.9300	0.9279	0.6609	-0.0007	508.0000	507.0719	1.0339	9.3707	100.0333	39.6924	0.8230	0.8241	5.0000	-9999.0000	-9999.0000	-9999.0000	-9999.0000	-9999.0000	-9999.0000	20.7923	2	0	24.1325	1.0000	11	4	-9999.0000	27230	64192	-9999	1923	1804	-9999	332.1675	5	0.6544	0.6609	-0.0007	53.3461	1.5670	483.8985	280.5620	39.0139	451.3271	95.8653	477.8781	95.3600	483.0361	95.4039	487.6787	95.0305	
25/08/2017	01:38:31	019004	G523104697HLR	L523	S		434.8526	1.0233	10.0000	100.0419	39.6889	0.8230	0.8272	5.0000	19.9524	508.0378	94.8767	10.7111	24.1000	0.9300	0.9276	0.6607	-0.0006	508.0000	507.0615	1.0339	9.3697	100.1050	39.6410	0.8230	0.8247	5.0000	-9999.0000	-9999.0000	-9999.0000	-9999.0000	-9999.0000	-9999.0000	20.8127	3	0	23.6326	1.0000	11	4	-9999.0000	27231	64193	-9999	1924	1805	-9999	332.2288	5	0.6544	0.6607	-0.0006	47.1974	2.2106	484.2077	288.6934	36.5755	451.0300	95.8433	478.3903	95.1623	483.7924	95.1184	487.8436	94.9426	
25/08/2017	01:38:58	019004	G523104694HLR	L523	S		432.6594	1.0233	10.0000	100.0135	39.4608	0.8230	0.8276	5.0000	20.3020	508.0578	94.7010	11.5609	24.1000	0.9300	0.9275	0.6596	-0.0005	508.0000	508.4865	1.0339	9.4988	99.9908	39.9585	0.8230	0.8254	5.0000	-9999.0000	-9999.0000	-9999.0000	-9999.0000	-9999.0000	-9999.0000	20.0412	4	0	26.6435	1.0000	11	4	-9999.0000	27232	64194	-9999	1925	1806	-9999	332.0961	5	0.6545	0.6596	-0.0005	45.6772	2.3696	482.9402	286.3533	36.3339	450.6633	95.4259	476.5943	94.9207	482.4603	94.9207	486.1822	94.7449	
25/08/2017	01:39:22	019004	G523104722HLR	L523	S		433.9205	1.0233	10.0000	99.9552	39.7435	0.8230	0.8285	5.0000	20.3324	508.0470	94.7230	12.0814	24.1000	0.9300	0.9276	0.6603	-0.0006	508.0000	508.8579	1.0339	9.4567	99.9823	40.0545	0.8230	0.8243	5.0000	-9999.0000	-9999.0000	-9999.0000	-9999.0000	-9999.0000	-9999.0000	23.3521	5	0	24.4422	1.0000	11	4	-9999.0000	27233	64195	-9999	1926	1807	-9999	331.8936	5	0.6542	0.6603	-0.0006	42.2800	2.7367	481.2363	289.3306	36.7513	449.4784	95.5577	475.0923	95.2062	480.8294	95.3820	484.9440	95.0085	
25/08/2017	01:39:46	019004	G523104721HLR	L523	S		434.9370	1.0233	10.0000	99.9999	40.1538	0.8230	0.8286	5.0000	19.8927	508.0431	94.7449	11.5218	24.2000	0.9300	0.9278	0.6603	-0.0006	508.0000	508.9809	1.0339	9.4418	100.0737	39.7865	0.8230	0.8243	5.0000	-9999.0000	-9999.0000	-9999.0000	-9999.0000	-9999.0000	-9999.0000	20.2326	6	0	23.7624	1.0000	11	4	-9999.0000	27234	64196	-9999	1927	1808	-9999	332.1068	5	0.6542	0.6603	-0.0006	42.1436	2.7704	482.9868	287.9363	37.7837	450.0390	95.6456	476.5003	95.2941	482.3275	95.2282	486.3273	95.0085	
25/08/2017	01:40:11	019004	G523104703HLR	L523	Q		437.4612	1.0233	10.0000	100.0584	39.9814	0.8230	0.8276	5.0000	19.7523	508.0467	94.7889	10.6906	24.2000	0.9300	0.9278	0.6606	-0.0006	508.0000	508.5783	1.0339	9.4905	100.0832	39.6701	0.8230	0.8246	5.0000	-9999.0000	-9999.0000	-9999.0000	-9999.0000	-9999.0000	-9999.0000	20.4720	7	0	24.7332	1.0000	11	4	-9999.0000	27235	64197	-9999	1928	1809	-9999	332.4450	5	0.6543	0.6606	-0.0006	41.6280	2.8058	486.8552	290.5827	36.9490	453.0661	95.7115	481.2081	95.1184	486.3986	95.1184	490.6778	94.9426	
25/08/2017	01:40:30	019004	error reading	L523	S		0.0000	0.0000	0.0000	0.0000	0.0000	0.8230	0.0000	0.0000	0.0000	0.0000	0.0000	0.0000	0.0000	0.9300	0.0000	0.0000	0.0000	0.0000	0.0000	0.0000	0.0000	0.0000	0.0000	0.8230	0.0000	0.0000	0.0000	0.0000	0.0000	0.0000	0.0000	0.0000	0.0000	0	28	24.7332	1.0000	11	4	0.0000	0	0	0	0	0	0	0.0000	0	0.0000	0.0000	0.0000	0.0000	0.0000	0.0000	0.0000	0.0000	0.0000	0.0000	0.0000	0.0000	0.0000	0.0000	0.0000	0.0000	
25/08/2017	01:40:46	019004	G523104693HLR	L523	Q		439.9025	1.0233	10.0000	100.0508	39.6254	0.8230	0.8272	5.0000	20.0228	508.0473	94.7669	9.5206	24.2000	0.9300	0.9278	0.6607	-0.0006	508.0000	508.4146	1.0339	9.4923	100.0485	39.9487	0.8230	0.8251	5.0000	-9999.0000	-9999.0000	-9999.0000	-9999.0000	-9999.0000	-9999.0000	21.0825	8	0	35.0234	1.0000	11	4	-9999.0000	27235	64198	-9999	1929	1810	-9999	332.7630	5	0.6541	0.6607	-0.0006	41.3572	2.8492	490.0367	294.0633	37.6519	456.6245	95.4698	484.5058	95.0085	489.5794	95.0305	493.2696	94.7449	
