Data	Timp	Nr. masina	Nr. de serie	Tip	Productie	Comentariu	Pre-masurare Q [ml/min]	Pre-masurare Gain	Pre-masurare Offset Master	Pre-masurare P [bar]	Pre-masurare T [°C]	Pre-masurare Densitate fixa [kg/l]	Pre-masurare densitate masurata [kg/l]	Pre-masurare Timp masurare [s]	Pre-masurare Cycle time [s]	rectificare Q Oprire [ml/min]	rectificare P Oprire [bar]	rectificare Timp rectificare [s]	rectificare T [°C]	rectificare Densitate fixa [kg/l]	rectificare densitate masurata [kg/l]	rectificare Factor de masurare la rectificare	rectificare Factor de corectie a debitului	rectificare Target rectificare	Masurare Q [ml/min]	Masurare Gain	Masurare Offset Master	Masurare P [bar]	Masurare T [°C]	Masurare Densitate fixa [kg/l]	Masurare densitate masurata [kg/l]	Masurare Timp masurare [s]	Masurare Q [ml/min]	Masurare Delta Q [ml/min]	Masurare P [bar]	Masurare BP [bar]	Masurare T [°C]	Masurare Timp masurare [s]	Masurare Cycle time [s]	Nest Nr.	Cod de descarcare	Cycle time [s]	Traceability aktiv	EDM Maschine Nr	EDM Spindle Nr	Honing Rate [r	Station Counter Premeasure	Station Counter Grind	Station Counter Blowout 1	Station Counter Wash	Station Counter Measure	Station Counter Blowout 2	RealGrindQStop	Reg Type	Factor 0	Factor 1	Factor 2	Factor 3	Factor 4	G_StartQV	G_StartQV_1	G_StartQV_2	G_StartQV_3	G_StartQV_4	G_StartQV_5	
18/08/2017	00:00:07	019004	G523064653HLR	L523	S		430.6630	1.0233	10.0000	99.9783	40.0175	0.8230	0.8259	5.0000	20.0617	508.0443	95.1184	19.2121	25.6000	0.9300	0.9298	0.6486	-0.0002	508.0000	508.7975	1.0339	7.8166	100.0665	40.5112	0.8230	0.8232	5.0000	-9999.0000	-9999.0000	-9999.0000	-9999.0000	-9999.0000	-9999.0000	20.4525	8	0	30.6625	1.0000	12	3	-9999.0000	12852	50382	-9999	1682	4282	-9999	327.5874	5	0.6453	0.6486	-0.0002	49.1721	1.4651	461.2552	321.2460	40.1782	436.4901	95.1623	455.4772	94.9646	460.7052	94.9207	464.8821	94.8987	
18/08/2017	00:00:36	019004	G523064652HLR	L523	S		431.5059	1.0233	10.0000	100.0793	40.0187	0.8230	0.8260	5.0000	19.9319	508.0342	95.1184	18.5519	25.6000	0.9300	0.9298	0.6484	-0.0002	508.0000	508.1547	1.0339	7.8822	99.9465	40.4940	0.8230	0.8229	5.0000	-9999.0000	-9999.0000	-9999.0000	-9999.0000	-9999.0000	-9999.0000	21.9625	1	0	28.7933	1.0000	12	3	-9999.0000	12853	50383	-9999	1683	4283	-9999	327.7063	5	0.6454	0.6484	-0.0002	49.7941	1.4355	466.7337	332.6346	42.3529	444.7029	95.2721	461.6377	95.0305	466.2086	94.9426	469.8364	94.9207	
18/08/2017	00:01:06	019004	G523064642HLR	L523	S		430.7623	1.0233	10.0000	100.1253	40.0240	0.8230	0.8259	5.0000	20.0122	508.0306	95.0744	17.9923	25.6000	0.9300	0.9298	0.6484	-0.0002	508.0000	507.5868	1.0339	7.9401	100.0433	40.5114	0.8230	0.8230	5.0000	-9999.0000	-9999.0000	-9999.0000	-9999.0000	-9999.0000	-9999.0000	21.2815	2	0	30.5245	1.0000	12	3	-9999.0000	12854	50384	-9999	1684	4284	-9999	327.7509	5	0.6454	0.6484	-0.0002	49.7941	1.4355	465.6708	324.9773	41.8697	441.5771	95.4698	461.1023	95.2062	465.1003	95.1184	468.7933	94.9866	
18/08/2017	00:01:36	019004	G523064660HLR	L523	S		431.1893	1.0233	10.0000	100.1111	40.0130	0.8230	0.8259	5.0000	20.1019	508.0768	95.0305	17.5215	25.5000	0.9300	0.9297	0.6481	-0.0002	508.0000	509.7692	1.0339	7.7174	100.0514	40.5262	0.8230	0.8232	5.0000	-9999.0000	-9999.0000	-9999.0000	-9999.0000	-9999.0000	-9999.0000	20.1615	3	0	29.9627	1.0000	12	3	-9999.0000	12855	50385	-9999	1685	4285	-9999	327.9044	5	0.6454	0.6481	-0.0002	51.1659	1.3496	466.7875	325.5827	39.3874	437.6494	95.6236	461.3870	95.3161	466.4176	95.2721	470.0347	95.0744	
18/08/2017	00:02:04	019004	G523064662HLR	L523	S		431.2511	1.0233	10.0000	100.1236	40.0040	0.8230	0.8259	5.0000	20.0618	508.0491	95.0525	19.0119	25.5000	0.9300	0.9297	0.6497	-0.0003	508.0000	508.3569	1.0339	7.8615	100.0103	40.5651	0.8230	0.8231	5.0000	-9999.0000	-9999.0000	-9999.0000	-9999.0000	-9999.0000	-9999.0000	20.1028	4	0	27.7835	1.0000	12	3	-9999.0000	12856	50386	-9999	1686	4286	-9999	327.5588	5	0.6453	0.6497	-0.0003	49.4173	1.4601	464.3392	322.5355	38.4647	437.3178	95.2941	459.1139	95.0305	463.8291	94.9866	467.7803	94.9646	
18/08/2017	00:02:35	019004	G523064661HLR	L523	S		432.6941	1.0233	10.0000	100.0898	40.0207	0.8230	0.8260	5.0000	19.9426	508.0396	94.9646	16.5019	25.5000	0.9300	0.9297	0.6500	-0.0003	508.0000	508.5543	1.0339	7.8414	100.1138	40.5372	0.8230	0.8231	5.0000	-9999.0000	-9999.0000	-9999.0000	-9999.0000	-9999.0000	-9999.0000	20.5823	5	0	30.5329	1.0000	12	3	-9999.0000	12857	50387	-9999	1687	4286	-9999	327.9242	5	0.6453	0.6500	-0.0003	49.9057	1.4360	466.3122	326.0616	38.7283	439.1795	95.4259	460.8420	95.1623	465.7282	95.1184	470.0253	95.0085	
18/08/2017	00:03:07	019004	G523064650HLR	L523	S		428.8393	1.0233	10.0000	100.0000	40.0154	0.8230	0.8259	5.0000	20.0716	508.0419	95.1184	18.8918	25.5000	0.9300	0.9298	0.6501	-0.0003	508.0000	508.8410	1.0339	7.8121	100.0534	40.5239	0.8230	0.8231	5.0000	-9999.0000	-9999.0000	-9999.0000	-9999.0000	-9999.0000	-9999.0000	20.4016	6	0	32.5143	1.0000	12	3	-9999.0000	12858	50388	-9999	1688	4287	-9999	327.6790	5	0.6452	0.6501	-0.0003	49.9234	1.4513	462.7553	284.2839	39.9805	435.7619	95.4259	457.2180	95.1403	462.2570	95.0964	466.2496	95.0085	
18/08/2017	00:03:36	019004	G523064659HLR	L523	S		430.2282	1.0233	10.0000	99.9366	39.9994	0.8230	0.8259	5.0000	20.1516	508.0589	95.1184	18.0216	25.5000	0.9300	0.9298	0.6502	-0.0003	508.0000	509.8834	1.0339	7.7058	99.9864	40.5094	0.8230	0.8229	5.0000	-9999.0000	-9999.0000	-9999.0000	-9999.0000	-9999.0000	-9999.0000	21.6324	7	0	28.6927	1.0000	12	3	-9999.0000	12859	50389	-9999	1689	4288	-9999	327.7493	5	0.6451	0.6502	-0.0003	51.0986	1.3791	463.7543	326.8547	39.1018	437.0516	95.3380	458.6301	95.0964	463.2239	95.0525	467.6753	94.9866	
18/08/2017	00:04:01	019004	G523064707HLR	L523	S		435.5330	1.0233	10.0000	99.9969	40.0121	0.8230	0.8260	5.0000	19.9623	508.0733	94.9866	16.1512	25.5000	0.9300	0.9297	0.6502	-0.0003	508.0000	508.8522	1.0339	7.8110	100.0271	40.5516	0.8230	0.8232	5.0000	-9999.0000	-9999.0000	-9999.0000	-9999.0000	-9999.0000	-9999.0000	20.0228	8	0	25.5430	1.0000	12	3	-9999.0000	12860	50389	-9999	1690	4288	-9999	328.0009	5	0.6451	0.6502	-0.0003	51.0986	1.3791	467.9255	336.0051	39.6510	440.3319	95.3380	462.5926	95.0085	467.3573	94.9646	471.6729	94.9426	
18/08/2017	00:04:28	019004	G523064697HLR	L523	S		429.2460	1.0233	10.0000	100.0746	39.9982	0.8230	0.8260	5.0000	20.1224	508.0385	95.1184	18.7121	25.5000	0.9300	0.9298	0.6512	-0.0003	508.0000	508.5129	1.0339	7.8456	100.1342	40.5241	0.8230	0.8231	5.0000	-9999.0000	-9999.0000	-9999.0000	-9999.0000	-9999.0000	-9999.0000	20.4720	1	0	26.2928	1.0000	12	3	-9999.0000	12860	50390	-9999	1691	4289	-9999	327.5707	5	0.6450	0.6512	-0.0003	50.5933	1.4274	460.8202	320.4408	38.4208	433.5199	95.2062	455.5730	94.8987	460.2880	94.8328	464.3571	94.8548	
18/08/2017	00:04:55	019004	G523064714HLR	L523	S		427.6117	1.0233	10.0000	99.9928	39.9702	0.8230	0.8259	5.0000	20.1819	508.0491	94.9866	20.8324	25.5000	0.9300	0.9299	0.6517	-0.0004	508.0000	509.1439	1.0339	7.7812	100.0697	40.4981	0.8230	0.8232	5.0000	-9999.0000	-9999.0000	-9999.0000	-9999.0000	-9999.0000	-9999.0000	20.2123	2	0	26.7932	1.0000	12	3	-9999.0000	12860	50391	-9999	1692	4290	-9999	327.1482	5	0.6448	0.6517	-0.0004	50.0985	1.4768	455.7806	329.3784	39.5851	429.8736	95.2062	450.5825	95.0305	455.1956	94.9866	459.8028	94.9426	
18/08/2017	00:05:24	019004	G523064716HLR	L523	S		433.2192	1.0233	10.0000	100.0610	40.0326	0.8230	0.8261	5.0000	19.9817	508.0730	95.0305	16.9521	25.5000	0.9300	0.9298	0.6517	-0.0004	508.0000	507.2904	1.0339	7.9704	100.0409	40.4732	0.8230	0.8231	5.0000	-9999.0000	-9999.0000	-9999.0000	-9999.0000	-9999.0000	-9999.0000	20.7524	3	0	29.8128	1.0000	12	3	-9999.0000	12861	50392	-9999	1693	4291	-9999	327.8334	5	0.6448	0.6517	-0.0004	50.0985	1.4768	467.5826	329.5218	38.9041	441.2591	95.2941	461.6309	95.0085	467.0456	94.9426	471.0122	94.9207	
18/08/2017	00:05:56	019004	G523064675HLR	L523	S		439.1339	1.0233	10.0000	100.0759	40.0293	0.8230	0.8260	5.0000	20.1370	508.0405	94.7669	13.9108	25.5000	0.9300	0.9298	0.6501	-0.0003	508.0000	508.2898	1.0339	7.8684	100.0366	40.4814	0.8230	0.8233	5.0000	-9999.0000	-9999.0000	-9999.0000	-9999.0000	-9999.0000	-9999.0000	20.0715	4	0	31.1941	1.0000	12	3	-9999.0000	12861	50393	-9999	1694	4292	-9999	328.1849	5	0.6447	0.6501	-0.0003	51.3337	1.3976	476.2524	328.7585	38.3549	449.1409	95.1843	471.2268	94.8548	475.6496	94.7889	479.4200	94.8548	
18/08/2017	00:06:21	019004	G523064704HLR	L523	S		439.4066	1.0233	10.0000	100.1273	39.9845	0.8230	0.8259	5.0000	20.0619	508.0385	94.7889	14.4518	25.5000	0.9300	0.9298	0.6498	-0.0003	508.0000	508.7380	1.0339	7.8227	99.9761	40.4691	0.8230	0.8230	5.0000	-9999.0000	-9999.0000	-9999.0000	-9999.0000	-9999.0000	-9999.0000	21.1918	5	0	25.6933	1.0000	12	3	-9999.0000	12862	50394	-9999	1695	4293	-9999	328.0579	5	0.6446	0.6498	-0.0003	49.3778	1.5287	475.2312	321.0376	39.2995	445.5321	95.0744	469.4051	94.7889	474.5645	94.7449	479.3044	94.8108	
18/08/2017	00:06:53	019004	G523064676HLR	L523	S		437.8581	1.0233	10.0000	100.1199	39.9710	0.8230	0.8260	5.0000	20.1722	508.0303	94.8767	15.2615	25.5000	0.9300	0.9298	0.6522	-0.0004	508.0000	509.1397	1.0339	7.7817	100.0286	40.5125	0.8230	0.8232	5.0000	-9999.0000	-9999.0000	-9999.0000	-9999.0000	-9999.0000	-9999.0000	19.8118	6	0	32.1734	1.0000	12	3	-9999.0000	12863	50395	-9999	1696	4294	-9999	328.0771	5	0.6445	0.6522	-0.0004	49.5176	1.5283	471.8752	319.3298	37.9814	440.4437	94.8987	466.1636	94.7010	471.2523	94.7449	475.6852	94.8548	
18/08/2017	00:07:24	019004	G523064711HLR	L523	S		431.4208	1.0233	10.0000	100.0301	40.0377	0.8230	0.8261	5.0000	19.9623	508.0324	95.0964	17.8321	25.5000	0.9300	0.9299	0.6533	-0.0005	508.0000	508.6154	1.0339	7.8352	100.0388	40.3626	0.8230	0.8227	5.0000	-9999.0000	-9999.0000	-9999.0000	-9999.0000	-9999.0000	-9999.0000	24.4226	7	0	30.4137	1.0000	12	3	-9999.0000	12864	50396	-9999	1697	4295	-9999	327.5347	5	0.6446	0.6533	-0.0005	48.4008	1.5872	461.6969	322.5507	37.9595	433.4889	95.0085	456.6768	94.7889	461.1780	94.8108	466.0956	94.9207	
18/08/2017	00:07:56	019004	G523064712HLR	L523	S		427.5535	1.0233	10.0000	100.0746	40.0343	0.8230	0.8260	5.0000	20.2318	508.0487	95.0964	19.4915	25.5000	0.9300	0.9299	0.6499	-0.0003	508.0000	507.8913	1.0339	7.9091	100.1031	40.4384	0.8230	0.8232	5.0000	-9999.0000	-9999.0000	-9999.0000	-9999.0000	-9999.0000	-9999.0000	21.1127	8	0	32.3932	1.0000	12	3	-9999.0000	12865	50397	-9999	1698	4296	-9999	327.1613	5	0.6445	0.6499	-0.0003	44.1398	1.8148	458.0154	316.0468	38.9480	431.9277	95.1184	452.3690	94.9426	457.5119	94.9207	461.1526	94.9426	
18/08/2017	00:08:26	019004	G523064700HLR	L523	S		437.6926	1.0233	10.0000	100.0175	40.0068	0.8230	0.8259	5.0000	20.1419	508.0657	94.7669	13.9010	25.5000	0.9300	0.9298	0.6499	-0.0003	508.0000	509.0080	1.0339	7.7951	100.0676	40.4703	0.8230	0.8231	5.0000	-9999.0000	-9999.0000	-9999.0000	-9999.0000	-9999.0000	-9999.0000	20.8824	1	0	29.6636	1.0000	12	3	-9999.0000	12866	50398	-9999	1699	4297	-9999	328.0791	5	0.6445	0.6499	-0.0003	44.1398	1.8148	475.8946	342.9363	40.9031	451.1331	95.6456	470.4605	95.3380	475.4374	95.2502	479.3947	95.0525	
18/08/2017	00:08:56	019004	G523064702HLR	L523	S		427.9831	1.0233	10.0000	100.0921	40.0031	0.8230	0.8260	5.0000	20.1516	508.0540	95.2941	20.5619	25.5000	0.9300	0.9300	0.6492	-0.0003	508.0000	507.6652	1.0339	7.9321	99.9816	40.4744	0.8230	0.8230	5.0000	-9999.0000	-9999.0000	-9999.0000	-9999.0000	-9999.0000	-9999.0000	21.2728	2	0	30.5726	1.0000	12	3	-9999.0000	12867	50399	-9999	1700	4298	-9999	326.9704	5	0.6444	0.6492	-0.0003	43.2912	1.8701	456.9575	316.4623	39.5851	430.6004	95.5358	451.6966	95.2502	456.5158	95.2062	460.1882	95.0085	
18/08/2017	00:09:32	019004	G523064701HLR	L523	S		430.3969	1.0233	10.0000	100.0270	39.9661	0.8230	0.8260	5.0000	19.9825	508.0545	95.0964	18.5128	25.5000	0.9300	0.9299	0.6493	-0.0003	508.0000	508.2037	1.0339	7.8772	99.9374	40.4560	0.8230	0.8230	5.0000	-9999.0000	-9999.0000	-9999.0000	-9999.0000	-9999.0000	-9999.0000	21.2620	3	0	35.4845	1.0000	12	3	-9999.0000	12868	50400	-9999	1701	4298	-9999	327.2580	5	0.6444	0.6493	-0.0003	42.4566	1.9267	462.5784	328.1809	38.9480	435.7702	95.6456	457.9584	95.2941	462.1666	95.2282	466.3796	95.0305	
18/08/2017	00:10:02	019004	G523064694HLR	L523	S		427.5385	1.0233	10.0000	100.1124	40.0854	0.8230	0.8262	5.0000	19.8020	508.0517	94.9866	20.8022	25.5000	0.9300	0.9299	0.6488	-0.0003	508.0000	508.1490	1.0339	7.8828	99.9770	40.4163	0.8230	0.8229	5.0000	-9999.0000	-9999.0000	-9999.0000	-9999.0000	-9999.0000	-9999.0000	22.4019	4	0	30.4234	1.0000	12	3	-9999.0000	12869	50401	-9999	1702	4299	-9999	326.8969	5	0.6443	0.6488	-0.0003	43.6357	1.8767	457.2099	291.3138	39.2775	430.9383	95.4259	452.0533	95.1403	456.6915	95.0525	460.2832	94.9646	
18/08/2017	00:10:31	019004	G523064693HLR	L523	S		429.8833	1.0233	10.0000	100.0429	40.0404	0.8230	0.8260	5.0000	20.0121	508.0614	95.0525	17.9220	25.5000	0.9300	0.9298	0.6488	-0.0003	508.0000	508.0957	1.0339	7.8882	100.1289	40.5190	0.8230	0.8232	5.0000	-9999.0000	-9999.0000	-9999.0000	-9999.0000	-9999.0000	-9999.0000	20.0326	5	0	28.9437	1.0000	12	3	-9999.0000	12870	50402	-9999	1703	4300	-9999	327.2585	5	0.6443	0.6488	-0.0003	43.6357	1.8767	463.6362	326.5734	38.3769	436.9218	95.2941	458.3237	94.9646	463.1570	94.8987	466.9354	94.8767	
18/08/2017	00:11:01	019004	G523064692HLR	L523	S		429.4479	1.0233	10.0000	100.0908	40.0181	0.8230	0.8259	5.0000	20.0022	508.0439	95.0744	18.9123	25.5000	0.9300	0.9298	0.6480	-0.0002	508.0000	507.7709	1.0339	7.9213	99.9819	40.4347	0.8230	0.8229	5.0000	-9999.0000	-9999.0000	-9999.0000	-9999.0000	-9999.0000	-9999.0000	22.0121	6	0	30.1733	1.0000	12	3	-9999.0000	12871	50403	-9999	1704	4301	-9999	327.2227	5	0.6443	0.6480	-0.0002	45.3591	1.7597	461.4810	336.6817	38.9919	436.6916	95.4479	456.2929	95.1403	460.9610	95.0525	464.8775	94.9646	
18/08/2017	00:11:25	019004	G523064691HLR	L523	S		430.1855	1.0233	10.0000	99.9262	39.9126	0.8230	0.8257	5.0000	21.9082	508.0350	95.0525	23.5427	25.5000	0.9300	0.9297	0.6481	-0.0002	508.0000	506.1833	1.0339	7.9368	100.1092	40.4670	0.8230	0.8235	5.0000	-9999.0000	-9999.0000	-9999.0000	-9999.0000	-9999.0000	-9999.0000	20.1222	7	0	24.0126	1.0000	12	3	-9999.0000	12872	50404	-9999	1705	4302	-9999	326.6459	5	0.6442	0.6481	-0.0002	45.3326	1.7550	372.1191	321.3265	39.3654	356.3648	96.5023	363.3353	96.1948	369.0075	96.1508	373.2294	95.2502	
18/08/2017	00:11:56	019004	G523064682HLR	L523	S		430.1612	1.0233	10.0000	99.9217	39.9874	0.8230	0.8260	5.0000	20.0617	508.0403	95.0964	18.8019	25.5000	0.9300	0.9298	0.6482	-0.0002	508.0000	508.6092	1.0339	7.8358	100.0378	40.4683	0.8230	0.8231	5.0000	-9999.0000	-9999.0000	-9999.0000	-9999.0000	-9999.0000	-9999.0000	20.5520	8	0	30.1732	1.0000	12	3	-9999.0000	12872	50405	-9999	1706	4303	-9999	327.1554	5	0.6442	0.6482	-0.0002	45.6810	1.7349	461.3942	328.2669	38.6405	436.1098	94.6571	456.0360	94.3495	460.8877	94.2836	465.5058	94.5472	
18/08/2017	00:12:26	019004	G523064680HLR	L523	S		431.6717	1.0233	10.0000	100.0352	40.0760	0.8230	0.8259	5.0000	20.3530	508.0465	94.9646	17.1719	25.5000	0.9300	0.9298	0.6482	-0.0002	508.0000	508.5824	1.0339	7.8385	100.0843	40.3962	0.8230	0.8232	5.0000	-9999.0000	-9999.0000	-9999.0000	-9999.0000	-9999.0000	-9999.0000	20.2630	1	0	30.5933	1.0000	12	3	-9999.0000	12873	50406	-9999	1707	4304	-9999	327.3366	5	0.6442	0.6482	-0.0002	45.6810	1.7349	465.4735	325.3888	39.8706	413.9195	94.6351	460.0402	94.3276	464.9521	94.2397	468.5767	94.5253	
18/08/2017	00:12:56	019004	G523064670HLR	L523	S		430.0651	1.0233	10.0000	99.9440	40.0126	0.8230	0.8259	5.0000	20.2025	508.0586	95.1184	18.5617	25.6000	0.9300	0.9299	0.6481	-0.0002	508.0000	507.0941	1.0339	7.9904	100.0257	40.4226	0.8230	0.8230	5.0000	-9999.0000	-9999.0000	-9999.0000	-9999.0000	-9999.0000	-9999.0000	20.9623	2	0	29.7534	1.0000	12	3	-9999.0000	12874	50407	-9999	1708	4305	-9999	327.2529	5	0.6444	0.6481	-0.0002	45.8766	1.7162	465.8483	334.8852	39.9805	439.0778	94.9207	460.9351	94.5912	465.4364	94.5692	468.5619	94.7230	
18/08/2017	00:13:55	019004	G523064678HLR	L523	S		431.9459	1.0233	10.0000	100.0540	39.9935	0.8230	0.8261	5.0000	20.0519	508.0414	95.1184	18.5421	25.7000	0.9300	0.9302	0.6475	-0.0002	508.0000	507.8982	1.0339	7.9083	100.0737	40.5029	0.8230	0.8229	5.0000	-9999.0000	-9999.0000	-9999.0000	-9999.0000	-9999.0000	-9999.0000	21.5327	4	0	29.7436	1.0000	12	3	-9999.0000	12876	50408	-9999	1710	4306	-9999	327.2316	5	0.6444	0.6475	-0.0002	46.3270	1.6935	462.6996	315.0597	38.8382	437.1236	94.6351	457.2171	94.5472	462.1140	94.5692	466.7933	94.7010	
18/08/2017	00:14:24	019004	G523064668HLR	L523	S		429.0477	1.0233	10.0000	99.9591	39.9614	0.8230	0.8260	5.0000	20.2425	508.0302	95.0744	18.8029	25.6000	0.9300	0.9300	0.6472	-0.0002	508.0000	506.5815	1.0339	7.9676	100.0353	40.4871	0.8230	0.8233	5.0000	-9999.0000	-9999.0000	-9999.0000	-9999.0000	-9999.0000	-9999.0000	19.9826	5	0	29.5631	1.0000	12	3	-9999.0000	12877	50409	-9999	1711	4307	-9999	327.1832	5	0.6443	0.6472	-0.0002	46.7488	1.6707	463.5665	329.0293	38.0254	436.7835	94.7669	459.0445	94.4813	463.1057	94.4154	466.9973	94.6131	
18/08/2017	00:14:56	019004	G523065334HLR	L523	S		431.4661	1.0233	10.0000	100.0794	40.0576	0.8230	0.8261	5.0000	19.9827	508.0561	95.0525	18.1524	25.5000	0.9300	0.9298	0.6472	-0.0002	508.0000	506.7863	1.0339	7.9835	100.1468	40.4326	0.8230	0.8230	5.0000	-9999.0000	-9999.0000	-9999.0000	-9999.0000	-9999.0000	-9999.0000	21.2330	6	0	31.1634	1.0000	12	3	-9999.0000	12878	50410	-9999	1712	4308	-9999	327.2868	5	0.6443	0.6472	-0.0002	46.7488	1.6707	465.7566	323.6588	40.6395	437.5727	94.8328	460.8053	94.5692	465.2978	94.5033	468.8229	94.6790	
18/08/2017	00:15:25	019004	G523065314HLR	L523	S		431.5631	1.0233	10.0000	99.9972	40.0334	0.8230	0.8259	5.0000	20.1321	508.0496	94.9866	17.5020	25.5000	0.9300	0.9297	0.6472	-0.0002	508.0000	507.7939	1.0339	7.9190	99.9070	40.3833	0.8230	0.8229	5.0000	-9999.0000	-9999.0000	-9999.0000	-9999.0000	-9999.0000	-9999.0000	21.4721	7	0	29.0931	1.0000	12	3	-9999.0000	12879	50411	-9999	1713	4309	-9999	327.3462	5	0.6443	0.6472	-0.0002	46.7488	1.6707	465.2743	330.9776	39.4752	438.2086	94.9646	459.7797	94.6571	464.6288	94.5912	469.0230	94.7449	
18/08/2017	00:15:55	019004	G523065325HLR	L523	S		431.9859	1.0233	10.0000	100.1088	39.9874	0.8230	0.8259	5.0000	20.0930	508.0454	95.0305	18.0421	25.5000	0.9300	0.9298	0.6458	-0.0001	508.0000	507.4551	1.0339	7.9536	100.0867	40.4036	0.8230	0.8232	5.0000	-9999.0000	-9999.0000	-9999.0000	-9999.0000	-9999.0000	-9999.0000	19.8832	8	0	30.1841	1.0000	12	3	-9999.0000	12880	50412	-9999	1714	4310	-9999	327.2828	5	0.6443	0.6458	-0.0001	51.5840	1.4069	465.8230	341.5014	41.2765	442.7595	95.2062	460.6243	94.8987	465.3947	94.8328	468.7828	94.8767	
18/08/2017	00:16:25	019004	G523065306HLR	L523	S		430.5204	1.0233	10.0000	99.9756	39.9816	0.8230	0.8260	5.0000	20.2415	508.0419	95.0085	17.7725	25.5000	0.9300	0.9298	0.6458	-0.0001	508.0000	507.7714	1.0339	7.9213	100.0799	40.3620	0.8230	0.8231	5.0000	-9999.0000	-9999.0000	-9999.0000	-9999.0000	-9999.0000	-9999.0000	20.3822	1	0	30.4732	1.0000	12	3	-9999.0000	12881	50413	-9999	1715	4311	-9999	327.2649	5	0.6443	0.6458	-0.0001	51.5840	1.4069	466.2203	319.4612	39.3874	441.0122	95.0305	461.5247	94.8108	465.8157	94.7889	469.7019	94.8548	
18/08/2017	00:16:55	019004	G523065316HLR	L523	S		429.7137	1.0233	10.0000	99.9916	40.0179	0.8230	0.8260	5.0000	20.0422	508.0433	95.0744	19.5217	25.5000	0.9300	0.9299	0.6442	0.0000	508.0000	507.9148	1.0339	7.9067	99.9785	40.3340	0.8230	0.8230	5.0000	-9999.0000	-9999.0000	-9999.0000	-9999.0000	-9999.0000	-9999.0000	21.2221	2	0	29.2434	1.0000	12	3	-9999.0000	12882	50414	-9999	1716	4312	-9999	327.3892	5	0.6444	0.6442	0.0000	53.5722	1.2971	463.3630	337.7850	40.8372	436.9150	95.2062	458.7352	94.9646	462.8391	94.9426	466.6745	94.9207	
18/08/2017	00:17:26	019004	G523064672HLR	L523	S		432.9860	1.0233	10.0000	99.9069	40.0035	0.8230	0.8259	5.0000	20.1624	508.0363	95.0085	17.2813	25.5000	0.9300	0.9298	0.6442	0.0000	508.0000	508.0351	1.0339	7.8944	100.1494	40.3299	0.8230	0.8231	5.0000	-9999.0000	-9999.0000	-9999.0000	-9999.0000	-9999.0000	-9999.0000	20.7025	3	0	31.6838	1.0000	12	3	-9999.0000	12883	50415	-9999	1717	4313	-9999	327.3918	5	0.6444	0.6442	0.0000	53.5722	1.2971	467.7864	325.6421	41.1008	439.6825	95.1403	462.5303	94.9426	467.2707	94.8767	471.5464	94.8987	
18/08/2017	00:17:58	019004	G523065326HLR	L523	S		431.3969	1.0233	10.0000	99.9526	39.9724	0.8230	0.8258	5.0000	20.7230	508.0442	95.0744	18.5021	25.6000	0.9300	0.9299	0.6439	0.0000	508.0000	508.1649	1.0339	7.8811	99.9792	40.3315	0.8230	0.8231	5.0000	-9999.0000	-9999.0000	-9999.0000	-9999.0000	-9999.0000	-9999.0000	20.8325	4	0	31.8331	1.0000	12	3	-9999.0000	12884	50416	-9999	1718	4314	-9999	327.4629	5	0.6445	0.6439	0.0000	56.4172	1.1364	464.8677	329.5985	40.8152	437.3032	95.2941	460.0323	94.9866	464.4843	94.9426	468.2144	94.9207	
18/08/2017	00:18:29	019004	G523065327HLR	L523	S		430.8978	1.0233	10.0000	99.9956	39.9751	0.8230	0.8260	5.0000	19.9817	508.0343	95.0525	18.5626	25.6000	0.9300	0.9299	0.6439	0.0000	508.0000	506.6989	1.0339	7.9767	100.1706	40.3424	0.8230	0.8231	5.0000	-9999.0000	-9999.0000	-9999.0000	-9999.0000	-9999.0000	-9999.0000	20.7133	5	0	30.7935	1.0000	12	3	-9999.0000	12885	50417	-9999	1719	4315	-9999	327.4394	5	0.6445	0.6439	0.0000	56.4172	1.1364	465.3146	325.0506	39.4752	437.8109	95.1184	460.4614	94.8987	464.8485	94.8548	468.3691	94.8987	
18/08/2017	00:21:19	019004	G523064708HLR	L523	S		0.0000	0.0000	0.0000	0.0000	0.0000	0.8230	0.0000	0.0000	0.0000	0.0000	0.0000	0.0000	0.0000	0.9300	0.0000	0.0000	0.0000	0.0000	0.0000	0.0000	0.0000	0.0000	0.0000	0.8230	0.0000	0.0000	0.0000	0.0000	0.0000	0.0000	0.0000	0.0000	0.0000	0	42	30.7935	1.0000	12	3	0.0000	0	0	0	0	0	0	0.0000	0	0.0000	0.0000	0.0000	0.0000	0.0000	0.0000	0.0000	0.0000	0.0000	0.0000	0.0000	0.0000	0.0000	0.0000	0.0000	0.0000	
18/08/2017	00:21:35	019004	G523065317HLR	L523	S		429.2673	1.0233	10.0000	100.1582	40.0277	0.8230	0.8260	5.0000	20.1224	508.0672	95.0085	17.6221	25.5000	0.9300	0.9298	0.6432	0.0001	508.0000	507.7918	1.0339	7.9192	100.0703	40.3469	0.8230	0.8231	5.0000	-9999.0000	-9999.0000	-9999.0000	-9999.0000	-9999.0000	-9999.0000	20.6028	6	0	186.4109	1.0000	12	3	-9999.0000	12886	50418	-9999	1720	4316	-9999	327.4622	5	0.6445	0.6432	0.0001	56.7424	1.1173	466.8753	318.9786	39.0578	442.0629	95.1843	462.6203	94.8767	466.4536	94.8328	470.2364	94.8767	
18/08/2017	00:22:02	019004	G523065318HLR	L523	S		428.2102	1.0233	10.0000	99.9257	40.0089	0.8230	0.8259	5.0000	20.2825	508.0567	95.0525	19.8626	25.5000	0.9300	0.9299	0.6431	0.0001	508.0000	507.8057	1.0339	7.9178	100.1218	40.3534	0.8230	0.8232	5.0000	-9999.0000	-9999.0000	-9999.0000	-9999.0000	-9999.0000	-9999.0000	20.4622	7	0	26.5030	1.0000	12	3	-9999.0000	12887	50419	-9999	1721	4317	-9999	327.5673	5	0.6446	0.6431	0.0001	75.4038	0.0789	462.9490	328.5572	39.6729	439.4688	95.2502	458.9011	94.9646	462.4472	94.9207	466.4522	94.9207	
18/08/2017	00:22:32	019004	G523065329HLR	L523	S		428.8837	1.0233	10.0000	100.0814	39.9874	0.8230	0.8260	5.0000	19.8420	508.0648	95.0305	20.2122	25.5000	0.9300	0.9298	0.6431	0.0001	508.0000	508.5468	1.0339	7.8422	99.9173	40.2795	0.8230	0.8228	5.0000	-9999.0000	-9999.0000	-9999.0000	-9999.0000	-9999.0000	-9999.0000	21.0023	8	0	29.6839	1.0000	12	3	-9999.0000	12888	50420	-9999	1722	4317	-9999	327.5968	5	0.6448	0.6431	0.0001	58.4145	1.0016	463.2274	327.9321	38.9700	437.4908	95.2282	457.7486	94.9426	462.9105	94.8987	465.9714	94.9207	
18/08/2017	00:23:03	019004	G523065340HLR	L523	S		429.0658	1.0233	10.0000	99.9969	40.0126	0.8230	0.8260	5.0000	20.1527	508.0506	95.0964	19.0119	25.5000	0.9300	0.9297	0.6431	0.0001	508.0000	507.0260	1.0339	7.9974	99.9688	40.1419	0.8230	0.8231	5.0000	-9999.0000	-9999.0000	-9999.0000	-9999.0000	-9999.0000	-9999.0000	20.0119	1	0	31.1031	1.0000	12	3	-9999.0000	12889	50421	-9999	1723	4318	-9999	327.5254	5	0.6448	0.6431	0.0001	76.5359	0.0084	466.6721	332.7180	39.1896	437.4741	95.1623	461.4542	94.8328	466.3102	94.7449	469.5900	94.8328	
18/08/2017	00:23:31	019004	G523065341HLR	L523	S		430.9226	1.0233	10.0000	100.1093	40.0097	0.8230	0.8260	5.0000	20.0022	508.0502	95.0964	18.5519	25.5000	0.9300	0.9297	0.6431	0.0001	508.0000	507.5035	1.0339	7.9486	99.9653	39.9182	0.8230	0.8225	5.0000	-9999.0000	-9999.0000	-9999.0000	-9999.0000	-9999.0000	-9999.0000	24.3523	2	0	28.8931	1.0000	12	3	-9999.0000	12890	50421	-9999	1724	4319	-9999	327.5043	5	0.6448	0.6431	0.0001	58.7891	0.9901	468.9388	330.3251	39.2995	442.3189	95.0744	464.6487	94.7669	468.4427	94.7010	471.5574	94.7889	
18/08/2017	00:24:01	019004	G523065310HLR	L523	S		436.3591	1.0233	10.0000	100.1170	39.9753	0.8230	0.8260	5.0000	19.9620	508.0581	94.8548	14.7517	25.9000	0.9300	0.9304	0.6431	0.0001	508.0000	506.5083	1.0339	7.9620	100.0080	39.9290	0.8230	0.8232	5.0000	-9999.0000	-9999.0000	-9999.0000	-9999.0000	-9999.0000	-9999.0000	20.1926	3	0	29.0734	1.0000	12	3	-9999.0000	12891	50422	-9999	1725	4320	-9999	327.3609	5	0.6448	0.6431	0.0001	58.7891	0.9901	475.8545	299.6027	39.4533	445.6935	94.7669	470.4885	94.8108	475.2812	94.8767	479.4812	94.8987	
18/08/2017	00:24:29	019004	G523065323HLR	L523	S		431.5474	1.0233	10.0000	100.0007	39.8435	0.8230	0.8258	5.0000	20.0423	508.0344	95.2502	18.0421	25.6000	0.9300	0.9300	0.6441	0.0000	508.0000	507.5169	1.0339	7.9473	100.0479	39.9851	0.8230	0.8232	5.0000	-9999.0000	-9999.0000	-9999.0000	-9999.0000	-9999.0000	-9999.0000	20.5025	4	0	28.8236	1.0000	12	3	-9999.0000	12892	50423	-9999	1726	4321	-9999	327.4769	5	0.6450	0.6441	0.0000	51.4286	1.3798	468.4557	329.7291	40.6834	442.3848	95.3380	463.5256	95.0305	468.0710	94.9866	471.1875	94.9426	
18/08/2017	00:24:58	019004	G523065309HLR	L523	S		429.8535	1.0233	10.0000	100.1560	39.7851	0.8230	0.8261	5.0000	19.9319	508.0426	95.1184	19.3323	25.5000	0.9300	0.9298	0.6441	0.0000	508.0000	508.4847	1.0339	7.8485	99.9611	39.9231	0.8230	0.8229	5.0000	-9999.0000	-9999.0000	-9999.0000	-9999.0000	-9999.0000	-9999.0000	21.8129	5	0	28.2326	1.0000	12	3	-9999.0000	12893	50424	-9999	1727	4322	-9999	327.7363	5	0.6450	0.6441	0.0000	51.4286	1.3798	464.3454	338.2531	40.8811	439.7506	95.2941	459.2033	95.0305	463.7027	94.9646	467.9847	94.9207	
18/08/2017	00:25:25	019004	G523065353HLR	L523	S		430.3045	1.0233	10.0000	100.0788	40.1022	0.8230	0.8264	5.0000	20.0022	508.0544	95.0085	17.2324	25.5000	0.9300	0.9297	0.6441	0.0000	508.0000	507.9394	1.0339	7.9041	100.0328	39.9608	0.8230	0.8234	5.0000	-9999.0000	-9999.0000	-9999.0000	-9999.0000	-9999.0000	-9999.0000	19.8323	6	0	27.3429	1.0000	12	3	-9999.0000	12894	50425	-9999	1728	4323	-9999	327.6999	5	0.6450	0.6441	0.0000	50.6705	1.4174	469.1115	336.2885	38.5087	442.6833	95.2062	463.3926	94.9207	468.4326	94.8328	472.1602	94.8328	
18/08/2017	00:25:56	019004	G523065351HLR	L523	S		433.9452	1.0233	10.0000	99.9944	40.0375	0.8230	0.8259	5.0000	20.0119	508.0363	95.0085	17.2217	25.5000	0.9300	0.9297	0.6482	-0.0002	508.0000	508.5790	1.0339	7.8389	100.0602	40.0166	0.8230	0.8233	5.0000	-9999.0000	-9999.0000	-9999.0000	-9999.0000	-9999.0000	-9999.0000	20.7122	7	0	30.8142	1.0000	12	3	-9999.0000	12895	50426	-9999	1729	4324	-9999	327.8752	5	0.6451	0.6482	-0.0002	45.8732	1.6737	468.4182	333.9061	40.4418	438.4838	95.2502	464.2595	94.9426	468.0268	94.8987	471.5665	94.9207	
18/08/2017	00:26:21	019004	G523065322HLR	L523	S		432.4945	1.0233	10.0000	100.1444	39.8557	0.8230	0.8258	5.0000	20.0521	508.0373	94.9646	17.1621	25.5000	0.9300	0.9297	0.6486	-0.0002	508.0000	507.9668	1.0339	7.9013	99.9654	39.9931	0.8230	0.8232	5.0000	-9999.0000	-9999.0000	-9999.0000	-9999.0000	-9999.0000	-9999.0000	20.8714	8	0	25.5027	1.0000	12	3	-9999.0000	12896	50427	-9999	1730	4325	-9999	327.8615	5	0.6451	0.6486	-0.0002	45.2048	1.7047	466.0854	334.7876	38.6844	438.4388	95.1403	460.9742	94.8548	465.4538	94.8108	469.7738	94.8548	
18/08/2017	00:26:45	019004	G523065332HLR	L523	S		434.2821	1.0233	10.0000	100.1098	39.8950	0.8230	0.8260	5.0000	20.1526	508.0374	94.9207	16.4218	25.5000	0.9300	0.9297	0.6487	-0.0002	508.0000	508.1526	1.0339	7.8824	100.0465	40.0543	0.8230	0.8234	5.0000	-9999.0000	-9999.0000	-9999.0000	-9999.0000	-9999.0000	-9999.0000	19.8820	1	0	24.0330	1.0000	12	3	-9999.0000	12897	50427	-9999	1731	4326	-9999	327.9039	5	0.6450	0.6487	-0.0002	45.1783	1.7122	467.5547	312.6991	38.5746	440.1358	95.1184	462.1192	94.7889	467.0019	94.7669	471.5197	94.8328	
18/08/2017	00:27:13	019004	G523063958HLR	L523	S		436.4077	1.0233	10.0000	99.9672	40.0228	0.8230	0.8261	5.0000	20.0120	508.0687	94.8548	15.7225	25.4000	0.9300	0.9297	0.6491	-0.0002	508.0000	508.8075	1.0339	7.8156	100.1009	40.0001	0.8230	0.8233	5.0000	-9999.0000	-9999.0000	-9999.0000	-9999.0000	-9999.0000	-9999.0000	20.5324	2	0	27.6430	1.0000	12	1	-9999.0000	12898	50428	-9999	1732	4327	-9999	328.0511	5	0.6450	0.6491	-0.0002	44.5155	1.7443	472.9591	330.2163	40.0244	443.1958	95.0525	468.1061	94.7449	472.5333	94.7230	475.5911	94.8328	
18/08/2017	00:27:41	019004	G523064210HLR	L523	S		422.8239	1.0233	10.0000	99.9932	39.9481	0.8230	0.8259	5.0000	20.1223	508.0244	95.1843	18.9318	25.5000	0.9300	0.9299	0.6491	-0.0002	508.0000	508.5573	1.0339	7.8411	100.0499	39.9780	0.8230	0.8234	5.0000	-9999.0000	-9999.0000	-9999.0000	-9999.0000	-9999.0000	-9999.0000	20.1222	3	0	28.5733	1.0000	12	1	-9999.0000	12899	50429	-9999	1733	4328	-9999	327.6114	5	0.6451	0.6491	-0.0002	45.0823	1.7168	460.9708	323.9247	38.4208	435.4459	95.2282	455.6010	94.8987	460.3356	94.8548	464.3582	94.9207	
18/08/2017	00:28:10	019004	G523062251HLR	L523	S		440.3115	1.0233	10.0000	100.0798	39.8766	0.8230	0.8259	5.0000	20.1212	508.0481	94.8108	13.8717	25.5000	0.9300	0.9298	0.6491	-0.0002	508.0000	509.1618	1.0339	7.7794	100.0553	40.0879	0.8230	0.8234	5.0000	-9999.0000	-9999.0000	-9999.0000	-9999.0000	-9999.0000	-9999.0000	20.2728	4	0	28.2426	1.0000	12	1	-9999.0000	12900	50430	-9999	1734	4329	-9999	328.2493	5	0.6451	0.6491	-0.0002	45.0823	1.7168	477.6111	329.7287	41.4742	449.3457	95.0085	471.8313	94.7669	477.0755	94.7010	480.2105	94.8108	
18/08/2017	00:29:04	019004	G523064212HLR	L523	S		435.2487	1.0233	10.0000	100.0216	39.9599	0.8230	0.8260	5.0000	19.9621	508.0625	95.0085	16.0721	25.7000	0.9300	0.9301	0.6479	-0.0002	508.0000	507.0717	1.0339	7.9927	100.0075	40.1507	0.8230	0.8232	5.0000	-9999.0000	-9999.0000	-9999.0000	-9999.0000	-9999.0000	-9999.0000	20.1916	6	0	30.2837	1.0000	12	1	-9999.0000	12902	50431	-9999	1736	4330	-9999	327.9451	5	0.6452	0.6479	-0.0002	45.6896	1.6883	471.1404	312.1473	37.8057	441.2880	95.0525	465.8738	94.8767	470.6525	94.8767	474.7018	94.8548	
18/08/2017	00:29:31	019004	G523064207HLR	L523	S		431.9523	1.0233	10.0000	100.1330	39.9006	0.8230	0.8260	5.0000	20.1126	508.0625	94.9646	16.7323	25.5000	0.9300	0.9300	0.6482	-0.0002	508.0000	507.6942	1.0339	7.9292	100.0578	40.0259	0.8230	0.8234	5.0000	-9999.0000	-9999.0000	-9999.0000	-9999.0000	-9999.0000	-9999.0000	20.3821	7	0	27.7132	1.0000	12	1	-9999.0000	12903	50432	-9999	1737	4331	-9999	327.8986	5	0.6451	0.6482	-0.0002	45.6670	1.6902	469.1107	330.5988	38.3549	441.1045	95.1403	463.9394	94.9866	468.5981	94.9207	472.9393	94.8987	
18/08/2017	00:29:59	019004	G523064192HLR	L523	S		434.2933	1.0233	10.0000	100.1003	39.9880	0.8230	0.8261	5.0000	19.9525	508.0641	94.9207	16.6220	25.5000	0.9300	0.9299	0.6467	-0.0001	508.0000	507.8602	1.0339	7.9122	100.0703	40.1147	0.8230	0.8233	5.0000	-9999.0000	-9999.0000	-9999.0000	-9999.0000	-9999.0000	-9999.0000	20.0530	8	0	27.9435	1.0000	12	1	-9999.0000	12904	50433	-9999	1738	4332	-9999	327.8150	5	0.6450	0.6467	-0.0001	45.0313	1.7293	471.6641	339.5264	40.6175	444.7613	95.3820	467.0414	95.1623	471.2285	95.0964	474.4377	94.9866	
18/08/2017	00:31:04	019004	G523064186HLR	L523	S		427.6674	1.0233	10.0000	99.9890	39.9004	0.8230	0.8259	5.0000	20.0218	508.0376	95.1843	18.5119	25.6000	0.9300	0.9301	0.6483	-0.0002	508.0000	507.3061	1.0339	7.9688	100.0546	40.1215	0.8230	0.8232	5.0000	-9999.0000	-9999.0000	-9999.0000	-9999.0000	-9999.0000	-9999.0000	20.5071	2	0	33.3642	1.0000	12	1	-9999.0000	12906	50434	-9999	1740	4333	-9999	327.7342	5	0.6452	0.6483	-0.0002	44.9853	1.7297	464.3537	320.5901	38.5526	436.2547	95.4039	459.5204	95.2282	463.9009	95.2941	467.6912	95.0525	
18/08/2017	00:31:32	019004	G523064185HLR	L523	S		434.3971	1.0233	10.0000	100.0359	39.8897	0.8230	0.8261	5.0000	19.9222	508.0809	94.9207	15.9315	25.5000	0.9300	0.9298	0.6483	-0.0002	508.0000	507.9499	1.0339	7.9031	99.9473	40.0011	0.8230	0.8229	5.0000	-9999.0000	-9999.0000	-9999.0000	-9999.0000	-9999.0000	-9999.0000	22.5717	3	0	28.4026	1.0000	12	1	-9999.0000	12907	50435	-9999	1741	4334	-9999	328.0047	5	0.6452	0.6483	-0.0002	44.9853	1.7297	472.2116	301.2650	42.4628	446.9568	95.2062	467.5657	94.9866	471.8391	94.9207	475.5500	94.9426	
18/08/2017	00:31:59	019004	G523064273HLR	L523	S		434.4445	1.0233	10.0000	99.9535	40.0936	0.8230	0.8262	5.0000	19.9925	508.0461	94.8987	16.3417	25.5000	0.9300	0.9298	0.6473	-0.0001	508.0000	507.7137	1.0339	7.9272	99.9802	39.9616	0.8230	0.8229	5.0000	-9999.0000	-9999.0000	-9999.0000	-9999.0000	-9999.0000	-9999.0000	22.7026	4	0	26.5929	1.0000	12	1	-9999.0000	12908	50436	-9999	1742	4335	-9999	327.9295	5	0.6453	0.6473	-0.0001	44.3520	1.7649	470.7331	321.6160	40.3319	442.5486	95.3161	465.4299	95.0085	470.2060	94.9426	474.3818	94.9207	
18/08/2017	00:32:29	019004	G523064194HLR	L523	S		429.5644	1.0233	10.0000	100.0462	40.0162	0.8230	0.8259	5.0000	20.0022	508.0760	95.1843	19.3323	25.5000	0.9300	0.9299	0.6476	-0.0001	508.0000	507.6210	1.0339	7.9366	100.0837	39.9886	0.8230	0.8234	5.0000	-9999.0000	-9999.0000	-9999.0000	-9999.0000	-9999.0000	-9999.0000	20.1420	5	0	29.9535	1.0000	12	1	-9999.0000	12909	50437	-9999	1743	4336	-9999	327.7778	5	0.6453	0.6476	-0.0001	43.2101	1.8485	464.0553	331.7044	39.6290	437.6727	95.1843	459.3764	94.9866	463.5446	94.9866	467.2698	94.9426	
18/08/2017	00:32:55	019004	G523064229HLR	L523	S		425.3181	1.0233	10.0000	99.9656	39.8709	0.8230	0.8257	5.0000	21.3079	508.0374	94.9646	21.6831	25.4000	0.9300	0.9299	0.6481	-0.0002	508.0000	508.7111	1.0339	7.8254	100.0175	40.0109	0.8230	0.8233	5.0000	-9999.0000	-9999.0000	-9999.0000	-9999.0000	-9999.0000	-9999.0000	20.6017	6	0	26.3428	1.0000	12	1	-9999.0000	12910	50437	-9999	1744	4337	-9999	327.5683	5	0.6453	0.6481	-0.0002	41.1772	1.9899	458.6972	328.9664	38.3769	431.9986	95.4259	453.7820	95.1843	458.2672	95.1403	461.6420	94.9866	
18/08/2017	00:33:22	019004	G523064238HLR	L523	S		434.3456	1.0233	10.0000	100.1328	39.9753	0.8230	0.8261	5.0000	20.1828	508.0401	94.9646	16.6220	25.4000	0.9300	0.9298	0.6481	-0.0002	508.0000	507.9752	1.0339	7.9005	99.9879	40.0021	0.8230	0.8231	5.0000	-9999.0000	-9999.0000	-9999.0000	-9999.0000	-9999.0000	-9999.0000	21.3217	7	0	27.1633	1.0000	12	1	-9999.0000	12911	50438	-9999	1745	4338	-9999	327.9023	5	0.6453	0.6481	-0.0002	41.1772	1.9899	470.3385	328.1171	38.3329	442.5771	95.5797	465.8532	95.2282	469.8455	95.1403	473.7233	94.9866	
18/08/2017	00:33:53	019004	G523064182HLR	L523	S		436.8439	1.0233	10.0000	100.0660	40.0326	0.8230	0.8260	5.0000	20.0725	508.0352	94.8548	14.9919	25.4000	0.9300	0.9298	0.6473	-0.0001	508.0000	507.6483	1.0339	7.9338	100.0893	39.9747	0.8230	0.8234	5.0000	-9999.0000	-9999.0000	-9999.0000	-9999.0000	-9999.0000	-9999.0000	20.2717	8	0	30.6234	1.0000	12	1	-9999.0000	12912	50439	-9999	1746	4339	-9999	328.0004	5	0.6453	0.6473	-0.0001	41.7780	1.9527	474.4940	331.9763	38.9480	445.0744	95.3820	469.0278	95.0305	473.9970	94.9646	478.3609	94.8987	
18/08/2017	00:34:25	019004	G523064193HLR	L523	S		429.5749	1.0233	10.0000	100.1272	39.9206	0.8230	0.8259	5.0000	20.2435	508.0421	95.1623	18.1417	25.5000	0.9300	0.9299	0.6461	-0.0000	508.0000	508.9213	1.0339	7.8039	100.0802	40.0441	0.8230	0.8235	5.0000	-9999.0000	-9999.0000	-9999.0000	-9999.0000	-9999.0000	-9999.0000	20.0920	1	0	31.8737	1.0000	12	1	-9999.0000	12913	50440	-9999	1747	4340	-9999	327.8858	5	0.6453	0.6461	-0.0000	44.3528	1.7880	466.3393	334.6484	40.7933	439.9780	95.2941	461.3186	95.0305	465.8414	94.9866	469.5720	94.9426	
18/08/2017	00:34:55	019004	G523064183HLR	L523	S		436.1450	1.0233	10.0000	99.9440	39.9049	0.8230	0.8260	5.0000	20.0219	508.0559	94.8548	14.7614	25.4000	0.9300	0.9299	0.6477	-0.0001	508.0000	509.1000	1.0339	7.7857	100.0970	40.0838	0.8230	0.8233	5.0000	-9999.0000	-9999.0000	-9999.0000	-9999.0000	-9999.0000	-9999.0000	20.7328	2	0	30.2740	1.0000	12	1	-9999.0000	12914	50441	-9999	1748	4341	-9999	328.0613	5	0.6453	0.6477	-0.0001	43.3781	1.8523	473.8740	331.6148	39.4972	445.1623	95.3600	468.5004	95.0964	473.2894	95.0305	477.3546	94.9646	
18/08/2017	00:35:23	019004	G523064278HLR	L523	S		436.2381	1.0233	10.0000	99.9824	40.0400	0.8230	0.8261	5.0000	19.9915	508.0485	94.8767	15.3113	25.5000	0.9300	0.9299	0.6477	-0.0001	508.0000	507.4028	1.0339	7.9589	100.0513	40.0944	0.8230	0.8234	5.0000	-9999.0000	-9999.0000	-9999.0000	-9999.0000	-9999.0000	-9999.0000	20.0627	3	0	27.8624	1.0000	12	1	-9999.0000	12915	50442	-9999	1749	4342	-9999	328.0303	5	0.6453	0.6477	-0.0001	43.4585	1.8379	472.5715	324.9916	40.5297	447.0857	95.2721	467.5180	94.9866	472.1701	94.9207	476.4398	94.9207	
18/08/2017	00:35:46	019004	G523064261HLR	L523	S		429.6854	1.0233	10.0000	100.0285	39.9649	0.8230	0.8259	5.0000	20.1722	508.0542	95.2062	18.9924	25.5000	0.9300	0.9301	0.6485	-0.0002	508.0000	509.6776	1.0339	7.7268	100.0831	40.0940	0.8230	0.8234	5.0000	-9999.0000	-9999.0000	-9999.0000	-9999.0000	-9999.0000	-9999.0000	20.1820	4	0	23.3426	1.0000	12	1	-9999.0000	12916	50443	-9999	1750	4343	-9999	327.7809	5	0.6454	0.6485	-0.0002	43.3849	1.8394	462.8978	331.6132	39.5631	436.3154	95.3600	457.2457	95.1843	462.3409	95.1843	466.3336	95.0085	
18/08/2017	00:36:19	019004	G523064613HLR	L523	S		428.1106	1.0233	10.0000	99.9705	39.9083	0.8230	0.8260	5.0000	20.3918	508.0434	95.0744	20.0228	25.5000	0.9300	0.9299	0.6475	-0.0001	508.0000	507.3141	1.0339	7.9679	100.0426	40.0684	0.8230	0.8234	5.0000	-9999.0000	-9999.0000	-9999.0000	-9999.0000	-9999.0000	-9999.0000	20.0530	5	0	32.4342	1.0000	12	1	-9999.0000	12917	50444	-9999	1751	4344	-9999	327.6255	5	0.6453	0.6475	-0.0001	43.4594	1.8598	462.8204	330.4702	38.9260	434.6801	95.4259	457.0368	95.2282	462.2699	95.1623	465.5025	95.0085	
18/08/2017	00:36:50	019004	G523064232HLR	L523	S		430.7801	1.0233	10.0000	100.0650	39.9863	0.8230	0.8261	5.0000	20.2826	508.0533	95.0964	18.6222	25.5000	0.9300	0.9299	0.6485	-0.0002	508.0000	507.3683	1.0339	7.9624	100.0314	39.9386	0.8230	0.8232	5.0000	-9999.0000	-9999.0000	-9999.0000	-9999.0000	-9999.0000	-9999.0000	22.0024	6	0	31.4528	1.0000	12	1	-9999.0000	12918	50445	-9999	1752	4345	-9999	327.7696	5	0.6454	0.6485	-0.0002	43.1513	1.8762	465.0637	332.2493	39.4093	437.9368	95.4259	460.3271	95.1184	464.7421	95.0305	468.4911	94.9426	
18/08/2017	00:37:19	019004	G523064240HLR	L523	S		429.3126	1.0233	10.0000	100.0247	39.9739	0.8230	0.8260	5.0000	20.0022	508.0484	94.8987	16.0116	25.5000	0.9300	0.9299	0.6485	-0.0002	508.0000	506.5009	1.0339	7.9614	99.9817	40.1184	0.8230	0.8235	5.0000	-9999.0000	-9999.0000	-9999.0000	-9999.0000	-9999.0000	-9999.0000	20.1524	7	0	28.5639	1.0000	12	1	-9999.0000	12919	50446	-9999	1753	4346	-9999	328.0387	5	0.6454	0.6485	-0.0002	43.1513	1.8762	471.1763	332.6532	40.9251	442.7272	95.3820	466.0715	95.1184	470.6719	95.0305	474.5393	94.9426	
18/08/2017	00:37:50	019004	G523064603HLR	L523	S		-0.5548	1.0233	-0.0134	100.0688	39.5816	0.8230	0.8257	5.0000	20.2620	0.0000	0.0000	0.0000	0.0000	0.9300	0.0000	0.0000	0.0000	0.0000	0.2152	1.0339	0.0000	100.0926	39.3665	0.8230	0.8241	5.0000	-9999.0000	-9999.0000	-9999.0000	-9999.0000	-9999.0000	-9999.0000	20.5718	8	18	31.3032	1.0000	12	1	-9999.0000	12920	0	-9999	1754	4347	-9999	0.0000	0	0.0000	0.0000	0.0000	0.0000	0.0000	0.0000	0.0000	0.0000	0.0000	0.0000	0.0000	0.0000	0.0000	0.0000	0.0000	0.0000	
18/08/2017	00:38:25	019004	G523064606HLR	L523	S		424.6444	1.0233	10.0000	100.0712	39.8764	0.8230	0.8265	5.0000	19.9017	508.0542	95.2062	20.5316	25.7000	0.9300	0.9303	0.6485	-0.0002	508.0000	507.4287	1.0339	7.9563	100.0800	40.0742	0.8230	0.8241	5.0000	-9999.0000	-9999.0000	-9999.0000	-9999.0000	-9999.0000	-9999.0000	20.5727	1	0	35.4641	1.0000	12	1	-9999.0000	12921	50447	-9999	1755	4348	-9999	327.6011	5	0.6454	0.6485	-0.0002	45.3155	1.7480	457.3461	318.4501	38.8821	431.7485	95.3600	451.7493	95.2062	456.8535	95.2062	460.5046	94.9866	
18/08/2017	00:38:54	019004	G523064597HLR	L523	S		426.4829	1.0233	10.0000	99.9687	40.1069	0.8230	0.8265	5.0000	20.1223	508.0363	95.0744	19.8128	25.5000	0.9300	0.9300	0.6494	-0.0002	508.0000	507.2900	1.0339	7.9704	100.1015	40.3956	0.8230	0.8236	5.0000	-9999.0000	-9999.0000	-9999.0000	-9999.0000	-9999.0000	-9999.0000	20.5619	2	0	28.3136	1.0000	12	1	-9999.0000	12922	50448	-9999	1756	4349	-9999	327.7921	5	0.6455	0.6494	-0.0002	45.1377	1.7539	459.7861	341.5063	42.1992	438.0854	95.6676	454.7884	95.3820	459.3147	95.3161	462.9862	95.0525	
18/08/2017	00:39:28	019004	G523064587HLR	L523	S		433.6232	1.0233	10.0000	100.0187	40.1286	0.8230	0.8260	5.0000	20.0823	508.0307	94.9646	16.7519	25.5000	0.9300	0.9299	0.6494	-0.0002	508.0000	508.0298	1.0339	7.8949	99.9788	40.2836	0.8230	0.8231	5.0000	-9999.0000	-9999.0000	-9999.0000	-9999.0000	-9999.0000	-9999.0000	21.3120	3	0	33.9931	1.0000	12	1	-9999.0000	12923	50449	-9999	1757	4350	-9999	328.0567	5	0.6455	0.6494	-0.0002	45.1377	1.7539	468.1220	320.6430	39.4533	438.9179	95.3600	462.7292	95.0525	467.5876	94.9426	471.7341	94.8987	
18/08/2017	00:39:57	019004	G523064574HLR	L523	S		427.4090	1.0233	10.0000	100.0167	39.9720	0.8230	0.8259	5.0000	20.1419	508.0408	95.1184	19.7122	25.5000	0.9300	0.9300	0.6487	-0.0002	508.0000	508.1171	1.0339	7.8860	100.0156	40.1964	0.8230	0.8233	5.0000	-9999.0000	-9999.0000	-9999.0000	-9999.0000	-9999.0000	-9999.0000	20.4925	4	0	28.8735	1.0000	12	1	-9999.0000	12924	50450	-9999	1758	4351	-9999	327.7460	5	0.6455	0.6487	-0.0002	45.9727	1.7335	459.6408	331.9190	40.8811	431.4570	95.6236	454.5005	95.3161	459.1496	95.2502	462.9423	95.0305	
18/08/2017	00:40:28	019004	G523064582HLR	L523	S		421.3667	1.0233	10.0000	100.0091	39.8778	0.8230	0.8260	5.0000	20.0930	508.0513	94.8767	23.3122	25.4000	0.9300	0.9300	0.6479	-0.0001	508.0000	508.4659	1.0339	7.8504	100.1688	40.1911	0.8230	0.8235	5.0000	-9999.0000	-9999.0000	-9999.0000	-9999.0000	-9999.0000	-9999.0000	20.3519	5	0	30.9633	1.0000	12	1	-9999.0000	12925	50451	-9999	1759	4352	-9999	327.5236	5	0.6455	0.6479	-0.0001	45.8677	1.7349	451.7245	330.0399	39.5851	426.2207	95.4918	447.5381	95.1623	451.4695	95.0964	455.1110	94.9866	
18/08/2017	00:40:56	019004	G523064673HLR	L523	S		434.8441	1.0233	10.0000	100.0225	40.0089	0.8230	0.8262	5.0000	20.0423	508.0329	94.9866	16.6620	25.4000	0.9300	0.9298	0.6479	-0.0001	508.0000	507.9958	1.0339	7.8984	100.1474	40.1274	0.8230	0.8233	5.0000	-9999.0000	-9999.0000	-9999.0000	-9999.0000	-9999.0000	-9999.0000	20.2923	6	0	27.9836	1.0000	12	1	-9999.0000	12926	50452	-9999	1760	4353	-9999	328.1473	5	0.6455	0.6479	-0.0001	45.8677	1.7349	470.0193	329.6909	39.5192	442.4566	95.2721	465.6688	94.9207	469.5594	94.8548	473.2971	94.8108	
18/08/2017	00:41:24	019004	G523064686HLR	L523	S		425.2148	1.0233	10.0000	100.0094	40.0093	0.8230	0.8260	5.0000	20.0217	508.0323	95.1184	22.2222	25.4000	0.9300	0.9300	0.6485	-0.0002	508.0000	508.2975	1.0339	7.8676	99.9919	40.1118	0.8230	0.8232	5.0000	-9999.0000	-9999.0000	-9999.0000	-9999.0000	-9999.0000	-9999.0000	20.8227	7	0	28.8030	1.0000	12	1	-9999.0000	12927	50453	-9999	1761	4354	-9999	327.7995	5	0.6454	0.6485	-0.0002	45.9074	1.7370	457.6984	330.6116	40.4198	433.1543	95.6236	453.1713	95.2941	457.1814	95.2502	461.0026	95.0085	
18/08/2017	00:41:54	019004	G523064685HLR	L523	S		433.1295	1.0233	10.0000	100.0359	39.8803	0.8230	0.8260	5.0000	20.1021	508.0602	95.0085	17.2617	25.4000	0.9300	0.9299	0.6485	-0.0002	508.0000	507.7830	1.0339	7.9201	100.0095	40.0965	0.8230	0.8234	5.0000	-9999.0000	-9999.0000	-9999.0000	-9999.0000	-9999.0000	-9999.0000	20.1223	8	0	29.4332	1.0000	12	1	-9999.0000	12928	50454	-9999	1762	4355	-9999	328.0923	5	0.6454	0.6485	-0.0002	45.9074	1.7370	468.3506	330.7824	40.7713	442.2178	95.3161	464.0257	94.9646	467.8702	94.8767	471.5787	94.8328	
18/08/2017	00:42:37	019004	G523064656HLR	L523	S		430.5232	1.0233	10.0000	100.0244	39.9849	0.8230	0.8261	5.0000	20.5717	508.0315	95.1403	19.1721	25.4000	0.9300	0.9300	0.6486	-0.0002	508.0000	508.9244	1.0339	7.8036	100.0079	40.0826	0.8230	0.8233	5.0000	-9999.0000	-9999.0000	-9999.0000	-9999.0000	-9999.0000	-9999.0000	20.4425	1	0	42.8846	1.0000	12	1	-9999.0000	12929	50455	-9999	1763	4356	-9999	327.8242	5	0.6455	0.6486	-0.0002	43.2986	1.8797	462.4913	327.9584	40.6175	435.3519	95.4039	456.2302	95.0744	462.1292	94.9866	465.4665	94.9646	
18/08/2017	00:43:02	019004	G523064710HLR	L523	S		432.9223	1.0233	10.0000	100.1285	39.9583	0.8230	0.8260	5.0000	19.9319	508.0510	94.9426	16.3817	25.4000	0.9300	0.9299	0.6486	-0.0002	508.0000	508.3761	1.0339	7.8596	99.9879	40.0850	0.8230	0.8233	5.0000	-9999.0000	-9999.0000	-9999.0000	-9999.0000	-9999.0000	-9999.0000	20.2922	2	0	25.3437	1.0000	12	1	-9999.0000	12930	50456	-9999	1764	4357	-9999	328.1469	5	0.6455	0.6486	-0.0002	43.2986	1.8797	468.7452	332.7820	38.9480	441.7440	95.1843	463.6100	94.9207	468.2343	94.8328	472.2899	94.8548	
18/08/2017	00:43:32	019004	G523064699HLR	L523	S		434.1671	1.0233	10.0000	100.0754	39.9276	0.8230	0.8261	5.0000	20.1223	508.0479	94.9866	16.9716	25.4000	0.9300	0.9299	0.6491	-0.0002	508.0000	507.8125	1.0339	7.9171	100.0847	40.1143	0.8230	0.8233	5.0000	-9999.0000	-9999.0000	-9999.0000	-9999.0000	-9999.0000	-9999.0000	20.5217	3	0	29.9732	1.0000	12	1	-9999.0000	12931	50457	-9999	1765	4358	-9999	328.1669	5	0.6454	0.6491	-0.0002	45.8985	1.7399	469.4237	326.6221	40.5077	442.6986	95.3161	464.1850	94.9866	468.9821	94.9426	472.7797	94.9426	
18/08/2017	00:44:02	019004	G523064709HLR	L523	S		433.8912	1.0233	10.0000	100.0399	39.9395	0.8230	0.8261	5.0000	20.0920	508.0458	95.0085	17.7422	25.4000	0.9300	0.9300	0.6501	-0.0002	508.0000	508.4105	1.0339	7.8561	99.9976	40.0164	0.8230	0.8233	5.0000	-9999.0000	-9999.0000	-9999.0000	-9999.0000	-9999.0000	-9999.0000	20.7219	4	0	29.7729	1.0000	12	1	-9999.0000	12932	50458	-9999	1766	4359	-9999	328.1921	5	0.6454	0.6501	-0.0002	46.4784	1.7083	467.0788	312.6276	38.7942	439.0419	95.0964	462.3741	94.8987	466.7056	94.8767	470.4153	94.8987	
18/08/2017	00:44:31	019004	G523065344HLR	L523	S		438.0619	1.0233	10.0000	100.0227	39.9839	0.8230	0.8261	5.0000	20.0420	365.2836	95.0085	31.0035	25.4000	0.9300	0.9298	0.6501	-0.0002	508.0000	502.1537	1.0339	7.6250	100.0643	40.0973	0.8230	0.8234	5.0000	-9999.0000	-9999.0000	-9999.0000	-9999.0000	-9999.0000	-9999.0000	20.2727	5	34	29.0335	1.0000	12	1	-9999.0000	12933	50459	-9999	1767	4360	-9999	234.7202	5	0.6455	0.6501	-0.0002	44.8045	1.7841	291.5054	281.7974	39.2336	306.3324	96.9856	283.4714	96.6561	289.4629	96.6341	292.7782	95.3380	
18/08/2017	00:45:27	019004	G523065311HLR	L523	Q		431.9439	1.0233	10.0000	99.9787	39.9079	0.8230	0.8257	5.0000	22.0924	508.0409	95.0085	18.1417	25.6000	0.9300	0.9302	0.6503	-0.0003	508.0000	507.7693	1.0339	7.9215	100.1197	40.1299	0.8230	0.8233	5.0000	-9999.0000	-9999.0000	-9999.0000	-9999.0000	-9999.0000	-9999.0000	20.3517	7	0	28.2832	1.0000	12	1	-9999.0000	12935	50460	-9999	1769	4361	-9999	328.1066	5	0.6455	0.6503	-0.0003	44.9968	1.7721	462.8969	292.1831	39.8706	436.7859	93.6026	458.2327	93.4708	462.4824	93.4708	466.5966	94.3276	
18/08/2017	00:45:55	019004	G523065352HLR	L523	Q		430.8418	1.0233	10.0000	100.0934	39.8001	0.8230	0.8261	5.0000	19.9826	508.0677	95.0305	18.0616	25.4000	0.9300	0.9301	0.6501	-0.0002	508.0000	508.2249	1.0339	7.8750	100.0357	40.0666	0.8230	0.8233	5.0000	-9999.0000	-9999.0000	-9999.0000	-9999.0000	-9999.0000	-9999.0000	20.8324	8	0	27.7033	1.0000	12	1	-9999.0000	12936	50461	-9999	1770	4362	-9999	328.1544	5	0.6362	0.6501	-0.0002	43.6517	1.8352	462.8803	342.2798	42.5946	441.6148	94.1079	458.4052	93.8223	462.3709	93.7344	465.7929	94.4154	
18/08/2017	00:46:29	019004	G523064600HLR	L523	S		0.0000	0.0000	0.0000	0.0000	0.0000	0.8230	0.0000	0.0000	0.0000	0.0000	0.0000	0.0000	0.0000	0.9300	0.0000	0.0000	0.0000	0.0000	0.0000	0.0000	0.0000	0.0000	0.0000	0.8230	0.0000	0.0000	0.0000	0.0000	0.0000	0.0000	0.0000	0.0000	0.0000	0	42	27.7033	1.0000	12	1	0.0000	0	0	0	0	0	0	0.0000	0	0.0000	0.0000	0.0000	0.0000	0.0000	0.0000	0.0000	0.0000	0.0000	0.0000	0.0000	0.0000	0.0000	0.0000	0.0000	0.0000	
18/08/2017	00:46:46	019004	G523065331HLR	L523	S		433.7941	1.0233	10.0000	99.9424	40.0707	0.8230	0.8264	5.0000	19.9622	508.0207	94.9866	17.2519	25.5000	0.9300	0.9301	0.6501	-0.0002	508.0000	508.9328	1.0339	7.8028	100.1479	40.0244	0.8230	0.8233	5.0000	-9999.0000	-9999.0000	-9999.0000	-9999.0000	-9999.0000	-9999.0000	20.9425	1	0	51.2960	1.0000	12	1	-9999.0000	12937	50462	-9999	1771	4363	-9999	328.1768	5	0.6362	0.6501	-0.0002	43.6517	1.8352	464.3741	328.4423	40.7713	441.3717	94.2616	458.8233	93.9980	463.7975	93.9321	467.6299	94.4594	
18/08/2017	00:47:15	019004	G523065339HLR	L523	S		435.1023	1.0233	10.0000	99.9453	40.0424	0.8230	0.8260	5.0000	20.0716	508.0318	94.9426	16.5819	25.5000	0.9300	0.9301	0.6501	-0.0002	508.0000	507.2875	1.0339	7.9707	99.9620	39.9882	0.8230	0.8232	5.0000	-9999.0000	-9999.0000	-9999.0000	-9999.0000	-9999.0000	-9999.0000	21.4722	2	0	28.5129	1.0000	12	1	-9999.0000	12938	50463	-9999	1772	4364	-9999	328.2780	5	0.6362	0.6501	-0.0002	43.6517	1.8352	469.3691	324.4142	40.5077	441.9855	94.4594	463.8323	94.1957	468.8885	94.1298	472.0935	94.5253	
18/08/2017	00:47:46	019004	G523065330HLR	L523	S		435.5198	1.0233	10.0000	99.9692	39.9243	0.8230	0.8260	5.0000	19.9917	508.0560	94.9207	16.5624	25.5000	0.9300	0.9301	0.6502	-0.0002	508.0000	509.0192	1.0339	7.7940	100.0273	40.1024	0.8230	0.8233	5.0000	-9999.0000	-9999.0000	-9999.0000	-9999.0000	-9999.0000	-9999.0000	20.3127	3	0	30.9829	1.0000	12	1	-9999.0000	12939	50464	-9999	1773	4365	-9999	328.3271	5	0.6362	0.6502	-0.0002	43.1266	1.8621	465.8619	331.0880	40.3539	440.4539	94.4813	461.4825	94.2177	465.4736	94.1957	469.9631	94.5472	
18/08/2017	00:48:12	019004	G523065349HLR	L523	S		434.6200	1.0233	10.0000	100.0429	39.9143	0.8230	0.8262	5.0000	19.9915	508.0413	94.8987	16.0819	25.5000	0.9300	0.9301	0.6495	-0.0002	508.0000	507.9107	1.0339	7.9071	100.0335	39.9974	0.8230	0.8233	5.0000	-9999.0000	-9999.0000	-9999.0000	-9999.0000	-9999.0000	-9999.0000	21.0325	4	0	26.2833	1.0000	12	1	-9999.0000	12940	50465	-9999	1774	4366	-9999	328.2855	5	0.6361	0.6495	-0.0002	41.4938	1.9443	469.0221	342.9469	39.6949	441.4599	94.5912	463.9621	94.3276	468.4490	94.3276	473.1363	94.6131	
18/08/2017	00:48:41	019004	G523065350HLR	L523	S		432.5232	1.0233	10.0000	100.0398	40.0003	0.8230	0.8262	5.0000	20.1320	508.0490	94.9426	17.5420	25.5000	0.9300	0.9301	0.6494	-0.0002	508.0000	508.0295	1.0339	7.8949	100.0421	39.9804	0.8230	0.8232	5.0000	-9999.0000	-9999.0000	-9999.0000	-9999.0000	-9999.0000	-9999.0000	22.0424	5	0	29.3237	1.0000	12	1	-9999.0000	12941	50466	-9999	1775	4367	-9999	328.0729	5	0.6360	0.6494	-0.0002	42.1591	1.9029	465.3081	329.9936	40.9690	440.1467	94.5253	459.7062	94.2616	464.8301	94.2616	468.8224	94.5912	
18/08/2017	00:49:10	019004	G523065312HLR	L523	S		433.2317	1.0233	10.0000	99.9765	39.9788	0.8230	0.8261	5.0000	20.0323	508.0273	94.9207	16.8623	25.6000	0.9300	0.9302	0.6503	-0.0003	508.0000	506.4335	1.0339	7.9562	100.0639	39.9565	0.8230	0.8235	5.0000	-9999.0000	-9999.0000	-9999.0000	-9999.0000	-9999.0000	-9999.0000	20.3216	6	0	28.8831	1.0000	12	1	-9999.0000	12942	50467	-9999	1776	4368	-9999	328.1579	5	0.6361	0.6503	-0.0003	41.5545	1.9254	466.8719	322.1446	39.6070	440.7302	94.3715	461.3984	94.3056	466.3567	94.3715	470.4826	94.6351	
18/08/2017	00:49:37	019004	G523065321HLR	L523	S		430.6772	1.0233	10.0000	100.0225	39.9528	0.8230	0.8260	5.0000	20.1720	508.0430	95.1184	19.1320	25.5000	0.9300	0.9301	0.6500	-0.0002	508.0000	507.9811	1.0339	7.8999	100.0317	40.0871	0.8230	0.8235	5.0000	-9999.0000	-9999.0000	-9999.0000	-9999.0000	-9999.0000	-9999.0000	20.1625	7	0	26.4424	1.0000	12	1	-9999.0000	12943	50468	-9999	1777	4369	-9999	327.8620	5	0.6361	0.6500	-0.0002	42.4410	1.8723	461.1434	336.1347	38.8601	435.2785	94.9426	455.9282	94.7010	460.7492	94.6571	464.5884	94.7669	
18/08/2017	00:50:02	019004	G523065342HLR	L523	S		439.9913	1.0233	10.0000	99.9538	39.8373	0.8230	0.8261	5.0000	20.0724	508.0586	94.8108	14.6716	25.4000	0.9300	0.9299	0.6500	-0.0002	508.0000	509.4371	1.0339	7.7513	99.9637	39.9835	0.8230	0.8230	5.0000	-9999.0000	-9999.0000	-9999.0000	-9999.0000	-9999.0000	-9999.0000	22.7330	8	0	25.8133	1.0000	12	1	-9999.0000	12944	50469	-9999	1778	4370	-9999	328.4637	5	0.6361	0.6500	-0.0002	42.4410	1.8723	475.4551	328.9774	40.2001	446.1250	94.7669	470.1440	94.5472	475.0021	94.5253	479.3116	94.7010	
18/08/2017	00:51:00	019004	G523058474HLR	L523	S		0.0000	0.0000	0.0000	0.0000	0.0000	0.8230	0.0000	0.0000	0.0000	0.0000	0.0000	0.0000	0.0000	0.9300	0.0000	0.0000	0.0000	0.0000	0.0000	0.0000	0.0000	0.0000	0.0000	0.8230	0.0000	0.0000	0.0000	0.0000	0.0000	0.0000	0.0000	0.0000	0.0000	0	42	25.8133	1.0000	06	1	0.0000	0	0	0	0	0	0	0.0000	0	0.0000	0.0000	0.0000	0.0000	0.0000	0.0000	0.0000	0.0000	0.0000	0.0000	0.0000	0.0000	0.0000	0.0000	0.0000	0.0000	
18/08/2017	00:51:19	019004	G523065333HLR	L523	S		423.7543	1.0233	10.0000	100.2054	40.0457	0.8230	0.8264	5.0000	19.9219	508.0332	95.1403	17.5225	25.4000	0.9300	0.9300	0.6495	-0.0002	508.0000	508.2147	1.0339	7.8760	100.0407	39.9550	0.8230	0.8234	5.0000	-9999.0000	-9999.0000	-9999.0000	-9999.0000	-9999.0000	-9999.0000	20.7620	1	0	76.1980	1.0000	12	1	-9999.0000	12945	50470	-9999	1779	4371	-9999	328.0844	5	0.6362	0.6495	-0.0002	45.0713	1.7166	466.1072	325.7089	39.2995	437.5687	95.2721	461.8808	94.9646	465.6438	94.9426	469.5417	94.9207	
18/08/2017	00:51:43	019004	G523065343HLR	L523	S		425.6256	1.0233	10.0000	100.0239	39.9917	0.8230	0.8261	5.0000	20.2318	508.0354	95.0305	17.2217	25.4000	0.9300	0.9300	0.6503	-0.0003	508.0000	509.4522	1.0339	7.7498	100.0501	40.0062	0.8230	0.8234	5.0000	-9999.0000	-9999.0000	-9999.0000	-9999.0000	-9999.0000	-9999.0000	21.0423	2	0	24.1835	1.0000	12	1	-9999.0000	12946	50471	-9999	1780	4372	-9999	328.1574	5	0.6363	0.6503	-0.0003	45.0376	1.7177	465.6624	329.0939	39.4093	437.5003	95.1843	460.4562	94.9207	465.0271	94.8548	468.8480	94.8987	
18/08/2017	00:52:07	019004	G523064643HLR	L523	S		437.6157	1.0233	10.0000	99.9678	39.9004	0.8230	0.8260	5.0000	20.0920	508.0526	94.8108	14.6022	25.4000	0.9300	0.9300	0.6535	-0.0004	508.0000	507.0532	1.0339	7.9946	100.0424	40.1569	0.8230	0.8232	5.0000	-9999.0000	-9999.0000	-9999.0000	-9999.0000	-9999.0000	-9999.0000	20.9016	3	0	24.5525	1.0000	12	1	-9999.0000	12947	50472	-9999	1781	4373	-9999	328.7820	5	0.6364	0.6535	-0.0004	46.0792	1.6570	472.4704	324.4397	39.2995	443.9407	95.0744	467.5615	94.7669	472.0788	94.7230	476.3673	94.8108	
18/08/2017	00:52:33	019004	G523065346HLR	L523	S		438.2967	1.0233	10.0000	100.0205	39.9399	0.8230	0.8262	5.0000	20.0725	508.0584	94.7889	14.1412	25.5000	0.9300	0.9300	0.6480	-0.0001	508.0000	507.7617	1.0339	7.9223	100.1242	40.0361	0.8230	0.8234	5.0000	-9999.0000	-9999.0000	-9999.0000	-9999.0000	-9999.0000	-9999.0000	20.6224	4	0	25.5429	1.0000	12	1	-9999.0000	12948	50473	-9999	1782	4374	-9999	328.3068	5	0.6362	0.6480	-0.0001	43.8482	1.7835	475.9923	321.3106	39.8267	449.1035	95.0525	471.1409	94.7449	475.6298	94.7010	479.2962	94.7889	
18/08/2017	00:53:00	019004	G523064705HLR	L523	S		432.1682	1.0233	10.0000	99.9733	39.9172	0.8230	0.8260	5.0000	21.7318	508.0502	95.2721	18.6427	25.5000	0.9300	0.9301	0.6451	0.0000	508.0000	509.6619	1.0339	7.7284	99.9987	40.0187	0.8230	0.8234	5.0000	-9999.0000	-9999.0000	-9999.0000	-9999.0000	-9999.0000	-9999.0000	20.9124	5	0	27.1026	1.0000	12	1	-9999.0000	12949	50474	-9999	1783	4375	-9999	328.1534	5	0.6364	0.6451	0.0000	44.7586	1.7282	465.7360	315.3540	40.5077	438.3572	95.0525	461.1032	94.8328	465.2258	94.8548	469.3220	94.9426	
18/08/2017	00:53:26	019004	G523059990HLR	L523	S		-0.5217	1.0233	-0.0126	99.8896	39.5747	0.8230	0.8258	5.0000	20.1223	0.0000	0.0000	0.0000	0.0000	0.9300	0.0000	0.0000	0.0000	0.0000	0.2449	1.0339	0.0000	100.1884	39.3484	0.8230	0.8238	5.0000	-9999.0000	-9999.0000	-9999.0000	-9999.0000	-9999.0000	-9999.0000	19.3126	6	18	25.6836	1.0000	06	1	-9999.0000	12950	0	-9999	1784	4376	-9999	0.0000	0	0.0000	0.0000	0.0000	0.0000	0.0000	0.0000	0.0000	0.0000	0.0000	0.0000	0.0000	0.0000	0.0000	0.0000	0.0000	0.0000	
18/08/2017	00:53:52	019004	G523059994HLR	L523	S		455.8686	1.0233	10.0000	99.9926	40.0326	0.8230	0.8260	5.0000	20.1020	508.0495	95.0085	6.7009	25.8000	0.9300	0.9303	0.6511	-0.0003	508.0000	508.1403	1.0339	7.8836	100.0760	40.0512	0.8230	0.8240	5.0000	-9999.0000	-9999.0000	-9999.0000	-9999.0000	-9999.0000	-9999.0000	22.2926	7	0	26.7824	1.0000	06	1	-9999.0000	12951	50475	-9999	1785	4377	-9999	329.8046	5	0.6364	0.6511	-0.0003	42.7671	1.8373	498.7771	305.4675	39.2336	464.6776	94.4813	492.3505	94.5472	498.2712	94.6131	502.4381	94.7230	
18/08/2017	00:54:21	019004	G523058454HLR	L523	S		436.9956	1.0233	10.0000	100.0435	39.8525	0.8230	0.8260	5.0000	19.8821	508.0643	94.8767	13.8912	25.7000	0.9300	0.9303	0.6506	-0.0003	508.0000	508.8401	1.0339	7.8122	99.9101	40.2727	0.8230	0.8234	5.0000	-9999.0000	-9999.0000	-9999.0000	-9999.0000	-9999.0000	-9999.0000	23.1824	8	0	28.1437	1.0000	06	1	-9999.0000	12952	50476	-9999	1786	4378	-9999	328.6420	5	0.6364	0.6506	-0.0003	43.4598	1.8041	474.7107	313.0012	38.9919	445.8631	94.1738	469.6302	93.8443	474.1533	93.8003	478.0759	94.3276	
18/08/2017	00:54:48	019004	G523063303HLR	L523	S		439.5985	1.0233	10.0000	100.0602	39.9088	0.8230	0.8263	5.0000	20.0822	508.0635	94.9426	15.3220	25.5000	0.9300	0.9301	0.6520	-0.0004	508.0000	509.5733	1.0339	7.7374	100.1540	40.2177	0.8230	0.8235	5.0000	-9999.0000	-9999.0000	-9999.0000	-9999.0000	-9999.0000	-9999.0000	20.4222	1	0	27.2824	1.0000	06	1	-9999.0000	12953	50477	-9999	1787	4379	-9999	328.4592	5	0.6459	0.6520	-0.0004	43.0268	1.8320	473.0053	317.1097	39.1018	444.4693	95.2062	467.7623	94.9426	472.4551	94.9207	476.5225	94.9207	
18/08/2017	00:55:11	019004	G523063341HLR	L523	S		440.8482	1.0233	10.0000	99.9530	39.9941	0.8230	0.8261	5.0000	21.1527	508.0448	94.7669	14.0914	25.5000	0.9300	0.9299	0.6520	-0.0004	508.0000	509.7851	1.0339	7.7158	100.0345	40.2025	0.8230	0.8235	5.0000	-9999.0000	-9999.0000	-9999.0000	-9999.0000	-9999.0000	-9999.0000	19.8919	2	0	23.1436	1.0000	06	1	-9999.0000	12954	50478	-9999	1788	4380	-9999	328.6633	5	0.6459	0.6520	-0.0004	43.0268	1.8320	475.8327	325.3672	38.2670	448.7362	95.0525	470.2239	94.8987	475.4569	94.8767	479.5597	94.8767	
18/08/2017	00:56:06	019004	G523063319HLR	L523	S		435.1609	1.0233	10.0000	100.0157	39.8746	0.8230	0.8260	5.0000	20.0920	508.0497	95.0525	16.5224	25.7000	0.9300	0.9303	0.6512	-0.0003	508.0000	508.2696	1.0339	7.8705	100.0671	40.1767	0.8230	0.8232	5.0000	-9999.0000	-9999.0000	-9999.0000	-9999.0000	-9999.0000	-9999.0000	21.1420	4	0	30.4730	1.0000	06	1	-9999.0000	12956	50479	-9999	1790	4381	-9999	328.1344	5	0.6461	0.6512	-0.0003	39.9866	2.0137	469.3893	312.7818	38.4208	439.2174	95.0744	463.3193	94.9646	468.8656	95.0085	472.3977	94.9426	
18/08/2017	00:56:38	019004	G523063347HLR	L523	S		428.0653	1.0233	10.0000	100.0666	39.9554	0.8230	0.8263	5.0000	20.0120	508.0327	94.8767	15.3816	25.5000	0.9300	0.9302	0.6510	-0.0003	508.0000	509.4819	1.0339	7.7467	100.0890	40.0908	0.8230	0.8234	5.0000	-9999.0000	-9999.0000	-9999.0000	-9999.0000	-9999.0000	-9999.0000	20.3928	5	0	32.1141	1.0000	06	1	-9999.0000	12957	50480	-9999	1791	4382	-9999	328.2651	5	0.6460	0.6510	-0.0003	39.8491	2.0155	473.2627	322.7763	40.3759	443.3572	95.3161	468.0916	95.1843	472.8289	95.1843	476.6940	95.0305	
18/08/2017	00:57:33	019004	G523063334HLR	L523	S		442.9417	1.0233	10.0000	100.1303	39.9354	0.8230	0.8260	5.0000	19.8919	508.0518	94.7449	11.6214	25.7000	0.9300	0.9302	0.6507	-0.0003	508.0000	510.2551	1.0339	7.6678	100.1517	40.1913	0.8230	0.8233	5.0000	-9999.0000	-9999.0000	-9999.0000	-9999.0000	-9999.0000	-9999.0000	20.3130	7	0	23.4930	1.0000	06	1	-9999.0000	12959	50481	-9999	1793	4383	-9999	328.7695	5	0.6459	0.6507	-0.0003	40.0289	2.0136	483.1151	308.8039	40.3100	450.3927	94.9866	476.7502	94.8987	482.4521	94.9207	486.7336	94.8767	
18/08/2017	00:57:56	019004	G523063346HLR	L523	S		425.8408	1.0233	10.0000	100.0106	39.8566	0.8230	0.8261	5.0000	20.1624	508.0441	95.2282	18.8527	25.5000	0.9300	0.9302	0.6505	-0.0003	508.0000	505.8486	1.0339	7.9109	99.9994	40.1258	0.8230	0.8234	5.0000	-9999.0000	-9999.0000	-9999.0000	-9999.0000	-9999.0000	-9999.0000	19.9123	8	0	23.7320	1.0000	06	1	-9999.0000	12960	50482	-9999	1794	4384	-9999	327.6412	5	0.6458	0.6505	-0.0003	40.0177	2.0068	461.9906	332.7297	38.7283	435.4488	95.1623	457.3787	94.9207	461.5494	94.8987	465.0711	94.8548	
18/08/2017	00:58:32	019004	G523063417HLR	L523	S		424.1614	1.0233	10.0000	100.0322	39.9859	0.8230	0.8263	5.0000	19.9925	508.0430	95.0744	20.2620	25.4000	0.9300	0.9300	0.6505	-0.0003	508.0000	506.2443	1.0339	7.9415	100.0168	40.0226	0.8230	0.8234	5.0000	-9999.0000	-9999.0000	-9999.0000	-9999.0000	-9999.0000	-9999.0000	20.4319	1	0	35.3440	1.0000	06	1	-9999.0000	12961	50483	-9999	1795	4385	-9999	327.3569	5	0.6458	0.6505	-0.0003	40.0177	2.0068	458.5988	324.1388	40.8592	429.8822	95.3820	453.0020	95.2282	458.1250	95.1623	461.6924	94.9866	
18/08/2017	00:58:55	019004	G523063439HLR	L523	S		426.4810	1.0233	10.0000	100.0605	40.0973	0.8230	0.8261	5.0000	20.0414	508.0295	95.0964	19.3821	25.4000	0.9300	0.9299	0.6495	-0.0003	508.0000	507.6458	1.0339	7.9341	100.1241	39.9894	0.8230	0.8234	5.0000	-9999.0000	-9999.0000	-9999.0000	-9999.0000	-9999.0000	-9999.0000	21.0327	2	0	23.4332	1.0000	06	1	-9999.0000	12962	50484	-9999	1796	4386	-9999	327.4731	5	0.6457	0.6495	-0.0003	49.3387	1.4424	461.3911	321.5274	38.7503	433.0018	95.3820	456.5081	95.0744	460.9232	95.0085	464.3648	94.9207	
18/08/2017	00:59:28	019004	G523062564HLR	L523	S		416.8227	1.0233	10.0000	100.0088	39.9947	0.8230	0.8260	5.0000	19.8626	0.0000	0.0000	0.0000	0.0000	0.9300	0.0000	0.0000	0.0000	0.0000	420.2615	1.0339	1.2891	100.1152	40.1059	0.8230	0.8233	5.0000	-9999.0000	-9999.0000	-9999.0000	-9999.0000	-9999.0000	-9999.0000	20.2024	3	7	32.3932	1.0000	06	1	-9999.0000	12963	0	-9999	1797	4387	-9999	0.0000	0	0.0000	0.0000	0.0000	0.0000	0.0000	0.0000	0.0000	0.0000	0.0000	0.0000	0.0000	0.0000	0.0000	0.0000	0.0000	0.0000	
18/08/2017	01:00:24	019004	G523063426HLR	L523	S		420.4376	1.0233	10.0000	100.0195	39.8934	0.8230	0.8263	5.0000	20.1126	508.0202	94.9426	23.0329	25.7000	0.9300	0.9307	0.6482	-0.0002	508.0000	507.2036	1.0339	7.9792	100.0106	40.0924	0.8230	0.8234	5.0000	-9999.0000	-9999.0000	-9999.0000	-9999.0000	-9999.0000	-9999.0000	19.8627	5	0	32.8837	1.0000	06	1	-9999.0000	12965	50485	-9999	1799	4388	-9999	327.4631	5	0.6458	0.6482	-0.0002	39.3329	2.1730	454.8628	260.4968	38.4647	426.2301	95.3161	449.0310	95.2062	454.4277	95.2282	458.0760	95.0085	
18/08/2017	01:00:48	019004	G523063326HLR	L523	S		403.5183	1.0233	9.7562	99.9628	39.9919	0.8230	0.8263	5.0000	20.1429	0.0000	0.0000	0.0000	0.0000	0.9300	0.0000	0.0000	0.0000	0.0000	406.2610	1.0339	0.2059	100.0847	39.9870	0.8230	0.8235	5.0000	-9999.0000	-9999.0000	-9999.0000	-9999.0000	-9999.0000	-9999.0000	20.0421	6	7	24.1121	1.0000	06	1	-9999.0000	12966	0	-9999	1800	4389	-9999	0.0000	0	0.0000	0.0000	0.0000	0.0000	0.0000	0.0000	0.0000	0.0000	0.0000	0.0000	0.0000	0.0000	0.0000	0.0000	0.0000	0.0000	
18/08/2017	01:01:12	019004	G523063428HLR	L523	S		420.6685	1.0233	10.0000	100.0318	40.1024	0.8230	0.8261	5.0000	19.9718	508.0454	95.0964	20.5219	25.6000	0.9300	0.9305	0.6482	-0.0002	508.0000	509.6794	1.0339	7.7266	100.1165	40.0441	0.8230	0.8234	5.0000	-9999.0000	-9999.0000	-9999.0000	-9999.0000	-9999.0000	-9999.0000	20.8226	7	0	24.0025	1.0000	06	1	-9999.0000	12967	50486	-9999	1801	4390	-9999	327.6863	5	0.6458	0.6482	-0.0002	39.3329	2.1730	458.7121	309.8566	39.2555	430.1103	95.1623	454.2006	95.0305	458.1636	95.0305	462.8477	94.9426	
18/08/2017	01:02:02	019004	G523063422HLR	L523	S		421.6149	1.0233	10.0000	100.0604	39.9859	0.8230	0.8262	5.0000	20.1525	508.0457	95.0525	21.0229	25.6000	0.9300	0.9303	0.6476	-0.0001	508.0000	510.0127	1.0339	7.6926	100.0414	40.0175	0.8230	0.8231	5.0000	-9999.0000	-9999.0000	-9999.0000	-9999.0000	-9999.0000	-9999.0000	21.8422	1	0	24.5633	1.0000	06	1	-9999.0000	12969	50487	-9999	1803	4391	-9999	327.8048	5	0.6458	0.6476	-0.0001	40.1863	2.0584	458.7512	303.6102	40.5297	432.1144	95.1623	453.6063	94.9646	458.2833	94.9426	462.1938	94.8987	
18/08/2017	01:02:30	019004	G523062567HLR	L523	S		0.0000	0.0000	0.0000	0.0000	0.0000	0.8230	0.0000	0.0000	0.0000	0.0000	0.0000	0.0000	0.0000	0.9300	0.0000	0.0000	0.0000	0.0000	0.0000	0.0000	0.0000	0.0000	0.0000	0.8230	0.0000	0.0000	0.0000	0.0000	0.0000	0.0000	0.0000	0.0000	0.0000	0	42	24.5633	1.0000	06	1	0.0000	0	0	0	0	0	0	0.0000	0	0.0000	0.0000	0.0000	0.0000	0.0000	0.0000	0.0000	0.0000	0.0000	0.0000	0.0000	0.0000	0.0000	0.0000	0.0000	0.0000	
18/08/2017	01:02:47	019004	G523064827HLR	L523	S		445.6575	1.0233	10.0000	100.0735	39.9653	0.8230	0.8264	5.0000	19.9121	508.0307	94.8767	11.9320	25.4000	0.9300	0.9299	0.6476	-0.0001	508.0000	508.7249	1.0339	7.8240	100.1216	39.9026	0.8230	0.8234	5.0000	-9999.0000	-9999.0000	-9999.0000	-9999.0000	-9999.0000	-9999.0000	21.1625	2	0	45.8049	1.0000	06	1	-9999.0000	12970	50488	-9999	1804	4392	-9999	328.3222	5	0.6458	0.6476	-0.0001	40.1863	2.0584	483.8586	317.9216	40.5956	453.2657	94.9866	477.9550	94.6571	483.4907	94.5692	486.5161	94.7010	
18/08/2017	01:03:13	019004	G523064826HLR	L523	S		444.1065	1.0233	10.0000	99.8965	40.0211	0.8230	0.8261	5.0000	19.9124	508.0324	94.8987	12.1811	25.5000	0.9300	0.9300	0.6483	-0.0002	508.0000	508.2639	1.0339	7.8710	99.9965	39.9904	0.8230	0.8235	5.0000	-9999.0000	-9999.0000	-9999.0000	-9999.0000	-9999.0000	-9999.0000	21.4623	3	0	25.9434	1.0000	06	1	-9999.0000	12971	50489	-9999	1805	4393	-9999	328.3794	5	0.6457	0.6483	-0.0002	39.8464	2.0836	482.4817	318.1649	38.6405	451.9519	95.0964	476.7930	94.7449	481.9456	94.7230	485.8919	94.7889	
18/08/2017	01:03:37	019004	G523063431HLR	L523	S		418.9819	1.0233	10.0000	100.1007	39.9038	0.8230	0.8261	5.0000	20.0324	0.0000	0.0000	0.0000	0.0000	0.9300	0.0000	0.0000	0.0000	0.0000	422.8480	1.0339	1.4892	100.1379	40.1520	0.8230	0.8233	5.0000	-9999.0000	-9999.0000	-9999.0000	-9999.0000	-9999.0000	-9999.0000	20.3728	4	7	23.3621	1.0000	06	1	-9999.0000	12972	0	-9999	1806	4394	-9999	0.0000	0	0.0000	0.0000	0.0000	0.0000	0.0000	0.0000	0.0000	0.0000	0.0000	0.0000	0.0000	0.0000	0.0000	0.0000	0.0000	0.0000	
18/08/2017	01:04:03	019004	G523064840HLR	L523	S		442.3407	1.0233	10.0000	100.0023	39.9096	0.8230	0.8263	5.0000	19.9417	508.0647	94.8328	12.7514	25.7000	0.9300	0.9302	0.6482	-0.0002	508.0000	507.2599	1.0339	7.9735	100.0287	40.0083	0.8230	0.8235	5.0000	-9999.0000	-9999.0000	-9999.0000	-9999.0000	-9999.0000	-9999.0000	20.0423	5	0	26.3633	1.0000	06	1	-9999.0000	12973	50490	-9999	1807	4395	-9999	328.2454	5	0.6453	0.6482	-0.0002	39.0380	2.1853	479.8486	314.8155	40.5736	449.7361	94.6571	474.1137	94.7010	479.0972	94.8548	483.6289	94.8548	
18/08/2017	01:04:27	019004	G523062522HLR	L523	S		429.3808	1.0233	10.0000	100.0470	40.0445	0.8230	0.8263	5.0000	19.9817	508.0466	95.3161	19.2522	25.6000	0.9300	0.9303	0.6477	-0.0001	508.0000	506.6898	1.0339	7.9760	100.0197	39.9180	0.8230	0.8233	5.0000	-9999.0000	-9999.0000	-9999.0000	-9999.0000	-9999.0000	-9999.0000	21.5123	6	0	24.1325	1.0000	06	1	-9999.0000	12974	50491	-9999	1808	4396	-9999	327.6266	5	0.6454	0.6477	-0.0001	37.5547	2.2520	463.7462	323.2170	40.7933	436.2978	95.2502	458.2843	95.1403	463.1637	95.1623	467.3442	95.0085	
18/08/2017	01:04:52	019004	G523062521HLR	L523	S		439.8012	1.0233	10.0000	100.0481	40.0175	0.8230	0.8261	5.0000	19.9924	508.0596	94.8548	13.9918	25.6000	0.9300	0.9300	0.6477	-0.0001	508.0000	507.8505	1.0339	7.9132	100.0422	40.0353	0.8230	0.8237	5.0000	-9999.0000	-9999.0000	-9999.0000	-9999.0000	-9999.0000	-9999.0000	19.8626	7	0	24.4324	1.0000	06	1	-9999.0000	12975	50492	-9999	1809	4397	-9999	328.0959	5	0.6454	0.6477	-0.0001	37.5547	2.2520	477.3300	303.4552	38.9700	445.8043	95.3820	471.3687	95.1623	476.7077	95.1184	480.9374	94.9866	
18/08/2017	01:05:17	019004	G523064846HLR	L523	S		405.2792	1.0233	9.7988	100.0176	39.9825	0.8230	0.8260	5.0000	19.9924	0.0000	0.0000	0.0000	0.0000	0.9300	0.0000	0.0000	0.0000	0.0000	445.3853	1.0339	3.2329	100.0525	40.0637	0.8230	0.8236	5.0000	-9999.0000	-9999.0000	-9999.0000	-9999.0000	-9999.0000	-9999.0000	20.1117	8	7	25.3535	1.0000	06	1	-9999.0000	12976	0	-9999	1810	4398	-9999	0.0000	0	0.0000	0.0000	0.0000	0.0000	0.0000	0.0000	0.0000	0.0000	0.0000	0.0000	0.0000	0.0000	0.0000	0.0000	0.0000	0.0000	
18/08/2017	01:05:42	019004	G523064311HLR	L523	S		422.2980	1.0233	10.0000	100.0237	39.8418	0.8230	0.8261	5.0000	20.0823	508.0392	94.8328	14.5114	25.7000	0.9300	0.9302	0.6461	-0.0001	508.0000	508.7540	1.0339	7.8210	99.9820	39.9761	0.8230	0.8233	5.0000	-9999.0000	-9999.0000	-9999.0000	-9999.0000	-9999.0000	-9999.0000	22.0219	1	0	24.8024	1.0000	06	1	-9999.0000	12977	50493	-9999	1811	4399	-9999	327.8981	5	0.6453	0.6461	-0.0001	37.3152	2.2607	476.8042	286.1834	40.2441	443.7200	94.9646	470.5311	94.8548	476.3470	94.8767	480.0190	94.8767	
18/08/2017	01:06:05	019004	G523064310HLR	L523	S		422.2074	1.0233	10.0000	100.0236	39.9221	0.8230	0.8264	5.0000	19.9720	508.0435	94.7010	12.4907	25.5000	0.9300	0.9302	0.6457	-0.0000	508.0000	508.6092	1.0339	7.8358	100.0552	39.9728	0.8230	0.8234	5.0000	-9999.0000	-9999.0000	-9999.0000	-9999.0000	-9999.0000	-9999.0000	21.3022	2	0	23.5624	1.0000	06	1	-9999.0000	12978	50494	-9999	1812	4400	-9999	327.9333	5	0.6453	0.6457	-0.0000	37.9268	2.1652	482.9057	321.5169	41.0788	451.8448	95.0964	477.6187	94.8548	482.4023	94.8987	487.0462	94.9207	
18/08/2017	01:06:32	019004	G523064294HLR	L523	S		445.6051	1.0233	10.0000	100.1215	40.1125	0.8230	0.8263	5.0000	19.9622	508.0667	94.6790	12.6518	25.5000	0.9300	0.9301	0.6461	-0.0000	508.0000	509.2976	1.0339	7.7656	100.0209	40.0175	0.8230	0.8236	5.0000	-9999.0000	-9999.0000	-9999.0000	-9999.0000	-9999.0000	-9999.0000	20.2423	3	0	26.4533	1.0000	06	1	-9999.0000	12979	50495	-9999	1813	4401	-9999	328.0570	5	0.6454	0.6461	-0.0000	38.1257	2.1584	482.6907	320.7461	38.5746	450.5104	94.9426	477.1880	94.6571	482.0350	94.6790	486.1896	94.8108	
18/08/2017	01:06:56	019004	G523064322HLR	L523	S		447.3889	1.0233	10.0000	100.0827	40.0158	0.8230	0.8260	5.0000	20.1322	508.0538	94.7449	10.8508	25.5000	0.9300	0.9300	0.6461	-0.0000	508.0000	507.7830	1.0339	7.9201	99.9811	40.0146	0.8230	0.8234	5.0000	-9999.0000	-9999.0000	-9999.0000	-9999.0000	-9999.0000	-9999.0000	21.7827	4	0	24.4223	1.0000	06	1	-9999.0000	12980	50496	-9999	1814	4402	-9999	328.0755	5	0.6454	0.6461	-0.0000	38.1257	2.1584	487.5062	327.5229	39.1018	455.9046	94.8328	481.2784	94.6571	486.9538	94.7449	490.7496	94.8548	
18/08/2017	01:07:22	019004	G523062519HLR	L523	S		440.9271	1.0233	10.0000	100.0660	39.9118	0.8230	0.8260	5.0000	20.1223	508.0581	94.9426	12.9517	25.5000	0.9300	0.9300	0.6461	-0.0000	508.0000	508.3818	1.0339	7.8590	100.1408	40.0506	0.8230	0.8235	5.0000	-9999.0000	-9999.0000	-9999.0000	-9999.0000	-9999.0000	-9999.0000	21.0218	5	0	25.3535	1.0000	06	1	-9999.0000	12981	50497	-9999	1815	4403	-9999	328.0308	5	0.6454	0.6461	-0.0000	37.9144	2.1689	480.2973	323.1774	38.1572	450.2496	94.9426	475.7093	94.7449	479.7829	94.7449	483.8904	94.7449	
18/08/2017	01:08:15	019004	G523064836HLR	L523	S		0.0000	0.0000	0.0000	0.0000	0.0000	0.8230	0.0000	0.0000	0.0000	0.0000	0.0000	0.0000	0.0000	0.9300	0.0000	0.0000	0.0000	0.0000	0.0000	0.0000	0.0000	0.0000	0.0000	0.8230	0.0000	0.0000	0.0000	0.0000	0.0000	0.0000	0.0000	0.0000	0.0000	0	42	25.3535	1.0000	06	1	0.0000	0	0	0	0	0	0	0.0000	0	0.0000	0.0000	0.0000	0.0000	0.0000	0.0000	0.0000	0.0000	0.0000	0.0000	0.0000	0.0000	0.0000	0.0000	0.0000	0.0000	
18/08/2017	01:08:59	019004	G523064314HLR	L523	S		438.1741	1.0233	10.0000	99.9584	39.9990	0.8230	0.8263	5.0000	19.9025	508.0798	94.9207	14.6716	25.7000	0.9300	0.9303	0.6455	-0.0000	508.0000	507.0147	1.0339	7.9985	99.9853	40.1004	0.8230	0.8232	5.0000	-9999.0000	-9999.0000	-9999.0000	-9999.0000	-9999.0000	-9999.0000	23.8327	7	0	24.9228	1.0000	06	1	-9999.0000	12983	50498	-9999	1817	4404	-9999	327.9518	5	0.6453	0.6455	-0.0000	36.2050	2.3053	477.0015	307.3866	39.2555	447.2345	94.8328	471.0807	94.8328	476.3903	94.9646	480.3399	94.9646	
18/08/2017	01:09:24	019004	G523064321HLR	L523	S		440.9904	1.0233	10.0000	100.0099	39.9951	0.8230	0.8262	5.0000	20.0121	508.0573	94.7230	12.8110	25.5000	0.9300	0.9302	0.6462	-0.0000	508.0000	508.9968	1.0339	7.7962	100.0543	40.2617	0.8230	0.8234	5.0000	-9999.0000	-9999.0000	-9999.0000	-9999.0000	-9999.0000	-9999.0000	20.2424	8	0	25.1932	1.0000	06	1	-9999.0000	12984	50499	-9999	1818	4405	-9999	328.0609	5	0.6454	0.6462	-0.0000	36.0916	2.2619	482.3626	319.0895	39.0139	451.0676	95.2062	477.3757	94.9426	481.9768	94.8987	485.0749	94.9207	
18/08/2017	01:09:48	019004	G523064293HLR	L523	S		438.8281	1.0233	10.0000	99.9710	39.9902	0.8230	0.8261	5.0000	20.0315	508.0523	94.8108	13.6217	25.5000	0.9300	0.9301	0.6464	-0.0001	508.0000	508.3313	1.0339	7.8642	100.0097	40.1147	0.8230	0.8232	5.0000	-9999.0000	-9999.0000	-9999.0000	-9999.0000	-9999.0000	-9999.0000	21.9027	1	0	24.5926	1.0000	06	1	-9999.0000	12985	50500	-9999	1819	4406	-9999	327.9610	5	0.6453	0.6464	-0.0001	35.6669	2.3138	478.7267	320.7652	40.1342	449.3881	95.2062	473.5867	94.9207	478.2905	94.9207	481.9486	94.8987	
18/08/2017	01:15:02	019004	G523062565HLR	L523	S		0.0000	0.0000	0.0000	0.0000	0.0000	0.8230	0.0000	0.0000	0.0000	0.0000	0.0000	0.0000	0.0000	0.9300	0.0000	0.0000	0.0000	0.0000	0.0000	0.0000	0.0000	0.0000	0.0000	0.8230	0.0000	0.0000	0.0000	0.0000	0.0000	0.0000	0.0000	0.0000	0.0000	0	42	24.5926	1.0000	06	1	0.0000	0	0	0	0	0	0	0.0000	0	0.0000	0.0000	0.0000	0.0000	0.0000	0.0000	0.0000	0.0000	0.0000	0.0000	0.0000	0.0000	0.0000	0.0000	0.0000	0.0000	
18/08/2017	01:15:21	019004	G523064306HLR	L523	S		432.4379	1.0233	10.0000	100.0072	39.9425	0.8230	0.8261	5.0000	20.0315	508.0413	95.2282	17.8819	25.5000	0.9300	0.9301	0.6464	-0.0001	508.0000	507.2871	1.0339	7.9707	100.1413	40.0809	0.8230	0.8234	5.0000	-9999.0000	-9999.0000	-9999.0000	-9999.0000	-9999.0000	-9999.0000	20.7523	2	0	332.3074	1.0000	06	1	-9999.0000	12986	50501	-9999	1820	4407	-9999	327.8039	5	0.6453	0.6464	-0.0001	35.6669	2.3138	468.7119	329.4657	41.2985	443.9902	95.2721	462.9365	95.1623	467.9212	95.2062	472.2546	95.0525	
18/08/2017	01:15:45	019004	G523064850HLR	L523	S		439.9902	1.0233	10.0000	99.9833	39.9644	0.8230	0.8262	5.0000	20.0920	508.0588	94.8108	13.0718	25.7000	0.9300	0.9304	0.6471	-0.0001	508.0000	507.2109	1.0339	7.9785	99.9884	40.0185	0.8230	0.8233	5.0000	-9999.0000	-9999.0000	-9999.0000	-9999.0000	-9999.0000	-9999.0000	21.2329	3	0	24.9332	1.0000	06	1	-9999.0000	12987	50502	-9999	1821	4408	-9999	328.0363	5	0.6453	0.6471	-0.0001	35.4385	2.3262	480.0915	306.7269	40.1342	449.9833	95.0525	473.9135	95.0305	479.6849	95.0744	483.3377	94.9866	
18/08/2017	01:16:40	019004	G523064300HLR	L523	Q		439.7709	1.0233	10.0000	99.9079	39.7937	0.8230	0.8258	5.0000	21.4623	508.0482	94.8328	12.7309	25.7000	0.9300	0.9303	0.6490	-0.0003	508.0000	507.2933	1.0339	7.9701	100.0567	39.6907	0.8230	0.8232	5.0000	-9999.0000	-9999.0000	-9999.0000	-9999.0000	-9999.0000	-9999.0000	21.1225	5	0	26.1036	1.0000	06	1	-9999.0000	12989	50503	-9999	1823	4409	-9999	327.9689	5	0.6452	0.6490	-0.0003	30.5787	2.7434	480.9601	316.2517	39.5631	450.8743	95.3161	475.2991	95.1843	480.3977	95.1843	484.2567	95.0085	
18/08/2017	01:17:04	019004	G523064302HLR	L523	Q		426.5966	1.0233	10.0000	100.0065	39.9266	0.8230	0.8264	5.0000	20.0726	508.0398	94.7669	13.5318	25.6000	0.9300	0.9303	0.6455	0.0000	508.0000	508.3485	1.0339	7.8624	100.0759	39.7440	0.8230	0.8239	5.0000	-9999.0000	-9999.0000	-9999.0000	-9999.0000	-9999.0000	-9999.0000	20.2424	6	0	24.4519	1.0000	06	1	-9999.0000	12990	50504	-9999	1824	4410	-9999	327.9827	5	0.6454	0.6455	0.0000	37.1441	2.2185	481.1918	331.0278	41.2546	450.2270	95.1623	475.4796	94.9426	480.6604	95.0085	484.1945	94.9866	
18/08/2017	01:17:28	019004	G523064839HLR	L523	S		439.9428	1.0233	10.0000	100.1186	40.1030	0.8230	0.8264	5.0000	20.0822	508.0482	94.8987	13.1314	25.7000	0.9300	0.9303	0.6455	0.0000	508.0000	509.2242	1.0339	7.7730	100.0133	40.0951	0.8230	0.8238	5.0000	-9999.0000	-9999.0000	-9999.0000	-9999.0000	-9999.0000	-9999.0000	21.1320	7	0	23.8630	1.0000	06	1	-9999.0000	12991	50505	-9999	1825	4411	-9999	328.0065	5	0.6457	0.6455	0.0000	41.5063	1.8899	478.5410	292.7229	39.5411	449.3647	94.4594	472.4217	94.6571	478.0329	94.8108	482.5191	94.8767	
18/08/2017	01:17:53	019004	G523063329HLR	L523	S		424.8141	1.0233	10.0000	99.9117	39.6129	0.8230	0.8260	5.0000	20.6418	508.0310	95.2062	16.7812	25.5000	0.9300	0.9300	0.6455	0.0000	508.0000	509.2146	1.0339	7.7740	100.0400	39.9243	0.8230	0.8234	5.0000	-9999.0000	-9999.0000	-9999.0000	-9999.0000	-9999.0000	-9999.0000	20.4320	8	0	24.9131	1.0000	06	1	-9999.0000	12992	50506	-9999	1826	4412	-9999	327.9877	5	0.6457	0.6455	0.0000	41.5063	1.8899	469.1345	319.1905	41.2765	439.8184	94.8987	463.6598	94.5912	468.6525	94.6351	473.0369	94.8108	
18/08/2017	01:18:20	019004	G523063312HLR	L523	S		435.1584	1.0233	10.0000	99.9573	39.7610	0.8230	0.8266	5.0000	19.9719	508.0330	94.8548	14.3620	25.5000	0.9300	0.9298	0.6455	0.0000	508.0000	510.6296	1.0339	7.6296	100.1454	39.7372	0.8230	0.8233	5.0000	-9999.0000	-9999.0000	-9999.0000	-9999.0000	-9999.0000	-9999.0000	20.7426	1	0	27.1026	1.0000	06	1	-9999.0000	12993	50507	-9999	1827	4413	-9999	327.9807	5	0.6458	0.6455	0.0000	42.7163	1.8204	476.3074	332.6916	39.4093	447.5502	95.1623	470.4681	94.9426	475.7306	94.9426	480.0925	94.9207	
18/08/2017	01:18:45	019004	G523064299HLR	L523	S		438.0854	1.0233	10.0000	99.9799	40.1413	0.8230	0.8265	5.0000	20.0823	508.0365	94.7449	12.3520	25.4000	0.9300	0.9298	0.6455	0.0000	508.0000	509.6007	1.0339	7.7346	99.9664	39.8461	0.8230	0.8235	5.0000	-9999.0000	-9999.0000	-9999.0000	-9999.0000	-9999.0000	-9999.0000	23.4128	2	0	24.5731	1.0000	06	1	-9999.0000	12994	50508	-9999	1828	4414	-9999	327.9902	5	0.6457	0.6455	0.0000	43.1877	1.7922	481.1298	315.2514	39.1018	452.8136	95.2062	475.9525	94.8548	480.5589	94.8108	484.9066	94.8548	
18/08/2017	01:19:18	019004	G523060001HLR	L523	S		453.9620	1.0233	10.0000	99.9314	39.9608	0.8230	0.8259	5.0000	20.1017	508.0527	94.8767	5.8903	25.6000	0.9300	0.9297	0.6455	0.0000	508.0000	506.4774	1.0339	7.9596	100.0320	40.1022	0.8230	0.8240	5.0000	-9999.0000	-9999.0000	-9999.0000	-9999.0000	-9999.0000	-9999.0000	19.8224	3	0	32.8242	1.0000	06	1	-9999.0000	12995	50509	-9999	1829	4415	-9999	327.9964	5	0.6455	0.6455	0.0000	44.6981	1.7094	501.4902	324.6309	40.5736	470.7420	94.9866	495.5856	94.6790	500.8433	94.6790	504.9990	94.7669	
18/08/2017	01:19:45	019004	G523063327HLR	L523	S		351.2922	1.0233	8.4935	100.0138	39.7307	0.8230	0.8259	5.0000	19.9415	0.0000	0.0000	0.0000	0.0000	0.9300	0.0000	0.0000	0.0000	0.0000	353.6547	1.0339	0.0000	100.1727	40.0596	0.8230	0.8236	5.0000	-9999.0000	-9999.0000	-9999.0000	-9999.0000	-9999.0000	-9999.0000	20.7123	4	7	27.6222	1.0000	06	1	-9999.0000	12996	0	-9999	1830	4416	-9999	0.0000	0	0.0000	0.0000	0.0000	0.0000	0.0000	0.0000	0.0000	0.0000	0.0000	0.0000	0.0000	0.0000	0.0000	0.0000	0.0000	0.0000	
18/08/2017	01:20:10	019004	G523059991HLR	L523	S		-0.4216	1.0233	-0.0102	100.1035	39.3110	0.8230	0.8260	5.0000	21.6626	0.0000	0.0000	0.0000	0.0000	0.9300	0.0000	0.0000	0.0000	0.0000	0.1655	1.0339	0.0000	99.9844	39.1441	0.8230	0.8238	5.0000	-9999.0000	-9999.0000	-9999.0000	-9999.0000	-9999.0000	-9999.0000	20.1421	5	18	24.9431	1.0000	06	1	-9999.0000	12997	0	-9999	1831	4417	-9999	0.0000	0	0.0000	0.0000	0.0000	0.0000	0.0000	0.0000	0.0000	0.0000	0.0000	0.0000	0.0000	0.0000	0.0000	0.0000	0.0000	0.0000	
18/08/2017	01:20:35	019004	G523064828HLR	L523	S		438.6990	1.0233	10.0000	100.0517	39.7741	0.8230	0.8268	5.0000	19.9523	508.0480	94.8328	12.9214	25.7000	0.9300	0.9304	0.6449	0.0000	508.0000	508.2810	1.0339	7.8693	100.0571	39.8461	0.8230	0.8244	5.0000	-9999.0000	-9999.0000	-9999.0000	-9999.0000	-9999.0000	-9999.0000	21.3822	6	0	25.1727	1.0000	06	1	-9999.0000	12998	50510	-9999	1832	4418	-9999	327.7562	5	0.6451	0.6449	0.0000	36.6676	2.4847	477.8912	306.4476	39.0359	450.4898	94.0859	472.5839	94.0200	477.4951	94.0420	481.4142	94.4154	
18/08/2017	01:21:03	019004	G523064304HLR	L523	S		435.6468	1.0233	10.0000	100.0669	40.2238	0.8230	0.8266	5.0000	19.9926	508.0699	94.8328	14.1315	25.6000	0.9300	0.9302	0.6477	-0.0002	508.0000	506.9602	1.0339	7.9969	100.1106	40.3589	0.8230	0.8243	5.0000	-9999.0000	-9999.0000	-9999.0000	-9999.0000	-9999.0000	-9999.0000	19.9112	7	0	27.5032	1.0000	06	1	-9999.0000	12999	50511	-9999	1833	4419	-9999	327.7935	5	0.6452	0.6477	-0.0002	38.0401	2.3487	477.2338	324.4876	39.4972	449.3205	95.4259	472.1410	95.2062	476.7209	95.2941	481.2170	95.0744	
18/08/2017	01:21:29	019004	G523064313HLR	L523	S		433.8224	1.0233	10.0000	99.9105	40.0711	0.8230	0.8261	5.0000	19.8928	508.0488	95.0305	15.9119	25.6000	0.9300	0.9300	0.6477	-0.0002	508.0000	507.2544	1.0339	7.9740	100.0858	40.2738	0.8230	0.8236	5.0000	-9999.0000	-9999.0000	-9999.0000	-9999.0000	-9999.0000	-9999.0000	20.1526	8	0	26.2433	1.0000	06	1	-9999.0000	13000	50512	-9999	1834	4420	-9999	327.6085	5	0.6452	0.6477	-0.0002	38.0401	2.3487	472.3948	318.6366	40.9470	445.2954	95.4039	467.1993	95.3161	471.8009	95.3820	475.5160	95.0525	
18/08/2017	01:21:56	019004	G523064816HLR	L523	S		450.0627	1.0233	10.0000	99.9964	39.8435	0.8230	0.8258	5.0000	19.9622	508.0414	95.0525	9.4513	25.5000	0.9300	0.9299	0.6477	-0.0002	508.0000	508.1562	1.0339	7.8820	99.9937	40.1004	0.8230	0.8234	5.0000	-9999.0000	-9999.0000	-9999.0000	-9999.0000	-9999.0000	-9999.0000	19.9720	1	0	26.4530	1.0000	06	1	-9999.0000	13001	50513	-9999	1835	4421	-9999	328.2070	5	0.6452	0.6477	-0.0002	38.0401	2.3487	491.2554	334.5072	40.8811	462.2055	95.3600	485.5537	95.1184	490.7735	95.1403	494.4898	95.0085	
18/08/2017	01:22:22	019004	G523063989HLR	L523	S		439.5281	1.0233	10.0000	100.0532	39.7515	0.8230	0.8262	5.0000	20.1526	508.0395	95.0085	13.5416	25.5000	0.9300	0.9300	0.6478	-0.0002	508.0000	508.0876	1.0339	7.8890	100.1031	39.9137	0.8230	0.8234	5.0000	-9999.0000	-9999.0000	-9999.0000	-9999.0000	-9999.0000	-9999.0000	20.1828	2	0	26.0430	1.0000	04	4	-9999.0000	13002	50514	-9999	1836	4422	-9999	327.8296	5	0.6453	0.6478	-0.0002	41.3089	2.0554	477.5976	325.7834	39.7608	450.5441	95.2502	472.2925	94.9866	477.0355	94.8767	480.7563	94.5912	
18/08/2017	01:22:50	019004	G523064764HLR	L523	S		438.0648	1.0233	10.0000	99.9871	39.9714	0.8230	0.8265	5.0000	20.1028	508.0823	94.9426	15.2322	25.5000	0.9300	0.9300	0.6475	-0.0002	508.0000	509.4996	1.0339	7.7449	100.0457	39.8680	0.8230	0.8234	5.0000	-9999.0000	-9999.0000	-9999.0000	-9999.0000	-9999.0000	-9999.0000	20.7719	3	0	27.9925	1.0000	04	4	-9999.0000	13003	50515	-9999	1837	4423	-9999	327.7852	5	0.6453	0.6475	-0.0002	43.7975	1.8865	474.5941	328.3118	41.2765	450.0010	95.6236	469.6762	95.3600	474.1468	95.3380	478.1823	95.0305	
18/08/2017	01:23:16	019004	G523064790HLR	L523	S		434.9334	1.0233	10.0000	100.0117	40.0605	0.8230	0.8262	5.0000	20.0326	508.0275	94.7889	14.5925	25.4000	0.9300	0.9299	0.6473	-0.0001	508.0000	509.0603	1.0339	7.7898	99.9949	39.9718	0.8230	0.8237	5.0000	-9999.0000	-9999.0000	-9999.0000	-9999.0000	-9999.0000	-9999.0000	20.7426	4	0	26.5635	1.0000	04	4	-9999.0000	13004	50516	-9999	1838	4424	-9999	327.8401	5	0.6454	0.6473	-0.0001	47.2595	1.6475	476.1993	329.9669	39.6070	447.4604	95.5577	471.7896	95.3380	475.7834	95.3380	479.1856	95.0525	
18/08/2017	01:23:43	019004	G523064797HLR	L523	S		435.7752	1.0233	10.0000	100.0299	39.8852	0.8230	0.8259	5.0000	20.2717	508.0777	94.7669	14.0914	25.4000	0.9300	0.9299	0.6474	-0.0002	508.0000	509.1843	1.0339	7.7771	100.0790	40.0297	0.8230	0.8235	5.0000	-9999.0000	-9999.0000	-9999.0000	-9999.0000	-9999.0000	-9999.0000	20.5218	5	0	26.6428	1.0000	04	4	-9999.0000	13005	50517	-9999	1839	4425	-9999	327.8584	5	0.6453	0.6474	-0.0002	40.3484	2.1559	478.1633	326.8846	40.2001	449.6808	95.3820	472.3650	95.1403	477.6085	95.1184	481.2021	94.9866	
18/08/2017	01:24:10	019004	G523064801HLR	L523	S		435.5026	1.0233	10.0000	99.9841	39.7870	0.8230	0.8261	5.0000	20.0422	508.0314	94.8767	14.3815	25.4000	0.9300	0.9300	0.6476	-0.0002	508.0000	508.7986	1.0339	7.8165	99.9726	39.8998	0.8230	0.8234	5.0000	-9999.0000	-9999.0000	-9999.0000	-9999.0000	-9999.0000	-9999.0000	20.8528	6	0	26.8632	1.0000	04	4	-9999.0000	13006	50518	-9999	1840	4426	-9999	327.8130	5	0.6453	0.6476	-0.0002	40.3566	2.1365	477.6154	342.5635	41.4083	452.5598	95.7115	471.1037	95.4479	477.1191	95.4698	480.6516	95.1403	
18/08/2017	01:24:36	019004	G523064804HLR	L523	S		433.6957	1.0233	10.0000	100.0503	39.9702	0.8230	0.8265	5.0000	20.0218	508.0539	94.9646	16.1122	25.4000	0.9300	0.9300	0.6478	-0.0002	508.0000	508.6199	1.0339	7.8347	100.0801	39.8899	0.8230	0.8235	5.0000	-9999.0000	-9999.0000	-9999.0000	-9999.0000	-9999.0000	-9999.0000	21.4017	7	0	26.3027	1.0000	04	4	-9999.0000	13006	50519	-9999	1841	4427	-9999	327.6013	5	0.6452	0.6478	-0.0002	41.1198	2.0681	471.3386	337.2718	41.2546	446.4604	95.2282	466.4023	95.0525	470.9306	95.0744	474.8302	95.0085	
18/08/2017	01:25:03	019004	G523064805HLR	L523	S		435.2554	1.0233	10.0000	100.0093	40.0179	0.8230	0.8262	5.0000	20.1916	508.0432	94.8328	14.9314	25.4000	0.9300	0.9300	0.6490	-0.0003	508.0000	507.6875	1.0339	7.9299	100.0968	40.0128	0.8230	0.8237	5.0000	-9999.0000	-9999.0000	-9999.0000	-9999.0000	-9999.0000	-9999.0000	20.5920	8	0	26.8028	1.0000	04	4	-9999.0000	13007	50520	-9999	1842	4428	-9999	327.5007	5	0.6451	0.6490	-0.0003	36.3304	2.5299	472.9272	322.2203	39.4093	448.3654	95.4698	467.5506	95.2282	472.4280	95.2062	476.6576	95.0525	
18/08/2017	01:25:29	019004	G523064813HLR	L523	S		436.9990	1.0233	10.0000	100.0881	39.8832	0.8230	0.8260	5.0000	20.0119	508.0338	94.7889	14.2623	25.4000	0.9300	0.9300	0.6490	-0.0003	508.0000	508.3248	1.0339	7.8648	100.0608	39.9636	0.8230	0.8233	5.0000	-9999.0000	-9999.0000	-9999.0000	-9999.0000	-9999.0000	-9999.0000	21.9832	1	0	26.4230	1.0000	04	4	-9999.0000	13008	50521	-9999	1843	4429	-9999	327.4858	5	0.6449	0.6490	-0.0003	36.2971	2.5585	476.2467	326.3983	42.1333	448.7835	95.4698	471.2666	95.1623	475.7725	95.1623	479.4877	95.0085	
18/08/2017	01:25:56	019004	G523065534HLR	L523	S		435.6408	1.0233	10.0000	100.0319	39.8267	0.8230	0.8262	5.0000	19.9525	508.0479	94.8987	15.2312	25.4000	0.9300	0.9300	0.6489	-0.0003	508.0000	507.8709	1.0339	7.9111	100.1290	39.9079	0.8230	0.8235	5.0000	-9999.0000	-9999.0000	-9999.0000	-9999.0000	-9999.0000	-9999.0000	20.7133	2	0	26.6329	1.0000	04	4	-9999.0000	13009	50522	-9999	1844	4430	-9999	327.2797	5	0.6447	0.6489	-0.0003	36.4647	2.5570	472.6319	322.1019	39.8267	444.3027	95.4259	466.7359	95.1403	472.0075	95.1843	476.1005	95.0305	
18/08/2017	01:26:25	019004	G523065530HLR	L523	S		437.7777	1.0233	10.0000	99.9392	39.9702	0.8230	0.8263	5.0000	20.3117	508.0356	94.7669	14.4919	25.4000	0.9300	0.9300	0.6488	-0.0003	508.0000	508.2058	1.0339	7.8770	99.9865	39.9804	0.8230	0.8235	5.0000	-9999.0000	-9999.0000	-9999.0000	-9999.0000	-9999.0000	-9999.0000	21.1821	3	0	29.0832	1.0000	04	4	-9999.0000	13010	50523	-9999	1845	4431	-9999	327.3714	5	0.6447	0.6488	-0.0003	37.2280	2.4703	475.4267	331.3765	40.2441	447.3602	95.0964	469.1157	94.8767	474.9749	94.8987	479.2899	94.9426	
18/08/2017	01:26:51	019004	G523065523HLR	L523	S		435.4896	1.0233	10.0000	100.1181	39.9941	0.8230	0.8262	5.0000	20.0421	508.0629	94.8328	15.1521	25.4000	0.9300	0.9300	0.6487	-0.0003	508.0000	508.3400	1.0339	7.8633	100.0133	39.8578	0.8230	0.8230	5.0000	-9999.0000	-9999.0000	-9999.0000	-9999.0000	-9999.0000	-9999.0000	25.6230	4	0	26.0332	1.0000	04	4	-9999.0000	13011	50524	-9999	1846	4432	-9999	327.3801	5	0.6447	0.6487	-0.0003	37.4966	2.4429	472.9105	326.4118	41.4083	444.7872	95.4259	467.6446	95.1184	472.3309	95.1184	476.6019	94.9866	
18/08/2017	01:27:17	019004	G523065516HLR	L523	S		437.8060	1.0233	10.0000	99.9800	39.8725	0.8230	0.8260	5.0000	19.9329	508.0457	94.8328	14.6013	25.4000	0.9300	0.9300	0.6489	-0.0003	508.0000	507.6910	1.0339	7.9295	100.0017	39.9102	0.8230	0.8235	5.0000	-9999.0000	-9999.0000	-9999.0000	-9999.0000	-9999.0000	-9999.0000	21.9721	5	0	25.7128	1.0000	04	4	-9999.0000	13011	50525	-9999	1847	4433	-9999	327.4064	5	0.6447	0.6489	-0.0003	39.2779	2.2800	474.9076	326.0666	39.0578	446.3243	95.4259	469.1642	95.2062	474.5162	95.2282	477.8270	95.0525	
18/08/2017	01:27:41	019004	G523065527HLR	L523	S		437.6922	1.0233	10.0000	100.0576	39.8725	0.8230	0.8263	5.0000	20.0930	508.0256	94.8328	14.9616	25.4000	0.9300	0.9300	0.6488	-0.0003	508.0000	508.8429	1.0339	7.8119	100.0252	40.0723	0.8230	0.8238	5.0000	-9999.0000	-9999.0000	-9999.0000	-9999.0000	-9999.0000	-9999.0000	19.8127	6	0	24.5429	1.0000	04	4	-9999.0000	13012	50525	-9999	1848	4434	-9999	327.3873	5	0.6449	0.6488	-0.0003	39.6176	2.2276	474.0127	329.0498	39.4313	445.6813	95.4698	468.6065	95.2502	473.4510	95.2721	477.2533	95.0744	
18/08/2017	01:28:05	019004	G523065504HLR	L523	S		442.9495	1.0233	10.0000	99.9428	39.9872	0.8230	0.8263	5.0000	20.2317	508.0600	94.6790	12.2416	25.4000	0.9300	0.9300	0.6494	-0.0003	508.0000	506.5215	1.0339	7.9630	100.0750	40.0920	0.8230	0.8237	5.0000	-9999.0000	-9999.0000	-9999.0000	-9999.0000	-9999.0000	-9999.0000	19.9925	7	0	23.9831	1.0000	04	4	-9999.0000	13013	50526	-9999	1849	4435	-9999	327.8297	5	0.6449	0.6494	-0.0003	39.0306	2.2461	480.9129	321.0370	41.0788	450.3295	95.1623	475.1955	95.0085	480.3112	95.0305	484.9399	94.9866	
18/08/2017	01:28:29	019004	G523064146HLR	L523	S		439.1755	1.0233	10.0000	99.9216	39.9816	0.8230	0.8261	5.0000	20.0726	508.0400	94.9207	14.3610	25.4000	0.9300	0.9300	0.6487	-0.0003	508.0000	506.8461	1.0339	7.9881	100.0478	39.9949	0.8230	0.8236	5.0000	-9999.0000	-9999.0000	-9999.0000	-9999.0000	-9999.0000	-9999.0000	20.4721	8	0	23.9724	1.0000	04	4	-9999.0000	13014	50527	-9999	1850	4436	-9999	327.4068	5	0.6447	0.6487	-0.0003	50.8825	1.4454	474.9749	323.2168	39.3215	445.3311	95.3600	468.9806	95.1184	474.4984	95.1184	478.4911	94.9426	
18/08/2017	01:28:56	019004	G523064154HLR	L523	S		437.5862	1.0233	10.0000	100.0363	39.8912	0.8230	0.8261	5.0000	19.9916	508.0543	94.7669	13.9020	25.4000	0.9300	0.9301	0.6483	-0.0003	508.0000	507.9065	1.0339	7.9075	100.1235	39.9528	0.8230	0.8236	5.0000	-9999.0000	-9999.0000	-9999.0000	-9999.0000	-9999.0000	-9999.0000	20.3820	1	0	26.8633	1.0000	04	4	-9999.0000	13015	50528	-9999	1851	4437	-9999	327.5628	5	0.6447	0.6483	-0.0003	36.8265	2.3782	476.8600	312.2636	40.7274	446.0625	95.2721	471.0487	95.1403	476.2331	95.1623	480.2650	95.0305	
18/08/2017	01:29:23	019004	G523064156HLR	L523	S		438.1678	1.0233	10.0000	99.9891	39.8733	0.8230	0.8262	5.0000	20.0130	508.0252	94.6351	12.8413	25.4000	0.9300	0.9301	0.6486	-0.0003	508.0000	506.0933	1.0339	7.9299	100.0410	39.9974	0.8230	0.8237	5.0000	-9999.0000	-9999.0000	-9999.0000	-9999.0000	-9999.0000	-9999.0000	20.2326	2	0	26.8431	1.0000	04	4	-9999.0000	13016	50529	-9999	1852	4438	-9999	327.6196	5	0.6445	0.6486	-0.0003	36.2958	2.3954	479.0881	322.1848	39.7608	449.9557	95.2502	473.1280	95.0525	478.4665	95.0305	482.6196	94.9646	
18/08/2017	01:29:47	019004	G523064157HLR	L523	S		438.6244	1.0233	10.0000	100.0143	39.9734	0.8230	0.8263	5.0000	20.1722	508.0454	94.7010	11.4114	25.4000	0.9300	0.9301	0.6497	-0.0004	508.0000	507.8069	1.0339	7.9177	100.0177	40.0383	0.8230	0.8234	5.0000	-9999.0000	-9999.0000	-9999.0000	-9999.0000	-9999.0000	-9999.0000	21.4819	3	0	24.4517	1.0000	04	4	-9999.0000	13017	50530	-9999	1853	4439	-9999	327.9909	5	0.6445	0.6497	-0.0004	33.8627	2.5650	483.0956	323.6188	38.0693	451.7593	94.9646	476.7948	94.6351	482.6953	94.6571	486.3535	94.8108	
18/08/2017	01:30:11	019004	G523064178HLR	L523	S		442.6330	1.0233	10.0000	100.0246	39.9714	0.8230	0.8262	5.0000	20.0218	508.0382	94.7669	12.2914	25.4000	0.9300	0.9301	0.6561	-0.0008	508.0000	507.3678	1.0339	7.9625	100.0673	39.9992	0.8230	0.8235	5.0000	-9999.0000	-9999.0000	-9999.0000	-9999.0000	-9999.0000	-9999.0000	20.9924	4	0	23.4929	1.0000	04	4	-9999.0000	13018	50531	-9999	1854	4440	-9999	328.3955	5	0.6445	0.6561	-0.0008	33.5097	2.5811	477.6704	325.2777	40.3100	446.9470	95.0525	471.8401	94.8328	477.2820	94.8328	481.1631	94.8328	
18/08/2017	01:30:35	019004	G523064179HLR	L523	S		438.2848	1.0233	10.0000	99.9928	39.8981	0.8230	0.8261	5.0000	19.9318	508.0676	94.9646	15.0017	25.4000	0.9300	0.9302	0.6561	-0.0008	508.0000	508.4374	1.0339	7.8533	100.0624	39.9898	0.8230	0.8236	5.0000	-9999.0000	-9999.0000	-9999.0000	-9999.0000	-9999.0000	-9999.0000	20.1926	5	0	23.7234	1.0000	04	4	-9999.0000	13019	50532	-9999	1855	4441	-9999	327.3260	5	0.6445	0.6561	-0.0008	35.6566	2.4393	469.8673	313.6168	40.9910	441.5543	94.8548	464.2177	94.7889	469.3797	94.8767	473.3534	94.9207	
18/08/2017	01:30:59	019004	G523064174HLR	L523	S		435.4277	1.0233	10.0000	100.0248	39.8998	0.8230	0.8262	5.0000	20.0325	508.0443	94.8548	15.1912	25.4000	0.9300	0.9301	0.6585	-0.0010	508.0000	507.6916	1.0339	7.9294	100.0634	40.0126	0.8230	0.8237	5.0000	-9999.0000	-9999.0000	-9999.0000	-9999.0000	-9999.0000	-9999.0000	20.2326	6	0	24.0124	1.0000	04	4	-9999.0000	13020	50533	-9999	1856	4442	-9999	327.2358	5	0.6448	0.6585	-0.0010	37.3075	2.3402	467.4555	314.7708	39.6949	438.0966	95.3161	462.2968	95.0744	467.0793	95.0964	470.9889	95.0085	
18/08/2017	01:31:23	019004	G523065486HLR	L523	S		442.4759	1.0233	10.0000	99.9837	39.9906	0.8230	0.8262	5.0000	20.1517	508.0694	94.7449	10.9915	25.4000	0.9300	0.9301	0.6547	-0.0007	508.0000	508.8571	1.0339	7.8105	100.0820	40.0240	0.8230	0.8237	5.0000	-9999.0000	-9999.0000	-9999.0000	-9999.0000	-9999.0000	-9999.0000	20.1117	7	0	24.6728	1.0000	04	4	-9999.0000	13021	50534	-9999	1857	4443	-9999	328.8255	5	0.6449	0.6547	-0.0007	35.9025	2.4209	483.1406	337.1117	41.2985	457.2799	95.2282	476.8710	95.0305	482.5505	94.9646	486.8603	94.9646	
18/08/2017	01:31:51	019004	G523065493HLR	L523	S		443.6837	1.0233	10.0000	100.0026	39.9630	0.8230	0.8261	5.0000	20.0227	508.0597	94.7889	11.4710	25.4000	0.9300	0.9301	0.6567	-0.0008	508.0000	508.0634	1.0339	7.8915	99.9798	40.0074	0.8230	0.8235	5.0000	-9999.0000	-9999.0000	-9999.0000	-9999.0000	-9999.0000	-9999.0000	21.2231	8	0	27.6925	1.0000	04	4	-9999.0000	13022	50535	-9999	1858	4444	-9999	328.9194	5	0.6451	0.6567	-0.0008	33.0975	2.5998	479.4613	327.6947	40.0683	451.0261	95.1623	473.6994	94.8987	478.9343	94.8548	483.0797	94.7889	
18/08/2017	01:32:17	019004	G523065490HLR	L523	S		440.6441	1.0233	10.0000	100.0145	39.8766	0.8230	0.8261	5.0000	20.1418	508.0430	94.8108	10.6711	25.4000	0.9300	0.9301	0.6571	-0.0008	508.0000	508.3650	1.0339	7.8607	100.0886	39.9945	0.8230	0.8235	5.0000	-9999.0000	-9999.0000	-9999.0000	-9999.0000	-9999.0000	-9999.0000	21.4926	1	0	25.7636	1.0000	04	4	-9999.0000	13023	50536	-9999	1859	4445	-9999	329.2932	5	0.6451	0.6571	-0.0008	33.7894	2.5305	482.1697	327.4966	40.0244	452.1337	94.8548	476.3415	94.7230	481.6325	94.8328	486.2268	94.8328	
18/08/2017	01:32:41	019004	G523065497HLR	L523	S		443.7260	1.0233	10.0000	100.0456	39.9004	0.8230	0.8263	5.0000	19.9730	508.0553	94.8767	12.4213	25.4000	0.9300	0.9301	0.6579	-0.0009	508.0000	507.7843	1.0339	7.9200	99.9574	40.0662	0.8230	0.8235	5.0000	-9999.0000	-9999.0000	-9999.0000	-9999.0000	-9999.0000	-9999.0000	21.1118	2	0	24.4726	1.0000	04	4	-9999.0000	13024	50537	-9999	1860	4446	-9999	328.5930	5	0.6451	0.6579	-0.0009	34.5144	2.4777	476.6285	280.9511	41.1228	449.8807	94.9207	470.9473	94.7010	475.9074	94.7449	480.2813	94.6571	
18/08/2017	01:33:08	019004	G523065480HLR	L523	S		443.5259	1.0233	10.0000	100.0151	39.9947	0.8230	0.8263	5.0000	20.3518	508.0423	94.9426	10.0412	25.4000	0.9300	0.9302	0.6551	-0.0007	508.0000	508.0806	1.0339	7.8897	100.0678	40.0269	0.8230	0.8236	5.0000	-9999.0000	-9999.0000	-9999.0000	-9999.0000	-9999.0000	-9999.0000	20.5522	3	0	26.5333	1.0000	04	4	-9999.0000	13025	50538	-9999	1861	4447	-9999	329.2024	5	0.6452	0.6551	-0.0007	48.7251	1.4986	484.6701	331.4087	40.5516	457.5692	94.9646	479.2790	94.7889	484.1266	94.8767	489.0826	94.9207	
18/08/2017	01:33:32	019004	G523065458HLR	L523	S		431.1201	1.0233	10.0000	100.0509	39.9915	0.8230	0.8262	5.0000	20.0227	508.0455	95.2062	16.0819	25.5000	0.9300	0.9302	0.6556	-0.0008	508.0000	507.3919	1.0339	7.9600	100.0234	40.0449	0.8230	0.8237	5.0000	-9999.0000	-9999.0000	-9999.0000	-9999.0000	-9999.0000	-9999.0000	19.8533	4	0	24.2321	1.0000	04	4	-9999.0000	13026	50539	-9999	1862	4448	-9999	327.0119	5	0.6454	0.6556	-0.0008	44.5256	1.7768	465.5494	322.1470	40.8372	437.5282	95.2282	459.8128	95.0085	464.9138	94.9426	468.8503	94.7230	
18/08/2017	01:33:56	019004	G523065459HLR	L523	S		431.4600	1.0233	10.0000	100.0156	39.9194	0.8230	0.8261	5.0000	19.9730	508.0711	94.7449	14.0211	25.4000	0.9300	0.9302	0.6559	-0.0008	508.0000	508.6529	1.0339	7.8313	100.0759	40.0926	0.8230	0.8237	5.0000	-9999.0000	-9999.0000	-9999.0000	-9999.0000	-9999.0000	-9999.0000	20.2923	5	0	24.4930	1.0000	04	4	-9999.0000	13027	50540	-9999	1863	4448	-9999	327.8136	5	0.6456	0.6559	-0.0008	51.6278	1.2808	472.1310	326.3242	39.4533	443.7494	95.3600	465.7100	95.0305	471.4490	95.0085	476.5467	94.9646	
18/08/2017	01:34:20	019004	G523065454HLR	L523	S		440.6264	1.0233	10.0000	100.0814	39.9399	0.8230	0.8262	5.0000	20.0218	508.0573	94.7010	12.8315	25.4000	0.9300	0.9302	0.6562	-0.0008	508.0000	508.9484	1.0339	7.8012	100.0868	40.0199	0.8230	0.8236	5.0000	-9999.0000	-9999.0000	-9999.0000	-9999.0000	-9999.0000	-9999.0000	21.0023	6	0	23.7724	1.0000	04	4	-9999.0000	13028	50541	-9999	1864	4449	-9999	328.3122	5	0.6458	0.6562	-0.0008	50.4591	1.3446	476.6577	326.3049	40.0464	449.0178	95.7115	471.2960	95.3820	476.1642	95.3600	480.5872	95.0964	
18/08/2017	01:34:48	019004	G523064290HLR	L523	S		439.3786	1.0233	10.0000	100.1488	39.9685	0.8230	0.8262	5.0000	19.9719	508.0531	94.9426	14.7214	25.4000	0.9300	0.9302	0.6554	-0.0007	508.0000	508.8257	1.0339	7.8137	100.0214	40.0568	0.8230	0.8238	5.0000	-9999.0000	-9999.0000	-9999.0000	-9999.0000	-9999.0000	-9999.0000	19.9025	7	0	27.8539	1.0000	04	4	-9999.0000	13028	50542	-9999	1865	4450	-9999	327.6076	5	0.6461	0.6554	-0.0007	52.4322	1.1844	471.4087	317.2405	41.4523	445.0728	95.3380	465.2286	95.0964	470.8977	95.1623	475.4465	95.0305	
18/08/2017	01:35:13	019004	G523064295HLR	L523	S		441.8967	1.0233	10.0000	100.0506	39.9673	0.8230	0.8262	5.0000	20.0021	508.0533	94.6790	12.5416	25.4000	0.9300	0.9301	0.6548	-0.0007	508.0000	509.7335	1.0339	7.7211	100.0522	39.9818	0.8230	0.8232	5.0000	-9999.0000	-9999.0000	-9999.0000	-9999.0000	-9999.0000	-9999.0000	24.3621	8	0	24.6919	1.0000	04	4	-9999.0000	13029	50543	-9999	1866	4451	-9999	328.4233	5	0.6461	0.6548	-0.0007	49.2792	1.4490	479.2016	330.3100	40.5297	453.6868	95.2721	473.4123	95.0525	478.7166	95.1403	482.8044	95.0525	
18/08/2017	01:35:40	019004	G523064319HLR	L523	S		442.3460	1.0233	10.0000	100.0462	39.9812	0.8230	0.8262	5.0000	19.8918	508.0436	94.7010	12.4213	25.4000	0.9300	0.9301	0.6544	-0.0006	508.0000	509.7089	1.0339	7.7236	100.0694	40.0363	0.8230	0.8236	5.0000	-9999.0000	-9999.0000	-9999.0000	-9999.0000	-9999.0000	-9999.0000	20.8822	1	0	27.0733	1.0000	04	4	-9999.0000	13029	50544	-9999	1867	4452	-9999	328.4648	5	0.6462	0.6544	-0.0006	47.5325	1.6185	478.9542	311.7782	40.7713	454.5337	95.2941	473.4557	94.9866	478.3345	94.9646	483.0334	94.9207	
18/08/2017	01:36:04	019004	G523064291HLR	L523	S		443.1225	1.0233	10.0000	100.1622	39.9391	0.8230	0.8262	5.0000	19.8518	508.0791	94.7230	12.0609	25.4000	0.9300	0.9301	0.6541	-0.0006	508.0000	508.5765	1.0339	7.8391	99.9751	40.0058	0.8230	0.8233	5.0000	-9999.0000	-9999.0000	-9999.0000	-9999.0000	-9999.0000	-9999.0000	23.5925	2	0	24.2528	1.0000	04	4	-9999.0000	13030	50545	-9999	1868	4453	-9999	328.5512	5	0.6460	0.6541	-0.0006	48.6806	1.5447	481.0930	328.8292	40.7274	452.5965	95.1403	475.2002	94.8987	480.5850	94.9866	485.0144	94.9646	
18/08/2017	01:36:29	019004	G523064285HLR	L523	S		441.5393	1.0233	10.0000	99.9689	39.9599	0.8230	0.8262	5.0000	19.9924	508.0587	94.7230	12.7514	25.4000	0.9300	0.9301	0.6548	-0.0007	508.0000	508.6809	1.0339	7.8285	100.0688	40.0770	0.8230	0.8236	5.0000	-9999.0000	-9999.0000	-9999.0000	-9999.0000	-9999.0000	-9999.0000	20.9329	3	0	24.7928	1.0000	04	4	-9999.0000	13031	50546	-9999	1869	4454	-9999	328.2557	5	0.6459	0.6548	-0.0007	48.5534	1.5600	478.0233	304.2596	40.7493	447.2529	95.0525	471.9718	94.9207	477.4506	94.9866	481.7996	94.9426	
18/08/2017	01:36:55	019004	G523064292HLR	L523	S		441.1798	1.0233	10.0000	99.9977	39.9759	0.8230	0.8262	5.0000	19.9916	508.0554	94.7889	13.0815	25.4000	0.9300	0.9300	0.6545	-0.0007	508.0000	509.2416	1.0339	7.7713	100.0592	40.0658	0.8230	0.8235	5.0000	-9999.0000	-9999.0000	-9999.0000	-9999.0000	-9999.0000	-9999.0000	21.3823	4	0	26.5533	1.0000	04	4	-9999.0000	13032	50547	-9999	1870	4455	-9999	328.0768	5	0.6458	0.6545	-0.0007	48.8748	1.5276	477.1811	327.6759	40.7054	443.3218	95.1184	470.7916	94.9646	476.5942	95.0525	480.7004	94.9866	
