Data	Timp	Nr. masina	Nr. de serie	Tip	Productie	Comentariu	Pre-masurare Q [ml/min]	Pre-masurare Gain	Pre-masurare Offset Master	Pre-masurare P [bar]	Pre-masurare T [°C]	Pre-masurare Densitate fixa [kg/l]	Pre-masurare densitate masurata [kg/l]	Pre-masurare Timp masurare [s]	Pre-masurare Cycle time [s]	rectificare Q Oprire [ml/min]	rectificare P Oprire [bar]	rectificare Timp rectificare [s]	rectificare T [°C]	rectificare Densitate fixa [kg/l]	rectificare densitate masurata [kg/l]	rectificare Factor de masurare la rectificare	rectificare Factor de corectie a debitului	rectificare Target rectificare	Masurare Q [ml/min]	Masurare Gain	Masurare Offset Master	Masurare P [bar]	Masurare T [°C]	Masurare Densitate fixa [kg/l]	Masurare densitate masurata [kg/l]	Masurare Timp masurare [s]	Masurare Q [ml/min]	Masurare Delta Q [ml/min]	Masurare P [bar]	Masurare BP [bar]	Masurare T [°C]	Masurare Timp masurare [s]	Masurare Cycle time [s]	Nest Nr.	Cod de descarcare	Cycle time [s]	Traceability aktiv	EDM Maschine Nr	EDM Spindle Nr	Honing Rate [r	Station Counter Premeasure	Station Counter Grind	Station Counter Blowout 1	Station Counter Wash	Station Counter Measure	Station Counter Blowout 2	RealGrindQStop	Reg Type	Factor 0	Factor 1	Factor 2	Factor 3	Factor 4	G_StartQV	G_StartQV_1	G_StartQV_2	G_StartQV_3	G_StartQV_4	G_StartQV_5	
17/08/2017	00:00:22	019004	H375064570HLR	L375	S		751.9106	1.0233	15.5353	100.0624	39.9481	0.8230	0.8257	5.0000	21.4731	860.0890	94.6571	12.9712	25.6000	0.9300	0.9324	0.7118	-0.0006	860.0000	860.3679	1.0339	-4.6348	100.0284	39.9505	0.8230	0.8228	5.0000	-9999.0000	-9999.0000	-9999.0000	-9999.0000	-9999.0000	-9999.0000	23.3426	4	0	25.0731	1.0000	07	1	-9999.0000	10851	48406	-9999	2441	2319	-9999	605.7600	5	0.7019	0.7118	-0.0006	97.2975	1.1458	805.0106	306.4200	38.9480	725.3202	95.3820	794.2226	95.1623	804.0007	95.1184	811.4704	95.1403	
17/08/2017	00:00:49	019004	H375064579HLR	L375	S		751.8264	1.0233	15.5629	100.1272	39.9346	0.8230	0.8258	5.0000	19.9319	860.0865	94.7230	13.5914	25.6000	0.9300	0.9324	0.7119	-0.0006	860.0000	861.4969	1.0339	-4.6286	99.9562	39.9223	0.8230	0.8229	5.0000	-9999.0000	-9999.0000	-9999.0000	-9999.0000	-9999.0000	-9999.0000	21.5327	5	0	28.0128	1.0000	07	1	-9999.0000	10852	48407	-9999	2442	2320	-9999	605.4300	5	0.7019	0.7119	-0.0006	96.9539	1.1697	803.2112	309.1210	37.3444	723.8080	95.2941	792.2592	95.0085	802.2778	95.0085	809.7652	95.0964	
17/08/2017	00:01:17	019004	H375064580HLR	L375	S		755.1521	1.0233	14.4704	100.0619	39.8230	0.8230	0.8257	5.0000	20.0726	860.0920	94.7010	11.2307	25.6000	0.9300	0.9323	0.7102	-0.0005	860.0000	858.4829	1.0339	-4.6452	100.0140	39.9389	0.8230	0.8227	5.0000	-9999.0000	-9999.0000	-9999.0000	-9999.0000	-9999.0000	-9999.0000	24.7527	6	0	27.3738	1.0000	07	1	-9999.0000	10853	48408	-9999	2443	2321	-9999	606.1688	5	0.7020	0.7102	-0.0005	93.6112	1.3449	814.2731	304.7202	37.3224	735.0862	95.0085	805.0016	94.7889	813.5793	94.8108	820.0650	95.0085	
17/08/2017	00:01:45	019004	H375064609HLR	L375	S		751.3966	1.0233	15.7042	99.9812	39.8332	0.8230	0.8256	5.0000	21.2321	860.1111	94.6790	10.9211	25.6000	0.9300	0.9325	0.7098	-0.0005	860.0000	853.4362	1.0339	-4.6731	100.0174	39.9487	0.8230	0.8228	5.0000	-9999.0000	-9999.0000	-9999.0000	-9999.0000	-9999.0000	-9999.0000	24.0027	7	0	27.8933	1.0000	07	1	-9999.0000	10854	48409	-9999	2444	2322	-9999	606.1414	5	0.7020	0.7098	-0.0005	90.9663	1.4855	812.0461	309.6114	37.7178	732.4233	95.2062	801.0729	94.8548	810.9562	94.8108	818.8224	95.0085	
17/08/2017	00:02:12	019004	H375064610HLR	L375	S		743.5742	1.0233	18.2739	99.9977	39.9487	0.8230	0.8260	5.0000	20.0922	860.0911	94.6790	11.9310	25.6000	0.9300	0.9324	0.7101	-0.0005	860.0000	862.5529	1.0339	-4.6228	100.0276	39.9487	0.8230	0.8227	5.0000	-9999.0000	-9999.0000	-9999.0000	-9999.0000	-9999.0000	-9999.0000	24.6023	8	0	27.3925	1.0000	07	1	-9999.0000	10855	48410	-9999	2445	2323	-9999	605.7892	5	0.7021	0.7101	-0.0005	88.1509	1.6271	813.8088	304.8114	39.0359	730.0249	94.9866	802.3132	94.7669	812.9268	94.7669	820.7086	95.0085	
17/08/2017	00:02:37	019004	H375064581HLR	L375	S		747.8823	1.0233	16.8586	100.0907	39.9135	0.8230	0.8255	5.0000	21.1626	860.0819	94.9866	13.8922	25.6000	0.9300	0.9325	0.7096	-0.0005	860.0000	862.4611	1.0339	-4.6233	100.0136	39.9487	0.8230	0.8228	5.0000	-9999.0000	-9999.0000	-9999.0000	-9999.0000	-9999.0000	-9999.0000	23.9432	1	0	25.1327	1.0000	07	1	-9999.0000	10855	48411	-9999	2446	2324	-9999	604.8968	5	0.7022	0.7096	-0.0005	87.7246	1.6527	804.8582	309.0809	38.5087	726.5934	95.0964	796.3113	94.9207	804.0789	94.9207	810.3629	95.0964	
17/08/2017	00:03:04	019004	H375064602HLR	L375	S		750.1577	1.0233	16.1111	100.0619	39.8432	0.8230	0.8258	5.0000	19.9728	860.1062	94.6351	12.0121	25.6000	0.9300	0.9324	0.7109	-0.0005	860.0000	859.4094	1.0339	-4.6401	99.9520	39.9841	0.8230	0.8227	5.0000	-9999.0000	-9999.0000	-9999.0000	-9999.0000	-9999.0000	-9999.0000	21.8629	2	0	26.7433	1.0000	07	1	-9999.0000	10856	48412	-9999	2447	2325	-9999	605.9486	5	0.7024	0.7109	-0.0005	85.2328	1.7845	809.1138	310.1963	38.5526	726.4061	95.4259	797.5289	95.1623	808.1438	95.1403	815.4071	95.1403	
17/08/2017	00:03:30	019004	H375064572HLR	L375	S		746.9706	1.0233	17.1581	100.1027	39.9339	0.8230	0.8259	5.0000	20.0520	860.1240	94.6351	12.7710	25.6000	0.9300	0.9324	0.7117	-0.0006	860.0000	861.1692	1.0339	-4.6304	100.0913	39.9569	0.8230	0.8228	5.0000	-9999.0000	-9999.0000	-9999.0000	-9999.0000	-9999.0000	-9999.0000	23.3120	3	0	26.2430	1.0000	07	1	-9999.0000	10857	48413	-9999	2448	2326	-9999	605.6635	5	0.7029	0.7117	-0.0006	83.6611	1.8778	807.9772	303.3020	37.1467	726.9640	95.3380	796.9699	94.9866	807.1047	94.9866	814.1200	95.0964	
17/08/2017	00:03:58	019004	H375064605HLR	L375	S		740.7636	1.0233	19.1972	99.9776	39.9296	0.8230	0.8258	5.0000	20.1018	860.0506	94.9646	14.7419	25.6000	0.9300	0.9324	0.7108	-0.0006	860.0000	860.9804	1.0339	-4.6315	100.0940	39.9737	0.8230	0.8227	5.0000	-9999.0000	-9999.0000	-9999.0000	-9999.0000	-9999.0000	-9999.0000	22.9831	4	0	28.1623	1.0000	07	1	-9999.0000	10858	48414	-9999	2449	2326	-9999	604.3545	5	0.7029	0.7108	-0.0006	83.8084	1.8661	802.3853	309.2535	37.0588	723.4877	95.3600	793.5722	95.1623	801.4998	95.1843	807.8078	95.1843	
17/08/2017	00:04:24	019004	H375064573HLR	L375	S		746.9137	1.0233	17.1768	100.0627	39.8582	0.8230	0.8255	5.0000	21.2620	860.0578	94.7230	12.7407	25.6000	0.9300	0.9324	0.7095	-0.0005	860.0000	859.8294	1.0339	-4.6378	100.0115	39.9704	0.8230	0.8227	5.0000	-9999.0000	-9999.0000	-9999.0000	-9999.0000	-9999.0000	-9999.0000	23.6326	5	0	25.4337	1.0000	07	1	-9999.0000	10859	48415	-9999	2450	2327	-9999	605.1238	5	0.7030	0.7095	-0.0005	82.6100	1.9784	809.2876	314.9422	38.4428	728.4848	95.3820	797.8362	95.0525	808.2502	95.0305	815.1363	95.0964	
17/08/2017	00:04:51	019004	H375064585HLR	L375	S		752.6839	1.0233	15.2813	99.9132	39.9266	0.8230	0.8259	5.0000	20.0227	860.1052	94.7010	13.4810	25.6000	0.9300	0.9324	0.7107	-0.0006	860.0000	861.3072	1.0339	-4.6297	99.9317	39.9931	0.8230	0.8230	5.0000	-9999.0000	-9999.0000	-9999.0000	-9999.0000	-9999.0000	-9999.0000	22.1627	6	0	26.6923	1.0000	07	1	-9999.0000	10860	48416	-9999	2451	2328	-9999	604.9268	5	0.7031	0.7107	-0.0006	85.4509	1.7806	804.9367	305.0087	37.9814	728.1774	95.2502	795.1937	94.9207	804.1264	94.8987	811.8889	95.0525	
17/08/2017	00:05:17	019004	H375064607HLR	L375	S		752.4946	1.0233	15.3434	100.0509	39.9231	0.8230	0.8255	5.0000	21.2816	860.0743	94.7010	13.8512	25.6000	0.9300	0.9324	0.7102	-0.0005	860.0000	858.6106	1.0339	-4.6445	99.9789	39.9802	0.8230	0.8227	5.0000	-9999.0000	-9999.0000	-9999.0000	-9999.0000	-9999.0000	-9999.0000	23.3020	7	0	26.4932	1.0000	07	1	-9999.0000	10861	48417	-9999	2452	2328	-9999	604.6968	5	0.7033	0.7102	-0.0005	83.3229	1.9562	802.6573	308.5769	38.9041	726.2977	95.3820	793.2745	95.2282	801.8561	95.2282	809.0989	95.2062	
17/08/2017	00:05:47	019004	H375064577HLR	L375	S		750.2474	1.0233	16.0817	99.9952	39.8965	0.8230	0.8253	5.0000	21.9429	860.0986	94.8108	16.4226	25.6000	0.9300	0.9324	0.7117	-0.0006	860.0000	862.6690	1.0339	-4.6221	100.1314	40.0512	0.8230	0.8228	5.0000	-9999.0000	-9999.0000	-9999.0000	-9999.0000	-9999.0000	-9999.0000	21.4515	8	0	29.6137	1.0000	07	1	-9999.0000	10862	48418	-9999	2453	2329	-9999	603.1969	5	0.7033	0.7117	-0.0006	85.8444	1.8342	797.8537	320.3228	37.1906	722.8929	95.4259	789.9614	95.2721	797.1581	95.2941	802.6773	95.2282	
17/08/2017	00:06:14	019004	H375064747HLR	L375	S		753.7808	1.0233	14.9209	99.9806	39.9116	0.8230	0.8255	5.0000	21.3724	860.1110	94.8328	11.2317	25.6000	0.9300	0.9324	0.7118	-0.0006	860.0000	858.8762	1.0339	-4.6431	100.0398	40.0381	0.8230	0.8228	5.0000	-9999.0000	-9999.0000	-9999.0000	-9999.0000	-9999.0000	-9999.0000	26.2833	1	0	27.3733	1.0000	07	1	-9999.0000	10863	48419	-9999	2454	2330	-9999	606.0808	5	0.7034	0.7118	-0.0006	89.4565	1.6304	813.2402	307.6844	39.1677	734.0053	94.9866	802.3012	94.7010	812.3032	94.7449	819.7678	94.9646	
17/08/2017	00:06:43	019004	H375064728HLR	L375	S		747.5448	1.0233	16.9695	99.9417	39.9434	0.8230	0.8257	5.0000	20.4719	860.0903	95.0964	14.4118	25.6000	0.9300	0.9324	0.7134	-0.0008	860.0000	859.0217	1.0339	-4.6423	100.0738	40.0512	0.8230	0.8228	5.0000	-9999.0000	-9999.0000	-9999.0000	-9999.0000	-9999.0000	-9999.0000	24.1228	2	0	28.8127	1.0000	07	1	-9999.0000	10864	48420	-9999	2455	2331	-9999	604.0841	5	0.7034	0.7134	-0.0008	80.2935	2.2424	798.7419	305.6751	37.8936	720.6057	95.3380	788.4253	94.9646	797.9937	94.9646	804.7282	95.0964	
17/08/2017	00:07:06	019004	H375064719HLR	L375	S		735.4806	1.0233	20.9328	100.0326	39.9255	0.8230	0.8258	5.0000	20.2521	860.0563	94.6571	14.8718	25.6000	0.9300	0.9324	0.7134	-0.0008	860.0000	859.9089	1.0339	-4.6374	100.0614	40.0512	0.8230	0.8227	5.0000	-9999.0000	-9999.0000	-9999.0000	-9999.0000	-9999.0000	-9999.0000	25.4325	3	0	23.6229	1.0000	07	1	-9999.0000	10865	48421	-9999	2456	2331	-9999	603.8574	5	0.7035	0.7134	-0.0008	80.1586	2.2492	796.5319	307.8933	39.5192	719.1101	95.3600	786.9334	95.0525	795.7252	95.0744	802.5813	95.1184	
17/08/2017	00:07:31	019004	H375064741HLR	L375	S		733.0563	1.0233	21.7292	99.9972	39.9129	0.8230	0.8257	5.0000	21.0521	860.1024	94.6351	15.6121	25.6000	0.9300	0.9324	0.7188	-0.0012	860.0000	859.1333	1.0339	-4.6416	100.1335	40.0944	0.8230	0.8229	5.0000	-9999.0000	-9999.0000	-9999.0000	-9999.0000	-9999.0000	-9999.0000	20.3722	4	0	24.7028	1.0000	07	1	-9999.0000	10866	48422	-9999	2457	2332	-9999	602.5441	5	0.7034	0.7188	-0.0012	89.2065	1.5999	789.3171	308.9121	39.0139	714.2951	95.3161	778.8067	95.0525	788.5832	95.0744	795.2039	95.1184	
17/08/2017	00:08:22	019004	H375064665HLR	L375	S		757.4637	1.0233	13.7110	100.0237	39.9552	0.8230	0.8258	5.0000	20.8421	860.1098	94.8767	11.3011	25.7000	0.9300	0.9326	0.7190	-0.0012	860.0000	861.8853	1.0339	-4.6265	100.0386	39.9487	0.8230	0.8228	5.0000	-9999.0000	-9999.0000	-9999.0000	-9999.0000	-9999.0000	-9999.0000	22.8635	6	0	24.6130	1.0000	07	1	-9999.0000	10868	48423	-9999	2459	2333	-9999	607.0112	5	0.7037	0.7190	-0.0012	85.7035	1.8584	810.0429	289.1349	37.0369	734.5600	95.0525	799.2656	94.8548	808.9187	94.9207	817.5452	95.0305	
17/08/2017	00:08:49	019004	H375064633HLR	L375	S		753.9198	1.0233	14.8752	100.0059	39.9694	0.8230	0.8253	5.0000	21.4224	860.0963	94.7889	11.4407	25.7000	0.9300	0.9324	0.7175	-0.0011	860.0000	859.7801	1.0339	-4.6381	100.0006	39.9497	0.8230	0.8229	5.0000	-9999.0000	-9999.0000	-9999.0000	-9999.0000	-9999.0000	-9999.0000	21.2416	7	0	26.8928	1.0000	07	1	-9999.0000	10869	48424	-9999	2460	2334	-9999	606.6489	5	0.7035	0.7175	-0.0011	80.8126	2.3071	808.5673	301.3848	37.0149	731.9091	95.2502	795.9268	94.7889	807.6353	94.7669	815.3225	94.9866	
17/08/2017	00:09:14	019004	H375064658HLR	L375	S		755.1632	1.0233	14.4668	100.1356	39.8928	0.8230	0.8257	5.0000	20.0022	860.0685	94.9207	12.9712	25.6000	0.9300	0.9324	0.7172	-0.0010	860.0000	860.4735	1.0339	-4.6343	100.0471	40.0512	0.8230	0.8229	5.0000	-9999.0000	-9999.0000	-9999.0000	-9999.0000	-9999.0000	-9999.0000	23.6129	8	0	25.3328	1.0000	07	1	-9999.0000	10870	48425	-9999	2461	2335	-9999	605.2935	5	0.7034	0.7172	-0.0010	69.9345	3.2085	803.2989	313.4530	37.5641	728.4293	95.2721	793.5771	95.0305	802.3826	95.0085	809.6299	95.1184	
17/08/2017	00:09:38	019004	H375064657HLR	L375	S		751.5967	1.0233	15.6384	100.0006	39.9309	0.8230	0.8259	5.0000	20.1124	860.0658	94.6790	12.1312	25.6000	0.9300	0.9323	0.7172	-0.0010	860.0000	860.6697	1.0339	-4.6332	99.9726	40.0951	0.8230	0.8228	5.0000	-9999.0000	-9999.0000	-9999.0000	-9999.0000	-9999.0000	-9999.0000	21.8715	1	0	24.3826	1.0000	07	1	-9999.0000	10871	48426	-9999	2462	2336	-9999	606.0438	5	0.7034	0.7172	-0.0010	69.9345	3.2085	806.4397	305.2880	39.4533	727.3470	95.0964	795.1985	94.8108	805.5041	94.8108	813.4404	95.0085	
17/08/2017	00:10:05	019004	H375064647HLR	L375	S		741.9582	1.0233	18.8048	99.9942	39.9618	0.8230	0.8259	5.0000	20.0227	860.1038	94.6790	12.5317	25.6000	0.9300	0.9323	0.7148	-0.0009	860.0000	862.4201	1.0339	-4.6235	100.0675	40.0838	0.8230	0.8229	5.0000	-9999.0000	-9999.0000	-9999.0000	-9999.0000	-9999.0000	-9999.0000	21.1029	2	0	26.7735	1.0000	07	1	-9999.0000	10872	48427	-9999	2463	2337	-9999	605.4126	5	0.7033	0.7148	-0.0009	72.8556	2.9897	807.8929	307.1910	37.7618	728.5258	95.1623	797.9967	94.8108	806.9762	94.8108	813.9938	95.0305	
17/08/2017	00:10:30	019004	H375064626HLR	L375	S		757.3147	1.0233	13.7600	100.0150	39.9487	0.8230	0.8257	5.0000	20.0412	860.1052	94.5253	11.4915	25.6000	0.9300	0.9323	0.7156	-0.0009	860.0000	860.9592	1.0339	-4.6316	100.0453	40.0512	0.8230	0.8228	5.0000	-9999.0000	-9999.0000	-9999.0000	-9999.0000	-9999.0000	-9999.0000	23.3827	3	0	25.2626	1.0000	07	1	-9999.0000	10872	48428	-9999	2464	2338	-9999	606.3602	5	0.7031	0.7156	-0.0009	74.2461	2.8945	811.2113	312.0552	36.9929	730.9390	95.2062	800.7489	94.9207	810.3682	94.9207	817.3028	95.0744	
17/08/2017	00:10:55	019004	H375064636HLR	L375	S		753.9101	1.0233	14.8784	100.0239	39.9131	0.8230	0.8257	5.0000	20.1321	860.0782	94.7889	12.9516	25.6000	0.9300	0.9324	0.7165	-0.0010	860.0000	861.0567	1.0339	-4.6310	99.9926	40.0512	0.8230	0.8227	5.0000	-9999.0000	-9999.0000	-9999.0000	-9999.0000	-9999.0000	-9999.0000	21.9830	4	0	24.8730	1.0000	07	1	-9999.0000	10873	48429	-9999	2465	2339	-9999	605.2872	5	0.7032	0.7165	-0.0010	69.6190	3.1655	802.6063	307.5361	37.4762	725.8944	95.1623	791.5924	94.8987	801.7656	94.9207	809.1203	95.0744	
17/08/2017	00:11:23	019004	H375064619HLR	L375	S		747.7665	1.0233	16.8967	100.0197	39.9487	0.8230	0.8259	5.0000	19.9621	860.1053	94.6351	12.0912	25.6000	0.9300	0.9324	0.7161	-0.0010	860.0000	863.2788	1.0339	-4.6188	99.9489	40.0605	0.8230	0.8228	5.0000	-9999.0000	-9999.0000	-9999.0000	-9999.0000	-9999.0000	-9999.0000	21.4927	5	0	27.7726	1.0000	07	1	-9999.0000	10874	48430	-9999	2466	2340	-9999	606.0282	5	0.7033	0.7161	-0.0010	70.4393	3.1035	811.5379	309.0520	39.1237	730.8204	95.2282	800.2270	95.0085	810.4831	95.0085	817.7533	95.0964	
17/08/2017	00:11:53	019004	H375064638HLR	L375	S		755.9918	1.0233	14.1945	100.0296	39.9520	0.8230	0.8258	5.0000	19.9925	860.0640	94.6131	12.3520	25.6000	0.9300	0.9324	0.7152	-0.0009	860.0000	861.9906	1.0339	-4.6259	100.0760	40.0512	0.8230	0.8230	5.0000	-9999.0000	-9999.0000	-9999.0000	-9999.0000	-9999.0000	-9999.0000	24.4032	6	0	29.3833	1.0000	07	1	-9999.0000	10875	48431	-9999	2466	2341	-9999	605.6077	5	0.7031	0.7152	-0.0009	73.1309	2.9387	808.5817	310.4758	37.3883	730.4307	95.2062	798.0141	94.9207	807.5871	94.9207	814.3682	95.0525	
17/08/2017	00:12:18	019004	H375064627HLR	L375	S		743.3332	1.0233	18.3531	100.0396	39.9270	0.8230	0.8256	5.0000	20.7718	860.0984	94.4813	11.5609	25.6000	0.9300	0.9324	0.7148	-0.0009	860.0000	860.4567	1.0339	-4.6343	99.9668	40.0512	0.8230	0.8228	5.0000	-9999.0000	-9999.0000	-9999.0000	-9999.0000	-9999.0000	-9999.0000	26.0028	7	0	25.3132	1.0000	07	1	-9999.0000	10876	48432	-9999	2467	2342	-9999	606.1880	5	0.7032	0.7148	-0.0009	69.2068	3.1951	812.2664	307.5669	37.4762	728.4073	95.4698	800.3723	95.2721	811.3066	95.2721	819.0961	95.2062	
17/08/2017	00:12:46	019004	H375064696HLR	L375	S		754.4005	1.0233	14.7173	100.0871	39.9290	0.8230	0.8255	5.0000	21.1126	860.0880	94.5033	11.7611	25.6000	0.9300	0.9324	0.7147	-0.0009	860.0000	857.3668	1.0339	-4.6514	100.0302	40.0797	0.8230	0.8228	5.0000	-9999.0000	-9999.0000	-9999.0000	-9999.0000	-9999.0000	-9999.0000	22.0522	8	0	28.2034	1.0000	07	1	-9999.0000	10877	48433	-9999	2467	2343	-9999	606.0180	5	0.7033	0.7147	-0.0009	78.9203	2.3310	809.5610	309.0522	37.1247	732.6512	95.2062	800.4888	95.0085	808.7658	95.0305	816.2724	95.1403	
17/08/2017	00:13:12	019004	H375064855HLR	L375	S		748.7914	1.0233	16.5600	99.9974	39.9487	0.8230	0.8258	5.0000	20.2219	860.0722	94.5692	12.2611	25.6000	0.9300	0.9324	0.7140	-0.0008	860.0000	860.8180	1.0339	-4.6324	99.9621	40.0512	0.8230	0.8228	5.0000	-9999.0000	-9999.0000	-9999.0000	-9999.0000	-9999.0000	-9999.0000	24.8122	1	0	26.2227	1.0000	07	1	-9999.0000	10878	48434	-9999	2468	2344	-9999	605.4653	5	0.7032	0.7140	-0.0008	90.5140	1.3419	809.7541	312.2449	37.0149	730.9858	95.0964	799.4938	94.8767	808.8907	94.8767	815.9405	95.0964	
17/08/2017	00:13:38	019004	H375064835HLR	L375	S		754.1424	1.0233	14.8021	100.0779	39.9487	0.8230	0.8257	5.0000	20.0920	860.1100	94.5912	12.5307	25.7000	0.9300	0.9325	0.7134	-0.0008	860.0000	859.9663	1.0339	-4.6371	99.9538	40.1020	0.8230	0.8228	5.0000	-9999.0000	-9999.0000	-9999.0000	-9999.0000	-9999.0000	-9999.0000	22.9626	2	0	25.6523	1.0000	07	1	-9999.0000	10879	48435	-9999	2469	2345	-9999	605.2313	5	0.7032	0.7134	-0.0008	79.7459	2.2806	809.0168	325.9448	40.5956	736.7338	95.2721	799.0752	95.1623	808.0577	95.1843	815.8842	95.2282	
17/08/2017	00:14:01	019004	H375064854HLR	L375	S		732.2595	1.0233	21.9910	100.0338	39.9370	0.8230	0.8258	5.0000	20.1017	860.1026	94.5692	12.3412	25.7000	0.9300	0.9325	0.7140	-0.0008	860.0000	860.0982	1.0339	-4.6363	100.1030	40.1458	0.8230	0.8228	5.0000	-9999.0000	-9999.0000	-9999.0000	-9999.0000	-9999.0000	-9999.0000	22.2828	3	0	23.5631	1.0000	07	1	-9999.0000	10880	48436	-9999	2470	2346	-9999	605.3115	5	0.7032	0.7140	-0.0008	73.0412	2.9563	809.4122	302.1739	38.7942	729.2415	95.0305	798.2387	94.8328	808.5231	94.8987	815.6675	95.0525	
17/08/2017	00:14:51	019004	H375064842HLR	L375	S		750.5511	1.0233	15.9819	99.9712	39.9421	0.8230	0.8259	5.0000	20.2024	860.0802	94.7669	13.2515	25.7000	0.9300	0.9327	0.7112	-0.0006	860.0000	860.6085	1.0339	-4.6335	100.0092	39.9796	0.8230	0.8228	5.0000	-9999.0000	-9999.0000	-9999.0000	-9999.0000	-9999.0000	-9999.0000	22.0824	5	0	24.3025	1.0000	07	1	-9999.0000	10882	48437	-9999	2471	2347	-9999	604.7184	5	0.7035	0.7112	-0.0006	59.8422	4.0617	809.7755	278.5233	37.6739	727.6804	95.2062	800.2729	95.1184	809.0347	95.1843	816.1255	95.1843	
17/08/2017	00:15:17	019004	H375064821HLR	L375	S		752.3018	1.0233	15.4068	99.9966	39.9921	0.8230	0.8258	5.0000	20.0021	860.0817	94.6131	11.2210	25.6000	0.9300	0.9324	0.7122	-0.0007	860.0000	855.7381	1.0339	-4.6604	100.0387	39.9968	0.8230	0.8229	5.0000	-9999.0000	-9999.0000	-9999.0000	-9999.0000	-9999.0000	-9999.0000	21.0629	6	0	25.6330	1.0000	07	1	-9999.0000	10883	48438	-9999	2472	2348	-9999	605.9552	5	0.7036	0.7122	-0.0007	52.4448	4.6583	811.7993	318.5057	37.3883	730.0341	95.3380	799.9836	95.1403	810.8019	95.1184	818.5476	95.1403	
17/08/2017	00:15:45	019004	H375064862HLR	L375	S		749.6060	1.0233	16.2924	100.0290	39.9202	0.8230	0.8257	5.0000	20.1397	860.0838	94.6571	11.9711	25.6000	0.9300	0.9324	0.7129	-0.0007	860.0000	862.0580	1.0339	-4.6255	99.9035	40.1538	0.8230	0.8229	5.0000	-9999.0000	-9999.0000	-9999.0000	-9999.0000	-9999.0000	-9999.0000	21.9331	7	0	28.0830	1.0000	07	1	-9999.0000	10884	48439	-9999	2473	2349	-9999	605.5239	5	0.7037	0.7129	-0.0007	59.7558	4.1126	815.0488	309.5403	37.5641	733.0519	95.3161	804.4669	95.0305	814.1947	95.0085	820.4541	95.1184	
17/08/2017	00:16:10	019004	H375064831HLR	L375	S		748.8186	1.0233	16.5511	100.0060	39.9339	0.8230	0.8259	5.0000	19.8912	860.0710	94.7449	13.1118	25.6000	0.9300	0.9324	0.7129	-0.0007	860.0000	859.3965	1.0339	-4.6402	99.9829	40.1407	0.8230	0.8228	5.0000	-9999.0000	-9999.0000	-9999.0000	-9999.0000	-9999.0000	-9999.0000	24.7820	8	0	25.2627	1.0000	07	1	-9999.0000	10884	48440	-9999	2474	2350	-9999	604.7988	5	0.7037	0.7129	-0.0007	59.7558	4.1126	804.7163	314.9907	36.9050	725.5235	95.3600	794.1431	95.0744	803.8106	95.0744	810.8537	95.1403	
17/08/2017	00:16:35	019004	H375064820HLR	L375	S		754.6616	1.0233	14.6316	100.0451	39.9520	0.8230	0.8259	5.0000	20.0627	860.1000	94.5692	11.5706	25.6000	0.9300	0.9324	0.7160	-0.0010	860.0000	857.0724	1.0339	-4.6530	99.9281	40.1190	0.8230	0.8228	5.0000	-9999.0000	-9999.0000	-9999.0000	-9999.0000	-9999.0000	-9999.0000	21.6021	1	0	24.4431	1.0000	07	1	-9999.0000	10885	48441	-9999	2475	2351	-9999	605.8393	5	0.7038	0.7160	-0.0010	89.0006	1.5217	809.9815	314.1185	38.2890	733.2635	95.2721	800.1585	95.0085	809.1221	95.0085	816.4413	95.0964	
17/08/2017	00:17:00	019004	H375064839HLR	L375	S		749.3868	1.0233	16.3644	99.9552	39.9802	0.8230	0.8255	5.0000	21.0023	860.1216	94.9646	13.8922	25.6000	0.9300	0.9325	0.7222	-0.0015	860.0000	861.6740	1.0339	-4.6276	100.0507	40.1098	0.8230	0.8229	5.0000	-9999.0000	-9999.0000	-9999.0000	-9999.0000	-9999.0000	-9999.0000	20.9418	2	0	25.5127	1.0000	07	1	-9999.0000	10886	48442	-9999	2476	2352	-9999	603.3000	5	0.7040	0.7222	-0.0015	86.4829	1.7222	797.2144	304.7632	38.6185	716.5248	95.3380	786.3662	95.0525	796.2609	95.0305	803.6867	95.1403	
17/08/2017	00:17:25	019004	H375064848HLR	L375	S		728.8756	1.0233	23.1026	100.0353	39.9219	0.8230	0.8259	5.0000	19.9923	860.0862	94.6351	12.5913	25.6000	0.9300	0.9324	0.7130	-0.0008	860.0000	858.9078	1.0339	-4.6429	100.0731	40.0897	0.8230	0.8228	5.0000	-9999.0000	-9999.0000	-9999.0000	-9999.0000	-9999.0000	-9999.0000	22.1332	3	0	25.0331	1.0000	07	1	-9999.0000	10887	48443	-9999	2477	2353	-9999	604.8840	5	0.7038	0.7130	-0.0008	97.9901	0.9751	805.9708	314.2343	38.1133	720.5806	95.5138	796.0805	95.2502	805.1124	95.2502	812.5375	95.1843	
17/08/2017	00:17:50	019004	H375064863HLR	L375	S		733.3035	1.0233	21.6480	100.0050	39.9487	0.8230	0.8259	5.0000	20.0423	860.0722	94.7669	13.5416	25.7000	0.9300	0.9325	0.7113	-0.0006	860.0000	858.9612	1.0339	-4.6426	100.0688	40.1188	0.8230	0.8228	5.0000	-9999.0000	-9999.0000	-9999.0000	-9999.0000	-9999.0000	-9999.0000	21.7416	4	0	25.1022	1.0000	07	1	-9999.0000	10888	48444	-9999	2478	2354	-9999	604.2968	5	0.7038	0.7113	-0.0006	88.7922	1.7311	803.7492	303.3148	37.7618	719.3720	95.3600	793.5446	95.0964	802.9213	95.0744	810.4007	95.1403	
17/08/2017	00:18:18	019004	H375064828HLR	L375	S		749.8620	1.0233	16.2083	100.0789	39.9917	0.8230	0.8257	5.0000	20.3617	860.1365	94.6571	12.8716	25.7000	0.9300	0.9326	0.7266	-0.0019	860.0000	858.3254	1.0339	-4.6461	100.0425	40.1337	0.8230	0.8228	5.0000	-9999.0000	-9999.0000	-9999.0000	-9999.0000	-9999.0000	-9999.0000	21.2826	5	0	27.7736	1.0000	07	1	-9999.0000	10889	48445	-9999	2479	2355	-9999	604.5254	5	0.7040	0.7266	-0.0019	77.1462	2.5811	795.0554	305.8968	37.9375	715.0019	95.3161	783.3426	95.0964	794.0185	95.0525	802.2275	95.1184	
17/08/2017	00:18:57	019004	H375064833HLR	L375	S		752.5139	1.0233	15.3371	100.0026	39.9307	0.8230	0.8256	5.0000	20.7425	860.1196	94.5692	11.3812	25.7000	0.9300	0.9325	0.7281	-0.0020	860.0000	859.7072	1.0339	-4.6385	100.0310	40.0905	0.8230	0.8228	5.0000	-9999.0000	-9999.0000	-9999.0000	-9999.0000	-9999.0000	-9999.0000	24.4930	6	0	39.2944	1.0000	07	1	-9999.0000	10890	48446	-9999	2480	2356	-9999	607.0140	5	0.7038	0.7281	-0.0020	67.5593	3.2265	802.3390	308.3351	38.9260	720.7690	95.0525	790.4114	94.8108	801.2122	94.8108	810.5044	95.0085	
17/08/2017	00:19:28	019004	H375064826HLR	L375	S		738.2215	1.0233	20.0324	99.9956	39.9487	0.8230	0.8259	5.0000	19.9719	860.1374	94.8108	13.1011	25.7000	0.9300	0.9325	0.7301	-0.0021	860.0000	858.1332	1.0339	-4.6472	100.1179	40.1538	0.8230	0.8228	5.0000	-9999.0000	-9999.0000	-9999.0000	-9999.0000	-9999.0000	-9999.0000	21.5122	7	0	31.0036	1.0000	07	1	-9999.0000	10891	48447	-9999	2481	2357	-9999	604.1830	5	0.7038	0.7301	-0.0021	89.6294	1.6289	790.1578	303.8608	38.9041	712.6259	95.4698	778.5486	95.1843	789.0598	95.1403	797.9128	95.1843	
17/08/2017	00:19:55	019004	H375064856HLR	L375	S		748.9962	1.0233	16.4927	100.0167	40.0074	0.8230	0.8259	5.0000	20.0715	860.1074	94.6790	13.3716	25.7000	0.9300	0.9325	0.7268	-0.0018	860.0000	858.3651	1.0339	-4.6459	99.9868	40.0498	0.8230	0.8227	5.0000	-9999.0000	-9999.0000	-9999.0000	-9999.0000	-9999.0000	-9999.0000	27.7131	8	0	26.2930	1.0000	07	1	-9999.0000	10892	48448	-9999	2482	2358	-9999	603.9920	5	0.7039	0.7268	-0.0018	71.3089	3.1442	793.6168	316.8597	38.8821	717.9547	95.3161	780.5869	95.0525	792.5345	95.0525	800.4603	95.1184	
17/08/2017	00:20:20	019004	H375063486HLR	L375	S		758.1702	1.0233	13.4789	100.0906	39.9505	0.8230	0.8257	5.0000	20.2025	860.1232	94.5253	11.8617	25.7000	0.9300	0.9324	0.7277	-0.0019	860.0000	857.9053	1.0339	-4.6484	99.9725	40.0512	0.8230	0.8228	5.0000	-9999.0000	-9999.0000	-9999.0000	-9999.0000	-9999.0000	-9999.0000	22.9029	1	0	25.8427	1.0000	07	1	-9999.0000	10893	48449	-9999	2483	2359	-9999	606.6244	5	0.7040	0.7277	-0.0019	70.6681	3.0368	799.7776	309.0967	37.4762	721.4693	95.1843	788.1547	94.8767	798.6295	94.8328	806.6474	94.9866	
17/08/2017	00:20:49	019004	H375064599HLR	L375	S		746.6687	1.0233	17.2573	100.0593	39.9378	0.8230	0.8256	5.0000	20.6614	860.2496	94.9207	27.5431	25.5000	0.9300	0.9322	0.7296	-0.0020	860.0000	887.0444	1.0339	-4.5000	100.0260	40.1538	0.8230	0.8228	5.0000	-9999.0000	-9999.0000	-9999.0000	-9999.0000	-9999.0000	-9999.0000	21.6421	2	2	28.8031	1.0000	07	1	-9999.0000	10894	48450	-9999	2484	2360	-9999	581.0996	5	0.7042	0.7296	-0.0020	50.8175	4.7960	634.2117	295.8293	37.4762	535.8666	97.2931	613.3937	97.0954	622.5409	96.9417	635.6073	95.4918	
17/08/2017	00:21:17	019004	H375064705HLR	L375	S		745.6408	1.0233	17.5950	100.0242	39.9487	0.8230	0.8258	5.0000	20.1418	860.1424	94.8548	14.6413	25.6000	0.9300	0.9323	0.7296	-0.0020	860.0000	853.2025	1.0339	-4.6744	99.9900	40.1538	0.8230	0.8228	5.0000	-9999.0000	-9999.0000	-9999.0000	-9999.0000	-9999.0000	-9999.0000	25.4432	3	0	28.0333	1.0000	07	1	-9999.0000	10895	48451	-9999	2485	2361	-9999	602.1855	5	0.7042	0.7296	-0.0020	50.8175	4.7960	776.4244	297.3127	36.9710	701.0070	93.6905	764.8108	93.4928	775.4189	93.4708	783.9130	94.4813	
17/08/2017	00:21:43	019004	H375064709HLR	L375	S		748.0740	1.0233	16.7957	100.0370	39.9452	0.8230	0.8258	5.0000	19.9622	860.1288	94.8108	14.0318	25.6000	0.9300	0.9324	0.7267	-0.0018	860.0000	853.7795	1.0339	-4.6712	100.0247	40.1516	0.8230	0.8227	5.0000	-9999.0000	-9999.0000	-9999.0000	-9999.0000	-9999.0000	-9999.0000	24.7622	4	0	25.5627	1.0000	07	1	-9999.0000	10896	48452	-9999	2486	2362	-9999	603.5455	5	0.7040	0.7267	-0.0018	67.7444	3.3361	782.2887	294.9562	39.4313	709.1357	94.1079	771.5413	93.8223	781.3372	93.8443	789.7602	94.5912	
17/08/2017	00:22:09	019004	H375064707HLR	L375	S		747.1136	1.0233	17.1112	100.0764	39.8807	0.8230	0.8258	5.0000	20.7619	860.1240	94.7449	14.2321	25.6000	0.9300	0.9324	0.7301	-0.0020	860.0000	854.4065	1.0339	-4.6677	100.0315	40.1538	0.8230	0.8229	5.0000	-9999.0000	-9999.0000	-9999.0000	-9999.0000	-9999.0000	-9999.0000	20.8821	5	0	26.3134	1.0000	07	1	-9999.0000	10897	48453	-9999	2487	2363	-9999	603.0892	5	0.7043	0.7301	-0.0020	66.3565	3.3219	780.8789	307.1429	39.6949	706.1503	94.1298	769.4434	93.9541	779.8747	93.9541	788.1260	94.6790	
17/08/2017	00:22:36	019004	H375064608HLR	L375	S		732.2192	1.0233	22.0042	99.9988	39.9511	0.8230	0.8257	5.0000	21.6421	860.0902	94.6790	14.3620	25.6000	0.9300	0.9323	0.7304	-0.0021	860.0000	853.6736	1.0339	-4.6718	100.0677	40.1538	0.8230	0.8228	5.0000	-9999.0000	-9999.0000	-9999.0000	-9999.0000	-9999.0000	-9999.0000	21.7622	6	0	26.8623	1.0000	07	1	-9999.0000	10898	48454	-9999	2488	2364	-9999	602.8607	5	0.7039	0.7304	-0.0021	76.8624	2.6534	776.6622	302.7359	38.1352	703.2111	94.1738	765.0065	93.9541	775.5918	93.9541	783.7575	94.6571	
17/08/2017	00:23:02	019004	H375064571HLR	L375	S		748.1077	1.0233	16.7846	100.0813	40.0195	0.8230	0.8259	5.0000	19.9623	860.1362	94.6790	13.3911	25.6000	0.9300	0.9323	0.7313	-0.0021	860.0000	855.4778	1.0339	-4.6618	100.0645	40.1538	0.8230	0.8229	5.0000	-9999.0000	-9999.0000	-9999.0000	-9999.0000	-9999.0000	-9999.0000	20.7121	7	0	26.4033	1.0000	07	1	-9999.0000	10899	48455	-9999	2488	2365	-9999	604.6978	5	0.7041	0.7313	-0.0021	80.4823	2.1811	783.3909	301.9165	37.6739	710.6872	94.4154	771.6287	94.2397	782.3448	94.2836	791.1577	94.7669	
17/08/2017	00:23:30	019004	H375064600HLR	L375	S		745.6255	1.0233	17.6000	99.9798	39.9464	0.8230	0.8258	5.0000	19.9816	860.1215	94.6571	13.8717	25.6000	0.9300	0.9324	0.7308	-0.0021	860.0000	853.0949	1.0339	-4.6750	100.0114	40.1538	0.8230	0.8229	5.0000	-9999.0000	-9999.0000	-9999.0000	-9999.0000	-9999.0000	-9999.0000	21.3823	8	0	27.1329	1.0000	07	1	-9999.0000	10900	48456	-9999	2489	2366	-9999	603.9561	5	0.7044	0.7308	-0.0021	81.4635	2.1666	779.4930	302.5759	38.3549	707.1338	94.5692	767.9456	94.4154	778.4256	94.4154	787.4158	94.8328	
17/08/2017	00:23:55	019004	H375064634HLR	L375	S		755.4519	1.0233	14.3719	100.0324	39.9153	0.8230	0.8258	5.0000	20.0521	860.0795	94.6351	14.6218	25.6000	0.9300	0.9324	0.7102	-0.0004	860.0000	864.1174	1.0339	-4.6141	100.0751	40.1538	0.8230	0.8229	5.0000	-9999.0000	-9999.0000	-9999.0000	-9999.0000	-9999.0000	-9999.0000	20.9123	1	0	25.1131	1.0000	07	1	-9999.0000	10901	48457	-9999	2490	2367	-9999	605.4868	5	0.7042	0.7102	-0.0004	86.4485	1.8396	804.1085	312.8534	37.4762	735.9534	94.3495	795.5651	94.1298	803.2942	94.1738	809.6227	94.7230	
17/08/2017	00:24:24	019004	H375064568HLR	L375	S		745.9780	1.0233	17.4842	99.9989	39.9487	0.8230	0.8260	5.0000	19.8519	860.0974	94.6351	15.1521	25.6000	0.9300	0.9325	0.7109	-0.0005	860.0000	857.2719	1.0339	-4.6519	100.0399	40.1538	0.8230	0.8228	5.0000	-9999.0000	-9999.0000	-9999.0000	-9999.0000	-9999.0000	-9999.0000	21.4526	2	0	29.0433	1.0000	07	1	-9999.0000	10902	48458	-9999	2491	2368	-9999	605.5590	5	0.7045	0.7109	-0.0005	80.1061	2.2883	792.7243	300.7501	38.9041	724.9764	94.5472	783.8941	94.3276	791.8728	94.3495	798.2320	94.8108	
17/08/2017	00:24:53	019004	H375064598HLR	L375	S		746.2972	1.0233	17.3794	100.0180	39.9911	0.8230	0.8257	5.0000	20.6819	860.0587	94.5912	14.7917	25.6000	0.9300	0.9325	0.7099	-0.0004	860.0000	856.7706	1.0339	-4.6547	99.9938	40.1538	0.8230	0.8227	5.0000	-9999.0000	-9999.0000	-9999.0000	-9999.0000	-9999.0000	-9999.0000	25.6424	3	0	29.2533	1.0000	07	1	-9999.0000	10903	48459	-9999	2492	2369	-9999	606.0776	5	0.7047	0.7099	-0.0004	79.2034	2.3062	793.6973	315.0149	38.9919	723.7258	94.5692	784.5271	94.3715	792.8076	94.3715	800.2109	94.8328	
17/08/2017	00:25:18	019004	H375064603HLR	L375	S		749.9819	1.0233	16.1689	99.9953	39.9059	0.8230	0.8254	5.0000	21.4523	860.0669	94.5912	15.3816	25.6000	0.9300	0.9325	0.7062	-0.0001	860.0000	859.6228	1.0339	-4.6389	99.9736	40.1538	0.8230	0.8227	5.0000	-9999.0000	-9999.0000	-9999.0000	-9999.0000	-9999.0000	-9999.0000	25.9630	4	0	25.1122	1.0000	07	1	-9999.0000	10904	48460	-9999	2493	2370	-9999	606.5043	5	0.7047	0.7062	-0.0001	82.4358	2.0606	801.5704	311.1425	39.1896	727.2518	94.6131	792.7535	94.4813	800.9797	94.5253	806.0968	94.8767	
17/08/2017	00:25:45	019004	H375064616HLR	L375	S		748.8849	1.0233	16.5293	100.0706	39.9350	0.8230	0.8256	5.0000	21.1820	860.1096	94.6790	13.5318	25.7000	0.9300	0.9326	0.7085	-0.0002	860.0000	855.9770	1.0339	-4.6591	100.0052	40.1538	0.8230	0.8228	5.0000	-9999.0000	-9999.0000	-9999.0000	-9999.0000	-9999.0000	-9999.0000	21.7126	5	0	26.5529	1.0000	07	1	-9999.0000	10905	48461	-9999	2494	2371	-9999	606.6520	5	0.7048	0.7085	-0.0002	82.8834	1.9650	802.1662	310.3274	37.7618	723.4863	94.8108	792.3677	94.6351	801.2468	94.6351	807.9247	94.9426	
17/08/2017	00:26:11	019004	H375064751HLR	L375	S		744.8751	1.0233	17.8465	100.0274	40.0158	0.8230	0.8259	5.0000	20.0627	860.0929	94.7230	15.8621	25.7000	0.9300	0.9325	0.7065	-0.0001	860.0000	858.4577	1.0339	-4.6454	100.0461	40.1538	0.8230	0.8227	5.0000	-9999.0000	-9999.0000	-9999.0000	-9999.0000	-9999.0000	-9999.0000	22.7416	6	0	26.5234	1.0000	07	1	-9999.0000	10906	48462	-9999	2495	2372	-9999	606.7593	5	0.7050	0.7065	-0.0001	80.3954	2.0024	794.3075	310.0194	36.3339	717.2676	95.0305	785.6910	94.7230	793.6399	94.7230	799.8132	94.9426	
17/08/2017	00:26:36	019004	H375064722HLR	L375	S		750.7828	1.0233	15.9058	99.9446	39.9487	0.8230	0.8258	5.0000	20.0627	860.0519	94.5912	15.2410	25.7000	0.9300	0.9325	0.7047	0.0001	860.0000	861.5465	1.0339	-4.6283	99.9454	40.1538	0.8230	0.8227	5.0000	-9999.0000	-9999.0000	-9999.0000	-9999.0000	-9999.0000	-9999.0000	23.1724	7	0	24.9325	1.0000	07	1	-9999.0000	10907	48463	-9999	2496	2373	-9999	607.2634	5	0.7052	0.7047	0.0001	80.0641	2.0199	801.8911	313.6993	38.2011	724.8167	94.8548	792.4748	94.6351	800.9658	94.6351	807.6723	94.9207	
17/08/2017	00:27:01	019004	H375064746HLR	L375	S		758.5267	1.0233	13.3618	100.0231	39.9487	0.8230	0.8256	5.0000	20.6361	860.0390	94.8548	11.3812	25.7000	0.9300	0.9325	0.7060	0.0000	860.0000	863.5779	1.0339	-4.6171	99.9919	40.1638	0.8230	0.8228	5.0000	-9999.0000	-9999.0000	-9999.0000	-9999.0000	-9999.0000	-9999.0000	21.6623	8	0	24.9735	1.0000	07	1	-9999.0000	10908	48464	-9999	2497	2374	-9999	607.3749	5	0.7053	0.7060	0.0000	78.6736	2.0886	819.8874	323.1470	38.9919	748.8058	94.6790	809.6460	94.3935	819.1257	94.4154	825.2509	94.8548	
17/08/2017	00:27:29	019004	H375064642HLR	L375	S		746.8568	1.0233	17.1955	99.9757	39.9487	0.8230	0.8258	5.0000	20.3225	860.0525	94.8767	14.9714	25.7000	0.9300	0.9325	0.7111	-0.0003	860.0000	861.1678	1.0339	-4.6304	100.0339	40.1628	0.8230	0.8228	5.0000	-9999.0000	-9999.0000	-9999.0000	-9999.0000	-9999.0000	-9999.0000	21.5718	1	0	27.8829	1.0000	07	1	-9999.0000	10909	48465	-9999	2498	2375	-9999	607.5397	5	0.7055	0.7111	-0.0003	72.8560	2.4679	800.0405	308.3782	39.0578	727.8607	95.0305	790.1349	94.7449	799.3034	94.7449	805.4267	94.9866	
17/08/2017	00:27:59	019004	H375064643HLR	L375	S		750.7440	1.0233	15.9185	100.0505	39.9487	0.8230	0.8258	5.0000	20.1018	860.1065	94.6571	13.7916	25.7000	0.9300	0.9325	0.7108	-0.0003	860.0000	860.5034	1.0339	-4.6341	100.0112	40.1745	0.8230	0.8228	5.0000	-9999.0000	-9999.0000	-9999.0000	-9999.0000	-9999.0000	-9999.0000	21.4720	2	0	29.9927	1.0000	07	1	-9999.0000	10910	48466	-9999	2499	2376	-9999	607.9722	5	0.7057	0.7108	-0.0003	71.9130	2.5435	803.6710	313.1007	38.3110	728.8624	94.8328	794.4029	94.5692	802.8215	94.5912	810.1810	94.8767	
17/08/2017	00:28:25	019004	H375064843HLR	L375	S		749.8611	1.0233	16.2086	100.0266	39.9499	0.8230	0.8257	5.0000	20.7225	860.0866	94.5912	12.6420	25.7000	0.9300	0.9325	0.7125	-0.0004	860.0000	858.5962	1.0339	-4.6446	100.0352	40.1538	0.8230	0.8227	5.0000	-9999.0000	-9999.0000	-9999.0000	-9999.0000	-9999.0000	-9999.0000	26.6026	3	0	25.8233	1.0000	07	1	-9999.0000	10911	48467	-9999	2500	2377	-9999	608.4172	5	0.7058	0.7125	-0.0004	70.0843	2.6552	805.3063	316.1317	38.3329	732.2406	94.9646	795.3906	94.6790	804.4294	94.6790	811.1808	94.9646	
17/08/2017	00:28:52	019004	H375064824HLR	L375	S		750.2454	1.0233	16.0823	99.9696	39.9487	0.8230	0.8258	5.0000	20.2025	860.0924	94.6131	13.1216	25.7000	0.9300	0.9325	0.7176	-0.0008	860.0000	860.2890	1.0339	-4.6353	100.0114	40.1728	0.8230	0.8228	5.0000	-9999.0000	-9999.0000	-9999.0000	-9999.0000	-9999.0000	-9999.0000	22.5522	4	0	26.8231	1.0000	07	1	-9999.0000	10912	48468	-9999	2501	2378	-9999	608.7391	5	0.7055	0.7176	-0.0008	77.8506	2.1505	800.3589	302.6320	37.7178	727.3835	95.1403	790.9508	94.8767	799.3813	94.9207	806.7305	95.0964	
17/08/2017	00:29:20	019004	H375059327HLR	L375	S		743.7076	1.0233	18.2301	100.0792	39.9341	0.8230	0.8255	5.0000	21.6734	860.0665	94.8328	16.3016	25.6000	0.9300	0.9324	0.7184	-0.0008	860.0000	858.3424	1.0339	-4.6460	99.9557	40.1765	0.8230	0.8228	5.0000	-9999.0000	-9999.0000	-9999.0000	-9999.0000	-9999.0000	-9999.0000	23.4321	5	0	28.0130	1.0000	07	1	-9999.0000	10913	48469	-9999	2502	2379	-9999	606.4914	5	0.7059	0.7184	-0.0008	81.5606	1.9089	784.6370	314.2561	39.0139	713.2375	95.1184	774.5943	94.9646	783.5332	94.9646	791.0856	95.0525	
17/08/2017	00:29:50	019004	H375067253HLR	L375	S		747.4932	1.0233	16.9865	100.0911	39.9520	0.8230	0.8256	5.0000	21.2721	860.0765	94.6131	15.3621	25.6000	0.9300	0.9325	0.7170	-0.0007	860.0000	863.4608	1.0339	-4.6178	99.9634	40.2435	0.8230	0.8228	5.0000	-9999.0000	-9999.0000	-9999.0000	-9999.0000	-9999.0000	-9999.0000	21.6624	6	0	30.8130	1.0000	07	1	-9999.0000	10914	48470	-9999	2503	2380	-9999	607.2143	5	0.7060	0.7170	-0.0007	82.3991	1.8719	794.3753	306.8288	38.5526	718.9406	95.0964	783.7959	94.8108	793.4811	94.8328	800.4964	94.9866	
17/08/2017	00:30:19	019004	H375067291HLR	L375	S		752.3414	1.0233	15.3938	100.0154	39.9857	0.8230	0.8253	5.0000	22.0522	860.0974	94.7669	12.5112	25.7000	0.9300	0.9324	0.7191	-0.0009	860.0000	859.3574	1.0339	-4.6404	100.0107	40.1571	0.8230	0.8227	5.0000	-9999.0000	-9999.0000	-9999.0000	-9999.0000	-9999.0000	-9999.0000	27.4640	7	0	29.0034	1.0000	07	1	-9999.0000	10915	48471	-9999	2504	2381	-9999	609.3113	5	0.7061	0.7191	-0.0009	86.3800	1.6185	800.9950	302.7224	36.2680	721.4075	94.8987	789.9146	94.5472	799.9385	94.5692	807.6643	94.8767	
17/08/2017	00:30:48	019004	H375067958HLR	L375	S		749.6468	1.0233	16.2790	100.0013	39.9487	0.8230	0.8257	5.0000	20.1126	860.1226	94.8548	14.2213	25.6000	0.9300	0.9325	0.7189	-0.0008	860.0000	865.1928	1.0339	-4.6082	100.0098	40.2564	0.8230	0.8228	5.0000	-9999.0000	-9999.0000	-9999.0000	-9999.0000	-9999.0000	-9999.0000	23.9422	8	0	28.1339	1.0000	07	1	-9999.0000	10916	48472	-9999	2505	2382	-9999	608.1221	5	0.7062	0.7189	-0.0008	88.2306	1.5117	798.3529	307.3440	36.3339	717.3093	95.2062	787.5304	94.8328	797.3509	94.8328	804.7390	95.0085	
17/08/2017	00:31:15	019004	H375067282HLR	L375	S		743.3109	1.0233	18.3604	100.0328	39.9210	0.8230	0.8255	5.0000	21.6517	860.0880	94.7669	16.3915	25.7000	0.9300	0.9325	0.7166	-0.0007	860.0000	863.2205	1.0339	-4.6191	100.0456	40.2799	0.8230	0.8229	5.0000	-9999.0000	-9999.0000	-9999.0000	-9999.0000	-9999.0000	-9999.0000	20.8822	1	0	27.8831	1.0000	07	1	-9999.0000	10917	48473	-9999	2506	2383	-9999	606.9089	5	0.7062	0.7166	-0.0007	86.1449	1.6673	789.2960	303.8926	37.6739	708.6061	95.4698	778.9676	95.1623	788.3129	95.1623	795.4641	95.1623	
17/08/2017	00:31:44	019004	H375067208HLR	L375	S		749.9866	1.0233	16.1673	100.0062	40.0089	0.8230	0.8259	5.0000	19.8917	860.1090	94.7889	12.6715	25.7000	0.9300	0.9326	0.7191	-0.0009	860.0000	859.7558	1.0339	-4.6382	100.0692	40.2564	0.8230	0.8227	5.0000	-9999.0000	-9999.0000	-9999.0000	-9999.0000	-9999.0000	-9999.0000	23.6228	2	0	28.1632	1.0000	07	1	-9999.0000	10918	48474	-9999	2507	2384	-9999	609.2585	5	0.7060	0.7191	-0.0009	85.1406	1.7598	799.8484	306.0870	37.5421	719.4533	95.0964	788.5644	94.8328	798.8346	94.8108	807.0315	95.0085	
17/08/2017	00:32:11	019004	H375067990HLR	L375	S		732.2149	1.0233	22.0056	100.0297	40.0197	0.8230	0.8259	5.0000	19.9827	860.0802	94.6131	17.3115	25.6000	0.9300	0.9325	0.7199	-0.0009	860.0000	863.8369	1.0339	-4.6157	100.0814	40.2564	0.8230	0.8227	5.0000	-9999.0000	-9999.0000	-9999.0000	-9999.0000	-9999.0000	-9999.0000	24.3025	3	0	27.3323	1.0000	07	1	-9999.0000	10919	48475	-9999	2508	2385	-9999	605.6806	5	0.7061	0.7199	-0.0009	85.6943	1.7269	781.4971	300.2471	38.5306	701.9669	95.4039	769.6673	95.1184	780.4578	95.1184	787.9760	95.1403	
17/08/2017	00:32:37	019004	H375067989HLR	L375	S		737.2334	1.0233	20.3570	100.0055	39.9419	0.8230	0.8258	5.0000	20.1419	860.0848	94.5692	16.3915	25.7000	0.9300	0.9325	0.7194	-0.0009	860.0000	861.7744	1.0339	-4.6271	100.0784	40.2895	0.8230	0.8229	5.0000	-9999.0000	-9999.0000	-9999.0000	-9999.0000	-9999.0000	-9999.0000	21.0522	4	0	26.1338	1.0000	07	1	-9999.0000	10920	48476	-9999	2509	2386	-9999	606.3399	5	0.7062	0.7194	-0.0009	85.4298	1.7684	782.8204	304.4370	38.6405	706.5620	95.1184	771.2693	94.8548	781.8456	94.8548	788.9333	95.0305	
17/08/2017	00:33:04	019004	H375067979HLR	L375	S		740.6005	1.0233	19.2508	100.0304	39.9487	0.8230	0.8258	5.0000	20.6722	860.0503	94.5253	16.2216	25.7000	0.9300	0.9325	0.7151	-0.0006	860.0000	863.1417	1.0339	-4.6195	100.1313	40.2983	0.8230	0.8229	5.0000	-9999.0000	-9999.0000	-9999.0000	-9999.0000	-9999.0000	-9999.0000	20.6418	5	0	26.7021	1.0000	07	1	-9999.0000	10921	48477	-9999	2510	2387	-9999	606.4057	5	0.7060	0.7151	-0.0006	81.2372	2.1000	791.7422	314.3120	38.1572	714.5851	95.2721	781.0206	94.9866	790.9449	94.9646	797.4184	95.0964	
17/08/2017	00:33:31	019004	H375067968HLR	L375	S		739.5879	1.0233	19.5835	100.0100	40.0234	0.8230	0.8260	5.0000	19.8919	860.0673	94.4813	16.4716	25.7000	0.9300	0.9325	0.7248	-0.0013	860.0000	861.6956	1.0339	-4.6275	99.9256	40.2564	0.8230	0.8227	5.0000	-9999.0000	-9999.0000	-9999.0000	-9999.0000	-9999.0000	-9999.0000	23.4322	6	0	26.9933	1.0000	07	1	-9999.0000	10922	48478	-9999	2511	2388	-9999	605.2938	5	0.7061	0.7248	-0.0013	82.1126	2.0593	779.5274	300.6788	37.3664	706.5140	95.1843	769.3982	94.8328	778.5980	94.8108	786.5675	95.0305	
17/08/2017	00:33:59	019004	H375068048HLR	L375	S		741.0875	1.0233	19.0908	99.9747	39.9440	0.8230	0.8255	5.0000	21.1224	860.0835	94.5033	15.6414	25.6000	0.9300	0.9325	0.7287	-0.0016	860.0000	859.5514	1.0339	-4.6393	99.9734	40.2701	0.8230	0.8227	5.0000	-9999.0000	-9999.0000	-9999.0000	-9999.0000	-9999.0000	-9999.0000	22.1616	7	0	27.8538	1.0000	07	1	-9999.0000	10923	48479	-9999	2512	2389	-9999	605.5688	5	0.7058	0.7287	-0.0016	80.1416	2.2199	779.2293	310.7410	38.5526	703.5068	95.4259	767.0807	95.1623	778.2337	95.1403	786.3145	95.1623	
17/08/2017	00:34:26	019004	H375064810HLR	L375	S		745.9018	1.0233	17.5093	99.9786	39.9487	0.8230	0.8258	5.0000	20.2620	860.0781	94.5912	14.4118	25.6000	0.9300	0.9324	0.7277	-0.0015	860.0000	859.1989	1.0339	-4.6413	99.9648	40.2564	0.8230	0.8227	5.0000	-9999.0000	-9999.0000	-9999.0000	-9999.0000	-9999.0000	-9999.0000	24.6032	8	0	27.3028	1.0000	07	1	-9999.0000	10924	48480	-9999	2513	2390	-9999	607.2038	5	0.7055	0.7277	-0.0015	77.2209	2.4663	786.6769	320.8202	38.8821	719.5050	95.2282	775.1388	94.9426	785.6961	94.9207	794.2394	95.0744	
17/08/2017	00:34:53	019004	H375064802HLR	L375	S		747.0209	1.0233	17.1416	99.9905	39.9771	0.8230	0.8259	5.0000	20.0619	860.1097	94.5472	14.4020	25.6000	0.9300	0.9324	0.7281	-0.0015	860.0000	859.2120	1.0339	-4.6412	100.0722	40.2564	0.8230	0.8227	5.0000	-9999.0000	-9999.0000	-9999.0000	-9999.0000	-9999.0000	-9999.0000	23.8826	1	0	26.8624	1.0000	07	1	-9999.0000	10925	48481	-9999	2514	2390	-9999	607.2171	5	0.7052	0.7281	-0.0015	70.2239	3.0180	785.4886	304.7424	37.0808	712.2057	95.2502	773.6289	94.9646	784.4661	94.9426	791.9066	95.0744	
17/08/2017	00:35:19	019004	H375064776HLR	L375	S		744.6550	1.0233	17.9189	100.0343	39.9479	0.8230	0.8254	5.0000	22.0426	860.0977	94.5253	15.3220	25.6000	0.9300	0.9325	0.7284	-0.0016	860.0000	859.3829	1.0339	-4.6403	99.9491	40.2949	0.8230	0.8227	5.0000	-9999.0000	-9999.0000	-9999.0000	-9999.0000	-9999.0000	-9999.0000	21.8227	2	0	25.9229	1.0000	07	1	-9999.0000	10926	48482	-9999	2515	2391	-9999	605.9184	5	0.7051	0.7284	-0.0016	64.4784	3.4702	780.6920	307.7490	37.4542	704.9588	95.2502	768.8686	94.9866	779.6057	94.9866	788.1106	95.0744	
17/08/2017	00:35:43	019004	H375064780HLR	L375	S		745.9607	1.0233	17.4899	99.9831	39.9487	0.8230	0.8259	5.0000	19.9817	860.1186	94.5912	14.0817	25.6000	0.9300	0.9324	0.7282	-0.0015	860.0000	857.7477	1.0339	-4.6493	100.0545	40.3075	0.8230	0.8228	5.0000	-9999.0000	-9999.0000	-9999.0000	-9999.0000	-9999.0000	-9999.0000	21.2123	3	0	24.7333	1.0000	07	1	-9999.0000	10927	48483	-9999	2516	2392	-9999	607.6705	5	0.7051	0.7282	-0.0015	60.8643	3.7135	783.9414	310.4079	38.5306	706.0811	95.2062	773.0281	94.9866	782.9195	94.9866	790.8309	95.0744	
17/08/2017	00:36:11	019004	H375069045HLR	L375	S		746.1197	1.0233	17.4377	99.9948	40.0113	0.8230	0.8258	5.0000	20.2025	860.1389	94.5253	14.6315	25.6000	0.9300	0.9326	0.7283	-0.0016	860.0000	859.6514	1.0339	-4.6388	100.0625	40.3075	0.8230	0.8228	5.0000	-9999.0000	-9999.0000	-9999.0000	-9999.0000	-9999.0000	-9999.0000	21.2221	4	0	27.5432	1.0000	07	1	-9999.0000	10928	48484	-9999	2517	2393	-9999	606.9603	5	0.7052	0.7283	-0.0016	60.4083	3.7513	784.4163	299.0402	38.9041	705.2129	95.2062	772.9134	94.9426	783.2950	94.9426	791.6487	95.0744	
17/08/2017	00:36:41	019004	H375069011HLR	L375	S		743.7264	1.0233	18.2239	100.1370	39.9487	0.8230	0.8256	5.0000	21.2523	860.0985	94.5033	15.2019	25.6000	0.9300	0.9325	0.7287	-0.0016	860.0000	858.7900	1.0339	-4.6435	99.9685	40.2656	0.8230	0.8227	5.0000	-9999.0000	-9999.0000	-9999.0000	-9999.0000	-9999.0000	-9999.0000	24.1227	5	0	29.9535	1.0000	07	1	-9999.0000	10929	48484	-9999	2518	2394	-9999	606.2209	5	0.7052	0.7287	-0.0016	61.6606	3.6657	778.8939	299.4220	38.8821	701.8555	95.1403	766.8402	94.8767	777.6125	94.8767	786.8534	95.0305	
17/08/2017	00:37:10	019004	H375069037HLR	L375	S		747.6971	1.0233	16.9195	99.9791	39.9487	0.8230	0.8258	5.0000	20.1017	860.1560	94.5692	14.2116	25.7000	0.9300	0.9326	0.7289	-0.0016	860.0000	858.7878	1.0339	-4.6436	100.0843	40.3544	0.8230	0.8228	5.0000	-9999.0000	-9999.0000	-9999.0000	-9999.0000	-9999.0000	-9999.0000	21.0423	6	0	29.2931	1.0000	07	1	-9999.0000	10930	48485	-9999	2519	2395	-9999	607.6874	5	0.7050	0.7289	-0.0016	61.3015	3.6674	784.9549	297.4593	36.9929	709.8923	95.1623	774.3911	94.8328	784.0138	94.8767	790.2746	95.0305	
17/08/2017	00:37:40	019004	H375069043HLR	L375	S		748.1493	1.0233	16.7709	100.0225	40.0035	0.8230	0.8259	5.0000	20.0022	860.1200	94.5912	13.1313	25.7000	0.9300	0.9326	0.7305	-0.0017	860.0000	857.2265	1.0339	-4.6522	99.9864	40.2564	0.8230	0.8227	5.0000	-9999.0000	-9999.0000	-9999.0000	-9999.0000	-9999.0000	-9999.0000	25.9127	7	0	30.1733	1.0000	07	1	-9999.0000	10930	48486	-9999	2520	2396	-9999	609.4192	5	0.7050	0.7305	-0.0017	59.9103	3.7496	790.2295	313.0731	37.1906	718.0142	95.2721	779.4455	94.9646	789.1430	94.9646	797.4016	95.0964	
17/08/2017	00:38:12	019004	H375069035HLR	L375	S		748.9380	1.0233	16.5118	100.0429	39.9972	0.8230	0.8258	5.0000	20.0218	860.0693	94.6131	14.6315	25.6000	0.9300	0.9325	0.7305	-0.0017	860.0000	858.5469	1.0339	-4.6449	100.0325	40.2967	0.8230	0.8227	5.0000	-9999.0000	-9999.0000	-9999.0000	-9999.0000	-9999.0000	-9999.0000	24.3122	8	0	31.9138	1.0000	07	1	-9999.0000	10931	48487	-9999	2521	2397	-9999	607.2256	5	0.7050	0.7305	-0.0017	57.5322	3.9145	782.4231	310.7306	39.1018	711.1978	95.1623	771.7880	94.9646	781.5661	94.9866	789.4764	95.0964	
17/08/2017	00:38:43	019004	H375069002HLR	L375	S		741.2499	1.0233	19.0375	100.0607	39.9589	0.8230	0.8259	5.0000	20.0325	860.1455	94.5912	18.3321	25.6000	0.9300	0.9325	0.7306	-0.0017	860.0000	856.0832	1.0339	-4.6585	99.9940	40.2564	0.8230	0.8226	5.0000	-9999.0000	-9999.0000	-9999.0000	-9999.0000	-9999.0000	-9999.0000	28.5832	1	0	30.7828	1.0000	07	1	-9999.0000	10932	48488	-9999	2522	2398	-9999	602.0940	5	0.7052	0.7306	-0.0017	56.3145	3.9982	766.5977	320.1920	39.9585	699.3986	95.3380	757.6581	95.1623	765.6446	95.1623	772.5157	95.1843	
17/08/2017	00:39:14	019004	H375069030HLR	L375	S		741.4380	1.0233	18.9757	99.9658	39.9603	0.8230	0.8255	5.0000	21.7027	860.0944	94.5472	17.0322	25.6000	0.9300	0.9325	0.7366	-0.0021	860.0000	853.1019	1.0339	-4.6749	99.9501	40.3589	0.8230	0.8226	5.0000	-9999.0000	-9999.0000	-9999.0000	-9999.0000	-9999.0000	-9999.0000	24.8620	2	0	30.9536	1.0000	07	1	-9999.0000	10933	48489	-9999	2523	2399	-9999	603.5575	5	0.7051	0.7366	-0.0021	50.3943	4.3724	763.5371	310.7623	39.0139	696.5182	95.2721	752.7428	95.0305	762.6358	95.0305	769.8928	95.1403	
17/08/2017	00:39:45	019004	H375069003HLR	L375	S		740.3752	1.0233	19.3249	100.0294	39.9755	0.8230	0.8258	5.0000	20.4621	860.1265	94.5253	18.4425	25.6000	0.9300	0.9325	0.7383	-0.0022	860.0000	856.0451	1.0339	-4.6587	100.0349	40.3589	0.8230	0.8228	5.0000	-9999.0000	-9999.0000	-9999.0000	-9999.0000	-9999.0000	-9999.0000	20.9212	3	0	31.2232	1.0000	07	1	-9999.0000	10934	48490	-9999	2524	2400	-9999	600.8418	5	0.7056	0.7383	-0.0022	51.4635	4.2945	760.9325	314.2494	40.6175	691.3285	95.7115	749.7241	95.4259	759.8030	95.4039	767.8152	95.2941	
17/08/2017	00:43:14	019004	H375069021HLR	L375	S		735.6658	1.0233	20.8719	100.0400	39.9487	0.8230	0.8259	5.0000	20.0521	860.1222	94.5472	18.2521	25.6000	0.9300	0.9325	0.7392	-0.0022	860.0000	851.6522	1.0339	-4.6829	99.9998	40.3213	0.8230	0.8228	5.0000	-9999.0000	-9999.0000	-9999.0000	-9999.0000	-9999.0000	-9999.0000	21.1928	4	0	208.0440	1.0000	07	1	-9999.0000	10935	48491	-9999	2525	2401	-9999	601.0724	5	0.7059	0.7392	-0.0022	37.1250	5.2274	755.3351	298.0219	40.4638	687.4490	95.4259	744.5161	95.1843	754.3632	95.1623	762.6005	95.1843	
17/08/2017	00:43:44	019004	H375069023HLR	L375	S		739.6482	1.0233	19.5637	100.0380	39.9487	0.8230	0.8259	5.0000	20.0229	860.1358	94.5033	19.0821	25.6000	0.9300	0.9325	0.7397	-0.0022	860.0000	855.7926	1.0339	-4.6601	99.9571	40.2564	0.8230	0.8227	5.0000	-9999.0000	-9999.0000	-9999.0000	-9999.0000	-9999.0000	-9999.0000	25.1629	5	0	31.0737	1.0000	07	1	-9999.0000	10936	48492	-9999	2526	2402	-9999	599.4185	5	0.7055	0.7397	-0.0022	34.8916	5.3771	755.4429	317.3721	41.4083	686.7062	95.7335	743.8288	95.5138	754.4789	95.5138	762.3280	95.3161	
17/08/2017	00:44:15	019004	H375069022HLR	L375	S		736.4408	1.0233	20.6174	100.0320	39.9520	0.8230	0.8259	5.0000	20.1624	860.1019	94.5253	19.2219	25.6000	0.9300	0.9324	0.7279	-0.0014	860.0000	855.3602	1.0339	-4.6625	99.9454	39.8461	0.8230	0.8230	5.0000	-9999.0000	-9999.0000	-9999.0000	-9999.0000	-9999.0000	-9999.0000	25.0937	6	0	30.3833	1.0000	07	1	-9999.0000	10937	48493	-9999	2527	2403	-9999	598.8212	5	0.7058	0.7279	-0.0014	96.4010	1.1301	753.8939	310.0505	41.5621	671.5179	95.3161	743.0212	95.1184	753.0008	95.1403	759.8024	95.1623	
17/08/2017	00:44:45	019004	H375067252HLR	L375	S		737.6788	1.0233	20.2106	99.9881	39.9487	0.8230	0.8259	5.0000	20.0821	860.0793	94.5033	19.6028	25.6000	0.9300	0.9324	0.7240	-0.0012	860.0000	858.4427	1.0339	-4.6455	99.9810	39.9827	0.8230	0.8231	5.0000	-9999.0000	-9999.0000	-9999.0000	-9999.0000	-9999.0000	-9999.0000	25.5429	7	0	30.2331	1.0000	07	1	-9999.0000	10938	48494	-9999	2528	2404	-9999	601.7081	5	0.7060	0.7240	-0.0012	99.5178	0.8813	767.3808	309.9374	40.2221	694.8846	95.5358	756.2552	95.2282	766.6974	95.2282	772.9065	95.2062	
17/08/2017	00:45:13	019004	H375069028HLR	L375	S		739.0009	1.0233	19.7763	99.9707	39.9491	0.8230	0.8257	5.0000	21.0023	860.0836	94.5472	19.0627	25.6000	0.9300	0.9324	0.7240	-0.0012	860.0000	858.8039	1.0339	-4.6435	100.0273	39.9997	0.8230	0.8227	5.0000	-9999.0000	-9999.0000	-9999.0000	-9999.0000	-9999.0000	-9999.0000	22.1225	8	0	28.2530	1.0000	07	1	-9999.0000	10939	48495	-9999	2529	2405	-9999	603.4889	5	0.7060	0.7240	-0.0012	99.5178	0.8813	768.9320	314.0437	40.0244	698.6518	95.3600	759.4586	95.1403	767.9898	95.1403	774.3113	95.1623	
17/08/2017	00:45:40	019004	H375069027HLR	L375	S		735.0227	1.0233	21.0832	100.0521	39.9487	0.8230	0.8259	5.0000	20.0120	860.1006	94.6790	19.3518	25.4000	0.9300	0.9322	0.7252	-0.0013	860.0000	856.2562	1.0339	-4.6575	99.9301	39.8461	0.8230	0.8227	5.0000	-9999.0000	-9999.0000	-9999.0000	-9999.0000	-9999.0000	-9999.0000	24.8835	1	0	27.2737	1.0000	07	1	-9999.0000	10940	48495	-9999	2530	2406	-9999	603.0390	5	0.7059	0.7252	-0.0013	99.7029	0.8682	765.9081	283.9381	38.5965	699.0976	95.4479	755.5992	95.3820	764.9237	95.4039	771.9973	95.2502	
17/08/2017	00:46:09	019004	H375069025HLR	L375	S		738.8010	1.0233	19.8420	99.9585	39.8258	0.8230	0.8260	5.0000	20.1722	860.0791	94.6351	18.5822	25.5000	0.9300	0.9325	0.7262	-0.0013	860.0000	858.9787	1.0339	-4.6425	100.0368	39.9487	0.8230	0.8229	5.0000	-9999.0000	-9999.0000	-9999.0000	-9999.0000	-9999.0000	-9999.0000	21.7328	2	0	29.0228	1.0000	07	1	-9999.0000	10941	48496	-9999	2531	2407	-9999	603.8107	5	0.7056	0.7262	-0.0013	97.4912	1.0069	768.9887	322.2123	41.1667	703.0950	95.6676	759.3108	95.4259	768.0449	95.3600	775.3661	95.2502	
17/08/2017	00:46:41	019004	H375069026HLR	L375	S		740.2286	1.0233	19.3730	99.9921	39.9225	0.8230	0.8258	5.0000	21.5619	860.0553	94.5253	18.6017	25.5000	0.9300	0.9324	0.7262	-0.0013	860.0000	860.9367	1.0339	-4.6317	99.9476	39.9487	0.8230	0.8227	5.0000	-9999.0000	-9999.0000	-9999.0000	-9999.0000	-9999.0000	-9999.0000	25.6232	3	0	31.6441	1.0000	07	1	-9999.0000	10942	48497	-9999	2532	2408	-9999	603.9011	5	0.7052	0.7262	-0.0013	94.3965	1.2044	770.3253	329.9751	41.2985	700.8264	95.4259	760.7948	95.1843	769.5490	95.1623	776.9730	95.1403	
17/08/2017	00:47:09	019004	H375067284HLR	L375	S		743.1643	1.0233	18.4086	100.0204	39.9215	0.8230	0.8258	5.0000	20.5326	860.0867	94.7010	15.9920	25.6000	0.9300	0.9325	0.7260	-0.0013	860.0000	863.4839	1.0339	-4.6176	99.9553	39.9487	0.8230	0.8227	5.0000	-9999.0000	-9999.0000	-9999.0000	-9999.0000	-9999.0000	-9999.0000	28.3836	4	0	27.7824	1.0000	07	3	-9999.0000	10943	48498	-9999	2533	2409	-9999	607.0172	5	0.7049	0.7260	-0.0013	92.6397	1.3193	781.8574	303.5897	37.6739	701.5397	95.2502	771.0571	94.9207	780.9945	94.8767	788.2536	95.0305	
17/08/2017	00:47:36	019004	H375067348HLR	L375	S		747.6443	1.0233	16.9368	100.0246	39.8461	0.8230	0.8258	5.0000	20.1517	860.0908	94.7010	15.6013	25.6000	0.9300	0.9324	0.7255	-0.0012	860.0000	865.2672	1.0339	-4.6078	100.0157	39.9827	0.8230	0.8228	5.0000	-9999.0000	-9999.0000	-9999.0000	-9999.0000	-9999.0000	-9999.0000	20.9720	5	0	27.3535	1.0000	07	3	-9999.0000	10944	48499	-9999	2534	2410	-9999	607.6129	5	0.7049	0.7255	-0.0012	90.3820	1.4568	787.6106	309.3621	37.2126	709.1072	95.4259	776.7552	95.0305	786.6508	94.9866	794.4084	95.0744	
17/08/2017	00:48:03	019004	H375067261HLR	L375	S		745.8202	1.0233	17.5361	100.0104	39.9077	0.8230	0.8259	5.0000	20.1526	860.0843	94.6131	15.4519	25.6000	0.9300	0.9324	0.7251	-0.0012	860.0000	863.1936	1.0339	-4.6192	100.0361	40.0144	0.8230	0.8228	5.0000	-9999.0000	-9999.0000	-9999.0000	-9999.0000	-9999.0000	-9999.0000	22.0533	6	0	26.7326	1.0000	07	3	-9999.0000	10945	48500	-9999	2535	2411	-9999	607.7249	5	0.7045	0.7251	-0.0012	88.8068	1.5562	785.8620	309.6459	39.5631	708.7525	95.1403	775.1006	94.8987	784.9624	94.8767	792.3319	95.0305	
17/08/2017	00:48:32	019004	H375067285HLR	L375	S		744.0727	1.0233	18.1102	100.0426	39.9458	0.8230	0.8259	5.0000	19.9828	860.0653	94.5472	15.4119	25.6000	0.9300	0.9325	0.7269	-0.0013	860.0000	862.1496	1.0339	-4.6250	99.9478	40.0308	0.8230	0.8228	5.0000	-9999.0000	-9999.0000	-9999.0000	-9999.0000	-9999.0000	-9999.0000	21.8919	7	0	28.7034	1.0000	07	3	-9999.0000	10946	48501	-9999	2536	2412	-9999	607.9435	5	0.7042	0.7269	-0.0013	86.2953	1.7038	783.6751	308.0798	38.2231	707.3387	95.1403	771.9477	94.8548	782.6383	94.8328	790.4664	95.0085	
17/08/2017	00:48:59	019004	H375067273HLR	L375	S		745.0296	1.0233	17.7958	100.0206	39.9311	0.8230	0.8258	5.0000	20.1515	860.0990	94.5253	15.9920	25.6000	0.9300	0.9325	0.7266	-0.0013	860.0000	864.3135	1.0339	-4.6131	100.0820	40.0555	0.8230	0.8229	5.0000	-9999.0000	-9999.0000	-9999.0000	-9999.0000	-9999.0000	-9999.0000	20.8724	8	0	27.0225	1.0000	07	3	-9999.0000	10947	48502	-9999	2537	2413	-9999	607.2716	5	0.7040	0.7266	-0.0013	86.1224	1.7175	783.9515	301.0508	39.0798	711.3414	95.1184	773.0552	94.8987	783.1455	94.9207	789.7721	95.0525	
17/08/2017	00:49:25	019004	H375067264HLR	L375	S		748.0235	1.0233	16.8123	100.0967	39.8957	0.8230	0.8258	5.0000	20.1721	860.0674	94.5472	15.7020	25.6000	0.9300	0.9325	0.7245	-0.0012	860.0000	863.8820	1.0339	-4.6154	100.0509	40.0512	0.8230	0.8228	5.0000	-9999.0000	-9999.0000	-9999.0000	-9999.0000	-9999.0000	-9999.0000	23.6732	1	0	25.9239	1.0000	07	3	-9999.0000	10948	48503	-9999	2538	2414	-9999	607.2307	5	0.7036	0.7245	-0.0012	89.3695	1.5529	787.4271	306.5342	37.6739	715.9836	95.1184	776.5029	94.7889	786.3042	94.7889	794.0448	95.0305	
17/08/2017	00:49:53	019004	H375067274HLR	L375	Q		748.2923	1.0233	16.7240	99.9952	39.9360	0.8230	0.8259	5.0000	20.0529	860.0977	94.5472	15.0515	25.6000	0.9300	0.9325	0.7165	-0.0008	860.0000	862.5529	1.0339	-4.6228	100.0317	40.0785	0.8230	0.8229	5.0000	-9999.0000	-9999.0000	-9999.0000	-9999.0000	-9999.0000	-9999.0000	20.6917	2	0	28.8030	1.0000	07	3	-9999.0000	10949	48504	-9999	2539	2415	-9999	606.5244	5	0.7031	0.7165	-0.0008	107.0328	0.6183	796.5693	320.9140	38.3988	725.8874	95.1184	785.9604	94.8328	795.6496	94.8328	802.3919	95.0085	
17/08/2017	00:50:20	019004	H375067297HLR	L375	Q		744.8695	1.0233	17.8484	100.0802	39.9487	0.8230	0.8259	5.0000	20.0920	860.0764	94.6131	17.0322	25.6000	0.9300	0.9324	0.7129	-0.0006	860.0000	862.1722	1.0339	-4.6249	99.9917	40.0512	0.8230	0.8227	5.0000	-9999.0000	-9999.0000	-9999.0000	-9999.0000	-9999.0000	-9999.0000	25.3233	3	0	26.8827	1.0000	07	3	-9999.0000	10950	48505	-9999	2539	2416	-9999	604.9411	5	0.7030	0.7129	-0.0006	111.1943	0.3910	791.0821	326.2977	39.8267	723.6792	95.1403	781.7078	94.8548	790.3566	94.8767	796.9352	95.0305	
17/08/2017	00:50:47	019004	H375067296HLR	L375	S		750.1154	1.0233	16.1250	100.0271	39.9409	0.8230	0.8257	5.0000	20.1114	860.1408	94.7889	13.3511	25.6000	0.9300	0.9324	0.7120	-0.0005	860.0000	858.9971	1.0339	-4.6424	100.0756	40.0512	0.8230	0.8228	5.0000	-9999.0000	-9999.0000	-9999.0000	-9999.0000	-9999.0000	-9999.0000	22.5629	4	0	26.8624	1.0000	07	3	-9999.0000	10951	48506	-9999	2540	2417	-9999	606.5574	5	0.7030	0.7120	-0.0005	112.7199	0.3374	803.8458	326.5245	39.0359	736.7064	95.0525	794.3457	94.7889	802.8629	94.7889	810.1939	95.0085	
17/08/2017	00:51:14	019004	H375067298HLR	L375	S		747.0444	1.0233	17.1339	100.1051	39.9114	0.8230	0.8256	5.0000	21.0422	860.1088	94.7669	14.2711	25.6000	0.9300	0.9324	0.7105	-0.0004	860.0000	859.4371	1.0339	-4.6400	99.9325	40.0645	0.8230	0.8227	5.0000	-9999.0000	-9999.0000	-9999.0000	-9999.0000	-9999.0000	-9999.0000	22.4625	5	0	26.5433	1.0000	07	3	-9999.0000	10952	48507	-9999	2541	2418	-9999	605.6565	5	0.7027	0.7105	-0.0004	110.5596	0.4673	801.2660	325.3250	39.8267	731.3717	95.2941	791.4966	94.9866	800.3956	94.9866	807.1118	95.0744	
17/08/2017	00:51:41	019004	H375067300HLR	L375	S		749.7400	1.0233	16.2484	99.9648	39.9086	0.8230	0.8254	5.0000	21.9927	860.1063	94.6351	13.2222	25.6000	0.9300	0.9324	0.7096	-0.0004	860.0000	856.2105	1.0339	-4.6578	99.9733	40.0648	0.8230	0.8227	5.0000	-9999.0000	-9999.0000	-9999.0000	-9999.0000	-9999.0000	-9999.0000	22.1519	6	0	27.8535	1.0000	07	3	-9999.0000	10953	48508	-9999	2542	2419	-9999	605.8885	5	0.7028	0.7096	-0.0004	107.0270	0.6659	800.0058	325.8341	38.9480	731.9703	95.2721	788.7720	94.9207	798.7854	94.8767	806.2803	95.0085	
17/08/2017	00:52:07	019004	H375067301HLR	L375	S		747.3524	1.0233	17.0327	99.9679	39.9444	0.8230	0.8255	5.0000	21.3627	860.0738	94.8108	15.1921	25.6000	0.9300	0.9325	0.7109	-0.0005	860.0000	861.3166	1.0339	-4.6296	100.0409	40.0963	0.8230	0.8228	5.0000	-9999.0000	-9999.0000	-9999.0000	-9999.0000	-9999.0000	-9999.0000	21.2523	7	0	25.7226	1.0000	07	3	-9999.0000	10954	48509	-9999	2543	2420	-9999	605.0562	5	0.7025	0.7109	-0.0005	105.4891	0.7658	798.2578	321.4897	40.5516	729.6092	95.1623	788.4249	94.8987	797.3285	94.8987	804.2737	95.0525	
17/08/2017	00:52:35	019004	H375067256HLR	L375	S		748.1201	1.0233	16.7805	99.9836	39.9470	0.8230	0.8255	5.0000	21.2521	860.0644	94.5912	15.0320	25.6000	0.9300	0.9326	0.7121	-0.0005	860.0000	861.8960	1.0339	-4.6264	100.0146	40.0991	0.8230	0.8228	5.0000	-9999.0000	-9999.0000	-9999.0000	-9999.0000	-9999.0000	-9999.0000	21.4320	8	0	27.4035	1.0000	07	3	-9999.0000	10955	48510	-9999	2544	2421	-9999	605.4184	5	0.7029	0.7121	-0.0005	104.6183	0.8212	798.5614	327.9086	39.1018	730.5404	95.4039	789.6718	95.1184	797.8661	95.0744	804.3042	95.1403	
17/08/2017	00:53:06	019004	H375067275HLR	L375	S		744.6925	1.0233	17.9065	100.0214	39.9217	0.8230	0.8257	5.0000	20.0824	860.0560	94.5472	14.9011	25.6000	0.9300	0.9325	0.7112	-0.0005	860.0000	861.9716	1.0339	-4.6260	100.0227	40.0582	0.8230	0.8228	5.0000	-9999.0000	-9999.0000	-9999.0000	-9999.0000	-9999.0000	-9999.0000	23.4927	1	0	31.4830	1.0000	07	3	-9999.0000	10956	48511	-9999	2545	2422	-9999	605.5202	5	0.7032	0.7112	-0.0005	95.4534	1.3378	798.5833	300.3006	40.2660	726.6253	95.4918	788.3932	95.2502	797.6544	95.2282	805.1605	95.2062	
17/08/2017	00:53:33	019004	H375067265HLR	L375	S		745.9206	1.0233	17.5031	100.0822	39.9487	0.8230	0.8258	5.0000	20.0217	860.0678	94.5692	16.1219	25.6000	0.9300	0.9325	0.7126	-0.0006	860.0000	863.0703	1.0339	-4.6199	100.0677	40.1157	0.8230	0.8228	5.0000	-9999.0000	-9999.0000	-9999.0000	-9999.0000	-9999.0000	-9999.0000	22.0523	2	0	26.6533	1.0000	07	3	-9999.0000	10957	48512	-9999	2546	2423	-9999	605.2258	5	0.7036	0.7126	-0.0006	87.1139	1.8252	798.0296	328.3754	39.3654	728.7672	95.3600	788.4601	95.1184	797.2771	95.1403	803.3560	95.1623	
17/08/2017	00:53:59	019004	H375067266HLR	L375	S		750.1188	1.0233	16.1239	100.0572	39.9487	0.8230	0.8258	5.0000	20.1124	860.1230	94.7010	14.1022	25.6000	0.9300	0.9325	0.7140	-0.0007	860.0000	859.1109	1.0339	-4.6418	100.0792	40.0809	0.8230	0.8227	5.0000	-9999.0000	-9999.0000	-9999.0000	-9999.0000	-9999.0000	-9999.0000	22.1822	3	0	26.3127	1.0000	07	3	-9999.0000	10958	48513	-9999	2547	2424	-9999	606.1872	5	0.7036	0.7140	-0.0007	91.3507	1.5707	800.7875	314.7792	38.9919	732.3739	95.2282	791.2831	94.9646	799.9649	94.9646	806.8976	95.0964	
17/08/2017	00:54:25	019004	H375067258HLR	L375	S		747.3056	1.0233	17.0481	100.0215	39.9487	0.8230	0.8258	5.0000	19.9621	860.1039	94.6351	15.5818	25.6000	0.9300	0.9325	0.7161	-0.0008	860.0000	862.1717	1.0339	-4.6249	99.9404	40.0539	0.8230	0.8228	5.0000	-9999.0000	-9999.0000	-9999.0000	-9999.0000	-9999.0000	-9999.0000	22.7832	4	0	25.5331	1.0000	07	3	-9999.0000	10959	48514	-9999	2548	2425	-9999	605.1206	5	0.7035	0.7161	-0.0008	80.6667	2.2423	794.6610	308.4962	38.7283	721.6541	95.2941	784.1658	94.8987	793.8564	94.8987	800.0845	95.0525	
17/08/2017	00:54:53	019004	H375067287HLR	L375	S		748.5948	1.0233	16.6246	100.0366	39.9247	0.8230	0.8258	5.0000	20.0325	860.1056	94.6790	12.8413	25.7000	0.9300	0.9325	0.7190	-0.0010	860.0000	855.9339	1.0339	-4.6593	100.0135	40.1055	0.8230	0.8228	5.0000	-9999.0000	-9999.0000	-9999.0000	-9999.0000	-9999.0000	-9999.0000	21.3021	5	0	28.1534	1.0000	07	3	-9999.0000	10960	48515	-9999	2549	2426	-9999	607.3281	5	0.7035	0.7190	-0.0010	76.2082	2.5584	796.0904	304.0148	38.0473	724.6907	95.2941	784.3346	94.9866	795.0436	94.9866	803.0243	95.0744	
17/08/2017	01:01:21	019004	H375067288HLR	L375	S		747.7169	1.0233	16.9130	100.0026	39.9477	0.8230	0.8254	5.0000	22.0522	860.0929	94.7449	14.8513	25.7000	0.9300	0.9326	0.7249	-0.0014	860.0000	861.3169	1.0339	-4.6296	100.0544	40.0584	0.8230	0.8227	5.0000	-9999.0000	-9999.0000	-9999.0000	-9999.0000	-9999.0000	-9999.0000	23.8131	6	0	386.8335	1.0000	07	3	-9999.0000	10961	48516	-9999	2550	2427	-9999	605.5352	5	0.7035	0.7249	-0.0014	61.6540	3.5345	788.5594	296.0069	39.9585	711.8533	95.3161	777.0999	94.9866	787.3966	95.0085	795.9420	95.0964	
17/08/2017	01:01:49	019004	H375067279HLR	L375	S		746.5177	1.0233	17.3069	100.1269	39.9487	0.8230	0.8258	5.0000	20.0315	860.0968	94.6131	14.6520	25.7000	0.9300	0.9326	0.7263	-0.0015	860.0000	860.0428	1.0339	-4.6366	99.9448	40.1006	0.8230	0.8227	5.0000	-9999.0000	-9999.0000	-9999.0000	-9999.0000	-9999.0000	-9999.0000	22.5826	7	0	29.3725	1.0000	07	3	-9999.0000	10962	48517	-9999	2551	2428	-9999	605.8160	5	0.7036	0.7263	-0.0015	62.2199	3.4721	788.0820	308.1307	37.9375	711.1266	95.4479	777.1560	95.0964	787.1969	95.0964	794.6445	95.1623	
17/08/2017	01:02:14	019004	H375067259HLR	L375	S		749.5110	1.0233	16.3236	100.0256	39.8834	0.8230	0.8254	5.0000	21.4926	860.0934	94.6351	13.7408	25.7000	0.9300	0.9326	0.7265	-0.0015	860.0000	858.0941	1.0339	-4.6474	99.9167	39.6410	0.8230	0.8231	5.0000	-9999.0000	-9999.0000	-9999.0000	-9999.0000	-9999.0000	-9999.0000	26.1230	8	0	25.4531	1.0000	07	3	-9999.0000	10963	48518	-9999	2552	2429	-9999	606.9769	5	0.7036	0.7265	-0.0015	63.7230	3.3573	792.1411	309.3847	39.0139	718.1406	95.3161	781.3306	95.0305	791.1612	95.0085	799.5901	95.0964	
17/08/2017	01:02:40	019004	H375067290HLR	L375	S		746.3292	1.0233	17.3688	100.1050	39.9487	0.8230	0.8259	5.0000	20.0616	860.0849	94.7669	16.5116	25.6000	0.9300	0.9325	0.7308	-0.0018	860.0000	860.3043	1.0339	-4.6352	99.9945	39.9487	0.8230	0.8234	5.0000	-9999.0000	-9999.0000	-9999.0000	-9999.0000	-9999.0000	-9999.0000	21.5824	1	0	25.6727	1.0000	07	3	-9999.0000	10964	48519	-9999	2553	2430	-9999	603.0207	5	0.7040	0.7308	-0.0018	64.7600	3.2751	779.7368	315.5318	38.1572	706.3506	95.3820	768.7573	95.0744	778.7853	95.0964	786.0233	95.1623	
17/08/2017	01:03:07	019004	H375067210HLR	L375	S		746.3241	1.0233	17.3705	99.9924	39.9802	0.8230	0.8254	5.0000	21.6029	860.1038	94.7010	14.1920	25.7000	0.9300	0.9325	0.7316	-0.0019	860.0000	860.1563	1.0339	-4.6360	99.9653	39.8916	0.8230	0.8227	5.0000	-9999.0000	-9999.0000	-9999.0000	-9999.0000	-9999.0000	-9999.0000	22.0424	2	0	27.4534	1.0000	07	3	-9999.0000	10965	48520	-9999	2554	2431	-9999	606.4727	5	0.7038	0.7316	-0.0019	69.5341	2.9472	784.0133	301.6052	39.3874	706.1998	95.2721	771.8358	94.9866	782.8755	94.9646	791.9927	95.0744	
17/08/2017	01:03:34	019004	H375067292HLR	L375	S		741.9136	1.0233	18.8195	100.0111	39.9440	0.8230	0.8258	5.0000	19.9816	860.1020	94.8987	16.1424	25.4000	0.9300	0.9322	0.7378	-0.0023	860.0000	861.5062	1.0339	-4.6286	100.0088	39.6858	0.8230	0.8226	5.0000	-9999.0000	-9999.0000	-9999.0000	-9999.0000	-9999.0000	-9999.0000	21.0718	3	0	26.3027	1.0000	07	3	-9999.0000	10966	48521	-9999	2555	2432	-9999	602.6791	5	0.7039	0.7378	-0.0023	70.2038	2.9083	773.4696	250.1658	37.0149	698.8721	95.4259	762.2005	95.3380	772.4276	95.2941	780.1963	95.2062	
17/08/2017	01:04:01	019004	H375067289HLR	L375	S		748.5615	1.0233	16.6355	100.0770	39.7433	0.8230	0.8261	5.0000	20.0715	860.1423	94.8328	13.6822	25.5000	0.9300	0.9323	0.7413	-0.0025	860.0000	859.6578	1.0339	-4.6388	99.9745	39.8649	0.8230	0.8232	5.0000	-9999.0000	-9999.0000	-9999.0000	-9999.0000	-9999.0000	-9999.0000	21.5921	4	0	27.5928	1.0000	07	3	-9999.0000	10967	48522	-9999	2556	2433	-9999	607.7698	5	0.7042	0.7413	-0.0025	68.0795	3.0253	777.9109	307.0618	37.5860	701.8527	95.2941	765.9887	94.7449	776.8704	94.6351	786.1368	94.9426	
17/08/2017	01:04:28	019004	H375067227HLR	L375	S		746.4224	1.0233	17.3382	100.0152	39.8461	0.8230	0.8260	5.0000	20.4221	860.1352	94.7669	14.0318	25.5000	0.9300	0.9324	0.7350	-0.0021	860.0000	861.3908	1.0339	-4.6292	100.0787	39.9581	0.8230	0.8229	5.0000	-9999.0000	-9999.0000	-9999.0000	-9999.0000	-9999.0000	-9999.0000	22.9419	5	0	26.5733	1.0000	07	3	-9999.0000	10968	48523	-9999	2557	2434	-9999	606.9355	5	0.7041	0.7350	-0.0021	73.2667	2.6565	784.1710	306.5544	39.8047	690.6246	95.5138	771.1351	95.0964	782.8455	95.0085	791.9809	95.0964	
17/08/2017	01:04:56	019004	H375067209HLR	L375	S		743.5404	1.0233	18.2850	100.0794	39.8412	0.8230	0.8259	5.0000	20.1918	860.0904	94.7669	15.7019	25.5000	0.9300	0.9325	0.7382	-0.0023	860.0000	860.5472	1.0339	-4.6338	100.0303	39.7802	0.8230	0.8226	5.0000	-9999.0000	-9999.0000	-9999.0000	-9999.0000	-9999.0000	-9999.0000	21.8617	6	0	28.5334	1.0000	07	3	-9999.0000	10969	48524	-9999	2558	2435	-9999	603.5644	5	0.7043	0.7382	-0.0023	66.3642	3.1628	775.0666	300.1980	39.5631	698.3479	95.4039	763.2675	95.0964	774.0050	95.0744	781.2587	95.0964	
17/08/2017	01:05:23	019004	H375067248HLR	L375	S		745.1512	1.0233	17.7559	100.0103	39.8119	0.8230	0.8258	5.0000	20.2922	860.1419	94.6131	14.6325	25.5000	0.9300	0.9325	0.7435	-0.0027	860.0000	860.4373	1.0339	-4.6345	100.0423	39.8461	0.8230	0.8230	5.0000	-9999.0000	-9999.0000	-9999.0000	-9999.0000	-9999.0000	-9999.0000	25.1327	7	0	26.0929	1.0000	07	3	-9999.0000	10970	48525	-9999	2559	2436	-9999	605.7125	5	0.7039	0.7435	-0.0027	62.5235	3.4357	773.5965	304.6694	37.4762	695.1838	95.5577	760.9962	95.2062	772.4085	95.1843	781.6075	95.1843	
17/08/2017	01:05:48	019004	H375067228HLR	L375	S		742.1398	1.0233	18.7451	99.9579	39.8089	0.8230	0.8256	5.0000	21.4818	860.0880	94.6351	15.8113	25.5000	0.9300	0.9325	0.7423	-0.0026	860.0000	859.8107	1.0339	-4.6379	100.0390	39.9679	0.8230	0.8228	5.0000	-9999.0000	-9999.0000	-9999.0000	-9999.0000	-9999.0000	-9999.0000	22.8131	8	0	25.7430	1.0000	07	3	-9999.0000	10971	48526	-9999	2560	2437	-9999	603.1391	5	0.7040	0.7423	-0.0026	63.5380	3.3711	768.0811	303.9085	38.7723	690.2798	95.4259	755.7444	95.0744	767.0083	95.0305	775.6091	95.0744	
17/08/2017	01:06:16	019004	H375067346HLR	L375	S		744.5145	1.0233	17.9650	100.0805	39.8461	0.8230	0.8259	5.0000	20.1222	860.1318	94.5692	14.9109	25.6000	0.9300	0.9326	0.7414	-0.0025	860.0000	860.1931	1.0339	-4.6358	100.1222	39.8926	0.8230	0.8227	5.0000	-9999.0000	-9999.0000	-9999.0000	-9999.0000	-9999.0000	-9999.0000	20.8217	1	0	27.9826	1.0000	07	3	-9999.0000	10972	48527	-9999	2561	2438	-9999	605.1579	5	0.7038	0.7414	-0.0025	69.0885	3.0132	773.0252	306.1585	38.7064	696.6723	95.2721	760.1277	94.9646	771.9977	94.9426	780.7712	95.0744	
17/08/2017	01:17:56	019004	H375067246HLR	L375	S		742.5448	1.0233	18.6121	100.0008	39.8926	0.8230	0.8259	5.0000	20.0121	860.1117	94.5472	15.6717	25.6000	0.9300	0.9326	0.7414	-0.0025	860.0000	858.8742	1.0339	-4.6431	100.1041	39.8709	0.8230	0.8229	5.0000	-9999.0000	-9999.0000	-9999.0000	-9999.0000	-9999.0000	-9999.0000	21.2825	2	0	698.1887	1.0000	07	3	-9999.0000	10973	48528	-9999	2562	2439	-9999	603.5067	5	0.7038	0.7414	-0.0025	68.9644	3.0352	769.2844	297.5540	37.7837	692.0003	95.2721	757.0985	94.9207	768.2698	94.8767	776.8314	95.0525	
17/08/2017	01:18:21	019004	H375067236HLR	L375	S		739.9184	1.0233	19.4749	100.0364	39.8080	0.8230	0.8257	5.0000	20.7416	860.0821	94.6351	13.9117	25.7000	0.9300	0.9327	0.7413	-0.0025	860.0000	861.9821	1.0339	-4.6259	99.9915	39.9487	0.8230	0.8229	5.0000	-9999.0000	-9999.0000	-9999.0000	-9999.0000	-9999.0000	-9999.0000	24.4626	3	0	26.2430	1.0000	07	3	-9999.0000	10974	48529	-9999	2563	2440	-9999	607.3540	5	0.7039	0.7413	-0.0025	73.7033	2.7207	780.5954	302.5646	37.1028	701.8723	95.2062	768.3931	94.8548	779.4161	94.8108	788.3698	95.0305	
17/08/2017	01:18:46	019004	H375067237HLR	L375	S		747.3581	1.0233	17.0309	100.0087	39.8692	0.8230	0.8260	5.0000	19.9923	860.1319	94.6131	14.0016	25.7000	0.9300	0.9326	0.7422	-0.0026	860.0000	858.5320	1.0339	-4.6450	99.9614	39.8312	0.8230	0.8231	5.0000	-9999.0000	-9999.0000	-9999.0000	-9999.0000	-9999.0000	-9999.0000	22.7232	4	0	25.7227	1.0000	07	3	-9999.0000	10975	48530	-9999	2564	2440	-9999	607.3370	5	0.7038	0.7422	-0.0026	71.3692	2.8729	777.4700	309.7064	37.1906	701.2006	95.5358	765.0625	95.1843	776.2514	95.1184	785.9690	95.1623	
17/08/2017	01:19:11	019004	H375067235HLR	L375	S		740.9064	1.0233	19.1503	100.0293	39.9223	0.8230	0.8259	5.0000	20.1116	860.1330	94.7010	16.3212	25.6000	0.9300	0.9326	0.7440	-0.0027	860.0000	859.2285	1.0339	-4.6411	100.0423	39.6068	0.8230	0.8228	5.0000	-9999.0000	-9999.0000	-9999.0000	-9999.0000	-9999.0000	-9999.0000	20.9329	5	0	25.0528	1.0000	07	3	-9999.0000	10976	48531	-9999	2565	2441	-9999	601.8777	5	0.7039	0.7440	-0.0027	68.6810	3.0703	766.6096	301.5394	38.5087	690.1559	95.3820	753.2890	95.1403	765.3885	95.0964	774.7348	95.1403	
17/08/2017	01:19:40	019004	H375067225HLR	L375	S		749.1985	1.0233	16.4262	99.9745	39.8277	0.8230	0.8255	5.0000	21.3422	860.1310	94.7449	12.9419	25.6000	0.9300	0.9326	0.7424	-0.0026	860.0000	859.8330	1.0339	-4.6378	100.0352	39.7474	0.8230	0.8232	5.0000	-9999.0000	-9999.0000	-9999.0000	-9999.0000	-9999.0000	-9999.0000	21.1029	6	0	28.5332	1.0000	07	3	-9999.0000	10977	48532	-9999	2566	2442	-9999	609.7000	5	0.7037	0.7424	-0.0026	72.8315	2.7987	781.3232	302.1872	39.8487	704.5077	95.3161	768.8303	95.0744	780.2258	95.0525	789.7294	95.1184	
17/08/2017	01:20:08	019004	H375067206HLR	L375	S		744.9948	1.0233	17.8072	99.9658	39.8604	0.8230	0.8256	5.0000	21.4222	860.1162	94.9426	14.6208	25.4000	0.9300	0.9322	0.7397	-0.0024	860.0000	860.6399	1.0339	-4.6333	100.0020	39.8406	0.8230	0.8229	5.0000	-9999.0000	-9999.0000	-9999.0000	-9999.0000	-9999.0000	-9999.0000	23.9528	7	0	27.8333	1.0000	07	3	-9999.0000	10978	48533	-9999	2567	2443	-9999	605.8223	5	0.7039	0.7397	-0.0024	65.8975	3.2875	774.7559	221.1356	34.3129	691.3705	94.8328	761.9999	94.8328	773.6164	94.7449	782.5963	94.9207	
17/08/2017	01:20:37	019004	H375067218HLR	L375	S		743.4154	1.0233	18.3261	99.9999	39.6410	0.8230	0.8260	5.0000	20.1829	860.1635	94.8328	14.0211	25.4000	0.9300	0.9322	0.7386	-0.0023	860.0000	861.5775	1.0339	-4.6282	100.0029	39.6025	0.8230	0.8227	5.0000	-9999.0000	-9999.0000	-9999.0000	-9999.0000	-9999.0000	-9999.0000	24.5534	8	0	29.7933	1.0000	07	3	-9999.0000	10979	48534	-9999	2568	2444	-9999	607.1046	5	0.7038	0.7386	-0.0023	67.7994	3.1601	778.6651	298.1096	38.2231	695.5913	95.1184	766.4112	94.6351	777.4745	94.3935	787.4707	94.7230	
17/08/2017	01:21:05	019004	H375067205HLR	L375	S		749.2654	1.0233	16.4043	100.0037	39.6905	0.8230	0.8261	5.0000	20.0921	860.1167	94.7669	13.4820	25.5000	0.9300	0.9325	0.7384	-0.0023	860.0000	860.1364	1.0339	-4.6361	100.0280	39.7435	0.8230	0.8230	5.0000	-9999.0000	-9999.0000	-9999.0000	-9999.0000	-9999.0000	-9999.0000	22.6431	1	0	27.0529	1.0000	07	3	-9999.0000	10980	48535	-9999	2569	2445	-9999	608.1886	5	0.7036	0.7384	-0.0023	70.7834	2.9619	781.8003	300.6588	38.2670	703.2337	95.1403	769.9750	94.6790	780.6853	94.5692	789.9076	94.8108	
17/08/2017	01:21:33	019004	H375067215HLR	L375	S		743.1368	1.0233	18.4176	99.9790	39.8455	0.8230	0.8260	5.0000	20.6126	860.1248	95.0085	16.8320	25.5000	0.9300	0.9326	0.7400	-0.0024	860.0000	857.2861	1.0339	-4.6518	99.9423	39.8461	0.8230	0.8229	5.0000	-9999.0000	-9999.0000	-9999.0000	-9999.0000	-9999.0000	-9999.0000	23.8025	2	0	28.0129	1.0000	07	3	-9999.0000	10981	48536	-9999	2570	2446	-9999	601.3429	5	0.7039	0.7400	-0.0024	75.1168	2.6861	765.6457	295.6795	39.0139	687.4927	95.2721	754.0984	94.9866	764.8009	94.8767	772.3079	94.9646	
17/08/2017	01:22:01	019004	H375067213HLR	L375	S		741.8848	1.0233	18.8289	100.0784	39.7798	0.8230	0.8258	5.0000	20.2317	860.1198	94.7449	15.7518	25.6000	0.9300	0.9327	0.7388	-0.0024	860.0000	859.3331	1.0339	-4.6405	100.0357	39.6961	0.8230	0.8226	5.0000	-9999.0000	-9999.0000	-9999.0000	-9999.0000	-9999.0000	-9999.0000	22.2632	3	0	28.8939	1.0000	07	3	-9999.0000	10982	48537	-9999	2571	2447	-9999	603.5553	5	0.7037	0.7388	-0.0024	78.0882	2.5031	770.2898	303.9796	37.0369	689.7772	95.6676	758.7894	95.2282	769.2869	95.0964	778.2035	95.0525	
17/08/2017	01:22:29	019004	H375067204HLR	L375	S		741.6715	1.0233	18.8990	100.0295	39.6527	0.8230	0.8257	5.0000	21.0614	860.0952	94.7889	17.9922	25.5000	0.9300	0.9326	0.7399	-0.0024	860.0000	856.4614	1.0339	-4.6564	100.0166	39.8461	0.8230	0.8231	5.0000	-9999.0000	-9999.0000	-9999.0000	-9999.0000	-9999.0000	-9999.0000	25.6122	4	0	27.9326	1.0000	07	3	-9999.0000	10983	48538	-9999	2572	2448	-9999	598.6519	5	0.7040	0.7399	-0.0024	78.5870	2.4721	764.3440	297.1635	39.4313	687.2063	95.6236	753.0332	95.2721	762.9469	95.2062	771.9565	95.1184	
17/08/2017	01:22:56	019004	H375067214HLR	L375	S		742.8444	1.0233	18.5137	99.9590	39.8041	0.8230	0.8260	5.0000	20.4329	860.1283	94.8328	14.7917	25.5000	0.9300	0.9325	0.7401	-0.0025	860.0000	859.9728	1.0339	-4.6370	100.0660	39.8529	0.8230	0.8229	5.0000	-9999.0000	-9999.0000	-9999.0000	-9999.0000	-9999.0000	-9999.0000	23.5231	5	0	26.7932	1.0000	07	3	-9999.0000	10984	48539	-9999	2573	2449	-9999	605.3980	5	0.7041	0.7401	-0.0025	77.4837	2.5438	773.7804	299.9931	37.3005	693.9654	95.3380	760.8717	94.9426	772.5785	94.8548	781.8658	94.9646	
17/08/2017	01:23:24	019004	H375067222HLR	L375	S		741.7911	1.0233	18.8597	100.0759	39.8392	0.8230	0.8260	5.0000	20.0021	860.1514	94.7010	16.1717	25.5000	0.9300	0.9325	0.7355	-0.0021	860.0000	857.8750	1.0339	-4.6486	100.0190	39.8140	0.8230	0.8228	5.0000	-9999.0000	-9999.0000	-9999.0000	-9999.0000	-9999.0000	-9999.0000	21.3128	6	0	28.0626	1.0000	07	3	-9999.0000	10985	48540	-9999	2574	2450	-9999	603.0936	5	0.7042	0.7355	-0.0021	81.2414	2.2809	770.4258	296.7372	38.0693	692.1563	95.6456	758.8870	95.2062	769.4563	95.1623	777.5300	95.0964	
17/08/2017	01:23:54	019004	H375067212HLR	L375	S		744.3001	1.0233	18.0354	100.0888	39.6911	0.8230	0.8256	5.0000	21.0725	860.1406	94.6131	15.3318	25.5000	0.9300	0.9326	0.7340	-0.0020	860.0000	858.8958	1.0339	-4.6430	99.9500	39.8510	0.8230	0.8229	5.0000	-9999.0000	-9999.0000	-9999.0000	-9999.0000	-9999.0000	-9999.0000	21.3626	7	0	29.3539	1.0000	07	3	-9999.0000	10986	48541	-9999	2575	2451	-9999	604.6226	5	0.7039	0.7340	-0.0020	80.2240	2.3560	775.4233	292.0035	38.2231	677.4686	95.3820	763.6628	95.0085	774.2635	94.9646	782.9058	95.0085	
17/08/2017	01:24:23	019004	H375067233HLR	L375	S		744.9536	1.0233	17.8208	99.9803	39.7919	0.8230	0.8258	5.0000	21.3119	860.1035	94.5912	16.1815	25.5000	0.9300	0.9326	0.7314	-0.0019	860.0000	859.2659	1.0339	-4.6409	100.0135	39.8461	0.8230	0.8229	5.0000	-9999.0000	-9999.0000	-9999.0000	-9999.0000	-9999.0000	-9999.0000	26.1023	8	0	29.5034	1.0000	07	3	-9999.0000	10987	48542	-9999	2576	2452	-9999	603.4054	5	0.7036	0.7314	-0.0019	78.5920	2.4555	776.1286	295.7342	38.4428	695.5515	95.3820	763.8017	95.0744	775.0497	95.0525	783.4815	95.0744	
17/08/2017	01:24:51	019004	H375067231HLR	L375	S		743.3724	1.0233	18.3402	99.9996	39.9110	0.8230	0.8260	5.0000	20.0824	860.0908	94.5912	15.1921	25.5000	0.9300	0.9326	0.7315	-0.0018	860.0000	860.0905	1.0339	-4.6364	100.0402	39.8461	0.8230	0.8229	5.0000	-9999.0000	-9999.0000	-9999.0000	-9999.0000	-9999.0000	-9999.0000	26.0830	1	0	27.4229	1.0000	07	3	-9999.0000	10988	48543	-9999	2577	2453	-9999	605.0382	5	0.7037	0.7315	-0.0018	102.5478	0.8575	779.5861	303.7555	39.0578	699.1250	95.2721	767.0976	94.9866	778.5520	94.9866	787.2580	95.0305	
17/08/2017	01:25:15	019004	H375067211HLR	L375	S		742.7389	1.0233	18.5483	100.0697	39.7456	0.8230	0.8258	5.0000	20.1430	860.1122	94.5912	16.2821	25.5000	0.9300	0.9326	0.7311	-0.0018	860.0000	859.3452	1.0339	-4.6405	100.0231	39.8461	0.8230	0.8231	5.0000	-9999.0000	-9999.0000	-9999.0000	-9999.0000	-9999.0000	-9999.0000	24.1431	2	0	24.9422	1.0000	07	3	-9999.0000	10989	48544	-9999	2578	2454	-9999	603.4903	5	0.7037	0.7311	-0.0018	102.6688	0.8456	775.3538	293.7825	37.6080	695.1650	95.3820	763.6897	95.0305	774.3579	94.9866	782.0558	95.0305	
17/08/2017	01:25:45	019004	H375067242HLR	L375	S		742.6558	1.0233	18.5756	100.0595	39.7468	0.8230	0.8259	5.0000	20.8225	860.0831	94.5033	16.1415	25.5000	0.9300	0.9326	0.7306	-0.0018	860.0000	860.4118	1.0339	-4.6346	100.0281	39.9313	0.8230	0.8229	5.0000	-9999.0000	-9999.0000	-9999.0000	-9999.0000	-9999.0000	-9999.0000	20.9623	3	0	29.0834	1.0000	07	3	-9999.0000	10990	48545	-9999	2579	2455	-9999	603.8221	5	0.7038	0.7306	-0.0018	103.7588	0.7591	777.6073	306.5343	38.3769	698.5478	95.4698	766.4438	95.2721	776.5757	95.2502	784.5088	95.2062	
17/08/2017	01:26:13	019004	H375067965HLR	L375	S		748.5631	1.0233	16.6350	100.0627	39.9243	0.8230	0.8257	5.0000	21.4916	860.0783	94.6790	13.8912	25.6000	0.9300	0.9326	0.7308	-0.0018	860.0000	858.6797	1.0339	-4.6442	100.0196	39.8461	0.8230	0.8229	5.0000	-9999.0000	-9999.0000	-9999.0000	-9999.0000	-9999.0000	-9999.0000	25.8027	4	0	28.1731	1.0000	07	3	-9999.0000	10991	48546	-9999	2580	2456	-9999	607.3384	5	0.7038	0.7308	-0.0018	106.7689	0.5599	785.4582	302.9943	38.6844	705.0945	95.2502	774.0211	95.0085	784.4793	95.0085	792.4305	95.0964	
17/08/2017	01:26:41	019004	H375067973HLR	L375	S		746.5549	1.0233	17.2947	100.0578	39.8162	0.8230	0.8258	5.0000	20.0921	860.0574	94.5912	15.0720	25.7000	0.9300	0.9328	0.7307	-0.0018	860.0000	858.9107	1.0339	-4.6429	100.0239	39.8586	0.8230	0.8229	5.0000	-9999.0000	-9999.0000	-9999.0000	-9999.0000	-9999.0000	-9999.0000	24.7918	5	0	28.4035	1.0000	07	3	-9999.0000	10992	48547	-9999	2581	2457	-9999	605.4958	5	0.7038	0.7307	-0.0018	107.2463	0.5327	780.6130	312.3234	38.1572	709.9941	95.4479	769.4880	95.1403	779.6336	95.0964	788.1386	95.1184	
17/08/2017	01:27:08	019004	H375067997HLR	L375	S		748.6668	1.0233	16.6009	100.0004	39.7362	0.8230	0.8256	5.0000	21.6429	860.0837	94.6351	13.2320	25.6000	0.9300	0.9326	0.7318	-0.0018	860.0000	859.4542	1.0339	-4.6399	100.0848	39.9487	0.8230	0.8228	5.0000	-9999.0000	-9999.0000	-9999.0000	-9999.0000	-9999.0000	-9999.0000	24.1824	6	0	27.0225	1.0000	07	3	-9999.0000	10993	48548	-9999	2582	2458	-9999	608.5823	5	0.7037	0.7318	-0.0018	101.8357	0.8665	786.9700	307.4493	39.0798	713.0468	95.6017	775.1918	95.2941	785.9815	95.2502	794.7236	95.2062	
17/08/2017	01:27:35	019004	H375067998HLR	L375	S		742.1638	1.0233	18.7373	100.0646	39.9407	0.8230	0.8260	5.0000	20.4926	860.0751	94.7889	16.5614	25.5000	0.9300	0.9326	0.7295	-0.0017	860.0000	857.9145	1.0339	-4.6484	100.0228	39.8461	0.8230	0.8227	5.0000	-9999.0000	-9999.0000	-9999.0000	-9999.0000	-9999.0000	-9999.0000	23.6530	7	0	26.8233	1.0000	07	3	-9999.0000	10994	48549	-9999	2583	2459	-9999	603.3111	5	0.7033	0.7295	-0.0017	105.0268	0.6852	773.6207	300.6676	38.3549	697.8332	95.4479	762.8024	95.1403	772.6684	95.0964	780.2486	95.1403	
17/08/2017	01:28:04	019004	H375067996HLR	L375	S		747.0663	1.0233	17.1267	99.9764	39.9043	0.8230	0.8256	5.0000	21.0620	860.0916	94.7010	14.1510	25.6000	0.9300	0.9327	0.7311	-0.0018	860.0000	858.6832	1.0339	-4.6441	99.9591	39.9421	0.8230	0.8229	5.0000	-9999.0000	-9999.0000	-9999.0000	-9999.0000	-9999.0000	-9999.0000	22.2622	8	0	28.9038	1.0000	07	3	-9999.0000	10995	48550	-9999	2584	2460	-9999	607.1264	5	0.7037	0.7311	-0.0018	101.1721	0.9044	783.0732	303.2319	39.0798	708.0814	95.3380	771.8646	95.0744	782.1507	95.0964	790.2701	95.1184	
17/08/2017	01:28:31	019004	H375067985HLR	L375	S		742.0154	1.0233	18.7860	100.0543	39.8140	0.8230	0.8259	5.0000	20.0022	860.1089	94.7889	16.7714	25.6000	0.9300	0.9327	0.7291	-0.0017	860.0000	858.4306	1.0339	-4.6455	100.0945	39.9868	0.8230	0.8229	5.0000	-9999.0000	-9999.0000	-9999.0000	-9999.0000	-9999.0000	-9999.0000	21.2729	1	0	26.8221	1.0000	07	3	-9999.0000	10996	48551	-9999	2585	2461	-9999	603.1953	5	0.7034	0.7291	-0.0017	106.2550	0.5775	774.9721	306.3562	38.6624	700.5088	95.5577	764.6104	95.2282	774.0041	95.2062	781.6597	95.1843	
17/08/2017	01:28:59	019004	H375067986HLR	L375	S		747.2713	1.0233	17.0594	100.0067	39.8461	0.8230	0.8261	5.0000	20.0022	860.1417	94.7669	14.0514	25.6000	0.9300	0.9327	0.7313	-0.0018	860.0000	859.1688	1.0339	-4.6415	100.0578	39.9008	0.8230	0.8229	5.0000	-9999.0000	-9999.0000	-9999.0000	-9999.0000	-9999.0000	-9999.0000	23.5588	2	0	28.7835	1.0000	07	3	-9999.0000	10997	48552	-9999	2586	2462	-9999	607.4197	5	0.7037	0.7313	-0.0018	99.9153	0.9673	784.6303	306.6812	38.4428	708.6045	95.2941	772.1520	95.0085	783.5218	94.9646	792.0432	95.0744	
17/08/2017	01:29:27	019004	H375067957HLR	L375	S		748.5314	1.0233	16.6454	99.9835	39.9249	0.8230	0.8258	5.0000	20.9427	860.1020	94.6571	15.1814	25.6000	0.9300	0.9327	0.7318	-0.0018	860.0000	859.9997	1.0339	-4.6369	100.1066	39.9061	0.8230	0.8229	5.0000	-9999.0000	-9999.0000	-9999.0000	-9999.0000	-9999.0000	-9999.0000	20.9622	3	0	27.3537	1.0000	07	3	-9999.0000	10998	48553	-9999	2587	2463	-9999	605.7829	5	0.7036	0.7318	-0.0018	95.0240	1.2628	781.4581	302.0644	38.3769	708.0173	95.4479	770.4927	95.0964	780.5795	95.0964	788.6296	95.1184	
17/08/2017	01:29:55	019004	H375067971HLR	L375	S		740.4143	1.0233	19.3120	100.0464	39.8435	0.8230	0.8259	5.0000	19.9417	860.1206	94.6571	17.1718	25.5000	0.9300	0.9326	0.7333	-0.0019	860.0000	858.4375	1.0339	-4.6455	99.9718	39.9487	0.8230	0.8232	5.0000	-9999.0000	-9999.0000	-9999.0000	-9999.0000	-9999.0000	-9999.0000	23.7331	4	0	27.7628	1.0000	07	3	-9999.0000	10999	48554	-9999	2588	2464	-9999	602.6255	5	0.7036	0.7333	-0.0019	95.8018	1.2127	768.9046	307.2865	36.9929	694.2104	95.6017	758.2065	95.2502	767.9618	95.2062	775.3509	95.1843	
17/08/2017	01:30:22	019004	H375067981HLR	L375	S		747.2379	1.0233	17.0703	100.0847	39.8461	0.8230	0.8260	5.0000	20.0824	860.1149	94.8108	14.3512	25.6000	0.9300	0.9326	0.7323	-0.0018	860.0000	858.2932	1.0339	-4.6463	99.9808	39.9487	0.8230	0.8229	5.0000	-9999.0000	-9999.0000	-9999.0000	-9999.0000	-9999.0000	-9999.0000	24.4020	5	0	27.0130	1.0000	07	3	-9999.0000	11000	48555	-9999	2589	2465	-9999	607.2393	5	0.7037	0.7323	-0.0018	92.0830	1.4633	781.3849	304.9411	37.4103	706.0568	95.2062	770.0016	94.8767	780.4374	94.8548	788.7616	95.0085	
17/08/2017	01:30:50	019004	H375067993HLR	L375	S		742.6016	1.0233	18.5934	99.9718	39.9376	0.8230	0.8261	5.0000	20.0025	860.0625	94.8108	17.0517	25.6000	0.9300	0.9326	0.7331	-0.0019	860.0000	858.6818	1.0339	-4.6441	100.0420	39.9487	0.8230	0.8228	5.0000	-9999.0000	-9999.0000	-9999.0000	-9999.0000	-9999.0000	-9999.0000	23.7623	6	0	28.7433	1.0000	07	3	-9999.0000	11001	48556	-9999	2590	2466	-9999	602.9448	5	0.7040	0.7331	-0.0019	89.7319	1.5995	771.1597	306.8124	38.3549	694.3143	95.7115	760.0043	95.3600	770.1422	95.3380	778.0037	95.2282	
17/08/2017	01:31:16	019004	H375067956HLR	L375	S		745.4871	1.0233	17.6455	99.9868	39.8447	0.8230	0.8257	5.0000	20.7014	860.1342	94.6571	15.6922	25.6000	0.9300	0.9326	0.7325	-0.0018	860.0000	858.8637	1.0339	-4.6431	99.9643	39.9487	0.8230	0.8228	5.0000	-9999.0000	-9999.0000	-9999.0000	-9999.0000	-9999.0000	-9999.0000	25.1726	7	0	25.2529	1.0000	07	3	-9999.0000	11002	48557	-9999	2591	2467	-9999	605.2563	5	0.7044	0.7325	-0.0018	85.3801	1.8773	778.1722	307.0003	38.8821	701.2899	95.3380	766.5065	95.0744	777.2691	95.0305	784.8850	95.0964	
17/08/2017	01:31:42	019004	H375068009HLR	L375	S		751.1954	1.0233	15.7702	99.9955	39.8764	0.8230	0.8261	5.0000	19.8723	860.1152	94.6790	13.7916	25.6000	0.9300	0.9326	0.7311	-0.0017	860.0000	861.1065	1.0339	-4.6308	100.0407	39.9526	0.8230	0.8228	5.0000	-9999.0000	-9999.0000	-9999.0000	-9999.0000	-9999.0000	-9999.0000	21.9720	8	0	26.9534	1.0000	07	3	-9999.0000	11003	48558	-9999	2592	2468	-9999	608.2510	5	0.7042	0.7311	-0.0017	83.9028	1.9674	787.7310	304.6182	39.6510	710.8048	95.3600	776.0900	95.0305	786.4761	95.0305	795.2910	95.0744	
17/08/2017	01:32:10	019004	H375068005HLR	L375	S		746.5956	1.0233	17.2814	100.0321	39.9102	0.8230	0.8258	5.0000	20.9526	860.1242	94.6790	14.3122	25.6000	0.9300	0.9327	0.7321	-0.0018	860.0000	859.0719	1.0339	-4.6420	100.1112	39.9599	0.8230	0.8229	5.0000	-9999.0000	-9999.0000	-9999.0000	-9999.0000	-9999.0000	-9999.0000	22.1127	1	0	27.2128	1.0000	07	3	-9999.0000	11004	48559	-9999	2593	2469	-9999	607.6113	5	0.7045	0.7321	-0.0018	83.1999	2.0065	781.8556	300.5471	38.2451	706.3809	95.4259	770.3415	95.1184	780.7955	95.1184	788.8909	95.1184	
17/08/2017	01:32:36	019004	H375067967HLR	L375	S		744.2691	1.0233	18.0456	100.0124	39.8201	0.8230	0.8255	5.0000	21.8628	860.0865	94.7449	17.0419	25.5000	0.9300	0.9326	0.7310	-0.0017	860.0000	861.0983	1.0339	-4.6308	100.0593	39.9780	0.8230	0.8229	5.0000	-9999.0000	-9999.0000	-9999.0000	-9999.0000	-9999.0000	-9999.0000	21.6422	2	0	26.7726	1.0000	07	3	-9999.0000	11005	48560	-9999	2594	2470	-9999	603.5603	5	0.7044	0.7310	-0.0017	84.5382	1.9083	778.0615	308.3634	38.9919	703.0289	95.3820	767.0368	95.1843	777.1597	95.1843	784.4688	95.1843	
17/08/2017	01:33:03	019004	H375068003HLR	L375	S		749.1004	1.0233	16.4585	100.0656	39.8662	0.8230	0.8256	5.0000	21.9232	860.0618	94.8548	13.6119	25.5000	0.9300	0.9326	0.7296	-0.0016	860.0000	858.5558	1.0339	-4.6448	100.0273	39.9845	0.8230	0.8229	5.0000	-9999.0000	-9999.0000	-9999.0000	-9999.0000	-9999.0000	-9999.0000	21.6322	3	0	26.2626	1.0000	07	3	-9999.0000	11006	48561	-9999	2595	2470	-9999	608.7142	5	0.7046	0.7296	-0.0016	84.1290	1.9348	789.2150	307.6426	38.2670	716.5021	95.0525	780.1298	94.7669	788.3825	94.7669	796.2247	94.9866	
17/08/2017	01:33:29	019004	H375067955HLR	L375	S		743.1855	1.0233	18.4016	100.0223	39.9487	0.8230	0.8260	5.0000	20.1321	860.0741	94.8108	15.2419	25.5000	0.9300	0.9327	0.7289	-0.0016	860.0000	860.0746	1.0339	-4.6365	100.0173	39.9642	0.8230	0.8229	5.0000	-9999.0000	-9999.0000	-9999.0000	-9999.0000	-9999.0000	-9999.0000	21.7621	4	0	26.6330	1.0000	07	3	-9999.0000	11007	48562	-9999	2596	2471	-9999	606.4141	5	0.7048	0.7289	-0.0016	83.0824	1.9864	781.6840	312.9804	37.5421	708.8050	95.5358	770.8622	95.1843	780.7730	95.1623	788.4261	95.1403	
17/08/2017	01:33:59	019004	H375068015HLR	L375	S		743.5642	1.0233	18.2772	100.0235	39.9010	0.8230	0.8258	5.0000	20.4827	860.1170	94.6571	15.4910	25.5000	0.9300	0.9326	0.7291	-0.0016	860.0000	862.1785	1.0339	-4.6248	100.0310	39.9714	0.8230	0.8230	5.0000	-9999.0000	-9999.0000	-9999.0000	-9999.0000	-9999.0000	-9999.0000	21.7125	5	0	29.2034	1.0000	07	3	-9999.0000	11008	48563	-9999	2597	2472	-9999	606.2171	5	0.7051	0.7291	-0.0016	84.7256	1.8765	781.3407	318.3063	40.6395	710.4580	95.3380	770.1846	94.9426	780.3706	94.9426	788.1206	95.0525	
17/08/2017	01:34:27	019004	H375068014HLR	L375	S		747.2718	1.0233	17.0592	100.0071	39.8926	0.8230	0.8260	5.0000	20.0520	860.1065	94.5912	15.0515	25.5000	0.9300	0.9327	0.7296	-0.0016	860.0000	860.7587	1.0339	-4.6327	99.9928	39.9487	0.8230	0.8229	5.0000	-9999.0000	-9999.0000	-9999.0000	-9999.0000	-9999.0000	-9999.0000	25.9423	6	0	28.7337	1.0000	07	3	-9999.0000	11009	48564	-9999	2598	2472	-9999	606.7787	5	0.7050	0.7296	-0.0016	85.1766	1.8417	783.1725	320.7337	39.0798	714.3223	95.3161	771.9901	94.9866	782.1548	94.9646	790.1131	95.0744	
17/08/2017	01:34:55	019004	H375068019HLR	L375	S		745.1928	1.0233	17.7422	100.0531	39.9229	0.8230	0.8260	5.0000	19.9925	860.1337	94.5472	14.6813	25.5000	0.9300	0.9327	0.7312	-0.0017	860.0000	859.0985	1.0339	-4.6418	100.0417	39.9487	0.8230	0.8228	5.0000	-9999.0000	-9999.0000	-9999.0000	-9999.0000	-9999.0000	-9999.0000	25.3534	7	0	27.3332	1.0000	07	3	-9999.0000	11010	48565	-9999	2599	2473	-9999	607.4044	5	0.7052	0.7312	-0.0017	84.9126	1.8583	779.0666	307.4368	36.7513	704.5130	95.2502	767.1723	95.0525	777.8427	95.0305	786.7432	95.0964	
17/08/2017	01:35:24	019004	H375068022HLR	L375	S		745.1719	1.0233	17.7491	99.9958	39.9139	0.8230	0.8260	5.0000	20.0716	860.0946	94.5253	14.8816	25.5000	0.9300	0.9327	0.7311	-0.0017	860.0000	858.8948	1.0339	-4.6430	100.0405	39.9487	0.8230	0.8228	5.0000	-9999.0000	-9999.0000	-9999.0000	-9999.0000	-9999.0000	-9999.0000	23.9324	8	0	29.4633	1.0000	07	3	-9999.0000	11011	48566	-9999	2600	2474	-9999	607.1159	5	0.7052	0.7311	-0.0017	85.1699	1.8519	779.2844	304.1886	37.0808	702.0405	95.2062	767.8583	94.9426	778.2670	94.9207	786.3491	95.0525	
17/08/2017	01:35:54	019004	H375068023HLR	L375	S		741.6773	1.0233	18.8971	99.9697	39.9247	0.8230	0.8260	5.0000	20.1918	860.1592	94.7230	17.1015	25.5000	0.9300	0.9328	0.7323	-0.0018	860.0000	859.8263	1.0339	-4.6378	99.9877	39.9487	0.8230	0.8229	5.0000	-9999.0000	-9999.0000	-9999.0000	-9999.0000	-9999.0000	-9999.0000	26.0331	1	0	29.9924	1.0000	07	3	-9999.0000	11012	48567	-9999	2601	2475	-9999	603.7906	5	0.7048	0.7323	-0.0018	83.4499	1.9595	771.6371	299.5107	38.5526	693.0055	95.3820	760.9767	95.1623	770.6526	95.1623	778.1869	95.1843	
17/08/2017	01:36:23	019004	H375068027HLR	L375	S		749.7082	1.0233	16.2588	100.0217	39.9030	0.8230	0.8257	5.0000	21.3120	860.1559	94.8328	14.0719	25.6000	0.9300	0.9327	0.7326	-0.0018	860.0000	859.9381	1.0339	-4.6372	100.0345	39.9487	0.8230	0.8228	5.0000	-9999.0000	-9999.0000	-9999.0000	-9999.0000	-9999.0000	-9999.0000	26.6935	2	0	28.9438	1.0000	07	3	-9999.0000	11013	48568	-9999	2602	2476	-9999	608.3473	5	0.7049	0.7326	-0.0018	83.4373	1.9696	783.4810	301.9953	36.7732	704.6101	95.0964	772.4792	94.7669	782.3146	94.7449	791.0445	94.9866	
17/08/2017	01:36:50	019004	H375068030HLR	L375	S		742.9677	1.0233	18.4731	99.9829	39.8940	0.8230	0.8255	5.0000	22.1733	860.1216	94.8108	15.6717	25.6000	0.9300	0.9328	0.7333	-0.0018	860.0000	859.7622	1.0339	-4.6382	99.9619	39.9487	0.8230	0.8228	5.0000	-9999.0000	-9999.0000	-9999.0000	-9999.0000	-9999.0000	-9999.0000	24.3824	3	0	27.1535	1.0000	07	3	-9999.0000	11014	48569	-9999	2603	2477	-9999	605.8869	5	0.7049	0.7333	-0.0018	83.9441	1.9427	777.9525	299.7258	39.1677	696.3289	95.5577	766.4351	95.2282	776.8956	95.2062	785.4617	95.1843	
17/08/2017	01:37:17	019004	H375068031HLR	L375	S		745.2154	1.0233	17.7348	100.1602	39.9317	0.8230	0.8260	5.0000	20.0920	860.1200	94.6131	16.1620	25.6000	0.9300	0.9328	0.7346	-0.0019	860.0000	860.5847	1.0339	-4.6336	100.0162	40.0029	0.8230	0.8229	5.0000	-9999.0000	-9999.0000	-9999.0000	-9999.0000	-9999.0000	-9999.0000	20.9916	4	0	26.3828	1.0000	07	3	-9999.0000	11015	48570	-9999	2604	2478	-9999	605.0894	5	0.7052	0.7346	-0.0019	83.8145	1.9660	776.2132	299.1118	38.4428	700.3774	95.4039	765.5248	95.0744	775.2752	95.0525	782.6172	95.1184	
17/08/2017	01:37:45	019004	H375068035HLR	L375	S		743.2383	1.0233	18.3843	99.9921	39.9186	0.8230	0.8256	5.0000	21.3930	860.0906	94.5912	15.7723	25.6000	0.9300	0.9327	0.7357	-0.0020	860.0000	859.6471	1.0339	-4.6388	100.0367	40.0631	0.8230	0.8230	5.0000	-9999.0000	-9999.0000	-9999.0000	-9999.0000	-9999.0000	-9999.0000	20.5323	5	0	28.2325	1.0000	07	3	-9999.0000	11016	48571	-9999	2605	2479	-9999	605.9312	5	0.7049	0.7357	-0.0020	82.3047	2.0629	773.1942	304.9764	38.5965	696.6358	95.4698	759.6080	95.0964	772.0605	95.0964	780.2843	95.1403	
17/08/2017	01:38:12	019004	H375068025HLR	L375	S		739.9007	1.0233	19.4807	100.0438	39.9174	0.8230	0.8260	5.0000	20.1429	860.0651	94.5912	17.2617	25.6000	0.9300	0.9327	0.7353	-0.0020	860.0000	859.5502	1.0339	-4.6393	99.9652	40.0512	0.8230	0.8229	5.0000	-9999.0000	-9999.0000	-9999.0000	-9999.0000	-9999.0000	-9999.0000	24.9627	6	0	27.0030	1.0000	07	3	-9999.0000	11017	48572	-9999	2606	2480	-9999	603.4411	5	0.7051	0.7353	-0.0020	81.4928	2.1178	767.6982	302.8910	37.9155	692.8981	95.6017	756.7703	95.3380	766.7291	95.3380	774.2424	95.2282	
17/08/2017	01:38:41	019004	H375068037HLR	L375	S		742.8933	1.0233	18.4976	100.0462	39.9135	0.8230	0.8258	5.0000	20.9318	860.0835	94.7230	15.5017	25.5000	0.9300	0.9327	0.7356	-0.0020	860.0000	859.9502	1.0339	-4.6371	100.0609	40.0512	0.8230	0.8229	5.0000	-9999.0000	-9999.0000	-9999.0000	-9999.0000	-9999.0000	-9999.0000	23.6422	7	0	28.8833	1.0000	07	3	-9999.0000	11018	48573	-9999	2607	2481	-9999	606.3223	5	0.7053	0.7356	-0.0020	80.9307	2.1690	775.3148	312.5608	40.0244	699.9125	95.2062	763.5576	94.9207	774.1534	94.8987	782.8022	95.0305	
17/08/2017	01:39:08	019004	H375068039HLR	L375	S		748.4509	1.0233	16.6718	100.0566	39.9116	0.8230	0.8258	5.0000	20.7015	860.1449	94.6131	14.6423	25.5000	0.9300	0.9327	0.7351	-0.0020	860.0000	860.3891	1.0339	-4.6347	99.9994	40.0805	0.8230	0.8230	5.0000	-9999.0000	-9999.0000	-9999.0000	-9999.0000	-9999.0000	-9999.0000	20.7923	8	0	27.4932	1.0000	07	3	-9999.0000	11018	48574	-9999	2608	2482	-9999	607.7501	5	0.7050	0.7351	-0.0020	82.3448	2.0794	780.9844	323.4990	38.7723	711.7210	95.5358	769.7424	95.1403	780.0229	95.1184	787.9067	95.1403	
17/08/2017	01:39:36	019004	H375068046HLR	L375	S		745.8640	1.0233	17.5217	100.0967	39.9317	0.8230	0.8260	5.0000	20.1026	860.1454	94.5912	14.4421	25.5000	0.9300	0.9327	0.7356	-0.0020	860.0000	860.5700	1.0339	-4.6337	100.0513	40.0512	0.8230	0.8229	5.0000	-9999.0000	-9999.0000	-9999.0000	-9999.0000	-9999.0000	-9999.0000	24.1129	1	0	27.4835	1.0000	07	3	-9999.0000	11019	48575	-9999	2609	2483	-9999	608.1023	5	0.7052	0.7356	-0.0020	78.7331	2.3322	779.0490	311.7907	38.7503	710.8529	95.3161	768.2317	95.0305	778.1388	95.0085	786.4139	95.0744	
17/08/2017	01:40:04	019004	H375068043HLR	L375	S		748.6693	1.0233	16.6001	100.0377	39.9458	0.8230	0.8260	5.0000	20.0824	860.1708	94.5692	14.1324	25.5000	0.9300	0.9327	0.7344	-0.0019	860.0000	860.1296	1.0339	-4.6362	99.9672	40.0512	0.8230	0.8228	5.0000	-9999.0000	-9999.0000	-9999.0000	-9999.0000	-9999.0000	-9999.0000	24.2126	2	0	28.8832	1.0000	07	3	-9999.0000	11020	48576	-9999	2610	2484	-9999	608.6242	5	0.7050	0.7344	-0.0019	77.2719	2.4404	781.8060	318.4399	40.9251	714.3166	95.1184	770.3433	94.9207	780.7742	94.9426	788.7678	95.0525	
17/08/2017	01:40:31	019004	H375064815HLR	L375	S		742.6549	1.0233	18.5759	100.0190	39.9417	0.8230	0.8259	5.0000	20.2121	860.1318	94.8108	17.2519	25.5000	0.9300	0.9327	0.7358	-0.0020	860.0000	859.3558	1.0339	-4.6404	100.0424	40.0512	0.8230	0.8228	5.0000	-9999.0000	-9999.0000	-9999.0000	-9999.0000	-9999.0000	-9999.0000	24.3923	3	0	26.4424	1.0000	07	3	-9999.0000	11021	48577	-9999	2611	2485	-9999	603.3541	5	0.7049	0.7358	-0.0020	79.1322	2.3346	768.6835	312.3031	40.3100	701.8410	95.4039	757.8421	95.2502	767.6961	95.2282	775.6946	95.1843	
17/08/2017	01:40:59	019004	H375068050HLR	L375	S		746.4943	1.0233	17.3146	99.9216	39.8889	0.8230	0.8256	5.0000	21.4018	860.0996	94.7449	15.3220	25.5000	0.9300	0.9327	0.7356	-0.0020	860.0000	859.5039	1.0339	-4.6396	100.0251	40.0838	0.8230	0.8229	5.0000	-9999.0000	-9999.0000	-9999.0000	-9999.0000	-9999.0000	-9999.0000	21.0022	4	0	27.7237	1.0000	07	3	-9999.0000	11021	48578	-9999	2612	2486	-9999	606.6361	5	0.7048	0.7356	-0.0020	77.9104	2.4075	775.9044	320.6066	40.7054	708.6874	95.2282	764.7691	94.9866	774.9473	94.9866	782.6645	95.0964	
17/08/2017	01:41:28	019004	H375064807HLR	L375	S		747.9495	1.0233	16.8366	99.9809	39.9423	0.8230	0.8260	5.0000	20.1515	860.1302	94.6351	14.4215	25.5000	0.9300	0.9327	0.7335	-0.0018	860.0000	862.3709	1.0339	-4.6238	100.0698	40.0674	0.8230	0.8229	5.0000	-9999.0000	-9999.0000	-9999.0000	-9999.0000	-9999.0000	-9999.0000	21.7622	5	0	29.7025	1.0000	07	3	-9999.0000	11022	48579	-9999	2613	2486	-9999	608.1646	5	0.7052	0.7335	-0.0018	76.3941	2.5253	784.1545	314.0178	38.0254	710.5504	95.4039	772.7853	95.0085	783.2092	94.9646	791.5879	95.0525	
17/08/2017	01:41:58	019004	H375064811HLR	L375	S		738.7032	1.0233	19.8741	100.0024	39.9409	0.8230	0.8258	5.0000	20.7630	860.1129	94.7449	17.1318	25.5000	0.9300	0.9326	0.7324	-0.0018	860.0000	859.7719	1.0339	-4.6381	100.0081	40.0512	0.8230	0.8229	5.0000	-9999.0000	-9999.0000	-9999.0000	-9999.0000	-9999.0000	-9999.0000	23.7926	6	0	29.9438	1.0000	07	3	-9999.0000	11023	48580	-9999	2614	2487	-9999	603.9741	5	0.7051	0.7324	-0.0018	78.2779	2.4060	769.3061	303.9500	39.0578	692.9294	95.2941	758.1662	94.9646	768.3027	94.9646	776.1669	95.0525	
17/08/2017	01:42:25	019004	H375064813HLR	L375	S		746.6325	1.0233	17.2692	99.9458	39.9235	0.8230	0.8259	5.0000	20.1917	860.1507	94.7010	14.8112	25.5000	0.9300	0.9327	0.7321	-0.0017	860.0000	858.5774	1.0339	-4.6447	100.0077	40.0512	0.8230	0.8229	5.0000	-9999.0000	-9999.0000	-9999.0000	-9999.0000	-9999.0000	-9999.0000	26.5927	7	0	26.5332	1.0000	07	3	-9999.0000	11024	48581	-9999	2615	2488	-9999	607.5892	5	0.7049	0.7321	-0.0017	82.2023	2.1298	780.3055	306.4701	39.8047	703.6492	95.4039	768.5027	95.1403	779.2723	95.1184	787.0912	95.1623	
17/08/2017	01:42:53	019004	H375064814HLR	L375	S		741.9661	1.0233	18.8022	100.0077	39.9243	0.8230	0.8257	5.0000	21.3528	860.1226	94.6790	16.0321	25.5000	0.9300	0.9327	0.7323	-0.0018	860.0000	861.6270	1.0339	-4.6279	100.0531	40.0699	0.8230	0.8229	5.0000	-9999.0000	-9999.0000	-9999.0000	-9999.0000	-9999.0000	-9999.0000	21.8031	8	0	27.9729	1.0000	07	3	-9999.0000	11025	48582	-9999	2616	2489	-9999	605.7416	5	0.7051	0.7323	-0.0018	81.7503	2.1393	777.4942	306.0140	38.2890	700.6752	95.4479	766.1198	95.0525	776.4507	95.0085	784.5615	95.0964	
17/08/2017	01:43:20	019004	H375064801HLR	L375	S		742.7359	1.0233	18.5493	99.9677	39.9077	0.8230	0.8258	5.0000	21.0121	860.1030	94.6351	18.0323	25.4000	0.9300	0.9327	0.7325	-0.0018	860.0000	860.9893	1.0339	-4.6314	100.0031	40.0801	0.8230	0.8229	5.0000	-9999.0000	-9999.0000	-9999.0000	-9999.0000	-9999.0000	-9999.0000	21.4719	1	0	26.9434	1.0000	07	3	-9999.0000	11026	48583	-9999	2617	2490	-9999	602.7145	5	0.7051	0.7325	-0.0018	83.9223	2.0090	771.1226	304.1382	38.9700	697.0731	95.3600	761.2652	95.0744	770.2555	95.0744	777.8399	95.1184	
17/08/2017	01:43:46	019004	H375064796HLR	L375	S		741.8405	1.0233	18.8434	99.9038	39.9286	0.8230	0.8257	5.0000	21.4028	860.1036	94.6131	17.7217	25.5000	0.9300	0.9327	0.7317	-0.0017	860.0000	860.2657	1.0339	-4.6354	100.0411	40.0901	0.8230	0.8229	5.0000	-9999.0000	-9999.0000	-9999.0000	-9999.0000	-9999.0000	-9999.0000	21.6723	2	0	26.3624	1.0000	07	3	-9999.0000	11027	48584	-9999	2618	2491	-9999	603.2710	5	0.7048	0.7317	-0.0017	80.1220	2.2621	770.3437	308.9474	39.1896	697.6372	95.2282	760.5154	94.9207	769.3678	94.9207	776.8967	95.0744	
17/08/2017	01:44:12	019004	H375069173HLR	L375	S		748.5165	1.0233	16.6503	100.0144	39.9487	0.8230	0.8260	5.0000	20.0217	860.0966	94.7449	14.8610	25.5000	0.9300	0.9327	0.7314	-0.0017	860.0000	860.3706	1.0339	-4.6348	100.0049	40.0977	0.8230	0.8230	5.0000	-9999.0000	-9999.0000	-9999.0000	-9999.0000	-9999.0000	-9999.0000	21.0606	3	0	26.3233	1.0000	07	3	-9999.0000	11028	48585	-9999	2619	2492	-9999	607.4346	5	0.7049	0.7314	-0.0017	78.7843	2.3402	779.9243	306.1479	39.6949	707.9441	95.1843	769.0971	94.8328	779.0364	94.8108	787.3977	95.0085	
17/08/2017	01:44:42	019004	H375069042HLR	L375	S		745.8060	1.0233	17.5407	99.9786	39.9114	0.8230	0.8257	5.0000	20.8431	860.1206	94.6571	16.2421	25.5000	0.9300	0.9327	0.7314	-0.0017	860.0000	861.2384	1.0339	-4.6300	99.9763	40.0586	0.8230	0.8229	5.0000	-9999.0000	-9999.0000	-9999.0000	-9999.0000	-9999.0000	-9999.0000	22.8533	4	0	29.0832	1.0000	07	3	-9999.0000	11029	48586	-9999	2620	2493	-9999	605.4083	5	0.7049	0.7314	-0.0017	76.4059	2.5117	778.9923	311.2739	37.9375	704.1000	95.6676	768.8846	95.2721	778.0343	95.2062	785.7198	95.2062	
