Data	Timp	Nr. masina	Nr. de serie	Tip	Productie	Comentariu	Pre-masurare Q [ml/min]	Pre-masurare Gain	Pre-masurare Offset Master	Pre-masurare P [bar]	Pre-masurare T [°C]	Pre-masurare Densitate fixa [kg/l]	Pre-masurare densitate masurata [kg/l]	Pre-masurare Timp masurare [s]	Pre-masurare Cycle time [s]	rectificare Q Oprire [ml/min]	rectificare P Oprire [bar]	rectificare Timp rectificare [s]	rectificare T [°C]	rectificare Densitate fixa [kg/l]	rectificare densitate masurata [kg/l]	rectificare Factor de masurare la rectificare	rectificare Factor de corectie a debitului	rectificare Target rectificare	Masurare Q [ml/min]	Masurare Gain	Masurare Offset Master	Masurare P [bar]	Masurare T [°C]	Masurare Densitate fixa [kg/l]	Masurare densitate masurata [kg/l]	Masurare Timp masurare [s]	Masurare Q [ml/min]	Masurare Delta Q [ml/min]	Masurare P [bar]	Masurare BP [bar]	Masurare T [°C]	Masurare Timp masurare [s]	Masurare Cycle time [s]	Nest Nr.	Cod de descarcare	Cycle time [s]	Traceability aktiv	EDM Maschine Nr	EDM Spindle Nr	Honing Rate [r	Station Counter Premeasure	Station Counter Grind	Station Counter Blowout 1	Station Counter Wash	Station Counter Measure	Station Counter Blowout 2	RealGrindQStop	Reg Type	Factor 0	Factor 1	Factor 2	Factor 3	Factor 4	G_StartQV	G_StartQV_1	G_StartQV_2	G_StartQV_3	G_StartQV_4	G_StartQV_5	
10/08/2017	00:00:17	019004	H421033294HLR	L421	S		699.6462	1.0233	17.6431	99.9902	39.9487	0.8230	0.8255	5.0000	20.0218	815.1284	94.8328	14.3512	25.8000	0.9300	0.9367	0.7182	-0.0013	815.0000	814.2972	1.0339	-2.4879	100.0639	40.0099	0.8230	0.8227	5.0000	-9999.0000	-9999.0000	-9999.0000	-9999.0000	-9999.0000	-9999.0000	21.7827	2	0	27.1925	1.0000	99	9	-9999.0000	51799	35869	-9999	80	80	-9999	569.7855	5	0.6994	0.7182	-0.0013	59.7348	3.7814	682.3568	377.0947	36.0483	661.4708	95.3820	724.5089	94.5692	735.8094	94.7889	745.4447	94.8328	
10/08/2017	00:01:12	019004	H421033299HLR	L421	S		705.5986	1.0233	19.5102	99.9852	39.9487	0.8230	0.8256	5.0000	19.9417	815.0644	94.8987	15.9422	25.8000	0.9300	0.9367	0.7157	-0.0012	815.0000	814.4740	1.0339	-2.4930	100.0301	39.8572	0.8230	0.8227	5.0000	-9999.0000	-9999.0000	-9999.0000	-9999.0000	-9999.0000	-9999.0000	22.8620	4	0	28.1027	1.0000	99	9	-9999.0000	51801	35870	-9999	82	81	-9999	568.4917	5	0.6994	0.7157	-0.0012	48.0833	4.6610	682.7283	371.5134	37.5201	661.9464	95.0964	725.6661	94.6351	735.8610	94.8548	743.6258	94.8767	
10/08/2017	00:01:40	019004	H421026730HLR	L421	S		719.5788	1.0233	23.8955	100.0107	39.9487	0.8230	0.8254	5.0000	20.4124	815.0855	94.7889	11.6410	25.8000	0.9300	0.9366	0.7161	-0.0012	815.0000	816.7933	1.0339	-2.5592	100.0213	39.9487	0.8230	0.8230	5.0000	-9999.0000	-9999.0000	-9999.0000	-9999.0000	-9999.0000	-9999.0000	20.9827	5	0	27.8128	1.0000	99	9	-9999.0000	51802	35871	-9999	82	82	-9999	572.6987	5	0.6994	0.7161	-0.0012	47.8118	4.6798	699.2195	373.7004	36.5316	677.0251	95.0085	745.3049	94.4594	755.6698	94.7889	763.8897	94.8548	
10/08/2017	00:02:07	019004	H421033280HLR	L421	S		702.4880	1.0233	18.5345	99.9751	39.9241	0.8230	0.8254	5.0000	20.7121	815.1365	94.8767	13.3814	25.7000	0.9300	0.9365	0.7183	-0.0013	815.0000	815.3771	1.0339	-2.5188	100.0237	40.1073	0.8230	0.8229	5.0000	-9999.0000	-9999.0000	-9999.0000	-9999.0000	-9999.0000	-9999.0000	20.9623	6	0	27.1632	1.0000	99	9	-9999.0000	51803	35872	-9999	83	83	-9999	571.2764	5	0.6995	0.7183	-0.0013	46.1896	4.7723	681.4411	368.6968	36.7293	659.7344	95.3380	729.7659	94.5253	742.1014	94.7669	750.6286	94.8987	
10/08/2017	00:02:32	019004	H421033271HLR	L421	S		704.2248	1.0233	19.0793	99.9276	39.9409	0.8230	0.8255	5.0000	20.1028	815.1461	94.7010	13.2407	25.7000	0.9300	0.9365	0.7183	-0.0013	815.0000	815.6099	1.0339	-2.5254	100.0237	40.0396	0.8230	0.8228	5.0000	-9999.0000	-9999.0000	-9999.0000	-9999.0000	-9999.0000	-9999.0000	20.7123	7	0	25.4227	1.0000	99	9	-9999.0000	51804	35873	-9999	84	84	-9999	571.4207	5	0.6995	0.7183	-0.0013	46.1896	4.7723	683.4999	375.9631	36.9050	662.0278	95.1843	729.6601	94.5033	741.7964	94.7669	750.8225	94.8987	
10/08/2017	00:02:59	019004	H421033295HLR	L421	S		699.7387	1.0233	17.6721	100.0205	39.9649	0.8230	0.8254	5.0000	20.7522	815.0800	94.8328	14.0416	25.7000	0.9300	0.9366	0.7148	-0.0011	815.0000	815.8582	1.0339	-2.5325	99.9840	39.9487	0.8230	0.8227	5.0000	-9999.0000	-9999.0000	-9999.0000	-9999.0000	-9999.0000	-9999.0000	22.1323	8	0	26.9230	1.0000	99	9	-9999.0000	51805	35874	-9999	85	85	-9999	570.6416	5	0.6996	0.7148	-0.0011	44.5734	4.8909	686.5113	377.8309	37.5421	665.7053	95.1623	730.3040	94.5472	741.3924	94.8108	749.0437	94.8767	
10/08/2017	00:03:27	019004	H421033291HLR	L421	S		698.3554	1.0233	17.2382	100.0403	39.9487	0.8230	0.8255	5.0000	20.0324	815.0907	94.8108	14.0817	25.7000	0.9300	0.9365	0.7148	-0.0011	815.0000	815.4617	1.0339	-2.5212	100.0578	39.9801	0.8230	0.8228	5.0000	-9999.0000	-9999.0000	-9999.0000	-9999.0000	-9999.0000	-9999.0000	21.3021	1	0	27.4035	1.0000	99	9	-9999.0000	51806	35875	-9999	86	86	-9999	570.6183	5	0.6999	0.7148	-0.0011	32.0879	5.8000	686.0176	373.7695	37.2565	665.5725	95.2721	730.1844	94.5912	742.4702	94.7889	750.7998	94.8548	
10/08/2017	00:03:55	019004	H421033300HLR	L421	S		702.9551	1.0233	18.6810	99.9498	39.9217	0.8230	0.8253	5.0000	21.0825	815.0627	94.7010	13.3111	25.7000	0.9300	0.9365	0.7146	-0.0010	815.0000	814.8848	1.0339	-2.5047	100.0167	39.9642	0.8230	0.8227	5.0000	-9999.0000	-9999.0000	-9999.0000	-9999.0000	-9999.0000	-9999.0000	23.3023	2	0	28.1731	1.0000	99	9	-9999.0000	51807	35876	-9999	87	87	-9999	571.2004	5	0.7001	0.7146	-0.0010	33.6419	5.7056	687.0986	387.5270	36.2680	665.4863	95.2502	734.0457	94.5692	744.7416	94.7889	752.6177	94.8328	
10/08/2017	00:04:22	019004	H421033297HLR	L421	S		659.7547	1.0233	5.1301	99.9941	39.9487	0.8230	0.8256	5.0000	20.1419	0.0000	0.0000	0.0000	0.0000	0.9300	0.0000	0.0000	0.0000	0.0000	675.3838	1.0339	-0.2951	100.0999	39.9649	0.8230	0.8230	5.0000	-9999.0000	-9999.0000	-9999.0000	-9999.0000	-9999.0000	-9999.0000	20.8130	3	7	26.9440	1.0000	99	9	-9999.0000	51808	0	-9999	88	87	-9999	0.0000	0	0.0000	0.0000	0.0000	0.0000	0.0000	0.0000	0.0000	0.0000	0.0000	0.0000	0.0000	0.0000	0.0000	0.0000	0.0000	0.0000	
10/08/2017	00:04:50	019004	H421033277HLR	L421	S		704.2554	1.0233	19.0889	100.1372	39.9487	0.8230	0.8255	5.0000	20.1819	815.0895	94.6571	13.1314	25.8000	0.9300	0.9366	0.7112	-0.0008	815.0000	814.9701	1.0339	-2.5071	100.0395	39.9920	0.8230	0.8229	5.0000	-9999.0000	-9999.0000	-9999.0000	-9999.0000	-9999.0000	-9999.0000	20.9320	4	0	28.4020	1.0000	99	9	-9999.0000	51809	35877	-9999	89	88	-9999	571.1497	5	0.6999	0.7112	-0.0008	31.5197	5.8960	693.3417	368.4901	36.8831	671.5142	95.0964	737.4426	94.6131	748.8971	94.8548	757.7774	94.8548	
10/08/2017	00:05:19	019004	H421033268HLR	L421	S		702.4939	1.0233	18.5363	99.9720	39.9487	0.8230	0.8255	5.0000	20.1615	815.0854	94.7669	13.7213	25.7000	0.9300	0.9365	0.7112	-0.0008	815.0000	817.0088	1.0339	-2.5653	99.9569	39.9904	0.8230	0.8227	5.0000	-9999.0000	-9999.0000	-9999.0000	-9999.0000	-9999.0000	-9999.0000	24.6229	5	0	28.5032	1.0000	99	9	-9999.0000	51810	35878	-9999	90	89	-9999	570.7463	5	0.6999	0.7112	-0.0008	31.1422	5.9287	694.6108	382.1234	36.1362	674.2340	94.9646	736.9016	94.4813	747.3727	94.8108	756.1433	94.8987	
10/08/2017	00:05:48	019004	H421033283HLR	L421	S		695.1215	1.0233	16.2238	99.9074	39.9393	0.8230	0.8255	5.0000	20.1223	815.0825	94.8108	14.2624	25.7000	0.9300	0.9366	0.7106	-0.0008	815.0000	814.7389	1.0339	-2.5005	100.0621	39.9988	0.8230	0.8227	5.0000	-9999.0000	-9999.0000	-9999.0000	-9999.0000	-9999.0000	-9999.0000	21.0824	6	0	29.5532	1.0000	99	9	-9999.0000	51810	35879	-9999	91	90	-9999	570.3811	5	0.6998	0.7106	-0.0008	25.8182	6.2973	686.0942	380.0643	36.5536	664.5474	95.0305	732.5431	94.5472	744.6926	94.7889	752.6303	94.8987	
10/08/2017	00:06:19	019004	H421033287HLR	L421	S		704.5177	1.0233	19.1712	100.1027	39.9444	0.8230	0.8253	5.0000	21.2827	815.0919	94.7010	13.2417	25.7000	0.9300	0.9366	0.7106	-0.0008	815.0000	815.7294	1.0339	-2.5288	100.0296	39.9487	0.8230	0.8227	5.0000	-9999.0000	-9999.0000	-9999.0000	-9999.0000	-9999.0000	-9999.0000	23.5827	7	0	31.1637	1.0000	99	9	-9999.0000	51811	35880	-9999	92	91	-9999	570.9971	5	0.6998	0.7106	-0.0008	25.8182	6.2973	693.8720	373.0415	36.4877	672.6258	95.0744	738.0582	94.5692	747.7308	94.8108	756.2165	94.8767	
10/08/2017	00:06:48	019004	H421033257HLR	L421	S		703.2192	1.0233	18.7639	99.9742	39.9487	0.8230	0.8253	5.0000	21.0924	815.1147	94.6131	12.7808	25.7000	0.9300	0.9365	0.7109	-0.0008	815.0000	816.4261	1.0339	-2.5487	100.0394	40.0191	0.8230	0.8228	5.0000	-9999.0000	-9999.0000	-9999.0000	-9999.0000	-9999.0000	-9999.0000	21.2221	8	0	28.3235	1.0000	99	9	-9999.0000	51812	35881	-9999	93	92	-9999	571.3736	5	0.6999	0.7109	-0.0008	27.6048	6.1993	695.2700	380.3872	36.3119	674.2350	95.0305	740.5614	94.4813	752.3781	94.7889	761.2236	94.8987	
10/08/2017	00:07:16	019004	H421033275HLR	L421	S		693.0204	1.0233	15.5647	100.0116	39.9487	0.8230	0.8256	5.0000	20.0022	815.0934	95.0525	14.7917	25.7000	0.9300	0.9366	0.7104	-0.0008	815.0000	813.4162	1.0339	-2.4628	100.0643	40.0029	0.8230	0.8228	5.0000	-9999.0000	-9999.0000	-9999.0000	-9999.0000	-9999.0000	-9999.0000	20.4720	1	0	28.3528	1.0000	99	9	-9999.0000	51813	35882	-9999	94	93	-9999	569.9979	5	0.6998	0.7104	-0.0008	39.4837	5.3857	686.9387	377.5423	36.3119	665.9964	95.1184	728.3220	94.5472	739.4902	94.8328	747.2700	94.8767	
10/08/2017	00:07:48	019004	H421033265HLR	L421	S		693.6237	1.0233	15.7540	99.9405	39.9487	0.8230	0.8255	5.0000	20.1420	815.0808	94.8548	15.2410	25.7000	0.9300	0.9366	0.7102	-0.0007	815.0000	813.9231	1.0339	-2.4773	100.0816	39.9947	0.8230	0.8229	5.0000	-9999.0000	-9999.0000	-9999.0000	-9999.0000	-9999.0000	-9999.0000	20.5228	2	0	31.5641	1.0000	99	9	-9999.0000	51814	35883	-9999	95	94	-9999	569.7499	5	0.6998	0.7102	-0.0007	41.1829	5.3037	685.7591	378.1047	38.3329	664.2845	95.3161	727.3801	94.6351	737.4455	94.7889	744.8977	94.8328	
10/08/2017	00:08:15	019004	H421033255HLR	L421	S		692.3761	1.0233	15.3626	99.9646	39.9460	0.8230	0.8256	5.0000	20.0716	815.0933	95.0305	17.4317	25.7000	0.9300	0.9367	0.7083	-0.0006	815.0000	816.9736	1.0339	-2.5643	99.9763	39.9929	0.8230	0.8228	5.0000	-9999.0000	-9999.0000	-9999.0000	-9999.0000	-9999.0000	-9999.0000	25.3827	3	0	27.1231	1.0000	99	9	-9999.0000	51815	35884	-9999	96	95	-9999	568.5277	5	0.7000	0.7083	-0.0006	44.4510	5.0958	682.4626	377.1532	35.8506	661.2898	95.3380	725.2301	94.5253	737.1173	94.7449	744.8861	94.9207	
10/08/2017	00:08:47	019004	H421033263HLR	L421	S		697.4883	1.0233	16.9662	99.9604	39.9487	0.8230	0.8256	5.0000	20.0217	815.1010	94.8548	14.4913	25.7000	0.9300	0.9367	0.7083	-0.0006	815.0000	814.6081	1.0339	-2.4968	100.0377	40.0143	0.8230	0.8227	5.0000	-9999.0000	-9999.0000	-9999.0000	-9999.0000	-9999.0000	-9999.0000	21.2524	4	0	32.2733	1.0000	99	9	-9999.0000	51816	35885	-9999	97	96	-9999	570.3293	5	0.7000	0.7083	-0.0006	44.4510	5.0958	686.2789	380.6729	36.7732	664.7863	95.2062	733.7332	94.5033	744.8717	94.7889	752.4429	94.8767	
10/08/2017	00:09:30	019004	H421029304HLR	L421	S		699.9030	1.0233	17.7237	99.9845	39.9487	0.8230	0.8256	5.0000	19.9320	815.0700	94.8767	14.6218	25.7000	0.9300	0.9367	0.7081	-0.0006	815.0000	817.5188	1.0339	-2.5799	99.9965	39.9847	0.8230	0.8227	5.0000	-9999.0000	-9999.0000	-9999.0000	-9999.0000	-9999.0000	-9999.0000	21.6626	5	0	42.4549	1.0000	99	9	-9999.0000	51817	35886	-9999	98	97	-9999	570.2684	5	0.7001	0.7081	-0.0006	48.3814	4.8087	690.5132	382.9482	36.2241	668.7874	95.2941	737.1169	94.5253	747.7914	94.7889	755.6908	94.8548	
10/08/2017	00:10:07	019004	H421029307HLR	L421	S		696.3992	1.0233	16.6246	100.0051	39.9278	0.8230	0.8256	5.0000	19.9329	815.1206	94.8328	14.4411	25.8000	0.9300	0.9367	0.7070	-0.0005	815.0000	815.1476	1.0339	-2.5122	100.0085	39.9794	0.8230	0.8228	5.0000	-9999.0000	-9999.0000	-9999.0000	-9999.0000	-9999.0000	-9999.0000	21.7817	6	0	37.4144	1.0000	99	9	-9999.0000	51818	35887	-9999	99	98	-9999	570.4627	5	0.7000	0.7070	-0.0005	49.8953	4.6950	694.0521	376.2402	36.2241	673.1407	95.1403	736.3595	94.5253	747.7724	94.7889	755.2086	94.8767	
10/08/2017	00:10:37	019004	H421029323HLR	L421	S		701.1527	1.0233	18.1156	100.0131	39.9487	0.8230	0.8257	5.0000	19.9718	815.0955	94.6790	13.3521	25.8000	0.9300	0.9367	0.7097	-0.0007	815.0000	813.2932	1.0339	-2.4593	100.0058	39.9522	0.8230	0.8227	5.0000	-9999.0000	-9999.0000	-9999.0000	-9999.0000	-9999.0000	-9999.0000	22.0931	7	0	29.8334	1.0000	99	9	-9999.0000	51819	35888	-9999	100	99	-9999	570.8854	5	0.6998	0.7097	-0.0007	68.7317	3.3406	692.6161	377.1905	36.9929	671.5035	95.1184	735.5290	94.5692	746.5582	94.8108	754.5791	94.8548	
10/08/2017	00:11:06	019004	H421029333HLR	L421	S		696.5050	1.0233	16.6578	100.0173	39.9487	0.8230	0.8256	5.0000	19.9524	815.0914	94.9866	15.4920	25.8000	0.9300	0.9367	0.7039	-0.0003	815.0000	817.6701	1.0339	-2.5842	100.0692	39.9753	0.8230	0.8230	5.0000	-9999.0000	-9999.0000	-9999.0000	-9999.0000	-9999.0000	-9999.0000	21.3530	8	0	29.7133	1.0000	99	9	-9999.0000	51820	35889	-9999	101	100	-9999	570.4371	5	0.6999	0.7039	-0.0003	46.4555	4.9415	691.6528	385.8899	37.5860	671.5578	95.2941	735.3579	94.6131	744.3600	94.8328	752.1207	94.8767	
10/08/2017	00:11:31	019004	H421029316HLR	L421	S		697.6547	1.0233	17.0184	100.0045	39.8987	0.8230	0.8255	5.0000	20.1126	815.0607	94.8987	14.3620	25.8000	0.9300	0.9366	0.7102	-0.0007	815.0000	815.1508	1.0339	-2.5123	100.0420	39.9759	0.8230	0.8228	5.0000	-9999.0000	-9999.0000	-9999.0000	-9999.0000	-9999.0000	-9999.0000	22.1823	1	0	24.5927	1.0000	99	9	-9999.0000	51821	35890	-9999	102	101	-9999	570.2673	5	0.6997	0.7102	-0.0007	67.1160	3.4581	694.0931	396.2664	38.4428	673.7591	95.3600	733.9783	94.6131	744.5305	94.7889	752.4873	94.8548	
10/08/2017	00:12:04	019004	H421029314HLR	L421	S		699.6298	1.0233	17.6380	99.9516	39.9487	0.8230	0.8257	5.0000	20.1019	815.1177	94.8987	15.8416	25.8000	0.9300	0.9367	0.7095	-0.0007	815.0000	815.6313	1.0339	-2.5260	100.0434	39.9714	0.8230	0.8228	5.0000	-9999.0000	-9999.0000	-9999.0000	-9999.0000	-9999.0000	-9999.0000	20.8421	2	0	32.5935	1.0000	99	9	-9999.0000	51822	35891	-9999	103	102	-9999	569.5142	5	0.6996	0.7095	-0.0007	68.0845	3.4007	695.2297	386.9988	37.1467	675.8895	95.4918	732.1634	94.6790	740.3842	94.8328	745.8991	94.8548	
10/08/2017	00:12:32	019004	H421029343HLR	L421	S		693.3034	1.0233	15.6535	99.9894	39.9135	0.8230	0.8255	5.0000	20.0322	815.0773	94.8767	15.9813	25.8000	0.9300	0.9367	0.7122	-0.0009	815.0000	815.1402	1.0339	-2.5120	100.0922	40.0103	0.8230	0.8229	5.0000	-9999.0000	-9999.0000	-9999.0000	-9999.0000	-9999.0000	-9999.0000	20.2631	3	0	28.7435	1.0000	99	9	-9999.0000	51823	35892	-9999	104	103	-9999	569.1496	5	0.6997	0.7122	-0.0009	47.5639	4.8618	687.0354	392.9358	38.3769	667.2062	95.2941	725.0518	94.6131	735.4601	94.8108	743.2794	94.8548	
10/08/2017	00:13:05	019004	H421029336HLR	L421	S		690.6158	1.0233	14.8105	100.0210	39.8461	0.8230	0.8258	5.0000	20.1224	815.1390	94.8767	15.9725	25.7000	0.9300	0.9366	0.7133	-0.0010	815.0000	813.4983	1.0339	-2.4651	99.9983	39.9487	0.8230	0.8227	5.0000	-9999.0000	-9999.0000	-9999.0000	-9999.0000	-9999.0000	-9999.0000	24.4724	4	0	32.4733	1.0000	99	9	-9999.0000	51824	35893	-9999	105	104	-9999	569.0458	5	0.6996	0.7133	-0.0010	67.5768	3.4393	682.3668	377.2164	37.3444	662.3804	95.4039	721.7273	94.5692	731.6046	94.7889	739.7228	94.8328	
10/08/2017	00:14:12	019004	H421029309HLR	L421	S		-0.2817	1.0233	-0.0068	100.0211	39.5636	0.8230	0.8258	5.0000	19.9425	0.0000	0.0000	0.0000	0.0000	0.9300	0.0000	0.0000	0.0000	0.0000	0.0996	1.0339	0.0000	99.9804	38.9144	0.8230	0.8241	5.0000	-9999.0000	-9999.0000	-9999.0000	-9999.0000	-9999.0000	-9999.0000	20.2523	6	18	37.0336	1.0000	99	9	-9999.0000	51826	0	-9999	107	105	-9999	0.0000	0	0.0000	0.0000	0.0000	0.0000	0.0000	0.0000	0.0000	0.0000	0.0000	0.0000	0.0000	0.0000	0.0000	0.0000	0.0000	0.0000	
10/08/2017	00:14:42	019004	H421029326HLR	L421	S		697.7129	1.0233	17.0367	100.0606	39.7435	0.8230	0.8256	5.0000	21.2826	815.0799	94.9426	15.0623	25.7000	0.9300	0.9367	0.7123	-0.0009	815.0000	815.4869	1.0339	-2.5219	100.0079	40.4523	0.8230	0.8247	5.0000	-9999.0000	-9999.0000	-9999.0000	-9999.0000	-9999.0000	-9999.0000	23.1432	7	0	29.9535	1.0000	99	9	-9999.0000	51827	35894	-9999	108	106	-9999	569.7261	5	0.6992	0.7123	-0.0009	74.7134	2.9596	686.7682	362.3594	35.7188	665.4310	95.2062	729.9503	94.6351	740.9125	94.8108	748.4716	94.8548	
10/08/2017	00:15:13	019004	H421029330HLR	L421	S		708.5488	1.0233	20.4356	100.0403	40.1538	0.8230	0.8256	5.0000	21.1019	815.1110	94.8548	15.6014	25.7000	0.9300	0.9365	0.7125	-0.0009	815.0000	816.3713	1.0339	-2.5471	100.0275	40.6439	0.8230	0.8226	5.0000	-9999.0000	-9999.0000	-9999.0000	-9999.0000	-9999.0000	-9999.0000	21.0618	8	0	31.0533	1.0000	99	9	-9999.0000	51828	35895	-9999	109	107	-9999	569.5213	5	0.6993	0.7125	-0.0009	75.7993	2.9027	684.4082	377.9183	35.8506	663.2047	95.3820	726.8625	94.5692	736.1509	94.7889	743.7337	94.8548	
10/08/2017	00:15:38	019004	H421029320HLR	L421	S		698.1974	1.0233	17.1886	100.0550	39.9129	0.8230	0.8251	5.0000	21.0326	815.0667	94.9866	16.8925	25.7000	0.9300	0.9365	0.7125	-0.0009	815.0000	814.9920	1.0339	-2.5078	100.0140	40.2185	0.8230	0.8223	5.0000	-9999.0000	-9999.0000	-9999.0000	-9999.0000	-9999.0000	-9999.0000	20.8117	1	0	24.8231	1.0000	99	9	-9999.0000	51829	35896	-9999	110	108	-9999	568.5430	5	0.6993	0.7125	-0.0009	75.7993	2.9027	679.9104	372.3809	36.4657	659.1826	95.3820	721.2683	94.6131	730.2601	94.8108	737.2669	94.8328	
10/08/2017	00:16:08	019004	H421029352HLR	L421	S		700.4234	1.0233	17.8869	100.0514	39.8365	0.8230	0.8256	5.0000	19.9415	815.0829	94.8767	15.4920	25.7000	0.9300	0.9365	0.7125	-0.0009	815.0000	816.2375	1.0339	-2.5433	100.0257	39.9215	0.8230	0.8224	5.0000	-9999.0000	-9999.0000	-9999.0000	-9999.0000	-9999.0000	-9999.0000	21.4420	2	0	29.4838	1.0000	99	9	-9999.0000	51830	35897	-9999	111	109	-9999	569.5880	5	0.6993	0.7125	-0.0009	75.7993	2.9027	683.0152	369.1346	37.1687	661.8850	95.2941	726.3750	94.5472	736.6384	94.7889	744.8236	94.8328	
10/08/2017	00:16:37	019004	H421029362HLR	L421	S		705.6419	1.0233	19.5238	100.0087	39.9870	0.8230	0.8258	5.0000	20.0023	815.0919	94.8767	16.2421	25.7000	0.9300	0.9367	0.7124	-0.0009	815.0000	817.8617	1.0339	-2.5897	100.0256	39.8461	0.8230	0.8226	5.0000	-9999.0000	-9999.0000	-9999.0000	-9999.0000	-9999.0000	-9999.0000	21.6214	3	0	28.9027	1.0000	99	9	-9999.0000	51831	35898	-9999	111	110	-9999	569.0081	5	0.6992	0.7124	-0.0009	74.3460	2.9661	682.1951	371.7321	36.9050	661.0611	95.1184	726.0871	94.5033	736.3441	94.7669	744.6008	94.8767	
10/08/2017	00:17:06	019004	H421029340HLR	L421	S		704.6676	1.0233	19.2182	100.1512	39.9317	0.8230	0.8254	5.0000	20.0323	815.1214	94.9866	16.8818	25.7000	0.9300	0.9365	0.7173	-0.0012	815.0000	817.1152	1.0339	-2.5684	100.0379	40.0512	0.8230	0.8229	5.0000	-9999.0000	-9999.0000	-9999.0000	-9999.0000	-9999.0000	-9999.0000	22.5630	4	0	29.6333	1.0000	99	9	-9999.0000	51832	35899	-9999	112	111	-9999	568.3778	5	0.6989	0.7173	-0.0012	77.3705	2.7716	683.3946	376.9061	36.4437	662.9493	95.3161	723.9033	94.5692	733.5040	94.7889	740.4789	94.8328	
10/08/2017	00:17:36	019004	H421029346HLR	L421	S		644.0903	1.0233	0.2165	100.0670	39.7638	0.8230	0.8256	5.0000	20.1516	0.0000	0.0000	0.0000	0.0000	0.9300	0.0000	0.0000	0.0000	0.0000	664.0374	1.0339	-0.1904	100.0295	39.9923	0.8230	0.8229	5.0000	-9999.0000	-9999.0000	-9999.0000	-9999.0000	-9999.0000	-9999.0000	21.5425	5	7	29.7436	1.0000	99	9	-9999.0000	51833	0	-9999	113	112	-9999	0.0000	0	0.0000	0.0000	0.0000	0.0000	0.0000	0.0000	0.0000	0.0000	0.0000	0.0000	0.0000	0.0000	0.0000	0.0000	0.0000	0.0000	
10/08/2017	00:18:05	019004	H421029383HLR	L421	S		709.2220	1.0233	20.6468	100.0959	40.0512	0.8230	0.8259	5.0000	20.0218	815.0722	94.9207	15.7518	25.7000	0.9300	0.9367	0.7165	-0.0012	815.0000	817.6316	1.0339	-2.5831	99.9976	39.9487	0.8230	0.8227	5.0000	-9999.0000	-9999.0000	-9999.0000	-9999.0000	-9999.0000	-9999.0000	26.4131	6	0	28.5237	1.0000	99	9	-9999.0000	51834	35900	-9999	114	113	-9999	569.1722	5	0.6987	0.7165	-0.0012	84.4086	2.2500	682.2330	359.3920	35.8067	660.3050	95.1403	726.9401	94.5472	736.5950	94.8108	743.7538	94.8767	
10/08/2017	00:18:33	019004	H421029373HLR	L421	S		702.6371	1.0233	18.5813	100.0127	40.0181	0.8230	0.8255	5.0000	19.9438	815.0973	94.8767	15.1912	25.6000	0.9300	0.9366	0.7176	-0.0012	815.0000	815.6321	1.0339	-2.5260	100.0981	40.0078	0.8230	0.8228	5.0000	-9999.0000	-9999.0000	-9999.0000	-9999.0000	-9999.0000	-9999.0000	20.6018	7	0	28.0432	1.0000	99	9	-9999.0000	51835	35901	-9999	115	114	-9999	569.6211	5	0.6984	0.7176	-0.0012	95.2623	1.4549	677.8329	383.0701	37.2346	656.7009	95.2502	722.5308	94.5253	732.1912	94.7889	740.6897	94.8548	
10/08/2017	00:19:02	019004	H421029356HLR	L421	S		705.0978	1.0233	19.3531	99.9838	39.8637	0.8230	0.8254	5.0000	20.0226	815.0925	94.8767	15.8211	25.6000	0.9300	0.9365	0.7194	-0.0014	815.0000	816.6032	1.0339	-2.5537	100.0437	39.9902	0.8230	0.8228	5.0000	-9999.0000	-9999.0000	-9999.0000	-9999.0000	-9999.0000	-9999.0000	21.4125	8	0	29.5531	1.0000	99	9	-9999.0000	51836	35902	-9999	116	115	-9999	568.8379	5	0.6984	0.7194	-0.0014	129.5021	-0.8011	677.6339	374.1195	37.6959	656.3110	95.0525	721.9184	94.5033	731.1113	94.7669	738.5850	94.8767	
10/08/2017	00:19:31	019004	H421029355HLR	L421	S		701.0979	1.0233	18.0985	99.9685	39.8989	0.8230	0.8254	5.0000	21.1222	815.1440	94.8108	13.9908	25.7000	0.9300	0.9366	0.7194	-0.0014	815.0000	816.2752	1.0339	-2.5444	100.0487	39.9980	0.8230	0.8228	5.0000	-9999.0000	-9999.0000	-9999.0000	-9999.0000	-9999.0000	-9999.0000	20.9720	1	0	29.0131	1.0000	99	9	-9999.0000	51837	35903	-9999	117	116	-9999	570.9318	5	0.6984	0.7194	-0.0014	129.5021	-0.8011	682.8023	366.2051	36.3339	661.9164	95.0964	727.0322	94.4813	738.2549	94.7669	746.7100	94.8548	
10/08/2017	00:20:00	019004	H421029366HLR	L421	S		705.3497	1.0233	19.4322	100.0188	39.9909	0.8230	0.8257	5.0000	20.1916	815.1253	94.8328	14.6218	25.7000	0.9300	0.9367	0.7192	-0.0014	815.0000	815.3532	1.0339	-2.5181	100.0652	39.9696	0.8230	0.8227	5.0000	-9999.0000	-9999.0000	-9999.0000	-9999.0000	-9999.0000	-9999.0000	21.6030	2	0	29.3030	1.0000	99	9	-9999.0000	51838	35904	-9999	118	117	-9999	570.0664	5	0.6981	0.7192	-0.0014	118.7402	-0.1728	680.2358	367.2387	36.4218	659.2779	95.2941	723.4960	94.5253	734.8102	94.7889	742.6869	94.8767	
10/08/2017	00:20:30	019004	H421029379HLR	L421	S		712.3344	1.0233	21.6231	100.0738	39.9352	0.8230	0.8254	5.0000	20.1614	815.0855	94.8328	14.3522	25.7000	0.9300	0.9366	0.7257	-0.0018	815.0000	816.8509	1.0339	-2.5608	99.9564	39.9487	0.8230	0.8228	5.0000	-9999.0000	-9999.0000	-9999.0000	-9999.0000	-9999.0000	-9999.0000	25.1336	3	0	29.3138	1.0000	99	9	-9999.0000	51839	35905	-9999	119	118	-9999	570.5824	5	0.6982	0.7257	-0.0018	115.5166	0.0129	681.7609	385.2579	38.9700	661.1051	95.2282	722.5293	94.5692	734.0085	94.8108	742.1707	94.8767	
10/08/2017	00:21:00	019004	H421029369HLR	L421	S		710.2836	1.0233	20.9798	99.9948	39.8711	0.8230	0.8255	5.0000	20.5228	815.0859	94.8108	15.6512	25.7000	0.9300	0.9368	0.7208	-0.0015	815.0000	816.6014	1.0339	-2.5537	100.0465	40.0019	0.8230	0.8228	5.0000	-9999.0000	-9999.0000	-9999.0000	-9999.0000	-9999.0000	-9999.0000	21.2221	4	0	29.9233	1.0000	99	9	-9999.0000	51840	35906	-9999	120	119	-9999	568.8739	5	0.6980	0.7208	-0.0015	111.0890	0.2613	677.4594	376.7051	37.2126	655.4124	95.1623	723.3596	94.5912	732.7464	94.8328	740.0437	94.8767	
10/08/2017	00:21:29	019004	H421029349HLR	L421	S		711.5789	1.0233	21.3861	100.0197	39.9618	0.8230	0.8258	5.0000	19.8225	815.1067	94.8767	15.2117	25.7000	0.9300	0.9367	0.7151	-0.0011	815.0000	816.9081	1.0339	-2.5624	100.0131	39.9876	0.8230	0.8228	5.0000	-9999.0000	-9999.0000	-9999.0000	-9999.0000	-9999.0000	-9999.0000	21.2329	5	0	29.3031	1.0000	99	9	-9999.0000	51840	35907	-9999	121	120	-9999	569.2318	5	0.6978	0.7151	-0.0011	123.0104	-0.4897	686.8541	372.4525	37.8936	665.3116	95.1403	729.4894	94.5253	739.8669	94.8108	746.4594	94.8987	
10/08/2017	00:21:58	019004	H421029376HLR	L421	S		705.1068	1.0233	19.3560	100.0374	39.9765	0.8230	0.8255	5.0000	19.9123	815.0587	94.8328	15.4920	25.7000	0.9300	0.9367	0.7158	-0.0011	815.0000	815.4076	1.0339	-2.5196	100.0245	39.9487	0.8230	0.8228	5.0000	-9999.0000	-9999.0000	-9999.0000	-9999.0000	-9999.0000	-9999.0000	23.5425	6	0	28.7729	1.0000	99	9	-9999.0000	51841	35908	-9999	122	121	-9999	568.9543	5	0.6979	0.7158	-0.0011	113.1130	0.0935	680.4316	381.3404	37.7837	659.2713	95.2941	722.4567	94.5692	732.8138	94.8108	740.4606	94.8548	
10/08/2017	00:22:26	019004	H421029358HLR	L421	S		708.2589	1.0233	20.3447	100.0508	39.8746	0.8230	0.8255	5.0000	20.1526	815.0814	94.8328	15.5711	25.7000	0.9300	0.9366	0.7134	-0.0010	815.0000	816.1459	1.0339	-2.5407	100.0868	40.0074	0.8230	0.8228	5.0000	-9999.0000	-9999.0000	-9999.0000	-9999.0000	-9999.0000	-9999.0000	21.0531	7	0	28.7133	1.0000	99	9	-9999.0000	51842	35909	-9999	123	122	-9999	568.8526	5	0.6978	0.7134	-0.0010	87.6949	1.6705	684.0458	375.8200	37.0369	662.9879	95.1623	726.5359	94.5033	736.5823	94.7889	744.1245	94.8987	
10/08/2017	00:22:58	019004	H421029390HLR	L421	S		709.5363	1.0233	20.7454	99.9666	39.9487	0.8230	0.8257	5.0000	20.0316	815.0871	94.8548	15.7323	25.7000	0.9300	0.9367	0.7139	-0.0010	815.0000	816.8388	1.0339	-2.5605	100.0727	40.0138	0.8230	0.8229	5.0000	-9999.0000	-9999.0000	-9999.0000	-9999.0000	-9999.0000	-9999.0000	20.2924	8	0	31.3238	1.0000	99	9	-9999.0000	51843	35910	-9999	124	123	-9999	568.6041	5	0.6977	0.7139	-0.0010	88.7895	1.5549	686.3262	372.0627	35.8506	665.6213	95.1843	727.4669	94.5253	737.3181	94.7889	744.5086	94.8767	
10/08/2017	00:23:24	019004	H421029386HLR	L421	S		710.1719	1.0233	20.9448	100.0258	39.9499	0.8230	0.8254	5.0000	20.8022	815.0741	94.8108	15.6522	25.7000	0.9300	0.9366	0.7169	-0.0013	815.0000	816.0834	1.0339	-2.5389	100.0319	40.0001	0.8230	0.8229	5.0000	-9999.0000	-9999.0000	-9999.0000	-9999.0000	-9999.0000	-9999.0000	20.8821	1	0	26.5635	1.0000	99	9	-9999.0000	51844	35911	-9999	125	124	-9999	568.4198	5	0.6976	0.7169	-0.0013	88.9138	1.4807	681.9769	382.2607	36.4877	660.8562	95.3600	725.1902	94.5912	735.0979	94.7889	742.6559	94.8767	
10/08/2017	00:23:54	019004	H421029359HLR	L421	S		707.6400	1.0233	20.1506	100.0516	39.9225	0.8230	0.8255	5.0000	20.0227	815.0821	94.8767	15.0310	25.7000	0.9300	0.9365	0.7183	-0.0013	815.0000	816.9605	1.0339	-2.5639	100.0577	40.0134	0.8230	0.8229	5.0000	-9999.0000	-9999.0000	-9999.0000	-9999.0000	-9999.0000	-9999.0000	20.6418	2	0	29.2132	1.0000	99	9	-9999.0000	51845	35912	-9999	126	125	-9999	569.0500	5	0.6975	0.7183	-0.0013	94.1327	1.0974	678.4334	368.4105	37.0588	656.7283	95.0964	725.3558	94.5033	736.4928	94.7449	744.9971	94.8987	
10/08/2017	00:24:20	019004	H421029341HLR	L421	S		710.3551	1.0233	21.0022	99.9844	39.9487	0.8230	0.8256	5.0000	20.1224	815.0930	94.8328	15.0613	25.8000	0.9300	0.9367	0.7192	-0.0014	815.0000	815.0553	1.0339	-2.5096	100.0815	40.0050	0.8230	0.8229	5.0000	-9999.0000	-9999.0000	-9999.0000	-9999.0000	-9999.0000	-9999.0000	20.6624	3	0	26.0127	1.0000	99	9	-9999.0000	51846	35913	-9999	127	126	-9999	568.9614	5	0.6974	0.7192	-0.0014	83.2769	1.7427	678.5579	368.6272	35.6529	657.0010	95.1843	724.6401	94.4813	736.0377	94.7669	743.0656	94.9207	
10/08/2017	00:24:48	019004	H421033005HLR	L421	S		711.6632	1.0233	21.4126	100.0127	39.9487	0.8230	0.8253	5.0000	20.8921	815.1352	94.8108	14.6013	25.8000	0.9300	0.9368	0.7175	-0.0013	815.0000	814.1279	1.0339	-2.4831	100.0336	39.9737	0.8230	0.8228	5.0000	-9999.0000	-9999.0000	-9999.0000	-9999.0000	-9999.0000	-9999.0000	22.4126	4	0	28.2836	1.0000	99	9	-9999.0000	51847	35914	-9999	128	127	-9999	569.4019	5	0.6973	0.7175	-0.0013	86.7397	1.5220	683.1302	370.1070	37.1467	661.8231	95.1403	726.9055	94.5692	736.7160	94.8108	744.0536	94.8987	
10/08/2017	00:25:16	019004	H421032999HLR	L421	S		710.3807	1.0233	21.0102	100.1105	39.9386	0.8230	0.8255	5.0000	20.1418	815.0980	94.8548	14.8718	25.8000	0.9300	0.9367	0.7210	-0.0015	815.0000	816.1875	1.0339	-2.5419	100.0157	39.9882	0.8230	0.8227	5.0000	-9999.0000	-9999.0000	-9999.0000	-9999.0000	-9999.0000	-9999.0000	21.7730	5	0	27.7227	1.0000	99	9	-9999.0000	51848	35915	-9999	129	127	-9999	569.0744	5	0.6972	0.7210	-0.0015	102.9494	0.4339	682.4651	360.6327	36.5755	661.6453	95.1184	725.3454	94.5472	734.8205	94.8108	742.0759	94.9207	
10/08/2017	00:25:45	019004	H421032997HLR	L421	S		704.0833	1.0233	19.0349	100.0181	39.9362	0.8230	0.8253	5.0000	21.2416	815.1265	94.8108	15.1316	25.7000	0.9300	0.9366	0.7202	-0.0015	815.0000	814.2096	1.0339	-2.4854	100.0363	39.9509	0.8230	0.8227	5.0000	-9999.0000	-9999.0000	-9999.0000	-9999.0000	-9999.0000	-9999.0000	23.3121	6	0	29.1830	1.0000	99	9	-9999.0000	51849	35916	-9999	130	128	-9999	568.6822	5	0.6971	0.7202	-0.0015	91.6298	1.1268	676.7819	367.8543	35.8067	656.5286	95.2502	719.1295	94.5692	729.8292	94.7889	738.2702	94.8767	
10/08/2017	00:26:13	019004	H421032959HLR	L421	S		707.9491	1.0233	20.2475	99.9898	39.9409	0.8230	0.8255	5.0000	20.0715	815.1219	94.7889	14.3717	25.7000	0.9300	0.9366	0.7200	-0.0015	815.0000	814.1142	1.0339	-2.4827	99.9860	40.0011	0.8230	0.8228	5.0000	-9999.0000	-9999.0000	-9999.0000	-9999.0000	-9999.0000	-9999.0000	20.8529	7	0	28.6937	1.0000	99	9	-9999.0000	51850	35917	-9999	131	129	-9999	569.6382	5	0.6973	0.7200	-0.0015	100.9132	0.5022	678.2269	368.4163	36.8172	656.4027	95.2282	721.9471	94.5692	733.4481	94.7889	742.0178	94.8767	
10/08/2017	00:26:43	019004	H421032984HLR	L421	S		713.4895	1.0233	21.9854	100.0243	39.9487	0.8230	0.8256	5.0000	20.0120	815.1044	94.7449	14.5124	25.7000	0.9300	0.9366	0.7254	-0.0018	815.0000	817.2039	1.0339	-2.5709	100.0243	39.9960	0.8230	0.8228	5.0000	-9999.0000	-9999.0000	-9999.0000	-9999.0000	-9999.0000	-9999.0000	20.7014	8	0	29.2132	1.0000	99	9	-9999.0000	51851	35918	-9999	132	129	-9999	569.6648	5	0.6975	0.7254	-0.0018	104.3746	0.2339	677.5772	366.2345	36.3998	655.4895	95.0085	723.4198	94.4813	735.6770	94.7889	743.3685	94.9426	
10/08/2017	00:27:11	019004	H421032994HLR	L421	S		709.5394	1.0233	20.7464	99.9635	39.9487	0.8230	0.8255	5.0000	19.9124	815.1285	94.7449	13.9811	25.7000	0.9300	0.9366	0.7235	-0.0017	815.0000	815.3075	1.0339	-2.5168	100.0528	40.0046	0.8230	0.8229	5.0000	-9999.0000	-9999.0000	-9999.0000	-9999.0000	-9999.0000	-9999.0000	20.6927	1	0	28.2728	1.0000	99	9	-9999.0000	51852	35919	-9999	133	130	-9999	570.3307	5	0.6976	0.7235	-0.0017	70.5060	2.4189	679.1650	364.0001	35.8946	657.3877	95.2282	725.6130	94.6131	735.9771	94.8108	744.4240	94.8548	
10/08/2017	00:27:40	019004	H421032987HLR	L421	S		702.9998	1.0233	18.6951	99.9987	39.9481	0.8230	0.8256	5.0000	19.9026	815.1364	94.8108	15.1521	25.7000	0.9300	0.9365	0.7237	-0.0017	815.0000	815.7479	1.0339	-2.5293	100.0098	39.9909	0.8230	0.8229	5.0000	-9999.0000	-9999.0000	-9999.0000	-9999.0000	-9999.0000	-9999.0000	20.9330	2	0	28.9437	1.0000	99	9	-9999.0000	51853	35920	-9999	134	131	-9999	568.7144	5	0.6976	0.7237	-0.0017	71.2328	2.3649	681.3055	389.2171	39.2775	661.6632	95.2282	718.8500	94.6131	730.6257	94.8108	739.3436	94.8987	
10/08/2017	00:28:09	019004	H421032970HLR	L421	S		706.2590	1.0233	19.7174	100.1147	39.9407	0.8230	0.8254	5.0000	20.8741	815.1030	94.8328	15.0017	25.7000	0.9300	0.9366	0.7262	-0.0019	815.0000	814.4179	1.0339	-2.4914	100.0596	39.9919	0.8230	0.8229	5.0000	-9999.0000	-9999.0000	-9999.0000	-9999.0000	-9999.0000	-9999.0000	20.7815	3	0	29.0335	1.0000	99	9	-9999.0000	51854	35921	-9999	135	132	-9999	568.9366	5	0.6978	0.7262	-0.0019	85.5126	1.4072	679.2149	391.4876	38.4867	659.7823	95.2062	716.4888	94.5692	726.6095	94.7889	736.1362	94.8987	
10/08/2017	00:28:39	019004	H421032973HLR	L421	S		708.2192	1.0233	20.3323	100.0006	39.9487	0.8230	0.8255	5.0000	20.1517	815.1174	94.7889	15.4519	25.7000	0.9300	0.9366	0.7242	-0.0018	815.0000	816.2903	1.0339	-2.5448	100.0293	39.9487	0.8230	0.8228	5.0000	-9999.0000	-9999.0000	-9999.0000	-9999.0000	-9999.0000	-9999.0000	24.0828	4	0	29.6528	1.0000	99	9	-9999.0000	51854	35922	-9999	136	133	-9999	568.2176	5	0.6977	0.7242	-0.0018	78.6530	1.8491	678.4110	372.2127	38.2670	657.6434	95.3380	721.3875	94.5472	731.4331	94.8108	739.5908	94.8767	
10/08/2017	00:29:07	019004	H421033001HLR	L421	S		712.3014	1.0233	21.6127	100.0338	39.9487	0.8230	0.8255	5.0000	20.2121	815.1068	94.8548	14.5720	25.7000	0.9300	0.9365	0.7230	-0.0017	815.0000	814.5786	1.0339	-2.4960	100.0527	40.0001	0.8230	0.8228	5.0000	-9999.0000	-9999.0000	-9999.0000	-9999.0000	-9999.0000	-9999.0000	20.9525	5	0	28.5735	1.0000	99	9	-9999.0000	51855	35923	-9999	137	134	-9999	569.4080	5	0.6977	0.7230	-0.0017	79.4438	1.7882	678.7799	371.1274	36.8172	658.3840	95.3600	722.7403	94.5912	732.8878	94.8108	740.5989	94.8767	
10/08/2017	00:29:36	019004	H421032962HLR	L421	S		706.2539	1.0233	19.7158	100.0053	39.9470	0.8230	0.8255	5.0000	20.2230	815.1171	94.8108	15.1111	25.7000	0.9300	0.9365	0.7242	-0.0018	815.0000	815.4634	1.0339	-2.5212	100.0725	39.9833	0.8230	0.8229	5.0000	-9999.0000	-9999.0000	-9999.0000	-9999.0000	-9999.0000	-9999.0000	20.7815	6	0	28.5227	1.0000	99	9	-9999.0000	51856	35924	-9999	138	135	-9999	568.6753	5	0.6976	0.7242	-0.0018	80.3825	1.7463	675.4816	370.0697	37.9155	654.2453	95.1184	718.8679	94.5472	729.1441	94.7889	737.6610	94.8987	
10/08/2017	00:30:03	019004	H421032981HLR	L421	S		706.5402	1.0233	19.8056	100.1292	39.9360	0.8230	0.8254	5.0000	20.9526	815.0858	94.7889	15.3718	25.7000	0.9300	0.9367	0.7242	-0.0018	815.0000	815.8132	1.0339	-2.5312	100.0435	39.9958	0.8230	0.8229	5.0000	-9999.0000	-9999.0000	-9999.0000	-9999.0000	-9999.0000	-9999.0000	20.5227	7	0	27.1633	1.0000	99	9	-9999.0000	51857	35925	-9999	139	136	-9999	568.3288	5	0.6977	0.7242	-0.0018	74.7977	2.1416	677.0929	373.9747	37.6959	655.7379	95.2062	720.3505	94.5472	732.5418	94.8108	740.4212	94.8548	
10/08/2017	00:30:31	019004	H421029440HLR	L421	S		710.2840	1.0233	20.9799	99.9792	39.9337	0.8230	0.8253	5.0000	21.4127	815.1095	94.8328	15.5320	25.7000	0.9300	0.9366	0.7252	-0.0018	815.0000	814.5024	1.0339	-2.4938	100.0114	40.0224	0.8230	0.8229	5.0000	-9999.0000	-9999.0000	-9999.0000	-9999.0000	-9999.0000	-9999.0000	20.3518	8	0	28.1731	1.0000	99	9	-9999.0000	51858	35926	-9999	140	137	-9999	568.0692	5	0.6977	0.7252	-0.0018	72.7473	2.2900	677.3530	364.8455	35.8506	656.3679	95.2282	718.8709	94.5253	729.8232	94.7669	737.8080	94.8987	
10/08/2017	00:30:59	019004	H421032980HLR	L421	S		706.4331	1.0233	19.7720	100.0551	39.9376	0.8230	0.8253	5.0000	20.9829	815.1147	94.8328	14.7614	25.8000	0.9300	0.9367	0.7282	-0.0020	815.0000	815.9165	1.0339	-2.5341	100.0337	40.0066	0.8230	0.8228	5.0000	-9999.0000	-9999.0000	-9999.0000	-9999.0000	-9999.0000	-9999.0000	20.9418	1	0	27.6633	1.0000	99	9	-9999.0000	51859	35927	-9999	141	138	-9999	569.2341	5	0.6978	0.7282	-0.0020	71.0705	2.3722	675.5428	366.2839	37.0808	654.9665	95.2941	718.4453	94.5472	729.7930	94.8108	738.8716	94.8328	
10/08/2017	00:31:27	019004	H421032990HLR	L421	S		705.2668	1.0233	19.4061	100.0096	39.9487	0.8230	0.8256	5.0000	20.0216	815.1293	94.8328	14.7517	25.8000	0.9300	0.9366	0.7295	-0.0021	815.0000	815.1759	1.0339	-2.5130	100.0664	40.0017	0.8230	0.8229	5.0000	-9999.0000	-9999.0000	-9999.0000	-9999.0000	-9999.0000	-9999.0000	20.7015	2	0	28.1535	1.0000	99	9	-9999.0000	51860	35928	-9999	142	139	-9999	569.2574	5	0.6978	0.7295	-0.0021	68.7305	2.5418	670.5322	358.5775	38.0034	649.7746	95.1843	715.2362	94.5472	728.0194	94.8108	735.7400	94.8767	
10/08/2017	00:31:55	019004	H421032965HLR	L421	S		712.6830	1.0233	21.7324	100.0450	39.9487	0.8230	0.8255	5.0000	20.0129	815.1432	94.7010	13.4214	25.7000	0.9300	0.9365	0.7300	-0.0022	815.0000	815.2483	1.0339	-2.5151	100.0249	39.9487	0.8230	0.8228	5.0000	-9999.0000	-9999.0000	-9999.0000	-9999.0000	-9999.0000	-9999.0000	23.1617	3	0	28.4925	1.0000	99	9	-9999.0000	51861	35929	-9999	143	140	-9999	571.5717	5	0.6978	0.7300	-0.0022	58.0407	3.2736	674.6549	365.0450	35.9165	653.6565	95.0964	720.3980	94.5253	732.9693	94.7669	742.1875	94.8767	
10/08/2017	00:32:24	019004	H421029427HLR	L421	S		707.9289	1.0233	20.2412	100.1000	39.9487	0.8230	0.8255	5.0000	20.1422	815.0946	94.8767	14.3610	25.7000	0.9300	0.9366	0.7277	-0.0020	815.0000	815.0122	1.0339	-2.5083	100.0624	40.0101	0.8230	0.8228	5.0000	-9999.0000	-9999.0000	-9999.0000	-9999.0000	-9999.0000	-9999.0000	20.7922	4	0	29.2035	1.0000	99	9	-9999.0000	51861	35930	-9999	144	141	-9999	569.8545	5	0.6979	0.7277	-0.0020	57.1452	3.3314	674.3058	369.9368	36.6854	652.8818	95.2502	718.6489	94.5253	729.8642	94.8328	738.3040	94.8987	
10/08/2017	00:32:54	019004	H421029436HLR	L421	S		708.4458	1.0233	20.4033	99.9164	39.9331	0.8230	0.8253	5.0000	21.2415	815.1717	94.7449	13.8707	25.8000	0.9300	0.9366	0.7264	-0.0019	815.0000	815.1317	1.0339	-2.5117	100.0731	39.9937	0.8230	0.8229	5.0000	-9999.0000	-9999.0000	-9999.0000	-9999.0000	-9999.0000	-9999.0000	20.6322	5	0	29.8540	1.0000	99	9	-9999.0000	51862	35931	-9999	145	142	-9999	570.6861	5	0.6980	0.7264	-0.0019	62.5100	2.9750	676.6774	363.8747	36.9270	655.4078	95.0305	721.6138	94.5253	732.6563	94.7889	741.9760	94.9207	
10/08/2017	00:33:20	019004	H421029396HLR	L421	S		707.9524	1.0233	20.2485	100.0523	39.9487	0.8230	0.8255	5.0000	20.5424	815.1475	94.8328	14.4020	25.8000	0.9300	0.9366	0.7269	-0.0019	815.0000	815.9681	1.0339	-2.5356	99.9683	39.9487	0.8230	0.8228	5.0000	-9999.0000	-9999.0000	-9999.0000	-9999.0000	-9999.0000	-9999.0000	25.9024	6	0	25.2225	1.0000	99	9	-9999.0000	51863	35932	-9999	146	143	-9999	569.8324	5	0.6980	0.7269	-0.0019	61.3764	3.0843	677.0724	366.3069	36.8831	656.6054	95.2282	720.9841	94.5472	731.9923	94.8328	741.2488	94.8767	
10/08/2017	00:33:48	019004	H421029433HLR	L421	S		708.2849	1.0233	20.3529	99.9885	39.9487	0.8230	0.8256	5.0000	19.9720	815.0991	94.8328	14.8415	25.7000	0.9300	0.9366	0.7277	-0.0020	815.0000	815.5774	1.0339	-2.5245	100.0303	39.9982	0.8230	0.8227	5.0000	-9999.0000	-9999.0000	-9999.0000	-9999.0000	-9999.0000	-9999.0000	21.1625	7	0	28.3635	1.0000	99	9	-9999.0000	51864	35933	-9999	146	144	-9999	569.0513	5	0.6981	0.7277	-0.0020	61.3875	3.1040	673.0532	369.2789	37.8496	651.0632	95.1403	719.5233	94.5692	730.7759	94.8108	740.1707	94.8548	
10/08/2017	00:34:18	019004	H421029430HLR	L421	S		706.1055	1.0233	19.6692	99.9794	39.9217	0.8230	0.8253	5.0000	21.0522	815.1083	94.8328	14.9714	25.7000	0.9300	0.9365	0.7281	-0.0020	815.0000	815.4978	1.0339	-2.5222	100.0387	40.0015	0.8230	0.8231	5.0000	-9999.0000	-9999.0000	-9999.0000	-9999.0000	-9999.0000	-9999.0000	20.7426	8	0	29.9830	1.0000	99	9	-9999.0000	51865	35934	-9999	147	145	-9999	568.9194	5	0.6982	0.7281	-0.0020	61.2884	3.1291	670.1118	369.7077	37.6519	648.9845	95.1403	717.0803	94.5472	729.0384	94.8108	737.0841	94.8767	
10/08/2017	00:34:47	019004	H421029418HLR	L421	S		700.5462	1.0233	17.9254	99.9992	39.9075	0.8230	0.8252	5.0000	22.0318	815.1198	94.8548	16.1415	25.7000	0.9300	0.9365	0.7296	-0.0021	815.0000	814.2083	1.0339	-2.4854	100.0415	40.0347	0.8230	0.8228	5.0000	-9999.0000	-9999.0000	-9999.0000	-9999.0000	-9999.0000	-9999.0000	21.3216	1	0	29.1535	1.0000	99	9	-9999.0000	51866	35935	-9999	148	146	-9999	566.8343	5	0.6983	0.7296	-0.0021	69.0483	2.6010	671.5457	360.7894	38.9480	651.3364	95.2941	712.4950	94.6571	721.6711	94.8108	729.8811	94.8767	
10/08/2017	00:35:47	019004	H421029425HLR	L421	S		703.6303	1.0233	18.8928	99.9656	39.9487	0.8230	0.8256	5.0000	19.9621	815.1107	94.9207	14.6423	25.8000	0.9300	0.9368	0.7307	-0.0022	815.0000	814.0425	1.0339	-2.4807	100.0234	39.8031	0.8230	0.8226	5.0000	-9999.0000	-9999.0000	-9999.0000	-9999.0000	-9999.0000	-9999.0000	24.9022	3	0	30.5034	1.0000	99	9	-9999.0000	51867	35936	-9999	150	147	-9999	569.3222	5	0.6983	0.7307	-0.0022	70.3543	2.5426	672.2028	343.8612	37.0369	651.5496	95.4039	714.5461	94.6571	726.2353	94.8328	735.7735	94.8108	
10/08/2017	00:36:15	019004	H421029419HLR	L421	S		697.6921	1.0233	17.0301	100.0178	39.9323	0.8230	0.8256	5.0000	19.7825	815.1167	94.8767	16.0624	25.7000	0.9300	0.9367	0.7320	-0.0023	815.0000	813.9833	1.0339	-2.4790	100.0083	39.9597	0.8230	0.8233	5.0000	-9999.0000	-9999.0000	-9999.0000	-9999.0000	-9999.0000	-9999.0000	20.2923	4	0	27.5636	1.0000	99	9	-9999.0000	51868	35937	-9999	151	148	-9999	566.6761	5	0.6982	0.7320	-0.0023	67.2784	2.7700	662.3439	362.8128	36.2900	641.0745	95.4259	706.5809	94.5912	717.1013	94.7889	726.3650	94.8548	
10/08/2017	00:36:41	019004	H421029397HLR	L421	S		706.8965	1.0233	19.9173	100.0880	39.9487	0.8230	0.8255	5.0000	20.8217	815.0953	94.8548	15.3924	25.7000	0.9300	0.9366	0.7266	-0.0019	815.0000	815.4859	1.0339	-2.5219	100.0349	40.1650	0.8230	0.8229	5.0000	-9999.0000	-9999.0000	-9999.0000	-9999.0000	-9999.0000	-9999.0000	21.1322	5	0	26.1231	1.0000	99	9	-9999.0000	51869	35938	-9999	152	149	-9999	568.2538	5	0.6981	0.7266	-0.0019	64.3312	2.9541	670.9531	374.2212	36.3998	649.6971	95.3161	717.6704	94.5253	729.1968	94.7889	737.4192	94.8548	
10/08/2017	00:37:10	019004	H421029455HLR	L421	S		696.8566	1.0233	16.7681	99.9772	39.9661	0.8230	0.8253	5.0000	20.9730	815.1272	94.8548	16.1112	25.7000	0.9300	0.9366	0.7266	-0.0019	815.0000	812.0898	1.0339	-2.4249	100.0164	40.0354	0.8230	0.8228	5.0000	-9999.0000	-9999.0000	-9999.0000	-9999.0000	-9999.0000	-9999.0000	20.7328	6	0	29.1527	1.0000	99	9	-9999.0000	51870	35939	-9999	153	150	-9999	567.1234	5	0.6981	0.7266	-0.0019	64.3312	2.9541	665.9346	363.6919	35.9385	644.6307	95.4479	710.6718	94.5692	721.6327	94.7889	730.5984	94.8548	
10/08/2017	00:37:35	019004	H421029447HLR	L421	S		696.4574	1.0233	16.6428	100.1103	39.9225	0.8230	0.8256	5.0000	20.1126	815.0835	94.8987	16.7714	25.7000	0.9300	0.9368	0.7252	-0.0018	815.0000	812.3550	1.0339	-2.4325	99.9660	39.8598	0.8230	0.8227	5.0000	-9999.0000	-9999.0000	-9999.0000	-9999.0000	-9999.0000	-9999.0000	25.7128	7	0	24.6230	1.0000	99	9	-9999.0000	51871	35940	-9999	154	151	-9999	565.9951	5	0.6982	0.7252	-0.0018	51.3641	3.8791	663.6968	368.6897	37.0149	642.9747	95.3600	708.8131	94.5692	718.5653	94.8108	726.6151	94.8548	
10/08/2017	00:38:02	019004	H421029417HLR	L421	S		714.8835	1.0233	22.4227	100.0613	39.9487	0.8230	0.8257	5.0000	20.0423	815.0948	94.8108	13.8209	25.8000	0.9300	0.9367	0.7252	-0.0018	815.0000	817.5001	1.0339	-2.5793	100.0400	40.0031	0.8230	0.8229	5.0000	-9999.0000	-9999.0000	-9999.0000	-9999.0000	-9999.0000	-9999.0000	20.9721	8	0	27.3829	1.0000	99	9	-9999.0000	51872	35941	-9999	155	152	-9999	570.6779	5	0.6982	0.7252	-0.0018	51.3641	3.8791	681.2500	367.9054	36.3998	660.0588	95.0964	724.9096	94.4594	736.3349	94.7669	745.5195	94.8767	
10/08/2017	00:38:30	019004	H421029406HLR	L421	S		730.0200	1.0233	22.7267	100.0486	39.9575	0.8230	0.8253	5.0000	20.8325	815.1167	94.7010	12.3412	25.7000	0.9300	0.9366	0.7252	-0.0018	815.0000	823.7508	1.0339	-2.7577	100.0429	40.0600	0.8230	0.8228	5.0000	-9999.0000	-9999.0000	-9999.0000	-9999.0000	-9999.0000	-9999.0000	20.9319	1	0	27.5832	1.0000	99	9	-9999.0000	51873	35942	-9999	156	153	-9999	572.8559	5	0.6980	0.7252	-0.0018	55.9845	3.5686	699.5689	365.3553	37.6080	677.8645	94.9866	742.6582	94.4594	753.8608	94.7669	761.6801	94.8767	
10/08/2017	00:38:56	019004	H421029422HLR	L421	S		600.0315	1.0233	0.0000	99.9702	39.8666	0.8230	0.8258	5.0000	19.9125	0.0000	0.0000	0.0000	0.0000	0.9300	0.0000	0.0000	0.0000	0.0000	622.9104	1.0339	-0.4251	100.0756	39.9047	0.8230	0.8231	5.0000	-9999.0000	-9999.0000	-9999.0000	-9999.0000	-9999.0000	-9999.0000	21.0922	2	7	26.4326	1.0000	99	9	-9999.0000	51873	0	-9999	157	154	-9999	0.0000	0	0.0000	0.0000	0.0000	0.0000	0.0000	0.0000	0.0000	0.0000	0.0000	0.0000	0.0000	0.0000	0.0000	0.0000	0.0000	0.0000	
10/08/2017	00:39:22	019004	H421029411HLR	L421	S		729.5049	1.0233	22.8959	100.0628	39.9487	0.8230	0.8256	5.0000	20.2123	815.1304	94.7010	10.4113	25.9000	0.9300	0.9367	0.7192	-0.0014	815.0000	819.7295	1.0339	-2.6430	100.0291	40.0512	0.8230	0.8229	5.0000	-9999.0000	-9999.0000	-9999.0000	-9999.0000	-9999.0000	-9999.0000	23.0025	3	0	26.1133	1.0000	99	9	-9999.0000	51874	35943	-9999	158	155	-9999	574.3926	5	0.6981	0.7192	-0.0014	52.4452	3.8268	702.2213	347.6266	37.7398	679.6017	94.6351	749.9393	94.4374	762.9327	94.8108	771.7343	94.8987	
10/08/2017	00:39:58	019004	H421033303HLR	L421	S		706.7700	1.0233	19.8777	100.0591	40.0171	0.8230	0.8256	5.0000	20.0724	815.1007	95.1184	13.5923	25.7000	0.9300	0.9365	0.7187	-0.0014	815.0000	814.9568	1.0339	-2.5068	100.0779	40.1112	0.8230	0.8228	5.0000	-9999.0000	-9999.0000	-9999.0000	-9999.0000	-9999.0000	-9999.0000	21.2220	4	0	35.5442	1.0000	99	9	-9999.0000	51875	35944	-9999	159	156	-9999	570.5924	5	0.6981	0.7187	-0.0014	48.5152	4.0829	686.7380	370.6351	37.7398	665.8559	94.8548	730.1054	94.4374	741.5380	94.8108	749.9636	94.9207	
10/08/2017	00:40:27	019004	H421033304HLR	L421	S		706.6681	1.0233	19.8457	100.0320	39.8807	0.8230	0.8251	5.0000	21.4018	815.0987	94.7669	13.8414	25.8000	0.9300	0.9366	0.7161	-0.0012	815.0000	816.8508	1.0339	-2.5608	100.0719	40.0193	0.8230	0.8227	5.0000	-9999.0000	-9999.0000	-9999.0000	-9999.0000	-9999.0000	-9999.0000	21.0424	5	0	28.6631	1.0000	99	9	-9999.0000	51876	35945	-9999	160	157	-9999	570.2348	5	0.6980	0.7161	-0.0012	40.3674	4.6110	688.2815	376.2305	37.0149	666.9820	95.0964	734.1324	94.5253	744.6066	94.8108	752.5912	94.8987	
10/08/2017	00:40:55	019004	H421033083HLR	L421	S		702.7429	1.0233	18.6145	100.0154	39.9432	0.8230	0.8257	5.0000	20.1117	815.0806	94.6131	12.5512	25.7000	0.9300	0.9366	0.7161	-0.0012	815.0000	817.5223	1.0339	-2.5800	99.9888	39.9904	0.8230	0.8229	5.0000	-9999.0000	-9999.0000	-9999.0000	-9999.0000	-9999.0000	-9999.0000	20.1613	6	0	28.5433	1.0000	99	9	-9999.0000	51877	35946	-9999	160	158	-9999	571.4952	5	0.6980	0.7161	-0.0012	40.3674	4.6110	694.1734	374.0946	35.5431	672.8050	95.0085	738.5561	94.4594	750.2718	94.7889	759.4727	94.8987	
10/08/2017	00:41:22	019004	H421033313HLR	L421	S		707.0347	1.0233	19.9607	99.9974	40.0318	0.8230	0.8256	5.0000	20.0716	815.0551	94.6131	12.3705	25.7000	0.9300	0.9366	0.7102	-0.0008	815.0000	814.2185	1.0339	-2.4857	100.0075	39.9487	0.8230	0.8228	5.0000	-9999.0000	-9999.0000	-9999.0000	-9999.0000	-9999.0000	-9999.0000	25.0135	7	0	26.8731	1.0000	99	9	-9999.0000	51878	35947	-9999	161	159	-9999	570.7218	5	0.6982	0.7102	-0.0008	43.8435	4.3733	693.5565	371.8218	38.0473	671.8182	94.8767	740.8765	94.4594	750.6291	94.8108	759.4960	94.8767	
10/08/2017	00:41:48	019004	H421033323HLR	L421	S		705.6977	1.0233	19.5413	99.9488	39.9399	0.8230	0.8255	5.0000	20.0219	815.0618	94.8108	13.4810	25.7000	0.9300	0.9366	0.7098	-0.0008	815.0000	815.8745	1.0339	-2.5329	100.0457	40.0359	0.8230	0.8228	5.0000	-9999.0000	-9999.0000	-9999.0000	-9999.0000	-9999.0000	-9999.0000	21.0023	8	0	26.0431	1.0000	99	9	-9999.0000	51879	35948	-9999	162	160	-9999	569.9441	5	0.6981	0.7098	-0.0008	45.6894	4.2658	695.1187	369.0746	38.0034	674.4051	94.9646	739.0494	94.5253	750.1401	94.8108	758.5879	94.9207	
10/08/2017	00:42:15	019004	H421033333HLR	L421	S		705.0158	1.0233	19.3274	100.1175	39.9215	0.8230	0.8256	5.0000	20.0813	815.1011	94.8987	14.9812	25.7000	0.9300	0.9367	0.7090	-0.0007	815.0000	816.1403	1.0339	-2.5405	100.0897	40.0005	0.8230	0.8228	5.0000	-9999.0000	-9999.0000	-9999.0000	-9999.0000	-9999.0000	-9999.0000	20.8421	1	0	27.4132	1.0000	99	9	-9999.0000	51880	35949	-9999	162	161	-9999	568.9195	5	0.6980	0.7090	-0.0007	47.4367	4.1679	697.7993	390.0333	38.8821	677.8492	95.0525	736.0319	94.6131	744.6501	94.8767	751.9034	94.9207	
10/08/2017	00:42:44	019004	H421033337HLR	L421	S		705.2680	1.0233	19.4065	100.0323	39.9978	0.8230	0.8257	5.0000	20.0716	815.0621	94.6790	12.6118	25.7000	0.9300	0.9365	0.7079	-0.0007	815.0000	813.7315	1.0339	-2.4718	100.0183	39.9487	0.8230	0.8227	5.0000	-9999.0000	-9999.0000	-9999.0000	-9999.0000	-9999.0000	-9999.0000	22.9830	2	0	28.7133	1.0000	99	9	-9999.0000	51881	35950	-9999	163	162	-9999	570.0468	5	0.6979	0.7079	-0.0007	46.6405	4.2126	693.5111	375.8375	36.2241	671.2730	95.2502	740.6420	94.5472	751.6703	94.7669	760.3066	94.8548	
10/08/2017	00:43:10	019004	H421033343HLR	L421	S		708.2251	1.0233	20.3341	99.9969	39.8860	0.8230	0.8255	5.0000	20.0130	815.1147	94.7010	13.1724	25.7000	0.9300	0.9365	0.7087	-0.0007	815.0000	813.8231	1.0339	-2.4744	100.0738	40.0101	0.8230	0.8229	5.0000	-9999.0000	-9999.0000	-9999.0000	-9999.0000	-9999.0000	-9999.0000	20.6722	3	0	25.6523	1.0000	99	9	-9999.0000	51882	35951	-9999	164	163	-9999	569.8477	5	0.6981	0.7087	-0.0007	54.0753	3.7442	692.5097	364.8214	35.1477	670.6894	95.2282	736.6859	94.5033	748.3315	94.7889	755.4040	94.8987	
10/08/2017	00:43:37	019004	H421033352HLR	L421	S		708.8384	1.0233	20.5265	100.0274	39.9102	0.8230	0.8254	5.0000	21.3325	815.0937	94.5912	12.2914	25.7000	0.9300	0.9367	0.7086	-0.0007	815.0000	813.7211	1.0339	-2.4715	100.0215	39.9921	0.8230	0.8228	5.0000	-9999.0000	-9999.0000	-9999.0000	-9999.0000	-9999.0000	-9999.0000	21.4829	4	0	26.9034	1.0000	99	9	-9999.0000	51883	35952	-9999	165	164	-9999	570.2887	5	0.6982	0.7086	-0.0007	60.3757	3.3733	697.5479	376.9520	35.6968	675.5989	95.1403	744.9405	94.5472	755.7614	94.8108	763.5082	94.9207	
10/08/2017	00:44:05	019004	H421033348HLR	L421	S		704.5869	1.0233	19.1929	99.9716	39.9951	0.8230	0.8258	5.0000	19.9622	815.0911	94.8328	13.7516	25.7000	0.9300	0.9367	0.7092	-0.0008	815.0000	815.2855	1.0339	-2.5161	100.0372	40.0021	0.8230	0.8228	5.0000	-9999.0000	-9999.0000	-9999.0000	-9999.0000	-9999.0000	-9999.0000	20.7815	5	0	27.9826	1.0000	99	9	-9999.0000	51884	35953	-9999	166	165	-9999	569.1023	5	0.6981	0.7092	-0.0008	60.5367	3.3743	692.6441	370.4376	37.0588	670.8944	95.0964	738.4508	94.5472	748.7942	94.7889	756.3882	94.8987	
10/08/2017	00:44:32	019004	H421033339HLR	L421	S		706.0510	1.0233	19.6521	100.0148	39.9558	0.8230	0.8256	5.0000	19.8529	815.1336	94.8767	14.5114	25.7000	0.9300	0.9368	0.7089	-0.0007	815.0000	816.2409	1.0339	-2.5434	99.9824	39.9487	0.8230	0.8228	5.0000	-9999.0000	-9999.0000	-9999.0000	-9999.0000	-9999.0000	-9999.0000	24.6726	6	0	27.7239	1.0000	99	9	-9999.0000	51885	35954	-9999	167	166	-9999	569.1228	5	0.6984	0.7089	-0.0007	66.4667	3.0111	695.3677	382.5507	37.9595	673.5261	95.1623	739.0718	94.6131	748.2573	94.8548	754.9942	94.8987	
10/08/2017	00:44:59	019004	H421033329HLR	L421	S		709.5866	1.0233	20.7612	99.9575	39.9157	0.8230	0.8253	5.0000	20.9223	815.0941	94.6131	11.9213	25.7000	0.9300	0.9365	0.7091	-0.0008	815.0000	813.1293	1.0339	-2.4546	100.0610	40.0033	0.8230	0.8227	5.0000	-9999.0000	-9999.0000	-9999.0000	-9999.0000	-9999.0000	-9999.0000	21.6722	7	0	26.5928	1.0000	99	9	-9999.0000	51886	35955	-9999	168	167	-9999	570.5156	5	0.6985	0.7091	-0.0008	65.6028	3.0679	699.6072	376.8036	36.0703	677.8965	95.3380	744.0602	94.5692	755.3915	94.7669	763.8612	94.8548	
10/08/2017	00:45:27	019004	H421033309HLR	L421	S		704.7557	1.0233	19.2458	99.9519	39.9487	0.8230	0.8256	5.0000	19.9828	815.0516	94.6790	13.1314	25.7000	0.9300	0.9366	0.7094	-0.0008	815.0000	814.2528	1.0339	-2.4867	100.0584	40.0001	0.8230	0.8228	5.0000	-9999.0000	-9999.0000	-9999.0000	-9999.0000	-9999.0000	-9999.0000	20.9621	8	0	27.6926	1.0000	99	9	-9999.0000	51887	35956	-9999	169	168	-9999	570.1166	5	0.6988	0.7094	-0.0008	83.5944	1.8444	695.4367	381.3051	36.4218	674.2325	95.1184	738.1596	94.4813	748.6257	94.7669	756.7961	94.8987	
10/08/2017	00:45:53	019004	H421033319HLR	L421	S		709.3257	1.0233	20.6793	100.0778	39.9487	0.8230	0.8256	5.0000	19.9513	815.0988	94.6131	12.4916	25.7000	0.9300	0.9365	0.7089	-0.0007	815.0000	813.7189	1.0339	-2.4714	100.0523	40.0461	0.8230	0.8229	5.0000	-9999.0000	-9999.0000	-9999.0000	-9999.0000	-9999.0000	-9999.0000	20.2727	1	0	26.4132	1.0000	99	9	-9999.0000	51888	35957	-9999	170	169	-9999	570.5652	5	0.6989	0.7089	-0.0007	79.8146	2.1506	701.6048	377.1471	37.5201	680.6030	95.0525	744.4799	94.5472	754.6107	94.8108	761.7095	94.9207	
10/08/2017	00:46:20	019004	H421032797HLR	L421	S		704.9850	1.0233	19.3178	100.0628	39.9487	0.8230	0.8255	5.0000	20.0825	815.1001	94.8767	14.0416	25.7000	0.9300	0.9367	0.7108	-0.0009	815.0000	815.4088	1.0339	-2.5197	100.0909	40.0357	0.8230	0.8228	5.0000	-9999.0000	-9999.0000	-9999.0000	-9999.0000	-9999.0000	-9999.0000	20.9925	2	0	26.8927	1.0000	99	9	-9999.0000	51889	35958	-9999	171	170	-9999	569.4093	5	0.6988	0.7108	-0.0009	83.7422	1.8561	690.4521	371.2218	37.6300	668.7622	94.9866	734.3652	94.5472	745.5017	94.7889	754.3945	94.8987	
10/08/2017	00:46:47	019004	H421033387HLR	L421	S		706.7956	1.0233	19.8857	100.0505	39.9384	0.8230	0.8254	5.0000	20.8724	815.0887	94.6571	12.9116	25.7000	0.9300	0.9365	0.7125	-0.0010	815.0000	815.1115	1.0339	-2.5112	100.0408	40.0095	0.8230	0.8231	5.0000	-9999.0000	-9999.0000	-9999.0000	-9999.0000	-9999.0000	-9999.0000	21.0825	3	0	27.3936	1.0000	99	9	-9999.0000	51890	35959	-9999	172	171	-9999	570.2091	5	0.6991	0.7125	-0.0010	83.4658	1.8494	691.2229	375.7116	35.4991	668.9163	95.1403	737.9859	94.5912	748.4450	94.8108	756.4537	94.8987	
10/08/2017	00:47:15	019004	H421026285HLR	L421	S		707.6365	1.0233	20.1495	100.0004	39.9487	0.8230	0.8256	5.0000	20.0518	815.0967	94.6131	12.9009	25.7000	0.9300	0.9367	0.7122	-0.0010	815.0000	814.8999	1.0339	-2.5051	100.0748	40.0096	0.8230	0.8229	5.0000	-9999.0000	-9999.0000	-9999.0000	-9999.0000	-9999.0000	-9999.0000	20.6126	4	0	27.1829	1.0000	99	9	-9999.0000	51891	35960	-9999	173	172	-9999	570.2777	5	0.6993	0.7122	-0.0010	82.3701	1.9702	692.0262	382.3746	36.5975	670.2627	95.1623	738.0482	94.5033	749.3358	94.8108	757.6231	94.9207	
10/08/2017	00:47:43	019004	H421033384HLR	L421	S		711.5866	1.0233	21.3885	99.9466	39.9440	0.8230	0.8252	5.0000	21.5923	815.1546	94.6131	12.6811	25.7000	0.9300	0.9366	0.7203	-0.0016	815.0000	815.4309	1.0339	-2.5203	100.0025	40.0596	0.8230	0.8229	5.0000	-9999.0000	-9999.0000	-9999.0000	-9999.0000	-9999.0000	-9999.0000	20.4221	5	0	28.3333	1.0000	99	9	-9999.0000	51892	35961	-9999	174	173	-9999	571.0379	5	0.6996	0.7203	-0.0016	78.6753	2.2284	691.9068	364.9188	37.4323	671.2471	95.0085	736.6185	94.5472	747.4568	94.8108	755.4156	94.9207	
10/08/2017	00:48:09	019004	H421033364HLR	L421	S		706.4603	1.0233	19.7805	99.9609	39.9366	0.8230	0.8252	5.0000	21.6518	815.1162	94.6131	13.0718	25.7000	0.9300	0.9365	0.7203	-0.0016	815.0000	816.0569	1.0339	-2.5382	100.0485	40.0381	0.8230	0.8229	5.0000	-9999.0000	-9999.0000	-9999.0000	-9999.0000	-9999.0000	-9999.0000	20.2522	6	0	26.0927	1.0000	99	9	-9999.0000	51893	35962	-9999	175	174	-9999	570.4952	5	0.6995	0.7203	-0.0016	76.8582	2.3605	686.8429	374.6872	36.2241	665.5810	95.1843	731.6738	94.5692	744.1006	94.8108	752.3774	94.9207	
10/08/2017	00:48:36	019004	H421033353HLR	L421	S		704.7246	1.0233	19.2361	99.9727	39.9487	0.8230	0.8255	5.0000	20.6214	815.1150	94.6571	13.7310	25.7000	0.9300	0.9367	0.7204	-0.0016	815.0000	814.9752	1.0339	-2.5073	100.0401	40.0134	0.8230	0.8229	5.0000	-9999.0000	-9999.0000	-9999.0000	-9999.0000	-9999.0000	-9999.0000	20.1916	7	0	26.5929	1.0000	99	9	-9999.0000	51894	35963	-9999	176	175	-9999	569.5552	5	0.6994	0.7204	-0.0016	76.5018	2.3948	683.8935	369.2216	36.5975	662.7412	95.0744	728.5662	94.5692	739.8135	94.8108	747.6973	94.9426	
10/08/2017	00:49:02	019004	H421033359HLR	L421	S		707.9584	1.0233	20.2504	100.0234	39.9814	0.8230	0.8256	5.0000	20.1321	815.0874	94.5912	13.0522	25.7000	0.9300	0.9366	0.7202	-0.0016	815.0000	816.3213	1.0339	-2.5457	100.0528	40.0214	0.8230	0.8229	5.0000	-9999.0000	-9999.0000	-9999.0000	-9999.0000	-9999.0000	-9999.0000	21.1018	8	0	26.8438	1.0000	99	9	-9999.0000	51895	35964	-9999	177	176	-9999	570.4322	5	0.6995	0.7202	-0.0016	77.3380	2.3299	688.5294	368.3984	36.3778	667.3326	95.1403	733.5551	94.5692	744.5871	94.8328	753.9352	94.9207	
10/08/2017	00:49:30	019004	H421033368HLR	L421	S		703.3548	1.0233	18.8064	100.0080	39.9139	0.8230	0.8252	5.0000	21.4225	815.1130	94.9207	14.6218	25.7000	0.9300	0.9367	0.7208	-0.0016	815.0000	814.5267	1.0339	-2.4945	100.0338	40.0334	0.8230	0.8229	5.0000	-9999.0000	-9999.0000	-9999.0000	-9999.0000	-9999.0000	-9999.0000	20.6916	1	0	27.7825	1.0000	99	9	-9999.0000	51895	35965	-9999	178	176	-9999	568.4412	5	0.6996	0.7208	-0.0016	74.8220	2.5028	688.9992	377.3958	36.9270	669.0882	95.2282	726.7553	94.5692	736.3850	94.8328	743.1282	94.9426	
10/08/2017	00:49:57	019004	H421033399HLR	L421	S		706.1633	1.0233	19.6873	100.0776	39.9487	0.8230	0.8256	5.0000	20.0715	815.1246	94.6790	12.2817	25.7000	0.9300	0.9366	0.7206	-0.0016	815.0000	814.1490	1.0339	-2.4837	100.0753	39.9982	0.8230	0.8229	5.0000	-9999.0000	-9999.0000	-9999.0000	-9999.0000	-9999.0000	-9999.0000	20.8020	2	0	26.5033	1.0000	99	9	-9999.0000	51896	35966	-9999	179	177	-9999	571.4662	5	0.6995	0.7206	-0.0016	73.5047	2.6055	687.0451	359.1902	35.9605	665.4512	95.2062	734.5128	94.5912	745.9986	94.7669	755.3380	94.8767	
10/08/2017	00:50:23	019004	H421033400HLR	L421	S		705.8777	1.0233	19.5978	100.0372	39.9929	0.8230	0.8254	5.0000	21.0024	815.0813	94.7010	12.8813	25.7000	0.9300	0.9367	0.7203	-0.0016	815.0000	814.4720	1.0339	-2.4929	100.0337	39.9759	0.8230	0.8228	5.0000	-9999.0000	-9999.0000	-9999.0000	-9999.0000	-9999.0000	-9999.0000	22.4117	3	0	26.3533	1.0000	99	9	-9999.0000	51897	35967	-9999	180	178	-9999	570.6905	5	0.6995	0.7203	-0.0016	73.2876	2.6188	685.9171	376.3475	36.2021	663.8634	95.3820	731.3881	94.5472	742.3419	94.7669	752.1353	94.8987	
10/08/2017	00:50:49	019004	H421033391HLR	L421	S		707.0352	1.0233	19.9609	100.0360	39.9487	0.8230	0.8255	5.0000	19.9720	815.0990	94.6571	12.8511	25.7000	0.9300	0.9366	0.7214	-0.0017	815.0000	815.0491	1.0339	-2.5094	100.0754	40.0142	0.8230	0.8228	5.0000	-9999.0000	-9999.0000	-9999.0000	-9999.0000	-9999.0000	-9999.0000	20.9016	4	0	26.3927	1.0000	99	9	-9999.0000	51898	35968	-9999	181	179	-9999	570.6829	5	0.6996	0.7214	-0.0017	67.6570	3.0642	689.8483	374.4825	36.6854	668.6934	95.2062	734.1582	94.5692	745.8353	94.8108	754.9286	94.8987	
10/08/2017	00:51:16	019004	H421033382HLR	L421	S		707.5222	1.0233	20.1136	100.0160	39.9487	0.8230	0.8256	5.0000	20.1321	815.0931	94.8328	14.0817	25.7000	0.9300	0.9367	0.7197	-0.0015	815.0000	816.8645	1.0339	-2.5612	100.0195	39.9734	0.8230	0.8228	5.0000	-9999.0000	-9999.0000	-9999.0000	-9999.0000	-9999.0000	-9999.0000	21.9829	5	0	26.6827	1.0000	99	9	-9999.0000	51899	35969	-9999	182	180	-9999	569.1579	5	0.6995	0.7197	-0.0015	68.6653	2.9678	688.7264	377.6819	37.6959	667.8746	95.1184	731.7320	94.5692	742.9267	94.8328	750.1478	94.9207	
10/08/2017	00:51:44	019004	H421033461HLR	L421	S		707.9448	1.0233	20.2462	100.0710	39.9677	0.8230	0.8255	5.0000	20.3419	815.1052	94.6131	12.5112	25.7000	0.9300	0.9365	0.7208	-0.0016	815.0000	814.9558	1.0339	-2.5067	100.0534	40.0085	0.8230	0.8228	5.0000	-9999.0000	-9999.0000	-9999.0000	-9999.0000	-9999.0000	-9999.0000	21.0814	6	0	27.4532	1.0000	99	9	-9999.0000	51900	35970	-9999	183	181	-9999	571.1739	5	0.6996	0.7208	-0.0016	72.5807	2.6967	690.0582	373.2799	35.8287	668.6496	95.4479	733.7498	94.6571	745.1386	94.7889	753.5094	94.8767	
10/08/2017	00:52:10	019004	H421033491HLR	L421	S		709.4497	1.0233	20.7182	99.9758	39.9499	0.8230	0.8255	5.0000	20.1516	815.1454	94.6131	12.6616	25.7000	0.9300	0.9367	0.7215	-0.0017	815.0000	815.5482	1.0339	-2.5236	99.9929	39.9829	0.8230	0.8227	5.0000	-9999.0000	-9999.0000	-9999.0000	-9999.0000	-9999.0000	-9999.0000	22.5220	7	0	26.5332	1.0000	99	9	-9999.0000	51901	35971	-9999	184	181	-9999	571.0760	5	0.6996	0.7215	-0.0017	76.0124	2.4542	687.4291	367.0337	36.5536	665.9259	95.3161	731.5715	94.5472	743.2896	94.8108	752.4720	94.8987	
10/08/2017	00:52:39	019004	H421033462HLR	L421	S		711.3132	1.0233	21.3027	100.0504	39.9450	0.8230	0.8256	5.0000	19.9123	815.1163	94.5912	12.6616	25.7000	0.9300	0.9367	0.7210	-0.0016	815.0000	815.1434	1.0339	-2.5121	100.0217	39.9628	0.8230	0.8227	5.0000	-9999.0000	-9999.0000	-9999.0000	-9999.0000	-9999.0000	-9999.0000	22.9231	8	0	28.5834	1.0000	99	9	-9999.0000	51901	35972	-9999	185	182	-9999	571.1011	5	0.6997	0.7210	-0.0016	77.3383	2.3510	689.3477	371.1357	37.0588	667.8540	95.1184	735.4941	94.5692	745.7681	94.8328	754.4538	94.9207	
10/08/2017	00:53:05	019004	H421033483HLR	L421	S		707.9528	1.0233	20.2487	100.0354	39.9487	0.8230	0.8256	5.0000	20.1927	815.1071	94.5912	13.0015	25.7000	0.9300	0.9368	0.7223	-0.0017	815.0000	815.4393	1.0339	-2.5205	100.0629	39.9734	0.8230	0.8227	5.0000	-9999.0000	-9999.0000	-9999.0000	-9999.0000	-9999.0000	-9999.0000	22.2729	1	0	26.5723	1.0000	99	9	-9999.0000	51902	35973	-9999	186	183	-9999	570.5850	5	0.6997	0.7223	-0.0017	75.9061	2.4601	685.9769	373.9979	35.7847	664.9676	95.0744	730.0959	94.5253	742.5781	94.8108	752.2627	94.8987	
10/08/2017	00:53:32	019004	H421033477HLR	L421	S		705.2335	1.0233	19.3957	100.0366	39.9487	0.8230	0.8256	5.0000	19.9416	815.1130	94.6131	13.2720	25.8000	0.9300	0.9366	0.7229	-0.0018	815.0000	814.7785	1.0339	-2.5017	100.0592	40.0007	0.8230	0.8229	5.0000	-9999.0000	-9999.0000	-9999.0000	-9999.0000	-9999.0000	-9999.0000	20.8421	2	0	27.1231	1.0000	99	9	-9999.0000	51903	35974	-9999	187	184	-9999	570.2359	5	0.6996	0.7229	-0.0018	86.5592	1.6854	685.3352	369.3366	36.7732	664.0855	95.0305	729.2120	94.5692	741.5437	94.8548	749.3585	94.9426	
10/08/2017	00:53:59	019004	H421033476HLR	L421	S		706.1122	1.0233	19.6713	100.0358	39.9307	0.8230	0.8253	5.0000	20.8724	815.1382	94.5472	12.8510	25.7000	0.9300	0.9367	0.7227	-0.0018	815.0000	814.8852	1.0339	-2.5047	100.0888	40.0232	0.8230	0.8229	5.0000	-9999.0000	-9999.0000	-9999.0000	-9999.0000	-9999.0000	-9999.0000	21.0018	3	0	26.4033	1.0000	99	9	-9999.0000	51904	35975	-9999	188	185	-9999	570.7867	5	0.6996	0.7227	-0.0018	83.3719	1.9090	685.3000	369.9894	36.0923	663.9676	95.2941	731.0157	94.6571	740.5924	94.8767	747.8256	94.9207	
10/08/2017	00:54:26	019004	H421033475HLR	L421	S		705.5900	1.0233	19.5075	100.0815	39.9423	0.8230	0.8254	5.0000	21.0219	815.1189	94.9207	14.4723	25.7000	0.9300	0.9368	0.7203	-0.0016	815.0000	814.9878	1.0339	-2.5076	100.0120	39.9724	0.8230	0.8227	5.0000	-9999.0000	-9999.0000	-9999.0000	-9999.0000	-9999.0000	-9999.0000	23.0826	4	0	27.2931	1.0000	99	9	-9999.0000	51905	35976	-9999	188	186	-9999	568.6766	5	0.6996	0.7203	-0.0016	84.3261	1.8392	683.8286	365.9753	35.8067	662.3705	95.2721	729.8990	94.6131	739.6448	94.8328	747.5866	94.8987	
10/08/2017	00:54:55	019004	H421033455HLR	L421	S		708.2914	1.0233	20.3549	100.0152	39.9487	0.8230	0.8257	5.0000	19.9222	815.1546	94.6790	12.9419	25.8000	0.9300	0.9366	0.7342	-0.0027	815.0000	814.9980	1.0339	-2.5079	100.0859	39.9894	0.8230	0.8228	5.0000	-9999.0000	-9999.0000	-9999.0000	-9999.0000	-9999.0000	-9999.0000	21.2727	5	0	28.9329	1.0000	99	9	-9999.0000	51906	35977	-9999	189	187	-9999	570.5249	5	0.6997	0.7342	-0.0027	81.7282	2.0167	675.3252	365.6462	36.9929	654.0606	95.3161	720.1244	94.6571	732.4996	94.7889	743.3093	94.8548	
10/08/2017	00:55:23	019004	H421033493HLR	L421	S		706.4663	1.0233	19.7824	100.0736	39.9573	0.8230	0.8256	5.0000	19.9522	815.0893	94.6131	13.0220	25.8000	0.9300	0.9367	0.7245	-0.0019	815.0000	814.6186	1.0339	-2.4971	99.9861	39.9798	0.8230	0.8227	5.0000	-9999.0000	-9999.0000	-9999.0000	-9999.0000	-9999.0000	-9999.0000	21.9829	6	0	28.2933	1.0000	99	9	-9999.0000	51907	35978	-9999	190	188	-9999	570.4964	5	0.6997	0.7245	-0.0019	81.1440	2.0644	683.1080	363.3447	36.8611	661.4531	95.3161	727.7776	94.5692	739.9044	94.7889	749.1813	94.8987	
10/08/2017	00:55:50	019004	H421033468HLR	L421	S		708.8496	1.0233	20.5300	99.9649	39.9120	0.8230	0.8255	5.0000	20.1816	815.0932	94.5472	12.3911	25.8000	0.9300	0.9366	0.7237	-0.0018	815.0000	815.0329	1.0339	-2.5089	99.9984	39.9794	0.8230	0.8227	5.0000	-9999.0000	-9999.0000	-9999.0000	-9999.0000	-9999.0000	-9999.0000	22.5132	7	0	26.9630	1.0000	99	9	-9999.0000	51908	35979	-9999	191	189	-9999	571.5081	5	0.6998	0.7237	-0.0018	83.7822	1.8795	687.2861	366.8605	35.5870	666.3567	95.1843	731.4106	94.5472	743.8053	94.7889	753.0493	94.8987	
10/08/2017	00:58:36	019004	H421033459HLR	L421	S		707.1899	1.0233	20.0094	100.0753	39.9487	0.8230	0.8257	5.0000	20.0216	815.1292	94.6351	13.0317	25.8000	0.9300	0.9367	0.7210	-0.0016	815.0000	814.6199	1.0339	-2.4971	100.0168	39.9487	0.8230	0.8227	5.0000	-9999.0000	-9999.0000	-9999.0000	-9999.0000	-9999.0000	-9999.0000	23.5720	8	0	166.1290	1.0000	99	9	-9999.0000	51909	35980	-9999	192	190	-9999	570.6341	5	0.6996	0.7210	-0.0016	88.9094	1.4903	686.5380	375.7093	36.1362	665.4236	95.1843	732.9909	94.5692	744.3510	94.8108	752.5082	94.9207	
10/08/2017	00:59:03	019004	H421033480HLR	L421	S		709.4701	1.0233	20.7246	99.9384	39.9687	0.8230	0.8255	5.0000	20.2629	815.1325	94.9426	15.1521	25.8000	0.9300	0.9368	0.7200	-0.0015	815.0000	813.4720	1.0339	-2.4644	100.0061	39.9487	0.8230	0.8227	5.0000	-9999.0000	-9999.0000	-9999.0000	-9999.0000	-9999.0000	-9999.0000	25.1922	1	0	26.8828	1.0000	99	9	-9999.0000	51910	35981	-9999	193	191	-9999	568.0612	5	0.6996	0.7200	-0.0015	87.3556	1.5923	687.6699	384.2480	37.2565	667.9678	95.1623	724.5981	94.6351	733.9619	94.8328	741.2499	94.9426	
10/08/2017	00:59:30	019004	H421033490HLR	L421	S		705.3813	1.0233	19.4421	100.1050	39.9487	0.8230	0.8255	5.0000	20.0325	815.1137	94.7889	14.0914	25.8000	0.9300	0.9367	0.7200	-0.0015	815.0000	816.8939	1.0339	-2.5620	100.0323	39.8068	0.8230	0.8227	5.0000	-9999.0000	-9999.0000	-9999.0000	-9999.0000	-9999.0000	-9999.0000	21.1126	2	0	26.8829	1.0000	99	9	-9999.0000	51911	35982	-9999	194	192	-9999	569.4000	5	0.6997	0.7200	-0.0015	88.4181	1.5054	691.4186	377.9696	37.8716	670.9892	95.3820	731.0016	94.5912	741.9908	94.7669	751.6334	94.8767	
10/08/2017	01:00:00	019004	H421033512HLR	L421	S		710.4403	1.0233	21.0290	100.0044	39.9296	0.8230	0.8255	5.0000	20.5229	815.0794	94.6351	12.5014	25.8000	0.9300	0.9366	0.7200	-0.0015	815.0000	815.1673	1.0339	-2.5128	100.0242	39.8461	0.8230	0.8231	5.0000	-9999.0000	-9999.0000	-9999.0000	-9999.0000	-9999.0000	-9999.0000	23.5728	3	0	29.8033	1.0000	99	9	-9999.0000	51912	35983	-9999	195	193	-9999	571.3862	5	0.6999	0.7200	-0.0015	86.0920	1.6706	694.5439	376.0939	38.3988	673.6666	95.2941	735.9104	94.6131	747.0899	94.7889	756.5050	94.8548	
10/08/2017	01:00:27	019004	H421033535HLR	L421	S		723.2434	1.0233	24.9529	99.9892	39.9487	0.8230	0.8256	5.0000	19.9818	815.1185	94.6790	10.5315	25.8000	0.9300	0.9367	0.7216	-0.0016	815.0000	816.4492	1.0339	-2.5493	99.9941	39.9827	0.8230	0.8228	5.0000	-9999.0000	-9999.0000	-9999.0000	-9999.0000	-9999.0000	-9999.0000	26.3828	4	0	27.1437	1.0000	99	9	-9999.0000	51913	35984	-9999	196	194	-9999	574.1541	5	0.7001	0.7216	-0.0016	90.3375	1.3443	704.2933	387.1116	36.6854	683.9467	95.0525	745.9917	94.4374	758.3003	94.7669	767.4433	94.9207	
10/08/2017	01:06:58	019004	H421033533HLR	L421	S		714.1770	1.0233	22.2011	99.9918	39.9487	0.8230	0.8255	5.0000	20.1019	815.1721	95.0085	12.9311	25.8000	0.9300	0.9366	0.7203	-0.0016	815.0000	814.4426	1.0339	-2.4921	99.9863	39.8461	0.8230	0.8224	5.0000	-9999.0000	-9999.0000	-9999.0000	-9999.0000	-9999.0000	-9999.0000	23.8327	5	0	387.4636	1.0000	99	9	-9999.0000	51914	35985	-9999	197	195	-9999	570.9395	5	0.6998	0.7203	-0.0016	87.3283	1.5666	692.4984	358.8046	39.2995	672.4648	95.3161	730.0782	94.7010	740.8330	94.8987	749.1391	94.8767	
10/08/2017	01:09:16	019004	H421034908HLR	L421	S		707.3861	1.0233	20.0709	100.0394	39.6103	0.8230	0.8255	5.0000	20.0129	815.1053	94.6571	12.0512	25.7000	0.9300	0.9366	0.7201	-0.0015	815.0000	815.9532	1.0339	-2.5352	100.0339	39.8396	0.8230	0.8227	5.0000	-9999.0000	-9999.0000	-9999.0000	-9999.0000	-9999.0000	-9999.0000	21.0326	6	0	140.6956	1.0000	99	9	-9999.0000	51915	35986	-9999	198	196	-9999	571.9534	5	0.6996	0.7201	-0.0015	81.5098	2.0122	696.4435	387.5529	38.2451	675.7736	95.0964	736.2203	94.5253	747.7032	94.7669	756.6634	94.8987	
10/08/2017	01:09:42	019004	H421033547HLR	L421	S		714.7463	1.0233	22.3797	99.9993	39.8461	0.8230	0.8263	5.0000	20.0423	815.1231	94.6131	11.7308	25.7000	0.9300	0.9366	0.7204	-0.0016	815.0000	817.5196	1.0339	-2.5799	100.0491	39.8400	0.8230	0.8222	5.0000	-9999.0000	-9999.0000	-9999.0000	-9999.0000	-9999.0000	-9999.0000	20.2522	7	0	27.0527	1.0000	99	9	-9999.0000	51916	35987	-9999	198	197	-9999	572.3874	5	0.6997	0.7204	-0.0016	76.8450	2.3498	697.1376	369.7703	38.6185	676.0047	95.0964	739.0224	94.5472	750.2952	94.7889	759.3985	94.8767	
10/08/2017	01:10:10	019004	H421033521HLR	L421	S		708.9260	1.0233	20.5539	100.1530	40.1538	0.8230	0.8259	5.0000	19.9417	815.1177	94.7010	12.6909	25.8000	0.9300	0.9367	0.7170	-0.0013	815.0000	818.0102	1.0339	-2.5939	99.9934	41.1217	0.8230	0.8263	5.0000	-9999.0000	-9999.0000	-9999.0000	-9999.0000	-9999.0000	-9999.0000	23.7220	8	0	28.0032	1.0000	99	9	-9999.0000	51917	35988	-9999	199	198	-9999	571.1259	5	0.7001	0.7170	-0.0013	73.9267	2.5744	697.2533	388.7720	37.1687	676.3655	95.0744	739.3098	94.5472	751.2070	94.7669	760.6168	94.9207	
10/08/2017	01:10:35	019004	H421033534HLR	L421	S		711.5627	1.0233	21.3810	100.1239	39.7655	0.8230	0.8248	5.0000	21.9127	815.1089	94.5912	12.4321	25.7000	0.9300	0.9367	0.7157	-0.0012	815.0000	815.8497	1.0339	-2.5322	99.9813	40.8998	0.8230	0.8226	5.0000	-9999.0000	-9999.0000	-9999.0000	-9999.0000	-9999.0000	-9999.0000	23.2428	1	0	25.2928	1.0000	99	9	-9999.0000	51917	35989	-9999	200	199	-9999	571.4313	5	0.7001	0.7157	-0.0012	70.4592	2.8203	698.0741	387.2319	38.9260	677.4979	95.0525	738.3704	94.5692	750.2307	94.8108	758.7789	94.9207	
10/08/2017	01:11:02	019004	H421033546HLR	L421	S		716.5436	1.0233	22.9434	100.0739	39.7173	0.8230	0.8257	5.0000	19.9827	815.1028	94.6790	11.3109	25.8000	0.9300	0.9363	0.7153	-0.0012	815.0000	817.3284	1.0339	-2.5744	100.0678	40.2234	0.8230	0.8221	5.0000	-9999.0000	-9999.0000	-9999.0000	-9999.0000	-9999.0000	-9999.0000	20.4319	2	0	26.7629	1.0000	99	9	-9999.0000	51918	35990	-9999	201	200	-9999	572.4634	5	0.7001	0.7153	-0.0012	99.0674	0.6175	698.0450	341.0605	35.7847	675.8504	95.1843	747.0942	94.6790	758.7981	94.7889	767.6345	94.8767	
10/08/2017	01:11:30	019004	H421033506HLR	L421	S		714.9917	1.0233	22.4566	100.0127	39.6410	0.8230	0.8259	5.0000	19.9514	815.1449	94.7230	11.4212	25.3000	0.9300	0.9353	0.7155	-0.0012	815.0000	819.5327	1.0339	-2.6373	99.9907	39.6039	0.8230	0.8220	5.0000	-9999.0000	-9999.0000	-9999.0000	-9999.0000	-9999.0000	-9999.0000	21.5619	3	0	28.0540	1.0000	99	9	-9999.0000	51919	35991	-9999	202	201	-9999	572.3503	5	0.7001	0.7155	-0.0012	92.4379	1.1265	693.3394	344.0118	35.9385	670.7678	95.0525	745.2750	94.4374	756.7830	94.7669	765.0755	94.8548	
10/08/2017	01:11:59	019004	H421035603HLR	L421	S		702.0751	1.0233	18.4050	100.1041	40.3798	0.8230	0.8288	5.0000	20.1114	815.1080	95.0525	13.8219	25.1000	0.9300	0.9354	0.7148	-0.0011	815.0000	820.4034	1.0339	-2.6622	99.9857	39.7435	0.8230	0.8230	5.0000	-9999.0000	-9999.0000	-9999.0000	-9999.0000	-9999.0000	-9999.0000	22.1822	4	0	28.8733	1.0000	99	9	-9999.0000	51920	35992	-9999	203	202	-9999	570.1621	5	0.7000	0.7148	-0.0011	94.4755	0.9797	681.0358	376.8795	34.7523	658.6386	94.9426	731.1435	94.3495	742.5436	94.7010	752.1749	94.8548	
10/08/2017	01:12:27	019004	H421035365HLR	L421	S		707.1325	1.0233	19.9914	100.0002	40.7188	0.8230	0.8261	5.0000	19.9719	815.0829	94.7010	11.6019	25.2000	0.9300	0.9359	0.7149	-0.0011	815.0000	818.3594	1.0339	-2.6039	99.9921	40.0860	0.8230	0.8230	5.0000	-9999.0000	-9999.0000	-9999.0000	-9999.0000	-9999.0000	-9999.0000	22.3326	5	0	27.5823	1.0000	99	9	-9999.0000	51921	35993	-9999	204	203	-9999	572.0347	5	0.7000	0.7149	-0.0011	77.2210	2.3287	689.4773	380.3598	36.3559	666.5976	95.2502	740.9010	94.4594	752.9112	94.7449	762.7538	94.8767	
10/08/2017	01:12:54	019004	H421033064HLR	L421	S		722.9672	1.0233	24.9583	100.1214	40.0089	0.8230	0.8251	5.0000	19.9319	815.1108	94.7669	12.5815	25.2000	0.9300	0.9361	0.7136	-0.0011	815.0000	820.5999	1.0339	-2.6678	100.0079	39.8492	0.8230	0.8224	5.0000	-9999.0000	-9999.0000	-9999.0000	-9999.0000	-9999.0000	-9999.0000	21.3920	6	0	27.0831	1.0000	99	9	-9999.0000	51922	35994	-9999	205	204	-9999	570.9015	5	0.7000	0.7136	-0.0011	66.1946	3.1467	692.9112	375.6157	37.5641	669.8186	95.3380	741.9117	94.4594	752.5934	94.7669	758.6219	94.9207	
10/08/2017	01:13:21	019004	H421033105HLR	L421	S		706.2950	1.0233	19.7287	100.0235	39.4795	0.8230	0.8250	5.0000	20.5618	815.1458	95.0085	14.2819	25.3000	0.9300	0.9364	0.7113	-0.0009	815.0000	818.1315	1.0339	-2.5974	100.0067	39.6410	0.8230	0.8228	5.0000	-9999.0000	-9999.0000	-9999.0000	-9999.0000	-9999.0000	-9999.0000	23.6023	7	0	27.0832	1.0000	99	9	-9999.0000	51923	35995	-9999	206	205	-9999	569.7933	5	0.7001	0.7113	-0.0009	65.4406	3.2547	688.0068	383.8869	37.3883	666.7710	95.4698	734.3506	94.5692	744.5478	94.7669	752.0566	94.8767	
10/08/2017	01:13:50	019004	H421033306HLR	L421	S		703.9692	1.0233	18.9991	99.9629	39.7435	0.8230	0.8263	5.0000	19.9425	815.0663	94.8548	14.6511	25.3000	0.9300	0.9365	0.7124	-0.0010	815.0000	817.7946	1.0339	-2.5877	100.0052	40.0512	0.8230	0.8232	5.0000	-9999.0000	-9999.0000	-9999.0000	-9999.0000	-9999.0000	-9999.0000	22.3521	8	0	29.0735	1.0000	99	9	-9999.0000	51924	35996	-9999	207	206	-9999	568.9521	5	0.6998	0.7124	-0.0010	64.6427	3.3293	685.4625	383.5543	36.7513	664.0778	95.6895	729.7689	94.5912	741.4308	94.7669	749.4874	94.8328	
10/08/2017	01:14:18	019004	H421033081HLR	L421	S		694.2977	1.0233	15.9654	100.0715	40.1538	0.8230	0.8260	5.0000	20.3626	815.1058	94.7889	13.8717	25.4000	0.9300	0.9368	0.7117	-0.0010	815.0000	818.0261	1.0339	-2.5944	99.9921	40.0660	0.8230	0.8228	5.0000	-9999.0000	-9999.0000	-9999.0000	-9999.0000	-9999.0000	-9999.0000	20.3723	1	0	28.1935	1.0000	99	9	-9999.0000	51925	35997	-9999	208	207	-9999	569.4489	5	0.6997	0.7117	-0.0010	59.2782	3.7593	694.1862	377.3948	36.1362	673.2128	95.5138	737.3282	94.5472	748.3116	94.7449	757.5487	94.8328	
10/08/2017	01:14:45	019004	H421033315HLR	L421	S		704.9221	1.0233	19.2980	100.0184	39.7941	0.8230	0.8252	5.0000	20.0022	815.0669	94.7230	13.3209	25.5000	0.9300	0.9367	0.7119	-0.0010	815.0000	814.6932	1.0339	-2.4992	100.0327	39.7905	0.8230	0.8226	5.0000	-9999.0000	-9999.0000	-9999.0000	-9999.0000	-9999.0000	-9999.0000	21.0726	2	0	27.2229	1.0000	99	9	-9999.0000	51926	35998	-9999	209	208	-9999	569.5036	5	0.6994	0.7119	-0.0010	74.9350	2.4159	692.3526	378.0871	37.4323	671.5887	95.4698	734.7227	94.5472	744.9101	94.7669	753.3975	94.8548	
10/08/2017	01:15:13	019004	H421033325HLR	L421	S		704.5141	1.0233	19.1700	100.0197	39.6410	0.8230	0.8258	5.0000	19.9818	815.0874	94.6571	13.3111	25.5000	0.9300	0.9368	0.7134	-0.0011	815.0000	814.4842	1.0339	-2.4933	100.0493	39.9059	0.8230	0.8231	5.0000	-9999.0000	-9999.0000	-9999.0000	-9999.0000	-9999.0000	-9999.0000	20.8822	3	0	27.6025	1.0000	99	9	-9999.0000	51927	35999	-9999	210	209	-9999	569.2740	5	0.6991	0.7134	-0.0011	71.9900	2.6596	689.6878	375.5026	38.0693	668.4679	95.3600	731.7011	94.5692	744.1473	94.7669	752.3435	94.8767	
10/08/2017	01:15:41	019004	H421033335HLR	L421	S		701.3131	1.0233	18.1660	99.8682	39.9960	0.8230	0.8259	5.0000	21.4321	815.1120	94.9426	14.7917	25.4000	0.9300	0.9369	0.7180	-0.0015	815.0000	816.5986	1.0339	-2.5536	100.0007	39.9526	0.8230	0.8228	5.0000	-9999.0000	-9999.0000	-9999.0000	-9999.0000	-9999.0000	-9999.0000	24.2429	4	0	27.7337	1.0000	99	9	-9999.0000	51928	36000	-9999	211	210	-9999	567.0324	5	0.6989	0.7180	-0.0015	56.7562	3.9233	682.3495	379.2882	38.5746	660.4743	95.4479	726.0808	94.5912	736.9184	94.7669	745.9166	94.8767	
10/08/2017	01:16:09	019004	H421033328HLR	L421	S		704.6700	1.0233	19.2189	100.0678	40.0150	0.8230	0.8256	5.0000	20.1419	815.1189	94.8548	14.4723	25.5000	0.9300	0.9368	0.7191	-0.0016	815.0000	814.3114	1.0339	-2.4883	100.0070	39.8592	0.8230	0.8226	5.0000	-9999.0000	-9999.0000	-9999.0000	-9999.0000	-9999.0000	-9999.0000	22.1029	5	0	28.1636	1.0000	99	9	-9999.0000	51929	36001	-9999	212	211	-9999	567.2340	5	0.6989	0.7191	-0.0016	49.4739	4.5570	682.9470	375.0761	36.6195	662.3141	95.3600	725.8218	94.5692	736.6363	94.7669	744.4722	94.8328	
10/08/2017	01:16:36	019004	H421033345HLR	L421	S		705.1735	1.0233	19.3769	100.0271	39.6909	0.8230	0.8252	5.0000	20.9828	815.0849	94.7010	13.4214	25.6000	0.9300	0.9368	0.7182	-0.0015	815.0000	812.9433	1.0339	-2.4493	100.0018	39.8905	0.8230	0.8230	5.0000	-9999.0000	-9999.0000	-9999.0000	-9999.0000	-9999.0000	-9999.0000	20.3625	6	0	27.0029	1.0000	99	9	-9999.0000	51930	36002	-9999	213	212	-9999	568.5955	5	0.6987	0.7182	-0.0015	49.8521	4.5380	687.1446	379.4178	37.1467	666.1263	95.4039	729.4670	94.5912	739.0921	94.7449	748.4557	94.8767	
10/08/2017	01:17:04	019004	H421033346HLR	L421	S		720.7809	1.0233	24.2726	99.9213	39.8461	0.8230	0.8260	5.0000	20.0021	815.0973	94.6571	11.7708	25.6000	0.9300	0.9367	0.7151	-0.0013	815.0000	815.1856	1.0339	-2.5133	100.0672	40.0060	0.8230	0.8230	5.0000	-9999.0000	-9999.0000	-9999.0000	-9999.0000	-9999.0000	-9999.0000	20.6322	7	0	27.9727	1.0000	99	9	-9999.0000	51931	36003	-9999	214	213	-9999	570.4808	5	0.6984	0.7151	-0.0013	63.9510	3.4404	698.1386	377.2674	37.4762	676.8881	95.1403	741.6605	94.4813	753.8120	94.7449	763.0293	94.8767	
10/08/2017	01:17:30	019004	H421033350HLR	L421	S		703.4352	1.0233	18.8316	100.0275	40.0445	0.8230	0.8258	5.0000	20.3128	815.1146	94.9207	13.9420	25.5000	0.9300	0.9369	0.7167	-0.0014	815.0000	815.4151	1.0339	-2.5198	99.9876	39.9049	0.8230	0.8227	5.0000	-9999.0000	-9999.0000	-9999.0000	-9999.0000	-9999.0000	-9999.0000	22.2427	8	0	26.1828	1.0000	99	9	-9999.0000	51932	36004	-9999	215	214	-9999	567.8213	5	0.6980	0.7167	-0.0014	64.8642	3.4000	685.8438	368.7562	37.6959	664.6601	95.0964	730.0540	94.4594	741.3852	94.7230	750.5922	94.9207	
10/08/2017	01:17:57	019004	H421033318HLR	L421	S		704.9394	1.0233	19.3035	100.1330	39.8733	0.8230	0.8254	5.0000	20.3224	815.1013	94.8767	14.3913	25.6000	0.9300	0.9368	0.7148	-0.0013	815.0000	816.0508	1.0339	-2.5380	100.0682	39.8881	0.8230	0.8229	5.0000	-9999.0000	-9999.0000	-9999.0000	-9999.0000	-9999.0000	-9999.0000	20.6829	1	0	27.2929	1.0000	99	9	-9999.0000	51933	36005	-9999	216	215	-9999	567.4171	5	0.6977	0.7148	-0.0013	65.4077	3.3005	692.3183	385.5143	37.0808	672.4566	95.4259	730.6315	94.5692	741.9482	94.7669	750.0642	94.8767	
10/08/2017	01:18:24	019004	H421033341HLR	L421	S		710.2548	1.0233	20.9708	99.9485	39.7524	0.8230	0.8256	5.0000	20.3021	815.1532	94.6351	12.7719	25.6000	0.9300	0.9368	0.7136	-0.0012	815.0000	814.7284	1.0339	-2.5002	100.0072	39.9487	0.8230	0.8229	5.0000	-9999.0000	-9999.0000	-9999.0000	-9999.0000	-9999.0000	-9999.0000	23.9626	2	0	26.3428	1.0000	99	9	-9999.0000	51934	36006	-9999	217	215	-9999	569.2049	5	0.6976	0.7136	-0.0012	67.4030	3.1655	690.9383	364.4363	36.5096	668.6636	95.2721	738.4209	94.5253	749.8680	94.7449	759.2360	94.8548	
10/08/2017	01:18:51	019004	H421033331HLR	L421	S		705.1066	1.0233	19.3559	100.1120	39.9487	0.8230	0.8261	5.0000	19.9622	815.1309	94.8108	14.2018	25.6000	0.9300	0.9369	0.7142	-0.0012	815.0000	815.1646	1.0339	-2.5127	100.0622	39.9968	0.8230	0.8228	5.0000	-9999.0000	-9999.0000	-9999.0000	-9999.0000	-9999.0000	-9999.0000	20.9916	3	0	27.0930	1.0000	99	9	-9999.0000	51935	36007	-9999	218	216	-9999	567.7728	5	0.6977	0.7142	-0.0012	62.0371	3.5109	685.4372	362.7179	36.5536	661.9674	95.1184	735.5726	94.4594	745.6489	94.7669	752.6582	94.9646	
10/08/2017	01:19:17	019004	H421033311HLR	L421	S		709.0230	1.0233	20.5844	100.1238	39.9558	0.8230	0.8252	5.0000	21.5923	815.1195	94.6131	12.1010	25.5000	0.9300	0.9366	0.7135	-0.0012	815.0000	814.4720	1.0339	-2.4929	100.0228	39.8641	0.8230	0.8227	5.0000	-9999.0000	-9999.0000	-9999.0000	-9999.0000	-9999.0000	-9999.0000	22.9926	4	0	26.6837	1.0000	99	9	-9999.0000	51936	36008	-9999	219	217	-9999	569.7444	5	0.6975	0.7135	-0.0012	62.7769	3.4857	694.9957	368.0962	36.8172	673.6830	95.3600	740.1145	94.5472	751.6777	94.7449	761.2556	94.8548	
10/08/2017	01:19:44	019004	H421033321HLR	L421	S		705.7281	1.0233	19.5509	100.1189	39.8031	0.8230	0.8255	5.0000	20.1419	815.1254	94.7230	13.1616	25.6000	0.9300	0.9367	0.7126	-0.0012	815.0000	813.4406	1.0339	-2.4635	100.1005	39.9685	0.8230	0.8230	5.0000	-9999.0000	-9999.0000	-9999.0000	-9999.0000	-9999.0000	-9999.0000	20.4318	5	0	27.0030	1.0000	99	9	-9999.0000	51937	36009	-9999	220	218	-9999	568.5750	5	0.6971	0.7126	-0.0012	80.4772	2.2295	692.3644	375.3653	36.6195	671.0466	95.3161	735.6720	94.4813	746.3716	94.7449	754.6659	94.9207	
10/08/2017	01:20:10	019004	H421033322HLR	L421	S		716.2541	1.0233	22.8526	100.1258	39.8955	0.8230	0.8254	5.0000	21.9820	815.0945	94.6131	12.5307	25.7000	0.9300	0.9368	0.7160	-0.0014	815.0000	814.0557	1.0339	-2.4810	100.0360	39.9753	0.8230	0.8228	5.0000	-9999.0000	-9999.0000	-9999.0000	-9999.0000	-9999.0000	-9999.0000	22.0728	6	0	25.4725	1.0000	99	9	-9999.0000	51938	36010	-9999	221	219	-9999	569.5044	5	0.6971	0.7160	-0.0014	25.3043	6.1379	695.0099	377.0045	36.7732	674.2317	95.3600	736.9070	94.5472	747.7843	94.7669	756.6892	94.8767	
10/08/2017	01:20:36	019004	H421033394HLR	L421	S		705.7042	1.0233	19.5434	100.0206	40.0015	0.8230	0.8257	5.0000	20.2717	815.1512	94.6790	13.3316	25.6000	0.9300	0.9369	0.7156	-0.0014	815.0000	814.0500	1.0339	-2.4809	99.9621	39.9964	0.8230	0.8229	5.0000	-9999.0000	-9999.0000	-9999.0000	-9999.0000	-9999.0000	-9999.0000	20.2630	7	0	26.5637	1.0000	99	9	-9999.0000	51939	36011	-9999	222	220	-9999	568.7300	5	0.6972	0.7156	-0.0014	26.1600	6.0042	694.7255	384.8799	39.4972	675.2257	95.0085	731.9862	94.5033	742.3549	94.7669	751.3051	94.8987	
10/08/2017	01:21:05	019004	H421033356HLR	L421	S		707.9970	1.0233	20.2625	99.8313	39.9296	0.8230	0.8255	5.0000	20.1117	815.1396	94.5912	12.7212	25.7000	0.9300	0.9368	0.7191	-0.0016	815.0000	811.9883	1.0339	-2.4220	100.0453	39.9743	0.8230	0.8229	5.0000	-9999.0000	-9999.0000	-9999.0000	-9999.0000	-9999.0000	-9999.0000	20.3615	8	0	28.5324	1.0000	99	9	-9999.0000	51940	36012	-9999	223	221	-9999	569.6985	5	0.6973	0.7191	-0.0016	42.2774	4.8694	686.9040	366.2781	37.1028	666.0293	95.3380	730.4282	94.5692	742.6786	94.7889	751.0140	94.8987	
10/08/2017	01:21:31	019004	H421033357HLR	L421	S		711.1021	1.0233	21.2365	99.8488	39.8461	0.8230	0.8256	5.0000	19.9816	815.1304	94.6571	13.2212	25.7000	0.9300	0.9370	0.7210	-0.0017	815.0000	813.2821	1.0339	-2.4590	99.9868	39.9487	0.8230	0.8228	5.0000	-9999.0000	-9999.0000	-9999.0000	-9999.0000	-9999.0000	-9999.0000	24.0426	1	0	26.5030	1.0000	99	9	-9999.0000	51941	36013	-9999	224	222	-9999	569.1604	5	0.6975	0.7210	-0.0017	64.9226	3.2730	685.0856	379.2192	37.6739	664.4120	95.2282	726.7038	94.5472	738.4125	94.7889	746.6959	94.8767	
10/08/2017	01:22:00	019004	H421033360HLR	L421	S		711.2063	1.0233	21.2692	99.9539	39.9487	0.8230	0.8258	5.0000	19.9222	815.1138	94.5692	11.7318	25.7000	0.9300	0.9368	0.7215	-0.0018	815.0000	811.9892	1.0339	-2.4221	100.0597	40.0064	0.8230	0.8230	5.0000	-9999.0000	-9999.0000	-9999.0000	-9999.0000	-9999.0000	-9999.0000	20.2316	2	0	28.8831	1.0000	99	9	-9999.0000	51942	36014	-9999	225	223	-9999	571.3337	5	0.6977	0.7215	-0.0018	44.4541	4.7212	693.1983	371.3647	36.7073	672.0916	95.0744	735.6224	94.5253	747.5282	94.7889	756.7529	94.8987	
10/08/2017	01:22:27	019004	H421033398HLR	L421	S		704.5666	1.0233	19.1865	99.9781	39.9487	0.8230	0.8253	5.0000	21.2231	815.1285	94.6790	12.8120	25.7000	0.9300	0.9369	0.7217	-0.0018	815.0000	813.3678	1.0339	-2.4614	100.0525	39.9632	0.8230	0.8229	5.0000	-9999.0000	-9999.0000	-9999.0000	-9999.0000	-9999.0000	-9999.0000	21.2025	3	0	26.6232	1.0000	99	9	-9999.0000	51943	36015	-9999	226	223	-9999	569.8308	5	0.6979	0.7217	-0.0018	46.3339	4.5895	685.8470	371.3086	35.8067	664.8862	95.1623	729.1385	94.4594	741.3286	94.7449	749.8480	94.9426	
10/08/2017	01:22:54	019004	H421033385HLR	L421	S		706.1603	1.0233	19.6864	100.0693	39.8948	0.8230	0.8256	5.0000	19.9017	815.1584	95.0305	14.7614	25.6000	0.9300	0.9367	0.7229	-0.0018	815.0000	815.7033	1.0339	-2.5281	100.0314	39.9882	0.8230	0.8229	5.0000	-9999.0000	-9999.0000	-9999.0000	-9999.0000	-9999.0000	-9999.0000	20.7318	4	0	27.1231	1.0000	99	9	-9999.0000	51944	36016	-9999	227	224	-9999	567.1138	5	0.6982	0.7229	-0.0018	48.5610	4.4280	682.8978	374.5050	36.5536	662.1424	95.3161	724.2786	94.6131	734.7784	94.7669	743.6423	94.8987	
10/08/2017	01:23:21	019004	H421026287HLR	L421	S		709.8612	1.0233	20.8473	100.1361	39.9366	0.8230	0.8256	5.0000	20.7327	815.1298	94.6571	12.7514	25.7000	0.9300	0.9366	0.7231	-0.0019	815.0000	813.8330	1.0339	-2.4747	100.0249	39.9810	0.8230	0.8229	5.0000	-9999.0000	-9999.0000	-9999.0000	-9999.0000	-9999.0000	-9999.0000	21.1510	5	0	27.1730	1.0000	99	9	-9999.0000	51945	36017	-9999	228	225	-9999	570.1475	5	0.6983	0.7231	-0.0019	36.5142	5.2620	684.7964	367.3921	36.9270	663.7413	95.3600	728.5541	94.5692	740.1920	94.7449	749.7301	94.8767	
10/08/2017	01:23:49	019004	H421033374HLR	L421	S		704.0946	1.0233	19.0385	99.9290	39.9487	0.8230	0.8254	5.0000	21.2124	815.1168	94.8987	14.4909	25.7000	0.9300	0.9369	0.7269	-0.0021	815.0000	813.2664	1.0339	-2.4585	100.1062	39.9850	0.8230	0.8229	5.0000	-9999.0000	-9999.0000	-9999.0000	-9999.0000	-9999.0000	-9999.0000	20.7319	6	0	27.7032	1.0000	99	9	-9999.0000	51946	36018	-9999	229	226	-9999	567.3180	5	0.6986	0.7269	-0.0021	45.0976	4.6313	675.6426	363.2479	37.9814	654.4339	95.3600	719.5239	94.5912	730.0648	94.7669	738.6543	94.9207	
10/08/2017	01:24:16	019004	H421033379HLR	L421	S		704.8293	1.0233	19.2689	100.1164	39.9298	0.8230	0.8257	5.0000	19.9622	815.0896	94.6571	12.8813	25.7000	0.9300	0.9367	0.7257	-0.0020	815.0000	813.0494	1.0339	-2.4523	100.0446	39.9487	0.8230	0.8228	5.0000	-9999.0000	-9999.0000	-9999.0000	-9999.0000	-9999.0000	-9999.0000	22.5718	7	0	26.6027	1.0000	99	9	-9999.0000	51947	36019	-9999	230	227	-9999	570.1947	5	0.6990	0.7257	-0.0020	52.3629	4.0935	680.0801	369.6558	36.0703	658.9372	95.5358	725.1831	94.5912	737.1952	94.7669	746.4019	94.8548	
10/08/2017	01:24:42	019004	H421033370HLR	L421	S		703.8758	1.0233	18.9698	99.8923	39.9438	0.8230	0.8257	5.0000	19.8518	815.1273	94.6351	13.2017	25.7000	0.9300	0.9369	0.7272	-0.0022	815.0000	814.0757	1.0339	-2.4816	100.0188	39.9620	0.8230	0.8228	5.0000	-9999.0000	-9999.0000	-9999.0000	-9999.0000	-9999.0000	-9999.0000	22.0131	8	0	26.3330	1.0000	99	9	-9999.0000	51948	36020	-9999	231	228	-9999	569.6261	5	0.6989	0.7272	-0.0022	64.5213	3.2077	681.5759	374.6466	35.9385	660.9546	95.3820	724.6439	94.5253	736.4553	94.7669	746.1944	94.8987	
10/08/2017	01:25:09	019004	H421033371HLR	L421	S		705.5315	1.0233	19.4892	99.9221	39.9327	0.8230	0.8256	5.0000	20.1816	815.1375	94.6351	13.4419	25.7000	0.9300	0.9368	0.7282	-0.0022	815.0000	814.3692	1.0339	-2.4900	100.0058	39.9583	0.8230	0.8228	5.0000	-9999.0000	-9999.0000	-9999.0000	-9999.0000	-9999.0000	-9999.0000	21.8119	1	0	27.4436	1.0000	99	9	-9999.0000	51949	36021	-9999	232	229	-9999	569.1971	5	0.6990	0.7282	-0.0022	54.1836	3.9392	678.2124	357.6186	35.8506	656.4158	95.0744	722.8703	94.5253	734.2683	94.7669	743.9991	94.8987	
10/08/2017	01:25:38	019004	H421033402HLR	L421	S		707.2241	1.0233	20.0201	99.9363	39.9290	0.8230	0.8254	5.0000	20.9419	815.1311	94.6571	13.6910	25.7000	0.9300	0.9367	0.7298	-0.0023	815.0000	814.8439	1.0339	-2.5035	100.0811	39.9950	0.8230	0.8230	5.0000	-9999.0000	-9999.0000	-9999.0000	-9999.0000	-9999.0000	-9999.0000	20.4320	2	0	28.6731	1.0000	99	9	-9999.0000	51950	36022	-9999	233	230	-9999	568.9364	5	0.6988	0.7298	-0.0023	64.6441	3.1644	678.8767	370.4429	38.4867	658.0180	95.0525	721.7691	94.5472	733.6917	94.7889	743.9253	94.8987	
10/08/2017	01:26:06	019004	H421033383HLR	L421	S		699.4572	1.0233	17.5838	100.0150	39.9423	0.8230	0.8257	5.0000	20.0217	815.1472	94.5912	12.9009	25.7000	0.9300	0.9368	0.7297	-0.0023	815.0000	813.9095	1.0339	-2.4769	100.0267	39.9925	0.8230	0.8229	5.0000	-9999.0000	-9999.0000	-9999.0000	-9999.0000	-9999.0000	-9999.0000	20.9730	3	0	27.5627	1.0000	99	9	-9999.0000	51951	36023	-9999	234	231	-9999	570.5728	5	0.6991	0.7297	-0.0023	67.4793	2.9416	677.8145	369.5088	37.0149	656.7881	95.2502	723.0324	94.5472	736.3622	94.7889	745.8800	94.8767	
10/08/2017	01:26:33	019004	H421033362HLR	L421	S		714.0648	1.0233	22.1659	100.0273	39.9364	0.8230	0.8254	5.0000	21.0424	815.1632	94.5472	12.5415	25.7000	0.9300	0.9366	0.7277	-0.0022	815.0000	814.5190	1.0339	-2.4943	100.0882	39.9939	0.8230	0.8229	5.0000	-9999.0000	-9999.0000	-9999.0000	-9999.0000	-9999.0000	-9999.0000	20.3527	4	0	27.4933	1.0000	99	9	-9999.0000	51952	36024	-9999	235	232	-9999	571.3009	5	0.6994	0.7277	-0.0022	69.5894	2.7927	685.0021	367.6376	36.6854	663.9488	95.1623	728.5826	94.5253	740.7512	94.7669	749.9452	94.8767	
10/08/2017	01:27:01	019004	H421033471HLR	L421	S		709.7734	1.0233	20.8198	100.0195	39.9427	0.8230	0.8257	5.0000	20.0618	815.0521	94.7230	13.6812	25.7000	0.9300	0.9367	0.7292	-0.0023	815.0000	815.1766	1.0339	-2.5130	100.0595	39.9683	0.8230	0.8229	5.0000	-9999.0000	-9999.0000	-9999.0000	-9999.0000	-9999.0000	-9999.0000	21.5522	5	0	27.6535	1.0000	99	9	-9999.0000	51953	36025	-9999	236	233	-9999	569.2288	5	0.6995	0.7292	-0.0023	70.2670	2.7597	679.0888	367.6124	36.9929	658.8117	95.0305	721.3107	94.5033	733.5099	94.7889	742.0478	94.9207	
10/08/2017	01:27:29	019004	H421033482HLR	L421	S		705.0407	1.0233	19.3352	100.0504	39.9260	0.8230	0.8254	5.0000	21.1019	815.0932	94.8767	14.8523	25.7000	0.9300	0.9368	0.7290	-0.0022	815.0000	814.3718	1.0339	-2.4901	100.0475	40.0031	0.8230	0.8229	5.0000	-9999.0000	-9999.0000	-9999.0000	-9999.0000	-9999.0000	-9999.0000	20.6722	6	0	28.2531	1.0000	99	9	-9999.0000	51953	36026	-9999	237	234	-9999	567.2198	5	0.6996	0.7290	-0.0022	71.9932	2.6242	681.1852	387.7408	37.0369	661.5890	95.2282	718.4351	94.5912	729.4581	94.7889	737.4422	94.8987	
10/08/2017	01:27:56	019004	H421033453HLR	L421	S		704.7771	1.0233	19.2525	99.9938	39.9487	0.8230	0.8258	5.0000	19.7522	815.0967	94.7230	13.8512	25.7000	0.9300	0.9369	0.7329	-0.0025	815.0000	815.1599	1.0339	-2.5126	100.0891	39.9786	0.8230	0.8229	5.0000	-9999.0000	-9999.0000	-9999.0000	-9999.0000	-9999.0000	-9999.0000	20.7826	7	0	26.8926	1.0000	99	9	-9999.0000	51954	36027	-9999	238	235	-9999	569.0412	5	0.6997	0.7329	-0.0025	70.6118	2.7358	678.2566	383.8117	37.6080	658.3264	95.4259	717.6572	94.5912	729.3190	94.7669	738.1466	94.8987	
10/08/2017	01:28:24	019004	H421033474HLR	L421	S		703.5669	1.0233	18.8729	100.0224	39.9487	0.8230	0.8256	5.0000	20.3127	815.1649	94.7010	13.5122	25.7000	0.9300	0.9368	0.7371	-0.0028	815.0000	813.6544	1.0339	-2.4696	100.0586	39.9978	0.8230	0.8230	5.0000	-9999.0000	-9999.0000	-9999.0000	-9999.0000	-9999.0000	-9999.0000	20.4026	8	0	27.9729	1.0000	99	9	-9999.0000	51955	36028	-9999	239	236	-9999	569.7476	5	0.6998	0.7371	-0.0028	64.5153	3.1703	668.4019	363.9603	36.0923	647.1021	95.4479	713.2632	94.5912	725.7601	94.7669	736.1766	94.8548	
10/08/2017	01:28:51	019004	H421033464HLR	L421	S		708.1801	1.0233	20.3200	99.8827	39.9296	0.8230	0.8256	5.0000	20.0329	815.1315	94.7669	13.9723	25.7000	0.9300	0.9367	0.7360	-0.0028	815.0000	814.3970	1.0339	-2.4908	100.0306	39.9487	0.8230	0.8228	5.0000	-9999.0000	-9999.0000	-9999.0000	-9999.0000	-9999.0000	-9999.0000	23.8024	1	0	27.2131	1.0000	99	9	-9999.0000	51956	36029	-9999	240	237	-9999	568.6380	5	0.6997	0.7360	-0.0028	72.3711	2.5867	672.5730	360.4466	37.7837	651.5240	95.2721	715.7197	94.6131	727.8064	94.7889	736.7834	94.8548	
10/08/2017	01:29:19	019004	H421033465HLR	L421	S		707.1391	1.0233	19.9935	100.3368	39.9487	0.8230	0.8257	5.0000	20.0619	815.1200	94.7889	14.4723	25.7000	0.9300	0.9369	0.7325	-0.0025	815.0000	814.0691	1.0339	-2.4814	100.0433	39.9947	0.8230	0.8229	5.0000	-9999.0000	-9999.0000	-9999.0000	-9999.0000	-9999.0000	-9999.0000	20.7220	2	0	27.9436	1.0000	99	9	-9999.0000	51957	36030	-9999	241	238	-9999	568.0311	5	0.6996	0.7325	-0.0025	71.1244	2.6276	672.9603	360.1213	36.4657	652.3359	95.2502	716.6663	94.5692	728.6324	94.7669	738.4191	94.8987	
10/08/2017	01:29:48	019004	H421033495HLR	L421	Q		706.8262	1.0233	19.8953	99.9706	39.9487	0.8230	0.8256	5.0000	20.2423	815.1508	94.6571	13.1519	25.7000	0.9300	0.9369	0.7356	-0.0027	815.0000	814.3424	1.0339	-2.4892	100.0227	39.9487	0.8230	0.8228	5.0000	-9999.0000	-9999.0000	-9999.0000	-9999.0000	-9999.0000	-9999.0000	24.0329	3	0	28.8528	1.0000	99	9	-9999.0000	51958	36031	-9999	242	239	-9999	570.5010	5	0.6994	0.7356	-0.0027	75.2235	2.3774	672.7611	361.2176	36.3339	651.8748	95.3161	719.0212	94.5472	731.8115	94.7669	741.4305	94.8767	
10/08/2017	01:30:15	019004	H421033487HLR	L421	Q		707.2081	1.0233	20.0151	99.7812	39.9129	0.8230	0.8253	5.0000	21.4224	815.1091	94.7669	13.9908	25.7000	0.9300	0.9368	0.7317	-0.0024	815.0000	815.0332	1.0339	-2.5089	100.0170	39.9487	0.8230	0.8227	5.0000	-9999.0000	-9999.0000	-9999.0000	-9999.0000	-9999.0000	-9999.0000	25.4833	4	0	27.5539	1.0000	99	9	-9999.0000	51959	36032	-9999	243	240	-9999	569.0093	5	0.6994	0.7317	-0.0024	78.2151	2.1985	676.8198	361.5934	36.2900	655.9118	95.3600	720.4464	94.5472	732.2883	94.7669	741.2642	94.8987	
10/08/2017	01:30:43	019004	H421033457HLR	L421	S		704.9395	1.0233	19.3035	100.1598	39.9487	0.8230	0.8258	5.0000	19.8821	815.1682	94.6790	13.5211	25.7000	0.9300	0.9369	0.7304	-0.0023	815.0000	814.3646	1.0339	-2.4899	100.0673	39.9847	0.8230	0.8228	5.0000	-9999.0000	-9999.0000	-9999.0000	-9999.0000	-9999.0000	-9999.0000	21.1721	5	0	27.3623	1.0000	99	9	-9999.0000	51960	36033	-9999	244	241	-9999	570.0255	5	0.6991	0.7304	-0.0023	99.2599	0.6745	676.2336	362.1638	36.4218	656.0787	95.2941	719.6644	94.5472	732.2966	94.7669	742.4564	94.8548	
10/08/2017	01:31:09	019004	H421033478HLR	L421	S		701.1989	1.0233	18.1301	99.8471	39.9487	0.8230	0.8257	5.0000	20.1820	815.1438	94.7449	14.1412	25.7000	0.9300	0.9369	0.7298	-0.0023	815.0000	815.5693	1.0339	-2.5242	100.0385	39.9723	0.8230	0.8228	5.0000	-9999.0000	-9999.0000	-9999.0000	-9999.0000	-9999.0000	-9999.0000	21.9320	6	0	26.3029	1.0000	99	9	-9999.0000	51961	36034	-9999	245	242	-9999	568.9424	5	0.6989	0.7298	-0.0023	93.0155	1.0965	675.6216	361.4490	36.2241	655.0726	95.3380	718.5883	94.5253	731.5703	94.7669	741.3443	94.8767	
10/08/2017	01:31:36	019004	H421033498HLR	L421	S		707.8164	1.0233	20.2059	100.0182	39.9452	0.8230	0.8257	5.0000	20.0217	815.1527	94.7669	14.1422	25.7000	0.9300	0.9368	0.7281	-0.0021	815.0000	814.5192	1.0339	-2.4943	100.0384	40.0080	0.8230	0.8229	5.0000	-9999.0000	-9999.0000	-9999.0000	-9999.0000	-9999.0000	-9999.0000	21.1225	7	0	27.0830	1.0000	99	9	-9999.0000	51962	36035	-9999	246	243	-9999	569.0802	5	0.6992	0.7281	-0.0021	94.1827	1.0103	679.7855	363.7243	36.3119	659.3400	95.3820	721.2686	94.5912	731.6526	94.7889	739.8663	94.8767	
10/08/2017	01:32:03	019004	H421033460HLR	L421	S		698.8383	1.0233	17.3897	100.0046	39.9399	0.8230	0.8257	5.0000	20.0326	815.1311	94.7010	13.5113	25.7000	0.9300	0.9367	0.7291	-0.0022	815.0000	813.8941	1.0339	-2.4764	100.0055	39.9487	0.8230	0.8228	5.0000	-9999.0000	-9999.0000	-9999.0000	-9999.0000	-9999.0000	-9999.0000	23.7623	8	0	27.1632	1.0000	99	9	-9999.0000	51963	36036	-9999	247	244	-9999	570.1519	5	0.6991	0.7291	-0.0022	116.7731	-0.6002	678.3455	367.2548	36.2900	657.5759	95.3600	720.8185	94.5912	732.6282	94.7889	741.5494	94.8548	
10/08/2017	01:32:30	019004	H421033541HLR	L421	S		708.5803	1.0233	20.4455	99.8984	39.9487	0.8230	0.8257	5.0000	19.9524	815.1157	94.7230	13.6412	25.7000	0.9300	0.9367	0.7301	-0.0023	815.0000	814.8408	1.0339	-2.5034	100.0534	40.0054	0.8230	0.8229	5.0000	-9999.0000	-9999.0000	-9999.0000	-9999.0000	-9999.0000	-9999.0000	20.4925	1	0	26.7130	1.0000	99	9	-9999.0000	51964	36037	-9999	248	245	-9999	569.9123	5	0.6992	0.7301	-0.0023	124.0910	-1.1333	680.5949	361.2031	38.0034	660.4607	95.2062	720.9311	94.5912	732.3766	94.7889	740.9537	94.8767	
10/08/2017	01:32:58	019004	H421033522HLR	L421	S		707.2621	1.0233	20.0320	100.2033	39.9212	0.8230	0.8254	5.0000	21.1928	815.1556	94.5912	12.5610	25.7000	0.9300	0.9367	0.7294	-0.0022	815.0000	815.1448	1.0339	-2.5121	100.0304	39.9806	0.8230	0.8228	5.0000	-9999.0000	-9999.0000	-9999.0000	-9999.0000	-9999.0000	-9999.0000	21.7524	2	0	28.4036	1.0000	99	9	-9999.0000	51965	36038	-9999	249	246	-9999	571.8825	5	0.6990	0.7294	-0.0022	124.7614	-1.1499	679.3532	361.1754	36.8831	658.8266	95.1403	724.5515	94.5253	737.4480	94.7669	747.6762	94.8548	
10/08/2017	01:33:27	019004	H421033525HLR	L421	S		706.8944	1.0233	19.9167	100.0637	39.9487	0.8230	0.8257	5.0000	20.2423	815.1616	94.6571	13.3413	25.7000	0.9300	0.9367	0.7291	-0.0022	815.0000	815.3206	1.0339	-2.5171	100.0562	39.9868	0.8230	0.8228	5.0000	-9999.0000	-9999.0000	-9999.0000	-9999.0000	-9999.0000	-9999.0000	21.7826	3	0	28.2034	1.0000	99	9	-9999.0000	51966	36039	-9999	250	247	-9999	570.5084	5	0.6989	0.7291	-0.0022	125.0969	-1.1924	673.7165	352.8397	37.1467	651.6188	95.0305	723.2506	94.4813	734.8330	94.7669	744.7346	94.8987	
10/08/2017	01:33:54	019004	H421033532HLR	L421	S		700.5807	1.0233	17.9362	100.0119	39.9487	0.8230	0.8257	5.0000	20.1624	815.1222	94.6131	13.0122	25.7000	0.9300	0.9366	0.7303	-0.0023	815.0000	815.0326	1.0339	-2.5089	99.9890	39.9855	0.8230	0.8228	5.0000	-9999.0000	-9999.0000	-9999.0000	-9999.0000	-9999.0000	-9999.0000	21.4223	4	0	27.4025	1.0000	99	9	-9999.0000	51967	36040	-9999	251	248	-9999	571.1960	5	0.6990	0.7303	-0.0023	134.6906	-1.8484	673.7087	361.9763	37.0149	651.9353	95.2062	722.8947	94.5472	735.2047	94.7889	744.5804	94.8767	
10/08/2017	01:34:22	019004	H421034907HLR	L421	S		715.6782	1.0233	22.6720	100.0430	39.9487	0.8230	0.8255	5.0000	20.6196	815.1328	94.6131	13.0513	25.7000	0.9300	0.9367	0.7305	-0.0023	815.0000	817.6924	1.0339	-2.5848	100.0889	39.9943	0.8230	0.8229	5.0000	-9999.0000	-9999.0000	-9999.0000	-9999.0000	-9999.0000	-9999.0000	21.1023	5	0	28.5433	1.0000	99	9	-9999.0000	51968	36041	-9999	252	249	-9999	571.2038	5	0.6991	0.7305	-0.0023	128.3693	-1.4025	680.2675	357.4248	36.7952	658.4099	95.1184	726.5310	94.5033	738.5105	94.7889	746.2964	94.8767	
10/08/2017	01:34:50	019004	H421033549HLR	L421	S		703.3048	1.0233	18.7907	100.0558	39.9446	0.8230	0.8256	5.0000	20.3118	815.1824	94.8328	14.0914	25.7000	0.9300	0.9369	0.7298	-0.0022	815.0000	816.5729	1.0339	-2.5529	100.0205	39.9980	0.8230	0.8229	5.0000	-9999.0000	-9999.0000	-9999.0000	-9999.0000	-9999.0000	-9999.0000	21.1917	6	0	27.8830	1.0000	99	9	-9999.0000	51969	36042	-9999	253	250	-9999	569.3181	5	0.6991	0.7298	-0.0022	91.4946	1.2142	681.2359	382.9839	38.7283	661.6878	95.0964	719.9837	94.5692	731.6460	94.7889	741.0678	94.8987	
10/08/2017	01:35:19	019004	H421033502HLR	L421	S		704.0619	1.0233	19.0282	99.8853	39.9487	0.8230	0.8257	5.0000	20.0617	815.1503	94.8108	14.4518	25.7000	0.9300	0.9369	0.7308	-0.0023	815.0000	813.5160	1.0339	-2.4656	100.0033	39.9606	0.8230	0.8228	5.0000	-9999.0000	-9999.0000	-9999.0000	-9999.0000	-9999.0000	-9999.0000	22.9724	7	0	28.5433	1.0000	99	9	-9999.0000	51970	36043	-9999	254	251	-9999	568.5882	5	0.6990	0.7308	-0.0023	107.0617	0.0910	678.2509	368.8355	37.3224	657.7518	95.2941	719.6441	94.5912	730.3113	94.7889	737.3508	94.8987	
10/08/2017	01:35:46	019004	H421033106HLR	L421	S		701.2044	1.0233	18.1319	100.3626	39.9264	0.8230	0.8253	5.0000	21.8031	815.1210	94.6571	13.3013	25.7000	0.9300	0.9369	0.7311	-0.0023	815.0000	816.1660	1.0339	-2.5413	99.9935	39.9487	0.8230	0.8228	5.0000	-9999.0000	-9999.0000	-9999.0000	-9999.0000	-9999.0000	-9999.0000	25.2430	8	0	27.5138	1.0000	02	1	-9999.0000	51971	36044	-9999	255	252	-9999	570.8121	5	0.6992	0.7311	-0.0023	117.1159	-0.5898	675.3066	356.7146	37.8057	653.8624	95.2282	722.0012	94.5253	734.4643	94.7669	744.8289	94.8548	
10/08/2017	01:36:14	019004	H421033305HLR	L421	S		700.9328	1.0233	18.0467	99.9951	39.9470	0.8230	0.8256	5.0000	20.2825	815.1167	94.8987	14.8513	25.7000	0.9300	0.9369	0.7300	-0.0023	815.0000	816.5653	1.0339	-2.5527	100.0252	40.0052	0.8230	0.8229	5.0000	-9999.0000	-9999.0000	-9999.0000	-9999.0000	-9999.0000	-9999.0000	20.8324	1	0	27.2822	1.0000	02	1	-9999.0000	51972	36045	-9999	256	253	-9999	567.8949	5	0.6993	0.7300	-0.0023	114.3597	-0.4236	671.5364	360.8906	37.4982	650.6965	95.1843	717.7506	94.5033	731.7930	94.7889	741.2675	94.8987	
10/08/2017	01:36:42	019004	H421033079HLR	L421	S		703.5615	1.0233	18.8713	100.0780	39.9288	0.8230	0.8253	5.0000	21.9323	815.0872	94.7449	13.6509	25.7000	0.9300	0.9368	0.7312	-0.0023	815.0000	816.4053	1.0339	-2.5481	99.9883	39.9759	0.8230	0.8228	5.0000	-9999.0000	-9999.0000	-9999.0000	-9999.0000	-9999.0000	-9999.0000	22.1225	2	0	28.1633	1.0000	02	1	-9999.0000	51973	36046	-9999	257	254	-9999	570.0862	5	0.6993	0.7312	-0.0023	108.0671	0.0493	679.6978	364.0046	36.8172	658.2356	95.2721	725.2544	94.5472	737.1994	94.7669	746.2137	94.8767	
10/08/2017	01:37:09	019004	H421033314HLR	L421	S		700.4730	1.0233	17.9025	100.1470	39.9487	0.8230	0.8257	5.0000	19.8920	815.0972	94.7449	13.6812	25.7000	0.9300	0.9368	0.7290	-0.0022	815.0000	817.0838	1.0339	-2.5675	100.0444	39.9583	0.8230	0.8228	5.0000	-9999.0000	-9999.0000	-9999.0000	-9999.0000	-9999.0000	-9999.0000	23.3727	3	0	26.8028	1.0000	02	1	-9999.0000	51974	36047	-9999	258	255	-9999	570.0610	5	0.6992	0.7290	-0.0022	103.6349	0.3718	676.0489	355.1284	37.1687	654.7140	95.2721	723.8814	94.5253	736.6407	94.7669	746.3219	94.8767	
10/08/2017	01:37:37	019004	H421033324HLR	L421	S		700.1527	1.0233	17.8020	99.9499	39.9487	0.8230	0.8257	5.0000	19.8919	815.1351	94.6571	13.4908	25.7000	0.9300	0.9369	0.7279	-0.0021	815.0000	814.9325	1.0339	-2.5061	100.0277	40.0318	0.8230	0.8229	5.0000	-9999.0000	-9999.0000	-9999.0000	-9999.0000	-9999.0000	-9999.0000	20.3420	4	0	28.3236	1.0000	02	1	-9999.0000	51975	36048	-9999	259	256	-9999	570.4176	5	0.6993	0.7279	-0.0021	108.8635	0.0488	675.4677	362.5972	36.5536	654.7288	95.1843	721.5931	94.5033	734.5456	94.7889	743.7132	94.8767	
