Data	Timp	Nr. masina	Nr. de serie	Tip	Productie	Comentariu	Pre-masurare Q [ml/min]	Pre-masurare Gain	Pre-masurare Offset Master	Pre-masurare P [bar]	Pre-masurare T [°C]	Pre-masurare Densitate fixa [kg/l]	Pre-masurare densitate masurata [kg/l]	Pre-masurare Timp masurare [s]	Pre-masurare Cycle time [s]	rectificare Q Oprire [ml/min]	rectificare P Oprire [bar]	rectificare Timp rectificare [s]	rectificare T [°C]	rectificare Densitate fixa [kg/l]	rectificare densitate masurata [kg/l]	rectificare Factor de masurare la rectificare	rectificare Factor de corectie a debitului	rectificare Target rectificare	Masurare Q [ml/min]	Masurare Gain	Masurare Offset Master	Masurare P [bar]	Masurare T [°C]	Masurare Densitate fixa [kg/l]	Masurare densitate masurata [kg/l]	Masurare Timp masurare [s]	Masurare Q [ml/min]	Masurare Delta Q [ml/min]	Masurare P [bar]	Masurare BP [bar]	Masurare T [°C]	Masurare Timp masurare [s]	Masurare Cycle time [s]	Nest Nr.	Cod de descarcare	Cycle time [s]	Traceability aktiv	EDM Maschine Nr	EDM Spindle Nr	Honing Rate [r	Station Counter Premeasure	Station Counter Grind	Station Counter Blowout 1	Station Counter Wash	Station Counter Measure	Station Counter Blowout 2	RealGrindQStop	Reg Type	Factor 0	Factor 1	Factor 2	Factor 3	Factor 4	G_StartQV	G_StartQV_1	G_StartQV_2	G_StartQV_3	G_StartQV_4	G_StartQV_5	
31/08/2017	00:27:43	019004	H421148172HLR	L421	S		711.2214	1.0230	0.0000	99.8971	40.5428	0.8230	0.8255	4.0000	19.5715	0.0000	0.0000	0.0000	0.0000	0.9300	0.0000	0.0000	0.0000	815.0000	716.0493	1.0339	-1.1616	100.0001	39.6410	0.8230	0.8249	5.0000	-9999.0000	-9999.0000	-9999.0000	-9999.0000	-9999.0000	-9999.0000	20.9321	1	1	34.4640	1.0000	02	1	-9999.0000	36544	0	-9999	53	1398	-9999	0.0000	0	0.0000	0.0000	0.0000	0.0000	0.0000	0.0000	0.0000	0.0000	0.0000	0.0000	0.0000	0.0000	0.0000	0.0000	0.0000	0.0000	
31/08/2017	00:28:48	019004	H421150357HLR	L421	Q		707.1564	1.0230	0.0000	99.9994	39.4888	0.8230	0.8278	4.0000	19.4319	815.0669	94.8767	15.2019	24.4000	0.9300	0.9252	0.7449	-0.0009	815.0000	816.0304	1.0339	-4.3527	100.0630	39.3998	0.8230	0.8228	5.0000	-9999.0000	-9999.0000	-9999.0000	-9999.0000	-9999.0000	-9999.0000	20.4924	3	0	35.3535	1.0000	02	1	-9999.0000	36545	72767	-9999	54	1398	-9999	596.2631	5	0.7289	0.7449	-0.0009	68.5419	2.3724	750.1591	204.2448	37.1247	682.1564	111.3742	751.0294	97.7325	751.0676	95.0525	756.3178	94.8987	
31/08/2017	00:29:45	019004	H421150346HLR	L421	Q		696.8837	1.0230	0.0000	99.9781	40.0226	0.8230	0.8297	4.0000	19.2316	815.0677	95.1623	20.0530	24.4000	0.9300	0.9250	0.7449	-0.0009	815.0000	813.5120	1.0339	-4.3100	100.0210	40.0822	0.8230	0.8234	5.0000	-9999.0000	-9999.0000	-9999.0000	-9999.0000	-9999.0000	-9999.0000	21.0815	5	0	32.7329	1.0000	02	1	-9999.0000	36546	72767	-9999	55	1399	-9999	592.7861	5	0.7289	0.7449	-0.0009	68.5419	2.3724	733.4544	236.9637	35.9605	667.8858	111.9234	735.6757	97.6666	734.0454	94.8987	739.1901	94.8548	
31/08/2017	00:30:31	019004	H421148163HLR	L421	S		694.0047	1.0230	0.0000	99.9749	40.4280	0.8230	0.8276	4.0000	19.3020	815.0549	95.1184	20.8715	24.3000	0.9300	0.9251	0.7441	-0.0009	815.0000	813.3366	1.0339	-4.3071	99.9503	39.5384	0.8230	0.8240	5.0000	-9999.0000	-9999.0000	-9999.0000	-9999.0000	-9999.0000	-9999.0000	24.0534	7	0	18.6620	1.0000	02	1	-9999.0000	36547	72768	-9999	56	1400	-9999	591.5570	5	0.7307	0.7441	-0.0009	68.5852	2.3739	729.8216	267.1538	36.6195	662.1491	112.0112	731.7198	97.6007	730.5379	94.9207	735.0155	94.8987	
31/08/2017	00:31:41	019004	H421148138HLR	L421	S		701.4770	1.0230	0.0000	100.0194	40.0083	0.8230	0.8287	4.0000	19.5412	815.0535	94.9866	18.1825	24.4000	0.9300	0.9254	0.7452	-0.0009	815.0000	814.7498	1.0339	-4.3310	99.9699	39.7683	0.8230	0.8234	5.0000	-9999.0000	-9999.0000	-9999.0000	-9999.0000	-9999.0000	-9999.0000	24.9324	1	0	40.9148	1.0000	02	1	-9999.0000	36548	72769	-9999	57	1401	-9999	594.3945	5	0.7297	0.7452	-0.0009	68.5326	2.3721	738.8003	279.5172	37.1906	673.3254	111.8794	740.5694	97.5128	740.0378	94.8987	745.1607	94.9426	
31/08/2017	00:33:34	019004	H421147455HLR	L421	S		699.1794	1.0230	0.0000	100.2204	39.9116	0.8230	0.8279	4.0000	19.2521	815.1008	95.1184	22.0425	24.2000	0.9300	0.9249	0.7454	-0.0009	815.0000	814.4046	1.0339	-4.3251	100.0137	39.5038	0.8230	0.8240	5.0000	-9999.0000	-9999.0000	-9999.0000	-9999.0000	-9999.0000	-9999.0000	20.9330	5	0	32.0729	1.0000	02	1	-9999.0000	36550	72769	-9999	59	1402	-9999	591.8336	5	0.7291	0.7454	-0.0009	68.5256	2.3718	731.1385	260.5830	35.6968	667.9838	111.9014	732.9311	97.6446	732.1661	94.9866	736.9392	94.9207	
31/08/2017	00:34:30	019004	H421148162HLR	L421	S		698.9607	1.0230	0.0000	99.9716	40.5418	0.8230	0.8279	4.0000	20.8519	815.0680	95.0085	18.9025	24.4000	0.9300	0.9253	0.7454	-0.0009	815.0000	813.2294	1.0339	-4.3052	99.9916	39.8713	0.8230	0.8233	5.0000	-9999.0000	-9999.0000	-9999.0000	-9999.0000	-9999.0000	-9999.0000	20.3821	7	0	32.9744	1.0000	02	1	-9999.0000	36551	72769	-9999	60	1403	-9999	594.0678	5	0.7291	0.7454	-0.0009	68.5256	2.3718	735.2861	252.6902	34.8841	666.1986	112.2089	736.9699	97.6666	736.1622	95.0305	741.1007	94.9866	
31/08/2017	00:35:28	019004	H421148173HLR	L421	S		701.5106	1.0230	0.0000	100.0300	39.9443	0.8230	0.8274	4.0000	19.4719	815.1101	94.9207	17.6914	24.2000	0.9300	0.9252	0.7400	-0.0006	815.0000	812.7129	1.0339	-4.2965	100.0265	39.9143	0.8230	0.8243	5.0000	-9999.0000	-9999.0000	-9999.0000	-9999.0000	-9999.0000	-9999.0000	21.2729	1	0	32.4734	1.0000	02	1	-9999.0000	36552	72769	-9999	61	1404	-9999	594.7195	5	0.7286	0.7400	-0.0006	81.6734	1.7676	741.8510	275.6564	36.3119	674.3043	112.4066	744.0817	97.6666	742.8317	95.0085	747.0278	95.0085	
31/08/2017	00:36:28	019004	H421147436HLR	L421	S		698.3010	1.0230	0.0000	100.0454	40.2940	0.8230	0.8293	4.0000	19.6115	815.0655	94.9426	18.6124	24.3000	0.9300	0.9255	0.7406	-0.0006	815.0000	813.7842	1.0339	-4.3146	99.9481	39.4359	0.8230	0.8234	5.0000	-9999.0000	-9999.0000	-9999.0000	-9999.0000	-9999.0000	-9999.0000	24.4119	3	0	33.0328	1.0000	02	1	-9999.0000	36553	72770	-9999	62	1405	-9999	594.4123	5	0.7289	0.7406	-0.0006	81.6858	1.7581	738.6913	252.7370	34.9939	666.1803	112.8020	741.1783	97.8203	739.6692	95.0744	744.4297	94.9866	
31/08/2017	00:37:25	019004	H421150347HLR	L421	S		706.7406	1.0230	0.0000	100.1790	40.1827	0.8230	0.8273	4.0000	19.1925	815.1005	94.9866	18.6915	24.3000	0.9300	0.9254	0.7504	-0.0011	815.0000	815.1190	1.0339	-4.3372	100.0146	39.9462	0.8230	0.8234	5.0000	-9999.0000	-9999.0000	-9999.0000	-9999.0000	-9999.0000	-9999.0000	21.2220	5	0	31.5533	1.0000	02	1	-9999.0000	36554	72771	-9999	63	1406	-9999	595.1862	5	0.7293	0.7504	-0.0011	82.7710	1.6787	737.1197	266.0263	37.0808	669.0214	112.3627	740.2910	97.6885	737.8971	95.0525	742.7450	94.9866	
31/08/2017	00:38:24	019004	H421150367HLR	L421	S		699.6548	1.0230	0.0000	100.0126	40.0392	0.8230	0.8292	4.0000	19.4113	815.0846	94.9426	18.6818	24.3000	0.9300	0.9254	0.7511	-0.0011	815.0000	815.4114	1.0339	-4.3422	99.9488	39.7519	0.8230	0.8240	5.0000	-9999.0000	-9999.0000	-9999.0000	-9999.0000	-9999.0000	-9999.0000	23.8425	7	0	30.3030	1.0000	02	1	-9999.0000	36555	72771	-9999	64	1407	-9999	595.2594	5	0.7294	0.7511	-0.0011	82.2090	1.7223	733.7298	263.0149	35.6529	666.0174	112.4506	735.7169	97.7325	734.9150	95.0525	740.3716	94.9866	
31/08/2017	00:39:19	019004	H421150366HLR	L421	S		702.7753	1.0230	0.0000	100.0057	40.2842	0.8230	0.8270	4.0000	20.2122	815.0987	94.9207	17.8223	24.2000	0.9300	0.9252	0.7455	-0.0008	815.0000	815.1786	1.0339	-4.3382	100.0723	39.6463	0.8230	0.8234	5.0000	-9999.0000	-9999.0000	-9999.0000	-9999.0000	-9999.0000	-9999.0000	20.5824	1	0	31.6041	1.0000	02	1	-9999.0000	36556	72771	-9999	65	1408	-9999	595.5729	5	0.7295	0.7455	-0.0008	88.4006	1.3487	740.3623	275.2539	35.4113	674.4622	112.1870	742.2120	97.7105	741.3238	95.0525	746.7060	94.9866	
31/08/2017	00:40:19	019004	H421150365HLR	L421	S		705.4127	1.0230	0.0000	100.2208	40.0195	0.8230	0.8283	4.0000	20.4125	815.1079	94.8548	16.5927	24.4000	0.9300	0.9255	0.7509	-0.0011	815.0000	814.8943	1.0339	-4.3334	99.9516	39.9444	0.8230	0.8238	5.0000	-9999.0000	-9999.0000	-9999.0000	-9999.0000	-9999.0000	-9999.0000	22.6021	3	0	33.8544	1.0000	02	1	-9999.0000	36557	72772	-9999	66	1409	-9999	597.1577	5	0.7296	0.7509	-0.0011	88.5422	1.3542	740.4573	266.5285	36.4218	669.0805	112.2968	741.8834	97.7105	741.4761	95.0525	746.6236	95.0085	
31/08/2017	00:41:15	019004	H421150336HLR	L421	S		711.5679	1.0230	0.0000	100.1024	40.3697	0.8230	0.8281	4.0000	19.2218	815.0812	94.8767	17.2021	24.4000	0.9300	0.9256	0.7500	-0.0011	815.0000	821.0667	1.0339	-4.4379	100.0384	39.6064	0.8230	0.8237	5.0000	-9999.0000	-9999.0000	-9999.0000	-9999.0000	-9999.0000	-9999.0000	20.7327	5	0	31.5436	1.0000	02	1	-9999.0000	36558	72773	-9999	67	1410	-9999	596.4469	5	0.7296	0.7500	-0.0011	88.2819	1.3692	749.5982	265.6066	34.7303	677.0177	112.5604	751.6498	97.8643	750.6598	95.0964	755.9963	94.9866	
31/08/2017	00:42:15	019004	H421150354HLR	L421	S		703.8926	1.0230	0.0000	99.9907	39.9487	0.8230	0.8276	4.0000	20.2220	815.0871	95.0744	20.2122	24.2000	0.9300	0.9253	0.7511	-0.0011	815.0000	816.2032	1.0339	-4.3556	99.9608	39.7167	0.8230	0.8233	5.0000	-9999.0000	-9999.0000	-9999.0000	-9999.0000	-9999.0000	-9999.0000	25.1933	7	0	31.4928	1.0000	02	1	-9999.0000	36559	72773	-9999	68	1411	-9999	593.8167	5	0.7300	0.7511	-0.0011	86.4032	1.4515	735.7198	281.7077	35.5650	675.3333	112.0332	737.1605	97.6007	736.9770	95.0525	742.5526	95.0085	
31/08/2017	00:43:13	019004	H421150341HLR	L421	S		704.5951	1.0230	0.0000	100.0348	40.4615	0.8230	0.8280	4.0000	20.7728	815.0443	94.8767	17.7617	24.4000	0.9300	0.9255	0.7501	-0.0011	815.0000	815.4653	1.0339	-4.3431	99.9930	39.8709	0.8230	0.8239	5.0000	-9999.0000	-9999.0000	-9999.0000	-9999.0000	-9999.0000	-9999.0000	23.3425	1	0	31.3237	1.0000	02	1	-9999.0000	36560	72774	-9999	69	1412	-9999	596.0007	5	0.7299	0.7501	-0.0011	91.8683	1.1267	737.5162	280.9622	38.0254	683.6345	109.8584	738.0356	97.1174	738.9582	95.0964	744.6397	95.0305	
31/08/2017	00:44:11	019004	H421150353HLR	L421	S		701.3788	1.0230	0.0000	99.9844	40.0185	0.8230	0.8271	4.0000	20.1526	815.0636	94.8548	17.8321	24.4000	0.9300	0.9256	0.7519	-0.0012	815.0000	814.5850	1.0339	-4.3282	99.9714	39.6023	0.8230	0.8237	5.0000	-9999.0000	-9999.0000	-9999.0000	-9999.0000	-9999.0000	-9999.0000	22.9029	3	0	31.9539	1.0000	02	1	-9999.0000	36561	72775	-9999	70	1413	-9999	596.0585	5	0.7297	0.7519	-0.0012	94.6896	0.9516	734.7486	260.6576	36.2241	662.1450	112.8679	736.8705	97.8203	735.9097	95.0744	741.3036	94.9866	
31/08/2017	00:45:05	019004	H421150324HLR	L421	S		705.2513	1.0230	0.0000	100.0279	40.2786	0.8230	0.8293	4.0000	19.3224	815.0688	94.8767	17.0019	24.3000	0.9300	0.9254	0.7549	-0.0013	815.0000	815.2648	1.0339	-4.3397	99.9421	39.8815	0.8230	0.8235	5.0000	-9999.0000	-9999.0000	-9999.0000	-9999.0000	-9999.0000	-9999.0000	20.4223	5	0	30.2132	1.0000	02	1	-9999.0000	36562	72776	-9999	71	1414	-9999	596.9492	5	0.7302	0.7549	-0.0013	89.4245	1.2415	736.6918	257.4225	34.9719	661.4607	112.9778	738.4005	97.8863	737.5753	95.0964	742.3116	94.9866	
31/08/2017	00:46:03	019004	H421150330HLR	L421	S		704.4616	1.0230	0.0000	99.9950	40.1270	0.8230	0.8270	4.0000	19.8918	815.0857	94.9426	18.2022	24.2000	0.9300	0.9254	0.7566	-0.0014	815.0000	815.5370	1.0339	-4.3443	100.0398	39.8660	0.8230	0.8242	5.0000	-9999.0000	-9999.0000	-9999.0000	-9999.0000	-9999.0000	-9999.0000	20.8723	7	0	32.9831	1.0000	02	1	-9999.0000	36563	72777	-9999	72	1415	-9999	595.6358	5	0.7303	0.7566	-0.0014	93.5728	1.0119	732.0423	272.6348	37.3664	667.2396	112.1211	733.9021	97.5787	733.9028	95.0085	739.1373	95.0085	
31/08/2017	00:47:04	019004	H421150329HLR	L421	S		705.6294	1.0230	0.0000	100.1060	40.1451	0.8230	0.8294	4.0000	19.2824	815.0902	94.8767	16.4823	24.3000	0.9300	0.9255	0.7558	-0.0014	815.0000	815.7298	1.0339	-4.3476	99.9717	39.5384	0.8230	0.8234	5.0000	-9999.0000	-9999.0000	-9999.0000	-9999.0000	-9999.0000	-9999.0000	25.2225	1	0	32.8131	1.0000	02	1	-9999.0000	36564	72778	-9999	73	1416	-9999	597.5168	5	0.7303	0.7558	-0.0014	92.1729	1.0864	736.8822	278.5573	36.5536	673.8260	111.3742	738.2734	97.4469	738.3914	95.0305	744.7680	95.0525	
31/08/2017	00:48:02	019004	H421150408HLR	L421	S		701.7660	1.0230	0.0000	99.9886	40.3495	0.8230	0.8277	4.0000	19.2122	815.1159	94.9426	18.6915	24.3000	0.9300	0.9255	0.7561	-0.0014	815.0000	814.3080	1.0339	-4.3235	100.0264	39.9487	0.8230	0.8235	5.0000	-9999.0000	-9999.0000	-9999.0000	-9999.0000	-9999.0000	-9999.0000	20.9124	3	0	34.1141	1.0000	02	1	-9999.0000	36565	72779	-9999	74	1417	-9999	594.9727	5	0.7303	0.7561	-0.0014	97.1649	0.7691	727.6063	271.9456	37.4982	667.0142	111.1545	728.8744	97.3810	729.3269	95.0305	735.0642	95.0085	
31/08/2017	00:49:00	019004	H421150338HLR	L421	S		701.8233	1.0230	0.0000	99.9074	39.9170	0.8230	0.8284	4.0000	19.4420	815.0936	94.9207	19.1115	24.4000	0.9300	0.9256	0.7556	-0.0014	815.0000	814.4728	1.0339	-4.3263	99.9857	39.8076	0.8230	0.8241	5.0000	-9999.0000	-9999.0000	-9999.0000	-9999.0000	-9999.0000	-9999.0000	20.6127	5	0	33.5134	1.0000	02	1	-9999.0000	36566	72780	-9999	75	1418	-9999	594.4127	5	0.7306	0.7556	-0.0014	97.2032	0.7722	728.8031	260.5002	36.6195	659.7865	112.3627	730.4660	97.7105	729.8420	95.0525	734.8705	94.9866	
31/08/2017	00:49:59	019004	H421150413HLR	L421	S		703.6319	1.0230	0.0000	100.0474	40.4607	0.8230	0.8283	4.0000	19.5823	815.0774	94.9866	19.6916	24.2000	0.9300	0.9254	0.7549	-0.0013	815.0000	816.1166	1.0339	-4.3541	99.9517	39.5745	0.8230	0.8233	5.0000	-9999.0000	-9999.0000	-9999.0000	-9999.0000	-9999.0000	-9999.0000	23.5728	7	0	31.7829	1.0000	02	1	-9999.0000	36567	72781	-9999	76	1419	-9999	593.8592	5	0.7306	0.7549	-0.0013	95.3377	0.8856	731.5237	258.6601	35.1037	660.2424	113.0876	734.3624	97.9302	732.4309	95.0525	737.6198	95.0305	
31/08/2017	00:50:55	019004	H421150384HLR	L421	S		699.3225	1.0230	0.0000	100.0342	39.9487	0.8230	0.8279	4.0000	19.3312	815.0778	94.9866	19.1125	24.2000	0.9300	0.9254	0.7539	-0.0013	815.0000	814.5475	1.0339	-4.3276	99.9986	40.0469	0.8230	0.8239	5.0000	-9999.0000	-9999.0000	-9999.0000	-9999.0000	-9999.0000	-9999.0000	20.3019	1	0	32.9431	1.0000	02	1	-9999.0000	36568	72782	-9999	77	1420	-9999	594.6639	5	0.7306	0.7539	-0.0013	94.5538	0.9240	726.8575	283.2075	36.7732	669.2105	110.8250	727.7199	97.3151	728.4096	95.0305	734.2046	95.0085	
31/08/2017	00:51:56	019004	H421150407HLR	L421	S		701.4171	1.0230	0.0000	100.0007	40.3149	0.8230	0.8290	4.0000	19.4524	815.0970	94.8767	18.0420	24.4000	0.9300	0.9256	0.7559	-0.0014	815.0000	814.5766	1.0339	-4.3280	99.9505	39.5513	0.8230	0.8237	5.0000	-9999.0000	-9999.0000	-9999.0000	-9999.0000	-9999.0000	-9999.0000	23.3033	3	0	34.2136	1.0000	02	1	-9999.0000	36569	72782	-9999	78	1420	-9999	595.7242	5	0.7300	0.7559	-0.0014	96.1920	0.8329	730.0669	268.3448	37.2346	664.2720	111.4181	731.4611	97.4249	731.6691	95.0525	737.1662	95.0305	
31/08/2017	00:52:56	019004	H421150406HLR	L421	S		697.4753	1.0230	0.0000	100.0034	40.1003	0.8230	0.8275	4.0000	19.3420	815.0877	94.9646	19.1818	24.3000	0.9300	0.9255	0.7551	-0.0013	815.0000	815.3850	1.0339	-4.3417	99.9728	39.7212	0.8230	0.8231	5.0000	-9999.0000	-9999.0000	-9999.0000	-9999.0000	-9999.0000	-9999.0000	23.4323	5	0	32.8041	1.0000	02	1	-9999.0000	36570	72782	-9999	79	1421	-9999	594.5044	5	0.7303	0.7551	-0.0013	97.5956	0.7666	730.1164	274.0606	37.4762	666.1883	111.1765	731.1776	97.3810	731.3721	95.0744	736.6075	95.0305	
31/08/2017	00:53:54	019004	H421150375HLR	L421	S		700.2936	1.0230	0.0000	100.1189	40.0996	0.8230	0.8292	4.0000	19.2424	815.0751	95.0085	20.3929	24.3000	0.9300	0.9255	0.7489	-0.0010	815.0000	816.3852	1.0339	-4.3587	99.9865	39.9863	0.8230	0.8239	5.0000	-9999.0000	-9999.0000	-9999.0000	-9999.0000	-9999.0000	-9999.0000	23.0123	7	0	31.5836	1.0000	02	1	-9999.0000	36571	72783	-9999	80	1421	-9999	594.0158	5	0.7307	0.7489	-0.0010	92.6398	1.0640	734.6545	259.0335	34.4447	661.3216	113.2414	737.4540	98.0400	735.6841	95.0744	740.2804	95.0305	
31/08/2017	00:54:55	019004	H421150392HLR	L421	S		703.1891	1.0230	0.0000	100.0307	40.2413	0.8230	0.8276	4.0000	19.3117	815.0921	94.8767	18.3019	24.2000	0.9300	0.9254	0.7543	-0.0013	815.0000	814.8166	1.0339	-4.3321	100.0540	39.6113	0.8230	0.8237	5.0000	-9999.0000	-9999.0000	-9999.0000	-9999.0000	-9999.0000	-9999.0000	20.8119	1	0	36.7336	1.0000	02	1	-9999.0000	36572	72784	-9999	81	1422	-9999	595.6060	5	0.7305	0.7543	-0.0013	87.5526	1.3700	731.9425	274.5896	36.3998	664.3299	112.4506	733.4969	97.6226	733.0226	95.0525	738.6563	95.0085	
31/08/2017	00:55:52	019004	H421150389HLR	L421	S		702.7134	1.0230	0.0000	100.0598	40.1052	0.8230	0.8290	4.0000	19.4924	815.0827	94.8328	17.8711	24.3000	0.9300	0.9255	0.7547	-0.0013	815.0000	814.6806	1.0339	-4.3298	100.0150	39.8328	0.8230	0.8233	5.0000	-9999.0000	-9999.0000	-9999.0000	-9999.0000	-9999.0000	-9999.0000	20.9623	3	0	33.2341	1.0000	02	1	-9999.0000	36573	72785	-9999	82	1423	-9999	595.9738	5	0.7301	0.7547	-0.0013	84.5631	1.5273	731.8126	270.7623	37.6959	665.4343	111.6597	733.2835	97.4249	733.0873	95.0305	739.1870	95.0305	
31/08/2017	00:56:51	019004	H421150369HLR	L421	S		694.1870	1.0230	0.0000	100.0180	40.3300	0.8230	0.8278	4.0000	19.2219	815.0653	94.9646	22.9830	24.3000	0.9300	0.9255	0.7553	-0.0013	815.0000	813.0858	1.0339	-4.3028	100.0444	40.0158	0.8230	0.8243	5.0000	-9999.0000	-9999.0000	-9999.0000	-9999.0000	-9999.0000	-9999.0000	20.4319	5	0	34.3542	1.0000	02	1	-9999.0000	36574	72786	-9999	83	1424	-9999	590.4107	5	0.7300	0.7553	-0.0013	85.7919	1.4579	717.4668	271.9848	38.2890	658.4132	111.2424	719.7464	97.3810	718.3328	95.0305	723.2230	95.0085	
31/08/2017	00:57:47	019004	H421149882HLR	L421	S		705.4732	1.0230	0.0000	100.1180	40.0032	0.8230	0.8288	4.0000	19.1720	815.1011	94.8548	18.8019	24.3000	0.9300	0.9255	0.7618	-0.0017	815.0000	815.7055	1.0339	-4.3472	100.0639	39.5781	0.8230	0.8235	5.0000	-9999.0000	-9999.0000	-9999.0000	-9999.0000	-9999.0000	-9999.0000	20.5618	7	0	32.8835	1.0000	02	1	-9999.0000	36575	72787	-9999	84	1425	-9999	595.1917	5	0.7301	0.7618	-0.0017	87.1307	1.3930	728.8738	282.2145	38.3110	671.3194	109.6827	730.1812	97.1613	730.0942	95.0964	736.0449	95.0085	
31/08/2017	00:59:08	019004	H421150423HLR	L421	S		698.9997	1.0230	0.0000	100.1567	40.3395	0.8230	0.8284	4.0000	19.2727	815.0566	95.0744	20.5023	24.2000	0.9300	0.9254	0.7612	-0.0017	815.0000	815.7164	1.0339	-4.3473	100.0495	39.9667	0.8230	0.8235	5.0000	-9999.0000	-9999.0000	-9999.0000	-9999.0000	-9999.0000	-9999.0000	20.9620	1	0	35.7540	1.0000	02	1	-9999.0000	36576	72788	-9999	85	1426	-9999	592.8719	5	0.7295	0.7612	-0.0017	87.9729	1.3479	721.1800	270.4767	38.4867	660.2957	111.9014	722.2347	97.6007	722.7294	95.0525	728.7829	95.0085	
31/08/2017	01:00:05	019004	H421150425HLR	L421	S		697.5245	1.0230	0.0000	100.1011	39.9691	0.8230	0.8281	4.0000	19.2921	815.0653	94.9426	19.1516	24.3000	0.9300	0.9255	0.7616	-0.0017	815.0000	814.1625	1.0339	-4.3210	99.9999	39.8439	0.8230	0.8237	5.0000	-9999.0000	-9999.0000	-9999.0000	-9999.0000	-9999.0000	-9999.0000	20.3919	3	0	33.4736	1.0000	02	1	-9999.0000	36577	72788	-9999	86	1427	-9999	594.6065	5	0.7294	0.7616	-0.0017	86.9581	1.3905	720.1260	276.6015	37.1247	655.7023	111.8574	721.1980	97.5128	721.6449	95.0305	727.7525	95.0085	
31/08/2017	01:01:03	019004	H421150379HLR	L421	S		694.9747	1.0230	0.0000	99.9825	40.2556	0.8230	0.8290	4.0000	19.2024	815.0976	95.1403	21.9927	24.2000	0.9300	0.9253	0.7631	-0.0018	815.0000	813.1683	1.0339	-4.3042	99.9996	39.8248	0.8230	0.8238	5.0000	-9999.0000	-9999.0000	-9999.0000	-9999.0000	-9999.0000	-9999.0000	21.6420	5	0	33.7235	1.0000	02	1	-9999.0000	36578	72789	-9999	87	1428	-9999	590.4520	5	0.7291	0.7631	-0.0018	86.7025	1.4197	714.1888	248.6801	35.3014	648.2900	112.5384	715.8111	97.7325	715.2398	95.0964	720.0490	94.9866	
31/08/2017	01:02:02	019004	H421150093HLR	L421	S		692.5924	1.0230	0.0000	100.0603	39.9344	0.8230	0.8275	4.0000	19.4016	815.0795	94.9646	19.6624	24.4000	0.9300	0.9257	0.7618	-0.0017	815.0000	812.4148	1.0339	-4.2914	99.9868	39.6735	0.8230	0.8236	5.0000	-9999.0000	-9999.0000	-9999.0000	-9999.0000	-9999.0000	-9999.0000	23.3433	7	0	31.8540	1.0000	02	1	-9999.0000	36579	72790	-9999	88	1429	-9999	593.9936	5	0.7294	0.7618	-0.0017	87.7804	1.3943	716.2854	276.9688	35.3893	649.4908	112.5165	718.5633	97.7984	717.2355	95.0525	722.5661	95.0085	
31/08/2017	01:03:02	019004	H421150087HLR	L421	S		693.2330	1.0230	0.0000	100.0362	40.3738	0.8230	0.8296	4.0000	19.4416	815.0894	94.9646	19.8723	24.3000	0.9300	0.9254	0.7529	-0.0012	815.0000	813.0392	1.0339	-4.3020	100.0406	39.8521	0.8230	0.8236	5.0000	-9999.0000	-9999.0000	-9999.0000	-9999.0000	-9999.0000	-9999.0000	20.7122	1	0	35.5439	1.0000	02	1	-9999.0000	36580	72791	-9999	89	1430	-9999	594.0931	5	0.7290	0.7529	-0.0012	87.9140	1.3791	725.2182	271.9546	36.6414	655.0802	112.4066	726.9043	97.6885	726.0222	95.0525	732.1722	95.0085	
31/08/2017	01:04:00	019004	H421150102HLR	L421	S		695.6994	1.0230	0.0000	100.0010	40.1326	0.8230	0.8272	4.0000	19.2921	815.0541	94.8328	18.0821	24.2000	0.9300	0.9253	0.7522	-0.0012	815.0000	814.4153	1.0339	-4.3253	99.9806	39.8553	0.8230	0.8239	5.0000	-9999.0000	-9999.0000	-9999.0000	-9999.0000	-9999.0000	-9999.0000	20.4417	3	0	34.0643	1.0000	02	1	-9999.0000	36581	72792	-9999	90	1431	-9999	595.8679	5	0.7290	0.7522	-0.0012	88.4868	1.3694	729.2097	281.8743	38.2011	663.0113	111.7915	730.4383	97.5787	730.8896	95.0525	736.5209	95.0085	
31/08/2017	01:04:58	019004	H421150103HLR	L421	S		696.0828	1.0230	0.0000	99.9661	40.1525	0.8230	0.8286	4.0000	21.0422	815.0666	95.1403	21.7925	24.2000	0.9300	0.9255	0.7529	-0.0012	815.0000	814.9540	1.0339	-4.3344	99.9487	39.7655	0.8230	0.8237	5.0000	-9999.0000	-9999.0000	-9999.0000	-9999.0000	-9999.0000	-9999.0000	20.2425	5	0	35.0839	1.0000	02	1	-9999.0000	36582	72792	-9999	91	1432	-9999	592.5126	5	0.7291	0.7529	-0.0012	86.6692	1.4602	723.5928	269.2697	37.1467	663.0149	111.5499	724.9230	97.4249	725.0871	95.0305	729.8295	95.0305	
31/08/2017	01:05:54	019004	H421150094HLR	L421	S		695.0559	1.0230	0.0000	100.0210	40.2594	0.8230	0.8274	4.0000	19.4318	815.0629	95.0305	20.3919	24.2000	0.9300	0.9255	0.7528	-0.0012	815.0000	815.5335	1.0339	-4.3442	100.0415	39.8439	0.8230	0.8237	5.0000	-9999.0000	-9999.0000	-9999.0000	-9999.0000	-9999.0000	-9999.0000	20.7122	7	0	31.0639	1.0000	02	1	-9999.0000	36583	72792	-9999	92	1433	-9999	594.0116	5	0.7295	0.7528	-0.0012	93.5539	1.1495	723.4739	278.4895	37.6080	662.1937	111.3083	724.1800	97.3590	724.2913	95.0305	729.8207	95.0085	
31/08/2017	01:06:56	019004	H421150082HLR	L421	S		689.0354	1.0230	0.0000	99.9579	39.9740	0.8230	0.8290	4.0000	19.4416	815.0666	95.0305	21.3227	24.2000	0.9300	0.9255	0.7531	-0.0012	815.0000	817.3056	1.0339	-4.3742	99.9686	39.7202	0.8230	0.8237	5.0000	-9999.0000	-9999.0000	-9999.0000	-9999.0000	-9999.0000	-9999.0000	24.2428	1	0	34.8533	1.0000	02	1	-9999.0000	36584	72793	-9999	93	1434	-9999	593.1073	5	0.7291	0.7531	-0.0012	99.6636	0.8704	726.6566	270.2732	36.8172	660.2709	111.4401	727.4870	97.4249	727.8876	95.0525	734.2262	95.0305	
31/08/2017	01:07:53	019004	H421150072HLR	L421	S		698.3521	1.0230	0.0000	99.9637	40.3628	0.8230	0.8271	4.0000	20.9320	815.1093	94.8328	17.2724	24.2000	0.9300	0.9255	0.7537	-0.0012	815.0000	815.5706	1.0339	-4.3449	99.9649	39.7835	0.8230	0.8235	5.0000	-9999.0000	-9999.0000	-9999.0000	-9999.0000	-9999.0000	-9999.0000	20.3727	3	0	33.1141	1.0000	02	1	-9999.0000	36585	72794	-9999	94	1435	-9999	597.1690	5	0.7288	0.7537	-0.0012	118.0825	0.0309	732.1965	282.3930	38.9700	671.5915	110.0342	733.1077	97.1833	734.1414	95.0525	740.2420	95.0085	
31/08/2017	01:08:50	019004	H421150073HLR	L421	S		696.5324	1.0230	0.0000	100.1079	39.9369	0.8230	0.8282	4.0000	19.6820	815.0868	95.0085	21.1020	24.3000	0.9300	0.9256	0.7585	-0.0015	815.0000	816.9785	1.0339	-4.3687	100.0515	39.9268	0.8230	0.8239	5.0000	-9999.0000	-9999.0000	-9999.0000	-9999.0000	-9999.0000	-9999.0000	20.9427	5	0	32.6834	1.0000	02	1	-9999.0000	36586	72795	-9999	95	1436	-9999	592.9162	5	0.7288	0.7585	-0.0015	118.3318	0.0167	722.7231	280.9423	37.6959	657.0152	111.5279	723.9071	97.4469	724.1018	95.0305	729.6476	95.0085	
31/08/2017	01:09:48	019004	H421148655HLR	L421	S		699.1411	1.0230	0.0000	100.0712	40.4272	0.8230	0.8288	4.0000	19.2120	815.1042	94.8767	19.2522	24.2000	0.9300	0.9255	0.7575	-0.0014	815.0000	816.6697	1.0339	-4.3635	100.0374	39.6893	0.8230	0.8238	5.0000	-9999.0000	-9999.0000	-9999.0000	-9999.0000	-9999.0000	-9999.0000	21.0121	7	0	34.0428	1.0000	02	1	-9999.0000	36587	72796	-9999	96	1437	-9999	595.1486	5	0.7290	0.7575	-0.0014	114.4318	0.2046	727.6661	273.6917	37.0588	664.6217	111.8574	729.5253	97.4689	728.6289	95.0525	734.5909	95.0305	
31/08/2017	01:10:46	019004	H421148646HLR	L421	S		696.3941	1.0230	0.0000	99.9847	40.0019	0.8230	0.8277	4.0000	19.4621	815.1240	94.8767	18.8029	24.3000	0.9300	0.9256	0.7585	-0.0015	815.0000	815.2825	1.0339	-4.3400	100.0544	39.8271	0.8230	0.8235	5.0000	-9999.0000	-9999.0000	-9999.0000	-9999.0000	-9999.0000	-9999.0000	20.4320	1	0	34.2733	1.0000	02	1	-9999.0000	36588	72796	-9999	97	1438	-9999	595.7457	5	0.7289	0.7585	-0.0015	111.8666	0.3546	722.0021	269.2802	36.6195	658.8108	111.7915	723.3270	97.5128	723.3589	95.0305	729.5750	95.0305	
31/08/2017	01:11:45	019004	H421148626HLR	L421	S		688.9699	1.0230	0.0000	100.1064	40.2497	0.8230	0.8293	4.0000	19.2012	815.0935	94.9426	20.1819	24.2000	0.9300	0.9255	0.7574	-0.0014	815.0000	813.6043	1.0339	-4.3116	100.0302	39.9116	0.8230	0.8240	5.0000	-9999.0000	-9999.0000	-9999.0000	-9999.0000	-9999.0000	-9999.0000	20.7523	3	0	34.2439	1.0000	02	1	-9999.0000	36589	72797	-9999	98	1439	-9999	593.9386	5	0.7288	0.7574	-0.0014	112.6002	0.3219	716.1735	279.5394	37.6080	653.0673	111.4401	717.0458	97.4030	717.5354	95.0525	723.2077	95.0085	
31/08/2017	01:12:51	019004	H421148629HLR	L421	S		693.7263	1.0230	0.0000	100.0878	40.1221	0.8230	0.8273	4.0000	19.7024	815.0927	94.9866	20.5423	24.3000	0.9300	0.9256	0.7579	-0.0015	815.0000	815.8216	1.0339	-4.3491	100.0377	39.6746	0.8230	0.8237	5.0000	-9999.0000	-9999.0000	-9999.0000	-9999.0000	-9999.0000	-9999.0000	20.7523	5	0	33.3739	1.0000	02	1	-9999.0000	36590	72798	-9999	99	1440	-9999	593.4967	5	0.7292	0.7579	-0.0015	103.0636	0.8364	720.5760	273.2060	36.2680	655.2737	111.5938	722.0106	97.5567	722.0269	95.0305	727.7244	95.0085	
31/08/2017	01:13:49	019004	H421148666HLR	L421	S		692.4280	1.0230	0.0000	100.0051	40.1239	0.8230	0.8294	4.0000	19.3116	815.1029	94.9646	20.4124	24.1000	0.9300	0.9255	0.7570	-0.0014	815.0000	813.0763	1.0339	-4.3026	100.0069	39.5925	0.8230	0.8231	5.0000	-9999.0000	-9999.0000	-9999.0000	-9999.0000	-9999.0000	-9999.0000	23.1627	7	0	32.1735	1.0000	02	1	-9999.0000	36591	72799	-9999	100	1441	-9999	593.6700	5	0.7291	0.7570	-0.0014	108.3706	0.5464	719.1285	271.9604	38.4647	655.9531	111.1765	720.2132	97.3371	720.6618	95.0305	725.6813	95.0305	
31/08/2017	01:14:21	019004	H421148648HLR	L421	S		692.8423	1.0230	0.0000	99.9610	40.4472	0.8230	0.8283	4.0000	20.3324	815.1116	94.8328	18.7824	24.2000	0.9300	0.9254	0.7575	-0.0014	815.0000	814.6407	1.0339	-4.3291	100.0449	39.5384	0.8230	0.8238	5.0000	-9999.0000	-9999.0000	-9999.0000	-9999.0000	-9999.0000	-9999.0000	21.0822	8	0	31.7839	1.0000	02	1	-9999.0000	36592	72800	-9999	101	1442	-9999	595.5469	5	0.7288	0.7575	-0.0014	103.9684	0.7992	721.5297	288.1896	36.7952	658.7611	111.5499	722.6126	97.3810	722.8526	95.0085	729.2475	95.0305	
31/08/2017	01:14:55	019004	H421148662HLR	L421	S		692.3462	1.0230	0.0000	100.0408	40.0963	0.8230	0.8278	4.0000	19.2023	815.0990	94.9866	19.6321	24.3000	0.9300	0.9255	0.7575	-0.0014	815.0000	814.4160	1.0339	-4.3253	100.0412	40.1902	0.8230	0.8242	5.0000	-9999.0000	-9999.0000	-9999.0000	-9999.0000	-9999.0000	-9999.0000	21.1122	1	0	33.5935	1.0000	02	1	-9999.0000	36593	72801	-9999	102	1443	-9999	594.3742	5	0.7288	0.7575	-0.0014	103.9684	0.7992	719.5515	307.7210	39.3434	663.4940	109.7266	720.0173	97.1174	721.1308	95.0085	727.3437	95.0305	
31/08/2017	01:15:51	019004	H421148649HLR	L421	S		696.0823	1.0230	0.0000	100.0646	40.2697	0.8230	0.8290	4.0000	19.3420	815.1070	94.8548	18.4327	24.2000	0.9300	0.9254	0.7593	-0.0015	815.0000	815.3262	1.0339	-4.3407	100.0184	39.3869	0.8230	0.8235	5.0000	-9999.0000	-9999.0000	-9999.0000	-9999.0000	-9999.0000	-9999.0000	20.8118	3	0	31.5835	1.0000	02	1	-9999.0000	36594	72802	-9999	103	1444	-9999	595.8222	5	0.7290	0.7593	-0.0015	89.5923	1.5878	724.9019	273.9630	36.8172	659.7454	111.3961	725.6338	97.4249	726.4362	95.0305	732.4727	95.0305	
31/08/2017	01:16:23	019004	H421148641HLR	L421	S		695.6732	1.0230	0.0000	100.0891	40.2234	0.8230	0.8282	4.0000	19.4524	815.0772	94.8548	17.9727	24.4000	0.9300	0.9256	0.7596	-0.0015	815.0000	814.6271	1.0339	-4.3289	100.0011	39.8864	0.8230	0.8247	5.0000	-9999.0000	-9999.0000	-9999.0000	-9999.0000	-9999.0000	-9999.0000	20.6018	4	0	32.6033	1.0000	02	1	-9999.0000	36595	72803	-9999	104	1445	-9999	596.5352	5	0.7292	0.7596	-0.0015	86.5626	1.7622	724.0674	292.5677	37.0808	657.3909	111.3522	725.1820	97.4469	725.4509	95.0305	731.9831	95.0744	
31/08/2017	01:16:57	019004	H421148664HLR	L421	S		693.4205	1.0230	0.0000	100.0135	39.9487	0.8230	0.8278	4.0000	19.3429	815.0709	95.0085	19.8919	24.4000	0.9300	0.9256	0.7596	-0.0015	815.0000	815.0394	1.0339	-4.3359	100.0406	40.0850	0.8230	0.8234	5.0000	-9999.0000	-9999.0000	-9999.0000	-9999.0000	-9999.0000	-9999.0000	20.6322	5	0	34.3739	1.0000	02	1	-9999.0000	36596	72804	-9999	105	1446	-9999	594.1563	5	0.7292	0.7596	-0.0015	86.5626	1.7622	718.7238	296.5024	37.1247	653.9196	111.6817	720.7799	97.5567	720.5662	95.0305	726.2063	95.0305	
31/08/2017	01:17:56	019004	H421144550HLR	L421	S		703.0491	1.0230	0.0000	100.0260	40.4198	0.8230	0.8289	4.0000	19.3420	815.1047	94.8328	17.8018	24.3000	0.9300	0.9256	0.7598	-0.0015	815.0000	817.0123	1.0339	-4.3693	100.0467	39.7753	0.8230	0.8239	5.0000	-9999.0000	-9999.0000	-9999.0000	-9999.0000	-9999.0000	-9999.0000	20.9416	7	0	34.3241	1.0000	02	1	-9999.0000	36597	72805	-9999	106	1447	-9999	596.5866	5	0.7297	0.7598	-0.0015	102.2076	0.9420	734.1744	272.2858	36.0264	672.5671	111.5499	735.5750	97.3151	735.3891	95.0525	741.2867	95.0305	
31/08/2017	01:18:30	019004	H421148652HLR	L421	S		692.8839	1.0230	0.0000	100.0204	40.1950	0.8230	0.8272	4.0000	21.0218	815.1038	94.9426	18.8722	24.3000	0.9300	0.9255	0.7534	-0.0012	815.0000	814.4658	1.0339	-4.3262	100.0476	39.8418	0.8230	0.8239	5.0000	-9999.0000	-9999.0000	-9999.0000	-9999.0000	-9999.0000	-9999.0000	20.6029	8	0	33.8936	1.0000	02	1	-9999.0000	36598	72806	-9999	107	1448	-9999	595.6363	5	0.7300	0.7534	-0.0012	93.8477	1.3879	719.1936	293.4302	37.8716	659.2683	111.1545	720.3556	97.3151	721.0856	95.0305	727.0491	95.0305	
31/08/2017	01:19:05	019004	H421148672HLR	L421	S		691.1582	1.0230	0.0000	100.1320	39.8461	0.8230	0.8277	4.0000	19.4622	815.0753	94.9426	20.5023	24.3000	0.9300	0.9255	0.7534	-0.0012	815.0000	814.5008	1.0339	-4.3268	100.0437	39.8692	0.8230	0.8236	5.0000	-9999.0000	-9999.0000	-9999.0000	-9999.0000	-9999.0000	-9999.0000	21.1627	1	0	35.1238	1.0000	02	1	-9999.0000	36599	72806	-9999	108	1449	-9999	593.9931	5	0.7300	0.7534	-0.0012	93.8477	1.3879	719.8753	289.7236	38.5746	660.3197	111.0007	721.2321	97.3151	721.8900	95.0085	727.9016	95.0525	
31/08/2017	01:20:10	019004	H421147516HLR	L421	S		692.3663	1.0230	0.0000	99.9695	40.5556	0.8230	0.8289	4.0000	19.4620	815.0780	94.9207	19.9622	24.2000	0.9300	0.9254	0.7485	-0.0009	815.0000	815.6331	1.0339	-4.3459	100.0490	39.7892	0.8230	0.8236	5.0000	-9999.0000	-9999.0000	-9999.0000	-9999.0000	-9999.0000	-9999.0000	21.1222	3	0	35.9349	1.0000	02	1	-9999.0000	36600	72807	-9999	109	1450	-9999	594.6985	5	0.7302	0.7485	-0.0009	93.3635	1.4375	727.0066	274.8452	37.1906	663.0501	111.2204	728.0622	97.4249	727.8429	95.0525	732.9888	95.0085	
31/08/2017	01:20:43	019004	H421147498HLR	L421	S		689.6847	1.0230	0.0000	100.0349	40.2564	0.8230	0.8278	4.0000	19.6429	815.0576	94.9207	20.1116	24.3000	0.9300	0.9256	0.7493	-0.0010	815.0000	814.0103	1.0339	-4.3185	100.0364	39.7208	0.8230	0.8238	5.0000	-9999.0000	-9999.0000	-9999.0000	-9999.0000	-9999.0000	-9999.0000	21.0024	4	0	33.7232	1.0000	02	1	-9999.0000	36601	72808	-9999	110	1451	-9999	594.5959	5	0.7301	0.7493	-0.0010	96.9071	1.2484	723.9340	294.9388	37.4323	658.1752	111.1325	724.6991	97.3810	724.3335	95.0744	729.9847	95.0305	
31/08/2017	01:21:18	019004	H421147507HLR	L421	S		688.0395	1.0230	0.0000	100.1929	39.8333	0.8230	0.8277	4.0000	19.3018	815.0834	94.9207	20.8217	24.3000	0.9300	0.9256	0.7493	-0.0010	815.0000	814.5496	1.0339	-4.3276	99.9787	39.8658	0.8230	0.8236	5.0000	-9999.0000	-9999.0000	-9999.0000	-9999.0000	-9999.0000	-9999.0000	25.5829	5	0	34.5538	1.0000	02	1	-9999.0000	36602	72809	-9999	111	1452	-9999	593.9841	5	0.7301	0.7493	-0.0010	96.9071	1.2484	721.9387	292.8338	35.9165	657.7408	111.6158	722.3801	97.4469	723.3469	95.0305	728.9840	95.0525	
31/08/2017	01:22:17	019004	H421147511HLR	L421	S		693.7957	1.0230	0.0000	100.1555	40.6439	0.8230	0.8289	4.0000	19.8127	815.0528	95.0964	22.2027	24.3000	0.9300	0.9256	0.7467	-0.0009	815.0000	816.1984	1.0339	-4.3555	100.0391	39.7855	0.8230	0.8237	5.0000	-9999.0000	-9999.0000	-9999.0000	-9999.0000	-9999.0000	-9999.0000	21.3218	7	0	34.6836	1.0000	02	1	-9999.0000	36603	72809	-9999	112	1453	-9999	593.3018	5	0.7303	0.7467	-0.0009	86.1817	1.8403	725.3140	300.2901	39.1237	670.6309	110.1220	726.9132	97.1833	726.3390	95.0305	730.8951	95.0085	
31/08/2017	01:22:51	019004	H421147521HLR	L421	S		690.6678	1.0230	0.0000	100.1487	40.3218	0.8230	0.8278	4.0000	19.3821	815.0760	94.9426	19.3127	24.2000	0.9300	0.9255	0.7467	-0.0009	815.0000	814.1091	1.0339	-4.3201	100.0327	39.7804	0.8230	0.8238	5.0000	-9999.0000	-9999.0000	-9999.0000	-9999.0000	-9999.0000	-9999.0000	20.7223	8	0	34.1141	1.0000	02	1	-9999.0000	36604	72810	-9999	113	1454	-9999	595.2664	5	0.7303	0.7467	-0.0009	86.1817	1.8403	727.2289	294.2450	38.6185	667.1013	110.0781	727.9120	97.1613	729.3161	95.0085	735.1315	95.0305	
31/08/2017	01:23:25	019004	H421147494HLR	L421	S		687.4452	1.0230	0.0000	100.1397	39.8172	0.8230	0.8275	4.0000	19.5518	815.0612	94.9866	20.8226	24.2000	0.9300	0.9254	0.7451	-0.0008	815.0000	815.0489	1.0339	-4.3360	100.0701	39.9427	0.8230	0.8238	5.0000	-9999.0000	-9999.0000	-9999.0000	-9999.0000	-9999.0000	-9999.0000	21.0619	1	0	34.1532	1.0000	02	1	-9999.0000	36605	72811	-9999	114	1455	-9999	594.2848	5	0.7301	0.7451	-0.0008	68.1952	2.7545	723.6240	294.0662	37.4103	658.7097	111.1765	724.6529	97.4030	724.9942	95.0305	730.0336	95.0525	
31/08/2017	01:24:21	019004	H421147519HLR	L421	S		686.7209	1.0230	0.0000	99.9360	40.6298	0.8230	0.8292	4.0000	19.3723	815.0836	94.9426	20.8822	24.1000	0.9300	0.9255	0.7516	-0.0011	815.0000	814.5275	1.0339	-4.3272	100.0490	39.6881	0.8230	0.8237	5.0000	-9999.0000	-9999.0000	-9999.0000	-9999.0000	-9999.0000	-9999.0000	20.3020	3	0	32.0338	1.0000	02	1	-9999.0000	36606	72812	-9999	115	1456	-9999	594.0354	5	0.7299	0.7516	-0.0011	66.7458	2.8361	720.2143	282.5842	36.8611	658.5479	111.3742	721.1414	97.3590	721.5599	95.0305	726.7654	95.0085	
31/08/2017	01:24:53	019004	H421147499HLR	L421	S		690.2924	1.0230	0.0000	100.0490	40.3490	0.8230	0.8280	4.0000	19.3419	815.0796	94.9646	20.3431	24.2000	0.9300	0.9256	0.7473	-0.0009	815.0000	814.9251	1.0339	-4.3339	100.0303	39.7998	0.8230	0.8240	5.0000	-9999.0000	-9999.0000	-9999.0000	-9999.0000	-9999.0000	-9999.0000	21.0317	4	0	32.3835	1.0000	02	1	-9999.0000	36607	72813	-9999	116	1457	-9999	594.5478	5	0.7296	0.7473	-0.0009	52.3978	3.5601	720.0983	296.8942	36.4657	658.0541	111.3302	721.0202	97.4249	721.2373	95.0744	727.2568	95.0085	
31/08/2017	01:25:26	019004	H421147504HLR	L421	S		695.6078	1.0230	0.0000	100.0735	39.8461	0.8230	0.8274	4.0000	19.5422	815.0622	94.9207	20.3323	24.3000	0.9300	0.9256	0.7473	-0.0009	815.0000	816.6478	1.0339	-4.3631	100.0418	39.9845	0.8230	0.8237	5.0000	-9999.0000	-9999.0000	-9999.0000	-9999.0000	-9999.0000	-9999.0000	21.0530	5	0	32.7439	1.0000	02	1	-9999.0000	36608	72814	-9999	117	1458	-9999	594.5247	5	0.7296	0.7473	-0.0009	52.3978	3.5601	729.0667	289.1077	37.0369	664.8783	111.6158	730.7223	97.5567	730.2207	95.0085	736.0108	95.0525	
31/08/2017	01:26:24	019004	H421149930HLR	L421	S		699.9088	1.0230	0.0000	100.0834	40.6134	0.8230	0.8291	4.0000	19.4523	815.0634	94.8328	17.6016	24.4000	0.9300	0.9258	0.7562	-0.0013	815.0000	816.4940	1.0339	-4.3605	99.9751	39.6539	0.8230	0.8237	5.0000	-9999.0000	-9999.0000	-9999.0000	-9999.0000	-9999.0000	-9999.0000	23.7419	7	0	29.5131	1.0000	02	1	-9999.0000	36609	72814	-9999	118	1459	-9999	597.6591	5	0.7296	0.7562	-0.0013	71.9750	2.6155	731.7113	276.6034	36.9270	667.3036	111.3961	733.2472	97.4908	733.0580	95.0525	739.0455	95.0085	
31/08/2017	01:26:55	019004	H421149920HLR	L421	S		696.8055	1.0230	0.0000	100.0925	40.3477	0.8230	0.8281	4.0000	19.3117	815.0990	94.8548	18.5226	24.3000	0.9300	0.9255	0.7590	-0.0014	815.0000	817.9431	1.0339	-4.3850	100.0630	39.8645	0.8230	0.8239	5.0000	-9999.0000	-9999.0000	-9999.0000	-9999.0000	-9999.0000	-9999.0000	21.2425	8	0	31.6043	1.0000	02	1	-9999.0000	36609	72815	-9999	119	1460	-9999	596.7430	5	0.7292	0.7590	-0.0014	67.1294	2.8326	729.7585	292.7479	37.8936	661.2584	111.2863	730.9696	97.4249	731.2584	95.0085	737.3880	95.0525	
31/08/2017	01:27:27	019004	H421147506HLR	L421	S		695.0769	1.0230	0.0000	100.1777	39.9011	0.8230	0.8274	4.0000	19.3322	815.1194	94.8987	18.9523	24.3000	0.9300	0.9255	0.7590	-0.0014	815.0000	816.1602	1.0339	-4.3549	99.9844	39.8461	0.8230	0.8234	5.0000	-9999.0000	-9999.0000	-9999.0000	-9999.0000	-9999.0000	-9999.0000	23.8620	1	0	31.5932	1.0000	02	1	-9999.0000	36610	72816	-9999	120	1461	-9999	596.5444	5	0.7292	0.7590	-0.0014	67.1294	2.8326	722.3444	293.0365	36.3998	655.5977	111.9673	723.5643	97.5787	723.5425	95.0525	729.5519	95.0085	
31/08/2017	01:28:29	019004	H421149959HLR	L421	S		696.5471	1.0230	0.0000	100.0684	40.4950	0.8230	0.8295	4.0000	19.2523	815.0799	94.8328	17.7617	24.4000	0.9300	0.9256	0.7512	-0.0011	815.0000	814.9644	1.0339	-4.3346	99.9762	39.7435	0.8230	0.8236	5.0000	-9999.0000	-9999.0000	-9999.0000	-9999.0000	-9999.0000	-9999.0000	24.8532	3	0	33.4637	1.0000	02	1	-9999.0000	36611	72816	-9999	121	1462	-9999	596.8575	5	0.7295	0.7512	-0.0011	61.4786	3.1350	732.0828	271.1244	37.1247	666.1835	111.9234	733.3855	97.5567	733.4906	95.0305	739.5682	95.0085	
31/08/2017	01:29:00	019004	H421147523HLR	L421	S		696.7069	1.0230	0.0000	100.1173	40.4515	0.8230	0.8282	4.0000	19.3420	815.0832	94.8328	17.8516	24.4000	0.9300	0.9257	0.7490	-0.0010	815.0000	815.5035	1.0339	-4.3437	100.0515	39.7900	0.8230	0.8239	5.0000	-9999.0000	-9999.0000	-9999.0000	-9999.0000	-9999.0000	-9999.0000	20.0531	4	0	31.1041	1.0000	02	1	-9999.0000	36612	72817	-9999	122	1463	-9999	596.5612	5	0.7295	0.7490	-0.0010	66.6119	2.8826	733.7174	304.0095	36.7513	667.2436	111.8794	735.2606	97.5787	734.8646	95.0525	740.1781	95.0085	
31/08/2017	01:29:32	019004	H421149926HLR	L421	S		698.2491	1.0230	0.0000	100.1122	39.9441	0.8230	0.8274	4.0000	19.3615	815.0805	94.8108	17.8116	24.3000	0.9300	0.9255	0.7500	-0.0010	815.0000	817.1980	1.0339	-4.3724	100.0653	39.9859	0.8230	0.8239	5.0000	-9999.0000	-9999.0000	-9999.0000	-9999.0000	-9999.0000	-9999.0000	20.6517	5	0	32.2233	1.0000	02	1	-9999.0000	36613	72817	-9999	123	1464	-9999	596.6903	5	0.7296	0.7500	-0.0010	65.9015	2.9209	735.5907	291.8229	38.0913	669.5002	111.5719	737.0254	97.4249	736.4628	95.0964	742.4189	95.0305	
31/08/2017	01:30:34	019004	H421149934HLR	L421	S		697.0518	1.0230	0.0000	99.9544	40.4341	0.8230	0.8291	4.0000	19.9124	815.0477	94.9866	19.6418	24.4000	0.9300	0.9258	0.7477	-0.0009	815.0000	815.6986	1.0339	-4.3470	99.9970	39.5417	0.8230	0.8236	5.0000	-9999.0000	-9999.0000	-9999.0000	-9999.0000	-9999.0000	-9999.0000	26.3233	7	0	32.3639	1.0000	02	1	-9999.0000	36614	72817	-9999	124	1465	-9999	595.0967	5	0.7304	0.7477	-0.0009	64.6412	3.0150	730.5369	292.4683	38.8382	669.4338	110.7811	731.5576	97.3151	731.8347	95.0305	737.7898	95.0085	
31/08/2017	01:31:08	019004	H421149941HLR	L421	S		699.0225	1.0230	0.0000	100.0605	40.4244	0.8230	0.8281	4.0000	19.5324	815.1114	94.8328	17.2422	24.5000	0.9300	0.9257	0.7477	-0.0009	815.0000	815.2320	1.0339	-4.3391	100.0208	39.8639	0.8230	0.8241	5.0000	-9999.0000	-9999.0000	-9999.0000	-9999.0000	-9999.0000	-9999.0000	20.8919	8	0	34.2939	1.0000	02	1	-9999.0000	36615	72818	-9999	125	1466	-9999	597.1032	5	0.7303	0.7477	-0.0009	64.6412	3.0150	734.8547	302.0906	37.0369	648.8032	110.4296	734.9738	97.2712	736.8061	95.0525	742.8771	95.0305	
31/08/2017	01:31:39	019004	H421149937HLR	L421	S		688.4223	1.0230	0.0000	100.1511	39.9290	0.8230	0.8275	4.0000	19.4220	815.0610	94.8767	18.4620	24.4000	0.9300	0.9256	0.7477	-0.0009	815.0000	815.0442	1.0339	-4.3360	100.0568	39.9653	0.8230	0.8235	5.0000	-9999.0000	-9999.0000	-9999.0000	-9999.0000	-9999.0000	-9999.0000	20.9028	1	0	31.0740	1.0000	02	1	-9999.0000	36616	72819	-9999	126	1467	-9999	596.1203	5	0.7303	0.7477	-0.0009	66.0875	2.9396	735.1079	294.6037	39.2336	664.9277	110.7811	735.6589	97.4908	736.3169	95.0085	742.5558	95.0525	
31/08/2017	01:32:37	019004	H421149946HLR	L421	S		695.5720	1.0230	0.0000	100.0860	40.4201	0.8230	0.8293	4.0000	19.4222	815.1041	94.8548	18.6124	24.2000	0.9300	0.9255	0.7510	-0.0011	815.0000	815.1050	1.0339	-4.3370	100.0276	39.7784	0.8230	0.8238	5.0000	-9999.0000	-9999.0000	-9999.0000	-9999.0000	-9999.0000	-9999.0000	22.8228	3	0	31.0035	1.0000	02	1	-9999.0000	36617	72820	-9999	127	1468	-9999	595.6409	5	0.7306	0.7510	-0.0011	87.5416	1.7213	732.2654	275.0677	35.9605	664.9414	112.5604	734.2552	97.8203	733.4617	95.0305	738.5788	94.9646	
31/08/2017	01:33:09	019004	H421149954HLR	L421	S		696.4486	1.0230	0.0000	100.0688	40.3671	0.8230	0.8279	4.0000	19.6019	815.0941	94.9646	19.8626	24.2000	0.9300	0.9254	0.7544	-0.0013	815.0000	816.9872	1.0339	-4.3689	99.9718	39.7435	0.8230	0.8237	5.0000	-9999.0000	-9999.0000	-9999.0000	-9999.0000	-9999.0000	-9999.0000	24.6628	4	0	32.2233	1.0000	02	1	-9999.0000	36618	72821	-9999	128	1469	-9999	594.4971	5	0.7308	0.7544	-0.0013	96.2430	1.2402	730.5884	281.3319	36.7952	660.3024	112.4945	730.8198	97.6446	731.4234	95.0525	736.5665	95.0305	
31/08/2017	01:33:29	019004	H421149957HLR	L421	S		703.4262	1.0230	0.0000	99.9833	39.9034	0.8230	0.8275	4.0000	19.3308	815.0934	94.8328	17.2226	24.3000	0.9300	0.9255	0.7544	-0.0013	815.0000	817.4283	1.0339	-4.3763	100.0299	39.8461	0.8230	0.8236	5.0000	-9999.0000	-9999.0000	-9999.0000	-9999.0000	-9999.0000	-9999.0000	23.3630	5	0	20.7326	1.0000	02	1	-9999.0000	36619	72821	-9999	129	1470	-9999	597.0224	5	0.7308	0.7544	-0.0013	96.2430	1.2402	735.7584	282.8950	37.8716	665.7771	112.1430	737.8355	97.6446	736.7506	95.0085	742.5288	95.0744	
31/08/2017	01:34:26	019004	H421149964HLR	L421	S		705.4839	1.0230	0.0000	100.0042	40.5068	0.8230	0.8292	4.0000	19.3323	815.0627	94.8108	16.6425	24.4000	0.9300	0.9258	0.7522	-0.0011	815.0000	817.9087	1.0339	-4.3845	99.9942	39.7053	0.8230	0.8234	5.0000	-9999.0000	-9999.0000	-9999.0000	-9999.0000	-9999.0000	-9999.0000	22.7623	7	0	30.7738	1.0000	02	1	-9999.0000	36620	72822	-9999	130	1471	-9999	597.6219	5	0.7311	0.7522	-0.0011	68.2544	2.8031	741.3147	271.5245	36.0703	673.0703	111.7476	742.7838	97.6446	742.5054	95.0525	748.1676	95.0525	
31/08/2017	01:34:58	019004	H421149945HLR	L421	S		685.7911	1.0230	0.0000	100.0627	40.3482	0.8230	0.8282	4.0000	19.2922	815.0857	94.9426	18.4317	24.3000	0.9300	0.9255	0.7566	-0.0014	815.0000	815.7590	1.0339	-4.3481	99.9921	39.7603	0.8230	0.8238	5.0000	-9999.0000	-9999.0000	-9999.0000	-9999.0000	-9999.0000	-9999.0000	21.8422	8	0	31.2134	1.0000	02	1	-9999.0000	36621	72822	-9999	131	1472	-9999	595.6977	5	0.7307	0.7566	-0.0014	99.1110	1.0932	724.5714	294.7695	38.1352	649.0974	111.2643	725.9267	97.4469	725.6514	95.0305	732.0252	95.0305	
31/08/2017	01:36:28	019004	H421149967HLR	L421	S		698.9087	1.0230	0.0000	100.0687	40.2837	0.8230	0.8292	4.0000	19.5920	815.0683	94.8328	17.0126	24.4000	0.9300	0.9258	0.7463	-0.0009	815.0000	814.7744	1.0339	-4.3314	100.0082	39.5740	0.8230	0.8240	5.0000	-9999.0000	-9999.0000	-9999.0000	-9999.0000	-9999.0000	-9999.0000	20.8324	3	0	32.8835	1.0000	02	1	-9999.0000	36622	72823	-9999	133	1473	-9999	596.4460	5	0.7307	0.7463	-0.0009	83.7670	1.8719	738.5292	269.5401	36.5316	674.7992	110.9788	739.7431	97.4689	739.5658	95.0305	745.4969	95.0085	
31/08/2017	01:37:00	019004	H421149822HLR	L421	S		697.7753	1.0230	0.0000	99.9578	40.4244	0.8230	0.8285	4.0000	19.4219	815.0680	94.8108	17.3515	24.3000	0.9300	0.9255	0.7451	-0.0008	815.0000	815.2251	1.0339	-4.3390	100.0573	40.0740	0.8230	0.8244	5.0000	-9999.0000	-9999.0000	-9999.0000	-9999.0000	-9999.0000	-9999.0000	20.6321	4	0	32.0532	1.0000	02	1	-9999.0000	36623	72823	-9999	134	1474	-9999	596.0310	5	0.7305	0.7451	-0.0008	77.6192	2.2493	737.1463	296.2284	36.7513	672.3479	110.8689	738.6896	97.4030	738.1131	95.0305	744.2794	95.0525	
31/08/2017	01:37:34	019004	H421149831HLR	L421	S		693.0711	1.0230	0.0000	99.9678	40.0344	0.8230	0.8276	4.0000	19.3929	815.0571	94.9866	19.5120	24.3000	0.9300	0.9256	0.7451	-0.0008	815.0000	815.8389	1.0339	-4.3494	100.0620	39.9255	0.8230	0.8232	5.0000	-9999.0000	-9999.0000	-9999.0000	-9999.0000	-9999.0000	-9999.0000	20.5130	5	0	34.1337	1.0000	02	1	-9999.0000	36623	72823	-9999	135	1475	-9999	594.6003	5	0.7305	0.7451	-0.0008	77.6192	2.2493	734.8737	306.3558	39.1896	673.5238	110.4515	735.8208	97.1833	736.2251	95.0744	741.9945	95.0525	
31/08/2017	01:38:29	019004	H421149826HLR	L421	S		696.1536	1.0230	0.0000	100.0870	40.2904	0.8230	0.8290	4.0000	19.2726	815.0480	94.8987	19.1213	24.2000	0.9300	0.9256	0.7461	-0.0009	815.0000	815.5119	1.0339	-4.3439	100.0153	39.9264	0.8230	0.8239	5.0000	-9999.0000	-9999.0000	-9999.0000	-9999.0000	-9999.0000	-9999.0000	20.6321	7	0	31.1638	1.0000	02	1	-9999.0000	36624	72824	-9999	136	1476	-9999	594.7905	5	0.7306	0.7461	-0.0009	82.2072	1.9428	733.2902	282.6029	37.6959	672.2164	110.9788	734.3914	97.3371	734.7203	95.0305	740.3114	95.0305	
31/08/2017	01:39:01	019004	H421149834HLR	L421	S		697.1941	1.0230	0.0000	99.9846	40.2415	0.8230	0.8283	4.0000	19.3918	815.0870	94.8328	18.2823	24.2000	0.9300	0.9255	0.7487	-0.0010	815.0000	815.2333	1.0339	-4.3392	99.9570	39.6410	0.8230	0.8235	5.0000	-9999.0000	-9999.0000	-9999.0000	-9999.0000	-9999.0000	-9999.0000	27.8135	8	0	31.4936	1.0000	02	1	-9999.0000	36625	72824	-9999	137	1477	-9999	595.4657	5	0.7306	0.7487	-0.0010	69.1733	2.7055	734.0157	299.1314	38.0693	671.8029	110.9348	735.1039	97.3371	734.8326	95.0525	740.2404	95.0305	
31/08/2017	01:39:34	019004	H421149933HLR	L421	S		690.4923	1.0230	0.0000	99.9636	39.9487	0.8230	0.8276	4.0000	19.6125	815.0892	95.0085	20.4222	24.3000	0.9300	0.9256	0.7487	-0.0010	815.0000	817.6144	1.0339	-4.3795	99.9814	39.8461	0.8230	0.8239	5.0000	-9999.0000	-9999.0000	-9999.0000	-9999.0000	-9999.0000	-9999.0000	22.5923	1	0	33.2831	1.0000	02	1	-9999.0000	36626	72825	-9999	138	1478	-9999	593.5979	5	0.7306	0.7487	-0.0010	69.1733	2.7055	730.7217	292.1080	36.8831	662.8811	111.8355	732.3225	97.6226	732.3037	95.0085	737.5482	95.0525	
31/08/2017	01:40:30	019004	H421148126HLR	L421	S		700.6262	1.0230	0.0000	99.9852	40.4380	0.8230	0.8285	4.0000	20.1614	815.1031	94.8108	17.2119	24.4000	0.9300	0.9259	0.7470	-0.0009	815.0000	813.3544	1.0339	-4.3074	100.0240	39.5055	0.8230	0.8233	5.0000	-9999.0000	-9999.0000	-9999.0000	-9999.0000	-9999.0000	-9999.0000	20.9524	3	0	31.5338	1.0000	02	2	-9999.0000	36627	72826	-9999	139	1479	-9999	596.0646	5	0.7303	0.7470	-0.0009	69.5278	2.7022	738.6154	276.0495	36.6414	668.0330	112.6483	740.2635	97.7764	739.6741	95.0305	744.6130	94.9866	
31/08/2017	01:41:02	019004	H421148131HLR	L421	S		701.2791	1.0230	0.0000	100.0697	40.2426	0.8230	0.8282	4.0000	19.4328	815.0492	94.9646	19.1222	24.3000	0.9300	0.9256	0.7475	-0.0010	815.0000	816.5418	1.0339	-4.3613	100.0261	39.7435	0.8230	0.8243	5.0000	-9999.0000	-9999.0000	-9999.0000	-9999.0000	-9999.0000	-9999.0000	20.5921	4	0	32.1137	1.0000	02	2	-9999.0000	36628	72827	-9999	140	1480	-9999	594.4832	5	0.7302	0.7475	-0.0010	72.0186	2.5181	736.7941	296.6975	36.5536	668.4269	112.0332	738.3779	97.6666	737.8636	95.0305	743.1161	95.0525	
31/08/2017	01:41:34	019004	H421148150HLR	L421	S		702.0824	1.0230	0.0000	100.0055	39.9487	0.8230	0.8277	4.0000	19.2121	815.1067	94.8767	18.7921	24.3000	0.9300	0.9256	0.7511	-0.0012	815.0000	815.4661	1.0339	-4.3431	100.0544	40.1945	0.8230	0.8238	5.0000	-9999.0000	-9999.0000	-9999.0000	-9999.0000	-9999.0000	-9999.0000	21.3724	5	0	31.7027	1.0000	02	2	-9999.0000	36629	72828	-9999	141	1481	-9999	594.5947	5	0.7297	0.7511	-0.0012	63.7487	2.9852	733.8657	285.0628	36.2021	664.8571	111.9453	735.7971	97.7105	734.4052	95.0525	739.4036	95.0744	
31/08/2017	01:42:29	019004	H421148133HLR	L421	S		701.2165	1.0230	0.0000	100.0125	40.4308	0.8230	0.8290	4.0000	19.3917	815.0756	94.8328	17.7617	24.4000	0.9300	0.9258	0.7582	-0.0015	815.0000	813.7275	1.0339	-4.3137	100.0300	39.5685	0.8230	0.8237	5.0000	-9999.0000	-9999.0000	-9999.0000	-9999.0000	-9999.0000	-9999.0000	20.3312	7	0	30.4342	1.0000	02	2	-9999.0000	36630	72829	-9999	142	1482	-9999	595.6436	5	0.7300	0.7582	-0.0015	60.9453	3.1257	736.3471	283.4698	36.4218	670.6843	111.5719	737.7069	97.6226	737.2136	95.0525	742.1855	95.0085	
31/08/2017	01:42:59	019004	H421148155HLR	L421	S		699.3294	1.0230	0.0000	100.1587	40.3257	0.8230	0.8282	4.0000	19.2447	815.0876	94.8328	18.1925	24.4000	0.9300	0.9257	0.7618	-0.0017	815.0000	813.8325	1.0339	-4.3154	99.9785	39.8967	0.8230	0.8243	5.0000	-9999.0000	-9999.0000	-9999.0000	-9999.0000	-9999.0000	-9999.0000	24.0525	8	0	30.6126	1.0000	02	2	-9999.0000	36631	72830	-9999	143	1483	-9999	595.3098	5	0.7298	0.7618	-0.0017	66.6615	2.7986	725.3696	288.9466	38.1792	659.9257	111.0227	726.4888	97.3371	726.4849	95.0525	732.4164	95.0305	
31/08/2017	01:43:32	019004	H421148143HLR	L421	S		699.2572	1.0230	0.0000	100.0464	39.9397	0.8230	0.8275	4.0000	19.4523	815.0693	94.8108	17.8721	24.4000	0.9300	0.9257	0.7618	-0.0017	815.0000	814.2817	1.0339	-4.3231	100.0105	40.0695	0.8230	0.8236	5.0000	-9999.0000	-9999.0000	-9999.0000	-9999.0000	-9999.0000	-9999.0000	20.3322	1	0	32.2937	1.0000	02	2	-9999.0000	36631	72831	-9999	144	1484	-9999	595.8469	5	0.7298	0.7618	-0.0017	66.6615	2.7986	723.8892	293.8540	37.5860	662.2063	111.3742	724.6986	97.4249	725.2957	95.0525	731.5611	95.0525	
31/08/2017	01:44:31	019004	H421148160HLR	L421	S		699.0432	1.0230	0.0000	100.0405	40.5024	0.8230	0.8281	4.0000	21.3216	815.0976	94.8328	18.0421	24.2000	0.9300	0.9256	0.7629	-0.0018	815.0000	814.2034	1.0339	-4.3217	99.9586	39.7435	0.8230	0.8237	5.0000	-9999.0000	-9999.0000	-9999.0000	-9999.0000	-9999.0000	-9999.0000	25.2334	3	0	30.8433	1.0000	02	2	-9999.0000	36632	72832	-9999	145	1485	-9999	595.6781	5	0.7300	0.7629	-0.0018	61.9386	3.0096	721.8860	284.3595	37.8496	667.8408	109.8804	721.6799	97.2053	723.2785	95.0305	729.4678	94.9866	
31/08/2017	01:45:02	019004	H421148171HLR	L421	S		699.7322	1.0230	0.0000	100.0678	40.3426	0.8230	0.8282	4.0000	19.4817	815.0830	94.8328	18.0919	24.3000	0.9300	0.9256	0.7699	-0.0021	815.0000	814.5916	1.0339	-4.3283	99.9855	39.8490	0.8230	0.8237	5.0000	-9999.0000	-9999.0000	-9999.0000	-9999.0000	-9999.0000	-9999.0000	21.8519	4	0	31.3435	1.0000	02	2	-9999.0000	36633	72833	-9999	146	1486	-9999	595.8394	5	0.7300	0.7699	-0.0021	47.8477	3.7395	719.2910	288.6699	36.6634	659.3031	111.0007	720.1978	97.3810	720.6874	95.0305	726.7733	95.0525	
31/08/2017	01:45:36	019004	H421148148HLR	L421	S		702.3765	1.0230	0.0000	100.0237	39.9216	0.8230	0.8270	4.0000	20.3420	815.0808	94.8108	18.4425	24.2000	0.9300	0.9255	0.7699	-0.0021	815.0000	815.2820	1.0339	-4.3400	100.0052	39.8461	0.8230	0.8235	5.0000	-9999.0000	-9999.0000	-9999.0000	-9999.0000	-9999.0000	-9999.0000	23.8727	5	0	33.7341	1.0000	02	2	-9999.0000	36633	72834	-9999	147	1487	-9999	595.4023	5	0.7300	0.7699	-0.0021	35.7206	4.3798	718.3648	278.3983	36.7952	654.9649	111.4840	719.0697	97.4689	719.6064	95.0305	724.0022	95.0964	
31/08/2017	01:46:32	019004	H421148156HLR	L421	S		706.6403	1.0230	0.0000	100.0295	40.4615	0.8230	0.8281	4.0000	21.3228	815.0845	94.8328	17.1318	24.3000	0.9300	0.9257	0.7721	-0.0023	815.0000	820.0301	1.0339	-4.4204	99.9756	39.7931	0.8230	0.8236	5.0000	-9999.0000	-9999.0000	-9999.0000	-9999.0000	-9999.0000	-9999.0000	20.6029	7	0	32.0738	1.0000	02	2	-9999.0000	36634	72835	-9999	148	1488	-9999	597.7987	5	0.7303	0.7721	-0.0023	47.5355	3.7211	726.8255	272.1015	36.7513	658.7924	111.7915	727.2151	97.6666	728.2600	95.0744	734.9486	95.0085	
31/08/2017	01:47:04	019004	H421150363HLR	L421	S		702.3733	1.0230	0.0000	99.9755	40.3538	0.8230	0.8282	4.0000	19.3224	815.1232	94.8108	17.5820	24.4000	0.9300	0.9258	0.7734	-0.0023	815.0000	814.9116	1.0339	-4.3337	100.0013	39.7554	0.8230	0.8237	5.0000	-9999.0000	-9999.0000	-9999.0000	-9999.0000	-9999.0000	-9999.0000	20.6927	8	0	31.8337	1.0000	02	2	-9999.0000	36635	72836	-9999	149	1489	-9999	597.0444	5	0.7305	0.7734	-0.0023	96.3745	0.9958	716.7356	284.7042	36.8611	650.9291	111.7476	717.9244	97.5787	718.2197	95.0305	725.4522	95.0525	
31/08/2017	01:47:43	019004	H421150362HLR	L421	S		701.6576	1.0230	0.0000	99.9918	39.9459	0.8230	0.8275	4.0000	19.3431	815.0641	95.0085	20.0423	24.4000	0.9300	0.9257	0.7734	-0.0023	815.0000	813.6118	1.0339	-4.3117	99.9840	39.9487	0.8230	0.8238	5.0000	-9999.0000	-9999.0000	-9999.0000	-9999.0000	-9999.0000	-9999.0000	24.3524	1	0	39.2034	1.0000	02	2	-9999.0000	36636	72837	-9999	150	1490	-9999	592.3143	5	0.7305	0.7734	-0.0023	100.9599	0.7202	714.9966	280.2957	36.8172	648.5212	111.8135	716.5044	97.6226	715.8513	95.0744	721.7065	95.0525	
31/08/2017	01:48:41	019004	H421150326HLR	L421	S		698.8101	1.0230	0.0000	100.2001	40.4211	0.8230	0.8293	4.0000	19.2521	815.0876	94.8548	18.3116	24.2000	0.9300	0.9256	0.7845	-0.0029	815.0000	814.5147	1.0339	-4.3270	99.9363	39.6856	0.8230	0.8236	5.0000	-9999.0000	-9999.0000	-9999.0000	-9999.0000	-9999.0000	-9999.0000	20.9623	3	0	33.2137	1.0000	02	2	-9999.0000	36637	72838	-9999	151	1491	-9999	595.5955	5	0.7308	0.7845	-0.0029	101.3742	0.6951	709.0255	275.9766	38.3110	642.7816	111.7915	709.9601	97.5348	711.1197	95.0525	717.8994	95.0085	
31/08/2017	01:49:12	019004	H421150361HLR	L421	S		702.1000	1.0230	0.0000	99.9438	40.4144	0.8230	0.8284	4.0000	19.3028	815.0798	94.8328	18.0714	24.3000	0.9300	0.9256	0.7845	-0.0029	815.0000	814.7205	1.0339	-4.3305	99.9897	39.8461	0.8230	0.8240	5.0000	-9999.0000	-9999.0000	-9999.0000	-9999.0000	-9999.0000	-9999.0000	26.5323	4	0	31.1537	1.0000	02	2	-9999.0000	36638	72839	-9999	152	1492	-9999	596.1783	5	0.7308	0.7845	-0.0029	101.3742	0.6951	706.9487	282.3645	38.5087	640.9875	111.5499	707.1883	97.3810	708.7098	95.0305	715.1279	95.0744	
31/08/2017	01:49:41	019004	H421150360HLR	L421	S		700.5659	1.0230	0.0000	99.9803	39.9487	0.8230	0.8274	4.0000	19.4221	815.0772	94.9207	25.3925	24.3000	0.9300	0.9256	0.7667	-0.0020	815.0000	819.9607	1.0339	-4.4192	100.0792	40.0134	0.8230	0.8236	5.0000	-9999.0000	-9999.0000	-9999.0000	-9999.0000	-9999.0000	-9999.0000	20.3721	5	0	28.9936	1.0000	02	2	-9999.0000	36639	72840	-9999	153	1493	-9999	584.5902	5	0.7308	0.7667	-0.0020	122.9181	-0.5104	655.6509	291.3966	37.7398	507.5159	112.3188	649.6981	97.4030	662.9673	94.9646	675.2972	94.9646	
31/08/2017	01:50:37	019004	H421150331HLR	L421	S		700.8869	1.0230	0.0000	100.1289	40.5257	0.8230	0.8288	4.0000	19.8918	815.0908	94.9207	19.4319	24.4000	0.9300	0.9258	0.7708	-0.0022	815.0000	814.4502	1.0339	-4.3259	100.0469	39.6889	0.8230	0.8236	5.0000	-9999.0000	-9999.0000	-9999.0000	-9999.0000	-9999.0000	-9999.0000	20.9524	7	0	31.5533	1.0000	02	2	-9999.0000	36640	72841	-9999	154	1494	-9999	593.8916	5	0.7310	0.7708	-0.0022	121.5874	-0.4249	717.5846	260.0731	36.3339	650.1008	112.1870	718.7245	97.6446	719.2971	95.0305	724.8775	95.0305	
31/08/2017	01:51:07	019004	H421150318HLR	L421	S		703.7081	1.0230	0.0000	100.0046	40.3367	0.8230	0.8282	4.0000	19.2717	815.0764	94.7230	17.0820	24.3000	0.9300	0.9255	0.7649	-0.0018	815.0000	816.2392	1.0339	-4.3562	99.9972	39.8461	0.8230	0.8239	5.0000	-9999.0000	-9999.0000	-9999.0000	-9999.0000	-9999.0000	-9999.0000	21.6624	8	0	30.6538	1.0000	02	2	-9999.0000	36641	72842	-9999	155	1495	-9999	598.1855	5	0.7293	0.7649	-0.0018	102.3184	0.6385	720.6119	281.0350	37.0588	651.5010	111.7476	721.5352	97.6226	722.4160	95.0964	728.9891	95.0744	
31/08/2017	01:51:40	019004	H421150350HLR	L421	S		711.6877	1.0230	0.0000	100.1542	39.9228	0.8230	0.8274	4.0000	19.9319	815.1003	94.7889	15.2419	24.3000	0.9300	0.9256	0.7649	-0.0018	815.0000	822.2659	1.0339	-4.4582	100.0329	39.9558	0.8230	0.8235	5.0000	-9999.0000	-9999.0000	-9999.0000	-9999.0000	-9999.0000	-9999.0000	24.1521	1	0	32.3034	1.0000	02	2	-9999.0000	36642	72843	-9999	156	1496	-9999	600.6079	5	0.7293	0.7649	-0.0018	102.3184	0.6385	737.7755	306.1341	38.4428	674.7678	110.0781	737.9379	97.2492	739.4748	95.0305	745.7464	95.0744	
31/08/2017	01:52:40	019004	H421150323HLR	L421	S		700.9002	1.0230	0.0000	99.9449	40.4469	0.8230	0.8287	4.0000	20.3019	815.0562	94.7889	17.8223	24.4000	0.9300	0.9258	0.7627	-0.0017	815.0000	814.5119	1.0339	-4.3270	100.0146	39.6787	0.8230	0.8235	5.0000	-9999.0000	-9999.0000	-9999.0000	-9999.0000	-9999.0000	-9999.0000	21.9526	3	0	35.3643	1.0000	02	2	-9999.0000	36643	72844	-9999	157	1497	-9999	596.7539	5	0.7291	0.7627	-0.0017	100.2230	0.7247	722.6453	270.7553	36.0483	658.5115	111.7915	723.4633	97.6666	724.1900	95.0744	730.7203	95.0305	
31/08/2017	01:53:13	019004	H421150335HLR	L421	S		705.1477	1.0230	0.0000	99.9949	40.4408	0.8230	0.8279	4.0000	20.0323	815.1106	94.7230	16.7724	24.4000	0.9300	0.9257	0.7627	-0.0017	815.0000	815.5235	1.0339	-4.3441	100.0163	39.8461	0.8230	0.8240	5.0000	-9999.0000	-9999.0000	-9999.0000	-9999.0000	-9999.0000	-9999.0000	23.8026	4	0	33.0837	1.0000	02	2	-9999.0000	36644	72845	-9999	158	1498	-9999	598.1386	5	0.7291	0.7627	-0.0017	100.2230	0.7247	729.0735	282.2040	38.3769	663.0035	111.0886	729.9624	97.3590	731.0402	95.0964	736.9812	95.0525	
31/08/2017	01:53:46	019004	H421150328HLR	L421	S		700.8038	1.0230	0.0000	99.9598	39.9487	0.8230	0.8272	4.0000	19.9015	815.0802	94.8767	18.5919	24.2000	0.9300	0.9254	0.7627	-0.0017	815.0000	814.7255	1.0339	-4.3306	99.9854	39.9346	0.8230	0.8234	5.0000	-9999.0000	-9999.0000	-9999.0000	-9999.0000	-9999.0000	-9999.0000	22.4625	5	0	32.7030	1.0000	02	2	-9999.0000	36645	72846	-9999	159	1498	-9999	595.5428	5	0.7290	0.7627	-0.0017	98.1024	0.8257	724.6203	291.6119	36.6195	659.8534	111.2204	725.5514	97.5348	726.0062	95.0525	731.5819	95.0744	
31/08/2017	01:54:48	019004	H421150405HLR	L421	S		693.6168	1.0230	0.0000	100.0814	40.3820	0.8230	0.8292	4.0000	19.4123	815.0529	95.0744	21.6518	24.3000	0.9300	0.9257	0.7622	-0.0017	815.0000	812.3644	1.0339	-4.2906	99.9686	39.7976	0.8230	0.8237	5.0000	-9999.0000	-9999.0000	-9999.0000	-9999.0000	-9999.0000	-9999.0000	24.5027	7	0	33.6540	1.0000	02	2	-9999.0000	36646	72846	-9999	160	1499	-9999	591.1930	5	0.7297	0.7622	-0.0017	97.2748	0.8635	711.0257	276.9511	36.8172	651.2605	111.0227	711.6701	97.5128	712.5680	95.0744	718.7158	95.0085	
31/08/2017	01:55:20	019004	H421150411HLR	L421	S		697.5770	1.0230	0.0000	100.0577	40.3822	0.8230	0.8284	4.0000	19.3527	815.0971	94.8767	19.1525	24.2000	0.9300	0.9255	0.7616	-0.0017	815.0000	814.6112	1.0339	-4.3286	99.9699	39.8291	0.8230	0.8237	5.0000	-9999.0000	-9999.0000	-9999.0000	-9999.0000	-9999.0000	-9999.0000	20.4027	8	0	32.1735	1.0000	02	2	-9999.0000	36647	72846	-9999	161	1500	-9999	594.8890	5	0.7295	0.7616	-0.0017	97.5565	0.8525	718.5130	295.6956	37.2565	658.1849	110.8470	719.2901	97.2931	719.6892	95.0305	725.7708	95.0744	
31/08/2017	01:55:53	019004	H421150402HLR	L421	S		697.3138	1.0230	0.0000	100.0249	39.9487	0.8230	0.8275	4.0000	19.4417	815.0685	94.8108	18.9423	24.2000	0.9300	0.9255	0.7616	-0.0017	815.0000	814.3738	1.0339	-4.3246	100.0493	39.9210	0.8230	0.8237	5.0000	-9999.0000	-9999.0000	-9999.0000	-9999.0000	-9999.0000	-9999.0000	20.7718	1	0	32.9734	1.0000	02	2	-9999.0000	36648	72847	-9999	162	1501	-9999	595.1841	5	0.7295	0.7616	-0.0017	97.5565	0.8525	719.5809	296.3889	37.7178	655.5942	111.9234	720.7948	97.5348	720.3691	95.0085	726.3731	95.0744	
31/08/2017	01:56:50	019004	H421150381HLR	L421	S		694.7110	1.0230	0.0000	100.0259	40.4196	0.8230	0.8291	4.0000	19.4522	815.1184	94.8987	19.9720	24.3000	0.9300	0.9258	0.7540	-0.0012	815.0000	813.3373	1.0339	-4.3071	100.0955	39.7646	0.8230	0.8237	5.0000	-9999.0000	-9999.0000	-9999.0000	-9999.0000	-9999.0000	-9999.0000	20.5325	3	0	32.9041	1.0000	02	2	-9999.0000	36649	72848	-9999	163	1501	-9999	594.6248	5	0.7294	0.7540	-0.0012	95.0964	1.0096	722.0257	256.3019	35.4991	654.2126	112.7801	724.0635	97.9302	722.8636	95.0744	728.4125	95.0085	
31/08/2017	01:57:22	019004	H421150387HLR	L421	S		700.4699	1.0230	0.0000	100.1030	40.3423	0.8230	0.8279	4.0000	19.6332	815.0785	94.7669	18.4024	24.4000	0.9300	0.9258	0.7539	-0.0012	815.0000	815.0864	1.0339	-4.3367	99.9399	39.8046	0.8230	0.8240	5.0000	-9999.0000	-9999.0000	-9999.0000	-9999.0000	-9999.0000	-9999.0000	20.2520	4	0	31.9433	1.0000	02	2	-9999.0000	36650	72849	-9999	164	1502	-9999	596.1488	5	0.7293	0.7539	-0.0012	95.5775	1.0056	728.5657	295.9243	36.0703	660.7140	111.7915	729.9756	97.6666	729.3656	95.0525	735.2657	95.0744	
31/08/2017	01:57:53	019004	H421150376HLR	L421	S		696.5123	1.0230	0.0000	100.1241	39.9410	0.8230	0.8277	4.0000	19.3117	815.0994	94.8987	19.2424	24.4000	0.9300	0.9258	0.7539	-0.0012	815.0000	814.7186	1.0339	-4.3305	100.0410	40.0191	0.8230	0.8237	5.0000	-9999.0000	-9999.0000	-9999.0000	-9999.0000	-9999.0000	-9999.0000	21.1516	5	0	30.9535	1.0000	02	2	-9999.0000	36651	72849	-9999	165	1503	-9999	595.3571	5	0.7293	0.7539	-0.0012	95.5775	1.0056	725.6149	285.5349	36.9490	660.4199	111.7915	727.2254	97.6446	726.8315	95.0744	732.6301	95.0305	
31/08/2017	01:58:49	019004	H421150395HLR	L421	S		698.8866	1.0230	0.0000	100.1183	40.4781	0.8230	0.8291	4.0000	19.3527	815.0693	94.8767	19.1418	24.4000	0.9300	0.9259	0.7531	-0.0012	815.0000	814.3739	1.0339	-4.3246	100.0009	39.6885	0.8230	0.8236	5.0000	-9999.0000	-9999.0000	-9999.0000	-9999.0000	-9999.0000	-9999.0000	20.6429	7	0	32.3632	1.0000	02	2	-9999.0000	36652	72850	-9999	166	1503	-9999	595.4773	5	0.7312	0.7531	-0.0012	84.9782	1.6190	727.7403	286.6052	38.9260	670.7963	109.5289	728.3164	97.2272	729.2853	95.0964	734.6679	94.9866	
31/08/2017	01:59:23	019004	H421150398HLR	L421	S		700.4799	1.0230	0.0000	99.9762	40.3377	0.8230	0.8281	4.0000	19.4714	815.0836	94.7669	18.1720	24.2000	0.9300	0.9256	0.7530	-0.0012	815.0000	815.0730	1.0339	-4.3364	100.0364	39.8461	0.8230	0.8239	5.0000	-9999.0000	-9999.0000	-9999.0000	-9999.0000	-9999.0000	-9999.0000	24.4227	8	0	34.3036	1.0000	02	2	-9999.0000	36653	72850	-9999	167	1504	-9999	596.4657	5	0.7310	0.7530	-0.0012	84.1561	1.6770	730.7148	287.9071	36.9270	667.3471	110.7151	731.4077	97.4030	732.0246	95.0305	737.5697	95.0744	
31/08/2017	01:59:58	019004	H421150373HLR	L421	S		701.6667	1.0230	0.0000	100.1000	39.9415	0.8230	0.8275	4.0000	19.5119	815.0787	94.6790	17.2519	24.2000	0.9300	0.9255	0.7530	-0.0012	815.0000	818.4820	1.0339	-4.3942	100.0057	39.9100	0.8230	0.8235	5.0000	-9999.0000	-9999.0000	-9999.0000	-9999.0000	-9999.0000	-9999.0000	23.9323	1	0	35.1544	1.0000	02	2	-9999.0000	36654	72850	-9999	168	1505	-9999	597.4048	5	0.7310	0.7530	-0.0012	84.1561	1.6770	735.6302	296.5166	37.7618	671.7395	110.8689	736.9859	97.3371	737.2454	95.0085	742.9827	95.0744	
31/08/2017	02:00:56	019004	H421150399HLR	L421	S		695.3255	1.0230	0.0000	100.0297	40.4323	0.8230	0.8292	4.0000	19.4621	815.1164	94.8108	18.6622	24.3000	0.9300	0.9257	0.7528	-0.0012	815.0000	816.6846	1.0339	-4.3637	100.0437	39.7237	0.8230	0.8236	5.0000	-9999.0000	-9999.0000	-9999.0000	-9999.0000	-9999.0000	-9999.0000	20.7816	3	0	32.9539	1.0000	02	2	-9999.0000	36655	72851	-9999	169	1506	-9999	596.1655	5	0.7311	0.7528	-0.0012	65.9128	2.6531	729.3211	272.4128	37.4982	663.8280	111.5938	730.3154	97.6007	730.5295	95.0525	736.3922	95.0305	
31/08/2017	02:01:28	019004	H421150409HLR	L421	S		692.8039	1.0230	0.0000	99.9887	40.4011	0.8230	0.8283	4.0000	19.4719	815.1086	94.9207	20.5228	24.3000	0.9300	0.9257	0.7527	-0.0012	815.0000	814.7164	1.0339	-4.3304	99.9615	39.8461	0.8230	0.8240	5.0000	-9999.0000	-9999.0000	-9999.0000	-9999.0000	-9999.0000	-9999.0000	26.5235	4	0	31.9831	1.0000	02	2	-9999.0000	36656	72852	-9999	170	1507	-9999	594.3278	5	0.7306	0.7527	-0.0012	97.6330	0.9893	721.7820	285.4127	36.2900	658.8294	111.2863	722.8330	97.4689	723.0334	95.0305	728.5129	95.0525	
31/08/2017	02:02:00	019004	H421150368HLR	L421	S		696.2692	1.0230	0.0000	100.1466	39.9487	0.8230	0.8275	4.0000	19.4321	815.0808	94.9646	21.4028	24.3000	0.9300	0.9257	0.7527	-0.0012	815.0000	816.0979	1.0339	-4.3538	100.0180	40.0052	0.8230	0.8237	5.0000	-9999.0000	-9999.0000	-9999.0000	-9999.0000	-9999.0000	-9999.0000	20.5520	5	0	32.1140	1.0000	02	2	-9999.0000	36657	72853	-9999	171	1508	-9999	593.4639	5	0.7306	0.7527	-0.0012	97.6330	0.9893	723.8259	280.0439	37.1906	660.5772	111.3522	724.9557	97.4689	724.7074	95.0964	729.9625	95.0525	
31/08/2017	02:02:56	019004	H421150388HLR	L421	S		698.2818	1.0230	0.0000	100.0627	40.4400	0.8230	0.8291	4.0000	19.3614	815.0998	94.8987	19.2424	24.2000	0.9300	0.9256	0.7527	-0.0012	815.0000	815.0752	1.0339	-4.3365	99.9686	39.6911	0.8230	0.8236	5.0000	-9999.0000	-9999.0000	-9999.0000	-9999.0000	-9999.0000	-9999.0000	22.0932	7	0	30.3639	1.0000	02	2	-9999.0000	36658	72854	-9999	172	1509	-9999	595.5144	5	0.7305	0.7527	-0.0012	102.3535	0.7697	727.3338	271.6620	37.0808	664.6857	111.3522	728.6772	97.5128	728.6576	95.0744	734.1255	95.0305	
31/08/2017	02:03:26	019004	H421150422HLR	L421	S		699.2670	1.0230	0.0000	100.0939	40.3405	0.8230	0.8275	4.0000	20.5824	815.0795	94.7889	18.1417	24.3000	0.9300	0.9257	0.7399	-0.0005	815.0000	814.0081	1.0339	-4.3184	99.9481	39.8461	0.8230	0.8239	5.0000	-9999.0000	-9999.0000	-9999.0000	-9999.0000	-9999.0000	-9999.0000	23.4116	8	0	30.4936	1.0000	02	2	-9999.0000	36659	72855	-9999	173	1510	-9999	595.7880	5	0.7304	0.7399	-0.0005	92.3184	1.3261	744.2241	294.6945	36.8172	680.7902	111.0227	745.5027	97.4469	744.7830	95.0964	749.1651	95.0525	
31/08/2017	02:03:48	019004	H421149910HLR	L421	S		702.3536	1.0230	0.0000	100.0811	39.9464	0.8230	0.8276	4.0000	19.3118	815.0753	94.7449	18.3624	24.2000	0.9300	0.9255	0.7399	-0.0005	815.0000	816.6296	1.0339	-4.3628	100.0199	40.0600	0.8230	0.8238	5.0000	-9999.0000	-9999.0000	-9999.0000	-9999.0000	-9999.0000	-9999.0000	20.2327	1	0	22.4722	1.0000	02	2	-9999.0000	36660	72856	-9999	174	1511	-9999	595.8843	5	0.7304	0.7399	-0.0005	92.3184	1.3261	743.6449	286.9973	38.5087	677.0293	111.0227	745.2143	97.3810	744.3792	95.0744	749.5698	95.0525	
31/08/2017	02:04:46	019004	H421149889HLR	L421	S		697.5471	1.0230	0.0000	100.0833	40.4495	0.8230	0.8290	4.0000	19.6623	815.0540	94.8328	18.6417	24.3000	0.9300	0.9258	0.7400	-0.0005	815.0000	814.4502	1.0339	-4.3259	99.9781	39.6400	0.8230	0.8234	5.0000	-9999.0000	-9999.0000	-9999.0000	-9999.0000	-9999.0000	-9999.0000	20.9622	3	0	33.4041	1.0000	02	2	-9999.0000	36661	72857	-9999	175	1512	-9999	595.7460	5	0.7304	0.7400	-0.0005	92.0722	1.3315	737.8123	280.1497	38.0693	679.4121	109.9024	738.6421	97.3151	739.5849	95.0305	744.8211	95.0085	
31/08/2017	02:05:16	019004	H421149879HLR	L421	S		701.5666	1.0230	0.0000	100.0557	40.3794	0.8230	0.8282	4.0000	19.2922	815.1019	94.8328	18.7521	24.3000	0.9300	0.9257	0.7490	-0.0010	815.0000	816.1437	1.0339	-4.3546	100.0181	39.8428	0.8230	0.8240	5.0000	-9999.0000	-9999.0000	-9999.0000	-9999.0000	-9999.0000	-9999.0000	23.5417	4	0	30.0630	1.0000	02	2	-9999.0000	36662	72858	-9999	176	1513	-9999	596.0932	5	0.7303	0.7490	-0.0010	87.1243	1.5612	735.6652	299.9418	36.7952	671.0293	111.2204	737.2900	97.5348	736.6656	95.0525	740.5544	95.0744	
31/08/2017	02:06:48	019004	H421150420HLR	L421	Q		700.5834	1.0230	0.0000	100.1708	40.2091	0.8230	0.8291	4.0000	19.3819	815.0793	94.9426	19.6018	24.4000	0.9300	0.9259	0.7460	-0.0008	815.0000	814.8381	1.0339	-4.3325	99.9473	39.6070	0.8230	0.8240	5.0000	-9999.0000	-9999.0000	-9999.0000	-9999.0000	-9999.0000	-9999.0000	24.7831	7	0	31.9235	1.0000	02	2	-9999.0000	36664	72859	-9999	178	1514	-9999	595.0680	5	0.7303	0.7460	-0.0008	87.6110	1.5393	731.1025	259.0264	37.8716	664.6664	111.7915	732.1897	97.6446	732.1664	95.0744	737.5651	94.9866	
31/08/2017	02:07:22	019004	H421149878HLR	L421	Q		699.0563	1.0230	0.0000	99.9918	40.3587	0.8230	0.8276	4.0000	20.9820	815.0609	94.7889	18.3419	24.3000	0.9300	0.9258	0.7460	-0.0008	815.0000	814.9895	1.0339	-4.3350	100.0262	40.0613	0.8230	0.8241	5.0000	-9999.0000	-9999.0000	-9999.0000	-9999.0000	-9999.0000	-9999.0000	23.5828	8	0	33.6630	1.0000	02	2	-9999.0000	36665	72860	-9999	179	1515	-9999	595.7250	5	0.7303	0.7460	-0.0008	87.6110	1.5393	735.8204	280.9079	37.4103	666.4582	111.7476	737.8340	97.5567	736.6989	95.0744	742.3592	95.0305	
31/08/2017	02:07:54	019004	H421149915HLR	L421	S		701.1674	1.0230	0.0000	100.1006	40.0477	0.8230	0.8277	4.0000	19.3721	815.0749	94.7230	17.8321	24.3000	0.9300	0.9257	0.7460	-0.0008	815.0000	814.7518	1.0339	-4.3310	100.0322	39.9120	0.8230	0.8233	5.0000	-9999.0000	-9999.0000	-9999.0000	-9999.0000	-9999.0000	-9999.0000	21.0220	1	0	32.2936	1.0000	02	2	-9999.0000	36666	72861	-9999	180	1516	-9999	596.0659	5	0.7303	0.7460	-0.0008	87.6110	1.5393	738.2238	305.4542	38.2011	668.3576	112.0771	740.3841	97.6007	738.8278	95.0305	743.9497	95.0525	
31/08/2017	02:08:57	019004	H421149914HLR	L421	Q		701.7649	1.0230	0.0000	100.1376	40.2830	0.8230	0.8288	4.0000	19.3931	815.0430	94.7669	18.1817	24.3000	0.9300	0.9258	0.7434	-0.0007	815.0000	816.4562	1.0339	-4.3599	99.9874	39.7638	0.8230	0.8237	5.0000	-9999.0000	-9999.0000	-9999.0000	-9999.0000	-9999.0000	-9999.0000	26.7929	3	0	32.9139	1.0000	02	2	-9999.0000	36667	72862	-9999	181	1517	-9999	595.6383	5	0.7301	0.7434	-0.0007	93.1255	1.2521	740.3819	277.6775	36.3339	673.0200	112.0112	741.8430	97.6885	741.2807	95.0525	746.2709	95.0085	
31/08/2017	02:09:29	019004	H421149896HLR	L421	S		699.2609	1.0230	0.0000	100.1935	40.2380	0.8230	0.8282	4.0000	19.3019	815.0750	94.9426	19.2815	24.4000	0.9300	0.9259	0.7503	-0.0010	815.0000	817.2192	1.0339	-4.3728	100.0120	39.7485	0.8230	0.8236	5.0000	-9999.0000	-9999.0000	-9999.0000	-9999.0000	-9999.0000	-9999.0000	23.1724	4	0	31.8736	1.0000	02	2	-9999.0000	36668	72863	-9999	182	1518	-9999	595.1714	5	0.7304	0.7503	-0.0010	84.1141	1.6785	732.3211	292.3486	36.5096	667.5066	111.9893	734.3500	97.6226	733.2043	95.0525	738.7466	95.0525	
31/08/2017	02:10:01	019004	H421149869HLR	L421	S		696.6089	1.0230	0.0000	100.0269	39.9487	0.8230	0.8278	4.0000	19.4016	815.0691	94.9646	20.6019	24.3000	0.9300	0.9258	0.7503	-0.0010	815.0000	814.9314	1.0339	-4.3341	100.0064	39.8795	0.8230	0.8236	5.0000	-9999.0000	-9999.0000	-9999.0000	-9999.0000	-9999.0000	-9999.0000	23.7225	5	0	32.0134	1.0000	02	2	-9999.0000	36669	72863	-9999	183	1519	-9999	594.1362	5	0.7304	0.7503	-0.0010	84.1141	1.6785	728.0458	286.0425	37.9155	661.4579	112.0552	730.1092	97.5567	729.0454	95.0744	734.0167	95.0525	
31/08/2017	02:10:58	019004	H421149873HLR	L421	S		684.0824	1.0230	0.0000	100.0326	40.3889	0.8230	0.8290	4.0000	19.1915	815.0936	94.8108	18.5519	24.3000	0.9300	0.9257	0.7442	-0.0007	815.0000	815.0043	1.0339	-4.3353	100.0406	39.7188	0.8230	0.8235	5.0000	-9999.0000	-9999.0000	-9999.0000	-9999.0000	-9999.0000	-9999.0000	21.5024	7	0	31.9840	1.0000	02	2	-9999.0000	36670	72864	-9999	184	1520	-9999	595.6759	5	0.7305	0.7442	-0.0007	83.1390	1.7381	735.3661	272.2543	36.8831	670.7782	111.5279	736.8158	97.5128	736.8174	95.0744	742.5069	95.0525	
31/08/2017	02:11:28	019004	H421150459HLR	L421	S		701.7901	1.0230	0.0000	99.9347	40.2029	0.8230	0.8278	4.0000	19.5118	815.0567	94.7889	17.9815	24.3000	0.9300	0.9256	0.7442	-0.0007	815.0000	815.7827	1.0339	-4.3485	100.0640	39.7960	0.8230	0.8239	5.0000	-9999.0000	-9999.0000	-9999.0000	-9999.0000	-9999.0000	-9999.0000	20.4357	8	0	30.2729	1.0000	02	2	-9999.0000	36671	72865	-9999	185	1521	-9999	595.9542	5	0.7305	0.7442	-0.0007	83.1390	1.7381	739.6026	285.2091	36.4437	673.4958	111.4181	741.6271	97.5348	740.5440	95.0744	746.2774	95.0744	
31/08/2017	02:12:01	019004	H421149908HLR	L421	Q		699.2416	1.0230	0.0000	99.9933	39.8870	0.8230	0.8276	4.0000	19.7618	815.0827	94.7449	18.2520	24.3000	0.9300	0.9257	0.7457	-0.0008	815.0000	814.0564	1.0339	-4.3192	100.0018	39.9780	0.8230	0.8236	5.0000	-9999.0000	-9999.0000	-9999.0000	-9999.0000	-9999.0000	-9999.0000	22.6822	1	0	33.2937	1.0000	02	2	-9999.0000	36672	72866	-9999	186	1522	-9999	595.7443	5	0.7303	0.7457	-0.0008	89.0654	1.4118	734.5251	293.2958	38.6844	672.6935	110.0781	735.4930	97.2492	735.6221	95.0525	741.1922	95.0525	
31/08/2017	02:13:05	019004	H421150461HLR	L421	S		698.2007	1.0230	0.0000	100.1568	40.5311	0.8230	0.8285	4.0000	20.2424	815.0828	94.7449	18.1622	24.2000	0.9300	0.9256	0.7438	-0.0007	815.0000	813.5090	1.0339	-4.3100	100.0290	39.6410	0.8230	0.8236	5.0000	-9999.0000	-9999.0000	-9999.0000	-9999.0000	-9999.0000	-9999.0000	23.4625	3	0	36.9141	1.0000	02	2	-9999.0000	36673	72867	-9999	187	1523	-9999	595.7457	5	0.7303	0.7438	-0.0007	89.1580	1.4073	736.5051	276.0111	36.2680	672.2458	112.0771	738.4378	97.7544	737.5217	95.0744	742.9494	95.0305	
31/08/2017	02:13:38	019004	H421149898HLR	L421	S		697.4092	1.0230	0.0000	100.0199	40.2551	0.8230	0.8278	4.0000	19.7413	815.0696	94.8108	18.5216	24.3000	0.9300	0.9256	0.7438	-0.0007	815.0000	814.4249	1.0339	-4.3255	99.9604	39.8461	0.8230	0.8240	5.0000	-9999.0000	-9999.0000	-9999.0000	-9999.0000	-9999.0000	-9999.0000	26.1729	4	0	32.9334	1.0000	02	2	-9999.0000	36674	72868	-9999	188	1524	-9999	595.5717	5	0.7303	0.7438	-0.0007	89.1580	1.4073	735.0235	297.7477	37.2565	670.1743	111.9453	737.2570	97.6007	736.0210	95.0744	741.0716	95.0085	
31/08/2017	02:14:12	019004	H421149888HLR	L421	S		693.5695	1.0230	0.0000	100.0208	39.8666	0.8230	0.8276	4.0000	19.3528	815.0558	95.0305	21.6421	24.3000	0.9300	0.9257	0.7447	-0.0008	815.0000	813.2700	1.0339	-4.3059	100.0178	39.9751	0.8230	0.8235	5.0000	-9999.0000	-9999.0000	-9999.0000	-9999.0000	-9999.0000	-9999.0000	20.6625	5	0	34.1345	1.0000	02	2	-9999.0000	36675	72869	-9999	189	1525	-9999	593.6602	5	0.7303	0.7447	-0.0008	88.2371	1.4476	726.9518	301.5696	36.3778	663.1941	112.3188	729.8555	97.7544	726.8132	95.0525	731.2484	95.0305	
31/08/2017	02:15:08	019004	H421150097HLR	L421	S		688.4073	1.0230	0.0000	100.0641	40.5170	0.8230	0.8293	4.0000	19.4220	815.0512	95.0305	23.1227	24.4000	0.9300	0.9258	0.7494	-0.0010	815.0000	813.8891	1.0339	-4.3164	100.0875	39.8680	0.8230	0.8238	5.0000	-9999.0000	-9999.0000	-9999.0000	-9999.0000	-9999.0000	-9999.0000	20.6928	7	0	31.4342	1.0000	02	2	-9999.0000	36676	72870	-9999	190	1526	-9999	592.4113	5	0.7306	0.7494	-0.0010	57.6452	3.1523	724.2202	282.5616	36.0264	663.4102	112.0112	726.1359	97.6885	724.6103	95.0744	729.3349	95.0525	
31/08/2017	02:15:41	019004	H421150098HLR	L421	S		687.8701	1.0230	0.0000	99.9956	40.3876	0.8230	0.8281	4.0000	19.5617	815.0894	94.8548	19.1017	24.4000	0.9300	0.9258	0.7412	-0.0006	815.0000	814.5434	1.0339	-4.3275	100.0873	39.7865	0.8230	0.8236	5.0000	-9999.0000	-9999.0000	-9999.0000	-9999.0000	-9999.0000	-9999.0000	21.0238	8	0	34.0536	1.0000	02	2	-9999.0000	36677	72871	-9999	191	1527	-9999	595.2209	5	0.7305	0.7412	-0.0006	87.8629	1.4894	726.8864	287.8890	37.1906	661.0083	111.3961	727.7355	97.4249	727.5051	95.0744	732.6738	95.0525	
31/08/2017	02:16:15	019004	H421150116HLR	L421	S		688.5935	1.0230	0.0000	100.1680	39.8952	0.8230	0.8275	4.0000	19.5822	815.0987	95.0085	20.4115	24.4000	0.9300	0.9257	0.7412	-0.0006	815.0000	813.1300	1.0339	-4.3036	99.9456	39.8668	0.8230	0.8237	5.0000	-9999.0000	-9999.0000	-9999.0000	-9999.0000	-9999.0000	-9999.0000	23.1823	1	0	33.2733	1.0000	02	2	-9999.0000	36678	72872	-9999	192	1528	-9999	594.8779	5	0.7305	0.7412	-0.0006	87.8629	1.4894	729.4917	287.9599	38.4867	666.1724	111.4181	731.6306	97.4249	729.7535	95.0525	733.8816	95.0744	
31/08/2017	02:17:14	019004	H421150083HLR	L421	S		697.5894	1.0230	0.0000	100.0846	40.5254	0.8230	0.8292	4.0000	19.4923	815.0787	94.7449	17.6416	24.4000	0.9300	0.9259	0.7431	-0.0007	815.0000	815.0689	1.0339	-4.3364	100.0696	39.6211	0.8230	0.8234	5.0000	-9999.0000	-9999.0000	-9999.0000	-9999.0000	-9999.0000	-9999.0000	20.7619	3	0	35.2637	1.0000	02	2	-9999.0000	36679	72873	-9999	193	1529	-9999	596.0729	5	0.7303	0.7431	-0.0007	82.0673	1.8150	740.0658	280.0031	36.2680	673.4498	111.6378	741.5306	97.6226	741.5948	95.0964	746.5562	95.0305	
31/08/2017	02:17:46	019004	H421150092HLR	L421	S		688.0808	1.0230	0.0000	100.0161	40.3835	0.8230	0.8279	4.0000	19.9319	815.0527	95.0964	20.2220	24.4000	0.9300	0.9257	0.7428	-0.0006	815.0000	816.6818	1.0339	-4.3637	99.9751	39.7870	0.8230	0.8240	5.0000	-9999.0000	-9999.0000	-9999.0000	-9999.0000	-9999.0000	-9999.0000	23.5925	4	0	31.5739	1.0000	02	2	-9999.0000	36680	72874	-9999	194	1530	-9999	594.9704	5	0.7306	0.7428	-0.0006	81.2366	1.8930	732.2279	287.5146	38.4867	662.8981	111.7256	733.3581	97.4249	733.4690	95.0525	738.7052	95.0744	
31/08/2017	02:18:18	019004	H421150071HLR	L421	S		688.7184	1.0230	0.0000	100.0843	39.9405	0.8230	0.8274	4.0000	19.4426	815.0386	95.0525	21.5220	24.3000	0.9300	0.9256	0.7428	-0.0006	815.0000	818.3694	1.0339	-4.3923	99.9529	39.9894	0.8230	0.8234	5.0000	-9999.0000	-9999.0000	-9999.0000	-9999.0000	-9999.0000	-9999.0000	23.4624	5	0	32.5934	1.0000	02	2	-9999.0000	36681	72875	-9999	195	1531	-9999	594.5519	5	0.7306	0.7428	-0.0006	81.2366	1.8930	732.9072	293.1266	36.3778	665.6095	112.4066	735.4629	97.7764	734.3525	95.0305	739.1422	95.0525	
31/08/2017	02:19:15	019004	H421150099HLR	L421	S		688.7396	1.0230	0.0000	99.9850	40.4812	0.8230	0.8293	4.0000	19.3214	815.0577	95.0085	21.5317	24.3000	0.9300	0.9257	0.7423	-0.0006	815.0000	815.4147	1.0339	-4.3422	100.0146	39.7927	0.8230	0.8238	5.0000	-9999.0000	-9999.0000	-9999.0000	-9999.0000	-9999.0000	-9999.0000	21.1321	7	0	31.9929	1.0000	02	2	-9999.0000	36682	72876	-9999	196	1532	-9999	594.7906	5	0.7306	0.7423	-0.0006	82.2432	1.9259	730.6276	291.9134	38.0693	674.1020	110.6053	731.5892	97.2492	731.4504	95.0305	736.4319	95.0525	
31/08/2017	02:19:48	019004	H421150090HLR	L421	S		686.6668	1.0230	0.0000	100.0551	40.3515	0.8230	0.8282	4.0000	19.5920	815.1068	94.9866	19.6623	24.2000	0.9300	0.9254	0.7423	-0.0006	815.0000	813.7932	1.0339	-4.3148	100.0502	39.8594	0.8230	0.8238	5.0000	-9999.0000	-9999.0000	-9999.0000	-9999.0000	-9999.0000	-9999.0000	20.7831	8	0	32.9937	1.0000	02	2	-9999.0000	36683	72876	-9999	197	1533	-9999	595.5212	5	0.7306	0.7423	-0.0006	82.2432	1.9259	729.1505	290.4777	36.1142	664.4049	111.8794	730.6924	97.5787	730.3557	95.0525	735.4658	95.0744	
31/08/2017	02:20:22	019004	H421150100HLR	L421	S		689.4649	1.0230	0.0000	100.0930	39.9333	0.8230	0.8275	4.0000	19.4220	815.0511	94.9866	20.2122	24.2000	0.9300	0.9255	0.7456	-0.0008	815.0000	814.4543	1.0339	-4.3260	100.0458	39.8770	0.8230	0.8236	5.0000	-9999.0000	-9999.0000	-9999.0000	-9999.0000	-9999.0000	-9999.0000	21.3519	1	0	34.3741	1.0000	02	2	-9999.0000	36684	72877	-9999	198	1533	-9999	595.0512	5	0.7302	0.7456	-0.0008	81.0790	2.0506	726.8562	295.1951	38.2231	663.9551	111.7476	728.3336	97.4908	728.0818	95.0305	732.8092	95.0744	
31/08/2017	02:21:21	019004	H421150109HLR	L421	S		691.9179	1.0230	0.0000	100.0177	40.4231	0.8230	0.8293	4.0000	19.2921	815.0961	94.7889	18.2520	24.3000	0.9300	0.9258	0.7440	-0.0007	815.0000	813.6800	1.0339	-4.3129	100.0222	39.7290	0.8230	0.8237	5.0000	-9999.0000	-9999.0000	-9999.0000	-9999.0000	-9999.0000	-9999.0000	20.4720	3	0	35.1535	1.0000	02	2	-9999.0000	36685	72878	-9999	199	1534	-9999	596.2805	5	0.7299	0.7440	-0.0007	97.1567	1.3365	733.7599	268.6139	36.0044	667.5171	111.8794	734.9217	97.6226	734.6790	95.0744	740.4378	95.0305	
31/08/2017	02:21:52	019004	H421148637HLR	L421	S		689.2604	1.0230	0.0000	100.0624	40.3906	0.8230	0.8284	4.0000	19.4523	815.0560	94.9426	19.0119	24.3000	0.9300	0.9257	0.7442	-0.0007	815.0000	814.0328	1.0339	-4.3188	99.9289	39.7435	0.8230	0.8239	5.0000	-9999.0000	-9999.0000	-9999.0000	-9999.0000	-9999.0000	-9999.0000	23.7729	4	0	30.4740	1.0000	02	2	-9999.0000	36686	72878	-9999	200	1535	-9999	595.7939	5	0.7299	0.7442	-0.0007	132.3364	-0.2916	730.7007	298.7674	37.6519	664.7838	111.7476	732.3316	97.5348	731.9710	95.0305	736.7483	95.0525	
31/08/2017	02:22:27	019004	H421148638HLR	L421	S		687.9213	1.0230	0.0000	99.9756	39.9487	0.8230	0.8275	4.0000	19.3820	815.0767	95.0085	20.6429	24.3000	0.9300	0.9257	0.7442	-0.0007	815.0000	815.5499	1.0339	-4.3445	100.0380	40.0437	0.8230	0.8237	5.0000	-9999.0000	-9999.0000	-9999.0000	-9999.0000	-9999.0000	-9999.0000	20.9125	5	0	34.7139	1.0000	02	2	-9999.0000	36687	72879	-9999	201	1536	-9999	594.9485	5	0.7299	0.7442	-0.0007	132.3364	-0.2916	727.9964	282.4517	36.7293	661.4683	112.0771	730.5260	97.7105	729.1896	95.0525	734.6737	95.0525	
31/08/2017	02:23:22	019004	H421148627HLR	L421	S		685.1218	1.0230	0.0000	100.0832	40.4267	0.8230	0.8294	4.0000	19.3117	815.0845	95.0525	21.4028	24.2000	0.9300	0.9256	0.7493	-0.0009	815.0000	814.5788	1.0339	-4.3281	100.0450	39.7253	0.8230	0.8238	5.0000	-9999.0000	-9999.0000	-9999.0000	-9999.0000	-9999.0000	-9999.0000	20.2825	7	0	32.1140	1.0000	02	2	-9999.0000	36688	72880	-9999	202	1537	-9999	594.3967	5	0.7305	0.7493	-0.0009	83.2812	2.1243	723.0381	278.8847	38.4867	657.7350	111.6597	724.2588	97.4908	723.7805	95.0744	729.0237	95.0305	
31/08/2017	02:23:55	019004	H421150284HLR	L421	S		700.3375	1.0230	0.0000	100.0155	40.3958	0.8230	0.8277	4.0000	20.2920	815.1093	94.7889	16.6610	24.4000	0.9300	0.9258	0.7506	-0.0010	815.0000	816.2849	1.0339	-4.3570	100.0007	39.8715	0.8230	0.8240	5.0000	-9999.0000	-9999.0000	-9999.0000	-9999.0000	-9999.0000	-9999.0000	20.3820	8	0	32.9431	1.0000	02	2	-9999.0000	36689	72881	-9999	203	1538	-9999	598.0149	5	0.7304	0.7506	-0.0010	79.1394	2.3203	739.2211	295.9527	37.5201	674.8501	111.3522	740.4223	97.4030	740.5425	95.0305	746.1697	95.0964	
31/08/2017	02:24:29	019004	H421148654HLR	L421	S		688.0819	1.0230	0.0000	100.0500	39.9423	0.8230	0.8276	4.0000	19.4523	815.0574	95.0305	20.9623	24.3000	0.9300	0.9258	0.7506	-0.0010	815.0000	813.0752	1.0339	-4.3026	100.0093	39.9341	0.8230	0.8236	5.0000	-9999.0000	-9999.0000	-9999.0000	-9999.0000	-9999.0000	-9999.0000	21.2718	1	0	33.5937	1.0000	02	2	-9999.0000	36690	72882	-9999	204	1539	-9999	594.7087	5	0.7304	0.7506	-0.0010	79.1394	2.3203	722.8868	291.0918	36.2900	662.3439	111.7915	725.1750	97.6007	723.3169	95.0744	727.3192	95.0744	
31/08/2017	02:25:29	019004	H421148635HLR	L421	S		691.5033	1.0230	0.0000	100.0117	40.4531	0.8230	0.8292	4.0000	19.4719	815.0790	94.8108	18.3917	24.4000	0.9300	0.9259	0.7485	-0.0009	815.0000	817.1099	1.0339	-4.3709	100.0054	39.8113	0.8230	0.8237	5.0000	-9999.0000	-9999.0000	-9999.0000	-9999.0000	-9999.0000	-9999.0000	21.2622	3	0	35.1534	1.0000	02	2	-9999.0000	36691	72883	-9999	205	1539	-9999	596.7348	5	0.7304	0.7485	-0.0009	77.2234	2.4350	734.4935	284.6247	38.3769	675.4058	110.0561	734.5812	97.2053	736.1385	95.0305	741.8241	95.0085	
31/08/2017	02:25:47	019004	H340149747HLR	L421	S		0.0000	0.0000	0.0000	0.0000	0.0000	0.8230	0.0000	0.0000	0.0000	0.0000	0.0000	0.0000	0.0000	0.9300	0.0000	0.0000	0.0000	0.0000	0.0000	0.0000	0.0000	0.0000	0.0000	0.8230	0.0000	0.0000	0.0000	0.0000	0.0000	0.0000	0.0000	0.0000	0.0000	0	27	35.1534	1.0000	02	2	0.0000	0	0	0	0	0	0	0.0000	0	0.0000	0.0000	0.0000	0.0000	0.0000	0.0000	0.0000	0.0000	0.0000	0.0000	0.0000	0.0000	0.0000	0.0000	0.0000	0.0000	
31/08/2017	02:26:02	019004	H421148639HLR	L421	S		689.8723	1.0230	0.0000	100.0349	40.3589	0.8230	0.8280	4.0000	20.0627	815.1061	94.8987	19.1125	24.4000	0.9300	0.9258	0.7468	-0.0008	815.0000	813.9050	1.0339	-4.3167	99.9856	39.7435	0.8230	0.8236	5.0000	-9999.0000	-9999.0000	-9999.0000	-9999.0000	-9999.0000	-9999.0000	22.9429	4	0	33.2935	1.0000	02	2	-9999.0000	36692	72884	-9999	206	1540	-9999	596.1894	5	0.7306	0.7468	-0.0008	79.9780	2.2701	728.4195	289.9848	37.8277	665.9571	111.0666	729.2330	97.3371	729.0025	95.0744	734.7401	95.0744	
31/08/2017	02:26:18	019004	H340149748HLR	L421	S		0.0000	0.0000	0.0000	0.0000	0.0000	0.8230	0.0000	0.0000	0.0000	0.0000	0.0000	0.0000	0.0000	0.9300	0.0000	0.0000	0.0000	0.0000	0.0000	0.0000	0.0000	0.0000	0.0000	0.8230	0.0000	0.0000	0.0000	0.0000	0.0000	0.0000	0.0000	0.0000	0.0000	0	27	33.2935	1.0000	02	2	0.0000	0	0	0	0	0	0	0.0000	0	0.0000	0.0000	0.0000	0.0000	0.0000	0.0000	0.0000	0.0000	0.0000	0.0000	0.0000	0.0000	0.0000	0.0000	0.0000	0.0000	
31/08/2017	02:26:35	019004	H421148632HLR	L421	S		689.4482	1.0230	0.0000	100.0374	39.9464	0.8230	0.8275	4.0000	19.3820	815.0703	94.9646	19.8626	24.4000	0.9300	0.9258	0.7468	-0.0008	815.0000	815.1298	1.0339	-4.3374	99.9567	39.8461	0.8230	0.8236	5.0000	-9999.0000	-9999.0000	-9999.0000	-9999.0000	-9999.0000	-9999.0000	25.8525	5	0	33.3339	1.0000	02	2	-9999.0000	36693	72884	-9999	207	1541	-9999	595.8263	5	0.7306	0.7468	-0.0008	79.9780	2.2701	729.6801	285.1761	36.6414	664.8448	111.3961	730.2205	97.4908	730.8337	95.0744	736.0882	95.0744	
31/08/2017	02:27:43	019004	H421148658HLR	L421	S		690.8054	1.0230	0.0000	99.9739	40.5024	0.8230	0.8287	4.0000	20.3922	815.0470	95.0305	21.3920	24.3000	0.9300	0.9257	0.7426	-0.0006	815.0000	814.7910	1.0339	-4.3317	100.0871	39.7069	0.8230	0.8236	5.0000	-9999.0000	-9999.0000	-9999.0000	-9999.0000	-9999.0000	-9999.0000	20.9621	7	0	42.7949	1.0000	02	2	-9999.0000	36694	72885	-9999	208	1542	-9999	595.0051	5	0.7313	0.7426	-0.0006	82.6728	2.1636	727.6139	274.7465	38.4428	665.4310	111.4401	729.1269	97.4030	728.3260	95.0525	733.6020	95.0085	
31/08/2017	02:28:25	019004	H421148657HLR	L421	S		694.5661	1.0230	0.0000	100.0125	40.3566	0.8230	0.8275	4.0000	20.7426	815.0716	94.9207	19.5120	24.3000	0.9300	0.9257	0.7426	-0.0006	815.0000	815.7635	1.0339	-4.3481	100.0764	39.7743	0.8230	0.8239	5.0000	-9999.0000	-9999.0000	-9999.0000	-9999.0000	-9999.0000	-9999.0000	20.4624	8	0	42.7450	1.0000	02	2	-9999.0000	36695	72886	-9999	209	1543	-9999	596.1239	5	0.7313	0.7426	-0.0006	82.6728	2.1636	732.4469	285.4298	38.8162	666.8631	111.1984	733.9211	97.3371	732.9725	95.0525	737.9657	95.0744	
31/08/2017	02:29:01	019004	H421148661HLR	L421	S		686.9476	1.0230	0.0000	100.0689	39.9315	0.8230	0.8276	4.0000	19.4525	815.0897	94.9207	19.5930	24.2000	0.9300	0.9254	0.7427	-0.0006	815.0000	815.0717	1.0339	-4.3364	100.0118	39.9630	0.8230	0.8235	5.0000	-9999.0000	-9999.0000	-9999.0000	-9999.0000	-9999.0000	-9999.0000	20.3627	1	0	35.5333	1.0000	02	2	-9999.0000	36696	72887	-9999	210	1544	-9999	596.0521	5	0.7312	0.7427	-0.0006	86.8720	1.9454	730.1089	288.5575	36.6634	662.3145	111.5719	731.0222	97.5128	730.9307	95.0744	735.9278	95.0305	
31/08/2017	02:30:00	019004	H340149747HLR	L421	S		583.6222	1.0230	0.0000	100.0827	40.3597	0.8230	0.8299	4.0000	19.2921	741.2996	94.8108	31.0035	24.1000	0.9300	0.9254	0.7410	-0.0005	815.0000	759.9989	1.0339	-2.7377	100.0127	39.7610	0.8230	0.8236	5.0000	-9999.0000	-9999.0000	-9999.0000	-9999.0000	-9999.0000	-9999.0000	22.6119	3	27	33.2635	1.0000	02	2	-9999.0000	36697	72887	-9999	211	1545	-9999	537.2907	5	0.7310	0.7410	-0.0005	88.5685	1.8189	631.0615	268.4641	37.2565	574.0889	111.9453	633.5032	97.4908	632.4559	95.0085	636.7263	94.9866	
31/08/2017	02:30:31	019004	H340149748HLR	L421	S		586.8164	1.0230	0.0000	100.0600	40.3155	0.8230	0.8289	4.0000	19.3126	748.9660	94.7669	31.0035	24.1000	0.9300	0.9254	0.7406	-0.0005	815.0000	766.6584	1.0339	-2.9765	99.9794	39.6410	0.8230	0.8237	5.0000	-9999.0000	-9999.0000	-9999.0000	-9999.0000	-9999.0000	-9999.0000	22.2427	4	27	30.5131	1.0000	02	2	-9999.0000	36698	72888	-9999	212	1546	-9999	543.2590	5	0.7309	0.7406	-0.0005	88.1505	1.8501	638.2217	272.9712	37.3664	581.3040	110.9348	639.9821	97.2492	639.1721	94.9426	643.9919	94.9646	
31/08/2017	02:31:05	019004	H421148643HLR	L421	S		690.1835	1.0230	0.0000	100.0235	39.9080	0.8230	0.8272	4.0000	20.2123	815.0423	95.0525	21.8120	24.2000	0.9300	0.9256	0.7406	-0.0005	815.0000	816.5619	1.0339	-4.7454	99.9588	39.9886	0.8230	0.8237	5.0000	-9999.0000	-9999.0000	-9999.0000	-9999.0000	-9999.0000	-9999.0000	24.2429	5	0	34.7939	1.0000	02	2	-9999.0000	36699	72888	-9999	213	1547	-9999	594.9698	5	0.7309	0.7406	-0.0005	88.1505	1.8501	730.8148	297.8266	37.1247	670.2034	110.7371	732.6950	97.2931	731.4549	95.0085	735.8984	95.0525	
31/08/2017	02:32:03	019004	H421148670HLR	L421	S		690.7858	1.0230	0.0000	99.9739	40.6029	0.8230	0.8288	4.0000	19.5119	815.0832	94.7889	19.4924	24.2000	0.9300	0.9257	0.7406	-0.0005	815.0000	814.5082	1.0339	-4.7223	100.0044	39.6424	0.8230	0.8236	5.0000	-9999.0000	-9999.0000	-9999.0000	-9999.0000	-9999.0000	-9999.0000	20.5930	7	0	33.7839	1.0000	02	2	-9999.0000	36700	72889	-9999	214	1548	-9999	595.9539	5	0.7309	0.7406	-0.0005	88.1505	1.8501	734.4423	276.6490	37.8057	673.7112	111.0666	735.6234	97.3371	735.4132	95.0525	740.7778	95.0744	
31/08/2017	02:32:36	019004	H421144552HLR	L421	S		703.2865	1.0230	0.0000	100.0944	40.1755	0.8230	0.8269	4.0000	20.9126	815.0603	94.9426	16.7216	24.4000	0.9300	0.9257	0.7406	-0.0005	815.0000	815.9756	1.0339	-4.7388	99.9585	39.8461	0.8230	0.8241	5.0000	-9999.0000	-9999.0000	-9999.0000	-9999.0000	-9999.0000	-9999.0000	20.2826	8	0	33.2741	1.0000	02	2	-9999.0000	36701	72890	-9999	215	1549	-9999	597.0273	5	0.7309	0.7406	-0.0005	88.1505	1.8501	739.3805	300.3359	38.8601	675.9161	109.3751	739.5877	97.0515	741.3656	95.0964	746.9372	95.0525	
31/08/2017	02:33:12	019004	H421147479HLR	L421	S		687.8206	1.0230	0.0000	100.0770	39.7435	0.8230	0.8276	4.0000	19.7121	815.0673	94.8767	21.0023	24.4000	0.9300	0.9257	0.7420	-0.0006	815.0000	813.8337	1.0339	-4.7147	100.0257	39.9501	0.8230	0.8235	5.0000	-9999.0000	-9999.0000	-9999.0000	-9999.0000	-9999.0000	-9999.0000	21.5119	1	0	35.1035	1.0000	02	2	-9999.0000	36702	72891	-9999	216	1550	-9999	595.2550	5	0.7308	0.7420	-0.0006	92.8722	1.5944	729.4116	288.4976	37.5421	666.4506	112.0771	731.0256	97.6007	729.7725	95.0525	734.3177	95.0525	
31/08/2017	02:34:23	019004	H421147478HLR	L421	S		689.7463	1.0230	0.0000	99.9149	40.6421	0.8230	0.8291	4.0000	19.3721	815.0541	94.7449	20.0823	24.4000	0.9300	0.9258	0.7373	-0.0003	815.0000	816.9079	1.0339	-4.7492	100.0346	39.8185	0.8230	0.8238	5.0000	-9999.0000	-9999.0000	-9999.0000	-9999.0000	-9999.0000	-9999.0000	21.1322	3	0	37.0950	1.0000	02	2	-9999.0000	36703	72892	-9999	217	1551	-9999	595.8016	5	0.7310	0.7373	-0.0003	121.0663	0.1903	736.2082	269.9160	36.9929	663.9821	112.3188	737.7404	97.6885	737.2956	95.0525	742.0914	95.0305	
31/08/2017	02:34:55	019004	H421147490HLR	L421	S		689.5909	1.0230	0.0000	99.9758	40.2850	0.8230	0.8277	4.0000	19.7823	815.0819	94.7449	19.4827	24.2000	0.9300	0.9255	0.7373	-0.0003	815.0000	815.1738	1.0339	-4.7298	100.0209	39.8461	0.8230	0.8238	5.0000	-9999.0000	-9999.0000	-9999.0000	-9999.0000	-9999.0000	-9999.0000	23.4420	4	0	32.0934	1.0000	02	2	-9999.0000	36704	72893	-9999	218	1552	-9999	595.9507	5	0.7310	0.7373	-0.0003	119.3413	0.2841	734.9615	285.3963	37.6519	668.5126	111.5279	736.4260	97.4689	736.1064	95.0305	741.0460	95.0964	
31/08/2017	02:35:27	019004	H421147487HLR	L421	S		686.2371	1.0230	0.0000	100.0690	39.7968	0.8230	0.8275	4.0000	19.3614	815.0603	95.0964	21.3920	24.2000	0.9300	0.9255	0.7373	-0.0003	815.0000	814.9127	1.0339	-4.7269	100.0335	39.8170	0.8230	0.8236	5.0000	-9999.0000	-9999.0000	-9999.0000	-9999.0000	-9999.0000	-9999.0000	20.9319	5	0	32.1131	1.0000	02	2	-9999.0000	36705	72893	-9999	219	1553	-9999	595.4318	5	0.7310	0.7373	-0.0003	119.3413	0.2841	731.9269	297.9588	38.7942	667.5277	111.1765	732.8866	97.4249	732.5803	95.0305	737.5343	95.0744	
31/08/2017	02:35:59	019004	H421147503HLR	L421	S		689.1979	1.0230	0.0000	99.9549	39.9663	0.8230	0.8288	4.0000	19.6223	815.0712	94.6790	20.2318	24.3000	0.9300	0.9256	0.7406	-0.0005	815.0000	814.6970	1.0339	-4.7244	99.9764	39.7644	0.8230	0.8237	5.0000	-9999.0000	-9999.0000	-9999.0000	-9999.0000	-9999.0000	-9999.0000	23.4029	6	0	32.4341	1.0000	02	2	-9999.0000	36706	72894	-9999	220	1554	-9999	595.7463	5	0.7309	0.7406	-0.0005	114.3153	0.5366	735.2961	294.3145	37.4103	670.4763	111.6817	736.8582	97.4689	735.6807	95.0305	740.7167	95.0525	
31/08/2017	02:36:31	019004	H421147492HLR	L421	S		686.4072	1.0230	0.0000	100.0533	40.4308	0.8230	0.8287	4.0000	19.4523	815.0478	95.0744	23.3923	24.2000	0.9300	0.9254	0.7386	-0.0004	815.0000	815.0639	1.0339	-4.7286	99.9977	39.8461	0.8230	0.8236	5.0000	-9999.0000	-9999.0000	-9999.0000	-9999.0000	-9999.0000	-9999.0000	24.8025	7	0	31.3933	1.0000	02	2	-9999.0000	36707	72895	-9999	221	1555	-9999	594.3451	5	0.7307	0.7386	-0.0004	119.2174	0.3041	725.8632	295.6602	38.2670	661.7863	111.8574	728.1046	97.4908	726.5627	95.0305	730.6519	95.0744	
31/08/2017	02:37:05	019004	H421147500HLR	L421	S		690.2796	1.0230	0.0000	100.0170	40.1536	0.8230	0.8277	4.0000	19.5617	815.0673	94.7669	18.2315	24.3000	0.9300	0.9256	0.7356	-0.0002	815.0000	813.6323	1.0339	-4.7125	99.9912	39.7687	0.8230	0.8235	5.0000	-9999.0000	-9999.0000	-9999.0000	-9999.0000	-9999.0000	-9999.0000	22.3226	8	0	33.9442	1.0000	02	2	-9999.0000	36708	72896	-9999	222	1556	-9999	596.2301	5	0.7307	0.7356	-0.0002	77.2319	2.3531	737.7719	301.3341	37.6739	670.3468	111.7037	739.7909	97.5348	738.8813	95.0305	743.4205	95.0744	
31/08/2017	02:37:37	019004	H421147512HLR	L421	S		688.9785	1.0230	0.0000	100.0229	39.8461	0.8230	0.8279	4.0000	19.7318	815.0874	94.7449	18.3722	24.3000	0.9300	0.9256	0.7356	-0.0002	815.0000	814.1050	1.0339	-4.7178	100.0156	39.8461	0.8230	0.8237	5.0000	-9999.0000	-9999.0000	-9999.0000	-9999.0000	-9999.0000	-9999.0000	23.6120	1	0	32.5035	1.0000	02	2	-9999.0000	36709	72897	-9999	223	1557	-9999	596.1991	5	0.7307	0.7356	-0.0002	77.2319	2.3531	738.9997	294.1072	37.0808	672.2609	111.5499	741.2160	97.5128	739.8497	95.0525	744.8333	95.0744	
31/08/2017	02:38:11	019004	H421147481HLR	L421	S		690.8095	1.0230	0.0000	100.0388	40.1328	0.8230	0.8287	4.0000	19.6625	815.0623	94.6790	18.6222	24.2000	0.9300	0.9254	0.7342	-0.0002	815.0000	814.7593	1.0339	-4.7251	99.9820	39.8461	0.8230	0.8235	5.0000	-9999.0000	-9999.0000	-9999.0000	-9999.0000	-9999.0000	-9999.0000	22.8023	2	0	33.7032	1.0000	02	2	-9999.0000	36710	72897	-9999	224	1558	-9999	596.1520	5	0.7308	0.7342	-0.0002	70.6839	2.7021	741.0142	289.8709	37.7178	671.7982	111.5499	742.7818	97.5128	741.3005	95.0744	745.7122	95.0744	
31/08/2017	02:38:48	019004	H421149922HLR	L421	S		694.4519	1.0230	0.0000	100.0410	40.3096	0.8230	0.8277	4.0000	20.6418	815.0982	94.7449	17.6514	24.3000	0.9300	0.9257	0.7390	-0.0004	815.0000	813.9588	1.0339	-4.7161	99.9755	39.8136	0.8230	0.8237	5.0000	-9999.0000	-9999.0000	-9999.0000	-9999.0000	-9999.0000	-9999.0000	20.3822	3	0	36.6846	1.0000	02	2	-9999.0000	36711	72898	-9999	225	1558	-9999	596.5626	5	0.7306	0.7390	-0.0004	111.7935	0.7156	739.7498	290.1363	36.4437	672.5405	111.5719	741.3124	97.6226	740.9221	95.0744	746.3673	95.0744	
31/08/2017	02:39:19	019004	H421147505HLR	L421	S		694.4674	1.0230	0.0000	100.0145	40.0717	0.8230	0.8279	4.0000	19.4425	815.0680	94.9426	20.0921	24.3000	0.9300	0.9257	0.7402	-0.0005	815.0000	817.7393	1.0339	-4.7586	100.0026	39.9354	0.8230	0.8238	5.0000	-9999.0000	-9999.0000	-9999.0000	-9999.0000	-9999.0000	-9999.0000	20.4623	4	0	31.4830	1.0000	02	2	-9999.0000	36712	72899	-9999	226	1559	-9999	595.7773	5	0.7311	0.7402	-0.0005	106.2784	0.9752	739.5060	297.8401	38.1133	672.7734	111.3742	741.1412	97.4908	740.3282	95.0525	745.1552	95.0744	
31/08/2017	02:39:51	019004	H421147485HLR	L421	S		691.2826	1.0230	0.0000	100.0603	39.9487	0.8230	0.8281	4.0000	19.4416	815.0414	94.6131	18.7521	24.3000	0.9300	0.9257	0.7399	-0.0004	815.0000	813.8148	1.0339	-4.7145	100.0883	39.8299	0.8230	0.8236	5.0000	-9999.0000	-9999.0000	-9999.0000	-9999.0000	-9999.0000	-9999.0000	20.8128	5	0	31.7740	1.0000	02	2	-9999.0000	36713	72900	-9999	227	1560	-9999	596.4180	5	0.7311	0.7399	-0.0004	106.8077	0.9520	735.9647	306.3109	39.1677	678.3980	110.0781	737.2592	97.2492	736.9384	95.0305	742.1022	95.0525	
31/08/2017	02:40:22	019004	H421147515HLR	L421	S		688.8364	1.0230	0.0000	100.0801	40.1223	0.8230	0.8287	4.0000	19.3127	815.0677	94.7230	19.9329	24.3000	0.9300	0.9256	0.7432	-0.0006	815.0000	817.7678	1.0339	-4.7589	100.0144	39.8461	0.8230	0.8238	5.0000	-9999.0000	-9999.0000	-9999.0000	-9999.0000	-9999.0000	-9999.0000	21.0823	6	0	31.1529	1.0000	02	2	-9999.0000	36714	72900	-9999	228	1560	-9999	595.9765	5	0.7313	0.7432	-0.0006	101.3982	1.2125	735.9164	287.9504	37.7178	668.9920	111.3961	737.3547	97.4689	736.9378	95.0305	742.4692	95.0744	
31/08/2017	02:40:55	019004	H421147517HLR	L421	S		686.4315	1.0230	0.0000	100.0805	40.2344	0.8230	0.8284	4.0000	19.3615	815.0736	95.1184	22.9625	24.3000	0.9300	0.9256	0.7436	-0.0006	815.0000	815.6849	1.0339	-4.7355	100.0561	39.9120	0.8230	0.8237	5.0000	-9999.0000	-9999.0000	-9999.0000	-9999.0000	-9999.0000	-9999.0000	21.9828	7	0	32.9939	1.0000	02	2	-9999.0000	36715	72901	-9999	229	1561	-9999	594.7300	5	0.7310	0.7436	-0.0006	100.0527	1.2708	725.5530	292.2396	37.1247	661.6889	111.6817	727.6386	97.6007	725.9346	95.0525	730.1952	95.0744	
31/08/2017	02:41:26	019004	H421149932HLR	L421	S		694.1543	1.0230	0.0000	100.1437	40.0676	0.8230	0.8280	4.0000	19.3721	815.0560	94.8328	17.6719	24.3000	0.9300	0.9256	0.7441	-0.0006	815.0000	813.8834	1.0339	-4.7153	100.0368	39.7894	0.8230	0.8235	5.0000	-9999.0000	-9999.0000	-9999.0000	-9999.0000	-9999.0000	-9999.0000	20.9321	8	0	31.1940	1.0000	02	2	-9999.0000	36716	72901	-9999	230	1562	-9999	597.2630	5	0.7313	0.7441	-0.0006	100.0527	1.2708	738.7021	291.3754	38.0473	672.2433	111.2204	740.1143	97.4689	739.7167	95.0525	744.6079	95.0744	
31/08/2017	02:41:59	019004	H421149924HLR	L421	S		693.4902	1.0230	0.0000	100.0179	39.9978	0.8230	0.8282	4.0000	19.5118	815.0662	94.8108	18.0313	24.4000	0.9300	0.9256	0.7443	-0.0006	815.0000	814.9026	1.0339	-4.7267	100.0376	39.9212	0.8230	0.8239	5.0000	-9999.0000	-9999.0000	-9999.0000	-9999.0000	-9999.0000	-9999.0000	21.2121	1	0	33.3738	1.0000	02	2	-9999.0000	36717	72901	-9999	231	1563	-9999	597.2093	5	0.7311	0.7443	-0.0006	98.3682	1.3503	736.8646	286.6812	36.6634	670.9332	111.2863	737.8984	97.4908	737.9436	95.0305	743.5190	95.0744	
31/08/2017	02:42:32	019004	H421149943HLR	L421	S		695.0309	1.0230	0.0000	99.9318	40.1313	0.8230	0.8283	4.0000	19.5726	815.0689	94.7889	17.3516	24.4000	0.9300	0.9256	0.7443	-0.0006	815.0000	814.8828	1.0339	-4.7265	99.9571	39.8062	0.8230	0.8234	5.0000	-9999.0000	-9999.0000	-9999.0000	-9999.0000	-9999.0000	-9999.0000	24.0729	2	0	32.3328	1.0000	02	2	-9999.0000	36718	72902	-9999	232	1564	-9999	597.6354	5	0.7311	0.7443	-0.0006	98.3682	1.3503	739.6926	287.4957	36.6414	671.3246	111.9234	740.9773	97.7544	740.6251	95.0744	745.6124	95.0744	
31/08/2017	02:43:04	019004	H421149939HLR	L421	S		693.6379	1.0230	0.0000	100.0050	40.1328	0.8230	0.8284	4.0000	19.2121	815.0556	94.8108	19.2014	24.4000	0.9300	0.9256	0.7464	-0.0008	815.0000	817.3179	1.0339	-4.7538	100.0187	39.8461	0.8230	0.8237	5.0000	-9999.0000	-9999.0000	-9999.0000	-9999.0000	-9999.0000	-9999.0000	23.6822	3	0	32.5240	1.0000	02	2	-9999.0000	36719	72903	-9999	233	1565	-9999	596.4454	5	0.7312	0.7464	-0.0008	97.0534	1.3930	734.8187	291.4750	37.9595	667.6231	111.8574	736.2544	97.6007	735.7225	95.0744	740.2713	95.0525	
31/08/2017	02:43:35	019004	H421149928HLR	L421	S		695.8009	1.0230	0.0000	100.0171	40.0512	0.8230	0.8279	4.0000	19.8215	815.0603	94.7669	17.4023	24.4000	0.9300	0.9257	0.7727	-0.0022	815.0000	814.8621	1.0339	-4.7263	100.0242	39.9472	0.8230	0.8237	5.0000	-9999.0000	-9999.0000	-9999.0000	-9999.0000	-9999.0000	-9999.0000	20.7925	4	0	30.9732	1.0000	02	2	-9999.0000	36720	72904	-9999	234	1566	-9999	597.5885	5	0.7316	0.7727	-0.0022	92.4841	1.6348	736.6815	284.4323	38.0693	670.8091	111.6597	738.1743	97.4689	737.6298	95.0305	743.1796	95.0964	
31/08/2017	02:44:07	019004	H421149944HLR	L421	S		692.6198	1.0230	0.0000	99.8909	40.0451	0.8230	0.8281	4.0000	19.8312	815.0623	94.8767	19.6428	24.3000	0.9300	0.9256	0.7727	-0.0022	815.0000	813.9012	1.0339	-4.7155	99.9955	39.7831	0.8230	0.8235	5.0000	-9999.0000	-9999.0000	-9999.0000	-9999.0000	-9999.0000	-9999.0000	22.9807	5	0	31.3540	1.0000	02	2	-9999.0000	36721	72905	-9999	235	1567	-9999	594.6542	5	0.7316	0.7727	-0.0022	92.4841	1.6348	711.7849	283.7245	37.6300	648.7456	111.7256	712.3340	97.5128	713.4785	95.0744	719.3021	95.0744	
31/08/2017	02:44:38	019004	H421149947HLR	L421	S		694.5828	1.0230	0.0000	100.1088	40.1316	0.8230	0.8284	4.0000	19.3624	815.0683	94.6351	18.5323	24.3000	0.9300	0.9256	0.7669	-0.0019	815.0000	815.3853	1.0339	-4.7322	99.9162	39.8647	0.8230	0.8238	5.0000	-9999.0000	-9999.0000	-9999.0000	-9999.0000	-9999.0000	-9999.0000	20.3930	6	0	31.7633	1.0000	02	2	-9999.0000	36722	72905	-9999	236	1568	-9999	596.5312	5	0.7317	0.7669	-0.0019	91.1078	1.6816	718.8838	288.4419	38.5306	659.3366	110.3197	719.2211	97.3151	720.0930	95.0525	726.4138	95.0744	
31/08/2017	02:45:12	019004	H421149958HLR	L421	S		693.5985	1.0230	0.0000	100.0583	40.1298	0.8230	0.8283	4.0000	19.2315	815.0601	94.6351	18.7628	24.3000	0.9300	0.9256	0.7666	-0.0019	815.0000	815.4435	1.0339	-4.7328	99.9977	39.9096	0.8230	0.8236	5.0000	-9999.0000	-9999.0000	-9999.0000	-9999.0000	-9999.0000	-9999.0000	23.4820	7	0	33.1434	1.0000	02	2	-9999.0000	36723	72906	-9999	237	1569	-9999	596.0629	5	0.7316	0.7666	-0.0019	89.5033	1.7314	718.5471	279.6770	37.0149	652.5140	111.5499	718.9101	97.5787	719.6494	95.0525	724.8929	95.0964	
