Data	Timp	Nr. masina	Nr. de serie	Tip	Productie	Comentariu	Pre-masurare Q [ml/min]	Pre-masurare Gain	Pre-masurare Offset Master	Pre-masurare P [bar]	Pre-masurare T [°C]	Pre-masurare Densitate fixa [kg/l]	Pre-masurare densitate masurata [kg/l]	Pre-masurare Timp masurare [s]	Pre-masurare Cycle time [s]	rectificare Q Oprire [ml/min]	rectificare P Oprire [bar]	rectificare Timp rectificare [s]	rectificare T [°C]	rectificare Densitate fixa [kg/l]	rectificare densitate masurata [kg/l]	rectificare Factor de masurare la rectificare	rectificare Factor de corectie a debitului	rectificare Target rectificare	Masurare Q [ml/min]	Masurare Gain	Masurare Offset Master	Masurare P [bar]	Masurare T [°C]	Masurare Densitate fixa [kg/l]	Masurare densitate masurata [kg/l]	Masurare Timp masurare [s]	Masurare Q [ml/min]	Masurare Delta Q [ml/min]	Masurare P [bar]	Masurare BP [bar]	Masurare T [°C]	Masurare Timp masurare [s]	Masurare Cycle time [s]	Nest Nr.	Cod de descarcare	Cycle time [s]	Traceability aktiv	EDM Maschine Nr	EDM Spindle Nr	Honing Rate [r	Station Counter Premeasure	Station Counter Grind	Station Counter Blowout 1	Station Counter Wash	Station Counter Measure	Station Counter Blowout 2	RealGrindQStop	Reg Type	Factor 0	Factor 1	Factor 2	Factor 3	Factor 4	G_StartQV	G_StartQV_1	G_StartQV_2	G_StartQV_3	G_StartQV_4	G_StartQV_5	
11/08/2017	01:04:37	019004	G523026320HLR	L523	S		436.0438	1.0233	10.0000	99.9936	39.5828	0.8230	0.8256	5.0000	20.0415	508.0592	94.9426	13.8014	26.0000	0.9300	0.9341	0.6322	-0.0005	508.0000	507.8944	1.0339	8.9909	100.0649	39.7227	0.8230	0.8241	5.0000	-9999.0000	-9999.0000	-9999.0000	-9999.0000	-9999.0000	-9999.0000	20.1019	3	0	24.7733	1.0000	04	2	-9999.0000	556	38220	-9999	760	748	-9999	318.0050	5	0.6269	0.6322	-0.0005	35.5287	2.3973	460.8081	329.8738	34.6864	430.4381	96.6121	464.2846	95.2502	471.0043	94.9207	475.1535	94.9646	
11/08/2017	01:05:02	019004	G523026310HLR	L523	S		434.3059	1.0233	10.0000	100.0424	39.6393	0.8230	0.8258	5.0000	20.0317	508.0546	94.9646	14.9324	25.8000	0.9300	0.9338	0.6322	-0.0005	508.0000	508.7472	1.0339	8.9143	99.9852	40.1538	0.8230	0.8241	5.0000	-9999.0000	-9999.0000	-9999.0000	-9999.0000	-9999.0000	-9999.0000	20.3924	4	0	24.6327	1.0000	04	2	-9999.0000	557	38221	-9999	761	749	-9999	317.7550	5	0.6269	0.6322	-0.0005	35.5287	2.3973	449.7411	387.4224	36.7732	437.3757	95.6676	465.0716	94.7449	468.3023	94.9207	472.6766	94.9207	
11/08/2017	01:05:29	019004	G523026300HLR	L523	S		437.8190	1.0233	10.0000	100.0953	39.9509	0.8230	0.8259	5.0000	19.9330	508.0541	94.8767	13.6812	25.8000	0.9300	0.9336	0.6322	-0.0005	508.0000	508.7747	1.0339	8.9112	99.9865	40.1247	0.8230	0.8233	5.0000	-9999.0000	-9999.0000	-9999.0000	-9999.0000	-9999.0000	-9999.0000	20.2220	5	0	26.8634	1.0000	04	2	-9999.0000	558	38222	-9999	762	750	-9999	318.0360	5	0.6269	0.6322	-0.0005	35.5287	2.3973	453.0116	380.8804	37.7837	440.6563	95.7335	466.3903	94.8328	471.2700	94.9207	476.4723	94.8987	
11/08/2017	01:05:53	019004	G523026297HLR	L523	S		438.0980	1.0233	10.0000	100.1188	39.8848	0.8230	0.8252	5.0000	19.9329	508.0464	94.8548	12.9907	25.7000	0.9300	0.9334	0.6322	-0.0005	508.0000	506.8212	1.0339	8.8984	100.0087	39.6793	0.8230	0.8226	5.0000	-9999.0000	-9999.0000	-9999.0000	-9999.0000	-9999.0000	-9999.0000	20.4415	6	0	24.6123	1.0000	04	2	-9999.0000	559	38223	-9999	763	751	-9999	318.1905	5	0.6269	0.6322	-0.0005	35.5287	2.3973	456.1159	374.0315	37.8057	444.2951	95.8213	469.3011	94.7669	475.2433	94.8548	479.0889	94.8987	
11/08/2017	01:06:19	019004	G523026333HLR	L523	S		439.8894	1.0233	10.0000	100.0026	39.5747	0.8230	0.8250	5.0000	20.0022	508.0494	94.9207	11.4808	25.7000	0.9300	0.9336	0.6325	-0.0005	508.0000	507.0389	1.0339	8.9171	99.9708	39.6410	0.8230	0.8233	5.0000	-9999.0000	-9999.0000	-9999.0000	-9999.0000	-9999.0000	-9999.0000	20.3919	7	0	25.6632	1.0000	04	2	-9999.0000	560	38224	-9999	764	752	-9999	318.6776	5	0.6261	0.6325	-0.0005	35.5250	2.3971	458.7099	395.4260	38.7283	445.9504	95.4479	473.1037	94.7230	478.0935	94.9207	482.9030	94.8767	
11/08/2017	01:06:43	019004	G523026303HLR	L523	S		437.3845	1.0233	10.0000	100.0042	39.6005	0.8230	0.8255	5.0000	21.2319	508.0502	94.9426	12.9116	25.8000	0.9300	0.9334	0.6320	-0.0005	508.0000	508.3339	1.0339	8.9617	100.1105	40.0938	0.8230	0.8240	5.0000	-9999.0000	-9999.0000	-9999.0000	-9999.0000	-9999.0000	-9999.0000	20.4619	8	0	24.6227	1.0000	04	2	-9999.0000	561	38225	-9999	765	753	-9999	318.0995	5	0.6254	0.6320	-0.0005	35.5397	2.3981	453.8073	351.1832	38.1572	441.0132	95.2721	470.6276	94.7230	474.6059	94.9646	478.3893	94.9207	
11/08/2017	01:07:13	019004	G523025679HLR	L523	S		435.0146	1.0233	10.0000	100.0161	39.9577	0.8230	0.8259	5.0000	20.1723	508.0322	95.0305	14.9617	25.8000	0.9300	0.9337	0.6318	-0.0005	508.0000	508.5534	1.0339	8.9365	100.1053	40.1956	0.8230	0.8233	5.0000	-9999.0000	-9999.0000	-9999.0000	-9999.0000	-9999.0000	-9999.0000	20.4729	1	0	29.2436	1.0000	04	2	-9999.0000	562	38226	-9999	766	754	-9999	317.5019	5	0.6253	0.6318	-0.0005	35.5450	2.3984	449.2007	357.6810	37.2565	435.7459	95.5358	464.5003	94.8108	468.8309	94.9426	472.4171	94.9426	
11/08/2017	01:07:42	019004	G523026323HLR	L523	S		442.1384	1.0233	10.0000	99.9999	40.0191	0.8230	0.8254	5.0000	20.1612	508.0743	94.9426	9.8009	25.8000	0.9300	0.9335	0.6323	-0.0005	508.0000	508.1663	1.0339	8.9809	100.0035	39.6236	0.8230	0.8220	5.0000	-9999.0000	-9999.0000	-9999.0000	-9999.0000	-9999.0000	-9999.0000	25.7823	2	0	28.8627	1.0000	04	2	-9999.0000	563	38227	-9999	767	755	-9999	319.0048	5	0.6259	0.6323	-0.0005	35.5309	2.3975	463.1349	339.2911	38.7283	449.8721	95.4479	480.9513	94.7669	485.4009	94.8987	490.2627	94.9426	
11/08/2017	01:08:11	019004	G523026314HLR	L523	S		435.4619	1.0233	10.0000	100.0499	39.6807	0.8230	0.8249	5.0000	19.9926	508.0644	94.9866	13.7721	25.8000	0.9300	0.9337	0.6426	-0.0012	508.0000	508.1778	1.0339	8.9796	100.1505	39.6410	0.8230	0.8231	5.0000	-9999.0000	-9999.0000	-9999.0000	-9999.0000	-9999.0000	-9999.0000	21.6128	3	0	28.9633	1.0000	04	2	-9999.0000	564	38228	-9999	768	756	-9999	318.0684	5	0.6264	0.6426	-0.0012	41.6016	2.1702	444.5124	383.2560	38.5965	431.7238	95.4039	460.2362	94.7449	465.5167	94.7449	469.9610	94.6131	
11/08/2017	01:08:38	019004	G523026306HLR	L523	S		438.2085	1.0233	10.0000	100.0765	39.6086	0.8230	0.8254	5.0000	19.9414	508.0754	94.8108	12.9116	25.8000	0.9300	0.9336	0.6416	-0.0011	508.0000	508.2152	1.0339	8.9753	100.0549	40.1931	0.8230	0.8239	5.0000	-9999.0000	-9999.0000	-9999.0000	-9999.0000	-9999.0000	-9999.0000	20.4123	4	0	27.1131	1.0000	04	2	-9999.0000	565	38229	-9999	769	757	-9999	318.4885	5	0.6263	0.6416	-0.0011	43.1761	2.0707	449.1116	352.1441	38.0913	436.2941	95.6017	463.1113	94.8108	469.0041	94.8767	474.6824	94.8767	
11/08/2017	01:09:04	019004	G523026322HLR	L523	S		436.5964	1.0233	10.0000	100.0413	39.9487	0.8230	0.8259	5.0000	20.0022	508.0863	94.9646	14.0719	25.8000	0.9300	0.9337	0.6416	-0.0011	508.0000	508.1864	1.0339	8.9786	100.0686	40.1814	0.8230	0.8229	5.0000	-9999.0000	-9999.0000	-9999.0000	-9999.0000	-9999.0000	-9999.0000	20.9926	5	0	26.6535	1.0000	04	2	-9999.0000	566	38230	-9999	770	758	-9999	317.8149	5	0.6260	0.6416	-0.0011	44.3771	1.9744	445.4298	387.4455	36.8611	432.3297	95.4479	458.9649	94.7889	465.0004	94.8767	470.5654	94.8548	
11/08/2017	01:09:32	019004	G523026354HLR	L523	S		438.1695	1.0233	10.0000	100.1197	40.0416	0.8230	0.8255	5.0000	19.9419	508.0342	94.7669	12.9517	25.8000	0.9300	0.9337	0.6366	-0.0008	508.0000	508.1838	1.0339	8.9789	100.1445	39.8183	0.8230	0.8227	5.0000	-9999.0000	-9999.0000	-9999.0000	-9999.0000	-9999.0000	-9999.0000	20.5023	6	0	27.6731	1.0000	04	2	-9999.0000	567	38231	-9999	771	759	-9999	318.2232	5	0.6262	0.6366	-0.0008	49.2310	1.6256	450.0992	380.3489	36.5316	437.1999	95.2941	465.4375	94.7010	471.9310	94.9207	476.5164	94.9426	
11/08/2017	01:09:59	019004	G523026380HLR	L523	S		434.7259	1.0233	10.0000	100.1923	39.7450	0.8230	0.8250	5.0000	19.9621	508.0609	94.8767	14.2614	25.8000	0.9300	0.9336	0.6373	-0.0008	508.0000	507.7944	1.0339	8.9823	100.0147	39.7435	0.8230	0.8227	5.0000	-9999.0000	-9999.0000	-9999.0000	-9999.0000	-9999.0000	-9999.0000	24.3630	7	0	27.0333	1.0000	04	2	-9999.0000	568	38232	-9999	772	760	-9999	317.7293	5	0.6262	0.6373	-0.0008	48.9671	1.6557	448.1394	387.6344	37.2346	436.3329	95.5358	463.3441	94.7230	467.1405	94.8767	471.4181	94.8987	
11/08/2017	01:10:25	019004	G523026373HLR	L523	S		436.1785	1.0233	10.0000	100.0858	39.6666	0.8230	0.8254	5.0000	20.1624	508.0323	94.7889	13.3121	25.8000	0.9300	0.9337	0.6371	-0.0008	508.0000	507.8835	1.0339	8.9900	100.1236	40.0512	0.8230	0.8236	5.0000	-9999.0000	-9999.0000	-9999.0000	-9999.0000	-9999.0000	-9999.0000	20.9526	8	0	26.2922	1.0000	04	2	-9999.0000	569	38233	-9999	773	761	-9999	318.1175	5	0.6263	0.6371	-0.0008	48.8350	1.6628	447.3558	365.3027	36.8611	433.5217	95.3600	464.4758	94.7010	470.5001	94.9426	475.3622	94.8987	
11/08/2017	01:10:52	019004	G523026343HLR	L523	S		434.8958	1.0233	10.0000	99.9875	39.9837	0.8230	0.8258	5.0000	20.0120	508.0509	94.8548	13.8922	25.8000	0.9300	0.9338	0.6415	-0.0011	508.0000	507.0386	1.0339	8.9171	100.0928	40.1825	0.8230	0.8232	5.0000	-9999.0000	-9999.0000	-9999.0000	-9999.0000	-9999.0000	-9999.0000	20.5823	1	0	27.1338	1.0000	04	2	-9999.0000	570	38234	-9999	774	762	-9999	317.8934	5	0.6262	0.6415	-0.0011	49.1361	1.6351	443.5225	378.2474	36.7513	429.3011	95.3380	458.7986	94.7449	466.1067	94.8767	471.4353	94.8767	
11/08/2017	01:11:17	019004	G523026405HLR	L523	S		438.9596	1.0233	10.0000	100.0921	39.9685	0.8230	0.8253	5.0000	20.0920	508.0277	94.8328	12.2016	25.8000	0.9300	0.9336	0.6410	-0.0011	508.0000	509.1577	1.0339	8.8672	100.1327	39.9049	0.8230	0.8229	5.0000	-9999.0000	-9999.0000	-9999.0000	-9999.0000	-9999.0000	-9999.0000	20.3421	2	0	25.0429	1.0000	04	2	-9999.0000	571	38235	-9999	775	763	-9999	318.7871	5	0.6262	0.6410	-0.0011	48.7592	1.6611	453.2164	382.4894	38.4208	440.8026	95.2062	468.4393	94.6571	473.0520	94.8987	478.3174	94.9207	
11/08/2017	01:11:45	019004	G523026432HLR	L523	S		435.1980	1.0233	10.0000	99.9075	39.7069	0.8230	0.8250	5.0000	20.0520	508.0600	94.8767	12.9321	25.8000	0.9300	0.9337	0.6371	-0.0008	508.0000	509.6588	1.0339	8.8098	100.1226	39.8316	0.8230	0.8231	5.0000	-9999.0000	-9999.0000	-9999.0000	-9999.0000	-9999.0000	-9999.0000	20.2618	3	0	27.9031	1.0000	04	2	-9999.0000	572	38236	-9999	776	764	-9999	318.3080	5	0.6261	0.6371	-0.0008	47.4485	1.7614	449.3125	370.3469	37.1467	435.4346	95.1184	465.5041	94.6790	470.9319	94.8767	475.7935	94.8108	
11/08/2017	01:12:14	019004	G523026369HLR	L523	S		433.7808	1.0233	10.0000	100.0600	39.7884	0.8230	0.8256	5.0000	20.0129	508.0579	94.8108	13.7613	25.8000	0.9300	0.9337	0.6407	-0.0011	508.0000	509.0408	1.0339	8.8806	100.0461	39.9487	0.8230	0.8236	5.0000	-9999.0000	-9999.0000	-9999.0000	-9999.0000	-9999.0000	-9999.0000	19.8723	4	0	28.7625	1.0000	04	2	-9999.0000	573	38237	-9999	777	765	-9999	317.9887	5	0.6262	0.6407	-0.0011	48.7466	1.6712	447.4631	376.5665	36.9050	435.3943	94.9207	460.5904	94.6351	466.9220	94.9207	472.5726	94.9207	
11/08/2017	01:12:43	019004	G523026367HLR	L523	S		437.9339	1.0233	10.0000	99.9875	39.9997	0.8230	0.8257	5.0000	20.0715	508.0746	94.8108	13.1411	25.8000	0.9300	0.9337	0.6405	-0.0011	508.0000	508.8083	1.0339	8.9073	100.0838	40.1509	0.8230	0.8233	5.0000	-9999.0000	-9999.0000	-9999.0000	-9999.0000	-9999.0000	-9999.0000	20.6625	5	0	28.9935	1.0000	04	2	-9999.0000	574	38238	-9999	778	765	-9999	318.3612	5	0.6262	0.6405	-0.0011	48.7043	1.6753	451.1711	376.2579	38.6185	440.2022	95.0085	463.5847	94.7010	468.9360	94.8328	474.3576	94.8767	
11/08/2017	01:13:12	019004	G523026347HLR	L523	S		437.7530	1.0233	10.0000	99.9980	39.9337	0.8230	0.8253	5.0000	19.9719	508.0748	94.8328	13.3218	25.8000	0.9300	0.9337	0.6352	-0.0007	508.0000	508.4491	1.0339	8.9485	100.1697	39.9759	0.8230	0.8230	5.0000	-9999.0000	-9999.0000	-9999.0000	-9999.0000	-9999.0000	-9999.0000	20.4621	6	0	28.8636	1.0000	04	2	-9999.0000	575	38239	-9999	779	766	-9999	318.1460	5	0.6262	0.6352	-0.0007	49.5301	1.6189	454.4054	393.9141	38.2231	442.1295	95.1623	466.4206	94.7010	471.0123	94.8987	475.6056	94.8987	
11/08/2017	01:13:41	019004	G523026399HLR	L523	S		430.4375	1.0233	10.0000	100.0115	39.7605	0.8230	0.8252	5.0000	19.9124	508.0733	95.1184	16.0018	25.8000	0.9300	0.9338	0.6343	-0.0006	508.0000	507.8788	1.0339	8.9896	100.0088	39.8461	0.8230	0.8229	5.0000	-9999.0000	-9999.0000	-9999.0000	-9999.0000	-9999.0000	-9999.0000	21.2026	7	0	28.9827	1.0000	04	2	-9999.0000	576	38240	-9999	780	767	-9999	317.2726	5	0.6262	0.6343	-0.0006	50.4196	1.5490	446.2835	387.2428	37.9155	434.5989	95.2941	456.9326	94.7669	463.0353	94.9207	467.5070	94.8987	
11/08/2017	01:14:09	019004	G523026397HLR	L523	S		440.3891	1.0233	10.0000	99.9792	39.8099	0.8230	0.8256	5.0000	20.0519	508.0737	95.0085	11.7904	25.8000	0.9300	0.9338	0.6345	-0.0006	508.0000	507.2180	1.0339	8.9326	100.0931	40.0437	0.8230	0.8234	5.0000	-9999.0000	-9999.0000	-9999.0000	-9999.0000	-9999.0000	-9999.0000	20.4730	8	0	28.3236	1.0000	04	2	-9999.0000	577	38241	-9999	781	768	-9999	318.5987	5	0.6262	0.6345	-0.0006	49.9311	1.5984	458.6954	383.9102	36.6414	447.2789	95.2941	471.3978	94.7230	476.7301	94.8987	481.4475	94.8767	
11/08/2017	01:14:36	019004	G523026392HLR	L523	S		438.9900	1.0233	10.0000	100.0986	40.0064	0.8230	0.8256	5.0000	20.1126	508.0747	95.0525	10.5207	25.9000	0.9300	0.9335	0.6340	-0.0006	508.0000	506.6886	1.0339	8.8869	100.0299	40.1403	0.8230	0.8233	5.0000	-9999.0000	-9999.0000	-9999.0000	-9999.0000	-9999.0000	-9999.0000	20.1215	1	0	26.5129	1.0000	04	2	-9999.0000	577	38242	-9999	782	769	-9999	318.9270	5	0.6260	0.6340	-0.0006	50.5670	1.5497	461.2952	366.7077	36.9929	449.1393	95.3820	476.0611	94.7669	481.2679	94.8328	486.5803	94.8108	
11/08/2017	01:15:02	019004	G523026427HLR	L523	S		440.0824	1.0233	10.0000	100.1362	39.9186	0.8230	0.8252	5.0000	19.9817	508.0471	95.0525	11.0608	25.9000	0.9300	0.9336	0.6331	-0.0005	508.0000	508.4393	1.0339	8.9496	100.0586	39.9104	0.8230	0.8228	5.0000	-9999.0000	-9999.0000	-9999.0000	-9999.0000	-9999.0000	-9999.0000	20.9727	2	0	26.4130	1.0000	04	2	-9999.0000	578	38243	-9999	783	770	-9999	318.6150	5	0.6259	0.6331	-0.0005	51.6323	1.4724	457.2033	372.0357	35.9605	444.2145	94.9866	473.6572	94.5912	479.7469	94.8548	485.1922	94.8108	
11/08/2017	01:15:27	019004	G523026406HLR	L523	S		438.9913	1.0233	10.0000	100.0107	39.7417	0.8230	0.8253	5.0000	19.9221	508.0614	95.0305	12.2611	25.9000	0.9300	0.9335	0.6327	-0.0005	508.0000	507.7092	1.0339	8.9749	100.0755	39.8461	0.8230	0.8232	5.0000	-9999.0000	-9999.0000	-9999.0000	-9999.0000	-9999.0000	-9999.0000	20.2523	3	0	24.9034	1.0000	04	2	-9999.0000	579	38244	-9999	784	771	-9999	318.3053	5	0.6258	0.6327	-0.0005	49.1935	1.6769	451.0782	333.2815	36.0044	437.5797	94.9426	468.0228	94.6571	474.8869	94.8987	480.1139	94.7889	
11/08/2017	01:15:52	019004	G523026419HLR	L523	S		439.6763	1.0233	10.0000	100.0571	39.9057	0.8230	0.8257	5.0000	20.1223	508.0425	94.8987	12.1508	25.9000	0.9300	0.9337	0.6327	-0.0005	508.0000	507.6813	1.0339	8.9725	100.0124	40.0512	0.8230	0.8234	5.0000	-9999.0000	-9999.0000	-9999.0000	-9999.0000	-9999.0000	-9999.0000	20.7924	4	0	25.1921	1.0000	04	2	-9999.0000	580	38245	-9999	785	772	-9999	318.3764	5	0.6260	0.6327	-0.0005	45.8440	1.9118	454.6167	371.1268	35.9165	440.2668	95.1403	469.8147	94.6790	476.6366	94.9426	480.9727	94.9207	
11/08/2017	01:16:17	019004	G523026393HLR	L523	S		433.2199	1.0233	10.0000	99.9942	40.0044	0.8230	0.8255	5.0000	19.9914	508.0459	95.0305	14.5817	25.9000	0.9300	0.9338	0.6366	-0.0008	508.0000	507.0179	1.0339	8.9153	100.0674	40.1088	0.8230	0.8230	5.0000	-9999.0000	-9999.0000	-9999.0000	-9999.0000	-9999.0000	-9999.0000	21.8823	5	0	24.9232	1.0000	04	2	-9999.0000	581	38246	-9999	786	773	-9999	317.6310	5	0.6261	0.6366	-0.0008	40.3543	2.3042	443.9712	362.0945	35.3234	430.3646	95.3161	459.0991	94.7889	465.5428	94.9207	470.7523	94.8108	
11/08/2017	01:16:42	019004	G523026531HLR	L523	S		436.1565	1.0233	10.0000	99.9673	39.8295	0.8230	0.8252	5.0000	19.9426	508.0504	94.7449	13.5914	25.8000	0.9300	0.9337	0.6346	-0.0006	508.0000	508.5822	1.0339	8.9332	99.9935	39.9986	0.8230	0.8230	5.0000	-9999.0000	-9999.0000	-9999.0000	-9999.0000	-9999.0000	-9999.0000	20.4328	6	0	24.6626	1.0000	04	2	-9999.0000	582	38247	-9999	787	774	-9999	318.0207	5	0.6262	0.6346	-0.0006	48.3768	1.7400	449.9659	355.4284	37.1687	436.7552	95.2721	465.4264	94.7230	470.2276	94.8987	475.1441	94.9207	
11/08/2017	01:17:08	019004	G523026527HLR	L523	S		445.6828	1.0233	10.0000	100.0815	39.7808	0.8230	0.8255	5.0000	19.9719	508.0641	94.7889	8.6914	25.8000	0.9300	0.9336	0.6348	-0.0007	508.0000	509.7767	1.0339	8.7963	100.1455	39.8905	0.8230	0.8229	5.0000	-9999.0000	-9999.0000	-9999.0000	-9999.0000	-9999.0000	-9999.0000	20.8822	7	0	25.9432	1.0000	04	2	-9999.0000	583	38248	-9999	788	775	-9999	319.6665	5	0.6262	0.6348	-0.0007	47.8471	1.7810	467.6136	366.1698	36.8831	454.6438	95.2502	484.0360	94.7010	489.6417	94.8767	494.7407	94.8548	
11/08/2017	01:17:34	019004	G523026524HLR	L523	S		438.4988	1.0233	10.0000	100.0735	39.9667	0.8230	0.8257	5.0000	20.1224	508.0723	95.1403	11.9418	25.9000	0.9300	0.9335	0.6351	-0.0007	508.0000	507.0920	1.0339	8.9217	99.9616	39.9249	0.8230	0.8229	5.0000	-9999.0000	-9999.0000	-9999.0000	-9999.0000	-9999.0000	-9999.0000	22.3726	8	0	26.4630	1.0000	04	2	-9999.0000	584	38249	-9999	789	775	-9999	318.5985	5	0.6263	0.6351	-0.0007	46.0609	1.9242	455.0763	367.7850	38.4428	442.4328	95.0525	469.8300	94.6131	475.4200	94.6131	479.4293	94.6131	
11/08/2017	01:18:00	019004	G523026528HLR	L523	S		448.7470	1.0233	10.0000	100.0181	39.9937	0.8230	0.8254	5.0000	19.9622	508.0737	94.8548	7.6815	25.9000	0.9300	0.9333	0.6344	-0.0006	508.0000	509.1848	1.0339	8.8641	100.1218	40.0860	0.8230	0.8232	5.0000	-9999.0000	-9999.0000	-9999.0000	-9999.0000	-9999.0000	-9999.0000	20.8119	1	0	25.9023	1.0000	04	2	-9999.0000	585	38250	-9999	790	776	-9999	319.9551	5	0.6263	0.6344	-0.0006	46.4872	1.8942	470.8608	385.0029	38.4208	457.9999	94.8987	487.2034	94.6571	492.0038	94.8987	498.0560	94.8767	
11/08/2017	01:18:25	019004	G523026424HLR	L523	S		437.0026	1.0233	10.0000	99.9657	39.8725	0.8230	0.8252	5.0000	19.9122	508.0628	95.0085	12.8608	25.9000	0.9300	0.9337	0.6346	-0.0006	508.0000	505.5885	1.0339	8.7921	100.0929	40.0607	0.8230	0.8230	5.0000	-9999.0000	-9999.0000	-9999.0000	-9999.0000	-9999.0000	-9999.0000	21.0328	2	0	24.6935	1.0000	04	2	-9999.0000	586	38251	-9999	791	777	-9999	318.2851	5	0.6263	0.6346	-0.0006	46.1440	1.9259	455.6424	381.2742	38.7942	443.8063	94.6571	466.5468	94.4154	472.6269	94.7230	477.2091	94.7669	
11/08/2017	01:18:50	019004	G523026499HLR	L523	S		439.2562	1.0233	10.0000	100.0368	39.8011	0.8230	0.8254	5.0000	19.9816	508.0578	94.8108	11.8607	25.8000	0.9300	0.9339	0.6321	-0.0005	508.0000	507.7040	1.0339	8.9745	100.0510	39.9624	0.8230	0.8231	5.0000	-9999.0000	-9999.0000	-9999.0000	-9999.0000	-9999.0000	-9999.0000	20.1916	3	0	25.2831	1.0000	04	2	-9999.0000	587	38252	-9999	792	778	-9999	318.4458	5	0.6264	0.6321	-0.0005	47.8347	1.7977	459.7954	382.9871	37.6959	446.8076	95.5358	473.5700	94.8108	478.4153	94.8767	483.4658	94.8767	
11/08/2017	01:19:15	019004	G523026769HLR	L523	S		435.2217	1.0233	10.0000	99.9327	39.9098	0.8230	0.8254	5.0000	21.3920	508.0716	94.9866	14.7615	25.8000	0.9300	0.9337	0.6331	-0.0005	508.0000	508.1313	1.0339	8.9849	100.0653	39.9343	0.8230	0.8232	5.0000	-9999.0000	-9999.0000	-9999.0000	-9999.0000	-9999.0000	-9999.0000	19.9925	4	0	24.6424	1.0000	04	2	-9999.0000	588	38253	-9999	793	779	-9999	317.7346	5	0.6265	0.6331	-0.0005	47.4077	1.8308	448.9234	368.6643	36.7293	436.1477	95.3380	463.5603	94.7889	468.8374	94.8987	473.0060	94.8767	
11/08/2017	01:19:41	019004	G523026770HLR	L523	S		435.3698	1.0233	10.0000	100.0203	39.9958	0.8230	0.8255	5.0000	19.9624	508.0512	94.7889	14.0622	25.8000	0.9300	0.9338	0.6324	-0.0005	508.0000	507.0966	1.0339	8.9221	100.1084	40.0005	0.8230	0.8233	5.0000	-9999.0000	-9999.0000	-9999.0000	-9999.0000	-9999.0000	-9999.0000	20.1819	5	0	25.9326	1.0000	04	2	-9999.0000	589	38254	-9999	794	780	-9999	317.9560	5	0.6266	0.6324	-0.0005	46.1987	1.9242	453.1518	371.6716	38.1352	440.4631	95.2502	466.0444	94.7449	471.1073	94.9207	475.9732	94.9207	
11/08/2017	01:20:07	019004	G523026484HLR	L523	S		435.7961	1.0233	10.0000	99.9989	39.9464	0.8230	0.8253	5.0000	19.8323	508.0876	94.7669	12.1918	25.8000	0.9300	0.9335	0.6323	-0.0004	508.0000	508.8053	1.0339	8.9076	99.9988	40.0512	0.8230	0.8233	5.0000	-9999.0000	-9999.0000	-9999.0000	-9999.0000	-9999.0000	-9999.0000	20.0929	6	0	26.3827	1.0000	04	2	-9999.0000	590	38255	-9999	795	781	-9999	318.5586	5	0.6269	0.6323	-0.0004	46.4434	1.8788	455.1918	378.6453	38.1352	441.5974	95.4918	472.3395	94.8108	476.9713	94.8767	481.4701	94.8548	
11/08/2017	01:20:34	019004	G523026486HLR	L523	S		435.0608	1.0233	10.0000	99.9573	39.8222	0.8230	0.8252	5.0000	19.9816	508.0288	94.8548	13.4019	25.8000	0.9300	0.9338	0.6319	-0.0004	508.0000	508.9959	1.0339	8.8858	100.0067	39.9931	0.8230	0.8229	5.0000	-9999.0000	-9999.0000	-9999.0000	-9999.0000	-9999.0000	-9999.0000	21.3215	7	0	26.6739	1.0000	04	2	-9999.0000	591	38256	-9999	796	782	-9999	318.3161	5	0.6271	0.6319	-0.0004	46.9592	1.8220	439.5431	368.7831	37.3444	413.3472	95.3820	468.6179	94.7010	473.5607	94.8767	478.9026	94.9207	
11/08/2017	01:21:01	019004	G523026833HLR	L523	S		434.6524	1.0233	10.0000	100.0034	39.8680	0.8230	0.8254	5.0000	20.7826	508.0540	94.8108	12.9019	25.8000	0.9300	0.9337	0.6322	-0.0004	508.0000	508.1054	1.0339	8.9879	100.1676	39.9315	0.8230	0.8230	5.0000	-9999.0000	-9999.0000	-9999.0000	-9999.0000	-9999.0000	-9999.0000	21.1019	8	0	27.2326	1.0000	04	2	-9999.0000	592	38257	-9999	797	783	-9999	318.4436	5	0.6271	0.6322	-0.0004	47.4132	1.7791	455.9942	371.4210	37.2565	443.9598	95.2502	469.9994	94.7449	474.5651	94.9207	479.2817	94.9207	
11/08/2017	01:21:29	019004	G523026493HLR	L523	S		435.8988	1.0233	10.0000	100.0589	39.9906	0.8230	0.8256	5.0000	20.1224	508.0700	94.8108	14.0914	25.8000	0.9300	0.9336	0.6318	-0.0004	508.0000	507.2865	1.0339	8.9385	100.1127	40.0050	0.8230	0.8232	5.0000	-9999.0000	-9999.0000	-9999.0000	-9999.0000	-9999.0000	-9999.0000	20.4818	1	0	27.9231	1.0000	04	2	-9999.0000	593	38258	-9999	798	784	-9999	318.3128	5	0.6271	0.6318	-0.0004	47.5623	1.7653	452.6932	374.6393	38.5746	440.0308	95.2282	466.0051	94.7449	471.2169	94.8548	475.9457	94.8987	
11/08/2017	01:21:58	019004	G523026497HLR	L523	S		433.9657	1.0233	10.0000	100.0427	39.9845	0.8230	0.8254	5.0000	19.9426	508.0458	94.8108	14.7517	25.7000	0.9300	0.9336	0.6309	-0.0003	508.0000	507.5127	1.0339	8.9580	100.0803	40.0537	0.8230	0.8231	5.0000	-9999.0000	-9999.0000	-9999.0000	-9999.0000	-9999.0000	-9999.0000	21.0023	2	0	28.7933	1.0000	04	2	-9999.0000	594	38259	-9999	799	785	-9999	318.2628	5	0.6272	0.6309	-0.0003	48.9841	1.6494	450.5810	375.0129	37.8057	438.8028	95.3380	465.7664	94.7230	470.3356	94.9207	473.9992	94.9207	
11/08/2017	01:22:25	019004	G523026845HLR	L523	S		435.6156	1.0233	10.0000	100.0142	39.8866	0.8230	0.8252	5.0000	20.0324	508.0586	94.7230	13.0806	25.7000	0.9300	0.9335	0.6311	-0.0003	508.0000	508.2132	1.0339	8.9755	100.0631	40.0183	0.8230	0.8231	5.0000	-9999.0000	-9999.0000	-9999.0000	-9999.0000	-9999.0000	-9999.0000	20.3626	3	0	27.0431	1.0000	04	2	-9999.0000	595	38260	-9999	800	786	-9999	318.4393	5	0.6271	0.6311	-0.0003	48.7566	1.6950	455.7913	370.1055	37.2126	443.1662	95.4039	469.1407	94.7669	474.0872	94.8548	479.0363	94.8987	
11/08/2017	01:22:54	019004	G523026837HLR	L523	S		431.9095	1.0233	10.0000	100.0633	39.8568	0.8230	0.8254	5.0000	20.0716	508.0855	95.0525	15.5721	25.8000	0.9300	0.9338	0.6303	-0.0003	508.0000	507.9396	1.0339	8.9948	100.0617	39.9520	0.8230	0.8232	5.0000	-9999.0000	-9999.0000	-9999.0000	-9999.0000	-9999.0000	-9999.0000	20.1721	4	0	28.7738	1.0000	04	2	-9999.0000	596	38261	-9999	801	787	-9999	318.0387	5	0.6269	0.6303	-0.0003	48.0021	1.7623	444.8275	368.8625	36.1142	429.8994	95.6236	463.2060	94.8328	466.4720	94.9207	470.9752	94.8767	
11/08/2017	01:23:20	019004	G523026834HLR	L523	S		430.2302	1.0233	10.0000	99.9922	39.9292	0.8230	0.8254	5.0000	21.2426	508.0756	94.8987	16.0721	25.8000	0.9300	0.9339	0.6302	-0.0003	508.0000	508.4333	1.0339	8.9503	100.0866	39.9552	0.8230	0.8231	5.0000	-9999.0000	-9999.0000	-9999.0000	-9999.0000	-9999.0000	-9999.0000	21.1616	5	0	26.0822	1.0000	04	2	-9999.0000	597	38262	-9999	802	788	-9999	318.0895	5	0.6269	0.6302	-0.0003	48.0560	1.7412	445.5857	372.0562	36.8831	432.3101	95.3600	462.0333	94.7669	466.7294	94.8987	470.2290	94.9207	
11/08/2017	01:23:46	019004	G523026491HLR	L523	S		436.9702	1.0233	10.0000	100.0825	39.9829	0.8230	0.8254	5.0000	19.9122	508.0421	94.7669	13.0112	25.8000	0.9300	0.9336	0.6298	-0.0002	508.0000	507.9122	1.0339	8.9924	99.9794	40.0512	0.8230	0.8230	5.0000	-9999.0000	-9999.0000	-9999.0000	-9999.0000	-9999.0000	-9999.0000	21.2025	6	0	26.6738	1.0000	04	2	-9999.0000	598	38263	-9999	803	789	-9999	318.4885	5	0.6269	0.6298	-0.0002	48.2783	1.7268	456.1429	380.5416	37.6959	443.4840	95.5797	470.4075	94.8108	475.4517	94.8108	480.0381	94.8328	
11/08/2017	01:24:14	019004	G523026488HLR	L523	S		434.7607	1.0233	10.0000	99.9527	39.8969	0.8230	0.8252	5.0000	19.9731	508.0362	94.8328	13.0816	25.8000	0.9300	0.9338	0.6298	-0.0002	508.0000	508.6645	1.0339	8.9238	100.1194	40.0242	0.8230	0.8231	5.0000	-9999.0000	-9999.0000	-9999.0000	-9999.0000	-9999.0000	-9999.0000	20.3918	7	0	27.3323	1.0000	04	2	-9999.0000	599	38264	-9999	804	790	-9999	318.4708	5	0.6269	0.6298	-0.0002	48.6747	1.7184	453.7397	374.1756	37.6739	439.6173	95.4259	470.0506	94.7669	475.8355	94.8767	479.9694	94.8767	
11/08/2017	01:24:40	019004	G523026842HLR	L523	S		435.2511	1.0233	10.0000	100.0564	39.8856	0.8230	0.8254	5.0000	20.0421	508.0350	94.7669	12.5815	25.8000	0.9300	0.9338	0.6299	-0.0002	508.0000	508.4101	1.0339	8.9530	100.1402	39.9487	0.8230	0.8230	5.0000	-9999.0000	-9999.0000	-9999.0000	-9999.0000	-9999.0000	-9999.0000	20.9418	8	0	26.4238	1.0000	04	2	-9999.0000	599	38265	-9999	805	791	-9999	318.5220	5	0.6269	0.6299	-0.0002	48.3619	1.7478	454.7636	377.8309	37.6080	441.3276	95.1403	470.6652	94.7449	476.7224	94.9207	481.7251	94.9207	
11/08/2017	01:25:06	019004	G523026846HLR	L523	S		432.1317	1.0233	10.0000	99.9920	39.9665	0.8230	0.8255	5.0000	19.8420	508.0673	94.9207	14.1510	25.8000	0.9300	0.9337	0.6300	-0.0002	508.0000	509.0681	1.0339	8.8775	100.0507	39.9935	0.8230	0.8232	5.0000	-9999.0000	-9999.0000	-9999.0000	-9999.0000	-9999.0000	-9999.0000	20.1917	1	0	25.8125	1.0000	04	2	-9999.0000	600	38266	-9999	806	792	-9999	318.3789	5	0.6269	0.6300	-0.0002	47.4957	1.8236	450.5636	360.7891	37.3664	437.1341	95.1843	465.7598	94.7669	471.7643	94.9207	475.2129	94.8767	
11/08/2017	01:25:30	019004	G523026851HLR	L523	S		433.1148	1.0233	10.0000	99.9357	39.9632	0.8230	0.8254	5.0000	20.0618	508.0438	94.8328	14.9509	25.8000	0.9300	0.9338	0.6307	-0.0003	508.0000	508.3848	1.0339	8.9559	100.1100	40.0308	0.8230	0.8230	5.0000	-9999.0000	-9999.0000	-9999.0000	-9999.0000	-9999.0000	-9999.0000	21.0716	2	0	24.6328	1.0000	04	2	-9999.0000	601	38267	-9999	807	793	-9999	318.2157	5	0.6269	0.6307	-0.0003	46.4499	1.8949	448.2250	365.6864	35.6529	433.7842	95.2282	464.0082	94.7669	469.3694	94.9426	474.1017	94.9207	
11/08/2017	01:25:55	019004	G523026841HLR	L523	S		431.9062	1.0233	10.0000	100.0513	39.8471	0.8230	0.8253	5.0000	20.0519	508.0596	94.8548	15.4715	25.8000	0.9300	0.9336	0.6303	-0.0003	508.0000	508.6277	1.0339	8.9280	100.0965	40.0007	0.8230	0.8231	5.0000	-9999.0000	-9999.0000	-9999.0000	-9999.0000	-9999.0000	-9999.0000	20.5629	3	0	25.0029	1.0000	04	2	-9999.0000	602	38268	-9999	808	794	-9999	318.1121	5	0.6268	0.6303	-0.0003	47.3388	1.8496	449.8527	376.8145	37.7178	437.9754	95.5577	462.2315	94.7889	468.0502	94.8328	471.7513	94.8767	
11/08/2017	01:26:20	019004	G523026489HLR	L523	S		434.6501	1.0233	10.0000	99.9792	39.8983	0.8230	0.8255	5.0000	20.0217	508.0641	94.7889	14.7116	25.8000	0.9300	0.9336	0.6294	-0.0002	508.0000	509.3212	1.0339	8.8485	100.0647	39.9487	0.8230	0.8233	5.0000	-9999.0000	-9999.0000	-9999.0000	-9999.0000	-9999.0000	-9999.0000	19.7715	4	0	24.6931	1.0000	04	2	-9999.0000	603	38269	-9999	809	795	-9999	318.2417	5	0.6266	0.6294	-0.0002	54.1569	1.3703	451.1093	377.5160	37.0588	438.1760	95.3600	467.4275	94.7889	471.2118	94.8548	475.1841	94.8767	
11/08/2017	01:26:45	019004	G523026368HLR	L523	S		436.9801	1.0233	10.0000	100.0047	39.9882	0.8230	0.8255	5.0000	20.0315	508.0501	94.8328	13.8922	25.8000	0.9300	0.9337	0.6292	-0.0002	508.0000	508.8511	1.0339	8.9024	100.1124	40.0443	0.8230	0.8232	5.0000	-9999.0000	-9999.0000	-9999.0000	-9999.0000	-9999.0000	-9999.0000	20.4622	5	0	24.9521	1.0000	04	3	-9999.0000	604	38270	-9999	810	796	-9999	318.2608	5	0.6264	0.6292	-0.0002	55.3528	1.3132	456.0674	370.7824	37.6959	443.8660	95.4039	469.5461	94.7669	473.4477	94.8548	477.6413	94.8767	
11/08/2017	01:27:10	019004	G523026345HLR	L523	S		439.5533	1.0233	10.0000	100.0723	39.9284	0.8230	0.8252	5.0000	20.0822	508.0442	94.6790	11.9906	25.8000	0.9300	0.9335	0.6285	-0.0002	508.0000	508.4205	1.0339	8.9518	100.1252	40.0512	0.8230	0.8232	5.0000	-9999.0000	-9999.0000	-9999.0000	-9999.0000	-9999.0000	-9999.0000	20.2923	6	0	24.6834	1.0000	04	3	-9999.0000	605	38271	-9999	811	797	-9999	318.3744	5	0.6263	0.6285	-0.0002	59.6488	1.0177	460.9188	377.0851	38.2890	448.8336	95.2502	473.7576	94.7230	480.5864	94.8767	484.9270	94.8987	
11/08/2017	01:27:35	019004	G523026356HLR	L523	S		438.3863	1.0233	10.0000	100.0605	39.8578	0.8230	0.8253	5.0000	20.0520	508.0648	94.8328	10.9417	25.8000	0.9300	0.9338	0.6287	-0.0002	508.0000	507.7490	1.0339	8.9784	100.1173	40.0064	0.8230	0.8231	5.0000	-9999.0000	-9999.0000	-9999.0000	-9999.0000	-9999.0000	-9999.0000	20.3518	7	0	24.9227	1.0000	04	3	-9999.0000	606	38272	-9999	812	798	-9999	318.5132	5	0.6263	0.6287	-0.0002	57.5920	1.2009	464.3750	378.0059	38.1792	452.6052	95.1843	477.2618	94.7010	483.5889	94.8987	487.9265	94.8548	
11/08/2017	01:27:59	019004	G523026366HLR	L523	S		437.5164	1.0233	10.0000	100.1020	39.8973	0.8230	0.8255	5.0000	20.0314	508.0431	94.8767	12.3510	25.8000	0.9300	0.9337	0.6292	-0.0002	508.0000	508.6322	1.0339	8.9275	100.0636	39.9487	0.8230	0.8231	5.0000	-9999.0000	-9999.0000	-9999.0000	-9999.0000	-9999.0000	-9999.0000	20.2424	8	0	24.6727	1.0000	04	3	-9999.0000	607	38273	-9999	813	799	-9999	318.3389	5	0.6262	0.6292	-0.0002	58.2399	1.1617	459.9076	370.4731	37.3224	447.9217	95.0964	472.2599	94.7010	478.1817	94.8987	482.3482	94.7449	
11/08/2017	01:28:24	019004	G523026362HLR	L523	S		440.7081	1.0233	10.0000	99.9505	39.9839	0.8230	0.8255	5.0000	20.1518	508.0517	94.9207	10.4211	25.8000	0.9300	0.9336	0.6298	-0.0003	508.0000	507.2665	1.0339	8.9368	100.1151	40.0302	0.8230	0.8231	5.0000	-9999.0000	-9999.0000	-9999.0000	-9999.0000	-9999.0000	-9999.0000	20.7729	1	0	24.9130	1.0000	04	3	-9999.0000	608	38274	-9999	814	799	-9999	318.6278	5	0.6261	0.6298	-0.0003	54.7293	1.3790	464.3772	377.2144	38.6185	452.1911	94.9866	478.0194	94.6571	484.3776	94.9426	488.5606	94.9646	
11/08/2017	01:28:50	019004	G523026358HLR	L523	S		442.4986	1.0233	10.0000	100.0101	39.9761	0.8230	0.8253	5.0000	19.9721	508.0507	95.0085	10.9612	25.8000	0.9300	0.9337	0.6295	-0.0002	508.0000	506.1401	1.0339	8.8397	100.0243	40.0512	0.8230	0.8233	5.0000	-9999.0000	-9999.0000	-9999.0000	-9999.0000	-9999.0000	-9999.0000	19.9319	2	0	25.7930	1.0000	04	3	-9999.0000	609	38275	-9999	815	800	-9999	318.5361	5	0.6262	0.6295	-0.0002	50.8312	1.6403	463.2127	378.9276	36.0923	450.1337	95.2721	477.1150	94.7010	481.9401	94.7889	486.3315	94.6351	
11/08/2017	01:29:15	019004	G523026359HLR	L523	S		439.9067	1.0233	10.0000	100.0962	39.8881	0.8230	0.8252	5.0000	19.9318	508.0588	94.8328	11.9213	25.8000	0.9300	0.9336	0.6300	-0.0003	508.0000	507.7528	1.0339	8.9787	100.1399	40.0388	0.8230	0.8231	5.0000	-9999.0000	-9999.0000	-9999.0000	-9999.0000	-9999.0000	-9999.0000	20.3724	3	0	24.9229	1.0000	04	3	-9999.0000	610	38276	-9999	816	801	-9999	318.4645	5	0.6262	0.6300	-0.0003	50.9210	1.6290	455.6935	363.9224	36.8391	441.5430	95.0744	472.4272	94.7449	478.3600	94.8987	482.7430	94.7669	
11/08/2017	01:29:40	019004	G523026361HLR	L523	S		438.9313	1.0233	10.0000	100.1312	39.8877	0.8230	0.8254	5.0000	19.9026	508.0698	94.8767	11.1018	25.8000	0.9300	0.9336	0.6296	-0.0003	508.0000	508.4143	1.0339	8.9525	100.1372	39.9845	0.8230	0.8231	5.0000	-9999.0000	-9999.0000	-9999.0000	-9999.0000	-9999.0000	-9999.0000	20.4123	4	0	24.9423	1.0000	04	3	-9999.0000	611	38277	-9999	817	802	-9999	318.4881	5	0.6261	0.6296	-0.0003	50.8697	1.6442	457.6801	369.6636	35.3454	442.4243	95.3600	476.0068	94.7669	482.3709	94.9207	486.6995	94.8328	
11/08/2017	01:30:05	019004	G523026351HLR	L523	S		437.7954	1.0233	10.0000	99.9845	39.9698	0.8230	0.8255	5.0000	20.1321	508.0372	94.8987	12.8511	25.8000	0.9300	0.9338	0.6312	-0.0004	508.0000	507.9411	1.0339	8.9949	100.0971	39.9487	0.8230	0.8231	5.0000	-9999.0000	-9999.0000	-9999.0000	-9999.0000	-9999.0000	-9999.0000	20.5131	5	0	25.2832	1.0000	04	3	-9999.0000	612	38278	-9999	818	803	-9999	318.2780	5	0.6262	0.6312	-0.0004	48.6988	1.8045	452.7719	370.8306	35.2575	439.9289	95.3600	469.6667	94.7889	474.2637	94.8987	479.1699	94.8108	
11/08/2017	01:32:56	019004	G523026416HLR	L523	S		0.0000	0.0000	0.0000	0.0000	0.0000	0.8230	0.0000	0.0000	0.0000	0.0000	0.0000	0.0000	0.0000	0.9300	0.0000	0.0000	0.0000	0.0000	0.0000	0.0000	0.0000	0.0000	0.0000	0.8230	0.0000	0.0000	0.0000	0.0000	0.0000	0.0000	0.0000	0.0000	0.0000	0	42	25.2832	1.0000	04	3	0.0000	0	0	0	0	0	0	0.0000	0	0.0000	0.0000	0.0000	0.0000	0.0000	0.0000	0.0000	0.0000	0.0000	0.0000	0.0000	0.0000	0.0000	0.0000	0.0000	0.0000	
11/08/2017	01:33:14	019004	G523026349HLR	L523	S		434.1991	1.0233	10.0000	100.0485	39.9792	0.8230	0.8254	5.0000	20.0022	508.0691	94.9207	14.0719	25.8000	0.9300	0.9337	0.6324	-0.0005	508.0000	509.5658	1.0339	8.8204	100.0639	40.0363	0.8230	0.8230	5.0000	-9999.0000	-9999.0000	-9999.0000	-9999.0000	-9999.0000	-9999.0000	21.7719	6	0	188.7918	1.0000	04	3	-9999.0000	613	38279	-9999	819	804	-9999	318.1047	5	0.6264	0.6324	-0.0005	47.7577	1.8659	449.7592	378.9800	36.1582	436.3039	95.3380	466.0563	94.7889	471.2968	94.9866	475.8182	94.9207	
11/08/2017	01:33:39	019004	G523026360HLR	L523	S		430.3698	1.0233	10.0000	100.1587	39.8995	0.8230	0.8253	5.0000	20.0520	508.0613	95.0085	10.2307	25.8000	0.9300	0.9335	0.6330	-0.0005	508.0000	509.8401	1.0339	8.7890	100.0499	40.0512	0.8230	0.8230	5.0000	-9999.0000	-9999.0000	-9999.0000	-9999.0000	-9999.0000	-9999.0000	21.5922	7	0	24.9120	1.0000	04	3	-9999.0000	614	38280	-9999	820	805	-9999	319.0461	5	0.6264	0.6330	-0.0005	45.8126	2.0025	460.0357	364.8226	37.6519	445.5460	95.5138	477.7059	94.7669	483.8997	94.8548	488.7784	94.8767	
11/08/2017	01:34:03	019004	G523026371HLR	L523	S		436.7455	1.0233	10.0000	99.9851	39.9014	0.8230	0.8254	5.0000	19.9124	508.0330	94.9426	13.3013	25.8000	0.9300	0.9337	0.6332	-0.0005	508.0000	508.2711	1.0339	8.9689	100.0095	39.7483	0.8230	0.8227	5.0000	-9999.0000	-9999.0000	-9999.0000	-9999.0000	-9999.0000	-9999.0000	20.8724	8	0	24.6034	1.0000	04	3	-9999.0000	615	38281	-9999	821	806	-9999	318.1374	5	0.6265	0.6332	-0.0005	45.2992	2.0442	454.7498	368.1397	38.3110	443.3906	95.3820	466.6158	94.7669	472.0931	94.8108	477.3909	94.6131	
11/08/2017	01:34:28	019004	G523026372HLR	L523	S		437.0376	1.0233	10.0000	100.0022	39.9501	0.8230	0.8254	5.0000	20.0227	508.0528	94.8328	12.0111	25.7000	0.9300	0.9337	0.6331	-0.0005	508.0000	508.5044	1.0339	8.9422	100.0105	39.6572	0.8230	0.8235	5.0000	-9999.0000	-9999.0000	-9999.0000	-9999.0000	-9999.0000	-9999.0000	19.8322	1	0	24.8428	1.0000	04	3	-9999.0000	616	38282	-9999	822	807	-9999	318.4702	5	0.6264	0.6331	-0.0005	45.2091	2.0485	456.7979	378.3754	37.3664	443.5870	95.2502	473.8631	94.7889	477.6172	94.9207	482.3196	94.8987	
11/08/2017	01:34:53	019004	G523026350HLR	L523	S		440.1536	1.0233	10.0000	100.0945	39.9802	0.8230	0.8254	5.0000	20.0119	508.0327	94.8328	12.3520	25.8000	0.9300	0.9337	0.6336	-0.0006	508.0000	506.7552	1.0339	8.8927	100.1293	40.1538	0.8230	0.8241	5.0000	-9999.0000	-9999.0000	-9999.0000	-9999.0000	-9999.0000	-9999.0000	20.8422	2	0	24.6726	1.0000	04	3	-9999.0000	617	38283	-9999	823	808	-9999	318.3383	5	0.6263	0.6336	-0.0006	44.8039	2.0769	459.7406	370.3006	38.4208	448.1652	95.3380	472.0544	94.8108	476.8648	94.8987	480.4092	94.8108	
11/08/2017	01:35:18	019004	G523026370HLR	L523	S		439.6921	1.0233	10.0000	100.1058	39.9206	0.8230	0.8253	5.0000	20.1614	508.0546	94.8108	11.9809	26.0000	0.9300	0.9340	0.6323	-0.0005	508.0000	506.2256	1.0339	8.8470	100.0550	40.3495	0.8230	0.8235	5.0000	-9999.0000	-9999.0000	-9999.0000	-9999.0000	-9999.0000	-9999.0000	20.3930	3	0	24.8524	1.0000	04	3	-9999.0000	618	38284	-9999	823	809	-9999	318.3792	5	0.6263	0.6323	-0.0005	44.3724	2.0969	459.4046	353.3001	37.4762	448.5738	95.2282	471.1875	94.8987	477.5281	95.0085	481.8344	94.9207	
11/08/2017	01:35:43	019004	G523026429HLR	L523	S		437.6703	1.0233	10.0000	100.0184	39.6211	0.8230	0.8252	5.0000	20.0121	508.0787	94.8548	12.4106	25.8000	0.9300	0.9338	0.6321	-0.0005	508.0000	507.5120	1.0339	8.9579	100.0407	40.1010	0.8230	0.8228	5.0000	-9999.0000	-9999.0000	-9999.0000	-9999.0000	-9999.0000	-9999.0000	20.5631	4	0	25.1838	1.0000	04	3	-9999.0000	619	38285	-9999	824	810	-9999	318.2993	5	0.6263	0.6321	-0.0005	45.9950	1.9549	457.6297	376.5683	39.8926	444.8627	95.3161	470.2558	94.7889	475.2168	94.8548	480.1231	94.8328	
11/08/2017	01:36:08	019004	G523026387HLR	L523	S		440.9043	1.0233	10.0000	100.0132	39.6987	0.8230	0.8258	5.0000	20.1320	508.0460	94.8328	11.4710	25.8000	0.9300	0.9337	0.6328	-0.0005	508.0000	507.9711	1.0339	8.9975	100.1151	39.7919	0.8230	0.8225	5.0000	-9999.0000	-9999.0000	-9999.0000	-9999.0000	-9999.0000	-9999.0000	21.8423	5	0	24.8426	1.0000	04	3	-9999.0000	620	38286	-9999	825	811	-9999	318.4919	5	0.6263	0.6328	-0.0005	46.2182	1.9455	460.3711	375.6775	37.5860	448.9110	95.3161	473.5976	94.8108	479.5850	94.9207	483.8651	94.8767	
11/08/2017	01:36:33	019004	G523026425HLR	L523	S		449.7609	1.0233	10.0000	100.0096	40.1098	0.8230	0.8260	5.0000	19.9719	508.0481	94.7449	7.8710	25.8000	0.9300	0.9336	0.6348	-0.0007	508.0000	508.4917	1.0339	8.9436	100.0545	39.8461	0.8230	0.8233	5.0000	-9999.0000	-9999.0000	-9999.0000	-9999.0000	-9999.0000	-9999.0000	20.2622	6	0	24.6727	1.0000	04	3	-9999.0000	621	38287	-9999	826	812	-9999	319.8405	5	0.6265	0.6348	-0.0007	46.5366	1.8971	473.2682	379.7385	37.4982	461.3505	95.2502	487.6867	94.7449	491.3720	94.8987	496.9201	94.8108	
11/08/2017	01:36:57	019004	G523026433HLR	L523	S		446.5201	1.0233	10.0000	100.0558	40.1022	0.8230	0.8253	5.0000	19.9729	508.0531	94.9866	9.5206	25.8000	0.9300	0.9333	0.6353	-0.0007	508.0000	509.2832	1.0339	8.8528	100.1570	40.1538	0.8230	0.8236	5.0000	-9999.0000	-9999.0000	-9999.0000	-9999.0000	-9999.0000	-9999.0000	20.5824	7	0	24.8327	1.0000	04	3	-9999.0000	622	38288	-9999	827	813	-9999	319.3864	5	0.6268	0.6353	-0.0007	46.2020	1.9053	464.7913	374.0406	39.4093	453.1030	94.6351	478.2353	94.5912	484.9084	94.7889	489.6949	94.7230	
11/08/2017	01:37:22	019004	G523026428HLR	L523	S		440.9996	1.0233	10.0000	100.1469	39.8357	0.8230	0.8250	5.0000	19.9525	508.0777	94.9646	11.1312	25.8000	0.9300	0.9337	0.6348	-0.0007	508.0000	506.8767	1.0339	8.9032	100.0653	40.1538	0.8230	0.8232	5.0000	-9999.0000	-9999.0000	-9999.0000	-9999.0000	-9999.0000	-9999.0000	20.2337	8	0	24.6727	1.0000	04	3	-9999.0000	623	38289	-9999	828	814	-9999	318.8243	5	0.6269	0.6348	-0.0007	45.0619	2.0058	459.5455	371.8767	38.4647	446.5327	95.1623	474.7301	94.7449	479.9492	94.8548	483.6864	94.7669	
11/08/2017	01:37:47	019004	G523026430HLR	L523	S		438.3328	1.0233	10.0000	100.0293	39.6805	0.8230	0.8252	5.0000	20.7620	508.0603	94.8548	11.0911	25.8000	0.9300	0.9337	0.6347	-0.0006	508.0000	508.4636	1.0339	8.9468	100.0438	39.9761	0.8230	0.8228	5.0000	-9999.0000	-9999.0000	-9999.0000	-9999.0000	-9999.0000	-9999.0000	20.7728	1	0	24.8730	1.0000	04	3	-9999.0000	624	38290	-9999	829	815	-9999	318.8344	5	0.6270	0.6347	-0.0006	44.6076	2.0392	459.8046	367.2040	37.3444	447.1417	95.5358	473.9840	94.8987	479.6375	94.8548	485.0901	94.7230	
11/08/2017	01:38:14	019004	G523026391HLR	L523	S		439.0048	1.0233	10.0000	99.9853	39.9135	0.8230	0.8257	5.0000	19.8328	508.0624	94.9207	12.6216	25.8000	0.9300	0.9337	0.6336	-0.0006	508.0000	508.4002	1.0339	8.9541	100.0640	39.8461	0.8230	0.8229	5.0000	-9999.0000	-9999.0000	-9999.0000	-9999.0000	-9999.0000	-9999.0000	20.9526	2	0	27.3235	1.0000	04	3	-9999.0000	625	38291	-9999	830	816	-9999	318.3614	5	0.6271	0.6336	-0.0006	39.8622	2.4116	457.5191	375.8615	37.6300	446.5799	95.4698	469.2184	94.9426	474.1952	94.8767	479.3647	94.7889	
11/08/2017	01:38:39	019004	G523026407HLR	L523	S		441.3727	1.0233	10.0000	100.0193	40.0207	0.8230	0.8253	5.0000	21.2426	508.0578	94.7669	11.4115	25.7000	0.9300	0.9335	0.6325	-0.0005	508.0000	507.4887	1.0339	8.9559	100.1854	39.9487	0.8230	0.8233	5.0000	-9999.0000	-9999.0000	-9999.0000	-9999.0000	-9999.0000	-9999.0000	20.4525	3	0	24.9920	1.0000	04	3	-9999.0000	626	38292	-9999	831	817	-9999	318.6935	5	0.6272	0.6325	-0.0005	40.1218	2.3789	461.9724	370.8095	39.6290	450.7875	95.3161	474.1183	94.8108	479.2811	94.9207	484.2963	94.9207	
11/08/2017	01:39:06	019004	G523026408HLR	L523	S		447.6466	1.0233	10.0000	99.9973	39.8566	0.8230	0.8250	5.0000	20.8627	508.0789	94.8328	9.3311	25.7000	0.9300	0.9335	0.6326	-0.0005	508.0000	507.5811	1.0339	8.9639	100.0586	40.1538	0.8230	0.8234	5.0000	-9999.0000	-9999.0000	-9999.0000	-9999.0000	-9999.0000	-9999.0000	20.1624	4	0	26.4737	1.0000	04	3	-9999.0000	627	38293	-9999	832	818	-9999	319.2543	5	0.6272	0.6326	-0.0005	39.7409	2.3609	469.7114	375.9211	37.8057	458.3728	95.2941	481.2977	94.8108	487.5738	94.8767	492.5303	94.8328	
11/08/2017	01:39:35	019004	G523026410HLR	L523	S		449.0488	1.0233	10.0000	99.9814	39.7769	0.8230	0.8253	5.0000	19.9622	508.0413	94.7669	8.6016	25.8000	0.9300	0.9333	0.6320	-0.0004	508.0000	507.3651	1.0339	8.9453	100.0680	40.0306	0.8230	0.8228	5.0000	-9999.0000	-9999.0000	-9999.0000	-9999.0000	-9999.0000	-9999.0000	21.3618	5	0	29.0629	1.0000	04	3	-9999.0000	628	38294	-9999	832	819	-9999	319.2404	5	0.6271	0.6320	-0.0004	39.7300	2.4068	472.1784	384.3183	38.8382	460.7197	94.9646	486.0202	94.6790	490.3981	94.6790	494.4455	94.7010	
11/08/2017	01:40:02	019004	G523026421HLR	L523	S		439.1256	1.0233	10.0000	100.0139	39.9198	0.8230	0.8256	5.0000	20.0423	508.0563	95.0964	11.4915	25.8000	0.9300	0.9336	0.6322	-0.0004	508.0000	507.3048	1.0339	8.9401	100.0673	39.9386	0.8230	0.8231	5.0000	-9999.0000	-9999.0000	-9999.0000	-9999.0000	-9999.0000	-9999.0000	20.0924	6	0	26.9935	1.0000	04	3	-9999.0000	629	38295	-9999	833	820	-9999	318.6095	5	0.6270	0.6322	-0.0004	39.8952	2.3875	461.8879	367.9641	37.3883	450.9236	94.8328	472.6710	94.5692	478.1595	94.8328	483.1850	94.7889	
11/08/2017	01:40:28	019004	G523026401HLR	L523	S		440.7730	1.0233	10.0000	99.9070	40.0130	0.8230	0.8254	5.0000	20.1721	508.0800	94.8108	11.5814	25.7000	0.9300	0.9336	0.6325	-0.0005	508.0000	508.8210	1.0339	8.9059	100.0518	39.9810	0.8230	0.8231	5.0000	-9999.0000	-9999.0000	-9999.0000	-9999.0000	-9999.0000	-9999.0000	20.7025	7	0	26.2724	1.0000	04	3	-9999.0000	630	38296	-9999	834	821	-9999	318.6778	5	0.6271	0.6325	-0.0005	39.9392	2.3487	464.4924	392.3230	41.0349	454.3271	95.0305	475.0048	94.8548	480.3057	94.9646	484.2683	94.8987	
11/08/2017	01:40:53	019004	G523026422HLR	L523	S		440.8158	1.0233	10.0000	99.9862	39.9157	0.8230	0.8252	5.0000	20.0617	508.0598	94.8548	11.1712	25.7000	0.9300	0.9337	0.6332	-0.0005	508.0000	508.1611	1.0339	8.9815	100.0727	40.0402	0.8230	0.8232	5.0000	-9999.0000	-9999.0000	-9999.0000	-9999.0000	-9999.0000	-9999.0000	20.2628	8	0	24.6629	1.0000	04	3	-9999.0000	631	38297	-9999	834	822	-9999	318.7994	5	0.6273	0.6332	-0.0005	37.8560	2.5497	465.1500	362.3061	39.1457	454.8989	95.4918	475.7090	94.9426	481.0360	94.8987	484.9395	94.8108	
11/08/2017	01:41:20	019004	G523026403HLR	L523	S		433.7270	1.0233	10.0000	100.0085	39.7943	0.8230	0.8252	5.0000	19.9817	508.0457	94.9646	12.6010	25.8000	0.9300	0.9336	0.6325	-0.0004	508.0000	509.9133	1.0339	8.7806	100.0559	40.0257	0.8230	0.8232	5.0000	-9999.0000	-9999.0000	-9999.0000	-9999.0000	-9999.0000	-9999.0000	19.8313	1	0	27.5129	1.0000	04	3	-9999.0000	632	38298	-9999	835	822	-9999	318.5291	5	0.6276	0.6325	-0.0004	37.9595	2.5141	457.2088	370.2632	39.4313	445.1953	95.2502	469.5249	94.8767	475.7533	94.8987	481.0393	94.7669	
11/08/2017	01:41:47	019004	G523026402HLR	L523	S		441.4822	1.0233	10.0000	99.9875	39.9270	0.8230	0.8256	5.0000	20.0423	508.0343	94.8328	11.9115	25.8000	0.9300	0.9337	0.6330	-0.0005	508.0000	507.1207	1.0339	8.9242	100.0980	39.9487	0.8230	0.8232	5.0000	-9999.0000	-9999.0000	-9999.0000	-9999.0000	-9999.0000	-9999.0000	20.2230	2	0	27.1048	1.0000	04	3	-9999.0000	633	38299	-9999	836	823	-9999	318.7404	5	0.6277	0.6330	-0.0005	37.8700	2.5379	460.3882	356.1812	39.5411	448.8976	95.0305	472.8663	94.7889	478.4518	94.9866	482.2939	94.9646	
11/08/2017	01:42:15	019004	G523026526HLR	L523	S		438.6840	1.0233	10.0000	100.0256	40.0461	0.8230	0.8254	5.0000	20.0130	508.0749	94.8548	12.5122	25.8000	0.9300	0.9338	0.6325	-0.0004	508.0000	507.6613	1.0339	8.9708	100.0281	40.0512	0.8230	0.8234	5.0000	-9999.0000	-9999.0000	-9999.0000	-9999.0000	-9999.0000	-9999.0000	19.7716	3	0	27.2921	1.0000	04	3	-9999.0000	634	38300	-9999	837	824	-9999	318.6575	5	0.6278	0.6325	-0.0004	37.6395	2.5626	457.0266	372.8546	39.1677	443.9171	95.4479	470.7382	94.8987	476.0537	94.9207	480.2849	94.8328	
11/08/2017	01:42:42	019004	G523026532HLR	L523	S		438.2350	1.0233	10.0000	100.1180	39.8869	0.8230	0.8251	5.0000	20.0629	508.0560	94.8108	12.2914	25.8000	0.9300	0.9337	0.6322	-0.0004	508.0000	506.7639	1.0339	8.8934	100.0987	40.0265	0.8230	0.8230	5.0000	-9999.0000	-9999.0000	-9999.0000	-9999.0000	-9999.0000	-9999.0000	21.1225	4	0	27.6426	1.0000	04	3	-9999.0000	635	38301	-9999	838	825	-9999	318.7376	5	0.6278	0.6322	-0.0004	38.4221	2.4776	460.3718	358.8633	39.6070	448.9917	95.0085	471.6541	94.8108	477.2756	94.9866	481.5032	94.9426	
11/08/2017	01:43:09	019004	G523026529HLR	L523	S		435.3841	1.0233	10.0000	100.1120	39.8087	0.8230	0.8254	5.0000	20.0120	508.0528	95.0525	14.5720	25.7000	0.9300	0.9337	0.6336	-0.0005	508.0000	508.8129	1.0339	8.9068	100.0392	39.9737	0.8230	0.8231	5.0000	-9999.0000	-9999.0000	-9999.0000	-9999.0000	-9999.0000	-9999.0000	20.4026	5	0	26.4835	1.0000	04	3	-9999.0000	636	38302	-9999	839	826	-9999	317.8933	5	0.6276	0.6336	-0.0005	36.8946	2.6435	453.9666	369.9413	38.7503	443.6772	95.4259	463.2351	94.9207	469.0065	94.9426	473.7798	94.8328	
11/08/2017	01:43:36	019004	G523026521HLR	L523	S		437.2798	1.0233	10.0000	100.0924	39.9444	0.8230	0.8256	5.0000	20.0530	508.0515	94.7889	12.5307	25.7000	0.9300	0.9336	0.6337	-0.0006	508.0000	508.2286	1.0339	8.9738	100.0878	39.9847	0.8230	0.8232	5.0000	-9999.0000	-9999.0000	-9999.0000	-9999.0000	-9999.0000	-9999.0000	20.2327	6	0	26.9024	1.0000	04	3	-9999.0000	637	38303	-9999	840	827	-9999	318.4524	5	0.6276	0.6337	-0.0006	37.4166	2.5831	458.7790	376.4660	39.6290	448.1981	95.4698	469.8830	94.9426	474.7003	94.9646	479.5704	94.9207	
11/08/2017	01:44:02	019004	G523026514HLR	L523	S		443.8876	1.0233	10.0000	100.0603	40.0494	0.8230	0.8254	5.0000	20.0120	508.0614	94.8548	8.8008	25.8000	0.9300	0.9334	0.6334	-0.0005	508.0000	462.7800	1.0339	5.1017	100.0647	40.0230	0.8230	0.8233	5.0000	-9999.0000	-9999.0000	-9999.0000	-9999.0000	-9999.0000	-9999.0000	20.0325	7	1	26.0127	1.0000	04	3	-9999.0000	638	38304	-9999	841	827	-9999	319.5060	5	0.6276	0.6334	-0.0005	38.2528	2.4955	469.2249	354.1728	39.1237	457.8543	95.4259	481.9127	94.8328	487.9841	94.9207	493.5228	94.8767	
11/08/2017	01:44:28	019004	G523026505HLR	L523	S		436.9515	1.0233	10.0000	100.0126	39.8959	0.8230	0.8252	5.0000	19.9728	508.0476	95.0525	13.3414	25.8000	0.9300	0.9337	0.6325	-0.0004	508.0000	506.5200	1.0339	8.8724	99.9747	40.0379	0.8230	0.8231	5.0000	-9999.0000	-9999.0000	-9999.0000	-9999.0000	-9999.0000	-9999.0000	20.4027	8	0	26.0537	1.0000	04	3	-9999.0000	639	38305	-9999	842	828	-9999	318.4682	5	0.6277	0.6325	-0.0004	37.6385	2.5653	455.9841	361.6325	39.4533	444.9385	95.1623	467.9308	94.6571	472.8237	94.7449	477.7411	94.7889	
11/08/2017	01:44:53	019004	G523026520HLR	L523	S		437.1581	1.0233	10.0000	100.1393	39.8267	0.8230	0.8253	5.0000	20.0521	508.0468	94.8767	14.2419	25.8000	0.9300	0.9338	0.6345	-0.0006	508.0000	508.6687	1.0339	8.9233	100.0829	39.9734	0.8230	0.8231	5.0000	-9999.0000	-9999.0000	-9999.0000	-9999.0000	-9999.0000	-9999.0000	20.5520	1	0	25.4423	1.0000	04	3	-9999.0000	640	38306	-9999	843	829	-9999	317.9610	5	0.6275	0.6345	-0.0006	38.1322	2.5041	452.1808	367.1507	38.8821	440.1559	95.2721	464.1177	94.8328	470.1142	94.9866	474.6599	94.9646	
11/08/2017	01:45:18	019004	G523026522HLR	L523	S		437.6945	1.0233	10.0000	99.9514	39.9743	0.8230	0.8256	5.0000	19.9924	508.0411	94.8548	13.3218	25.8000	0.9300	0.9339	0.6358	-0.0007	508.0000	507.8570	1.0339	8.9877	100.1339	39.9585	0.8230	0.8231	5.0000	-9999.0000	-9999.0000	-9999.0000	-9999.0000	-9999.0000	-9999.0000	20.6626	2	0	24.6328	1.0000	04	3	-9999.0000	641	38307	-9999	844	830	-9999	318.1825	5	0.6274	0.6358	-0.0007	36.4339	2.6635	455.0374	373.8029	39.8487	443.7064	95.3380	467.0955	94.8548	472.6002	94.8767	476.3281	94.8767	
11/08/2017	01:45:45	019004	G523026512HLR	L523	S		435.5639	1.0233	10.0000	100.0348	39.9945	0.8230	0.8253	5.0000	20.2025	508.0762	94.8987	14.1813	25.8000	0.9300	0.9338	0.6356	-0.0007	508.0000	507.6224	1.0339	8.9675	100.0726	40.0512	0.8230	0.8233	5.0000	-9999.0000	-9999.0000	-9999.0000	-9999.0000	-9999.0000	-9999.0000	20.1222	3	0	26.8634	1.0000	04	3	-9999.0000	642	38308	-9999	845	831	-9999	317.8632	5	0.6274	0.6356	-0.0007	35.7476	2.7327	452.2058	376.2428	38.9041	441.1292	95.2282	462.8431	94.8108	468.8670	94.9426	473.0336	94.9207	
11/08/2017	01:46:12	019004	G523026513HLR	L523	S		434.4611	1.0233	10.0000	99.9530	39.8905	0.8230	0.8252	5.0000	19.9415	508.0421	94.8108	12.1215	25.8000	0.9300	0.9337	0.6347	-0.0006	508.0000	510.2658	1.0339	8.7402	99.9696	40.0512	0.8230	0.8230	5.0000	-9999.0000	-9999.0000	-9999.0000	-9999.0000	-9999.0000	-9999.0000	21.2826	4	0	27.3829	1.0000	04	3	-9999.0000	643	38309	-9999	846	832	-9999	318.7003	5	0.6275	0.6347	-0.0006	36.3223	2.6373	455.2017	372.1853	38.7064	442.3951	95.0305	470.5187	94.7889	476.0511	94.9426	480.7223	94.9646	
11/08/2017	01:46:39	019004	G523026511HLR	L523	S		438.1592	1.0233	10.0000	100.0765	39.8676	0.8230	0.8254	5.0000	20.1418	508.0600	95.0305	13.6119	25.8000	0.9300	0.9337	0.6353	-0.0007	508.0000	507.4054	1.0339	8.9487	100.1201	40.0224	0.8230	0.8230	5.0000	-9999.0000	-9999.0000	-9999.0000	-9999.0000	-9999.0000	-9999.0000	20.7524	5	0	26.5929	1.0000	04	3	-9999.0000	644	38310	-9999	847	833	-9999	318.2165	5	0.6274	0.6353	-0.0007	38.0470	2.4780	453.7098	372.0636	39.1018	441.2497	95.2941	465.8517	94.8548	471.5222	94.9207	475.7305	94.8767	
11/08/2017	01:47:03	019004	G523026510HLR	L523	S		438.5272	1.0233	10.0000	100.1387	39.9757	0.8230	0.8256	5.0000	19.9416	508.0677	94.8328	12.6919	25.8000	0.9300	0.9337	0.6351	-0.0007	508.0000	509.0783	1.0339	8.8763	100.0185	39.9761	0.8230	0.8231	5.0000	-9999.0000	-9999.0000	-9999.0000	-9999.0000	-9999.0000	-9999.0000	20.2826	6	0	24.6835	1.0000	04	3	-9999.0000	645	38311	-9999	848	834	-9999	318.5299	5	0.6273	0.6351	-0.0007	38.6993	2.4073	456.7570	371.7876	39.2555	444.4529	95.3600	470.6807	94.9207	475.2250	94.9866	480.1699	94.9646	
11/08/2017	01:47:28	019004	G523026509HLR	L523	S		437.3177	1.0233	10.0000	100.0038	39.9954	0.8230	0.8254	5.0000	19.9525	508.0668	94.8767	13.0122	25.8000	0.9300	0.9338	0.6350	-0.0006	508.0000	507.3283	1.0339	8.9421	100.0573	39.9878	0.8230	0.8233	5.0000	-9999.0000	-9999.0000	-9999.0000	-9999.0000	-9999.0000	-9999.0000	20.4915	7	0	24.8622	1.0000	04	3	-9999.0000	646	38312	-9999	849	835	-9999	318.4484	5	0.6271	0.6350	-0.0006	41.5109	2.1900	456.8938	372.6017	39.3654	444.9102	95.4479	469.1395	94.9207	474.2868	94.9426	478.7888	94.8767	
11/08/2017	01:47:54	019004	G523026503HLR	L523	S		437.5585	1.0233	10.0000	100.1066	39.9018	0.8230	0.8253	5.0000	19.9915	508.0447	94.8328	12.5913	25.8000	0.9300	0.9337	0.6350	-0.0006	508.0000	507.8490	1.0339	8.9870	100.0496	40.0361	0.8230	0.8232	5.0000	-9999.0000	-9999.0000	-9999.0000	-9999.0000	-9999.0000	-9999.0000	20.4525	8	0	25.5233	1.0000	04	3	-9999.0000	646	38313	-9999	850	836	-9999	318.5025	5	0.6268	0.6350	-0.0006	49.2986	1.5916	454.1673	375.8074	38.4428	441.9319	94.8108	468.0995	94.7010	474.5396	94.9866	479.2448	94.9646	
11/08/2017	01:48:20	019004	G523026508HLR	L523	S		436.2744	1.0233	10.0000	100.0359	39.8942	0.8230	0.8253	5.0000	20.0529	508.0661	95.0085	13.9616	25.8000	0.9300	0.9338	0.6338	-0.0006	508.0000	508.6902	1.0339	8.9208	100.0933	40.0398	0.8230	0.8231	5.0000	-9999.0000	-9999.0000	-9999.0000	-9999.0000	-9999.0000	-9999.0000	20.5316	1	0	26.4425	1.0000	04	3	-9999.0000	647	38314	-9999	851	837	-9999	318.1378	5	0.6267	0.6338	-0.0006	48.8314	1.6106	453.7276	368.8187	37.6300	442.2678	95.2062	463.7042	94.8328	470.1683	94.9866	475.0884	94.8548	
11/08/2017	01:48:45	019004	G523026768HLR	L523	S		437.0426	1.0233	10.0000	99.9518	39.9755	0.8230	0.8255	5.0000	20.1321	508.0516	94.9207	11.2308	25.8000	0.9300	0.9336	0.6349	-0.0006	508.0000	508.1074	1.0339	8.9877	100.0451	40.0103	0.8230	0.8231	5.0000	-9999.0000	-9999.0000	-9999.0000	-9999.0000	-9999.0000	-9999.0000	20.7924	2	0	25.4227	1.0000	04	3	-9999.0000	648	38315	-9999	852	838	-9999	318.9674	5	0.6267	0.6349	-0.0006	47.1831	1.7385	460.8731	368.4197	38.2890	450.0206	95.0525	473.8437	94.7889	479.2677	94.9866	484.1082	94.9866	
11/08/2017	01:49:12	019004	G523026767HLR	L523	S		437.7785	1.0233	10.0000	99.9423	39.9689	0.8230	0.8253	5.0000	20.0218	508.0750	94.8987	12.3119	25.8000	0.9300	0.9337	0.6370	-0.0008	508.0000	508.5297	1.0339	8.9393	100.1056	39.9878	0.8230	0.8231	5.0000	-9999.0000	-9999.0000	-9999.0000	-9999.0000	-9999.0000	-9999.0000	20.3822	3	0	26.1936	1.0000	04	3	-9999.0000	649	38316	-9999	853	839	-9999	318.7672	5	0.6267	0.6370	-0.0008	43.8256	1.9876	456.5884	371.2487	37.8277	445.5102	95.1843	468.0326	94.7889	474.5623	94.8767	479.1604	94.8548	
11/08/2017	01:49:38	019004	G523026496HLR	L523	S		437.4377	1.0233	10.0000	99.9865	39.8901	0.8230	0.8253	5.0000	19.8615	508.0823	94.9866	13.8307	25.8000	0.9300	0.9337	0.6389	-0.0009	508.0000	508.7125	1.0339	8.9183	100.1217	39.9970	0.8230	0.8231	5.0000	-9999.0000	-9999.0000	-9999.0000	-9999.0000	-9999.0000	-9999.0000	20.9219	4	0	26.5028	1.0000	04	3	-9999.0000	650	38317	-9999	854	840	-9999	318.1981	5	0.6269	0.6389	-0.0009	46.3964	1.8033	451.7479	365.7056	37.8716	440.0821	95.2941	465.1708	94.8987	468.9023	94.9866	473.7192	94.9426	
11/08/2017	01:50:06	019004	G523026855HLR	L523	S		432.4003	1.0233	10.0000	99.9757	39.9026	0.8230	0.8254	5.0000	19.9816	508.0499	94.8987	14.5515	25.8000	0.9300	0.9338	0.6396	-0.0010	508.0000	508.5639	1.0339	8.9353	100.0352	40.0418	0.8230	0.8231	5.0000	-9999.0000	-9999.0000	-9999.0000	-9999.0000	-9999.0000	-9999.0000	20.8324	5	0	28.2035	1.0000	04	2	-9999.0000	651	38318	-9999	855	841	-9999	317.7690	5	0.6266	0.6396	-0.0010	50.1148	1.5398	447.0995	368.7565	39.1018	435.3596	95.2502	459.4832	94.8328	464.5775	94.9426	469.6677	94.8987	
11/08/2017	01:50:34	019004	G523026848HLR	L523	S		431.8049	1.0233	10.0000	100.0246	39.9800	0.8230	0.8255	5.0000	20.1819	508.0620	94.8767	13.6814	25.7000	0.9300	0.9337	0.6359	-0.0007	508.0000	507.7768	1.0339	8.9808	100.1089	40.0293	0.8230	0.8230	5.0000	-9999.0000	-9999.0000	-9999.0000	-9999.0000	-9999.0000	-9999.0000	21.3423	6	0	27.2423	1.0000	04	2	-9999.0000	652	38319	-9999	856	842	-9999	318.1966	5	0.6266	0.6359	-0.0007	61.3372	0.7200	452.4759	368.3526	38.8382	441.1756	95.3820	463.6241	94.8987	468.4998	94.9207	473.5000	94.8987	
11/08/2017	01:51:02	019004	G523026861HLR	L523	S		434.1248	1.0233	10.0000	100.0453	39.9802	0.8230	0.8253	5.0000	20.1419	508.0348	94.8548	14.3522	25.7000	0.9300	0.9336	0.6339	-0.0006	508.0000	507.0044	1.0339	8.9142	100.1306	40.0011	0.8230	0.8230	5.0000	-9999.0000	-9999.0000	-9999.0000	-9999.0000	-9999.0000	-9999.0000	20.6029	7	0	28.4134	1.0000	04	2	-9999.0000	653	38320	-9999	857	843	-9999	317.9448	5	0.6265	0.6339	-0.0006	63.3503	0.5741	453.8900	357.4232	40.0464	444.4292	95.1403	462.8752	94.8108	467.9519	94.9207	473.0048	94.9207	
11/08/2017	01:51:30	019004	G523026858HLR	L523	S		432.7501	1.0233	10.0000	100.0237	39.8989	0.8230	0.8252	5.0000	20.2318	508.0689	94.8987	14.5524	25.7000	0.9300	0.9337	0.6327	-0.0005	508.0000	508.8360	1.0339	8.9041	100.0448	39.9808	0.8230	0.8231	5.0000	-9999.0000	-9999.0000	-9999.0000	-9999.0000	-9999.0000	-9999.0000	20.1018	8	0	27.6537	1.0000	04	2	-9999.0000	654	38321	-9999	857	844	-9999	318.0036	5	0.6265	0.6327	-0.0005	66.8984	0.2954	451.1674	350.7549	38.1133	440.0674	95.2941	463.1392	94.8767	468.7854	94.9426	473.4316	94.9426	
11/08/2017	01:51:57	019004	G523026856HLR	L523	S		431.8771	1.0233	10.0000	100.0025	39.9040	0.8230	0.8254	5.0000	20.1829	508.0433	94.8548	14.8913	25.7000	0.9300	0.9336	0.6364	-0.0008	508.0000	507.1765	1.0339	8.9290	100.0248	40.0426	0.8230	0.8231	5.0000	-9999.0000	-9999.0000	-9999.0000	-9999.0000	-9999.0000	-9999.0000	20.9721	1	0	27.1827	1.0000	04	2	-9999.0000	655	38322	-9999	858	844	-9999	317.6175	5	0.6264	0.6364	-0.0008	65.2230	0.4246	444.5841	361.8942	38.4208	431.4166	95.0085	459.1075	94.7449	464.3218	94.9426	469.4176	94.9646	
11/08/2017	01:52:23	019004	G523026870HLR	L523	S		436.9465	1.0233	10.0000	100.0925	39.9806	0.8230	0.8255	5.0000	19.9319	508.0598	94.8108	13.0317	25.7000	0.9300	0.9335	0.6343	-0.0006	508.0000	506.6522	1.0339	8.8838	100.0140	40.0437	0.8230	0.8231	5.0000	-9999.0000	-9999.0000	-9999.0000	-9999.0000	-9999.0000	-9999.0000	20.6323	2	0	26.3828	1.0000	04	2	-9999.0000	656	38323	-9999	859	845	-9999	318.3551	5	0.6264	0.6343	-0.0006	64.8640	0.4614	453.8470	369.7984	37.6739	440.6598	95.2282	467.5525	94.8328	472.3080	94.9207	477.6232	94.8767	
11/08/2017	01:52:51	019004	G523026875HLR	L523	S		432.0783	1.0233	10.0000	99.9649	39.9509	0.8230	0.8252	5.0000	20.8129	508.0594	94.8987	14.1413	25.8000	0.9300	0.9336	0.6326	-0.0005	508.0000	508.6407	1.0339	8.9265	100.0916	40.0275	0.8230	0.8231	5.0000	-9999.0000	-9999.0000	-9999.0000	-9999.0000	-9999.0000	-9999.0000	20.3118	3	0	27.4231	1.0000	04	2	-9999.0000	657	38324	-9999	860	846	-9999	318.0527	5	0.6263	0.6326	-0.0005	62.4103	0.6574	447.4173	367.1275	36.3998	433.4510	95.1843	464.3543	94.7449	472.0300	94.9426	475.1421	94.9646	
11/08/2017	01:53:15	019004	G523026873HLR	L523	S		432.0772	1.0233	10.0000	100.0098	39.8866	0.8230	0.8253	5.0000	19.9017	508.0849	94.8987	15.0623	25.8000	0.9300	0.9337	0.6329	-0.0005	508.0000	506.9821	1.0339	8.9123	100.0847	40.0054	0.8230	0.8231	5.0000	-9999.0000	-9999.0000	-9999.0000	-9999.0000	-9999.0000	-9999.0000	20.6018	4	0	24.7235	1.0000	04	2	-9999.0000	658	38325	-9999	860	847	-9999	317.8385	5	0.6263	0.6329	-0.0005	57.0302	1.1271	445.4685	365.0261	37.6959	433.0131	95.0525	459.7020	94.7889	465.2748	94.9866	470.8157	94.9646	
11/08/2017	01:53:40	019004	G523026863HLR	L523	S		431.6533	1.0233	10.0000	100.0562	39.9456	0.8230	0.8255	5.0000	20.0822	508.0948	94.8767	14.9021	25.8000	0.9300	0.9338	0.6318	-0.0004	508.0000	508.9965	1.0339	8.8857	100.0621	39.9911	0.8230	0.8230	5.0000	-9999.0000	-9999.0000	-9999.0000	-9999.0000	-9999.0000	-9999.0000	21.4017	5	0	24.9130	1.0000	04	2	-9999.0000	659	38326	-9999	861	848	-9999	317.9700	5	0.6263	0.6318	-0.0004	53.0767	1.4314	449.2490	373.7980	37.7398	436.5473	95.5138	463.9090	94.8767	468.6084	94.9207	472.9844	94.9207	
11/08/2017	01:54:07	019004	G523026857HLR	L523	S		434.5356	1.0233	10.0000	100.0238	39.9866	0.8230	0.8254	5.0000	19.9621	508.0489	94.8108	12.0014	25.7000	0.9300	0.9338	0.6328	-0.0005	508.0000	507.8129	1.0339	8.9839	100.1077	40.0093	0.8230	0.8233	5.0000	-9999.0000	-9999.0000	-9999.0000	-9999.0000	-9999.0000	-9999.0000	20.1224	6	0	27.1330	1.0000	04	2	-9999.0000	660	38327	-9999	862	849	-9999	318.6139	5	0.6264	0.6328	-0.0005	53.0575	1.4400	456.6305	378.3791	38.7064	444.0052	95.2062	472.7328	94.8328	477.6950	94.9207	481.8197	94.8987	
11/08/2017	01:54:35	019004	G523026868HLR	L523	S		432.0929	1.0233	10.0000	100.1060	39.9161	0.8230	0.8252	5.0000	20.1917	508.0836	95.0744	15.5213	25.8000	0.9300	0.9338	0.6354	-0.0007	508.0000	507.1797	1.0339	8.9293	100.0829	40.0316	0.8230	0.8231	5.0000	-9999.0000	-9999.0000	-9999.0000	-9999.0000	-9999.0000	-9999.0000	20.6625	7	0	28.0130	1.0000	04	2	-9999.0000	661	38328	-9999	863	850	-9999	317.6374	5	0.6264	0.6354	-0.0007	47.0271	1.8883	446.9647	371.6286	38.5746	435.6039	95.2282	458.1017	94.8108	464.2927	94.9207	468.7072	94.8767	
11/08/2017	01:55:04	019004	G523026866HLR	L523	S		446.5853	1.0233	10.0000	100.0110	39.8909	0.8230	0.8254	5.0000	19.9925	508.0593	94.9866	9.1407	25.7000	0.9300	0.9337	0.6336	-0.0005	508.0000	509.9938	1.0339	8.7714	100.0920	40.0201	0.8230	0.8230	5.0000	-9999.0000	-9999.0000	-9999.0000	-9999.0000	-9999.0000	-9999.0000	21.2826	8	0	28.8432	1.0000	04	2	-9999.0000	662	38329	-9999	864	851	-9999	319.5059	5	0.6264	0.6336	-0.0005	47.7788	1.8430	467.0970	378.4894	38.0913	454.7055	94.9866	482.1370	94.7669	488.5992	94.9646	493.4578	94.9426	
11/08/2017	01:55:33	019004	G523026879HLR	L523	S		434.7376	1.0233	10.0000	100.1221	39.9798	0.8230	0.8255	5.0000	19.9816	508.0643	95.1184	13.0611	25.8000	0.9300	0.9337	0.6356	-0.0007	508.0000	507.7762	1.0339	8.9807	100.0747	40.0095	0.8230	0.8231	5.0000	-9999.0000	-9999.0000	-9999.0000	-9999.0000	-9999.0000	-9999.0000	20.5224	1	0	29.0131	1.0000	04	2	-9999.0000	663	38330	-9999	865	852	-9999	318.4780	5	0.6264	0.6356	-0.0007	47.2064	1.9032	451.3365	381.8384	39.0139	438.4888	95.0964	464.8240	94.7669	471.4677	94.6790	476.1846	94.6571	
11/08/2017	01:56:01	019004	G523026869HLR	L523	S		433.1621	1.0233	10.0000	100.0745	39.9644	0.8230	0.8254	5.0000	20.2219	508.0593	94.9426	14.3620	25.8000	0.9300	0.9337	0.6352	-0.0007	508.0000	507.2144	1.0339	8.9323	100.0520	40.0025	0.8230	0.8230	5.0000	-9999.0000	-9999.0000	-9999.0000	-9999.0000	-9999.0000	-9999.0000	20.6430	2	0	27.5333	1.0000	04	2	-9999.0000	664	38331	-9999	866	853	-9999	317.9927	5	0.6263	0.6352	-0.0007	52.7766	1.5243	450.5678	368.5469	38.3988	438.9840	95.4698	462.4137	94.8548	468.1795	94.9426	472.5306	94.9207	
11/08/2017	01:56:28	019004	G523026877HLR	L523	S		433.5571	1.0233	10.0000	99.8990	39.8942	0.8230	0.8253	5.0000	20.0824	508.0452	94.8767	14.8318	25.8000	0.9300	0.9337	0.6337	-0.0005	508.0000	507.9005	1.0339	8.9914	100.0545	40.0060	0.8230	0.8231	5.0000	-9999.0000	-9999.0000	-9999.0000	-9999.0000	-9999.0000	-9999.0000	21.0423	3	0	27.3732	1.0000	04	2	-9999.0000	665	38332	-9999	867	854	-9999	317.9439	5	0.6263	0.6337	-0.0005	55.8600	1.3042	450.1377	380.9891	37.2346	438.9127	95.1623	461.3092	94.7669	467.3432	94.9426	471.9566	94.9426	
11/08/2017	01:56:57	019004	G523026864HLR	L523	S		434.2993	1.0233	10.0000	99.9779	39.9333	0.8230	0.8254	5.0000	19.9719	508.0611	94.8767	14.5612	25.8000	0.9300	0.9337	0.6304	-0.0003	508.0000	507.3601	1.0339	8.9448	100.1304	40.0121	0.8230	0.8232	5.0000	-9999.0000	-9999.0000	-9999.0000	-9999.0000	-9999.0000	-9999.0000	20.2629	4	0	28.8635	1.0000	04	2	-9999.0000	666	38333	-9999	868	855	-9999	318.1139	5	0.6264	0.6304	-0.0003	49.4204	1.7663	455.4238	385.2733	37.8496	444.1029	95.2721	466.2628	94.8548	470.1987	94.9426	474.9492	94.8987	
11/08/2017	01:57:26	019004	G523027029HLR	L523	S		442.1667	1.0233	10.0000	99.9124	39.9820	0.8230	0.8254	5.0000	20.0420	508.0534	94.9646	9.6114	25.8000	0.9300	0.9334	0.6298	-0.0003	508.0000	508.4949	1.0339	8.9432	100.0552	39.9992	0.8230	0.8231	5.0000	-9999.0000	-9999.0000	-9999.0000	-9999.0000	-9999.0000	-9999.0000	20.8822	5	0	29.0228	1.0000	04	2	-9999.0000	667	38334	-9999	869	856	-9999	318.7747	5	0.6263	0.6298	-0.0003	47.4829	1.9007	465.8201	383.9083	39.7608	453.1438	95.0085	481.6444	94.7889	486.4863	94.9646	491.4365	94.9426	
11/08/2017	01:57:55	019004	G523027025HLR	L523	S		443.7779	1.0233	10.0000	99.9416	39.9296	0.8230	0.8253	5.0000	20.0217	508.0617	94.8767	8.8418	25.8000	0.9300	0.9335	0.6296	-0.0002	508.0000	507.3214	1.0339	8.9415	100.0228	39.9401	0.8230	0.8226	5.0000	-9999.0000	-9999.0000	-9999.0000	-9999.0000	-9999.0000	-9999.0000	23.9821	6	0	28.8432	1.0000	04	2	-9999.0000	668	38335	-9999	870	857	-9999	318.8590	5	0.6263	0.6296	-0.0002	47.7200	1.8801	469.1333	330.4229	37.3444	456.4498	95.1403	483.6635	94.7449	489.5158	94.7010	494.1596	94.6351	
11/08/2017	01:58:24	019004	G523027028HLR	L523	S		436.3086	1.0233	10.0000	99.9476	39.8979	0.8230	0.8254	5.0000	20.0316	508.0411	95.0525	13.1714	25.9000	0.9300	0.9337	0.6299	-0.0003	508.0000	505.7489	1.0339	8.8059	100.0873	39.9853	0.8230	0.8233	5.0000	-9999.0000	-9999.0000	-9999.0000	-9999.0000	-9999.0000	-9999.0000	19.8226	7	0	29.0735	1.0000	04	2	-9999.0000	669	38336	-9999	871	858	-9999	318.3731	5	0.6264	0.6299	-0.0003	48.7500	1.8122	458.4538	363.4608	39.9585	447.9320	94.7010	468.2099	94.6351	473.6465	94.7889	478.0284	94.8328	
11/08/2017	01:58:53	019004	G523027021HLR	L523	S		433.4027	1.0233	10.0000	100.0164	39.9554	0.8230	0.8255	5.0000	19.9632	508.0618	94.9207	14.4919	25.8000	0.9300	0.9337	0.6341	-0.0005	508.0000	508.3420	1.0339	8.9608	100.0935	40.0512	0.8230	0.8232	5.0000	-9999.0000	-9999.0000	-9999.0000	-9999.0000	-9999.0000	-9999.0000	20.2521	8	0	28.7533	1.0000	04	2	-9999.0000	670	38337	-9999	872	859	-9999	318.2903	5	0.6265	0.6341	-0.0005	49.5068	1.7408	449.3786	367.1805	40.0464	436.6674	94.9646	461.5744	94.8328	467.5839	95.0085	472.4373	94.9646	
11/08/2017	01:59:20	019004	G523027030HLR	L523	S		437.4086	1.0233	10.0000	100.0573	39.9698	0.8230	0.8254	5.0000	20.0130	508.0770	94.8548	12.9507	25.8000	0.9300	0.9337	0.6285	-0.0001	508.0000	507.0344	1.0339	8.9168	100.1210	40.0119	0.8230	0.8231	5.0000	-9999.0000	-9999.0000	-9999.0000	-9999.0000	-9999.0000	-9999.0000	20.6126	1	0	27.2034	1.0000	04	2	-9999.0000	671	38338	-9999	873	859	-9999	318.4416	5	0.6265	0.6285	-0.0001	49.1376	1.7533	457.8196	384.2222	38.7942	445.3671	95.2502	469.9152	94.8328	475.7079	94.9207	480.1852	94.8987	
11/08/2017	01:59:47	019004	G523026044HLR	L523	S		439.0810	1.0233	10.0000	100.1457	39.9069	0.8230	0.8253	5.0000	19.9827	508.0290	94.8767	12.5717	25.8000	0.9300	0.9336	0.6298	-0.0002	508.0000	508.8109	1.0339	8.9070	100.0933	39.9831	0.8230	0.8231	5.0000	-9999.0000	-9999.0000	-9999.0000	-9999.0000	-9999.0000	-9999.0000	20.2826	2	0	26.7129	1.0000	04	2	-9999.0000	672	38339	-9999	874	860	-9999	318.4705	5	0.6266	0.6298	-0.0002	47.8136	1.8537	458.8434	375.1043	38.5746	446.7632	95.0964	471.8220	94.7889	477.4670	94.9646	481.7869	94.9207	
11/08/2017	02:00:13	019004	G523027015HLR	L523	S		434.8437	1.0233	10.0000	100.0929	39.9059	0.8230	0.8254	5.0000	20.0023	508.0755	94.8548	12.4907	25.8000	0.9300	0.9336	0.6296	-0.0002	508.0000	508.1123	1.0339	8.9871	100.0622	40.0218	0.8230	0.8232	5.0000	-9999.0000	-9999.0000	-9999.0000	-9999.0000	-9999.0000	-9999.0000	19.9924	3	0	26.8926	1.0000	04	2	-9999.0000	673	38340	-9999	875	861	-9999	318.6078	5	0.6269	0.6296	-0.0002	47.8114	1.8263	458.0424	371.4845	37.7837	445.7871	94.9866	472.0761	94.7889	476.5147	95.0085	481.3083	94.9207	
11/08/2017	02:00:40	019004	G523027010HLR	L523	S		428.9069	1.0233	10.0000	100.0563	39.9456	0.8230	0.8255	5.0000	20.0422	508.0562	95.0525	15.7020	25.8000	0.9300	0.9338	0.6297	-0.0002	508.0000	507.9426	1.0339	8.9951	100.0170	40.0281	0.8230	0.8231	5.0000	-9999.0000	-9999.0000	-9999.0000	-9999.0000	-9999.0000	-9999.0000	20.6223	4	0	26.8233	1.0000	04	2	-9999.0000	674	38341	-9999	876	862	-9999	318.2413	5	0.6269	0.6297	-0.0002	47.8201	1.8323	446.6730	354.3083	36.9929	433.3420	95.0525	460.2539	94.8108	466.3318	95.0085	471.2063	94.9207	
11/08/2017	02:01:06	019004	G523027007HLR	L523	S		434.5576	1.0233	10.0000	100.1010	39.9370	0.8230	0.8253	5.0000	20.0022	508.0375	94.8328	14.1422	25.8000	0.9300	0.9336	0.6297	-0.0002	508.0000	508.6940	1.0339	8.9204	100.0726	40.0035	0.8230	0.8232	5.0000	-9999.0000	-9999.0000	-9999.0000	-9999.0000	-9999.0000	-9999.0000	19.9016	5	0	25.8623	1.0000	04	2	-9999.0000	675	38342	-9999	877	863	-9999	318.3910	5	0.6269	0.6297	-0.0002	47.7931	1.8346	453.2619	379.7910	39.4533	440.5834	94.9207	467.1186	94.7889	472.6261	94.9866	476.4031	94.9646	
11/08/2017	02:01:32	019004	G523027002HLR	L523	S		434.2968	1.0233	10.0000	99.9660	39.8893	0.8230	0.8253	5.0000	20.2426	508.0567	94.8548	12.5405	25.8000	0.9300	0.9336	0.6294	-0.0002	508.0000	507.9861	1.0339	8.9988	100.0723	39.9747	0.8230	0.8231	5.0000	-9999.0000	-9999.0000	-9999.0000	-9999.0000	-9999.0000	-9999.0000	20.4320	6	0	25.8830	1.0000	04	2	-9999.0000	676	38343	-9999	878	864	-9999	318.5812	5	0.6269	0.6294	-0.0002	47.7046	1.8121	458.0386	335.1486	39.1018	446.1768	95.4479	471.8389	94.8548	477.3757	94.9426	481.9088	94.9207	
11/08/2017	02:01:59	019004	G523027001HLR	L523	S		434.5369	1.0233	10.0000	100.0363	39.9133	0.8230	0.8254	5.0000	19.8527	508.0374	94.9207	14.2917	25.8000	0.9300	0.9338	0.6295	-0.0002	508.0000	509.3370	1.0339	8.8467	100.1202	39.9999	0.8230	0.8231	5.0000	-9999.0000	-9999.0000	-9999.0000	-9999.0000	-9999.0000	-9999.0000	21.1420	7	0	26.5331	1.0000	04	2	-9999.0000	677	38344	-9999	879	865	-9999	318.3636	5	0.6269	0.6295	-0.0002	48.2678	1.7954	452.8012	375.3419	39.6070	440.2377	95.1403	467.6478	94.7889	472.2349	94.9646	476.7004	94.9646	
11/08/2017	02:02:26	019004	G523027003HLR	L523	S		434.9178	1.0233	10.0000	99.9327	39.9780	0.8230	0.8254	5.0000	19.9621	508.0337	94.8767	13.8111	25.8000	0.9300	0.9336	0.6290	-0.0002	508.0000	507.7976	1.0339	8.9826	100.0346	40.0177	0.8230	0.8229	5.0000	-9999.0000	-9999.0000	-9999.0000	-9999.0000	-9999.0000	-9999.0000	21.7523	8	0	27.4934	1.0000	04	2	-9999.0000	678	38345	-9999	880	866	-9999	318.4946	5	0.6270	0.6290	-0.0002	47.8107	1.8304	454.3275	379.7449	38.2670	441.7706	95.0085	468.8204	94.7669	473.0325	94.9866	477.4672	94.9866	
11/08/2017	02:02:54	019004	G523026997HLR	L523	S		433.3980	1.0233	10.0000	100.1547	39.9307	0.8230	0.8253	5.0000	20.1917	508.0508	94.8548	13.9713	25.8000	0.9300	0.9338	0.6290	-0.0002	508.0000	508.9506	1.0339	8.8910	100.0538	40.0099	0.8230	0.8232	5.0000	-9999.0000	-9999.0000	-9999.0000	-9999.0000	-9999.0000	-9999.0000	19.9425	1	0	27.4728	1.0000	04	2	-9999.0000	679	38346	-9999	881	867	-9999	318.4499	5	0.6269	0.6290	-0.0002	47.0933	1.8725	455.6643	384.3086	39.1237	443.6252	95.2502	467.8447	94.8548	473.0307	94.9426	476.6487	94.8767	
11/08/2017	02:03:22	019004	G523026999HLR	L523	S		434.0741	1.0233	10.0000	100.1219	39.8907	0.8230	0.8253	5.0000	19.9124	508.0627	94.8548	14.2311	25.8000	0.9300	0.9337	0.6289	-0.0002	508.0000	507.7163	1.0339	8.9755	100.1426	40.0152	0.8230	0.8232	5.0000	-9999.0000	-9999.0000	-9999.0000	-9999.0000	-9999.0000	-9999.0000	20.1722	2	0	28.5238	1.0000	04	2	-9999.0000	680	38347	-9999	881	868	-9999	318.4633	5	0.6270	0.6289	-0.0002	46.7972	1.9213	453.8837	375.1640	39.6290	441.6834	94.9866	466.2558	94.7889	471.0478	94.9646	475.2210	94.9646	
11/08/2017	02:03:51	019004	G523026996HLR	L523	S		435.3178	1.0233	10.0000	100.1835	39.9155	0.8230	0.8255	5.0000	20.0423	508.0614	94.8767	13.9117	25.7000	0.9300	0.9336	0.6303	-0.0003	508.0000	507.9591	1.0339	8.9965	100.0726	40.0156	0.8230	0.8232	5.0000	-9999.0000	-9999.0000	-9999.0000	-9999.0000	-9999.0000	-9999.0000	20.2023	3	0	29.0327	1.0000	04	2	-9999.0000	681	38348	-9999	882	869	-9999	318.4085	5	0.6269	0.6303	-0.0003	47.7577	1.8558	455.6349	387.3372	37.5860	443.5969	95.2502	468.7407	94.8328	472.8501	94.9207	476.9992	94.8987	
11/08/2017	02:04:22	019004	G523026993HLR	L523	S		433.9953	1.0233	10.0000	99.9597	39.9757	0.8230	0.8255	5.0000	20.0618	508.0534	94.8767	13.7721	25.7000	0.9300	0.9336	0.6302	-0.0003	508.0000	508.9716	1.0339	8.8886	99.9790	40.0111	0.8230	0.8232	5.0000	-9999.0000	-9999.0000	-9999.0000	-9999.0000	-9999.0000	-9999.0000	20.0521	4	0	31.1040	1.0000	04	2	-9999.0000	682	38349	-9999	883	870	-9999	318.4333	5	0.6269	0.6302	-0.0003	47.6688	1.8515	456.3005	381.5279	38.0034	444.8047	95.0964	467.4550	94.7889	474.6185	94.9426	478.4454	94.9646	
11/08/2017	02:04:49	019004	G523026995HLR	L523	S		432.6212	1.0233	10.0000	99.9860	39.9403	0.8230	0.8253	5.0000	20.0024	508.0487	94.8767	14.7722	25.8000	0.9300	0.9337	0.6305	-0.0003	508.0000	508.7921	1.0339	8.9092	100.0710	40.0126	0.8230	0.8231	5.0000	-9999.0000	-9999.0000	-9999.0000	-9999.0000	-9999.0000	-9999.0000	20.3518	5	0	26.9230	1.0000	04	2	-9999.0000	683	38350	-9999	884	871	-9999	318.2309	5	0.6268	0.6305	-0.0003	47.3316	1.8919	451.0043	377.3660	37.8496	439.2231	94.9866	464.8636	94.7669	469.9415	94.9646	474.1893	94.9426	
11/08/2017	02:05:19	019004	G523027000HLR	L523	S		434.9057	1.0233	10.0000	100.0044	39.8803	0.8230	0.8253	5.0000	20.1027	508.0450	94.7669	12.3618	25.8000	0.9300	0.9337	0.6302	-0.0003	508.0000	507.2547	1.0339	8.9358	100.1109	39.9810	0.8230	0.8231	5.0000	-9999.0000	-9999.0000	-9999.0000	-9999.0000	-9999.0000	-9999.0000	20.5825	6	0	29.9937	1.0000	04	2	-9999.0000	684	38351	-9999	885	872	-9999	318.5962	5	0.6269	0.6302	-0.0003	47.0337	1.9171	456.5199	360.6893	38.0693	444.0520	95.0964	470.6333	94.7889	477.7190	94.9207	482.1221	94.9207	
11/08/2017	02:05:47	019004	G523026998HLR	L523	S		434.4981	1.0233	10.0000	99.9370	39.9137	0.8230	0.8254	5.0000	20.1331	508.0521	95.0305	14.5114	25.8000	0.9300	0.9337	0.6303	-0.0003	508.0000	507.2431	1.0339	8.9347	100.0418	39.9618	0.8230	0.8232	5.0000	-9999.0000	-9999.0000	-9999.0000	-9999.0000	-9999.0000	-9999.0000	19.8724	7	0	27.4523	1.0000	04	2	-9999.0000	684	38352	-9999	886	873	-9999	318.3320	5	0.6269	0.6303	-0.0003	46.5686	1.9565	454.6168	372.9577	37.8277	443.6504	95.2282	465.4118	94.7889	469.8580	94.9646	474.0684	94.8987	
11/08/2017	02:06:15	019004	G523026990HLR	L523	S		432.0372	1.0233	10.0000	100.0422	39.9808	0.8230	0.8254	5.0000	20.2220	508.0506	94.8548	14.6716	25.8000	0.9300	0.9338	0.6318	-0.0004	508.0000	508.5975	1.0339	8.9315	100.0441	40.0435	0.8230	0.8233	5.0000	-9999.0000	-9999.0000	-9999.0000	-9999.0000	-9999.0000	-9999.0000	20.1126	8	0	28.7933	1.0000	04	2	-9999.0000	685	38353	-9999	887	874	-9999	318.2323	5	0.6268	0.6318	-0.0004	44.8169	2.0895	447.7774	357.6920	37.1467	434.4842	95.3161	465.1919	94.8767	468.7460	95.0305	473.2791	94.9426	
11/08/2017	02:06:44	019004	G523026992HLR	L523	S		433.4253	1.0233	10.0000	100.0075	39.9008	0.8230	0.8252	5.0000	20.1525	508.0541	94.8328	13.6109	25.8000	0.9300	0.9336	0.6327	-0.0004	508.0000	508.5961	1.0339	8.9316	100.1147	40.0115	0.8230	0.8231	5.0000	-9999.0000	-9999.0000	-9999.0000	-9999.0000	-9999.0000	-9999.0000	20.6115	1	0	28.9339	1.0000	04	2	-9999.0000	686	38354	-9999	888	875	-9999	318.4071	5	0.6266	0.6327	-0.0004	38.5843	2.5296	452.0370	378.3416	37.6959	438.8687	95.2282	467.4420	94.8548	472.2398	94.9207	477.1358	94.8987	
11/08/2017	02:07:11	019004	G523026985HLR	L523	S		434.3209	1.0233	10.0000	99.9990	39.8435	0.8230	0.8253	5.0000	20.8919	508.0465	94.8548	12.7915	25.8000	0.9300	0.9336	0.6330	-0.0005	508.0000	507.8113	1.0339	8.9837	100.0507	39.9585	0.8230	0.8232	5.0000	-9999.0000	-9999.0000	-9999.0000	-9999.0000	-9999.0000	-9999.0000	20.1323	2	0	27.0628	1.0000	04	2	-9999.0000	687	38355	-9999	889	876	-9999	318.5761	5	0.6265	0.6330	-0.0005	47.9137	1.8882	454.8696	375.2164	37.3444	442.7708	95.1843	469.1329	94.7889	475.3030	94.9426	479.2792	94.9426	
11/08/2017	02:07:36	019004	G523026986HLR	L523	S		439.1039	1.0233	10.0000	100.0546	39.9223	0.8230	0.8255	5.0000	20.1429	508.0475	94.8987	12.8813	25.8000	0.9300	0.9336	0.6319	-0.0004	508.0000	508.3108	1.0339	8.9644	100.0635	40.0158	0.8230	0.8232	5.0000	-9999.0000	-9999.0000	-9999.0000	-9999.0000	-9999.0000	-9999.0000	20.1223	3	0	25.0331	1.0000	04	2	-9999.0000	688	38356	-9999	890	877	-9999	318.5674	5	0.6266	0.6319	-0.0004	49.5774	1.7567	458.4789	361.8662	37.4982	446.5681	95.1623	469.1959	94.8108	474.9100	95.0085	479.0837	94.9207	
11/08/2017	02:08:03	019004	G523027034HLR	L523	S		431.5209	1.0233	10.0000	100.0556	39.9919	0.8230	0.8254	5.0000	20.0628	508.0719	94.9207	14.3620	25.8000	0.9300	0.9338	0.6313	-0.0003	508.0000	508.6591	1.0339	8.9244	100.1564	40.0056	0.8230	0.8231	5.0000	-9999.0000	-9999.0000	-9999.0000	-9999.0000	-9999.0000	-9999.0000	20.9016	4	0	26.3927	1.0000	04	2	-9999.0000	689	38357	-9999	891	878	-9999	318.2503	5	0.6265	0.6313	-0.0003	51.5011	1.6387	451.6035	373.6713	39.2995	439.2079	94.9866	465.8422	94.8108	471.1425	95.0085	474.7179	94.9646	
11/08/2017	02:08:29	019004	G523027038HLR	L523	S		434.3188	1.0233	10.0000	100.0973	39.8852	0.8230	0.8252	5.0000	19.9317	508.0303	94.8328	13.6412	25.8000	0.9300	0.9336	0.6328	-0.0005	508.0000	509.0864	1.0339	8.8754	100.0497	39.9487	0.8230	0.8230	5.0000	-9999.0000	-9999.0000	-9999.0000	-9999.0000	-9999.0000	-9999.0000	21.4029	5	0	25.9432	1.0000	04	2	-9999.0000	690	38358	-9999	892	879	-9999	318.3639	5	0.6265	0.6328	-0.0005	56.5274	1.2957	452.9113	371.8805	39.0359	440.6501	95.1184	466.4816	94.7889	471.9854	94.9426	476.5148	94.9646	
11/08/2017	02:08:56	019004	G523027046HLR	L523	S		450.0348	1.0233	10.0000	100.0785	39.8619	0.8230	0.8254	5.0000	20.0218	508.0475	94.8108	8.5312	25.8000	0.9300	0.9336	0.6336	-0.0005	508.0000	508.3617	1.0339	8.9585	100.0554	40.0009	0.8230	0.8231	5.0000	-9999.0000	-9999.0000	-9999.0000	-9999.0000	-9999.0000	-9999.0000	20.8822	6	0	27.0227	1.0000	04	2	-9999.0000	690	38359	-9999	893	880	-9999	319.7235	5	0.6265	0.6336	-0.0005	56.2681	1.3156	469.7593	386.4627	38.6624	456.8844	94.9646	485.4373	94.7889	490.4685	94.9426	494.8947	94.8987	
11/08/2017	02:09:25	019004	G523027041HLR	L523	S		433.4837	1.0233	10.0000	100.1062	39.9773	0.8230	0.8255	5.0000	19.9622	508.0600	95.0305	13.1421	25.9000	0.9300	0.9338	0.6373	-0.0008	508.0000	507.9812	1.0339	8.9984	100.0474	40.0085	0.8230	0.8230	5.0000	-9999.0000	-9999.0000	-9999.0000	-9999.0000	-9999.0000	-9999.0000	22.9015	7	0	29.0141	1.0000	04	2	-9999.0000	691	38360	-9999	894	881	-9999	318.5449	5	0.6265	0.6373	-0.0008	57.6439	1.1883	452.5118	372.3495	38.2890	440.7608	95.1184	465.3488	94.6571	469.7800	94.7010	474.5058	94.7230	
11/08/2017	02:09:54	019004	G523027052HLR	L523	S		434.1044	1.0233	10.0000	100.0658	39.9444	0.8230	0.8253	5.0000	20.0423	508.0606	94.9426	14.7116	25.8000	0.9300	0.9338	0.6375	-0.0008	508.0000	507.7876	1.0339	8.9817	100.1103	39.9597	0.8230	0.8230	5.0000	-9999.0000	-9999.0000	-9999.0000	-9999.0000	-9999.0000	-9999.0000	20.8119	8	0	28.8323	1.0000	04	2	-9999.0000	692	38361	-9999	895	882	-9999	317.9135	5	0.6265	0.6375	-0.0008	58.0942	1.1867	448.3954	369.0969	38.8382	436.7363	95.1403	459.5001	94.8108	465.1204	94.9866	470.5234	94.9426	
11/08/2017	02:10:21	019004	G523027054HLR	L523	S		431.6681	1.0233	10.0000	99.9913	39.8385	0.8230	0.8253	5.0000	19.8832	508.0540	94.8328	14.0817	25.7000	0.9300	0.9337	0.6369	-0.0008	508.0000	509.0262	1.0339	8.8823	100.0728	39.9796	0.8230	0.8231	5.0000	-9999.0000	-9999.0000	-9999.0000	-9999.0000	-9999.0000	-9999.0000	20.8918	1	0	27.7834	1.0000	04	2	-9999.0000	693	38362	-9999	896	883	-9999	318.1767	5	0.6264	0.6369	-0.0008	55.3455	1.3917	449.2384	375.5038	39.2995	437.2783	95.0525	462.4909	94.7889	468.1307	94.9426	472.8338	94.9646	
11/08/2017	02:10:49	019004	G523027060HLR	L523	S		433.9854	1.0233	10.0000	99.9686	39.9016	0.8230	0.8255	5.0000	20.1517	508.0390	94.8328	13.4117	25.7000	0.9300	0.9337	0.6335	-0.0005	508.0000	507.9824	1.0339	8.9985	100.0985	40.0099	0.8230	0.8230	5.0000	-9999.0000	-9999.0000	-9999.0000	-9999.0000	-9999.0000	-9999.0000	21.3027	2	0	27.4934	1.0000	04	2	-9999.0000	694	38363	-9999	897	884	-9999	318.3884	5	0.6266	0.6335	-0.0005	36.1273	2.7452	455.7040	371.8080	37.9155	444.6989	95.2941	467.7422	94.8548	472.4815	94.9426	476.9944	94.8987	
11/08/2017	02:11:16	019004	G523027058HLR	L523	S		432.6287	1.0233	10.0000	100.1648	39.9841	0.8230	0.8255	5.0000	20.0106	508.0389	94.8767	14.3317	25.8000	0.9300	0.9336	0.6336	-0.0005	508.0000	509.6151	1.0339	8.8148	100.0240	39.9997	0.8230	0.8231	5.0000	-9999.0000	-9999.0000	-9999.0000	-9999.0000	-9999.0000	-9999.0000	20.4329	3	0	26.7130	1.0000	04	2	-9999.0000	695	38364	-9999	898	885	-9999	318.1320	5	0.6266	0.6336	-0.0005	52.6664	1.6265	451.4043	379.7919	39.1677	439.5315	95.0305	466.2492	94.8548	469.2129	94.9646	473.9267	94.9426	
11/08/2017	02:11:42	019004	G523027051HLR	L523	S		432.2020	1.0233	10.0000	100.0903	39.9468	0.8230	0.8253	5.0000	19.9318	508.0483	94.8108	13.7418	25.8000	0.9300	0.9337	0.6335	-0.0005	508.0000	508.4418	1.0339	8.9493	99.9386	39.9399	0.8230	0.8228	5.0000	-9999.0000	-9999.0000	-9999.0000	-9999.0000	-9999.0000	-9999.0000	22.0133	4	0	26.9033	1.0000	04	2	-9999.0000	696	38365	-9999	899	886	-9999	318.3309	5	0.6267	0.6335	-0.0005	38.5779	2.5626	452.7677	383.4277	38.3110	440.6221	95.1843	465.7771	94.8108	471.4777	94.9866	476.3176	94.9866	
11/08/2017	02:12:08	019004	G523027050HLR	L523	S		433.9503	1.0233	10.0000	99.9799	39.8402	0.8230	0.8253	5.0000	20.2326	508.0552	94.8548	14.6208	25.8000	0.9300	0.9336	0.6339	-0.0006	508.0000	508.2424	1.0339	8.9722	100.0833	39.9866	0.8230	0.8233	5.0000	-9999.0000	-9999.0000	-9999.0000	-9999.0000	-9999.0000	-9999.0000	20.2923	5	0	25.5928	1.0000	04	2	-9999.0000	697	38366	-9999	900	887	-9999	318.0014	5	0.6265	0.6339	-0.0006	52.2884	1.6595	447.4371	362.3412	36.5096	435.3202	95.2941	461.5354	94.8548	466.8875	94.9426	472.0771	94.8767	
11/08/2017	02:12:33	019004	G523027056HLR	L523	S		430.5628	1.0233	10.0000	100.0742	39.9040	0.8230	0.8255	5.0000	20.1126	508.0819	94.8328	14.2721	25.8000	0.9300	0.9338	0.6341	-0.0006	508.0000	508.3685	1.0339	8.9577	100.1412	40.0512	0.8230	0.8233	5.0000	-9999.0000	-9999.0000	-9999.0000	-9999.0000	-9999.0000	-9999.0000	20.2923	6	0	24.6729	1.0000	04	2	-9999.0000	698	38367	-9999	901	888	-9999	318.0984	5	0.6265	0.6341	-0.0006	51.0961	1.7495	447.8199	368.0810	37.8716	434.9878	95.1184	462.3589	94.7889	469.4012	94.9646	473.9153	94.9646	
11/08/2017	02:12:58	019004	G523026495HLR	L523	S		440.8873	1.0233	10.0000	99.9698	39.9829	0.8230	0.8254	5.0000	19.9123	508.0426	94.8767	10.6614	25.8000	0.9300	0.9336	0.6344	-0.0006	508.0000	508.6566	1.0339	8.9247	100.0494	40.0027	0.8230	0.8231	5.0000	-9999.0000	-9999.0000	-9999.0000	-9999.0000	-9999.0000	-9999.0000	20.6125	7	0	25.0224	1.0000	04	3	-9999.0000	699	38368	-9999	902	889	-9999	319.1343	5	0.6264	0.6344	-0.0006	51.5860	1.7146	462.9228	380.5584	38.7723	451.7455	95.1184	475.6810	94.8108	482.0273	94.9207	486.9228	94.8987	
11/08/2017	02:13:22	019004	G523026498HLR	L523	S		438.4836	1.0233	10.0000	99.8782	39.9135	0.8230	0.8253	5.0000	19.9026	508.0582	94.8987	12.3618	25.9000	0.9300	0.9338	0.6343	-0.0006	508.0000	507.8262	1.0339	8.9850	100.0231	39.9487	0.8230	0.8232	5.0000	-9999.0000	-9999.0000	-9999.0000	-9999.0000	-9999.0000	-9999.0000	19.9220	8	0	24.6326	1.0000	04	3	-9999.0000	700	38369	-9999	903	890	-9999	318.6288	5	0.6265	0.6343	-0.0006	34.8113	2.9237	457.4905	362.7299	37.4323	445.5819	95.1184	470.0720	94.8108	475.0535	94.8767	479.6650	94.7889	
11/08/2017	02:13:49	019004	G523026394HLR	L523	S		436.2485	1.0233	10.0000	99.9816	39.8349	0.8230	0.8253	5.0000	20.0424	508.0680	94.9426	13.6510	25.9000	0.9300	0.9337	0.6339	-0.0006	508.0000	508.4579	1.0339	8.9475	100.1029	40.0171	0.8230	0.8234	5.0000	-9999.0000	-9999.0000	-9999.0000	-9999.0000	-9999.0000	-9999.0000	19.9622	1	0	26.5029	1.0000	04	3	-9999.0000	701	38370	-9999	904	891	-9999	318.2036	5	0.6263	0.6339	-0.0006	57.1057	1.2779	454.1056	371.0612	39.1457	442.4303	94.9646	466.6513	94.8108	472.2710	95.0305	476.5910	94.9207	
11/08/2017	02:14:14	019004	G523026492HLR	L523	S		439.2470	1.0233	10.0000	100.1932	39.9180	0.8230	0.8256	5.0000	19.8626	508.0400	94.8108	12.6118	25.8000	0.9300	0.9339	0.6342	-0.0006	508.0000	508.3971	1.0339	8.9545	100.1122	40.0512	0.8230	0.8233	5.0000	-9999.0000	-9999.0000	-9999.0000	-9999.0000	-9999.0000	-9999.0000	20.3518	2	0	24.6934	1.0000	04	3	-9999.0000	702	38371	-9999	905	891	-9999	318.4626	5	0.6262	0.6342	-0.0006	33.3945	3.0192	455.2981	377.6128	37.6300	441.8127	95.3161	470.4367	94.8108	475.5448	94.9207	480.7136	94.9207	
11/08/2017	02:14:40	019004	G523026494HLR	L523	S		437.9355	1.0233	10.0000	100.0566	39.9823	0.8230	0.8255	5.0000	19.9827	508.0663	94.8328	11.7621	25.8000	0.9300	0.9336	0.6338	-0.0006	508.0000	508.4104	1.0339	8.9529	100.0776	40.0080	0.8230	0.8230	5.0000	-9999.0000	-9999.0000	-9999.0000	-9999.0000	-9999.0000	-9999.0000	20.9319	3	0	26.7931	1.0000	04	3	-9999.0000	703	38372	-9999	906	892	-9999	318.6891	5	0.6263	0.6338	-0.0006	34.7448	2.9491	459.8522	370.2899	37.9155	447.9753	95.1843	471.9653	94.7889	477.7539	94.9426	482.5124	94.8767	
11/08/2017	02:15:05	019004	G523026840HLR	L523	S		439.0940	1.0233	10.0000	100.1163	39.9086	0.8230	0.8253	5.0000	20.1322	508.0334	94.8767	11.7318	25.8000	0.9300	0.9336	0.6340	-0.0006	508.0000	508.3668	1.0339	8.9579	100.0652	39.9487	0.8230	0.8230	5.0000	-9999.0000	-9999.0000	-9999.0000	-9999.0000	-9999.0000	-9999.0000	20.7728	4	0	24.6933	1.0000	04	3	-9999.0000	704	38373	-9999	907	893	-9999	318.6977	5	0.6264	0.6340	-0.0006	34.2174	2.9647	460.0276	359.0704	39.0798	448.5457	94.9866	472.3015	94.7889	479.0350	94.9426	483.2236	94.8548	
11/08/2017	02:15:30	019004	G523026838HLR	L523	S		439.7255	1.0233	10.0000	100.1013	39.8582	0.8230	0.8253	5.0000	20.1625	508.0443	94.8108	10.5315	25.8000	0.9300	0.9337	0.6339	-0.0006	508.0000	508.1590	1.0339	8.9818	100.0942	40.0166	0.8230	0.8232	5.0000	-9999.0000	-9999.0000	-9999.0000	-9999.0000	-9999.0000	-9999.0000	20.5325	5	0	25.0817	1.0000	04	3	-9999.0000	705	38374	-9999	908	894	-9999	319.0193	5	0.6263	0.6339	-0.0006	34.7498	2.8920	462.1275	373.6134	39.3654	449.8770	94.8987	476.6419	94.7889	482.1382	94.9866	487.0893	94.9207	
11/08/2017	02:15:55	019004	G523026835HLR	L523	S		439.3893	1.0233	10.0000	100.1105	39.9065	0.8230	0.8255	5.0000	20.0422	508.0720	94.8328	10.6614	25.9000	0.9300	0.9337	0.6338	-0.0006	508.0000	507.6581	1.0339	8.9705	100.1106	40.0512	0.8230	0.8231	5.0000	-9999.0000	-9999.0000	-9999.0000	-9999.0000	-9999.0000	-9999.0000	20.9721	6	0	24.6630	1.0000	04	3	-9999.0000	705	38375	-9999	909	895	-9999	318.9851	5	0.6263	0.6338	-0.0006	34.5930	2.9070	460.9313	370.0933	37.0808	448.1283	94.9646	476.7841	94.7669	482.0029	94.9426	486.5804	94.7889	
11/08/2017	02:16:20	019004	G523026485HLR	L523	S		431.6558	1.0233	10.0000	100.0179	39.9886	0.8230	0.8255	5.0000	19.9718	508.0510	95.0964	14.8620	25.9000	0.9300	0.9337	0.6335	-0.0005	508.0000	507.0808	1.0339	8.9208	100.0531	40.0281	0.8230	0.8232	5.0000	-9999.0000	-9999.0000	-9999.0000	-9999.0000	-9999.0000	-9999.0000	19.9515	7	0	24.9229	1.0000	04	3	-9999.0000	706	38376	-9999	910	896	-9999	317.7672	5	0.6263	0.6335	-0.0005	36.1626	2.7908	447.5992	373.2225	38.3329	435.8083	95.1403	460.6340	94.8328	466.5038	94.9207	470.6293	94.7449	
11/08/2017	02:16:44	019004	G523026490HLR	L523	S		437.8909	1.0233	10.0000	100.0114	39.9149	0.8230	0.8253	5.0000	19.9525	508.0743	94.8548	12.7622	25.8000	0.9300	0.9337	0.6329	-0.0005	508.0000	506.7846	1.0339	8.8952	100.1632	39.9814	0.8230	0.8231	5.0000	-9999.0000	-9999.0000	-9999.0000	-9999.0000	-9999.0000	-9999.0000	20.4717	8	0	24.6834	1.0000	04	3	-9999.0000	707	38377	-9999	911	897	-9999	318.4188	5	0.6264	0.6329	-0.0005	36.5718	2.7567	456.0757	381.2999	38.1352	444.2602	95.2062	469.4394	94.8548	474.3261	95.0085	479.3730	94.9866	
11/08/2017	02:17:11	019004	G523026839HLR	L523	S		437.8688	1.0233	10.0000	99.9800	39.8713	0.8230	0.8253	5.0000	20.1330	508.0479	94.9207	13.1411	25.8000	0.9300	0.9336	0.6324	-0.0005	508.0000	508.2834	1.0339	8.9675	100.0581	39.9857	0.8230	0.8233	5.0000	-9999.0000	-9999.0000	-9999.0000	-9999.0000	-9999.0000	-9999.0000	20.1125	1	0	26.4629	1.0000	04	3	-9999.0000	708	38378	-9999	912	898	-9999	318.2898	5	0.6264	0.6324	-0.0005	44.7053	2.1530	455.1801	366.8853	38.3329	443.3665	95.4698	468.8761	94.8767	474.0103	94.9426	478.5098	94.8987	
11/08/2017	02:17:35	019004	G523026844HLR	L523	S		436.4857	1.0233	10.0000	99.9720	39.8991	0.8230	0.8255	5.0000	20.1126	508.0557	94.8987	12.5210	25.8000	0.9300	0.9335	0.6330	-0.0005	508.0000	506.7052	1.0339	8.8884	100.1479	40.0512	0.8230	0.8232	5.0000	-9999.0000	-9999.0000	-9999.0000	-9999.0000	-9999.0000	-9999.0000	20.9829	2	0	24.6824	1.0000	04	3	-9999.0000	709	38379	-9999	913	899	-9999	318.4530	5	0.6265	0.6330	-0.0005	45.4895	2.0859	455.1802	372.6729	38.4867	442.0798	95.1843	469.8078	94.8548	475.2843	94.9866	479.6467	94.9426	
11/08/2017	02:18:04	019004	G523026854HLR	L523	S		440.3383	1.0233	10.0000	99.9762	39.9839	0.8230	0.8255	5.0000	19.9125	508.0545	94.8328	11.3714	25.8000	0.9300	0.9337	0.6337	-0.0006	508.0000	506.6596	1.0339	8.8845	100.0669	40.0340	0.8230	0.8232	5.0000	-9999.0000	-9999.0000	-9999.0000	-9999.0000	-9999.0000	-9999.0000	20.3528	3	0	28.9534	1.0000	04	3	-9999.0000	710	38380	-9999	914	900	-9999	318.7679	5	0.6265	0.6337	-0.0006	44.6477	2.1591	459.1284	376.5628	37.9595	446.8058	94.9646	473.3791	94.7669	480.3084	94.9646	484.5592	94.8987	
11/08/2017	02:18:33	019004	G523026852HLR	L523	S		436.2728	1.0233	10.0000	100.0956	39.9468	0.8230	0.8253	5.0000	20.2314	508.0641	94.8767	11.7914	25.8000	0.9300	0.9338	0.6329	-0.0005	508.0000	507.2600	1.0339	8.9362	100.0663	39.9589	0.8230	0.8230	5.0000	-9999.0000	-9999.0000	-9999.0000	-9999.0000	-9999.0000	-9999.0000	21.2719	4	0	28.7534	1.0000	04	3	-9999.0000	711	38381	-9999	914	901	-9999	318.6632	5	0.6267	0.6329	-0.0005	45.5844	2.0564	458.7360	380.1325	38.3769	446.6965	94.9207	472.3790	94.7010	479.5111	94.9646	483.2043	94.9207	
11/08/2017	02:19:00	019004	G523026853HLR	L523	S		435.6674	1.0233	10.0000	100.0137	39.8844	0.8230	0.8253	5.0000	20.1117	508.0379	94.9646	13.1910	25.9000	0.9300	0.9337	0.6333	-0.0005	508.0000	507.8372	1.0339	8.9860	100.0479	40.0181	0.8230	0.8232	5.0000	-9999.0000	-9999.0000	-9999.0000	-9999.0000	-9999.0000	-9999.0000	20.3129	5	0	26.9728	1.0000	04	3	-9999.0000	712	38382	-9999	915	902	-9999	318.2324	5	0.6267	0.6333	-0.0005	46.5915	1.9565	451.5657	365.1080	38.7283	438.1426	94.7889	466.8452	94.7669	471.9808	94.9866	476.6445	94.9207	
11/08/2017	02:19:27	019004	G523026850HLR	L523	S		438.3577	1.0233	10.0000	99.9739	39.8926	0.8230	0.8254	5.0000	20.1526	508.0428	94.7889	11.3314	25.8000	0.9300	0.9336	0.6331	-0.0005	508.0000	508.0736	1.0339	8.9916	100.0083	40.0232	0.8230	0.8230	5.0000	-9999.0000	-9999.0000	-9999.0000	-9999.0000	-9999.0000	-9999.0000	21.5230	6	0	26.5734	1.0000	04	3	-9999.0000	713	38383	-9999	916	903	-9999	318.7496	5	0.6269	0.6331	-0.0005	48.8799	1.7499	459.4375	379.4343	39.1457	446.5666	95.0305	474.7322	94.8108	480.0452	95.0085	485.0131	94.9426	
11/08/2017	02:19:55	019004	G523026847HLR	L523	S		442.8311	1.0233	10.0000	99.9867	39.9874	0.8230	0.8255	5.0000	20.0119	508.0366	94.8328	11.0218	25.9000	0.9300	0.9337	0.6330	-0.0005	508.0000	506.8717	1.0339	8.9027	99.9860	39.9909	0.8230	0.8231	5.0000	-9999.0000	-9999.0000	-9999.0000	-9999.0000	-9999.0000	-9999.0000	20.6116	7	0	27.8526	1.0000	04	3	-9999.0000	714	38384	-9999	917	904	-9999	318.8394	5	0.6271	0.6330	-0.0005	49.3805	1.6802	460.7370	366.9647	37.2565	448.1700	95.1623	474.8252	94.8328	480.7058	94.9426	485.6306	94.8548	
11/08/2017	02:20:22	019004	G523026860HLR	L523	S		435.6452	1.0233	10.0000	100.0066	39.9653	0.8230	0.8254	5.0000	19.9923	508.0500	94.8548	11.5316	25.9000	0.9300	0.9337	0.6332	-0.0005	508.0000	507.7340	1.0339	8.9771	100.1658	39.9620	0.8230	0.8230	5.0000	-9999.0000	-9999.0000	-9999.0000	-9999.0000	-9999.0000	-9999.0000	21.2123	8	0	27.3234	1.0000	04	3	-9999.0000	715	38385	-9999	918	905	-9999	318.9007	5	0.6273	0.6332	-0.0005	49.8443	1.6534	458.9136	367.4368	37.9155	446.8294	94.9646	473.2320	94.8108	478.4699	94.9646	482.9078	94.7889	
11/08/2017	02:20:50	019004	G523026862HLR	L523	S		442.0727	1.0233	10.0000	100.0241	39.8991	0.8230	0.8253	5.0000	20.0521	508.0274	94.8548	10.6116	25.9000	0.9300	0.9336	0.6326	-0.0004	508.0000	507.6812	1.0339	8.9725	100.0613	40.0512	0.8230	0.8234	5.0000	-9999.0000	-9999.0000	-9999.0000	-9999.0000	-9999.0000	-9999.0000	19.8929	1	0	27.7729	1.0000	04	3	-9999.0000	716	38386	-9999	919	906	-9999	319.0807	5	0.6274	0.6326	-0.0004	52.1905	1.4542	463.8295	366.4996	39.4313	451.6626	94.8108	478.5100	94.8328	483.1013	94.9646	487.9256	94.9426	
11/08/2017	02:21:16	019004	G523026386HLR	L523	S		453.2519	1.0233	10.0000	99.9989	39.9002	0.8230	0.8254	5.0000	19.8927	508.0519	94.7010	7.7109	25.9000	0.9300	0.9336	0.6331	-0.0005	508.0000	507.2354	1.0339	8.9341	100.0497	40.0431	0.8230	0.8232	5.0000	-9999.0000	-9999.0000	-9999.0000	-9999.0000	-9999.0000	-9999.0000	20.4622	2	0	26.4628	1.0000	04	3	-9999.0000	717	38387	-9999	920	907	-9999	319.8476	5	0.6274	0.6331	-0.0005	53.1623	1.3816	474.2466	374.5898	37.6959	462.1153	94.9866	487.2762	94.7889	492.8509	94.8987	497.9872	94.6790	
11/08/2017	02:21:41	019004	G523026874HLR	L523	S		438.8605	1.0233	10.0000	99.9140	39.9380	0.8230	0.8254	5.0000	20.1517	508.0689	95.0525	12.8716	25.9000	0.9300	0.9336	0.6340	-0.0005	508.0000	507.2718	1.0339	8.9372	100.1219	39.9925	0.8230	0.8230	5.0000	-9999.0000	-9999.0000	-9999.0000	-9999.0000	-9999.0000	-9999.0000	21.0824	3	0	25.2929	1.0000	04	3	-9999.0000	718	38388	-9999	921	908	-9999	318.6555	5	0.6275	0.6340	-0.0005	50.3968	1.5967	454.4919	364.4674	39.1457	442.6701	94.6790	468.8881	94.5692	473.8267	94.8108	478.9146	94.7889	
11/08/2017	02:22:06	019004	G523026880HLR	L523	S		446.3921	1.0233	10.0000	99.9522	39.9462	0.8230	0.8254	5.0000	19.9125	508.0633	94.8987	8.1406	25.8000	0.9300	0.9336	0.6333	-0.0005	508.0000	509.0362	1.0339	8.8812	99.9957	39.9487	0.8230	0.8232	5.0000	-9999.0000	-9999.0000	-9999.0000	-9999.0000	-9999.0000	-9999.0000	20.3322	4	0	24.7333	1.0000	04	3	-9999.0000	719	38389	-9999	922	909	-9999	319.8674	5	0.6276	0.6333	-0.0005	52.4052	1.4511	471.9248	380.6912	40.0464	460.5440	94.9207	486.6760	94.7889	491.9622	94.9866	497.0417	94.9426	
11/08/2017	02:22:33	019004	G523026881HLR	L523	S		432.3714	1.0233	10.0000	99.9594	39.9178	0.8230	0.8254	5.0000	19.9123	508.0342	94.9866	15.8514	25.9000	0.9300	0.9338	0.6332	-0.0005	508.0000	509.0023	1.0339	8.8851	100.1921	40.0490	0.8230	0.8233	5.0000	-9999.0000	-9999.0000	-9999.0000	-9999.0000	-9999.0000	-9999.0000	20.6322	5	0	26.3635	1.0000	04	3	-9999.0000	720	38390	-9999	923	910	-9999	318.0572	5	0.6278	0.6332	-0.0005	50.1164	1.6440	449.4830	356.3821	37.5201	438.3505	95.3161	460.4827	94.7010	465.1246	94.7669	470.7419	94.7449	
11/08/2017	02:23:01	019004	G523027026HLR	L523	S		434.3696	1.0233	10.0000	100.0958	39.9051	0.8230	0.8254	5.0000	19.9319	508.0603	94.8328	14.0211	25.8000	0.9300	0.9336	0.6344	-0.0005	508.0000	506.9003	1.0339	8.9052	100.0314	40.0541	0.8230	0.8231	5.0000	-9999.0000	-9999.0000	-9999.0000	-9999.0000	-9999.0000	-9999.0000	20.9624	6	0	28.6222	1.0000	04	3	-9999.0000	721	38391	-9999	924	911	-9999	318.4536	5	0.6280	0.6344	-0.0005	40.4837	2.4065	451.8344	357.1887	39.6510	439.8178	95.6017	463.4971	94.8987	468.8998	94.8987	474.0392	94.9207	
11/08/2017	02:23:27	019004	G523027023HLR	L523	S		437.4022	1.0233	10.0000	100.0724	39.9329	0.8230	0.8255	5.0000	20.1216	508.0566	94.8328	13.3922	25.8000	0.9300	0.9336	0.6342	-0.0005	508.0000	509.0410	1.0339	8.8806	99.9945	40.0312	0.8230	0.8230	5.0000	-9999.0000	-9999.0000	-9999.0000	-9999.0000	-9999.0000	-9999.0000	20.9319	7	0	26.2438	1.0000	04	3	-9999.0000	722	38392	-9999	925	912	-9999	318.7180	5	0.6281	0.6342	-0.0005	39.8375	2.4348	453.8007	376.0586	37.2565	441.2127	95.5577	467.0179	94.8767	472.6091	94.9207	476.9728	94.9207	
11/08/2017	02:23:52	019004	G523027022HLR	L523	S		440.9913	1.0233	10.0000	100.0431	39.9272	0.8230	0.8254	5.0000	20.1321	508.0478	94.8767	10.2013	25.8000	0.9300	0.9336	0.6332	-0.0004	508.0000	508.9198	1.0339	8.8945	100.0351	40.0103	0.8230	0.8231	5.0000	-9999.0000	-9999.0000	-9999.0000	-9999.0000	-9999.0000	-9999.0000	20.5522	8	0	24.7327	1.0000	04	3	-9999.0000	723	38393	-9999	926	913	-9999	319.4853	5	0.6281	0.6332	-0.0004	41.7978	2.2671	462.9638	377.2801	37.8057	450.1033	95.2502	479.8925	94.8328	484.4569	94.9646	488.3808	94.9426	
11/08/2017	02:24:17	019004	G523027018HLR	L523	S		433.9726	1.0233	10.0000	99.9286	39.9071	0.8230	0.8254	5.0000	19.9915	508.0607	95.0744	14.4519	25.9000	0.9300	0.9337	0.6344	-0.0005	508.0000	507.7513	1.0339	8.9786	99.9621	39.9411	0.8230	0.8229	5.0000	-9999.0000	-9999.0000	-9999.0000	-9999.0000	-9999.0000	-9999.0000	21.4516	1	0	24.8729	1.0000	04	3	-9999.0000	724	38394	-9999	927	914	-9999	318.3765	5	0.6279	0.6344	-0.0005	44.7281	2.0191	450.2669	377.0042	39.6729	438.0141	95.5797	462.7873	94.8987	467.5407	94.7669	472.5921	94.6571	
11/08/2017	02:24:42	019004	G523027020HLR	L523	S		436.5523	1.0233	10.0000	100.0145	39.9237	0.8230	0.8254	5.0000	20.0522	508.0551	94.8108	13.8824	25.8000	0.9300	0.9336	0.6340	-0.0005	508.0000	508.0267	1.0339	8.9969	100.0005	40.0021	0.8230	0.8233	5.0000	-9999.0000	-9999.0000	-9999.0000	-9999.0000	-9999.0000	-9999.0000	20.3821	2	0	24.6620	1.0000	04	3	-9999.0000	725	38395	-9999	928	915	-9999	318.5983	5	0.6280	0.6340	-0.0005	47.3120	1.8080	452.9661	373.3468	37.3005	441.3434	95.2721	465.7148	94.8108	471.9750	94.9866	476.0898	94.9866	
11/08/2017	02:25:07	019004	G523027031HLR	L523	S		434.5867	1.0233	10.0000	100.0314	39.9649	0.8230	0.8254	5.0000	20.2621	508.0822	94.8548	14.3815	25.8000	0.9300	0.9337	0.6343	-0.0005	508.0000	508.4986	1.0339	8.9428	100.1197	40.0670	0.8230	0.8233	5.0000	-9999.0000	-9999.0000	-9999.0000	-9999.0000	-9999.0000	-9999.0000	20.5422	3	0	24.9530	1.0000	04	3	-9999.0000	726	38396	-9999	928	916	-9999	318.3758	5	0.6279	0.6343	-0.0005	47.3931	1.8118	451.3173	380.6387	38.4647	440.1940	95.4479	462.9929	94.8767	469.5626	94.9207	473.7364	94.8987	
11/08/2017	02:25:35	019004	G523026108HLR	L523	S		442.4634	1.0233	10.0000	99.9784	39.9497	0.8230	0.8254	5.0000	19.8724	508.0324	94.8108	11.1507	25.8000	0.9300	0.9337	0.6336	-0.0005	508.0000	506.9855	1.0339	8.9125	100.0956	40.0498	0.8230	0.8231	5.0000	-9999.0000	-9999.0000	-9999.0000	-9999.0000	-9999.0000	-9999.0000	20.9720	4	0	28.3831	1.0000	04	3	-9999.0000	727	38397	-9999	929	917	-9999	319.1938	5	0.6280	0.6336	-0.0005	43.7741	2.1096	461.9326	371.5201	38.2890	449.5519	95.1843	476.2362	94.8548	481.1301	94.9426	485.6218	94.9646	
11/08/2017	02:26:00	019004	G523027012HLR	L523	S		438.9021	1.0233	10.0000	99.9909	39.8852	0.8230	0.8253	5.0000	20.0823	508.0724	94.8328	11.3919	25.8000	0.9300	0.9335	0.6335	-0.0005	508.0000	508.7859	1.0339	8.9099	100.0615	39.9962	0.8230	0.8232	5.0000	-9999.0000	-9999.0000	-9999.0000	-9999.0000	-9999.0000	-9999.0000	20.2523	5	0	25.2929	1.0000	04	3	-9999.0000	728	38398	-9999	930	918	-9999	319.1642	5	0.6279	0.6335	-0.0005	44.1623	2.0751	460.6365	383.6852	37.1906	448.0222	95.2282	474.2291	94.7889	479.8175	94.8987	484.6258	94.8548	
11/08/2017	02:26:26	019004	G523027011HLR	L523	S		437.8337	1.0233	10.0000	100.0189	39.8944	0.8230	0.8255	5.0000	20.0218	508.0880	95.0305	12.9409	25.8000	0.9300	0.9338	0.6332	-0.0005	508.0000	507.1563	1.0339	8.9273	100.0739	39.9890	0.8230	0.8229	5.0000	-9999.0000	-9999.0000	-9999.0000	-9999.0000	-9999.0000	-9999.0000	21.6421	6	0	25.8633	1.0000	04	3	-9999.0000	729	38399	-9999	931	919	-9999	318.7884	5	0.6277	0.6332	-0.0005	49.4136	1.6742	457.9707	386.3323	37.1687	447.2846	95.2062	468.9667	94.8548	474.6461	94.9866	479.0969	94.8328	
11/08/2017	02:26:51	019004	G523027016HLR	L523	S		438.6750	1.0233	10.0000	99.8686	39.9784	0.8230	0.8255	5.0000	20.0520	508.0645	94.8328	12.5219	25.8000	0.9300	0.9336	0.6334	-0.0005	508.0000	507.4594	1.0339	8.9534	100.0439	39.9614	0.8230	0.8231	5.0000	-9999.0000	-9999.0000	-9999.0000	-9999.0000	-9999.0000	-9999.0000	20.7414	7	0	24.9228	1.0000	04	3	-9999.0000	730	38400	-9999	932	920	-9999	318.8175	5	0.6276	0.6334	-0.0005	48.8133	1.7143	455.8409	374.7542	39.7169	443.4180	94.9646	469.3293	94.7889	475.4198	95.0085	480.2321	94.9866	
11/08/2017	02:27:16	019004	G523027014HLR	L523	S		434.9653	1.0233	10.0000	100.0687	39.9798	0.8230	0.8254	5.0000	19.9816	508.0644	94.9646	13.6822	25.8000	0.9300	0.9336	0.6336	-0.0005	508.0000	507.4768	1.0339	8.9549	99.9610	40.0512	0.8230	0.8232	5.0000	-9999.0000	-9999.0000	-9999.0000	-9999.0000	-9999.0000	-9999.0000	20.8324	8	0	24.6134	1.0000	04	3	-9999.0000	731	38401	-9999	933	921	-9999	318.6005	5	0.6278	0.6336	-0.0005	43.5683	2.0862	453.5852	363.9465	37.2346	442.4007	95.4259	465.8853	94.8987	471.2330	94.9646	475.8489	94.8548	
11/08/2017	02:27:41	019004	G523027013HLR	L523	S		437.8055	1.0233	10.0000	99.9940	39.9010	0.8230	0.8253	5.0000	20.1125	508.0501	94.8548	11.8012	25.8000	0.9300	0.9335	0.6336	-0.0005	508.0000	508.6402	1.0339	8.9266	100.0762	40.0512	0.8230	0.8233	5.0000	-9999.0000	-9999.0000	-9999.0000	-9999.0000	-9999.0000	-9999.0000	20.0725	1	0	25.2724	1.0000	04	3	-9999.0000	732	38402	-9999	934	922	-9999	319.0563	5	0.6278	0.6336	-0.0005	43.5365	2.0886	457.9568	375.3144	39.7169	445.6573	95.0744	472.9084	94.8328	477.8105	95.0085	482.2476	94.9646	
11/08/2017	02:28:08	019004	G523027009HLR	L523	S		436.0751	1.0233	10.0000	100.0319	39.9141	0.8230	0.8254	5.0000	20.0618	508.0503	95.0085	14.1120	25.8000	0.9300	0.9336	0.6333	-0.0005	508.0000	508.6021	1.0339	8.9310	100.0653	40.0218	0.8230	0.8232	5.0000	-9999.0000	-9999.0000	-9999.0000	-9999.0000	-9999.0000	-9999.0000	20.4427	2	0	26.9726	1.0000	04	3	-9999.0000	733	38403	-9999	935	923	-9999	318.5182	5	0.6278	0.6333	-0.0005	48.8323	1.6956	452.3899	372.4872	38.6624	440.1106	95.2721	466.6972	94.8548	470.4434	94.9426	475.1472	94.8548	
