Data	Timp	Nr. masina	Nr. de serie	Tip	Productie	Comentariu	Pre-masurare Q [ml/min]	Pre-masurare Gain	Pre-masurare Offset Master	Pre-masurare P [bar]	Pre-masurare T [°C]	Pre-masurare Densitate fixa [kg/l]	Pre-masurare densitate masurata [kg/l]	Pre-masurare Timp masurare [s]	Pre-masurare Cycle time [s]	rectificare Q Oprire [ml/min]	rectificare P Oprire [bar]	rectificare Timp rectificare [s]	rectificare T [°C]	rectificare Densitate fixa [kg/l]	rectificare densitate masurata [kg/l]	rectificare Factor de masurare la rectificare	rectificare Factor de corectie a debitului	rectificare Target rectificare	Masurare Q [ml/min]	Masurare Gain	Masurare Offset Master	Masurare P [bar]	Masurare T [°C]	Masurare Densitate fixa [kg/l]	Masurare densitate masurata [kg/l]	Masurare Timp masurare [s]	Masurare Q [ml/min]	Masurare Delta Q [ml/min]	Masurare P [bar]	Masurare BP [bar]	Masurare T [°C]	Masurare Timp masurare [s]	Masurare Cycle time [s]	Nest Nr.	Cod de descarcare	Cycle time [s]	Traceability aktiv	EDM Maschine Nr	EDM Spindle Nr	Honing Rate [r	Station Counter Premeasure	Station Counter Grind	Station Counter Blowout 1	Station Counter Wash	Station Counter Measure	Station Counter Blowout 2	RealGrindQStop	Reg Type	Factor 0	Factor 1	Factor 2	Factor 3	Factor 4	G_StartQV	G_StartQV_1	G_StartQV_2	G_StartQV_3	G_StartQV_4	G_StartQV_5	
14/08/2017	06:20:07	019004	G523044701HLR	L523	S		443.5826	1.0233	10.0000	100.0293	39.5501	0.8230	0.8270	5.0000	19.9514	31.6917	1.9990	580.5249	25.8000	0.9300	0.0000	0.6456	-0.0007	508.0000	451.6140	1.0339	3.4996	100.0510	39.6332	0.8230	0.8254	5.0000	-9999.0000	-9999.0000	-9999.0000	-9999.0000	-9999.0000	-9999.0000	21.0530	3	31	24.8826	1.0000	11	2	-9999.0000	6673	44289	-9999	1043	3890	-9999	7.1026	5	0.6378	0.6456	-0.0007	41.6221	2.3307	-1.0000	248.3013	1.0325	83.0700	1.8672	23.3398	1.9551	17.3673	1.9771	14.1073	1.9990	
14/08/2017	06:20:57	019004	G523044687HLR	L523	S		446.9046	1.0233	10.0000	100.0243	39.5591	0.8230	0.8270	5.0000	20.0130	508.0549	95.0085	9.6905	25.5000	0.9300	0.9314	0.6456	-0.0007	508.0000	509.6987	1.0339	7.1935	99.9728	40.0222	0.8230	0.8239	5.0000	-9999.0000	-9999.0000	-9999.0000	-9999.0000	-9999.0000	-9999.0000	21.6018	5	0	24.8231	1.0000	11	2	-9999.0000	6674	44290	-9999	1044	3891	-9999	324.4826	5	0.6378	0.6456	-0.0007	41.6221	2.3307	462.5551	308.7306	36.0044	449.7748	95.2941	479.7122	94.6351	484.6083	94.7010	489.0122	94.8987	
14/08/2017	06:21:47	019004	G523044697HLR	L523	S		440.8820	1.0233	10.0000	99.9987	39.5957	0.8230	0.8269	5.0000	19.9730	508.0554	95.1184	11.9720	25.5000	0.9300	0.9318	0.6456	-0.0007	508.0000	510.2084	1.0339	7.1446	99.9207	39.4359	0.8230	0.8247	5.0000	-9999.0000	-9999.0000	-9999.0000	-9999.0000	-9999.0000	-9999.0000	21.1625	7	0	24.7235	1.0000	11	2	-9999.0000	6675	44291	-9999	1045	3892	-9999	323.6470	5	0.6378	0.6456	-0.0007	41.6221	2.3307	450.6142	296.2574	34.7962	436.8431	94.4374	468.2576	94.5253	475.3488	94.7669	480.8035	94.7230	
14/08/2017	06:22:39	019004	G523044691HLR	L523	S		440.6344	1.0233	10.0000	100.0196	39.5509	0.8230	0.8268	5.0000	19.9923	508.0502	94.9207	11.3812	25.4000	0.9300	0.9321	0.6449	-0.0007	508.0000	509.7014	1.0339	7.1932	100.0051	39.9878	0.8230	0.8237	5.0000	-9999.0000	-9999.0000	-9999.0000	-9999.0000	-9999.0000	-9999.0000	25.3828	1	0	24.2224	1.0000	11	2	-9999.0000	6676	44292	-9999	1046	3893	-9999	323.7879	5	0.6376	0.6449	-0.0007	40.3978	2.4461	454.2852	296.2377	36.5096	439.9486	94.9207	470.9722	94.6131	476.9690	94.8548	482.6486	94.8108	
14/08/2017	06:24:16	019004	G523044718HLR	L523	Q		440.5913	1.0233	10.0000	100.0655	39.6729	0.8230	0.8271	5.0000	20.0120	508.0587	94.9207	12.3705	25.4000	0.9300	0.9327	0.6462	-0.0008	508.0000	511.7092	1.0339	7.0008	100.1792	40.7559	0.8230	0.8265	5.0000	-9999.0000	-9999.0000	-9999.0000	-9999.0000	-9999.0000	-9999.0000	19.9221	5	0	24.7431	1.0000	11	2	-9999.0000	6678	44293	-9999	1048	3895	-9999	323.1419	5	0.6373	0.6462	-0.0008	41.3649	2.3611	450.0292	284.9385	38.5746	437.5155	95.2062	465.6123	94.7449	472.7121	94.8108	477.7846	94.8328	
14/08/2017	06:25:05	019004	G523044700HLR	L523	Q		440.7739	1.0233	10.0000	99.9985	39.5268	0.8230	0.8267	5.0000	20.3128	508.0333	94.8767	11.5706	25.2000	0.9300	0.9325	0.6462	-0.0008	508.0000	510.8426	1.0339	7.0839	99.9908	39.7388	0.8230	0.8233	5.0000	-9999.0000	-9999.0000	-9999.0000	-9999.0000	-9999.0000	-9999.0000	21.4224	7	0	24.8231	1.0000	11	2	-9999.0000	6679	44294	-9999	1049	3896	-9999	323.4588	5	0.6373	0.6462	-0.0008	41.3649	2.3611	456.5300	301.5306	37.7837	444.4624	95.1623	469.9591	94.7449	475.7023	94.8548	480.5603	94.8108	
14/08/2017	06:25:55	019004	G523044778HLR	L523	S		438.3635	1.0233	10.0000	100.0473	39.7028	0.8230	0.8270	5.0000	19.9826	508.0496	94.9646	12.1205	25.2000	0.9300	0.9328	0.6483	-0.0010	508.0000	510.2692	1.0339	7.1388	99.9721	39.7435	0.8230	0.8252	5.0000	-9999.0000	-9999.0000	-9999.0000	-9999.0000	-9999.0000	-9999.0000	22.0931	1	0	24.7723	1.0000	11	2	-9999.0000	6680	44295	-9999	1050	3897	-9999	322.9532	5	0.6370	0.6483	-0.0010	40.1866	2.4912	450.1216	293.5678	36.1582	436.6952	95.2941	466.2278	94.7449	472.8104	94.8328	478.2585	94.7449	
14/08/2017	06:26:49	019004	G523044774HLR	L523	S		443.6198	1.0233	10.0000	99.9966	39.5693	0.8230	0.8267	5.0000	19.9417	508.0712	94.8767	11.9720	25.2000	0.9300	0.9328	0.6492	-0.0011	508.0000	508.8887	1.0339	7.2711	100.0006	39.7818	0.8230	0.8232	5.0000	-9999.0000	-9999.0000	-9999.0000	-9999.0000	-9999.0000	-9999.0000	25.4130	3	0	24.9227	1.0000	11	2	-9999.0000	6681	44296	-9999	1051	3898	-9999	322.9009	5	0.6368	0.6492	-0.0011	40.3064	2.4851	447.4294	288.5913	35.2575	432.8621	95.1623	467.4651	94.7010	474.7738	94.8328	480.0865	94.8328	
14/08/2017	06:27:38	019004	G523044713HLR	L523	S		445.9977	1.0233	10.0000	100.0332	39.6825	0.8230	0.8269	5.0000	20.0787	508.0638	94.8548	11.3714	25.3000	0.9300	0.9331	0.6503	-0.0013	508.0000	508.9086	1.0339	7.2692	100.0646	39.7435	0.8230	0.8252	5.0000	-9999.0000	-9999.0000	-9999.0000	-9999.0000	-9999.0000	-9999.0000	20.6323	5	0	24.8730	1.0000	11	2	-9999.0000	6682	44297	-9999	1052	3899	-9999	323.1073	5	0.6365	0.6503	-0.0013	40.5617	2.4784	449.8013	286.3147	35.5870	434.7338	95.1623	469.9213	94.6790	475.7792	94.7889	481.0336	94.8108	
14/08/2017	06:28:26	019004	G523044716HLR	L523	S		443.7358	1.0233	10.0000	100.0452	39.5747	0.8230	0.8268	5.0000	20.4816	508.0688	94.8767	11.5911	25.3000	0.9300	0.9333	0.6506	-0.0013	508.0000	508.6450	1.0339	7.2945	100.0446	40.0261	0.8230	0.8243	5.0000	-9999.0000	-9999.0000	-9999.0000	-9999.0000	-9999.0000	-9999.0000	20.4014	7	0	24.8134	1.0000	11	2	-9999.0000	6683	44298	-9999	1053	3900	-9999	322.9286	5	0.6361	0.6506	-0.0013	41.3574	2.3721	450.9385	298.2687	36.0923	437.6571	94.9426	469.0158	94.6351	474.8658	94.8328	479.9710	94.7889	
14/08/2017	06:29:15	019004	G523044803HLR	L523	S		441.8643	1.0233	10.0000	100.0971	39.7069	0.8230	0.8268	5.0000	19.9620	508.0759	94.8767	10.7707	25.2000	0.9300	0.9331	0.6525	-0.0015	508.0000	509.6791	1.0339	7.1953	100.1608	39.5384	0.8230	0.8248	5.0000	-9999.0000	-9999.0000	-9999.0000	-9999.0000	-9999.0000	-9999.0000	20.5121	1	0	24.7530	1.0000	11	2	-9999.0000	6684	44299	-9999	1054	3901	-9999	323.4991	5	0.6359	0.6525	-0.0015	35.2251	2.9084	454.4600	306.4763	37.1906	441.6981	95.1843	471.8431	94.7449	476.6662	94.8328	481.6117	94.8108	
14/08/2017	06:30:04	019004	G523044783HLR	L523	S		442.1669	1.0233	10.0000	100.0695	39.5892	0.8230	0.8270	5.0000	20.0623	508.0817	94.8767	10.1808	25.2000	0.9300	0.9331	0.6529	-0.0015	508.0000	509.5869	1.0339	7.2042	100.0361	40.1937	0.8230	0.8247	5.0000	-9999.0000	-9999.0000	-9999.0000	-9999.0000	-9999.0000	-9999.0000	20.9221	3	0	24.7723	1.0000	11	2	-9999.0000	6685	44300	-9999	1055	3902	-9999	323.9559	5	0.6359	0.6529	-0.0015	35.8328	2.7471	455.0330	298.5500	38.6185	442.1199	95.0744	470.3634	94.5692	477.7066	94.7449	483.0708	94.6790	
14/08/2017	06:30:53	019004	G523044789HLR	L523	S		442.1956	1.0233	10.0000	100.0241	39.7298	0.8230	0.8269	5.0000	19.8918	508.0525	94.8767	10.9514	25.2000	0.9300	0.9331	0.6522	-0.0015	508.0000	509.4820	1.0339	7.2142	100.1466	39.5374	0.8230	0.8243	5.0000	-9999.0000	-9999.0000	-9999.0000	-9999.0000	-9999.0000	-9999.0000	20.8324	5	0	24.7635	1.0000	11	2	-9999.0000	6686	44301	-9999	1056	3903	-9999	323.1850	5	0.6356	0.6522	-0.0015	38.4338	2.5748	452.6334	289.4412	37.4982	438.9197	95.4039	470.1292	94.8328	476.3713	94.8548	481.3099	94.6351	
14/08/2017	06:31:42	019004	G523044770HLR	L523	S		442.2974	1.0233	10.0000	100.0240	39.5849	0.8230	0.8269	5.0000	20.0520	508.0891	94.8328	10.9915	25.2000	0.9300	0.9333	0.6502	-0.0013	508.0000	509.5169	1.0339	7.2109	100.1106	40.1538	0.8230	0.8251	5.0000	-9999.0000	-9999.0000	-9999.0000	-9999.0000	-9999.0000	-9999.0000	20.9621	7	0	24.8327	1.0000	11	2	-9999.0000	6687	44302	-9999	1057	3904	-9999	323.0250	5	0.6354	0.6502	-0.0013	42.8731	2.2327	455.2844	298.6090	38.3769	442.6612	95.1843	470.2531	94.8108	476.5295	94.8548	481.7175	94.7010	
14/08/2017	06:32:31	019004	G523044717HLR	L523	S		442.4104	1.0233	10.0000	100.0863	39.7585	0.8230	0.8269	5.0000	20.0519	508.0691	94.8328	11.0716	25.2000	0.9300	0.9331	0.6478	-0.0011	508.0000	509.3493	1.0339	7.2270	100.1975	39.5734	0.8230	0.8239	5.0000	-9999.0000	-9999.0000	-9999.0000	-9999.0000	-9999.0000	-9999.0000	20.6523	1	0	24.8826	1.0000	11	2	-9999.0000	6688	44303	-9999	1058	3905	-9999	322.7338	5	0.6351	0.6478	-0.0011	45.7639	2.0386	455.7302	292.6389	37.3005	443.3300	95.0964	470.9245	94.7669	476.4843	94.8108	481.7387	94.6790	
14/08/2017	06:33:20	019004	G523044859HLR	L523	S		449.7245	1.0233	10.0000	100.0506	39.5513	0.8230	0.8267	5.0000	20.8627	508.0796	94.8767	9.6212	25.2000	0.9300	0.9330	0.6531	-0.0016	508.0000	509.5910	1.0339	7.2038	100.1175	40.0774	0.8230	0.8255	5.0000	-9999.0000	-9999.0000	-9999.0000	-9999.0000	-9999.0000	-9999.0000	20.9925	3	0	24.8221	1.0000	11	2	-9999.0000	6689	44304	-9999	1059	3906	-9999	323.8322	5	0.6349	0.6531	-0.0016	44.7613	2.1091	454.3423	296.4223	37.6080	439.3239	95.1403	475.6910	94.7889	481.4803	94.8328	486.6589	94.7889	
14/08/2017	06:34:11	019004	G523044800HLR	L523	S		442.8435	1.0233	10.0000	100.0133	39.8048	0.8230	0.8269	5.0000	19.8926	508.0562	94.9426	10.6916	25.2000	0.9300	0.9333	0.6522	-0.0016	508.0000	509.2887	1.0339	7.2328	100.0133	39.6420	0.8230	0.8233	5.0000	-9999.0000	-9999.0000	-9999.0000	-9999.0000	-9999.0000	-9999.0000	23.1724	5	0	24.7722	1.0000	11	2	-9999.0000	6690	44305	-9999	1060	3907	-9999	322.8550	5	0.6347	0.6522	-0.0016	50.0380	1.5843	449.7039	288.1471	36.5096	434.6619	95.0744	469.9906	94.6131	477.5699	94.6351	482.0431	94.6790	
14/08/2017	06:34:59	019004	G523044795HLR	L523	S		441.9720	1.0233	10.0000	100.0132	39.5571	0.8230	0.8268	5.0000	19.9816	508.0629	94.8108	9.8712	25.2000	0.9300	0.9332	0.6464	-0.0011	508.0000	509.0094	1.0339	7.2595	100.0179	39.9487	0.8230	0.8258	5.0000	-9999.0000	-9999.0000	-9999.0000	-9999.0000	-9999.0000	-9999.0000	19.9816	7	0	24.8524	1.0000	11	2	-9999.0000	6691	44306	-9999	1061	3908	-9999	323.0947	5	0.6344	0.6464	-0.0011	35.3462	2.8610	458.0295	300.3400	37.3444	444.3164	95.0964	476.1059	94.8108	481.9723	94.8987	486.7379	94.7010	
14/08/2017	06:35:52	019004	G523044790HLR	L523	S		442.0629	1.0233	10.0000	100.0169	39.8226	0.8230	0.8269	5.0000	20.0217	508.0509	94.8548	9.7013	25.2000	0.9300	0.9332	0.6438	-0.0009	508.0000	508.6760	1.0339	7.2915	100.0251	39.7206	0.8230	0.8233	5.0000	-9999.0000	-9999.0000	-9999.0000	-9999.0000	-9999.0000	-9999.0000	24.6726	1	0	24.9725	1.0000	11	2	-9999.0000	6692	44307	-9999	1062	3909	-9999	322.9583	5	0.6342	0.6438	-0.0009	40.7714	2.3986	459.6103	293.6141	36.0044	446.2052	95.0085	477.3922	94.7010	483.2367	94.7669	488.2547	94.5472	
14/08/2017	06:36:40	019004	G523044817HLR	L523	S		443.2225	1.0233	10.0000	100.0556	39.5763	0.8230	0.8268	5.0000	19.9318	508.0660	94.8108	10.0509	25.2000	0.9300	0.9330	0.6436	-0.0008	508.0000	509.2365	1.0339	7.2378	100.1737	39.8461	0.8230	0.8254	5.0000	-9999.0000	-9999.0000	-9999.0000	-9999.0000	-9999.0000	-9999.0000	20.4027	3	0	24.8328	1.0000	11	2	-9999.0000	6693	44308	-9999	1063	3910	-9999	322.7534	5	0.6343	0.6436	-0.0008	46.5273	1.8679	459.2363	257.9184	36.3339	445.4684	94.8987	477.4137	94.7889	483.3555	94.7669	487.9210	94.6571	
14/08/2017	06:37:29	019004	G523045153HLR	L523	S		438.5506	1.0233	10.0000	99.9748	39.8435	0.8230	0.8269	5.0000	19.9915	508.0640	95.1184	13.0708	25.3000	0.9300	0.9335	0.6423	-0.0007	508.0000	509.3359	1.0339	7.2282	100.0114	39.9718	0.8230	0.8242	5.0000	-9999.0000	-9999.0000	-9999.0000	-9999.0000	-9999.0000	-9999.0000	19.9427	5	0	24.8220	1.0000	11	2	-9999.0000	6694	44309	-9999	1064	3911	-9999	321.5238	5	0.6342	0.6423	-0.0007	55.6622	1.0877	447.4730	266.6792	35.4332	432.9775	95.2941	467.3242	94.9207	473.5920	94.8987	477.7936	94.6351	
14/08/2017	06:38:18	019004	G523045127HLR	L523	S		442.6851	1.0233	10.0000	100.0306	39.5831	0.8230	0.8268	5.0000	19.9230	508.0554	94.7889	10.9114	25.2000	0.9300	0.9332	0.6400	-0.0005	508.0000	508.6904	1.0339	7.2901	100.0169	39.6868	0.8230	0.8250	5.0000	-9999.0000	-9999.0000	-9999.0000	-9999.0000	-9999.0000	-9999.0000	20.7121	7	0	24.9129	1.0000	11	2	-9999.0000	6695	44310	-9999	1065	3912	-9999	322.3303	5	0.6344	0.6400	-0.0005	72.9800	-0.5963	457.4897	284.1673	36.7732	443.5369	95.4039	474.9728	94.9866	481.8308	94.9207	486.8590	94.7889	
14/08/2017	06:39:08	019004	G523045119HLR	L523	S		443.7348	1.0233	10.0000	100.0064	39.8123	0.8230	0.8268	5.0000	20.9125	508.0567	94.8108	10.5813	25.2000	0.9300	0.9332	0.6421	-0.0007	508.0000	508.8847	1.0339	7.2715	99.9628	40.0940	0.8230	0.8242	5.0000	-9999.0000	-9999.0000	-9999.0000	-9999.0000	-9999.0000	-9999.0000	21.4622	1	0	24.7831	1.0000	11	2	-9999.0000	6696	44311	-9999	1066	3913	-9999	322.4198	5	0.6343	0.6421	-0.0007	75.7865	-0.8735	459.1379	276.0476	36.8391	445.5189	95.3380	475.9197	94.9207	483.0801	94.8987	486.3553	94.6351	
14/08/2017	06:39:56	019004	G523045130HLR	L523	S		453.9232	1.0233	10.0000	100.0891	39.5849	0.8230	0.8270	5.0000	20.0217	508.0693	94.6790	7.8017	25.2000	0.9300	0.9327	0.6401	-0.0005	508.0000	507.9133	1.0339	7.3646	100.0414	39.5702	0.8230	0.8246	5.0000	-9999.0000	-9999.0000	-9999.0000	-9999.0000	-9999.0000	-9999.0000	19.9718	3	0	24.8425	1.0000	11	2	-9999.0000	6697	44312	-9999	1067	3914	-9999	323.1760	5	0.6343	0.6401	-0.0005	75.6118	-0.8578	471.3156	280.4823	37.2565	458.1562	94.9866	487.1200	94.9207	493.1285	94.9646	497.6359	94.6351	
14/08/2017	06:40:44	019004	G523045121HLR	L523	S		444.4398	1.0233	10.0000	99.9950	39.8398	0.8230	0.8269	5.0000	20.0022	508.0851	95.1184	10.3410	25.3000	0.9300	0.9334	0.6433	-0.0008	508.0000	508.1166	1.0339	7.3451	100.0959	40.2232	0.8230	0.8253	5.0000	-9999.0000	-9999.0000	-9999.0000	-9999.0000	-9999.0000	-9999.0000	19.9718	5	0	24.8524	1.0000	11	2	-9999.0000	6698	44313	-9999	1068	3915	-9999	322.4711	5	0.6342	0.6433	-0.0008	75.0594	-0.8162	461.2881	264.5367	37.9814	449.3362	94.7230	475.7380	94.7449	481.6148	94.9646	487.5154	94.7449	
14/08/2017	06:41:28	019004	G523045139HLR	L523	S		0.0000	0.0000	0.0000	0.0000	0.0000	0.8230	0.0000	0.0000	0.0000	0.0000	0.0000	0.0000	0.0000	0.9300	0.0000	0.0000	0.0000	0.0000	0.0000	0.0000	0.0000	0.0000	0.0000	0.8230	0.0000	0.0000	0.0000	0.0000	0.0000	0.0000	0.0000	0.0000	0.0000	0	42	24.8524	1.0000	11	2	0.0000	0	0	0	0	0	0	0.0000	0	0.0000	0.0000	0.0000	0.0000	0.0000	0.0000	0.0000	0.0000	0.0000	0.0000	0.0000	0.0000	0.0000	0.0000	0.0000	0.0000	
14/08/2017	06:42:10	019004	G523045142HLR	L523	S		438.9117	1.0233	10.0000	99.9992	39.5693	0.8230	0.8268	5.0000	19.9318	508.0595	94.9646	11.8705	25.2000	0.9300	0.9331	0.6432	-0.0008	508.0000	508.8475	1.0339	7.2750	100.1170	39.6064	0.8230	0.8240	5.0000	-9999.0000	-9999.0000	-9999.0000	-9999.0000	-9999.0000	-9999.0000	20.2121	7	0	24.8825	1.0000	11	2	-9999.0000	6699	44314	-9999	1069	3916	-9999	321.7292	5	0.6343	0.6432	-0.0008	55.8244	1.0229	451.1845	257.3738	36.7293	437.8383	95.3161	469.4085	95.0525	476.8803	95.0525	481.0505	94.6571	
14/08/2017	06:42:59	019004	G523045151HLR	L523	S		444.5317	1.0233	10.0000	99.9986	39.8533	0.8230	0.8269	5.0000	19.9827	508.0853	94.8548	8.4306	25.2000	0.9300	0.9328	0.6441	-0.0009	508.0000	509.1125	1.0339	7.2496	100.0351	39.8989	0.8230	0.8239	5.0000	-9999.0000	-9999.0000	-9999.0000	-9999.0000	-9999.0000	-9999.0000	21.0325	1	0	24.8534	1.0000	11	2	-9999.0000	6700	44315	-9999	1070	3917	-9999	323.2917	5	0.6343	0.6441	-0.0009	50.4847	1.5138	463.9449	256.5450	36.2241	449.3204	95.6017	483.5939	95.1184	489.7780	95.0085	494.3908	94.8328	
14/08/2017	06:44:05	019004	G523045118HLR	L523	S		442.3927	1.0233	10.0000	100.0095	39.5685	0.8230	0.8267	5.0000	20.0217	508.0492	95.0085	10.9710	25.3000	0.9300	0.9334	0.6447	-0.0010	508.0000	508.7441	1.0339	7.2849	100.2258	39.7435	0.8230	0.8254	5.0000	-9999.0000	-9999.0000	-9999.0000	-9999.0000	-9999.0000	-9999.0000	19.7824	3	0	42.9940	1.0000	11	2	-9999.0000	6701	44316	-9999	1071	3918	-9999	321.9835	5	0.6342	0.6447	-0.0010	47.6637	1.7721	457.8133	283.9657	38.3988	446.1086	95.6456	472.6652	94.9426	479.2906	94.9207	484.1834	94.7230	
14/08/2017	06:44:53	019004	G523045126HLR	L523	S		443.4187	1.0233	10.0000	100.0009	39.3613	0.8230	0.8264	5.0000	20.0325	508.0698	94.8548	9.6603	25.2000	0.9300	0.9331	0.6434	-0.0009	508.0000	508.7199	1.0339	7.2873	99.9997	39.7413	0.8230	0.8239	5.0000	-9999.0000	-9999.0000	-9999.0000	-9999.0000	-9999.0000	-9999.0000	20.1721	5	0	24.8132	1.0000	11	2	-9999.0000	6702	44317	-9999	1072	3919	-9999	322.5558	5	0.6341	0.6434	-0.0009	49.8042	1.5694	458.1779	253.9850	35.7628	443.6194	95.6456	477.3358	95.1184	483.2709	95.0085	488.6459	94.7010	
14/08/2017	06:45:42	019004	G523045133HLR	L523	S		442.6737	1.0233	10.0000	100.0219	39.9947	0.8230	0.8273	5.0000	19.9025	409.2804	95.0085	31.0035	25.1000	0.9300	0.9330	0.6437	-0.0009	508.0000	500.6355	1.0339	7.0726	99.9869	39.8461	0.8230	0.8257	5.0000	-9999.0000	-9999.0000	-9999.0000	-9999.0000	-9999.0000	-9999.0000	20.0628	7	34	25.6729	1.0000	11	2	-9999.0000	6703	44318	-9999	1073	3920	-9999	251.7296	5	0.6340	0.6437	-0.0009	50.9160	1.4661	186.0407	271.9779	35.4552	280.9280	99.0945	186.0999	95.7774	190.5315	94.8328	196.5967	94.9646	
14/08/2017	06:46:33	019004	G523045120HLR	L523	S		442.5040	1.0233	10.0000	100.0039	39.3765	0.8230	0.8267	5.0000	19.9415	508.0787	95.0085	9.9914	25.1000	0.9300	0.9325	0.6435	-0.0009	508.0000	508.5815	1.0339	7.3005	99.9481	39.8402	0.8230	0.8236	5.0000	-9999.0000	-9999.0000	-9999.0000	-9999.0000	-9999.0000	-9999.0000	22.6422	1	0	24.8426	1.0000	11	2	-9999.0000	6704	44319	-9999	1074	3921	-9999	322.3286	5	0.6340	0.6435	-0.0009	51.1378	1.4454	457.1377	253.4948	38.3329	444.7135	92.1967	473.1601	94.3495	480.8685	94.8108	486.1002	94.8108	
14/08/2017	06:47:22	019004	G523045117HLR	L523	S		436.0492	1.0233	10.0000	100.0083	40.0113	0.8230	0.8270	5.0000	19.9524	508.0254	95.2282	13.7017	25.2000	0.9300	0.9333	0.6436	-0.0009	508.0000	505.6180	1.0339	7.4357	100.1084	39.7435	0.8230	0.8253	5.0000	-9999.0000	-9999.0000	-9999.0000	-9999.0000	-9999.0000	-9999.0000	20.2922	3	0	24.8524	1.0000	11	2	-9999.0000	6705	44320	-9999	1075	3922	-9999	320.4962	5	0.6275	0.6436	-0.0009	47.5834	1.7641	445.9918	277.1713	38.5306	434.7364	92.7020	460.2380	94.3715	468.1054	94.6790	473.0694	94.5692	
14/08/2017	06:48:10	019004	G523045257HLR	L523	S		442.4223	1.0233	10.0000	100.0456	39.4230	0.8230	0.8266	5.0000	20.0315	508.0451	94.9426	10.1711	25.2000	0.9300	0.9329	0.6432	-0.0009	508.0000	507.8589	1.0339	7.3698	100.1154	40.0686	0.8230	0.8244	5.0000	-9999.0000	-9999.0000	-9999.0000	-9999.0000	-9999.0000	-9999.0000	20.1916	5	0	24.8524	1.0000	11	2	-9999.0000	6706	44321	-9999	1076	3923	-9999	322.1425	5	0.6274	0.6432	-0.0009	52.5518	1.3320	457.3175	293.3446	37.5860	444.2619	93.0754	473.4152	94.3715	480.9012	94.8328	485.9988	94.7669	
14/08/2017	06:49:00	019004	G523045260HLR	L523	S		442.1972	1.0233	10.0000	100.0393	39.9386	0.8230	0.8270	5.0000	19.9728	508.0738	94.9207	10.6115	25.2000	0.9300	0.9332	0.6432	-0.0009	508.0000	507.5276	1.0339	7.4015	100.1247	39.5685	0.8230	0.8245	5.0000	-9999.0000	-9999.0000	-9999.0000	-9999.0000	-9999.0000	-9999.0000	21.7524	7	0	24.8329	1.0000	11	2	-9999.0000	6707	44322	-9999	1077	3924	-9999	321.9467	5	0.6274	0.6432	-0.0009	54.0014	1.1879	458.8402	287.3031	38.8601	446.8366	93.3830	473.0228	94.4594	480.1122	94.7449	484.8470	94.5472	
14/08/2017	06:49:48	019004	G523045276HLR	L523	S		443.6092	1.0233	10.0000	100.0517	39.4899	0.8230	0.8267	5.0000	20.0022	508.0890	94.9207	9.9308	25.3000	0.9300	0.9333	0.6431	-0.0009	508.0000	507.5124	1.0339	7.4030	100.0120	40.1993	0.8230	0.8250	5.0000	-9999.0000	-9999.0000	-9999.0000	-9999.0000	-9999.0000	-9999.0000	20.0521	1	0	24.8221	1.0000	11	2	-9999.0000	6708	44323	-9999	1078	3925	-9999	322.2715	5	0.6274	0.6431	-0.0009	53.3809	1.2318	460.2941	304.3563	37.7618	448.9604	93.5367	474.9326	94.4813	482.2258	94.8987	487.5433	94.5912	
14/08/2017	06:50:36	019004	G523045277HLR	L523	S		447.5548	1.0233	10.0000	100.0228	39.9000	0.8230	0.8270	5.0000	19.9416	508.0407	94.8767	9.3213	25.3000	0.9300	0.9331	0.6429	-0.0009	508.0000	508.9123	1.0339	7.2688	99.9896	39.5816	0.8230	0.8243	5.0000	-9999.0000	-9999.0000	-9999.0000	-9999.0000	-9999.0000	-9999.0000	20.1917	3	0	24.8720	1.0000	11	2	-9999.0000	6709	44324	-9999	1079	3926	-9999	322.5078	5	0.6273	0.6429	-0.0009	52.4434	1.2993	463.8626	311.5574	38.1352	452.0787	93.8662	478.4290	94.4813	485.4907	94.7230	490.3439	94.5472	
14/08/2017	06:51:26	019004	G523045782HLR	L523	S		445.4857	1.0233	10.0000	99.9932	39.5546	0.8230	0.8268	5.0000	19.9426	508.0975	94.9426	10.6711	25.3000	0.9300	0.9332	0.6432	-0.0009	508.0000	507.0668	1.0339	7.4457	100.0703	40.1413	0.8230	0.8250	5.0000	-9999.0000	-9999.0000	-9999.0000	-9999.0000	-9999.0000	-9999.0000	21.7123	5	0	24.8425	1.0000	11	2	-9999.0000	6710	44325	-9999	1080	3927	-9999	322.0033	5	0.6274	0.6432	-0.0009	51.3367	1.3867	462.7947	310.2647	39.7608	452.0282	94.0420	473.9108	94.4813	481.2797	94.7889	485.6825	94.5912	
14/08/2017	06:52:15	019004	G523045821HLR	L523	S		445.4601	1.0233	10.0000	100.0799	39.8611	0.8230	0.8270	5.0000	19.9318	508.0770	94.7669	8.3515	25.2000	0.9300	0.9328	0.6389	-0.0005	508.0000	508.4252	1.0339	7.3155	100.0075	39.6653	0.8230	0.8239	5.0000	-9999.0000	-9999.0000	-9999.0000	-9999.0000	-9999.0000	-9999.0000	20.3724	7	0	24.8425	1.0000	11	2	-9999.0000	6711	44326	-9999	1081	3928	-9999	322.6941	5	0.6276	0.6389	-0.0005	50.5284	1.4314	468.5787	317.1590	39.6290	455.9802	94.1957	482.8995	94.6351	489.5227	94.8987	495.1579	94.6351	
14/08/2017	06:53:03	019004	G523045794HLR	L523	S		440.8108	1.0233	10.0000	100.0086	39.5831	0.8230	0.8267	5.0000	20.1018	508.0729	95.1403	10.8205	25.3000	0.9300	0.9333	0.6387	-0.0004	508.0000	507.6370	1.0339	7.3910	100.1406	40.0394	0.8230	0.8256	5.0000	-9999.0000	-9999.0000	-9999.0000	-9999.0000	-9999.0000	-9999.0000	20.3214	1	0	24.7527	1.0000	11	2	-9999.0000	6712	44327	-9999	1082	3929	-9999	322.1556	5	0.6277	0.6387	-0.0004	46.2821	1.7918	460.8912	305.1532	38.3769	448.6059	94.3056	474.2613	94.3715	481.5895	94.7010	485.8762	94.6571	
14/08/2017	06:53:52	019004	G523045811HLR	L523	S		441.4190	1.0233	10.0000	100.0259	39.8271	0.8230	0.8268	5.0000	20.3518	508.0956	95.0525	12.3617	25.2000	0.9300	0.9332	0.6383	-0.0004	508.0000	507.1015	1.0339	7.4424	99.9924	39.8389	0.8230	0.8239	5.0000	-9999.0000	-9999.0000	-9999.0000	-9999.0000	-9999.0000	-9999.0000	20.6621	3	0	24.8231	1.0000	11	2	-9999.0000	6713	44328	-9999	1083	3930	-9999	321.8914	5	0.6278	0.6383	-0.0004	50.9225	1.3770	458.0326	320.7578	39.8706	445.7933	94.7669	472.3424	94.7889	477.5657	94.8987	481.7884	94.7230	
14/08/2017	06:54:46	019004	G523045810HLR	L523	S		440.7279	1.0233	10.0000	100.0486	39.5796	0.8230	0.8267	5.0000	20.0619	508.0527	94.8328	10.8215	25.2000	0.9300	0.9330	0.6366	-0.0002	508.0000	508.5071	1.0339	7.3077	99.9878	39.8461	0.8230	0.8247	5.0000	-9999.0000	-9999.0000	-9999.0000	-9999.0000	-9999.0000	-9999.0000	26.1231	5	0	24.8534	1.0000	11	2	-9999.0000	6714	44329	-9999	1084	3931	-9999	322.1989	5	0.6276	0.6366	-0.0002	51.6956	1.3227	461.5516	316.6704	39.4972	448.2825	94.9646	476.7102	94.7230	482.3393	94.8767	486.8113	94.8108	
14/08/2017	06:55:35	019004	G523045793HLR	L523	S		439.6116	1.0233	10.0000	100.0235	39.8480	0.8230	0.8269	5.0000	19.8517	508.0470	95.2282	12.6713	25.2000	0.9300	0.9334	0.6360	-0.0002	508.0000	506.8568	1.0339	7.4658	100.0031	39.9587	0.8230	0.8242	5.0000	-9999.0000	-9999.0000	-9999.0000	-9999.0000	-9999.0000	-9999.0000	20.1914	7	0	24.9823	1.0000	11	2	-9999.0000	6715	44330	-9999	1085	3932	-9999	322.0699	5	0.6276	0.6360	-0.0002	53.7450	1.1318	457.4105	328.1650	39.1018	445.2331	94.9426	471.5473	94.6790	477.0179	94.7889	481.3700	94.5472	
14/08/2017	06:56:24	019004	G523045786HLR	L523	S		440.9778	1.0233	10.0000	100.0083	39.5839	0.8230	0.8268	5.0000	20.0422	508.0847	94.9207	11.9916	25.2000	0.9300	0.9332	0.6354	-0.0001	508.0000	507.1785	1.0339	7.4350	99.9961	39.6410	0.8230	0.8248	5.0000	-9999.0000	-9999.0000	-9999.0000	-9999.0000	-9999.0000	-9999.0000	21.2123	1	0	25.0429	1.0000	11	2	-9999.0000	6716	44331	-9999	1085	3933	-9999	322.2403	5	0.6277	0.6354	-0.0001	54.7186	1.0374	459.3142	302.3640	36.7073	446.2256	95.0964	474.7249	94.7889	481.1168	94.9207	485.1884	94.8108	
14/08/2017	06:57:13	019004	G523045805HLR	L523	S		437.5779	1.0233	10.0000	100.0215	39.8222	0.8230	0.8267	5.0000	19.8988	508.0327	94.9207	12.2611	25.2000	0.9300	0.9332	0.6338	0.0000	508.0000	508.8457	1.0339	7.2752	100.1580	40.1458	0.8230	0.8244	5.0000	-9999.0000	-9999.0000	-9999.0000	-9999.0000	-9999.0000	-9999.0000	20.8021	3	0	25.0829	1.0000	11	2	-9999.0000	6717	44332	-9999	1086	3934	-9999	322.3213	5	0.6278	0.6338	0.0000	53.7416	1.1079	457.3304	316.0059	37.3444	444.0755	95.2282	474.0891	94.7010	479.2037	94.8767	483.5404	94.8108	
14/08/2017	06:58:02	019004	G523045813HLR	L523	S		436.4235	1.0233	10.0000	100.0475	39.6058	0.8230	0.8270	5.0000	19.9416	508.0463	94.9866	12.0609	25.2000	0.9300	0.9334	0.6338	0.0000	508.0000	507.7154	1.0339	7.3835	100.0822	39.6048	0.8230	0.8245	5.0000	-9999.0000	-9999.0000	-9999.0000	-9999.0000	-9999.0000	-9999.0000	20.1029	5	0	24.9226	1.0000	11	2	-9999.0000	6718	44333	-9999	1087	3935	-9999	322.3416	5	0.6279	0.6338	0.0000	53.9128	1.0761	459.7074	327.7954	38.3329	447.2850	94.8987	473.1157	94.7669	479.0610	94.8987	483.4468	94.7669	
14/08/2017	06:58:50	019004	G523045816HLR	L523	S		433.2250	1.0233	10.0000	100.0937	39.8246	0.8230	0.8267	5.0000	19.9124	508.0457	95.0305	13.1812	25.2000	0.9300	0.9333	0.6341	0.0000	508.0000	508.5824	1.0339	7.3004	100.1222	40.1571	0.8230	0.8252	5.0000	-9999.0000	-9999.0000	-9999.0000	-9999.0000	-9999.0000	-9999.0000	20.2426	7	0	24.8220	1.0000	11	2	-9999.0000	6719	44334	-9999	1088	3936	-9999	322.3986	5	0.6279	0.6341	0.0000	51.6707	1.2891	458.4896	323.6730	38.4428	447.6287	95.0744	469.9087	94.8328	476.4531	94.8987	480.3729	94.7889	
14/08/2017	06:59:38	019004	G523045885HLR	L523	S		439.7273	1.0233	10.0000	100.0908	39.5964	0.8230	0.8270	5.0000	19.9719	508.0573	94.8548	9.0108	25.2000	0.9300	0.9331	0.6339	0.0001	508.0000	508.6262	1.0339	7.2962	100.0898	39.6346	0.8230	0.8242	5.0000	-9999.0000	-9999.0000	-9999.0000	-9999.0000	-9999.0000	-9999.0000	19.8322	1	0	24.8223	1.0000	11	2	-9999.0000	6720	44335	-9999	1089	3937	-9999	322.3369	5	0.6345	0.6339	0.0001	50.6536	1.4039	468.5761	311.8932	37.4542	455.8440	94.9646	483.2953	94.6790	489.5852	94.8987	494.1165	94.8548	
14/08/2017	07:00:31	019004	G523045877HLR	L523	S		457.3211	1.0233	10.0000	100.0277	39.8349	0.8230	0.8268	5.0000	19.9925	508.0354	94.6571	5.6413	25.2000	0.9300	0.9330	0.6348	-0.0000	508.0000	505.9180	1.0339	7.4576	99.9915	40.0207	0.8230	0.8247	5.0000	-9999.0000	-9999.0000	-9999.0000	-9999.0000	-9999.0000	-9999.0000	24.3922	3	0	24.9526	1.0000	11	2	-9999.0000	6721	44336	-9999	1090	3938	-9999	322.4510	5	0.6345	0.6348	-0.0000	45.8125	1.8598	480.0083	329.1093	37.9595	466.2131	94.8767	497.3236	94.5472	502.2290	94.5692	506.0253	94.6351	
14/08/2017	07:01:20	019004	G523045884HLR	L523	S		456.8027	1.0233	10.0000	100.0346	39.5935	0.8230	0.8270	5.0000	19.9622	508.0487	94.6571	5.3405	25.3000	0.9300	0.9331	0.6335	0.0001	508.0000	503.9874	1.0339	7.3169	99.9380	39.6916	0.8230	0.8237	5.0000	-9999.0000	-9999.0000	-9999.0000	-9999.0000	-9999.0000	-9999.0000	21.1624	5	0	24.8632	1.0000	11	2	-9999.0000	6722	44337	-9999	1091	3939	-9999	322.1229	5	0.6345	0.6335	0.0001	47.9352	1.7110	476.7733	326.9451	37.7837	462.3949	93.9980	496.6253	94.3715	503.2201	94.6571	506.9986	94.6571	
14/08/2017	07:02:08	019004	G523044730HLR	L523	S		451.5999	1.0233	10.0000	100.0046	39.8209	0.8230	0.8268	5.0000	20.4818	508.0571	94.9207	6.7205	25.3000	0.9300	0.9332	0.6335	0.0001	508.0000	506.1653	1.0339	7.4756	100.0591	39.9487	0.8230	0.8255	5.0000	-9999.0000	-9999.0000	-9999.0000	-9999.0000	-9999.0000	-9999.0000	20.5315	7	0	24.8232	1.0000	11	4	-9999.0000	6723	44338	-9999	1092	3940	-9999	322.2042	5	0.6346	0.6335	0.0001	38.7862	2.5187	473.0272	335.6966	37.8057	458.9224	93.9321	492.2272	94.4374	497.7561	94.7669	501.8341	94.6790	
14/08/2017	07:03:02	019004	G523044736HLR	L523	S		442.5334	1.0233	10.0000	100.0477	39.5525	0.8230	0.8267	5.0000	21.0922	508.0505	95.1184	9.9210	25.2000	0.9300	0.9334	0.6387	-0.0004	508.0000	508.6329	1.0339	7.2956	99.9795	39.6207	0.8230	0.8232	5.0000	-9999.0000	-9999.0000	-9999.0000	-9999.0000	-9999.0000	-9999.0000	26.0124	1	0	24.7635	1.0000	11	4	-9999.0000	6724	44339	-9999	1093	3941	-9999	322.7016	5	0.6349	0.6387	-0.0004	35.2012	2.8351	463.5478	329.6920	38.2890	451.3948	94.3935	479.7391	94.6571	483.9992	94.8108	488.8811	94.6351	
14/08/2017	07:03:50	019004	G523044724HLR	L523	S		452.7209	1.0233	10.0000	100.0202	39.8725	0.8230	0.8269	5.0000	19.9816	508.0533	94.7669	7.0008	25.2000	0.9300	0.9328	0.6390	-0.0004	508.0000	507.5098	1.0339	7.4032	99.9822	39.9487	0.8230	0.8256	5.0000	-9999.0000	-9999.0000	-9999.0000	-9999.0000	-9999.0000	-9999.0000	19.8518	3	0	24.8025	1.0000	11	4	-9999.0000	6725	44340	-9999	1094	3941	-9999	323.2900	5	0.6350	0.6390	-0.0004	35.1967	2.8319	476.4322	320.9610	37.9595	464.5113	95.3600	490.0551	94.8767	495.8406	94.8328	500.1450	94.5912	
14/08/2017	07:04:39	019004	G523044442HLR	L523	S		439.5491	1.0233	10.0000	100.0907	39.5591	0.8230	0.8268	5.0000	19.9220	508.0395	95.0744	11.4310	25.2000	0.9300	0.9334	0.6392	-0.0004	508.0000	507.5751	1.0339	7.3970	100.0147	39.8537	0.8230	0.8239	5.0000	-9999.0000	-9999.0000	-9999.0000	-9999.0000	-9999.0000	-9999.0000	20.7826	5	0	24.8934	1.0000	11	4	-9999.0000	6726	44341	-9999	1095	3942	-9999	322.4280	5	0.6351	0.6392	-0.0004	35.5707	2.8182	460.0225	318.6832	38.3110	447.6605	95.1623	473.8044	94.5912	479.5367	94.7889	484.1118	94.7010	
14/08/2017	07:05:30	019004	G523044454HLR	L523	S		428.3967	1.0233	10.0000	100.0764	39.8365	0.8230	0.8268	5.0000	20.0120	508.0818	94.8987	8.8906	25.2000	0.9300	0.9332	0.6395	-0.0004	508.0000	509.1400	1.0339	7.2470	100.0135	39.7734	0.8230	0.8249	5.0000	-9999.0000	-9999.0000	-9999.0000	-9999.0000	-9999.0000	-9999.0000	22.6630	7	0	24.9432	1.0000	11	4	-9999.0000	6727	44342	-9999	1096	3943	-9999	323.0283	5	0.6352	0.6395	-0.0004	34.5202	2.9407	457.8408	318.3781	38.9700	442.3768	95.4918	483.6122	94.9426	489.1049	94.8987	493.7449	94.6571	
14/08/2017	07:06:23	019004	G523044683HLR	L523	S		448.7860	1.0233	10.0000	100.0014	39.5890	0.8230	0.8269	5.0000	19.9719	508.0552	94.8548	8.5918	25.2000	0.9300	0.9330	0.6397	-0.0004	508.0000	508.2070	1.0339	7.3364	99.9214	39.8664	0.8230	0.8235	5.0000	-9999.0000	-9999.0000	-9999.0000	-9999.0000	-9999.0000	-9999.0000	24.4627	1	0	24.8232	1.0000	11	4	-9999.0000	6728	44343	-9999	1097	3944	-9999	323.1741	5	0.6353	0.6397	-0.0004	31.6559	3.2159	469.6590	317.2385	38.4867	456.9470	95.4259	483.6630	94.7889	489.1670	94.6790	493.7401	94.5912	
14/08/2017	07:07:13	019004	G523044728HLR	L523	S		433.2673	1.0233	10.0000	100.1002	39.8484	0.8230	0.8268	5.0000	19.9817	508.0771	95.1623	12.6420	25.3000	0.9300	0.9335	0.6395	-0.0004	508.0000	508.6955	1.0339	7.2896	99.9886	39.7435	0.8230	0.8246	5.0000	-9999.0000	-9999.0000	-9999.0000	-9999.0000	-9999.0000	-9999.0000	22.2234	3	0	24.8826	1.0000	11	4	-9999.0000	6729	44344	-9999	1098	3945	-9999	322.2548	5	0.6352	0.6395	-0.0004	33.4290	3.0081	456.1711	329.3276	38.0473	444.0142	95.3161	468.0043	94.6571	473.9952	94.7889	479.0125	94.7449	
14/08/2017	07:08:02	019004	G523044696HLR	L523	S		450.7640	1.0233	10.0000	99.9707	39.5833	0.8230	0.8268	5.0000	19.9329	508.0933	94.8328	7.9218	25.2000	0.9300	0.9331	0.6397	-0.0004	508.0000	508.5036	1.0339	7.3080	100.0987	40.0613	0.8230	0.8245	5.0000	-9999.0000	-9999.0000	-9999.0000	-9999.0000	-9999.0000	-9999.0000	20.3022	5	0	24.8524	1.0000	11	4	-9999.0000	6730	44345	-9999	1099	3945	-9999	323.2782	5	0.6353	0.6397	-0.0004	31.3804	3.2539	470.9837	313.6928	37.2346	457.7766	95.5358	487.3769	94.9207	492.9383	94.9207	497.1114	94.8108	
14/08/2017	07:09:39	019004	G523044703HLR	L523	S		446.2686	1.0233	10.0000	100.0672	39.5941	0.8230	0.8269	5.0000	20.0323	508.0471	95.0525	8.8516	25.3000	0.9300	0.9333	0.6400	-0.0005	508.0000	507.9010	1.0339	7.3657	100.0755	39.8854	0.8230	0.8245	5.0000	-9999.0000	-9999.0000	-9999.0000	-9999.0000	-9999.0000	-9999.0000	20.9817	1	0	24.8523	1.0000	11	4	-9999.0000	6732	44346	-9999	1101	3946	-9999	323.0009	5	0.6353	0.6400	-0.0005	30.3569	3.4014	466.2424	325.6971	38.1352	452.4034	95.0744	483.4241	94.7010	488.3584	94.8108	493.3842	94.7449	
14/08/2017	07:10:28	019004	G523044771HLR	L523	S		453.8592	1.0233	10.0000	99.9875	39.8304	0.8230	0.8268	5.0000	20.0725	508.0582	94.7010	6.5505	25.3000	0.9300	0.9331	0.6400	-0.0005	508.0000	508.9769	1.0339	7.2626	99.9619	39.7927	0.8230	0.8247	5.0000	-9999.0000	-9999.0000	-9999.0000	-9999.0000	-9999.0000	-9999.0000	21.1430	3	0	24.9529	1.0000	11	4	-9999.0000	6733	44347	-9999	1102	3947	-9999	323.5784	5	0.6353	0.6400	-0.0005	30.3569	3.4014	474.6935	324.9995	39.3654	461.5843	94.9866	491.5134	94.7669	497.8035	94.7449	502.1933	94.6790	
14/08/2017	07:11:17	019004	G523044709HLR	L523	S		457.7031	1.0233	10.0000	100.0159	39.5853	0.8230	0.8268	5.0000	19.9524	508.0778	95.2502	9.6007	25.2000	0.9300	0.9333	0.6402	-0.0005	508.0000	517.8056	1.0339	6.4166	100.1093	39.9264	0.8230	0.8247	5.0000	-9999.0000	-9999.0000	-9999.0000	-9999.0000	-9999.0000	-9999.0000	20.1721	5	2	24.8231	1.0000	11	4	-9999.0000	6734	44348	-9999	1103	3948	-9999	322.8306	5	0.6354	0.6402	-0.0005	30.1879	3.4547	440.5624	320.2730	39.4093	422.9018	94.7230	469.4667	94.6571	473.4520	94.7889	480.3016	94.6571	
14/08/2017	07:12:06	019004	G523044688HLR	L523	S		444.2434	1.0233	10.0000	100.0725	39.8508	0.8230	0.8269	5.0000	19.9827	508.0761	94.9646	9.9914	25.2000	0.9300	0.9333	0.6397	-0.0005	508.0000	509.2446	1.0339	7.2370	100.0879	39.7241	0.8230	0.8247	5.0000	-9999.0000	-9999.0000	-9999.0000	-9999.0000	-9999.0000	-9999.0000	20.6418	7	0	24.8925	1.0000	11	4	-9999.0000	6735	44349	-9999	1104	3949	-9999	322.7101	5	0.6355	0.6397	-0.0005	30.5657	3.4427	461.7654	327.9141	37.8496	447.1846	95.2941	479.7204	94.8987	485.0601	94.7889	488.9987	94.6790	
14/08/2017	07:12:55	019004	G523044772HLR	L523	S		451.5628	1.0233	10.0000	100.0222	39.5554	0.8230	0.8266	5.0000	21.1116	508.0657	94.8108	8.0712	25.2000	0.9300	0.9332	0.6399	-0.0005	508.0000	508.9084	1.0339	7.2692	100.0203	40.0195	0.8230	0.8248	5.0000	-9999.0000	-9999.0000	-9999.0000	-9999.0000	-9999.0000	-9999.0000	20.7318	1	0	24.8829	1.0000	11	4	-9999.0000	6736	44350	-9999	1105	3950	-9999	323.1326	5	0.6351	0.6399	-0.0005	30.3261	3.4594	467.1937	321.7456	36.9270	452.9915	95.2282	486.1096	94.8987	492.2616	94.7669	496.8952	94.5912	
14/08/2017	07:13:46	019004	G523044704HLR	L523	S		444.7352	1.0233	10.0000	100.0761	39.8787	0.8230	0.8269	5.0000	19.9221	508.0827	95.0744	9.5108	25.3000	0.9300	0.9331	0.6407	-0.0006	508.0000	509.0073	1.0339	7.2597	99.9461	39.6138	0.8230	0.8240	5.0000	-9999.0000	-9999.0000	-9999.0000	-9999.0000	-9999.0000	-9999.0000	22.3227	3	0	24.8825	1.0000	11	4	-9999.0000	6737	44351	-9999	1106	3951	-9999	322.6685	5	0.6350	0.6407	-0.0006	29.7809	3.5254	461.4664	320.7339	36.8172	447.6080	95.1403	480.3411	94.5692	485.6388	94.7010	490.2838	94.7230	
14/08/2017	07:14:34	019004	G523044712HLR	L523	S		444.6720	1.0233	10.0000	100.1014	39.5794	0.8230	0.8268	5.0000	20.0128	508.0539	94.9866	10.3215	25.2000	0.9300	0.9333	0.6405	-0.0006	508.0000	507.5192	1.0339	7.4023	99.9710	40.1254	0.8230	0.8252	5.0000	-9999.0000	-9999.0000	-9999.0000	-9999.0000	-9999.0000	-9999.0000	20.2131	5	0	24.8134	1.0000	11	4	-9999.0000	6738	44352	-9999	1107	3952	-9999	322.4415	5	0.6351	0.6405	-0.0006	29.7121	3.5235	460.6620	319.9190	37.7618	447.6767	95.1843	476.9651	94.8548	482.4756	94.8108	487.7008	94.7449	
14/08/2017	07:15:24	019004	G523044785HLR	L523	S		450.2627	1.0233	10.0000	100.0984	39.8566	0.8230	0.8271	5.0000	19.9524	508.0594	94.9207	9.1504	25.2000	0.9300	0.9331	0.6405	-0.0006	508.0000	507.6703	1.0339	7.3878	99.9946	39.5845	0.8230	0.8237	5.0000	-9999.0000	-9999.0000	-9999.0000	-9999.0000	-9999.0000	-9999.0000	22.3726	7	0	24.8330	1.0000	11	4	-9999.0000	6739	44353	-9999	1108	3953	-9999	322.7222	5	0.6349	0.6405	-0.0006	30.3269	3.4720	464.9322	322.9335	39.1677	451.6593	95.3820	481.8216	94.8987	488.3720	94.7889	492.1942	94.5692	
14/08/2017	07:16:13	019004	G523044787HLR	L523	S		453.9000	1.0233	10.0000	100.0481	39.5914	0.8230	0.8268	5.0000	19.8821	508.0606	94.5912	5.4713	25.2000	0.9300	0.9324	0.6391	-0.0004	508.0000	506.6118	1.0339	7.4893	99.9959	40.1538	0.8230	0.8256	5.0000	-9999.0000	-9999.0000	-9999.0000	-9999.0000	-9999.0000	-9999.0000	20.0726	1	0	24.8327	1.0000	11	4	-9999.0000	6740	44354	-9999	1109	3953	-9999	323.5424	5	0.6347	0.6391	-0.0004	32.6346	3.2006	477.3792	326.1302	37.3664	464.2816	95.1403	494.4716	94.7230	500.5817	94.6790	505.8104	94.6571	
14/08/2017	07:17:01	019004	G523044805HLR	L523	S		447.5664	1.0233	10.0000	100.0890	39.8516	0.8230	0.8269	5.0000	19.9924	508.0461	95.0525	8.2509	25.3000	0.9300	0.9330	0.6389	-0.0004	508.0000	507.6196	1.0339	7.3927	99.9959	39.7685	0.8230	0.8239	5.0000	-9999.0000	-9999.0000	-9999.0000	-9999.0000	-9999.0000	-9999.0000	20.4524	3	0	24.8826	1.0000	11	4	-9999.0000	6741	44355	-9999	1110	3954	-9999	322.9134	5	0.6346	0.6389	-0.0004	32.0809	3.2285	466.6432	321.0482	38.0693	453.0548	94.5253	484.8119	94.5033	490.4766	94.7230	494.6797	94.6351	
14/08/2017	07:17:50	019004	G523044786HLR	L523	S		450.5399	1.0233	10.0000	100.0076	39.5943	0.8230	0.8268	5.0000	19.9914	508.0678	94.8987	8.5107	25.2000	0.9300	0.9329	0.6402	-0.0005	508.0000	507.8239	1.0339	7.3731	99.9908	39.8461	0.8230	0.8254	5.0000	-9999.0000	-9999.0000	-9999.0000	-9999.0000	-9999.0000	-9999.0000	20.5023	5	0	24.8523	1.0000	11	4	-9999.0000	6742	44356	-9999	1111	3955	-9999	322.9833	5	0.6349	0.6402	-0.0005	35.6144	2.8251	467.7942	333.1022	38.6844	454.6440	94.8108	483.7222	94.7230	490.3076	94.9426	494.5827	94.6351	
14/08/2017	07:18:39	019004	G523044792HLR	L523	S		445.6043	1.0233	10.0000	100.0834	39.8340	0.8230	0.8269	5.0000	19.9522	508.0499	94.8987	9.5519	25.2000	0.9300	0.9333	0.6399	-0.0005	508.0000	508.4850	1.0339	7.3098	99.9971	39.9497	0.8230	0.8241	5.0000	-9999.0000	-9999.0000	-9999.0000	-9999.0000	-9999.0000	-9999.0000	20.8715	7	0	24.8631	1.0000	11	4	-9999.0000	6743	44357	-9999	1112	3956	-9999	322.6749	5	0.6348	0.6399	-0.0005	36.1246	2.7859	467.0003	332.4944	38.7503	455.0333	95.4259	480.5981	94.8767	485.3715	94.7230	490.2300	94.7230	
14/08/2017	07:19:30	019004	G523045122HLR	L523	S		445.9268	1.0233	10.0000	99.9963	39.5937	0.8230	0.8269	5.0000	19.9026	508.0514	94.8987	10.2013	25.3000	0.9300	0.9333	0.6406	-0.0006	508.0000	508.6163	1.0339	7.2972	99.9894	39.6418	0.8230	0.8246	5.0000	-9999.0000	-9999.0000	-9999.0000	-9999.0000	-9999.0000	-9999.0000	22.9225	1	0	24.7225	1.0000	11	4	-9999.0000	6744	44358	-9999	1113	3957	-9999	322.4420	5	0.6349	0.6406	-0.0006	37.9044	2.5372	461.1153	331.2726	38.9041	447.5850	95.2941	477.7853	94.9207	483.7158	94.7230	488.1184	94.6571	
14/08/2017	07:20:18	019004	G523045129HLR	L523	S		451.0718	1.0233	10.0000	100.0808	39.8365	0.8230	0.8269	5.0000	20.0715	508.0603	94.7889	8.7813	25.3000	0.9300	0.9333	0.6407	-0.0006	508.0000	508.7688	1.0339	7.2826	100.0940	40.1211	0.8230	0.8245	5.0000	-9999.0000	-9999.0000	-9999.0000	-9999.0000	-9999.0000	-9999.0000	20.4427	3	0	24.8425	1.0000	11	4	-9999.0000	6745	44359	-9999	1114	3958	-9999	322.8846	5	0.6349	0.6407	-0.0006	35.8992	2.7869	467.3461	324.4689	38.1133	454.2224	95.4479	484.4760	94.9426	490.2710	94.8548	494.6198	94.6571	
14/08/2017	07:21:08	019004	G523045125HLR	L523	S		443.3569	1.0233	10.0000	100.0133	39.5929	0.8230	0.8268	5.0000	19.9525	508.0680	94.7889	9.1211	25.3000	0.9300	0.9331	0.6408	-0.0006	508.0000	508.5117	1.0339	7.3072	100.0805	39.5546	0.8230	0.8242	5.0000	-9999.0000	-9999.0000	-9999.0000	-9999.0000	-9999.0000	-9999.0000	21.8519	5	0	24.9021	1.0000	11	4	-9999.0000	6746	44360	-9999	1115	3959	-9999	322.7618	5	0.6348	0.6408	-0.0006	36.6421	2.6894	466.4550	344.1059	38.8601	453.5418	95.4918	480.4605	94.7669	485.9756	94.6571	491.2206	94.6351	
14/08/2017	07:21:56	019004	G523045132HLR	L523	S		446.1830	1.0233	10.0000	100.0709	39.8312	0.8230	0.8268	5.0000	19.8821	508.0838	94.8767	9.3614	25.3000	0.9300	0.9333	0.6417	-0.0007	508.0000	508.8254	1.0339	7.2772	100.1118	40.1960	0.8230	0.8253	5.0000	-9999.0000	-9999.0000	-9999.0000	-9999.0000	-9999.0000	-9999.0000	19.9915	7	0	24.8825	1.0000	11	4	-9999.0000	6747	44361	-9999	1116	3960	-9999	322.6078	5	0.6348	0.6417	-0.0007	39.6285	2.3030	466.1630	325.6457	39.3654	454.6241	95.1184	480.3150	94.7230	486.0126	94.8328	490.7701	94.7449	
14/08/2017	07:22:45	019004	G523045137HLR	L523	S		437.0455	1.0233	10.0000	100.0139	39.5908	0.8230	0.8268	5.0000	19.9514	508.0639	95.2282	12.4614	25.3000	0.9300	0.9332	0.6418	-0.0007	508.0000	506.1661	1.0339	7.4757	100.0704	39.6183	0.8230	0.8240	5.0000	-9999.0000	-9999.0000	-9999.0000	-9999.0000	-9999.0000	-9999.0000	20.4016	1	0	24.8327	1.0000	11	4	-9999.0000	6748	44362	-9999	1117	3961	-9999	321.3862	5	0.6348	0.6418	-0.0007	39.4541	2.3536	453.6945	314.2214	37.8716	441.2025	95.3380	467.9646	94.9207	473.3129	94.7449	478.3097	94.7449	
14/08/2017	07:23:33	019004	G523045270HLR	L523	S		445.8128	1.0233	10.0000	100.0917	39.8287	0.8230	0.8269	5.0000	19.9925	508.0583	94.7889	9.6114	25.2000	0.9300	0.9329	0.6419	-0.0008	508.0000	509.1966	1.0339	7.2416	100.0866	40.0807	0.8230	0.8257	5.0000	-9999.0000	-9999.0000	-9999.0000	-9999.0000	-9999.0000	-9999.0000	19.7824	3	0	24.9528	1.0000	11	4	-9999.0000	6749	44363	-9999	1118	3962	-9999	322.3933	5	0.6346	0.6419	-0.0008	39.2170	2.3789	461.1032	308.9275	36.5316	446.6714	95.5138	479.3097	94.9866	484.8531	94.9426	489.8893	94.8328	
14/08/2017	07:24:22	019004	G523045266HLR	L523	S		441.8729	1.0233	10.0000	100.0205	39.5845	0.8230	0.8268	5.0000	19.9816	508.0781	94.8548	10.5012	25.2000	0.9300	0.9332	0.6425	-0.0008	508.0000	506.9666	1.0339	7.4553	100.1042	39.7867	0.8230	0.8239	5.0000	-9999.0000	-9999.0000	-9999.0000	-9999.0000	-9999.0000	-9999.0000	20.6820	5	0	24.9821	1.0000	11	4	-9999.0000	6750	44364	-9999	1119	3963	-9999	322.0816	5	0.6346	0.6425	-0.0008	38.7052	2.4323	458.6530	317.6265	37.4762	445.1909	95.6236	474.9683	94.9207	480.2035	94.6790	484.7461	94.5692	
14/08/2017	07:25:11	019004	G523045256HLR	L523	S		442.6136	1.0233	10.0000	100.0828	39.8473	0.8230	0.8269	5.0000	19.9320	508.0394	94.7889	10.4211	25.2000	0.9300	0.9331	0.6434	-0.0009	508.0000	508.8104	1.0339	7.2786	99.9758	39.8461	0.8230	0.8253	5.0000	-9999.0000	-9999.0000	-9999.0000	-9999.0000	-9999.0000	-9999.0000	21.2123	7	0	24.7724	1.0000	11	4	-9999.0000	6751	44365	-9999	1120	3964	-9999	321.9535	5	0.6350	0.6434	-0.0009	38.6063	2.4668	460.5926	310.9648	39.5631	448.3124	95.3600	475.0515	94.9646	482.0456	94.9207	485.8146	94.6571	
14/08/2017	07:26:00	019004	G523045141HLR	L523	S		451.2487	1.0233	10.0000	100.0388	39.5849	0.8230	0.8268	5.0000	20.0519	508.0546	94.6571	6.8904	25.2000	0.9300	0.9331	0.6399	-0.0005	508.0000	508.0355	1.0339	7.3529	100.0700	39.9517	0.8230	0.8240	5.0000	-9999.0000	-9999.0000	-9999.0000	-9999.0000	-9999.0000	-9999.0000	21.0121	1	0	24.8130	1.0000	11	4	-9999.0000	6752	44366	-9999	1121	3965	-9999	323.3130	5	0.6351	0.6399	-0.0005	38.6447	2.4533	477.7380	302.2971	39.4313	465.7001	95.2941	490.2301	94.8548	497.2867	94.8328	501.6984	94.5912	
14/08/2017	07:26:49	019004	G523045152HLR	L523	S		443.3577	1.0233	10.0000	100.0297	39.8115	0.8230	0.8268	5.0000	20.7122	508.1064	95.1403	9.4708	25.3000	0.9300	0.9332	0.6417	-0.0007	508.0000	508.6243	1.0339	7.2964	99.9594	39.7069	0.8230	0.8250	5.0000	-9999.0000	-9999.0000	-9999.0000	-9999.0000	-9999.0000	-9999.0000	20.3429	3	0	24.9231	1.0000	11	4	-9999.0000	6753	44367	-9999	1122	3966	-9999	322.6183	5	0.6349	0.6417	-0.0007	38.9247	2.4519	464.1864	303.9398	38.2231	451.3831	94.4154	479.0685	94.5472	485.8966	94.7449	490.6066	94.7669	
14/08/2017	07:27:39	019004	G523045272HLR	L523	S		442.5028	1.0233	10.0000	100.0315	39.5867	0.8230	0.8268	5.0000	20.6116	508.0757	94.8987	10.9211	25.3000	0.9300	0.9334	0.6410	-0.0006	508.0000	508.3742	1.0339	7.3204	100.0637	40.0748	0.8230	0.8244	5.0000	-9999.0000	-9999.0000	-9999.0000	-9999.0000	-9999.0000	-9999.0000	21.2219	5	0	24.8624	1.0000	11	4	-9999.0000	6754	44368	-9999	1123	3967	-9999	322.1622	5	0.6351	0.6410	-0.0006	40.1304	2.3367	460.2995	304.8070	38.8821	448.4259	94.8987	474.2571	94.7669	480.6613	94.7669	485.4963	94.7889	
14/08/2017	07:28:28	019004	G523045261HLR	L523	S		439.3985	1.0233	10.0000	99.9929	39.8099	0.8230	0.8268	5.0000	20.6730	508.0534	94.9866	12.3314	25.2000	0.9300	0.9332	0.6433	-0.0009	508.0000	505.4999	1.0339	7.4271	100.0378	39.5730	0.8230	0.8245	5.0000	-9999.0000	-9999.0000	-9999.0000	-9999.0000	-9999.0000	-9999.0000	21.0619	7	0	24.8828	1.0000	11	4	-9999.0000	6755	44369	-9999	1124	3968	-9999	321.0965	5	0.6350	0.6433	-0.0009	39.6686	2.4133	454.7753	294.0335	39.6949	442.9913	95.2062	468.8048	94.8548	474.3026	94.9426	478.8540	94.7449	
14/08/2017	07:29:19	019004	G523045269HLR	L523	S		446.7113	1.0233	10.0000	100.0001	39.5771	0.8230	0.8267	5.0000	20.8919	508.0698	94.9207	9.3008	25.2000	0.9300	0.9331	0.6433	-0.0009	508.0000	509.1761	1.0339	7.2436	99.9995	40.2257	0.8230	0.8252	5.0000	-9999.0000	-9999.0000	-9999.0000	-9999.0000	-9999.0000	-9999.0000	20.1115	1	0	24.9727	1.0000	11	4	-9999.0000	6756	44370	-9999	1125	3969	-9999	322.4805	5	0.6349	0.6433	-0.0009	40.2667	2.3662	462.6439	257.1151	39.2555	449.7274	95.1843	479.1698	94.8767	485.6679	94.9426	490.4446	94.8328	
14/08/2017	07:30:08	019004	G523045282HLR	L523	S		444.0964	1.0233	10.0000	100.0260	39.8660	0.8230	0.8269	5.0000	19.9622	508.0591	94.8767	9.6017	25.3000	0.9300	0.9332	0.6375	-0.0003	508.0000	507.3679	1.0339	7.4168	100.0005	39.5431	0.8230	0.8239	5.0000	-9999.0000	-9999.0000	-9999.0000	-9999.0000	-9999.0000	-9999.0000	21.0219	3	0	24.7830	1.0000	11	4	-9999.0000	6757	44371	-9999	1126	3970	-9999	322.5103	5	0.6347	0.6375	-0.0003	41.7029	2.2228	466.2377	286.7984	39.4752	453.6360	95.1184	480.9583	94.7449	486.4806	94.6351	490.8725	94.6571	
14/08/2017	07:30:56	019004	G523045268HLR	L523	S		446.0911	1.0233	10.0000	100.0678	39.5867	0.8230	0.8268	5.0000	19.9717	508.0531	94.8767	8.8809	25.3000	0.9300	0.9331	0.6364	-0.0002	508.0000	508.2624	1.0339	7.3311	100.0101	40.2226	0.8230	0.8258	5.0000	-9999.0000	-9999.0000	-9999.0000	-9999.0000	-9999.0000	-9999.0000	20.0022	5	0	24.8125	1.0000	11	4	-9999.0000	6758	44372	-9999	1127	3971	-9999	322.4744	5	0.6345	0.6364	-0.0002	41.7285	2.2214	468.5937	301.6839	38.3769	456.4161	94.8328	483.0133	94.8987	489.2114	94.8108	493.7305	94.7449	
14/08/2017	07:31:45	019004	G523045783HLR	L523	S		445.8363	1.0233	10.0000	100.0351	39.8594	0.8230	0.8268	5.0000	20.0217	508.0559	94.8548	8.8213	25.3000	0.9300	0.9330	0.6356	-0.0001	508.0000	508.1973	1.0339	7.3373	100.1184	39.8011	0.8230	0.8239	5.0000	-9999.0000	-9999.0000	-9999.0000	-9999.0000	-9999.0000	-9999.0000	20.3614	7	0	24.9030	1.0000	11	4	-9999.0000	6759	44373	-9999	1128	3972	-9999	322.4437	5	0.6344	0.6356	-0.0001	41.7736	2.2197	469.2463	300.0387	37.5421	456.6844	94.9866	483.6689	94.8328	489.6556	94.7010	494.6202	94.6790	
14/08/2017	07:32:34	019004	G523045790HLR	L523	S		439.4676	1.0233	10.0000	100.0738	39.5820	0.8230	0.8268	5.0000	20.0414	508.0320	95.0525	11.7718	25.2000	0.9300	0.9331	0.6357	-0.0001	508.0000	507.5182	1.0339	7.4024	100.1599	39.8461	0.8230	0.8253	5.0000	-9999.0000	-9999.0000	-9999.0000	-9999.0000	-9999.0000	-9999.0000	21.0424	1	0	24.8325	1.0000	11	4	-9999.0000	6760	44374	-9999	1129	3973	-9999	322.2264	5	0.6344	0.6357	-0.0001	43.0994	2.1035	459.9153	312.5836	39.5411	447.3437	94.9866	474.5207	94.8987	480.0154	94.7669	484.0848	94.7449	
14/08/2017	07:33:22	019004	G523045789HLR	L523	S		442.3714	1.0233	10.0000	100.0865	39.8742	0.8230	0.8269	5.0000	19.9129	508.0493	94.9426	12.5922	25.2000	0.9300	0.9332	0.6356	-0.0001	508.0000	507.7391	1.0339	7.3813	100.1328	40.0001	0.8230	0.8243	5.0000	-9999.0000	-9999.0000	-9999.0000	-9999.0000	-9999.0000	-9999.0000	20.0131	3	0	24.8328	1.0000	11	4	-9999.0000	6761	44375	-9999	1130	3974	-9999	322.2091	5	0.6345	0.6356	-0.0001	43.1043	2.1244	459.7811	295.6947	39.1677	447.9288	95.3380	473.5548	95.0085	479.0102	95.0085	483.0321	94.8548	
14/08/2017	07:34:11	019004	G523045791HLR	L523	S		447.5382	1.0233	10.0000	99.9923	39.5929	0.8230	0.8268	5.0000	19.9817	508.0559	94.8328	9.0205	25.2000	0.9300	0.9330	0.6347	-0.0000	508.0000	508.4146	1.0339	7.3165	100.1303	39.6410	0.8230	0.8248	5.0000	-9999.0000	-9999.0000	-9999.0000	-9999.0000	-9999.0000	-9999.0000	21.0629	5	0	24.9130	1.0000	11	4	-9999.0000	6762	44376	-9999	1131	3975	-9999	322.4216	5	0.6345	0.6347	-0.0000	43.2069	2.0960	471.5367	310.0409	39.0798	459.0804	95.4039	485.9700	95.0525	490.4601	94.9207	494.8853	94.8548	
14/08/2017	07:35:01	019004	G523045809HLR	L523	S		448.0416	1.0233	10.0000	99.9889	39.8672	0.8230	0.8269	5.0000	19.9232	508.0504	94.8987	8.9004	25.2000	0.9300	0.9330	0.6347	-0.0000	508.0000	509.0251	1.0339	7.2580	99.9895	40.1417	0.8230	0.8245	5.0000	-9999.0000	-9999.0000	-9999.0000	-9999.0000	-9999.0000	-9999.0000	21.0023	7	0	24.8132	1.0000	11	4	-9999.0000	6763	44377	-9999	1132	3976	-9999	322.4035	5	0.6345	0.6347	-0.0000	42.8918	2.1270	471.1903	304.3511	39.6290	458.0564	95.1843	485.7915	94.8328	490.2240	94.6571	494.1446	94.6571	
14/08/2017	07:35:49	019004	G523045797HLR	L523	S		436.8743	1.0233	10.0000	99.9989	39.5855	0.8230	0.8268	5.0000	20.0520	508.0359	95.0744	12.1410	25.2000	0.9300	0.9333	0.6345	0.0000	508.0000	508.2362	1.0339	7.3336	100.1144	39.6258	0.8230	0.8246	5.0000	-9999.0000	-9999.0000	-9999.0000	-9999.0000	-9999.0000	-9999.0000	20.0119	1	0	24.8926	1.0000	11	4	-9999.0000	6764	44378	-9999	1133	3977	-9999	322.3789	5	0.6345	0.6345	0.0000	42.7302	2.1460	459.8766	313.4773	37.9375	448.0066	95.1184	473.5565	94.8987	478.9915	94.7889	483.3958	94.7230	
14/08/2017	07:36:39	019004	G523045792HLR	L523	S		445.7275	1.0233	10.0000	100.0953	39.8647	0.8230	0.8269	5.0000	19.9318	508.0378	94.8108	9.5714	25.2000	0.9300	0.9331	0.6345	-0.0000	508.0000	509.1964	1.0339	7.2416	99.9459	40.1168	0.8230	0.8246	5.0000	-9999.0000	-9999.0000	-9999.0000	-9999.0000	-9999.0000	-9999.0000	22.4927	3	0	24.9433	1.0000	11	4	-9999.0000	6765	44379	-9999	1134	3978	-9999	322.3278	5	0.6344	0.6345	-0.0000	46.7520	1.7029	466.6664	312.0040	37.6519	453.0035	95.2721	483.3612	95.0525	488.8219	94.9646	492.5318	94.7889	
14/08/2017	07:37:28	019004	G523044098HLR	L523	S		442.7345	1.0233	10.0000	100.0716	39.5871	0.8230	0.8268	5.0000	19.8814	508.0680	94.8108	10.0412	25.2000	0.9300	0.9332	0.6346	-0.0000	508.0000	508.0819	1.0339	7.3484	100.0365	39.6330	0.8230	0.8242	5.0000	-9999.0000	-9999.0000	-9999.0000	-9999.0000	-9999.0000	-9999.0000	20.0920	5	0	24.8427	1.0000	11	4	-9999.0000	6766	44380	-9999	1135	3979	-9999	322.3882	5	0.6345	0.6346	-0.0000	40.1081	2.4318	461.9333	298.5433	35.6968	447.9983	95.2941	480.3792	94.9207	485.5074	94.7010	490.4953	94.5912	
14/08/2017	07:38:18	019004	G523044099HLR	L523	S		449.5536	1.0233	10.0000	100.0291	39.8631	0.8230	0.8269	5.0000	19.9719	508.0839	94.7230	7.7304	25.2000	0.9300	0.9329	0.6338	0.0000	508.0000	508.5953	1.0339	7.2992	99.9972	40.0609	0.8230	0.8250	5.0000	-9999.0000	-9999.0000	-9999.0000	-9999.0000	-9999.0000	-9999.0000	22.2925	7	0	24.8234	1.0000	11	4	-9999.0000	6767	44381	-9999	1136	3980	-9999	322.2484	5	0.6343	0.6338	0.0000	39.4917	2.5053	472.3062	326.8779	39.7388	459.0604	95.0744	489.9449	94.9866	495.0581	94.8987	499.2352	94.6790	
14/08/2017	07:39:07	019004	G523045784HLR	L523	S		448.2873	1.0233	10.0000	100.0402	39.5818	0.8230	0.8268	5.0000	20.1419	508.0474	94.7889	8.4209	25.2000	0.9300	0.9331	0.6338	0.0000	508.0000	507.0973	1.0339	7.4428	99.9963	39.7294	0.8230	0.8240	5.0000	-9999.0000	-9999.0000	-9999.0000	-9999.0000	-9999.0000	-9999.0000	20.5325	1	0	24.8329	1.0000	11	4	-9999.0000	6768	44382	-9999	1137	3980	-9999	322.2258	5	0.6344	0.6338	0.0000	39.5553	2.4999	472.2434	319.0948	38.6844	459.9710	95.1623	486.1836	94.6790	491.6122	94.6790	496.7167	94.6790	
14/08/2017	07:39:56	019004	G523045798HLR	L523	S		443.6965	1.0233	10.0000	100.0977	39.8611	0.8230	0.8269	5.0000	19.9319	508.0513	94.9866	10.2209	25.2000	0.9300	0.9332	0.6338	0.0000	508.0000	509.1964	1.0339	7.2416	99.8934	39.9487	0.8230	0.8253	5.0000	-9999.0000	-9999.0000	-9999.0000	-9999.0000	-9999.0000	-9999.0000	21.2726	3	0	24.9422	1.0000	11	4	-9999.0000	6769	44383	-9999	1138	3981	-9999	322.2864	5	0.6342	0.6338	0.0000	46.1342	1.7869	467.1979	320.2235	39.3874	455.0051	94.9426	481.4557	94.7889	487.2231	94.8987	491.1451	94.7230	
14/08/2017	07:40:45	019004	G523045822HLR	L523	S		441.8937	1.0233	10.0000	100.0030	39.5914	0.8230	0.8268	5.0000	19.9827	508.0422	94.8108	10.8215	25.2000	0.9300	0.9333	0.6338	0.0000	508.0000	509.8541	1.0339	7.1786	100.1204	39.8725	0.8230	0.8241	5.0000	-9999.0000	-9999.0000	-9999.0000	-9999.0000	-9999.0000	-9999.0000	20.3019	5	0	24.9921	1.0000	11	4	-9999.0000	6770	44384	-9999	1139	3982	-9999	322.2738	5	0.6343	0.6338	0.0000	39.0722	2.5210	467.6397	321.2192	40.3319	455.7749	95.4039	480.4840	95.0085	484.9966	94.8108	489.2642	94.6790	
14/08/2017	07:41:34	019004	G523045808HLR	L523	S		442.9592	1.0233	10.0000	100.0457	39.8586	0.8230	0.8269	5.0000	20.0227	508.0334	94.7889	10.0617	25.2000	0.9300	0.9333	0.6338	0.0000	508.0000	509.0137	1.0339	7.2591	99.9633	39.7747	0.8230	0.8251	5.0000	-9999.0000	-9999.0000	-9999.0000	-9999.0000	-9999.0000	-9999.0000	20.9223	7	0	24.8123	1.0000	11	4	-9999.0000	6771	44385	-9999	1140	3983	-9999	322.2467	5	0.6343	0.6338	0.0000	38.5430	2.5870	463.9316	325.1379	37.5421	449.9325	95.4039	482.7480	95.0085	487.7264	94.8987	491.1241	94.7449	
14/08/2017	07:42:23	019004	G523045879HLR	L523	S		456.7526	1.0233	10.0000	100.1057	39.5921	0.8230	0.8268	5.0000	19.9515	508.0585	94.6790	6.5613	25.2000	0.9300	0.9327	0.6335	0.0001	508.0000	507.1221	1.0339	7.4404	100.0730	40.0678	0.8230	0.8243	5.0000	-9999.0000	-9999.0000	-9999.0000	-9999.0000	-9999.0000	-9999.0000	20.7424	1	0	24.7830	1.0000	11	4	-9999.0000	6772	44386	-9999	1141	3984	-9999	322.1125	5	0.6341	0.6335	0.0001	36.3693	2.8321	474.6370	312.9000	36.8172	459.6857	95.2941	494.3228	94.8548	499.7323	94.8108	503.0948	94.5912	
14/08/2017	07:43:12	019004	G523045890HLR	L523	S		456.0991	1.0233	10.0000	100.0430	39.8516	0.8230	0.8269	5.0000	19.8753	508.0725	94.5692	5.2506	25.3000	0.9300	0.9328	0.6337	0.0000	508.0000	504.1674	1.0339	7.3300	100.0558	39.6136	0.8230	0.8245	5.0000	-9999.0000	-9999.0000	-9999.0000	-9999.0000	-9999.0000	-9999.0000	21.4222	3	0	24.8729	1.0000	11	4	-9999.0000	6773	44387	-9999	1142	3985	-9999	322.1197	5	0.6341	0.6337	0.0000	36.3083	2.8496	482.2855	336.3573	38.7942	469.5415	94.4813	497.6477	94.6571	502.3427	94.7230	507.1514	94.5692	
14/08/2017	07:44:01	019004	G523044690HLR	L523	S		445.1055	1.0233	10.0000	100.0180	39.5943	0.8230	0.8268	5.0000	19.9827	508.0479	95.0525	8.8506	25.3000	0.9300	0.9334	0.6347	-0.0001	508.0000	507.2122	1.0339	7.4317	100.0652	40.2023	0.8230	0.8249	5.0000	-9999.0000	-9999.0000	-9999.0000	-9999.0000	-9999.0000	-9999.0000	20.4925	5	0	24.8837	1.0000	11	1	-9999.0000	6774	44388	-9999	1143	3986	-9999	322.2074	5	0.6340	0.6347	-0.0001	36.3804	2.8456	469.0791	335.5659	39.7828	457.0403	94.1957	483.2165	94.4154	489.7837	94.7669	494.1886	94.6351	
14/08/2017	07:44:50	019004	G523044686HLR	L523	S		447.0831	1.0233	10.0000	100.0957	39.8615	0.8230	0.8269	5.0000	19.9319	508.0685	94.8767	10.1613	25.2000	0.9300	0.9333	0.6369	-0.0003	508.0000	507.2724	1.0339	7.4260	100.0913	39.5933	0.8230	0.8243	5.0000	-9999.0000	-9999.0000	-9999.0000	-9999.0000	-9999.0000	-9999.0000	20.5121	7	0	24.9325	1.0000	11	1	-9999.0000	6775	44389	-9999	1144	3987	-9999	322.1713	5	0.6343	0.6369	-0.0003	30.9770	3.3824	464.7499	310.1429	39.9805	452.0079	95.0525	479.9873	94.7669	485.6836	94.9207	489.9620	94.8767	
14/08/2017	07:45:39	019004	G523044715HLR	L523	S		450.7622	1.0233	10.0000	99.9996	39.5931	0.8230	0.8268	5.0000	19.9122	508.0775	94.7669	7.0701	25.2000	0.9300	0.9331	0.6372	-0.0003	508.0000	507.1182	1.0339	7.4408	100.0117	40.1702	0.8230	0.8254	5.0000	-9999.0000	-9999.0000	-9999.0000	-9999.0000	-9999.0000	-9999.0000	20.2825	1	0	24.8828	1.0000	11	1	-9999.0000	6776	44390	-9999	1145	3988	-9999	322.6841	5	0.6343	0.6372	-0.0003	30.8515	3.3971	422.3063	333.8011	38.9700	423.6714	95.8433	488.6113	94.9646	494.9273	94.8767	499.9101	94.6571	
14/08/2017	07:46:27	019004	G523044799HLR	L523	S		448.5697	1.0233	10.0000	100.0096	39.8676	0.8230	0.8268	5.0000	19.9828	508.0736	95.0964	9.2217	25.2000	0.9300	0.9331	0.6375	-0.0004	508.0000	507.1505	1.0339	7.4377	100.1075	39.6653	0.8230	0.8239	5.0000	-9999.0000	-9999.0000	-9999.0000	-9999.0000	-9999.0000	-9999.0000	20.6224	3	0	24.7929	1.0000	11	1	-9999.0000	6777	44391	-9999	1146	3989	-9999	322.3319	5	0.6343	0.6375	-0.0004	30.5527	3.4379	464.5850	311.8469	37.0808	450.9537	94.7889	482.5891	94.7449	487.4907	94.8108	492.4331	94.6790	
14/08/2017	07:47:16	019004	G523044794HLR	L523	S		449.3171	1.0233	10.0000	100.0065	39.5951	0.8230	0.8270	5.0000	19.9123	508.0395	94.8548	8.5810	25.2000	0.9300	0.9334	0.6402	-0.0006	508.0000	507.1467	1.0339	7.4380	99.9622	40.0512	0.8230	0.8257	5.0000	-9999.0000	-9999.0000	-9999.0000	-9999.0000	-9999.0000	-9999.0000	20.1815	5	0	24.8436	1.0000	11	1	-9999.0000	6778	44392	-9999	1147	3990	-9999	322.4972	5	0.6345	0.6402	-0.0006	31.1361	3.3848	468.6900	331.1437	39.4533	455.6327	95.3161	484.7685	94.9426	489.7880	94.7669	494.5281	94.7669	
14/08/2017	07:48:04	019004	G523045116HLR	L523	S		449.2646	1.0233	10.0000	100.1200	39.8725	0.8230	0.8269	5.0000	19.9328	508.0795	94.8548	8.6709	25.2000	0.9300	0.9331	0.6403	-0.0006	508.0000	507.6336	1.0339	7.3914	100.1188	39.8754	0.8230	0.8241	5.0000	-9999.0000	-9999.0000	-9999.0000	-9999.0000	-9999.0000	-9999.0000	20.3227	7	0	24.9034	1.0000	11	1	-9999.0000	6779	44393	-9999	1148	3991	-9999	322.5675	5	0.6346	0.6403	-0.0006	30.6246	3.4265	466.5137	333.9705	38.6185	453.3514	95.2721	482.7454	94.7230	489.4993	94.7449	493.8700	94.6790	
14/08/2017	07:48:53	019004	G523045112HLR	L523	S		445.2089	1.0233	10.0000	100.0360	39.5910	0.8230	0.8268	5.0000	20.0009	508.0625	94.8548	10.2004	25.2000	0.9300	0.9332	0.6406	-0.0007	508.0000	508.1306	1.0339	7.3437	100.0989	39.7435	0.8230	0.8253	5.0000	-9999.0000	-9999.0000	-9999.0000	-9999.0000	-9999.0000	-9999.0000	20.1319	1	0	24.9228	1.0000	11	1	-9999.0000	6780	44394	-9999	1149	3992	-9999	322.1380	5	0.6347	0.6406	-0.0007	30.2716	3.4220	461.3587	332.8268	36.7732	448.5732	95.2502	477.4390	94.8328	483.3436	94.8767	488.1674	94.7889	
14/08/2017	07:49:42	019004	G523045113HLR	L523	S		438.8091	1.0233	10.0000	99.9982	39.8729	0.8230	0.8269	5.0000	19.9426	508.0561	94.7230	10.3010	25.2000	0.9300	0.9331	0.6422	-0.0008	508.0000	506.9147	1.0339	7.4603	100.1030	40.1079	0.8230	0.8244	5.0000	-9999.0000	-9999.0000	-9999.0000	-9999.0000	-9999.0000	-9999.0000	20.8216	3	0	24.8125	1.0000	11	1	-9999.0000	6781	44395	-9999	1149	3993	-9999	321.9191	5	0.6348	0.6422	-0.0008	29.8860	3.4460	460.3826	317.8304	36.9270	448.0452	95.5358	475.2978	94.9866	480.7096	94.8548	485.3806	94.7010	
14/08/2017	07:50:30	019004	G523045143HLR	L523	S		443.0815	1.0233	10.0000	100.0640	39.5904	0.8230	0.8268	5.0000	20.0528	508.0643	94.7889	10.8811	25.2000	0.9300	0.9331	0.6421	-0.0008	508.0000	509.6991	1.0339	7.1934	100.0003	39.6127	0.8230	0.8246	5.0000	-9999.0000	-9999.0000	-9999.0000	-9999.0000	-9999.0000	-9999.0000	19.9621	5	0	24.9120	1.0000	11	1	-9999.0000	6782	44396	-9999	1150	3994	-9999	321.7694	5	0.6349	0.6421	-0.0008	31.0464	3.2801	458.5802	331.3276	37.3224	445.7790	95.2502	474.2588	95.0525	480.5262	94.7889	484.9243	94.6351	
14/08/2017	07:51:20	019004	G523045148HLR	L523	S		448.9601	1.0233	10.0000	100.0214	39.8803	0.8230	0.8271	5.0000	19.9124	508.0742	94.8108	8.7803	25.2000	0.9300	0.9331	0.6417	-0.0008	508.0000	507.9897	1.0339	7.3572	99.9907	40.1696	0.8230	0.8246	5.0000	-9999.0000	-9999.0000	-9999.0000	-9999.0000	-9999.0000	-9999.0000	22.4626	7	0	24.8522	1.0000	11	1	-9999.0000	6783	44397	-9999	1151	3995	-9999	322.6729	5	0.6349	0.6417	-0.0008	30.4179	3.3647	466.8132	331.3859	39.3874	454.3749	95.2721	482.5416	95.0085	488.4270	94.9426	493.2405	94.7449	
14/08/2017	07:52:12	019004	G523045284HLR	L523	S		439.3447	1.0233	10.0000	100.0397	39.5974	0.8230	0.8268	5.0000	20.0618	508.0616	95.0085	11.4114	25.2000	0.9300	0.9333	0.6436	-0.0010	508.0000	506.1666	1.0339	7.4757	100.0565	39.6185	0.8230	0.8242	5.0000	-9999.0000	-9999.0000	-9999.0000	-9999.0000	-9999.0000	-9999.0000	20.0618	1	0	24.8631	1.0000	11	1	-9999.0000	6784	44398	-9999	1152	3995	-9999	321.3964	5	0.6348	0.6436	-0.0010	29.5150	3.4416	457.3232	329.3814	38.4208	444.5454	95.3380	473.5789	94.8108	477.5334	94.6571	482.2820	94.7010	
14/08/2017	07:53:00	019004	G523045150HLR	L523	S		442.1969	1.0233	10.0000	100.0205	39.8893	0.8230	0.8269	5.0000	19.9416	508.0934	94.8328	8.5010	25.2000	0.9300	0.9330	0.6436	-0.0010	508.0000	507.6617	1.0339	7.3887	100.0285	40.1538	0.8230	0.8255	5.0000	-9999.0000	-9999.0000	-9999.0000	-9999.0000	-9999.0000	-9999.0000	20.2826	3	0	24.7323	1.0000	11	1	-9999.0000	6785	44399	-9999	1153	3996	-9999	322.8627	5	0.6347	0.6436	-0.0010	29.2773	3.4592	468.6772	324.7682	39.3434	456.9940	95.3820	482.1867	95.0085	488.5601	94.9207	493.5955	94.8108	
14/08/2017	07:53:48	019004	G523045131HLR	L523	S		448.9510	1.0233	10.0000	100.0037	39.5974	0.8230	0.8268	5.0000	19.8617	508.0477	94.8548	8.4004	25.2000	0.9300	0.9330	0.6421	-0.0008	508.0000	508.0387	1.0339	7.3526	100.0196	39.7331	0.8230	0.8241	5.0000	-9999.0000	-9999.0000	-9999.0000	-9999.0000	-9999.0000	-9999.0000	19.9124	5	0	24.8921	1.0000	11	1	-9999.0000	6786	44400	-9999	1154	3997	-9999	322.9131	5	0.6349	0.6421	-0.0008	30.4222	3.3078	466.8537	307.7532	37.1467	453.2384	95.2721	482.8291	94.7669	488.3223	94.6351	493.9395	94.6790	
14/08/2017	07:54:36	019004	G523045123HLR	L523	S		443.8441	1.0233	10.0000	100.0074	39.8549	0.8230	0.8268	5.0000	19.9123	508.0402	94.8767	9.1514	25.2000	0.9300	0.9331	0.6407	-0.0006	508.0000	509.1432	1.0339	7.2467	99.9918	39.9487	0.8230	0.8257	5.0000	-9999.0000	-9999.0000	-9999.0000	-9999.0000	-9999.0000	-9999.0000	19.9621	7	0	24.8426	1.0000	11	1	-9999.0000	6787	44401	-9999	1155	3998	-9999	322.7597	5	0.6351	0.6407	-0.0006	31.8674	3.1656	466.6591	332.1299	38.5306	454.2184	94.9207	482.4485	94.7230	488.0957	94.8328	492.7685	94.7449	
14/08/2017	07:55:30	019004	G523045156HLR	L523	S		445.6337	1.0233	10.0000	100.0691	39.5945	0.8230	0.8269	5.0000	20.0129	508.0534	94.8767	9.5411	25.2000	0.9300	0.9331	0.6377	-0.0002	508.0000	508.9975	1.0339	7.2607	99.9714	39.6555	0.8230	0.8233	5.0000	-9999.0000	-9999.0000	-9999.0000	-9999.0000	-9999.0000	-9999.0000	25.7722	1	0	24.8125	1.0000	11	1	-9999.0000	6788	44402	-9999	1156	3999	-9999	322.7927	5	0.6353	0.6377	-0.0002	32.2469	3.0865	464.9742	329.8216	39.0798	450.9732	94.9866	480.5791	94.9866	486.3915	94.7010	490.8288	94.7669	
14/08/2017	07:56:18	019004	G523045149HLR	L523	S		445.3098	1.0233	10.0000	100.0012	39.8791	0.8230	0.8268	5.0000	19.9416	508.0339	94.8328	9.8917	25.2000	0.9300	0.9332	0.6411	-0.0006	508.0000	509.2562	1.0339	7.2359	100.0796	39.9487	0.8230	0.8257	5.0000	-9999.0000	-9999.0000	-9999.0000	-9999.0000	-9999.0000	-9999.0000	20.0824	3	0	24.8829	1.0000	11	1	-9999.0000	6789	44403	-9999	1157	4000	-9999	322.5642	5	0.6352	0.6411	-0.0006	34.3279	2.9151	462.0782	321.7077	37.9375	449.4336	94.8548	479.9246	94.9207	484.7340	94.6790	488.6838	94.6571	
14/08/2017	07:57:11	019004	G523045144HLR	L523	S		444.6615	1.0233	10.0000	100.0670	39.5927	0.8230	0.8268	5.0000	19.8918	508.0668	94.7669	9.9806	25.2000	0.9300	0.9332	0.6390	-0.0004	508.0000	508.9626	1.0339	7.2640	100.1085	39.8623	0.8230	0.8239	5.0000	-9999.0000	-9999.0000	-9999.0000	-9999.0000	-9999.0000	-9999.0000	21.4028	5	0	24.8631	1.0000	11	1	-9999.0000	6790	44404	-9999	1158	4001	-9999	322.6371	5	0.6349	0.6390	-0.0004	37.8347	2.5656	461.2696	317.8873	38.8821	447.4187	94.7010	479.4565	95.0085	484.4490	94.7449	489.4668	94.6790	
14/08/2017	07:57:59	019004	G523045280HLR	L523	S		439.6910	1.0233	10.0000	100.0133	39.8492	0.8230	0.8268	5.0000	19.9318	508.0707	95.0744	11.8314	25.2000	0.9300	0.9332	0.6396	-0.0005	508.0000	506.9096	1.0339	7.4607	100.1211	39.8461	0.8230	0.8254	5.0000	-9999.0000	-9999.0000	-9999.0000	-9999.0000	-9999.0000	-9999.0000	20.2316	7	0	24.9227	1.0000	11	1	-9999.0000	6791	44405	-9999	1159	4002	-9999	322.1092	5	0.6348	0.6396	-0.0005	35.8854	2.7415	454.6356	299.2523	36.7073	441.9117	94.5692	472.4235	95.0305	478.8607	94.7230	482.3844	94.6351	
14/08/2017	07:58:48	019004	G523045254HLR	L523	S		441.5856	1.0233	10.0000	100.0753	39.5986	0.8230	0.8269	5.0000	20.2620	508.0608	94.8328	12.0512	25.2000	0.9300	0.9333	0.6421	-0.0008	508.0000	506.7725	1.0339	7.4739	100.0998	40.0029	0.8230	0.8244	5.0000	-9999.0000	-9999.0000	-9999.0000	-9999.0000	-9999.0000	-9999.0000	20.1418	1	0	24.8934	1.0000	11	1	-9999.0000	6792	44406	-9999	1160	4003	-9999	321.4742	5	0.6347	0.6421	-0.0008	36.3904	2.7585	453.1068	279.7958	35.6090	439.5380	95.0744	471.0310	95.0744	476.6712	94.9646	481.2760	94.7889	
14/08/2017	07:59:37	019004	G523045265HLR	L523	S		440.5360	1.0233	10.0000	100.0465	39.8426	0.8230	0.8267	5.0000	19.8918	508.0493	94.9646	13.0923	25.2000	0.9300	0.9333	0.6387	-0.0004	508.0000	507.4474	1.0339	7.4092	100.1594	39.6410	0.8230	0.8247	5.0000	-9999.0000	-9999.0000	-9999.0000	-9999.0000	-9999.0000	-9999.0000	21.2817	3	0	24.8621	1.0000	11	1	-9999.0000	6793	44407	-9999	1161	4004	-9999	321.8331	5	0.6347	0.6387	-0.0004	35.3633	2.8176	453.8982	298.7153	36.8172	441.1195	95.1184	469.3023	95.0085	474.8026	94.8987	479.5522	94.6790	
14/08/2017	08:00:25	019004	G523045264HLR	L523	S		443.0069	1.0233	10.0000	99.9945	39.6123	0.8230	0.8270	5.0000	20.0121	508.0633	94.8108	11.7611	25.2000	0.9300	0.9332	0.6375	-0.0003	508.0000	507.3442	1.0339	7.4191	100.0076	40.2038	0.8230	0.8250	5.0000	-9999.0000	-9999.0000	-9999.0000	-9999.0000	-9999.0000	-9999.0000	19.8821	5	0	24.9130	1.0000	11	1	-9999.0000	6794	44408	-9999	1162	4005	-9999	322.2531	5	0.6346	0.6375	-0.0003	39.1550	2.4239	459.6797	302.8010	38.9260	447.7453	94.8767	473.9057	94.8767	480.7626	94.9646	484.5057	94.7669	
14/08/2017	08:01:15	019004	G523045259HLR	L523	S		443.5405	1.0233	10.0000	100.0010	39.8611	0.8230	0.8268	5.0000	19.9817	508.0691	94.8548	10.3908	25.2000	0.9300	0.9331	0.6367	-0.0002	508.0000	507.9139	1.0339	7.3645	100.0668	39.5630	0.8230	0.8241	5.0000	-9999.0000	-9999.0000	-9999.0000	-9999.0000	-9999.0000	-9999.0000	21.4928	7	0	24.7721	1.0000	11	1	-9999.0000	6795	44409	-9999	1163	4006	-9999	322.4360	5	0.6345	0.6367	-0.0002	48.8733	1.4991	463.1395	317.3479	36.4877	449.7560	95.4479	479.0991	94.8548	483.8750	94.8767	488.8357	94.7010	
14/08/2017	08:02:04	019004	G523045258HLR	L523	S		440.7287	1.0233	10.0000	100.0444	39.5972	0.8230	0.8268	5.0000	19.9113	508.0490	94.8548	11.2913	25.2000	0.9300	0.9333	0.6357	-0.0001	508.0000	507.6970	1.0339	7.3853	100.1132	40.2330	0.8230	0.8253	5.0000	-9999.0000	-9999.0000	-9999.0000	-9999.0000	-9999.0000	-9999.0000	20.8216	1	0	24.7927	1.0000	11	1	-9999.0000	6796	44410	-9999	1164	4007	-9999	322.3887	5	0.6345	0.6357	-0.0001	53.2021	1.0964	463.2943	326.9545	37.3664	450.3915	95.3380	477.4283	94.7889	483.1060	94.8548	486.2795	94.5912	
14/08/2017	08:02:52	019004	G523045281HLR	L523	S		444.2012	1.0233	10.0000	100.0006	39.8930	0.8230	0.8272	5.0000	19.9026	508.0423	94.8767	11.6409	25.2000	0.9300	0.9332	0.6358	-0.0001	508.0000	507.7930	1.0339	7.3761	100.0820	39.6547	0.8230	0.8239	5.0000	-9999.0000	-9999.0000	-9999.0000	-9999.0000	-9999.0000	-9999.0000	20.4124	3	0	24.7928	1.0000	11	1	-9999.0000	6797	44411	-9999	1165	4008	-9999	322.4261	5	0.6345	0.6358	-0.0001	54.0244	1.0313	460.3695	310.5123	36.5536	446.8312	95.2502	476.9609	94.8987	482.0806	94.8767	485.9483	94.6131	
14/08/2017	08:03:41	019004	G523045114HLR	L523	S		445.1590	1.0233	10.0000	100.0085	39.6005	0.8230	0.8268	5.0000	19.8918	508.0402	94.8328	11.1712	25.2000	0.9300	0.9334	0.6357	-0.0001	508.0000	509.8296	1.0339	7.1809	100.1214	40.1309	0.8230	0.8257	5.0000	-9999.0000	-9999.0000	-9999.0000	-9999.0000	-9999.0000	-9999.0000	20.6019	5	0	24.8329	1.0000	11	1	-9999.0000	6798	44412	-9999	1166	4009	-9999	322.4475	5	0.6345	0.6357	-0.0001	52.6898	1.1446	462.6618	318.1268	36.9050	449.5378	95.4479	477.6731	94.8767	483.7540	94.8767	487.8715	94.7449	
14/08/2017	08:04:30	019004	G523045128HLR	L523	S		445.3436	1.0233	10.0000	100.0082	39.8316	0.8230	0.8266	5.0000	20.9735	508.0613	94.8108	10.9114	25.3000	0.9300	0.9333	0.6355	-0.0001	508.0000	508.5919	1.0339	7.2995	100.1000	39.9079	0.8230	0.8241	5.0000	-9999.0000	-9999.0000	-9999.0000	-9999.0000	-9999.0000	-9999.0000	20.2424	7	0	24.8329	1.0000	11	1	-9999.0000	6799	44413	-9999	1167	4010	-9999	322.5332	5	0.6347	0.6355	-0.0001	53.2825	1.0606	463.4610	324.5910	36.8172	450.8996	95.5138	478.5559	94.8328	483.5356	94.8548	488.7395	94.7230	
14/08/2017	08:05:18	019004	G523045124HLR	L523	S		439.3340	1.0233	10.0000	100.0624	39.6084	0.8230	0.8268	5.0000	19.9222	508.0862	94.7889	10.1408	25.3000	0.9300	0.9333	0.6354	-0.0001	508.0000	509.2241	1.0339	7.2390	100.1247	39.7435	0.8230	0.8253	5.0000	-9999.0000	-9999.0000	-9999.0000	-9999.0000	-9999.0000	-9999.0000	20.1322	1	0	24.8330	1.0000	11	1	-9999.0000	6800	44414	-9999	1168	4011	-9999	322.5077	5	0.6346	0.6354	-0.0001	58.7534	0.5830	463.0150	306.5919	36.6634	449.3412	95.2502	479.7950	94.7669	485.6822	94.8987	489.5878	94.6351	
14/08/2017	08:06:07	019004	G523045140HLR	L523	S		451.0608	1.0233	10.0000	100.1071	39.8713	0.8230	0.8268	5.0000	19.8626	508.0596	94.8108	8.7803	25.2000	0.9300	0.9332	0.6354	-0.0001	508.0000	507.9470	1.0339	7.3613	99.9758	40.0686	0.8230	0.8242	5.0000	-9999.0000	-9999.0000	-9999.0000	-9999.0000	-9999.0000	-9999.0000	21.6828	3	0	24.7733	1.0000	11	1	-9999.0000	6801	44415	-9999	1169	4012	-9999	322.5189	5	0.6345	0.6354	-0.0001	58.1682	0.6098	469.7542	317.9124	38.4647	456.8209	94.9207	485.5229	94.8108	491.0584	94.6790	494.9397	94.5472	
14/08/2017	08:06:58	019004	G523045255HLR	L523	S		443.1078	1.0233	10.0000	100.0322	39.5894	0.8230	0.8268	5.0000	19.9913	508.0653	94.9866	10.2414	25.2000	0.9300	0.9332	0.6354	-0.0001	508.0000	507.8541	1.0339	7.3702	100.1481	39.6101	0.8230	0.8247	5.0000	-9999.0000	-9999.0000	-9999.0000	-9999.0000	-9999.0000	-9999.0000	19.8723	5	0	27.2034	1.0000	11	1	-9999.0000	6802	44416	-9999	1170	4013	-9999	322.4606	5	0.6343	0.6354	-0.0001	54.9280	0.9030	464.0051	317.1525	38.4428	451.3853	94.5912	479.6546	94.5912	485.0833	94.7010	489.6647	94.5692	
14/08/2017	08:07:46	019004	G523045274HLR	L523	S		446.7395	1.0233	10.0000	100.0684	39.8848	0.8230	0.8269	5.0000	19.9123	508.0515	94.7669	9.0118	25.2000	0.9300	0.9331	0.6354	-0.0001	508.0000	509.5433	1.0339	7.2084	100.0848	40.2105	0.8230	0.8252	5.0000	-9999.0000	-9999.0000	-9999.0000	-9999.0000	-9999.0000	-9999.0000	19.9330	7	0	24.7733	1.0000	11	1	-9999.0000	6803	44417	-9999	1171	4014	-9999	322.4937	5	0.6343	0.6354	-0.0001	59.0686	0.5421	470.4594	315.2704	37.4982	458.1557	95.0744	485.2188	94.8328	489.9344	94.8328	494.4767	94.6351	
14/08/2017	08:08:36	019004	G523045275HLR	L523	S		436.2844	1.0233	10.0000	100.0133	39.5831	0.8230	0.8268	5.0000	20.0121	508.0342	95.2282	15.4217	25.3000	0.9300	0.9333	0.6354	-0.0001	508.0000	508.4638	1.0339	7.3118	99.9657	39.5702	0.8230	0.8240	5.0000	-9999.0000	-9999.0000	-9999.0000	-9999.0000	-9999.0000	-9999.0000	21.7730	1	0	24.7732	1.0000	11	1	-9999.0000	6804	44418	-9999	1172	4015	-9999	322.2269	5	0.6344	0.6354	-0.0001	56.1449	0.7810	453.3990	313.9113	37.7398	441.4412	95.4039	466.0274	94.8108	470.5215	94.7010	474.0480	94.6131	
14/08/2017	08:09:24	019004	G523045780HLR	L523	S		437.9975	1.0233	10.0000	100.0979	39.8598	0.8230	0.8270	5.0000	19.9525	508.0441	94.9426	12.1019	25.2000	0.9300	0.9330	0.6354	-0.0001	508.0000	508.8816	1.0339	7.2718	100.0119	40.1833	0.8230	0.8256	5.0000	-9999.0000	-9999.0000	-9999.0000	-9999.0000	-9999.0000	-9999.0000	20.0422	3	0	24.8632	1.0000	11	1	-9999.0000	6805	44419	-9999	1173	4016	-9999	322.3708	5	0.6343	0.6354	-0.0001	55.8602	0.8050	459.0907	320.8511	38.7283	446.2785	95.3161	474.5185	94.8328	479.3454	94.8987	483.3228	94.8328	
14/08/2017	08:10:13	019004	G523045779HLR	L523	S		441.9429	1.0233	10.0000	100.0033	39.5370	0.8230	0.8266	5.0000	21.2231	508.0602	95.0305	12.5209	25.2000	0.9300	0.9333	0.6342	0.0000	508.0000	507.6294	1.0339	7.3918	100.1146	39.6400	0.8230	0.8238	5.0000	-9999.0000	-9999.0000	-9999.0000	-9999.0000	-9999.0000	-9999.0000	21.0024	5	0	24.8631	1.0000	11	1	-9999.0000	6806	44420	-9999	1174	4017	-9999	322.3340	5	0.6343	0.6342	0.0000	48.6308	1.4631	460.9802	324.8036	38.4867	448.4057	95.5358	474.8125	94.8328	479.8589	94.7889	483.8849	94.6790	
14/08/2017	08:11:03	019004	G523045820HLR	L523	S		444.5830	1.0233	10.0000	99.9989	39.9002	0.8230	0.8269	5.0000	19.9922	508.0289	94.8987	9.6710	25.2000	0.9300	0.9331	0.6347	-0.0000	508.0000	507.4002	1.0339	7.4137	100.0973	40.0512	0.8230	0.8256	5.0000	-9999.0000	-9999.0000	-9999.0000	-9999.0000	-9999.0000	-9999.0000	21.5726	7	0	24.8233	1.0000	11	1	-9999.0000	6807	44421	-9999	1175	4017	-9999	322.3154	5	0.6343	0.6347	-0.0000	47.3455	1.5961	467.3902	330.8197	36.9490	454.4773	95.2502	483.0078	94.8767	487.7058	94.8767	492.2744	94.7669	
14/08/2017	08:11:52	019004	G523045781HLR	L523	S		447.6129	1.0233	10.0000	100.0828	39.5403	0.8230	0.8268	5.0000	19.9319	508.0848	94.8328	8.3017	25.2000	0.9300	0.9330	0.6345	-0.0000	508.0000	508.0670	1.0339	7.3498	100.0212	39.8418	0.8230	0.8238	5.0000	-9999.0000	-9999.0000	-9999.0000	-9999.0000	-9999.0000	-9999.0000	21.3832	1	0	24.7821	1.0000	11	1	-9999.0000	6808	44422	-9999	1176	4018	-9999	322.3693	5	0.6342	0.6345	-0.0000	47.5515	1.5436	470.2850	334.4640	36.7293	457.1669	95.3380	486.8741	94.7230	493.1968	94.6571	496.8662	94.5033	
14/08/2017	08:12:41	019004	G523044105HLR	L523	S		445.2947	1.0233	10.0000	100.0433	39.9028	0.8230	0.8270	5.0000	19.8721	508.0451	95.2062	11.1214	25.2000	0.9300	0.9333	0.6357	-0.0001	508.0000	508.9154	1.0339	7.2685	100.0200	39.8461	0.8230	0.8256	5.0000	-9999.0000	-9999.0000	-9999.0000	-9999.0000	-9999.0000	-9999.0000	20.0116	3	0	25.7724	1.0000	11	1	-9999.0000	6809	44423	-9999	1177	4019	-9999	322.3973	5	0.6343	0.6357	-0.0001	47.6964	1.5514	462.0420	323.5775	38.4867	449.1630	94.7669	476.5259	94.4374	483.1792	94.7010	486.7700	94.6571	
14/08/2017	08:13:30	019004	G523044106HLR	L523	S		446.0914	1.0233	10.0000	100.0308	39.5423	0.8230	0.8269	5.0000	20.6127	508.0206	94.8987	9.6720	25.2000	0.9300	0.9331	0.6353	-0.0001	508.0000	508.1684	1.0339	7.3401	100.1208	40.0201	0.8230	0.8242	5.0000	-9999.0000	-9999.0000	-9999.0000	-9999.0000	-9999.0000	-9999.0000	20.8421	5	0	24.7632	1.0000	11	1	-9999.0000	6810	44424	-9999	1178	4020	-9999	322.3861	5	0.6343	0.6353	-0.0001	46.9684	1.6265	464.8769	311.5146	38.2011	451.0256	95.0525	482.9936	94.8328	488.3025	94.9426	493.0616	94.6131	
14/08/2017	08:14:18	019004	G523045801HLR	L523	S		437.8436	1.0233	10.0000	99.9924	39.8850	0.8230	0.8269	5.0000	19.9317	508.0286	95.2282	13.7818	25.3000	0.9300	0.9335	0.6351	-0.0001	508.0000	506.6987	1.0339	7.4810	100.1150	39.6410	0.8230	0.8249	5.0000	-9999.0000	-9999.0000	-9999.0000	-9999.0000	-9999.0000	-9999.0000	20.3324	7	0	24.8026	1.0000	11	1	-9999.0000	6811	44425	-9999	1179	4021	-9999	322.1282	5	0.6342	0.6351	-0.0001	46.6404	1.6574	454.7928	320.1609	38.1792	442.0114	95.3380	469.4887	94.8108	474.2187	94.7669	478.3551	94.5472	
14/08/2017	08:15:55	019004	G523045819HLR	L523	S		443.1740	1.0233	10.0000	100.1037	39.8856	0.8230	0.8269	5.0000	19.9417	508.0416	94.9646	12.0814	25.4000	0.9300	0.9337	0.6341	0.0000	508.0000	507.6075	1.0339	7.3939	100.0083	39.4201	0.8230	0.8239	5.0000	-9999.0000	-9999.0000	-9999.0000	-9999.0000	-9999.0000	-9999.0000	20.5423	3	0	24.8533	1.0000	11	1	-9999.0000	6813	44426	-9999	1180	4022	-9999	322.2694	5	0.6342	0.6341	0.0000	46.6501	1.6067	461.3256	329.6536	38.9480	448.8428	95.4698	476.9570	94.9207	481.7140	94.8548	485.5331	94.7669	
14/08/2017	08:16:45	019004	G523045788HLR	L523	S		447.7602	1.0233	10.0000	100.0309	39.5837	0.8230	0.8268	5.0000	19.8430	508.0498	94.8548	9.1104	25.3000	0.9300	0.9330	0.6341	0.0000	508.0000	508.5864	1.0339	7.3001	100.1182	40.3589	0.8230	0.8257	5.0000	-9999.0000	-9999.0000	-9999.0000	-9999.0000	-9999.0000	-9999.0000	21.5225	5	0	24.7927	1.0000	11	1	-9999.0000	6814	44427	-9999	1181	4023	-9999	322.2562	5	0.6342	0.6341	0.0000	46.6501	1.6067	468.8618	337.3290	38.0473	455.1861	95.3600	484.4060	94.7669	489.9015	94.8548	494.1989	94.7449	
14/08/2017	08:17:34	019004	G523045787HLR	L523	S		435.0424	1.0233	10.0000	100.0877	39.8815	0.8230	0.8269	5.0000	19.9123	508.0561	95.2282	12.7514	25.3000	0.9300	0.9335	0.6341	0.0000	508.0000	508.3235	1.0339	7.3253	100.0148	39.7839	0.8230	0.8237	5.0000	-9999.0000	-9999.0000	-9999.0000	-9999.0000	-9999.0000	-9999.0000	21.2817	7	0	24.8827	1.0000	11	1	-9999.0000	6815	44428	-9999	1182	4024	-9999	322.3071	5	0.6342	0.6341	0.0000	46.7792	1.5969	456.5398	324.3176	37.0149	442.9487	95.2941	472.6295	94.6790	476.2967	94.6131	480.9105	94.6351	
14/08/2017	08:18:22	019004	G523045785HLR	L523	S		439.5976	1.0233	10.0000	100.0441	39.5912	0.8230	0.8270	5.0000	19.9716	508.0576	94.9207	11.4212	25.3000	0.9300	0.9331	0.6338	0.0000	508.0000	508.2673	1.0339	7.3306	100.0711	39.8461	0.8230	0.8257	5.0000	-9999.0000	-9999.0000	-9999.0000	-9999.0000	-9999.0000	-9999.0000	19.7728	1	0	25.0234	1.0000	11	1	-9999.0000	6816	44429	-9999	1183	4024	-9999	322.3277	5	0.6343	0.6338	0.0000	46.5501	1.6110	464.4080	331.7802	36.5536	451.9641	95.4039	477.2746	94.8987	482.4132	94.8987	486.3756	94.7669	
14/08/2017	08:19:11	019004	G523045814HLR	L523	S		439.9401	1.0233	10.0000	100.0575	39.8586	0.8230	0.8268	5.0000	19.8918	508.0468	95.0964	12.9712	25.3000	0.9300	0.9332	0.6339	0.0000	508.0000	507.4189	1.0339	7.4119	100.1425	40.0166	0.8230	0.8243	5.0000	-9999.0000	-9999.0000	-9999.0000	-9999.0000	-9999.0000	-9999.0000	20.4220	3	0	24.8329	1.0000	11	1	-9999.0000	6817	44430	-9999	1184	4025	-9999	322.3154	5	0.6343	0.6339	0.0000	45.7049	1.7410	458.0963	319.4457	36.3119	445.7660	95.4259	472.2775	94.7889	478.1337	94.8108	481.9351	94.7010	
14/08/2017	08:19:59	019004	G523045802HLR	L523	S		440.4204	1.0233	10.0000	100.0319	39.5826	0.8230	0.8268	5.0000	19.9123	508.0576	94.9646	13.2222	25.3000	0.9300	0.9333	0.6343	0.0000	508.0000	508.0378	1.0339	7.3526	100.0095	39.6410	0.8230	0.8249	5.0000	-9999.0000	-9999.0000	-9999.0000	-9999.0000	-9999.0000	-9999.0000	20.3617	5	0	24.8426	1.0000	11	1	-9999.0000	6818	44431	-9999	1185	4026	-9999	322.3318	5	0.6343	0.6343	0.0000	44.6447	1.8487	461.0093	342.5943	37.3224	449.4875	95.3161	472.5788	94.8548	478.4880	94.8987	481.7228	94.7669	
14/08/2017	08:20:53	019004	G523045804HLR	L523	S		439.6295	1.0233	10.0000	100.0029	39.8746	0.8230	0.8269	5.0000	19.9318	508.0594	94.8987	11.7308	25.3000	0.9300	0.9331	0.6335	0.0001	508.0000	508.7261	1.0339	7.2867	100.0034	39.9943	0.8230	0.8239	5.0000	-9999.0000	-9999.0000	-9999.0000	-9999.0000	-9999.0000	-9999.0000	25.3231	7	0	24.8124	1.0000	11	1	-9999.0000	6819	44432	-9999	1186	4027	-9999	322.3570	5	0.6344	0.6335	0.0001	47.2494	1.6123	460.9536	321.3776	36.8391	448.7820	95.1403	476.1286	94.7449	480.9164	94.8328	485.5503	94.7669	
14/08/2017	08:21:41	019004	G523045874HLR	L523	S		451.2676	1.0233	10.0000	100.0477	39.5869	0.8230	0.8268	5.0000	20.0022	508.0396	94.6790	7.3104	25.2000	0.9300	0.9330	0.6333	0.0001	508.0000	507.1765	1.0339	7.4352	99.9493	39.6195	0.8230	0.8246	5.0000	-9999.0000	-9999.0000	-9999.0000	-9999.0000	-9999.0000	-9999.0000	20.7522	1	0	24.8028	1.0000	11	1	-9999.0000	6820	44433	-9999	1187	4028	-9999	322.1090	5	0.6343	0.6333	0.0001	47.5277	1.5463	475.2122	348.5443	36.7732	461.9810	95.0085	490.7693	94.6790	496.1671	94.8328	500.3350	94.7669	
14/08/2017	08:22:30	019004	G523045795HLR	L523	S		435.7607	1.0233	10.0000	99.9585	39.8701	0.8230	0.8270	5.0000	19.9319	508.0509	95.0744	12.3813	25.3000	0.9300	0.9333	0.6340	0.0000	508.0000	508.8838	1.0339	7.2716	99.9779	40.1538	0.8230	0.8252	5.0000	-9999.0000	-9999.0000	-9999.0000	-9999.0000	-9999.0000	-9999.0000	20.4125	3	0	25.3427	1.0000	11	1	-9999.0000	6821	44434	-9999	1188	4029	-9999	322.3344	5	0.6344	0.6340	0.0000	46.7210	1.6076	457.9864	348.7364	37.1028	446.0520	94.3715	472.2540	94.4813	478.9812	94.7449	483.3023	94.7010	
14/08/2017	08:23:19	019004	G523045818HLR	L523	S		454.8976	1.0233	10.0000	100.0529	39.5998	0.8230	0.8268	5.0000	19.9523	508.0391	94.7669	6.8211	25.2000	0.9300	0.9327	0.6341	0.0000	508.0000	507.0398	1.0339	7.4483	100.1147	39.5869	0.8230	0.8242	5.0000	-9999.0000	-9999.0000	-9999.0000	-9999.0000	-9999.0000	-9999.0000	20.3117	5	0	24.7931	1.0000	11	1	-9999.0000	6822	44435	-9999	1189	4030	-9999	322.3103	5	0.6345	0.6341	0.0000	43.9136	1.8952	476.4068	342.5657	36.7513	463.8150	94.9866	492.5689	94.7889	498.1877	94.8987	502.1412	94.7669	
14/08/2017	08:24:09	019004	G523045878HLR	L523	S		436.3189	1.0233	10.0000	100.0045	39.8619	0.8230	0.8268	5.0000	19.9417	508.0264	94.9426	13.5416	25.3000	0.9300	0.9333	0.6342	0.0000	508.0000	509.0237	1.0339	7.2582	100.0442	40.1538	0.8230	0.8254	5.0000	-9999.0000	-9999.0000	-9999.0000	-9999.0000	-9999.0000	-9999.0000	21.6118	7	0	24.8123	1.0000	11	1	-9999.0000	6823	44436	-9999	1190	4031	-9999	322.3835	5	0.6345	0.6342	0.0000	44.0073	1.8785	454.2247	343.8882	37.1028	441.5164	94.5472	470.2931	94.5253	474.9511	94.7669	479.4647	94.7230	
14/08/2017	08:24:57	019004	G523045886HLR	L523	S		435.2458	1.0233	10.0000	100.0530	39.5935	0.8230	0.8268	5.0000	19.8518	508.0537	94.9207	12.8217	25.2000	0.9300	0.9332	0.6353	-0.0001	508.0000	508.9516	1.0339	7.2651	100.0101	39.7679	0.8230	0.8239	5.0000	-9999.0000	-9999.0000	-9999.0000	-9999.0000	-9999.0000	-9999.0000	20.5315	1	0	24.8329	1.0000	11	1	-9999.0000	6824	44437	-9999	1191	4032	-9999	322.3296	5	0.6345	0.6353	-0.0001	38.9704	2.3742	456.6390	321.2721	36.3339	443.7102	95.4479	472.0745	94.8767	477.0102	94.8767	480.9719	94.8108	
14/08/2017	08:26:04	019004	G523044733HLR	L523	S		449.0207	1.0233	10.0000	100.0847	39.8746	0.8230	0.8269	5.0000	19.8616	508.0740	94.8767	9.1309	25.2000	0.9300	0.9330	0.6354	-0.0001	508.0000	507.8621	1.0339	7.3695	100.1245	39.8625	0.8230	0.8257	5.0000	-9999.0000	-9999.0000	-9999.0000	-9999.0000	-9999.0000	-9999.0000	20.2523	3	0	42.9042	1.0000	11	3	-9999.0000	6825	44438	-9999	1192	4033	-9999	322.4420	5	0.6344	0.6354	-0.0001	38.1618	2.4523	470.1122	342.0189	36.4437	457.4317	95.3161	484.8663	94.7889	490.0260	94.8548	494.4297	94.7669	
14/08/2017	08:26:53	019004	G523044731HLR	L523	S		449.1458	1.0233	10.0000	100.0229	39.5916	0.8230	0.8268	5.0000	19.9514	508.0287	94.8548	9.1710	25.2000	0.9300	0.9332	0.6357	-0.0001	508.0000	507.3547	1.0339	7.4181	100.1018	39.6948	0.8230	0.8240	5.0000	-9999.0000	-9999.0000	-9999.0000	-9999.0000	-9999.0000	-9999.0000	19.9514	5	0	24.8729	1.0000	11	3	-9999.0000	6826	44439	-9999	1193	4033	-9999	322.3938	5	0.6343	0.6357	-0.0001	36.1432	2.6440	468.4169	344.4393	36.0703	454.9335	95.1184	484.6459	94.6131	489.3264	94.5912	493.2516	94.6351	
14/08/2017	08:27:42	019004	G523044729HLR	L523	S		444.5049	1.0233	10.0000	100.1048	39.8672	0.8230	0.8269	5.0000	19.9924	376.6486	94.9426	31.0035	25.1000	0.9300	0.9334	0.6359	-0.0001	508.0000	520.5482	1.0339	6.1538	99.9943	40.0512	0.8230	0.8258	5.0000	-9999.0000	-9999.0000	-9999.0000	-9999.0000	-9999.0000	-9999.0000	20.4417	7	2	24.7928	1.0000	11	3	-9999.0000	6827	44440	-9999	1194	4034	-9999	237.9455	5	0.6344	0.6359	-0.0001	35.6733	2.6891	323.4355	340.3123	38.2011	352.6944	96.6781	319.8102	95.2721	309.0725	95.0085	312.1673	94.9866	
14/08/2017	08:28:31	019004	G523044721HLR	L523	S		445.0761	1.0233	10.0000	100.0099	39.5712	0.8230	0.8267	5.0000	21.5122	508.0334	94.9866	9.8312	25.1000	0.9300	0.9327	0.6363	-0.0002	508.0000	507.9455	1.0339	7.3615	100.0347	39.8750	0.8230	0.8240	5.0000	-9999.0000	-9999.0000	-9999.0000	-9999.0000	-9999.0000	-9999.0000	20.7826	1	0	24.6932	1.0000	11	3	-9999.0000	6828	44441	-9999	1195	4035	-9999	322.4706	5	0.6345	0.6363	-0.0002	34.7303	2.7574	461.9219	315.6587	36.0264	448.3683	94.4374	479.5561	94.5253	486.1719	94.7449	490.5925	94.7449	
14/08/2017	08:29:19	019004	G523044455HLR	L523	S		446.5210	1.0233	10.0000	100.0396	39.8791	0.8230	0.8268	5.0000	19.9816	508.0666	94.9866	9.0215	25.2000	0.9300	0.9332	0.6368	-0.0002	508.0000	507.1203	1.0339	7.4406	100.1144	39.8320	0.8230	0.8255	5.0000	-9999.0000	-9999.0000	-9999.0000	-9999.0000	-9999.0000	-9999.0000	20.2421	3	0	24.8924	1.0000	11	3	-9999.0000	6829	44442	-9999	1196	4036	-9999	322.5803	5	0.6281	0.6368	-0.0002	33.1807	2.9270	467.2429	336.1439	36.3998	454.4917	94.4374	481.5944	94.4154	489.4637	94.7230	493.3344	94.5033	
14/08/2017	08:30:08	019004	G523044434HLR	L523	S		443.6748	1.0233	10.0000	100.0955	39.5628	0.8230	0.8268	5.0000	20.0422	508.0501	95.0085	9.1709	25.2000	0.9300	0.9332	0.6371	-0.0003	508.0000	506.5656	1.0339	7.4937	100.0734	40.0981	0.8230	0.8246	5.0000	-9999.0000	-9999.0000	-9999.0000	-9999.0000	-9999.0000	-9999.0000	19.8117	5	0	24.9129	1.0000	11	3	-9999.0000	6830	44443	-9999	1197	4037	-9999	322.5473	5	0.6281	0.6371	-0.0003	32.3253	3.0512	462.5392	320.8534	36.5975	449.4283	93.9541	479.0388	94.2836	486.2334	94.6351	492.6500	94.6351	
14/08/2017	08:30:57	019004	G523044769HLR	L523	S		445.5990	1.0233	10.0000	100.0196	39.8836	0.8230	0.8269	5.0000	19.9523	508.0651	95.0964	11.2415	25.2000	0.9300	0.9334	0.6378	-0.0003	508.0000	507.4276	1.0339	7.4111	100.0910	39.6265	0.8230	0.8247	5.0000	-9999.0000	-9999.0000	-9999.0000	-9999.0000	-9999.0000	-9999.0000	20.8020	7	0	24.9033	1.0000	11	3	-9999.0000	6831	44444	-9999	1198	4038	-9999	322.3604	5	0.6282	0.6378	-0.0003	32.3708	3.0468	458.9592	334.5107	37.0369	446.0147	94.0200	475.8915	94.5692	482.0618	94.7449	485.9720	94.6790	
14/08/2017	08:31:45	019004	G523044447HLR	L523	S		446.3672	1.0233	10.0000	100.0949	39.5718	0.8230	0.8268	5.0000	20.0218	508.0399	94.7449	8.2714	25.2000	0.9300	0.9332	0.6381	-0.0003	508.0000	507.7083	1.0339	7.3842	100.0633	40.2054	0.8230	0.8251	5.0000	-9999.0000	-9999.0000	-9999.0000	-9999.0000	-9999.0000	-9999.0000	19.9917	1	0	24.8631	1.0000	11	3	-9999.0000	6832	44445	-9999	1199	4038	-9999	322.8395	5	0.6284	0.6381	-0.0003	34.2708	2.8586	466.6787	328.2756	37.3664	453.2094	94.5692	483.7500	94.6351	490.5437	94.8548	495.8255	94.7010	
14/08/2017	08:32:33	019004	G523044446HLR	L523	S		445.0634	1.0233	10.0000	100.0917	39.8901	0.8230	0.8269	5.0000	19.9523	508.0601	95.1184	10.4016	25.2000	0.9300	0.9332	0.6381	-0.0003	508.0000	507.0542	1.0339	7.4469	100.0414	39.5906	0.8230	0.8245	5.0000	-9999.0000	-9999.0000	-9999.0000	-9999.0000	-9999.0000	-9999.0000	19.9621	3	0	24.7527	1.0000	11	3	-9999.0000	6833	44446	-9999	1200	4039	-9999	322.5742	5	0.6285	0.6381	-0.0003	34.7886	2.7624	461.5388	330.5889	36.0264	448.7260	94.5692	477.6135	94.4154	483.4019	94.5912	488.0196	94.6571	
14/08/2017	08:33:22	019004	G523044444HLR	L523	S		442.1877	1.0233	10.0000	100.0110	39.5693	0.8230	0.8267	5.0000	20.8518	508.0572	94.9426	10.8508	25.2000	0.9300	0.9331	0.6387	-0.0004	508.0000	507.9090	1.0339	7.3650	99.9452	40.1538	0.8230	0.8255	5.0000	-9999.0000	-9999.0000	-9999.0000	-9999.0000	-9999.0000	-9999.0000	20.1418	5	0	24.7830	1.0000	11	3	-9999.0000	6834	44447	-9999	1201	4040	-9999	322.4561	5	0.6285	0.6387	-0.0004	34.9335	2.7998	460.3725	336.7877	38.4208	447.0587	94.6131	476.1587	94.7230	482.1633	94.8987	486.5162	94.6131	
14/08/2017	08:34:10	019004	G523044440HLR	L523	S		446.5766	1.0233	10.0000	100.0618	39.8914	0.8230	0.8269	5.0000	19.9317	508.0602	94.9426	10.2511	25.2000	0.9300	0.9332	0.6392	-0.0004	508.0000	507.1533	1.0339	7.4374	100.0644	39.7192	0.8230	0.8241	5.0000	-9999.0000	-9999.0000	-9999.0000	-9999.0000	-9999.0000	-9999.0000	19.9523	7	0	24.7930	1.0000	11	3	-9999.0000	6835	44448	-9999	1202	4041	-9999	322.5938	5	0.6286	0.6392	-0.0004	32.6429	3.0454	462.3716	324.8565	37.1247	449.4728	94.7010	478.5310	94.7449	485.1232	94.8548	488.9403	94.5692	
14/08/2017	08:34:58	019004	G523044438HLR	L523	S		444.8907	1.0233	10.0000	100.0063	39.5863	0.8230	0.8268	5.0000	19.9320	508.0787	94.8108	8.9512	25.2000	0.9300	0.9331	0.6390	-0.0004	508.0000	508.1781	1.0339	7.3392	100.0920	39.9487	0.8230	0.8257	5.0000	-9999.0000	-9999.0000	-9999.0000	-9999.0000	-9999.0000	-9999.0000	20.1428	1	0	24.8424	1.0000	11	3	-9999.0000	6836	44449	-9999	1203	4042	-9999	322.9137	5	0.6287	0.6390	-0.0004	32.8959	3.0135	466.0347	316.7731	38.0913	453.1007	94.4813	481.3929	94.6131	488.3265	94.8328	493.0707	94.5472	
14/08/2017	08:35:46	019004	G523044675HLR	L523	S		447.3316	1.0233	10.0000	100.0912	39.8758	0.8230	0.8269	5.0000	19.9622	508.0591	94.9426	9.0411	25.2000	0.9300	0.9332	0.6398	-0.0005	508.0000	508.4156	1.0339	7.3164	99.9549	39.9419	0.8230	0.8242	5.0000	-9999.0000	-9999.0000	-9999.0000	-9999.0000	-9999.0000	-9999.0000	19.9620	3	0	24.8220	1.0000	11	3	-9999.0000	6837	44450	-9999	1204	4043	-9999	322.9924	5	0.6288	0.6398	-0.0005	31.7063	3.0986	462.4310	315.2600	35.4991	448.4032	94.3935	483.2464	94.4594	489.0319	94.6571	492.4326	94.6571	
14/08/2017	08:36:36	019004	G523044676HLR	L523	S		445.8425	1.0233	10.0000	100.0106	39.5929	0.8230	0.8268	5.0000	20.0422	508.0751	95.1403	11.1116	25.2000	0.9300	0.9334	0.6393	-0.0004	508.0000	508.0879	1.0339	7.3478	100.1035	39.6520	0.8230	0.8249	5.0000	-9999.0000	-9999.0000	-9999.0000	-9999.0000	-9999.0000	-9999.0000	21.9623	5	0	24.8329	1.0000	11	3	-9999.0000	6838	44451	-9999	1205	4044	-9999	322.5786	5	0.6289	0.6393	-0.0004	34.9072	2.7821	460.0914	294.4708	35.4772	447.2003	93.9761	475.4816	94.6351	481.4022	94.8767	485.8223	94.7669	
14/08/2017	08:37:25	019004	G523044702HLR	L523	S		447.5435	1.0233	10.0000	100.0837	39.8643	0.8230	0.8269	5.0000	19.9626	508.0430	94.8767	10.2912	25.2000	0.9300	0.9332	0.6401	-0.0005	508.0000	508.4421	1.0339	7.3139	100.0065	40.1548	0.8230	0.8245	5.0000	-9999.0000	-9999.0000	-9999.0000	-9999.0000	-9999.0000	-9999.0000	20.7520	7	0	24.8426	1.0000	11	3	-9999.0000	6839	44452	-9999	1206	4045	-9999	322.7175	5	0.6289	0.6401	-0.0005	37.5989	2.5374	460.7990	269.5107	35.7188	448.1556	94.0420	478.2145	94.8328	485.0087	94.9646	489.2227	94.7449	
14/08/2017	08:38:14	019004	G523044681HLR	L523	S		446.7679	1.0233	10.0000	100.0506	39.5927	0.8230	0.8268	5.0000	19.9113	508.0962	94.7449	8.9414	25.2000	0.9300	0.9329	0.6396	-0.0004	508.0000	508.6971	1.0339	7.2895	99.9979	39.6101	0.8230	0.8246	5.0000	-9999.0000	-9999.0000	-9999.0000	-9999.0000	-9999.0000	-9999.0000	20.3226	1	0	25.5136	1.0000	11	3	-9999.0000	6840	44453	-9999	1207	4046	-9999	323.1000	5	0.6290	0.6396	-0.0004	55.0562	0.6772	463.2946	267.3146	35.8287	449.8755	94.2836	481.8961	94.8328	488.2140	94.9207	493.6961	94.6571	
14/08/2017	08:39:02	019004	G523044695HLR	L523	S		447.6959	1.0233	10.0000	100.0076	39.8557	0.8230	0.8268	5.0000	19.9621	508.0973	95.1623	10.4807	25.2000	0.9300	0.9332	0.6377	-0.0002	508.0000	508.2441	1.0339	7.3329	100.0933	40.2158	0.8230	0.8253	5.0000	-9999.0000	-9999.0000	-9999.0000	-9999.0000	-9999.0000	-9999.0000	20.0424	3	0	24.7733	1.0000	11	3	-9999.0000	6841	44454	-9999	1208	4047	-9999	322.8445	5	0.6291	0.6377	-0.0002	54.9400	0.6776	459.6841	260.7929	34.7742	445.5687	93.7784	478.2885	94.5912	484.8145	94.7889	489.0508	94.7230	
14/08/2017	08:39:50	019004	G523044722HLR	L523	S		436.0444	1.0233	10.0000	100.0811	39.5919	0.8230	0.8268	5.0000	19.8724	508.0312	95.1623	13.7017	25.2000	0.9300	0.9333	0.6378	-0.0002	508.0000	509.2480	1.0339	7.2367	100.1049	39.6183	0.8230	0.8242	5.0000	-9999.0000	-9999.0000	-9999.0000	-9999.0000	-9999.0000	-9999.0000	19.9925	5	0	24.8728	1.0000	11	3	-9999.0000	6842	44455	-9999	1209	4048	-9999	322.3849	5	0.6291	0.6378	-0.0002	55.4089	0.6575	451.1216	278.8911	36.9050	438.2196	94.3056	468.5529	94.9426	474.2837	95.0085	478.5265	94.7449	
14/08/2017	08:40:39	019004	G523044682HLR	L523	S		445.3661	1.0233	10.0000	100.0140	39.8662	0.8230	0.8270	5.0000	19.9417	508.0668	94.8108	10.7913	25.2000	0.9300	0.9332	0.6379	-0.0002	508.0000	508.2110	1.0339	7.3360	100.0947	40.1538	0.8230	0.8257	5.0000	-9999.0000	-9999.0000	-9999.0000	-9999.0000	-9999.0000	-9999.0000	20.4113	7	0	24.8424	1.0000	11	3	-9999.0000	6843	44456	-9999	1209	4049	-9999	322.7687	5	0.6291	0.6379	-0.0002	55.5934	0.6439	460.6368	276.5421	35.2575	446.9476	94.8108	477.6814	94.7669	483.7653	94.9207	487.4432	94.8548	
14/08/2017	08:41:27	019004	G523044693HLR	L523	S		427.9377	1.0233	10.0000	100.0060	39.5880	0.8230	0.8268	5.0000	20.0521	508.0412	94.8108	8.4912	25.2000	0.9300	0.9330	0.6397	-0.0004	508.0000	508.0992	1.0339	7.3468	100.0021	39.7949	0.8230	0.8240	5.0000	-9999.0000	-9999.0000	-9999.0000	-9999.0000	-9999.0000	-9999.0000	20.3626	1	0	24.8727	1.0000	11	3	-9999.0000	6844	44457	-9999	1210	4050	-9999	323.1561	5	0.6353	0.6397	-0.0004	60.4798	0.1419	460.4363	285.3844	36.9490	446.3217	94.8108	482.6160	94.7669	489.3394	94.8328	494.3444	94.7449	
14/08/2017	08:42:21	019004	G523044711HLR	L523	S		445.8306	1.0233	10.0000	100.0220	39.8828	0.8230	0.8269	5.0000	19.9516	508.0467	95.0744	10.7414	25.2000	0.9300	0.9333	0.6399	-0.0004	508.0000	507.7077	1.0339	7.3843	99.9901	39.8461	0.8230	0.8249	5.0000	-9999.0000	-9999.0000	-9999.0000	-9999.0000	-9999.0000	-9999.0000	25.4122	3	0	24.7832	1.0000	11	3	-9999.0000	6845	44458	-9999	1211	4051	-9999	322.6778	5	0.6353	0.6399	-0.0004	59.7279	0.2169	461.7750	301.6016	36.6854	449.0632	94.5033	475.3762	94.4594	481.4980	94.7230	486.3818	94.7230	
14/08/2017	08:43:09	019004	G523044719HLR	L523	S		448.5288	1.0233	10.0000	99.9881	39.5976	0.8230	0.8268	5.0000	19.8723	508.0671	94.8328	8.6601	25.2000	0.9300	0.9329	0.6397	-0.0004	508.0000	508.8773	1.0339	7.2722	100.1019	39.9477	0.8230	0.8241	5.0000	-9999.0000	-9999.0000	-9999.0000	-9999.0000	-9999.0000	-9999.0000	20.4525	5	0	24.8026	1.0000	11	3	-9999.0000	6846	44459	-9999	1212	4052	-9999	323.1559	5	0.6353	0.6397	-0.0004	61.0222	0.0922	465.4528	290.5131	36.4437	452.6852	94.7010	482.9423	94.7889	489.8056	94.9866	494.3667	94.8328	
14/08/2017	08:44:48	019004	G523044699HLR	L523	S		446.8905	1.0233	10.0000	100.0500	39.7245	0.8230	0.8269	5.0000	20.0228	508.0621	94.8548	9.0215	25.3000	0.9300	0.9333	0.6382	-0.0003	508.0000	508.5122	1.0339	7.3072	100.0936	39.8733	0.8230	0.8243	5.0000	-9999.0000	-9999.0000	-9999.0000	-9999.0000	-9999.0000	-9999.0000	20.0423	1	0	24.8827	1.0000	11	3	-9999.0000	6848	44460	-9999	1214	4053	-9999	322.9649	5	0.6352	0.6382	-0.0003	58.1370	0.3677	467.0715	298.2660	36.9490	454.1393	94.9207	483.5394	94.6571	488.3485	94.6571	493.0121	94.7230	
14/08/2017	08:45:37	019004	G523044698HLR	L523	S		445.3828	1.0233	10.0000	100.0490	39.7388	0.8230	0.8268	5.0000	20.0520	508.2156	95.0305	15.8416	25.3000	0.9300	0.9334	0.6382	-0.0003	508.0000	514.6666	1.0339	6.7174	100.1024	39.8379	0.8230	0.8254	5.0000	-9999.0000	-9999.0000	-9999.0000	-9999.0000	-9999.0000	-9999.0000	20.5628	3	2	24.7625	1.0000	11	3	-9999.0000	6849	44461	-9999	1215	4053	-9999	322.1559	5	0.6352	0.6382	-0.0003	58.1370	0.3677	423.4544	288.0332	36.3778	411.1618	95.1623	435.6805	94.7889	446.0496	94.8987	450.6117	94.8548	
14/08/2017	08:46:26	019004	G523044708HLR	L523	S		449.1800	1.0233	10.0000	100.0366	39.7167	0.8230	0.8269	5.0000	19.9524	508.0483	94.9207	9.8410	25.2000	0.9300	0.9332	0.6363	-0.0001	508.0000	509.0274	1.0339	7.2578	100.1537	40.0300	0.8230	0.8243	5.0000	-9999.0000	-9999.0000	-9999.0000	-9999.0000	-9999.0000	-9999.0000	20.6119	5	0	24.8523	1.0000	11	3	-9999.0000	6850	44462	-9999	1216	4054	-9999	322.7656	5	0.6352	0.6363	-0.0001	58.0137	0.3798	465.2005	310.7025	35.3014	451.5357	95.2502	482.6541	94.8987	486.9662	94.9207	491.2892	94.8548	
14/08/2017	08:47:14	019004	G523044720HLR	L523	S		448.0605	1.0233	10.0000	100.0095	39.7458	0.8230	0.8268	5.0000	19.9330	508.0463	94.9207	10.2805	25.2000	0.9300	0.9331	0.6386	-0.0003	508.0000	507.9985	1.0339	7.3564	99.9579	39.6410	0.8230	0.8248	5.0000	-9999.0000	-9999.0000	-9999.0000	-9999.0000	-9999.0000	-9999.0000	20.3519	7	0	24.8026	1.0000	11	3	-9999.0000	6851	44463	-9999	1217	4055	-9999	322.6826	5	0.6346	0.6386	-0.0003	51.5498	1.0464	466.5305	318.7816	36.2021	453.9991	95.4259	480.5349	94.8328	485.3270	94.7230	488.9380	94.5912	
14/08/2017	08:48:03	019004	G523044776HLR	L523	S		427.5886	1.0233	10.0000	100.0759	39.7016	0.8230	0.8269	5.0000	19.8922	508.0855	95.1403	12.6411	25.2000	0.9300	0.9334	0.6386	-0.0004	508.0000	513.1799	1.0339	6.8599	100.1347	40.1962	0.8230	0.8250	5.0000	-9999.0000	-9999.0000	-9999.0000	-9999.0000	-9999.0000	-9999.0000	20.3127	1	2	24.7526	1.0000	11	3	-9999.0000	6852	44464	-9999	1218	4056	-9999	322.2428	5	0.6346	0.6386	-0.0004	51.0923	1.0602	449.2813	314.5960	37.0588	436.0185	95.1184	467.0548	94.9426	473.6510	94.8767	478.2531	94.7010	
14/08/2017	08:48:51	019004	G523044773HLR	L523	S		448.1321	1.0233	10.0000	100.0222	39.7532	0.8230	0.8268	5.0000	19.9221	508.0382	94.8548	9.6212	25.2000	0.9300	0.9331	0.6387	-0.0004	508.0000	508.1217	1.0339	7.3446	100.0852	39.5704	0.8230	0.8243	5.0000	-9999.0000	-9999.0000	-9999.0000	-9999.0000	-9999.0000	-9999.0000	20.6722	3	0	24.7528	1.0000	11	3	-9999.0000	6853	44465	-9999	1219	4057	-9999	322.7103	5	0.6345	0.6387	-0.0004	51.0874	1.0553	463.6049	314.2032	36.1801	449.2969	95.1843	481.7617	94.8987	486.8596	94.9207	491.4999	94.8548	
14/08/2017	08:49:40	019004	G523044710HLR	L523	S		446.3053	1.0233	10.0000	100.0814	39.7024	0.8230	0.8268	5.0000	19.9318	508.0441	94.8987	10.7820	25.2000	0.9300	0.9332	0.6387	-0.0004	508.0000	508.5847	1.0339	7.3002	99.9802	40.1538	0.8230	0.8255	5.0000	-9999.0000	-9999.0000	-9999.0000	-9999.0000	-9999.0000	-9999.0000	20.2317	5	0	24.8026	1.0000	11	3	-9999.0000	6854	44466	-9999	1220	4058	-9999	322.5152	5	0.6341	0.6387	-0.0004	50.1613	1.1207	461.9593	310.1755	36.7732	448.7461	95.2062	478.2151	94.8328	483.5478	94.7230	487.0988	94.5912	
14/08/2017	08:50:28	019004	G523044777HLR	L523	S		446.1833	1.0233	10.0000	100.0615	39.7462	0.8230	0.8268	5.0000	19.9017	508.0684	94.8767	8.9717	25.2000	0.9300	0.9331	0.6387	-0.0004	508.0000	507.3061	1.0339	7.4228	99.9655	39.7012	0.8230	0.8241	5.0000	-9999.0000	-9999.0000	-9999.0000	-9999.0000	-9999.0000	-9999.0000	20.0617	7	0	24.8625	1.0000	11	3	-9999.0000	6855	44467	-9999	1221	4059	-9999	322.8667	5	0.6341	0.6387	-0.0004	48.5832	1.2631	465.6394	303.9134	36.1801	453.2011	94.9646	481.5569	94.8987	488.0419	94.9207	492.8214	94.7230	
14/08/2017	08:51:17	019004	G523044784HLR	L523	S		443.9064	1.0233	10.0000	100.0044	39.6856	0.8230	0.8269	5.0000	19.9113	508.0808	94.9207	9.2208	25.2000	0.9300	0.9332	0.6390	-0.0004	508.0000	507.8006	1.0339	7.3754	100.1231	39.9487	0.8230	0.8255	5.0000	-9999.0000	-9999.0000	-9999.0000	-9999.0000	-9999.0000	-9999.0000	21.0922	1	0	24.8229	1.0000	11	3	-9999.0000	6856	44468	-9999	1222	4060	-9999	322.8219	5	0.6340	0.6390	-0.0004	48.5249	1.2727	463.4678	301.1578	36.4218	449.6428	94.9426	480.4030	94.6571	486.4645	94.6571	492.0789	94.7230	
14/08/2017	08:52:05	019004	G523044806HLR	L523	S		442.2332	1.0233	10.0000	100.0478	39.7454	0.8230	0.8268	5.0000	19.9719	508.0682	94.8987	9.8908	25.2000	0.9300	0.9331	0.6395	-0.0004	508.0000	508.5584	1.0339	7.3027	100.0975	39.8742	0.8230	0.8241	5.0000	-9999.0000	-9999.0000	-9999.0000	-9999.0000	-9999.0000	-9999.0000	20.5423	3	0	24.7526	1.0000	11	3	-9999.0000	6857	44469	-9999	1223	4061	-9999	322.7285	5	0.6342	0.6395	-0.0004	49.8315	1.1568	459.5986	299.2339	34.6424	444.7381	94.6790	477.2765	94.7449	484.1258	94.8328	488.6097	94.8108	
14/08/2017	08:52:54	019004	G523044788HLR	L523	S		430.2657	1.0233	10.0000	100.0032	39.6936	0.8230	0.8269	5.0000	19.8421	508.0825	94.8548	10.2814	25.2000	0.9300	0.9330	0.6399	-0.0005	508.0000	509.1352	1.0339	7.2475	100.0530	39.7501	0.8230	0.8253	5.0000	-9999.0000	-9999.0000	-9999.0000	-9999.0000	-9999.0000	-9999.0000	20.7523	5	0	24.8329	1.0000	11	3	-9999.0000	6858	44470	-9999	1224	4062	-9999	322.6804	5	0.6342	0.6399	-0.0005	49.2142	1.2337	457.6691	302.7110	34.5545	443.1068	94.9866	477.7512	94.8328	483.6948	94.8328	488.0252	94.6571	
14/08/2017	08:53:43	019004	G523044798HLR	L523	S		447.7602	1.0233	10.0000	99.9997	39.7519	0.8230	0.8267	5.0000	19.9522	508.0677	94.8548	10.0920	25.2000	0.9300	0.9332	0.6399	-0.0005	508.0000	508.5589	1.0339	7.3027	100.0710	40.1114	0.8230	0.8246	5.0000	-9999.0000	-9999.0000	-9999.0000	-9999.0000	-9999.0000	-9999.0000	20.0822	7	0	24.8330	1.0000	11	3	-9999.0000	6859	44471	-9999	1225	4063	-9999	322.6513	5	0.6342	0.6399	-0.0005	47.1210	1.5189	461.3201	305.2458	36.6195	447.4199	95.0085	478.7789	94.8767	485.0839	94.8767	489.0372	94.6131	
