Data	Timp	Nr. masina	Nr. de serie	Tip	Productie	Comentariu	Pre-masurare Q [ml/min]	Pre-masurare Gain	Pre-masurare Offset Master	Pre-masurare P [bar]	Pre-masurare T [°C]	Pre-masurare Densitate fixa [kg/l]	Pre-masurare densitate masurata [kg/l]	Pre-masurare Timp masurare [s]	Pre-masurare Cycle time [s]	rectificare Q Oprire [ml/min]	rectificare P Oprire [bar]	rectificare Timp rectificare [s]	rectificare T [°C]	rectificare Densitate fixa [kg/l]	rectificare densitate masurata [kg/l]	rectificare Factor de masurare la rectificare	rectificare Factor de corectie a debitului	rectificare Target rectificare	Masurare Q [ml/min]	Masurare Gain	Masurare Offset Master	Masurare P [bar]	Masurare T [°C]	Masurare Densitate fixa [kg/l]	Masurare densitate masurata [kg/l]	Masurare Timp masurare [s]	Masurare Q [ml/min]	Masurare Delta Q [ml/min]	Masurare P [bar]	Masurare BP [bar]	Masurare T [°C]	Masurare Timp masurare [s]	Masurare Cycle time [s]	Nest Nr.	Cod de descarcare	Cycle time [s]	Traceability aktiv	EDM Maschine Nr	EDM Spindle Nr	Honing Rate [r	Station Counter Premeasure	Station Counter Grind	Station Counter Blowout 1	Station Counter Wash	Station Counter Measure	Station Counter Blowout 2	RealGrindQStop	Reg Type	Factor 0	Factor 1	Factor 2	Factor 3	Factor 4	G_StartQV	G_StartQV_1	G_StartQV_2	G_StartQV_3	G_StartQV_4	G_StartQV_5	
12/08/2017	00:31:47	019004	H421035805HLR	L421	S		697.7169	1.0233	17.0379	100.0287	39.5454	0.8230	0.8247	5.0000	21.1118	815.1425	94.9646	15.0623	26.1000	0.9300	0.9336	0.7404	-0.0021	815.0000	818.0819	1.0339	-4.8682	100.0467	40.0461	0.8230	0.8220	5.0000	-9999.0000	-9999.0000	-9999.0000	-9999.0000	-9999.0000	-9999.0000	20.8920	2	0	2579.5328	1.0000	99	9	-9999.0000	2631	40302	-9999	2810	2774	-9999	578.4330	5	0.6841	0.7404	-0.0021	104.3814	0.7151	674.9025	333.4748	36.6414	654.3035	94.8108	716.1196	94.7230	728.4661	94.8328	738.5359	94.8987	
12/08/2017	00:32:40	019004	H421046356HLR	L421	S		698.9289	1.0233	17.4181	99.9594	39.9323	0.8230	0.8255	5.0000	20.5716	815.0857	94.8767	14.6823	26.2000	0.9300	0.9337	0.7380	-0.0019	815.0000	816.1465	1.0339	-4.8789	100.0236	39.8035	0.8230	0.8220	5.0000	-9999.0000	-9999.0000	-9999.0000	-9999.0000	-9999.0000	-9999.0000	20.8723	3	0	54.5756	1.0000	99	9	-9999.0000	2632	40303	-9999	2811	2775	-9999	578.9448	5	0.6860	0.7380	-0.0019	114.7157	0.0361	672.0410	364.8275	35.1916	651.2857	94.7889	714.4096	94.6351	727.3949	94.8108	736.7951	94.9426	
12/08/2017	00:33:16	019004	H421046360HLR	L421	S		690.3014	1.0233	14.7119	99.8202	40.0633	0.8230	0.8244	5.0000	21.4819	815.1034	94.8987	18.2316	26.2000	0.9300	0.9338	0.7388	-0.0019	815.0000	817.7775	1.0339	-4.8699	100.0454	39.5677	0.8230	0.8246	5.0000	-9999.0000	-9999.0000	-9999.0000	-9999.0000	-9999.0000	-9999.0000	22.0230	4	0	35.2247	1.0000	99	9	-9999.0000	2633	40304	-9999	2812	1	-9999	573.3914	5	0.6880	0.7388	-0.0019	109.8162	0.3372	613.4539	363.5710	38.5526	588.5063	95.1843	677.2633	94.6571	692.9224	94.8328	703.2864	94.8328	
12/08/2017	00:33:48	019004	H421035804HLR	L421	S		705.4787	1.0233	19.4726	100.2894	39.6707	0.8230	0.8243	5.0000	21.4721	815.1012	94.8987	17.2217	26.2000	0.9300	0.9338	0.7382	-0.0019	815.0000	816.4974	1.0339	-4.8769	99.9880	39.9894	0.8230	0.8226	5.0000	-9999.0000	-9999.0000	-9999.0000	-9999.0000	-9999.0000	-9999.0000	21.7026	5	0	32.2330	1.0000	99	9	-9999.0000	2634	40305	-9999	1	2	-9999	574.9829	5	0.6893	0.7382	-0.0019	113.9829	0.0852	670.0205	344.9731	36.5316	649.3974	95.0525	708.6965	94.7449	719.9983	94.8548	728.2600	94.9207	
12/08/2017	00:34:16	019004	H421035797HLR	L421	S		707.2509	1.0233	20.0285	100.0000	39.6410	0.8230	0.8251	5.0000	20.3022	815.0868	94.9426	15.8417	26.3000	0.9300	0.9339	0.7382	-0.0019	815.0000	812.6856	1.0339	-4.8980	99.9977	39.5841	0.8230	0.8234	5.0000	-9999.0000	-9999.0000	-9999.0000	-9999.0000	-9999.0000	-9999.0000	21.2523	6	0	28.4631	1.0000	99	9	-9999.0000	2635	40306	-9999	2	3	-9999	577.1337	5	0.6893	0.7382	-0.0019	113.9829	0.0852	676.6314	363.3409	36.8391	656.7607	95.1843	714.3329	94.7449	723.8428	94.8767	732.9088	94.9646	
12/08/2017	00:34:44	019004	H421035770HLR	L421	S		717.7594	1.0233	23.3248	100.0978	40.1536	0.8230	0.8254	5.0000	19.9523	815.0803	94.8987	12.4115	26.5000	0.9300	0.9314	0.7359	-0.0018	815.0000	818.9495	1.0339	-4.8634	100.0531	40.1409	0.8230	0.8239	5.0000	-9999.0000	-9999.0000	-9999.0000	-9999.0000	-9999.0000	-9999.0000	24.9734	7	0	27.9232	1.0000	99	9	-9999.0000	2636	40307	-9999	3	4	-9999	582.0407	5	0.6907	0.7359	-0.0018	119.2580	-0.2428	698.6394	308.5049	37.0149	678.8331	94.1518	734.9930	94.5472	747.0408	94.7669	756.3046	94.9866	
12/08/2017	00:35:14	019004	H421035784HLR	L421	S		702.8697	1.0233	18.6542	100.1660	39.7937	0.8230	0.8278	5.0000	20.0022	815.1114	95.0085	14.4118	26.4000	0.9300	0.9322	0.7415	-0.0021	815.0000	816.1280	1.0339	-4.8790	100.0494	40.0089	0.8230	0.8230	5.0000	-9999.0000	-9999.0000	-9999.0000	-9999.0000	-9999.0000	-9999.0000	21.1118	8	0	30.0337	1.0000	99	9	-9999.0000	2637	40308	-9999	4	5	-9999	579.3521	5	0.6900	0.7415	-0.0021	120.5734	-0.3251	678.2462	371.1888	36.2241	658.7479	94.7010	714.6433	94.5033	727.1114	94.7669	737.0853	94.8108	
12/08/2017	00:35:44	019004	H421046372HLR	L421	S		703.0931	1.0233	18.7243	99.9298	39.7442	0.8230	0.8256	5.0000	21.1625	815.1418	94.9646	16.9619	26.3000	0.9300	0.9326	0.7432	-0.0022	815.0000	815.0532	1.0339	-4.8849	99.9759	39.7370	0.8230	0.8231	5.0000	-9999.0000	-9999.0000	-9999.0000	-9999.0000	-9999.0000	-9999.0000	25.3124	1	0	30.2729	1.0000	99	9	-9999.0000	2638	40309	-9999	5	6	-9999	574.8135	5	0.6897	0.7432	-0.0022	129.3370	-0.9124	668.3176	372.8201	38.2670	648.1707	94.6131	705.9659	94.5692	716.8450	94.8328	725.4991	94.8328	
12/08/2017	00:36:16	019004	H421035799HLR	L421	S		699.8510	1.0233	17.7073	99.9546	39.6410	0.8230	0.8263	5.0000	22.2622	815.0920	94.8987	14.4518	26.3000	0.9300	0.9329	0.7444	-0.0023	815.0000	815.1177	1.0339	-4.8846	100.0587	39.9487	0.8230	0.8235	5.0000	-9999.0000	-9999.0000	-9999.0000	-9999.0000	-9999.0000	-9999.0000	23.9724	2	0	31.2034	1.0000	99	9	-9999.0000	2639	40310	-9999	6	7	-9999	579.4079	5	0.6898	0.7444	-0.0023	136.0381	-1.3773	673.2219	371.1320	37.8496	653.2612	94.6790	711.6141	94.5472	723.9323	94.8108	733.3281	94.8328	
12/08/2017	00:36:46	019004	H421035793HLR	L421	S		703.1772	1.0233	18.7507	100.0190	40.1538	0.8230	0.8268	5.0000	19.9416	815.1249	94.8987	14.1813	26.3000	0.9300	0.9330	0.7448	-0.0023	815.0000	816.6164	1.0339	-4.8763	100.0194	40.0093	0.8230	0.8231	5.0000	-9999.0000	-9999.0000	-9999.0000	-9999.0000	-9999.0000	-9999.0000	21.2826	3	0	30.1733	1.0000	99	9	-9999.0000	2640	40311	-9999	7	8	-9999	580.0899	5	0.6900	0.7448	-0.0023	59.4044	3.5060	676.1315	362.5162	38.2451	655.9815	94.5912	714.4499	94.5253	726.8115	94.7889	736.2433	94.8548	
12/08/2017	00:37:15	019004	H421035792HLR	L421	S		710.6741	1.0233	21.1023	100.0590	39.9352	0.8230	0.8259	5.0000	19.9816	815.0892	95.0305	16.1522	26.3000	0.9300	0.9331	0.7423	-0.0022	815.0000	818.2212	1.0339	-4.8674	100.1058	39.8461	0.8230	0.8231	5.0000	-9999.0000	-9999.0000	-9999.0000	-9999.0000	-9999.0000	-9999.0000	23.6627	4	0	29.1733	1.0000	99	9	-9999.0000	2641	40312	-9999	8	9	-9999	576.2234	5	0.6901	0.7423	-0.0022	61.0184	3.3969	674.9687	360.9024	36.8391	654.6905	94.7449	713.6423	94.5912	724.3730	94.8108	732.9314	94.8108	
12/08/2017	00:37:42	019004	H421035781HLR	L421	S		699.5735	1.0233	17.6203	100.0309	39.6643	0.8230	0.8258	5.0000	21.2231	815.0766	94.8987	16.5517	26.3000	0.9300	0.9333	0.7354	-0.0018	815.0000	815.1227	1.0339	-4.8845	100.0090	39.9487	0.8230	0.8234	5.0000	-9999.0000	-9999.0000	-9999.0000	-9999.0000	-9999.0000	-9999.0000	21.2719	5	0	26.8437	1.0000	99	9	-9999.0000	2642	40313	-9999	9	10	-9999	575.6304	5	0.6898	0.7354	-0.0018	64.5246	3.1157	672.9038	376.6517	37.6300	652.4424	95.0964	711.6573	94.6131	722.0442	94.7669	730.7775	94.7669	
12/08/2017	00:38:11	019004	H421035764HLR	L421	S		702.9273	1.0233	18.6723	100.2183	39.9982	0.8230	0.8263	5.0000	21.2622	815.1535	94.8987	16.6015	26.2000	0.9300	0.9334	0.7358	-0.0018	815.0000	815.4847	1.0339	-4.8825	100.0525	39.9734	0.8230	0.8231	5.0000	-9999.0000	-9999.0000	-9999.0000	-9999.0000	-9999.0000	-9999.0000	23.5426	6	0	29.5434	1.0000	99	9	-9999.0000	2643	40314	-9999	10	11	-9999	575.5112	5	0.6900	0.7358	-0.0018	68.8563	2.8686	667.5196	364.7908	35.4113	645.9220	94.9646	709.8939	94.6351	719.4728	94.8108	727.8740	94.8108	
12/08/2017	00:38:44	019004	H421035787HLR	L421	S		695.4440	1.0233	16.3250	100.0706	40.0617	0.8230	0.8260	5.0000	20.2318	815.0640	94.9207	16.2919	26.2000	0.9300	0.9335	0.7358	-0.0018	815.0000	814.5406	1.0339	-4.8877	100.0234	39.9444	0.8230	0.8229	5.0000	-9999.0000	-9999.0000	-9999.0000	-9999.0000	-9999.0000	-9999.0000	21.6020	7	0	32.7235	1.0000	99	9	-9999.0000	2644	40315	-9999	11	12	-9999	575.9670	5	0.6900	0.7358	-0.0018	68.8563	2.8686	670.9853	371.8112	37.2346	650.4795	94.9646	712.8057	94.6571	723.2616	94.8108	731.7321	94.8328	
12/08/2017	00:39:14	019004	H421035776HLR	L421	S		713.4985	1.0233	21.9882	99.9337	39.7781	0.8230	0.8257	5.0000	20.0422	815.1420	94.9207	15.1316	26.2000	0.9300	0.9334	0.7367	-0.0019	815.0000	818.5771	1.0339	-4.8655	100.0307	39.9352	0.8230	0.8231	5.0000	-9999.0000	-9999.0000	-9999.0000	-9999.0000	-9999.0000	-9999.0000	21.1322	8	0	29.9936	1.0000	99	9	-9999.0000	2645	40316	-9999	12	13	-9999	577.6457	5	0.7077	0.7367	-0.0019	89.7936	1.5158	684.1124	380.0227	37.4323	664.6081	94.9426	720.1856	94.5912	731.5212	94.7889	740.1718	94.8108	
12/08/2017	00:40:15	019004	H421046250HLR	L421	S		701.3032	1.0233	18.1629	99.9930	40.0377	0.8230	0.8260	5.0000	20.1126	815.0795	94.9426	15.0017	26.2000	0.9300	0.9337	0.7360	-0.0018	815.0000	814.7951	1.0339	-4.8863	100.0805	39.9133	0.8230	0.8230	5.0000	-9999.0000	-9999.0000	-9999.0000	-9999.0000	-9999.0000	-9999.0000	21.2826	2	0	30.4232	1.0000	99	9	-9999.0000	2647	40317	-9999	14	14	-9999	577.6980	5	0.7075	0.7360	-0.0018	90.7313	1.4343	676.8659	361.4557	37.2126	656.4908	94.7889	716.4235	94.6351	728.3810	94.8108	737.7401	94.8108	
12/08/2017	00:40:48	019004	H421046156HLR	L421	S		701.0048	1.0233	18.0693	99.9644	39.8995	0.8230	0.8257	5.0000	20.1516	815.0965	94.8108	18.9426	26.2000	0.9300	0.9337	0.7358	-0.0018	815.0000	813.3874	1.0339	-4.8941	99.9528	39.9264	0.8230	0.8232	5.0000	-9999.0000	-9999.0000	-9999.0000	-9999.0000	-9999.0000	-9999.0000	25.9325	3	0	32.7740	1.0000	99	9	-9999.0000	2648	40318	-9999	15	15	-9999	571.5448	5	0.7072	0.7358	-0.0018	82.4392	1.9646	672.0860	373.4155	38.0473	651.7578	94.9207	708.8925	94.6571	717.9117	94.8548	724.7824	94.8767	
12/08/2017	00:41:18	019004	H421046252HLR	L421	S		700.9399	1.0233	18.0489	99.9501	39.8897	0.8230	0.8260	5.0000	20.0422	815.1529	94.8987	16.1620	26.2000	0.9300	0.9337	0.7358	-0.0018	815.0000	814.6711	1.0339	-4.8870	99.9828	40.0582	0.8230	0.8229	5.0000	-9999.0000	-9999.0000	-9999.0000	-9999.0000	-9999.0000	-9999.0000	21.6919	4	0	30.6734	1.0000	99	9	-9999.0000	2649	40319	-9999	16	15	-9999	575.8063	5	0.7072	0.7358	-0.0018	82.4392	1.9646	676.2438	368.0715	37.3005	656.2875	95.1184	713.5166	94.6790	724.4066	94.8328	732.0597	94.8328	
12/08/2017	00:41:49	019004	H421046249HLR	L421	S		700.6187	1.0233	17.9481	99.9517	39.9888	0.8230	0.8259	5.0000	20.1224	815.0914	94.8987	16.0711	26.2000	0.9300	0.9338	0.7358	-0.0018	815.0000	815.8034	1.0339	-4.8808	99.9957	39.9491	0.8230	0.8228	5.0000	-9999.0000	-9999.0000	-9999.0000	-9999.0000	-9999.0000	-9999.0000	21.6528	5	0	30.5729	1.0000	99	9	-9999.0000	2650	40320	-9999	17	16	-9999	575.8729	5	0.7072	0.7358	-0.0018	82.4392	1.9646	679.6992	372.6742	36.0923	659.9405	95.2062	715.2751	94.6790	726.1440	94.8108	734.5327	94.8328	
12/08/2017	00:42:18	019004	H421046218HLR	L421	S		708.6181	1.0233	20.4574	100.0088	39.9126	0.8230	0.8257	5.0000	20.0617	815.0923	94.9207	15.8524	26.2000	0.9300	0.9339	0.7409	-0.0021	815.0000	815.4873	1.0339	-4.8825	100.1507	39.8832	0.8230	0.8230	5.0000	-9999.0000	-9999.0000	-9999.0000	-9999.0000	-9999.0000	-9999.0000	20.7924	6	0	29.2533	1.0000	99	9	-9999.0000	2651	40321	-9999	18	17	-9999	576.4761	5	0.7073	0.7409	-0.0021	80.9508	2.0317	673.8681	375.2993	36.6195	653.4349	95.1403	713.2631	94.7010	723.6998	94.8548	732.2141	94.8328	
12/08/2017	00:42:46	019004	H421046229HLR	L421	S		698.1339	1.0233	17.1687	100.0019	39.9008	0.8230	0.8259	5.0000	19.9621	815.1119	94.8767	18.3624	26.2000	0.9300	0.9339	0.7352	-0.0018	815.0000	813.3957	1.0339	-4.8941	100.1287	40.0083	0.8230	0.8230	5.0000	-9999.0000	-9999.0000	-9999.0000	-9999.0000	-9999.0000	-9999.0000	20.9418	7	0	28.2132	1.0000	99	9	-9999.0000	2652	40322	-9999	19	18	-9999	572.9675	5	0.7073	0.7352	-0.0018	120.2165	-0.4391	674.2437	373.9488	36.2900	653.9598	95.2282	710.2795	94.7449	718.8088	94.8548	725.5974	94.8767	
12/08/2017	00:43:17	019004	H421046242HLR	L421	S		701.3499	1.0233	18.1775	100.0462	39.9487	0.8230	0.8258	5.0000	20.1018	815.0682	94.8767	16.7714	26.2000	0.9300	0.9338	0.7352	-0.0018	815.0000	814.8517	1.0339	-4.8860	100.0312	39.9810	0.8230	0.8227	5.0000	-9999.0000	-9999.0000	-9999.0000	-9999.0000	-9999.0000	-9999.0000	21.7924	8	0	30.9838	1.0000	99	9	-9999.0000	2653	40323	-9999	19	19	-9999	575.3415	5	0.7073	0.7352	-0.0018	120.2165	-0.4391	673.7879	371.8214	35.9385	653.8052	95.3820	711.7217	94.7230	723.0567	94.8328	731.0621	94.8328	
12/08/2017	00:43:47	019004	H421035758HLR	L421	S		692.8500	1.0233	15.5113	99.9008	39.9243	0.8230	0.8257	5.0000	20.5921	815.0968	94.9207	16.1620	26.2000	0.9300	0.9338	0.7351	-0.0017	815.0000	813.0143	1.0339	-4.8962	99.9228	39.8461	0.8230	0.8227	5.0000	-9999.0000	-9999.0000	-9999.0000	-9999.0000	-9999.0000	-9999.0000	27.3330	1	0	29.7534	1.0000	99	9	-9999.0000	2654	40324	-9999	20	20	-9999	576.2400	5	0.7072	0.7351	-0.0017	114.5286	-0.1036	672.3337	360.0999	35.8287	653.0204	95.3600	710.7627	94.7449	720.7457	94.8328	729.5545	94.8108	
12/08/2017	00:44:18	019004	H421046209HLR	L421	S		716.0881	1.0233	22.8005	100.0147	39.8494	0.8230	0.8257	5.0000	20.0217	815.0635	94.9426	14.8418	26.2000	0.9300	0.9339	0.7351	-0.0017	815.0000	819.6543	1.0339	-4.8595	99.9643	39.9487	0.8230	0.8227	5.0000	-9999.0000	-9999.0000	-9999.0000	-9999.0000	-9999.0000	-9999.0000	25.8231	2	0	30.4937	1.0000	99	9	-9999.0000	2655	40325	-9999	21	21	-9999	578.0320	5	0.7072	0.7351	-0.0017	114.5286	-0.1036	684.8583	372.5779	35.4991	663.8031	95.1623	726.2739	94.6790	737.0615	94.8767	744.1788	94.8767	
12/08/2017	00:44:47	019004	H421046220HLR	L421	S		719.5393	1.0233	23.8831	100.0335	39.9753	0.8230	0.8258	5.0000	19.9524	815.1248	94.8548	13.8111	26.2000	0.9300	0.9338	0.7333	-0.0016	815.0000	816.9091	1.0339	-4.8747	100.0135	39.9487	0.8230	0.8225	5.0000	-9999.0000	-9999.0000	-9999.0000	-9999.0000	-9999.0000	-9999.0000	26.0927	3	0	29.3030	1.0000	99	9	-9999.0000	2656	40326	-9999	22	22	-9999	579.4662	5	0.7068	0.7333	-0.0016	112.8192	0.0313	684.3054	371.7112	35.7847	662.6926	95.1403	728.1910	94.7010	738.3546	94.8548	747.4132	94.8767	
12/08/2017	00:45:16	019004	H421046212HLR	L421	S		699.2936	1.0233	17.5325	100.0283	39.9249	0.8230	0.8253	5.0000	20.9418	815.1496	94.9866	14.9812	26.2000	0.9300	0.9338	0.7331	-0.0016	815.0000	814.1919	1.0339	-4.8897	100.0733	39.9231	0.8230	0.8227	5.0000	-9999.0000	-9999.0000	-9999.0000	-9999.0000	-9999.0000	-9999.0000	20.7621	4	0	29.2729	1.0000	99	9	-9999.0000	2657	40327	-9999	23	23	-9999	577.9161	5	0.7065	0.7331	-0.0016	112.8818	0.0292	677.8174	361.1903	35.9165	657.1724	95.1623	719.0724	94.7230	729.9067	94.8548	739.1500	94.9207	
12/08/2017	00:45:46	019004	H421042822HLR	L421	S		701.7809	1.0233	18.3127	99.9071	39.8768	0.8230	0.8256	5.0000	20.0325	815.1353	95.0085	15.9823	26.2000	0.9300	0.9340	0.7321	-0.0016	815.0000	816.0664	1.0339	-4.8793	100.0411	39.9773	0.8230	0.8229	5.0000	-9999.0000	-9999.0000	-9999.0000	-9999.0000	-9999.0000	-9999.0000	21.1927	5	0	29.8539	1.0000	99	9	-9999.0000	2658	40328	-9999	24	24	-9999	576.5721	5	0.7067	0.7321	-0.0016	111.9699	0.1110	678.6348	370.5293	37.8936	658.2321	95.2721	718.5409	94.7889	729.3058	94.8328	736.8881	94.8767	
12/08/2017	00:46:14	019004	H421046294HLR	L421	S		710.6416	1.0233	21.0921	100.0062	39.9487	0.8230	0.8253	5.0000	21.4428	815.0559	94.8767	16.6015	26.2000	0.9300	0.9339	0.7275	-0.0013	815.0000	816.8935	1.0339	-4.8748	99.9347	39.9487	0.8230	0.8226	5.0000	-9999.0000	-9999.0000	-9999.0000	-9999.0000	-9999.0000	-9999.0000	24.9726	6	0	28.3930	1.0000	99	9	-9999.0000	2659	40329	-9999	25	25	-9999	575.5408	5	0.7064	0.7275	-0.0013	106.7697	0.4080	685.0716	368.9305	37.3224	665.2651	95.2721	723.5479	94.7230	732.4403	94.8767	740.8420	94.8987	
12/08/2017	00:46:45	019004	H421046243HLR	L421	S		715.3548	1.0233	22.5705	100.0377	39.9321	0.8230	0.8253	5.0000	20.7727	815.0689	94.9426	15.5115	26.2000	0.9300	0.9339	0.7242	-0.0011	815.0000	817.3294	1.0339	-4.8724	100.0737	39.9859	0.8230	0.8226	5.0000	-9999.0000	-9999.0000	-9999.0000	-9999.0000	-9999.0000	-9999.0000	21.3423	7	0	30.2435	1.0000	99	9	-9999.0000	2660	40330	-9999	26	26	-9999	576.4384	5	0.7063	0.7242	-0.0011	67.4763	2.7205	697.7948	393.9113	40.2441	678.2494	95.0744	732.6573	94.7010	742.2526	94.8548	749.8475	94.9207	
12/08/2017	00:47:16	019004	H421046233HLR	L421	S		706.3923	1.0233	19.7592	99.9864	39.9180	0.8230	0.8255	5.0000	20.2620	815.0987	94.8987	14.8620	26.2000	0.9300	0.9338	0.7273	-0.0013	815.0000	813.9495	1.0339	-4.8910	100.0971	39.9487	0.8230	0.8226	5.0000	-9999.0000	-9999.0000	-9999.0000	-9999.0000	-9999.0000	-9999.0000	24.2527	8	0	31.0933	1.0000	99	9	-9999.0000	2661	40331	-9999	27	27	-9999	577.5177	5	0.7067	0.7273	-0.0013	74.7650	2.3174	687.1717	372.8046	38.0034	666.9699	95.4039	724.2253	94.8328	733.8353	94.8548	742.0717	94.8987	
12/08/2017	00:47:41	019004	H421046221HLR	L421	S		709.2542	1.0233	20.6569	99.9865	39.9487	0.8230	0.8254	5.0000	20.5824	815.1046	94.9207	16.0614	26.1000	0.9300	0.9338	0.7265	-0.0012	815.0000	815.4791	1.0339	-4.8826	100.0253	39.9974	0.8230	0.8226	5.0000	-9999.0000	-9999.0000	-9999.0000	-9999.0000	-9999.0000	-9999.0000	21.3528	1	0	25.0234	1.0000	99	9	-9999.0000	2662	40332	-9999	28	28	-9999	576.1831	5	0.7067	0.7265	-0.0012	75.9407	2.2444	688.0694	372.0456	37.2565	668.2545	95.3380	724.6186	94.7889	733.0232	94.8987	740.1385	94.9207	
12/08/2017	00:48:12	019004	H421046256HLR	L421	S		714.3270	1.0233	22.2481	100.0279	39.9487	0.8230	0.8254	5.0000	20.0725	815.1459	94.8767	14.4518	26.2000	0.9300	0.9339	0.7261	-0.0012	815.0000	815.4002	1.0339	-4.8830	100.0425	39.9732	0.8230	0.8226	5.0000	-9999.0000	-9999.0000	-9999.0000	-9999.0000	-9999.0000	-9999.0000	21.6832	2	0	31.1226	1.0000	99	9	-9999.0000	2663	40333	-9999	29	29	-9999	577.7366	5	0.7066	0.7261	-0.0012	77.5061	2.1191	695.1678	372.1500	36.4218	675.2211	95.4479	731.2316	94.8328	740.0311	94.8767	748.4853	94.8987	
12/08/2017	00:48:42	019004	H421046263HLR	L421	S		699.5237	1.0233	17.6047	100.0719	39.9393	0.8230	0.8254	5.0000	20.1147	815.1100	94.9866	16.4823	26.1000	0.9300	0.9339	0.7246	-0.0011	815.0000	815.2626	1.0339	-4.8838	100.0938	39.9855	0.8230	0.8225	5.0000	-9999.0000	-9999.0000	-9999.0000	-9999.0000	-9999.0000	-9999.0000	21.1624	3	0	29.6341	1.0000	99	9	-9999.0000	2664	40334	-9999	30	30	-9999	575.5065	5	0.7065	0.7246	-0.0011	73.9105	2.2744	685.4313	371.3226	38.3988	665.0673	95.4039	722.0981	94.8328	732.1048	94.8767	739.7449	94.9426	
12/08/2017	00:49:11	019004	H421046302HLR	L421	S		708.8359	1.0233	20.5257	100.0192	39.9278	0.8230	0.8254	5.0000	20.1223	815.1101	94.8548	17.1015	26.1000	0.9300	0.9339	0.7272	-0.0013	815.0000	816.9544	1.0339	-4.8744	100.0303	39.9487	0.8230	0.8225	5.0000	-9999.0000	-9999.0000	-9999.0000	-9999.0000	-9999.0000	-9999.0000	26.3027	4	0	29.5532	1.0000	99	9	-9999.0000	2665	40335	-9999	31	31	-9999	575.0501	5	0.7066	0.7272	-0.0013	70.6749	2.4427	686.0526	367.5857	36.6195	665.8808	95.5797	722.7136	94.8987	730.9550	94.8987	738.0369	94.9426	
12/08/2017	00:49:40	019004	H421046253HLR	L421	S		-0.4628	1.0233	-0.0112	100.0096	39.5955	0.8230	0.8257	5.0000	19.9827	0.0000	0.0000	0.0000	0.0000	0.9300	0.0000	0.0000	0.0000	0.0000	0.0368	1.0339	0.0000	100.1597	39.2152	0.8230	0.8229	5.0000	-9999.0000	-9999.0000	-9999.0000	-9999.0000	-9999.0000	-9999.0000	19.2522	5	18	28.4829	1.0000	99	9	-9999.0000	2666	0	-9999	32	32	-9999	0.0000	0	0.0000	0.0000	0.0000	0.0000	0.0000	0.0000	0.0000	0.0000	0.0000	0.0000	0.0000	0.0000	0.0000	0.0000	0.0000	0.0000	
12/08/2017	00:50:09	019004	H421046284HLR	L421	S		705.4337	1.0233	19.4585	100.1914	39.9487	0.8230	0.8260	5.0000	19.9125	815.0705	94.8328	17.0624	26.1000	0.9300	0.9341	0.7258	-0.0012	815.0000	814.0424	1.0339	-4.8905	100.0571	40.3569	0.8230	0.8237	5.0000	-9999.0000	-9999.0000	-9999.0000	-9999.0000	-9999.0000	-9999.0000	25.1730	6	0	29.5637	1.0000	99	9	-9999.0000	2667	40336	-9999	33	33	-9999	575.0960	5	0.7069	0.7258	-0.0012	47.7567	3.8906	680.9031	349.4011	37.9814	659.6811	95.2502	721.1420	94.8328	730.9014	94.8987	737.6811	94.8987	
12/08/2017	00:50:40	019004	H421046289HLR	L421	S		710.0061	1.0233	20.8928	100.0218	40.0512	0.8230	0.8255	5.0000	20.1321	815.0687	94.9207	15.5018	26.2000	0.9300	0.9340	0.7258	-0.0012	815.0000	815.5285	1.0339	-4.8823	100.0685	40.3776	0.8230	0.8223	5.0000	-9999.0000	-9999.0000	-9999.0000	-9999.0000	-9999.0000	-9999.0000	26.1025	7	0	31.1734	1.0000	99	9	-9999.0000	2668	40337	-9999	34	34	-9999	576.5632	5	0.7069	0.7258	-0.0012	47.7567	3.8906	684.5683	370.2365	36.6195	663.2383	95.1843	725.7150	94.7449	735.3427	94.8767	743.2854	94.9426	
12/08/2017	00:51:11	019004	H421046261HLR	L421	S		700.3671	1.0233	17.8692	100.1206	39.9313	0.8230	0.8253	5.0000	19.9221	815.0799	94.9207	15.6316	26.1000	0.9300	0.9339	0.7267	-0.0013	815.0000	814.1358	1.0339	-4.8900	100.0119	40.2504	0.8230	0.8223	5.0000	-9999.0000	-9999.0000	-9999.0000	-9999.0000	-9999.0000	-9999.0000	20.9421	8	0	30.2730	1.0000	99	9	-9999.0000	2669	40338	-9999	35	35	-9999	576.4021	5	0.7068	0.7267	-0.0013	54.0219	3.4314	684.9981	373.8788	38.3110	664.9493	95.3600	721.6810	94.8328	731.6762	94.8767	740.8768	94.9426	
12/08/2017	00:51:42	019004	H421046269HLR	L421	S		-0.3930	1.0233	-0.0095	100.0532	39.4774	0.8230	0.8254	5.0000	20.0423	0.0000	0.0000	0.0000	0.0000	0.9300	0.0000	0.0000	0.0000	0.0000	0.2561	1.0339	0.0000	100.0394	39.1662	0.8230	0.8234	5.0000	-9999.0000	-9999.0000	-9999.0000	-9999.0000	-9999.0000	-9999.0000	22.1128	1	18	31.2437	1.0000	99	9	-9999.0000	2670	0	-9999	36	36	-9999	0.0000	0	0.0000	0.0000	0.0000	0.0000	0.0000	0.0000	0.0000	0.0000	0.0000	0.0000	0.0000	0.0000	0.0000	0.0000	0.0000	0.0000	
12/08/2017	00:52:13	019004	H421046259HLR	L421	S		709.9266	1.0233	20.8678	99.9669	39.9448	0.8230	0.8261	5.0000	19.9221	815.1095	94.9207	15.6619	26.1000	0.9300	0.9340	0.7256	-0.0012	815.0000	817.8648	1.0339	-4.8694	100.0705	40.2672	0.8230	0.8237	5.0000	-9999.0000	-9999.0000	-9999.0000	-9999.0000	-9999.0000	-9999.0000	23.5221	2	0	30.6833	1.0000	99	9	-9999.0000	2671	40339	-9999	37	36	-9999	576.4486	5	0.7067	0.7256	-0.0012	58.2790	3.1598	688.6027	356.8513	36.7073	667.6495	95.3600	729.3076	94.8767	738.7950	94.9207	746.0574	94.9426	
12/08/2017	00:52:44	019004	H421046278HLR	L421	S		700.6906	1.0233	17.9707	99.9837	40.1466	0.8230	0.8252	5.0000	20.8724	815.0873	94.8767	17.4219	26.1000	0.9300	0.9340	0.7277	-0.0013	815.0000	815.2572	1.0339	-4.8838	100.0528	40.3941	0.8230	0.8223	5.0000	-9999.0000	-9999.0000	-9999.0000	-9999.0000	-9999.0000	-9999.0000	24.9334	3	0	31.1441	1.0000	99	9	-9999.0000	2672	40340	-9999	37	37	-9999	574.5530	5	0.7070	0.7277	-0.0013	57.9174	3.1956	683.1362	386.6830	39.2336	662.9551	95.4039	718.7743	94.8548	727.8828	94.8987	735.1110	94.9866	
12/08/2017	00:53:16	019004	H421046374HLR	L421	S		706.3928	1.0233	19.7593	99.9619	39.9100	0.8230	0.8251	5.0000	20.0420	815.0851	94.8767	16.5018	26.1000	0.9300	0.9339	0.7277	-0.0013	815.0000	815.5765	1.0339	-4.8820	100.0456	40.1538	0.8230	0.8220	5.0000	-9999.0000	-9999.0000	-9999.0000	-9999.0000	-9999.0000	-9999.0000	24.9626	4	0	32.2136	1.0000	99	9	-9999.0000	2673	40341	-9999	38	38	-9999	575.4846	5	0.7070	0.7277	-0.0013	57.9174	3.1956	685.9726	381.7550	37.0369	666.7530	95.2062	721.2181	94.7230	731.1254	94.8548	738.9662	94.9646	
12/08/2017	00:53:46	019004	H421046384HLR	L421	S		706.3179	1.0233	19.7358	99.9638	39.8437	0.8230	0.8254	5.0000	19.9426	815.0935	94.8548	17.5117	26.1000	0.9300	0.9340	0.7277	-0.0013	815.0000	815.7750	1.0339	-4.8809	100.0671	40.0343	0.8230	0.8221	5.0000	-9999.0000	-9999.0000	-9999.0000	-9999.0000	-9999.0000	-9999.0000	24.0123	5	0	29.9632	1.0000	99	9	-9999.0000	2674	40342	-9999	39	39	-9999	574.4375	5	0.7070	0.7277	-0.0013	57.9174	3.1956	688.3434	391.4483	40.2221	670.2728	95.2941	717.7945	94.8108	727.4178	94.8987	734.5096	94.9426	
12/08/2017	00:54:16	019004	H421046362HLR	L421	S		700.9929	1.0233	18.0655	99.9886	40.0207	0.8230	0.8256	5.0000	19.9817	815.1159	94.8548	16.7724	26.1000	0.9300	0.9341	0.7291	-0.0014	815.0000	814.6146	1.0339	-4.8873	100.0960	39.9487	0.8230	0.8222	5.0000	-9999.0000	-9999.0000	-9999.0000	-9999.0000	-9999.0000	-9999.0000	24.1833	6	0	30.2632	1.0000	99	9	-9999.0000	2675	40343	-9999	40	40	-9999	574.9114	5	0.7068	0.7291	-0.0014	61.6955	2.8979	685.2525	391.9813	38.1133	664.5219	95.4479	716.5587	94.8548	724.9932	94.8987	732.2135	94.9426	
12/08/2017	00:54:48	019004	H421046397HLR	L421	S		701.1217	1.0233	18.1059	100.0359	39.9487	0.8230	0.8251	5.0000	20.2229	815.1093	94.8767	17.4912	26.1000	0.9300	0.9340	0.7304	-0.0015	815.0000	814.3598	1.0339	-4.8887	100.0244	39.9487	0.8230	0.8224	5.0000	-9999.0000	-9999.0000	-9999.0000	-9999.0000	-9999.0000	-9999.0000	26.9130	7	0	31.4235	1.0000	99	9	-9999.0000	2676	40344	-9999	41	41	-9999	574.1127	5	0.7067	0.7304	-0.0015	60.3920	3.0170	673.5955	366.1933	37.1467	651.8816	95.3380	714.2665	94.8328	724.4693	94.9207	731.9953	94.9866	
12/08/2017	00:55:18	019004	H421046262HLR	L421	S		698.0037	1.0233	17.1279	99.9851	39.8127	0.8230	0.8250	5.0000	21.2318	815.0636	94.8548	18.2618	26.1000	0.9300	0.9340	0.7320	-0.0016	815.0000	814.9474	1.0339	-4.8855	100.0458	40.0791	0.8230	0.8224	5.0000	-9999.0000	-9999.0000	-9999.0000	-9999.0000	-9999.0000	-9999.0000	21.2621	8	0	30.3434	1.0000	99	9	-9999.0000	2677	40345	-9999	42	42	-9999	572.9626	5	0.7065	0.7320	-0.0016	77.9909	1.9339	668.9873	356.6820	35.1257	647.4829	95.2502	711.7295	94.7669	720.7768	94.8987	728.2477	94.9646	
12/08/2017	00:55:49	019004	H421046388HLR	L421	S		702.2776	1.0233	18.4685	100.0798	40.0054	0.8230	0.8255	5.0000	19.9730	815.1132	94.8987	16.2723	26.1000	0.9300	0.9341	0.7298	-0.0015	815.0000	815.6129	1.0339	-4.8818	100.0483	40.0512	0.8230	0.8223	5.0000	-9999.0000	-9999.0000	-9999.0000	-9999.0000	-9999.0000	-9999.0000	24.7626	1	0	31.0931	1.0000	99	9	-9999.0000	2678	40346	-9999	43	43	-9999	575.5466	5	0.7061	0.7298	-0.0015	70.9176	2.3140	675.2923	365.2022	36.8172	653.7602	95.2282	719.4313	94.7230	729.2138	94.8548	737.6572	94.9207	
12/08/2017	00:56:50	019004	H421046381HLR	L421	S		699.4789	1.0233	17.5906	100.0012	39.8314	0.8230	0.8251	5.0000	20.4827	815.0781	94.8548	17.7618	26.0000	0.9300	0.9341	0.7310	-0.0015	815.0000	816.3892	1.0339	-4.8775	100.0726	39.8461	0.8230	0.8223	5.0000	-9999.0000	-9999.0000	-9999.0000	-9999.0000	-9999.0000	-9999.0000	24.0028	3	0	30.1129	1.0000	99	9	-9999.0000	2680	40347	-9999	45	44	-9999	574.0251	5	0.7059	0.7310	-0.0015	62.8904	2.8642	674.2514	360.6106	37.3005	653.0246	95.2282	716.4517	94.8108	726.1616	94.8987	733.5603	94.9207	
12/08/2017	00:57:22	019004	H421046365HLR	L421	S		702.7016	1.0233	18.6015	99.9866	39.9927	0.8230	0.8255	5.0000	19.8613	815.1293	94.8548	16.4218	26.1000	0.9300	0.9341	0.7310	-0.0015	815.0000	814.7597	1.0339	-4.8865	100.0434	40.0023	0.8230	0.8227	5.0000	-9999.0000	-9999.0000	-9999.0000	-9999.0000	-9999.0000	-9999.0000	21.2026	4	0	31.5542	1.0000	99	9	-9999.0000	2681	40348	-9999	46	45	-9999	575.6516	5	0.7059	0.7310	-0.0015	62.8904	2.8642	674.5005	367.3984	38.1133	653.8169	95.0744	716.2482	94.7230	726.8553	94.8987	734.4213	95.0085	
12/08/2017	00:57:52	019004	H421046370HLR	L421	S		704.4286	1.0233	19.1432	100.0438	39.9929	0.8230	0.8251	5.0000	19.9622	815.1185	94.8987	16.6425	26.1000	0.9300	0.9341	0.7290	-0.0014	815.0000	814.9594	1.0339	-4.8854	100.0821	40.1722	0.8230	0.8225	5.0000	-9999.0000	-9999.0000	-9999.0000	-9999.0000	-9999.0000	-9999.0000	21.5216	5	0	30.1236	1.0000	99	9	-9999.0000	2682	40349	-9999	47	46	-9999	575.2600	5	0.7057	0.7290	-0.0014	59.8441	3.0559	679.3125	364.3454	37.3224	658.7760	95.1403	717.2816	94.7230	727.5649	94.8987	735.5980	94.9426	
12/08/2017	00:58:21	019004	H421035798HLR	L421	S		701.5111	1.0233	18.2281	100.0820	39.8523	0.8230	0.8252	5.0000	19.9719	815.0999	94.8328	17.2715	26.1000	0.9300	0.9341	0.7290	-0.0014	815.0000	815.0815	1.0339	-4.8848	100.0115	40.0787	0.8230	0.8222	5.0000	-9999.0000	-9999.0000	-9999.0000	-9999.0000	-9999.0000	-9999.0000	21.1721	6	0	29.5132	1.0000	99	9	-9999.0000	2683	40350	-9999	48	47	-9999	574.5420	5	0.7057	0.7290	-0.0014	59.8441	3.0559	676.7486	369.0637	36.9270	656.4810	95.0525	714.6668	94.7010	723.3164	94.8987	729.6673	94.9426	
12/08/2017	00:58:51	019004	H421046355HLR	L421	S		701.9362	1.0233	18.3614	100.0355	39.9487	0.8230	0.8254	5.0000	20.0520	815.0841	94.8987	16.4413	26.1000	0.9300	0.9339	0.7291	-0.0014	815.0000	815.5371	1.0339	-4.8822	100.0593	39.9679	0.8230	0.8223	5.0000	-9999.0000	-9999.0000	-9999.0000	-9999.0000	-9999.0000	-9999.0000	21.3723	7	0	29.7628	1.0000	99	9	-9999.0000	2684	40351	-9999	49	48	-9999	575.3712	5	0.7055	0.7291	-0.0014	58.4273	3.1652	675.8547	367.2849	36.9270	654.3961	95.1184	719.0363	94.7449	728.9657	94.8987	736.8059	94.9426	
12/08/2017	00:59:24	019004	H421046358HLR	L421	S		693.7857	1.0233	15.8048	100.0090	39.9550	0.8230	0.8248	5.0000	21.5824	815.1278	94.8987	17.7325	26.1000	0.9300	0.9341	0.7316	-0.0016	815.0000	815.8144	1.0339	-4.8807	100.0219	39.9487	0.8230	0.8224	5.0000	-9999.0000	-9999.0000	-9999.0000	-9999.0000	-9999.0000	-9999.0000	26.4033	8	0	32.7343	1.0000	99	9	-9999.0000	2685	40352	-9999	50	49	-9999	573.9154	5	0.7053	0.7316	-0.0016	70.0360	2.4734	674.9937	366.2531	36.4218	654.4907	95.1403	715.0072	94.7230	723.1167	94.8987	730.0439	94.9646	
12/08/2017	00:59:54	019004	H421035783HLR	L421	S		707.1066	1.0233	19.9833	100.0036	39.8987	0.8230	0.8250	5.0000	20.5616	815.0823	94.8767	16.4520	26.1000	0.9300	0.9341	0.7316	-0.0016	815.0000	816.8327	1.0339	-4.8751	100.0942	40.0731	0.8230	0.8223	5.0000	-9999.0000	-9999.0000	-9999.0000	-9999.0000	-9999.0000	-9999.0000	21.3217	1	0	30.6332	1.0000	99	9	-9999.0000	2686	40353	-9999	51	50	-9999	575.5031	5	0.7053	0.7316	-0.0016	70.0360	2.4734	682.3086	369.5787	36.6634	662.3184	95.2721	719.9381	94.7669	729.8364	94.8987	737.8790	94.9426	
12/08/2017	01:00:25	019004	H421046378HLR	L421	S		704.4107	1.0233	19.1376	100.0028	39.9655	0.8230	0.8253	5.0000	19.8819	815.0881	94.8767	15.6219	26.1000	0.9300	0.9341	0.7314	-0.0015	815.0000	814.5061	1.0339	-4.8879	100.1122	40.0308	0.8230	0.8223	5.0000	-9999.0000	-9999.0000	-9999.0000	-9999.0000	-9999.0000	-9999.0000	21.5023	2	0	30.5232	1.0000	99	9	-9999.0000	2687	40354	-9999	51	50	-9999	576.6381	5	0.7054	0.7314	-0.0015	63.3633	2.8891	683.9854	378.2844	37.5860	664.7131	95.3600	719.1733	94.8108	728.5041	94.8987	737.0549	94.9426	
12/08/2017	01:00:54	019004	H421035760HLR	L421	S		700.1288	1.0233	17.7945	99.9834	39.9415	0.8230	0.8248	5.0000	21.4426	815.0973	94.8987	16.0116	26.1000	0.9300	0.9341	0.7312	-0.0015	815.0000	815.4064	1.0339	-4.8830	100.1036	39.9722	0.8230	0.8222	5.0000	-9999.0000	-9999.0000	-9999.0000	-9999.0000	-9999.0000	-9999.0000	22.6722	3	0	29.2932	1.0000	99	9	-9999.0000	2688	40355	-9999	52	51	-9999	576.0302	5	0.7053	0.7312	-0.0015	67.1490	2.6941	681.6698	371.0656	38.8601	661.2081	95.2062	717.8940	94.7889	728.1312	94.8987	736.4973	94.9646	
12/08/2017	01:01:20	019004	H421035768HLR	L421	S		703.9398	1.0233	18.9899	100.0864	39.9229	0.8230	0.8251	5.0000	20.0617	815.0767	94.8767	18.8117	26.1000	0.9300	0.9340	0.7261	-0.0012	815.0000	816.9386	1.0339	-4.8745	100.1027	39.9487	0.8230	0.8223	5.0000	-9999.0000	-9999.0000	-9999.0000	-9999.0000	-9999.0000	-9999.0000	24.1425	4	0	26.0929	1.0000	99	9	-9999.0000	2689	40356	-9999	53	52	-9999	572.2656	5	0.7049	0.7261	-0.0012	59.7914	3.1293	681.8382	378.7812	39.1018	663.8833	95.2062	711.8954	94.7449	720.8736	94.8767	728.4440	94.9866	
12/08/2017	01:01:45	019004	H421035777HLR	L421	S		690.0091	1.0233	14.6202	100.0044	39.9677	0.8230	0.8253	5.0000	19.9914	815.0952	94.8548	16.9521	26.1000	0.9300	0.9341	0.7261	-0.0012	815.0000	814.3742	1.0339	-4.8887	100.0791	40.0480	0.8230	0.8222	5.0000	-9999.0000	-9999.0000	-9999.0000	-9999.0000	-9999.0000	-9999.0000	22.5534	5	0	24.6628	1.0000	99	9	-9999.0000	2690	40356	-9999	54	53	-9999	574.6964	5	0.7049	0.7261	-0.0012	59.7914	3.1293	684.1036	378.9011	38.2451	665.0731	95.0744	719.2995	94.7010	731.2754	94.8548	739.6255	94.9646	
12/08/2017	01:02:23	019004	H421035788HLR	L421	S		701.7284	1.0233	18.2962	100.0504	39.9487	0.8230	0.8251	5.0000	20.0617	815.0604	94.8548	16.5517	26.2000	0.9300	0.9341	0.7332	-0.0017	815.0000	815.3174	1.0339	-4.8835	99.9993	40.0457	0.8230	0.8223	5.0000	-9999.0000	-9999.0000	-9999.0000	-9999.0000	-9999.0000	-9999.0000	21.3024	6	0	37.9644	1.0000	99	9	-9999.0000	2691	40357	-9999	55	54	-9999	575.3323	5	0.7051	0.7332	-0.0017	67.1114	2.7095	679.9893	378.3050	37.3444	660.5425	95.2721	714.1863	94.7449	723.0227	94.8987	730.1648	94.9426	
12/08/2017	01:02:53	019004	H421035772HLR	L421	S		704.0838	1.0233	19.0351	100.0710	39.9184	0.8230	0.8252	5.0000	19.9523	815.0861	94.8987	15.5516	26.2000	0.9300	0.9341	0.7332	-0.0017	815.0000	815.6434	1.0339	-4.8817	100.0493	40.0512	0.8230	0.8222	5.0000	-9999.0000	-9999.0000	-9999.0000	-9999.0000	-9999.0000	-9999.0000	22.1128	7	0	29.7934	1.0000	99	9	-9999.0000	2692	40358	-9999	56	55	-9999	576.6832	5	0.7052	0.7332	-0.0017	75.2403	2.2423	682.4996	371.7979	36.9050	662.5678	95.0525	719.8565	94.7010	730.8023	94.8767	739.0448	94.9646	
12/08/2017	01:03:54	019004	H421047122HLR	L421	S		-0.3572	1.0233	-0.0086	100.0214	39.5986	0.8230	0.8254	5.0000	19.9622	0.0000	0.0000	0.0000	0.0000	0.9300	0.0000	0.0000	0.0000	0.0000	0.1563	1.0339	0.0000	100.2229	39.1863	0.8230	0.8235	5.0000	-9999.0000	-9999.0000	-9999.0000	-9999.0000	-9999.0000	-9999.0000	19.3116	1	18	31.0435	1.0000	99	9	-9999.0000	2694	0	-9999	58	56	-9999	0.0000	0	0.0000	0.0000	0.0000	0.0000	0.0000	0.0000	0.0000	0.0000	0.0000	0.0000	0.0000	0.0000	0.0000	0.0000	0.0000	0.0000	
12/08/2017	01:04:25	019004	H421047131HLR	L421	S		701.4569	1.0233	18.2111	99.9922	39.9487	0.8230	0.8255	5.0000	20.1419	815.0936	94.8548	17.9825	26.1000	0.9300	0.9340	0.7365	-0.0019	815.0000	814.8519	1.0339	-4.8860	100.0163	40.2001	0.8230	0.8240	5.0000	-9999.0000	-9999.0000	-9999.0000	-9999.0000	-9999.0000	-9999.0000	21.3067	2	0	30.8738	1.0000	99	9	-9999.0000	2695	40359	-9999	59	57	-9999	573.1554	5	0.7051	0.7365	-0.0019	86.8299	1.5783	671.4286	359.8056	36.4877	650.7658	95.0744	709.9474	94.7669	719.2854	94.9207	726.6383	94.9426	
12/08/2017	01:04:55	019004	H421047133HLR	L421	S		706.9161	1.0233	19.9235	99.9868	40.0953	0.8230	0.8249	5.0000	21.5024	815.1205	94.9426	15.4519	26.2000	0.9300	0.9340	0.7365	-0.0019	815.0000	815.6584	1.0339	-4.8816	100.0618	40.5729	0.8230	0.8223	5.0000	-9999.0000	-9999.0000	-9999.0000	-9999.0000	-9999.0000	-9999.0000	23.8035	3	0	30.3929	1.0000	99	9	-9999.0000	2696	40360	-9999	60	58	-9999	576.9326	5	0.7051	0.7365	-0.0019	86.8299	1.5783	676.1599	377.7563	36.4218	655.8909	95.0085	715.3177	94.7010	727.1908	94.8767	735.7659	94.9866	
12/08/2017	01:05:24	019004	H421047137HLR	L421	S		701.7056	1.0233	18.2891	100.0980	39.9333	0.8230	0.8249	5.0000	20.1516	815.1313	94.9207	16.1620	26.1000	0.9300	0.9341	0.7365	-0.0019	815.0000	814.3140	1.0339	-4.8890	100.0521	40.3149	0.8230	0.8220	5.0000	-9999.0000	-9999.0000	-9999.0000	-9999.0000	-9999.0000	-9999.0000	21.3431	4	0	28.9936	1.0000	99	9	-9999.0000	2697	40361	-9999	61	59	-9999	575.8830	5	0.7051	0.7365	-0.0019	86.8299	1.5783	675.1034	369.4943	37.9814	654.8456	95.1623	712.9446	94.7449	722.9093	94.8767	731.6931	94.9426	
12/08/2017	01:05:55	019004	H421047139HLR	L421	S		701.8986	1.0233	18.3496	100.0021	39.8404	0.8230	0.8251	5.0000	19.9621	815.1277	94.8548	17.3320	26.1000	0.9300	0.9341	0.7371	-0.0019	815.0000	814.2792	1.0339	-4.8892	100.0444	40.0193	0.8230	0.8218	5.0000	-9999.0000	-9999.0000	-9999.0000	-9999.0000	-9999.0000	-9999.0000	25.5321	5	0	30.7338	1.0000	99	9	-9999.0000	2698	40362	-9999	62	60	-9999	574.0827	5	0.7051	0.7371	-0.0019	94.5303	1.1061	672.6268	380.1679	38.7503	653.5384	95.0525	707.9545	94.7010	717.8617	94.8548	725.8555	94.9646	
12/08/2017	01:06:25	019004	H421037201HLR	L421	S		698.8812	1.0233	17.4031	99.9869	40.0512	0.8230	0.8253	5.0000	20.1017	815.1220	94.8987	16.2919	26.1000	0.9300	0.9340	0.7371	-0.0019	815.0000	815.0100	1.0339	-4.8852	100.0186	39.9587	0.8230	0.8220	5.0000	-9999.0000	-9999.0000	-9999.0000	-9999.0000	-9999.0000	-9999.0000	21.2717	6	0	30.0229	1.0000	99	9	-9999.0000	2699	40363	-9999	63	61	-9999	575.6820	5	0.7051	0.7371	-0.0019	94.5303	1.1061	673.1426	368.5914	37.2126	654.5395	95.0964	708.5066	94.7010	719.3942	94.8548	729.5357	94.9646	
12/08/2017	01:06:53	019004	H421037205HLR	L421	S		699.2991	1.0233	17.5342	99.9823	40.0103	0.8230	0.8249	5.0000	20.1321	815.1342	94.8767	16.6523	26.1000	0.9300	0.9340	0.7365	-0.0019	815.0000	815.1835	1.0339	-4.8842	100.0613	40.0031	0.8230	0.8223	5.0000	-9999.0000	-9999.0000	-9999.0000	-9999.0000	-9999.0000	-9999.0000	21.0024	7	0	28.4438	1.0000	99	9	-9999.0000	2700	40364	-9999	64	62	-9999	575.1521	5	0.7052	0.7365	-0.0019	85.9434	1.6164	674.4076	376.6026	37.2565	654.7043	95.0964	710.3087	94.7230	721.0818	94.8987	728.9702	94.9646	
12/08/2017	01:07:23	019004	H421035763HLR	L421	S		701.8243	1.0233	18.3263	99.9635	39.8561	0.8230	0.8250	5.0000	20.1126	815.1245	94.8767	14.5622	26.1000	0.9300	0.9340	0.7368	-0.0019	815.0000	816.2525	1.0339	-4.8783	100.0981	40.0283	0.8230	0.8221	5.0000	-9999.0000	-9999.0000	-9999.0000	-9999.0000	-9999.0000	-9999.0000	24.3025	8	0	29.4729	1.0000	99	9	-9999.0000	2701	40365	-9999	65	63	-9999	578.3841	5	0.7055	0.7368	-0.0019	96.8406	0.9270	680.2475	377.5682	38.8382	660.3015	95.0744	717.6525	94.7230	729.3052	94.8767	737.7149	94.9426	
12/08/2017	01:07:53	019004	H421037191HLR	L421	S		700.0016	1.0233	17.7546	100.0314	39.9487	0.8230	0.8253	5.0000	20.0919	815.0988	94.9646	16.3427	26.1000	0.9300	0.9339	0.7354	-0.0018	815.0000	816.0952	1.0339	-4.8792	100.0294	39.9495	0.8230	0.8221	5.0000	-9999.0000	-9999.0000	-9999.0000	-9999.0000	-9999.0000	-9999.0000	24.3328	1	0	30.2232	1.0000	99	9	-9999.0000	2702	40366	-9999	66	64	-9999	575.6144	5	0.7054	0.7354	-0.0018	97.3111	0.8961	679.1672	360.7160	38.3769	659.5217	95.0305	715.2053	94.7230	725.3322	94.9207	731.6115	94.9866	
12/08/2017	01:08:23	019004	H421037214HLR	L421	S		702.3688	1.0233	18.4971	99.9900	39.9880	0.8230	0.8247	5.0000	21.3520	815.1218	94.9207	15.6219	26.1000	0.9300	0.9341	0.7356	-0.0018	815.0000	817.1332	1.0339	-4.8734	100.0454	40.0154	0.8230	0.8222	5.0000	-9999.0000	-9999.0000	-9999.0000	-9999.0000	-9999.0000	-9999.0000	21.0923	2	0	29.9233	1.0000	99	9	-9999.0000	2703	40367	-9999	67	65	-9999	576.6888	5	0.7054	0.7356	-0.0018	96.2005	1.0063	684.9802	389.1076	39.8047	666.3534	95.1623	716.3992	94.7669	727.0775	94.8987	735.5220	94.9646	
12/08/2017	01:08:52	019004	H421037209HLR	L421	S		697.1385	1.0233	16.8565	100.0508	39.9296	0.8230	0.8249	5.0000	20.1819	815.1342	94.8987	14.8015	26.1000	0.9300	0.9339	0.7339	-0.0017	815.0000	816.1663	1.0339	-4.8788	100.0311	39.9487	0.8230	0.8221	5.0000	-9999.0000	-9999.0000	-9999.0000	-9999.0000	-9999.0000	-9999.0000	26.1632	3	0	29.0735	1.0000	99	9	-9999.0000	2704	40368	-9999	68	66	-9999	577.8040	5	0.7055	0.7339	-0.0017	89.9209	1.4291	682.3841	382.9326	39.2995	662.6426	94.9207	718.2007	94.6790	729.0480	94.8767	738.1053	94.9646	
12/08/2017	01:09:22	019004	H421037217HLR	L421	S		699.9214	1.0233	17.7294	100.0111	39.9487	0.8230	0.8251	5.0000	20.1321	815.1054	94.9646	15.5115	26.1000	0.9300	0.9339	0.7314	-0.0015	815.0000	816.1281	1.0339	-4.8790	100.0533	40.0512	0.8230	0.8222	5.0000	-9999.0000	-9999.0000	-9999.0000	-9999.0000	-9999.0000	-9999.0000	21.2220	4	0	29.8032	1.0000	99	9	-9999.0000	2705	40369	-9999	68	67	-9999	576.6946	5	0.7057	0.7314	-0.0015	97.6391	0.9797	677.8511	370.5141	38.1792	657.6444	95.1623	716.8552	94.7449	728.1279	94.8767	737.2152	94.9646	
12/08/2017	01:09:51	019004	H421037222HLR	L421	S		698.2999	1.0233	17.2208	100.0808	39.9790	0.8230	0.8250	5.0000	20.1322	815.1375	94.9207	15.9520	26.1000	0.9300	0.9340	0.7345	-0.0017	815.0000	814.9791	1.0339	-4.8853	100.0526	40.0512	0.8230	0.8222	5.0000	-9999.0000	-9999.0000	-9999.0000	-9999.0000	-9999.0000	-9999.0000	22.4528	5	0	29.2338	1.0000	99	9	-9999.0000	2705	40370	-9999	68	68	-9999	576.1262	5	0.7058	0.7345	-0.0017	106.1358	0.4473	674.1837	364.6047	36.5536	653.9907	95.2062	711.7027	94.7669	722.5960	94.9207	730.6549	94.9866	
12/08/2017	01:10:21	019004	H421037226HLR	L421	S		701.6593	1.0233	18.2746	99.9367	39.9487	0.8230	0.8250	5.0000	19.9720	815.0817	94.8987	15.9920	26.1000	0.9300	0.9340	0.7293	-0.0014	815.0000	816.3276	1.0339	-4.8779	100.0972	40.0760	0.8230	0.8223	5.0000	-9999.0000	-9999.0000	-9999.0000	-9999.0000	-9999.0000	-9999.0000	20.7416	6	0	29.7825	1.0000	99	9	-9999.0000	2706	40371	-9999	68	69	-9999	576.0298	5	0.7059	0.7293	-0.0014	111.0847	0.1512	678.1296	368.2362	36.0483	656.5575	95.1184	720.2614	94.7449	731.1520	94.8767	739.1322	94.9866	
12/08/2017	01:10:51	019004	H421037219HLR	L421	S		699.3146	1.0233	17.5391	100.0223	39.9487	0.8230	0.8250	5.0000	20.1419	815.1232	94.9207	15.3914	26.1000	0.9300	0.9341	0.7279	-0.0013	815.0000	815.5599	1.0339	-4.8821	100.0237	40.0596	0.8230	0.8222	5.0000	-9999.0000	-9999.0000	-9999.0000	-9999.0000	-9999.0000	-9999.0000	21.4331	7	0	30.3141	1.0000	99	9	-9999.0000	2707	40372	-9999	69	70	-9999	576.6277	5	0.7059	0.7279	-0.0013	121.7155	-0.4608	675.9466	376.8000	37.8277	654.7681	95.1403	717.6191	94.7230	729.0741	94.8767	738.2188	94.9646	
12/08/2017	01:11:22	019004	H421037213HLR	L421	S		698.4923	1.0233	17.2812	100.0075	39.9487	0.8230	0.8250	5.0000	20.2316	815.0847	94.9207	16.0018	26.1000	0.9300	0.9340	0.7273	-0.0013	815.0000	815.7049	1.0339	-4.8813	100.0820	40.0512	0.8230	0.8221	5.0000	-9999.0000	-9999.0000	-9999.0000	-9999.0000	-9999.0000	-9999.0000	22.3228	8	0	30.7728	1.0000	99	9	-9999.0000	2708	40373	-9999	70	71	-9999	575.8838	5	0.7059	0.7273	-0.0013	122.5943	-0.5093	679.5845	376.1341	36.5755	659.6478	95.2062	717.1944	94.7889	728.6567	94.8987	737.0963	94.9426	
12/08/2017	01:11:52	019004	H421037275HLR	L421	S		697.2156	1.0233	16.8807	100.0149	39.9315	0.8230	0.8247	5.0000	21.1829	815.1247	94.8987	15.4217	26.1000	0.9300	0.9340	0.7274	-0.0013	815.0000	815.2906	1.0339	-4.8836	100.0194	40.0686	0.8230	0.8222	5.0000	-9999.0000	-9999.0000	-9999.0000	-9999.0000	-9999.0000	-9999.0000	21.2122	1	0	29.8140	1.0000	99	9	-9999.0000	2709	40374	-9999	71	72	-9999	576.5893	5	0.7063	0.7274	-0.0013	123.7347	-0.5681	684.0821	360.5173	38.0254	664.4234	95.0744	722.8485	94.7669	732.8937	94.8987	742.2188	94.9866	
12/08/2017	01:12:21	019004	H421037256HLR	L421	S		698.4263	1.0233	17.2605	100.0190	39.9487	0.8230	0.8251	5.0000	20.0021	815.1061	94.9207	15.8319	26.1000	0.9300	0.9341	0.7278	-0.0013	815.0000	814.4936	1.0339	-4.8880	100.0804	40.0840	0.8230	0.8223	5.0000	-9999.0000	-9999.0000	-9999.0000	-9999.0000	-9999.0000	-9999.0000	20.8617	2	0	29.2230	1.0000	99	9	-9999.0000	2710	40375	-9999	72	73	-9999	576.0296	5	0.7063	0.7278	-0.0013	124.5781	-0.6221	681.4831	368.5599	38.0693	661.3980	95.1403	719.4645	94.7669	729.7656	94.8987	738.0208	94.9866	
12/08/2017	01:12:50	019004	H421037265HLR	L421	S		691.3549	1.0233	15.0423	100.0794	39.9698	0.8230	0.8251	5.0000	20.0120	815.1027	94.8987	16.4618	26.1000	0.9300	0.9340	0.7277	-0.0013	815.0000	815.7655	1.0339	-4.8810	100.0456	40.0711	0.8230	0.8223	5.0000	-9999.0000	-9999.0000	-9999.0000	-9999.0000	-9999.0000	-9999.0000	21.4222	3	0	29.1830	1.0000	99	9	-9999.0000	2711	40376	-9999	73	74	-9999	575.3349	5	0.7064	0.7277	-0.0013	126.0479	-0.7014	681.1429	365.2923	37.3664	661.1394	95.2502	717.6409	94.8108	727.5817	94.9207	735.3026	94.9866	
12/08/2017	01:13:21	019004	H421037245HLR	L421	S		700.8867	1.0233	18.0322	100.0036	39.9487	0.8230	0.8249	5.0000	20.1721	815.1060	94.8328	16.9023	26.1000	0.9300	0.9341	0.7262	-0.0012	815.0000	816.4709	1.0339	-4.8771	100.0654	40.0512	0.8230	0.8221	5.0000	-9999.0000	-9999.0000	-9999.0000	-9999.0000	-9999.0000	-9999.0000	25.3827	4	0	31.2037	1.0000	99	9	-9999.0000	2712	40377	-9999	74	75	-9999	574.8289	5	0.7066	0.7262	-0.0012	136.0353	-1.2764	685.9354	372.8237	37.1247	666.3218	95.2282	720.3606	94.8108	729.5389	94.9207	736.7301	95.0085	
12/08/2017	01:13:52	019004	H421037262HLR	L421	S		694.5367	1.0233	16.0404	100.0942	39.9260	0.8230	0.8247	5.0000	21.5424	815.1313	94.8548	16.0819	26.1000	0.9300	0.9341	0.7262	-0.0012	815.0000	816.2099	1.0339	-4.8785	100.0373	40.0731	0.8230	0.8222	5.0000	-9999.0000	-9999.0000	-9999.0000	-9999.0000	-9999.0000	-9999.0000	21.3227	5	0	30.5131	1.0000	99	9	-9999.0000	2713	40378	-9999	75	76	-9999	575.8049	5	0.7066	0.7262	-0.0012	136.0353	-1.2764	683.4110	382.1947	37.1247	663.6146	95.5358	720.3637	94.8767	730.2373	94.8987	738.5260	94.9646	
12/08/2017	01:14:21	019004	H421037274HLR	L421	S		696.9941	1.0233	16.8112	100.0757	39.9954	0.8230	0.8251	5.0000	19.9221	815.0671	94.9207	15.4822	26.1000	0.9300	0.9341	0.7260	-0.0012	815.0000	815.7277	1.0339	-4.8812	100.0431	40.0605	0.8230	0.8222	5.0000	-9999.0000	-9999.0000	-9999.0000	-9999.0000	-9999.0000	-9999.0000	21.4515	6	0	29.3236	1.0000	99	9	-9999.0000	2714	40379	-9999	76	77	-9999	576.3366	5	0.7066	0.7260	-0.0012	137.8124	-1.3828	687.9473	386.6780	40.5077	668.6143	95.1843	720.8053	94.7889	731.5346	94.9207	740.1253	94.9866	
12/08/2017	01:14:53	019004	H421037252HLR	L421	S		700.9760	1.0233	18.0602	100.0628	39.9487	0.8230	0.8249	5.0000	20.2026	815.1156	94.9207	15.4822	26.1000	0.9300	0.9341	0.7272	-0.0013	815.0000	814.4447	1.0339	-4.8883	99.9879	40.0512	0.8230	0.8221	5.0000	-9999.0000	-9999.0000	-9999.0000	-9999.0000	-9999.0000	-9999.0000	25.9921	7	0	31.5338	1.0000	99	9	-9999.0000	2715	40380	-9999	77	78	-9999	576.3448	5	0.7064	0.7272	-0.0013	144.3701	-1.7731	685.4439	369.8917	38.2011	665.7143	95.1843	720.3040	94.7669	730.9068	94.8987	738.7347	95.0085	
12/08/2017	01:15:23	019004	H421037244HLR	L421	S		690.6601	1.0233	14.8244	100.0742	39.9036	0.8230	0.8247	5.0000	21.1615	815.1275	94.8987	17.3819	26.1000	0.9300	0.9342	0.7336	-0.0017	815.0000	812.9424	1.0339	-4.8966	100.0714	40.0512	0.8230	0.8221	5.0000	-9999.0000	-9999.0000	-9999.0000	-9999.0000	-9999.0000	-9999.0000	24.1530	8	0	29.8931	1.0000	99	9	-9999.0000	2716	40381	-9999	78	79	-9999	573.8411	5	0.7063	0.7336	-0.0017	121.8743	-0.3500	675.0027	370.2951	37.4542	655.8571	95.2062	709.5742	94.7889	720.2253	94.8987	728.6502	94.9866	
12/08/2017	01:15:51	019004	H421037242HLR	L421	S		697.4428	1.0233	16.9520	100.0289	39.9487	0.8230	0.8248	5.0000	21.2815	815.0831	94.8548	16.8310	26.1000	0.9300	0.9341	0.7336	-0.0017	815.0000	814.2871	1.0339	-4.8891	100.0061	40.0512	0.8230	0.8221	5.0000	-9999.0000	-9999.0000	-9999.0000	-9999.0000	-9999.0000	-9999.0000	23.4625	1	0	28.5433	1.0000	99	9	-9999.0000	2717	40382	-9999	79	80	-9999	574.3630	5	0.7063	0.7336	-0.0017	121.8743	-0.3500	677.2502	366.0857	37.9595	657.6006	95.2721	711.5003	94.8108	721.6601	94.8987	729.7914	94.9866	
12/08/2017	01:16:20	019004	H421037231HLR	L421	S		699.1099	1.0233	17.4749	100.0633	40.0140	0.8230	0.8250	5.0000	19.9122	815.1345	94.9426	14.6608	26.1000	0.9300	0.9340	0.7348	-0.0018	815.0000	815.4457	1.0339	-4.8828	100.0809	40.0512	0.8230	0.8221	5.0000	-9999.0000	-9999.0000	-9999.0000	-9999.0000	-9999.0000	-9999.0000	24.0926	2	0	28.7931	1.0000	99	9	-9999.0000	2718	40383	-9999	80	80	-9999	577.4526	5	0.7064	0.7348	-0.0018	119.6697	-0.1868	681.7188	369.7948	37.1467	662.0329	95.2062	718.0753	94.7669	730.1135	94.8767	739.4439	94.9866	
12/08/2017	01:29:31	019004	H421037248HLR	L421	S		698.4533	1.0233	17.2689	100.0319	39.9346	0.8230	0.8249	5.0000	19.9620	815.0972	94.9207	17.8223	26.1000	0.9300	0.9341	0.7351	-0.0018	815.0000	817.8599	1.0339	-4.8694	100.0792	40.0887	0.8230	0.8221	5.0000	-9999.0000	-9999.0000	-9999.0000	-9999.0000	-9999.0000	-9999.0000	21.2816	3	0	790.6393	1.0000	99	9	-9999.0000	2719	40384	-9999	81	81	-9999	572.7753	5	0.7063	0.7351	-0.0018	134.3743	-1.1308	675.9021	364.9369	37.6300	656.9650	95.1843	709.3858	94.7669	719.0850	94.8987	727.7967	95.0085	
12/08/2017	01:30:01	019004	H421037250HLR	L421	S		701.1363	1.0233	18.1105	100.0010	39.9477	0.8230	0.8248	5.0000	20.8931	815.1302	94.9207	15.5225	26.1000	0.9300	0.9341	0.7351	-0.0018	815.0000	815.4807	1.0339	-4.8826	99.9864	40.0512	0.8230	0.8221	5.0000	-9999.0000	-9999.0000	-9999.0000	-9999.0000	-9999.0000	-9999.0000	23.9528	4	0	30.6842	1.0000	99	9	-9999.0000	2720	40385	-9999	82	82	-9999	576.2309	5	0.7064	0.7351	-0.0018	89.1655	1.7899	679.2722	374.8549	38.8601	659.5215	95.1623	714.0035	94.7669	724.7200	94.8767	733.9676	94.9646	
12/08/2017	01:30:31	019004	H421037270HLR	L421	S		703.4820	1.0233	18.8463	100.0685	40.0146	0.8230	0.8249	5.0000	20.3919	815.1100	94.8987	14.1920	26.1000	0.9300	0.9341	0.7294	-0.0014	815.0000	814.9385	1.0339	-4.8855	100.0201	41.6137	0.8230	0.8250	5.0000	-9999.0000	-9999.0000	-9999.0000	-9999.0000	-9999.0000	-9999.0000	21.9320	5	0	29.7231	1.0000	99	9	-9999.0000	2721	40386	-9999	83	83	-9999	577.8579	5	0.7063	0.7294	-0.0014	97.9950	1.2336	689.4626	370.8747	37.3005	669.3993	95.2502	725.6960	94.7889	735.3060	94.9207	742.7477	94.9646	
12/08/2017	01:31:01	019004	H421037260HLR	L421	S		704.6192	1.0233	19.2030	100.0518	39.9472	0.8230	0.8249	5.0000	19.9925	815.0655	94.8767	14.3415	26.1000	0.9300	0.9340	0.7293	-0.0014	815.0000	816.9593	1.0339	-4.8744	99.9674	40.7190	0.8230	0.8213	5.0000	-9999.0000	-9999.0000	-9999.0000	-9999.0000	-9999.0000	-9999.0000	25.1326	6	0	30.1137	1.0000	99	9	-9999.0000	2722	40387	-9999	84	84	-9999	577.6249	5	0.7063	0.7293	-0.0014	92.2922	1.5774	688.7927	376.2112	38.9919	668.7647	94.7230	726.8643	94.6131	739.0595	94.8548	748.3020	94.9646	
12/08/2017	01:31:31	019004	H421037271HLR	L421	S		698.8851	1.0233	17.4043	99.9789	39.9487	0.8230	0.8250	5.0000	20.1116	815.0714	95.0085	16.3124	26.1000	0.9300	0.9341	0.7272	-0.0013	815.0000	815.8950	1.0339	-4.8803	99.9880	39.8764	0.8230	0.8210	5.0000	-9999.0000	-9999.0000	-9999.0000	-9999.0000	-9999.0000	-9999.0000	25.3533	7	0	29.6225	1.0000	99	9	-9999.0000	2723	40388	-9999	85	85	-9999	575.4181	5	0.7059	0.7272	-0.0013	95.9436	1.3481	682.9325	366.3598	37.3005	663.6457	94.8987	718.7192	94.6790	729.3255	94.8767	737.4243	94.9646	
12/08/2017	01:31:59	019004	H421037258HLR	L421	S		703.3770	1.0233	18.8134	100.0834	39.9829	0.8230	0.8248	5.0000	21.1127	815.0650	94.8987	16.6620	25.3000	0.9300	0.9332	0.7319	-0.0016	815.0000	816.4623	1.0339	-4.8771	100.0040	39.5685	0.8230	0.8215	5.0000	-9999.0000	-9999.0000	-9999.0000	-9999.0000	-9999.0000	-9999.0000	20.8422	8	0	28.4936	1.0000	99	9	-9999.0000	2724	40389	-9999	86	86	-9999	574.7012	5	0.7059	0.7319	-0.0016	93.1670	1.5161	672.5007	317.5740	37.9375	651.9799	95.0305	711.1640	94.7669	721.7886	94.8108	729.1873	94.9426	
12/08/2017	01:32:29	019004	H421046200HLR	L421	S		706.4905	1.0233	19.7900	99.8301	40.8308	0.8230	0.8277	5.0000	20.2435	815.0738	94.9207	15.4314	25.4000	0.9300	0.9335	0.7323	-0.0016	815.0000	819.1434	1.0339	-4.8623	100.0135	39.9487	0.8230	0.8226	5.0000	-9999.0000	-9999.0000	-9999.0000	-9999.0000	-9999.0000	-9999.0000	21.6821	1	0	29.3031	1.0000	99	9	-9999.0000	2725	40390	-9999	87	87	-9999	576.3704	5	0.7062	0.7323	-0.0016	85.7706	1.9786	677.9709	376.8330	38.5306	657.6260	94.9646	716.7471	94.5912	727.7618	94.8108	736.6374	94.9646	
12/08/2017	01:32:57	019004	H421046164HLR	L421	S		702.2077	1.0233	18.4466	100.1865	40.5827	0.8230	0.8251	5.0000	19.9318	815.1136	94.8987	16.1219	25.5000	0.9300	0.9336	0.7259	-0.0012	815.0000	817.1502	1.0339	-4.8733	99.9849	39.8932	0.8230	0.8217	5.0000	-9999.0000	-9999.0000	-9999.0000	-9999.0000	-9999.0000	-9999.0000	24.1121	2	0	28.6038	1.0000	99	9	-9999.0000	2726	40391	-9999	88	88	-9999	575.6385	5	0.7062	0.7259	-0.0012	82.7558	2.1574	682.2423	383.5716	37.2126	662.1782	95.0744	719.4589	94.6571	729.9530	94.8548	737.3126	94.9426	
12/08/2017	01:33:28	019004	H421046190HLR	L421	S		703.4216	1.0233	18.8274	99.9684	39.8711	0.8230	0.8243	5.0000	19.9925	815.1044	94.9207	15.2615	25.6000	0.9300	0.9339	0.7266	-0.0013	815.0000	817.8630	1.0339	-4.8694	100.0785	39.6410	0.8230	0.8219	5.0000	-9999.0000	-9999.0000	-9999.0000	-9999.0000	-9999.0000	-9999.0000	23.6423	3	0	30.8131	1.0000	99	9	-9999.0000	2727	40392	-9999	89	89	-9999	576.4742	5	0.7061	0.7266	-0.0013	83.3131	2.1163	686.7393	385.2098	38.5526	666.9422	95.1843	723.2954	94.7449	732.6462	94.8548	741.1242	94.9646	
12/08/2017	01:33:57	019004	H421046195HLR	L421	S		707.0326	1.0233	19.9600	100.3045	39.5180	0.8230	0.8248	5.0000	20.3322	815.1069	94.8548	14.5915	25.7000	0.9300	0.9340	0.7341	-0.0018	815.0000	817.6066	1.0339	-4.8708	100.0453	39.9487	0.8230	0.8225	5.0000	-9999.0000	-9999.0000	-9999.0000	-9999.0000	-9999.0000	-9999.0000	25.5027	4	0	28.7836	1.0000	99	9	-9999.0000	2728	40393	-9999	90	90	-9999	577.5241	5	0.7059	0.7341	-0.0018	85.7855	1.9131	679.5397	380.4248	39.0359	659.2208	94.9866	717.8888	94.7230	729.5947	94.8548	738.2323	94.9646	
12/08/2017	01:34:28	019004	H421046175HLR	L421	S		705.3009	1.0233	19.4168	99.9157	39.9585	0.8230	0.8257	5.0000	20.0823	815.1368	94.9866	15.5809	25.7000	0.9300	0.9341	0.7299	-0.0015	815.0000	817.5266	1.0339	-4.8713	100.0775	39.8813	0.8230	0.8218	5.0000	-9999.0000	-9999.0000	-9999.0000	-9999.0000	-9999.0000	-9999.0000	24.9323	5	0	31.4635	1.0000	99	9	-9999.0000	2729	40394	-9999	91	91	-9999	575.9130	5	0.7057	0.7299	-0.0015	83.8679	2.0312	683.7658	374.7865	36.7732	663.4876	95.0525	719.3323	94.7230	729.1002	94.8767	736.8275	94.9866	
12/08/2017	01:34:59	019004	H421046161HLR	L421	S		705.6516	1.0233	19.5269	99.9686	40.0269	0.8230	0.8249	5.0000	19.8519	815.0839	94.8767	14.6511	25.7000	0.9300	0.9341	0.7315	-0.0016	815.0000	817.1995	1.0339	-4.8731	100.0251	39.7435	0.8230	0.8220	5.0000	-9999.0000	-9999.0000	-9999.0000	-9999.0000	-9999.0000	-9999.0000	25.4530	6	0	31.0932	1.0000	99	9	-9999.0000	2730	40395	-9999	92	92	-9999	576.9579	5	0.7056	0.7315	-0.0016	86.0290	1.8458	686.7190	378.0616	36.8172	667.0007	95.1843	722.6449	94.7669	733.6233	94.8767	742.8545	94.9426	
12/08/2017	01:35:28	019004	H421046162HLR	L421	S		703.9116	1.0233	18.9811	99.8822	39.6279	0.8230	0.8247	5.0000	19.9124	815.0902	94.9646	17.1025	25.8000	0.9300	0.9344	0.7297	-0.0015	815.0000	817.4405	1.0339	-4.8717	100.0102	39.9585	0.8230	0.8223	5.0000	-9999.0000	-9999.0000	-9999.0000	-9999.0000	-9999.0000	-9999.0000	25.7528	7	0	29.1234	1.0000	99	9	-9999.0000	2731	40396	-9999	93	93	-9999	573.7259	5	0.7057	0.7297	-0.0015	83.7977	1.9831	679.7711	370.1737	36.5975	659.9794	95.2941	716.8086	94.8108	726.3661	94.9207	734.2282	94.9646	
12/08/2017	01:35:56	019004	H421046188HLR	L421	S		710.8233	1.0233	21.1491	100.0741	39.8461	0.8230	0.8256	5.0000	19.8724	815.0790	94.8767	14.7419	25.8000	0.9300	0.9344	0.7281	-0.0014	815.0000	815.7677	1.0339	-4.8810	100.0440	39.9796	0.8230	0.8219	5.0000	-9999.0000	-9999.0000	-9999.0000	-9999.0000	-9999.0000	-9999.0000	21.7721	8	0	27.1428	1.0000	99	9	-9999.0000	2732	40397	-9999	93	94	-9999	576.4496	5	0.7057	0.7281	-0.0014	80.5803	2.1638	687.9261	388.9160	37.0149	669.0880	95.0525	723.2632	94.6790	734.3277	94.8548	742.6213	94.9866	
12/08/2017	01:36:24	019004	H421046169HLR	L421	S		698.0545	1.0233	17.1438	99.9034	40.0211	0.8230	0.8246	5.0000	22.0826	815.1229	94.9207	17.7022	25.8000	0.9300	0.9343	0.7278	-0.0014	815.0000	814.8949	1.0339	-4.8858	100.0619	39.8461	0.8230	0.8221	5.0000	-9999.0000	-9999.0000	-9999.0000	-9999.0000	-9999.0000	-9999.0000	23.6530	1	0	28.1437	1.0000	99	9	-9999.0000	2733	40398	-9999	94	95	-9999	572.9464	5	0.7056	0.7278	-0.0014	80.4591	2.1551	676.5156	376.4242	39.1018	656.2517	95.1184	714.0457	94.7669	722.7568	94.8767	731.0525	94.9646	
12/08/2017	01:36:53	019004	H421046191HLR	L421	S		697.6931	1.0233	17.0305	99.9981	39.7149	0.8230	0.8246	5.0000	20.4926	815.1155	94.8548	17.2920	25.9000	0.9300	0.9343	0.7262	-0.0013	815.0000	812.5405	1.0339	-4.8988	100.0570	39.9526	0.8230	0.8223	5.0000	-9999.0000	-9999.0000	-9999.0000	-9999.0000	-9999.0000	-9999.0000	22.5123	2	0	29.2533	1.0000	99	9	-9999.0000	2734	40399	-9999	95	96	-9999	573.3674	5	0.7055	0.7262	-0.0013	79.6317	2.2117	680.4811	383.3490	38.3549	660.6223	95.2941	714.8130	94.8328	723.2719	94.8987	729.8620	94.9646	
12/08/2017	01:37:24	019004	H421046193HLR	L421	Q		705.6482	1.0233	19.5258	99.8215	39.9147	0.8230	0.8253	5.0000	20.1807	815.1021	94.9207	15.3416	25.9000	0.9300	0.9343	0.7333	-0.0018	815.0000	814.0798	1.0339	-4.8903	99.9941	40.0252	0.8230	0.8220	5.0000	-9999.0000	-9999.0000	-9999.0000	-9999.0000	-9999.0000	-9999.0000	21.8121	3	0	30.6832	1.0000	99	9	-9999.0000	2735	40400	-9999	96	97	-9999	575.3093	5	0.7052	0.7333	-0.0018	87.6593	1.6807	681.7851	373.9928	36.5316	661.8176	95.0964	717.6661	94.7230	727.9685	94.8767	735.5448	94.9646	
12/08/2017	01:38:23	019004	H421046173HLR	L421	Q		705.0879	1.0233	19.3500	100.0030	39.8461	0.8230	0.8253	5.0000	20.1428	815.1020	94.8987	14.4020	25.9000	0.9300	0.9343	0.7303	-0.0016	815.0000	814.8568	1.0339	-4.8860	99.9860	40.4006	0.8230	0.8236	5.0000	-9999.0000	-9999.0000	-9999.0000	-9999.0000	-9999.0000	-9999.0000	25.5731	5	0	29.7035	1.0000	99	9	-9999.0000	2737	40401	-9999	98	99	-9999	576.4036	5	0.7049	0.7303	-0.0016	87.5518	1.6658	689.5886	378.3559	40.2880	670.3429	94.8548	723.8567	94.6790	734.4089	94.8548	742.1375	94.9646	
12/08/2017	01:38:53	019004	H421046194HLR	L421	S		704.9956	1.0233	19.3211	100.0992	39.9591	0.8230	0.8252	5.0000	19.9925	815.0910	94.9426	15.3123	25.9000	0.9300	0.9343	0.7243	-0.0012	815.0000	815.5056	1.0339	-4.8824	100.0397	40.4787	0.8230	0.8220	5.0000	-9999.0000	-9999.0000	-9999.0000	-9999.0000	-9999.0000	-9999.0000	26.1035	6	0	29.5434	1.0000	99	9	-9999.0000	2738	40402	-9999	99	100	-9999	575.2779	5	0.7053	0.7243	-0.0012	93.5919	1.2644	687.6014	374.4706	39.0798	667.6661	94.8328	723.4933	94.6571	733.4769	94.8548	742.4362	94.9866	
12/08/2017	01:39:22	019004	H421046174HLR	L421	S		698.8941	1.0233	17.4072	100.0750	39.9374	0.8230	0.8249	5.0000	19.9221	815.0878	94.9207	16.9316	25.9000	0.9300	0.9343	0.7246	-0.0012	815.0000	813.8899	1.0339	-4.8913	99.8871	40.2324	0.8230	0.8217	5.0000	-9999.0000	-9999.0000	-9999.0000	-9999.0000	-9999.0000	-9999.0000	23.0924	7	0	29.0130	1.0000	99	9	-9999.0000	2739	40403	-9999	100	101	-9999	573.6511	5	0.7053	0.7246	-0.0012	90.9448	1.4070	682.9454	385.4766	37.5421	663.5065	95.0964	717.7445	94.7449	728.5498	94.8548	736.8374	94.9866	
12/08/2017	01:39:51	019004	H421046202HLR	L421	S		704.3380	1.0233	19.1148	99.8828	39.8066	0.8230	0.8246	5.0000	21.6528	815.0852	94.8987	15.9012	25.9000	0.9300	0.9343	0.7246	-0.0012	815.0000	813.7512	1.0339	-4.8921	100.0279	40.0799	0.8230	0.8218	5.0000	-9999.0000	-9999.0000	-9999.0000	-9999.0000	-9999.0000	-9999.0000	21.6528	8	0	29.4731	1.0000	99	9	-9999.0000	2740	40404	-9999	101	102	-9999	574.7073	5	0.7053	0.7246	-0.0012	90.9448	1.4070	687.7880	384.8374	38.7283	668.4104	95.2721	720.1276	94.8108	729.4841	94.8987	736.8640	94.9646	
12/08/2017	01:40:20	019004	H421046181HLR	L421	S		704.9488	1.0233	19.3064	100.1126	39.9487	0.8230	0.8253	5.0000	19.9329	815.0641	94.9207	15.9921	26.0000	0.9300	0.9342	0.7230	-0.0011	815.0000	815.4630	1.0339	-4.8827	100.0291	39.9247	0.8230	0.8220	5.0000	-9999.0000	-9999.0000	-9999.0000	-9999.0000	-9999.0000	-9999.0000	21.3324	1	0	29.1831	1.0000	99	9	-9999.0000	2741	40405	-9999	102	103	-9999	574.5349	5	0.7052	0.7230	-0.0011	88.1399	1.5753	688.2358	378.7325	37.4103	666.9966	95.2062	726.5195	94.7889	736.0433	94.8987	744.1545	94.9646	
12/08/2017	01:40:50	019004	H421046203HLR	L421	S		701.5814	1.0233	18.2501	99.9029	39.9853	0.8230	0.8249	5.0000	20.1028	815.0843	94.8987	15.6610	26.0000	0.9300	0.9342	0.7228	-0.0011	815.0000	815.0581	1.0339	-4.8849	100.0253	39.9487	0.8230	0.8222	5.0000	-9999.0000	-9999.0000	-9999.0000	-9999.0000	-9999.0000	-9999.0000	25.8524	2	0	29.5336	1.0000	99	9	-9999.0000	2742	40406	-9999	103	104	-9999	574.8405	5	0.7051	0.7228	-0.0011	83.1957	1.8656	683.4848	371.1527	37.8716	661.9570	95.2721	724.1023	94.8108	734.5493	94.8987	742.4538	94.9646	
12/08/2017	01:41:20	019004	H421046238HLR	L421	S		700.5053	1.0233	17.9126	99.9810	39.8385	0.8230	0.8249	5.0000	20.2219	815.0898	94.9207	15.3621	26.0000	0.9300	0.9343	0.7215	-0.0010	815.0000	813.6409	1.0339	-4.8927	100.0360	40.0512	0.8230	0.8221	5.0000	-9999.0000	-9999.0000	-9999.0000	-9999.0000	-9999.0000	-9999.0000	24.1726	3	0	29.8538	1.0000	99	9	-9999.0000	2743	40407	-9999	104	105	-9999	575.1149	5	0.7050	0.7215	-0.0010	84.8731	1.7529	687.6371	375.0098	38.2670	667.6294	94.9866	726.1598	94.6790	735.6408	94.8548	744.7841	94.9646	
12/08/2017	01:41:49	019004	H421046205HLR	L421	S		700.3582	1.0233	17.8664	100.1880	39.9487	0.8230	0.8251	5.0000	20.4222	815.0689	94.9207	15.6219	26.0000	0.9300	0.9342	0.7206	-0.0010	815.0000	813.6600	1.0339	-4.8926	99.9625	40.0095	0.8230	0.8220	5.0000	-9999.0000	-9999.0000	-9999.0000	-9999.0000	-9999.0000	-9999.0000	23.1921	4	0	29.6529	1.0000	99	9	-9999.0000	2744	40408	-9999	105	106	-9999	574.9825	5	0.7052	0.7206	-0.0010	83.4662	1.8323	687.3989	367.6161	36.0483	665.7454	95.2282	729.3965	94.8108	737.8781	94.8987	744.7981	94.9426	
12/08/2017	01:42:20	019004	H421046251HLR	L421	S		715.9379	1.0233	22.7534	99.9165	39.9595	0.8230	0.8245	5.0000	21.6323	815.0826	94.8987	14.9822	26.0000	0.9300	0.9341	0.7212	-0.0010	815.0000	817.3787	1.0339	-4.8721	100.1278	40.0457	0.8230	0.8222	5.0000	-9999.0000	-9999.0000	-9999.0000	-9999.0000	-9999.0000	-9999.0000	20.9126	5	0	30.3139	1.0000	99	9	-9999.0000	2745	40409	-9999	106	107	-9999	575.5613	5	0.7052	0.7212	-0.0010	80.7329	1.9780	693.5409	370.5065	37.4982	671.7563	94.9426	735.7591	94.7449	743.6317	94.8767	751.4334	94.9866	
12/08/2017	01:42:47	019004	H421046208HLR	L421	S		700.4802	1.0233	17.9047	99.7646	39.8952	0.8230	0.8249	5.0000	20.1917	815.0815	94.9426	15.4813	26.0000	0.9300	0.9341	0.7210	-0.0010	815.0000	814.8275	1.0339	-4.8862	100.0813	39.9585	0.8230	0.8221	5.0000	-9999.0000	-9999.0000	-9999.0000	-9999.0000	-9999.0000	-9999.0000	24.0827	6	0	27.5930	1.0000	99	9	-9999.0000	2746	40410	-9999	107	108	-9999	575.1821	5	0.7053	0.7210	-0.0010	81.8040	1.9091	686.7213	373.9564	36.2241	666.2048	95.1403	725.3363	94.7449	735.9296	94.8767	744.5590	94.9866	
12/08/2017	01:43:16	019004	H421046248HLR	L421	S		702.9097	1.0233	18.6668	100.1526	39.9487	0.8230	0.8248	5.0000	21.4819	815.1128	94.9207	16.1014	26.1000	0.9300	0.9342	0.7219	-0.0010	815.0000	814.8241	1.0339	-4.8862	100.0030	39.9675	0.8230	0.8221	5.0000	-9999.0000	-9999.0000	-9999.0000	-9999.0000	-9999.0000	-9999.0000	24.0730	7	0	28.3628	1.0000	99	9	-9999.0000	2747	40411	-9999	108	109	-9999	574.8098	5	0.7054	0.7219	-0.0010	81.2478	1.9416	689.2903	372.4208	36.3339	669.7551	95.2941	725.4032	94.7889	734.9925	94.8987	742.8409	94.9646	
12/08/2017	01:43:46	019004	H421046217HLR	L421	S		706.0653	1.0233	19.6566	100.0189	39.9464	0.8230	0.8246	5.0000	21.7318	815.1257	94.8987	15.7020	26.0000	0.9300	0.9342	0.7225	-0.0011	815.0000	814.1288	1.0339	-4.8900	99.9058	40.0512	0.8230	0.8221	5.0000	-9999.0000	-9999.0000	-9999.0000	-9999.0000	-9999.0000	-9999.0000	21.8227	8	0	30.1633	1.0000	99	9	-9999.0000	2748	40412	-9999	109	110	-9999	575.2516	5	0.7054	0.7225	-0.0011	80.7493	1.9782	689.6935	370.5760	36.2460	670.2926	95.2721	727.3769	94.7230	736.3323	94.8767	743.2614	94.9426	
12/08/2017	01:44:16	019004	H421046216HLR	L421	S		704.7122	1.0233	19.2322	99.9462	39.9219	0.8230	0.8245	5.0000	21.5424	815.0915	94.8767	16.6220	25.9000	0.9300	0.9341	0.7212	-0.0010	815.0000	814.9775	1.0339	-4.8853	100.0547	40.0645	0.8230	0.8222	5.0000	-9999.0000	-9999.0000	-9999.0000	-9999.0000	-9999.0000	-9999.0000	21.3119	1	0	29.8833	1.0000	99	9	-9999.0000	2749	40413	-9999	110	111	-9999	574.4501	5	0.7054	0.7212	-0.0010	72.6919	2.4506	688.6464	380.3131	36.8391	668.5581	95.0964	724.3603	94.7449	732.6707	94.8987	740.3304	94.9646	
12/08/2017	01:44:44	019004	H421037189HLR	L421	S		702.5744	1.0233	18.5616	99.9119	39.9487	0.8230	0.8250	5.0000	20.1915	815.1240	94.8548	13.5914	26.0000	0.9300	0.9341	0.7224	-0.0011	815.0000	813.2736	1.0339	-4.8947	100.0612	40.0512	0.8230	0.8221	5.0000	-9999.0000	-9999.0000	-9999.0000	-9999.0000	-9999.0000	-9999.0000	24.1424	2	0	28.0940	1.0000	99	9	-9999.0000	2750	40414	-9999	111	112	-9999	577.1292	5	0.7054	0.7224	-0.0011	70.4130	2.5973	694.1231	376.7833	37.6959	674.5418	95.1623	729.8021	94.7449	741.4242	94.8767	750.3734	94.9426	
12/08/2017	01:45:13	019004	H421037203HLR	L421	S		688.1701	1.0233	14.0433	99.9667	39.9642	0.8230	0.8250	5.0000	20.0423	815.0855	94.9207	14.6716	26.0000	0.9300	0.9340	0.7196	-0.0009	815.0000	814.4391	1.0339	-4.8883	99.9294	40.0512	0.8230	0.8221	5.0000	-9999.0000	-9999.0000	-9999.0000	-9999.0000	-9999.0000	-9999.0000	22.4419	3	0	28.9330	1.0000	99	9	-9999.0000	2751	40415	-9999	112	113	-9999	576.1185	5	0.7056	0.7196	-0.0009	66.6648	2.8327	698.3444	382.2345	38.6844	678.7809	94.9426	733.6140	94.7230	742.2791	94.8987	749.5459	94.9866	
12/08/2017	01:45:38	019004	H421037193HLR	L421	S		699.5356	1.0233	17.6084	100.0296	39.8895	0.8230	0.8245	5.0000	21.6527	815.1144	94.9646	15.3914	25.9000	0.9300	0.9340	0.7197	-0.0009	815.0000	815.1574	1.0339	-4.8843	100.0865	40.0629	0.8230	0.8221	5.0000	-9999.0000	-9999.0000	-9999.0000	-9999.0000	-9999.0000	-9999.0000	21.7222	4	0	25.0333	1.0000	99	9	-9999.0000	2752	40416	-9999	113	114	-9999	575.6495	5	0.7056	0.7197	-0.0009	73.5359	2.4080	690.4305	379.9491	38.8601	670.8638	95.2282	727.8167	94.7449	738.2760	94.8767	745.6686	94.9646	
12/08/2017	01:46:07	019004	H421037202HLR	L421	S		699.3954	1.0233	17.5644	100.0428	39.9487	0.8230	0.8251	5.0000	20.0323	815.0921	94.9207	16.1522	26.0000	0.9300	0.9341	0.7156	-0.0006	815.0000	816.5018	1.0339	-4.8769	100.0968	40.0832	0.8230	0.8222	5.0000	-9999.0000	-9999.0000	-9999.0000	-9999.0000	-9999.0000	-9999.0000	20.9320	5	0	29.6224	1.0000	99	9	-9999.0000	2753	40417	-9999	114	115	-9999	575.1783	5	0.7058	0.7156	-0.0006	81.1808	1.9047	682.4768	370.2863	35.9605	660.6901	95.1623	723.7327	94.7669	733.8062	94.8987	741.7403	94.9646	
12/08/2017	01:46:37	019004	H421037199HLR	L421	S		698.0696	1.0233	17.1486	100.1779	40.0285	0.8230	0.8251	5.0000	19.9123	815.1157	94.8328	14.0221	26.1000	0.9300	0.9343	0.7270	-0.0013	815.0000	814.5229	1.0339	-4.8878	100.0456	40.0869	0.8230	0.8222	5.0000	-9999.0000	-9999.0000	-9999.0000	-9999.0000	-9999.0000	-9999.0000	21.1322	6	0	30.0835	1.0000	99	9	-9999.0000	2754	40418	-9999	115	116	-9999	577.3934	5	0.7060	0.7270	-0.0013	96.2252	0.9517	681.1004	362.2672	36.3998	659.8113	95.2502	725.6578	94.7889	737.4407	94.8987	746.0393	94.9646	
12/08/2017	01:47:06	019004	H421037212HLR	L421	S		692.1103	1.0233	15.2793	100.2344	39.9243	0.8230	0.8249	5.0000	19.8724	815.1033	94.9646	15.1423	26.0000	0.9300	0.9340	0.7268	-0.0013	815.0000	813.7646	1.0339	-4.8920	100.0334	40.0746	0.8230	0.8221	5.0000	-9999.0000	-9999.0000	-9999.0000	-9999.0000	-9999.0000	-9999.0000	22.0326	7	0	28.4040	1.0000	99	9	-9999.0000	2755	40419	-9999	116	117	-9999	576.1294	5	0.7061	0.7268	-0.0013	99.1689	0.7828	678.6432	350.5683	37.0588	657.9751	95.2062	719.5267	94.7889	730.2742	94.8987	737.5026	94.9866	
12/08/2017	01:48:03	019004	H421037224HLR	L421	S		697.1321	1.0233	16.8545	99.9586	40.0207	0.8230	0.8251	5.0000	19.9623	815.0860	94.9426	15.9618	26.0000	0.9300	0.9343	0.7295	-0.0015	815.0000	815.9841	1.0339	-4.8798	100.0441	39.8490	0.8230	0.8220	5.0000	-9999.0000	-9999.0000	-9999.0000	-9999.0000	-9999.0000	-9999.0000	24.6930	1	0	28.5228	1.0000	99	9	-9999.0000	2757	40420	-9999	118	118	-9999	575.1919	5	0.7059	0.7295	-0.0015	99.1252	0.8318	681.8783	362.1783	36.3559	661.6704	95.0744	719.8684	94.7889	730.8145	94.8987	739.3086	94.9646	
12/08/2017	01:48:31	019004	H421037225HLR	L421	S		696.5464	1.0233	16.6708	99.9742	39.9669	0.8230	0.8249	5.0000	20.1019	815.0880	94.8987	16.1815	26.1000	0.9300	0.9342	0.7324	-0.0017	815.0000	815.9361	1.0339	-4.8800	100.0521	39.9487	0.8230	0.8223	5.0000	-9999.0000	-9999.0000	-9999.0000	-9999.0000	-9999.0000	-9999.0000	24.4227	2	0	28.2434	1.0000	99	9	-9999.0000	2758	40421	-9999	119	119	-9999	574.8055	5	0.7062	0.7324	-0.0017	124.1982	-0.7544	685.9705	393.7178	38.6844	667.9176	95.1623	717.9607	94.7230	727.9295	94.8987	735.2924	94.9646	
12/08/2017	01:49:01	019004	H421037277HLR	L421	S		698.9446	1.0233	17.4230	100.0064	39.9487	0.8230	0.8249	5.0000	20.0921	815.1006	94.8987	14.7224	26.1000	0.9300	0.9343	0.7331	-0.0017	815.0000	816.6882	1.0339	-4.8759	100.0174	40.1585	0.8230	0.8223	5.0000	-9999.0000	-9999.0000	-9999.0000	-9999.0000	-9999.0000	-9999.0000	20.9926	3	0	29.7436	1.0000	99	9	-9999.0000	2759	40422	-9999	120	120	-9999	576.8267	5	0.7063	0.7331	-0.0017	129.8011	-1.0603	681.9764	366.9621	36.2680	662.3220	95.2502	719.8584	94.7669	731.3275	94.8987	741.4937	94.9646	
12/08/2017	01:49:26	019004	H421037236HLR	L421	S		702.2467	1.0233	18.4588	99.9817	39.9487	0.8230	0.8250	5.0000	19.9125	815.0795	94.8767	14.3718	26.1000	0.9300	0.9342	0.7331	-0.0017	815.0000	815.1945	1.0339	-4.8841	100.0456	40.0512	0.8230	0.8220	5.0000	-9999.0000	-9999.0000	-9999.0000	-9999.0000	-9999.0000	-9999.0000	26.3524	4	0	25.0028	1.0000	99	9	-9999.0000	2760	40423	-9999	121	121	-9999	577.3331	5	0.7063	0.7331	-0.0017	129.8011	-1.0603	684.6974	382.1226	39.1018	664.8488	95.1843	721.7566	94.7889	733.1560	94.8767	741.5653	94.9866	
12/08/2017	01:49:55	019004	H421037221HLR	L421	S		702.5579	1.0233	18.5564	100.0352	39.9487	0.8230	0.8249	5.0000	20.3627	815.0867	94.8987	14.8620	26.1000	0.9300	0.9342	0.7329	-0.0017	815.0000	814.9556	1.0339	-4.8855	100.0429	40.0652	0.8230	0.8220	5.0000	-9999.0000	-9999.0000	-9999.0000	-9999.0000	-9999.0000	-9999.0000	21.1127	5	0	29.0727	1.0000	99	9	-9999.0000	2761	40424	-9999	122	122	-9999	576.6529	5	0.7063	0.7329	-0.0017	124.3218	-0.6543	684.2086	366.3616	37.4323	664.7470	95.0085	720.9636	94.7669	731.6600	94.8987	740.6668	94.9866	
12/08/2017	01:50:24	019004	H421037247HLR	L421	S		696.6009	1.0233	16.6879	100.1132	39.9487	0.8230	0.8250	5.0000	19.8420	815.1037	94.8548	14.2712	26.1000	0.9300	0.9342	0.7333	-0.0017	815.0000	813.8525	1.0339	-4.8915	100.0524	40.0562	0.8230	0.8222	5.0000	-9999.0000	-9999.0000	-9999.0000	-9999.0000	-9999.0000	-9999.0000	21.0424	6	0	29.7034	1.0000	99	9	-9999.0000	2762	40425	-9999	123	122	-9999	577.5152	5	0.7063	0.7333	-0.0017	117.8165	-0.2043	684.0502	368.6197	37.9814	664.5257	95.0964	720.1060	94.7449	730.7671	94.8987	739.6808	94.9866	
12/08/2017	01:50:54	019004	H421037267HLR	L421	S		696.0918	1.0233	16.5282	99.9690	39.9487	0.8230	0.8249	5.0000	20.0727	815.1270	94.8767	14.5417	26.1000	0.9300	0.9342	0.7324	-0.0017	815.0000	814.7928	1.0339	-4.8864	100.0145	40.0512	0.8230	0.8221	5.0000	-9999.0000	-9999.0000	-9999.0000	-9999.0000	-9999.0000	-9999.0000	26.0927	7	0	29.3033	1.0000	99	9	-9999.0000	2763	40426	-9999	124	123	-9999	577.0457	5	0.7063	0.7324	-0.0017	122.5505	-0.4821	682.7530	366.1798	37.1467	663.0075	95.1184	719.4197	94.7669	731.1865	94.8767	740.1387	95.0085	
12/08/2017	01:51:23	019004	H421037215HLR	L421	S		626.8183	1.0233	0.0000	100.2443	39.9341	0.8230	0.8250	5.0000	20.4828	0.0000	0.0000	0.0000	0.0000	0.9300	0.0000	0.0000	0.0000	0.0000	645.7504	1.0339	-0.0217	100.0824	39.9360	0.8230	0.8222	5.0000	-9999.0000	-9999.0000	-9999.0000	-9999.0000	-9999.0000	-9999.0000	23.7126	8	7	28.9631	1.0000	99	9	-9999.0000	2764	0	-9999	125	124	-9999	0.0000	0	0.0000	0.0000	0.0000	0.0000	0.0000	0.0000	0.0000	0.0000	0.0000	0.0000	0.0000	0.0000	0.0000	0.0000	0.0000	0.0000	
12/08/2017	01:51:52	019004	H421037257HLR	L421	S		699.8014	1.0233	17.6918	100.0441	39.9601	0.8230	0.8251	5.0000	19.9319	815.1380	94.9646	15.3611	26.1000	0.9300	0.9341	0.7333	-0.0018	815.0000	814.7960	1.0339	-4.8863	100.0015	40.0512	0.8230	0.8222	5.0000	-9999.0000	-9999.0000	-9999.0000	-9999.0000	-9999.0000	-9999.0000	23.5222	1	0	29.0434	1.0000	99	9	-9999.0000	2765	40427	-9999	126	125	-9999	575.9142	5	0.7066	0.7333	-0.0018	118.3135	-0.1923	683.3477	364.0506	37.3444	663.9224	95.2062	718.1482	94.8548	728.9462	94.9207	737.1157	94.9866	
12/08/2017	01:52:21	019004	H421037272HLR	L421	S		708.5422	1.0233	20.4336	99.7849	39.9833	0.8230	0.8249	5.0000	20.0217	815.1388	94.8328	13.9615	26.1000	0.9300	0.9342	0.7344	-0.0018	815.0000	814.8248	1.0339	-4.8862	100.0634	40.1563	0.8230	0.8222	5.0000	-9999.0000	-9999.0000	-9999.0000	-9999.0000	-9999.0000	-9999.0000	21.1819	2	0	28.8636	1.0000	99	9	-9999.0000	2766	40428	-9999	127	126	-9999	578.0714	5	0.7068	0.7344	-0.0018	121.1337	-0.3609	688.4052	371.2456	38.5746	668.7223	94.9426	723.9414	94.7010	735.5387	94.8987	744.6149	94.9646	
12/08/2017	01:52:52	019004	H421037264HLR	L421	S		701.7321	1.0233	18.2974	99.8945	39.9659	0.8230	0.8249	5.0000	20.1418	815.1458	95.0085	15.5711	26.1000	0.9300	0.9341	0.7352	-0.0019	815.0000	813.5359	1.0339	-4.8933	100.0377	40.1315	0.8230	0.8221	5.0000	-9999.0000	-9999.0000	-9999.0000	-9999.0000	-9999.0000	-9999.0000	21.8023	3	0	31.5035	1.0000	99	9	-9999.0000	2767	40429	-9999	128	127	-9999	575.6540	5	0.7070	0.7352	-0.0019	112.7890	0.2262	679.5409	375.3623	36.3339	659.3122	95.2282	716.1984	94.7889	726.0783	94.9207	734.0648	94.9866	
12/08/2017	01:53:21	019004	H421037254HLR	L421	S		699.4621	1.0233	17.5853	99.9509	39.9243	0.8230	0.8246	5.0000	21.5424	815.1464	94.8987	15.0915	26.1000	0.9300	0.9340	0.7352	-0.0019	815.0000	816.3837	1.0339	-4.8776	100.1231	40.1045	0.8230	0.8222	5.0000	-9999.0000	-9999.0000	-9999.0000	-9999.0000	-9999.0000	-9999.0000	21.1225	4	0	28.5833	1.0000	99	9	-9999.0000	2768	40430	-9999	129	128	-9999	576.3944	5	0.7070	0.7352	-0.0019	112.7890	0.2262	681.2057	370.8516	38.9700	661.5116	95.3161	718.2528	94.8108	730.7747	94.8548	739.7368	94.9646	
12/08/2017	01:53:51	019004	H421037235HLR	L421	S		697.1729	1.0233	16.8673	99.9349	39.9487	0.8230	0.8250	5.0000	20.1820	815.1082	94.9207	15.2615	26.1000	0.9300	0.9342	0.7359	-0.0019	815.0000	815.4099	1.0339	-4.8829	100.0415	40.1395	0.8230	0.8222	5.0000	-9999.0000	-9999.0000	-9999.0000	-9999.0000	-9999.0000	-9999.0000	21.3627	5	0	30.5738	1.0000	99	9	-9999.0000	2769	40431	-9999	130	129	-9999	576.0666	5	0.7070	0.7359	-0.0019	102.8611	0.9074	679.8801	368.8068	36.7073	660.4619	95.2282	716.1451	94.7889	726.5390	94.8987	735.6603	94.9646	
12/08/2017	01:54:21	019004	H421037233HLR	L421	S		705.4599	1.0233	19.4667	100.0258	40.0271	0.8230	0.8249	5.0000	20.0520	815.1258	94.9207	14.9509	26.1000	0.9300	0.9341	0.7384	-0.0021	815.0000	814.0794	1.0339	-4.8903	100.0219	40.1399	0.8230	0.8221	5.0000	-9999.0000	-9999.0000	-9999.0000	-9999.0000	-9999.0000	-9999.0000	22.9831	6	0	29.6626	1.0000	99	9	-9999.0000	2770	40432	-9999	131	130	-9999	576.5377	5	0.7073	0.7384	-0.0021	81.8009	2.3069	678.8602	366.0460	37.0808	659.2930	95.1623	715.2513	94.7230	726.8499	94.8548	734.9668	94.9646	
12/08/2017	02:06:16	019004	H421037232HLR	L421	S		692.4587	1.0233	15.3885	99.9367	39.9487	0.8230	0.8249	5.0000	20.1419	815.0868	94.9426	17.8223	26.1000	0.9300	0.9341	0.7402	-0.0022	815.0000	811.4395	1.0339	-4.9049	100.0711	40.1473	0.8230	0.8222	5.0000	-9999.0000	-9999.0000	-9999.0000	-9999.0000	-9999.0000	-9999.0000	22.1821	7	0	714.8711	1.0000	99	9	-9999.0000	2771	40433	-9999	132	131	-9999	571.4393	5	0.7071	0.7402	-0.0022	103.2548	0.8811	599.3864	362.9083	37.2785	581.4941	95.9092	627.5458	93.9980	709.6388	94.7010	718.8430	95.0085	
12/08/2017	02:06:49	019004	H421037251HLR	L421	S		701.6858	1.0233	18.2829	100.0171	39.9487	0.8230	0.8250	5.0000	20.1722	815.1332	94.8767	14.6413	26.1000	0.9300	0.9341	0.7402	-0.0022	815.0000	815.8851	1.0339	-4.8803	100.0654	40.1477	0.8230	0.8222	5.0000	-9999.0000	-9999.0000	-9999.0000	-9999.0000	-9999.0000	-9999.0000	21.0726	8	0	33.4237	1.0000	99	9	-9999.0000	2772	40434	-9999	133	132	-9999	577.1170	5	0.7071	0.7402	-0.0022	103.2548	0.8811	677.3323	372.7916	36.7732	657.8053	95.1184	715.2458	94.7010	728.1359	94.8548	737.1647	94.9426	
12/08/2017	02:07:18	019004	H421037230HLR	L421	S		694.4414	1.0233	16.0105	100.0240	40.0211	0.8230	0.8250	5.0000	20.0921	815.1316	95.0085	16.8027	26.1000	0.9300	0.9341	0.7402	-0.0022	815.0000	812.3616	1.0339	-4.8998	100.0054	42.4133	0.8230	0.8228	5.0000	-9999.0000	-9999.0000	-9999.0000	-9999.0000	-9999.0000	-9999.0000	21.6625	1	5	28.8636	1.0000	99	9	-9999.0000	2773	40435	-9999	134	133	-9999	573.2369	5	0.7071	0.7402	-0.0022	103.6165	0.8874	671.7056	368.5492	38.1133	653.8318	95.2721	703.2073	94.7669	713.9943	94.8548	722.3974	94.9426	
12/08/2017	02:07:47	019004	H421037268HLR	L421	S		700.5643	1.0233	17.9311	99.9148	39.9487	0.8230	0.8248	5.0000	20.2123	815.0887	94.8987	15.7518	26.1000	0.9300	0.9341	0.7380	-0.0021	815.0000	815.4032	1.0339	-4.8830	100.0135	40.9610	0.8230	0.8210	5.0000	-9999.0000	-9999.0000	-9999.0000	-9999.0000	-9999.0000	-9999.0000	21.6626	2	0	28.9035	1.0000	99	9	-9999.0000	2774	40436	-9999	135	134	-9999	575.3273	5	0.7074	0.7380	-0.0021	83.5954	2.1496	680.4277	384.2187	37.9155	662.4336	95.1184	711.8579	94.7010	722.6864	94.8767	731.4963	94.9646	
12/08/2017	02:08:14	019004	H421037229HLR	L421	S		700.0081	1.0233	17.7566	100.0193	39.9487	0.8230	0.8250	5.0000	20.1117	815.1283	94.8987	14.7722	26.1000	0.9300	0.9341	0.7303	-0.0015	815.0000	814.7875	1.0339	-4.8864	99.9837	39.8801	0.8230	0.8210	5.0000	-9999.0000	-9999.0000	-9999.0000	-9999.0000	-9999.0000	-9999.0000	25.4227	3	0	27.5325	1.0000	99	9	-9999.0000	2775	40437	-9999	136	135	-9999	576.9785	5	0.7071	0.7303	-0.0015	87.7601	1.8464	683.7618	361.9772	36.9710	663.8726	94.9646	722.0371	94.6790	734.0333	94.8548	742.8726	94.9646	
12/08/2017	02:08:44	019004	H421037238HLR	L421	S		696.3696	1.0233	16.6153	100.0115	39.9872	0.8230	0.8249	5.0000	20.2825	815.0873	94.8548	19.3821	25.7000	0.9300	0.9344	0.7300	-0.0015	815.0000	814.8233	1.0339	-4.8862	99.9688	39.4655	0.8230	0.8216	5.0000	-9999.0000	-9999.0000	-9999.0000	-9999.0000	-9999.0000	-9999.0000	24.2527	4	0	29.4934	1.0000	99	9	-9999.0000	2776	40438	-9999	137	136	-9999	571.1669	5	0.7070	0.7300	-0.0015	86.7001	1.8899	672.2170	325.4543	38.7064	652.6394	95.2062	709.4233	94.8328	717.5685	94.8108	724.7068	94.9646	
12/08/2017	02:09:13	019004	H421037249HLR	L421	S		700.8248	1.0233	18.0128	99.9668	41.6740	0.8230	0.8269	5.0000	19.7824	815.0846	94.9426	15.1619	25.9000	0.9300	0.9343	0.7300	-0.0015	815.0000	816.4181	1.0339	-4.8774	99.9718	39.9487	0.8230	0.8227	5.0000	-9999.0000	-9999.0000	-9999.0000	-9999.0000	-9999.0000	-9999.0000	26.0028	5	0	29.1430	1.0000	99	9	-9999.0000	2777	40439	-9999	138	137	-9999	576.3633	5	0.7070	0.7300	-0.0015	86.7001	1.8899	682.6630	368.7990	39.0139	662.7386	95.1843	720.1541	94.6351	731.0823	94.8108	740.7082	94.8987	
12/08/2017	02:09:42	019004	H421046165HLR	L421	S		702.0700	1.0233	18.4034	100.2155	40.5729	0.8230	0.8247	5.0000	20.4222	815.0835	94.8987	14.8523	25.9000	0.9300	0.9344	0.7295	-0.0015	815.0000	814.3529	1.0339	-4.8888	99.9794	39.9546	0.8230	0.8219	5.0000	-9999.0000	-9999.0000	-9999.0000	-9999.0000	-9999.0000	-9999.0000	24.3220	6	0	29.3238	1.0000	99	9	-9999.0000	2778	40440	-9999	139	138	-9999	576.7699	5	0.7071	0.7295	-0.0015	88.3188	1.7586	684.9034	374.5239	39.0578	665.3138	95.0744	721.9635	94.6571	733.0838	94.8548	741.0068	94.9426	
12/08/2017	02:10:12	019004	H421046178HLR	L421	S		708.3485	1.0233	20.3728	99.8784	39.8050	0.8230	0.8243	5.0000	20.2413	815.0967	94.8328	13.7516	25.9000	0.9300	0.9343	0.7276	-0.0013	815.0000	815.4142	1.0339	-4.8829	100.0632	39.6506	0.8230	0.8220	5.0000	-9999.0000	-9999.0000	-9999.0000	-9999.0000	-9999.0000	-9999.0000	23.0622	7	0	29.2932	1.0000	99	9	-9999.0000	2779	40441	-9999	140	139	-9999	578.0785	5	0.7073	0.7276	-0.0013	94.9065	1.3219	692.4118	386.0183	38.0254	672.4223	94.9646	728.3764	94.6131	739.4923	94.8328	748.0265	94.9426	
12/08/2017	02:10:43	019004	H421046163HLR	L421	S		702.5377	1.0233	18.5501	99.8737	39.4653	0.8230	0.8251	5.0000	20.4222	815.0851	95.0085	14.8318	25.9000	0.9300	0.9344	0.7293	-0.0015	815.0000	814.8112	1.0339	-4.8863	100.0092	39.9487	0.8230	0.8227	5.0000	-9999.0000	-9999.0000	-9999.0000	-9999.0000	-9999.0000	-9999.0000	25.9521	8	0	31.1334	1.0000	99	9	-9999.0000	2780	40442	-9999	141	140	-9999	576.9754	5	0.7070	0.7293	-0.0015	97.7791	1.1089	684.5486	373.3040	37.8716	664.3804	95.0085	720.9185	94.6790	732.1809	94.8548	741.0855	94.9207	
12/08/2017	02:11:12	019004	H421046168HLR	L421	S		705.4849	1.0233	19.4746	99.9726	39.9487	0.8230	0.8257	5.0000	20.9320	815.1113	94.9426	15.4412	25.9000	0.9300	0.9344	0.7292	-0.0015	815.0000	815.4819	1.0339	-4.8825	100.0031	39.9163	0.8230	0.8220	5.0000	-9999.0000	-9999.0000	-9999.0000	-9999.0000	-9999.0000	-9999.0000	25.4628	1	0	29.1039	1.0000	99	9	-9999.0000	2781	40443	-9999	142	141	-9999	576.2082	5	0.7068	0.7292	-0.0015	98.9557	1.0436	683.9206	374.2022	39.3434	664.3237	95.0305	721.6536	94.7230	731.5095	94.8767	739.5036	94.9646	
12/08/2017	02:11:37	019004	H421046167HLR	L421	S		702.5451	1.0233	18.5524	100.0366	40.0699	0.8230	0.8250	5.0000	20.3031	815.1268	94.9207	15.3924	25.9000	0.9300	0.9343	0.7295	-0.0015	815.0000	815.1405	1.0339	-4.8844	100.0617	39.7435	0.8230	0.8223	5.0000	-9999.0000	-9999.0000	-9999.0000	-9999.0000	-9999.0000	-9999.0000	25.3329	2	0	24.9023	1.0000	99	9	-9999.0000	2782	40444	-9999	142	142	-9999	576.3135	5	0.7069	0.7295	-0.0015	98.6438	1.0618	684.8480	368.4865	37.6080	665.6389	95.0085	721.7785	94.6790	732.0317	94.8548	741.9009	94.9646	
12/08/2017	02:12:08	019004	H421046186HLR	L421	S		703.2502	1.0233	18.7736	99.9466	39.6136	0.8230	0.8249	5.0000	19.8625	815.1342	94.8987	15.3211	25.9000	0.9300	0.9343	0.7284	-0.0014	815.0000	814.3487	1.0339	-4.8888	100.0333	39.9898	0.8230	0.8226	5.0000	-9999.0000	-9999.0000	-9999.0000	-9999.0000	-9999.0000	-9999.0000	21.3823	3	0	31.4839	1.0000	99	9	-9999.0000	2783	40445	-9999	143	143	-9999	576.3376	5	0.7068	0.7284	-0.0014	88.7248	1.6523	682.3552	382.9934	37.1247	662.0071	95.1843	722.0489	94.7669	733.1647	94.8767	742.0118	94.9426	
12/08/2017	02:12:37	019004	H421046176HLR	L421	S		701.4482	1.0233	18.2083	99.8613	39.8461	0.8230	0.8255	5.0000	21.3022	815.0807	94.9426	17.1924	25.9000	0.9300	0.9343	0.7285	-0.0014	815.0000	814.0810	1.0339	-4.8903	100.0196	39.9487	0.8230	0.8221	5.0000	-9999.0000	-9999.0000	-9999.0000	-9999.0000	-9999.0000	-9999.0000	25.9725	4	0	28.9935	1.0000	99	9	-9999.0000	2784	40446	-9999	143	144	-9999	574.1364	5	0.7068	0.7285	-0.0014	84.9267	1.8720	681.8424	374.4812	37.6080	663.2643	95.1843	716.1290	94.7889	725.6104	94.8767	734.2129	94.9866	
12/08/2017	02:13:05	019004	H421046182HLR	L421	S		706.2140	1.0233	19.7033	99.8300	40.1100	0.8230	0.8253	5.0000	20.1517	815.0986	94.9207	15.4012	26.0000	0.9300	0.9342	0.7285	-0.0014	815.0000	815.9879	1.0339	-4.8798	100.0484	39.8692	0.8230	0.8222	5.0000	-9999.0000	-9999.0000	-9999.0000	-9999.0000	-9999.0000	-9999.0000	21.0619	5	0	28.0033	1.0000	99	9	-9999.0000	2785	40447	-9999	144	145	-9999	576.1990	5	0.7068	0.7285	-0.0014	84.3549	1.8801	688.4023	371.2916	38.4208	668.5576	95.0085	724.6398	94.7230	734.7415	94.8767	742.6354	94.9646	
12/08/2017	02:14:02	019004	H421046183HLR	L421	S		704.5193	1.0233	19.1717	99.9462	39.7435	0.8230	0.8252	5.0000	21.2025	815.1598	94.9207	17.7422	25.9000	0.9300	0.9343	0.7281	-0.0014	815.0000	815.1890	1.0339	-4.8842	100.0029	39.9610	0.8230	0.8222	5.0000	-9999.0000	-9999.0000	-9999.0000	-9999.0000	-9999.0000	-9999.0000	22.9723	7	0	28.6224	1.0000	99	9	-9999.0000	2787	40448	-9999	146	146	-9999	573.5982	5	0.7066	0.7281	-0.0014	88.3623	1.6362	679.5083	356.9272	38.3329	659.5271	95.1623	716.4563	94.8108	726.1008	94.8767	733.8096	94.9426	
12/08/2017	02:14:31	019004	H421046160HLR	L421	S		702.4649	1.0233	18.5273	100.0615	40.0512	0.8230	0.8257	5.0000	19.8723	815.1085	94.8767	15.0114	26.0000	0.9300	0.9343	0.7277	-0.0013	815.0000	813.8700	1.0339	-4.8914	100.0491	39.8547	0.8230	0.8223	5.0000	-9999.0000	-9999.0000	-9999.0000	-9999.0000	-9999.0000	-9999.0000	21.3520	8	0	29.0539	1.0000	99	9	-9999.0000	2788	40449	-9999	147	147	-9999	576.7196	5	0.7066	0.7277	-0.0013	89.8600	1.5060	685.1727	372.5428	36.1362	665.4550	95.2502	721.0061	94.7449	730.9108	94.8987	737.7425	94.9646	
12/08/2017	02:14:59	019004	H421046197HLR	L421	S		707.1208	1.0233	19.9877	100.1063	39.9956	0.8230	0.8250	5.0000	19.8224	815.1050	94.8548	14.3014	26.0000	0.9300	0.9341	0.7277	-0.0013	815.0000	815.6640	1.0339	-4.8815	99.9539	40.0512	0.8230	0.8225	5.0000	-9999.0000	-9999.0000	-9999.0000	-9999.0000	-9999.0000	-9999.0000	25.3231	1	0	28.4027	1.0000	99	9	-9999.0000	2789	40450	-9999	148	148	-9999	577.4824	5	0.7066	0.7277	-0.0013	87.7238	1.6068	689.8626	369.9960	37.1467	669.6333	95.0744	727.0389	94.7010	738.2418	94.8548	747.6662	94.9646	
12/08/2017	02:15:28	019004	H421046157HLR	L421	S		705.9820	1.0233	19.6305	99.9992	39.6885	0.8230	0.8250	5.0000	20.0824	815.1122	94.8767	14.2809	26.0000	0.9300	0.9341	0.7277	-0.0013	815.0000	815.0671	1.0339	-4.8848	100.0694	40.0160	0.8230	0.8221	5.0000	-9999.0000	-9999.0000	-9999.0000	-9999.0000	-9999.0000	-9999.0000	23.6628	2	0	28.3635	1.0000	99	9	-9999.0000	2790	40451	-9999	149	149	-9999	577.5336	5	0.7066	0.7277	-0.0013	87.7238	1.6068	686.8296	371.4727	36.7513	665.8225	95.1623	728.2918	94.7889	738.3517	94.8767	746.2554	94.9426	
12/08/2017	02:15:58	019004	H421046245HLR	L421	S		704.2350	1.0233	19.0825	100.1699	39.9487	0.8230	0.8256	5.0000	19.9924	815.1071	94.8767	14.9314	25.9000	0.9300	0.9342	0.7274	-0.0013	815.0000	813.9767	1.0339	-4.8909	100.0082	39.9014	0.8230	0.8221	5.0000	-9999.0000	-9999.0000	-9999.0000	-9999.0000	-9999.0000	-9999.0000	21.7623	3	0	29.7232	1.0000	99	9	-9999.0000	2791	40452	-9999	150	150	-9999	576.7710	5	0.7063	0.7274	-0.0013	93.9504	1.2049	681.7242	369.5055	35.9385	660.8343	94.8987	724.0107	94.7230	735.1363	94.8548	743.7657	94.9866	
12/08/2017	02:16:26	019004	H421046192HLR	L421	S		700.3203	1.0233	17.8545	99.8311	40.0994	0.8230	0.8251	5.0000	20.3118	815.1545	94.9426	15.1716	26.0000	0.9300	0.9341	0.7286	-0.0014	815.0000	814.0301	1.0339	-4.8906	100.1122	39.9487	0.8230	0.8223	5.0000	-9999.0000	-9999.0000	-9999.0000	-9999.0000	-9999.0000	-9999.0000	23.9129	4	0	28.9231	1.0000	99	9	-9999.0000	2791	40453	-9999	151	151	-9999	576.6079	5	0.7065	0.7286	-0.0014	97.8653	0.9368	682.6548	378.5185	35.7847	662.7367	95.2282	723.2384	94.7889	733.6817	94.8767	741.9713	94.9646	
12/08/2017	02:16:55	019004	H421046225HLR	L421	S		701.6725	1.0233	18.2787	99.9978	39.8158	0.8230	0.8249	5.0000	20.1126	815.0741	94.8767	14.7116	26.0000	0.9300	0.9342	0.7286	-0.0014	815.0000	815.3388	1.0339	-4.8833	100.0597	39.9487	0.8230	0.8223	5.0000	-9999.0000	-9999.0000	-9999.0000	-9999.0000	-9999.0000	-9999.0000	24.6024	5	0	28.4036	1.0000	99	9	-9999.0000	2792	40454	-9999	152	152	-9999	577.0511	5	0.7066	0.7286	-0.0014	93.5282	1.1903	683.2752	366.7702	38.1572	662.7472	95.1403	724.6365	94.7889	735.4108	94.8987	743.5302	94.9646	
12/08/2017	02:17:24	019004	H421046158HLR	L421	S		701.0696	1.0233	18.0896	100.0638	39.8461	0.8230	0.8251	5.0000	21.0923	815.0956	94.8767	14.4216	26.0000	0.9300	0.9341	0.7287	-0.0014	815.0000	814.8766	1.0339	-4.8859	100.0340	39.9487	0.8230	0.8221	5.0000	-9999.0000	-9999.0000	-9999.0000	-9999.0000	-9999.0000	-9999.0000	25.0625	6	0	29.1430	1.0000	99	9	-9999.0000	2793	40455	-9999	153	153	-9999	577.4548	5	0.7068	0.7287	-0.0014	91.5824	1.2931	681.3124	366.7115	35.4332	659.9713	95.1623	723.7117	94.7669	735.3071	94.8767	743.7788	94.9426	
12/08/2017	02:17:53	019004	H421046226HLR	L421	S		700.4524	1.0233	17.8960	100.3119	40.0512	0.8230	0.8253	5.0000	20.2025	815.0853	94.9866	15.9920	25.9000	0.9300	0.9342	0.7289	-0.0014	815.0000	815.4323	1.0339	-4.8828	100.0435	39.9487	0.8230	0.8222	5.0000	-9999.0000	-9999.0000	-9999.0000	-9999.0000	-9999.0000	-9999.0000	25.6230	7	0	29.4339	1.0000	99	9	-9999.0000	2794	40456	-9999	154	154	-9999	575.6565	5	0.7068	0.7289	-0.0014	89.1662	1.4273	680.9750	373.8134	36.1142	660.5315	95.1843	720.8318	94.7889	730.7259	94.9207	738.4213	94.9646	
12/08/2017	02:18:23	019004	H421046246HLR	L421	S		703.4205	1.0233	18.8270	100.2168	39.9526	0.8230	0.8251	5.0000	19.7219	815.1247	94.8987	15.0124	26.0000	0.9300	0.9341	0.7273	-0.0013	815.0000	815.4189	1.0339	-4.8829	99.9586	39.9487	0.8230	0.8222	5.0000	-9999.0000	-9999.0000	-9999.0000	-9999.0000	-9999.0000	-9999.0000	26.1328	8	0	29.4028	1.0000	99	9	-9999.0000	2795	40457	-9999	155	155	-9999	576.9118	5	0.7073	0.7273	-0.0013	99.2644	0.7702	687.4186	370.9195	37.3224	667.6047	95.3380	723.9600	94.8108	735.1770	94.8767	743.6028	94.9646	
12/08/2017	02:18:52	019004	H421046228HLR	L421	S		706.3880	1.0233	19.7578	99.8015	39.8461	0.8230	0.8251	5.0000	19.9915	815.1257	94.8328	14.4323	26.0000	0.9300	0.9342	0.7272	-0.0013	815.0000	814.5311	1.0339	-4.8878	100.0736	39.9956	0.8230	0.8222	5.0000	-9999.0000	-9999.0000	-9999.0000	-9999.0000	-9999.0000	-9999.0000	21.9126	1	0	29.1732	1.0000	99	9	-9999.0000	2796	40458	-9999	156	156	-9999	577.5706	5	0.7074	0.7272	-0.0013	100.8467	0.6645	688.1354	373.0891	37.9595	667.5878	95.0305	727.1415	94.7449	738.0971	94.8987	746.2166	94.9866	
12/08/2017	02:19:23	019004	H421046215HLR	L421	S		708.9312	1.0233	20.5556	99.9348	39.9495	0.8230	0.8251	5.0000	20.8032	815.0876	94.8108	13.0909	26.0000	0.9300	0.9341	0.7272	-0.0013	815.0000	813.9799	1.0339	-4.8908	100.0803	39.9534	0.8230	0.8222	5.0000	-9999.0000	-9999.0000	-9999.0000	-9999.0000	-9999.0000	-9999.0000	23.8523	2	0	31.1842	1.0000	99	9	-9999.0000	2797	40459	-9999	157	157	-9999	578.9496	5	0.7075	0.7272	-0.0013	103.2060	0.5166	693.6803	384.1808	38.6405	673.7574	94.9866	731.9697	94.7230	743.1156	94.8987	751.8967	94.9866	
12/08/2017	02:19:53	019004	H421046236HLR	L421	S		702.4281	1.0233	18.5157	100.0757	40.0052	0.8230	0.8251	5.0000	20.0521	815.1015	95.0525	15.4021	26.0000	0.9300	0.9343	0.7283	-0.0014	815.0000	815.7395	1.0339	-4.8811	100.0539	40.0457	0.8230	0.8223	5.0000	-9999.0000	-9999.0000	-9999.0000	-9999.0000	-9999.0000	-9999.0000	20.9417	3	0	29.8628	1.0000	99	9	-9999.0000	2798	40460	-9999	158	158	-9999	576.5011	5	0.7073	0.7283	-0.0014	107.0156	0.2979	687.7695	366.8231	38.7283	667.7010	94.9207	724.7892	94.7230	735.9718	94.8987	744.7884	95.0085	
12/08/2017	02:20:24	019004	H421046227HLR	L421	S		699.9885	1.0233	17.7505	99.9364	39.8549	0.8230	0.8246	5.0000	21.9019	815.0801	94.8987	15.5418	26.0000	0.9300	0.9343	0.7281	-0.0014	815.0000	815.0941	1.0339	-4.8847	100.0496	39.9949	0.8230	0.8222	5.0000	-9999.0000	-9999.0000	-9999.0000	-9999.0000	-9999.0000	-9999.0000	23.7029	4	0	31.3434	1.0000	99	9	-9999.0000	2798	40461	-9999	159	159	-9999	576.3167	5	0.7072	0.7281	-0.0014	106.6181	0.3221	684.3970	371.9575	37.4762	665.1700	95.2502	720.5793	94.8108	731.0010	94.9207	739.3643	94.9866	
12/08/2017	02:20:54	019004	H421046213HLR	L421	S		712.1074	1.0233	21.5519	99.9341	39.9470	0.8230	0.8251	5.0000	20.4428	815.0751	94.9426	15.4920	26.1000	0.9300	0.9343	0.7287	-0.0014	815.0000	816.5793	1.0339	-4.8765	100.0231	40.0512	0.8230	0.8223	5.0000	-9999.0000	-9999.0000	-9999.0000	-9999.0000	-9999.0000	-9999.0000	21.6723	5	0	30.1334	1.0000	99	9	-9999.0000	2798	40462	-9999	160	160	-9999	576.4295	5	0.7074	0.7287	-0.0014	103.1359	0.5437	690.4517	368.3489	37.4323	670.7632	95.3820	728.0321	94.8328	737.5775	94.9207	744.0391	94.9646	
12/08/2017	02:21:24	019004	H421046231HLR	L421	S		701.3496	1.0233	18.1774	100.0016	40.0076	0.8230	0.8249	5.0000	21.0921	815.1123	94.8987	17.2021	26.0000	0.9300	0.9343	0.7302	-0.0015	815.0000	812.9535	1.0339	-4.8965	100.0259	40.0551	0.8230	0.8223	5.0000	-9999.0000	-9999.0000	-9999.0000	-9999.0000	-9999.0000	-9999.0000	21.3618	6	0	29.6038	1.0000	99	9	-9999.0000	2799	40463	-9999	161	161	-9999	574.4127	5	0.7076	0.7302	-0.0015	93.8461	1.1414	681.6215	370.3526	37.1467	661.5958	95.4479	715.7525	94.8767	722.9134	94.9426	729.5533	94.9646	
12/08/2017	02:21:53	019004	H421046180HLR	L421	S		701.8070	1.0233	18.3209	100.0900	39.9350	0.8230	0.8250	5.0000	19.8918	815.1217	94.8987	16.1014	26.1000	0.9300	0.9343	0.7302	-0.0015	815.0000	816.6530	1.0339	-4.8761	100.0900	40.0480	0.8230	0.8223	5.0000	-9999.0000	-9999.0000	-9999.0000	-9999.0000	-9999.0000	-9999.0000	22.2223	7	0	28.5432	1.0000	99	9	-9999.0000	2800	40464	-9999	162	162	-9999	575.6943	5	0.7076	0.7302	-0.0015	93.8461	1.1414	681.1119	371.9764	38.6185	660.8984	95.1403	718.6061	94.7449	729.5517	94.8987	739.2106	94.9646	
12/08/2017	02:22:23	019004	H421046210HLR	L421	S		699.7273	1.0233	17.6685	99.9461	39.9487	0.8230	0.8251	5.0000	20.0921	815.1379	94.8767	16.7412	26.1000	0.9300	0.9343	0.7317	-0.0016	815.0000	814.5660	1.0339	-4.8876	99.9977	40.0019	0.8230	0.8222	5.0000	-9999.0000	-9999.0000	-9999.0000	-9999.0000	-9999.0000	-9999.0000	24.5134	8	0	30.5728	1.0000	99	9	-9999.0000	2801	40465	-9999	162	162	-9999	574.7780	5	0.7077	0.7317	-0.0016	61.2781	3.3694	681.2887	368.3076	37.4762	661.5601	95.2062	717.8719	94.7669	728.0363	94.8767	736.4170	94.9866	
12/08/2017	02:22:53	019004	H421046239HLR	L421	S		701.2138	1.0233	18.1348	99.9713	39.9520	0.8230	0.8251	5.0000	19.9817	815.0703	94.8987	16.4618	26.0000	0.9300	0.9342	0.7318	-0.0016	815.0000	816.8217	1.0339	-4.8752	100.0000	40.0512	0.8230	0.8222	5.0000	-9999.0000	-9999.0000	-9999.0000	-9999.0000	-9999.0000	-9999.0000	24.0026	1	0	29.9439	1.0000	99	9	-9999.0000	2802	40466	-9999	163	163	-9999	575.0443	5	0.7077	0.7318	-0.0016	57.7034	3.6258	674.3424	364.4718	36.3119	653.9452	95.2502	714.2745	94.8108	723.7303	94.8987	732.2277	94.9426	
12/08/2017	02:23:23	019004	H421046222HLR	L421	S		699.8960	1.0233	17.7214	99.9716	39.9487	0.8230	0.8251	5.0000	19.8723	815.1064	94.9207	15.6717	26.0000	0.9300	0.9342	0.7336	-0.0017	815.0000	814.4995	1.0339	-4.8880	100.1259	40.0598	0.8230	0.8223	5.0000	-9999.0000	-9999.0000	-9999.0000	-9999.0000	-9999.0000	-9999.0000	21.3217	2	0	30.2133	1.0000	99	9	-9999.0000	2803	40467	-9999	164	163	-9999	576.0119	5	0.7079	0.7336	-0.0017	81.1413	2.0105	671.9473	369.4361	35.9605	650.7148	95.2721	714.1666	94.7889	725.0949	94.8987	733.9481	94.9646	
12/08/2017	02:23:52	019004	H421046214HLR	L421	S		696.1197	1.0233	16.5369	99.9589	39.9073	0.8230	0.8248	5.0000	21.3119	815.1122	94.8987	14.8513	26.1000	0.9300	0.9342	0.7355	-0.0019	815.0000	814.4508	1.0339	-4.8882	99.9787	40.0275	0.8230	0.8222	5.0000	-9999.0000	-9999.0000	-9999.0000	-9999.0000	-9999.0000	-9999.0000	26.1621	3	0	28.1732	1.0000	99	9	-9999.0000	2804	40468	-9999	165	164	-9999	577.0743	5	0.7077	0.7355	-0.0019	78.9990	2.1598	674.5408	366.6004	36.7513	653.7585	95.0964	715.9441	94.7449	727.8426	94.8548	737.3060	94.9646	
12/08/2017	02:24:21	019004	H421046224HLR	L421	S		703.0815	1.0233	18.7207	100.0667	39.9487	0.8230	0.8252	5.0000	19.9624	815.1297	94.9866	16.6923	26.0000	0.9300	0.9342	0.7337	-0.0017	815.0000	815.4770	1.0339	-4.8826	99.9975	40.0555	0.8230	0.8222	5.0000	-9999.0000	-9999.0000	-9999.0000	-9999.0000	-9999.0000	-9999.0000	21.5327	4	0	29.2533	1.0000	99	9	-9999.0000	2805	40469	-9999	166	165	-9999	574.6017	5	0.7075	0.7337	-0.0017	82.2646	1.9474	676.3184	374.1599	37.4982	657.0866	95.2502	714.2121	94.7669	726.0949	94.8767	733.3262	94.9646	
12/08/2017	02:24:50	019004	H421046234HLR	L421	S		700.4472	1.0233	17.8944	99.7878	39.9888	0.8230	0.8250	5.0000	20.0422	815.0964	94.8767	16.2518	26.0000	0.9300	0.9341	0.7363	-0.0019	815.0000	815.4238	1.0339	-4.8829	100.0348	40.0635	0.8230	0.8223	5.0000	-9999.0000	-9999.0000	-9999.0000	-9999.0000	-9999.0000	-9999.0000	21.5824	5	0	29.5334	1.0000	99	9	-9999.0000	2806	40470	-9999	167	166	-9999	574.9931	5	0.7072	0.7363	-0.0019	80.0350	2.1253	675.1933	370.5577	37.5641	655.6827	95.0744	712.1571	94.7010	723.4569	94.8987	731.4637	94.9866	
12/08/2017	02:25:19	019004	H421042823HLR	L421	S		689.2871	1.0233	14.3937	100.0927	39.9223	0.8230	0.8250	5.0000	20.0619	815.0935	94.8548	16.3124	26.0000	0.9300	0.9342	0.7348	-0.0018	815.0000	814.4812	1.0339	-4.8881	100.0471	40.0768	0.8230	0.8223	5.0000	-9999.0000	-9999.0000	-9999.0000	-9999.0000	-9999.0000	-9999.0000	21.2719	6	0	29.1029	1.0000	99	9	-9999.0000	2807	40471	-9999	168	167	-9999	575.0023	5	0.7071	0.7348	-0.0018	82.0054	2.0266	675.0595	379.5291	38.6185	656.2049	95.0964	711.6118	94.7449	723.1729	94.8767	732.1632	95.0085	
12/08/2017	02:25:48	019004	H421046293HLR	L421	S		705.0090	1.0233	19.3253	100.0310	39.9487	0.8230	0.8251	5.0000	20.2121	815.1138	94.8767	14.5114	26.0000	0.9300	0.9341	0.7353	-0.0018	815.0000	816.3738	1.0339	-4.8776	100.0160	40.0512	0.8230	0.8222	5.0000	-9999.0000	-9999.0000	-9999.0000	-9999.0000	-9999.0000	-9999.0000	25.5527	7	0	28.3940	1.0000	99	9	-9999.0000	2808	40472	-9999	169	168	-9999	577.6687	5	0.7071	0.7353	-0.0018	110.9010	0.2137	684.8273	376.1299	38.4867	664.6574	95.0525	722.0315	94.7449	732.5300	94.8987	741.4805	94.9646	
12/08/2017	02:26:18	019004	H421046265HLR	L421	S		702.2876	1.0233	18.4716	100.1471	39.9487	0.8230	0.8248	5.0000	21.4623	815.1465	94.9426	15.3514	26.0000	0.9300	0.9341	0.7361	-0.0019	815.0000	815.6404	1.0339	-4.8817	100.0330	40.0582	0.8230	0.8222	5.0000	-9999.0000	-9999.0000	-9999.0000	-9999.0000	-9999.0000	-9999.0000	22.7623	8	0	29.9125	1.0000	99	9	-9999.0000	2809	40473	-9999	170	169	-9999	576.4675	5	0.7069	0.7361	-0.0019	90.7701	1.4363	679.5199	373.7464	37.1028	659.6754	95.2282	717.2285	94.7889	727.0992	94.8987	734.9893	94.9866	
12/08/2017	02:26:47	019004	H421046275HLR	L421	S		707.7810	1.0233	20.1948	100.0778	39.9411	0.8230	0.8250	5.0000	20.0618	815.1226	94.8987	15.8817	26.0000	0.9300	0.9341	0.7366	-0.0019	815.0000	818.5337	1.0339	-4.8657	100.0828	40.0512	0.8230	0.8222	5.0000	-9999.0000	-9999.0000	-9999.0000	-9999.0000	-9999.0000	-9999.0000	24.0925	1	0	29.2239	1.0000	99	9	-9999.0000	2810	40474	-9999	171	170	-9999	575.5863	5	0.7067	0.7366	-0.0019	76.1932	2.3512	674.5933	366.3847	35.8946	653.8604	95.0964	717.8359	94.7230	729.9237	94.8767	738.1398	94.9426	
12/08/2017	02:27:18	019004	H421046254HLR	L421	S		-0.3873	1.0233	-0.0094	100.0597	39.5873	0.8230	0.8253	5.0000	19.9621	0.0000	0.0000	0.0000	0.0000	0.9300	0.0000	0.0000	0.0000	0.0000	0.0670	1.0339	0.0000	100.1166	39.1480	0.8230	0.8229	5.0000	-9999.0000	-9999.0000	-9999.0000	-9999.0000	-9999.0000	-9999.0000	21.1721	2	18	30.6031	1.0000	99	9	-9999.0000	2811	0	-9999	172	171	-9999	0.0000	0	0.0000	0.0000	0.0000	0.0000	0.0000	0.0000	0.0000	0.0000	0.0000	0.0000	0.0000	0.0000	0.0000	0.0000	0.0000	0.0000	
12/08/2017	02:27:46	019004	H421046295HLR	L421	S		706.9928	1.0233	19.9475	99.9295	39.9487	0.8230	0.8256	5.0000	20.1926	815.1462	94.8987	14.6921	26.1000	0.9300	0.9341	0.7333	-0.0017	815.0000	815.4485	1.0339	-4.8827	100.0071	40.3055	0.8230	0.8237	5.0000	-9999.0000	-9999.0000	-9999.0000	-9999.0000	-9999.0000	-9999.0000	21.9027	3	0	28.6633	1.0000	99	9	-9999.0000	2812	40475	-9999	173	172	-9999	577.3842	5	0.7067	0.7333	-0.0017	81.2020	2.0194	677.1808	343.4687	35.1037	656.3732	95.0744	720.7010	94.7669	732.4307	94.8767	741.3712	94.9426	
12/08/2017	02:28:16	019004	H421046266HLR	L421	S		703.2400	1.0233	18.7704	99.9303	40.1380	0.8230	0.8251	5.0000	19.9816	815.0999	94.9646	15.9315	26.0000	0.9300	0.9341	0.7313	-0.0016	815.0000	816.9852	1.0339	-4.8743	99.9601	40.5651	0.8230	0.8222	5.0000	-9999.0000	-9999.0000	-9999.0000	-9999.0000	-9999.0000	-9999.0000	25.3622	4	0	29.4732	1.0000	99	9	-9999.0000	2813	40476	-9999	174	173	-9999	575.6478	5	0.7065	0.7313	-0.0016	120.2308	-0.3796	679.9154	375.7529	37.5201	659.1036	95.0525	719.1201	94.7230	729.1256	94.9207	737.4762	94.9646	
12/08/2017	02:28:44	019004	H421046288HLR	L421	S		704.3735	1.0233	19.1259	100.1265	39.9165	0.8230	0.8247	5.0000	20.8421	815.0846	94.8767	15.4119	26.0000	0.9300	0.9342	0.7263	-0.0013	815.0000	814.4354	1.0339	-4.8883	100.0027	40.3589	0.8230	0.8219	5.0000	-9999.0000	-9999.0000	-9999.0000	-9999.0000	-9999.0000	-9999.0000	25.9434	5	0	28.7933	1.0000	99	9	-9999.0000	2814	40477	-9999	175	174	-9999	576.0813	5	0.7060	0.7263	-0.0013	118.5870	-0.2930	689.3052	373.7828	37.4762	669.8303	95.2941	723.3267	94.7669	733.1624	94.8767	740.2968	94.9646	
12/08/2017	02:29:14	019004	H421046292HLR	L421	S		701.8075	1.0233	18.3210	100.1083	39.9069	0.8230	0.8252	5.0000	20.0716	815.1144	94.8767	16.6318	26.0000	0.9300	0.9342	0.7263	-0.0013	815.0000	814.5668	1.0339	-4.8876	100.0754	40.2914	0.8230	0.8220	5.0000	-9999.0000	-9999.0000	-9999.0000	-9999.0000	-9999.0000	-9999.0000	21.5621	6	0	29.1136	1.0000	99	9	-9999.0000	2815	40478	-9999	176	175	-9999	574.8241	5	0.7060	0.7263	-0.0013	118.5870	-0.2930	680.0374	366.9005	37.5641	660.2361	95.2062	716.2963	94.7669	726.7747	94.8987	734.5550	94.9646	
12/08/2017	02:29:43	019004	H421046271HLR	L421	S		-0.3366	1.0233	-0.0081	99.9690	39.6109	0.8230	0.8255	5.0000	20.0618	0.0000	0.0000	0.0000	0.0000	0.9300	0.0000	0.0000	0.0000	0.0000	0.0827	1.0339	0.0000	100.0682	39.3658	0.8230	0.8228	5.0000	-9999.0000	-9999.0000	-9999.0000	-9999.0000	-9999.0000	-9999.0000	20.3023	7	18	28.9534	1.0000	99	9	-9999.0000	2816	0	-9999	177	176	-9999	0.0000	0	0.0000	0.0000	0.0000	0.0000	0.0000	0.0000	0.0000	0.0000	0.0000	0.0000	0.0000	0.0000	0.0000	0.0000	0.0000	0.0000	
12/08/2017	02:30:14	019004	H421046260HLR	L421	S		703.5038	1.0233	18.8531	100.1798	40.0371	0.8230	0.8256	5.0000	20.0326	815.1290	94.8987	14.9617	26.0000	0.9300	0.9342	0.7270	-0.0013	815.0000	815.0574	1.0339	-4.8849	100.0453	40.3501	0.8230	0.8232	5.0000	-9999.0000	-9999.0000	-9999.0000	-9999.0000	-9999.0000	-9999.0000	23.9626	8	0	31.0836	1.0000	99	9	-9999.0000	2817	40479	-9999	177	177	-9999	576.5006	5	0.7059	0.7270	-0.0013	94.0434	1.2072	686.8161	366.4394	38.7064	667.4178	95.1184	723.3724	94.7889	734.0752	94.8987	743.0056	94.9207	
