Data	Timp	Nr. masina	Nr. de serie	Tip	Productie	Comentariu	Pre-masurare Q [ml/min]	Pre-masurare Gain	Pre-masurare Offset Master	Pre-masurare P [bar]	Pre-masurare T [°C]	Pre-masurare Densitate fixa [kg/l]	Pre-masurare densitate masurata [kg/l]	Pre-masurare Timp masurare [s]	Pre-masurare Cycle time [s]	rectificare Q Oprire [ml/min]	rectificare P Oprire [bar]	rectificare Timp rectificare [s]	rectificare T [°C]	rectificare Densitate fixa [kg/l]	rectificare densitate masurata [kg/l]	rectificare Factor de masurare la rectificare	rectificare Factor de corectie a debitului	rectificare Target rectificare	Masurare Q [ml/min]	Masurare Gain	Masurare Offset Master	Masurare P [bar]	Masurare T [°C]	Masurare Densitate fixa [kg/l]	Masurare densitate masurata [kg/l]	Masurare Timp masurare [s]	Masurare Q [ml/min]	Masurare Delta Q [ml/min]	Masurare P [bar]	Masurare BP [bar]	Masurare T [°C]	Masurare Timp masurare [s]	Masurare Cycle time [s]	Nest Nr.	Cod de descarcare	Cycle time [s]	Traceability aktiv	EDM Maschine Nr	EDM Spindle Nr	Honing Rate [r	Station Counter Premeasure	Station Counter Grind	Station Counter Blowout 1	Station Counter Wash	Station Counter Measure	Station Counter Blowout 2	RealGrindQStop	Reg Type	Factor 0	Factor 1	Factor 2	Factor 3	Factor 4	G_StartQV	G_StartQV_1	G_StartQV_2	G_StartQV_3	G_StartQV_4	G_StartQV_5	
15/08/2017	00:02:31	019004	H375051591HLR	L375	S		744.0993	1.0233	18.1014	100.0168	39.9358	0.8230	0.8252	5.0000	21.9018	860.1214	94.7230	18.0518	25.7000	0.9300	0.9334	0.7288	-0.0018	860.0000	860.9407	1.0339	-4.6317	100.0530	40.1538	0.8230	0.8227	5.0000	-9999.0000	-9999.0000	-9999.0000	-9999.0000	-9999.0000	-9999.0000	21.7826	2	0	2058.3318	1.0000	07	2	-9999.0000	8025	45646	-9999	2385	5210	-9999	599.4631	5	0.6994	0.7288	-0.0018	98.6382	0.9744	761.1032	295.6335	33.6978	685.9203	95.7994	759.6619	95.1403	768.8112	95.0085	776.1966	94.9646	
15/08/2017	00:02:59	019004	H375051570HLR	L375	S		746.1587	1.0233	17.4249	100.0658	39.9487	0.8230	0.8257	5.0000	20.0617	860.1118	94.7010	16.7822	25.7000	0.9300	0.9334	0.7246	-0.0015	860.0000	861.7467	1.0339	-4.6272	100.0538	40.1538	0.8230	0.8227	5.0000	-9999.0000	-9999.0000	-9999.0000	-9999.0000	-9999.0000	-9999.0000	23.0231	3	0	28.1440	1.0000	07	2	-9999.0000	8026	45647	-9999	2386	5211	-9999	601.0968	5	0.6994	0.7246	-0.0015	101.8913	0.7856	768.0425	298.6350	33.8736	692.5035	95.7115	766.5510	95.1403	775.7618	95.0085	782.5151	94.9646	
15/08/2017	00:03:28	019004	H375051582HLR	L375	S		742.9613	1.0233	18.4753	100.0462	39.9857	0.8230	0.8257	5.0000	19.9523	860.0844	94.5472	17.3428	25.7000	0.9300	0.9334	0.7280	-0.0017	860.0000	857.8023	1.0339	-4.6490	100.0047	39.5384	0.8230	0.8234	5.0000	-9999.0000	-9999.0000	-9999.0000	-9999.0000	-9999.0000	-9999.0000	21.7319	4	0	28.8625	1.0000	07	2	-9999.0000	8027	45648	-9999	2386	5212	-9999	600.1383	5	0.6992	0.7280	-0.0017	96.9079	1.1109	758.4610	306.6876	35.4113	685.1622	95.7774	757.2968	95.1843	766.2180	95.0085	773.6111	94.9646	
15/08/2017	00:03:54	019004	H375051601HLR	L375	S		746.7321	1.0233	17.2365	99.9254	39.9470	0.8230	0.8255	5.0000	20.1314	860.1118	94.5253	15.3220	25.7000	0.9300	0.9334	0.7303	-0.0019	860.0000	862.0736	1.0339	-4.6254	100.0016	39.9904	0.8230	0.8232	5.0000	-9999.0000	-9999.0000	-9999.0000	-9999.0000	-9999.0000	-9999.0000	22.7330	5	0	25.3631	1.0000	07	2	-9999.0000	8027	45649	-9999	2387	5213	-9999	603.2922	5	0.6994	0.7303	-0.0019	87.7919	1.6756	764.8424	304.3749	34.0273	689.8457	95.6017	763.5747	95.0964	772.5698	94.9646	782.0255	94.9426	
15/08/2017	00:04:19	019004	H375051592HLR	L375	S		747.7737	1.0233	16.8943	100.1420	39.9487	0.8230	0.8257	5.0000	20.0022	860.0697	94.5033	15.8719	25.7000	0.9300	0.9334	0.7298	-0.0019	860.0000	860.1111	1.0339	-4.6363	100.0037	39.6097	0.8230	0.8221	5.0000	-9999.0000	-9999.0000	-9999.0000	-9999.0000	-9999.0000	-9999.0000	21.8725	6	0	25.3232	1.0000	07	2	-9999.0000	8028	45650	-9999	2388	5213	-9999	602.4941	5	0.6994	0.7298	-0.0019	93.5282	1.3015	765.7889	303.4356	33.0827	691.3226	95.7774	764.6178	95.0964	773.9098	94.9646	782.4706	94.9646	
15/08/2017	00:04:46	019004	H375051747HLR	L375	S		744.1644	1.0233	18.0800	100.0422	39.9487	0.8230	0.8252	5.0000	22.1032	860.0640	94.9866	16.2215	25.6000	0.9300	0.9337	0.7310	-0.0019	860.0000	859.6048	1.0339	-4.6390	100.0231	39.4506	0.8230	0.8227	5.0000	-9999.0000	-9999.0000	-9999.0000	-9999.0000	-9999.0000	-9999.0000	21.6929	7	0	26.9522	1.0000	07	2	-9999.0000	8029	45651	-9999	2389	5214	-9999	601.9299	5	0.6994	0.7310	-0.0019	92.6225	1.3506	773.2680	278.7047	32.4896	680.1392	96.7220	763.0993	96.1948	774.1990	95.5577	778.8662	95.0964	
15/08/2017	00:05:15	019004	H375051602HLR	L375	S		745.5083	1.0233	17.6385	100.0259	39.6238	0.8230	0.8256	5.0000	21.0023	860.0755	94.9646	17.2324	25.5000	0.9300	0.9334	0.7319	-0.0020	860.0000	858.6044	1.0339	-4.6446	99.9884	39.9487	0.8230	0.8233	5.0000	-9999.0000	-9999.0000	-9999.0000	-9999.0000	-9999.0000	-9999.0000	23.2428	8	0	29.0336	1.0000	07	2	-9999.0000	8030	45652	-9999	2390	5215	-9999	600.4479	5	0.6993	0.7319	-0.0020	90.4552	1.4668	755.4688	295.8150	35.1696	674.1671	95.2941	754.2838	94.6571	763.6473	94.7669	771.1030	94.8987	
15/08/2017	00:05:42	019004	H375051554HLR	L375	S		764.7479	1.0233	11.3180	100.0207	39.6410	0.8230	0.8260	5.0000	20.1223	860.1434	95.1184	9.1211	25.5000	0.9300	0.9333	0.7255	-0.0016	860.0000	869.2456	1.0339	-4.5858	99.9800	39.6783	0.8230	0.8222	5.0000	-9999.0000	-9999.0000	-9999.0000	-9999.0000	-9999.0000	-9999.0000	25.7226	1	2	27.0431	1.0000	07	4	-9999.0000	8030	45653	-9999	2391	5215	-9999	611.6299	5	0.6994	0.7255	-0.0016	91.8452	1.4026	802.2160	283.2686	32.4237	713.3825	94.2836	800.8075	93.5367	812.3472	94.5472	824.7574	94.8767	
15/08/2017	00:06:12	019004	H375051560HLR	L375	S		752.4419	1.0233	15.3608	100.0444	39.9448	0.8230	0.8261	5.0000	19.9925	860.0982	94.9207	13.7222	25.6000	0.9300	0.9334	0.7212	-0.0013	860.0000	865.5095	1.0339	-4.6065	99.9924	39.5384	0.8230	0.8227	5.0000	-9999.0000	-9999.0000	-9999.0000	-9999.0000	-9999.0000	-9999.0000	23.3921	2	0	30.2837	1.0000	07	4	-9999.0000	8031	45654	-9999	2392	5216	-9999	604.5795	5	0.6992	0.7212	-0.0013	96.1728	1.1365	782.0802	288.5538	33.9175	695.3151	94.6351	780.8090	93.8662	791.8504	94.5912	801.1105	94.9426	
15/08/2017	00:06:40	019004	H375051504HLR	L375	S		752.2597	1.0233	15.4206	100.0027	39.6999	0.8230	0.8251	5.0000	21.3930	860.1265	94.7669	13.0610	25.6000	0.9300	0.9334	0.7215	-0.0014	860.0000	862.1297	1.0339	-4.6251	99.9606	39.9487	0.8230	0.8231	5.0000	-9999.0000	-9999.0000	-9999.0000	-9999.0000	-9999.0000	-9999.0000	26.8838	3	0	27.9328	1.0000	07	4	-9999.0000	8032	45655	-9999	2393	5217	-9999	605.4717	5	0.6992	0.7215	-0.0014	97.4816	1.0666	782.4664	302.9973	33.3683	698.9213	95.0085	781.0601	94.2177	791.2914	94.7230	800.2761	94.8987	
15/08/2017	00:07:07	019004	H375051541HLR	L375	S		754.5819	1.0233	14.6577	100.0488	39.6410	0.8230	0.8257	5.0000	20.2121	860.0971	94.8548	13.4214	25.6000	0.9300	0.9335	0.7185	-0.0012	860.0000	863.8551	1.0339	-4.6156	100.1191	39.8148	0.8230	0.8223	5.0000	-9999.0000	-9999.0000	-9999.0000	-9999.0000	-9999.0000	-9999.0000	21.7026	4	0	26.8333	1.0000	07	4	-9999.0000	8033	45656	-9999	2394	5218	-9999	604.5639	5	0.6991	0.7185	-0.0012	99.6624	0.9258	784.7215	315.6970	34.8401	708.0752	94.9646	783.2714	94.3715	793.2729	94.7889	802.0652	94.9646	
15/08/2017	00:07:34	019004	H375051559HLR	L375	S		751.7564	1.0233	15.5859	100.0243	39.9161	0.8230	0.8261	5.0000	20.1115	860.1076	94.6790	11.3509	25.6000	0.9300	0.9334	0.7098	-0.0006	860.0000	858.7284	1.0339	-4.6439	100.0237	39.6430	0.8230	0.8227	5.0000	-9999.0000	-9999.0000	-9999.0000	-9999.0000	-9999.0000	-9999.0000	21.3323	5	0	27.4130	1.0000	07	4	-9999.0000	8034	45657	-9999	2395	5219	-9999	604.4271	5	0.6995	0.7098	-0.0006	93.2219	1.3005	797.3784	313.7859	33.5441	716.4236	95.1184	795.7339	94.4154	806.2819	94.7889	814.7667	94.9646	
15/08/2017	00:08:04	019004	H375051545HLR	L375	S		751.0643	1.0233	15.8133	99.9820	39.9026	0.8230	0.8256	5.0000	20.0315	860.0646	94.9646	13.2017	25.6000	0.9300	0.9335	0.7088	-0.0006	860.0000	860.7423	1.0339	-4.6328	100.0574	39.9487	0.8230	0.8231	5.0000	-9999.0000	-9999.0000	-9999.0000	-9999.0000	-9999.0000	-9999.0000	23.7926	6	0	29.5933	1.0000	07	4	-9999.0000	8035	45658	-9999	2396	5220	-9999	603.0377	5	0.6993	0.7088	-0.0006	94.7327	1.2161	790.7079	300.6421	33.1047	700.9119	95.1843	789.3364	94.4813	799.2911	94.7669	807.4921	94.9646	
15/08/2017	00:08:32	019004	H375051513HLR	L375	S		740.9085	1.0233	19.1497	100.0515	39.6410	0.8230	0.8256	5.0000	20.2426	860.1083	95.0525	15.8719	25.6000	0.9300	0.9335	0.7098	-0.0007	860.0000	859.6004	1.0339	-4.6391	100.0311	39.8281	0.8230	0.8224	5.0000	-9999.0000	-9999.0000	-9999.0000	-9999.0000	-9999.0000	-9999.0000	25.6131	7	0	27.7229	1.0000	07	4	-9999.0000	8036	45659	-9999	2397	5221	-9999	601.7156	5	0.6995	0.7098	-0.0007	93.8534	1.2714	777.0551	301.8291	32.7093	689.9673	95.1623	775.8937	94.6790	784.9348	94.8108	792.4159	94.9866	
15/08/2017	00:08:58	019004	H375051515HLR	L375	S		745.5228	1.0233	17.6338	100.0032	39.8461	0.8230	0.8259	5.0000	21.0921	860.1028	94.7230	15.2420	25.6000	0.9300	0.9335	0.7092	-0.0006	860.0000	861.8323	1.0339	-4.6268	99.9821	39.7435	0.8230	0.8227	5.0000	-9999.0000	-9999.0000	-9999.0000	-9999.0000	-9999.0000	-9999.0000	24.1325	8	0	26.0830	1.0000	07	4	-9999.0000	8037	45660	-9999	2398	5222	-9999	601.9495	5	0.6996	0.7092	-0.0006	93.2663	1.2949	782.4529	297.0077	33.8516	694.3542	95.6017	781.1187	94.7669	790.9314	94.8548	798.5726	94.9426	
15/08/2017	00:09:23	019004	H375051597HLR	L375	S		746.1881	1.0233	17.4152	100.0089	39.9487	0.8230	0.8258	5.0000	19.9525	860.0582	94.7010	15.4119	25.6000	0.9300	0.9336	0.7107	-0.0007	860.0000	858.2403	1.0339	-4.6466	100.0399	39.9591	0.8230	0.8230	5.0000	-9999.0000	-9999.0000	-9999.0000	-9999.0000	-9999.0000	-9999.0000	21.3521	1	0	25.5536	1.0000	07	4	-9999.0000	8038	45661	-9999	2399	5223	-9999	601.8483	5	0.6999	0.7107	-0.0007	92.5341	1.3374	781.3801	308.8867	33.2365	700.2706	95.6456	779.9454	94.9426	788.3676	94.8987	794.1861	94.9426	
15/08/2017	00:09:51	019004	H375051598HLR	L375	S		747.1394	1.0233	17.1027	100.0218	39.7524	0.8230	0.8255	5.0000	20.2719	860.0629	94.9426	17.9620	25.5000	0.9300	0.9335	0.7105	-0.0007	860.0000	860.9177	1.0339	-4.6318	100.0142	39.9219	0.8230	0.8227	5.0000	-9999.0000	-9999.0000	-9999.0000	-9999.0000	-9999.0000	-9999.0000	20.5715	2	0	27.6830	1.0000	07	4	-9999.0000	8039	45662	-9999	2400	5223	-9999	600.2944	5	0.6999	0.7105	-0.0007	92.1174	1.3552	774.6737	311.9615	33.8955	695.2657	95.6895	773.7334	94.9646	781.7821	94.8987	787.8609	94.9426	
15/08/2017	00:10:19	019004	H375051555HLR	L375	S		747.7529	1.0233	16.9011	100.0351	39.7435	0.8230	0.8259	5.0000	19.9524	860.0552	94.7010	14.9714	25.6000	0.9300	0.9335	0.7094	-0.0006	860.0000	861.4743	1.0339	-4.6287	100.0408	39.7632	0.8230	0.8226	5.0000	-9999.0000	-9999.0000	-9999.0000	-9999.0000	-9999.0000	-9999.0000	22.8727	3	0	28.1528	1.0000	07	4	-9999.0000	8040	45663	-9999	2401	5224	-9999	602.3731	5	0.7002	0.7094	-0.0006	92.5879	1.3196	783.1859	304.9781	32.4457	698.0002	95.3820	781.7034	94.7669	792.3446	94.8767	799.5765	94.9646	
15/08/2017	00:10:44	019004	H375051700HLR	L375	S		749.4635	1.0233	16.3392	99.9885	39.9567	0.8230	0.8259	5.0000	20.0823	860.0533	94.7010	14.4215	25.6000	0.9300	0.9334	0.7100	-0.0007	860.0000	859.3083	1.0339	-4.6407	99.9314	39.9487	0.8230	0.8229	5.0000	-9999.0000	-9999.0000	-9999.0000	-9999.0000	-9999.0000	-9999.0000	21.5024	4	0	24.7230	1.0000	07	4	-9999.0000	8041	45664	-9999	2402	5225	-9999	602.3782	5	0.7000	0.7100	-0.0007	91.9773	1.3924	785.2584	298.4972	31.8526	699.2194	95.5358	783.8820	94.8328	792.7922	94.8548	801.6390	94.9426	
15/08/2017	00:11:09	019004	H375051708HLR	L375	S		752.6939	1.0233	15.2779	100.1289	39.8439	0.8230	0.8255	5.0000	19.9817	860.0571	94.6571	13.6509	25.6000	0.9300	0.9334	0.7088	-0.0006	860.0000	859.5756	1.0339	-4.6392	100.0444	39.9124	0.8230	0.8226	5.0000	-9999.0000	-9999.0000	-9999.0000	-9999.0000	-9999.0000	-9999.0000	21.3918	5	0	25.6025	1.0000	07	4	-9999.0000	8042	45665	-9999	2403	5226	-9999	602.9818	5	0.7003	0.7088	-0.0006	92.0064	1.3828	790.5503	312.6114	32.4677	708.0849	95.2941	789.0618	94.7449	798.7723	94.8328	806.2160	94.9646	
15/08/2017	00:11:37	019004	H375051604HLR	L375	S		744.6193	1.0233	17.9306	99.9978	39.7321	0.8230	0.8257	5.0000	20.1516	860.0652	94.8328	15.9920	25.6000	0.9300	0.9334	0.7090	-0.0006	860.0000	861.2855	1.0339	-4.6298	100.0702	39.8461	0.8230	0.8226	5.0000	-9999.0000	-9999.0000	-9999.0000	-9999.0000	-9999.0000	-9999.0000	22.0825	6	0	27.4437	1.0000	07	4	-9999.0000	8043	45666	-9999	2403	5227	-9999	601.8425	5	0.7003	0.7090	-0.0006	94.5747	1.1403	781.2713	306.4429	33.0827	698.7778	95.4259	779.9033	94.8548	788.3719	94.8548	795.1296	94.9646	
15/08/2017	00:27:18	019004	H375051690HLR	L375	S		0.0000	0.0000	0.0000	0.0000	0.0000	0.8230	0.0000	0.0000	0.0000	0.0000	0.0000	0.0000	0.0000	0.9300	0.0000	0.0000	0.0000	0.0000	0.0000	0.0000	0.0000	0.0000	0.0000	0.8230	0.0000	0.0000	0.0000	0.0000	0.0000	0.0000	0.0000	0.0000	0.0000	0	42	27.4437	1.0000	07	4	0.0000	0	0	0	0	0	0	0.0000	0	0.0000	0.0000	0.0000	0.0000	0.0000	0.0000	0.0000	0.0000	0.0000	0.0000	0.0000	0.0000	0.0000	0.0000	0.0000	0.0000	
15/08/2017	00:29:00	019004	H375051599HLR	L375	Q		742.2209	1.0233	18.7185	99.9337	39.9335	0.8230	0.8258	5.0000	20.8725	860.0658	94.6351	16.1424	25.6000	0.9300	0.9334	0.7094	-0.0006	860.0000	861.3096	1.0339	-4.6296	100.0430	39.9487	0.8230	0.8229	5.0000	-9999.0000	-9999.0000	-9999.0000	-9999.0000	-9999.0000	-9999.0000	21.2925	7	0	1041.5170	1.0000	07	4	-9999.0000	8044	45667	-9999	2404	5228	-9999	601.5633	5	0.7003	0.7094	-0.0006	93.2559	1.3024	778.3422	290.0589	32.9509	695.2455	95.5577	777.1915	94.9426	786.4180	94.8987	793.7852	94.9646	
15/08/2017	00:29:19	019004	error reading	L375	S		0.0000	0.0000	0.0000	0.0000	0.0000	0.8230	0.0000	0.0000	0.0000	0.0000	0.0000	0.0000	0.0000	0.9300	0.0000	0.0000	0.0000	0.0000	0.0000	0.0000	0.0000	0.0000	0.0000	0.8230	0.0000	0.0000	0.0000	0.0000	0.0000	0.0000	0.0000	0.0000	0.0000	0	28	1041.5170	1.0000	07	4	0.0000	0	0	0	0	0	0	0.0000	0	0.0000	0.0000	0.0000	0.0000	0.0000	0.0000	0.0000	0.0000	0.0000	0.0000	0.0000	0.0000	0.0000	0.0000	0.0000	0.0000	
15/08/2017	01:03:00	019004	H375051791HLR	L375	S		744.2373	1.0233	18.0561	100.0510	39.8690	0.8230	0.8260	5.0000	19.9025	860.0585	94.7010	15.7713	25.7000	0.9300	0.9337	0.7104	-0.0007	860.0000	861.4964	1.0339	-4.6286	99.9490	39.7560	0.8230	0.8229	5.0000	-9999.0000	-9999.0000	-9999.0000	-9999.0000	-9999.0000	-9999.0000	25.7030	2	0	28.7336	1.0000	07	4	-9999.0000	8046	45668	-9999	2407	5229	-9999	601.5602	5	0.7003	0.7104	-0.0007	92.0483	1.3596	782.4549	271.5496	31.8965	696.0323	95.4698	781.1281	95.1184	790.1096	94.9866	796.6953	94.9646	
15/08/2017	01:03:25	019004	H375051771HLR	L375	S		742.7312	1.0233	18.5509	99.9291	40.0078	0.8230	0.8258	5.0000	20.1223	0.0000	0.0000	0.0000	0.0000	0.9300	0.0000	0.0000	0.0000	860.0000	756.7312	1.0339	-3.2546	100.0200	39.5038	0.8230	0.8231	5.0000	-9999.0000	-9999.0000	-9999.0000	-9999.0000	-9999.0000	-9999.0000	20.1819	3	1	25.3222	1.0000	07	4	-9999.0000	8047	0	-9999	2408	5230	-9999	0.0000	0	0.0000	0.0000	0.0000	0.0000	0.0000	0.0000	0.0000	0.0000	0.0000	0.0000	0.0000	0.0000	0.0000	0.0000	0.0000	0.0000	
15/08/2017	01:03:49	019004	H375051774HLR	L375	S		745.2941	1.0233	17.7089	100.1571	39.8995	0.8230	0.8255	5.0000	20.3128	860.0829	94.8767	13.5318	25.7000	0.9300	0.9325	0.7113	-0.0008	860.0000	863.5159	1.0339	-4.6175	99.9699	39.8461	0.8230	0.8233	5.0000	-9999.0000	-9999.0000	-9999.0000	-9999.0000	-9999.0000	-9999.0000	21.7523	4	0	24.9229	1.0000	07	4	-9999.0000	0	45669	-9999	2409	5230	-9999	602.9016	5	0.7003	0.7113	-0.0008	87.5558	1.7216	791.2499	359.4272	32.5995	697.4922	94.8767	789.6228	94.7230	799.8669	94.7669	806.2002	94.9426	
15/08/2017	01:04:18	019004	H375051778HLR	L375	S		765.9464	1.0233	10.9243	100.0284	39.7157	0.8230	0.8259	5.0000	20.1019	860.1398	95.0744	8.9805	25.4000	0.9300	0.9320	0.7113	-0.0008	860.0000	862.0380	1.0339	-4.6256	99.9983	39.7564	0.8230	0.8226	5.0000	-9999.0000	-9999.0000	-9999.0000	-9999.0000	-9999.0000	-9999.0000	21.4526	5	0	28.5734	1.0000	07	4	-9999.0000	8048	45670	-9999	2410	5231	-9999	605.9887	5	0.7003	0.7113	-0.0008	87.5558	1.7216	811.9454	296.5335	33.8955	722.8454	95.2282	810.5946	94.4374	820.1887	94.7889	828.8176	94.9207	
15/08/2017	01:04:44	019004	H375051769HLR	L375	S		754.7466	1.0233	14.6036	99.9719	39.6674	0.8230	0.8256	5.0000	21.6225	860.1359	95.0964	9.6114	25.7000	0.9300	0.9327	0.7130	-0.0009	860.0000	865.9085	1.0339	-4.6043	100.0397	39.4666	0.8230	0.8227	5.0000	-9999.0000	-9999.0000	-9999.0000	-9999.0000	-9999.0000	-9999.0000	25.1023	6	0	25.5127	1.0000	07	4	-9999.0000	8049	45671	-9999	2411	5232	-9999	606.0514	5	0.7000	0.7130	-0.0009	79.1943	2.3208	810.9407	298.5477	32.6214	721.8369	95.6017	809.4391	94.7449	819.7945	94.8548	827.8358	94.9207	
15/08/2017	01:05:27	019004	H375051735HLR	L375	S		782.2977	1.0233	5.5527	100.0122	39.6410	0.8230	0.8260	5.0000	19.9925	860.1277	94.9646	5.1305	25.5000	0.9300	0.9325	0.7130	-0.0009	860.0000	864.6529	1.0339	-4.6112	100.0045	39.8461	0.8230	0.8232	5.0000	-9999.0000	-9999.0000	-9999.0000	-9999.0000	-9999.0000	-9999.0000	22.2026	7	0	43.2949	1.0000	07	4	-9999.0000	8050	45672	-9999	2412	5233	-9999	609.4945	5	0.7000	0.7130	-0.0009	79.1943	2.3208	840.3702	300.1521	33.3244	748.0211	94.9426	838.8453	94.2616	849.7801	94.7230	859.2122	94.9207	
15/08/2017	01:05:50	019004	H375051786HLR	L375	S		752.4321	1.0233	15.3640	100.1308	39.8400	0.8230	0.8262	5.0000	20.0216	860.1019	94.9866	13.2115	25.7000	0.9300	0.9333	0.7128	-0.0009	860.0000	860.6867	1.0339	-4.6331	100.0355	39.7552	0.8230	0.8226	5.0000	-9999.0000	-9999.0000	-9999.0000	-9999.0000	-9999.0000	-9999.0000	25.8037	8	0	23.8230	1.0000	07	4	-9999.0000	8051	45673	-9999	2413	5234	-9999	603.2241	5	0.6999	0.7128	-0.0009	83.7931	2.0055	791.8751	300.6599	34.8841	706.6118	95.4259	790.8837	94.1079	798.0840	94.6571	805.8569	94.9426	
15/08/2017	01:06:08	019004	H375051783HLR	L375	S		637.6678	1.0233	0.0000	100.0133	39.7270	0.8230	0.8263	5.0000	20.1926	0.0000	0.0000	0.0000	0.0000	0.9300	0.0000	0.0000	0.0000	0.0000	657.4757	1.0339	-0.1298	100.1444	39.7016	0.8230	0.8236	5.0000	-9999.0000	-9999.0000	-9999.0000	-9999.0000	-9999.0000	-9999.0000	20.5618	1	7	18.3017	1.0000	07	4	-9999.0000	8052	0	-9999	2414	5235	-9999	0.0000	0	0.0000	0.0000	0.0000	0.0000	0.0000	0.0000	0.0000	0.0000	0.0000	0.0000	0.0000	0.0000	0.0000	0.0000	0.0000	0.0000	
15/08/2017	01:22:20	019004	H375051736HLR	L375	Q		774.2657	1.0233	8.1913	99.9688	39.6289	0.8230	0.8257	5.0000	21.1322	860.0621	94.8328	7.2615	25.6000	0.9300	0.9337	0.7075	-0.0005	860.0000	860.8284	1.0339	-4.6323	100.0731	39.1703	0.8230	0.8222	5.0000	-9999.0000	-9999.0000	-9999.0000	-9999.0000	-9999.0000	-9999.0000	21.1926	8	0	27.4328	1.0000	07	4	-9999.0000	8053	45674	-9999	2415	5236	-9999	605.2334	5	0.7000	0.7075	-0.0005	66.3601	3.1716	825.3203	231.5660	28.5355	726.0821	93.9541	823.6201	94.1738	834.5779	94.7449	843.6725	94.9866	
15/08/2017	01:22:48	019004	H375051721HLR	L375	Q		780.5144	1.0233	6.1385	100.0704	39.7435	0.8230	0.8258	5.0000	20.9028	860.1005	94.6131	5.1412	25.4000	0.9300	0.9334	0.7075	-0.0005	860.0000	862.2301	1.0339	-4.6246	99.9772	39.6748	0.8230	0.8240	5.0000	-9999.0000	-9999.0000	-9999.0000	-9999.0000	-9999.0000	-9999.0000	24.1725	1	0	27.4130	1.0000	07	4	-9999.0000	8054	45675	-9999	2416	5237	-9999	606.2688	5	0.7000	0.7075	-0.0005	66.3601	3.1716	842.0212	288.6133	31.6988	741.1827	95.0085	840.6302	94.3715	850.8695	94.6571	859.1599	94.5472	
15/08/2017	01:23:17	019004	H375051722HLR	L375	S		775.0783	1.0233	7.9243	100.0026	39.9145	0.8230	0.8260	5.0000	20.0530	860.1669	95.3600	6.8406	25.5000	0.9300	0.9335	0.7075	-0.0005	860.0000	858.6879	1.0339	-4.6441	99.9835	40.1511	0.8230	0.8229	5.0000	-9999.0000	-9999.0000	-9999.0000	-9999.0000	-9999.0000	-9999.0000	23.9021	2	0	29.1735	1.0000	07	4	-9999.0000	8055	45676	-9999	2417	5238	-9999	605.5534	5	0.7000	0.7075	-0.0005	66.3601	3.1716	827.2394	287.9436	32.7532	731.9465	94.9426	826.0581	93.9321	835.6581	94.6351	844.7806	94.7010	
15/08/2017	01:23:45	019004	H375051693HLR	L375	S		778.7788	1.0233	6.7087	100.1364	39.7990	0.8230	0.8256	5.0000	19.8904	860.1074	94.7010	5.7213	25.4000	0.9300	0.9333	0.7075	-0.0005	860.0000	864.8520	1.0339	-4.6101	99.9721	39.4746	0.8230	0.8221	5.0000	-9999.0000	-9999.0000	-9999.0000	-9999.0000	-9999.0000	-9999.0000	25.9033	3	0	28.3729	1.0000	07	4	-9999.0000	8056	45677	-9999	2418	5239	-9999	606.0330	5	0.7000	0.7075	-0.0005	66.3601	3.1716	839.7110	295.6106	32.7313	742.4426	95.1843	838.3315	94.7449	847.0076	94.6131	854.9133	94.5692	
15/08/2017	01:24:11	019004	H375051719HLR	L375	S		774.9599	1.0233	7.9632	100.0382	39.6410	0.8230	0.8257	5.0000	20.1126	860.0987	95.1623	6.6111	25.4000	0.9300	0.9335	0.7074	-0.0005	860.0000	859.4547	1.0339	-4.6399	100.0470	39.5530	0.8230	0.8232	5.0000	-9999.0000	-9999.0000	-9999.0000	-9999.0000	-9999.0000	-9999.0000	24.9023	4	0	25.9835	1.0000	07	4	-9999.0000	8057	45678	-9999	2419	5240	-9999	605.4963	5	0.7003	0.7074	-0.0005	65.0562	3.2360	830.5835	291.6872	32.4457	737.0972	95.0964	829.3876	94.0639	838.7099	94.4813	847.3262	94.6351	
15/08/2017	01:24:40	019004	H375051863HLR	L375	S		740.5044	1.0233	19.2824	100.0135	39.8408	0.8230	0.8263	5.0000	20.0823	860.0708	95.3600	9.7608	25.5000	0.9300	0.9337	0.7065	-0.0005	860.0000	864.8372	1.0339	-4.6102	100.0864	40.0551	0.8230	0.8232	5.0000	-9999.0000	-9999.0000	-9999.0000	-9999.0000	-9999.0000	-9999.0000	22.7233	5	0	29.1332	1.0000	07	4	-9999.0000	8058	45679	-9999	2420	5241	-9999	603.7601	5	0.7006	0.7065	-0.0005	65.7969	3.1552	810.9263	291.6199	33.0608	711.8094	95.6895	809.3631	95.1403	820.0513	94.7889	827.2771	94.6790	
15/08/2017	01:25:07	019004	H375051873HLR	L375	S		755.3743	1.0233	14.3974	99.9626	39.9219	0.8230	0.8259	5.0000	19.9318	860.0731	94.9426	13.5220	25.5000	0.9300	0.9339	0.7073	-0.0005	860.0000	861.8027	1.0339	-4.6269	100.0276	39.6412	0.8230	0.8223	5.0000	-9999.0000	-9999.0000	-9999.0000	-9999.0000	-9999.0000	-9999.0000	25.6826	6	0	26.3925	1.0000	07	4	-9999.0000	8059	45680	-9999	2421	5242	-9999	602.1931	5	0.7008	0.7073	-0.0005	63.9848	3.3121	795.3282	291.4100	33.1267	703.7756	95.9531	794.0261	95.4039	803.2173	95.0085	809.4376	94.9866	
15/08/2017	01:25:34	019004	H375051883HLR	L375	S		760.4414	1.0233	12.7328	100.0514	39.6758	0.8230	0.8253	5.0000	21.4125	860.0761	94.9646	10.4103	25.5000	0.9300	0.9338	0.7062	-0.0005	860.0000	858.8293	1.0339	-4.6433	100.0901	39.5820	0.8230	0.8229	5.0000	-9999.0000	-9999.0000	-9999.0000	-9999.0000	-9999.0000	-9999.0000	23.0729	7	0	27.0127	1.0000	07	4	-9999.0000	8060	45681	-9999	2422	5243	-9999	603.4056	5	0.7011	0.7062	-0.0005	64.7603	3.2695	808.8888	287.7469	33.1047	714.3982	95.8213	807.3605	95.1843	816.9678	94.9426	824.4018	94.8987	
15/08/2017	01:25:59	019004	H375051872HLR	L375	S		755.5003	1.0233	14.3560	99.9262	39.7632	0.8230	0.8260	5.0000	20.3723	860.1018	95.0305	13.7623	25.5000	0.9300	0.9339	0.7066	-0.0005	860.0000	863.6403	1.0339	-4.6168	99.9995	39.9921	0.8230	0.8231	5.0000	-9999.0000	-9999.0000	-9999.0000	-9999.0000	-9999.0000	-9999.0000	23.5719	8	0	25.6534	1.0000	07	4	-9999.0000	8061	45682	-9999	2423	5244	-9999	602.1428	5	0.7014	0.7066	-0.0005	64.1034	3.3336	799.6127	310.3498	34.9939	714.7593	96.1508	798.5326	95.3380	808.1512	95.0305	812.5052	94.9866	
15/08/2017	01:26:26	019004	H375051871HLR	L375	S		739.3095	1.0233	19.6749	100.0298	39.9487	0.8230	0.8262	5.0000	19.9524	860.1190	94.9646	10.3810	25.5000	0.9300	0.9338	0.7065	-0.0005	860.0000	864.1042	1.0339	-4.6142	99.9788	39.8475	0.8230	0.8224	5.0000	-9999.0000	-9999.0000	-9999.0000	-9999.0000	-9999.0000	-9999.0000	22.3921	1	0	26.2226	1.0000	07	4	-9999.0000	8062	45683	-9999	2423	5245	-9999	603.2968	5	0.7013	0.7065	-0.0005	63.8725	3.3827	806.5697	308.9964	34.0273	713.3551	95.6895	805.0891	95.0085	815.0626	94.8767	823.9748	94.9207	
15/08/2017	01:26:51	019004	H375051902HLR	L375	S		759.8100	1.0233	12.9402	100.0091	39.7976	0.8230	0.8256	5.0000	20.1525	860.1145	94.9207	10.3010	25.5000	0.9300	0.9337	0.7066	-0.0005	860.0000	858.1597	1.0339	-4.6470	100.1012	39.6410	0.8230	0.8227	5.0000	-9999.0000	-9999.0000	-9999.0000	-9999.0000	-9999.0000	-9999.0000	22.7926	2	0	25.3729	1.0000	07	4	-9999.0000	8063	45684	-9999	2424	5246	-9999	603.1548	5	0.7011	0.7066	-0.0005	63.8503	3.3859	807.5876	311.0854	33.6978	715.2917	95.9751	806.0799	95.2062	816.0006	94.9426	823.4834	94.9426	
15/08/2017	01:27:19	019004	H375051901HLR	L375	S		754.7001	1.0233	14.6189	99.9867	39.7435	0.8230	0.8260	5.0000	20.0022	860.0796	95.0964	13.1821	25.5000	0.9300	0.9339	0.7069	-0.0005	860.0000	862.5767	1.0339	-4.6226	100.0774	39.9487	0.8230	0.8232	5.0000	-9999.0000	-9999.0000	-9999.0000	-9999.0000	-9999.0000	-9999.0000	22.0532	3	0	28.3333	1.0000	07	4	-9999.0000	8063	45685	-9999	2425	5247	-9999	601.7936	5	0.7013	0.7069	-0.0005	63.4898	3.4160	798.0538	292.6471	31.3693	705.2363	95.7115	796.7534	95.3380	805.8186	94.9866	812.0169	94.9866	
15/08/2017	01:27:45	019004	H375051900HLR	L375	S		738.7402	1.0233	19.8620	100.0796	39.9487	0.8230	0.8262	5.0000	20.0021	860.0819	94.8767	10.4113	25.5000	0.9300	0.9339	0.7073	-0.0006	860.0000	863.8282	1.0339	-4.6157	100.0058	39.9061	0.8230	0.8227	5.0000	-9999.0000	-9999.0000	-9999.0000	-9999.0000	-9999.0000	-9999.0000	24.9021	4	0	25.2031	1.0000	07	4	-9999.0000	8064	45686	-9999	2426	5248	-9999	602.9084	5	0.7013	0.7073	-0.0006	64.0155	3.3450	807.1593	286.2498	32.2919	707.8544	95.6456	805.6210	95.0964	815.9210	94.9207	824.0798	94.9426	
15/08/2017	01:28:11	019004	H375051860HLR	L375	S		755.3575	1.0233	14.4029	99.9805	39.8611	0.8230	0.8255	5.0000	21.1019	860.0929	94.9207	12.1713	25.6000	0.9300	0.9339	0.7075	-0.0007	860.0000	860.0503	1.0339	-4.6366	100.0481	39.7712	0.8230	0.8226	5.0000	-9999.0000	-9999.0000	-9999.0000	-9999.0000	-9999.0000	-9999.0000	21.8627	5	0	26.2225	1.0000	07	4	-9999.0000	8065	45687	-9999	2427	5249	-9999	601.6535	5	0.7013	0.7075	-0.0007	63.6007	3.4741	800.2574	291.1073	31.5670	704.3909	95.7335	799.1950	95.2502	807.9230	94.9426	814.9513	94.9646	
15/08/2017	01:28:38	019004	H375051907HLR	L375	S		742.7996	1.0233	18.5284	99.9435	39.7247	0.8230	0.8255	5.0000	21.2523	860.0804	94.7230	10.9416	25.5000	0.9300	0.9338	0.7073	-0.0006	860.0000	864.4801	1.0339	-4.6121	99.9687	39.8461	0.8230	0.8230	5.0000	-9999.0000	-9999.0000	-9999.0000	-9999.0000	-9999.0000	-9999.0000	22.7619	6	0	27.6331	1.0000	07	4	-9999.0000	8066	45688	-9999	2428	5250	-9999	602.5668	5	0.7016	0.7073	-0.0006	65.3483	3.1436	805.1592	279.3596	31.0617	708.2934	95.5138	803.5894	95.0305	814.1828	94.8987	821.4894	94.9866	
15/08/2017	01:29:08	019004	H375051898HLR	L375	S		751.7178	1.0233	15.5986	99.9349	39.8979	0.8230	0.8261	5.0000	20.1330	860.1000	94.9207	13.1108	25.5000	0.9300	0.9338	0.7075	-0.0007	860.0000	858.2587	1.0339	-4.6465	100.0830	39.9487	0.8230	0.8228	5.0000	-9999.0000	-9999.0000	-9999.0000	-9999.0000	-9999.0000	-9999.0000	24.2820	7	0	29.1632	1.0000	07	4	-9999.0000	8067	45689	-9999	2429	5251	-9999	601.0971	5	0.7012	0.7075	-0.0007	64.8556	3.1836	792.6902	287.7632	32.1381	699.3939	95.6676	791.2968	95.0744	800.3756	94.8767	807.5632	94.9866	
15/08/2017	01:29:33	019004	H375051897HLR	L375	S		736.7183	1.0233	20.5262	99.9478	39.9487	0.8230	0.8260	5.0000	20.1115	860.1119	94.7669	12.5121	25.5000	0.9300	0.9338	0.7075	-0.0007	860.0000	862.4192	1.0339	-4.6235	100.0427	39.8461	0.8230	0.8226	5.0000	-9999.0000	-9999.0000	-9999.0000	-9999.0000	-9999.0000	-9999.0000	25.7021	8	0	25.5927	1.0000	07	4	-9999.0000	8068	45690	-9999	2430	5252	-9999	601.3423	5	0.7011	0.7075	-0.0007	64.8548	3.1836	795.2977	288.3347	32.7093	698.7714	95.6676	793.8890	95.0744	804.4517	94.8987	812.1819	94.9426	
15/08/2017	01:29:59	019004	H375051881HLR	L375	S		761.2147	1.0233	12.4787	100.0271	39.8127	0.8230	0.8256	5.0000	20.3323	860.1031	94.6571	12.0912	25.5000	0.9300	0.9338	0.7071	-0.0006	860.0000	861.9847	1.0339	-4.6259	100.0600	39.8461	0.8230	0.8229	5.0000	-9999.0000	-9999.0000	-9999.0000	-9999.0000	-9999.0000	-9999.0000	22.2025	1	0	25.7529	1.0000	07	4	-9999.0000	8069	45691	-9999	2430	5253	-9999	601.6058	5	0.7008	0.7071	-0.0006	64.1677	3.2528	805.7812	294.1012	30.8201	713.6339	95.3820	804.5789	94.9866	813.3066	94.8767	821.3883	94.9866	
15/08/2017	01:30:28	019004	H375051880HLR	L375	S		752.4197	1.0233	15.3681	100.0379	39.8201	0.8230	0.8260	5.0000	19.8719	860.0788	94.8987	13.5621	25.5000	0.9300	0.9338	0.7077	-0.0007	860.0000	859.2505	1.0339	-4.6410	99.9828	39.9790	0.8230	0.8228	5.0000	-9999.0000	-9999.0000	-9999.0000	-9999.0000	-9999.0000	-9999.0000	22.3031	2	0	29.4438	1.0000	07	4	-9999.0000	8070	45692	-9999	2431	5254	-9999	600.1403	5	0.7005	0.7077	-0.0007	64.4429	3.2130	793.0889	283.1074	30.7542	699.7685	95.1184	791.6639	94.8987	801.5229	94.8548	808.0524	94.9866	
15/08/2017	01:30:53	019004	H375051888HLR	L375	S		752.8119	1.0233	15.2392	99.9906	39.9487	0.8230	0.8260	5.0000	20.2619	860.0893	94.7669	13.5914	25.5000	0.9300	0.9339	0.7069	-0.0007	860.0000	859.6485	1.0339	-4.6388	100.0365	39.8461	0.8230	0.8227	5.0000	-9999.0000	-9999.0000	-9999.0000	-9999.0000	-9999.0000	-9999.0000	26.1124	3	0	24.7820	1.0000	07	4	-9999.0000	8071	45693	-9999	2432	5255	-9999	600.4690	5	0.7003	0.7069	-0.0007	64.9314	3.1767	795.1928	292.8432	32.2480	705.9463	95.4479	794.0003	95.0085	802.0050	94.8987	808.9919	94.9426	
15/08/2017	01:31:20	019004	H375051899HLR	L375	S		755.3205	1.0233	14.4151	100.1914	39.9343	0.8230	0.8258	5.0000	20.0218	860.0808	94.6131	12.0619	25.6000	0.9300	0.9338	0.7075	-0.0007	860.0000	858.2392	1.0339	-4.6466	100.0339	39.8805	0.8230	0.8228	5.0000	-9999.0000	-9999.0000	-9999.0000	-9999.0000	-9999.0000	-9999.0000	21.3226	4	0	27.2532	1.0000	07	4	-9999.0000	8072	45694	-9999	2433	5256	-9999	601.1833	5	0.6999	0.7075	-0.0007	64.5249	3.2099	798.9470	289.9595	32.0283	707.8054	95.4918	797.5775	94.9866	807.2688	94.8767	815.2226	94.9426	
15/08/2017	01:31:50	019004	H375051889HLR	L375	S		760.0918	1.0233	12.8476	100.0906	39.8082	0.8230	0.8257	5.0000	20.1622	860.0893	94.6351	11.0510	25.5000	0.9300	0.9338	0.7052	-0.0005	860.0000	857.7297	1.0339	-4.6494	100.0946	39.9487	0.8230	0.8228	5.0000	-9999.0000	-9999.0000	-9999.0000	-9999.0000	-9999.0000	-9999.0000	23.9129	5	0	29.5139	1.0000	07	4	-9999.0000	8073	45695	-9999	2434	5257	-9999	601.4970	5	0.6994	0.7052	-0.0005	66.9671	2.9944	806.5199	297.3377	32.7093	715.7348	95.6456	805.3143	95.0305	814.3893	94.9207	821.3968	94.9646	
15/08/2017	01:32:17	019004	H375051906HLR	L375	Q		760.7139	1.0233	12.6433	100.0042	39.8461	0.8230	0.8260	5.0000	20.0226	860.0992	94.6131	10.8313	25.6000	0.9300	0.9338	0.7078	-0.0007	860.0000	858.0498	1.0339	-4.6476	100.0199	39.8461	0.8230	0.8227	5.0000	-9999.0000	-9999.0000	-9999.0000	-9999.0000	-9999.0000	-9999.0000	26.1024	6	0	26.6231	1.0000	07	4	-9999.0000	8074	45696	-9999	2435	5258	-9999	601.9735	5	0.6993	0.7078	-0.0007	110.8707	-0.0695	805.9498	292.5139	31.5450	716.1463	95.4918	804.9277	94.9646	814.0774	94.8987	821.2977	95.0085	
15/08/2017	01:32:44	019004	H375051905HLR	L375	S		745.8277	1.0233	17.5336	100.0950	39.9651	0.8230	0.8260	5.0000	20.1516	860.0667	95.0305	12.8413	25.6000	0.9300	0.9339	0.7078	-0.0007	860.0000	858.0367	1.0339	-4.6477	100.1049	39.9487	0.8230	0.8230	5.0000	-9999.0000	-9999.0000	-9999.0000	-9999.0000	-9999.0000	-9999.0000	23.3022	7	0	27.4523	1.0000	07	4	-9999.0000	8075	45697	-9999	2436	5259	-9999	600.6623	5	0.6989	0.7078	-0.0007	143.0208	-2.6585	794.9150	287.1390	32.8411	702.2605	95.6895	793.5625	95.1184	802.4123	94.9646	807.9014	94.9866	
15/08/2017	01:33:10	019004	H375051879HLR	L375	Q		756.3672	1.0233	14.0712	100.0268	39.9157	0.8230	0.8257	5.0000	20.1223	860.1047	94.6790	11.6312	25.5000	0.9300	0.9338	0.7050	-0.0005	860.0000	858.4344	1.0339	-4.6455	100.0208	39.9464	0.8230	0.8229	5.0000	-9999.0000	-9999.0000	-9999.0000	-9999.0000	-9999.0000	-9999.0000	24.0123	8	0	25.6933	1.0000	07	4	-9999.0000	8076	45698	-9999	2437	5260	-9999	601.4801	5	0.6990	0.7050	-0.0005	129.8007	-1.6869	804.1995	314.6874	33.2585	723.1544	95.7335	802.9219	95.0305	812.2429	94.8987	818.2092	95.0085	
15/08/2017	01:33:35	019004	H375052276HLR	L375	S		738.6532	1.0233	19.8905	100.0236	39.7972	0.8230	0.8259	5.0000	19.9818	860.1133	94.8767	17.3818	25.5000	0.9300	0.9339	0.7069	-0.0006	860.0000	857.7136	1.0339	-4.6495	100.0964	39.9354	0.8230	0.8228	5.0000	-9999.0000	-9999.0000	-9999.0000	-9999.0000	-9999.0000	-9999.0000	22.3716	1	0	25.0428	1.0000	07	1	-9999.0000	8077	45699	-9999	2438	5261	-9999	598.4363	5	0.6992	0.7069	-0.0006	118.1390	-0.8082	773.8743	308.8110	32.7752	696.9015	96.1728	772.6580	95.4259	781.8642	95.0525	787.9120	95.0085	
15/08/2017	01:34:04	019004	H375051742HLR	L375	S		746.8068	1.0233	17.2120	100.1482	39.9487	0.8230	0.8261	5.0000	20.1018	860.1115	94.8767	13.9713	25.5000	0.9300	0.9339	0.7057	-0.0006	860.0000	866.1489	1.0339	-4.6029	99.9869	39.9661	0.8230	0.8228	5.0000	-9999.0000	-9999.0000	-9999.0000	-9999.0000	-9999.0000	-9999.0000	21.6225	2	0	28.7933	1.0000	07	1	-9999.0000	8078	45700	-9999	2439	5262	-9999	600.4566	5	0.6991	0.7057	-0.0006	121.1202	-1.0507	797.3642	288.0734	31.3473	702.5175	95.5577	795.9930	95.1184	804.5176	95.0085	810.2570	94.9426	
15/08/2017	01:34:28	019004	H375052340HLR	L375	S		758.7640	1.0233	13.2838	100.0011	39.9528	0.8230	0.8256	5.0000	20.6917	860.0584	94.8767	10.6721	25.5000	0.9300	0.9338	0.7041	-0.0004	860.0000	864.9645	1.0339	-4.6095	100.0433	39.9487	0.8230	0.8228	5.0000	-9999.0000	-9999.0000	-9999.0000	-9999.0000	-9999.0000	-9999.0000	25.4833	3	0	24.7431	1.0000	07	1	-9999.0000	8079	45701	-9999	2440	5263	-9999	601.9291	5	0.6993	0.7041	-0.0004	120.6859	-0.9946	812.2378	285.5832	31.3034	719.9237	95.5138	811.1105	94.9207	821.4024	94.8548	830.0662	94.9866	
15/08/2017	01:34:53	019004	H375052335HLR	L375	S		761.6910	1.0233	12.3223	99.9816	39.8195	0.8230	0.8256	5.0000	20.3215	860.0838	94.8328	10.1017	25.5000	0.9300	0.9338	0.7077	-0.0007	860.0000	864.6470	1.0339	-4.6112	100.0516	39.9771	0.8230	0.8228	5.0000	-9999.0000	-9999.0000	-9999.0000	-9999.0000	-9999.0000	-9999.0000	21.0024	4	0	25.1619	1.0000	07	1	-9999.0000	8080	45702	-9999	2441	5264	-9999	602.8740	5	0.6995	0.7077	-0.0007	60.4123	3.5316	811.2183	297.1420	31.7867	718.9096	95.6236	809.8509	95.0525	819.3626	94.9207	826.2332	94.9866	
15/08/2017	01:35:20	019004	H375052342HLR	L375	S		763.4021	1.0233	11.7602	99.8686	39.9313	0.8230	0.8259	5.0000	20.1190	860.0808	94.6351	9.2012	25.6000	0.9300	0.9339	0.7029	-0.0003	860.0000	861.4299	1.0339	-4.6290	99.9993	39.9640	0.8230	0.8228	5.0000	-9999.0000	-9999.0000	-9999.0000	-9999.0000	-9999.0000	-9999.0000	21.8521	5	0	26.8330	1.0000	07	1	-9999.0000	8081	45703	-9999	2442	5265	-9999	602.2423	5	0.6991	0.7029	-0.0003	63.4064	3.2610	817.4270	287.5032	30.5345	722.4336	95.0305	816.3704	94.8108	826.1782	94.8328	833.9771	95.0085	
15/08/2017	01:35:47	019004	H375052354HLR	L375	S		761.3302	1.0233	12.4408	99.9144	39.9775	0.8230	0.8258	5.0000	20.2121	860.1037	94.8767	10.0206	25.6000	0.9300	0.9339	0.7035	-0.0003	860.0000	863.5643	1.0339	-4.6172	100.0903	39.9487	0.8230	0.8228	5.0000	-9999.0000	-9999.0000	-9999.0000	-9999.0000	-9999.0000	-9999.0000	23.3629	6	0	26.8039	1.0000	07	1	-9999.0000	8081	45704	-9999	2443	5266	-9999	602.1267	5	0.6989	0.7035	-0.0003	62.4263	3.3521	816.7266	299.9939	31.9185	724.2736	95.3600	815.2167	94.8987	825.0297	94.8987	831.2925	94.9866	
15/08/2017	01:36:21	019004	H375052364HLR	L375	S		758.0434	1.0233	13.5206	100.0268	39.9083	0.8230	0.8255	5.0000	20.9222	860.0882	94.7669	10.0910	25.5000	0.9300	0.9337	0.7031	-0.0003	860.0000	861.7322	1.0339	-4.6273	99.9639	39.9487	0.8230	0.8227	5.0000	-9999.0000	-9999.0000	-9999.0000	-9999.0000	-9999.0000	-9999.0000	23.5123	7	0	34.4129	1.0000	07	1	-9999.0000	8082	45705	-9999	2444	5267	-9999	601.9884	5	0.6987	0.7031	-0.0003	66.2799	3.0947	812.6075	288.3146	32.5775	717.4741	95.3380	811.3585	94.9207	820.3439	94.8987	827.4501	94.9866	
15/08/2017	01:36:48	019004	H375052333HLR	L375	S		760.7712	1.0233	12.6245	100.0037	39.8461	0.8230	0.8258	5.0000	20.1353	860.0545	94.7669	10.1613	25.5000	0.9300	0.9337	0.7013	-0.0002	860.0000	862.0112	1.0339	-4.6258	100.1021	40.0027	0.8230	0.8229	5.0000	-9999.0000	-9999.0000	-9999.0000	-9999.0000	-9999.0000	-9999.0000	20.5326	8	0	26.3632	1.0000	07	1	-9999.0000	8083	45706	-9999	2445	5268	-9999	601.3739	5	0.6986	0.7013	-0.0002	70.2309	2.8335	814.1085	284.3766	31.9404	719.8505	95.4918	812.9453	94.9866	821.7180	94.9207	829.1856	95.0085	
15/08/2017	01:37:13	019004	H375052347HLR	L375	S		752.9367	1.0233	15.1982	100.0252	39.9487	0.8230	0.8260	5.0000	20.1019	860.0571	94.6131	9.1612	25.5000	0.9300	0.9338	0.7018	-0.0002	860.0000	859.9966	1.0339	-4.6369	99.9805	39.9548	0.8230	0.8228	5.0000	-9999.0000	-9999.0000	-9999.0000	-9999.0000	-9999.0000	-9999.0000	23.0427	1	0	25.1825	1.0000	07	1	-9999.0000	8084	45707	-9999	2446	5269	-9999	601.7657	5	0.6987	0.7018	-0.0002	71.7306	2.7273	817.2661	294.3077	32.8411	720.5387	95.4698	815.8887	94.9646	825.3851	94.8987	833.4142	94.9866	
15/08/2017	01:37:38	019004	H375052365HLR	L375	S		747.9184	1.0233	16.8468	99.9213	39.9487	0.8230	0.8259	5.0000	19.9926	860.0780	95.1623	13.7916	25.6000	0.9300	0.9340	0.7010	-0.0002	860.0000	861.3364	1.0339	-4.6295	100.0446	39.9679	0.8230	0.8228	5.0000	-9999.0000	-9999.0000	-9999.0000	-9999.0000	-9999.0000	-9999.0000	21.2915	2	0	24.6230	1.0000	07	1	-9999.0000	8085	45708	-9999	2447	5269	-9999	600.6006	5	0.6985	0.7010	-0.0002	72.7897	2.7009	797.9849	289.2028	31.6988	701.5784	95.2721	796.8294	95.0305	804.6433	94.9207	811.3421	94.9866	
15/08/2017	01:38:03	019004	H375052368HLR	L375	S		745.5594	1.0233	17.6218	100.0026	39.9288	0.8230	0.8258	5.0000	20.0022	860.0742	94.9426	22.5924	25.5000	0.9300	0.9339	0.7002	-0.0001	860.0000	876.1044	1.0339	-4.5480	100.0606	40.0160	0.8230	0.8229	5.0000	-9999.0000	-9999.0000	-9999.0000	-9999.0000	-9999.0000	-9999.0000	21.1116	3	2	25.2432	1.0000	07	1	-9999.0000	8086	45709	-9999	2448	5270	-9999	599.3710	5	0.6986	0.7002	-0.0001	75.4210	2.5047	704.7216	294.7364	32.4677	564.3556	96.8977	698.7187	95.9531	731.2371	95.0085	745.5071	94.8108	
15/08/2017	01:38:31	019004	H375055194HLR	L375	S		758.1512	1.0233	13.4851	100.1145	39.8586	0.8230	0.8254	5.0000	21.5922	860.1004	94.9866	9.9914	25.6000	0.9300	0.9338	0.7002	-0.0001	860.0000	859.7105	1.0339	-4.6385	100.0247	40.0123	0.8230	0.8228	5.0000	-9999.0000	-9999.0000	-9999.0000	-9999.0000	-9999.0000	-9999.0000	21.7924	4	0	28.1631	1.0000	07	1	-9999.0000	8087	45710	-9999	2449	5271	-9999	601.1892	5	0.6986	0.7002	-0.0001	75.4210	2.5047	814.9794	287.5024	32.0722	718.4129	95.3380	813.6297	94.7669	822.2838	94.8328	830.2773	94.9866	
15/08/2017	01:38:57	019004	H375055289HLR	L375	S		748.7511	1.0233	16.5732	100.0045	39.9483	0.8230	0.8256	5.0000	21.5423	860.0810	94.8987	9.8116	25.6000	0.9300	0.9338	0.7006	-0.0002	860.0000	858.4722	1.0339	-4.6453	99.9696	39.9487	0.8230	0.8227	5.0000	-9999.0000	-9999.0000	-9999.0000	-9999.0000	-9999.0000	-9999.0000	24.8422	5	0	26.1328	1.0000	07	1	-9999.0000	8088	45711	-9999	2450	5272	-9999	601.3017	5	0.6987	0.7006	-0.0002	77.8929	2.3599	812.1838	311.1545	33.3903	721.0710	95.7994	810.8076	95.1184	820.9163	94.9207	828.6052	94.9207	
15/08/2017	01:39:22	019004	H375055281HLR	L375	Q		751.8144	1.0233	15.5669	100.0354	39.8844	0.8230	0.8254	5.0000	21.8022	860.1465	94.8108	9.8214	25.6000	0.9300	0.9338	0.7010	-0.0002	860.0000	859.1104	1.0339	-4.6418	100.0489	39.9556	0.8230	0.8227	5.0000	-9999.0000	-9999.0000	-9999.0000	-9999.0000	-9999.0000	-9999.0000	22.7028	6	0	24.8026	1.0000	07	1	-9999.0000	8089	45712	-9999	2451	5273	-9999	601.3460	5	0.6986	0.7010	-0.0002	75.7904	2.5816	813.3217	290.1518	31.9624	708.3219	95.4698	811.8792	95.0525	822.5624	94.8987	829.4657	94.9426	
15/08/2017	01:39:47	019004	H375055278HLR	L375	Q		746.2032	1.0233	17.4103	100.1104	39.9319	0.8230	0.8257	5.0000	20.8919	860.1544	94.7889	10.0812	25.5000	0.9300	0.9337	0.7064	-0.0007	860.0000	857.5149	1.0339	-4.6506	100.0982	40.0023	0.8230	0.8228	5.0000	-9999.0000	-9999.0000	-9999.0000	-9999.0000	-9999.0000	-9999.0000	21.4730	7	0	25.2528	1.0000	07	1	-9999.0000	8090	45713	-9999	2451	5274	-9999	601.5327	5	0.6978	0.7064	-0.0007	78.3161	2.3860	805.3578	301.9996	33.0168	711.4096	95.2941	803.8861	94.8548	814.9531	94.8548	823.2668	94.9426	
15/08/2017	01:40:12	019004	H375055267HLR	L375	Q		755.3657	1.0233	14.4002	99.9211	39.9487	0.8230	0.8256	5.0000	21.0619	860.1071	94.8987	11.6009	25.5000	0.9300	0.9337	0.7007	-0.0002	860.0000	858.5702	1.0339	-4.6448	100.0541	39.9915	0.8230	0.8228	5.0000	-9999.0000	-9999.0000	-9999.0000	-9999.0000	-9999.0000	-9999.0000	21.8324	8	0	24.7430	1.0000	07	1	-9999.0000	8091	45714	-9999	2452	5275	-9999	600.7184	5	0.6977	0.7007	-0.0002	79.0238	2.3589	805.9064	292.6153	32.2040	712.3962	95.2062	804.3434	94.9426	814.3051	94.8987	821.1835	94.9646	
15/08/2017	01:40:37	019004	H375055264HLR	L375	S		755.3737	1.0233	14.3976	100.0280	39.9487	0.8230	0.8254	5.0000	21.1929	860.0574	94.7449	11.0110	25.5000	0.9300	0.9337	0.7009	-0.0002	860.0000	857.4299	1.0339	-4.6510	100.0672	39.9902	0.8230	0.8228	5.0000	-9999.0000	-9999.0000	-9999.0000	-9999.0000	-9999.0000	-9999.0000	21.4625	1	0	24.7725	1.0000	07	1	-9999.0000	8092	45715	-9999	2453	5276	-9999	600.7290	5	0.6976	0.7009	-0.0002	81.1682	2.2412	806.9759	302.4506	33.4123	724.0305	95.6676	805.6620	95.0525	815.7486	94.9426	823.4132	95.0085	
15/08/2017	01:41:05	019004	H375055261HLR	L375	S		757.6182	1.0233	13.6603	99.9799	39.9321	0.8230	0.8256	5.0000	20.7922	860.1465	94.6790	11.1009	25.5000	0.9300	0.9337	0.7072	-0.0008	860.0000	859.5075	1.0339	-4.6396	100.0382	40.0177	0.8230	0.8229	5.0000	-9999.0000	-9999.0000	-9999.0000	-9999.0000	-9999.0000	-9999.0000	20.8020	2	0	28.0235	1.0000	07	1	-9999.0000	8093	45716	-9999	2454	5277	-9999	600.4012	5	0.6976	0.7072	-0.0008	82.3143	2.1633	807.5437	287.1616	31.9844	713.4541	95.4698	806.3564	94.9426	814.4458	94.8767	821.9068	94.9866	
15/08/2017	01:41:31	019004	H375055277HLR	L375	S		746.3695	1.0233	17.3556	99.9843	39.9487	0.8230	0.8259	5.0000	19.9523	860.0602	94.7010	11.0305	25.5000	0.9300	0.9338	0.7101	-0.0011	860.0000	857.9758	1.0339	-4.6480	100.0867	40.0171	0.8230	0.8228	5.0000	-9999.0000	-9999.0000	-9999.0000	-9999.0000	-9999.0000	-9999.0000	21.8018	3	0	26.1328	1.0000	07	1	-9999.0000	8094	45717	-9999	2455	5278	-9999	600.0640	5	0.6976	0.7101	-0.0011	84.1238	2.0925	798.6509	303.1519	33.2365	714.8266	95.6895	797.1916	95.0305	807.7822	94.9207	815.5795	95.0305	
15/08/2017	01:41:57	019004	H375055258HLR	L375	S		759.3461	1.0233	13.0926	100.0327	39.9487	0.8230	0.8258	5.0000	20.1125	860.0902	94.7010	8.4209	25.5000	0.9300	0.9337	0.7102	-0.0011	860.0000	855.9374	1.0339	-4.6593	100.0649	39.9894	0.8230	0.8228	5.0000	-9999.0000	-9999.0000	-9999.0000	-9999.0000	-9999.0000	-9999.0000	22.6823	4	0	26.0127	1.0000	07	1	-9999.0000	8095	45718	-9999	2456	5279	-9999	602.8025	5	0.6978	0.7102	-0.0011	83.0713	2.1611	813.8380	304.7692	33.4342	726.4215	95.4918	812.2731	94.8767	823.0182	94.8987	832.7436	95.0525	
15/08/2017	01:42:26	019004	H375055249HLR	L375	S		758.2972	1.0233	13.4372	99.9535	39.9487	0.8230	0.8258	5.0000	20.0725	860.1333	94.9426	10.2111	25.6000	0.9300	0.9338	0.7098	-0.0011	860.0000	856.3560	1.0339	-4.6570	100.0581	39.9782	0.8230	0.8230	5.0000	-9999.0000	-9999.0000	-9999.0000	-9999.0000	-9999.0000	-9999.0000	22.7028	5	0	29.5533	1.0000	07	1	-9999.0000	8096	45719	-9999	2457	5280	-9999	601.3276	5	0.6982	0.7098	-0.0011	83.5273	2.0521	804.1874	302.9625	33.5001	720.8557	95.8653	802.7016	95.0964	813.8888	94.9646	822.1884	94.9866	
15/08/2017	01:42:51	019004	H375055246HLR	L375	S		757.5436	1.0233	13.6848	100.0035	39.9487	0.8230	0.8259	5.0000	19.8126	860.0943	94.7669	11.0315	25.6000	0.9300	0.9339	0.7099	-0.0010	860.0000	858.2729	1.0339	-4.6464	100.0079	39.9522	0.8230	0.8227	5.0000	-9999.0000	-9999.0000	-9999.0000	-9999.0000	-9999.0000	-9999.0000	26.1034	6	0	24.9626	1.0000	07	1	-9999.0000	8097	45720	-9999	2458	5281	-9999	600.7305	5	0.6984	0.7099	-0.0010	83.2105	2.0477	801.9468	297.1872	34.9280	715.4323	95.7554	800.4800	95.0744	810.3578	94.9426	817.7092	95.0305	
15/08/2017	01:43:17	019004	H375055251HLR	L375	S		757.7559	1.0233	13.6150	99.9505	39.9487	0.8230	0.8257	5.0000	20.3115	860.1241	94.7889	11.4417	25.6000	0.9300	0.9339	0.7102	-0.0011	860.0000	859.5676	1.0339	-4.6393	100.0256	40.0482	0.8230	0.8228	5.0000	-9999.0000	-9999.0000	-9999.0000	-9999.0000	-9999.0000	-9999.0000	21.6226	7	0	25.2929	1.0000	07	1	-9999.0000	8098	45721	-9999	2459	5282	-9999	600.5683	5	0.6985	0.7102	-0.0011	84.0638	2.0209	801.1928	298.8968	32.9509	717.8208	95.7994	800.1010	95.2062	809.5290	94.9866	818.2835	95.0305	
15/08/2017	01:43:43	019004	H375055255HLR	L375	S		758.6417	1.0233	13.3240	99.9091	39.9260	0.8230	0.8254	5.0000	21.6527	860.1118	94.6790	10.5207	25.5000	0.9300	0.9338	0.7118	-0.0012	860.0000	858.6421	1.0339	-4.6444	100.0725	40.0367	0.8230	0.8228	5.0000	-9999.0000	-9999.0000	-9999.0000	-9999.0000	-9999.0000	-9999.0000	21.8725	8	0	25.8935	1.0000	07	1	-9999.0000	8099	45722	-9999	2460	5283	-9999	601.6943	5	0.6989	0.7118	-0.0012	83.8530	2.0427	803.2853	296.9979	34.0493	714.6519	95.7554	801.6817	95.0964	811.3204	94.9866	818.6983	95.0305	
15/08/2017	01:44:15	019004	H375055259HLR	L375	S		744.3091	1.0233	18.0325	100.0209	39.9487	0.8230	0.8259	5.0000	20.0324	860.1250	94.6790	11.0706	25.6000	0.9300	0.9338	0.7126	-0.0012	860.0000	859.3795	1.0339	-4.6403	100.0084	40.0512	0.8230	0.8227	5.0000	-9999.0000	-9999.0000	-9999.0000	-9999.0000	-9999.0000	-9999.0000	22.5718	1	0	32.5436	1.0000	07	1	-9999.0000	8100	45723	-9999	2461	5284	-9999	601.4168	5	0.6992	0.7126	-0.0012	83.2581	2.0698	797.6439	294.4842	34.6644	710.0787	95.4918	796.1081	94.8767	807.1450	94.8987	815.5908	95.0085	
15/08/2017	01:44:44	019004	H375056140HLR	L375	S		760.0705	1.0233	12.8546	100.1286	39.9487	0.8230	0.8258	5.0000	20.0531	860.0726	94.6790	11.1008	25.6000	0.9300	0.9339	0.7130	-0.0012	860.0000	858.8782	1.0339	-4.6431	100.0448	40.0512	0.8230	0.8227	5.0000	-9999.0000	-9999.0000	-9999.0000	-9999.0000	-9999.0000	-9999.0000	24.7527	2	0	27.9134	1.0000	07	1	-9999.0000	8101	45724	-9999	2462	5285	-9999	601.4998	5	0.6993	0.7130	-0.0012	82.8277	2.0746	798.7806	284.4280	31.9404	709.5106	95.3161	797.6128	94.9646	807.1492	94.9207	814.8804	94.9866	
15/08/2017	01:45:09	019004	H375056155HLR	L375	S		755.7845	1.0233	14.2626	99.9443	39.9384	0.8230	0.8255	5.0000	20.9525	860.0768	94.6571	11.8216	25.6000	0.9300	0.9338	0.7135	-0.0013	860.0000	858.4337	1.0339	-4.6455	99.9800	40.0512	0.8230	0.8229	5.0000	-9999.0000	-9999.0000	-9999.0000	-9999.0000	-9999.0000	-9999.0000	24.6130	3	0	24.7419	1.0000	07	1	-9999.0000	8102	45725	-9999	2463	5286	-9999	600.8703	5	0.6994	0.7135	-0.0013	83.0921	2.0376	795.6841	278.6877	31.4132	702.0919	94.9866	793.9898	94.7889	804.7905	94.8548	812.5492	94.9866	
15/08/2017	01:45:34	019004	H375055270HLR	L375	S		746.1082	1.0233	17.4414	99.9131	39.9077	0.8230	0.8258	5.0000	20.2220	860.0982	94.9866	13.8619	25.5000	0.9300	0.9338	0.7142	-0.0013	860.0000	859.7541	1.0339	-4.6382	100.0390	40.0635	0.8230	0.8228	5.0000	-9999.0000	-9999.0000	-9999.0000	-9999.0000	-9999.0000	-9999.0000	21.2621	4	0	24.8729	1.0000	07	1	-9999.0000	8103	45726	-9999	2464	5287	-9999	598.7398	5	0.6994	0.7142	-0.0013	77.3965	2.3600	784.7350	279.8504	31.7208	690.3714	95.0525	783.1821	94.8548	793.4659	94.8767	801.6326	94.9646	
15/08/2017	01:46:06	019004	H375055243HLR	L375	S		757.5075	1.0233	13.6966	99.9926	39.9487	0.8230	0.8257	5.0000	20.7718	860.1009	94.7449	11.1214	25.5000	0.9300	0.9338	0.7145	-0.0013	860.0000	858.1888	1.0339	-4.6469	99.9596	40.0729	0.8230	0.8228	5.0000	-9999.0000	-9999.0000	-9999.0000	-9999.0000	-9999.0000	-9999.0000	21.5318	5	0	31.8239	1.0000	07	1	-9999.0000	8104	45727	-9999	2465	5288	-9999	601.7799	5	0.6996	0.7145	-0.0013	77.3922	2.3094	795.2060	293.7660	33.4782	704.6613	95.3600	793.8673	94.9646	804.9416	94.8767	813.4128	94.9426	
15/08/2017	01:46:34	019004	H375056170HLR	L375	S		748.3542	1.0233	16.7036	100.0986	40.0273	0.8230	0.8259	5.0000	20.0520	860.1183	94.7889	12.6616	25.5000	0.9300	0.9338	0.7138	-0.0013	860.0000	858.5868	1.0339	-4.6447	99.9605	40.0512	0.8230	0.8227	5.0000	-9999.0000	-9999.0000	-9999.0000	-9999.0000	-9999.0000	-9999.0000	28.3734	6	0	28.1135	1.0000	07	1	-9999.0000	8105	45728	-9999	2466	5289	-9999	600.1847	5	0.7003	0.7138	-0.0013	98.9750	0.4302	788.0034	293.8621	32.0063	693.5452	95.4698	786.6988	95.0305	797.7909	94.8987	805.7490	94.9646	
15/08/2017	01:46:50	019004	H375056159HLR	L375	S		754.1724	1.0233	14.7922	99.9459	39.9382	0.8230	0.8257	5.0000	20.1321	860.0905	94.6790	11.1721	25.5000	0.9300	0.9337	0.7140	-0.0013	860.0000	858.1406	1.0339	-4.6471	100.0340	40.0512	0.8230	0.8227	5.0000	-9999.0000	-9999.0000	-9999.0000	-9999.0000	-9999.0000	-9999.0000	24.7831	7	0	15.8211	1.0000	07	1	-9999.0000	8106	45729	-9999	2467	5290	-9999	601.9608	5	0.7004	0.7140	-0.0013	104.9633	-0.1157	796.5731	280.4676	31.5450	700.2934	95.0085	795.2148	94.8987	805.1383	94.8328	814.0318	94.9426	
15/08/2017	01:59:45	019004	H374053549HLR	L374	S		642.6573	1.0233	0.0000	99.9815	39.6267	0.8230	0.8262	5.0000	20.8420	761.1109	94.8767	13.6324	25.5000	0.9300	0.9337	0.7053	-0.0016	761.0000	752.3212	1.0339	-3.0491	99.9668	39.3333	0.8230	0.8231	5.0000	-9999.0000	-9999.0000	-9999.0000	-9999.0000	-9999.0000	-9999.0000	24.7429	1	1	24.8133	1.0000	99	9	-9999.0000	8107	45730	-9999	2468	5291	-9999	520.1945	5	0.6838	0.7053	-0.0016	67.7233	2.9827	686.7423	221.8196	30.2270	610.3546	95.3820	685.5036	95.5138	694.6964	95.0964	702.3170	94.9866	
15/08/2017	02:00:36	019004	H374053562HLR	L374	S		641.2211	1.0233	0.0000	100.0975	39.9143	0.8230	0.8265	5.0000	20.0422	761.0940	94.7889	12.9419	25.5000	0.9300	0.9337	0.7053	-0.0016	761.0000	753.7715	1.0339	-3.1167	99.9928	40.1997	0.8230	0.8231	5.0000	-9999.0000	-9999.0000	-9999.0000	-9999.0000	-9999.0000	-9999.0000	20.9223	3	0	26.9229	1.0000	99	9	-9999.0000	8108	45731	-9999	2469	5292	-9999	521.0355	5	0.6838	0.7053	-0.0016	67.7233	2.9827	697.0434	287.3613	34.3349	619.0544	96.8977	690.8053	96.3046	701.3001	95.1403	706.5824	94.8987	
15/08/2017	02:01:29	019004	H374053554HLR	L374	S		650.0744	1.0233	2.0936	99.9322	39.6410	0.8230	0.8263	5.0000	20.1223	761.0904	94.8108	12.7612	25.5000	0.9300	0.9337	0.7134	-0.0016	761.0000	759.2384	1.0339	-3.3714	100.0214	39.5265	0.8230	0.8229	5.0000	-9999.0000	-9999.0000	-9999.0000	-9999.0000	-9999.0000	-9999.0000	22.2925	5	0	27.4424	1.0000	99	9	-9999.0000	8109	45732	-9999	2470	5293	-9999	527.4163	5	0.6915	0.7134	-0.0016	67.3371	2.9657	690.6808	287.0955	34.0713	619.6533	96.1069	689.2013	95.5358	698.0385	95.0305	704.7817	94.8328	
15/08/2017	02:02:20	019004	H374053603HLR	L374	S		645.5123	1.0233	0.6626	100.1262	39.8828	0.8230	0.8263	5.0000	20.4924	761.0964	94.9646	14.6022	25.5000	0.9300	0.9337	0.7127	-0.0016	761.0000	759.4430	1.0339	-3.3809	99.9679	40.0248	0.8230	0.8230	5.0000	-9999.0000	-9999.0000	-9999.0000	-9999.0000	-9999.0000	-9999.0000	21.9322	7	0	25.5126	1.0000	99	9	-9999.0000	8110	45733	-9999	2471	5294	-9999	524.6485	5	0.6913	0.7127	-0.0016	67.3702	2.9672	683.1862	273.2894	33.3903	608.3284	95.7774	681.8388	95.3161	690.5702	94.9426	696.2340	94.8987	
15/08/2017	02:03:10	019004	H374053583HLR	L374	S		641.5302	1.0233	0.0000	100.0484	39.6410	0.8230	0.8263	5.0000	20.4915	761.1188	94.9646	15.5213	25.5000	0.9300	0.9338	0.7137	-0.0016	761.0000	759.6295	1.0339	-3.3896	100.0781	39.6641	0.8230	0.8232	5.0000	-9999.0000	-9999.0000	-9999.0000	-9999.0000	-9999.0000	-9999.0000	20.6225	1	0	26.0528	1.0000	99	9	-9999.0000	8111	45734	-9999	2472	5295	-9999	524.2492	5	0.6926	0.7137	-0.0016	67.3284	2.9654	678.3192	269.4095	32.3798	607.9868	95.6895	677.0979	95.3600	686.5906	94.9426	693.0150	94.8987	
15/08/2017	02:04:01	019004	H374053598HLR	L374	S		646.5713	1.0233	0.9948	100.0034	39.8547	0.8230	0.8260	5.0000	20.8822	761.0905	94.8108	13.6519	25.5000	0.9300	0.9337	0.7139	-0.0016	761.0000	760.2689	1.0339	-3.4194	100.0115	39.9358	0.8230	0.8231	5.0000	-9999.0000	-9999.0000	-9999.0000	-9999.0000	-9999.0000	-9999.0000	21.9427	3	0	25.3923	1.0000	99	9	-9999.0000	8112	45735	-9999	2473	5296	-9999	526.6488	5	0.6921	0.7139	-0.0016	67.3210	2.9650	686.3780	283.3510	32.2919	616.7776	95.7554	685.2125	95.3161	693.4292	94.9426	700.6967	94.8548	
15/08/2017	02:04:54	019004	H374054211HLR	L374	S		644.9977	1.0233	0.5012	99.9567	39.7139	0.8230	0.8263	5.0000	20.9320	761.0868	94.8108	14.1012	25.5000	0.9300	0.9337	0.7010	-0.0007	761.0000	758.7433	1.0339	-3.3483	100.0796	39.7053	0.8230	0.8232	5.0000	-9999.0000	-9999.0000	-9999.0000	-9999.0000	-9999.0000	-9999.0000	21.6127	5	0	28.1731	1.0000	99	9	-9999.0000	8113	45736	-9999	2474	5297	-9999	526.1002	5	0.6917	0.7010	-0.0007	74.1657	2.7717	691.9403	276.4469	31.8086	618.6905	95.4698	690.5386	95.1403	699.1800	94.8328	706.4367	94.8767	
15/08/2017	02:05:45	019004	H374053585HLR	L374	S		646.5325	1.0233	0.9826	100.0382	39.8842	0.8230	0.8263	5.0000	19.9728	761.1055	94.7669	13.5210	25.5000	0.9300	0.9338	0.7082	-0.0012	761.0000	760.0603	1.0339	-3.4096	99.9498	39.8521	0.8230	0.8229	5.0000	-9999.0000	-9999.0000	-9999.0000	-9999.0000	-9999.0000	-9999.0000	22.2826	7	0	25.5828	1.0000	99	9	-9999.0000	8114	45737	-9999	2475	5298	-9999	526.9892	5	0.6919	0.7082	-0.0012	75.6582	2.6885	689.0206	287.2042	33.4342	622.8431	95.6676	687.6689	95.1843	696.8855	94.9207	703.9961	94.8987	
15/08/2017	02:06:35	019004	H374053596HLR	L374	S		641.6608	1.0233	0.0000	99.9962	39.7124	0.8230	0.8265	5.0000	19.8829	761.1030	95.1184	15.9217	25.5000	0.9300	0.9339	0.7086	-0.0012	761.0000	760.9530	1.0339	-3.4512	99.9949	39.8412	0.8230	0.8234	5.0000	-9999.0000	-9999.0000	-9999.0000	-9999.0000	-9999.0000	-9999.0000	21.5025	1	0	25.3730	1.0000	99	9	-9999.0000	8115	45738	-9999	2476	5299	-9999	525.0310	5	0.6921	0.7086	-0.0012	75.6004	2.6949	681.7247	291.5740	32.3798	614.6425	95.7554	680.7072	95.3600	687.9095	95.0085	692.7357	94.8767	
15/08/2017	02:07:24	019004	H374053563HLR	L374	S		648.5090	1.0233	1.6026	99.9315	39.8410	0.8230	0.8262	5.0000	20.0530	761.0963	94.8328	13.7408	25.5000	0.9300	0.9338	0.7098	-0.0013	761.0000	761.3596	1.0339	-3.4702	100.0624	39.7964	0.8230	0.8229	5.0000	-9999.0000	-9999.0000	-9999.0000	-9999.0000	-9999.0000	-9999.0000	21.0423	3	0	24.7926	1.0000	99	9	-9999.0000	8116	45739	-9999	2477	5300	-9999	527.1097	5	0.6923	0.7098	-0.0013	77.5124	2.5748	690.4545	268.7790	32.0942	617.6257	95.5138	689.1495	95.2282	697.5767	94.9207	704.3201	94.8548	
15/08/2017	02:08:16	019004	H374053591HLR	L374	S		643.2582	1.0233	0.0000	100.1168	39.7368	0.8230	0.8264	5.0000	20.6019	761.1224	94.8108	13.5113	25.5000	0.9300	0.9338	0.7092	-0.0012	761.0000	759.2597	1.0339	-3.3723	100.0282	39.8916	0.8230	0.8234	5.0000	-9999.0000	-9999.0000	-9999.0000	-9999.0000	-9999.0000	-9999.0000	22.3325	5	0	26.1622	1.0000	99	9	-9999.0000	8117	45740	-9999	2478	5301	-9999	527.3675	5	0.6920	0.7092	-0.0012	75.2917	2.7400	687.9537	272.2470	30.8860	613.2727	95.6456	686.6596	95.2721	695.3902	94.9207	702.2781	94.8548	
15/08/2017	02:09:14	019004	H374053576HLR	L374	S		645.9271	1.0233	0.7927	100.0133	39.8631	0.8230	0.8263	5.0000	19.8828	761.0948	94.7230	12.5317	25.5000	0.9300	0.9337	0.7096	-0.0012	761.0000	760.4738	1.0339	-3.4289	99.9464	39.5542	0.8230	0.8228	5.0000	-9999.0000	-9999.0000	-9999.0000	-9999.0000	-9999.0000	-9999.0000	26.5527	7	0	28.2034	1.0000	99	9	-9999.0000	8118	45741	-9999	2479	5302	-9999	528.2957	5	0.6920	0.7096	-0.0012	75.1151	2.7503	694.8794	277.4164	32.5775	621.8990	95.7335	693.3074	95.2062	702.5845	94.8548	709.7844	94.9426	
15/08/2017	02:10:05	019004	H374053566HLR	L374	S		644.5307	1.0233	0.3547	100.0571	39.7435	0.8230	0.8265	5.0000	19.8625	761.0928	94.9866	14.3112	25.5000	0.9300	0.9337	0.7118	-0.0014	761.0000	760.5032	1.0339	-3.4303	99.9966	40.1147	0.8230	0.8232	5.0000	-9999.0000	-9999.0000	-9999.0000	-9999.0000	-9999.0000	-9999.0000	21.2231	1	0	26.1935	1.0000	99	9	-9999.0000	8119	45742	-9999	2480	5303	-9999	526.7238	5	0.6923	0.7118	-0.0014	76.8408	2.6430	683.5752	278.8837	32.3139	612.7001	95.7554	682.1980	95.2282	691.2780	94.9207	698.7196	94.9426	
15/08/2017	02:10:59	019004	H374053307HLR	L374	S		638.5503	1.0233	0.0000	99.9534	39.8170	0.8230	0.8262	5.0000	20.0716	761.0622	95.0085	16.2323	25.5000	0.9300	0.9338	0.7131	-0.0015	761.0000	762.3080	1.0339	-3.5143	99.9724	39.6189	0.8230	0.8229	5.0000	-9999.0000	-9999.0000	-9999.0000	-9999.0000	-9999.0000	-9999.0000	24.0535	3	0	27.0735	1.0000	99	9	-9999.0000	8120	45743	-9999	2481	5304	-9999	524.5695	5	0.6925	0.7131	-0.0015	83.1017	2.2202	677.3389	274.9424	31.6988	601.3136	95.3600	676.0859	95.1403	684.5051	94.8767	691.3558	94.9426	
15/08/2017	02:11:51	019004	H374054219HLR	L374	S		644.1790	1.0233	0.2444	99.9782	39.8263	0.8230	0.8264	5.0000	20.1330	761.1070	94.8767	14.2418	25.5000	0.9300	0.9338	0.7128	-0.0015	761.0000	759.9599	1.0339	-3.4050	100.0598	40.0944	0.8230	0.8233	5.0000	-9999.0000	-9999.0000	-9999.0000	-9999.0000	-9999.0000	-9999.0000	20.3518	5	0	26.7930	1.0000	99	9	-9999.0000	8121	45744	-9999	2482	5305	-9999	526.9010	5	0.6925	0.7128	-0.0015	83.0825	2.2304	683.6362	271.2672	33.5221	610.4092	95.7115	682.2889	95.1843	691.7164	94.9207	698.9275	94.8987	
15/08/2017	02:12:45	019004	H374054244HLR	L374	S		639.5789	1.0233	0.0000	100.1146	39.7992	0.8230	0.8263	5.0000	20.0422	761.1054	94.9207	15.1619	25.5000	0.9300	0.9338	0.7142	-0.0016	761.0000	758.3514	1.0339	-3.3300	100.0379	39.6410	0.8230	0.8231	5.0000	-9999.0000	-9999.0000	-9999.0000	-9999.0000	-9999.0000	-9999.0000	24.0827	7	0	27.1233	1.0000	99	9	-9999.0000	8122	45745	-9999	2483	5306	-9999	525.7115	5	0.6922	0.7142	-0.0016	76.0760	2.7295	675.6658	276.5254	32.3139	604.2654	95.6676	674.4531	95.2062	683.6846	94.8987	690.4990	94.8987	
15/08/2017	02:13:37	019004	H374054242HLR	L374	Q		642.4706	1.0233	0.0000	99.9883	39.8142	0.8230	0.8263	5.0000	20.2415	761.0754	94.8548	14.9812	25.5000	0.9300	0.9338	0.7144	-0.0016	761.0000	760.7236	1.0339	-3.4405	100.0952	40.0142	0.8230	0.8230	5.0000	-9999.0000	-9999.0000	-9999.0000	-9999.0000	-9999.0000	-9999.0000	21.1724	1	0	27.7131	1.0000	99	9	-9999.0000	8123	45746	-9999	2484	5307	-9999	525.9631	5	0.6922	0.7144	-0.0016	76.5564	2.7093	679.2443	291.6782	33.9175	615.2465	95.7994	678.1404	95.2282	687.4788	94.8548	695.0120	94.9426	
15/08/2017	02:15:35	019004	H374054231HLR	L374	Q		643.2181	1.0233	0.0000	99.9506	39.7671	0.8230	0.8260	5.0000	21.4722	761.1020	94.8987	15.2807	25.5000	0.9300	0.9338	0.7133	-0.0015	761.0000	759.2987	1.0339	-3.3742	99.9993	39.8080	0.8230	0.8233	5.0000	-9999.0000	-9999.0000	-9999.0000	-9999.0000	-9999.0000	-9999.0000	21.4223	3	0	93.1608	1.0000	99	9	-9999.0000	8124	45747	-9999	2485	5308	-9999	525.8421	5	0.6924	0.7133	-0.0015	76.4573	2.7310	679.2428	286.1607	33.2804	610.1921	95.6017	678.0343	95.1623	686.0451	94.8987	691.1346	94.9207	
15/08/2017	02:16:27	019004	H374054239HLR	L374	S		637.8813	1.0233	0.0000	100.1010	39.8273	0.8230	0.8262	5.0000	20.4524	761.0891	94.9426	15.8719	25.5000	0.9300	0.9338	0.7149	-0.0016	761.0000	760.3409	1.0339	-3.4227	99.9750	39.8461	0.8230	0.8237	5.0000	-9999.0000	-9999.0000	-9999.0000	-9999.0000	-9999.0000	-9999.0000	20.9623	5	0	26.6632	1.0000	99	9	-9999.0000	8125	45748	-9999	2486	5309	-9999	525.0786	5	0.6923	0.7149	-0.0016	74.9775	2.8420	677.4427	277.1028	31.3913	607.4178	95.4259	676.3282	95.1623	684.9578	94.8987	691.2909	94.8987	
15/08/2017	02:17:21	019004	H374053569HLR	L374	S		638.7937	1.0233	0.0000	99.9666	39.7994	0.8230	0.8264	5.0000	20.1917	761.1192	94.8987	14.6716	25.4000	0.9300	0.9335	0.7135	-0.0015	761.0000	760.9776	1.0339	-3.4524	99.9868	39.7996	0.8230	0.8229	5.0000	-9999.0000	-9999.0000	-9999.0000	-9999.0000	-9999.0000	-9999.0000	21.5621	7	0	27.4328	1.0000	99	9	-9999.0000	8126	45749	-9999	2487	5310	-9999	526.7160	5	0.6922	0.7135	-0.0015	84.7138	2.1693	679.3829	257.6019	32.5775	605.5022	95.4039	677.9219	95.1184	687.0749	94.8767	694.3533	94.8987	
15/08/2017	02:18:16	019004	H374054243HLR	L374	S		642.3249	1.0233	0.0000	100.0237	39.7435	0.8230	0.8263	5.0000	21.6127	761.1036	94.8987	14.9011	25.5000	0.9300	0.9337	0.7128	-0.0014	761.0000	760.1139	1.0339	-3.4121	100.0118	39.8740	0.8230	0.8233	5.0000	-9999.0000	-9999.0000	-9999.0000	-9999.0000	-9999.0000	-9999.0000	23.1032	1	0	27.8138	1.0000	99	9	-9999.0000	8127	45750	-9999	2488	5311	-9999	526.5556	5	0.6922	0.7128	-0.0014	78.5460	2.6197	682.0888	291.1251	33.6539	611.2425	95.7774	680.9075	95.1843	689.4424	94.8987	696.1797	94.8767	
15/08/2017	02:18:45	019004	H374054216HLR	L374	Q		641.4866	1.0233	0.0000	100.0442	39.9018	0.8230	0.8266	5.0000	20.0822	761.0860	94.8548	15.5525	25.4000	0.9300	0.9335	0.7128	-0.0014	761.0000	759.7733	1.0339	-3.3963	100.0472	39.7646	0.8230	0.8230	5.0000	-9999.0000	-9999.0000	-9999.0000	-9999.0000	-9999.0000	-9999.0000	21.0923	2	0	28.8128	1.0000	99	9	-9999.0000	8128	45751	-9999	2489	5312	-9999	525.8217	5	0.6922	0.7128	-0.0014	78.5460	2.6197	679.2810	278.7025	33.1047	610.3456	95.6456	678.1368	95.1184	685.8524	94.8767	691.2557	94.8987	
15/08/2017	02:19:13	019004	H374054238HLR	L374	S		639.7928	1.0233	0.0000	100.0170	39.9122	0.8230	0.8260	5.0000	21.2827	761.1069	94.8548	15.6521	25.4000	0.9300	0.9336	0.7115	-0.0013	761.0000	760.4945	1.0339	-3.4299	100.0310	39.8132	0.8230	0.8235	5.0000	-9999.0000	-9999.0000	-9999.0000	-9999.0000	-9999.0000	-9999.0000	25.5134	3	0	27.5127	1.0000	99	9	-9999.0000	8129	45752	-9999	2490	5313	-9999	525.9017	5	0.6923	0.7115	-0.0013	78.0205	2.6875	678.2282	279.6309	33.4123	608.4317	95.6676	676.8954	95.0744	685.5008	94.8767	692.4235	94.9207	
15/08/2017	02:19:41	019004	H374054247HLR	L374	S		640.6851	1.0233	0.0000	100.0982	39.7094	0.8230	0.8259	5.0000	21.0325	761.1130	94.8548	15.6619	25.4000	0.9300	0.9335	0.7115	-0.0013	761.0000	759.9535	1.0339	-3.4047	100.0568	39.9325	0.8230	0.8233	5.0000	-9999.0000	-9999.0000	-9999.0000	-9999.0000	-9999.0000	-9999.0000	20.5422	4	0	28.6134	1.0000	99	9	-9999.0000	8130	45753	-9999	2490	5314	-9999	525.8714	5	0.6923	0.7115	-0.0013	78.0205	2.6875	677.5967	282.8022	32.5116	609.6367	95.4479	676.5186	94.9426	684.7713	94.7889	691.3294	94.8987	
15/08/2017	02:20:09	019004	H374054291HLR	L374	S		636.5946	1.0233	0.0000	99.9491	39.7476	0.8230	0.8262	5.0000	21.2220	761.0881	94.8108	15.5320	25.4000	0.9300	0.9335	0.7119	-0.0013	761.0000	758.3355	1.0339	-3.3293	100.0129	39.7493	0.8230	0.8229	5.0000	-9999.0000	-9999.0000	-9999.0000	-9999.0000	-9999.0000	-9999.0000	25.3523	5	0	27.6633	1.0000	99	9	-9999.0000	8131	45754	-9999	2491	5315	-9999	526.0948	5	0.6923	0.7119	-0.0013	79.5343	2.5897	676.4301	288.5060	33.9834	608.9366	95.4918	674.9812	94.8767	683.6279	94.7449	690.3925	94.9426	
15/08/2017	02:20:37	019004	H374054283HLR	L374	S		639.2550	1.0233	0.0000	100.0677	39.9487	0.8230	0.8265	5.0000	20.0921	761.1180	94.8767	16.4921	25.4000	0.9300	0.9335	0.7109	-0.0013	761.0000	760.3254	1.0339	-3.4220	99.9732	39.8461	0.8230	0.8231	5.0000	-9999.0000	-9999.0000	-9999.0000	-9999.0000	-9999.0000	-9999.0000	22.4733	6	0	28.0529	1.0000	99	9	-9999.0000	8132	45755	-9999	2492	5316	-9999	525.2582	5	0.6922	0.7109	-0.0013	82.3522	2.3904	676.7709	290.4203	32.6214	610.7796	95.4479	675.5918	94.9426	683.1495	94.7889	689.6253	94.9426	
15/08/2017	02:21:06	019004	H374054255HLR	L374	S		639.7496	1.0233	0.0000	99.9626	39.8516	0.8230	0.8259	5.0000	20.9523	761.1341	94.8108	15.6521	25.4000	0.9300	0.9335	0.7111	-0.0013	761.0000	760.2664	1.0339	-3.4192	100.0442	39.9608	0.8230	0.8232	5.0000	-9999.0000	-9999.0000	-9999.0000	-9999.0000	-9999.0000	-9999.0000	21.5130	7	0	28.7337	1.0000	99	9	-9999.0000	8133	45756	-9999	2493	5317	-9999	526.1448	5	0.6921	0.7111	-0.0013	83.8520	2.3057	678.2722	290.3129	33.8296	611.5820	95.4918	677.2401	94.9426	685.1075	94.8108	691.5981	94.9426	
15/08/2017	02:21:34	019004	H374054263HLR	L374	S		638.2870	1.0233	0.0000	100.0261	39.7047	0.8230	0.8259	5.0000	21.6020	761.0615	94.8328	16.0721	25.4000	0.9300	0.9334	0.7067	-0.0010	761.0000	759.6144	1.0339	-3.3889	100.0568	39.8158	0.8230	0.8228	5.0000	-9999.0000	-9999.0000	-9999.0000	-9999.0000	-9999.0000	-9999.0000	23.5426	8	0	28.7328	1.0000	99	9	-9999.0000	8134	45757	-9999	2494	5318	-9999	526.1478	5	0.6923	0.7067	-0.0010	82.7230	2.3866	679.8453	286.6230	31.8306	609.2939	95.5138	678.7384	95.0085	686.9486	94.8108	692.6885	94.9207	
15/08/2017	02:22:02	019004	H374054271HLR	L374	S		641.2618	1.0233	0.0000	100.1089	39.9487	0.8230	0.8266	5.0000	19.9318	761.1417	94.7889	15.8221	25.4000	0.9300	0.9335	0.7077	-0.0010	761.0000	761.5898	1.0339	-3.4809	100.0625	39.8361	0.8230	0.8232	5.0000	-9999.0000	-9999.0000	-9999.0000	-9999.0000	-9999.0000	-9999.0000	24.3722	1	0	27.7530	1.0000	99	9	-9999.0000	8135	45758	-9999	2494	5319	-9999	526.4921	5	0.6923	0.7077	-0.0010	84.9707	2.2550	681.6607	281.8312	32.8631	611.4616	95.4479	680.3869	94.9646	689.2102	94.7889	695.2699	94.9646	
15/08/2017	02:22:31	019004	H374054251HLR	L374	S		638.9690	1.0233	0.0000	100.0808	39.9544	0.8230	0.8262	5.0000	19.9914	761.0804	94.8328	16.3514	25.4000	0.9300	0.9335	0.7064	-0.0009	761.0000	761.4572	1.0339	-3.4747	100.0018	39.9487	0.8230	0.8231	5.0000	-9999.0000	-9999.0000	-9999.0000	-9999.0000	-9999.0000	-9999.0000	23.7624	2	0	28.8333	1.0000	99	9	-9999.0000	8136	45759	-9999	2495	5320	-9999	526.0445	5	0.6921	0.7064	-0.0009	85.2997	2.2213	681.6901	294.0780	33.7637	613.3791	95.5797	680.5218	95.0085	688.7576	94.8108	695.3357	94.9646	
15/08/2017	02:23:00	019004	H374054245HLR	L374	S		639.1973	1.0233	0.0000	100.0932	39.7249	0.8230	0.8260	5.0000	20.3431	761.0671	94.8108	16.8818	25.4000	0.9300	0.9335	0.7056	-0.0009	761.0000	762.4029	1.0339	-3.5188	100.0290	39.9227	0.8230	0.8229	5.0000	-9999.0000	-9999.0000	-9999.0000	-9999.0000	-9999.0000	-9999.0000	21.6729	3	0	28.9437	1.0000	99	9	-9999.0000	8137	45760	-9999	2496	5321	-9999	525.7542	5	0.6919	0.7056	-0.0009	72.3523	3.0597	680.8379	282.8457	33.0608	614.3855	95.5797	679.5031	95.0964	688.3857	94.8767	694.2955	94.9207	
15/08/2017	02:23:29	019004	H374054257HLR	L374	S		634.4437	1.0233	0.0000	100.0801	39.8461	0.8230	0.8262	5.0000	21.6225	761.0709	94.7669	17.0713	25.4000	0.9300	0.9335	0.7048	-0.0008	761.0000	760.8370	1.0339	-3.4458	99.9972	39.8461	0.8230	0.8231	5.0000	-9999.0000	-9999.0000	-9999.0000	-9999.0000	-9999.0000	-9999.0000	25.5137	4	0	28.7728	1.0000	99	9	-9999.0000	8138	45761	-9999	2497	5322	-9999	525.8101	5	0.6919	0.7048	-0.0008	72.8751	3.0246	676.9214	292.9499	33.8516	609.6154	95.7554	675.8870	95.1843	683.8850	94.9207	689.4174	94.8987	
15/08/2017	02:23:54	019004	H374054275HLR	L374	S		639.2821	1.0233	0.0000	100.0598	40.0130	0.8230	0.8264	5.0000	20.0718	761.1261	94.8108	15.8817	25.4000	0.9300	0.9335	0.7057	-0.0009	761.0000	761.2715	1.0339	-3.4661	100.0097	39.9487	0.8230	0.8231	5.0000	-9999.0000	-9999.0000	-9999.0000	-9999.0000	-9999.0000	-9999.0000	25.4228	5	0	25.2225	1.0000	99	9	-9999.0000	8139	45762	-9999	2498	5323	-9999	526.5558	5	0.6921	0.7057	-0.0009	76.3378	2.7881	682.9039	298.7293	35.7628	621.9573	95.6456	681.7847	95.0525	689.1959	94.8548	695.0340	94.8767	
15/08/2017	02:24:23	019004	H374054268HLR	L374	S		637.6517	1.0233	0.0000	100.0131	39.8631	0.8230	0.8260	5.0000	20.0314	761.0958	94.7889	17.1318	25.3000	0.9300	0.9335	0.7060	-0.0009	761.0000	761.4199	1.0339	-3.4730	99.9672	39.9696	0.8230	0.8231	5.0000	-9999.0000	-9999.0000	-9999.0000	-9999.0000	-9999.0000	-9999.0000	21.7924	6	0	28.9133	1.0000	99	9	-9999.0000	8140	45763	-9999	2499	5324	-9999	525.6228	5	0.6920	0.7060	-0.0009	76.4420	2.7884	679.8475	295.7028	34.9939	615.9752	95.7774	678.6964	95.1403	686.3792	94.8548	691.7999	94.9207	
15/08/2017	02:24:49	019004	H374054297HLR	L374	S		639.9025	1.0233	0.0000	99.9555	39.7435	0.8230	0.8263	5.0000	20.0118	761.1294	94.7010	16.9228	25.4000	0.9300	0.9335	0.7093	-0.0011	761.0000	760.6403	1.0339	-3.4367	99.9977	39.8570	0.8230	0.8229	5.0000	-9999.0000	-9999.0000	-9999.0000	-9999.0000	-9999.0000	-9999.0000	23.1520	7	0	26.6133	1.0000	99	9	-9999.0000	8141	45764	-9999	2500	5325	-9999	525.4079	5	0.6917	0.7093	-0.0011	77.4802	2.7189	677.7957	290.7564	33.4342	614.1876	95.5577	676.8024	95.0525	683.5083	94.8767	688.9819	94.8987	
15/08/2017	02:25:19	019004	H374050123HLR	L374	S		659.6295	1.0233	5.0908	100.1648	39.9487	0.8230	0.8263	5.0000	20.9926	761.1310	94.8548	11.7113	25.4000	0.9300	0.9335	0.7076	-0.0010	761.0000	764.5821	1.0339	-3.6203	99.9981	39.9487	0.8230	0.8231	5.0000	-9999.0000	-9999.0000	-9999.0000	-9999.0000	-9999.0000	-9999.0000	22.0024	8	0	29.1927	1.0000	99	9	-9999.0000	8142	45765	-9999	2501	5326	-9999	529.6923	5	0.6917	0.7076	-0.0010	68.7710	3.2761	703.4331	281.9479	32.2919	628.0656	95.2502	702.3930	94.7449	710.3822	94.7669	716.8462	94.8987	
15/08/2017	02:25:44	019004	H374050128HLR	L374	S		664.8035	1.0233	6.7138	100.1322	39.9487	0.8230	0.8260	5.0000	20.3724	761.0912	94.8548	12.0805	25.4000	0.9300	0.9335	0.7067	-0.0010	761.0000	763.8409	1.0339	-3.5858	99.9665	39.9487	0.8230	0.8229	5.0000	-9999.0000	-9999.0000	-9999.0000	-9999.0000	-9999.0000	-9999.0000	23.5934	1	0	24.9433	1.0000	99	9	-9999.0000	8143	45766	-9999	2502	5327	-9999	529.1730	5	0.6917	0.7067	-0.0010	73.5851	2.9885	702.9993	268.0678	31.3473	625.9440	95.2282	701.8764	94.8767	709.9493	94.7889	716.5906	94.9207	
15/08/2017	02:26:09	019004	H374054218HLR	L374	S		638.2858	1.0233	0.0000	99.9868	39.7495	0.8230	0.8258	5.0000	21.2416	761.0779	95.0525	17.2822	25.4000	0.9300	0.9336	0.7070	-0.0010	761.0000	761.5092	1.0339	-3.4771	100.0677	39.9124	0.8230	0.8230	5.0000	-9999.0000	-9999.0000	-9999.0000	-9999.0000	-9999.0000	-9999.0000	21.4722	2	0	25.1531	1.0000	99	9	-9999.0000	8144	45767	-9999	2503	5328	-9999	525.4341	5	0.6916	0.7070	-0.0010	79.2707	2.6113	679.8389	289.3103	33.7857	609.0828	95.6236	678.9361	95.1843	686.0444	94.8767	690.5956	94.9426	
15/08/2017	02:26:34	019004	H374054279HLR	L374	S		644.2295	1.0233	0.2602	100.1014	39.8461	0.8230	0.8261	5.0000	21.9623	761.0621	94.7669	14.7624	25.4000	0.9300	0.9336	0.7080	-0.0010	761.0000	761.2612	1.0339	-3.4656	99.9705	39.9081	0.8230	0.8230	5.0000	-9999.0000	-9999.0000	-9999.0000	-9999.0000	-9999.0000	-9999.0000	21.8617	3	0	25.0430	1.0000	99	9	-9999.0000	8145	45768	-9999	2503	5329	-9999	527.3312	5	0.6915	0.7080	-0.0010	81.5166	2.4677	686.6028	286.4228	33.1926	617.7384	95.6676	685.5635	95.1184	693.0925	94.8767	699.3702	94.8767	
15/08/2017	02:26:59	019004	H374054295HLR	L374	S		637.5057	1.0233	0.0000	100.0582	40.0488	0.8230	0.8264	5.0000	20.2317	761.0611	94.8987	17.4824	25.4000	0.9300	0.9336	0.7091	-0.0011	761.0000	761.4318	1.0339	-3.4735	99.9291	39.9626	0.8230	0.8231	5.0000	-9999.0000	-9999.0000	-9999.0000	-9999.0000	-9999.0000	-9999.0000	21.6030	4	0	25.0319	1.0000	99	9	-9999.0000	8146	45769	-9999	2504	5330	-9999	525.1622	5	0.6915	0.7091	-0.0011	65.5769	3.4559	675.6725	298.4455	34.0273	611.4262	95.7774	674.4779	95.1184	682.6195	94.8548	688.2628	94.8987	
15/08/2017	02:27:27	019004	H374055138HLR	L374	S		648.5324	1.0233	1.6099	100.1752	39.9153	0.8230	0.8260	5.0000	20.0823	761.0957	94.7889	12.9907	25.4000	0.9300	0.9335	0.6978	-0.0004	761.0000	758.8862	1.0339	-3.3549	99.9616	39.9747	0.8230	0.8230	5.0000	-9999.0000	-9999.0000	-9999.0000	-9999.0000	-9999.0000	-9999.0000	21.7524	5	0	28.6936	1.0000	99	9	-9999.0000	8147	45770	-9999	2505	5331	-9999	527.1845	5	0.6916	0.6978	-0.0004	65.6016	3.4592	699.5426	294.8657	32.4896	631.4596	95.5138	698.4205	95.0085	706.6413	94.8767	711.8915	94.8767	
15/08/2017	02:27:54	019004	H374055103HLR	L374	S		655.3405	1.0233	3.7455	100.0073	39.8054	0.8230	0.8261	5.0000	20.0618	761.0994	94.7449	12.1215	25.4000	0.9300	0.9336	0.6986	-0.0005	761.0000	759.4761	1.0339	-3.3824	100.0062	39.9069	0.8230	0.8229	5.0000	-9999.0000	-9999.0000	-9999.0000	-9999.0000	-9999.0000	-9999.0000	25.2626	6	0	26.9231	1.0000	99	9	-9999.0000	8148	45771	-9999	2506	5332	-9999	527.5488	5	0.6915	0.6986	-0.0005	67.2732	3.3385	704.4384	286.7921	34.2909	634.5845	95.6676	703.3900	94.9646	712.5713	94.7889	718.6299	94.9207	
15/08/2017	02:28:20	019004	H374055095HLR	L374	S		656.0351	1.0233	3.9633	100.0363	39.9288	0.8230	0.8263	5.0000	20.4916	761.0675	94.6790	11.6917	25.4000	0.9300	0.9336	0.6989	-0.0005	761.0000	758.3283	1.0339	-3.3290	100.0311	39.9487	0.8230	0.8230	5.0000	-9999.0000	-9999.0000	-9999.0000	-9999.0000	-9999.0000	-9999.0000	23.6325	7	0	25.3924	1.0000	99	9	-9999.0000	8149	45772	-9999	2507	5333	-9999	527.7540	5	0.6915	0.6989	-0.0005	67.9139	3.3022	705.4076	279.4639	31.5890	634.1009	95.4698	704.1601	94.9646	712.7040	94.8328	719.3626	94.9207	
15/08/2017	02:28:44	019004	H374055099HLR	L374	S		651.6669	1.0233	2.5931	99.9899	39.9917	0.8230	0.8262	5.0000	20.8227	761.1142	94.7889	12.9722	25.5000	0.9300	0.9336	0.6994	-0.0005	761.0000	760.4629	1.0339	-3.4284	99.9466	39.9812	0.8230	0.8230	5.0000	-9999.0000	-9999.0000	-9999.0000	-9999.0000	-9999.0000	-9999.0000	21.5824	8	0	24.6932	1.0000	99	9	-9999.0000	8150	45773	-9999	2508	5334	-9999	527.3353	5	0.6913	0.6994	-0.0005	68.3554	3.2560	700.9261	302.7379	34.4227	633.8567	95.6456	699.7902	95.0744	706.5767	94.8987	712.9751	94.8987	
15/08/2017	02:29:10	019004	H374055114HLR	L374	S		650.9216	1.0233	2.3594	100.0313	39.9409	0.8230	0.8262	5.0000	20.0022	761.0688	94.7010	13.4820	25.4000	0.9300	0.9336	0.7010	-0.0006	761.0000	761.6316	1.0339	-3.4828	100.0426	39.9790	0.8230	0.8230	5.0000	-9999.0000	-9999.0000	-9999.0000	-9999.0000	-9999.0000	-9999.0000	21.4223	1	0	25.9326	1.0000	99	9	-9999.0000	8151	45774	-9999	2509	5335	-9999	527.3529	5	0.6915	0.7010	-0.0006	67.6051	3.3068	697.0259	291.3463	32.8850	630.1787	95.6017	695.9008	95.0744	704.9976	94.8328	710.6359	94.9646	
15/08/2017	02:29:38	019004	H374055110HLR	L374	S		651.9431	1.0233	2.6798	99.9737	39.8461	0.8230	0.8262	5.0000	19.9622	761.1015	94.6790	12.9712	25.5000	0.9300	0.9335	0.7022	-0.0007	761.0000	761.6073	1.0339	-3.4817	99.9883	39.9802	0.8230	0.8230	5.0000	-9999.0000	-9999.0000	-9999.0000	-9999.0000	-9999.0000	-9999.0000	21.4720	2	0	27.4728	1.0000	99	9	-9999.0000	8152	45775	-9999	2510	5336	-9999	527.7858	5	0.6917	0.7022	-0.0007	63.3601	3.5572	699.3791	297.7903	32.2919	630.4806	95.6017	698.3451	95.0744	705.7308	94.8767	712.2639	94.9426	
15/08/2017	02:30:06	019004	H374055117HLR	L374	S		651.7855	1.0233	2.6303	100.0670	39.9464	0.8230	0.8261	5.0000	21.2025	761.0851	94.7010	13.5914	25.4000	0.9300	0.9335	0.7072	-0.0010	761.0000	762.5374	1.0339	-3.5250	100.0661	39.9487	0.8230	0.8230	5.0000	-9999.0000	-9999.0000	-9999.0000	-9999.0000	-9999.0000	-9999.0000	24.2126	3	0	27.7238	1.0000	99	9	-9999.0000	8153	45776	-9999	2511	5337	-9999	528.0560	5	0.6919	0.7072	-0.0010	58.1714	3.8638	694.5218	285.3976	33.9834	626.6250	95.3600	693.3253	94.8987	701.5928	94.8328	707.6526	94.9426	
15/08/2017	02:30:35	019004	H374055120HLR	L374	S		653.0143	1.0233	3.0158	100.1248	39.9487	0.8230	0.8262	5.0000	19.8723	761.0984	94.6351	12.6020	25.4000	0.9300	0.9335	0.7055	-0.0009	761.0000	760.9260	1.0339	-3.4500	100.0590	39.9487	0.8230	0.8229	5.0000	-9999.0000	-9999.0000	-9999.0000	-9999.0000	-9999.0000	-9999.0000	24.1121	4	0	29.1929	1.0000	99	9	-9999.0000	8154	45777	-9999	2512	5338	-9999	528.5396	5	0.6920	0.7055	-0.0009	58.7822	3.8217	696.5412	282.7408	31.5450	628.4885	95.3380	695.1975	95.0305	703.5361	94.8548	712.0157	94.8987	
15/08/2017	02:31:02	019004	H374055123HLR	L374	S		648.9453	1.0233	1.7394	99.9929	39.9219	0.8230	0.8262	5.0000	20.0218	761.0691	94.7010	13.9615	25.4000	0.9300	0.9335	0.7033	-0.0008	761.0000	761.4533	1.0339	-3.4745	99.9629	39.9487	0.8230	0.8230	5.0000	-9999.0000	-9999.0000	-9999.0000	-9999.0000	-9999.0000	-9999.0000	25.9433	5	0	27.3135	1.0000	99	9	-9999.0000	8155	45778	-9999	2512	5339	-9999	527.2916	5	0.6921	0.7033	-0.0008	59.3090	3.7817	693.6340	295.2469	35.7188	630.3751	95.6895	692.5429	95.0744	700.6091	94.8108	706.6240	94.9426	
15/08/2017	02:31:29	019004	H374055122HLR	L374	S		648.2825	1.0233	1.5315	99.9224	39.9040	0.8230	0.8260	5.0000	20.8625	761.0816	94.7669	14.8513	25.4000	0.9300	0.9336	0.7026	-0.0007	761.0000	761.7463	1.0339	-3.4882	99.9649	39.9767	0.8230	0.8230	5.0000	-9999.0000	-9999.0000	-9999.0000	-9999.0000	-9999.0000	-9999.0000	22.5122	6	0	26.9230	1.0000	99	9	-9999.0000	8156	45779	-9999	2513	5340	-9999	526.8229	5	0.6924	0.7026	-0.0007	60.0257	3.7400	693.5200	294.4070	33.6759	630.7762	95.6456	692.4578	95.0964	699.7790	94.8987	704.7904	94.9207	
15/08/2017	02:31:57	019004	H374055190HLR	L374	S		647.8628	1.0233	1.3999	100.2261	39.9487	0.8230	0.8263	5.0000	20.0022	761.0803	94.8328	15.8123	25.4000	0.9300	0.9336	0.7028	-0.0007	761.0000	761.8179	1.0339	-3.4915	100.0780	40.0074	0.8230	0.8230	5.0000	-9999.0000	-9999.0000	-9999.0000	-9999.0000	-9999.0000	-9999.0000	21.3918	7	0	27.9232	1.0000	99	9	-9999.0000	8157	45780	-9999	2514	5341	-9999	526.2149	5	0.6925	0.7028	-0.0007	63.6044	3.4893	687.2925	287.4966	32.5995	616.9847	95.6236	686.1763	95.1623	693.7681	94.9207	698.6872	94.9207	
15/08/2017	02:32:27	019004	H374055149HLR	L374	S		640.9130	1.0233	0.0000	100.0145	39.9487	0.8230	0.8262	5.0000	20.0822	761.0948	94.8108	16.5917	25.4000	0.9300	0.9336	0.7035	-0.0008	761.0000	763.0439	1.0339	-3.5486	99.9931	39.9567	0.8230	0.8229	5.0000	-9999.0000	-9999.0000	-9999.0000	-9999.0000	-9999.0000	-9999.0000	23.8242	8	0	30.2034	1.0000	99	9	-9999.0000	8158	45781	-9999	2515	5342	-9999	525.7451	5	0.6927	0.7035	-0.0008	64.5127	3.4170	686.5934	290.8876	33.8296	617.9825	95.7774	685.2019	95.2062	693.0118	94.8548	699.0278	94.9426	
15/08/2017	02:32:55	019004	H374055153HLR	L374	S		649.4908	1.0233	1.9105	100.0876	39.8684	0.8230	0.8259	5.0000	21.1624	761.0571	94.7449	15.4011	25.4000	0.9300	0.9335	0.7035	-0.0008	761.0000	761.7309	1.0339	-3.4875	99.9790	39.9646	0.8230	0.8230	5.0000	-9999.0000	-9999.0000	-9999.0000	-9999.0000	-9999.0000	-9999.0000	22.5329	1	0	27.4132	1.0000	99	9	-9999.0000	8159	45782	-9999	2516	5342	-9999	526.3964	5	0.6928	0.7035	-0.0008	67.5538	3.2108	687.9634	296.5924	34.0932	620.7741	95.6895	686.8706	95.1843	695.4293	94.9426	701.1339	94.8987	
15/08/2017	02:33:25	019004	H374055158HLR	L374	S		648.4369	1.0233	1.5800	99.9748	39.9362	0.8230	0.8263	5.0000	20.0324	761.1006	94.6571	15.2517	25.4000	0.9300	0.9336	0.7040	-0.0008	761.0000	761.0043	1.0339	-3.4536	100.0275	39.9878	0.8230	0.8230	5.0000	-9999.0000	-9999.0000	-9999.0000	-9999.0000	-9999.0000	-9999.0000	23.0623	2	0	30.0436	1.0000	99	9	-9999.0000	8160	45783	-9999	2517	5343	-9999	526.4383	5	0.6929	0.7040	-0.0008	66.9405	3.2565	686.5432	296.2614	33.2145	618.6675	95.5138	685.4926	95.0525	693.6761	94.8548	698.6204	94.8987	
15/08/2017	02:33:54	019004	H374055754HLR	L374	S		651.6845	1.0233	2.5987	100.1220	39.9487	0.8230	0.8263	5.0000	19.9825	761.0836	94.7449	16.0721	25.4000	0.9300	0.9336	0.7053	-0.0009	761.0000	763.9148	1.0339	-3.5892	100.0979	40.0404	0.8230	0.8231	5.0000	-9999.0000	-9999.0000	-9999.0000	-9999.0000	-9999.0000	-9999.0000	20.8324	3	0	28.9522	1.0000	99	9	-9999.0000	8161	45784	-9999	2518	5344	-9999	525.8415	5	0.6927	0.7053	-0.0009	64.4853	3.4002	688.5143	291.4925	33.0827	619.9103	95.4259	687.5197	94.9866	694.6436	94.8108	701.0728	94.9207	
15/08/2017	02:34:21	019004	H374055172HLR	L374	S		640.9118	1.0233	0.0000	100.1489	39.9300	0.8230	0.8262	5.0000	20.1820	761.0827	94.8328	18.4923	25.4000	0.9300	0.9336	0.7070	-0.0010	761.0000	760.7948	1.0339	-3.4439	100.0211	39.9487	0.8230	0.8230	5.0000	-9999.0000	-9999.0000	-9999.0000	-9999.0000	-9999.0000	-9999.0000	25.5331	4	0	27.6330	1.0000	99	9	-9999.0000	8162	45785	-9999	2519	5345	-9999	523.7916	5	0.6925	0.7070	-0.0010	63.2640	3.5036	676.8737	295.5896	32.4237	610.0730	95.4698	675.9739	95.0964	683.2484	94.8548	689.8126	94.9207	
15/08/2017	02:34:51	019004	H374055159HLR	L374	S		649.4180	1.0233	1.8877	99.8931	39.9116	0.8230	0.8262	5.0000	20.0422	761.1097	94.7669	15.6316	25.5000	0.9300	0.9336	0.7078	-0.0011	761.0000	761.4053	1.0339	-3.4723	99.9662	39.9696	0.8230	0.8230	5.0000	-9999.0000	-9999.0000	-9999.0000	-9999.0000	-9999.0000	-9999.0000	22.1822	5	0	29.7035	1.0000	99	9	-9999.0000	8163	45786	-9999	2520	5346	-9999	525.9292	5	0.6926	0.7078	-0.0011	65.1314	3.3435	685.0064	290.8868	33.0608	617.5644	95.4698	683.6442	94.9646	692.0619	94.8328	697.5719	94.8987	
15/08/2017	02:35:21	019004	H374055169HLR	L374	S		638.1602	1.0233	0.0000	99.9848	39.9487	0.8230	0.8264	5.0000	19.9026	761.1066	94.8108	18.3126	25.4000	0.9300	0.9336	0.7078	-0.0011	761.0000	760.5661	1.0339	-3.4332	100.0632	40.0416	0.8230	0.8231	5.0000	-9999.0000	-9999.0000	-9999.0000	-9999.0000	-9999.0000	-9999.0000	20.8919	6	0	30.2436	1.0000	99	9	-9999.0000	8164	45787	-9999	2521	5347	-9999	523.6761	5	0.6925	0.7078	-0.0011	67.8954	3.1079	674.3169	282.2016	32.3578	605.8511	95.6236	672.8418	95.1403	680.8535	94.8767	686.0941	94.8987	
15/08/2017	02:35:52	019004	H374055183HLR	L374	S		647.7001	1.0233	1.3488	100.1322	39.9470	0.8230	0.8263	5.0000	19.8905	761.0514	94.7449	16.2118	25.5000	0.9300	0.9336	0.7102	-0.0013	761.0000	760.2486	1.0339	-3.4184	100.0091	39.9487	0.8230	0.8230	5.0000	-9999.0000	-9999.0000	-9999.0000	-9999.0000	-9999.0000	-9999.0000	25.6229	7	0	30.9138	1.0000	99	9	-9999.0000	8165	45788	-9999	2522	5348	-9999	524.9440	5	0.6924	0.7102	-0.0013	77.9945	2.3413	681.1050	292.9101	33.8516	619.0876	95.7115	679.9776	95.0525	688.6271	94.8108	693.8275	94.9207	
15/08/2017	02:36:19	019004	H374055184HLR	L374	S		649.5207	1.0233	1.9199	99.9634	39.9182	0.8230	0.8260	5.0000	21.2124	761.0881	94.7010	15.9617	25.5000	0.9300	0.9336	0.7079	-0.0011	761.0000	762.7085	1.0339	-3.5330	100.0422	39.9614	0.8230	0.8230	5.0000	-9999.0000	-9999.0000	-9999.0000	-9999.0000	-9999.0000	-9999.0000	22.3434	8	0	27.4023	1.0000	99	9	-9999.0000	8166	45789	-9999	2522	5349	-9999	525.4364	5	0.6920	0.7079	-0.0011	81.8878	2.0444	686.4690	294.2917	34.3788	622.3551	95.7115	685.2418	95.0964	691.9255	94.8328	697.9547	94.8987	
15/08/2017	02:36:48	019004	H374055164HLR	L374	S		639.3420	1.0233	0.0000	100.0112	39.9122	0.8230	0.8261	5.0000	20.5424	761.0545	94.7889	17.9327	25.4000	0.9300	0.9336	0.7078	-0.0011	761.0000	758.8088	1.0339	-3.3513	100.0316	39.9687	0.8230	0.8230	5.0000	-9999.0000	-9999.0000	-9999.0000	-9999.0000	-9999.0000	-9999.0000	23.8825	1	0	28.9632	1.0000	99	9	-9999.0000	8167	45790	-9999	2522	5349	-9999	523.7827	5	0.6917	0.7078	-0.0011	85.9358	1.7717	674.5935	288.8159	32.8850	605.6106	95.6676	673.4566	95.3161	680.8512	94.9646	686.2280	94.8767	
15/08/2017	02:37:19	019004	H374055161HLR	L374	S		636.9536	1.0233	0.0000	99.9104	39.9137	0.8230	0.8260	5.0000	21.1722	761.0671	94.7010	18.6027	25.4000	0.9300	0.9336	0.7042	-0.0009	761.0000	761.1662	1.0339	-3.4612	100.0559	40.0040	0.8230	0.8230	5.0000	-9999.0000	-9999.0000	-9999.0000	-9999.0000	-9999.0000	-9999.0000	21.4721	2	0	30.2241	1.0000	99	9	-9999.0000	8168	45791	-9999	2522	5350	-9999	523.9566	5	0.6913	0.7042	-0.0009	84.5623	1.8849	675.3590	282.6518	31.9404	609.8909	95.7115	674.1831	95.2941	682.1877	94.9207	687.8486	94.8767	
15/08/2017	02:37:47	019004	H374055831HLR	L374	S		637.9280	1.0233	0.0000	100.1142	39.9487	0.8230	0.8262	5.0000	20.2132	761.0691	94.6351	18.9426	25.4000	0.9300	0.9336	0.7038	-0.0008	761.0000	760.0909	1.0339	-3.4111	99.9814	39.9642	0.8230	0.8230	5.0000	-9999.0000	-9999.0000	-9999.0000	-9999.0000	-9999.0000	-9999.0000	22.6119	3	0	28.6634	1.0000	99	9	-9999.0000	8169	45792	-9999	2523	5351	-9999	523.7738	5	0.6911	0.7038	-0.0008	85.6471	1.8024	673.4883	291.7630	32.7532	612.1057	95.8653	672.4746	95.2721	679.7199	94.9426	684.0633	94.8987	
15/08/2017	02:38:17	019004	H374055823HLR	L374	S		644.5715	1.0233	0.3675	100.1526	39.9415	0.8230	0.8263	5.0000	20.0424	761.0781	94.7230	15.6219	25.4000	0.9300	0.9335	0.7041	-0.0008	761.0000	760.2756	1.0339	-3.4197	99.9745	39.9634	0.8230	0.8230	5.0000	-9999.0000	-9999.0000	-9999.0000	-9999.0000	-9999.0000	-9999.0000	22.8326	4	0	29.7426	1.0000	99	9	-9999.0000	8170	45793	-9999	2524	5352	-9999	525.9035	5	0.6908	0.7041	-0.0008	85.0562	1.8317	683.8049	287.8506	34.5765	616.9625	95.6017	682.5862	95.0305	691.0003	94.8108	697.2434	94.8987	
15/08/2017	02:38:46	019004	H374055813HLR	L374	S		643.6395	1.0233	0.0751	100.0915	39.9120	0.8230	0.8262	5.0000	20.5022	761.0861	94.7449	17.0918	25.4000	0.9300	0.9335	0.7055	-0.0009	761.0000	760.9947	1.0339	-3.4532	99.9659	39.9487	0.8230	0.8229	5.0000	-9999.0000	-9999.0000	-9999.0000	-9999.0000	-9999.0000	-9999.0000	24.8427	5	0	29.0434	1.0000	99	9	-9999.0000	8171	45794	-9999	2525	5353	-9999	524.8843	5	0.6907	0.7055	-0.0009	81.4411	2.0735	680.8754	291.8011	34.0054	612.8836	95.7774	679.7700	95.1843	686.6429	94.8548	692.9035	94.9207	
15/08/2017	02:39:14	019004	H374055819HLR	L374	S		642.0106	1.0233	0.0000	100.0352	39.9198	0.8230	0.8262	5.0000	20.0715	761.0959	94.7230	18.5226	25.4000	0.9300	0.9335	0.7047	-0.0009	761.0000	761.7043	1.0339	-3.4862	100.0763	39.9964	0.8230	0.8231	5.0000	-9999.0000	-9999.0000	-9999.0000	-9999.0000	-9999.0000	-9999.0000	21.2015	6	0	27.9630	1.0000	99	9	-9999.0000	8172	45795	-9999	2526	5354	-9999	524.0131	5	0.6904	0.7047	-0.0009	75.6694	2.4580	678.8691	292.4816	33.2585	610.1756	95.6017	678.0181	95.1623	684.3625	94.8767	689.1988	94.9207	
15/08/2017	02:39:43	019004	H374055809HLR	L374	S		641.7520	1.0233	0.0000	100.0870	39.9487	0.8230	0.8263	5.0000	20.1917	761.1169	94.6571	16.8126	25.4000	0.9300	0.9335	0.7047	-0.0009	761.0000	761.1886	1.0339	-3.4622	99.9743	39.9567	0.8230	0.8230	5.0000	-9999.0000	-9999.0000	-9999.0000	-9999.0000	-9999.0000	-9999.0000	24.3426	7	0	29.1840	1.0000	99	9	-9999.0000	8173	45796	-9999	2527	5355	-9999	525.1771	5	0.6900	0.7047	-0.0009	72.4043	2.6414	679.5313	291.4855	34.2250	611.7443	95.6236	678.4359	95.1403	686.3081	94.8987	692.3467	94.8767	
15/08/2017	02:40:12	019004	H374055817HLR	L374	S		644.4450	1.0233	0.3278	100.0560	39.9372	0.8230	0.8263	5.0000	19.9025	761.0577	94.6571	18.0518	25.4000	0.9300	0.9335	0.7050	-0.0009	761.0000	761.7200	1.0339	-3.4870	100.0629	39.9573	0.8230	0.8229	5.0000	-9999.0000	-9999.0000	-9999.0000	-9999.0000	-9999.0000	-9999.0000	23.5621	8	0	28.3831	1.0000	99	9	-9999.0000	8174	45797	-9999	2528	5356	-9999	524.3096	5	0.6899	0.7050	-0.0009	68.9608	2.8422	679.8508	297.6277	33.8296	615.5395	95.5797	679.1196	95.0964	685.2548	94.8767	689.9316	94.8987	
15/08/2017	02:40:39	019004	H374055807HLR	L374	S		648.0281	1.0233	1.4517	100.1363	39.9094	0.8230	0.8261	5.0000	20.4417	761.0956	94.6351	17.0517	25.4000	0.9300	0.9335	0.7050	-0.0009	761.0000	762.2396	1.0339	-3.5112	99.9685	39.9487	0.8230	0.8229	5.0000	-9999.0000	-9999.0000	-9999.0000	-9999.0000	-9999.0000	-9999.0000	25.1327	1	0	27.4824	1.0000	99	9	-9999.0000	8175	45798	-9999	2529	5357	-9999	525.0294	5	0.6898	0.7050	-0.0009	65.1773	3.0448	682.3972	301.9596	34.7303	619.4128	95.5138	681.4524	95.0744	688.1791	94.8767	693.6275	94.8767	
15/08/2017	02:41:12	019004	H374055804HLR	L374	S		642.9785	1.0233	0.0000	99.9675	39.9425	0.8230	0.8262	5.0000	20.3117	761.0902	94.6571	16.2714	25.4000	0.9300	0.9335	0.7016	-0.0007	761.0000	760.5586	1.0339	-3.4329	100.0808	39.9530	0.8230	0.8229	5.0000	-9999.0000	-9999.0000	-9999.0000	-9999.0000	-9999.0000	-9999.0000	23.6326	2	0	32.7536	1.0000	99	9	-9999.0000	8176	45799	-9999	2530	5358	-9999	525.3522	5	0.6896	0.7016	-0.0007	67.1901	2.9248	682.7271	288.5127	33.7637	616.6631	95.5358	681.5835	95.0744	690.3254	94.8767	697.7241	94.8767	
15/08/2017	02:41:37	019004	H374055798HLR	L374	S		643.0360	1.0233	0.0000	100.0970	39.9251	0.8230	0.8260	5.0000	20.9017	761.0893	94.6351	17.3721	25.4000	0.9300	0.9336	0.7051	-0.0009	761.0000	762.4134	1.0339	-3.5193	99.9569	40.0091	0.8230	0.8230	5.0000	-9999.0000	-9999.0000	-9999.0000	-9999.0000	-9999.0000	-9999.0000	21.5717	3	0	25.1836	1.0000	99	9	-9999.0000	8177	45800	-9999	2531	5359	-9999	524.8928	5	0.6897	0.7051	-0.0009	67.0684	2.9360	679.7482	298.1835	33.6100	612.0394	95.4259	678.8942	95.0525	686.0716	94.8767	691.3214	94.8987	
15/08/2017	02:42:06	019004	H374055803HLR	L374	S		645.7533	1.0233	0.7382	100.1185	39.9219	0.8230	0.8262	5.0000	20.3117	761.0758	94.6571	16.5517	25.4000	0.9300	0.9336	0.7024	-0.0007	761.0000	761.8338	1.0339	-3.4923	99.9901	40.0199	0.8230	0.8230	5.0000	-9999.0000	-9999.0000	-9999.0000	-9999.0000	-9999.0000	-9999.0000	21.7525	4	0	29.5129	1.0000	99	9	-9999.0000	8178	45801	-9999	2532	5360	-9999	525.2278	5	0.6895	0.7024	-0.0007	68.7649	2.8259	686.1123	282.9293	32.9509	614.7727	95.4259	684.9823	95.0744	691.9456	94.9207	697.0251	94.8548	
15/08/2017	02:42:34	019004	H374055797HLR	L374	S		644.8920	1.0233	0.4680	100.0318	39.9366	0.8230	0.8262	5.0000	20.4827	761.1005	94.6571	15.5916	25.4000	0.9300	0.9336	0.7003	-0.0006	761.0000	759.5625	1.0339	-3.3865	100.0054	39.9583	0.8230	0.8230	5.0000	-9999.0000	-9999.0000	-9999.0000	-9999.0000	-9999.0000	-9999.0000	22.2729	5	0	27.4827	1.0000	99	9	-9999.0000	8179	45802	-9999	2533	5361	-9999	525.5352	5	0.6893	0.7003	-0.0006	65.8838	2.9759	686.5497	300.6534	33.5221	617.6652	95.5138	685.2416	95.1184	693.5341	94.8987	698.4806	94.8548	
15/08/2017	02:43:01	019004	H374055784HLR	L374	S		644.9575	1.0233	0.4886	100.0872	39.9409	0.8230	0.8262	5.0000	20.2122	761.0629	94.7669	18.0421	25.4000	0.9300	0.9336	0.7030	-0.0008	761.0000	762.9567	1.0339	-3.5446	100.1677	40.0721	0.8230	0.8232	5.0000	-9999.0000	-9999.0000	-9999.0000	-9999.0000	-9999.0000	-9999.0000	21.0121	6	0	27.0635	1.0000	99	9	-9999.0000	8179	45803	-9999	2533	5362	-9999	524.3709	5	0.6895	0.7030	-0.0008	71.9059	2.6525	680.1859	301.6872	34.4667	612.5769	95.6236	678.8762	95.1184	688.3645	94.8767	693.5337	94.8548	
15/08/2017	02:43:28	019004	H374053578HLR	L374	S		657.5682	1.0233	4.4442	99.9868	39.9391	0.8230	0.8262	5.0000	20.0422	761.0898	94.7669	13.2612	25.5000	0.9300	0.9335	0.7029	-0.0008	761.0000	760.5474	1.0339	-3.4323	100.0660	40.0693	0.8230	0.8231	5.0000	-9999.0000	-9999.0000	-9999.0000	-9999.0000	-9999.0000	-9999.0000	21.2026	7	0	27.3126	1.0000	99	9	-9999.0000	8180	45804	-9999	2534	5363	-9999	527.1816	5	0.6895	0.7029	-0.0008	70.4281	2.7489	697.1082	302.3066	35.6749	633.8913	95.4698	695.7558	94.9646	704.2544	94.8548	710.1382	94.8548	
15/08/2017	02:43:55	019004	H374055791HLR	L374	S		646.1347	1.0233	0.8578	100.0891	39.9487	0.8230	0.8263	5.0000	20.0921	761.0882	95.0305	17.3516	25.4000	0.9300	0.9336	0.7022	-0.0007	761.0000	761.4710	1.0339	-3.4754	100.0369	39.9610	0.8230	0.8229	5.0000	-9999.0000	-9999.0000	-9999.0000	-9999.0000	-9999.0000	-9999.0000	23.8533	8	0	26.4735	1.0000	99	9	-9999.0000	8181	45805	-9999	2535	5364	-9999	524.7037	5	0.6894	0.7022	-0.0007	73.6286	2.5708	684.3870	308.5846	32.6214	621.2166	95.9312	683.3349	95.2941	690.4814	94.8987	696.1328	94.8987	
15/08/2017	02:44:22	019004	H374055788HLR	L374	S		648.8837	1.0233	1.7201	100.1685	39.8721	0.8230	0.8262	5.0000	20.2728	761.0773	94.7010	15.6717	25.4000	0.9300	0.9336	0.7039	-0.0008	761.0000	761.4005	1.0339	-3.4721	100.0853	39.9528	0.8230	0.8230	5.0000	-9999.0000	-9999.0000	-9999.0000	-9999.0000	-9999.0000	-9999.0000	23.1726	1	0	27.3927	1.0000	99	9	-9999.0000	8182	45806	-9999	2536	5365	-9999	525.8179	5	0.6896	0.7039	-0.0008	77.6209	2.3342	686.4940	289.5819	33.6759	619.2825	95.7554	685.1836	95.1843	693.5492	94.8987	698.6852	94.8767	
15/08/2017	02:44:48	019004	H374055847HLR	L374	S		652.7591	1.0233	2.9357	99.9419	39.9487	0.8230	0.8263	5.0000	20.0022	761.0805	94.6351	15.3718	25.4000	0.9300	0.9336	0.7048	-0.0009	761.0000	761.5541	1.0339	-3.4792	99.9948	39.9960	0.8230	0.8230	5.0000	-9999.0000	-9999.0000	-9999.0000	-9999.0000	-9999.0000	-9999.0000	23.7223	2	0	25.8633	1.0000	99	9	-9999.0000	8183	45807	-9999	2537	5366	-9999	526.0067	5	0.6894	0.7048	-0.0009	83.4507	1.9988	688.7720	303.4021	32.3139	622.9374	95.6676	687.8190	95.1843	695.2256	94.8987	700.0591	94.9207	
15/08/2017	02:45:13	019004	H374055838HLR	L374	S		649.8540	1.0233	2.0245	100.1340	39.9487	0.8230	0.8262	5.0000	20.1319	761.0710	94.6131	15.2019	25.4000	0.9300	0.9336	0.7063	-0.0010	761.0000	761.6838	1.0339	-3.4853	99.9987	40.0347	0.8230	0.8230	5.0000	-9999.0000	-9999.0000	-9999.0000	-9999.0000	-9999.0000	-9999.0000	22.1227	3	0	25.4823	1.0000	99	9	-9999.0000	8184	45808	-9999	2538	5367	-9999	526.3293	5	0.6897	0.7063	-0.0010	71.5108	2.6868	687.0016	296.9831	33.9834	623.5442	95.4918	685.6851	95.0744	695.3311	94.8987	699.7009	94.8987	
15/08/2017	02:45:42	019004	H374055839HLR	L374	S		655.7757	1.0233	3.8820	100.0746	39.9112	0.8230	0.8261	5.0000	20.2425	761.1183	94.5472	14.0113	25.4000	0.9300	0.9336	0.7071	-0.0010	761.0000	762.1812	1.0339	-3.5084	100.0969	40.0007	0.8230	0.8229	5.0000	-9999.0000	-9999.0000	-9999.0000	-9999.0000	-9999.0000	-9999.0000	22.0621	4	0	28.5930	1.0000	99	9	-9999.0000	8185	45809	-9999	2539	5368	-9999	527.2804	5	0.6896	0.7071	-0.0010	69.7887	2.7740	692.0882	301.5799	34.4447	625.5611	95.4479	691.0558	94.9866	699.7699	94.8328	705.8051	94.8987	
15/08/2017	02:46:08	019004	H374055851HLR	L374	S		650.4104	1.0233	2.1990	100.0354	39.9487	0.8230	0.8263	5.0000	20.0716	761.0597	94.6790	15.4714	25.4000	0.9300	0.9336	0.7076	-0.0011	761.0000	762.6902	1.0339	-3.5322	100.0977	39.9956	0.8230	0.8230	5.0000	-9999.0000	-9999.0000	-9999.0000	-9999.0000	-9999.0000	-9999.0000	22.1021	5	0	25.4628	1.0000	99	9	-9999.0000	8186	45810	-9999	2540	5369	-9999	526.0528	5	0.6898	0.7076	-0.0011	79.1006	2.2187	685.7323	298.7493	32.7752	617.5956	95.6017	684.9037	95.1184	692.4127	94.8328	699.1622	94.9207	
15/08/2017	02:46:37	019004	H374055857HLR	L374	S		654.6100	1.0233	3.5163	99.9994	39.9487	0.8230	0.8262	5.0000	20.1819	761.1055	94.6131	14.1510	25.4000	0.9300	0.9336	0.7086	-0.0011	761.0000	762.2525	1.0339	-3.5118	100.0857	40.0699	0.8230	0.8231	5.0000	-9999.0000	-9999.0000	-9999.0000	-9999.0000	-9999.0000	-9999.0000	20.8422	6	0	29.1840	1.0000	99	9	-9999.0000	8187	45811	-9999	2541	5370	-9999	527.2070	5	0.6899	0.7086	-0.0011	69.2994	2.7734	689.4441	301.4174	32.8191	618.7383	95.3820	688.3599	95.0525	697.1922	94.8987	703.4186	94.8987	
15/08/2017	02:47:03	019004	H374055850HLR	L374	S		659.4125	1.0233	5.0227	99.9884	39.9454	0.8230	0.8262	5.0000	20.1429	761.0721	94.5033	13.1011	25.4000	0.9300	0.9336	0.7073	-0.0011	761.0000	761.9318	1.0339	-3.4968	99.9880	39.9487	0.8230	0.8229	5.0000	-9999.0000	-9999.0000	-9999.0000	-9999.0000	-9999.0000	-9999.0000	25.8827	7	0	25.9825	1.0000	99	9	-9999.0000	8188	45812	-9999	2542	5371	-9999	527.8262	5	0.6898	0.7073	-0.0011	67.2376	2.8859	695.7160	291.9600	33.2145	623.3944	95.5358	694.4471	95.0525	703.5473	94.8987	709.4802	94.8987	
15/08/2017	02:47:29	019004	H374055826HLR	L374	S		642.6117	1.0233	0.0000	100.0939	39.9315	0.8230	0.8262	5.0000	19.9221	761.1234	94.9866	16.8828	25.4000	0.9300	0.9336	0.7065	-0.0010	761.0000	760.4171	1.0339	-3.4263	100.1202	40.0138	0.8230	0.8231	5.0000	-9999.0000	-9999.0000	-9999.0000	-9999.0000	-9999.0000	-9999.0000	20.8724	8	0	25.9434	1.0000	99	9	-9999.0000	8189	45813	-9999	2543	5372	-9999	524.7775	5	0.6900	0.7065	-0.0010	65.7565	2.9643	680.3423	297.7072	34.0054	611.6828	95.7774	679.3155	95.2062	686.3788	94.8987	692.4741	94.9207	
15/08/2017	02:47:54	019004	H374055842HLR	L374	S		654.8917	1.0233	3.6047	99.9796	39.9360	0.8230	0.8259	5.0000	21.4115	761.0560	94.7010	13.5123	25.4000	0.9300	0.9335	0.7066	-0.0010	761.0000	761.1122	1.0339	-3.4586	99.9800	40.0353	0.8230	0.8230	5.0000	-9999.0000	-9999.0000	-9999.0000	-9999.0000	-9999.0000	-9999.0000	21.8325	1	0	25.3729	1.0000	99	9	-9999.0000	8190	45814	-9999	2544	5373	-9999	527.2841	5	0.6901	0.7066	-0.0010	64.3091	3.0646	692.7456	296.6341	33.6100	624.2305	95.5358	691.6548	95.0744	701.4809	94.8548	707.7749	94.8767	
15/08/2017	02:48:19	019004	H374055869HLR	L374	S		652.8210	1.0233	2.9552	99.9833	39.9458	0.8230	0.8259	5.0000	21.5024	761.0666	94.6571	14.3414	25.4000	0.9300	0.9336	0.7064	-0.0010	761.0000	760.3998	1.0339	-3.4255	100.0474	40.0308	0.8230	0.8231	5.0000	-9999.0000	-9999.0000	-9999.0000	-9999.0000	-9999.0000	-9999.0000	21.7026	2	0	25.4521	1.0000	99	9	-9999.0000	8190	45815	-9999	2545	5374	-9999	526.5713	5	0.6902	0.7064	-0.0010	65.7553	2.9577	690.2200	291.9824	34.2031	624.5240	95.6895	689.0965	95.0744	696.7672	94.8767	703.1151	94.8767	
15/08/2017	02:48:45	019004	H374055864HLR	L374	S		655.2426	1.0233	3.7147	99.9862	39.9350	0.8230	0.8261	5.0000	20.5316	761.1107	94.5912	14.1520	25.5000	0.9300	0.9336	0.7064	-0.0010	761.0000	761.4658	1.0339	-3.4751	100.0589	40.0396	0.8230	0.8231	5.0000	-9999.0000	-9999.0000	-9999.0000	-9999.0000	-9999.0000	-9999.0000	20.8519	3	0	25.9228	1.0000	99	9	-9999.0000	8191	45816	-9999	2546	5375	-9999	526.6832	5	0.6905	0.7064	-0.0010	60.7612	3.2778	692.0917	293.3401	32.8850	624.0909	95.5358	690.8183	95.0744	698.9948	94.8767	704.7143	94.8767	
15/08/2017	02:49:12	019004	H374055867HLR	L374	S		650.1698	1.0233	2.1235	99.8921	39.9401	0.8230	0.8259	5.0000	21.5219	761.1214	94.6131	14.2614	25.4000	0.9300	0.9336	0.7055	-0.0010	761.0000	761.8187	1.0339	-3.4916	100.0732	40.0474	0.8230	0.8231	5.0000	-9999.0000	-9999.0000	-9999.0000	-9999.0000	-9999.0000	-9999.0000	21.1118	4	0	26.7434	1.0000	99	9	-9999.0000	8192	45817	-9999	2547	5376	-9999	526.6382	5	0.6906	0.7055	-0.0010	50.9363	3.9620	692.5034	300.2250	32.7972	625.9303	95.5797	691.5148	95.1403	699.5714	94.9207	705.2959	94.8987	
15/08/2017	02:49:37	019004	H374055863HLR	L374	S		654.6048	1.0233	3.5147	100.0280	39.9436	0.8230	0.8262	5.0000	20.3323	761.1290	94.5692	13.5416	25.5000	0.9300	0.9336	0.7062	-0.0010	761.0000	760.6920	1.0339	-3.4391	99.9718	40.0115	0.8230	0.8229	5.0000	-9999.0000	-9999.0000	-9999.0000	-9999.0000	-9999.0000	-9999.0000	22.6921	5	0	25.0330	1.0000	99	9	-9999.0000	8193	45818	-9999	2548	5377	-9999	527.2153	5	0.6907	0.7062	-0.0010	54.9670	3.6918	693.7432	294.8637	32.2700	623.7783	95.4918	692.4097	94.9866	700.0423	94.8548	706.4427	94.9207	
15/08/2017	02:50:06	019004	H374055860HLR	L374	S		652.7851	1.0233	2.9439	99.9474	39.9487	0.8230	0.8263	5.0000	20.0920	761.0625	94.5912	13.7320	25.5000	0.9300	0.9336	0.7062	-0.0010	761.0000	760.6431	1.0339	-3.4368	99.9544	40.0343	0.8230	0.8230	5.0000	-9999.0000	-9999.0000	-9999.0000	-9999.0000	-9999.0000	-9999.0000	21.5717	6	0	28.4132	1.0000	99	9	-9999.0000	8194	45819	-9999	2549	5378	-9999	527.0762	5	0.6910	0.7062	-0.0010	60.7985	3.2798	691.7300	297.9453	33.9614	623.5210	95.6017	690.5101	95.0525	698.9669	94.8767	705.5485	94.8987	
15/08/2017	02:50:34	019004	H374055872HLR	L374	S		655.1946	1.0233	3.6997	99.9059	39.9337	0.8230	0.8258	5.0000	21.8422	761.1487	94.5253	13.9615	25.5000	0.9300	0.9336	0.7057	-0.0010	761.0000	760.9912	1.0339	-3.4530	99.9649	40.0488	0.8230	0.8231	5.0000	-9999.0000	-9999.0000	-9999.0000	-9999.0000	-9999.0000	-9999.0000	21.5418	7	0	28.4026	1.0000	99	9	-9999.0000	8195	45820	-9999	2550	5379	-9999	526.9564	5	0.6911	0.7057	-0.0010	61.8653	3.1954	690.0434	311.9248	35.7847	632.4659	95.5358	689.0626	95.0744	696.6981	94.8767	702.3060	94.8767	
15/08/2017	02:51:03	019004	H374055875HLR	L374	S		657.8710	1.0233	4.5392	100.0630	39.9487	0.8230	0.8262	5.0000	20.0217	761.0937	94.6571	15.0915	25.5000	0.9300	0.9336	0.7057	-0.0010	761.0000	764.0166	1.0339	-3.5939	100.0291	40.0576	0.8230	0.8231	5.0000	-9999.0000	-9999.0000	-9999.0000	-9999.0000	-9999.0000	-9999.0000	21.1624	8	0	28.7132	1.0000	99	9	-9999.0000	8196	45821	-9999	2551	5380	-9999	525.9587	5	0.6911	0.7057	-0.0010	63.7947	3.0668	696.2650	294.0164	33.1926	623.2458	95.2941	695.0045	94.8548	702.5473	94.7889	708.3569	94.9426	
15/08/2017	02:52:00	019004	H374055883HLR	L374	S		646.7517	1.0233	1.0514	99.9874	39.9487	0.8230	0.8262	5.0000	20.1517	761.1276	94.8108	16.7118	25.6000	0.9300	0.9338	0.7048	-0.0009	761.0000	761.1807	1.0339	-3.4618	100.0658	39.8725	0.8230	0.8229	5.0000	-9999.0000	-9999.0000	-9999.0000	-9999.0000	-9999.0000	-9999.0000	22.3824	2	0	28.7835	1.0000	99	9	-9999.0000	8197	45822	-9999	2553	5381	-9999	524.9952	5	0.6914	0.7048	-0.0009	64.7642	3.0286	683.4131	289.0265	34.1152	615.2817	95.6895	682.2347	95.2941	689.9505	94.9866	695.6455	94.8987	
15/08/2017	02:52:26	019004	H374056880HLR	L374	S		644.8136	1.0233	0.4434	100.0346	39.9249	0.8230	0.8260	5.0000	21.2118	761.0797	94.7449	16.5419	25.4000	0.9300	0.9335	0.7052	-0.0009	761.0000	761.0980	1.0339	-3.4580	100.0281	39.9487	0.8230	0.8233	5.0000	-9999.0000	-9999.0000	-9999.0000	-9999.0000	-9999.0000	-9999.0000	21.2425	3	0	26.0527	1.0000	99	9	-9999.0000	8198	45823	-9999	2554	5382	-9999	525.0408	5	0.6917	0.7052	-0.0009	56.8122	3.5761	681.7135	301.6683	33.8516	618.0326	95.8872	680.6123	95.3600	688.2936	94.9866	693.8261	94.8767	
15/08/2017	02:52:53	019004	H374056891HLR	L374	S		642.7578	1.0233	0.0000	100.0071	39.9487	0.8230	0.8262	5.0000	20.4221	761.0946	94.6790	16.5917	25.4000	0.9300	0.9335	0.7054	-0.0010	761.0000	760.3399	1.0339	-3.4227	100.0493	40.1339	0.8230	0.8231	5.0000	-9999.0000	-9999.0000	-9999.0000	-9999.0000	-9999.0000	-9999.0000	22.5630	4	0	27.2833	1.0000	99	9	-9999.0000	8199	45824	-9999	2555	5383	-9999	524.9661	5	0.6915	0.7054	-0.0010	60.0228	3.3463	681.8840	299.5163	32.6873	614.3996	95.6456	680.8325	95.2282	687.0834	94.9646	692.5999	94.8548	
15/08/2017	02:53:19	019004	H374056921HLR	L374	S		641.4501	1.0233	0.0000	100.0156	39.9487	0.8230	0.8259	5.0000	21.1517	761.0649	94.6790	16.2323	25.4000	0.9300	0.9335	0.7054	-0.0010	761.0000	759.6685	1.0339	-3.3914	100.0154	40.0760	0.8230	0.8230	5.0000	-9999.0000	-9999.0000	-9999.0000	-9999.0000	-9999.0000	-9999.0000	21.2728	5	0	25.5722	1.0000	99	9	-9999.0000	8200	45825	-9999	2556	5384	-9999	525.2045	5	0.6915	0.7054	-0.0010	60.0228	3.3463	679.5270	278.6767	33.1706	613.9894	95.6895	678.3812	95.1623	688.0578	94.8767	693.6235	94.8987	
