Data	Timp	Nr. masina	Nr. de serie	Tip	Productie	Comentariu	Pre-masurare Q [ml/min]	Pre-masurare Gain	Pre-masurare Offset Master	Pre-masurare P [bar]	Pre-masurare T [°C]	Pre-masurare Densitate fixa [kg/l]	Pre-masurare densitate masurata [kg/l]	Pre-masurare Timp masurare [s]	Pre-masurare Cycle time [s]	rectificare Q Oprire [ml/min]	rectificare P Oprire [bar]	rectificare Timp rectificare [s]	rectificare T [°C]	rectificare Densitate fixa [kg/l]	rectificare densitate masurata [kg/l]	rectificare Factor de masurare la rectificare	rectificare Factor de corectie a debitului	rectificare Target rectificare	Masurare Q [ml/min]	Masurare Gain	Masurare Offset Master	Masurare P [bar]	Masurare T [°C]	Masurare Densitate fixa [kg/l]	Masurare densitate masurata [kg/l]	Masurare Timp masurare [s]	Masurare Q [ml/min]	Masurare Delta Q [ml/min]	Masurare P [bar]	Masurare BP [bar]	Masurare T [°C]	Masurare Timp masurare [s]	Masurare Cycle time [s]	Nest Nr.	Cod de descarcare	Cycle time [s]	Traceability aktiv	EDM Maschine Nr	EDM Spindle Nr	Honing Rate [r	Station Counter Premeasure	Station Counter Grind	Station Counter Blowout 1	Station Counter Wash	Station Counter Measure	Station Counter Blowout 2	RealGrindQStop	Reg Type	Factor 0	Factor 1	Factor 2	Factor 3	Factor 4	G_StartQV	G_StartQV_1	G_StartQV_2	G_StartQV_3	G_StartQV_4	G_StartQV_5	
26/08/2017	00:00:17	019004	G523114924HLR	L523	S		426.9882	1.0233	10.0000	100.0326	39.9479	0.8230	0.8274	5.0000	20.3323	508.0292	95.0305	16.4423	24.3000	0.9300	0.9266	0.6596	-0.0003	508.0000	509.4916	1.0339	9.3799	100.0742	39.9487	0.8230	0.8242	5.0000	-9999.0000	-9999.0000	-9999.0000	-9999.0000	-9999.0000	-9999.0000	20.8019	7	0	27.2432	1.0000	11	4	-9999.0000	29802	66474	-9999	185	175	-9999	332.6477	5	0.6550	0.6596	-0.0003	64.3074	1.1382	472.2263	297.1718	37.8716	441.8366	95.8872	467.4045	95.4479	471.7995	95.4039	475.3941	95.0964	
26/08/2017	00:00:44	019004	G523114925HLR	L523	S		426.8771	1.0233	10.0000	100.0095	39.6602	0.8230	0.8273	5.0000	20.0021	508.0408	94.8767	15.2517	24.2000	0.9300	0.9263	0.6590	-0.0003	508.0000	508.4055	1.0339	9.4914	99.9683	39.9943	0.8230	0.8240	5.0000	-9999.0000	-9999.0000	-9999.0000	-9999.0000	-9999.0000	-9999.0000	20.2023	8	0	26.6230	1.0000	11	4	-9999.0000	29802	66475	-9999	186	176	-9999	332.8067	5	0.6550	0.6590	-0.0003	59.5114	1.4599	475.3673	297.3687	39.2555	446.0891	95.2502	471.0326	94.8548	475.0521	94.7449	478.1391	94.8108	
26/08/2017	00:01:12	019004	G523114904HLR	L523	Q		420.7323	1.0233	10.0000	100.0137	39.7435	0.8230	0.8281	5.0000	20.1225	508.0327	95.0744	18.6017	24.2000	0.9300	0.9264	0.6588	-0.0003	508.0000	507.2647	1.0339	9.3881	100.0804	39.8046	0.8230	0.8237	5.0000	-9999.0000	-9999.0000	-9999.0000	-9999.0000	-9999.0000	-9999.0000	21.1722	1	0	28.0530	1.0000	11	4	-9999.0000	29803	66476	-9999	187	177	-9999	332.2029	5	0.6548	0.6588	-0.0003	54.6966	1.7552	464.8814	298.6593	38.0473	438.3168	95.5138	458.7624	94.9207	464.4210	94.8108	467.5377	94.8548	
26/08/2017	00:01:37	019004	G523114903HLR	L523	Q		427.7505	1.0233	10.0000	100.1206	40.0512	0.8230	0.8284	5.0000	20.3089	508.0505	94.8987	16.6513	24.3000	0.9300	0.9265	0.6588	-0.0003	508.0000	508.1056	1.0339	9.4643	100.0738	39.8461	0.8230	0.8243	5.0000	-9999.0000	-9999.0000	-9999.0000	-9999.0000	-9999.0000	-9999.0000	19.9719	2	0	25.3632	1.0000	11	4	-9999.0000	29804	66477	-9999	188	178	-9999	332.5151	5	0.6548	0.6588	-0.0003	54.6966	1.7552	471.9283	308.2736	38.3110	446.6632	95.5138	468.0783	95.0964	471.6753	94.9866	474.7797	94.8987	
26/08/2017	00:02:05	019004	G523114913HLR	L523	S		427.1385	1.0233	10.0000	99.9986	40.0078	0.8230	0.8276	5.0000	20.0227	508.0326	94.8328	15.5115	24.3000	0.9300	0.9266	0.6598	-0.0003	508.0000	507.8828	1.0339	9.4441	100.0113	40.1026	0.8230	0.8243	5.0000	-9999.0000	-9999.0000	-9999.0000	-9999.0000	-9999.0000	-9999.0000	20.2414	3	0	27.1827	1.0000	11	4	-9999.0000	29805	66478	-9999	189	179	-9999	332.5904	5	0.6546	0.6598	-0.0003	51.0896	1.9593	474.1101	310.3950	38.3769	449.1193	95.5138	469.3453	94.9866	473.6850	94.8767	477.2333	94.8767	
26/08/2017	00:02:34	019004	G523115501HLR	L523	S		427.7692	1.0233	10.0000	99.9410	39.6451	0.8230	0.8270	5.0000	21.1916	508.0446	94.8328	15.0115	24.3000	0.9300	0.9265	0.6595	-0.0003	508.0000	508.3760	1.0339	9.4888	100.0979	39.9043	0.8230	0.8239	5.0000	-9999.0000	-9999.0000	-9999.0000	-9999.0000	-9999.0000	-9999.0000	20.3030	4	0	29.0735	1.0000	11	4	-9999.0000	29806	66479	-9999	190	180	-9999	332.7118	5	0.6546	0.6595	-0.0003	52.2487	1.8801	475.8230	300.0255	40.6834	451.7061	95.3600	470.6535	94.8767	475.2177	94.8108	479.0553	94.8548	
26/08/2017	00:02:58	019004	G523115511HLR	L523	S		427.6590	1.0233	10.0000	99.8202	39.7435	0.8230	0.8281	5.0000	19.9622	508.0505	94.9207	16.3319	24.3000	0.9300	0.9266	0.6573	-0.0002	508.0000	507.8279	1.0339	9.4391	100.0232	39.8017	0.8230	0.8240	5.0000	-9999.0000	-9999.0000	-9999.0000	-9999.0000	-9999.0000	-9999.0000	20.3215	5	0	24.2429	1.0000	11	4	-9999.0000	29807	66480	-9999	191	181	-9999	332.5946	5	0.6546	0.6573	-0.0002	50.9200	1.9420	473.6744	302.7921	40.1342	450.0253	95.4259	468.7202	94.9866	473.3232	94.9426	476.5559	94.8987	
26/08/2017	00:03:24	019004	G523115521HLR	L523	S		431.6158	1.0233	10.0000	100.1123	40.0512	0.8230	0.8284	5.0000	19.8714	508.0556	94.8548	13.7418	24.4000	0.9300	0.9266	0.6573	-0.0002	508.0000	508.0468	1.0339	9.4590	100.0381	39.9608	0.8230	0.8244	5.0000	-9999.0000	-9999.0000	-9999.0000	-9999.0000	-9999.0000	-9999.0000	20.3821	6	0	25.6825	1.0000	11	4	-9999.0000	29808	66481	-9999	192	182	-9999	332.8600	5	0.6547	0.6573	-0.0002	51.1306	1.8921	480.7260	304.2601	39.1018	454.9825	95.1623	475.9683	94.7889	480.3843	94.7230	483.8245	94.8328	
26/08/2017	00:03:50	019004	G523115522HLR	L523	S		425.2473	1.0233	10.0000	99.8139	39.9894	0.8230	0.8274	5.0000	21.4916	508.0560	94.9207	15.4217	24.3000	0.9300	0.9266	0.6575	-0.0002	508.0000	509.3893	1.0339	9.3923	100.0871	39.9839	0.8230	0.8241	5.0000	-9999.0000	-9999.0000	-9999.0000	-9999.0000	-9999.0000	-9999.0000	20.3020	7	0	26.4823	1.0000	11	4	-9999.0000	29809	66482	-9999	193	183	-9999	332.7161	5	0.6547	0.6575	-0.0002	49.8567	1.9844	474.5736	309.6858	40.1782	450.0778	95.5358	469.3089	95.0744	474.1487	94.9646	477.5601	94.8987	
26/08/2017	00:04:20	019004	G523115531HLR	L523	S		424.9907	1.0233	10.0000	99.9438	39.6742	0.8230	0.8271	5.0000	20.6624	508.0338	94.9646	17.4326	24.2000	0.9300	0.9264	0.6572	-0.0002	508.0000	507.9801	1.0339	9.4529	100.0933	39.8459	0.8230	0.8239	5.0000	-9999.0000	-9999.0000	-9999.0000	-9999.0000	-9999.0000	-9999.0000	20.6126	8	0	29.7935	1.0000	11	4	-9999.0000	29810	66483	-9999	194	184	-9999	332.4511	5	0.6545	0.6572	-0.0002	50.4333	1.9736	471.8322	307.7279	41.4523	452.1397	95.5577	466.8167	95.3820	471.3119	95.3161	474.2788	95.0525	
26/08/2017	00:04:48	019004	G523115541HLR	L523	S		432.9073	1.0233	10.0000	100.1939	39.6913	0.8230	0.8279	5.0000	20.4925	508.0675	94.9646	11.7621	24.2000	0.9300	0.9263	0.6563	-0.0001	508.0000	507.1532	1.0339	9.3780	100.0367	39.8461	0.8230	0.8240	5.0000	-9999.0000	-9999.0000	-9999.0000	-9999.0000	-9999.0000	-9999.0000	21.2025	1	0	28.1438	1.0000	11	4	-9999.0000	29811	66484	-9999	195	185	-9999	332.8360	5	0.6545	0.6563	-0.0001	50.5355	1.9383	485.7992	308.6772	40.5516	463.3089	95.3820	480.9574	95.0085	485.3336	94.8328	488.2973	94.8548	
26/08/2017	00:05:15	019004	G523115514HLR	L523	S		429.9876	1.0233	10.0000	100.0053	40.0512	0.8230	0.8282	5.0000	20.9526	508.0584	94.9866	14.0309	24.3000	0.9300	0.9266	0.6566	-0.0001	508.0000	507.9384	1.0339	9.4491	100.0161	40.0312	0.8230	0.8242	5.0000	-9999.0000	-9999.0000	-9999.0000	-9999.0000	-9999.0000	-9999.0000	20.8227	2	0	26.7929	1.0000	11	4	-9999.0000	29812	66485	-9999	196	186	-9999	332.7376	5	0.6545	0.6566	-0.0001	49.8182	1.9782	481.0586	292.0242	42.3310	456.7695	95.7335	476.1151	95.4259	480.6891	95.3600	483.4755	95.0085	
26/08/2017	00:05:45	019004	G523115513HLR	L523	S		425.8901	1.0233	10.0000	99.9554	40.0117	0.8230	0.8278	5.0000	20.3322	508.0649	94.8548	14.7116	24.4000	0.9300	0.9267	0.6550	-0.0000	508.0000	509.0784	1.0339	9.4300	100.0891	39.9116	0.8230	0.8239	5.0000	-9999.0000	-9999.0000	-9999.0000	-9999.0000	-9999.0000	-9999.0000	20.7025	3	0	29.9829	1.0000	11	4	-9999.0000	29813	66486	-9999	197	187	-9999	332.7096	5	0.6544	0.6550	-0.0000	53.0969	1.7722	478.0337	304.1196	40.9690	451.5628	95.5797	473.3686	95.4039	477.4930	95.3820	480.9003	95.0744	
26/08/2017	00:06:11	019004	G523115524HLR	L523	S		424.4366	1.0233	10.0000	99.8161	39.7798	0.8230	0.8273	5.0000	20.4524	508.0313	95.0744	18.1417	24.3000	0.9300	0.9267	0.6550	-0.0000	508.0000	508.4651	1.0339	9.4968	100.0588	39.7779	0.8230	0.8239	5.0000	-9999.0000	-9999.0000	-9999.0000	-9999.0000	-9999.0000	-9999.0000	20.5521	4	0	26.0528	1.0000	11	4	-9999.0000	29814	66487	-9999	198	188	-9999	332.5261	5	0.6544	0.6550	-0.0000	56.2806	1.5718	471.6611	308.3220	41.1887	445.3736	95.6236	467.1608	95.4039	471.3207	95.3380	474.4732	95.0305	
26/08/2017	00:06:40	019004	G523115543HLR	L523	S		425.9462	1.0233	10.0000	100.1024	39.6637	0.8230	0.8278	5.0000	20.0823	508.0436	94.8767	16.4120	24.2000	0.9300	0.9263	0.6561	-0.0001	508.0000	508.1471	1.0339	9.4680	99.9609	39.9487	0.8230	0.8240	5.0000	-9999.0000	-9999.0000	-9999.0000	-9999.0000	-9999.0000	-9999.0000	22.7916	5	0	29.0941	1.0000	11	4	-9999.0000	29815	66488	-9999	199	189	-9999	332.6460	5	0.6547	0.6561	-0.0001	55.3481	1.6262	473.5290	301.2674	38.8821	446.5827	95.4479	469.2117	95.0964	473.0121	95.0085	476.0072	94.9426	
26/08/2017	00:07:04	019004	G523115534HLR	L523	S		428.5787	1.0233	10.0000	99.9058	39.9487	0.8230	0.8283	5.0000	20.2621	508.0518	94.8108	15.1824	24.2000	0.9300	0.9264	0.6576	-0.0002	508.0000	509.3520	1.0339	9.3968	99.9959	39.8668	0.8230	0.8234	5.0000	-9999.0000	-9999.0000	-9999.0000	-9999.0000	-9999.0000	-9999.0000	25.5028	6	0	24.0923	1.0000	11	4	-9999.0000	29816	66489	-9999	200	190	-9999	332.7827	5	0.6548	0.6576	-0.0002	54.9079	1.6404	476.9329	303.4548	40.7933	448.7271	95.6895	471.0167	95.3380	476.5950	95.2721	479.8091	95.0525	
26/08/2017	00:07:31	019004	G523115544HLR	L523	S		422.3082	1.0233	10.0000	100.1175	40.0191	0.8230	0.8280	5.0000	19.8021	508.0537	95.0525	18.2716	24.3000	0.9300	0.9267	0.6589	-0.0003	508.0000	508.5588	1.0339	9.4929	100.0046	39.8310	0.8230	0.8240	5.0000	-9999.0000	-9999.0000	-9999.0000	-9999.0000	-9999.0000	-9999.0000	20.0325	7	0	26.6232	1.0000	11	4	-9999.0000	29817	66490	-9999	201	191	-9999	332.2482	5	0.6546	0.6589	-0.0003	58.1180	1.4411	465.0008	296.4142	38.2011	440.3129	95.4918	460.4401	94.9426	464.4682	94.8987	468.2481	94.8987	
26/08/2017	00:08:00	019004	G523115515HLR	L523	S		433.6101	1.0233	10.0000	100.2375	39.7757	0.8230	0.8275	5.0000	20.0228	508.0717	95.0085	11.7015	24.3000	0.9300	0.9266	0.6588	-0.0003	508.0000	505.7743	1.0339	9.2532	99.9502	39.9337	0.8230	0.8243	5.0000	-9999.0000	-9999.0000	-9999.0000	-9999.0000	-9999.0000	-9999.0000	20.0921	8	0	29.5833	1.0000	11	4	-9999.0000	29818	66491	-9999	202	192	-9999	333.1625	5	0.6546	0.6588	-0.0003	56.9233	1.5128	484.7474	304.8448	38.5746	455.7487	95.1623	479.3681	94.6790	484.1676	94.5472	487.4219	94.7230	
26/08/2017	00:08:27	019004	G523115526HLR	L523	S		423.8143	1.0233	10.0000	99.9973	39.7030	0.8230	0.8279	5.0000	20.1017	508.0295	95.0744	17.3125	24.4000	0.9300	0.9268	0.6588	-0.0003	508.0000	508.4725	1.0339	9.4975	100.0930	40.0369	0.8230	0.8242	5.0000	-9999.0000	-9999.0000	-9999.0000	-9999.0000	-9999.0000	-9999.0000	20.1526	1	0	26.6826	1.0000	11	4	-9999.0000	29819	66492	-9999	203	193	-9999	332.3727	5	0.6546	0.6588	-0.0003	56.8478	1.5222	467.9196	290.4502	38.3549	443.9442	95.5358	462.7906	95.0085	467.4282	94.9207	471.2322	94.8548	
26/08/2017	00:08:55	019004	G523115506HLR	L523	S		432.1700	1.0233	10.0000	100.0064	39.9487	0.8230	0.8284	5.0000	19.6927	508.0312	94.8987	12.5014	24.4000	0.9300	0.9268	0.6584	-0.0002	508.0000	507.0175	1.0339	9.3657	100.0547	39.8955	0.8230	0.8240	5.0000	-9999.0000	-9999.0000	-9999.0000	-9999.0000	-9999.0000	-9999.0000	20.0026	2	0	27.8528	1.0000	11	4	-9999.0000	29820	66493	-9999	204	194	-9999	332.9470	5	0.6545	0.6584	-0.0002	56.6991	1.5297	482.2556	304.5168	39.4752	457.7561	95.5138	477.8129	95.0305	481.7975	94.9207	485.9071	94.8767	
26/08/2017	00:09:22	019004	G523115536HLR	L523	S		429.1064	1.0233	10.0000	100.0372	40.0160	0.8230	0.8280	5.0000	19.7522	508.0677	94.9646	14.9021	24.4000	0.9300	0.9268	0.6591	-0.0003	508.0000	506.9903	1.0339	9.3633	99.9955	39.7364	0.8230	0.8236	5.0000	-9999.0000	-9999.0000	-9999.0000	-9999.0000	-9999.0000	-9999.0000	23.2526	3	0	27.1035	1.0000	11	4	-9999.0000	29821	66494	-9999	205	195	-9999	332.5880	5	0.6543	0.6591	-0.0003	55.1326	1.6601	475.9410	312.1020	40.3759	453.2291	95.6017	471.0366	95.1843	475.4753	95.1403	479.4366	94.9646	
26/08/2017	00:09:49	019004	G523115517HLR	L523	S		423.3442	1.0233	10.0000	99.8287	39.7020	0.8230	0.8271	5.0000	21.5825	508.0212	95.0305	17.9014	24.4000	0.9300	0.9268	0.6590	-0.0003	508.0000	507.7001	1.0339	9.4276	100.0006	39.9444	0.8230	0.8241	5.0000	-9999.0000	-9999.0000	-9999.0000	-9999.0000	-9999.0000	-9999.0000	22.9126	4	0	26.7726	1.0000	11	4	-9999.0000	29822	66495	-9999	206	196	-9999	332.0603	5	0.6546	0.6590	-0.0003	53.6295	1.7566	467.4062	293.3655	40.4198	442.7236	95.4698	462.4131	95.1403	467.0319	95.1623	470.2422	94.9646	
26/08/2017	00:10:16	019004	G523115518HLR	L523	S		427.0240	1.0233	10.0000	99.8646	39.6410	0.8230	0.8279	5.0000	19.9828	508.0346	94.7889	14.9714	24.4000	0.9300	0.9267	0.6593	-0.0003	508.0000	506.2045	1.0339	9.2921	100.0556	40.0965	0.8230	0.8243	5.0000	-9999.0000	-9999.0000	-9999.0000	-9999.0000	-9999.0000	-9999.0000	19.9925	5	0	27.1036	1.0000	11	4	-9999.0000	29823	66496	-9999	207	197	-9999	332.5917	5	0.6547	0.6593	-0.0003	52.4235	1.8140	476.0987	305.8093	40.4638	451.4942	95.6017	470.6792	95.3820	475.5403	95.2721	478.9489	95.0305	
26/08/2017	00:10:42	019004	G523115528HLR	L523	S		428.9903	1.0233	10.0000	99.9923	40.0367	0.8230	0.8285	5.0000	20.3821	508.0388	94.8548	16.2626	24.3000	0.9300	0.9265	0.6622	-0.0005	508.0000	507.7850	1.0339	9.4352	100.1120	39.8623	0.8230	0.8237	5.0000	-9999.0000	-9999.0000	-9999.0000	-9999.0000	-9999.0000	-9999.0000	21.3724	6	0	25.8828	1.0000	11	4	-9999.0000	29824	66497	-9999	208	198	-9999	332.4049	5	0.6549	0.6622	-0.0005	50.9218	1.9228	472.3960	297.2527	41.5401	448.0397	95.3380	466.3742	94.8548	471.6242	94.8767	475.2388	94.8548	
26/08/2017	00:11:09	019004	G523115538HLR	L523	S		427.8191	1.0233	10.0000	99.9710	40.0596	0.8230	0.8279	5.0000	19.9221	508.0425	94.8108	15.3816	24.3000	0.9300	0.9264	0.6641	-0.0006	508.0000	508.0296	1.0339	9.4574	100.0366	39.7435	0.8230	0.8237	5.0000	-9999.0000	-9999.0000	-9999.0000	-9999.0000	-9999.0000	-9999.0000	22.6127	7	0	27.5030	1.0000	11	4	-9999.0000	29825	66498	-9999	209	199	-9999	332.7311	5	0.6549	0.6641	-0.0006	49.3902	2.0031	473.9174	304.8022	41.4742	447.7171	95.2502	468.0797	95.0305	473.4061	94.9646	476.4338	94.8987	
26/08/2017	00:11:34	019004	G523115529HLR	L523	S		428.0278	1.0233	10.0000	100.0418	39.7120	0.8230	0.8271	5.0000	21.1419	508.0327	94.7889	15.0515	24.3000	0.9300	0.9265	0.6644	-0.0006	508.0000	508.8581	1.0339	9.4566	99.9833	39.9487	0.8230	0.8245	5.0000	-9999.0000	-9999.0000	-9999.0000	-9999.0000	-9999.0000	-9999.0000	19.9426	8	0	24.7723	1.0000	11	4	-9999.0000	29826	66499	-9999	210	200	-9999	332.9544	5	0.6548	0.6644	-0.0006	50.3617	1.9321	472.4626	299.2737	41.0788	447.5060	95.3161	467.0928	94.9207	471.7838	94.8767	475.9633	94.8767	
26/08/2017	00:12:01	019004	G523115609HLR	L523	S		427.1297	1.0233	10.0000	99.9772	39.6410	0.8230	0.8277	5.0000	21.0923	508.0555	94.7669	15.3718	24.3000	0.9300	0.9265	0.6664	-0.0007	508.0000	509.2328	1.0339	9.4113	99.9471	40.1280	0.8230	0.8242	5.0000	-9999.0000	-9999.0000	-9999.0000	-9999.0000	-9999.0000	-9999.0000	20.0022	1	0	27.4338	1.0000	11	4	-9999.0000	29827	66500	-9999	211	201	-9999	333.0916	5	0.6551	0.6664	-0.0007	49.8851	1.9557	471.7036	307.6847	42.6385	449.6350	95.3600	464.7410	94.9646	471.0995	94.9207	474.6862	94.9207	
26/08/2017	00:12:58	019004	G523115640HLR	L523	S		424.4237	1.0233	10.0000	99.8714	40.1116	0.8230	0.8280	5.0000	20.3226	508.0531	94.7669	15.7918	24.5000	0.9300	0.9269	0.6664	-0.0007	508.0000	508.4911	1.0339	9.4992	100.0634	39.7339	0.8230	0.8237	5.0000	-9999.0000	-9999.0000	-9999.0000	-9999.0000	-9999.0000	-9999.0000	20.9525	3	0	27.0928	1.0000	11	4	-9999.0000	29829	66501	-9999	213	202	-9999	332.8472	5	0.6552	0.6664	-0.0007	49.0219	2.0133	468.8377	277.0358	38.0913	442.5109	94.9207	463.5762	94.7010	468.2609	94.7889	472.8258	94.9426	
26/08/2017	00:13:24	019004	G523115650HLR	L523	S		429.3347	1.0233	10.0000	100.0689	39.8070	0.8230	0.8274	5.0000	19.9328	508.0309	94.7889	13.1519	24.4000	0.9300	0.9267	0.6663	-0.0007	508.0000	508.0660	1.0339	9.4607	99.9968	39.8461	0.8230	0.8242	5.0000	-9999.0000	-9999.0000	-9999.0000	-9999.0000	-9999.0000	-9999.0000	22.1118	4	0	25.7636	1.0000	11	4	-9999.0000	29830	66502	-9999	214	203	-9999	333.7758	5	0.6553	0.6663	-0.0007	49.1608	2.0050	478.4479	297.5263	41.1228	451.3251	95.1843	474.2104	94.8328	478.0271	94.8328	481.4619	94.8767	
26/08/2017	00:13:53	019004	G523115629HLR	L523	S		428.0891	1.0233	10.0000	100.1152	39.6410	0.8230	0.8277	5.0000	19.8324	508.0440	94.9646	15.6111	24.2000	0.9300	0.9264	0.6663	-0.0007	508.0000	508.6125	1.0339	9.4864	100.0497	40.1485	0.8230	0.8244	5.0000	-9999.0000	-9999.0000	-9999.0000	-9999.0000	-9999.0000	-9999.0000	20.8019	5	0	29.0931	1.0000	11	4	-9999.0000	29831	66503	-9999	215	204	-9999	332.8294	5	0.6554	0.6663	-0.0007	50.1659	1.9432	471.8357	291.4501	38.4208	444.1821	95.5797	467.1884	95.0964	471.2224	95.0085	475.5908	94.9646	
26/08/2017	00:14:17	019004	G523115637HLR	L523	S		422.5699	1.0233	10.0000	99.9595	39.8461	0.8230	0.8284	5.0000	20.3020	508.0755	95.0085	18.0118	24.3000	0.9300	0.9264	0.6663	-0.0007	508.0000	508.3808	1.0339	9.4892	100.0158	39.8658	0.8230	0.8233	5.0000	-9999.0000	-9999.0000	-9999.0000	-9999.0000	-9999.0000	-9999.0000	25.3926	6	0	23.7527	1.0000	11	4	-9999.0000	29832	66504	-9999	216	205	-9999	331.9814	5	0.6554	0.6663	-0.0007	50.1659	1.9432	462.3264	263.2944	40.4198	436.9676	95.4918	457.1984	95.1184	461.7063	95.0744	466.0611	94.9866	
26/08/2017	00:14:45	019004	G523115647HLR	L523	S		426.8939	1.0233	10.0000	100.0623	40.1073	0.8230	0.8282	5.0000	21.2124	508.0336	94.8108	15.3113	24.3000	0.9300	0.9266	0.6635	-0.0006	508.0000	508.8236	1.0339	9.4608	100.0771	39.7159	0.8230	0.8238	5.0000	-9999.0000	-9999.0000	-9999.0000	-9999.0000	-9999.0000	-9999.0000	20.4718	7	0	28.4134	1.0000	11	4	-9999.0000	29833	66505	-9999	217	206	-9999	332.8195	5	0.6550	0.6635	-0.0006	52.3248	1.8262	470.7524	301.6695	38.5087	445.6403	95.3380	466.4285	94.8548	470.4288	94.7010	474.2746	94.7889	
26/08/2017	00:15:14	019004	G523115648HLR	L523	S		430.6233	1.0233	10.0000	99.9303	39.8848	0.8230	0.8273	5.0000	21.2417	508.0750	94.8328	14.1520	24.3000	0.9300	0.9265	0.6644	-0.0006	508.0000	507.6741	1.0339	9.4252	99.9879	39.8461	0.8230	0.8240	5.0000	-9999.0000	-9999.0000	-9999.0000	-9999.0000	-9999.0000	-9999.0000	24.1130	8	0	28.6829	1.0000	11	4	-9999.0000	29834	66506	-9999	218	207	-9999	333.2889	5	0.6553	0.6644	-0.0006	57.4470	1.4979	476.4751	297.2631	39.2116	450.8718	95.4479	471.6715	94.9646	476.0729	94.8328	479.4647	94.8328	
26/08/2017	00:15:41	019004	G523115617HLR	L523	S		423.8153	1.0233	10.0000	99.8941	39.6222	0.8230	0.8274	5.0000	20.7718	508.0483	95.0525	17.2519	24.2000	0.9300	0.9264	0.6652	-0.0007	508.0000	508.3896	1.0339	9.4900	100.0556	40.1538	0.8230	0.8245	5.0000	-9999.0000	-9999.0000	-9999.0000	-9999.0000	-9999.0000	-9999.0000	19.9818	1	0	27.6926	1.0000	11	4	-9999.0000	29835	66507	-9999	219	208	-9999	332.2367	5	0.6551	0.6652	-0.0007	62.1326	1.2021	465.7760	293.0367	40.0464	441.4434	95.5138	460.4612	95.0964	465.2630	95.0744	469.0965	94.9426	
26/08/2017	00:16:05	019004	G523115610HLR	L523	S		416.2237	1.0233	10.0000	99.8701	39.7435	0.8230	0.8283	5.0000	20.1927	0.0000	0.0000	0.0000	0.0000	0.9300	0.0000	0.0000	0.0000	0.0000	430.4893	1.0339	2.4352	100.0415	40.0031	0.8230	0.8239	5.0000	-9999.0000	-9999.0000	-9999.0000	-9999.0000	-9999.0000	-9999.0000	20.3029	2	7	23.7332	1.0000	11	4	-9999.0000	29836	0	-9999	220	209	-9999	0.0000	0	0.0000	0.0000	0.0000	0.0000	0.0000	0.0000	0.0000	0.0000	0.0000	0.0000	0.0000	0.0000	0.0000	0.0000	0.0000	0.0000	
26/08/2017	00:16:30	019004	G523115627HLR	L523	S		423.5550	1.0233	10.0000	100.0853	40.1538	0.8230	0.8285	5.0000	19.8928	508.0685	94.8767	16.6415	24.4000	0.9300	0.9269	0.6665	-0.0008	508.0000	508.4872	1.0339	9.4988	100.0811	39.6838	0.8230	0.8238	5.0000	-9999.0000	-9999.0000	-9999.0000	-9999.0000	-9999.0000	-9999.0000	20.3723	3	0	24.9627	1.0000	11	4	-9999.0000	29837	66508	-9999	221	209	-9999	332.2353	5	0.6548	0.6665	-0.0008	59.9178	1.3806	466.1520	277.6052	39.1457	439.3672	95.2502	460.6283	95.0744	465.4538	95.1623	469.7650	94.9866	
26/08/2017	00:16:59	019004	G523115608HLR	L523	S		423.1676	1.0233	10.0000	99.9528	39.9714	0.8230	0.8276	5.0000	20.3724	508.0573	94.8548	17.0517	24.4000	0.9300	0.9267	0.6672	-0.0008	508.0000	508.1511	1.0339	9.4684	100.0113	39.8461	0.8230	0.8245	5.0000	-9999.0000	-9999.0000	-9999.0000	-9999.0000	-9999.0000	-9999.0000	20.4925	4	0	28.8333	1.0000	11	4	-9999.0000	29838	66509	-9999	222	210	-9999	332.0350	5	0.6548	0.6672	-0.0008	57.2132	1.5517	465.2245	291.5058	40.9910	438.0843	95.4698	459.8448	95.0744	464.6012	94.9866	468.9578	94.8767	
26/08/2017	00:17:26	019004	G523115645HLR	L523	S		429.0030	1.0233	10.0000	100.0353	39.6520	0.8230	0.8271	5.0000	21.7925	508.0824	94.7669	15.9217	24.3000	0.9300	0.9266	0.6671	-0.0008	508.0000	508.9082	1.0339	9.4506	99.9627	40.1538	0.8230	0.8246	5.0000	-9999.0000	-9999.0000	-9999.0000	-9999.0000	-9999.0000	-9999.0000	20.3533	5	0	26.9034	1.0000	11	4	-9999.0000	29839	66509	-9999	223	211	-9999	332.5168	5	0.6546	0.6671	-0.0008	55.2327	1.7004	468.1036	301.5522	40.1123	441.0282	95.4698	462.7459	95.0305	467.6559	94.8987	471.1623	94.8767	
26/08/2017	00:18:19	019004	G523115636HLR	L523	S		432.8776	1.0233	10.0000	100.0676	40.0731	0.8230	0.8287	5.0000	19.9415	508.0647	94.8548	13.2720	24.5000	0.9300	0.9268	0.6673	-0.0008	508.0000	506.7535	1.0339	9.3418	99.9231	39.7781	0.8230	0.8237	5.0000	-9999.0000	-9999.0000	-9999.0000	-9999.0000	-9999.0000	-9999.0000	19.9719	7	0	27.3028	1.0000	11	4	-9999.0000	29840	66510	-9999	225	212	-9999	333.5504	5	0.6545	0.6673	-0.0008	58.6351	1.5210	476.5946	277.7633	38.3549	449.0470	95.3161	470.8854	95.0085	476.1859	95.0305	479.5000	94.9426	
26/08/2017	00:18:48	019004	G523115616HLR	L523	S		426.8985	1.0233	10.0000	100.0306	40.0455	0.8230	0.8279	5.0000	20.0529	508.0548	95.1184	17.1914	24.4000	0.9300	0.9268	0.6677	-0.0008	508.0000	507.1653	1.0339	9.3791	100.0623	39.6140	0.8230	0.8241	5.0000	-9999.0000	-9999.0000	-9999.0000	-9999.0000	-9999.0000	-9999.0000	20.7328	8	0	29.3031	1.0000	11	4	-9999.0000	29841	66511	-9999	226	213	-9999	331.9335	5	0.6544	0.6677	-0.0008	59.1312	1.5029	466.3776	291.0258	38.8821	441.2706	95.6456	462.0075	95.2282	466.0038	95.1184	469.8974	94.9646	
26/08/2017	00:19:14	019004	G523115605HLR	L523	S		427.1007	1.0233	10.0000	100.0247	39.7867	0.8230	0.8274	5.0000	20.1331	508.0505	94.7669	15.2117	24.3000	0.9300	0.9267	0.6680	-0.0009	508.0000	508.7522	1.0339	9.4695	100.0953	40.1538	0.8230	0.8249	5.0000	-9999.0000	-9999.0000	-9999.0000	-9999.0000	-9999.0000	-9999.0000	20.3918	1	0	25.8828	1.0000	11	4	-9999.0000	29842	66512	-9999	227	214	-9999	332.7772	5	0.6543	0.6680	-0.0009	53.4893	1.8122	469.5794	301.6652	41.2106	445.3059	95.5138	463.1801	95.2062	469.0298	95.1623	473.1677	94.9866	
26/08/2017	00:19:39	019004	G523115635HLR	L523	S		430.8525	1.0233	10.0000	100.0927	39.6653	0.8230	0.8277	5.0000	21.0726	508.0600	94.7449	14.3815	24.4000	0.9300	0.9266	0.6680	-0.0009	508.0000	507.7752	1.0339	9.4344	100.0879	40.1993	0.8230	0.8240	5.0000	-9999.0000	-9999.0000	-9999.0000	-9999.0000	-9999.0000	-9999.0000	20.6223	2	0	24.3328	1.0000	11	4	-9999.0000	29843	66513	-9999	228	215	-9999	333.1555	5	0.6543	0.6680	-0.0009	53.4893	1.8122	473.1812	305.5912	40.0024	452.5570	95.6456	467.5610	95.2062	472.5583	95.0964	476.7029	94.9866	
26/08/2017	00:20:07	019004	G523115509HLR	L523	S		427.0145	1.0233	10.0000	100.0641	39.9487	0.8230	0.8283	5.0000	20.6527	508.0436	94.8108	15.5808	24.4000	0.9300	0.9267	0.6700	-0.0010	508.0000	509.2066	1.0339	9.4144	100.0701	39.8236	0.8230	0.8236	5.0000	-9999.0000	-9999.0000	-9999.0000	-9999.0000	-9999.0000	-9999.0000	21.0521	3	0	28.5638	1.0000	11	4	-9999.0000	29844	66514	-9999	229	216	-9999	332.6711	5	0.6547	0.6700	-0.0010	46.9330	2.1906	468.3795	297.8527	38.7283	441.6187	95.5138	463.4629	95.1403	467.8562	95.0744	472.4831	94.9646	
26/08/2017	00:20:27	019004	G523113174HLR	L523	S		0.0000	0.0000	0.0000	0.0000	0.0000	0.8230	0.0000	0.0000	0.0000	0.0000	0.0000	0.0000	0.0000	0.9300	0.0000	0.0000	0.0000	0.0000	0.0000	0.0000	0.0000	0.0000	0.0000	0.8230	0.0000	0.0000	0.0000	0.0000	0.0000	0.0000	0.0000	0.0000	0.0000	0	42	28.5638	1.0000	11	3	0.0000	0	0	0	0	0	0	0.0000	0	0.0000	0.0000	0.0000	0.0000	0.0000	0.0000	0.0000	0.0000	0.0000	0.0000	0.0000	0.0000	0.0000	0.0000	0.0000	0.0000	
26/08/2017	00:20:43	019004	G523115643HLR	L523	S		423.1698	1.0233	10.0000	99.7676	40.0412	0.8230	0.8281	5.0000	19.7629	508.0274	94.9866	17.6924	24.4000	0.9300	0.9268	0.6696	-0.0009	508.0000	508.1332	1.0339	9.4668	100.0642	39.7071	0.8230	0.8240	5.0000	-9999.0000	-9999.0000	-9999.0000	-9999.0000	-9999.0000	-9999.0000	20.2826	4	0	35.9042	1.0000	11	4	-9999.0000	29845	66515	-9999	230	217	-9999	331.6986	5	0.6544	0.6696	-0.0009	42.9108	2.4076	462.2139	301.9553	39.5192	435.8438	95.4479	457.1008	95.0964	461.7279	95.0525	466.4048	94.9207	
26/08/2017	00:21:09	019004	G523115642HLR	L523	S		432.1407	1.0233	10.0000	99.9883	39.8752	0.8230	0.8278	5.0000	19.8617	508.0870	94.7669	14.0914	24.3000	0.9300	0.9264	0.6691	-0.0009	508.0000	508.2416	1.0339	9.4766	100.0364	40.0275	0.8230	0.8241	5.0000	-9999.0000	-9999.0000	-9999.0000	-9999.0000	-9999.0000	-9999.0000	23.4225	5	0	25.6330	1.0000	11	4	-9999.0000	29846	66516	-9999	231	218	-9999	333.4467	5	0.6544	0.6691	-0.0009	45.1287	2.2788	474.4111	298.6323	41.0569	446.1865	95.6895	468.6880	95.4479	473.8935	95.4259	477.5172	95.0964	
26/08/2017	00:21:35	019004	G523115606HLR	L523	S		350.5834	1.0233	8.4764	100.0328	39.6631	0.8230	0.8277	5.0000	20.5326	0.0000	0.0000	0.0000	0.0000	0.9300	0.0000	0.0000	0.0000	0.0000	445.1521	1.0339	3.7631	100.0414	40.0232	0.8230	0.8239	5.0000	-9999.0000	-9999.0000	-9999.0000	-9999.0000	-9999.0000	-9999.0000	20.1818	6	7	26.5821	1.0000	11	4	-9999.0000	29847	0	-9999	232	219	-9999	0.0000	0	0.0000	0.0000	0.0000	0.0000	0.0000	0.0000	0.0000	0.0000	0.0000	0.0000	0.0000	0.0000	0.0000	0.0000	0.0000	0.0000	
26/08/2017	00:22:01	019004	G523115641HLR	L523	S		428.9730	1.0233	10.0000	100.0393	39.8461	0.8230	0.8283	5.0000	20.7427	508.0376	94.9646	16.8320	24.4000	0.9300	0.9268	0.6707	-0.0010	508.0000	508.4719	1.0339	9.4975	100.0974	39.6600	0.8230	0.8238	5.0000	-9999.0000	-9999.0000	-9999.0000	-9999.0000	-9999.0000	-9999.0000	20.0421	7	0	25.4236	1.0000	11	4	-9999.0000	29848	66517	-9999	233	220	-9999	332.0026	5	0.6546	0.6707	-0.0010	39.3966	2.6534	464.1209	272.2261	39.7608	437.0608	95.2282	458.0409	95.0964	463.3686	95.1843	467.9351	95.0305	
26/08/2017	00:22:25	019004	G523115625HLR	L523	S		424.5770	1.0233	10.0000	99.9705	40.0140	0.8230	0.8284	5.0000	19.7316	508.0728	94.7889	15.9022	24.3000	0.9300	0.9265	0.6694	-0.0009	508.0000	509.4082	1.0339	9.3900	100.1091	39.8461	0.8230	0.8245	5.0000	-9999.0000	-9999.0000	-9999.0000	-9999.0000	-9999.0000	-9999.0000	20.8224	8	0	24.3427	1.0000	11	4	-9999.0000	29849	66518	-9999	234	221	-9999	332.5144	5	0.6543	0.6694	-0.0009	42.6189	2.4324	467.5443	299.7886	39.0798	440.0721	95.5577	461.4523	95.2502	466.9821	95.1843	470.8073	95.0085	
26/08/2017	00:22:50	019004	G523112736HLR	L523	S		431.9934	1.0233	10.0000	100.0749	39.9777	0.8230	0.8278	5.0000	19.9925	508.0602	94.7889	13.9810	24.4000	0.9300	0.9266	0.6701	-0.0010	508.0000	509.9039	1.0339	9.3300	100.0680	40.1823	0.8230	0.8246	5.0000	-9999.0000	-9999.0000	-9999.0000	-9999.0000	-9999.0000	-9999.0000	20.1721	1	0	24.6228	1.0000	11	3	-9999.0000	29850	66519	-9999	235	222	-9999	333.4472	5	0.6545	0.6701	-0.0010	40.9281	2.5367	473.2387	277.3289	38.0913	444.2840	95.2721	467.9740	94.8987	472.4918	95.0305	476.9350	94.9426	
26/08/2017	00:23:15	019004	G523113163HLR	L523	S		424.6326	1.0233	10.0000	99.9226	39.6567	0.8230	0.8276	5.0000	20.4124	508.0418	94.8328	15.0017	24.3000	0.9300	0.9267	0.6701	-0.0010	508.0000	508.2545	1.0339	9.4778	100.0199	40.0095	0.8230	0.8240	5.0000	-9999.0000	-9999.0000	-9999.0000	-9999.0000	-9999.0000	-9999.0000	19.8625	2	0	24.7420	1.0000	11	3	-9999.0000	29851	66520	-9999	236	223	-9999	332.9044	5	0.6545	0.6701	-0.0010	40.9281	2.5367	469.2718	303.5042	40.6395	442.5063	95.5138	463.6991	95.0305	468.6843	95.0085	472.7924	94.9646	
26/08/2017	00:24:05	019004	G523111299HLR	L523	S		442.0961	1.0233	10.0000	99.7686	40.0512	0.8230	0.8282	5.0000	22.0920	508.0533	95.0525	8.0614	24.5000	0.9300	0.9268	0.6712	-0.0011	508.0000	509.5459	1.0339	9.3733	99.9609	39.7483	0.8230	0.8237	5.0000	-9999.0000	-9999.0000	-9999.0000	-9999.0000	-9999.0000	-9999.0000	22.4419	4	0	24.2419	1.0000	11	3	-9999.0000	29853	66521	-9999	238	223	-9999	336.6456	5	0.6544	0.6712	-0.0011	49.3655	1.9605	491.7898	278.3716	39.8047	458.6800	94.8548	484.9883	94.6790	491.1855	94.7669	495.7456	94.8328	
26/08/2017	00:24:29	019004	G523113212HLR	L523	S		444.0049	1.0233	10.0000	99.9801	40.0183	0.8230	0.8276	5.0000	21.1420	508.0400	95.0964	8.1415	24.5000	0.9300	0.9268	0.6683	-0.0009	508.0000	511.2326	1.0339	9.1691	100.0599	39.7562	0.8230	0.8242	5.0000	-9999.0000	-9999.0000	-9999.0000	-9999.0000	-9999.0000	-9999.0000	20.9320	5	0	24.5536	1.0000	11	3	-9999.0000	29854	66522	-9999	239	224	-9999	335.8511	5	0.6545	0.6683	-0.0009	50.4568	1.9028	491.3799	292.5790	39.3654	461.9416	94.9426	486.2644	94.3056	490.7120	93.9980	495.6069	94.4374	
26/08/2017	00:24:55	019004	G523113207HLR	L523	S		430.6377	1.0233	10.0000	100.1571	39.7462	0.8230	0.8272	5.0000	21.3130	508.0319	95.0305	12.3813	24.5000	0.9300	0.9269	0.6643	-0.0007	508.0000	509.2356	1.0339	9.4109	100.0850	40.0512	0.8230	0.8245	5.0000	-9999.0000	-9999.0000	-9999.0000	-9999.0000	-9999.0000	-9999.0000	21.1722	6	0	25.4325	1.0000	11	3	-9999.0000	29855	66523	-9999	240	225	-9999	333.4314	5	0.6542	0.6643	-0.0007	58.2794	1.4435	478.4326	303.5633	39.4313	449.3289	94.7889	471.7796	94.5033	477.9011	94.5253	482.1263	94.5472	
26/08/2017	00:25:18	019004	G523113187HLR	L523	S		431.5377	1.0233	10.0000	99.7455	39.6410	0.8230	0.8277	5.0000	20.7334	508.0422	94.8328	13.0513	24.4000	0.9300	0.9267	0.6643	-0.0007	508.0000	508.9330	1.0339	9.4476	100.0786	40.0985	0.8230	0.8241	5.0000	-9999.0000	-9999.0000	-9999.0000	-9999.0000	-9999.0000	-9999.0000	21.1621	7	0	23.2830	1.0000	11	3	-9999.0000	29856	66524	-9999	241	226	-9999	333.2218	5	0.6542	0.6643	-0.0007	58.2794	1.4435	478.0883	285.4487	40.9910	450.8991	95.7554	472.5254	95.5358	477.7672	95.5138	481.6801	95.0964	
26/08/2017	00:25:45	019004	G523113190HLR	L523	S		433.7935	1.0233	10.0000	100.1120	39.9180	0.8230	0.8282	5.0000	21.3520	508.0615	94.8548	12.3813	24.4000	0.9300	0.9267	0.6677	-0.0009	508.0000	509.2190	1.0339	9.4129	99.9021	39.8363	0.8230	0.8238	5.0000	-9999.0000	-9999.0000	-9999.0000	-9999.0000	-9999.0000	-9999.0000	19.9231	8	0	27.2627	1.0000	11	3	-9999.0000	29857	66525	-9999	242	227	-9999	333.7449	5	0.6548	0.6677	-0.0009	52.4656	1.8443	478.9610	285.1564	39.8047	451.2507	95.2502	473.0155	94.9646	478.4823	94.9646	482.4412	94.9207	
26/08/2017	00:26:11	019004	G523113199HLR	L523	S		427.3739	1.0233	10.0000	99.9850	40.0807	0.8230	0.8281	5.0000	20.3820	508.0667	94.8548	12.7719	24.3000	0.9300	0.9265	0.6647	-0.0007	508.0000	508.2366	1.0339	9.4761	100.0068	39.7008	0.8230	0.8237	5.0000	-9999.0000	-9999.0000	-9999.0000	-9999.0000	-9999.0000	-9999.0000	24.0026	1	0	25.8632	1.0000	11	3	-9999.0000	29858	66526	-9999	243	228	-9999	333.3059	5	0.6550	0.6647	-0.0007	52.3660	1.8386	478.7316	293.8989	40.6395	451.8813	95.5577	472.1420	95.2941	478.0889	95.3380	482.2063	95.0525	
26/08/2017	00:26:35	019004	G523113194HLR	L523	S		429.6259	1.0233	10.0000	99.9812	39.9012	0.8230	0.8274	5.0000	20.9818	508.0688	94.8328	13.8219	24.3000	0.9300	0.9264	0.6605	-0.0005	508.0000	509.1565	1.0339	9.4205	100.0389	40.0512	0.8230	0.8243	5.0000	-9999.0000	-9999.0000	-9999.0000	-9999.0000	-9999.0000	-9999.0000	22.4731	2	0	23.5319	1.0000	11	3	-9999.0000	29859	66527	-9999	244	229	-9999	332.4457	5	0.6549	0.6605	-0.0005	53.2332	1.8203	477.0081	313.7445	43.0998	453.7536	95.2062	471.8570	95.0744	476.5249	95.0964	480.3817	95.0085	
26/08/2017	00:27:00	019004	G523113185HLR	L523	S		385.1036	1.0233	9.3110	100.0281	39.6684	0.8230	0.8276	5.0000	19.8617	0.0000	0.0000	0.0000	0.0000	0.9300	0.0000	0.0000	0.0000	0.0000	396.8018	1.0339	0.0000	99.8788	40.1812	0.8230	0.8242	5.0000	-9999.0000	-9999.0000	-9999.0000	-9999.0000	-9999.0000	-9999.0000	20.3118	3	7	25.6328	1.0000	11	3	-9999.0000	29860	0	-9999	245	230	-9999	0.0000	0	0.0000	0.0000	0.0000	0.0000	0.0000	0.0000	0.0000	0.0000	0.0000	0.0000	0.0000	0.0000	0.0000	0.0000	0.0000	0.0000	
26/08/2017	00:27:25	019004	G523113209HLR	L523	S		433.5722	1.0233	10.0000	100.3048	39.7435	0.8230	0.8282	5.0000	19.7825	508.0577	94.8108	11.9515	24.5000	0.9300	0.9267	0.6608	-0.0005	508.0000	507.3041	1.0339	9.3917	99.9965	39.8117	0.8230	0.8234	5.0000	-9999.0000	-9999.0000	-9999.0000	-9999.0000	-9999.0000	-9999.0000	22.2817	4	0	24.4335	1.0000	11	3	-9999.0000	29861	66528	-9999	246	231	-9999	332.9612	5	0.6553	0.6608	-0.0005	52.7813	1.8587	482.3487	278.1934	38.0254	454.0529	95.1843	477.3816	94.9646	481.9201	94.9646	485.6463	94.9207	
26/08/2017	00:27:48	019004	G523113177HLR	L523	S		430.8884	1.0233	10.0000	100.0757	39.9487	0.8230	0.8285	5.0000	19.8820	508.0602	94.8987	12.2914	24.4000	0.9300	0.9267	0.6611	-0.0005	508.0000	507.5812	1.0339	9.4168	100.0404	39.7435	0.8230	0.8240	5.0000	-9999.0000	-9999.0000	-9999.0000	-9999.0000	-9999.0000	-9999.0000	20.9124	5	0	23.5826	1.0000	11	3	-9999.0000	29862	66529	-9999	247	232	-9999	332.9125	5	0.6553	0.6611	-0.0005	49.4210	2.2246	481.3718	292.4603	39.4093	454.1651	95.5358	475.9494	95.1403	480.9233	95.0744	484.6472	94.9426	
26/08/2017	00:28:12	019004	G523113195HLR	L523	S		434.2641	1.0233	10.0000	99.9944	40.0691	0.8230	0.8278	5.0000	20.7026	508.0661	94.9207	10.0509	24.4000	0.9300	0.9266	0.6612	-0.0005	508.0000	508.1465	1.0339	9.4680	99.9638	40.0512	0.8230	0.8246	5.0000	-9999.0000	-9999.0000	-9999.0000	-9999.0000	-9999.0000	-9999.0000	20.2219	6	0	23.5720	1.0000	11	3	-9999.0000	29863	66530	-9999	248	233	-9999	333.4428	5	0.6553	0.6612	-0.0005	49.4707	2.2125	488.2184	305.5493	40.1782	458.9372	95.2941	481.6641	95.2941	487.6176	95.3380	491.8789	95.0744	
26/08/2017	00:28:36	019004	G523113203HLR	L523	S		429.2618	1.0233	10.0000	100.1373	39.7894	0.8230	0.8275	5.0000	19.7122	508.0689	95.0525	12.3617	24.4000	0.9300	0.9267	0.6612	-0.0005	508.0000	507.4074	1.0339	9.4011	100.0949	40.1432	0.8230	0.8243	5.0000	-9999.0000	-9999.0000	-9999.0000	-9999.0000	-9999.0000	-9999.0000	20.2922	7	0	23.7828	1.0000	11	3	-9999.0000	29864	66531	-9999	249	234	-9999	332.8526	5	0.6553	0.6612	-0.0005	49.4707	2.2125	480.2210	297.5272	39.0798	453.5322	95.4698	474.1106	94.9866	479.8436	94.8987	482.6652	94.7230	
26/08/2017	00:29:00	019004	G523113133HLR	L523	S		431.9212	1.0233	10.0000	99.9939	39.6410	0.8230	0.8278	5.0000	19.9416	508.0376	94.9207	11.0715	24.3000	0.9300	0.9265	0.6638	-0.0007	508.0000	508.6069	1.0339	9.4870	99.9566	39.8959	0.8230	0.8239	5.0000	-9999.0000	-9999.0000	-9999.0000	-9999.0000	-9999.0000	-9999.0000	20.3724	8	0	24.2332	1.0000	11	3	-9999.0000	29865	66532	-9999	250	235	-9999	333.4610	5	0.6556	0.6638	-0.0007	49.3865	2.2007	483.0462	298.3493	40.7274	453.8238	95.4039	477.0470	95.2721	482.4351	95.3161	487.1499	95.0525	
26/08/2017	00:29:24	019004	G523113153HLR	L523	S		441.9817	1.0233	10.0000	100.2238	39.9487	0.8230	0.8284	5.0000	20.2716	508.0590	94.8548	8.7715	24.3000	0.9300	0.9263	0.6600	-0.0004	508.0000	509.5570	1.0339	9.3720	100.0841	39.7953	0.8230	0.8241	5.0000	-9999.0000	-9999.0000	-9999.0000	-9999.0000	-9999.0000	-9999.0000	20.0217	1	0	24.3924	1.0000	11	3	-9999.0000	29866	66533	-9999	251	236	-9999	333.7365	5	0.6558	0.6600	-0.0004	48.6075	2.2831	493.6688	304.4022	38.6185	464.2626	95.5138	488.1532	95.2062	492.9416	95.1843	497.2400	94.9646	
26/08/2017	00:29:49	019004	G523113143HLR	L523	S		433.8484	1.0233	10.0000	99.8278	40.0803	0.8230	0.8283	5.0000	19.7523	508.0572	95.2282	11.3714	24.3000	0.9300	0.9263	0.6648	-0.0008	508.0000	508.7876	1.0339	9.4652	100.0366	39.9182	0.8230	0.8243	5.0000	-9999.0000	-9999.0000	-9999.0000	-9999.0000	-9999.0000	-9999.0000	21.0326	2	0	24.1726	1.0000	11	3	-9999.0000	29867	66534	-9999	252	237	-9999	333.3503	5	0.6560	0.6648	-0.0008	50.7627	2.0968	480.7761	290.7232	40.5516	453.0289	94.8987	475.6300	94.5472	480.2575	94.2397	484.3645	94.4594	
26/08/2017	00:30:12	019004	G523113154HLR	L523	S		432.3003	1.0233	10.0000	100.1139	39.9360	0.8230	0.8276	5.0000	19.9221	508.0699	94.9426	11.1809	24.3000	0.9300	0.9265	0.6609	-0.0004	508.0000	509.2382	1.0339	9.4106	100.0904	40.0627	0.8230	0.8243	5.0000	-9999.0000	-9999.0000	-9999.0000	-9999.0000	-9999.0000	-9999.0000	20.5627	3	0	23.5426	1.0000	11	3	-9999.0000	29868	66535	-9999	253	238	-9999	333.3036	5	0.6555	0.6609	-0.0004	51.0044	2.1088	483.8287	306.8726	38.5526	455.6618	95.2502	478.5361	94.8767	483.4137	94.9426	487.2339	94.8987	
26/08/2017	00:30:37	019004	G523113145HLR	L523	S		430.0803	1.0233	10.0000	100.1050	39.7133	0.8230	0.8275	5.0000	19.7825	508.0486	94.9646	12.6108	24.4000	0.9300	0.9267	0.6627	-0.0006	508.0000	508.5479	1.0339	9.4942	99.9751	39.9563	0.8230	0.8241	5.0000	-9999.0000	-9999.0000	-9999.0000	-9999.0000	-9999.0000	-9999.0000	20.1731	4	0	24.6229	1.0000	11	3	-9999.0000	29869	66536	-9999	253	239	-9999	332.9108	5	0.6554	0.6627	-0.0006	59.3876	1.4513	479.0331	311.0047	39.9805	451.5220	95.3380	474.0552	95.0744	478.5877	95.0085	482.2913	94.8548	
26/08/2017	00:31:01	019004	G523113116HLR	L523	S		434.4479	1.0233	10.0000	99.9751	39.7435	0.8230	0.8281	5.0000	19.9417	508.0640	94.9426	10.3117	24.3000	0.9300	0.9267	0.6578	-0.0002	508.0000	506.8468	1.0339	9.3503	99.9833	39.8244	0.8230	0.8239	5.0000	-9999.0000	-9999.0000	-9999.0000	-9999.0000	-9999.0000	-9999.0000	20.3226	5	0	23.8024	1.0000	11	3	-9999.0000	29870	66537	-9999	254	240	-9999	333.3601	5	0.6554	0.6578	-0.0002	51.1358	2.0979	488.8707	293.9137	41.5621	460.1435	95.2721	483.0196	95.1403	488.3582	95.1623	491.7665	94.9646	
26/08/2017	00:31:24	019004	G523113115HLR	L523	S		431.2836	1.0233	10.0000	100.0436	39.9487	0.8230	0.8284	5.0000	19.9222	508.0428	95.0085	12.5405	24.3000	0.9300	0.9265	0.6578	-0.0002	508.0000	508.5726	1.0339	9.4912	100.0770	39.8799	0.8230	0.8244	5.0000	-9999.0000	-9999.0000	-9999.0000	-9999.0000	-9999.0000	-9999.0000	20.2410	6	0	23.8523	1.0000	11	3	-9999.0000	29871	66538	-9999	255	241	-9999	333.1497	5	0.6554	0.6578	-0.0002	50.1163	2.1949	481.3781	304.5713	39.4752	454.8650	95.4479	475.8374	95.0744	480.8993	94.9866	484.7189	94.7449	
26/08/2017	00:31:48	019004	G523113118HLR	L523	S		433.3681	1.0233	10.0000	99.9816	40.0474	0.8230	0.8279	5.0000	20.6526	508.0563	94.9426	11.2112	24.3000	0.9300	0.9265	0.6578	-0.0002	508.0000	507.2700	1.0339	9.3886	99.9770	40.0512	0.8230	0.8243	5.0000	-9999.0000	-9999.0000	-9999.0000	-9999.0000	-9999.0000	-9999.0000	20.4720	7	0	23.4235	1.0000	11	3	-9999.0000	29872	66539	-9999	256	242	-9999	333.2793	5	0.6554	0.6578	-0.0002	50.2511	2.2215	485.6068	298.6626	40.2880	458.8536	95.3380	480.8202	95.0525	485.0957	95.0085	489.2466	94.9207	
26/08/2017	00:32:12	019004	G523113119HLR	L523	S		429.7481	1.0233	10.0000	99.9957	39.8695	0.8230	0.8276	5.0000	19.8430	508.0467	94.9646	11.3616	24.3000	0.9300	0.9266	0.6580	-0.0002	508.0000	507.2046	1.0339	9.3827	99.9782	39.9970	0.8230	0.8241	5.0000	-9999.0000	-9999.0000	-9999.0000	-9999.0000	-9999.0000	-9999.0000	20.0423	8	0	24.1726	1.0000	11	3	-9999.0000	29873	66540	-9999	257	243	-9999	332.9771	5	0.6552	0.6580	-0.0002	59.9560	1.4110	483.9300	311.3482	39.2775	458.3891	95.5797	478.9653	95.1184	483.5776	95.0525	487.5856	94.8108	
26/08/2017	00:32:36	019004	G523113121HLR	L523	S		433.7224	1.0233	10.0000	99.8720	39.6490	0.8230	0.8274	5.0000	21.4028	508.0392	94.8987	12.1020	24.3000	0.9300	0.9266	0.6561	-0.0000	508.0000	508.6270	1.0339	9.4846	100.1041	39.8367	0.8230	0.8240	5.0000	-9999.0000	-9999.0000	-9999.0000	-9999.0000	-9999.0000	-9999.0000	20.3420	1	0	24.2528	1.0000	11	3	-9999.0000	29874	66541	-9999	257	244	-9999	333.1179	5	0.6557	0.6561	-0.0000	48.8496	2.3352	485.9007	303.1977	40.6615	458.2948	95.2062	479.8958	95.0085	485.3232	95.0305	488.4263	94.9866	
26/08/2017	00:33:00	019004	G523113131HLR	L523	S		432.3086	1.0233	10.0000	99.9170	39.7624	0.8230	0.8282	5.0000	19.9318	508.0402	94.8767	12.2211	24.3000	0.9300	0.9266	0.6571	-0.0001	508.0000	507.9840	1.0339	9.4533	99.9762	39.8461	0.8230	0.8242	5.0000	-9999.0000	-9999.0000	-9999.0000	-9999.0000	-9999.0000	-9999.0000	20.9124	2	0	23.7934	1.0000	11	3	-9999.0000	29875	66542	-9999	258	245	-9999	333.0118	5	0.6556	0.6571	-0.0001	51.9709	2.0864	483.7873	296.7457	41.1008	457.0882	95.3161	478.5020	95.0525	483.2073	94.9646	487.7009	94.8987	
26/08/2017	00:33:49	019004	G523113128HLR	L523	S		432.9841	1.0233	10.0000	100.0947	39.9775	0.8230	0.8280	5.0000	19.7923	508.0491	94.8548	12.1918	24.5000	0.9300	0.9269	0.6578	-0.0002	508.0000	507.0744	1.0339	9.3709	100.0437	40.0596	0.8230	0.8239	5.0000	-9999.0000	-9999.0000	-9999.0000	-9999.0000	-9999.0000	-9999.0000	20.6819	4	0	24.9120	1.0000	11	3	-9999.0000	29876	66543	-9999	260	246	-9999	333.0798	5	0.6557	0.6578	-0.0002	45.1992	2.6721	482.8950	290.6074	40.8811	459.5134	94.9426	478.2064	94.7889	482.4730	94.9426	486.5405	94.9207	
26/08/2017	00:34:13	019004	G523113137HLR	L523	S		431.4190	1.0233	10.0000	100.0310	39.8222	0.8230	0.8276	5.0000	20.9720	508.0510	94.8548	11.3812	24.4000	0.9300	0.9268	0.6680	-0.0011	508.0000	507.0741	1.0339	9.3709	100.0632	39.7087	0.8230	0.8236	5.0000	-9999.0000	-9999.0000	-9999.0000	-9999.0000	-9999.0000	-9999.0000	21.6420	5	0	24.5134	1.0000	11	3	-9999.0000	29877	66544	-9999	261	247	-9999	333.2568	5	0.6556	0.6680	-0.0011	47.0177	2.4891	479.8926	287.3014	39.9585	453.5854	95.2062	474.0892	94.9426	479.4512	94.9426	484.0471	94.9207	
26/08/2017	00:34:39	019004	G523113156HLR	L523	S		430.1310	1.0233	10.0000	100.0295	39.7573	0.8230	0.8279	5.0000	20.0023	508.0621	94.8987	12.1713	24.3000	0.9300	0.9266	0.6601	-0.0004	508.0000	508.2320	1.0339	9.4757	99.9800	39.8461	0.8230	0.8245	5.0000	-9999.0000	-9999.0000	-9999.0000	-9999.0000	-9999.0000	-9999.0000	20.2816	6	0	25.4922	1.0000	11	3	-9999.0000	29878	66545	-9999	262	248	-9999	333.0001	5	0.6556	0.6601	-0.0004	47.3227	2.4219	480.6306	288.9175	38.0254	453.9438	95.1843	475.1137	94.9646	480.1276	95.0085	484.9607	94.9207	
26/08/2017	00:35:03	019004	G523113160HLR	L523	S		435.2632	1.0233	10.0000	99.8962	39.9245	0.8230	0.8281	5.0000	20.4019	508.0309	94.8108	11.0208	24.3000	0.9300	0.9266	0.6601	-0.0004	508.0000	508.0658	1.0339	9.4607	99.9499	40.1538	0.8230	0.8247	5.0000	-9999.0000	-9999.0000	-9999.0000	-9999.0000	-9999.0000	-9999.0000	20.2425	7	0	23.9626	1.0000	11	3	-9999.0000	29879	66546	-9999	263	249	-9999	333.1949	5	0.6556	0.6601	-0.0004	47.3227	2.4219	486.0113	303.7112	38.9260	457.4243	95.0744	480.5401	94.7230	485.5946	94.7669	489.5665	94.8328	
26/08/2017	00:35:26	019004	G523114953HLR	L523	S		433.7103	1.0233	10.0000	100.1606	39.9509	0.8230	0.8281	5.0000	19.8821	508.0648	94.8548	11.1409	24.3000	0.9300	0.9265	0.6680	-0.0010	508.0000	507.4943	1.0339	9.4089	100.0242	40.0899	0.8230	0.8241	5.0000	-9999.0000	-9999.0000	-9999.0000	-9999.0000	-9999.0000	-9999.0000	20.3020	8	0	23.4928	1.0000	11	3	-9999.0000	29880	66547	-9999	264	250	-9999	333.5609	5	0.6558	0.6680	-0.0010	56.6228	1.6135	481.4384	299.4271	38.8382	453.6817	95.2721	476.1641	94.8548	480.7406	94.8328	485.6890	94.7889	
26/08/2017	00:35:50	019004	G523114955HLR	L523	S		431.5206	1.0233	10.0000	99.9351	39.8993	0.8230	0.8278	5.0000	20.2219	508.0623	94.9426	12.1312	24.3000	0.9300	0.9266	0.6718	-0.0013	508.0000	508.0220	1.0339	9.4567	100.0346	39.8109	0.8230	0.8238	5.0000	-9999.0000	-9999.0000	-9999.0000	-9999.0000	-9999.0000	-9999.0000	20.2317	1	0	23.5632	1.0000	11	3	-9999.0000	29881	66548	-9999	265	251	-9999	333.1378	5	0.6560	0.6718	-0.0013	58.4217	1.4719	476.1818	294.5356	40.0903	449.6360	94.9207	469.0093	94.7230	475.4813	94.7669	479.6931	94.7230	
26/08/2017	00:36:14	019004	G523113140HLR	L523	S		425.4540	1.0233	10.0000	99.9242	39.7452	0.8230	0.8275	5.0000	21.2124	508.0489	94.8987	13.9019	24.3000	0.9300	0.9267	0.6725	-0.0014	508.0000	508.5908	1.0339	9.4890	100.0441	39.8277	0.8230	0.8242	5.0000	-9999.0000	-9999.0000	-9999.0000	-9999.0000	-9999.0000	-9999.0000	20.2219	2	0	24.1725	1.0000	11	3	-9999.0000	29882	66549	-9999	266	252	-9999	331.8156	5	0.6561	0.6725	-0.0014	53.1261	1.9182	469.5133	279.9404	38.7503	443.3012	95.3161	462.4468	94.9646	468.9353	95.0085	473.7739	94.9426	
26/08/2017	00:36:38	019004	G523113157HLR	L523	S		430.1708	1.0233	10.0000	99.8478	39.7673	0.8230	0.8277	5.0000	22.0122	508.0280	94.8108	12.2807	24.3000	0.9300	0.9266	0.6697	-0.0012	508.0000	508.7872	1.0339	9.4652	100.0173	40.0512	0.8230	0.8247	5.0000	-9999.0000	-9999.0000	-9999.0000	-9999.0000	-9999.0000	-9999.0000	19.9124	3	0	23.9021	1.0000	11	3	-9999.0000	29883	66550	-9999	267	253	-9999	333.0024	5	0.6562	0.6697	-0.0012	53.1642	1.8848	476.6261	303.0422	39.2995	450.6742	95.6017	470.3576	95.1843	476.0372	95.1184	480.8408	94.9866	
26/08/2017	00:37:02	019004	G523113141HLR	L523	S		434.5724	1.0233	10.0000	99.9993	39.9487	0.8230	0.8283	5.0000	19.8119	508.0507	94.7669	11.4915	24.3000	0.9300	0.9266	0.6727	-0.0014	508.0000	508.1653	1.0339	9.4697	99.9901	40.1202	0.8230	0.8242	5.0000	-9999.0000	-9999.0000	-9999.0000	-9999.0000	-9999.0000	-9999.0000	20.1125	4	0	23.8933	1.0000	11	3	-9999.0000	29884	66551	-9999	268	254	-9999	333.5941	5	0.6561	0.6727	-0.0014	53.7611	1.8334	479.3632	289.1537	39.0139	451.5595	95.4698	473.9480	95.0085	478.7831	95.0305	483.4941	94.9426	
26/08/2017	00:37:26	019004	G523114964HLR	L523	S		433.5118	1.0233	10.0000	100.0652	40.0289	0.8230	0.8281	5.0000	19.7314	508.0336	94.7669	11.7015	24.3000	0.9300	0.9266	0.6697	-0.0012	508.0000	507.7319	1.0339	9.4304	100.0474	39.8785	0.8230	0.8239	5.0000	-9999.0000	-9999.0000	-9999.0000	-9999.0000	-9999.0000	-9999.0000	20.4123	5	0	24.3426	1.0000	11	3	-9999.0000	29885	66552	-9999	269	255	-9999	333.4047	5	0.6562	0.6697	-0.0012	55.3722	1.6962	479.3306	299.3093	38.7942	452.9568	95.4698	473.0858	95.1623	478.6977	95.2282	483.6417	95.0305	
26/08/2017	00:37:51	019004	G523114965HLR	L523	S		432.0919	1.0233	10.0000	99.9228	39.8752	0.8230	0.8276	5.0000	20.1614	508.0644	94.8548	12.4819	24.3000	0.9300	0.9266	0.6764	-0.0017	508.0000	506.7326	1.0339	9.3399	100.0204	39.8027	0.8230	0.8241	5.0000	-9999.0000	-9999.0000	-9999.0000	-9999.0000	-9999.0000	-9999.0000	20.0023	6	0	24.2432	1.0000	11	3	-9999.0000	29886	66553	-9999	270	256	-9999	332.7963	5	0.6557	0.6764	-0.0017	41.4581	2.9028	474.1356	290.4414	38.7283	447.2307	95.1843	468.1588	94.8987	473.6758	94.9866	478.3688	94.9426	
26/08/2017	00:38:16	019004	G523114975HLR	L523	S		432.6269	1.0233	10.0000	100.2824	39.7384	0.8230	0.8277	5.0000	19.8323	508.0892	94.7230	12.1918	24.3000	0.9300	0.9267	0.6755	-0.0017	508.0000	507.7107	1.0339	9.4285	100.0440	39.9487	0.8230	0.8245	5.0000	-9999.0000	-9999.0000	-9999.0000	-9999.0000	-9999.0000	-9999.0000	20.3419	7	0	25.2125	1.0000	11	3	-9999.0000	29887	66554	-9999	271	257	-9999	333.0190	5	0.6556	0.6755	-0.0017	36.7770	3.2840	474.1273	294.0099	40.1782	447.4327	95.2062	468.0543	94.9646	473.3858	95.0305	479.1444	95.0085	
26/08/2017	00:38:42	019004	G523114983HLR	L523	S		430.7170	1.0233	10.0000	100.0177	39.8455	0.8230	0.8282	5.0000	19.7620	508.0718	94.7669	11.7415	24.3000	0.9300	0.9266	0.6773	-0.0018	508.0000	509.1783	1.0339	9.4179	99.9833	40.0598	0.8230	0.8242	5.0000	-9999.0000	-9999.0000	-9999.0000	-9999.0000	-9999.0000	-9999.0000	20.6125	8	0	26.6622	1.0000	11	3	-9999.0000	29888	66555	-9999	272	258	-9999	333.4638	5	0.6557	0.6773	-0.0018	35.4707	3.3998	474.9500	281.0911	40.6615	445.6184	95.3600	468.1713	95.0525	474.2237	95.0305	479.6527	94.9426	
26/08/2017	00:39:09	019004	G523114995HLR	L523	S		428.3126	1.0233	10.0000	100.2386	39.9487	0.8230	0.8282	5.0000	20.6919	508.0847	94.8108	12.6518	24.3000	0.9300	0.9266	0.6776	-0.0018	508.0000	507.7949	1.0339	9.4361	100.0735	39.9020	0.8230	0.8239	5.0000	-9999.0000	-9999.0000	-9999.0000	-9999.0000	-9999.0000	-9999.0000	21.0824	1	0	26.4131	1.0000	11	3	-9999.0000	29889	66556	-9999	273	259	-9999	332.6606	5	0.6558	0.6776	-0.0018	34.2573	3.5047	471.4949	286.1008	38.6624	442.3660	95.1623	464.6100	94.7889	470.8596	94.7889	475.4815	94.8328	
26/08/2017	00:39:32	019004	G523114957HLR	L523	S		428.1258	1.0233	10.0000	100.0815	39.9606	0.8230	0.8279	5.0000	19.7522	508.0417	94.7449	12.5512	24.2000	0.9300	0.9265	0.6777	-0.0018	508.0000	509.0277	1.0339	9.4361	99.9792	39.8461	0.8230	0.8241	5.0000	-9999.0000	-9999.0000	-9999.0000	-9999.0000	-9999.0000	-9999.0000	20.5726	2	0	23.4625	1.0000	11	3	-9999.0000	29890	66557	-9999	274	260	-9999	332.6757	5	0.6558	0.6777	-0.0018	35.5460	3.3959	471.9028	286.8700	41.1008	443.8176	95.0964	464.5115	94.9426	471.0133	94.9646	477.2320	94.9426	
26/08/2017	00:39:58	019004	G523114961HLR	L523	S		423.8193	1.0233	10.0000	99.9825	39.8246	0.8230	0.8275	5.0000	21.0124	508.0508	94.8987	13.4820	24.2000	0.9300	0.9264	0.6746	-0.0016	508.0000	508.4866	1.0339	9.4988	100.1046	39.9911	0.8230	0.8245	5.0000	-9999.0000	-9999.0000	-9999.0000	-9999.0000	-9999.0000	-9999.0000	20.1819	3	0	25.7129	1.0000	11	3	-9999.0000	29891	66558	-9999	275	261	-9999	332.0201	5	0.6557	0.6746	-0.0016	33.7347	3.5209	470.2801	295.2771	40.9910	442.8886	95.4479	463.1181	95.2721	469.7096	95.3161	474.5747	95.0525	
26/08/2017	00:40:22	019004	G523114978HLR	L523	S		421.1597	1.0233	10.0000	99.8595	39.7435	0.8230	0.8278	5.0000	20.1525	508.0401	94.8767	15.0612	24.4000	0.9300	0.9267	0.6717	-0.0013	508.0000	506.7865	1.0339	9.3448	100.0154	39.9839	0.8230	0.8238	5.0000	-9999.0000	-9999.0000	-9999.0000	-9999.0000	-9999.0000	-9999.0000	22.3422	4	0	24.3933	1.0000	11	3	-9999.0000	29892	66559	-9999	276	262	-9999	331.0511	5	0.6556	0.6717	-0.0013	35.8757	3.3454	465.9515	302.3994	41.8038	439.8171	95.2282	459.0430	94.9866	465.3421	95.0085	469.4220	94.9866	
26/08/2017	00:40:51	019004	G523114987HLR	L523	S		427.4862	1.0233	10.0000	99.9765	39.9192	0.8230	0.8283	5.0000	19.9427	508.0577	94.8108	14.6911	24.3000	0.9300	0.9267	0.6758	-0.0017	508.0000	506.2957	1.0339	9.3004	99.9811	39.8518	0.8230	0.8241	5.0000	-9999.0000	-9999.0000	-9999.0000	-9999.0000	-9999.0000	-9999.0000	19.8419	5	0	28.8831	1.0000	11	3	-9999.0000	29893	66560	-9999	277	263	-9999	330.9485	5	0.6556	0.6758	-0.0017	34.5733	3.4653	466.5265	300.6026	41.5841	439.8719	95.5797	460.9355	95.0964	465.9825	94.9646	470.4339	94.8987	
26/08/2017	00:41:16	019004	G523113129HLR	L523	S		432.7432	1.0233	10.0000	99.9637	40.0158	0.8230	0.8280	5.0000	20.7826	508.0861	94.7230	11.6712	24.2000	0.9300	0.9265	0.6755	-0.0016	508.0000	508.5300	1.0339	9.4964	100.0257	39.7927	0.8230	0.8237	5.0000	-9999.0000	-9999.0000	-9999.0000	-9999.0000	-9999.0000	-9999.0000	25.4931	6	0	24.3329	1.0000	11	3	-9999.0000	29894	66561	-9999	278	264	-9999	333.4671	5	0.6552	0.6755	-0.0016	31.3351	3.7451	476.1313	303.7215	43.4952	454.0262	95.3820	469.9983	95.0305	475.4592	94.9646	480.1735	94.9207	
26/08/2017	00:41:39	019004	G523114991HLR	L523	S		433.0209	1.0233	10.0000	99.9341	39.8785	0.8230	0.8276	5.0000	20.2318	508.0524	94.7669	11.9613	24.2000	0.9300	0.9265	0.6756	-0.0017	508.0000	508.4566	1.0339	9.4961	99.9581	40.0308	0.8230	0.8244	5.0000	-9999.0000	-9999.0000	-9999.0000	-9999.0000	-9999.0000	-9999.0000	20.4329	7	0	23.6520	1.0000	11	3	-9999.0000	29895	66562	-9999	279	265	-9999	333.1888	5	0.6549	0.6756	-0.0017	25.4403	4.2457	474.2416	292.8520	40.2001	447.3145	95.4918	467.4306	95.0085	473.6164	94.8987	479.0883	94.8108	
26/08/2017	00:42:04	019004	G523115033HLR	L523	S		427.2371	1.0233	10.0000	100.0004	39.6956	0.8230	0.8275	5.0000	21.4320	508.0905	94.8328	12.7915	24.3000	0.9300	0.9267	0.6672	-0.0010	508.0000	508.7570	1.0339	9.4689	100.0647	40.0672	0.8230	0.8242	5.0000	-9999.0000	-9999.0000	-9999.0000	-9999.0000	-9999.0000	-9999.0000	20.2924	8	0	24.5027	1.0000	11	3	-9999.0000	29896	66563	-9999	280	266	-9999	332.7583	5	0.6550	0.6672	-0.0010	34.8447	3.4774	475.1969	301.9332	40.2441	446.0187	95.1403	469.1085	94.9207	474.6820	94.9426	478.8691	94.8767	
26/08/2017	00:42:29	019004	G523115037HLR	L523	S		429.5586	1.0233	10.0000	100.0609	39.8461	0.8230	0.8283	5.0000	19.7424	508.0381	94.7889	13.1411	24.3000	0.9300	0.9267	0.6665	-0.0009	508.0000	509.1431	1.0339	9.4221	99.9764	39.8756	0.8230	0.8239	5.0000	-9999.0000	-9999.0000	-9999.0000	-9999.0000	-9999.0000	-9999.0000	20.3020	1	0	25.5829	1.0000	11	3	-9999.0000	29897	66564	-9999	281	267	-9999	332.7048	5	0.6549	0.6665	-0.0009	44.5096	2.6621	474.4657	296.1790	38.9260	445.0116	95.1403	468.6234	94.8328	473.8801	94.8548	478.7273	94.8987	
26/08/2017	00:42:54	019004	G523115049HLR	L523	S		431.4939	1.0233	10.0000	99.9119	40.0512	0.8230	0.8283	5.0000	20.2122	508.0650	94.7010	12.5512	24.4000	0.9300	0.9267	0.6655	-0.0008	508.0000	508.5343	1.0339	9.4958	100.0620	39.8461	0.8230	0.8242	5.0000	-9999.0000	-9999.0000	-9999.0000	-9999.0000	-9999.0000	-9999.0000	19.8519	2	0	24.5428	1.0000	11	3	-9999.0000	29898	66565	-9999	282	268	-9999	332.8798	5	0.6549	0.6655	-0.0008	47.2055	2.4662	479.0279	287.2928	37.3005	447.3441	95.1623	472.4946	94.8987	478.4357	94.9207	482.5455	94.9426	
26/08/2017	00:43:18	019004	G523115032HLR	L523	S		430.8254	1.0233	10.0000	99.9899	39.9423	0.8230	0.8275	5.0000	21.1225	508.0320	94.7449	11.5716	24.2000	0.9300	0.9265	0.6637	-0.0007	508.0000	509.1261	1.0339	9.4242	100.0018	40.0111	0.8230	0.8245	5.0000	-9999.0000	-9999.0000	-9999.0000	-9999.0000	-9999.0000	-9999.0000	19.9621	3	0	24.0330	1.0000	11	3	-9999.0000	29899	66566	-9999	283	269	-9999	333.1022	5	0.6547	0.6637	-0.0007	48.1280	2.3998	482.2091	301.3700	38.9919	451.5916	95.3600	476.1900	94.9207	481.5789	94.8987	485.6574	94.8987	
26/08/2017	00:43:43	019004	G523115008HLR	L523	S		426.2483	1.0233	10.0000	99.9270	39.6756	0.8230	0.8274	5.0000	20.0919	508.0613	94.7889	12.8618	24.3000	0.9300	0.9265	0.6632	-0.0007	508.0000	508.9042	1.0339	9.4511	99.9753	40.0320	0.8230	0.8242	5.0000	-9999.0000	-9999.0000	-9999.0000	-9999.0000	-9999.0000	-9999.0000	20.3323	4	0	24.8827	1.0000	11	3	-9999.0000	29900	66567	-9999	284	270	-9999	332.5723	5	0.6545	0.6632	-0.0007	46.9587	2.5555	477.7148	288.0809	38.0913	446.7175	95.5138	471.3419	95.1843	477.0724	95.2282	481.3679	95.0305	
26/08/2017	00:44:07	019004	G523115018HLR	L523	S		430.0279	1.0233	10.0000	100.0939	39.6484	0.8230	0.8281	5.0000	19.8519	508.0621	94.8548	13.9117	24.3000	0.9300	0.9267	0.6624	-0.0006	508.0000	508.5551	1.0339	9.4933	100.0077	39.8471	0.8230	0.8240	5.0000	-9999.0000	-9999.0000	-9999.0000	-9999.0000	-9999.0000	-9999.0000	20.4730	5	0	24.2831	1.0000	11	3	-9999.0000	29901	66568	-9999	285	271	-9999	332.1218	5	0.6542	0.6624	-0.0006	49.0225	2.4155	475.8421	296.7505	38.3988	447.0340	95.2282	470.3382	94.8767	475.4323	94.8767	479.9263	94.9426	
26/08/2017	00:44:32	019004	G523115007HLR	L523	S		428.9190	1.0233	10.0000	100.1214	40.0381	0.8230	0.8285	5.0000	20.6117	508.0684	94.7889	12.9419	24.2000	0.9300	0.9265	0.6627	-0.0006	508.0000	508.1811	1.0339	9.4711	99.9495	39.8461	0.8230	0.8242	5.0000	-9999.0000	-9999.0000	-9999.0000	-9999.0000	-9999.0000	-9999.0000	20.2522	6	0	25.4530	1.0000	11	3	-9999.0000	29902	66569	-9999	286	272	-9999	332.4541	5	0.6542	0.6627	-0.0006	48.0861	2.4477	477.2624	304.7090	38.2451	451.1741	95.3600	470.8236	95.0305	476.7225	94.9426	481.2631	94.9207	
26/08/2017	00:44:58	019004	G523115027HLR	L523	S		427.7482	1.0233	10.0000	99.9492	40.1260	0.8230	0.8280	5.0000	20.5618	508.0496	94.7449	12.2914	24.2000	0.9300	0.9264	0.6610	-0.0005	508.0000	508.2567	1.0339	9.4780	100.0806	40.0166	0.8230	0.8244	5.0000	-9999.0000	-9999.0000	-9999.0000	-9999.0000	-9999.0000	-9999.0000	20.8325	7	0	25.3925	1.0000	11	3	-9999.0000	29903	66570	-9999	287	273	-9999	332.5250	5	0.6541	0.6610	-0.0005	50.8296	2.2474	480.0337	290.4361	38.1133	451.3684	95.4259	474.0022	94.9866	479.4045	94.9646	483.7592	94.9426	
26/08/2017	00:45:24	019004	G523115017HLR	L523	S		428.2453	1.0233	10.0000	99.8460	39.8701	0.8230	0.8274	5.0000	19.9524	508.0635	94.7889	13.2310	24.2000	0.9300	0.9264	0.6612	-0.0006	508.0000	508.5418	1.0339	9.4949	99.8767	40.0316	0.8230	0.8242	5.0000	-9999.0000	-9999.0000	-9999.0000	-9999.0000	-9999.0000	-9999.0000	20.4124	8	0	26.0732	1.0000	11	3	-9999.0000	29904	66571	-9999	287	274	-9999	332.2838	5	0.6541	0.6612	-0.0006	51.2118	2.2226	478.7765	304.8928	39.5851	450.0816	95.3600	473.0397	94.9866	478.2266	95.0085	482.1523	94.9426	
26/08/2017	00:45:49	019004	G523115028HLR	L523	S		428.2226	1.0233	10.0000	100.0710	39.6410	0.8230	0.8275	5.0000	20.4525	508.0695	94.7669	12.6215	24.2000	0.9300	0.9266	0.6614	-0.0006	508.0000	508.8948	1.0339	9.4522	100.0878	39.8590	0.8230	0.8239	5.0000	-9999.0000	-9999.0000	-9999.0000	-9999.0000	-9999.0000	-9999.0000	20.6928	1	0	24.6522	1.0000	11	3	-9999.0000	29905	66572	-9999	288	275	-9999	332.4815	5	0.6541	0.6614	-0.0006	57.4361	1.6782	479.2716	294.0860	40.9470	449.7368	95.1623	473.0071	94.9426	478.7104	94.9866	482.6742	94.9426	
26/08/2017	00:46:14	019004	G523115038HLR	L523	S		428.3759	1.0233	10.0000	100.0739	39.7937	0.8230	0.8283	5.0000	19.8119	508.0442	94.8548	13.8424	24.3000	0.9300	0.9267	0.6626	-0.0007	508.0000	508.2207	1.0339	9.4747	100.0639	39.8461	0.8230	0.8242	5.0000	-9999.0000	-9999.0000	-9999.0000	-9999.0000	-9999.0000	-9999.0000	20.2727	2	0	25.6327	1.0000	11	3	-9999.0000	29906	66573	-9999	289	276	-9999	332.0526	5	0.6542	0.6626	-0.0007	67.4063	0.8713	475.2048	295.2386	37.8716	447.0229	95.4918	470.3939	95.0525	474.6629	95.0525	478.9949	94.9426	
26/08/2017	00:46:39	019004	G523115048HLR	L523	S		426.1097	1.0233	10.0000	100.1561	40.0512	0.8230	0.8283	5.0000	20.8725	508.0496	94.7669	13.6617	24.3000	0.9300	0.9267	0.6667	-0.0010	508.0000	509.1920	1.0339	9.4162	100.0658	40.0099	0.8230	0.8245	5.0000	-9999.0000	-9999.0000	-9999.0000	-9999.0000	-9999.0000	-9999.0000	20.2415	3	0	25.1034	1.0000	11	3	-9999.0000	29907	66574	-9999	290	277	-9999	331.8974	5	0.6542	0.6667	-0.0010	60.4593	1.4627	473.4261	296.2712	38.6185	443.8883	95.3380	466.6476	95.0964	472.6754	95.1623	476.9999	95.0085	
26/08/2017	00:47:04	019004	G523115011HLR	L523	S		426.8381	1.0233	10.0000	99.9506	40.0179	0.8230	0.8277	5.0000	20.3919	508.0511	94.8108	14.4811	24.2000	0.9300	0.9265	0.6646	-0.0008	508.0000	508.8569	1.0339	9.4568	99.9705	40.0318	0.8230	0.8243	5.0000	-9999.0000	-9999.0000	-9999.0000	-9999.0000	-9999.0000	-9999.0000	20.2620	4	0	24.3328	1.0000	11	3	-9999.0000	29908	66575	-9999	291	278	-9999	331.5675	5	0.6540	0.6646	-0.0008	66.4442	1.0119	473.5712	299.1636	39.2995	445.6576	95.3161	468.5215	94.9207	472.9991	94.8108	476.9367	94.8328	
26/08/2017	00:47:29	019004	G523115010HLR	L523	S		426.6006	1.0233	10.0000	99.8417	39.7851	0.8230	0.8274	5.0000	19.9025	508.0344	94.7449	12.4711	24.2000	0.9300	0.9265	0.6612	-0.0006	508.0000	508.8840	1.0339	9.4535	99.9071	39.8666	0.8230	0.8240	5.0000	-9999.0000	-9999.0000	-9999.0000	-9999.0000	-9999.0000	-9999.0000	20.1321	5	0	25.4131	1.0000	11	3	-9999.0000	29909	66576	-9999	292	279	-9999	332.2924	5	0.6538	0.6612	-0.0006	77.3053	0.1987	479.1077	304.1177	38.4867	449.8261	95.1184	472.7968	94.8987	478.6330	94.8987	482.8814	94.8767	
26/08/2017	00:47:53	019004	G523115009HLR	L523	S		427.2529	1.0233	10.0000	99.8814	39.6668	0.8230	0.8276	5.0000	21.3126	508.0660	94.8767	14.0113	24.3000	0.9300	0.9267	0.6605	-0.0005	508.0000	509.0344	1.0339	9.4353	100.0221	39.8461	0.8230	0.8243	5.0000	-9999.0000	-9999.0000	-9999.0000	-9999.0000	-9999.0000	-9999.0000	19.9719	6	0	23.6422	1.0000	11	3	-9999.0000	29910	66577	-9999	293	279	-9999	331.8983	5	0.6537	0.6605	-0.0005	77.1403	0.1944	475.0691	295.3997	40.7274	447.9056	95.3820	469.7884	94.9866	474.5944	94.9207	478.4155	94.8767	
26/08/2017	00:48:17	019004	G523115029HLR	L523	S		428.1444	1.0233	10.0000	100.0642	39.8461	0.8230	0.8282	5.0000	21.4730	508.0414	94.7669	13.3521	24.3000	0.9300	0.9267	0.6612	-0.0006	508.0000	507.5717	1.0339	9.4159	100.0131	40.0166	0.8230	0.8245	5.0000	-9999.0000	-9999.0000	-9999.0000	-9999.0000	-9999.0000	-9999.0000	20.2121	7	0	24.0622	1.0000	11	3	-9999.0000	29911	66578	-9999	294	280	-9999	332.0296	5	0.6536	0.6612	-0.0006	71.6899	0.6410	477.1740	302.5108	42.6165	453.4359	95.2941	471.5635	95.1623	476.6903	95.1403	480.7847	94.9866	
26/08/2017	00:48:42	019004	G523115019HLR	L523	S		428.3389	1.0233	10.0000	100.1211	40.0721	0.8230	0.8283	5.0000	19.7618	508.0615	94.7230	12.5610	24.2000	0.9300	0.9265	0.6643	-0.0008	508.0000	508.5093	1.0339	9.4989	99.9324	40.0361	0.8230	0.8242	5.0000	-9999.0000	-9999.0000	-9999.0000	-9999.0000	-9999.0000	-9999.0000	20.2721	8	0	24.9032	1.0000	11	3	-9999.0000	29912	66579	-9999	295	280	-9999	332.2023	5	0.6533	0.6643	-0.0008	71.7538	0.6657	478.8594	294.7849	41.8697	453.7213	95.5138	472.3532	95.3380	478.3389	95.3161	482.3098	95.0525	
26/08/2017	00:49:06	019004	G523115021HLR	L523	S		429.3857	1.0233	10.0000	99.8947	39.9556	0.8230	0.8275	5.0000	21.1027	508.0607	94.8548	13.6822	24.3000	0.9300	0.9266	0.6643	-0.0008	508.0000	508.5321	1.0339	9.4961	100.0504	39.8619	0.8230	0.8240	5.0000	-9999.0000	-9999.0000	-9999.0000	-9999.0000	-9999.0000	-9999.0000	20.3323	1	0	24.2029	1.0000	11	3	-9999.0000	29913	66580	-9999	296	281	-9999	331.7086	5	0.6532	0.6643	-0.0008	82.6472	-0.1324	474.4421	285.7147	38.2231	446.9937	95.4918	468.5388	95.0525	473.8218	95.0744	478.0301	95.0085	
26/08/2017	00:49:32	019004	G523115022HLR	L523	S		429.6720	1.0233	10.0000	99.8819	39.6578	0.8230	0.8271	5.0000	21.7329	508.0733	94.7669	11.9711	24.2000	0.9300	0.9265	0.6652	-0.0009	508.0000	508.3860	1.0339	9.4897	100.0718	39.8461	0.8230	0.8242	5.0000	-9999.0000	-9999.0000	-9999.0000	-9999.0000	-9999.0000	-9999.0000	20.3323	2	0	25.7930	1.0000	11	3	-9999.0000	29914	66581	-9999	297	282	-9999	332.4610	5	0.6530	0.6652	-0.0009	78.2008	0.1963	479.0620	290.8363	38.1352	451.1495	95.2721	473.0886	94.9207	478.2237	94.9207	483.5068	94.9207	
26/08/2017	00:49:57	019004	G523115030HLR	L523	S		432.9174	1.0233	10.0000	99.7302	39.7360	0.8230	0.8281	5.0000	19.8821	508.0463	94.7889	12.3315	24.2000	0.9300	0.9265	0.6661	-0.0010	508.0000	508.0899	1.0339	9.4629	99.9911	39.9487	0.8230	0.8241	5.0000	-9999.0000	-9999.0000	-9999.0000	-9999.0000	-9999.0000	-9999.0000	22.5230	3	0	24.8621	1.0000	11	3	-9999.0000	29915	66582	-9999	298	283	-9999	332.3287	5	0.6531	0.6661	-0.0010	74.6077	0.4722	478.6830	300.3078	38.4428	449.1819	95.5577	473.2069	95.0744	477.9714	94.9866	482.1490	94.8767	
26/08/2017	00:50:48	019004	G523115012HLR	L523	S		428.7019	1.0233	10.0000	100.1312	40.0824	0.8230	0.8279	5.0000	21.6919	508.0506	94.7669	11.9310	24.4000	0.9300	0.9268	0.6635	-0.0008	508.0000	507.9760	1.0339	9.4525	100.0872	39.8826	0.8230	0.8237	5.0000	-9999.0000	-9999.0000	-9999.0000	-9999.0000	-9999.0000	-9999.0000	21.0120	5	0	25.6034	1.0000	11	3	-9999.0000	29917	66583	-9999	300	284	-9999	332.2091	5	0.6528	0.6635	-0.0008	77.1108	0.2781	480.1220	278.9284	37.6519	449.6329	94.8767	473.4855	94.8987	479.4332	95.2062	483.9474	95.0525	
26/08/2017	00:51:13	019004	G523115040HLR	L523	S		433.5641	1.0233	10.0000	99.9847	39.8715	0.8230	0.8275	5.0000	19.9523	508.0384	94.8328	10.8010	24.3000	0.9300	0.9268	0.6651	-0.0009	508.0000	507.7653	1.0339	9.4335	99.9588	39.6164	0.8230	0.8239	5.0000	-9999.0000	-9999.0000	-9999.0000	-9999.0000	-9999.0000	-9999.0000	20.6819	6	0	25.4628	1.0000	11	3	-9999.0000	29918	66584	-9999	301	285	-9999	332.8083	5	0.6529	0.6651	-0.0009	71.9660	0.6573	484.4481	295.4447	39.7608	454.4355	95.4259	477.9371	95.2941	483.8590	95.3380	488.1547	95.0305	
26/08/2017	00:51:39	019004	G523115500HLR	L523	S		426.8759	1.0233	10.0000	100.1322	39.6782	0.8230	0.8277	5.0000	19.8128	508.0330	95.0744	13.1714	24.4000	0.9300	0.9268	0.6650	-0.0009	508.0000	507.0302	1.0339	9.3669	99.9753	40.0480	0.8230	0.8250	5.0000	-9999.0000	-9999.0000	-9999.0000	-9999.0000	-9999.0000	-9999.0000	20.0228	7	0	26.1024	1.0000	11	3	-9999.0000	29919	66585	-9999	302	286	-9999	331.6897	5	0.6530	0.6650	-0.0009	64.2482	1.2079	473.6809	294.8060	38.6185	446.0632	95.0964	467.6074	94.7669	473.1660	94.7669	477.7048	94.7889	
26/08/2017	00:52:06	019004	G523115041HLR	L523	S		425.2015	1.0233	10.0000	99.8464	39.8461	0.8230	0.8283	5.0000	20.0825	508.0761	94.8548	13.9121	24.3000	0.9300	0.9268	0.6650	-0.0009	508.0000	507.0108	1.0339	9.3651	100.0113	40.2162	0.8230	0.8240	5.0000	-9999.0000	-9999.0000	-9999.0000	-9999.0000	-9999.0000	-9999.0000	22.7124	8	0	26.1535	1.0000	11	3	-9999.0000	29920	66586	-9999	303	287	-9999	331.3937	5	0.6530	0.6650	-0.0009	64.2482	1.2079	473.0348	307.9158	41.6061	445.6559	95.4259	467.0173	95.0085	472.5681	95.0744	476.3015	95.0305	
26/08/2017	00:52:31	019004	G523115480HLR	L523	S		427.0283	1.0233	10.0000	99.9339	40.0236	0.8230	0.8282	5.0000	20.7824	508.0526	94.8328	13.9615	24.2000	0.9300	0.9265	0.6652	-0.0009	508.0000	508.0002	1.0339	9.4547	99.9817	39.8950	0.8230	0.8235	5.0000	-9999.0000	-9999.0000	-9999.0000	-9999.0000	-9999.0000	-9999.0000	22.8627	1	0	25.4627	1.0000	11	3	-9999.0000	29921	66587	-9999	304	288	-9999	331.3147	5	0.6530	0.6652	-0.0009	65.4847	1.1370	472.4544	296.2357	38.8601	444.8156	95.4698	466.8464	95.1843	471.9667	95.1184	476.0540	94.9646	
26/08/2017	00:52:57	019004	G523115052HLR	L523	S		426.3282	1.0233	10.0000	99.9222	39.9786	0.8230	0.8279	5.0000	19.8918	508.0634	94.7889	13.7916	24.3000	0.9300	0.9266	0.6662	-0.0010	508.0000	507.5769	1.0339	9.4164	100.0871	39.7143	0.8230	0.8238	5.0000	-9999.0000	-9999.0000	-9999.0000	-9999.0000	-9999.0000	-9999.0000	20.9427	2	0	26.6631	1.0000	11	3	-9999.0000	29922	66588	-9999	305	289	-9999	331.4154	5	0.6534	0.6662	-0.0010	58.0658	1.6581	472.1940	296.3136	40.3319	443.1027	95.4479	465.8106	95.1184	471.6379	95.1184	475.7763	94.9646	
26/08/2017	00:53:24	019004	G523115498HLR	L523	S		426.5785	1.0233	10.0000	99.8308	39.7829	0.8230	0.8276	5.0000	19.9123	508.0505	94.7449	14.1715	24.4000	0.9300	0.9269	0.6666	-0.0011	508.0000	507.3257	1.0339	9.3937	99.9816	39.9088	0.8230	0.8241	5.0000	-9999.0000	-9999.0000	-9999.0000	-9999.0000	-9999.0000	-9999.0000	23.3726	3	0	25.9629	1.0000	11	3	-9999.0000	29923	66589	-9999	306	290	-9999	331.1470	5	0.6536	0.6666	-0.0011	57.8066	1.6823	471.6790	297.1456	39.6290	441.8183	95.5797	465.5917	95.3600	471.0901	95.4479	475.2086	95.0964	
26/08/2017	00:53:48	019004	G523115020HLR	L523	S		308.7878	1.0233	7.4659	100.0996	39.6938	0.8230	0.8279	5.0000	19.7023	0.0000	0.0000	0.0000	0.0000	0.9300	0.0000	0.0000	0.0000	0.0000	322.6353	1.0339	0.0000	100.0501	40.1538	0.8230	0.8247	5.0000	-9999.0000	-9999.0000	-9999.0000	-9999.0000	-9999.0000	-9999.0000	21.0725	4	7	23.9823	1.0000	11	3	-9999.0000	29924	0	-9999	307	291	-9999	0.0000	0	0.0000	0.0000	0.0000	0.0000	0.0000	0.0000	0.0000	0.0000	0.0000	0.0000	0.0000	0.0000	0.0000	0.0000	0.0000	0.0000	
26/08/2017	00:54:12	019004	G523115470HLR	L523	S		428.2477	1.0233	10.0000	100.1133	39.9487	0.8230	0.8284	5.0000	20.4729	508.0461	94.7669	13.7213	24.5000	0.9300	0.9270	0.6627	-0.0007	508.0000	507.3635	1.0339	9.3971	100.0754	39.8912	0.8230	0.8240	5.0000	-9999.0000	-9999.0000	-9999.0000	-9999.0000	-9999.0000	-9999.0000	20.4025	5	0	24.8728	1.0000	11	3	-9999.0000	29925	66590	-9999	308	292	-9999	331.8081	5	0.6537	0.6627	-0.0007	56.0559	1.7935	474.6273	277.0574	37.1467	446.2218	94.7010	467.8271	94.5472	473.9569	94.7669	478.7873	94.8987	
26/08/2017	00:54:36	019004	G523115475HLR	L523	S		429.1359	1.0233	10.0000	99.8699	40.0459	0.8230	0.8280	5.0000	20.8129	508.0469	94.6790	13.4019	24.4000	0.9300	0.9267	0.6634	-0.0008	508.0000	508.0520	1.0339	9.4594	100.0104	39.7884	0.8230	0.8242	5.0000	-9999.0000	-9999.0000	-9999.0000	-9999.0000	-9999.0000	-9999.0000	19.9623	6	0	23.5525	1.0000	11	3	-9999.0000	29926	66591	-9999	309	293	-9999	331.8590	5	0.6536	0.6634	-0.0008	55.5116	1.8486	476.0534	299.4482	40.2441	448.0784	95.2502	470.1176	94.9646	475.4399	94.9646	479.6401	94.9207	
26/08/2017	00:54:59	019004	G523115488HLR	L523	S		426.1204	1.0233	10.0000	99.8554	39.8289	0.8230	0.8275	5.0000	20.5823	508.0470	94.8767	14.2614	24.4000	0.9300	0.9266	0.6633	-0.0008	508.0000	508.2339	1.0339	9.4759	99.9298	39.9487	0.8230	0.8245	5.0000	-9999.0000	-9999.0000	-9999.0000	-9999.0000	-9999.0000	-9999.0000	20.2815	7	0	23.4333	1.0000	11	3	-9999.0000	29927	66592	-9999	310	294	-9999	331.5657	5	0.6535	0.6633	-0.0008	55.3780	1.8360	473.0175	301.5693	40.1123	444.6511	95.1184	467.1423	94.7889	472.4941	94.8767	476.8303	94.9426	
26/08/2017	00:55:24	019004	G523115478HLR	L523	S		428.2631	1.0233	10.0000	100.0026	39.6856	0.8230	0.8278	5.0000	20.2425	508.0680	94.7010	12.3617	24.3000	0.9300	0.9267	0.6633	-0.0008	508.0000	507.9952	1.0339	9.4543	100.0195	40.0760	0.8230	0.8245	5.0000	-9999.0000	-9999.0000	-9999.0000	-9999.0000	-9999.0000	-9999.0000	19.8615	8	0	24.4724	1.0000	11	3	-9999.0000	29928	66593	-9999	311	295	-9999	332.3154	5	0.6535	0.6633	-0.0008	55.3780	1.8360	478.4103	300.0633	40.7054	450.4128	95.5358	472.4762	95.3161	477.7959	95.3820	482.7619	95.1403	
26/08/2017	00:55:48	019004	G523115467HLR	L523	S		427.2347	1.0233	10.0000	100.0578	39.8461	0.8230	0.8284	5.0000	19.8918	508.0414	94.7889	13.1313	24.4000	0.9300	0.9267	0.6621	-0.0006	508.0000	507.9304	1.0339	9.4484	100.0003	39.9427	0.8230	0.8242	5.0000	-9999.0000	-9999.0000	-9999.0000	-9999.0000	-9999.0000	-9999.0000	19.9221	1	0	24.1228	1.0000	11	3	-9999.0000	29929	66594	-9999	312	296	-9999	332.0881	5	0.6537	0.6621	-0.0006	55.5087	1.8254	476.7136	301.9032	42.9241	451.6953	95.3820	470.6946	95.0525	476.1879	95.0744	480.0698	94.9646	
26/08/2017	00:56:14	019004	G523115466HLR	L523	S		433.1467	1.0233	10.0000	100.0671	40.0512	0.8230	0.8283	5.0000	19.9125	508.0416	94.8108	10.3810	24.3000	0.9300	0.9266	0.6628	-0.0007	508.0000	507.6174	1.0339	9.4201	100.0729	39.8308	0.8230	0.8240	5.0000	-9999.0000	-9999.0000	-9999.0000	-9999.0000	-9999.0000	-9999.0000	20.7522	2	0	26.2529	1.0000	11	3	-9999.0000	29930	66595	-9999	313	297	-9999	333.0676	5	0.6536	0.6628	-0.0007	52.8292	2.0057	484.7783	302.3859	40.0244	457.0814	95.0525	479.6289	94.8108	484.2053	94.8548	488.7818	94.8987	
26/08/2017	00:56:38	019004	G523115485HLR	L523	S		436.2925	1.0233	10.0000	99.9703	39.9558	0.8230	0.8278	5.0000	19.9116	508.0586	94.9207	10.3615	24.4000	0.9300	0.9266	0.6634	-0.0007	508.0000	508.4051	1.0339	9.4914	100.0608	39.8733	0.8230	0.8243	5.0000	-9999.0000	-9999.0000	-9999.0000	-9999.0000	-9999.0000	-9999.0000	21.0227	3	0	23.9626	1.0000	11	3	-9999.0000	29931	66596	-9999	314	298	-9999	333.1510	5	0.6535	0.6634	-0.0007	55.0260	1.8632	486.1871	290.7678	38.2231	457.2655	95.4259	480.4165	95.1184	485.6944	95.0305	489.4280	94.8548	
26/08/2017	00:57:04	019004	G523115454HLR	L523	S		426.4752	1.0233	10.0000	99.9806	39.7546	0.8230	0.8276	5.0000	20.1517	508.0489	95.0525	12.8217	24.4000	0.9300	0.9266	0.6648	-0.0009	508.0000	508.4243	1.0339	9.4931	99.9980	40.1000	0.8230	0.8245	5.0000	-9999.0000	-9999.0000	-9999.0000	-9999.0000	-9999.0000	-9999.0000	20.1028	4	0	25.7031	1.0000	11	3	-9999.0000	29932	66597	-9999	315	299	-9999	332.1820	5	0.6535	0.6648	-0.0009	53.8169	1.9525	475.1719	285.1510	39.1457	447.0866	94.9207	469.2075	94.7010	474.6326	94.7449	479.0424	94.6790	
26/08/2017	00:57:30	019004	G523115483HLR	L523	S		431.4250	1.0233	10.0000	100.0220	39.7435	0.8230	0.8280	5.0000	20.1019	508.0763	94.8328	11.2014	24.3000	0.9300	0.9266	0.6663	-0.0010	508.0000	508.5780	1.0339	9.4905	99.9916	39.9767	0.8230	0.8241	5.0000	-9999.0000	-9999.0000	-9999.0000	-9999.0000	-9999.0000	-9999.0000	20.3528	5	0	25.8525	1.0000	11	3	-9999.0000	29933	66598	-9999	316	300	-9999	333.1436	5	0.6533	0.6663	-0.0010	67.1077	0.9965	481.5094	285.1062	40.0024	449.3867	95.1623	475.5276	94.9207	480.9694	94.9866	485.0999	94.9426	
26/08/2017	00:57:57	019004	G523115455HLR	L523	S		425.8712	1.0233	10.0000	99.9418	39.9487	0.8230	0.8284	5.0000	20.3224	508.0499	95.0744	14.6110	24.4000	0.9300	0.9266	0.6659	-0.0009	508.0000	507.3268	1.0339	9.3937	99.9909	39.8461	0.8230	0.8241	5.0000	-9999.0000	-9999.0000	-9999.0000	-9999.0000	-9999.0000	-9999.0000	19.8722	6	0	26.9630	1.0000	11	3	-9999.0000	29934	66599	-9999	317	301	-9999	331.3631	5	0.6535	0.6659	-0.0009	57.4474	1.6943	470.3615	291.4087	40.3539	442.4322	95.3161	464.9326	94.9426	469.8107	94.9426	474.5340	94.8767	
26/08/2017	00:58:22	019004	G523115474HLR	L523	S		429.6347	1.0233	10.0000	100.0545	40.0420	0.8230	0.8280	5.0000	20.5921	508.0916	94.8108	12.2816	24.3000	0.9300	0.9265	0.6645	-0.0008	508.0000	507.8946	1.0339	9.4452	99.9845	39.9163	0.8230	0.8245	5.0000	-9999.0000	-9999.0000	-9999.0000	-9999.0000	-9999.0000	-9999.0000	20.0324	7	0	25.6426	1.0000	11	3	-9999.0000	29935	66600	-9999	318	302	-9999	332.4608	5	0.6537	0.6645	-0.0008	52.9934	2.0096	478.3058	298.0285	39.1896	449.5470	95.3820	471.8772	95.0525	477.7986	94.9426	481.8157	94.8767	
26/08/2017	00:58:48	019004	G523115452HLR	L523	S		426.8969	1.0233	10.0000	99.9071	39.8781	0.8230	0.8276	5.0000	20.5824	508.0555	94.9646	14.0514	24.4000	0.9300	0.9266	0.6638	-0.0008	508.0000	508.2268	1.0339	9.4753	100.0397	40.0431	0.8230	0.8243	5.0000	-9999.0000	-9999.0000	-9999.0000	-9999.0000	-9999.0000	-9999.0000	20.1916	8	0	25.6834	1.0000	11	3	-9999.0000	29936	66601	-9999	319	303	-9999	331.7328	5	0.6538	0.6638	-0.0008	53.2781	2.0109	473.4855	297.5219	40.2441	444.5857	95.4918	467.7783	95.0744	472.9560	95.0085	477.1705	94.8767	
26/08/2017	00:59:19	019004	G523115699HLR	L523	S		429.1083	1.0233	10.0000	100.0234	39.6916	0.8230	0.8277	5.0000	19.8723	508.0486	94.7889	14.1119	24.3000	0.9300	0.9265	0.6637	-0.0008	508.0000	508.4789	1.0339	9.4981	100.0421	39.9010	0.8230	0.8240	5.0000	-9999.0000	-9999.0000	-9999.0000	-9999.0000	-9999.0000	-9999.0000	20.6322	1	0	31.1432	1.0000	11	3	-9999.0000	29937	66602	-9999	320	304	-9999	331.6913	5	0.6540	0.6637	-0.0008	55.0891	1.8774	473.4852	296.5890	37.8936	446.2648	95.3820	468.1050	95.0085	473.0094	95.0085	477.1897	94.8987	
26/08/2017	00:59:44	019004	G523115491HLR	L523	S		427.2979	1.0233	10.0000	99.9421	39.8461	0.8230	0.8283	5.0000	19.8920	508.0509	94.8548	15.3015	24.2000	0.9300	0.9263	0.6627	-0.0007	508.0000	36.4301	1.0339	0.0000	100.0103	38.8660	0.8230	0.8250	5.0000	-9999.0000	-9999.0000	-9999.0000	-9999.0000	-9999.0000	-9999.0000	27.8324	2	6	25.2528	1.0000	11	3	-9999.0000	29938	66603	-9999	321	305	-9999	331.3897	5	0.6541	0.6627	-0.0007	55.4628	1.8469	471.2952	281.3293	39.9805	444.0865	95.4259	466.1682	95.0744	470.6684	94.9866	474.2979	94.8987	
26/08/2017	01:00:09	019004	G523115700HLR	L523	S		427.1774	1.0233	10.0000	100.0331	40.0230	0.8230	0.8281	5.0000	21.0932	508.0676	94.7669	13.9615	24.2000	0.9300	0.9263	0.6633	-0.0007	508.0000	508.5760	1.0339	9.4908	100.0343	39.6870	0.8230	0.8250	5.0000	-9999.0000	-9999.0000	-9999.0000	-9999.0000	-9999.0000	-9999.0000	20.2121	3	0	24.8025	1.0000	11	3	-9999.0000	29939	66604	-9999	322	306	-9999	331.8163	5	0.6541	0.6633	-0.0007	54.3536	1.9512	474.0128	301.7630	39.8047	445.9752	95.3820	468.2691	95.2282	473.3777	95.2282	477.6736	94.9866	
26/08/2017	01:00:33	019004	G523115670HLR	L523	S		426.9232	1.0233	10.0000	99.8520	39.9317	0.8230	0.8276	5.0000	20.9418	508.0762	94.7669	14.0416	24.2000	0.9300	0.9264	0.6634	-0.0007	508.0000	508.6556	1.0339	9.4812	99.9905	40.6666	0.8230	0.8255	5.0000	-9999.0000	-9999.0000	-9999.0000	-9999.0000	-9999.0000	-9999.0000	20.4221	4	0	24.0233	1.0000	11	3	-9999.0000	29940	66605	-9999	323	307	-9999	331.7929	5	0.6541	0.6634	-0.0007	54.8056	1.9274	472.9290	299.8149	39.0139	445.0397	95.2721	467.3375	94.8328	472.4452	94.7669	476.9176	94.8108	
26/08/2017	01:00:58	019004	G523115660HLR	L523	S		431.3110	1.0233	10.0000	100.0696	39.7386	0.8230	0.8276	5.0000	20.1517	508.0455	94.7010	13.1909	24.2000	0.9300	0.9265	0.6635	-0.0008	508.0000	509.3252	1.0339	9.4001	100.0445	40.5006	0.8230	0.8243	5.0000	-9999.0000	-9999.0000	-9999.0000	-9999.0000	-9999.0000	-9999.0000	20.1117	5	0	24.8426	1.0000	11	3	-9999.0000	29941	66606	-9999	324	308	-9999	332.0657	5	0.6541	0.6635	-0.0008	56.6607	1.7604	475.8341	302.8456	38.3110	447.2961	95.2502	470.1181	94.8767	475.2602	94.8328	479.6020	94.8328	
26/08/2017	01:01:23	019004	G523115680HLR	L523	S		428.0638	1.0233	10.0000	100.0297	39.7657	0.8230	0.8282	5.0000	19.7515	508.0554	94.7449	13.6216	24.3000	0.9300	0.9265	0.6635	-0.0008	508.0000	508.6377	1.0339	9.4833	99.9956	40.1487	0.8230	0.8239	5.0000	-9999.0000	-9999.0000	-9999.0000	-9999.0000	-9999.0000	-9999.0000	20.2922	6	0	24.6229	1.0000	11	3	-9999.0000	29942	66607	-9999	325	309	-9999	331.9189	5	0.6541	0.6635	-0.0008	56.6607	1.7604	474.2506	286.0976	38.6624	445.1116	95.1403	468.8814	94.7889	473.7832	94.8548	478.3662	94.8987	
26/08/2017	01:01:47	019004	G523115696HLR	L523	S		429.5080	1.0233	10.0000	99.9171	40.0512	0.8230	0.8282	5.0000	20.3308	508.0724	94.7010	12.9712	24.3000	0.9300	0.9266	0.6639	-0.0008	508.0000	508.8278	1.0339	9.4603	100.0307	39.8623	0.8230	0.8238	5.0000	-9999.0000	-9999.0000	-9999.0000	-9999.0000	-9999.0000	-9999.0000	19.8928	7	0	24.5926	1.0000	11	3	-9999.0000	29942	66608	-9999	326	310	-9999	332.1627	5	0.6539	0.6639	-0.0008	55.9268	1.8060	476.5943	299.5359	38.9919	447.5223	95.2282	470.9960	94.9207	476.0675	94.9426	480.1164	94.9207	
26/08/2017	01:02:13	019004	G523115693HLR	L523	S		429.8254	1.0233	10.0000	100.2726	39.9006	0.8230	0.8274	5.0000	21.4819	508.0734	94.6571	12.4213	24.3000	0.9300	0.9266	0.6650	-0.0009	508.0000	508.4428	1.0339	9.4948	100.0640	39.7937	0.8230	0.8241	5.0000	-9999.0000	-9999.0000	-9999.0000	-9999.0000	-9999.0000	-9999.0000	20.1721	8	0	26.3333	1.0000	11	3	-9999.0000	29943	66609	-9999	327	311	-9999	332.3182	5	0.6537	0.6650	-0.0009	56.8783	1.7297	478.1055	289.1641	40.0903	449.4118	95.2062	471.9971	94.9426	477.5502	95.0085	482.0072	94.9646	
26/08/2017	01:02:37	019004	G523115686HLR	L523	S		429.1701	1.0233	10.0000	99.8202	39.6864	0.8230	0.8275	5.0000	20.8022	508.0462	94.7010	13.1118	24.3000	0.9300	0.9266	0.6639	-0.0008	508.0000	508.0781	1.0339	9.4618	100.0005	39.9368	0.8230	0.8241	5.0000	-9999.0000	-9999.0000	-9999.0000	-9999.0000	-9999.0000	-9999.0000	23.0532	1	0	23.7123	1.0000	11	3	-9999.0000	29944	66610	-9999	328	312	-9999	331.9322	5	0.6533	0.6639	-0.0008	62.5004	1.3107	476.1404	298.6850	38.4208	447.0837	95.2721	469.4159	94.9207	475.6067	94.9207	479.3369	94.8987	
26/08/2017	01:03:06	019004	G523115572HLR	L523	S		428.4141	1.0233	10.0000	99.9768	39.7435	0.8230	0.8281	5.0000	20.5423	508.0465	94.6571	13.0112	24.2000	0.9300	0.9263	0.6659	-0.0010	508.0000	508.8829	1.0339	9.4536	100.0431	40.0824	0.8230	0.8245	5.0000	-9999.0000	-9999.0000	-9999.0000	-9999.0000	-9999.0000	-9999.0000	19.9524	2	0	29.2435	1.0000	11	3	-9999.0000	29945	66611	-9999	329	313	-9999	331.9833	5	0.6531	0.6659	-0.0010	61.4985	1.3833	474.7012	289.9418	40.5956	449.0195	95.0085	469.0096	94.8328	474.1969	94.7889	479.1281	94.8548	
26/08/2017	01:03:31	019004	G523115561HLR	L523	S		429.9931	1.0233	10.0000	100.0007	40.0119	0.8230	0.8282	5.0000	21.1625	508.0531	94.6790	12.9516	24.2000	0.9300	0.9263	0.6640	-0.0008	508.0000	508.8643	1.0339	9.4559	100.0026	39.8242	0.8230	0.8235	5.0000	-9999.0000	-9999.0000	-9999.0000	-9999.0000	-9999.0000	-9999.0000	25.9627	3	0	24.4129	1.0000	11	3	-9999.0000	29946	66612	-9999	330	314	-9999	331.9716	5	0.6530	0.6640	-0.0008	60.7731	1.4407	476.6096	291.2631	39.8706	450.0092	95.4479	470.7778	95.1184	476.0243	95.0964	480.3197	94.9426	
26/08/2017	01:03:55	019004	G523115551HLR	L523	S		436.7611	1.0233	10.0000	100.0521	40.0512	0.8230	0.8280	5.0000	20.1224	508.0307	94.9426	9.0518	24.2000	0.9300	0.9263	0.6576	-0.0004	508.0000	505.8807	1.0339	9.2628	100.0701	39.8205	0.8230	0.8241	5.0000	-9999.0000	-9999.0000	-9999.0000	-9999.0000	-9999.0000	-9999.0000	21.0628	4	0	24.3924	1.0000	11	3	-9999.0000	29947	66613	-9999	331	315	-9999	332.4413	5	0.6529	0.6576	-0.0004	56.5676	1.7680	491.2983	305.9366	40.1342	461.3979	95.0964	485.5479	94.8108	490.6762	94.8328	494.4658	94.9426	
26/08/2017	01:04:19	019004	G523115667HLR	L523	S		432.5652	1.0233	10.0000	100.0168	39.8635	0.8230	0.8275	5.0000	19.8724	508.0478	94.9646	12.0013	24.3000	0.9300	0.9265	0.6620	-0.0007	508.0000	508.5493	1.0339	9.4940	100.0181	39.9487	0.8230	0.8246	5.0000	-9999.0000	-9999.0000	-9999.0000	-9999.0000	-9999.0000	-9999.0000	20.2620	5	0	23.6628	1.0000	11	3	-9999.0000	29948	66614	-9999	332	316	-9999	332.2022	5	0.6529	0.6620	-0.0007	54.9141	1.8852	480.7262	289.6261	39.5851	451.9793	95.1184	475.0976	94.7010	480.1752	94.3715	484.1433	94.5472	
26/08/2017	01:04:43	019004	G523115687HLR	L523	S		434.4043	1.0233	10.0000	100.2174	39.7171	0.8230	0.8277	5.0000	19.7123	508.0346	94.8548	10.2707	24.3000	0.9300	0.9266	0.6592	-0.0005	508.0000	507.7415	1.0339	9.4313	100.0611	40.0883	0.8230	0.8244	5.0000	-9999.0000	-9999.0000	-9999.0000	-9999.0000	-9999.0000	-9999.0000	20.3128	6	0	24.3621	1.0000	11	3	-9999.0000	29949	66615	-9999	333	317	-9999	332.3937	5	0.6526	0.6592	-0.0005	55.4409	1.8464	487.0990	299.1229	37.8716	458.5700	95.3380	481.7821	94.9646	486.5142	94.9207	490.1701	94.8548	
26/08/2017	01:05:36	019004	G523115502HLR	L523	S		435.2957	1.0233	10.0000	100.2146	40.0512	0.8230	0.8282	5.0000	19.8724	508.0393	94.8548	10.8215	24.5000	0.9300	0.9269	0.6659	-0.0010	508.0000	507.4603	1.0339	9.4058	99.9284	39.8215	0.8230	0.8240	5.0000	-9999.0000	-9999.0000	-9999.0000	-9999.0000	-9999.0000	-9999.0000	20.0323	8	0	23.5936	1.0000	99	9	-9999.0000	29951	66616	-9999	335	318	-9999	332.8631	5	0.6531	0.6659	-0.0010	46.9009	2.4800	483.2404	266.5428	37.9814	451.0115	94.9646	476.6991	94.7230	482.7359	94.8108	486.8128	94.7010	
26/08/2017	01:06:26	019004	G523115618HLR	L523	S		433.3592	1.0233	10.0000	100.2089	39.7386	0.8230	0.8276	5.0000	19.9926	508.0859	94.8548	12.7212	24.6000	0.9300	0.9270	0.6651	-0.0010	508.0000	506.2132	1.0339	9.2929	100.0806	40.0635	0.8230	0.8247	5.0000	-9999.0000	-9999.0000	-9999.0000	-9999.0000	-9999.0000	-9999.0000	20.0324	2	0	25.7129	1.0000	99	9	-9999.0000	29953	66617	-9999	337	319	-9999	331.8037	5	0.6534	0.6651	-0.0010	48.1369	2.3813	477.5705	267.4815	38.8821	442.7892	94.8328	470.8119	94.6790	476.8982	94.8328	481.4393	94.8548	
26/08/2017	01:06:54	019004	G523115539HLR	L523	S		421.2108	1.0233	10.0000	100.0142	39.7435	0.8230	0.8280	5.0000	19.8420	508.0568	95.0085	17.9229	24.4000	0.9300	0.9269	0.6660	-0.0010	508.0000	503.8538	1.0339	9.0792	99.9737	39.8377	0.8230	0.8241	5.0000	-9999.0000	-9999.0000	-9999.0000	-9999.0000	-9999.0000	-9999.0000	20.6125	3	0	28.7131	1.0000	99	9	-9999.0000	29954	66618	-9999	338	320	-9999	329.2449	5	0.6538	0.6660	-0.0010	46.1128	2.5472	461.3579	299.0064	38.4208	436.9456	95.7115	455.9033	95.3600	460.8227	95.2941	465.1840	95.0305	
26/08/2017	01:07:25	019004	G523115601HLR	L523	S		432.1525	1.0233	10.0000	100.1898	39.9487	0.8230	0.8284	5.0000	19.7716	508.0427	94.8987	12.0111	24.2000	0.9300	0.9263	0.6660	-0.0010	508.0000	505.1887	1.0339	9.2001	100.0594	39.8461	0.8230	0.8244	5.0000	-9999.0000	-9999.0000	-9999.0000	-9999.0000	-9999.0000	-9999.0000	21.0023	4	0	30.1029	1.0000	99	9	-9999.0000	29955	66619	-9999	339	321	-9999	332.1963	5	0.6538	0.6660	-0.0010	46.1128	2.5472	478.9431	296.3830	38.9041	450.5030	95.6895	473.1956	95.3820	478.4913	95.3161	482.9602	95.0744	
26/08/2017	01:07:48	019004	G523115611HLR	L523	S		434.2327	1.0233	10.0000	100.2195	40.0674	0.8230	0.8278	5.0000	20.0921	508.0299	94.9207	11.0716	24.2000	0.9300	0.9263	0.6660	-0.0010	508.0000	506.5029	1.0339	9.3191	100.0260	40.0535	0.8230	0.8245	5.0000	-9999.0000	-9999.0000	-9999.0000	-9999.0000	-9999.0000	-9999.0000	20.7123	5	0	23.6326	1.0000	99	9	-9999.0000	29956	66620	-9999	340	322	-9999	332.6744	5	0.6538	0.6660	-0.0010	46.1128	2.5472	482.6579	288.5376	39.8047	454.9653	95.4479	477.4455	95.0305	482.1158	95.0085	486.5148	94.8767	
26/08/2017	01:08:11	019004	G523115612HLR	L523	S		428.2459	1.0233	10.0000	99.9785	39.7450	0.8230	0.8273	5.0000	20.2328	508.0344	95.0744	14.0719	24.2000	0.9300	0.9263	0.6660	-0.0010	508.0000	507.3462	1.0339	9.3955	100.0704	39.9317	0.8230	0.8241	5.0000	-9999.0000	-9999.0000	-9999.0000	-9999.0000	-9999.0000	-9999.0000	20.2717	6	0	23.2731	1.0000	99	9	-9999.0000	29957	66621	-9999	341	323	-9999	331.1847	5	0.6541	0.6660	-0.0010	45.5987	2.5927	472.7806	299.0557	38.2890	447.3065	95.3380	467.3945	94.9207	472.2403	94.8767	476.2193	94.8548	
26/08/2017	01:08:35	019004	G523114879HLR	L523	S		423.1619	1.0233	10.0000	99.9654	39.6410	0.8230	0.8277	5.0000	20.1827	508.0434	94.9646	16.5819	24.2000	0.9300	0.9263	0.6597	-0.0005	508.0000	507.1763	1.0339	9.3801	100.0082	39.7057	0.8230	0.8241	5.0000	-9999.0000	-9999.0000	-9999.0000	-9999.0000	-9999.0000	-9999.0000	19.9719	7	0	23.5925	1.0000	99	9	-9999.0000	29958	66622	-9999	342	324	-9999	331.3715	5	0.6541	0.6597	-0.0005	56.6648	1.5895	469.5487	306.1637	41.0349	444.1829	95.7554	463.0473	95.5797	468.9544	95.6456	472.7766	95.1623	
26/08/2017	01:09:00	019004	G523115560HLR	L523	S		424.9648	1.0233	10.0000	99.9965	39.9487	0.8230	0.8284	5.0000	20.3821	508.0313	94.9426	18.4317	24.3000	0.9300	0.9264	0.6598	-0.0004	508.0000	508.9273	1.0339	9.4483	100.0344	39.8461	0.8230	0.8247	5.0000	-9999.0000	-9999.0000	-9999.0000	-9999.0000	-9999.0000	-9999.0000	20.2023	8	0	24.7029	1.0000	99	9	-9999.0000	29959	66623	-9999	343	325	-9999	331.1940	5	0.6545	0.6598	-0.0004	56.2545	1.5784	465.6746	299.0290	40.4638	441.5040	95.5358	460.5707	95.1623	465.1134	95.0525	468.1433	94.9426	
26/08/2017	01:09:23	019004	G523115519HLR	L523	S		417.3028	1.0233	10.0000	100.1692	40.1497	0.8230	0.8279	5.0000	20.5327	0.0000	0.0000	0.0000	0.0000	0.9300	0.0000	0.0000	0.0000	0.0000	431.9369	1.0339	2.5663	100.0150	40.1538	0.8230	0.8248	5.0000	-9999.0000	-9999.0000	-9999.0000	-9999.0000	-9999.0000	-9999.0000	19.7228	1	7	23.3923	1.0000	99	9	-9999.0000	29960	0	-9999	344	326	-9999	0.0000	0	0.0000	0.0000	0.0000	0.0000	0.0000	0.0000	0.0000	0.0000	0.0000	0.0000	0.0000	0.0000	0.0000	0.0000	0.0000	0.0000	
26/08/2017	01:09:48	019004	G523115586HLR	L523	S		437.3707	1.0233	10.0000	99.8933	39.8676	0.8230	0.8273	5.0000	19.8118	508.0419	95.0525	10.3918	24.5000	0.9300	0.9268	0.6606	-0.0005	508.0000	506.0899	1.0339	9.2817	99.9636	40.0633	0.8230	0.8242	5.0000	-9999.0000	-9999.0000	-9999.0000	-9999.0000	-9999.0000	-9999.0000	20.0423	2	0	24.6932	1.0000	99	9	-9999.0000	29961	66624	-9999	345	327	-9999	333.1943	5	0.6549	0.6606	-0.0005	56.1099	1.5347	487.4438	281.9829	39.7388	460.1263	95.0085	481.4358	94.8108	486.9598	94.8328	490.6983	94.8328	
26/08/2017	01:10:12	019004	G523115596HLR	L523	S		435.4035	1.0233	10.0000	100.1587	39.6410	0.8230	0.8275	5.0000	19.9221	508.0413	95.0305	11.1712	24.4000	0.9300	0.9269	0.6604	-0.0004	508.0000	507.7157	1.0339	9.4290	100.0313	39.7536	0.8230	0.8238	5.0000	-9999.0000	-9999.0000	-9999.0000	-9999.0000	-9999.0000	-9999.0000	21.4319	3	0	23.9128	1.0000	99	9	-9999.0000	29962	66625	-9999	346	328	-9999	333.1385	5	0.6550	0.6604	-0.0004	54.4213	1.6672	485.4753	293.0525	43.0339	462.5453	95.7554	480.1152	95.4479	484.8534	95.3161	488.8142	94.8108	
26/08/2017	01:10:36	019004	G523115594HLR	L523	S		438.5356	1.0233	10.0000	99.9953	39.7435	0.8230	0.8282	5.0000	20.0129	508.0263	95.0085	9.4815	24.4000	0.9300	0.9267	0.6611	-0.0005	508.0000	507.1232	1.0339	9.3753	100.1141	39.7501	0.8230	0.8244	5.0000	-9999.0000	-9999.0000	-9999.0000	-9999.0000	-9999.0000	-9999.0000	20.5321	4	0	24.5524	1.0000	99	9	-9999.0000	29963	66626	-9999	347	329	-9999	333.4946	5	0.6544	0.6611	-0.0005	55.7408	1.5628	489.3010	305.9064	41.8038	467.3074	95.0964	484.1601	94.9866	488.8739	94.9866	493.3640	94.8767	
26/08/2017	01:11:01	019004	G523115595HLR	L523	S		439.9692	1.0233	10.0000	100.0475	40.0774	0.8230	0.8285	5.0000	20.1526	508.0471	95.0744	9.8107	24.4000	0.9300	0.9265	0.6611	-0.0005	508.0000	506.6980	1.0339	9.3368	100.1216	40.0512	0.8230	0.8247	5.0000	-9999.0000	-9999.0000	-9999.0000	-9999.0000	-9999.0000	-9999.0000	21.0424	5	0	24.6425	1.0000	99	9	-9999.0000	29964	66627	-9999	348	330	-9999	333.4354	5	0.6544	0.6611	-0.0005	55.7408	1.5628	489.6813	284.7497	40.0464	464.3428	95.1623	483.9232	94.8108	489.1477	94.5692	493.1062	94.5472	
26/08/2017	01:11:26	019004	G523115585HLR	L523	S		433.9991	1.0233	10.0000	99.9805	40.1174	0.8230	0.8278	5.0000	19.8723	508.0518	95.1623	12.8911	24.3000	0.9300	0.9264	0.6631	-0.0006	508.0000	508.5045	1.0339	9.4995	99.9717	40.1430	0.8230	0.8244	5.0000	-9999.0000	-9999.0000	-9999.0000	-9999.0000	-9999.0000	-9999.0000	19.9728	6	0	24.5730	1.0000	99	9	-9999.0000	29965	66628	-9999	349	331	-9999	332.9249	5	0.6549	0.6631	-0.0006	53.4598	1.6952	478.6342	279.8575	39.9365	453.1350	95.0305	472.5546	94.9426	478.0257	94.9207	482.5157	94.7449	
26/08/2017	01:11:51	019004	G523115845HLR	L523	S		435.6380	1.0233	10.0000	100.0171	39.8091	0.8230	0.8270	5.0000	21.3120	508.0796	94.8987	11.3704	24.2000	0.9300	0.9263	0.6644	-0.0007	508.0000	508.6040	1.0339	9.4874	100.0750	39.8893	0.8230	0.8241	5.0000	-9999.0000	-9999.0000	-9999.0000	-9999.0000	-9999.0000	-9999.0000	20.0923	7	0	25.9628	1.0000	99	9	-9999.0000	29966	66629	-9999	350	332	-9999	333.6162	5	0.6551	0.6644	-0.0007	51.9057	1.7915	483.1651	284.5696	41.0569	454.0786	95.2502	477.7929	95.0964	482.6992	95.0525	486.6594	94.8987	
26/08/2017	01:12:17	019004	G523115838HLR	L523	S		435.4024	1.0233	10.0000	99.9602	39.6410	0.8230	0.8275	5.0000	19.8721	508.0569	94.9866	12.9321	24.2000	0.9300	0.9263	0.6647	-0.0007	508.0000	510.1007	1.0339	9.3061	100.0556	39.7655	0.8230	0.8241	5.0000	-9999.0000	-9999.0000	-9999.0000	-9999.0000	-9999.0000	-9999.0000	20.9028	8	0	25.9131	1.0000	99	9	-9999.0000	29967	66630	-9999	351	333	-9999	333.1025	5	0.6552	0.6647	-0.0007	51.2625	1.8294	478.2019	297.3122	39.1896	450.9833	95.3820	473.0406	94.9207	477.6083	94.8548	481.3860	94.8108	
26/08/2017	01:12:43	019004	G523115834HLR	L523	S		435.2115	1.0233	10.0000	99.9057	39.8461	0.8230	0.8282	5.0000	19.8422	508.0354	94.7669	12.9015	24.3000	0.9300	0.9264	0.6649	-0.0007	508.0000	509.7607	1.0339	9.3473	99.9949	39.9487	0.8230	0.8247	5.0000	-9999.0000	-9999.0000	-9999.0000	-9999.0000	-9999.0000	-9999.0000	19.8626	1	0	25.4423	1.0000	99	9	-9999.0000	29968	66631	-9999	352	334	-9999	333.1008	5	0.6555	0.6649	-0.0007	50.1667	1.9096	478.5419	301.3666	41.5182	450.5936	95.2941	472.3313	95.1184	478.0644	95.1843	481.6039	95.0525	
26/08/2017	01:13:09	019004	G523115831HLR	L523	S		433.3572	1.0233	10.0000	99.9973	40.0574	0.8230	0.8282	5.0000	19.8529	508.0476	94.8328	12.9311	24.3000	0.9300	0.9265	0.6657	-0.0008	508.0000	507.9055	1.0339	9.4462	100.0851	40.1002	0.8230	0.8245	5.0000	-9999.0000	-9999.0000	-9999.0000	-9999.0000	-9999.0000	-9999.0000	20.1722	2	0	25.8731	1.0000	99	9	-9999.0000	29969	66632	-9999	353	335	-9999	332.9856	5	0.6556	0.6657	-0.0008	46.1942	2.2626	476.3307	294.8332	38.5526	448.0020	95.3600	470.8828	94.9426	476.0737	94.8548	479.8406	94.8328	
26/08/2017	01:13:34	019004	G523115826HLR	L523	S		433.8111	1.0233	10.0000	100.0538	39.9964	0.8230	0.8277	5.0000	19.7525	508.0565	94.9866	14.2018	24.3000	0.9300	0.9266	0.6653	-0.0008	508.0000	510.9180	1.0339	9.2072	99.9894	39.8987	0.8230	0.8242	5.0000	-9999.0000	-9999.0000	-9999.0000	-9999.0000	-9999.0000	-9999.0000	19.9914	3	0	24.8425	1.0000	99	9	-9999.0000	29970	66633	-9999	354	336	-9999	332.3609	5	0.6554	0.6653	-0.0008	45.7665	2.3213	477.4841	304.3245	38.9700	449.5584	95.3161	472.1535	94.9426	476.9959	94.9866	481.5453	94.9646	
26/08/2017	01:14:00	019004	G523115812HLR	L523	S		431.1243	1.0233	10.0000	100.0915	39.7610	0.8230	0.8273	5.0000	20.1223	508.0846	94.8108	14.2721	24.3000	0.9300	0.9265	0.6652	-0.0008	508.0000	507.9308	1.0339	9.4484	100.0714	39.7949	0.8230	0.8241	5.0000	-9999.0000	-9999.0000	-9999.0000	-9999.0000	-9999.0000	-9999.0000	20.8919	4	0	26.0029	1.0000	99	9	-9999.0000	29971	66634	-9999	354	337	-9999	332.2639	5	0.6551	0.6652	-0.0008	48.4160	2.0641	473.4248	284.4450	38.9700	443.1374	95.2502	466.7104	94.9646	472.8144	95.0085	477.0279	94.9207	
26/08/2017	01:14:26	019004	G523115822HLR	L523	S		430.2991	1.0233	10.0000	100.0655	39.6875	0.8230	0.8278	5.0000	19.7120	508.0437	94.7889	13.6920	24.4000	0.9300	0.9265	0.6650	-0.0008	508.0000	507.8592	1.0339	9.4420	100.0187	39.8983	0.8230	0.8242	5.0000	-9999.0000	-9999.0000	-9999.0000	-9999.0000	-9999.0000	-9999.0000	22.7320	5	0	26.3537	1.0000	99	9	-9999.0000	29972	66635	-9999	355	338	-9999	332.4731	5	0.6551	0.6650	-0.0008	49.1436	1.9842	475.0556	289.8739	40.5077	446.7888	95.4039	469.6754	95.0525	474.4860	94.9646	478.4606	94.8987	
26/08/2017	01:14:53	019004	G523115814HLR	L523	S		430.1273	1.0233	10.0000	100.0032	39.9487	0.8230	0.8283	5.0000	20.0022	508.0371	94.7669	14.2409	24.3000	0.9300	0.9264	0.6660	-0.0009	508.0000	506.7189	1.0339	9.3387	99.9696	40.0480	0.8230	0.8245	5.0000	-9999.0000	-9999.0000	-9999.0000	-9999.0000	-9999.0000	-9999.0000	20.2711	6	0	27.0322	1.0000	99	9	-9999.0000	29973	66636	-9999	356	339	-9999	332.1159	5	0.6554	0.6660	-0.0009	52.3973	1.7149	472.8272	289.3202	38.9041	445.3287	95.5138	467.3632	95.0305	472.2892	95.0525	476.7531	94.9646	
26/08/2017	01:15:20	019004	G523115808HLR	L523	S		433.0713	1.0233	10.0000	99.9825	40.0572	0.8230	0.8279	5.0000	20.1020	508.0761	94.7449	13.0220	24.2000	0.9300	0.9262	0.6721	-0.0014	508.0000	507.1722	1.0339	9.3798	100.1155	39.9307	0.8230	0.8241	5.0000	-9999.0000	-9999.0000	-9999.0000	-9999.0000	-9999.0000	-9999.0000	20.4827	7	0	27.1232	1.0000	99	9	-9999.0000	29974	66637	-9999	357	340	-9999	332.1395	5	0.6554	0.6721	-0.0014	52.9197	1.6913	472.5310	287.7012	40.2221	444.5017	95.2282	467.3461	94.9426	472.1078	94.8767	476.7898	94.8548	
26/08/2017	01:15:44	019004	G523115818HLR	L523	S		434.6378	1.0233	10.0000	99.9522	39.8805	0.8230	0.8273	5.0000	20.3619	508.0404	94.7449	12.2816	24.3000	0.9300	0.9263	0.6683	-0.0011	508.0000	507.4926	1.0339	9.4088	99.9016	39.8093	0.8230	0.8242	5.0000	-9999.0000	-9999.0000	-9999.0000	-9999.0000	-9999.0000	-9999.0000	20.1320	8	0	24.3327	1.0000	99	9	-9999.0000	29975	66638	-9999	358	341	-9999	332.7630	5	0.6550	0.6683	-0.0011	52.9193	1.6845	477.5315	298.5108	40.1782	450.3296	95.4918	472.4338	95.0525	476.8909	95.0085	481.5466	94.9207	
26/08/2017	01:16:12	019004	G523115950HLR	L523	S		431.1776	1.0233	10.0000	99.8385	39.6574	0.8230	0.8273	5.0000	20.5424	508.0542	94.9207	14.5915	24.4000	0.9300	0.9265	0.6679	-0.0010	508.0000	507.5816	1.0339	9.4168	100.0550	39.9311	0.8230	0.8245	5.0000	-9999.0000	-9999.0000	-9999.0000	-9999.0000	-9999.0000	-9999.0000	21.0315	1	0	27.2032	1.0000	99	9	-9999.0000	29976	66639	-9999	359	342	-9999	331.6100	5	0.6548	0.6679	-0.0010	51.9581	1.7524	470.8600	286.7089	38.6844	444.6966	95.4479	465.1894	95.0525	470.2567	95.0305	474.6391	94.9426	
26/08/2017	01:16:35	019004	G523115960HLR	L523	S		424.5801	1.0233	10.0000	100.0851	39.8461	0.8230	0.8280	5.0000	20.5813	508.0672	94.8548	15.3718	24.3000	0.9300	0.9264	0.6657	-0.0008	508.0000	507.3754	1.0339	9.3982	100.1035	40.0214	0.8230	0.8244	5.0000	-9999.0000	-9999.0000	-9999.0000	-9999.0000	-9999.0000	-9999.0000	20.8129	2	0	23.6422	1.0000	99	9	-9999.0000	29976	66640	-9999	360	343	-9999	331.6696	5	0.6546	0.6657	-0.0008	52.8391	1.6832	470.1015	292.0311	39.8926	444.3162	95.4259	464.4084	95.1403	469.5114	95.1843	473.6087	94.9866	
26/08/2017	01:17:02	019004	G523115957HLR	L523	S		429.7483	1.0233	10.0000	99.9743	40.0512	0.8230	0.8281	5.0000	19.8020	508.0628	94.8108	15.3914	24.3000	0.9300	0.9263	0.6604	-0.0004	508.0000	508.4845	1.0339	9.4986	99.9234	39.9139	0.8230	0.8242	5.0000	-9999.0000	-9999.0000	-9999.0000	-9999.0000	-9999.0000	-9999.0000	20.0930	3	0	26.6935	1.0000	99	9	-9999.0000	29977	66641	-9999	361	344	-9999	332.1112	5	0.6543	0.6604	-0.0004	51.8200	1.7545	473.3683	302.7012	38.5087	447.7959	95.6676	467.8550	95.2721	472.8602	95.1623	476.5592	94.9866	
26/08/2017	01:17:57	019004	G523115963HLR	L523	S		430.6543	1.0233	10.0000	99.7449	39.7010	0.8230	0.8273	5.0000	19.7922	508.0615	94.7669	15.3220	24.4000	0.9300	0.9265	0.6620	-0.0006	508.0000	507.8383	1.0339	9.4401	99.9185	39.8850	0.8230	0.8242	5.0000	-9999.0000	-9999.0000	-9999.0000	-9999.0000	-9999.0000	-9999.0000	20.1223	5	0	28.1331	1.0000	99	9	-9999.0000	29979	66642	-9999	363	345	-9999	331.9653	5	0.6541	0.6620	-0.0006	51.8902	1.7378	471.8802	284.6472	41.0569	449.3732	95.0305	465.8792	94.9426	471.3441	95.0964	475.5712	94.9866	
26/08/2017	01:18:52	019004	G523115980HLR	L523	S		430.3615	1.0233	10.0000	99.8953	39.9855	0.8230	0.8283	5.0000	20.4232	508.0299	94.7889	14.9519	24.5000	0.9300	0.9267	0.6653	-0.0008	508.0000	507.6383	1.0339	9.4220	100.0401	39.8871	0.8230	0.8244	5.0000	-9999.0000	-9999.0000	-9999.0000	-9999.0000	-9999.0000	-9999.0000	20.5228	7	0	28.9729	1.0000	99	9	-9999.0000	29980	66643	-9999	365	346	-9999	332.1234	5	0.6541	0.6653	-0.0008	50.8576	1.8104	471.4938	264.5540	40.0464	443.9807	95.1184	465.6151	94.9426	470.9533	95.1184	474.9960	95.0305	
26/08/2017	01:19:19	019004	G523115966HLR	L523	S		427.1627	1.0233	10.0000	99.8093	40.0553	0.8230	0.8279	5.0000	20.1516	508.0605	94.8108	15.7615	24.4000	0.9300	0.9266	0.6653	-0.0008	508.0000	507.2042	1.0339	9.3826	99.9785	39.6529	0.8230	0.8238	5.0000	-9999.0000	-9999.0000	-9999.0000	-9999.0000	-9999.0000	-9999.0000	25.6133	8	0	27.0030	1.0000	99	9	-9999.0000	29981	66644	-9999	366	347	-9999	331.8380	5	0.6541	0.6653	-0.0008	50.8576	1.8104	469.4656	286.8474	40.0683	443.8582	95.4698	463.6308	95.2721	468.9379	95.2721	472.6272	95.0744	
26/08/2017	01:19:46	019004	G523115991HLR	L523	S		427.9873	1.0233	10.0000	100.1013	39.8406	0.8230	0.8272	5.0000	20.3323	508.0412	94.7889	16.3319	24.4000	0.9300	0.9266	0.6642	-0.0007	508.0000	507.5717	1.0339	9.4159	100.0077	39.8637	0.8230	0.8243	5.0000	-9999.0000	-9999.0000	-9999.0000	-9999.0000	-9999.0000	-9999.0000	23.7136	1	0	26.8635	1.0000	99	9	-9999.0000	29982	66645	-9999	367	348	-9999	331.6563	5	0.6539	0.6642	-0.0007	53.6892	1.6050	468.2186	293.2430	40.7713	442.7402	95.3600	462.6529	95.0525	467.7976	95.1403	471.7230	95.0085	
26/08/2017	01:20:09	019004	G523115983HLR	L523	S		433.8648	1.0233	10.0000	99.8377	39.6410	0.8230	0.8272	5.0000	21.4527	508.0332	94.7669	13.8414	24.4000	0.9300	0.9266	0.6642	-0.0007	508.0000	507.9582	1.0339	9.4509	100.0763	40.1147	0.8230	0.8246	5.0000	-9999.0000	-9999.0000	-9999.0000	-9999.0000	-9999.0000	-9999.0000	19.9328	2	0	23.4625	1.0000	99	9	-9999.0000	29983	66646	-9999	368	349	-9999	332.5434	5	0.6539	0.6642	-0.0007	53.6892	1.6050	476.0516	304.0374	40.5956	451.7246	95.3600	471.1427	95.0964	475.5150	95.0085	479.1807	94.9207	
26/08/2017	01:20:34	019004	G523116092HLR	L523	S		429.1296	1.0233	10.0000	100.0704	39.8461	0.8230	0.8282	5.0000	19.8324	508.0399	94.7449	15.0915	24.4000	0.9300	0.9266	0.6637	-0.0007	508.0000	508.2108	1.0339	9.4738	99.9953	39.9012	0.8230	0.8241	5.0000	-9999.0000	-9999.0000	-9999.0000	-9999.0000	-9999.0000	-9999.0000	20.1927	3	0	24.9226	1.0000	99	9	-9999.0000	29984	66647	-9999	369	350	-9999	332.1614	5	0.6543	0.6637	-0.0007	53.4176	1.6083	472.0693	291.0926	40.8152	447.2805	95.6456	467.0803	95.1843	471.4962	95.0964	476.1881	94.9646	
26/08/2017	01:20:58	019004	G523115954HLR	L523	S		430.2876	1.0233	10.0000	99.8918	40.0351	0.8230	0.8277	5.0000	21.8022	508.0501	94.7230	14.0914	24.4000	0.9300	0.9265	0.6626	-0.0006	508.0000	507.3010	1.0339	9.3914	100.0665	39.7126	0.8230	0.8241	5.0000	-9999.0000	-9999.0000	-9999.0000	-9999.0000	-9999.0000	-9999.0000	20.3821	4	0	23.5124	1.0000	99	9	-9999.0000	29985	66648	-9999	370	351	-9999	332.5617	5	0.6543	0.6626	-0.0006	51.3266	1.7613	475.2065	295.8712	39.8267	450.3681	95.2502	470.0834	94.9646	474.7360	94.9646	478.5490	94.8987	
26/08/2017	01:21:23	019004	G523116084HLR	L523	S		431.2860	1.0233	10.0000	100.0603	39.9094	0.8230	0.8274	5.0000	20.0422	508.0304	94.7449	14.7917	24.3000	0.9300	0.9263	0.6623	-0.0005	508.0000	508.4185	1.0339	9.4926	99.9826	39.8461	0.8230	0.8247	5.0000	-9999.0000	-9999.0000	-9999.0000	-9999.0000	-9999.0000	-9999.0000	20.2418	5	0	25.7227	1.0000	99	9	-9999.0000	29985	66649	-9999	371	352	-9999	332.3457	5	0.6542	0.6623	-0.0005	51.4687	1.7385	473.7299	295.3940	41.3205	448.4808	95.3820	468.5442	95.0525	473.3243	95.0525	477.4668	95.0085	
26/08/2017	01:21:51	019004	G523115970HLR	L523	S		250.5722	1.0233	6.0583	100.1235	39.7126	0.8230	0.8273	5.0000	20.0823	0.0000	0.0000	0.0000	0.0000	0.9300	0.0000	0.0000	0.0000	0.0000	256.1187	1.0339	0.0000	100.1134	40.0512	0.8230	0.8253	5.0000	-9999.0000	-9999.0000	-9999.0000	-9999.0000	-9999.0000	-9999.0000	20.2229	6	7	27.8733	1.0000	99	9	-9999.0000	29986	0	-9999	372	353	-9999	0.0000	0	0.0000	0.0000	0.0000	0.0000	0.0000	0.0000	0.0000	0.0000	0.0000	0.0000	0.0000	0.0000	0.0000	0.0000	0.0000	0.0000	
26/08/2017	01:22:18	019004	G523115986HLR	L523	S		439.0619	1.0233	10.0000	99.8897	39.7550	0.8230	0.8280	5.0000	19.7727	508.0414	94.7230	11.5911	24.5000	0.9300	0.9266	0.6624	-0.0006	508.0000	507.4451	1.0339	9.4045	100.0649	39.9169	0.8230	0.8240	5.0000	-9999.0000	-9999.0000	-9999.0000	-9999.0000	-9999.0000	-9999.0000	21.2122	7	0	26.8936	1.0000	99	9	-9999.0000	29987	66650	-9999	373	354	-9999	333.2311	5	0.6540	0.6624	-0.0006	47.6110	2.0086	483.9913	285.7975	39.7828	456.8351	94.9207	477.8036	95.0744	483.2385	95.3161	488.0523	95.0964	
