Data	Timp	Nr. masina	Nr. de serie	Tip	Productie	Comentariu	Pre-masurare Q [ml/min]	Pre-masurare Gain	Pre-masurare Offset Master	Pre-masurare P [bar]	Pre-masurare T [°C]	Pre-masurare Densitate fixa [kg/l]	Pre-masurare densitate masurata [kg/l]	Pre-masurare Timp masurare [s]	Pre-masurare Cycle time [s]	rectificare Q Oprire [ml/min]	rectificare P Oprire [bar]	rectificare Timp rectificare [s]	rectificare T [°C]	rectificare Densitate fixa [kg/l]	rectificare densitate masurata [kg/l]	rectificare Factor de masurare la rectificare	rectificare Factor de corectie a debitului	rectificare Target rectificare	Masurare Q [ml/min]	Masurare Gain	Masurare Offset Master	Masurare P [bar]	Masurare T [°C]	Masurare Densitate fixa [kg/l]	Masurare densitate masurata [kg/l]	Masurare Timp masurare [s]	Masurare Q [ml/min]	Masurare Delta Q [ml/min]	Masurare P [bar]	Masurare BP [bar]	Masurare T [°C]	Masurare Timp masurare [s]	Masurare Cycle time [s]	Nest Nr.	Cod de descarcare	Cycle time [s]	Traceability aktiv	EDM Maschine Nr	EDM Spindle Nr	Honing Rate [r	Station Counter Premeasure	Station Counter Grind	Station Counter Blowout 1	Station Counter Wash	Station Counter Measure	Station Counter Blowout 2	RealGrindQStop	Reg Type	Factor 0	Factor 1	Factor 2	Factor 3	Factor 4	G_StartQV	G_StartQV_1	G_StartQV_2	G_StartQV_3	G_StartQV_4	G_StartQV_5	
30/12/2017	00:03:13	019003	H421177039MLR	L421	Q		705.4003	1.0216	-0.0008	99.8807	40.0479	0.8230	0.8254	4.0000	20.2226	815.1500	94.3436	12.3924	24.9743	0.9300	0.9433	0.6014	-0.0009	815.0000	815.8631	1.0256	-2.6119	100.0481	39.8255	0.8230	0.8241	5.0000	-9999.0000	-9999.0000	-9999.0000	-9999.0000	-9999.0000	-9999.0000	22.4532	3	0	279.0798	1.0000	99	9	-9999.0000	31199	12518	-9999	652	642	-9999	481.2032	5	0.5900	0.6014	-0.0009	80.9322	2.1193	742.5902	333.3022	36.9051	673.7692	96.1371	728.6718	95.4473	741.4288	95.1484	749.6762	94.8724	
30/12/2017	00:03:39	019003	H421177040MLR	L421	Q		705.2629	1.0216	-0.0001	100.3691	40.0354	0.8230	0.8254	4.0000	20.1924	815.1300	94.3666	12.2625	25.0769	0.9300	0.9433	0.6004	-0.0008	815.0000	814.5257	1.0256	-2.6050	100.0377	39.8573	0.8230	0.8242	5.0000	-9999.0000	-9999.0000	-9999.0000	-9999.0000	-9999.0000	-9999.0000	21.3126	4	0	25.2936	1.0000	99	9	-9999.0000	31200	12519	-9999	653	643	-9999	481.2198	5	0.5899	0.6004	-0.0008	80.8027	2.1552	744.1456	365.1781	39.1125	677.1090	95.8842	729.6343	95.4473	742.8806	95.4013	751.4942	95.0104	
30/12/2017	00:04:04	019003	H421175807MLR	L421	S		708.5843	1.0216	-0.0184	100.0524	40.0269	0.8230	0.8253	4.0000	20.2031	815.1466	94.4585	11.6013	25.0769	0.9300	0.9433	0.6051	-0.0012	815.0000	815.5082	1.0256	-2.6101	100.0221	39.6178	0.8230	0.8245	5.0000	-9999.0000	-9999.0000	-9999.0000	-9999.0000	-9999.0000	-9999.0000	20.8730	5	0	25.2438	1.0000	99	9	-9999.0000	31201	12520	-9999	654	644	-9999	482.1256	5	0.5902	0.6051	-0.0012	83.6306	1.9356	743.6424	352.7340	37.6638	675.9291	95.9071	729.9315	94.9874	742.5702	94.8494	752.2945	94.8954	
30/12/2017	00:04:29	019003	H421177049MLR	L421	S		705.9770	1.0216	-0.0040	100.0655	40.0269	0.8230	0.8254	4.0000	20.1825	815.0829	94.2976	12.2215	25.0769	0.9300	0.9433	0.6059	-0.0013	815.0000	815.3911	1.0256	-2.6095	100.0249	39.7401	0.8230	0.8247	5.0000	-9999.0000	-9999.0000	-9999.0000	-9999.0000	-9999.0000	-9999.0000	20.9728	6	0	25.2536	1.0000	99	9	-9999.0000	31202	12521	-9999	655	645	-9999	481.4207	5	0.5902	0.6059	-0.0013	96.9356	0.7927	738.4735	365.7569	38.9055	678.0277	95.8382	726.9090	94.9184	737.3474	94.8724	746.6079	94.9644	
30/12/2017	00:04:54	019003	H421178296MLR	L421	S		706.1739	1.0216	-0.0051	100.1468	40.0400	0.8230	0.8254	4.0000	20.1826	815.0940	94.2976	12.1111	25.0769	0.9300	0.9434	0.6058	-0.0013	815.0000	814.3509	1.0256	-2.6042	99.9985	39.8601	0.8230	0.8245	5.0000	-9999.0000	-9999.0000	-9999.0000	-9999.0000	-9999.0000	-9999.0000	20.8621	7	0	25.2634	1.0000	99	9	-9999.0000	31203	12522	-9999	656	646	-9999	481.3660	5	0.5903	0.6058	-0.0013	64.1210	3.6637	740.6480	356.7598	37.4569	675.5586	96.0911	726.5873	95.2863	739.6134	95.0794	748.8339	95.0104	
30/12/2017	00:05:25	019003	H421176975MLR	L421	S		710.4318	1.0216	-0.0286	100.0542	40.0395	0.8230	0.8253	4.0000	20.1826	815.0901	94.3436	12.1121	25.0769	0.9300	0.9429	0.6067	-0.0013	815.0000	816.1409	1.0256	-2.6133	99.9990	39.6988	0.8230	0.8241	5.0000	-9999.0000	-9999.0000	-9999.0000	-9999.0000	-9999.0000	-9999.0000	20.9424	8	0	30.6742	1.0000	99	9	-9999.0000	31204	12523	-9999	657	647	-9999	481.4086	5	0.5904	0.6067	-0.0013	64.0631	3.6719	740.2701	261.5303	36.6061	674.4263	95.8152	727.3643	95.1943	739.2229	95.1484	748.4282	95.0334	
30/12/2017	00:05:50	019003	H421179725MLR	L421	S		710.2906	1.0216	-0.0278	100.0009	39.7446	0.8230	0.8256	4.0000	20.1326	815.1957	94.4585	11.9519	24.9743	0.9300	0.9429	0.6111	-0.0017	815.0000	814.3964	1.0256	-2.6044	100.0290	39.6820	0.8230	0.8243	5.0000	-9999.0000	-9999.0000	-9999.0000	-9999.0000	-9999.0000	-9999.0000	20.8924	1	0	25.2741	1.0000	99	9	-9999.0000	31205	12524	-9999	658	648	-9999	481.5412	5	0.5906	0.6111	-0.0017	59.8283	4.0506	738.4563	350.9665	37.7788	671.2654	95.9761	725.0648	95.2863	737.5229	95.1254	746.7912	95.0564	
30/12/2017	00:06:26	019003	H421176964MLR	L421	S		731.2401	1.0216	-0.1433	99.9513	40.0344	0.8230	0.8258	4.0000	20.1522	815.1344	95.0104	8.0412	25.0769	0.9300	0.9432	0.6092	-0.0015	815.0000	817.3929	1.0256	-2.6197	100.0918	39.8261	0.8230	0.8243	5.0000	-9999.0000	-9999.0000	-9999.0000	-9999.0000	-9999.0000	-9999.0000	21.5625	2	0	35.8048	1.0000	99	9	-9999.0000	31206	12525	-9999	659	649	-9999	486.4952	5	0.5904	0.6092	-0.0015	61.2849	3.9205	774.9844	375.3372	39.0435	701.0579	95.5622	758.1674	95.0104	773.7149	94.9414	782.9771	94.8034	
30/12/2017	00:06:51	019003	H421176970MLR	L421	S		716.7308	1.0216	-0.0633	99.9874	40.1208	0.8230	0.8254	4.0000	20.1618	815.1709	94.7575	10.5513	25.0769	0.9300	0.9432	0.6074	-0.0014	815.0000	815.5725	1.0256	-2.6104	100.0166	39.7090	0.8230	0.8241	5.0000	-9999.0000	-9999.0000	-9999.0000	-9999.0000	-9999.0000	-9999.0000	20.9335	3	0	25.2537	1.0000	99	9	-9999.0000	31207	12526	-9999	660	650	-9999	483.3651	5	0.5907	0.6074	-0.0014	58.0898	4.1888	752.9183	355.8838	38.4456	684.1974	95.9071	740.0875	95.2633	751.8585	94.9414	761.3138	94.8494	
30/12/2017	00:07:17	019003	H421177050MLR	L421	S		703.7339	1.0216	0.0000	99.9524	39.9088	0.8230	0.8252	4.0000	20.1521	815.1079	94.5735	13.5215	24.9743	0.9300	0.9430	0.6021	-0.0009	815.0000	817.5022	1.0256	-2.6203	100.0369	39.7838	0.8230	0.8244	5.0000	-9999.0000	-9999.0000	-9999.0000	-9999.0000	-9999.0000	-9999.0000	20.7821	4	0	25.2936	1.0000	99	9	-9999.0000	31208	12527	-9999	661	651	-9999	480.4826	5	0.5907	0.6021	-0.0009	67.0485	3.4152	737.9150	340.6000	38.2157	670.8797	96.1831	724.6326	95.6082	736.8289	95.4933	744.7042	94.9644	
30/12/2017	00:07:42	019003	H421176968MLR	L421	S		704.4137	1.0216	0.0000	99.9836	39.8461	0.8230	0.8254	4.0000	20.1327	815.1156	94.4585	12.5223	25.0769	0.9300	0.9431	0.6077	-0.0014	815.0000	814.0288	1.0256	-2.6025	100.0287	39.7359	0.8230	0.8243	5.0000	-9999.0000	-9999.0000	-9999.0000	-9999.0000	-9999.0000	-9999.0000	20.9324	5	0	25.2838	1.0000	99	9	-9999.0000	31209	12528	-9999	662	652	-9999	481.0544	5	0.5908	0.6077	-0.0014	70.4208	3.0376	735.0009	350.2974	37.6409	669.5927	95.8382	720.6602	95.1713	733.9984	94.8724	742.3799	94.9184	
30/12/2017	00:09:29	019003	H421176980MLR	L421	S		708.6217	1.0216	-0.0186	100.0333	40.0512	0.8230	0.8256	4.0000	20.1932	815.1052	94.5505	12.2410	25.0769	0.9300	0.9432	0.6042	-0.0011	815.0000	817.0071	1.0256	-2.6177	100.0177	39.7910	0.8230	0.8244	5.0000	-9999.0000	-9999.0000	-9999.0000	-9999.0000	-9999.0000	-9999.0000	20.9132	6	0	106.5649	1.0000	99	9	-9999.0000	31210	12529	-9999	663	653	-9999	481.4346	5	0.5915	0.6042	-0.0011	44.6149	5.1475	742.6499	332.5309	35.8933	673.7653	96.2980	728.4062	95.4243	741.3769	95.0334	749.9313	95.0794	
30/12/2017	00:10:43	019003	H421176974MLR	L421	S		704.1899	1.0216	0.0000	99.9879	39.9822	0.8230	0.8253	4.0000	20.0730	815.1585	94.3896	12.6620	25.1795	0.9300	0.9433	0.6032	-0.0010	815.0000	815.6756	1.0256	-2.6109	100.0221	39.8192	0.8230	0.8243	5.0000	-9999.0000	-9999.0000	-9999.0000	-9999.0000	-9999.0000	-9999.0000	20.9034	7	0	74.7812	1.0000	99	9	-9999.0000	31211	12530	-9999	664	654	-9999	481.5099	5	0.5920	0.6032	-0.0010	47.0817	4.8715	738.9697	327.1888	37.1580	670.7219	96.0911	723.6409	95.5852	737.7658	95.3093	747.0669	95.0564	
30/12/2017	00:11:09	019003	H421179865MLR	L421	S		706.2623	1.0216	-0.0056	100.0512	39.9313	0.8230	0.8254	4.0000	20.1524	815.0971	94.5045	11.8318	24.9743	0.9300	0.9432	0.6063	-0.0013	815.0000	815.9890	1.0256	-2.6125	100.0172	39.7303	0.8230	0.8246	5.0000	-9999.0000	-9999.0000	-9999.0000	-9999.0000	-9999.0000	-9999.0000	20.7130	8	0	25.3434	1.0000	99	9	-9999.0000	31212	12531	-9999	665	655	-9999	481.4516	5	0.5914	0.6063	-0.0013	46.6146	4.9051	742.9575	338.0445	36.9051	670.5165	96.0911	728.2556	95.3553	741.8682	95.2173	751.1939	95.0794	
30/12/2017	00:11:34	019003	H421176984MLR	L421	S		705.6897	1.0216	-0.0024	100.0031	39.9405	0.8230	0.8254	4.0000	20.1423	815.0914	94.3436	12.6620	24.9743	0.9300	0.9432	0.6052	-0.0012	815.0000	814.9281	1.0256	-2.6071	100.0247	39.3858	0.8230	0.8241	5.0000	-9999.0000	-9999.0000	-9999.0000	-9999.0000	-9999.0000	-9999.0000	21.0829	1	0	25.3834	1.0000	99	9	-9999.0000	31213	12532	-9999	666	656	-9999	480.9995	5	0.5916	0.6052	-0.0012	45.6514	5.0386	737.7614	330.3228	36.0773	669.5803	96.1831	723.3080	95.3783	736.7811	95.2173	746.3038	95.0564	
30/12/2017	00:11:59	019003	H421176986MLR	L421	S		705.2224	1.0216	0.0000	100.0103	40.0055	0.8230	0.8255	4.0000	20.1621	815.0903	94.3206	13.0819	24.9743	0.9300	0.9432	0.6065	-0.0014	815.0000	816.4906	1.0256	-2.6151	100.0140	39.7000	0.8230	0.8248	5.0000	-9999.0000	-9999.0000	-9999.0000	-9999.0000	-9999.0000	-9999.0000	22.5432	2	0	25.2732	1.0000	99	9	-9999.0000	31214	12533	-9999	667	657	-9999	479.8284	5	0.5912	0.6065	-0.0014	44.7744	5.1502	734.8350	346.6983	39.2504	669.5755	95.5852	722.2483	95.1943	733.6411	95.0334	743.5412	95.1024	
30/12/2017	00:12:25	019003	H421176994MLR	L421	S		703.6968	1.0216	0.0000	100.0553	40.0093	0.8230	0.8254	4.0000	20.1727	815.1477	94.5505	12.5418	25.1795	0.9300	0.9432	0.6084	-0.0015	815.0000	814.6963	1.0256	-2.6059	100.0232	40.0026	0.8230	0.8246	5.0000	-9999.0000	-9999.0000	-9999.0000	-9999.0000	-9999.0000	-9999.0000	20.8729	3	0	25.4342	1.0000	99	9	-9999.0000	31215	12534	-9999	668	658	-9999	480.9278	5	0.5902	0.6084	-0.0015	44.1439	5.2267	732.2204	271.8351	36.7211	664.7284	95.7692	718.1527	94.7345	730.8314	94.5735	740.0083	94.7115	
30/12/2017	00:12:50	019003	H421176998MLR	L421	S		709.9345	1.0216	-0.0258	99.9822	39.8461	0.8230	0.8256	4.0000	20.1622	815.1693	94.3436	12.1316	25.0769	0.9300	0.9430	0.6046	-0.0012	815.0000	817.0113	1.0256	-2.6177	100.0271	39.6591	0.8230	0.8238	5.0000	-9999.0000	-9999.0000	-9999.0000	-9999.0000	-9999.0000	-9999.0000	21.1426	4	0	25.3132	1.0000	99	9	-9999.0000	31216	12535	-9999	669	659	-9999	481.1961	5	0.5897	0.6046	-0.0012	74.2035	2.8985	744.2308	265.8261	36.7671	673.8923	95.8842	729.6529	95.1254	742.9039	94.9874	751.9183	95.0794	
30/12/2017	00:14:59	019003	H421176990MLR	L421	S		709.9362	1.0216	-0.0258	99.9971	39.7233	0.8230	0.8251	4.0000	20.1133	815.1447	94.4815	11.7321	24.8718	0.9300	0.9428	0.6046	-0.0012	815.0000	816.4032	1.0256	-2.6146	100.0380	39.5615	0.8230	0.8243	5.0000	-9999.0000	-9999.0000	-9999.0000	-9999.0000	-9999.0000	-9999.0000	20.8134	5	0	128.5583	1.0000	99	9	-9999.0000	31216	12536	-9999	670	660	-9999	481.5603	5	0.5902	0.6046	-0.0012	97.5833	0.9755	745.4916	327.4068	38.4456	673.6384	95.7462	731.9628	95.0564	744.5351	94.8724	752.0144	94.8034	
30/12/2017	00:15:24	019003	H421177000MLR	L421	S		711.3512	1.0216	-0.0336	99.9342	39.7435	0.8230	0.8257	4.0000	20.1530	815.0678	94.7115	10.7213	24.9743	0.9300	0.9431	0.6040	-0.0012	815.0000	812.9555	1.0256	-2.5970	100.0404	39.8319	0.8230	0.8247	5.0000	-9999.0000	-9999.0000	-9999.0000	-9999.0000	-9999.0000	-9999.0000	20.8027	6	0	25.7839	1.0000	99	9	-9999.0000	31217	12537	-9999	671	661	-9999	482.2331	5	0.5895	0.6040	-0.0012	89.9386	1.6075	749.6924	326.0192	35.8014	675.8071	96.0911	735.4875	95.2403	748.6183	95.0794	758.8495	94.9644	
30/12/2017	00:15:50	019003	H421178893MLR	L421	S		706.8350	1.0216	-0.0088	100.0206	40.1538	0.8230	0.8259	4.0000	20.1630	815.1245	94.6195	11.6013	25.0769	0.9300	0.9432	0.5943	-0.0003	815.0000	814.3963	1.0256	-2.6044	100.0273	39.6056	0.8230	0.8241	5.0000	-9999.0000	-9999.0000	-9999.0000	-9999.0000	-9999.0000	-9999.0000	21.0333	7	0	25.3229	1.0000	99	9	-9999.0000	31217	12538	-9999	672	662	-9999	481.5069	5	0.5897	0.5943	-0.0003	95.3232	1.2243	752.7134	324.0707	35.2265	682.2885	96.2750	739.5166	95.2403	751.6032	95.0334	760.6898	95.0104	
30/12/2017	00:16:15	019003	H421178904MLR	L421	S		702.8192	1.0216	0.0000	100.1799	40.1177	0.8230	0.8252	4.0000	20.1824	815.1268	94.4355	12.6815	24.9743	0.9300	0.9432	0.6032	-0.0011	815.0000	814.2775	1.0256	-2.6038	100.0160	39.5615	0.8230	0.8246	5.0000	-9999.0000	-9999.0000	-9999.0000	-9999.0000	-9999.0000	-9999.0000	20.8730	8	0	25.3044	1.0000	99	9	-9999.0000	31218	12539	-9999	673	663	-9999	480.3882	5	0.5895	0.6032	-0.0011	85.8105	1.9183	738.0962	360.6247	39.4114	671.4176	95.8842	724.0581	95.5163	736.9058	95.3323	746.1692	95.1024	
30/12/2017	00:16:57	019003	H421178905MLR	L421	S		707.0143	1.0216	-0.0097	100.2560	39.7985	0.8230	0.8251	4.0000	20.1329	815.0880	94.3666	12.2420	24.9743	0.9300	0.9431	0.6008	-0.0009	815.0000	815.4501	1.0256	-2.6098	100.0320	39.8768	0.8230	0.8247	5.0000	-9999.0000	-9999.0000	-9999.0000	-9999.0000	-9999.0000	-9999.0000	20.8632	1	0	41.8956	1.0000	99	9	-9999.0000	31219	12540	-9999	674	664	-9999	480.6711	5	0.5894	0.6008	-0.0009	62.3737	3.7399	744.6031	362.7970	39.7563	677.5346	95.7232	730.9233	95.4243	743.5184	95.2863	752.0600	95.0794	
30/12/2017	00:17:22	019003	H421176259MLR	L421	S		694.2587	1.0216	0.0000	100.0379	39.8461	0.8230	0.8256	4.0000	20.1521	815.1074	94.7575	14.6720	25.0769	0.9300	0.9432	0.6150	-0.0021	815.0000	811.7666	1.0256	-2.5909	100.0201	39.7401	0.8230	0.8241	5.0000	-9999.0000	-9999.0000	-9999.0000	-9999.0000	-9999.0000	-9999.0000	20.9932	2	0	25.2731	1.0000	99	9	-9999.0000	31220	12541	-9999	675	665	-9999	476.5160	5	0.5900	0.6150	-0.0021	58.1678	4.0675	712.5482	271.0789	36.1922	648.7701	96.1831	697.9884	95.2863	710.9836	95.1943	720.2970	94.9414	
30/12/2017	00:17:47	019003	H421176277MLR	L421	S		694.4228	1.0216	0.0000	99.9813	39.9487	0.8230	0.8257	4.0000	20.1132	815.1251	94.5505	13.9825	24.9743	0.9300	0.9431	0.6135	-0.0019	815.0000	813.0286	1.0256	-2.5974	100.1295	39.6307	0.8230	0.8244	5.0000	-9999.0000	-9999.0000	-9999.0000	-9999.0000	-9999.0000	-9999.0000	20.8731	3	0	25.3640	1.0000	99	9	-9999.0000	31221	12542	-9999	676	666	-9999	478.0762	5	0.5907	0.6135	-0.0019	51.2132	4.7289	715.5084	349.6516	39.6413	648.5929	95.7232	702.3669	95.2173	714.3972	94.7345	723.1455	94.7345	
30/12/2017	00:18:13	019003	H421178840MLR	L421	S		709.3551	1.0216	-0.0226	100.0045	39.9487	0.8230	0.8254	4.0000	20.1435	815.1081	94.7115	10.7818	25.0769	0.9300	0.9433	0.6130	-0.0019	815.0000	813.3025	1.0256	-2.5988	100.0518	39.6858	0.8230	0.8245	5.0000	-9999.0000	-9999.0000	-9999.0000	-9999.0000	-9999.0000	-9999.0000	20.9033	4	0	25.2437	1.0000	99	9	-9999.0000	31222	12543	-9999	677	667	-9999	483.0731	5	0.5906	0.6130	-0.0019	51.5856	4.6926	744.4266	334.3050	35.1345	672.7625	95.6772	729.2173	95.2173	743.3095	94.9644	753.4198	94.9644	
30/12/2017	00:18:41	019003	H421178802MLR	L421	S		707.6461	1.0216	-0.0132	99.9896	39.9249	0.8230	0.8254	4.0000	20.1231	816.8651	94.1826	30.7446	24.8718	0.9300	0.9429	0.6087	-0.0015	815.0000	872.0138	1.0256	-2.8989	100.0351	39.7896	0.8230	0.8242	5.0000	-9999.0000	-9999.0000	-9999.0000	-9999.0000	-9999.0000	-9999.0000	21.2822	5	2	28.0441	1.0000	99	9	-9999.0000	31223	12544	-9999	677	668	-9999	456.4864	5	0.5902	0.6087	-0.0015	61.5256	3.8609	557.5508	343.7466	38.9055	494.7716	98.0916	533.3778	96.7119	549.3280	96.4360	560.6596	95.3553	
30/12/2017	00:19:06	019003	H421178811MLR	L421	S		708.4683	1.0216	-0.0178	100.0111	39.9318	0.8230	0.8254	4.0000	20.1533	815.1958	94.9184	11.3522	24.9743	0.9300	0.9431	0.6087	-0.0015	815.0000	813.4212	1.0256	-2.5994	100.0279	39.6978	0.8230	0.8242	5.0000	-9999.0000	-9999.0000	-9999.0000	-9999.0000	-9999.0000	-9999.0000	20.9431	6	0	25.2730	1.0000	99	9	-9999.0000	31224	12545	-9999	678	669	-9999	482.5045	5	0.5902	0.6087	-0.0015	61.5256	3.8609	738.7223	335.5460	38.5146	668.4839	94.5505	724.8838	94.0676	737.5952	93.6997	748.0362	94.3666	
30/12/2017	00:19:31	019003	H421178829MLR	L421	S		706.5527	1.0216	-0.0072	99.9378	39.9331	0.8230	0.8253	4.0000	20.1133	815.2010	94.9874	12.2322	24.9743	0.9300	0.9431	0.6074	-0.0014	815.0000	815.8634	1.0256	-2.6119	100.0337	39.6868	0.8230	0.8243	5.0000	-9999.0000	-9999.0000	-9999.0000	-9999.0000	-9999.0000	-9999.0000	20.9834	7	0	25.2840	1.0000	99	9	-9999.0000	31225	12546	-9999	679	670	-9999	481.4572	5	0.5892	0.6074	-0.0014	62.3332	3.8635	734.6544	341.5407	38.0317	610.3273	94.9874	721.9407	94.6195	733.4490	94.4585	743.7573	94.7115	
30/12/2017	00:19:57	019003	H421178799MLR	L421	S		706.5667	1.0216	-0.0073	100.4453	39.7927	0.8230	0.8254	4.0000	20.1727	815.1348	94.8494	11.4723	24.9743	0.9300	0.9430	0.6087	-0.0015	815.0000	813.5379	1.0256	-2.6000	100.0312	39.7581	0.8230	0.8244	5.0000	-9999.0000	-9999.0000	-9999.0000	-9999.0000	-9999.0000	-9999.0000	20.8222	8	0	25.2633	1.0000	99	9	-9999.0000	31226	12547	-9999	680	671	-9999	482.4528	5	0.5897	0.6087	-0.0015	61.4452	3.9246	738.2939	340.7952	37.0890	675.2108	95.1024	724.5874	94.5045	737.3704	94.2286	748.2485	94.6425	
30/12/2017	00:20:22	019003	H421178827MLR	L421	S		706.5477	1.0216	-0.0072	100.1674	39.9487	0.8230	0.8257	4.0000	20.1327	815.1463	94.8724	11.4616	25.0769	0.9300	0.9432	0.6174	-0.0022	815.0000	814.5955	1.0256	-2.6054	100.0273	39.7481	0.8230	0.8243	5.0000	-9999.0000	-9999.0000	-9999.0000	-9999.0000	-9999.0000	-9999.0000	20.7929	1	0	25.2535	1.0000	99	9	-9999.0000	31227	12548	-9999	681	672	-9999	483.2322	5	0.5895	0.6174	-0.0022	67.8251	3.3510	732.1496	338.0107	37.4109	667.3097	95.0564	718.2625	94.2286	730.8737	94.1136	740.6876	94.4815	
30/12/2017	00:20:47	019003	H421178817MLR	L421	S		706.6156	1.0216	-0.0075	99.9959	40.0535	0.8230	0.8254	4.0000	20.1629	815.2233	95.0564	11.5319	25.0769	0.9300	0.9433	0.6139	-0.0018	815.0000	814.0619	1.0256	-2.6027	100.0329	39.6982	0.8230	0.8243	5.0000	-9999.0000	-9999.0000	-9999.0000	-9999.0000	-9999.0000	-9999.0000	20.8222	2	0	25.2536	1.0000	99	9	-9999.0000	31228	12549	-9999	682	673	-9999	483.2948	5	0.5904	0.6139	-0.0018	63.3923	3.7669	734.7694	311.0109	35.8014	665.3658	95.4933	721.0785	94.6425	733.7438	94.4815	744.0669	94.8264	
30/12/2017	00:21:12	019003	H421178835MLR	L421	S		705.3840	1.0216	-0.0008	100.0197	39.8927	0.8230	0.8252	4.0000	20.1630	815.1657	94.7805	12.1316	25.0769	0.9300	0.9433	0.6225	-0.0026	815.0000	814.8551	1.0256	-2.6067	100.0377	39.7263	0.8230	0.8242	5.0000	-9999.0000	-9999.0000	-9999.0000	-9999.0000	-9999.0000	-9999.0000	22.2239	3	0	25.3737	1.0000	99	9	-9999.0000	31229	12550	-9999	683	674	-9999	481.8841	5	0.5911	0.6225	-0.0026	59.9397	4.0621	727.3797	336.8832	39.7103	658.7694	95.0564	712.2198	94.8034	725.9569	94.6885	736.8253	94.8494	
30/12/2017	00:21:38	019003	H421178795MLR	L421	S		705.4634	1.0216	-0.0012	99.9943	39.8461	0.8230	0.8254	4.0000	20.1630	815.1469	94.6195	11.5417	24.9743	0.9300	0.9433	0.6330	-0.0035	815.0000	815.2291	1.0256	-2.6086	100.0365	39.7503	0.8230	0.8242	5.0000	-9999.0000	-9999.0000	-9999.0000	-9999.0000	-9999.0000	-9999.0000	21.5128	4	0	25.3034	1.0000	99	9	-9999.0000	31230	12551	-9999	684	675	-9999	483.0775	5	0.5924	0.6330	-0.0035	69.7837	3.1864	722.1037	313.3129	38.2617	648.3504	95.3323	704.5234	94.8724	720.6430	94.6655	732.4738	94.9184	
30/12/2017	00:22:03	019003	H421178837MLR	L421	S		706.9772	1.0216	-0.0095	100.2945	39.9911	0.8230	0.8257	4.0000	20.1532	815.1672	94.7805	11.7409	24.9743	0.9300	0.9432	0.6344	-0.0036	815.0000	815.2373	1.0256	-2.6087	100.0311	39.7186	0.8230	0.8242	5.0000	-9999.0000	-9999.0000	-9999.0000	-9999.0000	-9999.0000	-9999.0000	21.2725	5	0	25.3638	1.0000	99	9	-9999.0000	31231	12552	-9999	685	676	-9999	482.6756	5	0.5922	0.6344	-0.0036	72.7773	2.9837	719.1712	332.7321	39.4574	650.7540	95.1484	701.9731	94.7805	717.7793	94.4815	728.3949	94.6655	
30/12/2017	00:22:28	019003	H421178808MLR	L421	S		704.5309	1.0216	0.0000	100.0186	40.0001	0.8230	0.8254	4.0000	20.1523	815.1637	94.5965	12.2215	24.9743	0.9300	0.9432	0.6370	-0.0038	815.0000	814.2445	1.0256	-2.6036	100.0108	39.7419	0.8230	0.8243	5.0000	-9999.0000	-9999.0000	-9999.0000	-9999.0000	-9999.0000	-9999.0000	21.1328	6	0	25.3435	1.0000	99	9	-9999.0000	31232	12553	-9999	685	677	-9999	481.3327	5	0.5926	0.6370	-0.0038	66.6555	3.5067	712.9328	331.9719	37.0200	643.3124	95.5392	697.2402	94.8494	711.4962	94.5965	723.6961	94.8034	
30/12/2017	00:22:54	019003	H421178805MLR	L421	S		707.7976	1.0216	-0.0141	99.9450	39.8980	0.8230	0.8252	4.0000	20.1523	815.2741	94.5735	11.4714	24.9743	0.9300	0.9433	0.6357	-0.0037	815.0000	816.3361	1.0256	-2.6143	100.0383	39.7603	0.8230	0.8243	5.0000	-9999.0000	-9999.0000	-9999.0000	-9999.0000	-9999.0000	-9999.0000	20.9130	7	0	25.3542	1.0000	99	9	-9999.0000	31233	12554	-9999	686	678	-9999	483.9045	5	0.5923	0.6357	-0.0037	76.4027	2.7059	722.6839	324.8495	36.3762	651.3335	95.7922	706.6497	95.2173	721.3313	95.1024	734.2591	95.0334	
30/12/2017	00:23:28	019003	H421178813MLR	L421	S		707.6108	1.0216	-0.0130	100.0611	39.9188	0.8230	0.8255	4.0000	20.1629	815.2231	94.5505	11.4821	25.0769	0.9300	0.9433	0.6229	-0.0026	815.0000	815.6259	1.0256	-2.6107	100.0184	39.7571	0.8230	0.8243	5.0000	-9999.0000	-9999.0000	-9999.0000	-9999.0000	-9999.0000	-9999.0000	20.8427	8	0	33.7548	1.0000	99	9	-9999.0000	31234	12555	-9999	687	679	-9999	483.6047	5	0.5928	0.6229	-0.0026	77.5924	2.6326	731.9116	309.6478	38.0547	659.0341	95.4473	716.5924	94.9644	730.3113	94.7805	742.6272	94.9184	
30/12/2017	00:23:53	019003	H421176890MLR	L421	S		705.6975	1.0216	-0.0025	99.9960	40.0019	0.8230	0.8255	4.0000	20.1922	815.2162	94.5735	12.3816	25.0769	0.9300	0.9434	0.6265	-0.0029	815.0000	816.0243	1.0256	-2.6127	100.0390	39.7449	0.8230	0.8243	5.0000	-9999.0000	-9999.0000	-9999.0000	-9999.0000	-9999.0000	-9999.0000	20.8828	1	0	25.3131	1.0000	99	9	-9999.0000	31235	12556	-9999	688	680	-9999	481.5106	5	0.5926	0.6265	-0.0029	83.3858	2.1421	721.4817	314.3207	38.5376	648.6183	95.5163	705.1873	95.0794	720.0995	94.9644	731.4201	94.9874	
30/12/2017	00:24:18	019003	H421176899MLR	L421	S		708.7119	1.0216	-0.0191	100.0472	39.9650	0.8230	0.8253	4.0000	20.1824	815.2425	94.3896	11.7810	25.0769	0.9300	0.9434	0.6247	-0.0028	815.0000	817.0785	1.0256	-2.6181	100.0338	39.7497	0.8230	0.8242	5.0000	-9999.0000	-9999.0000	-9999.0000	-9999.0000	-9999.0000	-9999.0000	20.9531	2	0	25.2731	1.0000	99	9	-9999.0000	31236	12557	-9999	689	681	-9999	482.9904	5	0.5922	0.6247	-0.0028	69.9134	3.2595	731.2811	331.9907	36.3992	660.2405	95.8842	714.6237	95.2633	729.8652	95.1254	740.6572	95.0334	
30/12/2017	00:24:43	019003	H421176886MLR	L421	S		704.0709	1.0216	0.0000	100.0231	39.9139	0.8230	0.8253	4.0000	20.1532	815.0972	94.5735	12.1814	25.0769	0.9300	0.9435	0.6168	-0.0021	815.0000	814.3022	1.0256	-2.6039	100.0476	39.6874	0.8230	0.8243	5.0000	-9999.0000	-9999.0000	-9999.0000	-9999.0000	-9999.0000	-9999.0000	20.8036	3	0	25.3142	1.0000	99	9	-9999.0000	31237	12558	-9999	690	682	-9999	482.0005	5	0.5920	0.6168	-0.0021	89.9354	1.6120	730.0590	313.4065	35.4334	660.2815	95.9301	715.2812	95.0564	728.8756	94.9414	739.3457	94.9184	
30/12/2017	00:25:09	019003	H421176859MLR	L421	S		707.2636	1.0216	-0.0111	100.0411	39.9487	0.8230	0.8254	4.0000	20.1523	815.1912	94.5045	22.6536	24.8718	0.9300	0.9431	0.6248	-0.0028	815.0000	853.5701	1.0256	-2.8046	100.0416	39.8222	0.8230	0.8244	5.0000	-9999.0000	-9999.0000	-9999.0000	-9999.0000	-9999.0000	-9999.0000	20.8027	4	2	25.3132	1.0000	99	9	-9999.0000	31238	12559	-9999	690	683	-9999	462.7684	5	0.5918	0.6248	-0.0028	82.2214	2.2550	614.9594	353.4188	37.0890	544.1037	97.1718	590.3556	96.4590	607.3415	96.2750	619.6595	94.9644	
30/12/2017	00:25:34	019003	H421176874MLR	L421	S		716.2692	1.0216	-0.0607	99.9541	39.9876	0.8230	0.8254	4.0000	20.1824	815.1561	95.0104	11.5817	24.9743	0.9300	0.9431	0.6248	-0.0028	815.0000	814.9663	1.0256	-2.6073	100.0360	39.7882	0.8230	0.8242	5.0000	-9999.0000	-9999.0000	-9999.0000	-9999.0000	-9999.0000	-9999.0000	20.8732	5	0	25.2936	1.0000	99	9	-9999.0000	31239	12560	-9999	691	684	-9999	483.1397	5	0.5918	0.6248	-0.0028	82.2214	2.2550	726.6948	330.3471	36.6981	661.3573	94.8724	712.1562	93.8377	725.4502	93.5158	735.7074	94.5275	
30/12/2017	00:25:59	019003	H421176895MLR	L421	S		707.8174	1.0216	-0.0142	100.0095	39.9461	0.8230	0.8253	4.0000	20.2129	815.2482	94.9644	12.6317	25.0769	0.9300	0.9433	0.6240	-0.0027	815.0000	813.5719	1.0256	-2.6002	100.0324	39.6695	0.8230	0.8241	5.0000	-9999.0000	-9999.0000	-9999.0000	-9999.0000	-9999.0000	-9999.0000	21.3028	6	0	25.3034	1.0000	99	9	-9999.0000	31240	12561	-9999	692	685	-9999	480.7704	5	0.5916	0.6240	-0.0027	82.5966	2.2240	717.3106	317.6729	37.7098	654.3379	95.1943	704.2474	94.7575	716.3525	94.6195	724.8134	94.8724	
30/12/2017	00:26:25	019003	H421176888MLR	L421	S		705.4898	1.0216	-0.0013	100.0588	39.8847	0.8230	0.8253	4.0000	20.1532	815.2400	94.8954	12.6112	25.0769	0.9300	0.9433	0.6206	-0.0024	815.0000	814.2696	1.0256	-2.6037	100.0256	39.7407	0.8230	0.8243	5.0000	-9999.0000	-9999.0000	-9999.0000	-9999.0000	-9999.0000	-9999.0000	21.3731	7	0	25.2438	1.0000	99	9	-9999.0000	31241	12562	-9999	693	685	-9999	481.0739	5	0.5918	0.6206	-0.0024	79.3610	2.5075	722.4278	339.0107	38.7676	654.7972	95.0794	708.4841	94.6885	721.1974	94.4585	731.6087	94.5735	
30/12/2017	00:26:50	019003	H421176891MLR	L421	S		705.7953	1.0216	-0.0030	99.9738	39.9487	0.8230	0.8255	4.0000	20.1532	815.2581	94.7345	12.0320	25.0769	0.9300	0.9433	0.6454	-0.0045	815.0000	814.4615	1.0256	-2.6047	100.0317	39.8313	0.8230	0.8244	5.0000	-9999.0000	-9999.0000	-9999.0000	-9999.0000	-9999.0000	-9999.0000	20.8428	8	0	25.2633	1.0000	99	9	-9999.0000	31242	12563	-9999	694	686	-9999	482.0763	5	0.5903	0.6454	-0.0045	68.0486	3.4452	707.4859	339.3686	38.3767	639.2664	95.1713	691.8266	94.5275	706.0761	94.1596	718.2615	94.5735	
30/12/2017	00:27:15	019003	H421176866MLR	L421	S		706.2410	1.0216	-0.0055	100.0067	40.0154	0.8230	0.8254	4.0000	20.1435	815.2629	94.6195	11.8816	25.0769	0.9300	0.9433	0.6459	-0.0045	815.0000	815.3730	1.0256	-2.6094	100.0257	39.7497	0.8230	0.8242	5.0000	-9999.0000	-9999.0000	-9999.0000	-9999.0000	-9999.0000	-9999.0000	20.9022	1	0	25.2936	1.0000	99	9	-9999.0000	31243	12564	-9999	695	686	-9999	482.7277	5	0.5903	0.6459	-0.0045	67.4294	3.4816	710.5671	339.6157	36.8361	641.4205	95.3783	692.9220	94.8264	709.2355	94.6655	721.1504	94.9184	
30/12/2017	00:27:40	019003	H421176856MLR	L421	S		706.4513	1.0216	-0.0066	99.9835	39.9395	0.8230	0.8252	4.0000	20.1922	815.1433	94.7575	11.8317	25.0769	0.9300	0.9432	0.6455	-0.0045	815.0000	814.7331	1.0256	-2.6061	100.0146	39.7387	0.8230	0.8243	5.0000	-9999.0000	-9999.0000	-9999.0000	-9999.0000	-9999.0000	-9999.0000	20.9721	2	0	25.2340	1.0000	99	9	-9999.0000	31244	12565	-9999	696	687	-9999	483.1773	5	0.5905	0.6455	-0.0045	59.0114	3.8797	710.6195	330.3364	38.9055	641.9077	95.1254	693.9565	94.5505	709.0884	94.4585	721.2355	94.7575	
30/12/2017	00:28:06	019003	H421176871MLR	L421	S		705.7919	1.0216	-0.0030	99.9892	39.9147	0.8230	0.8254	4.0000	20.1826	815.1599	94.6655	12.2918	25.0769	0.9300	0.9433	0.6476	-0.0046	815.0000	815.6916	1.0256	-2.6110	100.0161	39.7918	0.8230	0.8243	5.0000	-9999.0000	-9999.0000	-9999.0000	-9999.0000	-9999.0000	-9999.0000	21.1426	3	0	25.3336	1.0000	99	9	-9999.0000	31245	12566	-9999	697	688	-9999	482.2393	5	0.5904	0.6476	-0.0046	55.3939	4.1130	706.1222	312.9982	38.4686	636.5525	95.4473	689.9970	95.0564	704.6468	94.9184	717.6490	94.8954	
30/12/2017	00:28:31	019003	H421176862MLR	L421	S		701.4044	1.0216	0.0000	100.0909	39.9796	0.8230	0.8255	4.0000	20.1727	815.2572	94.4355	12.7225	24.9743	0.9300	0.9433	0.6470	-0.0045	815.0000	813.6657	1.0256	-2.6007	100.0576	39.7379	0.8230	0.8240	5.0000	-9999.0000	-9999.0000	-9999.0000	-9999.0000	-9999.0000	-9999.0000	22.4533	4	0	25.2732	1.0000	99	9	-9999.0000	31246	12567	-9999	698	689	-9999	480.5207	5	0.5904	0.6470	-0.0045	55.5192	4.0870	699.9440	314.2326	37.8018	628.8734	95.4933	682.9224	94.9414	698.1272	94.7575	711.1671	94.9184	
30/12/2017	00:28:56	019003	H421176909MLR	L421	S		707.0283	1.0216	-0.0098	100.0103	39.9773	0.8230	0.8254	4.0000	20.1521	815.1478	94.5965	11.9119	24.9743	0.9300	0.9432	0.6136	-0.0018	815.0000	814.9574	1.0256	-2.6073	100.0569	39.7509	0.8230	0.8243	5.0000	-9999.0000	-9999.0000	-9999.0000	-9999.0000	-9999.0000	-9999.0000	20.7734	5	0	25.3239	1.0000	99	9	-9999.0000	31247	12568	-9999	699	690	-9999	482.7660	5	0.5917	0.6136	-0.0018	50.1134	4.6257	733.0744	358.0521	37.9628	666.8846	95.4243	718.7959	94.7345	731.8769	94.5275	741.6633	94.7345	
30/12/2017	00:29:22	019003	H421176940MLR	L421	S		708.5893	1.0216	-0.0184	100.0219	39.9407	0.8230	0.8253	4.0000	20.1323	815.1631	94.5735	11.6013	24.9743	0.9300	0.9432	0.6165	-0.0020	815.0000	815.8946	1.0256	-2.6120	100.0432	39.7914	0.8230	0.8243	5.0000	-9999.0000	-9999.0000	-9999.0000	-9999.0000	-9999.0000	-9999.0000	20.8721	6	0	25.3130	1.0000	99	9	-9999.0000	31248	12569	-9999	700	691	-9999	483.4354	5	0.5918	0.6165	-0.0020	131.2293	-1.8925	735.1578	352.2106	36.4452	667.9075	95.2173	720.0310	94.9874	733.6654	94.6425	744.4146	94.8034	
30/12/2017	00:29:47	019003	H421176919MLR	L421	S		708.1594	1.0216	-0.0160	100.0596	39.9487	0.8230	0.8254	4.0000	20.1533	815.1355	94.5965	11.6716	25.0769	0.9300	0.9433	0.6201	-0.0023	815.0000	815.8811	1.0256	-2.6120	100.0496	39.7633	0.8230	0.8242	5.0000	-9999.0000	-9999.0000	-9999.0000	-9999.0000	-9999.0000	-9999.0000	21.3623	7	0	25.2938	1.0000	99	9	-9999.0000	31249	12570	-9999	701	692	-9999	483.3615	5	0.5918	0.6201	-0.0023	101.5239	0.6119	731.5726	323.1601	37.4799	661.1148	95.6082	718.0205	94.9874	730.2140	94.8494	741.5195	94.9184	
30/12/2017	00:30:12	019003	H421176947MLR	L421	S		707.7293	1.0216	-0.0137	100.0551	39.9817	0.8230	0.8254	4.0000	20.1834	815.1164	94.5735	11.5016	25.0769	0.9300	0.9434	0.6190	-0.0022	815.0000	815.1293	1.0256	-2.6081	100.0400	39.7715	0.8230	0.8243	5.0000	-9999.0000	-9999.0000	-9999.0000	-9999.0000	-9999.0000	-9999.0000	20.9532	8	0	25.2935	1.0000	99	9	-9999.0000	31250	12571	-9999	702	693	-9999	483.6147	5	0.5918	0.6190	-0.0022	59.1300	4.1566	734.1196	326.5986	38.0547	663.9861	95.7462	719.1325	95.1943	732.8169	95.1943	743.6555	95.0334	
30/12/2017	00:30:38	019003	H421176927MLR	L421	S		708.2952	1.0216	-0.0168	99.9969	39.9487	0.8230	0.8253	4.0000	20.1727	815.1791	94.5965	11.9519	25.0769	0.9300	0.9434	0.6209	-0.0024	815.0000	816.6582	1.0256	-2.6159	100.0517	39.7699	0.8230	0.8242	5.0000	-9999.0000	-9999.0000	-9999.0000	-9999.0000	-9999.0000	-9999.0000	21.2725	1	0	25.3044	1.0000	99	9	-9999.0000	31250	12572	-9999	703	694	-9999	482.8958	5	0.5919	0.6209	-0.0024	56.6958	4.3534	731.6525	351.2824	38.2157	660.8841	95.7002	715.0008	95.1943	730.4392	95.0564	740.1923	94.9644	
30/12/2017	00:31:03	019003	H421176933MLR	L421	S		705.6904	1.0216	-0.0024	100.0107	39.9487	0.8230	0.8253	4.0000	20.1825	815.1495	94.4585	11.8415	25.0769	0.9300	0.9434	0.6179	-0.0022	815.0000	815.1719	1.0256	-2.6083	100.0476	39.7834	0.8230	0.8243	5.0000	-9999.0000	-9999.0000	-9999.0000	-9999.0000	-9999.0000	-9999.0000	20.8330	2	0	25.2332	1.0000	99	9	-9999.0000	31251	12573	-9999	704	695	-9999	483.0264	5	0.5920	0.6179	-0.0022	55.8296	4.4167	732.6434	354.4323	38.3996	665.4352	95.6772	717.8425	95.2863	731.4815	94.9874	741.4845	94.9184	
30/12/2017	00:31:28	019003	H421176916MLR	L421	S		704.0044	1.0216	0.0000	100.0403	39.9709	0.8230	0.8254	4.0000	20.1922	815.1183	94.4126	12.3914	25.0769	0.9300	0.9433	0.6134	-0.0018	815.0000	815.2922	1.0256	-2.6090	100.0399	39.7798	0.8230	0.8243	5.0000	-9999.0000	-9999.0000	-9999.0000	-9999.0000	-9999.0000	-9999.0000	21.1231	3	0	25.2936	1.0000	99	9	-9999.0000	31252	12574	-9999	705	696	-9999	481.9312	5	0.5918	0.6134	-0.0018	56.9791	4.3232	731.9661	361.5900	39.8253	666.8863	95.5622	718.0975	95.1024	730.8918	94.7345	740.6864	94.8494	
30/12/2017	00:31:53	019003	H421176907MLR	L421	S		706.4301	1.0216	-0.0065	100.1169	39.9914	0.8230	0.8254	4.0000	20.1532	815.1513	94.5735	11.9216	25.0769	0.9300	0.9432	0.6157	-0.0020	815.0000	816.1294	1.0256	-2.6132	100.0237	39.7866	0.8230	0.8242	5.0000	-9999.0000	-9999.0000	-9999.0000	-9999.0000	-9999.0000	-9999.0000	21.0731	4	0	25.3034	1.0000	99	9	-9999.0000	31253	12575	-9999	706	697	-9999	482.7918	5	0.5922	0.6157	-0.0020	59.3110	4.1421	733.6001	344.6696	37.1350	665.2167	95.6772	717.8974	94.8724	732.2848	94.8034	742.9372	94.8724	
30/12/2017	00:32:19	019003	H421176934MLR	L421	S		702.4026	1.0216	0.0000	100.5550	39.9487	0.8230	0.8254	4.0000	20.1728	815.2209	94.4585	12.5321	24.9743	0.9300	0.9432	0.6283	-0.0031	815.0000	813.1981	1.0256	-2.5983	100.0285	39.7954	0.8230	0.8243	5.0000	-9999.0000	-9999.0000	-9999.0000	-9999.0000	-9999.0000	-9999.0000	20.9629	5	0	25.3032	1.0000	99	9	-9999.0000	31254	12576	-9999	707	698	-9999	481.0347	5	0.5924	0.6283	-0.0031	84.7194	1.9633	717.0651	325.9115	37.7098	648.3297	95.9071	700.7727	95.1484	715.5190	95.0334	726.9659	94.9874	
30/12/2017	00:32:44	019003	H421176945MLR	L421	S		702.1672	1.0216	0.0000	100.1169	39.9487	0.8230	0.8254	4.0000	20.1824	815.1899	94.6195	12.8212	24.9743	0.9300	0.9432	0.6325	-0.0034	815.0000	814.4619	1.0256	-2.6047	100.0394	39.8094	0.8230	0.8243	5.0000	-9999.0000	-9999.0000	-9999.0000	-9999.0000	-9999.0000	-9999.0000	20.8926	6	0	25.2938	1.0000	99	9	-9999.0000	31255	12577	-9999	708	699	-9999	479.9471	5	0.5924	0.6325	-0.0034	80.2187	2.3528	713.6782	345.6190	37.1580	644.8705	95.9761	697.5976	95.3323	712.2837	95.0334	723.2576	95.0564	
30/12/2017	00:33:09	019003	H421176903MLR	L421	S		704.3268	1.0216	0.0000	99.9676	39.9814	0.8230	0.8254	4.0000	20.1826	815.1100	94.4355	12.2224	24.9743	0.9300	0.9433	0.6199	-0.0023	815.0000	815.3597	1.0256	-2.6093	100.0270	39.7589	0.8230	0.8241	5.0000	-9999.0000	-9999.0000	-9999.0000	-9999.0000	-9999.0000	-9999.0000	21.9932	7	0	25.3042	1.0000	99	9	-9999.0000	31256	12578	-9999	709	700	-9999	482.1993	5	0.5921	0.6199	-0.0023	57.1068	4.3597	728.2366	353.5445	39.1355	660.9890	95.5852	712.6866	95.0334	726.7143	95.0564	738.4699	95.0334	
30/12/2017	00:33:34	019003	H421176912MLR	L421	S		706.3753	1.0216	-0.0062	100.5722	39.9942	0.8230	0.8254	4.0000	20.1923	815.1937	94.4126	12.4813	25.0769	0.9300	0.9433	0.6228	-0.0026	815.0000	814.6672	1.0256	-2.6058	100.0337	39.7918	0.8230	0.8243	5.0000	-9999.0000	-9999.0000	-9999.0000	-9999.0000	-9999.0000	-9999.0000	20.8525	8	0	25.2732	1.0000	99	9	-9999.0000	31257	12579	-9999	710	701	-9999	481.5203	5	0.5920	0.6228	-0.0026	59.1314	4.2083	723.1976	346.6380	39.4574	660.3365	95.6082	707.9530	95.1254	722.1613	95.0334	730.5831	95.0564	
30/12/2017	00:34:00	019003	H421179833MLR	L421	S		707.3096	1.0216	-0.0114	100.0213	39.9487	0.8230	0.8253	4.0000	20.2128	815.1425	94.6425	11.9724	25.0769	0.9300	0.9435	0.5991	-0.0006	815.0000	815.6684	1.0256	-2.6109	100.0155	39.8299	0.8230	0.8243	5.0000	-9999.0000	-9999.0000	-9999.0000	-9999.0000	-9999.0000	-9999.0000	20.8232	1	0	25.3141	1.0000	99	9	-9999.0000	31258	12580	-9999	710	702	-9999	482.3334	5	0.5916	0.5991	-0.0006	76.6061	2.7551	748.1010	343.3640	37.4569	683.4570	95.6312	735.6681	94.9874	747.1397	94.9184	755.8607	94.8494	
30/12/2017	00:34:25	019003	H421179837MLR	L421	S		705.0907	1.0216	0.0000	99.9515	39.9487	0.8230	0.8252	4.0000	20.8224	815.1679	94.4355	12.4119	25.0769	0.9300	0.9434	0.6215	-0.0025	815.0000	816.3436	1.0256	-2.6143	100.0130	39.7944	0.8230	0.8242	5.0000	-9999.0000	-9999.0000	-9999.0000	-9999.0000	-9999.0000	-9999.0000	20.9024	2	0	25.2731	1.0000	99	9	-9999.0000	31259	12581	-9999	711	703	-9999	481.8162	5	0.5912	0.6215	-0.0025	75.4050	2.8772	727.3686	346.0738	38.7446	657.8260	95.7002	712.3606	95.2403	726.1065	95.1254	737.5629	95.0334	
30/12/2017	00:34:50	019003	H421179823MLR	L421	S		708.0043	1.0216	-0.0152	99.9902	39.9643	0.8230	0.8254	4.0000	20.1725	815.1133	94.5505	11.7917	25.0769	0.9300	0.9434	0.6180	-0.0022	815.0000	815.5381	1.0256	-2.6102	99.9519	39.7637	0.8230	0.8243	5.0000	-9999.0000	-9999.0000	-9999.0000	-9999.0000	-9999.0000	-9999.0000	20.6631	3	0	25.3035	1.0000	99	9	-9999.0000	31260	12582	-9999	712	704	-9999	482.8538	5	0.5910	0.6180	-0.0022	79.2044	2.5733	732.7046	335.3454	37.3649	662.5635	95.8152	717.8738	95.3093	731.4197	95.0334	742.8458	94.9414	
30/12/2017	00:35:16	019003	H421179817MLR	L421	S		705.7750	1.0216	-0.0029	100.0545	40.0001	0.8230	0.8253	4.0000	20.2030	815.2240	94.5045	12.2214	25.0769	0.9300	0.9433	0.6171	-0.0021	815.0000	814.8604	1.0256	-2.6068	100.0287	39.8188	0.8230	0.8243	5.0000	-9999.0000	-9999.0000	-9999.0000	-9999.0000	-9999.0000	-9999.0000	21.1523	4	0	25.2741	1.0000	99	9	-9999.0000	31261	12583	-9999	713	705	-9999	482.2090	5	0.5910	0.6171	-0.0021	84.0860	2.1434	731.3402	348.4258	38.4916	664.2602	95.6082	716.5937	95.1484	730.3337	94.8724	739.2628	94.7575	
30/12/2017	00:35:41	019003	H421179807MLR	L421	S		703.1684	1.0216	0.0000	100.0837	39.9625	0.8230	0.8253	4.0000	20.2031	815.1578	94.5965	13.4619	25.0769	0.9300	0.9434	0.6162	-0.0020	815.0000	814.4099	1.0256	-2.6045	100.0193	39.8108	0.8230	0.8242	5.0000	-9999.0000	-9999.0000	-9999.0000	-9999.0000	-9999.0000	-9999.0000	21.1124	5	0	25.3338	1.0000	99	9	-9999.0000	31262	12584	-9999	714	706	-9999	480.0282	5	0.5909	0.6162	-0.0020	53.2586	4.5994	724.3119	349.6318	38.7905	661.1356	95.7922	709.3912	95.3553	723.1112	95.2403	734.0816	95.1024	
30/12/2017	00:36:06	019003	H421179813MLR	L421	S		704.7391	1.0216	0.0000	100.0193	39.9510	0.8230	0.8254	4.0000	20.1620	815.1033	94.4355	12.6620	25.0769	0.9300	0.9433	0.6217	-0.0025	815.0000	815.3942	1.0256	-2.6095	100.0475	39.7455	0.8230	0.8241	5.0000	-9999.0000	-9999.0000	-9999.0000	-9999.0000	-9999.0000	-9999.0000	22.3430	6	0	25.3031	1.0000	99	9	-9999.0000	31263	12585	-9999	715	707	-9999	480.9386	5	0.5907	0.6217	-0.0025	64.4508	3.7093	725.9577	334.1304	38.9515	655.6661	95.6082	710.6327	95.2633	724.6105	95.1254	734.5114	95.0564	
30/12/2017	00:36:32	019003	H421179797MLR	L421	S		702.3381	1.0216	0.0000	100.0114	39.9666	0.8230	0.8254	4.0000	20.1727	815.1190	94.4355	12.7713	25.0769	0.9300	0.9433	0.6098	-0.0015	815.0000	815.2221	1.0256	-2.6086	100.0084	39.8108	0.8230	0.8243	5.0000	-9999.0000	-9999.0000	-9999.0000	-9999.0000	-9999.0000	-9999.0000	21.4434	7	0	25.3132	1.0000	99	9	-9999.0000	31264	12586	-9999	716	708	-9999	481.3639	5	0.5912	0.6098	-0.0015	68.0359	3.3903	732.2523	330.7130	38.3537	664.8941	95.7922	716.8623	95.2633	730.9746	95.1254	740.0490	95.0794	
30/12/2017	00:36:57	019003	H421179829MLR	L421	S		704.3958	1.0216	0.0000	99.9881	39.9791	0.8230	0.8253	4.0000	20.1620	815.1280	94.4815	12.6122	24.9743	0.9300	0.9432	0.6125	-0.0017	815.0000	814.6475	1.0256	-2.6057	100.0744	39.8170	0.8230	0.8242	5.0000	-9999.0000	-9999.0000	-9999.0000	-9999.0000	-9999.0000	-9999.0000	21.7334	8	0	25.3338	1.0000	99	9	-9999.0000	31265	12587	-9999	717	709	-9999	481.4848	5	0.5913	0.6125	-0.0017	65.5467	3.5663	728.3858	346.9004	38.6066	667.2352	95.5852	715.8727	94.8494	726.9628	94.5505	738.7195	94.7805	
30/12/2017	00:37:22	019003	H421179810MLR	L421	S		704.9444	1.0216	0.0000	100.0170	39.9740	0.8230	0.8254	4.0000	20.1826	815.1048	94.4126	12.2117	24.9743	0.9300	0.9432	0.6099	-0.0015	815.0000	814.9494	1.0256	-2.6072	100.0407	39.7782	0.8230	0.8242	5.0000	-9999.0000	-9999.0000	-9999.0000	-9999.0000	-9999.0000	-9999.0000	20.9629	1	0	25.2836	1.0000	99	9	-9999.0000	31266	12588	-9999	718	710	-9999	482.0074	5	0.5910	0.6099	-0.0015	82.1830	2.1977	736.1901	334.2267	36.0313	665.0585	96.0911	722.6103	95.1484	734.9539	95.0564	744.8120	95.0564	
30/12/2017	00:37:47	019003	H421179800MLR	L421	S		705.8510	1.0216	-0.0033	100.0497	39.9658	0.8230	0.8254	4.0000	20.1835	815.1120	94.3896	12.7723	24.9743	0.9300	0.9433	0.6119	-0.0017	815.0000	814.8537	1.0256	-2.6067	100.0446	39.8118	0.8230	0.8243	5.0000	-9999.0000	-9999.0000	-9999.0000	-9999.0000	-9999.0000	-9999.0000	20.9424	2	0	25.2733	1.0000	99	9	-9999.0000	31267	12589	-9999	719	711	-9999	481.1976	5	0.5907	0.6119	-0.0017	83.6782	2.0992	731.6331	341.5117	36.0313	666.0390	95.5163	718.1856	95.1943	730.4146	95.1254	739.4637	95.1024	
30/12/2017	00:38:13	019003	H421179794MLR	L421	S		708.6910	1.0216	-0.0190	100.6335	39.9725	0.8230	0.8254	4.0000	20.1826	815.1190	94.2746	11.7722	24.9743	0.9300	0.9432	0.6120	-0.0017	815.0000	815.5732	1.0256	-2.6104	100.0459	39.8387	0.8230	0.8244	5.0000	-9999.0000	-9999.0000	-9999.0000	-9999.0000	-9999.0000	-9999.0000	20.8232	3	0	25.2838	1.0000	99	9	-9999.0000	31268	12590	-9999	720	712	-9999	482.7992	5	0.5907	0.6120	-0.0017	65.2449	3.5866	738.4294	328.9230	35.4794	669.2688	96.0911	724.0377	95.0794	737.0431	95.0104	747.4029	94.9644	
30/12/2017	00:38:38	019003	H421179989MLR	L421	S		705.7342	1.0216	-0.0027	99.9840	39.9589	0.8230	0.8253	4.0000	20.2029	815.1355	94.3666	12.1414	25.0769	0.9300	0.9433	0.6150	-0.0019	815.0000	815.7664	1.0256	-2.6114	100.0374	39.7774	0.8230	0.8242	5.0000	-9999.0000	-9999.0000	-9999.0000	-9999.0000	-9999.0000	-9999.0000	21.3731	4	0	25.3034	1.0000	99	9	-9999.0000	31268	12591	-9999	721	713	-9999	482.5594	5	0.5905	0.6150	-0.0019	88.6609	1.7310	732.3041	340.0993	39.3654	663.4752	95.6082	717.9934	95.1024	730.9130	94.9644	741.3916	95.0104	
30/12/2017	00:39:03	019003	H421179999MLR	L421	S		704.9581	1.0216	0.0000	100.0101	39.9830	0.8230	0.8254	4.0000	20.1824	815.1225	94.3666	12.5213	25.0769	0.9300	0.9434	0.6117	-0.0017	815.0000	814.6458	1.0256	-2.6057	100.0326	39.7778	0.8230	0.8243	5.0000	-9999.0000	-9999.0000	-9999.0000	-9999.0000	-9999.0000	-9999.0000	21.2228	5	0	25.3434	1.0000	99	9	-9999.0000	31269	12592	-9999	722	714	-9999	481.8360	5	0.5904	0.6117	-0.0017	97.8878	0.9931	733.6010	332.5525	36.3302	666.1432	96.0451	720.3569	95.3553	732.7136	95.0794	740.7548	94.9874	
30/12/2017	00:39:29	019003	H421178831MLR	L421	S		710.0401	1.0216	-0.0264	100.0602	39.9932	0.8230	0.8254	4.0000	20.2128	815.1206	94.4355	11.2614	25.0769	0.9300	0.9433	0.6121	-0.0017	815.0000	816.6249	1.0256	-2.6158	100.0312	39.8331	0.8230	0.8243	5.0000	-9999.0000	-9999.0000	-9999.0000	-9999.0000	-9999.0000	-9999.0000	21.3428	6	0	25.2936	1.0000	99	9	-9999.0000	31270	12593	-9999	723	715	-9999	483.5158	5	0.5907	0.6121	-0.0017	96.2402	1.1256	744.1159	341.2670	35.6634	672.3060	96.1371	728.0986	95.1943	742.9980	95.0104	752.5621	94.8494	
30/12/2017	00:39:54	019003	H421178820MLR	L421	S		710.1772	1.0216	-0.0272	100.0516	39.9901	0.8230	0.8254	4.0000	20.1824	815.0996	94.6195	11.0514	25.0769	0.9300	0.9432	0.6092	-0.0015	815.0000	815.0585	1.0256	-2.6078	100.0389	39.8327	0.8230	0.8242	5.0000	-9999.0000	-9999.0000	-9999.0000	-9999.0000	-9999.0000	-9999.0000	20.8124	7	0	25.2339	1.0000	99	9	-9999.0000	31271	12594	-9999	724	716	-9999	483.5122	5	0.5911	0.6092	-0.0015	63.8199	3.7017	746.4854	358.6009	38.8365	680.7783	95.7462	732.4815	95.1484	745.4167	95.0794	754.4077	95.0334	
30/12/2017	00:40:19	019003	H421178830MLR	L421	S		710.9505	1.0216	-0.0314	99.9043	39.9735	0.8230	0.8253	4.0000	20.1826	815.1280	94.5275	11.1617	24.9743	0.9300	0.9432	0.6078	-0.0013	815.0000	815.9949	1.0256	-2.6126	100.0389	39.7842	0.8230	0.8243	5.0000	-9999.0000	-9999.0000	-9999.0000	-9999.0000	-9999.0000	-9999.0000	20.9627	8	0	25.3532	1.0000	99	9	-9999.0000	31272	12595	-9999	725	717	-9999	483.3380	5	0.5913	0.6078	-0.0013	103.7116	0.5182	747.0906	353.7292	40.1012	679.5902	95.5392	733.4241	95.0564	745.8177	94.8494	754.6720	95.0794	
30/12/2017	00:40:45	019003	H421178822MLR	L421	S		707.9527	1.0216	-0.0149	100.0459	39.9858	0.8230	0.8253	4.0000	20.1924	815.1391	94.4355	11.6110	25.0769	0.9300	0.9433	0.6058	-0.0012	815.0000	815.8547	1.0256	-2.6118	100.0394	39.8305	0.8230	0.8244	5.0000	-9999.0000	-9999.0000	-9999.0000	-9999.0000	-9999.0000	-9999.0000	20.9336	1	0	25.3140	1.0000	99	9	-9999.0000	31273	12596	-9999	726	718	-9999	482.7822	5	0.5914	0.6058	-0.0012	90.3987	1.5297	743.2702	327.9763	37.4339	676.3080	95.7692	730.7357	94.9414	741.9025	94.8034	751.9772	94.9644	
30/12/2017	00:41:10	019003	H421178841MLR	L421	S		710.6784	1.0216	-0.0299	99.9984	40.0011	0.8230	0.8254	4.0000	20.2030	815.1430	94.6195	10.7408	25.0769	0.9300	0.9433	0.6025	-0.0009	815.0000	815.1584	1.0256	-2.6083	100.0408	39.8375	0.8230	0.8243	5.0000	-9999.0000	-9999.0000	-9999.0000	-9999.0000	-9999.0000	-9999.0000	20.8125	2	0	25.2731	1.0000	99	9	-9999.0000	31274	12597	-9999	727	719	-9999	483.2771	5	0.5915	0.6025	-0.0009	82.8443	2.1142	753.5226	364.3624	39.5953	686.9258	95.6312	742.0005	94.8724	752.4648	94.8724	762.1245	95.0104	
30/12/2017	00:41:35	019003	H421178797MLR	L421	S		706.6960	1.0216	-0.0080	99.8977	39.9824	0.8230	0.8253	4.0000	20.2126	815.1302	94.3436	12.7616	25.0769	0.9300	0.9433	0.6038	-0.0010	815.0000	819.8359	1.0256	-2.6322	100.0348	39.7762	0.8230	0.8242	5.0000	-9999.0000	-9999.0000	-9999.0000	-9999.0000	-9999.0000	-9999.0000	20.8937	3	0	25.2741	1.0000	99	9	-9999.0000	31275	12598	-9999	728	720	-9999	481.8582	5	0.5921	0.6038	-0.0010	71.3802	3.0592	747.3576	345.2967	38.6756	677.9461	95.7692	733.3847	95.3783	746.3360	95.3323	755.0540	95.0334	
30/12/2017	00:42:00	019003	H421178834MLR	L421	S		710.4287	1.0216	-0.0286	99.9654	39.9653	0.8230	0.8252	4.0000	20.7019	815.1263	94.6885	11.3708	24.9743	0.9300	0.9432	0.5997	-0.0007	815.0000	815.9170	1.0256	-2.6122	100.0247	39.8150	0.8230	0.8243	5.0000	-9999.0000	-9999.0000	-9999.0000	-9999.0000	-9999.0000	-9999.0000	21.0926	4	0	25.2732	1.0000	99	9	-9999.0000	31276	12599	-9999	728	721	-9999	482.7524	5	0.5921	0.5997	-0.0007	65.4940	3.5903	751.3957	329.8841	37.0890	677.6009	95.8612	739.3023	95.1713	750.5744	94.9184	758.1625	94.9414	
30/12/2017	00:42:26	019003	H421178796MLR	L421	S		709.5033	1.0216	-0.0235	100.5376	39.9957	0.8230	0.8254	4.0000	20.2127	815.1652	94.6655	11.3815	25.0769	0.9300	0.9434	0.6011	-0.0008	815.0000	815.8451	1.0256	-2.6118	100.0112	39.8527	0.8230	0.8243	5.0000	-9999.0000	-9999.0000	-9999.0000	-9999.0000	-9999.0000	-9999.0000	20.8134	5	0	25.2838	1.0000	99	9	-9999.0000	31277	12600	-9999	729	722	-9999	482.8558	5	0.5922	0.6011	-0.0008	69.5572	3.2338	753.3322	330.4736	36.1693	682.9603	96.1371	739.6108	95.2403	752.4471	95.0564	760.2696	94.9644	
30/12/2017	00:42:51	019003	H421178800MLR	L421	S		705.8371	1.0216	-0.0033	100.0109	39.9942	0.8230	0.8253	4.0000	20.2033	815.1248	94.3666	12.1316	24.9743	0.9300	0.9433	0.6066	-0.0013	815.0000	816.4104	1.0256	-2.6147	100.0098	39.7938	0.8230	0.8242	5.0000	-9999.0000	-9999.0000	-9999.0000	-9999.0000	-9999.0000	-9999.0000	21.1533	6	0	25.2634	1.0000	99	9	-9999.0000	31278	12601	-9999	730	723	-9999	481.9150	5	0.5925	0.6066	-0.0013	58.4230	4.2415	742.4053	359.4189	38.1467	673.5322	95.9761	727.3754	95.3553	741.1478	95.2173	749.8983	95.1024	
30/12/2017	00:43:16	019003	H421178838MLR	L421	S		707.9794	1.0216	-0.0151	99.9709	39.9886	0.8230	0.8253	4.0000	20.2029	815.1951	94.5275	11.5016	24.9743	0.9300	0.9432	0.6226	-0.0027	815.0000	815.1356	1.0256	-2.6082	100.0186	39.8118	0.8230	0.8243	5.0000	-9999.0000	-9999.0000	-9999.0000	-9999.0000	-9999.0000	-9999.0000	20.8437	7	0	25.2741	1.0000	99	9	-9999.0000	31279	12602	-9999	731	724	-9999	482.2954	5	0.5917	0.6226	-0.0027	54.5289	4.5836	729.6292	347.9056	40.6530	658.4433	95.6312	714.7516	94.6885	728.2424	94.5505	739.9931	94.8494	
30/12/2017	00:43:41	019003	H421176900MLR	L421	S		708.0489	1.0216	-0.0154	100.1178	39.9806	0.8230	0.8253	4.0000	20.2028	815.0914	94.3896	11.4323	24.9743	0.9300	0.9433	0.6210	-0.0026	815.0000	815.2206	1.0256	-2.6086	100.0531	39.8413	0.8230	0.8243	5.0000	-9999.0000	-9999.0000	-9999.0000	-9999.0000	-9999.0000	-9999.0000	20.9922	8	0	25.2828	1.0000	99	9	-9999.0000	31280	12603	-9999	732	725	-9999	482.2349	5	0.5913	0.6210	-0.0026	54.3722	4.5827	734.1777	351.1388	39.4344	665.3637	95.7692	718.3400	95.3783	732.7094	95.2863	744.0477	95.1024	
30/12/2017	00:44:07	019003	H421178818MLR	L421	S		709.7025	1.0216	-0.0246	99.9831	39.9978	0.8230	0.8253	4.0000	20.1836	815.2249	94.6655	11.1715	24.9743	0.9300	0.9432	0.6210	-0.0026	815.0000	815.6601	1.0256	-2.6108	100.0490	39.8311	0.8230	0.8243	5.0000	-9999.0000	-9999.0000	-9999.0000	-9999.0000	-9999.0000	-9999.0000	20.8633	1	0	25.3240	1.0000	99	9	-9999.0000	31281	12604	-9999	733	725	-9999	482.9189	5	0.5913	0.6210	-0.0026	55.3107	4.5077	736.7563	351.3675	38.4916	666.0387	95.7462	719.4393	95.1484	735.1920	95.0334	746.3531	95.0564	
30/12/2017	00:44:57	019003	H421178803MLR	L421	S		708.5588	1.0216	-0.0183	100.0865	39.9781	0.8230	0.8254	4.0000	20.1534	815.1848	94.6195	11.4010	25.0769	0.9300	0.9433	0.6235	-0.0028	815.0000	815.1530	1.0256	-2.6083	100.0144	39.6790	0.8230	0.8240	5.0000	-9999.0000	-9999.0000	-9999.0000	-9999.0000	-9999.0000	-9999.0000	21.6426	3	0	25.2936	1.0000	99	9	-9999.0000	31283	12605	-9999	735	726	-9999	482.5567	5	0.5907	0.6235	-0.0028	46.8353	5.2190	733.5007	313.8343	37.9858	662.5977	95.8612	718.4433	95.4473	732.2557	95.3553	742.3144	95.0794	
30/12/2017	00:45:23	019003	H421178824MLR	L421	S		706.5794	1.0216	-0.0073	100.5355	40.0116	0.8230	0.8255	4.0000	20.1425	815.1370	94.5275	11.2321	24.9743	0.9300	0.9432	0.6138	-0.0019	815.0000	815.4484	1.0256	-2.6098	100.0368	39.7104	0.8230	0.8245	5.0000	-9999.0000	-9999.0000	-9999.0000	-9999.0000	-9999.0000	-9999.0000	21.1025	4	0	25.2840	1.0000	99	9	-9999.0000	31284	12606	-9999	736	727	-9999	482.7099	5	0.5914	0.6138	-0.0019	40.3548	5.7943	740.3174	330.2725	36.6291	669.2258	96.0451	727.6877	95.1484	739.1711	95.0794	749.6315	95.0564	
30/12/2017	00:45:49	019003	H421176860MLR	L421	S		706.5650	1.0216	-0.0073	100.4093	40.0108	0.8230	0.8254	4.0000	20.1727	815.1936	94.4355	13.2519	25.0769	0.9300	0.9433	0.6133	-0.0019	815.0000	817.5474	1.0256	-2.6205	100.0406	39.9589	0.8230	0.8246	5.0000	-9999.0000	-9999.0000	-9999.0000	-9999.0000	-9999.0000	-9999.0000	21.2529	5	0	25.9039	1.0000	99	9	-9999.0000	31285	12607	-9999	737	728	-9999	479.6087	5	0.5915	0.6133	-0.0019	50.1083	4.9768	724.7075	349.0606	39.5493	653.9003	95.8152	709.4499	95.5163	723.4761	95.3553	734.3113	95.0564	
30/12/2017	00:46:14	019003	H421176887MLR	L421	S		707.8857	1.0216	-0.0145	100.5665	40.0108	0.8230	0.8254	4.0000	20.1522	815.1153	94.5735	11.3717	24.9743	0.9300	0.9433	0.6133	-0.0019	815.0000	814.2175	1.0256	-2.6035	100.0203	39.7635	0.8230	0.8238	5.0000	-9999.0000	-9999.0000	-9999.0000	-9999.0000	-9999.0000	-9999.0000	23.0432	6	0	25.2635	1.0000	99	9	-9999.0000	31286	12608	-9999	738	729	-9999	482.4679	5	0.5915	0.6133	-0.0019	50.1083	4.9768	737.9875	358.3921	39.2044	669.1144	95.7002	723.0235	95.2403	736.7749	95.0564	747.5310	95.0104	
30/12/2017	00:46:39	019003	H421176889MLR	L421	S		709.5283	1.0216	-0.0236	100.0178	40.0011	0.8230	0.8253	4.0000	20.1729	815.1307	94.8034	10.9908	25.0769	0.9300	0.9433	0.6138	-0.0019	815.0000	813.7343	1.0256	-2.6010	100.0266	39.6770	0.8230	0.8242	5.0000	-9999.0000	-9999.0000	-9999.0000	-9999.0000	-9999.0000	-9999.0000	21.2627	7	0	25.3034	1.0000	99	9	-9999.0000	31287	12609	-9999	739	730	-9999	483.0820	5	0.5915	0.6138	-0.0019	50.5208	4.9420	741.3905	323.1296	36.9970	670.4772	95.9991	726.6501	95.0564	740.1897	94.9414	749.9606	94.9414	
30/12/2017	00:47:04	019003	H421176896MLR	L421	S		705.1895	1.0216	0.0000	100.4145	40.0116	0.8230	0.8254	4.0000	20.1825	815.1525	94.5505	11.9714	24.9743	0.9300	0.9433	0.6046	-0.0011	815.0000	814.5286	1.0256	-2.6051	100.0442	39.8735	0.8230	0.8245	5.0000	-9999.0000	-9999.0000	-9999.0000	-9999.0000	-9999.0000	-9999.0000	21.0332	8	0	25.2838	1.0000	99	9	-9999.0000	31288	12610	-9999	740	731	-9999	481.9701	5	0.5918	0.6046	-0.0011	63.6264	3.7878	741.7130	353.6455	38.4916	673.8502	95.9301	727.6310	95.3553	740.6591	95.2633	749.8829	95.1254	
30/12/2017	00:47:30	019003	H421176877MLR	L421	S		708.8191	1.0216	-0.0197	100.0384	40.0067	0.8230	0.8253	4.0000	20.1924	815.1980	94.6885	11.3219	24.9743	0.9300	0.9433	0.6219	-0.0027	815.0000	814.5684	1.0256	-2.6053	100.0345	39.8838	0.8230	0.8242	5.0000	-9999.0000	-9999.0000	-9999.0000	-9999.0000	-9999.0000	-9999.0000	21.2832	1	0	25.3336	1.0000	99	9	-9999.0000	31288	12611	-9999	741	732	-9999	482.5695	5	0.5909	0.6219	-0.0027	79.9835	2.3415	734.9503	335.9736	36.8361	661.6434	95.9761	720.4875	95.0334	734.2129	95.0104	743.7587	95.0334	
30/12/2017	00:47:55	019003	H421178828MLR	L421	S		711.8420	1.0216	-0.0363	99.9897	39.9909	0.8230	0.8253	4.0000	20.1727	815.1994	94.5045	10.8912	25.0769	0.9300	0.9433	0.6232	-0.0028	815.0000	816.8137	1.0256	-2.6167	100.0339	39.7429	0.8230	0.8241	5.0000	-9999.0000	-9999.0000	-9999.0000	-9999.0000	-9999.0000	-9999.0000	20.9726	2	0	25.2936	1.0000	99	9	-9999.0000	31289	12612	-9999	742	733	-9999	483.7053	5	0.5911	0.6232	-0.0028	78.9168	2.4197	737.9444	319.0363	37.0200	662.8406	95.9991	720.3316	95.3783	736.5498	95.2403	747.7268	95.0564	
30/12/2017	00:48:20	019003	H421176857MLR	L421	S		702.8861	1.0216	0.0000	99.9557	39.9830	0.8230	0.8251	4.0000	21.1425	815.1432	94.5275	12.4422	25.0769	0.9300	0.9433	0.6278	-0.0031	815.0000	813.9362	1.0256	-2.6020	100.0347	39.8024	0.8230	0.8244	5.0000	-9999.0000	-9999.0000	-9999.0000	-9999.0000	-9999.0000	-9999.0000	21.3330	3	0	25.2936	1.0000	99	9	-9999.0000	31290	12613	-9999	743	734	-9999	480.3823	5	0.5914	0.6278	-0.0031	77.8573	2.5104	721.6006	334.1874	38.5606	652.3822	95.7232	705.1819	95.2173	720.4895	95.1484	729.5551	94.9414	
30/12/2017	00:48:46	019003	H421176892MLR	L421	S		703.7149	1.0216	0.0000	100.0600	40.0085	0.8230	0.8254	4.0000	20.1631	815.1418	94.5965	11.9216	25.0769	0.9300	0.9433	0.6252	-0.0029	815.0000	814.8350	1.0256	-2.6066	100.0481	39.9034	0.8230	0.8244	5.0000	-9999.0000	-9999.0000	-9999.0000	-9999.0000	-9999.0000	-9999.0000	20.9227	4	0	25.2731	1.0000	99	9	-9999.0000	31291	12614	-9999	744	735	-9999	481.7422	5	0.5913	0.6252	-0.0029	79.8536	2.3883	726.4901	349.2372	39.6643	655.1652	95.5852	709.3013	95.1484	725.4721	95.0104	735.3377	94.9644	
30/12/2017	00:49:11	019003	H421176858MLR	L421	S		708.5593	1.0216	-0.0183	100.4937	40.0149	0.8230	0.8254	4.0000	20.1931	815.1222	94.5275	11.7614	25.0769	0.9300	0.9433	0.6271	-0.0030	815.0000	815.8454	1.0256	-2.6118	100.0736	39.8050	0.8230	0.8242	5.0000	-9999.0000	-9999.0000	-9999.0000	-9999.0000	-9999.0000	-9999.0000	20.9228	5	0	25.2937	1.0000	99	9	-9999.0000	31292	12615	-9999	745	736	-9999	482.1236	5	0.5914	0.6271	-0.0030	46.3975	5.2576	726.6272	317.7323	37.1350	651.7198	95.8612	711.4760	94.8494	725.1558	94.7575	737.1560	94.9874	
30/12/2017	00:49:36	019003	H421176876MLR	L421	S		704.6330	1.0216	0.0000	100.0321	40.0037	0.8230	0.8253	4.0000	20.1534	815.1366	94.4585	11.9616	25.0769	0.9300	0.9433	0.6063	-0.0012	815.0000	814.5785	1.0256	-2.6053	100.0087	39.7860	0.8230	0.8243	5.0000	-9999.0000	-9999.0000	-9999.0000	-9999.0000	-9999.0000	-9999.0000	20.9033	6	0	25.2731	1.0000	99	9	-9999.0000	31293	12616	-9999	746	737	-9999	482.4781	5	0.5925	0.6063	-0.0012	54.4059	4.5702	741.2114	358.7326	38.4686	674.1727	95.8842	726.1721	95.3323	739.9488	95.2173	748.8765	94.9414	
30/12/2017	00:50:01	019003	H421176875MLR	L421	S		710.3820	1.0216	-0.0283	100.1083	39.9978	0.8230	0.8254	4.0000	20.1726	815.1625	94.4355	12.3924	25.0769	0.9300	0.9432	0.6110	-0.0016	815.0000	814.0869	1.0256	-2.6028	100.0039	39.8519	0.8230	0.8243	5.0000	-9999.0000	-9999.0000	-9999.0000	-9999.0000	-9999.0000	-9999.0000	21.3231	7	0	25.2839	1.0000	99	9	-9999.0000	31294	12617	-9999	746	738	-9999	481.5542	5	0.5920	0.6110	-0.0016	55.8473	4.4427	731.9869	325.3336	36.6061	667.4997	95.9531	721.7052	95.2863	731.1098	95.0104	742.7615	94.9874	
30/12/2017	00:50:27	019003	H421176948MLR	L421	S		708.0080	1.0216	-0.0152	100.0358	40.0131	0.8230	0.8253	4.0000	20.1825	815.0755	94.2516	11.7722	24.9743	0.9300	0.9432	0.6066	-0.0013	815.0000	815.6304	1.0256	-2.6107	100.0294	39.8491	0.8230	0.8243	5.0000	-9999.0000	-9999.0000	-9999.0000	-9999.0000	-9999.0000	-9999.0000	20.6923	8	0	25.2937	1.0000	99	9	-9999.0000	31295	12618	-9999	747	739	-9999	482.1638	5	0.5915	0.6066	-0.0013	59.3598	4.1558	743.3833	331.4291	37.8478	672.0784	95.9071	729.0971	95.3323	742.1282	95.1484	751.3941	95.0334	
30/12/2017	00:50:52	019003	H421176920MLR	L421	S		708.4215	1.0216	-0.0175	100.0303	40.0177	0.8230	0.8253	4.0000	20.1532	815.0917	94.5735	11.6315	24.9743	0.9300	0.9431	0.6080	-0.0014	815.0000	814.9270	1.0256	-2.6071	100.0762	39.8116	0.8230	0.8242	5.0000	-9999.0000	-9999.0000	-9999.0000	-9999.0000	-9999.0000	-9999.0000	20.9322	1	0	25.2534	1.0000	99	9	-9999.0000	31296	12619	-9999	748	740	-9999	482.1539	5	0.5914	0.6080	-0.0014	57.2850	4.3387	740.7210	326.4300	34.9736	668.9310	96.1141	726.4741	95.0334	739.4069	94.8724	750.1354	95.0794	
30/12/2017	00:51:17	019003	H421176941MLR	L421	S		708.8112	1.0216	-0.0196	100.2819	40.0052	0.8230	0.8254	4.0000	20.1836	815.1357	94.1826	11.9616	24.9743	0.9300	0.9431	0.6057	-0.0012	815.0000	816.7827	1.0256	-2.6166	100.0942	39.8347	0.8230	0.8244	5.0000	-9999.0000	-9999.0000	-9999.0000	-9999.0000	-9999.0000	-9999.0000	21.0125	2	0	25.2537	1.0000	99	9	-9999.0000	31297	12620	-9999	749	741	-9999	481.7342	5	0.5914	0.6057	-0.0012	59.3822	4.1900	744.3153	355.3821	39.4344	676.6310	95.7002	729.6090	95.0564	743.0547	94.7805	751.1703	95.1254	
30/12/2017	00:51:43	019003	H421176863MLR	L421	S		707.9953	1.0216	-0.0151	100.0561	40.0159	0.8230	0.8254	4.0000	20.2128	815.1044	94.4126	11.8611	24.9743	0.9300	0.9432	0.6012	-0.0008	815.0000	815.2954	1.0256	-2.6090	100.0697	39.8539	0.8230	0.8243	5.0000	-9999.0000	-9999.0000	-9999.0000	-9999.0000	-9999.0000	-9999.0000	20.9327	3	0	25.3433	1.0000	99	9	-9999.0000	31298	12621	-9999	750	742	-9999	482.1582	5	0.5912	0.6012	-0.0008	131.9684	-1.9231	744.9905	361.3553	37.1580	678.3573	95.9991	731.5337	95.0104	744.2060	94.7575	752.8323	94.8264	
30/12/2017	00:52:08	019003	H421176883MLR	L421	S		706.5733	1.0216	-0.0073	100.0278	40.0044	0.8230	0.8254	4.0000	20.1924	815.1334	94.5505	11.6110	24.9743	0.9300	0.9432	0.6012	-0.0008	815.0000	814.9332	1.0256	-2.6071	100.0684	39.8301	0.8230	0.8243	5.0000	-9999.0000	-9999.0000	-9999.0000	-9999.0000	-9999.0000	-9999.0000	20.9424	4	0	25.3239	1.0000	99	9	-9999.0000	31299	12622	-9999	751	743	-9999	482.3616	5	0.5914	0.6012	-0.0008	185.1910	-6.4567	745.3266	366.0320	38.5376	678.5104	95.7462	732.6433	94.8494	744.1399	94.7115	753.8843	94.8954	
30/12/2017	00:52:34	019003	H421176928MLR	L421	S		708.3587	1.0216	-0.0171	100.0811	40.0085	0.8230	0.8254	4.0000	20.1726	815.0866	94.5965	11.1412	24.9743	0.9300	0.9432	0.6012	-0.0008	815.0000	814.8840	1.0256	-2.6069	100.0273	39.7824	0.8230	0.8242	5.0000	-9999.0000	-9999.0000	-9999.0000	-9999.0000	-9999.0000	-9999.0000	22.0720	5	0	25.5632	1.0000	99	9	-9999.0000	31300	12623	-9999	752	744	-9999	482.6366	5	0.5915	0.6012	-0.0008	150.8490	-3.6847	749.2488	366.7333	39.8483	686.2235	95.6082	736.2962	94.9414	747.8262	94.8264	758.1646	94.9644	
30/12/2017	00:52:59	019003	H421176946MLR	L421	S		710.5244	1.0216	-0.0291	100.5245	40.0205	0.8230	0.8254	4.0000	20.1727	815.1000	94.6425	10.3315	24.9743	0.9300	0.9431	0.5909	0.0000	815.0000	812.4509	1.0256	-2.5944	100.0237	39.8162	0.8230	0.8242	5.0000	-9999.0000	-9999.0000	-9999.0000	-9999.0000	-9999.0000	-9999.0000	22.6036	6	0	25.3141	1.0000	99	9	-9999.0000	31301	12624	-9999	753	745	-9999	482.0751	5	0.5913	0.5909	0.0000	154.6495	-3.9765	764.0900	368.9445	38.9055	699.5097	95.7232	749.5723	95.3323	762.7480	95.2633	770.9517	95.1484	
30/12/2017	00:53:24	019003	H421176936MLR	L421	S		706.8155	1.0216	-0.0086	99.9336	40.0165	0.8230	0.8253	4.0000	20.1922	815.1045	94.3436	11.5817	24.9743	0.9300	0.9432	0.5915	-0.0000	815.0000	815.0646	1.0256	-2.6078	100.0376	39.8263	0.8230	0.8241	5.0000	-9999.0000	-9999.0000	-9999.0000	-9999.0000	-9999.0000	-9999.0000	22.2823	7	0	25.3132	1.0000	99	9	-9999.0000	31302	12625	-9999	754	746	-9999	482.0405	5	0.5911	0.5915	-0.0000	158.6626	-4.3629	755.4751	352.0140	38.2617	688.9754	95.9301	742.0298	95.2403	754.3452	95.1484	762.5506	95.0564	
30/12/2017	00:53:49	019003	H421176908MLR	L421	S		711.2812	1.0216	-0.0333	100.5886	40.0252	0.8230	0.8254	4.0000	20.1923	815.2070	94.5045	11.0318	24.9743	0.9300	0.9432	0.6576	-0.0057	815.0000	817.6455	1.0256	-2.6210	100.0511	39.7934	0.8230	0.8241	5.0000	-9999.0000	-9999.0000	-9999.0000	-9999.0000	-9999.0000	-9999.0000	22.3332	8	0	25.2536	1.0000	99	9	-9999.0000	31303	12626	-9999	755	747	-9999	485.3141	5	0.5912	0.6576	-0.0057	95.3311	1.0366	711.4043	329.9778	38.3767	635.3392	95.8152	692.3051	95.1713	709.6642	94.9644	723.6486	95.0564	
30/12/2017	00:54:40	019003	H421179834MLR	L421	S		708.5478	1.0216	-0.0182	100.0283	39.9939	0.8230	0.8255	4.0000	20.1835	815.1173	94.4585	11.6315	25.1795	0.9300	0.9434	0.6103	-0.0016	815.0000	814.9699	1.0256	-2.6073	100.0289	39.7082	0.8230	0.8239	5.0000	-9999.0000	-9999.0000	-9999.0000	-9999.0000	-9999.0000	-9999.0000	21.4531	2	0	25.2633	1.0000	99	9	-9999.0000	31305	12627	-9999	757	748	-9999	482.1731	5	0.5917	0.6103	-0.0016	65.7352	3.5758	739.8394	289.1160	38.3537	668.1992	95.9071	725.5340	95.0564	738.4557	94.9414	748.6725	94.9644	
30/12/2017	00:55:05	019003	H421176902MLR	L421	S		707.8361	1.0216	-0.0143	100.5959	40.0533	0.8230	0.8255	4.0000	20.1521	815.1028	94.3896	12.0818	24.9743	0.9300	0.9432	0.6065	-0.0013	815.0000	816.5514	1.0256	-2.6154	100.0296	39.6445	0.8230	0.8245	5.0000	-9999.0000	-9999.0000	-9999.0000	-9999.0000	-9999.0000	-9999.0000	21.1034	3	0	25.2633	1.0000	99	9	-9999.0000	31306	12628	-9999	758	749	-9999	481.9096	5	0.5921	0.6065	-0.0013	60.4807	4.0689	744.6033	359.4113	39.8253	675.0770	96.2521	730.2876	95.1943	743.4310	94.9644	750.4333	95.0104	
30/12/2017	00:55:30	019003	H421176913MLR	L421	S		712.2583	1.0216	-0.0386	100.0257	40.0182	0.8230	0.8253	4.0000	20.2128	815.1224	94.5505	11.1608	24.9743	0.9300	0.9433	0.6082	-0.0014	815.0000	817.5309	1.0256	-2.6204	100.0315	40.0451	0.8230	0.8248	5.0000	-9999.0000	-9999.0000	-9999.0000	-9999.0000	-9999.0000	-9999.0000	20.9131	4	0	25.3337	1.0000	99	9	-9999.0000	31307	12629	-9999	759	750	-9999	482.9846	5	0.5925	0.6082	-0.0014	51.4845	4.9192	748.1075	346.6762	37.8478	677.0975	95.9301	733.3537	95.2863	747.0288	94.9184	755.6927	94.8494	
30/12/2017	00:55:56	019003	H421176910MLR	L421	S		705.2105	1.0216	0.0000	99.9986	39.9766	0.8230	0.8253	4.0000	20.1924	815.0859	94.4126	11.8210	24.9743	0.9300	0.9433	0.6082	-0.0014	815.0000	815.3517	1.0256	-2.6093	100.0300	39.9423	0.8230	0.8241	5.0000	-9999.0000	-9999.0000	-9999.0000	-9999.0000	-9999.0000	-9999.0000	20.8524	5	0	25.2437	1.0000	99	9	-9999.0000	31308	12630	-9999	760	751	-9999	482.1777	5	0.5925	0.6082	-0.0014	51.4845	4.9192	741.4504	326.0838	38.3537	666.9846	95.9531	727.4632	95.3323	740.3552	95.3093	749.3499	95.0794	
30/12/2017	00:56:21	019003	H421176867MLR	L421	S		703.4850	1.0216	0.0000	99.9778	40.0223	0.8230	0.8254	4.0000	20.1823	815.1114	94.3436	12.4412	24.9743	0.9300	0.9433	0.6089	-0.0015	815.0000	815.5843	1.0256	-2.6105	100.0260	39.6685	0.8230	0.8241	5.0000	-9999.0000	-9999.0000	-9999.0000	-9999.0000	-9999.0000	-9999.0000	20.9129	6	0	25.2537	1.0000	99	9	-9999.0000	31309	12631	-9999	761	752	-9999	481.3454	5	0.5924	0.6089	-0.0015	56.4409	4.4589	736.9115	356.6118	37.1580	669.0197	96.0451	721.3782	95.1943	735.4292	95.1713	744.8731	95.1024	
30/12/2017	00:56:46	019003	H421179838MLR	L421	S		708.4831	1.0216	-0.0178	99.9951	40.0136	0.8230	0.8251	4.0000	20.9738	815.1266	94.3206	11.7614	25.0769	0.9300	0.9434	0.6290	-0.0032	815.0000	815.8990	1.0256	-2.6121	100.0246	39.8144	0.8230	0.8246	5.0000	-9999.0000	-9999.0000	-9999.0000	-9999.0000	-9999.0000	-9999.0000	20.9921	7	0	25.2838	1.0000	99	9	-9999.0000	31310	12632	-9999	762	753	-9999	482.0184	5	0.5920	0.6290	-0.0032	64.6280	3.6802	725.1526	340.9299	37.5949	657.2144	95.8382	711.0191	95.1024	723.9697	94.9184	735.3995	94.9184	
30/12/2017	00:57:13	019003	H421179828MLR	L421	S		706.6586	1.0216	-0.0078	99.9226	40.0024	0.8230	0.8253	4.0000	20.1826	815.1707	94.3206	12.7821	25.0769	0.9300	0.9434	0.6290	-0.0032	815.0000	817.7478	1.0256	-2.6215	100.0144	39.9790	0.8230	0.8244	5.0000	-9999.0000	-9999.0000	-9999.0000	-9999.0000	-9999.0000	-9999.0000	21.0927	8	0	26.9735	1.0000	99	9	-9999.0000	31311	12633	-9999	763	754	-9999	479.3454	5	0.5915	0.6290	-0.0032	75.5295	2.7377	720.7666	344.3284	39.2734	652.9925	95.8152	704.7305	95.3093	719.6093	95.2173	731.0664	95.0104	
30/12/2017	00:57:38	019003	H421178809MLR	L421	S		465.1397	1.0216	0.0000	100.0150	39.9487	0.8230	0.8258	4.0000	19.9823	0.0000	0.0000	0.0000	0.0000	0.9300	0.0000	0.0000	0.0000	0.0000	463.9566	1.0256	-1.3597	100.0030	39.6401	0.8230	0.8247	5.0000	-9999.0000	-9999.0000	-9999.0000	-9999.0000	-9999.0000	-9999.0000	24.1732	1	7	25.3141	1.0000	99	9	-9999.0000	31312	0	-9999	764	755	-9999	0.0000	0	0.0000	0.0000	0.0000	0.0000	0.0000	0.0000	0.0000	0.0000	0.0000	0.0000	0.0000	0.0000	0.0000	0.0000	0.0000	0.0000	
30/12/2017	00:58:04	019003	H421179827MLR	L421	S		707.2961	1.0216	-0.0113	100.0336	40.0093	0.8230	0.8254	4.0000	20.1813	815.0901	94.5735	11.0309	25.0769	0.9300	0.9432	0.6002	-0.0008	815.0000	811.8959	1.0256	-2.5916	100.0414	39.8230	0.8230	0.8247	5.0000	-9999.0000	-9999.0000	-9999.0000	-9999.0000	-9999.0000	-9999.0000	20.9022	2	0	25.2332	1.0000	99	9	-9999.0000	31313	12634	-9999	764	756	-9999	482.1839	5	0.5908	0.6002	-0.0008	46.6946	5.2277	750.3124	329.5004	37.3419	686.4036	95.8382	735.3928	95.2173	749.0509	94.9874	757.8122	95.1024	
30/12/2017	00:58:29	019003	H421179826MLR	L421	S		712.1116	1.0216	-0.0378	100.0929	40.0674	0.8230	0.8254	4.0000	20.2019	815.1082	94.3666	11.8923	24.9743	0.9300	0.9430	0.5977	-0.0006	815.0000	816.1341	1.0256	-2.6133	100.0316	39.9934	0.8230	0.8244	5.0000	-9999.0000	-9999.0000	-9999.0000	-9999.0000	-9999.0000	-9999.0000	21.1826	3	0	25.3931	1.0000	99	9	-9999.0000	31314	12635	-9999	765	757	-9999	481.4841	5	0.5907	0.5977	-0.0006	48.9701	5.0406	751.2127	338.5831	38.7905	686.6933	95.8612	738.3775	95.1943	749.9584	94.8954	757.8042	94.9644	
30/12/2017	00:58:54	019003	H421179825MLR	L421	S		711.5143	1.0216	-0.0345	99.9584	40.0190	0.8230	0.8253	4.0000	20.1921	815.1755	94.1596	11.7614	24.9743	0.9300	0.9433	0.6184	-0.0024	815.0000	813.9238	1.0256	-2.6020	100.0423	39.8086	0.8230	0.8241	5.0000	-9999.0000	-9999.0000	-9999.0000	-9999.0000	-9999.0000	-9999.0000	20.9323	4	0	25.2838	1.0000	99	9	-9999.0000	31315	12636	-9999	766	758	-9999	481.4944	5	0.5899	0.6184	-0.0024	60.7696	4.0395	735.5400	353.1961	38.6986	665.7295	95.8842	720.7800	95.4013	733.9552	95.3553	745.0932	95.1484	
30/12/2017	00:59:20	019003	H421179824MLR	L421	S		707.1784	1.0216	-0.0106	100.0267	39.9737	0.8230	0.8253	4.0000	20.2029	815.1205	94.3436	12.4910	25.0769	0.9300	0.9434	0.6184	-0.0024	815.0000	817.4242	1.0256	-2.6199	100.0462	39.7609	0.8230	0.8243	5.0000	-9999.0000	-9999.0000	-9999.0000	-9999.0000	-9999.0000	-9999.0000	20.9227	5	0	25.2936	1.0000	99	9	-9999.0000	31316	12637	-9999	767	759	-9999	479.9818	5	0.5899	0.6184	-0.0024	60.7696	4.0395	734.1477	321.4149	36.9970	659.3377	96.2061	717.5812	95.3553	732.8784	95.2863	743.1401	95.0334	
30/12/2017	00:59:45	019003	H421179818MLR	L421	S		706.6096	1.0216	-0.0075	99.9640	40.0364	0.8230	0.8254	4.0000	20.2021	815.2780	94.4355	11.8513	24.9743	0.9300	0.9433	0.6361	-0.0038	815.0000	814.6167	1.0256	-2.6055	100.0338	39.9236	0.8230	0.8244	5.0000	-9999.0000	-9999.0000	-9999.0000	-9999.0000	-9999.0000	-9999.0000	21.3428	6	0	25.2437	1.0000	99	9	-9999.0000	31317	12638	-9999	768	760	-9999	481.8892	5	0.5905	0.6361	-0.0038	59.3771	4.1538	718.1221	338.3137	38.5146	650.3749	95.7692	703.8929	95.1943	716.9681	94.9644	729.0435	95.1024	
30/12/2017	01:00:10	019003	H421179808MLR	L421	S		702.8742	1.0216	0.0000	99.9678	40.0402	0.8230	0.8253	4.0000	20.1825	815.2113	94.3206	12.3123	24.9743	0.9300	0.9432	0.6426	-0.0044	815.0000	813.3313	1.0256	-2.5989	100.0399	39.8743	0.8230	0.8242	5.0000	-9999.0000	-9999.0000	-9999.0000	-9999.0000	-9999.0000	-9999.0000	20.9629	7	0	25.3435	1.0000	99	9	-9999.0000	31317	12639	-9999	769	761	-9999	479.6552	5	0.5902	0.6426	-0.0044	57.4487	4.2456	710.2023	341.1597	39.0895	639.7746	95.9301	692.3704	95.1943	708.1953	95.1024	721.3869	95.0334	
30/12/2017	01:00:36	019003	H421179814MLR	L421	S		708.0906	1.0216	-0.0157	99.9590	40.0131	0.8230	0.8253	4.0000	20.2626	815.2490	94.3666	11.4213	25.0769	0.9300	0.9432	0.6426	-0.0044	815.0000	814.7120	1.0256	-2.6060	100.0460	39.7677	0.8230	0.8242	5.0000	-9999.0000	-9999.0000	-9999.0000	-9999.0000	-9999.0000	-9999.0000	21.2130	8	0	25.2537	1.0000	99	9	-9999.0000	31318	12640	-9999	770	762	-9999	482.8900	5	0.5905	0.6426	-0.0044	61.9440	3.7170	717.0207	346.8929	39.3194	647.1544	95.7462	699.6111	95.2863	715.4570	95.0334	728.5335	94.9874	
30/12/2017	01:01:01	019003	H421179798MLR	L421	S		708.0562	1.0216	-0.0155	100.0136	40.0131	0.8230	0.8254	4.0000	20.2029	815.1728	94.4815	11.6823	25.0769	0.9300	0.9433	0.6431	-0.0045	815.0000	815.2241	1.0256	-2.6086	100.0458	39.8561	0.8230	0.8245	5.0000	-9999.0000	-9999.0000	-9999.0000	-9999.0000	-9999.0000	-9999.0000	20.9130	1	0	25.2935	1.0000	99	9	-9999.0000	31319	12641	-9999	771	763	-9999	481.8116	5	0.5898	0.6431	-0.0045	50.0578	4.6996	714.6826	332.4975	36.6981	642.7384	95.5852	697.1691	94.9874	713.0445	94.8264	725.7748	94.8264	
30/12/2017	01:01:26	019003	H421178897MLR	L421	S		682.0651	1.0216	0.0000	100.2593	40.0423	0.8230	0.8255	4.0000	20.1727	815.1804	94.4815	12.6825	24.9743	0.9300	0.9432	0.6454	-0.0046	815.0000	812.0310	1.0256	-2.5923	100.0265	39.9046	0.8230	0.8243	5.0000	-9999.0000	-9999.0000	-9999.0000	-9999.0000	-9999.0000	-9999.0000	21.3526	2	0	25.3130	1.0000	99	9	-9999.0000	31320	12642	-9999	772	764	-9999	478.4568	5	0.5908	0.6454	-0.0046	61.8773	3.8795	701.1510	340.7859	38.0777	619.0379	96.2521	679.3173	95.5622	699.2895	95.4013	713.6635	95.1943	
30/12/2017	01:01:51	019003	H421178908MLR	L421	S		710.3178	1.0216	-0.0279	100.1044	40.0290	0.8230	0.8253	4.0000	20.1921	815.2218	94.4126	12.2019	24.9743	0.9300	0.9431	0.6507	-0.0050	815.0000	813.3395	1.0256	-2.5990	100.0384	39.8273	0.8230	0.8242	5.0000	-9999.0000	-9999.0000	-9999.0000	-9999.0000	-9999.0000	-9999.0000	20.9131	3	0	25.2839	1.0000	99	9	-9999.0000	31321	12643	-9999	773	765	-9999	480.5096	5	0.5900	0.6507	-0.0050	-37.6669	11.9271	703.3380	329.8145	39.4344	632.2412	95.5622	685.8386	95.1254	701.6913	94.9414	714.6417	94.9874	
30/12/2017	01:02:17	019003	H421178918MLR	L421	S		708.0468	1.0216	-0.0154	100.0248	40.0218	0.8230	0.8253	4.0000	20.2030	815.1875	94.3436	12.4012	25.0769	0.9300	0.9433	0.6463	-0.0047	815.0000	812.6500	1.0256	-2.5955	100.0452	39.8317	0.8230	0.8244	5.0000	-9999.0000	-9999.0000	-9999.0000	-9999.0000	-9999.0000	-9999.0000	20.9530	4	0	25.2838	1.0000	99	9	-9999.0000	31322	12644	-9999	774	766	-9999	479.8814	5	0.5906	0.6463	-0.0047	64.0840	3.7212	706.0727	318.8749	37.1810	634.2179	96.1371	688.8787	95.2173	704.4925	95.0104	716.9722	95.1254	
30/12/2017	01:02:42	019003	H421178937MLR	L421	S		705.7698	1.0216	-0.0029	99.9672	40.0244	0.8230	0.8254	4.0000	20.1957	815.1456	94.2976	12.5819	25.0769	0.9300	0.9434	0.6429	-0.0044	815.0000	812.4832	1.0256	-2.5946	100.0196	39.8870	0.8230	0.8244	5.0000	-9999.0000	-9999.0000	-9999.0000	-9999.0000	-9999.0000	-9999.0000	20.8925	5	0	25.2634	1.0000	99	9	-9999.0000	31323	12645	-9999	775	767	-9999	479.1824	5	0.5905	0.6429	-0.0044	62.2195	3.8714	707.2735	321.1678	38.3537	635.3028	96.0221	690.0339	95.3553	705.7475	95.2403	717.7262	95.1484	
30/12/2017	01:03:07	019003	H421178902MLR	L421	S		706.7197	1.0216	-0.0081	100.0491	40.0157	0.8230	0.8252	4.0000	20.8623	815.1824	94.2746	12.7821	25.0769	0.9300	0.9433	0.6240	-0.0028	815.0000	813.5420	1.0256	-2.6000	100.0132	39.8607	0.8230	0.8243	5.0000	-9999.0000	-9999.0000	-9999.0000	-9999.0000	-9999.0000	-9999.0000	20.8134	6	0	25.2632	1.0000	99	9	-9999.0000	31324	12646	-9999	776	768	-9999	480.0450	5	0.5909	0.6240	-0.0028	-80.2323	16.0591	720.0184	351.0558	38.8825	653.0530	95.7922	705.8299	95.2173	718.8356	95.0794	730.3500	95.0564	
30/12/2017	01:03:33	019003	H421178890MLR	L421	S		711.5328	1.0216	-0.0346	100.1832	40.0359	0.8230	0.8254	4.0000	20.2490	815.1040	94.2286	12.3816	24.9743	0.9300	0.9433	0.6210	-0.0025	815.0000	815.5276	1.0256	-2.6102	100.0202	39.8391	0.8230	0.8243	5.0000	-9999.0000	-9999.0000	-9999.0000	-9999.0000	-9999.0000	-9999.0000	20.8425	7	0	25.8542	1.0000	99	9	-9999.0000	31325	12647	-9999	777	769	-9999	480.8897	5	0.5907	0.6210	-0.0025	98.3188	0.7171	727.3728	354.1261	38.4226	660.8905	95.8382	713.4951	95.0794	726.0855	95.0104	737.0257	95.0794	
30/12/2017	01:03:58	019003	H421178941MLR	L421	S		710.8176	1.0216	-0.0307	100.6059	40.0390	0.8230	0.8254	4.0000	20.2224	815.0913	94.2746	11.9118	25.0769	0.9300	0.9433	0.6204	-0.0024	815.0000	815.1566	1.0256	-2.6083	100.0405	39.8487	0.8230	0.8243	5.0000	-9999.0000	-9999.0000	-9999.0000	-9999.0000	-9999.0000	-9999.0000	20.8525	8	0	25.2635	1.0000	99	9	-9999.0000	31326	12648	-9999	778	770	-9999	482.1084	5	0.5909	0.6204	-0.0024	-22.1355	10.9456	731.8367	362.2909	38.7446	666.7175	95.8152	716.3850	95.2403	730.6199	95.0794	741.0041	95.0334	
30/12/2017	01:04:24	019003	H421178929MLR	L421	S		706.0228	1.0216	-0.0043	100.3703	40.0313	0.8230	0.8254	4.0000	20.1923	815.0964	94.2516	13.1122	25.0769	0.9300	0.9433	0.6104	-0.0016	815.0000	813.6522	1.0256	-2.6006	100.0684	39.8357	0.8230	0.8242	5.0000	-9999.0000	-9999.0000	-9999.0000	-9999.0000	-9999.0000	-9999.0000	21.8829	1	0	25.2838	1.0000	99	9	-9999.0000	31327	12649	-9999	778	771	-9999	480.1403	5	0.5903	0.6104	-0.0016	-15.1908	9.6791	730.1568	330.1427	36.0313	662.0143	96.2291	716.6785	95.3783	729.0203	95.1484	738.5827	95.1484	
30/12/2017	01:04:49	019003	H421178921MLR	L421	S		706.8959	1.0216	-0.0091	100.0902	40.0308	0.8230	0.8254	4.0000	20.2030	815.1215	94.2516	13.8223	25.0769	0.9300	0.9435	0.6195	-0.0024	815.0000	814.9399	1.0256	-2.6072	100.0286	39.8389	0.8230	0.8243	5.0000	-9999.0000	-9999.0000	-9999.0000	-9999.0000	-9999.0000	-9999.0000	21.3926	2	0	25.2831	1.0000	99	9	-9999.0000	31328	12650	-9999	779	772	-9999	478.5484	5	0.5901	0.6195	-0.0024	17.9797	6.9883	719.6201	364.2455	38.6296	655.2633	95.9991	706.2726	95.3093	718.2626	95.1943	728.4711	95.0794	
30/12/2017	01:05:14	019003	H421178912MLR	L421	S		707.7421	1.0216	-0.0137	99.9848	40.0443	0.8230	0.8254	4.0000	20.1918	815.1075	94.5275	14.7130	25.0769	0.9300	0.9433	0.6059	-0.0013	815.0000	815.8770	1.0256	-2.6120	100.0555	39.8599	0.8230	0.8243	5.0000	-9999.0000	-9999.0000	-9999.0000	-9999.0000	-9999.0000	-9999.0000	20.9530	3	0	25.2740	1.0000	99	9	-9999.0000	31329	12651	-9999	780	773	-9999	478.8694	5	0.5902	0.6059	-0.0013	16.1580	7.1224	725.0686	374.9548	39.5953	671.0024	95.6772	717.7553	94.6195	724.1077	94.3666	731.2056	94.8494	
30/12/2017	01:05:40	019003	H421178931MLR	L421	S		706.8015	1.0216	-0.0086	100.0077	40.0364	0.8230	0.8254	4.0000	20.1924	815.1576	94.5045	13.1913	25.0769	0.9300	0.9433	0.6121	-0.0018	815.0000	813.8006	1.0256	-2.6013	100.0537	39.8754	0.8230	0.8243	5.0000	-9999.0000	-9999.0000	-9999.0000	-9999.0000	-9999.0000	-9999.0000	20.9326	4	0	25.4939	1.0000	99	9	-9999.0000	31330	12652	-9999	781	773	-9999	480.1555	5	0.5903	0.6121	-0.0018	65.4877	3.2071	726.7235	359.7098	37.0660	665.1300	96.1601	715.7095	94.9874	725.7508	94.6885	735.3890	94.8724	
30/12/2017	01:06:05	019003	H421178723MLR	L421	S		702.5403	1.0216	0.0000	100.2012	40.0175	0.8230	0.8254	4.0000	20.2031	815.1602	94.3436	13.6123	25.0769	0.9300	0.9434	0.6019	-0.0009	815.0000	813.8865	1.0256	-2.6018	100.0228	39.8419	0.8230	0.8242	5.0000	-9999.0000	-9999.0000	-9999.0000	-9999.0000	-9999.0000	-9999.0000	21.5234	5	0	25.3131	1.0000	99	9	-9999.0000	31331	12653	-9999	782	774	-9999	480.3891	5	0.5902	0.6019	-0.0009	71.6159	2.7576	734.5084	367.6022	37.1120	669.7771	96.4590	721.0599	95.5622	733.4104	95.4243	742.1582	95.1713	
30/12/2017	01:06:30	019003	H421178873MLR	L421	S		704.9503	1.0216	0.0000	100.1069	40.0303	0.8230	0.8254	4.0000	20.1924	815.1880	94.4585	12.9520	25.0769	0.9300	0.9433	0.6137	-0.0019	815.0000	812.4155	1.0256	-2.5943	100.0460	39.8471	0.8230	0.8243	5.0000	-9999.0000	-9999.0000	-9999.0000	-9999.0000	-9999.0000	-9999.0000	21.0234	6	0	25.2536	1.0000	99	9	-9999.0000	31332	12654	-9999	783	775	-9999	480.5928	5	0.5897	0.6137	-0.0019	77.1559	2.2698	726.3205	359.8954	37.5949	660.2299	96.2291	713.5009	95.4933	725.1137	95.4703	736.0306	95.0334	
30/12/2017	01:06:56	019003	H421178880MLR	L421	S		702.6110	1.0216	0.0000	99.9883	40.0512	0.8230	0.8254	4.0000	20.2029	815.1343	94.4355	14.0020	24.9743	0.9300	0.9431	0.6101	-0.0016	815.0000	813.5845	1.0256	-2.6002	100.0393	39.8671	0.8230	0.8243	5.0000	-9999.0000	-9999.0000	-9999.0000	-9999.0000	-9999.0000	-9999.0000	20.8633	7	0	26.3435	1.0000	99	9	-9999.0000	31333	12655	-9999	784	776	-9999	479.2040	5	0.5891	0.6101	-0.0016	84.8711	1.6345	723.0902	357.5137	39.7793	660.6935	95.9301	709.9281	95.3323	721.7857	95.1713	732.0038	95.0794	
30/12/2017	01:07:22	019003	H421178876MLR	L421	S		700.7814	1.0216	0.0000	100.0169	40.0425	0.8230	0.8253	4.0000	20.1728	815.1132	94.3666	14.4220	24.9743	0.9300	0.9430	0.6125	-0.0017	815.0000	814.0448	1.0256	-2.6026	100.0347	39.8435	0.8230	0.8242	5.0000	-9999.0000	-9999.0000	-9999.0000	-9999.0000	-9999.0000	-9999.0000	21.4824	8	0	25.3239	1.0000	99	9	-9999.0000	31334	12656	-9999	785	777	-9999	478.8665	5	0.5891	0.6125	-0.0017	88.9859	1.3528	719.2267	361.6610	39.6643	654.3234	95.8612	704.8653	95.4013	718.0729	95.2633	726.9451	95.0794	
30/12/2017	01:07:47	019003	H421178860MLR	L421	S		703.7917	1.0216	0.0000	100.0693	40.0216	0.8230	0.8253	4.0000	20.2128	815.1679	94.3666	14.2022	24.9743	0.9300	0.9430	0.6163	-0.0020	815.0000	815.0105	1.0256	-2.6075	100.0280	39.8749	0.8230	0.8243	5.0000	-9999.0000	-9999.0000	-9999.0000	-9999.0000	-9999.0000	-9999.0000	21.0224	1	0	25.3434	1.0000	99	9	-9999.0000	31335	12657	-9999	786	778	-9999	479.3794	5	0.5889	0.6163	-0.0020	100.4111	0.5321	716.4218	361.9464	37.9168	653.4634	95.9531	703.3646	95.2633	715.2965	95.1024	725.0135	95.1024	
30/12/2017	01:08:13	019003	H421178866MLR	L421	S		703.7890	1.0216	0.0000	100.0090	40.0328	0.8230	0.8254	4.0000	20.1835	815.1742	94.4126	13.7920	24.9743	0.9300	0.9431	0.6238	-0.0025	815.0000	815.0550	1.0256	-2.6078	100.0248	39.8395	0.8230	0.8242	5.0000	-9999.0000	-9999.0000	-9999.0000	-9999.0000	-9999.0000	-9999.0000	21.5029	2	0	25.4333	1.0000	99	9	-9999.0000	31336	12658	-9999	787	779	-9999	480.2377	5	0.5892	0.6238	-0.0025	100.2375	0.5433	715.4906	372.4267	39.5034	650.3163	95.9531	700.8473	95.6312	714.2133	95.5163	726.5382	95.1024	
30/12/2017	01:08:38	019003	H421178870MLR	L421	S		701.5564	1.0216	0.0000	99.9832	40.0436	0.8230	0.8254	4.0000	20.2018	815.1592	94.2976	15.2522	24.9743	0.9300	0.9432	0.6230	-0.0024	815.0000	817.5375	1.0256	-2.6204	100.0422	39.8569	0.8230	0.8243	5.0000	-9999.0000	-9999.0000	-9999.0000	-9999.0000	-9999.0000	-9999.0000	20.8730	3	0	25.3942	1.0000	99	9	-9999.0000	31337	12659	-9999	788	780	-9999	477.6389	5	0.5895	0.6230	-0.0024	96.4916	0.9128	708.1720	345.0105	36.7901	643.9358	96.1141	694.5263	95.3553	706.8094	95.2863	717.6779	95.0794	
30/12/2017	01:09:03	019003	H421178850MLR	L421	S		702.4043	1.0216	0.0000	100.0279	40.0466	0.8230	0.8254	4.0000	20.1228	815.2153	94.5965	13.9219	25.0769	0.9300	0.9432	0.6173	-0.0020	815.0000	813.9449	1.0256	-2.6021	100.0366	39.8639	0.8230	0.8243	5.0000	-9999.0000	-9999.0000	-9999.0000	-9999.0000	-9999.0000	-9999.0000	21.0029	4	0	25.2936	1.0000	99	9	-9999.0000	31338	12660	-9999	789	781	-9999	480.4831	5	0.5898	0.6173	-0.0020	53.2833	4.1579	716.4673	357.3661	37.1350	651.9529	95.9071	702.8912	95.0794	715.4095	94.8724	724.9237	94.9414	
30/12/2017	01:09:29	019003	H421178864MLR	L421	S		702.3073	1.0216	0.0000	99.9647	40.0292	0.8230	0.8253	4.0000	20.2029	815.1961	94.5045	13.6816	24.9743	0.9300	0.9432	0.6234	-0.0025	815.0000	813.9574	1.0256	-2.6021	100.0111	39.8407	0.8230	0.8242	5.0000	-9999.0000	-9999.0000	-9999.0000	-9999.0000	-9999.0000	-9999.0000	21.3936	5	0	25.3228	1.0000	99	9	-9999.0000	31339	12661	-9999	790	782	-9999	480.9481	5	0.5894	0.6234	-0.0025	64.0127	3.3812	713.3650	346.7516	38.4456	647.4263	96.0681	699.7197	95.4473	712.2121	95.0564	723.6440	95.0564	
30/12/2017	01:09:54	019003	H421178846MLR	L421	S		702.9798	1.0216	0.0000	100.0588	40.0323	0.8230	0.8254	4.0000	20.1933	815.1803	94.4355	14.3722	24.9743	0.9300	0.9432	0.6223	-0.0024	815.0000	815.4225	1.0256	-2.6096	100.0161	39.8782	0.8230	0.8243	5.0000	-9999.0000	-9999.0000	-9999.0000	-9999.0000	-9999.0000	-9999.0000	20.8935	6	0	25.3337	1.0000	99	9	-9999.0000	31340	12662	-9999	790	783	-9999	479.4623	5	0.5892	0.6223	-0.0024	61.5678	3.5514	710.7433	342.8877	36.3762	647.6704	96.1141	696.9550	95.1484	709.4028	94.8954	718.6555	94.8264	
30/12/2017	01:10:19	019003	H421178853MLR	L421	S		700.8323	1.0216	0.0000	100.0082	40.0512	0.8230	0.8254	4.0000	20.1727	815.2201	94.4126	13.7520	24.9743	0.9300	0.9432	0.6374	-0.0035	815.0000	813.9004	1.0256	-2.6019	100.0149	39.8754	0.8230	0.8243	5.0000	-9999.0000	-9999.0000	-9999.0000	-9999.0000	-9999.0000	-9999.0000	20.8924	7	0	25.3337	1.0000	99	9	-9999.0000	31341	12663	-9999	791	784	-9999	480.9346	5	0.5878	0.6374	-0.0035	60.5474	3.6274	701.9997	347.6641	36.7671	635.3281	96.2061	686.9805	95.2403	700.5866	94.9414	711.8482	94.9874	
30/12/2017	01:10:45	019003	H421179693MLR	L421	S		705.1782	1.0216	0.0000	99.9986	40.0428	0.8230	0.8254	4.0000	20.2225	815.1471	94.4126	13.9717	24.9743	0.9300	0.9432	0.6424	-0.0038	815.0000	816.1369	1.0256	-2.6133	100.0111	39.8194	0.8230	0.8241	5.0000	-9999.0000	-9999.0000	-9999.0000	-9999.0000	-9999.0000	-9999.0000	22.4629	8	0	25.2936	1.0000	99	9	-9999.0000	31342	12664	-9999	792	785	-9999	480.5333	5	0.5881	0.6424	-0.0038	66.0554	3.2730	700.1728	321.6756	37.6179	631.0571	96.0681	684.5066	95.5392	698.7826	95.3553	709.2387	95.0564	
30/12/2017	01:11:10	019003	H421179703MLR	L421	S		703.4802	1.0216	0.0000	100.5646	40.0244	0.8230	0.8254	4.0000	20.1630	815.2445	94.3436	13.7617	24.9743	0.9300	0.9432	0.6460	-0.0041	815.0000	815.9675	1.0256	-2.6124	100.0687	39.8631	0.8230	0.8244	5.0000	-9999.0000	-9999.0000	-9999.0000	-9999.0000	-9999.0000	-9999.0000	20.8222	1	0	25.3336	1.0000	99	9	-9999.0000	31343	12665	-9999	793	786	-9999	481.3125	5	0.5886	0.6460	-0.0041	70.2963	2.9663	698.4818	342.8200	37.0200	628.7770	96.0451	682.1460	95.1713	697.0215	95.0564	708.2850	95.0564	
30/12/2017	01:11:35	019003	H421179697MLR	L421	S		703.4141	1.0216	0.0000	100.5796	40.0512	0.8230	0.8255	4.0000	20.2031	815.1782	94.1826	13.9112	24.9743	0.9300	0.9433	0.6487	-0.0042	815.0000	815.8450	1.0256	-2.6118	100.0336	39.8699	0.8230	0.8242	5.0000	-9999.0000	-9999.0000	-9999.0000	-9999.0000	-9999.0000	-9999.0000	21.4202	2	0	25.2936	1.0000	99	9	-9999.0000	31344	12666	-9999	794	787	-9999	481.0156	5	0.5886	0.6487	-0.0042	70.8144	2.9394	695.3251	341.3804	39.2044	625.3192	95.8612	678.7831	95.3553	693.7814	95.3093	706.1874	95.1024	
30/12/2017	01:12:01	019003	H421179707MLR	L421	S		706.7025	1.0216	-0.0080	100.0127	40.0512	0.8230	0.8253	4.0000	20.1824	815.1418	94.2746	13.5517	24.9743	0.9300	0.9433	0.6511	-0.0044	815.0000	816.1752	1.0256	-2.6135	100.0170	39.8485	0.8230	0.8242	5.0000	-9999.0000	-9999.0000	-9999.0000	-9999.0000	-9999.0000	-9999.0000	21.0029	3	0	25.4041	1.0000	99	9	-9999.0000	31345	12667	-9999	795	788	-9999	482.4396	5	0.5889	0.6511	-0.0044	78.2377	2.4427	695.2589	311.6482	37.1580	625.3413	95.8152	680.3695	95.0334	693.8297	94.9184	706.0871	95.0794	
30/12/2017	01:12:27	019003	H421179733MLR	L421	S		702.8179	1.0216	0.0000	100.5828	40.0415	0.8230	0.8254	4.0000	20.1825	815.2919	94.3896	13.9219	24.9743	0.9300	0.9432	0.6518	-0.0044	815.0000	816.3303	1.0256	-2.6143	100.0817	39.8391	0.8230	0.8242	5.0000	-9999.0000	-9999.0000	-9999.0000	-9999.0000	-9999.0000	-9999.0000	21.9122	4	0	25.9938	1.0000	99	9	-9999.0000	31346	12668	-9999	796	789	-9999	481.1211	5	0.5898	0.6518	-0.0044	108.1883	0.2671	692.7444	336.5844	37.7788	620.3567	96.1371	676.2243	95.6082	691.2241	95.4013	703.4512	95.1024	
30/12/2017	01:12:52	019003	H421179713MLR	L421	S		703.8454	1.0216	0.0000	100.5991	40.0313	0.8230	0.8254	4.0000	20.1923	815.1734	94.3436	13.9024	24.9743	0.9300	0.9432	0.6482	-0.0042	815.0000	816.7822	1.0256	-2.6166	100.0803	39.8186	0.8230	0.8241	5.0000	-9999.0000	-9999.0000	-9999.0000	-9999.0000	-9999.0000	-9999.0000	23.1233	5	0	25.3327	1.0000	99	9	-9999.0000	31347	12669	-9999	797	790	-9999	480.8183	5	0.5897	0.6482	-0.0042	112.3444	-0.0150	695.7105	335.6664	38.8135	625.8472	95.8612	678.8827	95.1254	694.1833	95.0104	705.4450	95.0564	
30/12/2017	01:13:17	019003	H421179717MLR	L421	S		705.6532	1.0216	-0.0022	99.9870	40.0512	0.8230	0.8254	4.0000	20.2029	815.2309	94.3206	13.9815	25.0769	0.9300	0.9433	0.6437	-0.0039	815.0000	816.6134	1.0256	-2.6157	100.0474	39.8713	0.8230	0.8243	5.0000	-9999.0000	-9999.0000	-9999.0000	-9999.0000	-9999.0000	-9999.0000	21.2129	6	0	25.4442	1.0000	99	9	-9999.0000	31348	12670	-9999	798	791	-9999	480.5831	5	0.5894	0.6437	-0.0039	121.6566	-0.6696	701.3572	323.1798	37.4339	629.4580	96.1601	683.8704	95.4473	699.9321	95.2403	711.5873	95.1024	
30/12/2017	01:13:43	019003	H421179729MLR	L421	S		703.8881	1.0216	0.0000	99.9941	40.0464	0.8230	0.8254	4.0000	20.1826	815.1447	94.3666	13.7021	25.0769	0.9300	0.9434	0.6612	-0.0052	815.0000	815.3531	1.0256	-2.6093	100.0550	39.8425	0.8230	0.8241	5.0000	-9999.0000	-9999.0000	-9999.0000	-9999.0000	-9999.0000	-9999.0000	22.5734	7	0	25.6030	1.0000	99	9	-9999.0000	31349	12671	-9999	799	792	-9999	481.4369	5	0.5900	0.6612	-0.0052	62.0787	3.6010	685.5905	301.2070	37.7788	612.4558	95.8382	669.0640	95.2863	684.1298	94.8034	697.2646	95.0564	
30/12/2017	01:14:08	019003	H421179727MLR	L421	S		706.2645	1.0216	-0.0056	100.1328	40.0415	0.8230	0.8253	4.0000	20.1922	815.1469	94.4355	13.4120	25.0769	0.9300	0.9434	0.6567	-0.0048	815.0000	817.2180	1.0256	-2.6188	100.0443	39.8232	0.8230	0.8241	5.0000	-9999.0000	-9999.0000	-9999.0000	-9999.0000	-9999.0000	-9999.0000	22.7140	8	0	25.2937	1.0000	99	9	-9999.0000	31350	12672	-9999	800	793	-9999	482.4550	5	0.5897	0.6567	-0.0048	28.3993	6.0342	692.6737	325.4770	39.0665	619.8437	95.7922	675.5519	95.1943	691.2519	94.8494	702.8620	94.8034	
30/12/2017	01:14:34	019003	H421179938MLR	L421	S		703.7108	1.0216	0.0000	99.9944	40.0374	0.8230	0.8253	4.0000	20.3827	815.1708	94.4126	13.8115	25.0769	0.9300	0.9433	0.6563	-0.0048	815.0000	815.6079	1.0256	-2.6106	100.0228	39.8699	0.8230	0.8242	5.0000	-9999.0000	-9999.0000	-9999.0000	-9999.0000	-9999.0000	-9999.0000	21.4727	1	0	25.5241	1.0000	99	9	-9999.0000	31350	12673	-9999	801	794	-9999	480.8998	5	0.5897	0.6563	-0.0048	-15.7403	9.2622	690.4416	330.9538	38.3996	617.8033	95.9991	672.5798	95.5163	688.8373	95.3553	701.2300	95.0794	
30/12/2017	01:14:59	019003	H421179737MLR	L421	S		704.0472	1.0216	0.0000	100.0487	40.0443	0.8230	0.8254	4.0000	20.2129	815.2729	94.3896	13.6416	24.9743	0.9300	0.9431	0.6661	-0.0055	815.0000	816.1596	1.0256	-2.6134	100.0306	39.8517	0.8230	0.8241	5.0000	-9999.0000	-9999.0000	-9999.0000	-9999.0000	-9999.0000	-9999.0000	22.5130	2	0	25.5036	1.0000	99	9	-9999.0000	31351	12674	-9999	802	795	-9999	481.6615	5	0.5895	0.6661	-0.0055	15.0143	6.9945	682.6020	310.9125	37.8708	607.6433	95.9301	664.9113	95.1024	680.9114	95.0104	693.9222	95.0334	
30/12/2017	01:15:25	019003	H421178491MLR	L421	S		704.7922	1.0216	0.0000	100.0794	40.0512	0.8230	0.8253	4.0000	20.1923	815.2025	94.3666	13.7617	24.9743	0.9300	0.9432	0.6733	-0.0061	815.0000	816.3405	1.0256	-2.6143	100.0411	39.8182	0.8230	0.8241	5.0000	-9999.0000	-9999.0000	-9999.0000	-9999.0000	-9999.0000	-9999.0000	22.6536	3	0	25.5437	1.0000	99	9	-9999.0000	31352	12675	-9999	802	796	-9999	481.0517	5	0.5896	0.6733	-0.0061	-27.8289	10.1440	678.3904	301.2704	35.2495	603.5237	96.3900	660.9749	94.9874	676.7124	95.0104	690.2433	94.9644	
30/12/2017	01:15:50	019003	H421178489MLR	L421	S		701.7083	1.0216	0.0000	99.9574	40.0244	0.8230	0.8252	4.0000	20.5938	815.2332	94.3896	14.1817	24.9743	0.9300	0.9433	0.6353	-0.0033	815.0000	815.6012	1.0256	-2.6105	100.0505	39.8888	0.8230	0.8244	5.0000	-9999.0000	-9999.0000	-9999.0000	-9999.0000	-9999.0000	-9999.0000	20.9432	4	0	25.2331	1.0000	99	9	-9999.0000	31353	12676	-9999	803	797	-9999	479.5962	5	0.5895	0.6353	-0.0033	68.9739	3.1282	702.3250	320.6485	37.2040	628.3555	96.0451	686.1067	95.1024	700.9680	94.9184	712.7274	94.9874	
30/12/2017	01:16:15	019003	H421178485MLR	L421	S		706.1286	1.0216	-0.0049	100.0674	40.0385	0.8230	0.8254	4.0000	20.2030	815.2564	94.3896	13.4218	24.9743	0.9300	0.9432	0.6386	-0.0036	815.0000	816.6186	1.0256	-2.6157	100.0472	39.9218	0.8230	0.8243	5.0000	-9999.0000	-9999.0000	-9999.0000	-9999.0000	-9999.0000	-9999.0000	20.9629	5	0	25.4040	1.0000	99	9	-9999.0000	31354	12677	-9999	804	798	-9999	481.7289	5	0.5895	0.6386	-0.0036	81.6489	2.1881	706.8235	340.9416	35.9393	636.0989	96.2521	690.7846	95.0334	705.0233	95.0104	717.4592	95.0104	
30/12/2017	01:16:41	019003	H421178474MLR	L421	S		708.2262	1.0216	-0.0164	99.9989	40.0512	0.8230	0.8254	4.0000	20.2033	815.2167	94.2516	12.7420	24.9743	0.9300	0.9432	0.6337	-0.0032	815.0000	816.9357	1.0256	-2.6174	100.0326	39.8305	0.8230	0.8241	5.0000	-9999.0000	-9999.0000	-9999.0000	-9999.0000	-9999.0000	-9999.0000	21.5528	6	0	25.2632	1.0000	99	9	-9999.0000	31355	12678	-9999	805	798	-9999	483.4788	5	0.5898	0.6337	-0.0032	110.4588	0.0751	717.2890	321.4868	35.2495	642.3311	96.3900	700.1635	95.4933	715.9566	95.3553	725.9121	95.0334	
30/12/2017	01:17:06	019003	H421180424MLR	L421	S		706.7055	1.0216	-0.0080	100.0173	40.0484	0.8230	0.8253	4.0000	20.2031	815.2022	94.3436	13.0224	25.0769	0.9300	0.9433	0.6186	-0.0021	815.0000	815.6533	1.0256	-2.6108	100.0373	39.8475	0.8230	0.8242	5.0000	-9999.0000	-9999.0000	-9999.0000	-9999.0000	-9999.0000	-9999.0000	21.5237	7	0	25.4539	1.0000	99	9	-9999.0000	31356	12679	-9999	806	799	-9999	482.1675	5	0.5900	0.6186	-0.0021	83.2730	2.0637	723.2455	344.8767	39.0435	653.5276	95.8152	708.6620	95.2173	722.0890	94.9874	732.3075	94.9874	
30/12/2017	01:17:31	019003	H421178466MLR	L421	S		705.7238	1.0216	-0.0026	100.0498	40.0344	0.8230	0.8253	4.0000	20.2027	815.1623	94.4355	13.2616	25.0769	0.9300	0.9433	0.6334	-0.0032	815.0000	816.0861	1.0256	-2.6130	100.0281	39.9317	0.8230	0.8243	5.0000	-9999.0000	-9999.0000	-9999.0000	-9999.0000	-9999.0000	-9999.0000	21.1621	8	0	25.2731	1.0000	99	9	-9999.0000	31357	12680	-9999	807	800	-9999	481.9544	5	0.5895	0.6334	-0.0032	62.4252	3.6082	713.7263	317.0365	38.5606	642.0570	95.8612	699.2124	95.3783	712.2159	95.2173	721.6083	95.1024	
30/12/2017	01:17:57	019003	H421178463MLR	L421	S		707.8452	1.0216	-0.0143	100.0611	40.0512	0.8230	0.8254	4.0000	20.2032	815.2073	94.3896	12.5721	24.9743	0.9300	0.9432	0.6266	-0.0027	815.0000	815.2362	1.0256	-2.6087	100.0189	39.8499	0.8230	0.8241	5.0000	-9999.0000	-9999.0000	-9999.0000	-9999.0000	-9999.0000	-9999.0000	21.5235	1	0	25.3042	1.0000	99	9	-9999.0000	31358	12681	-9999	808	801	-9999	483.2139	5	0.5894	0.6266	-0.0027	54.0317	4.2099	720.4656	325.9247	34.9966	653.0198	96.2291	706.6608	95.0564	719.2043	94.9644	729.7627	95.0104	
30/12/2017	01:18:22	019003	H421178471MLR	L421	S		705.6029	1.0216	-0.0020	99.9822	40.0512	0.8230	0.8253	4.0000	20.1921	815.2490	94.3896	13.2519	24.9743	0.9300	0.9432	0.6249	-0.0026	815.0000	815.6746	1.0256	-2.6109	100.0139	39.8457	0.8230	0.8243	5.0000	-9999.0000	-9999.0000	-9999.0000	-9999.0000	-9999.0000	-9999.0000	20.9228	2	0	25.3229	1.0000	99	9	-9999.0000	31359	12682	-9999	809	802	-9999	481.5169	5	0.5898	0.6249	-0.0026	63.4132	3.5380	719.2703	324.2140	35.4564	644.8193	96.4360	704.3907	95.5163	717.7545	95.3783	728.6715	95.0794	
30/12/2017	01:18:47	019003	H421178479MLR	L421	S		704.1600	1.0216	0.0000	99.9760	40.0379	0.8230	0.8253	4.0000	20.2030	815.0864	94.3206	13.5019	24.9743	0.9300	0.9432	0.6252	-0.0026	815.0000	814.7308	1.0256	-2.6061	100.0297	39.8798	0.8230	0.8242	5.0000	-9999.0000	-9999.0000	-9999.0000	-9999.0000	-9999.0000	-9999.0000	21.9835	3	0	25.3143	1.0000	99	9	-9999.0000	31360	12683	-9999	810	803	-9999	480.8402	5	0.5900	0.6252	-0.0026	65.8710	3.3309	714.3105	323.7847	37.2270	640.9694	95.8612	698.6960	95.0104	712.9357	94.8724	723.0819	95.0104	
30/12/2017	01:19:13	019003	H421178468MLR	L421	S		707.3522	1.0216	-0.0116	99.9449	40.0377	0.8230	0.8254	4.0000	20.2126	815.1487	94.3666	13.2616	24.9743	0.9300	0.9431	0.6258	-0.0027	815.0000	815.9066	1.0256	-2.6121	100.1768	39.8946	0.8230	0.8243	5.0000	-9999.0000	-9999.0000	-9999.0000	-9999.0000	-9999.0000	-9999.0000	20.9231	4	0	25.5933	1.0000	99	9	-9999.0000	31360	12684	-9999	811	804	-9999	481.3856	5	0.5903	0.6258	-0.0027	60.2376	3.7700	717.5788	332.0087	36.8591	647.4351	96.0451	703.6340	95.1943	716.2132	94.9184	727.0368	95.0564	
30/12/2017	01:19:39	019003	H421178457MLR	L421	S		707.2305	1.0216	-0.0109	99.9919	40.0310	0.8230	0.8252	4.0000	20.9335	815.2883	94.2976	13.2519	24.9743	0.9300	0.9431	0.6313	-0.0031	815.0000	815.5782	1.0256	-2.6104	100.0922	39.8222	0.8230	0.8241	5.0000	-9999.0000	-9999.0000	-9999.0000	-9999.0000	-9999.0000	-9999.0000	22.7629	5	0	25.7537	1.0000	99	9	-9999.0000	31361	12685	-9999	812	805	-9999	481.5543	5	0.5912	0.6313	-0.0031	59.7529	3.7880	714.2375	333.3375	36.2382	643.1175	96.1141	698.4543	95.3093	712.5859	95.1943	723.6990	95.0794	
30/12/2017	01:20:04	019003	H421178453MLR	L421	S		703.6780	1.0216	0.0000	100.0519	40.0456	0.8230	0.8252	4.0000	20.8426	815.2156	94.2976	13.8525	24.8718	0.9300	0.9431	0.6320	-0.0031	815.0000	815.6411	1.0256	-2.6107	100.0844	39.8469	0.8230	0.8241	5.0000	-9999.0000	-9999.0000	-9999.0000	-9999.0000	-9999.0000	-9999.0000	22.6339	6	0	25.3237	1.0000	99	9	-9999.0000	31362	12686	-9999	813	806	-9999	479.9253	5	0.5913	0.6320	-0.0031	60.2701	3.7635	707.4647	345.0456	37.4339	639.9061	95.9301	692.3111	95.2173	706.1613	94.9414	716.2039	94.8954	
30/12/2017	01:20:29	019003	H421178447MLR	L421	S		704.5285	1.0216	0.0000	100.0705	40.0538	0.8230	0.8254	4.0000	20.2128	815.1693	94.3436	13.5820	24.8718	0.9300	0.9431	0.6289	-0.0029	815.0000	814.8618	1.0256	-2.6068	100.0684	39.9074	0.8230	0.8243	5.0000	-9999.0000	-9999.0000	-9999.0000	-9999.0000	-9999.0000	-9999.0000	21.4034	7	0	25.3132	1.0000	99	9	-9999.0000	31363	12687	-9999	814	807	-9999	480.7928	5	0.5910	0.6289	-0.0029	60.9985	3.6935	708.4736	341.6820	36.1233	645.8696	95.5392	696.0120	95.1713	707.2579	94.8494	718.0124	95.0104	
30/12/2017	01:20:55	019003	H421180489MLR	L421	S		705.9434	1.0216	-0.0038	100.0276	40.0512	0.8230	0.8254	4.0000	20.2127	815.1325	94.3436	13.9316	24.9743	0.9300	0.9432	0.6307	-0.0030	815.0000	817.4501	1.0256	-2.6200	100.1261	39.8962	0.8230	0.8242	5.0000	-9999.0000	-9999.0000	-9999.0000	-9999.0000	-9999.0000	-9999.0000	20.9228	8	0	25.3132	1.0000	99	9	-9999.0000	31364	12688	-9999	815	808	-9999	479.7533	5	0.5908	0.6307	-0.0030	64.0073	3.4526	711.6001	340.0297	36.4682	644.5158	96.1371	697.1809	95.3553	710.3160	95.1713	720.9357	95.0794	
30/12/2017	01:21:20	019003	H421180499MLR	L421	S		703.1217	1.0216	0.0000	99.8948	40.0208	0.8230	0.8251	4.0000	20.9132	815.1000	94.2746	14.6730	24.9743	0.9300	0.9432	0.6311	-0.0031	815.0000	813.4623	1.0256	-2.5996	100.0376	39.8361	0.8230	0.8241	5.0000	-9999.0000	-9999.0000	-9999.0000	-9999.0000	-9999.0000	-9999.0000	21.6221	1	0	25.3238	1.0000	99	9	-9999.0000	31365	12689	-9999	816	809	-9999	477.8299	5	0.5907	0.6311	-0.0031	67.4084	3.1707	701.1597	344.8269	38.1697	640.2205	95.9301	689.9956	95.4013	699.7452	95.2633	709.9936	95.1024	
30/12/2017	01:21:45	019003	H421178347MLR	L421	S		714.6632	1.0216	-0.0519	100.0008	40.0326	0.8230	0.8252	4.0000	20.9337	815.1060	94.6655	12.4021	24.9743	0.9300	0.9432	0.6289	-0.0029	815.0000	817.9058	1.0256	-2.6223	100.0259	39.8405	0.8230	0.8242	5.0000	-9999.0000	-9999.0000	-9999.0000	-9999.0000	-9999.0000	-9999.0000	21.5225	2	0	25.3142	1.0000	99	9	-9999.0000	31366	12690	-9999	817	810	-9999	483.3242	5	0.5899	0.6289	-0.0029	36.0811	5.4889	721.3259	347.6290	39.1125	654.2503	95.4703	708.7867	94.6885	720.0690	94.5505	730.2766	94.5505	
30/12/2017	01:22:11	019003	H421180509MLR	L421	S		705.5033	1.0216	-0.0014	100.0083	40.0528	0.8230	0.8252	4.0000	20.8037	815.1189	94.5735	13.6719	24.9743	0.9300	0.9432	0.6262	-0.0027	815.0000	815.6079	1.0256	-2.6106	100.0393	39.8685	0.8230	0.8241	5.0000	-9999.0000	-9999.0000	-9999.0000	-9999.0000	-9999.0000	-9999.0000	22.4522	3	0	25.7732	1.0000	99	9	-9999.0000	31367	12691	-9999	818	810	-9999	480.4590	5	0.5898	0.6262	-0.0027	30.3999	5.8871	714.8991	351.1634	37.8708	647.9739	96.1601	699.3457	95.4703	713.6297	95.4243	723.8586	95.1024	
30/12/2017	01:22:36	019003	H421178936MLR	L421	S		709.5378	1.0216	-0.0236	99.9219	40.0459	0.8230	0.8251	4.0000	20.8634	815.1819	94.4355	12.3621	24.9743	0.9300	0.9433	0.6437	-0.0040	815.0000	816.4369	1.0256	-2.6148	100.0474	39.8359	0.8230	0.8240	5.0000	-9999.0000	-9999.0000	-9999.0000	-9999.0000	-9999.0000	-9999.0000	22.9035	4	0	25.2739	1.0000	99	9	-9999.0000	31368	12692	-9999	819	811	-9999	484.3798	5	0.5892	0.6437	-0.0040	36.8649	5.4028	712.1682	346.4831	36.6751	643.2726	96.1371	696.0331	94.9874	710.9695	94.9184	722.7599	94.9644	
30/12/2017	01:23:02	019003	H421178900MLR	L421	S		706.0770	1.0216	-0.0046	99.9894	40.0162	0.8230	0.8252	4.0000	20.8730	815.1959	94.4126	14.0615	24.9743	0.9300	0.9433	0.6218	-0.0024	815.0000	815.8044	1.0256	-2.6116	100.0294	39.8619	0.8230	0.8242	5.0000	-9999.0000	-9999.0000	-9999.0000	-9999.0000	-9999.0000	-9999.0000	21.2822	5	0	25.2936	1.0000	99	9	-9999.0000	31369	12693	-9999	820	812	-9999	479.5995	5	0.5887	0.6218	-0.0024	93.7528	1.2108	720.0844	327.8538	38.6756	651.0057	95.9531	704.8975	95.4473	718.6402	95.3093	729.1388	95.0794	
30/12/2017	01:23:27	019003	H421178916MLR	L421	S		709.1190	1.0216	-0.0213	100.2913	40.0484	0.8230	0.8254	4.0000	20.2129	815.1608	94.6195	12.3025	24.9743	0.9300	0.9432	0.6122	-0.0017	815.0000	814.2637	1.0256	-2.6037	100.0410	39.8794	0.8230	0.8243	5.0000	-9999.0000	-9999.0000	-9999.0000	-9999.0000	-9999.0000	-9999.0000	21.1825	6	0	25.2537	1.0000	99	9	-9999.0000	31370	12694	-9999	821	813	-9999	482.0175	5	0.5887	0.6122	-0.0017	32.3126	5.7256	734.5195	338.7145	37.1350	663.5857	95.9301	720.2792	95.0104	733.4356	94.8954	742.4134	94.9644	
30/12/2017	01:23:52	019003	H421178895MLR	L421	S		709.8022	1.0216	-0.0251	100.5203	40.0845	0.8230	0.8255	4.0000	20.2017	815.1573	94.4355	12.7919	24.9743	0.9300	0.9433	0.6105	-0.0016	815.0000	815.0993	1.0256	-2.6080	100.0377	39.8830	0.8230	0.8243	5.0000	-9999.0000	-9999.0000	-9999.0000	-9999.0000	-9999.0000	-9999.0000	21.0522	7	0	25.3131	1.0000	99	9	-9999.0000	31371	12695	-9999	822	814	-9999	481.5005	5	0.5889	0.6105	-0.0016	36.2275	5.4035	738.4584	354.1827	38.1927	670.6758	96.0681	724.5616	95.3783	737.3064	95.1943	745.4060	94.8264	
30/12/2017	01:24:17	019003	H421178906MLR	L421	S		709.7732	1.0216	-0.0249	99.9877	40.0269	0.8230	0.8252	4.0000	20.7925	815.1886	94.4355	13.6221	25.0769	0.9300	0.9433	0.6209	-0.0023	815.0000	816.8619	1.0256	-2.6170	100.0405	39.8663	0.8230	0.8242	5.0000	-9999.0000	-9999.0000	-9999.0000	-9999.0000	-9999.0000	-9999.0000	21.1533	8	0	25.2839	1.0000	99	9	-9999.0000	31372	12696	-9999	823	815	-9999	480.2640	5	0.5895	0.6209	-0.0023	76.8941	2.3816	730.5815	325.0025	37.3419	659.3579	95.9991	713.8163	95.2173	729.2199	94.9414	738.9196	95.0794	
30/12/2017	01:24:43	019003	H421178910MLR	L421	S		706.3920	1.0216	-0.0063	99.9705	40.0336	0.8230	0.8253	4.0000	20.2021	815.2158	94.3896	12.7118	25.0769	0.9300	0.9434	0.6188	-0.0022	815.0000	813.8989	1.0256	-2.6018	100.0478	39.8663	0.8230	0.8243	5.0000	-9999.0000	-9999.0000	-9999.0000	-9999.0000	-9999.0000	-9999.0000	20.9531	1	0	25.3033	1.0000	99	9	-9999.0000	31372	12697	-9999	824	816	-9999	482.1166	5	0.5897	0.6188	-0.0022	75.5619	2.4251	726.8568	332.5060	37.7558	656.6804	95.9071	711.5905	95.1254	725.5878	95.0104	736.4100	95.0564	
30/12/2017	01:25:08	019003	H421178919MLR	L421	S		707.8946	1.0216	-0.0146	100.0120	40.0512	0.8230	0.8254	4.0000	20.1923	815.1057	94.4585	12.7918	25.0769	0.9300	0.9433	0.6198	-0.0023	815.0000	814.1571	1.0256	-2.6032	100.0309	39.8559	0.8230	0.8241	5.0000	-9999.0000	-9999.0000	-9999.0000	-9999.0000	-9999.0000	-9999.0000	22.1037	2	0	25.2633	1.0000	99	9	-9999.0000	31373	12698	-9999	825	817	-9999	481.7060	5	0.5906	0.6198	-0.0023	68.3845	2.9862	727.2922	350.3025	38.3767	660.8244	96.0221	712.4059	95.2863	726.0768	95.2173	735.8827	95.0334	
30/12/2017	01:25:33	019003	H421178939MLR	L421	S		708.2245	1.0216	-0.0164	100.0614	40.0512	0.8230	0.8254	4.0000	20.2128	815.1110	94.4126	14.0723	24.9743	0.9300	0.9431	0.6193	-0.0022	815.0000	816.4322	1.0256	-2.6148	100.0608	39.8866	0.8230	0.8243	5.0000	-9999.0000	-9999.0000	-9999.0000	-9999.0000	-9999.0000	-9999.0000	20.8633	3	0	25.2838	1.0000	99	9	-9999.0000	31373	12699	-9999	826	818	-9999	479.3660	5	0.5906	0.6193	-0.0022	72.9066	2.6476	721.4523	335.7503	38.3077	656.6482	95.8612	709.4977	95.2863	720.5469	95.1943	730.8843	95.1024	
30/12/2017	01:25:59	019003	H421178886MLR	L421	S		710.1234	1.0216	-0.0269	100.1440	40.0425	0.8230	0.8253	4.0000	20.2127	815.1235	94.5045	12.8016	24.8718	0.9300	0.9430	0.6278	-0.0029	815.0000	816.4423	1.0256	-2.6148	100.0494	39.8938	0.8230	0.8243	5.0000	-9999.0000	-9999.0000	-9999.0000	-9999.0000	-9999.0000	-9999.0000	20.9922	4	0	25.3133	1.0000	99	9	-9999.0000	31374	12700	-9999	827	819	-9999	481.7807	5	0.5904	0.6278	-0.0029	81.4657	1.9434	718.6896	336.0334	38.6756	648.6088	95.6082	703.5118	95.2633	717.5865	95.0564	727.7630	95.0334	
