Data	Timp	Nr. masina	Nr. de serie	Tip	Productie	Comentariu	Pre-masurare Q [ml/min]	Pre-masurare Gain	Pre-masurare Offset Master	Pre-masurare P [bar]	Pre-masurare T [°C]	Pre-masurare Densitate fixa [kg/l]	Pre-masurare densitate masurata [kg/l]	Pre-masurare Timp masurare [s]	Pre-masurare Cycle time [s]	rectificare Q Oprire [ml/min]	rectificare P Oprire [bar]	rectificare Timp rectificare [s]	rectificare T [°C]	rectificare Densitate fixa [kg/l]	rectificare densitate masurata [kg/l]	rectificare Factor de masurare la rectificare	rectificare Factor de corectie a debitului	rectificare Target rectificare	Masurare Q [ml/min]	Masurare Gain	Masurare Offset Master	Masurare P [bar]	Masurare T [°C]	Masurare Densitate fixa [kg/l]	Masurare densitate masurata [kg/l]	Masurare Timp masurare [s]	Masurare Q [ml/min]	Masurare Delta Q [ml/min]	Masurare P [bar]	Masurare BP [bar]	Masurare T [°C]	Masurare Timp masurare [s]	Masurare Cycle time [s]	Nest Nr.	Cod de descarcare	Cycle time [s]	Traceability aktiv	EDM Maschine Nr	EDM Spindle Nr	Honing Rate [r	Station Counter Premeasure	Station Counter Grind	Station Counter Blowout 1	Station Counter Wash	Station Counter Measure	Station Counter Blowout 2	RealGrindQStop	Reg Type	Factor 0	Factor 1	Factor 2	Factor 3	Factor 4	G_StartQV	G_StartQV_1	G_StartQV_2	G_StartQV_3	G_StartQV_4	G_StartQV_5	
12/08/2017	00:00:25	011995	G523030415HLR	L523	S		451.7717	1.0400	0.0000	99.9592	40.1812	0.8230	1.1604	5.0000	20.5243	508.1055	94.9769	14.0793	25.6000	0.9300	0.9366	0.6270	-0.0008	508.0000	508.7323	1.0272	7.0000	99.7378	40.8442	0.8230	0.8245	5.0000	-9999.0000	-9999.0000	-9999.0000	-9999.0000	-9999.0000	-9999.0000	17.3251	4	0	27.9780	1.0000	99	9	-9999.0000	2402	30636	-9999	-9999	878	1847	312.7111	5	0.6145	0.6270	-0.0008	27.0251	2.1491	477.2147	445.9146	43.6574	475.0305	94.9074	470.6379	94.7454	474.4943	94.7222	477.8943	94.6991	
12/08/2017	00:00:53	011995	G523030414HLR	L523	S		457.5155	1.0400	0.0000	99.9300	40.1934	0.8230	1.1604	5.0000	19.9991	508.0692	95.0926	11.1293	25.6000	0.9300	0.9366	0.6266	-0.0008	508.0000	508.2634	1.0272	7.0000	99.7204	40.8367	0.8230	0.8249	5.0000	-9999.0000	-9999.0000	-9999.0000	-9999.0000	-9999.0000	-9999.0000	17.5649	5	0	27.1888	1.0000	99	9	-9999.0000	2402	30637	-9999	-9999	879	1849	313.8772	5	0.6146	0.6266	-0.0008	27.9482	2.0933	477.3125	463.5180	42.7315	473.7657	94.8148	477.0139	94.7222	482.2481	94.6991	485.6121	94.7222	
12/08/2017	00:01:20	011995	G523030410HLR	L523	S		452.9516	1.0400	0.0000	99.9656	40.1881	0.8230	1.1604	5.0000	20.2039	508.0585	94.9769	13.8684	25.6000	0.9300	0.9366	0.6269	-0.0008	508.0000	508.8295	1.0272	7.0000	99.7717	40.8189	0.8230	0.8250	5.0000	-9999.0000	-9999.0000	-9999.0000	-9999.0000	-9999.0000	-9999.0000	17.3279	6	0	27.6382	1.0000	99	9	-9999.0000	2403	30638	-9999	-9999	880	1850	312.7994	5	0.6146	0.6269	-0.0008	26.6869	2.1801	477.8272	463.0837	43.0324	475.8874	94.7917	469.5590	94.7454	475.0943	94.7685	478.1685	94.7685	
12/08/2017	00:01:49	011995	G523030404HLR	L523	S		451.2504	1.0400	0.0000	99.8707	40.1941	0.8230	1.1604	5.0000	20.0637	508.1172	94.9537	14.6593	25.6000	0.9300	0.9366	0.6270	-0.0008	508.0000	508.5933	1.0272	7.0000	99.7606	40.7846	0.8230	0.8244	5.0000	-9999.0000	-9999.0000	-9999.0000	-9999.0000	-9999.0000	-9999.0000	17.1596	7	0	28.5188	1.0000	99	9	-9999.0000	2403	30639	-9999	-9999	881	1852	312.4506	5	0.6146	0.6270	-0.0008	26.8776	2.1562	477.7316	475.1456	43.9352	475.5516	95.0463	468.0169	94.7222	471.3009	94.6991	475.7214	94.7454	
12/08/2017	00:02:16	011995	G523029928HLR	L523	S		447.2623	1.0400	0.0000	99.9347	40.2003	0.8230	1.1604	5.0000	19.8499	508.0234	94.9074	16.5587	25.6000	0.9300	0.9366	0.6266	-0.0008	508.0000	507.8216	1.0272	7.0000	99.7390	40.7667	0.8230	0.8235	5.0000	-9999.0000	-9999.0000	-9999.0000	-9999.0000	-9999.0000	-9999.0000	17.4184	8	0	27.4684	1.0000	99	9	-9999.0000	2404	30640	-9999	-9999	882	1854	311.5724	5	0.6147	0.6266	-0.0008	26.5895	2.1762	470.9714	475.3047	43.7269	469.4045	95.3009	462.4129	94.7454	466.8765	94.6296	472.0989	94.7454	
12/08/2017	00:02:43	011995	G523029927HLR	L523	S		446.6427	1.0400	0.0000	99.9178	40.2030	0.8230	1.1604	5.0000	20.0613	508.0796	94.9306	16.1495	25.6000	0.9300	0.9366	0.6264	-0.0008	508.0000	507.0958	1.0272	7.0000	99.6874	40.7973	0.8230	0.8235	5.0000	-9999.0000	-9999.0000	-9999.0000	-9999.0000	-9999.0000	-9999.0000	17.2246	1	0	26.9682	1.0000	99	9	-9999.0000	2404	30641	-9999	-9999	883	1856	311.8072	5	0.6148	0.6264	-0.0008	26.3138	2.1943	473.6458	498.3116	46.4583	472.8942	95.7407	463.0630	94.7685	467.6263	94.5833	469.6550	94.6759	
12/08/2017	00:03:08	011995	G523029956HLR	L523	S		446.9066	1.0400	0.0000	99.9312	40.2122	0.8230	1.1604	5.0000	20.0388	508.0315	94.9074	16.4298	25.6000	0.9300	0.9366	0.6263	-0.0008	508.0000	508.1344	1.0272	7.0000	99.7353	40.8167	0.8230	0.8240	5.0000	-9999.0000	-9999.0000	-9999.0000	-9999.0000	-9999.0000	-9999.0000	17.4489	2	0	25.1927	1.0000	99	9	-9999.0000	2405	30642	-9999	-9999	884	1857	311.6139	5	0.6148	0.6263	-0.0008	26.3404	2.1923	472.3378	534.6720	45.5556	471.8097	95.5787	463.0859	94.7454	467.2969	94.5833	471.2386	94.7685	
12/08/2017	00:03:37	011995	G523029936HLR	L523	S		446.2680	1.0400	0.0000	99.9831	40.2040	0.8230	1.1603	5.0000	20.4187	508.0822	94.9306	17.2891	25.6000	0.9300	0.9365	0.6262	-0.0008	508.0000	508.5068	1.0272	7.0000	99.7734	40.8315	0.8230	0.8246	5.0000	-9999.0000	-9999.0000	-9999.0000	-9999.0000	-9999.0000	-9999.0000	17.3482	3	0	28.7448	1.0000	99	9	-9999.0000	2406	30643	-9999	-9999	885	1859	311.3308	5	0.6148	0.6262	-0.0008	27.1830	2.1345	471.9335	533.0832	45.5093	472.5465	95.6250	462.4198	94.7454	465.3735	94.5833	469.2080	94.6991	
12/08/2017	00:04:03	011995	G523029923HLR	L523	S		446.1130	1.0400	0.0000	99.9135	40.1943	0.8230	1.1603	5.0000	20.1051	508.0832	94.9306	16.3585	25.6000	0.9300	0.9365	0.6259	-0.0008	508.0000	506.2084	1.0272	7.0000	99.7453	40.8169	0.8230	0.8249	5.0000	-9999.0000	-9999.0000	-9999.0000	-9999.0000	-9999.0000	-9999.0000	17.5084	4	0	25.8135	1.0000	99	9	-9999.0000	2407	30644	-9999	-9999	886	1861	311.7214	5	0.6148	0.6259	-0.0008	27.1266	2.1288	473.0226	499.9341	47.1065	474.1647	95.4861	466.8096	94.8380	467.5081	94.5833	470.6621	94.6759	
12/08/2017	00:04:31	011995	G523029720HLR	L523	S		446.2733	1.0400	0.0000	99.9338	40.1972	0.8230	1.1604	5.0000	20.0089	508.0333	94.9074	15.9591	25.6000	0.9300	0.9366	0.6257	-0.0007	508.0000	507.5761	1.0272	7.0000	99.7854	40.7917	0.8230	0.8249	5.0000	-9999.0000	-9999.0000	-9999.0000	-9999.0000	-9999.0000	-9999.0000	17.1895	5	0	28.1233	1.0000	99	9	-9999.0000	2408	30645	-9999	-9999	887	1863	311.9015	5	0.6148	0.6257	-0.0007	27.3068	2.1136	473.2584	542.9629	46.8981	471.8224	95.3472	465.6852	94.7685	467.5413	94.5602	470.8072	94.7454	
12/08/2017	00:04:59	011995	G523029721HLR	L523	S		459.4899	1.0400	0.0000	99.9241	40.1911	0.8230	1.1603	5.0000	20.2197	508.0727	95.0926	10.5092	25.6000	0.9300	0.9364	0.6257	-0.0007	508.0000	507.7659	1.0272	7.0000	99.7675	40.7558	0.8230	0.8240	5.0000	-9999.0000	-9999.0000	-9999.0000	-9999.0000	-9999.0000	-9999.0000	17.3692	6	0	28.0989	1.0000	99	9	-9999.0000	2409	30646	-9999	-9999	888	1865	314.0954	5	0.6148	0.6257	-0.0007	27.3068	2.1136	489.9733	537.2250	44.6759	487.3248	95.1389	480.3594	94.6991	484.7947	94.6065	489.0755	94.7685	
12/08/2017	00:05:24	011995	G523029678HLR	L523	S		445.5359	1.0400	0.0000	99.8951	40.1806	0.8230	1.1607	5.0000	20.1154	508.0428	94.9769	17.7490	25.6000	0.9300	0.9366	0.6262	-0.0008	508.0000	508.4913	1.0272	7.0000	99.7788	40.7503	0.8230	0.8234	5.0000	-9999.0000	-9999.0000	-9999.0000	-9999.0000	-9999.0000	-9999.0000	17.2086	7	0	25.2389	1.0000	99	9	-9999.0000	2410	30647	-9999	-9999	889	1867	311.1718	5	0.6147	0.6262	-0.0008	28.2884	2.0434	472.7574	505.4112	45.1389	472.4980	94.9537	458.9014	94.7917	464.3573	94.6991	468.5303	94.6991	
12/08/2017	00:05:53	011995	G523029690HLR	L523	S		450.9270	1.0400	0.0000	99.9351	40.1690	0.8230	1.1603	5.0000	20.1494	508.0578	94.9306	14.8596	25.6000	0.9300	0.9366	0.6262	-0.0008	508.0000	507.9867	1.0272	7.0000	99.7533	40.7834	0.8230	0.8237	5.0000	-9999.0000	-9999.0000	-9999.0000	-9999.0000	-9999.0000	-9999.0000	17.2793	8	0	28.4683	1.0000	99	9	-9999.0000	2411	30648	-9999	-9999	890	1868	312.3483	5	0.6147	0.6262	-0.0008	28.2884	2.0434	478.5609	555.3138	47.7315	477.0645	95.4630	469.4966	94.6759	473.7137	94.5833	477.7774	94.7685	
12/08/2017	00:06:21	011995	G523029675HLR	L523	S		446.3696	1.0400	0.0000	99.9385	40.1645	0.8230	1.1604	5.0000	19.9901	508.0692	94.9074	16.9786	25.6000	0.9300	0.9365	0.6268	-0.0008	508.0000	508.6983	1.0272	7.0000	99.7969	40.8161	0.8230	0.8245	5.0000	-9999.0000	-9999.0000	-9999.0000	-9999.0000	-9999.0000	-9999.0000	17.4888	1	0	28.5117	1.0000	99	9	-9999.0000	2412	30649	-9999	-9999	891	1870	311.4768	5	0.6148	0.6268	-0.0008	27.0418	2.1283	471.2553	499.1185	45.1157	470.6047	95.1389	462.2987	94.6528	465.9339	94.6991	470.6930	94.7454	
12/08/2017	00:06:50	011995	G523029477HLR	L523	S		446.4530	1.0400	0.0000	99.8826	40.1409	0.8230	1.1603	5.0000	19.9890	508.0509	94.9306	16.8595	25.6000	0.9300	0.9365	0.6271	-0.0008	508.0000	506.8034	1.0272	7.0000	99.7302	40.8075	0.8230	0.8248	5.0000	-9999.0000	-9999.0000	-9999.0000	-9999.0000	-9999.0000	-9999.0000	17.1187	2	0	29.1750	1.0000	99	9	-9999.0000	2413	30650	-9999	-9999	892	1872	311.5063	5	0.6147	0.6271	-0.0008	27.8878	2.0649	469.9483	465.3713	44.6991	467.9912	95.3472	460.8361	94.6759	464.6659	94.6065	468.2424	94.7917	
12/08/2017	00:07:16	011995	G523029684HLR	L523	S		453.2233	1.0400	0.0000	99.8976	40.1354	0.8230	1.1603	5.0000	20.0502	508.0939	94.9306	13.9797	25.6000	0.9300	0.9365	0.6271	-0.0008	508.0000	507.8632	1.0272	7.0000	99.7231	40.8049	0.8230	0.8249	5.0000	-9999.0000	-9999.0000	-9999.0000	-9999.0000	-9999.0000	-9999.0000	17.1279	3	0	25.2295	1.0000	99	9	-9999.0000	2413	30651	-9999	-9999	893	1873	312.7310	5	0.6147	0.6271	-0.0008	27.8878	2.0649	479.9765	496.9253	44.4444	479.5804	95.1852	471.5963	94.6991	474.5966	94.6528	479.2901	94.6759	
12/08/2017	00:07:41	011995	G523029683HLR	L523	S		445.2473	1.0400	0.0000	99.9589	40.1225	0.8230	1.1603	5.0000	20.6578	508.0630	94.9769	17.3391	25.6000	0.9300	0.9365	0.6274	-0.0009	508.0000	508.5421	1.0272	7.0000	99.7389	40.8020	0.8230	0.8250	5.0000	-9999.0000	-9999.0000	-9999.0000	-9999.0000	-9999.0000	-9999.0000	17.3700	4	0	25.1981	1.0000	99	9	-9999.0000	2414	30652	-9999	-9999	894	1875	311.1837	5	0.6146	0.6274	-0.0009	28.2824	2.0382	469.5592	460.1003	44.0972	468.0918	94.6528	458.9418	94.8380	465.4381	94.7454	467.7624	94.7454	
12/08/2017	00:08:06	011995	G523029712HLR	L523	S		445.6804	1.0400	0.0000	99.9022	40.1083	0.8230	1.1604	5.0000	20.0996	508.0479	94.9769	17.4190	25.6000	0.9300	0.9365	0.6266	-0.0008	508.0000	507.5439	1.0272	7.0000	99.7744	40.7721	0.8230	0.8248	5.0000	-9999.0000	-9999.0000	-9999.0000	-9999.0000	-9999.0000	-9999.0000	17.4793	5	0	25.4586	1.0000	99	9	-9999.0000	2415	30652	-9999	-9999	895	1876	311.1058	5	0.6147	0.6266	-0.0008	29.0035	1.9744	470.7989	509.9475	42.8472	470.0779	95.5093	460.9589	94.7222	462.8971	94.5602	467.4179	94.7685	
12/08/2017	00:08:32	011995	G523029711HLR	L523	S		451.9886	1.0400	0.0000	99.8988	40.1174	0.8230	1.1604	5.0000	19.9188	508.1529	94.9306	13.8196	25.6000	0.9300	0.9366	0.6266	-0.0008	508.0000	507.6548	1.0272	7.0000	99.8129	40.7441	0.8230	0.8237	5.0000	-9999.0000	-9999.0000	-9999.0000	-9999.0000	-9999.0000	-9999.0000	17.3238	6	0	25.1784	1.0000	99	9	-9999.0000	2415	30653	-9999	-9999	896	1878	312.8429	5	0.6147	0.6266	-0.0008	29.0035	1.9744	479.9020	535.4517	47.0370	477.8468	95.2546	471.4276	94.6528	474.6060	94.6759	481.2089	94.7917	
12/08/2017	00:08:57	011995	G523031591HLR	L523	S		462.1652	1.0400	0.0000	99.9611	40.1070	0.8230	1.1603	5.0000	20.6526	508.0547	94.9769	8.9292	25.7000	0.9300	0.9364	0.6267	-0.0008	508.0000	510.0479	1.0272	7.0000	99.7953	40.7833	0.8230	0.8237	5.0000	-9999.0000	-9999.0000	-9999.0000	-9999.0000	-9999.0000	-9999.0000	17.1553	7	0	25.2486	1.0000	99	9	-9999.0000	2415	30654	-9999	-9999	897	1880	314.7625	5	0.6148	0.6267	-0.0008	28.7259	1.9839	494.3809	460.6057	42.8472	491.1909	94.6759	486.2152	94.6991	490.8249	94.6991	494.5903	94.6991	
12/08/2017	00:09:22	011995	G523031585HLR	L523	S		460.1461	1.0400	0.0000	99.9592	40.1016	0.8230	1.1603	5.0000	20.8061	508.0373	95.0926	10.3588	25.7000	0.9300	0.9366	0.6269	-0.0008	508.0000	507.3359	1.0272	7.0000	99.7191	40.8162	0.8230	0.8246	5.0000	-9999.0000	-9999.0000	-9999.0000	-9999.0000	-9999.0000	-9999.0000	17.3190	8	0	25.1990	1.0000	99	9	-9999.0000	2416	30655	-9999	-9999	898	1882	314.1495	5	0.6146	0.6269	-0.0008	28.6385	1.9897	487.6857	470.5187	43.1944	485.5016	94.6759	480.3727	94.7454	485.7971	94.6991	490.1690	94.6759	
12/08/2017	00:09:47	011995	G523031587HLR	L523	S		462.0246	1.0400	0.0000	99.9218	40.0933	0.8230	1.1604	5.0000	20.0506	508.0440	95.0926	9.5298	25.7000	0.9300	0.9366	0.6264	-0.0008	508.0000	509.9748	1.0272	7.0000	99.7408	40.8022	0.8230	0.8250	5.0000	-9999.0000	-9999.0000	-9999.0000	-9999.0000	-9999.0000	-9999.0000	17.4206	1	0	25.0084	1.0000	99	9	-9999.0000	2417	30656	-9999	-9999	899	1883	314.4456	5	0.6146	0.6264	-0.0008	29.2047	1.9272	489.9134	469.0619	43.4028	488.0821	94.6065	483.4246	94.8148	488.4873	94.7685	493.4035	94.6991	
12/08/2017	00:10:12	011995	G523031596HLR	L523	S		466.1236	1.0400	0.0000	99.9059	40.0961	0.8230	1.1604	5.0000	20.2079	0.0000	0.0000	0.0000	0.0000	0.9300	0.0000	0.0000	0.0000	0.0000	466.4967	1.0272	7.0000	99.7185	40.7591	0.8230	0.8245	5.0000	-9999.0000	-9999.0000	-9999.0000	-9999.0000	-9999.0000	-9999.0000	17.0687	2	8	24.9587	1.0000	99	9	-9999.0000	2418	0	-9999	-9999	900	1885	0.0000	0	0.0000	0.0000	0.0000	0.0000	0.0000	0.0000	0.0000	0.0000	0.0000	0.0000	0.0000	0.0000	0.0000	0.0000	0.0000	0.0000	
12/08/2017	00:10:37	011995	G523031577HLR	L523	Q		457.4482	1.0400	0.0000	99.8754	40.0878	0.8230	1.1604	5.0000	20.0040	508.0831	95.0926	9.9594	25.9000	0.9300	0.9367	0.6246	-0.0007	508.0000	508.6472	1.0272	7.0000	99.7794	40.7500	0.8230	0.8235	5.0000	-9999.0000	-9999.0000	-9999.0000	-9999.0000	-9999.0000	-9999.0000	17.3393	3	0	25.1464	1.0000	99	9	-9999.0000	2419	30657	-9999	-9999	901	1887	314.0633	5	0.6147	0.6246	-0.0007	30.4273	1.8435	488.2633	436.1303	45.6250	485.5750	94.6991	481.6734	94.8148	489.5078	94.7222	492.8270	94.6991	
12/08/2017	00:11:02	011995	G523031607HLR	L523	S		465.7019	1.0400	0.0000	99.9457	40.0885	0.8230	1.1604	5.0000	20.5789	0.0000	0.0000	0.0000	0.0000	0.9300	0.0000	0.0000	0.0000	0.0000	466.3020	1.0272	7.0000	99.7549	40.8000	0.8230	0.8241	5.0000	-9999.0000	-9999.0000	-9999.0000	-9999.0000	-9999.0000	-9999.0000	17.2611	4	8	24.9520	1.0000	99	9	-9999.0000	2420	0	-9999	-9999	902	1888	0.0000	0	0.0000	0.0000	0.0000	0.0000	0.0000	0.0000	0.0000	0.0000	0.0000	0.0000	0.0000	0.0000	0.0000	0.0000	0.0000	0.0000	
12/08/2017	00:11:27	011995	G523031603HLR	L523	S		462.2999	1.0400	0.0000	99.9063	40.0981	0.8230	1.1604	5.0000	20.0502	508.0640	95.0231	9.1196	25.8000	0.9300	0.9367	0.6250	-0.0007	508.0000	510.5775	1.0272	7.0000	99.7352	40.8247	0.8230	0.8248	5.0000	-9999.0000	-9999.0000	-9999.0000	-9999.0000	-9999.0000	-9999.0000	17.1531	5	0	25.0061	1.0000	99	9	-9999.0000	2421	30658	-9999	-9999	903	1890	314.3403	5	0.6149	0.6250	-0.0007	29.6209	1.8942	495.5008	430.6529	44.3519	491.7138	94.6065	486.1908	94.8380	491.2533	94.7454	494.9753	94.6528	
12/08/2017	00:11:52	011995	G523031583HLR	L523	S		455.4928	1.0400	0.0000	99.9246	40.1037	0.8230	1.1604	5.0000	19.9990	508.1012	95.1157	10.6098	25.8000	0.9300	0.9367	0.6250	-0.0007	508.0000	508.4814	1.0272	7.0000	99.7584	40.7976	0.8230	0.8249	5.0000	-9999.0000	-9999.0000	-9999.0000	-9999.0000	-9999.0000	-9999.0000	17.3491	6	0	25.0786	1.0000	99	9	-9999.0000	2422	30659	-9999	-9999	903	1891	313.9630	5	0.6149	0.6250	-0.0007	29.6209	1.8942	486.8596	455.3170	41.7593	484.5261	94.7222	483.5659	94.8380	484.7395	94.6991	488.9005	94.6991	
12/08/2017	00:12:17	011995	G523031594HLR	L523	S		459.8404	1.0400	0.0000	99.9445	40.0983	0.8230	1.1607	5.0000	20.1094	508.0549	95.1157	10.5795	25.7000	0.9300	0.9366	0.6243	-0.0007	508.0000	507.6928	1.0272	7.0000	99.7665	40.7570	0.8230	0.8241	5.0000	-9999.0000	-9999.0000	-9999.0000	-9999.0000	-9999.0000	-9999.0000	17.1259	7	0	24.8590	1.0000	99	9	-9999.0000	2423	30660	-9999	-9999	904	1892	313.7185	5	0.6149	0.6243	-0.0007	30.0073	1.8674	489.3910	444.3673	40.3009	486.9969	94.6759	482.8394	94.7685	486.5864	94.7685	490.2597	94.7222	
12/08/2017	00:12:43	011995	G523031592HLR	L523	S		464.0901	1.0400	0.0000	99.9068	40.1079	0.8230	1.1605	5.0000	19.8831	508.0747	94.9074	7.9205	25.7000	0.9300	0.9364	0.6243	-0.0007	508.0000	507.6160	1.0272	7.0000	99.7526	40.7667	0.8230	0.8235	5.0000	-9999.0000	-9999.0000	-9999.0000	-9999.0000	-9999.0000	-9999.0000	17.4753	8	0	25.5540	1.0000	99	9	-9999.0000	2424	30661	-9999	-9999	904	1893	314.6127	5	0.6149	0.6243	-0.0007	30.0073	1.8674	495.3902	436.6587	40.0926	492.0289	94.6991	487.9772	94.7454	493.7655	94.7454	498.9310	94.7454	
12/08/2017	00:13:08	011995	G523031645HLR	L523	S		457.3721	1.0400	0.0000	99.9473	40.1077	0.8230	1.1604	5.0000	20.3387	508.0710	95.0463	12.4896	25.7000	0.9300	0.9366	0.6235	-0.0006	508.0000	509.0755	1.0272	7.0000	99.7807	40.8167	0.8230	0.8243	5.0000	-9999.0000	-9999.0000	-9999.0000	-9999.0000	-9999.0000	-9999.0000	17.1678	1	0	25.0029	1.0000	99	9	-9999.0000	2425	30662	-9999	-9999	905	1894	313.0067	5	0.6149	0.6235	-0.0006	30.7723	1.8230	485.3572	441.2143	43.6111	483.8847	94.6991	479.8532	94.7685	485.1883	94.7917	486.8351	94.7917	
12/08/2017	00:13:33	011995	G523031522HLR	L523	S		459.9763	1.0400	0.0000	99.9428	40.1069	0.8230	1.1604	5.0000	20.7187	508.0733	95.1389	10.7592	25.7000	0.9300	0.9366	0.6236	-0.0006	508.0000	508.1586	1.0272	7.0000	99.7128	40.8128	0.8230	0.8249	5.0000	-9999.0000	-9999.0000	-9999.0000	-9999.0000	-9999.0000	-9999.0000	17.3293	2	0	25.4282	1.0000	99	9	-9999.0000	2426	30663	-9999	-9999	906	1895	313.5765	5	0.6150	0.6236	-0.0006	31.4088	1.7821	489.7135	463.9913	45.5787	487.5021	94.8611	484.2664	94.8380	487.5571	94.7454	490.6259	94.7685	
12/08/2017	00:13:58	011995	G523031532HLR	L523	S		463.7571	1.0400	0.0000	99.8676	40.1096	0.8230	1.1604	5.0000	20.0690	508.0663	95.0463	8.7095	25.7000	0.9300	0.9365	0.6239	-0.0006	508.0000	507.0415	1.0272	7.0000	99.7420	40.7929	0.8230	0.8249	5.0000	-9999.0000	-9999.0000	-9999.0000	-9999.0000	-9999.0000	-9999.0000	17.3009	3	0	25.0796	1.0000	99	9	-9999.0000	2427	30664	-9999	-9999	907	1897	314.2576	5	0.6151	0.6239	-0.0006	30.7199	1.8257	495.0567	450.8428	43.4028	491.9220	94.7454	486.1180	94.7685	491.6289	94.7685	496.0617	94.7454	
12/08/2017	00:14:23	011995	G523031525HLR	L523	S		462.8918	1.0400	0.0000	99.9344	40.1189	0.8230	1.1605	5.0000	19.7147	508.0805	95.0926	9.5893	25.7000	0.9300	0.9365	0.6245	-0.0007	508.0000	507.8163	1.0272	7.0000	99.7349	40.7541	0.8230	0.8239	5.0000	-9999.0000	-9999.0000	-9999.0000	-9999.0000	-9999.0000	-9999.0000	17.2104	4	0	25.0184	1.0000	99	9	-9999.0000	2428	30665	-9999	-9999	907	1898	314.1112	5	0.6153	0.6245	-0.0007	29.8216	1.8810	493.8377	444.5474	44.0741	491.3164	94.7222	483.2783	94.8148	489.6984	94.7685	492.1475	94.7222	
12/08/2017	00:14:48	011995	G523031614HLR	L523	S		459.1428	1.0400	0.0000	99.9266	40.1111	0.8230	1.1608	5.0000	20.2081	508.1001	95.1389	10.2797	25.7000	0.9300	0.9365	0.6241	-0.0006	508.0000	506.9400	1.0272	7.0000	99.7587	40.7793	0.8230	0.8235	5.0000	-9999.0000	-9999.0000	-9999.0000	-9999.0000	-9999.0000	-9999.0000	17.4693	5	0	24.8884	1.0000	99	9	-9999.0000	2429	30666	-9999	-9999	908	1899	313.8406	5	0.6153	0.6241	-0.0006	29.3976	1.9012	491.0010	419.2006	44.7454	489.1312	94.8148	480.6652	94.7917	486.4173	94.7454	491.3300	94.7222	
12/08/2017	00:15:13	011995	G523030740HLR	L523	S		455.1810	1.0400	0.0000	99.9297	40.1130	0.8230	1.1604	5.0000	19.9607	508.0458	95.0694	11.5687	25.7000	0.9300	0.9366	0.6241	-0.0006	508.0000	507.5135	1.0272	7.0000	99.7381	40.8156	0.8230	0.8244	5.0000	-9999.0000	-9999.0000	-9999.0000	-9999.0000	-9999.0000	-9999.0000	17.1655	6	0	25.2087	1.0000	99	9	-9999.0000	2430	30667	-9999	-9999	908	1900	313.3420	5	0.6154	0.6241	-0.0006	28.7686	1.9363	486.0226	451.2324	42.5463	483.3044	94.8843	480.5315	94.8148	484.5495	94.8148	487.3923	94.7454	
12/08/2017	00:15:38	011995	G523030729HLR	L523	S		456.2415	1.0400	0.0000	99.9685	40.1042	0.8230	1.1603	5.0000	20.9901	508.0864	95.1157	11.1693	25.7000	0.9300	0.9365	0.6245	-0.0007	508.0000	507.2940	1.0272	7.0000	99.7297	40.8099	0.8230	0.8249	5.0000	-9999.0000	-9999.0000	-9999.0000	-9999.0000	-9999.0000	-9999.0000	17.4791	7	0	25.0289	1.0000	99	9	-9999.0000	2431	30668	-9999	-9999	909	1902	313.5557	5	0.6156	0.6245	-0.0007	28.3901	1.9626	489.4920	448.2462	43.7037	486.0016	94.7917	481.8745	94.8380	484.9412	94.8380	488.6128	94.8148	
12/08/2017	00:16:03	011995	G523030742HLR	L523	S		458.9141	1.0400	0.0000	99.9638	40.1080	0.8230	1.1604	5.0000	20.2391	508.0821	95.1389	9.5698	25.6000	0.9300	0.9365	0.6246	-0.0007	508.0000	506.2461	1.0272	7.0000	99.7721	40.7867	0.8230	0.8249	5.0000	-9999.0000	-9999.0000	-9999.0000	-9999.0000	-9999.0000	-9999.0000	17.4986	8	0	25.1785	1.0000	99	9	-9999.0000	2432	30669	-9999	-9999	909	1903	314.2132	5	0.6157	0.6246	-0.0007	27.9022	1.9905	491.5159	449.8056	44.4676	490.1990	94.8380	486.7950	94.8380	489.8057	94.6991	493.3287	94.7685	
12/08/2017	00:16:28	011995	G523031634HLR	L523	S		462.1004	1.0400	0.0000	99.9197	40.1114	0.8230	1.1604	5.0000	19.9696	508.0526	95.1389	9.7495	25.7000	0.9300	0.9366	0.6247	-0.0007	508.0000	507.8841	1.0272	7.0000	99.7602	40.7474	0.8230	0.8238	5.0000	-9999.0000	-9999.0000	-9999.0000	-9999.0000	-9999.0000	-9999.0000	17.7183	1	0	25.0788	1.0000	99	9	-9999.0000	2433	30670	-9999	-9999	910	1904	314.0779	5	0.6158	0.6247	-0.0007	26.6849	2.0639	492.7568	448.1877	42.1296	490.2967	94.8843	484.7879	94.8611	489.1785	94.7454	493.2989	94.7454	
12/08/2017	00:16:53	011995	G523028116HLR	L523	S		459.0597	1.0400	0.0000	99.9314	40.1100	0.8230	1.1604	5.0000	20.2982	508.0502	95.1389	10.7895	25.7000	0.9300	0.9367	0.6247	-0.0007	508.0000	507.7766	1.0272	7.0000	99.7245	40.7833	0.8230	0.8236	5.0000	-9999.0000	-9999.0000	-9999.0000	-9999.0000	-9999.0000	-9999.0000	17.3286	2	0	24.9889	1.0000	99	9	-9999.0000	2434	30671	-9999	-9999	910	1905	313.7388	5	0.6159	0.6247	-0.0007	27.7943	1.9968	487.7105	426.1683	41.6898	485.8906	94.8611	479.3019	94.8148	484.9946	94.7454	489.1361	94.7454	
12/08/2017	00:17:18	011995	G523030739HLR	L523	S		455.3477	1.0400	0.0000	99.8863	40.1077	0.8230	1.1604	5.0000	20.1731	508.0536	95.0926	12.0990	25.6000	0.9300	0.9367	0.6250	-0.0007	508.0000	507.7810	1.0272	7.0000	99.7419	40.8153	0.8230	0.8245	5.0000	-9999.0000	-9999.0000	-9999.0000	-9999.0000	-9999.0000	-9999.0000	17.4486	3	0	24.9191	1.0000	99	9	-9999.0000	2435	30672	-9999	-9999	911	1907	313.3452	5	0.6160	0.6250	-0.0007	28.0803	1.9794	485.7456	440.5516	43.3796	483.2939	95.0694	476.0576	94.7685	480.0749	94.7917	485.4903	94.7917	
12/08/2017	00:17:44	011995	G523030331HLR	L523	S		452.0990	1.0400	0.0000	99.9465	40.1030	0.8230	1.1604	5.0000	20.1920	508.0416	95.0926	13.1995	25.6000	0.9300	0.9366	0.6252	-0.0007	508.0000	508.4956	1.0272	7.0000	99.7061	40.8022	0.8230	0.8250	5.0000	-9999.0000	-9999.0000	-9999.0000	-9999.0000	-9999.0000	-9999.0000	17.0907	4	0	25.1873	1.0000	99	9	-9999.0000	2436	30673	-9999	-9999	911	1908	312.9878	5	0.6162	0.6252	-0.0007	28.1951	1.9741	480.0620	447.6253	41.9213	479.3564	95.0231	472.1933	94.8611	476.7357	94.6991	481.2990	94.7917	
12/08/2017	00:18:09	011995	G523030576HLR	L523	S		460.6313	1.0400	0.0000	99.9519	40.0995	0.8230	1.1604	5.0000	20.3984	508.0820	95.0463	8.9292	25.6000	0.9300	0.9366	0.6255	-0.0007	508.0000	507.0649	1.0272	7.0000	99.7159	40.7616	0.8230	0.8245	5.0000	-9999.0000	-9999.0000	-9999.0000	-9999.0000	-9999.0000	-9999.0000	17.1611	5	0	25.0193	1.0000	99	9	-9999.0000	2437	30674	-9999	-9999	912	1909	314.5695	5	0.6163	0.6255	-0.0007	27.8226	1.9947	494.3532	440.6748	42.1296	492.4176	94.9074	485.2489	94.7917	490.8873	94.7917	495.1889	94.7222	
12/08/2017	00:18:34	011995	G523030579HLR	L523	S		461.2115	1.0400	0.0000	99.8495	40.0980	0.8230	1.1604	5.0000	20.0491	508.0734	95.0694	9.1392	25.7000	0.9300	0.9365	0.6254	-0.0007	508.0000	506.4304	1.0272	7.0000	99.7402	40.7500	0.8230	0.8235	5.0000	-9999.0000	-9999.0000	-9999.0000	-9999.0000	-9999.0000	-9999.0000	17.0936	6	0	25.2985	1.0000	99	9	-9999.0000	2438	30675	-9999	-9999	913	1910	314.4776	5	0.6165	0.6254	-0.0007	27.5943	2.0037	492.3603	399.7012	42.2917	490.7974	94.9306	485.5574	94.8148	491.0363	94.7685	493.8368	94.7454	
12/08/2017	00:18:59	011995	G523030073HLR	L523	Q		458.5036	1.0400	0.0000	99.9431	40.0911	0.8230	1.1604	5.0000	20.3115	508.0581	95.0926	11.2397	25.7000	0.9300	0.9366	0.6254	-0.0007	508.0000	508.2893	1.0272	7.0000	99.7437	40.8000	0.8230	0.8239	5.0000	-9999.0000	-9999.0000	-9999.0000	-9999.0000	-9999.0000	-9999.0000	17.5184	7	0	25.2789	1.0000	99	9	-9999.0000	2439	30676	-9999	-9999	914	1912	313.7507	5	0.6167	0.6254	-0.0007	27.6917	1.9991	486.3189	401.8946	41.3657	483.2248	94.9537	478.1367	94.7917	483.3716	94.7917	486.8926	94.7222	
12/08/2017	00:24:32	011995	G523030394HLR	L523	S		0.0000	0.0000	0.0000	0.0000	0.0000	0.8230	0.0000	0.0000	0.0000	0.0000	0.0000	0.0000	0.0000	0.9300	0.0000	0.0000	0.0000	0.0000	0.0000	0.0000	0.0000	0.0000	0.0000	0.8230	0.0000	0.0000	0.0000	0.0000	0.0000	0.0000	0.0000	0.0000	0.0000	0	42	25.2789	1.0000	99	9	0.0000	0	0	0	0	0	0	0.0000	0	0.0000	0.0000	0.0000	0.0000	0.0000	0.0000	0.0000	0.0000	0.0000	0.0000	0.0000	0.0000	0.0000	0.0000	0.0000	0.0000	
12/08/2017	00:24:53	011995	G523030361HLR	L523	Q		458.8300	1.0400	0.0000	99.9155	40.0861	0.8230	1.1604	5.0000	20.2172	508.1255	95.1389	10.9897	25.7000	0.9300	0.9366	0.6258	-0.0007	508.0000	508.0530	1.0272	7.0000	99.6952	40.8104	0.8230	0.8248	5.0000	-9999.0000	-9999.0000	-9999.0000	-9999.0000	-9999.0000	-9999.0000	17.2179	8	0	353.7510	1.0000	99	9	-9999.0000	2440	30677	-9999	-9999	914	1913	313.8941	5	0.6166	0.6258	-0.0007	27.8467	1.9987	486.3809	435.7104	42.0139	483.5055	95.0694	477.8393	94.7685	482.7515	94.7454	486.7355	94.8148	
12/08/2017	00:25:19	011995	G523030588HLR	L523	S		461.7968	1.0400	0.0000	99.9112	40.0887	0.8230	1.1604	5.0000	20.0195	508.0527	95.1389	9.4800	25.7000	0.9300	0.9364	0.6262	-0.0008	508.0000	508.7672	1.0272	7.0000	99.7180	40.7905	0.8230	0.8250	5.0000	-9999.0000	-9999.0000	-9999.0000	-9999.0000	-9999.0000	-9999.0000	17.3285	1	0	25.5688	1.0000	99	9	-9999.0000	2441	30678	-9999	-9999	915	1915	314.4542	5	0.6168	0.6262	-0.0008	28.3084	1.9598	492.1436	412.6321	40.3009	488.6805	95.0463	485.2540	94.7222	490.5911	94.7917	493.4266	94.8148	
12/08/2017	00:25:44	011995	G523030602HLR	L523	S		458.6858	1.0400	0.0000	99.9339	40.0972	0.8230	1.1609	5.0000	19.8088	508.0513	95.1389	10.1001	25.7000	0.9300	0.9365	0.6262	-0.0008	508.0000	507.7396	1.0272	7.0000	99.7491	40.7284	0.8230	0.8251	5.0000	-9999.0000	-9999.0000	-9999.0000	-9999.0000	-9999.0000	-9999.0000	17.2412	2	0	25.0887	1.0000	99	9	-9999.0000	2442	30679	-9999	-9999	915	1917	314.1834	5	0.6169	0.6262	-0.0008	28.1776	1.9689	489.1009	426.5001	43.4028	486.5494	94.9306	483.9702	94.8611	486.9365	94.6991	490.0820	94.7454	
12/08/2017	00:26:09	011995	G523030078HLR	L523	S		453.2741	1.0400	0.0000	99.9387	40.0919	0.8230	1.1605	5.0000	19.6092	508.0702	95.0926	11.8598	25.7000	0.9300	0.9366	0.6260	-0.0008	508.0000	508.4196	1.0272	7.0000	99.7997	40.7354	0.8230	0.8254	5.0000	-9999.0000	-9999.0000	-9999.0000	-9999.0000	-9999.0000	-9999.0000	17.4573	3	0	25.2408	1.0000	99	9	-9999.0000	2443	30680	-9999	-9999	916	1919	313.5580	5	0.6171	0.6260	-0.0008	28.0574	1.9772	485.2751	435.7355	41.3194	483.0101	95.0926	475.8708	94.7917	481.2165	94.7917	485.8374	94.7917	
12/08/2017	00:26:36	011995	G523030378HLR	L523	S		462.0823	1.0400	0.0000	99.9101	40.0875	0.8230	1.1604	5.0000	20.0471	508.0463	95.0000	8.4087	25.7000	0.9300	0.9364	0.6261	-0.0008	508.0000	506.9855	1.0272	7.0000	99.7367	40.7048	0.8230	0.8252	5.0000	-9999.0000	-9999.0000	-9999.0000	-9999.0000	-9999.0000	-9999.0000	17.1186	4	0	26.4164	1.0000	99	9	-9999.0000	2443	30681	-9999	-9999	917	1921	314.8397	5	0.6172	0.6261	-0.0008	27.9184	1.9877	495.5176	441.6607	44.2130	493.1058	95.0231	489.8984	94.7454	493.9935	94.8380	497.3736	94.8380	
12/08/2017	00:27:00	011995	G523030115HLR	L523	S		459.0869	1.0400	0.0000	99.9360	40.0798	0.8230	1.1604	5.0000	20.1992	508.0644	95.0926	9.7797	25.9000	0.9300	0.9369	0.6256	-0.0007	508.0000	507.7814	1.0272	7.0000	99.8572	40.6752	0.8230	0.8241	5.0000	-9999.0000	-9999.0000	-9999.0000	-9999.0000	-9999.0000	-9999.0000	17.2405	5	0	25.1785	1.0000	99	9	-9999.0000	2444	30682	-9999	-9999	918	1923	314.2872	5	0.6174	0.6256	-0.0007	28.1037	1.9655	494.0415	325.1435	40.4630	488.5644	95.2315	482.3584	94.8611	486.5051	94.7454	491.3044	94.6991	
12/08/2017	00:27:27	011995	G523030398HLR	L523	S		459.0146	1.0400	0.0000	99.9172	39.8816	0.8230	1.1605	5.0000	20.5015	508.0371	95.0694	9.4097	25.8000	0.9300	0.9366	0.6264	-0.0008	508.0000	507.2723	1.0272	7.0000	99.7440	40.7000	0.8230	0.8236	5.0000	-9999.0000	-9999.0000	-9999.0000	-9999.0000	-9999.0000	-9999.0000	17.6905	6	0	26.1796	1.0000	99	9	-9999.0000	2445	30683	-9999	-9999	919	1925	314.4707	5	0.6175	0.6264	-0.0008	28.0162	1.9882	496.9781	418.1456	42.1065	493.4480	95.1852	484.4501	94.8380	489.1164	94.7685	492.4511	94.8611	
12/08/2017	00:27:52	011995	G523030418HLR	L523	S		460.2518	1.0400	0.0000	99.9513	39.8472	0.8230	1.1606	5.0000	20.2170	508.0894	95.2315	9.4692	25.7000	0.9300	0.9366	0.6264	-0.0008	508.0000	507.7469	1.0272	7.0000	99.7603	40.7500	0.8230	0.8246	5.0000	-9999.0000	-9999.0000	-9999.0000	-9999.0000	-9999.0000	-9999.0000	17.1314	7	0	24.9681	1.0000	99	9	-9999.0000	2446	30684	-9999	-9999	920	1927	314.4655	5	0.6176	0.6264	-0.0008	27.7107	2.0302	494.5415	422.2353	43.5880	490.7872	95.0926	482.6053	94.8148	488.7849	94.8148	492.4162	94.7685	
12/08/2017	00:28:18	011995	G523030403HLR	L523	S		446.4919	1.0400	0.0000	99.9004	39.8404	0.8230	1.1609	5.0000	20.0382	508.0318	94.9537	15.3196	25.7000	0.9300	0.9366	0.6272	-0.0009	508.0000	507.9445	1.0272	7.0000	99.7922	40.7497	0.8230	0.8251	5.0000	-9999.0000	-9999.0000	-9999.0000	-9999.0000	-9999.0000	-9999.0000	17.2002	8	0	26.0885	1.0000	99	9	-9999.0000	2447	30685	-9999	-9999	921	1928	312.0944	5	0.6181	0.6272	-0.0009	26.8683	2.1177	473.7978	435.3451	45.2546	472.5260	95.1852	464.6607	94.7917	469.3324	94.7454	474.3952	94.7917	
12/08/2017	00:28:44	011995	G523030395HLR	L523	S		445.8928	1.0400	0.0000	99.8876	39.8418	0.8230	1.1607	5.0000	20.2308	508.0649	95.0231	13.8489	25.6000	0.9300	0.9365	0.6272	-0.0009	508.0000	507.6361	1.0272	7.0000	99.7370	40.7393	0.8230	0.8252	5.0000	-9999.0000	-9999.0000	-9999.0000	-9999.0000	-9999.0000	-9999.0000	17.5592	1	0	26.5085	1.0000	99	9	-9999.0000	2448	30686	-9999	-9999	922	1930	312.5987	5	0.6181	0.6272	-0.0009	26.8683	2.1177	476.6831	461.0637	44.2361	475.5443	95.2083	470.4586	94.7685	473.3752	94.7222	478.4304	94.8380	
12/08/2017	00:29:09	011995	G523030416HLR	L523	S		445.8480	1.0400	0.0000	99.8653	39.8541	0.8230	1.1607	5.0000	19.9907	508.0619	94.8843	15.0891	25.6000	0.9300	0.9365	0.6280	-0.0009	508.0000	507.8950	1.0272	7.0000	99.7765	40.7115	0.8230	0.8248	5.0000	-9999.0000	-9999.0000	-9999.0000	-9999.0000	-9999.0000	-9999.0000	17.5948	2	0	25.1586	1.0000	99	9	-9999.0000	2449	30687	-9999	-9999	922	1932	311.8584	5	0.6182	0.6280	-0.0009	26.6400	2.1509	473.1913	474.9286	46.3426	472.5304	95.2315	464.7997	94.7222	470.6352	94.6991	474.7073	94.7917	
12/08/2017	00:29:35	011995	G523030422HLR	L523	S		467.1712	1.0400	0.0000	99.8790	39.8564	0.8230	1.1607	5.0000	20.1493	0.0000	0.0000	0.0000	0.0000	0.9300	0.0000	0.0000	0.0000	0.0000	467.4055	1.0272	7.0000	99.8312	40.7000	0.8230	0.8238	5.0000	-9999.0000	-9999.0000	-9999.0000	-9999.0000	-9999.0000	-9999.0000	17.2787	3	8	25.1589	1.0000	99	9	-9999.0000	2450	0	-9999	-9999	923	1934	0.0000	0	0.0000	0.0000	0.0000	0.0000	0.0000	0.0000	0.0000	0.0000	0.0000	0.0000	0.0000	0.0000	0.0000	0.0000	0.0000	0.0000	
12/08/2017	00:30:00	011995	G523030413HLR	L523	S		443.3974	1.0400	0.0000	99.9330	39.8667	0.8230	1.1608	5.0000	20.1725	508.0326	94.8843	14.9397	25.8000	0.9300	0.9367	0.6279	-0.0009	508.0000	507.1162	1.0272	7.0000	99.7588	40.7500	0.8230	0.8241	5.0000	-9999.0000	-9999.0000	-9999.0000	-9999.0000	-9999.0000	-9999.0000	17.2932	4	0	25.3189	1.0000	99	9	-9999.0000	2450	30688	-9999	-9999	923	1936	311.9862	5	0.6181	0.6279	-0.0009	24.8572	2.3319	475.3610	414.0214	41.2963	475.5995	95.3009	467.7513	94.8611	471.0401	94.6991	473.5473	94.8843	
12/08/2017	00:30:25	011995	G523030407HLR	L523	S		434.8204	1.0400	0.0000	99.8634	39.8681	0.8230	1.1608	5.0000	19.8885	508.0573	94.9537	15.1994	25.7000	0.9300	0.9367	0.6278	-0.0009	508.0000	508.1984	1.0272	7.0000	100.0899	40.7766	0.8230	0.8249	5.0000	-9999.0000	-9999.0000	-9999.0000	-9999.0000	-9999.0000	-9999.0000	17.4968	5	0	25.1287	1.0000	99	9	-9999.0000	2451	30689	-9999	-9999	924	1938	311.9647	5	0.6181	0.6278	-0.0009	23.4303	2.4760	467.7154	425.7887	42.8704	464.3276	95.2546	458.9950	94.6759	466.3452	94.6296	473.9143	94.9074	
12/08/2017	00:30:51	011995	G523030427HLR	L523	S		463.8361	1.0400	0.0000	99.8604	39.8831	0.8230	1.1607	5.0000	20.6839	508.1009	95.0463	8.6597	25.7000	0.9300	0.9364	0.6279	-0.0009	508.0000	510.6750	1.0272	7.0000	99.7583	40.7622	0.8230	0.8252	5.0000	-9999.0000	-9999.0000	-9999.0000	-9999.0000	-9999.0000	-9999.0000	17.2894	6	0	25.3996	1.0000	99	9	-9999.0000	2452	30690	-9999	-9999	925	1940	315.0429	5	0.6179	0.6279	-0.0009	22.5094	2.5573	497.4429	434.7583	42.9630	494.0009	94.9769	485.8000	94.7222	490.7540	94.7222	495.1337	94.8148	
12/08/2017	00:31:16	011995	G523030387HLR	L523	S		469.3823	1.0400	0.0000	99.8582	39.9097	0.8230	1.1607	5.0000	20.2196	0.0000	0.0000	0.0000	0.0000	0.9300	0.0000	0.0000	0.0000	0.0000	469.5469	1.0272	7.0000	99.7696	40.7185	0.8230	0.8246	5.0000	-9999.0000	-9999.0000	-9999.0000	-9999.0000	-9999.0000	-9999.0000	17.2036	7	8	25.5674	1.0000	99	9	-9999.0000	2453	0	-9999	-9999	926	1942	0.0000	0	0.0000	0.0000	0.0000	0.0000	0.0000	0.0000	0.0000	0.0000	0.0000	0.0000	0.0000	0.0000	0.0000	0.0000	0.0000	0.0000	
12/08/2017	00:31:41	011995	G523029921HLR	L523	S		470.6134	1.0400	0.0000	99.9437	39.9144	0.8230	1.1607	5.0000	20.4596	0.0000	0.0000	0.0000	0.0000	0.9300	0.0000	0.0000	0.0000	0.0000	470.8503	1.0272	7.0000	99.7856	40.7167	0.8230	0.8238	5.0000	-9999.0000	-9999.0000	-9999.0000	-9999.0000	-9999.0000	-9999.0000	17.1566	8	8	24.9089	1.0000	99	9	-9999.0000	2454	0	-9999	-9999	926	1944	0.0000	0	0.0000	0.0000	0.0000	0.0000	0.0000	0.0000	0.0000	0.0000	0.0000	0.0000	0.0000	0.0000	0.0000	0.0000	0.0000	0.0000	
12/08/2017	00:32:06	011995	G523029930HLR	L523	S		463.3791	1.0400	0.0000	99.9249	39.9182	0.8230	1.1607	5.0000	20.2759	508.1187	94.9769	7.7095	25.9000	0.9300	0.9366	0.6277	-0.0009	508.0000	508.9737	1.0272	7.0000	99.7534	40.7656	0.8230	0.8239	5.0000	-9999.0000	-9999.0000	-9999.0000	-9999.0000	-9999.0000	-9999.0000	17.4638	1	0	25.1188	1.0000	99	9	-9999.0000	2455	30691	-9999	-9999	927	1946	315.5952	5	0.6178	0.6277	-0.0009	20.7652	2.7124	495.0249	390.9763	40.8565	490.7852	94.9074	487.8050	94.7222	494.1549	94.8148	497.5580	94.7222	
12/08/2017	00:32:31	011995	G523029942HLR	L523	S		460.4910	1.0400	0.0000	99.9007	39.9148	0.8230	1.1604	5.0000	22.1176	508.1168	95.0926	9.6900	25.9000	0.9300	0.9367	0.6277	-0.0009	508.0000	507.7616	1.0272	7.0000	99.8132	40.7940	0.8230	0.8249	5.0000	-9999.0000	-9999.0000	-9999.0000	-9999.0000	-9999.0000	-9999.0000	17.3205	2	0	25.2378	1.0000	99	9	-9999.0000	2456	30692	-9999	-9999	928	1948	314.6168	5	0.6178	0.6277	-0.0009	21.4164	2.6655	489.4217	409.5579	42.6157	486.7321	94.8843	481.9096	94.8148	488.1181	94.7222	492.1675	94.7685	
12/08/2017	00:32:57	011995	G523029953HLR	L523	S		454.6153	1.0400	0.0000	99.9203	39.9401	0.8230	1.1607	5.0000	19.8289	508.0630	95.0694	12.2288	25.7000	0.9300	0.9367	0.6277	-0.0009	508.0000	507.2786	1.0272	7.0000	99.7113	40.7709	0.8230	0.8252	5.0000	-9999.0000	-9999.0000	-9999.0000	-9999.0000	-9999.0000	-9999.0000	17.2389	3	0	25.1720	1.0000	99	9	-9999.0000	2456	30693	-9999	-9999	929	1950	313.4326	5	0.6178	0.6277	-0.0009	21.4164	2.6655	482.8721	419.2299	43.5880	480.2924	95.0463	474.0258	94.8148	479.6668	94.7685	483.2107	94.7917	
12/08/2017	00:33:22	011995	G523029700HLR	L523	S		458.4172	1.0400	0.0000	99.9492	39.9528	0.8230	1.1606	5.0000	20.3085	508.1234	95.0463	10.8188	25.7000	0.9300	0.9366	0.6277	-0.0009	508.0000	507.3275	1.0272	7.0000	99.7926	40.7318	0.8230	0.8244	5.0000	-9999.0000	-9999.0000	-9999.0000	-9999.0000	-9999.0000	-9999.0000	17.2487	4	0	25.7863	1.0000	99	9	-9999.0000	2457	30694	-9999	-9999	930	1952	314.2111	5	0.6178	0.6277	-0.0009	21.4164	2.6655	486.2686	428.0773	42.8472	484.9760	94.8148	479.5033	94.9074	484.9919	94.8148	488.9003	94.8380	
12/08/2017	00:33:47	011995	G523029947HLR	L523	S		460.6347	1.0400	0.0000	99.9200	39.9612	0.8230	1.1607	5.0000	20.1573	508.0449	95.0694	10.6391	25.7000	0.9300	0.9367	0.6277	-0.0009	508.0000	507.7940	1.0272	7.0000	99.6976	40.7381	0.8230	0.8236	5.0000	-9999.0000	-9999.0000	-9999.0000	-9999.0000	-9999.0000	-9999.0000	17.2003	5	0	25.2380	1.0000	99	9	-9999.0000	2458	30695	-9999	-9999	931	1954	314.0984	5	0.6178	0.6277	-0.0009	22.0575	2.6130	487.0655	424.3659	43.2639	485.9152	94.8148	479.3944	94.7917	484.7116	94.8380	488.5859	94.8148	
12/08/2017	00:34:13	011995	G523029723HLR	L523	S		454.3292	1.0400	0.0000	99.9007	39.9665	0.8230	1.1607	5.0000	20.1190	508.0464	95.0463	12.0697	25.6000	0.9300	0.9366	0.6278	-0.0009	508.0000	506.3405	1.0272	7.0000	99.7173	40.7855	0.8230	0.8243	5.0000	-9999.0000	-9999.0000	-9999.0000	-9999.0000	-9999.0000	-9999.0000	17.2489	6	0	25.1285	1.0000	99	9	-9999.0000	2459	30696	-9999	-9999	932	1956	313.5102	5	0.6179	0.6278	-0.0009	21.6642	2.6574	482.8998	427.2316	45.0000	480.7989	94.9306	474.7313	94.7454	479.1658	94.8148	481.9474	94.7917	
12/08/2017	00:34:37	011995	G523029713HLR	L523	S		460.1532	1.0400	0.0000	99.8890	39.9768	0.8230	1.1606	5.0000	20.1091	508.0770	95.0926	11.2797	25.6000	0.9300	0.9366	0.6278	-0.0009	508.0000	508.3600	1.0272	7.0000	99.8018	40.7967	0.8230	0.8250	5.0000	-9999.0000	-9999.0000	-9999.0000	-9999.0000	-9999.0000	-9999.0000	17.4989	7	0	24.9089	1.0000	99	9	-9999.0000	2460	30697	-9999	-9999	933	1958	313.9354	5	0.6180	0.6278	-0.0009	21.9315	2.6344	488.7357	420.7750	44.3750	486.1460	95.0000	479.0131	94.8380	483.3845	94.7917	487.0803	94.8611	
12/08/2017	00:35:03	011995	G523031552HLR	L523	S		445.2739	1.0400	0.0000	99.9453	39.9813	0.8230	1.1607	5.0000	20.1883	508.0798	94.9769	14.6594	25.6000	0.9300	0.9366	0.6280	-0.0009	508.0000	509.6920	1.0272	7.0000	99.7073	40.7742	0.8230	0.8251	5.0000	-9999.0000	-9999.0000	-9999.0000	-9999.0000	-9999.0000	-9999.0000	17.1682	8	0	25.1987	1.0000	99	9	-9999.0000	2461	30698	-9999	-9999	934	1960	312.4131	5	0.6180	0.6280	-0.0009	22.3249	2.5980	462.6945	421.3505	44.7917	459.5019	95.1620	460.3312	94.7685	468.0639	94.7222	473.3359	94.7917	
12/08/2017	00:35:28	011995	G523031554HLR	L523	S		456.7372	1.0400	0.0000	100.0463	39.9809	0.8230	1.1606	5.0000	20.7103	508.1069	95.0000	12.7699	25.6000	0.9300	0.9365	0.6282	-0.0009	508.0000	509.5293	1.0272	7.0000	99.7858	40.7372	0.8230	0.8241	5.0000	-9999.0000	-9999.0000	-9999.0000	-9999.0000	-9999.0000	-9999.0000	17.5590	1	0	24.8787	1.0000	99	9	-9999.0000	2461	30699	-9999	-9999	935	1962	313.2804	5	0.6180	0.6282	-0.0009	22.5855	2.5728	482.8860	459.3152	43.1713	480.9846	95.3472	473.7147	94.7222	478.1285	94.6759	482.3516	94.8380	
12/08/2017	00:35:52	011995	G523031546HLR	L523	S		455.2869	1.0400	0.0000	99.9616	40.0011	0.8230	1.1605	5.0000	20.5737	508.0989	95.0694	12.6194	25.6000	0.9300	0.9365	0.6281	-0.0009	508.0000	509.0450	1.0272	7.0000	99.7713	40.7652	0.8230	0.8236	5.0000	-9999.0000	-9999.0000	-9999.0000	-9999.0000	-9999.0000	-9999.0000	17.6463	2	0	24.8287	1.0000	99	9	-9999.0000	2462	30700	-9999	-9999	936	1964	313.3883	5	0.6180	0.6281	-0.0009	22.8656	2.5464	481.2124	423.6829	41.5509	478.5588	95.0231	473.5828	94.7454	479.4703	94.7917	483.0264	94.8380	
12/08/2017	00:36:17	011995	G523031549HLR	L523	S		456.6664	1.0400	0.0000	99.8861	40.0071	0.8230	1.1606	5.0000	20.3385	508.0885	95.0463	13.3694	25.6000	0.9300	0.9366	0.6281	-0.0009	508.0000	509.6049	1.0272	7.0000	99.7645	40.8016	0.8230	0.8246	5.0000	-9999.0000	-9999.0000	-9999.0000	-9999.0000	-9999.0000	-9999.0000	17.2486	3	0	24.9392	1.0000	99	9	-9999.0000	2462	30700	-9999	-9999	937	1966	313.0297	5	0.6180	0.6281	-0.0009	22.8514	2.5381	481.9228	425.2413	41.8750	480.3947	95.0000	472.5152	94.8611	476.9105	94.7917	480.3819	94.8380	
12/08/2017	00:36:42	011995	G523031545HLR	L523	S		456.8424	1.0400	0.0000	99.8925	40.0102	0.8230	1.1606	5.0000	20.2342	508.0757	95.0926	11.9496	25.6000	0.9300	0.9366	0.6283	-0.0009	508.0000	508.6867	1.0272	7.0000	99.7607	40.7970	0.8230	0.8251	5.0000	-9999.0000	-9999.0000	-9999.0000	-9999.0000	-9999.0000	-9999.0000	17.1590	4	0	24.8689	1.0000	99	9	-9999.0000	2463	30701	-9999	-9999	938	1968	313.6125	5	0.6178	0.6283	-0.0009	21.6597	2.6601	483.1563	406.8094	43.0093	480.4627	95.0000	475.1347	94.7917	480.4151	94.7454	483.7398	94.8148	
12/08/2017	00:37:07	011995	G523031620HLR	L523	S		454.0438	1.0400	0.0000	99.8852	40.0198	0.8230	1.1606	5.0000	19.6083	508.0443	95.0694	12.9593	25.6000	0.9300	0.9366	0.6281	-0.0009	508.0000	508.3524	1.0272	7.0000	99.7403	40.7586	0.8230	0.8246	5.0000	-9999.0000	-9999.0000	-9999.0000	-9999.0000	-9999.0000	-9999.0000	17.2581	5	0	24.9479	1.0000	99	9	-9999.0000	2463	30702	-9999	-9999	939	1970	313.0725	5	0.6176	0.6281	-0.0009	21.9904	2.6200	479.9099	414.2304	40.3704	477.5164	94.9769	473.1970	94.7917	477.4537	94.7917	480.3222	94.8148	
12/08/2017	00:37:32	011995	G523031612HLR	L523	S		455.2497	1.0400	0.0000	99.8889	40.0265	0.8230	1.1606	5.0000	20.1366	508.0995	95.0926	12.4193	25.6000	0.9300	0.9367	0.6284	-0.0009	508.0000	508.3612	1.0272	7.0000	99.7148	40.7500	0.8230	0.8236	5.0000	-9999.0000	-9999.0000	-9999.0000	-9999.0000	-9999.0000	-9999.0000	17.1989	6	0	24.8490	1.0000	99	9	-9999.0000	2464	30703	-9999	-9999	940	1972	313.3940	5	0.6175	0.6284	-0.0009	22.5462	2.5712	480.6164	407.4988	40.0000	478.2600	95.0231	473.2766	94.7222	479.2881	94.7685	483.0454	94.8380	
12/08/2017	00:37:57	011995	G523031608HLR	L523	S		456.0528	1.0400	0.0000	99.9300	40.0250	0.8230	1.1606	5.0000	19.9890	508.0818	95.0231	13.9192	25.6000	0.9300	0.9367	0.6286	-0.0010	508.0000	510.2900	1.0272	7.0000	99.7799	40.8000	0.8230	0.8240	5.0000	-9999.0000	-9999.0000	-9999.0000	-9999.0000	-9999.0000	-9999.0000	17.4384	7	0	24.8582	1.0000	99	9	-9999.0000	2464	30704	-9999	-9999	941	1974	312.6372	5	0.6174	0.6286	-0.0010	23.3131	2.4971	478.7838	414.7872	42.0833	476.7597	95.0694	471.0748	94.7917	474.5064	94.6991	479.5630	94.8148	
12/08/2017	00:38:22	011995	G523031538HLR	L523	S		457.0454	1.0400	0.0000	99.9223	40.0357	0.8230	1.1606	5.0000	19.9502	508.0759	95.0694	11.5492	25.6000	0.9300	0.9366	0.6286	-0.0010	508.0000	508.0784	1.0272	7.0000	99.7428	40.8119	0.8230	0.8249	5.0000	-9999.0000	-9999.0000	-9999.0000	-9999.0000	-9999.0000	-9999.0000	17.3034	8	0	24.8647	1.0000	99	9	-9999.0000	2465	30705	-9999	-9999	942	1976	313.7321	5	0.6174	0.6286	-0.0010	23.3039	2.4973	485.4459	456.6657	43.6343	483.3888	95.3009	476.0281	94.6528	480.8153	94.7454	485.0800	94.8380	
12/08/2017	00:38:47	011995	G523031555HLR	L523	S		454.2416	1.0400	0.0000	99.9208	40.0448	0.8230	1.1606	5.0000	19.9287	508.0636	95.0000	14.0696	25.6000	0.9300	0.9367	0.6285	-0.0010	508.0000	508.9724	1.0272	7.0000	99.7468	40.7900	0.8230	0.8250	5.0000	-9999.0000	-9999.0000	-9999.0000	-9999.0000	-9999.0000	-9999.0000	17.1086	1	0	24.9832	1.0000	99	9	-9999.0000	2466	30706	-9999	-9999	943	1978	312.4776	5	0.6174	0.6285	-0.0010	23.6520	2.4592	477.8894	412.4704	40.8565	475.8429	95.0926	469.5267	94.7454	475.8689	94.7685	478.6435	94.8380	
12/08/2017	00:39:12	011995	G523031618HLR	L523	S		458.9193	1.0400	0.0000	99.9244	40.0498	0.8230	1.1606	5.0000	20.0390	508.0615	94.9769	11.1693	25.6000	0.9300	0.9367	0.6283	-0.0009	508.0000	508.6649	1.0272	7.0000	99.7449	40.7501	0.8230	0.8241	5.0000	-9999.0000	-9999.0000	-9999.0000	-9999.0000	-9999.0000	-9999.0000	17.0386	2	0	24.8581	1.0000	99	9	-9999.0000	2467	30707	-9999	-9999	944	1980	313.8921	5	0.6173	0.6283	-0.0009	23.6590	2.4489	486.8650	430.3092	40.7176	483.5024	95.3009	478.9766	94.8148	483.2621	94.6296	486.8323	94.8148	
12/08/2017	00:39:37	011995	G523031621HLR	L523	S		457.5022	1.0400	0.0000	99.9318	40.0584	0.8230	1.1606	5.0000	20.0484	508.1347	95.0694	12.3890	25.6000	0.9300	0.9367	0.6282	-0.0009	508.0000	508.9236	1.0272	7.0000	99.7346	40.7667	0.8230	0.8235	5.0000	-9999.0000	-9999.0000	-9999.0000	-9999.0000	-9999.0000	-9999.0000	17.3287	3	0	25.0096	1.0000	99	9	-9999.0000	2468	30708	-9999	-9999	945	1982	313.3389	5	0.6170	0.6282	-0.0009	25.2849	2.2928	483.2566	424.0348	42.5694	480.4614	94.9769	478.1166	94.7917	480.2380	94.7917	484.1473	94.8380	
12/08/2017	00:40:01	011995	G523031623HLR	L523	S		453.3344	1.0400	0.0000	99.9451	40.0636	0.8230	1.1605	5.0000	20.1138	508.0467	95.0463	13.3391	25.6000	0.9300	0.9366	0.6282	-0.0009	508.0000	508.7657	1.0272	7.0000	99.7409	40.8156	0.8230	0.8245	5.0000	-9999.0000	-9999.0000	-9999.0000	-9999.0000	-9999.0000	-9999.0000	17.1471	4	0	24.9077	1.0000	99	9	-9999.0000	2469	30709	-9999	-9999	946	1984	312.7956	5	0.6170	0.6282	-0.0009	25.3210	2.2920	481.6218	430.4225	41.4583	479.3338	95.0926	471.3676	94.7685	475.7017	94.7454	479.9589	94.8148	
12/08/2017	00:40:27	011995	G523031625HLR	L523	S		459.0658	1.0400	0.0000	99.9317	40.0688	0.8230	1.1605	5.0000	20.1009	508.0420	95.0926	11.9594	25.6000	0.9300	0.9367	0.6284	-0.0010	508.0000	508.4426	1.0272	7.0000	99.7568	40.8098	0.8230	0.8250	5.0000	-9999.0000	-9999.0000	-9999.0000	-9999.0000	-9999.0000	-9999.0000	17.2181	5	0	25.4394	1.0000	99	9	-9999.0000	2470	30710	-9999	-9999	947	1986	313.4154	5	0.6169	0.6284	-0.0010	25.5480	2.2746	484.4126	423.7987	43.4491	482.1686	95.1620	475.5467	94.7454	480.9151	94.6991	484.5431	94.7917	
12/08/2017	00:40:52	011995	G523031627HLR	L523	S		453.7289	1.0400	0.0000	99.8958	40.0758	0.8230	1.1605	5.0000	19.9492	508.0651	95.0463	13.2991	25.6000	0.9300	0.9367	0.6288	-0.0010	508.0000	507.8341	1.0272	7.0000	99.7146	40.7837	0.8230	0.8249	5.0000	-9999.0000	-9999.0000	-9999.0000	-9999.0000	-9999.0000	-9999.0000	17.2333	6	0	24.8781	1.0000	99	9	-9999.0000	2471	30711	-9999	-9999	948	1988	312.7884	5	0.6168	0.6288	-0.0010	25.4987	2.2747	479.0812	418.0762	43.7269	477.1101	95.0463	470.7730	94.7917	475.4844	94.7917	478.7012	94.8380	
12/08/2017	00:41:17	011995	G523031632HLR	L523	S		455.0097	1.0400	0.0000	99.9439	40.0722	0.8230	1.1604	5.0000	20.7689	508.0308	95.0694	12.4290	25.6000	0.9300	0.9365	0.6288	-0.0010	508.0000	506.8015	1.0272	7.0000	99.8559	40.7602	0.8230	0.8238	5.0000	-9999.0000	-9999.0000	-9999.0000	-9999.0000	-9999.0000	-9999.0000	19.4842	7	0	24.9187	1.0000	99	9	-9999.0000	2472	30712	-9999	-9999	949	1990	313.1723	5	0.6167	0.6288	-0.0010	25.1059	2.3025	481.9306	447.6905	43.4722	479.2824	95.2546	472.9526	94.6759	477.6671	94.7222	482.4870	94.8380	
12/08/2017	00:41:41	011995	G523031631HLR	L523	S		458.1919	1.0400	0.0000	99.8835	40.0784	0.8230	1.1605	5.0000	20.1786	508.0299	94.9769	11.9291	25.6000	0.9300	0.9366	0.6287	-0.0010	508.0000	508.6025	1.0272	7.0000	99.7264	40.8000	0.8230	0.8237	5.0000	-9999.0000	-9999.0000	-9999.0000	-9999.0000	-9999.0000	-9999.0000	17.1796	8	0	24.7984	1.0000	99	9	-9999.0000	2473	30713	-9999	-9999	950	1992	313.4048	5	0.6167	0.6287	-0.0010	25.2053	2.2826	483.6048	425.7949	43.2870	481.7649	95.0926	474.5153	94.7685	480.8223	94.7454	483.8861	94.7917	
12/08/2017	00:42:06	011995	G523031630HLR	L523	S		453.4888	1.0400	0.0000	99.9142	40.0864	0.8230	1.1605	5.0000	20.3593	508.0637	94.9769	14.5393	25.6000	0.9300	0.9367	0.6283	-0.0010	508.0000	508.9792	1.0272	7.0000	99.7432	40.8305	0.8230	0.8245	5.0000	-9999.0000	-9999.0000	-9999.0000	-9999.0000	-9999.0000	-9999.0000	18.0190	1	0	24.8095	1.0000	99	9	-9999.0000	2474	30714	-9999	-9999	951	1994	312.1486	5	0.6165	0.6283	-0.0010	24.6793	2.3169	477.6402	425.7044	41.7130	475.0416	95.2083	466.3213	94.7454	471.6454	94.7454	475.5509	94.8148	
12/08/2017	00:42:35	011995	G523031633HLR	L523	S		454.0081	1.0400	0.0000	99.8777	40.0958	0.8230	1.1605	5.0000	20.0742	508.1690	95.1157	13.1292	25.6000	0.9300	0.9366	0.6283	-0.0010	508.0000	508.6307	1.0272	7.0000	99.6794	40.8075	0.8230	0.8250	5.0000	-9999.0000	-9999.0000	-9999.0000	-9999.0000	-9999.0000	-9999.0000	17.0981	2	0	28.8477	1.0000	99	9	-9999.0000	2475	30715	-9999	-9999	952	1995	312.9294	5	0.6164	0.6283	-0.0010	24.4804	2.3220	480.7567	442.1530	41.9676	477.6230	95.5093	472.1995	94.7222	476.9856	94.6759	480.9416	94.7917	
12/08/2017	00:43:00	011995	G523031648HLR	L523	S		459.3042	1.0400	0.0000	99.9263	40.1046	0.8230	1.1605	5.0000	20.0887	508.0478	95.1157	11.3598	25.6000	0.9300	0.9366	0.6279	-0.0009	508.0000	508.2149	1.0272	7.0000	99.7401	40.7662	0.8230	0.8243	5.0000	-9999.0000	-9999.0000	-9999.0000	-9999.0000	-9999.0000	-9999.0000	17.1286	3	0	24.8494	1.0000	99	9	-9999.0000	2476	30716	-9999	-9999	953	1997	313.6864	5	0.6164	0.6279	-0.0009	23.6162	2.3785	485.6310	441.9673	41.5278	483.0186	95.1157	477.5464	94.7222	483.0910	94.7222	486.2044	94.7685	
12/08/2017	00:43:25	011995	G523031637HLR	L523	S		455.5006	1.0400	0.0000	99.9040	40.1070	0.8230	1.1605	5.0000	20.0789	508.0604	95.0463	12.5394	25.6000	0.9300	0.9367	0.6276	-0.0009	508.0000	508.3701	1.0272	7.0000	99.8169	40.7515	0.8230	0.8237	5.0000	-9999.0000	-9999.0000	-9999.0000	-9999.0000	-9999.0000	-9999.0000	17.0816	4	0	24.8688	1.0000	99	9	-9999.0000	2477	30717	-9999	-9999	954	1999	313.1116	5	0.6162	0.6276	-0.0009	22.4988	2.4538	481.5827	409.7807	41.6898	479.3035	95.0926	472.3077	94.7917	476.7904	94.7454	481.6042	94.8148	
12/08/2017	00:43:50	011995	G523031636HLR	L523	S		455.0020	1.0400	0.0000	99.9461	40.1064	0.8230	1.1605	5.0000	20.0898	508.0333	95.0463	12.5296	25.6000	0.9300	0.9366	0.6287	-0.0010	508.0000	508.1732	1.0272	7.0000	99.8247	40.7988	0.8230	0.8234	5.0000	-9999.0000	-9999.0000	-9999.0000	-9999.0000	-9999.0000	-9999.0000	19.1286	5	0	24.9285	1.0000	99	9	-9999.0000	2478	30718	-9999	-9999	955	2001	313.0488	5	0.6162	0.6287	-0.0010	31.5109	1.6613	485.2878	416.7284	39.6528	482.0744	95.1852	473.0423	94.7917	478.1926	94.8611	482.2941	94.7454	
12/08/2017	00:44:15	011995	G523028276HLR	L523	S		450.1483	1.0400	0.0000	99.9428	40.1072	0.8230	1.1605	5.0000	20.3182	508.1359	95.0231	13.8997	25.6000	0.9300	0.9366	0.6287	-0.0010	508.0000	506.3202	1.0272	7.0000	99.8223	40.8282	0.8230	0.8247	5.0000	-9999.0000	-9999.0000	-9999.0000	-9999.0000	-9999.0000	-9999.0000	17.3083	6	0	24.9186	1.0000	99	9	-9999.0000	2479	30719	-9999	-9999	956	2003	312.4435	5	0.6162	0.6287	-0.0010	31.2949	1.6838	478.7332	401.2838	42.3843	474.6457	95.1157	468.0990	94.7454	472.2246	94.7685	476.7346	94.7917	
12/08/2017	00:44:40	011995	G523031638HLR	L523	S		454.3714	1.0400	0.0000	99.9184	40.1120	0.8230	1.1605	5.0000	19.9881	508.0344	95.0231	13.3089	25.6000	0.9300	0.9367	0.6291	-0.0010	508.0000	508.8551	1.0272	7.0000	99.7614	40.8120	0.8230	0.8250	5.0000	-9999.0000	-9999.0000	-9999.0000	-9999.0000	-9999.0000	-9999.0000	17.2690	7	0	25.0084	1.0000	99	9	-9999.0000	2480	30720	-9999	-9999	957	2005	312.6113	5	0.6163	0.6291	-0.0010	31.0152	1.7013	481.6075	428.8605	42.1759	479.0567	95.3935	474.1466	94.7917	476.3834	94.6991	479.7215	94.7685	
12/08/2017	00:45:05	011995	G523031649HLR	L523	S		458.2665	1.0400	0.0000	99.8833	40.1323	0.8230	1.1604	5.0000	20.2187	508.0681	95.1157	10.9994	25.6000	0.9300	0.9365	0.6315	-0.0012	508.0000	506.6620	1.0272	7.0000	100.0305	40.7716	0.8230	0.8244	5.0000	-9999.0000	-9999.0000	-9999.0000	-9999.0000	-9999.0000	-9999.0000	17.2086	8	0	24.7885	1.0000	99	9	-9999.0000	2481	30721	-9999	-9999	958	2007	313.9806	5	0.6163	0.6315	-0.0012	31.0112	1.7039	483.3744	451.0358	42.7315	480.9343	95.2546	476.9180	94.7454	480.9903	94.6528	486.6491	94.7917	
12/08/2017	00:45:29	011995	G523030720HLR	L523	S		454.8498	1.0400	0.0000	99.8508	40.1250	0.8230	1.1605	5.0000	19.6032	508.0996	95.0463	12.3099	25.6000	0.9300	0.9367	0.6328	-0.0014	508.0000	507.4220	1.0272	7.0000	99.7072	40.7667	0.8230	0.8234	5.0000	-9999.0000	-9999.0000	-9999.0000	-9999.0000	-9999.0000	-9999.0000	17.3587	1	0	24.8992	1.0000	99	9	-9999.0000	2481	30722	-9999	-9999	959	2009	313.1654	5	0.6164	0.6328	-0.0014	31.0085	1.7075	478.7690	455.3351	44.2130	477.0444	95.1389	470.6043	94.6759	475.1167	94.7222	480.1601	94.7917	
12/08/2017	00:45:54	011995	G523031650HLR	L523	S		456.3295	1.0400	0.0000	99.8828	40.1262	0.8230	1.1609	5.0000	19.9384	508.0418	95.0231	12.3499	25.6000	0.9300	0.9367	0.6329	-0.0014	508.0000	508.1694	1.0272	7.0000	100.0373	40.8167	0.8230	0.8241	5.0000	-9999.0000	-9999.0000	-9999.0000	-9999.0000	-9999.0000	-9999.0000	17.2779	2	0	24.7780	1.0000	99	9	-9999.0000	2482	30723	-9999	-9999	960	2011	313.0469	5	0.6164	0.6329	-0.0014	29.0628	1.8651	477.3162	432.5618	45.2778	474.9899	94.9769	470.8971	94.7454	474.8142	94.7454	479.2944	94.8148	
12/08/2017	00:46:19	011995	G523030738HLR	L523	S		448.0203	1.0400	0.0000	99.9320	40.1187	0.8230	1.1604	5.0000	20.2585	508.1035	94.9769	13.9690	25.6000	0.9300	0.9366	0.6330	-0.0014	508.0000	507.0167	1.0272	7.0000	99.7292	40.8274	0.8230	0.8249	5.0000	-9999.0000	-9999.0000	-9999.0000	-9999.0000	-9999.0000	-9999.0000	17.2791	3	0	24.7486	1.0000	99	9	-9999.0000	2482	30724	-9999	-9999	961	2013	312.0186	5	0.6162	0.6330	-0.0014	26.1938	2.0949	472.7594	435.3315	44.6991	471.4950	95.1389	464.9608	94.7917	469.9755	94.7222	473.9554	94.7917	
12/08/2017	00:46:44	011995	G523031651HLR	L523	S		457.4107	1.0400	0.0000	99.9316	40.1212	0.8230	1.1604	5.0000	20.3403	508.0651	95.0463	12.0697	25.6000	0.9300	0.9366	0.6346	-0.0015	508.0000	509.2329	1.0272	7.0000	99.7981	40.7918	0.8230	0.8249	5.0000	-9999.0000	-9999.0000	-9999.0000	-9999.0000	-9999.0000	-9999.0000	17.0688	4	0	24.8796	1.0000	99	9	-9999.0000	2483	30725	-9999	-9999	962	2015	313.3615	5	0.6162	0.6346	-0.0015	24.2782	2.2436	479.7907	465.4367	44.1204	478.2329	95.3704	476.9985	94.6991	478.4614	94.6759	481.6767	94.7917	
12/08/2017	00:47:09	011995	G523031641HLR	L523	S		459.3091	1.0400	0.0000	99.9195	40.1209	0.8230	1.1604	5.0000	20.4393	508.0835	95.1620	10.7397	25.6000	0.9300	0.9365	0.6345	-0.0015	508.0000	509.0558	1.0272	7.0000	100.0173	40.7569	0.8230	0.8239	5.0000	-9999.0000	-9999.0000	-9999.0000	-9999.0000	-9999.0000	-9999.0000	17.3977	5	0	24.8928	1.0000	99	9	-9999.0000	2483	30726	-9999	-9999	963	2017	314.3963	5	0.6162	0.6345	-0.0015	24.2139	2.2480	484.4403	416.4182	44.5139	482.3265	94.9074	476.1665	94.7917	481.4131	94.7222	485.8127	94.8380	
12/08/2017	00:47:34	011995	G523030732HLR	L523	S		455.7479	1.0400	0.0000	99.8922	40.1238	0.8230	1.1604	5.0000	19.8987	508.0816	95.0926	11.0189	25.6000	0.9300	0.9367	0.6329	-0.0014	508.0000	507.2250	1.0272	7.0000	99.6749	40.7989	0.8230	0.8236	5.0000	-9999.0000	-9999.0000	-9999.0000	-9999.0000	-9999.0000	-9999.0000	17.2688	6	0	24.8600	1.0000	99	9	-9999.0000	2484	30727	-9999	-9999	964	2019	313.9920	5	0.6161	0.6329	-0.0014	23.8178	2.2775	481.2346	433.0568	42.7315	480.1925	95.0463	472.9423	94.7454	478.9408	94.7222	484.2793	94.7685	
12/08/2017	00:47:58	011995	G523030734HLR	L523	S		455.7443	1.0400	0.0000	99.9278	40.1212	0.8230	1.1604	5.0000	20.2391	508.0735	95.0463	11.7895	25.7000	0.9300	0.9367	0.6326	-0.0013	508.0000	507.2751	1.0272	7.0000	99.7205	40.8268	0.8230	0.8246	5.0000	-9999.0000	-9999.0000	-9999.0000	-9999.0000	-9999.0000	-9999.0000	17.0888	7	0	24.7634	1.0000	99	9	-9999.0000	2485	30728	-9999	-9999	965	2020	313.4861	5	0.6160	0.6326	-0.0013	24.2782	2.2470	481.7865	421.7943	42.1759	479.3347	94.9769	472.7049	94.7917	478.1643	94.7917	481.5410	94.8148	
12/08/2017	00:48:23	011995	G523031653HLR	L523	S		456.3973	1.0400	0.0000	99.9121	40.1184	0.8230	1.1604	5.0000	20.0682	508.1058	95.0231	12.2494	25.6000	0.9300	0.9367	0.6320	-0.0013	508.0000	508.3795	1.0272	7.0000	99.7143	40.8072	0.8230	0.8250	5.0000	-9999.0000	-9999.0000	-9999.0000	-9999.0000	-9999.0000	-9999.0000	17.0672	8	0	24.8876	1.0000	99	9	-9999.0000	2486	30729	-9999	-9999	965	2022	313.1792	5	0.6158	0.6320	-0.0013	24.2106	2.2518	478.9763	420.4969	43.5648	476.2845	94.9537	471.5693	94.7454	478.1783	94.7917	480.2506	94.8380	
12/08/2017	00:48:48	011995	G523030735HLR	L523	S		454.9928	1.0400	0.0000	99.9299	40.1024	0.8230	1.1602	5.0000	21.7781	508.0734	95.0231	12.4994	25.6000	0.9300	0.9367	0.6311	-0.0012	508.0000	508.0799	1.0272	7.0000	99.6986	40.7711	0.8230	0.8245	5.0000	-9999.0000	-9999.0000	-9999.0000	-9999.0000	-9999.0000	-9999.0000	17.4726	1	0	24.9588	1.0000	99	9	-9999.0000	2487	30730	-9999	-9999	966	2024	313.0075	5	0.6158	0.6311	-0.0012	27.1977	2.0205	480.4303	416.2238	40.8565	478.4374	94.9769	474.3337	94.7454	477.2879	94.8148	481.8189	94.8380	
12/08/2017	00:49:13	011995	G523030736HLR	L523	S		453.6342	1.0400	0.0000	99.9446	40.1078	0.8230	1.1604	5.0000	20.3085	508.0624	95.0231	12.5892	25.6000	0.9300	0.9367	0.6323	-0.0013	508.0000	508.0706	1.0272	7.0000	99.7426	40.7500	0.8230	0.8235	5.0000	-9999.0000	-9999.0000	-9999.0000	-9999.0000	-9999.0000	-9999.0000	17.2486	2	0	24.8286	1.0000	99	9	-9999.0000	2488	30731	-9999	-9999	966	2025	312.9354	5	0.6160	0.6323	-0.0013	28.2205	1.9442	478.4735	421.0123	43.1019	476.3088	94.9306	472.1859	94.8380	475.9799	94.6759	480.8577	94.8611	
12/08/2017	00:49:38	011995	G523030728HLR	L523	S		456.8259	1.0400	0.0000	99.9384	40.1130	0.8230	1.1604	5.0000	20.1289	508.0491	95.0463	10.2104	25.6000	0.9300	0.9365	0.6327	-0.0013	508.0000	506.2573	1.0272	7.0000	99.7618	40.8000	0.8230	0.8240	5.0000	-9999.0000	-9999.0000	-9999.0000	-9999.0000	-9999.0000	-9999.0000	17.3389	3	0	24.8894	1.0000	99	9	-9999.0000	2489	30732	-9999	-9999	967	2027	314.5766	5	0.6162	0.6327	-0.0013	28.5666	1.9183	484.7283	390.8392	40.3935	481.8264	94.9306	476.3461	94.7917	482.9818	94.7685	487.6540	94.8148	
12/08/2017	00:50:03	011995	G523030730HLR	L523	S		454.8231	1.0400	0.0000	99.9271	40.1148	0.8230	1.1604	5.0000	19.8961	508.0771	95.0694	12.3197	25.6000	0.9300	0.9367	0.6326	-0.0013	508.0000	508.6766	1.0272	7.0000	99.7421	40.8127	0.8230	0.8248	5.0000	-9999.0000	-9999.0000	-9999.0000	-9999.0000	-9999.0000	-9999.0000	17.1481	4	0	25.1480	1.0000	99	9	-9999.0000	2490	30733	-9999	-9999	968	2028	313.1787	5	0.6162	0.6326	-0.0013	28.4826	1.9218	479.2861	390.7775	39.1667	476.6575	95.1389	471.6050	94.7454	476.4748	94.8148	481.2366	94.8380	
12/08/2017	00:50:28	011995	G523030727HLR	L523	S		457.3237	1.0400	0.0000	99.9304	40.1071	0.8230	1.1604	5.0000	20.2426	508.0473	95.0463	11.4389	25.6000	0.9300	0.9367	0.6322	-0.0013	508.0000	508.2575	1.0272	7.0000	99.8543	40.8071	0.8230	0.8248	5.0000	-9999.0000	-9999.0000	-9999.0000	-9999.0000	-9999.0000	-9999.0000	19.4087	5	0	24.7692	1.0000	99	9	-9999.0000	2491	30734	-9999	-9999	969	2030	313.7297	5	0.6162	0.6322	-0.0013	28.4360	1.9304	482.8991	385.6473	42.2222	478.3089	94.9074	475.6243	94.7917	480.8135	94.7917	483.9923	94.8843	
12/08/2017	00:50:53	011995	G523030741HLR	L523	S		451.0972	1.0400	0.0000	99.9315	40.1102	0.8230	1.1605	5.0000	19.7284	508.0574	95.0000	12.7396	25.6000	0.9300	0.9366	0.6323	-0.0013	508.0000	506.5198	1.0272	7.0000	99.7904	40.7470	0.8230	0.8239	5.0000	-9999.0000	-9999.0000	-9999.0000	-9999.0000	-9999.0000	-9999.0000	17.4323	6	0	24.8888	1.0000	99	9	-9999.0000	2492	30735	-9999	-9999	970	2032	312.8700	5	0.6162	0.6323	-0.0013	28.1980	1.9529	475.6828	384.3204	41.1574	473.0247	95.0231	467.2652	94.7685	474.3531	94.7454	479.6719	94.8380	
12/08/2017	00:51:18	011995	G523030753HLR	L523	S		454.5409	1.0400	0.0000	99.9158	40.1108	0.8230	1.1605	5.0000	19.7393	508.0333	95.1157	11.0795	25.7000	0.9300	0.9366	0.6340	-0.0014	508.0000	507.2158	1.0272	7.0000	99.8082	40.7659	0.8230	0.8233	5.0000	-9999.0000	-9999.0000	-9999.0000	-9999.0000	-9999.0000	-9999.0000	18.6287	7	0	25.6091	1.0000	99	9	-9999.0000	2493	30736	-9999	-9999	971	2034	314.0600	5	0.6164	0.6340	-0.0014	29.2639	1.8691	481.8998	410.8167	42.5231	479.1703	95.1389	473.8272	94.7222	479.4700	94.7454	483.9543	94.8148	
12/08/2017	00:51:43	011995	G523030744HLR	L523	S		454.3260	1.0400	0.0000	99.9246	40.1062	0.8230	1.1604	5.0000	20.0986	508.0878	95.0463	12.1595	25.7000	0.9300	0.9367	0.6338	-0.0014	508.0000	507.9226	1.0272	7.0000	99.7405	40.8153	0.8230	0.8244	5.0000	-9999.0000	-9999.0000	-9999.0000	-9999.0000	-9999.0000	-9999.0000	17.2682	8	0	24.9884	1.0000	99	9	-9999.0000	2494	30737	-9999	-9999	971	2035	313.3389	5	0.6164	0.6338	-0.0014	29.0173	1.8924	478.7524	395.6322	40.1157	475.3187	95.1389	471.2671	94.7685	478.1422	94.7685	481.9082	94.7222	
12/08/2017	00:52:08	011995	G523030745HLR	L523	S		455.3093	1.0400	0.0000	99.9187	40.0967	0.8230	1.1604	5.0000	20.1493	508.0541	95.1389	10.7289	25.7000	0.9300	0.9367	0.6315	-0.0012	508.0000	506.2627	1.0272	7.0000	99.7778	40.8040	0.8230	0.8250	5.0000	-9999.0000	-9999.0000	-9999.0000	-9999.0000	-9999.0000	-9999.0000	17.1994	1	0	24.9586	1.0000	99	9	-9999.0000	2495	30738	-9999	-9999	972	2037	314.1372	5	0.6165	0.6315	-0.0012	28.7812	1.9149	484.4471	422.0407	42.1759	482.5390	95.1157	476.5357	94.7917	481.7432	94.7454	486.9207	94.8148	
12/08/2017	00:52:33	011995	G523030750HLR	L523	S		456.0689	1.0400	0.0000	99.9454	40.0951	0.8230	1.1604	5.0000	19.9537	508.0754	95.0463	11.6986	25.7000	0.9300	0.9366	0.6316	-0.0012	508.0000	508.4968	1.0272	7.0000	99.8211	40.7694	0.8230	0.8247	5.0000	-9999.0000	-9999.0000	-9999.0000	-9999.0000	-9999.0000	-9999.0000	17.2084	2	0	24.8689	1.0000	99	9	-9999.0000	2496	30739	-9999	-9999	973	2039	313.5952	5	0.6165	0.6316	-0.0012	27.7930	2.0015	480.0578	418.3909	41.1343	478.3410	95.1157	475.2869	94.7454	479.8228	94.8380	483.8028	94.7685	
12/08/2017	00:53:03	011995	G523030748HLR	L523	S		453.9072	1.0400	0.0000	99.9411	40.0908	0.8230	1.1604	5.0000	20.0269	508.0535	95.0231	14.5793	25.6000	0.9300	0.9366	0.6329	-0.0013	508.0000	508.7503	1.0272	7.0000	99.7136	40.7466	0.8230	0.8236	5.0000	-9999.0000	-9999.0000	-9999.0000	-9999.0000	-9999.0000	-9999.0000	17.2178	3	0	24.8579	1.0000	99	9	-9999.0000	2497	30740	-9999	-9999	974	2041	311.7119	5	0.6167	0.6329	-0.0013	27.8415	2.0074	462.8758	423.5960	41.9213	462.1441	95.2778	456.3758	94.7685	462.7908	94.7454	468.8307	94.8380	
12/08/2017	00:53:23	011995	G523030754HLR	L523	S		454.6393	1.0400	0.0000	99.9060	40.0933	0.8230	1.1604	5.0000	20.0389	508.1394	95.0463	12.4993	25.6000	0.9300	0.9367	0.6338	-0.0014	508.0000	508.7899	1.0272	7.0000	99.8159	40.7995	0.8230	0.8239	5.0000	-9999.0000	-9999.0000	-9999.0000	-9999.0000	-9999.0000	-9999.0000	17.0983	4	0	25.2486	1.0000	99	9	-9999.0000	2497	30741	-9999	-9999	975	2043	313.2547	5	0.6167	0.6338	-0.0014	28.1458	1.9901	478.1554	449.2819	46.9907	477.7561	95.4630	470.7299	94.7222	476.1391	94.6528	480.0002	94.8148	
12/08/2017	00:53:48	011995	G523030761HLR	L523	S		454.5859	1.0400	0.0000	99.8647	40.0909	0.8230	1.1604	5.0000	20.0290	508.0825	95.0463	11.8792	25.6000	0.9300	0.9365	0.6349	-0.0015	508.0000	507.9184	1.0272	7.0000	99.7276	40.8106	0.8230	0.8247	5.0000	-9999.0000	-9999.0000	-9999.0000	-9999.0000	-9999.0000	-9999.0000	17.2889	5	0	24.8189	1.0000	99	9	-9999.0000	2498	30742	-9999	-9999	976	2045	313.7151	5	0.6168	0.6349	-0.0015	29.4532	1.8918	481.5589	436.8221	44.5370	478.5019	95.0463	471.7238	94.7454	476.5120	94.7454	481.1104	94.7917	
12/08/2017	00:54:13	011995	G523030760HLR	L523	S		453.5485	1.0400	0.0000	99.9238	40.0854	0.8230	1.1605	5.0000	19.9089	508.0381	95.0231	12.0687	25.6000	0.9300	0.9365	0.6344	-0.0014	508.0000	507.0933	1.0272	7.0000	99.7472	40.7964	0.8230	0.8250	5.0000	-9999.0000	-9999.0000	-9999.0000	-9999.0000	-9999.0000	-9999.0000	17.2930	6	0	24.9215	1.0000	99	9	-9999.0000	2499	30743	-9999	-9999	977	2047	313.4967	5	0.6169	0.6344	-0.0014	30.1361	1.8361	476.9960	390.7959	38.7963	474.0627	94.9537	473.1392	94.7454	478.8376	94.8148	481.4007	94.8611	
12/08/2017	00:54:39	011995	G523030755HLR	L523	S		454.6125	1.0400	0.0000	99.8867	40.0803	0.8230	1.1604	5.0000	20.0278	508.0535	95.0231	13.2591	25.6000	0.9300	0.9367	0.6353	-0.0015	508.0000	507.8103	1.0272	7.0000	99.7494	40.7575	0.8230	0.8244	5.0000	-9999.0000	-9999.0000	-9999.0000	-9999.0000	-9999.0000	-9999.0000	17.2929	7	0	25.6165	1.0000	99	9	-9999.0000	2500	30744	-9999	-9999	978	2049	312.6209	5	0.6168	0.6353	-0.0015	32.3490	1.6558	474.4528	403.0384	39.6065	470.3842	95.2083	466.1698	94.7454	472.4234	94.7454	477.3934	94.7685	
12/08/2017	00:55:04	011995	G523030757HLR	L523	S		453.3513	1.0400	0.0000	99.9431	40.0750	0.8230	1.1604	5.0000	20.7088	508.0766	95.0694	11.9095	25.6000	0.9300	0.9367	0.6360	-0.0016	508.0000	507.7357	1.0272	7.0000	99.7804	40.7500	0.8230	0.8236	5.0000	-9999.0000	-9999.0000	-9999.0000	-9999.0000	-9999.0000	-9999.0000	17.1617	8	0	25.5769	1.0000	99	9	-9999.0000	2500	30744	-9999	-9999	979	2051	313.6755	5	0.6168	0.6360	-0.0016	32.2875	1.6650	477.3699	410.5667	39.2824	474.2883	95.1620	469.7794	94.7222	475.9670	94.7454	479.7316	94.8380	
12/08/2017	00:55:29	011995	G523030758HLR	L523	S		456.3696	1.0400	0.0000	99.9116	40.0839	0.8230	1.1605	5.0000	19.5153	508.0486	95.0231	11.8793	25.6000	0.9300	0.9366	0.6362	-0.0016	508.0000	508.8996	1.0272	7.0000	99.7330	40.7972	0.8230	0.8240	5.0000	-9999.0000	-9999.0000	-9999.0000	-9999.0000	-9999.0000	-9999.0000	17.0815	1	0	24.7888	1.0000	99	9	-9999.0000	2501	30745	-9999	-9999	980	2053	313.6204	5	0.6168	0.6362	-0.0016	32.7084	1.6385	476.7896	396.1333	39.4676	473.3506	95.0926	473.2285	94.7454	476.6057	94.7917	481.3019	94.9074	
12/08/2017	00:55:56	011995	G523031626HLR	L523	S		452.2795	1.0400	0.0000	99.9443	40.0762	0.8230	1.1604	5.0000	20.4695	508.0562	95.0000	12.9192	25.6000	0.9300	0.9366	0.6365	-0.0016	508.0000	507.9332	1.0272	7.0000	99.6598	40.8111	0.8230	0.8247	5.0000	-9999.0000	-9999.0000	-9999.0000	-9999.0000	-9999.0000	-9999.0000	17.3083	2	0	26.9379	1.0000	99	9	-9999.0000	2502	30746	-9999	-9999	981	2055	312.8463	5	0.6168	0.6365	-0.0016	33.0551	1.6191	474.1492	400.4449	40.3935	471.1379	95.1389	467.7038	94.8148	472.5648	94.8148	477.0653	94.7454	
12/08/2017	00:56:21	011995	G523031624HLR	L523	S		448.9253	1.0400	0.0000	99.9768	40.0712	0.8230	1.1604	5.0000	20.5172	508.0367	94.9769	14.6691	25.6000	0.9300	0.9366	0.6363	-0.0016	508.0000	507.1350	1.0272	7.0000	99.7583	40.7926	0.8230	0.8250	5.0000	-9999.0000	-9999.0000	-9999.0000	-9999.0000	-9999.0000	-9999.0000	17.3508	3	0	25.1235	1.0000	99	9	-9999.0000	2503	30747	-9999	-9999	982	2057	311.3964	5	0.6169	0.6363	-0.0016	32.0593	1.7006	470.4131	421.1729	41.6898	468.2613	95.3009	459.5955	94.6759	466.7551	94.7222	470.4573	94.7685	
12/08/2017	00:56:46	011995	G523031639HLR	L523	S		451.7071	1.0400	0.0000	99.9240	40.0754	0.8230	1.1605	5.0000	20.2194	508.0748	94.9769	14.5295	25.6000	0.9300	0.9367	0.6366	-0.0016	508.0000	507.5578	1.0272	7.0000	99.7940	40.7669	0.8230	0.8249	5.0000	-9999.0000	-9999.0000	-9999.0000	-9999.0000	-9999.0000	-9999.0000	17.2095	4	0	25.1043	1.0000	99	9	-9999.0000	2503	30748	-9999	-9999	983	2059	311.5571	5	0.6170	0.6366	-0.0016	32.2083	1.6934	471.1703	440.3740	43.6111	468.5727	95.5324	461.5674	94.6991	466.1321	94.6991	471.0262	94.7917	
12/08/2017	00:57:11	011995	G523028275HLR	L523	S		457.0311	1.0400	0.0000	99.9339	40.0778	0.8230	1.1605	5.0000	19.9407	508.0832	95.0231	11.6996	25.6000	0.9300	0.9367	0.6372	-0.0017	508.0000	508.7125	1.0272	7.0000	99.7199	40.7384	0.8230	0.8237	5.0000	-9999.0000	-9999.0000	-9999.0000	-9999.0000	-9999.0000	-9999.0000	17.1719	5	0	24.8255	1.0000	99	9	-9999.0000	2504	30749	-9999	-9999	984	2061	313.8589	5	0.6169	0.6372	-0.0017	33.5381	1.5894	478.5907	442.3298	43.2870	475.7986	95.4167	473.7223	94.6759	476.7198	94.7222	481.0724	94.7685	
12/08/2017	00:57:37	011995	G523031635HLR	L523	S		449.4360	1.0400	0.0000	99.9524	40.0810	0.8230	1.1605	5.0000	19.7987	508.1551	95.0000	13.9299	25.6000	0.9300	0.9367	0.6360	-0.0016	508.0000	507.1321	1.0272	7.0000	99.7019	40.7833	0.8230	0.8238	5.0000	-9999.0000	-9999.0000	-9999.0000	-9999.0000	-9999.0000	-9999.0000	17.3602	6	0	26.3211	1.0000	99	9	-9999.0000	2504	30750	-9999	-9999	984	2062	312.2110	5	0.6169	0.6360	-0.0016	32.5202	1.6814	470.3004	421.0284	43.1250	467.1507	95.1389	463.9463	94.7222	467.8578	94.6991	473.1917	94.7917	
12/08/2017	00:58:02	011995	G523031654HLR	L523	S		451.1084	1.0400	0.0000	99.9259	40.0784	0.8230	1.1605	5.0000	19.9272	508.0818	94.9769	14.1487	25.6000	0.9300	0.9366	0.6347	-0.0015	508.0000	508.1023	1.0272	7.0000	99.7538	40.8090	0.8230	0.8248	5.0000	-9999.0000	-9999.0000	-9999.0000	-9999.0000	-9999.0000	-9999.0000	17.0779	7	0	24.9792	1.0000	99	9	-9999.0000	2505	30751	-9999	-9999	985	2064	312.0788	5	0.6169	0.6347	-0.0015	30.9381	1.8167	472.0293	451.3027	42.5231	469.3068	95.3472	463.2616	94.6991	467.9658	94.7454	472.4532	94.8843	
12/08/2017	00:58:27	011995	G523031643HLR	L523	S		451.3459	1.0400	0.0000	99.8787	40.0731	0.8230	1.1605	5.0000	20.1639	508.0516	94.9537	14.1291	25.6000	0.9300	0.9366	0.6355	-0.0015	508.0000	508.5868	1.0272	7.0000	99.7626	40.7997	0.8230	0.8250	5.0000	-9999.0000	-9999.0000	-9999.0000	-9999.0000	-9999.0000	-9999.0000	18.4280	8	0	25.0483	1.0000	99	9	-9999.0000	2505	30752	-9999	-9999	986	2066	311.9654	5	0.6168	0.6355	-0.0015	32.4085	1.6909	472.1268	451.3969	40.6250	470.2330	95.3009	467.8990	94.7685	469.4799	94.6759	473.4803	94.7917	
12/08/2017	00:58:52	011995	G523031642HLR	L523	S		451.3513	1.0400	0.0000	99.8996	40.0736	0.8230	1.1605	5.0000	19.9881	508.0964	95.0231	13.0491	25.5000	0.9300	0.9365	0.6350	-0.0015	508.0000	506.6104	1.0272	7.0000	99.7210	40.7455	0.8230	0.8243	5.0000	-9999.0000	-9999.0000	-9999.0000	-9999.0000	-9999.0000	-9999.0000	17.1183	1	0	25.1092	1.0000	99	9	-9999.0000	2506	30753	-9999	-9999	987	2068	312.8649	5	0.6169	0.6350	-0.0015	32.0750	1.7182	475.1452	445.9070	42.5000	472.5621	95.3009	466.4585	94.7222	472.1056	94.6759	476.7002	94.7685	
12/08/2017	00:59:17	011995	G523031640HLR	L523	S		450.0090	1.0400	0.0000	99.9463	40.0581	0.8230	1.1604	5.0000	20.3689	508.0975	94.9537	15.3996	25.6000	0.9300	0.9366	0.6337	-0.0014	508.0000	508.9747	1.0272	7.0000	99.7836	40.7500	0.8230	0.8236	5.0000	-9999.0000	-9999.0000	-9999.0000	-9999.0000	-9999.0000	-9999.0000	17.4691	2	0	24.8786	1.0000	99	9	-9999.0000	2507	30754	-9999	-9999	988	2070	311.2692	5	0.6166	0.6337	-0.0014	31.6146	1.7709	468.3497	421.3282	41.5972	466.6818	95.0694	458.8470	94.7454	464.6459	94.6991	469.4173	94.9074	
12/08/2017	00:59:42	011995	G523031652HLR	L523	S		450.6371	1.0400	0.0000	99.8855	40.0569	0.8230	1.1606	5.0000	20.1077	508.1196	95.0000	13.9494	25.6000	0.9300	0.9367	0.6337	-0.0014	508.0000	507.0116	1.0272	7.0000	99.7697	40.7937	0.8230	0.8241	5.0000	-9999.0000	-9999.0000	-9999.0000	-9999.0000	-9999.0000	-9999.0000	17.1091	3	0	24.7988	1.0000	99	9	-9999.0000	2508	30755	-9999	-9999	989	2072	312.3519	5	0.6166	0.6337	-0.0014	31.6146	1.7709	474.3083	473.1526	44.9074	472.6850	95.3935	465.4494	94.6991	471.1507	94.7454	474.4037	94.7222	
12/08/2017	01:00:07	011995	G523030721HLR	L523	S		452.8280	1.0400	0.0000	99.9400	40.0696	0.8230	1.1605	5.0000	19.9081	508.0993	95.0231	13.0491	25.6000	0.9300	0.9367	0.6342	-0.0014	508.0000	508.6691	1.0272	7.0000	99.7747	40.8053	0.8230	0.8249	5.0000	-9999.0000	-9999.0000	-9999.0000	-9999.0000	-9999.0000	-9999.0000	17.2982	4	0	24.8780	1.0000	99	9	-9999.0000	2509	30756	-9999	-9999	990	2074	312.8957	5	0.6165	0.6342	-0.0014	30.9094	1.8363	475.1825	460.1955	42.7083	473.4795	95.1157	468.3404	94.7222	473.6204	94.6759	477.2128	94.7917	
12/08/2017	01:00:32	011995	G523030722HLR	L523	S		451.7822	1.0400	0.0000	99.9327	40.0604	0.8230	1.1605	5.0000	19.9816	508.0841	94.9074	14.2698	25.5000	0.9300	0.9366	0.6344	-0.0014	508.0000	508.3981	1.0272	7.0000	99.6927	40.7750	0.8230	0.8250	5.0000	-9999.0000	-9999.0000	-9999.0000	-9999.0000	-9999.0000	-9999.0000	17.1312	5	0	24.9284	1.0000	99	9	-9999.0000	2510	30757	-9999	-9999	991	2076	311.9975	5	0.6166	0.6344	-0.0014	31.6924	1.7691	471.4885	443.8787	42.5000	470.0802	95.0000	463.9238	94.7454	467.8029	94.7454	472.8549	94.7454	
12/08/2017	01:00:57	011995	G523031615HLR	L523	S		450.0779	1.0400	0.0000	99.9243	40.0478	0.8230	1.1605	5.0000	20.1690	508.1097	95.0000	13.2991	25.6000	0.9300	0.9367	0.6353	-0.0015	508.0000	506.5393	1.0272	7.0000	99.9096	40.7500	0.8230	0.8241	5.0000	-9999.0000	-9999.0000	-9999.0000	-9999.0000	-9999.0000	-9999.0000	19.8490	6	0	24.9194	1.0000	99	9	-9999.0000	2511	30758	-9999	-9999	991	2077	312.7336	5	0.6165	0.6353	-0.0015	30.9830	1.8350	472.3225	465.1931	46.4583	471.8428	95.2083	465.4477	94.7222	471.3667	94.6296	478.1967	94.8148	
12/08/2017	01:01:22	011995	G523031656HLR	L523	S		449.7548	1.0400	0.0000	99.8986	40.0402	0.8230	1.1604	5.0000	20.4490	508.1057	94.9769	13.9290	25.6000	0.9300	0.9366	0.6356	-0.0015	508.0000	506.2496	1.0272	7.0000	99.7042	40.7662	0.8230	0.8236	5.0000	-9999.0000	-9999.0000	-9999.0000	-9999.0000	-9999.0000	-9999.0000	17.3526	7	0	24.8278	1.0000	99	9	-9999.0000	2512	30759	-9999	-9999	992	2079	312.2766	5	0.6164	0.6356	-0.0015	31.3240	1.8126	474.0860	455.6150	46.7130	472.7293	95.1157	462.7229	94.7222	469.5315	94.7222	473.2660	94.7685	
12/08/2017	01:01:47	011995	G523031655HLR	L523	S		452.2420	1.0400	0.0000	99.9304	40.0421	0.8230	1.1605	5.0000	20.1591	508.0486	95.0926	13.1995	25.6000	0.9300	0.9367	0.6355	-0.0015	508.0000	507.2994	1.0272	7.0000	99.6629	40.8000	0.8230	0.8246	5.0000	-9999.0000	-9999.0000	-9999.0000	-9999.0000	-9999.0000	-9999.0000	17.1592	8	0	24.9196	1.0000	99	9	-9999.0000	2513	30760	-9999	-9999	992	2080	312.7539	5	0.6163	0.6355	-0.0015	31.5698	1.7921	474.4450	454.9103	44.5139	472.8777	95.1852	466.8988	94.7454	471.6165	94.7222	476.1707	94.7222	
12/08/2017	01:02:12	011995	G523030737HLR	L523	S		451.9728	1.0400	0.0000	99.9264	40.0462	0.8230	1.1605	5.0000	20.0511	508.0578	95.0000	13.3294	25.6000	0.9300	0.9367	0.6355	-0.0015	508.0000	507.9714	1.0272	7.0000	99.6497	40.7930	0.8230	0.8251	5.0000	-9999.0000	-9999.0000	-9999.0000	-9999.0000	-9999.0000	-9999.0000	17.1485	1	0	24.9079	1.0000	99	9	-9999.0000	2514	30761	-9999	-9999	993	2082	312.6654	5	0.6162	0.6355	-0.0015	32.3312	1.7331	472.1933	457.2341	45.8565	470.1650	95.1620	464.4850	94.6759	472.2383	94.6759	478.0571	94.7917	
12/08/2017	01:02:36	011995	G523030733HLR	L523	S		452.0863	1.0400	0.0000	99.9977	40.0293	0.8230	1.1604	5.0000	20.8689	508.0898	95.0694	13.1497	25.6000	0.9300	0.9367	0.6356	-0.0015	508.0000	507.9349	1.0272	7.0000	99.7433	40.7587	0.8230	0.8248	5.0000	-9999.0000	-9999.0000	-9999.0000	-9999.0000	-9999.0000	-9999.0000	17.4380	2	0	24.8284	1.0000	99	9	-9999.0000	2515	30762	-9999	-9999	994	2083	312.8720	5	0.6162	0.6356	-0.0015	32.4530	1.7306	413.6331	444.7653	43.8426	415.6412	95.7176	465.4760	94.9306	472.6206	94.7222	478.9662	94.6759	
12/08/2017	01:03:01	011995	G523030746HLR	L523	S		454.3716	1.0400	0.0000	99.9759	40.0317	0.8230	1.1605	5.0000	20.3885	508.0771	95.0000	12.2386	25.6000	0.9300	0.9366	0.6352	-0.0015	508.0000	508.4764	1.0272	7.0000	99.7402	40.7333	0.8230	0.8236	5.0000	-9999.0000	-9999.0000	-9999.0000	-9999.0000	-9999.0000	-9999.0000	17.2390	3	0	24.8397	1.0000	99	9	-9999.0000	2516	30763	-9999	-9999	995	2085	313.5796	5	0.6162	0.6352	-0.0015	31.9634	1.7774	476.1402	435.6542	42.4306	473.9480	94.9306	469.4539	94.7917	474.9689	94.6991	479.7017	94.7222	
12/08/2017	01:03:26	011995	G523030749HLR	L523	S		454.9411	1.0400	0.0000	99.8942	40.0465	0.8230	1.1605	5.0000	19.8884	508.1183	95.0231	11.8392	25.7000	0.9300	0.9367	0.6352	-0.0015	508.0000	506.8863	1.0272	7.0000	99.7801	40.7833	0.8230	0.8240	5.0000	-9999.0000	-9999.0000	-9999.0000	-9999.0000	-9999.0000	-9999.0000	17.2777	4	0	24.9251	1.0000	99	9	-9999.0000	2517	30764	-9999	-9999	996	2087	313.9692	5	0.6162	0.6352	-0.0015	31.9044	1.7812	478.5988	427.5023	42.6389	476.1094	94.8611	475.2325	94.8148	477.1054	94.7685	481.1117	94.7685	
12/08/2017	01:03:51	011995	G523030747HLR	L523	S		450.6246	1.0400	0.0000	99.8997	40.0403	0.8230	1.1605	5.0000	19.9769	508.0711	94.9537	13.9387	25.7000	0.9300	0.9367	0.6341	-0.0014	508.0000	508.3453	1.0272	7.0000	99.7349	40.8089	0.8230	0.8248	5.0000	-9999.0000	-9999.0000	-9999.0000	-9999.0000	-9999.0000	-9999.0000	17.4690	5	0	24.9920	1.0000	99	9	-9999.0000	2518	30765	-9999	-9999	997	2089	312.3892	5	0.6161	0.6341	-0.0014	32.6419	1.7298	473.4814	423.6571	43.9815	471.2457	94.9306	465.5567	94.8380	470.2132	94.7222	473.6410	94.7685	
12/08/2017	01:04:16	011995	G523030752HLR	L523	S		452.1676	1.0400	0.0000	99.9402	40.0482	0.8230	1.1606	5.0000	19.8576	508.0203	95.0000	12.7191	25.7000	0.9300	0.9367	0.6344	-0.0014	508.0000	507.1708	1.0272	7.0000	99.6865	40.7894	0.8230	0.8251	5.0000	-9999.0000	-9999.0000	-9999.0000	-9999.0000	-9999.0000	-9999.0000	17.6089	6	0	24.9878	1.0000	99	9	-9999.0000	2519	30766	-9999	-9999	998	2091	313.2000	5	0.6161	0.6344	-0.0014	32.9042	1.7072	477.7470	462.5452	41.9213	475.6072	95.2546	468.7893	94.6759	475.4209	94.6759	478.4644	94.8380	
12/08/2017	01:04:41	011995	G523030751HLR	L523	S		452.7814	1.0400	0.0000	99.9515	40.0419	0.8230	1.1605	5.0000	20.3928	508.0731	94.9537	13.7698	25.7000	0.9300	0.9366	0.6350	-0.0015	508.0000	508.6677	1.0272	7.0000	99.6904	40.7435	0.8230	0.8242	5.0000	-9999.0000	-9999.0000	-9999.0000	-9999.0000	-9999.0000	-9999.0000	17.1674	7	0	25.0295	1.0000	99	9	-9999.0000	2520	30767	-9999	-9999	999	2093	312.5016	5	0.6161	0.6350	-0.0015	33.5842	1.6608	476.5597	433.3488	44.3981	472.7467	94.9074	466.3658	94.7685	473.3769	94.7454	476.4159	94.8148	
12/08/2017	01:05:06	011995	G523030756HLR	L523	S		451.3265	1.0400	0.0000	99.9299	40.0438	0.8230	1.1605	5.0000	20.2589	508.0364	94.9537	13.7385	25.7000	0.9300	0.9367	0.6355	-0.0015	508.0000	507.8345	1.0272	7.0000	99.7291	40.7592	0.8230	0.8236	5.0000	-9999.0000	-9999.0000	-9999.0000	-9999.0000	-9999.0000	-9999.0000	17.1483	8	0	25.3171	1.0000	99	9	-9999.0000	2521	30768	-9999	-9999	1000	2095	312.4602	5	0.6161	0.6355	-0.0015	32.8174	1.7163	473.8094	448.1647	45.0926	472.7300	95.1389	465.3776	94.7454	469.5631	94.6991	473.9604	94.7685	
12/08/2017	01:05:31	011995	G523030759HLR	L523	S		451.9350	1.0400	0.0000	99.9090	40.0512	0.8230	1.1606	5.0000	19.8480	508.1230	94.9537	13.8489	25.7000	0.9300	0.9367	0.6353	-0.0015	508.0000	508.5848	1.0272	7.0000	99.7548	40.8000	0.8230	0.8243	5.0000	-9999.0000	-9999.0000	-9999.0000	-9999.0000	-9999.0000	-9999.0000	17.2332	1	0	24.9499	1.0000	99	9	-9999.0000	2522	30769	-9999	-9999	1001	2097	312.5268	5	0.6160	0.6353	-0.0015	31.7863	1.7948	473.6330	457.1937	45.1157	471.9806	95.1852	467.7461	94.7454	471.7229	94.6528	475.9163	94.7917	
12/08/2017	01:05:56	011995	G523030765HLR	L523	S		417.9143	1.0400	0.0000	99.9061	40.0508	0.8230	1.1610	5.0000	19.6492	0.0000	0.0000	0.0000	0.0000	0.9300	0.0000	0.0000	0.0000	0.0000	451.7684	1.0272	7.0000	99.7933	40.8031	0.8230	0.8250	5.0000	-9999.0000	-9999.0000	-9999.0000	-9999.0000	-9999.0000	-9999.0000	17.0181	2	7	24.8677	1.0000	99	9	-9999.0000	2522	0	-9999	-9999	1002	2099	0.0000	0	0.0000	0.0000	0.0000	0.0000	0.0000	0.0000	0.0000	0.0000	0.0000	0.0000	0.0000	0.0000	0.0000	0.0000	0.0000	0.0000	
12/08/2017	01:06:22	011995	G523030347HLR	L523	S		450.8859	1.0400	0.0000	99.9334	40.0453	0.8230	1.1604	5.0000	21.1287	508.0387	94.9306	14.0686	25.7000	0.9300	0.9367	0.6348	-0.0014	508.0000	507.8999	1.0272	7.0000	99.7379	40.7895	0.8230	0.8250	5.0000	-9999.0000	-9999.0000	-9999.0000	-9999.0000	-9999.0000	-9999.0000	17.1393	3	0	25.6391	1.0000	99	9	-9999.0000	2523	30770	-9999	-9999	1003	2101	312.2528	5	0.6158	0.6348	-0.0014	32.3643	1.7497	473.3644	424.3669	43.5185	471.4602	95.2315	465.0766	94.7685	471.9784	94.7454	475.1482	94.7454	
12/08/2017	01:06:48	011995	G523030337HLR	L523	S		450.9320	1.0400	0.0000	99.8948	40.0641	0.8230	1.1605	5.0000	20.1288	508.0669	94.9537	14.3000	25.6000	0.9300	0.9367	0.6358	-0.0015	508.0000	508.0875	1.0272	7.0000	99.7235	40.7452	0.8230	0.8241	5.0000	-9999.0000	-9999.0000	-9999.0000	-9999.0000	-9999.0000	-9999.0000	17.3685	4	0	26.1483	1.0000	99	9	-9999.0000	2524	30771	-9999	-9999	1004	2103	312.1157	5	0.6157	0.6358	-0.0015	32.8329	1.7168	469.9900	451.8859	44.7222	468.0064	95.1157	462.5649	94.7454	470.1184	94.6991	473.1404	94.7917	
12/08/2017	01:07:14	011995	G523030764HLR	L523	S		450.8163	1.0400	0.0000	100.0366	40.0622	0.8230	1.1604	5.0000	21.1982	508.1442	94.9769	13.8586	25.6000	0.9300	0.9366	0.6353	-0.0015	508.0000	508.2473	1.0272	7.0000	99.7785	40.7610	0.8230	0.8235	5.0000	-9999.0000	-9999.0000	-9999.0000	-9999.0000	-9999.0000	-9999.0000	17.3280	5	0	25.7489	1.0000	99	9	-9999.0000	2525	30772	-9999	-9999	1005	2105	312.5075	5	0.6158	0.6353	-0.0015	32.8041	1.7195	473.7713	447.6657	43.0556	472.5544	95.0926	465.3702	94.7454	472.4405	94.6991	475.2625	94.7685	
12/08/2017	01:07:39	011995	G523030334HLR	L523	S		452.7920	1.0400	0.0000	99.9074	40.0774	0.8230	1.1605	5.0000	20.0480	508.0377	95.0463	11.8392	25.6000	0.9300	0.9366	0.6353	-0.0015	508.0000	507.8440	1.0272	7.0000	99.7364	40.8000	0.8230	0.8242	5.0000	-9999.0000	-9999.0000	-9999.0000	-9999.0000	-9999.0000	-9999.0000	17.3181	6	0	24.8887	1.0000	99	9	-9999.0000	2526	30773	-9999	-9999	1006	2106	313.9176	5	0.6158	0.6353	-0.0015	32.8041	1.7195	478.5558	453.1023	43.4722	476.0781	95.0000	470.3481	94.7222	475.0683	94.7222	479.8001	94.7685	
12/08/2017	01:08:06	011995	G523030336HLR	L523	S		450.9509	1.0400	0.0000	99.9289	40.0773	0.8230	1.1605	5.0000	20.0169	508.0668	94.9306	14.7190	25.6000	0.9300	0.9367	0.6359	-0.0015	508.0000	508.4393	1.0272	7.0000	99.8709	40.8103	0.8230	0.8249	5.0000	-9999.0000	-9999.0000	-9999.0000	-9999.0000	-9999.0000	-9999.0000	17.2679	7	0	27.6382	1.0000	99	9	-9999.0000	2527	30774	-9999	-9999	1007	2108	311.8046	5	0.6158	0.6359	-0.0015	32.9296	1.7110	469.8535	389.7244	42.4769	467.4332	94.8380	460.8552	94.8148	466.1056	94.7685	470.4976	94.7685	
12/08/2017	01:08:31	011995	G523030346HLR	L523	S		452.0659	1.0400	0.0000	99.9468	40.0828	0.8230	1.1605	5.0000	20.5789	508.0698	95.0231	12.9993	25.6000	0.9300	0.9366	0.6362	-0.0015	508.0000	509.0540	1.0272	7.0000	99.9421	40.7851	0.8230	0.8251	5.0000	-9999.0000	-9999.0000	-9999.0000	-9999.0000	-9999.0000	-9999.0000	17.1688	8	0	25.0486	1.0000	99	9	-9999.0000	2527	30775	-9999	-9999	1008	2110	313.1369	5	0.6156	0.6362	-0.0015	32.9976	1.7049	474.0534	417.5872	42.8241	470.9086	95.0231	467.6718	94.7454	473.0270	94.6759	478.8069	94.8380	
12/08/2017	01:08:56	011995	G523030367HLR	L523	S		449.1055	1.0400	0.0000	99.9612	40.0803	0.8230	1.1605	5.0000	20.2988	508.0258	94.9306	14.7687	25.6000	0.9300	0.9366	0.6355	-0.0015	508.0000	508.2047	1.0272	7.0000	99.7703	40.7527	0.8230	0.8246	5.0000	-9999.0000	-9999.0000	-9999.0000	-9999.0000	-9999.0000	-9999.0000	17.2488	1	0	24.7985	1.0000	99	9	-9999.0000	2528	30776	-9999	-9999	1009	2112	311.7145	5	0.6155	0.6355	-0.0015	32.8081	1.7203	471.0575	399.0319	40.0231	468.8351	94.8611	461.4932	94.7917	465.4283	94.7685	469.8220	94.7917	
12/08/2017	01:09:22	011995	G523030356HLR	L523	S		450.0495	1.0400	0.0000	99.9440	40.0869	0.8230	1.1605	5.0000	19.9079	508.0685	95.0231	13.0696	25.6000	0.9300	0.9367	0.6358	-0.0015	508.0000	507.6748	1.0272	7.0000	99.7141	40.7500	0.8230	0.8235	5.0000	-9999.0000	-9999.0000	-9999.0000	-9999.0000	-9999.0000	-9999.0000	17.1684	2	0	26.3091	1.0000	99	9	-9999.0000	2528	30777	-9999	-9999	1010	2114	313.0642	5	0.6156	0.6358	-0.0015	34.6131	1.5919	472.6798	443.5048	44.9537	471.2389	95.1620	466.3651	94.7685	470.5608	94.6759	474.6338	94.7685	
12/08/2017	01:09:47	011995	G523030357HLR	L523	S		450.8372	1.0400	0.0000	99.9761	40.0825	0.8230	1.1605	5.0000	20.4777	508.0705	94.9769	13.7991	25.6000	0.9300	0.9367	0.6362	-0.0015	508.0000	507.7466	1.0272	7.0000	99.8319	40.7955	0.8230	0.8237	5.0000	-9999.0000	-9999.0000	-9999.0000	-9999.0000	-9999.0000	-9999.0000	19.3081	3	0	24.8591	1.0000	99	9	-9999.0000	2529	30778	-9999	-9999	1011	2116	312.5201	5	0.6155	0.6362	-0.0015	33.5636	1.6638	471.6143	417.4609	41.7130	469.0982	94.9074	464.0093	94.8380	468.7855	94.8380	473.7640	94.8380	
12/08/2017	01:10:13	011995	G523030343HLR	L523	S		448.0725	1.0400	0.0000	99.9419	40.0804	0.8230	1.1605	5.0000	20.2695	508.0931	94.9537	14.0901	25.6000	0.9300	0.9366	0.6374	-0.0016	508.0000	507.9746	1.0272	7.0000	99.7235	40.8094	0.8230	0.8248	5.0000	-9999.0000	-9999.0000	-9999.0000	-9999.0000	-9999.0000	-9999.0000	17.0768	4	0	25.4379	1.0000	99	9	-9999.0000	2530	30779	-9999	-9999	1012	2118	312.2775	5	0.6154	0.6374	-0.0016	39.4195	1.2475	468.6064	407.3273	40.5787	466.5587	95.0000	462.8652	94.7685	468.5985	94.7917	472.2402	94.7917	
12/08/2017	01:10:38	011995	G523030339HLR	L523	S		452.4781	1.0400	0.0000	99.9474	40.0993	0.8230	1.1605	5.0000	20.1970	508.0710	95.0463	12.9495	25.6000	0.9300	0.9367	0.6378	-0.0017	508.0000	508.6114	1.0272	7.0000	99.7875	40.7863	0.8230	0.8251	5.0000	-9999.0000	-9999.0000	-9999.0000	-9999.0000	-9999.0000	-9999.0000	17.4086	5	0	24.9490	1.0000	99	9	-9999.0000	2531	30779	-9999	-9999	1013	2120	313.2331	5	0.6153	0.6378	-0.0017	36.6575	1.4487	473.1271	396.1799	41.6898	470.4684	95.1157	466.2252	94.7454	471.0334	94.7685	475.8883	94.7685	
12/08/2017	01:11:03	011995	G523030332HLR	L523	S		447.1582	1.0400	0.0000	99.9278	40.0872	0.8230	1.1606	5.0000	19.6084	508.1137	94.9537	15.3097	25.6000	0.9300	0.9366	0.6385	-0.0017	508.0000	508.0788	1.0272	7.0000	99.7574	40.7452	0.8230	0.8244	5.0000	-9999.0000	-9999.0000	-9999.0000	-9999.0000	-9999.0000	-9999.0000	17.1935	6	0	24.9889	1.0000	99	9	-9999.0000	2532	30780	-9999	-9999	1014	2122	311.2404	5	0.6154	0.6385	-0.0017	38.4599	1.3194	467.1196	380.3358	42.5926	463.3047	94.9769	458.1400	94.7917	462.8769	94.7454	468.2669	94.7917	
12/08/2017	01:11:28	011995	G523030353HLR	L523	S		444.0312	1.0400	0.0000	99.9027	40.0783	0.8230	1.1605	5.0000	20.1590	508.0703	94.9769	13.6692	25.6000	0.9300	0.9366	0.6384	-0.0017	508.0000	508.2392	1.0272	7.0000	99.7963	40.7500	0.8230	0.8235	5.0000	-9999.0000	-9999.0000	-9999.0000	-9999.0000	-9999.0000	-9999.0000	17.4055	7	0	24.7985	1.0000	99	9	-9999.0000	2533	30781	-9999	-9999	1015	2124	312.6474	5	0.6155	0.6384	-0.0017	38.7946	1.2989	472.6661	424.6561	42.4074	469.3647	95.3472	463.7129	94.6991	468.6747	94.6991	473.5700	94.8148	
12/08/2017	01:11:53	011995	G523030366HLR	L523	S		404.2736	1.0400	0.0000	99.9000	40.0712	0.8230	1.1606	5.0000	20.0060	0.0000	0.0000	0.0000	0.0000	0.9300	0.0000	0.0000	0.0000	0.0000	448.6213	1.0272	7.0000	99.6821	40.7942	0.8230	0.8242	5.0000	-9999.0000	-9999.0000	-9999.0000	-9999.0000	-9999.0000	-9999.0000	17.2482	8	7	25.0290	1.0000	99	9	-9999.0000	2534	0	-9999	-9999	1016	2126	0.0000	0	0.0000	0.0000	0.0000	0.0000	0.0000	0.0000	0.0000	0.0000	0.0000	0.0000	0.0000	0.0000	0.0000	0.0000	0.0000	0.0000	
12/08/2017	01:12:17	011995	G523030344HLR	L523	S		450.8775	1.0400	0.0000	99.9531	40.0772	0.8230	1.1605	5.0000	20.1892	508.0743	94.9769	13.5090	25.7000	0.9300	0.9368	0.6402	-0.0018	508.0000	507.8238	1.0272	7.0000	99.7385	40.8037	0.8230	0.8249	5.0000	-9999.0000	-9999.0000	-9999.0000	-9999.0000	-9999.0000	-9999.0000	17.2393	1	0	24.8484	1.0000	99	9	-9999.0000	2534	30782	-9999	-9999	1017	2128	312.7460	5	0.6154	0.6402	-0.0018	39.5426	1.2446	470.1434	403.1347	43.2407	468.0585	95.1157	467.0611	94.7454	468.9939	94.7685	473.6378	94.7917	
12/08/2017	01:12:42	011995	G523030364HLR	L523	S		430.6899	1.0400	0.0000	99.8908	40.0678	0.8230	1.1605	5.0000	19.8818	508.1027	95.0463	13.1497	25.7000	0.9300	0.9367	0.6396	-0.0018	508.0000	509.0124	1.0272	7.0000	99.7279	40.7717	0.8230	0.8250	5.0000	-9999.0000	-9999.0000	-9999.0000	-9999.0000	-9999.0000	-9999.0000	17.2247	2	0	25.0532	1.0000	99	9	-9999.0000	2535	30783	-9999	-9999	1018	2130	313.1307	5	0.6154	0.6396	-0.0018	36.5135	1.4709	471.9492	403.9998	40.6250	469.0927	94.8843	465.4988	94.7917	470.1415	94.7222	474.9086	94.7685	
12/08/2017	01:13:08	011995	G523030363HLR	L523	S		451.1241	1.0400	0.0000	99.9319	40.0605	0.8230	1.1605	5.0000	19.9567	508.0797	94.9769	13.7493	25.6000	0.9300	0.9366	0.6394	-0.0018	508.0000	508.7522	1.0272	7.0000	99.7420	40.7296	0.8230	0.8240	5.0000	-9999.0000	-9999.0000	-9999.0000	-9999.0000	-9999.0000	-9999.0000	17.1172	3	0	25.2440	1.0000	99	9	-9999.0000	2535	30783	-9999	-9999	1019	2132	312.5817	5	0.6154	0.6394	-0.0018	35.7608	1.5283	471.0626	417.1406	42.1065	468.4988	94.9769	462.8516	94.7685	468.8579	94.7685	473.1744	94.7917	
12/08/2017	01:13:33	011995	G523030349HLR	L523	S		451.6160	1.0400	0.0000	99.9179	40.0569	0.8230	1.1605	5.0000	20.0106	508.0781	95.0231	12.4896	25.6000	0.9300	0.9367	0.6394	-0.0018	508.0000	508.5557	1.0272	7.0000	99.7252	40.7500	0.8230	0.8237	5.0000	-9999.0000	-9999.0000	-9999.0000	-9999.0000	-9999.0000	-9999.0000	17.1489	4	0	25.0083	1.0000	99	9	-9999.0000	2536	30784	-9999	-9999	1020	2134	313.7068	5	0.6154	0.6394	-0.0018	35.7608	1.5283	473.3449	432.6463	41.2269	471.7057	95.0231	467.9878	94.8148	473.2179	94.6991	477.9182	94.7917	
12/08/2017	01:13:58	011995	G523030351HLR	L523	S		454.0641	1.0400	0.0000	99.9507	40.0438	0.8230	1.1604	5.0000	20.9295	508.0363	95.0231	12.9495	25.6000	0.9300	0.9367	0.6389	-0.0017	508.0000	509.5234	1.0272	7.0000	99.7914	40.8000	0.8230	0.8244	5.0000	-9999.0000	-9999.0000	-9999.0000	-9999.0000	-9999.0000	-9999.0000	17.4379	5	0	24.8400	1.0000	99	9	-9999.0000	2536	30785	-9999	-9999	1021	2136	313.2228	5	0.6154	0.6389	-0.0017	35.9313	1.5200	474.3670	390.7146	42.3611	471.9030	94.8843	465.7809	94.8380	471.0853	94.7917	476.1285	94.8148	
12/08/2017	01:14:22	011995	G523030329HLR	L523	S		454.2099	1.0400	0.0000	99.9346	40.0496	0.8230	1.1605	5.0000	19.9952	508.0497	95.0231	13.2395	25.6000	0.9300	0.9366	0.6375	-0.0016	508.0000	508.9344	1.0272	7.0000	99.7189	40.7926	0.8230	0.8251	5.0000	-9999.0000	-9999.0000	-9999.0000	-9999.0000	-9999.0000	-9999.0000	17.2473	6	0	24.8379	1.0000	99	9	-9999.0000	2537	30786	-9999	-9999	1022	2138	312.9519	5	0.6155	0.6375	-0.0016	35.1581	1.5779	473.9849	405.6541	43.9352	471.8579	94.9074	466.5135	94.8380	472.2097	94.7917	475.7654	94.7685	
12/08/2017	01:14:47	011995	G523030368HLR	L523	S		450.7333	1.0400	0.0000	99.9617	40.0241	0.8230	1.1602	5.0000	22.0317	508.0583	95.0000	14.4289	25.6000	0.9300	0.9366	0.6378	-0.0017	508.0000	509.1658	1.0272	7.0000	99.7627	40.7676	0.8230	0.8249	5.0000	-9999.0000	-9999.0000	-9999.0000	-9999.0000	-9999.0000	-9999.0000	18.2180	7	0	24.8387	1.0000	99	9	-9999.0000	2538	30787	-9999	-9999	1023	2140	311.9631	5	0.6154	0.6378	-0.0017	34.5129	1.6310	471.8809	418.6543	41.8287	470.2708	95.0694	464.6408	94.8148	468.7512	94.8380	473.4235	94.8148	
12/08/2017	01:15:12	011995	G523030376HLR	L523	S		451.7388	1.0400	0.0000	99.9574	40.0307	0.8230	1.1605	5.0000	20.1785	508.1681	94.9769	14.0491	25.6000	0.9300	0.9365	0.6380	-0.0017	508.0000	508.1001	1.0272	7.0000	99.7578	40.7288	0.8230	0.8238	5.0000	-9999.0000	-9999.0000	-9999.0000	-9999.0000	-9999.0000	-9999.0000	17.3783	8	0	24.9283	1.0000	99	9	-9999.0000	2539	30788	-9999	-9999	1024	2142	312.3936	5	0.6155	0.6380	-0.0017	36.2705	1.5067	470.2774	448.3762	45.4167	468.7234	95.4167	464.1670	94.8380	466.4442	94.7454	471.4873	94.8148	
12/08/2017	01:15:37	011995	G523030375HLR	L523	S		451.8078	1.0400	0.0000	99.9177	40.0383	0.8230	1.1605	5.0000	20.0487	508.0219	95.0926	13.1497	25.6000	0.9300	0.9365	0.6370	-0.0016	508.0000	508.9919	1.0272	7.0000	100.1094	40.7667	0.8230	0.8239	5.0000	-9999.0000	-9999.0000	-9999.0000	-9999.0000	-9999.0000	-9999.0000	17.1737	1	0	24.8288	1.0000	99	9	-9999.0000	2540	30788	-9999	-9999	1025	2144	312.9435	5	0.6155	0.6370	-0.0016	35.3939	1.5728	473.8264	456.7825	44.9306	472.1943	95.3009	466.4005	94.7454	471.9298	94.6759	476.1468	94.8148	
12/08/2017	01:16:02	011995	G523030360HLR	L523	S		451.7146	1.0400	0.0000	99.9212	40.0462	0.8230	1.1605	5.0000	20.0683	508.0778	95.0231	12.7893	25.6000	0.9300	0.9367	0.6365	-0.0016	508.0000	508.5877	1.0272	7.0000	99.7851	40.7986	0.8230	0.8248	5.0000	-9999.0000	-9999.0000	-9999.0000	-9999.0000	-9999.0000	-9999.0000	17.0835	2	0	25.3189	1.0000	99	9	-9999.0000	2541	30789	-9999	-9999	1026	2146	313.2788	5	0.6154	0.6365	-0.0016	34.4982	1.6347	473.3930	423.9185	44.7685	471.0164	94.9537	469.0163	94.7917	472.9724	94.7685	476.2341	94.8380	
12/08/2017	01:16:27	011995	G523030359HLR	L523	S		450.5655	1.0400	0.0000	99.9582	40.0229	0.8230	1.1605	5.0000	20.6401	508.0551	95.0000	13.3098	25.6000	0.9300	0.9367	0.6370	-0.0016	508.0000	509.2714	1.0272	7.0000	99.7444	40.7842	0.8230	0.8251	5.0000	-9999.0000	-9999.0000	-9999.0000	-9999.0000	-9999.0000	-9999.0000	17.2595	3	0	24.7888	1.0000	99	9	-9999.0000	2542	30790	-9999	-9999	1027	2148	312.8089	5	0.6153	0.6370	-0.0016	33.8748	1.6836	473.3797	415.5141	42.1991	470.4735	94.9306	464.9884	94.7685	471.0874	94.8148	476.2194	94.8148	
12/08/2017	01:16:52	011995	G523031560HLR	L523	S		450.0273	1.0400	0.0000	99.9655	40.0248	0.8230	1.1609	5.0000	20.4988	508.0714	95.0231	12.7591	25.6000	0.9300	0.9366	0.6360	-0.0015	508.0000	509.5261	1.0272	7.0000	99.7196	40.7460	0.8230	0.8247	5.0000	-9999.0000	-9999.0000	-9999.0000	-9999.0000	-9999.0000	-9999.0000	17.0885	4	0	25.0680	1.0000	99	9	-9999.0000	2543	30791	-9999	-9999	1027	2150	313.2427	5	0.6153	0.6360	-0.0015	35.1879	1.5868	474.1173	439.0019	43.4954	471.7703	95.1620	468.7014	94.7454	475.6350	94.7222	477.1632	94.7917	
12/08/2017	01:17:17	011995	G523031562HLR	L523	S		468.6904	1.0400	0.0000	99.9003	40.0418	0.8230	1.1605	5.0000	20.1131	0.0000	0.0000	0.0000	0.0000	0.9300	0.0000	0.0000	0.0000	0.0000	468.7867	1.0272	7.0000	99.8736	40.7333	0.8230	0.8236	5.0000	-9999.0000	-9999.0000	-9999.0000	-9999.0000	-9999.0000	-9999.0000	17.1991	5	8	24.9087	1.0000	99	9	-9999.0000	2544	0	-9999	-9999	1028	2152	0.0000	0	0.0000	0.0000	0.0000	0.0000	0.0000	0.0000	0.0000	0.0000	0.0000	0.0000	0.0000	0.0000	0.0000	0.0000	0.0000	0.0000	
12/08/2017	01:17:42	011995	G523032259HLR	L523	S		450.7668	1.0400	0.0000	99.9671	40.0279	0.8230	1.1605	5.0000	20.3518	508.0867	94.9537	14.3391	25.7000	0.9300	0.9367	0.6355	-0.0015	508.0000	507.2827	1.0272	7.0000	99.6809	40.7833	0.8230	0.8242	5.0000	-9999.0000	-9999.0000	-9999.0000	-9999.0000	-9999.0000	-9999.0000	17.1380	6	0	24.7996	1.0000	99	9	-9999.0000	2545	30792	-9999	-9999	1029	2153	311.9947	5	0.6152	0.6355	-0.0015	36.2158	1.5230	469.7933	409.9919	45.0926	468.4102	95.1389	461.2684	94.7917	466.8210	94.7685	471.3061	94.7685	
12/08/2017	01:18:08	011995	G523032257HLR	L523	S		450.1962	1.0400	0.0000	99.9057	40.0414	0.8230	1.1606	5.0000	19.9295	508.0601	95.0231	12.4495	25.7000	0.9300	0.9367	0.6359	-0.0015	508.0000	508.8898	1.0272	7.0000	99.7624	40.7970	0.8230	0.8249	5.0000	-9999.0000	-9999.0000	-9999.0000	-9999.0000	-9999.0000	-9999.0000	17.4385	7	0	26.2284	1.0000	99	9	-9999.0000	2546	30793	-9999	-9999	1030	2155	313.4443	5	0.6151	0.6359	-0.0015	37.8434	1.4112	474.2288	437.1471	45.0231	471.9654	95.0463	467.2710	94.7685	473.6969	94.7222	477.1102	94.7917	
12/08/2017	01:18:33	011995	G523032258HLR	L523	S		450.0280	1.0400	0.0000	99.9532	40.0448	0.8230	1.1606	5.0000	20.0985	508.0973	94.9306	14.1096	25.6000	0.9300	0.9366	0.6338	-0.0014	508.0000	507.9134	1.0272	7.0000	99.7519	40.7725	0.8230	0.8251	5.0000	-9999.0000	-9999.0000	-9999.0000	-9999.0000	-9999.0000	-9999.0000	17.2679	8	0	24.8374	1.0000	99	9	-9999.0000	2547	30794	-9999	-9999	1030	2157	312.1787	5	0.6150	0.6338	-0.0014	42.3957	1.0867	472.6467	405.0298	42.8009	472.0463	94.9074	464.4217	94.8843	470.1978	94.8148	473.8197	94.8148	
12/08/2017	01:18:59	011995	G523031569HLR	L523	S		449.6478	1.0400	0.0000	99.9613	40.0438	0.8230	1.1606	5.0000	19.9891	508.0854	95.0231	12.4994	25.6000	0.9300	0.9366	0.6338	-0.0014	508.0000	507.5940	1.0272	7.0000	99.8354	40.7330	0.8230	0.8243	5.0000	-9999.0000	-9999.0000	-9999.0000	-9999.0000	-9999.0000	-9999.0000	17.1520	1	0	25.7087	1.0000	99	9	-9999.0000	2548	30795	-9999	-9999	1031	2159	313.3000	5	0.6150	0.6338	-0.0014	42.3957	1.0867	475.4925	449.6557	42.6852	473.9161	95.2778	467.6332	94.7222	473.2400	94.6759	477.6197	94.8148	
12/08/2017	01:19:24	011995	G523031573HLR	L523	S		461.5224	1.0400	0.0000	99.9302	40.0477	0.8230	1.1606	5.0000	19.8090	508.1049	95.1620	10.0395	25.6000	0.9300	0.9366	0.6333	-0.0013	508.0000	512.2088	1.0272	7.0000	99.9738	40.7500	0.8230	0.8236	5.0000	-9999.0000	-9999.0000	-9999.0000	-9999.0000	-9999.0000	-9999.0000	17.2789	2	0	24.9986	1.0000	99	9	-9999.0000	2549	30796	-9999	-9999	1032	2161	314.9775	5	0.6150	0.6333	-0.0013	43.4864	1.0003	484.3705	418.7413	41.3889	481.8076	94.8611	478.9618	94.7685	484.3985	94.7917	488.6810	94.7685	
12/08/2017	01:19:50	011995	G523031568HLR	L523	S		447.9166	1.0400	0.0000	99.9388	40.0402	0.8230	1.1606	5.0000	20.2180	508.0509	94.9769	15.3088	25.6000	0.9300	0.9367	0.6314	-0.0012	508.0000	507.6646	1.0272	7.0000	99.7165	40.7833	0.8230	0.8243	5.0000	-9999.0000	-9999.0000	-9999.0000	-9999.0000	-9999.0000	-9999.0000	17.1986	3	0	26.4086	1.0000	99	9	-9999.0000	2550	30797	-9999	-9999	1033	2163	311.3896	5	0.6150	0.6314	-0.0012	46.7576	0.7758	468.7744	413.7777	44.0278	467.2049	95.0463	464.3794	94.8380	467.4778	94.7685	471.1897	94.7917	
12/08/2017	01:20:16	011995	G523031575HLR	L523	S		455.6548	1.0400	0.0000	99.9647	40.0351	0.8230	1.1605	5.0000	20.3387	508.0321	95.0000	11.7689	25.6000	0.9300	0.9366	0.6314	-0.0012	508.0000	510.1624	1.0272	7.0000	99.8424	40.7945	0.8230	0.8250	5.0000	-9999.0000	-9999.0000	-9999.0000	-9999.0000	-9999.0000	-9999.0000	17.1186	4	0	25.6588	1.0000	99	9	-9999.0000	2551	30798	-9999	-9999	1034	2165	313.5757	5	0.6150	0.6314	-0.0012	46.7576	0.7758	480.6823	449.4677	44.6991	479.0889	95.4167	472.6594	94.7454	478.9601	94.6296	482.6107	94.7917	
12/08/2017	01:20:42	011995	G523031584HLR	L523	S		451.4871	1.0400	0.0000	99.9165	40.0479	0.8230	1.1606	5.0000	19.9654	508.0903	94.9306	14.8498	25.6000	0.9300	0.9366	0.6324	-0.0013	508.0000	508.6121	1.0272	7.0000	99.6806	40.7762	0.8230	0.8252	5.0000	-9999.0000	-9999.0000	-9999.0000	-9999.0000	-9999.0000	-9999.0000	17.2292	5	0	25.9192	1.0000	99	9	-9999.0000	2552	30799	-9999	-9999	1035	2167	311.7019	5	0.6150	0.6324	-0.0013	48.2299	0.6750	471.3753	415.0303	41.7824	469.9717	95.0231	463.3801	94.8148	468.3360	94.7222	471.3054	94.7685	
12/08/2017	01:21:07	011995	G523031599HLR	L523	S		450.1405	1.0400	0.0000	99.9495	40.0316	0.8230	1.1606	5.0000	20.1189	508.0652	95.0000	13.3489	25.5000	0.9300	0.9367	0.6324	-0.0013	508.0000	505.7832	1.0272	7.0000	99.7140	40.7372	0.8230	0.8246	5.0000	-9999.0000	-9999.0000	-9999.0000	-9999.0000	-9999.0000	-9999.0000	17.2967	6	0	24.9017	1.0000	99	9	-9999.0000	2553	30800	-9999	-9999	1036	2169	312.6660	5	0.6151	0.6324	-0.0013	42.5548	1.0936	476.3204	457.2657	42.5694	474.7604	95.3704	467.3964	94.7454	471.9787	94.6528	476.0442	94.8148	
12/08/2017	01:21:31	011995	G523031597HLR	L523	S		450.6111	1.0400	0.0000	99.9784	40.0338	0.8230	1.1604	5.0000	21.0292	508.0435	94.9769	15.4591	25.5000	0.9300	0.9366	0.6309	-0.0012	508.0000	508.3768	1.0272	7.0000	99.8718	40.7302	0.8230	0.8237	5.0000	-9999.0000	-9999.0000	-9999.0000	-9999.0000	-9999.0000	-9999.0000	17.1588	7	0	24.8546	1.0000	99	9	-9999.0000	2554	30801	-9999	-9999	1037	2171	311.3039	5	0.6150	0.6309	-0.0012	40.2925	1.2641	469.8820	428.7353	44.6065	467.2806	95.1157	462.5913	94.7685	466.5407	94.7685	471.9516	94.8380	
12/08/2017	01:21:57	011995	G523031595HLR	L523	S		448.3652	1.0400	0.0000	99.9415	40.0234	0.8230	1.1606	5.0000	20.0499	508.1012	95.0231	14.7492	25.5000	0.9300	0.9367	0.6309	-0.0012	508.0000	505.8754	1.0272	7.0000	99.7829	40.7802	0.8230	0.8241	5.0000	-9999.0000	-9999.0000	-9999.0000	-9999.0000	-9999.0000	-9999.0000	17.1806	8	0	25.7693	1.0000	99	9	-9999.0000	2555	30802	-9999	-9999	1038	2173	311.8523	5	0.6150	0.6309	-0.0012	40.2925	1.2641	474.0673	454.4454	44.3056	472.6925	95.4630	464.7166	94.7685	468.5369	94.7454	473.3166	94.8148	
12/08/2017	01:22:22	011995	G523031593HLR	L523	S		451.3018	1.0400	0.0000	99.8614	40.0454	0.8230	1.1606	5.0000	20.0098	508.0373	94.9537	15.0090	25.5000	0.9300	0.9366	0.6308	-0.0012	508.0000	508.6914	1.0272	7.0000	99.7380	40.7942	0.8230	0.8249	5.0000	-9999.0000	-9999.0000	-9999.0000	-9999.0000	-9999.0000	-9999.0000	17.3395	1	0	24.9283	1.0000	99	9	-9999.0000	2556	30802	-9999	-9999	1039	2175	311.5701	5	0.6149	0.6308	-0.0012	41.4107	1.1799	472.5545	457.1339	44.7685	470.8674	95.3704	463.6570	94.7222	468.4294	94.6528	473.3768	94.8380	
12/08/2017	01:22:49	011995	G523031586HLR	L523	S		453.2362	1.0400	0.0000	99.9475	40.0361	0.8230	1.1605	5.0000	20.2367	508.0679	94.9769	12.5491	25.5000	0.9300	0.9365	0.6297	-0.0011	508.0000	506.7002	1.0272	7.0000	99.7503	40.7809	0.8230	0.8252	5.0000	-9999.0000	-9999.0000	-9999.0000	-9999.0000	-9999.0000	-9999.0000	17.2194	2	0	26.4397	1.0000	99	9	-9999.0000	2557	30803	-9999	-9999	1040	2177	313.0425	5	0.6149	0.6297	-0.0011	41.4804	1.1762	479.7711	461.2178	43.9815	477.9590	95.2778	475.0546	94.7222	476.9523	94.7222	481.7303	94.8148	
12/08/2017	01:23:15	011995	G523031605HLR	L523	S		453.5264	1.0400	0.0000	99.9614	40.0301	0.8230	1.1606	5.0000	19.9090	508.0400	95.0231	13.2893	25.5000	0.9300	0.9367	0.6299	-0.0011	508.0000	507.7175	1.0272	7.0000	99.7645	40.7400	0.8230	0.8247	5.0000	-9999.0000	-9999.0000	-9999.0000	-9999.0000	-9999.0000	-9999.0000	17.0802	3	0	26.0885	1.0000	99	9	-9999.0000	2558	30803	-9999	-9999	1041	2178	312.5922	5	0.6149	0.6299	-0.0011	42.3914	1.1078	477.3973	424.1268	42.4537	475.8888	94.7917	468.8658	94.8148	474.6089	94.8148	478.1428	94.7917	
12/08/2017	01:23:43	011995	G523031606HLR	L523	S		448.6084	1.0400	0.0000	99.9505	40.0154	0.8230	1.1605	5.0000	20.5194	508.0666	94.9537	14.8293	25.5000	0.9300	0.9367	0.6262	-0.0008	508.0000	506.1145	1.0272	7.0000	100.0177	40.7228	0.8230	0.8239	5.0000	-9999.0000	-9999.0000	-9999.0000	-9999.0000	-9999.0000	-9999.0000	17.2378	4	0	28.1581	1.0000	99	9	-9999.0000	2559	30804	-9999	-9999	1042	2180	311.9509	5	0.6150	0.6262	-0.0008	42.8951	1.0669	475.4176	435.9828	42.3611	474.4722	94.8843	466.5636	94.7917	472.2739	94.7454	475.1773	94.8611	
