Data	Timp	Nr. masina	Nr. de serie	Tip	Productie	Comentariu	Pre-masurare Q [ml/min]	Pre-masurare Gain	Pre-masurare Offset Master	Pre-masurare P [bar]	Pre-masurare T [°C]	Pre-masurare Densitate fixa [kg/l]	Pre-masurare densitate masurata [kg/l]	Pre-masurare Timp masurare [s]	Pre-masurare Cycle time [s]	rectificare Q Oprire [ml/min]	rectificare P Oprire [bar]	rectificare Timp rectificare [s]	rectificare T [°C]	rectificare Densitate fixa [kg/l]	rectificare densitate masurata [kg/l]	rectificare Factor de masurare la rectificare	rectificare Factor de corectie a debitului	rectificare Target rectificare	Masurare Q [ml/min]	Masurare Gain	Masurare Offset Master	Masurare P [bar]	Masurare T [°C]	Masurare Densitate fixa [kg/l]	Masurare densitate masurata [kg/l]	Masurare Timp masurare [s]	Masurare Q [ml/min]	Masurare Delta Q [ml/min]	Masurare P [bar]	Masurare BP [bar]	Masurare T [°C]	Masurare Timp masurare [s]	Masurare Cycle time [s]	Nest Nr.	Cod de descarcare	Cycle time [s]	Traceability aktiv	EDM Maschine Nr	EDM Spindle Nr	Honing Rate [r	Station Counter Premeasure	Station Counter Grind	Station Counter Blowout 1	Station Counter Wash	Station Counter Measure	Station Counter Blowout 2	RealGrindQStop	Reg Type	Factor 0	Factor 1	Factor 2	Factor 3	Factor 4	G_StartQV	G_StartQV_1	G_StartQV_2	G_StartQV_3	G_StartQV_4	G_StartQV_5	
11/08/2017	00:00:16	011995	H421043086HLR	L421	S		721.6733	1.0400	0.0000	99.9275	40.0923	0.8230	1.1600	5.0000	20.0790	815.0721	94.7917	16.0597	25.9000	0.9300	0.9390	0.6983	-0.0009	815.0000	814.2911	1.0272	-5.7470	100.3140	40.7508	0.8230	0.8247	5.0000	-9999.0000	-9999.0000	-9999.0000	-9999.0000	-9999.0000	-9999.0000	17.3886	7	0	26.4848	1.0000	99	9	-9999.0000	218	28503	-9999	-9999	1250	2513	557.0675	5	0.6825	0.6983	-0.0009	71.0847	1.6681	725.1953	602.9558	44.3519	712.9737	95.0694	732.6765	94.6065	741.2415	94.4907	747.8193	94.7222	
11/08/2017	00:00:42	011995	H421043056HLR	L421	S		719.7194	1.0400	0.0000	99.8982	40.0946	0.8230	1.1601	5.0000	19.7882	815.0651	94.8148	15.4191	25.9000	0.9300	0.9390	0.6990	-0.0010	815.0000	813.8033	1.0272	-5.7516	100.1417	40.7160	0.8230	0.8239	5.0000	-9999.0000	-9999.0000	-9999.0000	-9999.0000	-9999.0000	-9999.0000	17.2783	8	0	26.8132	1.0000	99	9	-9999.0000	219	28504	-9999	-9999	1251	2515	557.6020	5	0.6827	0.6990	-0.0010	68.4357	1.8109	725.7184	602.2436	46.2269	712.6298	94.9306	736.4577	94.6065	743.7478	94.5602	750.3712	94.6991	
11/08/2017	00:01:09	011995	H421042522HLR	L421	S		718.3557	1.0400	0.0000	99.9488	40.0864	0.8230	1.1600	5.0000	20.4188	815.1099	94.8611	16.7286	25.9000	0.9300	0.9391	0.6989	-0.0010	815.0000	815.0098	1.0272	-5.7402	100.1393	40.7029	0.8230	0.8228	5.0000	-9999.0000	-9999.0000	-9999.0000	-9999.0000	-9999.0000	-9999.0000	17.3388	1	0	26.3084	1.0000	99	9	-9999.0000	220	28505	-9999	-9999	1251	2517	556.7521	5	0.6828	0.6989	-0.0010	69.0022	1.7695	721.9167	606.5886	45.0000	710.6456	95.0463	729.0487	94.6528	737.4360	94.4676	743.4991	94.7222	
11/08/2017	00:01:38	011995	H421042523HLR	L421	S		712.8644	1.0400	0.0000	99.9213	40.0893	0.8230	1.1601	5.0000	19.9588	815.1306	94.7917	16.8595	26.0000	0.9300	0.9391	0.6990	-0.0010	815.0000	815.9149	1.0272	-5.7317	99.8202	40.7246	0.8230	0.8226	5.0000	-9999.0000	-9999.0000	-9999.0000	-9999.0000	-9999.0000	-9999.0000	17.6018	2	0	29.8875	1.0000	99	9	-9999.0000	221	28506	-9999	-9999	1252	2518	556.6531	5	0.6829	0.6990	-0.0010	68.6206	1.7730	720.2366	617.5237	45.4630	708.9466	95.0463	729.1138	94.6296	737.3629	94.4444	743.9514	94.7685	
11/08/2017	00:02:05	011995	H421042515HLR	L421	S		720.5804	1.0400	0.0000	99.9454	40.0880	0.8230	1.1599	5.0000	20.5554	815.1721	94.7685	15.3488	26.0000	0.9300	0.9390	0.6990	-0.0010	815.0000	813.6079	1.0272	-5.7535	99.7706	40.7691	0.8230	0.8236	5.0000	-9999.0000	-9999.0000	-9999.0000	-9999.0000	-9999.0000	-9999.0000	17.2090	3	0	26.1189	1.0000	99	9	-9999.0000	222	28507	-9999	-9999	1253	2519	557.9110	5	0.6829	0.6990	-0.0010	68.6206	1.7730	726.8668	621.8881	44.2824	715.6038	95.0000	735.6794	94.6065	743.4159	94.4444	749.5050	94.6759	
11/08/2017	00:02:32	011995	H421042536HLR	L421	S		715.6831	1.0400	0.0000	99.8888	40.0939	0.8230	1.1601	5.0000	20.1082	815.0652	94.7222	15.8497	26.0000	0.9300	0.9391	0.6993	-0.0010	815.0000	813.3316	1.0272	-5.7561	100.0542	40.7840	0.8230	0.8239	5.0000	-9999.0000	-9999.0000	-9999.0000	-9999.0000	-9999.0000	-9999.0000	17.3180	4	0	27.5591	1.0000	99	9	-9999.0000	223	28508	-9999	-9999	1254	2521	557.4564	5	0.6830	0.6993	-0.0010	68.9800	1.7414	719.9878	593.4817	46.1111	707.3920	94.9769	730.9146	94.6528	738.0878	94.4676	745.7834	94.7685	
11/08/2017	00:02:59	011995	H421042509HLR	L421	S		720.4388	1.0400	0.0000	99.9502	40.0966	0.8230	1.1600	5.0000	20.3095	815.0653	94.7917	15.2092	26.0000	0.9300	0.9390	0.6993	-0.0010	815.0000	815.5011	1.0272	-5.7356	100.2350	40.7885	0.8230	0.8247	5.0000	-9999.0000	-9999.0000	-9999.0000	-9999.0000	-9999.0000	-9999.0000	17.3819	5	0	26.5678	1.0000	99	9	-9999.0000	224	28509	-9999	-9999	1255	2523	557.9325	5	0.6830	0.6993	-0.0010	68.9800	1.7414	727.3909	586.1634	45.6019	715.1741	94.9306	738.9208	94.6296	746.3602	94.4907	753.4262	94.7454	
11/08/2017	00:03:25	011995	H421042506HLR	L421	S		716.0840	1.0400	0.0000	99.8969	40.1007	0.8230	1.1601	5.0000	20.0215	815.0685	95.0000	18.9589	26.0000	0.9300	0.9390	0.6999	-0.0010	815.0000	815.4282	1.0272	-5.7363	100.1187	40.7644	0.8230	0.8247	5.0000	-9999.0000	-9999.0000	-9999.0000	-9999.0000	-9999.0000	-9999.0000	17.3686	6	0	25.7390	1.0000	99	9	-9999.0000	225	28510	-9999	-9999	1256	2524	554.9803	5	0.6831	0.6999	-0.0010	66.9658	1.8468	717.4836	604.5603	43.8426	704.9430	95.0926	724.6740	94.6759	731.6725	94.4907	737.3114	94.6991	
11/08/2017	00:03:53	011995	H421036808HLR	L421	S		718.1550	1.0400	0.0000	99.9476	40.1016	0.8230	1.1600	5.0000	20.2293	815.0736	94.8148	15.1799	26.0000	0.9300	0.9390	0.6999	-0.0010	815.0000	814.3136	1.0272	-5.7468	100.1853	40.7278	0.8230	0.8238	5.0000	-9999.0000	-9999.0000	-9999.0000	-9999.0000	-9999.0000	-9999.0000	17.3179	7	0	28.2085	1.0000	99	9	-9999.0000	226	28511	-9999	-9999	1257	2526	558.0960	5	0.6831	0.6999	-0.0010	66.9658	1.8468	725.7976	573.3292	45.4398	713.1373	94.8380	735.9807	94.6759	744.2937	94.4907	750.8432	94.7917	
11/08/2017	00:04:19	011995	H421042516HLR	L421	S		719.2440	1.0400	0.0000	99.8821	40.1116	0.8230	1.1601	5.0000	20.0185	815.0547	94.8148	16.6290	26.0000	0.9300	0.9391	0.6997	-0.0010	815.0000	814.6993	1.0272	-5.7432	99.7608	40.7175	0.8230	0.8227	5.0000	-9999.0000	-9999.0000	-9999.0000	-9999.0000	-9999.0000	-9999.0000	17.2594	8	0	26.2991	1.0000	99	9	-9999.0000	227	28512	-9999	-9999	1258	2528	556.9713	5	0.6833	0.6997	-0.0010	66.7905	1.8696	722.4634	584.8508	45.9722	710.7738	95.0231	730.3451	94.6296	738.7424	94.5139	743.2110	94.7222	
11/08/2017	00:04:45	011995	H421042526HLR	L421	S		723.4830	1.0400	0.0000	99.9137	40.1169	0.8230	1.1605	5.0000	20.0595	815.1000	94.7685	15.6593	25.9000	0.9300	0.9391	0.7000	-0.0010	815.0000	815.2653	1.0272	-5.7378	100.0399	40.7397	0.8230	0.8227	5.0000	-9999.0000	-9999.0000	-9999.0000	-9999.0000	-9999.0000	-9999.0000	17.3592	1	0	26.4477	1.0000	99	9	-9999.0000	228	28513	-9999	-9999	1259	2529	557.9100	5	0.6833	0.7000	-0.0010	67.5472	1.8085	726.5510	576.9453	44.0972	714.4867	95.0000	734.7947	94.6528	742.8811	94.4907	748.7908	94.7222	
11/08/2017	00:05:14	011995	H421042537HLR	L421	S		723.1273	1.0400	0.0000	99.9143	40.1258	0.8230	1.1601	5.0000	20.0985	815.0975	94.8611	14.8293	25.9000	0.9300	0.9390	0.7000	-0.0010	815.0000	815.8090	1.0272	-5.7327	99.7898	40.7752	0.8230	0.8233	5.0000	-9999.0000	-9999.0000	-9999.0000	-9999.0000	-9999.0000	-9999.0000	17.3686	2	0	28.4889	1.0000	99	9	-9999.0000	229	28514	-9999	-9999	1260	2531	558.4775	5	0.6833	0.7000	-0.0010	67.5472	1.8085	729.4538	612.1936	45.9259	717.3571	94.9306	738.5575	94.6296	745.8679	94.4907	753.4925	94.7222	
11/08/2017	00:05:43	011995	H421042508HLR	L421	S		716.4041	1.0400	0.0000	99.9167	40.1329	0.8230	1.1601	5.0000	19.9287	815.0879	94.8148	17.2696	25.9000	0.9300	0.9390	0.7007	-0.0010	815.0000	817.4546	1.0272	-5.7171	100.2041	40.7661	0.8230	0.8225	5.0000	-9999.0000	-9999.0000	-9999.0000	-9999.0000	-9999.0000	-9999.0000	19.4078	3	0	28.7085	1.0000	99	9	-9999.0000	230	28515	-9999	-9999	1261	2533	556.5324	5	0.6835	0.7007	-0.0010	66.4810	1.8651	721.4592	604.9832	43.7963	708.6690	95.1157	730.6635	94.6759	738.7773	94.4444	745.2275	94.6991	
11/08/2017	00:06:10	011995	H421036788HLR	L421	S		716.5006	1.0400	0.0000	99.9216	40.1404	0.8230	1.1601	5.0000	20.0389	815.0901	94.7454	15.3595	25.9000	0.9300	0.9390	0.7007	-0.0010	815.0000	814.9143	1.0272	-5.7411	99.9893	40.7789	0.8230	0.8231	5.0000	-9999.0000	-9999.0000	-9999.0000	-9999.0000	-9999.0000	-9999.0000	19.3254	4	0	27.8286	1.0000	99	9	-9999.0000	231	28516	-9999	-9999	1262	2535	558.0973	5	0.6835	0.7007	-0.0010	66.4810	1.8651	723.2690	618.7105	44.4213	711.9289	95.0231	732.1671	94.5833	740.7433	94.4907	747.8672	94.7454	
11/08/2017	00:06:36	011995	H421036799HLR	L421	S		718.8395	1.0400	0.0000	99.8757	40.1470	0.8230	1.1600	5.0000	20.1687	815.1040	94.6991	15.4992	25.9000	0.9300	0.9390	0.7003	-0.0010	815.0000	814.9704	1.0272	-5.7406	99.9653	40.7826	0.8230	0.8248	5.0000	-9999.0000	-9999.0000	-9999.0000	-9999.0000	-9999.0000	-9999.0000	17.2090	5	0	25.4683	1.0000	99	9	-9999.0000	232	28517	-9999	-9999	1263	2536	558.0048	5	0.6835	0.7003	-0.0010	64.3215	1.9772	725.6016	629.3877	45.2546	714.0399	95.0000	734.1552	94.6528	740.9362	94.4676	748.5245	94.7454	
11/08/2017	00:07:02	011995	H421036820HLR	L421	S		717.4211	1.0400	0.0000	99.9249	40.1477	0.8230	1.1601	5.0000	20.0281	815.1560	94.8843	17.5489	25.9000	0.9300	0.9390	0.7012	-0.0011	815.0000	816.3398	1.0272	-5.7277	100.0282	40.7500	0.8230	0.8243	5.0000	-9999.0000	-9999.0000	-9999.0000	-9999.0000	-9999.0000	-9999.0000	17.5289	6	0	25.8788	1.0000	99	9	-9999.0000	233	28518	-9999	-9999	1264	2538	556.3023	5	0.6834	0.7012	-0.0011	64.2346	1.9874	723.9493	642.1675	45.2083	712.8361	94.9769	731.7825	94.6528	738.4703	94.4907	744.2962	94.7454	
11/08/2017	00:07:30	011995	H421036791HLR	L421	S		720.8072	1.0400	0.0000	99.9410	40.1537	0.8230	1.1601	5.0000	19.9386	815.1041	94.8843	17.7784	25.9000	0.9300	0.9390	0.7014	-0.0011	815.0000	818.2191	1.0272	-5.7099	100.1277	40.6964	0.8230	0.8222	5.0000	-9999.0000	-9999.0000	-9999.0000	-9999.0000	-9999.0000	-9999.0000	19.8116	7	0	27.7882	1.0000	99	9	-9999.0000	234	28519	-9999	-9999	1264	2540	555.9196	5	0.6834	0.7014	-0.0011	65.2583	1.9333	722.8963	613.4826	44.6759	712.1252	95.0000	730.4320	94.6296	739.0884	94.4907	746.4404	94.7685	
11/08/2017	00:07:55	011995	H421036811HLR	L421	S		720.5186	1.0400	0.0000	99.9468	40.1521	0.8230	1.1599	5.0000	20.3368	815.0487	94.7917	16.9093	26.0000	0.9300	0.9391	0.7037	-0.0012	815.0000	817.0741	1.0272	-5.7207	99.8760	40.7326	0.8230	0.8228	5.0000	-9999.0000	-9999.0000	-9999.0000	-9999.0000	-9999.0000	-9999.0000	17.2503	8	0	24.9890	1.0000	99	9	-9999.0000	235	28520	-9999	-9999	1265	2542	556.6291	5	0.6835	0.7037	-0.0012	66.7149	1.8538	723.0149	613.6357	47.0833	710.5881	94.9537	730.5386	94.6528	737.3088	94.4444	743.8143	94.7454	
11/08/2017	00:08:22	011995	H421036785HLR	L421	S		724.9632	1.0400	0.0000	99.9384	40.1518	0.8230	1.1599	5.0000	20.3494	815.1015	94.8148	14.5285	25.9000	0.9300	0.9390	0.7037	-0.0012	815.0000	816.2949	1.0272	-5.7281	100.2811	40.7609	0.8230	0.8232	5.0000	-9999.0000	-9999.0000	-9999.0000	-9999.0000	-9999.0000	-9999.0000	17.3396	1	0	26.9388	1.0000	99	9	-9999.0000	236	28521	-9999	-9999	1266	2544	559.0440	5	0.6835	0.7037	-0.0012	66.7149	1.8538	726.8339	609.3863	44.5833	714.6458	94.9769	736.3339	94.6296	743.9168	94.4444	751.5739	94.7685	
11/08/2017	00:08:48	011995	H421036794HLR	L421	S		722.6886	1.0400	0.0000	99.9433	40.1452	0.8230	1.1598	5.0000	20.7792	815.1050	94.7685	15.0197	25.9000	0.9300	0.9390	0.7053	-0.0013	815.0000	815.0312	1.0272	-5.7400	99.7615	40.7845	0.8230	0.8239	5.0000	-9999.0000	-9999.0000	-9999.0000	-9999.0000	-9999.0000	-9999.0000	17.6126	2	0	26.7183	1.0000	99	9	-9999.0000	237	28522	-9999	-9999	1267	2546	558.5948	5	0.6835	0.7053	-0.0013	64.4590	1.9980	724.0923	580.0185	43.7269	711.6721	95.0231	733.6123	94.6528	741.5754	94.4444	749.0739	94.6991	
11/08/2017	00:09:15	011995	H421036803HLR	L421	S		717.8233	1.0400	0.0000	99.9305	40.1472	0.8230	1.1600	5.0000	20.0316	815.0767	94.8148	16.8399	25.9000	0.9300	0.9390	0.7066	-0.0014	815.0000	816.9364	1.0272	-5.7220	100.0538	40.7889	0.8230	0.8246	5.0000	-9999.0000	-9999.0000	-9999.0000	-9999.0000	-9999.0000	-9999.0000	17.3090	3	0	26.9282	1.0000	99	9	-9999.0000	238	28523	-9999	-9999	1268	2548	556.5436	5	0.6833	0.7066	-0.0014	65.0337	1.9521	717.9554	613.4784	45.9259	706.6999	94.9769	725.8988	94.6759	733.5239	94.4676	739.9841	94.7454	
11/08/2017	00:09:42	011995	H421036793HLR	L421	S		720.6008	1.0400	0.0000	99.8987	40.1474	0.8230	1.1600	5.0000	19.9188	815.1655	94.8611	14.0588	25.9000	0.9300	0.9390	0.7066	-0.0014	815.0000	813.8908	1.0272	-5.7508	99.8390	40.7538	0.8230	0.8246	5.0000	-9999.0000	-9999.0000	-9999.0000	-9999.0000	-9999.0000	-9999.0000	17.2885	4	0	26.5993	1.0000	99	9	-9999.0000	239	28524	-9999	-9999	1268	2550	559.8337	5	0.6833	0.7066	-0.0014	65.0337	1.9521	722.4472	568.8537	43.0556	710.1624	94.9537	735.3640	94.6065	744.0586	94.4676	752.2031	94.8148	
11/08/2017	00:10:10	011995	H421036795HLR	L421	S		717.7454	1.0400	0.0000	99.9081	40.1460	0.8230	1.1600	5.0000	20.0760	815.0579	94.7222	15.8888	25.9000	0.9300	0.9390	0.7059	-0.0014	815.0000	815.3523	1.0272	-5.7370	99.8992	40.7076	0.8230	0.8228	5.0000	-9999.0000	-9999.0000	-9999.0000	-9999.0000	-9999.0000	-9999.0000	19.5493	5	0	27.8785	1.0000	99	9	-9999.0000	240	28525	-9999	-9999	1269	2552	557.5522	5	0.6834	0.7059	-0.0014	62.6127	2.0774	716.3630	588.9500	45.3241	703.6339	95.0231	726.9714	94.6296	736.1367	94.4907	743.5989	94.6991	
11/08/2017	00:10:36	011995	H421036816HLR	L421	S		719.9759	1.0400	0.0000	99.8226	40.1406	0.8230	1.1600	5.0000	19.7989	815.0660	94.7222	15.7794	25.9000	0.9300	0.9390	0.7064	-0.0014	815.0000	815.7726	1.0272	-5.7330	99.9398	40.7080	0.8230	0.8227	5.0000	-9999.0000	-9999.0000	-9999.0000	-9999.0000	-9999.0000	-9999.0000	17.2491	6	0	26.6381	1.0000	99	9	-9999.0000	240	28526	-9999	-9999	1270	2554	557.7410	5	0.6832	0.7064	-0.0014	63.0370	2.0584	720.5609	591.1089	46.4815	707.8049	94.9537	729.8763	94.6528	738.2885	94.4676	745.8112	94.8148	
11/08/2017	00:11:03	011995	H421036822HLR	L421	S		716.0023	1.0400	0.0000	99.9017	40.1387	0.8230	1.1600	5.0000	20.0088	815.0632	94.6991	15.9884	25.9000	0.9300	0.9390	0.7073	-0.0015	815.0000	817.0435	1.0272	-5.7210	99.8735	40.7296	0.8230	0.8226	5.0000	-9999.0000	-9999.0000	-9999.0000	-9999.0000	-9999.0000	-9999.0000	17.5786	7	0	26.8190	1.0000	99	9	-9999.0000	241	28526	-9999	-9999	1271	2556	557.4346	5	0.6835	0.7073	-0.0015	64.0883	1.9948	717.1517	567.8842	46.5509	704.1366	95.0000	728.7097	94.6528	736.8653	94.4444	744.8007	94.7222	
11/08/2017	00:11:30	011995	H421036814HLR	L421	S		722.5260	1.0400	0.0000	99.9442	40.1301	0.8230	1.1599	5.0000	20.3086	815.0952	94.8148	15.0890	25.9000	0.9300	0.9389	0.7073	-0.0015	815.0000	815.2436	1.0272	-5.7380	99.9375	40.7399	0.8230	0.8223	5.0000	-9999.0000	-9999.0000	-9999.0000	-9999.0000	-9999.0000	-9999.0000	18.8400	8	0	26.8792	1.0000	99	9	-9999.0000	242	28527	-9999	-9999	1272	2558	558.6232	5	0.6835	0.7073	-0.0015	64.0883	1.9948	721.8034	574.7223	45.8333	709.4090	94.9306	730.3711	94.7685	739.1659	94.5602	745.7298	94.5370	
11/08/2017	00:11:57	011995	H421035657HLR	L421	S		717.0872	1.0400	0.0000	99.9033	40.1301	0.8230	1.1600	5.0000	20.0733	815.0990	94.7917	16.8888	25.9000	0.9300	0.9391	0.7093	-0.0016	815.0000	815.5185	1.0272	-5.7354	100.0097	40.7807	0.8230	0.8239	5.0000	-9999.0000	-9999.0000	-9999.0000	-9999.0000	-9999.0000	-9999.0000	17.5183	1	0	27.0976	1.0000	99	9	-9999.0000	243	28528	-9999	-9999	1273	2560	556.3536	5	0.6836	0.7093	-0.0016	66.0917	1.8627	713.1886	577.7524	45.0694	701.0621	95.0463	722.8075	94.6759	731.0235	94.4444	737.3013	94.6528	
11/08/2017	00:12:26	011995	H421036797HLR	L421	S		716.1736	1.0400	0.0000	99.9161	40.1233	0.8230	1.1600	5.0000	20.1589	815.1276	94.7222	15.6486	26.0000	0.9300	0.9391	0.7098	-0.0016	815.0000	815.0819	1.0272	-5.7395	100.0477	40.7828	0.8230	0.8246	5.0000	-9999.0000	-9999.0000	-9999.0000	-9999.0000	-9999.0000	-9999.0000	17.3768	2	0	28.4387	1.0000	99	9	-9999.0000	244	28528	-9999	-9999	1274	2562	557.8989	5	0.6837	0.7098	-0.0016	63.3362	2.0466	715.4812	583.9018	44.8611	703.0421	95.0000	725.7562	94.6296	734.5895	94.4907	741.7096	94.7917	
11/08/2017	00:12:53	011995	H421035677HLR	L421	S		716.9626	1.0400	0.0000	99.9653	40.1235	0.8230	1.1600	5.0000	19.9383	815.1022	94.6759	15.8488	26.0000	0.9300	0.9392	0.7098	-0.0016	815.0000	816.5479	1.0272	-5.7257	99.8281	40.7506	0.8230	0.8246	5.0000	-9999.0000	-9999.0000	-9999.0000	-9999.0000	-9999.0000	-9999.0000	17.3578	3	0	27.3384	1.0000	99	9	-9999.0000	245	28529	-9999	-9999	1275	2564	557.5820	5	0.6837	0.7098	-0.0016	63.3362	2.0466	714.3713	568.8299	46.3889	701.5511	95.0463	724.3362	94.6296	733.5495	94.4676	741.0468	94.6991	
11/08/2017	00:13:18	011995	H421035687HLR	L421	S		718.0177	1.0400	0.0000	99.9311	40.1182	0.8230	1.1600	5.0000	20.0595	815.0784	94.6991	15.8693	25.9000	0.9300	0.9390	0.7102	-0.0017	815.0000	813.4201	1.0272	-5.7552	99.7803	40.7215	0.8230	0.8239	5.0000	-9999.0000	-9999.0000	-9999.0000	-9999.0000	-9999.0000	-9999.0000	17.2397	4	0	24.8591	1.0000	99	9	-9999.0000	246	28530	-9999	-9999	1276	2566	557.5168	5	0.6837	0.7102	-0.0017	63.4466	2.0252	715.4259	557.7139	43.4722	702.5685	95.0463	725.0496	94.6296	734.1171	94.4907	741.2791	94.7685	
11/08/2017	00:13:47	011995	H421035667HLR	L421	S		714.2961	1.0400	0.0000	99.9118	40.1175	0.8230	1.1601	5.0000	19.6185	815.0750	94.6528	16.1984	25.9000	0.9300	0.9391	0.7101	-0.0017	815.0000	814.5008	1.0272	-5.7450	99.8071	40.7055	0.8230	0.8229	5.0000	-9999.0000	-9999.0000	-9999.0000	-9999.0000	-9999.0000	-9999.0000	17.3592	5	0	28.8676	1.0000	99	9	-9999.0000	247	28531	-9999	-9999	1277	2568	557.0343	5	0.6837	0.7101	-0.0017	64.0883	1.9948	710.6740	584.2242	43.4259	697.8247	95.1157	720.6038	94.6528	730.1202	94.4676	737.5602	94.7454	
11/08/2017	00:14:15	011995	H421035668HLR	L421	S		717.8163	1.0400	0.0000	99.9041	40.1136	0.8230	1.1600	5.0000	19.9563	815.1289	94.7917	17.4795	26.0000	0.9300	0.9391	0.7101	-0.0017	815.0000	815.6083	1.0272	-5.7346	99.8214	40.7327	0.8230	0.8224	5.0000	-9999.0000	-9999.0000	-9999.0000	-9999.0000	-9999.0000	-9999.0000	17.9782	6	0	28.6184	1.0000	99	9	-9999.0000	248	28532	-9999	-9999	1277	2570	555.3825	5	0.6836	0.7101	-0.0017	67.7941	1.7808	714.3110	581.7901	44.5370	701.8033	95.0231	722.1378	94.6991	730.4127	94.4907	737.9764	94.7454	
11/08/2017	00:14:45	011995	H421035697HLR	L421	S		720.9957	1.0400	0.0000	99.9409	40.1120	0.8230	1.1600	5.0000	20.3128	815.0874	94.5833	16.3487	26.0000	0.9300	0.9391	0.7094	-0.0016	815.0000	815.2655	1.0272	-5.7378	99.9935	40.7609	0.8230	0.8233	5.0000	-9999.0000	-9999.0000	-9999.0000	-9999.0000	-9999.0000	-9999.0000	17.2490	7	0	30.0884	1.0000	99	9	-9999.0000	249	28533	-9999	-9999	1278	2572	556.8169	5	0.6837	0.7094	-0.0016	67.6103	1.7912	716.9686	630.8343	46.3426	705.6041	95.0231	724.5368	94.6528	731.7307	94.4907	739.2815	94.6991	
11/08/2017	00:15:15	011995	H421042588HLR	L421	S		727.6612	1.0400	0.0000	99.9036	40.1059	0.8230	1.1596	5.0000	21.6493	815.0933	94.8843	13.1487	25.9000	0.9300	0.9390	0.7094	-0.0016	815.0000	816.4459	1.0272	-5.7267	99.8232	40.7386	0.8230	0.8220	5.0000	-9999.0000	-9999.0000	-9999.0000	-9999.0000	-9999.0000	-9999.0000	19.4185	8	0	29.4291	1.0000	99	9	-9999.0000	250	28534	-9999	-9999	1279	2574	561.1044	5	0.6837	0.7094	-0.0016	67.6103	1.7912	729.4534	609.7285	45.8796	717.8472	94.9537	739.6199	94.6065	747.8931	94.4444	755.7955	94.6991	
11/08/2017	00:15:40	011995	H421042569HLR	L421	S		712.4030	1.0400	0.0000	99.9151	40.1166	0.8230	1.1601	5.0000	19.9292	815.0805	94.9074	17.9492	25.9000	0.9300	0.9390	0.7095	-0.0016	815.0000	811.5869	1.0272	-5.7726	100.0505	40.7319	0.8230	0.8217	5.0000	-9999.0000	-9999.0000	-9999.0000	-9999.0000	-9999.0000	-9999.0000	19.9985	1	0	24.8687	1.0000	99	9	-9999.0000	251	28535	-9999	-9999	1280	2576	554.8100	5	0.6835	0.7095	-0.0016	68.9751	1.7225	708.2961	632.1535	47.5694	697.9411	95.1852	715.6707	94.6296	724.0189	94.5139	729.6361	94.6991	
11/08/2017	00:16:06	011995	H421035854HLR	L421	Q		722.7241	1.0400	0.0000	99.8817	40.1176	0.8230	1.1604	5.0000	19.9896	815.0456	94.8611	17.7090	25.9000	0.9300	0.9389	0.7100	-0.0016	815.0000	818.0276	1.0272	-5.7117	99.8585	40.7494	0.8230	0.8222	5.0000	-9999.0000	-9999.0000	-9999.0000	-9999.0000	-9999.0000	-9999.0000	19.4134	2	0	26.2783	1.0000	99	9	-9999.0000	252	28536	-9999	-9999	1281	2578	554.9937	5	0.6835	0.7100	-0.0016	68.8230	1.7289	715.2434	598.6446	43.6806	701.2007	95.0463	724.4703	94.6296	732.5915	94.4907	741.0951	94.7917	
11/08/2017	00:16:35	011995	H421042597HLR	L421	Q		710.0413	1.0400	0.0000	99.8931	40.1222	0.8230	1.1601	5.0000	19.8780	815.0626	94.9074	19.0586	25.9000	0.9300	0.9389	0.7082	-0.0015	815.0000	809.4831	1.0272	-5.7924	100.2567	40.7879	0.8230	0.8248	5.0000	-9999.0000	-9999.0000	-9999.0000	-9999.0000	-9999.0000	-9999.0000	17.3291	3	0	29.2881	1.0000	99	9	-9999.0000	253	28537	-9999	-9999	1282	2580	553.1665	5	0.6837	0.7082	-0.0015	66.9509	1.8300	701.3898	595.3911	45.8102	691.1828	95.1852	708.5569	94.6991	716.1359	94.4676	721.5940	94.7222	
11/08/2017	00:17:01	011995	H421042575HLR	L421	S		708.5155	1.0400	0.0000	99.9279	40.1247	0.8230	1.1601	5.0000	19.9190	815.1108	94.9074	18.4590	25.9000	0.9300	0.9390	0.7068	-0.0014	815.0000	811.5012	1.0272	-5.7734	100.0993	40.7550	0.8230	0.8246	5.0000	-9999.0000	-9999.0000	-9999.0000	-9999.0000	-9999.0000	-9999.0000	17.2291	4	0	25.7296	1.0000	99	9	-9999.0000	254	28538	-9999	-9999	1283	2582	554.2135	5	0.6836	0.7068	-0.0014	68.0560	1.7644	702.3814	578.2680	44.3287	691.6841	95.1157	712.7612	94.6065	720.0698	94.6759	726.7045	94.6528	
11/08/2017	00:17:30	011995	H421042579HLR	L421	S		728.1757	1.0400	0.0000	99.9312	40.1285	0.8230	1.1600	5.0000	20.0888	815.1754	94.8843	13.8987	25.9000	0.9300	0.9390	0.7068	-0.0014	815.0000	817.5482	1.0272	-5.7163	100.0505	40.7413	0.8230	0.8238	5.0000	-9999.0000	-9999.0000	-9999.0000	-9999.0000	-9999.0000	-9999.0000	17.6780	5	0	29.2782	1.0000	99	9	-9999.0000	255	28539	-9999	-9999	1284	2584	559.8826	5	0.6836	0.7068	-0.0014	68.0560	1.7644	730.2190	584.1137	46.0880	717.3774	94.8843	740.3030	94.6065	749.9081	94.4213	756.7377	94.7917	
11/08/2017	00:18:00	011995	H421042598HLR	L421	S		718.7867	1.0400	0.0000	99.8813	40.1385	0.8230	1.1600	5.0000	19.9890	815.0943	94.7685	15.3986	25.9000	0.9300	0.9390	0.7071	-0.0015	815.0000	817.0244	1.0272	-5.7212	99.7987	40.7146	0.8230	0.8226	5.0000	-9999.0000	-9999.0000	-9999.0000	-9999.0000	-9999.0000	-9999.0000	17.5690	6	0	30.0481	1.0000	99	9	-9999.0000	256	28540	-9999	-9999	1285	2586	557.9512	5	0.6834	0.7071	-0.0015	69.7101	1.6494	719.8916	610.8932	44.0278	708.0208	94.9769	728.3285	94.6296	737.4285	94.5139	744.4096	94.7222	
11/08/2017	00:18:51	011995	H421043094HLR	L421	S		0.0000	0.0000	0.0000	0.0000	0.0000	0.8230	0.0000	0.0000	0.0000	0.0000	0.0000	0.0000	0.0000	0.9300	0.0000	0.0000	0.0000	0.0000	0.0000	0.0000	0.0000	0.0000	0.0000	0.8230	0.0000	0.0000	0.0000	0.0000	0.0000	0.0000	0.0000	0.0000	0.0000	0	42	30.0481	1.0000	99	9	0.0000	0	0	0	0	0	0	0.0000	0	0.0000	0.0000	0.0000	0.0000	0.0000	0.0000	0.0000	0.0000	0.0000	0.0000	0.0000	0.0000	0.0000	0.0000	0.0000	0.0000	
11/08/2017	00:19:11	011995	H421043057HLR	L421	S		714.7763	1.0400	0.0000	99.9400	40.1282	0.8230	1.1599	5.0000	20.6591	815.1118	94.9074	18.2393	25.9000	0.9300	0.9390	0.7071	-0.0015	815.0000	813.4996	1.0272	-5.7545	99.9973	40.7239	0.8230	0.8223	5.0000	-9999.0000	-9999.0000	-9999.0000	-9999.0000	-9999.0000	-9999.0000	18.1184	7	0	70.9064	1.0000	99	9	-9999.0000	257	28541	-9999	-9999	1286	2588	554.5800	5	0.6835	0.7071	-0.0015	67.5429	1.7894	709.3331	572.9606	44.3287	697.1625	95.0694	717.2446	94.6759	725.2188	94.5139	731.7468	94.7454	
11/08/2017	00:19:40	011995	H421043087HLR	L421	S		722.9612	1.0400	0.0000	99.9420	40.1409	0.8230	1.1599	5.0000	20.5988	815.1096	94.8380	14.7892	25.9000	0.9300	0.9390	0.7071	-0.0015	815.0000	815.3543	1.0272	-5.7370	99.7111	40.7385	0.8230	0.8227	5.0000	-9999.0000	-9999.0000	-9999.0000	-9999.0000	-9999.0000	-9999.0000	17.2781	8	0	29.0084	1.0000	99	9	-9999.0000	258	28542	-9999	-9999	1287	2590	558.7202	5	0.6835	0.7071	-0.0015	67.5429	1.7894	722.3518	589.3579	44.5833	709.9891	94.8611	733.2657	94.7222	740.6207	94.4676	747.3418	94.7222	
11/08/2017	00:20:05	011995	H421043069HLR	L421	S		716.7954	1.0400	0.0000	99.9496	40.1484	0.8230	1.1600	5.0000	20.3288	815.0950	94.9306	18.2490	25.9000	0.9300	0.9390	0.7065	-0.0014	815.0000	814.4175	1.0272	-5.7458	99.7758	40.7392	0.8230	0.8237	5.0000	-9999.0000	-9999.0000	-9999.0000	-9999.0000	-9999.0000	-9999.0000	17.2092	1	0	24.9781	1.0000	99	9	-9999.0000	259	28542	-9999	-9999	1288	2592	554.6056	5	0.6834	0.7065	-0.0014	65.3357	1.9273	712.4253	581.0268	45.9259	700.9843	95.0694	722.0346	94.6528	729.4395	94.4907	735.8030	94.6991	
11/08/2017	00:20:35	011995	H421043070HLR	L421	S		711.5944	1.0400	0.0000	99.9499	40.1461	0.8230	1.1600	5.0000	20.3884	815.1393	94.8380	19.0986	26.0000	0.9300	0.9390	0.7030	-0.0012	815.0000	811.9608	1.0272	-5.7690	100.2071	40.7270	0.8230	0.8233	5.0000	-9999.0000	-9999.0000	-9999.0000	-9999.0000	-9999.0000	-9999.0000	17.3690	2	0	29.8187	1.0000	99	9	-9999.0000	260	28543	-9999	-9999	1289	2594	553.5051	5	0.6833	0.7030	-0.0012	67.1972	1.8168	705.1724	588.4496	43.9120	694.1740	95.1852	712.7637	94.6296	720.4096	94.6065	726.9010	94.7222	
11/08/2017	00:21:09	011995	H421043052HLR	L421	S		713.0652	1.0400	0.0000	99.9406	40.1510	0.8230	1.1599	5.0000	20.4989	815.0345	94.9306	18.3193	26.0000	0.9300	0.9391	0.7027	-0.0012	815.0000	812.7784	1.0272	-5.7613	100.0078	40.7409	0.8230	0.8227	5.0000	-9999.0000	-9999.0000	-9999.0000	-9999.0000	-9999.0000	-9999.0000	17.3390	3	0	33.5189	1.0000	99	9	-9999.0000	261	28544	-9999	-9999	1290	2595	554.7688	5	0.6834	0.7027	-0.0012	67.0587	1.8247	712.5507	634.5557	45.4167	701.2292	95.0463	720.2865	94.6759	726.9006	94.4907	733.0392	94.7222	
11/08/2017	00:21:39	011995	H421043091HLR	L421	S		712.5665	1.0400	0.0000	99.9235	40.1552	0.8230	1.1601	5.0000	19.8894	815.0472	94.8843	18.0489	26.0000	0.9300	0.9391	0.7028	-0.0012	815.0000	812.4444	1.0272	-5.7645	100.0317	40.7472	0.8230	0.8226	5.0000	-9999.0000	-9999.0000	-9999.0000	-9999.0000	-9999.0000	-9999.0000	17.6882	4	0	30.6381	1.0000	99	9	-9999.0000	262	28545	-9999	-9999	1291	2597	555.1470	5	0.6834	0.7028	-0.0012	69.1711	1.6829	709.0792	543.3865	44.6528	696.7211	94.9537	718.1154	94.8380	727.1497	94.5602	734.3548	94.6296	
11/08/2017	00:22:05	011995	H421043073HLR	L421	S		558.0919	1.0400	0.0000	99.8829	40.1044	0.8230	1.1596	5.0000	23.3082	0.0000	0.0000	0.0000	0.0000	0.9300	0.0000	0.0000	0.0000	0.0000	704.0261	1.0272	-1.5389	99.8120	40.7331	0.8230	0.8227	5.0000	-9999.0000	-9999.0000	-9999.0000	-9999.0000	-9999.0000	-9999.0000	18.4024	5	7	25.4050	1.0000	99	9	-9999.0000	263	0	-9999	-9999	1292	2599	0.0000	0	0.0000	0.0000	0.0000	0.0000	0.0000	0.0000	0.0000	0.0000	0.0000	0.0000	0.0000	0.0000	0.0000	0.0000	0.0000	0.0000	
11/08/2017	00:22:33	011995	H421043082HLR	L421	S		703.5456	1.0400	0.0000	99.9058	40.1271	0.8230	1.1601	5.0000	19.8789	815.0900	94.8843	18.7392	25.9000	0.9300	0.9391	0.6993	-0.0010	815.0000	814.7525	1.0272	-5.7427	99.7535	40.7389	0.8230	0.8225	5.0000	-9999.0000	-9999.0000	-9999.0000	-9999.0000	-9999.0000	-9999.0000	17.3490	6	0	28.6220	1.0000	99	9	-9999.0000	264	28546	-9999	-9999	1293	2601	554.9888	5	0.6832	0.6993	-0.0010	68.2293	1.7228	703.7856	602.0335	46.7130	691.9688	95.1852	713.5069	94.6296	725.0269	94.5602	731.9478	94.6991	
11/08/2017	00:23:02	011995	H421042530HLR	L421	S		707.9676	1.0400	0.0000	99.8704	40.1400	0.8230	1.1601	5.0000	19.8288	815.0718	94.9537	22.4890	26.0000	0.9300	0.9391	0.6984	-0.0009	815.0000	813.8794	1.0272	-5.7509	99.9083	40.7800	0.8230	0.8235	5.0000	-9999.0000	-9999.0000	-9999.0000	-9999.0000	-9999.0000	-9999.0000	17.1791	7	0	28.6079	1.0000	99	9	-9999.0000	265	28547	-9999	-9999	1294	2603	552.1106	5	0.6832	0.6984	-0.0009	68.1264	1.7292	707.8112	641.8573	45.6713	697.3705	95.2546	713.0567	94.6759	720.4120	94.5139	726.2282	94.7917	
11/08/2017	00:23:32	011995	H421042542HLR	L421	S		710.2701	1.0400	0.0000	99.8862	40.1437	0.8230	1.1600	5.0000	20.0180	815.0318	94.8148	19.7197	25.9000	0.9300	0.9390	0.6984	-0.0009	815.0000	813.7684	1.0272	-5.7520	100.2613	40.7920	0.8230	0.8238	5.0000	-9999.0000	-9999.0000	-9999.0000	-9999.0000	-9999.0000	-9999.0000	17.3283	8	0	30.2288	1.0000	99	9	-9999.0000	266	28548	-9999	-9999	1295	2605	554.5017	5	0.6832	0.6984	-0.0009	68.1264	1.7292	711.7478	599.6309	43.9583	699.2619	95.1620	718.6279	94.6991	726.1317	94.5139	731.4840	94.7454	
11/08/2017	00:24:02	011995	H421042533HLR	L421	S		721.5191	1.0400	0.0000	99.9391	40.1354	0.8230	1.1599	5.0000	20.3655	815.0815	94.8843	14.3889	26.0000	0.9300	0.9390	0.6984	-0.0009	815.0000	813.8532	1.0272	-5.7512	99.9625	40.8008	0.8230	0.8242	5.0000	-9999.0000	-9999.0000	-9999.0000	-9999.0000	-9999.0000	-9999.0000	17.3387	1	0	29.8383	1.0000	99	9	-9999.0000	267	28549	-9999	-9999	1296	2607	558.5604	5	0.6832	0.6984	-0.0009	68.1264	1.7292	729.1778	597.9007	46.3889	716.1202	94.9537	739.8792	94.6528	748.1103	94.4676	754.3602	94.7454	
11/08/2017	00:24:33	011995	H421042513HLR	L421	S		720.2061	1.0400	0.0000	99.9024	40.1347	0.8230	1.1601	5.0000	19.8895	815.0921	94.9306	17.7091	25.9000	0.9300	0.9390	0.6974	-0.0008	815.0000	817.9339	1.0272	-5.7126	100.0333	40.8017	0.8230	0.8244	5.0000	-9999.0000	-9999.0000	-9999.0000	-9999.0000	-9999.0000	-9999.0000	17.3790	2	0	31.4181	1.0000	99	9	-9999.0000	268	28550	-9999	-9999	1297	2609	556.2053	5	0.6832	0.6974	-0.0008	69.0227	1.6847	728.7117	608.6422	46.0185	716.8061	94.9306	738.1059	94.6991	743.8948	94.5139	749.7926	94.6991	
11/08/2017	00:25:04	011995	H421042547HLR	L421	S		536.2702	1.0400	0.0000	99.9411	40.1120	0.8230	1.1601	5.0000	20.4441	0.0000	0.0000	0.0000	0.0000	0.9300	0.0000	0.0000	0.0000	0.0000	698.2263	1.0272	-1.6653	100.1932	40.7965	0.8230	0.8254	5.0000	-9999.0000	-9999.0000	-9999.0000	-9999.0000	-9999.0000	-9999.0000	17.1685	3	7	30.7983	1.0000	99	9	-9999.0000	269	0	-9999	-9999	1298	2611	0.0000	0	0.0000	0.0000	0.0000	0.0000	0.0000	0.0000	0.0000	0.0000	0.0000	0.0000	0.0000	0.0000	0.0000	0.0000	0.0000	0.0000	
11/08/2017	00:25:36	011995	H421042517HLR	L421	S		711.7618	1.0400	0.0000	99.9315	40.1231	0.8230	1.1601	5.0000	19.8697	815.1061	94.8148	19.3095	26.0000	0.9300	0.9391	0.6975	-0.0009	815.0000	813.6524	1.0272	-5.7530	99.9337	40.7800	0.8230	0.8227	5.0000	-9999.0000	-9999.0000	-9999.0000	-9999.0000	-9999.0000	-9999.0000	20.0484	4	0	31.8684	1.0000	99	9	-9999.0000	269	28550	-9999	-9999	1299	2613	555.2277	5	0.6831	0.6975	-0.0009	69.7772	1.6484	713.9546	573.4603	45.9028	701.9240	95.0000	721.9687	94.7917	729.7203	94.5370	735.9144	94.6065	
11/08/2017	00:26:03	011995	H421042535HLR	L421	S		710.5017	1.0400	0.0000	99.9106	40.1241	0.8230	1.1600	5.0000	20.1483	815.0480	94.9537	18.8496	26.0000	0.9300	0.9390	0.6978	-0.0009	815.0000	813.4212	1.0272	-5.7552	100.0917	40.7945	0.8230	0.8247	5.0000	-9999.0000	-9999.0000	-9999.0000	-9999.0000	-9999.0000	-9999.0000	17.3794	5	0	27.3765	1.0000	99	9	-9999.0000	270	28551	-9999	-9999	1300	2614	555.5594	5	0.6831	0.6978	-0.0009	69.7355	1.6419	713.9979	592.1960	43.5648	701.9508	95.2778	720.4493	94.6991	727.6534	94.4907	734.4560	94.7917	
11/08/2017	00:26:29	011995	H421042544HLR	L421	S		707.7258	1.0400	0.0000	99.9220	40.1336	0.8230	1.1601	5.0000	20.0084	815.0354	94.9537	20.5185	25.9000	0.9300	0.9390	0.6978	-0.0009	815.0000	813.4940	1.0272	-5.7545	100.0245	40.7956	0.8230	0.8248	5.0000	-9999.0000	-9999.0000	-9999.0000	-9999.0000	-9999.0000	-9999.0000	17.3591	6	0	26.1418	1.0000	99	9	-9999.0000	271	28552	-9999	-9999	1301	2616	554.2375	5	0.6831	0.6978	-0.0009	69.7355	1.6419	708.2416	604.0475	45.4167	696.4169	95.1389	715.9959	94.6991	723.9453	94.5139	728.9679	94.6991	
11/08/2017	00:27:01	011995	H421042514HLR	L421	S		710.4269	1.0400	0.0000	99.9241	40.1339	0.8230	1.1601	5.0000	20.1403	815.1001	94.7685	19.7792	26.0000	0.9300	0.9390	0.6964	-0.0008	815.0000	814.1866	1.0272	-5.7480	99.9850	40.7582	0.8230	0.8233	5.0000	-9999.0000	-9999.0000	-9999.0000	-9999.0000	-9999.0000	-9999.0000	19.9290	7	0	31.8773	1.0000	99	9	-9999.0000	272	28552	-9999	-9999	1302	2618	554.8524	5	0.6829	0.6964	-0.0008	69.1827	1.6730	711.5680	584.4590	46.0417	699.4573	95.0000	719.9752	94.7222	727.3467	94.5139	733.2660	94.6759	
11/08/2017	00:27:30	011995	H421042527HLR	L421	S		709.9357	1.0400	0.0000	99.9330	40.1305	0.8230	1.1599	5.0000	20.7293	815.0971	94.9074	20.9286	25.9000	0.9300	0.9390	0.6961	-0.0008	815.0000	814.9697	1.0272	-5.7406	99.9771	40.7156	0.8230	0.8230	5.0000	-9999.0000	-9999.0000	-9999.0000	-9999.0000	-9999.0000	-9999.0000	18.0491	8	0	28.9187	1.0000	99	9	-9999.0000	273	28552	-9999	-9999	1303	2620	554.2471	5	0.6829	0.6961	-0.0008	68.0138	1.7401	714.7117	615.6071	47.8472	703.8529	95.1620	721.7715	94.5370	728.5417	94.6528	734.3509	94.6991	
11/08/2017	00:27:55	011995	H421036789HLR	L421	S		714.5441	1.0400	0.0000	99.8618	40.1435	0.8230	1.1600	5.0000	20.0497	815.0581	94.8843	16.3790	26.0000	0.9300	0.9390	0.6958	-0.0007	815.0000	816.7350	1.0272	-5.7239	100.1318	40.7145	0.8230	0.8226	5.0000	-9999.0000	-9999.0000	-9999.0000	-9999.0000	-9999.0000	-9999.0000	19.2418	1	0	24.9887	1.0000	99	9	-9999.0000	273	28553	-9999	-9999	1304	2622	557.1474	5	0.6828	0.6958	-0.0007	67.1923	1.7932	724.5493	596.8431	45.6250	712.3072	94.9537	733.4013	94.6759	741.8949	94.4907	749.2020	94.7454	
11/08/2017	00:28:23	011995	H421036809HLR	L421	S		724.0617	1.0400	0.0000	99.9362	40.1435	0.8230	1.1600	5.0000	20.3788	815.0729	94.9074	15.1183	25.9000	0.9300	0.9390	0.6958	-0.0007	815.0000	814.1253	1.0272	-5.7486	99.7742	40.7200	0.8230	0.8228	5.0000	-9999.0000	-9999.0000	-9999.0000	-9999.0000	-9999.0000	-9999.0000	17.2220	2	0	27.3784	1.0000	99	9	-9999.0000	273	28554	-9999	-9999	1305	2624	557.9887	5	0.6828	0.6958	-0.0007	67.1923	1.7932	730.9239	615.3766	46.1574	719.7209	95.0694	738.2506	94.6528	745.6673	94.5370	752.4809	94.6759	
11/08/2017	00:28:48	011995	H421036821HLR	L421	S		709.1784	1.0400	0.0000	99.9225	40.1451	0.8230	1.1601	5.0000	19.8288	815.0551	94.9306	20.9188	25.9000	0.9300	0.9390	0.6958	-0.0007	815.0000	815.6654	1.0272	-5.7340	100.2419	40.7521	0.8230	0.8228	5.0000	-9999.0000	-9999.0000	-9999.0000	-9999.0000	-9999.0000	-9999.0000	17.4891	3	0	24.8983	1.0000	99	9	-9999.0000	274	28555	-9999	-9999	1306	2626	554.4732	5	0.6826	0.6958	-0.0007	66.3029	1.8421	711.4707	576.3045	45.4861	699.1407	95.1389	717.5177	94.7222	724.4205	94.4676	730.1281	94.7222	
11/08/2017	00:29:18	011995	H421036804HLR	L421	S		712.8725	1.0400	0.0000	99.9301	40.1434	0.8230	1.1600	5.0000	20.0885	815.0682	94.9537	17.9590	26.0000	0.9300	0.9390	0.6956	-0.0007	815.0000	812.6529	1.0272	-5.7625	99.9394	40.7549	0.8230	0.8222	5.0000	-9999.0000	-9999.0000	-9999.0000	-9999.0000	-9999.0000	-9999.0000	18.9686	4	0	30.7481	1.0000	99	9	-9999.0000	275	28556	-9999	-9999	1307	2628	556.2751	5	0.6826	0.6956	-0.0007	67.1939	1.7992	717.4025	610.9507	45.2546	705.3077	95.0463	726.2226	94.6296	733.0551	94.5370	739.6682	94.7454	
11/08/2017	00:29:48	011995	H421036817HLR	L421	S		724.6143	1.0400	0.0000	99.9214	40.1500	0.8230	1.1600	5.0000	20.1893	815.1790	94.9537	13.9397	25.9000	0.9300	0.9390	0.6956	-0.0007	815.0000	813.8202	1.0272	-5.7515	99.8722	40.7941	0.8230	0.8246	5.0000	-9999.0000	-9999.0000	-9999.0000	-9999.0000	-9999.0000	-9999.0000	17.2186	5	0	29.3189	1.0000	99	9	-9999.0000	276	28557	-9999	-9999	1308	2630	558.7979	5	0.6826	0.6956	-0.0007	67.1939	1.7992	733.7873	591.4236	43.9815	721.0794	95.0231	745.0531	94.6296	752.0368	94.4444	758.8964	94.7454	
11/08/2017	00:30:17	011995	H421036787HLR	L421	S		724.3806	1.0400	0.0000	99.9372	40.1482	0.8230	1.1600	5.0000	19.8426	815.1345	94.8380	16.3693	25.9000	0.9300	0.9390	0.6964	-0.0008	815.0000	817.3070	1.0272	-5.7185	100.1281	40.7985	0.8230	0.8246	5.0000	-9999.0000	-9999.0000	-9999.0000	-9999.0000	-9999.0000	-9999.0000	17.2781	6	0	29.5785	1.0000	99	9	-9999.0000	277	28558	-9999	-9999	1309	2631	557.3274	5	0.6825	0.6964	-0.0008	61.3305	2.0974	728.9478	599.3108	46.1343	716.9936	94.8843	738.6505	94.6528	747.7621	94.4444	752.4685	94.7917	
11/08/2017	00:30:46	011995	H421036824HLR	L421	S		727.6489	1.0400	0.0000	99.8930	40.1418	0.8230	1.1600	5.0000	20.1858	815.1155	94.8611	13.8889	25.9000	0.9300	0.9389	0.6964	-0.0008	815.0000	814.7182	1.0272	-5.7430	99.9602	40.7837	0.8230	0.8247	5.0000	-9999.0000	-9999.0000	-9999.0000	-9999.0000	-9999.0000	-9999.0000	17.2485	7	0	28.9780	1.0000	99	9	-9999.0000	278	28559	-9999	-9999	1310	2632	558.9821	5	0.6825	0.6964	-0.0008	61.3305	2.0974	736.2747	636.5853	46.1343	724.5761	94.8380	744.4152	94.6528	752.2528	94.4676	758.2813	94.6991	
11/08/2017	00:31:15	011995	H421036815HLR	L421	S		711.0120	1.0400	0.0000	99.9149	40.1454	0.8230	1.1601	5.0000	19.9092	815.1005	94.7917	19.7792	25.8000	0.9300	0.9389	0.6967	-0.0008	815.0000	814.9752	1.0272	-5.7406	100.0549	40.7707	0.8230	0.8247	5.0000	-9999.0000	-9999.0000	-9999.0000	-9999.0000	-9999.0000	-9999.0000	17.2292	8	0	28.9086	1.0000	99	9	-9999.0000	278	28560	-9999	-9999	1311	2634	555.2677	5	0.6826	0.6967	-0.0008	59.1361	2.2098	715.3658	582.7028	44.3056	703.7053	95.0926	723.1086	94.6759	731.2667	94.4676	736.7990	94.6528	
11/08/2017	00:31:45	011995	H421036805HLR	L421	S		712.5497	1.0400	0.0000	99.9744	40.1393	0.8230	1.1600	5.0000	19.9513	815.0392	94.9306	18.2695	25.9000	0.9300	0.9390	0.6965	-0.0008	815.0000	813.1967	1.0272	-5.7573	99.6946	40.7402	0.8230	0.8240	5.0000	-9999.0000	-9999.0000	-9999.0000	-9999.0000	-9999.0000	-9999.0000	17.4785	1	0	29.7689	1.0000	99	9	-9999.0000	279	28561	-9999	-9999	1312	2636	556.1451	5	0.6826	0.6965	-0.0008	58.6492	2.2319	715.6369	593.0676	44.0741	703.6484	95.0463	723.9473	94.7222	731.4402	94.4676	737.1459	94.7685	
11/08/2017	00:32:11	011995	H421035676HLR	L421	S		710.8775	1.0400	0.0000	99.9057	40.1417	0.8230	1.1600	5.0000	20.0662	815.0895	94.9537	18.5694	25.9000	0.9300	0.9390	0.6970	-0.0008	815.0000	813.4241	1.0272	-5.7552	100.1940	40.7230	0.8230	0.8236	5.0000	-9999.0000	-9999.0000	-9999.0000	-9999.0000	-9999.0000	-9999.0000	17.3687	2	0	26.2282	1.0000	99	9	-9999.0000	280	28562	-9999	-9999	1312	2638	556.0281	5	0.6827	0.6970	-0.0008	57.3412	2.3022	715.1176	608.4148	43.7037	703.5568	95.1852	723.2684	94.7917	731.2076	94.5370	737.8400	94.6065	
11/08/2017	00:32:43	011995	H421035669HLR	L421	S		713.8710	1.0400	0.0000	99.9464	40.1351	0.8230	1.1601	5.0000	19.8192	815.1205	94.8843	17.9287	25.9000	0.9300	0.9390	0.6963	-0.0008	815.0000	814.0183	1.0272	-5.7496	100.0202	40.7102	0.8230	0.8232	5.0000	-9999.0000	-9999.0000	-9999.0000	-9999.0000	-9999.0000	-9999.0000	17.3990	3	0	31.5187	1.0000	99	9	-9999.0000	281	28563	-9999	-9999	1313	2640	556.5140	5	0.6825	0.6963	-0.0008	56.3069	2.3601	717.3170	606.7339	44.5370	705.3451	95.0231	725.6944	94.7454	733.4964	94.5602	740.0044	94.6065	
11/08/2017	00:33:14	011995	H421035696HLR	L421	S		712.2800	1.0400	0.0000	99.9244	40.1311	0.8230	1.1601	5.0000	19.8662	815.0808	94.9074	17.9395	25.9000	0.9300	0.9391	0.6962	-0.0008	815.0000	813.2692	1.0272	-5.7567	99.8514	40.6930	0.8230	0.8216	5.0000	-9999.0000	-9999.0000	-9999.0000	-9999.0000	-9999.0000	-9999.0000	19.1295	4	0	30.9485	1.0000	99	9	-9999.0000	282	28563	-9999	-9999	1314	2642	556.4366	5	0.6825	0.6962	-0.0008	56.5275	2.3503	717.6104	575.9003	45.7639	705.9763	95.0231	725.7583	94.7685	733.1793	94.4676	739.1434	94.6528	
11/08/2017	00:33:45	011995	H421035699HLR	L421	S		709.7637	1.0400	0.0000	99.9014	40.1213	0.8230	1.1600	5.0000	19.9285	815.0881	94.9306	18.8193	25.9000	0.9300	0.9390	0.6963	-0.0008	815.0000	813.2037	1.0272	-5.7573	99.7426	40.7227	0.8230	0.8226	5.0000	-9999.0000	-9999.0000	-9999.0000	-9999.0000	-9999.0000	-9999.0000	17.3189	5	0	31.8478	1.0000	99	9	-9999.0000	282	28563	-9999	-9999	1315	2644	555.9025	5	0.6827	0.6963	-0.0008	57.5153	2.3099	713.5600	598.0228	43.4954	702.1294	95.1389	722.2681	94.6296	729.4674	94.4676	734.8240	94.7685	
11/08/2017	00:34:17	011995	H421035670HLR	L421	S		726.8619	1.0400	0.0000	99.9083	40.1170	0.8230	1.1600	5.0000	20.0390	815.1197	94.8148	15.2990	25.9000	0.9300	0.9390	0.6963	-0.0008	815.0000	814.9700	1.0272	-5.7406	100.0177	40.7213	0.8230	0.8226	5.0000	-9999.0000	-9999.0000	-9999.0000	-9999.0000	-9999.0000	-9999.0000	17.4876	6	0	31.6781	1.0000	99	9	-9999.0000	282	28563	-9999	-9999	1316	2646	558.1990	5	0.6827	0.6963	-0.0008	57.5153	2.3099	731.1828	604.6961	44.3981	718.4019	94.8380	739.9661	94.6759	746.7373	94.4676	752.3720	94.7454	
11/08/2017	00:34:48	011995	H421035692HLR	L421	S		712.3421	1.0400	0.0000	99.9347	40.1097	0.8230	1.1600	5.0000	20.0486	815.0895	94.8843	20.5497	25.9000	0.9300	0.9390	0.6965	-0.0008	815.0000	817.2656	1.0272	-5.7189	99.8606	40.6849	0.8230	0.8216	5.0000	-9999.0000	-9999.0000	-9999.0000	-9999.0000	-9999.0000	-9999.0000	19.5649	7	0	30.8381	1.0000	99	9	-9999.0000	283	28564	-9999	-9999	1317	2648	554.8990	5	0.6827	0.6965	-0.0008	57.2337	2.3311	714.5827	593.2770	45.7407	702.4373	95.1157	721.4383	94.6528	728.3040	94.5139	734.5653	94.7917	
11/08/2017	00:35:17	011995	H421035693HLR	L421	S		710.2699	1.0400	0.0000	99.9143	40.1046	0.8230	1.1600	5.0000	20.0683	815.0792	94.7685	19.9794	26.0000	0.9300	0.9391	0.6971	-0.0008	815.0000	814.2604	1.0272	-5.7473	99.9749	40.7122	0.8230	0.8225	5.0000	-9999.0000	-9999.0000	-9999.0000	-9999.0000	-9999.0000	-9999.0000	17.6325	8	0	29.5785	1.0000	99	9	-9999.0000	284	28565	-9999	-9999	1318	2650	555.2551	5	0.6827	0.6971	-0.0008	57.9637	2.2986	712.7632	596.0522	43.6343	700.7211	95.0694	720.7794	94.8148	727.7074	94.5139	733.3590	94.6296	
11/08/2017	00:35:43	011995	H421035684HLR	L421	S		710.2628	1.0400	0.0000	99.9162	40.1022	0.8230	1.1600	5.0000	20.1591	815.0785	94.8611	20.8895	26.0000	0.9300	0.9391	0.6979	-0.0008	815.0000	812.3673	1.0272	-5.7652	99.8073	40.7247	0.8230	0.8228	5.0000	-9999.0000	-9999.0000	-9999.0000	-9999.0000	-9999.0000	-9999.0000	17.2175	1	0	25.8189	1.0000	99	9	-9999.0000	285	28566	-9999	-9999	1319	2652	554.6865	5	0.6828	0.6979	-0.0008	54.7987	2.4602	713.2486	641.3287	48.1944	703.0103	95.3009	716.5356	94.6528	720.7639	94.4907	726.5250	94.7454	
11/08/2017	00:36:17	011995	H421036599HLR	L421	S		710.6784	1.0400	0.0000	99.9126	40.0984	0.8230	1.1601	5.0000	20.0487	815.0933	94.8843	20.7890	26.0000	0.9300	0.9390	0.6983	-0.0009	815.0000	811.7777	1.0272	-5.7707	100.0403	40.6921	0.8230	0.8214	5.0000	-9999.0000	-9999.0000	-9999.0000	-9999.0000	-9999.0000	-9999.0000	19.7565	2	0	31.4182	1.0000	99	9	-9999.0000	286	28567	-9999	-9999	1320	2654	554.7897	5	0.6827	0.6983	-0.0009	54.8063	2.4610	712.9349	623.7694	48.5185	703.0282	95.1620	719.0446	94.6528	723.1987	94.5139	728.2602	94.7222	
11/08/2017	00:36:45	011995	H421036573HLR	L421	S		711.0639	1.0400	0.0000	99.9100	40.0930	0.8230	1.1599	5.0000	20.4696	815.0358	94.7685	19.9384	26.0000	0.9300	0.9391	0.6983	-0.0009	815.0000	815.1867	1.0272	-5.7386	100.0076	40.7621	0.8230	0.8235	5.0000	-9999.0000	-9999.0000	-9999.0000	-9999.0000	-9999.0000	-9999.0000	17.3687	3	0	28.5190	1.0000	99	9	-9999.0000	287	28567	-9999	-9999	1320	2656	555.2488	5	0.6826	0.6983	-0.0009	53.9233	2.5058	712.0711	610.3244	46.4815	700.6967	95.1620	719.7096	94.6528	727.5330	94.4444	733.5654	94.7917	
11/08/2017	00:37:13	011995	H421036593HLR	L421	S		708.7267	1.0400	0.0000	99.9009	40.0937	0.8230	1.1601	5.0000	20.0896	815.0845	94.9074	18.5888	26.0000	0.9300	0.9390	0.6981	-0.0008	815.0000	813.3715	1.0272	-5.7557	100.0652	40.7674	0.8230	0.8234	5.0000	-9999.0000	-9999.0000	-9999.0000	-9999.0000	-9999.0000	-9999.0000	17.4123	4	0	27.9780	1.0000	99	9	-9999.0000	287	28568	-9999	-9999	1321	2658	556.2494	5	0.6826	0.6981	-0.0008	55.1719	2.4368	712.9471	606.7657	46.2269	700.7065	95.1157	720.6450	94.6296	727.8561	94.4907	734.1600	94.7454	
11/08/2017	00:37:38	011995	H421036576HLR	L421	S		722.3454	1.0400	0.0000	99.8489	40.0953	0.8230	1.1601	5.0000	19.7481	815.0537	94.8843	14.8400	26.0000	0.9300	0.9389	0.6981	-0.0008	815.0000	814.4770	1.0272	-5.7453	100.0042	40.7822	0.8230	0.8239	5.0000	-9999.0000	-9999.0000	-9999.0000	-9999.0000	-9999.0000	-9999.0000	17.2968	5	0	24.8689	1.0000	99	9	-9999.0000	287	28568	-9999	-9999	1322	2660	558.9262	5	0.6826	0.6981	-0.0008	55.1719	2.4368	728.4477	608.5423	44.8380	716.3812	94.9537	737.9883	94.5602	746.6512	94.5139	753.5148	94.7222	
11/08/2017	00:38:03	011995	H421036587HLR	L421	S		715.1741	1.0400	0.0000	99.8841	40.0938	0.8230	1.1601	5.0000	19.8719	815.0806	94.8843	20.4188	25.9000	0.9300	0.9390	0.6977	-0.0008	815.0000	815.5807	1.0272	-5.7348	100.1842	40.7876	0.8230	0.8243	5.0000	-9999.0000	-9999.0000	-9999.0000	-9999.0000	-9999.0000	-9999.0000	17.3984	6	0	24.9283	1.0000	99	9	-9999.0000	287	28569	-9999	-9999	1323	2662	555.2625	5	0.6826	0.6977	-0.0008	56.0563	2.3878	714.9492	581.5302	43.3333	704.4776	95.0463	720.0010	94.6528	726.6623	94.4907	732.9878	94.8148	
11/08/2017	00:38:24	011995	H421036596HLR	L421	S		722.4418	1.0400	0.0000	99.9210	40.0901	0.8230	1.1600	5.0000	20.3993	815.0851	94.8380	15.5695	25.9000	0.9300	0.9390	0.6972	-0.0008	815.0000	816.1065	1.0272	-5.7299	100.3566	40.7676	0.8230	0.8247	5.0000	-9999.0000	-9999.0000	-9999.0000	-9999.0000	-9999.0000	-9999.0000	17.3190	7	0	21.6090	1.0000	99	9	-9999.0000	288	28570	-9999	-9999	1324	2664	558.4772	5	0.6826	0.6972	-0.0008	56.6258	2.3615	729.8159	605.9200	44.8843	717.4694	94.7917	738.9911	94.6296	747.6582	94.4907	753.9938	94.7685	
11/08/2017	00:38:40	011995	H421036601HLR	L421	S		723.2166	1.0400	0.0000	99.9187	40.0980	0.8230	1.1600	5.0000	20.1589	815.0986	94.9074	17.0089	25.9000	0.9300	0.9389	0.6978	-0.0008	815.0000	818.2024	1.0272	-5.7101	99.9506	40.7209	0.8230	0.8237	5.0000	-9999.0000	-9999.0000	-9999.0000	-9999.0000	-9999.0000	-9999.0000	17.1322	8	0	15.4687	1.0000	99	9	-9999.0000	289	28571	-9999	-9999	1325	2666	557.5075	5	0.6828	0.6978	-0.0008	56.5696	2.3666	730.4615	590.5600	44.8843	718.3009	94.8843	738.7851	94.7222	746.9916	94.5602	753.6427	94.6528	
11/08/2017	00:58:08	011995	H421042895HLR	L421	S		717.8543	1.0400	0.0000	99.9457	39.5918	0.8230	1.1607	5.0000	19.9280	815.0756	95.0000	17.9990	25.8000	0.9300	0.9388	0.6961	-0.0007	815.0000	816.7803	1.0272	-5.7235	99.9573	40.5988	0.8230	0.8236	5.0000	-9999.0000	-9999.0000	-9999.0000	-9999.0000	-9999.0000	-9999.0000	17.1288	2	0	25.1393	1.0000	02	3	-9999.0000	290	28572	-9999	-9999	1326	2676	556.8356	5	0.6828	0.6961	-0.0007	53.9772	2.4993	721.3312	492.9203	44.7222	708.6426	94.5602	730.5016	94.9769	739.0248	94.4676	744.1506	94.6759	
11/08/2017	00:58:33	011995	H421043752HLR	L421	S		719.2561	1.0400	0.0000	99.9221	39.6667	0.8230	1.1613	5.0000	19.6992	815.0703	94.9537	16.6085	25.9000	0.9300	0.9389	0.6961	-0.0007	815.0000	817.9956	1.0272	-5.7120	99.6908	40.6054	0.8230	0.8230	5.0000	-9999.0000	-9999.0000	-9999.0000	-9999.0000	-9999.0000	-9999.0000	17.5474	3	0	24.9782	1.0000	02	3	-9999.0000	291	28573	-9999	-9999	1327	2678	557.6781	5	0.6828	0.6961	-0.0007	53.9772	2.4993	726.8547	625.3723	45.6250	714.3699	95.0694	735.1472	94.5370	742.7071	94.6528	748.6512	94.6759	
11/08/2017	00:59:00	011995	H421042959HLR	L421	S		713.8487	1.0400	0.0000	99.9154	39.7907	0.8230	1.1610	5.0000	19.8984	815.0793	94.9306	13.1595	25.9000	0.9300	0.9388	0.6961	-0.0007	815.0000	814.9639	1.0272	-5.7407	99.9227	40.6538	0.8230	0.8237	5.0000	-9999.0000	-9999.0000	-9999.0000	-9999.0000	-9999.0000	-9999.0000	17.3583	4	0	26.7887	1.0000	02	3	-9999.0000	292	28574	-9999	-9999	1328	2680	559.6917	5	0.6828	0.6961	-0.0007	53.9772	2.4993	736.0057	601.1855	43.5185	722.8645	95.0000	747.0825	94.5370	754.9363	94.5139	761.4422	94.7454	
11/08/2017	00:59:26	011995	H421042979HLR	L421	S		719.4710	1.0400	0.0000	99.8798	39.7923	0.8230	1.1608	5.0000	19.8220	815.1337	94.9537	13.2190	25.9000	0.9300	0.9388	0.6961	-0.0007	815.0000	815.8014	1.0272	-5.7328	99.7478	40.6678	0.8230	0.8239	5.0000	-9999.0000	-9999.0000	-9999.0000	-9999.0000	-9999.0000	-9999.0000	18.2360	5	0	26.1285	1.0000	02	3	-9999.0000	293	28575	-9999	-9999	1329	2682	559.7169	5	0.6828	0.6961	-0.0007	53.9772	2.4993	733.4812	591.5788	43.9352	720.2821	94.9306	746.0174	94.5833	753.6215	94.4907	762.1115	94.6759	
11/08/2017	00:59:52	011995	H421042968HLR	L421	S		709.3943	1.0400	0.0000	99.8895	39.7874	0.8230	1.1607	5.0000	20.0593	815.1116	94.8148	8.4898	25.8000	0.9300	0.9387	0.6961	-0.0007	815.0000	828.4470	1.0272	-5.6133	99.7728	40.6633	0.8230	0.8249	5.0000	-9999.0000	-9999.0000	-9999.0000	-9999.0000	-9999.0000	-9999.0000	17.4296	6	2	26.2084	1.0000	02	3	-9999.0000	294	28576	-9999	-9999	1330	2683	562.5277	5	0.6829	0.6961	-0.0007	54.0391	2.4972	760.0406	596.1213	44.4676	744.5168	94.5602	773.8118	94.6065	782.7258	94.4907	791.3913	94.7222	
11/08/2017	01:00:18	011995	H421042973HLR	L421	S		639.3350	1.0400	0.0000	99.8809	39.7905	0.8230	1.1608	5.0000	19.9696	0.0000	0.0000	0.0000	0.0000	0.9300	0.0000	0.0000	0.0000	0.0000	706.9051	1.0272	-1.5603	99.7490	40.6275	0.8230	0.8248	5.0000	-9999.0000	-9999.0000	-9999.0000	-9999.0000	-9999.0000	-9999.0000	17.3785	7	7	26.3287	1.0000	02	3	-9999.0000	295	0	-9999	-9999	1331	2685	0.0000	0	0.0000	0.0000	0.0000	0.0000	0.0000	0.0000	0.0000	0.0000	0.0000	0.0000	0.0000	0.0000	0.0000	0.0000	0.0000	0.0000	
11/08/2017	01:00:46	011995	H421042954HLR	L421	S		721.9922	1.0400	0.0000	99.8386	39.8001	0.8230	1.1606	5.0000	20.0768	815.0694	94.7917	15.7794	26.0000	0.9300	0.9392	0.6958	-0.0007	815.0000	816.1126	1.0272	-5.7298	99.7859	40.6049	0.8230	0.8229	5.0000	-9999.0000	-9999.0000	-9999.0000	-9999.0000	-9999.0000	-9999.0000	17.9693	8	0	27.3387	1.0000	02	3	-9999.0000	296	28577	-9999	-9999	1332	2687	558.0340	5	0.6830	0.6958	-0.0007	55.8782	2.3982	730.3799	587.5016	43.9583	718.4882	94.9074	739.5846	94.7222	747.5077	94.6065	752.9257	94.6991	
11/08/2017	01:01:11	011995	H421042952HLR	L421	S		720.4222	1.0400	0.0000	99.8801	39.8202	0.8230	1.1606	5.0000	19.9130	815.0586	94.8380	15.1584	25.9000	0.9300	0.9390	0.6957	-0.0007	815.0000	816.5039	1.0272	-5.7261	99.6625	40.6332	0.8230	0.8230	5.0000	-9999.0000	-9999.0000	-9999.0000	-9999.0000	-9999.0000	-9999.0000	17.1694	1	0	25.7079	1.0000	02	3	-9999.0000	297	28578	-9999	-9999	1333	2689	558.3527	5	0.6832	0.6957	-0.0007	57.1849	2.3270	732.0694	583.3578	46.3657	720.4890	95.1157	740.5904	94.6065	748.2611	94.3981	754.7681	94.6991	
11/08/2017	01:01:38	011995	H421042950HLR	L421	S		720.8318	1.0400	0.0000	99.8520	39.8345	0.8230	1.1607	5.0000	19.6293	815.0570	94.8148	15.2589	25.9000	0.9300	0.9390	0.6956	-0.0007	815.0000	817.3861	1.0272	-5.7178	100.0286	40.6653	0.8230	0.8233	5.0000	-9999.0000	-9999.0000	-9999.0000	-9999.0000	-9999.0000	-9999.0000	17.4394	2	0	26.2310	1.0000	02	3	-9999.0000	298	28579	-9999	-9999	1334	2691	558.3071	5	0.6831	0.6956	-0.0007	58.6905	2.2454	732.0353	599.8261	45.7407	719.5620	94.9537	741.4067	94.6296	749.3286	94.4907	756.3584	94.6991	
11/08/2017	01:02:04	011995	H421042970HLR	L421	S		725.7435	1.0400	0.0000	99.8095	39.8375	0.8230	1.1605	5.0000	19.9477	815.0754	94.7917	15.4093	25.9000	0.9300	0.9390	0.6956	-0.0007	815.0000	816.8338	1.0272	-5.7230	100.2895	40.6941	0.8230	0.8241	5.0000	-9999.0000	-9999.0000	-9999.0000	-9999.0000	-9999.0000	-9999.0000	17.6573	3	0	26.6168	1.0000	02	3	-9999.0000	299	28580	-9999	-9999	1335	2693	558.2198	5	0.6831	0.6956	-0.0007	58.6905	2.2454	734.3037	619.6889	44.7222	722.0487	94.9306	742.6166	94.6991	748.1780	94.5370	754.7327	94.6991	
11/08/2017	01:02:32	011995	H421042897HLR	L421	S		716.5866	1.0400	0.0000	99.8711	39.8490	0.8230	1.1605	5.0000	20.0594	815.0685	94.8148	16.2794	25.9000	0.9300	0.9390	0.6950	-0.0007	815.0000	816.6919	1.0272	-5.7243	99.6884	40.7030	0.8230	0.8249	5.0000	-9999.0000	-9999.0000	-9999.0000	-9999.0000	-9999.0000	-9999.0000	17.3720	4	0	27.9781	1.0000	02	3	-9999.0000	300	28581	-9999	-9999	1336	2695	557.7093	5	0.6833	0.6950	-0.0007	58.8527	2.2371	725.5015	592.6661	44.6528	713.2848	95.0000	736.3860	94.6991	745.0079	94.5139	750.3935	94.6528	
11/08/2017	01:03:01	011995	H421042985HLR	L421	S		721.1460	1.0400	0.0000	99.8515	39.8572	0.8230	1.1603	5.0000	20.6794	815.1513	94.7917	14.7687	25.9000	0.9300	0.9391	0.6950	-0.0007	815.0000	816.1448	1.0272	-5.7295	99.7267	40.6807	0.8230	0.8249	5.0000	-9999.0000	-9999.0000	-9999.0000	-9999.0000	-9999.0000	-9999.0000	17.2290	5	0	29.1283	1.0000	02	3	-9999.0000	301	28582	-9999	-9999	1336	2697	558.6406	5	0.6833	0.6950	-0.0007	58.8527	2.2371	734.2856	624.2888	44.3287	722.5839	95.0463	743.1182	94.6759	750.4403	94.4907	757.6557	94.6759	
11/08/2017	01:03:29	011995	H421042996HLR	L421	S		722.4584	1.0400	0.0000	99.9004	39.8786	0.8230	1.1605	5.0000	20.2792	815.0324	94.7685	15.2394	25.9000	0.9300	0.9390	0.6944	-0.0006	815.0000	818.3828	1.0272	-5.7084	100.1381	40.6574	0.8230	0.8243	5.0000	-9999.0000	-9999.0000	-9999.0000	-9999.0000	-9999.0000	-9999.0000	17.3650	6	0	27.9585	1.0000	02	3	-9999.0000	302	28583	-9999	-9999	1337	2699	558.1160	5	0.6832	0.6944	-0.0006	62.0498	2.0735	735.1050	648.0281	44.6991	723.1312	94.9769	744.8412	94.6065	751.3359	94.4444	757.8059	94.7222	
11/08/2017	01:03:57	011995	H421043018HLR	L421	S		721.6712	1.0400	0.0000	99.9206	39.8888	0.8230	1.1609	5.0000	20.0951	815.1231	94.7222	15.6593	25.9000	0.9300	0.9389	0.6935	-0.0006	815.0000	816.9430	1.0272	-5.7220	100.0773	40.6483	0.8230	0.8238	5.0000	-9999.0000	-9999.0000	-9999.0000	-9999.0000	-9999.0000	-9999.0000	17.2190	7	0	27.5385	1.0000	02	3	-9999.0000	303	28584	-9999	-9999	1338	2701	557.9235	5	0.6833	0.6935	-0.0006	63.1738	2.0078	729.4881	591.1402	45.3472	716.8663	94.9769	739.9481	94.6991	747.2391	94.5139	753.3038	94.6759	
11/08/2017	01:04:22	011995	H421043514HLR	L421	S		718.3962	1.0400	0.0000	99.8953	39.8974	0.8230	1.1605	5.0000	20.0887	815.1149	94.8843	16.9991	25.8000	0.9300	0.9390	0.6928	-0.0005	815.0000	816.8111	1.0272	-5.7232	100.0375	40.6478	0.8230	0.8230	5.0000	-9999.0000	-9999.0000	-9999.0000	-9999.0000	-9999.0000	-9999.0000	17.4088	8	0	25.0387	1.0000	02	3	-9999.0000	304	28584	-9999	-9999	1339	2703	557.2331	5	0.6832	0.6928	-0.0005	69.4952	1.6677	727.5828	587.1219	46.7824	714.6407	95.0000	737.4599	94.6065	744.5855	94.4676	750.6468	94.6528	
11/08/2017	01:04:51	011995	H421043258HLR	L421	S		719.8565	1.0400	0.0000	99.9112	39.9104	0.8230	1.1605	5.0000	20.0219	815.0857	94.9074	18.0586	25.9000	0.9300	0.9390	0.6925	-0.0005	815.0000	820.5215	1.0272	-5.6882	99.8060	40.6722	0.8230	0.8229	5.0000	-9999.0000	-9999.0000	-9999.0000	-9999.0000	-9999.0000	-9999.0000	17.2886	1	0	29.0592	1.0000	02	3	-9999.0000	305	28585	-9999	-9999	1340	2705	556.7049	5	0.6832	0.6925	-0.0005	69.6636	1.6677	729.0757	623.0962	45.0463	717.3174	95.0000	738.1047	94.6065	745.8350	94.5139	752.2197	94.6759	
11/08/2017	01:05:18	011995	H421043189HLR	L421	S		718.4149	1.0400	0.0000	99.9453	39.9181	0.8230	1.1604	5.0000	20.1644	815.0769	94.8148	16.1593	26.0000	0.9300	0.9391	0.6917	-0.0005	815.0000	815.5153	1.0272	-5.7355	100.0449	40.7119	0.8230	0.8236	5.0000	-9999.0000	-9999.0000	-9999.0000	-9999.0000	-9999.0000	-9999.0000	17.6368	2	0	27.0881	1.0000	02	3	-9999.0000	306	28586	-9999	-9999	1341	2707	557.4681	5	0.6831	0.6917	-0.0005	71.5033	1.5726	733.5586	627.8649	44.8148	721.5132	95.0926	739.7081	94.5833	746.3403	94.4676	752.3574	94.6759	
11/08/2017	01:05:46	011995	H421043009HLR	L421	S		717.0242	1.0400	0.0000	99.9176	39.9097	0.8230	1.1600	5.0000	22.1591	815.0156	94.8380	16.5186	25.9000	0.9300	0.9390	0.6914	-0.0005	815.0000	815.8774	1.0272	-5.7320	100.4390	40.7264	0.8230	0.8239	5.0000	-9999.0000	-9999.0000	-9999.0000	-9999.0000	-9999.0000	-9999.0000	17.6282	3	0	27.8284	1.0000	02	3	-9999.0000	307	28587	-9999	-9999	1342	2708	557.1404	5	0.6831	0.6914	-0.0005	72.5012	1.5125	729.9492	630.1680	48.3565	718.4160	95.1157	737.9159	94.6296	744.9672	94.5139	751.3614	94.6528	
11/08/2017	01:06:13	011995	H421043011HLR	L421	S		720.1569	1.0400	0.0000	99.8913	39.9333	0.8230	1.1604	5.0000	20.1475	815.1030	94.8611	11.5091	25.8000	0.9300	0.9390	0.6914	-0.0005	815.0000	824.4605	1.0272	-5.6510	99.8111	40.7252	0.8230	0.8234	5.0000	-9999.0000	-9999.0000	-9999.0000	-9999.0000	-9999.0000	-9999.0000	18.7302	4	2	27.6389	1.0000	02	3	-9999.0000	308	28588	-9999	-9999	1343	2710	559.1679	5	0.6831	0.6914	-0.0005	72.5012	1.5125	751.6015	609.1398	46.3657	737.9074	94.7685	762.8934	94.5602	771.6559	94.4907	776.9031	94.6759	
11/08/2017	01:06:40	011995	H421043031HLR	L421	S		726.4832	1.0400	0.0000	99.9130	39.9443	0.8230	1.1604	5.0000	19.8399	815.0495	94.9306	13.7796	25.8000	0.9300	0.9390	0.6918	-0.0005	815.0000	815.5595	1.0272	-5.7350	99.7302	40.7374	0.8230	0.8250	5.0000	-9999.0000	-9999.0000	-9999.0000	-9999.0000	-9999.0000	-9999.0000	17.2085	5	0	26.4171	1.0000	02	3	-9999.0000	309	28589	-9999	-9999	1344	2712	558.2169	5	0.6830	0.6918	-0.0005	72.4931	1.5137	740.4521	638.2136	44.9074	728.8062	94.8148	750.1253	94.6991	757.5325	94.5139	765.4254	94.6759	
11/08/2017	01:07:09	011995	H421043025HLR	L421	S		722.9277	1.0400	0.0000	99.9183	39.9430	0.8230	1.1604	5.0000	20.2480	815.1397	94.8148	16.0685	25.8000	0.9300	0.9391	0.6921	-0.0005	815.0000	816.3874	1.0272	-5.7272	100.1017	40.7138	0.8230	0.8248	5.0000	-9999.0000	-9999.0000	-9999.0000	-9999.0000	-9999.0000	-9999.0000	17.2487	6	0	29.4389	1.0000	02	3	-9999.0000	309	28590	-9999	-9999	1345	2714	557.3431	5	0.6830	0.6921	-0.0005	73.5917	1.4483	732.3952	615.6431	45.3009	720.5015	94.8843	742.3910	94.6759	748.4872	94.4907	754.3687	94.6759	
11/08/2017	01:07:35	011995	H421043005HLR	L421	S		719.2375	1.0400	0.0000	99.8785	39.9553	0.8230	1.1605	5.0000	19.6785	815.0878	94.8843	16.8389	25.8000	0.9300	0.9390	0.6923	-0.0005	815.0000	818.9513	1.0272	-5.7030	100.1886	40.6773	0.8230	0.8236	5.0000	-9999.0000	-9999.0000	-9999.0000	-9999.0000	-9999.0000	-9999.0000	17.3290	7	0	26.1114	1.0000	02	3	-9999.0000	310	28591	-9999	-9999	1346	2716	556.8997	5	0.6828	0.6923	-0.0005	75.3831	1.3438	730.0432	580.8055	44.4676	717.4210	95.0463	739.9734	94.6759	746.7292	94.4907	752.1821	94.6759	
11/08/2017	01:08:00	011995	H421043043HLR	L421	S		718.5685	1.0400	0.0000	99.9396	39.9549	0.8230	1.1603	5.0000	20.3689	815.0979	94.8148	16.7091	25.8000	0.9300	0.9390	0.6926	-0.0006	815.0000	817.3384	1.0272	-5.7182	100.0409	40.6749	0.8230	0.8232	5.0000	-9999.0000	-9999.0000	-9999.0000	-9999.0000	-9999.0000	-9999.0000	17.6076	8	0	24.8462	1.0000	02	3	-9999.0000	311	28591	-9999	-9999	1347	2718	556.9139	5	0.6828	0.6926	-0.0006	73.6086	1.4296	728.5268	595.8234	46.8519	716.2040	95.0463	736.5431	94.6296	743.7381	94.4444	750.1852	94.6991	
11/08/2017	01:08:25	011995	H421043022HLR	L421	S		721.5349	1.0400	0.0000	99.8010	39.9727	0.8230	1.1604	5.0000	19.7088	815.0977	94.7685	15.4191	25.8000	0.9300	0.9389	0.6923	-0.0006	815.0000	816.7504	1.0272	-5.7238	99.9768	40.6633	0.8230	0.8218	5.0000	-9999.0000	-9999.0000	-9999.0000	-9999.0000	-9999.0000	-9999.0000	19.1784	1	0	24.8781	1.0000	02	3	-9999.0000	312	28592	-9999	-9999	1348	2720	557.4658	5	0.6827	0.6923	-0.0006	74.2351	1.3962	733.4121	607.1135	46.7361	721.1691	95.0000	741.4661	94.6065	749.1470	94.4444	755.4826	94.7222	
11/08/2017	01:08:51	011995	H421043013HLR	L421	S		716.5950	1.0400	0.0000	99.9267	39.9776	0.8230	1.1604	5.0000	20.0594	815.0801	95.0231	18.4394	25.8000	0.9300	0.9390	0.6911	-0.0005	815.0000	817.0608	1.0272	-5.7209	99.9925	40.7082	0.8230	0.8223	5.0000	-9999.0000	-9999.0000	-9999.0000	-9999.0000	-9999.0000	-9999.0000	19.2193	2	0	25.5885	1.0000	02	3	-9999.0000	313	28593	-9999	-9999	1349	2722	556.0036	5	0.6828	0.6911	-0.0005	75.7564	1.3066	725.7295	613.5352	44.1204	713.7011	95.0694	734.4960	94.6528	739.4900	94.4444	744.7314	94.6991	
11/08/2017	01:09:18	011995	H421037425HLR	L421	S		721.4722	1.0400	0.0000	99.9289	39.9806	0.8230	1.1602	5.0000	20.5995	815.1026	94.8148	15.0695	25.9000	0.9300	0.9390	0.6911	-0.0005	815.0000	815.9459	1.0272	-5.7314	100.0393	40.7544	0.8230	0.8246	5.0000	-9999.0000	-9999.0000	-9999.0000	-9999.0000	-9999.0000	-9999.0000	17.4183	3	0	26.9282	1.0000	02	3	-9999.0000	314	28594	-9999	-9999	1350	2724	557.5071	5	0.6828	0.6911	-0.0005	75.7564	1.3066	734.5836	586.8474	44.0278	721.9563	94.9074	743.7129	94.6528	750.2902	94.4676	756.2453	94.7454	
11/08/2017	01:09:45	011995	H421043016HLR	L421	S		725.0293	1.0400	0.0000	99.9149	39.9929	0.8230	1.1604	5.0000	19.9991	815.0798	94.9537	13.8391	25.8000	0.9300	0.9389	0.6916	-0.0005	815.0000	815.5494	1.0272	-5.7351	99.9286	40.7436	0.8230	0.8249	5.0000	-9999.0000	-9999.0000	-9999.0000	-9999.0000	-9999.0000	-9999.0000	17.1993	4	0	27.0688	1.0000	02	3	-9999.0000	315	28595	-9999	-9999	1351	2726	557.9332	5	0.6828	0.6916	-0.0005	76.7559	1.2438	738.6166	590.0477	45.7870	726.0619	94.8843	749.0435	94.5833	755.4384	94.4444	762.5512	94.6991	
11/08/2017	01:10:13	011995	H421043045HLR	L421	S		727.7121	1.0400	0.0000	99.8330	40.0000	0.8230	1.1604	5.0000	19.8788	815.0982	94.9537	12.8187	25.9000	0.9300	0.9390	0.6937	-0.0007	815.0000	814.3252	1.0272	-5.7467	99.8838	40.7046	0.8230	0.8236	5.0000	-9999.0000	-9999.0000	-9999.0000	-9999.0000	-9999.0000	-9999.0000	18.6878	5	0	28.0692	1.0000	02	3	-9999.0000	316	28596	-9999	-9999	1352	2728	558.6336	5	0.6827	0.6937	-0.0007	76.5411	1.2580	739.9328	587.0489	43.6343	727.1452	94.8380	750.3896	94.6296	757.9041	94.4676	765.2912	94.7222	
11/08/2017	01:10:39	011995	H421037413HLR	L421	S		721.4611	1.0400	0.0000	99.9080	40.0000	0.8230	1.1603	5.0000	20.2090	815.0827	94.8611	14.6984	26.0000	0.9300	0.9391	0.6957	-0.0008	815.0000	815.3535	1.0272	-5.7370	100.0476	40.6781	0.8230	0.8226	5.0000	-9999.0000	-9999.0000	-9999.0000	-9999.0000	-9999.0000	-9999.0000	18.6792	6	0	26.6685	1.0000	02	3	-9999.0000	317	28597	-9999	-9999	1353	2730	557.6907	5	0.6827	0.6957	-0.0008	68.2304	1.7567	733.9579	639.1901	46.7593	722.1091	94.9306	743.2441	94.6759	749.9557	94.4444	757.0018	94.6528	
11/08/2017	01:11:05	011995	H421037416HLR	L421	S		719.3629	1.0400	0.0000	99.9049	40.0065	0.8230	1.1603	5.0000	19.9591	815.0705	94.8148	15.9591	26.0000	0.9300	0.9391	0.6980	-0.0009	815.0000	815.9139	1.0272	-5.7317	99.8896	40.7017	0.8230	0.8226	5.0000	-9999.0000	-9999.0000	-9999.0000	-9999.0000	-9999.0000	-9999.0000	17.6493	7	0	25.1983	1.0000	02	3	-9999.0000	318	28598	-9999	-9999	1354	2731	556.7660	5	0.6827	0.6980	-0.0009	70.2233	1.6157	729.4858	611.0261	46.2269	718.3668	95.0000	737.6016	94.7454	743.9663	94.4907	750.9764	94.6759	
11/08/2017	01:11:30	011995	H421037402HLR	L421	S		718.8503	1.0400	0.0000	99.8954	40.0173	0.8230	1.1604	5.0000	19.8385	815.0444	94.8148	16.1388	25.9000	0.9300	0.9390	0.6980	-0.0009	815.0000	816.0709	1.0272	-5.7302	100.0823	40.7340	0.8230	0.8230	5.0000	-9999.0000	-9999.0000	-9999.0000	-9999.0000	-9999.0000	-9999.0000	17.6346	8	0	24.8179	1.0000	02	3	-9999.0000	319	28599	-9999	-9999	1355	2733	556.5168	5	0.6827	0.6980	-0.0009	70.2233	1.6157	725.3694	583.0206	45.8333	712.5600	95.0000	735.1055	94.6296	744.0516	94.4213	751.2797	94.7685	
11/08/2017	01:11:55	011995	H421037386HLR	L421	S		717.7508	1.0400	0.0000	99.8693	40.0264	0.8230	1.1603	5.0000	20.0936	815.0585	94.8380	17.0694	25.9000	0.9300	0.9390	0.6994	-0.0010	815.0000	818.2760	1.0272	-5.7094	100.1134	40.7752	0.8230	0.8242	5.0000	-9999.0000	-9999.0000	-9999.0000	-9999.0000	-9999.0000	-9999.0000	17.3190	1	0	25.2293	1.0000	02	3	-9999.0000	320	28600	-9999	-9999	1356	2734	555.7818	5	0.6828	0.6994	-0.0010	61.3583	2.1739	725.2227	601.0235	46.1806	713.4548	95.0000	733.9794	94.5833	741.9333	94.4907	748.6988	94.6991	
11/08/2017	01:12:20	011995	H421037396HLR	L421	S		719.8151	1.0400	0.0000	99.9492	40.0305	0.8230	1.1606	5.0000	20.6189	815.1047	94.7454	15.7492	26.0000	0.9300	0.9391	0.6996	-0.0011	815.0000	816.6213	1.0272	-5.7250	99.9021	40.7591	0.8230	0.8240	5.0000	-9999.0000	-9999.0000	-9999.0000	-9999.0000	-9999.0000	-9999.0000	18.6442	2	0	25.5582	1.0000	02	3	-9999.0000	320	28601	-9999	-9999	1357	2736	556.7887	5	0.6828	0.6996	-0.0011	61.1457	2.1927	725.8636	606.5128	45.9259	712.7474	94.9537	737.1266	94.6296	745.4098	94.4213	753.1551	94.6759	
11/08/2017	01:12:47	011995	H421040282HLR	L421	S		720.2036	1.0400	0.0000	99.9167	40.0480	0.8230	1.1603	5.0000	20.0586	815.1639	94.8611	14.1897	25.9000	0.9300	0.9390	0.6996	-0.0011	815.0000	812.5417	1.0272	-5.7635	100.2049	40.7122	0.8230	0.8240	5.0000	-9999.0000	-9999.0000	-9999.0000	-9999.0000	-9999.0000	-9999.0000	17.3389	3	0	26.7983	1.0000	02	3	-9999.0000	321	28602	-9999	-9999	1357	2737	558.1401	5	0.6828	0.6996	-0.0011	61.1457	2.1927	728.9491	606.4433	45.5093	716.4750	95.0000	739.4862	94.6296	747.5118	94.4444	754.0754	94.6759	
11/08/2017	01:13:12	011995	H421037393HLR	L421	S		722.0981	1.0400	0.0000	99.8792	40.0578	0.8230	1.1607	5.0000	19.7885	815.0492	94.9074	13.8391	25.9000	0.9300	0.9390	0.6996	-0.0011	815.0000	814.5693	1.0272	-5.7444	100.0279	40.7064	0.8230	0.8227	5.0000	-9999.0000	-9999.0000	-9999.0000	-9999.0000	-9999.0000	-9999.0000	17.5192	4	0	24.9196	1.0000	02	3	-9999.0000	322	28603	-9999	-9999	1358	2739	558.3033	5	0.6828	0.6996	-0.0011	58.4852	2.3677	732.0283	638.1912	48.0093	720.1871	94.9769	741.1560	94.6065	748.8809	94.4444	755.7394	94.6759	
11/08/2017	01:13:40	011995	H421037411HLR	L421	S		722.3082	1.0400	0.0000	99.9199	40.0606	0.8230	1.1603	5.0000	20.1598	815.1093	94.8611	14.3195	25.8000	0.9300	0.9390	0.7014	-0.0012	815.0000	814.5588	1.0272	-5.7445	100.0535	40.7040	0.8230	0.8216	5.0000	-9999.0000	-9999.0000	-9999.0000	-9999.0000	-9999.0000	-9999.0000	19.4877	5	0	28.1079	1.0000	02	3	-9999.0000	323	28604	-9999	-9999	1358	2741	558.0054	5	0.6827	0.7014	-0.0012	55.2970	2.5789	728.8131	650.4898	45.3241	718.0941	94.8843	737.5916	94.6296	746.1201	94.4676	752.6404	94.6991	
11/08/2017	01:14:10	011995	H421037410HLR	L421	S		723.5426	1.0400	0.0000	99.9049	40.0736	0.8230	1.1603	5.0000	19.9147	815.1028	94.8380	14.5685	25.8000	0.9300	0.9390	0.7017	-0.0012	815.0000	815.2641	1.0272	-5.7378	99.9692	40.7771	0.8230	0.8241	5.0000	-9999.0000	-9999.0000	-9999.0000	-9999.0000	-9999.0000	-9999.0000	17.2390	6	0	30.1888	1.0000	02	3	-9999.0000	324	28605	-9999	-9999	1359	2742	557.7072	5	0.6827	0.7017	-0.0012	55.5353	2.5647	729.9971	632.6879	46.5972	718.0906	94.8611	737.8378	94.6296	745.8824	94.4676	752.2173	94.7222	
11/08/2017	01:14:39	011995	H421037408HLR	L421	S		716.7317	1.0400	0.0000	99.8918	40.0788	0.8230	1.1602	5.0000	20.1687	815.0464	94.7222	15.8087	25.9000	0.9300	0.9390	0.7016	-0.0012	815.0000	813.5488	1.0272	-5.7540	99.8567	40.7716	0.8230	0.8231	5.0000	-9999.0000	-9999.0000	-9999.0000	-9999.0000	-9999.0000	-9999.0000	19.1101	7	0	28.6381	1.0000	02	3	-9999.0000	324	28606	-9999	-9999	1360	2743	556.4593	5	0.6827	0.7016	-0.0012	56.7161	2.4962	720.5154	595.0390	46.5046	708.6735	95.0000	730.1238	94.6759	737.9392	94.4444	744.4323	94.7222	
11/08/2017	01:15:06	011995	H421037399HLR	L421	S		725.6652	1.0400	0.0000	99.8853	40.0908	0.8230	1.1603	5.0000	19.7590	815.1449	94.8611	13.8889	25.9000	0.9300	0.9390	0.7016	-0.0012	815.0000	816.4343	1.0272	-5.7268	99.7582	40.7886	0.8230	0.8246	5.0000	-9999.0000	-9999.0000	-9999.0000	-9999.0000	-9999.0000	-9999.0000	17.3575	8	0	27.0293	1.0000	02	3	-9999.0000	325	28607	-9999	-9999	1361	2745	558.4670	5	0.6827	0.7016	-0.0012	56.7161	2.4962	733.2595	587.2720	44.0046	720.6597	94.8380	742.3198	94.6528	751.2641	94.4444	757.9141	94.6759	
11/08/2017	01:15:33	011995	H421037420HLR	L421	S		710.4801	1.0400	0.0000	99.8338	40.0951	0.8230	1.1603	5.0000	19.8582	815.1657	94.8843	17.0489	25.9000	0.9300	0.9390	0.7016	-0.0012	815.0000	813.3236	1.0272	-5.7562	100.0197	40.7805	0.8230	0.8249	5.0000	-9999.0000	-9999.0000	-9999.0000	-9999.0000	-9999.0000	-9999.0000	17.2386	1	0	27.2978	1.0000	02	3	-9999.0000	326	28608	-9999	-9999	1362	2747	555.4121	5	0.6829	0.7016	-0.0012	55.7280	2.5612	714.7367	549.0171	42.5000	701.7224	95.0463	724.9648	94.6296	732.8636	94.4907	739.6017	94.7222	
11/08/2017	01:16:01	011995	H421041801HLR	L421	S		707.5711	1.0400	0.0000	99.9455	40.0959	0.8230	1.1602	5.0000	20.2982	815.0616	94.9306	19.1288	25.9000	0.9300	0.9390	0.7016	-0.0012	815.0000	812.4718	1.0272	-5.7642	100.0635	40.7397	0.8230	0.8242	5.0000	-9999.0000	-9999.0000	-9999.0000	-9999.0000	-9999.0000	-9999.0000	17.3816	2	0	27.9365	1.0000	02	3	-9999.0000	327	28609	-9999	-9999	1363	2749	553.1678	5	0.6829	0.7016	-0.0012	55.1500	2.5998	710.0895	584.7906	43.1713	697.6789	95.1852	717.4726	94.6528	723.3515	94.4676	730.1906	94.6991	
11/08/2017	01:16:30	011995	H421041791HLR	L421	S		708.7368	1.0400	0.0000	99.8796	40.1017	0.8230	1.1602	5.0000	20.0756	815.0899	94.9306	17.6387	25.9000	0.9300	0.9390	0.7012	-0.0012	815.0000	811.9071	1.0272	-5.7695	100.1078	40.7118	0.8230	0.8231	5.0000	-9999.0000	-9999.0000	-9999.0000	-9999.0000	-9999.0000	-9999.0000	17.3687	3	0	28.4209	1.0000	02	3	-9999.0000	328	28610	-9999	-9999	1364	2750	554.7444	5	0.6829	0.7012	-0.0012	53.1189	2.7331	714.9743	620.4857	46.9213	703.9857	95.0000	723.3571	94.6065	730.0417	94.4444	736.8290	94.6991	
11/08/2017	01:16:58	011995	H421041813HLR	L421	S		715.2076	1.0400	0.0000	99.9186	40.1066	0.8230	1.1602	5.0000	20.0786	815.0911	94.7917	16.1700	25.9000	0.9300	0.9389	0.7003	-0.0011	815.0000	815.0405	1.0272	-5.7399	100.1069	40.7046	0.8230	0.8219	5.0000	-9999.0000	-9999.0000	-9999.0000	-9999.0000	-9999.0000	-9999.0000	18.7183	4	0	28.2669	1.0000	02	3	-9999.0000	329	28610	-9999	-9999	1365	2752	556.1574	5	0.6829	0.7003	-0.0011	50.8428	2.8873	721.1253	624.1819	45.7407	710.0053	95.0694	731.5048	94.6065	739.0177	94.4444	746.4978	94.7454	
11/08/2017	01:17:25	011995	H421041781HLR	L421	S		712.4408	1.0400	0.0000	99.9130	40.1074	0.8230	1.1602	5.0000	20.1401	815.1222	94.7685	16.2989	25.9000	0.9300	0.9390	0.6987	-0.0010	815.0000	812.9060	1.0272	-5.7601	99.8571	40.7414	0.8230	0.8228	5.0000	-9999.0000	-9999.0000	-9999.0000	-9999.0000	-9999.0000	-9999.0000	17.4738	5	0	26.8687	1.0000	02	3	-9999.0000	329	28611	-9999	-9999	1366	2754	556.1536	5	0.6828	0.6987	-0.0010	54.1306	2.6640	720.7812	613.5284	46.7361	709.7815	95.0231	729.4517	94.6065	736.2532	94.4676	743.0431	94.7222	
11/08/2017	01:17:50	011995	H421041784HLR	L421	S		713.4293	1.0400	0.0000	99.9393	40.1060	0.8230	1.1600	5.0000	20.7197	815.0819	94.8148	16.9787	25.9000	0.9300	0.9390	0.6976	-0.0009	815.0000	814.3754	1.0272	-5.7462	99.7092	40.7599	0.8230	0.8230	5.0000	-9999.0000	-9999.0000	-9999.0000	-9999.0000	-9999.0000	-9999.0000	17.5095	6	0	24.9792	1.0000	02	3	-9999.0000	329	28612	-9999	-9999	1367	2756	555.6409	5	0.6828	0.6976	-0.0009	52.2883	2.7831	719.6207	581.9681	45.9259	708.0827	95.0000	726.8475	94.6065	734.7474	94.4444	741.7182	94.6991	
11/08/2017	01:18:18	011995	H421041797HLR	L421	S		712.1066	1.0400	0.0000	99.9130	40.1103	0.8230	1.1601	5.0000	20.4787	815.0861	94.7917	17.4483	25.8000	0.9300	0.9390	0.6977	-0.0009	815.0000	814.6650	1.0272	-5.7435	99.9807	40.7799	0.8230	0.8235	5.0000	-9999.0000	-9999.0000	-9999.0000	-9999.0000	-9999.0000	-9999.0000	17.7390	7	0	27.9781	1.0000	02	3	-9999.0000	330	28613	-9999	-9999	1368	2758	555.3939	5	0.6828	0.6977	-0.0009	51.5867	2.8299	719.1572	581.5284	45.5556	707.0246	95.0000	728.9975	94.6991	735.4664	94.5139	741.2465	94.5833	
11/08/2017	01:18:43	011995	H421041824HLR	L421	S		712.2205	1.0400	0.0000	99.9461	40.1113	0.8230	1.1600	5.0000	20.6083	815.1080	94.7685	17.2696	25.8000	0.9300	0.9390	0.6976	-0.0009	815.0000	814.6223	1.0272	-5.7439	100.2302	40.7879	0.8230	0.8248	5.0000	-9999.0000	-9999.0000	-9999.0000	-9999.0000	-9999.0000	-9999.0000	17.2982	8	0	24.9284	1.0000	02	3	-9999.0000	331	28613	-9999	-9999	1369	2760	555.6110	5	0.6828	0.6976	-0.0009	50.5558	2.9049	718.8352	583.8470	44.2824	705.7726	95.0231	728.2900	94.6296	736.3848	94.4213	743.3686	94.6528	
11/08/2017	01:19:08	011995	H421041798HLR	L421	S		717.9854	1.0400	0.0000	99.8644	40.1152	0.8230	1.1602	5.0000	19.9435	815.0743	94.7222	15.9093	25.9000	0.9300	0.9390	0.6975	-0.0009	815.0000	815.8998	1.0272	-5.7318	100.1330	40.7606	0.8230	0.8246	5.0000	-9999.0000	-9999.0000	-9999.0000	-9999.0000	-9999.0000	-9999.0000	17.3684	1	0	24.8785	1.0000	02	3	-9999.0000	332	28614	-9999	-9999	1370	2762	556.6841	5	0.6828	0.6975	-0.0009	48.3353	3.0585	727.5484	584.9079	44.3056	715.6789	94.9537	734.4147	94.6296	742.3455	94.4213	749.1088	94.7685	
11/08/2017	01:19:33	011995	H421041829HLR	L421	S		722.5556	1.0400	0.0000	99.8986	40.1172	0.8230	1.1602	5.0000	19.7597	815.1578	94.8380	13.9992	25.9000	0.9300	0.9391	0.6975	-0.0009	815.0000	814.5545	1.0272	-5.7445	99.8813	40.6978	0.8230	0.8225	5.0000	-9999.0000	-9999.0000	-9999.0000	-9999.0000	-9999.0000	-9999.0000	19.1980	2	0	25.0787	1.0000	02	3	-9999.0000	332	28615	-9999	-9999	1371	2764	558.2265	5	0.6828	0.6975	-0.0009	48.3353	3.0585	735.6793	619.7404	45.0231	723.4081	94.8148	746.4909	94.6991	751.0433	94.4213	757.1530	94.6296	
11/08/2017	01:19:58	011995	H421041908HLR	L421	S		715.7054	1.0400	0.0000	99.8533	40.1150	0.8230	1.1601	5.0000	19.9697	815.1131	94.8148	16.9991	25.8000	0.9300	0.9389	0.6963	-0.0008	815.0000	813.9536	1.0272	-5.7502	100.0737	40.7327	0.8230	0.8229	5.0000	-9999.0000	-9999.0000	-9999.0000	-9999.0000	-9999.0000	-9999.0000	17.2186	3	0	24.9694	1.0000	02	3	-9999.0000	333	28616	-9999	-9999	1372	2766	555.9941	5	0.6829	0.6963	-0.0008	45.3790	3.2613	723.3677	593.4027	44.9306	711.5739	94.9537	732.6079	94.7222	738.6640	94.4213	745.0443	94.6296	
11/08/2017	01:20:23	011995	H421042986HLR	L421	S		724.7623	1.0400	0.0000	99.9487	40.1130	0.8230	1.1601	5.0000	20.3083	815.0871	94.8380	11.6595	25.8000	0.9300	0.9390	0.6963	-0.0008	815.0000	816.0442	1.0272	-5.7305	100.0940	40.7781	0.8230	0.8237	5.0000	-9999.0000	-9999.0000	-9999.0000	-9999.0000	-9999.0000	-9999.0000	17.3485	4	0	25.0582	1.0000	16	2	-9999.0000	334	28617	-9999	-9999	1373	2768	559.6407	5	0.6829	0.6963	-0.0008	45.3790	3.2613	740.8286	580.6891	45.3472	727.0077	94.7454	753.3728	94.6528	762.0817	94.5833	770.1120	94.6296	
11/08/2017	01:20:48	011995	H421042974HLR	L421	S		722.8273	1.0400	0.0000	99.9266	40.1203	0.8230	1.1601	5.0000	19.8789	815.1330	94.8843	12.0091	25.8000	0.9300	0.9390	0.6963	-0.0008	815.0000	818.9982	1.0272	-5.7026	100.0645	40.7905	0.8230	0.8247	5.0000	-9999.0000	-9999.0000	-9999.0000	-9999.0000	-9999.0000	-9999.0000	17.2079	5	0	25.6988	1.0000	16	2	-9999.0000	334	28618	-9999	-9999	1373	2769	559.4279	5	0.6828	0.6963	-0.0008	44.9201	3.2945	740.0397	592.6391	45.6481	725.6732	94.6759	752.4154	94.6065	761.5960	94.4676	769.1780	94.6991	
11/08/2017	01:21:17	011995	H421042962HLR	L421	S		717.3286	1.0400	0.0000	99.9548	40.1206	0.8230	1.1602	5.0000	19.7982	815.0788	94.9537	13.8792	25.8000	0.9300	0.9391	0.6969	-0.0009	815.0000	817.1643	1.0272	-5.7199	99.9641	40.7439	0.8230	0.8243	5.0000	-9999.0000	-9999.0000	-9999.0000	-9999.0000	-9999.0000	-9999.0000	17.3082	6	0	28.3188	1.0000	16	2	-9999.0000	335	28619	-9999	-9999	1374	2771	558.1651	5	0.6831	0.6969	-0.0009	45.7846	3.2412	732.0979	585.9685	44.8611	719.3342	94.8148	742.3710	94.6528	752.2183	94.4676	758.8485	94.6759	
11/08/2017	01:21:44	011995	H421042981HLR	L421	S		724.7961	1.0400	0.0000	99.9092	40.1217	0.8230	1.1602	5.0000	19.7583	815.1213	94.8380	12.0199	25.8000	0.9300	0.9390	0.6969	-0.0009	815.0000	816.2994	1.0272	-5.7281	100.2549	40.7092	0.8230	0.8230	5.0000	-9999.0000	-9999.0000	-9999.0000	-9999.0000	-9999.0000	-9999.0000	17.4489	7	0	27.0983	1.0000	16	2	-9999.0000	336	28620	-9999	-9999	1374	2773	559.5731	5	0.6830	0.6969	-0.0009	48.5101	3.0623	739.8244	587.0084	46.0880	726.9002	94.7917	752.2636	94.6528	761.8847	94.4444	768.6480	94.6759	
11/08/2017	01:22:12	011995	H421042980HLR	L421	S		721.0657	1.0400	0.0000	99.9311	40.1186	0.8230	1.1601	5.0000	20.1177	815.0780	94.9537	13.6389	25.9000	0.9300	0.9390	0.6961	-0.0008	815.0000	816.7635	1.0272	-5.7237	99.7995	40.7032	0.8230	0.8219	5.0000	-9999.0000	-9999.0000	-9999.0000	-9999.0000	-9999.0000	-9999.0000	18.6189	8	0	27.9790	1.0000	16	2	-9999.0000	337	28621	-9999	-9999	1375	2775	558.3327	5	0.6831	0.6961	-0.0008	48.0182	3.0964	736.3031	593.2542	44.8380	723.5677	94.8843	748.1604	94.6296	756.4148	94.4907	763.4187	94.6991	
11/08/2017	01:22:41	011995	H421043008HLR	L421	S		719.0427	1.0400	0.0000	99.9012	40.1226	0.8230	1.1602	5.0000	19.7483	815.0644	94.8380	14.7697	25.9000	0.9300	0.9391	0.6947	-0.0007	815.0000	817.5695	1.0272	-5.7161	100.1666	40.7545	0.8230	0.8230	5.0000	-9999.0000	-9999.0000	-9999.0000	-9999.0000	-9999.0000	-9999.0000	17.3836	1	0	29.0276	1.0000	16	2	-9999.0000	338	28622	-9999	-9999	1376	2777	557.4185	5	0.6832	0.6947	-0.0007	47.8409	3.1091	732.2522	601.0903	44.4213	718.5592	94.9537	743.1477	94.7222	750.9961	94.4444	757.4048	94.6759	
11/08/2017	01:23:06	011995	H421043187HLR	L421	S		716.9171	1.0400	0.0000	99.8489	40.1229	0.8230	1.1602	5.0000	19.8211	815.0816	94.8611	17.3389	25.9000	0.9300	0.9390	0.6939	-0.0007	815.0000	817.4474	1.0272	-5.7172	100.1479	40.7719	0.8230	0.8232	5.0000	-9999.0000	-9999.0000	-9999.0000	-9999.0000	-9999.0000	-9999.0000	17.7466	2	0	24.8791	1.0000	16	2	-9999.0000	339	28623	-9999	-9999	1377	2779	555.9664	5	0.6834	0.6939	-0.0007	61.1298	2.2869	728.5434	589.8061	45.6944	715.9518	95.2083	737.8725	94.7454	743.7284	94.4444	749.9408	94.6991	
11/08/2017	01:23:32	011995	H421042999HLR	L421	S		712.8750	1.0400	0.0000	99.9141	40.1249	0.8230	1.1602	5.0000	19.8094	815.1319	94.7917	16.0792	26.0000	0.9300	0.9391	0.6939	-0.0007	815.0000	816.0058	1.0272	-5.7308	100.0274	40.7875	0.8230	0.8239	5.0000	-9999.0000	-9999.0000	-9999.0000	-9999.0000	-9999.0000	-9999.0000	17.3391	3	0	26.5380	1.0000	16	2	-9999.0000	340	28624	-9999	-9999	1378	2781	556.7389	5	0.6834	0.6939	-0.0007	61.1298	2.2869	724.4487	582.2843	45.1389	711.0610	95.1620	735.6025	94.7222	745.3074	94.5139	751.2316	94.6528	
11/08/2017	01:23:59	011995	H421043039HLR	L421	S		711.6898	1.0400	0.0000	99.9306	40.1266	0.8230	1.1602	5.0000	20.0183	815.0647	94.8148	17.0391	25.9000	0.9300	0.9390	0.6929	-0.0006	815.0000	816.8925	1.0272	-5.7225	100.0805	40.7914	0.8230	0.8247	5.0000	-9999.0000	-9999.0000	-9999.0000	-9999.0000	-9999.0000	-9999.0000	17.3477	4	0	26.8892	1.0000	16	2	-9999.0000	341	28625	-9999	-9999	1379	2783	556.2095	5	0.6834	0.6929	-0.0006	61.9506	2.2601	726.3031	589.1315	43.6343	712.1996	95.2083	736.8653	94.6991	743.4899	94.4676	749.9832	94.6528	
11/08/2017	01:24:26	011995	H421043040HLR	L421	S		709.3084	1.0400	0.0000	99.8548	40.1311	0.8230	1.1602	5.0000	19.5996	815.1433	94.9769	18.0889	25.9000	0.9300	0.9390	0.6935	-0.0007	815.0000	817.3023	1.0272	-5.7186	100.0488	40.7548	0.8230	0.8240	5.0000	-9999.0000	-9999.0000	-9999.0000	-9999.0000	-9999.0000	-9999.0000	18.3195	5	0	27.0084	1.0000	16	2	-9999.0000	342	28626	-9999	-9999	1380	2785	555.7221	5	0.6833	0.6935	-0.0007	63.8620	2.1456	723.3729	643.1321	47.5926	711.2472	95.1620	731.9338	94.6296	738.1172	94.4444	745.3018	94.7222	
11/08/2017	01:24:54	011995	H421043004HLR	L421	S		729.6059	1.0400	0.0000	99.9260	40.1286	0.8230	1.1600	5.0000	20.4998	815.0748	94.8843	9.2192	25.9000	0.9300	0.9389	0.6935	-0.0007	815.0000	826.2881	1.0272	-5.6337	100.3799	40.7175	0.8230	0.8233	5.0000	-9999.0000	-9999.0000	-9999.0000	-9999.0000	-9999.0000	-9999.0000	17.3381	6	2	27.4183	1.0000	16	2	-9999.0000	343	28626	-9999	-9999	1381	2787	560.3996	5	0.6833	0.6935	-0.0007	63.8620	2.1456	763.7527	644.8151	45.3472	750.8045	94.6528	774.1026	94.5602	781.3405	94.4213	788.4758	94.6759	
11/08/2017	01:25:19	011995	H421043014HLR	L421	S		713.4897	1.0400	0.0000	99.9222	40.1397	0.8230	1.1601	5.0000	20.0497	815.1114	94.8148	15.5587	25.9000	0.9300	0.9390	0.6932	-0.0007	815.0000	815.0221	1.0272	-5.7401	99.7158	40.7291	0.8230	0.8226	5.0000	-9999.0000	-9999.0000	-9999.0000	-9999.0000	-9999.0000	-9999.0000	17.2388	7	0	24.9746	1.0000	16	2	-9999.0000	343	28627	-9999	-9999	1382	2788	556.8672	5	0.6831	0.6932	-0.0007	66.2604	2.0280	727.9906	595.7738	45.5787	714.7002	94.8611	738.4396	94.6528	746.5905	94.5139	753.5333	94.6759	
11/08/2017	01:25:45	011995	H421043024HLR	L421	S		713.2907	1.0400	0.0000	99.9472	40.1378	0.8230	1.1601	5.0000	20.3183	815.0744	94.7454	15.9591	25.9000	0.9300	0.9390	0.6932	-0.0007	815.0000	816.2929	1.0272	-5.7281	100.0612	40.7579	0.8230	0.8230	5.0000	-9999.0000	-9999.0000	-9999.0000	-9999.0000	-9999.0000	-9999.0000	17.3493	8	0	26.6026	1.0000	16	2	-9999.0000	344	28628	-9999	-9999	1383	2790	556.5620	5	0.6831	0.6932	-0.0007	66.2604	2.0280	726.5267	588.3736	42.5926	713.1928	95.0463	738.2015	94.6296	746.3944	94.4444	751.7044	94.6759	
11/08/2017	01:26:11	011995	H421043012HLR	L421	S		712.2947	1.0400	0.0000	99.9146	40.1488	0.8230	1.1603	5.0000	19.5195	815.0549	94.7454	16.0099	25.9000	0.9300	0.9390	0.6937	-0.0007	815.0000	815.4275	1.0272	-5.7363	99.9792	40.7898	0.8230	0.8238	5.0000	-9999.0000	-9999.0000	-9999.0000	-9999.0000	-9999.0000	-9999.0000	17.5583	1	0	25.9707	1.0000	16	2	-9999.0000	345	28629	-9999	-9999	1384	2792	556.4741	5	0.6829	0.6937	-0.0007	66.2020	2.0570	725.9066	590.0426	46.1111	712.5460	95.0694	737.2134	94.6065	744.4547	94.4907	751.1981	94.7454	
11/08/2017	01:26:37	011995	H421043003HLR	L421	S		714.3559	1.0400	0.0000	99.9316	40.1521	0.8230	1.1602	5.0000	19.5986	815.0789	94.8148	16.4191	25.9000	0.9300	0.9389	0.6933	-0.0007	815.0000	817.5750	1.0272	-5.7160	100.1481	40.8041	0.8230	0.8247	5.0000	-9999.0000	-9999.0000	-9999.0000	-9999.0000	-9999.0000	-9999.0000	17.2587	2	0	25.6068	1.0000	16	2	-9999.0000	345	28630	-9999	-9999	1385	2794	556.2668	5	0.6830	0.6933	-0.0007	68.4919	1.9267	730.8526	588.2680	45.6250	717.5522	95.0463	739.5317	94.6296	746.4682	94.4676	753.3436	94.6759	
11/08/2017	01:27:02	011995	H421037403HLR	L421	S		718.1923	1.0400	0.0000	99.9125	40.1521	0.8230	1.1601	5.0000	19.9794	815.1292	94.8611	13.7190	25.9000	0.9300	0.9390	0.6933	-0.0007	815.0000	817.1415	1.0272	-5.7201	99.9959	40.7564	0.8230	0.8243	5.0000	-9999.0000	-9999.0000	-9999.0000	-9999.0000	-9999.0000	-9999.0000	17.5983	3	0	25.3286	1.0000	16	2	-9999.0000	346	28631	-9999	-9999	1386	2796	557.8869	5	0.6830	0.6933	-0.0007	68.4919	1.9267	737.9252	607.4855	44.2361	724.5380	94.9537	749.1693	94.6065	756.7360	94.4444	762.3997	94.6991	
11/08/2017	01:27:28	011995	H421043036HLR	L421	S		712.1181	1.0400	0.0000	99.9211	40.1511	0.8230	1.1601	5.0000	20.2587	815.0831	94.7454	15.6398	25.8000	0.9300	0.9389	0.6928	-0.0006	815.0000	817.5455	1.0272	-5.7163	100.0761	40.7201	0.8230	0.8229	5.0000	-9999.0000	-9999.0000	-9999.0000	-9999.0000	-9999.0000	-9999.0000	17.4092	4	0	25.7389	1.0000	16	2	-9999.0000	347	28632	-9999	-9999	1387	2798	556.8124	5	0.6829	0.6928	-0.0006	70.3707	1.8402	725.6331	604.2350	46.0185	710.9812	95.0463	739.3904	94.6065	747.4763	94.4444	754.5422	94.6759	
11/08/2017	01:27:53	011995	H421043017HLR	L421	S		717.5484	1.0400	0.0000	99.9307	40.1551	0.8230	1.1601	5.0000	19.9472	815.0957	94.8380	15.0197	25.9000	0.9300	0.9390	0.6928	-0.0006	815.0000	815.8629	1.0272	-5.7322	99.8791	40.7229	0.8230	0.8217	5.0000	-9999.0000	-9999.0000	-9999.0000	-9999.0000	-9999.0000	-9999.0000	18.9681	5	0	25.4382	1.0000	16	2	-9999.0000	348	28633	-9999	-9999	1388	2800	557.0765	5	0.6829	0.6928	-0.0006	70.3707	1.8402	733.9825	655.2330	45.4630	722.5782	94.9537	742.5940	94.6528	749.6905	94.4213	757.0718	94.6759	
11/08/2017	01:28:19	011995	H421043044HLR	L421	S		720.8398	1.0400	0.0000	99.9177	40.1580	0.8230	1.1601	5.0000	20.2184	815.0384	94.8380	14.6291	25.8000	0.9300	0.9390	0.6925	-0.0006	815.0000	823.8062	1.0272	-5.6572	100.0010	40.7814	0.8230	0.8234	5.0000	-9999.0000	-9999.0000	-9999.0000	-9999.0000	-9999.0000	-9999.0000	17.5583	6	0	25.5786	1.0000	16	2	-9999.0000	349	28633	-9999	-9999	1389	2802	557.0711	5	0.6827	0.6925	-0.0006	71.1714	1.8037	744.1506	573.5048	46.2731	730.6495	94.8380	752.5480	94.6065	760.3350	94.4213	766.8312	94.6528	
11/08/2017	01:28:45	011995	H421043035HLR	L421	S		714.1587	1.0400	0.0000	99.8952	40.1527	0.8230	1.1602	5.0000	21.1911	815.0804	94.9074	14.3000	25.9000	0.9300	0.9390	0.6917	-0.0006	815.0000	814.5571	1.0272	-5.7445	100.1910	40.7987	0.8230	0.8245	5.0000	-9999.0000	-9999.0000	-9999.0000	-9999.0000	-9999.0000	-9999.0000	17.3188	7	0	25.6685	1.0000	16	2	-9999.0000	350	28634	-9999	-9999	1390	2804	557.1696	5	0.6826	0.6917	-0.0006	73.4175	1.6795	733.3073	608.2998	45.1852	720.6440	94.9537	745.0302	94.6296	752.8370	94.4676	758.8346	94.7222	
11/08/2017	01:29:11	011995	H421037387HLR	L421	S		720.1020	1.0400	0.0000	99.9474	40.1602	0.8230	1.1600	5.0000	20.2293	815.0606	94.8380	14.8000	25.9000	0.9300	0.9391	0.6914	-0.0006	815.0000	815.5835	1.0272	-5.7348	100.1593	40.7718	0.8230	0.8244	5.0000	-9999.0000	-9999.0000	-9999.0000	-9999.0000	-9999.0000	-9999.0000	17.7489	8	0	26.2184	1.0000	16	2	-9999.0000	350	28634	-9999	-9999	1391	2805	556.8600	5	0.6825	0.6914	-0.0006	74.9919	1.6028	735.1667	598.6157	44.1898	721.4470	94.9769	746.2766	94.6991	753.9619	94.4907	759.5826	94.6296	
11/08/2017	01:29:38	011995	H421037414HLR	L421	S		719.8779	1.0400	0.0000	99.9283	40.1729	0.8230	1.1602	5.0000	19.4989	815.0715	94.8611	14.4484	25.8000	0.9300	0.9390	0.6913	-0.0006	815.0000	815.7906	1.0272	-5.7329	99.9913	40.7237	0.8230	0.8232	5.0000	-9999.0000	-9999.0000	-9999.0000	-9999.0000	-9999.0000	-9999.0000	17.7282	1	0	26.7485	1.0000	16	2	-9999.0000	351	28635	-9999	-9999	1392	2807	557.0355	5	0.6825	0.6913	-0.0006	74.9183	1.6139	735.0581	592.5771	44.2593	722.2072	94.8843	746.6176	94.6296	753.7556	94.4676	759.7197	94.6991	
11/08/2017	01:30:04	011995	H421037407HLR	L421	S		716.6511	1.0400	0.0000	99.8869	40.1696	0.8230	1.1600	5.0000	19.9491	815.0690	94.8611	14.6896	25.9000	0.9300	0.9391	0.6911	-0.0005	815.0000	815.7524	1.0272	-5.7332	99.6794	40.7319	0.8230	0.8226	5.0000	-9999.0000	-9999.0000	-9999.0000	-9999.0000	-9999.0000	-9999.0000	17.3686	2	0	25.9683	1.0000	16	2	-9999.0000	352	28636	-9999	-9999	1392	2809	556.8118	5	0.6823	0.6911	-0.0005	77.2944	1.4825	733.1820	596.7410	44.7917	719.5699	94.9306	744.5306	94.6296	753.0832	94.4444	760.7644	94.6991	
11/08/2017	01:30:31	011995	H421037426HLR	L421	S		716.7392	1.0400	0.0000	99.9204	40.1617	0.8230	1.1600	5.0000	20.4891	815.0290	94.8148	14.7297	25.9000	0.9300	0.9389	0.6916	-0.0006	815.0000	816.6463	1.0272	-5.7248	100.1549	40.7722	0.8230	0.8232	5.0000	-9999.0000	-9999.0000	-9999.0000	-9999.0000	-9999.0000	-9999.0000	17.3779	3	0	27.3402	1.0000	16	2	-9999.0000	353	28637	-9999	-9999	1393	2811	556.7621	5	0.6823	0.6916	-0.0006	77.9068	1.4475	734.1520	576.0951	43.3565	721.1725	95.0231	744.8644	94.6296	753.3196	94.4676	760.3754	94.7222	
11/08/2017	01:30:59	011995	H421036988HLR	L421	S		713.2340	1.0400	0.0000	99.9312	40.1726	0.8230	1.1601	5.0000	19.9268	815.1026	94.7685	15.2384	25.8000	0.9300	0.9390	0.6918	-0.0006	815.0000	812.7815	1.0272	-5.7613	99.8736	40.7970	0.8230	0.8238	5.0000	-9999.0000	-9999.0000	-9999.0000	-9999.0000	-9999.0000	-9999.0000	17.5293	4	0	27.9077	1.0000	16	2	-9999.0000	354	28638	-9999	-9999	1394	2813	556.6178	5	0.6824	0.6918	-0.0006	76.8668	1.5070	729.5397	599.9419	43.2176	716.3631	95.0926	740.2010	94.6296	747.7969	94.4907	754.5214	94.7454	
11/08/2017	01:31:27	011995	H421037405HLR	L421	S		718.7297	1.0400	0.0000	99.9444	40.1750	0.8230	1.1600	5.0000	20.1689	815.0844	94.7454	15.7794	25.9000	0.9300	0.9390	0.6924	-0.0006	815.0000	819.0261	1.0272	-5.7023	99.8944	40.7824	0.8230	0.8230	5.0000	-9999.0000	-9999.0000	-9999.0000	-9999.0000	-9999.0000	-9999.0000	19.4890	5	0	28.0982	1.0000	16	2	-9999.0000	355	28639	-9999	-9999	1395	2815	556.2497	5	0.6824	0.6924	-0.0006	75.9514	1.5649	734.3734	594.0022	43.7037	721.3539	95.0000	744.6337	94.6528	752.6892	94.4444	758.8007	94.6759	
11/08/2017	01:31:52	011995	H421037422HLR	L421	S		719.5796	1.0400	0.0000	99.9560	40.1717	0.8230	1.1599	5.0000	20.7275	815.0584	94.7222	15.0490	25.9000	0.9300	0.9389	0.6924	-0.0006	815.0000	819.5906	1.0272	-5.6970	100.0658	40.7794	0.8230	0.8247	5.0000	-9999.0000	-9999.0000	-9999.0000	-9999.0000	-9999.0000	-9999.0000	17.2884	6	0	25.1594	1.0000	16	2	-9999.0000	356	28640	-9999	-9999	1396	2817	556.5426	5	0.6824	0.6924	-0.0006	75.9514	1.5649	738.0653	618.8118	46.7593	725.1940	94.9769	744.8957	94.6759	752.3338	94.4444	761.1870	94.7222	
11/08/2017	01:32:21	011995	H421037381HLR	L421	S		714.8018	1.0400	0.0000	99.9307	40.1720	0.8230	1.1598	5.0000	21.0776	815.0741	94.7454	16.2892	25.8000	0.9300	0.9390	0.6929	-0.0007	815.0000	817.7007	1.0272	-5.7148	99.7827	40.7569	0.8230	0.8235	5.0000	-9999.0000	-9999.0000	-9999.0000	-9999.0000	-9999.0000	-9999.0000	19.2483	7	0	29.0075	1.0000	16	2	-9999.0000	357	28641	-9999	-9999	1397	2819	555.8435	5	0.6824	0.6929	-0.0007	74.0462	1.6999	734.5653	644.9337	46.5509	723.9174	95.1157	742.0112	94.6296	749.0870	94.4444	754.0559	94.7454	
11/08/2017	01:32:47	011995	H421037401HLR	L421	S		710.0328	1.0400	0.0000	99.9240	40.1705	0.8230	1.1597	5.0000	21.4187	815.0947	94.8380	16.9395	25.8000	0.9300	0.9390	0.6929	-0.0007	815.0000	815.7261	1.0272	-5.7335	99.7342	40.7181	0.8230	0.8228	5.0000	-9999.0000	-9999.0000	-9999.0000	-9999.0000	-9999.0000	-9999.0000	17.4585	8	0	25.8493	1.0000	16	2	-9999.0000	358	28642	-9999	-9999	1398	2821	555.5110	5	0.6824	0.6929	-0.0007	74.0462	1.6999	726.9693	628.6249	47.6389	716.2366	95.1389	734.1036	94.6296	740.2896	94.4676	745.8703	94.7454	
11/08/2017	01:33:12	011995	H421037390HLR	L421	S		712.1978	1.0400	0.0000	99.9479	40.1812	0.8230	1.1599	5.0000	20.6397	815.0986	94.7454	17.0987	25.9000	0.9300	0.9390	0.6941	-0.0008	815.0000	814.2479	1.0272	-5.7474	100.0825	40.7300	0.8230	0.8225	5.0000	-9999.0000	-9999.0000	-9999.0000	-9999.0000	-9999.0000	-9999.0000	17.6373	1	0	24.9284	1.0000	16	2	-9999.0000	359	28643	-9999	-9999	1399	2823	555.2515	5	0.6822	0.6941	-0.0008	71.4888	1.8757	727.6676	636.8428	45.6944	716.6161	95.1389	734.5535	94.6296	739.9805	94.4444	745.7199	94.7685	
11/08/2017	01:33:40	011995	H421037409HLR	L421	S		714.6412	1.0400	0.0000	99.9081	40.1852	0.8230	1.1600	5.0000	20.0692	815.0755	94.8611	14.3195	25.9000	0.9300	0.9390	0.6941	-0.0008	815.0000	813.5674	1.0272	-5.7538	100.0753	40.7659	0.8230	0.8229	5.0000	-9999.0000	-9999.0000	-9999.0000	-9999.0000	-9999.0000	-9999.0000	17.5876	2	0	27.8580	1.0000	16	2	-9999.0000	360	28644	-9999	-9999	1400	2825	556.9795	5	0.6822	0.6941	-0.0008	71.4888	1.8757	732.0049	632.2598	47.1065	720.1382	95.0926	742.3624	94.5833	749.2840	94.3981	756.4060	94.7222	
11/08/2017	01:34:05	011995	H421037389HLR	L421	S		709.9788	1.0400	0.0000	99.9003	40.1814	0.8230	1.1600	5.0000	20.0488	815.1476	94.9306	18.0488	25.9000	0.9300	0.9390	0.6940	-0.0008	815.0000	815.0629	1.0272	-5.7397	99.9510	40.8004	0.8230	0.8239	5.0000	-9999.0000	-9999.0000	-9999.0000	-9999.0000	-9999.0000	-9999.0000	17.6347	3	0	24.7995	1.0000	16	2	-9999.0000	361	28645	-9999	-9999	1401	2827	554.3745	5	0.6820	0.6940	-0.0008	67.7714	2.1482	727.3249	646.6434	45.1157	716.4051	95.0926	735.2198	94.6296	741.7849	94.4907	748.0941	94.7222	
11/08/2017	01:34:29	011995	H421041811HLR	L421	S		713.7623	1.0400	0.0000	99.9569	40.1777	0.8230	1.1600	5.0000	20.3286	815.0563	94.7685	14.9289	25.9000	0.9300	0.9390	0.6940	-0.0008	815.0000	814.0693	1.0272	-5.7491	99.6636	40.8041	0.8230	0.8244	5.0000	-9999.0000	-9999.0000	-9999.0000	-9999.0000	-9999.0000	-9999.0000	17.4682	4	0	24.8882	1.0000	16	2	-9999.0000	362	28646	-9999	-9999	1402	2829	556.2644	5	0.6820	0.6940	-0.0008	67.7714	2.1482	730.5740	651.7584	46.2037	718.9535	95.0694	739.7262	94.5833	747.5820	94.4907	753.9705	94.7222	
11/08/2017	01:34:54	011995	H421041803HLR	L421	S		726.9303	1.0400	0.0000	99.9400	40.1888	0.8230	1.1601	5.0000	19.8876	815.0672	94.9769	13.6897	25.9000	0.9300	0.9390	0.6942	-0.0008	815.0000	817.4570	1.0272	-5.7171	100.1715	40.7580	0.8230	0.8243	5.0000	-9999.0000	-9999.0000	-9999.0000	-9999.0000	-9999.0000	-9999.0000	17.3689	5	0	24.8384	1.0000	16	2	-9999.0000	363	28647	-9999	-9999	1403	2831	557.0694	5	0.6819	0.6942	-0.0008	67.6785	2.1555	742.3584	641.2054	45.6713	729.5022	94.8611	751.6882	94.6065	759.2535	94.4213	766.4886	94.7222	
11/08/2017	01:35:20	011995	H421041802HLR	L421	S		712.1150	1.0400	0.0000	99.9133	40.1794	0.8230	1.1597	5.0000	21.2989	815.0940	94.8148	16.9698	25.9000	0.9300	0.9390	0.6951	-0.0008	815.0000	815.8763	1.0272	-5.7320	100.0019	40.7273	0.8230	0.8228	5.0000	-9999.0000	-9999.0000	-9999.0000	-9999.0000	-9999.0000	-9999.0000	17.3783	6	0	25.8094	1.0000	16	2	-9999.0000	364	28648	-9999	-9999	1404	2833	555.0450	5	0.6818	0.6951	-0.0008	67.4666	2.1637	727.8967	636.4897	46.2500	716.6178	95.0000	735.9148	94.6296	741.9214	94.4907	749.1996	94.7222	
11/08/2017	01:35:45	011995	H421041796HLR	L421	S		540.9980	1.0400	0.0000	99.9329	40.1706	0.8230	1.1602	5.0000	20.1751	0.0000	0.0000	0.0000	0.0000	0.9300	0.0000	0.0000	0.0000	0.0000	541.9160	1.0272	9.4937	99.7365	40.7783	0.8230	0.8241	5.0000	-9999.0000	-9999.0000	-9999.0000	-9999.0000	-9999.0000	-9999.0000	17.6687	7	7	25.0082	1.0000	16	2	-9999.0000	365	0	-9999	-9999	1405	2835	0.0000	0	0.0000	0.0000	0.0000	0.0000	0.0000	0.0000	0.0000	0.0000	0.0000	0.0000	0.0000	0.0000	0.0000	0.0000	0.0000	0.0000	
11/08/2017	01:36:12	011995	H421041814HLR	L421	S		719.2703	1.0400	0.0000	99.9200	40.1809	0.8230	1.1601	5.0000	19.9442	815.0838	94.9074	13.8694	26.0000	0.9300	0.9392	0.6955	-0.0009	815.0000	813.6619	1.0272	-5.7530	99.9700	40.7802	0.8230	0.8220	5.0000	-9999.0000	-9999.0000	-9999.0000	-9999.0000	-9999.0000	-9999.0000	19.2277	8	0	27.0482	1.0000	16	2	-9999.0000	366	28649	-9999	-9999	1406	2837	557.2155	5	0.6818	0.6955	-0.0009	65.7714	2.2707	737.2400	616.3304	47.9630	725.2473	94.8380	744.0338	94.6528	752.0273	94.5370	758.8917	94.7222	
11/08/2017	01:36:38	011995	H421041782HLR	L421	S		715.4096	1.0400	0.0000	99.9006	40.1834	0.8230	1.1601	5.0000	19.8708	815.1068	94.9306	13.9690	25.8000	0.9300	0.9389	0.6935	-0.0007	815.0000	813.9059	1.0272	-5.7507	100.2263	40.8073	0.8230	0.8246	5.0000	-9999.0000	-9999.0000	-9999.0000	-9999.0000	-9999.0000	-9999.0000	17.3590	1	0	25.7490	1.0000	16	2	-9999.0000	367	28650	-9999	-9999	1407	2839	556.9462	5	0.6816	0.6935	-0.0007	67.6752	2.1482	734.0315	645.7519	48.5880	722.5655	95.0231	744.5509	94.6065	753.0930	94.4444	760.0474	94.7685	
11/08/2017	01:37:03	011995	H421041794HLR	L421	S		717.1899	1.0400	0.0000	99.9419	40.1883	0.8230	1.1599	5.0000	20.3895	815.1302	94.8148	14.9591	25.8000	0.9300	0.9389	0.6935	-0.0007	815.0000	815.1209	1.0272	-5.7392	100.0328	40.7805	0.8230	0.8245	5.0000	-9999.0000	-9999.0000	-9999.0000	-9999.0000	-9999.0000	-9999.0000	17.3182	2	0	25.4583	1.0000	16	2	-9999.0000	367	28650	-9999	-9999	1408	2841	556.5327	5	0.6815	0.6935	-0.0007	69.6852	2.0233	732.7661	636.5388	47.3148	722.4541	94.9537	740.0780	94.6528	748.0579	94.4676	754.1964	94.7222	
11/08/2017	01:37:30	011995	H421041795HLR	L421	S		661.5894	1.0400	0.0000	99.9116	40.1915	0.8230	1.1602	5.0000	19.7382	0.0000	0.0000	0.0000	0.0000	0.9300	0.0000	0.0000	0.0000	0.0000	647.9737	1.0272	-2.7610	99.7853	40.7333	0.8230	0.8237	5.0000	-9999.0000	-9999.0000	-9999.0000	-9999.0000	-9999.0000	-9999.0000	17.1538	3	7	26.7489	1.0000	16	2	-9999.0000	368	0	-9999	-9999	1409	2843	0.0000	0	0.0000	0.0000	0.0000	0.0000	0.0000	0.0000	0.0000	0.0000	0.0000	0.0000	0.0000	0.0000	0.0000	0.0000	0.0000	0.0000	
11/08/2017	01:37:57	011995	H421041806HLR	L421	S		714.3288	1.0400	0.0000	99.9239	40.1949	0.8230	1.1600	5.0000	20.1767	815.0855	94.7917	16.1095	25.9000	0.9300	0.9391	0.6955	-0.0009	815.0000	812.9796	1.0272	-5.7594	99.9127	40.7633	0.8230	0.8225	5.0000	-9999.0000	-9999.0000	-9999.0000	-9999.0000	-9999.0000	-9999.0000	17.3894	4	0	26.8493	1.0000	16	2	-9999.0000	369	28651	-9999	-9999	1410	2845	555.5912	5	0.6818	0.6955	-0.0009	67.5668	2.1669	725.3017	576.5467	44.7454	713.2681	94.8380	734.4405	94.6759	743.2591	94.5602	750.1402	94.7222	
11/08/2017	01:38:24	011995	H421041815HLR	L421	S		715.8513	1.0400	0.0000	99.8766	40.2000	0.8230	1.1601	5.0000	19.8388	815.0311	94.8148	14.8000	25.8000	0.9300	0.9390	0.6955	-0.0009	815.0000	814.7172	1.0272	-5.7430	100.0398	40.7956	0.8230	0.8233	5.0000	-9999.0000	-9999.0000	-9999.0000	-9999.0000	-9999.0000	-9999.0000	17.3680	5	0	26.7372	1.0000	16	2	-9999.0000	370	28652	-9999	-9999	1411	2846	556.4744	5	0.6818	0.6955	-0.0009	67.5668	2.1669	730.0375	612.4123	46.5046	717.8837	95.0000	739.1054	94.6065	747.3061	94.4444	754.3320	94.7222	
11/08/2017	01:38:50	011995	H421041787HLR	L421	S		719.4526	1.0400	0.0000	99.9323	40.2014	0.8230	1.1600	5.0000	19.9987	815.1080	94.8843	14.5891	25.8000	0.9300	0.9391	0.6956	-0.0009	815.0000	814.9401	1.0272	-5.7409	100.0306	40.8143	0.8230	0.8241	5.0000	-9999.0000	-9999.0000	-9999.0000	-9999.0000	-9999.0000	-9999.0000	17.2489	6	0	26.4987	1.0000	16	2	-9999.0000	370	28653	-9999	-9999	1412	2848	556.7157	5	0.6818	0.6956	-0.0009	66.0029	2.2558	732.1531	640.9522	46.0185	719.6556	94.9306	741.9263	94.5833	750.0048	94.4444	756.6879	94.7222	
11/08/2017	01:39:16	011995	H421041823HLR	L421	S		715.9641	1.0400	0.0000	99.9554	40.2019	0.8230	1.1600	5.0000	20.2781	815.0705	94.8380	14.5090	25.8000	0.9300	0.9389	0.6956	-0.0009	815.0000	814.7814	1.0272	-5.7424	100.2773	40.8083	0.8230	0.8246	5.0000	-9999.0000	-9999.0000	-9999.0000	-9999.0000	-9999.0000	-9999.0000	17.5171	7	0	26.2238	1.0000	16	2	-9999.0000	371	28654	-9999	-9999	1413	2850	556.7162	5	0.6818	0.6956	-0.0009	66.0029	2.2558	731.0489	632.3915	45.4167	719.3888	94.9769	740.5617	94.5833	749.1649	94.5139	757.7397	94.7454	
11/08/2017	01:39:43	011995	H421041809HLR	L421	S		708.3946	1.0400	0.0000	99.8432	40.2061	0.8230	1.1600	5.0000	19.8292	815.1350	94.7685	15.8390	25.8000	0.9300	0.9390	0.6952	-0.0008	815.0000	814.3286	1.0272	-5.7467	99.8382	40.7758	0.8230	0.8236	5.0000	-9999.0000	-9999.0000	-9999.0000	-9999.0000	-9999.0000	-9999.0000	19.1042	8	0	26.5537	1.0000	16	2	-9999.0000	372	28655	-9999	-9999	1414	2852	555.8999	5	0.6820	0.6952	-0.0008	67.7536	2.1232	725.8826	612.0193	44.8380	714.0900	95.0000	737.3131	94.6296	744.3502	94.4907	750.3377	94.6991	
11/08/2017	01:40:08	011995	H421041808HLR	L421	S		712.9805	1.0400	0.0000	99.9423	40.2108	0.8230	1.1600	5.0000	19.9589	815.1019	94.7685	15.7589	25.9000	0.9300	0.9390	0.6956	-0.0009	815.0000	814.8003	1.0272	-5.7422	100.0389	40.7315	0.8230	0.8229	5.0000	-9999.0000	-9999.0000	-9999.0000	-9999.0000	-9999.0000	-9999.0000	18.3265	1	0	24.9889	1.0000	16	2	-9999.0000	373	28656	-9999	-9999	1415	2854	556.0147	5	0.6821	0.6956	-0.0009	66.4553	2.2001	727.6014	641.6220	44.9769	716.4584	95.0000	736.2312	94.6528	743.3991	94.4444	750.2749	94.7454	
11/08/2017	01:40:34	011995	H421041817HLR	L421	S		715.9518	1.0400	0.0000	99.8931	40.2111	0.8230	1.1600	5.0000	20.1294	815.1099	94.7685	15.5685	25.9000	0.9300	0.9390	0.6960	-0.0009	815.0000	812.8934	1.0272	-5.7602	100.2535	40.7203	0.8230	0.8218	5.0000	-9999.0000	-9999.0000	-9999.0000	-9999.0000	-9999.0000	-9999.0000	19.1087	2	0	25.6882	1.0000	16	2	-9999.0000	374	28657	-9999	-9999	1416	2855	556.2878	5	0.6821	0.6960	-0.0009	67.0137	2.1631	727.7824	615.1694	44.8148	716.0252	95.0231	737.3000	94.6065	745.0935	94.4907	751.6265	94.7222	
11/08/2017	01:40:58	011995	H421041790HLR	L421	S		716.2703	1.0400	0.0000	99.9311	40.2132	0.8230	1.1600	5.0000	19.9973	815.0942	94.7917	15.2384	25.9000	0.9300	0.9389	0.6960	-0.0009	815.0000	812.6044	1.0272	-5.7629	100.0201	40.7757	0.8230	0.8227	5.0000	-9999.0000	-9999.0000	-9999.0000	-9999.0000	-9999.0000	-9999.0000	18.1286	3	0	24.9188	1.0000	16	2	-9999.0000	375	28658	-9999	-9999	1417	2857	556.2882	5	0.6821	0.6960	-0.0009	67.0137	2.1631	728.9218	610.5127	46.7824	716.0710	95.0463	736.3565	94.6296	743.9170	94.4213	751.4757	94.6528	
11/08/2017	01:41:23	011995	H421041810HLR	L421	S		711.1040	1.0400	0.0000	99.9662	40.2092	0.8230	1.1599	5.0000	20.5291	815.0321	94.6759	15.6691	25.9000	0.9300	0.9389	0.6958	-0.0009	815.0000	816.5105	1.0272	-5.7261	100.0650	40.8084	0.8230	0.8244	5.0000	-9999.0000	-9999.0000	-9999.0000	-9999.0000	-9999.0000	-9999.0000	17.2681	4	0	24.8387	1.0000	16	2	-9999.0000	376	28659	-9999	-9999	1417	2858	555.9467	5	0.6821	0.6958	-0.0009	65.7407	2.2489	713.5570	615.4327	46.2963	698.0812	95.0926	728.8557	94.6065	739.7738	94.4676	748.8355	94.7454	
11/08/2017	01:41:51	011995	H421041830HLR	L421	S		714.0794	1.0400	0.0000	99.9189	40.2140	0.8230	1.1600	5.0000	19.9858	815.1318	94.8380	14.0188	25.8000	0.9300	0.9390	0.6960	-0.0009	815.0000	814.3010	1.0272	-5.7469	100.0460	40.7956	0.8230	0.8246	5.0000	-9999.0000	-9999.0000	-9999.0000	-9999.0000	-9999.0000	-9999.0000	17.5183	5	0	28.1285	1.0000	16	2	-9999.0000	377	28660	-9999	-9999	1418	2860	557.3165	5	0.6821	0.6960	-0.0009	66.0149	2.2288	729.5893	586.0506	47.0370	717.2005	94.9537	740.4236	94.6065	749.5537	94.4444	756.9185	94.7917	
11/08/2017	01:42:17	011995	H421043494HLR	L421	S		719.0946	1.0400	0.0000	99.9426	40.2122	0.8230	1.1599	5.0000	20.3992	815.0752	94.8148	14.7785	25.8000	0.9300	0.9390	0.6951	-0.0008	815.0000	812.2396	1.0272	-5.7664	99.7745	40.7392	0.8230	0.8235	5.0000	-9999.0000	-9999.0000	-9999.0000	-9999.0000	-9999.0000	-9999.0000	17.1992	6	0	26.0179	1.0000	02	4	-9999.0000	377	28661	-9999	-9999	1418	2862	556.6929	5	0.6823	0.6951	-0.0008	67.0382	2.1517	732.4843	603.2752	44.9306	720.0661	94.9537	741.2168	94.6296	748.2531	94.4676	755.3329	94.6528	
11/08/2017	01:42:43	011995	H421043403HLR	L421	S		725.9822	1.0400	0.0000	99.8627	40.2145	0.8230	1.1600	5.0000	19.8990	815.1013	95.0000	13.3089	25.8000	0.9300	0.9390	0.6965	-0.0009	815.0000	814.1297	1.0272	-5.7485	100.1063	40.7369	0.8230	0.8229	5.0000	-9999.0000	-9999.0000	-9999.0000	-9999.0000	-9999.0000	-9999.0000	17.3385	7	0	25.5194	1.0000	02	4	-9999.0000	378	28662	-9999	-9999	1419	2864	557.9630	5	0.6823	0.6965	-0.0009	64.1821	2.3230	738.0385	593.4644	45.1157	725.9931	94.8148	746.9143	94.6296	754.4170	94.4907	760.5843	94.6991	
