Data	Timp	Nr. masina	Nr. de serie	Tip	Productie	Comentariu	Pre-masurare Q [ml/min]	Pre-masurare Gain	Pre-masurare Offset Master	Pre-masurare P [bar]	Pre-masurare T [°C]	Pre-masurare Densitate fixa [kg/l]	Pre-masurare densitate masurata [kg/l]	Pre-masurare Timp masurare [s]	Pre-masurare Cycle time [s]	rectificare Q Oprire [ml/min]	rectificare P Oprire [bar]	rectificare Timp rectificare [s]	rectificare T [°C]	rectificare Densitate fixa [kg/l]	rectificare densitate masurata [kg/l]	rectificare Factor de masurare la rectificare	rectificare Factor de corectie a debitului	rectificare Target rectificare	Masurare Q [ml/min]	Masurare Gain	Masurare Offset Master	Masurare P [bar]	Masurare T [°C]	Masurare Densitate fixa [kg/l]	Masurare densitate masurata [kg/l]	Masurare Timp masurare [s]	Masurare Q [ml/min]	Masurare Delta Q [ml/min]	Masurare P [bar]	Masurare BP [bar]	Masurare T [°C]	Masurare Timp masurare [s]	Masurare Cycle time [s]	Nest Nr.	Cod de descarcare	Cycle time [s]	Traceability aktiv	EDM Maschine Nr	EDM Spindle Nr	Honing Rate [r	Station Counter Premeasure	Station Counter Grind	Station Counter Blowout 1	Station Counter Wash	Station Counter Measure	Station Counter Blowout 2	RealGrindQStop	Reg Type	Factor 0	Factor 1	Factor 2	Factor 3	Factor 4	G_StartQV	G_StartQV_1	G_StartQV_2	G_StartQV_3	G_StartQV_4	G_StartQV_5	
20/08/2017	00:00:26	011995	G523075424HLR	L523	S		448.5303	1.0400	0.0000	99.7318	39.9333	0.8230	1.1609	5.0000	25.6588	508.1199	94.9769	17.3389	25.4000	0.9300	0.9305	0.6515	-0.0007	508.0000	508.0262	1.0272	7.9495	99.7294	40.7293	0.8230	0.8257	5.0000	-9999.0000	-9999.0000	-9999.0000	-9999.0000	-9999.0000	-9999.0000	17.3691	7	0	28.2681	1.0000	06	2	-9999.0000	16283	44014	-9999	-9999	2516	5546	324.8376	5	0.6395	0.6515	-0.0007	38.5966	1.2594	471.2608	493.1268	45.9259	475.5389	95.7870	470.2956	95.1852	473.1315	94.6528	474.6742	94.6528	
20/08/2017	00:00:56	011995	G523075419HLR	L523	S		464.6099	1.0400	0.0000	99.5845	39.9438	0.8230	1.1609	5.0000	24.6688	508.0499	94.9537	9.0698	25.3000	0.9300	0.9303	0.6515	-0.0007	508.0000	510.6158	1.0272	7.9231	99.6512	40.7292	0.8230	0.8260	5.0000	-9999.0000	-9999.0000	-9999.0000	-9999.0000	-9999.0000	-9999.0000	17.1267	8	0	29.9699	1.0000	06	2	-9999.0000	16284	44014	-9999	-9999	2517	5548	327.7213	5	0.6395	0.6515	-0.0007	38.5966	1.2594	488.7987	447.9897	41.8750	491.1180	95.5556	488.5647	94.9074	492.7283	94.5370	496.2874	94.7685	
20/08/2017	00:01:26	011995	G523075513HLR	L523	S		444.5917	1.0400	0.0000	99.8495	39.9333	0.8230	1.1607	5.0000	27.2691	508.0262	94.9769	17.0294	25.4000	0.9300	0.9306	0.6537	-0.0008	508.0000	507.8332	1.0272	7.9514	99.7703	40.7298	0.8230	0.8264	5.0000	-9999.0000	-9999.0000	-9999.0000	-9999.0000	-9999.0000	-9999.0000	17.2783	1	0	30.4274	1.0000	06	2	-9999.0000	16285	44015	-9999	-9999	2518	5550	324.8010	5	0.6395	0.6537	-0.0008	41.2552	1.0935	468.4165	430.1950	42.6852	471.8796	95.1389	467.9196	94.6296	472.2402	94.5602	474.6711	94.7685	
20/08/2017	00:01:56	011995	G523075520HLR	L523	S		447.8421	1.0400	0.0000	99.7320	39.9333	0.8230	1.1609	5.0000	25.3783	508.1308	94.9537	16.5685	25.3000	0.9300	0.9304	0.6515	-0.0007	508.0000	508.5885	1.0272	7.9437	99.7465	40.7344	0.8230	0.8261	5.0000	-9999.0000	-9999.0000	-9999.0000	-9999.0000	-9999.0000	-9999.0000	17.7643	2	0	30.1992	1.0000	06	2	-9999.0000	16286	44016	-9999	-9999	2519	5552	325.0865	5	0.6396	0.6515	-0.0007	40.7487	1.1238	469.5156	469.1604	43.9815	474.3321	95.8333	469.1450	95.2546	472.5939	94.6759	475.1197	94.6528	
20/08/2017	00:02:25	011995	G523075514HLR	L523	S		450.7914	1.0400	0.0000	99.5899	39.9470	0.8230	1.1609	5.0000	24.3489	508.0516	94.9769	16.2091	25.2000	0.9300	0.9303	0.6509	-0.0007	508.0000	509.1536	1.0272	7.9380	99.6876	40.7306	0.8230	0.8262	5.0000	-9999.0000	-9999.0000	-9999.0000	-9999.0000	-9999.0000	-9999.0000	17.1486	3	0	28.9983	1.0000	06	2	-9999.0000	16287	44017	-9999	-9999	2520	5554	325.1262	5	0.6397	0.6509	-0.0007	41.4367	1.0789	472.1589	490.7164	46.9213	476.8945	95.7176	471.4170	95.0463	474.6794	94.6065	477.5727	94.7222	
20/08/2017	00:02:52	011995	G523075522HLR	L523	S		448.7414	1.0400	0.0000	99.6536	39.9469	0.8230	1.1609	5.0000	25.0261	508.0811	94.9537	16.1593	25.2000	0.9300	0.9304	0.6509	-0.0007	508.0000	508.5446	1.0272	7.9442	99.6943	40.7259	0.8230	0.8262	5.0000	-9999.0000	-9999.0000	-9999.0000	-9999.0000	-9999.0000	-9999.0000	17.0814	4	0	26.9678	1.0000	06	2	-9999.0000	16288	44018	-9999	-9999	2521	5556	325.2102	5	0.6397	0.6509	-0.0007	41.4367	1.0789	471.2594	495.1005	45.2778	476.2601	95.8333	470.4714	95.2315	474.6967	94.6759	477.0788	94.6528	
20/08/2017	00:03:24	011995	G523075506HLR	L523	S		448.3670	1.0400	0.0000	99.8686	39.9352	0.8230	1.1607	5.0000	27.0084	508.0430	94.9537	16.2990	25.2000	0.9300	0.9304	0.6470	-0.0004	508.0000	508.5096	1.0272	7.9445	99.7513	40.7172	0.8230	0.8263	5.0000	-9999.0000	-9999.0000	-9999.0000	-9999.0000	-9999.0000	-9999.0000	17.1795	5	0	31.4278	1.0000	06	2	-9999.0000	16288	44019	-9999	-9999	2522	5558	325.0751	5	0.6396	0.6470	-0.0004	40.5385	1.1322	473.0533	495.4272	46.6898	477.8415	95.6713	472.5900	95.0463	475.5708	94.6296	478.8071	94.6759	
20/08/2017	00:03:51	011995	G523075508HLR	L523	S		449.6836	1.0400	0.0000	99.7642	39.9335	0.8230	1.1607	5.0000	27.3933	508.0493	94.9769	15.2697	25.3000	0.9300	0.9304	0.6468	-0.0004	508.0000	507.9529	1.0272	7.9502	99.7511	40.6868	0.8230	0.8258	5.0000	-9999.0000	-9999.0000	-9999.0000	-9999.0000	-9999.0000	-9999.0000	17.5388	6	0	27.8092	1.0000	06	2	-9999.0000	16288	44020	-9999	-9999	2522	5560	325.2877	5	0.6396	0.6468	-0.0004	40.5367	1.1352	474.6244	503.0216	45.0000	479.9410	95.6481	474.0438	95.0694	478.0284	94.6296	480.0289	94.6759	
20/08/2017	00:04:19	011995	G523075510HLR	L523	S		451.1273	1.0400	0.0000	99.7873	39.9402	0.8230	1.1607	5.0000	27.2193	508.0213	94.9537	14.2297	25.2000	0.9300	0.9304	0.6456	-0.0004	508.0000	508.1624	1.0272	7.9481	99.7125	40.6725	0.8230	0.8256	5.0000	-9999.0000	-9999.0000	-9999.0000	-9999.0000	-9999.0000	-9999.0000	17.1968	7	0	27.7411	1.0000	06	2	-9999.0000	16288	44020	-9999	-9999	2523	5562	325.3744	5	0.6395	0.6456	-0.0004	39.7301	1.1768	477.6427	476.7144	46.6898	482.4247	95.5324	477.0989	94.9537	479.9294	94.6296	483.5739	94.6991	
20/08/2017	00:04:48	011995	G523075509HLR	L523	S		449.0475	1.0400	0.0000	99.7958	39.9489	0.8230	1.1608	5.0000	25.9788	508.0168	94.9306	15.6095	25.2000	0.9300	0.9305	0.6455	-0.0004	508.0000	507.8881	1.0272	7.9509	99.6651	40.6631	0.8230	0.8247	5.0000	-9999.0000	-9999.0000	-9999.0000	-9999.0000	-9999.0000	-9999.0000	17.3185	8	0	28.3761	1.0000	06	2	-9999.0000	16288	44021	-9999	-9999	2524	5564	325.0925	5	0.6395	0.6455	-0.0004	39.8480	1.1702	474.5675	475.0173	46.0185	479.3489	95.2315	474.1923	94.6991	477.5129	94.6065	480.9567	94.7917	
20/08/2017	00:05:17	011995	G523075512HLR	L523	S		449.7744	1.0400	0.0000	99.5316	39.9609	0.8230	1.1609	5.0000	24.0093	508.0239	94.9537	15.1691	25.2000	0.9300	0.9304	0.6455	-0.0004	508.0000	508.4973	1.0272	7.9447	99.7316	40.6980	0.8230	0.8247	5.0000	-9999.0000	-9999.0000	-9999.0000	-9999.0000	-9999.0000	-9999.0000	17.2057	1	0	29.8382	1.0000	06	2	-9999.0000	16289	44021	-9999	-9999	2525	5566	325.1613	5	0.6395	0.6455	-0.0004	39.8480	1.1702	475.1200	467.3464	42.2454	480.6202	95.6713	474.7863	94.9537	477.9885	94.6065	481.9920	94.7454	
20/08/2017	00:05:45	011995	G523075511HLR	L523	S		446.1913	1.0400	0.0000	99.7965	39.9342	0.8230	1.1606	5.0000	28.4477	508.0882	94.9537	16.5890	25.2000	0.9300	0.9305	0.6454	-0.0004	508.0000	508.1192	1.0272	7.9485	99.7192	40.7167	0.8230	0.8252	5.0000	-9999.0000	-9999.0000	-9999.0000	-9999.0000	-9999.0000	-9999.0000	17.1587	2	0	27.7900	1.0000	06	2	-9999.0000	16290	44022	-9999	-9999	2526	5568	325.0433	5	0.6395	0.6454	-0.0004	41.4733	1.0732	471.5130	443.5647	42.3611	474.6045	95.5787	470.9994	94.8611	474.2303	94.6065	478.5934	94.7917	
20/08/2017	00:06:16	011995	G523075519HLR	L523	S		463.4821	1.0400	0.0000	99.6694	39.9667	0.8230	1.1609	5.0000	24.8484	508.1276	94.9074	8.3892	25.2000	0.9300	0.9303	0.6454	-0.0004	508.0000	509.8457	1.0272	7.9309	99.7340	40.7167	0.8230	0.8253	5.0000	-9999.0000	-9999.0000	-9999.0000	-9999.0000	-9999.0000	-9999.0000	17.6487	3	0	30.4471	1.0000	06	3	-9999.0000	16291	44023	-9999	-9999	2527	5569	326.5679	5	0.6395	0.6454	-0.0004	41.4733	1.0732	492.9569	504.9084	46.0648	497.0721	95.8102	492.6414	95.1157	495.3703	94.6296	499.3696	94.6759	
20/08/2017	00:06:43	011995	G523075423HLR	L523	S		446.0547	1.0400	0.0000	99.5945	39.9597	0.8230	1.1609	5.0000	24.7480	508.0411	94.9769	17.3594	25.3000	0.9300	0.9306	0.6453	-0.0003	508.0000	508.7841	1.0272	7.9417	99.7502	40.7316	0.8230	0.8257	5.0000	-9999.0000	-9999.0000	-9999.0000	-9999.0000	-9999.0000	-9999.0000	17.2517	4	0	27.7887	1.0000	06	3	-9999.0000	16292	44024	-9999	-9999	2528	5570	324.7823	5	0.6397	0.6453	-0.0003	43.6824	0.9430	470.5512	458.9455	45.0231	476.9793	95.3241	470.2352	94.7917	473.4233	94.5833	476.7005	94.6991	
20/08/2017	00:07:12	011995	G523075530HLR	L523	S		464.5615	1.0400	0.0000	99.7551	39.9648	0.8230	1.1608	5.0000	25.3863	508.1225	94.9306	8.6187	25.2000	0.9300	0.9303	0.6453	-0.0003	508.0000	508.8374	1.0272	7.9412	99.7914	40.7252	0.8230	0.8256	5.0000	-9999.0000	-9999.0000	-9999.0000	-9999.0000	-9999.0000	-9999.0000	17.1893	5	0	29.0278	1.0000	06	3	-9999.0000	16293	44025	-9999	-9999	2529	5572	326.4332	5	0.6397	0.6453	-0.0003	43.6824	0.9430	491.4037	502.3915	47.1759	495.3416	95.8565	490.9137	95.2315	494.2157	94.6528	497.1628	94.6296	
20/08/2017	00:07:44	011995	G523075523HLR	L523	S		433.1380	1.0400	0.0000	99.8457	39.9368	0.8230	1.1607	5.0000	26.8686	508.0596	94.9769	15.0188	25.3000	0.9300	0.9306	0.6452	-0.0003	508.0000	519.1692	1.0272	7.8360	99.8442	40.7279	0.8230	0.8258	5.0000	-9999.0000	-9999.0000	-9999.0000	-9999.0000	-9999.0000	-9999.0000	17.1188	6	2	31.4983	1.0000	06	3	-9999.0000	16293	44026	-9999	-9999	2530	5574	325.2094	5	0.6396	0.6452	-0.0003	42.6707	1.0103	470.7133	480.1577	46.1574	460.4583	95.5556	469.1210	94.9306	476.2203	94.6296	471.2722	94.7685	
20/08/2017	00:08:14	011995	G523075529HLR	L523	S		449.5838	1.0400	0.0000	99.6767	39.9549	0.8230	1.1609	5.0000	24.8384	508.0319	94.9537	15.3898	25.3000	0.9300	0.9305	0.6438	-0.0003	508.0000	507.6101	1.0272	7.9537	99.7362	40.7278	0.8230	0.8258	5.0000	-9999.0000	-9999.0000	-9999.0000	-9999.0000	-9999.0000	-9999.0000	17.4376	7	0	29.9984	1.0000	06	3	-9999.0000	16293	44026	-9999	-9999	2531	5576	325.0640	5	0.6396	0.6438	-0.0003	33.1329	1.6007	476.2194	491.4904	45.0926	482.2737	95.5093	475.9248	94.9537	478.6935	94.6528	481.5105	94.7222	
20/08/2017	00:08:43	011995	G523075307HLR	L523	S		463.1170	1.0400	0.0000	99.9229	39.9499	0.8230	1.1606	5.0000	27.4037	508.0498	94.9074	8.4497	25.2000	0.9300	0.9304	0.6442	-0.0003	508.0000	509.0062	1.0272	7.9395	99.6566	40.7167	0.8230	0.8255	5.0000	-9999.0000	-9999.0000	-9999.0000	-9999.0000	-9999.0000	-9999.0000	17.1485	8	0	28.6088	1.0000	06	3	-9999.0000	16294	44027	-9999	-9999	2532	5578	326.0809	5	0.6396	0.6442	-0.0003	32.7899	1.6270	492.2151	503.6784	43.5185	494.9554	95.6481	491.5041	94.9537	497.1317	94.6296	498.9956	94.6991	
20/08/2017	00:09:12	011995	G523075315HLR	L523	S		464.6094	1.0400	0.0000	99.7379	39.9667	0.8230	1.1608	5.0000	24.8396	508.0616	94.9074	7.3395	25.3000	0.9300	0.9305	0.6440	-0.0003	508.0000	507.1803	1.0272	7.9581	99.7088	40.7167	0.8230	0.8254	5.0000	-9999.0000	-9999.0000	-9999.0000	-9999.0000	-9999.0000	-9999.0000	17.0984	1	0	29.2885	1.0000	06	3	-9999.0000	16295	44028	-9999	-9999	2533	5580	326.2151	5	0.6396	0.6440	-0.0003	31.1759	1.7257	492.6813	453.2221	42.9861	496.2864	95.2083	492.2910	94.5602	496.9462	94.5370	501.1793	94.7454	
20/08/2017	00:09:42	011995	G523075421HLR	L523	S		448.8913	1.0400	0.0000	99.7401	39.9494	0.8230	1.1607	5.0000	25.9880	508.0375	94.9769	16.6993	25.4000	0.9300	0.9307	0.6441	-0.0003	508.0000	507.5032	1.0272	7.9548	99.6507	40.7252	0.8230	0.8256	5.0000	-9999.0000	-9999.0000	-9999.0000	-9999.0000	-9999.0000	-9999.0000	17.1284	2	0	30.0290	1.0000	06	3	-9999.0000	16296	44029	-9999	-9999	2534	5582	324.8547	5	0.6393	0.6441	-0.0003	31.1750	1.7258	473.7186	423.0325	42.1296	478.0575	95.1157	473.0612	94.5370	477.9729	94.5602	480.0955	94.8148	
20/08/2017	00:10:10	011995	G523075434HLR	L523	S		466.7339	1.0400	0.0000	99.8454	39.9425	0.8230	1.1606	5.0000	28.5543	0.0000	0.0000	0.0000	0.0000	0.9300	0.0000	0.0000	0.0000	0.0000	467.1156	1.0272	7.6281	99.8118	40.7218	0.8230	0.8257	5.0000	-9999.0000	-9999.0000	-9999.0000	-9999.0000	-9999.0000	-9999.0000	17.3690	3	8	27.7578	1.0000	06	3	-9999.0000	16297	0	-9999	-9999	2535	5584	0.0000	0	0.0000	0.0000	0.0000	0.0000	0.0000	0.0000	0.0000	0.0000	0.0000	0.0000	0.0000	0.0000	0.0000	0.0000	0.0000	0.0000	
20/08/2017	00:10:39	011995	G523075496HLR	L523	S		466.8866	1.0400	0.0000	99.8589	39.9595	0.8230	1.1606	5.0000	27.0384	0.0000	0.0000	0.0000	0.0000	0.9300	0.0000	0.0000	0.0000	0.0000	466.7833	1.0272	7.6247	99.7897	40.7167	0.8230	0.8255	5.0000	-9999.0000	-9999.0000	-9999.0000	-9999.0000	-9999.0000	-9999.0000	17.3784	4	8	29.4890	1.0000	06	3	-9999.0000	16298	0	-9999	-9999	2536	5586	0.0000	0	0.0000	0.0000	0.0000	0.0000	0.0000	0.0000	0.0000	0.0000	0.0000	0.0000	0.0000	0.0000	0.0000	0.0000	0.0000	0.0000	
20/08/2017	00:11:07	011995	G523075443HLR	L523	S		433.4810	1.0400	0.0000	99.6981	39.9485	0.8230	1.1608	5.0000	25.6287	508.0272	94.9769	18.2695	25.6000	0.9300	0.9309	0.6438	-0.0003	508.0000	511.1951	1.0272	7.9172	99.7462	40.7155	0.8230	0.8256	5.0000	-9999.0000	-9999.0000	-9999.0000	-9999.0000	-9999.0000	-9999.0000	17.2692	5	0	28.2375	1.0000	06	3	-9999.0000	16299	44030	-9999	-9999	2537	5588	324.5928	5	0.6395	0.6438	-0.0003	30.2749	1.7929	464.1458	417.9405	42.8009	465.1349	95.9722	463.3844	95.3241	468.4895	94.7917	472.4134	94.6528	
20/08/2017	00:11:36	011995	G523075471HLR	L523	S		450.2626	1.0400	0.0000	99.7254	39.9529	0.8230	1.1608	5.0000	25.3386	508.0892	94.9537	14.5295	25.4000	0.9300	0.9306	0.6438	-0.0003	508.0000	507.2792	1.0272	7.9571	99.7858	40.7089	0.8230	0.8256	5.0000	-9999.0000	-9999.0000	-9999.0000	-9999.0000	-9999.0000	-9999.0000	17.3248	6	0	28.1681	1.0000	06	3	-9999.0000	16300	44031	-9999	-9999	2538	5589	325.2077	5	0.6395	0.6438	-0.0003	30.2749	1.7929	477.2882	468.2553	44.9074	483.5339	95.9722	477.0166	95.3704	480.5780	94.6991	482.6091	94.6296	
20/08/2017	00:12:06	011995	G523075444HLR	L523	S		452.6449	1.0400	0.0000	99.8437	39.9434	0.8230	1.1606	5.0000	27.0982	508.0112	94.9306	13.0501	25.4000	0.9300	0.9304	0.6438	-0.0003	508.0000	506.7789	1.0272	7.9622	99.6578	40.7082	0.8230	0.8257	5.0000	-9999.0000	-9999.0000	-9999.0000	-9999.0000	-9999.0000	-9999.0000	17.3385	7	0	30.9465	1.0000	06	3	-9999.0000	16301	44032	-9999	-9999	2539	5591	325.2922	5	0.6395	0.6438	-0.0003	30.2749	1.7929	480.1839	475.2122	42.9861	485.0540	95.4861	479.5764	94.9074	484.6212	94.6528	487.0630	94.7454	
20/08/2017	00:12:35	011995	G523075481HLR	L523	S		456.3835	1.0400	0.0000	99.6856	39.9534	0.8230	1.1608	5.0000	24.7162	508.0945	94.9537	11.8695	25.3000	0.9300	0.9305	0.6438	-0.0003	508.0000	507.7146	1.0272	7.9526	99.7379	40.7059	0.8230	0.8258	5.0000	-9999.0000	-9999.0000	-9999.0000	-9999.0000	-9999.0000	-9999.0000	17.5347	8	0	28.7290	1.0000	06	3	-9999.0000	16302	44033	-9999	-9999	2539	5593	325.5722	5	0.6395	0.6438	-0.0003	30.2749	1.7929	483.2792	436.2466	44.1898	487.9085	95.1389	482.7444	94.6528	487.0520	94.5833	490.7443	94.8148	
20/08/2017	00:13:04	011995	G523075440HLR	L523	S		447.0764	1.0400	0.0000	99.8180	39.9333	0.8230	1.1606	5.0000	26.5214	508.0589	94.9769	17.1797	25.3000	0.9300	0.9305	0.6441	-0.0003	508.0000	508.0070	1.0272	7.9497	99.6711	40.7000	0.8230	0.8256	5.0000	-9999.0000	-9999.0000	-9999.0000	-9999.0000	-9999.0000	-9999.0000	17.4652	1	0	28.5482	1.0000	06	3	-9999.0000	16303	44034	-9999	-9999	2540	5595	324.8208	5	0.6395	0.6441	-0.0003	30.3739	1.7864	470.2810	434.9654	44.8843	474.1988	94.9306	469.8930	94.5139	473.5055	94.6065	477.4148	94.8380	
20/08/2017	00:13:31	011995	G523075467HLR	L523	S		453.0411	1.0400	0.0000	99.5558	39.9346	0.8230	1.1608	5.0000	24.1051	508.0126	94.9537	13.0989	25.2000	0.9300	0.9304	0.6441	-0.0003	508.0000	507.2067	1.0272	7.9578	99.9831	40.7000	0.8230	0.8257	5.0000	-9999.0000	-9999.0000	-9999.0000	-9999.0000	-9999.0000	-9999.0000	17.1889	2	0	27.6147	1.0000	06	3	-9999.0000	16304	44035	-9999	-9999	2541	5597	325.3645	5	0.6395	0.6441	-0.0003	30.3739	1.7864	482.5792	480.7965	42.6157	486.8977	96.0417	481.7741	95.3935	486.4169	94.7222	487.4377	94.6528	
20/08/2017	00:13:59	011995	G523075457HLR	L523	S		452.4696	1.0400	0.0000	99.7289	39.9333	0.8230	1.1607	5.0000	25.1601	508.0478	94.9537	14.3488	25.2000	0.9300	0.9304	0.6444	-0.0003	508.0000	508.2370	1.0272	7.9473	99.7637	40.6992	0.8230	0.8256	5.0000	-9999.0000	-9999.0000	-9999.0000	-9999.0000	-9999.0000	-9999.0000	17.3391	3	0	27.0730	1.0000	06	3	-9999.0000	16305	44036	-9999	-9999	2542	5599	325.2488	5	0.6396	0.6444	-0.0003	30.3915	1.7875	477.0139	452.9966	45.4167	481.0788	95.4630	476.6195	94.8843	480.0229	94.6528	483.9715	94.7454	
20/08/2017	00:14:29	011995	G523075479HLR	L523	S		453.1165	1.0400	0.0000	99.8156	39.9172	0.8230	1.1605	5.0000	27.9841	508.1364	94.9306	14.0198	25.2000	0.9300	0.9305	0.6445	-0.0003	508.0000	506.9344	1.0272	7.9606	99.7460	40.6995	0.8230	0.8258	5.0000	-9999.0000	-9999.0000	-9999.0000	-9999.0000	-9999.0000	-9999.0000	17.3460	4	0	30.2981	1.0000	06	3	-9999.0000	16306	44037	-9999	-9999	2543	5600	325.3971	5	0.6396	0.6445	-0.0003	30.2629	1.7997	478.7334	467.0697	43.5648	485.3547	95.4630	478.1840	94.9306	481.1824	94.6991	484.3406	94.7222	
20/08/2017	00:14:57	011995	G523075449HLR	L523	S		452.6443	1.0400	0.0000	99.7381	39.9333	0.8230	1.1607	5.0000	25.7682	508.0509	94.9306	14.3186	25.2000	0.9300	0.9305	0.6445	-0.0003	508.0000	507.5802	1.0272	7.9540	99.7199	40.7008	0.8230	0.8260	5.0000	-9999.0000	-9999.0000	-9999.0000	-9999.0000	-9999.0000	-9999.0000	17.1884	5	0	27.7581	1.0000	06	3	-9999.0000	16307	44038	-9999	-9999	2544	5602	325.2748	5	0.6396	0.6445	-0.0003	30.1578	1.8109	477.7447	478.3588	45.7407	482.1363	95.4630	476.9807	94.8843	480.7783	94.6296	483.8535	94.7222	
20/08/2017	00:15:24	011995	G523075447HLR	L523	S		455.2476	1.0400	0.0000	99.7551	39.9315	0.8230	1.1607	5.0000	25.5687	508.0363	94.9306	11.7299	25.2000	0.9300	0.9304	0.6446	-0.0003	508.0000	506.7902	1.0272	7.9620	99.8387	40.7029	0.8230	0.8260	5.0000	-9999.0000	-9999.0000	-9999.0000	-9999.0000	-9999.0000	-9999.0000	17.1378	6	0	27.1491	1.0000	06	3	-9999.0000	16308	44039	-9999	-9999	2545	5604	325.7019	5	0.6397	0.6446	-0.0003	29.9465	1.8313	483.5653	459.5318	45.6481	487.8551	95.5556	483.3095	94.9537	485.6854	94.6528	489.2684	94.7222	
20/08/2017	00:15:52	011995	G523075311HLR	L523	S		453.5536	1.0400	0.0000	99.6752	39.9333	0.8230	1.1608	5.0000	24.6501	508.0561	94.9537	16.0489	25.3000	0.9300	0.9306	0.6446	-0.0003	508.0000	509.5842	1.0272	7.9336	99.7471	40.7007	0.8230	0.8261	5.0000	-9999.0000	-9999.0000	-9999.0000	-9999.0000	-9999.0000	-9999.0000	17.1297	7	0	27.8384	1.0000	06	3	-9999.0000	16309	44040	-9999	-9999	2546	5606	325.0212	5	0.6398	0.6446	-0.0003	29.4874	1.8666	474.3019	438.0626	42.6157	481.1460	95.2083	473.7720	94.6528	478.4382	94.6065	482.6058	94.7917	
20/08/2017	00:16:23	011995	G523075299HLR	L523	S		452.8743	1.0400	0.0000	99.5076	39.9333	0.8230	1.1608	5.0000	24.0886	508.0473	94.9537	15.1095	25.3000	0.9300	0.9305	0.6446	-0.0003	508.0000	509.4945	1.0272	7.9345	99.7190	40.6869	0.8230	0.8261	5.0000	-9999.0000	-9999.0000	-9999.0000	-9999.0000	-9999.0000	-9999.0000	17.6079	8	0	31.7482	1.0000	06	3	-9999.0000	16310	44041	-9999	-9999	2547	5608	325.2063	5	0.6398	0.6446	-0.0003	29.4874	1.8666	477.6332	438.7954	43.4722	482.4500	95.9259	477.0642	95.3241	480.7638	94.7454	483.2453	94.6528	
20/08/2017	00:16:54	011995	G523075298HLR	L523	S		453.0385	1.0400	0.0000	99.8874	39.9108	0.8230	1.1606	5.0000	27.3186	508.0611	94.9769	16.7491	25.2000	0.9300	0.9305	0.6447	-0.0003	508.0000	509.8514	1.0272	7.9309	99.7712	40.6683	0.8230	0.8259	5.0000	-9999.0000	-9999.0000	-9999.0000	-9999.0000	-9999.0000	-9999.0000	17.4095	1	0	30.8080	1.0000	06	3	-9999.0000	16311	44042	-9999	-9999	2548	5610	324.9485	5	0.6400	0.6447	-0.0003	29.2551	1.8801	475.7989	450.4934	45.4630	480.0466	95.7870	475.3275	95.2083	478.2832	94.7222	482.0372	94.6991	
20/08/2017	00:17:23	011995	G523075437HLR	L523	S		451.5153	1.0400	0.0000	99.6053	39.9333	0.8230	1.1609	5.0000	24.4791	508.0582	95.0000	15.3888	25.2000	0.9300	0.9304	0.6448	-0.0003	508.0000	508.3257	1.0272	7.9464	99.8236	40.6699	0.8230	0.8260	5.0000	-9999.0000	-9999.0000	-9999.0000	-9999.0000	-9999.0000	-9999.0000	17.2491	2	0	29.0287	1.0000	06	3	-9999.0000	16312	44042	-9999	-9999	2549	5612	325.2419	5	0.6399	0.6448	-0.0003	29.0319	1.8988	476.7079	460.4307	45.3009	480.0287	95.9028	476.3388	95.2546	478.6825	94.6759	481.4775	94.6759	
20/08/2017	00:17:51	011995	G523075448HLR	L523	Q		452.1758	1.0400	0.0000	99.9936	39.9333	0.8230	1.1609	5.0000	24.1587	508.1056	94.9537	14.8693	25.2000	0.9300	0.9304	0.6448	-0.0003	508.0000	508.2377	1.0272	7.9473	99.9122	40.6618	0.8230	0.8259	5.0000	-9999.0000	-9999.0000	-9999.0000	-9999.0000	-9999.0000	-9999.0000	17.3094	3	0	27.8081	1.0000	06	3	-9999.0000	16313	44043	-9999	-9999	2550	5614	325.3262	5	0.6399	0.6448	-0.0003	29.0319	1.8988	477.2329	438.4235	45.1157	481.3254	95.7176	477.3629	95.1157	479.5217	94.6759	482.9823	94.6991	
20/08/2017	00:18:19	011995	G523075340HLR	L523	Q		453.0840	1.0400	0.0000	99.6721	39.9333	0.8230	1.1608	5.0000	24.8369	508.1018	94.9306	14.0090	25.2000	0.9300	0.9305	0.6449	-0.0003	508.0000	507.6584	1.0272	7.9532	99.7433	40.6442	0.8230	0.8251	5.0000	-9999.0000	-9999.0000	-9999.0000	-9999.0000	-9999.0000	-9999.0000	17.1495	4	0	28.5385	1.0000	06	3	-9999.0000	16314	44044	-9999	-9999	2551	5616	325.4366	5	0.6398	0.6449	-0.0003	29.2406	1.8797	477.1192	444.9421	42.1528	481.8878	95.7176	476.5044	95.1157	480.8528	94.6759	483.8503	94.6991	
20/08/2017	00:18:51	011995	G523075312HLR	L523	S		-9999.0000	0.0000	0.0000	-9999.0000	-9999.0000	0.8230	-9999.0000	0.0000	28.7787	0.0000	0.0000	0.0000	0.0000	0.9300	0.0000	0.0000	0.0000	0.0000	455.9556	1.0272	7.5127	99.6836	40.6516	0.8230	0.8246	5.0000	-9999.0000	-9999.0000	-9999.0000	-9999.0000	-9999.0000	-9999.0000	17.0983	5	17	31.7189	1.0000	06	3	-9999.0000	16315	0	-9999	-9999	2552	5617	0.0000	0	0.0000	0.0000	0.0000	0.0000	0.0000	0.0000	0.0000	0.0000	0.0000	0.0000	0.0000	0.0000	0.0000	0.0000	0.0000	0.0000	
20/08/2017	00:19:19	011995	G523075339HLR	L523	S		452.1266	1.0400	0.0000	99.7793	39.9293	0.8230	1.1606	5.0000	27.7982	508.0370	94.9306	14.0998	25.4000	0.9300	0.9309	0.6454	-0.0004	508.0000	507.4738	1.0272	7.9551	99.7629	40.6959	0.8230	0.8249	5.0000	-9999.0000	-9999.0000	-9999.0000	-9999.0000	-9999.0000	-9999.0000	17.1881	6	0	27.8081	1.0000	06	3	-9999.0000	16316	44044	-9999	-9999	2553	5619	325.2829	5	0.6398	0.6454	-0.0004	30.1047	1.7996	477.8309	418.0667	45.3935	483.2538	95.3935	477.4080	94.8611	480.2078	94.7222	484.2558	94.7454	
20/08/2017	00:19:47	011995	G523075320HLR	L523	S		453.8457	1.0400	0.0000	99.7827	39.9333	0.8230	1.1607	5.0000	26.0837	508.0483	94.9306	14.8293	25.3000	0.9300	0.9306	0.6451	-0.0003	508.0000	508.9168	1.0272	7.9404	99.7319	40.6833	0.8230	0.8249	5.0000	-9999.0000	-9999.0000	-9999.0000	-9999.0000	-9999.0000	-9999.0000	17.2693	7	0	27.8990	1.0000	06	3	-9999.0000	16317	44045	-9999	-9999	2554	5621	325.2418	5	0.6398	0.6451	-0.0003	29.9928	1.8082	478.4739	437.1139	44.1898	482.2430	95.3935	477.9111	94.8380	481.6812	94.6065	483.9591	94.7454	
20/08/2017	00:20:15	011995	G523075309HLR	L523	S		453.5638	1.0400	0.0000	99.6176	39.9407	0.8230	1.1608	5.0000	24.7990	508.0421	94.9537	16.0392	25.3000	0.9300	0.9305	0.6451	-0.0003	508.0000	509.6810	1.0272	7.9326	99.7709	40.7011	0.8230	0.8253	5.0000	-9999.0000	-9999.0000	-9999.0000	-9999.0000	-9999.0000	-9999.0000	17.2619	8	0	28.4077	1.0000	06	3	-9999.0000	16318	44046	-9999	-9999	2555	5623	325.0380	5	0.6399	0.6451	-0.0003	30.1441	1.7914	476.1984	458.9657	43.4954	480.8244	95.6713	475.6094	95.1157	478.8609	94.6991	481.5335	94.7222	
20/08/2017	00:20:45	011995	G523075324HLR	L523	S		453.7272	1.0400	0.0000	99.7500	39.9343	0.8230	1.1607	5.0000	25.5278	508.0623	94.9537	12.9095	25.3000	0.9300	0.9305	0.6451	-0.0003	508.0000	506.9258	1.0272	7.9607	99.7344	40.7126	0.8230	0.8256	5.0000	-9999.0000	-9999.0000	-9999.0000	-9999.0000	-9999.0000	-9999.0000	17.3787	1	0	30.1294	1.0000	06	3	-9999.0000	16318	44047	-9999	-9999	2556	5625	325.6047	5	0.6399	0.6451	-0.0003	30.1441	1.7914	479.7766	438.0790	43.2870	484.6782	95.8102	479.3755	95.1852	483.2362	94.6991	486.4603	94.6528	
20/08/2017	00:21:13	011995	G523075313HLR	L523	S		-9999.0000	0.0000	0.0000	-9999.0000	-9999.0000	0.8230	-9999.0000	0.0000	28.7083	0.0000	0.0000	0.0000	0.0000	0.9300	0.0000	0.0000	0.0000	0.0000	455.4488	1.0272	7.5074	99.7550	40.7098	0.8230	0.8258	5.0000	-9999.0000	-9999.0000	-9999.0000	-9999.0000	-9999.0000	-9999.0000	17.1685	2	17	27.2984	1.0000	06	3	-9999.0000	16319	0	-9999	-9999	2557	5627	0.0000	0	0.0000	0.0000	0.0000	0.0000	0.0000	0.0000	0.0000	0.0000	0.0000	0.0000	0.0000	0.0000	0.0000	0.0000	0.0000	0.0000	
20/08/2017	00:21:42	011995	G523075323HLR	L523	S		454.0729	1.0400	0.0000	99.7520	39.9521	0.8230	1.1608	5.0000	24.7984	508.0640	94.9306	14.5695	25.4000	0.9300	0.9309	0.6452	-0.0003	508.0000	508.4487	1.0272	7.9452	99.7252	40.7148	0.8230	0.8256	5.0000	-9999.0000	-9999.0000	-9999.0000	-9999.0000	-9999.0000	-9999.0000	17.2985	3	0	29.1778	1.0000	06	3	-9999.0000	16319	44048	-9999	-9999	2558	5629	325.2914	5	0.6399	0.6452	-0.0003	30.3774	1.7657	476.8660	424.7473	43.6574	480.9148	95.2315	476.2898	94.7917	479.6753	94.7222	483.1150	94.7454	
20/08/2017	00:22:11	011995	G523075341HLR	L523	S		453.9112	1.0400	0.0000	99.6809	39.9495	0.8230	1.1609	5.0000	24.9014	508.0602	94.9306	13.8694	25.4000	0.9300	0.9306	0.6456	-0.0004	508.0000	507.7796	1.0272	7.9520	99.7345	40.7226	0.8230	0.8258	5.0000	-9999.0000	-9999.0000	-9999.0000	-9999.0000	-9999.0000	-9999.0000	17.3055	4	0	28.8186	1.0000	06	3	-9999.0000	16320	44049	-9999	-9999	2559	5631	325.3486	5	0.6398	0.6456	-0.0004	30.6934	1.7315	478.8097	455.6515	44.5602	484.2833	95.5324	478.3321	94.8843	480.6874	94.6296	486.5931	94.7685	
20/08/2017	00:22:42	011995	G523075322HLR	L523	S		454.9554	1.0400	0.0000	99.6785	39.9506	0.8230	1.1607	5.0000	25.4488	508.0742	94.9537	12.6790	25.3000	0.9300	0.9305	0.6459	-0.0004	508.0000	507.6581	1.0272	7.9532	99.7790	40.7199	0.8230	0.8256	5.0000	-9999.0000	-9999.0000	-9999.0000	-9999.0000	-9999.0000	-9999.0000	18.1393	5	0	30.9184	1.0000	06	3	-9999.0000	16321	44050	-9999	-9999	2560	5632	325.6530	5	0.6399	0.6459	-0.0004	30.8585	1.7165	480.5661	448.6954	43.0324	483.9566	95.5093	480.2550	94.9537	483.5479	94.6759	486.5228	94.7222	
20/08/2017	00:23:09	011995	G523075332HLR	L523	S		454.0787	1.0400	0.0000	99.8139	39.9391	0.8230	1.1606	5.0000	27.1081	508.0878	94.9306	14.2795	25.4000	0.9300	0.9306	0.6459	-0.0004	508.0000	507.8846	1.0272	7.9509	99.7127	40.7235	0.8230	0.8258	5.0000	-9999.0000	-9999.0000	-9999.0000	-9999.0000	-9999.0000	-9999.0000	17.1893	6	0	27.3482	1.0000	06	3	-9999.0000	16322	44051	-9999	-9999	2561	5634	325.3363	5	0.6399	0.6459	-0.0004	30.8585	1.7165	476.9922	433.6714	44.8611	480.4544	95.3935	476.9199	94.8611	479.4646	94.6759	482.3774	94.7685	
20/08/2017	00:23:37	011995	G523075333HLR	L523	S		454.2264	1.0400	0.0000	99.5334	39.9616	0.8230	1.1608	5.0000	24.3602	508.0908	94.9537	12.8196	25.3000	0.9300	0.9306	0.6459	-0.0004	508.0000	506.8283	1.0272	7.9617	99.7241	40.7167	0.8230	0.8256	5.0000	-9999.0000	-9999.0000	-9999.0000	-9999.0000	-9999.0000	-9999.0000	17.1780	7	0	27.5092	1.0000	06	3	-9999.0000	16323	44052	-9999	-9999	2562	5636	325.6080	5	0.6399	0.6459	-0.0004	31.1250	1.6867	480.5589	429.6497	41.5278	485.6202	95.6019	480.2019	95.0000	483.0035	94.6759	487.0725	94.7222	
20/08/2017	00:24:04	011995	G523075435HLR	L523	S		452.7099	1.0400	0.0000	99.7337	39.9489	0.8230	1.1606	5.0000	26.2203	508.0877	94.9537	15.2795	25.3000	0.9300	0.9305	0.6460	-0.0004	508.0000	509.6617	1.0272	7.9328	99.6989	40.7260	0.8230	0.8258	5.0000	-9999.0000	-9999.0000	-9999.0000	-9999.0000	-9999.0000	-9999.0000	17.1178	8	0	27.7484	1.0000	06	3	-9999.0000	16324	44053	-9999	-9999	2562	5638	325.0974	5	0.6399	0.6460	-0.0004	31.5252	1.6493	476.8841	454.0294	42.9630	480.3514	95.5093	476.0641	94.9769	479.2335	94.6991	482.3543	94.7454	
20/08/2017	00:24:34	011995	G523075314HLR	L523	S		454.7569	1.0400	0.0000	99.7646	39.9574	0.8230	1.1607	5.0000	25.8687	508.0828	94.9769	13.1487	25.3000	0.9300	0.9305	0.6472	-0.0005	508.0000	508.4236	1.0272	7.9454	99.7389	40.7265	0.8230	0.8260	5.0000	-9999.0000	-9999.0000	-9999.0000	-9999.0000	-9999.0000	-9999.0000	17.3786	1	0	29.4477	1.0000	06	3	-9999.0000	16324	44053	-9999	-9999	2563	5640	325.6025	5	0.6400	0.6472	-0.0005	31.0057	1.6855	480.4746	437.2993	43.7269	483.2794	95.7870	479.8514	95.2315	482.7524	94.7454	486.4447	94.6991	
20/08/2017	00:25:02	011995	G523075429HLR	L523	S		453.0816	1.0400	0.0000	99.8058	39.9458	0.8230	1.1605	5.0000	27.9481	508.0381	94.9306	13.3684	25.2000	0.9300	0.9304	0.6467	-0.0004	508.0000	508.3243	1.0272	7.9464	99.8259	40.7291	0.8230	0.8259	5.0000	-9999.0000	-9999.0000	-9999.0000	-9999.0000	-9999.0000	-9999.0000	18.5181	2	0	28.1987	1.0000	06	3	-9999.0000	16325	44054	-9999	-9999	2564	5642	325.5437	5	0.6400	0.6467	-0.0004	31.6496	1.6292	478.4901	438.9720	44.4676	482.7638	95.5093	477.9793	94.9306	481.4371	94.6991	485.1307	94.7222	
20/08/2017	00:25:30	011995	G523075330HLR	L523	S		455.1668	1.0400	0.0000	99.6550	39.9690	0.8230	1.1608	5.0000	24.3590	508.0541	94.9306	12.8499	25.3000	0.9300	0.9305	0.6494	-0.0006	508.0000	507.6366	1.0272	7.9534	99.7364	40.7199	0.8230	0.8261	5.0000	-9999.0000	-9999.0000	-9999.0000	-9999.0000	-9999.0000	-9999.0000	17.1081	3	0	27.6191	1.0000	06	3	-9999.0000	16326	44055	-9999	-9999	2565	5643	325.8499	5	0.6401	0.6494	-0.0006	32.6413	1.5624	476.2672	448.9920	43.6111	481.6998	95.6481	475.8863	95.0463	479.9499	94.6991	484.0302	94.6991	
20/08/2017	00:25:58	011995	G523075326HLR	L523	S		452.7680	1.0400	0.0000	99.6104	39.9681	0.8230	1.1608	5.0000	24.5582	508.0190	94.9306	14.2893	25.3000	0.9300	0.9306	0.6498	-0.0007	508.0000	508.5934	1.0272	7.9437	99.7496	40.7094	0.8230	0.8261	5.0000	-9999.0000	-9999.0000	-9999.0000	-9999.0000	-9999.0000	-9999.0000	17.1190	4	0	28.6677	1.0000	06	3	-9999.0000	16327	44056	-9999	-9999	2566	5645	325.3204	5	0.6403	0.6498	-0.0007	32.6167	1.5669	475.8831	424.6104	42.8935	479.4656	95.6481	475.3206	95.0926	478.6820	94.7222	481.9065	94.7222	
20/08/2017	00:26:27	011995	G523075327HLR	L523	S		454.7948	1.0400	0.0000	99.6770	39.9722	0.8230	1.1607	5.0000	24.7594	508.1215	94.9537	14.2092	25.3000	0.9300	0.9305	0.6495	-0.0006	508.0000	508.8992	1.0272	7.9406	99.7022	40.6854	0.8230	0.8257	5.0000	-9999.0000	-9999.0000	-9999.0000	-9999.0000	-9999.0000	-9999.0000	17.1298	5	0	28.9890	1.0000	06	3	-9999.0000	16328	44057	-9999	-9999	2566	5647	325.4371	5	0.6403	0.6495	-0.0006	33.1128	1.5290	476.4189	501.4721	45.2083	481.2109	95.6944	475.6632	95.1389	479.1634	94.6991	482.4201	94.6759	
20/08/2017	00:26:56	011995	G523075436HLR	L523	S		451.1641	1.0400	0.0000	99.7563	39.9667	0.8230	1.1606	5.0000	26.4487	508.1122	94.9306	13.9885	25.3000	0.9300	0.9305	0.6518	-0.0008	508.0000	508.1462	1.0272	7.9482	99.7107	40.6666	0.8230	0.8252	5.0000	-9999.0000	-9999.0000	-9999.0000	-9999.0000	-9999.0000	-9999.0000	17.1482	6	0	28.5683	1.0000	06	3	-9999.0000	16329	44057	-9999	-9999	2567	5649	325.5123	5	0.6403	0.6518	-0.0008	36.3917	1.3031	475.0463	468.3240	44.4213	477.7816	95.6944	474.6876	95.0694	477.9244	94.6759	482.3790	94.6991	
20/08/2017	00:27:23	011995	G523075521HLR	L523	S		454.1288	1.0400	0.0000	99.7573	39.9801	0.8230	1.1607	5.0000	25.1978	508.0190	94.9306	13.3997	25.2000	0.9300	0.9305	0.6545	-0.0010	508.0000	507.5923	1.0272	7.9539	99.6609	40.6667	0.8230	0.8246	5.0000	-9999.0000	-9999.0000	-9999.0000	-9999.0000	-9999.0000	-9999.0000	17.1099	7	0	27.2379	1.0000	06	3	-9999.0000	16330	44057	-9999	-9999	2568	5651	325.7156	5	0.6402	0.6545	-0.0010	36.1826	1.3157	473.8256	421.1692	41.9444	477.1778	95.7407	473.4492	95.0926	477.0070	94.7222	480.3490	94.6991	
20/08/2017	00:27:51	011995	G523075525HLR	L523	S		449.9244	1.0400	0.0000	99.6651	39.9846	0.8230	1.1608	5.0000	24.6685	508.1034	94.9537	14.9484	25.2000	0.9300	0.9305	0.6556	-0.0011	508.0000	508.1638	1.0272	7.9481	100.0552	40.6970	0.8230	0.8247	5.0000	-9999.0000	-9999.0000	-9999.0000	-9999.0000	-9999.0000	-9999.0000	17.1499	8	0	27.4887	1.0000	06	3	-9999.0000	16331	44058	-9999	-9999	2569	5653	325.0191	5	0.6402	0.6556	-0.0011	36.5633	1.2898	470.7339	444.4351	42.3843	472.1193	95.6250	470.3876	95.0231	473.3318	94.6991	476.8292	94.7222	
20/08/2017	00:28:22	011995	G523075515HLR	L523	S		452.5130	1.0400	0.0000	99.7137	39.9846	0.8230	1.1606	5.0000	25.7289	508.0485	94.9537	14.8898	25.2000	0.9300	0.9305	0.6542	-0.0010	508.0000	508.2158	1.0272	7.9475	99.7508	40.7215	0.8230	0.8252	5.0000	-9999.0000	-9999.0000	-9999.0000	-9999.0000	-9999.0000	-9999.0000	17.2875	1	0	31.7482	1.0000	06	3	-9999.0000	16332	44059	-9999	-9999	2570	5655	324.9942	5	0.6403	0.6542	-0.0010	36.6654	1.2802	470.4180	442.7486	44.3519	474.8439	95.7870	470.1287	95.2083	475.4335	94.7222	477.8233	94.6991	
20/08/2017	00:28:52	011995	G523075420HLR	L523	S		447.8262	1.0400	0.0000	99.7473	39.9813	0.8230	1.1607	5.0000	25.8891	508.0200	94.9537	16.2491	25.2000	0.9300	0.9305	0.6545	-0.0010	508.0000	508.0991	1.0272	7.9487	99.8214	40.7326	0.8230	0.8250	5.0000	-9999.0000	-9999.0000	-9999.0000	-9999.0000	-9999.0000	-9999.0000	19.7492	2	0	29.7187	1.0000	06	3	-9999.0000	16333	44060	-9999	-9999	2570	5656	324.2164	5	0.6403	0.6545	-0.0010	36.6611	1.2769	467.9627	443.2793	42.9861	471.1870	95.8565	467.2551	95.2546	471.3502	94.7454	475.5660	94.6759	
20/08/2017	00:29:20	011995	G523075316HLR	L523	S		451.7458	1.0400	0.0000	99.6921	39.9888	0.8230	1.1607	5.0000	25.5295	508.0692	94.9537	15.0695	25.2000	0.9300	0.9305	0.6545	-0.0010	508.0000	508.6044	1.0272	7.9436	99.7487	40.7167	0.8230	0.8253	5.0000	-9999.0000	-9999.0000	-9999.0000	-9999.0000	-9999.0000	-9999.0000	17.1191	3	0	28.0183	1.0000	06	3	-9999.0000	16334	44061	-9999	-9999	2571	5657	324.8958	5	0.6403	0.6545	-0.0010	36.6611	1.2769	471.0160	494.4233	43.4028	475.0314	95.9722	470.4254	95.2546	473.2738	94.7222	477.2809	94.6528	
20/08/2017	00:29:48	011995	G523076372HLR	L523	S		451.5634	1.0400	0.0000	99.5927	39.9941	0.8230	1.1608	5.0000	24.2779	508.0681	94.9074	12.1985	25.2000	0.9300	0.9304	0.6562	-0.0011	508.0000	507.4343	1.0272	7.9555	99.7587	40.7167	0.8230	0.8252	5.0000	-9999.0000	-9999.0000	-9999.0000	-9999.0000	-9999.0000	-9999.0000	17.0856	4	0	28.3383	1.0000	99	9	-9999.0000	16335	44062	-9999	-9999	2572	5659	326.4889	5	0.6403	0.6562	-0.0011	36.5389	1.2919	476.9332	496.8810	45.1852	479.6801	95.8102	476.4982	95.1620	479.6611	94.6759	483.8199	94.6528	
20/08/2017	00:30:18	011995	G523076371HLR	L523	S		450.8006	1.0400	0.0000	99.6261	39.9943	0.8230	1.1608	5.0000	24.5581	508.0433	94.9306	15.9894	25.2000	0.9300	0.9305	0.6569	-0.0012	508.0000	507.9626	1.0272	7.9501	99.9502	40.7318	0.8230	0.8251	5.0000	-9999.0000	-9999.0000	-9999.0000	-9999.0000	-9999.0000	-9999.0000	19.0479	5	0	29.7447	1.0000	99	9	-9999.0000	16336	44063	-9999	-9999	2573	5661	324.2462	5	0.6403	0.6569	-0.0012	38.2636	1.1669	466.4283	467.4256	43.8889	472.6371	95.3241	465.7328	94.8611	469.0146	94.6759	473.5009	94.7454	
20/08/2017	00:30:46	011995	G523076352HLR	L523	S		-9999.0000	0.0000	0.0000	-9999.0000	-9999.0000	0.8230	-9999.0000	0.0000	28.7786	0.0000	0.0000	0.0000	0.0000	0.9300	0.0000	0.0000	0.0000	0.0000	448.1876	1.0272	7.4323	99.7411	40.7291	0.8230	0.8256	5.0000	-9999.0000	-9999.0000	-9999.0000	-9999.0000	-9999.0000	-9999.0000	17.0514	6	17	28.1125	1.0000	99	9	-9999.0000	16337	0	-9999	-9999	2574	5663	0.0000	0	0.0000	0.0000	0.0000	0.0000	0.0000	0.0000	0.0000	0.0000	0.0000	0.0000	0.0000	0.0000	0.0000	0.0000	0.0000	0.0000	
20/08/2017	00:31:15	011995	G523076301HLR	L523	S		451.4045	1.0400	0.0000	99.7401	39.9792	0.8230	1.1606	5.0000	26.7280	508.0964	94.9537	14.4797	25.4000	0.9300	0.9309	0.6568	-0.0012	508.0000	506.7695	1.0272	7.9623	99.7378	40.7311	0.8230	0.8255	5.0000	-9999.0000	-9999.0000	-9999.0000	-9999.0000	-9999.0000	-9999.0000	17.1489	7	0	29.0180	1.0000	99	9	-9999.0000	16338	44064	-9999	-9999	2575	5665	325.2170	5	0.6401	0.6568	-0.0012	36.6709	1.2795	470.2452	448.4608	44.3519	475.1143	95.7407	469.5881	95.1620	474.3224	94.7685	477.4548	94.6759	
20/08/2017	00:31:43	011995	G523076311HLR	L523	S		447.8511	1.0400	0.0000	99.6974	39.9865	0.8230	1.1607	5.0000	25.0289	508.0339	94.9537	14.6398	25.3000	0.9300	0.9306	0.6573	-0.0012	508.0000	509.5625	1.0272	7.9338	99.7634	40.7371	0.8230	0.8257	5.0000	-9999.0000	-9999.0000	-9999.0000	-9999.0000	-9999.0000	-9999.0000	17.1987	8	0	27.5590	1.0000	99	9	-9999.0000	16339	44065	-9999	-9999	2576	5667	325.0272	5	0.6402	0.6573	-0.0012	37.3009	1.2399	470.8347	475.5950	44.2361	474.2857	95.7639	470.2994	95.1157	474.1448	94.6991	478.0465	94.6991	
20/08/2017	00:32:11	011995	G523076343HLR	L523	S		449.3383	1.0400	0.0000	99.7251	39.9846	0.8230	1.1607	5.0000	25.3583	508.0616	94.9537	16.8282	25.2000	0.9300	0.9305	0.6572	-0.0012	508.0000	506.6069	1.0272	7.9639	99.7369	40.7367	0.8230	0.8258	5.0000	-9999.0000	-9999.0000	-9999.0000	-9999.0000	-9999.0000	-9999.0000	17.1559	1	0	28.7377	1.0000	99	9	-9999.0000	16340	44066	-9999	-9999	2577	5669	323.7276	5	0.6401	0.6572	-0.0012	37.2445	1.2442	464.6801	471.3717	45.6481	471.2453	95.7639	464.0581	95.1620	467.5813	94.7222	471.3099	94.6759	
20/08/2017	00:32:42	011995	G523076365HLR	L523	S		447.7087	1.0400	0.0000	99.8001	39.9756	0.8230	1.1606	5.0000	26.7013	508.0869	94.9769	17.2491	25.2000	0.9300	0.9304	0.6578	-0.0012	508.0000	506.9447	1.0272	7.9605	99.6990	40.7408	0.8230	0.8258	5.0000	-9999.0000	-9999.0000	-9999.0000	-9999.0000	-9999.0000	-9999.0000	18.3851	2	0	30.6283	1.0000	99	9	-9999.0000	16341	44067	-9999	-9999	2578	5671	323.5046	5	0.6400	0.6578	-0.0012	37.8275	1.2056	464.1770	446.2878	44.2593	467.1155	95.9722	463.6706	95.3472	466.8811	94.7222	469.7978	94.6528	
20/08/2017	00:33:14	011995	G523076335HLR	L523	S		446.5338	1.0400	0.0000	99.6868	39.9891	0.8230	1.1607	5.0000	24.7681	508.0786	94.9769	17.4092	25.1000	0.9300	0.9305	0.6577	-0.0012	508.0000	507.0057	1.0272	7.9599	99.7218	40.7319	0.8230	0.8260	5.0000	-9999.0000	-9999.0000	-9999.0000	-9999.0000	-9999.0000	-9999.0000	17.3883	3	0	31.8283	1.0000	99	9	-9999.0000	16342	44068	-9999	-9999	2579	5673	323.3672	5	0.6400	0.6577	-0.0012	36.3656	1.3098	462.9243	452.1396	44.7222	467.6744	95.9491	462.2906	95.3009	468.0718	94.6759	470.5711	94.6528	
20/08/2017	00:33:42	011995	G523076356HLR	L523	S		447.1510	1.0400	0.0000	99.7543	39.9827	0.8230	1.1606	5.0000	25.9584	508.0377	94.9537	16.5294	25.1000	0.9300	0.9305	0.6564	-0.0011	508.0000	507.0871	1.0272	7.9590	99.7439	40.7311	0.8230	0.8260	5.0000	-9999.0000	-9999.0000	-9999.0000	-9999.0000	-9999.0000	-9999.0000	17.1892	4	0	27.8685	1.0000	99	9	-9999.0000	16343	44069	-9999	-9999	2579	5674	323.8628	5	0.6401	0.6564	-0.0011	38.4245	1.1658	464.5391	490.0400	45.6019	467.7331	95.9491	463.6656	95.3472	467.6398	94.6759	471.1533	94.6065	
20/08/2017	00:34:09	011995	G523076288HLR	L523	S		447.0115	1.0400	0.0000	99.5754	39.9928	0.8230	1.1607	5.0000	24.5677	508.1029	95.0231	17.9395	25.2000	0.9300	0.9305	0.6549	-0.0010	508.0000	507.5234	1.0272	7.9546	99.8204	40.7312	0.8230	0.8256	5.0000	-9999.0000	-9999.0000	-9999.0000	-9999.0000	-9999.0000	-9999.0000	18.1084	5	0	27.4608	1.0000	99	9	-9999.0000	16343	44070	-9999	-9999	2580	5676	323.2408	5	0.6401	0.6549	-0.0010	35.9999	1.3357	461.9609	514.1502	45.0463	467.0881	95.8796	461.2143	95.2546	465.7175	94.6759	468.5566	94.6759	
20/08/2017	00:34:38	011995	G523075024HLR	L523	S		450.1838	1.0400	0.0000	99.7263	39.9865	0.8230	1.1607	5.0000	25.3488	508.0604	94.9769	18.1592	25.2000	0.9300	0.9305	0.6549	-0.0010	508.0000	510.2526	1.0272	7.9268	99.7579	40.7356	0.8230	0.8259	5.0000	-9999.0000	-9999.0000	-9999.0000	-9999.0000	-9999.0000	-9999.0000	17.1584	6	0	28.2961	1.0000	99	9	-9999.0000	16344	44070	-9999	-9999	2580	5678	323.3035	5	0.6401	0.6549	-0.0010	35.9999	1.3357	466.4542	509.5678	45.8796	473.3473	95.9954	466.0671	95.3472	470.3020	94.6759	472.5014	94.6296	
20/08/2017	00:35:08	011995	G523075034HLR	L523	S		450.0662	1.0400	0.0000	99.7525	39.9730	0.8230	1.1605	5.0000	27.6576	508.1266	94.9537	13.9690	25.2000	0.9300	0.9305	0.6544	-0.0010	508.0000	508.2065	1.0272	7.9476	99.6447	40.7257	0.8230	0.8260	5.0000	-9999.0000	-9999.0000	-9999.0000	-9999.0000	-9999.0000	-9999.0000	17.1191	7	0	30.5892	1.0000	99	9	-9999.0000	16345	44071	-9999	-9999	2581	5680	325.5825	5	0.6400	0.6544	-0.0010	34.5676	1.4356	472.4957	480.6762	46.4815	475.5212	95.8333	472.1749	95.2315	476.0801	94.6296	479.6743	94.6528	
20/08/2017	00:35:38	011995	G523075036HLR	L523	S		-9999.0000	0.0000	0.0000	-9999.0000	-9999.0000	0.8230	-9999.0000	0.0000	28.7873	0.0000	0.0000	0.0000	0.0000	0.9300	0.0000	0.0000	0.0000	0.0000	456.8250	1.0272	7.5217	99.7808	40.7144	0.8230	0.8261	5.0000	-9999.0000	-9999.0000	-9999.0000	-9999.0000	-9999.0000	-9999.0000	17.1284	8	17	30.0277	1.0000	99	9	-9999.0000	16346	0	-9999	-9999	2582	5682	0.0000	0	0.0000	0.0000	0.0000	0.0000	0.0000	0.0000	0.0000	0.0000	0.0000	0.0000	0.0000	0.0000	0.0000	0.0000	0.0000	0.0000	
20/08/2017	00:36:07	011995	G523075047HLR	L523	S		450.8058	1.0400	0.0000	99.5877	39.9904	0.8230	1.1607	5.0000	24.8875	508.0632	94.9769	14.9396	25.5000	0.9300	0.9309	0.6538	-0.0010	508.0000	508.1155	1.0272	7.9486	99.7728	40.7270	0.8230	0.8260	5.0000	-9999.0000	-9999.0000	-9999.0000	-9999.0000	-9999.0000	-9999.0000	17.2584	1	0	28.4086	1.0000	99	9	-9999.0000	16347	44072	-9999	-9999	2583	5684	325.0613	5	0.6398	0.6538	-0.0010	33.8401	1.4911	470.1929	389.8420	45.4398	474.4275	95.2315	469.5146	94.7222	474.5643	94.6528	477.3713	94.7454	
20/08/2017	00:36:35	011995	G523077173HLR	L523	S		447.9363	1.0400	0.0000	99.6785	39.9940	0.8230	1.1607	5.0000	24.4986	508.0957	94.9769	16.6182	25.4000	0.9300	0.9306	0.6546	-0.0010	508.0000	506.7469	1.0272	7.9625	99.8037	40.7365	0.8230	0.8260	5.0000	-9999.0000	-9999.0000	-9999.0000	-9999.0000	-9999.0000	-9999.0000	17.1685	2	0	28.8684	1.0000	99	9	-9999.0000	16348	44073	-9999	-9999	2584	5686	324.1659	5	0.6397	0.6546	-0.0010	34.7462	1.4323	466.5007	448.7302	44.9306	471.3374	95.4630	466.0964	94.9306	470.5625	94.6296	472.3001	94.7222	
20/08/2017	00:37:06	011995	G523075006HLR	L523	S		447.2328	1.0400	0.0000	99.7371	39.9870	0.8230	1.1607	5.0000	25.3687	508.0668	95.0000	19.6796	25.3000	0.9300	0.9305	0.6546	-0.0010	508.0000	509.2002	1.0272	7.9375	99.7647	40.7339	0.8230	0.8261	5.0000	-9999.0000	-9999.0000	-9999.0000	-9999.0000	-9999.0000	-9999.0000	17.2388	3	0	30.2084	1.0000	99	9	-9999.0000	16349	44074	-9999	-9999	2585	5687	322.5582	5	0.6397	0.6546	-0.0010	34.7462	1.4323	464.6499	492.7461	46.1111	470.2292	95.7639	464.3730	95.1620	468.1392	94.6528	470.9520	94.6759	
20/08/2017	00:37:34	011995	G523075016HLR	L523	S		442.5665	1.0400	0.0000	99.7198	39.9776	0.8230	1.1606	5.0000	26.3579	508.0769	95.0000	19.1191	25.2000	0.9300	0.9304	0.6536	-0.0009	508.0000	506.8505	1.0272	7.9614	100.0418	40.7294	0.8230	0.8262	5.0000	-9999.0000	-9999.0000	-9999.0000	-9999.0000	-9999.0000	-9999.0000	17.1686	4	0	28.0083	1.0000	99	9	-9999.0000	16350	44075	-9999	-9999	2586	5688	322.8793	5	0.6397	0.6536	-0.0009	34.8923	1.4340	460.7223	500.5383	45.6250	466.1375	96.0648	460.5012	95.5556	463.5354	94.6991	466.5607	94.5833	
20/08/2017	00:38:02	011995	G523075017HLR	L523	S		446.9435	1.0400	0.0000	99.7272	39.9929	0.8230	1.1607	5.0000	25.1711	508.0397	95.0000	17.5293	25.1000	0.9300	0.9304	0.6526	-0.0009	508.0000	505.6964	1.0272	7.9732	99.6934	40.7244	0.8230	0.8262	5.0000	-9999.0000	-9999.0000	-9999.0000	-9999.0000	-9999.0000	-9999.0000	17.1179	5	0	27.8693	1.0000	99	9	-9999.0000	16351	44076	-9999	-9999	2587	5690	323.7768	5	0.6396	0.6526	-0.0009	35.3990	1.4039	464.4319	494.6264	43.7269	471.3971	95.9259	464.1046	95.3935	467.7095	94.6528	470.6934	94.6065	
20/08/2017	00:38:30	011995	G523075018HLR	L523	S		450.1906	1.0400	0.0000	99.6637	40.0000	0.8230	1.1612	5.0000	24.6286	508.1361	94.9769	15.7892	25.1000	0.9300	0.9304	0.6526	-0.0009	508.0000	508.9740	1.0272	7.9398	99.6995	40.7155	0.8230	0.8261	5.0000	-9999.0000	-9999.0000	-9999.0000	-9999.0000	-9999.0000	-9999.0000	17.3481	6	0	28.6083	1.0000	99	9	-9999.0000	16351	44077	-9999	-9999	2587	5692	324.7366	5	0.6396	0.6526	-0.0009	35.3990	1.4039	469.4874	489.8755	44.0741	475.0746	95.7407	469.0673	95.1157	471.9594	94.6296	475.7664	94.6759	
20/08/2017	00:38:58	011995	G523075026HLR	L523	S		442.9730	1.0400	0.0000	99.7367	39.9948	0.8230	1.1607	5.0000	25.8795	508.0205	95.0231	19.2890	25.2000	0.9300	0.9305	0.6537	-0.0009	508.0000	506.3838	1.0272	7.9662	99.7569	40.6971	0.8230	0.8259	5.0000	-9999.0000	-9999.0000	-9999.0000	-9999.0000	-9999.0000	-9999.0000	17.4586	7	0	27.5783	1.0000	99	9	-9999.0000	16352	44077	-9999	-9999	2588	5694	322.6720	5	0.6393	0.6537	-0.0009	36.0764	1.3715	458.6742	468.8953	43.5417	465.2994	95.6481	458.1531	95.0694	463.2183	94.6065	469.0320	94.6528	
20/08/2017	00:39:28	011995	G523075032HLR	L523	S		450.0123	1.0400	0.0000	99.6517	40.0000	0.8230	1.1607	5.0000	24.8092	508.0695	94.9537	15.7687	25.1000	0.9300	0.9304	0.6534	-0.0009	508.0000	508.9676	1.0272	7.9399	99.7413	40.6775	0.8230	0.8253	5.0000	-9999.0000	-9999.0000	-9999.0000	-9999.0000	-9999.0000	-9999.0000	17.4493	8	0	30.3685	1.0000	99	9	-9999.0000	16353	44078	-9999	-9999	2589	5696	324.7426	5	0.6393	0.6534	-0.0009	37.1481	1.3031	469.4165	464.2195	44.0509	474.1437	95.8102	469.1270	95.2083	472.6227	94.6065	478.3786	94.6759	
20/08/2017	00:39:59	011995	G523075003HLR	L523	S		448.2312	1.0400	0.0000	99.6994	40.0000	0.8230	1.1607	5.0000	25.0493	508.0502	94.9537	16.5089	25.2000	0.9300	0.9305	0.6535	-0.0009	508.0000	505.4576	1.0272	7.9756	99.8838	40.6720	0.8230	0.8244	5.0000	-9999.0000	-9999.0000	-9999.0000	-9999.0000	-9999.0000	-9999.0000	20.0480	1	0	30.5784	1.0000	99	9	-9999.0000	16354	44079	-9999	-9999	2590	5698	324.3020	5	0.6392	0.6535	-0.0009	37.6820	1.2765	465.4452	498.5030	46.1111	473.4498	95.4861	464.9349	94.9769	468.7883	94.6296	471.8853	94.6991	
20/08/2017	00:40:27	011995	G523075043HLR	L523	S		445.2234	1.0400	0.0000	99.7036	40.0000	0.8230	1.1607	5.0000	24.9077	508.0610	94.9769	17.6592	25.2000	0.9300	0.9305	0.6520	-0.0008	508.0000	506.6352	1.0272	7.9636	99.6985	40.7000	0.8230	0.8246	5.0000	-9999.0000	-9999.0000	-9999.0000	-9999.0000	-9999.0000	-9999.0000	17.1875	2	0	28.2180	1.0000	99	9	-9999.0000	16355	44080	-9999	-9999	2591	5700	323.7493	5	0.6390	0.6520	-0.0008	37.8708	1.2712	462.0631	466.6622	43.5648	469.4572	95.6481	461.5683	95.1157	467.2890	94.6296	470.8846	94.6528	
20/08/2017	00:40:57	011995	G523075004HLR	L523	S		449.6688	1.0400	0.0000	99.6116	40.0000	0.8230	1.1607	5.0000	24.4879	508.0627	94.9537	16.5889	25.1000	0.9300	0.9304	0.6521	-0.0008	508.0000	507.7964	1.0272	7.9518	99.7213	40.7001	0.8230	0.8248	5.0000	-9999.0000	-9999.0000	-9999.0000	-9999.0000	-9999.0000	-9999.0000	17.2790	3	0	30.1290	1.0000	99	9	-9999.0000	16356	44081	-9999	-9999	2592	5702	324.3454	5	0.6390	0.6521	-0.0008	38.1826	1.2573	469.2423	497.8553	44.2824	474.9239	95.7176	469.1401	95.1389	472.8207	94.6065	476.1340	94.6759	
20/08/2017	00:41:28	011995	G523075014HLR	L523	S		449.4532	1.0400	0.0000	99.6171	40.0000	0.8230	1.1607	5.0000	24.5491	508.0283	94.9769	15.6486	25.1000	0.9300	0.9304	0.6521	-0.0008	508.0000	509.4499	1.0272	7.9350	99.7514	40.7333	0.8230	0.8253	5.0000	-9999.0000	-9999.0000	-9999.0000	-9999.0000	-9999.0000	-9999.0000	17.1684	4	0	31.0969	1.0000	99	9	-9999.0000	16357	44082	-9999	-9999	2593	5703	324.6827	5	0.6390	0.6521	-0.0008	38.1826	1.2573	470.0577	495.5300	43.5417	476.8339	95.6019	469.5624	95.0463	473.8905	94.6065	477.2000	94.6759	
20/08/2017	00:41:57	011995	G523075039HLR	L523	S		442.9066	1.0400	0.0000	99.8875	39.9825	0.8230	1.1606	5.0000	27.3588	508.0955	95.0000	19.6786	25.2000	0.9300	0.9305	0.6517	-0.0008	508.0000	506.9335	1.0272	7.9606	99.7417	40.7188	0.8230	0.8253	5.0000	-9999.0000	-9999.0000	-9999.0000	-9999.0000	-9999.0000	-9999.0000	17.0500	5	0	28.7484	1.0000	99	9	-9999.0000	16357	44083	-9999	-9999	2594	5705	323.1460	5	0.6390	0.6517	-0.0008	38.6299	1.2314	461.1084	504.6956	46.4583	466.9456	95.5324	460.4874	94.9769	463.5586	94.6065	466.5632	94.6991	
20/08/2017	00:42:27	011995	G523075011HLR	L523	S		449.4376	1.0400	0.0000	99.6883	39.9971	0.8230	1.1607	5.0000	24.9089	508.0292	94.9537	14.8986	25.1000	0.9300	0.9304	0.6517	-0.0008	508.0000	509.4390	1.0272	7.9351	99.7656	40.7140	0.8230	0.8250	5.0000	-9999.0000	-9999.0000	-9999.0000	-9999.0000	-9999.0000	-9999.0000	17.3512	6	0	29.8891	1.0000	99	9	-9999.0000	16357	44084	-9999	-9999	2595	5706	325.0835	5	0.6390	0.6517	-0.0008	38.6299	1.2314	473.8924	557.7257	49.3750	478.8236	95.7870	473.1734	95.1852	476.2723	94.6065	479.9757	94.6528	
20/08/2017	00:42:55	011995	G523075030HLR	L523	S		449.9338	1.0400	0.0000	99.7015	40.0000	0.8230	1.1607	5.0000	25.1991	508.0674	94.9537	16.4991	25.2000	0.9300	0.9305	0.6513	-0.0008	508.0000	506.8161	1.0272	7.9618	99.6341	40.7225	0.8230	0.8252	5.0000	-9999.0000	-9999.0000	-9999.0000	-9999.0000	-9999.0000	-9999.0000	17.1382	7	0	28.4998	1.0000	99	9	-9999.0000	16358	44084	-9999	-9999	2596	5707	324.4977	5	0.6389	0.6513	-0.0008	39.9811	1.1495	467.8076	489.7005	46.1574	474.8282	95.3935	467.4477	94.8843	472.7436	94.6065	475.9906	94.6991	
20/08/2017	00:43:27	011995	G523075040HLR	L523	S		441.4659	1.0400	0.0000	99.8340	39.9845	0.8230	1.1606	5.0000	27.1381	508.0399	94.9769	20.2489	25.2000	0.9300	0.9305	0.6511	-0.0008	508.0000	506.6417	1.0272	7.9636	99.6989	40.7225	0.8230	0.8253	5.0000	-9999.0000	-9999.0000	-9999.0000	-9999.0000	-9999.0000	-9999.0000	17.2083	8	0	31.8768	1.0000	99	9	-9999.0000	16359	44084	-9999	-9999	2597	5709	322.8728	5	0.6387	0.6511	-0.0008	40.7425	1.1174	459.7958	458.8830	42.5926	467.4166	95.6713	459.3657	95.1157	462.8415	94.6528	466.4810	94.6528	
20/08/2017	00:43:57	011995	G523075012HLR	L523	S		447.1595	1.0400	0.0000	99.5222	39.9999	0.8230	1.1608	5.0000	23.9892	508.0880	95.0000	17.8096	25.1000	0.9300	0.9304	0.6508	-0.0007	508.0000	507.2747	1.0272	7.9571	99.7640	40.7333	0.8230	0.8255	5.0000	-9999.0000	-9999.0000	-9999.0000	-9999.0000	-9999.0000	-9999.0000	17.3482	1	0	30.3077	1.0000	99	9	-9999.0000	16360	44085	-9999	-9999	2597	5710	324.0571	5	0.6387	0.6508	-0.0007	41.2795	1.0892	466.4653	472.1804	42.6620	472.5439	95.8333	466.1668	95.2315	469.2728	94.6296	472.3576	94.6296	
20/08/2017	00:44:28	011995	G523075095HLR	L523	S		445.4779	1.0400	0.0000	99.5165	40.0000	0.8230	1.1608	5.0000	24.0386	508.0471	95.0000	18.9296	25.1000	0.9300	0.9305	0.6505	-0.0007	508.0000	506.8290	1.0272	7.9617	99.7516	40.7193	0.8230	0.8253	5.0000	-9999.0000	-9999.0000	-9999.0000	-9999.0000	-9999.0000	-9999.0000	17.2885	2	0	30.0785	1.0000	99	9	-9999.0000	16361	44086	-9999	-9999	2598	5712	323.6146	5	0.6386	0.6505	-0.0007	42.7116	1.0023	464.3862	467.7533	43.6806	468.8840	95.8102	463.8279	95.1620	465.5196	94.6065	470.5028	94.6759	
20/08/2017	00:44:57	011995	G523075000HLR	L523	S		452.0367	1.0400	0.0000	99.7713	39.9971	0.8230	1.1607	5.0000	25.6177	508.0908	94.9306	13.1184	25.1000	0.9300	0.9304	0.6505	-0.0007	508.0000	508.0187	1.0272	7.9495	99.7044	40.7167	0.8230	0.8252	5.0000	-9999.0000	-9999.0000	-9999.0000	-9999.0000	-9999.0000	-9999.0000	17.0984	3	0	29.7689	1.0000	99	9	-9999.0000	16362	44087	-9999	-9999	2598	5713	325.7336	5	0.6386	0.6505	-0.0007	42.7116	1.0023	478.2276	482.0798	43.1713	482.9362	95.7176	477.3967	95.0694	480.3555	94.5833	483.9476	94.6759	
20/08/2017	00:45:28	011995	G523075010HLR	L523	S		442.7256	1.0400	0.0000	99.7218	39.9912	0.8230	1.1607	5.0000	25.4389	508.0720	94.9537	20.9383	25.2000	0.9300	0.9306	0.6493	-0.0006	508.0000	507.3631	1.0272	7.9562	99.7502	40.7167	0.8230	0.8252	5.0000	-9999.0000	-9999.0000	-9999.0000	-9999.0000	-9999.0000	-9999.0000	17.1792	4	0	30.7377	1.0000	99	9	-9999.0000	16363	44088	-9999	-9999	2599	5714	323.0869	5	0.6385	0.6493	-0.0006	42.0235	1.0498	459.8479	468.8011	43.7963	465.6132	94.9769	459.6059	94.4676	462.8298	94.5370	467.2616	94.8611	
20/08/2017	00:45:55	011995	G523075001HLR	L523	S		449.4491	1.0400	0.0000	99.7268	39.9901	0.8230	1.1607	5.0000	25.4586	508.0737	95.0000	16.9688	25.2000	0.9300	0.9305	0.6487	-0.0006	508.0000	507.1509	1.0272	7.9584	99.7107	40.7325	0.8230	0.8252	5.0000	-9999.0000	-9999.0000	-9999.0000	-9999.0000	-9999.0000	-9999.0000	17.5172	5	0	27.3989	1.0000	99	9	-9999.0000	16364	44089	-9999	-9999	2600	5715	324.4270	5	0.6385	0.6487	-0.0006	41.9995	1.0470	469.5182	531.7740	46.0185	476.7175	95.8102	468.9827	95.2546	472.3116	94.6296	475.8773	94.6296	
20/08/2017	00:46:27	011995	G523075096HLR	L523	S		445.4948	1.0400	0.0000	99.7176	39.9919	0.8230	1.1607	5.0000	25.2087	508.0289	95.0231	19.1591	25.2000	0.9300	0.9305	0.6492	-0.0006	508.0000	507.4601	1.0272	7.9552	99.8167	40.7225	0.8230	0.8252	5.0000	-9999.0000	-9999.0000	-9999.0000	-9999.0000	-9999.0000	-9999.0000	17.3081	6	0	31.7980	1.0000	99	9	-9999.0000	16365	44089	-9999	-9999	2601	5717	323.7371	5	0.6386	0.6492	-0.0006	42.4617	1.0220	464.7287	509.2217	44.2593	470.3378	95.7176	464.4701	95.1620	467.3584	94.6528	470.8896	94.6759	
20/08/2017	00:46:55	011995	G523075064HLR	L523	S		448.0169	1.0400	0.0000	99.6681	39.9877	0.8230	1.1607	5.0000	25.1284	508.0703	95.0000	16.7091	25.2000	0.9300	0.9304	0.6492	-0.0006	508.0000	507.4954	1.0272	7.9549	99.6896	40.7333	0.8230	0.8256	5.0000	-9999.0000	-9999.0000	-9999.0000	-9999.0000	-9999.0000	-9999.0000	17.2192	7	0	27.4693	1.0000	99	9	-9999.0000	16366	44090	-9999	-9999	2602	5719	324.5688	5	0.6386	0.6492	-0.0006	42.4617	1.0220	469.9810	511.0574	44.4907	475.8574	95.7639	469.6606	95.1389	473.3819	94.6065	475.7294	94.6991	
20/08/2017	00:47:26	011995	G523075066HLR	L523	S		442.5600	1.0400	0.0000	99.8494	39.9716	0.8230	1.1606	5.0000	26.7791	508.0245	95.0231	19.7890	25.3000	0.9300	0.9305	0.6469	-0.0005	508.0000	507.6966	1.0272	7.9528	99.7392	40.7167	0.8230	0.8253	5.0000	-9999.0000	-9999.0000	-9999.0000	-9999.0000	-9999.0000	-9999.0000	17.2183	8	0	31.7780	1.0000	99	9	-9999.0000	16367	44090	-9999	-9999	2603	5721	323.7428	5	0.6384	0.6469	-0.0005	40.9320	1.1087	464.0083	490.3531	45.5787	471.4439	95.6250	463.5425	95.1620	466.0680	94.6528	470.1366	94.6528	
20/08/2017	00:47:58	011995	G523075083HLR	L523	S		444.8103	1.0400	0.0000	99.6515	39.9720	0.8230	1.1607	5.0000	25.3137	508.0934	94.9769	15.4884	25.3000	0.9300	0.9304	0.6460	-0.0004	508.0000	508.2326	1.0272	7.9474	99.7026	40.7333	0.8230	0.8256	5.0000	-9999.0000	-9999.0000	-9999.0000	-9999.0000	-9999.0000	-9999.0000	17.1556	1	0	31.7093	1.0000	99	9	-9999.0000	16368	44091	-9999	-9999	2604	5723	324.9622	5	0.6383	0.6460	-0.0004	41.7411	1.0643	472.5936	493.6568	45.9722	477.5260	95.7176	471.7883	95.1620	475.2557	94.6065	479.9977	94.6296	
20/08/2017	00:48:29	011995	G523075084HLR	L523	S		445.1075	1.0400	0.0000	99.5160	39.9858	0.8230	1.1608	5.0000	24.3782	508.0432	95.0000	18.8486	25.3000	0.9300	0.9305	0.6460	-0.0004	508.0000	506.1248	1.0272	7.9688	99.7041	40.7231	0.8230	0.8253	5.0000	-9999.0000	-9999.0000	-9999.0000	-9999.0000	-9999.0000	-9999.0000	17.4282	2	0	30.2674	1.0000	99	9	-9999.0000	16369	44092	-9999	-9999	2605	5725	324.0632	5	0.6383	0.6460	-0.0004	41.7411	1.0643	465.5046	494.1632	43.9352	472.7397	95.5093	464.9635	95.0000	468.0186	94.6296	471.7960	94.6991	
20/08/2017	00:49:00	011995	G523075077HLR	L523	S		-9999.0000	0.0000	0.0000	-9999.0000	-9999.0000	0.8230	-9999.0000	0.0000	28.8285	0.0000	0.0000	0.0000	0.0000	0.9300	0.0000	0.0000	0.0000	0.0000	440.4716	1.0272	7.3525	99.7360	40.7167	0.8230	0.8251	5.0000	-9999.0000	-9999.0000	-9999.0000	-9999.0000	-9999.0000	-9999.0000	17.3333	3	17	31.8381	1.0000	99	9	-9999.0000	16370	0	-9999	-9999	2606	5726	0.0000	0	0.0000	0.0000	0.0000	0.0000	0.0000	0.0000	0.0000	0.0000	0.0000	0.0000	0.0000	0.0000	0.0000	0.0000	0.0000	0.0000	
20/08/2017	00:49:32	011995	G523075069HLR	L523	S		448.6257	1.0400	0.0000	99.6070	39.9784	0.8230	1.1608	5.0000	24.4090	508.0326	94.9537	16.0187	25.4000	0.9300	0.9308	0.6466	-0.0005	508.0000	506.9224	1.0272	7.9607	99.7598	40.7167	0.8230	0.8251	5.0000	-9999.0000	-9999.0000	-9999.0000	-9999.0000	-9999.0000	-9999.0000	17.2781	4	0	31.7677	1.0000	99	9	-9999.0000	16371	44093	-9999	-9999	2607	5728	324.7565	5	0.6383	0.6466	-0.0005	40.4316	1.1454	472.9912	437.6132	43.5648	477.5738	95.4630	472.5439	95.0000	474.5848	94.6991	478.6394	94.6528	
20/08/2017	00:50:02	011995	G523075053HLR	L523	S		-9999.0000	0.0000	0.0000	-9999.0000	-9999.0000	0.8230	-9999.0000	0.0000	28.8043	0.0000	0.0000	0.0000	0.0000	0.9300	0.0000	0.0000	0.0000	0.0000	446.5684	1.0272	7.4156	99.7581	40.7017	0.8230	0.8250	5.0000	-9999.0000	-9999.0000	-9999.0000	-9999.0000	-9999.0000	-9999.0000	17.4587	5	17	29.4683	1.0000	99	9	-9999.0000	16372	0	-9999	-9999	2608	5730	0.0000	0	0.0000	0.0000	0.0000	0.0000	0.0000	0.0000	0.0000	0.0000	0.0000	0.0000	0.0000	0.0000	0.0000	0.0000	0.0000	0.0000	
20/08/2017	00:50:31	011995	G523075078HLR	L523	S		445.1664	1.0400	0.0000	99.8985	39.9667	0.8230	1.1605	5.0000	28.6684	508.0238	95.0000	19.1884	25.4000	0.9300	0.9310	0.6463	-0.0004	508.0000	507.0963	1.0272	7.9589	99.6834	40.7000	0.8230	0.8248	5.0000	-9999.0000	-9999.0000	-9999.0000	-9999.0000	-9999.0000	-9999.0000	17.3192	6	0	28.9184	1.0000	99	9	-9999.0000	16373	44094	-9999	-9999	2609	5732	324.0780	5	0.6384	0.6463	-0.0004	41.0970	1.1092	465.5504	434.3209	42.8704	470.7258	95.3009	465.0802	94.8380	468.5934	94.6991	472.1113	94.7222	
20/08/2017	00:51:07	011995	G523075091HLR	L523	S		441.5629	1.0400	0.0000	99.5730	39.9791	0.8230	1.1608	5.0000	24.9528	508.0642	94.9769	20.9285	25.2000	0.9300	0.9305	0.6468	-0.0005	508.0000	507.5099	1.0272	7.9547	99.6936	40.7167	0.8230	0.8250	5.0000	-9999.0000	-9999.0000	-9999.0000	-9999.0000	-9999.0000	-9999.0000	17.3481	7	0	36.3086	1.0000	99	9	-9999.0000	16374	44095	-9999	-9999	2610	5734	323.7598	5	0.6385	0.6468	-0.0005	40.6671	1.1302	462.4100	511.4913	43.6574	469.5667	95.6481	462.2889	95.1157	464.6711	94.6065	467.6319	94.6759	
20/08/2017	00:51:37	011995	G523075073HLR	L523	S		447.3819	1.0400	0.0000	99.6655	39.9956	0.8230	1.1608	5.0000	24.9061	508.0225	95.0000	19.0888	25.1000	0.9300	0.9304	0.6468	-0.0005	508.0000	508.0311	1.0272	7.9494	99.8734	40.7300	0.8230	0.8253	5.0000	-9999.0000	-9999.0000	-9999.0000	-9999.0000	-9999.0000	-9999.0000	17.1188	8	0	29.6876	1.0000	99	9	-9999.0000	16375	44096	-9999	-9999	2611	5736	324.1439	5	0.6385	0.6468	-0.0005	40.6671	1.1302	467.0776	523.2303	46.1343	473.7180	95.7176	467.0441	95.1852	470.3565	94.6065	473.1920	94.6296	
20/08/2017	00:52:05	011995	G523075101HLR	L523	S		-9999.0000	0.0000	0.0000	-9999.0000	-9999.0000	0.8230	-9999.0000	0.0000	28.7673	0.0000	0.0000	0.0000	0.0000	0.9300	0.0000	0.0000	0.0000	0.0000	450.4296	1.0272	7.4555	99.7067	40.6833	0.8230	0.8247	5.0000	-9999.0000	-9999.0000	-9999.0000	-9999.0000	-9999.0000	-9999.0000	17.2286	1	17	28.0192	1.0000	99	9	-9999.0000	16376	0	-9999	-9999	2612	5738	0.0000	0	0.0000	0.0000	0.0000	0.0000	0.0000	0.0000	0.0000	0.0000	0.0000	0.0000	0.0000	0.0000	0.0000	0.0000	0.0000	0.0000	
20/08/2017	00:52:43	011995	G523075048HLR	L523	S		445.8460	1.0400	0.0000	99.7167	39.9880	0.8230	1.1606	5.0000	26.4981	508.0484	94.9769	18.0088	25.4000	0.9300	0.9309	0.6462	-0.0004	508.0000	507.0926	1.0272	7.9590	99.7962	40.7000	0.8230	0.8248	5.0000	-9999.0000	-9999.0000	-9999.0000	-9999.0000	-9999.0000	-9999.0000	17.3084	2	0	38.6375	1.0000	99	9	-9999.0000	16377	44097	-9999	-9999	2613	5740	324.4894	5	0.6387	0.6462	-0.0004	40.0778	1.1712	470.1428	478.4872	47.0833	474.0406	95.4861	469.9518	95.0000	472.6350	94.6991	474.9784	94.6528	
20/08/2017	00:53:17	011995	G523075051HLR	L523	S		445.1268	1.0400	0.0000	99.6833	40.0000	0.8230	1.1607	5.0000	25.1285	508.1133	95.0000	18.1787	25.2000	0.9300	0.9306	0.6458	-0.0004	508.0000	509.4001	1.0272	7.9355	99.8233	40.7289	0.8230	0.8253	5.0000	-9999.0000	-9999.0000	-9999.0000	-9999.0000	-9999.0000	-9999.0000	17.1590	3	0	31.7287	1.0000	99	9	-9999.0000	16377	44098	-9999	-9999	2614	5742	324.4993	5	0.6386	0.6458	-0.0004	39.1156	1.2172	469.2678	508.0565	45.6019	474.1304	95.5556	468.4558	95.0694	472.0126	94.5833	475.0792	94.6759	
20/08/2017	00:53:44	011995	G523075052HLR	L523	S		443.3639	1.0400	0.0000	99.7292	40.0000	0.8230	1.1607	5.0000	25.2890	508.0868	94.9537	14.0696	25.2000	0.9300	0.9305	0.6458	-0.0004	508.0000	510.2215	1.0272	7.9271	99.7323	40.6667	0.8230	0.8247	5.0000	-9999.0000	-9999.0000	-9999.0000	-9999.0000	-9999.0000	-9999.0000	17.1514	4	0	27.1588	1.0000	99	9	-9999.0000	16378	44099	-9999	-9999	2615	5744	325.3000	5	0.6386	0.6458	-0.0004	39.1156	1.2172	476.9524	501.6672	46.1574	481.5105	95.5324	476.4274	94.9537	481.3749	94.5602	486.0073	94.7454	
20/08/2017	00:54:08	011995	G523075058HLR	L523	S		441.3833	1.0400	0.0000	99.7763	40.0000	0.8230	1.1606	5.0000	26.6970	508.1042	95.0000	16.9688	25.2000	0.9300	0.9305	0.6460	-0.0004	508.0000	507.2308	1.0272	7.9576	99.7883	40.6730	0.8230	0.8244	5.0000	-9999.0000	-9999.0000	-9999.0000	-9999.0000	-9999.0000	-9999.0000	19.5686	5	0	25.2610	1.0000	99	9	-9999.0000	16379	44100	-9999	-9999	2616	5746	324.7664	5	0.6386	0.6460	-0.0004	39.1203	1.2174	468.7251	462.7969	43.8657	473.5740	94.9537	467.8526	94.4907	472.6015	94.5139	476.6283	94.8380	
20/08/2017	00:54:34	011995	G523076355HLR	L523	S		464.8666	1.0400	0.0000	99.6412	40.0016	0.8230	1.1608	5.0000	24.5180	508.0803	94.9074	8.7896	25.2000	0.9300	0.9304	0.6460	-0.0004	508.0000	508.1177	1.0272	7.9485	99.7281	40.7167	0.8230	0.8251	5.0000	-9999.0000	-9999.0000	-9999.0000	-9999.0000	-9999.0000	-9999.0000	17.3189	6	0	25.7957	1.0000	04	3	-9999.0000	16380	44101	-9999	-9999	2617	5748	326.4601	5	0.6386	0.6460	-0.0004	39.1203	1.2174	491.7060	496.3017	46.6667	496.6013	95.4861	491.1288	94.9074	494.8214	94.5602	499.4530	94.7454	
20/08/2017	00:54:59	011995	G523076337HLR	L523	S		458.0880	1.0400	0.0000	99.7843	40.0000	0.8230	1.1606	5.0000	26.8407	508.0412	94.9537	12.3187	25.3000	0.9300	0.9307	0.6458	-0.0004	508.0000	507.8504	1.0272	7.9513	99.8513	40.7416	0.8230	0.8259	5.0000	-9999.0000	-9999.0000	-9999.0000	-9999.0000	-9999.0000	-9999.0000	17.7331	7	0	25.0991	1.0000	04	3	-9999.0000	16381	44102	-9999	-9999	2618	5750	325.6423	5	0.6385	0.6458	-0.0004	39.8411	1.1862	481.3152	445.7653	45.4167	485.9774	95.0000	481.0473	94.5602	484.0246	94.5602	487.8869	94.7222	
20/08/2017	00:55:20	011995	G523076357HLR	L523	S		-9999.0000	0.0000	0.0000	-9999.0000	-9999.0000	0.8230	-9999.0000	0.0000	28.7177	0.0000	0.0000	0.0000	0.0000	0.9300	0.0000	0.0000	0.0000	0.0000	465.8350	1.0272	7.6149	100.0430	40.7195	0.8230	0.8262	5.0000	-9999.0000	-9999.0000	-9999.0000	-9999.0000	-9999.0000	-9999.0000	17.2878	8	17	20.8584	1.0000	04	3	-9999.0000	16382	0	-9999	-9999	2619	5752	0.0000	0	0.0000	0.0000	0.0000	0.0000	0.0000	0.0000	0.0000	0.0000	0.0000	0.0000	0.0000	0.0000	0.0000	0.0000	0.0000	0.0000	
20/08/2017	00:56:54	011995	G523076366HLR	L523	S		458.2407	1.0400	0.0000	99.5592	40.0000	0.8230	1.1608	5.0000	24.2184	508.0865	94.9537	12.4593	25.4000	0.9300	0.9308	0.6441	-0.0003	508.0000	507.4509	1.0272	7.9553	99.7339	40.6912	0.8230	0.8256	5.0000	-9999.0000	-9999.0000	-9999.0000	-9999.0000	-9999.0000	-9999.0000	17.3580	1	0	15.5196	1.0000	04	3	-9999.0000	16383	44103	-9999	-9999	2620	5754	325.4006	5	0.6388	0.6441	-0.0003	40.4535	1.1565	481.1343	398.5634	42.4769	484.2116	94.6759	480.6993	94.3056	485.6379	94.5833	488.9656	94.8148	
20/08/2017	01:03:52	011995	G523076346HLR	L523	S		462.5520	1.0400	0.0000	100.4340	39.7017	0.8230	1.1615	5.0000	21.0563	508.0929	94.9537	8.1597	25.5000	0.9300	0.9306	0.6459	-0.0004	508.0000	505.8605	1.0272	7.9715	99.7738	40.6027	0.8230	0.8265	5.0000	-9999.0000	-9999.0000	-9999.0000	-9999.0000	-9999.0000	-9999.0000	17.1779	3	0	31.4596	1.0000	04	3	-9999.0000	16383	44104	-9999	-9999	1	9	326.5791	5	0.6391	0.6459	-0.0004	30.9625	1.6737	490.8900	348.3834	41.9676	495.0127	94.5833	490.6053	94.1898	495.1070	94.5602	498.9669	94.8380	
20/08/2017	01:07:00	011995	G523076285HLR	L523	S		412.1885	1.0400	0.0000	100.0767	39.6540	0.8230	1.1613	5.0000	26.9878	0.0000	0.0000	0.0000	0.0000	0.9300	0.0000	0.0000	0.0000	0.0000	458.3517	1.0272	7.5375	99.7717	40.5979	0.8230	0.8261	5.0000	-9999.0000	-9999.0000	-9999.0000	-9999.0000	-9999.0000	-9999.0000	17.1028	4	7	188.0272	1.0000	04	3	-9999.0000	16384	0	-9999	-9999	2	11	0.0000	0	0.0000	0.0000	0.0000	0.0000	0.0000	0.0000	0.0000	0.0000	0.0000	0.0000	0.0000	0.0000	0.0000	0.0000	0.0000	0.0000	
20/08/2017	01:07:30	011995	G523076333HLR	L523	S		466.8662	1.0400	0.0000	99.8878	39.7620	0.8230	1.1612	5.0000	27.7084	0.0000	0.0000	0.0000	0.0000	0.9300	0.0000	0.0000	0.0000	0.0000	468.0758	1.0272	7.6380	99.7842	40.5981	0.8230	0.8260	5.0000	-9999.0000	-9999.0000	-9999.0000	-9999.0000	-9999.0000	-9999.0000	17.4688	5	8	30.2514	1.0000	04	3	-9999.0000	16385	0	-9999	-9999	3	13	0.0000	0	0.0000	0.0000	0.0000	0.0000	0.0000	0.0000	0.0000	0.0000	0.0000	0.0000	0.0000	0.0000	0.0000	0.0000	0.0000	0.0000	
20/08/2017	01:10:56	011995	G523076334HLR	L523	S		460.3073	1.0400	0.0000	100.0115	39.8050	0.8230	1.1610	5.0000	27.8285	508.0672	94.9769	11.6995	25.5000	0.9300	0.9309	0.6459	-0.0004	508.0000	506.6756	1.0272	7.9632	99.7265	40.5806	0.8230	0.8262	5.0000	-9999.0000	-9999.0000	-9999.0000	-9999.0000	-9999.0000	-9999.0000	17.1990	6	0	205.8280	1.0000	04	3	-9999.0000	16386	44105	-9999	-9999	4	15	325.8414	5	0.6391	0.6459	-0.0004	30.9625	1.6737	483.6716	409.5561	42.8472	489.8064	94.8148	483.1838	94.3287	486.1061	94.4907	489.6126	94.7917	
20/08/2017	01:11:25	011995	G523076364HLR	L523	S		464.0453	1.0400	0.0000	99.8849	39.8128	0.8230	1.1608	5.0000	28.0083	508.0811	95.0463	9.0298	25.4000	0.9300	0.9305	0.6470	-0.0005	508.0000	507.4930	1.0272	7.9549	99.8295	40.5756	0.8230	0.8257	5.0000	-9999.0000	-9999.0000	-9999.0000	-9999.0000	-9999.0000	-9999.0000	17.1685	7	0	28.5082	1.0000	04	3	-9999.0000	16387	44106	-9999	-9999	5	17	326.6852	5	0.6394	0.6470	-0.0005	29.1702	1.7569	489.1004	420.9595	42.8704	492.5933	94.7222	488.7902	94.1898	493.3864	94.5833	497.6230	94.9537	
20/08/2017	01:11:56	011995	G523076345HLR	L523	S		458.4455	1.0400	0.0000	100.0013	39.8099	0.8230	1.1607	5.0000	28.4724	508.0619	94.9769	12.3597	25.3000	0.9300	0.9307	0.6470	-0.0005	508.0000	507.5160	1.0272	7.9547	99.7272	40.6167	0.8230	0.8258	5.0000	-9999.0000	-9999.0000	-9999.0000	-9999.0000	-9999.0000	-9999.0000	17.5621	8	0	31.0578	1.0000	04	3	-9999.0000	16388	44107	-9999	-9999	6	19	325.9068	5	0.6394	0.6470	-0.0005	29.1702	1.7569	481.5829	427.7733	42.4074	484.6674	94.9537	481.0416	94.4676	484.3554	94.5370	488.2399	94.7685	
20/08/2017	01:12:26	011995	G523076320HLR	L523	S		446.6960	1.0400	0.0000	100.1741	39.8235	0.8230	1.1609	5.0000	27.9283	508.0197	94.9769	18.0088	25.5000	0.9300	0.9310	0.6476	-0.0005	508.0000	508.6139	1.0272	7.9435	99.8547	40.6280	0.8230	0.8260	5.0000	-9999.0000	-9999.0000	-9999.0000	-9999.0000	-9999.0000	-9999.0000	17.3549	1	0	30.7483	1.0000	04	3	-9999.0000	16389	44108	-9999	-9999	7	21	324.5318	5	0.6394	0.6476	-0.0005	28.2909	1.8042	468.0939	389.5540	42.5926	470.1428	95.0231	467.7981	94.5602	471.5411	94.6296	475.1418	94.7222	
20/08/2017	01:12:57	011995	G523076349HLR	L523	S		453.9372	1.0400	0.0000	100.0585	39.7027	0.8230	1.1607	5.0000	27.2581	508.0710	94.9769	13.3391	25.2000	0.9300	0.9305	0.6476	-0.0005	508.0000	506.6731	1.0272	7.9632	99.8155	40.6204	0.8230	0.8257	5.0000	-9999.0000	-9999.0000	-9999.0000	-9999.0000	-9999.0000	-9999.0000	17.2084	2	0	30.9288	1.0000	04	3	-9999.0000	16390	44109	-9999	-9999	8	22	325.7740	5	0.6394	0.6476	-0.0005	28.2909	1.8042	480.4787	464.9100	42.3380	485.0109	95.3935	480.7165	94.7917	481.9228	94.5833	485.4623	94.8380	
20/08/2017	01:13:28	011995	G523076329HLR	L523	S		451.6969	1.0400	0.0000	99.8369	39.7333	0.8230	1.1611	5.0000	27.1479	508.0846	94.9769	17.3389	25.6000	0.9300	0.9311	0.6481	-0.0005	508.0000	508.7051	1.0272	7.9426	99.9158	40.6167	0.8230	0.8255	5.0000	-9999.0000	-9999.0000	-9999.0000	-9999.0000	-9999.0000	-9999.0000	17.3785	3	0	30.6684	1.0000	04	3	-9999.0000	16391	44110	-9999	-9999	9	24	324.7817	5	0.6397	0.6481	-0.0005	27.2611	1.8489	471.9904	382.0217	43.9120	475.1560	95.1620	471.9465	94.8611	476.0914	94.7222	477.5765	94.6991	
20/08/2017	01:14:00	011995	G523076363HLR	L523	S		463.7875	1.0400	0.0000	100.1185	39.6096	0.8230	1.1610	5.0000	25.4887	508.0704	95.0694	9.3599	25.4000	0.9300	0.9305	0.6481	-0.0005	508.0000	507.7917	1.0272	7.9519	99.7084	40.6167	0.8230	0.8254	5.0000	-9999.0000	-9999.0000	-9999.0000	-9999.0000	-9999.0000	-9999.0000	17.1793	4	0	31.5979	1.0000	04	3	-9999.0000	16392	44110	-9999	-9999	10	26	326.8662	5	0.6397	0.6481	-0.0005	27.2611	1.8489	488.3588	447.4912	45.8796	490.8157	95.2778	487.9116	94.7222	491.1865	94.6296	495.4110	94.7917	
20/08/2017	01:14:31	011995	G523076321HLR	L523	S		455.2041	1.0400	0.0000	100.0053	39.6667	0.8230	1.1613	5.0000	28.0883	508.0362	94.9769	13.0901	25.4000	0.9300	0.9307	0.6483	-0.0005	508.0000	505.8261	1.0272	7.9719	99.8099	40.6167	0.8230	0.8254	5.0000	-9999.0000	-9999.0000	-9999.0000	-9999.0000	-9999.0000	-9999.0000	17.1689	5	0	31.1584	1.0000	04	3	-9999.0000	16393	44111	-9999	-9999	11	28	325.8875	5	0.6397	0.6483	-0.0005	26.9723	1.8626	479.6945	430.4797	44.3519	484.6603	95.5556	479.3264	95.0926	482.5562	94.7454	484.9737	94.6991	
20/08/2017	01:15:01	011995	G523076339HLR	L523	S		452.8329	1.0400	0.0000	99.8875	39.7706	0.8230	1.1614	5.0000	27.7583	508.0406	95.0231	11.9388	25.3000	0.9300	0.9306	0.6484	-0.0005	508.0000	507.5439	1.0272	7.9544	99.8017	40.6193	0.8230	0.8253	5.0000	-9999.0000	-9999.0000	-9999.0000	-9999.0000	-9999.0000	-9999.0000	17.3785	6	0	30.5789	1.0000	04	3	-9999.0000	16394	44112	-9999	-9999	12	30	326.2495	5	0.6399	0.6484	-0.0005	27.2491	1.8486	480.9504	434.2237	42.3148	482.6911	95.3241	480.2705	94.8843	485.5092	94.6991	488.2937	94.7454	
20/08/2017	01:15:33	011995	G523076328HLR	L523	S		450.8172	1.0400	0.0000	99.9632	39.8000	0.8230	1.1614	5.0000	27.9477	508.0378	95.0231	12.5296	25.2000	0.9300	0.9306	0.6486	-0.0005	508.0000	507.3918	1.0272	7.9559	99.7912	40.6167	0.8230	0.8252	5.0000	-9999.0000	-9999.0000	-9999.0000	-9999.0000	-9999.0000	-9999.0000	17.4743	7	0	31.4936	1.0000	04	3	-9999.0000	16395	44113	-9999	-9999	13	32	326.1391	5	0.6399	0.6486	-0.0005	27.0665	1.8488	478.2164	431.1009	44.1435	480.9904	95.3704	477.5164	95.0000	482.6564	94.7685	485.4220	94.7454	
20/08/2017	01:16:05	011995	G523076375HLR	L523	S		451.6049	1.0400	0.0000	99.9110	39.7952	0.8230	1.1609	5.0000	27.6559	508.0394	94.9769	15.8888	25.3000	0.9300	0.9307	0.6486	-0.0005	508.0000	508.2945	1.0272	7.9467	99.7448	40.6305	0.8230	0.8253	5.0000	-9999.0000	-9999.0000	-9999.0000	-9999.0000	-9999.0000	-9999.0000	17.3138	8	0	31.9821	1.0000	04	3	-9999.0000	16396	44114	-9999	-9999	14	34	325.1895	5	0.6400	0.6486	-0.0005	26.9609	1.8566	473.9116	424.7931	42.4537	476.9911	95.3704	473.5403	94.9306	477.2253	94.7454	479.6952	94.7685	
20/08/2017	01:16:36	011995	G523076376HLR	L523	S		456.5618	1.0400	0.0000	99.9134	39.7965	0.8230	1.1608	5.0000	28.5687	508.0272	94.9769	13.0598	25.2000	0.9300	0.9306	0.6488	-0.0005	508.0000	507.2212	1.0272	7.9577	99.7559	40.6244	0.8230	0.8252	5.0000	-9999.0000	-9999.0000	-9999.0000	-9999.0000	-9999.0000	-9999.0000	17.3684	1	0	31.0377	1.0000	04	3	-9999.0000	16396	44114	-9999	-9999	15	36	325.9859	5	0.6402	0.6488	-0.0005	26.9872	1.8523	478.5067	440.6966	45.1620	482.7976	95.5093	478.1221	95.1157	482.6916	94.7917	485.4038	94.5833	
20/08/2017	01:17:07	011995	G523076291HLR	L523	S		453.9111	1.0400	0.0000	99.9468	39.8001	0.8230	1.1609	5.0000	28.1882	508.0209	95.0000	14.1692	25.2000	0.9300	0.9307	0.6489	-0.0006	508.0000	507.5804	1.0272	7.9540	99.8020	40.6170	0.8230	0.8251	5.0000	-9999.0000	-9999.0000	-9999.0000	-9999.0000	-9999.0000	-9999.0000	17.1289	2	0	31.2787	1.0000	04	3	-9999.0000	16397	44115	-9999	-9999	16	38	325.6944	5	0.6404	0.6489	-0.0006	27.2228	1.8407	477.8745	476.1201	45.3009	484.1527	95.4630	477.5462	95.0000	478.8888	94.7685	483.1382	94.7222	
20/08/2017	01:17:37	011995	G523076330HLR	L523	S		452.6853	1.0400	0.0000	99.9219	39.8215	0.8230	1.1609	5.0000	27.5590	508.1107	95.0000	15.1496	25.2000	0.9300	0.9307	0.6490	-0.0006	508.0000	507.9006	1.0272	7.9507	99.7420	40.6314	0.8230	0.8251	5.0000	-9999.0000	-9999.0000	-9999.0000	-9999.0000	-9999.0000	-9999.0000	17.3521	3	0	30.1282	1.0000	04	3	-9999.0000	16398	44116	-9999	-9999	16	39	325.5370	5	0.6405	0.6490	-0.0006	27.3810	1.8382	475.7544	440.1998	45.0926	480.8216	95.4630	475.4662	94.9537	478.9604	94.7454	482.0488	94.7222	
20/08/2017	01:18:09	011995	G523076338HLR	L523	S		451.3468	1.0400	0.0000	99.9857	39.8267	0.8230	1.1608	5.0000	28.5491	508.0320	94.9769	15.8195	25.2000	0.9300	0.9306	0.6491	-0.0006	508.0000	508.2754	1.0272	7.9469	99.7207	40.6333	0.8230	0.8252	5.0000	-9999.0000	-9999.0000	-9999.0000	-9999.0000	-9999.0000	-9999.0000	17.2687	4	0	31.4583	1.0000	04	3	-9999.0000	16399	44117	-9999	-9999	17	40	325.2588	5	0.6405	0.6491	-0.0006	26.9825	1.8557	473.7729	448.7152	45.5324	477.8010	95.5324	473.1823	95.0231	476.1788	94.7685	479.1633	94.7222	
20/08/2017	01:18:40	011995	G523076348HLR	L523	S		454.8327	1.0400	0.0000	100.0222	39.8333	0.8230	1.1608	5.0000	28.9864	508.0879	95.0000	13.6594	25.1000	0.9300	0.9306	0.6491	-0.0006	508.0000	507.4978	1.0272	7.9548	99.7204	40.6500	0.8230	0.8253	5.0000	-9999.0000	-9999.0000	-9999.0000	-9999.0000	-9999.0000	-9999.0000	17.1296	5	0	30.9889	1.0000	04	3	-9999.0000	16400	44118	-9999	-9999	18	42	325.9898	5	0.6407	0.6491	-0.0006	26.5687	1.8839	477.8060	433.0127	46.8981	480.9139	95.6250	477.2525	95.1620	481.4150	94.7685	483.8704	94.6991	
20/08/2017	01:19:11	011995	G523076368HLR	L523	S		449.2023	1.0400	0.0000	100.1335	39.8404	0.8230	1.1609	5.0000	28.0588	508.0374	95.0231	13.3499	25.1000	0.9300	0.9307	0.6491	-0.0006	508.0000	508.4353	1.0272	7.9453	99.7488	40.6424	0.8230	0.8252	5.0000	-9999.0000	-9999.0000	-9999.0000	-9999.0000	-9999.0000	-9999.0000	17.1504	6	0	31.4674	1.0000	04	3	-9999.0000	16401	44119	-9999	-9999	19	44	326.0164	5	0.6407	0.6491	-0.0006	26.6307	1.8856	478.4333	431.0869	43.1250	479.1212	95.4630	477.8378	95.0231	481.3122	94.7454	485.1819	94.7454	
20/08/2017	01:19:42	011995	G523076340HLR	L523	S		454.8631	1.0400	0.0000	100.0069	39.8513	0.8230	1.1610	5.0000	28.2283	508.0589	95.0000	14.2395	25.2000	0.9300	0.9307	0.6491	-0.0006	508.0000	507.4961	1.0272	7.9549	99.8197	40.6479	0.8230	0.8252	5.0000	-9999.0000	-9999.0000	-9999.0000	-9999.0000	-9999.0000	-9999.0000	17.1295	7	0	30.5685	1.0000	04	3	-9999.0000	16402	44120	-9999	-9999	20	46	325.8103	5	0.6408	0.6491	-0.0006	26.4832	1.8988	475.7989	436.9505	46.0417	480.1899	95.4861	475.4652	95.0231	478.1988	94.7685	482.4416	94.7222	
20/08/2017	01:20:11	011995	G523076331HLR	L523	S		451.0678	1.0400	0.0000	99.9485	39.8613	0.8230	1.1609	5.0000	27.1383	508.0524	94.9769	17.8691	25.2000	0.9300	0.9308	0.6491	-0.0006	508.0000	508.9080	1.0272	7.9405	99.7757	40.6447	0.8230	0.8252	5.0000	-9999.0000	-9999.0000	-9999.0000	-9999.0000	-9999.0000	-9999.0000	17.1884	8	0	29.5882	1.0000	04	3	-9999.0000	16403	44121	-9999	-9999	21	48	324.7683	5	0.6408	0.6491	-0.0006	26.4668	1.8946	468.5688	434.7963	44.6528	475.6296	95.5556	468.0406	95.1389	471.9697	94.8148	475.1778	94.6991	
20/08/2017	01:20:43	011995	G523076359HLR	L523	S		452.6363	1.0400	0.0000	99.9735	39.8579	0.8230	1.1608	5.0000	28.4584	508.0545	95.0000	15.1994	25.1000	0.9300	0.9306	0.6491	-0.0005	508.0000	509.3413	1.0272	7.9361	99.8032	40.6500	0.8230	0.8253	5.0000	-9999.0000	-9999.0000	-9999.0000	-9999.0000	-9999.0000	-9999.0000	17.1382	1	0	31.9485	1.0000	04	3	-9999.0000	16404	44121	-9999	-9999	22	50	325.6080	5	0.6410	0.6491	-0.0005	26.7144	1.8723	475.4971	449.7292	42.7546	480.0384	95.8102	474.8927	95.3472	480.0809	94.7917	480.2662	94.6759	
20/08/2017	01:21:14	011995	G523076360HLR	L523	S		450.9802	1.0400	0.0000	100.0469	39.8686	0.8230	1.1608	5.0000	28.0510	508.0415	95.0000	13.2190	25.1000	0.9300	0.9306	0.6490	-0.0005	508.0000	508.7830	1.0272	7.9418	99.7234	40.6651	0.8230	0.8254	5.0000	-9999.0000	-9999.0000	-9999.0000	-9999.0000	-9999.0000	-9999.0000	17.1989	2	0	30.5690	1.0000	04	3	-9999.0000	16405	44122	-9999	-9999	23	52	326.0877	5	0.6411	0.6490	-0.0005	26.7154	1.8722	477.1582	421.0150	41.2037	481.7982	95.5787	476.7134	95.0926	480.8789	94.7685	485.2641	94.7222	
20/08/2017	01:21:45	011995	G523076350HLR	L523	S		451.0968	1.0400	0.0000	99.9635	39.8698	0.8230	1.1608	5.0000	28.4885	508.0298	94.9769	18.8193	25.2000	0.9300	0.9308	0.6494	-0.0006	508.0000	510.0797	1.0272	7.9286	100.0454	40.6500	0.8230	0.8253	5.0000	-9999.0000	-9999.0000	-9999.0000	-9999.0000	-9999.0000	-9999.0000	17.4795	3	0	30.9070	1.0000	04	3	-9999.0000	16405	44123	-9999	-9999	24	54	324.4765	5	0.6410	0.6494	-0.0006	26.8754	1.8485	469.7496	433.0410	43.9815	474.6801	95.4398	469.5443	95.0000	472.2137	94.8148	474.6905	94.7454	
20/08/2017	01:22:15	011995	G523076358HLR	L523	S		449.3444	1.0400	0.0000	99.9066	39.8803	0.8230	1.1608	5.0000	27.6283	508.0255	94.9537	17.0391	25.1000	0.9300	0.9306	0.6494	-0.0006	508.0000	509.0073	1.0272	7.9395	99.8337	40.6516	0.8230	0.8253	5.0000	-9999.0000	-9999.0000	-9999.0000	-9999.0000	-9999.0000	-9999.0000	17.3494	4	0	30.6005	1.0000	04	3	-9999.0000	16406	44124	-9999	-9999	25	56	324.9247	5	0.6410	0.6494	-0.0006	26.8754	1.8485	470.2543	438.1978	42.0602	473.8145	95.9722	469.6452	95.5093	473.1825	94.8148	475.7703	94.6296	
20/08/2017	01:22:46	011995	G523076370HLR	L523	S		450.9783	1.0400	0.0000	100.0068	39.8947	0.8230	1.1609	5.0000	26.5980	508.0862	95.0000	15.4093	25.1000	0.9300	0.9306	0.6496	-0.0006	508.0000	507.8421	1.0272	7.9513	99.7165	40.6500	0.8230	0.8252	5.0000	-9999.0000	-9999.0000	-9999.0000	-9999.0000	-9999.0000	-9999.0000	17.2283	5	0	30.6266	1.0000	04	3	-9999.0000	16407	44125	-9999	-9999	26	58	325.4540	5	0.6410	0.6496	-0.0006	26.6995	1.8698	473.8801	445.2159	42.1991	476.5205	95.6713	473.8259	95.2083	475.9822	94.7454	479.6557	94.6991	
20/08/2017	01:23:16	011995	G523076369HLR	L523	S		456.1799	1.0400	0.0000	99.9965	39.8838	0.8230	1.1607	5.0000	28.8889	508.0832	94.9769	13.6995	25.1000	0.9300	0.9306	0.6499	-0.0006	508.0000	507.1310	1.0272	7.9586	99.8091	40.6500	0.8230	0.8252	5.0000	-9999.0000	-9999.0000	-9999.0000	-9999.0000	-9999.0000	-9999.0000	17.0639	6	0	30.3185	1.0000	04	3	-9999.0000	16408	44126	-9999	-9999	27	60	325.9273	5	0.6411	0.6499	-0.0006	26.9617	1.8577	477.2029	440.6636	42.0602	481.5747	95.5093	476.8941	95.1389	480.2806	94.7917	483.6637	94.7222	
20/08/2017	01:23:48	011995	G523076332HLR	L523	S		443.4194	1.0400	0.0000	100.0366	39.9000	0.8230	1.1609	5.0000	27.5995	508.0902	94.9769	13.8791	25.1000	0.9300	0.9307	0.6504	-0.0007	508.0000	508.4594	1.0272	7.9451	99.7329	40.6659	0.8230	0.8252	5.0000	-9999.0000	-9999.0000	-9999.0000	-9999.0000	-9999.0000	-9999.0000	17.4090	7	0	31.3979	1.0000	04	3	-9999.0000	16409	44127	-9999	-9999	28	62	325.8430	5	0.6411	0.6504	-0.0007	27.1107	1.8462	475.4097	434.1372	43.2407	481.3071	95.4167	474.9755	95.0231	477.6371	94.7685	481.8797	94.7222	
20/08/2017	01:24:19	011995	G523076351HLR	L523	S		449.9764	1.0400	0.0000	100.0047	39.9000	0.8230	1.1608	5.0000	27.9178	508.0501	94.9769	15.6789	25.1000	0.9300	0.9307	0.6508	-0.0007	508.0000	507.2657	1.0272	7.9572	99.7561	40.6667	0.8230	0.8253	5.0000	-9999.0000	-9999.0000	-9999.0000	-9999.0000	-9999.0000	-9999.0000	17.6008	8	0	30.8186	1.0000	04	3	-9999.0000	16410	44128	-9999	-9999	29	64	325.0951	5	0.6410	0.6508	-0.0007	27.1420	1.8448	470.4976	435.1724	43.4722	475.0271	95.4398	470.1841	95.0000	473.5978	94.7917	477.6060	94.7454	
20/08/2017	01:24:49	011995	G523076342HLR	L523	S		454.9451	1.0400	0.0000	100.0171	39.9088	0.8230	1.1608	5.0000	27.6189	508.0360	94.9537	13.3792	25.2000	0.9300	0.9307	0.6505	-0.0007	508.0000	507.3464	1.0272	7.9564	99.7778	40.6667	0.8230	0.8253	5.0000	-9999.0000	-9999.0000	-9999.0000	-9999.0000	-9999.0000	-9999.0000	17.3009	1	0	30.2678	1.0000	04	3	-9999.0000	16411	44129	-9999	-9999	29	66	325.9309	5	0.6412	0.6505	-0.0007	27.6242	1.8039	476.7270	452.5464	43.1944	482.6821	95.5556	476.4063	95.0926	480.2585	94.7685	483.6565	94.7222	
20/08/2017	01:25:20	011995	G523076287HLR	L523	S		456.6512	1.0400	0.0000	100.0074	39.9116	0.8230	1.1608	5.0000	27.6283	508.0453	94.9769	13.1985	25.2000	0.9300	0.9307	0.6506	-0.0007	508.0000	508.4939	1.0272	7.9447	99.8005	40.6667	0.8230	0.8253	5.0000	-9999.0000	-9999.0000	-9999.0000	-9999.0000	-9999.0000	-9999.0000	17.3327	2	0	30.8890	1.0000	04	3	-9999.0000	16412	44130	-9999	-9999	30	68	326.0570	5	0.6413	0.6506	-0.0007	27.5540	1.8048	480.0630	428.5526	46.1806	483.2027	95.3472	479.8047	94.9769	482.9334	94.7685	485.8507	94.7454	
20/08/2017	01:25:51	011995	G523076353HLR	L523	S		448.9209	1.0400	0.0000	99.9038	39.9178	0.8230	1.1608	5.0000	27.3090	508.0579	94.9537	12.8997	25.3000	0.9300	0.9308	0.6509	-0.0007	508.0000	506.8127	1.0272	7.9618	99.7673	40.6808	0.8230	0.8253	5.0000	-9999.0000	-9999.0000	-9999.0000	-9999.0000	-9999.0000	-9999.0000	17.3786	3	0	31.6877	1.0000	04	3	-9999.0000	16413	44131	-9999	-9999	31	69	326.1606	5	0.6413	0.6509	-0.0007	27.5695	1.8030	475.3959	434.6740	42.8009	479.4883	95.3009	475.0144	94.9306	479.2321	94.7454	483.4701	94.7454	
20/08/2017	01:26:24	011995	G523076362HLR	L523	S		462.4475	1.0400	0.0000	99.9704	39.9238	0.8230	1.1608	5.0000	28.4182	508.0923	95.0231	10.4692	25.2000	0.9300	0.9307	0.6514	-0.0007	508.0000	509.8091	1.0272	7.9313	99.8416	40.6833	0.8230	0.8254	5.0000	-9999.0000	-9999.0000	-9999.0000	-9999.0000	-9999.0000	-9999.0000	17.3787	4	0	32.2086	1.0000	04	3	-9999.0000	16414	44132	-9999	-9999	32	71	327.1684	5	0.6413	0.6514	-0.0007	27.4636	1.8159	486.6145	430.4422	44.5139	489.1514	95.3241	485.9811	94.9074	488.4962	94.7917	492.5870	94.7685	
20/08/2017	01:26:55	011995	G523076361HLR	L523	S		461.6971	1.0400	0.0000	100.0160	39.9322	0.8230	1.1608	5.0000	27.7604	508.0888	95.0000	10.4994	25.3000	0.9300	0.9308	0.6517	-0.0007	508.0000	508.7130	1.0272	7.9425	99.7436	40.6679	0.8230	0.8252	5.0000	-9999.0000	-9999.0000	-9999.0000	-9999.0000	-9999.0000	-9999.0000	17.1135	5	0	31.1091	1.0000	04	3	-9999.0000	16415	44133	-9999	-9999	33	73	327.1885	5	0.6413	0.6517	-0.0007	27.6114	1.8088	486.0855	431.0721	44.4907	490.1137	95.3241	486.0087	94.9306	488.2508	94.7454	492.1706	94.6759	
20/08/2017	01:27:25	011995	G523076341HLR	L523	S		454.8638	1.0400	0.0000	99.8331	39.9333	0.8230	1.1608	5.0000	27.2929	508.1385	94.9537	13.9690	25.3000	0.9300	0.9308	0.6518	-0.0008	508.0000	507.2966	1.0272	7.9569	99.7138	40.6667	0.8230	0.8250	5.0000	-9999.0000	-9999.0000	-9999.0000	-9999.0000	-9999.0000	-9999.0000	17.5486	6	0	29.9381	1.0000	04	3	-9999.0000	16416	44134	-9999	-9999	34	75	325.9756	5	0.6413	0.6518	-0.0008	27.6770	1.8065	477.2548	433.1899	43.6343	480.8480	95.3704	476.6248	94.8611	480.4419	94.7685	484.1139	94.7685	
20/08/2017	01:27:56	011995	G523076286HLR	L523	S		452.5092	1.0400	0.0000	99.9410	39.9333	0.8230	1.1607	5.0000	27.9087	508.0977	94.9306	13.8391	25.2000	0.9300	0.9307	0.6522	-0.0008	508.0000	509.8672	1.0272	7.9307	99.9808	40.6797	0.8230	0.8251	5.0000	-9999.0000	-9999.0000	-9999.0000	-9999.0000	-9999.0000	-9999.0000	17.2791	7	0	31.4184	1.0000	04	3	-9999.0000	16417	44135	-9999	-9999	35	77	326.0158	5	0.6413	0.6522	-0.0008	29.3723	1.7144	476.3536	429.5372	44.6528	481.7111	95.3241	476.1498	94.8843	480.2767	94.7222	485.8543	94.7454	
20/08/2017	01:28:27	011995	G523076344HLR	L523	S		448.9504	1.0400	0.0000	99.9723	39.9333	0.8230	1.1607	5.0000	28.7243	508.0804	94.9769	17.9990	25.2000	0.9300	0.9307	0.6514	-0.0007	508.0000	509.5818	1.0272	7.9336	99.7513	40.6938	0.8230	0.8253	5.0000	-9999.0000	-9999.0000	-9999.0000	-9999.0000	-9999.0000	-9999.0000	17.1546	8	0	31.2773	1.0000	04	3	-9999.0000	16418	44136	-9999	-9999	36	79	324.4379	5	0.6412	0.6514	-0.0007	29.3794	1.7101	469.3842	432.3723	43.7037	476.5804	95.5093	468.8325	95.0926	472.6548	94.8380	475.1964	94.7685	
20/08/2017	01:28:57	011995	G523076354HLR	L523	S		451.1865	1.0400	0.0000	99.9673	39.9333	0.8230	1.1607	5.0000	29.2030	508.0458	94.9306	12.8596	25.1000	0.9300	0.9306	0.6519	-0.0008	508.0000	508.6791	1.0272	7.9428	99.7409	40.6833	0.8230	0.8252	5.0000	-9999.0000	-9999.0000	-9999.0000	-9999.0000	-9999.0000	-9999.0000	17.1892	1	0	29.3685	1.0000	04	3	-9999.0000	16418	44137	-9999	-9999	37	81	326.2936	5	0.6412	0.6519	-0.0008	30.9472	1.6135	478.4469	485.4771	46.2269	481.5981	95.9028	477.9282	95.4398	482.0729	94.8148	484.6876	94.6528	
20/08/2017	01:29:29	011995	G523076336HLR	L523	S		449.0729	1.0400	0.0000	99.9301	39.9339	0.8230	1.1607	5.0000	28.1582	508.0542	94.9769	13.6194	25.1000	0.9300	0.9307	0.6521	-0.0008	508.0000	507.9495	1.0272	7.9502	99.7421	40.6821	0.8230	0.8251	5.0000	-9999.0000	-9999.0000	-9999.0000	-9999.0000	-9999.0000	-9999.0000	17.5637	2	0	31.9084	1.0000	04	3	-9999.0000	16419	44137	-9999	-9999	38	83	326.0426	5	0.6412	0.6521	-0.0008	31.0937	1.6018	475.0569	437.8801	45.4630	480.0461	95.5093	474.3530	95.1157	478.3534	94.8148	482.1907	94.7222	
20/08/2017	01:29:59	011995	G523076347HLR	L523	S		452.0765	1.0400	0.0000	99.8969	39.9492	0.8230	1.1608	5.0000	26.9487	508.0957	94.9537	13.1800	25.2000	0.9300	0.9307	0.6518	-0.0007	508.0000	509.4725	1.0272	7.9347	99.8609	40.6974	0.8230	0.8250	5.0000	-9999.0000	-9999.0000	-9999.0000	-9999.0000	-9999.0000	-9999.0000	19.3093	3	0	30.1683	1.0000	04	3	-9999.0000	16420	44138	-9999	-9999	39	85	326.2361	5	0.6413	0.6518	-0.0007	33.4877	1.4516	477.3447	432.7226	43.7731	482.2348	95.4167	476.9873	94.9769	481.0253	94.7454	484.0354	94.7454	
20/08/2017	01:30:31	011995	G523077183HLR	L523	S		451.5943	1.0400	0.0000	99.9653	39.9391	0.8230	1.1607	5.0000	28.4583	508.0441	94.9537	12.6399	25.2000	0.9300	0.9307	0.6522	-0.0008	508.0000	508.4611	1.0272	7.9450	99.7252	40.7000	0.8230	0.8253	5.0000	-9999.0000	-9999.0000	-9999.0000	-9999.0000	-9999.0000	-9999.0000	17.1972	4	0	31.6738	1.0000	04	3	-9999.0000	16421	44138	-9999	-9999	40	87	326.3474	5	0.6411	0.6522	-0.0008	33.0589	1.4841	478.2941	445.4985	46.0185	482.1201	95.3472	478.0038	94.9306	480.5322	94.7685	486.1302	94.7685	
20/08/2017	01:31:01	011995	G523077188HLR	L523	S		451.3022	1.0400	0.0000	99.9827	39.9363	0.8230	1.1607	5.0000	28.2387	508.0739	94.9306	13.2493	25.2000	0.9300	0.9307	0.6520	-0.0008	508.0000	508.5674	1.0272	7.9440	99.7876	40.7000	0.8230	0.8254	5.0000	-9999.0000	-9999.0000	-9999.0000	-9999.0000	-9999.0000	-9999.0000	17.3287	5	0	30.8831	1.0000	04	3	-9999.0000	16422	44139	-9999	-9999	41	89	326.1243	5	0.6412	0.6520	-0.0008	33.9606	1.4460	476.9628	429.0498	43.9583	480.5470	95.3704	476.4538	94.9306	480.4869	94.7685	485.5388	94.7454	
20/08/2017	01:31:30	011995	G523077187HLR	L523	S		454.9767	1.0400	0.0000	99.8858	39.9651	0.8230	1.1608	5.0000	26.3824	508.0380	94.9306	14.0393	25.2000	0.9300	0.9307	0.6530	-0.0008	508.0000	509.3053	1.0272	7.9364	99.7099	40.6833	0.8230	0.8252	5.0000	-9999.0000	-9999.0000	-9999.0000	-9999.0000	-9999.0000	-9999.0000	17.1042	6	0	28.5386	1.0000	04	3	-9999.0000	16423	44140	-9999	-9999	42	90	325.8082	5	0.6411	0.6530	-0.0008	38.5658	1.1699	474.4689	423.0005	44.0741	478.9270	95.5093	474.1538	95.0000	477.8215	94.7917	481.7812	94.7454	
20/08/2017	01:32:02	011995	G523075028HLR	L523	S		454.2255	1.0400	0.0000	100.0220	39.9399	0.8230	1.1607	5.0000	28.8989	508.0562	94.9306	12.7190	25.1000	0.9300	0.9307	0.6523	-0.0008	508.0000	509.4668	1.0272	7.9348	99.7104	40.6833	0.8230	0.8251	5.0000	-9999.0000	-9999.0000	-9999.0000	-9999.0000	-9999.0000	-9999.0000	17.1177	7	0	31.7482	1.0000	04	3	-9999.0000	16424	44141	-9999	-9999	43	92	326.3139	5	0.6410	0.6523	-0.0008	40.2380	1.0757	479.9448	430.8279	41.7593	482.4700	95.5787	479.0266	95.0694	482.3634	94.7917	486.7183	94.7454	
20/08/2017	01:32:33	011995	G523075038HLR	L523	S		453.7274	1.0400	0.0000	99.9771	39.9526	0.8230	1.1608	5.0000	27.2192	508.0401	94.9537	14.7092	25.2000	0.9300	0.9307	0.6521	-0.0008	508.0000	509.6964	1.0272	7.9325	99.7585	40.7000	0.8230	0.8255	5.0000	-9999.0000	-9999.0000	-9999.0000	-9999.0000	-9999.0000	-9999.0000	17.2685	8	0	31.5677	1.0000	04	3	-9999.0000	16425	44142	-9999	-9999	43	93	325.4701	5	0.6409	0.6521	-0.0008	40.3778	1.0698	472.8414	402.6015	42.1065	477.1178	95.4861	472.1519	95.0694	477.6497	94.8148	480.6627	94.7685	
20/08/2017	01:33:05	011995	G523077006HLR	L523	S		449.4308	1.0400	0.0000	100.0411	39.9523	0.8230	1.1607	5.0000	28.6685	508.0711	94.9537	16.0187	25.2000	0.9300	0.9307	0.6518	-0.0008	508.0000	507.4815	1.0272	7.9550	99.7083	40.6998	0.8230	0.8253	5.0000	-9999.0000	-9999.0000	-9999.0000	-9999.0000	-9999.0000	-9999.0000	17.2470	1	0	31.9387	1.0000	09	3	-9999.0000	16426	44143	-9999	-9999	44	95	324.9798	5	0.6409	0.6518	-0.0008	40.0488	1.0919	468.6025	426.4346	43.1481	474.2675	95.6944	467.8818	95.2546	472.6097	94.8380	475.5825	94.7222	
20/08/2017	01:33:36	011995	G523076975HLR	L523	S		450.3367	1.0400	0.0000	99.9784	39.9512	0.8230	1.1608	5.0000	27.9182	508.0871	94.9306	15.6495	25.2000	0.9300	0.9307	0.6517	-0.0008	508.0000	506.9793	1.0272	7.9601	99.7622	40.6871	0.8230	0.8252	5.0000	-9999.0000	-9999.0000	-9999.0000	-9999.0000	-9999.0000	-9999.0000	17.2080	2	0	31.2081	1.0000	09	3	-9999.0000	16427	44144	-9999	-9999	45	97	325.1313	5	0.6409	0.6517	-0.0008	39.7930	1.1085	470.3110	466.0202	42.6852	476.6154	95.7870	469.9029	95.2546	472.9439	94.7917	476.2633	94.7222	
20/08/2017	01:34:07	011995	G523074732HLR	L523	S		458.0332	1.0400	0.0000	99.8722	39.9667	0.8230	1.1609	5.0000	25.5279	508.1091	94.9074	12.2601	25.1000	0.9300	0.9306	0.6512	-0.0007	508.0000	506.7374	1.0272	7.9626	99.7309	40.6833	0.8230	0.8250	5.0000	-9999.0000	-9999.0000	-9999.0000	-9999.0000	-9999.0000	-9999.0000	17.4090	3	0	30.3688	1.0000	09	3	-9999.0000	16428	44145	-9999	-9999	46	99	326.3899	5	0.6408	0.6512	-0.0007	41.0573	1.0338	481.1035	448.6236	42.5463	484.6237	95.7407	480.6178	95.2546	484.5166	94.7917	487.9209	94.6991	
20/08/2017	01:34:37	011995	G523074961HLR	L523	S		445.5101	1.0400	0.0000	100.0186	39.9420	0.8230	1.1607	5.0000	28.7982	508.0773	94.9306	13.9895	25.2000	0.9300	0.9307	0.6512	-0.0007	508.0000	509.9171	1.0272	7.9302	99.6936	40.6833	0.8230	0.8250	5.0000	-9999.0000	-9999.0000	-9999.0000	-9999.0000	-9999.0000	-9999.0000	17.3467	4	0	30.3076	1.0000	09	3	-9999.0000	16429	44146	-9999	-9999	47	101	325.6773	5	0.6407	0.6512	-0.0007	41.2273	1.0269	474.7310	429.7349	45.2546	480.2272	95.4861	474.0827	95.0463	479.0862	94.7917	482.7320	94.7454	
20/08/2017	01:35:09	011995	G523076998HLR	L523	S		446.2951	1.0400	0.0000	99.8105	39.9520	0.8230	1.1607	5.0000	28.5482	508.0862	94.9769	17.3692	25.2000	0.9300	0.9307	0.6510	-0.0007	508.0000	506.8834	1.0272	7.9611	99.7630	40.6985	0.8230	0.8252	5.0000	-9999.0000	-9999.0000	-9999.0000	-9999.0000	-9999.0000	-9999.0000	17.2690	5	0	32.0479	1.0000	09	3	-9999.0000	16430	44147	-9999	-9999	48	103	324.4225	5	0.6407	0.6510	-0.0007	41.0317	1.0460	465.9602	447.1381	44.5370	472.6032	95.5093	465.0511	94.9769	469.4982	94.7685	471.8328	94.7685	
20/08/2017	01:35:41	011995	G523077597HLR	L523	S		445.4498	1.0400	0.0000	100.0346	39.9480	0.8230	1.1607	5.0000	28.9695	508.0874	95.0694	19.0595	25.1000	0.9300	0.9306	0.6513	-0.0007	508.0000	507.3367	1.0272	7.9565	99.7393	40.7000	0.8230	0.8253	5.0000	-9999.0000	-9999.0000	-9999.0000	-9999.0000	-9999.0000	-9999.0000	17.4180	6	0	32.3087	1.0000	09	3	-9999.0000	16430	44148	-9999	-9999	49	105	323.8599	5	0.6408	0.6513	-0.0007	39.7997	1.1275	465.0654	510.0785	44.1435	470.6768	96.1574	464.8787	95.6481	468.2273	94.8148	470.8413	94.6528	
20/08/2017	01:36:14	011995	G523077599HLR	L523	S		445.4337	1.0400	0.0000	99.9477	39.9631	0.8230	1.1612	5.0000	28.2288	508.0617	95.0463	19.4589	25.1000	0.9300	0.9306	0.6512	-0.0007	508.0000	506.2270	1.0272	7.9678	99.7442	40.6948	0.8230	0.8252	5.0000	-9999.0000	-9999.0000	-9999.0000	-9999.0000	-9999.0000	-9999.0000	17.1286	7	0	32.2787	1.0000	09	3	-9999.0000	16431	44149	-9999	-9999	50	107	323.6255	5	0.6407	0.6512	-0.0007	39.5467	1.1488	461.8117	515.2652	46.8750	469.3405	96.3194	461.0898	95.8102	464.9982	94.7685	466.9878	94.5833	
20/08/2017	01:36:46	011995	G523077002HLR	L523	S		447.3172	1.0400	0.0000	99.9451	39.9667	0.8230	1.1608	5.0000	26.8182	508.0423	94.9306	16.6095	25.1000	0.9300	0.9306	0.6512	-0.0007	508.0000	507.3669	1.0272	7.9562	99.7987	40.6833	0.8230	0.8250	5.0000	-9999.0000	-9999.0000	-9999.0000	-9999.0000	-9999.0000	-9999.0000	17.1792	8	0	31.8980	1.0000	09	3	-9999.0000	16432	44150	-9999	-9999	51	109	324.6516	5	0.6407	0.6512	-0.0007	39.5467	1.1488	470.5653	526.7887	44.2593	475.0625	96.2037	470.1309	95.6944	471.7799	94.7917	473.8892	94.5833	
20/08/2017	01:37:15	011995	G523076977HLR	L523	S		448.6646	1.0400	0.0000	99.9785	39.9669	0.8230	1.1608	5.0000	27.2983	508.0233	94.9306	16.9688	25.1000	0.9300	0.9306	0.6505	-0.0007	508.0000	507.9362	1.0272	7.9504	99.8073	40.6819	0.8230	0.8250	5.0000	-9999.0000	-9999.0000	-9999.0000	-9999.0000	-9999.0000	-9999.0000	17.2391	1	0	29.2177	1.0000	09	3	-9999.0000	16433	44151	-9999	-9999	52	111	324.5429	5	0.6407	0.6505	-0.0007	39.3956	1.1692	468.3328	444.4019	44.0278	476.1880	95.8102	467.9532	95.3241	471.5947	94.7917	474.4828	94.6759	
20/08/2017	01:37:45	011995	G523076994HLR	L523	S		447.6032	1.0400	0.0000	100.0204	39.9662	0.8230	1.1607	5.0000	29.0579	508.0332	94.9537	16.7491	25.2000	0.9300	0.9307	0.6500	-0.0006	508.0000	506.9409	1.0272	7.9605	99.7530	40.6819	0.8230	0.8249	5.0000	-9999.0000	-9999.0000	-9999.0000	-9999.0000	-9999.0000	-9999.0000	17.3290	2	0	30.4888	1.0000	09	3	-9999.0000	16434	44152	-9999	-9999	53	113	324.7251	5	0.6407	0.6500	-0.0006	38.4766	1.2427	467.7542	469.2365	45.6019	474.1661	95.8333	467.5908	95.2778	471.6932	94.7685	473.8116	94.6759	
20/08/2017	01:38:14	011995	G523077017HLR	L523	S		443.5157	1.0400	0.0000	100.0043	39.9623	0.8230	1.1607	5.0000	29.3063	508.0155	95.0231	19.0097	25.2000	0.9300	0.9307	0.6491	-0.0006	508.0000	507.0844	1.0272	7.9591	99.7817	40.7000	0.8230	0.8252	5.0000	-9999.0000	-9999.0000	-9999.0000	-9999.0000	-9999.0000	-9999.0000	17.2282	3	0	28.7287	1.0000	09	3	-9999.0000	16435	44153	-9999	-9999	54	115	324.1388	5	0.6407	0.6491	-0.0006	39.2064	1.1874	465.5559	496.5243	45.2546	474.1567	95.7639	465.1964	95.2315	467.3338	94.7685	470.4307	94.6991	
20/08/2017	01:38:44	011995	G523076972HLR	L523	S		448.9913	1.0400	0.0000	99.9972	39.9667	0.8230	1.1607	5.0000	29.3084	508.0364	94.9537	16.7296	25.2000	0.9300	0.9306	0.6491	-0.0006	508.0000	507.0841	1.0272	7.9591	99.7717	40.7000	0.8230	0.8253	5.0000	-9999.0000	-9999.0000	-9999.0000	-9999.0000	-9999.0000	-9999.0000	17.1806	4	0	30.2780	1.0000	09	3	-9999.0000	16436	44153	-9999	-9999	55	116	324.8680	5	0.6406	0.6491	-0.0006	38.3841	1.2374	468.9406	514.6323	43.7963	476.5814	95.9259	468.4581	95.3704	472.1621	94.7454	476.2243	94.6296	
20/08/2017	01:39:15	011995	G523077605HLR	L523	S		448.8607	1.0400	0.0000	100.1860	39.9667	0.8230	1.1607	5.0000	28.8782	508.0076	94.9306	17.9297	25.2000	0.9300	0.9307	0.6478	-0.0005	508.0000	507.2176	1.0272	7.9577	99.7961	40.7167	0.8230	0.8256	5.0000	-9999.0000	-9999.0000	-9999.0000	-9999.0000	-9999.0000	-9999.0000	17.1888	5	0	30.4784	1.0000	09	3	-9999.0000	16437	44153	-9999	-9999	56	118	324.5896	5	0.6408	0.6478	-0.0005	37.4510	1.3050	467.2869	485.1882	46.6667	474.8454	95.7407	467.0812	95.2546	471.1296	94.7454	473.2288	94.6528	
20/08/2017	01:39:48	011995	G523077625HLR	L523	S		450.0077	1.0400	0.0000	99.8995	39.9800	0.8230	1.1609	5.0000	26.2838	508.0375	94.9537	15.9796	25.1000	0.9300	0.9306	0.6478	-0.0005	508.0000	508.7820	1.0272	7.9418	99.7551	40.7167	0.8230	0.8256	5.0000	-9999.0000	-9999.0000	-9999.0000	-9999.0000	-9999.0000	-9999.0000	17.3977	6	0	32.8188	1.0000	09	3	-9999.0000	16438	44154	-9999	-9999	57	120	325.2484	5	0.6408	0.6478	-0.0005	37.4510	1.3050	473.6698	520.0462	45.6713	480.5397	95.8333	473.0983	95.3241	475.5962	94.7222	478.8552	94.6528	
20/08/2017	01:40:18	011995	G523077615HLR	L523	S		450.7126	1.0400	0.0000	99.9131	39.9836	0.8230	1.1607	5.0000	27.4681	508.0880	94.9537	15.7990	25.1000	0.9300	0.9306	0.6475	-0.0005	508.0000	509.4588	1.0272	7.9349	99.7347	40.7153	0.8230	0.8255	5.0000	-9999.0000	-9999.0000	-9999.0000	-9999.0000	-9999.0000	-9999.0000	17.2387	7	0	29.9793	1.0000	09	3	-9999.0000	16438	44154	-9999	-9999	58	122	325.3262	5	0.6407	0.6475	-0.0005	36.6073	1.3629	472.8364	480.1093	42.5463	477.7773	95.4167	473.3242	94.9306	475.8894	94.6528	478.7242	94.7454	
20/08/2017	01:40:48	011995	G523076983HLR	L523	S		453.3495	1.0400	0.0000	99.8466	40.0000	0.8230	1.1609	5.0000	25.7009	508.0935	95.0000	14.6691	25.1000	0.9300	0.9306	0.6470	-0.0004	508.0000	508.5521	1.0272	7.9441	99.7600	40.6997	0.8230	0.8251	5.0000	-9999.0000	-9999.0000	-9999.0000	-9999.0000	-9999.0000	-9999.0000	17.4136	8	0	30.5464	1.0000	09	3	-9999.0000	16438	44155	-9999	-9999	59	124	325.6002	5	0.6407	0.6470	-0.0004	37.4434	1.3117	475.5155	468.6962	44.0509	480.9639	95.4398	475.1509	94.8843	479.1053	94.6296	482.2056	94.7454	
20/08/2017	01:41:18	011995	G523077635HLR	L523	S		451.7546	1.0400	0.0000	99.9104	40.0000	0.8230	1.1608	5.0000	27.2583	508.0225	94.9769	15.6798	25.1000	0.9300	0.9307	0.6469	-0.0004	508.0000	509.0966	1.0272	7.9386	99.6969	40.7000	0.8230	0.8252	5.0000	-9999.0000	-9999.0000	-9999.0000	-9999.0000	-9999.0000	-9999.0000	17.1326	1	0	29.7483	1.0000	09	3	-9999.0000	16439	44156	-9999	-9999	60	126	325.3417	5	0.6406	0.6469	-0.0004	37.4783	1.2944	473.9134	489.2257	45.1389	478.8954	95.3241	473.8901	94.8843	476.4010	94.6759	480.9714	94.7454	
20/08/2017	01:41:49	011995	G523076973HLR	L523	S		453.3986	1.0400	0.0000	99.8992	40.0000	0.8230	1.1607	5.0000	27.5279	508.0515	94.9074	12.9095	25.1000	0.9300	0.9306	0.6472	-0.0004	508.0000	508.4487	1.0272	7.9452	99.7559	40.7000	0.8230	0.8253	5.0000	-9999.0000	-9999.0000	-9999.0000	-9999.0000	-9999.0000	-9999.0000	17.0589	2	0	31.3685	1.0000	09	3	-9999.0000	16440	44156	-9999	-9999	61	128	325.9396	5	0.6406	0.6472	-0.0004	37.4674	1.2983	478.7319	484.7163	44.3056	483.8971	95.5556	478.1523	95.1389	481.3611	94.7222	485.0539	94.6991	
20/08/2017	01:42:18	011995	G523076974HLR	L523	S		452.6714	1.0400	0.0000	100.0400	39.9881	0.8230	1.1606	5.0000	29.8585	508.0564	94.9769	16.7296	25.2000	0.9300	0.9308	0.6469	-0.0004	508.0000	509.8573	1.0272	7.9308	99.7045	40.7000	0.8230	0.8253	5.0000	-9999.0000	-9999.0000	-9999.0000	-9999.0000	-9999.0000	-9999.0000	17.3184	3	0	28.7687	1.0000	09	3	-9999.0000	16440	44157	-9999	-9999	62	130	325.0583	5	0.6404	0.6469	-0.0004	38.2492	1.2546	471.9213	476.1912	46.8750	478.0090	95.3472	471.4133	94.9306	475.3632	94.7222	478.0307	94.7685	
20/08/2017	01:42:49	011995	G523077595HLR	L523	S		454.7634	1.0400	0.0000	99.8858	40.0000	0.8230	1.1607	5.0000	26.9927	508.0497	94.9306	12.9895	25.1000	0.9300	0.9306	0.6469	-0.0004	508.0000	509.0411	1.0272	7.9391	99.7869	40.7000	0.8230	0.8252	5.0000	-9999.0000	-9999.0000	-9999.0000	-9999.0000	-9999.0000	-9999.0000	17.2694	4	0	31.1285	1.0000	09	3	-9999.0000	16441	44158	-9999	-9999	63	132	325.8567	5	0.6404	0.6469	-0.0004	39.2151	1.1964	479.8184	524.2208	45.1389	489.9075	95.7407	479.5296	95.2546	483.2985	94.7454	486.0348	94.6759	
20/08/2017	01:43:17	011995	G523077062HLR	L523	S		455.7229	1.0400	0.0000	99.9405	40.0000	0.8230	1.1607	5.0000	27.5578	508.1115	94.9537	13.8694	25.1000	0.9300	0.9307	0.6465	-0.0004	508.0000	508.2200	1.0272	7.9475	99.7406	40.7117	0.8230	0.8255	5.0000	-9999.0000	-9999.0000	-9999.0000	-9999.0000	-9999.0000	-9999.0000	17.2594	5	0	27.6877	1.0000	09	3	-9999.0000	16442	44158	-9999	-9999	64	134	325.7061	5	0.6403	0.6465	-0.0004	38.2790	1.2452	479.2493	475.7129	44.4676	483.8573	95.3009	478.8479	94.8148	482.5889	94.6759	485.5091	94.7454	
20/08/2017	01:43:50	011995	G523077063HLR	L523	S		451.0208	1.0400	0.0000	99.8717	40.0000	0.8230	1.1608	5.0000	26.7783	508.0453	94.9074	16.6690	25.1000	0.9300	0.9307	0.6466	-0.0004	508.0000	507.5661	1.0272	7.9541	99.7926	40.7000	0.8230	0.8254	5.0000	-9999.0000	-9999.0000	-9999.0000	-9999.0000	-9999.0000	-9999.0000	17.3687	6	0	33.0090	1.0000	09	3	-9999.0000	16443	44159	-9999	-9999	65	136	324.9962	5	0.6402	0.6466	-0.0004	43.4014	0.9375	473.2754	473.5990	43.6111	480.5489	95.3241	472.7686	94.8611	476.1745	94.6759	478.7782	94.7454	
20/08/2017	01:44:20	011995	G523076984HLR	L523	S		453.4756	1.0400	0.0000	99.9658	39.9937	0.8230	1.1606	5.0000	28.3783	508.0210	94.9769	15.4191	25.1000	0.9300	0.9307	0.6460	-0.0004	508.0000	507.9803	1.0272	7.9499	99.7100	40.7143	0.8230	0.8257	5.0000	-9999.0000	-9999.0000	-9999.0000	-9999.0000	-9999.0000	-9999.0000	17.1684	7	0	29.5980	1.0000	09	3	-9999.0000	16444	44160	-9999	-9999	66	138	325.1796	5	0.6401	0.6460	-0.0004	44.9546	0.8390	475.8523	473.1182	44.9306	481.2220	95.7870	475.7160	95.3472	479.0242	94.7454	481.2231	94.6528	
20/08/2017	01:44:49	011995	G523077003HLR	L523	S		456.1101	1.0400	0.0000	99.7941	40.0000	0.8230	1.1608	5.0000	25.8393	508.0363	94.9074	12.1497	25.1000	0.9300	0.9307	0.6454	-0.0004	508.0000	508.6427	1.0272	7.9432	99.7978	40.7000	0.8230	0.8253	5.0000	-9999.0000	-9999.0000	-9999.0000	-9999.0000	-9999.0000	-9999.0000	17.2003	8	0	29.2789	1.0000	09	3	-9999.0000	16445	44161	-9999	-9999	67	140	325.7359	5	0.6400	0.6454	-0.0004	44.8179	0.8489	480.8909	485.6682	44.3287	487.6611	95.5093	480.3211	95.0000	485.3439	94.6759	487.6298	94.6991	
