Data	Timp	Nr. masina	Nr. de serie	Tip	Productie	Comentariu	Pre-masurare Q [ml/min]	Pre-masurare Gain	Pre-masurare Offset Master	Pre-masurare P [bar]	Pre-masurare T [°C]	Pre-masurare Densitate fixa [kg/l]	Pre-masurare densitate masurata [kg/l]	Pre-masurare Timp masurare [s]	Pre-masurare Cycle time [s]	rectificare Q Oprire [ml/min]	rectificare P Oprire [bar]	rectificare Timp rectificare [s]	rectificare T [°C]	rectificare Densitate fixa [kg/l]	rectificare densitate masurata [kg/l]	rectificare Factor de masurare la rectificare	rectificare Factor de corectie a debitului	rectificare Target rectificare	Masurare Q [ml/min]	Masurare Gain	Masurare Offset Master	Masurare P [bar]	Masurare T [°C]	Masurare Densitate fixa [kg/l]	Masurare densitate masurata [kg/l]	Masurare Timp masurare [s]	Masurare Q [ml/min]	Masurare Delta Q [ml/min]	Masurare P [bar]	Masurare BP [bar]	Masurare T [°C]	Masurare Timp masurare [s]	Masurare Cycle time [s]	Nest Nr.	Cod de descarcare	Cycle time [s]	Traceability aktiv	EDM Maschine Nr	EDM Spindle Nr	Honing Rate [r	Station Counter Premeasure	Station Counter Grind	Station Counter Blowout 1	Station Counter Wash	Station Counter Measure	Station Counter Blowout 2	RealGrindQStop	Reg Type	Factor 0	Factor 1	Factor 2	Factor 3	Factor 4	G_StartQV	G_StartQV_1	G_StartQV_2	G_StartQV_3	G_StartQV_4	G_StartQV_5	
17/08/2017	00:00:03	011995	G523058868HLR	L523	S		449.0482	1.0400	0.0000	99.9251	39.9563	0.8230	1.1610	5.0000	22.3677	508.0472	95.0000	15.6183	25.3000	0.9300	0.9329	0.6327	-0.0002	508.0000	509.3006	1.0272	7.9365	99.7355	40.7447	0.8230	0.8255	5.0000	-9999.0000	-9999.0000	-9999.0000	-9999.0000	-9999.0000	-9999.0000	17.0484	4	0	29.5784	1.0000	04	3	-9999.0000	10880	39068	-9999	-9999	2424	4895	320.1093	5	0.6301	0.6327	-0.0002	41.1579	1.1341	474.8691	520.8201	43.7500	481.6902	95.4398	474.4152	94.9769	477.7247	94.7222	480.0640	94.6991	
17/08/2017	00:00:30	011995	G523058888HLR	L523	S		450.0120	1.0400	0.0000	100.0102	39.9455	0.8230	1.1612	5.0000	20.5480	508.0283	95.0000	15.5285	25.4000	0.9300	0.9330	0.6314	-0.0001	508.0000	508.8530	1.0272	7.9410	100.0499	40.7423	0.8230	0.8258	5.0000	-9999.0000	-9999.0000	-9999.0000	-9999.0000	-9999.0000	-9999.0000	17.2386	5	0	27.3890	1.0000	04	3	-9999.0000	10881	39069	-9999	-9999	2425	4897	320.0975	5	0.6301	0.6314	-0.0001	41.5902	1.0926	475.5762	559.7242	44.7454	481.7084	95.5324	474.9837	95.0000	479.1748	94.6991	480.8545	94.6991	
17/08/2017	00:01:06	011995	G523058879HLR	L523	S		453.7713	1.0400	0.0000	99.8356	39.9354	0.8230	1.1609	5.0000	22.8637	508.0670	94.9769	12.8890	25.4000	0.9300	0.9329	0.6314	-0.0001	508.0000	507.5353	1.0272	7.9545	99.7769	40.7388	0.8230	0.8258	5.0000	-9999.0000	-9999.0000	-9999.0000	-9999.0000	-9999.0000	-9999.0000	17.2290	6	0	36.1378	1.0000	04	3	-9999.0000	10882	39070	-9999	-9999	2426	4899	320.2698	5	0.6301	0.6314	-0.0001	41.5902	1.0926	480.7690	530.6628	46.6898	487.9744	95.5093	480.6056	94.9074	484.0011	94.6528	487.6467	94.7454	
17/08/2017	00:01:33	011995	G523058901HLR	L523	S		453.1056	1.0400	0.0000	99.8996	39.9333	0.8230	1.1610	5.0000	22.2487	508.0117	94.9537	15.1691	25.4000	0.9300	0.9330	0.6310	-0.0001	508.0000	509.1133	1.0272	7.9384	99.7345	40.7332	0.8230	0.8259	5.0000	-9999.0000	-9999.0000	-9999.0000	-9999.0000	-9999.0000	-9999.0000	17.2886	7	0	26.8285	1.0000	04	3	-9999.0000	10883	39071	-9999	-9999	2427	4901	320.1240	5	0.6300	0.6310	-0.0001	40.9652	1.1306	477.6633	527.4554	45.6250	484.2436	95.4861	477.3195	94.9537	480.5915	94.6991	484.0059	94.7222	
17/08/2017	00:02:00	011995	G523058902HLR	L523	S		446.8549	1.0400	0.0000	99.8853	39.9151	0.8230	1.1608	5.0000	24.1490	508.0518	94.9537	18.5986	25.3000	0.9300	0.9329	0.6310	-0.0001	508.0000	507.2803	1.0272	7.9571	99.7348	40.7333	0.8230	0.8254	5.0000	-9999.0000	-9999.0000	-9999.0000	-9999.0000	-9999.0000	-9999.0000	17.2485	8	0	27.1584	1.0000	04	3	-9999.0000	10883	39071	-9999	-9999	2428	4903	319.9892	5	0.6300	0.6310	-0.0001	41.0907	1.1248	473.3360	553.3118	45.6250	465.9134	95.5093	472.2807	95.0000	478.4940	94.7222	478.7951	94.7685	
17/08/2017	00:02:30	011995	G523058908HLR	L523	S		452.8385	1.0400	0.0000	100.0576	39.9468	0.8230	1.1613	5.0000	20.5194	508.0462	94.9537	13.0784	25.2000	0.9300	0.9328	0.6310	-0.0001	508.0000	508.4469	1.0272	7.9452	99.8966	40.7427	0.8230	0.8256	5.0000	-9999.0000	-9999.0000	-9999.0000	-9999.0000	-9999.0000	-9999.0000	17.1186	1	0	29.8578	1.0000	04	3	-9999.0000	10884	39071	-9999	-9999	2429	4905	320.1519	5	0.6300	0.6310	-0.0001	41.0907	1.1248	482.2430	528.7016	43.2407	487.8396	95.6019	482.0904	95.0000	485.6237	94.6528	487.1238	94.6991	
17/08/2017	00:02:57	011995	G523058526HLR	L523	S		436.3321	1.0400	0.0000	99.7901	39.9394	0.8230	1.1607	5.0000	24.1709	508.0724	94.9537	25.1285	25.3000	0.9300	0.9329	0.6313	-0.0001	508.0000	507.9304	1.0272	7.9504	99.8151	40.7419	0.8230	0.8258	5.0000	-9999.0000	-9999.0000	-9999.0000	-9999.0000	-9999.0000	-9999.0000	17.4186	2	0	26.8689	1.0000	04	3	-9999.0000	10884	39072	-9999	-9999	2430	4907	319.6751	5	0.6300	0.6313	-0.0001	40.4844	1.1559	457.5434	527.8484	45.1852	465.8446	95.6481	457.0510	95.2083	459.9837	94.8148	462.1971	94.6991	
17/08/2017	00:03:30	011995	G523058889HLR	L523	S		451.2194	1.0400	0.0000	100.0214	39.9452	0.8230	1.1613	5.0000	20.4489	508.0559	94.9537	13.8791	25.2000	0.9300	0.9328	0.6313	-0.0001	508.0000	508.9715	1.0272	7.9398	99.7115	40.7412	0.8230	0.8258	5.0000	-9999.0000	-9999.0000	-9999.0000	-9999.0000	-9999.0000	-9999.0000	17.2781	3	0	32.6681	1.0000	04	3	-9999.0000	10885	39073	-9999	-9999	2431	4909	320.1830	5	0.6300	0.6313	-0.0001	40.4844	1.1559	481.0984	560.6776	47.2685	487.0007	95.8796	480.6452	95.3935	486.3012	94.6991	487.6056	94.6065	
17/08/2017	00:04:00	011995	G523058719HLR	L523	S		451.7918	1.0400	0.0000	99.8197	39.9547	0.8230	1.1607	5.0000	23.8388	508.0446	94.9769	15.0089	25.3000	0.9300	0.9329	0.6309	-0.0001	508.0000	509.2527	1.0272	7.9370	99.7398	40.7334	0.8230	0.8258	5.0000	-9999.0000	-9999.0000	-9999.0000	-9999.0000	-9999.0000	-9999.0000	17.2432	4	0	30.3187	1.0000	04	3	-9999.0000	10886	39074	-9999	-9999	2432	4911	320.1360	5	0.6300	0.6309	-0.0001	40.9408	1.1254	478.3067	553.6225	47.6389	485.0012	95.4398	477.9178	94.9074	481.4294	94.6759	484.1682	94.7222	
17/08/2017	00:04:27	011995	G523058541HLR	L523	S		445.2012	1.0400	0.0000	99.8588	39.9215	0.8230	1.1607	5.0000	24.2085	508.0494	94.9769	18.9199	25.3000	0.9300	0.9329	0.6301	-0.0000	508.0000	508.5699	1.0272	7.9439	99.7850	40.7430	0.8230	0.8258	5.0000	-9999.0000	-9999.0000	-9999.0000	-9999.0000	-9999.0000	-9999.0000	17.1395	5	0	26.6187	1.0000	04	3	-9999.0000	10887	39075	-9999	-9999	2433	4913	320.1013	5	0.6300	0.6301	-0.0000	39.4024	1.2252	470.8982	516.9346	44.0278	479.7062	95.5787	470.4166	95.0463	473.5864	94.7222	476.5450	94.6991	
17/08/2017	00:04:56	011995	G523058699HLR	L523	S		451.5478	1.0400	0.0000	99.8353	39.9291	0.8230	1.1608	5.0000	24.2789	508.0151	95.0000	15.9395	25.2000	0.9300	0.9328	0.6302	-0.0000	508.0000	509.7064	1.0272	7.9324	99.7648	40.7413	0.8230	0.8256	5.0000	-9999.0000	-9999.0000	-9999.0000	-9999.0000	-9999.0000	-9999.0000	17.2134	6	0	29.8339	1.0000	04	3	-9999.0000	10888	39076	-9999	-9999	2434	4915	320.0488	5	0.6299	0.6302	-0.0000	39.5340	1.2218	478.7699	553.7960	44.3056	485.6918	95.5556	478.6060	95.0694	480.6779	94.6759	482.5782	94.6528	
17/08/2017	00:05:22	011995	G523058512HLR	L523	S		443.9686	1.0400	0.0000	100.0262	39.9757	0.8230	1.1613	5.0000	20.5574	508.0573	94.9537	21.6687	25.3000	0.9300	0.9328	0.6302	-0.0000	508.0000	509.9872	1.0272	7.9295	99.9597	40.7407	0.8230	0.8258	5.0000	-9999.0000	-9999.0000	-9999.0000	-9999.0000	-9999.0000	-9999.0000	17.3195	7	0	25.5225	1.0000	04	3	-9999.0000	10888	39077	-9999	-9999	2435	4917	320.0006	5	0.6299	0.6302	-0.0000	39.4837	1.2235	467.4801	517.2891	44.5833	474.3267	95.6713	467.1077	95.1157	468.6964	94.7222	471.8322	94.6991	
17/08/2017	00:05:49	011995	G523058529HLR	L523	S		443.9008	1.0400	0.0000	99.9307	39.9559	0.8230	1.1611	5.0000	21.8590	508.0178	94.9769	19.3593	25.3000	0.9300	0.9328	0.6303	-0.0000	508.0000	507.6918	1.0272	7.9529	99.8419	40.7407	0.8230	0.8258	5.0000	-9999.0000	-9999.0000	-9999.0000	-9999.0000	-9999.0000	-9999.0000	17.1385	8	0	26.6175	1.0000	04	3	-9999.0000	10889	39078	-9999	-9999	2436	4919	319.9620	5	0.6299	0.6303	-0.0000	39.3066	1.2360	468.4312	517.8859	44.6065	476.9387	95.7407	468.5982	95.2546	471.5315	94.7222	473.7517	94.6296	
17/08/2017	00:06:15	011995	G523058704HLR	L523	S		453.8236	1.0400	0.0000	99.8407	39.9456	0.8230	1.1609	5.0000	22.4887	508.0391	94.9769	15.6993	25.3000	0.9300	0.9328	0.6303	-0.0000	508.0000	510.1614	1.0272	7.9277	99.7313	40.7293	0.8230	0.8259	5.0000	-9999.0000	-9999.0000	-9999.0000	-9999.0000	-9999.0000	-9999.0000	17.4585	1	0	26.5895	1.0000	04	3	-9999.0000	10890	39079	-9999	-9999	2437	4921	320.0393	5	0.6298	0.6303	-0.0000	38.9374	1.2523	479.8193	552.6038	43.9352	486.1711	95.5556	479.3007	95.0231	482.3978	94.6528	485.2160	94.6759	
17/08/2017	00:06:40	011995	G523058987HLR	L523	S		444.0223	1.0400	0.0000	99.8268	39.9333	0.8230	1.1609	5.0000	23.1435	508.0458	94.9537	18.9384	25.3000	0.9300	0.9328	0.6308	-0.0001	508.0000	506.8326	1.0272	7.9616	99.8033	40.6866	0.8230	0.8253	5.0000	-9999.0000	-9999.0000	-9999.0000	-9999.0000	-9999.0000	-9999.0000	17.2483	2	0	24.9586	1.0000	04	3	-9999.0000	10891	39080	-9999	-9999	2438	4923	319.9811	5	0.6297	0.6308	-0.0001	39.2552	1.2365	470.3362	555.5199	46.3426	478.2584	95.5556	469.4799	95.0000	473.6713	94.7222	476.3228	94.7222	
17/08/2017	00:07:05	011995	G523058979HLR	L523	S		453.8065	1.0400	0.0000	99.9502	39.9544	0.8230	1.1612	5.0000	20.7688	508.0763	94.9306	14.7092	25.2000	0.9300	0.9328	0.6308	-0.0001	508.0000	508.9872	1.0272	7.9397	99.7827	40.6790	0.8230	0.8244	5.0000	-9999.0000	-9999.0000	-9999.0000	-9999.0000	-9999.0000	-9999.0000	17.4664	3	0	25.2386	1.0000	04	3	-9999.0000	10892	39081	-9999	-9999	2439	4925	320.0919	5	0.6297	0.6308	-0.0001	39.2552	1.2365	478.9790	580.2242	45.7870	484.7999	95.6250	478.5869	94.9769	483.1043	94.6528	484.4555	94.7222	
17/08/2017	00:07:30	011995	G523058694HLR	L523	S		449.4852	1.0400	0.0000	99.8960	39.9422	0.8230	1.1610	5.0000	22.2781	508.0309	94.9769	15.6486	25.3000	0.9300	0.9328	0.6303	-0.0000	508.0000	508.6781	1.0272	7.9428	99.7430	40.7251	0.8230	0.8248	5.0000	-9999.0000	-9999.0000	-9999.0000	-9999.0000	-9999.0000	-9999.0000	17.1575	4	0	24.9396	1.0000	04	3	-9999.0000	10893	39082	-9999	-9999	2440	4927	319.9379	5	0.6296	0.6303	-0.0000	39.0428	1.2438	475.9468	557.7796	46.3889	484.9469	95.5787	475.4766	95.0463	478.6244	94.7222	482.3342	94.6991	
17/08/2017	00:07:55	011995	G523058679HLR	L523	S		451.5368	1.0400	0.0000	99.8338	39.9304	0.8230	1.1609	5.0000	22.8203	508.0822	94.9537	15.5489	25.3000	0.9300	0.9329	0.6302	-0.0000	508.0000	509.6504	1.0272	7.9329	99.7286	40.7474	0.8230	0.8255	5.0000	-9999.0000	-9999.0000	-9999.0000	-9999.0000	-9999.0000	-9999.0000	17.5981	5	0	25.0382	1.0000	04	3	-9999.0000	10894	39083	-9999	-9999	2441	4929	319.9752	5	0.6296	0.6302	-0.0000	39.0299	1.2455	477.2021	564.6811	47.3380	486.4513	95.5093	476.8564	94.8843	480.2536	94.6528	483.0187	94.7222	
17/08/2017	00:08:21	011995	G523058682HLR	L523	S		446.9506	1.0400	0.0000	99.9408	39.9339	0.8230	1.1611	5.0000	21.8894	508.0364	94.9306	14.0090	25.3000	0.9300	0.9328	0.6302	-0.0000	508.0000	506.4107	1.0272	7.9659	99.8193	40.7308	0.8230	0.8259	5.0000	-9999.0000	-9999.0000	-9999.0000	-9999.0000	-9999.0000	-9999.0000	17.3742	6	0	25.7984	1.0000	04	3	-9999.0000	10894	39084	-9999	-9999	2442	4931	319.9496	5	0.6296	0.6302	-0.0000	39.0299	1.2455	478.6591	562.6307	48.5417	484.5233	95.4861	478.4426	94.9537	482.5628	94.6759	485.4528	94.6991	
17/08/2017	00:08:46	011995	G523058981HLR	L523	S		449.1632	1.0400	0.0000	100.0101	39.9569	0.8230	1.1613	5.0000	20.6167	508.0379	94.8843	14.0998	25.3000	0.9300	0.9329	0.6303	-0.0000	508.0000	507.6543	1.0272	7.9532	99.7610	40.6909	0.8230	0.8253	5.0000	-9999.0000	-9999.0000	-9999.0000	-9999.0000	-9999.0000	-9999.0000	17.1892	7	0	25.0883	1.0000	04	3	-9999.0000	10895	39085	-9999	-9999	2443	4933	319.9301	5	0.6296	0.6303	-0.0000	38.4367	1.2803	481.3908	556.1065	47.8241	486.9880	95.4167	481.0414	94.9074	484.3426	94.6759	487.5834	94.6991	
17/08/2017	00:09:11	011995	G523058985HLR	L523	S		447.4350	1.0400	0.0000	99.9052	39.9305	0.8230	1.1610	5.0000	22.2183	508.0772	94.8843	13.9992	25.3000	0.9300	0.9329	0.6305	-0.0001	508.0000	506.5657	1.0272	7.9643	99.7777	40.6728	0.8230	0.8244	5.0000	-9999.0000	-9999.0000	-9999.0000	-9999.0000	-9999.0000	-9999.0000	17.3513	8	0	24.9489	1.0000	04	3	-9999.0000	10896	39086	-9999	-9999	2444	4935	319.9430	5	0.6295	0.6305	-0.0001	38.4916	1.2791	478.1835	555.0664	44.4907	484.9989	95.4630	477.5075	94.9537	482.4016	94.6991	485.8652	94.7222	
17/08/2017	00:09:36	011995	G523058672HLR	L523	S		452.1934	1.0400	0.0000	100.0380	39.9410	0.8230	1.1613	5.0000	20.4899	508.0582	94.8611	14.0793	25.3000	0.9300	0.9329	0.6304	-0.0001	508.0000	508.7090	1.0272	7.9425	99.7587	40.7167	0.8230	0.8247	5.0000	-9999.0000	-9999.0000	-9999.0000	-9999.0000	-9999.0000	-9999.0000	17.1448	1	0	25.0280	1.0000	04	3	-9999.0000	10897	39087	-9999	-9999	2445	4937	319.9231	5	0.6295	0.6304	-0.0001	38.4530	1.2784	479.2648	557.4333	44.9537	486.5092	95.4861	478.7364	95.0000	484.0470	94.6991	486.8820	94.7222	
17/08/2017	00:10:01	011995	G523060019HLR	L523	S		450.9700	1.0400	0.0000	100.0445	39.9447	0.8230	1.1613	5.0000	20.4624	508.0410	94.8843	14.4787	25.3000	0.9300	0.9329	0.6306	-0.0001	508.0000	508.5421	1.0272	7.9442	99.8156	40.7455	0.8230	0.8255	5.0000	-9999.0000	-9999.0000	-9999.0000	-9999.0000	-9999.0000	-9999.0000	17.2896	2	0	24.9322	1.0000	04	3	-9999.0000	10897	39087	-9999	-9999	2446	4939	319.9364	5	0.6296	0.6306	-0.0001	38.9693	1.2480	478.3394	536.5909	47.1528	485.5392	95.4398	477.8579	94.9306	482.1745	94.6991	485.2290	94.7222	
17/08/2017	00:10:29	011995	G523058696HLR	L523	S		451.4812	1.0400	0.0000	99.8355	39.9225	0.8230	1.1609	5.0000	22.7939	508.0505	94.9074	11.3197	25.3000	0.9300	0.9329	0.6306	-0.0001	508.0000	506.1859	1.0272	7.9682	99.9206	40.7326	0.8230	0.8258	5.0000	-9999.0000	-9999.0000	-9999.0000	-9999.0000	-9999.0000	-9999.0000	17.3354	3	0	27.7750	1.0000	04	3	-9999.0000	10898	39088	-9999	-9999	2447	4941	320.0465	5	0.6296	0.6306	-0.0001	39.0462	1.2428	484.3965	522.0153	47.3380	489.7143	95.4398	483.5721	94.9537	487.5108	94.6759	490.6506	94.6991	
17/08/2017	00:10:56	011995	G523058678HLR	L523	S		447.8303	1.0400	0.0000	100.0169	39.9333	0.8230	1.1613	5.0000	20.4911	508.0473	94.9537	13.1897	25.3000	0.9300	0.9330	0.6309	-0.0001	508.0000	506.3898	1.0272	7.9661	99.8092	40.7122	0.8230	0.8257	5.0000	-9999.0000	-9999.0000	-9999.0000	-9999.0000	-9999.0000	-9999.0000	17.6783	4	0	26.9985	1.0000	04	3	-9999.0000	10899	39089	-9999	-9999	2448	4943	320.1361	5	0.6297	0.6309	-0.0001	39.2657	1.2316	479.0544	580.4435	48.9120	487.2818	95.3935	478.6802	94.9537	483.0447	94.7222	485.3485	94.6991	
17/08/2017	00:11:21	011995	G523058700HLR	L523	S		449.8241	1.0400	0.0000	99.9855	39.9394	0.8230	1.1613	5.0000	20.4403	508.0612	94.9074	13.7385	25.3000	0.9300	0.9330	0.6302	-0.0000	508.0000	507.4984	1.0272	7.9548	99.8612	40.6836	0.8230	0.8253	5.0000	-9999.0000	-9999.0000	-9999.0000	-9999.0000	-9999.0000	-9999.0000	17.1883	5	0	24.8395	1.0000	04	3	-9999.0000	10900	39090	-9999	-9999	2449	4945	319.9591	5	0.6296	0.6302	-0.0000	38.6950	1.2624	480.3165	575.0202	47.2685	488.3343	95.4861	480.2449	94.9537	483.7633	94.6991	487.2051	94.7222	
17/08/2017	00:11:48	011995	G523058684HLR	L523	S		449.4157	1.0400	0.0000	99.9200	39.9437	0.8230	1.1612	5.0000	20.6176	508.0308	94.9537	12.4886	25.3000	0.9300	0.9330	0.6302	-0.0000	508.0000	506.4810	1.0272	7.9652	99.8080	40.6796	0.8230	0.8244	5.0000	-9999.0000	-9999.0000	-9999.0000	-9999.0000	-9999.0000	-9999.0000	18.3081	6	0	27.0082	1.0000	04	3	-9999.0000	10900	39091	-9999	-9999	2449	4947	319.9286	5	0.6296	0.6302	-0.0000	39.1162	1.2416	481.5388	553.4615	46.7593	488.7733	95.4861	480.9981	95.0000	485.3803	94.7222	487.7414	94.6991	
17/08/2017	00:12:13	011995	G523060018HLR	L523	S		452.8165	1.0400	0.0000	100.0267	39.9324	0.8230	1.1613	5.0000	20.5282	508.1078	94.9074	11.8099	25.3000	0.9300	0.9330	0.6308	-0.0001	508.0000	507.2304	1.0272	7.9576	99.6926	40.7333	0.8230	0.8249	5.0000	-9999.0000	-9999.0000	-9999.0000	-9999.0000	-9999.0000	-9999.0000	17.0805	7	0	24.9684	1.0000	04	3	-9999.0000	10901	39092	-9999	-9999	2450	4948	320.1222	5	0.6296	0.6308	-0.0001	39.7498	1.2064	484.0901	552.5054	45.6944	490.0112	95.4398	483.9049	94.9074	486.6644	94.6759	490.9171	94.6991	
17/08/2017	00:12:38	011995	G523058711HLR	L523	S		451.9254	1.0400	0.0000	99.8780	39.8995	0.8230	1.1607	5.0000	24.8189	508.0320	94.9074	12.7190	25.3000	0.9300	0.9329	0.6313	-0.0001	508.0000	506.7891	1.0272	7.9621	99.7857	40.7447	0.8230	0.8254	5.0000	-9999.0000	-9999.0000	-9999.0000	-9999.0000	-9999.0000	-9999.0000	17.6587	8	0	24.8788	1.0000	04	3	-9999.0000	10901	39093	-9999	-9999	2451	4950	320.0696	5	0.6297	0.6313	-0.0001	40.2573	1.1798	482.7171	533.9169	44.5370	488.5528	95.4630	481.9310	94.9537	485.6169	94.7454	487.3764	94.7454	
17/08/2017	00:13:12	011995	G523058954HLR	L523	S		450.6269	1.0400	0.0000	99.9054	39.9015	0.8230	1.1608	5.0000	24.0578	508.0544	94.9074	13.1488	25.4000	0.9300	0.9330	0.6314	-0.0001	508.0000	507.3078	1.0272	7.9568	99.7705	40.7387	0.8230	0.8258	5.0000	-9999.0000	-9999.0000	-9999.0000	-9999.0000	-9999.0000	-9999.0000	17.1546	1	0	33.9781	1.0000	04	3	-9999.0000	10901	39094	-9999	-9999	2452	4952	320.0771	5	0.6296	0.6314	-0.0001	40.4102	1.1779	481.1788	559.2421	44.5370	486.5699	95.4861	480.4951	94.9769	484.4097	94.7454	487.0650	94.7222	
17/08/2017	00:13:41	011995	G523058951HLR	L523	S		449.1142	1.0400	0.0000	99.9964	39.9380	0.8230	1.1613	5.0000	20.6819	508.0515	94.9074	13.1399	25.4000	0.9300	0.9330	0.6319	-0.0001	508.0000	505.9298	1.0272	7.9708	99.6321	40.7083	0.8230	0.8256	5.0000	-9999.0000	-9999.0000	-9999.0000	-9999.0000	-9999.0000	-9999.0000	17.2042	2	0	29.1780	1.0000	04	3	-9999.0000	10902	39095	-9999	-9999	2453	4954	320.1803	5	0.6298	0.6319	-0.0001	40.9651	1.1511	478.7922	530.4518	46.7130	486.2837	95.4861	478.4085	95.0000	483.4480	94.6991	486.0096	94.7222	
17/08/2017	00:14:08	011995	G523058717HLR	L523	S		449.7507	1.0400	0.0000	99.8642	39.9193	0.8230	1.1608	5.0000	24.0181	508.0334	94.9074	13.3294	25.3000	0.9300	0.9329	0.6322	-0.0002	508.0000	506.4725	1.0272	7.9653	99.8028	40.7173	0.8230	0.8260	5.0000	-9999.0000	-9999.0000	-9999.0000	-9999.0000	-9999.0000	-9999.0000	17.2086	3	0	27.3609	1.0000	04	3	-9999.0000	10902	39096	-9999	-9999	2454	4956	320.1637	5	0.6298	0.6322	-0.0002	41.0998	1.1462	479.4858	553.0305	47.0833	485.5028	95.5093	478.9803	95.0000	484.9000	94.7222	486.4797	94.7454	
17/08/2017	00:14:36	011995	G523058933HLR	L523	S		453.3253	1.0400	0.0000	99.9298	39.9418	0.8230	1.1612	5.0000	20.7889	508.0994	94.8843	11.2386	25.3000	0.9300	0.9329	0.6327	-0.0002	508.0000	505.8307	1.0272	7.9718	99.7878	40.6914	0.8230	0.8256	5.0000	-9999.0000	-9999.0000	-9999.0000	-9999.0000	-9999.0000	-9999.0000	17.1283	4	0	27.4662	1.0000	04	3	-9999.0000	10903	39097	-9999	-9999	2455	4958	320.4993	5	0.6299	0.6327	-0.0002	40.6777	1.1729	484.2821	530.5669	46.6667	489.3980	95.5324	483.8344	95.0231	487.8181	94.7222	490.6151	94.6991	
17/08/2017	00:15:05	011995	G523058906HLR	L523	S		441.3173	1.0400	0.0000	99.9905	39.9413	0.8230	1.1613	5.0000	20.5977	508.1369	94.9537	22.9489	25.4000	0.9300	0.9330	0.6331	-0.0002	508.0000	508.1198	1.0272	7.9485	99.8409	40.6755	0.8230	0.8248	5.0000	-9999.0000	-9999.0000	-9999.0000	-9999.0000	-9999.0000	-9999.0000	17.1353	5	0	29.0087	1.0000	04	3	-9999.0000	10904	39098	-9999	-9999	2456	4960	319.4429	5	0.6300	0.6331	-0.0002	41.0021	1.1529	461.1900	520.3987	45.2315	468.2307	95.5556	460.6382	95.0463	463.6813	94.7454	467.8048	94.6991	
17/08/2017	00:15:31	011995	G523058524HLR	L523	S		446.5861	1.0400	0.0000	99.9734	39.9483	0.8230	1.1613	5.0000	20.6591	508.0432	94.9537	18.3086	25.2000	0.9300	0.9329	0.6334	-0.0002	508.0000	509.8844	1.0272	7.9305	99.7299	40.6997	0.8230	0.8244	5.0000	-9999.0000	-9999.0000	-9999.0000	-9999.0000	-9999.0000	-9999.0000	17.2118	6	0	26.4685	1.0000	04	3	-9999.0000	10905	39099	-9999	-9999	2457	4962	319.7877	5	0.6301	0.6334	-0.0002	41.0601	1.1498	473.4834	552.3080	44.9074	480.8015	95.9028	472.9562	95.4398	475.9757	94.7222	477.9188	94.6065	
17/08/2017	00:16:02	011995	G523058930HLR	L523	S		451.3745	1.0400	0.0000	99.7934	39.9380	0.8230	1.1609	5.0000	22.8990	508.0420	94.9306	12.7991	25.2000	0.9300	0.9328	0.6334	-0.0002	508.0000	506.3747	1.0272	7.9663	99.8190	40.7167	0.8230	0.8247	5.0000	-9999.0000	-9999.0000	-9999.0000	-9999.0000	-9999.0000	-9999.0000	17.2073	7	0	30.9075	1.0000	04	3	-9999.0000	10906	39100	-9999	-9999	2458	4964	320.4120	5	0.6301	0.6334	-0.0002	41.0601	1.1498	479.8510	555.6666	44.9074	484.6270	95.6019	479.3364	95.0694	482.9891	94.6528	485.6500	94.6759	
17/08/2017	00:16:27	011995	G523058873HLR	L523	S		449.9349	1.0400	0.0000	99.8219	39.9236	0.8230	1.1608	5.0000	24.3582	508.0709	94.9769	15.3986	25.3000	0.9300	0.9329	0.6338	-0.0002	508.0000	510.4070	1.0272	7.9252	99.7369	40.7429	0.8230	0.8252	5.0000	-9999.0000	-9999.0000	-9999.0000	-9999.0000	-9999.0000	-9999.0000	17.3579	8	0	25.3891	1.0000	04	3	-9999.0000	10907	39101	-9999	-9999	2459	4966	320.2109	5	0.6302	0.6338	-0.0002	41.3647	1.1347	475.0995	543.0568	46.2500	482.1529	95.3472	474.9847	94.8148	479.1200	94.6528	482.1780	94.7222	
17/08/2017	00:16:55	011995	G523058907HLR	L523	S		443.4632	1.0400	0.0000	99.8408	39.9223	0.8230	1.1608	5.0000	24.4861	508.0824	94.9306	18.0693	25.3000	0.9300	0.9329	0.6342	-0.0003	508.0000	507.4527	1.0272	7.9553	99.8074	40.7328	0.8230	0.8251	5.0000	-9999.0000	-9999.0000	-9999.0000	-9999.0000	-9999.0000	-9999.0000	17.3219	1	0	27.1287	1.0000	04	3	-9999.0000	10908	39102	-9999	-9999	2460	4968	319.9287	5	0.6301	0.6342	-0.0003	40.9918	1.1654	468.3170	524.3895	46.5972	475.1898	95.5787	468.0106	95.1389	472.5687	94.7454	474.6732	94.6991	
17/08/2017	00:17:22	011995	G523058515HLR	L523	S		447.2227	1.0400	0.0000	99.8668	39.9333	0.8230	1.1609	5.0000	23.7016	508.0101	94.9074	14.2395	25.3000	0.9300	0.9329	0.6342	-0.0003	508.0000	506.4048	1.0272	7.9660	100.0354	40.7452	0.8230	0.8257	5.0000	-9999.0000	-9999.0000	-9999.0000	-9999.0000	-9999.0000	-9999.0000	17.1384	2	0	27.1985	1.0000	04	3	-9999.0000	10909	39103	-9999	-9999	2461	4970	320.2478	5	0.6301	0.6342	-0.0003	40.9918	1.1654	476.1293	539.6674	43.7037	481.4174	95.5556	475.6742	95.0463	479.2603	94.6991	482.7460	94.6759	
17/08/2017	00:17:47	011995	G523058516HLR	L523	S		442.9086	1.0400	0.0000	99.8979	39.9333	0.8230	1.1609	5.0000	23.4291	508.0477	95.0000	19.9589	25.3000	0.9300	0.9329	0.6359	-0.0004	508.0000	508.8386	1.0272	7.9412	99.7385	40.7445	0.8230	0.8257	5.0000	-9999.0000	-9999.0000	-9999.0000	-9999.0000	-9999.0000	-9999.0000	17.4246	3	0	25.2682	1.0000	04	3	-9999.0000	10910	39104	-9999	-9999	2462	4972	319.5317	5	0.6301	0.6359	-0.0004	41.7515	1.1152	465.2055	532.1687	44.0972	474.4720	95.4861	464.6802	95.0231	468.3692	94.7454	471.1585	94.6991	
17/08/2017	00:18:14	011995	G523058490HLR	L523	S		449.1802	1.0400	0.0000	99.9861	39.9464	0.8230	1.1613	5.0000	20.6883	508.0873	94.9769	14.4895	25.3000	0.9300	0.9328	0.6359	-0.0004	508.0000	507.4842	1.0272	7.9550	99.8722	40.7371	0.8230	0.8259	5.0000	-9999.0000	-9999.0000	-9999.0000	-9999.0000	-9999.0000	-9999.0000	17.0886	4	0	27.1688	1.0000	04	3	-9999.0000	10910	39105	-9999	-9999	2463	4974	320.3334	5	0.6301	0.6359	-0.0004	41.7515	1.1152	475.5491	552.4920	45.7639	481.7311	95.6019	474.9065	95.0926	479.0237	94.6991	481.8323	94.6759	
17/08/2017	00:18:39	011995	G523058491HLR	L523	S		445.2848	1.0400	0.0000	99.9999	39.9704	0.8230	1.1613	5.0000	20.4482	508.0202	94.9537	16.0196	25.3000	0.9300	0.9329	0.6361	-0.0004	508.0000	507.1260	1.0272	7.9586	99.7204	40.7122	0.8230	0.8257	5.0000	-9999.0000	-9999.0000	-9999.0000	-9999.0000	-9999.0000	-9999.0000	17.1013	5	0	25.0285	1.0000	04	3	-9999.0000	10911	39105	-9999	-9999	2464	4976	320.0128	5	0.6303	0.6361	-0.0004	41.6272	1.1324	471.8499	516.2893	47.2222	478.1255	95.4861	471.3826	95.0231	475.1175	94.6991	478.6444	94.6759	
17/08/2017	00:19:05	011995	G523058483HLR	L523	S		445.2538	1.0400	0.0000	99.8229	39.9333	0.8230	1.1608	5.0000	24.1084	508.0764	94.9537	14.9493	25.3000	0.9300	0.9328	0.6361	-0.0004	508.0000	506.6050	1.0272	7.9639	99.7820	40.6863	0.8230	0.8252	5.0000	-9999.0000	-9999.0000	-9999.0000	-9999.0000	-9999.0000	-9999.0000	17.2458	6	0	25.7986	1.0000	04	3	-9999.0000	10912	39106	-9999	-9999	2465	4978	320.3503	5	0.6303	0.6361	-0.0004	41.6272	1.1324	473.4762	534.4694	47.4306	477.8750	95.4398	472.9086	94.9769	477.6232	94.6759	480.8165	94.6759	
17/08/2017	00:19:32	011995	G523058543HLR	L523	S		447.7328	1.0400	0.0000	99.8877	39.9333	0.8230	1.1608	5.0000	24.2236	508.0273	94.9074	14.2893	25.3000	0.9300	0.9329	0.6363	-0.0004	508.0000	507.3290	1.0272	7.9566	99.8818	40.7000	0.8230	0.8244	5.0000	-9999.0000	-9999.0000	-9999.0000	-9999.0000	-9999.0000	-9999.0000	17.2268	7	0	26.5482	1.0000	04	3	-9999.0000	10913	39107	-9999	-9999	2466	4980	320.4055	5	0.6302	0.6363	-0.0004	41.2682	1.1589	474.5181	536.6507	44.1898	481.3625	95.4398	473.9952	94.9306	480.4501	94.6759	482.8851	94.7222	
17/08/2017	00:19:57	011995	G523058521HLR	L523	S		447.2759	1.0400	0.0000	99.9803	39.9523	0.8230	1.1613	5.0000	20.7284	508.0789	94.9769	15.1691	25.2000	0.9300	0.9329	0.6362	-0.0004	508.0000	508.3368	1.0272	7.9463	99.7126	40.7333	0.8230	0.8250	5.0000	-9999.0000	-9999.0000	-9999.0000	-9999.0000	-9999.0000	-9999.0000	17.1345	8	0	25.1392	1.0000	04	3	-9999.0000	10913	39108	-9999	-9999	2467	4982	320.3761	5	0.6305	0.6362	-0.0004	40.9835	1.1881	474.0105	499.8109	44.6065	481.5755	95.4630	473.6275	94.8843	476.9587	94.6528	480.7781	94.6991	
17/08/2017	00:20:28	011995	G523058551HLR	L523	S		447.8017	1.0400	0.0000	99.8450	39.9348	0.8230	1.1608	5.0000	24.1397	508.0733	94.9306	14.0793	25.3000	0.9300	0.9329	0.6362	-0.0004	508.0000	506.7224	1.0272	7.9627	99.7535	40.7480	0.8230	0.8255	5.0000	-9999.0000	-9999.0000	-9999.0000	-9999.0000	-9999.0000	-9999.0000	17.0641	1	0	30.8180	1.0000	04	3	-9999.0000	10914	39109	-9999	-9999	2468	4984	320.5708	5	0.6305	0.6362	-0.0004	40.9835	1.1881	475.9452	508.6419	43.6111	480.3659	95.5324	475.6132	94.9306	481.0816	94.6528	483.7624	94.7222	
17/08/2017	00:20:58	011995	G523058481HLR	L523	S		448.2055	1.0400	0.0000	99.9785	39.9555	0.8230	1.1613	5.0000	20.8353	508.0393	94.9769	14.9386	25.3000	0.9300	0.9329	0.6367	-0.0004	508.0000	508.1102	1.0272	7.9486	100.0455	40.7387	0.8230	0.8259	5.0000	-9999.0000	-9999.0000	-9999.0000	-9999.0000	-9999.0000	-9999.0000	17.2391	2	0	30.3165	1.0000	04	3	-9999.0000	10915	39110	-9999	-9999	2468	4986	320.3875	5	0.6305	0.6367	-0.0004	40.9370	1.1981	475.1425	529.4818	43.6343	479.6818	95.5787	474.6526	95.1389	478.5860	94.7222	481.7555	94.6759	
17/08/2017	00:21:24	011995	G523058530HLR	L523	S		446.4515	1.0400	0.0000	99.9972	39.9631	0.8230	1.1613	5.0000	20.6892	508.0641	94.9537	15.5685	25.2000	0.9300	0.9329	0.6375	-0.0005	508.0000	507.9707	1.0272	7.9500	99.8175	40.7492	0.8230	0.8255	5.0000	-9999.0000	-9999.0000	-9999.0000	-9999.0000	-9999.0000	-9999.0000	19.2187	3	0	25.8189	1.0000	04	3	-9999.0000	10916	39111	-9999	-9999	2469	4988	320.3475	5	0.6306	0.6375	-0.0005	40.2183	1.2662	473.9168	547.3974	44.3981	479.5420	95.5787	473.1055	95.0926	477.6306	94.7222	480.2740	94.6991	
17/08/2017	00:21:58	011995	G523058535HLR	L523	S		449.8175	1.0400	0.0000	99.9817	39.9791	0.8230	1.1613	5.0000	20.6794	508.0481	94.8843	14.1692	25.2000	0.9300	0.9329	0.6375	-0.0005	508.0000	508.7192	1.0272	7.9424	99.7931	40.7436	0.8230	0.8258	5.0000	-9999.0000	-9999.0000	-9999.0000	-9999.0000	-9999.0000	-9999.0000	17.0993	4	0	34.6075	1.0000	04	3	-9999.0000	10917	39112	-9999	-9999	2470	4990	320.5614	5	0.6306	0.6375	-0.0005	40.2183	1.2662	475.9946	519.3767	44.8843	480.4218	95.5324	475.6152	95.0463	478.6183	94.6759	483.1426	94.6991	
17/08/2017	00:22:25	011995	G523058534HLR	L523	S		440.2120	1.0400	0.0000	99.9467	39.9550	0.8230	1.1612	5.0000	21.2845	508.0289	94.9537	19.8690	25.3000	0.9300	0.9330	0.6375	-0.0005	508.0000	506.8829	1.0272	7.9611	99.7783	40.7347	0.8230	0.8259	5.0000	-9999.0000	-9999.0000	-9999.0000	-9999.0000	-9999.0000	-9999.0000	17.3692	5	0	26.7995	1.0000	04	3	-9999.0000	10918	39113	-9999	-9999	2471	4992	319.2673	5	0.6308	0.6375	-0.0005	38.7275	1.3859	459.8900	538.2665	46.3889	468.1698	95.6019	459.6845	95.1852	463.3699	94.7685	466.9833	94.6528	
17/08/2017	00:22:58	011995	G523058558HLR	L523	S		441.9364	1.0400	0.0000	100.0080	39.9683	0.8230	1.1613	5.0000	20.6378	508.0230	95.0000	19.3485	25.3000	0.9300	0.9328	0.6373	-0.0004	508.0000	507.2882	1.0272	7.9570	99.7752	40.7435	0.8230	0.8258	5.0000	-9999.0000	-9999.0000	-9999.0000	-9999.0000	-9999.0000	-9999.0000	17.2563	6	0	32.7275	1.0000	04	3	-9999.0000	10919	39114	-9999	-9999	2472	4994	319.4248	5	0.6309	0.6373	-0.0004	38.0042	1.4447	462.0952	545.4627	46.9213	469.2021	95.7407	461.4314	95.2778	465.4708	94.7454	468.3716	94.6296	
17/08/2017	00:23:23	011995	G523058548HLR	L523	S		448.0702	1.0400	0.0000	99.8000	39.9504	0.8230	1.1609	5.0000	22.9791	508.0804	94.9306	14.8400	25.3000	0.9300	0.9328	0.6373	-0.0004	508.0000	507.9940	1.0272	7.9498	99.7398	40.7412	0.8230	0.8259	5.0000	-9999.0000	-9999.0000	-9999.0000	-9999.0000	-9999.0000	-9999.0000	17.1092	7	0	25.1491	1.0000	04	3	-9999.0000	10920	39115	-9999	-9999	2473	4996	320.5894	5	0.6309	0.6373	-0.0004	38.0042	1.4447	473.9084	549.8225	46.2963	478.3550	95.6019	473.0753	95.1157	477.5541	94.6991	479.6708	94.6528	
17/08/2017	00:23:50	011995	G523058550HLR	L523	S		435.4945	1.0400	0.0000	99.8655	39.9401	0.8230	1.1610	5.0000	22.7194	508.1298	94.9306	23.6091	25.3000	0.9300	0.9329	0.6368	-0.0004	508.0000	505.5602	1.0272	7.9746	99.8097	40.7439	0.8230	0.8257	5.0000	-9999.0000	-9999.0000	-9999.0000	-9999.0000	-9999.0000	-9999.0000	17.0289	8	0	27.4384	1.0000	04	3	-9999.0000	10920	39116	-9999	-9999	2474	4998	318.7218	5	0.6308	0.6368	-0.0004	37.8620	1.4525	455.3247	548.8713	45.0000	463.4398	95.6250	454.5875	95.2315	458.4549	94.6991	460.1233	94.6528	
17/08/2017	00:24:20	011995	G523058545HLR	L523	S		450.7182	1.0400	0.0000	99.8706	39.9383	0.8230	1.1608	5.0000	23.6481	508.0823	94.9074	14.1096	25.2000	0.9300	0.9328	0.6368	-0.0004	508.0000	508.7987	1.0272	7.9416	99.7063	40.7354	0.8230	0.8259	5.0000	-9999.0000	-9999.0000	-9999.0000	-9999.0000	-9999.0000	-9999.0000	17.1669	1	0	29.3282	1.0000	04	3	-9999.0000	10920	39117	-9999	-9999	2475	5000	320.7441	5	0.6308	0.6368	-0.0004	37.8620	1.4525	477.1588	587.1411	50.4861	484.0887	95.8102	476.8707	95.3241	481.6104	94.7454	483.8583	94.6065	
17/08/2017	00:24:49	011995	G523058307HLR	L523	S		436.7910	1.0400	0.0000	99.7756	39.9390	0.8230	1.1608	5.0000	23.8058	508.0529	94.9537	21.7693	25.4000	0.9300	0.9330	0.6367	-0.0004	508.0000	507.2664	1.0272	7.9572	99.7751	40.7156	0.8230	0.8258	5.0000	-9999.0000	-9999.0000	-9999.0000	-9999.0000	-9999.0000	-9999.0000	17.1880	2	0	29.5081	1.0000	04	3	-9999.0000	10921	39118	-9999	-9999	2475	5002	319.2611	5	0.6308	0.6367	-0.0004	38.2372	1.4293	458.2436	577.8876	49.6759	465.6643	95.4630	457.5770	94.9769	462.6009	94.7222	464.8620	94.7222	
17/08/2017	00:25:14	011995	G523058302HLR	L523	S		449.1741	1.0400	0.0000	99.8775	39.9564	0.8230	1.1612	5.0000	20.8191	508.0446	94.9074	14.2199	25.3000	0.9300	0.9329	0.6367	-0.0004	508.0000	507.8613	1.0272	7.9511	99.7554	40.7004	0.8230	0.8257	5.0000	-9999.0000	-9999.0000	-9999.0000	-9999.0000	-9999.0000	-9999.0000	17.0496	3	0	25.1696	1.0000	04	3	-9999.0000	10922	39119	-9999	-9999	2475	5004	320.7719	5	0.6308	0.6367	-0.0004	38.2372	1.4293	476.1623	571.5427	46.5278	481.6334	95.6713	475.7586	95.2546	479.0078	94.7222	482.7639	94.6528	
17/08/2017	00:25:44	011995	G523058287HLR	L523	S		448.3545	1.0400	0.0000	100.0104	39.9809	0.8230	1.1613	5.0000	20.6282	508.0506	94.9306	14.9894	25.3000	0.9300	0.9329	0.6360	-0.0003	508.0000	507.6457	1.0272	7.9533	99.7907	40.6844	0.8230	0.8253	5.0000	-9999.0000	-9999.0000	-9999.0000	-9999.0000	-9999.0000	-9999.0000	17.1603	4	0	29.8479	1.0000	04	3	-9999.0000	10923	39120	-9999	-9999	2476	5006	320.6827	5	0.6309	0.6360	-0.0003	39.5218	1.3431	473.9493	525.1729	46.0417	480.0219	95.2778	473.4747	94.7685	477.4450	94.6296	480.5248	94.7454	
17/08/2017	00:26:12	011995	G523058567HLR	L523	S		427.9089	1.0400	0.0000	99.8268	39.9195	0.8230	1.1608	5.0000	24.4888	508.0675	95.0000	18.3398	25.2000	0.9300	0.9329	0.6355	-0.0003	508.0000	508.4523	1.0272	7.9451	100.0464	40.7000	0.8230	0.8244	5.0000	-9999.0000	-9999.0000	-9999.0000	-9999.0000	-9999.0000	-9999.0000	17.3736	5	0	28.0887	1.0000	04	3	-9999.0000	10924	39121	-9999	-9999	2477	5008	320.1297	5	0.6307	0.6355	-0.0003	38.2538	1.4257	436.9745	498.5736	43.5648	448.9062	95.6944	436.6286	95.1389	441.5145	94.3981	474.2823	94.9306	
17/08/2017	00:26:43	011995	G523058554HLR	L523	S		445.6169	1.0400	0.0000	99.9541	39.9347	0.8230	1.1612	5.0000	21.6481	508.0956	94.9306	18.6093	25.2000	0.9300	0.9329	0.6357	-0.0003	508.0000	509.3055	1.0272	7.9364	99.8304	40.7122	0.8230	0.8246	5.0000	-9999.0000	-9999.0000	-9999.0000	-9999.0000	-9999.0000	-9999.0000	17.1494	6	0	30.6680	1.0000	04	2	-9999.0000	10925	39121	-9999	-9999	2478	5009	320.1391	5	0.6308	0.6357	-0.0003	38.3009	1.4237	467.6686	548.1981	44.5139	473.6320	95.5556	467.2493	95.0463	470.1955	94.6759	474.5652	94.6991	
17/08/2017	00:27:09	011995	G523058549HLR	L523	S		396.7168	1.0400	0.0000	99.7700	39.9344	0.8230	1.1615	5.0000	23.4488	0.0000	0.0000	0.0000	0.0000	0.9300	0.0000	0.0000	0.0000	0.0000	444.0892	1.0272	7.3899	99.8602	40.7333	0.8230	0.8250	5.0000	-9999.0000	-9999.0000	-9999.0000	-9999.0000	-9999.0000	-9999.0000	17.0886	7	7	26.3491	1.0000	04	2	-9999.0000	10926	0	-9999	-9999	2479	5010	0.0000	0	0.0000	0.0000	0.0000	0.0000	0.0000	0.0000	0.0000	0.0000	0.0000	0.0000	0.0000	0.0000	0.0000	0.0000	0.0000	0.0000	
17/08/2017	00:27:37	011995	G523058552HLR	L523	S		447.2870	1.0400	0.0000	100.0067	39.9523	0.8230	1.1613	5.0000	20.5291	508.0414	94.9074	18.9091	25.4000	0.9300	0.9332	0.6363	-0.0003	508.0000	508.9943	1.0272	7.9396	99.9839	40.7243	0.8230	0.8249	5.0000	-9999.0000	-9999.0000	-9999.0000	-9999.0000	-9999.0000	-9999.0000	17.3191	8	0	27.2486	1.0000	04	2	-9999.0000	10927	39122	-9999	-9999	2480	5012	320.0482	5	0.6307	0.6363	-0.0003	38.2153	1.4280	467.0981	531.9800	46.3889	473.7777	95.3704	466.8810	95.0000	469.1991	94.7454	472.8879	94.6759	
17/08/2017	00:28:02	011995	G523058546HLR	L523	S		446.4452	1.0400	0.0000	100.0070	39.9497	0.8230	1.1613	5.0000	20.6082	508.0594	94.9537	17.0196	25.3000	0.9300	0.9330	0.6366	-0.0004	508.0000	507.4050	1.0272	7.9558	100.0101	40.7499	0.8230	0.8254	5.0000	-9999.0000	-9999.0000	-9999.0000	-9999.0000	-9999.0000	-9999.0000	17.3981	1	0	25.6939	1.0000	04	2	-9999.0000	10928	39123	-9999	-9999	2481	5014	320.3893	5	0.6306	0.6366	-0.0004	39.0862	1.3727	469.0760	555.7929	46.2963	474.9485	95.5324	468.8524	94.9769	472.8053	94.6528	475.0518	94.6991	
17/08/2017	00:28:30	011995	G523058533HLR	L523	S		443.7291	1.0400	0.0000	99.9853	39.9742	0.8230	1.1613	5.0000	20.6588	508.0489	94.9769	19.7392	25.3000	0.9300	0.9329	0.6366	-0.0004	508.0000	509.3907	1.0272	7.9356	99.7234	40.7451	0.8230	0.8257	5.0000	-9999.0000	-9999.0000	-9999.0000	-9999.0000	-9999.0000	-9999.0000	17.1385	2	0	27.8226	1.0000	04	2	-9999.0000	10929	39124	-9999	-9999	2482	5016	319.8424	5	0.6306	0.6366	-0.0004	39.0862	1.3727	464.9812	555.3468	48.4028	471.4878	95.5787	464.3451	95.0463	467.7538	94.6759	470.3232	94.6991	
17/08/2017	00:29:01	011995	G523059000HLR	L523	S		448.6386	1.0400	0.0000	100.0060	39.9576	0.8230	1.1613	5.0000	20.5018	508.0285	94.9769	15.3888	25.2000	0.9300	0.9329	0.6370	-0.0004	508.0000	510.2537	1.0272	7.9268	99.7805	40.7478	0.8230	0.8257	5.0000	-9999.0000	-9999.0000	-9999.0000	-9999.0000	-9999.0000	-9999.0000	19.2086	3	0	30.4280	1.0000	04	2	-9999.0000	10930	39125	-9999	-9999	2483	5018	320.6108	5	0.6306	0.6370	-0.0004	39.0862	1.3727	473.7078	553.2601	47.8009	478.7811	95.5093	473.3444	95.0231	477.0431	94.6528	480.2087	94.6528	
17/08/2017	00:29:26	011995	G523058993HLR	L523	S		448.3812	1.0400	0.0000	99.9556	39.9793	0.8230	1.1613	5.0000	20.5085	508.0353	94.9537	16.3390	25.2000	0.9300	0.9328	0.6367	-0.0004	508.0000	508.6808	1.0272	7.9428	99.6451	40.7231	0.8230	0.8259	5.0000	-9999.0000	-9999.0000	-9999.0000	-9999.0000	-9999.0000	-9999.0000	17.2281	4	0	25.7848	1.0000	04	2	-9999.0000	10931	39126	-9999	-9999	2483	5020	320.4311	5	0.6305	0.6367	-0.0004	40.3932	1.2841	471.5132	544.8263	46.5509	478.0545	95.4398	470.9647	94.9537	473.8813	94.6991	477.4530	94.6991	
17/08/2017	00:29:54	011995	G523059004HLR	L523	S		449.6497	1.0400	0.0000	99.9901	39.9656	0.8230	1.1613	5.0000	20.4988	508.0139	94.9537	14.6789	25.2000	0.9300	0.9329	0.6367	-0.0004	508.0000	508.4046	1.0272	7.9456	99.7760	40.7085	0.8230	0.8258	5.0000	-9999.0000	-9999.0000	-9999.0000	-9999.0000	-9999.0000	-9999.0000	17.1784	5	0	27.7432	1.0000	04	2	-9999.0000	10932	39127	-9999	-9999	2484	5022	320.7256	5	0.6305	0.6367	-0.0004	40.3932	1.2841	474.9393	505.1748	44.0972	480.4398	95.4630	474.5600	94.9306	478.9643	94.6296	481.4172	94.6991	
17/08/2017	00:30:21	011995	G523059002HLR	L523	S		448.0976	1.0400	0.0000	99.8516	39.9435	0.8230	1.1610	5.0000	22.4380	508.1098	94.9537	16.9200	25.3000	0.9300	0.9330	0.6368	-0.0004	508.0000	509.6879	1.0272	7.9325	99.7132	40.6770	0.8230	0.8246	5.0000	-9999.0000	-9999.0000	-9999.0000	-9999.0000	-9999.0000	-9999.0000	17.2489	6	0	26.4578	1.0000	04	2	-9999.0000	10933	39128	-9999	-9999	2485	5023	320.3791	5	0.6304	0.6368	-0.0004	40.7167	1.2679	470.1174	535.9218	46.6898	475.9423	95.4167	469.7143	94.8843	473.4088	94.6528	477.6919	94.6991	
17/08/2017	00:30:46	011995	G523058523HLR	L523	S		441.8088	1.0400	0.0000	99.8451	39.9187	0.8230	1.1610	5.0000	23.0206	508.0277	94.9306	19.4882	25.2000	0.9300	0.9329	0.6363	-0.0004	508.0000	507.7193	1.0272	7.9526	99.7016	40.7000	0.8230	0.8244	5.0000	-9999.0000	-9999.0000	-9999.0000	-9999.0000	-9999.0000	-9999.0000	17.2293	7	0	25.3097	1.0000	04	2	-9999.0000	10934	39129	-9999	-9999	2486	5025	319.7839	5	0.6303	0.6363	-0.0004	41.0701	1.2518	465.5195	531.3445	45.6250	469.7243	95.5556	465.3368	95.1389	468.6519	94.6991	471.8810	94.6759	
17/08/2017	00:31:11	011995	G523058994HLR	L523	S		449.0046	1.0400	0.0000	100.0435	39.9426	0.8230	1.1614	5.0000	20.5683	508.0542	94.9306	14.8888	25.2000	0.9300	0.9329	0.6363	-0.0004	508.0000	509.2719	1.0272	7.9368	99.7207	40.7333	0.8230	0.8250	5.0000	-9999.0000	-9999.0000	-9999.0000	-9999.0000	-9999.0000	-9999.0000	17.1479	8	0	25.0273	1.0000	04	2	-9999.0000	10935	39130	-9999	-9999	2487	5027	320.5981	5	0.6303	0.6363	-0.0004	41.0701	1.2518	474.6772	516.2470	45.7870	479.4441	95.4861	474.3151	95.0231	478.1763	94.6991	479.9921	94.6759	
17/08/2017	00:31:36	011995	G523058997HLR	L523	S		445.7547	1.0400	0.0000	99.8742	39.9424	0.8230	1.1610	5.0000	22.6508	508.0670	94.9537	16.7686	25.2000	0.9300	0.9329	0.6357	-0.0003	508.0000	508.6097	1.0272	7.9435	99.7825	40.7470	0.8230	0.8257	5.0000	-9999.0000	-9999.0000	-9999.0000	-9999.0000	-9999.0000	-9999.0000	17.0746	1	0	25.0192	1.0000	04	2	-9999.0000	10936	39131	-9999	-9999	2488	5029	320.3162	5	0.6302	0.6357	-0.0003	41.4220	1.2320	469.2614	553.0436	46.4120	476.8442	95.5324	469.2094	94.9306	472.4796	94.6528	477.3415	94.7222	
17/08/2017	00:32:05	011995	G523058995HLR	L523	S		450.5074	1.0400	0.0000	99.9141	39.9285	0.8230	1.1612	5.0000	21.3093	508.0482	95.0000	15.5294	25.2000	0.9300	0.9329	0.6358	-0.0003	508.0000	509.7215	1.0272	7.9322	100.1046	40.7356	0.8230	0.8260	5.0000	-9999.0000	-9999.0000	-9999.0000	-9999.0000	-9999.0000	-9999.0000	17.2681	2	0	28.6479	1.0000	04	2	-9999.0000	10936	39132	-9999	-9999	2489	5031	320.4355	5	0.6303	0.6358	-0.0003	41.2548	1.2434	473.7983	541.1005	46.6667	481.3341	95.5093	473.5427	94.9769	477.4819	94.6528	480.5636	94.6991	
17/08/2017	00:32:30	011995	G523058990HLR	L523	S		452.4834	1.0400	0.0000	100.0144	39.9452	0.8230	1.1614	5.0000	20.5387	508.0309	94.9074	14.3293	25.2000	0.9300	0.9329	0.6358	-0.0003	508.0000	509.6736	1.0272	7.9327	99.8210	40.6993	0.8230	0.8254	5.0000	-9999.0000	-9999.0000	-9999.0000	-9999.0000	-9999.0000	-9999.0000	17.4159	3	0	25.4315	1.0000	04	2	-9999.0000	10937	39133	-9999	-9999	2490	5032	320.6637	5	0.6303	0.6358	-0.0003	41.2548	1.2434	476.5492	558.5026	44.4676	483.7474	95.4630	476.1344	94.9074	479.8072	94.6296	482.9910	94.7222	
17/08/2017	00:32:56	011995	G523058992HLR	L523	S		448.0552	1.0400	0.0000	99.9778	39.9484	0.8230	1.1613	5.0000	20.6475	508.0975	94.9074	14.0295	25.2000	0.9300	0.9329	0.6355	-0.0003	508.0000	507.9917	1.0272	7.9498	99.6853	40.6772	0.8230	0.8248	5.0000	-9999.0000	-9999.0000	-9999.0000	-9999.0000	-9999.0000	-9999.0000	17.3189	4	0	25.7962	1.0000	04	2	-9999.0000	10938	39134	-9999	-9999	2491	5034	320.7323	5	0.6303	0.6355	-0.0003	41.4007	1.2349	476.8110	544.2545	47.6389	481.5680	95.3704	476.0057	94.9074	481.0434	94.6528	484.2731	94.7454	
17/08/2017	00:33:25	011995	G523058988HLR	L523	S		452.7119	1.0400	0.0000	100.0240	39.9391	0.8230	1.1613	5.0000	20.4766	508.1049	94.8843	14.0187	25.2000	0.9300	0.9329	0.6352	-0.0003	508.0000	508.4244	1.0272	7.9454	99.9751	40.7120	0.8230	0.8245	5.0000	-9999.0000	-9999.0000	-9999.0000	-9999.0000	-9999.0000	-9999.0000	17.6341	5	0	28.8479	1.0000	04	2	-9999.0000	10939	39135	-9999	-9999	2492	5036	320.6767	5	0.6302	0.6352	-0.0003	41.3417	1.2399	476.7560	549.8569	45.1389	482.4390	95.3935	475.6330	94.9074	480.2793	94.6759	483.6492	94.6991	
17/08/2017	00:33:52	011995	G523058974HLR	L523	S		448.5696	1.0400	0.0000	99.9717	39.9452	0.8230	1.1613	5.0000	20.6190	508.0191	94.9769	17.7383	25.3000	0.9300	0.9330	0.6337	-0.0002	508.0000	510.3722	1.0272	7.9256	99.7272	40.7490	0.8230	0.8253	5.0000	-9999.0000	-9999.0000	-9999.0000	-9999.0000	-9999.0000	-9999.0000	17.0289	6	0	27.2292	1.0000	04	2	-9999.0000	10940	39136	-9999	-9999	2493	5038	320.0471	5	0.6302	0.6337	-0.0002	40.9578	1.2589	471.4793	550.0755	46.8519	477.0102	95.4861	470.9253	95.0231	474.1000	94.6991	477.2898	94.6991	
17/08/2017	00:34:17	011995	G523058983HLR	L523	S		453.0019	1.0400	0.0000	100.0247	39.9331	0.8230	1.1613	5.0000	20.6092	508.0376	94.9074	14.4885	25.2000	0.9300	0.9329	0.6337	-0.0002	508.0000	509.1180	1.0272	7.9383	99.7731	40.7443	0.8230	0.8255	5.0000	-9999.0000	-9999.0000	-9999.0000	-9999.0000	-9999.0000	-9999.0000	17.2362	7	0	25.5445	1.0000	04	2	-9999.0000	10941	39137	-9999	-9999	2494	5040	320.3972	5	0.6302	0.6337	-0.0002	40.9578	1.2589	477.3634	554.0204	47.6389	484.7827	95.5556	476.9460	95.0000	479.3093	94.6759	482.3381	94.6991	
17/08/2017	00:34:43	011995	G523058984HLR	L523	S		448.4699	1.0400	0.0000	100.0082	39.9414	0.8230	1.1614	5.0000	20.5388	508.0286	94.9769	14.8791	25.3000	0.9300	0.9330	0.6338	-0.0002	508.0000	508.6493	1.0272	7.9431	99.7684	40.7419	0.8230	0.8257	5.0000	-9999.0000	-9999.0000	-9999.0000	-9999.0000	-9999.0000	-9999.0000	17.0381	8	0	25.0430	1.0000	04	2	-9999.0000	10942	39138	-9999	-9999	2495	5042	320.3551	5	0.6302	0.6338	-0.0002	41.2898	1.2400	477.4951	521.9413	45.8796	482.4903	95.5324	477.0416	94.9306	480.6330	94.6759	483.4698	94.7222	
17/08/2017	00:35:08	011995	G523058991HLR	L523	S		447.7174	1.0400	0.0000	99.9976	39.9415	0.8230	1.1613	5.0000	20.5813	508.0279	94.9306	17.8584	25.3000	0.9300	0.9330	0.6334	-0.0002	508.0000	509.8154	1.0272	7.9312	99.6598	40.7317	0.8230	0.8259	5.0000	-9999.0000	-9999.0000	-9999.0000	-9999.0000	-9999.0000	-9999.0000	17.1092	1	0	25.3679	1.0000	04	2	-9999.0000	10943	39139	-9999	-9999	2496	5044	320.0035	5	0.6300	0.6334	-0.0002	40.4730	1.2773	469.8785	543.1051	44.3056	477.9915	95.6481	469.5480	95.0000	472.7175	94.6759	474.7192	94.7454	
17/08/2017	00:35:38	011995	G523058972HLR	L523	S		447.0113	1.0400	0.0000	100.0202	39.9260	0.8230	1.1614	5.0000	20.5097	508.1087	94.9769	16.2696	25.3000	0.9300	0.9329	0.6331	-0.0002	508.0000	508.2416	1.0272	7.9473	99.7567	40.6994	0.8230	0.8256	5.0000	-9999.0000	-9999.0000	-9999.0000	-9999.0000	-9999.0000	-9999.0000	17.0687	2	0	29.6742	1.0000	04	2	-9999.0000	10944	39140	-9999	-9999	2497	5046	320.1778	5	0.6299	0.6331	-0.0002	39.5805	1.3220	472.1066	541.9407	44.3056	480.0925	95.6250	471.7729	95.0463	475.9594	94.6528	479.1311	94.6759	
17/08/2017	00:36:07	011995	G523058971HLR	L523	S		450.1720	1.0400	0.0000	100.0679	39.9439	0.8230	1.1613	5.0000	20.6384	508.1314	94.9306	13.9787	25.2000	0.9300	0.9329	0.6331	-0.0002	508.0000	508.5851	1.0272	7.9438	99.8006	40.6786	0.8230	0.8247	5.0000	-9999.0000	-9999.0000	-9999.0000	-9999.0000	-9999.0000	-9999.0000	17.9177	3	0	29.1132	1.0000	04	2	-9999.0000	10945	39141	-9999	-9999	2498	5048	320.4424	5	0.6299	0.6331	-0.0002	39.5805	1.3220	477.6492	553.1823	45.6713	483.9360	95.4861	477.1803	94.9769	480.7294	94.6528	484.0706	94.6759	
17/08/2017	00:36:32	011995	G523058978HLR	L523	S		451.5964	1.0400	0.0000	99.8315	39.9102	0.8230	1.1610	5.0000	22.5387	508.0795	94.9074	14.0793	25.3000	0.9300	0.9330	0.6325	-0.0002	508.0000	508.7007	1.0272	7.9426	99.7603	40.6833	0.8230	0.8244	5.0000	-9999.0000	-9999.0000	-9999.0000	-9999.0000	-9999.0000	-9999.0000	17.3586	4	0	24.9775	1.0000	04	2	-9999.0000	10946	39142	-9999	-9999	2499	5049	320.2894	5	0.6298	0.6325	-0.0002	39.5553	1.3239	477.8099	537.6579	43.4259	484.4601	95.3241	477.6058	94.7917	483.1717	94.6296	486.8745	94.7222	
17/08/2017	00:36:57	011995	G523058976HLR	L523	S		447.7586	1.0400	0.0000	99.8122	39.9036	0.8230	1.1611	5.0000	22.0596	508.0488	94.8843	14.5197	25.3000	0.9300	0.9330	0.6325	-0.0002	508.0000	507.7530	1.0272	7.9522	99.8137	40.7117	0.8230	0.8246	5.0000	-9999.0000	-9999.0000	-9999.0000	-9999.0000	-9999.0000	-9999.0000	17.0484	5	0	25.2888	1.0000	04	2	-9999.0000	10946	39143	-9999	-9999	2500	5051	320.1695	5	0.6298	0.6325	-0.0002	39.4835	1.3238	476.9359	539.0910	46.3889	483.0009	95.4167	476.7178	94.9769	480.0069	94.6759	483.1367	94.6991	
17/08/2017	00:37:24	011995	G523058975HLR	L523	S		445.0912	1.0400	0.0000	99.9442	39.9157	0.8230	1.1614	5.0000	20.5159	508.0399	94.9537	18.7695	25.3000	0.9300	0.9330	0.6324	-0.0002	508.0000	506.6141	1.0272	7.9638	99.7471	40.7471	0.8230	0.8254	5.0000	-9999.0000	-9999.0000	-9999.0000	-9999.0000	-9999.0000	-9999.0000	17.2087	6	0	27.2192	1.0000	04	2	-9999.0000	10947	39144	-9999	-9999	2501	5052	319.9261	5	0.6297	0.6324	-0.0002	39.2583	1.3343	468.3411	533.7053	46.2500	475.0080	95.5556	467.6838	95.1620	471.2641	94.7222	475.1917	94.6991	
17/08/2017	00:37:49	011995	G523058969HLR	L523	S		447.7514	1.0400	0.0000	100.0104	39.9230	0.8230	1.1614	5.0000	20.5692	508.0493	94.9537	18.2090	25.2000	0.9300	0.9329	0.6324	-0.0002	508.0000	509.7725	1.0272	7.9317	99.8474	40.7500	0.8230	0.8255	5.0000	-9999.0000	-9999.0000	-9999.0000	-9999.0000	-9999.0000	-9999.0000	19.1684	7	0	24.9591	1.0000	04	2	-9999.0000	10948	39145	-9999	-9999	2502	5054	319.8742	5	0.6297	0.6324	-0.0002	39.2380	1.3305	471.2398	551.1145	45.1620	478.6037	95.6250	470.6540	95.1157	474.0326	94.6991	476.6291	94.6528	
17/08/2017	00:38:14	011995	G523058967HLR	L523	S		413.7816	1.0400	0.0000	99.8646	39.9163	0.8230	1.1612	5.0000	22.2790	0.0000	0.0000	0.0000	0.0000	0.9300	0.0000	0.0000	0.0000	0.0000	450.1678	1.0272	7.4528	99.7886	40.7203	0.8230	0.8258	5.0000	-9999.0000	-9999.0000	-9999.0000	-9999.0000	-9999.0000	-9999.0000	17.1412	8	7	24.9872	1.0000	04	2	-9999.0000	10949	0	-9999	-9999	2503	5056	0.0000	0	0.0000	0.0000	0.0000	0.0000	0.0000	0.0000	0.0000	0.0000	0.0000	0.0000	0.0000	0.0000	0.0000	0.0000	0.0000	0.0000	
17/08/2017	00:38:39	011995	G523058674HLR	L523	S		448.0375	1.0400	0.0000	99.9931	39.9264	0.8230	1.1614	5.0000	20.4584	508.0404	94.9074	14.2394	25.4000	0.9300	0.9332	0.6328	-0.0002	508.0000	507.7594	1.0272	7.9522	99.7478	40.6995	0.8230	0.8253	5.0000	-9999.0000	-9999.0000	-9999.0000	-9999.0000	-9999.0000	-9999.0000	17.1991	1	0	24.9984	1.0000	04	2	-9999.0000	10950	39146	-9999	-9999	2504	5058	320.1817	5	0.6298	0.6328	-0.0002	39.7455	1.3019	476.4767	520.0776	46.2037	483.3568	95.4167	475.6442	94.9769	479.9518	94.7222	483.6197	94.6759	
17/08/2017	00:39:04	011995	G523058675HLR	L523	S		448.3716	1.0400	0.0000	99.9572	39.9327	0.8230	1.1614	5.0000	20.6975	508.0556	94.9769	16.2892	25.3000	0.9300	0.9330	0.6321	-0.0001	508.0000	509.0007	1.0272	7.9395	99.8485	40.6865	0.8230	0.8244	5.0000	-9999.0000	-9999.0000	-9999.0000	-9999.0000	-9999.0000	-9999.0000	17.2086	2	0	24.9538	1.0000	04	2	-9999.0000	10951	39147	-9999	-9999	2505	5060	320.0028	5	0.6298	0.6321	-0.0001	40.0542	1.2757	473.4689	550.3593	47.7083	480.5882	95.5324	472.9725	95.0463	476.4221	94.6991	479.2127	94.6991	
17/08/2017	00:39:33	011995	G523058966HLR	L523	S		453.1864	1.0400	0.0000	99.9011	39.9225	0.8230	1.1613	5.0000	20.6784	508.0095	94.9537	13.6702	25.3000	0.9300	0.9330	0.6338	-0.0003	508.0000	509.2785	1.0272	7.9367	99.9219	40.7333	0.8230	0.8250	5.0000	-9999.0000	-9999.0000	-9999.0000	-9999.0000	-9999.0000	-9999.0000	17.0884	3	0	29.3332	1.0000	04	2	-9999.0000	10952	39147	-9999	-9999	2506	5062	320.2238	5	0.6297	0.6338	-0.0003	40.2688	1.2590	480.8558	576.7395	47.0370	485.0643	95.6019	480.2711	95.0231	482.1524	94.6759	485.6675	94.6991	
17/08/2017	00:40:03	011995	G523058690HLR	L523	S		453.4707	1.0400	0.0000	99.9338	39.9421	0.8230	1.1617	5.0000	20.8289	508.0871	94.9074	14.0891	25.3000	0.9300	0.9330	0.6338	-0.0003	508.0000	508.8071	1.0272	7.9415	99.8315	40.7491	0.8230	0.8257	5.0000	-9999.0000	-9999.0000	-9999.0000	-9999.0000	-9999.0000	-9999.0000	17.1689	4	0	29.1089	1.0000	04	2	-9999.0000	10953	39148	-9999	-9999	2507	5064	320.2998	5	0.6297	0.6338	-0.0003	40.2688	1.2590	478.2006	589.4696	48.8194	486.8559	95.5324	477.7900	95.0463	480.2447	94.6759	483.8746	94.6528	
17/08/2017	00:40:29	011995	G523058683HLR	L523	S		449.6740	1.0400	0.0000	99.8999	39.9140	0.8230	1.1612	5.0000	21.9890	508.0970	94.9769	13.2893	25.2000	0.9300	0.9329	0.6338	-0.0003	508.0000	507.5323	1.0272	7.9545	100.0596	40.7450	0.8230	0.8258	5.0000	-9999.0000	-9999.0000	-9999.0000	-9999.0000	-9999.0000	-9999.0000	17.2581	5	0	26.6890	1.0000	04	2	-9999.0000	10953	39148	-9999	-9999	2508	5066	320.4215	5	0.6297	0.6338	-0.0003	40.7867	1.2305	479.0843	538.5845	44.7685	484.9307	95.4398	478.5074	94.9769	482.0151	94.6991	484.9482	94.6991	
17/08/2017	00:40:54	011995	G523058691HLR	L523	S		453.2081	1.0400	0.0000	99.9356	39.9244	0.8230	1.1614	5.0000	20.6484	508.0030	94.9537	13.1292	25.2000	0.9300	0.9329	0.6350	-0.0003	508.0000	508.7341	1.0272	7.9423	99.7642	40.7421	0.8230	0.8257	5.0000	-9999.0000	-9999.0000	-9999.0000	-9999.0000	-9999.0000	-9999.0000	17.2629	6	0	25.0278	1.0000	04	2	-9999.0000	10954	39149	-9999	-9999	2509	5068	320.3539	5	0.6297	0.6350	-0.0003	43.0530	1.0852	479.1703	539.8251	44.4907	484.7796	95.3241	478.7804	94.8611	482.7272	94.6759	486.5024	94.6991	
17/08/2017	00:41:25	011995	G523058680HLR	L523	S		443.5719	1.0400	0.0000	100.0205	39.9295	0.8230	1.1614	5.0000	20.4984	508.0174	94.9769	18.3594	25.2000	0.9300	0.9330	0.6334	-0.0002	508.0000	505.7486	1.0272	7.9727	99.8097	40.7431	0.8230	0.8259	5.0000	-9999.0000	-9999.0000	-9999.0000	-9999.0000	-9999.0000	-9999.0000	17.2085	7	0	30.4085	1.0000	04	2	-9999.0000	10955	39150	-9999	-9999	2510	5070	319.4998	5	0.6295	0.6334	-0.0002	40.9892	1.2018	469.5862	544.9808	45.5324	474.8834	95.4398	468.5970	94.8843	472.5892	94.7222	473.9799	94.7454	
17/08/2017	00:41:55	011995	G523060020HLR	L523	S		443.8291	1.0400	0.0000	99.9647	39.9410	0.8230	1.1614	5.0000	20.6988	508.0867	94.9306	18.1992	25.3000	0.9300	0.9329	0.6345	-0.0003	508.0000	505.7979	1.0272	7.9722	100.0926	40.7212	0.8230	0.8259	5.0000	-9999.0000	-9999.0000	-9999.0000	-9999.0000	-9999.0000	-9999.0000	17.2994	8	0	30.1281	1.0000	04	2	-9999.0000	10956	39151	-9999	-9999	2511	5072	319.6260	5	0.6295	0.6345	-0.0003	41.4844	1.1734	468.8059	528.6072	46.5972	475.7171	95.6250	468.4551	95.0694	471.5119	94.6528	476.3624	94.6991	
17/08/2017	00:42:25	011995	G523058671HLR	L523	S		449.2738	1.0400	0.0000	99.9842	39.9504	0.8230	1.1614	5.0000	20.6327	508.0549	94.9769	15.5792	25.2000	0.9300	0.9329	0.6340	-0.0003	508.0000	508.9848	1.0272	7.9397	99.7642	40.7087	0.8230	0.8259	5.0000	-9999.0000	-9999.0000	-9999.0000	-9999.0000	-9999.0000	-9999.0000	17.0095	1	0	30.6586	1.0000	04	2	-9999.0000	10957	39152	-9999	-9999	2512	5074	319.9436	5	0.6296	0.6340	-0.0003	40.9555	1.2024	473.6531	548.7152	45.7176	480.1625	95.6250	473.2708	95.0463	477.1581	94.6528	479.5233	94.6528	
17/08/2017	00:42:56	011995	G523058677HLR	L523	S		452.4822	1.0400	0.0000	99.8427	39.9201	0.8230	1.1610	5.0000	22.5333	508.1215	94.8843	14.1096	25.2000	0.9300	0.9329	0.6340	-0.0003	508.0000	508.6090	1.0272	7.9435	99.9056	40.7184	0.8230	0.8257	5.0000	-9999.0000	-9999.0000	-9999.0000	-9999.0000	-9999.0000	-9999.0000	19.4294	2	0	30.3187	1.0000	04	2	-9999.0000	10958	39153	-9999	-9999	2513	5076	320.1816	5	0.6296	0.6340	-0.0003	40.9555	1.2024	476.8639	529.0039	44.0972	483.2939	95.5324	476.4781	95.0231	480.0800	94.6759	484.3000	94.6759	
17/08/2017	00:43:21	011995	G523058686HLR	L523	S		442.1769	1.0400	0.0000	100.0409	39.9210	0.8230	1.1614	5.0000	20.5283	508.0469	94.9769	19.5195	25.2000	0.9300	0.9329	0.6324	-0.0002	508.0000	506.5065	1.0272	7.9649	99.8339	40.6858	0.8230	0.8254	5.0000	-9999.0000	-9999.0000	-9999.0000	-9999.0000	-9999.0000	-9999.0000	17.1902	3	0	25.3979	1.0000	04	2	-9999.0000	10959	39154	-9999	-9999	2513	5078	319.5169	5	0.6297	0.6324	-0.0002	40.6586	1.2227	466.0301	509.1150	45.5324	473.5350	95.5787	465.5242	95.1157	469.3169	94.7685	471.7450	94.7454	
17/08/2017	00:43:46	011995	G523058688HLR	L523	S		444.1181	1.0400	0.0000	99.9832	39.9136	0.8230	1.1613	5.0000	21.1582	508.0827	94.9537	19.1991	25.2000	0.9300	0.9329	0.6314	-0.0001	508.0000	507.1032	1.0272	7.9589	100.0667	40.6752	0.8230	0.8251	5.0000	-9999.0000	-9999.0000	-9999.0000	-9999.0000	-9999.0000	-9999.0000	17.4187	4	0	24.9890	1.0000	04	2	-9999.0000	10960	39155	-9999	-9999	2513	5080	319.6553	5	0.6297	0.6314	-0.0001	41.3877	1.1744	469.2580	556.8961	45.2546	476.3971	95.6713	468.6906	95.1852	470.9804	94.7222	473.4681	94.6528	
17/08/2017	00:44:16	011995	G523058695HLR	L523	S		442.4440	1.0400	0.0000	100.0531	39.9471	0.8230	1.1614	5.0000	20.5193	508.0472	94.9306	19.7694	25.2000	0.9300	0.9328	0.6312	-0.0001	508.0000	506.4523	1.0272	7.9655	99.7928	40.7000	0.8230	0.8245	5.0000	-9999.0000	-9999.0000	-9999.0000	-9999.0000	-9999.0000	-9999.0000	17.1081	5	0	29.4279	1.0000	04	2	-9999.0000	10961	39156	-9999	-9999	2514	5082	319.7172	5	0.6297	0.6312	-0.0001	40.5687	1.2176	466.2530	559.8927	44.7454	474.1112	95.7639	465.8227	95.2778	469.5352	94.7222	472.6134	94.6528	
17/08/2017	00:44:41	011995	G523058698HLR	L523	S		441.5854	1.0400	0.0000	99.8680	39.9131	0.8230	1.1611	5.0000	22.3588	508.0458	94.9769	19.4286	25.2000	0.9300	0.9329	0.6303	-0.0000	508.0000	507.1811	1.0272	7.9581	99.7184	40.7478	0.8230	0.8254	5.0000	-9999.0000	-9999.0000	-9999.0000	-9999.0000	-9999.0000	-9999.0000	17.1988	6	0	24.9188	1.0000	04	2	-9999.0000	10962	39156	-9999	-9999	2515	5084	319.7646	5	0.6298	0.6303	-0.0000	40.5672	1.2181	467.7759	543.3123	47.8472	474.5925	95.8333	467.1870	95.3704	471.1968	94.7222	472.6817	94.6065	
17/08/2017	00:45:11	011995	G523058702HLR	L523	S		449.8723	1.0400	0.0000	100.0086	39.9423	0.8230	1.1614	5.0000	20.5504	508.0707	94.9074	14.3791	25.2000	0.9300	0.9328	0.6303	-0.0000	508.0000	506.8168	1.0272	7.9618	99.8814	40.7381	0.8230	0.8256	5.0000	-9999.0000	-9999.0000	-9999.0000	-9999.0000	-9999.0000	-9999.0000	17.1343	7	0	30.3888	1.0000	04	2	-9999.0000	10962	39156	-9999	-9999	2515	5086	320.0461	5	0.6298	0.6303	-0.0000	40.5672	1.2181	477.8996	557.9206	48.1944	486.9862	95.7176	477.3865	95.1852	480.9142	94.6759	483.3718	94.6065	
17/08/2017	00:45:37	011995	G523058701HLR	L523	S		452.5027	1.0400	0.0000	100.0159	39.9284	0.8230	1.1614	5.0000	20.3994	508.0328	94.9074	11.3597	25.3000	0.9300	0.9329	0.6297	0.0000	508.0000	506.1278	1.0272	7.9688	100.0156	40.7363	0.8230	0.8260	5.0000	-9999.0000	-9999.0000	-9999.0000	-9999.0000	-9999.0000	-9999.0000	17.3686	8	0	25.8690	1.0000	04	2	-9999.0000	10962	39157	-9999	-9999	2516	5088	319.9485	5	0.6298	0.6297	0.0000	40.9327	1.1920	484.2289	543.0870	47.0370	489.2225	95.2083	483.9651	94.6991	487.6556	94.5833	491.6309	94.7454	
17/08/2017	00:46:02	011995	G523058705HLR	L523	S		444.6436	1.0400	0.0000	99.9592	39.9216	0.8230	1.1614	5.0000	20.5177	508.0674	94.9306	18.5293	25.2000	0.9300	0.9330	0.6288	0.0001	508.0000	506.7719	1.0272	7.9622	99.7819	40.7342	0.8230	0.8260	5.0000	-9999.0000	-9999.0000	-9999.0000	-9999.0000	-9999.0000	-9999.0000	17.0706	1	0	25.0578	1.0000	04	2	-9999.0000	10963	39158	-9999	-9999	2517	5090	320.1804	5	0.6299	0.6288	0.0001	41.2923	1.1668	471.1275	531.8410	47.9167	479.6211	95.2778	471.0005	94.7917	474.3029	94.6528	477.4646	94.7222	
17/08/2017	00:46:28	011995	G523058710HLR	L523	S		452.9963	1.0400	0.0000	99.7845	39.8853	0.8230	1.1611	5.0000	22.9792	508.0763	94.9769	12.7991	25.2000	0.9300	0.9329	0.6288	0.0001	508.0000	506.7688	1.0272	7.9623	99.7827	40.7159	0.8230	0.8260	5.0000	-9999.0000	-9999.0000	-9999.0000	-9999.0000	-9999.0000	-9999.0000	17.2788	2	0	26.0388	1.0000	04	2	-9999.0000	10964	39158	-9999	-9999	2518	5092	319.9624	5	0.6299	0.6288	0.0001	41.2923	1.1668	482.4133	557.4640	47.0370	488.9890	95.6250	481.4089	95.1157	486.0431	94.6991	488.5104	94.6528	
17/08/2017	00:46:53	011995	G523058962HLR	L523	S		442.4051	1.0400	0.0000	99.9551	39.9066	0.8230	1.1613	5.0000	21.2885	508.0518	94.9537	19.4189	25.3000	0.9300	0.9330	0.6301	-0.0000	508.0000	506.9545	1.0272	7.9604	99.6840	40.6804	0.8230	0.8252	5.0000	-9999.0000	-9999.0000	-9999.0000	-9999.0000	-9999.0000	-9999.0000	17.0296	3	0	24.9283	1.0000	04	2	-9999.0000	10965	39159	-9999	-9999	2519	5094	320.2407	5	0.6300	0.6301	-0.0000	40.2152	1.2188	469.8284	558.2111	45.6019	478.3290	95.4630	469.0397	95.0231	472.0195	94.7454	474.9661	94.6991	
17/08/2017	00:47:18	011995	G523058714HLR	L523	S		453.5096	1.0400	0.0000	100.0061	39.9062	0.8230	1.1614	5.0000	20.9996	508.1086	94.9074	13.9494	25.3000	0.9300	0.9329	0.6301	-0.0000	508.0000	507.8277	1.0272	7.9515	99.7754	40.6743	0.8230	0.8245	5.0000	-9999.0000	-9999.0000	-9999.0000	-9999.0000	-9999.0000	-9999.0000	17.0898	4	0	25.0371	1.0000	04	2	-9999.0000	10965	39160	-9999	-9999	2520	5096	320.2078	5	0.6300	0.6301	-0.0000	40.2152	1.2188	480.5689	519.3471	43.4259	485.9255	95.7639	479.9864	95.0694	483.2932	94.6759	485.8804	94.6759	
17/08/2017	00:47:43	011995	G523058713HLR	L523	S		329.7767	1.0400	0.0000	99.7564	39.9025	0.8230	1.1611	5.0000	22.8907	0.0000	0.0000	0.0000	0.0000	0.9300	0.0000	0.0000	0.0000	0.0000	450.8998	1.0272	7.4604	99.7165	40.7286	0.8230	0.8251	5.0000	-9999.0000	-9999.0000	-9999.0000	-9999.0000	-9999.0000	-9999.0000	17.0265	5	7	24.9309	1.0000	04	2	-9999.0000	10966	0	-9999	-9999	2521	5098	0.0000	0	0.0000	0.0000	0.0000	0.0000	0.0000	0.0000	0.0000	0.0000	0.0000	0.0000	0.0000	0.0000	0.0000	0.0000	0.0000	0.0000	
17/08/2017	00:48:09	011995	G523058715HLR	L523	S		448.6716	1.0400	0.0000	99.9502	39.8818	0.8230	1.1614	5.0000	20.7585	508.0576	94.9537	15.0597	25.4000	0.9300	0.9332	0.6302	0.0000	508.0000	508.1033	1.0272	7.9487	99.7778	40.7467	0.8230	0.8256	5.0000	-9999.0000	-9999.0000	-9999.0000	-9999.0000	-9999.0000	-9999.0000	17.9066	6	0	26.5783	1.0000	04	2	-9999.0000	10967	39161	-9999	-9999	2522	5100	320.2411	5	0.6302	0.6302	0.0000	39.9402	1.2328	476.6836	503.3590	46.5278	482.4676	95.2778	476.7057	94.7222	480.0583	94.6991	483.9009	94.7454	
17/08/2017	00:48:35	011995	G523058706HLR	L523	S		449.5023	1.0400	0.0000	100.0199	39.8962	0.8230	1.1614	5.0000	20.6590	508.0227	94.9769	12.6897	25.4000	0.9300	0.9331	0.6295	0.0000	508.0000	506.6125	1.0272	7.9639	99.7590	40.7181	0.8230	0.8259	5.0000	-9999.0000	-9999.0000	-9999.0000	-9999.0000	-9999.0000	-9999.0000	17.1319	7	0	25.6786	1.0000	04	2	-9999.0000	10967	39162	-9999	-9999	2523	5101	320.1277	5	0.6302	0.6295	0.0000	39.1951	1.2754	483.2201	538.0616	46.7593	488.3659	95.4630	482.6960	94.9306	486.3846	94.6759	489.6251	94.6991	
17/08/2017	00:49:00	011995	G523057573HLR	L523	S		456.3335	1.0400	0.0000	99.8742	39.9169	0.8230	1.1613	5.0000	20.9989	508.0318	94.9306	11.7289	25.3000	0.9300	0.9330	0.6295	0.0000	508.0000	507.6275	1.0272	7.9535	99.7738	40.6853	0.8230	0.8255	5.0000	-9999.0000	-9999.0000	-9999.0000	-9999.0000	-9999.0000	-9999.0000	17.0705	8	0	25.0085	1.0000	12	1	-9999.0000	10968	39163	-9999	-9999	2524	5103	320.1027	5	0.6302	0.6295	0.0000	39.0371	1.2837	486.5518	519.8056	43.9583	493.2416	95.3935	485.9860	94.8843	488.0809	94.6759	492.3080	94.7222	
17/08/2017	00:49:31	011995	G523057580HLR	L523	S		454.1876	1.0400	0.0000	99.9448	39.9124	0.8230	1.1614	5.0000	20.7889	508.0879	94.9306	13.9289	25.3000	0.9300	0.9330	0.6295	0.0000	508.0000	509.3940	1.0272	7.9355	99.6786	40.6747	0.8230	0.8245	5.0000	-9999.0000	-9999.0000	-9999.0000	-9999.0000	-9999.0000	-9999.0000	17.1989	1	0	31.2785	1.0000	12	1	-9999.0000	10969	39164	-9999	-9999	2525	5104	320.2537	5	0.6302	0.6295	0.0000	39.0371	1.2837	483.6288	550.2577	46.6435	490.7908	95.6019	483.1343	95.1157	486.8979	94.7454	487.9692	94.6759	
17/08/2017	00:50:01	011995	G523056790HLR	L523	Q		450.0503	1.0400	0.0000	99.9482	39.9108	0.8230	1.1614	5.0000	20.8774	508.0994	94.9769	15.6993	25.3000	0.9300	0.9330	0.6298	0.0000	508.0000	509.4878	1.0272	7.9346	99.8854	40.7315	0.8230	0.8250	5.0000	-9999.0000	-9999.0000	-9999.0000	-9999.0000	-9999.0000	-9999.0000	17.1929	2	0	29.1988	1.0000	12	1	-9999.0000	10970	39165	-9999	-9999	2526	5106	320.2866	5	0.6304	0.6298	0.0000	40.1278	1.2269	479.0941	527.5633	44.5833	485.3183	95.5324	479.0696	95.0694	481.5926	94.7222	484.4531	94.6991	
17/08/2017	00:50:26	011995	G523056783HLR	L523	S		450.5635	1.0400	0.0000	99.9320	39.9153	0.8230	1.1614	5.0000	20.9089	508.0366	94.9537	14.7785	25.3000	0.9300	0.9330	0.6298	0.0000	508.0000	423.7879	1.0272	7.1799	99.9612	40.6936	0.8230	0.8236	5.0000	-9999.0000	-9999.0000	-9999.0000	-9999.0000	-9999.0000	-9999.0000	25.6959	3	1	24.9778	1.0000	12	1	-9999.0000	10971	39166	-9999	-9999	2527	5108	320.2913	5	0.6304	0.6298	0.0000	40.1278	1.2269	479.4806	546.1649	47.4537	486.2299	95.4630	478.8443	94.9306	481.5509	94.6528	485.0397	94.6991	
17/08/2017	00:50:52	011995	G523057561HLR	L523	Q		452.2177	1.0400	0.0000	99.9833	39.9148	0.8230	1.1614	5.0000	20.6092	508.0926	94.9537	12.7493	25.2000	0.9300	0.9329	0.6300	0.0000	508.0000	506.7889	1.0272	7.9621	99.8884	40.7500	0.8230	0.8250	5.0000	-9999.0000	-9999.0000	-9999.0000	-9999.0000	-9999.0000	-9999.0000	17.2848	4	0	26.9586	1.0000	12	1	-9999.0000	10972	39167	-9999	-9999	2528	5110	320.3771	5	0.6304	0.6300	0.0000	38.9702	1.2896	483.3145	559.1666	47.1991	489.0801	95.4630	482.9210	94.9769	486.2696	94.6528	488.7900	94.6991	
17/08/2017	00:51:23	011995	G523057557HLR	L523	S		443.4172	1.0400	0.0000	100.0279	39.9124	0.8230	1.1615	5.0000	20.5887	508.0397	94.9769	20.2889	25.2000	0.9300	0.9329	0.6293	0.0001	508.0000	509.9121	1.0272	7.9303	99.7119	40.7390	0.8230	0.8258	5.0000	-9999.0000	-9999.0000	-9999.0000	-9999.0000	-9999.0000	-9999.0000	17.2991	5	0	30.8282	1.0000	12	1	-9999.0000	10973	39168	-9999	-9999	2528	5112	320.5041	5	0.6304	0.6293	0.0001	38.5173	1.3107	469.5576	525.0644	47.8472	476.7838	95.3935	469.1103	95.0463	472.0947	94.7454	475.6751	94.6991	
17/08/2017	00:51:48	011995	G523056789HLR	L523	S		450.5144	1.0400	0.0000	99.9382	39.9249	0.8230	1.1614	5.0000	20.7437	508.0360	95.0000	15.9191	25.1000	0.9300	0.9329	0.6293	0.0001	508.0000	509.2407	1.0272	7.9371	99.6992	40.7243	0.8230	0.8260	5.0000	-9999.0000	-9999.0000	-9999.0000	-9999.0000	-9999.0000	-9999.0000	17.1879	6	0	25.0787	1.0000	12	1	-9999.0000	10974	39169	-9999	-9999	2529	5114	320.3310	5	0.6304	0.6293	0.0001	38.5173	1.3107	477.2902	565.5542	48.7500	484.0357	95.8102	476.9880	95.3704	479.7277	94.6991	482.3163	94.5833	
17/08/2017	00:52:14	011995	G523057554HLR	L523	S		455.3896	1.0400	0.0000	99.9576	39.9202	0.8230	1.1613	5.0000	21.2460	508.0518	95.0000	12.9993	25.1000	0.9300	0.9329	0.6294	0.0001	508.0000	508.7158	1.0272	7.9424	99.7912	40.7166	0.8230	0.8261	5.0000	-9999.0000	-9999.0000	-9999.0000	-9999.0000	-9999.0000	-9999.0000	17.0916	7	0	25.1785	1.0000	12	1	-9999.0000	10975	39170	-9999	-9999	2530	5116	320.2406	5	0.6304	0.6294	0.0001	38.1465	1.3299	483.2559	591.7797	47.8241	491.0535	95.4630	483.1455	94.9074	485.6594	94.6296	489.2722	94.6991	
17/08/2017	00:52:48	011995	G523057553HLR	L523	S		457.2785	1.0400	0.0000	100.0364	39.9269	0.8230	1.1614	5.0000	20.6285	508.0484	94.9769	16.0694	25.2000	0.9300	0.9330	0.6307	-0.0000	508.0000	512.5003	1.0272	7.9039	99.7442	40.6806	0.8230	0.8251	5.0000	-9999.0000	-9999.0000	-9999.0000	-9999.0000	-9999.0000	-9999.0000	17.3877	8	0	34.7879	1.0000	12	1	-9999.0000	10976	39171	-9999	-9999	2531	5118	320.4056	5	0.6305	0.6307	-0.0000	37.1206	1.3896	480.1429	564.8247	48.1250	488.6292	95.3472	479.9211	94.8611	481.9557	94.6528	485.7122	94.7222	
17/08/2017	00:53:26	011995	G523056808HLR	L523	S		444.2786	1.0400	0.0000	100.0148	39.9118	0.8230	1.1614	5.0000	20.5487	508.0427	94.9537	19.7792	25.2000	0.9300	0.9330	0.6309	-0.0000	508.0000	508.0064	1.0272	7.9497	99.9973	40.6936	0.8230	0.8245	5.0000	-9999.0000	-9999.0000	-9999.0000	-9999.0000	-9999.0000	-9999.0000	17.0955	1	0	37.2882	1.0000	12	1	-9999.0000	10977	39172	-9999	-9999	2532	5120	320.3037	5	0.6304	0.6309	-0.0000	36.7303	1.4157	468.6415	554.9007	44.6991	476.9308	95.5787	468.2298	95.0926	471.4520	94.6991	473.8761	94.6991	
17/08/2017	00:53:56	011995	G523057472HLR	L523	S		456.1465	1.0400	0.0000	100.0330	39.9228	0.8230	1.1614	5.0000	20.5183	508.0797	94.9769	12.6185	25.1000	0.9300	0.9329	0.6309	-0.0000	508.0000	507.5323	1.0272	7.9545	99.7684	40.6667	0.8230	0.8246	5.0000	-9999.0000	-9999.0000	-9999.0000	-9999.0000	-9999.0000	-9999.0000	17.2887	2	0	30.0384	1.0000	12	1	-9999.0000	10978	39173	-9999	-9999	2533	5122	320.3791	5	0.6304	0.6309	-0.0000	36.7303	1.4157	483.3312	548.1435	47.1296	490.1315	95.6250	482.9465	95.1620	486.9241	94.6759	489.4721	94.6528	
17/08/2017	00:54:35	011995	G523057555HLR	L523	S		454.5614	1.0400	0.0000	99.9627	39.9427	0.8230	1.1614	5.0000	20.5108	508.0206	94.9074	14.1691	25.2000	0.9300	0.9330	0.6303	0.0000	508.0000	508.8989	1.0272	7.9406	99.8937	40.6611	0.8230	0.8251	5.0000	-9999.0000	-9999.0000	-9999.0000	-9999.0000	-9999.0000	-9999.0000	17.1785	3	0	38.9285	1.0000	12	1	-9999.0000	10979	39174	-9999	-9999	2534	5124	320.2761	5	0.6304	0.6303	0.0000	36.2075	1.4465	479.5133	530.9750	46.3657	486.4824	95.4167	479.1391	94.9769	483.0675	94.6991	485.7537	94.6991	
17/08/2017	00:55:10	011995	G523057428HLR	L523	S		438.8405	1.0400	0.0000	99.8906	39.8887	0.8230	1.1612	5.0000	22.0182	508.0201	94.9769	23.8678	25.3000	0.9300	0.9330	0.6302	0.0000	508.0000	508.0962	1.0272	7.9488	99.7645	40.6667	0.8230	0.8246	5.0000	-9999.0000	-9999.0000	-9999.0000	-9999.0000	-9999.0000	-9999.0000	17.1578	4	0	35.3877	1.0000	12	1	-9999.0000	10980	39175	-9999	-9999	2535	5126	320.2455	5	0.6303	0.6302	0.0000	35.9440	1.4480	461.6577	538.5603	46.9444	468.5205	95.5787	461.0084	95.1389	463.6732	94.7454	466.0775	94.6991	
17/08/2017	00:55:43	011995	G523057438HLR	L523	S		436.7117	1.0400	0.0000	100.0223	39.9099	0.8230	1.1614	5.0000	20.6589	508.0305	94.6991	26.3579	25.2000	0.9300	0.9328	0.6307	-0.0000	508.0000	510.1757	1.0272	7.9276	99.8320	40.6649	0.8230	0.8254	5.0000	-9999.0000	-9999.0000	-9999.0000	-9999.0000	-9999.0000	-9999.0000	17.1490	5	0	33.1779	1.0000	12	1	-9999.0000	10981	39176	-9999	-9999	2536	5128	320.4061	5	0.6304	0.6307	-0.0000	35.2710	1.4835	458.4775	575.3717	45.7407	466.9392	96.0417	457.4650	95.5556	460.9094	94.6991	462.2951	94.5602	
17/08/2017	00:56:17	011995	G523057410HLR	L523	S		447.2079	1.0400	0.0000	99.8211	39.8990	0.8230	1.1610	5.0000	23.0290	508.0540	94.9537	19.1591	25.2000	0.9300	0.9328	0.6307	-0.0000	508.0000	508.3859	1.0272	7.9458	99.7627	40.6836	0.8230	0.8260	5.0000	-9999.0000	-9999.0000	-9999.0000	-9999.0000	-9999.0000	-9999.0000	17.1193	6	0	33.8984	1.0000	12	1	-9999.0000	10982	39177	-9999	-9999	2537	5130	320.3577	5	0.6304	0.6307	-0.0000	35.1758	1.4871	469.4611	588.9866	45.6250	476.6285	95.8102	469.0755	95.2778	472.1930	94.6759	474.5509	94.6296	
17/08/2017	00:56:53	011995	G523057444HLR	L523	S		423.2595	1.0400	0.0000	99.7958	39.8867	0.8230	1.1611	5.0000	23.4088	508.0135	94.6759	27.9584	25.2000	0.9300	0.9329	0.6306	-0.0000	508.0000	510.2065	1.0272	7.9273	99.7994	40.6858	0.8230	0.8261	5.0000	-9999.0000	-9999.0000	-9999.0000	-9999.0000	-9999.0000	-9999.0000	17.4089	7	0	36.3187	1.0000	12	1	-9999.0000	10983	39178	-9999	-9999	2538	5132	320.2203	5	0.6304	0.6306	-0.0000	35.3000	1.4705	454.6060	565.7546	45.6481	461.2654	95.8565	453.8573	95.2546	459.3363	94.7222	460.5064	94.6528	
17/08/2017	00:57:18	011995	G523057429HLR	L523	S		437.4680	1.0400	0.0000	99.8892	39.8957	0.8230	1.1612	5.0000	22.5391	508.0799	94.9537	24.3981	25.1000	0.9300	0.9328	0.6316	-0.0001	508.0000	507.4661	1.0272	7.9552	99.7293	40.6866	0.8230	0.8261	5.0000	-9999.0000	-9999.0000	-9999.0000	-9999.0000	-9999.0000	-9999.0000	17.3893	8	0	24.9586	1.0000	12	1	-9999.0000	10983	39179	-9999	-9999	2539	5134	320.3395	5	0.6303	0.6316	-0.0001	35.3352	1.4647	458.4301	526.6842	44.3750	469.4811	95.8102	458.0331	95.3241	461.2645	94.6759	464.0964	94.5833	
17/08/2017	00:57:49	011995	G523057440HLR	L523	S		437.2329	1.0400	0.0000	99.7840	39.8876	0.8230	1.1611	5.0000	22.9404	508.0681	94.9769	22.2088	25.2000	0.9300	0.9329	0.6317	-0.0001	508.0000	504.7962	1.0272	7.9824	99.8139	40.7079	0.8230	0.8264	5.0000	-9999.0000	-9999.0000	-9999.0000	-9999.0000	-9999.0000	-9999.0000	17.2789	1	0	30.4581	1.0000	12	1	-9999.0000	10984	39180	-9999	-9999	2540	5136	320.1129	5	0.6303	0.6317	-0.0001	35.4712	1.4518	460.8937	567.1931	46.8519	470.8950	95.7639	460.3989	95.2083	466.4240	94.6528	468.6824	94.6991	
17/08/2017	00:58:23	011995	G523057450HLR	L523	S		440.0623	1.0400	0.0000	99.9411	39.9041	0.8230	1.1612	5.0000	22.1990	508.0523	94.9537	23.0085	25.1000	0.9300	0.9328	0.6323	-0.0001	508.0000	508.1170	1.0272	7.9485	99.8974	40.6642	0.8230	0.8254	5.0000	-9999.0000	-9999.0000	-9999.0000	-9999.0000	-9999.0000	-9999.0000	17.1997	2	0	33.8076	1.0000	12	1	-9999.0000	10985	39181	-9999	-9999	2541	5138	320.0196	5	0.6301	0.6323	-0.0001	35.4988	1.4500	460.5915	557.9418	46.3889	468.7086	95.7407	460.3763	95.1389	462.9788	94.6296	465.8886	94.7222	
17/08/2017	00:58:59	011995	G523057431HLR	L523	S		437.9597	1.0400	0.0000	99.7923	39.8749	0.8230	1.1610	5.0000	23.0380	508.0358	94.9074	25.3277	25.2000	0.9300	0.9329	0.6321	-0.0001	508.0000	509.4438	1.0272	7.9350	99.7267	40.6551	0.8230	0.8252	5.0000	-9999.0000	-9999.0000	-9999.0000	-9999.0000	-9999.0000	-9999.0000	17.2681	3	0	36.3683	1.0000	12	1	-9999.0000	10986	39182	-9999	-9999	2542	5139	319.6633	5	0.6302	0.6321	-0.0001	35.5640	1.4399	458.2230	583.3084	46.8981	466.2448	95.7176	457.5372	95.1389	461.6777	94.6296	463.0746	94.6759	
17/08/2017	00:59:34	011995	G523057439HLR	L523	S		412.6363	1.0400	0.0000	99.7993	39.8726	0.8230	1.1611	5.0000	23.1388	0.0000	0.0000	0.0000	0.0000	0.9300	0.0000	0.0000	0.0000	0.0000	435.3157	1.0272	7.2991	100.0778	40.6410	0.8230	0.8251	5.0000	-9999.0000	-9999.0000	-9999.0000	-9999.0000	-9999.0000	-9999.0000	17.0693	4	7	35.1581	1.0000	12	1	-9999.0000	10987	0	-9999	-9999	2543	5141	0.0000	0	0.0000	0.0000	0.0000	0.0000	0.0000	0.0000	0.0000	0.0000	0.0000	0.0000	0.0000	0.0000	0.0000	0.0000	0.0000	0.0000	
17/08/2017	01:00:01	011995	G523057460HLR	L523	S		444.6533	1.0400	0.0000	99.9542	39.8844	0.8230	1.1613	5.0000	21.3092	508.0312	94.9537	19.4189	25.4000	0.9300	0.9333	0.6319	-0.0001	508.0000	506.9506	1.0272	7.9604	99.8189	40.6681	0.8230	0.8259	5.0000	-9999.0000	-9999.0000	-9999.0000	-9999.0000	-9999.0000	-9999.0000	17.6587	5	0	27.0786	1.0000	12	1	-9999.0000	10988	39183	-9999	-9999	2544	5143	320.1990	5	0.6303	0.6319	-0.0001	35.6461	1.4313	466.0604	549.3594	45.3704	474.5478	95.5556	465.5870	95.0926	469.0268	94.6991	472.0875	94.6296	
17/08/2017	01:00:30	011995	G523057412HLR	L523	S		444.6709	1.0400	0.0000	99.7969	39.8454	0.8230	1.1611	5.0000	23.0495	508.0333	94.9537	22.7283	25.3000	0.9300	0.9330	0.6323	-0.0001	508.0000	509.9590	1.0272	7.9298	99.8259	40.6982	0.8230	0.8262	5.0000	-9999.0000	-9999.0000	-9999.0000	-9999.0000	-9999.0000	-9999.0000	18.3385	6	0	29.2385	1.0000	12	1	-9999.0000	10989	39184	-9999	-9999	2545	5145	320.0173	5	0.6302	0.6323	-0.0001	35.7436	1.4252	465.2316	542.4439	50.4167	475.8454	95.5324	464.9244	95.0926	468.1069	94.6296	470.0172	94.6759	
17/08/2017	01:01:00	011995	G523057470HLR	L523	S		435.6061	1.0400	0.0000	99.8459	39.8743	0.8230	1.1613	5.0000	22.1001	508.0799	94.9306	25.3179	25.3000	0.9300	0.9329	0.6323	-0.0001	508.0000	508.1904	1.0272	7.9478	99.8510	40.6621	0.8230	0.8254	5.0000	-9999.0000	-9999.0000	-9999.0000	-9999.0000	-9999.0000	-9999.0000	17.4276	7	0	29.2582	1.0000	12	1	-9999.0000	10989	39185	-9999	-9999	2546	5147	319.8231	5	0.6302	0.6323	-0.0001	35.7436	1.4252	455.4159	552.7050	47.9861	464.1700	95.7407	455.1994	95.2315	458.4860	94.6528	461.4459	94.6065	
17/08/2017	01:01:26	011995	G523057441HLR	L523	S		439.5098	1.0400	0.0000	99.9717	39.9110	0.8230	1.1615	5.0000	20.6483	508.0501	94.9537	24.2087	25.2000	0.9300	0.9328	0.6323	-0.0001	508.0000	508.8933	1.0272	7.9406	99.7828	40.6536	0.8230	0.8251	5.0000	-9999.0000	-9999.0000	-9999.0000	-9999.0000	-9999.0000	-9999.0000	17.1378	8	0	26.4491	1.0000	12	1	-9999.0000	10990	39186	-9999	-9999	2546	5149	319.8525	5	0.6303	0.6323	-0.0001	35.7528	1.4216	460.1071	558.0375	46.4583	468.0826	95.6944	459.9654	95.2315	462.4779	94.6528	464.8234	94.6065	
17/08/2017	01:01:55	011995	G523057487HLR	L523	S		449.7914	1.0400	0.0000	100.0342	39.9086	0.8230	1.1614	5.0000	20.4996	508.0598	95.0000	16.1896	25.1000	0.9300	0.9328	0.6323	-0.0001	508.0000	508.4558	1.0272	7.9451	99.8284	40.6504	0.8230	0.8246	5.0000	-9999.0000	-9999.0000	-9999.0000	-9999.0000	-9999.0000	-9999.0000	17.0786	1	0	29.0674	1.0000	12	1	-9999.0000	10991	39187	-9999	-9999	2547	5151	320.3422	5	0.6303	0.6323	-0.0001	35.7528	1.4216	474.7830	577.1129	46.4352	482.9855	95.6019	474.5087	94.9769	477.2853	94.5833	480.3229	94.7685	
17/08/2017	01:02:28	011995	G523057498HLR	L523	S		444.9591	1.0400	0.0000	99.7523	39.8503	0.8230	1.1611	5.0000	23.0779	508.1334	94.9537	18.3594	25.2000	0.9300	0.9329	0.6323	-0.0001	508.0000	507.3509	1.0272	7.9563	99.9938	40.7000	0.8230	0.8250	5.0000	-9999.0000	-9999.0000	-9999.0000	-9999.0000	-9999.0000	-9999.0000	17.2583	2	0	32.9323	1.0000	12	1	-9999.0000	10992	39188	-9999	-9999	2548	5153	320.3064	5	0.6301	0.6323	-0.0001	35.6479	1.4183	469.1080	558.8776	47.3843	477.2858	95.4630	468.6587	94.9537	472.1541	94.6296	474.6908	94.6991	
17/08/2017	01:02:56	011995	G523057499HLR	L523	S		447.6787	1.0400	0.0000	100.0330	39.8619	0.8230	1.1615	5.0000	20.4989	508.0601	94.9074	18.3789	25.1000	0.9300	0.9329	0.6321	-0.0001	508.0000	508.8728	1.0272	7.9408	100.0127	40.7167	0.8230	0.8253	5.0000	-9999.0000	-9999.0000	-9999.0000	-9999.0000	-9999.0000	-9999.0000	17.2785	3	0	27.8881	1.0000	12	1	-9999.0000	10993	39188	-9999	-9999	2549	5155	320.1411	5	0.6300	0.6321	-0.0001	34.9822	1.4472	469.1707	574.0101	46.1343	476.8659	95.4861	468.8380	95.0000	472.0035	94.6296	475.2095	94.6991	
17/08/2017	01:03:26	011995	G523057474HLR	L523	S		451.1630	1.0400	0.0000	99.9344	39.9016	0.8230	1.1615	5.0000	20.6082	508.0477	95.0231	15.5392	25.1000	0.9300	0.9328	0.6321	-0.0001	508.0000	508.4024	1.0272	7.9456	99.7380	40.6997	0.8230	0.8250	5.0000	-9999.0000	-9999.0000	-9999.0000	-9999.0000	-9999.0000	-9999.0000	17.0389	4	0	29.9455	1.0000	12	1	-9999.0000	10993	39189	-9999	-9999	2550	5157	320.2628	5	0.6299	0.6321	-0.0001	34.9651	1.4472	476.5266	573.5057	47.8241	482.5952	95.4167	476.2351	94.9537	479.6672	94.6065	483.6705	94.6759	
17/08/2017	01:04:02	011995	G523057467HLR	L523	S		447.3626	1.0400	0.0000	99.8172	39.8535	0.8230	1.1612	5.0000	22.7487	508.0535	94.9537	18.1484	25.2000	0.9300	0.9329	0.6320	-0.0001	508.0000	507.4522	1.0272	7.9553	99.8262	40.7167	0.8230	0.8253	5.0000	-9999.0000	-9999.0000	-9999.0000	-9999.0000	-9999.0000	-9999.0000	17.2194	5	0	35.8774	1.0000	12	1	-9999.0000	10993	39190	-9999	-9999	2551	5159	320.0558	5	0.6299	0.6320	-0.0001	35.0706	1.4439	469.9395	558.2181	47.3843	478.1380	95.3935	469.5070	94.8843	472.5147	94.6296	475.2337	94.7222	
17/08/2017	01:04:28	011995	G523057478HLR	L523	S		440.9656	1.0400	0.0000	100.0073	39.8635	0.8230	1.1615	5.0000	20.7790	508.0774	94.9306	22.0291	25.2000	0.9300	0.9329	0.6320	-0.0001	508.0000	507.9633	1.0272	7.9501	99.8951	40.7133	0.8230	0.8253	5.0000	-9999.0000	-9999.0000	-9999.0000	-9999.0000	-9999.0000	-9999.0000	17.1589	6	0	25.6479	1.0000	12	1	-9999.0000	10994	39191	-9999	-9999	2552	5161	319.8861	5	0.6298	0.6320	-0.0001	34.8145	1.4519	462.5756	538.3454	43.9583	470.0891	95.6713	462.3687	95.1852	464.8185	94.6991	467.9533	94.6528	
17/08/2017	01:04:54	011995	G523057479HLR	L523	S		450.9603	1.0400	0.0000	100.0352	39.8871	0.8230	1.1615	5.0000	20.6394	508.0455	94.9537	16.8995	25.1000	0.9300	0.9328	0.6319	-0.0001	508.0000	508.8930	1.0272	7.9406	99.7220	40.6771	0.8230	0.8247	5.0000	-9999.0000	-9999.0000	-9999.0000	-9999.0000	-9999.0000	-9999.0000	17.2387	7	0	26.3804	1.0000	12	1	-9999.0000	10995	39192	-9999	-9999	2553	5163	320.0905	5	0.6298	0.6319	-0.0001	34.9576	1.4458	474.0217	562.4830	46.1806	480.5397	95.6250	473.5476	95.0694	476.7864	94.6296	480.5546	94.6759	
17/08/2017	01:05:21	011995	G523057483HLR	L523	S		445.5776	1.0400	0.0000	99.8249	39.8602	0.8230	1.1611	5.0000	23.1945	508.1060	94.9769	19.0185	25.2000	0.9300	0.9330	0.6320	-0.0001	508.0000	507.2554	1.0272	7.9573	99.7429	40.7167	0.8230	0.8253	5.0000	-9999.0000	-9999.0000	-9999.0000	-9999.0000	-9999.0000	-9999.0000	17.1383	8	0	27.2268	1.0000	12	1	-9999.0000	10996	39193	-9999	-9999	2554	5164	320.0117	5	0.6298	0.6320	-0.0001	34.3942	1.4680	468.3089	553.3721	44.9306	475.3179	95.5093	467.9967	95.0000	471.5071	94.6759	473.5824	94.6759	
17/08/2017	01:05:58	011995	G523057567HLR	L523	S		437.5869	1.0400	0.0000	100.0387	39.8760	0.8230	1.1616	5.0000	20.4793	508.0498	94.9306	24.9186	25.2000	0.9300	0.9329	0.6316	-0.0001	508.0000	508.4956	1.0272	7.9447	99.7806	40.7287	0.8230	0.8258	5.0000	-9999.0000	-9999.0000	-9999.0000	-9999.0000	-9999.0000	-9999.0000	17.1788	1	0	36.9884	1.0000	12	1	-9999.0000	10997	39194	-9999	-9999	2555	5166	319.6266	5	0.6297	0.6316	-0.0001	34.2618	1.4750	457.3267	568.4581	46.2269	465.9944	95.6019	457.5447	95.1852	460.4279	94.6991	462.8600	94.6528	
17/08/2017	01:06:28	011995	G523057598HLR	L523	S		451.8227	1.0400	0.0000	99.8691	39.8761	0.8230	1.1613	5.0000	22.0784	508.0839	94.9537	14.6398	25.1000	0.9300	0.9328	0.6316	-0.0001	508.0000	507.6129	1.0272	7.9537	99.7186	40.7264	0.8230	0.8259	5.0000	-9999.0000	-9999.0000	-9999.0000	-9999.0000	-9999.0000	-9999.0000	17.3385	2	0	29.4378	1.0000	12	1	-9999.0000	10998	39195	-9999	-9999	2556	5168	320.1970	5	0.6297	0.6316	-0.0001	34.2618	1.4750	477.4541	538.8735	43.2870	485.3069	95.5787	477.3227	94.9306	480.2052	94.5602	484.5144	94.7685	
17/08/2017	01:06:53	011995	G523057566HLR	L523	S		452.9804	1.0400	0.0000	99.8450	39.8776	0.8230	1.1612	5.0000	22.5289	508.0809	94.9537	15.5089	25.2000	0.9300	0.9329	0.6318	-0.0001	508.0000	509.1628	1.0272	7.9379	99.7963	40.7000	0.8230	0.8251	5.0000	-9999.0000	-9999.0000	-9999.0000	-9999.0000	-9999.0000	-9999.0000	17.2887	3	0	25.5688	1.0000	12	1	-9999.0000	10999	39196	-9999	-9999	2557	5170	320.1404	5	0.6298	0.6318	-0.0001	33.9516	1.4859	476.7547	552.5357	44.2130	480.8994	95.2546	476.3335	94.7685	479.9315	94.6065	484.4455	94.7222	
17/08/2017	01:07:22	011995	G523057595HLR	L523	S		451.8084	1.0400	0.0000	100.0054	39.8757	0.8230	1.1615	5.0000	20.5281	508.0365	95.0000	16.2794	25.2000	0.9300	0.9329	0.6322	-0.0001	508.0000	508.1704	1.0272	7.9480	99.7741	40.7118	0.8230	0.8252	5.0000	-9999.0000	-9999.0000	-9999.0000	-9999.0000	-9999.0000	-9999.0000	17.1382	4	0	28.7984	1.0000	12	1	-9999.0000	11000	39197	-9999	-9999	2558	5172	320.1509	5	0.6297	0.6322	-0.0001	33.5360	1.5033	476.1796	562.3279	44.9537	481.4888	95.5324	475.8360	94.9769	477.5225	94.6759	480.4423	94.6759	
17/08/2017	01:07:57	011995	G523057569HLR	L523	S		436.4946	1.0400	0.0000	100.0529	39.8804	0.8230	1.1615	5.0000	20.5791	508.0641	94.8148	25.9879	25.2000	0.9300	0.9330	0.6324	-0.0001	508.0000	508.8324	1.0272	7.9413	99.8295	40.7326	0.8230	0.8252	5.0000	-9999.0000	-9999.0000	-9999.0000	-9999.0000	-9999.0000	-9999.0000	19.4986	5	0	34.9483	1.0000	12	1	-9999.0000	11001	39197	-9999	-9999	2559	5174	319.5869	5	0.6297	0.6324	-0.0001	33.5908	1.5014	455.1987	554.9991	47.7778	464.8607	95.6481	455.0534	95.1620	457.9518	94.7454	460.9391	94.6759	
17/08/2017	01:08:32	011995	G523057593HLR	L523	S		433.8621	1.0400	0.0000	100.0020	39.8826	0.8230	1.1615	5.0000	20.5907	508.0195	94.9769	18.5390	25.1000	0.9300	0.9329	0.6317	-0.0001	508.0000	508.4448	1.0272	7.9452	99.7480	40.7272	0.8230	0.8259	5.0000	-9999.0000	-9999.0000	-9999.0000	-9999.0000	-9999.0000	-9999.0000	17.2493	6	0	34.9385	1.0000	12	1	-9999.0000	11002	39198	-9999	-9999	2559	5176	320.0207	5	0.6296	0.6317	-0.0001	32.9810	1.5278	468.8960	578.7537	47.1296	472.3299	95.6944	468.4517	95.0926	471.2532	94.6065	474.6205	94.7685	
17/08/2017	01:09:04	011995	G523057563HLR	L523	S		438.7144	1.0400	0.0000	100.0432	39.9074	0.8230	1.1615	5.0000	20.4989	508.0895	94.9537	12.2288	25.2000	0.9300	0.9328	0.6317	-0.0001	508.0000	508.3560	1.0272	7.9461	99.7484	40.7000	0.8230	0.8252	5.0000	-9999.0000	-9999.0000	-9999.0000	-9999.0000	-9999.0000	-9999.0000	17.2189	7	0	32.5881	1.0000	12	1	-9999.0000	11003	39199	-9999	-9999	2560	5178	320.3583	5	0.6296	0.6317	-0.0001	32.9810	1.5278	473.0761	581.2330	45.4167	476.5539	95.5787	472.5348	95.0231	485.6211	94.5602	489.4702	94.7917	
17/08/2017	01:09:39	011995	G523056777HLR	L523	S		448.3119	1.0400	0.0000	99.8239	39.8515	0.8230	1.1612	5.0000	22.6068	508.0764	94.9769	17.8086	25.2000	0.9300	0.9330	0.6321	-0.0001	508.0000	509.3045	1.0272	7.9364	99.7429	40.6683	0.8230	0.8247	5.0000	-9999.0000	-9999.0000	-9999.0000	-9999.0000	-9999.0000	-9999.0000	17.3677	8	0	34.4182	1.0000	12	1	-9999.0000	11004	39200	-9999	-9999	2561	5180	320.0777	5	0.6296	0.6321	-0.0001	32.5163	1.5433	472.8161	539.3874	46.2963	478.8115	95.2546	472.5751	94.8611	474.6676	94.6991	479.3196	94.6991	
17/08/2017	01:10:50	011995	G523056780HLR	L523	S		0.0000	0.0000	0.0000	0.0000	0.0000	0.8230	0.0000	0.0000	0.0000	0.0000	0.0000	0.0000	0.0000	0.9300	0.0000	0.0000	0.0000	0.0000	0.0000	0.0000	0.0000	0.0000	0.0000	0.8230	0.0000	0.0000	0.0000	0.0000	0.0000	0.0000	0.0000	0.0000	0.0000	0	42	34.4182	1.0000	12	1	0.0000	0	0	0	0	0	0	0.0000	0	0.0000	0.0000	0.0000	0.0000	0.0000	0.0000	0.0000	0.0000	0.0000	0.0000	0.0000	0.0000	0.0000	0.0000	0.0000	0.0000	
17/08/2017	01:11:09	011995	G523056817HLR	L523	S		434.7822	1.0400	0.0000	99.9275	39.8561	0.8230	1.1615	5.0000	20.8787	508.0171	95.0231	23.9088	25.2000	0.9300	0.9330	0.6327	-0.0002	508.0000	508.0750	1.0272	7.9490	99.8073	40.6667	0.8230	0.8246	5.0000	-9999.0000	-9999.0000	-9999.0000	-9999.0000	-9999.0000	-9999.0000	17.1045	1	0	90.0445	1.0000	12	1	-9999.0000	11005	39200	-9999	-9999	2562	5182	319.6397	5	0.6296	0.6327	-0.0002	32.2162	1.5573	458.2153	557.5192	46.3657	465.4974	95.6250	457.4682	95.1620	460.4328	94.6991	462.7825	94.6759	
17/08/2017	01:11:42	011995	G523056806HLR	L523	S		437.5242	1.0400	0.0000	99.9710	39.8951	0.8230	1.1615	5.0000	20.6880	508.0500	94.9537	23.9987	25.1000	0.9300	0.9328	0.6325	-0.0001	508.0000	509.7576	1.0272	7.9318	99.7645	40.6568	0.8230	0.8246	5.0000	-9999.0000	-9999.0000	-9999.0000	-9999.0000	-9999.0000	-9999.0000	17.0992	2	0	33.2483	1.0000	12	1	-9999.0000	11005	39201	-9999	-9999	2563	5184	319.6490	5	0.6298	0.6325	-0.0001	32.4861	1.5456	458.1617	585.4514	46.5509	467.4158	95.7639	457.9328	95.2083	462.2589	94.6528	464.5193	94.6991	
17/08/2017	01:12:15	011995	G523056796HLR	L523	S		443.0349	1.0400	0.0000	99.8542	39.8625	0.8230	1.1612	5.0000	22.3288	508.0519	94.9769	21.5691	25.3000	0.9300	0.9329	0.6323	-0.0001	508.0000	509.4437	1.0272	7.9350	100.0755	40.6833	0.8230	0.8253	5.0000	-9999.0000	-9999.0000	-9999.0000	-9999.0000	-9999.0000	-9999.0000	17.2467	3	0	33.0880	1.0000	12	1	-9999.0000	11006	39202	-9999	-9999	2564	5186	319.8431	5	0.6297	0.6323	-0.0001	32.5987	1.5404	466.1919	572.9533	47.7546	473.4971	95.7176	465.8026	95.3009	468.1255	94.6759	470.1913	94.6065	
17/08/2017	01:12:47	011995	G523056799HLR	L523	S		439.0136	1.0400	0.0000	99.8454	39.8531	0.8230	1.1612	5.0000	22.8275	508.0594	94.9769	23.5182	25.3000	0.9300	0.9330	0.6320	-0.0001	508.0000	508.1573	1.0272	7.9481	99.8361	40.6675	0.8230	0.8249	5.0000	-9999.0000	-9999.0000	-9999.0000	-9999.0000	-9999.0000	-9999.0000	17.2291	4	0	32.1684	1.0000	12	1	-9999.0000	11007	39203	-9999	-9999	2565	5188	319.6523	5	0.6296	0.6320	-0.0001	32.9288	1.5260	459.5951	577.3478	44.8380	468.7954	95.7176	459.4289	95.2778	463.0140	94.6991	465.7295	94.6065	
17/08/2017	01:13:13	011995	G523056782HLR	L523	S		445.9804	1.0400	0.0000	100.0068	39.8859	0.8230	1.1615	5.0000	20.4588	508.0205	94.9769	20.0390	25.2000	0.9300	0.9329	0.6325	-0.0002	508.0000	507.8045	1.0272	7.9517	99.8747	40.6636	0.8230	0.8247	5.0000	-9999.0000	-9999.0000	-9999.0000	-9999.0000	-9999.0000	-9999.0000	17.3189	5	0	26.0191	1.0000	12	1	-9999.0000	11007	39204	-9999	-9999	2566	5190	319.8141	5	0.6296	0.6325	-0.0002	32.8617	1.5319	468.0684	573.0206	47.6620	475.2766	95.6481	467.7194	95.2315	470.3005	94.6528	473.0261	94.5833	
17/08/2017	01:13:41	011995	G523056811HLR	L523	S		437.6517	1.0400	0.0000	99.8894	39.8631	0.8230	1.1617	5.0000	21.9089	508.0782	94.9074	22.3084	25.6000	0.9300	0.9334	0.6327	-0.0002	508.0000	506.8167	1.0272	7.9618	100.0020	40.6639	0.8230	0.8247	5.0000	-9999.0000	-9999.0000	-9999.0000	-9999.0000	-9999.0000	-9999.0000	17.3181	6	0	27.7084	1.0000	12	1	-9999.0000	11008	39205	-9999	-9999	2567	5192	319.7218	5	0.6295	0.6327	-0.0002	32.7707	1.5383	459.3561	515.9003	47.4074	467.6328	95.3009	458.7088	94.9306	463.0300	94.7454	466.6675	94.6759	
17/08/2017	01:14:07	011995	G523056821HLR	L523	S		440.6618	1.0400	0.0000	99.5778	39.8396	0.8230	1.1609	5.0000	23.7886	508.1033	94.9769	22.0291	25.3000	0.9300	0.9330	0.6326	-0.0002	508.0000	507.9366	1.0272	7.9504	99.7949	40.7000	0.8230	0.8253	5.0000	-9999.0000	-9999.0000	-9999.0000	-9999.0000	-9999.0000	-9999.0000	17.2088	7	0	25.9781	1.0000	12	1	-9999.0000	11009	39206	-9999	-9999	2568	5194	319.6989	5	0.6295	0.6326	-0.0002	32.7900	1.5375	463.6087	577.4231	46.8056	470.7154	95.5556	462.9532	95.1389	466.2896	94.6528	469.4578	94.6296	
17/08/2017	01:14:36	011995	G523056800HLR	L523	S		441.0231	1.0400	0.0000	99.7250	39.8306	0.8230	1.1611	5.0000	23.4788	508.0293	94.9769	21.1981	25.2000	0.9300	0.9329	0.6325	-0.0002	508.0000	509.7216	1.0272	7.9322	99.7745	40.7102	0.8230	0.8256	5.0000	-9999.0000	-9999.0000	-9999.0000	-9999.0000	-9999.0000	-9999.0000	17.3479	8	0	29.3029	1.0000	12	1	-9999.0000	11010	39207	-9999	-9999	2569	5195	319.6857	5	0.6295	0.6325	-0.0002	32.8275	1.5349	466.3440	582.0941	47.0833	467.8605	95.5787	465.7691	95.0694	469.4771	94.5833	472.6371	94.7454	
17/08/2017	01:15:02	011995	G523060031HLR	L523	S		451.7224	1.0400	0.0000	99.7830	39.8386	0.8230	1.1612	5.0000	22.9283	508.0472	94.9769	14.9689	25.2000	0.9300	0.9329	0.6325	-0.0002	508.0000	508.2612	1.0272	7.9471	99.7675	40.7095	0.8230	0.8260	5.0000	-9999.0000	-9999.0000	-9999.0000	-9999.0000	-9999.0000	-9999.0000	17.4308	1	0	25.2549	1.0000	12	3	-9999.0000	11010	39208	-9999	-9999	2570	5196	320.1885	5	0.6295	0.6325	-0.0002	32.8275	1.5349	477.7446	583.1362	44.7685	485.0167	95.4630	477.3262	94.9074	484.2312	94.5370	485.3876	94.8148	
17/08/2017	01:15:30	011995	G523060030HLR	L523	S		449.0086	1.0400	0.0000	99.8094	39.8398	0.8230	1.1612	5.0000	22.5886	508.0697	94.9537	16.6993	25.3000	0.9300	0.9330	0.6325	-0.0002	508.0000	508.7138	1.0272	7.9425	99.7562	40.7084	0.8230	0.8260	5.0000	-9999.0000	-9999.0000	-9999.0000	-9999.0000	-9999.0000	-9999.0000	17.0483	2	0	27.9987	1.0000	12	3	-9999.0000	11011	39209	-9999	-9999	2571	5198	320.1013	5	0.6295	0.6325	-0.0002	32.5735	1.5529	472.5142	564.0423	46.3889	479.8937	95.1852	472.6336	94.6759	476.9388	94.5833	480.2731	94.8148	
17/08/2017	01:15:57	011995	G523060025HLR	L523	Q		450.6341	1.0400	0.0000	99.9563	39.8444	0.8230	1.1614	5.0000	21.0981	508.0655	94.9537	14.9396	25.2000	0.9300	0.9329	0.6325	-0.0002	508.0000	508.5482	1.0272	7.9441	100.0311	40.6916	0.8230	0.8261	5.0000	-9999.0000	-9999.0000	-9999.0000	-9999.0000	-9999.0000	-9999.0000	17.3242	3	0	26.9081	1.0000	12	3	-9999.0000	11012	39210	-9999	-9999	2572	5200	320.2436	5	0.6295	0.6325	-0.0002	32.5735	1.5529	478.5044	569.0038	47.4306	485.3511	95.4861	478.2145	94.9306	481.0157	94.6296	482.8348	94.7454	
17/08/2017	01:16:28	011995	G523060024HLR	L523	Q		448.1273	1.0400	0.0000	99.8328	39.8338	0.8230	1.1612	5.0000	22.6645	508.0445	95.0000	18.3486	25.2000	0.9300	0.9329	0.6326	-0.0002	508.0000	508.9516	1.0272	7.9400	99.8090	40.6787	0.8230	0.8260	5.0000	-9999.0000	-9999.0000	-9999.0000	-9999.0000	-9999.0000	-9999.0000	17.2981	4	0	30.9477	1.0000	12	3	-9999.0000	11013	39211	-9999	-9999	2573	5202	319.9262	5	0.6293	0.6326	-0.0002	32.6114	1.5569	471.0894	535.9213	45.2083	476.4951	95.4861	471.0745	94.9537	472.9837	94.6528	476.3385	94.6991	
17/08/2017	01:16:56	011995	G523060014HLR	L523	S		453.0351	1.0400	0.0000	99.9389	39.8511	0.8230	1.1615	5.0000	20.9012	508.0834	94.8843	14.3693	25.1000	0.9300	0.9329	0.6326	-0.0002	508.0000	507.6586	1.0272	7.9532	99.6991	40.6476	0.8230	0.8251	5.0000	-9999.0000	-9999.0000	-9999.0000	-9999.0000	-9999.0000	-9999.0000	17.1274	5	0	28.7788	1.0000	12	3	-9999.0000	11014	39212	-9999	-9999	2574	5203	320.2453	5	0.6293	0.6326	-0.0002	32.6114	1.5569	477.7192	552.3756	46.5278	484.0606	95.4398	477.4526	94.9769	481.0584	94.6296	484.3113	94.6759	
17/08/2017	01:17:26	011995	G523058633HLR	L523	S		449.8641	1.0400	0.0000	100.0370	39.8633	0.8230	1.1616	5.0000	20.4395	508.0487	94.9306	17.1094	25.1000	0.9300	0.9329	0.6320	-0.0001	508.0000	508.9853	1.0272	7.9397	100.0326	40.6437	0.8230	0.8250	5.0000	-9999.0000	-9999.0000	-9999.0000	-9999.0000	-9999.0000	-9999.0000	17.1686	6	0	29.4681	1.0000	12	3	-9999.0000	11015	39213	-9999	-9999	2575	5205	320.0213	5	0.6293	0.6320	-0.0001	33.0025	1.5486	473.2705	547.0472	45.4398	480.6351	95.3704	472.9908	94.8843	475.6897	94.6528	478.9649	94.7222	
17/08/2017	01:17:54	011995	G523058628HLR	L523	S		450.7358	1.0400	0.0000	99.9959	39.8613	0.8230	1.1615	5.0000	20.5486	508.0214	94.9769	15.9493	25.1000	0.9300	0.9329	0.6317	-0.0001	508.0000	508.3547	1.0272	7.9461	99.7869	40.6509	0.8230	0.8246	5.0000	-9999.0000	-9999.0000	-9999.0000	-9999.0000	-9999.0000	-9999.0000	17.0884	7	0	27.7787	1.0000	12	3	-9999.0000	11016	39214	-9999	-9999	2576	5207	319.9791	5	0.6294	0.6317	-0.0001	32.6247	1.5708	474.4524	559.1416	47.3843	480.8854	95.5324	474.0155	95.0231	478.8441	94.6528	481.1226	94.6759	
17/08/2017	01:18:19	011995	G523058627HLR	L523	S		447.5884	1.0400	0.0000	99.9856	39.8546	0.8230	1.1616	5.0000	20.5163	508.0424	95.0231	20.0390	25.2000	0.9300	0.9330	0.6322	-0.0001	508.0000	510.0630	1.0272	7.9287	99.8018	40.6787	0.8230	0.8248	5.0000	-9999.0000	-9999.0000	-9999.0000	-9999.0000	-9999.0000	-9999.0000	17.3268	8	0	25.0690	1.0000	12	3	-9999.0000	11017	39215	-9999	-9999	2577	5209	319.7540	5	0.6294	0.6322	-0.0001	32.5486	1.5724	469.9149	551.4750	44.6759	478.3679	95.5556	469.4012	95.0463	472.1242	94.6991	475.2063	94.6759	
17/08/2017	01:18:45	011995	G523058625HLR	L523	S		448.5374	1.0400	0.0000	100.0253	39.8510	0.8230	1.1616	5.0000	20.6181	508.0631	94.9537	17.7891	25.3000	0.9300	0.9329	0.6321	-0.0001	508.0000	508.2433	1.0272	7.9473	99.6639	40.7000	0.8230	0.8253	5.0000	-9999.0000	-9999.0000	-9999.0000	-9999.0000	-9999.0000	-9999.0000	17.1994	1	0	26.0689	1.0000	12	3	-9999.0000	11018	39216	-9999	-9999	2578	5211	319.9291	5	0.6294	0.6321	-0.0001	32.0831	1.5991	471.3803	578.2061	44.8611	479.1624	95.7176	470.9788	95.1620	475.2591	94.6759	478.8967	94.6528	
17/08/2017	01:19:14	011995	G523060035HLR	L523	S		446.5216	1.0400	0.0000	99.9968	39.8835	0.8230	1.1615	5.0000	20.5384	508.0200	94.9306	18.4589	25.2000	0.9300	0.9329	0.6320	-0.0001	508.0000	508.7420	1.0272	7.9422	99.8422	40.7169	0.8230	0.8260	5.0000	-9999.0000	-9999.0000	-9999.0000	-9999.0000	-9999.0000	-9999.0000	17.2584	2	0	28.8675	1.0000	12	3	-9999.0000	11019	39217	-9999	-9999	2579	5213	319.8195	5	0.6294	0.6320	-0.0001	31.9959	1.6015	471.6064	553.5508	48.0324	478.9139	95.6481	471.4027	95.1389	474.5870	94.6991	476.6649	94.6528	
17/08/2017	01:19:43	011995	G523058643HLR	L523	S		448.8478	1.0400	0.0000	100.0488	39.8785	0.8230	1.1615	5.0000	20.6063	508.0264	94.9537	16.8291	25.1000	0.9300	0.9329	0.6319	-0.0001	508.0000	509.1400	1.0272	7.9381	99.8360	40.7033	0.8230	0.8261	5.0000	-9999.0000	-9999.0000	-9999.0000	-9999.0000	-9999.0000	-9999.0000	17.3582	3	0	29.2385	1.0000	12	3	-9999.0000	11020	39217	-9999	-9999	2579	5215	319.9180	5	0.6293	0.6319	-0.0001	32.3113	1.5761	474.9260	551.8405	45.3472	481.3943	95.4861	474.3357	95.0231	476.9376	94.6296	479.6171	94.6991	
17/08/2017	01:20:11	011995	G523058639HLR	L523	S		161.5476	1.0400	0.0000	99.5424	39.8865	0.8230	1.1620	5.0000	24.0966	0.0000	0.0000	0.0000	0.0000	0.9300	0.0000	0.0000	0.0000	0.0000	447.4406	1.0272	7.4246	99.6785	40.6852	0.8230	0.8260	5.0000	-9999.0000	-9999.0000	-9999.0000	-9999.0000	-9999.0000	-9999.0000	17.2994	4	7	28.0689	1.0000	12	3	-9999.0000	11020	0	-9999	-9999	2580	5217	0.0000	0	0.0000	0.0000	0.0000	0.0000	0.0000	0.0000	0.0000	0.0000	0.0000	0.0000	0.0000	0.0000	0.0000	0.0000	0.0000	0.0000	
17/08/2017	01:20:40	011995	G523058645HLR	L523	S		450.8535	1.0400	0.0000	99.9919	39.8119	0.8230	1.1616	5.0000	20.6492	508.0350	95.0000	15.1291	25.3000	0.9300	0.9332	0.6320	-0.0001	508.0000	507.2933	1.0272	7.9569	99.8704	40.7019	0.8230	0.8260	5.0000	-9999.0000	-9999.0000	-9999.0000	-9999.0000	-9999.0000	-9999.0000	18.9706	5	0	29.3079	1.0000	12	3	-9999.0000	11021	39218	-9999	-9999	2581	5219	319.9915	5	0.6293	0.6320	-0.0001	32.0922	1.5878	475.3919	546.9523	45.6250	481.4125	95.3009	474.9037	94.8380	479.4962	94.6991	482.7768	94.7222	
17/08/2017	01:21:07	011995	G523058646HLR	L523	S		448.0001	1.0400	0.0000	99.9749	39.8360	0.8230	1.1617	5.0000	20.5986	508.0600	94.9537	17.9795	25.3000	0.9300	0.9331	0.6316	-0.0001	508.0000	509.1716	1.0272	7.9378	99.7022	40.6623	0.8230	0.8254	5.0000	-9999.0000	-9999.0000	-9999.0000	-9999.0000	-9999.0000	-9999.0000	17.1060	6	0	27.0885	1.0000	12	3	-9999.0000	11022	39219	-9999	-9999	2582	5221	319.8136	5	0.6292	0.6316	-0.0001	32.1245	1.5942	472.6034	581.0217	45.3704	479.5891	95.3009	471.9345	94.7685	475.4827	94.6065	477.8794	94.7454	
17/08/2017	01:21:38	011995	G523058651HLR	L523	S		448.9995	1.0400	0.0000	99.9864	39.8470	0.8230	1.1617	5.0000	20.5680	508.0605	94.9306	18.2588	25.2000	0.9300	0.9330	0.6316	-0.0001	508.0000	509.3472	1.0272	7.9360	99.8097	40.6495	0.8230	0.8249	5.0000	-9999.0000	-9999.0000	-9999.0000	-9999.0000	-9999.0000	-9999.0000	17.1088	7	0	30.1790	1.0000	12	3	-9999.0000	11023	39220	-9999	-9999	2583	5223	319.7428	5	0.6292	0.6316	-0.0001	32.1245	1.5942	472.9953	561.5231	46.3889	478.7216	95.6481	472.6695	95.1620	475.3665	94.6991	477.9656	94.6759	
17/08/2017	01:22:05	011995	G523058657HLR	L523	S		448.2262	1.0400	0.0000	99.9902	39.8639	0.8230	1.1616	5.0000	20.5387	508.0292	94.9306	17.1895	25.1000	0.9300	0.9328	0.6320	-0.0002	508.0000	508.1586	1.0272	7.9481	99.8067	40.6823	0.8230	0.8247	5.0000	-9999.0000	-9999.0000	-9999.0000	-9999.0000	-9999.0000	-9999.0000	17.0676	8	0	27.6592	1.0000	12	3	-9999.0000	11024	39221	-9999	-9999	2584	5225	319.7800	5	0.6292	0.6320	-0.0002	32.1013	1.5969	473.5785	581.8062	45.3241	480.0357	95.7407	472.5444	95.2083	475.4214	94.6991	478.1685	94.6528	
17/08/2017	01:22:34	011995	G523058659HLR	L523	S		447.3509	1.0400	0.0000	100.0412	39.8876	0.8230	1.1616	5.0000	20.5589	508.0214	94.9537	18.2685	25.1000	0.9300	0.9329	0.6320	-0.0002	508.0000	508.3650	1.0272	7.9460	99.7701	40.6976	0.8230	0.8249	5.0000	-9999.0000	-9999.0000	-9999.0000	-9999.0000	-9999.0000	-9999.0000	17.3187	1	0	29.2771	1.0000	12	3	-9999.0000	11025	39222	-9999	-9999	2585	5227	319.6842	5	0.6292	0.6320	-0.0002	32.3436	1.5872	469.7455	567.9343	46.1806	477.2804	95.6713	469.1502	95.1852	472.8098	94.7222	475.7252	94.6759	
17/08/2017	01:23:01	011995	G523058660HLR	L523	S		447.3777	1.0400	0.0000	100.0434	39.8671	0.8230	1.1616	5.0000	20.4392	508.0417	94.9769	16.0998	25.1000	0.9300	0.9329	0.6319	-0.0002	508.0000	508.1540	1.0272	7.9482	99.7916	40.7167	0.8230	0.8254	5.0000	-9999.0000	-9999.0000	-9999.0000	-9999.0000	-9999.0000	-9999.0000	17.0589	2	0	26.7596	1.0000	12	3	-9999.0000	11026	39223	-9999	-9999	2586	5229	319.8920	5	0.6291	0.6319	-0.0002	32.2640	1.5914	475.6137	570.9827	46.5741	480.0117	95.4630	475.0243	94.9769	477.5797	94.6065	480.5276	94.6991	
17/08/2017	01:23:29	011995	G523058658HLR	L523	S		447.1803	1.0400	0.0000	100.0443	39.8687	0.8230	1.1616	5.0000	20.5266	508.0666	94.9769	19.1289	25.2000	0.9300	0.9329	0.6322	-0.0002	508.0000	508.5271	1.0272	7.9444	99.7849	40.7165	0.8230	0.8255	5.0000	-9999.0000	-9999.0000	-9999.0000	-9999.0000	-9999.0000	-9999.0000	17.3385	3	0	28.1378	1.0000	12	3	-9999.0000	11027	39223	-9999	-9999	2587	5231	319.6060	5	0.6291	0.6322	-0.0002	31.6640	1.6281	468.7135	534.2195	47.4074	475.7911	95.4398	468.5269	95.0231	471.7588	94.6528	474.2857	94.6759	
17/08/2017	01:23:59	011995	G523058662HLR	L523	S		448.9633	1.0400	0.0000	99.8648	39.8798	0.8230	1.1615	5.0000	20.6668	508.0539	94.9769	16.8194	25.2000	0.9300	0.9329	0.6319	-0.0002	508.0000	507.4558	1.0272	7.9553	99.8018	40.7247	0.8230	0.8258	5.0000	-9999.0000	-9999.0000	-9999.0000	-9999.0000	-9999.0000	-9999.0000	17.0952	4	0	30.1683	1.0000	12	3	-9999.0000	11028	39223	-9999	-9999	2588	5232	319.7778	5	0.6290	0.6319	-0.0002	31.6002	1.6295	472.9298	564.3948	45.9259	480.9996	95.5324	472.6515	95.0000	476.5081	94.6296	478.2949	94.7222	
17/08/2017	01:24:27	011995	G523058668HLR	L523	S		446.8093	1.0400	0.0000	100.0443	39.8669	0.8230	1.1616	5.0000	20.5585	508.0204	94.9537	18.2588	25.2000	0.9300	0.9329	0.6321	-0.0002	508.0000	508.5767	1.0272	7.9439	99.8255	40.7261	0.8230	0.8258	5.0000	-9999.0000	-9999.0000	-9999.0000	-9999.0000	-9999.0000	-9999.0000	17.5386	5	0	27.1786	1.0000	12	3	-9999.0000	11028	39224	-9999	-9999	2589	5233	319.5876	5	0.6290	0.6321	-0.0002	32.3135	1.5977	470.1527	562.4545	46.4815	478.5222	95.5556	469.6032	95.0694	472.9430	94.6528	475.9604	94.6759	
17/08/2017	01:24:53	011995	G523058669HLR	L523	S		449.9252	1.0400	0.0000	99.7926	39.8407	0.8230	1.1612	5.0000	22.8893	508.0549	95.0231	15.8087	25.2000	0.9300	0.9329	0.6320	-0.0002	508.0000	508.4527	1.0272	7.9451	99.7388	40.7264	0.8230	0.8258	5.0000	-9999.0000	-9999.0000	-9999.0000	-9999.0000	-9999.0000	-9999.0000	17.2885	6	0	26.4981	1.0000	12	3	-9999.0000	11028	39225	-9999	-9999	2590	5235	319.8452	5	0.6290	0.6320	-0.0002	32.8057	1.5716	475.1233	564.9276	45.6713	481.7842	95.5093	474.8043	94.9769	477.9590	94.6296	481.0228	94.7222	
17/08/2017	01:25:20	011995	G523058708HLR	L523	S		451.6679	1.0400	0.0000	99.9581	39.8875	0.8230	1.1616	5.0000	20.6187	508.0549	94.9306	17.1290	25.2000	0.9300	0.9329	0.6323	-0.0002	508.0000	508.9433	1.0272	7.9401	99.7419	40.7268	0.8230	0.8259	5.0000	-9999.0000	-9999.0000	-9999.0000	-9999.0000	-9999.0000	-9999.0000	17.3687	7	0	27.3286	1.0000	12	3	-9999.0000	11028	39226	-9999	-9999	2591	5237	319.7283	5	0.6291	0.6323	-0.0002	31.5609	1.6410	473.7014	547.0447	45.8102	479.6414	95.3935	473.7780	94.9769	476.3962	94.6528	479.1818	94.6991	
17/08/2017	01:25:47	011995	G523058579HLR	L523	S		448.8750	1.0400	0.0000	100.0178	39.8745	0.8230	1.1616	5.0000	20.5622	508.0661	94.9537	19.1494	25.2000	0.9300	0.9330	0.6324	-0.0002	508.0000	509.0646	1.0272	7.9389	100.0909	40.7173	0.8230	0.8262	5.0000	-9999.0000	-9999.0000	-9999.0000	-9999.0000	-9999.0000	-9999.0000	17.1781	8	0	26.6088	1.0000	12	3	-9999.0000	11029	39227	-9999	-9999	2592	5239	319.5560	5	0.6290	0.6324	-0.0002	31.5979	1.6389	469.7308	547.2501	47.3380	476.9099	95.5093	468.9064	94.9306	472.1775	94.6296	474.2821	94.7454	
17/08/2017	01:26:15	011995	G523058585HLR	L523	S		449.2353	1.0400	0.0000	100.0553	39.8828	0.8230	1.1616	5.0000	20.5112	508.0355	94.9537	16.2198	25.1000	0.9300	0.9329	0.6325	-0.0002	508.0000	508.2520	1.0272	7.9472	99.7538	40.7233	0.8230	0.8259	5.0000	-9999.0000	-9999.0000	-9999.0000	-9999.0000	-9999.0000	-9999.0000	19.4890	1	0	28.1589	1.0000	12	3	-9999.0000	11030	39228	-9999	-9999	2593	5241	319.7862	5	0.6290	0.6325	-0.0002	31.9471	1.6218	475.1715	560.3979	45.7176	481.9867	95.5324	474.2867	95.0463	477.2000	94.6296	480.8516	94.6991	
17/08/2017	01:26:41	011995	G523058593HLR	L523	S		448.9282	1.0400	0.0000	99.8466	39.8531	0.8230	1.1613	5.0000	22.5085	508.0171	94.9537	15.6193	25.1000	0.9300	0.9329	0.6320	-0.0002	508.0000	508.4351	1.0272	7.9453	99.9111	40.6755	0.8230	0.8255	5.0000	-9999.0000	-9999.0000	-9999.0000	-9999.0000	-9999.0000	-9999.0000	17.1077	2	0	25.8766	1.0000	12	3	-9999.0000	11031	39228	-9999	-9999	2594	5243	319.8095	5	0.6290	0.6320	-0.0002	31.5864	1.6376	475.2691	546.3578	47.2685	481.8971	95.4630	474.9569	94.9537	479.2330	94.6065	482.3633	94.7222	
17/08/2017	01:27:08	011995	G523058596HLR	L523	S		450.4571	1.0400	0.0000	99.9865	39.8891	0.8230	1.1616	5.0000	20.5882	508.0071	94.9306	16.3292	25.1000	0.9300	0.9330	0.6340	-0.0003	508.0000	507.3881	1.0272	7.9560	99.7622	40.6588	0.8230	0.8248	5.0000	-9999.0000	-9999.0000	-9999.0000	-9999.0000	-9999.0000	-9999.0000	17.2393	3	0	26.2985	1.0000	12	3	-9999.0000	11032	39229	-9999	-9999	2595	5245	319.6895	5	0.6289	0.6340	-0.0003	32.9526	1.5529	473.5903	553.0798	47.1065	480.0786	95.4630	473.1666	94.9537	476.6927	94.6528	479.0546	94.6991	
