Data	Timp	Nr. masina	Nr. de serie	Tip	Productie	Comentariu	Pre-masurare Q [ml/min]	Pre-masurare Gain	Pre-masurare Offset Master	Pre-masurare P [bar]	Pre-masurare T [°C]	Pre-masurare Densitate fixa [kg/l]	Pre-masurare densitate masurata [kg/l]	Pre-masurare Timp masurare [s]	Pre-masurare Cycle time [s]	rectificare Q Oprire [ml/min]	rectificare P Oprire [bar]	rectificare Timp rectificare [s]	rectificare T [°C]	rectificare Densitate fixa [kg/l]	rectificare densitate masurata [kg/l]	rectificare Factor de masurare la rectificare	rectificare Factor de corectie a debitului	rectificare Target rectificare	Masurare Q [ml/min]	Masurare Gain	Masurare Offset Master	Masurare P [bar]	Masurare T [°C]	Masurare Densitate fixa [kg/l]	Masurare densitate masurata [kg/l]	Masurare Timp masurare [s]	Masurare Q [ml/min]	Masurare Delta Q [ml/min]	Masurare P [bar]	Masurare BP [bar]	Masurare T [°C]	Masurare Timp masurare [s]	Masurare Cycle time [s]	Nest Nr.	Cod de descarcare	Cycle time [s]	Traceability aktiv	EDM Maschine Nr	EDM Spindle Nr	Honing Rate [r	Station Counter Premeasure	Station Counter Grind	Station Counter Blowout 1	Station Counter Wash	Station Counter Measure	Station Counter Blowout 2	RealGrindQStop	Reg Type	Factor 0	Factor 1	Factor 2	Factor 3	Factor 4	G_StartQV	G_StartQV_1	G_StartQV_2	G_StartQV_3	G_StartQV_4	G_StartQV_5	
15/08/2017	00:57:16	011995	G523050011HLR	L523	S		446.0657	1.0400	0.0000	99.9997	39.4443	0.8230	1.1625	5.0000	20.1043	508.0493	94.9769	16.0089	25.4000	0.9300	0.9365	0.6276	-0.0005	508.0000	506.5213	1.0272	7.0000	99.8900	40.5693	0.8230	0.8275	5.0000	-9999.0000	-9999.0000	-9999.0000	-9999.0000	-9999.0000	-9999.0000	17.1635	5	0	29.7290	1.0000	12	3	-9999.0000	6680	35000	-9999	-9999	654	1338	314.6987	5	0.6179	0.6276	-0.0005	28.2727	1.9936	482.0058	314.5542	40.6944	477.7690	95.7176	468.4943	94.9769	470.2617	94.7685	473.5826	95.0000	
15/08/2017	00:58:10	011995	G523050004HLR	L523	S		-9999.0000	0.0000	0.0000	-9999.0000	-9999.0000	0.8230	-9999.0000	0.0000	28.7386	0.0000	0.0000	0.0000	0.0000	0.9300	0.0000	0.0000	0.0000	0.0000	441.7477	1.0272	7.0000	99.8847	40.5130	0.8230	0.8263	5.0000	-9999.0000	-9999.0000	-9999.0000	-9999.0000	-9999.0000	-9999.0000	17.0084	7	17	30.6365	1.0000	12	3	-9999.0000	6681	0	-9999	-9999	655	1341	0.0000	0	0.0000	0.0000	0.0000	0.0000	0.0000	0.0000	0.0000	0.0000	0.0000	0.0000	0.0000	0.0000	0.0000	0.0000	0.0000	0.0000	
15/08/2017	00:59:02	011995	G523050017HLR	L523	S		443.9641	1.0400	0.0000	100.0057	39.6889	0.8230	1.1624	5.0000	20.0787	508.0176	94.9769	18.7197	25.3000	0.9300	0.9365	0.6295	-0.0005	508.0000	508.9768	1.0272	7.0000	99.8514	40.5500	0.8230	0.8257	5.0000	-9999.0000	-9999.0000	-9999.0000	-9999.0000	-9999.0000	-9999.0000	17.1287	1	0	28.5082	1.0000	12	3	-9999.0000	6682	35001	-9999	-9999	656	1343	314.9362	5	0.6213	0.6295	-0.0005	28.2316	1.9907	460.7025	473.7160	42.0139	473.2621	96.0185	462.4464	94.7454	464.0002	94.6991	468.2119	94.7917	
15/08/2017	00:59:51	011995	G523050016HLR	L523	S		442.6053	1.0400	0.0000	99.7951	39.5971	0.8230	1.1619	5.0000	21.1480	508.0164	95.0000	19.6786	25.2000	0.9300	0.9360	0.6295	-0.0005	508.0000	510.2770	1.0272	7.0000	99.7916	40.6010	0.8230	0.8272	5.0000	-9999.0000	-9999.0000	-9999.0000	-9999.0000	-9999.0000	-9999.0000	17.2105	3	0	25.6089	1.0000	12	3	-9999.0000	6683	35002	-9999	-9999	657	1346	314.6890	5	0.6213	0.6295	-0.0005	28.2316	1.9907	472.6937	497.1209	45.1389	468.9073	95.0463	460.7167	94.7222	463.9471	94.6991	467.6140	94.7222	
15/08/2017	01:00:42	011995	G523050008HLR	L523	S		446.6018	1.0400	0.0000	99.9434	39.6171	0.8230	1.1622	5.0000	20.1492	508.0715	94.9769	17.5694	25.1000	0.9300	0.9361	0.6289	-0.0005	508.0000	508.8839	1.0272	7.0000	99.9263	40.5386	0.8230	0.8263	5.0000	-9999.0000	-9999.0000	-9999.0000	-9999.0000	-9999.0000	-9999.0000	17.0467	5	0	28.1480	1.0000	12	3	-9999.0000	6684	35003	-9999	-9999	658	1349	315.0175	5	0.6200	0.6289	-0.0005	28.2453	1.9917	474.6949	520.7372	43.9352	471.5969	95.1157	465.1801	94.7454	468.1295	94.6991	471.6019	94.7685	
15/08/2017	01:01:30	011995	G523050025HLR	L523	S		453.3520	1.0400	0.0000	99.9709	39.6190	0.8230	1.1622	5.0000	20.0002	508.0420	94.8843	14.7092	25.1000	0.9300	0.9361	0.6282	-0.0005	508.0000	510.5614	1.0272	7.0000	99.8032	40.5865	0.8230	0.8261	5.0000	-9999.0000	-9999.0000	-9999.0000	-9999.0000	-9999.0000	-9999.0000	17.1124	7	0	25.1359	1.0000	12	3	-9999.0000	6685	35004	-9999	-9999	659	1351	315.3748	5	0.6189	0.6282	-0.0005	28.2613	1.9928	481.6325	512.6800	43.6111	479.6231	95.0463	470.4904	94.7454	475.6311	94.7222	478.7381	94.7685	
15/08/2017	01:02:21	011995	G523050020HLR	L523	S		448.4867	1.0400	0.0000	99.9297	39.6311	0.8230	1.1623	5.0000	20.0291	508.0563	94.9306	17.1788	25.1000	0.9300	0.9361	0.6282	-0.0005	508.0000	509.6815	1.0272	7.0000	99.8432	40.5804	0.8230	0.8271	5.0000	-9999.0000	-9999.0000	-9999.0000	-9999.0000	-9999.0000	-9999.0000	17.4488	1	0	28.1187	1.0000	12	3	-9999.0000	6686	35005	-9999	-9999	660	1354	314.7125	5	0.6190	0.6282	-0.0005	28.2635	1.9930	475.4954	558.1115	45.3935	474.5664	95.0694	464.9263	94.8611	470.4046	94.7917	472.6888	94.7454	
15/08/2017	01:03:13	011995	G523050027HLR	L523	S		451.4116	1.0400	0.0000	99.8946	39.6318	0.8230	1.1622	5.0000	20.0183	508.1030	94.8380	13.9494	25.1000	0.9300	0.9361	0.6248	-0.0004	508.0000	509.1042	1.0272	7.0000	99.7550	40.5667	0.8230	0.8256	5.0000	-9999.0000	-9999.0000	-9999.0000	-9999.0000	-9999.0000	-9999.0000	17.3437	3	0	28.5687	1.0000	12	3	-9999.0000	6686	35006	-9999	-9999	661	1357	315.0855	5	0.6187	0.6248	-0.0004	28.0019	1.9909	483.7455	516.8909	43.0324	481.8731	95.0463	472.7922	94.7917	477.6750	94.7454	481.7403	94.7685	
15/08/2017	01:04:01	011995	G523050029HLR	L523	S		448.1154	1.0400	0.0000	99.9419	39.6425	0.8230	1.1623	5.0000	19.9984	508.0960	94.9306	17.1993	25.2000	0.9300	0.9361	0.6240	-0.0003	508.0000	509.1751	1.0272	7.0000	99.7802	40.6270	0.8230	0.8268	5.0000	-9999.0000	-9999.0000	-9999.0000	-9999.0000	-9999.0000	-9999.0000	17.4092	5	0	25.2280	1.0000	12	3	-9999.0000	6687	35006	-9999	-9999	662	1359	314.3357	5	0.6185	0.6240	-0.0003	27.7038	1.9983	479.9984	526.0609	46.0417	477.9064	95.0000	469.4119	94.8380	473.9496	94.8148	477.3164	94.7454	
15/08/2017	01:04:53	011995	G523050024HLR	L523	S		447.5121	1.0400	0.0000	99.9365	39.6494	0.8230	1.1622	5.0000	20.1984	508.0677	94.9537	17.5391	25.1000	0.9300	0.9361	0.6223	-0.0002	508.0000	508.0048	1.0272	7.0000	99.8518	40.5807	0.8230	0.8268	5.0000	-9999.0000	-9999.0000	-9999.0000	-9999.0000	-9999.0000	-9999.0000	17.2984	7	0	28.4380	1.0000	12	3	-9999.0000	6687	35007	-9999	-9999	663	1362	314.2154	5	0.6186	0.6223	-0.0002	31.9155	1.7652	478.3157	519.9229	43.1019	476.4626	95.1157	466.2202	94.7454	470.1284	94.7917	473.9137	94.7917	
15/08/2017	01:05:43	011995	G523050012HLR	L523	S		455.1451	1.0400	0.0000	99.8865	39.6513	0.8230	1.1622	5.0000	20.0788	508.0489	94.8611	13.1389	25.1000	0.9300	0.9360	0.6219	-0.0002	508.0000	508.7305	1.0272	7.0000	99.8457	40.5880	0.8230	0.8256	5.0000	-9999.0000	-9999.0000	-9999.0000	-9999.0000	-9999.0000	-9999.0000	17.3037	1	0	27.2282	1.0000	12	3	-9999.0000	6687	35008	-9999	-9999	664	1364	314.5617	5	0.6184	0.6219	-0.0002	31.8762	1.7566	487.0003	495.4868	44.1898	483.6312	94.9769	475.3883	94.7917	480.0116	94.7685	484.1157	94.7454	
15/08/2017	01:06:36	011995	G523050010HLR	L523	S		445.7715	1.0400	0.0000	99.8568	39.6565	0.8230	1.1622	5.0000	20.2027	508.1041	94.9769	17.4395	25.1000	0.9300	0.9360	0.6221	-0.0002	508.0000	508.8754	1.0272	7.0000	99.8174	40.6384	0.8230	0.8270	5.0000	-9999.0000	-9999.0000	-9999.0000	-9999.0000	-9999.0000	-9999.0000	18.1327	3	0	25.1296	1.0000	12	3	-9999.0000	6688	35008	-9999	-9999	665	1367	314.2255	5	0.6184	0.6221	-0.0002	32.7434	1.6924	478.9252	525.7938	42.6620	477.8841	94.9769	467.2052	94.8380	471.8993	94.8380	475.2500	94.8148	
15/08/2017	01:07:31	011995	G523050007HLR	L523	S		449.5557	1.0400	0.0000	100.0084	39.6609	0.8230	1.1621	5.0000	20.3607	508.0495	94.9074	16.1397	25.1000	0.9300	0.9361	0.6204	-0.0001	508.0000	508.0314	1.0272	7.0000	99.7997	40.5782	0.8230	0.8263	5.0000	-9999.0000	-9999.0000	-9999.0000	-9999.0000	-9999.0000	-9999.0000	17.5681	5	0	27.8404	1.0000	12	3	-9999.0000	6688	35009	-9999	-9999	666	1369	314.1794	5	0.6184	0.6204	-0.0001	29.8121	1.8598	483.5918	547.7237	45.7639	481.5753	95.0231	472.4410	94.9074	475.4884	94.8148	479.3654	94.8380	
15/08/2017	01:08:00	011995	G523050005HLR	L523	S		449.9809	1.0400	0.0000	99.8747	39.6333	0.8230	1.1623	5.0000	21.1082	508.0698	94.9074	16.1886	25.1000	0.9300	0.9360	0.6206	-0.0001	508.0000	508.4365	1.0272	7.0000	99.8073	40.5786	0.8230	0.8255	5.0000	-9999.0000	-9999.0000	-9999.0000	-9999.0000	-9999.0000	-9999.0000	17.2085	6	0	28.6370	1.0000	12	3	-9999.0000	6689	35010	-9999	-9999	667	1371	314.2324	5	0.6183	0.6206	-0.0001	29.8011	1.8666	487.6901	563.5970	43.1944	484.3976	95.2315	473.8920	94.7685	476.4573	94.6991	480.1130	94.7685	
15/08/2017	01:08:27	011995	G523050002HLR	L523	S		455.3650	1.0400	0.0000	99.7776	39.7107	0.8230	1.1626	5.0000	20.0366	508.0828	94.9074	11.7796	24.9000	0.9300	0.9357	0.6206	-0.0001	508.0000	508.4162	1.0272	7.0000	99.8081	40.6148	0.8230	0.8253	5.0000	-9999.0000	-9999.0000	-9999.0000	-9999.0000	-9999.0000	-9999.0000	17.1579	7	0	27.1587	1.0000	12	3	-9999.0000	6690	35011	-9999	-9999	668	1373	314.4920	5	0.6183	0.6206	-0.0001	29.8011	1.8666	490.7941	585.0524	44.2593	488.3884	95.0463	481.8818	94.7685	486.1235	94.6759	488.8488	94.7685	
15/08/2017	01:08:54	011995	G523049997HLR	L523	S		450.3923	1.0400	0.0000	99.9217	39.7513	0.8230	1.1624	5.0000	20.0282	508.0552	94.9074	16.6885	24.9000	0.9300	0.9358	0.6204	-0.0001	508.0000	510.5891	1.0272	7.0000	99.7992	40.6333	0.8230	0.8257	5.0000	-9999.0000	-9999.0000	-9999.0000	-9999.0000	-9999.0000	-9999.0000	17.2983	8	0	26.9077	1.0000	12	3	-9999.0000	6691	35012	-9999	-9999	669	1375	314.1437	5	0.6183	0.6204	-0.0001	29.2316	1.8922	482.4677	578.0304	47.5463	480.4290	95.0926	471.1123	94.8148	475.0079	94.6759	477.7657	94.7685	
15/08/2017	01:09:20	011995	G523049993HLR	L523	S		448.1072	1.0400	0.0000	99.9329	39.7467	0.8230	1.1623	5.0000	20.0584	508.0761	94.9306	16.8897	24.9000	0.9300	0.9358	0.6203	-0.0001	508.0000	510.2672	1.0272	7.0000	99.8738	40.6500	0.8230	0.8262	5.0000	-9999.0000	-9999.0000	-9999.0000	-9999.0000	-9999.0000	-9999.0000	17.2985	1	0	26.2789	1.0000	12	3	-9999.0000	6692	35013	-9999	-9999	670	1376	314.1058	5	0.6183	0.6203	-0.0001	29.1842	1.8882	481.2154	564.6940	44.4213	478.6615	95.1389	472.4459	94.8843	475.6691	94.6991	478.3475	94.7685	
15/08/2017	01:09:48	011995	G523049989HLR	L523	S		444.9881	1.0400	0.0000	99.9737	39.7495	0.8230	1.1622	5.0000	20.0889	508.0613	94.9769	17.7295	24.9000	0.9300	0.9357	0.6200	-0.0001	508.0000	508.6209	1.0272	7.0000	99.8913	40.6563	0.8230	0.8264	5.0000	-9999.0000	-9999.0000	-9999.0000	-9999.0000	-9999.0000	-9999.0000	17.3390	2	0	28.0371	1.0000	12	3	-9999.0000	6693	35013	-9999	-9999	671	1378	314.0276	5	0.6183	0.6200	-0.0001	31.4437	1.7570	478.7263	551.2220	43.4491	476.0583	95.2778	468.0306	94.7222	471.2399	94.6759	474.8693	94.8148	
15/08/2017	01:10:13	011995	G523049988HLR	L523	S		448.0402	1.0400	0.0000	99.9990	39.7454	0.8230	1.1622	5.0000	20.3982	508.0746	94.9306	16.1896	24.9000	0.9300	0.9358	0.6201	-0.0001	508.0000	509.6647	1.0272	7.0000	99.7889	40.6588	0.8230	0.8266	5.0000	-9999.0000	-9999.0000	-9999.0000	-9999.0000	-9999.0000	-9999.0000	17.4723	3	0	25.1085	1.0000	12	3	-9999.0000	6694	35014	-9999	-9999	672	1380	314.1814	5	0.6181	0.6201	-0.0001	31.4704	1.7528	481.9071	573.1124	44.1667	478.5382	95.1389	471.5601	94.6991	475.1332	94.7222	479.2407	94.8148	
15/08/2017	01:10:40	011995	G523049975HLR	L523	S		448.1069	1.0400	0.0000	99.9118	39.7414	0.8230	1.1622	5.0000	20.1779	508.0438	94.9074	15.9288	24.9000	0.9300	0.9358	0.6204	-0.0002	508.0000	508.8574	1.0272	7.0000	99.7249	40.6555	0.8230	0.8267	5.0000	-9999.0000	-9999.0000	-9999.0000	-9999.0000	-9999.0000	-9999.0000	17.0999	4	0	27.1383	1.0000	12	3	-9999.0000	6694	35015	-9999	-9999	673	1382	314.0568	5	0.6180	0.6204	-0.0002	31.3541	1.7644	482.0035	556.2957	44.2824	480.0631	95.1389	470.7195	94.7222	474.9841	94.6991	478.4168	94.7917	
15/08/2017	01:11:07	011995	G523049978HLR	L523	S		448.8711	1.0400	0.0000	99.8804	39.7482	0.8230	1.1622	5.0000	20.1788	508.0330	94.8843	15.3195	24.9000	0.9300	0.9357	0.6205	-0.0002	508.0000	508.9590	1.0272	7.0000	99.8669	40.6310	0.8230	0.8264	5.0000	-9999.0000	-9999.0000	-9999.0000	-9999.0000	-9999.0000	-9999.0000	17.1615	5	0	26.6690	1.0000	12	3	-9999.0000	6695	35016	-9999	-9999	674	1384	314.0427	5	0.6180	0.6205	-0.0002	31.3541	1.7644	482.7702	569.2553	44.6759	480.1277	95.0694	472.5711	94.6528	477.1547	94.7685	479.9599	94.7685	
15/08/2017	01:11:35	011995	G523049976HLR	L523	S		447.2988	1.0400	0.0000	100.0090	39.7580	0.8230	1.1621	5.0000	20.7084	508.0584	94.9537	17.0792	24.9000	0.9300	0.9357	0.6204	-0.0002	508.0000	509.8092	1.0272	7.0000	99.9168	40.6095	0.8230	0.8258	5.0000	-9999.0000	-9999.0000	-9999.0000	-9999.0000	-9999.0000	-9999.0000	17.1490	6	0	27.5878	1.0000	12	3	-9999.0000	6696	35017	-9999	-9999	675	1386	313.9316	5	0.6179	0.6204	-0.0002	31.1683	1.7859	480.6649	545.0662	43.2870	476.4221	95.1389	471.1964	94.6528	476.1151	94.7685	478.6763	94.7685	
15/08/2017	01:12:05	011995	G523049985HLR	L523	S		450.1865	1.0400	0.0000	99.9303	39.7580	0.8230	1.1622	5.0000	20.1625	508.0736	94.9074	14.1594	24.9000	0.9300	0.9358	0.6204	-0.0002	508.0000	508.9796	1.0272	7.0000	99.7453	40.6167	0.8230	0.8251	5.0000	-9999.0000	-9999.0000	-9999.0000	-9999.0000	-9999.0000	-9999.0000	17.2264	7	0	30.4790	1.0000	12	3	-9999.0000	6697	35018	-9999	-9999	676	1387	314.1187	5	0.6179	0.6204	-0.0002	31.1683	1.7859	484.2922	547.9395	44.0509	481.2034	95.0694	477.9222	94.6991	481.4907	94.7454	481.7900	94.7917	
15/08/2017	01:12:30	011995	G523049983HLR	L523	S		449.6306	1.0400	0.0000	99.9197	39.7873	0.8230	1.1622	5.0000	20.0780	508.0954	94.9306	16.1993	24.9000	0.9300	0.9358	0.6201	-0.0001	508.0000	509.2010	1.0272	7.0000	99.9828	40.6500	0.8230	0.8254	5.0000	-9999.0000	-9999.0000	-9999.0000	-9999.0000	-9999.0000	-9999.0000	17.3683	8	0	24.8385	1.0000	12	3	-9999.0000	6698	35019	-9999	-9999	677	1389	313.9486	5	0.6178	0.6201	-0.0001	31.8690	1.7522	482.0669	568.3759	45.6481	479.0028	95.0463	471.5570	94.7222	474.8062	94.7222	479.2879	94.7917	
15/08/2017	01:12:57	011995	G523049964HLR	L523	S		450.6739	1.0400	0.0000	99.9637	39.7663	0.8230	1.1622	5.0000	20.2392	508.1080	94.9306	15.7394	25.0000	0.9300	0.9359	0.6204	-0.0002	508.0000	510.6064	1.0272	7.0000	99.8944	40.6500	0.8230	0.8255	5.0000	-9999.0000	-9999.0000	-9999.0000	-9999.0000	-9999.0000	-9999.0000	17.0385	1	0	27.2791	1.0000	12	3	-9999.0000	6699	35020	-9999	-9999	678	1391	313.9711	5	0.6177	0.6204	-0.0002	31.7545	1.7620	484.8505	569.4357	44.6065	482.2199	95.0463	473.7985	94.7454	477.5489	94.6759	480.7817	94.7917	
15/08/2017	01:13:24	011995	G523049973HLR	L523	S		447.7039	1.0400	0.0000	99.8288	39.7780	0.8230	1.1622	5.0000	20.0717	508.0343	94.9306	16.6886	25.0000	0.9300	0.9358	0.6199	-0.0001	508.0000	509.4462	1.0272	7.0000	99.8937	40.6833	0.8230	0.8258	5.0000	-9999.0000	-9999.0000	-9999.0000	-9999.0000	-9999.0000	-9999.0000	19.2244	2	0	26.4179	1.0000	12	3	-9999.0000	6700	35021	-9999	-9999	679	1393	313.7714	5	0.6177	0.6199	-0.0001	32.8252	1.7021	480.6671	597.8483	44.8380	478.7205	95.0694	469.8487	94.7454	474.9068	94.6528	477.9294	94.8148	
15/08/2017	01:13:49	011995	G523049961HLR	L523	S		441.6702	1.0400	0.0000	99.9481	39.7807	0.8230	1.1622	5.0000	20.0682	508.0074	94.9769	19.4784	24.9000	0.9300	0.9358	0.6199	-0.0001	508.0000	508.0903	1.0272	7.0000	99.7458	40.6829	0.8230	0.8264	5.0000	-9999.0000	-9999.0000	-9999.0000	-9999.0000	-9999.0000	-9999.0000	17.4593	3	0	25.0388	1.0000	12	3	-9999.0000	6701	35022	-9999	-9999	680	1395	313.5102	5	0.6176	0.6199	-0.0001	32.7718	1.7025	475.4299	577.7824	45.0000	474.9835	95.0926	462.7906	94.7222	466.6501	94.6759	470.5198	94.8380	
15/08/2017	01:14:16	011995	G523049967HLR	L523	S		447.7055	1.0400	0.0000	99.8827	39.8024	0.8230	1.1621	5.0000	20.1412	508.0588	94.9074	13.2893	24.9000	0.9300	0.9357	0.6199	-0.0001	508.0000	507.8154	1.0272	7.0000	99.8391	40.6692	0.8230	0.8266	5.0000	-9999.0000	-9999.0000	-9999.0000	-9999.0000	-9999.0000	-9999.0000	17.1870	4	0	27.5581	1.0000	12	3	-9999.0000	6702	35023	-9999	-9999	681	1397	314.0005	5	0.6176	0.6199	-0.0001	32.7718	1.7025	487.9636	561.4834	43.9352	485.9269	95.0694	476.8493	94.6991	479.9406	94.7222	485.1633	94.8380	
15/08/2017	01:14:41	011995	G523049969HLR	L523	S		448.5717	1.0400	0.0000	99.9647	39.7897	0.8230	1.1621	5.0000	20.2693	508.0432	94.9306	16.2784	24.9000	0.9300	0.9358	0.6197	-0.0001	508.0000	508.9942	1.0272	7.0000	99.7741	40.6431	0.8230	0.8262	5.0000	-9999.0000	-9999.0000	-9999.0000	-9999.0000	-9999.0000	-9999.0000	17.1874	5	0	25.1286	1.0000	12	3	-9999.0000	6703	35024	-9999	-9999	682	1399	313.7304	5	0.6175	0.6197	-0.0001	32.8382	1.6995	482.1344	545.3549	44.9306	478.6611	94.9769	476.5201	94.8611	477.1134	94.8148	479.2731	94.7685	
15/08/2017	01:15:07	011995	G523049955HLR	L523	S		421.4124	1.0400	0.0000	99.8925	39.7678	0.8230	1.1622	5.0000	20.1342	508.0409	94.9537	15.4884	24.9000	0.9300	0.9358	0.6197	-0.0001	508.0000	509.7723	1.0272	7.0000	99.7577	40.6276	0.8230	0.8257	5.0000	-9999.0000	-9999.0000	-9999.0000	-9999.0000	-9999.0000	-9999.0000	17.3387	6	0	25.0091	1.0000	12	3	-9999.0000	6704	35025	-9999	-9999	683	1401	313.7458	5	0.6174	0.6197	-0.0001	32.4780	1.7245	477.0826	530.4460	43.1019	471.2670	95.0694	472.8532	94.6991	477.2310	94.7222	480.5947	94.7685	
15/08/2017	01:15:32	011995	G523049959HLR	L523	S		452.1290	1.0400	0.0000	99.9023	39.8096	0.8230	1.1622	5.0000	20.0593	508.0647	94.8843	13.9992	24.9000	0.9300	0.9358	0.6197	-0.0001	508.0000	506.7994	1.0272	7.0000	99.7990	40.6500	0.8230	0.8251	5.0000	-9999.0000	-9999.0000	-9999.0000	-9999.0000	-9999.0000	-9999.0000	17.5484	7	0	25.9883	1.0000	12	3	-9999.0000	6705	35026	-9999	-9999	683	1403	313.8798	5	0.6174	0.6197	-0.0001	32.4780	1.7245	484.3724	564.9671	45.1389	481.1182	94.9537	474.6150	94.7917	478.0843	94.7685	481.8366	94.6759	
15/08/2017	01:16:02	011995	G523049962HLR	L523	S		448.9466	1.0400	0.0000	99.9663	39.7899	0.8230	1.1621	5.0000	20.4329	508.0683	94.9074	16.5587	25.0000	0.9300	0.9358	0.6200	-0.0002	508.0000	509.6100	1.0272	7.0000	99.7839	40.6998	0.8230	0.8258	5.0000	-9999.0000	-9999.0000	-9999.0000	-9999.0000	-9999.0000	-9999.0000	17.4380	8	0	29.0789	1.0000	12	3	-9999.0000	6706	35027	-9999	-9999	684	1405	313.7274	5	0.6174	0.6200	-0.0002	32.7368	1.7095	481.9654	553.3238	43.2176	479.5969	95.0694	471.0113	94.7685	476.3620	94.7222	478.6870	94.7454	
15/08/2017	01:16:27	011995	G523049963HLR	L523	S		451.2289	1.0400	0.0000	99.9455	39.7907	0.8230	1.1621	5.0000	20.0884	508.0631	94.9306	13.8694	25.0000	0.9300	0.9358	0.6200	-0.0002	508.0000	508.8803	1.0272	7.0000	99.8466	40.6968	0.8230	0.8264	5.0000	-9999.0000	-9999.0000	-9999.0000	-9999.0000	-9999.0000	-9999.0000	17.2086	1	0	25.0387	1.0000	12	3	-9999.0000	6706	35028	-9999	-9999	685	1406	313.9092	5	0.6174	0.6200	-0.0002	32.7368	1.7095	485.3427	591.8260	44.4444	483.2314	95.0231	476.1210	94.7222	481.3830	94.6991	485.1255	94.7917	
15/08/2017	01:16:51	011995	G523049966HLR	L523	S		451.3477	1.0400	0.0000	99.8455	39.8088	0.8230	1.1621	5.0000	20.1786	508.0550	94.8843	14.1496	25.0000	0.9300	0.9358	0.6197	-0.0001	508.0000	508.2184	1.0272	7.0000	99.8651	40.6960	0.8230	0.8265	5.0000	-9999.0000	-9999.0000	-9999.0000	-9999.0000	-9999.0000	-9999.0000	17.0981	2	0	24.9179	1.0000	12	3	-9999.0000	6707	35029	-9999	-9999	686	1408	313.8357	5	0.6174	0.6197	-0.0001	32.7558	1.7084	484.8635	589.1964	44.8843	483.2180	95.0231	480.1594	94.8380	481.8858	94.7222	484.5857	94.7917	
15/08/2017	01:17:18	011995	G523049953HLR	L523	S		446.5913	1.0400	0.0000	99.9302	39.8159	0.8230	1.1621	5.0000	19.9480	508.0444	94.9306	15.0588	25.0000	0.9300	0.9358	0.6203	-0.0002	508.0000	508.2058	1.0272	7.0000	99.7936	40.6800	0.8230	0.8266	5.0000	-9999.0000	-9999.0000	-9999.0000	-9999.0000	-9999.0000	-9999.0000	17.2019	3	0	26.9583	1.0000	12	3	-9999.0000	6708	35030	-9999	-9999	687	1410	313.8173	5	0.6174	0.6203	-0.0002	31.8673	1.7583	483.7079	531.4502	42.0602	481.1912	95.0463	472.6950	94.7917	477.8798	94.7454	481.6293	94.7454	
15/08/2017	01:17:44	011995	G523049954HLR	L523	S		442.6993	1.0400	0.0000	99.8715	39.8158	0.8230	1.1621	5.0000	20.0069	508.0881	95.0231	18.1690	25.0000	0.9300	0.9358	0.6207	-0.0002	508.0000	508.1353	1.0272	7.0000	99.7387	40.6427	0.8230	0.8257	5.0000	-9999.0000	-9999.0000	-9999.0000	-9999.0000	-9999.0000	-9999.0000	17.4034	4	0	25.5388	1.0000	12	3	-9999.0000	6709	35031	-9999	-9999	687	1412	313.4852	5	0.6172	0.6207	-0.0002	32.7398	1.7055	476.3921	547.4789	44.5833	473.9848	95.1389	467.8292	94.6759	472.6401	94.7454	474.4423	94.7917	
15/08/2017	01:18:12	011995	G523047343HLR	L523	S		460.9880	1.0400	0.0000	99.9715	39.8150	0.8230	1.1620	5.0000	20.4175	508.0545	94.8843	9.9291	25.0000	0.9300	0.9356	0.6207	-0.0002	508.0000	507.0631	1.0272	7.0000	99.8188	40.6500	0.8230	0.8250	5.0000	-9999.0000	-9999.0000	-9999.0000	-9999.0000	-9999.0000	-9999.0000	17.0986	5	0	27.8892	1.0000	12	3	-9999.0000	6710	35032	-9999	-9999	688	1414	314.2923	5	0.6172	0.6207	-0.0002	32.7398	1.7055	494.7356	560.0444	45.0463	491.3321	94.8843	485.8805	94.7222	489.7124	94.6065	494.2140	94.8148	
15/08/2017	01:18:39	011995	G523048956HLR	L523	S		453.1517	1.0400	0.0000	99.9181	39.8303	0.8230	1.1621	5.0000	20.0487	508.1319	94.9074	13.8088	25.0000	0.9300	0.9358	0.6210	-0.0002	508.0000	508.8240	1.0272	7.0000	99.7321	40.6944	0.8230	0.8254	5.0000	-9999.0000	-9999.0000	-9999.0000	-9999.0000	-9999.0000	-9999.0000	17.4988	6	0	26.8178	1.0000	12	3	-9999.0000	6711	35033	-9999	-9999	689	1416	313.9905	5	0.6172	0.6210	-0.0002	33.9559	1.6268	486.9311	546.6690	42.5000	484.1322	95.0231	477.4955	94.7454	481.9856	94.7454	484.8979	94.6991	
15/08/2017	01:19:04	011995	G523048955HLR	L523	S		450.3909	1.0400	0.0000	99.9321	39.8096	0.8230	1.1621	5.0000	20.1504	508.0103	94.9769	15.9591	25.0000	0.9300	0.9358	0.6213	-0.0003	508.0000	509.4774	1.0272	7.0000	99.7669	40.7021	0.8230	0.8258	5.0000	-9999.0000	-9999.0000	-9999.0000	-9999.0000	-9999.0000	-9999.0000	17.5629	7	0	24.9586	1.0000	12	3	-9999.0000	6712	35034	-9999	-9999	690	1418	313.5034	5	0.6171	0.6213	-0.0003	33.4650	1.6689	482.5038	544.7707	42.4074	479.8000	95.0463	474.7559	94.6991	478.1148	94.7454	479.3350	94.7917	
15/08/2017	01:19:31	011995	G523048946HLR	L523	S		434.8259	1.0400	0.0000	99.9280	39.8204	0.8230	1.1621	5.0000	20.1892	508.0129	94.9074	14.5998	25.0000	0.9300	0.9358	0.6213	-0.0003	508.0000	508.1522	1.0272	7.0000	99.7232	40.7091	0.8230	0.8263	5.0000	-9999.0000	-9999.0000	-9999.0000	-9999.0000	-9999.0000	-9999.0000	17.3381	8	0	27.3687	1.0000	12	3	-9999.0000	6713	35035	-9999	-9999	691	1420	313.6972	5	0.6171	0.6213	-0.0003	33.4650	1.6689	483.6757	564.0077	45.0000	481.0312	95.0231	473.4743	94.6528	478.3799	94.7917	481.6862	94.7685	
15/08/2017	01:19:56	011995	G523048948HLR	L523	S		446.3108	1.0400	0.0000	99.9583	39.8186	0.8230	1.1621	5.0000	20.4479	508.0415	94.9537	16.9493	24.9000	0.9300	0.9358	0.6219	-0.0003	508.0000	508.6162	1.0272	7.0000	99.7701	40.6941	0.8230	0.8265	5.0000	-9999.0000	-9999.0000	-9999.0000	-9999.0000	-9999.0000	-9999.0000	17.1958	1	0	25.0884	1.0000	12	3	-9999.0000	6714	35035	-9999	-9999	692	1422	313.3742	5	0.6172	0.6219	-0.0003	30.2352	1.8651	479.4606	538.5430	44.7222	476.8107	95.0926	470.8316	94.6991	473.3873	94.6991	476.1617	94.7917	
15/08/2017	01:20:24	011995	G523048945HLR	L523	S		447.0213	1.0400	0.0000	99.9182	39.8303	0.8230	1.1620	5.0000	20.8484	508.1161	94.9306	15.8898	25.0000	0.9300	0.9357	0.6221	-0.0003	508.0000	507.4502	1.0272	7.0000	99.8021	40.6729	0.8230	0.8263	5.0000	-9999.0000	-9999.0000	-9999.0000	-9999.0000	-9999.0000	-9999.0000	17.3492	2	0	27.9188	1.0000	12	3	-9999.0000	6715	35036	-9999	-9999	693	1424	313.6184	5	0.6171	0.6221	-0.0003	29.8922	1.8875	480.3511	540.9775	44.0046	477.5453	94.9769	474.0770	94.8148	475.0978	94.6759	477.8480	94.7222	
15/08/2017	01:20:54	011995	G523048957HLR	L523	S		455.8783	1.0400	0.0000	99.9792	39.8304	0.8230	1.1620	5.0000	20.3486	508.0669	94.8843	13.9993	25.0000	0.9300	0.9358	0.6221	-0.0003	508.0000	510.5380	1.0272	7.0000	100.0616	40.6479	0.8230	0.8252	5.0000	-9999.0000	-9999.0000	-9999.0000	-9999.0000	-9999.0000	-9999.0000	17.1481	3	0	29.5282	1.0000	12	3	-9999.0000	6715	35037	-9999	-9999	694	1426	313.8165	5	0.6171	0.6221	-0.0003	29.8922	1.8875	488.2554	526.4081	45.0463	484.2861	94.9074	478.0821	94.6991	481.2647	94.6991	484.7300	94.7917	
15/08/2017	01:21:18	011995	G523048953HLR	L523	S		449.5822	1.0400	0.0000	99.9398	39.8315	0.8230	1.1621	5.0000	19.9782	508.0656	94.9306	16.4288	25.0000	0.9300	0.9358	0.6225	-0.0004	508.0000	509.1280	1.0272	7.0000	99.7903	40.6667	0.8230	0.8250	5.0000	-9999.0000	-9999.0000	-9999.0000	-9999.0000	-9999.0000	-9999.0000	17.2893	4	0	24.8992	1.0000	12	3	-9999.0000	6716	35038	-9999	-9999	695	1428	313.3797	5	0.6170	0.6225	-0.0004	29.9328	1.8937	479.8035	538.1823	44.8843	476.3545	95.0000	469.8210	94.7222	473.1321	94.7222	477.5735	94.7917	
15/08/2017	01:21:43	011995	G523048941HLR	L523	S		419.0681	1.0400	0.0000	99.9113	39.8198	0.8230	1.1620	5.0000	20.6839	508.0520	94.8843	14.2189	25.0000	0.9300	0.9358	0.6225	-0.0004	508.0000	507.1143	1.0272	7.0000	99.7541	40.6958	0.8230	0.8253	5.0000	-9999.0000	-9999.0000	-9999.0000	-9999.0000	-9999.0000	-9999.0000	17.1587	5	0	24.8785	1.0000	12	3	-9999.0000	6717	35039	-9999	-9999	696	1430	313.7417	5	0.6170	0.6225	-0.0004	29.9328	1.8937	475.6370	531.8899	42.5000	471.8425	95.0463	473.7814	94.6991	477.2317	94.7222	480.0498	94.8148	
15/08/2017	01:22:11	011995	G523048940HLR	L523	S		450.5753	1.0400	0.0000	99.9385	39.8502	0.8230	1.1621	5.0000	19.9092	508.0809	94.9537	16.9688	24.9000	0.9300	0.9358	0.6228	-0.0004	508.0000	510.8668	1.0272	7.0000	99.8259	40.7125	0.8230	0.8262	5.0000	-9999.0000	-9999.0000	-9999.0000	-9999.0000	-9999.0000	-9999.0000	17.0981	6	0	27.9886	1.0000	12	3	-9999.0000	6718	35040	-9999	-9999	697	1432	313.2504	5	0.6169	0.6228	-0.0004	29.0230	1.9522	473.6522	542.5851	44.1898	470.1404	95.0694	467.3413	94.6991	472.3522	94.7454	477.0756	94.7685	
15/08/2017	01:22:40	011995	G523048943HLR	L523	S		445.6797	1.0400	0.0000	99.9258	39.8258	0.8230	1.1621	5.0000	20.0583	508.0332	95.0000	18.5380	25.0000	0.9300	0.9357	0.6231	-0.0004	508.0000	508.5890	1.0272	7.0000	99.8252	40.7027	0.8230	0.8265	5.0000	-9999.0000	-9999.0000	-9999.0000	-9999.0000	-9999.0000	-9999.0000	17.3752	7	0	28.3082	1.0000	12	3	-9999.0000	6719	35040	-9999	-9999	697	1434	312.8314	5	0.6168	0.6231	-0.0004	29.0937	1.9486	478.3696	539.1990	44.8843	476.2465	95.0463	467.3923	94.6528	473.6400	94.7685	476.1205	94.7917	
15/08/2017	01:23:07	011995	G523048942HLR	L523	S		453.8739	1.0400	0.0000	99.9585	39.8416	0.8230	1.1620	5.0000	20.2987	508.0491	94.8843	12.6800	25.0000	0.9300	0.9357	0.6231	-0.0004	508.0000	509.0713	1.0272	7.0000	99.7305	40.6832	0.8230	0.8264	5.0000	-9999.0000	-9999.0000	-9999.0000	-9999.0000	-9999.0000	-9999.0000	17.4586	8	0	27.6682	1.0000	12	3	-9999.0000	6719	35041	-9999	-9999	698	1436	313.9648	5	0.6168	0.6231	-0.0004	29.0937	1.9486	487.2464	533.8727	43.0093	483.7061	95.1157	478.2103	94.6991	481.7187	94.6759	486.5779	94.7917	
15/08/2017	01:23:35	011995	G523048936HLR	L523	S		452.1212	1.0400	0.0000	99.9884	39.8446	0.8230	1.1620	5.0000	20.5096	508.0410	94.9074	12.9993	24.9000	0.9300	0.9356	0.6232	-0.0004	508.0000	506.7347	1.0272	7.0000	99.7250	40.6556	0.8230	0.8259	5.0000	-9999.0000	-9999.0000	-9999.0000	-9999.0000	-9999.0000	-9999.0000	17.1993	1	0	27.3784	1.0000	12	3	-9999.0000	6720	35042	-9999	-9999	699	1437	313.9360	5	0.6168	0.6232	-0.0004	28.1787	2.0052	485.4062	546.2335	41.9444	482.1556	95.0000	475.5171	94.7454	479.5172	94.7222	482.4909	94.7454	
15/08/2017	01:24:08	011995	G523050105HLR	L523	S		447.8322	1.0400	0.0000	99.9314	39.8399	0.8230	1.1620	5.0000	19.9892	508.0373	94.9537	17.0293	25.0000	0.9300	0.9359	0.6234	-0.0004	508.0000	506.6442	1.0272	7.0000	99.7427	40.6479	0.8230	0.8251	5.0000	-9999.0000	-9999.0000	-9999.0000	-9999.0000	-9999.0000	-9999.0000	17.2184	2	0	33.1888	1.0000	06	2	-9999.0000	6721	35043	-9999	-9999	700	1439	313.0828	5	0.6167	0.6234	-0.0004	30.0359	1.8840	478.2668	568.7641	47.1991	476.1843	95.0926	468.4454	94.7685	472.7617	94.6991	475.3366	94.7685	
15/08/2017	01:24:37	011995	G523050109HLR	L523	S		444.7772	1.0400	0.0000	99.9045	39.8229	0.8230	1.1620	5.0000	20.0059	508.0541	94.9306	17.2891	25.0000	0.9300	0.9357	0.6233	-0.0004	508.0000	506.2533	1.0272	7.0000	99.7467	40.6672	0.8230	0.8249	5.0000	-9999.0000	-9999.0000	-9999.0000	-9999.0000	-9999.0000	-9999.0000	17.8180	3	0	29.1780	1.0000	06	2	-9999.0000	6722	35044	-9999	-9999	701	1440	313.0369	5	0.6167	0.6233	-0.0004	31.5237	1.7934	476.0111	571.4048	45.4861	473.9976	95.0926	467.3518	94.7685	471.4366	94.6296	474.2217	94.8148	
15/08/2017	01:25:05	011995	G523050108HLR	L523	S		442.2761	1.0400	0.0000	99.9532	39.8301	0.8230	1.1620	5.0000	20.4588	508.0595	94.9306	16.7589	24.9000	0.9300	0.9357	0.6241	-0.0005	508.0000	509.5849	1.0272	7.0000	99.7383	40.6643	0.8230	0.8250	5.0000	-9999.0000	-9999.0000	-9999.0000	-9999.0000	-9999.0000	-9999.0000	17.3085	4	0	27.9790	1.0000	06	2	-9999.0000	6723	35045	-9999	-9999	702	1442	313.1001	5	0.6168	0.6241	-0.0005	31.2927	1.8049	477.0627	536.2371	43.5185	473.6776	95.0694	468.2543	94.6991	473.4738	94.6759	476.5265	94.8148	
15/08/2017	01:25:31	011995	G523050113HLR	L523	S		444.6391	1.0400	0.0000	99.9650	39.8410	0.8230	1.1619	5.0000	20.8591	508.0674	94.9074	16.3693	24.9000	0.9300	0.9356	0.6235	-0.0004	508.0000	506.3663	1.0272	7.0000	99.7636	40.6833	0.8230	0.8253	5.0000	-9999.0000	-9999.0000	-9999.0000	-9999.0000	-9999.0000	-9999.0000	17.2234	5	0	25.7086	1.0000	06	2	-9999.0000	6724	35046	-9999	-9999	703	1444	313.2207	5	0.6168	0.6235	-0.0004	31.9177	1.7568	477.1126	528.7602	41.6898	474.1074	95.0000	468.7159	94.6991	471.9475	94.6991	475.5559	94.7685	
15/08/2017	01:26:01	011995	G523048399HLR	L523	S		429.7247	1.0400	0.0000	99.9725	39.8431	0.8230	1.1620	5.0000	20.2004	508.0165	94.8843	22.1893	24.9000	0.9300	0.9357	0.6229	-0.0004	508.0000	509.0861	1.0272	7.0000	99.7595	40.7000	0.8230	0.8257	5.0000	-9999.0000	-9999.0000	-9999.0000	-9999.0000	-9999.0000	-9999.0000	17.3698	6	0	30.5784	1.0000	06	2	-9999.0000	6725	35047	-9999	-9999	704	1446	311.8877	5	0.6168	0.6229	-0.0004	31.8351	1.7554	465.8016	539.7103	42.2454	463.6321	95.1852	455.1937	94.7685	458.4387	94.6991	462.1363	94.7685	
15/08/2017	01:26:37	011995	G523050103HLR	L523	S		443.0947	1.0400	0.0000	99.9533	39.8329	0.8230	1.1620	5.0000	20.1479	508.0691	95.0000	18.1690	24.9000	0.9300	0.9357	0.6231	-0.0004	508.0000	506.5419	1.0272	7.0000	99.7256	40.7111	0.8230	0.8263	5.0000	-9999.0000	-9999.0000	-9999.0000	-9999.0000	-9999.0000	-9999.0000	17.1784	7	0	35.8173	1.0000	06	2	-9999.0000	6726	35048	-9999	-9999	705	1448	312.8959	5	0.6168	0.6231	-0.0004	31.8197	1.7621	475.3758	556.2498	43.5648	473.1054	95.4630	465.3952	94.6759	469.7681	94.7222	471.7392	94.7454	
15/08/2017	01:27:05	011995	G523050097HLR	L523	S		445.2900	1.0400	0.0000	99.9301	39.8556	0.8230	1.1620	5.0000	20.0484	508.0868	94.9306	17.0889	24.9000	0.9300	0.9357	0.6229	-0.0004	508.0000	506.3590	1.0272	7.0000	99.7646	40.7073	0.8230	0.8262	5.0000	-9999.0000	-9999.0000	-9999.0000	-9999.0000	-9999.0000	-9999.0000	17.2283	8	0	27.7490	1.0000	06	2	-9999.0000	6726	35049	-9999	-9999	706	1450	313.1283	5	0.6168	0.6229	-0.0004	30.8664	1.8176	478.5498	550.9237	44.1204	476.0171	95.1389	468.3602	94.6991	471.6333	94.7222	474.7997	94.8148	
15/08/2017	01:27:33	011995	G523050100HLR	L523	S		441.4776	1.0400	0.0000	99.9269	39.8268	0.8230	1.1620	5.0000	20.0683	508.0693	94.9306	14.7102	25.0000	0.9300	0.9357	0.6229	-0.0004	508.0000	511.0448	1.0272	7.0000	99.9686	40.6833	0.8230	0.8254	5.0000	-9999.0000	-9999.0000	-9999.0000	-9999.0000	-9999.0000	-9999.0000	17.2885	1	0	28.5184	1.0000	06	2	-9999.0000	6726	35050	-9999	-9999	707	1452	313.6197	5	0.6168	0.6229	-0.0004	30.8664	1.8176	481.9488	532.1896	44.8148	478.6964	95.0000	471.9930	94.6528	475.6878	94.7454	479.7602	94.7685	
15/08/2017	01:28:01	011995	G523050098HLR	L523	S		447.1229	1.0400	0.0000	99.9544	39.8266	0.8230	1.1620	5.0000	20.0988	508.1103	94.9769	19.6396	25.0000	0.9300	0.9358	0.6236	-0.0004	508.0000	510.5650	1.0272	7.0000	99.7672	40.7000	0.8230	0.8257	5.0000	-9999.0000	-9999.0000	-9999.0000	-9999.0000	-9999.0000	-9999.0000	17.1783	2	0	27.2584	1.0000	06	2	-9999.0000	6726	35051	-9999	-9999	708	1454	312.5200	5	0.6168	0.6236	-0.0004	31.0506	1.8087	460.8559	528.2740	43.5185	458.3255	95.1157	458.7767	94.7454	463.1424	94.7454	465.9129	94.7685	
15/08/2017	01:28:28	011995	G523048395HLR	L523	S		430.8061	1.0400	0.0000	99.8004	39.8295	0.8230	1.1620	5.0000	20.2086	508.1273	95.0000	24.8385	25.0000	0.9300	0.9357	0.6233	-0.0004	508.0000	510.4474	1.0272	7.0000	99.8434	40.7000	0.8230	0.8259	5.0000	-9999.0000	-9999.0000	-9999.0000	-9999.0000	-9999.0000	-9999.0000	17.2856	3	0	27.2290	1.0000	06	2	-9999.0000	6727	35052	-9999	-9999	709	1456	311.5412	5	0.6169	0.6233	-0.0004	31.2490	1.7917	463.9210	543.3055	42.8472	460.9860	95.2546	455.0001	94.6991	458.1547	94.7222	462.0226	94.7454	
15/08/2017	01:28:58	011995	G523050054HLR	L523	S		448.7107	1.0400	0.0000	99.9767	39.8291	0.8230	1.1620	5.0000	20.3787	508.0667	94.9537	16.7686	24.9000	0.9300	0.9355	0.6236	-0.0004	508.0000	507.1770	1.0272	7.0000	99.7339	40.7074	0.8230	0.8262	5.0000	-9999.0000	-9999.0000	-9999.0000	-9999.0000	-9999.0000	-9999.0000	17.1096	4	0	30.4876	1.0000	06	2	-9999.0000	6728	35053	-9999	-9999	710	1458	313.2850	5	0.6168	0.6236	-0.0004	31.5156	1.7752	480.2905	558.8790	44.7454	477.3045	95.4630	467.9604	94.6528	472.6958	94.7685	475.7275	94.6759	
15/08/2017	01:29:27	011995	G523050050HLR	L523	S		443.7943	1.0400	0.0000	99.9528	39.8314	0.8230	1.1620	5.0000	19.9779	508.0428	95.0000	17.5489	24.9000	0.9300	0.9357	0.6244	-0.0005	508.0000	506.3101	1.0272	7.0000	99.8448	40.7073	0.8230	0.8264	5.0000	-9999.0000	-9999.0000	-9999.0000	-9999.0000	-9999.0000	-9999.0000	17.3290	5	0	28.3383	1.0000	06	2	-9999.0000	6729	35054	-9999	-9999	711	1460	312.9889	5	0.6166	0.6244	-0.0005	31.7505	1.7435	475.4672	543.4844	45.4630	472.0029	95.0000	465.3235	94.6296	471.4134	94.7454	473.5136	94.7917	
15/08/2017	01:29:55	011995	G523050057HLR	L523	S		446.7011	1.0400	0.0000	99.9349	39.8180	0.8230	1.1620	5.0000	20.0481	508.0451	94.9537	16.2687	24.9000	0.9300	0.9357	0.6254	-0.0006	508.0000	505.5577	1.0272	7.0000	99.7294	40.7063	0.8230	0.8263	5.0000	-9999.0000	-9999.0000	-9999.0000	-9999.0000	-9999.0000	-9999.0000	17.0958	6	0	27.8090	1.0000	06	2	-9999.0000	6730	35055	-9999	-9999	712	1462	313.1956	5	0.6164	0.6254	-0.0006	26.8322	2.0720	479.5017	534.0963	44.3056	478.1004	94.9769	467.9256	94.6991	472.3035	94.6759	476.0031	94.8148	
15/08/2017	01:30:21	011995	G523050060HLR	L523	S		443.9993	1.0400	0.0000	99.9250	39.8346	0.8230	1.1620	5.0000	20.2552	508.0557	94.9306	16.2492	24.9000	0.9300	0.9357	0.6255	-0.0006	508.0000	505.0551	1.0272	7.0000	99.7028	40.7077	0.8230	0.8263	5.0000	-9999.0000	-9999.0000	-9999.0000	-9999.0000	-9999.0000	-9999.0000	17.3384	7	0	26.4780	1.0000	06	2	-9999.0000	6731	35056	-9999	-9999	713	1464	313.1684	5	0.6165	0.6255	-0.0006	27.1640	2.0415	474.7015	528.7216	45.4630	471.7429	94.9769	465.0486	94.7222	469.9653	94.6759	474.1649	94.8148	
15/08/2017	01:30:48	011995	G523050067HLR	L523	S		445.5617	1.0400	0.0000	99.9464	39.8100	0.8230	1.1619	5.0000	20.6794	508.0431	94.9537	19.5693	25.0000	0.9300	0.9358	0.6250	-0.0005	508.0000	506.2047	1.0272	7.0000	99.7186	40.7030	0.8230	0.8264	5.0000	-9999.0000	-9999.0000	-9999.0000	-9999.0000	-9999.0000	-9999.0000	17.3288	8	0	26.9091	1.0000	06	2	-9999.0000	6732	35056	-9999	-9999	714	1466	312.2855	5	0.6164	0.6250	-0.0005	27.4207	2.0280	473.9938	536.6703	42.1296	471.5304	95.0000	462.1736	94.7222	465.1119	94.6759	467.8716	94.7917	
15/08/2017	01:31:18	011995	G523050081HLR	L523	S		443.7829	1.0400	0.0000	99.8024	39.8389	0.8230	1.1620	5.0000	19.9383	508.0781	94.9537	17.3292	24.9000	0.9300	0.9357	0.6251	-0.0005	508.0000	506.2369	1.0272	7.0000	99.8060	40.6886	0.8230	0.8264	5.0000	-9999.0000	-9999.0000	-9999.0000	-9999.0000	-9999.0000	-9999.0000	17.1385	1	0	30.3986	1.0000	06	2	-9999.0000	6733	35056	-9999	-9999	715	1468	312.9745	5	0.6166	0.6251	-0.0005	27.2366	2.0374	475.4395	535.1080	42.3611	473.7397	95.2083	464.8784	94.7454	470.1814	94.6759	472.5273	94.7685	
15/08/2017	01:31:45	011995	G523050075HLR	L523	Q		447.4426	1.0400	0.0000	99.9745	39.8435	0.8230	1.1620	5.0000	20.3085	508.0719	94.9306	16.8497	24.9000	0.9300	0.9358	0.6254	-0.0005	508.0000	506.8883	1.0272	7.0000	99.7894	40.6728	0.8230	0.8262	5.0000	-9999.0000	-9999.0000	-9999.0000	-9999.0000	-9999.0000	-9999.0000	17.2485	2	0	26.8863	1.0000	06	2	-9999.0000	6733	35057	-9999	-9999	715	1470	313.1787	5	0.6167	0.6254	-0.0005	26.9461	2.0488	477.0310	572.7244	45.8565	475.4932	95.0694	467.0604	94.6991	470.6059	94.6528	474.1408	94.8148	
15/08/2017	01:32:16	011995	G523050072HLR	L523	S		445.9786	1.0400	0.0000	99.8907	39.8380	0.8230	1.1620	5.0000	20.0901	508.1023	94.9306	15.5187	25.0000	0.9300	0.9357	0.6251	-0.0005	508.0000	505.4782	1.0272	7.0000	99.7897	40.6605	0.8230	0.8260	5.0000	-9999.0000	-9999.0000	-9999.0000	-9999.0000	-9999.0000	-9999.0000	17.2595	3	0	30.7487	1.0000	06	2	-9999.0000	6733	35058	-9999	-9999	716	1472	313.6455	5	0.6166	0.6251	-0.0005	28.4452	1.9400	479.4700	580.5445	46.0648	478.4566	95.0000	468.9432	94.6991	473.1598	94.6759	476.5809	94.7917	
15/08/2017	01:32:46	011995	G523050071HLR	L523	S		441.2675	1.0400	0.0000	99.9758	39.8164	0.8230	1.1620	5.0000	20.3089	508.0498	94.9537	15.9894	24.9000	0.9300	0.9358	0.6251	-0.0005	508.0000	510.4136	1.0272	7.0000	99.7201	40.6500	0.8230	0.8250	5.0000	-9999.0000	-9999.0000	-9999.0000	-9999.0000	-9999.0000	-9999.0000	17.3194	4	0	29.7076	1.0000	06	2	-9999.0000	6734	35059	-9999	-9999	717	1474	313.4855	5	0.6167	0.6251	-0.0005	28.1313	1.9490	477.0939	530.3364	43.4722	474.4401	95.0231	467.9052	94.7454	475.2622	94.6759	477.3295	94.7685	
15/08/2017	01:33:14	011995	G523050064HLR	L523	S		440.5555	1.0400	0.0000	99.9070	39.8347	0.8230	1.1620	5.0000	20.2212	508.0658	94.9306	19.4491	24.9000	0.9300	0.9357	0.6252	-0.0005	508.0000	506.6218	1.0272	7.0000	99.7421	40.6502	0.8230	0.8249	5.0000	-9999.0000	-9999.0000	-9999.0000	-9999.0000	-9999.0000	-9999.0000	17.1989	5	0	28.6987	1.0000	06	2	-9999.0000	6735	35059	-9999	-9999	718	1476	312.6524	5	0.6167	0.6252	-0.0005	29.4033	1.8574	470.3181	539.4378	44.6296	467.1571	95.0694	459.8346	94.7222	464.3316	94.6759	468.2732	94.8380	
15/08/2017	01:33:40	011995	G523050086HLR	L523	S		446.5311	1.0400	0.0000	99.9386	39.8243	0.8230	1.1620	5.0000	20.1585	508.0921	94.9306	15.9894	24.9000	0.9300	0.9356	0.6261	-0.0006	508.0000	506.6850	1.0272	7.0000	99.8250	40.6814	0.8230	0.8251	5.0000	-9999.0000	-9999.0000	-9999.0000	-9999.0000	-9999.0000	-9999.0000	17.0993	6	0	25.2583	1.0000	06	2	-9999.0000	6736	35059	-9999	-9999	719	1478	313.5766	5	0.6167	0.6261	-0.0006	37.7511	1.3468	478.2905	535.1440	43.4259	476.2905	95.1389	467.4264	94.6759	472.1140	94.7222	475.4347	94.7685	
15/08/2017	01:34:09	011995	G523050082HLR	L523	S		440.8350	1.0400	0.0000	99.8539	39.8538	0.8230	1.1620	5.0000	19.9191	508.1047	94.9306	19.7284	24.9000	0.9300	0.9356	0.6263	-0.0006	508.0000	506.4747	1.0272	7.0000	99.6912	40.7000	0.8230	0.8255	5.0000	-9999.0000	-9999.0000	-9999.0000	-9999.0000	-9999.0000	-9999.0000	17.2544	7	0	29.1792	1.0000	06	2	-9999.0000	6736	35060	-9999	-9999	720	1480	312.6311	5	0.6166	0.6263	-0.0006	38.5031	1.3048	468.4717	544.8133	44.4444	465.9420	95.1389	459.1505	94.6991	462.0359	94.7222	466.8485	94.7917	
15/08/2017	01:34:40	011995	G523050059HLR	L523	S		444.1468	1.0400	0.0000	99.9468	39.8358	0.8230	1.1618	5.0000	20.9686	508.0433	94.9537	18.7588	25.0000	0.9300	0.9357	0.6261	-0.0005	508.0000	506.6901	1.0272	7.0000	99.7611	40.7174	0.8230	0.8262	5.0000	-9999.0000	-9999.0000	-9999.0000	-9999.0000	-9999.0000	-9999.0000	17.1383	8	0	30.9183	1.0000	06	2	-9999.0000	6737	35061	-9999	-9999	721	1482	312.7981	5	0.6167	0.6261	-0.0005	37.2088	1.3911	472.4972	588.4681	46.6898	470.5951	95.1157	465.2376	94.7685	466.0400	94.6296	469.6545	94.7917	
15/08/2017	01:35:05	011995	G523050058HLR	L523	S		445.3119	1.0400	0.0000	99.9595	39.8366	0.8230	1.1620	5.0000	20.0390	508.0356	94.9769	17.6983	24.9000	0.9300	0.9357	0.6269	-0.0006	508.0000	506.8811	1.0272	7.0000	99.7024	40.7101	0.8230	0.8263	5.0000	-9999.0000	-9999.0000	-9999.0000	-9999.0000	-9999.0000	-9999.0000	17.1878	1	0	24.9877	1.0000	06	2	-9999.0000	6738	35062	-9999	-9999	721	1484	313.1799	5	0.6167	0.6269	-0.0006	37.2047	1.3915	475.0674	535.8618	42.6157	472.8059	95.2546	463.1837	94.6991	467.4663	94.6528	472.9420	94.8148	
15/08/2017	01:35:36	011995	G523050080HLR	L523	S		449.5296	1.0400	0.0000	99.9539	39.8348	0.8230	1.1620	5.0000	20.1566	508.0686	94.9306	14.2395	24.9000	0.9300	0.9356	0.6269	-0.0006	508.0000	513.0930	1.0272	7.0000	99.7179	40.7102	0.8230	0.8261	5.0000	-9999.0000	-9999.0000	-9999.0000	-9999.0000	-9999.0000	-9999.0000	17.0744	2	2	31.6392	1.0000	06	2	-9999.0000	6739	35063	-9999	-9999	722	1486	314.3028	5	0.6167	0.6269	-0.0006	37.2047	1.3915	480.9695	543.5297	42.3148	477.1902	95.0231	472.1740	94.6759	477.4113	94.6991	480.4476	94.7917	
15/08/2017	01:36:08	011995	G523050092HLR	L523	Q		439.9938	1.0400	0.0000	99.9453	39.8436	0.8230	1.1620	5.0000	20.3343	508.0518	94.9306	18.2090	25.0000	0.9300	0.9357	0.6275	-0.0006	508.0000	509.0829	1.0272	7.0000	99.7470	40.7050	0.8230	0.8264	5.0000	-9999.0000	-9999.0000	-9999.0000	-9999.0000	-9999.0000	-9999.0000	17.3691	3	0	32.0577	1.0000	06	2	-9999.0000	6740	35064	-9999	-9999	723	1488	313.2491	5	0.6167	0.6275	-0.0006	36.4968	1.4259	472.0601	533.2085	43.0093	469.6844	95.1389	461.2421	94.7454	465.7886	94.6759	470.1124	94.7917	
15/08/2017	01:36:38	011995	G523048360HLR	L523	S		429.4089	1.0400	0.0000	99.9488	39.8313	0.8230	1.1620	5.0000	20.0128	508.0543	94.9306	19.9394	25.0000	0.9300	0.9357	0.6288	-0.0007	508.0000	509.0948	1.0272	7.0000	99.7564	40.7102	0.8230	0.8265	5.0000	-9999.0000	-9999.0000	-9999.0000	-9999.0000	-9999.0000	-9999.0000	17.3085	4	0	29.6096	1.0000	06	2	-9999.0000	6741	35064	-9999	-9999	724	1490	312.8058	5	0.6168	0.6288	-0.0007	37.8901	1.3483	467.4559	536.0995	43.5880	464.0332	95.2315	457.7514	94.6991	462.7637	94.7222	465.2003	94.7685	
15/08/2017	01:37:09	011995	G523050091HLR	L523	S		457.6527	1.0400	0.0000	99.9574	39.8488	0.8230	1.1619	5.0000	20.2391	508.0557	94.9074	12.2201	24.9000	0.9300	0.9356	0.6288	-0.0007	508.0000	507.1877	1.0272	7.0000	99.7810	40.7100	0.8230	0.8262	5.0000	-9999.0000	-9999.0000	-9999.0000	-9999.0000	-9999.0000	-9999.0000	17.2782	5	0	30.6794	1.0000	06	2	-9999.0000	6741	35064	-9999	-9999	725	1492	315.3797	5	0.6168	0.6288	-0.0007	37.8901	1.3483	486.9810	552.6401	43.3796	484.9281	95.0926	477.7156	94.7685	481.9326	94.5833	485.6268	94.7917	
15/08/2017	01:37:34	011995	G523048362HLR	L523	S		436.4890	1.0400	0.0000	99.9638	39.8321	0.8230	1.1619	5.0000	20.2088	508.0476	94.9306	20.7489	25.0000	0.9300	0.9357	0.6296	-0.0007	508.0000	508.9126	1.0272	7.0000	99.7485	40.7075	0.8230	0.8261	5.0000	-9999.0000	-9999.0000	-9999.0000	-9999.0000	-9999.0000	-9999.0000	17.2086	6	0	24.9771	1.0000	06	2	-9999.0000	6741	35065	-9999	-9999	726	1494	312.4920	5	0.6166	0.6296	-0.0007	39.1211	1.2873	464.9109	579.1857	46.9907	463.2343	95.1389	454.7136	94.7685	460.0477	94.6991	462.8771	94.7454	
15/08/2017	01:38:03	011995	G523048356HLR	L523	Q		440.4640	1.0400	0.0000	99.9664	39.8086	0.8230	1.1619	5.0000	20.8289	508.0589	94.9074	21.0789	25.0000	0.9300	0.9356	0.6301	-0.0007	508.0000	505.7249	1.0272	7.0000	99.7570	40.7000	0.8230	0.8259	5.0000	-9999.0000	-9999.0000	-9999.0000	-9999.0000	-9999.0000	-9999.0000	17.0855	7	0	29.4778	1.0000	06	2	-9999.0000	6741	35066	-9999	-9999	727	1496	312.3083	5	0.6167	0.6301	-0.0007	39.8074	1.2565	465.2288	582.0813	45.1157	463.8795	95.2778	456.3907	94.7685	460.8153	94.6065	462.7838	94.7685	
15/08/2017	01:38:34	011995	G523048369HLR	L523	S		437.7871	1.0400	0.0000	99.9437	39.8327	0.8230	1.1620	5.0000	20.0602	508.0367	94.9769	18.6992	24.9000	0.9300	0.9356	0.6314	-0.0008	508.0000	509.3638	1.0272	7.0000	99.7413	40.7125	0.8230	0.8262	5.0000	-9999.0000	-9999.0000	-9999.0000	-9999.0000	-9999.0000	-9999.0000	18.1187	8	0	30.6094	1.0000	06	2	-9999.0000	6742	35067	-9999	-9999	728	1498	313.1322	5	0.6169	0.6314	-0.0008	28.9413	1.9269	469.3181	566.9757	44.2593	467.6233	95.2546	459.1655	94.7685	461.7580	94.5833	465.6966	94.7917	
15/08/2017	01:39:04	011995	G523048367HLR	L523	S		441.9716	1.0400	0.0000	99.8861	39.8524	0.8230	1.1620	5.0000	20.0532	508.0605	94.9537	19.6493	24.9000	0.9300	0.9356	0.6333	-0.0009	508.0000	506.0188	1.0272	7.0000	99.7751	40.7031	0.8230	0.8264	5.0000	-9999.0000	-9999.0000	-9999.0000	-9999.0000	-9999.0000	-9999.0000	17.3179	1	0	30.5679	1.0000	06	2	-9999.0000	6743	35068	-9999	-9999	729	1500	312.8405	5	0.6168	0.6333	-0.0009	25.2060	2.1368	468.2221	568.6266	43.7731	466.0243	95.1389	456.7182	94.6991	461.0778	94.6296	464.0241	94.8148	
15/08/2017	01:39:35	011995	G523048366HLR	L523	S		456.5187	1.0400	0.0000	99.9269	39.8479	0.8230	1.1619	5.0000	19.8796	508.0358	94.9306	12.1693	24.9000	0.9300	0.9356	0.6333	-0.0009	508.0000	508.0379	1.0272	7.0000	99.9062	40.7077	0.8230	0.8263	5.0000	-9999.0000	-9999.0000	-9999.0000	-9999.0000	-9999.0000	-9999.0000	17.2334	2	0	30.5678	1.0000	06	2	-9999.0000	6744	35069	-9999	-9999	730	1502	316.2132	5	0.6168	0.6333	-0.0009	25.2060	2.1368	485.1056	541.7646	43.2639	481.7191	95.0000	477.3032	94.6528	480.7796	94.6991	485.0246	94.7454	
15/08/2017	01:40:05	011995	G523048364HLR	L523	S		437.7045	1.0400	0.0000	99.9347	39.8438	0.8230	1.1620	5.0000	20.0097	508.0786	94.9537	18.5283	25.0000	0.9300	0.9357	0.6339	-0.0009	508.0000	509.6734	1.0272	7.0000	99.7309	40.7078	0.8230	0.8262	5.0000	-9999.0000	-9999.0000	-9999.0000	-9999.0000	-9999.0000	-9999.0000	17.1991	3	0	30.3187	1.0000	06	2	-9999.0000	6745	35070	-9999	-9999	731	1504	313.4373	5	0.6166	0.6339	-0.0009	28.1095	2.0169	465.3984	536.3906	44.0046	462.1893	95.0231	456.4026	94.6759	463.4990	94.7454	466.9029	94.7454	
15/08/2017	01:40:37	011995	G523048353HLR	L523	S		442.3054	1.0400	0.0000	99.8093	39.8239	0.8230	1.1619	5.0000	20.0980	508.0209	94.9074	19.7294	25.0000	0.9300	0.9357	0.6321	-0.0008	508.0000	506.1763	1.0272	7.0000	99.6553	40.7000	0.8230	0.8260	5.0000	-9999.0000	-9999.0000	-9999.0000	-9999.0000	-9999.0000	-9999.0000	17.1386	4	0	31.7679	1.0000	06	2	-9999.0000	6746	35071	-9999	-9999	732	1506	312.7603	5	0.6166	0.6321	-0.0008	29.5191	1.9402	465.4101	558.6663	42.8009	463.1482	95.2315	455.3232	94.7685	459.5627	94.6065	464.4722	94.7685	
15/08/2017	01:41:11	011995	G523048371HLR	L523	S		443.4811	1.0400	0.0000	99.9123	39.8201	0.8230	1.1620	5.0000	20.2215	508.0800	94.9769	19.5185	24.9000	0.9300	0.9357	0.6336	-0.0009	508.0000	506.7303	1.0272	7.0000	99.7682	40.7000	0.8230	0.8258	5.0000	-9999.0000	-9999.0000	-9999.0000	-9999.0000	-9999.0000	-9999.0000	17.2455	5	0	34.1181	1.0000	06	2	-9999.0000	6747	35072	-9999	-9999	733	1508	312.9594	5	0.6169	0.6336	-0.0009	26.9307	2.0535	467.9711	555.9344	44.7685	466.1291	95.1620	457.9436	94.6528	460.8294	94.7454	465.7056	94.6991	
15/08/2017	01:41:43	011995	G523048375HLR	L523	S		442.1997	1.0400	0.0000	99.9550	39.8432	0.8230	1.1620	5.0000	20.3289	508.0484	94.9074	19.6191	24.9000	0.9300	0.9357	0.6336	-0.0009	508.0000	506.2147	1.0272	7.0000	99.7786	40.6945	0.8230	0.8255	5.0000	-9999.0000	-9999.0000	-9999.0000	-9999.0000	-9999.0000	-9999.0000	17.1705	6	0	31.7191	1.0000	06	2	-9999.0000	6748	35073	-9999	-9999	734	1510	312.9470	5	0.6168	0.6336	-0.0009	26.5580	2.0888	465.6667	523.4123	45.6713	462.7565	95.1157	455.7047	94.6759	458.6078	94.7222	462.5378	94.7685	
15/08/2017	01:42:12	011995	G523048376HLR	L523	S		436.7110	1.0400	0.0000	99.9274	39.8058	0.8230	1.1618	5.0000	21.5985	508.0954	94.8843	19.3886	24.9000	0.9300	0.9356	0.6328	-0.0009	508.0000	509.6847	1.0272	7.0000	99.7512	40.6660	0.8230	0.8251	5.0000	-9999.0000	-9999.0000	-9999.0000	-9999.0000	-9999.0000	-9999.0000	17.2245	7	0	29.3477	1.0000	06	2	-9999.0000	6749	35074	-9999	-9999	734	1512	313.0193	5	0.6170	0.6328	-0.0009	29.6896	1.8887	465.1954	532.9355	42.4769	463.0510	95.1389	455.7048	94.6759	462.5981	94.7685	465.5155	94.7454	
15/08/2017	01:42:37	011995	G523048388HLR	L523	S		442.7785	1.0400	0.0000	99.9975	39.8409	0.8230	1.1624	5.0000	20.2108	508.0677	94.9537	20.8485	24.9000	0.9300	0.9357	0.6323	-0.0008	508.0000	507.0255	1.0272	7.0000	100.0945	40.6667	0.8230	0.8251	5.0000	-9999.0000	-9999.0000	-9999.0000	-9999.0000	-9999.0000	-9999.0000	17.3387	8	0	24.9588	1.0000	06	2	-9999.0000	6750	35075	-9999	-9999	735	1514	312.5120	5	0.6170	0.6323	-0.0008	30.2120	1.8511	465.9318	550.0874	45.4630	463.7816	95.1620	454.9409	94.7222	458.6548	94.6296	461.2128	94.7917	
15/08/2017	01:48:06	011995	G523047673HLR	L523	S		0.0000	0.0000	0.0000	0.0000	0.0000	0.8230	0.0000	0.0000	0.0000	0.0000	0.0000	0.0000	0.0000	0.9300	0.0000	0.0000	0.0000	0.0000	0.0000	0.0000	0.0000	0.0000	0.0000	0.8230	0.0000	0.0000	0.0000	0.0000	0.0000	0.0000	0.0000	0.0000	0.0000	0	42	24.9588	1.0000	06	2	0.0000	0	0	0	0	0	0	0.0000	0	0.0000	0.0000	0.0000	0.0000	0.0000	0.0000	0.0000	0.0000	0.0000	0.0000	0.0000	0.0000	0.0000	0.0000	0.0000	0.0000	
15/08/2017	01:48:24	011995	G523048386HLR	L523	S		437.5647	1.0400	0.0000	99.9720	39.8436	0.8230	1.1620	5.0000	20.1491	508.0867	94.7685	23.1784	25.0000	0.9300	0.9357	0.6318	-0.0008	508.0000	509.8731	1.0272	7.0000	99.7697	40.6875	0.8230	0.8253	5.0000	-9999.0000	-9999.0000	-9999.0000	-9999.0000	-9999.0000	-9999.0000	17.1799	1	0	346.9314	1.0000	06	2	-9999.0000	6751	35076	-9999	-9999	736	1516	311.5785	5	0.6170	0.6318	-0.0008	30.3047	1.8320	463.7905	547.6913	42.9398	461.9197	95.2778	453.8001	94.8148	455.9013	94.5833	459.3028	94.8148	
15/08/2017	01:48:55	011995	G523048801HLR	L523	S		437.8949	1.0400	0.0000	99.9180	39.8426	0.8230	1.1619	5.0000	20.2283	508.0706	94.9306	20.7782	25.0000	0.9300	0.9356	0.6322	-0.0008	508.0000	509.2698	1.0272	7.0000	99.8174	40.7121	0.8230	0.8261	5.0000	-9999.0000	-9999.0000	-9999.0000	-9999.0000	-9999.0000	-9999.0000	17.0983	2	0	30.3578	1.0000	06	2	-9999.0000	6752	35076	-9999	-9999	737	1518	312.6539	5	0.6170	0.6322	-0.0008	28.8536	1.9253	464.1151	537.6240	43.9815	461.9136	95.3472	452.3428	94.6759	456.9233	94.7222	461.6276	94.7222	
15/08/2017	01:49:20	011995	G523048791HLR	L523	S		433.9263	1.0400	0.0000	99.9312	39.8421	0.8230	1.1620	5.0000	19.9640	508.0404	94.9769	18.3496	24.9000	0.9300	0.9356	0.6318	-0.0008	508.0000	507.2927	1.0272	7.0000	99.8140	40.6333	0.8230	0.8258	5.0000	-9999.0000	-9999.0000	-9999.0000	-9999.0000	-9999.0000	-9999.0000	17.2116	3	0	25.3493	1.0000	06	2	-9999.0000	6753	35077	-9999	-9999	738	1520	313.5404	5	0.6171	0.6318	-0.0008	29.6348	1.8736	468.4110	549.5560	44.7454	463.6918	95.1620	460.4300	94.6759	466.5802	94.7222	469.1749	94.7454	
15/08/2017	01:49:45	011995	G523048832HLR	L523	S		452.5353	1.0400	0.0000	99.9625	39.8260	0.8230	1.1620	5.0000	19.9092	508.0472	94.9074	9.5190	24.9000	0.9300	0.9355	0.6318	-0.0008	508.0000	515.8471	1.0272	7.0000	99.7575	40.6333	0.8230	0.8256	5.0000	-9999.0000	-9999.0000	-9999.0000	-9999.0000	-9999.0000	-9999.0000	17.5576	4	2	25.2183	1.0000	06	2	-9999.0000	6753	35077	-9999	-9999	739	1522	317.1693	5	0.6171	0.6318	-0.0008	29.6348	1.8736	490.4860	530.4317	42.4769	485.9876	94.8611	481.9143	94.7685	486.8572	94.5833	492.7115	94.7454	
15/08/2017	01:50:10	011995	G523048392HLR	L523	S		443.8641	1.0400	0.0000	99.8325	39.8227	0.8230	1.1620	5.0000	20.0486	508.0515	94.9537	20.1591	25.0000	0.9300	0.9358	0.6321	-0.0008	508.0000	507.0261	1.0272	7.0000	99.7965	40.6602	0.8230	0.8263	5.0000	-9999.0000	-9999.0000	-9999.0000	-9999.0000	-9999.0000	-9999.0000	17.3787	5	0	25.1091	1.0000	06	2	-9999.0000	6753	35078	-9999	-9999	740	1524	312.9331	5	0.6170	0.6321	-0.0008	32.4989	1.7236	467.6173	545.0978	45.9028	464.3736	94.9769	456.3419	94.7685	460.5059	94.7454	463.7745	94.7222	
15/08/2017	01:50:37	011995	G523048793HLR	L523	S		435.0387	1.0400	0.0000	99.9552	39.8098	0.8230	1.1620	5.0000	20.2352	508.0425	94.8843	19.4394	25.3000	0.9300	0.9362	0.6321	-0.0008	508.0000	508.3655	1.0272	7.0000	99.7958	40.6527	0.8230	0.8266	5.0000	-9999.0000	-9999.0000	-9999.0000	-9999.0000	-9999.0000	-9999.0000	17.2118	6	0	26.8179	1.0000	06	2	-9999.0000	6753	35079	-9999	-9999	741	1526	313.1505	5	0.6170	0.6321	-0.0008	32.7449	1.7395	463.4247	429.7115	44.8380	460.2484	94.6296	454.3620	95.0000	461.4222	94.6759	465.2419	94.7454	
15/08/2017	01:51:07	011995	G523046419HLR	L523	S		448.7320	1.0400	0.0000	99.9041	39.6206	0.8230	1.1620	5.0000	20.0888	508.0852	94.9537	13.9894	25.0000	0.9300	0.9357	0.6321	-0.0008	508.0000	509.8215	1.0272	7.0000	99.7773	40.6256	0.8230	0.8263	5.0000	-9999.0000	-9999.0000	-9999.0000	-9999.0000	-9999.0000	-9999.0000	17.1729	7	0	29.9889	1.0000	06	2	-9999.0000	6754	35079	-9999	-9999	742	1527	315.4725	5	0.6170	0.6321	-0.0008	32.7449	1.7395	480.1727	562.2061	43.8657	478.2145	95.0694	470.0324	94.6991	474.1921	94.7222	478.6486	94.7454	
15/08/2017	01:51:34	011995	G523047073HLR	L523	S		452.8389	1.0400	0.0000	99.9865	39.6730	0.8230	1.1624	5.0000	19.9389	508.0276	95.0000	12.8997	25.0000	0.9300	0.9357	0.6311	-0.0008	508.0000	509.0242	1.0272	7.0000	99.8148	40.6030	0.8230	0.8257	5.0000	-9999.0000	-9999.0000	-9999.0000	-9999.0000	-9999.0000	-9999.0000	17.1340	8	0	26.5079	1.0000	06	2	-9999.0000	6754	35080	-9999	-9999	743	1528	315.6498	5	0.6169	0.6311	-0.0008	38.6948	1.4365	481.4076	543.9620	42.5231	477.5648	94.8148	471.8749	94.7454	477.3437	94.7222	479.9154	94.7222	
15/08/2017	01:52:00	011995	G523047105HLR	L523	S		452.0500	1.0400	0.0000	99.9128	39.7034	0.8230	1.1624	5.0000	20.0594	508.0568	94.9537	13.4895	25.0000	0.9300	0.9357	0.6306	-0.0007	508.0000	508.4318	1.0272	7.0000	99.8258	40.5952	0.8230	0.8253	5.0000	-9999.0000	-9999.0000	-9999.0000	-9999.0000	-9999.0000	-9999.0000	17.2377	1	0	26.4694	1.0000	06	2	-9999.0000	6754	35080	-9999	-9999	744	1530	315.3871	5	0.6168	0.6306	-0.0007	40.1066	1.3522	479.9855	557.3636	45.5556	476.4031	94.8380	472.5747	94.6991	478.1139	94.7685	481.1140	94.7454	
15/08/2017	01:52:28	011995	G523048803HLR	L523	S		445.2838	1.0400	0.0000	99.8888	39.7346	0.8230	1.1623	5.0000	20.0911	508.0209	94.9769	15.8996	25.0000	0.9300	0.9357	0.6278	-0.0006	508.0000	508.1829	1.0272	7.0000	99.8115	40.6328	0.8230	0.8251	5.0000	-9999.0000	-9999.0000	-9999.0000	-9999.0000	-9999.0000	-9999.0000	17.2435	2	0	27.9682	1.0000	06	2	-9999.0000	6755	35081	-9999	-9999	745	1532	314.4464	5	0.6168	0.6278	-0.0006	40.8189	1.3600	477.4249	541.8710	44.1667	475.0399	94.9537	469.3259	94.7685	472.5454	94.6759	475.1639	94.7222	
15/08/2017	01:52:57	011995	G523049992HLR	L523	S		441.4645	1.0400	0.0000	99.9421	39.7482	0.8230	1.1622	5.0000	20.3024	508.0917	94.9306	18.9394	24.9000	0.9300	0.9357	0.6277	-0.0006	508.0000	507.6111	1.0272	7.0000	99.7903	40.6667	0.8230	0.8257	5.0000	-9999.0000	-9999.0000	-9999.0000	-9999.0000	-9999.0000	-9999.0000	17.2085	3	0	28.5484	1.0000	12	4	-9999.0000	6755	35082	-9999	-9999	746	1534	313.3407	5	0.6168	0.6277	-0.0006	40.3178	1.3925	469.8821	539.8500	44.7917	466.7433	95.1620	459.9033	94.6991	463.8898	94.7685	467.9304	94.7454	
15/08/2017	01:53:25	011995	G523049990HLR	L523	S		447.9012	1.0400	0.0000	99.8097	39.7539	0.8230	1.1621	5.0000	20.0560	508.0373	94.9537	15.5890	24.9000	0.9300	0.9357	0.6275	-0.0006	508.0000	509.1434	1.0272	7.0000	99.6986	40.6774	0.8230	0.8260	5.0000	-9999.0000	-9999.0000	-9999.0000	-9999.0000	-9999.0000	-9999.0000	17.1586	4	0	28.4984	1.0000	12	4	-9999.0000	6756	35083	-9999	-9999	747	1536	314.2650	5	0.6168	0.6275	-0.0006	39.6969	1.4267	476.8359	582.9677	47.3843	475.5524	95.1620	467.9527	94.7454	471.4884	94.5833	475.1326	94.7917	
15/08/2017	01:53:55	011995	G523050000HLR	L523	S		446.8643	1.0400	0.0000	99.9192	39.7744	0.8230	1.1621	5.0000	19.9883	508.0124	94.9306	15.3888	25.0000	0.9300	0.9356	0.6289	-0.0006	508.0000	508.3781	1.0272	7.0000	99.7705	40.6776	0.8230	0.8261	5.0000	-9999.0000	-9999.0000	-9999.0000	-9999.0000	-9999.0000	-9999.0000	17.2182	5	0	29.7689	1.0000	12	4	-9999.0000	6757	35084	-9999	-9999	748	1538	314.2563	5	0.6170	0.6289	-0.0006	38.5673	1.4753	475.4830	588.6867	46.9213	473.5669	95.0231	468.8170	94.7222	475.4357	94.6759	476.8691	94.7685	
15/08/2017	01:54:23	011995	G523049998HLR	L523	S		445.1224	1.0400	0.0000	99.8470	39.7478	0.8230	1.1621	5.0000	20.0534	508.0355	94.9769	17.0889	25.0000	0.9300	0.9357	0.6290	-0.0007	508.0000	507.7228	1.0272	7.0000	99.9964	40.6794	0.8230	0.8262	5.0000	-9999.0000	-9999.0000	-9999.0000	-9999.0000	-9999.0000	-9999.0000	17.2099	6	0	28.2988	1.0000	12	4	-9999.0000	6758	35085	-9999	-9999	748	1540	313.9103	5	0.6170	0.6290	-0.0007	38.4488	1.4828	473.5140	537.5377	43.8194	471.1505	95.1157	463.3751	94.7222	466.5397	94.6528	473.4667	94.7917	
15/08/2017	01:54:53	011995	G523050001HLR	L523	S		444.5576	1.0400	0.0000	99.8963	39.7532	0.8230	1.1621	5.0000	19.9796	508.0387	94.9769	17.6582	25.0000	0.9300	0.9356	0.6276	-0.0006	508.0000	507.0127	1.0272	7.0000	99.7277	40.6817	0.8230	0.8261	5.0000	-9999.0000	-9999.0000	-9999.0000	-9999.0000	-9999.0000	-9999.0000	17.2087	7	0	30.3279	1.0000	12	4	-9999.0000	6759	35086	-9999	-9999	749	1542	313.7435	5	0.6169	0.6276	-0.0006	38.8827	1.4665	470.7311	535.8893	44.0509	468.4828	95.2083	461.1875	94.6991	465.7758	94.6991	469.5391	94.7454	
15/08/2017	01:55:18	011995	G523049991HLR	L523	S		446.3256	1.0400	0.0000	99.9254	39.7651	0.8230	1.1620	5.0000	20.6795	508.0893	94.9537	17.5293	24.9000	0.9300	0.9357	0.6272	-0.0006	508.0000	508.9132	1.0272	7.0000	99.7635	40.6926	0.8230	0.8261	5.0000	-9999.0000	-9999.0000	-9999.0000	-9999.0000	-9999.0000	-9999.0000	17.4586	8	0	24.9684	1.0000	12	4	-9999.0000	6760	35087	-9999	-9999	750	1544	313.7426	5	0.6170	0.6272	-0.0006	38.6545	1.4847	475.1862	560.4840	43.3102	472.7815	95.1852	466.9873	94.6759	471.4472	94.6991	472.9613	94.7685	
15/08/2017	01:55:43	011995	G523050014HLR	L523	S		444.7143	1.0400	0.0000	99.9144	39.7802	0.8230	1.1621	5.0000	20.2119	508.0139	94.9306	18.7793	25.0000	0.9300	0.9357	0.6272	-0.0006	508.0000	508.9727	1.0272	7.0000	99.7642	40.6915	0.8230	0.8260	5.0000	-9999.0000	-9999.0000	-9999.0000	-9999.0000	-9999.0000	-9999.0000	17.1384	1	0	25.0790	1.0000	12	4	-9999.0000	6761	35087	-9999	-9999	751	1545	313.2325	5	0.6170	0.6272	-0.0006	38.3790	1.5067	472.3794	558.8593	46.6898	470.0774	95.1852	462.2957	94.7454	466.5454	94.6065	469.8629	94.8148	
15/08/2017	01:56:08	011995	G523050013HLR	L523	S		444.1259	1.0400	0.0000	99.8184	39.7859	0.8230	1.1621	5.0000	20.1189	508.0622	94.9537	17.4092	24.9000	0.9300	0.9356	0.6273	-0.0006	508.0000	507.1998	1.0272	7.0000	99.8290	40.6923	0.8230	0.8264	5.0000	-9999.0000	-9999.0000	-9999.0000	-9999.0000	-9999.0000	-9999.0000	17.2787	2	0	25.0484	1.0000	12	4	-9999.0000	6761	35088	-9999	-9999	752	1547	313.7475	5	0.6170	0.6273	-0.0006	38.4048	1.5073	475.0753	566.6222	43.4954	473.4970	95.2778	463.5141	94.7222	466.6601	94.6528	471.3696	94.7685	
15/08/2017	01:56:34	011995	G523048976HLR	L523	S		446.6931	1.0400	0.0000	99.9198	39.7830	0.8230	1.1619	5.0000	20.8280	508.0680	94.9306	19.3388	25.0000	0.9300	0.9357	0.6285	-0.0006	508.0000	509.3786	1.0272	7.0000	99.6610	40.6735	0.8230	0.8264	5.0000	-9999.0000	-9999.0000	-9999.0000	-9999.0000	-9999.0000	-9999.0000	17.1781	3	0	25.0686	1.0000	12	4	-9999.0000	6762	35089	-9999	-9999	753	1548	313.1711	5	0.6171	0.6285	-0.0006	37.0063	1.5697	471.2752	563.2703	45.0000	467.9397	95.2315	461.1781	94.7685	464.3938	94.6065	468.7610	94.7454	
15/08/2017	01:56:58	011995	G523050034HLR	L523	S		453.7606	1.0400	0.0000	99.8874	39.8094	0.8230	1.1620	5.0000	20.1676	508.0352	94.9769	13.2590	24.9000	0.9300	0.9357	0.6285	-0.0006	508.0000	508.5094	1.0272	7.0000	99.7584	40.6377	0.8230	0.8255	5.0000	-9999.0000	-9999.0000	-9999.0000	-9999.0000	-9999.0000	-9999.0000	17.1783	4	0	24.8785	1.0000	12	4	-9999.0000	6763	35090	-9999	-9999	754	1550	315.0817	5	0.6171	0.6285	-0.0006	37.0063	1.5697	481.6312	570.3021	44.6528	479.7579	95.1157	473.8037	94.6991	479.1810	94.6065	481.9535	94.7685	
15/08/2017	01:57:24	011995	G523048973HLR	L523	S		460.6745	1.0400	0.0000	99.9323	39.8089	0.8230	1.1620	5.0000	20.0887	508.0901	94.9306	10.4399	24.9000	0.9300	0.9357	0.6286	-0.0006	508.0000	510.1958	1.0272	7.0000	99.7514	40.6500	0.8230	0.8249	5.0000	-9999.0000	-9999.0000	-9999.0000	-9999.0000	-9999.0000	-9999.0000	17.2131	5	0	25.1187	1.0000	12	4	-9999.0000	6764	35091	-9999	-9999	755	1551	316.0819	5	0.6172	0.6286	-0.0006	36.8972	1.5583	490.6424	560.3391	46.2500	487.5206	94.7917	486.8895	94.8148	488.4145	94.6991	491.1963	94.6991	
15/08/2017	01:57:50	011995	G523050015HLR	L523	S		455.6743	1.0400	0.0000	99.9185	39.8068	0.8230	1.1620	5.0000	20.2116	508.0209	94.9074	11.6898	25.0000	0.9300	0.9357	0.6291	-0.0007	508.0000	509.4580	1.0272	7.0000	100.0935	40.7000	0.8230	0.8257	5.0000	-9999.0000	-9999.0000	-9999.0000	-9999.0000	-9999.0000	-9999.0000	17.2379	6	0	26.2388	1.0000	12	4	-9999.0000	6765	35092	-9999	-9999	756	1553	315.7056	5	0.6173	0.6291	-0.0007	37.4694	1.5080	484.4449	541.8838	43.5185	480.8547	94.8611	479.9963	94.7454	484.7934	94.7454	486.9898	94.6991	
15/08/2017	01:58:15	011995	G523050019HLR	L523	S		453.2458	1.0400	0.0000	99.9006	39.8059	0.8230	1.1620	5.0000	19.9782	508.0752	94.9537	12.4193	25.0000	0.9300	0.9358	0.6282	-0.0006	508.0000	509.2318	1.0272	7.0000	99.7755	40.7077	0.8230	0.8262	5.0000	-9999.0000	-9999.0000	-9999.0000	-9999.0000	-9999.0000	-9999.0000	17.5147	7	0	25.4284	1.0000	12	4	-9999.0000	6766	35093	-9999	-9999	757	1555	315.3460	5	0.6171	0.6282	-0.0006	40.6761	1.3257	484.4811	537.9252	42.9630	481.9998	94.7685	475.7759	94.8380	479.8499	94.7454	483.5667	94.7222	
15/08/2017	01:58:42	011995	G523050022HLR	L523	S		454.2715	1.0400	0.0000	99.9500	39.8076	0.8230	1.1620	5.0000	20.4491	508.0774	94.9537	12.9993	25.0000	0.9300	0.9358	0.6278	-0.0006	508.0000	509.3306	1.0272	7.0000	99.7065	40.6920	0.8230	0.8264	5.0000	-9999.0000	-9999.0000	-9999.0000	-9999.0000	-9999.0000	-9999.0000	17.3260	8	0	26.7983	1.0000	12	4	-9999.0000	6767	35094	-9999	-9999	758	1557	315.1516	5	0.6172	0.6278	-0.0006	39.7388	1.3567	483.6159	565.4076	45.9954	481.9057	94.8843	473.6546	94.7917	478.0954	94.7222	481.7218	94.7454	
15/08/2017	01:59:07	011995	G523050009HLR	L523	S		454.8334	1.0400	0.0000	99.8264	39.8115	0.8230	1.1620	5.0000	20.1083	508.0466	94.9306	12.5296	25.0000	0.9300	0.9356	0.6268	-0.0005	508.0000	509.1782	1.0272	7.0000	99.7707	40.6597	0.8230	0.8260	5.0000	-9999.0000	-9999.0000	-9999.0000	-9999.0000	-9999.0000	-9999.0000	17.1491	1	0	24.9088	1.0000	12	4	-9999.0000	6768	35095	-9999	-9999	758	1559	315.0407	5	0.6173	0.6268	-0.0005	36.7567	1.5335	484.2203	510.2772	45.8333	480.8451	94.9074	476.0770	94.7222	482.4078	94.6991	484.6853	94.7685	
15/08/2017	01:59:32	011995	G523049970HLR	L523	S		447.7598	1.0400	0.0000	99.9475	39.8117	0.8230	1.1620	5.0000	20.2787	508.0393	94.9537	15.2492	25.0000	0.9300	0.9357	0.6265	-0.0005	508.0000	509.0354	1.0272	7.0000	99.7472	40.6448	0.8230	0.8253	5.0000	-9999.0000	-9999.0000	-9999.0000	-9999.0000	-9999.0000	-9999.0000	18.3591	2	0	24.8886	1.0000	12	4	-9999.0000	6769	35096	-9999	-9999	759	1561	314.3013	5	0.6175	0.6265	-0.0005	36.3337	1.5366	478.0376	545.4992	44.8380	475.2569	95.0000	469.4665	94.8148	473.2597	94.7222	475.6024	94.7454	
15/08/2017	01:59:57	011995	G523049980HLR	L523	S		447.4697	1.0400	0.0000	99.9549	39.8285	0.8230	1.1620	5.0000	20.3289	508.0303	94.9306	14.4592	24.9000	0.9300	0.9357	0.6262	-0.0005	508.0000	508.4315	1.0272	7.0000	99.7939	40.6833	0.8230	0.8251	5.0000	-9999.0000	-9999.0000	-9999.0000	-9999.0000	-9999.0000	-9999.0000	17.1589	3	0	24.9886	1.0000	12	4	-9999.0000	6770	35097	-9999	-9999	760	1563	314.4199	5	0.6175	0.6262	-0.0005	36.2175	1.5526	479.7049	537.0396	44.4907	476.9659	95.0926	470.3584	94.6759	478.5679	94.7685	479.4882	94.7917	
15/08/2017	02:00:22	011995	G523049986HLR	L523	S		446.7775	1.0400	0.0000	99.8877	39.8211	0.8230	1.1620	5.0000	20.1188	508.0585	94.9769	15.8888	24.9000	0.9300	0.9357	0.6248	-0.0004	508.0000	508.9470	1.0272	7.0000	99.7794	40.7149	0.8230	0.8260	5.0000	-9999.0000	-9999.0000	-9999.0000	-9999.0000	-9999.0000	-9999.0000	17.2986	4	0	25.0253	1.0000	12	4	-9999.0000	6771	35098	-9999	-9999	761	1565	314.0857	5	0.6175	0.6248	-0.0004	36.4648	1.5089	478.7557	548.5955	45.4167	476.1972	95.0926	469.5633	94.6991	476.3864	94.7454	477.5523	94.7685	
15/08/2017	02:00:47	011995	G523050003HLR	L523	S		457.3275	1.0400	0.0000	99.9599	39.8380	0.8230	1.1619	5.0000	20.2792	508.0346	94.8843	11.3285	24.9000	0.9300	0.9357	0.6248	-0.0004	508.0000	510.1512	1.0272	7.0000	99.7878	40.7092	0.8230	0.8264	5.0000	-9999.0000	-9999.0000	-9999.0000	-9999.0000	-9999.0000	-9999.0000	17.2885	5	0	24.9816	1.0000	12	4	-9999.0000	6772	35099	-9999	-9999	762	1567	315.0289	5	0.6175	0.6248	-0.0004	36.4648	1.5089	488.8848	586.0919	47.1528	486.7511	95.0231	483.1709	94.6759	487.6501	94.6759	488.4144	94.7917	
15/08/2017	02:01:12	011995	G523050006HLR	L523	S		456.0646	1.0400	0.0000	99.9534	39.8315	0.8230	1.1619	5.0000	20.4294	508.0547	94.9074	12.3099	24.9000	0.9300	0.9357	0.6251	-0.0004	508.0000	509.3636	1.0272	7.0000	99.7993	40.6782	0.8230	0.8261	5.0000	-9999.0000	-9999.0000	-9999.0000	-9999.0000	-9999.0000	-9999.0000	17.1987	6	0	24.9492	1.0000	12	4	-9999.0000	6773	35100	-9999	-9999	763	1569	314.8320	5	0.6175	0.6251	-0.0004	36.5167	1.5051	485.8990	575.4682	45.6250	483.6526	94.9537	478.2671	94.8148	484.7227	94.6991	489.3501	94.7222	
15/08/2017	02:01:37	011995	G523047325HLR	L523	S		454.3529	1.0400	0.0000	99.9078	39.8301	0.8230	1.1620	5.0000	20.1585	508.0715	94.9537	13.0393	25.0000	0.9300	0.9358	0.6253	-0.0005	508.0000	507.9999	1.0272	7.0000	99.8070	40.6507	0.8230	0.8251	5.0000	-9999.0000	-9999.0000	-9999.0000	-9999.0000	-9999.0000	-9999.0000	17.1978	7	0	25.1282	1.0000	12	4	-9999.0000	6774	35101	-9999	-9999	764	1571	314.6669	5	0.6175	0.6253	-0.0005	36.2480	1.5379	483.5760	546.9883	45.4630	481.3233	94.9769	472.9999	94.7685	479.4245	94.6759	482.3909	94.7454	
15/08/2017	02:02:02	011995	G523048968HLR	L523	S		453.6851	1.0400	0.0000	99.9137	39.8382	0.8230	1.1619	5.0000	20.0857	508.0805	94.9537	14.0891	25.1000	0.9300	0.9357	0.6258	-0.0005	508.0000	510.8533	1.0272	7.0000	99.8045	40.6839	0.8230	0.8250	5.0000	-9999.0000	-9999.0000	-9999.0000	-9999.0000	-9999.0000	-9999.0000	17.3510	8	0	24.9392	1.0000	12	4	-9999.0000	6775	35102	-9999	-9999	765	1573	314.4258	5	0.6175	0.6258	-0.0005	35.9173	1.5660	483.9629	559.8020	44.3750	480.4971	95.0000	475.7275	94.8380	479.5489	94.7222	483.0296	94.7222	
15/08/2017	02:02:27	011995	G523048970HLR	L523	S		463.0673	1.0400	0.0000	99.9028	39.8412	0.8230	1.1619	5.0000	20.1185	508.0542	94.8843	9.4995	25.0000	0.9300	0.9356	0.6244	-0.0004	508.0000	508.1916	1.0272	7.0000	99.7877	40.7241	0.8230	0.8258	5.0000	-9999.0000	-9999.0000	-9999.0000	-9999.0000	-9999.0000	-9999.0000	17.5484	1	0	24.9889	1.0000	12	4	-9999.0000	6776	35103	-9999	-9999	766	1575	315.3011	5	0.6176	0.6244	-0.0004	36.1174	1.5445	495.6827	551.9292	44.3287	492.2991	95.0000	488.3112	94.7454	492.8852	94.6991	494.5390	94.7454	
15/08/2017	02:02:52	011995	G523048975HLR	L523	S		457.9376	1.0400	0.0000	99.9291	39.8426	0.8230	1.1619	5.0000	20.0693	508.0551	94.9306	12.5296	25.0000	0.9300	0.9357	0.6243	-0.0004	508.0000	509.2690	1.0272	7.0000	99.8740	40.7298	0.8230	0.8260	5.0000	-9999.0000	-9999.0000	-9999.0000	-9999.0000	-9999.0000	-9999.0000	18.9983	2	0	24.9479	1.0000	12	4	-9999.0000	6777	35104	-9999	-9999	767	1577	314.5873	5	0.6176	0.6243	-0.0004	34.5176	1.6536	486.8015	534.8170	43.9352	484.4931	94.9537	480.3031	94.7917	483.1946	94.7685	486.3865	94.6991	
15/08/2017	02:03:17	011995	G523048974HLR	L523	S		458.7992	1.0400	0.0000	99.8892	39.8437	0.8230	1.1619	5.0000	20.2089	508.0218	94.9306	10.3090	25.0000	0.9300	0.9357	0.6239	-0.0004	508.0000	507.6117	1.0272	7.0000	99.8309	40.6885	0.8230	0.8261	5.0000	-9999.0000	-9999.0000	-9999.0000	-9999.0000	-9999.0000	-9999.0000	17.0584	3	0	24.8394	1.0000	12	4	-9999.0000	6778	35105	-9999	-9999	768	1579	314.9826	5	0.6179	0.6239	-0.0004	33.2023	1.7409	492.8120	538.3769	43.1019	489.8500	95.0463	482.8439	94.6991	486.2747	94.6991	491.6293	94.7685	
15/08/2017	02:03:42	011995	G523048927HLR	L523	S		459.4405	1.0400	0.0000	99.9796	39.8460	0.8230	1.1619	5.0000	20.4884	508.0164	94.9537	10.3198	25.0000	0.9300	0.9358	0.6228	-0.0003	508.0000	509.2937	1.0272	7.0000	99.7620	40.6582	0.8230	0.8252	5.0000	-9999.0000	-9999.0000	-9999.0000	-9999.0000	-9999.0000	-9999.0000	17.0680	4	0	24.9878	1.0000	12	4	-9999.0000	6779	35106	-9999	-9999	769	1581	314.7859	5	0.6180	0.6228	-0.0003	35.1197	1.5971	494.4933	526.1634	45.2778	491.9543	94.9074	483.9491	94.7685	488.3711	94.7454	490.9630	94.6991	
15/08/2017	02:04:07	011995	G523048947HLR	L523	S		454.2618	1.0400	0.0000	99.9363	39.8458	0.8230	1.1619	5.0000	20.2482	508.0979	94.9306	12.9602	25.0000	0.9300	0.9358	0.6234	-0.0003	508.0000	508.5489	1.0272	7.0000	99.7602	40.7000	0.8230	0.8250	5.0000	-9999.0000	-9999.0000	-9999.0000	-9999.0000	-9999.0000	-9999.0000	17.3788	5	0	24.9090	1.0000	12	4	-9999.0000	6780	35107	-9999	-9999	769	1582	314.5217	5	0.6181	0.6234	-0.0003	33.4819	1.7016	484.1987	530.5291	44.2361	481.3427	94.9074	476.3865	94.7454	481.5921	94.7454	484.2868	94.7222	
15/08/2017	02:04:35	011995	G523048949HLR	L523	S		452.7483	1.0400	0.0000	99.9945	39.8544	0.8230	1.1623	5.0000	20.4489	508.0454	94.9537	13.2591	25.0000	0.9300	0.9357	0.6233	-0.0003	508.0000	508.7580	1.0272	7.0000	99.7788	40.7333	0.8230	0.8257	5.0000	-9999.0000	-9999.0000	-9999.0000	-9999.0000	-9999.0000	-9999.0000	17.8883	6	0	28.2980	1.0000	12	4	-9999.0000	6781	35108	-9999	-9999	770	1584	314.3650	5	0.6181	0.6233	-0.0003	32.5044	1.7611	485.1633	584.0009	46.6204	482.2029	95.0463	476.6459	94.6759	482.0504	94.7454	484.5761	94.7917	
15/08/2017	02:05:00	011995	G523048972HLR	L523	S		414.5264	1.0400	0.0000	99.9071	39.8418	0.8230	1.1620	5.0000	20.1093	0.0000	0.0000	0.0000	0.0000	0.9300	0.0000	0.0000	0.0000	0.0000	457.5542	1.0272	7.0000	99.8016	40.7170	0.8230	0.8262	5.0000	-9999.0000	-9999.0000	-9999.0000	-9999.0000	-9999.0000	-9999.0000	17.1283	7	7	24.8690	1.0000	12	4	-9999.0000	6782	0	-9999	-9999	771	1586	0.0000	0	0.0000	0.0000	0.0000	0.0000	0.0000	0.0000	0.0000	0.0000	0.0000	0.0000	0.0000	0.0000	0.0000	0.0000	0.0000	0.0000	
15/08/2017	02:08:54	011995	G523048962HLR	L523	S		465.2834	1.0400	0.0000	99.9350	39.8527	0.8230	1.1619	5.0000	20.1483	0.0000	0.0000	0.0000	0.0000	0.9300	0.0000	0.0000	0.0000	0.0000	465.9252	1.0272	7.0000	99.7753	40.7089	0.8230	0.8264	5.0000	-9999.0000	-9999.0000	-9999.0000	-9999.0000	-9999.0000	-9999.0000	17.2998	8	8	234.5277	1.0000	12	4	-9999.0000	6783	0	-9999	-9999	772	1588	0.0000	0	0.0000	0.0000	0.0000	0.0000	0.0000	0.0000	0.0000	0.0000	0.0000	0.0000	0.0000	0.0000	0.0000	0.0000	0.0000	0.0000	
15/08/2017	02:09:19	011995	G523048177HLR	L523	S		408.0809	1.0400	0.0000	99.9204	39.8490	0.8230	1.1621	5.0000	19.8913	0.0000	0.0000	0.0000	0.0000	0.9300	0.0000	0.0000	0.0000	0.0000	410.6741	1.0272	7.0000	99.7608	40.6550	0.8230	0.8250	5.0000	-9999.0000	-9999.0000	-9999.0000	-9999.0000	-9999.0000	-9999.0000	17.0766	1	7	25.1984	1.0000	12	4	-9999.0000	6784	0	-9999	-9999	773	1590	0.0000	0	0.0000	0.0000	0.0000	0.0000	0.0000	0.0000	0.0000	0.0000	0.0000	0.0000	0.0000	0.0000	0.0000	0.0000	0.0000	0.0000	
15/08/2017	02:10:28	011995	G523050028HLR	L523	S		441.8825	1.0400	0.0000	99.9942	39.8647	0.8230	1.1619	5.0000	20.3367	508.0906	94.9537	17.3595	25.3000	0.9300	0.9362	0.6229	-0.0003	508.0000	506.1485	1.0272	7.0000	99.7575	40.6973	0.8230	0.8263	5.0000	-9999.0000	-9999.0000	-9999.0000	-9999.0000	-9999.0000	-9999.0000	17.8579	2	0	68.7864	1.0000	12	4	-9999.0000	6785	35109	-9999	-9999	774	1592	313.6767	5	0.6182	0.6229	-0.0003	30.3029	1.9019	475.0875	477.9590	43.2639	473.0070	95.0231	465.2421	94.8843	469.4992	94.7685	472.9388	94.6759	
15/08/2017	02:11:05	011995	G523048273HLR	L523	S		334.1014	1.0400	0.0000	99.9537	39.8513	0.8230	1.1620	5.0000	20.4687	0.0000	0.0000	0.0000	0.0000	0.9300	0.0000	0.0000	0.0000	0.0000	444.4045	1.0272	7.0000	99.7541	40.6794	0.8230	0.8264	5.0000	-9999.0000	-9999.0000	-9999.0000	-9999.0000	-9999.0000	-9999.0000	17.1284	3	7	37.0781	1.0000	12	4	-9999.0000	6786	0	-9999	-9999	775	1594	0.0000	0	0.0000	0.0000	0.0000	0.0000	0.0000	0.0000	0.0000	0.0000	0.0000	0.0000	0.0000	0.0000	0.0000	0.0000	0.0000	0.0000	
15/08/2017	02:11:31	011995	G523048583HLR	L523	S		440.4298	1.0400	0.0000	99.9335	39.8561	0.8230	1.1620	5.0000	20.0281	508.0469	94.9769	15.4288	25.2000	0.9300	0.9359	0.6229	-0.0003	508.0000	504.4880	1.0272	7.0000	99.7999	40.6667	0.8230	0.8257	5.0000	-9999.0000	-9999.0000	-9999.0000	-9999.0000	-9999.0000	-9999.0000	17.2086	4	0	25.2788	1.0000	12	4	-9999.0000	6787	35110	-9999	-9999	776	1596	313.9400	5	0.6182	0.6229	-0.0003	30.3029	1.9019	478.6486	508.7842	45.0463	475.4896	95.0926	469.6923	94.7222	474.3403	94.7222	478.1705	94.8148	
15/08/2017	02:11:58	011995	G523048932HLR	L523	S		455.6563	1.0400	0.0000	99.9518	39.8708	0.8230	1.1618	5.0000	20.5777	508.0750	94.9769	12.3694	25.3000	0.9300	0.9361	0.6229	-0.0003	508.0000	509.7372	1.0272	7.0000	99.7661	40.6215	0.8230	0.8250	5.0000	-9999.0000	-9999.0000	-9999.0000	-9999.0000	-9999.0000	-9999.0000	17.1897	5	0	27.1385	1.0000	12	4	-9999.0000	6788	35111	-9999	-9999	777	1598	314.5047	5	0.6182	0.6229	-0.0003	30.3029	1.9019	488.4262	466.4677	45.0694	484.3668	94.7917	482.0653	94.9074	484.1300	94.7222	487.0689	94.6991	
15/08/2017	02:12:23	011995	G523049910HLR	L523	S		453.0144	1.0400	0.0000	99.9669	39.7831	0.8230	1.1618	5.0000	20.1382	508.0337	94.9537	12.6985	25.1000	0.9300	0.9359	0.6224	-0.0003	508.0000	506.9549	1.0272	7.0000	99.8501	40.6747	0.8230	0.8256	5.0000	-9999.0000	-9999.0000	-9999.0000	-9999.0000	-9999.0000	-9999.0000	17.0754	6	0	25.0290	1.0000	12	4	-9999.0000	6788	35112	-9999	-9999	778	1600	314.3532	5	0.6182	0.6224	-0.0003	30.0429	1.9213	485.8166	532.1722	44.3981	482.6768	95.0231	477.7574	94.7222	481.4164	94.7454	485.4075	94.7685	
15/08/2017	02:12:48	011995	G523048954HLR	L523	S		446.8382	1.0400	0.0000	99.9074	39.7603	0.8230	1.1620	5.0000	19.9989	508.0371	94.9769	15.7189	25.2000	0.9300	0.9360	0.6224	-0.0003	508.0000	507.3544	1.0272	7.0000	99.7509	40.6860	0.8230	0.8259	5.0000	-9999.0000	-9999.0000	-9999.0000	-9999.0000	-9999.0000	-9999.0000	17.2391	7	0	25.1878	1.0000	12	4	-9999.0000	6789	35113	-9999	-9999	779	1601	313.9132	5	0.6183	0.6224	-0.0003	30.1373	1.9145	480.2980	493.9539	45.0926	477.8849	94.8611	471.4456	94.6991	477.3365	94.8380	479.3722	94.8148	
15/08/2017	02:13:19	011995	G523048895HLR	L523	S		447.5897	1.0400	0.0000	100.0122	39.7552	0.8230	1.1618	5.0000	20.8601	508.0555	94.9074	14.2990	25.1000	0.9300	0.9358	0.6224	-0.0003	508.0000	506.7934	1.0272	7.0000	99.7789	40.6917	0.8230	0.8264	5.0000	-9999.0000	-9999.0000	-9999.0000	-9999.0000	-9999.0000	-9999.0000	17.1149	8	0	31.4179	1.0000	12	4	-9999.0000	6790	35114	-9999	-9999	780	1603	314.1427	5	0.6183	0.6224	-0.0003	30.1373	1.9145	483.8447	558.7047	45.2083	481.4379	95.1157	474.5482	94.6991	480.0739	94.7454	483.0844	94.7685	
15/08/2017	02:13:47	011995	G523050018HLR	L523	S		448.1073	1.0400	0.0000	99.9443	39.7628	0.8230	1.1620	5.0000	20.1984	508.0280	94.9537	16.1798	25.1000	0.9300	0.9358	0.6224	-0.0003	508.0000	507.8973	1.0272	7.0000	99.7785	40.6631	0.8230	0.8263	5.0000	-9999.0000	-9999.0000	-9999.0000	-9999.0000	-9999.0000	-9999.0000	17.2793	1	0	27.4692	1.0000	12	4	-9999.0000	6791	35114	-9999	-9999	781	1605	313.7830	5	0.6184	0.6224	-0.0003	30.0743	1.9155	480.8195	570.1550	44.8843	477.7699	95.1389	471.6834	94.7454	475.0948	94.6991	477.7932	94.7222	
15/08/2017	02:14:12	011995	G523050066HLR	L523	S		456.5124	1.0400	0.0000	99.8899	39.7456	0.8230	1.1621	5.0000	20.0451	508.0473	94.9537	10.3989	25.0000	0.9300	0.9356	0.6224	-0.0003	508.0000	504.5381	1.0272	7.0000	99.7808	40.6654	0.8230	0.8265	5.0000	-9999.0000	-9999.0000	-9999.0000	-9999.0000	-9999.0000	-9999.0000	17.0582	2	0	25.0885	1.0000	06	4	-9999.0000	6792	35115	-9999	-9999	782	1607	314.7235	5	0.6184	0.6224	-0.0003	30.0743	1.9155	495.0937	553.0127	44.9769	491.9267	95.1157	485.9300	94.6296	490.5790	94.7222	493.2480	94.7454	
15/08/2017	02:14:37	011995	G523050112HLR	L523	S		459.2486	1.0400	0.0000	99.9172	39.7785	0.8230	1.1621	5.0000	20.0594	508.0615	94.7222	4.4490	25.2000	0.9300	0.9354	0.6223	-0.0003	508.0000	510.8868	1.0272	7.0000	99.7168	40.6390	0.8230	0.8259	5.0000	-9999.0000	-9999.0000	-9999.0000	-9999.0000	-9999.0000	-9999.0000	17.3182	3	0	25.0981	1.0000	06	4	-9999.0000	6793	35116	-9999	-9999	783	1609	315.5746	5	0.6184	0.6223	-0.0003	30.2572	1.8973	507.4451	526.8593	42.6852	502.6900	94.7685	500.1078	94.6991	505.4787	94.7454	498.1318	20.7176	
15/08/2017	02:15:02	011995	G523048397HLR	L523	S		443.1597	1.0400	0.0000	99.9473	39.7669	0.8230	1.1621	5.0000	20.2746	508.0671	94.9537	20.3690	25.1000	0.9300	0.9358	0.6230	-0.0003	508.0000	507.5942	1.0272	7.0000	99.7694	40.6350	0.8230	0.8249	5.0000	-9999.0000	-9999.0000	-9999.0000	-9999.0000	-9999.0000	-9999.0000	17.1892	4	0	25.0593	1.0000	06	4	-9999.0000	6794	35117	-9999	-9999	784	1611	313.3183	5	0.6184	0.6230	-0.0003	29.8080	1.9371	471.3842	487.7895	44.7917	468.4112	94.4907	461.5110	95.0000	466.7723	94.8843	469.3277	94.7454	
15/08/2017	02:15:27	011995	G523050121HLR	L523	S		446.0116	1.0400	0.0000	99.8953	39.8026	0.8230	1.1621	5.0000	19.9275	508.0853	94.9537	16.5294	25.0000	0.9300	0.9357	0.6232	-0.0003	508.0000	506.7896	1.0272	7.0000	99.6996	40.6908	0.8230	0.8255	5.0000	-9999.0000	-9999.0000	-9999.0000	-9999.0000	-9999.0000	-9999.0000	17.0849	5	0	25.0387	1.0000	06	4	-9999.0000	6795	35118	-9999	-9999	785	1613	313.7769	5	0.6187	0.6232	-0.0003	28.3666	2.0452	480.3705	585.0965	46.9213	478.2713	95.5787	469.3038	94.7685	472.9255	94.5833	476.5313	94.7685	
15/08/2017	02:15:52	011995	G523050055HLR	L523	S		455.7642	1.0400	0.0000	99.9393	39.8029	0.8230	1.1620	5.0000	20.1180	508.0337	94.9074	11.3392	24.9000	0.9300	0.9356	0.6232	-0.0003	508.0000	506.0455	1.0272	7.0000	100.0470	40.7070	0.8230	0.8263	5.0000	-9999.0000	-9999.0000	-9999.0000	-9999.0000	-9999.0000	-9999.0000	17.2635	6	0	24.8981	1.0000	06	4	-9999.0000	6796	35119	-9999	-9999	786	1615	314.6805	5	0.6187	0.6232	-0.0003	28.3666	2.0452	492.8313	561.0200	44.4444	490.4284	95.3472	481.6539	94.6759	484.8732	94.6528	489.1385	94.7685	
15/08/2017	02:16:21	011995	G523050088HLR	L523	S		454.9124	1.0400	0.0000	99.9204	39.7944	0.8230	1.1620	5.0000	20.0284	508.0074	94.9537	10.8295	25.0000	0.9300	0.9356	0.6204	-0.0001	508.0000	505.1687	1.0272	7.0000	99.8135	40.6770	0.8230	0.8264	5.0000	-9999.0000	-9999.0000	-9999.0000	-9999.0000	-9999.0000	-9999.0000	17.1188	7	0	28.9485	1.0000	06	4	-9999.0000	6797	35120	-9999	-9999	787	1617	314.4506	5	0.6187	0.6204	-0.0001	26.2210	2.2177	492.9603	588.0853	46.8056	490.4920	95.0000	485.5407	94.8611	488.2388	94.7222	491.0899	94.7222	
15/08/2017	02:16:51	011995	G523050078HLR	L523	S		456.6153	1.0400	0.0000	99.8656	39.8067	0.8230	1.1620	5.0000	20.1987	508.0507	94.9306	11.0590	25.0000	0.9300	0.9357	0.6209	-0.0002	508.0000	505.9459	1.0272	7.0000	99.7128	40.6431	0.8230	0.8256	5.0000	-9999.0000	-9999.0000	-9999.0000	-9999.0000	-9999.0000	-9999.0000	17.2314	8	0	29.8880	1.0000	06	4	-9999.0000	6798	35121	-9999	-9999	788	1619	314.5300	5	0.6187	0.6209	-0.0002	25.1429	2.3068	492.5432	557.8051	44.4213	489.9560	94.9306	484.8138	94.8148	487.8895	94.7454	490.0931	94.7454	
15/08/2017	02:17:16	011995	G523050083HLR	L523	S		455.7083	1.0400	0.0000	99.8536	39.8089	0.8230	1.1620	5.0000	20.0897	508.0713	94.9074	11.1791	25.1000	0.9300	0.9357	0.6198	-0.0001	508.0000	505.7563	1.0272	7.0000	99.7917	40.6390	0.8230	0.8251	5.0000	-9999.0000	-9999.0000	-9999.0000	-9999.0000	-9999.0000	-9999.0000	17.1675	1	0	25.0691	1.0000	06	4	-9999.0000	6799	35122	-9999	-9999	789	1621	314.4588	5	0.6188	0.6198	-0.0001	26.0934	2.2268	493.7511	567.5742	44.8380	492.3316	94.9074	484.0163	94.7917	488.6177	94.7685	491.8584	94.7685	
15/08/2017	02:17:41	011995	G523050074HLR	L523	S		457.8456	1.0400	0.0000	99.9580	39.8134	0.8230	1.1620	5.0000	19.9890	508.0628	94.9306	12.6302	25.0000	0.9300	0.9358	0.6202	-0.0001	508.0000	508.4693	1.0272	7.0000	99.8434	40.6500	0.8230	0.8247	5.0000	-9999.0000	-9999.0000	-9999.0000	-9999.0000	-9999.0000	-9999.0000	18.7085	2	0	24.9489	1.0000	06	4	-9999.0000	6800	35123	-9999	-9999	790	1623	314.4730	5	0.6189	0.6202	-0.0001	25.8048	2.2487	495.6655	511.9915	44.2824	492.1598	94.9074	485.7745	94.7454	488.5608	94.7917	491.2800	94.7917	
15/08/2017	02:18:06	011995	G523050069HLR	L523	S		446.3182	1.0400	0.0000	99.9056	39.8081	0.8230	1.1620	5.0000	20.0087	508.0433	94.9769	18.0293	25.0000	0.9300	0.9357	0.6212	-0.0002	508.0000	508.0071	1.0272	7.0000	99.7540	40.7000	0.8230	0.8255	5.0000	-9999.0000	-9999.0000	-9999.0000	-9999.0000	-9999.0000	-9999.0000	17.3892	3	0	24.9191	1.0000	06	4	-9999.0000	6801	35124	-9999	-9999	791	1624	314.1240	5	0.6191	0.6212	-0.0002	25.0004	2.3006	478.5396	526.5706	44.2593	474.9607	95.0926	469.7839	94.7685	472.3182	94.7454	475.7620	94.7685	
15/08/2017	02:18:38	011995	G523050090HLR	L523	S		445.4639	1.0400	0.0000	99.9212	39.8146	0.8230	1.1620	5.0000	20.2291	508.0522	94.9306	18.8886	25.0000	0.9300	0.9357	0.6216	-0.0002	508.0000	507.5900	1.0272	7.0000	99.7595	40.7103	0.8230	0.8263	5.0000	-9999.0000	-9999.0000	-9999.0000	-9999.0000	-9999.0000	-9999.0000	17.2982	4	0	31.9771	1.0000	06	4	-9999.0000	6802	35125	-9999	-9999	792	1626	314.0583	5	0.6191	0.6216	-0.0002	24.7938	2.3053	478.3877	525.1572	43.5417	476.6674	95.4861	467.3522	94.6759	472.6088	94.7454	473.8301	94.7917	
15/08/2017	02:19:10	011995	G523048357HLR	L523	S		451.5438	1.0400	0.0000	99.9603	39.8402	0.8230	1.1620	5.0000	20.0174	508.0471	94.9306	13.8195	25.0000	0.9300	0.9356	0.6216	-0.0002	508.0000	506.5806	1.0272	7.0000	99.7705	40.6886	0.8230	0.8263	5.0000	-9999.0000	-9999.0000	-9999.0000	-9999.0000	-9999.0000	-9999.0000	17.2588	5	0	32.0595	1.0000	06	4	-9999.0000	6803	35126	-9999	-9999	793	1628	314.5077	5	0.6191	0.6216	-0.0002	24.7938	2.3053	487.9763	564.6403	45.3009	485.3774	95.3704	478.1391	94.6991	482.3683	94.6296	485.8794	94.8148	
15/08/2017	02:19:35	011995	G523048374HLR	L523	S		457.4584	1.0400	0.0000	99.8835	39.8414	0.8230	1.1619	5.0000	20.0873	508.0355	94.9074	10.9398	25.0000	0.9300	0.9355	0.6215	-0.0002	508.0000	505.2883	1.0272	7.0000	99.6974	40.6877	0.8230	0.8265	5.0000	-9999.0000	-9999.0000	-9999.0000	-9999.0000	-9999.0000	-9999.0000	17.1587	6	0	25.1873	1.0000	06	4	-9999.0000	6804	35127	-9999	-9999	794	1630	314.7498	5	0.6191	0.6215	-0.0002	24.5719	2.3161	492.9173	536.0641	43.3333	489.9096	95.1620	484.0114	94.8148	488.2823	94.5833	491.1744	94.7454	
15/08/2017	02:20:06	011995	G523048391HLR	L523	S		461.3538	1.0400	0.0000	99.8436	39.8273	0.8230	1.1619	5.0000	20.0282	508.0807	95.0000	9.1499	25.0000	0.9300	0.9355	0.6215	-0.0002	508.0000	507.1396	1.0272	7.0000	99.7022	40.6982	0.8230	0.8266	5.0000	-9999.0000	-9999.0000	-9999.0000	-9999.0000	-9999.0000	-9999.0000	17.3908	7	0	30.5492	1.0000	06	4	-9999.0000	6805	35128	-9999	-9999	795	1631	314.9859	5	0.6191	0.6215	-0.0002	25.6600	2.2219	497.6130	536.8292	44.7454	494.5940	94.8380	488.1688	94.7222	492.3613	94.7454	496.4358	94.7222	
15/08/2017	02:20:31	011995	G523048380HLR	L523	S		442.7729	1.0400	0.0000	99.9697	39.8124	0.8230	1.1620	5.0000	20.0594	508.0459	94.9537	21.0292	25.1000	0.9300	0.9358	0.6213	-0.0002	508.0000	507.8969	1.0272	7.0000	99.7536	40.6517	0.8230	0.8256	5.0000	-9999.0000	-9999.0000	-9999.0000	-9999.0000	-9999.0000	-9999.0000	17.2379	8	0	25.1186	1.0000	06	4	-9999.0000	6806	35129	-9999	-9999	796	1632	313.9528	5	0.6192	0.6213	-0.0002	30.0722	1.8456	474.4875	526.3620	45.5556	472.8422	95.0694	463.3679	94.7917	467.7982	94.7685	471.1564	94.7454	
15/08/2017	02:20:56	011995	G523048379HLR	L523	S		441.8936	1.0400	0.0000	99.9435	39.8188	0.8230	1.1620	5.0000	19.9696	508.0138	94.9306	21.0887	25.0000	0.9300	0.9356	0.6216	-0.0002	508.0000	507.5715	1.0272	7.0000	99.8149	40.6441	0.8230	0.8253	5.0000	-9999.0000	-9999.0000	-9999.0000	-9999.0000	-9999.0000	-9999.0000	17.0892	1	0	24.9380	1.0000	06	4	-9999.0000	6807	35130	-9999	-9999	797	1634	313.9678	5	0.6194	0.6216	-0.0002	30.1102	1.8277	475.6816	557.1886	44.9074	474.4831	95.6250	462.6631	94.7222	465.9264	94.6759	468.6615	94.7685	
15/08/2017	02:21:21	011995	G523048382HLR	L523	S		457.4682	1.0400	0.0000	99.9517	39.8498	0.8230	1.1620	5.0000	19.9383	508.0730	94.9306	9.5200	25.0000	0.9300	0.9356	0.6216	-0.0002	508.0000	507.7761	1.0272	7.0000	99.8114	40.6834	0.8230	0.8250	5.0000	-9999.0000	-9999.0000	-9999.0000	-9999.0000	-9999.0000	-9999.0000	17.2385	2	0	24.9889	1.0000	06	4	-9999.0000	6808	35131	-9999	-9999	798	1635	315.0656	5	0.6194	0.6216	-0.0002	30.1102	1.8277	497.1495	558.2304	43.0324	493.8043	95.4630	488.9092	94.5833	492.5413	94.7454	494.8679	94.7222	
15/08/2017	02:21:46	011995	G523048393HLR	L523	S		442.1180	1.0400	0.0000	99.8907	39.8512	0.8230	1.1623	5.0000	20.1708	508.0642	94.9306	19.5790	25.1000	0.9300	0.9357	0.6224	-0.0002	508.0000	506.8775	1.0272	7.0000	99.7264	40.7282	0.8230	0.8259	5.0000	-9999.0000	-9999.0000	-9999.0000	-9999.0000	-9999.0000	-9999.0000	17.1495	3	0	24.9780	1.0000	06	4	-9999.0000	6809	35132	-9999	-9999	799	1637	314.1880	5	0.6196	0.6224	-0.0002	30.6720	1.7639	473.5655	528.3235	43.5417	470.9646	95.3009	463.3535	94.7222	467.7482	94.6991	471.6349	94.7454	
15/08/2017	02:22:11	011995	G523048802HLR	L523	S		465.0096	1.0400	0.0000	99.9050	39.8332	0.8230	1.1619	5.0000	19.9785	0.0000	0.0000	0.0000	0.0000	0.9300	0.0000	0.0000	0.0000	0.0000	465.7803	1.0272	7.0000	99.7746	40.7089	0.8230	0.8264	5.0000	-9999.0000	-9999.0000	-9999.0000	-9999.0000	-9999.0000	-9999.0000	17.0386	4	8	25.2293	1.0000	06	4	-9999.0000	6810	0	-9999	-9999	800	1639	0.0000	0	0.0000	0.0000	0.0000	0.0000	0.0000	0.0000	0.0000	0.0000	0.0000	0.0000	0.0000	0.0000	0.0000	0.0000	0.0000	0.0000	
15/08/2017	02:22:36	011995	G523048800HLR	L523	S		459.7728	1.0400	0.0000	99.9211	39.8430	0.8230	1.1619	5.0000	20.2606	508.0431	94.9537	10.0288	25.1000	0.9300	0.9357	0.6222	-0.0002	508.0000	507.0497	1.0272	7.0000	99.7738	40.6864	0.8230	0.8261	5.0000	-9999.0000	-9999.0000	-9999.0000	-9999.0000	-9999.0000	-9999.0000	17.2536	5	0	24.9185	1.0000	06	4	-9999.0000	6811	35133	-9999	-9999	801	1641	315.1523	5	0.6195	0.6222	-0.0002	31.3241	1.7130	497.0726	488.7458	43.3565	493.5987	95.0694	486.8429	94.7222	490.4034	94.6759	493.9407	94.8148	
15/08/2017	02:23:01	011995	G523048806HLR	L523	S		454.5040	1.0400	0.0000	99.9389	39.8218	0.8230	1.1617	5.0000	21.8582	508.0664	94.9074	12.2288	25.1000	0.9300	0.9359	0.6224	-0.0002	508.0000	506.6154	1.0272	7.0000	99.7328	40.6574	0.8230	0.8251	5.0000	-9999.0000	-9999.0000	-9999.0000	-9999.0000	-9999.0000	-9999.0000	17.2986	6	0	25.0787	1.0000	06	4	-9999.0000	6812	35134	-9999	-9999	802	1643	315.0196	5	0.6197	0.6224	-0.0002	31.8671	1.6745	489.9099	555.8343	44.4444	487.2069	95.0463	482.5827	94.7454	485.8071	94.7454	488.2592	94.7222	
15/08/2017	02:23:26	011995	G523048818HLR	L523	S		464.8605	1.0400	0.0000	99.9025	39.8413	0.8230	1.1620	5.0000	20.0184	508.0393	94.8148	7.4693	25.1000	0.9300	0.9357	0.6221	-0.0002	508.0000	509.2512	1.0272	7.0000	99.9401	40.7000	0.8230	0.8251	5.0000	-9999.0000	-9999.0000	-9999.0000	-9999.0000	-9999.0000	-9999.0000	17.0895	7	0	25.0124	1.0000	06	4	-9999.0000	6813	35135	-9999	-9999	803	1645	315.4240	5	0.6197	0.6221	-0.0002	32.4146	1.6431	504.6453	556.2638	44.1435	501.6952	94.8843	495.0505	94.7454	499.6763	94.7222	502.6052	94.7222	
15/08/2017	02:23:51	011995	G523048794HLR	L523	S		456.8077	1.0400	0.0000	99.8163	39.8699	0.8230	1.1619	5.0000	19.9480	508.0449	94.9306	11.3499	25.0000	0.9300	0.9358	0.6221	-0.0002	508.0000	507.1287	1.0272	7.0000	99.7276	40.7333	0.8230	0.8259	5.0000	-9999.0000	-9999.0000	-9999.0000	-9999.0000	-9999.0000	-9999.0000	17.4887	8	0	24.9446	1.0000	06	4	-9999.0000	6814	35136	-9999	-9999	804	1647	315.0890	5	0.6197	0.6221	-0.0002	32.4146	1.6431	491.8947	580.9428	45.0000	490.0019	94.6759	485.8653	94.9537	488.4651	94.7222	490.5195	94.7685	
15/08/2017	02:24:16	011995	G523048792HLR	L523	S		462.3773	1.0400	0.0000	99.8320	39.8677	0.8230	1.1619	5.0000	20.1049	508.0922	94.9769	9.8598	25.1000	0.9300	0.9358	0.6227	-0.0002	508.0000	508.6937	1.0272	7.0000	99.7166	40.7235	0.8230	0.8263	5.0000	-9999.0000	-9999.0000	-9999.0000	-9999.0000	-9999.0000	-9999.0000	17.1251	1	0	24.7437	1.0000	06	4	-9999.0000	6815	35137	-9999	-9999	805	1649	315.4068	5	0.6198	0.6227	-0.0002	32.2514	1.6554	495.6440	576.8896	46.5972	493.8803	94.9769	487.7794	94.8380	490.8423	94.7222	495.7339	94.7685	
15/08/2017	02:24:41	011995	G523048830HLR	L523	S		469.1625	1.0400	0.0000	99.9266	39.8460	0.8230	1.1618	5.0000	20.6288	0.0000	0.0000	0.0000	0.0000	0.9300	0.0000	0.0000	0.0000	0.0000	469.7894	1.0272	7.0000	99.7561	40.6838	0.8230	0.8259	5.0000	-9999.0000	-9999.0000	-9999.0000	-9999.0000	-9999.0000	-9999.0000	17.3089	2	8	25.0233	1.0000	06	4	-9999.0000	6816	0	-9999	-9999	806	1651	0.0000	0	0.0000	0.0000	0.0000	0.0000	0.0000	0.0000	0.0000	0.0000	0.0000	0.0000	0.0000	0.0000	0.0000	0.0000	0.0000	0.0000	
15/08/2017	02:25:06	011995	G523048816HLR	L523	S		455.0251	1.0400	0.0000	99.9091	39.8455	0.8230	1.1616	5.0000	22.1127	508.0179	94.9306	10.5297	25.1000	0.9300	0.9358	0.6228	-0.0002	508.0000	514.1195	1.0272	7.0000	99.7172	40.6701	0.8230	0.8248	5.0000	-9999.0000	-9999.0000	-9999.0000	-9999.0000	-9999.0000	-9999.0000	17.1454	3	2	25.0287	1.0000	06	4	-9999.0000	6817	35138	-9999	-9999	807	1653	315.2946	5	0.6199	0.6228	-0.0002	32.1450	1.6608	492.2176	492.8945	43.8889	488.2262	94.9306	485.5580	94.7685	490.6922	94.8148	495.1137	94.7454	
15/08/2017	02:25:31	011995	G523048815HLR	L523	S		458.4657	1.0400	0.0000	99.9230	39.8702	0.8230	1.1619	5.0000	19.9276	508.0483	94.9074	12.2894	25.1000	0.9300	0.9358	0.6234	-0.0002	508.0000	509.7836	1.0272	7.0000	99.8785	40.7167	0.8230	0.8252	5.0000	-9999.0000	-9999.0000	-9999.0000	-9999.0000	-9999.0000	-9999.0000	17.1288	4	0	25.0085	1.0000	06	4	-9999.0000	6818	35139	-9999	-9999	808	1655	315.2763	5	0.6200	0.6234	-0.0002	32.0053	1.6655	491.7311	537.1960	42.7546	488.6881	95.0694	482.3265	94.7454	486.2277	94.7685	488.5086	94.7685	
15/08/2017	02:28:49	011995	G523048817HLR	L523	S		453.5954	1.0400	0.0000	99.8876	39.8810	0.8230	1.1619	5.0000	20.0849	508.0971	94.9074	12.4095	25.1000	0.9300	0.9358	0.6236	-0.0003	508.0000	509.4651	1.0272	7.0000	99.7300	40.7423	0.8230	0.8260	5.0000	-9999.0000	-9999.0000	-9999.0000	-9999.0000	-9999.0000	-9999.0000	17.2231	5	0	198.2793	1.0000	06	4	-9999.0000	6819	35140	-9999	-9999	809	1657	315.3287	5	0.6200	0.6236	-0.0003	31.5443	1.6830	489.9595	530.2949	44.1204	486.6118	95.0231	480.4284	94.7454	483.6367	94.7454	487.7487	94.7917	
15/08/2017	02:29:14	011995	G523048807HLR	L523	S		449.7181	1.0400	0.0000	99.9654	39.8791	0.8230	1.1619	5.0000	20.1589	508.0889	94.9769	9.6694	25.1000	0.9300	0.9357	0.6236	-0.0003	508.0000	514.2266	1.0272	7.0000	99.7566	40.7239	0.8230	0.8263	5.0000	-9999.0000	-9999.0000	-9999.0000	-9999.0000	-9999.0000	-9999.0000	17.3177	6	2	25.3194	1.0000	06	4	-9999.0000	6819	35140	-9999	-9999	810	1658	315.6905	5	0.6200	0.6236	-0.0003	31.5443	1.6830	494.5298	530.9285	42.6852	490.5243	95.0463	486.4038	94.6991	491.3762	94.7685	494.3855	94.8148	
15/08/2017	02:32:57	011995	G523048808HLR	L523	S		462.3231	1.0400	0.0000	99.9200	39.8811	0.8230	1.1619	5.0000	20.0535	508.0272	94.9537	10.5600	25.1000	0.9300	0.9356	0.6230	-0.0002	508.0000	510.7519	1.0272	7.0000	99.8171	40.6975	0.8230	0.8259	5.0000	-9999.0000	-9999.0000	-9999.0000	-9999.0000	-9999.0000	-9999.0000	17.2680	7	0	222.2975	1.0000	06	4	-9999.0000	6820	35141	-9999	-9999	811	1659	315.3712	5	0.6199	0.6230	-0.0002	31.7618	1.6600	495.9703	526.3435	45.4861	492.6288	94.8148	485.8613	94.8611	491.8905	94.7454	493.9043	94.7454	
15/08/2017	02:33:18	011995	G523048835HLR	L523	S		0.0000	0.0000	0.0000	0.0000	0.0000	0.8230	0.0000	0.0000	0.0000	0.0000	0.0000	0.0000	0.0000	0.9300	0.0000	0.0000	0.0000	0.0000	0.0000	0.0000	0.0000	0.0000	0.0000	0.8230	0.0000	0.0000	0.0000	0.0000	0.0000	0.0000	0.0000	0.0000	0.0000	0	42	222.2975	1.0000	06	4	0.0000	0	0	0	0	0	0	0.0000	0	0.0000	0.0000	0.0000	0.0000	0.0000	0.0000	0.0000	0.0000	0.0000	0.0000	0.0000	0.0000	0.0000	0.0000	0.0000	0.0000	
15/08/2017	02:33:36	011995	G523048824HLR	L523	S		454.3517	1.0400	0.0000	99.8159	39.8853	0.8230	1.1619	5.0000	19.8787	508.0645	94.9769	8.7896	25.1000	0.9300	0.9354	0.6227	-0.0002	508.0000	513.9511	1.0272	7.0000	99.7662	40.7088	0.8230	0.8263	5.0000	-9999.0000	-9999.0000	-9999.0000	-9999.0000	-9999.0000	-9999.0000	17.4599	8	2	39.4684	1.0000	06	4	-9999.0000	6820	35142	-9999	-9999	811	1661	315.4865	5	0.6198	0.6227	-0.0002	31.6809	1.6582	495.6186	507.5119	43.3102	491.1431	94.8843	489.3294	94.8380	493.2656	94.7685	496.3363	94.7222	
15/08/2017	02:34:01	011995	G523048825HLR	L523	S		454.1377	1.0400	0.0000	99.9530	39.8664	0.8230	1.1618	5.0000	20.7232	508.0431	94.9074	12.3890	25.1000	0.9300	0.9357	0.6230	-0.0002	508.0000	509.9889	1.0272	7.0000	99.7600	40.6667	0.8230	0.8259	5.0000	-9999.0000	-9999.0000	-9999.0000	-9999.0000	-9999.0000	-9999.0000	17.1283	1	0	25.3180	1.0000	06	4	-9999.0000	6821	35143	-9999	-9999	812	1663	315.1443	5	0.6198	0.6230	-0.0002	31.7217	1.6567	489.1780	497.9045	43.7500	486.0384	94.8843	478.5715	94.7454	482.9173	94.7685	487.5895	94.7454	
15/08/2017	02:34:26	011995	G523048812HLR	L523	S		453.1546	1.0400	0.0000	99.9681	39.8665	0.8230	1.1618	5.0000	20.7088	508.0223	94.9537	12.8489	25.3000	0.9300	0.9360	0.6225	-0.0002	508.0000	504.9446	1.0272	7.0000	99.8002	40.6140	0.8230	0.8252	5.0000	-9999.0000	-9999.0000	-9999.0000	-9999.0000	-9999.0000	-9999.0000	17.0554	2	0	25.0691	1.0000	06	4	-9999.0000	6821	35144	-9999	-9999	813	1665	314.9861	5	0.6196	0.6225	-0.0002	31.6182	1.6602	487.2427	451.3397	42.2222	483.2953	94.9537	477.1911	94.8843	482.0042	94.8148	484.3209	94.7685	
15/08/2017	02:34:52	011995	G523048811HLR	L523	S		459.0903	1.0400	0.0000	99.9142	39.8235	0.8230	1.1617	5.0000	20.0679	508.0764	94.7917	6.4098	25.4000	0.9300	0.9356	0.6219	-0.0002	508.0000	512.4931	1.0272	7.0000	99.7798	40.6667	0.8230	0.8254	5.0000	-9999.0000	-9999.0000	-9999.0000	-9999.0000	-9999.0000	-9999.0000	17.3689	3	0	25.2479	1.0000	06	4	-9999.0000	6822	35145	-9999	-9999	814	1667	315.5223	5	0.6196	0.6219	-0.0002	31.4352	1.6577	504.0692	476.3009	43.9352	500.8244	94.9306	497.3980	94.7685	501.1552	94.7685	505.6043	94.8148	
15/08/2017	02:35:17	011995	G523048810HLR	L523	S		458.5803	1.0400	0.0000	99.9468	39.8000	0.8230	1.1618	5.0000	20.5409	508.0447	94.9769	10.9994	25.3000	0.9300	0.9358	0.6213	-0.0001	508.0000	509.0345	1.0272	7.0000	99.8148	40.6923	0.8230	0.8262	5.0000	-9999.0000	-9999.0000	-9999.0000	-9999.0000	-9999.0000	-9999.0000	17.3389	4	0	25.0084	1.0000	06	4	-9999.0000	6823	35146	-9999	-9999	815	1669	314.9786	5	0.6194	0.6213	-0.0001	31.4036	1.6556	491.2334	432.3354	43.1481	487.3018	94.4907	485.0638	95.0000	488.6681	94.7685	491.2202	94.7685	
15/08/2017	02:35:42	011995	G523048820HLR	L523	S		454.5186	1.0400	0.0000	99.9053	39.6919	0.8230	1.1619	5.0000	20.1785	508.0723	94.8843	8.3199	25.1000	0.9300	0.9356	0.6210	-0.0001	508.0000	514.2004	1.0272	7.0000	99.8210	40.6774	0.8230	0.8265	5.0000	-9999.0000	-9999.0000	-9999.0000	-9999.0000	-9999.0000	-9999.0000	17.1604	5	2	25.0885	1.0000	06	4	-9999.0000	6824	35147	-9999	-9999	816	1671	315.1185	5	0.6195	0.6210	-0.0001	31.5481	1.6425	497.9155	471.6158	42.0370	492.9566	94.9769	491.3787	94.7454	494.9321	94.8148	497.4872	94.7917	
15/08/2017	02:36:07	011995	G523048827HLR	L523	S		451.2492	1.0400	0.0000	99.9210	39.7227	0.8230	1.1621	5.0000	19.9891	508.1049	94.9537	12.5501	25.1000	0.9300	0.9357	0.6208	-0.0001	508.0000	509.2924	1.0272	7.0000	99.7568	40.6461	0.8230	0.8261	5.0000	-9999.0000	-9999.0000	-9999.0000	-9999.0000	-9999.0000	-9999.0000	17.0598	6	0	25.1188	1.0000	06	4	-9999.0000	6825	35148	-9999	-9999	817	1673	314.9096	5	0.6195	0.6208	-0.0001	31.7126	1.6340	489.4256	493.2508	44.1435	486.0544	94.9074	479.9612	94.7222	486.3089	94.7222	488.4324	94.7917	
15/08/2017	02:36:32	011995	G523048826HLR	L523	S		454.6212	1.0400	0.0000	99.8904	39.7116	0.8230	1.1622	5.0000	19.9684	508.0666	94.9074	7.3697	25.1000	0.9300	0.9356	0.6207	-0.0001	508.0000	512.9686	1.0272	7.0000	100.1132	40.6239	0.8230	0.8252	5.0000	-9999.0000	-9999.0000	-9999.0000	-9999.0000	-9999.0000	-9999.0000	17.1187	7	0	25.0498	1.0000	06	4	-9999.0000	6826	35149	-9999	-9999	818	1675	315.0960	5	0.6194	0.6207	-0.0001	31.7130	1.6340	501.1176	504.7930	41.8056	496.9362	95.1389	493.5812	94.6528	498.8480	94.8148	501.7756	94.7917	
15/08/2017	02:36:57	011995	G523048822HLR	L523	S		464.0989	1.0400	0.0000	99.9127	39.7475	0.8230	1.1622	5.0000	20.0179	508.0424	94.9306	7.4391	25.1000	0.9300	0.9353	0.6201	-0.0000	508.0000	507.8119	1.0272	7.0000	99.7493	40.6652	0.8230	0.8251	5.0000	-9999.0000	-9999.0000	-9999.0000	-9999.0000	-9999.0000	-9999.0000	17.2583	8	0	24.9471	1.0000	06	4	-9999.0000	6827	35150	-9999	-9999	819	1677	314.9126	5	0.6195	0.6201	-0.0000	31.7223	1.6401	503.5080	490.2102	43.3796	499.2436	94.7454	494.9714	94.8148	498.9365	94.8148	501.7270	94.7917	
15/08/2017	02:37:22	011995	G523048829HLR	L523	S		463.5294	1.0400	0.0000	99.8369	39.7690	0.8230	1.1621	5.0000	20.1286	508.0470	95.0000	9.0190	25.1000	0.9300	0.9357	0.6193	0.0000	508.0000	507.9787	1.0272	7.0000	99.8254	40.7000	0.8230	0.8260	5.0000	-9999.0000	-9999.0000	-9999.0000	-9999.0000	-9999.0000	-9999.0000	17.3386	1	0	25.2091	1.0000	06	4	-9999.0000	6828	35151	-9999	-9999	820	1679	314.7349	5	0.6193	0.6193	0.0000	31.9347	1.6197	500.5900	482.0762	44.2361	497.0652	94.6759	489.7173	94.8148	495.8463	94.8611	498.0693	94.8148	
15/08/2017	02:37:47	011995	G523048795HLR	L523	S		456.8399	1.0400	0.0000	99.8523	39.7730	0.8230	1.1621	5.0000	20.1548	508.0289	94.9537	8.8091	25.1000	0.9300	0.9357	0.6190	0.0000	508.0000	507.5409	1.0272	7.0000	99.7994	40.6867	0.8230	0.8264	5.0000	-9999.0000	-9999.0000	-9999.0000	-9999.0000	-9999.0000	-9999.0000	17.2381	2	0	25.0780	1.0000	06	4	-9999.0000	6829	35152	-9999	-9999	821	1681	314.6090	5	0.6192	0.6190	0.0000	32.1903	1.6118	497.2393	494.2216	42.3843	493.6049	95.1389	489.5283	94.7454	493.6329	94.7917	497.7345	94.7685	
15/08/2017	02:38:12	011995	G523045109HLR	L523	S		457.1037	1.0400	0.0000	99.8795	39.7765	0.8230	1.1620	5.0000	20.1985	508.0282	94.9074	13.8293	25.1000	0.9300	0.9358	0.6179	0.0001	508.0000	510.4838	1.0272	7.0000	99.8137	40.6605	0.8230	0.8262	5.0000	-9999.0000	-9999.0000	-9999.0000	-9999.0000	-9999.0000	-9999.0000	17.1514	3	0	24.8091	1.0000	06	4	-9999.0000	6830	35153	-9999	-9999	822	1683	314.5599	5	0.6189	0.6179	0.0001	37.3578	1.3044	491.3541	505.1230	41.8981	487.7807	95.3241	481.8547	94.7454	485.5688	94.7685	489.3292	94.7685	
15/08/2017	02:38:39	011995	G523048821HLR	L523	S		452.7607	1.0400	0.0000	99.7944	39.7808	0.8230	1.1620	5.0000	20.0789	508.0857	94.9306	11.4291	25.1000	0.9300	0.9358	0.6180	0.0001	508.0000	508.7591	1.0272	7.0000	99.7401	40.6372	0.8230	0.8252	5.0000	-9999.0000	-9999.0000	-9999.0000	-9999.0000	-9999.0000	-9999.0000	17.5452	4	0	26.6480	1.0000	06	4	-9999.0000	6831	35154	-9999	-9999	823	1685	314.5144	5	0.6189	0.6180	0.0001	36.9974	1.3317	493.6449	499.2270	42.5694	490.0088	95.5093	482.8912	94.7454	487.4926	94.7222	491.3690	94.8148	
15/08/2017	02:39:04	011995	G523048790HLR	L523	S		455.3408	1.0400	0.0000	99.8850	39.8066	0.8230	1.1620	5.0000	19.8994	508.0660	94.9074	12.0794	25.0000	0.9300	0.9356	0.6181	0.0001	508.0000	506.7221	1.0272	7.0000	99.7976	40.6667	0.8230	0.8250	5.0000	-9999.0000	-9999.0000	-9999.0000	-9999.0000	-9999.0000	-9999.0000	17.3084	5	0	25.0893	1.0000	06	4	-9999.0000	6832	35155	-9999	-9999	824	1687	314.5073	5	0.6188	0.6181	0.0001	36.7702	1.3468	492.8051	511.3848	43.3796	489.4487	95.3009	484.0509	94.7685	487.4993	94.6991	491.5122	94.7917	
15/08/2017	02:39:28	011995	G523045563HLR	L523	S		455.6648	1.0400	0.0000	99.8024	39.8066	0.8230	1.1619	5.0000	20.1575	508.0852	94.9074	11.9398	25.0000	0.9300	0.9357	0.6186	0.0000	508.0000	508.0212	1.0272	7.0000	99.8339	40.7000	0.8230	0.8256	5.0000	-9999.0000	-9999.0000	-9999.0000	-9999.0000	-9999.0000	-9999.0000	17.2987	6	0	24.7186	1.0000	06	4	-9999.0000	6833	35156	-9999	-9999	824	1689	314.5780	5	0.6188	0.6186	0.0000	38.0590	1.2790	491.5508	546.4831	44.4907	489.2913	95.2315	483.4366	94.8611	489.2314	94.7222	490.3780	94.8148	
15/08/2017	02:39:54	011995	G523046454HLR	L523	S		455.3392	1.0400	0.0000	99.9384	39.8021	0.8230	1.1619	5.0000	20.9516	508.0482	94.9074	11.8900	25.0000	0.9300	0.9357	0.6181	0.0001	508.0000	504.7010	1.0272	7.0000	99.8367	40.7082	0.8230	0.8262	5.0000	-9999.0000	-9999.0000	-9999.0000	-9999.0000	-9999.0000	-9999.0000	17.3580	7	0	25.5482	1.0000	06	4	-9999.0000	6834	35157	-9999	-9999	825	1691	314.4729	5	0.6188	0.6181	0.0001	37.1451	1.3220	493.7451	533.3996	43.6806	491.2021	95.1852	484.3085	94.8148	487.6548	94.7685	491.1321	94.8148	
15/08/2017	02:40:20	011995	G523047068HLR	L523	S		449.1191	1.0400	0.0000	99.9859	39.7919	0.8230	1.1620	5.0000	20.2487	508.0672	94.9537	15.6993	25.0000	0.9300	0.9356	0.6181	0.0001	508.0000	508.8803	1.0272	7.0000	99.7530	40.6913	0.8230	0.8263	5.0000	-9999.0000	-9999.0000	-9999.0000	-9999.0000	-9999.0000	-9999.0000	17.5336	8	0	26.5084	1.0000	06	4	-9999.0000	6835	35158	-9999	-9999	826	1693	314.6777	5	0.6188	0.6181	0.0001	38.0424	1.2714	486.1416	517.2460	43.7963	483.4250	95.3009	475.6016	94.7685	478.8240	94.7222	482.1663	94.7917	
