Data	Timp	Nr. masina	Nr. de serie	Tip	Productie	Comentariu	Pre-masurare Q [ml/min]	Pre-masurare Gain	Pre-masurare Offset Master	Pre-masurare P [bar]	Pre-masurare T [°C]	Pre-masurare Densitate fixa [kg/l]	Pre-masurare densitate masurata [kg/l]	Pre-masurare Timp masurare [s]	Pre-masurare Cycle time [s]	rectificare Q Oprire [ml/min]	rectificare P Oprire [bar]	rectificare Timp rectificare [s]	rectificare T [°C]	rectificare Densitate fixa [kg/l]	rectificare densitate masurata [kg/l]	rectificare Factor de masurare la rectificare	rectificare Factor de corectie a debitului	rectificare Target rectificare	Masurare Q [ml/min]	Masurare Gain	Masurare Offset Master	Masurare P [bar]	Masurare T [°C]	Masurare Densitate fixa [kg/l]	Masurare densitate masurata [kg/l]	Masurare Timp masurare [s]	Masurare Q [ml/min]	Masurare Delta Q [ml/min]	Masurare P [bar]	Masurare BP [bar]	Masurare T [°C]	Masurare Timp masurare [s]	Masurare Cycle time [s]	Nest Nr.	Cod de descarcare	Cycle time [s]	Traceability aktiv	EDM Maschine Nr	EDM Spindle Nr	Honing Rate [r	Station Counter Premeasure	Station Counter Grind	Station Counter Blowout 1	Station Counter Wash	Station Counter Measure	Station Counter Blowout 2	RealGrindQStop	Reg Type	Factor 0	Factor 1	Factor 2	Factor 3	Factor 4	G_StartQV	G_StartQV_1	G_StartQV_2	G_StartQV_3	G_StartQV_4	G_StartQV_5	
23/08/2017	00:02:48	011995	G488094857HLR	L488	S		600.8548	1.0400	0.0000	99.7944	39.4015	0.8230	1.1615	5.0000	27.6962	713.0534	94.9537	17.1289	25.4000	0.9300	0.9296	0.6812	0.0000	713.0000	720.6187	1.0272	-3.5881	99.9694	40.5525	0.8230	0.8256	5.0000	-9999.0000	-9999.0000	-9999.0000	-9999.0000	-9999.0000	-9999.0000	17.2769	3	2	25.3981	1.0000	99	9	-9999.0000	21775	49230	-9999	-9999	5	21	485.8196	3	0.6812	0.6863	-0.0003	46.9978	1.7895	646.7786	303.1137	42.5231	618.5817	93.0324	645.8636	92.6389	652.9152	95.1852	663.6987	94.8148	
23/08/2017	00:03:44	011995	G488093480HLR	L488	S		633.7307	1.0400	0.0000	99.7994	39.6019	0.8230	1.1612	5.0000	26.1986	713.0611	95.0000	15.2990	25.4000	0.9300	0.9295	0.6812	0.0000	713.0000	711.4434	1.0272	-3.2572	100.0156	40.5821	0.8230	0.8264	5.0000	-9999.0000	-9999.0000	-9999.0000	-9999.0000	-9999.0000	-9999.0000	17.3600	5	0	25.2985	1.0000	99	9	-9999.0000	21776	49231	-9999	-9999	6	24	485.8387	3	0.6812	0.6863	-0.0003	46.9978	1.7895	665.4404	389.3426	40.9259	650.4932	94.0509	664.1308	93.4491	672.0419	95.2778	677.6934	94.7917	
23/08/2017	00:04:40	011995	G488093481HLR	L488	S		641.5920	1.0400	0.0000	99.7018	39.5537	0.8230	1.1609	5.0000	28.3453	713.0596	95.0000	12.4691	25.4000	0.9300	0.9295	0.6742	0.0000	713.0000	700.7864	1.0272	-3.0000	99.9345	40.5956	0.8230	0.8271	5.0000	-9999.0000	-9999.0000	-9999.0000	-9999.0000	-9999.0000	-9999.0000	17.2003	7	1	25.7583	1.0000	99	9	-9999.0000	21777	49232	-9999	-9999	7	27	480.7817	3	0.6742	0.6793	-0.0003	47.2489	1.7990	676.5704	444.3997	44.4213	663.0551	94.6528	675.7827	94.1667	681.6883	94.7685	684.8834	94.9074	
23/08/2017	00:06:36	011995	G488094824HLR	L488	S		651.5521	1.0400	0.0000	99.7302	39.6101	0.8230	1.1609	5.0000	27.9280	713.1599	95.1389	6.4694	25.3000	0.9300	0.9294	0.6790	0.0000	713.0000	705.5145	1.0272	-3.0434	99.9549	40.5725	0.8230	0.8272	5.0000	-9999.0000	-9999.0000	-9999.0000	-9999.0000	-9999.0000	-9999.0000	17.0592	1	1	25.3082	1.0000	99	9	-9999.0000	21778	49233	-9999	-9999	8	30	484.3113	3	0.6790	0.6838	-0.0003	47.0830	1.7927	693.5681	410.2575	41.0185	673.5729	94.5833	692.9139	94.0741	699.8044	94.9306	706.0743	94.9306	
23/08/2017	00:07:34	011995	G488094823HLR	L488	S		624.2441	1.0400	0.0000	99.8857	39.6360	0.8230	1.1609	5.0000	27.2496	713.0415	94.9306	14.8186	25.5000	0.9300	0.9297	0.6809	0.0000	713.0000	713.2978	1.0272	-3.3241	99.9249	40.5381	0.8230	0.8256	5.0000	-9999.0000	-9999.0000	-9999.0000	-9999.0000	-9999.0000	-9999.0000	17.2487	3	0	26.4487	1.0000	99	9	-9999.0000	21778	49234	-9999	-9999	9	33	485.5505	3	0.6809	0.6854	-0.0003	47.0176	1.7902	668.6248	393.4248	43.7037	651.3264	94.8148	668.1521	94.3287	674.7687	94.7917	680.0616	94.9306	
23/08/2017	00:08:37	011995	G488093483HLR	L488	S		640.1173	1.0400	0.0000	99.7440	39.6442	0.8230	1.1613	5.0000	27.1283	713.0886	94.9769	14.0100	25.4000	0.9300	0.9297	0.6823	0.0000	713.0000	709.1939	1.0272	-3.1761	100.0573	40.5591	0.8230	0.8253	5.0000	-9999.0000	-9999.0000	-9999.0000	-9999.0000	-9999.0000	-9999.0000	17.1846	5	0	33.3575	1.0000	99	9	-9999.0000	21779	49235	-9999	-9999	10	36	486.5990	3	0.6823	0.6861	-0.0003	46.9726	1.7885	670.1777	398.2744	41.2500	653.4510	95.3009	669.4652	94.6296	674.7526	94.8148	679.9456	94.8148	
23/08/2017	00:09:33	011995	G488093465HLR	L488	S		639.0609	1.0400	0.0000	99.8087	39.5500	0.8230	1.1610	5.0000	27.8880	713.0640	94.9537	15.5197	25.3000	0.9300	0.9297	0.6819	0.0000	713.0000	711.5448	1.0272	-3.2609	99.9884	40.5546	0.8230	0.8250	5.0000	-9999.0000	-9999.0000	-9999.0000	-9999.0000	-9999.0000	-9999.0000	17.4837	7	0	26.6089	1.0000	99	9	-9999.0000	21780	49235	-9999	-9999	11	39	486.3016	3	0.6819	0.6941	-0.0009	12.2608	5.0984	667.5077	413.8486	44.3750	651.1770	95.1389	666.7287	94.7454	673.7271	94.8611	677.6387	94.8380	
23/08/2017	00:10:44	011995	G488093474HLR	L488	S		626.2605	1.0400	0.0000	99.8883	39.6725	0.8230	1.1610	5.0000	27.0345	713.0655	94.8380	22.4480	25.2000	0.9300	0.9296	0.6827	0.0000	713.0000	713.0170	1.0272	-3.3140	100.0317	40.6027	0.8230	0.8256	5.0000	-9999.0000	-9999.0000	-9999.0000	-9999.0000	-9999.0000	-9999.0000	17.5587	1	0	39.5878	1.0000	99	9	-9999.0000	21781	49236	-9999	-9999	12	42	486.8502	3	0.6827	0.6946	-0.0009	-108.9060	13.0182	651.8938	417.4294	41.7593	636.3513	95.6713	650.8845	95.0926	656.9485	94.9074	660.8624	94.7917	
23/08/2017	00:11:42	011995	G488093473HLR	L488	S		635.8926	1.0400	0.0000	99.6770	39.6484	0.8230	1.1609	5.0000	26.5787	713.0284	94.9537	15.6993	25.3000	0.9300	0.9297	0.6828	0.0000	713.0000	713.3630	1.0272	-3.3265	99.9594	40.5564	0.8230	0.8255	5.0000	-9999.0000	-9999.0000	-9999.0000	-9999.0000	-9999.0000	-9999.0000	17.1587	3	0	27.4685	1.0000	99	9	-9999.0000	21782	49237	-9999	-9999	13	45	486.8658	3	0.6828	0.6936	-0.0008	26.6673	3.4477	667.4908	507.9073	46.1574	651.0304	95.6481	666.7780	95.1620	672.2253	94.8611	676.7064	94.7454	
23/08/2017	00:12:38	011995	G488093178HLR	L488	S		614.1060	1.0400	0.0000	99.8788	39.6601	0.8230	1.1610	5.0000	27.8332	713.0154	94.7917	28.6186	25.2000	0.9300	0.9295	0.6828	0.0000	713.0000	714.6693	1.0272	-3.3736	99.9568	40.5714	0.8230	0.8251	5.0000	-9999.0000	-9999.0000	-9999.0000	-9999.0000	-9999.0000	-9999.0000	17.0983	5	0	25.0787	1.0000	99	9	-9999.0000	21783	49238	-9999	-9999	14	48	486.8452	3	0.6828	0.6881	-0.0003	40.2137	2.1584	640.1952	527.3539	45.2546	629.6632	95.9722	639.3756	95.4630	644.6854	94.8843	648.3078	94.6991	
23/08/2017	00:13:35	011995	G488094826HLR	L488	S		633.0566	1.0400	0.0000	99.6706	39.6545	0.8230	1.1608	5.0000	27.7391	713.1081	94.8843	16.5997	25.2000	0.9300	0.9296	0.6827	0.0000	713.0000	714.5841	1.0272	-3.3705	99.9909	40.6047	0.8230	0.8255	5.0000	-9999.0000	-9999.0000	-9999.0000	-9999.0000	-9999.0000	-9999.0000	17.5192	7	0	26.2087	1.0000	99	9	-9999.0000	21784	49239	-9999	-9999	15	51	487.0292	3	0.6827	0.6879	-0.0003	40.5171	2.1808	666.5122	495.6021	43.1019	651.0682	96.2731	665.3564	95.8796	671.5641	94.6991	674.2544	94.5833	
23/08/2017	00:14:31	011995	G488094819HLR	L488	S		631.7528	1.0400	0.0000	99.8246	39.6827	0.8230	1.1608	5.0000	28.2579	713.0306	94.9074	13.5188	25.3000	0.9300	0.9297	0.6826	0.0000	713.0000	713.3324	1.0272	-3.3254	99.9102	40.6276	0.8230	0.8262	5.0000	-9999.0000	-9999.0000	-9999.0000	-9999.0000	-9999.0000	-9999.0000	17.3412	1	0	25.1978	1.0000	99	9	-9999.0000	21785	49240	-9999	-9999	16	53	486.7164	3	0.6826	0.6871	-0.0002	40.4776	2.1163	672.8360	534.2634	46.5741	657.3361	95.9954	671.6901	95.8565	679.4912	94.6991	681.6245	94.5602	
23/08/2017	00:14:45	011995	G523094418HLR	L488	S		0.0000	0.0000	0.0000	0.0000	0.0000	0.8230	0.0000	0.0000	0.0000	0.0000	0.0000	0.0000	0.0000	0.9300	0.0000	0.0000	0.0000	0.0000	0.0000	0.0000	0.0000	0.0000	0.0000	0.8230	0.0000	0.0000	0.0000	0.0000	0.0000	0.0000	0.0000	0.0000	0.0000	0	27	25.1978	1.0000	99	9	0.0000	0	0	0	0	0	0	0.0000	0	0.0000	0.0000	0.0000	0.0000	0.0000	0.0000	0.0000	0.0000	0.0000	0.0000	0.0000	0.0000	0.0000	0.0000	0.0000	0.0000	
23/08/2017	00:15:28	011995	G488094822HLR	L488	S		631.0426	1.0400	0.0000	99.8262	39.7021	0.8230	1.1608	5.0000	27.7177	713.0483	94.9769	15.2590	25.2000	0.9300	0.9297	0.6832	0.0000	713.0000	714.5500	1.0272	-3.3693	100.0262	40.6395	0.8230	0.8269	5.0000	-9999.0000	-9999.0000	-9999.0000	-9999.0000	-9999.0000	-9999.0000	17.2984	3	0	27.5385	1.0000	99	9	-9999.0000	21786	49240	-9999	-9999	17	55	487.1943	3	0.6832	0.6869	-0.0002	41.3914	2.1054	669.7374	520.0565	46.1111	653.1546	95.8796	668.9535	95.7407	675.1419	94.7454	676.5411	94.5833	
23/08/2017	00:16:39	011995	G488094858HLR	L488	S		642.3189	1.0400	0.0000	99.7606	39.7038	0.8230	1.1608	5.0000	27.2880	713.0974	94.9074	10.8988	25.3000	0.9300	0.9297	0.6831	0.0000	713.0000	710.9678	1.0272	-3.2401	100.0140	40.6276	0.8230	0.8270	5.0000	-9999.0000	-9999.0000	-9999.0000	-9999.0000	-9999.0000	-9999.0000	17.4695	5	0	41.8872	1.0000	99	9	-9999.0000	21787	49241	-9999	-9999	18	58	487.2535	3	0.6831	0.6865	-0.0002	41.6202	2.0869	679.9531	512.5235	47.1065	665.2497	95.7407	679.0730	95.6713	686.2796	94.7222	690.1947	94.5833	
23/08/2017	00:17:43	011995	G488094813HLR	L488	S		628.6290	1.0400	0.0000	99.7344	39.7134	0.8230	1.1609	5.0000	26.7680	713.0415	94.9074	16.6192	25.4000	0.9300	0.9297	0.6828	0.0000	713.0000	716.9378	1.0272	-3.4554	99.9242	40.6383	0.8230	0.8261	5.0000	-9999.0000	-9999.0000	-9999.0000	-9999.0000	-9999.0000	-9999.0000	17.1786	7	0	34.7770	1.0000	99	9	-9999.0000	21788	49242	-9999	-9999	19	61	486.9039	3	0.6828	0.6856	-0.0002	50.3897	1.7898	669.0031	490.2851	44.5602	653.9634	95.6713	668.2945	95.5556	673.9765	94.7685	677.7033	94.6065	
23/08/2017	00:18:39	011995	G523094418HLR	L488	S		447.2540	1.0400	0.0000	99.6367	39.6936	0.8230	1.1614	5.0000	26.3989	498.9886	94.7685	31.0081	25.2000	0.9300	0.9292	0.6827	0.0000	713.0000	523.6508	1.0272	7.7904	99.9986	40.6167	0.8230	0.8264	5.0000	-9999.0000	-9999.0000	-9999.0000	-9999.0000	-9999.0000	-9999.0000	17.0231	1	27	25.9985	1.0000	99	9	-9999.0000	21789	49242	-9999	-9999	20	64	340.7878	3	0.6827	0.6850	-0.0001	54.9137	1.5543	453.1332	496.0295	46.7130	458.6335	96.9444	450.5631	96.8056	453.8080	94.5370	454.3057	94.8380	
23/08/2017	00:19:44	011995	G488093482HLR	L488	S		621.8624	1.0400	0.0000	99.7428	39.6936	0.8230	1.1610	5.0000	26.2378	713.0241	94.8611	23.8786	25.2000	0.9300	0.9294	0.6826	0.0000	713.0000	713.1395	1.0272	-3.3184	100.1291	40.6491	0.8230	0.8265	5.0000	-9999.0000	-9999.0000	-9999.0000	-9999.0000	-9999.0000	-9999.0000	17.2483	3	0	35.3877	1.0000	99	9	-9999.0000	21790	49243	-9999	-9999	21	67	486.7363	3	0.6826	0.6853	-0.0002	53.3875	1.6289	645.2467	509.1214	45.7639	633.2473	93.9352	644.2286	93.5648	650.5542	95.0694	657.2138	94.6528	
23/08/2017	00:20:49	011995	G488092344HLR	L488	S		639.2546	1.0400	0.0000	99.9986	39.7020	0.8230	1.1609	5.0000	27.2484	713.0501	94.9769	15.0695	25.4000	0.9300	0.9296	0.6826	0.0000	713.0000	710.3916	1.0272	-3.2193	100.0512	40.6378	0.8230	0.8258	5.0000	-9999.0000	-9999.0000	-9999.0000	-9999.0000	-9999.0000	-9999.0000	17.5469	5	0	33.4566	1.0000	99	9	-9999.0000	21791	49244	-9999	-9999	22	70	486.7914	3	0.6826	0.6853	-0.0002	53.3875	1.6289	666.7355	508.6968	45.0231	654.4645	94.1898	665.9282	93.9120	672.1337	94.7454	677.9243	94.7685	
23/08/2017	00:21:55	011995	G488093478HLR	L488	S		621.9680	1.0400	0.0000	99.7802	39.7295	0.8230	1.1610	5.0000	26.2486	713.0440	94.8611	24.3981	25.1000	0.9300	0.9294	0.6823	0.0000	713.0000	711.7558	1.0272	-3.2685	100.0380	40.6154	0.8230	0.8253	5.0000	-9999.0000	-9999.0000	-9999.0000	-9999.0000	-9999.0000	-9999.0000	17.2291	7	0	35.8071	1.0000	99	9	-9999.0000	21791	49244	-9999	-9999	23	73	486.5476	3	0.6823	0.6839	-0.0001	56.2331	1.5027	646.4045	492.0254	46.6898	634.0806	94.5370	645.2264	94.2593	651.9795	94.5833	656.1918	94.7454	
23/08/2017	00:23:00	011995	G488093468HLR	L488	S		625.1115	1.0400	0.0000	99.8334	39.7003	0.8230	1.1608	5.0000	28.3274	713.0530	94.6759	22.5290	25.2000	0.9300	0.9296	0.6825	0.0000	713.0000	712.1829	1.0272	-3.2839	100.0031	40.5815	0.8230	0.8250	5.0000	-9999.0000	-9999.0000	-9999.0000	-9999.0000	-9999.0000	-9999.0000	17.3137	1	0	34.4745	1.0000	99	9	-9999.0000	21792	49245	-9999	-9999	24	76	486.6710	3	0.6825	0.6844	-0.0001	55.9605	1.5165	649.9239	495.9753	46.0880	637.3358	94.7454	649.3663	94.4444	655.6652	94.5602	658.9452	94.6991	
23/08/2017	00:23:56	011995	G488093488HLR	L488	S		623.0234	1.0400	0.0000	99.8271	39.7190	0.8230	1.1608	5.0000	27.4481	713.0588	94.8380	24.8678	25.1000	0.9300	0.9295	0.6825	0.0000	713.0000	712.0746	1.0272	-3.2800	100.0439	40.5758	0.8230	0.8253	5.0000	-9999.0000	-9999.0000	-9999.0000	-9999.0000	-9999.0000	-9999.0000	17.2584	3	0	25.0581	1.0000	99	9	-9999.0000	21793	49246	-9999	-9999	25	79	486.7226	3	0.6825	0.6840	-0.0001	56.3689	1.4957	648.4955	503.3624	46.5278	638.1575	94.8148	648.2302	94.4907	654.0571	94.6065	656.8888	94.6991	
23/08/2017	00:25:03	011995	G488093492HLR	L488	S		624.6820	1.0400	0.0000	99.9957	39.7180	0.8230	1.1609	5.0000	27.1010	713.1055	94.6296	23.5788	25.2000	0.9300	0.9296	0.6826	0.0000	713.0000	711.8940	1.0272	-3.2735	99.8252	40.5978	0.8230	0.8247	5.0000	-9999.0000	-9999.0000	-9999.0000	-9999.0000	-9999.0000	-9999.0000	18.1387	5	0	35.9568	1.0000	99	9	-9999.0000	21794	49247	-9999	-9999	26	82	486.8552	3	0.6826	0.6841	-0.0001	57.7337	1.4221	648.1183	544.5943	48.9120	639.4927	95.0694	647.5082	94.7222	652.7786	94.5370	656.8325	94.6759	
23/08/2017	00:26:04	011995	G488093496HLR	L488	S		616.9280	1.0400	0.0000	99.8410	39.7094	0.8230	1.1609	5.0000	28.0278	713.0859	94.9769	14.1691	25.2000	0.9300	0.9297	0.6829	0.0000	713.0000	710.9730	1.0272	-3.2403	99.9216	40.5767	0.8230	0.8250	5.0000	-9999.0000	-9999.0000	-9999.0000	-9999.0000	-9999.0000	-9999.0000	17.3758	7	0	31.3383	1.0000	99	9	-9999.0000	21795	49248	-9999	-9999	27	85	487.0293	3	0.6829	0.6827	0.0000	61.5213	1.1880	669.7978	520.2551	43.6574	654.7078	94.8611	668.8385	94.5833	675.5102	94.5370	680.2215	94.7685	
23/08/2017	00:27:14	011995	G488093502HLR	L488	S		605.8438	1.0400	0.0000	99.9074	39.7406	0.8230	1.1609	5.0000	27.3077	713.0123	94.8148	25.0182	25.1000	0.9300	0.9295	0.6831	0.0000	713.0000	711.5057	1.0272	-3.2595	100.0566	40.5934	0.8230	0.8251	5.0000	-9999.0000	-9999.0000	-9999.0000	-9999.0000	-9999.0000	-9999.0000	17.2732	1	0	39.8384	1.0000	99	9	-9999.0000	21796	49249	-9999	-9999	28	86	487.0619	3	0.6831	0.6833	-0.0000	61.5746	1.1674	643.3446	508.4286	46.5509	631.0473	95.1389	642.5800	94.8380	648.9718	94.6528	652.0130	94.6296	
23/08/2017	00:28:19	011995	G488093494HLR	L488	S		633.9661	1.0400	0.0000	99.9604	39.7205	0.8230	1.1609	5.0000	26.6110	713.0728	94.9306	20.2997	25.1000	0.9300	0.9295	0.6834	0.0000	713.0000	713.7270	1.0272	-3.3396	99.8869	40.5833	0.8230	0.8253	5.0000	-9999.0000	-9999.0000	-9999.0000	-9999.0000	-9999.0000	-9999.0000	19.7981	3	0	33.8980	1.0000	99	9	-9999.0000	21797	49250	-9999	-9999	29	88	487.3591	3	0.6834	0.6873	-0.0002	62.1675	1.1448	659.6569	538.5713	45.5787	648.6066	95.1389	658.9883	94.8380	663.4225	94.5833	666.4414	94.6528	
23/08/2017	00:29:15	011995	G488093065HLR	L488	S		618.1504	1.0400	0.0000	99.8829	39.7180	0.8230	1.1609	5.0000	27.7224	713.0638	94.7222	28.9379	25.0000	0.9300	0.9295	0.6836	0.0000	713.0000	715.2683	1.0272	-3.3952	99.9705	40.6051	0.8230	0.8265	5.0000	-9999.0000	-9999.0000	-9999.0000	-9999.0000	-9999.0000	-9999.0000	17.1188	5	0	25.2984	1.0000	99	9	-9999.0000	21798	49251	-9999	-9999	30	91	487.5389	3	0.6836	0.6870	-0.0001	50.1012	1.6236	637.7460	505.6271	44.9537	625.9434	95.3704	637.2772	94.8843	642.3865	94.6296	646.7028	94.6991	
23/08/2017	00:30:22	011995	G488093055HLR	L488	S		623.8897	1.0400	0.0000	99.8030	39.7055	0.8230	1.1608	5.0000	28.3373	713.0741	94.7917	22.9089	25.1000	0.9300	0.9296	0.6834	0.0000	713.0000	712.0092	1.0272	-3.2776	100.0313	40.5781	0.8230	0.8252	5.0000	-9999.0000	-9999.0000	-9999.0000	-9999.0000	-9999.0000	-9999.0000	17.1684	7	0	37.5075	1.0000	99	9	-9999.0000	21799	49252	-9999	-9999	31	92	487.3661	3	0.6834	0.6870	-0.0001	67.7027	0.9300	648.6843	513.9970	45.3241	637.5157	95.4167	647.9343	95.0231	654.5667	94.6065	657.7116	94.5833	
23/08/2017	00:31:32	011995	G488093052HLR	L488	S		645.0266	1.0400	0.0000	99.9864	39.7339	0.8230	1.1609	5.0000	26.8582	713.0094	94.9537	13.4592	25.3000	0.9300	0.9297	0.6836	0.0000	713.0000	713.0228	1.0272	-3.3142	99.9645	40.5814	0.8230	0.8260	5.0000	-9999.0000	-9999.0000	-9999.0000	-9999.0000	-9999.0000	-9999.0000	17.1989	1	0	38.0382	1.0000	99	9	-9999.0000	21799	49253	-9999	-9999	32	95	487.4293	3	0.6836	0.6878	-0.0002	42.2439	1.9286	674.7056	522.1260	44.3056	659.8837	95.1620	674.0774	94.9306	679.2186	94.6065	683.0285	94.5833	
23/08/2017	00:32:34	011995	G488093060HLR	L488	S		623.6103	1.0400	0.0000	99.9989	39.7375	0.8230	1.1609	5.0000	27.0882	713.0718	94.9306	26.4283	25.2000	0.9300	0.9295	0.6838	0.0000	713.0000	716.2566	1.0272	-3.4308	100.0704	40.6393	0.8230	0.8271	5.0000	-9999.0000	-9999.0000	-9999.0000	-9999.0000	-9999.0000	-9999.0000	17.1882	3	0	31.9087	1.0000	99	9	-9999.0000	21800	49254	-9999	-9999	33	98	487.6282	3	0.6838	0.6875	-0.0002	42.6584	1.9055	645.2875	555.5542	47.1296	635.8405	95.3704	644.7295	95.0694	649.7598	94.7454	653.6362	94.5833	
23/08/2017	00:33:37	011995	G488093493HLR	L488	S		616.7469	1.0400	0.0000	99.9239	39.7040	0.8230	1.1608	5.0000	28.6082	713.0561	95.0463	27.0786	25.2000	0.9300	0.9295	0.6836	0.0000	713.0000	712.8594	1.0272	-3.3083	99.8335	40.6417	0.8230	0.8270	5.0000	-9999.0000	-9999.0000	-9999.0000	-9999.0000	-9999.0000	-9999.0000	17.1491	5	0	32.4101	1.0000	99	9	-9999.0000	21801	49255	-9999	-9999	34	101	487.5509	3	0.6836	0.6856	-0.0001	42.4468	1.9143	638.8988	538.7826	45.0463	631.7925	95.5556	638.2171	95.0926	644.8574	94.6759	647.1577	94.6065	
23/08/2017	00:34:40	011995	G488093073HLR	L488	S		628.2066	1.0400	0.0000	99.9696	39.7224	0.8230	1.1608	5.0000	27.6983	713.0605	94.8843	20.9891	25.3000	0.9300	0.9297	0.6834	0.0000	713.0000	711.7719	1.0272	-3.2691	99.8126	40.6421	0.8230	0.8270	5.0000	-9999.0000	-9999.0000	-9999.0000	-9999.0000	-9999.0000	-9999.0000	17.3197	7	0	34.4376	1.0000	99	9	-9999.0000	21802	49256	-9999	-9999	35	103	487.3538	3	0.6834	0.6864	-0.0001	42.6659	1.8977	653.3093	513.2589	45.0000	642.3698	95.3935	652.6686	95.0694	658.8866	94.6528	661.8960	94.5833	
23/08/2017	00:35:47	011995	G488093056HLR	L488	S		631.8284	1.0400	0.0000	99.6510	39.7368	0.8230	1.1608	5.0000	26.9743	713.0926	94.8148	21.5194	25.2000	0.9300	0.9296	0.6834	0.0000	713.0000	714.1938	1.0272	-3.3564	99.9602	40.6424	0.8230	0.8270	5.0000	-9999.0000	-9999.0000	-9999.0000	-9999.0000	-9999.0000	-9999.0000	17.2890	1	0	36.0878	1.0000	99	9	-9999.0000	21803	49257	-9999	-9999	36	106	487.3960	3	0.6834	0.6859	-0.0001	41.5269	1.9493	657.1410	528.0478	44.5833	643.7916	95.3935	656.0322	95.0694	660.7063	94.6991	665.0698	94.5139	
23/08/2017	00:36:46	011995	G488093085HLR	L488	S		625.9295	1.0400	0.0000	99.6875	39.7470	0.8230	1.1609	5.0000	25.7592	713.1018	94.7454	23.5183	25.2000	0.9300	0.9296	0.6836	0.0000	713.0000	713.0189	1.0272	-3.3141	100.0540	40.6564	0.8230	0.8268	5.0000	-9999.0000	-9999.0000	-9999.0000	-9999.0000	-9999.0000	-9999.0000	17.0980	3	0	27.2680	1.0000	99	9	-9999.0000	21804	49258	-9999	-9999	37	109	487.5435	3	0.6836	0.6855	-0.0001	41.7887	1.9504	649.1671	527.0765	46.9907	639.3829	95.4398	648.1987	95.0926	655.7279	94.6991	658.6114	94.5370	
23/08/2017	00:37:46	011995	G488089475HLR	L488	S		624.7535	1.0400	0.0000	99.7779	39.7092	0.8230	1.1608	5.0000	28.2889	713.0397	94.8611	25.1686	25.1000	0.9300	0.9296	0.6834	0.0000	713.0000	715.6301	1.0272	-3.4082	99.9550	40.6472	0.8230	0.8264	5.0000	-9999.0000	-9999.0000	-9999.0000	-9999.0000	-9999.0000	-9999.0000	18.2882	5	0	32.3087	1.0000	99	9	-9999.0000	21805	49259	-9999	-9999	38	112	487.3252	3	0.6834	0.6861	-0.0001	41.3894	1.9637	647.2541	531.4861	45.5093	637.3259	95.3935	646.3489	95.0694	652.2848	94.6759	655.8081	94.5602	
23/08/2017	00:38:51	011995	G488088662HLR	L488	S		627.7285	1.0400	0.0000	99.7186	39.7212	0.8230	1.1608	5.0000	27.8178	713.0315	94.8843	16.3497	25.3000	0.9300	0.9297	0.6833	0.0000	713.0000	716.5880	1.0272	-3.4428	99.7654	40.6375	0.8230	0.8269	5.0000	-9999.0000	-9999.0000	-9999.0000	-9999.0000	-9999.0000	-9999.0000	17.4186	7	0	33.9682	1.0000	99	9	-9999.0000	21806	49260	-9999	-9999	39	114	487.2495	3	0.6833	0.6853	-0.0001	41.4320	1.9586	666.6746	518.8504	45.4398	653.2349	95.4398	665.8693	95.2546	672.1785	94.6759	676.1208	94.5139	
23/08/2017	00:39:53	011995	G488093159HLR	L488	S		613.8543	1.0400	0.0000	99.6888	39.7545	0.8230	1.1610	5.0000	25.5386	713.0494	94.8380	21.3592	25.2000	0.9300	0.9296	0.6830	0.0000	713.0000	711.6943	1.0272	-3.2663	100.0609	40.6455	0.8230	0.8271	5.0000	-9999.0000	-9999.0000	-9999.0000	-9999.0000	-9999.0000	-9999.0000	17.1461	1	0	31.3792	1.0000	99	9	-9999.0000	21806	49261	-9999	-9999	40	117	487.0283	3	0.6830	0.6860	-0.0001	41.4171	1.9598	646.5582	542.0245	47.9167	619.4118	95.4861	644.4954	94.8611	653.9781	94.6065	659.6405	94.7222	
23/08/2017	00:40:54	011995	G488093169HLR	L488	S		628.8083	1.0400	0.0000	99.9888	39.7145	0.8230	1.1608	5.0000	27.6655	713.0273	94.7917	23.0290	25.2000	0.9300	0.9296	0.6827	0.0000	713.0000	713.2663	1.0272	-3.3230	99.8268	40.6444	0.8230	0.8270	5.0000	-9999.0000	-9999.0000	-9999.0000	-9999.0000	-9999.0000	-9999.0000	17.1282	3	0	32.0980	1.0000	99	9	-9999.0000	21807	49262	-9999	-9999	41	120	486.8056	3	0.6827	0.6837	-0.0000	42.1452	1.9356	652.7945	518.2365	45.9954	643.9383	95.4167	652.3027	95.0694	657.7133	94.6759	660.7888	94.5370	
23/08/2017	00:42:01	011995	G488093059HLR	L488	S		627.4524	1.0400	0.0000	99.6973	39.7178	0.8230	1.1608	5.0000	27.8421	713.0866	94.9537	20.4383	25.2000	0.9300	0.9296	0.6830	0.0000	713.0000	712.0280	1.0272	-3.2783	99.8345	40.6396	0.8230	0.8270	5.0000	-9999.0000	-9999.0000	-9999.0000	-9999.0000	-9999.0000	-9999.0000	17.3786	5	0	35.7176	1.0000	99	9	-9999.0000	21808	49263	-9999	-9999	42	123	487.0686	3	0.6830	0.6838	-0.0000	41.1423	1.9865	655.9191	521.5976	45.9491	645.1057	95.3472	654.9345	95.0231	660.7596	94.6528	664.8737	94.5602	
23/08/2017	00:43:07	011995	G488093184HLR	L488	S		631.3983	1.0400	0.0000	100.0069	39.7434	0.8230	1.1609	5.0000	26.2680	713.0972	94.8843	21.1493	25.2000	0.9300	0.9296	0.6827	0.0000	713.0000	714.1503	1.0272	-3.3549	100.0372	40.6480	0.8230	0.8266	5.0000	-9999.0000	-9999.0000	-9999.0000	-9999.0000	-9999.0000	-9999.0000	17.1287	7	0	35.0895	1.0000	99	9	-9999.0000	21809	49264	-9999	-9999	43	126	486.9348	3	0.6827	0.6835	-0.0000	40.9769	1.9721	655.8060	511.2693	46.6667	645.3874	95.3935	655.1423	95.0463	660.5446	94.6759	663.3500	94.5370	
23/08/2017	00:44:10	011995	G488093185HLR	L488	S		628.6529	1.0400	0.0000	99.7799	39.7124	0.8230	1.1608	5.0000	27.8079	713.0391	94.8843	24.8190	25.1000	0.9300	0.9296	0.6828	0.0000	713.0000	713.9170	1.0272	-3.3464	99.9452	40.6335	0.8230	0.8258	5.0000	-9999.0000	-9999.0000	-9999.0000	-9999.0000	-9999.0000	-9999.0000	17.2989	1	0	32.9787	1.0000	99	9	-9999.0000	21810	49265	-9999	-9999	44	129	486.8868	3	0.6828	0.6842	-0.0001	69.5876	0.8270	650.2334	508.4841	46.4352	640.0312	95.3704	649.5229	95.0926	654.7451	94.6991	657.4963	94.5602	
23/08/2017	00:45:12	011995	G488092364HLR	L488	S		625.6163	1.0400	0.0000	99.9485	39.7153	0.8230	1.1608	5.0000	27.4923	713.0453	94.7917	24.1891	25.1000	0.9300	0.9296	0.6829	0.0000	713.0000	713.4603	1.0272	-3.3300	100.0510	40.6185	0.8230	0.8255	5.0000	-9999.0000	-9999.0000	-9999.0000	-9999.0000	-9999.0000	-9999.0000	17.1667	3	0	31.0787	1.0000	99	9	-9999.0000	21811	49266	-9999	-9999	45	132	486.9681	3	0.6829	0.6842	-0.0001	41.8821	1.9494	648.5115	545.7099	46.9213	639.2159	95.4630	647.3598	95.0694	652.1594	94.6759	655.2878	94.5833	
23/08/2017	00:46:16	011995	G488093150HLR	L488	S		627.9267	1.0400	0.0000	99.7736	39.7164	0.8230	1.1608	5.0000	27.4684	713.0728	94.8380	22.0486	25.2000	0.9300	0.9296	0.6827	0.0000	713.0000	712.3073	1.0272	-3.2884	99.8978	40.6047	0.8230	0.8252	5.0000	-9999.0000	-9999.0000	-9999.0000	-9999.0000	-9999.0000	-9999.0000	17.4577	5	0	32.6182	1.0000	99	9	-9999.0000	21812	49267	-9999	-9999	46	135	486.8571	3	0.6827	0.6821	0.0000	59.5182	1.1323	652.0013	518.1607	46.4352	640.6746	95.3935	651.4511	95.0231	656.9201	94.6528	660.6655	94.5833	
23/08/2017	00:47:12	011995	G488092352HLR	L488	S		627.8679	1.0400	0.0000	99.9515	39.7152	0.8230	1.1608	5.0000	27.6515	713.0870	94.9537	20.1786	25.4000	0.9300	0.9297	0.6825	0.0000	713.0000	710.4856	1.0272	-3.2227	99.9837	40.5865	0.8230	0.8251	5.0000	-9999.0000	-9999.0000	-9999.0000	-9999.0000	-9999.0000	-9999.0000	17.2788	7	0	26.1132	1.0000	99	9	-9999.0000	21813	49268	-9999	-9999	47	138	486.7553	3	0.6825	0.6832	-0.0000	83.8696	0.1083	655.6391	519.8011	46.2269	643.0233	95.3935	654.8326	94.9537	659.2913	94.6528	663.7423	94.6528	
23/08/2017	00:48:08	011995	G488093157HLR	L488	S		629.0081	1.0400	0.0000	99.9058	39.7159	0.8230	1.1608	5.0000	28.0975	713.0308	94.8611	21.6990	25.3000	0.9300	0.9296	0.6826	0.0000	713.0000	711.1946	1.0272	-3.2483	100.0441	40.6329	0.8230	0.8257	5.0000	-9999.0000	-9999.0000	-9999.0000	-9999.0000	-9999.0000	-9999.0000	17.4990	1	0	25.2780	1.0000	99	9	-9999.0000	21813	49269	-9999	-9999	48	141	486.7248	3	0.6826	0.6940	-0.0005	75.4806	0.4599	654.8224	547.4286	47.3380	644.4669	95.4167	653.9901	95.0463	658.9324	94.6759	662.9340	94.5602	
23/08/2017	00:49:04	011995	G488090611HLR	L488	S		643.3008	1.0400	0.0000	99.5776	39.7189	0.8230	1.1607	5.0000	27.3876	713.0653	95.0000	15.1593	25.3000	0.9300	0.9296	0.6827	0.0000	713.0000	712.0002	1.0272	-3.2773	100.0799	40.6477	0.8230	0.8266	5.0000	-9999.0000	-9999.0000	-9999.0000	-9999.0000	-9999.0000	-9999.0000	17.1082	3	0	25.2583	1.0000	99	9	-9999.0000	21814	49270	-9999	-9999	49	144	486.8687	3	0.6827	0.6966	-0.0006	60.6676	1.0890	671.3890	521.9765	44.1435	659.9626	95.2546	670.3430	94.9769	676.4160	94.6528	679.6225	94.5602	
23/08/2017	01:01:41	011995	G488092341HLR	L488	S		0.0000	0.0000	0.0000	0.0000	0.0000	0.8230	0.0000	0.0000	0.0000	0.0000	0.0000	0.0000	0.0000	0.9300	0.0000	0.0000	0.0000	0.0000	0.0000	0.0000	0.0000	0.0000	0.0000	0.8230	0.0000	0.0000	0.0000	0.0000	0.0000	0.0000	0.0000	0.0000	0.0000	0	42	25.2583	1.0000	99	9	0.0000	0	0	0	0	0	0	0.0000	0	0.0000	0.0000	0.0000	0.0000	0.0000	0.0000	0.0000	0.0000	0.0000	0.0000	0.0000	0.0000	0.0000	0.0000	0.0000	0.0000	
23/08/2017	01:02:28	011995	G488092347HLR	L488	S		527.9357	1.0400	0.0000	99.9416	39.7215	0.8230	1.1610	5.0000	28.0913	0.0000	0.0000	0.0000	0.0000	0.9300	0.0000	0.0000	0.0000	0.0000	530.1914	1.0272	7.7238	100.0346	40.6099	0.8230	0.8273	5.0000	-9999.0000	-9999.0000	-9999.0000	-9999.0000	-9999.0000	-9999.0000	17.2988	5	7	25.5287	1.0000	99	9	-9999.0000	21815	0	-9999	-9999	50	147	0.0000	0	0.0000	0.0000	0.0000	0.0000	0.0000	0.0000	0.0000	0.0000	0.0000	0.0000	0.0000	0.0000	0.0000	0.0000	0.0000	0.0000	
23/08/2017	01:03:29	011995	G488092383HLR	L488	S		486.8922	1.0400	0.0000	99.8108	39.7297	0.8230	1.1612	5.0000	27.8980	0.0000	0.0000	0.0000	0.0000	0.9300	0.0000	0.0000	0.0000	0.0000	497.5604	1.0272	7.9431	99.9404	40.5702	0.8230	0.8276	5.0000	-9999.0000	-9999.0000	-9999.0000	-9999.0000	-9999.0000	-9999.0000	17.5787	7	7	30.4686	1.0000	99	9	-9999.0000	21816	0	-9999	-9999	51	150	0.0000	0	0.0000	0.0000	0.0000	0.0000	0.0000	0.0000	0.0000	0.0000	0.0000	0.0000	0.0000	0.0000	0.0000	0.0000	0.0000	0.0000	
23/08/2017	01:05:22	011995	G488092348HLR	L488	S		492.5530	1.0400	0.0000	99.9886	39.7312	0.8230	1.1612	5.0000	28.1880	0.0000	0.0000	0.0000	0.0000	0.9300	0.0000	0.0000	0.0000	0.0000	517.8863	1.0272	7.8491	99.8717	40.5762	0.8230	0.8275	5.0000	-9999.0000	-9999.0000	-9999.0000	-9999.0000	-9999.0000	-9999.0000	17.0222	1	7	25.4585	1.0000	99	9	-9999.0000	21817	0	-9999	-9999	52	153	0.0000	0	0.0000	0.0000	0.0000	0.0000	0.0000	0.0000	0.0000	0.0000	0.0000	0.0000	0.0000	0.0000	0.0000	0.0000	0.0000	0.0000	
23/08/2017	01:07:33	011995	G488092340HLR	L488	S		629.6597	1.0400	0.0000	99.7137	39.4089	0.8230	1.1614	5.0000	27.2185	713.0415	95.0231	19.5185	25.3000	0.9300	0.9297	0.6834	0.0000	713.0000	715.0195	1.0272	-3.3862	100.0114	40.5565	0.8230	0.8266	5.0000	-9999.0000	-9999.0000	-9999.0000	-9999.0000	-9999.0000	-9999.0000	17.2598	3	0	26.5185	1.0000	99	9	-9999.0000	21818	49271	-9999	-9999	53	156	487.3190	3	0.6834	0.6880	-0.0002	67.8956	0.7357	658.8558	499.6061	45.6944	646.8777	95.1157	657.9734	94.9074	664.5323	94.6759	668.3076	94.6991	
23/08/2017	01:08:30	011995	G488094867HLR	L488	S		637.5132	1.0400	0.0000	99.6591	39.6195	0.8230	1.1612	5.0000	25.6588	713.0271	94.9537	14.3000	25.3000	0.9300	0.9298	0.6834	0.0000	713.0000	714.0436	1.0272	-3.3510	99.9801	40.5937	0.8230	0.8273	5.0000	-9999.0000	-9999.0000	-9999.0000	-9999.0000	-9999.0000	-9999.0000	17.1781	5	0	25.3785	1.0000	99	9	-9999.0000	21819	49272	-9999	-9999	54	159	487.3146	3	0.6834	0.6880	-0.0002	67.8956	0.7357	672.3191	545.9083	49.7917	662.7516	95.6019	671.3881	95.3241	677.2321	94.7222	680.2410	94.5370	
23/08/2017	01:09:30	011995	G488094887HLR	L488	S		634.7077	1.0400	0.0000	99.7870	39.4678	0.8230	1.1611	5.0000	27.6584	713.0456	94.9769	15.6300	25.3000	0.9300	0.9298	0.6831	0.0000	713.0000	714.7361	1.0272	-3.3760	100.0288	40.5562	0.8230	0.8265	5.0000	-9999.0000	-9999.0000	-9999.0000	-9999.0000	-9999.0000	-9999.0000	17.2506	7	0	30.4466	1.0000	99	9	-9999.0000	21820	49273	-9999	-9999	55	162	487.1109	3	0.6831	0.6864	-0.0002	74.3084	0.4574	667.5886	541.4855	46.6435	656.9035	95.2546	666.8010	95.0463	673.2702	94.6991	676.3185	94.5602	
23/08/2017	01:10:36	011995	G488094888HLR	L488	S		649.6666	1.0400	0.0000	99.9645	39.4667	0.8230	1.1611	5.0000	28.7686	713.0481	94.9074	10.6293	25.3000	0.9300	0.9297	0.6831	0.0000	713.0000	710.0593	1.0272	-3.2073	100.0712	40.5444	0.8230	0.8262	5.0000	-9999.0000	-9999.0000	-9999.0000	-9999.0000	-9999.0000	-9999.0000	17.3568	1	0	30.7643	1.0000	99	9	-9999.0000	21821	49274	-9999	-9999	56	165	487.1462	3	0.6831	0.6840	-0.0000	64.9683	0.8830	681.1550	530.7424	47.0370	670.1287	95.2083	680.6709	95.0000	686.6375	94.6528	690.8700	94.5602	
23/08/2017	01:11:37	011995	G488094816HLR	L488	S		640.7330	1.0400	0.0000	99.6269	39.6477	0.8230	1.1610	5.0000	26.7689	713.0415	94.9769	13.8098	25.3000	0.9300	0.9298	0.6829	0.0000	713.0000	711.8973	1.0272	-3.2736	100.0376	40.5753	0.8230	0.8269	5.0000	-9999.0000	-9999.0000	-9999.0000	-9999.0000	-9999.0000	-9999.0000	17.4278	3	0	30.7679	1.0000	99	9	-9999.0000	21822	49275	-9999	-9999	57	168	486.9376	3	0.6829	0.6826	0.0000	66.2926	0.8157	673.0791	529.5112	44.8611	660.6696	95.2315	672.3993	94.9537	678.1854	94.6759	681.6344	94.5833	
23/08/2017	01:12:07	011995	G488094865HLR	L488	S		621.6650	1.0400	0.0000	99.8030	39.6798	0.8230	1.1613	5.0000	27.4984	713.0364	94.7454	24.0485	25.1000	0.9300	0.9294	0.6833	0.0000	713.0000	712.8483	1.0272	-3.3079	100.0409	40.5677	0.8230	0.8268	5.0000	-9999.0000	-9999.0000	-9999.0000	-9999.0000	-9999.0000	-9999.0000	17.2282	4	0	30.5081	1.0000	99	9	-9999.0000	21823	49275	-9999	-9999	58	170	486.9536	3	0.6833	0.6853	-0.0001	49.4048	1.5914	647.8795	548.5363	47.8704	639.5426	95.5556	647.0261	95.2778	652.9089	94.7222	656.3667	94.5602	
23/08/2017	01:12:38	011995	G488094868HLR	L488	S		633.6949	1.0400	0.0000	99.8054	39.7456	0.8230	1.1612	5.0000	27.1461	713.0278	94.8843	18.2490	25.1000	0.9300	0.9293	0.6833	0.0000	713.0000	713.3946	1.0272	-3.3276	100.0300	40.5673	0.8230	0.8266	5.0000	-9999.0000	-9999.0000	-9999.0000	-9999.0000	-9999.0000	-9999.0000	17.2689	5	0	30.7787	1.0000	99	9	-9999.0000	21824	49276	-9999	-9999	59	171	487.2177	3	0.6833	0.6853	-0.0001	49.4048	1.5914	660.4065	546.8211	47.9167	650.0326	95.4398	659.6966	95.1389	666.4359	94.5602	669.1557	94.6296	
23/08/2017	01:13:09	011995	G488094795HLR	L488	S		641.0899	1.0400	0.0000	100.0863	39.7444	0.8230	1.1609	5.0000	27.7679	713.0563	94.9306	16.2491	25.1000	0.9300	0.9293	0.6833	0.0000	713.0000	716.2895	1.0272	-3.4320	100.0434	40.5664	0.8230	0.8261	5.0000	-9999.0000	-9999.0000	-9999.0000	-9999.0000	-9999.0000	-9999.0000	18.0980	6	0	31.3381	1.0000	99	9	-9999.0000	21825	49277	-9999	-9999	60	172	487.2564	3	0.6833	0.6853	-0.0001	49.4048	1.5914	671.2561	524.4131	47.1065	660.1765	95.2778	670.9613	95.0463	675.1539	94.5833	678.6357	94.5833	
23/08/2017	01:13:40	011995	G488094805HLR	L488	S		633.1566	1.0400	0.0000	99.7780	39.7471	0.8230	1.1614	5.0000	27.1456	713.0722	94.9537	19.2891	25.1000	0.9300	0.9294	0.6835	0.0000	713.0000	714.0965	1.0272	-3.3529	99.8625	40.5621	0.8230	0.8262	5.0000	-9999.0000	-9999.0000	-9999.0000	-9999.0000	-9999.0000	-9999.0000	17.2487	7	0	30.3890	1.0000	99	9	-9999.0000	21826	49278	-9999	-9999	61	174	487.4574	3	0.6835	0.6846	-0.0001	44.6184	1.8997	660.5991	540.8772	46.1111	650.5043	95.3935	659.5214	95.2083	665.7141	94.6759	668.8970	94.5370	
23/08/2017	01:14:10	011995	G488094797HLR	L488	S		635.1359	1.0400	0.0000	99.9824	39.7695	0.8230	1.1610	5.0000	27.8284	713.0230	94.8380	18.3691	25.1000	0.9300	0.9293	0.6835	0.0000	713.0000	716.7588	1.0272	-3.4489	99.7730	40.5680	0.8230	0.8263	5.0000	-9999.0000	-9999.0000	-9999.0000	-9999.0000	-9999.0000	-9999.0000	17.0916	8	0	29.8977	1.0000	99	9	-9999.0000	21827	49278	-9999	-9999	62	176	487.3939	3	0.6835	0.6847	-0.0001	43.6245	1.9728	665.5398	536.6475	45.2315	655.4553	95.3472	664.7479	95.0694	669.5981	94.6065	672.9570	94.5833	
23/08/2017	01:14:40	011995	G488094806HLR	L488	S		635.9620	1.0400	0.0000	99.9604	39.7951	0.8230	1.1610	5.0000	27.4691	713.0705	94.9769	14.6193	25.2000	0.9300	0.9293	0.6835	0.0000	713.0000	713.9206	1.0272	-3.3466	99.7627	40.5642	0.8230	0.8260	5.0000	-9999.0000	-9999.0000	-9999.0000	-9999.0000	-9999.0000	-9999.0000	17.1687	1	0	30.1487	1.0000	99	9	-9999.0000	21828	49278	-9999	-9999	63	178	487.4291	3	0.6835	0.6847	-0.0001	43.6245	1.9728	670.0841	570.7840	49.0972	661.8198	95.3241	669.2041	95.0463	675.3718	94.5833	678.9892	94.5833	
23/08/2017	01:15:10	011995	G488094807HLR	L488	S		634.9039	1.0400	0.0000	99.7917	39.8000	0.8230	1.1609	5.0000	27.7777	713.0857	94.8611	16.8292	25.2000	0.9300	0.9294	0.6830	0.0000	713.0000	711.1856	1.0272	-3.2479	100.0455	40.5663	0.8230	0.8255	5.0000	-9999.0000	-9999.0000	-9999.0000	-9999.0000	-9999.0000	-9999.0000	17.4906	2	0	30.5889	1.0000	99	9	-9999.0000	21829	49279	-9999	-9999	64	180	487.1311	3	0.6830	0.6846	-0.0001	43.2832	1.9950	664.7807	539.6628	47.5463	655.7759	95.3472	664.2010	95.1852	668.9538	94.6528	672.7217	94.5833	
23/08/2017	01:15:40	011995	G488094793HLR	L488	S		634.8061	1.0400	0.0000	99.9790	39.8062	0.8230	1.1609	5.0000	28.3177	713.0575	94.7454	17.6787	25.2000	0.9300	0.9293	0.6828	0.0000	713.0000	712.3407	1.0272	-3.2896	99.9556	40.5663	0.8230	0.8253	5.0000	-9999.0000	-9999.0000	-9999.0000	-9999.0000	-9999.0000	-9999.0000	17.1485	3	0	29.6980	1.0000	99	9	-9999.0000	21830	49279	-9999	-9999	65	182	486.9696	3	0.6828	0.6857	-0.0002	41.0839	2.1425	663.7649	552.3162	46.7593	652.8465	95.2546	663.1605	95.0463	667.3262	94.6065	670.5757	94.5833	
23/08/2017	01:16:11	011995	G488094808HLR	L488	S		627.6039	1.0400	0.0000	100.1269	39.8285	0.8230	1.1609	5.0000	27.3878	713.0818	94.8843	19.0087	25.2000	0.9300	0.9293	0.6826	0.0000	713.0000	714.7659	1.0272	-3.3771	100.0135	40.5725	0.8230	0.8251	5.0000	-9999.0000	-9999.0000	-9999.0000	-9999.0000	-9999.0000	-9999.0000	17.3792	4	0	30.9885	1.0000	99	9	-9999.0000	21830	49280	-9999	-9999	66	184	486.7222	3	0.6826	0.6853	-0.0002	49.8267	1.7041	659.7410	529.0207	46.1111	652.4187	95.3241	658.6997	95.1389	665.7774	94.6296	669.6982	94.5370	
23/08/2017	01:16:42	011995	G488094799HLR	L488	S		631.1661	1.0400	0.0000	100.1537	39.8412	0.8230	1.1611	5.0000	26.0952	713.0628	94.8843	18.8789	25.1000	0.9300	0.9292	0.6828	0.0000	713.0000	713.1071	1.0272	-3.3172	99.8731	40.5874	0.8230	0.8250	5.0000	-9999.0000	-9999.0000	-9999.0000	-9999.0000	-9999.0000	-9999.0000	17.1873	5	0	31.3275	1.0000	99	9	-9999.0000	21830	49281	-9999	-9999	67	186	486.8048	3	0.6828	0.6860	-0.0002	43.4943	1.9808	659.9912	567.3394	49.2130	650.0014	95.3704	659.2290	95.0926	665.3331	94.6065	667.8652	94.5602	
23/08/2017	01:17:12	011995	G488094815HLR	L488	S		631.9150	1.0400	0.0000	100.1274	39.8378	0.8230	1.1609	5.0000	27.1381	713.0547	94.8380	19.6688	25.2000	0.9300	0.9292	0.6831	0.0000	713.0000	712.7986	1.0272	-3.3061	99.8958	40.5920	0.8230	0.8251	5.0000	-9999.0000	-9999.0000	-9999.0000	-9999.0000	-9999.0000	-9999.0000	17.1487	6	0	29.2289	1.0000	99	9	-9999.0000	21831	49282	-9999	-9999	68	188	486.9449	3	0.6831	0.6865	-0.0002	43.2453	1.9860	658.9666	551.0605	45.9491	651.0542	95.4167	657.9750	95.0231	662.8903	94.5833	667.5746	94.6065	
23/08/2017	01:17:42	011995	G488094800HLR	L488	S		630.5404	1.0400	0.0000	100.1066	39.8431	0.8230	1.1610	5.0000	27.0883	713.0436	94.8611	18.7285	25.1000	0.9300	0.9292	0.6826	0.0000	713.0000	716.3973	1.0272	-3.4359	100.1046	40.5924	0.8230	0.8251	5.0000	-9999.0000	-9999.0000	-9999.0000	-9999.0000	-9999.0000	-9999.0000	17.2682	7	0	30.1087	1.0000	99	9	-9999.0000	21831	49283	-9999	-9999	69	190	487.0940	3	0.6826	0.6838	-0.0001	43.2538	1.9869	664.8708	539.6432	47.8472	655.1599	95.3935	664.0271	95.1157	668.4273	94.6065	671.8485	94.5833	
23/08/2017	01:18:13	011995	G488094801HLR	L488	S		636.4512	1.0400	0.0000	100.1374	39.8603	0.8230	1.1609	5.0000	26.7387	713.0693	94.7685	17.8584	25.1000	0.9300	0.9292	0.6826	0.0000	713.0000	712.7767	1.0272	-3.3053	100.0648	40.6088	0.8230	0.8251	5.0000	-9999.0000	-9999.0000	-9999.0000	-9999.0000	-9999.0000	-9999.0000	17.1185	8	0	31.6076	1.0000	99	9	-9999.0000	21831	49284	-9999	-9999	70	192	486.7801	3	0.6826	0.6838	-0.0001	43.2538	1.9869	664.9761	545.1357	48.3565	655.7323	95.3241	663.5784	94.9769	668.0922	94.5602	672.1845	94.5833	
23/08/2017	01:18:45	011995	G488094809HLR	L488	S		628.7820	1.0400	0.0000	100.1002	39.8587	0.8230	1.1609	5.0000	28.0237	713.0360	95.0000	20.4589	25.1000	0.9300	0.9292	0.6824	0.0000	713.0000	713.5172	1.0272	-3.3320	100.0756	40.6224	0.8230	0.8252	5.0000	-9999.0000	-9999.0000	-9999.0000	-9999.0000	-9999.0000	-9999.0000	17.1666	1	0	31.3587	1.0000	99	9	-9999.0000	21831	49285	-9999	-9999	71	194	486.6315	3	0.6824	0.6833	-0.0000	54.4743	1.3962	655.3642	542.5411	46.6204	647.6562	95.3472	654.5390	95.0926	660.9263	94.6065	664.0885	94.5833	
23/08/2017	01:19:24	011995	G488094810HLR	L488	S		628.4076	1.0400	0.0000	100.1765	39.8814	0.8230	1.1610	5.0000	26.7085	713.0600	94.8843	16.3487	25.0000	0.9300	0.9292	0.6824	0.0000	713.0000	712.8642	1.0272	-3.3085	99.9836	40.6167	0.8230	0.8249	5.0000	-9999.0000	-9999.0000	-9999.0000	-9999.0000	-9999.0000	-9999.0000	17.5516	2	0	39.6277	1.0000	99	9	-9999.0000	21831	49286	-9999	-9999	72	196	486.6706	3	0.6824	0.6833	-0.0000	54.4743	1.3962	664.1766	545.8129	48.4259	655.9626	95.2546	663.3704	94.7917	669.1828	94.4907	673.3058	94.7222	
23/08/2017	01:19:56	011995	G488094859HLR	L488	S		624.5789	1.0400	0.0000	100.2001	39.8934	0.8230	1.1610	5.0000	26.1986	713.0386	95.0463	14.8996	25.1000	0.9300	0.9293	0.6821	0.0000	713.0000	717.3969	1.0272	-3.4719	100.0836	40.6216	0.8230	0.8250	5.0000	-9999.0000	-9999.0000	-9999.0000	-9999.0000	-9999.0000	-9999.0000	17.2594	3	0	32.0978	1.0000	99	9	-9999.0000	21831	49287	-9999	-9999	73	198	486.4297	3	0.6821	0.6845	-0.0001	51.8365	1.5812	671.9845	558.2817	45.5787	660.7357	95.2546	671.0653	95.0694	676.4510	94.5833	681.1018	94.5602	
23/08/2017	01:20:27	011995	G488093486HLR	L488	S		641.0309	1.0400	0.0000	100.1213	39.8910	0.8230	1.1609	5.0000	27.1293	713.0727	94.9306	13.6487	25.1000	0.9300	0.9294	0.6824	0.0000	713.0000	711.9906	1.0272	-3.2770	99.7333	40.6268	0.8230	0.8260	5.0000	-9999.0000	-9999.0000	-9999.0000	-9999.0000	-9999.0000	-9999.0000	17.6087	4	0	30.1586	1.0000	99	9	-9999.0000	21831	49287	-9999	-9999	74	200	486.6349	3	0.6824	0.6882	-0.0003	55.4960	1.3772	672.4747	531.4331	45.7176	662.4126	95.2546	671.3082	95.0694	678.5875	94.6296	682.4681	94.6065	
23/08/2017	01:20:58	011995	G488093484HLR	L488	S		636.6473	1.0400	0.0000	100.1489	39.8977	0.8230	1.1608	5.0000	28.5686	713.0656	95.0000	14.5197	25.2000	0.9300	0.9294	0.6823	0.0000	713.0000	712.8625	1.0272	-3.3084	99.7972	40.6259	0.8230	0.8262	5.0000	-9999.0000	-9999.0000	-9999.0000	-9999.0000	-9999.0000	-9999.0000	17.2584	5	0	31.6085	1.0000	99	9	-9999.0000	21832	49288	-9999	-9999	75	202	486.6031	3	0.6823	0.6880	-0.0003	52.6134	1.5544	671.7102	538.0719	48.0787	663.6620	95.2315	670.7677	95.0231	676.5527	94.6065	680.3016	94.6065	
23/08/2017	01:21:28	011995	G488093472HLR	L488	S		617.9475	1.0400	0.0000	100.1016	39.9050	0.8230	1.1609	5.0000	28.3684	713.0691	94.7222	28.6986	25.0000	0.9300	0.9293	0.6822	0.0000	713.0000	714.9885	1.0272	-3.3851	100.0553	40.6167	0.8230	0.8257	5.0000	-9999.0000	-9999.0000	-9999.0000	-9999.0000	-9999.0000	-9999.0000	17.3088	6	0	29.3882	1.0000	99	9	-9999.0000	21833	49289	-9999	-9999	76	204	486.7816	3	0.6822	0.6913	-0.0005	79.2660	0.1611	640.6250	513.7118	46.3194	634.0057	95.4398	640.0674	95.1389	645.4140	94.6991	648.9702	94.5833	
23/08/2017	01:21:57	011995	G488093501HLR	L488	S		617.8441	1.0400	0.0000	100.1524	39.9148	0.8230	1.1609	5.0000	27.7289	713.0750	94.8148	16.9190	25.1000	0.9300	0.9292	0.6822	0.0000	713.0000	710.6626	1.0272	-3.2291	99.8828	40.6164	0.8230	0.8255	5.0000	-9999.0000	-9999.0000	-9999.0000	-9999.0000	-9999.0000	-9999.0000	17.1988	7	0	29.7593	1.0000	99	9	-9999.0000	21834	49290	-9999	-9999	76	206	486.4873	3	0.6822	0.6913	-0.0005	79.2660	0.1611	665.2669	558.6014	46.9213	652.9622	95.3704	664.5653	94.8611	668.6962	94.4676	673.6774	94.7917	
23/08/2017	01:22:25	011995	G488093158HLR	L488	S		646.4016	1.0400	0.0000	100.1333	39.9156	0.8230	1.1608	5.0000	29.1390	713.0662	94.8843	14.0686	25.1000	0.9300	0.9293	0.6820	0.0000	713.0000	712.4520	1.0272	-3.2936	99.8790	40.6150	0.8230	0.8250	5.0000	-9999.0000	-9999.0000	-9999.0000	-9999.0000	-9999.0000	-9999.0000	17.1776	8	0	27.7379	1.0000	99	9	-9999.0000	21835	49291	-9999	-9999	77	208	486.4015	3	0.6820	0.6866	-0.0002	65.0677	0.9390	675.5822	553.5317	47.3380	666.1596	95.2546	674.3120	95.0694	679.0655	94.5833	682.7194	94.5833	
23/08/2017	01:22:56	011995	G488093075HLR	L488	S		633.9918	1.0400	0.0000	100.1263	39.9333	0.8230	1.1609	5.0000	27.1381	713.0620	94.9537	20.4393	25.1000	0.9300	0.9294	0.6819	0.0000	713.0000	713.2014	1.0272	-3.3206	100.0177	40.6246	0.8230	0.8248	5.0000	-9999.0000	-9999.0000	-9999.0000	-9999.0000	-9999.0000	-9999.0000	17.5993	1	0	30.6581	1.0000	99	9	-9999.0000	21836	49292	-9999	-9999	78	210	486.2769	3	0.6819	0.6854	-0.0002	55.4620	1.4349	659.4485	560.1416	47.1759	651.5840	95.4630	658.8945	95.1852	662.7429	94.6528	667.0693	94.5833	
23/08/2017	01:23:24	011995	G488093074HLR	L488	S		637.1882	1.0400	0.0000	100.1969	39.9333	0.8230	1.1608	5.0000	28.6380	713.0575	94.7917	17.0782	25.1000	0.9300	0.9293	0.6821	0.0000	713.0000	711.7085	1.0272	-3.2668	99.7318	40.6520	0.8230	0.8249	5.0000	-9999.0000	-9999.0000	-9999.0000	-9999.0000	-9999.0000	-9999.0000	17.5690	2	0	28.2787	1.0000	99	9	-9999.0000	21837	49292	-9999	-9999	79	212	486.2791	3	0.6821	0.6857	-0.0002	61.2734	1.2169	664.7357	559.4246	46.2731	656.9284	95.4398	664.3265	95.0463	670.1679	94.6065	673.8160	94.5370	
23/08/2017	01:23:55	011995	G488093063HLR	L488	S		622.6724	1.0400	0.0000	100.1661	39.9367	0.8230	1.1609	5.0000	26.3286	713.0634	94.6759	17.6484	25.1000	0.9300	0.9293	0.6820	0.0000	713.0000	713.8493	1.0272	-3.3440	99.9068	40.6577	0.8230	0.8252	5.0000	-9999.0000	-9999.0000	-9999.0000	-9999.0000	-9999.0000	-9999.0000	17.1990	3	0	30.7884	1.0000	99	9	-9999.0000	21838	49293	-9999	-9999	80	214	486.4285	3	0.6820	0.6852	-0.0002	55.8654	1.4842	662.3119	555.2325	47.7315	646.4358	95.3704	661.3240	95.0463	669.1431	94.6065	672.1659	94.5833	
23/08/2017	01:24:26	011995	G488093487HLR	L488	S		644.2319	1.0400	0.0000	100.2332	39.9370	0.8230	1.1609	5.0000	26.8164	713.0875	94.9537	12.8196	25.1000	0.9300	0.9292	0.6820	0.0000	713.0000	709.1445	1.0272	-3.1743	99.8193	40.6775	0.8230	0.8256	5.0000	-9999.0000	-9999.0000	-9999.0000	-9999.0000	-9999.0000	-9999.0000	17.1869	4	0	31.5078	1.0000	99	9	-9999.0000	21839	49294	-9999	-9999	81	216	486.3850	3	0.6820	0.6852	-0.0002	55.8654	1.4842	674.9572	539.9684	46.3194	665.5975	95.3009	673.8847	95.0463	680.1634	94.5833	683.8695	94.5602	
23/08/2017	01:24:58	011995	G488093479HLR	L488	S		632.2835	1.0400	0.0000	100.1892	39.9524	0.8230	1.1610	5.0000	24.7044	713.1032	94.9537	13.9387	25.1000	0.9300	0.9293	0.6822	0.0000	713.0000	713.5291	1.0272	-3.3325	99.7968	40.6800	0.8230	0.8255	5.0000	-9999.0000	-9999.0000	-9999.0000	-9999.0000	-9999.0000	-9999.0000	17.2090	5	0	31.3588	1.0000	99	9	-9999.0000	21840	49295	-9999	-9999	82	218	486.5959	3	0.6822	0.6852	-0.0002	56.7295	1.3831	672.8303	548.9151	47.8241	662.8602	95.3009	672.1817	95.1620	678.0716	94.6528	682.4347	94.5833	
23/08/2017	01:25:27	011995	G488093091HLR	L488	S		637.3327	1.0400	0.0000	100.2714	39.9360	0.8230	1.1608	5.0000	27.6381	713.0263	94.9074	16.3390	25.1000	0.9300	0.9294	0.6822	0.0000	713.0000	713.1152	1.0272	-3.3175	100.0306	40.6735	0.8230	0.8254	5.0000	-9999.0000	-9999.0000	-9999.0000	-9999.0000	-9999.0000	-9999.0000	17.1915	6	0	29.0679	1.0000	99	9	-9999.0000	21841	49296	-9999	-9999	83	220	486.4862	3	0.6822	0.6852	-0.0002	57.8231	1.3929	667.6660	540.9822	48.1713	657.6411	95.3009	666.7152	95.1389	671.8272	94.6528	675.1373	94.5833	
23/08/2017	01:26:01	011995	G488093090HLR	L488	S		630.6542	1.0400	0.0000	100.1989	39.9576	0.8230	1.1610	5.0000	25.3090	713.0255	95.0463	15.3292	25.1000	0.9300	0.9293	0.6822	0.0000	713.0000	712.6883	1.0272	-3.3021	99.8392	40.6703	0.8230	0.8252	5.0000	-9999.0000	-9999.0000	-9999.0000	-9999.0000	-9999.0000	-9999.0000	17.2485	7	0	34.6087	1.0000	99	9	-9999.0000	21842	49297	-9999	-9999	84	222	486.4421	3	0.6822	0.6852	-0.0002	57.8231	1.3929	670.2287	547.9251	48.1481	660.7855	95.2778	669.4184	95.1620	674.4803	94.6528	678.1760	94.5602	
23/08/2017	01:26:30	011995	G488093086HLR	L488	S		633.2550	1.0400	0.0000	100.0349	39.9448	0.8230	1.1608	5.0000	27.8189	713.0918	94.9306	20.6190	25.1000	0.9300	0.9293	0.6828	0.0000	713.0000	714.6972	1.0272	-3.3746	100.0531	40.6826	0.8230	0.8253	5.0000	-9999.0000	-9999.0000	-9999.0000	-9999.0000	-9999.0000	-9999.0000	17.3374	8	0	28.9081	1.0000	99	9	-9999.0000	21843	49298	-9999	-9999	85	223	486.7297	3	0.6828	0.6853	-0.0002	50.4089	1.6664	660.8009	542.7673	48.2176	652.6833	95.3472	660.0833	95.1157	665.3807	94.6296	667.8151	94.5833	
23/08/2017	01:27:02	011995	G488093084HLR	L488	S		633.3427	1.0400	0.0000	99.9482	39.9564	0.8230	1.1608	5.0000	27.0979	713.0636	94.9769	20.4989	25.1000	0.9300	0.9292	0.6827	0.0000	713.0000	714.0947	1.0272	-3.3529	100.0797	40.6487	0.8230	0.8248	5.0000	-9999.0000	-9999.0000	-9999.0000	-9999.0000	-9999.0000	-9999.0000	17.5744	1	0	31.4488	1.0000	99	9	-9999.0000	21844	49299	-9999	-9999	86	225	486.9498	3	0.6827	0.6842	-0.0001	51.2139	1.6278	659.9789	562.4946	49.3056	652.2423	95.3704	659.0837	95.0694	665.2959	94.6065	669.2259	94.5602	
23/08/2017	01:27:30	011995	G488093467HLR	L488	S		643.6271	1.0400	0.0000	100.1557	39.9609	0.8230	1.1608	5.0000	27.6802	713.0375	94.9306	13.1087	25.1000	0.9300	0.9292	0.6827	0.0000	713.0000	709.7625	1.0272	-3.1966	100.0372	40.6670	0.8230	0.8251	5.0000	-9999.0000	-9999.0000	-9999.0000	-9999.0000	-9999.0000	-9999.0000	17.1574	2	0	28.6876	1.0000	99	9	-9999.0000	21845	49300	-9999	-9999	87	226	486.8195	3	0.6827	0.6842	-0.0001	51.2139	1.6278	674.2997	559.6292	47.2917	664.2234	95.1852	673.4848	95.0000	678.8125	94.5602	683.4627	94.5833	
23/08/2017	01:28:02	011995	G488093069HLR	L488	S		631.5224	1.0400	0.0000	100.2825	39.9711	0.8230	1.1609	5.0000	26.1284	713.0845	94.7685	23.6383	25.1000	0.9300	0.9294	0.6827	0.0000	713.0000	718.4565	1.0272	-3.5102	100.0214	40.6668	0.8230	0.8250	5.0000	-9999.0000	-9999.0000	-9999.0000	-9999.0000	-9999.0000	-9999.0000	17.3484	3	0	31.2690	1.0000	99	9	-9999.0000	21846	49301	-9999	-9999	88	228	486.8708	3	0.6827	0.6859	-0.0002	53.3220	1.5346	659.9120	539.7017	48.6343	653.2476	95.3009	659.5454	95.1157	663.9183	94.6759	666.7990	94.6065	
23/08/2017	01:28:32	011995	G488093170HLR	L488	S		637.2375	1.0400	0.0000	100.2281	39.9667	0.8230	1.1607	5.0000	27.9977	713.0040	94.8148	17.8984	25.1000	0.9300	0.9292	0.6824	0.0000	713.0000	712.7793	1.0272	-3.3054	100.0716	40.6843	0.8230	0.8253	5.0000	-9999.0000	-9999.0000	-9999.0000	-9999.0000	-9999.0000	-9999.0000	17.2061	4	0	30.6078	1.0000	99	9	-9999.0000	21847	49302	-9999	-9999	89	229	486.7715	3	0.6824	0.6845	-0.0001	54.9463	1.3267	664.2012	559.6019	46.8056	656.2883	95.2778	663.5314	94.9306	668.2148	94.5370	671.5710	94.6759	
23/08/2017	01:29:03	011995	G488093160HLR	L488	S		638.9634	1.0400	0.0000	100.2647	39.9839	0.8230	1.1609	5.0000	25.8481	713.0663	94.9537	20.6092	25.2000	0.9300	0.9293	0.6827	0.0000	713.0000	714.5078	1.0272	-3.3678	99.9385	40.6739	0.8230	0.8246	5.0000	-9999.0000	-9999.0000	-9999.0000	-9999.0000	-9999.0000	-9999.0000	18.2787	5	0	30.8988	1.0000	99	9	-9999.0000	21848	49303	-9999	-9999	90	230	486.6869	3	0.6827	0.6897	-0.0004	54.8175	1.3331	663.1913	521.7548	47.9630	654.2865	95.3704	662.5497	95.1157	668.2826	94.6296	670.4497	94.5602	
23/08/2017	01:29:33	011995	G488092343HLR	L488	S		636.7844	1.0400	0.0000	100.2293	39.9731	0.8230	1.1608	5.0000	27.2752	713.0112	94.9537	15.8985	25.1000	0.9300	0.9293	0.6827	0.0000	713.0000	712.9175	1.0272	-3.3104	100.0399	40.6859	0.8230	0.8252	5.0000	-9999.0000	-9999.0000	-9999.0000	-9999.0000	-9999.0000	-9999.0000	17.3982	6	0	29.4176	1.0000	99	9	-9999.0000	21849	49304	-9999	-9999	91	232	486.8108	3	0.6827	0.6897	-0.0004	54.8175	1.3331	667.8129	534.7450	47.9167	658.0240	95.3241	666.8915	94.9074	672.1088	94.5139	676.0793	94.6991	
23/08/2017	01:30:03	011995	G488093167HLR	L488	S		636.7024	1.0400	0.0000	100.2249	39.9937	0.8230	1.1609	5.0000	25.7184	713.0449	95.0000	20.3085	25.2000	0.9300	0.9293	0.6824	0.0000	713.0000	714.9452	1.0272	-3.3835	100.0471	40.6873	0.8230	0.8252	5.0000	-9999.0000	-9999.0000	-9999.0000	-9999.0000	-9999.0000	-9999.0000	17.3759	7	0	30.2290	1.0000	99	9	-9999.0000	21850	49305	-9999	-9999	92	233	486.6159	3	0.6824	0.6919	-0.0006	53.5645	1.4303	662.5212	535.6201	46.0880	653.1520	95.3704	661.7427	95.1620	665.6217	94.6528	669.4626	94.5602	
23/08/2017	01:30:33	011995	G488092362HLR	L488	S		643.0928	1.0400	0.0000	100.1526	39.9916	0.8230	1.1608	5.0000	26.2280	713.0340	94.9537	19.3486	25.2000	0.9300	0.9293	0.6823	0.0000	713.0000	718.1737	1.0272	-3.5000	100.0209	40.6939	0.8230	0.8255	5.0000	-9999.0000	-9999.0000	-9999.0000	-9999.0000	-9999.0000	-9999.0000	17.1429	8	0	30.3682	1.0000	99	9	-9999.0000	21851	49306	-9999	-9999	93	234	486.5674	3	0.6823	0.6919	-0.0005	54.5219	1.2812	669.5018	551.3113	48.8426	661.7345	95.3009	668.6571	94.9769	673.2546	94.5833	676.7355	94.6296	
23/08/2017	01:31:04	011995	G488092372HLR	L488	S		637.6854	1.0400	0.0000	100.1365	39.9902	0.8230	1.1607	5.0000	27.6179	713.0842	94.7685	17.7891	25.1000	0.9300	0.9292	0.6823	0.0000	713.0000	714.9873	1.0272	-3.3850	99.9943	40.6906	0.8230	0.8252	5.0000	-9999.0000	-9999.0000	-9999.0000	-9999.0000	-9999.0000	-9999.0000	17.5587	1	0	30.7583	1.0000	99	9	-9999.0000	21852	49307	-9999	-9999	94	235	486.6192	3	0.6823	0.6919	-0.0005	54.5219	1.2812	666.9525	559.8962	47.5000	656.6510	95.3009	665.9350	94.9769	670.4928	94.5833	674.8443	94.6065	
23/08/2017	01:31:36	011995	G488092386HLR	L488	S		641.0648	1.0400	0.0000	100.1680	40.0000	0.8230	1.1607	5.0000	27.9365	713.0491	94.9074	15.3292	25.1000	0.9300	0.9292	0.6821	0.0000	713.0000	712.2613	1.0272	-3.2867	99.9389	40.6976	0.8230	0.8254	5.0000	-9999.0000	-9999.0000	-9999.0000	-9999.0000	-9999.0000	-9999.0000	17.3401	2	0	31.6683	1.0000	99	9	-9999.0000	21853	49307	-9999	-9999	95	237	486.3688	3	0.6821	0.6903	-0.0005	62.2132	0.8989	670.3649	545.4626	48.6111	661.4730	95.2778	669.3783	95.0463	673.6108	94.6065	678.3614	94.5833	
23/08/2017	01:32:09	011995	G488092375HLR	L488	S		626.5258	1.0400	0.0000	100.2721	40.0000	0.8230	1.1608	5.0000	26.3589	713.0637	94.8148	19.3789	25.2000	0.9300	0.9293	0.6815	0.0000	713.0000	713.9330	1.0272	-3.3470	99.8432	40.6728	0.8230	0.8240	5.0000	-9999.0000	-9999.0000	-9999.0000	-9999.0000	-9999.0000	-9999.0000	19.4135	3	0	31.4984	1.0000	99	9	-9999.0000	21854	49308	-9999	-9999	96	239	486.3690	3	0.6815	0.6931	-0.0006	52.6756	1.3259	660.0613	555.5993	46.7593	649.4231	95.4398	660.0558	95.1620	664.0353	94.6528	667.8224	94.5602	
23/08/2017	01:32:40	011995	G488093176HLR	L488	S		640.5038	1.0400	0.0000	100.2169	40.0052	0.8230	1.1608	5.0000	25.9513	713.0678	94.8611	16.2091	25.1000	0.9300	0.9293	0.6815	0.0000	713.0000	711.6866	1.0272	-3.2660	99.8797	40.6881	0.8230	0.8251	5.0000	-9999.0000	-9999.0000	-9999.0000	-9999.0000	-9999.0000	-9999.0000	17.5488	4	0	31.7978	1.0000	99	9	-9999.0000	21855	49309	-9999	-9999	97	241	486.0131	3	0.6815	0.6931	-0.0006	52.6756	1.3259	668.2400	553.0589	47.1528	658.2662	95.3009	667.3692	95.0463	672.2010	94.6065	676.0208	94.5833	
23/08/2017	01:33:06	011995	G488090599HLR	L488	S		683.8040	1.0400	0.0000	100.2278	40.0088	0.8230	1.1607	5.0000	27.3783	0.0000	0.0000	0.0000	0.0000	0.9300	0.0000	0.0000	0.0000	0.0000	672.1410	1.0272	-3.0000	100.0687	40.6912	0.8230	0.8254	5.0000	-9999.0000	-9999.0000	-9999.0000	-9999.0000	-9999.0000	-9999.0000	17.2182	5	8	25.0485	1.0000	99	9	-9999.0000	21856	0	-9999	-9999	98	243	0.0000	0	0.0000	0.0000	0.0000	0.0000	0.0000	0.0000	0.0000	0.0000	0.0000	0.0000	0.0000	0.0000	0.0000	0.0000	0.0000	0.0000	
23/08/2017	01:33:30	011995	G488092349HLR	L488	S		661.2660	1.0400	0.0000	100.1339	40.0170	0.8230	1.1607	5.0000	27.8041	0.0000	0.0000	0.0000	0.0000	0.9300	0.0000	0.0000	0.0000	0.0000	653.1540	1.0272	-3.0000	100.0147	40.6839	0.8230	0.8252	5.0000	-9999.0000	-9999.0000	-9999.0000	-9999.0000	-9999.0000	-9999.0000	17.3684	6	8	24.9684	1.0000	99	9	-9999.0000	21857	0	-9999	-9999	99	244	0.0000	0	0.0000	0.0000	0.0000	0.0000	0.0000	0.0000	0.0000	0.0000	0.0000	0.0000	0.0000	0.0000	0.0000	0.0000	0.0000	0.0000	
23/08/2017	01:34:15	011995	G488092382HLR	L488	S		599.6695	1.0400	0.0000	100.0541	40.0068	0.8230	1.1607	5.0000	28.6868	713.0970	94.8843	12.9993	25.3000	0.9300	0.9297	0.6814	0.0000	713.0000	710.5756	1.0272	-3.2260	99.8206	40.7040	0.8230	0.8250	5.0000	-9999.0000	-9999.0000	-9999.0000	-9999.0000	-9999.0000	-9999.0000	18.5694	7	0	45.3881	1.0000	99	9	-9999.0000	21858	49309	-9999	-9999	100	246	485.9954	3	0.6814	0.6939	-0.0007	46.8305	1.6200	675.3770	528.0958	46.7593	657.2518	94.9769	674.5742	94.8380	681.6401	94.6528	685.8849	94.5833	
23/08/2017	01:34:36	011995	G488092357HLR	L488	S		551.3847	1.0400	0.0000	100.1643	40.0000	0.8230	1.1608	5.0000	28.5484	0.0000	0.0000	0.0000	0.0000	0.9300	0.0000	0.0000	0.0000	0.0000	558.3658	1.0272	7.4369	99.9375	40.6976	0.8230	0.8270	5.0000	-9999.0000	-9999.0000	-9999.0000	-9999.0000	-9999.0000	-9999.0000	17.2669	8	7	20.6083	1.0000	99	9	-9999.0000	21859	0	-9999	-9999	101	247	0.0000	0	0.0000	0.0000	0.0000	0.0000	0.0000	0.0000	0.0000	0.0000	0.0000	0.0000	0.0000	0.0000	0.0000	0.0000	0.0000	0.0000	
23/08/2017	01:40:58	011995	G488092342HLR	L488	S		646.3328	1.0400	0.0000	99.9420	40.0014	0.8230	1.1606	5.0000	28.8188	713.0483	94.8843	13.7785	25.3000	0.9300	0.9298	0.6811	0.0000	713.0000	712.4136	1.0272	-3.2922	100.0303	40.6559	0.8230	0.8248	5.0000	-9999.0000	-9999.0000	-9999.0000	-9999.0000	-9999.0000	-9999.0000	17.1016	1	0	15.5596	1.0000	99	9	-9999.0000	21860	49310	-9999	-9999	102	249	485.7366	3	0.6811	0.6922	-0.0006	48.9829	1.4989	674.6401	491.4442	47.1296	664.2135	95.0926	673.6408	94.9074	680.2768	94.6759	684.2252	94.5833	
23/08/2017	02:09:43	011995	G523095534HLR	L523	S		454.1136	1.0400	0.0000	99.8986	39.3471	0.8230	1.1619	5.0000	29.9183	508.0734	94.9537	14.8595	25.2000	0.9300	0.9295	0.6577	-0.0005	508.0000	508.1780	1.0272	7.9479	99.8564	40.5495	0.8230	0.8268	5.0000	-9999.0000	-9999.0000	-9999.0000	-9999.0000	-9999.0000	-9999.0000	17.1685	7	0	30.2703	1.0000	99	9	-9999.0000	21861	49311	-9999	-9999	103	264	330.0992	5	0.6502	0.6577	-0.0005	30.5654	1.4829	477.6422	496.5480	45.0463	482.7703	95.7407	477.2687	95.9028	479.6811	94.7454	482.3947	94.9306	
23/08/2017	02:10:14	011995	G523095522HLR	L523	S		452.2141	1.0400	0.0000	99.9885	39.6333	0.8230	1.1630	5.0000	28.4283	508.0272	94.9769	20.6991	25.0000	0.9300	0.9291	0.6577	-0.0005	508.0000	511.2916	1.0272	7.9162	99.9034	40.5500	0.8230	0.8263	5.0000	-9999.0000	-9999.0000	-9999.0000	-9999.0000	-9999.0000	-9999.0000	17.2354	8	0	31.9958	1.0000	99	9	-9999.0000	21862	49312	-9999	-9999	104	266	328.4144	5	0.6502	0.6577	-0.0005	30.5654	1.4829	472.7907	554.3594	46.5972	483.0822	96.3194	472.4074	96.2500	473.9469	94.7917	475.4568	94.6759	
23/08/2017	02:10:46	011995	G523095521HLR	L523	S		452.1449	1.0400	0.0000	99.8916	39.7778	0.8230	1.1623	5.0000	28.6393	508.0364	94.9537	21.1688	24.9000	0.9300	0.9289	0.6577	-0.0005	508.0000	511.8180	1.0272	7.9109	99.8642	40.5590	0.8230	0.8263	5.0000	-9999.0000	-9999.0000	-9999.0000	-9999.0000	-9999.0000	-9999.0000	17.0388	1	0	31.6379	1.0000	99	9	-9999.0000	21863	49313	-9999	-9999	105	267	328.2933	5	0.6502	0.6577	-0.0005	30.5654	1.4829	469.6568	557.9793	46.7593	479.7885	95.5324	469.2974	95.4167	471.1305	94.8611	473.6523	94.6759	
23/08/2017	02:11:18	011995	G523096215HLR	L523	S		446.3671	1.0400	0.0000	99.8616	39.7253	0.8230	1.1617	5.0000	28.5382	508.0719	94.9074	19.8583	24.9000	0.9300	0.9288	0.6577	-0.0005	508.0000	508.6554	1.0272	7.9431	99.8823	40.5500	0.8230	0.8260	5.0000	-9999.0000	-9999.0000	-9999.0000	-9999.0000	-9999.0000	-9999.0000	17.0385	2	0	31.4488	1.0000	99	9	-9999.0000	21864	49314	-9999	-9999	106	269	328.6993	5	0.6496	0.6577	-0.0005	30.5708	1.4831	465.2341	518.6314	48.4028	471.8311	95.4861	464.8809	95.4630	468.1593	94.8380	470.3392	94.6296	
23/08/2017	02:11:49	011995	G523093713HLR	L523	S		458.0904	1.0400	0.0000	99.8644	39.7011	0.8230	1.1616	5.0000	27.8579	508.0487	94.9074	12.4993	24.9000	0.9300	0.9288	0.6577	-0.0005	508.0000	510.8181	1.0272	7.9210	100.0318	40.5500	0.8230	0.8259	5.0000	-9999.0000	-9999.0000	-9999.0000	-9999.0000	-9999.0000	-9999.0000	17.3078	3	0	31.4179	1.0000	99	9	-9999.0000	21865	49315	-9999	-9999	107	271	330.7247	5	0.6496	0.6577	-0.0005	30.5708	1.4831	481.7693	590.9878	47.8935	487.6153	95.3009	481.2278	95.2546	485.1880	94.7917	487.4838	94.6528	
23/08/2017	02:12:20	011995	G523096217HLR	L523	S		444.7767	1.0400	0.0000	99.8353	39.7000	0.8230	1.1618	5.0000	27.2288	508.0474	94.9306	20.5389	25.1000	0.9300	0.9291	0.6549	-0.0005	508.0000	507.7405	1.0272	7.9524	100.0183	40.5641	0.8230	0.8259	5.0000	-9999.0000	-9999.0000	-9999.0000	-9999.0000	-9999.0000	-9999.0000	17.1687	4	0	30.7786	1.0000	99	9	-9999.0000	21866	49316	-9999	-9999	108	273	327.5159	5	0.6447	0.6549	-0.0005	30.6351	1.4862	463.8718	562.3065	48.2870	472.2793	95.3241	463.3553	95.3241	467.7938	94.8148	470.4919	94.7222	
23/08/2017	02:12:51	011995	G523096216HLR	L523	S		448.0351	1.0400	0.0000	100.1123	39.7114	0.8230	1.1617	5.0000	28.9714	508.0798	94.9306	16.6387	25.0000	0.9300	0.9290	0.6549	-0.0005	508.0000	507.8524	1.0272	7.9512	99.9191	40.5667	0.8230	0.8259	5.0000	-9999.0000	-9999.0000	-9999.0000	-9999.0000	-9999.0000	-9999.0000	17.0683	5	0	30.9686	1.0000	99	9	-9999.0000	21867	49317	-9999	-9999	109	275	328.1877	5	0.6447	0.6549	-0.0005	30.6351	1.4862	473.4416	560.8430	47.2454	481.6187	95.2778	473.0366	95.2546	476.8327	94.7917	479.7425	94.6759	
23/08/2017	02:13:21	011995	G523095503HLR	L523	S		458.9912	1.0400	0.0000	99.9499	39.7480	0.8230	1.1617	5.0000	28.6792	508.0501	94.8611	12.6292	25.0000	0.9300	0.9289	0.6555	-0.0005	508.0000	508.5813	1.0272	7.9438	100.0299	40.5667	0.8230	0.8259	5.0000	-9999.0000	-9999.0000	-9999.0000	-9999.0000	-9999.0000	-9999.0000	17.1989	6	0	30.5758	1.0000	99	9	-9999.0000	21868	49317	-9999	-9999	110	277	329.5396	5	0.6451	0.6555	-0.0005	30.6233	1.4857	482.2181	537.9005	46.9676	489.8206	95.0926	481.7052	95.1157	485.7651	94.7917	488.0597	94.7454	
23/08/2017	02:13:52	011995	G523093462HLR	L523	S		449.8027	1.0400	0.0000	99.9400	39.7621	0.8230	1.1617	5.0000	28.4582	508.0685	94.9306	15.9483	25.0000	0.9300	0.9291	0.6585	-0.0007	508.0000	507.6129	1.0272	7.9537	99.8566	40.5833	0.8230	0.8260	5.0000	-9999.0000	-9999.0000	-9999.0000	-9999.0000	-9999.0000	-9999.0000	17.0651	7	0	30.8492	1.0000	99	9	-9999.0000	21868	49318	-9999	-9999	111	279	328.7041	5	0.6456	0.6585	-0.0007	42.2860	0.8141	471.8986	528.0624	48.9352	477.9623	95.1389	471.4057	95.0463	474.6932	94.8380	477.9464	94.7454	
23/08/2017	02:14:23	011995	G523095535HLR	L523	S		456.9615	1.0400	0.0000	100.0898	39.7752	0.8230	1.1616	5.0000	28.4747	508.1120	94.8843	13.9094	25.0000	0.9300	0.9290	0.6576	-0.0007	508.0000	508.5640	1.0272	7.9440	99.8491	40.5855	0.8230	0.8259	5.0000	-9999.0000	-9999.0000	-9999.0000	-9999.0000	-9999.0000	-9999.0000	17.3577	8	0	31.1181	1.0000	99	9	-9999.0000	21869	49319	-9999	-9999	112	281	329.5177	5	0.6455	0.6576	-0.0007	39.1787	1.0592	478.0601	541.4247	48.2407	484.3000	95.2315	477.3256	95.0694	481.2989	94.8380	484.7434	94.7454	
23/08/2017	02:16:03	011995	G523095625HLR	L523	S		0.0000	0.0000	0.0000	0.0000	0.0000	0.8230	0.0000	0.0000	0.0000	0.0000	0.0000	0.0000	0.0000	0.9300	0.0000	0.0000	0.0000	0.0000	0.0000	0.0000	0.0000	0.0000	0.0000	0.8230	0.0000	0.0000	0.0000	0.0000	0.0000	0.0000	0.0000	0.0000	0.0000	0	42	31.1181	1.0000	99	9	0.0000	0	0	0	0	0	0	0.0000	0	0.0000	0.0000	0.0000	0.0000	0.0000	0.0000	0.0000	0.0000	0.0000	0.0000	0.0000	0.0000	0.0000	0.0000	0.0000	0.0000	
23/08/2017	02:16:22	011995	G523095517HLR	L523	S		455.2014	1.0400	0.0000	100.0174	39.7872	0.8230	1.1616	5.0000	27.7388	508.0941	94.8380	13.9992	25.0000	0.9300	0.9290	0.6574	-0.0007	508.0000	506.9967	1.0272	7.9599	100.0517	40.6000	0.8230	0.8259	5.0000	-9999.0000	-9999.0000	-9999.0000	-9999.0000	-9999.0000	-9999.0000	17.1685	1	0	119.0529	1.0000	99	9	-9999.0000	21870	49320	-9999	-9999	113	283	329.4423	5	0.6456	0.6574	-0.0007	40.6193	1.0048	476.1263	552.9639	48.5880	484.5477	95.1389	475.7042	95.0463	479.7566	94.7917	482.9328	94.7222	
23/08/2017	02:16:53	011995	G523095508HLR	L523	S		456.1541	1.0400	0.0000	100.1359	39.7937	0.8230	1.1616	5.0000	28.0090	508.0351	94.8380	14.1994	24.9000	0.9300	0.9290	0.6560	-0.0006	508.0000	508.6155	1.0272	7.9435	99.8576	40.6043	0.8230	0.8259	5.0000	-9999.0000	-9999.0000	-9999.0000	-9999.0000	-9999.0000	-9999.0000	17.2488	2	0	30.5688	1.0000	99	9	-9999.0000	21871	49321	-9999	-9999	114	285	329.0811	5	0.6459	0.6560	-0.0006	36.8913	1.1929	476.7242	566.8072	47.1065	486.7010	95.0926	476.4668	94.9537	479.8342	94.8148	483.5456	94.7685	
23/08/2017	02:17:26	011995	G523093714HLR	L523	S		447.2410	1.0400	0.0000	99.8644	39.7995	0.8230	1.1617	5.0000	27.5454	508.0515	94.9306	19.6884	25.0000	0.9300	0.9291	0.6563	-0.0006	508.0000	507.5180	1.0272	7.9546	100.0150	40.6439	0.8230	0.8271	5.0000	-9999.0000	-9999.0000	-9999.0000	-9999.0000	-9999.0000	-9999.0000	17.5482	3	0	32.9278	1.0000	99	9	-9999.0000	21872	49322	-9999	-9999	115	287	327.5106	5	0.6463	0.6563	-0.0006	36.1590	1.2369	465.8360	563.9847	49.9537	475.6989	95.2546	465.6983	95.0926	468.8407	94.8148	472.1362	94.7685	
23/08/2017	02:17:57	011995	G523095589HLR	L523	S		442.6401	1.0400	0.0000	100.1405	39.8000	0.8230	1.1617	5.0000	27.9378	508.0447	94.9306	16.4298	24.9000	0.9300	0.9289	0.6563	-0.0006	508.0000	507.6238	1.0272	7.9536	99.9419	40.6437	0.8230	0.8268	5.0000	-9999.0000	-9999.0000	-9999.0000	-9999.0000	-9999.0000	-9999.0000	17.0978	4	0	30.7679	1.0000	99	9	-9999.0000	21873	49323	-9999	-9999	116	289	328.4993	5	0.6463	0.6563	-0.0006	36.1590	1.2369	473.0871	525.4010	48.1481	479.1332	95.1389	472.6469	94.9537	475.2357	94.6991	478.2098	94.7222	
23/08/2017	02:18:27	011995	G523096206HLR	L523	S		448.1356	1.0400	0.0000	99.8801	39.8073	0.8230	1.1616	5.0000	28.1184	508.0189	94.9074	17.0489	24.9000	0.9300	0.9290	0.6564	-0.0006	508.0000	507.6351	1.0272	7.9534	99.8404	40.6323	0.8230	0.8262	5.0000	-9999.0000	-9999.0000	-9999.0000	-9999.0000	-9999.0000	-9999.0000	17.0986	5	0	30.3792	1.0000	99	9	-9999.0000	21874	49324	-9999	-9999	117	290	328.2392	5	0.6463	0.6564	-0.0006	35.3957	1.2746	468.7493	560.6853	48.3333	479.5958	95.1620	468.5187	95.0231	472.4216	94.7685	475.6792	94.7454	
23/08/2017	02:18:58	011995	G523095588HLR	L523	S		451.7874	1.0400	0.0000	99.9624	39.8175	0.8230	1.1615	5.0000	28.9186	508.0825	94.9306	16.9395	25.2000	0.9300	0.9295	0.6519	-0.0003	508.0000	509.0984	1.0272	7.9385	100.0423	40.6333	0.8230	0.8263	5.0000	-9999.0000	-9999.0000	-9999.0000	-9999.0000	-9999.0000	-9999.0000	17.1287	6	0	30.8782	1.0000	99	9	-9999.0000	21875	49325	-9999	-9999	118	291	328.6567	5	0.6467	0.6519	-0.0003	27.7571	1.7255	474.0763	522.2070	48.1713	481.4975	94.8380	473.7198	94.6991	477.7893	94.8148	480.2996	94.7685	
23/08/2017	02:19:29	011995	G523096213HLR	L523	S		422.5158	1.0400	0.0000	100.0792	39.7504	0.8230	1.1616	5.0000	27.5479	508.0755	94.9306	22.0584	24.9000	0.9300	0.9290	0.6526	-0.0004	508.0000	512.5671	1.0272	7.9032	99.9215	40.6333	0.8230	0.8260	5.0000	-9999.0000	-9999.0000	-9999.0000	-9999.0000	-9999.0000	-9999.0000	17.3177	7	0	31.3977	1.0000	99	9	-9999.0000	21876	49326	-9999	-9999	119	292	327.7354	5	0.6471	0.6526	-0.0004	31.2357	1.5478	459.1486	588.4665	48.4954	463.7082	95.3472	458.5540	95.1852	462.5793	94.8148	466.7506	94.7222	
23/08/2017	02:20:00	011995	G523096152HLR	L523	S		449.6433	1.0400	0.0000	99.7927	39.7673	0.8230	1.1617	5.0000	26.8480	508.0683	94.9306	16.7794	24.9000	0.9300	0.9288	0.6526	-0.0004	508.0000	507.4081	1.0272	7.9558	99.7380	40.6333	0.8230	0.8259	5.0000	-9999.0000	-9999.0000	-9999.0000	-9999.0000	-9999.0000	-9999.0000	17.5578	8	0	30.5883	1.0000	99	9	-9999.0000	21877	49327	-9999	-9999	120	294	328.5603	5	0.6471	0.6526	-0.0004	31.2357	1.5478	474.7277	590.6396	50.7176	482.2862	95.2315	474.0481	95.0231	477.7463	94.6991	480.1253	94.7222	
23/08/2017	02:20:31	011995	G523095507HLR	L523	S		455.9468	1.0400	0.0000	99.6903	39.8008	0.8230	1.1616	5.0000	27.7964	508.0360	94.8843	12.6497	24.9000	0.9300	0.9289	0.6530	-0.0004	508.0000	509.0639	1.0272	7.9389	99.8103	40.6333	0.8230	0.8258	5.0000	-9999.0000	-9999.0000	-9999.0000	-9999.0000	-9999.0000	-9999.0000	17.0486	1	0	31.0382	1.0000	99	9	-9999.0000	21878	49328	-9999	-9999	121	296	329.3184	5	0.6470	0.6530	-0.0004	28.8143	1.7016	482.0676	543.1503	48.9583	489.1461	95.1620	481.4763	94.8843	484.9065	94.7454	488.0165	94.7454	
23/08/2017	02:21:02	011995	G523095587HLR	L523	S		445.0908	1.0400	0.0000	99.8619	39.8000	0.8230	1.1616	5.0000	27.4585	508.0456	94.9306	19.3388	24.9000	0.9300	0.9291	0.6540	-0.0004	508.0000	507.4696	1.0272	7.9551	100.0694	40.6390	0.8230	0.8259	5.0000	-9999.0000	-9999.0000	-9999.0000	-9999.0000	-9999.0000	-9999.0000	17.2298	2	0	31.2484	1.0000	99	9	-9999.0000	21879	49329	-9999	-9999	122	298	327.9522	5	0.6465	0.6540	-0.0004	28.4230	1.7108	468.2479	547.8648	47.5000	477.0178	95.2083	467.7070	95.0231	470.8443	94.8380	474.0702	94.7685	
23/08/2017	02:21:37	011995	G523095505HLR	L523	S		456.6057	1.0400	0.0000	99.9336	39.8096	0.8230	1.1616	5.0000	27.8578	508.0341	94.9074	12.9593	24.8000	0.9300	0.9288	0.6540	-0.0004	508.0000	507.5936	1.0272	7.9539	99.8364	40.6360	0.8230	0.8258	5.0000	-9999.0000	-9999.0000	-9999.0000	-9999.0000	-9999.0000	-9999.0000	17.4032	3	0	34.4882	1.0000	99	9	-9999.0000	21880	49330	-9999	-9999	123	300	329.3959	5	0.6465	0.6540	-0.0004	28.4230	1.7108	481.6887	552.4414	48.4491	488.6509	95.1620	481.2319	94.9537	484.4531	94.6991	487.4005	94.7222	
23/08/2017	02:22:10	011995	G523095536HLR	L523	S		451.4721	1.0400	0.0000	100.0706	39.8140	0.8230	1.1615	5.0000	28.4279	508.0455	94.9306	17.4190	24.9000	0.9300	0.9290	0.6554	-0.0005	508.0000	508.2200	1.0272	7.9475	100.0186	40.6445	0.8230	0.8258	5.0000	-9999.0000	-9999.0000	-9999.0000	-9999.0000	-9999.0000	-9999.0000	17.2981	4	0	32.9485	1.0000	99	9	-9999.0000	21881	49331	-9999	-9999	124	302	328.5473	5	0.6465	0.6554	-0.0005	29.2190	1.6746	472.0289	557.5611	46.6204	480.7911	95.1620	471.6549	95.0000	474.4347	94.8148	477.2350	94.7917	
23/08/2017	02:22:41	011995	G523095501HLR	L523	S		452.5337	1.0400	0.0000	99.8967	39.8333	0.8230	1.1616	5.0000	27.5981	508.0283	94.9537	15.5685	24.9000	0.9300	0.9289	0.6526	-0.0004	508.0000	506.5317	1.0272	7.9647	99.8796	40.6167	0.8230	0.8255	5.0000	-9999.0000	-9999.0000	-9999.0000	-9999.0000	-9999.0000	-9999.0000	17.1891	5	0	30.9982	1.0000	99	9	-9999.0000	21881	49332	-9999	-9999	125	304	328.7538	5	0.6464	0.6526	-0.0004	32.7007	1.4705	476.3272	567.1737	47.1296	485.2120	95.2083	476.1355	95.0231	479.4249	94.7454	482.5428	94.7454	
23/08/2017	02:23:12	011995	G523095510HLR	L523	S		454.6956	1.0400	0.0000	100.0661	39.8333	0.8230	1.1615	5.0000	28.1109	508.0099	94.9074	14.1799	24.9000	0.9300	0.9290	0.6515	-0.0003	508.0000	506.3112	1.0272	7.9669	100.1124	40.6167	0.8230	0.8255	5.0000	-9999.0000	-9999.0000	-9999.0000	-9999.0000	-9999.0000	-9999.0000	17.2586	6	0	31.7785	1.0000	99	9	-9999.0000	21881	49333	-9999	-9999	126	306	328.9083	5	0.6463	0.6515	-0.0003	33.1678	1.4668	479.2379	544.7667	48.4259	487.6081	95.1852	478.6818	94.8843	482.9792	94.7222	485.1084	94.7685	
23/08/2017	02:23:43	011995	G523095520HLR	L523	S		444.4995	1.0400	0.0000	99.8933	39.8333	0.8230	1.1615	5.0000	28.2887	508.0523	94.9074	23.5886	25.0000	0.9300	0.9291	0.6522	-0.0003	508.0000	507.9308	1.0272	7.9504	99.7789	40.6333	0.8230	0.8255	5.0000	-9999.0000	-9999.0000	-9999.0000	-9999.0000	-9999.0000	-9999.0000	17.0181	7	0	30.9379	1.0000	99	9	-9999.0000	21882	49333	-9999	-9999	127	308	327.5340	5	0.6461	0.6522	-0.0003	35.3026	1.3385	465.2268	531.1435	48.4028	475.3117	95.3704	465.1933	95.2315	466.6752	94.8611	469.5059	94.7222	
23/08/2017	02:24:15	011995	G523095533HLR	L523	S		443.1498	1.0400	0.0000	99.9296	39.8381	0.8230	1.1615	5.0000	29.0481	508.0095	94.9769	22.0291	24.9000	0.9300	0.9289	0.6523	-0.0003	508.0000	507.1132	1.0272	7.9588	100.0765	40.6338	0.8230	0.8256	5.0000	-9999.0000	-9999.0000	-9999.0000	-9999.0000	-9999.0000	-9999.0000	17.1754	8	0	31.6682	1.0000	99	9	-9999.0000	21883	49334	-9999	-9999	128	310	327.6584	5	0.6465	0.6523	-0.0003	32.3335	1.5136	465.4746	539.4497	45.0463	473.3654	95.1852	464.7116	94.9769	469.8882	94.6991	471.5035	94.7454	
23/08/2017	02:24:46	011995	G523095523HLR	L523	S		474.0395	1.0400	0.0000	100.1362	39.8699	0.8230	1.1614	5.0000	29.1962	0.0000	0.0000	0.0000	0.0000	0.9300	0.0000	0.0000	0.0000	0.0000	475.3520	1.0272	7.7133	100.0536	40.6500	0.8230	0.8257	5.0000	-9999.0000	-9999.0000	-9999.0000	-9999.0000	-9999.0000	-9999.0000	17.0181	1	8	30.8782	1.0000	99	9	-9999.0000	21884	0	-9999	-9999	129	312	0.0000	0	0.0000	0.0000	0.0000	0.0000	0.0000	0.0000	0.0000	0.0000	0.0000	0.0000	0.0000	0.0000	0.0000	0.0000	0.0000	0.0000	
23/08/2017	02:25:17	011995	G523095513HLR	L523	S		455.5408	1.0400	0.0000	99.8956	39.8637	0.8230	1.1614	5.0000	28.0286	508.0426	94.9074	14.6486	25.1000	0.9300	0.9293	0.6577	-0.0007	508.0000	507.7170	1.0272	7.9526	100.0424	40.6498	0.8230	0.8256	5.0000	-9999.0000	-9999.0000	-9999.0000	-9999.0000	-9999.0000	-9999.0000	17.3784	2	0	31.5090	1.0000	99	9	-9999.0000	21885	49335	-9999	-9999	130	314	329.3060	5	0.6467	0.6577	-0.0007	30.6717	1.5907	475.5102	515.3116	46.2963	482.0329	94.9769	474.8403	94.8380	479.0271	94.7222	482.1377	94.7222	
23/08/2017	02:25:51	011995	G523095435HLR	L523	S		453.7496	1.0400	0.0000	99.7589	39.8611	0.8230	1.1614	5.0000	28.7982	508.0347	94.9306	17.0088	25.0000	0.9300	0.9291	0.6534	-0.0004	508.0000	508.5360	1.0272	7.9443	100.0511	40.6500	0.8230	0.8257	5.0000	-9999.0000	-9999.0000	-9999.0000	-9999.0000	-9999.0000	-9999.0000	17.2379	3	0	33.7582	1.0000	99	9	-9999.0000	21885	49335	-9999	-9999	131	316	328.7594	5	0.6465	0.6534	-0.0004	36.2932	1.2079	476.4862	526.5978	48.1019	483.3822	95.1620	475.9399	94.8380	477.8678	94.7685	481.8299	94.7917	
23/08/2017	02:26:23	011995	G523095493HLR	L523	S		467.1701	1.0400	0.0000	99.9874	39.8815	0.8230	1.1615	5.0000	27.9654	0.0000	0.0000	0.0000	0.0000	0.9300	0.0000	0.0000	0.0000	0.0000	468.0985	1.0272	7.6383	99.8701	40.6500	0.8230	0.8257	5.0000	-9999.0000	-9999.0000	-9999.0000	-9999.0000	-9999.0000	-9999.0000	17.2087	4	8	31.3983	1.0000	99	9	-9999.0000	21886	0	-9999	-9999	131	318	0.0000	0	0.0000	0.0000	0.0000	0.0000	0.0000	0.0000	0.0000	0.0000	0.0000	0.0000	0.0000	0.0000	0.0000	0.0000	0.0000	0.0000	
23/08/2017	02:26:55	011995	G523095497HLR	L523	S		461.1444	1.0400	0.0000	99.9399	39.8787	0.8230	1.1613	5.0000	28.6586	508.0551	94.8843	11.6390	25.1000	0.9300	0.9293	0.6534	-0.0004	508.0000	507.5067	1.0272	7.9548	99.9933	40.6333	0.8230	0.8254	5.0000	-9999.0000	-9999.0000	-9999.0000	-9999.0000	-9999.0000	-9999.0000	17.4445	5	0	31.9779	1.0000	99	9	-9999.0000	21887	49336	-9999	-9999	132	320	329.9276	5	0.6466	0.6534	-0.0004	35.5047	1.2576	487.1911	531.2769	50.0463	494.3195	95.0231	486.7575	94.9074	489.3499	94.7917	492.4336	94.7454	
23/08/2017	02:27:24	011995	G523095472HLR	L523	S		451.8762	1.0400	0.0000	99.9645	39.8895	0.8230	1.1615	5.0000	27.8778	508.0803	94.9074	17.3887	25.1000	0.9300	0.9292	0.6541	-0.0004	508.0000	508.4921	1.0272	7.9447	99.8688	40.6499	0.8230	0.8255	5.0000	-9999.0000	-9999.0000	-9999.0000	-9999.0000	-9999.0000	-9999.0000	17.3753	6	0	29.4989	1.0000	99	9	-9999.0000	21888	49337	-9999	-9999	133	322	328.9975	5	0.6474	0.6541	-0.0004	34.6056	1.2984	473.6138	512.5428	45.7407	481.9428	95.2083	473.3176	95.0463	476.8570	94.8380	479.4038	94.7685	
23/08/2017	02:27:56	011995	G523095461HLR	L523	S		448.8964	1.0400	0.0000	100.0542	39.8795	0.8230	1.1614	5.0000	28.4780	508.0276	94.9306	22.8083	25.0000	0.9300	0.9289	0.6534	-0.0004	508.0000	511.3312	1.0272	7.9158	99.7390	40.6500	0.8230	0.8255	5.0000	-9999.0000	-9999.0000	-9999.0000	-9999.0000	-9999.0000	-9999.0000	17.3083	7	0	31.6179	1.0000	99	9	-9999.0000	21889	49338	-9999	-9999	134	324	327.8653	5	0.6473	0.6534	-0.0004	34.2641	1.2935	471.5932	545.9199	47.5000	482.1431	95.2546	471.2900	95.0694	472.2236	94.8148	474.9570	94.7222	
23/08/2017	02:28:27	011995	G523095447HLR	L523	S		449.1142	1.0400	0.0000	100.2213	39.8928	0.8230	1.1619	5.0000	28.0994	508.0347	94.9769	18.2392	24.9000	0.9300	0.9288	0.6534	-0.0004	508.0000	508.7804	1.0272	7.9418	99.9839	40.6667	0.8230	0.8258	5.0000	-9999.0000	-9999.0000	-9999.0000	-9999.0000	-9999.0000	-9999.0000	17.1051	8	0	31.6182	1.0000	99	9	-9999.0000	21890	49339	-9999	-9999	135	326	328.6642	5	0.6473	0.6534	-0.0004	34.2641	1.2935	471.8480	531.8726	47.5694	479.2155	95.2083	471.2329	95.0231	474.7506	94.6759	477.0491	94.6991	
23/08/2017	02:28:59	011995	G523095443HLR	L523	S		450.4202	1.0400	0.0000	99.8992	39.8995	0.8230	1.1614	5.0000	28.4254	508.0336	94.9769	19.5087	24.9000	0.9300	0.9288	0.6549	-0.0004	508.0000	508.3999	1.0272	7.9457	99.7727	40.6658	0.8230	0.8257	5.0000	-9999.0000	-9999.0000	-9999.0000	-9999.0000	-9999.0000	-9999.0000	17.0789	1	0	31.6717	1.0000	99	9	-9999.0000	21891	49340	-9999	-9999	136	328	328.4691	5	0.6476	0.6549	-0.0004	30.1882	1.5111	467.9845	536.0726	46.7130	476.6674	95.2778	468.1386	95.0463	470.0410	94.7454	473.1819	94.7222	
23/08/2017	02:29:31	011995	G523095459HLR	L523	S		450.9863	1.0400	0.0000	99.9757	39.8953	0.8230	1.1614	5.0000	28.9985	508.0341	94.9306	17.3692	24.9000	0.9300	0.9288	0.6561	-0.0005	508.0000	508.7972	1.0272	7.9416	99.8258	40.6622	0.8230	0.8256	5.0000	-9999.0000	-9999.0000	-9999.0000	-9999.0000	-9999.0000	-9999.0000	17.3477	2	0	31.9743	1.0000	99	9	-9999.0000	21892	49341	-9999	-9999	137	330	328.9277	5	0.6470	0.6561	-0.0005	31.6692	1.3938	471.9401	553.5390	47.3843	480.7631	95.2546	471.5167	94.9306	475.0005	94.6991	479.0493	94.7222	
23/08/2017	02:30:03	011995	G523095428HLR	L523	S		451.5415	1.0400	0.0000	99.9418	39.9203	0.8230	1.1616	5.0000	26.4863	508.0240	94.9074	17.2793	24.9000	0.9300	0.9288	0.6561	-0.0005	508.0000	507.8853	1.0272	7.9509	100.0604	40.6638	0.8230	0.8256	5.0000	-9999.0000	-9999.0000	-9999.0000	-9999.0000	-9999.0000	-9999.0000	17.2456	3	0	31.6788	1.0000	99	9	-9999.0000	21893	49342	-9999	-9999	137	331	328.8583	5	0.6470	0.6561	-0.0005	31.6692	1.3938	471.3981	562.0570	46.1806	479.0369	95.2778	470.5964	94.9306	475.0274	94.7222	477.0297	94.7454	
23/08/2017	02:30:35	011995	G523095469HLR	L523	S		449.0701	1.0400	0.0000	100.0297	39.9059	0.8230	1.1614	5.0000	28.6574	508.0156	94.9306	17.8691	24.9000	0.9300	0.9289	0.6562	-0.0005	508.0000	507.0615	1.0272	7.9593	99.8559	40.6544	0.8230	0.8256	5.0000	-9999.0000	-9999.0000	-9999.0000	-9999.0000	-9999.0000	-9999.0000	17.0083	4	0	32.2883	1.0000	99	9	-9999.0000	21894	49343	-9999	-9999	138	333	328.6967	5	0.6469	0.6562	-0.0005	31.3449	1.4199	469.1772	536.1466	46.6667	477.8777	95.2778	468.6437	95.0926	471.9924	94.7917	475.4829	94.7222	
23/08/2017	02:31:06	011995	G523095439HLR	L523	S		455.1113	1.0400	0.0000	99.9271	39.9144	0.8230	1.1614	5.0000	28.6288	508.1150	94.9306	15.2989	24.9000	0.9300	0.9289	0.6559	-0.0005	508.0000	508.4917	1.0272	7.9447	99.7854	40.6548	0.8230	0.8254	5.0000	-9999.0000	-9999.0000	-9999.0000	-9999.0000	-9999.0000	-9999.0000	17.7647	5	0	31.0785	1.0000	99	9	-9999.0000	21895	49344	-9999	-9999	139	335	329.3971	5	0.6467	0.6559	-0.0005	31.2618	1.4129	477.5323	551.5890	48.3796	483.5943	95.2083	477.2981	94.9537	479.9867	94.7454	482.1041	94.7454	
23/08/2017	02:31:37	011995	G523095456HLR	L523	S		445.6751	1.0400	0.0000	100.0662	39.9098	0.8230	1.1614	5.0000	28.7028	508.0599	94.9769	21.0291	25.0000	0.9300	0.9290	0.6548	-0.0004	508.0000	508.7839	1.0272	7.9417	99.7388	40.6500	0.8230	0.8254	5.0000	-9999.0000	-9999.0000	-9999.0000	-9999.0000	-9999.0000	-9999.0000	17.3591	6	0	31.3362	1.0000	99	9	-9999.0000	21896	49345	-9999	-9999	140	337	328.0432	5	0.6466	0.6548	-0.0004	29.9631	1.5102	465.5425	526.3980	46.7361	472.9674	95.4167	464.8113	95.1389	467.8856	94.8380	470.4183	94.7454	
23/08/2017	02:32:08	011995	G523095431HLR	L523	S		449.4407	1.0400	0.0000	100.1286	39.9208	0.8230	1.1614	5.0000	28.6555	508.0347	94.9306	17.7392	24.8000	0.9300	0.9288	0.6548	-0.0004	508.0000	507.8698	1.0272	7.9511	100.1217	40.6600	0.8230	0.8255	5.0000	-9999.0000	-9999.0000	-9999.0000	-9999.0000	-9999.0000	-9999.0000	17.3491	7	0	30.8488	1.0000	99	9	-9999.0000	21897	49346	-9999	-9999	141	339	328.6913	5	0.6466	0.6548	-0.0004	29.9631	1.5102	470.0275	542.9194	49.7454	478.4471	95.3009	469.8292	95.0463	473.9509	94.6759	476.9846	94.6991	
23/08/2017	02:32:40	011995	G523095151HLR	L523	S		452.3811	1.0400	0.0000	100.0207	39.9291	0.8230	1.1613	5.0000	28.7370	508.0157	94.9769	21.3289	24.9000	0.9300	0.9289	0.6559	-0.0005	508.0000	510.4844	1.0272	7.9244	100.0857	40.6636	0.8230	0.8256	5.0000	-9999.0000	-9999.0000	-9999.0000	-9999.0000	-9999.0000	-9999.0000	17.2877	8	0	31.6973	1.0000	99	9	-9999.0000	21898	49346	-9999	-9999	142	341	327.6460	5	0.6467	0.6559	-0.0005	31.1102	1.4478	469.6964	559.5567	48.9120	480.8968	95.3009	469.1324	95.0000	472.7746	94.7454	475.0657	94.7685	
23/08/2017	02:33:11	011995	G523094935HLR	L523	S		454.4713	1.0400	0.0000	99.9564	39.9333	0.8230	1.1614	5.0000	27.8321	508.0527	94.9306	15.6592	24.8000	0.9300	0.9288	0.6559	-0.0005	508.0000	508.5395	1.0272	7.9442	99.9332	40.6667	0.8230	0.8257	5.0000	-9999.0000	-9999.0000	-9999.0000	-9999.0000	-9999.0000	-9999.0000	17.3286	1	0	30.8585	1.0000	99	9	-9999.0000	21898	49347	-9999	-9999	143	343	329.1579	5	0.6467	0.6559	-0.0005	31.1102	1.4478	474.9807	540.9278	50.0926	484.1927	95.3241	474.4131	95.0231	478.9064	94.6759	481.1537	94.7222	
23/08/2017	02:33:42	011995	G523095132HLR	L523	S		453.2480	1.0400	0.0000	100.2070	39.9333	0.8230	1.1614	5.0000	28.1386	508.0730	94.9074	16.4395	24.9000	0.9300	0.9290	0.6563	-0.0005	508.0000	508.2467	1.0272	7.9472	100.0207	40.6667	0.8230	0.8257	5.0000	-9999.0000	-9999.0000	-9999.0000	-9999.0000	-9999.0000	-9999.0000	17.1586	2	0	31.3089	1.0000	99	9	-9999.0000	21899	49348	-9999	-9999	143	345	329.0364	5	0.6466	0.6563	-0.0005	30.1012	1.5210	473.0790	569.2693	49.5139	480.2841	95.2546	472.3863	94.9537	475.2925	94.7454	478.7039	94.7454	
23/08/2017	02:34:14	011995	G523095141HLR	L523	S		444.5235	1.0400	0.0000	99.9082	39.9192	0.8230	1.1614	5.0000	28.3785	508.0065	94.9537	19.9793	24.9000	0.9300	0.9290	0.6636	-0.0009	508.0000	507.8035	1.0272	7.9517	99.8167	40.6667	0.8230	0.8257	5.0000	-9999.0000	-9999.0000	-9999.0000	-9999.0000	-9999.0000	-9999.0000	17.1754	3	0	31.6974	1.0000	99	9	-9999.0000	21900	49349	-9999	-9999	144	346	327.9935	5	0.6458	0.6636	-0.0009	39.2233	1.0276	466.2281	551.5392	48.2870	475.1363	95.3009	465.9103	94.9537	468.9830	94.7454	472.3706	94.7454	
23/08/2017	02:34:45	011995	G523095144HLR	L523	S		453.6484	1.0400	0.0000	99.9703	39.9333	0.8230	1.1614	5.0000	27.7981	508.0681	94.9306	15.0197	24.8000	0.9300	0.9288	0.6636	-0.0009	508.0000	509.0181	1.0272	7.9394	99.9100	40.6704	0.8230	0.8257	5.0000	-9999.0000	-9999.0000	-9999.0000	-9999.0000	-9999.0000	-9999.0000	17.3482	4	0	31.0783	1.0000	99	9	-9999.0000	21901	49350	-9999	-9999	145	348	329.9618	5	0.6458	0.6636	-0.0009	39.2233	1.0276	472.2737	502.9523	47.2454	479.3010	95.3009	471.6980	94.9769	476.6931	94.6759	479.1317	94.7454	
23/08/2017	02:35:17	011995	G523094934HLR	L523	S		443.6853	1.0400	0.0000	100.1922	39.9188	0.8230	1.1614	5.0000	28.7180	508.0367	94.9769	19.2089	24.9000	0.9300	0.9290	0.6550	-0.0005	508.0000	508.4513	1.0272	7.9451	99.8169	40.6667	0.8230	0.8256	5.0000	-9999.0000	-9999.0000	-9999.0000	-9999.0000	-9999.0000	-9999.0000	17.1387	5	0	31.9483	1.0000	99	9	-9999.0000	21902	49351	-9999	-9999	146	350	328.2541	5	0.6465	0.6550	-0.0005	34.8080	1.2572	466.6806	534.1731	47.6157	473.3667	95.2778	466.3709	94.9537	470.3000	94.7685	473.6505	94.7454	
23/08/2017	02:35:49	011995	G523095152HLR	L523	S		456.2285	1.0400	0.0000	100.2161	39.9333	0.8230	1.1614	5.0000	27.8685	508.0312	94.9074	15.5294	24.9000	0.9300	0.9289	0.6550	-0.0005	508.0000	509.1157	1.0272	7.9384	99.8692	40.6693	0.8230	0.8257	5.0000	-9999.0000	-9999.0000	-9999.0000	-9999.0000	-9999.0000	-9999.0000	17.2093	6	0	31.8139	1.0000	99	9	-9999.0000	21903	49351	-9999	-9999	147	352	329.1695	5	0.6465	0.6550	-0.0005	34.8080	1.2572	476.5186	531.5907	46.4815	483.6338	95.2315	476.1953	94.9537	480.5925	94.6759	483.1947	94.7454	
23/08/2017	02:36:20	011995	G523095149HLR	L523	S		452.6005	1.0400	0.0000	100.2111	39.9333	0.8230	1.1614	5.0000	28.3275	508.0921	94.9306	16.7588	24.9000	0.9300	0.9289	0.6549	-0.0005	508.0000	509.0687	1.0272	7.9388	100.0649	40.6667	0.8230	0.8256	5.0000	-9999.0000	-9999.0000	-9999.0000	-9999.0000	-9999.0000	-9999.0000	17.1825	7	0	31.5527	1.0000	99	9	-9999.0000	21904	49352	-9999	-9999	148	353	328.9453	5	0.6465	0.6549	-0.0005	24.6970	1.8725	475.6182	529.0742	45.5324	481.0012	95.3009	474.7046	95.0000	477.1317	94.7685	479.5102	94.7685	
23/08/2017	02:36:52	011995	G523095530HLR	L523	S		455.3124	1.0400	0.0000	100.0691	39.9333	0.8230	1.1613	5.0000	28.6909	508.0412	94.9074	14.8898	24.9000	0.9300	0.9289	0.6551	-0.0005	508.0000	509.6337	1.0272	7.9331	99.7550	40.6667	0.8230	0.8255	5.0000	-9999.0000	-9999.0000	-9999.0000	-9999.0000	-9999.0000	-9999.0000	17.3881	8	0	31.5077	1.0000	99	9	-9999.0000	21905	49352	-9999	-9999	149	355	329.3707	5	0.6466	0.6551	-0.0005	26.4005	1.7761	476.8261	530.9940	48.4722	482.9692	95.2546	476.7203	94.9769	479.4927	94.7454	483.4275	94.7454	
23/08/2017	02:37:24	011995	G523095529HLR	L523	S		454.5547	1.0400	0.0000	100.0885	39.9333	0.8230	1.1618	5.0000	28.0575	508.0195	94.9306	16.9590	25.0000	0.9300	0.9290	0.6555	-0.0005	508.0000	510.8077	1.0272	7.9211	100.0973	40.6667	0.8230	0.8256	5.0000	-9999.0000	-9999.0000	-9999.0000	-9999.0000	-9999.0000	-9999.0000	17.3909	1	0	32.4393	1.0000	99	9	-9999.0000	21905	49352	-9999	-9999	150	357	328.7748	5	0.6465	0.6555	-0.0005	26.9016	1.7563	473.8528	507.2313	45.5787	481.5322	95.2778	473.1039	95.0000	477.2513	94.7917	479.2947	94.7917	
23/08/2017	02:37:56	011995	G523095438HLR	L523	S		444.4373	1.0400	0.0000	100.0295	39.9299	0.8230	1.1613	5.0000	28.9479	508.0796	94.9537	19.3387	24.9000	0.9300	0.9289	0.6547	-0.0005	508.0000	508.3881	1.0272	7.9458	99.8585	40.6667	0.8230	0.8256	5.0000	-9999.0000	-9999.0000	-9999.0000	-9999.0000	-9999.0000	-9999.0000	17.1482	2	0	31.4865	1.0000	99	9	-9999.0000	21906	49353	-9999	-9999	151	359	328.1923	5	0.6463	0.6547	-0.0005	24.2926	1.9225	466.5327	520.6915	47.0370	474.2607	95.3009	466.0298	95.0231	470.0147	94.7454	473.6984	94.7685	
23/08/2017	02:38:27	011995	G523095526HLR	L523	S		459.7870	1.0400	0.0000	100.0139	39.9333	0.8230	1.1613	5.0000	28.8341	508.0227	94.9074	12.9192	24.8000	0.9300	0.9288	0.6552	-0.0005	508.0000	510.1669	1.0272	7.9277	100.0416	40.6628	0.8230	0.8255	5.0000	-9999.0000	-9999.0000	-9999.0000	-9999.0000	-9999.0000	-9999.0000	17.2334	3	0	31.3683	1.0000	99	9	-9999.0000	21907	49354	-9999	-9999	152	361	329.6104	5	0.6461	0.6552	-0.0005	24.6896	1.9035	481.3345	512.2242	46.8981	488.2018	95.2083	480.4757	94.9306	485.6586	94.6991	488.8350	94.7685	
23/08/2017	02:38:59	011995	G523093719HLR	L523	S		457.4986	1.0400	0.0000	100.2420	39.9333	0.8230	1.1613	5.0000	28.5784	508.1119	94.8843	13.2492	24.9000	0.9300	0.9290	0.6514	-0.0003	508.0000	508.3112	1.0272	7.9466	99.9309	40.6655	0.8230	0.8255	5.0000	-9999.0000	-9999.0000	-9999.0000	-9999.0000	-9999.0000	-9999.0000	17.3781	4	0	31.7989	1.0000	99	9	-9999.0000	21908	49355	-9999	-9999	153	363	329.1918	5	0.6463	0.6514	-0.0003	21.8271	2.0943	481.7682	484.7341	45.9722	490.8203	95.1852	481.1150	94.9537	485.2234	94.7917	487.8457	94.7685	
23/08/2017	02:39:31	011995	G523095512HLR	L523	S		456.7423	1.0400	0.0000	100.1275	39.9333	0.8230	1.1613	5.0000	28.5285	508.0275	94.8843	13.6496	24.9000	0.9300	0.9290	0.6559	-0.0006	508.0000	508.2828	1.0272	7.9469	100.0053	40.6667	0.8230	0.8256	5.0000	-9999.0000	-9999.0000	-9999.0000	-9999.0000	-9999.0000	-9999.0000	17.3580	5	0	31.8173	1.0000	99	9	-9999.0000	21909	49356	-9999	-9999	154	365	329.2401	5	0.6459	0.6559	-0.0006	21.5464	2.1064	480.0679	513.7140	44.4907	485.3776	95.2546	479.4307	94.9537	482.9154	94.8148	486.3968	94.7917	
23/08/2017	02:40:02	011995	G523095519HLR	L523	S		457.1681	1.0400	0.0000	100.1295	39.9333	0.8230	1.1612	5.0000	29.4885	508.0526	94.9074	12.4797	24.9000	0.9300	0.9290	0.6518	-0.0003	508.0000	507.2874	1.0272	7.9570	99.9404	40.6666	0.8230	0.8255	5.0000	-9999.0000	-9999.0000	-9999.0000	-9999.0000	-9999.0000	-9999.0000	17.0486	6	0	31.8283	1.0000	99	9	-9999.0000	21910	49357	-9999	-9999	155	367	329.1951	5	0.6463	0.6518	-0.0003	18.7320	2.2843	482.7830	542.8198	47.9398	490.1588	95.2546	482.3835	94.9306	485.6015	94.7917	489.2972	94.7917	
23/08/2017	02:40:36	011995	G523095146HLR	L523	S		460.9714	1.0400	0.0000	100.0687	39.9339	0.8230	1.1613	5.0000	28.5073	508.0759	94.9306	10.6693	24.9000	0.9300	0.9290	0.6480	-0.0001	508.0000	506.7248	1.0272	7.9627	99.8679	40.6581	0.8230	0.8255	5.0000	-9999.0000	-9999.0000	-9999.0000	-9999.0000	-9999.0000	-9999.0000	17.1287	7	0	33.1182	1.0000	99	9	-9999.0000	21910	49358	-9999	-9999	156	369	328.6754	5	0.6462	0.6480	-0.0001	22.4028	2.0868	488.5999	561.4539	48.8426	495.0129	95.3009	488.0893	95.0000	492.0461	94.8380	495.1050	94.7685	
23/08/2017	02:41:05	011995	G523095155HLR	L523	S		456.8303	1.0400	0.0000	99.9993	39.9333	0.8230	1.1613	5.0000	28.3775	508.0662	94.9306	14.5392	25.0000	0.9300	0.9292	0.6495	-0.0002	508.0000	508.5206	1.0272	7.9444	100.0151	40.6616	0.8230	0.8255	5.0000	-9999.0000	-9999.0000	-9999.0000	-9999.0000	-9999.0000	-9999.0000	17.3009	8	0	29.6184	1.0000	99	9	-9999.0000	21911	49359	-9999	-9999	156	371	328.6180	5	0.6462	0.6495	-0.0002	23.4615	2.0391	481.0160	556.7482	48.3796	490.7589	95.4167	480.7330	95.0926	484.5811	94.8380	485.7890	94.7454	
23/08/2017	02:41:37	011995	G523095148HLR	L523	S		457.8592	1.0400	0.0000	99.9858	39.9333	0.8230	1.1612	5.0000	28.8079	508.0437	94.9074	12.7092	24.9000	0.9300	0.9290	0.6512	-0.0003	508.0000	508.3925	1.0272	7.9457	99.7492	40.6504	0.8230	0.8254	5.0000	-9999.0000	-9999.0000	-9999.0000	-9999.0000	-9999.0000	-9999.0000	17.2594	1	0	31.7177	1.0000	99	9	-9999.0000	21912	49360	-9999	-9999	157	373	329.0076	5	0.6464	0.6512	-0.0003	22.2950	2.1437	484.2740	528.5355	45.3472	488.3944	95.2083	483.8434	94.9306	485.9505	94.7454	488.5136	94.7454	
23/08/2017	02:42:08	011995	G523095442HLR	L523	S		446.1121	1.0400	0.0000	100.0377	39.9333	0.8230	1.1613	5.0000	28.8878	508.0676	94.9537	17.8788	24.9000	0.9300	0.9291	0.6525	-0.0004	508.0000	506.1961	1.0272	7.9681	99.8061	40.6736	0.8230	0.8256	5.0000	-9999.0000	-9999.0000	-9999.0000	-9999.0000	-9999.0000	-9999.0000	17.1090	2	0	30.9884	1.0000	99	9	-9999.0000	21913	49361	-9999	-9999	158	375	328.2018	5	0.6464	0.6525	-0.0004	23.5380	2.0442	469.5611	513.5043	47.4306	476.6726	95.2778	468.8992	94.9769	473.9228	94.8148	475.6191	94.7685	
23/08/2017	02:42:38	011995	G523095432HLR	L523	S		439.4221	1.0400	0.0000	100.0343	39.9333	0.8230	1.1613	5.0000	28.7981	508.0795	94.9537	20.4480	25.0000	0.9300	0.9290	0.6529	-0.0004	508.0000	506.4093	1.0272	7.9659	99.6933	40.6674	0.8230	0.8256	5.0000	-9999.0000	-9999.0000	-9999.0000	-9999.0000	-9999.0000	-9999.0000	17.0991	3	0	30.6378	1.0000	99	9	-9999.0000	21914	49362	-9999	-9999	159	377	327.5668	5	0.6468	0.6529	-0.0004	29.7294	1.5847	465.2791	514.1069	45.3009	471.5558	95.3472	464.5588	95.0926	468.2666	94.7685	470.3160	94.7454	
23/08/2017	02:43:13	011995	G523095470HLR	L523	S		443.0717	1.0400	0.0000	99.9522	39.9333	0.8230	1.1612	5.0000	30.0692	508.0892	95.0000	18.4090	24.9000	0.9300	0.9289	0.6541	-0.0005	508.0000	507.4276	1.0272	7.9556	99.9212	40.6724	0.8230	0.8256	5.0000	-9999.0000	-9999.0000	-9999.0000	-9999.0000	-9999.0000	-9999.0000	17.1421	4	0	34.6886	1.0000	99	9	-9999.0000	21915	49363	-9999	-9999	160	379	327.8297	5	0.6468	0.6541	-0.0005	29.8123	1.5839	469.5743	559.2238	45.7870	477.6577	95.3704	469.0078	95.0463	472.5185	94.7454	475.4811	94.7222	
23/08/2017	02:43:45	011995	G523095448HLR	L523	S		445.8228	1.0400	0.0000	100.2392	39.9427	0.8230	1.1615	5.0000	26.6488	508.0695	94.9537	19.1493	24.9000	0.9300	0.9289	0.6541	-0.0005	508.0000	507.7785	1.0272	7.9520	100.0787	40.6823	0.8230	0.8257	5.0000	-9999.0000	-9999.0000	-9999.0000	-9999.0000	-9999.0000	-9999.0000	17.2278	5	0	31.4259	1.0000	99	9	-9999.0000	21915	49364	-9999	-9999	161	381	327.3563	5	0.6468	0.6541	-0.0005	29.8123	1.5839	467.7501	539.1182	46.1111	475.9793	95.3704	467.5739	95.0231	471.0966	94.7222	473.3338	94.7454	
23/08/2017	02:44:14	011995	G523095156HLR	L523	S		457.4586	1.0400	0.0000	100.0381	39.9363	0.8230	1.1612	5.0000	28.7097	508.0518	94.8611	12.1399	24.9000	0.9300	0.9288	0.6517	-0.0003	508.0000	505.9301	1.0272	7.9708	100.0331	40.6500	0.8230	0.8254	5.0000	-9999.0000	-9999.0000	-9999.0000	-9999.0000	-9999.0000	-9999.0000	17.1890	6	0	29.7800	1.0000	99	9	-9999.0000	21916	49365	-9999	-9999	162	382	329.1290	5	0.6470	0.6517	-0.0003	24.7205	1.9813	482.8409	546.8928	46.2037	489.8373	95.2778	482.2823	94.9074	485.2111	94.6759	489.0691	94.7454	
23/08/2017	02:44:46	011995	G523095460HLR	L523	S		444.9482	1.0400	0.0000	99.9731	39.9333	0.8230	1.1613	5.0000	27.9778	508.0428	94.9537	19.7488	25.0000	0.9300	0.9290	0.6493	-0.0001	508.0000	507.7530	1.0272	7.9522	99.9875	40.6500	0.8230	0.8254	5.0000	-9999.0000	-9999.0000	-9999.0000	-9999.0000	-9999.0000	-9999.0000	17.2995	7	0	31.1681	1.0000	99	9	-9999.0000	21917	49366	-9999	-9999	163	384	328.5081	5	0.6474	0.6493	-0.0001	22.6186	2.1506	470.1020	563.2645	46.3889	478.2664	95.3009	469.8673	94.9537	474.9467	94.7917	477.0032	94.7917	
23/08/2017	02:45:17	011995	G523095429HLR	L523	S		438.0062	1.0400	0.0000	99.8212	39.9333	0.8230	1.1614	5.0000	27.1183	508.0731	94.9074	23.7486	24.9000	0.9300	0.9289	0.6510	-0.0002	508.0000	509.2622	1.0272	7.9369	99.8223	40.6776	0.8230	0.8256	5.0000	-9999.0000	-9999.0000	-9999.0000	-9999.0000	-9999.0000	-9999.0000	17.2132	8	0	31.6484	1.0000	99	9	-9999.0000	21918	49367	-9999	-9999	164	385	328.3445	5	0.6472	0.6510	-0.0002	23.2681	2.0928	464.5931	569.0203	46.4352	472.1960	95.4167	464.0034	95.1620	466.6544	94.7917	470.0697	94.6991	
23/08/2017	02:45:47	011995	G523095453HLR	L523	S		451.2604	1.0400	0.0000	100.1581	39.9333	0.8230	1.1613	5.0000	28.4371	508.0423	94.9537	15.1290	24.8000	0.9300	0.9287	0.6510	-0.0002	508.0000	508.8965	1.0272	7.9406	100.0192	40.6791	0.8230	0.8256	5.0000	-9999.0000	-9999.0000	-9999.0000	-9999.0000	-9999.0000	-9999.0000	17.5099	1	0	30.0881	1.0000	99	9	-9999.0000	21919	49368	-9999	-9999	165	387	328.8591	5	0.6472	0.6510	-0.0002	23.2681	2.0928	479.0791	534.4453	44.4444	485.8497	95.3472	478.7144	94.9306	481.4303	94.6296	484.5219	94.7685	
23/08/2017	02:46:19	011995	G523095466HLR	L523	S		447.7740	1.0400	0.0000	100.1478	39.9341	0.8230	1.1613	5.0000	28.4583	508.0236	94.9537	16.8593	24.9000	0.9300	0.9289	0.6522	-0.0003	508.0000	507.8978	1.0272	7.9508	99.8302	40.6664	0.8230	0.8251	5.0000	-9999.0000	-9999.0000	-9999.0000	-9999.0000	-9999.0000	-9999.0000	19.5579	2	0	31.3380	1.0000	99	9	-9999.0000	21920	49369	-9999	-9999	166	389	328.6890	5	0.6475	0.6522	-0.0003	23.2197	2.0961	473.0155	518.8581	45.3009	480.6028	95.3241	472.1215	95.0000	476.7117	94.7917	478.7275	94.7685	
23/08/2017	02:46:50	011995	G523095462HLR	L523	S		431.6063	1.0400	0.0000	100.3390	39.9333	0.8230	1.1615	5.0000	26.8287	508.0419	94.9537	17.7997	24.9000	0.9300	0.9289	0.6519	-0.0003	508.0000	507.6129	1.0272	7.9537	99.8118	40.6881	0.8230	0.8257	5.0000	-9999.0000	-9999.0000	-9999.0000	-9999.0000	-9999.0000	-9999.0000	17.2388	3	0	31.2081	1.0000	99	9	-9999.0000	21921	49369	-9999	-9999	167	391	328.6682	5	0.6474	0.6519	-0.0003	24.0974	2.0287	466.9776	515.6800	45.1389	470.9256	95.3935	466.4476	95.0926	470.2976	94.7454	475.9527	94.7222	
23/08/2017	02:47:26	011995	G523095514HLR	L523	S		451.9395	1.0400	0.0000	100.2423	39.9347	0.8230	1.1614	5.0000	28.1823	508.0926	94.8843	14.0197	24.9000	0.9300	0.9289	0.6517	-0.0003	508.0000	507.9726	1.0272	7.9500	99.8267	40.6833	0.8230	0.8257	5.0000	-9999.0000	-9999.0000	-9999.0000	-9999.0000	-9999.0000	-9999.0000	17.6888	4	0	36.1180	1.0000	99	9	-9999.0000	21922	49369	-9999	-9999	168	393	329.2098	5	0.6470	0.6517	-0.0003	24.4859	1.9868	479.6357	527.4122	48.2407	485.8624	95.3241	479.4972	95.0000	482.2842	94.7454	485.1068	94.7454	
23/08/2017	02:47:55	011995	G523096151HLR	L523	S		454.7256	1.0400	0.0000	100.0536	39.9333	0.8230	1.1613	5.0000	28.6339	508.0461	94.8843	13.9396	24.9000	0.9300	0.9290	0.6511	-0.0003	508.0000	508.8560	1.0272	7.9410	100.0708	40.6833	0.8230	0.8257	5.0000	-9999.0000	-9999.0000	-9999.0000	-9999.0000	-9999.0000	-9999.0000	17.4291	5	0	29.4190	1.0000	99	9	-9999.0000	21923	49370	-9999	-9999	169	394	329.0341	5	0.6468	0.6511	-0.0003	25.2581	1.9610	481.6260	589.2948	47.3843	489.2289	95.3009	481.0520	94.9537	484.3550	94.7917	487.6437	94.7685	
23/08/2017	02:48:28	011995	G523095511HLR	L523	S		456.2146	1.0400	0.0000	99.8796	39.9493	0.8230	1.1613	5.0000	27.1367	508.0976	94.8843	14.1398	24.9000	0.9300	0.9290	0.6522	-0.0003	508.0000	508.6353	1.0272	7.9433	99.9805	40.6500	0.8230	0.8253	5.0000	-9999.0000	-9999.0000	-9999.0000	-9999.0000	-9999.0000	-9999.0000	17.4285	6	0	32.8062	1.0000	99	9	-9999.0000	21923	49371	-9999	-9999	170	396	329.2547	5	0.6469	0.6522	-0.0003	27.0069	1.8931	481.0309	557.2023	49.0509	488.9572	95.2778	480.4108	94.9537	484.5308	94.7917	486.7573	94.7917	
23/08/2017	02:49:00	011995	G523095531HLR	L523	S		454.0257	1.0400	0.0000	100.0406	39.9333	0.8230	1.1617	5.0000	28.3881	508.0639	94.9074	15.0694	25.0000	0.9300	0.9290	0.6542	-0.0004	508.0000	509.9409	1.0272	7.9300	100.0647	40.6670	0.8230	0.8255	5.0000	-9999.0000	-9999.0000	-9999.0000	-9999.0000	-9999.0000	-9999.0000	17.2608	7	0	31.8488	1.0000	99	9	-9999.0000	21923	49372	-9999	-9999	171	398	329.3770	5	0.6469	0.6542	-0.0004	27.9444	1.8483	477.7122	532.7422	45.4630	486.1597	95.2778	477.5073	94.9769	480.7113	94.7917	484.3801	94.7685	
23/08/2017	02:49:26	011995	G523095607HLR	L523	S		0.0000	0.0000	0.0000	0.0000	0.0000	0.8230	0.0000	0.0000	0.0000	0.0000	0.0000	0.0000	0.0000	0.9300	0.0000	0.0000	0.0000	0.0000	0.0000	0.0000	0.0000	0.0000	0.0000	0.8230	0.0000	0.0000	0.0000	0.0000	0.0000	0.0000	0.0000	0.0000	0.0000	0	42	31.8488	1.0000	99	9	0.0000	0	0	0	0	0	0	0.0000	0	0.0000	0.0000	0.0000	0.0000	0.0000	0.0000	0.0000	0.0000	0.0000	0.0000	0.0000	0.0000	0.0000	0.0000	0.0000	0.0000	
23/08/2017	02:50:07	011995	G523096029HLR	L523	S		0.0000	0.0000	0.0000	0.0000	0.0000	0.8230	0.0000	0.0000	0.0000	0.0000	0.0000	0.0000	0.0000	0.9300	0.0000	0.0000	0.0000	0.0000	0.0000	0.0000	0.0000	0.0000	0.0000	0.8230	0.0000	0.0000	0.0000	0.0000	0.0000	0.0000	0.0000	0.0000	0.0000	0	42	31.8488	1.0000	99	9	0.0000	0	0	0	0	0	0	0.0000	0	0.0000	0.0000	0.0000	0.0000	0.0000	0.0000	0.0000	0.0000	0.0000	0.0000	0.0000	0.0000	0.0000	0.0000	0.0000	0.0000	
23/08/2017	02:50:28	011995	G523095455HLR	L523	S		446.8079	1.0400	0.0000	100.2654	39.9333	0.8230	1.1614	5.0000	28.2494	508.0365	94.9769	21.9284	24.9000	0.9300	0.9291	0.6535	-0.0004	508.0000	509.8426	1.0272	7.9310	99.6781	40.6649	0.8230	0.8254	5.0000	-9999.0000	-9999.0000	-9999.0000	-9999.0000	-9999.0000	-9999.0000	17.1307	8	0	87.4852	1.0000	99	9	-9999.0000	21924	49373	-9999	-9999	172	400	327.8960	5	0.6469	0.6535	-0.0004	30.5960	1.7246	469.1572	516.8504	47.2222	478.7075	95.3704	468.9491	95.0926	470.9603	94.8148	473.6820	94.7917	
23/08/2017	02:51:05	011995	G523095492HLR	L523	S		309.7923	1.0400	0.0000	100.1395	39.9168	0.8230	1.1612	5.0000	33.1483	0.0000	0.0000	0.0000	0.0000	0.9300	0.0000	0.0000	0.0000	0.0000	453.5798	1.0272	7.4881	99.8722	40.6664	0.8230	0.8255	5.0000	-9999.0000	-9999.0000	-9999.0000	-9999.0000	-9999.0000	-9999.0000	17.1907	1	7	37.0980	1.0000	99	9	-9999.0000	21925	0	-9999	-9999	173	402	0.0000	0	0.0000	0.0000	0.0000	0.0000	0.0000	0.0000	0.0000	0.0000	0.0000	0.0000	0.0000	0.0000	0.0000	0.0000	0.0000	0.0000	
23/08/2017	02:51:36	011995	G523095498HLR	L523	S		451.0343	1.0400	0.0000	99.8352	39.9333	0.8230	1.1615	5.0000	26.4542	508.0644	94.9074	13.2287	25.1000	0.9300	0.9294	0.6523	-0.0003	508.0000	507.5679	1.0272	7.9541	100.0681	40.6957	0.8230	0.8267	5.0000	-9999.0000	-9999.0000	-9999.0000	-9999.0000	-9999.0000	-9999.0000	17.3080	2	0	30.8579	1.0000	99	9	-9999.0000	21926	49374	-9999	-9999	174	404	329.2956	5	0.6470	0.6523	-0.0003	29.3419	1.7525	479.9753	529.0063	45.0231	487.6729	95.2083	479.5137	94.9074	483.0202	94.7685	486.4148	94.7454	
23/08/2017	02:52:13	011995	G523095445HLR	L523	S		452.2838	1.0400	0.0000	100.0655	39.9297	0.8230	1.1613	5.0000	29.8317	508.0305	94.9074	14.7394	25.1000	0.9300	0.9291	0.6514	-0.0003	508.0000	508.0025	1.0272	7.9497	100.0249	40.6506	0.8230	0.8256	5.0000	-9999.0000	-9999.0000	-9999.0000	-9999.0000	-9999.0000	-9999.0000	17.0691	3	0	37.6376	1.0000	99	9	-9999.0000	21927	49375	-9999	-9999	175	406	328.9598	5	0.6471	0.6514	-0.0003	29.0335	1.7799	478.4631	536.7667	47.8009	486.6488	95.3009	477.9227	94.9769	481.9117	94.8148	483.9208	94.7917	
23/08/2017	02:52:48	011995	G523093720HLR	L523	S		448.1119	1.0400	0.0000	100.1629	39.9333	0.8230	1.1613	5.0000	28.9078	508.0365	94.9537	15.3985	24.9000	0.9300	0.9290	0.6511	-0.0003	508.0000	507.7233	1.0272	7.9525	100.0687	40.6655	0.8230	0.8256	5.0000	-9999.0000	-9999.0000	-9999.0000	-9999.0000	-9999.0000	-9999.0000	17.1416	4	0	34.4079	1.0000	99	9	-9999.0000	21927	49375	-9999	-9999	176	408	328.6851	5	0.6464	0.6511	-0.0003	33.1570	1.5332	476.7399	553.9847	49.0509	485.5612	95.3009	476.2715	94.9306	479.7693	94.7685	482.7710	94.7917	
23/08/2017	02:53:19	011995	G523095504HLR	L523	S		430.0384	1.0400	0.0000	99.9528	39.9333	0.8230	1.1614	5.0000	29.1184	508.0565	94.8148	26.1586	25.1000	0.9300	0.9294	0.6524	-0.0004	508.0000	505.2563	1.0272	7.9777	99.9944	40.6167	0.8230	0.8255	5.0000	-9999.0000	-9999.0000	-9999.0000	-9999.0000	-9999.0000	-9999.0000	17.0691	5	0	31.8577	1.0000	99	9	-9999.0000	21928	49376	-9999	-9999	177	409	327.2369	5	0.6466	0.6524	-0.0004	35.5444	1.4030	455.8039	522.2045	45.5324	464.4306	95.3009	455.0267	94.9306	460.0105	94.8611	462.3935	94.7685	
23/08/2017	02:53:51	011995	G523095586HLR	L523	S		443.2086	1.0400	0.0000	100.0195	39.9356	0.8230	1.1612	5.0000	29.0731	508.0703	94.9537	19.9090	24.9000	0.9300	0.9288	0.6542	-0.0005	508.0000	507.3461	1.0272	7.9564	99.8587	40.6167	0.8230	0.8256	5.0000	-9999.0000	-9999.0000	-9999.0000	-9999.0000	-9999.0000	-9999.0000	17.1175	6	0	31.6484	1.0000	99	9	-9999.0000	21929	49377	-9999	-9999	178	411	327.9556	5	0.6469	0.6542	-0.0005	41.2398	1.0145	468.0318	555.8097	45.2546	475.2587	95.3472	467.5962	94.8843	469.7827	94.6296	472.7831	94.8148	
23/08/2017	02:54:21	011995	G523095506HLR	L523	S		428.6137	1.0400	0.0000	99.8889	39.9294	0.8230	1.1613	5.0000	27.7190	508.0306	94.9074	26.6977	24.9000	0.9300	0.9288	0.6544	-0.0005	508.0000	504.7363	1.0272	7.9830	99.9513	40.6167	0.8230	0.8254	5.0000	-9999.0000	-9999.0000	-9999.0000	-9999.0000	-9999.0000	-9999.0000	17.1284	7	0	30.0881	1.0000	99	9	-9999.0000	21930	49377	-9999	-9999	179	413	326.0273	5	0.6470	0.6544	-0.0005	41.2405	1.0245	454.1602	564.5184	47.4074	462.4210	95.5787	453.6150	95.2546	457.4207	94.7917	459.2234	94.7222	
23/08/2017	02:54:52	011995	G523095527HLR	L523	S		434.4816	1.0400	0.0000	99.8770	39.9020	0.8230	1.1613	5.0000	28.3844	508.0754	94.9074	23.3990	24.9000	0.9300	0.9288	0.6473	0.0000	508.0000	504.4177	1.0272	7.9862	100.0983	40.6234	0.8230	0.8253	5.0000	-9999.0000	-9999.0000	-9999.0000	-9999.0000	-9999.0000	-9999.0000	17.3784	8	0	30.9600	1.0000	99	9	-9999.0000	21931	49378	-9999	-9999	180	415	326.9104	5	0.6470	0.6473	0.0000	34.6697	1.4598	459.0953	551.7104	46.5278	467.2361	95.4398	458.8124	95.0694	460.5434	94.6759	463.2216	94.7222	
