Data	Timp	Nr. masina	Nr. de serie	Tip	Productie	Comentariu	Pre-masurare Q [ml/min]	Pre-masurare Gain	Pre-masurare Offset Master	Pre-masurare P [bar]	Pre-masurare T [°C]	Pre-masurare Densitate fixa [kg/l]	Pre-masurare densitate masurata [kg/l]	Pre-masurare Timp masurare [s]	Pre-masurare Cycle time [s]	rectificare Q Oprire [ml/min]	rectificare P Oprire [bar]	rectificare Timp rectificare [s]	rectificare T [°C]	rectificare Densitate fixa [kg/l]	rectificare densitate masurata [kg/l]	rectificare Factor de masurare la rectificare	rectificare Factor de corectie a debitului	rectificare Target rectificare	Masurare Q [ml/min]	Masurare Gain	Masurare Offset Master	Masurare P [bar]	Masurare T [°C]	Masurare Densitate fixa [kg/l]	Masurare densitate masurata [kg/l]	Masurare Timp masurare [s]	Masurare Q [ml/min]	Masurare Delta Q [ml/min]	Masurare P [bar]	Masurare BP [bar]	Masurare T [°C]	Masurare Timp masurare [s]	Masurare Cycle time [s]	Nest Nr.	Cod de descarcare	Cycle time [s]	Traceability aktiv	EDM Maschine Nr	EDM Spindle Nr	Honing Rate [r	Station Counter Premeasure	Station Counter Grind	Station Counter Blowout 1	Station Counter Wash	Station Counter Measure	Station Counter Blowout 2	RealGrindQStop	Reg Type	Factor 0	Factor 1	Factor 2	Factor 3	Factor 4	G_StartQV	G_StartQV_1	G_StartQV_2	G_StartQV_3	G_StartQV_4	G_StartQV_5	
21/08/2017	00:14:45	011995	G488084736HLR	L488	S		636.8088	1.0400	0.0000	99.9610	39.4000	0.8230	1.1610	5.0000	29.7578	713.0648	94.9769	12.1585	25.7000	0.9300	0.9305	0.6840	-0.0005	713.0000	712.5210	1.0272	-3.2961	99.8155	40.5236	0.8230	0.8257	5.0000	-9999.0000	-9999.0000	-9999.0000	-9999.0000	-9999.0000	-9999.0000	17.0983	2	0	29.5277	1.0000	08	3	-9999.0000	18415	46061	-9999	-9999	2163	4399	483.8928	5	0.6779	0.6840	-0.0005	71.1604	0.9322	671.9725	391.3216	43.7269	654.8517	95.1157	671.3053	94.7222	676.8649	94.5370	682.3911	94.8148	
21/08/2017	00:15:15	011995	G488084731HLR	L488	S		627.9920	1.0400	0.0000	99.8127	39.7000	0.8230	1.1614	5.0000	28.4577	713.0793	94.9306	12.6399	25.5000	0.9300	0.9302	0.6840	-0.0005	713.0000	715.8635	1.0272	-3.4166	99.7083	40.5193	0.8230	0.8252	5.0000	-9999.0000	-9999.0000	-9999.0000	-9999.0000	-9999.0000	-9999.0000	17.2780	3	0	30.3285	1.0000	08	3	-9999.0000	18416	46062	-9999	-9999	2164	4400	483.7608	5	0.6779	0.6840	-0.0005	71.1604	0.9322	671.6782	505.9964	46.4583	656.9832	95.5787	670.5969	94.8380	676.2491	94.6065	681.6111	94.6991	
21/08/2017	00:15:46	011995	G488083817HLR	L488	S		628.3848	1.0400	0.0000	99.7316	39.7831	0.8230	1.1609	5.0000	25.8492	713.0328	95.0000	13.0393	25.4000	0.9300	0.9301	0.6840	-0.0005	713.0000	712.2724	1.0272	-3.2871	100.0151	40.5275	0.8230	0.8248	5.0000	-9999.0000	-9999.0000	-9999.0000	-9999.0000	-9999.0000	-9999.0000	17.2391	4	0	31.1183	1.0000	08	3	-9999.0000	18417	46063	-9999	-9999	2165	4401	483.5729	5	0.6779	0.6840	-0.0005	71.1604	0.9322	669.5089	515.5430	46.4352	651.1143	95.7176	668.4034	95.1852	675.3479	94.6991	679.2027	94.5370	
21/08/2017	00:16:18	011995	G488084739HLR	L488	S		643.2839	1.0400	0.0000	99.7282	39.7250	0.8230	1.1605	5.0000	26.0084	713.0796	94.9537	11.8197	25.5000	0.9300	0.9301	0.6840	-0.0005	713.0000	713.2313	1.0272	-3.3217	99.9882	40.5382	0.8230	0.8247	5.0000	-9999.0000	-9999.0000	-9999.0000	-9999.0000	-9999.0000	-9999.0000	17.2159	5	0	32.0983	1.0000	08	3	-9999.0000	18418	46064	-9999	-9999	2166	4403	484.0220	5	0.6779	0.6840	-0.0005	71.1604	0.9322	675.4130	511.0165	45.6944	660.7699	95.6481	674.2860	95.1852	680.4943	94.6759	685.2770	94.5139	
21/08/2017	00:16:50	011995	G488084729HLR	L488	S		629.4568	1.0400	0.0000	99.7438	39.7126	0.8230	1.1605	5.0000	26.2185	713.0424	94.8843	10.7387	25.4000	0.9300	0.9302	0.6840	-0.0005	713.0000	717.1750	1.0272	-3.4639	99.7499	40.5422	0.8230	0.8246	5.0000	-9999.0000	-9999.0000	-9999.0000	-9999.0000	-9999.0000	-9999.0000	17.2191	6	0	31.6179	1.0000	08	3	-9999.0000	18419	46065	-9999	-9999	2167	4405	484.3258	5	0.6779	0.6840	-0.0005	71.4357	0.8767	678.2383	503.0709	43.9352	659.2992	95.6019	677.3936	95.0926	683.4972	94.6296	688.4729	94.5370	
21/08/2017	00:17:18	011995	G488084744HLR	L488	S		643.9930	1.0400	0.0000	99.7395	39.7267	0.8230	1.1606	5.0000	26.5175	713.0934	94.8843	10.6400	25.4000	0.9300	0.9302	0.6835	-0.0004	713.0000	712.3973	1.0272	-3.2916	99.8162	40.5373	0.8230	0.8243	5.0000	-9999.0000	-9999.0000	-9999.0000	-9999.0000	-9999.0000	-9999.0000	18.3036	7	0	28.0387	1.0000	08	3	-9999.0000	18420	46066	-9999	-9999	2168	4407	484.2790	5	0.6778	0.6835	-0.0004	67.6841	1.1753	677.9679	498.5348	45.9954	658.0254	95.5093	676.9724	95.1389	683.3516	94.6528	688.4519	94.5139	
21/08/2017	00:17:56	011995	G488084727HLR	L488	S		637.5578	1.0400	0.0000	99.7614	39.7496	0.8230	1.1605	5.0000	27.3284	713.0280	94.8843	11.7494	25.4000	0.9300	0.9303	0.6825	-0.0003	713.0000	712.5665	1.0272	-3.2977	99.7901	40.5426	0.8230	0.8242	5.0000	-9999.0000	-9999.0000	-9999.0000	-9999.0000	-9999.0000	-9999.0000	18.5581	8	0	37.7585	1.0000	08	3	-9999.0000	18421	46067	-9999	-9999	2169	4409	483.8408	5	0.6779	0.6825	-0.0003	77.4185	0.4145	674.7633	520.0098	43.5880	658.7879	95.5556	673.8104	95.0000	680.0829	94.6528	685.1572	94.5602	
21/08/2017	00:18:25	011995	G488084726HLR	L488	S		628.4578	1.0400	0.0000	99.9094	39.7726	0.8230	1.1605	5.0000	28.1352	713.0427	94.8611	10.7592	25.5000	0.9300	0.9303	0.6827	-0.0004	713.0000	713.9525	1.0272	-3.3477	100.0281	40.5697	0.8230	0.8245	5.0000	-9999.0000	-9999.0000	-9999.0000	-9999.0000	-9999.0000	-9999.0000	17.4900	1	0	29.2084	1.0000	08	3	-9999.0000	18422	46068	-9999	-9999	2170	4410	484.0749	5	0.6778	0.6827	-0.0004	64.9762	1.4003	675.7065	544.5706	47.4537	661.6776	95.5324	674.7374	95.0231	682.4477	94.6296	686.9467	94.5833	
21/08/2017	00:18:58	011995	G488084714HLR	L488	S		629.3874	1.0400	0.0000	99.8024	39.7871	0.8230	1.1604	5.0000	29.1283	713.0662	94.9074	7.5094	25.4000	0.9300	0.9301	0.6821	-0.0003	713.0000	710.0377	1.0272	-3.2066	99.7792	40.5667	0.8230	0.8253	5.0000	-9999.0000	-9999.0000	-9999.0000	-9999.0000	-9999.0000	-9999.0000	17.2987	2	0	33.1380	1.0000	08	3	-9999.0000	18422	46069	-9999	-9999	2171	4412	484.6931	5	0.6777	0.6821	-0.0003	79.0870	0.2956	689.3708	548.8616	45.7870	651.9560	95.5093	688.5627	94.8843	695.2312	94.5833	700.2058	94.5833	
21/08/2017	00:19:28	011995	G488084734HLR	L488	S		642.6094	1.0400	0.0000	100.0072	39.8052	0.8230	1.1604	5.0000	28.6029	713.0499	94.9306	12.5794	25.4000	0.9300	0.9304	0.6837	-0.0004	713.0000	713.6248	1.0272	-3.3359	99.7935	40.5667	0.8230	0.8249	5.0000	-9999.0000	-9999.0000	-9999.0000	-9999.0000	-9999.0000	-9999.0000	17.2478	3	0	29.6378	1.0000	08	3	-9999.0000	18423	46070	-9999	-9999	2172	4414	483.5457	5	0.6778	0.6837	-0.0004	60.7142	1.7337	673.0343	502.1996	47.0833	657.0747	95.3009	672.0751	94.8843	679.5785	94.6296	684.2321	94.5370	
21/08/2017	00:19:56	011995	G488084615HLR	L488	S		631.6044	1.0400	0.0000	99.7650	39.8376	0.8230	1.1606	5.0000	25.0385	713.0641	94.6759	26.8687	25.3000	0.9300	0.9301	0.6841	-0.0005	713.0000	723.5769	1.0272	-3.6948	99.8092	40.5751	0.8230	0.8251	5.0000	-9999.0000	-9999.0000	-9999.0000	-9999.0000	-9999.0000	-9999.0000	17.2996	4	2	28.4789	1.0000	08	3	-9999.0000	18424	46070	-9999	-9999	2173	4416	478.5457	5	0.6778	0.6841	-0.0005	60.4455	1.7556	504.2207	527.7060	47.7315	468.2890	96.8056	498.9748	95.9722	538.1563	94.6991	563.1312	94.5602	
21/08/2017	00:20:28	011995	G488084633HLR	L488	S		631.1071	1.0400	0.0000	99.8268	39.8200	0.8230	1.1604	5.0000	27.2797	713.0602	94.9074	16.7393	25.3000	0.9300	0.9301	0.6841	-0.0005	713.0000	709.3484	1.0272	-3.1817	100.0729	40.5776	0.8230	0.8248	5.0000	-9999.0000	-9999.0000	-9999.0000	-9999.0000	-9999.0000	-9999.0000	17.5480	5	0	31.4484	1.0000	08	3	-9999.0000	18425	46071	-9999	-9999	2174	4417	482.0067	5	0.6778	0.6841	-0.0005	60.4455	1.7556	656.5055	514.5108	47.1991	642.8334	95.8102	655.3622	95.2546	661.9062	94.5370	665.7237	94.4907	
21/08/2017	00:20:56	011995	G488082591HLR	L488	S		617.3293	1.0400	0.0000	99.7712	39.8366	0.8230	1.1604	5.0000	26.2790	713.0746	94.8843	22.1589	25.3000	0.9300	0.9301	0.6852	-0.0006	713.0000	711.0157	1.0272	-3.2418	99.8716	40.5948	0.8230	0.8245	5.0000	-9999.0000	-9999.0000	-9999.0000	-9999.0000	-9999.0000	-9999.0000	17.2056	6	0	28.5483	1.0000	08	3	-9999.0000	18426	46071	-9999	-9999	2175	4419	479.6011	5	0.6779	0.6852	-0.0006	62.9303	1.5064	645.1357	510.9285	45.4861	630.7561	95.8102	644.0473	95.2083	651.6847	94.5602	655.8288	94.4444	
21/08/2017	00:21:26	011995	G488084638HLR	L488	S		634.2475	1.0400	0.0000	99.8229	39.8333	0.8230	1.1604	5.0000	27.3066	713.0300	94.9769	14.8488	25.3000	0.9300	0.9301	0.6852	-0.0006	713.0000	707.9021	1.0272	-3.1295	100.0358	40.5998	0.8230	0.8246	5.0000	-9999.0000	-9999.0000	-9999.0000	-9999.0000	-9999.0000	-9999.0000	17.1986	7	0	30.1184	1.0000	08	3	-9999.0000	18427	46072	-9999	-9999	2176	4421	482.5078	5	0.6779	0.6852	-0.0006	62.9303	1.5064	661.6682	549.0655	47.8935	647.8478	95.6713	660.7243	95.0231	666.2315	94.4676	671.1590	94.7222	
21/08/2017	00:21:55	011995	G488082592HLR	L488	S		567.3202	1.0400	0.0000	99.8455	39.8442	0.8230	1.1606	5.0000	26.6791	0.0000	0.0000	0.0000	0.0000	0.9300	0.0000	0.0000	0.0000	0.0000	624.4923	1.0272	0.5026	99.7556	40.6150	0.8230	0.8250	5.0000	-9999.0000	-9999.0000	-9999.0000	-9999.0000	-9999.0000	-9999.0000	17.2154	8	7	28.9477	1.0000	08	3	-9999.0000	18428	0	-9999	-9999	2177	4423	0.0000	0	0.0000	0.0000	0.0000	0.0000	0.0000	0.0000	0.0000	0.0000	0.0000	0.0000	0.0000	0.0000	0.0000	0.0000	0.0000	0.0000	
21/08/2017	00:22:25	011995	G488084644HLR	L488	S		631.3723	1.0400	0.0000	99.7779	39.8552	0.8230	1.1605	5.0000	25.5174	713.1031	94.7454	17.5489	25.4000	0.9300	0.9305	0.6843	-0.0005	713.0000	710.9344	1.0272	-3.2389	100.0546	40.6282	0.8230	0.8246	5.0000	-9999.0000	-9999.0000	-9999.0000	-9999.0000	-9999.0000	-9999.0000	17.4382	1	0	29.8604	1.0000	08	3	-9999.0000	18428	46072	-9999	-9999	2177	4425	481.8138	5	0.6775	0.6843	-0.0005	72.1615	0.7806	657.8908	494.0020	44.3519	643.4695	95.5556	657.0384	95.0000	662.9402	94.6296	667.8805	94.4907	
21/08/2017	00:22:57	011995	G488084643HLR	L488	S		629.6527	1.0400	0.0000	99.8183	39.8506	0.8230	1.1603	5.0000	28.4682	713.1193	95.0000	15.8693	25.4000	0.9300	0.9302	0.6837	-0.0004	713.0000	709.6557	1.0272	-3.1928	99.8247	40.6404	0.8230	0.8248	5.0000	-9999.0000	-9999.0000	-9999.0000	-9999.0000	-9999.0000	-9999.0000	17.5255	2	0	31.4535	1.0000	08	3	-9999.0000	18429	46072	-9999	-9999	2178	4427	482.6722	5	0.6774	0.6837	-0.0004	68.6045	1.0224	658.8287	512.5755	46.1806	645.1620	95.6019	658.1077	95.0694	664.8722	94.5602	668.5256	94.5139	
21/08/2017	00:23:27	011995	G488082601HLR	L488	S		631.4598	1.0400	0.0000	99.8551	39.8848	0.8230	1.1605	5.0000	25.5591	713.0556	94.9074	16.6388	25.4000	0.9300	0.9302	0.6836	-0.0004	713.0000	710.1596	1.0272	-3.2109	100.0011	40.6413	0.8230	0.8248	5.0000	-9999.0000	-9999.0000	-9999.0000	-9999.0000	-9999.0000	-9999.0000	17.5785	3	0	30.5512	1.0000	08	3	-9999.0000	18430	46072	-9999	-9999	2178	4429	482.4555	5	0.6777	0.6836	-0.0004	68.4496	1.0032	658.7357	521.7365	44.0278	646.0981	95.7176	657.6592	95.0926	663.5697	94.5370	668.1350	94.5370	
21/08/2017	00:23:58	011995	G488084626HLR	L488	S		634.3103	1.0400	0.0000	99.9093	39.8753	0.8230	1.1603	5.0000	27.1591	713.0507	95.0231	15.9386	25.4000	0.9300	0.9302	0.6836	-0.0004	713.0000	709.3802	1.0272	-3.1828	99.7680	40.6396	0.8230	0.8248	5.0000	-9999.0000	-9999.0000	-9999.0000	-9999.0000	-9999.0000	-9999.0000	17.1665	4	0	30.9486	1.0000	08	3	-9999.0000	18431	46073	-9999	-9999	2179	4431	482.6589	5	0.6777	0.6836	-0.0004	68.4496	1.0032	660.3428	539.3353	47.9630	648.7679	95.6019	659.2951	95.0000	664.7636	94.5139	669.4786	94.6296	
21/08/2017	00:24:29	011995	G488084642HLR	L488	S		634.1474	1.0400	0.0000	99.7678	39.8893	0.8230	1.1607	5.0000	25.9829	713.1716	94.9306	13.9787	25.3000	0.9300	0.9301	0.6830	-0.0004	713.0000	708.7937	1.0272	-3.1617	99.6980	40.6406	0.8230	0.8246	5.0000	-9999.0000	-9999.0000	-9999.0000	-9999.0000	-9999.0000	-9999.0000	17.3531	5	0	30.7784	1.0000	08	3	-9999.0000	18432	46074	-9999	-9999	2180	4432	483.4129	5	0.6776	0.6830	-0.0004	70.4868	0.8679	666.7921	510.1167	46.6898	653.9880	95.5556	665.8404	95.0231	671.6253	94.5370	676.4604	94.5602	
21/08/2017	00:24:57	011995	G488082613HLR	L488	S		632.4838	1.0400	0.0000	99.9356	39.8937	0.8230	1.1604	5.0000	26.8385	713.0239	95.0926	15.2384	25.4000	0.9300	0.9303	0.6826	-0.0003	713.0000	710.1921	1.0272	-3.2121	99.9464	40.6463	0.8230	0.8247	5.0000	-9999.0000	-9999.0000	-9999.0000	-9999.0000	-9999.0000	-9999.0000	17.2991	6	0	28.3978	1.0000	08	3	-9999.0000	18433	46075	-9999	-9999	2181	4434	482.9995	5	0.6776	0.6826	-0.0003	70.2154	0.8664	662.9227	512.1907	45.8796	646.6553	95.6019	661.7853	95.0000	668.4699	94.5370	672.1964	94.5602	
21/08/2017	00:25:28	011995	G488082604HLR	L488	S		632.1390	1.0400	0.0000	99.9679	39.8957	0.8230	1.1603	5.0000	28.5081	713.0452	94.8148	17.1290	25.4000	0.9300	0.9302	0.6823	-0.0003	713.0000	710.8493	1.0272	-3.2358	100.0462	40.6497	0.8230	0.8246	5.0000	-9999.0000	-9999.0000	-9999.0000	-9999.0000	-9999.0000	-9999.0000	17.4145	7	0	30.6087	1.0000	08	3	-9999.0000	18434	46076	-9999	-9999	2182	4436	482.7734	5	0.6777	0.6823	-0.0003	70.1656	0.8443	659.8530	520.6029	46.2963	646.2788	95.6250	658.9260	95.0463	665.2026	94.5833	668.4272	94.5139	
21/08/2017	00:25:59	011995	G488082630HLR	L488	S		628.4435	1.0400	0.0000	99.8692	39.9098	0.8230	1.1603	5.0000	27.5082	713.0192	94.9074	19.9394	25.4000	0.9300	0.9302	0.6818	-0.0003	713.0000	713.5943	1.0272	-3.3348	99.8213	40.6723	0.8230	0.8251	5.0000	-9999.0000	-9999.0000	-9999.0000	-9999.0000	-9999.0000	-9999.0000	17.1385	8	0	30.7640	1.0000	08	3	-9999.0000	18435	46077	-9999	-9999	2183	4438	482.3233	5	0.6779	0.6818	-0.0003	69.7881	0.8228	658.4494	563.9674	47.2222	646.8377	95.6944	657.2190	95.1389	662.6295	94.6065	666.5017	94.4907	
21/08/2017	00:26:31	011995	G488084636HLR	L488	S		631.5370	1.0400	0.0000	99.9657	39.9217	0.8230	1.1603	5.0000	27.4985	713.0801	94.7222	17.9785	25.4000	0.9300	0.9301	0.6818	-0.0003	713.0000	710.4372	1.0272	-3.2210	99.8848	40.6740	0.8230	0.8250	5.0000	-9999.0000	-9999.0000	-9999.0000	-9999.0000	-9999.0000	-9999.0000	17.3189	1	0	31.8449	1.0000	08	3	-9999.0000	18436	46078	-9999	-9999	2184	4439	482.8911	5	0.6779	0.6818	-0.0003	69.7881	0.8228	657.0009	574.3668	48.5417	645.5133	95.7407	656.5703	95.0694	662.1089	94.5139	665.1155	94.6991	
21/08/2017	00:27:01	011995	G488084646HLR	L488	S		635.9422	1.0400	0.0000	99.9506	39.9301	0.8230	1.1603	5.0000	27.8041	713.0501	95.0231	15.1388	25.4000	0.9300	0.9302	0.6818	-0.0003	713.0000	709.2746	1.0272	-3.1790	100.0382	40.6724	0.8230	0.8250	5.0000	-9999.0000	-9999.0000	-9999.0000	-9999.0000	-9999.0000	-9999.0000	17.3885	2	0	30.4355	1.0000	08	3	-9999.0000	18437	46078	-9999	-9999	2185	4441	483.4955	5	0.6779	0.6818	-0.0003	69.6377	0.8154	664.4165	514.2828	45.7407	649.7670	95.6481	663.5989	95.0926	668.9773	94.5370	672.7145	94.5370	
21/08/2017	00:27:31	011995	G488082605HLR	L488	S		629.4982	1.0400	0.0000	99.8871	39.9408	0.8230	1.1608	5.0000	25.4134	713.0208	94.6991	18.0098	25.4000	0.9300	0.9302	0.6817	-0.0002	713.0000	711.6769	1.0272	-3.2657	100.0330	40.6644	0.8230	0.8248	5.0000	-9999.0000	-9999.0000	-9999.0000	-9999.0000	-9999.0000	-9999.0000	17.2888	3	0	30.1987	1.0000	08	3	-9999.0000	18438	46079	-9999	-9999	2186	4443	483.0493	5	0.6780	0.6817	-0.0002	69.9087	0.7760	659.0548	521.5240	46.9444	648.0656	95.7176	658.0665	95.2546	663.6103	94.6065	666.0199	94.4676	
21/08/2017	00:28:02	011995	G488082633HLR	L488	S		630.8415	1.0400	0.0000	99.7723	39.9333	0.8230	1.1602	5.0000	27.6283	713.0407	94.9074	16.5792	25.4000	0.9300	0.9301	0.6824	-0.0003	713.0000	709.2629	1.0272	-3.1786	99.8308	40.6684	0.8230	0.8247	5.0000	-9999.0000	-9999.0000	-9999.0000	-9999.0000	-9999.0000	-9999.0000	17.3478	4	0	31.1090	1.0000	08	3	-9999.0000	18439	46079	-9999	-9999	2187	4445	483.2597	5	0.6779	0.6824	-0.0003	69.4012	0.8004	659.4173	526.0615	45.1157	645.9838	95.6944	658.8983	95.1389	663.5651	94.5833	667.6236	94.5370	
21/08/2017	00:28:34	011995	G488082622HLR	L488	S		631.5861	1.0400	0.0000	99.9710	39.9356	0.8230	1.1603	5.0000	27.7217	713.0566	95.0231	14.8400	25.4000	0.9300	0.9302	0.6811	-0.0002	713.0000	709.7777	1.0272	-3.1972	99.8175	40.6719	0.8230	0.8248	5.0000	-9999.0000	-9999.0000	-9999.0000	-9999.0000	-9999.0000	-9999.0000	17.3894	5	0	31.5477	1.0000	08	3	-9999.0000	18440	46080	-9999	-9999	2188	4447	483.8367	5	0.6781	0.6811	-0.0002	71.5578	0.6171	664.7569	514.9195	46.9676	652.3976	95.6250	663.2360	95.1852	670.0403	94.5602	673.7741	94.4444	
21/08/2017	00:29:05	011995	G488082626HLR	L488	S		632.8741	1.0400	0.0000	99.9132	39.9333	0.8230	1.1602	5.0000	28.8475	713.0272	95.0926	16.0685	25.4000	0.9300	0.9302	0.6813	-0.0002	713.0000	709.9652	1.0272	-3.2039	99.7959	40.6720	0.8230	0.8248	5.0000	-9999.0000	-9999.0000	-9999.0000	-9999.0000	-9999.0000	-9999.0000	17.1989	6	0	31.3479	1.0000	08	3	-9999.0000	18441	46081	-9999	-9999	2189	4449	483.7393	5	0.6782	0.6813	-0.0002	71.1087	0.6263	661.6343	482.6258	44.7685	647.3270	95.6481	660.9296	95.0694	665.5062	94.5833	670.7608	94.4907	
21/08/2017	00:29:34	011995	G488082607HLR	L488	S		633.0292	1.0400	0.0000	99.8997	39.9481	0.8230	1.1602	5.0000	27.4578	713.0583	94.8611	16.7784	25.3000	0.9300	0.9302	0.6815	-0.0002	713.0000	711.1273	1.0272	-3.2458	100.0669	40.6688	0.8230	0.8247	5.0000	-9999.0000	-9999.0000	-9999.0000	-9999.0000	-9999.0000	-9999.0000	17.2187	7	0	29.2288	1.0000	08	3	-9999.0000	18441	46082	-9999	-9999	2190	4451	483.7658	5	0.6783	0.6815	-0.0002	70.7470	0.6441	661.3537	516.2774	46.7824	647.6139	95.5787	660.0227	95.2546	665.2916	94.5833	668.9633	94.4676	
21/08/2017	00:30:07	011995	G488082637HLR	L488	S		636.9314	1.0400	0.0000	99.9533	39.9563	0.8230	1.1603	5.0000	27.1976	713.0529	95.0926	15.6691	25.3000	0.9300	0.9302	0.6813	-0.0002	713.0000	712.4202	1.0272	-3.2925	99.8968	40.6653	0.8230	0.8246	5.0000	-9999.0000	-9999.0000	-9999.0000	-9999.0000	-9999.0000	-9999.0000	17.1286	8	0	32.5582	1.0000	08	3	-9999.0000	18441	46083	-9999	-9999	2191	4453	483.9890	5	0.6784	0.6813	-0.0002	69.8257	0.6680	668.1293	527.6217	45.0463	654.7751	95.4167	667.6187	94.9306	672.9481	94.5139	676.8712	94.5370	
21/08/2017	00:30:38	011995	G488082628HLR	L488	S		631.1823	1.0400	0.0000	99.9583	39.9602	0.8230	1.1602	5.0000	28.0955	713.0396	94.8380	19.1591	25.3000	0.9300	0.9302	0.6814	-0.0002	713.0000	713.6709	1.0272	-3.3376	99.8295	40.6715	0.8230	0.8246	5.0000	-9999.0000	-9999.0000	-9999.0000	-9999.0000	-9999.0000	-9999.0000	17.5095	1	0	30.8885	1.0000	08	3	-9999.0000	18441	46083	-9999	-9999	2192	4455	483.6282	5	0.6785	0.6814	-0.0002	68.3864	0.7345	658.8992	547.1526	45.9259	646.1977	95.5324	658.2595	95.0926	662.6493	94.6065	666.3129	94.4907	
21/08/2017	00:31:08	011995	G488082627HLR	L488	S		632.5509	1.0400	0.0000	100.0530	39.9667	0.8230	1.1602	5.0000	28.5785	713.0735	94.8148	17.0489	25.3000	0.9300	0.9302	0.6813	-0.0002	713.0000	714.4787	1.0272	-3.3667	99.7863	40.6564	0.8230	0.8245	5.0000	-9999.0000	-9999.0000	-9999.0000	-9999.0000	-9999.0000	-9999.0000	17.2487	2	0	30.5282	1.0000	08	3	-9999.0000	18442	46084	-9999	-9999	2193	4457	484.0141	5	0.6785	0.6813	-0.0002	65.6296	0.8654	664.2431	559.6087	46.0417	651.6697	95.5093	663.9116	95.0231	668.2774	94.5139	671.7874	94.5370	
21/08/2017	00:31:37	011995	G488082619HLR	L488	S		630.0079	1.0400	0.0000	99.8992	39.9705	0.8230	1.1602	5.0000	28.3396	713.0503	94.8843	16.6592	25.4000	0.9300	0.9302	0.6814	-0.0001	713.0000	712.5714	1.0272	-3.2979	99.7948	40.6557	0.8230	0.8244	5.0000	-9999.0000	-9999.0000	-9999.0000	-9999.0000	-9999.0000	-9999.0000	17.4684	3	0	28.5378	1.0000	08	3	-9999.0000	18443	46085	-9999	-9999	2194	4459	484.1600	5	0.6786	0.6814	-0.0001	54.1642	1.4838	664.6485	532.6321	45.5093	653.2949	95.5093	663.7887	94.9769	668.7510	94.5139	672.3454	94.5370	
21/08/2017	00:32:08	011995	G488082635HLR	L488	S		633.2680	1.0400	0.0000	99.8037	39.9866	0.8230	1.1603	5.0000	26.2787	713.0481	95.0463	15.4796	25.4000	0.9300	0.9303	0.6812	-0.0001	713.0000	711.8652	1.0272	-3.2725	99.8274	40.6392	0.8230	0.8235	5.0000	-9999.0000	-9999.0000	-9999.0000	-9999.0000	-9999.0000	-9999.0000	19.1753	4	0	31.1790	1.0000	08	3	-9999.0000	18444	46086	-9999	-9999	2195	4461	484.4410	5	0.6788	0.6812	-0.0001	53.8275	1.4868	664.1393	555.8439	47.0602	651.4529	95.5324	662.7594	95.0926	669.4107	94.5602	673.8168	94.4907	
21/08/2017	00:32:39	011995	G488083788HLR	L488	S		632.3050	1.0400	0.0000	99.8508	39.9735	0.8230	1.1601	5.0000	29.5881	713.0356	94.9769	15.7794	25.3000	0.9300	0.9302	0.6818	-0.0002	713.0000	710.6437	1.0272	-3.2284	99.7841	40.6730	0.8230	0.8246	5.0000	-9999.0000	-9999.0000	-9999.0000	-9999.0000	-9999.0000	-9999.0000	17.5087	5	0	30.8381	1.0000	08	3	-9999.0000	18445	46087	-9999	-9999	2196	4463	484.3210	5	0.6788	0.6818	-0.0002	52.5155	1.5565	662.2416	503.8223	45.5093	648.4174	95.5324	661.4084	95.0694	667.7833	94.5833	670.9174	94.5139	
21/08/2017	00:33:08	011995	G488083787HLR	L488	S		633.4464	1.0400	0.0000	100.0074	39.9939	0.8230	1.1602	5.0000	27.9175	713.0528	95.0000	15.8087	25.4000	0.9300	0.9303	0.6827	-0.0002	713.0000	712.4656	1.0272	-3.2941	99.8974	40.6443	0.8230	0.8233	5.0000	-9999.0000	-9999.0000	-9999.0000	-9999.0000	-9999.0000	-9999.0000	19.7281	6	0	29.2388	1.0000	08	3	-9999.0000	18446	46088	-9999	-9999	2197	4465	484.3788	5	0.6788	0.6827	-0.0002	52.3736	1.5727	661.9645	551.7178	48.4722	651.7627	95.5093	660.9938	94.9306	667.6626	94.5139	671.1430	94.6759	
21/08/2017	00:33:38	011995	G488083808HLR	L488	S		633.3128	1.0400	0.0000	100.0190	40.0000	0.8230	1.1602	5.0000	27.5378	713.0714	94.9769	15.8185	25.4000	0.9300	0.9302	0.6829	-0.0002	713.0000	712.5913	1.0272	-3.2986	99.7947	40.6597	0.8230	0.8238	5.0000	-9999.0000	-9999.0000	-9999.0000	-9999.0000	-9999.0000	-9999.0000	18.5092	7	0	29.5385	1.0000	08	3	-9999.0000	18447	46089	-9999	-9999	2197	4467	484.4362	5	0.6788	0.6829	-0.0002	52.2928	1.5868	661.5020	530.3479	47.5694	650.0535	95.5093	660.7061	94.9306	667.7186	94.5139	672.2226	94.6528	
21/08/2017	00:34:08	011995	G488084722HLR	L488	S		632.2126	1.0400	0.0000	99.9571	40.0034	0.8230	1.1603	5.0000	25.5583	713.0607	94.9769	14.8498	25.3000	0.9300	0.9302	0.6836	-0.0003	713.0000	713.5529	1.0272	-3.3333	99.7029	40.6858	0.8230	0.8247	5.0000	-9999.0000	-9999.0000	-9999.0000	-9999.0000	-9999.0000	-9999.0000	17.3982	8	0	29.9376	1.0000	08	3	-9999.0000	18448	46090	-9999	-9999	2198	4469	484.6796	5	0.6789	0.6836	-0.0003	52.8850	1.5616	668.8997	539.6822	46.1343	654.3273	95.4861	668.1167	95.0463	671.7253	94.5602	675.4709	94.5139	
21/08/2017	00:34:38	011995	G488084720HLR	L488	S		631.7887	1.0400	0.0000	100.0154	40.0000	0.8230	1.1602	5.0000	28.1279	713.0933	94.9306	14.3791	25.4000	0.9300	0.9302	0.6848	-0.0003	713.0000	712.5916	1.0272	-3.2987	99.9446	40.6942	0.8230	0.8252	5.0000	-9999.0000	-9999.0000	-9999.0000	-9999.0000	-9999.0000	-9999.0000	17.1360	1	0	30.1382	1.0000	08	3	-9999.0000	18449	46091	-9999	-9999	2199	4471	484.9905	5	0.6791	0.6848	-0.0003	53.1862	1.5435	664.1275	522.7889	45.3935	649.1633	95.4861	662.8698	95.0463	669.9243	94.5602	674.4134	94.5139	
21/08/2017	00:35:07	011995	G488082737HLR	L488	S		630.4910	1.0400	0.0000	100.3198	40.0000	0.8230	1.1602	5.0000	27.8480	713.0095	94.6528	17.7686	25.4000	0.9300	0.9303	0.6952	-0.0009	713.0000	712.5084	1.0272	-3.2957	100.1326	40.6869	0.8230	0.8245	5.0000	-9999.0000	-9999.0000	-9999.0000	-9999.0000	-9999.0000	-9999.0000	18.3485	2	0	29.1528	1.0000	08	3	-9999.0000	18450	46092	-9999	-9999	2200	4473	484.0807	5	0.6791	0.6952	-0.0009	52.1932	1.6080	654.6268	501.1371	44.3981	638.6719	95.5787	653.7560	95.1389	660.2648	94.6065	663.8525	94.4907	
21/08/2017	00:35:37	011995	G488082746HLR	L488	S		632.1595	1.0400	0.0000	99.8367	40.0110	0.8230	1.1602	5.0000	26.2593	713.0796	94.8843	16.6690	25.4000	0.9300	0.9302	0.6952	-0.0009	713.0000	712.6297	1.0272	-3.3000	99.9499	40.6948	0.8230	0.8251	5.0000	-9999.0000	-9999.0000	-9999.0000	-9999.0000	-9999.0000	-9999.0000	17.3789	3	0	29.7140	1.0000	08	3	-9999.0000	18451	46093	-9999	-9999	2201	4475	484.6781	5	0.6791	0.6952	-0.0009	52.1932	1.6080	649.8067	534.7598	46.9444	638.7088	95.6019	648.4841	95.0926	655.5565	94.5602	660.5507	94.5139	
21/08/2017	00:36:08	011995	G488083782HLR	L488	S		630.8861	1.0400	0.0000	99.9694	40.0080	0.8230	1.1602	5.0000	26.5785	713.1143	94.9537	16.1095	25.3000	0.9300	0.9302	0.6946	-0.0009	713.0000	713.4473	1.0272	-3.3295	100.0356	40.7058	0.8230	0.8253	5.0000	-9999.0000	-9999.0000	-9999.0000	-9999.0000	-9999.0000	-9999.0000	17.2675	4	0	31.7483	1.0000	08	3	-9999.0000	18452	46094	-9999	-9999	2202	4477	485.0918	5	0.6792	0.6946	-0.0009	53.3230	1.5483	652.8139	529.7266	46.8519	640.1046	95.6019	651.6754	95.0926	658.8286	94.5602	662.3885	94.5139	
21/08/2017	00:36:40	011995	G488083785HLR	L488	S		630.8286	1.0400	0.0000	99.8913	40.0086	0.8230	1.1602	5.0000	26.9380	713.0606	94.7685	17.0391	25.3000	0.9300	0.9303	0.6941	-0.0009	713.0000	712.2038	1.0272	-3.2847	99.9280	40.6788	0.8230	0.8237	5.0000	-9999.0000	-9999.0000	-9999.0000	-9999.0000	-9999.0000	-9999.0000	19.7887	5	0	31.1282	1.0000	08	3	-9999.0000	18453	46095	-9999	-9999	2203	4479	484.3581	5	0.6791	0.6941	-0.0009	54.6387	1.4780	649.6072	535.8952	45.3009	639.5402	95.6019	648.5935	95.1157	655.3610	94.5602	660.3023	94.5139	
21/08/2017	00:37:08	011995	G488083784HLR	L488	S		632.4578	1.0400	0.0000	100.0010	40.0092	0.8230	1.1602	5.0000	27.1638	713.0426	94.6528	17.7090	25.3000	0.9300	0.9302	0.6940	-0.0009	713.0000	715.6194	1.0272	-3.4078	99.7087	40.6940	0.8230	0.8250	5.0000	-9999.0000	-9999.0000	-9999.0000	-9999.0000	-9999.0000	-9999.0000	17.2491	6	0	28.3286	1.0000	08	3	-9999.0000	18454	46096	-9999	-9999	2204	4481	483.9471	5	0.6796	0.6940	-0.0009	53.2907	1.5698	652.6446	536.5433	46.8287	639.7351	95.5556	651.6696	95.1157	658.3134	94.5602	662.1849	94.4676	
21/08/2017	00:37:38	011995	G488082726HLR	L488	S		634.0750	1.0400	0.0000	99.8658	40.0176	0.8230	1.1602	5.0000	26.1686	713.0673	94.9537	14.9191	25.3000	0.9300	0.9302	0.6940	-0.0009	713.0000	713.2449	1.0272	-3.3222	100.0560	40.6902	0.8230	0.8249	5.0000	-9999.0000	-9999.0000	-9999.0000	-9999.0000	-9999.0000	-9999.0000	17.2939	7	0	30.0287	1.0000	08	3	-9999.0000	18455	46097	-9999	-9999	2205	4483	485.7092	5	0.6796	0.6940	-0.0009	53.2907	1.5698	656.6066	496.3823	43.2870	642.2499	95.5093	655.6069	95.0231	662.7212	94.5139	667.0356	94.5370	
21/08/2017	00:38:07	011995	G488082727HLR	L488	S		634.3569	1.0400	0.0000	100.0137	40.0183	0.8230	1.1602	5.0000	26.7569	713.0910	94.9074	16.3487	25.4000	0.9300	0.9303	0.6939	-0.0009	713.0000	713.0276	1.0272	-3.3144	99.7964	40.7067	0.8230	0.8252	5.0000	-9999.0000	-9999.0000	-9999.0000	-9999.0000	-9999.0000	-9999.0000	17.2283	8	0	29.2289	1.0000	08	3	-9999.0000	18456	46098	-9999	-9999	2206	4485	484.8507	5	0.6797	0.6939	-0.0009	54.8342	1.4871	652.7528	498.7787	44.3981	640.6126	95.5556	651.7278	95.0694	658.5531	94.5602	663.7373	94.4907	
21/08/2017	00:38:37	011995	G488082756HLR	L488	S		631.8136	1.0400	0.0000	99.9797	40.0036	0.8230	1.1601	5.0000	28.7280	713.0321	94.8148	16.9591	25.4000	0.9300	0.9302	0.6930	-0.0008	713.0000	712.2566	1.0272	-3.2866	100.1116	40.7089	0.8230	0.8254	5.0000	-9999.0000	-9999.0000	-9999.0000	-9999.0000	-9999.0000	-9999.0000	17.1693	1	0	30.2775	1.0000	08	3	-9999.0000	18457	46099	-9999	-9999	2207	4487	484.4554	5	0.6798	0.6930	-0.0008	56.9943	1.3578	652.2158	525.7677	46.2037	639.2072	95.5093	651.3470	95.0694	657.5866	94.5602	662.3504	94.4907	
21/08/2017	00:39:08	011995	G488082757HLR	L488	S		632.2023	1.0400	0.0000	100.0316	40.0122	0.8230	1.1601	5.0000	28.1488	713.0204	95.0463	15.1291	25.4000	0.9300	0.9303	0.6933	-0.0008	713.0000	712.4774	1.0272	-3.2945	99.8094	40.6868	0.8230	0.8239	5.0000	-9999.0000	-9999.0000	-9999.0000	-9999.0000	-9999.0000	-9999.0000	19.5082	2	0	31.0385	1.0000	08	3	-9999.0000	18458	46100	-9999	-9999	2208	4489	485.4605	5	0.6797	0.6933	-0.0008	58.3141	1.2903	655.4299	477.9224	46.2731	640.8696	95.5093	654.3780	95.0000	661.4663	94.5370	666.6796	94.5833	
21/08/2017	00:39:40	011995	G488082738HLR	L488	S		631.8027	1.0400	0.0000	99.9522	40.0303	0.8230	1.1603	5.0000	25.3686	713.0206	94.7685	17.2686	25.4000	0.9300	0.9302	0.6927	-0.0008	713.0000	713.6164	1.0272	-3.3356	99.8991	40.7097	0.8230	0.8253	5.0000	-9999.0000	-9999.0000	-9999.0000	-9999.0000	-9999.0000	-9999.0000	17.4810	3	0	31.7082	1.0000	08	3	-9999.0000	18459	46101	-9999	-9999	2209	4491	484.2689	5	0.6798	0.6927	-0.0008	58.8882	1.2636	651.6013	527.5726	48.1250	637.4851	95.5556	650.6042	95.0231	658.0177	94.5139	662.7240	94.5602	
21/08/2017	00:40:08	011995	G488084612HLR	L488	S		628.7132	1.0400	0.0000	100.0102	40.0213	0.8230	1.1601	5.0000	27.0981	713.1114	94.7222	17.5098	25.4000	0.9300	0.9302	0.6926	-0.0008	713.0000	710.2687	1.0272	-3.2149	100.0602	40.7054	0.8230	0.8252	5.0000	-9999.0000	-9999.0000	-9999.0000	-9999.0000	-9999.0000	-9999.0000	17.2085	4	0	27.7787	1.0000	08	2	-9999.0000	18460	46102	-9999	-9999	2210	4493	484.2570	5	0.6798	0.6926	-0.0008	58.4016	1.2912	647.3640	530.4217	47.3148	634.8662	95.5787	646.2958	95.1157	653.7572	94.5602	658.1480	94.4907	
21/08/2017	00:40:38	011995	G488084641HLR	L488	S		637.6645	1.0400	0.0000	99.8024	40.0330	0.8230	1.1602	5.0000	26.2191	713.0515	94.9537	14.1789	25.4000	0.9300	0.9302	0.6926	-0.0008	713.0000	710.4953	1.0272	-3.2231	99.8676	40.6741	0.8230	0.8238	5.0000	-9999.0000	-9999.0000	-9999.0000	-9999.0000	-9999.0000	-9999.0000	18.9277	5	0	29.9788	1.0000	08	2	-9999.0000	18461	46103	-9999	-9999	2211	4495	486.0628	5	0.6798	0.6926	-0.0008	58.4016	1.2912	662.3372	537.3224	47.5231	648.5651	95.4861	661.2671	94.9306	668.1105	94.4907	672.1131	94.6759	
21/08/2017	00:41:10	011995	G488082614HLR	L488	S		625.1872	1.0400	0.0000	100.0068	40.0313	0.8230	1.1602	5.0000	27.3382	713.0292	94.8611	19.1894	25.4000	0.9300	0.9302	0.6929	-0.0008	713.0000	711.8030	1.0272	-3.2702	99.7282	40.7088	0.8230	0.8251	5.0000	-9999.0000	-9999.0000	-9999.0000	-9999.0000	-9999.0000	-9999.0000	17.3924	6	0	31.8382	1.0000	08	2	-9999.0000	18462	46104	-9999	-9999	2212	4497	483.2462	5	0.6797	0.6929	-0.0008	62.6570	1.0555	644.7145	541.4943	48.7731	630.9150	95.6019	643.9137	95.1157	649.8583	94.5833	654.2665	94.4907	
21/08/2017	00:41:41	011995	G488084645HLR	L488	S		632.4750	1.0400	0.0000	99.9834	40.0333	0.8230	1.1601	5.0000	28.0384	713.0712	94.9769	14.9894	25.4000	0.9300	0.9302	0.6929	-0.0008	713.0000	712.2072	1.0272	-3.2848	99.8752	40.7213	0.8230	0.8254	5.0000	-9999.0000	-9999.0000	-9999.0000	-9999.0000	-9999.0000	-9999.0000	17.1495	7	0	31.7083	1.0000	08	2	-9999.0000	18463	46105	-9999	-9999	2213	4499	485.6460	5	0.6797	0.6929	-0.0008	62.6570	1.0555	656.7137	541.0801	47.9167	643.8136	95.6019	655.7118	94.9306	662.3437	94.4676	667.4903	94.7454	
21/08/2017	00:42:12	011995	G488082636HLR	L488	S		629.7660	1.0400	0.0000	100.2301	40.0333	0.8230	1.1601	5.0000	28.7279	713.0356	94.8380	16.8292	25.3000	0.9300	0.9302	0.6927	-0.0008	713.0000	713.4626	1.0272	-3.3301	100.0541	40.7140	0.8230	0.8252	5.0000	-9999.0000	-9999.0000	-9999.0000	-9999.0000	-9999.0000	-9999.0000	17.2290	8	0	30.2681	1.0000	08	2	-9999.0000	18464	46106	-9999	-9999	2214	4501	484.6081	5	0.6798	0.6927	-0.0008	63.2414	1.0241	652.8741	506.7066	43.9352	640.2231	95.6019	651.8179	95.0231	658.2224	94.5602	663.0739	94.5370	
21/08/2017	00:42:43	011995	G488084723HLR	L488	S		621.0085	1.0400	0.0000	99.9235	40.0616	0.8230	1.1603	5.0000	24.7869	713.0933	94.7454	17.3594	25.3000	0.9300	0.9302	0.6941	-0.0009	713.0000	709.8424	1.0272	-3.1995	99.8113	40.6996	0.8230	0.8245	5.0000	-9999.0000	-9999.0000	-9999.0000	-9999.0000	-9999.0000	-9999.0000	18.0292	1	0	31.1484	1.0000	08	2	-9999.0000	18465	46107	-9999	-9999	2215	4503	484.3564	5	0.6799	0.6941	-0.0009	60.9645	1.1623	647.6621	515.0189	45.0000	634.2781	95.6481	646.6399	95.0926	653.6422	94.5602	657.9693	94.5139	
21/08/2017	00:43:14	011995	G488083823HLR	L488	S		601.3355	1.0400	0.0000	100.0068	40.0527	0.8230	1.1603	5.0000	26.9917	713.0589	94.8611	18.7988	25.3000	0.9300	0.9302	0.6908	-0.0007	713.0000	709.1792	1.0272	-3.1756	99.9819	40.7069	0.8230	0.8250	5.0000	-9999.0000	-9999.0000	-9999.0000	-9999.0000	-9999.0000	-9999.0000	17.2087	2	0	31.1986	1.0000	08	2	-9999.0000	18466	46108	-9999	-9999	2216	4505	483.8878	5	0.6801	0.6908	-0.0007	57.9525	1.3428	644.9193	518.1477	44.1898	630.8972	95.6944	644.0949	95.1389	650.9639	94.5833	655.0038	94.5139	
21/08/2017	00:43:45	011995	G488084613HLR	L488	S		632.6276	1.0400	0.0000	100.0877	40.0507	0.8230	1.1601	5.0000	28.8489	713.0688	94.9769	15.6193	25.3000	0.9300	0.9302	0.6920	-0.0007	713.0000	711.6140	1.0272	-3.2634	99.8063	40.7049	0.8230	0.8249	5.0000	-9999.0000	-9999.0000	-9999.0000	-9999.0000	-9999.0000	-9999.0000	17.3009	3	0	30.9476	1.0000	08	2	-9999.0000	18467	46109	-9999	-9999	2217	4506	485.4075	5	0.6801	0.6920	-0.0007	57.6821	1.3702	653.9602	509.9603	46.6898	640.2968	95.5324	653.2270	94.9769	661.6135	94.4907	666.0749	94.6759	
21/08/2017	00:44:16	011995	G488084628HLR	L488	S		627.9105	1.0400	0.0000	99.9641	40.0603	0.8230	1.1601	5.0000	28.7583	713.0451	94.7454	18.3486	25.4000	0.9300	0.9303	0.6909	-0.0007	713.0000	709.2862	1.0272	-3.1795	99.7094	40.6987	0.8230	0.8249	5.0000	-9999.0000	-9999.0000	-9999.0000	-9999.0000	-9999.0000	-9999.0000	17.1092	4	0	30.4884	1.0000	08	2	-9999.0000	18468	46110	-9999	-9999	2218	4508	483.9889	5	0.6802	0.6909	-0.0007	57.8066	1.3815	646.8248	492.4693	44.4676	634.6632	95.6713	645.9540	95.2083	653.4429	94.6065	655.9773	94.4676	
21/08/2017	00:44:48	011995	G488084614HLR	L488	S		634.8082	1.0400	0.0000	100.0283	40.0687	0.8230	1.1601	5.0000	27.2290	713.0690	94.9769	15.5587	25.3000	0.9300	0.9302	0.6909	-0.0007	713.0000	712.4238	1.0272	-3.2926	100.0285	40.6926	0.8230	0.8248	5.0000	-9999.0000	-9999.0000	-9999.0000	-9999.0000	-9999.0000	-9999.0000	17.2243	5	0	32.0887	1.0000	08	2	-9999.0000	18469	46111	-9999	-9999	2219	4510	485.4046	5	0.6802	0.6909	-0.0007	57.8066	1.3815	658.4073	509.6229	46.6204	643.2973	95.5093	657.2382	95.0000	663.1753	94.5139	666.7743	94.5370	
21/08/2017	00:45:17	011995	G488084617HLR	L488	S		629.3804	1.0400	0.0000	99.8543	40.0667	0.8230	1.1600	5.0000	28.1984	713.0698	94.7454	17.8291	25.3000	0.9300	0.9303	0.6903	-0.0006	713.0000	710.1381	1.0272	-3.2102	99.7122	40.6915	0.8230	0.8247	5.0000	-9999.0000	-9999.0000	-9999.0000	-9999.0000	-9999.0000	-9999.0000	17.2182	6	0	29.6791	1.0000	08	2	-9999.0000	18470	46112	-9999	-9999	2220	4512	484.3727	5	0.6802	0.6903	-0.0006	57.8130	1.3865	648.9811	531.9922	46.7593	636.8056	95.5787	648.0871	95.1157	655.3662	94.6065	658.9959	94.4676	
21/08/2017	00:45:51	011995	G488082567HLR	L488	S		628.8729	1.0400	0.0000	100.2667	40.0693	0.8230	1.1601	5.0000	28.1800	713.1145	94.6991	17.7793	25.3000	0.9300	0.9302	0.6901	-0.0006	713.0000	710.3345	1.0272	-3.2173	99.7278	40.6855	0.8230	0.8246	5.0000	-9999.0000	-9999.0000	-9999.0000	-9999.0000	-9999.0000	-9999.0000	17.1685	7	0	33.8969	1.0000	08	2	-9999.0000	18471	46112	-9999	-9999	2221	4514	484.5037	5	0.6802	0.6901	-0.0006	57.5985	1.3989	649.3970	524.7285	47.3611	637.8207	95.5556	648.3758	95.0694	655.0261	94.5602	659.1443	94.4907	
21/08/2017	00:46:22	011995	G488082590HLR	L488	S		638.5726	1.0400	0.0000	100.0242	40.0709	0.8230	1.1601	5.0000	27.9774	713.0376	94.9769	14.1291	25.3000	0.9300	0.9302	0.6886	-0.0005	713.0000	710.6504	1.0272	-3.2286	100.0826	40.6876	0.8230	0.8245	5.0000	-9999.0000	-9999.0000	-9999.0000	-9999.0000	-9999.0000	-9999.0000	17.7291	8	0	31.2289	1.0000	08	2	-9999.0000	18472	46112	-9999	-9999	2222	4516	485.8389	5	0.6802	0.6886	-0.0005	60.5077	1.2244	661.3944	502.5432	44.1204	646.3974	95.5556	660.3991	94.9306	666.9258	94.5139	671.4895	94.6296	
21/08/2017	00:46:53	011995	G488082609HLR	L488	S		622.5442	1.0400	0.0000	99.9635	40.0737	0.8230	1.1601	5.0000	27.5031	713.0530	94.8611	20.3788	25.3000	0.9300	0.9303	0.6872	-0.0004	713.0000	711.0642	1.0272	-3.2436	100.1131	40.6712	0.8230	0.8245	5.0000	-9999.0000	-9999.0000	-9999.0000	-9999.0000	-9999.0000	-9999.0000	17.2488	1	0	30.8684	1.0000	08	2	-9999.0000	18473	46113	-9999	-9999	2223	4518	483.5781	5	0.6804	0.6872	-0.0004	63.5341	1.0448	643.5714	506.7709	45.1389	630.8054	95.6481	642.4984	95.2315	649.0515	94.6065	653.3473	94.4907	
21/08/2017	00:47:22	011995	G488082624HLR	L488	S		630.6225	1.0400	0.0000	100.0808	40.0691	0.8230	1.1600	5.0000	29.1261	713.0701	94.7222	17.7090	25.2000	0.9300	0.9302	0.6836	-0.0002	713.0000	711.3090	1.0272	-3.2524	100.1034	40.6683	0.8230	0.8244	5.0000	-9999.0000	-9999.0000	-9999.0000	-9999.0000	-9999.0000	-9999.0000	17.2888	2	0	29.1084	1.0000	08	2	-9999.0000	18474	46114	-9999	-9999	2224	4520	484.8288	5	0.6805	0.6836	-0.0002	61.4152	1.1747	652.2947	533.3516	44.9074	640.4496	95.6481	651.3346	95.0926	658.3902	94.5370	662.0870	94.5139	
21/08/2017	00:47:52	011995	G488084647HLR	L488	S		599.5871	1.0400	0.0000	99.9502	40.0816	0.8230	1.1602	5.0000	26.6876	713.0724	94.8380	22.9890	25.3000	0.9300	0.9302	0.6850	-0.0003	713.0000	714.2751	1.0272	-3.3594	100.0198	40.6687	0.8230	0.8244	5.0000	-9999.0000	-9999.0000	-9999.0000	-9999.0000	-9999.0000	-9999.0000	17.2487	3	0	29.3684	1.0000	08	2	-9999.0000	18475	46115	-9999	-9999	2225	4522	484.4517	5	0.6807	0.6850	-0.0003	56.7584	1.4505	632.5721	518.8713	45.8333	607.1622	95.8333	630.8944	95.2315	640.9307	94.5833	646.0770	94.4676	
21/08/2017	00:48:25	011995	G488082615HLR	L488	S		628.9036	1.0400	0.0000	99.9039	40.0778	0.8230	1.1600	5.0000	28.3089	713.0313	94.7454	18.0391	25.3000	0.9300	0.9302	0.6850	-0.0003	713.0000	711.1671	1.0272	-3.2473	99.9327	40.6828	0.8230	0.8246	5.0000	-9999.0000	-9999.0000	-9999.0000	-9999.0000	-9999.0000	-9999.0000	17.2074	4	0	33.1279	1.0000	08	2	-9999.0000	18476	46116	-9999	-9999	2226	4524	485.1032	5	0.6807	0.6850	-0.0003	56.7584	1.4505	653.2315	545.6038	46.7361	641.7569	95.5324	652.1516	94.9306	658.6122	94.4676	663.1697	94.6991	
21/08/2017	00:48:55	011995	G488084639HLR	L488	S		628.9338	1.0400	0.0000	99.8592	40.0839	0.8230	1.1600	5.0000	28.2375	713.0631	94.7685	17.8789	25.4000	0.9300	0.9302	0.6846	-0.0002	713.0000	711.9415	1.0272	-3.2752	99.7167	40.6900	0.8230	0.8247	5.0000	-9999.0000	-9999.0000	-9999.0000	-9999.0000	-9999.0000	-9999.0000	17.1288	5	0	29.7881	1.0000	08	2	-9999.0000	18477	46117	-9999	-9999	2227	4526	485.2686	5	0.6807	0.6846	-0.0002	53.0651	1.6740	653.6629	560.7981	48.4491	644.0170	95.6250	652.8419	95.0000	659.0582	94.5139	663.2478	94.6296	
21/08/2017	00:49:27	011995	G488084631HLR	L488	S		632.2738	1.0400	0.0000	99.9266	40.0881	0.8230	1.1600	5.0000	27.9180	713.0651	94.9074	16.0587	25.2000	0.9300	0.9302	0.6848	-0.0002	713.0000	713.9312	1.0272	-3.3470	99.6923	40.6704	0.8230	0.8244	5.0000	-9999.0000	-9999.0000	-9999.0000	-9999.0000	-9999.0000	-9999.0000	17.2589	6	0	32.1487	1.0000	08	2	-9999.0000	18478	46118	-9999	-9999	2228	4528	485.6053	5	0.6808	0.6848	-0.0002	53.6524	1.6359	661.5098	548.4298	47.7083	649.4780	95.5324	660.6105	94.9306	667.5460	94.5139	670.6999	94.6528	
21/08/2017	00:49:57	011995	G488082638HLR	L488	S		633.0394	1.0400	0.0000	99.9328	40.1000	0.8230	1.1601	5.0000	26.0884	713.0483	94.9074	16.3693	25.2000	0.9300	0.9302	0.6857	-0.0003	713.0000	710.1281	1.0272	-3.2098	100.0266	40.6731	0.8230	0.8244	5.0000	-9999.0000	-9999.0000	-9999.0000	-9999.0000	-9999.0000	-9999.0000	17.4787	7	0	30.4990	1.0000	08	2	-9999.0000	18479	46119	-9999	-9999	2229	4530	485.4991	5	0.6807	0.6857	-0.0003	53.7910	1.6315	657.9337	548.9288	47.2685	646.6935	95.5093	657.0052	95.0463	662.9313	94.5602	667.4725	94.4907	
21/08/2017	00:50:26	011995	G488084632HLR	L488	S		626.9779	1.0400	0.0000	99.9172	40.1000	0.8230	1.1601	5.0000	26.3880	713.0374	94.8380	22.2283	25.2000	0.9300	0.9302	0.6860	-0.0003	713.0000	714.7820	1.0272	-3.3776	99.7719	40.6702	0.8230	0.8245	5.0000	-9999.0000	-9999.0000	-9999.0000	-9999.0000	-9999.0000	-9999.0000	17.1304	8	0	28.8681	1.0000	08	2	-9999.0000	18480	46120	-9999	-9999	2230	4532	484.3307	5	0.6808	0.6860	-0.0003	54.5762	1.5850	646.8416	510.1117	43.7731	635.0758	95.5787	646.1302	95.1852	650.6370	94.6065	654.0207	94.4907	
21/08/2017	00:50:58	011995	G488084616HLR	L488	S		634.9409	1.0400	0.0000	99.9273	40.0953	0.8230	1.1600	5.0000	27.3503	713.0903	94.7685	17.5098	25.3000	0.9300	0.9302	0.6867	-0.0003	713.0000	714.0050	1.0272	-3.3496	99.7630	40.6739	0.8230	0.8245	5.0000	-9999.0000	-9999.0000	-9999.0000	-9999.0000	-9999.0000	-9999.0000	17.1491	1	0	31.4085	1.0000	08	2	-9999.0000	18481	46121	-9999	-9999	2231	4533	485.4333	5	0.6808	0.6867	-0.0003	52.9927	1.6747	659.3999	518.7032	45.4861	645.0889	95.5324	658.7140	95.0926	664.9068	94.5139	668.1524	94.4676	
21/08/2017	00:51:28	011995	G488084625HLR	L488	Q		631.1859	1.0400	0.0000	99.9722	40.0971	0.8230	1.1600	5.0000	26.8234	713.0268	94.8148	17.0391	25.3000	0.9300	0.9302	0.6867	-0.0003	713.0000	713.7314	1.0272	-3.3398	100.0114	40.6883	0.8230	0.8248	5.0000	-9999.0000	-9999.0000	-9999.0000	-9999.0000	-9999.0000	-9999.0000	17.1785	2	0	30.5872	1.0000	08	2	-9999.0000	18482	46121	-9999	-9999	2232	4535	485.5131	5	0.6808	0.6867	-0.0003	52.9927	1.6747	657.4351	505.9607	44.2824	643.8692	95.6019	656.1550	95.0694	662.9031	94.5370	666.1389	94.4676	
21/08/2017	00:52:01	011995	G488084627HLR	L488	Q		627.7268	1.0400	0.0000	100.1176	40.0739	0.8230	1.1600	5.0000	29.1177	713.0559	94.9074	19.6093	25.4000	0.9300	0.9303	0.6886	-0.0004	713.0000	711.6629	1.0272	-3.2652	99.8792	40.6657	0.8230	0.8237	5.0000	-9999.0000	-9999.0000	-9999.0000	-9999.0000	-9999.0000	-9999.0000	18.8874	3	0	33.2686	1.0000	08	2	-9999.0000	18483	46122	-9999	-9999	2233	4537	484.9122	5	0.6809	0.6886	-0.0004	52.6238	1.6782	646.9868	524.0582	46.1343	636.9855	95.5787	646.0313	95.0231	652.0688	94.5602	656.7009	94.5139	
21/08/2017	00:52:34	011995	G488084640HLR	L488	S		630.3622	1.0400	0.0000	100.0009	40.0865	0.8230	1.1600	5.0000	26.9772	713.0343	94.7454	17.5283	25.3000	0.9300	0.9302	0.6888	-0.0005	713.0000	714.3308	1.0272	-3.3614	99.9631	40.6867	0.8230	0.8247	5.0000	-9999.0000	-9999.0000	-9999.0000	-9999.0000	-9999.0000	-9999.0000	17.1591	4	0	32.0188	1.0000	08	2	-9999.0000	18484	46123	-9999	-9999	2234	4539	485.4639	5	0.6809	0.6888	-0.0005	52.7247	1.6662	653.9899	531.0256	46.1343	640.3307	95.6250	653.1638	95.0926	660.0428	94.5139	663.9169	94.5139	
21/08/2017	00:53:06	011995	G488084634HLR	L488	S		627.2460	1.0400	0.0000	99.9080	40.0905	0.8230	1.1601	5.0000	25.8287	713.1119	94.8843	18.8193	25.4000	0.9300	0.9302	0.6888	-0.0005	713.0000	710.6482	1.0272	-3.2286	99.8415	40.6697	0.8230	0.8245	5.0000	-9999.0000	-9999.0000	-9999.0000	-9999.0000	-9999.0000	-9999.0000	17.1601	5	0	31.9982	1.0000	08	2	-9999.0000	18485	46124	-9999	-9999	2235	4541	485.1131	5	0.6809	0.6888	-0.0005	52.7247	1.6662	647.6057	535.8271	46.8981	636.3158	95.6019	646.7617	95.1157	653.2848	94.5602	657.6037	94.4676	
21/08/2017	00:53:35	011995	G488082621HLR	L488	S		625.6657	1.0400	0.0000	99.9525	40.0736	0.8230	1.1600	5.0000	28.3585	713.0870	94.8148	18.9892	25.3000	0.9300	0.9302	0.6887	-0.0004	713.0000	711.1451	1.0272	-3.2465	99.8613	40.6629	0.8230	0.8245	5.0000	-9999.0000	-9999.0000	-9999.0000	-9999.0000	-9999.0000	-9999.0000	17.1681	6	0	29.3579	1.0000	08	2	-9999.0000	18486	46125	-9999	-9999	2236	4543	485.0842	5	0.6809	0.6887	-0.0004	52.7742	1.6553	647.3679	541.6264	47.2454	635.6559	95.5787	646.2881	95.0000	652.2906	94.5139	657.0805	94.6065	
21/08/2017	00:54:07	011995	G488082600HLR	L488	S		627.1748	1.0400	0.0000	99.8998	40.0811	0.8230	1.1600	5.0000	27.5718	713.0376	94.8380	22.3386	25.3000	0.9300	0.9302	0.6887	-0.0004	713.0000	716.3902	1.0272	-3.4356	99.8892	40.6588	0.8230	0.8245	5.0000	-9999.0000	-9999.0000	-9999.0000	-9999.0000	-9999.0000	-9999.0000	17.1590	7	0	31.7925	1.0000	08	2	-9999.0000	18487	46126	-9999	-9999	2237	4545	484.0858	5	0.6810	0.6887	-0.0004	52.6895	1.6636	647.2201	532.2283	47.1528	637.2977	95.6481	646.3456	95.0231	650.9727	94.5370	655.6986	94.6296	
21/08/2017	00:54:38	011995	G488084635HLR	L488	S		627.7382	1.0400	0.0000	99.9023	40.0827	0.8230	1.1600	5.0000	27.4682	713.0872	94.8380	21.0584	25.3000	0.9300	0.9302	0.6889	-0.0004	713.0000	715.8776	1.0272	-3.4171	100.0044	40.6699	0.8230	0.8245	5.0000	-9999.0000	-9999.0000	-9999.0000	-9999.0000	-9999.0000	-9999.0000	17.1419	8	0	31.0551	1.0000	08	2	-9999.0000	18487	46127	-9999	-9999	2238	4547	484.5500	5	0.6811	0.6889	-0.0004	51.7524	1.7123	648.9284	532.3322	48.1713	637.3558	95.6481	648.0416	95.0463	653.4562	94.5139	656.9165	94.6991	
21/08/2017	00:55:08	011995	G488084637HLR	L488	S		626.4737	1.0400	0.0000	100.0008	40.0925	0.8230	1.1601	5.0000	26.9282	713.0669	94.8380	21.0789	25.2000	0.9300	0.9302	0.6890	-0.0004	713.0000	712.9754	1.0272	-3.3125	99.7599	40.6690	0.8230	0.8243	5.0000	-9999.0000	-9999.0000	-9999.0000	-9999.0000	-9999.0000	-9999.0000	17.3984	1	0	30.2568	1.0000	08	2	-9999.0000	18487	46128	-9999	-9999	2239	4548	484.5774	5	0.6812	0.6890	-0.0004	51.7770	1.7158	645.5146	533.7343	47.6852	634.6072	95.6713	644.7337	95.1852	651.2379	94.5602	654.5154	94.4676	
21/08/2017	00:55:38	011995	G488082603HLR	L488	S		630.8564	1.0400	0.0000	100.0128	40.0836	0.8230	1.1600	5.0000	28.7288	713.0625	94.8380	16.9092	25.3000	0.9300	0.9302	0.6890	-0.0004	713.0000	711.6279	1.0272	-3.2639	100.0497	40.6720	0.8230	0.8245	5.0000	-9999.0000	-9999.0000	-9999.0000	-9999.0000	-9999.0000	-9999.0000	17.1592	2	0	30.0565	1.0000	08	2	-9999.0000	18488	46128	-9999	-9999	2240	4549	486.0099	5	0.6812	0.6890	-0.0004	51.7770	1.7158	653.9766	518.3479	46.2500	639.2956	95.5787	652.9755	95.0231	659.3613	94.4907	663.4304	94.6065	
21/08/2017	00:56:11	011995	G488082611HLR	L488	S		629.5733	1.0400	0.0000	99.8166	40.1000	0.8230	1.1601	5.0000	26.3189	713.0250	94.6991	17.4590	25.3000	0.9300	0.9302	0.6907	-0.0005	713.0000	714.2182	1.0272	-3.3573	99.6905	40.6810	0.8230	0.8245	5.0000	-9999.0000	-9999.0000	-9999.0000	-9999.0000	-9999.0000	-9999.0000	17.1639	3	0	33.2900	1.0000	08	2	-9999.0000	18489	46129	-9999	-9999	2241	4550	485.7480	5	0.6810	0.6907	-0.0005	52.5794	1.6699	653.7765	533.5204	45.5556	639.2176	95.5093	652.4721	95.0463	658.7427	94.5602	662.9116	94.4907	
21/08/2017	00:56:45	011995	G488082620HLR	L488	S		627.5092	1.0400	0.0000	100.1731	40.0905	0.8230	1.1600	5.0000	28.8080	713.0869	94.8611	19.4989	25.3000	0.9300	0.9303	0.6921	-0.0006	713.0000	713.7349	1.0272	-3.3399	99.8398	40.6857	0.8230	0.8245	5.0000	-9999.0000	-9999.0000	-9999.0000	-9999.0000	-9999.0000	-9999.0000	17.5194	4	0	34.0985	1.0000	08	2	-9999.0000	18490	46130	-9999	-9999	2242	4552	484.9441	5	0.6809	0.6921	-0.0006	51.6086	1.7131	645.7657	524.8810	44.3981	630.5791	95.5324	644.7436	95.2315	651.0318	94.6065	654.8295	94.4907	
21/08/2017	00:57:17	011995	G488082610HLR	L488	S		629.9682	1.0400	0.0000	99.9240	40.1000	0.8230	1.1600	5.0000	28.0385	713.0948	94.7917	17.2188	25.3000	0.9300	0.9302	0.6921	-0.0006	713.0000	710.7217	1.0272	-3.2312	99.8155	40.6717	0.8230	0.8243	5.0000	-9999.0000	-9999.0000	-9999.0000	-9999.0000	-9999.0000	-9999.0000	17.5026	5	0	31.3682	1.0000	08	2	-9999.0000	18491	46131	-9999	-9999	2243	4554	486.0518	5	0.6809	0.6921	-0.0006	51.6086	1.7131	651.3786	552.0461	47.9398	638.5203	95.5093	650.1589	94.9537	656.4175	94.5139	661.1901	94.6296	
21/08/2017	00:57:48	011995	G488082634HLR	L488	S		630.2758	1.0400	0.0000	99.9839	40.1000	0.8230	1.1600	5.0000	27.3164	713.1155	94.8611	18.5888	25.3000	0.9300	0.9302	0.6917	-0.0006	713.0000	712.8120	1.0272	-3.3066	99.9263	40.6597	0.8230	0.8245	5.0000	-9999.0000	-9999.0000	-9999.0000	-9999.0000	-9999.0000	-9999.0000	17.1191	6	0	30.9278	1.0000	08	2	-9999.0000	18492	46131	-9999	-9999	2244	4556	485.5544	5	0.6808	0.6917	-0.0006	54.5155	1.5663	648.3748	508.1070	46.5972	634.1116	95.5556	647.4542	95.1389	654.0252	94.5833	658.3327	94.4907	
21/08/2017	00:58:19	011995	G488082602HLR	L488	S		630.4259	1.0400	0.0000	99.9982	40.1000	0.8230	1.1600	5.0000	27.0515	713.0598	94.8843	22.3787	25.2000	0.9300	0.9302	0.6916	-0.0006	713.0000	713.7419	1.0272	-3.3401	99.8148	40.6570	0.8230	0.8244	5.0000	-9999.0000	-9999.0000	-9999.0000	-9999.0000	-9999.0000	-9999.0000	17.4480	7	0	30.9890	1.0000	08	2	-9999.0000	18493	46132	-9999	-9999	2244	4558	483.7414	5	0.6808	0.6916	-0.0006	54.5703	1.5611	644.2494	531.5173	44.9537	635.4952	95.5787	643.2956	95.0463	648.5891	94.5602	652.6951	94.5602	
21/08/2017	00:58:51	011995	G488082612HLR	L488	S		625.8786	1.0400	0.0000	99.9999	40.1000	0.8230	1.1600	5.0000	27.3180	713.0567	94.8611	23.0691	25.2000	0.9300	0.9301	0.6926	-0.0006	713.0000	714.0929	1.0272	-3.3528	100.0621	40.6586	0.8230	0.8245	5.0000	-9999.0000	-9999.0000	-9999.0000	-9999.0000	-9999.0000	-9999.0000	17.3183	8	0	32.3779	1.0000	08	2	-9999.0000	18494	46133	-9999	-9999	2245	4559	483.4980	5	0.6809	0.6926	-0.0006	52.9132	1.6447	558.2778	524.7791	47.4537	557.0631	96.2269	557.6330	95.5324	565.1334	94.4907	593.5323	94.7222	
21/08/2017	00:59:22	011995	G488082623HLR	L488	S		633.5219	1.0400	0.0000	100.0149	40.1000	0.8230	1.1600	5.0000	28.7276	713.0419	94.7454	17.5889	25.3000	0.9300	0.9302	0.6926	-0.0006	713.0000	714.2038	1.0272	-3.3568	100.0747	40.6586	0.8230	0.8244	5.0000	-9999.0000	-9999.0000	-9999.0000	-9999.0000	-9999.0000	-9999.0000	17.2768	1	0	30.5978	1.0000	08	2	-9999.0000	18495	46134	-9999	-9999	2246	4561	485.9011	5	0.6809	0.6926	-0.0006	52.9132	1.6447	652.4729	527.2202	45.2778	638.0469	95.4861	651.2438	94.8380	657.3251	94.4444	660.9119	94.6759	
21/08/2017	00:59:52	011995	G488082632HLR	L488	S		627.1491	1.0400	0.0000	99.9778	40.1000	0.8230	1.1600	5.0000	28.4191	713.1006	94.8148	18.3096	25.4000	0.9300	0.9303	0.6932	-0.0007	713.0000	713.9659	1.0272	-3.3482	99.8252	40.6410	0.8230	0.8238	5.0000	-9999.0000	-9999.0000	-9999.0000	-9999.0000	-9999.0000	-9999.0000	19.0688	2	0	30.6388	1.0000	08	2	-9999.0000	18496	46135	-9999	-9999	2247	4563	485.7204	5	0.6810	0.6932	-0.0007	51.7425	1.6964	650.5374	554.9897	45.0231	634.6880	95.5093	649.1950	94.9769	653.9063	94.5370	658.3056	94.5370	
21/08/2017	01:00:24	011995	G488082616HLR	L488	S		626.0555	1.0400	0.0000	99.9244	40.1000	0.8230	1.1600	5.0000	27.9487	713.0788	94.9769	20.0585	25.2000	0.9300	0.9302	0.6937	-0.0007	713.0000	712.2047	1.0272	-3.2847	99.6033	40.6546	0.8230	0.8243	5.0000	-9999.0000	-9999.0000	-9999.0000	-9999.0000	-9999.0000	-9999.0000	17.3793	3	0	32.1565	1.0000	08	2	-9999.0000	18497	46135	-9999	-9999	2248	4565	484.8330	5	0.6806	0.6937	-0.0007	54.8071	1.5228	642.8858	520.9388	45.9028	630.2964	95.5787	641.8850	95.0463	647.8940	94.5602	652.8184	94.5370	
21/08/2017	01:00:56	011995	G488082629HLR	L488	S		628.4183	1.0400	0.0000	99.9664	40.1000	0.8230	1.1600	5.0000	27.8784	713.0480	94.8148	18.3897	25.2000	0.9300	0.9302	0.6937	-0.0007	713.0000	711.2363	1.0272	-3.2498	99.8647	40.6579	0.8230	0.8243	5.0000	-9999.0000	-9999.0000	-9999.0000	-9999.0000	-9999.0000	-9999.0000	17.4575	4	0	31.1899	1.0000	08	2	-9999.0000	18498	46136	-9999	-9999	2249	4567	485.4981	5	0.6806	0.6937	-0.0007	54.8071	1.5228	645.8055	547.1255	47.5926	634.2940	95.5787	644.9551	95.0000	650.7937	94.4907	655.4303	94.6759	
21/08/2017	01:01:26	011995	G488082617HLR	L488	S		627.3435	1.0400	0.0000	100.3226	40.1000	0.8230	1.1600	5.0000	29.4177	713.0816	94.8611	18.7685	25.3000	0.9300	0.9303	0.6936	-0.0007	713.0000	711.1604	1.0272	-3.2470	99.8086	40.6586	0.8230	0.8245	5.0000	-9999.0000	-9999.0000	-9999.0000	-9999.0000	-9999.0000	-9999.0000	17.1081	5	0	30.0085	1.0000	08	2	-9999.0000	18499	46136	-9999	-9999	2250	4569	485.3653	5	0.6805	0.6936	-0.0007	54.8810	1.5238	643.8877	537.6837	47.4769	633.7383	95.5093	643.0094	94.9537	649.1378	94.5370	653.3316	94.6296	
21/08/2017	01:01:57	011995	G488082618HLR	L488	S		631.6356	1.0400	0.0000	99.9644	40.1000	0.8230	1.1600	5.0000	27.6391	713.0492	94.7685	17.7598	25.3000	0.9300	0.9302	0.6936	-0.0007	713.0000	714.3138	1.0272	-3.3608	100.0240	40.6590	0.8230	0.8244	5.0000	-9999.0000	-9999.0000	-9999.0000	-9999.0000	-9999.0000	-9999.0000	17.2486	6	0	30.9484	1.0000	08	2	-9999.0000	18499	46137	-9999	-9999	2251	4571	485.7627	5	0.6805	0.6936	-0.0007	54.8810	1.5238	649.2833	532.9803	45.8102	638.5716	95.5787	648.1757	94.9306	655.3925	94.4907	659.8966	94.7454	
21/08/2017	01:02:28	011995	G488082625HLR	L488	S		628.9231	1.0400	0.0000	99.8670	40.1000	0.8230	1.1600	5.0000	27.6567	713.0322	94.9074	19.5683	25.2000	0.9300	0.9302	0.6942	-0.0007	713.0000	712.8216	1.0272	-3.3069	99.9564	40.6685	0.8230	0.8244	5.0000	-9999.0000	-9999.0000	-9999.0000	-9999.0000	-9999.0000	-9999.0000	17.4010	7	0	30.3286	1.0000	08	2	-9999.0000	18500	46138	-9999	-9999	2252	4573	484.9046	5	0.6805	0.6942	-0.0007	55.7972	1.4796	644.3375	549.6446	48.3102	633.4737	95.5556	643.4126	94.9769	649.3906	94.5370	653.4722	94.6528	
21/08/2017	01:03:01	011995	G488082606HLR	L488	S		630.2829	1.0400	0.0000	99.9857	40.1000	0.8230	1.1600	5.0000	29.1682	713.0554	94.7685	18.0293	25.2000	0.9300	0.9302	0.6943	-0.0007	713.0000	715.7604	1.0272	-3.4129	99.7492	40.6726	0.8230	0.8245	5.0000	-9999.0000	-9999.0000	-9999.0000	-9999.0000	-9999.0000	-9999.0000	17.2088	8	0	32.0682	1.0000	08	2	-9999.0000	18501	46139	-9999	-9999	2253	4575	485.7380	5	0.6805	0.6943	-0.0007	56.3000	1.4559	650.7321	516.5587	47.1991	634.8322	95.5556	649.7017	95.0694	656.7361	94.5370	660.5682	94.5370	
21/08/2017	01:03:30	011995	G488084721HLR	L488	S		625.4627	1.0400	0.0000	99.9343	40.1000	0.8230	1.1600	5.0000	28.2084	713.0589	94.8611	18.1387	25.3000	0.9300	0.9303	0.6942	-0.0007	713.0000	717.1007	1.0272	-3.4613	99.9540	40.6413	0.8230	0.8231	5.0000	-9999.0000	-9999.0000	-9999.0000	-9999.0000	-9999.0000	-9999.0000	20.0729	1	0	28.9778	1.0000	08	2	-9999.0000	18502	46140	-9999	-9999	2254	4577	485.7253	5	0.6804	0.6942	-0.0007	59.2438	1.3089	652.0696	532.4334	47.9630	638.7664	95.5093	651.0964	95.0463	657.4812	94.5602	661.1037	94.5139	
21/08/2017	01:03:55	011995	G488083824HLR	L488	S		631.5537	1.0400	0.0000	99.9813	40.1064	0.8230	1.1600	5.0000	27.0491	713.0297	94.8611	16.6690	25.4000	0.9300	0.9303	0.6942	-0.0007	713.0000	713.1913	1.0272	-3.3203	99.7658	40.6676	0.8230	0.8244	5.0000	-9999.0000	-9999.0000	-9999.0000	-9999.0000	-9999.0000	-9999.0000	17.3468	2	0	25.2087	1.0000	08	2	-9999.0000	18503	46141	-9999	-9999	2254	4579	486.4234	5	0.6804	0.6942	-0.0007	59.2438	1.3089	653.0634	526.2244	45.3472	639.0328	95.5556	651.9999	95.0463	658.0111	94.5370	662.1355	94.5370	
21/08/2017	01:04:20	011995	G488082639HLR	L488	S		628.5737	1.0400	0.0000	99.9283	40.1000	0.8230	1.1600	5.0000	27.9779	713.0491	94.8843	18.8193	25.4000	0.9300	0.9303	0.6937	-0.0007	713.0000	714.0037	1.0272	-3.3496	99.9754	40.6836	0.8230	0.8246	5.0000	-9999.0000	-9999.0000	-9999.0000	-9999.0000	-9999.0000	-9999.0000	17.3097	3	0	24.9587	1.0000	08	2	-9999.0000	18504	46142	-9999	-9999	2254	4581	485.3145	5	0.6803	0.6937	-0.0007	61.2213	1.2068	646.2997	514.7050	44.2593	632.2791	95.5324	644.8173	95.0231	651.9480	94.5602	655.7969	94.5602	
21/08/2017	01:04:41	011995	G488083809HLR	L488	S		630.4435	1.0400	0.0000	99.8124	40.1057	0.8230	1.1600	5.0000	27.3578	713.0737	94.7917	16.9590	25.3000	0.9300	0.9302	0.6937	-0.0007	713.0000	714.8144	1.0272	-3.3788	99.6989	40.7217	0.8230	0.8255	5.0000	-9999.0000	-9999.0000	-9999.0000	-9999.0000	-9999.0000	-9999.0000	17.1039	4	0	20.9089	1.0000	08	2	-9999.0000	18505	46143	-9999	-9999	2255	4583	486.2362	5	0.6803	0.6937	-0.0007	61.2213	1.2068	651.4913	517.1526	43.5417	636.2106	95.5324	650.5964	95.0000	656.8325	94.5139	661.6035	94.6296	
21/08/2017	01:04:56	011995	G488082608HLR	L488	S		628.5166	1.0400	0.0000	99.9304	40.1000	0.8230	1.1599	5.0000	29.0185	713.0416	94.7685	18.1191	25.4000	0.9300	0.9303	0.6936	-0.0007	713.0000	713.8995	1.0272	-3.3458	99.5800	40.7289	0.8230	0.8261	5.0000	-9999.0000	-9999.0000	-9999.0000	-9999.0000	-9999.0000	-9999.0000	17.3488	5	0	15.4396	1.0000	08	2	-9999.0000	18506	46144	-9999	-9999	2256	4585	485.5200	5	0.6803	0.6936	-0.0007	61.5946	1.1896	647.8266	509.6485	45.2778	634.1304	95.5787	647.1327	95.0694	654.0441	94.5833	658.7046	94.5139	
21/08/2017	01:21:45	011995	G488084600HLR	L488	S		630.0960	1.0400	0.0000	100.0255	39.4343	0.8230	1.1610	5.0000	27.8984	713.0117	94.7917	21.3895	25.4000	0.9300	0.9306	0.6928	-0.0007	713.0000	717.0143	1.0272	-3.4581	99.7784	40.5915	0.8230	0.8268	5.0000	-9999.0000	-9999.0000	-9999.0000	-9999.0000	-9999.0000	-9999.0000	17.1847	7	0	28.5688	1.0000	11	2	-9999.0000	18507	46144	-9999	-9999	2257	4594	483.7580	5	0.6801	0.6928	-0.0007	64.8825	1.0307	646.4217	453.9295	46.0880	633.4763	94.7222	645.2782	94.3981	651.5612	94.5139	657.4767	94.6991	
21/08/2017	01:22:15	011995	G488083818HLR	L488	S		628.1399	1.0400	0.0000	99.5660	39.7000	0.8230	1.1619	5.0000	23.9584	713.0388	94.9306	20.3290	25.3000	0.9300	0.9302	0.6928	-0.0007	713.0000	715.8971	1.0272	-3.4179	100.0197	40.5835	0.8230	0.8268	5.0000	-9999.0000	-9999.0000	-9999.0000	-9999.0000	-9999.0000	-9999.0000	17.5190	8	0	30.7484	1.0000	11	2	-9999.0000	18508	46145	-9999	-9999	2258	4596	484.3076	5	0.6801	0.6928	-0.0007	64.8825	1.0307	646.8141	548.2032	47.5694	635.4013	95.8102	645.7600	95.0694	651.6300	94.5833	656.0160	94.7222	
21/08/2017	01:22:47	011995	G488084601HLR	L488	S		633.8709	1.0400	0.0000	99.7297	39.7613	0.8230	1.1608	5.0000	26.0970	713.0563	94.9769	18.9394	25.2000	0.9300	0.9301	0.6928	-0.0007	713.0000	715.0374	1.0272	-3.3869	100.0708	40.5633	0.8230	0.8263	5.0000	-9999.0000	-9999.0000	-9999.0000	-9999.0000	-9999.0000	-9999.0000	17.5192	1	0	31.7085	1.0000	11	2	-9999.0000	18509	46146	-9999	-9999	2259	4597	485.0060	5	0.6801	0.6928	-0.0007	64.8825	1.0307	648.2892	548.0422	46.2500	638.8770	95.7639	647.3638	95.0694	653.3094	94.5139	657.1046	94.7222	
21/08/2017	01:23:16	011995	G488084555HLR	L488	S		630.6088	1.0400	0.0000	99.7482	39.7160	0.8230	1.1606	5.0000	26.1958	713.0546	94.7917	18.2793	25.2000	0.9300	0.9303	0.6940	-0.0007	713.0000	714.2440	1.0272	-3.3582	99.8122	40.5667	0.8230	0.8255	5.0000	-9999.0000	-9999.0000	-9999.0000	-9999.0000	-9999.0000	-9999.0000	19.4009	2	0	28.5976	1.0000	11	2	-9999.0000	18510	46147	-9999	-9999	2260	4599	485.3299	5	0.6800	0.6940	-0.0007	64.9049	1.0294	651.4237	541.4613	46.8981	635.6967	95.6713	650.1831	95.0694	654.9752	94.5370	659.1375	94.6296	
21/08/2017	01:23:44	011995	G488084567HLR	L488	S		630.1406	1.0400	0.0000	99.6742	39.7354	0.8230	1.1612	5.0000	24.8044	713.0836	94.7685	17.1485	25.2000	0.9300	0.9303	0.6952	-0.0008	713.0000	713.8122	1.0272	-3.3427	100.0059	40.5592	0.8230	0.8262	5.0000	-9999.0000	-9999.0000	-9999.0000	-9999.0000	-9999.0000	-9999.0000	17.3091	3	0	28.6587	1.0000	11	2	-9999.0000	18511	46148	-9999	-9999	2261	4600	485.9176	5	0.6799	0.6952	-0.0008	65.2793	1.0192	651.1897	545.9427	47.6852	639.4203	95.6250	650.2437	95.0694	656.1921	94.5370	659.8221	94.6065	
21/08/2017	01:24:14	011995	G488084607HLR	L488	S		628.6255	1.0400	0.0000	99.7371	39.7468	0.8230	1.1607	5.0000	25.5985	713.1047	94.8843	18.8388	25.2000	0.9300	0.9303	0.6958	-0.0008	713.0000	712.9235	1.0272	-3.3106	99.9221	40.5456	0.8230	0.8255	5.0000	-9999.0000	-9999.0000	-9999.0000	-9999.0000	-9999.0000	-9999.0000	17.2086	4	0	30.0590	1.0000	11	2	-9999.0000	18512	46148	-9999	-9999	2262	4602	485.0067	5	0.6799	0.6958	-0.0008	65.7676	0.9884	643.9346	547.5053	45.7407	632.6079	95.6944	643.1017	95.1157	649.4332	94.5833	655.4915	94.5139	
21/08/2017	01:24:46	011995	G488084569HLR	L488	S		624.9050	1.0400	0.0000	99.7874	39.7436	0.8230	1.1605	5.0000	27.7886	713.0737	94.9074	19.4198	25.2000	0.9300	0.9303	0.6957	-0.0008	713.0000	714.2870	1.0272	-3.3598	100.0887	40.5458	0.8230	0.8251	5.0000	-9999.0000	-9999.0000	-9999.0000	-9999.0000	-9999.0000	-9999.0000	17.1491	5	0	31.1378	1.0000	11	2	-9999.0000	18513	46148	-9999	-9999	2262	4604	484.6541	5	0.6798	0.6957	-0.0008	65.7676	0.9884	642.6310	532.9186	46.3426	630.1802	95.6481	641.9236	95.1157	648.1709	94.5833	651.7899	94.5139	
21/08/2017	01:25:15	011995	G488083827HLR	L488	S		630.9315	1.0400	0.0000	99.7910	39.7736	0.8230	1.1605	5.0000	28.7481	713.0383	94.7222	17.6387	25.2000	0.9300	0.9303	0.6959	-0.0008	713.0000	714.9738	1.0272	-3.3846	99.7843	40.5502	0.8230	0.8246	5.0000	-9999.0000	-9999.0000	-9999.0000	-9999.0000	-9999.0000	-9999.0000	17.5820	6	0	29.1488	1.0000	11	2	-9999.0000	18514	46149	-9999	-9999	2263	4606	485.5808	5	0.6798	0.6959	-0.0008	65.7028	0.9943	648.7567	534.9318	45.9259	634.6123	95.6481	647.7458	95.0694	653.6125	94.5602	658.4630	94.5370	
21/08/2017	01:25:43	011995	G488084611HLR	L488	S		633.3556	1.0400	0.0000	99.7606	39.8183	0.8230	1.1607	5.0000	25.1590	713.0791	94.8843	16.2989	25.2000	0.9300	0.9303	0.6959	-0.0008	713.0000	716.0394	1.0272	-3.4230	99.9979	40.5394	0.8230	0.8239	5.0000	-9999.0000	-9999.0000	-9999.0000	-9999.0000	-9999.0000	-9999.0000	19.5683	7	0	28.6079	1.0000	11	2	-9999.0000	18515	46150	-9999	-9999	2264	4608	486.4763	5	0.6798	0.6959	-0.0008	65.7028	0.9943	652.5916	515.5954	44.5139	638.4387	95.6250	651.2956	95.0463	658.1430	94.5139	662.8901	94.6759	
21/08/2017	01:26:15	011995	G488084621HLR	L488	S		637.1748	1.0400	0.0000	99.7575	39.8129	0.8230	1.1605	5.0000	25.6870	713.0440	94.7685	16.9590	25.2000	0.9300	0.9304	0.6957	-0.0008	713.0000	717.7163	1.0272	-3.4835	99.7223	40.5704	0.8230	0.8246	5.0000	-9999.0000	-9999.0000	-9999.0000	-9999.0000	-9999.0000	-9999.0000	17.4650	8	0	31.6789	1.0000	11	2	-9999.0000	18516	46151	-9999	-9999	2264	4610	485.9718	5	0.6798	0.6957	-0.0008	65.7171	0.9954	657.6707	494.7529	45.0000	642.7920	95.5787	656.7296	95.0694	662.6428	94.5602	667.2711	94.5139	
21/08/2017	01:26:47	011995	G488084579HLR	L488	S		630.8068	1.0400	0.0000	99.7977	39.8072	0.8230	1.1604	5.0000	27.0689	713.0360	94.9074	19.1591	25.3000	0.9300	0.9304	0.6938	-0.0007	713.0000	713.6441	1.0272	-3.3366	99.6598	40.5927	0.8230	0.8249	5.0000	-9999.0000	-9999.0000	-9999.0000	-9999.0000	-9999.0000	-9999.0000	17.3042	1	0	31.8346	1.0000	11	2	-9999.0000	18517	46152	-9999	-9999	2265	4612	484.5552	5	0.6797	0.6938	-0.0007	67.0347	0.9292	643.5708	543.4142	46.1343	634.3600	95.6481	642.6701	95.1852	648.1131	94.6065	652.7846	94.4907	
21/08/2017	01:27:16	011995	G488084566HLR	L488	S		632.8840	1.0400	0.0000	99.9786	39.8139	0.8230	1.1604	5.0000	28.1815	713.0761	94.8380	18.1689	25.2000	0.9300	0.9303	0.6918	-0.0006	713.0000	713.7590	1.0272	-3.3407	99.9098	40.5907	0.8230	0.8249	5.0000	-9999.0000	-9999.0000	-9999.0000	-9999.0000	-9999.0000	-9999.0000	17.1282	2	0	29.1114	1.0000	11	2	-9999.0000	18518	46152	-9999	-9999	2266	4614	485.1763	5	0.6798	0.6918	-0.0006	68.1894	0.8644	640.2410	550.3716	48.5880	624.2714	95.7870	638.7187	95.0926	648.4701	94.5139	653.0967	94.7222	
21/08/2017	01:27:47	011995	G488084589HLR	L488	S		633.0774	1.0400	0.0000	99.7001	39.8409	0.8230	1.1606	5.0000	25.5581	713.0323	94.7917	16.9991	25.2000	0.9300	0.9303	0.6916	-0.0006	713.0000	711.7544	1.0272	-3.2685	99.6948	40.5894	0.8230	0.8248	5.0000	-9999.0000	-9999.0000	-9999.0000	-9999.0000	-9999.0000	-9999.0000	17.1969	3	0	30.6985	1.0000	11	2	-9999.0000	18519	46152	-9999	-9999	2267	4616	485.5595	5	0.6798	0.6916	-0.0006	67.3138	0.9076	652.3523	475.3430	46.2500	639.5982	95.6250	651.5336	95.0000	657.8372	94.5370	662.4381	94.6759	
21/08/2017	01:28:17	011995	G488084598HLR	L488	S		635.5647	1.0400	0.0000	99.7777	39.8457	0.8230	1.1605	5.0000	25.6191	713.0483	95.0231	16.0392	25.2000	0.9300	0.9303	0.6916	-0.0006	713.0000	711.7393	1.0272	-3.2679	99.9371	40.6088	0.8230	0.8250	5.0000	-9999.0000	-9999.0000	-9999.0000	-9999.0000	-9999.0000	-9999.0000	17.1979	4	0	30.0482	1.0000	11	2	-9999.0000	18520	46153	-9999	-9999	2267	4618	485.9266	5	0.6798	0.6916	-0.0006	67.3138	0.9076	654.5603	492.9638	45.0694	640.3707	95.6019	653.7176	95.0231	659.8851	94.5139	664.6553	94.6296	
21/08/2017	01:28:48	011995	G488084577HLR	L488	S		630.7766	1.0400	0.0000	99.9577	39.8333	0.8230	1.1604	5.0000	28.6781	713.0574	94.8611	18.5888	25.2000	0.9300	0.9304	0.6903	-0.0006	713.0000	713.6646	1.0272	-3.3373	100.0806	40.6114	0.8230	0.8249	5.0000	-9999.0000	-9999.0000	-9999.0000	-9999.0000	-9999.0000	-9999.0000	17.2893	5	0	31.3088	1.0000	11	2	-9999.0000	18521	46154	-9999	-9999	2268	4620	484.7059	5	0.6796	0.6903	-0.0006	68.5953	0.8378	648.6790	512.9915	44.6759	635.5358	95.6481	647.4460	95.0926	655.1956	94.6065	658.6627	94.5370	
21/08/2017	01:29:20	011995	G488083710HLR	L488	S		632.6062	1.0400	0.0000	99.9367	39.8463	0.8230	1.1604	5.0000	28.8577	713.0580	94.9769	15.3791	25.3000	0.9300	0.9304	0.6903	-0.0006	713.0000	718.4123	1.0272	-3.5086	99.7335	40.6216	0.8230	0.8249	5.0000	-9999.0000	-9999.0000	-9999.0000	-9999.0000	-9999.0000	-9999.0000	17.3156	6	0	31.5681	1.0000	11	2	-9999.0000	18522	46155	-9999	-9999	2269	4621	485.9906	5	0.6796	0.6903	-0.0006	67.8081	0.8718	662.5480	534.0343	46.9907	650.2785	95.5324	661.5342	95.0000	668.5308	94.5370	672.5561	94.6528	
21/08/2017	01:29:48	011995	G488083719HLR	L488	S		611.6465	1.0400	0.0000	99.7738	39.8780	0.8230	1.1606	5.0000	26.0982	713.0249	94.9074	16.0294	25.3000	0.9300	0.9304	0.6916	-0.0006	713.0000	719.3227	1.0272	-3.5414	99.8137	40.6222	0.8230	0.8249	5.0000	-9999.0000	-9999.0000	-9999.0000	-9999.0000	-9999.0000	-9999.0000	17.1585	7	0	28.1883	1.0000	11	2	-9999.0000	18523	46156	-9999	-9999	2270	4623	485.8452	5	0.6797	0.6916	-0.0006	66.8940	0.9126	660.3983	502.5435	44.1898	643.1345	95.6481	659.4891	95.0926	665.8718	94.5833	669.4104	94.5139	
21/08/2017	01:30:17	011995	G488084730HLR	L488	S		629.4875	1.0400	0.0000	99.9412	39.8694	0.8230	1.1604	5.0000	27.7485	713.0584	94.8380	16.5391	25.3000	0.9300	0.9304	0.6917	-0.0006	713.0000	717.9821	1.0272	-3.4930	99.7288	40.6190	0.8230	0.8247	5.0000	-9999.0000	-9999.0000	-9999.0000	-9999.0000	-9999.0000	-9999.0000	17.3557	8	0	29.3283	1.0000	11	2	-9999.0000	18524	46157	-9999	-9999	2271	4625	485.6195	5	0.6797	0.6917	-0.0006	64.9336	1.0141	657.3326	544.0303	45.4167	645.1560	95.5556	656.4431	95.0694	663.1572	94.5833	668.2157	94.4907	
21/08/2017	01:30:48	011995	G488084752HLR	L488	S		640.2735	1.0400	0.0000	99.8962	39.8817	0.8230	1.1612	5.0000	27.0888	713.0568	95.0231	15.7794	25.3000	0.9300	0.9303	0.6915	-0.0006	713.0000	717.5203	1.0272	-3.4764	100.0412	40.6386	0.8230	0.8250	5.0000	-9999.0000	-9999.0000	-9999.0000	-9999.0000	-9999.0000	-9999.0000	17.2730	1	0	30.5785	1.0000	11	2	-9999.0000	18525	46158	-9999	-9999	2272	4627	485.9257	5	0.6796	0.6915	-0.0006	64.9517	1.0140	661.2548	535.0085	46.0185	647.4649	95.5324	660.4538	95.1157	666.2913	94.5833	670.8646	94.5139	
21/08/2017	01:31:19	011995	G488084763HLR	L488	S		635.7225	1.0400	0.0000	100.1647	39.8836	0.8230	1.1604	5.0000	28.2984	713.0471	94.9537	16.0392	25.4000	0.9300	0.9304	0.6913	-0.0006	713.0000	715.4172	1.0272	-3.4005	99.6758	40.6407	0.8230	0.8249	5.0000	-9999.0000	-9999.0000	-9999.0000	-9999.0000	-9999.0000	-9999.0000	17.5088	2	0	31.0579	1.0000	11	2	-9999.0000	18526	46159	-9999	-9999	2272	4629	485.7375	5	0.6796	0.6913	-0.0006	64.5775	1.0471	657.5790	536.9884	46.2731	643.5879	95.5556	656.5715	95.0926	663.8914	94.5833	667.5707	94.5139	
21/08/2017	01:31:49	011995	G488084772HLR	L488	S		636.1266	1.0400	0.0000	100.0802	39.9000	0.8230	1.1604	5.0000	28.5560	713.0952	94.8148	16.6983	25.4000	0.9300	0.9304	0.6830	-0.0002	713.0000	715.8862	1.0272	-3.4175	99.7908	40.6121	0.8230	0.8235	5.0000	-9999.0000	-9999.0000	-9999.0000	-9999.0000	-9999.0000	-9999.0000	19.9585	3	0	30.5994	1.0000	11	2	-9999.0000	18527	46160	-9999	-9999	2273	4630	485.3328	5	0.6794	0.6830	-0.0002	67.6618	0.8965	658.8611	541.2096	46.7593	646.6850	95.5093	657.9681	95.0926	664.2887	94.6065	667.4781	94.5139	
21/08/2017	01:32:17	011995	G488084740HLR	L488	S		629.9515	1.0400	0.0000	99.8517	39.9292	0.8230	1.1605	5.0000	25.2281	713.0912	94.9074	11.1888	25.2000	0.9300	0.9302	0.6830	-0.0002	713.0000	715.7204	1.0272	-3.4115	99.8093	40.6157	0.8230	0.8237	5.0000	-9999.0000	-9999.0000	-9999.0000	-9999.0000	-9999.0000	-9999.0000	19.3977	4	0	28.0575	1.0000	11	2	-9999.0000	18527	46161	-9999	-9999	2274	4631	485.5961	5	0.6794	0.6830	-0.0002	67.6618	0.8965	677.3311	516.5084	43.9120	659.5748	95.3935	676.5180	94.8843	683.8335	94.4907	687.7383	94.7222	
21/08/2017	01:32:48	011995	G488084745HLR	L488	S		634.4144	1.0400	0.0000	99.8438	39.9241	0.8230	1.1604	5.0000	26.3227	713.0051	94.9537	14.5900	25.3000	0.9300	0.9304	0.6792	0.0000	713.0000	713.7789	1.0272	-3.3415	99.9271	40.6418	0.8230	0.8248	5.0000	-9999.0000	-9999.0000	-9999.0000	-9999.0000	-9999.0000	-9999.0000	17.2986	5	0	30.8185	1.0000	11	2	-9999.0000	18528	46162	-9999	-9999	2275	4633	484.3890	5	0.6793	0.6792	0.0000	62.7648	1.1486	668.3457	513.0261	45.8333	653.8968	95.4398	667.5427	95.1157	673.7154	94.6296	677.7720	94.5370	
21/08/2017	01:33:20	011995	G488084785HLR	L488	S		635.6022	1.0400	0.0000	99.9270	39.9260	0.8230	1.1604	5.0000	27.5785	713.0571	95.0231	16.1593	25.3000	0.9300	0.9304	0.6787	0.0000	713.0000	714.8081	1.0272	-3.3786	99.9490	40.6681	0.8230	0.8252	5.0000	-9999.0000	-9999.0000	-9999.0000	-9999.0000	-9999.0000	-9999.0000	17.2601	6	0	31.5481	1.0000	11	2	-9999.0000	18529	46163	-9999	-9999	2275	4635	484.4320	5	0.6792	0.6787	0.0000	61.1559	1.2305	665.9136	503.9216	46.6667	651.6704	95.4630	664.8338	94.9769	671.5830	94.5602	675.5756	94.5602	
21/08/2017	01:33:51	011995	G488083709HLR	L488	S		635.6414	1.0400	0.0000	99.9665	39.9333	0.8230	1.1603	5.0000	28.0485	713.0173	94.9537	13.7795	25.2000	0.9300	0.9303	0.6805	-0.0001	713.0000	716.4649	1.0272	-3.4383	99.7614	40.6652	0.8230	0.8251	5.0000	-9999.0000	-9999.0000	-9999.0000	-9999.0000	-9999.0000	-9999.0000	17.4184	7	0	31.0179	1.0000	11	2	-9999.0000	18530	46164	-9999	-9999	2276	4636	484.4632	5	0.6791	0.6805	-0.0001	60.0682	1.2910	673.3437	528.1386	46.4815	656.7453	95.3935	672.0242	94.9769	679.2318	94.5602	682.7560	94.5370	
21/08/2017	01:34:22	011995	G488084773HLR	L488	S		634.1017	1.0400	0.0000	99.9118	39.9333	0.8230	1.1604	5.0000	27.5580	713.0721	95.0463	15.0988	25.4000	0.9300	0.9304	0.6790	-0.0000	713.0000	713.7989	1.0272	-3.3422	100.1060	40.6651	0.8230	0.8251	5.0000	-9999.0000	-9999.0000	-9999.0000	-9999.0000	-9999.0000	-9999.0000	17.1987	8	0	31.1887	1.0000	11	2	-9999.0000	18531	46165	-9999	-9999	2277	4638	484.2362	5	0.6790	0.6790	-0.0000	60.4646	1.2742	669.0256	555.0085	45.4861	655.7521	95.5093	667.9371	95.0231	673.6319	94.6065	677.5119	94.5370	
21/08/2017	01:34:53	011995	G488084790HLR	L488	S		632.6526	1.0400	0.0000	99.8221	39.9554	0.8230	1.1605	5.0000	25.0083	713.1303	94.7685	17.2393	25.2000	0.9300	0.9303	0.6790	-0.0000	713.0000	715.9242	1.0272	-3.4188	99.7885	40.6572	0.8230	0.8249	5.0000	-9999.0000	-9999.0000	-9999.0000	-9999.0000	-9999.0000	-9999.0000	17.1783	1	0	30.8480	1.0000	11	2	-9999.0000	18532	46166	-9999	-9999	2278	4640	484.2439	5	0.6789	0.6790	-0.0000	60.8371	1.2546	664.8633	551.8259	45.5324	652.8742	95.5093	664.2677	95.0000	669.3277	94.5370	673.6938	94.6065	
21/08/2017	01:35:25	011995	G488084779HLR	L488	S		635.6861	1.0400	0.0000	100.1601	39.9418	0.8230	1.1603	5.0000	27.8587	713.0395	94.9537	16.2891	25.3000	0.9300	0.9303	0.6794	-0.0000	713.0000	714.3083	1.0272	-3.3606	100.0529	40.6577	0.8230	0.8249	5.0000	-9999.0000	-9999.0000	-9999.0000	-9999.0000	-9999.0000	-9999.0000	17.2759	2	0	31.7824	1.0000	11	2	-9999.0000	18533	46167	-9999	-9999	2279	4642	484.0817	5	0.6788	0.6794	-0.0000	58.8295	1.3676	665.2151	528.5227	45.4861	651.5220	95.5556	664.6674	95.0694	671.1592	94.5833	673.1812	94.4907	
21/08/2017	01:35:55	011995	G488084774HLR	L488	S		635.5961	1.0400	0.0000	99.8798	39.9418	0.8230	1.1603	5.0000	28.5688	713.0845	94.9537	14.2697	25.3000	0.9300	0.9303	0.6780	0.0000	713.0000	712.7938	1.0272	-3.3059	99.6899	40.6562	0.8230	0.8247	5.0000	-9999.0000	-9999.0000	-9999.0000	-9999.0000	-9999.0000	-9999.0000	17.3687	3	0	30.5744	1.0000	11	2	-9999.0000	18534	46168	-9999	-9999	2280	4644	483.9763	5	0.6787	0.6780	0.0000	63.8052	1.0907	670.0403	523.3746	44.4444	655.8577	95.5324	668.9803	95.0694	676.3252	94.5833	679.8063	94.5602	
21/08/2017	01:36:24	011995	G488084741HLR	L488	S		636.7081	1.0400	0.0000	99.9457	39.9601	0.8230	1.1603	5.0000	28.0386	713.0344	94.8843	13.0501	25.2000	0.9300	0.9304	0.6780	0.0000	713.0000	713.1586	1.0272	-3.3191	99.7011	40.6295	0.8230	0.8237	5.0000	-9999.0000	-9999.0000	-9999.0000	-9999.0000	-9999.0000	-9999.0000	19.2383	4	0	28.9183	1.0000	11	2	-9999.0000	18535	46169	-9999	-9999	2281	4646	483.8711	5	0.6788	0.6780	0.0000	63.7850	1.0808	673.5063	535.6205	47.1065	660.1666	95.4398	672.4615	95.0000	679.6924	94.5602	683.2530	94.5370	
21/08/2017	01:36:53	011995	G488084783HLR	L488	S		636.5916	1.0400	0.0000	99.8096	39.9638	0.8230	1.1603	5.0000	28.2005	713.0320	94.6528	17.6192	25.3000	0.9300	0.9304	0.6780	0.0000	713.0000	715.3176	1.0272	-3.3970	99.9292	40.6443	0.8230	0.8241	5.0000	-9999.0000	-9999.0000	-9999.0000	-9999.0000	-9999.0000	-9999.0000	18.3483	5	0	28.5592	1.0000	11	2	-9999.0000	18535	46170	-9999	-9999	2282	4648	484.0122	5	0.6786	0.6780	0.0000	63.0111	1.1258	663.8954	520.3835	47.1759	651.6322	95.4630	662.8499	95.0694	669.4416	94.6296	672.8063	94.5370	
21/08/2017	01:37:21	011995	G488084764HLR	L488	S		621.3910	1.0400	0.0000	99.9757	39.9667	0.8230	1.1603	5.0000	27.9055	713.0472	94.7454	17.9893	25.2000	0.9300	0.9303	0.6772	0.0001	713.0000	717.9156	1.0272	-3.4906	100.0703	40.6690	0.8230	0.8247	5.0000	-9999.0000	-9999.0000	-9999.0000	-9999.0000	-9999.0000	-9999.0000	17.5785	6	0	28.7679	1.0000	11	2	-9999.0000	18535	46171	-9999	-9999	2283	4650	483.8722	5	0.6785	0.6772	0.0001	63.7783	1.0743	663.7446	547.1894	46.4120	651.1056	95.5324	662.7225	95.0926	669.8883	94.6065	673.2888	94.4907	
21/08/2017	01:37:53	011995	G488084754HLR	L488	S		621.1142	1.0400	0.0000	100.0010	39.9667	0.8230	1.1603	5.0000	28.7575	713.0836	94.9537	19.7187	25.2000	0.9300	0.9303	0.6774	0.0001	713.0000	717.9074	1.0272	-3.4903	100.0292	40.6877	0.8230	0.8251	5.0000	-9999.0000	-9999.0000	-9999.0000	-9999.0000	-9999.0000	-9999.0000	17.2679	7	0	31.4085	1.0000	11	2	-9999.0000	18536	46172	-9999	-9999	2284	4652	484.0032	5	0.6784	0.6774	0.0001	60.5370	1.2380	660.2222	555.9433	48.1481	647.0718	95.6019	659.2507	95.0926	664.8829	94.5833	668.2113	94.5139	
21/08/2017	01:38:21	011995	G488084760HLR	L488	S		622.5551	1.0400	0.0000	99.8258	39.9944	0.8230	1.1605	5.0000	25.1186	713.0549	94.7917	17.9795	25.2000	0.9300	0.9303	0.6767	0.0001	713.0000	717.9596	1.0272	-3.4922	99.9695	40.6916	0.8230	0.8251	5.0000	-9999.0000	-9999.0000	-9999.0000	-9999.0000	-9999.0000	-9999.0000	17.6670	8	0	28.3082	1.0000	11	2	-9999.0000	18537	46173	-9999	-9999	2285	4654	483.7789	5	0.6785	0.6767	0.0001	61.1018	1.1998	663.9793	542.9784	46.1343	648.6812	95.6250	662.9956	95.1157	668.4879	94.5370	672.0432	94.5370	
21/08/2017	01:38:53	011995	G488084780HLR	L488	S		622.7577	1.0400	0.0000	99.8365	40.0000	0.8230	1.1605	5.0000	25.6176	713.1070	94.7917	17.3194	25.2000	0.9300	0.9303	0.6767	0.0001	713.0000	718.2992	1.0272	-3.5045	100.0242	40.6910	0.8230	0.8251	5.0000	-9999.0000	-9999.0000	-9999.0000	-9999.0000	-9999.0000	-9999.0000	17.2862	1	0	32.1680	1.0000	11	2	-9999.0000	18538	46174	-9999	-9999	2286	4655	483.8535	5	0.6784	0.6767	0.0001	63.3983	1.0566	667.7389	536.2619	45.0231	653.8563	95.5787	667.0736	95.0463	672.2016	94.5370	675.4939	94.5833	
21/08/2017	01:39:25	011995	G488084755HLR	L488	S		631.7958	1.0400	0.0000	99.8757	40.0000	0.8230	1.1604	5.0000	25.5954	713.0750	94.8843	12.0892	25.2000	0.9300	0.9302	0.6767	0.0001	713.0000	715.4488	1.0272	-3.4017	99.7573	40.7087	0.8230	0.8256	5.0000	-9999.0000	-9999.0000	-9999.0000	-9999.0000	-9999.0000	-9999.0000	17.1280	2	0	31.4888	1.0000	11	2	-9999.0000	18539	46175	-9999	-9999	2287	4657	483.4471	5	0.6784	0.6767	0.0001	63.3983	1.0566	677.6858	513.3637	43.8889	660.9665	95.5787	676.5844	94.9537	682.5099	94.4907	686.8527	94.6296	
21/08/2017	01:39:55	011995	G488084775HLR	L488	S		630.3141	1.0400	0.0000	99.7498	40.0005	0.8230	1.1604	5.0000	25.7789	713.0962	94.9769	11.3588	25.2000	0.9300	0.9303	0.6767	0.0001	713.0000	714.0196	1.0272	-3.3501	100.1128	40.7016	0.8230	0.8253	5.0000	-9999.0000	-9999.0000	-9999.0000	-9999.0000	-9999.0000	-9999.0000	17.3383	3	0	30.2580	1.0000	11	2	-9999.0000	18539	46176	-9999	-9999	2288	4659	483.4311	5	0.6783	0.6767	0.0001	61.3880	1.1834	680.7239	520.3599	45.4167	664.8020	95.3935	679.8177	94.9074	684.2192	94.5602	689.1248	94.5602	
21/08/2017	01:40:26	011995	G488084749HLR	L488	S		640.9702	1.0400	0.0000	99.9385	40.0000	0.8230	1.1603	5.0000	28.4388	713.0431	94.9769	15.2297	25.3000	0.9300	0.9305	0.6783	-0.0000	713.0000	714.1890	1.0272	-3.3563	99.9376	40.6899	0.8230	0.8249	5.0000	-9999.0000	-9999.0000	-9999.0000	-9999.0000	-9999.0000	-9999.0000	17.6989	4	0	31.0587	1.0000	11	2	-9999.0000	18540	46177	-9999	-9999	2289	4661	483.5692	5	0.6781	0.6783	-0.0000	60.0953	1.2868	668.1940	517.7974	44.2361	654.1656	95.4167	667.3678	94.9306	674.6856	94.6296	677.8969	94.5602	
21/08/2017	01:40:58	011995	G488084747HLR	L488	S		636.2452	1.0400	0.0000	99.8701	40.0206	0.8230	1.1604	5.0000	25.2983	713.0345	94.9306	16.3800	25.3000	0.9300	0.9303	0.6791	-0.0001	713.0000	716.6389	1.0272	-3.4446	99.7990	40.6977	0.8230	0.8253	5.0000	-9999.0000	-9999.0000	-9999.0000	-9999.0000	-9999.0000	-9999.0000	17.1384	5	0	31.3978	1.0000	11	2	-9999.0000	18540	46177	-9999	-9999	2290	4663	483.3688	5	0.6779	0.6791	-0.0001	59.0525	1.3831	660.5992	529.8865	47.5694	643.6182	95.5556	659.5890	95.0926	665.7752	94.6065	671.3124	94.5139	
21/08/2017	01:41:29	011995	G488084750HLR	L488	Q		640.2491	1.0400	0.0000	100.0250	40.0000	0.8230	1.1602	5.0000	29.2175	713.0985	94.9074	12.4593	25.2000	0.9300	0.9304	0.6786	-0.0001	713.0000	712.6737	1.0272	-3.3016	100.0758	40.6926	0.8230	0.8251	5.0000	-9999.0000	-9999.0000	-9999.0000	-9999.0000	-9999.0000	-9999.0000	17.2787	6	0	31.3391	1.0000	11	2	-9999.0000	18541	46177	-9999	-9999	2291	4665	483.4873	5	0.6777	0.6786	-0.0001	70.2580	0.6949	675.7517	516.0415	46.2269	661.3295	95.4167	674.4533	94.9769	680.7535	94.5370	684.7822	94.5602	
21/08/2017	01:42:00	011995	G488084715HLR	L488	Q		644.1287	1.0400	0.0000	99.8414	40.0086	0.8230	1.1602	5.0000	28.5177	713.0217	94.9306	11.8490	25.3000	0.9300	0.9305	0.6784	-0.0001	713.0000	712.9509	1.0272	-3.3116	99.6716	40.6894	0.8230	0.8249	5.0000	-9999.0000	-9999.0000	-9999.0000	-9999.0000	-9999.0000	-9999.0000	17.1186	7	0	31.5383	1.0000	11	2	-9999.0000	18541	46178	-9999	-9999	2292	4667	483.3075	5	0.6776	0.6784	-0.0001	73.8620	0.5142	678.1987	508.3164	47.0602	665.1906	95.3472	677.1186	94.9537	683.4765	94.5833	687.1705	94.5602	
21/08/2017	01:42:28	011995	G488084700HLR	L488	S		637.7722	1.0400	0.0000	99.8181	40.0283	0.8230	1.1602	5.0000	27.3241	713.0481	94.8611	12.8890	25.3000	0.9300	0.9305	0.6788	-0.0001	713.0000	712.3540	1.0272	-3.2901	99.7587	40.6855	0.8230	0.8248	5.0000	-9999.0000	-9999.0000	-9999.0000	-9999.0000	-9999.0000	-9999.0000	17.2583	8	0	27.8388	1.0000	11	2	-9999.0000	18542	46179	-9999	-9999	2293	4669	483.2795	5	0.6776	0.6788	-0.0001	75.4790	0.3723	674.9992	513.9350	45.6019	659.7534	95.3704	673.7035	94.9306	680.2938	94.6065	683.9697	94.5602	
21/08/2017	01:42:59	011995	G488084703HLR	L488	S		632.5530	1.0400	0.0000	99.8600	40.0333	0.8230	1.1602	5.0000	28.0688	713.0273	94.9537	13.2102	25.3000	0.9300	0.9305	0.6791	-0.0001	713.0000	711.9973	1.0272	-3.2772	99.7114	40.6719	0.8230	0.8247	5.0000	-9999.0000	-9999.0000	-9999.0000	-9999.0000	-9999.0000	-9999.0000	17.2290	1	0	30.3286	1.0000	11	2	-9999.0000	18543	46179	-9999	-9999	2294	4671	483.1500	5	0.6774	0.6791	-0.0001	78.2065	0.1737	671.8277	534.2575	46.3657	656.3231	95.3935	670.6765	95.0463	676.3051	94.6296	680.8045	94.5602	
21/08/2017	01:43:29	011995	G488084716HLR	L488	S		633.7980	1.0400	0.0000	99.8501	40.0333	0.8230	1.1602	5.0000	28.4183	713.0617	94.8148	12.1497	25.3000	0.9300	0.9304	0.6794	-0.0001	713.0000	711.7834	1.0272	-3.2695	99.8335	40.6960	0.8230	0.8250	5.0000	-9999.0000	-9999.0000	-9999.0000	-9999.0000	-9999.0000	-9999.0000	17.1885	2	0	30.2673	1.0000	11	2	-9999.0000	18544	46180	-9999	-9999	2295	4673	483.3600	5	0.6775	0.6794	-0.0001	75.0791	0.3494	674.3280	516.4288	44.5602	658.4165	95.4861	673.2818	95.0926	679.8360	94.6296	684.3762	94.5370	
21/08/2017	01:44:00	011995	G488084697HLR	L488	S		628.9128	1.0400	0.0000	99.8552	40.0421	0.8230	1.1602	5.0000	28.3480	713.0885	95.0231	14.4094	25.4000	0.9300	0.9305	0.6806	-0.0002	713.0000	715.0850	1.0272	-3.3886	100.0164	40.6664	0.8230	0.8234	5.0000	-9999.0000	-9999.0000	-9999.0000	-9999.0000	-9999.0000	-9999.0000	20.1070	3	0	31.2981	1.0000	11	2	-9999.0000	18545	46181	-9999	-9999	2296	4675	483.1386	5	0.6774	0.6806	-0.0002	61.5116	1.2480	668.3980	511.9651	44.5833	653.5532	95.5787	667.3422	95.0926	673.6258	94.6528	677.9436	94.5370	
21/08/2017	01:44:29	011995	G488084705HLR	L488	S		618.5018	1.0400	0.0000	99.9718	40.0502	0.8230	1.1603	5.0000	28.6086	713.0827	94.9074	12.6292	25.3000	0.9300	0.9304	0.6820	-0.0003	713.0000	714.4277	1.0272	-3.3649	99.7314	40.7066	0.8230	0.8252	5.0000	-9999.0000	-9999.0000	-9999.0000	-9999.0000	-9999.0000	-9999.0000	17.1007	4	0	28.4887	1.0000	11	2	-9999.0000	18546	46182	-9999	-9999	2297	4677	483.5134	5	0.6774	0.6820	-0.0003	57.2046	1.5359	670.0056	501.2826	43.3102	652.6261	95.3472	668.8326	94.9306	676.3299	94.5602	682.0084	94.5833	
21/08/2017	01:45:00	011995	G488082736HLR	L488	S		603.8584	1.0400	0.0000	99.8051	40.0748	0.8230	1.1604	5.0000	24.8687	713.0752	94.8380	12.9290	25.4000	0.9300	0.9304	0.6825	-0.0004	713.0000	715.6783	1.0272	-3.4100	99.9590	40.6774	0.8230	0.8237	5.0000	-9999.0000	-9999.0000	-9999.0000	-9999.0000	-9999.0000	-9999.0000	19.4728	5	0	31.7589	1.0000	11	2	-9999.0000	18547	46183	-9999	-9999	2298	4679	483.4589	5	0.6773	0.6825	-0.0004	56.7625	1.5778	670.9420	505.4372	43.5648	653.7361	95.5556	669.8262	94.9537	676.5794	94.5833	680.8487	94.5602	
21/08/2017	01:45:28	011995	G488084735HLR	L488	S		626.0813	1.0400	0.0000	99.8169	40.0667	0.8230	1.1606	5.0000	27.3886	713.0769	94.8843	11.5101	25.3000	0.9300	0.9304	0.6831	-0.0004	713.0000	717.4338	1.0272	-3.4733	100.1164	40.7147	0.8230	0.8254	5.0000	-9999.0000	-9999.0000	-9999.0000	-9999.0000	-9999.0000	-9999.0000	17.2790	6	0	28.0083	1.0000	11	2	-9999.0000	18548	46184	-9999	-9999	2299	4681	483.9316	5	0.6771	0.6831	-0.0004	57.3807	1.5615	675.5760	505.9541	44.9537	659.4671	95.3935	674.6214	94.9537	681.3398	94.5833	686.2048	94.5602	
21/08/2017	01:45:56	011995	G488084742HLR	L488	S		625.8782	1.0400	0.0000	99.9557	40.0744	0.8230	1.1603	5.0000	27.2686	713.0716	94.8148	11.6293	25.3000	0.9300	0.9304	0.6838	-0.0005	713.0000	716.8888	1.0272	-3.4536	99.7240	40.7025	0.8230	0.8251	5.0000	-9999.0000	-9999.0000	-9999.0000	-9999.0000	-9999.0000	-9999.0000	17.4090	7	0	28.0277	1.0000	11	2	-9999.0000	18549	46185	-9999	-9999	2300	4682	483.9670	5	0.6770	0.6838	-0.0005	55.1959	1.7534	672.7140	505.1582	44.0741	657.7762	95.4630	671.8288	94.9306	679.3862	94.5833	684.7581	94.5602	
21/08/2017	01:46:27	011995	G488084718HLR	L488	S		631.1020	1.0400	0.0000	99.8519	40.0715	0.8230	1.1602	5.0000	28.3685	713.0807	94.8380	12.8098	25.3000	0.9300	0.9305	0.6834	-0.0004	713.0000	712.1757	1.0272	-3.2837	99.7144	40.7195	0.8230	0.8254	5.0000	-9999.0000	-9999.0000	-9999.0000	-9999.0000	-9999.0000	-9999.0000	17.4784	8	0	30.7688	1.0000	11	2	-9999.0000	18550	46186	-9999	-9999	2301	4684	483.4466	5	0.6770	0.6834	-0.0004	57.2194	1.6132	669.2109	506.4325	43.7731	651.4864	95.5093	668.0796	94.9769	675.1731	94.6296	679.8290	94.5602	
21/08/2017	01:46:59	011995	G488084725HLR	L488	S		637.0580	1.0400	0.0000	99.8228	40.1000	0.8230	1.1603	5.0000	25.4522	713.0582	94.8611	13.0999	25.2000	0.9300	0.9303	0.6828	-0.0004	713.0000	713.7619	1.0272	-3.3409	99.7170	40.7262	0.8230	0.8258	5.0000	-9999.0000	-9999.0000	-9999.0000	-9999.0000	-9999.0000	-9999.0000	17.4128	1	0	31.6984	1.0000	11	3	-9999.0000	18551	46187	-9999	-9999	2302	4686	483.2763	5	0.6770	0.6828	-0.0004	57.4196	1.5991	670.9911	518.7226	45.4167	653.7687	95.4630	669.8540	94.9769	677.0851	94.6065	680.9720	94.5602	
21/08/2017	01:47:30	011995	G488083593HLR	L488	S		623.1885	1.0400	0.0000	100.0011	40.0835	0.8230	1.1602	5.0000	28.7787	713.0567	94.8148	9.4096	25.2000	0.9300	0.9303	0.6818	-0.0003	713.0000	710.9366	1.0272	-3.2390	99.9119	40.7262	0.8230	0.8257	5.0000	-9999.0000	-9999.0000	-9999.0000	-9999.0000	-9999.0000	-9999.0000	17.6394	2	0	31.0481	1.0000	11	3	-9999.0000	18552	46188	-9999	-9999	2303	4687	484.0228	5	0.6770	0.6818	-0.0003	64.4299	1.1551	682.9344	529.5300	47.0602	667.1565	95.3472	682.0452	94.8843	688.0777	94.5602	692.8900	94.5833	
21/08/2017	01:47:58	011995	G488084738HLR	L488	S		643.0535	1.0400	0.0000	99.9105	40.1020	0.8230	1.1603	5.0000	25.0075	713.0880	94.8843	8.8599	25.2000	0.9300	0.9304	0.6811	-0.0003	713.0000	712.5459	1.0272	-3.2970	100.0625	40.7222	0.8230	0.8255	5.0000	-9999.0000	-9999.0000	-9999.0000	-9999.0000	-9999.0000	-9999.0000	17.6685	3	0	27.8482	1.0000	11	3	-9999.0000	18553	46189	-9999	-9999	2304	4689	483.9369	5	0.6769	0.6811	-0.0003	68.9622	0.9121	684.4776	505.6168	45.9954	670.3423	95.3241	683.2399	94.8611	690.3954	94.5602	694.7094	94.5602	
21/08/2017	01:48:28	011995	G488084743HLR	L488	S		637.1307	1.0400	0.0000	99.7918	40.1012	0.8230	1.1603	5.0000	25.1079	713.0398	94.8380	12.3597	25.4000	0.9300	0.9305	0.6817	-0.0003	713.0000	712.1802	1.0272	-3.2838	99.9311	40.7133	0.8230	0.8254	5.0000	-9999.0000	-9999.0000	-9999.0000	-9999.0000	-9999.0000	-9999.0000	17.4390	4	0	30.3381	1.0000	11	3	-9999.0000	18554	46190	-9999	-9999	2305	4691	483.1982	5	0.6769	0.6817	-0.0003	68.6267	0.9519	672.3773	504.1544	45.0463	657.8800	95.4398	671.5600	94.9537	678.1071	94.6296	683.0989	94.5602	
21/08/2017	01:48:56	011995	G488084732HLR	L488	S		645.1320	1.0400	0.0000	99.9280	40.0985	0.8230	1.1601	5.0000	27.7720	713.0409	94.8611	8.5493	25.2000	0.9300	0.9303	0.6820	-0.0004	713.0000	711.6900	1.0272	-3.2661	99.6777	40.7241	0.8230	0.8257	5.0000	-9999.0000	-9999.0000	-9999.0000	-9999.0000	-9999.0000	-9999.0000	17.4696	5	0	27.3787	1.0000	11	3	-9999.0000	18555	46191	-9999	-9999	2306	4693	484.1483	5	0.6769	0.6820	-0.0004	66.9885	1.0749	687.1247	525.5923	48.0556	673.3280	95.3935	686.2341	94.9537	692.5947	94.6065	697.0712	94.5833	
21/08/2017	01:49:25	011995	G488084701HLR	L488	S		651.9751	1.0400	0.0000	100.0288	40.0963	0.8230	1.1601	5.0000	28.7084	713.0662	94.7917	8.7691	25.2000	0.9300	0.9305	0.6828	-0.0004	713.0000	710.8670	1.0272	-3.2365	99.8594	40.7265	0.8230	0.8260	5.0000	-9999.0000	-9999.0000	-9999.0000	-9999.0000	-9999.0000	-9999.0000	17.2063	6	0	29.9387	1.0000	11	3	-9999.0000	18556	46192	-9999	-9999	2307	4695	484.3780	5	0.6769	0.6828	-0.0004	69.4420	0.8995	684.6972	527.4838	45.2083	669.5588	95.4167	683.6684	95.0231	690.2594	94.6528	695.3731	94.5139	
21/08/2017	01:49:53	011995	G488084709HLR	L488	S		649.4233	1.0400	0.0000	99.9929	40.1000	0.8230	1.1601	5.0000	28.0784	713.0661	94.7685	9.8901	25.3000	0.9300	0.9304	0.6829	-0.0004	713.0000	711.4532	1.0272	-3.2576	99.7767	40.7251	0.8230	0.8262	5.0000	-9999.0000	-9999.0000	-9999.0000	-9999.0000	-9999.0000	-9999.0000	17.4091	7	0	27.8880	1.0000	11	3	-9999.0000	18557	46193	-9999	-9999	2308	4697	484.0461	5	0.6770	0.6829	-0.0004	65.6375	1.1688	679.9100	497.3728	44.1435	664.3218	95.3935	679.0046	94.9074	686.3667	94.6296	690.9355	94.5602	
21/08/2017	01:50:25	011995	G488084708HLR	L488	S		629.5414	1.0400	0.0000	99.7574	40.1000	0.8230	1.1603	5.0000	24.9088	713.0572	94.8148	12.9094	25.3000	0.9300	0.9305	0.6832	-0.0004	713.0000	717.7558	1.0272	-3.4849	99.8173	40.7252	0.8230	0.8264	5.0000	-9999.0000	-9999.0000	-9999.0000	-9999.0000	-9999.0000	-9999.0000	17.3784	8	0	31.4983	1.0000	11	3	-9999.0000	18558	46194	-9999	-9999	2309	4698	483.1039	5	0.6770	0.6832	-0.0004	63.6401	1.3097	673.1324	491.7868	44.6528	656.8103	95.4861	671.9111	94.9769	679.1662	94.6296	683.8235	94.5370	
21/08/2017	01:50:57	011995	G488082729HLR	L488	S		632.1315	1.0400	0.0000	99.9761	40.0932	0.8230	1.1601	5.0000	27.3091	713.0970	94.9769	13.9992	25.3000	0.9300	0.9304	0.6837	-0.0005	713.0000	711.6257	1.0272	-3.2638	99.5815	40.6948	0.8230	0.8264	5.0000	-9999.0000	-9999.0000	-9999.0000	-9999.0000	-9999.0000	-9999.0000	17.1738	1	0	31.8586	1.0000	11	3	-9999.0000	18559	46194	-9999	-9999	2310	4700	482.8933	5	0.6771	0.6837	-0.0005	60.0944	1.5454	665.6467	523.4847	44.9074	650.9463	95.5556	664.3152	95.0231	671.0116	94.6296	676.1674	94.5602	
21/08/2017	01:51:26	011995	G488084746HLR	L488	S		634.4776	1.0400	0.0000	99.9002	40.1000	0.8230	1.1604	5.0000	24.3650	713.0452	94.8611	13.8391	25.2000	0.9300	0.9303	0.6843	-0.0005	713.0000	713.5302	1.0272	-3.3325	99.8646	40.6965	0.8230	0.8264	5.0000	-9999.0000	-9999.0000	-9999.0000	-9999.0000	-9999.0000	-9999.0000	17.2973	2	0	29.7181	1.0000	11	3	-9999.0000	18560	46195	-9999	-9999	2311	4702	482.8419	5	0.6772	0.6843	-0.0005	56.1019	1.8298	668.2437	546.2117	45.9028	652.2938	95.6019	667.2456	95.1389	672.5380	94.6065	677.4039	94.5602	
21/08/2017	01:51:55	011995	G488084787HLR	L488	S		641.2937	1.0400	0.0000	99.8899	40.0854	0.8230	1.1601	5.0000	26.8973	713.0948	95.0926	15.2589	25.2000	0.9300	0.9304	0.6849	-0.0006	713.0000	713.8107	1.0272	-3.3426	99.7365	40.6953	0.8230	0.8264	5.0000	-9999.0000	-9999.0000	-9999.0000	-9999.0000	-9999.0000	-9999.0000	17.2388	3	0	28.7083	1.0000	11	3	-9999.0000	18560	46196	-9999	-9999	2312	4704	482.3212	5	0.6774	0.6849	-0.0006	52.6122	2.0819	664.1426	515.4016	46.5972	648.9347	95.6481	663.0982	95.1620	670.4470	94.6296	673.8700	94.5370	
21/08/2017	01:52:23	011995	G488084786HLR	L488	S		640.3648	1.0400	0.0000	99.9145	40.0943	0.8230	1.1603	5.0000	24.9791	713.0484	94.8843	12.3392	25.2000	0.9300	0.9303	0.6850	-0.0006	713.0000	712.1292	1.0272	-3.2820	99.6829	40.6776	0.8230	0.8261	5.0000	-9999.0000	-9999.0000	-9999.0000	-9999.0000	-9999.0000	-9999.0000	17.4246	4	0	28.0895	1.0000	11	3	-9999.0000	18560	46196	-9999	-9999	2313	4705	483.3185	5	0.6772	0.6850	-0.0006	51.3975	2.2103	671.2312	533.1379	45.2778	656.7992	95.6481	670.2211	95.0926	676.3335	94.5833	680.5080	94.5602	
21/08/2017	01:52:51	011995	G488084748HLR	L488	S		636.1464	1.0400	0.0000	99.9974	40.0667	0.8230	1.1601	5.0000	28.5478	713.0624	94.9306	10.8295	25.2000	0.9300	0.9304	0.6851	-0.0006	713.0000	714.6765	1.0272	-3.3738	99.7267	40.6583	0.8230	0.8256	5.0000	-9999.0000	-9999.0000	-9999.0000	-9999.0000	-9999.0000	-9999.0000	17.4114	5	0	28.1284	1.0000	11	3	-9999.0000	18561	46197	-9999	-9999	2314	4707	483.9744	5	0.6772	0.6851	-0.0006	51.2235	2.2323	676.3874	530.0288	46.6898	662.5920	95.5324	675.4188	95.0463	682.1857	94.6296	686.3037	94.5139	
21/08/2017	01:53:21	011995	G488084759HLR	L488	S		639.9336	1.0400	0.0000	99.9423	40.0667	0.8230	1.1601	5.0000	28.8971	713.0494	94.9074	12.1292	25.3000	0.9300	0.9305	0.6850	-0.0006	713.0000	712.0266	1.0272	-3.2783	100.0468	40.6463	0.8230	0.8249	5.0000	-9999.0000	-9999.0000	-9999.0000	-9999.0000	-9999.0000	-9999.0000	17.7796	6	0	29.9584	1.0000	11	3	-9999.0000	18562	46198	-9999	-9999	2314	4709	483.3603	5	0.6771	0.6850	-0.0006	51.5025	2.2153	672.1573	528.5794	45.6019	658.0565	95.5556	671.1214	95.0694	676.3249	94.6296	681.3917	94.5370	
21/08/2017	01:53:52	011995	G488084767HLR	L488	S		635.1691	1.0400	0.0000	99.8633	40.0687	0.8230	1.1602	5.0000	26.7486	713.0302	94.6991	17.5391	25.3000	0.9300	0.9304	0.6855	-0.0006	713.0000	715.2524	1.0272	-3.3946	99.9649	40.6452	0.8230	0.8246	5.0000	-9999.0000	-9999.0000	-9999.0000	-9999.0000	-9999.0000	-9999.0000	17.2955	7	0	30.2082	1.0000	11	3	-9999.0000	18563	46199	-9999	-9999	2315	4711	480.8591	5	0.6772	0.6855	-0.0006	50.3906	2.2506	661.6350	513.5515	47.9398	650.6258	95.5556	660.8124	95.1157	667.5021	94.6759	669.3694	94.5602	
21/08/2017	01:54:20	011995	G488084757HLR	L488	S		631.2098	1.0400	0.0000	99.8770	40.0679	0.8230	1.1602	5.0000	25.7402	713.0431	95.0000	14.7892	25.3000	0.9300	0.9303	0.6855	-0.0006	713.0000	718.2767	1.0272	-3.5037	100.0227	40.6513	0.8230	0.8245	5.0000	-9999.0000	-9999.0000	-9999.0000	-9999.0000	-9999.0000	-9999.0000	17.3081	8	0	28.3981	1.0000	11	3	-9999.0000	18563	46200	-9999	-9999	2316	4713	482.1466	5	0.6772	0.6855	-0.0006	50.3906	2.2506	666.8322	510.3398	45.8333	651.9194	95.6481	665.9917	95.1620	672.4793	94.6065	676.6891	94.5139	
21/08/2017	01:54:50	011995	G488084766HLR	L488	S		642.3254	1.0400	0.0000	99.9101	40.0702	0.8230	1.1603	5.0000	25.0887	713.0329	95.0231	13.3889	25.3000	0.9300	0.9304	0.6858	-0.0007	713.0000	712.8238	1.0272	-3.3070	99.8927	40.6567	0.8230	0.8245	5.0000	-9999.0000	-9999.0000	-9999.0000	-9999.0000	-9999.0000	-9999.0000	17.2683	1	0	29.4882	1.0000	11	3	-9999.0000	18564	46201	-9999	-9999	2317	4715	482.6821	5	0.6773	0.6858	-0.0007	52.8190	2.0734	667.5723	512.4867	44.7917	652.2774	95.6944	666.5212	95.1389	674.1636	94.5833	678.0397	94.5139	
21/08/2017	01:55:20	011995	G488084768HLR	L488	S		647.7596	1.0400	0.0000	99.7567	40.0687	0.8230	1.1603	5.0000	25.1068	713.0948	94.8611	13.9094	25.3000	0.9300	0.9304	0.6859	-0.0007	713.0000	715.4439	1.0272	-3.4015	99.8481	40.6846	0.8230	0.8249	5.0000	-9999.0000	-9999.0000	-9999.0000	-9999.0000	-9999.0000	-9999.0000	17.2388	2	0	30.6187	1.0000	11	3	-9999.0000	18565	46202	-9999	-9999	2318	4717	482.5941	5	0.6775	0.6859	-0.0007	55.1666	1.8293	670.8357	496.7181	45.9259	656.8156	95.5324	669.9802	95.0463	674.9860	94.5833	680.1203	94.5602	
21/08/2017	01:55:50	011995	G488084776HLR	L488	S		638.8130	1.0400	0.0000	99.8591	40.0544	0.8230	1.1601	5.0000	26.9450	713.0729	94.8843	13.9699	25.3000	0.9300	0.9304	0.6865	-0.0007	713.0000	714.9237	1.0272	-3.3828	99.9734	40.6919	0.8230	0.8251	5.0000	-9999.0000	-9999.0000	-9999.0000	-9999.0000	-9999.0000	-9999.0000	17.2984	3	0	30.3079	1.0000	11	3	-9999.0000	18566	46203	-9999	-9999	2319	4719	482.4158	5	0.6774	0.6865	-0.0007	63.1670	1.1464	668.2042	533.2347	46.7824	655.7187	95.5093	667.3952	95.1157	673.2638	94.6296	678.1026	94.5139	
21/08/2017	01:56:20	011995	G488084771HLR	L488	S		636.2616	1.0400	0.0000	99.9098	40.0506	0.8230	1.1602	5.0000	27.2387	713.0459	95.0694	15.8487	25.3000	0.9300	0.9304	0.6871	-0.0008	713.0000	711.6308	1.0272	-3.2640	100.0000	40.6942	0.8230	0.8251	5.0000	-9999.0000	-9999.0000	-9999.0000	-9999.0000	-9999.0000	-9999.0000	17.1687	4	0	29.8088	1.0000	11	3	-9999.0000	18567	46204	-9999	-9999	2320	4721	481.3015	5	0.6773	0.6871	-0.0008	60.7125	1.3205	659.4992	557.6451	49.4444	646.1593	95.6250	658.5871	95.0926	665.1323	94.6065	669.4287	94.5370	
21/08/2017	01:56:52	011995	G488084753HLR	L488	S		636.2110	1.0400	0.0000	99.9199	40.0663	0.8230	1.1603	5.0000	25.4085	713.0447	94.7222	17.4395	25.3000	0.9300	0.9303	0.6879	-0.0008	713.0000	711.5662	1.0272	-3.2617	99.7959	40.6952	0.8230	0.8251	5.0000	-9999.0000	-9999.0000	-9999.0000	-9999.0000	-9999.0000	-9999.0000	17.3442	5	0	31.6786	1.0000	11	3	-9999.0000	18568	46205	-9999	-9999	2321	4723	480.5005	5	0.6772	0.6879	-0.0008	58.2912	1.4563	654.7408	556.2983	49.5833	645.5190	95.7407	654.0189	95.2083	660.3625	94.6296	663.4199	94.5139	
21/08/2017	01:57:22	011995	G488084784HLR	L488	S		623.8826	1.0400	0.0000	99.8383	40.0565	0.8230	1.1602	5.0000	26.4785	713.0728	94.8380	17.0294	25.3000	0.9300	0.9303	0.6879	-0.0008	713.0000	713.9822	1.0272	-3.3488	100.0517	40.7049	0.8230	0.8252	5.0000	-9999.0000	-9999.0000	-9999.0000	-9999.0000	-9999.0000	-9999.0000	17.2784	6	0	30.4883	1.0000	11	3	-9999.0000	18569	46206	-9999	-9999	2322	4725	480.4241	5	0.6772	0.6879	-0.0008	58.2912	1.4563	655.1496	551.6010	47.7546	643.3204	95.7639	654.6153	95.3009	661.6721	94.6296	665.1049	94.4676	
21/08/2017	01:57:52	011995	G488084793HLR	L488	S		631.3955	1.0400	0.0000	99.8857	40.0482	0.8230	1.1602	5.0000	27.5777	713.0304	94.8148	18.4785	25.2000	0.9300	0.9303	0.6876	-0.0008	713.0000	713.4654	1.0272	-3.3302	99.8682	40.7043	0.8230	0.8251	5.0000	-9999.0000	-9999.0000	-9999.0000	-9999.0000	-9999.0000	-9999.0000	17.3876	7	0	30.1280	1.0000	11	3	-9999.0000	18570	46207	-9999	-9999	2323	4727	479.3016	5	0.6772	0.6876	-0.0008	60.2290	1.2914	654.3642	562.7037	48.2870	643.7926	95.6481	653.7270	95.1157	660.1933	94.6065	664.1348	94.5139	
21/08/2017	01:58:24	011995	G488084751HLR	L488	S		634.9225	1.0400	0.0000	99.9671	40.0541	0.8230	1.1602	5.0000	27.3133	713.0324	94.9074	12.7493	25.1000	0.9300	0.9302	0.6876	-0.0008	713.0000	711.4148	1.0272	-3.2562	99.8808	40.7010	0.8230	0.8251	5.0000	-9999.0000	-9999.0000	-9999.0000	-9999.0000	-9999.0000	-9999.0000	17.2483	8	0	31.0579	1.0000	11	3	-9999.0000	18571	46208	-9999	-9999	2324	4729	482.8652	5	0.6772	0.6876	-0.0008	60.2290	1.2914	667.6735	543.2832	48.1250	654.0008	95.5787	666.7244	95.0694	673.5695	94.5370	677.8642	94.5139	
21/08/2017	01:58:54	011995	G488084778HLR	L488	S		624.6159	1.0400	0.0000	99.9497	40.0586	0.8230	1.1602	5.0000	26.7390	713.0755	94.8843	16.7090	25.2000	0.9300	0.9304	0.6868	-0.0008	713.0000	714.3695	1.0272	-3.3628	99.9448	40.7026	0.8230	0.8252	5.0000	-9999.0000	-9999.0000	-9999.0000	-9999.0000	-9999.0000	-9999.0000	17.2089	1	0	30.7017	1.0000	11	3	-9999.0000	18572	46208	-9999	-9999	2325	4731	480.8389	5	0.6771	0.6868	-0.0008	65.1101	0.9219	655.7528	544.0517	48.1250	641.3296	95.5324	654.6139	95.0000	661.2595	94.5833	665.0518	94.5139	
21/08/2017	01:59:24	011995	G488084777HLR	L488	S		636.4025	1.0400	0.0000	100.1695	40.0623	0.8230	1.1602	5.0000	28.6803	713.1045	94.9537	14.4094	25.2000	0.9300	0.9304	0.6871	-0.0008	713.0000	711.2340	1.0272	-3.2497	100.1039	40.6950	0.8230	0.8249	5.0000	-9999.0000	-9999.0000	-9999.0000	-9999.0000	-9999.0000	-9999.0000	17.5885	2	0	29.9657	1.0000	11	3	-9999.0000	18573	46209	-9999	-9999	2326	4733	481.9840	5	0.6769	0.6871	-0.0008	63.0569	1.1526	663.0487	549.2576	46.6667	652.2488	95.5787	662.4357	95.1157	668.0823	94.6296	672.4196	94.4907	
21/08/2017	01:59:56	011995	G488084781HLR	L488	S		643.2090	1.0400	0.0000	99.8746	40.0694	0.8230	1.1601	5.0000	27.4663	713.0369	95.0463	15.6290	25.3000	0.9300	0.9304	0.6874	-0.0008	713.0000	713.9638	1.0272	-3.3481	100.0189	40.6940	0.8230	0.8250	5.0000	-9999.0000	-9999.0000	-9999.0000	-9999.0000	-9999.0000	-9999.0000	17.2782	3	0	31.3485	1.0000	11	3	-9999.0000	18574	46210	-9999	-9999	2327	4735	481.1211	5	0.6767	0.6874	-0.0008	63.1948	1.1043	662.7737	536.6331	45.8102	651.5346	95.6019	661.9512	95.1157	667.8692	94.6065	672.3606	94.5139	
21/08/2017	02:00:26	011995	G488084761HLR	L488	S		640.1579	1.0400	0.0000	99.9124	40.0802	0.8230	1.1602	5.0000	27.1987	713.0627	95.0231	15.3498	25.2000	0.9300	0.9304	0.6873	-0.0008	713.0000	711.3825	1.0272	-3.2550	99.7461	40.7056	0.8230	0.8251	5.0000	-9999.0000	-9999.0000	-9999.0000	-9999.0000	-9999.0000	-9999.0000	17.1899	4	0	30.6881	1.0000	11	3	-9999.0000	18575	46211	-9999	-9999	2328	4737	481.2929	5	0.6766	0.6873	-0.0008	62.8839	1.1203	661.1906	537.1589	47.6852	647.7526	95.5324	660.0614	94.9769	666.3122	94.5602	670.8104	94.5602	
21/08/2017	02:00:56	011995	G488084762HLR	L488	S		640.3441	1.0400	0.0000	100.2183	40.0827	0.8230	1.1602	5.0000	28.0775	713.0724	94.9074	12.9495	25.2000	0.9300	0.9304	0.6875	-0.0008	713.0000	710.3668	1.0272	-3.2184	99.6397	40.6921	0.8230	0.8249	5.0000	-9999.0000	-9999.0000	-9999.0000	-9999.0000	-9999.0000	-9999.0000	17.3890	5	0	30.1976	1.0000	11	3	-9999.0000	18576	46212	-9999	-9999	2328	4739	482.7039	5	0.6766	0.6875	-0.0008	61.4151	1.2340	666.3301	527.8185	44.8380	652.3347	95.4630	665.1988	95.0231	671.5324	94.5602	676.5095	94.5139	
21/08/2017	02:01:27	011995	G488084788HLR	L488	S		626.2892	1.0400	0.0000	99.9853	40.0861	0.8230	1.1602	5.0000	27.7386	713.0438	95.0463	15.3488	25.3000	0.9300	0.9305	0.6874	-0.0008	713.0000	715.4522	1.0272	-3.4018	99.7505	40.6931	0.8230	0.8250	5.0000	-9999.0000	-9999.0000	-9999.0000	-9999.0000	-9999.0000	-9999.0000	17.1366	6	0	30.4887	1.0000	11	3	-9999.0000	18577	46213	-9999	-9999	2329	4741	481.3053	5	0.6766	0.6874	-0.0008	60.0507	1.2817	662.6879	535.4853	45.6713	649.8447	95.4861	661.6243	94.9769	667.0211	94.5833	671.0807	94.5370	
21/08/2017	02:01:58	011995	G488084789HLR	L488	S		635.6741	1.0400	0.0000	99.9369	40.0988	0.8230	1.1602	5.0000	26.8881	713.0272	94.9769	15.6691	25.3000	0.9300	0.9304	0.6876	-0.0008	713.0000	712.3182	1.0272	-3.2888	99.7080	40.6926	0.8230	0.8250	5.0000	-9999.0000	-9999.0000	-9999.0000	-9999.0000	-9999.0000	-9999.0000	17.1268	7	0	31.1683	1.0000	11	3	-9999.0000	18578	46214	-9999	-9999	2330	4743	481.1144	5	0.6765	0.6876	-0.0008	60.6853	1.1985	660.0538	537.7988	46.9213	646.7778	95.5324	659.1390	95.0694	664.9003	94.6296	669.6348	94.5602	
21/08/2017	02:02:30	011995	G488084758HLR	L488	S		641.8079	1.0400	0.0000	100.0355	40.0929	0.8230	1.1601	5.0000	28.3382	713.0898	95.0231	14.6789	25.2000	0.9300	0.9304	0.6879	-0.0008	713.0000	712.7377	1.0272	-3.3039	99.8367	40.6888	0.8230	0.8247	5.0000	-9999.0000	-9999.0000	-9999.0000	-9999.0000	-9999.0000	-9999.0000	17.6646	8	0	31.8088	1.0000	11	3	-9999.0000	18579	46215	-9999	-9999	2331	4744	481.8855	5	0.6766	0.6879	-0.0008	58.7930	1.2794	664.0790	529.6398	47.0139	650.9153	95.5324	662.7161	94.9769	669.0193	94.5833	673.4125	94.5602	
21/08/2017	02:02:58	011995	G488084756HLR	L488	S		634.7937	1.0400	0.0000	99.8914	40.1000	0.8230	1.1601	5.0000	27.5590	713.1070	94.9306	14.0188	25.2000	0.9300	0.9304	0.6884	-0.0009	713.0000	711.5051	1.0272	-3.2595	99.8176	40.6915	0.8230	0.8249	5.0000	-9999.0000	-9999.0000	-9999.0000	-9999.0000	-9999.0000	-9999.0000	17.1616	1	0	28.0785	1.0000	11	3	-9999.0000	18580	46216	-9999	-9999	2332	4746	482.4271	5	0.6767	0.6884	-0.0009	55.2648	1.4799	662.4868	522.0454	45.9028	646.8698	95.5324	661.5185	94.9769	667.6529	94.5833	672.2112	94.5602	
21/08/2017	02:03:27	011995	G488084770HLR	L488	S		634.5306	1.0400	0.0000	100.0114	40.1000	0.8230	1.1602	5.0000	27.2019	713.0507	95.0694	15.2189	25.2000	0.9300	0.9304	0.6885	-0.0009	713.0000	710.9866	1.0272	-3.2408	99.8073	40.6833	0.8230	0.8247	5.0000	-9999.0000	-9999.0000	-9999.0000	-9999.0000	-9999.0000	-9999.0000	17.2901	2	0	29.3529	1.0000	11	3	-9999.0000	18581	46217	-9999	-9999	2333	4747	481.4879	5	0.6765	0.6885	-0.0009	53.3224	1.6244	658.3108	525.1046	48.4954	642.5929	95.5787	657.1269	95.0463	664.1470	94.5833	667.6280	94.5370	
