Data	Timp	Nr. masina	Nr. de serie	Tip	Productie	Comentariu	Pre-masurare Q [ml/min]	Pre-masurare Gain	Pre-masurare Offset Master	Pre-masurare P [bar]	Pre-masurare T [°C]	Pre-masurare Densitate fixa [kg/l]	Pre-masurare densitate masurata [kg/l]	Pre-masurare Timp masurare [s]	Pre-masurare Cycle time [s]	rectificare Q Oprire [ml/min]	rectificare P Oprire [bar]	rectificare Timp rectificare [s]	rectificare T [°C]	rectificare Densitate fixa [kg/l]	rectificare densitate masurata [kg/l]	rectificare Factor de masurare la rectificare	rectificare Factor de corectie a debitului	rectificare Target rectificare	Masurare Q [ml/min]	Masurare Gain	Masurare Offset Master	Masurare P [bar]	Masurare T [°C]	Masurare Densitate fixa [kg/l]	Masurare densitate masurata [kg/l]	Masurare Timp masurare [s]	Masurare Q [ml/min]	Masurare Delta Q [ml/min]	Masurare P [bar]	Masurare BP [bar]	Masurare T [°C]	Masurare Timp masurare [s]	Masurare Cycle time [s]	Nest Nr.	Cod de descarcare	Cycle time [s]	Traceability aktiv	EDM Maschine Nr	EDM Spindle Nr	Honing Rate [r	Station Counter Premeasure	Station Counter Grind	Station Counter Blowout 1	Station Counter Wash	Station Counter Measure	Station Counter Blowout 2	RealGrindQStop	Reg Type	Factor 0	Factor 1	Factor 2	Factor 3	Factor 4	G_StartQV	G_StartQV_1	G_StartQV_2	G_StartQV_3	G_StartQV_4	G_StartQV_5	
08/08/2017	03:05:53	011995	G488009135HLR	L488	S		622.8787	1.0400	0.0000	99.9344	39.7666	0.8230	1.1621	5.0000	20.4874	713.0882	94.7454	17.1290	23.9000	0.9300	0.9432	0.7454	-0.0035	713.0000	714.6944	1.0272	-1.7111	99.8547	40.6642	0.8230	0.8255	5.0000	-9999.0000	-9999.0000	-9999.0000	-9999.0000	-9999.0000	-9999.0000	17.2285	6	0	47176.5906	1.0000	04	3	-9999.0000	49672	24476	-9999	-9999	2262	4620	488.7934	5	0.6896	0.7454	-0.0035	46.5493	2.7160	620.2357	583.6565	43.0093	594.7344	96.1111	611.5323	95.6250	619.3466	95.0231	624.4116	94.6528	
08/08/2017	04:44:07	011995	G488009166HLR	L488	S		629.7255	1.0400	0.0000	99.8243	39.7843	0.8230	1.1621	5.0000	20.2913	713.1056	95.0000	15.9386	23.9000	0.9300	0.9432	0.7464	-0.0036	713.0000	718.5712	1.0272	-1.8032	100.0045	40.6608	0.8230	0.8246	5.0000	-9999.0000	-9999.0000	-9999.0000	-9999.0000	-9999.0000	-9999.0000	17.4793	7	0	5893.9067	1.0000	04	3	-9999.0000	49672	24477	-9999	-9999	2263	4622	491.6846	5	0.6888	0.7464	-0.0036	42.8689	2.9096	629.4278	563.3156	42.0833	603.4993	96.1111	620.4345	95.6481	628.9301	95.0694	633.6321	94.6065	
08/08/2017	04:45:18	011995	G488009165HLR	L488	S		624.5716	1.0400	0.0000	99.8806	39.7880	0.8230	1.1620	5.0000	20.4157	713.1250	94.9306	16.6388	23.9000	0.9300	0.9432	0.7460	-0.0036	713.0000	712.9999	1.0272	-1.6708	99.8210	39.7741	0.8230	0.8335	5.0000	-9999.0000	-9999.0000	-9999.0000	-9999.0000	-9999.0000	-9999.0000	17.4087	8	0	70.3365	1.0000	04	3	-9999.0000	49673	24478	-9999	-9999	2264	4624	489.5137	5	0.6880	0.7460	-0.0036	40.9995	3.0031	624.8529	604.8429	44.0278	601.3423	96.0417	614.9907	95.6019	623.7361	95.0231	628.3507	94.5833	
08/08/2017	04:45:54	011995	G488009155HLR	L488	S		622.9881	1.0400	0.0000	99.8921	39.7964	0.8230	1.1621	5.0000	20.0715	713.0916	94.9306	16.7696	23.8000	0.9300	0.9432	0.7448	-0.0035	713.0000	713.9409	1.0272	-1.6932	100.0126	40.3722	0.8230	0.8289	5.0000	-9999.0000	-9999.0000	-9999.0000	-9999.0000	-9999.0000	-9999.0000	17.2788	1	0	37.2084	1.0000	04	3	-9999.0000	49674	24479	-9999	-9999	2265	4626	489.1069	5	0.6871	0.7448	-0.0035	38.9314	3.1165	622.0736	598.3231	44.3981	598.4625	96.0648	613.8997	95.7176	621.3136	95.1620	626.8775	94.5833	
08/08/2017	04:46:32	011995	G488009157HLR	L488	S		629.2901	1.0400	0.0000	99.9230	39.8018	0.8230	1.1621	5.0000	20.2615	713.0914	95.0231	15.7491	23.9000	0.9300	0.9433	0.7413	-0.0033	713.0000	717.0086	1.0272	-1.7660	99.9186	40.3125	0.8230	0.8263	5.0000	-9999.0000	-9999.0000	-9999.0000	-9999.0000	-9999.0000	-9999.0000	19.9621	2	0	36.3179	1.0000	04	3	-9999.0000	49675	24479	-9999	-9999	2266	4628	491.4349	5	0.6861	0.7413	-0.0033	38.6257	3.1353	629.1018	599.2099	44.6528	606.4914	95.9259	620.6928	95.6481	628.3071	95.0463	634.8265	94.5833	
08/08/2017	04:47:06	011995	G488009156HLR	L488	S		625.1473	1.0400	0.0000	99.8878	39.8038	0.8230	1.1619	5.0000	21.0292	713.1497	94.9769	14.1496	24.4000	0.9300	0.9425	0.7413	-0.0033	713.0000	716.8840	1.0272	-1.7631	99.8309	40.3651	0.8230	0.8279	5.0000	-9999.0000	-9999.0000	-9999.0000	-9999.0000	-9999.0000	-9999.0000	18.8980	3	0	35.1771	1.0000	04	3	-9999.0000	49676	24480	-9999	-9999	2267	4629	495.1713	5	0.6861	0.7413	-0.0033	38.6257	3.1353	639.6265	280.0633	42.7083	619.3147	95.3241	628.3187	95.3935	639.0231	94.9769	643.3136	94.6759	
08/08/2017	04:47:40	011995	G488009151HLR	L488	S		624.3726	1.0400	0.0000	99.9248	38.9575	0.8230	1.1647	5.0000	21.5029	567.2493	94.8148	31.0081	24.0000	0.9300	0.9432	0.7333	-0.0029	713.0000	732.9203	1.0272	-2.1440	99.8531	40.4246	0.8230	0.8290	5.0000	-9999.0000	-9999.0000	-9999.0000	-9999.0000	-9999.0000	-9999.0000	17.7291	4	2	33.4787	1.0000	04	3	-9999.0000	49677	24480	-9999	-9999	2268	4631	364.6745	5	0.6849	0.7333	-0.0029	36.2192	3.2624	440.0737	374.0757	44.9074	561.6803	97.7083	425.3889	98.4028	432.4804	98.2407	441.2910	94.0278	
08/08/2017	04:48:05	011995	G488010200HLR	L488	S		632.0669	1.0400	0.0000	99.8864	39.3171	0.8230	1.1642	5.0000	19.7890	713.1079	94.8843	24.6081	23.6000	0.9300	0.9434	0.7129	-0.0017	713.0000	746.9260	1.0272	-2.4767	99.7879	40.4574	0.8230	0.8289	5.0000	-9999.0000	-9999.0000	-9999.0000	-9999.0000	-9999.0000	-9999.0000	17.4590	5	2	25.1371	1.0000	13	4	-9999.0000	49678	24481	-9999	-9999	2269	4633	472.1363	5	0.6842	0.7129	-0.0017	35.3604	3.3130	572.6733	465.8913	46.1806	546.5072	92.7315	559.9491	92.5694	572.0315	92.3148	578.2174	94.9769	
08/08/2017	04:48:30	011995	G488010598HLR	L488	S		634.2105	1.0400	0.0000	99.8359	39.3637	0.8230	1.1636	5.0000	19.8062	713.0780	94.8380	25.2692	24.0000	0.9300	0.9435	0.7195	-0.0021	713.0000	750.8309	1.0272	-2.5695	99.9980	40.4553	0.8230	0.8274	5.0000	-9999.0000	-9999.0000	-9999.0000	-9999.0000	-9999.0000	-9999.0000	18.7292	6	2	24.8898	1.0000	13	4	-9999.0000	49679	24482	-9999	-9999	2270	4635	477.1157	5	0.6837	0.7195	-0.0021	37.4636	3.1933	586.4148	546.3853	45.8102	566.9157	93.3333	578.6281	93.1481	585.7849	92.6620	590.7461	95.0694	
08/08/2017	04:48:51	011995	G488007046HLR	L488	S		632.8624	1.0400	0.0000	99.8543	39.4428	0.8230	1.1642	5.0000	20.0887	713.1583	94.8611	24.2389	24.0000	0.9300	0.9435	0.7202	-0.0022	713.0000	750.1082	1.0272	-2.5523	99.8509	40.4520	0.8230	0.8290	5.0000	-9999.0000	-9999.0000	-9999.0000	-9999.0000	-9999.0000	-9999.0000	17.3093	7	2	21.1393	1.0000	13	4	-9999.0000	49680	24483	-9999	-9999	2271	4637	476.5012	5	0.6773	0.7202	-0.0022	73.4379	1.1571	586.4810	517.6520	46.5972	567.0950	93.9120	580.2429	93.7963	586.1157	93.2639	590.9053	94.9074	
08/08/2017	04:49:07	011995	G488010558HLR	L488	S		645.5409	1.0400	0.0000	99.8618	39.5235	0.8230	1.1639	5.0000	20.1094	713.0765	94.9537	22.4685	23.8000	0.9300	0.9435	0.7202	-0.0022	713.0000	757.8351	1.0272	-2.7359	99.8755	40.4188	0.8230	0.8278	5.0000	-9999.0000	-9999.0000	-9999.0000	-9999.0000	-9999.0000	-9999.0000	17.6781	8	2	15.4690	1.0000	13	4	-9999.0000	49681	24484	-9999	-9999	2272	4639	478.8492	5	0.6767	0.7202	-0.0022	72.3511	1.2205	599.1402	475.4249	43.8426	575.9816	94.1667	593.4326	94.0509	598.5119	93.5417	603.4875	94.6991	
08/08/2017	04:52:27	011995	G488010600HLR	L488	S		641.8563	1.0400	0.0000	99.8835	39.3877	0.8230	1.1639	5.0000	19.5965	713.0856	95.0231	21.2889	23.9000	0.9300	0.9441	0.7421	-0.0035	713.0000	752.0303	1.0272	-2.5980	99.9485	40.5244	0.8230	0.8267	5.0000	-9999.0000	-9999.0000	-9999.0000	-9999.0000	-9999.0000	-9999.0000	19.8611	2	2	15.6084	1.0000	13	4	-9999.0000	49682	24484	-9999	-9999	2273	4650	476.0234	5	0.6756	0.7421	-0.0035	69.7846	1.2921	584.1542	404.3388	42.8241	555.8555	94.2130	574.7618	93.9120	583.1169	93.8426	589.1021	94.6759	
08/08/2017	05:03:08	011995	G488010177HLR	L488	S		628.2305	1.0400	0.0000	99.8816	39.5567	0.8230	1.1644	5.0000	19.7817	713.1242	94.9074	23.5388	23.8000	0.9300	0.9436	0.7466	-0.0038	713.0000	740.0666	1.0272	-2.3138	99.7805	40.4675	0.8230	0.8289	5.0000	-9999.0000	-9999.0000	-9999.0000	-9999.0000	-9999.0000	-9999.0000	17.4391	4	2	23.2787	1.0000	13	4	-9999.0000	49683	24485	-9999	-9999	2274	4659	468.6971	5	0.6749	0.7466	-0.0038	69.2681	1.3067	570.2357	411.4880	44.1204	547.7114	94.4676	559.7520	94.3750	569.6585	94.3287	574.8613	94.6296	
08/08/2017	05:03:24	011995	G488010601HLR	L488	S		632.0951	1.0400	0.0000	99.8405	39.4661	0.8230	1.1643	5.0000	19.4872	713.1325	94.9074	23.7693	23.9000	0.9300	0.9435	0.7466	-0.0038	713.0000	741.5510	1.0272	-2.3491	99.8530	40.4317	0.8230	0.8272	5.0000	-9999.0000	-9999.0000	-9999.0000	-9999.0000	-9999.0000	-9999.0000	18.8978	5	2	15.3889	1.0000	13	4	-9999.0000	49684	24486	-9999	-9999	2275	4661	468.0725	5	0.6749	0.7466	-0.0038	69.2681	1.3067	565.5837	477.0865	45.4398	541.5642	94.9769	557.5521	94.8843	564.5405	94.3056	571.3720	94.6065	
08/08/2017	05:40:14	011995	G488010556HLR	L488	S		631.8455	1.0400	0.0000	99.9270	39.2360	0.8230	1.1648	5.0000	19.7089	713.1400	95.0231	22.2997	26.2000	0.9300	0.9436	0.7837	-0.0060	713.0000	651.8496	1.0272	-2.6765	99.8749	40.3521	0.8230	0.8301	5.0000	-9999.0000	-9999.0000	-9999.0000	-9999.0000	-9999.0000	-9999.0000	17.1901	7	1	21.1091	1.0000	13	4	-9999.0000	49685	24487	-9999	-9999	2276	4673	463.3499	5	0.6715	0.7837	-0.0060	40.7635	2.9909	516.7992	343.5387	46.2500	500.3182	67.9630	482.4617	68.1713	488.2231	68.1250	523.1847	92.5694	
08/08/2017	05:40:30	011995	G488010603HLR	L488	S		631.3451	1.0400	0.0000	99.8439	39.3923	0.8230	1.1654	5.0000	20.1892	713.1422	95.0000	22.7488	25.5000	0.9300	0.9429	0.7837	-0.0060	713.0000	726.3807	1.0272	-1.9887	99.7710	40.3383	0.8230	0.8288	5.0000	-9999.0000	-9999.0000	-9999.0000	-9999.0000	-9999.0000	-9999.0000	17.1528	8	2	15.3790	1.0000	13	4	-9999.0000	49686	24488	-9999	-9999	2277	4675	461.4542	5	0.6715	0.7837	-0.0060	40.7635	2.9909	546.2280	450.6695	43.1713	526.2870	92.7778	537.4010	92.6389	545.2706	92.1065	553.6422	94.9306	
08/08/2017	05:44:27	011995	G488007112HLR	L488	S		619.7107	1.0400	0.0000	99.8551	39.3567	0.8230	1.1641	5.0000	19.9090	713.1308	95.0000	21.3494	23.9000	0.9300	0.9432	0.7732	-0.0060	713.0000	730.1421	1.0272	-2.0780	99.7753	40.4848	0.8230	0.8280	5.0000	-9999.0000	-9999.0000	-9999.0000	-9999.0000	-9999.0000	-9999.0000	17.3229	2	2	21.0448	1.0000	13	4	-9999.0000	49687	24489	-9999	-9999	2278	4686	459.9432	5	0.6365	0.7732	-0.0060	41.1124	3.0165	549.1221	397.8998	44.3750	524.7458	92.3148	540.1265	92.4769	548.0553	92.3380	558.3146	95.0694	
08/08/2017	05:44:44	011995	G488010544HLR	L488	S		625.7569	1.0400	0.0000	99.8940	39.4333	0.8230	1.1647	5.0000	20.1082	713.1217	94.9306	21.5984	23.4000	0.9300	0.9429	0.7732	-0.0060	713.0000	729.5843	1.0272	-2.0648	99.7769	40.4912	0.8230	0.8288	5.0000	-9999.0000	-9999.0000	-9999.0000	-9999.0000	-9999.0000	-9999.0000	17.5138	3	2	15.3833	1.0000	13	4	-9999.0000	49688	24490	-9999	-9999	2279	4688	458.8368	5	0.6365	0.7732	-0.0060	41.1124	3.0165	544.7284	437.5572	43.0556	520.6639	93.2407	536.5559	93.1944	543.6298	92.7778	552.3238	95.0000	
08/08/2017	05:50:09	011995	G488010178HLR	L488	S		627.8483	1.0400	0.0000	99.8531	39.4013	0.8230	1.1638	5.0000	19.8788	713.1680	94.9306	20.5390	23.3000	0.9300	0.9437	0.7641	-0.0060	713.0000	729.5302	1.0272	-2.0635	99.8827	40.5591	0.8230	0.8278	5.0000	-9999.0000	-9999.0000	-9999.0000	-9999.0000	-9999.0000	-9999.0000	17.3587	5	2	25.2193	1.0000	13	4	-9999.0000	49689	24491	-9999	-9999	2280	4697	456.9236	5	0.6321	0.7641	-0.0060	41.4158	3.0388	539.5360	387.4665	43.6806	525.6861	93.5648	549.3837	94.6065	556.2671	94.8843	564.2369	94.6296	
08/08/2017	05:50:25	011995	G488010550HLR	L488	S		628.3565	1.0400	0.0000	99.8194	39.4772	0.8230	1.1645	5.0000	19.4597	713.1889	94.9306	20.6093	23.4000	0.9300	0.9437	0.7641	-0.0060	713.0000	728.9385	1.0272	-2.0494	99.9439	40.5600	0.8230	0.8286	5.0000	-9999.0000	-9999.0000	-9999.0000	-9999.0000	-9999.0000	-9999.0000	17.2781	6	2	15.4689	1.0000	13	4	-9999.0000	49690	24492	-9999	-9999	2281	4699	456.6408	5	0.6321	0.7641	-0.0060	41.4158	3.0388	539.0194	436.6266	45.2546	526.5951	94.1898	543.1419	94.8148	554.3783	94.7685	562.1335	94.5370	
08/08/2017	06:21:11	011995	G488010545HLR	L488	S		629.5735	1.0400	0.0000	99.9115	39.4549	0.8230	1.1634	5.0000	19.9591	713.1960	94.9769	20.6893	23.5000	0.9300	0.9438	0.7641	-0.0060	713.0000	728.2714	1.0272	-2.0336	99.9226	40.5821	0.8230	0.8256	5.0000	-9999.0000	-9999.0000	-9999.0000	-9999.0000	-9999.0000	-9999.0000	19.9984	1	2	33.9387	1.0000	13	4	-9999.0000	49691	24493	-9999	-9999	2282	4709	456.2850	5	0.6298	0.7641	-0.0060	164.2181	-2.9245	542.2524	350.0080	41.7593	525.1135	94.7222	545.2100	94.3287	555.6083	94.9769	562.5732	94.8611	
08/08/2017	06:24:07	011995	G488010199HLR	L488	S		632.2002	1.0400	0.0000	99.8892	39.4330	0.8230	1.1632	5.0000	19.6991	713.1165	94.8148	18.8388	23.6000	0.9300	0.9440	0.7510	-0.0060	713.0000	725.7885	1.0272	-1.9746	99.7557	40.5999	0.8230	0.8279	5.0000	-9999.0000	-9999.0000	-9999.0000	-9999.0000	-9999.0000	-9999.0000	17.2788	5	2	91.4856	1.0000	13	4	-9999.0000	49692	24494	-9999	-9999	2283	4714	454.7892	5	0.6265	0.7510	-0.0060	165.9767	-2.9558	554.4541	412.7329	42.2222	541.8512	94.0278	557.9368	94.3981	568.7504	94.8843	577.2215	94.6759	
08/08/2017	06:25:25	011995	G488010518HLR	L488	S		616.7960	1.0400	0.0000	99.9104	39.4342	0.8230	1.1631	5.0000	19.9989	713.2264	94.7917	20.4188	23.5000	0.9300	0.9441	0.7451	-0.0060	713.0000	711.7720	1.0272	-1.6416	99.8106	40.6123	0.8230	0.8278	5.0000	-9999.0000	-9999.0000	-9999.0000	-9999.0000	-9999.0000	-9999.0000	17.4586	1	0	15.4082	1.0000	13	4	-9999.0000	49693	24495	-9999	-9999	2284	4719	443.9720	5	0.6266	0.7451	-0.0060	166.7637	-2.9698	541.5209	418.6505	43.6343	529.2925	94.7917	545.2579	94.7454	554.7810	94.7917	562.8666	94.6759	
08/08/2017	06:31:55	011995	G488010536HLR	L488	S		621.5797	1.0400	0.0000	99.9039	39.4585	0.8230	1.1633	5.0000	19.8692	713.1720	94.6991	19.7187	23.5000	0.9300	0.9441	0.7458	-0.0060	713.0000	717.7159	1.0272	-1.7828	99.7584	40.6236	0.8230	0.8277	5.0000	-9999.0000	-9999.0000	-9999.0000	-9999.0000	-9999.0000	-9999.0000	17.2291	5	0	90.4065	1.0000	13	4	-9999.0000	49693	24496	-9999	-9999	2285	4731	447.4078	5	0.6253	0.7458	-0.0060	166.7001	-2.9687	545.9274	398.8321	41.4815	532.6580	94.6065	556.6139	94.4907	564.1260	94.9074	569.8376	94.6759	
08/08/2017	06:35:02	011995	G488010527HLR	L488	S		632.8014	1.0400	0.0000	99.9111	39.4692	0.8230	1.1634	5.0000	19.9283	713.1844	95.0231	17.3496	23.6000	0.9300	0.9443	0.7447	-0.0060	713.0000	729.9300	1.0272	-2.0730	99.9700	40.6294	0.8230	0.8274	5.0000	-9999.0000	-9999.0000	-9999.0000	-9999.0000	-9999.0000	-9999.0000	17.5121	1	2	15.7688	1.0000	13	4	-9999.0000	49694	24497	-9999	-9999	2286	4736	456.7493	5	0.6248	0.7447	-0.0060	166.8571	-2.9715	563.7621	415.6726	44.6759	549.1158	94.6759	569.2023	94.8148	580.3637	94.7917	588.6956	94.6759	
08/08/2017	06:42:08	011995	G488010525HLR	L488	Q		626.1607	1.0400	0.0000	99.9270	39.4682	0.8230	1.1633	5.0000	20.1580	713.1189	95.0231	16.8184	23.5000	0.9300	0.9442	0.6336	-0.0004	713.0000	714.6081	1.0272	-1.7090	99.8517	40.6379	0.8230	0.8276	5.0000	-9999.0000	-9999.0000	-9999.0000	-9999.0000	-9999.0000	-9999.0000	17.5314	5	0	94.9451	1.0000	13	4	-9999.0000	49696	24498	-9999	-9999	2288	4749	446.5836	5	0.6249	0.6336	-0.0004	92.8673	0.1554	643.1269	490.3341	46.0648	627.7193	94.5139	642.7832	94.6065	648.8400	94.8611	653.9698	94.7454	
08/08/2017	06:43:27	011995	G488010548HLR	L488	Q		630.1180	1.0400	0.0000	99.9359	39.4712	0.8230	1.1634	5.0000	20.0078	713.0329	95.0000	17.7588	23.5000	0.9300	0.9443	0.6287	-0.0002	713.0000	716.7206	1.0272	-1.7592	99.9289	40.6188	0.8230	0.8263	5.0000	-9999.0000	-9999.0000	-9999.0000	-9999.0000	-9999.0000	-9999.0000	17.6082	1	0	16.1086	1.0000	13	4	-9999.0000	49697	24499	-9999	-9999	2289	4752	445.7868	5	0.6249	0.6287	-0.0002	62.5578	1.6708	648.4224	515.9702	47.1991	635.9451	94.8148	643.5998	94.3750	654.1973	94.9537	659.1984	94.6528	
08/08/2017	06:46:48	011995	G488010559HLR	L488	Q		646.3731	1.0400	0.0000	99.9117	39.4491	0.8230	1.1630	5.0000	21.0533	713.0846	94.9306	11.0102	23.6000	0.9300	0.9441	0.6242	0.0000	713.0000	713.7353	1.0272	-1.6883	99.8165	40.5901	0.8230	0.8258	5.0000	-9999.0000	-9999.0000	-9999.0000	-9999.0000	-9999.0000	-9999.0000	17.4600	1	0	25.2771	1.0000	13	4	-9999.0000	49697	24500	-9999	-9999	2290	4760	445.3463	5	0.6244	0.6242	0.0000	43.8631	2.6484	668.5106	428.7829	43.7731	650.0885	94.9306	678.0690	94.4444	683.6256	94.9306	685.1874	94.6991	
08/08/2017	06:50:39	011995	G488010569HLR	L488	S		641.6206	1.0400	0.0000	99.9490	39.4482	0.8230	1.1631	5.0000	19.5401	713.1434	94.8380	11.2592	23.6000	0.9300	0.9443	0.6234	0.0001	713.0000	712.4086	1.0272	-1.6568	99.9526	40.6131	0.8230	0.8258	5.0000	-9999.0000	-9999.0000	-9999.0000	-9999.0000	-9999.0000	-9999.0000	20.2385	5	0	113.5016	1.0000	13	4	-9999.0000	49698	24501	-9999	-9999	2291	4765	445.1170	5	0.6244	0.6234	0.0001	34.6070	3.0915	668.0785	467.9329	41.8981	650.8138	95.3704	672.1334	94.6991	681.3570	94.8148	687.0183	94.6991	
08/08/2017	06:54:08	011995	G488010593HLR	L488	S		617.2361	1.0400	0.0000	99.9215	39.4458	0.8230	1.1632	5.0000	19.7891	713.1117	94.7454	19.3594	23.5000	0.9300	0.9442	0.6242	0.0000	713.0000	713.0921	1.0272	-1.6730	99.9021	40.6384	0.8230	0.8270	5.0000	-9999.0000	-9999.0000	-9999.0000	-9999.0000	-9999.0000	-9999.0000	17.3245	1	0	131.2628	1.0000	13	4	-9999.0000	49698	24502	-9999	-9999	2292	4770	445.3622	5	0.6244	0.6242	0.0000	35.9574	3.0004	640.6726	491.7944	42.9861	626.1957	95.5787	641.1802	94.4676	645.8159	94.9074	649.9218	94.6991	
08/08/2017	06:59:20	011995	G488010539HLR	L488	S		618.5274	1.0400	0.0000	99.9360	39.4665	0.8230	1.1631	5.0000	21.1151	713.0739	94.7454	19.9589	23.5000	0.9300	0.9443	0.6242	0.0000	713.0000	713.9622	1.0272	-1.6937	99.8266	40.5642	0.8230	0.8263	5.0000	-9999.0000	-9999.0000	-9999.0000	-9999.0000	-9999.0000	-9999.0000	17.3085	5	0	29.3285	1.0000	13	4	-9999.0000	49699	24503	-9999	-9999	2293	4775	445.3910	5	0.6244	0.6242	0.0000	35.3521	3.0536	639.6523	505.7167	44.1204	625.5811	95.2546	638.8221	94.4676	645.6301	94.9074	650.1903	94.6759	
08/08/2017	07:01:04	011995	G488010516HLR	L488	S		616.7616	1.0400	0.0000	99.9449	39.4466	0.8230	1.1632	5.0000	19.9189	713.0487	94.9306	20.5389	23.5000	0.9300	0.9443	0.6242	0.0000	713.0000	713.6062	1.0272	-1.6852	99.9339	40.5680	0.8230	0.8246	5.0000	-9999.0000	-9999.0000	-9999.0000	-9999.0000	-9999.0000	-9999.0000	19.4680	7	0	27.6079	1.0000	13	4	-9999.0000	49700	24504	-9999	-9999	2294	4778	445.3653	5	0.6244	0.6242	0.0000	35.3521	3.0536	633.4712	457.9125	42.1296	617.1463	95.5093	634.0484	94.6065	639.2505	94.8611	643.2688	94.6759	
08/08/2017	07:02:39	011995	G488010591HLR	L488	S		642.8829	1.0400	0.0000	99.9221	39.4483	0.8230	1.1632	5.0000	20.0485	713.1123	94.8843	11.0697	23.5000	0.9300	0.9443	0.6245	-0.0000	713.0000	713.6752	1.0272	-1.6868	99.9356	40.5796	0.8230	0.8269	5.0000	-9999.0000	-9999.0000	-9999.0000	-9999.0000	-9999.0000	-9999.0000	17.3435	1	0	25.4089	1.0000	13	4	-9999.0000	49701	24505	-9999	-9999	2295	4781	445.3822	5	0.6244	0.6245	-0.0000	35.7378	3.0241	668.4358	492.6916	43.1019	651.9718	95.2546	672.6214	94.6759	677.2308	94.7917	682.8553	94.7454	
08/08/2017	07:04:12	011995	G488010606HLR	L488	S		638.4265	1.0400	0.0000	99.9452	39.5834	0.8230	1.1628	5.0000	21.7586	713.1180	94.9306	12.5198	23.5000	0.9300	0.9442	0.6247	-0.0000	713.0000	714.6381	1.0272	-1.7097	99.9107	40.6037	0.8230	0.8273	5.0000	-9999.0000	-9999.0000	-9999.0000	-9999.0000	-9999.0000	-9999.0000	17.4186	3	0	26.6589	1.0000	13	4	-9999.0000	49702	24506	-9999	-9999	2296	4784	445.3880	5	0.6243	0.6247	-0.0000	36.1690	2.9939	663.6610	488.0835	45.0000	650.1523	95.1620	665.5570	94.5602	670.7305	94.8843	676.0328	94.6991	
08/08/2017	07:05:48	011995	G488010580HLR	L488	S		642.0585	1.0400	0.0000	99.9733	39.4842	0.8230	1.1629	5.0000	20.1301	713.0305	94.8611	11.2592	23.6000	0.9300	0.9442	0.6243	0.0000	713.0000	712.7815	1.0272	-1.6656	99.7668	40.6051	0.8230	0.8271	5.0000	-9999.0000	-9999.0000	-9999.0000	-9999.0000	-9999.0000	-9999.0000	17.6846	5	0	25.5188	1.0000	13	4	-9999.0000	49703	24507	-9999	-9999	2297	4787	445.2000	5	0.6243	0.6243	0.0000	37.4182	2.9308	667.1655	533.2465	43.9352	651.6280	95.1852	669.1552	94.7685	675.5906	94.8148	680.5927	94.6759	
08/08/2017	07:07:47	011995	G488010589HLR	L488	S		643.8049	1.0400	0.0000	99.9187	39.5162	0.8230	1.1629	5.0000	19.9219	713.0461	94.8148	11.2895	23.6000	0.9300	0.9441	0.6238	0.0000	713.0000	714.0100	1.0272	-1.6948	99.8712	40.5938	0.8230	0.8276	5.0000	-9999.0000	-9999.0000	-9999.0000	-9999.0000	-9999.0000	-9999.0000	17.4184	7	0	26.4585	1.0000	13	4	-9999.0000	49703	24508	-9999	-9999	2298	4789	445.2178	5	0.6242	0.6238	0.0000	38.5712	2.8730	669.6989	502.3239	45.1620	654.0023	95.0463	671.8835	94.7685	678.6043	94.8148	684.1433	94.6759	
08/08/2017	07:11:27	011995	G488010579HLR	L488	S		640.8780	1.0400	0.0000	99.9481	39.5201	0.8230	1.1630	5.0000	19.5644	713.0886	94.8380	11.5394	23.6000	0.9300	0.9442	0.6241	0.0000	713.0000	712.6261	1.0272	-1.6619	99.9262	40.5591	0.8230	0.8272	5.0000	-9999.0000	-9999.0000	-9999.0000	-9999.0000	-9999.0000	-9999.0000	17.4851	1	0	99.0545	1.0000	13	4	-9999.0000	49704	24509	-9999	-9999	2298	4792	445.1908	5	0.6243	0.6241	0.0000	38.4609	2.8776	665.5492	509.9153	43.1019	649.6951	95.2546	673.6057	94.6991	679.7705	94.9306	682.2157	94.7222	
08/08/2017	07:11:55	011995	G488010597HLR	L488	S		640.4036	1.0400	0.0000	99.9145	39.5608	0.8230	1.1630	5.0000	19.6396	713.0724	94.8843	12.1498	23.3000	0.9300	0.9439	0.6241	0.0000	713.0000	714.0493	1.0272	-1.6957	99.8788	40.5333	0.8230	0.8263	5.0000	-9999.0000	-9999.0000	-9999.0000	-9999.0000	-9999.0000	-9999.0000	17.2945	2	0	27.9682	1.0000	13	4	-9999.0000	49705	24510	-9999	-9999	2299	4794	445.1888	5	0.6243	0.6241	0.0000	38.4609	2.8776	666.6725	560.0529	44.8380	652.1383	95.0926	669.6196	94.4907	674.5908	94.8148	678.8973	94.6759	
08/08/2017	07:13:16	011995	G488010586HLR	L488	S		638.9075	1.0400	0.0000	99.9874	39.6000	0.8230	1.1633	5.0000	20.8064	713.0636	94.9306	12.5296	23.6000	0.9300	0.9443	0.6238	0.0000	713.0000	714.1244	1.0272	-1.6975	99.7617	40.5713	0.8230	0.8273	5.0000	-9999.0000	-9999.0000	-9999.0000	-9999.0000	-9999.0000	-9999.0000	17.3989	3	0	80.5363	1.0000	13	4	-9999.0000	49706	24511	-9999	-9999	2300	4796	445.0983	5	0.6242	0.6238	0.0000	38.1082	2.8950	662.0539	505.4033	44.8611	645.6637	95.2083	665.6677	94.5833	672.3979	94.8843	677.2280	94.6991	
08/08/2017	07:13:41	011995	G488010582HLR	L488	S		639.7338	1.0400	0.0000	99.9400	39.5764	0.8230	1.1629	5.0000	19.5581	713.0734	94.8148	11.4194	23.4000	0.9300	0.9440	0.6238	0.0000	713.0000	712.9063	1.0272	-1.6686	99.8152	40.5544	0.8230	0.8269	5.0000	-9999.0000	-9999.0000	-9999.0000	-9999.0000	-9999.0000	-9999.0000	17.3077	4	0	25.4083	1.0000	13	4	-9999.0000	49707	24512	-9999	-9999	2301	4797	445.0904	5	0.6242	0.6238	0.0000	38.1082	2.8950	668.4912	554.9868	45.3935	654.5047	95.0231	672.1440	94.5139	676.9280	94.7917	682.2662	94.6991	
08/08/2017	07:15:01	011995	G488010594HLR	L488	S		632.5001	1.0400	0.0000	99.9361	39.6208	0.8230	1.1633	5.0000	20.1190	713.0905	94.9769	13.2591	23.5000	0.9300	0.9442	0.6240	0.0000	713.0000	713.6741	1.0272	-1.6868	99.7711	40.5910	0.8230	0.8264	5.0000	-9999.0000	-9999.0000	-9999.0000	-9999.0000	-9999.0000	-9999.0000	17.2805	5	0	80.1258	1.0000	13	4	-9999.0000	49708	24513	-9999	-9999	2302	4799	445.1893	5	0.6242	0.6240	0.0000	38.2391	2.8898	660.1124	544.4338	46.5046	645.9697	94.9537	661.2502	94.5370	667.6124	94.8611	672.3568	94.6759	
08/08/2017	07:15:28	011995	G488010568HLR	L488	S		638.0071	1.0400	0.0000	99.8845	39.5344	0.8230	1.1629	5.0000	19.8786	713.0852	94.8380	11.6801	23.6000	0.9300	0.9442	0.6238	0.0000	713.0000	713.6128	1.0272	-1.6854	99.9493	40.6137	0.8230	0.8270	5.0000	-9999.0000	-9999.0000	-9999.0000	-9999.0000	-9999.0000	-9999.0000	17.4985	6	0	26.4391	1.0000	13	4	-9999.0000	49708	24514	-9999	-9999	2303	4801	445.1384	5	0.6242	0.6238	0.0000	38.3379	2.8860	666.8720	510.1193	44.6759	650.7526	95.1157	673.2080	94.6528	678.4008	94.9074	680.5759	94.6991	
08/08/2017	07:16:54	011995	G488010577HLR	L488	S		636.1485	1.0400	0.0000	99.9221	39.5291	0.8230	1.1629	5.0000	19.8485	713.0737	94.8380	11.2894	23.4000	0.9300	0.9439	0.6236	0.0000	713.0000	713.6522	1.0272	-1.6863	99.8029	40.5760	0.8230	0.8272	5.0000	-9999.0000	-9999.0000	-9999.0000	-9999.0000	-9999.0000	-9999.0000	17.3285	7	0	86.4349	1.0000	13	4	-9999.0000	49708	24515	-9999	-9999	2304	4803	445.0394	5	0.6242	0.6236	0.0000	38.5341	2.8796	668.9453	564.5639	43.7963	653.7620	95.1157	672.2565	94.4676	677.5079	94.7685	683.0278	94.6528	
08/08/2017	07:17:24	011995	G488010565HLR	L488	S		634.3402	1.0400	0.0000	99.9264	39.6094	0.8230	1.1635	5.0000	19.8887	713.0496	94.8611	12.0697	23.6000	0.9300	0.9441	0.6237	0.0000	713.0000	712.6480	1.0272	-1.6624	99.7853	40.5500	0.8230	0.8262	5.0000	-9999.0000	-9999.0000	-9999.0000	-9999.0000	-9999.0000	-9999.0000	17.2182	8	0	29.8987	1.0000	13	4	-9999.0000	49709	24516	-9999	-9999	2304	4805	445.0274	5	0.6242	0.6237	0.0000	39.0055	2.8524	661.0051	492.3612	44.0741	643.7406	95.1852	666.3320	94.7917	672.7229	94.8380	677.6867	94.6759	
08/08/2017	07:17:50	011995	G488005709HLR	L488	S		0.0000	0.0000	0.0000	0.0000	0.0000	0.8230	0.0000	0.0000	0.0000	0.0000	0.0000	0.0000	0.0000	0.9300	0.0000	0.0000	0.0000	0.0000	0.0000	0.0000	0.0000	0.0000	0.0000	0.8230	0.0000	0.0000	0.0000	0.0000	0.0000	0.0000	0.0000	0.0000	0.0000	0	42	29.8987	1.0000	13	4	0.0000	0	0	0	0	0	0	0.0000	0	0.0000	0.0000	0.0000	0.0000	0.0000	0.0000	0.0000	0.0000	0.0000	0.0000	0.0000	0.0000	0.0000	0.0000	0.0000	0.0000	
08/08/2017	07:18:48	011995	G488010571HLR	L488	S		638.0703	1.0400	0.0000	99.9380	39.6019	0.8230	1.1628	5.0000	20.0292	713.0906	94.8380	10.3394	23.4000	0.9300	0.9439	0.6237	0.0000	713.0000	712.9581	1.0272	-1.6698	99.7488	40.5806	0.8230	0.8256	5.0000	-9999.0000	-9999.0000	-9999.0000	-9999.0000	-9999.0000	-9999.0000	17.7086	1	0	83.5268	1.0000	13	4	-9999.0000	49710	24517	-9999	-9999	2305	4807	445.0546	5	0.6241	0.6237	0.0000	39.2316	2.8420	670.8317	564.5294	44.4907	656.5721	94.9769	676.1849	94.5370	682.8246	94.7917	687.5426	94.6759	
08/08/2017	07:19:20	011995	G488010561HLR	L488	S		633.0485	1.0400	0.0000	99.9719	39.6333	0.8230	1.1632	5.0000	20.2694	713.0686	94.9074	12.7894	23.6000	0.9300	0.9442	0.6237	0.0000	713.0000	712.6301	1.0272	-1.6620	99.8508	40.5742	0.8230	0.8251	5.0000	-9999.0000	-9999.0000	-9999.0000	-9999.0000	-9999.0000	-9999.0000	18.7785	2	0	32.6178	1.0000	13	4	-9999.0000	49711	24518	-9999	-9999	2306	4809	445.0742	5	0.6241	0.6237	0.0000	39.8630	2.8106	661.0176	529.3499	46.3889	646.4790	95.0000	663.1386	94.6296	670.3894	94.8611	674.9030	94.6991	
08/08/2017	07:20:59	011995	G488005713HLR	L488	S		625.6394	1.0400	0.0000	99.9430	39.6178	0.8230	1.1628	5.0000	20.1118	713.0293	94.8611	15.1301	23.4000	0.9300	0.9440	0.6236	0.0000	713.0000	716.3617	1.0272	-1.7507	99.9288	40.6342	0.8230	0.8274	5.0000	-9999.0000	-9999.0000	-9999.0000	-9999.0000	-9999.0000	-9999.0000	17.2887	3	0	98.7850	1.0000	13	4	-9999.0000	49712	24519	-9999	-9999	2307	4811	445.0229	5	0.6241	0.6236	0.0000	40.0174	2.8026	653.6408	515.3132	43.7963	638.7400	95.2083	657.7011	94.5370	662.3687	94.8843	666.8692	94.7454	
08/08/2017	07:22:38	011995	G488005687HLR	L488	S		628.3350	1.0400	0.0000	99.9889	39.6333	0.8230	1.1631	5.0000	20.4792	713.0745	94.9537	14.9387	23.6000	0.9300	0.9443	0.6237	0.0000	713.0000	712.5986	1.0272	-1.6613	99.9319	40.6173	0.8230	0.8257	5.0000	-9999.0000	-9999.0000	-9999.0000	-9999.0000	-9999.0000	-9999.0000	19.4683	4	0	99.1401	1.0000	13	4	-9999.0000	49713	24520	-9999	-9999	2308	4813	445.1261	5	0.6241	0.6237	0.0000	41.1826	2.7487	655.8019	506.4166	46.0648	641.1708	95.0694	655.6876	94.6759	662.4174	94.9074	667.4762	94.6991	
08/08/2017	07:23:07	011995	G488005686HLR	L488	S		624.5175	1.0400	0.0000	99.8873	39.6213	0.8230	1.1628	5.0000	19.8804	713.0434	95.0000	15.5392	23.3000	0.9300	0.9440	0.6237	0.0000	713.0000	714.1017	1.0272	-1.6970	100.0173	40.6004	0.8230	0.8259	5.0000	-9999.0000	-9999.0000	-9999.0000	-9999.0000	-9999.0000	-9999.0000	17.3789	5	0	29.2825	1.0000	13	4	-9999.0000	49714	24521	-9999	-9999	2308	4815	445.0804	5	0.6241	0.6237	0.0000	42.4890	2.6816	653.2984	575.4499	46.6204	640.4599	95.1852	655.1083	94.5370	660.3179	94.8611	664.3565	94.7222	
08/08/2017	07:24:43	011995	G488005688HLR	L488	S		622.4899	1.0400	0.0000	99.8902	39.6551	0.8230	1.1631	5.0000	20.1591	713.0791	94.9074	15.4494	23.6000	0.9300	0.9443	0.6238	0.0000	713.0000	712.8320	1.0272	-1.6668	99.9396	40.5605	0.8230	0.8256	5.0000	-9999.0000	-9999.0000	-9999.0000	-9999.0000	-9999.0000	-9999.0000	18.2595	6	0	93.8943	1.0000	13	4	-9999.0000	49715	24522	-9999	-9999	2309	4817	445.1348	5	0.6240	0.6238	0.0000	43.0608	2.6671	652.8002	536.4984	43.2870	637.7996	95.3472	653.5134	94.6296	659.3044	94.8843	664.5100	94.6991	
08/08/2017	07:26:22	011995	G488005716HLR	L488	S		617.8500	1.0400	0.0000	99.9612	39.6142	0.8230	1.1627	5.0000	20.2987	713.0567	95.0000	16.6193	23.3000	0.9300	0.9440	0.6238	0.0000	713.0000	715.3253	1.0272	-1.7260	99.8334	40.5627	0.8230	0.8257	5.0000	-9999.0000	-9999.0000	-9999.0000	-9999.0000	-9999.0000	-9999.0000	17.3589	7	0	99.4353	1.0000	13	4	-9999.0000	49716	24523	-9999	-9999	2310	4818	445.1027	5	0.6240	0.6238	0.0000	43.0608	2.6671	647.2077	500.6585	41.4815	631.2613	95.4630	651.2735	94.6065	655.7215	94.8380	661.3601	94.5370	
08/08/2017	07:26:48	011995	G488007093HLR	L488	S		625.3013	1.0400	0.0000	99.8983	39.6632	0.8230	1.1631	5.0000	20.1526	713.1457	94.9306	13.9895	23.5000	0.9300	0.9442	0.6238	0.0000	713.0000	714.7024	1.0272	-1.7112	99.8208	40.5625	0.8230	0.8258	5.0000	-9999.0000	-9999.0000	-9999.0000	-9999.0000	-9999.0000	-9999.0000	17.3284	8	0	25.1892	1.0000	13	4	-9999.0000	49717	24524	-9999	-9999	2311	4820	445.1846	5	0.6241	0.6238	0.0000	43.0706	2.6701	657.3386	514.8093	46.1111	642.1038	94.9769	660.4869	94.5833	667.0783	94.7685	671.7449	94.6991	
08/08/2017	07:27:33	011995	G488007095HLR	L488	S		630.0813	1.0400	0.0000	99.9701	39.5992	0.8230	1.1629	5.0000	19.5486	713.0969	94.9306	12.9896	23.5000	0.9300	0.9442	0.6238	0.0000	713.0000	712.2151	1.0272	-1.6522	99.8072	40.5676	0.8230	0.8267	5.0000	-9999.0000	-9999.0000	-9999.0000	-9999.0000	-9999.0000	-9999.0000	17.2460	1	0	45.6870	1.0000	13	4	-9999.0000	49717	24525	-9999	-9999	2312	4822	445.0861	5	0.6240	0.6238	0.0000	43.0685	2.6850	660.0038	531.4796	46.1111	645.0460	94.9306	660.6654	94.6759	667.7516	94.8380	673.5561	94.6759	
08/08/2017	07:27:58	011995	G488007103HLR	L488	S		623.1189	1.0400	0.0000	99.9266	39.5592	0.8230	1.1628	5.0000	20.3588	713.0996	94.9306	14.0490	23.3000	0.9300	0.9439	0.6238	0.0000	713.0000	714.9963	1.0272	-1.7182	99.9272	40.5633	0.8230	0.8257	5.0000	-9999.0000	-9999.0000	-9999.0000	-9999.0000	-9999.0000	-9999.0000	17.1659	2	0	24.9987	1.0000	13	4	-9999.0000	49718	24526	-9999	-9999	2313	4824	445.1479	5	0.6240	0.6238	0.0000	43.0706	2.6985	658.1357	568.3106	46.2269	643.4260	95.1620	664.0433	94.4907	669.4015	94.8611	673.2365	94.6528	
08/08/2017	07:28:19	011995	G488007072HLR	L488	S		622.6886	1.0400	0.0000	99.9409	39.6363	0.8230	1.1634	5.0000	19.8185	713.1021	94.8843	14.7092	23.5000	0.9300	0.9442	0.6242	-0.0000	713.0000	713.8403	1.0272	-1.6908	99.9031	40.6321	0.8230	0.8268	5.0000	-9999.0000	-9999.0000	-9999.0000	-9999.0000	-9999.0000	-9999.0000	18.5584	3	0	20.6992	1.0000	13	4	-9999.0000	49719	24527	-9999	-9999	2314	4826	445.0488	5	0.6239	0.6242	-0.0000	42.7222	2.7358	654.0859	555.1330	47.4074	639.2287	94.9306	655.9844	94.6759	661.4733	94.9074	666.8175	94.6991	
08/08/2017	07:28:34	011995	G488007054HLR	L488	S		631.7634	1.0400	0.0000	99.9453	39.5975	0.8230	1.1627	5.0000	20.2489	713.1158	94.8380	10.7992	23.6000	0.9300	0.9442	0.6243	-0.0000	713.0000	712.5608	1.0272	-1.6604	99.7271	40.5928	0.8230	0.8272	5.0000	-9999.0000	-9999.0000	-9999.0000	-9999.0000	-9999.0000	-9999.0000	17.2298	4	0	15.5487	1.0000	13	4	-9999.0000	49720	24528	-9999	-9999	2315	4828	445.0676	5	0.6238	0.6243	-0.0000	42.8574	2.7442	670.6371	536.9382	44.3056	655.4431	95.0926	673.4598	94.6296	679.0549	94.8380	683.9062	94.6065	
08/08/2017	07:43:06	011995	H374023795HLR	L374	S		667.3184	1.0400	0.0000	99.9630	39.4671	0.8230	1.1632	5.0000	19.8288	741.2025	94.6065	31.0081	23.3000	0.9300	0.9442	0.7466	-0.0006	761.0000	833.8679	1.0272	-4.1364	99.8147	40.5934	0.8230	0.8271	5.0000	-9999.0000	-9999.0000	-9999.0000	-9999.0000	-9999.0000	-9999.0000	17.3689	6	2	79.0152	1.0000	99	9	-9999.0000	49720	24529	-9999	-9999	2316	4838	540.0297	5	0.7319	0.7466	-0.0006	113.8404	-0.3548	599.7908	403.0351	44.1435	585.1601	94.3287	601.1337	95.1620	607.2179	94.6528	611.1461	94.6759	
08/08/2017	07:49:17	011995	H374023789HLR	L374	S		663.8549	1.0400	0.0000	99.9355	39.5667	0.8230	1.1638	5.0000	20.2176	746.3539	94.6296	31.0081	23.3000	0.9300	0.9442	0.7466	-0.0006	761.0000	835.1315	1.0272	-4.1547	100.0488	40.5303	0.8230	0.8262	5.0000	-9999.0000	-9999.0000	-9999.0000	-9999.0000	-9999.0000	-9999.0000	17.4183	7	2	370.4702	1.0000	99	9	-9999.0000	49721	24530	-9999	-9999	2317	4840	543.7441	5	0.7319	0.7466	-0.0006	113.8404	-0.3548	593.2826	443.8591	45.0000	581.7253	95.1852	596.2528	94.5833	601.2428	94.7222	606.8685	94.7222	
08/08/2017	07:50:44	011995	H374023782HLR	L374	S		662.4390	1.0400	0.0000	99.9372	39.5579	0.8230	1.1627	5.0000	20.0581	743.0339	94.5370	31.0091	23.4000	0.9300	0.9443	0.7466	-0.0006	761.0000	830.7615	1.0272	-4.0913	99.8989	40.5787	0.8230	0.8256	5.0000	-9999.0000	-9999.0000	-9999.0000	-9999.0000	-9999.0000	-9999.0000	17.4283	8	2	86.8850	1.0000	99	9	-9999.0000	49722	24531	-9999	-9999	2318	4842	541.3447	5	0.7319	0.7466	-0.0006	113.8404	-0.3548	587.7850	444.2037	44.9769	575.8823	95.0694	591.2484	94.5602	596.8968	94.7685	602.3060	94.6528	
08/08/2017	07:52:09	011995	H374023786HLR	L374	S		660.2457	1.0400	0.0000	99.9608	39.5136	0.8230	1.1627	5.0000	20.1688	744.1342	94.5139	31.0081	23.3000	0.9300	0.9443	0.6658	-0.0006	761.0000	832.4467	1.0272	-4.1158	99.7611	40.5774	0.8230	0.8258	5.0000	-9999.0000	-9999.0000	-9999.0000	-9999.0000	-9999.0000	-9999.0000	17.3387	1	2	85.0065	1.0000	99	9	-9999.0000	49723	24532	-9999	-9999	2319	4844	542.1809	5	0.6476	0.6658	-0.0006	119.2907	-0.3718	590.5776	479.0821	46.4815	580.2226	95.0231	592.7998	94.6296	598.8970	94.7685	604.5700	94.6991	
08/08/2017	07:55:00	011995	H374023781HLR	L374	S		663.5851	1.0400	0.0000	99.9825	39.5422	0.8230	1.1627	5.0000	20.3291	761.0838	94.7222	17.9395	23.6000	0.9300	0.9444	0.6675	-0.0006	761.0000	772.5937	1.0272	-3.0865	100.0546	40.5915	0.8230	0.8259	5.0000	-9999.0000	-9999.0000	-9999.0000	-9999.0000	-9999.0000	-9999.0000	18.7834	2	2	171.0600	1.0000	99	9	-9999.0000	49724	24533	-9999	-9999	2319	4846	498.7665	5	0.6494	0.6675	-0.0006	119.3379	-0.3720	666.4357	520.7441	43.8194	654.4429	95.0463	670.0563	94.5602	676.7720	94.6296	683.0059	94.7685	
08/08/2017	07:56:21	011995	H374023778HLR	L374	S		663.1498	1.0400	0.0000	99.9312	39.5434	0.8230	1.1628	5.0000	19.8191	761.1077	94.8380	19.1396	23.5000	0.9300	0.9444	0.6675	-0.0006	761.0000	776.0909	1.0272	-3.1696	99.8207	40.5746	0.8230	0.8271	5.0000	-9999.0000	-9999.0000	-9999.0000	-9999.0000	-9999.0000	-9999.0000	17.5586	3	2	80.2262	1.0000	99	9	-9999.0000	49725	24533	-9999	-9999	2320	4848	499.5847	5	0.6494	0.6675	-0.0006	119.3379	-0.3720	662.5574	519.2263	45.9028	649.4432	95.0000	667.1150	94.5602	672.9583	94.8148	679.4580	94.6528	
08/08/2017	07:57:40	011995	H374023775HLR	L374	S		661.2777	1.0400	0.0000	99.9887	39.5539	0.8230	1.1629	5.0000	19.5928	761.0407	95.0231	19.8691	23.5000	0.9300	0.9443	0.6686	-0.0006	761.0000	775.3250	1.0272	-3.1514	99.7964	40.5651	0.8230	0.8256	5.0000	-9999.0000	-9999.0000	-9999.0000	-9999.0000	-9999.0000	-9999.0000	17.3579	4	2	79.4156	1.0000	99	9	-9999.0000	49725	24533	-9999	-9999	2321	4850	499.7496	5	0.6504	0.6686	-0.0006	120.6562	-0.3761	662.4107	487.8520	45.4167	650.5194	94.5602	660.7513	94.6991	668.0034	94.8611	673.7112	94.6759	
08/08/2017	07:59:01	011995	H374023770HLR	L374	S		671.7056	1.0400	0.0000	99.9250	39.4614	0.8230	1.1630	5.0000	20.6675	761.0629	94.8148	17.9795	23.6000	0.9300	0.9443	0.6686	-0.0006	761.0000	775.2976	1.0272	-3.1507	99.9352	40.5942	0.8230	0.8259	5.0000	-9999.0000	-9999.0000	-9999.0000	-9999.0000	-9999.0000	-9999.0000	19.6013	5	2	80.9154	1.0000	99	9	-9999.0000	49725	24533	-9999	-9999	2322	4852	500.8501	5	0.6458	0.6686	-0.0006	25.8091	4.6378	667.1344	479.7847	43.4722	652.2805	95.3472	671.4899	94.5833	676.4389	94.8148	682.3940	94.7222	
08/08/2017	07:59:26	011995	H374023769HLR	L374	S		663.6836	1.0400	0.0000	99.9792	39.5322	0.8230	1.1628	5.0000	20.0880	761.0991	94.9074	19.3388	23.5000	0.9300	0.9443	0.6686	-0.0006	761.0000	774.9094	1.0272	-3.1415	99.8131	40.5176	0.8230	0.8245	5.0000	-9999.0000	-9999.0000	-9999.0000	-9999.0000	-9999.0000	-9999.0000	19.4087	6	2	25.3386	1.0000	99	9	-9999.0000	49726	24534	-9999	-9999	2323	4854	500.2976	5	0.6458	0.6686	-0.0006	25.8091	4.6378	660.2210	504.6565	44.0046	645.7168	95.4630	665.0530	94.5602	670.5247	94.8843	675.3134	94.6528	
08/08/2017	08:00:16	011995	H374023543HLR	L374	S		670.2162	1.0400	0.0000	99.9845	39.5191	0.8230	1.1627	5.0000	20.0983	761.1266	94.7685	17.0889	23.6000	0.9300	0.9443	0.6686	-0.0006	761.0000	773.9818	1.0272	-3.1195	99.8364	40.6173	0.8230	0.8267	5.0000	-9999.0000	-9999.0000	-9999.0000	-9999.0000	-9999.0000	-9999.0000	17.2984	7	2	24.9986	1.0000	99	9	-9999.0000	49727	24534	-9999	-9999	2324	4856	501.3367	5	0.6448	0.6686	-0.0006	25.6875	4.6052	669.5869	507.5941	44.3287	654.4331	95.3935	672.8651	94.5602	680.5362	94.8380	686.0038	94.5833	
08/08/2017	08:12:44	011995	H374023948HLR	L374	S		662.8288	1.0400	0.0000	99.9236	39.4621	0.8230	1.1630	5.0000	20.1175	761.1007	94.9537	18.8593	23.5000	0.9300	0.9443	0.6686	-0.0006	761.0000	773.9951	1.0272	-3.1198	99.8645	40.6127	0.8230	0.8272	5.0000	-9999.0000	-9999.0000	-9999.0000	-9999.0000	-9999.0000	-9999.0000	17.5789	8	2	27.9985	1.0000	99	9	-9999.0000	49727	24535	-9999	-9999	2325	4858	500.5497	5	0.6451	0.6686	-0.0006	12.5175	5.1018	661.1602	516.7509	43.8889	647.3121	95.1620	664.2749	94.5833	669.7164	94.9074	674.5466	94.6759	
08/08/2017	08:12:52	011995	H374023953HLR	L374	S		672.4561	1.0400	0.0000	99.9681	39.5470	0.8230	1.1626	5.0000	20.9217	761.0712	94.9306	18.6797	23.5000	0.9300	0.9443	0.6686	-0.0006	761.0000	777.5937	1.0272	-3.2053	99.8103	40.5692	0.8230	0.8267	5.0000	-9999.0000	-9999.0000	-9999.0000	-9999.0000	-9999.0000	-9999.0000	17.6081	1	2	747.8370	1.0000	99	9	-9999.0000	49727	24535	-9999	-9999	2326	4860	500.5633	5	0.6451	0.6686	-0.0006	12.5175	5.1018	667.0253	519.9439	44.6759	653.0265	95.1852	674.1649	94.4907	681.6850	94.8611	684.4811	94.6991	
08/08/2017	08:19:24	011995	H374023961HLR	L374	S		663.1225	1.0400	0.0000	99.9193	39.4186	0.8230	1.1637	5.0000	19.4982	761.1255	95.0926	20.2792	23.4000	0.9300	0.9437	0.6686	-0.0006	761.0000	776.1313	1.0272	-3.1705	99.9165	40.4323	0.8230	0.8255	5.0000	-9999.0000	-9999.0000	-9999.0000	-9999.0000	-9999.0000	-9999.0000	18.3082	1	2	15.7600	1.0000	99	9	-9999.0000	49727	24536	-9999	-9999	2327	4875	499.9134	5	0.6456	0.6686	-0.0006	27.4114	4.4434	669.1972	440.4825	43.8194	655.2641	95.1157	668.0908	94.7454	674.7655	94.8843	679.2814	94.8380	
08/08/2017	08:23:09	011995	H374023888HLR	L374	S		663.4226	1.0400	0.0000	99.8973	39.4277	0.8230	1.1633	5.0000	20.2693	761.1051	94.9769	19.3691	23.4000	0.9300	0.9440	0.6686	-0.0006	761.0000	776.2003	1.0272	-3.1722	100.0203	40.4776	0.8230	0.8264	5.0000	-9999.0000	-9999.0000	-9999.0000	-9999.0000	-9999.0000	-9999.0000	18.9291	1	2	15.7600	1.0000	99	9	-9999.0000	49728	24537	-9999	-9999	2328	4884	500.2943	4	0.6454	0.6686	-0.0006	28.2049	4.3328	660.7236	484.7096	42.4306	645.6234	95.4861	669.8080	94.6528	674.7999	94.7685	677.5864	94.7454	
08/08/2017	08:28:36	011995	H374023711HLR	L374	S		668.4947	1.0400	0.0000	99.9256	39.4447	0.8230	1.1633	5.0000	19.9309	761.0697	94.6991	17.7198	23.5000	0.9300	0.9442	0.6686	-0.0006	761.0000	774.8739	1.0272	-3.1407	99.9007	40.5538	0.8230	0.8265	5.0000	-9999.0000	-9999.0000	-9999.0000	-9999.0000	-9999.0000	-9999.0000	17.2935	1	2	15.6900	1.0000	99	9	-9999.0000	49729	24538	-9999	-9999	2329	4909	500.9814	5	0.6454	0.6686	-0.0006	28.2049	4.3328	669.0232	467.3625	43.6806	654.5640	95.2546	670.9950	94.6991	677.2894	94.7685	682.8317	94.6991	
08/08/2017	08:40:27	011995	H421015179HLR	L421	S		704.8905	1.0400	0.0000	99.8952	39.4642	0.8230	1.1633	5.0000	19.8392	815.1077	95.0694	18.8086	23.5000	0.9300	0.9444	0.7152	-0.0029	815.0000	816.7899	1.0272	-3.8886	99.8390	40.5264	0.8230	0.8254	5.0000	-9999.0000	-9999.0000	-9999.0000	-9999.0000	-9999.0000	-9999.0000	17.3080	5	0	75.1659	1.0000	99	9	-9999.0000	49730	24539	-9999	-9999	2330	4932	538.1363	5	0.6714	0.7152	-0.0029	50.2085	3.3953	683.8398	433.4221	45.6019	669.2085	94.0278	689.7876	95.1852	700.4893	94.6065	708.9637	94.7917	
08/08/2017	08:42:58	011995	H421015188HLR	L421	S		704.6599	1.0400	0.0000	99.9007	39.4549	0.8230	1.1631	5.0000	20.1389	815.1154	94.7685	16.8194	23.6000	0.9300	0.9445	0.7140	-0.0029	815.0000	817.3423	1.0272	-3.8966	99.8401	40.5784	0.8230	0.8263	5.0000	-9999.0000	-9999.0000	-9999.0000	-9999.0000	-9999.0000	-9999.0000	18.4889	1	0	83.4556	1.0000	99	9	-9999.0000	49731	24540	-9999	-9999	2331	4936	541.8870	5	0.6588	0.7140	-0.0029	50.2636	3.3990	688.2190	473.9220	46.9676	675.1278	94.8380	697.1657	94.5139	706.4726	94.7222	715.4214	94.7222	
08/08/2017	08:45:33	011995	H421015189HLR	L421	S		706.5341	1.0400	0.0000	99.8975	39.4505	0.8230	1.1631	5.0000	19.7693	815.1592	94.8843	15.6095	23.6000	0.9300	0.9445	0.7131	-0.0029	815.0000	818.0593	1.0272	-3.9071	100.0441	40.5792	0.8230	0.8261	5.0000	-9999.0000	-9999.0000	-9999.0000	-9999.0000	-9999.0000	-9999.0000	18.9681	5	0	84.1654	1.0000	99	9	-9999.0000	49732	24541	-9999	-9999	2332	4941	544.1191	5	0.6609	0.7131	-0.0029	50.2995	3.4014	689.0828	469.9413	45.6250	674.3589	94.5139	701.9007	94.5370	710.4793	94.7685	718.7102	94.6759	
08/08/2017	08:49:16	011995	H421020923HLR	L421	S		708.8926	1.0400	0.0000	99.8902	39.4565	0.8230	1.1631	5.0000	20.0183	815.1515	94.9769	15.1789	23.6000	0.9300	0.9444	0.7124	-0.0029	815.0000	816.8210	1.0272	-3.8891	99.8179	40.5741	0.8230	0.8253	5.0000	-9999.0000	-9999.0000	-9999.0000	-9999.0000	-9999.0000	-9999.0000	19.0882	1	0	81.2956	1.0000	99	9	-9999.0000	49733	24542	-9999	-9999	2333	4946	544.5338	5	0.6623	0.7124	-0.0029	50.3304	3.4035	692.6089	472.9197	43.7963	677.0630	94.8843	703.1487	94.4907	713.1423	94.8148	721.4303	94.6528	
08/08/2017	08:50:42	011995	H421020953HLR	L421	S		703.9331	1.0400	0.0000	99.8395	39.5863	0.8230	1.1638	5.0000	19.9782	815.1292	94.9537	15.3790	23.6000	0.9300	0.9445	0.7124	-0.0029	815.0000	817.0657	1.0272	-3.8926	99.8802	40.6005	0.8230	0.8269	5.0000	-9999.0000	-9999.0000	-9999.0000	-9999.0000	-9999.0000	-9999.0000	17.5410	2	0	85.8656	1.0000	99	9	-9999.0000	49734	24543	-9999	-9999	2334	4948	544.0703	5	0.6623	0.7124	-0.0029	50.3304	3.4035	683.9638	445.3563	40.6250	666.9493	95.4398	699.3328	94.8380	710.6862	94.7454	718.6595	94.6528	
08/08/2017	08:51:15	011995	H421015203HLR	L421	S		704.4122	1.0400	0.0000	99.8940	39.5844	0.8230	1.1626	5.0000	19.9491	815.1338	94.6528	16.5196	23.5000	0.9300	0.9443	0.7124	-0.0029	815.0000	815.8715	1.0272	-3.8753	99.7922	40.5381	0.8230	0.8263	5.0000	-9999.0000	-9999.0000	-9999.0000	-9999.0000	-9999.0000	-9999.0000	17.4686	3	0	33.2981	1.0000	99	9	-9999.0000	49735	24544	-9999	-9999	2335	4950	541.3101	5	0.6623	0.7124	-0.0029	50.3304	3.4035	683.6538	532.8008	42.8935	669.6806	95.4167	694.5550	94.6065	703.8034	94.7222	711.9707	94.6991	
08/08/2017	08:51:46	011995	H421015193HLR	L421	S		704.6294	1.0400	0.0000	99.9288	39.6333	0.8230	1.1632	5.0000	19.6497	815.0802	94.7222	16.0294	23.6000	0.9300	0.9444	0.7124	-0.0029	815.0000	814.5665	1.0272	-3.8564	99.8161	40.5344	0.8230	0.8247	5.0000	-9999.0000	-9999.0000	-9999.0000	-9999.0000	-9999.0000	-9999.0000	18.3094	4	0	30.5186	1.0000	99	9	-9999.0000	49736	24545	-9999	-9999	2336	4952	542.4417	5	0.6623	0.7124	-0.0029	50.3304	3.4035	684.2813	470.2937	45.9722	670.0921	95.1620	694.5193	94.8148	705.7501	94.8148	713.9398	94.6991	
08/08/2017	08:52:16	011995	H421015187HLR	L421	S		704.7121	1.0400	0.0000	99.9756	39.5622	0.8230	1.1627	5.0000	20.1892	815.1037	94.8380	15.6300	23.5000	0.9300	0.9442	0.6972	-0.0020	815.0000	816.4859	1.0272	-3.8842	99.8673	40.5221	0.8230	0.8247	5.0000	-9999.0000	-9999.0000	-9999.0000	-9999.0000	-9999.0000	-9999.0000	18.8961	5	0	30.0677	1.0000	99	9	-9999.0000	49737	24546	-9999	-9999	2337	4954	543.1846	5	0.6639	0.6972	-0.0020	104.7756	0.4106	686.6090	522.5681	44.4676	672.0604	95.2546	697.4355	94.6528	708.2510	94.6296	717.8689	94.6991	
08/08/2017	08:52:47	011995	H421015173HLR	L421	S		700.2947	1.0400	0.0000	99.9437	39.6333	0.8230	1.1631	5.0000	20.7391	815.1273	94.8843	17.7588	23.6000	0.9300	0.9445	0.6969	-0.0020	815.0000	815.5828	1.0272	-3.8711	99.7469	40.5383	0.8230	0.8253	5.0000	-9999.0000	-9999.0000	-9999.0000	-9999.0000	-9999.0000	-9999.0000	17.4794	6	0	31.6692	1.0000	99	9	-9999.0000	49737	24547	-9999	-9999	2338	4956	538.9094	5	0.6638	0.6969	-0.0020	114.2642	-0.1279	693.0632	493.4789	44.5833	678.3423	95.0926	701.4948	94.8380	711.3949	94.7454	718.6987	94.6065	
08/08/2017	08:53:16	011995	H421015172HLR	L421	S		700.2437	1.0400	0.0000	99.9636	39.5734	0.8230	1.1621	5.0000	22.7180	815.1494	94.8380	17.0889	23.6000	0.9300	0.9445	0.6977	-0.0021	815.0000	814.1468	1.0272	-3.8503	99.7600	40.5456	0.8230	0.8253	5.0000	-9999.0000	-9999.0000	-9999.0000	-9999.0000	-9999.0000	-9999.0000	17.3881	7	0	29.0278	1.0000	99	9	-9999.0000	49737	24547	-9999	-9999	2339	4958	540.0180	5	0.6641	0.6977	-0.0021	104.2267	0.4316	693.9389	493.2559	44.1667	679.2789	95.2315	703.4644	94.8380	711.5317	94.7222	720.0706	94.6065	
08/08/2017	08:54:26	011995	H421015159HLR	L421	Q		702.6333	1.0400	0.0000	99.9486	39.5858	0.8230	1.1626	5.0000	20.5993	815.1358	94.7454	15.9991	23.6000	0.9300	0.9443	0.6977	-0.0021	815.0000	814.8138	1.0272	-3.8600	100.0436	40.5260	0.8230	0.8247	5.0000	-9999.0000	-9999.0000	-9999.0000	-9999.0000	-9999.0000	-9999.0000	19.1989	8	0	33.2884	1.0000	99	9	-9999.0000	49738	24548	-9999	-9999	2340	4960	541.8407	5	0.6641	0.6977	-0.0021	104.2267	0.4316	696.8386	489.3046	40.6944	682.4552	95.2778	708.4509	94.6991	718.6029	94.6528	726.3463	94.6759	
08/08/2017	08:54:57	011995	H421015167HLR	L421	S		702.7501	1.0400	0.0000	99.9495	39.6597	0.8230	1.1629	5.0000	20.6168	815.0820	94.5833	16.3682	23.6000	0.9300	0.9444	0.6980	-0.0021	815.0000	814.4304	1.0272	-3.8544	99.8843	40.5254	0.8230	0.8243	5.0000	-9999.0000	-9999.0000	-9999.0000	-9999.0000	-9999.0000	-9999.0000	19.6286	1	0	66.9562	1.0000	99	9	-9999.0000	49739	24549	-9999	-9999	2340	4962	541.1397	5	0.6639	0.6980	-0.0021	98.3267	0.8176	696.7971	533.1023	43.9352	682.8423	95.3241	707.2002	94.5602	715.2463	94.6759	724.6518	94.6759	
08/08/2017	08:56:14	011995	H421015168HLR	L421	S		707.2100	1.0400	0.0000	99.9377	39.6975	0.8230	1.1628	5.0000	20.8187	815.1025	94.9074	15.1798	23.5000	0.9300	0.9442	0.6980	-0.0021	815.0000	817.3556	1.0272	-3.8968	99.8015	40.5469	0.8230	0.8252	5.0000	-9999.0000	-9999.0000	-9999.0000	-9999.0000	-9999.0000	-9999.0000	17.9790	2	0	77.1062	1.0000	99	9	-9999.0000	49740	24550	-9999	-9999	2341	4964	543.1743	5	0.6639	0.6980	-0.0021	98.3267	0.8176	706.0301	538.5658	44.6296	692.9324	95.0694	715.9913	94.7222	724.9935	94.6065	732.7497	94.7222	
08/08/2017	08:57:32	011995	H421015163HLR	L421	S		704.2372	1.0400	0.0000	99.8952	39.7197	0.8230	1.1629	5.0000	20.0383	815.0868	94.8611	15.5295	23.6000	0.9300	0.9442	0.6978	-0.0021	815.0000	815.4995	1.0272	-3.8699	99.7918	40.5720	0.8230	0.8263	5.0000	-9999.0000	-9999.0000	-9999.0000	-9999.0000	-9999.0000	-9999.0000	17.5775	3	0	33.4678	1.0000	99	9	-9999.0000	49740	24551	-9999	-9999	2342	4966	542.5814	5	0.6638	0.6978	-0.0021	96.7177	0.9277	700.2153	514.4940	44.0741	685.3891	95.2315	711.1050	94.6528	720.3607	94.6759	729.2438	94.6991	
08/08/2017	08:58:05	011995	H421015209HLR	L421	S		706.2689	1.0400	0.0000	99.8939	39.7198	0.8230	1.1628	5.0000	19.9989	815.1280	94.9074	15.3693	23.5000	0.9300	0.9443	0.6981	-0.0021	815.0000	816.3966	1.0272	-3.8829	99.9622	40.6328	0.8230	0.8261	5.0000	-9999.0000	-9999.0000	-9999.0000	-9999.0000	-9999.0000	-9999.0000	17.6071	4	0	77.2556	1.0000	99	9	-9999.0000	49741	24552	-9999	-9999	2343	4968	543.0450	5	0.6639	0.6981	-0.0021	95.3576	1.0216	703.5753	533.2859	43.1481	689.2039	95.2778	713.3302	94.7454	721.2586	94.6065	730.1019	94.7222	
08/08/2017	08:59:23	011995	H421015127HLR	L421	S		689.6090	1.0400	0.0000	99.8980	39.7182	0.8230	1.1629	5.0000	19.8983	815.1267	94.5833	16.3194	23.6000	0.9300	0.9445	0.6983	-0.0021	815.0000	813.6892	1.0272	-3.8437	99.8469	40.6072	0.8230	0.8251	5.0000	-9999.0000	-9999.0000	-9999.0000	-9999.0000	-9999.0000	-9999.0000	18.3286	5	0	78.2462	1.0000	99	9	-9999.0000	49741	24553	-9999	-9999	2344	4969	541.4865	5	0.6640	0.6983	-0.0021	81.9423	1.8482	693.1745	504.3788	45.6944	678.4555	95.0000	702.7835	94.8380	712.2881	94.7454	720.6517	94.6065	
08/08/2017	08:59:53	011995	H421015143HLR	L421	S		699.1816	1.0400	0.0000	99.9786	39.7193	0.8230	1.1626	5.0000	20.7077	815.1299	94.7685	17.9990	23.5000	0.9300	0.9443	0.6977	-0.0021	815.0000	815.4306	1.0272	-3.8689	99.8577	40.5934	0.8230	0.8265	5.0000	-9999.0000	-9999.0000	-9999.0000	-9999.0000	-9999.0000	-9999.0000	17.6179	6	0	30.1080	1.0000	99	9	-9999.0000	49742	24554	-9999	-9999	2345	4971	538.5715	5	0.6641	0.6977	-0.0021	83.6091	1.7508	695.4062	588.7757	45.5093	683.0064	95.1620	703.9720	94.6296	711.8212	94.6528	718.6527	94.7454	
08/08/2017	09:01:14	011995	H421015133HLR	L421	S		704.7391	1.0400	0.0000	99.9486	39.6846	0.8230	1.1626	5.0000	20.2285	815.1418	94.8380	15.8097	23.6000	0.9300	0.9445	0.6956	-0.0019	815.0000	814.6783	1.0272	-3.8580	99.8494	40.5846	0.8230	0.8243	5.0000	-9999.0000	-9999.0000	-9999.0000	-9999.0000	-9999.0000	-9999.0000	19.1681	7	0	80.7956	1.0000	99	9	-9999.0000	49743	24555	-9999	-9999	2346	4973	542.2750	5	0.6642	0.6956	-0.0019	82.4739	1.8179	699.7601	528.6555	43.6806	687.0169	94.9769	709.5066	94.9074	717.6943	94.6528	725.8217	94.6296	
08/08/2017	09:01:41	011995	H421015137HLR	L421	S		699.5278	1.0400	0.0000	99.9510	39.6524	0.8230	1.1626	5.0000	20.2292	815.1122	94.8843	18.1396	23.6000	0.9300	0.9445	0.6955	-0.0019	815.0000	815.9463	1.0272	-3.8764	99.9011	40.6108	0.8230	0.8256	5.0000	-9999.0000	-9999.0000	-9999.0000	-9999.0000	-9999.0000	-9999.0000	17.4587	8	0	27.7290	1.0000	99	9	-9999.0000	49744	24556	-9999	-9999	2347	4975	538.5263	5	0.6643	0.6955	-0.0019	82.5564	1.8128	695.1439	504.0486	46.0185	680.5183	95.0231	704.5433	94.8611	713.2297	94.7685	719.9911	94.5370	
08/08/2017	09:02:11	011995	H421015147HLR	L421	S		699.3309	1.0400	0.0000	99.9090	39.7008	0.8230	1.1629	5.0000	19.9546	815.0753	94.7917	17.0889	23.5000	0.9300	0.9443	0.6972	-0.0020	815.0000	815.3494	1.0272	-3.8677	100.0240	40.6263	0.8230	0.8259	5.0000	-9999.0000	-9999.0000	-9999.0000	-9999.0000	-9999.0000	-9999.0000	19.3983	1	0	29.0385	1.0000	99	9	-9999.0000	49745	24557	-9999	-9999	2348	4977	540.1654	5	0.6640	0.6972	-0.0020	79.6970	1.9935	695.7543	537.4645	44.6991	681.7057	95.2546	704.6335	94.6991	713.0409	94.6065	719.9386	94.7222	
08/08/2017	09:02:55	011995	H421015184HLR	L421	S		708.5157	1.0400	0.0000	99.9324	39.6337	0.8230	1.1621	5.0000	22.3489	815.1826	94.9769	15.3899	23.6000	0.9300	0.9445	0.6972	-0.0020	815.0000	815.7168	1.0272	-3.8731	99.8689	40.6108	0.8230	0.8263	5.0000	-9999.0000	-9999.0000	-9999.0000	-9999.0000	-9999.0000	-9999.0000	18.8313	2	0	44.5971	1.0000	99	9	-9999.0000	49746	24558	-9999	-9999	2349	4979	542.8740	5	0.6640	0.6972	-0.0020	79.6970	1.9935	702.0627	503.2519	43.1250	688.5747	94.8611	713.7875	94.8611	722.4540	94.7685	730.6958	94.5833	
08/08/2017	09:04:17	011995	H421020946HLR	L421	S		709.3684	1.0400	0.0000	99.8986	39.6541	0.8230	1.1626	5.0000	20.1088	815.1069	95.0231	14.9894	23.5000	0.9300	0.9443	0.6975	-0.0020	815.0000	815.7026	1.0272	-3.8729	99.7695	40.5924	0.8230	0.8265	5.0000	-9999.0000	-9999.0000	-9999.0000	-9999.0000	-9999.0000	-9999.0000	17.4149	3	0	81.8862	1.0000	99	9	-9999.0000	49747	24559	-9999	-9999	2350	4981	543.6248	5	0.6641	0.6975	-0.0020	78.5202	2.0596	703.7120	532.5943	44.4444	688.9551	95.2083	714.6575	94.6991	722.9374	94.6065	729.9229	94.6991	
08/08/2017	09:04:42	011995	H421020937HLR	L421	S		707.8513	1.0400	0.0000	99.9793	39.6951	0.8230	1.1627	5.0000	20.7383	815.1056	94.9769	14.7189	23.6000	0.9300	0.9445	0.6981	-0.0021	815.0000	816.3158	1.0272	-3.8818	99.9818	40.6313	0.8230	0.8255	5.0000	-9999.0000	-9999.0000	-9999.0000	-9999.0000	-9999.0000	-9999.0000	18.3514	4	0	25.0182	1.0000	99	9	-9999.0000	49748	24559	-9999	-9999	2351	4983	544.1148	5	0.6639	0.6981	-0.0021	77.3237	2.1348	705.1796	522.4179	46.9213	691.8752	94.7222	713.8723	94.6065	723.7271	94.7454	732.9476	94.6991	
08/08/2017	09:05:58	011995	H421020959HLR	L421	S		708.6273	1.0400	0.0000	99.9832	39.6453	0.8230	1.1624	5.0000	21.0188	815.1431	94.9769	14.3791	23.5000	0.9300	0.9443	0.6981	-0.0021	815.0000	816.2012	1.0272	-3.8801	99.8227	40.6178	0.8230	0.8270	5.0000	-9999.0000	-9999.0000	-9999.0000	-9999.0000	-9999.0000	-9999.0000	17.4288	5	0	76.1263	1.0000	99	9	-9999.0000	49749	24559	-9999	-9999	2352	4984	544.7006	5	0.6638	0.6981	-0.0021	76.3553	2.2009	707.0489	556.8878	43.8426	693.5117	95.2083	717.8184	94.6991	726.2246	94.5833	734.1575	94.7454	
08/08/2017	09:06:26	011995	H421020941HLR	L421	S		654.5731	1.0400	0.0000	99.9508	39.7000	0.8230	1.1631	5.0000	20.1830	0.0000	0.0000	0.0000	0.0000	0.9300	0.0000	0.0000	0.0000	0.0000	693.6606	1.0272	-1.7649	99.8512	40.5667	0.8230	0.8257	5.0000	-9999.0000	-9999.0000	-9999.0000	-9999.0000	-9999.0000	-9999.0000	19.4186	6	7	27.7283	1.0000	99	9	-9999.0000	49750	0	-9999	-9999	2353	4986	0.0000	0	0.0000	0.0000	0.0000	0.0000	0.0000	0.0000	0.0000	0.0000	0.0000	0.0000	0.0000	0.0000	0.0000	0.0000	0.0000	0.0000	
08/08/2017	09:06:56	011995	H421020927HLR	L421	S		707.8007	1.0400	0.0000	99.9325	39.7569	0.8230	1.1629	5.0000	20.1582	815.1551	94.7454	17.0391	23.6000	0.9300	0.9446	0.6964	-0.0020	815.0000	816.4352	1.0272	-3.8835	99.7499	40.6552	0.8230	0.8270	5.0000	-9999.0000	-9999.0000	-9999.0000	-9999.0000	-9999.0000	-9999.0000	17.4284	7	0	30.4681	1.0000	99	9	-9999.0000	49751	24560	-9999	-9999	2353	4988	540.1502	5	0.6641	0.6964	-0.0020	71.7433	2.4702	701.7287	501.0879	43.2176	687.9755	95.0463	709.7974	94.8380	718.8746	94.7222	727.5904	94.6296	
08/08/2017	09:07:24	011995	H421020928HLR	L421	S		706.3304	1.0400	0.0000	99.9649	39.7345	0.8230	1.1626	5.0000	20.0307	698.5321	95.2083	6.2301	23.6000	0.9300	0.9442	0.6964	-0.0020	815.0000	771.8934	1.0272	-3.0699	99.8045	40.6348	0.8230	0.8273	5.0000	-9999.0000	-9999.0000	-9999.0000	-9999.0000	-9999.0000	-9999.0000	17.4381	8	32	28.0180	1.0000	99	9	-9999.0000	49751	24561	-9999	-9999	2354	4990	474.8938	5	0.6641	0.6964	-0.0020	71.7433	2.4702	709.0060	508.5292	44.3287	693.8233	95.1389	719.8111	94.8148	728.7504	94.7222	737.0535	94.6065	
08/08/2017	09:07:59	011995	H421020969HLR	L421	S		708.8764	1.0400	0.0000	99.9833	39.6663	0.8230	1.1626	5.0000	19.8589	815.0939	94.7222	16.6485	23.5000	0.9300	0.9445	0.6957	-0.0019	815.0000	819.9510	1.0272	-3.9345	100.0119	40.6194	0.8230	0.8255	5.0000	-9999.0000	-9999.0000	-9999.0000	-9999.0000	-9999.0000	-9999.0000	20.4073	1	0	34.8985	1.0000	99	9	-9999.0000	49752	24562	-9999	-9999	2355	4992	540.7283	5	0.6643	0.6957	-0.0019	72.2005	2.4429	707.8763	572.3139	44.8148	694.0354	95.5324	716.7757	94.5602	724.7132	94.6296	733.1100	94.6991	
08/08/2017	09:08:31	011995	H421020963HLR	L421	S		706.9741	1.0400	0.0000	99.9755	39.7000	0.8230	1.1628	5.0000	20.6893	815.0952	94.9537	15.0187	23.6000	0.9300	0.9445	0.6957	-0.0019	815.0000	815.8952	1.0272	-3.8757	99.8534	40.6022	0.8230	0.8266	5.0000	-9999.0000	-9999.0000	-9999.0000	-9999.0000	-9999.0000	-9999.0000	17.4185	2	0	31.3879	1.0000	99	9	-9999.0000	49753	24563	-9999	-9999	2356	4994	543.3199	5	0.6643	0.6957	-0.0019	72.2005	2.4429	705.6694	520.9927	45.2315	690.9165	94.9769	716.2489	94.7685	725.0856	94.7222	733.8746	94.6296	
08/08/2017	09:08:59	011995	H421020943HLR	L421	S		706.0452	1.0400	0.0000	99.9420	39.6909	0.8230	1.1625	5.0000	20.1993	815.1190	94.9537	15.0793	23.5000	0.9300	0.9443	0.6960	-0.0020	815.0000	817.0132	1.0272	-3.8919	99.8975	40.6362	0.8230	0.8262	5.0000	-9999.0000	-9999.0000	-9999.0000	-9999.0000	-9999.0000	-9999.0000	18.9391	3	0	28.5590	1.0000	99	9	-9999.0000	49754	24564	-9999	-9999	2356	4996	543.2182	5	0.6642	0.6960	-0.0020	73.0544	2.3857	703.6396	530.0396	44.4213	688.0668	95.2315	715.8684	94.6065	724.1301	94.6991	733.0151	94.7222	
08/08/2017	09:09:28	011995	H421015129HLR	L421	S		690.8723	1.0400	0.0000	99.9134	39.7110	0.8230	1.1629	5.0000	19.9188	815.1279	95.0000	14.6994	23.5000	0.9300	0.9443	0.6960	-0.0020	815.0000	816.2301	1.0272	-3.8805	99.7774	40.6408	0.8230	0.8271	5.0000	-9999.0000	-9999.0000	-9999.0000	-9999.0000	-9999.0000	-9999.0000	17.3480	4	0	29.1186	1.0000	99	9	-9999.0000	49755	24565	-9999	-9999	2357	4998	543.8666	5	0.6642	0.6960	-0.0020	73.0544	2.3857	702.1346	518.4750	42.3611	685.7240	95.3241	717.6362	94.6759	727.3879	94.6759	734.9193	94.6991	
08/08/2017	09:10:43	011995	H421015144HLR	L421	S		704.9923	1.0400	0.0000	99.8990	39.7559	0.8230	1.1628	5.0000	20.1988	815.1391	94.9306	14.3693	23.6000	0.9300	0.9443	0.6960	-0.0020	815.0000	817.2945	1.0272	-3.8960	99.7559	40.6161	0.8230	0.8268	5.0000	-9999.0000	-9999.0000	-9999.0000	-9999.0000	-9999.0000	-9999.0000	17.3385	5	0	74.4965	1.0000	99	9	-9999.0000	49756	24565	-9999	-9999	2358	5000	544.3835	5	0.6640	0.6960	-0.0020	73.7951	2.3344	708.9455	539.2473	45.6713	694.0292	95.0000	722.0740	94.6759	730.5862	94.6528	738.8505	94.6991	
08/08/2017	09:11:14	011995	H421015134HLR	L421	S		706.1404	1.0400	0.0000	99.9607	39.7639	0.8230	1.1628	5.0000	20.0291	815.1188	94.9537	14.8185	23.5000	0.9300	0.9443	0.6957	-0.0020	815.0000	817.0752	1.0272	-3.8928	99.9601	40.6101	0.8230	0.8264	5.0000	-9999.0000	-9999.0000	-9999.0000	-9999.0000	-9999.0000	-9999.0000	17.3287	6	0	31.4675	1.0000	99	9	-9999.0000	49757	24566	-9999	-9999	2359	5001	543.5618	5	0.6641	0.6957	-0.0020	73.7581	2.3372	706.9733	529.4998	43.4722	692.0392	95.1157	718.0124	94.7917	727.7397	94.6991	737.2287	94.6991	
08/08/2017	09:11:42	011995	H421015138HLR	L421	S		703.9827	1.0400	0.0000	99.9578	39.7621	0.8230	1.1626	5.0000	20.2698	815.1655	94.9074	14.9992	23.5000	0.9300	0.9443	0.6950	-0.0019	815.0000	817.0084	1.0272	-3.8918	100.0210	40.6287	0.8230	0.8246	5.0000	-9999.0000	-9999.0000	-9999.0000	-9999.0000	-9999.0000	-9999.0000	19.7983	7	0	27.7580	1.0000	99	9	-9999.0000	49758	24567	-9999	-9999	2360	5003	543.2950	5	0.6641	0.6950	-0.0019	75.1547	2.2553	707.4471	574.8952	46.3426	694.1533	95.0000	718.5140	94.6991	726.9678	94.6528	735.4230	94.6991	
08/08/2017	09:13:19	011995	H421015148HLR	L421	S		708.2649	1.0400	0.0000	99.8718	39.7641	0.8230	1.1626	5.0000	20.3184	815.1143	94.8843	15.2492	23.5000	0.9300	0.9443	0.6945	-0.0019	815.0000	817.0208	1.0272	-3.8920	100.0418	40.6551	0.8230	0.8258	5.0000	-9999.0000	-9999.0000	-9999.0000	-9999.0000	-9999.0000	-9999.0000	18.0861	8	0	97.0447	1.0000	99	9	-9999.0000	49759	24568	-9999	-9999	2360	5005	542.8011	5	0.6642	0.6945	-0.0019	76.4031	2.1746	711.0529	591.0555	44.8611	698.8313	95.1620	720.5338	94.7454	726.6752	94.4907	732.8715	94.7222	
08/08/2017	09:13:46	011995	H421015177HLR	L421	S		714.8908	1.0400	0.0000	99.9658	39.7715	0.8230	1.1624	5.0000	21.0290	815.0827	94.9306	14.6594	23.5000	0.9300	0.9442	0.6934	-0.0018	815.0000	817.4358	1.0272	-3.8980	99.7943	40.6684	0.8230	0.8266	5.0000	-9999.0000	-9999.0000	-9999.0000	-9999.0000	-9999.0000	-9999.0000	17.3881	1	0	26.6496	1.0000	99	9	-9999.0000	49760	24569	-9999	-9999	2361	5007	543.5799	5	0.6642	0.6934	-0.0018	78.7461	2.0341	712.5601	545.0267	45.6019	698.3121	94.9769	724.0284	94.7454	731.8319	94.6296	738.8881	94.7222	
08/08/2017	09:14:14	011995	H421015178HLR	L421	S		705.6428	1.0400	0.0000	99.9747	39.7941	0.8230	1.1627	5.0000	20.3051	815.1548	94.7917	17.0284	23.6000	0.9300	0.9445	0.6918	-0.0017	815.0000	813.2240	1.0272	-3.8369	99.9775	40.6525	0.8230	0.8257	5.0000	-9999.0000	-9999.0000	-9999.0000	-9999.0000	-9999.0000	-9999.0000	17.4154	2	0	28.5928	1.0000	99	9	-9999.0000	49761	24570	-9999	-9999	2362	5009	540.2493	5	0.6645	0.6918	-0.0017	78.4113	2.0636	699.7247	497.6597	43.8657	686.0958	95.0000	706.7271	94.8148	714.4296	94.7222	723.3512	94.6759	
08/08/2017	09:14:42	011995	H421015152HLR	L421	S		709.0854	1.0400	0.0000	99.9727	39.7478	0.8230	1.1625	5.0000	19.9286	815.1414	94.9074	14.9396	23.6000	0.9300	0.9444	0.6913	-0.0017	815.0000	818.7855	1.0272	-3.9176	99.8349	40.6552	0.8230	0.8255	5.0000	-9999.0000	-9999.0000	-9999.0000	-9999.0000	-9999.0000	-9999.0000	18.5384	3	0	28.0937	1.0000	99	9	-9999.0000	49762	24571	-9999	-9999	2363	5011	543.1107	5	0.6645	0.6913	-0.0017	81.2034	1.8958	714.5828	558.9831	43.5417	699.3859	95.0926	725.2136	94.7222	733.6988	94.6296	741.3377	94.6991	
08/08/2017	09:15:51	011995	H421015157HLR	L421	S		706.5090	1.0400	0.0000	99.9714	39.7707	0.8230	1.1627	5.0000	19.9965	470.0440	94.8843	31.0091	23.3000	0.9300	0.9432	0.6900	-0.0016	815.0000	770.3668	1.0272	-3.0336	99.8235	40.6761	0.8230	0.8270	5.0000	-9999.0000	-9999.0000	-9999.0000	-9999.0000	-9999.0000	-9999.0000	17.4190	4	34	68.3862	1.0000	99	9	-9999.0000	49763	24572	-9999	-9999	2364	5013	300.4791	5	0.6644	0.6900	-0.0016	79.9211	1.9692	236.2485	545.7865	46.4815	292.8315	101.9213	238.5224	94.3519	256.1340	95.3241	268.7742	94.5602	
08/08/2017	09:16:21	011995	H421015154HLR	L421	S		710.4994	1.0400	0.0000	99.9431	39.7763	0.8230	1.1624	5.0000	21.4980	815.1872	94.9306	14.1887	23.6000	0.9300	0.9445	0.6900	-0.0016	815.0000	815.6160	1.0272	-3.8716	99.8735	40.6713	0.8230	0.8270	5.0000	-9999.0000	-9999.0000	-9999.0000	-9999.0000	-9999.0000	-9999.0000	17.3493	5	0	29.9183	1.0000	99	9	-9999.0000	49764	24573	-9999	-9999	2365	5015	543.9428	5	0.6644	0.6900	-0.0016	79.9211	1.9692	706.5977	488.2895	44.1667	694.8833	88.4954	718.1229	93.9352	733.7159	94.8611	742.6851	94.6759	
08/08/2017	09:16:48	011995	H421015164HLR	L421	S		708.6569	1.0400	0.0000	99.9268	39.7199	0.8230	1.1625	5.0000	20.1189	815.0889	94.8380	15.2590	23.5000	0.9300	0.9441	0.6889	-0.0015	815.0000	817.1730	1.0272	-3.8942	99.9073	40.6708	0.8230	0.8261	5.0000	-9999.0000	-9999.0000	-9999.0000	-9999.0000	-9999.0000	-9999.0000	17.4480	6	0	26.8880	1.0000	99	9	-9999.0000	49765	24574	-9999	-9999	2366	5017	542.4372	5	0.6644	0.6889	-0.0015	79.9395	1.9574	713.7472	588.3807	46.6667	700.3176	92.5000	723.2452	94.5370	733.3622	94.6296	741.1323	94.6991	
08/08/2017	09:17:17	011995	H421015208HLR	L421	S		706.0159	1.0400	0.0000	99.9114	39.7534	0.8230	1.1628	5.0000	19.8993	815.1234	94.9537	14.8791	23.6000	0.9300	0.9442	0.6882	-0.0015	815.0000	814.9047	1.0272	-3.8613	100.0491	40.6388	0.8230	0.8246	5.0000	-9999.0000	-9999.0000	-9999.0000	-9999.0000	-9999.0000	-9999.0000	19.8707	7	0	29.3892	1.0000	99	9	-9999.0000	49766	24575	-9999	-9999	2367	5018	542.8511	5	0.6644	0.6882	-0.0015	80.0032	1.9577	709.3981	529.0084	43.9815	694.8148	93.0787	722.2692	94.5833	731.5342	94.6528	738.7817	94.8380	
08/08/2017	09:17:46	011995	H421015171HLR	L421	S		706.5139	1.0400	0.0000	99.9185	39.7961	0.8230	1.1628	5.0000	19.9793	815.1735	94.8380	14.9787	23.5000	0.9300	0.9442	0.6884	-0.0015	815.0000	816.9157	1.0272	-3.8905	100.0272	40.6524	0.8230	0.8252	5.0000	-9999.0000	-9999.0000	-9999.0000	-9999.0000	-9999.0000	-9999.0000	19.7832	8	0	29.2885	1.0000	99	9	-9999.0000	49767	24576	-9999	-9999	2368	5020	542.7532	5	0.6642	0.6884	-0.0015	80.1888	1.9510	709.8207	516.9667	42.2454	695.1332	93.5880	722.8624	94.7685	732.6856	94.5602	740.3996	94.6528	
08/08/2017	09:18:12	011995	H421015174HLR	L421	S		705.8473	1.0400	0.0000	99.9500	39.7941	0.8230	1.1625	5.0000	20.6790	815.0651	94.6065	16.4386	23.6000	0.9300	0.9445	0.6873	-0.0015	815.0000	819.0058	1.0272	-3.9208	99.8320	40.6691	0.8230	0.8263	5.0000	-9999.0000	-9999.0000	-9999.0000	-9999.0000	-9999.0000	-9999.0000	18.4987	1	0	25.5278	1.0000	99	9	-9999.0000	49767	24577	-9999	-9999	2369	5022	540.7975	5	0.6644	0.6873	-0.0015	78.1361	2.0594	709.4874	505.3634	42.1065	693.9467	93.5880	723.0367	94.8148	731.7781	94.6991	741.2726	94.6296	
08/08/2017	09:18:39	011995	H421015183HLR	L421	S		707.2260	1.0400	0.0000	99.9880	39.7599	0.8230	1.1625	5.0000	19.9685	815.1843	94.8843	14.2297	23.5000	0.9300	0.9442	0.6873	-0.0015	815.0000	815.1521	1.0272	-3.8649	99.9371	40.6596	0.8230	0.8263	5.0000	-9999.0000	-9999.0000	-9999.0000	-9999.0000	-9999.0000	-9999.0000	18.6119	2	0	27.4985	1.0000	99	9	-9999.0000	49768	24578	-9999	-9999	2370	5024	543.5789	5	0.6644	0.6873	-0.0015	78.1361	2.0594	714.7446	608.6493	45.7176	701.7618	93.8889	725.0605	94.7454	736.5276	94.5602	744.2529	94.6296	
08/08/2017	09:19:11	011995	H421020938HLR	L421	S		706.2331	1.0400	0.0000	99.9737	39.7788	0.8230	1.1626	5.0000	20.3799	815.1024	94.7454	14.9493	23.5000	0.9300	0.9443	0.6882	-0.0015	815.0000	816.7447	1.0272	-3.8880	99.9025	40.6082	0.8230	0.8254	5.0000	-9999.0000	-9999.0000	-9999.0000	-9999.0000	-9999.0000	-9999.0000	19.0009	3	0	31.3396	1.0000	99	9	-9999.0000	49769	24579	-9999	-9999	2370	5026	542.6468	5	0.6645	0.6882	-0.0015	83.2984	1.7189	717.6467	578.6206	44.3981	704.5972	94.1898	725.6894	94.7222	734.9340	94.6991	741.7688	94.5139	
08/08/2017	09:19:38	011995	H421020961HLR	L421	S		712.7635	1.0400	0.0000	99.9794	39.8000	0.8230	1.1627	5.0000	20.1878	815.0812	94.9306	14.5197	23.5000	0.9300	0.9443	0.6881	-0.0015	815.0000	814.7935	1.0272	-3.8597	100.0321	40.5733	0.8230	0.8242	5.0000	-9999.0000	-9999.0000	-9999.0000	-9999.0000	-9999.0000	-9999.0000	21.4680	4	0	27.4777	1.0000	99	9	-9999.0000	49770	24579	-9999	-9999	2371	5028	543.0926	5	0.6645	0.6881	-0.0015	84.1503	1.6642	713.7318	546.5871	43.4028	700.0514	94.3750	724.3707	94.7917	732.9110	94.6759	741.2136	94.6991	
08/08/2017	09:20:06	011995	H421015204HLR	L421	S		709.9606	1.0400	0.0000	99.9766	39.8072	0.8230	1.1625	5.0000	20.7393	815.0961	94.8148	13.7395	23.6000	0.9300	0.9443	0.6895	-0.0016	815.0000	815.9648	1.0272	-3.8767	99.9777	40.5931	0.8230	0.8245	5.0000	-9999.0000	-9999.0000	-9999.0000	-9999.0000	-9999.0000	-9999.0000	19.4683	5	0	27.9184	1.0000	99	9	-9999.0000	49771	24580	-9999	-9999	2372	5029	544.1150	5	0.6643	0.6895	-0.0016	82.2903	1.7896	715.6318	560.3517	46.1343	700.5490	94.3519	728.2197	94.7685	738.2195	94.6065	746.3038	94.6759	
08/08/2017	09:20:35	011995	H421015194HLR	L421	S		707.6054	1.0400	0.0000	99.9616	39.8122	0.8230	1.1624	5.0000	20.8108	815.1242	94.9306	15.4396	23.6000	0.9300	0.9442	0.6895	-0.0016	815.0000	816.2870	1.0272	-3.8813	99.8979	40.6064	0.8230	0.8243	5.0000	-9999.0000	-9999.0000	-9999.0000	-9999.0000	-9999.0000	-9999.0000	18.5689	6	0	28.8384	1.0000	99	9	-9999.0000	49772	24581	-9999	-9999	2373	5031	541.9483	5	0.6644	0.6895	-0.0016	83.6833	1.6954	714.2559	558.1387	45.3009	699.9055	94.6296	723.7901	94.7917	733.2018	94.6759	740.3126	94.6065	
08/08/2017	09:21:03	011995	H421015180HLR	L421	S		707.8005	1.0400	0.0000	99.9484	39.8203	0.8230	1.1626	5.0000	20.1881	815.1645	94.8843	15.1691	23.5000	0.9300	0.9441	0.6894	-0.0016	815.0000	818.6594	1.0272	-3.9158	99.9722	40.6339	0.8230	0.8245	5.0000	-9999.0000	-9999.0000	-9999.0000	-9999.0000	-9999.0000	-9999.0000	18.3724	7	0	27.5990	1.0000	99	9	-9999.0000	49773	24582	-9999	-9999	2374	5033	542.2582	5	0.6644	0.6894	-0.0016	84.3152	1.6549	714.1360	543.6674	45.4167	699.7902	94.5602	724.5069	94.6759	734.7542	94.5833	742.9791	94.7222	
08/08/2017	09:21:30	011995	H421020944HLR	L421	S		702.5815	1.0400	0.0000	99.9565	39.8333	0.8230	1.1625	5.0000	20.1774	815.1276	94.8611	15.2384	23.6000	0.9300	0.9442	0.6896	-0.0016	815.0000	815.6172	1.0272	-3.8716	99.8687	40.6636	0.8230	0.8255	5.0000	-9999.0000	-9999.0000	-9999.0000	-9999.0000	-9999.0000	-9999.0000	17.3678	8	0	27.4985	1.0000	99	9	-9999.0000	49774	24583	-9999	-9999	2375	5035	542.1465	5	0.6644	0.6896	-0.0016	82.0494	1.7877	711.1807	548.9359	44.1435	696.6532	94.7917	721.0733	94.7685	730.9864	94.6296	738.6569	94.6759	
08/08/2017	09:21:57	011995	H421020968HLR	L421	S		705.5173	1.0400	0.0000	99.9699	39.8373	0.8230	1.1625	5.0000	20.0692	815.0959	94.8611	14.7297	23.5000	0.9300	0.9442	0.6900	-0.0016	815.0000	816.3567	1.0272	-3.8824	99.7863	40.6872	0.8230	0.8258	5.0000	-9999.0000	-9999.0000	-9999.0000	-9999.0000	-9999.0000	-9999.0000	17.4890	1	0	26.5279	1.0000	99	9	-9999.0000	49775	24584	-9999	-9999	2376	5036	542.7338	5	0.6645	0.6900	-0.0016	81.2154	1.8405	713.6911	563.9383	44.3287	699.3796	94.8611	726.7064	94.7454	734.5440	94.6296	741.9346	94.6991	
08/08/2017	09:22:25	011995	H421020929HLR	L421	S		715.9460	1.0400	0.0000	99.8773	39.8341	0.8230	1.1625	5.0000	20.1989	815.0662	94.6528	16.1388	23.6000	0.9300	0.9442	0.6903	-0.0017	815.0000	815.7265	1.0272	-3.8732	99.8429	40.7028	0.8230	0.8262	5.0000	-9999.0000	-9999.0000	-9999.0000	-9999.0000	-9999.0000	-9999.0000	17.7486	2	0	28.2991	1.0000	99	9	-9999.0000	49776	24585	-9999	-9999	2377	5038	540.7359	5	0.6646	0.6903	-0.0017	85.5066	1.5497	712.8543	543.4085	45.9259	698.7199	94.8611	717.3104	94.8611	724.1378	94.6528	729.2288	94.7222	
08/08/2017	09:22:56	011995	H421020957HLR	L421	S		707.4557	1.0400	0.0000	99.9301	39.8428	0.8230	1.1625	5.0000	20.0998	815.0979	94.8380	14.2199	23.5000	0.9300	0.9442	0.6911	-0.0017	815.0000	815.6103	1.0272	-3.8715	99.9757	40.6879	0.8230	0.8256	5.0000	-9999.0000	-9999.0000	-9999.0000	-9999.0000	-9999.0000	-9999.0000	19.3969	3	0	31.3578	1.0000	99	9	-9999.0000	49777	24586	-9999	-9999	2378	5040	543.3404	5	0.6645	0.6911	-0.0017	85.3778	1.5644	712.3908	548.3949	44.0972	697.6744	94.8380	724.6517	94.8380	732.0612	94.6296	741.7900	94.7222	
08/08/2017	09:23:24	011995	H421020947HLR	L421	S		705.0828	1.0400	0.0000	99.8963	39.8498	0.8230	1.1625	5.0000	20.1385	815.0647	94.8380	14.3596	23.5000	0.9300	0.9443	0.6931	-0.0019	815.0000	815.7938	1.0272	-3.8742	99.9133	40.6816	0.8230	0.8270	5.0000	-9999.0000	-9999.0000	-9999.0000	-9999.0000	-9999.0000	-9999.0000	17.4181	4	0	27.7485	1.0000	99	9	-9999.0000	49777	24587	-9999	-9999	2378	5042	543.1158	5	0.6647	0.6931	-0.0019	93.2675	1.0455	710.4115	547.3180	42.9861	696.1873	94.9306	722.8635	94.7454	732.1557	94.4907	739.2475	94.7917	
08/08/2017	09:24:19	011995	H421015190HLR	L421	S		707.4110	1.0400	0.0000	99.9952	39.8518	0.8230	1.1624	5.0000	20.5998	815.1234	94.9537	13.7092	23.5000	0.9300	0.9442	0.6996	-0.0023	815.0000	816.1462	1.0272	-3.8793	99.8632	40.6789	0.8230	0.8266	5.0000	-9999.0000	-9999.0000	-9999.0000	-9999.0000	-9999.0000	-9999.0000	17.8079	5	0	54.9873	1.0000	99	9	-9999.0000	49778	24588	-9999	-9999	2379	5044	544.5642	5	0.6648	0.6996	-0.0023	101.8193	0.4757	708.7052	537.2221	43.0787	693.7867	95.0463	721.2646	94.7454	732.2649	94.6065	740.9230	94.7685	
08/08/2017	09:24:47	011995	H421020933HLR	L421	S		706.0401	1.0400	0.0000	99.9602	39.8631	0.8230	1.1625	5.0000	20.1190	815.1165	94.9537	15.0890	23.5000	0.9300	0.9442	0.6999	-0.0023	815.0000	815.5042	1.0272	-3.8700	99.7836	40.6456	0.8230	0.8260	5.0000	-9999.0000	-9999.0000	-9999.0000	-9999.0000	-9999.0000	-9999.0000	17.3585	6	0	27.6985	1.0000	99	9	-9999.0000	49779	24589	-9999	-9999	2380	5046	541.9200	5	0.6647	0.6999	-0.0023	104.1744	0.3169	702.0649	520.4331	43.5185	687.4755	95.2083	712.9241	94.7222	721.6855	94.6991	729.3787	94.6065	
08/08/2017	09:25:14	011995	H421020924HLR	L421	S		707.3517	1.0400	0.0000	99.8551	39.8706	0.8230	1.1625	5.0000	20.0803	815.0859	94.8380	14.9396	23.6000	0.9300	0.9442	0.6997	-0.0023	815.0000	816.5653	1.0272	-3.8854	99.8554	40.6514	0.8230	0.8248	5.0000	-9999.0000	-9999.0000	-9999.0000	-9999.0000	-9999.0000	-9999.0000	17.5484	7	0	27.4380	1.0000	99	9	-9999.0000	49780	24590	-9999	-9999	2381	5048	542.0850	5	0.6646	0.6997	-0.0023	103.8065	0.3488	705.6183	543.2640	43.4491	691.5237	95.0463	717.0684	94.7454	725.1571	94.6296	732.9187	94.6759	
08/08/2017	09:25:42	011995	H421020954HLR	L421	S		705.1357	1.0400	0.0000	99.9662	39.8786	0.8230	1.1625	5.0000	19.8984	815.1496	94.6065	15.4386	23.6000	0.9300	0.9442	0.6989	-0.0023	815.0000	817.3040	1.0272	-3.8961	99.9013	40.6689	0.8230	0.8251	5.0000	-9999.0000	-9999.0000	-9999.0000	-9999.0000	-9999.0000	-9999.0000	17.4280	8	0	27.8588	1.0000	99	9	-9999.0000	49780	24591	-9999	-9999	2381	5050	541.1532	5	0.6646	0.6989	-0.0023	105.2528	0.2613	704.8034	543.8598	42.4537	690.1051	95.2083	718.0068	94.6528	725.0823	94.6296	734.2024	94.7454	
08/08/2017	09:26:08	011995	H421020964HLR	L421	S		704.1524	1.0400	0.0000	99.9812	39.8776	0.8230	1.1624	5.0000	20.2383	815.1382	94.8148	14.9494	23.5000	0.9300	0.9443	0.6969	-0.0021	815.0000	815.2815	1.0272	-3.8668	99.8939	40.6960	0.8230	0.8257	5.0000	-9999.0000	-9999.0000	-9999.0000	-9999.0000	-9999.0000	-9999.0000	17.3485	1	0	26.5083	1.0000	99	9	-9999.0000	49781	24592	-9999	-9999	2382	5052	542.0162	5	0.6646	0.6969	-0.0021	105.8383	0.2287	706.9875	542.4680	45.3009	692.0210	94.9537	718.8910	94.7454	726.4718	94.5602	734.6616	94.7454	
08/08/2017	09:26:35	011995	H421015198HLR	L421	S		707.3716	1.0400	0.0000	99.9022	39.8770	0.8230	1.1625	5.0000	20.0086	815.1859	94.7685	14.9094	23.6000	0.9300	0.9444	0.7007	-0.0024	815.0000	816.3865	1.0272	-3.8828	99.8503	40.7130	0.8230	0.8261	5.0000	-9999.0000	-9999.0000	-9999.0000	-9999.0000	-9999.0000	-9999.0000	17.3893	2	0	26.2222	1.0000	99	9	-9999.0000	49781	24593	-9999	-9999	2383	5054	542.1068	5	0.6647	0.7007	-0.0024	100.0880	0.6336	702.9648	524.2358	43.6343	688.6496	95.1620	713.4407	94.8380	723.6686	94.6528	732.0776	94.6991	
08/08/2017	09:27:02	011995	H421015200HLR	L421	S		709.7456	1.0400	0.0000	99.9840	39.8510	0.8230	1.1621	5.0000	21.7486	815.1118	94.8843	14.6789	23.5000	0.9300	0.9443	0.6974	-0.0022	815.0000	816.5949	1.0272	-3.8858	99.8461	40.7160	0.8230	0.8269	5.0000	-9999.0000	-9999.0000	-9999.0000	-9999.0000	-9999.0000	-9999.0000	17.3577	3	0	27.6148	1.0000	99	9	-9999.0000	49782	24594	-9999	-9999	2384	5056	542.4801	5	0.6649	0.6974	-0.0022	102.0887	0.4915	709.2678	510.1948	44.3981	693.0693	95.1157	719.9650	94.7222	728.9665	94.6528	736.9097	94.6991	
08/08/2017	09:27:29	011995	H421015199HLR	L421	S		712.7295	1.0400	0.0000	99.9457	39.8750	0.8230	1.1625	5.0000	20.1287	815.1481	94.7917	15.3693	23.6000	0.9300	0.9443	0.6996	-0.0023	815.0000	817.7305	1.0272	-3.9023	99.7770	40.6811	0.8230	0.8267	5.0000	-9999.0000	-9999.0000	-9999.0000	-9999.0000	-9999.0000	-9999.0000	17.3850	4	0	27.0493	1.0000	99	9	-9999.0000	49783	24595	-9999	-9999	2385	5057	541.1344	5	0.6647	0.6996	-0.0023	98.6617	0.7358	707.1848	531.3046	43.7963	691.0697	95.1852	719.1001	94.6759	727.6175	94.6991	736.6799	94.6991	
08/08/2017	09:27:56	011995	H421015201HLR	L421	S		716.0208	1.0400	0.0000	99.9389	39.8895	0.8230	1.1625	5.0000	19.9985	815.1535	94.8380	14.0188	23.6000	0.9300	0.9442	0.6996	-0.0023	815.0000	815.7195	1.0272	-3.8731	100.0391	40.6482	0.8230	0.8257	5.0000	-9999.0000	-9999.0000	-9999.0000	-9999.0000	-9999.0000	-9999.0000	17.9382	5	0	26.5588	1.0000	99	9	-9999.0000	49784	24596	-9999	-9999	2386	5059	543.8187	5	0.6647	0.6996	-0.0023	99.6782	0.6652	709.9757	541.0203	44.9074	695.7946	95.0231	720.4561	94.7917	728.4139	94.6065	737.5370	94.6991	
08/08/2017	09:28:24	011995	H421015191HLR	L421	S		712.9449	1.0400	0.0000	99.8355	39.8893	0.8230	1.1624	5.0000	20.0587	815.1312	94.7917	14.2795	23.6000	0.9300	0.9443	0.6996	-0.0023	815.0000	814.6608	1.0272	-3.8577	100.0377	40.6140	0.8230	0.8241	5.0000	-9999.0000	-9999.0000	-9999.0000	-9999.0000	-9999.0000	-9999.0000	19.9886	6	0	27.6585	1.0000	99	9	-9999.0000	49785	24596	-9999	-9999	2387	5061	543.0814	5	0.6646	0.6996	-0.0023	100.2980	0.6189	710.3941	554.7381	43.9352	695.3011	95.3472	720.4975	94.7222	727.5118	94.6065	736.3174	94.7685	
08/08/2017	09:28:52	011995	H421020967HLR	L421	S		712.9106	1.0400	0.0000	99.9533	39.8836	0.8230	1.1624	5.0000	20.2283	815.1042	94.8148	14.1291	23.5000	0.9300	0.9442	0.6993	-0.0023	815.0000	815.0211	1.0272	-3.8630	99.8776	40.6410	0.8230	0.8241	5.0000	-9999.0000	-9999.0000	-9999.0000	-9999.0000	-9999.0000	-9999.0000	18.8466	7	0	28.0682	1.0000	99	9	-9999.0000	49786	24597	-9999	-9999	2388	5063	543.3330	5	0.6646	0.6993	-0.0023	98.6691	0.7063	709.3049	536.4607	43.1713	694.7349	95.2315	719.7139	94.7454	730.1730	94.5833	738.8318	94.6991	
08/08/2017	09:29:19	011995	H421020939HLR	L421	S		713.8697	1.0400	0.0000	99.9700	39.8882	0.8230	1.1624	5.0000	20.0682	815.1293	94.7917	14.2092	23.5000	0.9300	0.9442	0.7004	-0.0024	815.0000	815.3103	1.0272	-3.8672	99.8430	40.6945	0.8230	0.8255	5.0000	-9999.0000	-9999.0000	-9999.0000	-9999.0000	-9999.0000	-9999.0000	17.2790	8	0	27.0385	1.0000	99	9	-9999.0000	49787	24598	-9999	-9999	2389	5064	543.1740	5	0.6645	0.7004	-0.0024	102.6749	0.4170	707.0842	533.6934	45.4167	693.2988	95.0000	719.2341	94.7685	728.5083	94.5833	735.6108	94.7222	
08/08/2017	09:29:48	011995	H421015175HLR	L421	S		715.7182	1.0400	0.0000	99.9777	39.8891	0.8230	1.1623	5.0000	20.4090	815.0943	94.8380	14.6389	23.6000	0.9300	0.9443	0.7005	-0.0024	815.0000	815.1979	1.0272	-3.8655	100.0096	40.6913	0.8230	0.8249	5.0000	-9999.0000	-9999.0000	-9999.0000	-9999.0000	-9999.0000	-9999.0000	18.7488	1	0	28.8784	1.0000	99	9	-9999.0000	49788	24598	-9999	-9999	2390	5066	542.2378	5	0.6645	0.7005	-0.0024	98.4675	0.6799	708.0522	566.1579	45.8102	694.8070	95.0694	718.0942	94.7454	726.4139	94.5833	733.6894	94.7454	
08/08/2017	09:30:15	011995	H421015185HLR	L421	S		715.7948	1.0400	0.0000	99.9725	39.8937	0.8230	1.1624	5.0000	20.0691	815.0981	94.7917	14.5295	23.6000	0.9300	0.9441	0.7015	-0.0025	815.0000	815.7236	1.0272	-3.8732	99.8461	40.7202	0.8230	0.8265	5.0000	-9999.0000	-9999.0000	-9999.0000	-9999.0000	-9999.0000	-9999.0000	17.5107	2	0	27.1684	1.0000	99	9	-9999.0000	49789	24599	-9999	-9999	2391	5068	542.4629	5	0.6646	0.7015	-0.0025	93.9426	0.9703	704.7012	542.2729	45.4167	689.8797	95.0231	715.1802	94.6991	725.9671	94.6759	734.9626	94.7454	
08/08/2017	09:30:44	011995	H421015205HLR	L421	S		717.1576	1.0400	0.0000	99.9536	39.8963	0.8230	1.1623	5.0000	20.3191	815.1048	94.8611	14.6799	23.5000	0.9300	0.9442	0.7018	-0.0025	815.0000	815.8059	1.0272	-3.8744	99.9555	40.7218	0.8230	0.8269	5.0000	-9999.0000	-9999.0000	-9999.0000	-9999.0000	-9999.0000	-9999.0000	17.3592	3	0	28.8979	1.0000	99	9	-9999.0000	49790	24600	-9999	-9999	2392	5070	542.1805	5	0.6647	0.7018	-0.0025	89.6171	1.2617	705.9550	513.8017	42.8704	691.4905	95.1852	715.8229	94.8148	725.0945	94.6065	733.2657	94.6991	
08/08/2017	09:31:13	011995	H421015195HLR	L421	S		718.1483	1.0400	0.0000	100.0110	39.9028	0.8230	1.1622	5.0000	20.7599	815.1151	94.8148	14.0696	23.5000	0.9300	0.9442	0.7018	-0.0025	815.0000	816.7539	1.0272	-3.8881	100.0467	40.6902	0.8230	0.8258	5.0000	-9999.0000	-9999.0000	-9999.0000	-9999.0000	-9999.0000	-9999.0000	19.3160	4	0	28.9691	1.0000	99	9	-9999.0000	49791	24601	-9999	-9999	2393	5072	543.5263	5	0.6647	0.7018	-0.0025	55.8037	3.5495	706.9913	531.9416	44.0046	692.7448	95.1389	718.4217	94.7685	727.7113	94.6528	736.2117	94.7222	
08/08/2017	09:31:40	011995	H421015181HLR	L421	S		711.2487	1.0400	0.0000	99.9438	39.9134	0.8230	1.1624	5.0000	20.1125	815.1496	94.8148	15.4191	23.5000	0.9300	0.9442	0.7014	-0.0025	815.0000	816.1862	1.0272	-3.8799	100.0331	40.6558	0.8230	0.8253	5.0000	-9999.0000	-9999.0000	-9999.0000	-9999.0000	-9999.0000	-9999.0000	20.2179	5	0	27.4476	1.0000	99	9	-9999.0000	49792	24602	-9999	-9999	2394	5073	540.8153	5	0.6648	0.7014	-0.0025	55.9580	3.5198	703.9346	544.3973	44.5602	688.9681	95.1620	714.9752	94.7685	723.5629	94.5602	731.9565	94.7454	
08/08/2017	09:32:07	011995	H421015158HLR	L421	S		716.3678	1.0400	0.0000	99.9833	39.9184	0.8230	1.1624	5.0000	19.8502	815.1367	94.7917	14.3488	23.5000	0.9300	0.9442	0.7013	-0.0025	815.0000	816.2146	1.0272	-3.8803	99.9178	40.6461	0.8230	0.8255	5.0000	-9999.0000	-9999.0000	-9999.0000	-9999.0000	-9999.0000	-9999.0000	17.4281	6	0	27.2487	1.0000	99	9	-9999.0000	49793	24603	-9999	-9999	2395	5075	542.9130	5	0.6649	0.7013	-0.0025	49.8254	3.9161	707.8790	524.4177	45.2546	693.0816	94.9769	717.3726	94.8148	726.4423	94.6759	735.2884	94.6991	
08/08/2017	09:32:34	011995	H421015161HLR	L421	S		715.7259	1.0400	0.0000	99.9314	39.9212	0.8230	1.1624	5.0000	20.0585	815.1881	94.6991	15.6994	23.5000	0.9300	0.9442	0.7007	-0.0024	815.0000	817.4476	1.0272	-3.8982	99.8429	40.6479	0.8230	0.8248	5.0000	-9999.0000	-9999.0000	-9999.0000	-9999.0000	-9999.0000	-9999.0000	17.4892	7	0	27.0896	1.0000	99	9	-9999.0000	49793	24604	-9999	-9999	2396	5077	540.2543	5	0.6648	0.7007	-0.0024	48.9003	3.9615	702.3301	539.1282	44.9537	688.0040	95.3009	713.4822	94.7685	719.8132	94.6759	726.5903	94.7454	
08/08/2017	09:33:01	011995	H421015165HLR	L421	S		714.4293	1.0400	0.0000	100.0139	39.9184	0.8230	1.1622	5.0000	20.7089	815.1033	94.7222	15.6691	23.5000	0.9300	0.9442	0.6998	-0.0024	815.0000	814.8481	1.0272	-3.8605	99.7830	40.6764	0.8230	0.8249	5.0000	-9999.0000	-9999.0000	-9999.0000	-9999.0000	-9999.0000	-9999.0000	17.5237	8	0	27.0674	1.0000	99	9	-9999.0000	49794	24605	-9999	-9999	2397	5079	540.2866	5	0.6649	0.6998	-0.0024	44.9067	4.2088	704.1565	558.7037	43.7037	689.1970	95.1620	714.3171	94.8148	722.6479	94.5602	731.7099	94.7454	
08/08/2017	09:33:27	011995	H421015210HLR	L421	S		714.7470	1.0400	0.0000	99.9312	39.9284	0.8230	1.1623	5.0000	20.1010	815.1301	94.8611	14.7893	23.6000	0.9300	0.9442	0.7011	-0.0025	815.0000	814.4132	1.0272	-3.8542	99.8672	40.7101	0.8230	0.8255	5.0000	-9999.0000	-9999.0000	-9999.0000	-9999.0000	-9999.0000	-9999.0000	17.4599	1	0	25.5191	1.0000	99	9	-9999.0000	49795	24606	-9999	-9999	2398	5081	541.9520	5	0.6648	0.7011	-0.0025	58.5422	3.2534	705.3571	564.7903	45.1852	691.5079	95.1389	714.7101	94.7917	724.2285	94.5370	731.0964	94.6991	
08/08/2017	09:33:54	011995	H421015170HLR	L421	S		713.3048	1.0400	0.0000	100.0255	39.9273	0.8230	1.1623	5.0000	20.4784	815.0843	94.8148	15.2697	23.6000	0.9300	0.9443	0.7009	-0.0024	815.0000	814.8449	1.0272	-3.8604	99.8521	40.7217	0.8230	0.8259	5.0000	-9999.0000	-9999.0000	-9999.0000	-9999.0000	-9999.0000	-9999.0000	17.7778	2	0	26.7423	1.0000	99	9	-9999.0000	49796	24606	-9999	-9999	2399	5083	540.8792	5	0.6648	0.7009	-0.0024	60.3199	3.1041	702.4766	530.0690	44.0046	688.5579	95.3472	712.8900	94.8148	722.8902	94.7685	729.0968	94.7222	
08/08/2017	09:34:21	011995	H421015145HLR	L421	S		711.1126	1.0400	0.0000	99.9941	39.9285	0.8230	1.1622	5.0000	20.5432	815.1909	94.8843	15.0490	23.6000	0.9300	0.9442	0.7023	-0.0025	815.0000	814.4036	1.0272	-3.8540	99.8427	40.7267	0.8230	0.8270	5.0000	-9999.0000	-9999.0000	-9999.0000	-9999.0000	-9999.0000	-9999.0000	17.2486	3	0	27.1580	1.0000	99	9	-9999.0000	49797	24607	-9999	-9999	2399	5085	541.3644	5	0.6648	0.7023	-0.0025	77.9514	1.8828	702.8842	542.9273	45.2315	687.7911	95.1620	712.3674	94.7917	719.5195	94.5833	728.2154	94.7222	
08/08/2017	09:34:48	011995	H421015135HLR	L421	S		712.5369	1.0400	0.0000	99.9724	39.9333	0.8230	1.1623	5.0000	20.1137	815.1037	94.8380	14.7795	23.6000	0.9300	0.9443	0.7000	-0.0024	815.0000	813.6595	1.0272	-3.8432	99.8111	40.6948	0.8230	0.8265	5.0000	-9999.0000	-9999.0000	-9999.0000	-9999.0000	-9999.0000	-9999.0000	17.4382	4	0	27.3150	1.0000	99	9	-9999.0000	49798	24608	-9999	-9999	2400	5087	541.8737	5	0.6647	0.7000	-0.0024	85.9968	1.3098	704.5028	561.1733	45.8565	690.3933	95.1620	714.8797	94.6296	724.0137	94.6065	733.0708	94.6991	
08/08/2017	09:35:14	011995	H421015139HLR	L421	S		716.9978	1.0400	0.0000	99.9570	39.9349	0.8230	1.1623	5.0000	20.1384	815.1711	94.9306	13.2493	23.6000	0.9300	0.9442	0.6999	-0.0024	815.0000	815.2454	1.0272	-3.8662	100.0035	40.6590	0.8230	0.8254	5.0000	-9999.0000	-9999.0000	-9999.0000	-9999.0000	-9999.0000	-9999.0000	17.8576	5	0	25.5084	1.0000	99	9	-9999.0000	49799	24609	-9999	-9999	2401	5089	544.9109	5	0.6647	0.6999	-0.0024	87.4230	1.1871	713.5796	553.4900	46.2269	699.7913	95.0231	723.9173	94.7454	732.6279	94.6528	741.7043	94.6759	
08/08/2017	09:35:40	011995	H421015155HLR	L421	S		717.4160	1.0400	0.0000	99.9246	39.9287	0.8230	1.1618	5.0000	22.4987	815.1901	94.7917	13.8293	23.5000	0.9300	0.9442	0.6991	-0.0023	815.0000	815.3540	1.0272	-3.8678	99.8745	40.6559	0.8230	0.8249	5.0000	-9999.0000	-9999.0000	-9999.0000	-9999.0000	-9999.0000	-9999.0000	17.3080	6	0	26.5885	1.0000	99	9	-9999.0000	49800	24610	-9999	-9999	2402	5091	543.7692	5	0.6646	0.6991	-0.0023	91.5277	0.9059	712.4277	558.5854	43.4491	698.4986	95.3704	722.7625	94.8148	730.6833	94.6296	739.9583	94.6991	
08/08/2017	09:36:08	011995	H421015149HLR	L421	S		716.0794	1.0400	0.0000	99.9378	39.9410	0.8230	1.1623	5.0000	20.0486	815.1473	94.7222	14.2394	23.5000	0.9300	0.9441	0.6992	-0.0023	815.0000	815.4282	1.0272	-3.8689	99.8698	40.6902	0.8230	0.8250	5.0000	-9999.0000	-9999.0000	-9999.0000	-9999.0000	-9999.0000	-9999.0000	17.4186	7	0	27.2887	1.0000	99	9	-9999.0000	49801	24611	-9999	-9999	2403	5093	542.9028	5	0.6645	0.6992	-0.0023	88.1442	1.1237	709.7104	555.6054	46.6435	695.1708	95.0000	719.8942	94.8611	729.9121	94.6296	738.2426	94.5602	
08/08/2017	09:36:33	011995	H421020958HLR	L421	S		716.0341	1.0400	0.0000	99.9862	39.9565	0.8230	1.1623	5.0000	20.1190	815.0836	94.8148	14.6594	23.5000	0.9300	0.9441	0.7005	-0.0024	815.0000	816.7012	1.0272	-3.8873	100.0237	40.6857	0.8230	0.8242	5.0000	-9999.0000	-9999.0000	-9999.0000	-9999.0000	-9999.0000	-9999.0000	19.5688	8	0	25.4987	1.0000	99	9	-9999.0000	49802	24611	-9999	-9999	2404	5095	542.0781	5	0.6646	0.7005	-0.0024	91.4305	0.8814	710.8758	559.4474	46.2500	697.0656	94.9537	721.1298	94.8380	731.8309	94.6528	740.3724	94.6991	
08/08/2017	09:37:45	011995	H421020948HLR	L421	S		716.0819	1.0400	0.0000	99.9652	39.9532	0.8230	1.1622	5.0000	20.2079	815.1119	94.7917	13.9797	23.6000	0.9300	0.9441	0.6993	-0.0023	815.0000	815.5555	1.0272	-3.8707	99.9515	40.7242	0.8230	0.8261	5.0000	-9999.0000	-9999.0000	-9999.0000	-9999.0000	-9999.0000	-9999.0000	17.6481	1	0	72.3068	1.0000	99	9	-9999.0000	49803	24612	-9999	-9999	2404	5096	543.4984	5	0.6648	0.6993	-0.0023	83.4886	1.3881	711.4217	595.2392	48.3565	699.1523	94.9306	721.7887	94.7917	732.3319	94.6528	740.0517	94.6296	
08/08/2017	09:38:12	011995	H421020960HLR	L421	S		708.0939	1.0400	0.0000	99.9124	39.9559	0.8230	1.1623	5.0000	20.0578	815.1999	94.7917	14.1994	23.6000	0.9300	0.9442	0.7004	-0.0024	815.0000	815.8191	1.0272	-3.8746	99.8384	40.7186	0.8230	0.8268	5.0000	-9999.0000	-9999.0000	-9999.0000	-9999.0000	-9999.0000	-9999.0000	17.3885	2	0	26.7787	1.0000	99	9	-9999.0000	49804	24613	-9999	-9999	2405	5098	543.1305	5	0.6649	0.7004	-0.0024	81.8608	1.4615	709.7848	605.1494	47.3843	697.8759	95.0926	718.9024	94.7685	727.2347	94.6296	736.2266	94.7222	
08/08/2017	09:38:38	011995	H421020934HLR	L421	S		715.3688	1.0400	0.0000	99.9854	39.9570	0.8230	1.1623	5.0000	20.0385	815.1033	94.7685	14.4992	23.5000	0.9300	0.9442	0.7002	-0.0024	815.0000	816.7378	1.0272	-3.8879	99.7611	40.6914	0.8230	0.8251	5.0000	-9999.0000	-9999.0000	-9999.0000	-9999.0000	-9999.0000	-9999.0000	17.6681	3	0	25.6681	1.0000	99	9	-9999.0000	49805	24614	-9999	-9999	2405	5100	542.4052	5	0.6649	0.7002	-0.0024	78.3813	1.6476	710.3492	568.7370	45.4167	695.9513	95.0694	719.9829	94.7454	728.0557	94.6296	735.5505	94.6759	
08/08/2017	09:39:06	011995	H421020925HLR	L421	S		716.6554	1.0400	0.0000	99.9480	39.9573	0.8230	1.1623	5.0000	19.9989	815.0574	94.8148	13.5989	23.6000	0.9300	0.9442	0.7027	-0.0026	815.0000	816.3734	1.0272	-3.8826	99.8538	40.7163	0.8230	0.8260	5.0000	-9999.0000	-9999.0000	-9999.0000	-9999.0000	-9999.0000	-9999.0000	17.4183	4	0	27.7287	1.0000	99	9	-9999.0000	49806	24615	-9999	-9999	2406	5102	544.2113	5	0.6649	0.7027	-0.0026	64.7168	2.5898	709.5917	573.8922	44.7222	696.0987	94.9537	719.9729	94.7454	729.8832	94.5370	738.0753	94.7454	
08/08/2017	09:39:35	011995	H421020955HLR	L421	S		709.7929	1.0400	0.0000	99.9763	39.9510	0.8230	1.1622	5.0000	20.4493	815.1621	94.7917	14.2190	23.6000	0.9300	0.9441	0.7024	-0.0026	815.0000	813.7690	1.0272	-3.8448	99.9959	40.6937	0.8230	0.8252	5.0000	-9999.0000	-9999.0000	-9999.0000	-9999.0000	-9999.0000	-9999.0000	19.7527	5	0	29.1776	1.0000	99	9	-9999.0000	49806	24616	-9999	-9999	2407	5104	543.0238	5	0.6649	0.7024	-0.0026	60.5062	2.8219	706.5002	557.1483	43.7037	692.8054	95.0926	715.0664	94.7454	724.9937	94.5602	733.3380	94.6991	
08/08/2017	09:40:03	011995	H421020965HLR	L421	S		715.2377	1.0400	0.0000	99.9985	39.9453	0.8230	1.1622	5.0000	20.3593	815.1710	94.8611	14.8098	23.7000	0.9300	0.9443	0.7021	-0.0025	815.0000	815.1644	1.0272	-3.8651	99.9946	40.6868	0.8230	0.8256	5.0000	-9999.0000	-9999.0000	-9999.0000	-9999.0000	-9999.0000	-9999.0000	19.5383	6	0	28.4789	1.0000	99	9	-9999.0000	49807	24617	-9999	-9999	2408	5106	541.7770	5	0.6649	0.7021	-0.0025	62.3202	2.7068	707.1934	513.0525	46.8981	692.3044	94.6759	717.6359	94.8380	726.8450	94.7917	735.0526	94.5602	
08/08/2017	09:40:31	011995	H421020945HLR	L421	S		713.5451	1.0400	0.0000	99.9838	39.9167	0.8230	1.1623	5.0000	19.8290	815.1454	94.8380	13.8391	23.5000	0.9300	0.9442	0.7024	-0.0026	815.0000	815.9149	1.0272	-3.8759	99.9623	40.6584	0.8230	0.8253	5.0000	-9999.0000	-9999.0000	-9999.0000	-9999.0000	-9999.0000	-9999.0000	20.0278	7	0	28.2387	1.0000	99	9	-9999.0000	49808	24618	-9999	-9999	2409	5108	543.7593	5	0.6648	0.7024	-0.0026	63.9223	2.5757	708.0448	549.3467	45.6944	693.4992	95.0926	718.9066	94.8148	730.0797	94.6759	738.7692	94.6991	
08/08/2017	09:40:57	011995	H421020926HLR	L421	S		708.7950	1.0400	0.0000	99.9651	39.9056	0.8230	1.1622	5.0000	20.3484	815.1616	94.7685	15.8087	23.6000	0.9300	0.9441	0.7017	-0.0025	815.0000	811.7883	1.0272	-3.8161	99.8523	40.6382	0.8230	0.8253	5.0000	-9999.0000	-9999.0000	-9999.0000	-9999.0000	-9999.0000	-9999.0000	18.4190	8	0	25.6291	1.0000	99	9	-9999.0000	49809	24619	-9999	-9999	2410	5110	539.6697	5	0.6649	0.7017	-0.0025	71.5371	2.0294	698.8619	538.8276	45.3472	685.2975	95.3472	708.1618	94.7222	716.2430	94.6296	724.8729	94.6991	
08/08/2017	09:41:25	011995	H421020956HLR	L421	S		708.4402	1.0400	0.0000	99.9814	39.9030	0.8230	1.1623	5.0000	20.1189	815.1081	94.6528	16.0196	23.5000	0.9300	0.9441	0.7023	-0.0026	815.0000	812.2196	1.0272	-3.8223	99.8803	40.6338	0.8230	0.8250	5.0000	-9999.0000	-9999.0000	-9999.0000	-9999.0000	-9999.0000	-9999.0000	17.4987	1	0	28.0681	1.0000	99	9	-9999.0000	49810	24620	-9999	-9999	2410	5112	539.1272	5	0.6650	0.7023	-0.0026	75.1004	1.7823	698.2971	556.0109	45.8333	684.9475	95.0926	707.3371	94.7917	712.9844	94.6759	722.9409	94.7917	
08/08/2017	09:41:55	011995	H421020966HLR	L421	S		709.3357	1.0400	0.0000	99.9106	39.9007	0.8230	1.1623	5.0000	20.1051	815.1664	94.8148	15.3986	23.5000	0.9300	0.9441	0.7006	-0.0024	815.0000	811.9380	1.0272	-3.8182	99.7590	40.6600	0.8230	0.8250	5.0000	-9999.0000	-9999.0000	-9999.0000	-9999.0000	-9999.0000	-9999.0000	17.3686	2	0	30.2483	1.0000	99	9	-9999.0000	49811	24621	-9999	-9999	2411	5114	540.6062	5	0.6651	0.7006	-0.0024	76.3260	1.6835	701.4646	551.1590	46.4120	688.6260	95.0463	709.2864	94.8148	717.9868	94.5370	726.2954	94.7222	
08/08/2017	09:42:25	011995	H421020949HLR	L421	S		711.0599	1.0400	0.0000	100.0116	39.8870	0.8230	1.1622	5.0000	20.5279	815.0859	94.6759	15.8400	23.5000	0.9300	0.9441	0.7002	-0.0024	815.0000	812.9088	1.0272	-3.8323	100.0193	40.6515	0.8230	0.8239	5.0000	-9999.0000	-9999.0000	-9999.0000	-9999.0000	-9999.0000	-9999.0000	19.3689	3	0	29.1782	1.0000	99	9	-9999.0000	49812	24621	-9999	-9999	2412	5116	539.6373	5	0.6652	0.7002	-0.0024	79.3130	1.4810	701.2835	549.1035	45.6250	688.3293	95.3009	710.6754	94.7685	717.6056	94.6759	724.8759	94.6065	
08/08/2017	09:42:53	011995	H421020940HLR	L421	S		711.3398	1.0400	0.0000	99.9687	39.8869	0.8230	1.1623	5.0000	20.0919	815.1493	94.8611	14.0695	23.6000	0.9300	0.9441	0.7002	-0.0024	815.0000	813.6859	1.0272	-3.8436	100.0035	40.6715	0.8230	0.8247	5.0000	-9999.0000	-9999.0000	-9999.0000	-9999.0000	-9999.0000	-9999.0000	18.2883	4	0	28.0082	1.0000	99	9	-9999.0000	49813	24622	-9999	-9999	2413	5118	543.2465	5	0.6652	0.7002	-0.0024	78.8540	1.5124	706.2152	552.7714	46.4583	692.2237	95.0694	716.8105	94.7454	726.3373	94.6528	733.6556	94.6759	
08/08/2017	09:43:21	011995	H421020935HLR	L421	S		708.5229	1.0400	0.0000	99.9779	39.8851	0.8230	1.1622	5.0000	20.3289	815.1136	94.8843	15.0793	23.5000	0.9300	0.9441	0.6950	-0.0020	815.0000	812.2340	1.0272	-3.8225	100.0494	40.6558	0.8230	0.8240	5.0000	-9999.0000	-9999.0000	-9999.0000	-9999.0000	-9999.0000	-9999.0000	19.6683	5	0	28.2983	1.0000	99	9	-9999.0000	49814	24623	-9999	-9999	2414	5120	541.4358	5	0.6652	0.6950	-0.0020	77.5661	1.5967	705.9047	568.1311	44.0046	692.4135	95.3935	714.3440	94.7454	722.8017	94.5370	731.0517	94.7222	
08/08/2017	09:43:48	011995	H421015207HLR	L421	S		707.0615	1.0400	0.0000	99.9430	39.8861	0.8230	1.1623	5.0000	20.1801	815.1173	94.7222	16.8799	23.5000	0.9300	0.9441	0.6903	-0.0017	815.0000	814.8885	1.0272	-3.8611	99.8122	40.7071	0.8230	0.8259	5.0000	-9999.0000	-9999.0000	-9999.0000	-9999.0000	-9999.0000	-9999.0000	17.3881	6	0	27.3384	1.0000	99	9	-9999.0000	49815	24624	-9999	-9999	2415	5122	539.2426	5	0.6653	0.6903	-0.0017	79.0130	1.4924	706.7899	562.3617	46.6435	693.1810	95.0926	716.2370	94.8380	722.1984	94.6759	729.3229	94.7222	
08/08/2017	09:44:17	011995	H421015202HLR	L421	S		707.0201	1.0400	0.0000	99.9282	39.8935	0.8230	1.1623	5.0000	20.0358	815.0970	94.6296	16.0597	23.5000	0.9300	0.9441	0.6887	-0.0016	815.0000	813.4161	1.0272	-3.8397	99.8311	40.7162	0.8230	0.8263	5.0000	-9999.0000	-9999.0000	-9999.0000	-9999.0000	-9999.0000	-9999.0000	17.3483	7	0	28.8491	1.0000	99	9	-9999.0000	49816	24625	-9999	-9999	2416	5124	540.5086	5	0.6652	0.6887	-0.0016	80.3047	1.4032	707.1944	547.3257	45.3472	694.3254	95.0694	714.2338	94.8843	723.4231	94.6528	730.2184	94.6528	
08/08/2017	09:44:44	011995	H421015192HLR	L421	S		707.8984	1.0400	0.0000	100.0570	39.8919	0.8230	1.1622	5.0000	20.6282	815.1332	94.6528	16.1193	23.6000	0.9300	0.9442	0.6892	-0.0016	815.0000	813.6923	1.0272	-3.8437	99.8239	40.7149	0.8230	0.8268	5.0000	-9999.0000	-9999.0000	-9999.0000	-9999.0000	-9999.0000	-9999.0000	17.2983	8	0	27.2595	1.0000	99	9	-9999.0000	49817	24625	-9999	-9999	2417	5126	540.4273	5	0.6652	0.6892	-0.0016	81.1234	1.3494	709.5032	613.0441	47.4769	697.8198	95.1620	716.8319	94.7454	723.5963	94.6759	731.5518	94.6528	
08/08/2017	09:45:11	011995	H421015182HLR	L421	S		711.4649	1.0400	0.0000	99.9083	39.8873	0.8230	1.1620	5.0000	21.2986	815.1003	94.5139	16.4093	23.6000	0.9300	0.9441	0.6882	-0.0016	815.0000	814.8085	1.0272	-3.8599	99.8443	40.7080	0.8230	0.8268	5.0000	-9999.0000	-9999.0000	-9999.0000	-9999.0000	-9999.0000	-9999.0000	17.5084	1	0	26.1272	1.0000	99	9	-9999.0000	49818	24625	-9999	-9999	2418	5128	540.1269	5	0.6651	0.6882	-0.0016	73.1981	1.8904	715.2722	595.0923	47.5000	703.5139	95.0231	720.8641	94.6991	728.1923	94.6528	735.1763	94.6296	
08/08/2017	09:45:38	011995	H421015169HLR	L421	S		710.8694	1.0400	0.0000	100.0299	39.8953	0.8230	1.1621	5.0000	21.0984	815.0740	94.8380	15.4796	23.6000	0.9300	0.9441	0.6871	-0.0015	815.0000	813.6299	1.0272	-3.8428	99.7681	40.6804	0.8230	0.8266	5.0000	-9999.0000	-9999.0000	-9999.0000	-9999.0000	-9999.0000	-9999.0000	17.3726	2	0	27.6890	1.0000	99	9	-9999.0000	49819	24626	-9999	-9999	2419	5130	541.2591	5	0.6651	0.6871	-0.0015	71.1435	2.0434	710.7190	547.7314	44.0046	696.5811	95.1852	721.2660	94.7685	729.7771	94.6528	736.8680	94.6759	
08/08/2017	09:46:07	011995	H421015176HLR	L421	S		711.7083	1.0400	0.0000	99.9516	39.9105	0.8230	1.1623	5.0000	20.0587	815.0791	94.6065	16.9591	23.6000	0.9300	0.9441	0.6864	-0.0014	815.0000	813.2872	1.0272	-3.8378	100.0240	40.6328	0.8230	0.8248	5.0000	-9999.0000	-9999.0000	-9999.0000	-9999.0000	-9999.0000	-9999.0000	19.4788	3	0	28.5581	1.0000	99	9	-9999.0000	49820	24627	-9999	-9999	2420	5132	539.5771	5	0.6650	0.6864	-0.0014	70.1530	2.1190	711.5244	546.1924	43.6574	697.8134	95.3241	719.5907	94.6991	728.5804	94.5833	734.9712	94.6991	
08/08/2017	09:46:35	011995	H421015186HLR	L421	S		711.2820	1.0400	0.0000	100.0186	39.9077	0.8230	1.1622	5.0000	20.7189	815.1387	94.7917	14.9895	23.6000	0.9300	0.9441	0.6864	-0.0014	815.0000	812.6145	1.0272	-3.8281	99.8879	40.6391	0.8230	0.8249	5.0000	-9999.0000	-9999.0000	-9999.0000	-9999.0000	-9999.0000	-9999.0000	17.3425	4	0	28.5188	1.0000	99	9	-9999.0000	49821	24628	-9999	-9999	2421	5134	542.0748	5	0.6650	0.6864	-0.0014	70.1530	2.1190	713.0929	549.5559	42.3611	698.4621	95.2315	723.8515	94.8148	730.6375	94.6759	738.2742	94.7222	
08/08/2017	09:47:04	011995	H421015206HLR	L421	S		714.7319	1.0400	0.0000	99.9917	39.9146	0.8230	1.1623	5.0000	19.9588	815.1137	94.9306	14.3196	23.6000	0.9300	0.9442	0.6867	-0.0015	815.0000	813.0823	1.0272	-3.8349	99.7625	40.6595	0.8230	0.8248	5.0000	-9999.0000	-9999.0000	-9999.0000	-9999.0000	-9999.0000	-9999.0000	17.3893	5	0	28.2086	1.0000	99	9	-9999.0000	49822	24629	-9999	-9999	2422	5136	542.8817	5	0.6650	0.6867	-0.0015	72.2502	1.9802	716.3936	537.4126	44.7222	701.5070	95.2315	728.2289	94.6991	736.5600	94.6065	745.1916	94.7222	
08/08/2017	09:47:34	011995	H421015196HLR	L421	S		710.8450	1.0400	0.0000	99.9717	39.9132	0.8230	1.1623	5.0000	20.0123	815.1293	94.6528	16.0392	23.6000	0.9300	0.9441	0.6869	-0.0015	815.0000	812.6107	1.0272	-3.8280	99.8433	40.6596	0.8230	0.8242	5.0000	-9999.0000	-9999.0000	-9999.0000	-9999.0000	-9999.0000	-9999.0000	18.5486	6	0	30.1076	1.0000	99	9	-9999.0000	49823	24630	-9999	-9999	2423	5138	540.8917	5	0.6650	0.6869	-0.0015	73.6166	1.8937	712.1162	549.3961	43.5880	699.0765	95.3009	720.7755	94.8611	726.6726	94.6528	734.4845	94.6759	
08/08/2017	09:48:04	011995	H421015162HLR	L421	S		705.9378	1.0400	0.0000	100.0349	39.9063	0.8230	1.1622	5.0000	20.7195	815.1007	94.6528	17.0899	23.6000	0.9300	0.9440	0.6857	-0.0014	815.0000	813.8640	1.0272	-3.8462	99.7746	40.6973	0.8230	0.8253	5.0000	-9999.0000	-9999.0000	-9999.0000	-9999.0000	-9999.0000	-9999.0000	17.5373	7	0	29.9487	1.0000	99	9	-9999.0000	49824	24631	-9999	-9999	2424	5140	539.8943	5	0.6651	0.6857	-0.0014	77.3370	1.6281	709.5004	572.4625	43.3796	696.2580	95.3009	718.2692	94.7685	724.5949	94.5833	730.6408	94.6991	
08/08/2017	09:48:32	011995	H421015166HLR	L421	S		705.5922	1.0400	0.0000	99.9529	39.9147	0.8230	1.1623	5.0000	20.1216	815.0867	94.5370	16.5587	23.6000	0.9300	0.9441	0.6858	-0.0014	815.0000	813.4547	1.0272	-3.8403	100.0351	40.6650	0.8230	0.8240	5.0000	-9999.0000	-9999.0000	-9999.0000	-9999.0000	-9999.0000	-9999.0000	19.6982	8	0	28.2287	1.0000	99	9	-9999.0000	49825	24632	-9999	-9999	2425	5142	540.5079	5	0.6653	0.6858	-0.0014	76.0751	1.7131	708.3135	557.9027	43.3102	694.8339	95.2546	718.1207	94.8380	725.6472	94.5833	732.0331	94.7685	
08/08/2017	09:49:03	011995	H421015211HLR	L421	S		708.3918	1.0400	0.0000	99.9800	39.9165	0.8230	1.1622	5.0000	20.2997	815.1101	94.5833	16.3087	23.6000	0.9300	0.9441	0.6858	-0.0014	815.0000	813.7923	1.0272	-3.8452	99.7759	40.7036	0.8230	0.8256	5.0000	-9999.0000	-9999.0000	-9999.0000	-9999.0000	-9999.0000	-9999.0000	17.3990	1	0	31.0589	1.0000	99	9	-9999.0000	49826	24633	-9999	-9999	2426	5144	540.8831	5	0.6653	0.6858	-0.0014	76.0751	1.7131	711.4012	565.8082	46.0648	698.1713	95.1620	719.2444	94.7454	726.7102	94.7685	733.8403	94.7454	
08/08/2017	09:54:48	011995	H421015160HLR	L421	S		704.8615	1.0400	0.0000	99.9056	39.9192	0.8230	1.1623	5.0000	19.8895	815.1854	94.8148	17.9785	23.6000	0.9300	0.9441	0.6839	-0.0012	815.0000	815.3350	1.0272	-3.8675	99.8224	40.7176	0.8230	0.8260	5.0000	-9999.0000	-9999.0000	-9999.0000	-9999.0000	-9999.0000	-9999.0000	17.3230	2	0	345.1711	1.0000	99	9	-9999.0000	49827	24634	-9999	-9999	2427	5146	539.4394	5	0.6653	0.6839	-0.0012	74.5591	1.8301	706.1037	562.2867	45.0231	693.1798	95.1852	716.5058	94.7917	722.8571	94.6296	729.4601	94.6759	
08/08/2017	09:55:20	011995	H421015150HLR	L421	S		703.6318	1.0400	0.0000	99.9645	39.9163	0.8230	1.1623	5.0000	20.1813	815.1151	94.7685	17.8594	23.6000	0.9300	0.9440	0.6833	-0.0012	815.0000	812.8497	1.0272	-3.8315	99.9346	40.7181	0.8230	0.8256	5.0000	-9999.0000	-9999.0000	-9999.0000	-9999.0000	-9999.0000	-9999.0000	17.9682	3	0	31.4983	1.0000	99	9	-9999.0000	49828	24635	-9999	-9999	2428	5148	539.5962	5	0.6653	0.6833	-0.0012	73.0680	1.9407	705.8980	577.1847	43.8657	693.2023	95.0926	713.3893	94.7917	720.3558	94.7917	726.4862	94.7454	
08/08/2017	09:55:51	011995	H421015131HLR	L421	S		686.6789	1.0400	0.0000	99.9141	39.9160	0.8230	1.1623	5.0000	20.4084	815.1191	94.7454	16.0294	23.6000	0.9300	0.9441	0.6830	-0.0012	815.0000	811.6373	1.0272	-3.8139	99.9260	40.6592	0.8230	0.8257	5.0000	-9999.0000	-9999.0000	-9999.0000	-9999.0000	-9999.0000	-9999.0000	17.2894	4	0	31.4091	1.0000	99	9	-9999.0000	49829	24636	-9999	-9999	2429	5149	541.7494	5	0.6653	0.6830	-0.0012	72.4714	1.9789	711.2111	575.0592	45.9491	697.5309	95.1389	718.8173	94.7917	727.0623	94.6065	736.1171	94.6759	
08/08/2017	09:56:19	011995	H421015146HLR	L421	S		694.5548	1.0400	0.0000	99.9512	39.9144	0.8230	1.1622	5.0000	20.6182	815.1198	94.7917	18.1592	23.6000	0.9300	0.9441	0.6834	-0.0012	815.0000	812.0932	1.0272	-3.8205	100.0499	40.5933	0.8230	0.8236	5.0000	-9999.0000	-9999.0000	-9999.0000	-9999.0000	-9999.0000	-9999.0000	20.2685	5	0	27.9179	1.0000	99	9	-9999.0000	49829	24637	-9999	-9999	2430	5151	539.5819	5	0.6652	0.6834	-0.0012	70.0782	2.1436	702.7029	611.9762	47.0370	690.5229	95.2083	709.2643	94.7685	716.8754	94.6759	724.1984	94.6991	
