Data	Timp	Nr. masina	Nr. de serie	Tip	Productie	Comentariu	Pre-masurare Q [ml/min]	Pre-masurare Gain	Pre-masurare Offset Master	Pre-masurare P [bar]	Pre-masurare T [°C]	Pre-masurare Densitate fixa [kg/l]	Pre-masurare densitate masurata [kg/l]	Pre-masurare Timp masurare [s]	Pre-masurare Cycle time [s]	rectificare Q Oprire [ml/min]	rectificare P Oprire [bar]	rectificare Timp rectificare [s]	rectificare T [°C]	rectificare Densitate fixa [kg/l]	rectificare densitate masurata [kg/l]	rectificare Factor de masurare la rectificare	rectificare Factor de corectie a debitului	rectificare Target rectificare	Masurare Q [ml/min]	Masurare Gain	Masurare Offset Master	Masurare P [bar]	Masurare T [°C]	Masurare Densitate fixa [kg/l]	Masurare densitate masurata [kg/l]	Masurare Timp masurare [s]	Masurare Q [ml/min]	Masurare Delta Q [ml/min]	Masurare P [bar]	Masurare BP [bar]	Masurare T [°C]	Masurare Timp masurare [s]	Masurare Cycle time [s]	Nest Nr.	Cod de descarcare	Cycle time [s]	Traceability aktiv	EDM Maschine Nr	EDM Spindle Nr	Honing Rate [r	Station Counter Premeasure	Station Counter Grind	Station Counter Blowout 1	Station Counter Wash	Station Counter Measure	Station Counter Blowout 2	RealGrindQStop	Reg Type	Factor 0	Factor 1	Factor 2	Factor 3	Factor 4	G_StartQV	G_StartQV_1	G_StartQV_2	G_StartQV_3	G_StartQV_4	G_StartQV_5	
22/08/2017	00:15:42	011995	G488089428HLR	L488	S		627.4769	1.0400	0.0000	99.6777	39.4000	0.8230	1.1615	5.0000	29.8890	713.0632	94.7222	18.3291	25.4000	0.9300	0.9304	0.6940	-0.0007	713.0000	710.4929	1.0272	-3.2230	100.0068	40.5063	0.8230	0.8256	5.0000	-9999.0000	-9999.0000	-9999.0000	-9999.0000	-9999.0000	-9999.0000	17.1590	5	0	32.9094	1.0000	99	9	-9999.0000	20050	47619	-9999	-9999	1029	2090	485.1420	5	0.6820	0.6940	-0.0007	43.2199	2.1810	646.5467	484.8668	46.5278	632.1104	95.4630	645.7734	95.3009	653.5313	94.7454	657.1111	94.8380	
22/08/2017	00:17:16	011995	G488089448HLR	L488	S		626.0681	1.0400	0.0000	99.7693	39.4585	0.8230	1.1610	5.0000	29.3586	713.0174	94.8843	21.8884	25.3000	0.9300	0.9303	0.6965	-0.0007	713.0000	714.2634	1.0272	-3.3589	99.6880	40.5788	0.8230	0.8265	5.0000	-9999.0000	-9999.0000	-9999.0000	-9999.0000	-9999.0000	-9999.0000	17.1186	1	0	15.7375	1.0000	99	9	-9999.0000	20051	47620	-9999	-9999	1030	2095	484.9928	5	0.6828	0.6965	-0.0007	43.1439	2.1772	642.7573	503.4099	45.0926	629.2602	95.7407	642.0162	95.6019	647.6983	94.6759	649.7305	94.7222	
22/08/2017	00:19:05	011995	G488089418HLR	L488	S		583.0206	1.0400	0.0000	99.8302	39.4689	0.8230	1.1611	5.0000	28.8685	0.0000	0.0000	0.0000	0.0000	0.9300	0.0000	0.0000	0.0000	0.0000	608.7531	1.0272	4.9067	99.9233	40.5497	0.8230	0.8251	5.0000	-9999.0000	-9999.0000	-9999.0000	-9999.0000	-9999.0000	-9999.0000	19.8286	5	7	31.2098	1.0000	99	9	-9999.0000	20052	0	-9999	-9999	1031	2099	0.0000	0	0.0000	0.0000	0.0000	0.0000	0.0000	0.0000	0.0000	0.0000	0.0000	0.0000	0.0000	0.0000	0.0000	0.0000	0.0000	0.0000	
22/08/2017	00:20:58	011995	G488088791HLR	L488	S		622.4526	1.0400	0.0000	99.7350	39.5348	0.8230	1.1610	5.0000	27.6987	713.1047	94.9074	20.2694	25.3000	0.9300	0.9304	0.6959	-0.0007	713.0000	711.4681	1.0272	-3.2581	99.9728	40.5757	0.8230	0.8272	5.0000	-9999.0000	-9999.0000	-9999.0000	-9999.0000	-9999.0000	-9999.0000	17.1657	1	0	34.7080	1.0000	99	9	-9999.0000	20053	47621	-9999	-9999	1032	2104	485.5506	5	0.6809	0.6959	-0.0007	43.1634	2.1782	640.7689	490.1307	46.7361	628.3231	95.4398	640.1425	95.3935	645.4194	94.6528	649.7481	94.6759	
22/08/2017	00:22:58	011995	G488088780HLR	L488	S		618.3802	1.0400	0.0000	99.9860	39.5104	0.8230	1.1611	5.0000	28.5750	713.0645	94.8843	23.7487	25.2000	0.9300	0.9303	0.6814	0.0000	713.0000	712.6787	1.0272	-3.3018	99.8753	40.5641	0.8230	0.8267	5.0000	-9999.0000	-9999.0000	-9999.0000	-9999.0000	-9999.0000	-9999.0000	17.5180	5	0	31.4185	1.0000	99	9	-9999.0000	20054	47622	-9999	-9999	1033	2108	485.9576	3	0.6814	0.6965	-0.0007	43.1478	2.1774	644.2031	498.4556	46.0185	632.5797	95.5093	643.1555	95.4167	649.7520	94.7222	652.4358	94.6065	
22/08/2017	00:24:35	011995	G488089366HLR	L488	S		624.6216	1.0400	0.0000	99.8143	39.5529	0.8230	1.1609	5.0000	29.0385	713.0490	94.8843	23.3395	25.2000	0.9300	0.9303	0.6815	0.0000	713.0000	718.8030	1.0272	-3.5226	99.8389	40.6119	0.8230	0.8272	5.0000	-9999.0000	-9999.0000	-9999.0000	-9999.0000	-9999.0000	-9999.0000	17.2387	8	0	32.1085	1.0000	99	9	-9999.0000	20055	47623	-9999	-9999	1034	2112	485.9227	3	0.6815	0.6973	-0.0007	43.1453	2.1773	654.5197	531.8760	48.3796	641.8935	95.4167	653.5604	95.2778	660.2427	94.7222	663.0694	94.6065	
22/08/2017	00:25:08	011995	G488089388HLR	L488	S		622.8836	1.0400	0.0000	99.7539	39.7000	0.8230	1.1615	5.0000	27.2085	713.0793	94.9074	20.4696	25.1000	0.9300	0.9300	0.6815	0.0000	713.0000	711.0519	1.0272	-3.2431	99.8415	40.6121	0.8230	0.8264	5.0000	-9999.0000	-9999.0000	-9999.0000	-9999.0000	-9999.0000	-9999.0000	18.3796	1	0	32.6876	1.0000	99	9	-9999.0000	20056	47624	-9999	-9999	1035	2114	486.0448	3	0.6815	0.6973	-0.0007	43.1453	2.1773	650.3609	535.8524	47.5694	640.0122	95.6250	649.6406	95.4861	655.5412	94.6528	658.9020	94.5602	
22/08/2017	00:25:50	011995	G488089404HLR	L488	S		624.4012	1.0400	0.0000	99.7131	39.7826	0.8230	1.1612	5.0000	25.8891	713.0734	94.8843	22.5281	25.1000	0.9300	0.9300	0.6815	0.0000	713.0000	713.6696	1.0272	-3.3375	99.9756	40.6191	0.8230	0.8269	5.0000	-9999.0000	-9999.0000	-9999.0000	-9999.0000	-9999.0000	-9999.0000	17.2406	2	0	41.9984	1.0000	99	9	-9999.0000	20057	47625	-9999	-9999	1036	2116	486.0415	3	0.6815	0.6973	-0.0007	43.1453	2.1773	649.6682	546.9160	44.6296	637.8606	95.5556	648.9046	95.3472	654.3840	94.6759	657.8528	94.5370	
22/08/2017	00:26:23	011995	G488089412HLR	L488	S		644.1572	1.0400	0.0000	99.7746	39.7444	0.8230	1.1609	5.0000	26.4389	713.0901	94.9074	14.0588	25.1000	0.9300	0.9300	0.6815	0.0000	713.0000	714.3112	1.0272	-3.3607	99.7683	40.6124	0.8230	0.8263	5.0000	-9999.0000	-9999.0000	-9999.0000	-9999.0000	-9999.0000	-9999.0000	17.3482	3	0	33.2378	1.0000	99	9	-9999.0000	20058	47626	-9999	-9999	1037	2118	486.0488	3	0.6815	0.6973	-0.0007	43.1453	2.1773	673.3418	568.3570	46.2037	661.9594	95.2315	672.7034	95.2546	677.1064	94.6065	681.3633	94.5833	
22/08/2017	00:26:57	011995	G488089413HLR	L488	Q		636.0067	1.0400	0.0000	99.8715	39.7316	0.8230	1.1608	5.0000	28.0289	713.1121	94.9306	15.9093	25.1000	0.9300	0.9301	0.6805	0.0000	713.0000	711.7100	1.0272	-3.2669	99.7304	40.5543	0.8230	0.8254	5.0000	-9999.0000	-9999.0000	-9999.0000	-9999.0000	-9999.0000	-9999.0000	17.1255	4	0	34.1387	1.0000	99	9	-9999.0000	20059	47627	-9999	-9999	1038	2120	485.3820	3	0.6805	0.6978	-0.0008	46.5048	2.0141	665.4478	540.0044	46.4352	653.4730	95.2546	664.5879	95.2315	670.5863	94.6991	673.8577	94.6528	
22/08/2017	00:27:28	011995	G488089359HLR	L488	S		622.7184	1.0400	0.0000	100.0642	39.7497	0.8230	1.1610	5.0000	29.1584	713.0781	94.8843	21.7488	25.1000	0.9300	0.9301	0.6811	0.0000	713.0000	712.2993	1.0272	-3.2881	99.8564	40.5628	0.8230	0.8258	5.0000	-9999.0000	-9999.0000	-9999.0000	-9999.0000	-9999.0000	-9999.0000	17.0954	5	0	31.2981	1.0000	99	9	-9999.0000	20060	47628	-9999	-9999	1039	2122	485.7079	3	0.6811	0.6966	-0.0007	49.6499	1.8501	649.0926	544.6998	46.3889	638.7092	95.3704	648.3236	95.3241	653.8903	94.6991	657.7369	94.6065	
22/08/2017	00:28:01	011995	G488089394HLR	L488	S		637.1220	1.0400	0.0000	99.8890	39.7935	0.8230	1.1609	5.0000	28.1683	687.4570	94.8380	31.0081	25.0000	0.9300	0.9298	0.6810	0.0000	713.0000	736.9464	1.0272	-4.1769	100.0377	40.5736	0.8230	0.8260	5.0000	-9999.0000	-9999.0000	-9999.0000	-9999.0000	-9999.0000	-9999.0000	17.7583	6	2	32.7885	1.0000	99	9	-9999.0000	20061	47629	-9999	-9999	1040	2124	468.2269	3	0.6810	0.6837	-0.0001	38.7484	2.3459	600.4471	578.8481	49.2361	585.2545	95.8102	599.2443	95.3241	605.9482	94.6991	613.7585	94.5602	
22/08/2017	00:28:32	011995	G488089381HLR	L488	Q		623.1729	1.0400	0.0000	99.7849	39.8075	0.8230	1.1609	5.0000	27.0081	713.0433	94.9306	22.3191	25.1000	0.9300	0.9300	0.6811	0.0000	713.0000	714.7990	1.0272	-3.3783	99.7376	40.5730	0.8230	0.8262	5.0000	-9999.0000	-9999.0000	-9999.0000	-9999.0000	-9999.0000	-9999.0000	17.3865	7	0	31.0273	1.0000	99	9	-9999.0000	20062	47630	-9999	-9999	1041	2126	485.5929	3	0.6811	0.6818	-0.0000	38.1897	2.3710	650.5987	556.8559	49.1667	638.8837	95.4861	649.6486	95.2315	655.0717	94.5833	657.3123	94.5833	
22/08/2017	00:29:05	011995	G488089374HLR	L488	S		621.1757	1.0400	0.0000	99.7590	39.8125	0.8230	1.1610	5.0000	25.2969	713.0262	94.9306	23.2087	25.1000	0.9300	0.9300	0.6812	0.0000	713.0000	713.9195	1.0272	-3.3465	99.8183	40.5860	0.8230	0.8263	5.0000	-9999.0000	-9999.0000	-9999.0000	-9999.0000	-9999.0000	-9999.0000	17.2464	8	0	33.1088	1.0000	99	9	-9999.0000	20063	47631	-9999	-9999	1042	2128	485.6589	3	0.6812	0.6818	-0.0000	38.2355	2.3677	648.5159	548.0850	47.0370	639.8389	95.3009	647.5355	95.1620	651.9732	94.6065	656.2271	94.6065	
22/08/2017	00:29:35	011995	G488089384HLR	L488	S		635.8513	1.0400	0.0000	100.0378	39.7818	0.8230	1.1608	5.0000	29.6887	713.0526	94.9074	16.3087	25.1000	0.9300	0.9299	0.6812	0.0000	713.0000	712.8619	1.0272	-3.3084	100.0348	40.5845	0.8230	0.8262	5.0000	-9999.0000	-9999.0000	-9999.0000	-9999.0000	-9999.0000	-9999.0000	17.3757	1	0	29.8382	1.0000	99	9	-9999.0000	20064	47632	-9999	-9999	1043	2130	485.7810	3	0.6812	0.6818	-0.0000	38.2355	2.3677	665.7270	566.4539	48.1019	654.3516	95.1389	664.9614	95.1157	670.3355	94.5370	673.2119	94.6065	
22/08/2017	00:30:03	011995	G488089348HLR	L488	S		628.1737	1.0400	0.0000	99.8046	39.8193	0.8230	1.1609	5.0000	28.2386	713.0559	94.7917	17.8291	25.3000	0.9300	0.9301	0.6805	0.0000	713.0000	712.7117	1.0272	-3.3030	99.7176	40.5966	0.8230	0.8262	5.0000	-9999.0000	-9999.0000	-9999.0000	-9999.0000	-9999.0000	-9999.0000	17.5782	2	0	28.1585	1.0000	99	9	-9999.0000	20065	47633	-9999	-9999	1044	2132	485.2695	3	0.6805	0.6831	-0.0001	39.7162	2.2817	659.8058	572.3160	48.1250	649.3962	95.1389	658.8183	95.0926	664.4579	94.6296	668.2192	94.5833	
22/08/2017	00:30:35	011995	G488089360HLR	L488	S		623.3089	1.0400	0.0000	100.0071	39.8309	0.8230	1.1608	5.0000	29.7861	713.0537	94.9769	20.1190	25.2000	0.9300	0.9300	0.6803	0.0000	713.0000	712.8159	1.0272	-3.3067	99.8626	40.5905	0.8230	0.8253	5.0000	-9999.0000	-9999.0000	-9999.0000	-9999.0000	-9999.0000	-9999.0000	19.8285	3	0	31.3192	1.0000	99	9	-9999.0000	20066	47633	-9999	-9999	1045	2134	485.2852	3	0.6803	0.6831	-0.0001	37.0680	2.4134	654.9286	570.7658	47.0139	642.5853	95.2083	654.1996	95.0694	658.4000	94.6759	662.4130	94.5833	
22/08/2017	00:31:14	011995	G488089356HLR	L488	S		617.6865	1.0400	0.0000	99.7408	39.8480	0.8230	1.1609	5.0000	26.9837	713.0528	94.8611	22.2888	25.1000	0.9300	0.9299	0.6802	0.0000	713.0000	709.7668	1.0272	-3.1968	99.8621	40.5819	0.8230	0.8253	5.0000	-9999.0000	-9999.0000	-9999.0000	-9999.0000	-9999.0000	-9999.0000	17.1389	4	0	39.4570	1.0000	99	9	-9999.0000	20066	47634	-9999	-9999	1046	2136	485.1203	3	0.6802	0.6840	-0.0002	36.6833	2.4427	646.2174	552.1058	46.9676	635.4189	95.3009	645.2243	95.1620	651.1148	94.6528	654.1316	94.5602	
22/08/2017	00:31:44	011995	G488089340HLR	L488	S		622.8896	1.0400	0.0000	99.9411	39.8406	0.8230	1.1611	5.0000	28.2542	713.0339	94.8611	18.4394	25.1000	0.9300	0.9300	0.6807	0.0000	713.0000	711.7702	1.0272	-3.2690	99.9499	40.5948	0.8230	0.8253	5.0000	-9999.0000	-9999.0000	-9999.0000	-9999.0000	-9999.0000	-9999.0000	17.2590	5	0	30.0980	1.0000	99	9	-9999.0000	20066	47635	-9999	-9999	1047	2138	485.0492	3	0.6807	0.6821	-0.0000	41.3041	2.2106	656.6507	549.7864	46.5278	645.9107	95.0926	655.6867	95.0926	662.0366	94.6065	666.3948	94.6065	
22/08/2017	00:32:17	011995	G488089334HLR	L488	S		629.2274	1.0400	0.0000	99.8715	39.8577	0.8230	1.1609	5.0000	26.8675	713.0439	94.9306	15.3292	25.1000	0.9300	0.9299	0.6807	0.0000	713.0000	712.3123	1.0272	-3.2886	99.7855	40.6281	0.8230	0.8267	5.0000	-9999.0000	-9999.0000	-9999.0000	-9999.0000	-9999.0000	-9999.0000	17.4684	6	0	32.5881	1.0000	99	9	-9999.0000	20067	47636	-9999	-9999	1048	2140	485.4104	3	0.6807	0.6821	-0.0000	41.3041	2.2106	666.5982	546.1680	46.0185	654.5342	95.0694	665.6962	95.0000	670.9598	94.5602	675.4525	94.6296	
22/08/2017	00:32:56	011995	G488089375HLR	L488	S		624.1811	1.0400	0.0000	99.8371	39.8764	0.8230	1.1610	5.0000	25.2085	713.1153	95.0000	20.3895	25.1000	0.9300	0.9300	0.6806	0.0000	713.0000	713.3214	1.0272	-3.3250	99.7173	40.6229	0.8230	0.8265	5.0000	-9999.0000	-9999.0000	-9999.0000	-9999.0000	-9999.0000	-9999.0000	17.2411	7	0	38.9485	1.0000	99	9	-9999.0000	20068	47637	-9999	-9999	1049	2142	485.2837	3	0.6806	0.6815	-0.0000	37.4243	2.4252	651.9942	564.7870	45.7407	642.7592	95.1852	651.0122	95.1389	658.3681	94.6296	661.5542	94.6296	
22/08/2017	00:33:28	011995	G488089376HLR	L488	S		611.8588	1.0400	0.0000	99.7985	39.8764	0.8230	1.1610	5.0000	25.5483	713.0407	94.7917	28.5092	25.1000	0.9300	0.9300	0.6808	0.0000	713.0000	713.1401	1.0272	-3.3184	99.9841	40.6286	0.8230	0.8266	5.0000	-9999.0000	-9999.0000	-9999.0000	-9999.0000	-9999.0000	-9999.0000	17.2984	8	0	31.9569	1.0000	99	9	-9999.0000	20069	47638	-9999	-9999	1050	2144	485.3582	3	0.6808	0.6851	-0.0002	47.7661	1.9674	635.7340	555.3471	46.8519	625.9625	95.3241	634.7993	95.0926	641.4865	94.6528	642.8371	94.6065	
22/08/2017	00:33:58	011995	G488089345HLR	L488	S		625.7219	1.0400	0.0000	99.8151	39.8834	0.8230	1.1609	5.0000	25.5483	713.1056	94.9306	18.9794	25.1000	0.9300	0.9299	0.6807	0.0000	713.0000	713.6512	1.0272	-3.3369	99.8711	40.6800	0.8230	0.8269	5.0000	-9999.0000	-9999.0000	-9999.0000	-9999.0000	-9999.0000	-9999.0000	17.3081	1	0	30.7491	1.0000	99	9	-9999.0000	20069	47639	-9999	-9999	1051	2146	485.5278	3	0.6807	0.6841	-0.0002	65.2963	1.1743	657.6976	518.3608	47.1991	645.4026	95.2083	657.2549	95.0694	661.7146	94.5833	665.5329	94.6296	
22/08/2017	00:34:31	011995	G488089357HLR	L488	S		619.0334	1.0400	0.0000	99.7356	39.8806	0.8230	1.1609	5.0000	25.9979	713.0401	94.9074	21.6287	25.0000	0.9300	0.9299	0.6805	0.0000	713.0000	713.5917	1.0272	-3.3347	99.8937	40.6653	0.8230	0.8251	5.0000	-9999.0000	-9999.0000	-9999.0000	-9999.0000	-9999.0000	-9999.0000	19.5685	2	0	32.4878	1.0000	99	9	-9999.0000	20070	47640	-9999	-9999	1052	2148	485.4024	3	0.6805	0.6850	-0.0002	64.9696	1.1978	649.1693	565.6889	48.3796	637.4457	95.2546	648.7179	95.0231	653.7349	94.5833	658.1111	94.6065	
22/08/2017	00:35:05	011995	G488089367HLR	L488	S		615.8353	1.0400	0.0000	100.0719	39.8582	0.8230	1.1608	5.0000	29.6378	713.1181	94.8843	28.0893	25.0000	0.9300	0.9299	0.6810	0.0000	713.0000	713.7558	1.0272	-3.3406	100.0382	40.6842	0.8230	0.8266	5.0000	-9999.0000	-9999.0000	-9999.0000	-9999.0000	-9999.0000	-9999.0000	17.2682	3	0	33.6184	1.0000	99	9	-9999.0000	20071	47641	-9999	-9999	1052	2149	485.3877	3	0.6810	0.6830	-0.0001	61.5892	1.3700	638.3640	559.5951	46.8287	631.5193	95.3935	637.6947	95.1157	642.5433	94.6296	645.6821	94.5833	
22/08/2017	00:35:40	011995	G488089378HLR	L488	S		626.1943	1.0400	0.0000	99.7789	39.8956	0.8230	1.1609	5.0000	27.2086	713.0557	94.9074	21.0291	25.1000	0.9300	0.9299	0.6811	0.0000	713.0000	712.4966	1.0272	-3.2952	99.6808	40.6802	0.8230	0.8262	5.0000	-9999.0000	-9999.0000	-9999.0000	-9999.0000	-9999.0000	-9999.0000	17.3690	4	0	35.4081	1.0000	99	9	-9999.0000	20072	47642	-9999	-9999	1053	2151	485.6464	3	0.6811	0.6824	-0.0001	61.6901	1.3709	651.0756	552.9924	47.7778	643.9118	95.2778	650.4087	95.0463	655.7174	94.5370	661.2553	94.6991	
22/08/2017	00:36:14	011995	G488089369HLR	L488	S		622.8819	1.0400	0.0000	99.7744	39.9158	0.8230	1.1609	5.0000	24.9274	713.0613	95.0000	19.8183	25.1000	0.9300	0.9300	0.6811	0.0000	713.0000	710.9938	1.0272	-3.2410	99.7888	40.6675	0.8230	0.8257	5.0000	-9999.0000	-9999.0000	-9999.0000	-9999.0000	-9999.0000	-9999.0000	17.1498	5	0	33.5578	1.0000	99	9	-9999.0000	20073	47643	-9999	-9999	1054	2153	485.7172	3	0.6811	0.6823	-0.0001	61.3972	1.3965	652.9559	552.7023	48.6343	642.9014	95.2315	652.1680	95.0694	656.6382	94.5833	661.0318	94.6065	
22/08/2017	00:36:46	011995	G488089370HLR	L488	S		625.4411	1.0400	0.0000	99.7842	39.9062	0.8230	1.1610	5.0000	24.7087	713.0815	94.9306	21.6189	25.1000	0.9300	0.9300	0.6809	0.0000	713.0000	715.3439	1.0272	-3.3979	99.7985	40.6369	0.8230	0.8251	5.0000	-9999.0000	-9999.0000	-9999.0000	-9999.0000	-9999.0000	-9999.0000	17.1681	6	0	32.0384	1.0000	99	9	-9999.0000	20074	47643	-9999	-9999	1055	2155	485.9400	3	0.6809	0.6822	-0.0001	63.2930	1.3008	653.3275	550.9383	47.7778	643.6681	95.1852	652.1213	95.0463	658.3058	94.6065	662.4417	94.5833	
22/08/2017	00:37:19	011995	G488089510HLR	L488	S		625.1212	1.0400	0.0000	99.6796	39.9064	0.8230	1.1610	5.0000	24.6571	713.0349	94.9769	22.6589	25.1000	0.9300	0.9300	0.6810	0.0000	713.0000	712.9672	1.0272	-3.3122	99.8611	40.6121	0.8230	0.8249	5.0000	-9999.0000	-9999.0000	-9999.0000	-9999.0000	-9999.0000	-9999.0000	17.6848	7	0	33.9082	1.0000	99	9	-9999.0000	20075	47644	-9999	-9999	1056	2157	485.5617	3	0.6810	0.6824	-0.0001	64.3202	1.2511	650.3849	530.5242	46.7593	640.8468	95.1389	649.6194	94.9074	654.2227	94.5602	659.4738	94.6528	
22/08/2017	00:37:54	011995	G488089513HLR	L488	S		615.1950	1.0400	0.0000	99.8255	39.9014	0.8230	1.1610	5.0000	25.2979	713.0494	94.9769	24.5182	25.1000	0.9300	0.9299	0.6812	0.0000	713.0000	713.9922	1.0272	-3.3492	99.8044	40.6135	0.8230	0.8250	5.0000	-9999.0000	-9999.0000	-9999.0000	-9999.0000	-9999.0000	-9999.0000	17.2789	8	0	34.5578	1.0000	99	9	-9999.0000	20076	47645	-9999	-9999	1057	2159	485.6796	3	0.6812	0.6830	-0.0001	63.9513	1.2612	647.9113	564.7123	46.1111	638.7937	95.1389	647.0123	94.9306	652.3120	94.6065	654.5513	94.6296	
22/08/2017	00:38:27	011995	G488089501HLR	L488	S		620.6738	1.0400	0.0000	99.8784	39.8857	0.8230	1.1608	5.0000	27.5688	713.0819	94.8380	22.6882	25.1000	0.9300	0.9300	0.6808	0.0000	713.0000	712.5021	1.0272	-3.2954	99.8358	40.6093	0.8230	0.8246	5.0000	-9999.0000	-9999.0000	-9999.0000	-9999.0000	-9999.0000	-9999.0000	19.5897	1	0	32.8781	1.0000	99	9	-9999.0000	20077	47646	-9999	-9999	1058	2161	485.8358	3	0.6808	0.6827	-0.0001	63.9392	1.2538	649.3413	566.9934	46.8750	637.1664	95.1620	648.5075	94.9769	652.6959	94.6065	655.8848	94.6296	
22/08/2017	00:38:58	011995	G488089380HLR	L488	S		623.5342	1.0400	0.0000	99.8617	39.9014	0.8230	1.1608	5.0000	27.3186	713.0758	94.9074	21.0994	25.1000	0.9300	0.9300	0.6808	0.0000	713.0000	712.7462	1.0272	-3.3042	99.8412	40.6167	0.8230	0.8253	5.0000	-9999.0000	-9999.0000	-9999.0000	-9999.0000	-9999.0000	-9999.0000	19.1879	2	0	31.3096	1.0000	99	9	-9999.0000	20078	47647	-9999	-9999	1059	2163	485.5591	3	0.6808	0.6823	-0.0001	65.5798	1.1477	651.4371	541.2947	46.9907	639.9986	95.2083	650.9182	95.0463	656.2946	94.5833	660.2714	94.6065	
22/08/2017	00:39:31	011995	G488089421HLR	L488	S		622.2770	1.0400	0.0000	99.7045	39.9195	0.8230	1.1610	5.0000	24.4750	713.0315	94.9074	22.9294	25.1000	0.9300	0.9300	0.6807	0.0000	713.0000	713.7330	1.0272	-3.3398	100.0431	40.6279	0.8230	0.8260	5.0000	-9999.0000	-9999.0000	-9999.0000	-9999.0000	-9999.0000	-9999.0000	17.3185	3	0	32.7269	1.0000	99	9	-9999.0000	20079	47648	-9999	-9999	1060	2165	485.5077	3	0.6807	0.6806	-0.0000	60.1399	1.4095	648.5704	559.3298	46.0880	639.2577	95.2315	647.6535	95.0694	653.4963	94.6065	656.4912	94.6065	
22/08/2017	00:40:05	011995	G488089471HLR	L488	S		622.5048	1.0400	0.0000	99.8780	39.9007	0.8230	1.1608	5.0000	26.8274	713.0151	94.8843	23.7389	25.1000	0.9300	0.9300	0.6808	0.0000	713.0000	714.0274	1.0272	-3.3504	99.8497	40.6223	0.8230	0.8251	5.0000	-9999.0000	-9999.0000	-9999.0000	-9999.0000	-9999.0000	-9999.0000	20.1391	4	0	34.3282	1.0000	99	9	-9999.0000	20080	47649	-9999	-9999	1061	2167	485.3576	3	0.6808	0.6830	-0.0001	59.8418	1.4191	646.8064	563.6156	46.5278	637.3932	95.1852	646.4421	95.0231	652.1735	94.6296	656.0165	94.6296	
22/08/2017	00:40:41	011995	G488089489HLR	L488	S		623.7936	1.0400	0.0000	99.7728	39.9128	0.8230	1.1609	5.0000	26.0094	713.0695	94.8611	21.9891	25.1000	0.9300	0.9299	0.6809	0.0000	713.0000	713.1154	1.0272	-3.3175	100.0426	40.6286	0.8230	0.8260	5.0000	-9999.0000	-9999.0000	-9999.0000	-9999.0000	-9999.0000	-9999.0000	17.3239	5	0	35.1982	1.0000	99	9	-9999.0000	20081	47650	-9999	-9999	1062	2169	485.5279	3	0.6809	0.6841	-0.0001	64.7989	1.1676	648.7333	550.8306	46.1806	641.3437	95.2546	647.7044	95.0000	653.4259	94.6296	657.0796	94.6296	
22/08/2017	00:41:15	011995	G488089483HLR	L488	S		625.4432	1.0400	0.0000	99.7385	39.9223	0.8230	1.1610	5.0000	24.7372	713.0696	94.9074	20.4081	25.1000	0.9300	0.9300	0.6809	0.0000	713.0000	710.8216	1.0272	-3.2348	99.9007	40.6445	0.8230	0.8264	5.0000	-9999.0000	-9999.0000	-9999.0000	-9999.0000	-9999.0000	-9999.0000	17.1684	6	0	34.2488	1.0000	99	9	-9999.0000	20082	47651	-9999	-9999	1063	2171	485.5950	3	0.6809	0.6862	-0.0002	63.9312	1.2098	652.4953	571.4555	47.9398	644.5255	95.2778	651.7965	95.0463	657.0304	94.6296	661.7014	94.6296	
22/08/2017	00:41:48	011995	G488089493HLR	L488	S		626.0838	1.0400	0.0000	99.9105	39.9029	0.8230	1.1608	5.0000	27.1089	713.0524	94.9537	21.7986	25.1000	0.9300	0.9300	0.6809	0.0000	713.0000	713.1580	1.0272	-3.3191	99.7202	40.6741	0.8230	0.8268	5.0000	-9999.0000	-9999.0000	-9999.0000	-9999.0000	-9999.0000	-9999.0000	17.4389	7	0	33.2379	1.0000	99	9	-9999.0000	20083	47652	-9999	-9999	1064	2173	485.5862	3	0.6809	0.6873	-0.0003	63.5845	1.2131	651.1579	556.5694	47.8241	642.1120	95.2083	650.5009	95.0463	656.1961	94.6296	659.9903	94.6065	
22/08/2017	00:42:21	011995	G488089484HLR	L488	S		625.8969	1.0400	0.0000	99.9128	39.9043	0.8230	1.1608	5.0000	27.4584	713.1416	95.0000	23.4294	25.1000	0.9300	0.9300	0.6809	0.0000	713.0000	714.8147	1.0272	-3.3788	100.0123	40.6972	0.8230	0.8270	5.0000	-9999.0000	-9999.0000	-9999.0000	-9999.0000	-9999.0000	-9999.0000	17.2593	8	0	33.1476	1.0000	99	9	-9999.0000	20084	47652	-9999	-9999	1065	2175	485.5996	3	0.6809	0.6935	-0.0006	67.0231	1.0354	650.6931	523.1785	44.0741	641.4522	95.1852	649.9052	95.0231	654.3719	94.6296	659.0667	94.6528	
22/08/2017	00:42:53	011995	G488089479HLR	L488	S		622.7768	1.0400	0.0000	100.1285	39.9174	0.8230	1.1608	5.0000	28.1334	713.0911	94.9306	24.2194	25.1000	0.9300	0.9299	0.6811	0.0000	713.0000	715.0033	1.0272	-3.3856	99.7852	40.7013	0.8230	0.8266	5.0000	-9999.0000	-9999.0000	-9999.0000	-9999.0000	-9999.0000	-9999.0000	17.4391	1	0	31.9193	1.0000	99	9	-9999.0000	20085	47653	-9999	-9999	1066	2177	485.6407	3	0.6811	0.6956	-0.0007	65.3056	1.1128	645.8455	571.6200	45.7639	634.0562	95.1852	645.3596	94.9769	649.8824	94.6296	654.5918	94.6759	
22/08/2017	00:43:29	011995	G488089481HLR	L488	S		621.9892	1.0400	0.0000	99.9388	39.9267	0.8230	1.1607	5.0000	27.9878	713.0364	94.8148	23.1989	25.2000	0.9300	0.9300	0.6809	0.0000	713.0000	711.6717	1.0272	-3.2655	99.6661	40.6995	0.8230	0.8263	5.0000	-9999.0000	-9999.0000	-9999.0000	-9999.0000	-9999.0000	-9999.0000	17.2681	2	0	35.5876	1.0000	99	9	-9999.0000	20086	47654	-9999	-9999	1067	2178	485.6540	3	0.6809	0.6916	-0.0005	36.4157	2.4062	649.0110	531.7024	47.9398	640.4885	95.3009	648.2671	95.0926	652.8606	94.6528	656.6069	94.6065	
22/08/2017	00:43:57	011995	G488089497HLR	L488	S		618.9999	1.0400	0.0000	99.8341	39.9333	0.8230	1.1608	5.0000	26.8090	713.0213	94.8611	22.2888	25.1000	0.9300	0.9299	0.6809	0.0000	713.0000	713.7366	1.0272	-3.3399	99.7598	40.7006	0.8230	0.8259	5.0000	-9999.0000	-9999.0000	-9999.0000	-9999.0000	-9999.0000	-9999.0000	17.4888	3	0	27.9488	1.0000	99	9	-9999.0000	20087	47655	-9999	-9999	1068	2180	485.4927	3	0.6809	0.6955	-0.0007	44.2323	2.0286	649.4501	559.7290	47.3148	639.3806	95.2778	648.6510	95.0463	654.5993	94.6296	658.7025	94.6296	
22/08/2017	00:44:31	011995	G488089507HLR	L488	S		623.9898	1.0400	0.0000	99.8714	39.9417	0.8230	1.1609	5.0000	25.5191	713.0147	94.8380	22.1883	25.1000	0.9300	0.9299	0.6807	0.0000	713.0000	712.6901	1.0272	-3.3022	99.6808	40.6692	0.8230	0.8251	5.0000	-9999.0000	-9999.0000	-9999.0000	-9999.0000	-9999.0000	-9999.0000	17.4090	4	0	34.4073	1.0000	99	9	-9999.0000	20088	47656	-9999	-9999	1069	2182	485.4712	3	0.6807	0.6956	-0.0007	50.7349	1.7405	649.9927	539.6985	46.6667	640.0146	95.2083	648.9235	94.9769	654.9614	94.6065	658.5691	94.6528	
22/08/2017	00:45:01	011995	G488089425HLR	L488	S		624.3965	1.0400	0.0000	99.7754	39.9418	0.8230	1.1609	5.0000	25.1890	713.0573	94.8843	20.9989	25.1000	0.9300	0.9299	0.6809	0.0000	713.0000	712.6842	1.0272	-3.3020	99.7568	40.6845	0.8230	0.8252	5.0000	-9999.0000	-9999.0000	-9999.0000	-9999.0000	-9999.0000	-9999.0000	17.8570	5	0	30.2591	1.0000	99	9	-9999.0000	20089	47656	-9999	-9999	1070	2184	485.4146	3	0.6809	0.6997	-0.0008	57.3303	1.4345	651.1337	541.3014	45.3935	639.9388	95.1620	650.5333	95.0000	657.7168	94.6065	660.2053	94.6528	
22/08/2017	00:45:33	011995	G488089465HLR	L488	S		617.5395	1.0400	0.0000	99.8921	39.9333	0.8230	1.1607	5.0000	28.1986	713.0500	94.9537	24.6793	25.1000	0.9300	0.9300	0.6807	0.0000	713.0000	714.2248	1.0272	-3.3575	99.6858	40.6629	0.8230	0.8250	5.0000	-9999.0000	-9999.0000	-9999.0000	-9999.0000	-9999.0000	-9999.0000	17.2485	6	0	31.5977	1.0000	99	9	-9999.0000	20090	47657	-9999	-9999	1071	2186	485.5427	3	0.6807	0.6990	-0.0008	59.0210	1.3618	643.4924	543.5976	45.3704	632.3497	95.2546	643.0160	95.1157	647.4768	94.6759	651.9976	94.6065	
22/08/2017	00:46:04	011995	G488089427HLR	L488	S		633.1928	1.0400	0.0000	99.8358	39.9492	0.8230	1.1608	5.0000	25.7583	713.0608	94.8148	17.0391	25.1000	0.9300	0.9299	0.6807	0.0000	713.0000	713.2327	1.0272	-3.3218	100.0512	40.6638	0.8230	0.8249	5.0000	-9999.0000	-9999.0000	-9999.0000	-9999.0000	-9999.0000	-9999.0000	17.5488	7	0	30.9485	1.0000	99	9	-9999.0000	20091	47658	-9999	-9999	1072	2188	485.4508	3	0.6807	0.7017	-0.0009	51.0476	1.6918	662.9414	544.9872	46.8519	652.3042	95.1157	662.3824	94.9537	667.8127	94.5833	671.2297	94.6296	
22/08/2017	00:46:33	011995	G488089365HLR	L488	S		625.8413	1.0400	0.0000	99.7467	39.9641	0.8230	1.1609	5.0000	24.6887	713.0516	94.8380	23.5583	25.1000	0.9300	0.9300	0.6808	0.0000	713.0000	713.6470	1.0272	-3.3367	99.8229	40.6413	0.8230	0.8240	5.0000	-9999.0000	-9999.0000	-9999.0000	-9999.0000	-9999.0000	-9999.0000	19.2220	8	0	29.6781	1.0000	99	9	-9999.0000	20092	47659	-9999	-9999	1073	2189	485.5937	3	0.6808	0.6993	-0.0008	56.7715	1.4388	649.5166	532.5549	44.5139	643.7734	95.3241	648.8330	95.1620	653.8350	94.6759	657.2907	94.6065	
22/08/2017	00:47:06	011995	G488089410HLR	L488	S		583.8093	1.0400	0.0000	100.0051	39.9333	0.8230	1.1608	5.0000	27.6665	0.0000	0.0000	0.0000	0.0000	0.9300	0.0000	0.0000	0.0000	0.0000	598.1938	1.0272	7.0313	99.7460	40.6633	0.8230	0.8255	5.0000	-9999.0000	-9999.0000	-9999.0000	-9999.0000	-9999.0000	-9999.0000	17.1190	1	7	32.7580	1.0000	99	9	-9999.0000	20093	0	-9999	-9999	1074	2191	0.0000	0	0.0000	0.0000	0.0000	0.0000	0.0000	0.0000	0.0000	0.0000	0.0000	0.0000	0.0000	0.0000	0.0000	0.0000	0.0000	0.0000	
22/08/2017	00:47:39	011995	G488089447HLR	L488	S		628.6019	1.0400	0.0000	99.7659	39.9452	0.8230	1.1607	5.0000	27.2682	713.0560	94.9074	18.5390	25.2000	0.9300	0.9303	0.6808	0.0000	713.0000	711.9367	1.0272	-3.2750	99.8829	40.6630	0.8230	0.8245	5.0000	-9999.0000	-9999.0000	-9999.0000	-9999.0000	-9999.0000	-9999.0000	18.1366	2	0	32.5586	1.0000	99	9	-9999.0000	20094	47660	-9999	-9999	1074	2193	485.5313	3	0.6808	0.6956	-0.0007	52.4305	1.6389	656.8661	541.4047	45.8102	645.2822	95.0000	655.8484	94.8148	661.8566	94.6528	666.9135	94.6528	
22/08/2017	00:48:14	011995	G488089446HLR	L488	S		634.1268	1.0400	0.0000	99.8315	39.9368	0.8230	1.1606	5.0000	28.6486	713.0311	94.9074	15.6388	25.2000	0.9300	0.9301	0.6808	0.0000	713.0000	709.9186	1.0272	-3.2023	100.0731	40.6553	0.8230	0.8249	5.0000	-9999.0000	-9999.0000	-9999.0000	-9999.0000	-9999.0000	-9999.0000	17.3385	3	0	35.4485	1.0000	99	9	-9999.0000	20095	47661	-9999	-9999	1075	2195	485.4554	3	0.6808	0.6867	-0.0003	53.7066	1.5604	665.9824	548.2974	48.3796	656.2085	95.1852	665.2916	95.0231	671.1900	94.6296	673.8035	94.6296	
22/08/2017	00:48:49	011995	G488084559HLR	L488	S		635.1828	1.0400	0.0000	99.8942	39.9507	0.8230	1.1607	5.0000	27.9463	713.0402	94.8843	15.7491	25.1000	0.9300	0.9300	0.6805	0.0000	713.0000	711.1257	1.0272	-3.2458	99.8983	40.6424	0.8230	0.8249	5.0000	-9999.0000	-9999.0000	-9999.0000	-9999.0000	-9999.0000	-9999.0000	17.1994	4	0	35.1778	1.0000	99	9	-9999.0000	20096	47662	-9999	-9999	1076	2196	485.2956	3	0.6805	0.6838	-0.0001	53.2460	1.5854	664.3259	535.0025	46.3889	653.7754	95.1620	663.3178	95.0000	669.2726	94.6296	673.7206	94.6065	
22/08/2017	00:49:26	011995	G488089445HLR	L488	S		624.7934	1.0400	0.0000	99.8981	39.9612	0.8230	1.1607	5.0000	26.6587	713.1089	94.8611	21.8289	25.1000	0.9300	0.9300	0.6806	0.0000	713.0000	713.2928	1.0272	-3.3239	99.7853	40.6331	0.8230	0.8253	5.0000	-9999.0000	-9999.0000	-9999.0000	-9999.0000	-9999.0000	-9999.0000	17.1962	5	0	36.4081	1.0000	99	9	-9999.0000	20097	47663	-9999	-9999	1077	2198	485.3769	3	0.6806	0.6851	-0.0002	53.6767	1.5811	650.6638	548.9704	45.8796	641.3073	95.2083	650.1866	95.0694	656.3197	94.6528	659.5504	94.6296	
22/08/2017	00:49:57	011995	G488089426HLR	L488	S		623.7804	1.0400	0.0000	99.9576	39.9484	0.8230	1.1606	5.0000	28.0902	713.0639	94.8843	21.5692	25.1000	0.9300	0.9300	0.6811	0.0000	713.0000	711.7763	1.0272	-3.2693	99.7715	40.6455	0.8230	0.8261	5.0000	-9999.0000	-9999.0000	-9999.0000	-9999.0000	-9999.0000	-9999.0000	17.1489	6	0	31.2486	1.0000	99	9	-9999.0000	20098	47664	-9999	-9999	1078	2199	485.3864	3	0.6811	0.6895	-0.0004	47.6194	1.8829	649.7221	567.7758	45.8333	639.2949	95.2778	648.8656	95.0694	654.5236	94.6528	658.6718	94.6065	
22/08/2017	00:50:26	011995	G488084584HLR	L488	S		620.5967	1.0400	0.0000	99.9915	39.9557	0.8230	1.1611	5.0000	27.7064	713.0498	94.9306	24.4782	25.1000	0.9300	0.9300	0.6814	0.0000	713.0000	713.9586	1.0272	-3.3479	99.7784	40.6811	0.8230	0.8268	5.0000	-9999.0000	-9999.0000	-9999.0000	-9999.0000	-9999.0000	-9999.0000	17.2483	7	0	29.1780	1.0000	99	9	-9999.0000	20099	47665	-9999	-9999	1079	2201	485.6677	3	0.6814	0.6876	-0.0003	44.1762	2.0616	646.7570	534.7939	47.1528	637.8096	95.2778	646.0075	95.1157	650.1893	94.6528	653.8224	94.6065	
22/08/2017	00:50:58	011995	G488089456HLR	L488	S		622.7373	1.0400	0.0000	99.7831	39.9492	0.8230	1.1606	5.0000	28.7659	713.0579	94.8843	24.2585	25.0000	0.9300	0.9299	0.6812	0.0000	713.0000	714.2469	1.0272	-3.3583	99.9488	40.6797	0.8230	0.8257	5.0000	-9999.0000	-9999.0000	-9999.0000	-9999.0000	-9999.0000	-9999.0000	19.7885	8	0	31.9869	1.0000	99	9	-9999.0000	20099	47666	-9999	-9999	1080	2203	485.9118	3	0.6812	0.6880	-0.0003	41.5997	2.2100	648.5505	579.3473	49.0046	639.2365	95.3241	648.1600	95.1852	652.6153	94.6528	655.8727	94.5833	
22/08/2017	00:51:28	011995	G488089457HLR	L488	S		623.5820	1.0400	0.0000	99.7761	39.9729	0.8230	1.1607	5.0000	25.8687	713.0398	95.0463	25.3980	25.0000	0.9300	0.9299	0.6814	0.0000	713.0000	714.3477	1.0272	-3.3620	100.0495	40.6585	0.8230	0.8264	5.0000	-9999.0000	-9999.0000	-9999.0000	-9999.0000	-9999.0000	-9999.0000	17.4368	1	0	30.1298	1.0000	99	9	-9999.0000	20100	47667	-9999	-9999	1081	2205	485.7658	3	0.6814	0.6877	-0.0003	44.0039	2.0641	646.1746	559.4401	46.4583	637.2924	95.2778	645.2410	95.0231	649.8795	94.5833	653.3506	94.6296	
22/08/2017	00:52:02	011995	G488089435HLR	L488	S		627.6531	1.0400	0.0000	99.8948	39.9778	0.8230	1.1608	5.0000	24.9389	713.0361	94.9306	20.3290	25.1000	0.9300	0.9300	0.6813	0.0000	713.0000	716.6592	1.0272	-3.4453	99.6581	40.6611	0.8230	0.8264	5.0000	-9999.0000	-9999.0000	-9999.0000	-9999.0000	-9999.0000	-9999.0000	17.3886	2	0	33.1492	1.0000	99	9	-9999.0000	20101	47668	-9999	-9999	1082	2207	485.9071	3	0.6813	0.6882	-0.0003	44.6007	2.0342	659.3078	554.1961	48.1713	647.2817	95.2778	657.9128	95.0694	663.3187	94.5833	667.3629	94.5833	
22/08/2017	00:52:34	011995	G488089508HLR	L488	S		634.9193	1.0400	0.0000	99.8949	39.9571	0.8230	1.1606	5.0000	27.7386	713.0675	94.7917	16.6690	25.1000	0.9300	0.9299	0.6813	0.0000	713.0000	712.4518	1.0272	-3.2936	99.6452	40.6463	0.8230	0.8260	5.0000	-9999.0000	-9999.0000	-9999.0000	-9999.0000	-9999.0000	-9999.0000	17.3095	3	0	32.1068	1.0000	99	9	-9999.0000	20102	47669	-9999	-9999	1083	2209	485.8438	3	0.6813	0.6882	-0.0003	44.6007	2.0342	663.2753	588.0827	46.2269	653.0457	95.1852	662.7148	95.0231	668.7755	94.5833	671.8140	94.6296	
22/08/2017	00:53:06	011995	G488089496HLR	L488	S		630.9336	1.0400	0.0000	99.7832	39.9662	0.8230	1.1607	5.0000	26.2183	713.0660	94.8843	18.4892	25.1000	0.9300	0.9300	0.6812	0.0000	713.0000	714.3427	1.0272	-3.3618	100.0319	40.6594	0.8230	0.8264	5.0000	-9999.0000	-9999.0000	-9999.0000	-9999.0000	-9999.0000	-9999.0000	17.1489	4	0	32.4583	1.0000	99	9	-9999.0000	20102	47670	-9999	-9999	1084	2211	485.8032	3	0.6812	0.6878	-0.0003	46.8916	1.8951	659.8609	555.1798	47.4769	649.5957	95.1620	659.1926	94.9537	664.7861	94.6065	668.7902	94.6296	
22/08/2017	00:53:39	011995	G488089504HLR	L488	S		624.9585	1.0400	0.0000	99.9487	39.9460	0.8230	1.1606	5.0000	29.0389	713.0470	94.8148	18.6191	25.1000	0.9300	0.9301	0.6810	0.0000	713.0000	713.6949	1.0272	-3.3384	100.0628	40.6622	0.8230	0.8263	5.0000	-9999.0000	-9999.0000	-9999.0000	-9999.0000	-9999.0000	-9999.0000	17.5898	5	0	32.3381	1.0000	99	9	-9999.0000	20103	47671	-9999	-9999	1085	2212	485.7909	3	0.6810	0.6866	-0.0003	51.4843	1.6507	658.6379	521.7384	45.1157	645.0765	95.1389	657.5388	95.0231	663.1500	94.6528	667.4949	94.6065	
22/08/2017	00:54:09	011995	G488089487HLR	L488	S		620.9511	1.0400	0.0000	99.9383	39.9667	0.8230	1.1607	5.0000	27.1184	713.0408	94.8611	22.3084	25.2000	0.9300	0.9301	0.6811	0.0000	713.0000	714.1527	1.0272	-3.3549	99.6807	40.6711	0.8230	0.8264	5.0000	-9999.0000	-9999.0000	-9999.0000	-9999.0000	-9999.0000	-9999.0000	17.2789	6	0	30.5286	1.0000	99	9	-9999.0000	20104	47672	-9999	-9999	1086	2214	485.5994	3	0.6811	0.6873	-0.0003	45.3621	1.9579	650.6348	540.6466	47.2222	637.5810	95.2546	649.6385	95.0231	655.7123	94.6296	659.5760	94.6065	
22/08/2017	00:54:40	011995	G488089486HLR	L488	S		631.4218	1.0400	0.0000	99.9324	39.9673	0.8230	1.1607	5.0000	26.5688	713.0514	94.7917	17.6885	25.2000	0.9300	0.9300	0.6811	0.0000	713.0000	709.8045	1.0272	-3.1981	99.9493	40.6765	0.8230	0.8265	5.0000	-9999.0000	-9999.0000	-9999.0000	-9999.0000	-9999.0000	-9999.0000	17.4888	7	0	30.7180	1.0000	99	9	-9999.0000	20105	47673	-9999	-9999	1087	2216	485.7414	3	0.6811	0.6873	-0.0003	45.3621	1.9579	660.0335	543.4605	44.2593	647.8547	95.1620	659.4319	94.9769	665.4736	94.6065	668.3589	94.6065	
22/08/2017	00:55:08	011995	G488089478HLR	L488	S		624.2264	1.0400	0.0000	99.9600	39.9667	0.8230	1.1606	5.0000	29.0379	713.0304	94.8380	21.5291	25.2000	0.9300	0.9300	0.6806	0.0000	713.0000	715.8336	1.0272	-3.4156	99.8092	40.6605	0.8230	0.8262	5.0000	-9999.0000	-9999.0000	-9999.0000	-9999.0000	-9999.0000	-9999.0000	17.1352	8	0	28.7885	1.0000	99	9	-9999.0000	20105	47674	-9999	-9999	1088	2218	485.5651	3	0.6806	0.6846	-0.0002	53.4412	1.5953	655.4879	544.6651	47.6157	646.0100	95.2546	654.6441	95.0000	661.2354	94.6296	665.2328	94.6065	
22/08/2017	00:55:39	011995	G488089503HLR	L488	S		632.2536	1.0400	0.0000	99.9948	39.9698	0.8230	1.1606	5.0000	27.8685	713.0354	94.8843	21.3680	25.2000	0.9300	0.9300	0.6804	0.0000	713.0000	716.1025	1.0272	-3.4253	99.9670	40.6583	0.8230	0.8259	5.0000	-9999.0000	-9999.0000	-9999.0000	-9999.0000	-9999.0000	-9999.0000	17.2777	1	0	30.1087	1.0000	99	9	-9999.0000	20106	47675	-9999	-9999	1089	2220	485.3546	3	0.6804	0.6822	-0.0001	60.0443	1.3276	656.7791	535.4734	46.6204	649.1611	95.2083	655.8370	95.1157	661.8920	94.6528	665.3682	94.6065	
22/08/2017	00:56:10	011995	G488089474HLR	L488	S		631.9891	1.0400	0.0000	99.7445	40.0000	0.8230	1.1608	5.0000	24.9392	713.0330	94.7917	17.1797	25.1000	0.9300	0.9299	0.6804	0.0000	713.0000	711.6008	1.0272	-3.2629	99.8843	40.6491	0.8230	0.8253	5.0000	-9999.0000	-9999.0000	-9999.0000	-9999.0000	-9999.0000	-9999.0000	17.5197	2	0	31.5979	1.0000	99	9	-9999.0000	20107	47676	-9999	-9999	1090	2222	485.1756	3	0.6804	0.6822	-0.0001	60.0443	1.3276	661.0436	536.6682	47.9861	649.7045	95.1389	660.2372	95.0231	666.5604	94.6296	669.9720	94.6296	
22/08/2017	00:56:38	011995	G488089494HLR	L488	S		629.5351	1.0400	0.0000	99.9020	39.9965	0.8230	1.1606	5.0000	27.5670	713.0496	94.9537	19.7997	25.2000	0.9300	0.9300	0.6804	0.0000	713.0000	714.5353	1.0272	-3.3687	99.8234	40.6460	0.8230	0.8249	5.0000	-9999.0000	-9999.0000	-9999.0000	-9999.0000	-9999.0000	-9999.0000	17.1987	3	0	27.6088	1.0000	99	9	-9999.0000	20108	47677	-9999	-9999	1091	2224	485.4609	3	0.6804	0.6821	-0.0001	54.3752	1.5914	658.5822	555.0767	47.3380	645.5096	95.2083	657.8795	95.0231	663.4229	94.6528	667.2374	94.6065	
22/08/2017	00:57:11	011995	G488089492HLR	L488	S		632.4571	1.0400	0.0000	99.9316	40.0000	0.8230	1.1606	5.0000	27.6283	713.0606	94.7917	17.9190	25.1000	0.9300	0.9299	0.6802	0.0000	713.0000	712.5830	1.0272	-3.2983	99.7590	40.6344	0.8230	0.8242	5.0000	-9999.0000	-9999.0000	-9999.0000	-9999.0000	-9999.0000	-9999.0000	19.4184	4	0	32.9581	1.0000	99	9	-9999.0000	20109	47678	-9999	-9999	1092	2225	485.2093	3	0.6802	0.6859	-0.0003	54.8068	1.5479	661.3498	536.0750	45.7639	648.3415	95.1852	660.1225	95.0463	666.2967	94.6296	670.2635	94.6065	
22/08/2017	00:57:44	011995	G488089473HLR	L488	S		628.7439	1.0400	0.0000	99.9343	40.0072	0.8230	1.1607	5.0000	25.6567	713.0355	94.8380	19.0986	25.1000	0.9300	0.9299	0.6803	0.0000	713.0000	711.0899	1.0272	-3.2445	99.7331	40.6701	0.8230	0.8249	5.0000	-9999.0000	-9999.0000	-9999.0000	-9999.0000	-9999.0000	-9999.0000	17.2857	5	0	32.7785	1.0000	99	9	-9999.0000	20110	47679	-9999	-9999	1093	2227	485.0042	3	0.6803	0.6886	-0.0004	51.5146	1.7090	656.2513	535.3712	47.5000	645.2902	95.2546	655.2019	95.0926	661.8523	94.6528	665.1390	94.6065	
22/08/2017	00:58:15	011995	G488089482HLR	L488	S		625.0038	1.0400	0.0000	99.9367	40.0112	0.8230	1.1607	5.0000	25.9073	713.0223	95.0694	20.6385	25.1000	0.9300	0.9299	0.6802	0.0000	713.0000	714.7556	1.0272	-3.3767	99.8313	40.6659	0.8230	0.8249	5.0000	-9999.0000	-9999.0000	-9999.0000	-9999.0000	-9999.0000	-9999.0000	17.1580	6	0	31.8078	1.0000	99	9	-9999.0000	20110	47680	-9999	-9999	1094	2229	485.1091	3	0.6802	0.6966	-0.0009	29.9287	2.8500	655.7093	552.1726	46.9213	643.3907	95.2083	654.7736	95.0463	660.7412	94.6296	663.6964	94.6296	
22/08/2017	00:58:48	011995	G488089480HLR	L488	S		630.5987	1.0400	0.0000	100.0094	40.0060	0.8230	1.1606	5.0000	27.9684	713.0613	94.7917	16.3292	25.1000	0.9300	0.9299	0.6802	0.0000	713.0000	711.1945	1.0272	-3.2483	100.0300	40.6549	0.8230	0.8248	5.0000	-9999.0000	-9999.0000	-9999.0000	-9999.0000	-9999.0000	-9999.0000	17.3996	7	0	33.1184	1.0000	99	9	-9999.0000	20111	47681	-9999	-9999	1095	2231	485.1110	3	0.6802	0.6966	-0.0009	29.9287	2.8500	661.8427	528.9686	45.9491	650.0867	95.0694	660.8491	94.8843	668.0539	94.5833	672.2521	94.6759	
22/08/2017	00:59:21	011995	G488089491HLR	L488	S		628.2267	1.0400	0.0000	99.8501	40.0365	0.8230	1.1608	5.0000	24.5280	713.0422	94.9074	22.0183	25.1000	0.9300	0.9300	0.6805	0.0000	713.0000	715.0619	1.0272	-3.3877	100.0169	40.6509	0.8230	0.8246	5.0000	-9999.0000	-9999.0000	-9999.0000	-9999.0000	-9999.0000	-9999.0000	17.9394	8	0	32.2793	1.0000	99	9	-9999.0000	20112	47682	-9999	-9999	1095	2232	485.2717	3	0.6805	0.6963	-0.0008	31.6519	2.7333	656.5806	547.3860	48.5648	645.4516	95.2778	655.8974	95.1157	659.3537	94.6759	662.5125	94.6065	
22/08/2017	00:59:52	011995	G488089472HLR	L488	S		627.0440	1.0400	0.0000	99.9277	40.0299	0.8230	1.1606	5.0000	26.8150	713.0653	94.8843	20.3895	25.1000	0.9300	0.9299	0.6805	0.0000	713.0000	714.8410	1.0272	-3.3798	100.0099	40.6473	0.8230	0.8249	5.0000	-9999.0000	-9999.0000	-9999.0000	-9999.0000	-9999.0000	-9999.0000	17.6887	1	0	31.5572	1.0000	99	9	-9999.0000	20113	47683	-9999	-9999	1096	2234	485.2910	3	0.6805	0.6963	-0.0008	31.6519	2.7333	656.2552	550.8266	46.1574	641.8758	95.1389	655.5879	94.9306	661.5613	94.6065	665.0407	94.6296	
22/08/2017	01:00:25	011995	G488089469HLR	L488	S		627.3521	1.0400	0.0000	100.1803	40.0239	0.8230	1.1605	5.0000	29.8185	713.0315	94.9074	20.5487	25.1000	0.9300	0.9299	0.6805	0.0000	713.0000	711.7016	1.0272	-3.2666	99.7536	40.6466	0.8230	0.8248	5.0000	-9999.0000	-9999.0000	-9999.0000	-9999.0000	-9999.0000	-9999.0000	17.6891	2	0	32.2586	1.0000	99	9	-9999.0000	20114	47684	-9999	-9999	1097	2236	485.2395	3	0.6805	0.6957	-0.0008	38.8813	2.3559	655.1663	532.6573	45.8565	641.4965	95.2778	654.3116	95.0694	659.7106	94.6528	662.7143	94.6065	
22/08/2017	01:00:58	011995	G488089502HLR	L488	S		626.8185	1.0400	0.0000	99.9087	40.0333	0.8230	1.1605	5.0000	28.8383	713.0320	94.8611	21.1190	25.1000	0.9300	0.9299	0.6804	0.0000	713.0000	715.6585	1.0272	-3.4092	99.8597	40.6486	0.8230	0.8250	5.0000	-9999.0000	-9999.0000	-9999.0000	-9999.0000	-9999.0000	-9999.0000	17.1343	3	0	33.3850	1.0000	99	9	-9999.0000	20115	47684	-9999	-9999	1098	2238	485.2720	3	0.6804	0.6947	-0.0008	49.1311	1.7850	656.9080	543.2879	45.9028	644.2789	95.2083	655.6353	94.9537	661.4240	94.6296	665.5447	94.6296	
22/08/2017	01:01:31	011995	G488089500HLR	L488	S		627.0375	1.0400	0.0000	100.0385	40.0333	0.8230	1.1605	5.0000	30.1183	713.0308	94.7685	17.6689	25.1000	0.9300	0.9300	0.6804	0.0000	713.0000	708.7534	1.0272	-3.1602	99.8149	40.6428	0.8230	0.8245	5.0000	-9999.0000	-9999.0000	-9999.0000	-9999.0000	-9999.0000	-9999.0000	19.1694	4	0	32.5317	1.0000	99	9	-9999.0000	20116	47685	-9999	-9999	1099	2239	485.1644	3	0.6804	0.6947	-0.0008	49.1311	1.7850	660.0720	550.5239	47.0139	649.4482	95.1157	658.9866	94.9074	665.1947	94.6065	668.7508	94.6528	
22/08/2017	01:02:10	011995	G488089452HLR	L488	S		631.0558	1.0400	0.0000	100.0576	40.0333	0.8230	1.1605	5.0000	29.2883	713.0329	94.8843	15.8195	25.1000	0.9300	0.9300	0.6799	0.0000	713.0000	710.8330	1.0272	-3.2352	100.0344	40.6500	0.8230	0.8253	5.0000	-9999.0000	-9999.0000	-9999.0000	-9999.0000	-9999.0000	-9999.0000	17.3370	5	0	39.6277	1.0000	99	9	-9999.0000	20117	47685	-9999	-9999	1100	2241	484.8075	3	0.6799	0.6953	-0.0008	50.3237	1.7535	664.4888	542.5220	45.8565	651.4145	95.1852	663.8260	95.0463	669.1828	94.6528	673.7607	94.6065	
22/08/2017	01:02:49	011995	G488089423HLR	L488	S		625.4911	1.0400	0.0000	100.2161	40.0412	0.8230	1.1605	5.0000	28.6089	713.0518	94.8843	20.0692	25.1000	0.9300	0.9301	0.6803	0.0000	713.0000	709.5600	1.0272	-3.1893	99.8224	40.6500	0.8230	0.8253	5.0000	-9999.0000	-9999.0000	-9999.0000	-9999.0000	-9999.0000	-9999.0000	17.3082	6	0	38.9771	1.0000	99	9	-9999.0000	20118	47686	-9999	-9999	1101	2243	485.0710	3	0.6803	0.6958	-0.0008	50.1617	1.7595	655.1871	522.3929	45.6019	643.9858	95.2546	654.0999	95.0463	660.1017	94.6759	662.6159	94.6528	
22/08/2017	01:03:18	011995	G488089373HLR	L488	S		619.8685	1.0400	0.0000	100.3657	40.0377	0.8230	1.1605	5.0000	29.2543	713.0960	94.9074	22.3191	25.1000	0.9300	0.9300	0.6805	0.0000	713.0000	714.0193	1.0272	-3.3501	100.0184	40.7013	0.8230	0.8268	5.0000	-9999.0000	-9999.0000	-9999.0000	-9999.0000	-9999.0000	-9999.0000	17.2981	7	0	29.2289	1.0000	99	9	-9999.0000	20119	47687	-9999	-9999	1102	2244	485.1190	3	0.6805	0.6940	-0.0007	52.4053	1.6515	648.1148	549.7132	49.2130	638.3473	95.3935	647.1604	95.0694	654.4514	94.6528	657.1809	94.6065	
22/08/2017	01:03:53	011995	G488089512HLR	L488	S		625.9890	1.0400	0.0000	99.7853	40.0558	0.8230	1.1605	5.0000	27.2757	713.0481	94.8148	16.5587	25.1000	0.9300	0.9299	0.6805	0.0000	713.0000	711.9013	1.0272	-3.2738	99.8593	40.6986	0.8230	0.8244	5.0000	-9999.0000	-9999.0000	-9999.0000	-9999.0000	-9999.0000	-9999.0000	20.1089	8	0	34.7180	1.0000	99	9	-9999.0000	20120	47688	-9999	-9999	1103	2246	485.2777	3	0.6805	0.6940	-0.0007	52.4053	1.6515	662.3333	565.9306	46.7361	653.8788	95.2083	661.2678	94.9074	667.5556	94.5833	672.0217	94.7222	
22/08/2017	01:04:25	011995	G488089371HLR	L488	S		607.4688	1.0400	0.0000	100.1615	40.0428	0.8230	1.1606	5.0000	29.4867	713.0459	94.8380	28.5981	25.1000	0.9300	0.9299	0.6810	0.0000	713.0000	712.2225	1.0272	-3.2853	99.6895	40.7217	0.8230	0.8266	5.0000	-9999.0000	-9999.0000	-9999.0000	-9999.0000	-9999.0000	-9999.0000	17.1871	1	0	31.6486	1.0000	99	9	-9999.0000	20121	47689	-9999	-9999	1104	2248	485.4655	3	0.6810	0.6940	-0.0007	56.7395	1.4370	634.2150	515.8897	45.8102	623.0749	95.4398	633.4715	95.2083	638.3518	94.6991	643.1861	94.6065	
22/08/2017	01:04:54	011995	G488089349HLR	L488	S		616.6559	1.0400	0.0000	100.0103	40.0491	0.8230	1.1605	5.0000	28.5381	713.0700	94.8148	28.0493	25.0000	0.9300	0.9299	0.6807	0.0000	713.0000	715.2424	1.0272	-3.3942	99.9692	40.7177	0.8230	0.8261	5.0000	-9999.0000	-9999.0000	-9999.0000	-9999.0000	-9999.0000	-9999.0000	17.3186	2	0	29.0082	1.0000	99	9	-9999.0000	20121	47690	-9999	-9999	1105	2250	485.6779	3	0.6807	0.6927	-0.0006	52.6251	1.6827	639.9089	548.1216	46.4120	630.0552	95.4630	639.0486	95.3241	643.9075	94.6991	647.2876	94.5602	
22/08/2017	01:05:26	011995	G488089368HLR	L488	S		631.3736	1.0400	0.0000	99.8046	40.0579	0.8230	1.1604	5.0000	28.6516	713.0763	94.8380	17.1583	25.1000	0.9300	0.9299	0.6807	0.0000	713.0000	713.7095	1.0272	-3.3390	99.7620	40.7098	0.8230	0.8259	5.0000	-9999.0000	-9999.0000	-9999.0000	-9999.0000	-9999.0000	-9999.0000	17.3370	3	0	32.2598	1.0000	99	9	-9999.0000	20122	47691	-9999	-9999	1106	2252	485.4755	3	0.6807	0.6927	-0.0006	52.6251	1.6827	662.5194	547.3768	46.3889	651.1452	95.1852	661.3582	95.0000	667.7124	94.5370	672.1357	94.6296	
22/08/2017	01:05:57	011995	G488089361HLR	L488	S		631.6913	1.0400	0.0000	99.7457	40.0706	0.8230	1.1605	5.0000	26.2486	713.0610	94.8843	16.4786	25.2000	0.9300	0.9300	0.6810	0.0000	713.0000	712.5279	1.0272	-3.2964	99.6855	40.7127	0.8230	0.8260	5.0000	-9999.0000	-9999.0000	-9999.0000	-9999.0000	-9999.0000	-9999.0000	17.1479	4	0	31.1361	1.0000	99	9	-9999.0000	20123	47691	-9999	-9999	1107	2254	485.6610	3	0.6810	0.6911	-0.0005	58.8252	1.3649	664.0686	546.3525	45.0926	650.3267	95.1620	662.7446	95.0000	667.6179	94.6065	672.8229	94.6065	
22/08/2017	01:06:27	011995	G488089347HLR	L488	S		627.5060	1.0400	0.0000	100.1377	40.0333	0.8230	1.1608	5.0000	31.7714	713.0464	94.8148	17.3897	25.2000	0.9300	0.9301	0.6810	0.0000	713.0000	713.6288	1.0272	-3.3361	99.7775	40.7059	0.8230	0.8255	5.0000	-9999.0000	-9999.0000	-9999.0000	-9999.0000	-9999.0000	-9999.0000	17.4294	5	0	29.9891	1.0000	99	9	-9999.0000	20124	47692	-9999	-9999	1108	2256	485.6108	3	0.6810	0.6847	-0.0002	50.3762	1.8250	659.7969	524.8842	45.2083	647.3271	95.1157	658.8059	94.9306	665.5539	94.6528	669.5533	94.6296	
22/08/2017	01:06:56	011995	G488089358HLR	L488	S		633.5745	1.0400	0.0000	99.8405	40.0491	0.8230	1.1604	5.0000	28.6887	713.0463	94.8380	16.5792	25.2000	0.9300	0.9301	0.6810	0.0000	713.0000	712.4516	1.0272	-3.2936	100.0028	40.6997	0.8230	0.8255	5.0000	-9999.0000	-9999.0000	-9999.0000	-9999.0000	-9999.0000	-9999.0000	17.2893	6	0	28.4881	1.0000	99	9	-9999.0000	20125	47693	-9999	-9999	1109	2258	485.6521	3	0.6810	0.6851	-0.0002	52.7275	1.7174	663.7309	559.0409	47.0370	651.2210	95.1852	662.8447	95.0694	668.3223	94.6528	671.7639	94.6065	
22/08/2017	01:07:26	011995	G488089335HLR	L488	S		613.3851	1.0400	0.0000	99.8865	40.0580	0.8230	1.1606	5.0000	25.9873	713.0927	94.8843	21.3094	25.2000	0.9300	0.9299	0.6812	0.0000	713.0000	711.9501	1.0272	-3.2755	99.7339	40.6998	0.8230	0.8253	5.0000	-9999.0000	-9999.0000	-9999.0000	-9999.0000	-9999.0000	-9999.0000	17.4154	7	0	29.9984	1.0000	99	9	-9999.0000	20126	47694	-9999	-9999	1110	2260	485.8111	3	0.6812	0.6843	-0.0002	52.7585	1.7329	651.5626	540.9086	46.0417	641.8411	95.2778	650.5935	95.0694	656.2062	94.6759	659.2118	94.6065	
22/08/2017	01:07:55	011995	G488089383HLR	L488	S		636.1044	1.0400	0.0000	99.7694	40.0619	0.8230	1.1606	5.0000	24.9014	713.0428	94.7685	16.8790	25.2000	0.9300	0.9299	0.6812	0.0000	713.0000	713.7750	1.0272	-3.3413	99.9616	40.6880	0.8230	0.8243	5.0000	-9999.0000	-9999.0000	-9999.0000	-9999.0000	-9999.0000	-9999.0000	19.4583	8	0	29.4372	1.0000	99	9	-9999.0000	20127	47695	-9999	-9999	1111	2262	485.7200	3	0.6812	0.6843	-0.0002	52.7585	1.7329	666.2152	550.5984	48.2639	656.4557	95.2315	665.3187	95.0000	670.7203	94.6065	674.5200	94.6065	
22/08/2017	01:08:27	011995	G488089386HLR	L488	S		633.1205	1.0400	0.0000	99.9646	40.0425	0.8230	1.1604	5.0000	28.2141	713.0671	94.7454	17.6797	25.2000	0.9300	0.9300	0.6814	0.0000	713.0000	713.8030	1.0272	-3.3423	99.6978	40.7163	0.8230	0.8258	5.0000	-9999.0000	-9999.0000	-9999.0000	-9999.0000	-9999.0000	-9999.0000	17.2116	1	0	31.7899	1.0000	99	9	-9999.0000	20127	47696	-9999	-9999	1112	2264	485.9492	3	0.6814	0.6838	-0.0001	54.1402	1.6858	662.3810	555.7046	45.7870	652.1185	95.1620	661.7255	94.9537	666.2887	94.6065	670.0367	94.6065	
22/08/2017	01:08:59	011995	G488089387HLR	L488	S		630.2608	1.0400	0.0000	99.8316	40.0510	0.8230	1.1605	5.0000	27.0387	713.0324	94.7917	17.1993	25.2000	0.9300	0.9300	0.6812	0.0000	713.0000	713.1655	1.0272	-3.3193	99.9618	40.7229	0.8230	0.8259	5.0000	-9999.0000	-9999.0000	-9999.0000	-9999.0000	-9999.0000	-9999.0000	17.3276	2	0	31.8481	1.0000	99	9	-9999.0000	20128	47697	-9999	-9999	1113	2266	485.6982	3	0.6812	0.6827	-0.0001	53.8829	1.7322	660.9051	547.6171	46.8519	649.9660	95.2315	659.9395	95.1389	666.1708	94.6759	669.7773	94.5602	
22/08/2017	01:09:30	011995	G488089396HLR	L488	S		634.3440	1.0400	0.0000	99.8433	40.0667	0.8230	1.1606	5.0000	25.5275	713.0265	94.8843	18.5488	25.1000	0.9300	0.9299	0.6809	0.0000	713.0000	714.4680	1.0272	-3.3663	100.0870	40.7097	0.8230	0.8256	5.0000	-9999.0000	-9999.0000	-9999.0000	-9999.0000	-9999.0000	-9999.0000	17.3193	3	0	31.2082	1.0000	99	9	-9999.0000	20129	47698	-9999	-9999	1114	2268	485.7186	3	0.6809	0.6822	-0.0001	52.0684	1.8194	662.6066	544.0241	47.7083	651.2398	95.2315	662.0150	95.1157	667.7295	94.6528	669.7181	94.6065	
22/08/2017	01:10:01	011995	G488089338HLR	L488	S		624.5164	1.0400	0.0000	99.9093	40.0608	0.8230	1.1605	5.0000	26.9640	713.0641	94.7222	17.3194	25.2000	0.9300	0.9299	0.6810	0.0000	713.0000	712.5073	1.0272	-3.2956	99.7432	40.7061	0.8230	0.8253	5.0000	-9999.0000	-9999.0000	-9999.0000	-9999.0000	-9999.0000	-9999.0000	17.1588	4	0	30.9388	1.0000	99	9	-9999.0000	20130	47699	-9999	-9999	1114	2270	485.5527	3	0.6810	0.6816	-0.0000	51.2537	1.8305	661.6532	551.5229	46.1111	649.8326	95.1620	660.6771	95.0000	666.7110	94.6065	670.8708	94.6065	
22/08/2017	01:10:33	011995	G488089424HLR	L488	S		626.3221	1.0400	0.0000	99.8650	40.0667	0.8230	1.1605	5.0000	26.4087	713.0572	94.8843	19.5390	25.1000	0.9300	0.9299	0.6809	0.0000	713.0000	713.2824	1.0272	-3.3236	99.9940	40.6975	0.8230	0.8250	5.0000	-9999.0000	-9999.0000	-9999.0000	-9999.0000	-9999.0000	-9999.0000	17.6178	5	0	32.2679	1.0000	99	9	-9999.0000	20131	47700	-9999	-9999	1115	2271	485.6679	3	0.6809	0.6813	-0.0000	49.5677	1.8874	656.5616	566.4651	48.7500	646.9063	95.2778	655.8528	95.1157	662.3076	94.6528	665.5366	94.5833	
22/08/2017	01:11:02	011995	G488089393HLR	L488	S		636.9534	1.0400	0.0000	100.1738	40.0667	0.8230	1.1604	5.0000	28.7485	713.0728	94.9537	15.6095	25.1000	0.9300	0.9300	0.6809	0.0000	713.0000	712.7727	1.0272	-3.3052	99.8975	40.7008	0.8230	0.8251	5.0000	-9999.0000	-9999.0000	-9999.0000	-9999.0000	-9999.0000	-9999.0000	17.1720	6	0	29.1378	1.0000	99	9	-9999.0000	20132	47701	-9999	-9999	1116	2273	485.7070	3	0.6809	0.6813	-0.0000	49.5677	1.8874	667.9765	562.8995	48.3796	657.5920	95.1620	666.8107	95.0231	671.7737	94.6296	676.4691	94.6065	
22/08/2017	01:11:34	011995	G488089411HLR	L488	S		626.3869	1.0400	0.0000	100.0990	40.0667	0.8230	1.1604	5.0000	28.8793	713.0635	94.8148	18.1591	25.2000	0.9300	0.9300	0.6808	0.0000	713.0000	713.4619	1.0272	-3.3300	99.8127	40.6877	0.8230	0.8249	5.0000	-9999.0000	-9999.0000	-9999.0000	-9999.0000	-9999.0000	-9999.0000	17.2871	7	0	31.4884	1.0000	99	9	-9999.0000	20133	47702	-9999	-9999	1117	2275	485.4948	3	0.6808	0.6837	-0.0002	53.3584	1.6185	659.1723	537.6682	48.0324	648.4093	95.1620	658.5588	94.9537	664.1153	94.6065	668.0789	94.6065	
22/08/2017	01:12:05	011995	G488089398HLR	L488	S		627.9608	1.0400	0.0000	99.9382	40.0788	0.8230	1.1604	5.0000	28.2085	713.0683	94.9306	19.8485	25.1000	0.9300	0.9300	0.6811	0.0000	713.0000	713.3132	1.0272	-3.3247	99.8524	40.6991	0.8230	0.8252	5.0000	-9999.0000	-9999.0000	-9999.0000	-9999.0000	-9999.0000	-9999.0000	17.1484	8	0	31.1785	1.0000	99	9	-9999.0000	20134	47703	-9999	-9999	1118	2277	485.6287	3	0.6811	0.6818	-0.0000	25.6785	3.2629	657.5528	555.2782	47.6389	650.2414	95.2778	656.8019	95.0463	663.0961	94.6528	666.3942	94.5833	
22/08/2017	01:12:37	011995	G488089400HLR	L488	S		626.0866	1.0400	0.0000	99.9367	40.0855	0.8230	1.1604	5.0000	27.8892	713.0763	94.8380	18.7685	25.1000	0.9300	0.9299	0.6811	0.0000	713.0000	712.7736	1.0272	-3.3052	99.7429	40.6930	0.8230	0.8251	5.0000	-9999.0000	-9999.0000	-9999.0000	-9999.0000	-9999.0000	-9999.0000	17.1523	1	0	32.4081	1.0000	99	9	-9999.0000	20135	47704	-9999	-9999	1119	2279	485.7042	3	0.6811	0.6818	-0.0000	25.6785	3.2629	658.1763	561.3651	46.9213	647.3424	95.2546	657.0041	95.1157	663.0467	94.6528	666.8672	94.5833	
22/08/2017	01:13:08	011995	G488088800HLR	L488	S		625.3788	1.0400	0.0000	100.2404	40.0914	0.8230	1.1604	5.0000	29.1811	713.0452	94.6991	17.5391	25.1000	0.9300	0.9300	0.6810	0.0000	713.0000	711.7316	1.0272	-3.2676	99.8177	40.6909	0.8230	0.8251	5.0000	-9999.0000	-9999.0000	-9999.0000	-9999.0000	-9999.0000	-9999.0000	17.0985	2	0	30.5286	1.0000	99	9	-9999.0000	20136	47705	-9999	-9999	1120	2281	485.6425	3	0.6810	0.6858	-0.0003	19.7000	3.5752	657.6541	549.7704	48.9352	647.6431	95.2546	656.5443	94.9306	663.2200	94.5833	667.9654	94.6528	
22/08/2017	01:13:39	011995	G488088792HLR	L488	S		632.9863	1.0400	0.0000	99.8732	40.1000	0.8230	1.1605	5.0000	26.1774	713.0716	94.6759	17.4493	25.1000	0.9300	0.9300	0.6810	0.0000	713.0000	713.7399	1.0272	-3.3401	99.8022	40.6730	0.8230	0.8247	5.0000	-9999.0000	-9999.0000	-9999.0000	-9999.0000	-9999.0000	-9999.0000	17.3691	3	0	31.4891	1.0000	99	9	-9999.0000	20136	47706	-9999	-9999	1121	2283	485.6937	3	0.6810	0.6858	-0.0003	19.7000	3.5752	664.6616	513.6697	48.9120	653.9464	95.2778	663.4054	95.0463	669.6399	94.6296	672.8583	94.5833	
22/08/2017	01:14:11	011995	G488089417HLR	L488	S		565.6520	1.0400	0.0000	99.8272	40.0854	0.8230	1.1605	5.0000	28.4873	0.0000	0.0000	0.0000	0.0000	0.9300	0.0000	0.0000	0.0000	0.0000	572.8932	1.0272	7.2890	99.6702	40.6781	0.8230	0.8254	5.0000	-9999.0000	-9999.0000	-9999.0000	-9999.0000	-9999.0000	-9999.0000	17.0916	4	7	31.1894	1.0000	99	9	-9999.0000	20137	0	-9999	-9999	1122	2285	0.0000	0	0.0000	0.0000	0.0000	0.0000	0.0000	0.0000	0.0000	0.0000	0.0000	0.0000	0.0000	0.0000	0.0000	0.0000	0.0000	0.0000	
22/08/2017	01:14:43	011995	G488089409HLR	L488	S		581.0541	1.0400	0.0000	99.9478	40.0850	0.8230	1.1605	5.0000	28.2579	0.0000	0.0000	0.0000	0.0000	0.9300	0.0000	0.0000	0.0000	0.0000	591.9270	1.0272	7.0952	99.8065	40.6753	0.8230	0.8251	5.0000	-9999.0000	-9999.0000	-9999.0000	-9999.0000	-9999.0000	-9999.0000	17.4076	5	7	32.3063	1.0000	99	9	-9999.0000	20138	0	-9999	-9999	1123	2287	0.0000	0	0.0000	0.0000	0.0000	0.0000	0.0000	0.0000	0.0000	0.0000	0.0000	0.0000	0.0000	0.0000	0.0000	0.0000	0.0000	0.0000	
22/08/2017	01:15:15	011995	G488089414HLR	L488	S		628.3192	1.0400	0.0000	100.0179	40.0971	0.8230	1.1604	5.0000	29.4084	713.0473	94.9074	19.6083	25.3000	0.9300	0.9304	0.6810	0.0000	713.0000	713.7746	1.0272	-3.3413	99.6618	40.6745	0.8230	0.8246	5.0000	-9999.0000	-9999.0000	-9999.0000	-9999.0000	-9999.0000	-9999.0000	17.2084	6	0	31.7386	1.0000	99	9	-9999.0000	20139	47707	-9999	-9999	1124	2288	485.6661	3	0.6810	0.6839	-0.0002	51.1099	1.8294	656.5427	496.8854	46.5046	647.6849	94.8611	655.8708	94.7685	662.4193	94.6991	666.2649	94.6528	
22/08/2017	01:15:45	011995	G488089570HLR	L488	S		632.4541	1.0400	0.0000	99.9112	40.1000	0.8230	1.1604	5.0000	26.8974	713.0567	94.8611	16.0294	25.1000	0.9300	0.9300	0.6810	0.0000	713.0000	713.9191	1.0272	-3.3465	99.8990	40.6707	0.8230	0.8247	5.0000	-9999.0000	-9999.0000	-9999.0000	-9999.0000	-9999.0000	-9999.0000	17.1688	7	0	30.3175	1.0000	99	9	-9999.0000	20140	47708	-9999	-9999	1125	2290	485.6818	3	0.6810	0.6839	-0.0002	51.1099	1.8294	666.4397	563.9693	47.5231	654.8265	95.3472	665.7457	95.1852	671.3552	94.6759	674.9967	94.5833	
22/08/2017	01:16:14	011995	G488089592HLR	L488	S		633.9341	1.0400	0.0000	99.9640	40.1000	0.8230	1.1604	5.0000	28.4814	713.0669	94.8611	18.0791	25.1000	0.9300	0.9300	0.6810	0.0000	713.0000	714.2024	1.0272	-3.3567	99.6730	40.6683	0.8230	0.8248	5.0000	-9999.0000	-9999.0000	-9999.0000	-9999.0000	-9999.0000	-9999.0000	17.1286	8	0	29.3292	1.0000	99	9	-9999.0000	20141	47709	-9999	-9999	1126	2292	485.6866	3	0.6810	0.6839	-0.0002	51.1099	1.8294	664.9054	549.8692	47.3148	653.8931	95.1620	663.9623	95.1157	668.7289	94.6759	671.7190	94.6065	
22/08/2017	01:16:43	011995	G488089576HLR	L488	S		627.7692	1.0400	0.0000	99.8356	40.1000	0.8230	1.1603	5.0000	28.1468	713.0371	94.9537	21.3484	25.1000	0.9300	0.9300	0.6810	0.0000	713.0000	716.4331	1.0272	-3.4372	99.9561	40.6730	0.8230	0.8246	5.0000	-9999.0000	-9999.0000	-9999.0000	-9999.0000	-9999.0000	-9999.0000	17.4974	1	0	28.9175	1.0000	99	9	-9999.0000	20142	47710	-9999	-9999	1127	2294	485.6398	3	0.6810	0.6846	-0.0002	53.4250	1.6917	656.0542	570.4572	49.2361	642.7894	95.3241	654.9676	95.1157	659.7009	94.6759	663.7278	94.5833	
22/08/2017	01:17:15	011995	G488089572HLR	L488	S		624.4860	1.0400	0.0000	99.9956	40.1000	0.8230	1.1603	5.0000	28.7084	713.0286	94.8611	19.7792	25.1000	0.9300	0.9299	0.6810	0.0000	713.0000	714.7320	1.0272	-3.3758	100.0385	40.6899	0.8230	0.8248	5.0000	-9999.0000	-9999.0000	-9999.0000	-9999.0000	-9999.0000	-9999.0000	17.4782	2	0	31.6889	1.0000	99	9	-9999.0000	20143	47711	-9999	-9999	1128	2295	485.5741	3	0.6810	0.6825	-0.0001	54.1185	1.6844	656.3172	558.2409	45.7176	643.9072	95.1620	655.7502	94.9537	661.5324	94.6065	665.4456	94.6528	
22/08/2017	01:17:45	011995	G488089585HLR	L488	S		641.1793	1.0400	0.0000	99.8987	40.1011	0.8230	1.1603	5.0000	28.8287	713.0299	94.9074	18.4892	25.1000	0.9300	0.9299	0.6809	0.0000	713.0000	716.9015	1.0272	-3.4541	99.7797	40.6973	0.8230	0.8246	5.0000	-9999.0000	-9999.0000	-9999.0000	-9999.0000	-9999.0000	-9999.0000	18.1807	3	0	30.3575	1.0000	99	9	-9999.0000	20144	47712	-9999	-9999	1129	2297	485.6178	3	0.6809	0.6817	-0.0000	48.7792	1.9284	665.9442	554.3891	48.2176	654.1596	95.2083	664.7980	95.0231	669.6514	94.6065	673.4316	94.6065	
22/08/2017	01:18:18	011995	G488089574HLR	L488	S		641.5286	1.0400	0.0000	99.9676	40.1197	0.8230	1.1604	5.0000	27.2680	713.0599	94.8148	16.5694	25.1000	0.9300	0.9300	0.6809	0.0000	713.0000	715.0351	1.0272	-3.3868	100.0778	40.7013	0.8230	0.8251	5.0000	-9999.0000	-9999.0000	-9999.0000	-9999.0000	-9999.0000	-9999.0000	17.2885	4	0	32.6922	1.0000	99	9	-9999.0000	20144	47713	-9999	-9999	1130	2299	485.5515	3	0.6809	0.6817	-0.0000	48.7792	1.9284	666.8413	554.2154	47.6620	656.9282	95.2083	666.1414	95.0000	670.7875	94.6065	674.6800	94.5833	
22/08/2017	01:18:49	011995	G488089540HLR	L488	S		631.0401	1.0400	0.0000	99.8362	40.1306	0.8230	1.1604	5.0000	26.3891	713.0565	94.7685	17.6289	25.2000	0.9300	0.9300	0.6804	0.0000	713.0000	714.5696	1.0272	-3.3700	100.0645	40.7050	0.8230	0.8252	5.0000	-9999.0000	-9999.0000	-9999.0000	-9999.0000	-9999.0000	-9999.0000	17.1876	5	0	30.7749	1.0000	99	9	-9999.0000	20144	47714	-9999	-9999	1131	2301	485.3505	3	0.6804	0.6880	-0.0004	57.9948	1.4604	664.4135	530.9749	48.1481	650.0820	95.2083	663.4378	95.1389	667.9760	94.6528	671.9170	94.5602	
22/08/2017	01:19:22	011995	G488089520HLR	L488	S		635.7590	1.0400	0.0000	99.8647	40.1351	0.8230	1.1604	5.0000	25.9187	713.0599	94.8843	18.9189	25.1000	0.9300	0.9300	0.6804	0.0000	713.0000	714.7967	1.0272	-3.3782	99.6759	40.6907	0.8230	0.8249	5.0000	-9999.0000	-9999.0000	-9999.0000	-9999.0000	-9999.0000	-9999.0000	17.1791	6	0	32.8782	1.0000	99	9	-9999.0000	20144	47715	-9999	-9999	1132	2303	485.2152	3	0.6804	0.6880	-0.0004	57.9948	1.4604	661.4032	555.2195	45.9954	649.0154	95.2083	660.1808	95.0926	665.7826	94.6296	669.4591	94.5833	
22/08/2017	01:19:57	011995	G488089604HLR	L488	S		632.4106	1.0400	0.0000	100.1189	40.1264	0.8230	1.1603	5.0000	28.6601	713.0617	94.8611	19.3583	25.2000	0.9300	0.9300	0.6799	0.0000	713.0000	715.0898	1.0272	-3.3887	99.8382	40.6918	0.8230	0.8249	5.0000	-9999.0000	-9999.0000	-9999.0000	-9999.0000	-9999.0000	-9999.0000	17.2662	7	0	35.2481	1.0000	99	9	-9999.0000	20145	47716	-9999	-9999	1133	2305	485.0377	3	0.6799	0.6859	-0.0003	42.1686	2.2270	660.7329	528.8516	45.8565	649.5053	95.1620	660.1779	95.1389	666.2900	94.6759	669.5324	94.5833	
22/08/2017	01:20:27	011995	G488089603HLR	L488	S		633.7368	1.0400	0.0000	99.7796	40.1381	0.8230	1.1604	5.0000	26.2054	713.0511	94.9306	21.7391	25.1000	0.9300	0.9300	0.6797	0.0000	713.0000	716.4381	1.0272	-3.4374	100.0454	40.6844	0.8230	0.8247	5.0000	-9999.0000	-9999.0000	-9999.0000	-9999.0000	-9999.0000	-9999.0000	17.3988	8	0	29.8741	1.0000	99	9	-9999.0000	20145	47717	-9999	-9999	1134	2307	484.8613	3	0.6797	0.6857	-0.0003	44.7213	2.0853	658.4396	554.3861	49.2361	648.8031	95.2778	657.4363	95.0231	662.1552	94.6528	665.7633	94.6065	
22/08/2017	01:21:01	011995	G488089593HLR	L488	S		630.7865	1.0400	0.0000	100.0004	40.1319	0.8230	1.1603	5.0000	28.5575	713.0429	94.8843	18.1387	25.2000	0.9300	0.9299	0.6797	0.0000	713.0000	714.2267	1.0272	-3.3576	99.8340	40.6664	0.8230	0.8248	5.0000	-9999.0000	-9999.0000	-9999.0000	-9999.0000	-9999.0000	-9999.0000	17.4684	1	0	34.7317	1.0000	99	9	-9999.0000	20146	47718	-9999	-9999	1135	2309	484.6962	3	0.6797	0.6857	-0.0003	44.7213	2.0853	663.5349	571.0588	49.0278	654.6897	95.1157	662.9373	94.8380	669.3782	94.5833	671.7959	94.6759	
22/08/2017	01:21:33	011995	G488089589HLR	L488	S		636.2923	1.0400	0.0000	99.9309	40.1347	0.8230	1.1603	5.0000	27.7289	713.0775	94.9537	21.9588	25.2000	0.9300	0.9300	0.6791	0.0000	713.0000	718.6411	1.0272	-3.5168	99.9355	40.6750	0.8230	0.8248	5.0000	-9999.0000	-9999.0000	-9999.0000	-9999.0000	-9999.0000	-9999.0000	17.1989	2	0	31.9688	1.0000	99	9	-9999.0000	20147	47719	-9999	-9999	1136	2311	484.4703	3	0.6791	0.6843	-0.0003	41.1190	2.2052	665.1795	558.2312	48.9120	656.6078	95.2778	664.7288	95.1157	670.5662	94.6065	673.8565	94.6065	
22/08/2017	01:22:07	011995	G488089599HLR	L488	S		633.4679	1.0400	0.0000	99.8405	40.1494	0.8230	1.1604	5.0000	25.8058	713.0071	94.8380	24.2780	25.1000	0.9300	0.9298	0.6787	0.0000	713.0000	717.1603	1.0272	-3.4634	99.9233	40.6667	0.8230	0.8251	5.0000	-9999.0000	-9999.0000	-9999.0000	-9999.0000	-9999.0000	-9999.0000	17.3192	3	0	33.5176	1.0000	99	9	-9999.0000	20148	47720	-9999	-9999	1137	2313	484.2085	3	0.6787	0.6872	-0.0004	52.7886	1.5439	656.0571	529.2566	47.5694	648.5700	95.2778	655.3997	94.9769	660.0698	94.6296	662.9669	94.6065	
22/08/2017	01:22:39	011995	G488089600HLR	L488	S		632.7203	1.0400	0.0000	99.8716	40.1415	0.8230	1.1603	5.0000	27.5480	713.0329	94.8148	16.7793	25.2000	0.9300	0.9299	0.6787	0.0000	713.0000	712.6440	1.0272	-3.3005	99.9284	40.6595	0.8230	0.8245	5.0000	-9999.0000	-9999.0000	-9999.0000	-9999.0000	-9999.0000	-9999.0000	20.0109	4	0	31.6488	1.0000	99	9	-9999.0000	20149	47721	-9999	-9999	1137	2315	483.9939	3	0.6787	0.6872	-0.0004	52.7886	1.5439	665.1126	568.7028	46.6898	654.1818	95.2315	664.4917	95.1157	670.4570	94.6296	674.0795	94.5833	
22/08/2017	01:23:10	011995	G488089575HLR	L488	S		619.8256	1.0400	0.0000	99.8100	40.1444	0.8230	1.1603	5.0000	26.9305	713.0581	94.8611	23.9186	25.0000	0.9300	0.9299	0.6780	0.0000	713.0000	713.8128	1.0272	-3.3427	99.6324	40.6663	0.8230	0.8253	5.0000	-9999.0000	-9999.0000	-9999.0000	-9999.0000	-9999.0000	-9999.0000	17.3422	5	0	31.3783	1.0000	99	9	-9999.0000	20150	47722	-9999	-9999	1138	2317	483.9266	3	0.6780	0.6849	-0.0003	52.7890	1.5177	648.4499	555.8320	46.2731	638.3860	95.3241	647.8409	95.0231	653.1721	94.6528	657.6307	94.6065	
22/08/2017	01:23:42	011995	G488089596HLR	L488	S		628.4914	1.0400	0.0000	99.8106	40.1536	0.8230	1.1604	5.0000	25.7823	713.0876	94.8611	17.9590	25.1000	0.9300	0.9299	0.6780	0.0000	713.0000	709.5574	1.0272	-3.1892	99.7836	40.6667	0.8230	0.8249	5.0000	-9999.0000	-9999.0000	-9999.0000	-9999.0000	-9999.0000	-9999.0000	18.8188	6	0	32.4883	1.0000	99	9	-9999.0000	20150	47723	-9999	-9999	1139	2319	483.5673	3	0.6780	0.6849	-0.0003	52.7890	1.5177	662.6896	596.1217	49.9769	652.3328	95.3935	661.6442	95.1157	666.4311	94.6065	670.3000	94.6065	
22/08/2017	01:24:14	011995	G488089598HLR	L488	S		628.1446	1.0400	0.0000	100.1715	40.1364	0.8230	1.1603	5.0000	29.0173	713.0504	94.8380	22.4695	25.1000	0.9300	0.9299	0.6777	0.0000	713.0000	712.6494	1.0272	-3.3007	99.7405	40.6633	0.8230	0.8251	5.0000	-9999.0000	-9999.0000	-9999.0000	-9999.0000	-9999.0000	-9999.0000	17.3795	7	0	31.3979	1.0000	99	9	-9999.0000	20151	47724	-9999	-9999	1140	2321	483.3121	3	0.6777	0.6880	-0.0005	68.8161	0.6272	654.3766	558.2890	48.9352	646.6627	95.3472	653.2447	95.0694	658.0439	94.6528	662.8258	94.6065	
22/08/2017	01:24:47	011995	G488089588HLR	L488	S		635.0869	1.0400	0.0000	99.9941	40.1344	0.8230	1.1603	5.0000	28.2454	713.0316	94.8843	16.0489	25.1000	0.9300	0.9299	0.6777	0.0000	713.0000	710.7195	1.0272	-3.2311	99.9808	40.6580	0.8230	0.8251	5.0000	-9999.0000	-9999.0000	-9999.0000	-9999.0000	-9999.0000	-9999.0000	17.2984	8	0	33.2284	1.0000	99	9	-9999.0000	20152	47725	-9999	-9999	1141	2323	483.2799	3	0.6777	0.6880	-0.0005	68.8161	0.6272	667.9253	561.0393	47.5694	657.7206	95.2546	667.1199	95.0694	672.7680	94.6296	676.6378	94.5833	
22/08/2017	01:25:20	011995	G488089579HLR	L488	S		637.6661	1.0400	0.0000	100.0036	40.1333	0.8230	1.1602	5.0000	28.6121	713.0684	94.9074	15.9493	25.2000	0.9300	0.9300	0.6778	0.0000	713.0000	711.9366	1.0272	-3.2750	99.9029	40.6575	0.8230	0.8249	5.0000	-9999.0000	-9999.0000	-9999.0000	-9999.0000	-9999.0000	-9999.0000	17.4683	1	0	32.7086	1.0000	99	9	-9999.0000	20153	47726	-9999	-9999	1141	2325	483.3904	3	0.6778	0.6883	-0.0005	61.2987	1.0567	667.8691	556.6478	48.1944	656.6421	95.1620	666.8818	94.9769	672.8350	94.6065	677.3597	94.6065	
22/08/2017	01:25:51	011995	G488089571HLR	L488	S		627.0097	1.0400	0.0000	99.9767	40.1313	0.8230	1.1603	5.0000	28.3678	713.0765	94.8611	21.0184	25.2000	0.9300	0.9300	0.6779	0.0000	713.0000	711.1013	1.0272	-3.2449	99.9043	40.6527	0.8230	0.8251	5.0000	-9999.0000	-9999.0000	-9999.0000	-9999.0000	-9999.0000	-9999.0000	17.6889	2	0	31.6874	1.0000	99	9	-9999.0000	20154	47727	-9999	-9999	1142	2327	483.5437	3	0.6779	0.6871	-0.0004	72.5463	0.4778	655.2989	532.1891	47.8935	644.3449	95.2315	654.2294	95.0000	661.0284	94.6528	662.5303	94.6065	
22/08/2017	01:26:24	011995	G488089611HLR	L488	S		630.3548	1.0400	0.0000	100.0645	40.1118	0.8230	1.1602	5.0000	29.5481	713.0891	94.7917	17.0987	25.1000	0.9300	0.9299	0.6779	0.0000	713.0000	711.5547	1.0272	-3.2613	100.0786	40.6500	0.8230	0.8254	5.0000	-9999.0000	-9999.0000	-9999.0000	-9999.0000	-9999.0000	-9999.0000	17.2576	3	0	32.5987	1.0000	99	9	-9999.0000	20155	47728	-9999	-9999	1143	2329	483.4911	3	0.6779	0.6871	-0.0004	72.5463	0.4778	665.0342	558.4679	47.7546	652.7579	95.2778	664.0736	95.1157	669.5652	94.6528	672.1858	94.5602	
22/08/2017	01:26:56	011995	G488089609HLR	L488	S		629.5616	1.0400	0.0000	100.0175	40.1108	0.8230	1.1603	5.0000	28.4084	713.0514	94.7685	16.8487	25.1000	0.9300	0.9300	0.6780	0.0000	713.0000	708.7992	1.0272	-3.1619	99.8768	40.6500	0.8230	0.8254	5.0000	-9999.0000	-9999.0000	-9999.0000	-9999.0000	-9999.0000	-9999.0000	17.1080	4	0	32.3781	1.0000	99	9	-9999.0000	20156	47729	-9999	-9999	1144	2331	483.5088	3	0.6780	0.6870	-0.0004	73.9131	0.4232	665.3904	555.0289	46.8287	654.2927	95.1852	664.6439	94.9074	668.9451	94.6065	673.1655	94.6065	
22/08/2017	01:27:28	011995	G488088754HLR	L488	S		633.1734	1.0400	0.0000	100.0109	40.1000	0.8230	1.1602	5.0000	30.2678	713.0370	94.8843	16.0792	25.1000	0.9300	0.9300	0.6781	0.0000	713.0000	711.1179	1.0272	-3.2455	99.8100	40.6500	0.8230	0.8255	5.0000	-9999.0000	-9999.0000	-9999.0000	-9999.0000	-9999.0000	-9999.0000	17.1786	5	0	31.2884	1.0000	99	9	-9999.0000	20157	47730	-9999	-9999	1145	2332	483.5453	3	0.6781	0.6864	-0.0004	58.1524	1.1929	666.7973	548.4706	49.0046	654.4366	95.1852	665.8278	94.9537	671.0753	94.6296	675.2853	94.6065	
22/08/2017	01:28:00	011995	G488088753HLR	L488	S		627.4667	1.0400	0.0000	100.1640	40.1000	0.8230	1.1603	5.0000	29.6790	713.0989	94.8611	18.0098	25.1000	0.9300	0.9301	0.6784	0.0000	713.0000	713.0303	1.0272	-3.3145	100.0338	40.6500	0.8230	0.8255	5.0000	-9999.0000	-9999.0000	-9999.0000	-9999.0000	-9999.0000	-9999.0000	17.4269	6	0	32.3684	1.0000	99	9	-9999.0000	20157	47730	-9999	-9999	1146	2334	483.8585	3	0.6784	0.6861	-0.0004	58.0755	1.2059	661.9955	539.9557	48.7037	651.4538	95.2083	661.1528	95.0694	667.7691	94.6759	671.3477	94.5833	
22/08/2017	01:28:32	011995	G488088764HLR	L488	S		635.9387	1.0400	0.0000	100.2481	40.1000	0.8230	1.1603	5.0000	28.7485	713.0573	94.8148	16.2384	25.1000	0.9300	0.9300	0.6785	0.0000	713.0000	711.9285	1.0272	-3.2747	99.7964	40.6500	0.8230	0.8250	5.0000	-9999.0000	-9999.0000	-9999.0000	-9999.0000	-9999.0000	-9999.0000	18.5288	7	0	31.9379	1.0000	99	9	-9999.0000	20158	47731	-9999	-9999	1147	2336	483.8791	3	0.6785	0.6862	-0.0004	58.3913	1.1846	667.3491	551.6870	48.4028	655.4098	95.2778	666.2742	95.2083	671.6181	94.6759	675.6932	94.5602	
22/08/2017	01:29:04	011995	G488088751HLR	L488	S		633.9472	1.0400	0.0000	100.2925	40.1000	0.8230	1.1603	5.0000	29.4725	713.0470	94.8380	18.1797	25.1000	0.9300	0.9300	0.6792	0.0000	713.0000	714.2134	1.0272	-3.3571	99.7517	40.6486	0.8230	0.8255	5.0000	-9999.0000	-9999.0000	-9999.0000	-9999.0000	-9999.0000	-9999.0000	17.1893	8	0	32.2387	1.0000	99	9	-9999.0000	20159	47732	-9999	-9999	1148	2338	484.3899	3	0.6792	0.6864	-0.0004	66.0578	0.8009	663.4364	552.6339	49.1204	653.5196	95.1852	662.9089	95.0231	665.6313	94.6759	668.6618	94.6296	
22/08/2017	01:29:33	011995	G488088749HLR	L488	S		631.2082	1.0400	0.0000	100.0512	40.1000	0.8230	1.1603	5.0000	29.4178	713.0191	94.7685	17.1797	25.1000	0.9300	0.9301	0.6797	0.0000	713.0000	713.1295	1.0272	-3.3180	99.7723	40.6491	0.8230	0.8255	5.0000	-9999.0000	-9999.0000	-9999.0000	-9999.0000	-9999.0000	-9999.0000	17.1820	1	0	28.5022	1.0000	99	9	-9999.0000	20160	47733	-9999	-9999	1149	2340	484.6560	3	0.6797	0.6832	-0.0002	49.7473	1.7069	662.9501	553.1417	46.9907	652.2385	95.2083	662.0499	95.0463	667.7702	94.6528	671.4567	94.5833	
22/08/2017	01:30:00	011995	G488088740HLR	L488	S		633.6113	1.0400	0.0000	99.9729	40.1000	0.8230	1.1603	5.0000	28.2661	713.0499	94.7917	16.6387	25.2000	0.9300	0.9300	0.6796	0.0000	713.0000	712.7124	1.0272	-3.3030	99.6989	40.6493	0.8230	0.8257	5.0000	-9999.0000	-9999.0000	-9999.0000	-9999.0000	-9999.0000	-9999.0000	17.2372	2	0	27.5840	1.0000	99	9	-9999.0000	20161	47733	-9999	-9999	1150	2342	484.6578	3	0.6796	0.6836	-0.0002	49.4672	1.7405	666.1656	565.9829	46.8287	654.4789	95.1852	665.4942	95.0463	671.0934	94.6296	674.7595	94.5833	
22/08/2017	01:30:32	011995	G488088743HLR	L488	S		630.5114	1.0400	0.0000	100.1632	40.1000	0.8230	1.1603	5.0000	29.3987	713.1053	94.9537	19.3388	25.1000	0.9300	0.9300	0.6798	0.0000	713.0000	714.2880	1.0272	-3.3598	99.8817	40.6469	0.8230	0.8250	5.0000	-9999.0000	-9999.0000	-9999.0000	-9999.0000	-9999.0000	-9999.0000	17.2685	3	0	31.4982	1.0000	99	9	-9999.0000	20161	47734	-9999	-9999	1151	2344	484.8832	3	0.6798	0.6826	-0.0002	55.2678	1.3818	659.1735	545.9194	48.4491	649.9902	95.2546	658.3831	95.0694	663.8918	94.6528	665.9266	94.6065	
22/08/2017	01:31:05	011995	G488088744HLR	L488	S		635.7228	1.0400	0.0000	100.0362	40.1000	0.8230	1.1603	5.0000	28.9681	713.0482	94.9306	15.7189	25.1000	0.9300	0.9299	0.6795	0.0000	713.0000	712.2774	1.0272	-3.2873	99.6895	40.6611	0.8230	0.8247	5.0000	-9999.0000	-9999.0000	-9999.0000	-9999.0000	-9999.0000	-9999.0000	17.3779	4	0	32.7687	1.0000	99	9	-9999.0000	20162	47735	-9999	-9999	1152	2346	484.5640	3	0.6795	0.6825	-0.0002	55.2390	1.3732	666.2096	548.4320	47.3148	654.5615	95.1389	665.0846	94.8380	671.0081	94.5602	675.6675	94.6759	
22/08/2017	01:31:36	011995	G488088766HLR	L488	S		632.5038	1.0400	0.0000	100.0925	40.1000	0.8230	1.1603	5.0000	29.2213	713.0448	94.8843	15.8995	25.2000	0.9300	0.9301	0.6796	0.0000	713.0000	712.4240	1.0272	-3.2926	99.9908	40.6612	0.8230	0.8247	5.0000	-9999.0000	-9999.0000	-9999.0000	-9999.0000	-9999.0000	-9999.0000	17.5090	5	0	31.6683	1.0000	99	9	-9999.0000	20163	47736	-9999	-9999	1153	2348	484.6505	3	0.6796	0.6806	-0.0001	45.9614	1.9500	665.9515	594.5241	49.5139	656.5950	95.3241	664.8820	95.0231	671.6213	94.6296	675.9064	94.6065	
22/08/2017	01:32:09	011995	G488088741HLR	L488	S		635.9705	1.0400	0.0000	99.7943	40.1067	0.8230	1.1604	5.0000	25.5268	713.0658	94.9306	15.5089	25.2000	0.9300	0.9300	0.6796	0.0000	713.0000	712.3625	1.0272	-3.2904	100.0669	40.6548	0.8230	0.8248	5.0000	-9999.0000	-9999.0000	-9999.0000	-9999.0000	-9999.0000	-9999.0000	17.3991	6	0	32.6183	1.0000	99	9	-9999.0000	20164	47737	-9999	-9999	1154	2350	484.7634	3	0.6796	0.6878	-0.0005	55.5553	1.4296	664.8230	594.7759	49.3287	658.3906	95.3704	663.6861	95.0694	671.6909	94.6296	676.1015	94.6065	
22/08/2017	01:32:42	011995	G488088761HLR	L488	S		632.0519	1.0400	0.0000	99.7036	40.1140	0.8230	1.1605	5.0000	24.5985	713.0423	94.7685	16.6690	25.2000	0.9300	0.9300	0.6796	0.0000	713.0000	712.7260	1.0272	-3.3035	99.7713	40.6569	0.8230	0.8248	5.0000	-9999.0000	-9999.0000	-9999.0000	-9999.0000	-9999.0000	-9999.0000	17.1424	7	0	32.7579	1.0000	99	9	-9999.0000	20165	47738	-9999	-9999	1154	2352	484.6192	3	0.6796	0.6878	-0.0005	55.5553	1.4296	664.6866	560.8511	47.8241	654.2630	95.2546	663.8893	95.0463	669.9669	94.6296	673.2343	94.6065	
22/08/2017	01:33:13	011995	G488088752HLR	L488	S		630.2310	1.0400	0.0000	100.1850	40.1000	0.8230	1.1603	5.0000	28.4939	713.0825	94.8148	17.7891	25.2000	0.9300	0.9300	0.6797	0.0000	713.0000	713.1114	1.0272	-3.3174	99.8345	40.6540	0.8230	0.8249	5.0000	-9999.0000	-9999.0000	-9999.0000	-9999.0000	-9999.0000	-9999.0000	17.1310	8	0	31.3987	1.0000	99	9	-9999.0000	20166	47739	-9999	-9999	1155	2354	484.7218	3	0.6797	0.6887	-0.0005	42.1155	2.2180	662.1541	567.1292	46.0185	649.3511	95.2083	661.2875	94.9769	666.5518	94.6296	670.5455	94.6065	
22/08/2017	01:33:44	011995	G488088759HLR	L488	S		635.6778	1.0400	0.0000	100.1456	40.1000	0.8230	1.1603	5.0000	29.8547	713.0622	94.9306	14.4191	25.3000	0.9300	0.9300	0.6797	0.0000	713.0000	710.7822	1.0272	-3.2334	99.7198	40.6500	0.8230	0.8251	5.0000	-9999.0000	-9999.0000	-9999.0000	-9999.0000	-9999.0000	-9999.0000	17.1687	1	0	30.9583	1.0000	99	9	-9999.0000	20167	47740	-9999	-9999	1156	2356	484.7805	3	0.6797	0.6891	-0.0006	46.9865	1.9360	669.9720	519.5868	44.4907	654.9004	95.1852	668.8123	94.9306	675.6806	94.6065	678.9676	94.6296	
22/08/2017	01:34:16	011995	G488088768HLR	L488	S		633.7291	1.0400	0.0000	100.1530	40.1000	0.8230	1.1603	5.0000	28.7062	713.0401	94.9537	15.2795	25.3000	0.9300	0.9301	0.6796	0.0000	713.0000	711.8032	1.0272	-3.2702	99.6797	40.6553	0.8230	0.8249	5.0000	-9999.0000	-9999.0000	-9999.0000	-9999.0000	-9999.0000	-9999.0000	17.4887	2	0	31.8782	1.0000	99	9	-9999.0000	20168	47741	-9999	-9999	1157	2358	484.6235	3	0.6796	0.6924	-0.0008	45.4923	2.0245	667.6189	561.9862	47.1991	654.2768	95.1389	667.0546	94.9074	672.8791	94.6296	678.1150	94.6296	
22/08/2017	01:34:48	011995	G488088747HLR	L488	S		636.6375	1.0400	0.0000	99.9977	40.1000	0.8230	1.1603	5.0000	29.5759	713.0578	94.9306	15.4894	25.2000	0.9300	0.9300	0.6796	0.0000	713.0000	711.7496	1.0272	-3.2683	100.0479	40.6604	0.8230	0.8249	5.0000	-9999.0000	-9999.0000	-9999.0000	-9999.0000	-9999.0000	-9999.0000	17.3391	3	0	31.8380	1.0000	99	9	-9999.0000	20169	47742	-9999	-9999	1158	2360	484.6532	3	0.6796	0.6914	-0.0007	45.6767	2.0267	668.3510	542.6917	47.8704	655.8966	95.2315	667.2738	95.0000	672.8407	94.6528	676.5798	94.6296	
22/08/2017	01:35:20	011995	G488088748HLR	L488	S		632.6145	1.0400	0.0000	100.0569	40.1062	0.8230	1.1603	5.0000	29.7806	713.0294	94.8843	16.0284	25.2000	0.9300	0.9300	0.6797	0.0000	713.0000	712.7913	1.0272	-3.3059	99.7914	40.6606	0.8230	0.8249	5.0000	-9999.0000	-9999.0000	-9999.0000	-9999.0000	-9999.0000	-9999.0000	17.1532	4	0	32.4181	1.0000	99	9	-9999.0000	20170	47742	-9999	-9999	1159	2362	484.7201	3	0.6797	0.6870	-0.0004	48.4907	1.8490	666.7462	516.5979	46.8519	653.5365	95.2083	665.9070	95.0926	671.9458	94.6759	675.4901	94.6065	
22/08/2017	01:35:50	011995	G488088738HLR	L488	S		632.1793	1.0400	0.0000	99.9682	40.1297	0.8230	1.1603	5.0000	28.3588	713.0321	94.9074	15.6388	25.2000	0.9300	0.9300	0.6799	0.0000	713.0000	712.0919	1.0272	-3.2806	99.8518	40.6599	0.8230	0.8249	5.0000	-9999.0000	-9999.0000	-9999.0000	-9999.0000	-9999.0000	-9999.0000	17.3255	5	0	29.9984	1.0000	99	9	-9999.0000	20171	47743	-9999	-9999	1160	2364	484.8614	3	0.6799	0.6869	-0.0004	49.5597	1.7994	665.2684	534.9735	47.9630	653.4998	95.2315	664.2087	94.9537	671.3542	94.6065	674.9589	94.6065	
22/08/2017	01:36:21	011995	G488088756HLR	L488	S		635.1804	1.0400	0.0000	100.2312	40.1333	0.8230	1.1603	5.0000	27.9778	713.0706	94.9306	15.3986	25.2000	0.9300	0.9300	0.6802	0.0000	713.0000	712.3161	1.0272	-3.2887	99.6790	40.6564	0.8230	0.8250	5.0000	-9999.0000	-9999.0000	-9999.0000	-9999.0000	-9999.0000	-9999.0000	17.2679	6	0	31.2694	1.0000	99	9	-9999.0000	20172	47744	-9999	-9999	1161	2366	485.0952	3	0.6802	0.6872	-0.0004	47.6853	1.9326	668.1134	538.9963	46.0185	657.1738	95.2546	667.0298	95.1157	673.4536	94.6528	676.7592	94.6065	
22/08/2017	01:36:51	011995	G488088729HLR	L488	S		637.9091	1.0400	0.0000	99.8401	40.1333	0.8230	1.1602	5.0000	28.9086	713.1405	94.8380	15.5685	25.2000	0.9300	0.9301	0.6803	0.0000	713.0000	711.9833	1.0272	-3.2767	100.0169	40.6603	0.8230	0.8249	5.0000	-9999.0000	-9999.0000	-9999.0000	-9999.0000	-9999.0000	-9999.0000	17.1579	7	0	29.1474	1.0000	99	9	-9999.0000	20173	47745	-9999	-9999	1162	2368	485.2856	3	0.6803	0.6876	-0.0005	46.7751	1.9658	667.3939	547.7609	48.3565	656.6007	95.2083	666.2682	94.9537	672.6261	94.6296	677.6006	94.6296	
22/08/2017	01:37:21	011995	G488088728HLR	L488	S		625.0555	1.0400	0.0000	100.0267	40.1333	0.8230	1.1603	5.0000	28.8327	713.0537	94.8148	17.8194	25.2000	0.9300	0.9301	0.6803	0.0000	713.0000	714.3682	1.0272	-3.3627	99.7879	40.6590	0.8230	0.8247	5.0000	-9999.0000	-9999.0000	-9999.0000	-9999.0000	-9999.0000	-9999.0000	17.1379	8	0	30.3075	1.0000	99	9	-9999.0000	20174	47746	-9999	-9999	1163	2370	485.1549	3	0.6803	0.6875	-0.0004	47.1371	1.9590	663.5856	538.0169	47.2917	650.9320	95.3009	662.7754	95.1157	667.5762	94.6759	672.1350	94.5833	
22/08/2017	01:37:51	011995	G488088732HLR	L488	S		626.9865	1.0400	0.0000	100.0612	40.1333	0.8230	1.1602	5.0000	29.4943	713.0868	94.8148	18.2490	25.2000	0.9300	0.9300	0.6806	0.0000	713.0000	714.1758	1.0272	-3.3558	99.6819	40.6703	0.8230	0.8248	5.0000	-9999.0000	-9999.0000	-9999.0000	-9999.0000	-9999.0000	-9999.0000	17.1428	1	0	30.1693	1.0000	99	9	-9999.0000	20175	47746	-9999	-9999	1164	2372	485.3676	3	0.6806	0.6920	-0.0007	40.2129	2.4276	660.7401	546.5277	46.2963	648.9539	95.2778	660.0709	95.1157	665.5965	94.6528	670.4696	94.5833	
22/08/2017	01:38:22	011995	G488088808HLR	L488	S		634.6984	1.0400	0.0000	99.8981	40.1447	0.8230	1.1603	5.0000	26.8786	713.0171	94.9306	15.5392	25.1000	0.9300	0.9299	0.6806	0.0000	713.0000	712.5954	1.0272	-3.2988	99.7258	40.6683	0.8230	0.8247	5.0000	-9999.0000	-9999.0000	-9999.0000	-9999.0000	-9999.0000	-9999.0000	17.3085	2	0	30.6263	1.0000	99	9	-9999.0000	20175	47747	-9999	-9999	1165	2374	485.3031	3	0.6806	0.6920	-0.0007	40.2129	2.4276	666.9226	527.7818	45.0000	654.3064	95.2778	666.1803	95.0000	672.2008	94.6065	675.9058	94.6065	
22/08/2017	01:38:54	011995	G488088746HLR	L488	S		633.7140	1.0400	0.0000	99.9649	40.1333	0.8230	1.1602	5.0000	28.3175	713.0518	94.6991	17.4190	25.1000	0.9300	0.9300	0.6806	0.0000	713.0000	713.1514	1.0272	-3.3188	99.7562	40.6738	0.8230	0.8248	5.0000	-9999.0000	-9999.0000	-9999.0000	-9999.0000	-9999.0000	-9999.0000	17.1616	3	0	31.8196	1.0000	99	9	-9999.0000	20175	47747	-9999	-9999	1166	2376	485.4280	3	0.6806	0.6926	-0.0007	33.3258	2.8519	662.0240	535.3014	44.9537	645.1369	95.3241	660.9331	94.9537	667.3027	94.6065	671.1017	94.6296	
22/08/2017	01:39:27	011995	G488088779HLR	L488	S		630.3939	1.0400	0.0000	99.9481	40.1437	0.8230	1.1603	5.0000	26.1721	713.0690	94.9306	19.3593	25.1000	0.9300	0.9299	0.6806	0.0000	713.0000	714.5272	1.0272	-3.3685	100.0517	40.6792	0.8230	0.8248	5.0000	-9999.0000	-9999.0000	-9999.0000	-9999.0000	-9999.0000	-9999.0000	17.2889	4	0	33.9083	1.0000	99	9	-9999.0000	20176	47748	-9999	-9999	1167	2378	485.4087	3	0.6806	0.6909	-0.0006	27.3717	3.2523	657.4980	539.3845	46.3657	646.0872	95.3472	656.4595	95.0926	663.4266	94.6528	666.6594	94.5833	
22/08/2017	01:39:58	011995	G488088799HLR	L488	S		630.4260	1.0400	0.0000	99.9103	40.1396	0.8230	1.1604	5.0000	25.9595	713.0296	94.7685	18.0088	25.2000	0.9300	0.9300	0.6807	0.0000	713.0000	714.8793	1.0272	-3.3812	99.7147	40.6689	0.8230	0.8246	5.0000	-9999.0000	-9999.0000	-9999.0000	-9999.0000	-9999.0000	-9999.0000	17.5488	5	0	31.0082	1.0000	99	9	-9999.0000	20176	47749	-9999	-9999	1168	2380	485.2861	3	0.6807	0.6916	-0.0007	17.3274	3.8985	662.2843	532.4110	45.4861	647.0802	95.3241	661.6030	95.0231	667.6302	94.6296	670.7988	94.6065	
22/08/2017	01:40:29	011995	G488088810HLR	L488	S		631.2633	1.0400	0.0000	99.9390	40.1319	0.8230	1.1603	5.0000	27.0871	713.0594	94.6991	17.7188	25.1000	0.9300	0.9299	0.6807	0.0000	713.0000	715.0303	1.0272	-3.3866	100.0302	40.6543	0.8230	0.8247	5.0000	-9999.0000	-9999.0000	-9999.0000	-9999.0000	-9999.0000	-9999.0000	17.2758	6	0	31.0092	1.0000	99	9	-9999.0000	20177	47750	-9999	-9999	1169	2382	485.4129	3	0.6807	0.6916	-0.0007	17.3274	3.8985	662.8616	521.8654	46.5741	648.3922	95.3009	662.1772	94.9769	667.9775	94.5833	672.5692	94.6065	
22/08/2017	01:41:00	011995	G488088811HLR	L488	S		632.9155	1.0400	0.0000	99.8435	40.1195	0.8230	1.1602	5.0000	27.6780	713.0551	94.7454	18.1894	25.2000	0.9300	0.9300	0.6806	0.0000	713.0000	713.9337	1.0272	-3.3470	100.0822	40.6500	0.8230	0.8247	5.0000	-9999.0000	-9999.0000	-9999.0000	-9999.0000	-9999.0000	-9999.0000	17.4160	7	0	30.5381	1.0000	99	9	-9999.0000	20177	47751	-9999	-9999	1169	2384	485.3322	3	0.6806	0.6889	-0.0005	19.7233	3.7120	662.1333	528.5672	47.3380	651.1604	95.2546	661.0064	95.0000	667.3549	94.6065	670.2728	94.5833	
22/08/2017	01:41:30	011995	G488088801HLR	L488	S		627.6704	1.0400	0.0000	99.9084	40.1055	0.8230	1.1602	5.0000	28.8176	713.0415	94.8843	22.9587	25.2000	0.9300	0.9300	0.6802	0.0000	713.0000	717.9748	1.0272	-3.4928	99.8465	40.6548	0.8230	0.8247	5.0000	-9999.0000	-9999.0000	-9999.0000	-9999.0000	-9999.0000	-9999.0000	17.1561	8	0	30.2084	1.0000	99	9	-9999.0000	20177	47752	-9999	-9999	1170	2385	485.2003	3	0.6802	0.6894	-0.0005	38.0136	2.5626	657.1643	540.0140	47.4306	646.9700	95.3241	656.2335	94.9769	663.1677	94.6296	666.8845	94.6296	
22/08/2017	01:42:02	011995	G488089552HLR	L488	S		632.5255	1.0400	0.0000	99.8809	40.1000	0.8230	1.1602	5.0000	28.8783	713.0489	94.7454	17.4785	25.1000	0.9300	0.9299	0.6802	0.0000	713.0000	714.4114	1.0272	-3.3643	99.6863	40.6579	0.8230	0.8247	5.0000	-9999.0000	-9999.0000	-9999.0000	-9999.0000	-9999.0000	-9999.0000	17.2680	1	0	31.7983	1.0000	99	9	-9999.0000	20178	47753	-9999	-9999	1171	2386	485.0781	3	0.6802	0.6894	-0.0005	38.0136	2.5626	664.3773	546.2913	48.2176	650.1404	95.3241	663.3364	95.1620	668.0754	94.6296	672.7036	94.5833	
22/08/2017	01:42:32	011995	G488089550HLR	L488	S		628.3049	1.0400	0.0000	99.9164	40.1000	0.8230	1.1602	5.0000	28.0675	713.0367	94.9306	19.1191	25.3000	0.9300	0.9300	0.6800	0.0000	713.0000	713.4878	1.0272	-3.3310	99.9110	40.6718	0.8230	0.8249	5.0000	-9999.0000	-9999.0000	-9999.0000	-9999.0000	-9999.0000	-9999.0000	17.1285	2	0	30.2782	1.0000	99	9	-9999.0000	20179	47754	-9999	-9999	1172	2388	484.9789	3	0.6800	0.6904	-0.0006	35.6946	2.6582	659.3281	535.9551	46.0417	649.4981	95.3704	658.4878	95.0694	664.2207	94.6296	667.9345	94.6065	
22/08/2017	01:43:07	011995	G488089551HLR	L488	S		628.6822	1.0400	0.0000	99.9075	40.1000	0.8230	1.1602	5.0000	28.0449	713.0413	94.9306	19.5995	25.1000	0.9300	0.9299	0.6795	0.0000	713.0000	714.4797	1.0272	-3.3667	99.6977	40.6697	0.8230	0.8248	5.0000	-9999.0000	-9999.0000	-9999.0000	-9999.0000	-9999.0000	-9999.0000	17.2166	3	0	34.8574	1.0000	99	9	-9999.0000	20180	47754	-9999	-9999	1173	2390	484.9164	3	0.6795	0.6924	-0.0007	48.5862	1.9022	659.5914	558.0304	49.1435	647.7212	95.4167	658.7269	95.0926	662.8903	94.6296	667.9531	94.5833	
22/08/2017	01:43:42	011995	G488089542HLR	L488	S		627.8496	1.0400	0.0000	99.9974	40.0987	0.8230	1.1603	5.0000	27.4348	713.0872	94.6991	17.4092	25.1000	0.9300	0.9298	0.6795	0.0000	713.0000	713.5067	1.0272	-3.3317	99.9888	40.6704	0.8230	0.8249	5.0000	-9999.0000	-9999.0000	-9999.0000	-9999.0000	-9999.0000	-9999.0000	17.3522	4	0	34.9787	1.0000	99	9	-9999.0000	20181	47755	-9999	-9999	1174	2392	484.6550	3	0.6795	0.6924	-0.0007	48.5862	1.9022	662.4083	556.8983	49.2593	650.6441	95.3704	661.3454	95.0926	667.3294	94.6065	671.2340	94.5833	
22/08/2017	01:44:13	011995	G488089539HLR	L488	S		630.9817	1.0400	0.0000	99.9180	40.0917	0.8230	1.1607	5.0000	27.2484	713.0417	94.8148	19.1191	25.2000	0.9300	0.9299	0.6793	0.0000	713.0000	712.9284	1.0272	-3.3108	99.7144	40.6465	0.8230	0.8248	5.0000	-9999.0000	-9999.0000	-9999.0000	-9999.0000	-9999.0000	-9999.0000	17.1388	5	0	31.0373	1.0000	99	9	-9999.0000	20182	47755	-9999	-9999	1175	2394	484.3875	3	0.6793	0.6913	-0.0007	54.7952	1.5772	658.9795	561.3634	48.8889	648.1819	95.3241	657.7195	95.0231	664.0870	94.6065	667.9688	94.6065	
22/08/2017	01:44:45	011995	G488089521HLR	L488	S		628.5543	1.0400	0.0000	100.0241	40.0758	0.8230	1.1603	5.0000	28.7886	713.0418	94.8380	19.3593	25.2000	0.9300	0.9299	0.6792	0.0000	713.0000	713.0733	1.0272	-3.3160	99.6689	40.6472	0.8230	0.8252	5.0000	-9999.0000	-9999.0000	-9999.0000	-9999.0000	-9999.0000	-9999.0000	17.1991	6	0	31.8969	1.0000	99	9	-9999.0000	20183	47756	-9999	-9999	1176	2396	484.4237	3	0.6792	0.6909	-0.0006	52.1963	1.6828	658.1551	541.5635	49.2593	648.0954	95.3935	657.6531	95.0926	663.6119	94.6296	667.8831	94.5833	
22/08/2017	01:45:17	011995	G488089612HLR	L488	S		627.8456	1.0400	0.0000	100.0096	40.0871	0.8230	1.1603	5.0000	27.1467	713.0723	94.7917	18.9795	25.2000	0.9300	0.9299	0.6792	0.0000	713.0000	712.4115	1.0272	-3.2922	99.8308	40.6470	0.8230	0.8251	5.0000	-9999.0000	-9999.0000	-9999.0000	-9999.0000	-9999.0000	-9999.0000	17.3489	7	0	32.3381	1.0000	99	9	-9999.0000	20183	47757	-9999	-9999	1177	2398	484.4054	3	0.6792	0.6909	-0.0006	52.1963	1.6828	660.2730	549.5531	45.5787	649.8045	95.3009	659.6092	95.0000	665.9154	94.5833	669.1621	94.5833	
22/08/2017	01:45:49	011995	G488089530HLR	L488	S		622.4080	1.0400	0.0000	100.2273	40.0667	0.8230	1.1603	5.0000	31.8079	713.0523	94.8843	24.0680	25.2000	0.9300	0.9300	0.6789	0.0000	713.0000	714.4923	1.0272	-3.3672	99.7930	40.6478	0.8230	0.8251	5.0000	-9999.0000	-9999.0000	-9999.0000	-9999.0000	-9999.0000	-9999.0000	17.1286	8	0	31.1584	1.0000	99	9	-9999.0000	20183	47758	-9999	-9999	1178	2400	484.2505	3	0.6789	0.6901	-0.0006	61.2903	1.2231	650.3651	539.2203	46.8981	638.9196	95.3241	649.6545	95.0000	655.0127	94.6528	658.4142	94.5833	
22/08/2017	01:46:19	011995	G488089529HLR	L488	S		624.8104	1.0400	0.0000	99.9058	40.0954	0.8230	1.1604	5.0000	26.0654	713.0243	94.9537	20.0292	25.3000	0.9300	0.9299	0.6789	0.0000	713.0000	713.4777	1.0272	-3.3306	99.7048	40.6493	0.8230	0.8251	5.0000	-9999.0000	-9999.0000	-9999.0000	-9999.0000	-9999.0000	-9999.0000	17.3787	1	0	30.8889	1.0000	99	9	-9999.0000	20184	47759	-9999	-9999	1179	2402	484.1066	3	0.6789	0.6901	-0.0006	60.1175	1.2884	658.1203	552.8008	47.6852	644.7556	95.3472	657.1992	95.0926	663.2348	94.6065	666.4067	94.6065	
22/08/2017	01:46:51	011995	G488089518HLR	L488	S		629.1858	1.0400	0.0000	99.9855	40.0967	0.8230	1.1604	5.0000	27.0481	713.0908	94.8380	18.5791	25.2000	0.9300	0.9298	0.6789	0.0000	713.0000	713.2600	1.0272	-3.3228	100.0408	40.6500	0.8230	0.8252	5.0000	-9999.0000	-9999.0000	-9999.0000	-9999.0000	-9999.0000	-9999.0000	17.2880	2	0	31.5381	1.0000	99	9	-9999.0000	20185	47760	-9999	-9999	1180	2404	484.1999	3	0.6789	0.6901	-0.0006	60.1175	1.2884	660.5732	547.9270	46.7824	647.9544	95.3472	659.5652	95.0463	665.6536	94.5833	670.0994	94.6065	
22/08/2017	01:47:22	011995	G488089519HLR	L488	S		631.5856	1.0400	0.0000	100.0058	40.0865	0.8230	1.1603	5.0000	28.9389	713.0903	94.8843	19.1396	25.1000	0.9300	0.9299	0.6790	0.0000	713.0000	715.2789	1.0272	-3.3956	99.7023	40.6482	0.8230	0.8249	5.0000	-9999.0000	-9999.0000	-9999.0000	-9999.0000	-9999.0000	-9999.0000	17.2858	3	0	31.1879	1.0000	99	9	-9999.0000	20186	47761	-9999	-9999	1180	2406	484.2684	3	0.6790	0.6901	-0.0006	56.2428	1.4840	662.9023	534.5996	47.3380	650.9345	95.2546	662.0281	95.0463	668.3832	94.6296	670.0023	94.5833	
22/08/2017	01:47:58	011995	G488089601HLR	L488	S		627.5385	1.0400	0.0000	99.9147	40.0975	0.8230	1.1603	5.0000	29.3675	713.0658	94.9537	20.2089	25.2000	0.9300	0.9299	0.6788	0.0000	713.0000	712.7537	1.0272	-3.3045	99.7669	40.6497	0.8230	0.8250	5.0000	-9999.0000	-9999.0000	-9999.0000	-9999.0000	-9999.0000	-9999.0000	17.3407	4	0	35.6684	1.0000	99	9	-9999.0000	20187	47762	-9999	-9999	1181	2407	484.1603	3	0.6788	0.6860	-0.0004	55.9849	1.5015	656.9407	551.9182	46.0185	644.7852	95.3241	655.6092	94.9537	662.4076	94.5833	665.3330	94.6296	
22/08/2017	01:48:29	011995	G488089605HLR	L488	S		627.0322	1.0400	0.0000	99.9372	40.1000	0.8230	1.1603	5.0000	26.8480	713.0382	94.8611	19.9384	25.1000	0.9300	0.9298	0.6791	0.0000	713.0000	713.1409	1.0272	-3.3185	99.7456	40.6496	0.8230	0.8250	5.0000	-9999.0000	-9999.0000	-9999.0000	-9999.0000	-9999.0000	-9999.0000	17.1792	5	0	30.8681	1.0000	99	9	-9999.0000	20188	47763	-9999	-9999	1182	2409	484.0340	3	0.6791	0.6833	-0.0002	55.4600	1.5316	656.7995	515.4658	45.0694	643.8856	95.3472	655.6314	95.0231	661.1957	94.6065	664.9464	94.6065	
22/08/2017	01:49:02	011995	G488089614HLR	L488	S		623.5587	1.0400	0.0000	99.7340	40.1090	0.8230	1.1605	5.0000	25.0376	713.0662	94.7685	18.6093	25.1000	0.9300	0.9298	0.6791	0.0000	713.0000	712.2809	1.0272	-3.2874	99.7217	40.6595	0.8230	0.8256	5.0000	-9999.0000	-9999.0000	-9999.0000	-9999.0000	-9999.0000	-9999.0000	17.4877	6	0	33.1680	1.0000	99	9	-9999.0000	20189	47763	-9999	-9999	1183	2411	484.2498	3	0.6791	0.6833	-0.0002	55.4600	1.5316	659.9164	552.8896	47.8935	646.8124	95.3241	658.8552	95.0000	663.8065	94.5833	667.7135	94.6296	
22/08/2017	01:49:33	011995	G488089583HLR	L488	S		626.4007	1.0400	0.0000	100.0098	40.1000	0.8230	1.1603	5.0000	28.6185	713.0303	95.0000	20.2284	25.2000	0.9300	0.9299	0.6788	0.0000	713.0000	712.3703	1.0272	-3.2907	99.7467	40.6500	0.8230	0.8252	5.0000	-9999.0000	-9999.0000	-9999.0000	-9999.0000	-9999.0000	-9999.0000	17.5192	7	0	31.2386	1.0000	99	9	-9999.0000	20190	47764	-9999	-9999	1184	2413	484.0826	3	0.6788	0.6839	-0.0002	58.7633	1.3615	655.6980	554.6783	45.6250	644.6995	95.3472	654.9578	95.0463	660.7494	94.6296	664.9478	94.5833	
22/08/2017	01:50:02	011995	G488089590HLR	L488	S		629.3576	1.0400	0.0000	100.0105	40.1000	0.8230	1.1603	5.0000	28.0190	713.0484	94.9769	24.7487	25.1000	0.9300	0.9298	0.6788	0.0000	713.0000	716.9966	1.0272	-3.4575	99.8227	40.6532	0.8230	0.8250	5.0000	-9999.0000	-9999.0000	-9999.0000	-9999.0000	-9999.0000	-9999.0000	19.0662	8	0	28.7182	1.0000	99	9	-9999.0000	20191	47765	-9999	-9999	1185	2414	484.0595	3	0.6788	0.6840	-0.0003	58.6060	1.3684	655.6337	553.6391	45.9954	646.7090	95.3472	655.0235	95.0694	659.5370	94.6296	661.6913	94.6065	
22/08/2017	01:50:33	011995	G488089591HLR	L488	S		629.2326	1.0400	0.0000	99.9792	40.1000	0.8230	1.1603	5.0000	28.1586	713.0539	94.9306	19.8691	25.1000	0.9300	0.9298	0.6789	0.0000	713.0000	713.3730	1.0272	-3.3268	100.0431	40.6500	0.8230	0.8253	5.0000	-9999.0000	-9999.0000	-9999.0000	-9999.0000	-9999.0000	-9999.0000	17.6074	1	0	31.5686	1.0000	99	9	-9999.0000	20192	47766	-9999	-9999	1186	2416	484.0865	3	0.6789	0.6857	-0.0003	53.9942	1.5829	657.6283	545.0859	46.8750	646.7146	95.3241	656.5509	94.9769	662.1208	94.5602	665.4522	94.6528	
22/08/2017	01:51:04	011995	G488089610HLR	L488	S		626.3231	1.0400	0.0000	99.8938	40.1138	0.8230	1.1605	5.0000	25.2181	713.0243	94.9537	22.3084	25.1000	0.9300	0.9299	0.6789	0.0000	713.0000	713.2390	1.0272	-3.3220	99.6712	40.6475	0.8230	0.8247	5.0000	-9999.0000	-9999.0000	-9999.0000	-9999.0000	-9999.0000	-9999.0000	17.4185	2	0	30.3185	1.0000	99	9	-9999.0000	20193	47767	-9999	-9999	1187	2417	484.1090	3	0.6789	0.6849	-0.0003	55.2899	1.5237	651.6982	561.2421	48.1713	644.5607	95.4630	651.0396	95.0231	656.4455	94.5833	660.0615	94.6528	
22/08/2017	01:51:37	011995	G488089580HLR	L488	S		625.8111	1.0400	0.0000	99.9603	40.1000	0.8230	1.1603	5.0000	27.2690	713.0864	94.9537	20.0487	25.1000	0.9300	0.9298	0.6785	0.0000	713.0000	712.3787	1.0272	-3.2910	99.8925	40.6484	0.8230	0.8249	5.0000	-9999.0000	-9999.0000	-9999.0000	-9999.0000	-9999.0000	-9999.0000	17.1485	3	0	32.9876	1.0000	99	9	-9999.0000	20194	47768	-9999	-9999	1188	2418	484.2282	3	0.6785	0.6885	-0.0005	55.8208	1.5058	656.9413	561.1973	48.8194	646.1609	95.3935	655.8802	95.0926	661.2286	94.6065	665.5411	94.5833	
22/08/2017	01:52:09	011995	G488089584HLR	L488	S		635.3080	1.0400	0.0000	99.9853	40.1000	0.8230	1.1603	5.0000	28.2452	713.0404	94.9074	15.7990	25.1000	0.9300	0.9299	0.6785	0.0000	713.0000	711.9095	1.0272	-3.2741	99.7950	40.6515	0.8230	0.8247	5.0000	-9999.0000	-9999.0000	-9999.0000	-9999.0000	-9999.0000	-9999.0000	17.3676	4	0	32.6280	1.0000	99	9	-9999.0000	20195	47769	-9999	-9999	1189	2420	483.8362	3	0.6785	0.6885	-0.0005	55.8208	1.5058	669.3499	570.0959	49.3056	657.6403	95.3009	668.1629	95.0463	673.4088	94.5833	676.9712	94.6065	
22/08/2017	01:52:44	011995	G488089581HLR	L488	S		626.2409	1.0400	0.0000	99.9312	40.1000	0.8230	1.1604	5.0000	25.7388	713.0770	94.9537	20.6083	25.2000	0.9300	0.9299	0.6785	0.0000	713.0000	711.6006	1.0272	-3.2629	99.7842	40.6479	0.8230	0.8249	5.0000	-9999.0000	-9999.0000	-9999.0000	-9999.0000	-9999.0000	-9999.0000	17.1963	5	0	34.5187	1.0000	99	9	-9999.0000	20196	47770	-9999	-9999	1190	2422	483.7903	3	0.6785	0.6877	-0.0005	73.8233	0.5755	655.3144	576.7339	51.1111	647.6647	95.3935	654.4591	95.0000	660.6404	94.6065	664.0214	94.6065	
22/08/2017	01:53:17	011995	G488089582HLR	L488	S		630.0014	1.0400	0.0000	99.9474	40.1000	0.8230	1.1604	5.0000	25.7531	713.0486	94.8843	19.3896	25.1000	0.9300	0.9298	0.6786	0.0000	713.0000	710.2025	1.0272	-3.2125	99.7126	40.6479	0.8230	0.8251	5.0000	-9999.0000	-9999.0000	-9999.0000	-9999.0000	-9999.0000	-9999.0000	17.1373	6	0	32.6780	1.0000	99	9	-9999.0000	20197	47771	-9999	-9999	1191	2423	483.8189	3	0.6786	0.6794	-0.0000	73.7580	0.5781	658.8512	547.5329	46.8750	647.8133	95.3472	657.6989	95.0926	663.3366	94.6296	666.8734	94.5833	
22/08/2017	01:53:55	011995	G488089608HLR	L488	S		629.0081	1.0400	0.0000	99.8629	40.0895	0.8230	1.1603	5.0000	26.8372	713.0401	94.8843	22.0388	25.1000	0.9300	0.9298	0.6787	0.0000	713.0000	715.2761	1.0272	-3.3955	99.7546	40.6484	0.8230	0.8256	5.0000	-9999.0000	-9999.0000	-9999.0000	-9999.0000	-9999.0000	-9999.0000	17.1536	7	0	38.8375	1.0000	99	9	-9999.0000	20198	47772	-9999	-9999	1192	2425	483.9137	3	0.6787	0.6816	-0.0001	75.6237	0.4941	655.5241	578.9238	45.9259	645.4752	95.3472	654.8630	95.0694	660.2614	94.6065	663.2301	94.6296	
22/08/2017	01:54:26	011995	G488089607HLR	L488	S		628.8690	1.0400	0.0000	99.8965	40.0846	0.8230	1.1604	5.0000	25.8579	713.0197	94.8843	21.6688	25.1000	0.9300	0.9299	0.6789	0.0000	713.0000	713.0059	1.0272	-3.3136	99.7707	40.6500	0.8230	0.8253	5.0000	-9999.0000	-9999.0000	-9999.0000	-9999.0000	-9999.0000	-9999.0000	18.5777	8	0	30.5991	1.0000	99	9	-9999.0000	20199	47773	-9999	-9999	1193	2427	483.9201	3	0.6789	0.6816	-0.0001	78.2740	0.3734	654.6957	531.5097	44.3750	643.8052	95.2778	654.0715	94.9537	659.9953	94.6065	663.0322	94.6759	
22/08/2017	01:54:58	011995	G488089606HLR	L488	S		628.8232	1.0400	0.0000	100.1365	40.0660	0.8230	1.1607	5.0000	29.2690	713.0321	94.8148	23.6491	25.1000	0.9300	0.9298	0.6791	0.0000	713.0000	715.7270	1.0272	-3.4117	99.9949	40.7024	0.8230	0.8269	5.0000	-9999.0000	-9999.0000	-9999.0000	-9999.0000	-9999.0000	-9999.0000	17.5482	1	0	32.1288	1.0000	99	9	-9999.0000	20200	47774	-9999	-9999	1194	2429	484.1416	3	0.6791	0.6820	-0.0001	63.8866	1.0394	656.7772	566.7912	46.7130	645.4709	95.4167	655.8784	95.0694	659.9008	94.6296	663.0863	94.5833	
22/08/2017	01:55:33	011995	G488089577HLR	L488	S		625.1115	1.0400	0.0000	99.9921	40.0553	0.8230	1.1603	5.0000	28.8425	713.1069	94.8843	21.7488	25.1000	0.9300	0.9298	0.6789	0.0000	713.0000	713.5062	1.0272	-3.3316	99.7244	40.6911	0.8230	0.8267	5.0000	-9999.0000	-9999.0000	-9999.0000	-9999.0000	-9999.0000	-9999.0000	17.1989	2	0	34.9770	1.0000	99	9	-9999.0000	20201	47775	-9999	-9999	1195	2431	484.3720	3	0.6789	0.6907	-0.0006	62.6849	1.0833	653.2545	536.5070	46.0185	642.0427	95.3935	652.3814	95.0694	657.9855	94.6065	661.2459	94.6065	
22/08/2017	01:56:08	011995	G488089569HLR	L488	S		612.4499	1.0400	0.0000	99.9165	40.0563	0.8230	1.1604	5.0000	27.1115	713.0508	94.7917	27.8882	25.0000	0.9300	0.9298	0.6788	0.0000	713.0000	710.2295	1.0272	-3.2135	99.7598	40.6953	0.8230	0.8255	5.0000	-9999.0000	-9999.0000	-9999.0000	-9999.0000	-9999.0000	-9999.0000	19.9792	3	0	35.3788	1.0000	99	9	-9999.0000	20202	47776	-9999	-9999	1196	2433	484.1383	3	0.6788	0.6950	-0.0008	58.4121	1.2580	639.9957	559.0284	45.8796	631.0673	95.5324	639.3449	95.0694	645.6528	94.6296	647.5286	94.5833	
22/08/2017	01:56:42	011995	G488089586HLR	L488	S		625.6922	1.0400	0.0000	100.1385	40.0333	0.8230	1.1603	5.0000	31.8583	713.0291	94.8843	18.8486	25.1000	0.9300	0.9299	0.6785	0.0000	713.0000	710.8317	1.0272	-3.2352	99.7110	40.7112	0.8230	0.8268	5.0000	-9999.0000	-9999.0000	-9999.0000	-9999.0000	-9999.0000	-9999.0000	17.1481	4	0	33.0277	1.0000	99	9	-9999.0000	20203	47777	-9999	-9999	1197	2435	484.0250	3	0.6785	0.6912	-0.0006	58.6367	1.2293	657.8933	527.8515	48.2176	648.7389	95.3935	656.7573	95.0231	663.0655	94.5602	666.4816	94.6528	
22/08/2017	01:57:16	011995	G488089587HLR	L488	S		628.4737	1.0400	0.0000	99.9632	40.0467	0.8230	1.1603	5.0000	27.6284	713.0676	94.9074	21.1990	25.1000	0.9300	0.9299	0.6788	0.0000	713.0000	712.0010	1.0272	-3.2774	99.7911	40.7122	0.8230	0.8263	5.0000	-9999.0000	-9999.0000	-9999.0000	-9999.0000	-9999.0000	-9999.0000	17.1841	5	0	34.7478	1.0000	99	9	-9999.0000	20204	47778	-9999	-9999	1198	2437	483.8618	3	0.6788	0.6883	-0.0005	54.7361	1.4396	654.8500	544.5058	47.2685	637.3838	95.3935	653.7148	95.0463	660.7966	94.6065	663.7169	94.6065	
22/08/2017	01:57:45	011995	G488089573HLR	L488	S		625.9019	1.0400	0.0000	99.9268	40.0466	0.8230	1.1604	5.0000	26.3788	713.0493	94.9074	24.0690	25.2000	0.9300	0.9299	0.6791	0.0000	713.0000	714.9789	1.0272	-3.3847	99.7385	40.7027	0.8230	0.8253	5.0000	-9999.0000	-9999.0000	-9999.0000	-9999.0000	-9999.0000	-9999.0000	18.0289	6	0	28.4586	1.0000	99	9	-9999.0000	20204	47779	-9999	-9999	1199	2439	484.0833	3	0.6791	0.6882	-0.0004	50.0381	1.6678	652.2156	537.8952	48.7731	645.6458	95.5093	651.7011	95.1157	658.1225	94.6296	660.4787	94.5833	
22/08/2017	01:58:18	011995	G488089578HLR	L488	S		626.7409	1.0400	0.0000	99.9135	40.0511	0.8230	1.1605	5.0000	25.5992	713.0705	94.9537	24.5289	25.1000	0.9300	0.9298	0.6794	0.0000	713.0000	714.9638	1.0272	-3.3842	99.6910	40.6835	0.8230	0.8250	5.0000	-9999.0000	-9999.0000	-9999.0000	-9999.0000	-9999.0000	-9999.0000	17.5320	7	0	33.3986	1.0000	99	9	-9999.0000	20205	47780	-9999	-9999	1200	2440	484.3283	3	0.6794	0.7005	-0.0010	52.2366	1.5829	650.1249	552.4848	46.7824	641.2076	95.3935	649.4973	95.0463	654.6209	94.5833	658.1670	94.6065	
22/08/2017	01:58:58	011995	G488089567HLR	L488	S		630.0159	1.0400	0.0000	100.0595	40.0333	0.8230	1.1603	5.0000	29.2379	713.0335	94.9074	20.0497	25.2000	0.9300	0.9298	0.6794	0.0000	713.0000	713.2297	1.0272	-3.3217	100.0708	40.6975	0.8230	0.8256	5.0000	-9999.0000	-9999.0000	-9999.0000	-9999.0000	-9999.0000	-9999.0000	17.1684	8	0	40.0281	1.0000	99	9	-9999.0000	20206	47781	-9999	-9999	1201	2442	484.4440	3	0.6794	0.7005	-0.0010	52.2366	1.5829	658.2547	533.8664	47.1991	646.6585	95.2778	656.9805	95.0000	663.0396	94.5833	665.5443	94.6296	
22/08/2017	01:59:27	011995	G488089566HLR	L488	S		619.8062	1.0400	0.0000	100.0918	40.0317	0.8230	1.1603	5.0000	30.0925	713.0215	94.7917	23.8786	25.2000	0.9300	0.9299	0.6791	0.0000	713.0000	714.7457	1.0272	-3.3763	99.7077	40.6797	0.8230	0.8248	5.0000	-9999.0000	-9999.0000	-9999.0000	-9999.0000	-9999.0000	-9999.0000	17.5688	1	0	28.5277	1.0000	99	9	-9999.0000	20207	47782	-9999	-9999	1202	2444	484.4148	3	0.6791	0.6983	-0.0009	50.8012	1.6181	649.9484	523.7941	44.9074	637.6111	95.4167	649.0506	95.0231	653.4659	94.6065	657.7565	94.6065	
22/08/2017	01:59:59	011995	G488088733HLR	L488	S		627.4371	1.0400	0.0000	99.9319	40.0376	0.8230	1.1604	5.0000	27.3384	713.0618	94.8611	17.3887	25.2000	0.9300	0.9298	0.6788	0.0000	713.0000	712.7175	1.0272	-3.3032	99.9656	40.6500	0.8230	0.8255	5.0000	-9999.0000	-9999.0000	-9999.0000	-9999.0000	-9999.0000	-9999.0000	17.1783	2	0	31.8091	1.0000	99	9	-9999.0000	20208	47783	-9999	-9999	1203	2446	484.2672	3	0.6788	0.6963	-0.0008	45.8484	1.8029	661.4233	525.8183	46.7593	649.9098	95.3009	660.2750	94.9769	667.5045	94.5602	671.8121	94.6528	
