Data	Timp	Nr. masina	Nr. de serie	Tip	Productie	Comentariu	Pre-masurare Q [ml/min]	Pre-masurare Gain	Pre-masurare Offset Master	Pre-masurare P [bar]	Pre-masurare T [°C]	Pre-masurare Densitate fixa [kg/l]	Pre-masurare densitate masurata [kg/l]	Pre-masurare Timp masurare [s]	Pre-masurare Cycle time [s]	rectificare Q Oprire [ml/min]	rectificare P Oprire [bar]	rectificare Timp rectificare [s]	rectificare T [°C]	rectificare Densitate fixa [kg/l]	rectificare densitate masurata [kg/l]	rectificare Factor de masurare la rectificare	rectificare Factor de corectie a debitului	rectificare Target rectificare	Masurare Q [ml/min]	Masurare Gain	Masurare Offset Master	Masurare P [bar]	Masurare T [°C]	Masurare Densitate fixa [kg/l]	Masurare densitate masurata [kg/l]	Masurare Timp masurare [s]	Masurare Q [ml/min]	Masurare Delta Q [ml/min]	Masurare P [bar]	Masurare BP [bar]	Masurare T [°C]	Masurare Timp masurare [s]	Masurare Cycle time [s]	Nest Nr.	Cod de descarcare	Cycle time [s]	Traceability aktiv	EDM Maschine Nr	EDM Spindle Nr	Honing Rate [r	Station Counter Premeasure	Station Counter Grind	Station Counter Blowout 1	Station Counter Wash	Station Counter Measure	Station Counter Blowout 2	RealGrindQStop	Reg Type	Factor 0	Factor 1	Factor 2	Factor 3	Factor 4	G_StartQV	G_StartQV_1	G_StartQV_2	G_StartQV_3	G_StartQV_4	G_StartQV_5	
05/08/2017	15:18:55	011995	G523003313HLR	L523	S		0.0000	0.0000	0.0000	0.0000	0.0000	0.8230	0.0000	0.0000	0.0000	0.0000	0.0000	0.0000	0.0000	0.9300	0.0000	0.0000	0.0000	0.0000	0.0000	0.0000	0.0000	0.0000	0.0000	0.8230	0.0000	0.0000	0.0000	0.0000	0.0000	0.0000	0.0000	0.0000	0.0000	0	42	2.4794	1.0000	99	9	0.0000	0	0	-9999	0	0	3698	0.0000	0	0.0000	0.0000	0.0000	0.0000	0.0000	0.0000	0.0000	0.0000	0.0000	0.0000	0.0000	0.0000	0.0000	0.0000	0.0000	0.0000	
05/08/2017	15:26:30	011995	G523003320HLR	L523	S		451.2297	1.0400	0.0000	99.9887	39.5848	0.8230	1.1616	5.0000	22.9786	508.1174	95.0463	13.7190	24.2000	0.9300	0.9431	0.5965	-0.0011	508.0000	-9999.0000	0.0000	0.0000	-9999.0000	-9999.0000	0.8230	-9999.0000	0.0000	-9999.0000	-9999.0000	-9999.0000	-9999.0000	-9999.0000	-9999.0000	0.0000	7	0	25.0289	1.0000	99	9	-9999.0000	47315	22039	-9999	-9999	0	3705	295.6597	5	0.5869	0.5965	-0.0011	29.1245	2.4884	432.9491	179.1042	16.7824	482.9193	68.4722	405.3276	64.1204	435.9938	92.5231	471.5664	94.6065	
05/08/2017	15:27:21	011995	G523003145HLR	L523	S		451.6000	1.0400	0.0000	99.7273	39.6640	0.8230	1.1612	5.0000	24.4380	508.1138	94.9769	10.7787	24.1000	0.9300	0.9433	0.5965	-0.0011	508.0000	509.0909	1.0272	10.8728	100.0259	40.4012	0.8230	0.8300	5.0000	-9999.0000	-9999.0000	-9999.0000	-9999.0000	-9999.0000	-9999.0000	17.1684	1	0	24.9255	1.0000	99	9	-9999.0000	47316	22040	-9999	-9999	1787	3708	297.2194	5	0.5869	0.5965	-0.0011	29.1245	2.4884	482.0766	677.2659	44.6065	504.4258	101.9444	480.8404	96.5046	482.9702	94.7222	483.4854	94.6065	
05/08/2017	15:28:13	011995	G523003299HLR	L523	S		448.8430	1.0400	0.0000	99.7831	39.7380	0.8230	1.1614	5.0000	23.1795	508.0618	94.9769	12.0697	24.4000	0.9300	0.9432	0.5965	-0.0011	508.0000	510.7724	1.0272	10.8021	99.9839	40.6333	0.8230	0.8257	5.0000	-9999.0000	-9999.0000	-9999.0000	-9999.0000	-9999.0000	-9999.0000	17.2184	3	0	24.8281	1.0000	99	9	-9999.0000	47317	22041	-9999	-9999	1788	3711	296.4954	5	0.5869	0.5965	-0.0011	29.1245	2.4884	483.1310	542.1217	43.2407	497.8311	95.4630	493.1981	98.1944	474.6785	93.9120	479.4038	95.0231	
05/08/2017	15:29:04	011995	G523003311HLR	L523	S		449.4113	1.0400	0.0000	99.9201	39.6512	0.8230	1.1615	5.0000	22.2596	508.0712	95.0000	12.1497	24.0000	0.9300	0.9431	0.5954	-0.0011	508.0000	508.9159	1.0272	10.8801	99.9967	40.7098	0.8230	0.8271	5.0000	-9999.0000	-9999.0000	-9999.0000	-9999.0000	-9999.0000	-9999.0000	17.0189	5	0	24.9489	1.0000	99	9	-9999.0000	47318	22042	-9999	-9999	1789	3713	295.9118	5	0.5838	0.5954	-0.0011	29.1558	2.4911	471.0717	656.9247	44.9074	503.3899	100.6481	470.5983	94.9074	475.3623	94.8148	480.0759	94.7222	
05/08/2017	15:29:55	011995	G523002926HLR	L523	S		441.9531	1.0400	0.0000	99.8589	39.7070	0.8230	1.1615	5.0000	24.0886	508.0974	94.9537	13.8097	24.1000	0.9300	0.9431	0.5945	-0.0011	508.0000	509.8650	1.0272	10.8403	100.0254	40.6757	0.8230	0.8261	5.0000	-9999.0000	-9999.0000	-9999.0000	-9999.0000	-9999.0000	-9999.0000	17.1383	7	0	24.7686	1.0000	99	9	-9999.0000	47319	22043	-9999	-9999	1790	3716	294.5729	5	0.5822	0.5945	-0.0011	29.1790	2.4931	464.5676	637.2533	44.2824	494.5147	100.2083	464.4616	94.5370	468.9108	94.7685	474.2329	94.8148	
05/08/2017	15:30:47	011995	G523003329HLR	L523	S		450.3385	1.0400	0.0000	99.8796	39.7481	0.8230	1.1614	5.0000	23.5968	508.0918	95.0231	11.8597	24.1000	0.9300	0.9432	0.5945	-0.0011	508.0000	508.3736	1.0272	10.9029	99.9053	40.7257	0.8230	0.8253	5.0000	-9999.0000	-9999.0000	-9999.0000	-9999.0000	-9999.0000	-9999.0000	17.2790	1	0	24.9492	1.0000	99	9	-9999.0000	47320	22044	-9999	-9999	1791	3719	295.6402	5	0.5820	0.5945	-0.0011	29.1801	2.4932	470.4171	545.1010	41.7130	496.1753	99.4444	469.8135	94.3287	475.0843	94.7222	480.8988	94.8843	
05/08/2017	15:31:41	011995	G523003330HLR	L523	S		444.9778	1.0400	0.0000	99.8456	39.7782	0.8230	1.1613	5.0000	23.5369	508.0815	95.0000	13.1995	24.2000	0.9300	0.9432	0.5940	-0.0011	508.0000	509.1785	1.0272	10.8691	100.0282	40.7490	0.8230	0.8265	5.0000	-9999.0000	-9999.0000	-9999.0000	-9999.0000	-9999.0000	-9999.0000	17.0182	3	0	27.5389	1.0000	99	9	-9999.0000	47321	22045	-9999	-9999	1792	3722	294.6615	5	0.5809	0.5940	-0.0011	29.1931	2.4943	465.4584	548.0696	42.5000	489.7587	100.2546	465.0508	94.5139	470.5806	94.8148	475.6045	94.8611	
05/08/2017	15:32:30	011995	G523003296HLR	L523	S		453.6667	1.0400	0.0000	99.8876	39.7921	0.8230	1.1613	5.0000	23.2390	508.0832	95.0231	9.9302	24.1000	0.9300	0.9432	0.6054	-0.0020	508.0000	508.6221	1.0272	10.8925	99.9800	40.7129	0.8230	0.8258	5.0000	-9999.0000	-9999.0000	-9999.0000	-9999.0000	-9999.0000	-9999.0000	17.0677	5	0	24.8590	1.0000	99	9	-9999.0000	47322	22046	-9999	-9999	1793	3725	297.5446	5	0.5810	0.6054	-0.0020	16.9077	3.6299	472.7553	404.0561	37.5926	488.1353	101.7130	472.3044	94.5602	479.1747	94.8611	485.0574	94.8148	
05/08/2017	15:33:21	011995	G523003309HLR	L523	S		448.3900	1.0400	0.0000	99.8453	39.8016	0.8230	1.1612	5.0000	23.5885	508.0912	95.0000	12.5491	24.2000	0.9300	0.9432	0.6056	-0.0020	508.0000	509.7526	1.0272	10.8450	99.7785	40.7591	0.8230	0.8253	5.0000	-9999.0000	-9999.0000	-9999.0000	-9999.0000	-9999.0000	-9999.0000	16.9744	7	0	24.8288	1.0000	99	9	-9999.0000	47323	22047	-9999	-9999	1794	3728	294.8320	5	0.5806	0.6056	-0.0020	18.1665	3.5182	461.7747	541.2469	42.6389	486.1650	100.4630	461.4051	94.6065	467.8677	94.8611	473.3841	94.8380	
05/08/2017	15:34:13	011995	G523002934HLR	L523	S		456.9080	1.0400	0.0000	99.9300	39.8293	0.8230	1.1615	5.0000	21.4785	508.1723	95.0231	9.5795	24.1000	0.9300	0.9432	0.6044	-0.0019	508.0000	510.5221	1.0272	10.8127	99.9056	40.7601	0.8230	0.8264	5.0000	-9999.0000	-9999.0000	-9999.0000	-9999.0000	-9999.0000	-9999.0000	16.9690	1	0	26.4488	1.0000	99	9	-9999.0000	47324	22048	-9999	-9999	1795	3731	297.8291	5	0.5813	0.6044	-0.0019	23.4500	3.1043	476.2086	536.3317	41.3889	499.1110	99.9769	475.5452	94.4907	481.6894	94.8611	487.0703	94.9074	
05/08/2017	15:34:59	011995	G523002933HLR	L523	S		451.7399	1.0400	0.0000	99.8752	39.8243	0.8230	1.1612	5.0000	23.2083	508.0873	95.0463	11.2191	24.1000	0.9300	0.9432	0.6045	-0.0019	508.0000	510.4995	1.0272	10.8136	99.9599	40.7167	0.8230	0.8248	5.0000	-9999.0000	-9999.0000	-9999.0000	-9999.0000	-9999.0000	-9999.0000	17.1590	3	0	23.0187	1.0000	99	9	-9999.0000	47325	22049	-9999	-9999	1796	3734	296.1205	5	0.5809	0.6045	-0.0019	23.9249	3.0503	400.1134	567.1222	45.2778	493.1754	100.9722	398.6174	95.6250	473.2237	94.6759	483.2239	94.9306	
05/08/2017	15:36:17	011995	G523002924HLR	L523	Q		442.0628	1.0400	0.0000	99.8672	39.7907	0.8230	1.1613	5.0000	23.5082	508.0784	95.0000	12.4290	24.2000	0.9300	0.9433	0.6047	-0.0020	508.0000	510.3630	1.0272	10.8193	100.0056	40.7849	0.8230	0.8257	5.0000	-9999.0000	-9999.0000	-9999.0000	-9999.0000	-9999.0000	-9999.0000	17.4395	6	0	24.7692	1.0000	99	9	-9999.0000	47325	22050	-9999	-9999	1798	3739	294.8656	5	0.5812	0.6047	-0.0020	24.9769	2.9657	461.1808	505.4684	43.0556	490.7320	103.2176	461.4915	94.5139	467.3698	94.9306	475.0337	94.7917	
05/08/2017	15:36:42	011995	G523002946HLR	L523	Q		453.2708	1.0400	0.0000	99.8941	39.8333	0.8230	1.1618	5.0000	20.6394	508.0877	95.0463	9.7495	24.1000	0.9300	0.9431	0.6003	-0.0016	508.0000	509.6082	1.0272	10.8511	99.7734	40.7375	0.8230	0.8252	5.0000	-9999.0000	-9999.0000	-9999.0000	-9999.0000	-9999.0000	-9999.0000	17.4659	7	0	24.8180	1.0000	99	9	-9999.0000	47326	22051	-9999	-9999	1799	3741	296.9313	5	0.5811	0.6003	-0.0016	26.2539	2.8606	477.1251	538.0301	42.3843	498.2300	95.3472	476.4278	94.3287	482.2767	94.8380	487.6558	94.9769	
05/08/2017	15:37:07	011995	G523002928HLR	L523	S		446.6489	1.0400	0.0000	99.8844	39.8529	0.8230	1.1618	5.0000	20.0584	508.0555	94.9769	12.6595	24.0000	0.9300	0.9430	0.6003	-0.0016	508.0000	508.2428	1.0272	10.9084	99.8638	40.7500	0.8230	0.8244	5.0000	-9999.0000	-9999.0000	-9999.0000	-9999.0000	-9999.0000	-9999.0000	17.0486	8	0	24.8499	1.0000	99	9	-9999.0000	47326	22052	-9999	-9999	1800	3743	294.5158	5	0.5811	0.6003	-0.0016	26.2539	2.8606	464.0021	416.9511	40.5556	479.1390	96.1343	463.1901	94.3981	468.6931	94.6991	473.6655	94.9537	
05/08/2017	15:37:32	011995	G523002932HLR	L523	S		451.0288	1.0400	0.0000	99.8173	39.8778	0.8230	1.1617	5.0000	19.6688	508.0543	95.0000	11.5287	24.1000	0.9300	0.9430	0.6003	-0.0016	508.0000	508.6698	1.0272	10.8905	99.9737	40.8000	0.8230	0.8251	5.0000	-9999.0000	-9999.0000	-9999.0000	-9999.0000	-9999.0000	-9999.0000	17.2473	1	0	24.8876	1.0000	99	9	-9999.0000	47327	22053	-9999	-9999	1801	3745	295.4438	5	0.5811	0.6003	-0.0016	26.2539	2.8606	466.6318	451.8535	41.2269	483.7358	96.3657	465.7195	94.2130	471.4911	94.7917	479.7713	95.0000	
05/08/2017	15:37:57	011995	G523002930HLR	L523	S		451.6455	1.0400	0.0000	99.9254	39.9022	0.8230	1.1617	5.0000	20.2194	508.0678	95.0694	9.3501	24.1000	0.9300	0.9431	0.5996	-0.0016	508.0000	509.1315	1.0272	10.8711	99.8737	40.8059	0.8230	0.8259	5.0000	-9999.0000	-9999.0000	-9999.0000	-9999.0000	-9999.0000	-9999.0000	17.1884	2	0	25.0689	1.0000	99	9	-9999.0000	47328	22054	-9999	-9999	1802	3747	297.0506	5	0.5805	0.5996	-0.0016	24.3915	3.0167	477.9959	446.1089	40.1620	499.0087	96.1111	477.1988	94.2361	481.8330	94.8611	489.5865	94.9537	
05/08/2017	15:38:22	011995	G523002913HLR	L523	S		445.2632	1.0400	0.0000	99.8235	39.9050	0.8230	1.1616	5.0000	19.9847	508.0158	95.0000	13.3294	24.0000	0.9300	0.9431	0.5979	-0.0015	508.0000	507.4872	1.0272	10.9402	99.7285	40.7832	0.8230	0.8258	5.0000	-9999.0000	-9999.0000	-9999.0000	-9999.0000	-9999.0000	-9999.0000	17.1209	3	0	24.8087	1.0000	99	9	-9999.0000	47329	22055	-9999	-9999	1803	3749	293.7209	5	0.5807	0.5979	-0.0015	26.3767	2.8792	462.4673	478.4124	41.1343	484.3796	97.5231	461.7095	94.4213	468.6663	94.7685	477.2339	95.0000	
05/08/2017	15:38:46	011995	G523002912HLR	L523	S		447.5788	1.0400	0.0000	99.9058	39.9092	0.8230	1.1617	5.0000	19.8288	508.1196	95.0231	12.2494	24.0000	0.9300	0.9431	0.5978	-0.0015	508.0000	508.4161	1.0272	10.9011	99.7765	40.7537	0.8230	0.8249	5.0000	-9999.0000	-9999.0000	-9999.0000	-9999.0000	-9999.0000	-9999.0000	17.2789	4	0	24.9391	1.0000	99	9	-9999.0000	47330	22056	-9999	-9999	1804	3750	294.6095	5	0.5805	0.5978	-0.0015	27.9369	2.7222	466.7620	486.6662	40.6944	485.9328	95.7639	465.9160	94.3519	471.1110	94.9306	477.2509	95.0000	
05/08/2017	15:39:11	011995	G523002922HLR	L523	S		451.4558	1.0400	0.0000	99.8798	39.9170	0.8230	1.1616	5.0000	19.9882	508.0669	95.0926	10.5200	24.0000	0.9300	0.9430	0.5983	-0.0015	508.0000	508.6546	1.0272	10.8911	99.9027	40.7812	0.8230	0.8244	5.0000	-9999.0000	-9999.0000	-9999.0000	-9999.0000	-9999.0000	-9999.0000	17.0983	5	0	24.7678	1.0000	99	9	-9999.0000	47331	22057	-9999	-9999	1804	3751	295.8560	5	0.5808	0.5983	-0.0015	31.2058	2.3996	474.5663	474.4802	41.8750	495.6896	96.0648	473.7927	94.4907	478.6560	94.7917	483.4340	95.0463	
05/08/2017	15:39:36	011995	G523002962HLR	L523	S		440.0419	1.0400	0.0000	99.8963	39.9368	0.8230	1.1616	5.0000	19.9393	508.0673	94.9769	14.0901	24.0000	0.9300	0.9430	0.5975	-0.0015	508.0000	506.5279	1.0272	10.9805	99.8257	40.8241	0.8230	0.8252	5.0000	-9999.0000	-9999.0000	-9999.0000	-9999.0000	-9999.0000	-9999.0000	17.1766	6	0	24.7487	1.0000	99	9	-9999.0000	47332	22058	-9999	-9999	1805	3753	293.0241	5	0.5810	0.5975	-0.0015	34.2497	2.1832	460.7342	459.6982	42.6852	482.3768	97.5694	459.7147	94.9769	463.7809	94.8843	468.9176	94.8843	
05/08/2017	15:40:01	011995	G523002909HLR	L523	S		445.0672	1.0400	0.0000	99.8685	39.9396	0.8230	1.1617	5.0000	19.9508	508.1026	94.9769	13.7893	24.0000	0.9300	0.9430	0.5973	-0.0015	508.0000	508.3971	1.0272	10.9019	99.8152	40.8249	0.8230	0.8258	5.0000	-9999.0000	-9999.0000	-9999.0000	-9999.0000	-9999.0000	-9999.0000	17.0483	7	0	24.8788	1.0000	99	9	-9999.0000	47333	22059	-9999	-9999	1806	3754	293.3486	5	0.5810	0.5973	-0.0015	37.4510	1.8669	463.4997	532.7484	42.3843	485.0257	95.8102	462.7483	94.7454	467.6867	94.8148	472.2501	94.9769	
05/08/2017	15:40:27	011995	G523002910HLR	L523	S		451.1495	1.0400	0.0000	99.8978	39.9422	0.8230	1.1616	5.0000	20.1384	508.0549	95.0926	10.2289	24.0000	0.9300	0.9430	0.5959	-0.0013	508.0000	507.6836	1.0272	10.9319	99.9112	40.7923	0.8230	0.8255	5.0000	-9999.0000	-9999.0000	-9999.0000	-9999.0000	-9999.0000	-9999.0000	17.2085	8	0	26.2992	1.0000	99	9	-9999.0000	47334	22060	-9999	-9999	1807	3756	295.8079	5	0.5804	0.5959	-0.0013	39.3339	1.7392	475.5558	495.8964	42.1528	493.3927	95.9722	474.9289	94.6991	479.9101	94.8380	485.1870	94.9537	
05/08/2017	15:40:52	011995	G523002916HLR	L523	S		453.5678	1.0400	0.0000	99.9198	39.9506	0.8230	1.1616	5.0000	20.1378	508.0611	95.0463	10.3090	24.0000	0.9300	0.9430	0.5945	-0.0012	508.0000	507.9320	1.0272	10.9215	99.8686	40.7754	0.8230	0.8245	5.0000	-9999.0000	-9999.0000	-9999.0000	-9999.0000	-9999.0000	-9999.0000	17.2180	1	0	24.8084	1.0000	99	9	-9999.0000	47335	22061	-9999	-9999	1808	3758	295.7868	5	0.5807	0.5945	-0.0012	36.8564	1.9226	477.8243	517.1426	41.5509	497.6693	97.5000	477.2684	95.1157	482.4356	94.8380	486.7462	94.8611	
05/08/2017	15:41:17	011995	G523002918HLR	L523	S		449.0690	1.0400	0.0000	99.9142	39.9735	0.8230	1.1616	5.0000	20.0291	508.0528	94.9769	11.7797	24.0000	0.9300	0.9432	0.5929	-0.0011	508.0000	509.3956	1.0272	10.8600	100.0620	40.8118	0.8230	0.8245	5.0000	-9999.0000	-9999.0000	-9999.0000	-9999.0000	-9999.0000	-9999.0000	17.2085	2	0	24.7679	1.0000	99	9	-9999.0000	47336	22062	-9999	-9999	1809	3760	294.8963	5	0.5803	0.5929	-0.0011	39.9733	1.6736	480.4384	503.6649	40.9259	494.0423	97.4769	479.4214	95.4398	481.3488	94.8148	484.0961	94.8148	
05/08/2017	15:41:42	011995	G523002646HLR	L523	S		446.4835	1.0400	0.0000	99.8954	39.9793	0.8230	1.1616	5.0000	19.9475	508.0938	95.0231	12.7395	24.0000	0.9300	0.9431	0.5937	-0.0011	508.0000	507.7648	1.0272	10.9285	99.9331	40.8488	0.8230	0.8253	5.0000	-9999.0000	-9999.0000	-9999.0000	-9999.0000	-9999.0000	-9999.0000	17.4183	3	0	24.7790	1.0000	99	9	-9999.0000	47337	22062	-9999	-9999	1809	3761	294.4145	5	0.5800	0.5937	-0.0011	39.8627	1.6935	468.6782	532.6002	43.7037	492.4855	97.3380	468.1271	95.2778	472.4296	94.9306	477.2778	94.8843	
05/08/2017	15:42:06	011995	G523001104HLR	L523	S		441.5315	1.0400	0.0000	99.9283	39.9891	0.8230	1.1615	5.0000	20.1698	508.0625	94.9537	15.2189	24.0000	0.9300	0.9430	0.5941	-0.0012	508.0000	507.7912	1.0272	10.9274	100.0453	40.8386	0.8230	0.8258	5.0000	-9999.0000	-9999.0000	-9999.0000	-9999.0000	-9999.0000	-9999.0000	17.3578	4	0	24.9791	1.0000	99	9	-9999.0000	47338	22063	-9999	-9999	1810	3763	292.8773	5	0.5804	0.5941	-0.0012	34.0096	2.1657	462.5056	502.1026	43.2407	483.8484	96.6435	461.8110	95.1389	465.8642	94.8843	471.7290	94.8611	
05/08/2017	15:42:31	011995	G523002657HLR	L523	S		451.5684	1.0400	0.0000	99.8989	40.0032	0.8230	1.1619	5.0000	19.8694	508.0543	95.0463	10.6000	24.0000	0.9300	0.9430	0.5941	-0.0012	508.0000	507.1896	1.0272	10.9527	100.0283	40.8036	0.8230	0.8253	5.0000	-9999.0000	-9999.0000	-9999.0000	-9999.0000	-9999.0000	-9999.0000	17.2379	5	0	24.7583	1.0000	99	9	-9999.0000	47339	22064	-9999	-9999	1811	3764	295.6900	5	0.5804	0.5941	-0.0012	34.0096	2.1657	475.4552	553.2632	43.7037	496.2096	95.8796	474.9634	94.5370	479.5217	94.8148	484.9872	94.9769	
05/08/2017	15:42:56	011995	G523002900HLR	L523	S		452.2903	1.0400	0.0000	99.9082	40.0086	0.8230	1.1615	5.0000	19.9806	508.0690	95.0000	11.1791	24.0000	0.9300	0.9431	0.5952	-0.0013	508.0000	507.8697	1.0272	10.9241	99.8913	40.8000	0.8230	0.8243	5.0000	-9999.0000	-9999.0000	-9999.0000	-9999.0000	-9999.0000	-9999.0000	17.2685	6	0	24.9513	1.0000	99	9	-9999.0000	47340	22065	-9999	-9999	1812	3766	295.2973	5	0.5804	0.5952	-0.0013	34.6457	2.1203	473.3689	459.7887	42.5231	496.8019	97.8472	472.7745	94.9074	478.2411	94.9074	483.2119	94.8843	
05/08/2017	15:43:21	011995	G523002903HLR	L523	S		449.3510	1.0400	0.0000	99.9090	40.0090	0.8230	1.1615	5.0000	20.3169	508.0442	94.9769	11.4096	24.0000	0.9300	0.9431	0.5946	-0.0012	508.0000	507.6556	1.0272	10.9331	99.8618	40.8487	0.8230	0.8247	5.0000	-9999.0000	-9999.0000	-9999.0000	-9999.0000	-9999.0000	-9999.0000	17.1387	7	0	24.8362	1.0000	99	9	-9999.0000	47341	22066	-9999	-9999	1813	3768	295.1145	5	0.5803	0.5946	-0.0012	34.8944	2.1042	472.1601	495.8586	43.0787	492.4348	97.3843	471.2290	95.0000	476.8051	94.9074	481.3364	94.8843	
05/08/2017	15:43:46	011995	G523002883HLR	L523	S		447.9898	1.0400	0.0000	99.9446	40.0163	0.8230	1.1615	5.0000	20.2185	508.0620	95.0000	12.6390	24.0000	0.9300	0.9431	0.5936	-0.0011	508.0000	508.0040	1.0272	10.9185	99.8514	40.8619	0.8230	0.8257	5.0000	-9999.0000	-9999.0000	-9999.0000	-9999.0000	-9999.0000	-9999.0000	17.0773	8	0	24.7932	1.0000	99	9	-9999.0000	47342	22067	-9999	-9999	1814	3770	294.4497	5	0.5796	0.5936	-0.0011	37.4051	1.8884	470.4599	477.0088	41.4120	495.7750	98.1944	469.9999	95.2083	474.0723	94.9537	478.3735	94.8843	
05/08/2017	15:44:13	011995	G523002882HLR	L523	S		457.0802	1.0400	0.0000	99.8634	40.0307	0.8230	1.1615	5.0000	19.9784	508.1081	95.0000	9.1997	24.0000	0.9300	0.9431	0.5946	-0.0012	508.0000	509.4508	1.0272	10.8577	99.8565	40.8329	0.8230	0.8256	5.0000	-9999.0000	-9999.0000	-9999.0000	-9999.0000	-9999.0000	-9999.0000	17.0994	1	0	26.8534	1.0000	99	9	-9999.0000	47343	22068	-9999	-9999	1815	3772	296.5906	5	0.5800	0.5946	-0.0012	32.4315	2.2857	482.9805	389.2334	37.7546	501.8835	98.5648	482.3074	95.0000	487.1590	94.9306	492.4402	94.9306	
05/08/2017	15:44:38	011995	G523002895HLR	L523	S		445.8564	1.0400	0.0000	99.8798	40.0418	0.8230	1.1615	5.0000	20.0686	508.1131	94.9537	13.9289	24.0000	0.9300	0.9431	0.5943	-0.0012	508.0000	508.1202	1.0272	10.9136	99.7650	40.8048	0.8230	0.8246	5.0000	-9999.0000	-9999.0000	-9999.0000	-9999.0000	-9999.0000	-9999.0000	17.2077	2	0	24.8991	1.0000	99	9	-9999.0000	47344	22069	-9999	-9999	1816	3774	293.8727	5	0.5802	0.5943	-0.0012	31.0608	2.3758	466.5699	499.2035	42.7083	488.8479	99.9769	465.8629	95.3704	470.4469	94.8380	475.2132	94.8148	
05/08/2017	15:45:03	011995	G523002897HLR	L523	S		456.3863	1.0400	0.0000	99.8601	40.0499	0.8230	1.1615	5.0000	19.8886	508.0832	94.9769	9.2993	24.0000	0.9300	0.9431	0.5944	-0.0011	508.0000	508.1599	1.0272	10.9119	99.8255	40.8167	0.8230	0.8242	5.0000	-9999.0000	-9999.0000	-9999.0000	-9999.0000	-9999.0000	-9999.0000	17.2489	3	0	24.9097	1.0000	99	9	-9999.0000	47345	22070	-9999	-9999	1817	3775	296.6465	5	0.5802	0.5944	-0.0011	30.1745	2.4396	482.1564	478.1397	40.4398	503.9922	97.3843	481.5621	94.7917	486.2849	94.8611	490.9288	94.9306	
05/08/2017	15:45:27	011995	G523002891HLR	L523	S		451.6460	1.0400	0.0000	99.9466	40.0645	0.8230	1.1614	5.0000	20.1171	508.0677	95.0231	9.7397	24.0000	0.9300	0.9431	0.5960	-0.0013	508.0000	507.8201	1.0272	10.9262	99.9306	40.8667	0.8230	0.8249	5.0000	-9999.0000	-9999.0000	-9999.0000	-9999.0000	-9999.0000	-9999.0000	17.1882	4	0	24.7673	1.0000	99	9	-9999.0000	47346	22071	-9999	-9999	1818	3777	296.4275	5	0.5803	0.5960	-0.0013	31.9479	2.2682	478.6317	485.6533	43.4491	500.7005	98.5417	478.2083	94.8148	482.7931	94.8611	488.4817	94.9074	
05/08/2017	15:45:52	011995	G523002861HLR	L523	S		448.0632	1.0400	0.0000	99.8531	40.0746	0.8230	1.1614	5.0000	20.0067	508.0507	94.9537	12.5491	24.1000	0.9300	0.9431	0.5947	-0.0012	508.0000	507.4292	1.0272	10.9426	99.8544	40.8699	0.8230	0.8256	5.0000	-9999.0000	-9999.0000	-9999.0000	-9999.0000	-9999.0000	-9999.0000	17.0991	5	0	24.7128	1.0000	99	9	-9999.0000	47346	22072	-9999	-9999	1819	3779	294.6639	5	0.5808	0.5947	-0.0012	31.4921	2.3018	469.4929	485.5712	41.7361	493.3345	99.8611	469.0370	95.1157	474.4952	94.8611	478.7093	94.8843	
05/08/2017	15:46:17	011995	G523002863HLR	L523	S		450.8518	1.0400	0.0000	99.8818	40.0789	0.8230	1.1614	5.0000	19.9283	508.0740	94.9769	11.3500	24.0000	0.9300	0.9431	0.5943	-0.0011	508.0000	508.9306	1.0272	10.8795	99.7694	40.8331	0.8230	0.8254	5.0000	-9999.0000	-9999.0000	-9999.0000	-9999.0000	-9999.0000	-9999.0000	17.1782	6	0	24.8949	1.0000	99	9	-9999.0000	47347	22073	-9999	-9999	1820	3781	295.3813	5	0.5804	0.5943	-0.0011	31.2892	2.2945	473.9544	490.5835	41.8519	493.8676	99.2361	473.1184	94.8380	478.9370	94.9074	483.3383	94.9537	
05/08/2017	15:51:25	011995	G523002874HLR	L523	S		447.1077	1.0400	0.0000	99.9119	40.0935	0.8230	1.1614	5.0000	19.9889	508.1567	94.9769	13.8489	24.0000	0.9300	0.9431	0.5947	-0.0012	508.0000	508.4534	1.0272	10.8996	99.9011	40.8147	0.8230	0.8242	5.0000	-9999.0000	-9999.0000	-9999.0000	-9999.0000	-9999.0000	-9999.0000	17.2537	7	0	308.2436	1.0000	99	9	-9999.0000	47347	22074	-9999	-9999	1821	3783	294.0264	5	0.5805	0.5947	-0.0012	30.8163	2.3328	465.3863	476.8086	41.5046	488.7258	99.1204	464.9003	95.0000	469.7052	94.9537	474.7598	94.9074	
05/08/2017	15:51:50	011995	G523002875HLR	L523	S		456.9069	1.0400	0.0000	99.8740	40.0927	0.8230	1.1614	5.0000	19.9081	508.1039	94.9537	9.0591	24.0000	0.9300	0.9431	0.5955	-0.0012	508.0000	509.8071	1.0272	10.8427	99.7060	40.8626	0.8230	0.8245	5.0000	-9999.0000	-9999.0000	-9999.0000	-9999.0000	-9999.0000	-9999.0000	17.2169	8	0	24.8092	1.0000	99	9	-9999.0000	47348	22075	-9999	-9999	1822	3785	296.9722	5	0.5810	0.5955	-0.0012	32.1128	2.2244	482.5617	413.8695	38.6111	501.2148	98.5417	482.0178	94.5602	488.2134	94.7917	494.8466	94.9769	
05/08/2017	15:52:15	011995	G523002880HLR	L523	S		448.9834	1.0400	0.0000	99.9067	40.1041	0.8230	1.1614	5.0000	20.1590	508.0744	94.9769	11.9193	24.0000	0.9300	0.9431	0.5955	-0.0012	508.0000	508.0165	1.0272	10.9179	99.7344	40.8363	0.8230	0.8260	5.0000	-9999.0000	-9999.0000	-9999.0000	-9999.0000	-9999.0000	-9999.0000	17.0273	1	0	24.7890	1.0000	99	9	-9999.0000	47349	22076	-9999	-9999	1823	3786	295.1562	5	0.5811	0.5955	-0.0012	31.9988	2.2146	472.2616	445.5615	41.0185	497.4596	100.2083	471.5915	94.9306	476.3384	94.9074	480.5287	94.9074	
05/08/2017	15:52:40	011995	G523002888HLR	L523	S		444.7928	1.0400	0.0000	99.9417	40.1070	0.8230	1.1613	5.0000	20.0080	508.0963	94.9769	12.9495	24.0000	0.9300	0.9431	0.5938	-0.0011	508.0000	508.0587	1.0272	10.9162	99.7346	40.7983	0.8230	0.8253	5.0000	-9999.0000	-9999.0000	-9999.0000	-9999.0000	-9999.0000	-9999.0000	17.3689	2	0	24.8477	1.0000	99	9	-9999.0000	47350	22077	-9999	-9999	1824	3788	294.5421	5	0.5814	0.5938	-0.0011	33.5588	2.0829	468.4096	514.2950	41.0648	493.0744	99.6759	467.5173	95.1852	472.9744	94.9306	477.7712	94.9074	
05/08/2017	15:53:06	011995	G523002889HLR	L523	S		444.8918	1.0400	0.0000	99.9240	40.1093	0.8230	1.1613	5.0000	19.9482	461.0078	95.4861	12.6693	24.0000	0.9300	0.9430	0.5952	-0.0012	508.0000	507.4932	1.0272	10.9399	99.9665	40.7972	0.8230	0.8241	5.0000	-9999.0000	-9999.0000	-9999.0000	-9999.0000	-9999.0000	-9999.0000	20.2789	3	32	26.1258	1.0000	99	9	-9999.0000	47350	22077	-9999	-9999	1825	3789	264.8122	5	0.5810	0.5952	-0.0012	34.9212	1.9600	468.8263	507.2402	43.0787	490.7077	98.5880	468.4288	94.9769	473.4486	94.9306	476.6611	94.9537	
05/08/2017	15:53:31	011995	G523002862HLR	L523	S		446.2661	1.0400	0.0000	99.8857	40.1110	0.8230	1.1613	5.0000	20.2490	508.0627	94.9306	12.6693	24.3000	0.9300	0.9431	0.5922	-0.0010	508.0000	508.2108	1.0272	10.9098	99.9738	40.8349	0.8230	0.8247	5.0000	-9999.0000	-9999.0000	-9999.0000	-9999.0000	-9999.0000	-9999.0000	17.2147	4	0	25.0111	1.0000	99	9	-9999.0000	47351	22078	-9999	-9999	1826	3791	294.6047	5	0.5811	0.5922	-0.0010	35.4845	1.9254	490.4030	300.8803	38.8657	489.7812	111.6204	491.5455	107.0370	481.2849	88.8426	477.3895	94.4213	
05/08/2017	15:53:56	011995	G523002877HLR	L523	S		448.5437	1.0400	0.0000	99.8826	40.0445	0.8230	1.1612	5.0000	20.1371	508.0208	94.9306	13.0296	24.1000	0.9300	0.9429	0.5921	-0.0010	508.0000	507.0503	1.0272	10.9585	99.8581	40.8582	0.8230	0.8254	5.0000	-9999.0000	-9999.0000	-9999.0000	-9999.0000	-9999.0000	-9999.0000	17.2390	5	0	24.8288	1.0000	99	9	-9999.0000	47351	22079	-9999	-9999	1827	3792	294.3795	5	0.5810	0.5921	-0.0010	35.2452	1.9430	455.5867	531.5632	41.0880	490.2984	92.7315	454.0526	86.6435	467.9405	94.4676	477.1572	94.7685	
05/08/2017	15:54:21	011995	G523002857HLR	L523	S		446.2365	1.0400	0.0000	99.9485	40.0104	0.8230	1.1613	5.0000	19.9892	508.0308	94.9537	12.6800	24.0000	0.9300	0.9428	0.5920	-0.0010	508.0000	507.8122	1.0272	10.9265	99.8139	40.8349	0.8230	0.8256	5.0000	-9999.0000	-9999.0000	-9999.0000	-9999.0000	-9999.0000	-9999.0000	17.2108	6	0	24.9584	1.0000	99	9	-9999.0000	47352	22080	-9999	-9999	1828	3794	294.5973	5	0.5811	0.5920	-0.0010	34.6281	2.0103	466.6866	510.0036	41.2731	491.3154	97.4306	466.1671	92.8935	472.1283	95.2083	477.5570	94.7685	
05/08/2017	15:54:45	011995	G523003150HLR	L523	S		437.2264	1.0400	0.0000	99.8371	40.0058	0.8230	1.1613	5.0000	20.0749	508.1328	95.0000	15.1594	24.0000	0.9300	0.9429	0.5950	-0.0012	508.0000	507.9479	1.0272	10.9208	99.8537	40.7997	0.8230	0.8248	5.0000	-9999.0000	-9999.0000	-9999.0000	-9999.0000	-9999.0000	-9999.0000	17.3478	7	0	24.6687	1.0000	99	9	-9999.0000	47353	22081	-9999	-9999	1829	3795	293.5137	5	0.5808	0.5950	-0.0012	34.6281	2.0103	459.6733	498.8244	43.1481	487.1625	96.5972	458.7482	93.1944	464.9348	95.2083	470.6687	94.7917	
05/08/2017	15:55:10	011995	G523003159HLR	L523	S		443.6944	1.0400	0.0000	99.8101	39.9953	0.8230	1.1613	5.0000	20.0097	508.1837	94.9769	14.0285	24.0000	0.9300	0.9428	0.5950	-0.0012	508.0000	508.6738	1.0272	10.8903	99.8356	40.8093	0.8230	0.8240	5.0000	-9999.0000	-9999.0000	-9999.0000	-9999.0000	-9999.0000	-9999.0000	17.3684	8	0	24.7886	1.0000	99	9	-9999.0000	47354	22082	-9999	-9999	1830	3797	293.9829	5	0.5808	0.5950	-0.0012	34.9045	2.0203	461.9212	556.0993	41.6204	485.9927	96.7824	461.3406	93.5880	466.4429	95.1852	472.9674	94.7917	
05/08/2017	15:55:35	011995	G523003171HLR	L523	S		441.5443	1.0400	0.0000	99.8753	39.9933	0.8230	1.1613	5.0000	20.0270	508.0927	94.9769	13.8391	24.0000	0.9300	0.9429	0.5925	-0.0010	508.0000	510.2194	1.0272	10.8254	100.0381	40.8641	0.8230	0.8249	5.0000	-9999.0000	-9999.0000	-9999.0000	-9999.0000	-9999.0000	-9999.0000	17.1781	1	0	24.7696	1.0000	99	9	-9999.0000	47354	22083	-9999	-9999	1831	3799	294.2229	5	0.5810	0.5925	-0.0010	35.3756	1.9650	467.1248	524.1448	42.7778	485.2501	96.4583	466.4433	93.8889	471.5370	94.8843	477.2196	94.9537	
05/08/2017	15:56:00	011995	G523003152HLR	L523	S		449.4483	1.0400	0.0000	99.8281	39.9872	0.8230	1.1613	5.0000	19.9521	508.0571	94.9769	12.5999	24.0000	0.9300	0.9429	0.5915	-0.0009	508.0000	508.6107	1.0272	10.8930	100.0239	40.8582	0.8230	0.8256	5.0000	-9999.0000	-9999.0000	-9999.0000	-9999.0000	-9999.0000	-9999.0000	17.1751	2	0	24.7887	1.0000	99	9	-9999.0000	47355	22084	-9999	-9999	1832	3801	294.7498	5	0.5807	0.5915	-0.0009	38.0923	1.7660	470.0741	571.9725	41.5278	495.6980	96.2731	469.4000	94.0046	474.9386	94.9306	479.8339	94.9074	
05/08/2017	15:56:24	011995	G523002858HLR	L523	S		448.4310	1.0400	0.0000	99.9262	39.9919	0.8230	1.1613	5.0000	20.0389	508.0783	94.9306	12.6302	24.0000	0.9300	0.9429	0.5897	-0.0008	508.0000	508.3975	1.0272	10.9019	99.8479	40.8284	0.8230	0.8253	5.0000	-9999.0000	-9999.0000	-9999.0000	-9999.0000	-9999.0000	-9999.0000	17.0885	3	0	24.8181	1.0000	99	9	-9999.0000	47356	22085	-9999	-9999	1833	3803	294.7340	5	0.5801	0.5897	-0.0008	31.9577	2.2817	474.4592	526.5376	43.3796	496.8556	97.4074	474.1555	94.1204	477.4745	94.8843	483.2192	94.9769	
05/08/2017	15:56:49	011995	G523003367HLR	L523	S		446.6944	1.0400	0.0000	99.8616	40.0039	0.8230	1.1614	5.0000	19.9590	508.0597	94.9306	12.7396	24.0000	0.9300	0.9429	0.5902	-0.0008	508.0000	508.0437	1.0272	10.9168	100.0303	40.8067	0.8230	0.8242	5.0000	-9999.0000	-9999.0000	-9999.0000	-9999.0000	-9999.0000	-9999.0000	17.0788	4	0	24.8581	1.0000	99	9	-9999.0000	47357	22086	-9999	-9999	1834	3805	294.5741	5	0.5798	0.5902	-0.0008	28.9911	2.5753	471.5519	529.7314	43.4722	494.1623	97.2917	471.1599	94.3519	475.4369	94.7454	483.7933	95.0000	
05/08/2017	15:57:36	011995	G523003344HLR	L523	S		0.0000	0.0000	0.0000	0.0000	0.0000	0.8230	0.0000	0.0000	0.0000	0.0000	0.0000	0.0000	0.0000	0.9300	0.0000	0.0000	0.0000	0.0000	0.0000	0.0000	0.0000	0.0000	0.0000	0.8230	0.0000	0.0000	0.0000	0.0000	0.0000	0.0000	0.0000	0.0000	0.0000	0	42	24.8581	1.0000	99	9	0.0000	0	0	0	0	0	0	0.0000	0	0.0000	0.0000	0.0000	0.0000	0.0000	0.0000	0.0000	0.0000	0.0000	0.0000	0.0000	0.0000	0.0000	0.0000	0.0000	0.0000	
05/08/2017	15:58:06	011995	G523003360HLR	L523	S		444.6077	1.0400	0.0000	99.9361	40.0083	0.8230	1.1614	5.0000	19.9784	508.0397	94.9306	12.9895	24.0000	0.9300	0.9429	0.5912	-0.0009	508.0000	508.7297	1.0272	10.8880	99.8043	40.8613	0.8230	0.8244	5.0000	-9999.0000	-9999.0000	-9999.0000	-9999.0000	-9999.0000	-9999.0000	17.3923	5	0	76.2958	1.0000	99	9	-9999.0000	47358	22086	-9999	-9999	1835	3807	294.4063	5	0.5794	0.5912	-0.0009	26.7033	2.7619	470.4506	533.6028	40.9491	493.9151	98.7269	469.6499	94.5602	473.9827	94.7685	478.4363	94.9537	
05/08/2017	15:58:30	011995	G523003362HLR	L523	S		453.1277	1.0400	0.0000	99.8657	40.0126	0.8230	1.1614	5.0000	20.0389	508.0658	95.0463	10.1899	24.0000	0.9300	0.9430	0.5906	-0.0009	508.0000	508.6164	1.0272	10.8927	99.7728	40.8784	0.8230	0.8252	5.0000	-9999.0000	-9999.0000	-9999.0000	-9999.0000	-9999.0000	-9999.0000	17.3761	6	0	24.9486	1.0000	99	9	-9999.0000	47359	22087	-9999	-9999	1836	3809	295.7049	5	0.5796	0.5906	-0.0009	23.9831	2.9804	479.0771	497.7662	41.3889	501.4036	98.4954	478.5245	94.5139	484.0069	94.7685	488.7661	94.9537	
05/08/2017	15:58:56	011995	G523003345HLR	L523	S		462.8138	1.0400	0.0000	99.8902	40.0294	0.8230	1.1613	5.0000	19.9687	508.0437	94.8380	7.1695	24.1000	0.9300	0.9430	0.5931	-0.0010	508.0000	508.8347	1.0272	10.8836	100.0603	40.8161	0.8230	0.8243	5.0000	-9999.0000	-9999.0000	-9999.0000	-9999.0000	-9999.0000	-9999.0000	17.2985	7	0	25.1495	1.0000	99	9	-9999.0000	47359	22088	-9999	-9999	1837	3811	297.5745	5	0.5793	0.5931	-0.0010	12.1726	3.8556	491.4229	515.1143	42.1296	514.7540	99.5370	490.8154	94.8380	496.3356	94.7917	500.2321	94.8843	
05/08/2017	15:59:20	011995	G523003371HLR	L523	S		447.2700	1.0400	0.0000	99.8993	40.0434	0.8230	1.1614	5.0000	20.2588	508.0548	94.9537	11.6996	24.1000	0.9300	0.9430	0.5914	-0.0009	508.0000	509.1386	1.0272	10.8708	99.9089	40.8663	0.8230	0.8246	5.0000	-9999.0000	-9999.0000	-9999.0000	-9999.0000	-9999.0000	-9999.0000	17.1557	8	0	24.7083	1.0000	99	9	-9999.0000	47360	22089	-9999	-9999	1838	3813	295.0826	5	0.5792	0.5914	-0.0009	8.9164	4.0912	473.2306	513.2905	42.1991	501.0315	101.4815	472.8389	94.6759	477.7019	94.8380	482.9613	94.9074	
05/08/2017	15:59:45	011995	G523002919HLR	L523	S		446.6380	1.0400	0.0000	99.9001	40.0592	0.8230	1.1614	5.0000	19.9206	508.0701	94.9306	11.8792	24.0000	0.9300	0.9431	0.5923	-0.0010	508.0000	507.1764	1.0272	10.9532	99.8130	40.8813	0.8230	0.8254	5.0000	-9999.0000	-9999.0000	-9999.0000	-9999.0000	-9999.0000	-9999.0000	17.0333	1	0	24.8286	1.0000	99	9	-9999.0000	47360	22090	-9999	-9999	1839	3815	295.0025	5	0.5791	0.5923	-0.0010	9.1271	4.0802	472.8651	523.5540	41.8750	500.0975	101.0648	472.3337	95.0694	477.6053	94.9074	482.5124	94.8611	
05/08/2017	16:00:10	011995	G523003336HLR	L523	S		451.9064	1.0400	0.0000	99.8819	40.0754	0.8230	1.1613	5.0000	19.9791	508.0421	95.0231	10.3295	24.2000	0.9300	0.9433	0.5901	-0.0008	508.0000	510.1875	1.0272	10.8267	99.8280	40.8631	0.8230	0.8255	5.0000	-9999.0000	-9999.0000	-9999.0000	-9999.0000	-9999.0000	-9999.0000	17.3288	2	0	24.8386	1.0000	99	9	-9999.0000	47361	22091	-9999	-9999	1840	3817	295.5040	5	0.5792	0.5901	-0.0008	20.1047	3.2600	491.3951	459.9222	42.8935	509.9155	101.0417	493.5690	95.9259	483.7110	94.5833	488.3100	95.0231	
05/08/2017	16:00:39	011995	G523003341HLR	L523	S		448.6481	1.0400	0.0000	99.9023	40.1241	0.8230	1.1612	5.0000	20.0281	508.0623	94.9769	10.9291	24.2000	0.9300	0.9432	0.5913	-0.0009	508.0000	508.8147	1.0272	10.8844	99.8306	40.8245	0.8230	0.8246	5.0000	-9999.0000	-9999.0000	-9999.0000	-9999.0000	-9999.0000	-9999.0000	17.1269	3	0	29.0179	1.0000	99	9	-9999.0000	47362	22092	-9999	-9999	1841	3819	295.2745	5	0.5797	0.5913	-0.0009	24.1314	2.9849	475.2702	575.0169	44.9537	505.1160	101.6204	475.0774	95.1389	480.9359	94.8611	485.1897	94.7917	
05/08/2017	16:01:04	011995	G523003379HLR	L523	S		449.5450	1.0400	0.0000	99.8923	40.1092	0.8230	1.1612	5.0000	19.9942	508.0543	94.9769	10.9896	24.1000	0.9300	0.9431	0.5912	-0.0009	508.0000	508.0147	1.0272	10.9180	99.7752	40.8477	0.8230	0.8241	5.0000	-9999.0000	-9999.0000	-9999.0000	-9999.0000	-9999.0000	-9999.0000	17.1184	4	0	24.7488	1.0000	99	9	-9999.0000	47363	22093	-9999	-9999	1842	3821	295.1610	5	0.5796	0.5912	-0.0009	24.6075	2.9748	477.0159	522.0476	43.2407	505.0854	101.1806	476.5383	94.8843	481.2211	94.9074	488.0478	94.8380	
05/08/2017	16:01:28	011995	G523003380HLR	L523	S		461.6534	1.0400	0.0000	99.9096	40.1143	0.8230	1.1612	5.0000	19.9517	508.0673	94.8148	7.3697	24.2000	0.9300	0.9431	0.5920	-0.0010	508.0000	508.6223	1.0272	10.8925	99.7488	40.8672	0.8230	0.8244	5.0000	-9999.0000	-9999.0000	-9999.0000	-9999.0000	-9999.0000	-9999.0000	17.4990	5	0	24.6888	1.0000	99	9	-9999.0000	47363	22094	-9999	-9999	1843	3823	297.0627	5	0.5800	0.5920	-0.0010	25.9265	2.8562	489.7741	528.0211	44.0046	511.1028	100.6944	489.1031	94.8611	494.4326	94.8843	499.2629	94.8380	
05/08/2017	16:01:53	011995	G523003372HLR	L523	S		464.8569	1.0400	0.0000	99.9121	40.1135	0.8230	1.1611	5.0000	20.2294	508.0298	94.8380	6.2389	24.3000	0.9300	0.9431	0.5917	-0.0010	508.0000	512.3567	1.0272	10.7356	99.8502	40.8945	0.8230	0.8253	5.0000	-9999.0000	-9999.0000	-9999.0000	-9999.0000	-9999.0000	-9999.0000	17.2433	6	0	24.9284	1.0000	99	9	-9999.0000	47364	22095	-9999	-9999	1844	3824	297.4830	5	0.5801	0.5917	-0.0010	26.1779	2.8726	494.6716	540.4213	42.7083	525.0662	101.7824	494.6764	94.4444	499.8489	94.8148	505.1155	94.9769	
05/08/2017	16:02:18	011995	G523003937HLR	L523	S		455.3923	1.0400	0.0000	99.9377	40.1183	0.8230	1.1611	5.0000	19.8783	508.0431	94.8843	8.1002	24.2000	0.9300	0.9431	0.5903	-0.0009	508.0000	510.9127	1.0272	10.7962	99.7819	40.8654	0.8230	0.8254	5.0000	-9999.0000	-9999.0000	-9999.0000	-9999.0000	-9999.0000	-9999.0000	17.4387	7	0	24.7291	1.0000	99	9	-9999.0000	47364	22096	-9999	-9999	1844	3825	296.3889	5	0.5805	0.5903	-0.0009	29.4516	2.5844	493.6764	515.6552	41.5278	517.5523	103.5648	493.6283	94.5139	494.3548	95.0000	497.2401	94.8148	
05/08/2017	16:02:43	011995	G523003349HLR	L523	S		450.9449	1.0400	0.0000	99.8913	40.1212	0.8230	1.1611	5.0000	19.9384	508.0592	94.9769	10.2094	24.2000	0.9300	0.9432	0.5904	-0.0009	508.0000	505.4846	1.0272	10.9768	99.8084	40.8319	0.8230	0.8242	5.0000	-9999.0000	-9999.0000	-9999.0000	-9999.0000	-9999.0000	-9999.0000	18.6576	8	0	25.0486	1.0000	99	9	-9999.0000	47365	22097	-9999	-9999	1845	3827	295.5047	5	0.5806	0.5904	-0.0009	28.0451	2.7423	480.0361	513.2049	41.9907	509.1938	104.9074	480.6291	94.7917	484.2945	94.9074	488.1858	94.8380	
05/08/2017	16:03:08	011995	G523003346HLR	L523	S		451.2107	1.0400	0.0000	99.9506	40.1369	0.8230	1.1611	5.0000	20.1203	508.0795	95.0000	10.4096	24.1000	0.9300	0.9431	0.5910	-0.0009	508.0000	509.2136	1.0272	10.8676	99.7037	40.8704	0.8230	0.8242	5.0000	-9999.0000	-9999.0000	-9999.0000	-9999.0000	-9999.0000	-9999.0000	17.1957	1	0	24.6891	1.0000	99	9	-9999.0000	47366	22098	-9999	-9999	1846	3828	295.4213	5	0.5811	0.5910	-0.0009	23.7478	3.1663	487.0223	533.4705	43.1019	508.8154	102.3843	487.0569	95.0231	486.3026	94.9537	488.1691	94.8148	
05/08/2017	16:03:33	011995	G523003342HLR	L523	S		453.5617	1.0400	0.0000	99.8575	40.1308	0.8230	1.1611	5.0000	19.9031	508.0667	95.0000	10.1489	24.1000	0.9300	0.9431	0.5917	-0.0010	508.0000	508.7768	1.0272	10.8860	99.7959	40.8958	0.8230	0.8251	5.0000	-9999.0000	-9999.0000	-9999.0000	-9999.0000	-9999.0000	-9999.0000	17.2090	2	0	24.7183	1.0000	99	9	-9999.0000	47367	22099	-9999	-9999	1847	3830	295.4667	5	0.5812	0.5917	-0.0010	23.6283	3.1901	482.7758	528.4804	42.0370	509.0345	102.0602	483.3236	95.1620	485.6938	94.9074	490.3512	94.8148	
05/08/2017	16:03:57	011995	G523003343HLR	L523	S		460.1474	1.0400	0.0000	99.9316	40.1404	0.8230	1.1612	5.0000	20.1396	460.5595	95.3241	5.6100	24.3000	0.9300	0.9430	0.5857	-0.0005	508.0000	500.5007	1.0272	10.7768	99.7623	40.8860	0.8230	0.8255	5.0000	-9999.0000	-9999.0000	-9999.0000	-9999.0000	-9999.0000	-9999.0000	17.2191	3	32	24.6881	1.0000	99	9	-9999.0000	47368	22100	-9999	-9999	1848	3832	263.9129	5	0.5813	0.5857	-0.0005	28.1032	2.8216	495.8120	545.6840	42.5926	524.7090	101.8981	495.6015	94.9537	500.6090	94.9074	503.2954	94.8380	
05/08/2017	16:04:22	011995	G523003347HLR	L523	S		452.9124	1.0400	0.0000	99.9260	40.1446	0.8230	1.1611	5.0000	20.2382	508.0603	94.9537	10.5297	24.2000	0.9300	0.9432	0.5856	-0.0004	508.0000	509.0476	1.0272	10.8746	99.7832	40.8419	0.8230	0.8246	5.0000	-9999.0000	-9999.0000	-9999.0000	-9999.0000	-9999.0000	-9999.0000	17.1144	4	0	25.0690	1.0000	99	9	-9999.0000	47369	22101	-9999	-9999	1849	3834	295.3162	5	0.5816	0.5856	-0.0004	28.2494	2.8006	482.7952	557.1365	43.3565	518.2708	104.1667	483.3431	94.9769	487.2663	94.9074	490.9034	94.8611	
05/08/2017	16:04:47	011995	G523003353HLR	L523	S		450.0047	1.0400	0.0000	99.9484	40.1521	0.8230	1.1612	5.0000	20.1491	508.0676	94.9769	10.1596	24.1000	0.9300	0.9431	0.5809	-0.0000	508.0000	507.7974	1.0272	10.9271	99.9162	40.8500	0.8230	0.8239	5.0000	-9999.0000	-9999.0000	-9999.0000	-9999.0000	-9999.0000	-9999.0000	17.1681	5	0	24.7027	1.0000	99	9	-9999.0000	47370	22102	-9999	-9999	1850	3836	295.0362	5	0.5811	0.5809	-0.0000	31.1206	2.5513	485.9753	547.4289	43.0556	517.8476	102.5231	486.2458	95.0694	490.4184	94.9074	492.9355	94.8380	
05/08/2017	16:05:12	011995	G523003304HLR	L523	S		451.7104	1.0400	0.0000	99.8893	40.1663	0.8230	1.1612	5.0000	19.8790	508.0761	94.9537	9.8393	24.1000	0.9300	0.9431	0.5809	-0.0000	508.0000	507.4328	1.0272	10.9425	99.6720	40.8995	0.8230	0.8247	5.0000	-9999.0000	-9999.0000	-9999.0000	-9999.0000	-9999.0000	-9999.0000	17.0859	6	0	24.9149	1.0000	99	9	-9999.0000	47371	22103	-9999	-9999	1851	3838	294.9989	5	0.5813	0.5809	-0.0000	31.5255	2.4751	485.4938	539.0509	42.6157	517.0416	102.6620	485.9762	95.0463	490.0773	94.8843	493.2314	94.8148	
05/08/2017	16:05:38	011995	G523003289HLR	L523	S		452.5590	1.0400	0.0000	99.8520	40.1749	0.8230	1.1611	5.0000	19.9989	508.1003	94.9769	9.6294	24.1000	0.9300	0.9431	0.5809	-0.0000	508.0000	508.1004	1.0272	10.9144	99.6848	40.8926	0.8230	0.8254	5.0000	-9999.0000	-9999.0000	-9999.0000	-9999.0000	-9999.0000	-9999.0000	17.1785	7	0	25.8685	1.0000	99	9	-9999.0000	47372	22104	-9999	-9999	1852	3840	295.0450	5	0.5813	0.5809	-0.0000	31.5255	2.4751	486.9318	566.8664	42.3611	517.6450	102.9167	487.0790	94.9537	490.4349	94.8843	494.3794	94.8380	
05/08/2017	16:06:03	011995	G523003356HLR	L523	S		459.5918	1.0400	0.0000	99.9050	40.1785	0.8230	1.1611	5.0000	20.0087	508.0497	94.8148	6.5895	24.2000	0.9300	0.9431	0.5805	-0.0000	508.0000	503.7063	1.0272	10.9054	99.8048	40.8544	0.8230	0.8251	5.0000	-9999.0000	-9999.0000	-9999.0000	-9999.0000	-9999.0000	-9999.0000	17.1093	8	0	24.8082	1.0000	99	9	-9999.0000	47373	22105	-9999	-9999	1853	3842	294.9252	5	0.5811	0.5805	-0.0000	31.6521	2.4513	500.4867	564.9191	42.1528	526.8177	102.9861	499.9130	94.7454	501.4641	94.9074	504.2985	94.8148	
05/08/2017	16:06:28	011995	G523003290HLR	L523	S		449.6602	1.0400	0.0000	99.9394	40.1808	0.8230	1.1611	5.0000	20.0282	508.0142	94.7917	7.4205	24.1000	0.9300	0.9431	0.5803	0.0000	508.0000	504.6834	1.0272	10.9446	99.7765	40.8333	0.8230	0.8240	5.0000	-9999.0000	-9999.0000	-9999.0000	-9999.0000	-9999.0000	-9999.0000	17.2488	1	0	25.0993	1.0000	99	9	-9999.0000	47373	22106	-9999	-9999	1854	3844	294.8925	5	0.5813	0.5803	0.0000	31.7604	2.4407	494.2994	545.2170	41.8981	525.0231	104.2824	494.5991	94.6296	498.5395	95.0000	501.4185	94.8611	
05/08/2017	16:06:53	011995	G523003312HLR	L523	S		449.0855	1.0400	0.0000	99.8807	40.1855	0.8230	1.1611	5.0000	19.9877	508.4804	94.6065	3.1600	24.1000	0.9300	0.0000	0.5801	0.0001	508.0000	511.0423	1.0272	10.7908	100.0364	40.8812	0.8230	0.8243	5.0000	-9999.0000	-9999.0000	-9999.0000	-9999.0000	-9999.0000	-9999.0000	17.2088	2	0	24.8581	1.0000	99	9	-9999.0000	47374	22107	-9999	-9999	1855	3846	295.3031	5	0.5814	0.5801	0.0001	32.6374	2.3259	507.6475	533.0537	42.0370	508.2368	104.5370	502.9345	94.4444	0.0000	0.0000	0.0000	0.0000	
05/08/2017	16:07:18	011995	G523002935HLR	L523	S		451.8941	1.0400	0.0000	99.8961	40.1843	0.8230	1.1611	5.0000	19.9091	508.0494	94.9537	9.9995	24.1000	0.9300	0.9433	0.5804	0.0000	508.0000	508.2415	1.0272	10.9085	99.7092	40.8949	0.8230	0.8251	5.0000	-9999.0000	-9999.0000	-9999.0000	-9999.0000	-9999.0000	-9999.0000	17.2418	3	0	25.0387	1.0000	99	9	-9999.0000	47374	22108	-9999	-9999	1856	3848	295.0419	5	0.5813	0.5804	0.0000	32.9437	2.2975	490.5497	502.1171	43.8194	517.8303	105.0231	492.9896	94.5139	490.8915	95.0231	493.8385	94.8380	
05/08/2017	16:07:42	011995	G523003323HLR	L523	S		451.6419	1.0400	0.0000	99.9441	40.1852	0.8230	1.1611	5.0000	19.9115	508.1011	94.9306	8.7603	24.1000	0.9300	0.9432	0.5804	0.0000	508.0000	504.8909	1.0272	10.9530	99.7624	40.8653	0.8230	0.8253	5.0000	-9999.0000	-9999.0000	-9999.0000	-9999.0000	-9999.0000	-9999.0000	17.2490	4	0	24.7128	1.0000	99	9	-9999.0000	47375	22109	-9999	-9999	1857	3850	295.0774	5	0.5814	0.5804	0.0000	32.0901	2.3892	490.6345	591.4842	43.1944	526.0960	103.9120	491.1270	95.2778	496.5990	94.9306	497.3012	94.8380	
05/08/2017	16:08:11	011995	G523003317HLR	L523	S		450.2519	1.0400	0.0000	99.9095	40.1833	0.8230	1.1611	5.0000	19.9392	508.0714	94.9769	10.4789	24.1000	0.9300	0.9431	0.5943	-0.0013	508.0000	507.6863	1.0272	10.9318	99.7884	40.8261	0.8230	0.8243	5.0000	-9999.0000	-9999.0000	-9999.0000	-9999.0000	-9999.0000	-9999.0000	17.3786	5	0	28.9346	1.0000	99	9	-9999.0000	47376	22110	-9999	-9999	1858	3852	294.8575	5	0.5818	0.5943	-0.0013	52.4114	0.3543	482.2994	540.2461	42.5463	508.0736	104.6528	483.2866	95.2315	483.2105	94.9537	485.8618	94.8148	
05/08/2017	16:08:36	011995	G523003321HLR	L523	S		450.1400	1.0400	0.0000	99.9037	40.1786	0.8230	1.1611	5.0000	19.9482	508.0765	94.9769	9.8989	24.1000	0.9300	0.9431	0.5943	-0.0013	508.0000	507.5543	1.0272	10.9373	99.7491	40.8625	0.8230	0.8240	5.0000	-9999.0000	-9999.0000	-9999.0000	-9999.0000	-9999.0000	-9999.0000	17.1879	6	0	24.8198	1.0000	99	9	-9999.0000	47377	22111	-9999	-9999	1859	3854	295.2405	5	0.5816	0.5943	-0.0013	51.1326	0.4955	479.3548	578.8907	42.2917	512.6599	105.5556	479.5086	95.2778	484.1547	94.9537	487.9783	94.7917	
05/08/2017	16:09:01	011995	G523003310HLR	L523	S		451.0788	1.0400	0.0000	99.9163	40.1780	0.8230	1.1611	5.0000	19.9188	508.0818	94.9306	14.0188	24.1000	0.9300	0.9431	0.5944	-0.0014	508.0000	514.2642	1.0272	10.6554	99.8465	40.8820	0.8230	0.8245	5.0000	-9999.0000	-9999.0000	-9999.0000	-9999.0000	-9999.0000	-9999.0000	17.3386	7	2	24.7373	1.0000	99	9	-9999.0000	47378	22112	-9999	-9999	1860	3856	292.4266	5	0.5812	0.5944	-0.0014	50.3644	0.5959	477.6026	525.4469	42.0370	509.2923	105.2315	478.2604	95.1389	477.5810	94.9769	478.1923	94.8611	
05/08/2017	16:09:26	011995	G523002947HLR	L523	S		461.0106	1.0400	0.0000	99.9512	40.1743	0.8230	1.1610	5.0000	20.1381	508.1236	94.8380	8.0601	24.1000	0.9300	0.9430	0.5944	-0.0014	508.0000	511.9435	1.0272	10.7529	99.7282	40.8889	0.8230	0.8252	5.0000	-9999.0000	-9999.0000	-9999.0000	-9999.0000	-9999.0000	-9999.0000	17.4117	8	0	24.8189	1.0000	99	9	-9999.0000	47379	22113	-9999	-9999	1861	3858	296.5709	5	0.5816	0.5944	-0.0014	49.2695	0.6664	487.6177	569.8626	44.7685	516.0281	102.0370	487.9733	94.8148	492.7931	94.9074	497.4938	94.8843	
05/08/2017	16:09:51	011995	G523002931HLR	L523	S		444.9280	1.0400	0.0000	99.8992	40.1728	0.8230	1.1610	5.0000	19.9383	508.0502	94.9537	13.2600	24.1000	0.9300	0.9431	0.5943	-0.0013	508.0000	505.9322	1.0272	10.9947	99.7291	40.8585	0.8230	0.8253	5.0000	-9999.0000	-9999.0000	-9999.0000	-9999.0000	-9999.0000	-9999.0000	17.1814	1	0	25.2795	1.0000	99	9	-9999.0000	47380	22114	-9999	-9999	1862	3859	293.0019	5	0.5816	0.5943	-0.0013	47.2954	0.8991	466.2739	479.4507	41.3889	498.0220	105.1852	467.2226	94.7685	470.9892	94.8843	475.7579	94.8843	
05/08/2017	16:10:16	011995	G523002923HLR	L523	S		450.7339	1.0400	0.0000	99.8773	40.1659	0.8230	1.1610	5.0000	20.0184	508.0384	95.0000	10.9799	24.1000	0.9300	0.9431	0.5940	-0.0013	508.0000	508.5612	1.0272	10.8950	99.7596	40.8258	0.8230	0.8241	5.0000	-9999.0000	-9999.0000	-9999.0000	-9999.0000	-9999.0000	-9999.0000	17.4986	2	0	25.3283	1.0000	99	9	-9999.0000	47381	22115	-9999	-9999	1863	3861	294.6186	5	0.5817	0.5940	-0.0013	46.0247	1.0579	473.5174	556.5851	43.1713	506.8518	103.3333	473.9431	94.9769	480.1254	94.8611	484.1206	94.8843	
05/08/2017	16:10:42	011995	G523002936HLR	L523	S		455.0313	1.0400	0.0000	99.9130	40.1688	0.8230	1.1610	5.0000	20.3125	508.0888	94.9769	8.9194	24.1000	0.9300	0.9430	0.5943	-0.0013	508.0000	508.6887	1.0272	10.8897	99.8165	40.8587	0.8230	0.8240	5.0000	-9999.0000	-9999.0000	-9999.0000	-9999.0000	-9999.0000	-9999.0000	17.5388	3	0	25.5884	1.0000	99	9	-9999.0000	47382	22116	-9999	-9999	1864	3862	296.0662	5	0.5807	0.5943	-0.0013	42.1714	1.4508	484.1444	532.3435	43.1250	514.2085	103.0787	484.7363	94.8611	488.5023	94.8611	493.0845	94.8843	
05/08/2017	16:11:07	011995	G523003335HLR	L523	S		443.3209	1.0400	0.0000	99.8874	40.1597	0.8230	1.1611	5.0000	19.9715	508.0499	94.9769	12.6097	24.1000	0.9300	0.9431	0.5939	-0.0013	508.0000	508.8144	1.0272	10.8844	99.8971	40.8886	0.8230	0.8249	5.0000	-9999.0000	-9999.0000	-9999.0000	-9999.0000	-9999.0000	-9999.0000	17.0548	4	0	25.3980	1.0000	99	9	-9999.0000	47383	22117	-9999	-9999	1865	3864	293.5549	5	0.5805	0.5939	-0.0013	38.4170	1.7933	466.7749	533.1924	42.0370	501.5413	104.0972	467.3254	95.0231	472.5922	94.8380	477.3226	94.8611	
05/08/2017	16:11:33	011995	G523002892HLR	L523	S		440.4100	1.0400	0.0000	99.8811	40.1589	0.8230	1.1611	5.0000	19.8788	508.0461	94.9537	14.3196	24.0000	0.9300	0.9430	0.5910	-0.0009	508.0000	507.5363	1.0272	10.9381	99.7146	40.8864	0.8230	0.8254	5.0000	-9999.0000	-9999.0000	-9999.0000	-9999.0000	-9999.0000	-9999.0000	17.3615	5	0	25.2489	1.0000	99	9	-9999.0000	47384	22118	-9999	-9999	1865	3866	293.4359	5	0.5804	0.5910	-0.0009	39.6212	1.6661	464.8172	531.9582	41.0417	493.8481	102.6852	465.1879	95.1389	470.2393	94.8148	473.6519	94.8843	
05/08/2017	16:11:57	011995	G523002942HLR	L523	S		443.4580	1.0400	0.0000	99.8935	40.1599	0.8230	1.1610	5.0000	19.9793	508.0630	94.9306	14.3186	24.0000	0.9300	0.9429	0.5890	-0.0008	508.0000	507.6165	1.0272	10.9347	100.0440	40.8508	0.8230	0.8251	5.0000	-9999.0000	-9999.0000	-9999.0000	-9999.0000	-9999.0000	-9999.0000	17.2405	6	0	24.8089	1.0000	99	9	-9999.0000	47385	22119	-9999	-9999	1866	3868	293.5680	5	0.5798	0.5890	-0.0008	40.7851	1.5641	469.6656	545.8231	41.3426	503.4616	103.1481	469.8479	94.9537	473.5818	94.8611	476.3707	94.9074	
05/08/2017	16:12:22	011995	G523002905HLR	L523	S		442.9740	1.0400	0.0000	99.8779	40.1649	0.8230	1.1610	5.0000	20.1200	508.0529	94.9306	14.6701	24.0000	0.9300	0.9428	0.5868	-0.0006	508.0000	507.8610	1.0272	10.9245	99.8588	40.8307	0.8230	0.8240	5.0000	-9999.0000	-9999.0000	-9999.0000	-9999.0000	-9999.0000	-9999.0000	17.4084	7	0	24.7492	1.0000	99	9	-9999.0000	47386	22120	-9999	-9999	1867	3870	293.7922	5	0.5796	0.5868	-0.0006	37.4464	1.8443	469.7260	527.4321	40.3935	503.9749	102.4306	469.8202	95.3009	477.7854	94.7917	479.8261	94.8843	
05/08/2017	16:12:47	011995	G523002915HLR	L523	S		442.9841	1.0400	0.0000	99.8093	40.1665	0.8230	1.1611	5.0000	19.9964	508.0775	94.9074	14.3088	24.0000	0.9300	0.9427	0.5896	-0.0009	508.0000	507.0610	1.0272	10.9581	99.7828	40.8833	0.8230	0.8243	5.0000	-9999.0000	-9999.0000	-9999.0000	-9999.0000	-9999.0000	-9999.0000	17.1873	8	0	24.8380	1.0000	99	9	-9999.0000	47387	22121	-9999	-9999	1868	3871	293.2477	5	0.5795	0.5896	-0.0009	37.5061	1.8393	471.1309	569.6643	41.7361	501.1105	102.8704	471.2805	95.3704	472.7623	94.8611	475.1028	94.8148	
05/08/2017	16:13:12	011995	G523002961HLR	L523	S		444.6607	1.0400	0.0000	99.9468	40.1700	0.8230	1.1611	5.0000	19.9630	508.0510	94.9074	14.2287	24.0000	0.9300	0.9428	0.5888	-0.0008	508.0000	507.4898	1.0272	10.9401	99.7824	40.8943	0.8230	0.8252	5.0000	-9999.0000	-9999.0000	-9999.0000	-9999.0000	-9999.0000	-9999.0000	17.1571	1	0	24.7788	1.0000	99	9	-9999.0000	47388	22122	-9999	-9999	1869	3872	293.5214	5	0.5792	0.5888	-0.0008	33.6873	2.2510	468.2925	613.3155	42.4769	500.9033	101.5509	468.6642	95.5324	473.5568	94.8843	475.7172	94.7917	
05/08/2017	16:13:37	011995	G523003158HLR	L523	S		451.1935	1.0400	0.0000	99.8662	40.1730	0.8230	1.1611	5.0000	19.9989	508.1052	94.9306	9.9497	24.1000	0.9300	0.9429	0.5859	-0.0005	508.0000	508.1721	1.0272	10.9114	99.7375	40.8717	0.8230	0.8253	5.0000	-9999.0000	-9999.0000	-9999.0000	-9999.0000	-9999.0000	-9999.0000	17.2387	2	0	24.8689	1.0000	99	9	-9999.0000	47389	22123	-9999	-9999	1870	3874	294.9913	5	0.5787	0.5859	-0.0005	35.3015	2.0812	483.3589	601.0773	43.1481	512.1907	101.9444	483.0811	95.5324	487.8312	94.8148	491.2755	94.7685	
05/08/2017	16:14:05	011995	G523002856HLR	L523	S		445.3886	1.0400	0.0000	99.8486	40.1757	0.8230	1.1611	5.0000	19.9591	508.0585	94.9537	12.4193	24.1000	0.9300	0.9429	0.5848	-0.0005	508.0000	507.2027	1.0272	10.9521	99.7997	40.8314	0.8230	0.8243	5.0000	-9999.0000	-9999.0000	-9999.0000	-9999.0000	-9999.0000	-9999.0000	17.1505	3	0	28.4982	1.0000	99	9	-9999.0000	47390	22124	-9999	-9999	1871	3875	294.2529	5	0.5784	0.5848	-0.0005	35.9766	1.9848	475.1533	616.2246	42.5694	507.4982	102.3611	475.0283	95.3009	480.3096	94.8380	483.5855	94.7685	
05/08/2017	16:14:31	011995	G523002872HLR	L523	S		461.3270	1.0400	0.0000	100.0063	40.1768	0.8230	1.1615	5.0000	19.8472	508.0426	94.8380	4.8298	24.3000	0.9300	0.9430	0.5808	-0.0002	508.0000	499.2221	1.0272	10.7254	99.9274	40.8665	0.8230	0.8240	5.0000	-9999.0000	-9999.0000	-9999.0000	-9999.0000	-9999.0000	-9999.0000	17.2981	4	1	25.8085	1.0000	99	9	-9999.0000	47391	22125	-9999	-9999	1872	3877	294.7193	5	0.5781	0.5808	-0.0002	35.4708	1.9929	500.7075	547.4641	40.6019	530.4925	101.5278	500.5072	95.2083	504.8435	94.8148	508.6047	88.5880	
05/08/2017	16:14:57	011995	G523002865HLR	L523	S		444.0489	1.0400	0.0000	99.9082	40.1804	0.8230	1.1611	5.0000	19.9179	508.0945	94.9306	13.0189	24.1000	0.9300	0.9430	0.5810	-0.0002	508.0000	507.2687	1.0272	10.9493	99.8377	40.8855	0.8230	0.8245	5.0000	-9999.0000	-9999.0000	-9999.0000	-9999.0000	-9999.0000	-9999.0000	17.1786	5	0	25.7787	1.0000	99	9	-9999.0000	47392	22126	-9999	-9999	1873	3879	294.0925	5	0.5788	0.5810	-0.0002	35.5187	1.9849	478.4384	535.7523	41.6435	510.7717	104.3981	477.8678	94.7685	483.0903	94.9537	483.8992	94.8380	
05/08/2017	16:15:21	011995	G523002881HLR	L523	S		446.9533	1.0400	0.0000	99.9276	40.1844	0.8230	1.1610	5.0000	19.9590	508.0281	94.9074	12.3988	24.1000	0.9300	0.9429	0.5847	-0.0004	508.0000	507.0837	1.0272	10.9571	99.6675	40.8951	0.8230	0.8251	5.0000	-9999.0000	-9999.0000	-9999.0000	-9999.0000	-9999.0000	-9999.0000	17.1090	6	0	24.7782	1.0000	99	9	-9999.0000	47393	22127	-9999	-9999	1874	3880	294.2910	5	0.5790	0.5847	-0.0004	37.6805	1.8558	474.9798	614.4159	45.3241	508.0988	101.8056	474.6538	95.1852	479.4227	94.8611	482.6906	94.8148	
05/08/2017	16:15:46	011995	G523003168HLR	L523	S		435.8011	1.0400	0.0000	99.9466	40.1841	0.8230	1.1610	5.0000	20.3644	508.0181	94.9537	17.4991	24.1000	0.9300	0.9428	0.5872	-0.0006	508.0000	506.6367	1.0272	10.9759	99.7097	40.8827	0.8230	0.8254	5.0000	-9999.0000	-9999.0000	-9999.0000	-9999.0000	-9999.0000	-9999.0000	17.0578	7	0	24.7593	1.0000	99	9	-9999.0000	47394	22128	-9999	-9999	1875	3882	292.9371	5	0.5798	0.5872	-0.0006	38.1754	1.8632	461.3202	619.9220	46.2269	500.3939	101.8519	461.7499	95.3009	464.4042	94.8380	466.8320	94.8380	
05/08/2017	16:16:11	011995	G523003153HLR	L523	S		440.4412	1.0400	0.0000	99.9026	40.1903	0.8230	1.1610	5.0000	20.0440	508.0416	94.9306	14.8693	24.0000	0.9300	0.9428	0.5872	-0.0006	508.0000	507.5051	1.0272	10.9394	99.6986	40.8401	0.8230	0.8244	5.0000	-9999.0000	-9999.0000	-9999.0000	-9999.0000	-9999.0000	-9999.0000	17.4183	8	0	24.8581	1.0000	99	9	-9999.0000	47395	22128	-9999	-9999	1876	3884	293.7664	5	0.5798	0.5872	-0.0006	38.1754	1.8632	467.7581	632.2940	46.0417	503.2370	101.6898	467.7268	95.1157	475.0062	94.8843	475.9939	94.8380	
05/08/2017	16:16:37	011995	G523003149HLR	L523	S		440.3598	1.0400	0.0000	99.8721	40.2053	0.8230	1.1611	5.0000	19.9842	508.0719	94.9074	14.8801	24.0000	0.9300	0.9428	0.5918	-0.0009	508.0000	506.9330	1.0272	10.9635	100.0673	40.8505	0.8230	0.8239	5.0000	-9999.0000	-9999.0000	-9999.0000	-9999.0000	-9999.0000	-9999.0000	17.2888	1	0	26.3189	1.0000	99	9	-9999.0000	47395	22129	-9999	-9999	1877	3886	293.6355	5	0.5796	0.5918	-0.0009	41.9843	1.5877	463.5934	543.7985	43.2870	495.1307	101.8981	463.6980	95.0694	468.5447	94.8843	472.4484	94.8380	
05/08/2017	16:17:02	011995	G523003162HLR	L523	S		441.5513	1.0400	0.0000	99.9258	40.2051	0.8230	1.1610	5.0000	19.9989	508.0567	94.9074	12.1898	24.0000	0.9300	0.9429	0.5930	-0.0010	508.0000	507.6139	1.0272	10.9348	99.8621	40.9000	0.8230	0.8247	5.0000	-9999.0000	-9999.0000	-9999.0000	-9999.0000	-9999.0000	-9999.0000	17.0992	2	0	24.7087	1.0000	99	9	-9999.0000	47396	22130	-9999	-9999	1878	3887	294.9589	5	0.5799	0.5930	-0.0010	29.2522	2.5083	471.1861	582.3276	42.0139	503.6271	102.0602	471.2358	95.0231	475.5313	94.8611	479.8944	94.8843	
05/08/2017	16:17:27	011995	G523002867HLR	L523	S		446.1814	1.0400	0.0000	99.9297	40.2056	0.8230	1.1610	5.0000	19.9980	508.1008	94.9306	13.0491	24.0000	0.9300	0.9429	0.5923	-0.0010	508.0000	507.7688	1.0272	10.9283	99.8100	40.8946	0.8230	0.8252	5.0000	-9999.0000	-9999.0000	-9999.0000	-9999.0000	-9999.0000	-9999.0000	17.1287	3	0	24.7289	1.0000	99	9	-9999.0000	47397	22131	-9999	-9999	1879	3889	294.5815	5	0.5799	0.5923	-0.0010	39.0946	1.7679	470.8672	611.0592	43.5648	502.9460	101.8519	470.6029	94.9769	474.8184	94.8611	478.7017	94.8611	
05/08/2017	16:17:52	011995	G523003177HLR	L523	S		464.4826	1.0400	0.0000	99.9308	40.2070	0.8230	1.1609	5.0000	19.8582	508.0427	94.8380	5.2097	24.3000	0.9300	0.9430	0.5846	-0.0004	508.0000	506.2497	1.0272	10.9922	100.0865	40.8647	0.8230	0.8252	5.0000	-9999.0000	-9999.0000	-9999.0000	-9999.0000	-9999.0000	-9999.0000	17.2089	4	0	24.8182	1.0000	99	9	-9999.0000	47398	22131	-9999	-9999	1880	3891	295.9919	5	0.5800	0.5846	-0.0004	38.5022	1.8275	498.6201	556.4688	40.7870	526.8227	101.4815	498.6420	94.9306	503.5435	94.8148	507.3898	94.8380	
05/08/2017	16:18:16	011995	G523003175HLR	L523	S		439.0037	1.0400	0.0000	99.9559	40.2079	0.8230	1.1610	5.0000	19.9394	508.0941	94.9537	15.2795	24.1000	0.9300	0.9430	0.5847	-0.0004	508.0000	508.0740	1.0272	10.9155	99.6825	40.8320	0.8230	0.8240	5.0000	-9999.0000	-9999.0000	-9999.0000	-9999.0000	-9999.0000	-9999.0000	17.1258	5	0	24.7192	1.0000	99	9	-9999.0000	47399	22132	-9999	-9999	1881	3893	294.1336	5	0.5804	0.5847	-0.0004	38.0230	1.8868	467.8325	549.1043	43.6111	501.1871	103.8426	468.3704	94.7917	471.0337	94.9306	476.2931	94.8611	
05/08/2017	16:18:41	011995	G523003180HLR	L523	S		459.9325	1.0400	0.0000	99.9164	40.2044	0.8230	1.1609	5.0000	20.1180	508.0561	94.8148	6.4899	24.2000	0.9300	0.9430	0.5847	-0.0004	508.0000	506.1440	1.0272	10.9966	99.7192	40.8667	0.8230	0.8240	5.0000	-9999.0000	-9999.0000	-9999.0000	-9999.0000	-9999.0000	-9999.0000	17.2387	6	0	24.8884	1.0000	99	9	-9999.0000	47399	22133	-9999	-9999	1882	3895	295.8572	5	0.5804	0.5847	-0.0004	38.0230	1.8868	495.2269	571.4040	44.4907	527.1264	101.4120	495.5244	94.8380	499.2650	94.8380	502.8042	94.8843	
05/08/2017	16:19:11	011995	G523003148HLR	L523	S		443.5502	1.0400	0.0000	99.9021	40.2076	0.8230	1.1610	5.0000	20.0096	508.0799	94.8843	9.0601	24.1000	0.9300	0.9430	0.5847	-0.0004	508.0000	508.3240	1.0272	10.9050	99.7896	40.8961	0.8230	0.8249	5.0000	-9999.0000	-9999.0000	-9999.0000	-9999.0000	-9999.0000	-9999.0000	17.3993	7	0	29.3381	1.0000	99	9	-9999.0000	47400	22134	-9999	-9999	1883	3897	295.4244	5	0.5805	0.5847	-0.0004	37.4855	1.9291	485.8908	539.7249	42.8241	515.3530	103.5648	485.8890	94.4907	489.9018	94.9306	494.7175	94.8843	
05/08/2017	16:19:35	011995	G523003155HLR	L523	S		456.4260	1.0400	0.0000	99.9162	40.2060	0.8230	1.1609	5.0000	19.8495	508.0929	94.9074	8.4995	24.1000	0.9300	0.9431	0.5873	-0.0006	508.0000	509.7033	1.0272	10.8471	99.7624	40.8855	0.8230	0.8253	5.0000	-9999.0000	-9999.0000	-9999.0000	-9999.0000	-9999.0000	-9999.0000	17.7793	8	0	24.8190	1.0000	99	9	-9999.0000	47401	22135	-9999	-9999	1884	3899	296.0994	5	0.5810	0.5873	-0.0006	27.7363	2.6217	487.1002	538.5218	42.3611	515.8136	104.4444	487.2963	94.5833	492.2196	94.8380	495.5013	94.8611	
05/08/2017	16:20:00	011995	G523002447HLR	L523	S		456.2917	1.0400	0.0000	99.9467	40.2054	0.8230	1.1610	5.0000	19.9234	508.0776	94.9074	9.2700	24.1000	0.9300	0.9431	0.5874	-0.0006	508.0000	510.0549	1.0272	10.8323	100.0447	40.8654	0.8230	0.8254	5.0000	-9999.0000	-9999.0000	-9999.0000	-9999.0000	-9999.0000	-9999.0000	17.3314	1	0	24.7284	1.0000	99	9	-9999.0000	47402	22136	-9999	-9999	1885	3901	295.9040	5	0.5808	0.5874	-0.0006	27.2222	2.6585	486.0310	529.8509	42.1759	516.5889	105.1389	486.6572	94.6065	490.7931	94.8843	495.0458	94.8611	
05/08/2017	16:20:25	011995	G523002954HLR	L523	S		446.9264	1.0400	0.0000	99.9086	40.2024	0.8230	1.1609	5.0000	19.9989	508.1035	94.8843	12.4495	24.1000	0.9300	0.9430	0.5879	-0.0006	508.0000	509.2949	1.0272	10.8642	100.0831	40.8272	0.8230	0.8241	5.0000	-9999.0000	-9999.0000	-9999.0000	-9999.0000	-9999.0000	-9999.0000	17.3607	2	0	24.7887	1.0000	99	9	-9999.0000	47402	22137	-9999	-9999	1886	3903	295.0668	5	0.5805	0.5879	-0.0006	29.5901	2.4931	475.2326	535.3218	41.7824	505.7023	105.8102	475.6857	94.8843	478.8648	94.8843	482.4762	94.8380	
05/08/2017	16:20:50	011995	G523002970HLR	L523	S		437.6897	1.0400	0.0000	99.9589	40.1999	0.8230	1.1610	5.0000	19.8789	508.0376	94.9537	18.3584	24.0000	0.9300	0.9429	0.5870	-0.0005	508.0000	512.6859	1.0272	10.7218	99.6800	40.8662	0.8230	0.8240	5.0000	-9999.0000	-9999.0000	-9999.0000	-9999.0000	-9999.0000	-9999.0000	17.3557	3	0	24.6988	1.0000	99	9	-9999.0000	47403	22138	-9999	-9999	1887	3905	293.2680	5	0.5807	0.5870	-0.0005	31.1712	2.4082	465.3688	543.4990	44.1435	503.0994	102.9398	465.4737	95.0694	469.4345	94.9074	472.6754	94.8843	
05/08/2017	16:23:33	011995	G523003187HLR	L523	S		455.1878	1.0400	0.0000	99.9374	40.1961	0.8230	1.1610	5.0000	19.8289	508.1193	94.9074	8.5698	24.1000	0.9300	0.9429	0.5870	-0.0005	508.0000	508.3299	1.0272	10.9048	99.9881	40.8932	0.8230	0.8250	5.0000	-9999.0000	-9999.0000	-9999.0000	-9999.0000	-9999.0000	-9999.0000	17.2183	4	0	163.3216	1.0000	99	9	-9999.0000	47404	22139	-9999	-9999	1888	3907	296.0164	5	0.5807	0.5870	-0.0005	31.1712	2.4082	486.8721	564.5814	42.5231	519.6799	102.5463	486.8997	94.8843	491.8953	94.8611	495.6596	94.8611	
05/08/2017	16:23:58	011995	G523003163HLR	L523	S		453.3645	1.0400	0.0000	99.9978	40.2012	0.8230	1.1609	5.0000	20.2593	508.0717	94.9074	9.0894	24.1000	0.9300	0.9430	0.5865	-0.0005	508.0000	509.2851	1.0272	10.8646	99.6832	40.8696	0.8230	0.8253	5.0000	-9999.0000	-9999.0000	-9999.0000	-9999.0000	-9999.0000	-9999.0000	17.0989	5	0	24.7888	1.0000	99	9	-9999.0000	47405	22140	-9999	-9999	1889	3909	295.6971	5	0.5809	0.5865	-0.0005	30.0919	2.5235	492.1611	567.6540	43.2176	516.6571	104.0741	491.7658	94.8380	493.1428	94.9074	495.3068	94.8148	
05/08/2017	16:24:23	011995	G523003010HLR	L523	S		437.9742	1.0400	0.0000	99.8891	40.1908	0.8230	1.1609	5.0000	20.0091	508.0311	94.9074	12.5989	24.1000	0.9300	0.9430	0.5865	-0.0005	508.0000	507.3819	1.0272	10.9446	99.7547	40.8530	0.8230	0.8255	5.0000	-9999.0000	-9999.0000	-9999.0000	-9999.0000	-9999.0000	-9999.0000	17.2991	6	0	24.8690	1.0000	99	9	-9999.0000	47406	22141	-9999	-9999	1889	3911	294.7043	5	0.5810	0.5865	-0.0005	29.8228	2.5781	474.3299	540.2298	41.7361	503.9010	104.7685	474.5133	95.0463	478.2633	94.9074	482.7116	94.8148	
05/08/2017	16:24:47	011995	G523002967HLR	L523	S		446.7349	1.0400	0.0000	99.9091	40.1833	0.8230	1.1610	5.0000	19.9683	508.0502	94.9074	12.3001	24.1000	0.9300	0.9429	0.5884	-0.0007	508.0000	508.8100	1.0272	10.8846	99.8007	40.8250	0.8230	0.8254	5.0000	-9999.0000	-9999.0000	-9999.0000	-9999.0000	-9999.0000	-9999.0000	17.2150	7	0	24.8282	1.0000	99	9	-9999.0000	47407	22142	-9999	-9999	1890	3913	294.4331	5	0.5804	0.5884	-0.0007	30.3972	2.5234	474.0032	551.0407	43.5648	501.4154	103.2176	474.1760	95.0000	477.8711	94.9074	481.4867	94.8611	
05/08/2017	16:25:12	011995	G523002977HLR	L523	S		448.3573	1.0400	0.0000	99.8915	40.1817	0.8230	1.1610	5.0000	19.9491	508.0451	94.9306	11.5795	24.1000	0.9300	0.9430	0.5885	-0.0008	508.0000	508.7881	1.0272	10.8855	99.7877	40.7929	0.8230	0.8244	5.0000	-9999.0000	-9999.0000	-9999.0000	-9999.0000	-9999.0000	-9999.0000	17.0886	8	0	24.9282	1.0000	99	9	-9999.0000	47408	22143	-9999	-9999	1891	3915	294.5928	5	0.5805	0.5885	-0.0008	30.7872	2.4643	476.6256	597.4610	43.6343	508.8101	103.5417	476.8895	95.0000	481.2437	94.8380	485.3948	94.8611	
05/08/2017	16:25:37	011995	G523002987HLR	L523	S		448.6522	1.0400	0.0000	99.9430	40.1785	0.8230	1.1610	5.0000	19.9188	508.1314	94.9769	10.4497	24.3000	0.9300	0.9432	0.5890	-0.0008	508.0000	508.3125	1.0272	10.9055	99.9422	40.8062	0.8230	0.8240	5.0000	-9999.0000	-9999.0000	-9999.0000	-9999.0000	-9999.0000	-9999.0000	17.1188	1	0	24.9490	1.0000	99	9	-9999.0000	47409	22144	-9999	-9999	1892	3917	294.9039	5	0.5806	0.5890	-0.0008	31.2323	2.4673	492.5160	464.2940	43.4259	510.5856	97.7778	496.1885	96.1806	482.7197	95.0000	487.9100	94.9074	
05/08/2017	16:26:02	011995	G523002983HLR	L523	S		450.9583	1.0400	0.0000	99.9189	40.1233	0.8230	1.1609	5.0000	20.0087	508.1010	94.9537	10.1987	24.2000	0.9300	0.9430	0.5880	-0.0007	508.0000	507.4782	1.0272	10.9405	99.9806	40.8500	0.8230	0.8248	5.0000	-9999.0000	-9999.0000	-9999.0000	-9999.0000	-9999.0000	-9999.0000	17.1390	2	0	24.8980	1.0000	99	9	-9999.0000	47410	22145	-9999	-9999	1893	3919	295.1856	5	0.5802	0.5880	-0.0007	32.7096	2.3701	484.5032	528.9246	41.3426	516.8802	106.9907	486.9164	94.4676	485.3564	94.8611	490.3263	94.9306	
05/08/2017	16:26:27	011995	G523002715HLR	L523	S		447.8452	1.0400	0.0000	99.7872	40.0792	0.8230	1.1607	5.0000	21.1285	508.0952	94.9769	10.2299	24.1000	0.9300	0.9429	0.5895	-0.0009	508.0000	507.8049	1.0272	10.9268	99.7453	40.8479	0.8230	0.8254	5.0000	-9999.0000	-9999.0000	-9999.0000	-9999.0000	-9999.0000	-9999.0000	17.1980	3	0	24.7887	1.0000	99	9	-9999.0000	47411	22146	-9999	-9999	1894	3921	294.9666	5	0.5802	0.5895	-0.0009	32.7703	2.3638	483.6704	546.8883	44.0278	509.9621	103.1944	484.2683	94.6991	484.7517	94.8611	489.1593	94.8843	
05/08/2017	16:26:52	011995	G523002722HLR	L523	S		448.9883	1.0400	0.0000	99.8837	40.0631	0.8230	1.1609	5.0000	20.1173	508.0232	94.9769	10.3696	24.1000	0.9300	0.9429	0.5885	-0.0008	508.0000	507.4318	1.0272	10.9425	100.0911	40.8111	0.8230	0.8252	5.0000	-9999.0000	-9999.0000	-9999.0000	-9999.0000	-9999.0000	-9999.0000	17.2280	4	0	24.7292	1.0000	99	9	-9999.0000	47411	22147	-9999	-9999	1895	3923	294.7466	5	0.5796	0.5885	-0.0008	34.4641	2.2233	479.7799	560.7385	45.4630	515.0768	102.3380	479.9370	94.8611	484.1650	94.8611	489.4333	94.8611	
05/08/2017	16:27:17	011995	G523002748HLR	L523	S		451.9434	1.0400	0.0000	99.9009	40.0456	0.8230	1.1609	5.0000	20.1190	508.0588	94.9306	8.6890	24.1000	0.9300	0.9429	0.5886	-0.0008	508.0000	506.8240	1.0272	10.9680	99.7770	40.7902	0.8230	0.8240	5.0000	-9999.0000	-9999.0000	-9999.0000	-9999.0000	-9999.0000	-9999.0000	17.1463	5	0	24.8689	1.0000	99	9	-9999.0000	47412	22148	-9999	-9999	1896	3925	295.5030	5	0.5795	0.5886	-0.0008	34.8777	2.2038	490.6378	563.0297	45.2083	519.4644	101.5972	491.4322	94.8380	492.2708	94.8843	495.6677	94.8611	
05/08/2017	16:27:41	011995	G523002747HLR	L523	S		451.6233	1.0400	0.0000	99.9217	40.0298	0.8230	1.1610	5.0000	19.9994	508.0677	94.9074	8.8989	24.1000	0.9300	0.9429	0.5899	-0.0009	508.0000	506.0104	1.0272	10.9979	99.8178	40.8333	0.8230	0.8243	5.0000	-9999.0000	-9999.0000	-9999.0000	-9999.0000	-9999.0000	-9999.0000	17.2279	6	0	24.7484	1.0000	99	9	-9999.0000	47413	22149	-9999	-9999	1897	3926	295.6515	5	0.5796	0.5899	-0.0009	34.8058	2.2053	484.6333	536.5463	44.8148	516.9422	102.1065	484.7415	94.8148	490.1697	94.8611	493.8094	94.8380	
05/08/2017	16:28:06	011995	G523002739HLR	L523	S		450.6857	1.0400	0.0000	99.8289	40.0182	0.8230	1.1610	5.0000	19.9683	508.0778	94.9769	10.5590	24.2000	0.9300	0.9429	0.5907	-0.0010	508.0000	507.9094	1.0272	10.9224	99.7005	40.8609	0.8230	0.8251	5.0000	-9999.0000	-9999.0000	-9999.0000	-9999.0000	-9999.0000	-9999.0000	17.4684	7	0	24.8186	1.0000	99	9	-9999.0000	47414	22150	-9999	-9999	1898	3927	294.9781	5	0.5797	0.5907	-0.0010	36.3572	2.1080	478.6798	490.4620	40.9259	509.7789	104.3750	478.9939	94.8843	482.6014	94.8611	486.9895	94.8380	
05/08/2017	16:28:31	011995	G523002731HLR	L523	S		450.7743	1.0400	0.0000	99.9096	40.0127	0.8230	1.1610	5.0000	19.9288	508.0458	95.0000	10.2700	24.2000	0.9300	0.9429	0.5915	-0.0011	508.0000	508.2674	1.0272	10.9074	99.7533	40.8354	0.8230	0.8253	5.0000	-9999.0000	-9999.0000	-9999.0000	-9999.0000	-9999.0000	-9999.0000	17.3104	8	0	24.8087	1.0000	99	9	-9999.0000	47415	22151	-9999	-9999	1899	3928	295.0368	5	0.5798	0.5915	-0.0011	36.4086	2.1085	479.0905	522.9073	43.4491	512.7669	102.2222	479.4250	95.0463	484.5510	94.8611	488.0363	94.8380	
05/08/2017	16:28:56	011995	G523002721HLR	L523	S		451.5005	1.0400	0.0000	99.8798	40.0103	0.8230	1.1610	5.0000	20.0388	508.1122	94.9074	8.5288	24.1000	0.9300	0.9429	0.5888	-0.0008	508.0000	505.6607	1.0272	10.9839	99.7654	40.7970	0.8230	0.8244	5.0000	-9999.0000	-9999.0000	-9999.0000	-9999.0000	-9999.0000	-9999.0000	17.1685	1	0	24.8287	1.0000	99	9	-9999.0000	47416	22152	-9999	-9999	1899	3929	295.8929	5	0.5808	0.5888	-0.0008	32.2474	2.5440	485.3299	492.4540	40.3935	517.3860	101.9907	485.5746	94.8843	491.4472	94.8380	494.5240	94.8843	
05/08/2017	16:29:21	011995	G523002730HLR	L523	S		450.7493	1.0400	0.0000	99.9444	40.0112	0.8230	1.1611	5.0000	20.0097	508.0236	94.9306	9.3394	24.1000	0.9300	0.9430	0.5945	-0.0013	508.0000	505.6042	1.0272	10.9816	99.6934	40.8167	0.8230	0.8239	5.0000	-9999.0000	-9999.0000	-9999.0000	-9999.0000	-9999.0000	-9999.0000	17.4699	2	0	24.7983	1.0000	99	9	-9999.0000	47417	22153	-9999	-9999	1900	3931	295.8033	5	0.5810	0.5945	-0.0013	36.9041	2.0691	482.7839	504.0769	43.6574	511.4329	102.2685	483.6863	94.7917	486.2601	94.8380	490.6429	94.8611	
05/08/2017	16:29:45	011995	G523002711HLR	L523	S		451.4795	1.0400	0.0000	99.9155	40.0175	0.8230	1.1615	5.0000	19.9091	508.1489	94.9537	9.6694	24.1000	0.9300	0.9429	0.5959	-0.0014	508.0000	506.7672	1.0272	10.9704	99.7791	40.8645	0.8230	0.8247	5.0000	-9999.0000	-9999.0000	-9999.0000	-9999.0000	-9999.0000	-9999.0000	17.3212	3	0	24.8593	1.0000	99	9	-9999.0000	47418	22154	-9999	-9999	1901	3933	295.8244	5	0.5810	0.5959	-0.0014	36.6573	2.0744	479.1772	516.6634	42.9398	512.6679	102.8472	479.2604	94.8148	484.7144	94.8843	488.1574	94.8611	
05/08/2017	16:30:11	011995	G523002712HLR	L523	S		449.5567	1.0400	0.0000	99.8682	40.0276	0.8230	1.1611	5.0000	19.8086	508.1173	94.9769	9.8999	24.1000	0.9300	0.9430	0.5951	-0.0014	508.0000	506.9692	1.0272	10.9619	99.8244	40.8599	0.8230	0.8253	5.0000	-9999.0000	-9999.0000	-9999.0000	-9999.0000	-9999.0000	-9999.0000	17.2727	4	0	25.0387	1.0000	99	9	-9999.0000	47419	22155	-9999	-9999	1902	3935	295.5467	5	0.5810	0.5951	-0.0014	36.3120	2.0915	477.8197	510.6846	43.4722	507.2023	102.6389	477.7129	94.9074	482.2760	94.9074	487.5001	94.8380	
05/08/2017	16:30:35	011995	G523003106HLR	L523	S		451.6168	1.0400	0.0000	99.8938	40.0382	0.8230	1.1611	5.0000	19.9885	508.0915	94.9769	10.0190	24.1000	0.9300	0.9429	0.6008	-0.0019	508.0000	506.6773	1.0272	10.9742	99.7104	40.8281	0.8230	0.8251	5.0000	-9999.0000	-9999.0000	-9999.0000	-9999.0000	-9999.0000	-9999.0000	17.0761	5	0	24.8085	1.0000	99	9	-9999.0000	47420	22156	-9999	-9999	1903	3937	295.5639	5	0.5816	0.6008	-0.0019	36.4708	2.0740	475.8998	545.3687	43.2176	507.4938	103.2407	475.9204	95.0926	481.9979	94.8611	486.2737	94.8380	
05/08/2017	16:31:00	011995	G523002726HLR	L523	S		453.6914	1.0400	0.0000	99.8404	40.0429	0.8230	1.1611	5.0000	19.9891	508.0985	94.9306	8.9897	24.1000	0.9300	0.9429	0.6048	-0.0023	508.0000	509.3462	1.0272	10.8621	99.7799	40.8063	0.8230	0.8242	5.0000	-9999.0000	-9999.0000	-9999.0000	-9999.0000	-9999.0000	-9999.0000	17.3875	6	0	24.8188	1.0000	99	9	-9999.0000	47421	22157	-9999	-9999	1904	3939	296.8028	5	0.5822	0.6048	-0.0023	34.7426	2.2521	475.8921	493.9874	42.3611	503.0873	102.7083	475.6601	95.0000	481.9440	94.8148	487.7585	94.8148	
05/08/2017	16:31:25	011995	G523002744HLR	L523	S		448.3859	1.0400	0.0000	99.8861	40.0529	0.8230	1.1612	5.0000	19.9685	508.0778	94.9537	11.0502	24.1000	0.9300	0.9429	0.6053	-0.0023	508.0000	506.3347	1.0272	10.9886	99.8646	40.8413	0.8230	0.8240	5.0000	-9999.0000	-9999.0000	-9999.0000	-9999.0000	-9999.0000	-9999.0000	17.5288	7	0	24.6881	1.0000	99	9	-9999.0000	47422	22158	-9999	-9999	1905	3941	294.4449	5	0.5825	0.6053	-0.0023	37.6661	1.9092	467.2859	499.3843	42.5231	497.3494	103.6111	467.1695	94.8380	473.4379	94.8843	478.5683	94.8843	
05/08/2017	16:31:50	011995	G523002735HLR	L523	S		451.0809	1.0400	0.0000	99.8939	40.0691	0.8230	1.1611	5.0000	19.8982	508.0824	94.9769	10.9994	24.1000	0.9300	0.9428	0.6037	-0.0022	508.0000	508.4728	1.0272	10.8988	99.7649	40.8797	0.8230	0.8249	5.0000	-9999.0000	-9999.0000	-9999.0000	-9999.0000	-9999.0000	-9999.0000	17.1783	8	0	24.8192	1.0000	99	9	-9999.0000	47423	22159	-9999	-9999	1906	3943	294.6451	5	0.5827	0.6037	-0.0022	36.1424	2.0889	469.6384	513.6764	43.2407	499.5426	102.4306	469.6702	95.0231	474.7668	94.8380	479.3868	94.8611	
05/08/2017	16:32:15	011995	G523002725HLR	L523	S		449.4611	1.0400	0.0000	99.9652	40.0772	0.8230	1.1611	5.0000	19.8840	508.0391	94.9537	11.1801	24.1000	0.9300	0.9428	0.6020	-0.0020	508.0000	508.2671	1.0272	10.9074	99.7205	40.8650	0.8230	0.8253	5.0000	-9999.0000	-9999.0000	-9999.0000	-9999.0000	-9999.0000	-9999.0000	17.2379	1	0	24.7982	1.0000	99	9	-9999.0000	47423	22160	-9999	-9999	1907	3945	294.6361	5	0.5829	0.6020	-0.0020	38.7622	1.7850	469.7428	488.6152	42.8009	500.5844	102.3611	469.8295	95.0000	475.2797	94.8148	479.9796	94.8611	
05/08/2017	16:32:39	011995	G523000995HLR	L523	S		446.5707	1.0400	0.0000	99.8347	40.0826	0.8230	1.1611	5.0000	20.0555	508.0904	94.9537	11.8099	24.1000	0.9300	0.9428	0.5985	-0.0016	508.0000	509.4037	1.0272	10.8596	99.8028	40.8265	0.8230	0.8247	5.0000	-9999.0000	-9999.0000	-9999.0000	-9999.0000	-9999.0000	-9999.0000	17.1796	2	0	24.8385	1.0000	99	9	-9999.0000	47424	22161	-9999	-9999	1908	3947	294.4124	5	0.5831	0.5985	-0.0016	41.7455	1.4668	469.7079	516.8586	42.6157	503.9249	102.8009	470.2827	94.9537	475.3301	94.7917	480.3114	94.8843	
05/08/2017	16:33:04	011995	G523003004HLR	L523	S		452.7114	1.0400	0.0000	99.9767	40.0903	0.8230	1.1611	5.0000	19.9983	508.0569	95.0000	9.8491	24.1000	0.9300	0.9428	0.5991	-0.0017	508.0000	506.8322	1.0272	10.9677	99.7540	40.8333	0.8230	0.8238	5.0000	-9999.0000	-9999.0000	-9999.0000	-9999.0000	-9999.0000	-9999.0000	17.1492	3	0	24.8592	1.0000	99	9	-9999.0000	47424	22162	-9999	-9999	1909	3949	296.1362	5	0.5830	0.5991	-0.0017	40.9450	1.5440	476.1724	508.2974	41.4583	506.2352	102.7778	476.1035	94.6528	481.8790	94.8843	485.2945	94.8843	
05/08/2017	16:33:33	011995	G523003002HLR	L523	S		450.7528	1.0400	0.0000	99.8828	40.1054	0.8230	1.1611	5.0000	19.9891	508.0641	94.9769	9.8999	24.1000	0.9300	0.9429	0.6018	-0.0019	508.0000	506.2881	1.0272	10.9905	99.7380	40.8667	0.8230	0.8244	5.0000	-9999.0000	-9999.0000	-9999.0000	-9999.0000	-9999.0000	-9999.0000	17.1382	4	0	28.9389	1.0000	99	9	-9999.0000	47425	22163	-9999	-9999	1910	3951	296.0151	5	0.5825	0.6018	-0.0019	42.4323	1.3917	475.6339	522.4857	42.6620	502.6619	102.1991	475.8847	94.7454	479.8736	94.8148	485.2707	94.8843	
05/08/2017	16:33:58	011995	G523002999HLR	L523	S		457.1373	1.0400	0.0000	99.7928	40.1087	0.8230	1.1610	5.0000	19.9077	508.0553	94.9306	9.0600	24.1000	0.9300	0.9429	0.6021	-0.0020	508.0000	510.0747	1.0272	10.8315	99.7141	40.8901	0.8230	0.8251	5.0000	-9999.0000	-9999.0000	-9999.0000	-9999.0000	-9999.0000	-9999.0000	17.3685	5	0	24.9885	1.0000	99	9	-9999.0000	47425	22164	-9999	-9999	1911	3953	296.9076	5	0.5824	0.6021	-0.0020	41.2502	1.5179	477.8200	492.4126	42.4306	504.9122	102.5231	477.7217	94.6991	485.3545	94.8148	493.2409	94.8843	
05/08/2017	16:34:23	011995	G523003003HLR	L523	S		449.1514	1.0400	0.0000	99.8730	40.1167	0.8230	1.1611	5.0000	20.0886	508.1369	95.0000	10.2797	24.2000	0.9300	0.9430	0.6038	-0.0021	508.0000	506.6657	1.0272	10.9747	99.7887	40.8835	0.8230	0.8253	5.0000	-9999.0000	-9999.0000	-9999.0000	-9999.0000	-9999.0000	-9999.0000	17.3330	6	0	24.8280	1.0000	99	9	-9999.0000	47426	22165	-9999	-9999	1912	3954	295.7230	5	0.5821	0.6038	-0.0021	41.4056	1.4939	469.9861	512.8757	43.5880	502.0548	102.3148	470.2363	94.7917	481.1659	94.7917	485.5484	94.9074	
05/08/2017	16:34:48	011995	G523003023HLR	L523	S		448.3378	1.0400	0.0000	99.8789	40.1285	0.8230	1.1610	5.0000	20.1014	508.0850	95.0000	11.1694	24.1000	0.9300	0.9429	0.6118	-0.0029	508.0000	507.0991	1.0272	10.9565	99.7733	40.8721	0.8230	0.8251	5.0000	-9999.0000	-9999.0000	-9999.0000	-9999.0000	-9999.0000	-9999.0000	18.4359	7	0	24.7487	1.0000	99	9	-9999.0000	47427	22166	-9999	-9999	1912	3955	294.6248	5	0.5820	0.6118	-0.0029	34.0786	2.2141	466.1683	528.5135	45.3241	494.2740	101.9213	466.8979	95.0463	470.1461	94.7685	475.3799	94.8611	
05/08/2017	16:35:12	011995	G523003021HLR	L523	S		442.9680	1.0400	0.0000	99.9061	40.1416	0.8230	1.1610	5.0000	19.9192	508.1037	94.9537	12.0990	24.1000	0.9300	0.9429	0.6131	-0.0030	508.0000	507.0598	1.0272	10.9581	99.8829	40.8283	0.8230	0.8242	5.0000	-9999.0000	-9999.0000	-9999.0000	-9999.0000	-9999.0000	-9999.0000	17.1463	8	0	24.7790	1.0000	99	9	-9999.0000	47428	22167	-9999	-9999	1913	3957	293.3024	5	0.5820	0.6131	-0.0030	37.0980	1.8996	462.2234	471.7606	41.0417	490.0072	102.4537	461.9960	95.0926	467.4459	94.7685	469.7111	94.8843	
05/08/2017	16:35:37	011995	G523003022HLR	L523	S		445.0246	1.0400	0.0000	99.8515	40.1445	0.8230	1.1610	5.0000	20.1142	508.0847	94.9537	12.0199	24.1000	0.9300	0.9429	0.6007	-0.0018	508.0000	505.9295	1.0272	10.9946	99.6894	40.8523	0.8230	0.8239	5.0000	-9999.0000	-9999.0000	-9999.0000	-9999.0000	-9999.0000	-9999.0000	17.1282	1	0	24.9986	1.0000	99	9	-9999.0000	47429	22168	-9999	-9999	1914	3958	294.0754	5	0.5819	0.6007	-0.0018	33.2691	2.2502	465.3312	535.2900	44.0509	494.1829	101.9213	465.2020	94.8148	471.9216	94.8611	476.2835	94.9306	
05/08/2017	16:36:02	011995	G523002718HLR	L523	S		448.5747	1.0400	0.0000	99.9188	40.1692	0.8230	1.1610	5.0000	19.8636	508.0940	94.9769	9.6001	24.1000	0.9300	0.9428	0.6006	-0.0018	508.0000	506.4810	1.0272	10.9824	99.8002	40.8988	0.8230	0.8247	5.0000	-9999.0000	-9999.0000	-9999.0000	-9999.0000	-9999.0000	-9999.0000	17.4791	2	0	24.9683	1.0000	99	9	-9999.0000	47430	22169	-9999	-9999	1915	3960	296.4021	5	0.5819	0.6006	-0.0018	28.2622	2.7381	476.2621	495.6078	42.2454	504.3326	102.4769	476.3659	94.5139	481.9018	94.8843	487.2589	94.9074	
05/08/2017	16:38:29	011995	G523002986HLR	L523	S		0.0000	0.0000	0.0000	0.0000	0.0000	0.8230	0.0000	0.0000	0.0000	0.0000	0.0000	0.0000	0.0000	0.9300	0.0000	0.0000	0.0000	0.0000	0.0000	0.0000	0.0000	0.0000	0.0000	0.8230	0.0000	0.0000	0.0000	0.0000	0.0000	0.0000	0.0000	0.0000	0.0000	0	42	24.9683	1.0000	99	9	0.0000	0	0	0	0	0	0	0.0000	0	0.0000	0.0000	0.0000	0.0000	0.0000	0.0000	0.0000	0.0000	0.0000	0.0000	0.0000	0.0000	0.0000	0.0000	0.0000	0.0000	
05/08/2017	16:38:53	011995	G523003001HLR	L523	S		438.4732	1.0400	0.0000	99.9372	40.1728	0.8230	1.1610	5.0000	19.9877	508.0989	94.9537	12.5198	24.1000	0.9300	0.9428	0.5994	-0.0017	508.0000	506.9275	1.0272	10.9637	99.8262	40.8910	0.8230	0.8253	5.0000	-9999.0000	-9999.0000	-9999.0000	-9999.0000	-9999.0000	-9999.0000	17.2993	3	0	170.5521	1.0000	99	9	-9999.0000	47431	22170	-9999	-9999	1916	3962	293.8192	5	0.5817	0.5994	-0.0017	29.3013	2.6484	465.2964	484.7312	40.7176	494.2153	102.0833	465.2522	94.8380	471.4526	94.8380	475.0678	94.9074	
05/08/2017	16:39:18	011995	G523002992HLR	L523	S		448.3665	1.0400	0.0000	99.8878	40.1766	0.8230	1.1610	5.0000	19.9493	508.0561	94.9769	11.8491	24.1000	0.9300	0.9428	0.6147	-0.0031	508.0000	507.5027	1.0272	10.9395	99.7656	40.8500	0.8230	0.8248	5.0000	-9999.0000	-9999.0000	-9999.0000	-9999.0000	-9999.0000	-9999.0000	17.1973	4	0	24.8977	1.0000	99	9	-9999.0000	47432	22171	-9999	-9999	1917	3964	293.8735	5	0.5813	0.6147	-0.0031	20.4941	3.4903	459.2913	486.0460	43.4491	491.8724	101.8981	459.3944	94.7685	465.7608	94.8843	471.3153	94.9306	
05/08/2017	16:39:43	011995	G523002991HLR	L523	S		449.9650	1.0400	0.0000	99.9540	40.1808	0.8230	1.1609	5.0000	20.0301	508.1565	95.0463	10.4194	24.1000	0.9300	0.9428	0.6014	-0.0019	508.0000	506.6982	1.0272	10.9733	99.7086	40.8793	0.8230	0.8253	5.0000	-9999.0000	-9999.0000	-9999.0000	-9999.0000	-9999.0000	-9999.0000	17.2275	5	0	25.3283	1.0000	99	9	-9999.0000	47433	22171	-9999	-9999	1918	3966	295.8478	5	0.5812	0.6014	-0.0019	22.3411	3.3157	473.7554	500.6340	43.1481	505.3644	101.8750	473.8805	94.7222	479.1010	94.8843	484.1634	94.9074	
05/08/2017	16:40:08	011995	G523003043HLR	L523	S		448.8908	1.0400	0.0000	99.8672	40.1842	0.8230	1.1610	5.0000	19.9677	508.0298	95.0231	10.2592	24.1000	0.9300	0.9428	0.6144	-0.0030	508.0000	509.0930	1.0272	10.8727	99.8279	40.8566	0.8230	0.8254	5.0000	-9999.0000	-9999.0000	-9999.0000	-9999.0000	-9999.0000	-9999.0000	17.3087	6	0	24.8992	1.0000	99	9	-9999.0000	47434	22172	-9999	-9999	1919	3968	296.3556	5	0.5818	0.6144	-0.0030	25.2378	3.0852	467.5814	476.7989	42.9398	492.8560	101.6898	467.4527	94.7917	474.2301	94.8380	481.1065	94.8843	
05/08/2017	16:41:00	011995	G523002973HLR	L523	S		0.0000	0.0000	0.0000	0.0000	0.0000	0.8230	0.0000	0.0000	0.0000	0.0000	0.0000	0.0000	0.0000	0.9300	0.0000	0.0000	0.0000	0.0000	0.0000	0.0000	0.0000	0.0000	0.0000	0.8230	0.0000	0.0000	0.0000	0.0000	0.0000	0.0000	0.0000	0.0000	0.0000	0	42	24.8992	1.0000	99	9	0.0000	0	0	0	0	0	0	0.0000	0	0.0000	0.0000	0.0000	0.0000	0.0000	0.0000	0.0000	0.0000	0.0000	0.0000	0.0000	0.0000	0.0000	0.0000	0.0000	0.0000	
05/08/2017	16:41:22	011995	G523003042HLR	L523	S		447.8972	1.0400	0.0000	99.9174	40.1977	0.8230	1.1609	5.0000	19.9085	508.0625	95.0463	10.4399	24.1000	0.9300	0.9427	0.6050	-0.0021	508.0000	506.2461	1.0272	10.9923	99.8313	40.8200	0.8230	0.8246	5.0000	-9999.0000	-9999.0000	-9999.0000	-9999.0000	-9999.0000	-9999.0000	17.3861	7	0	73.9163	1.0000	99	9	-9999.0000	47435	22173	-9999	-9999	1920	3970	296.2371	5	0.5818	0.6050	-0.0021	20.5652	3.5616	469.3034	471.1809	41.9444	497.9532	102.5231	469.6062	94.8148	475.5414	94.8611	478.8989	94.9074	
05/08/2017	16:41:47	011995	G523003032HLR	L523	S		451.7182	1.0400	0.0000	99.9577	40.2043	0.8230	1.1609	5.0000	20.0714	508.0904	95.0231	10.1401	24.3000	0.9300	0.9429	0.6049	-0.0021	508.0000	506.9129	1.0272	10.9643	99.6959	40.8333	0.8230	0.8238	5.0000	-9999.0000	-9999.0000	-9999.0000	-9999.0000	-9999.0000	-9999.0000	17.1229	8	0	24.8976	1.0000	99	9	-9999.0000	47436	22174	-9999	-9999	1921	3972	296.6177	5	0.5819	0.6049	-0.0021	27.5024	2.8545	477.6818	405.6559	44.2130	505.2590	103.0093	479.9554	94.1435	478.4337	94.8843	482.4430	94.7917	
05/08/2017	16:42:16	011995	G523002976HLR	L523	S		436.5202	1.0400	0.0000	99.9219	40.2105	0.8230	1.1608	5.0000	19.9686	508.0533	94.9769	14.3596	24.2000	0.9300	0.9427	0.6057	-0.0022	508.0000	504.2694	1.0272	10.9280	99.8317	40.8141	0.8230	0.8250	5.0000	-9999.0000	-9999.0000	-9999.0000	-9999.0000	-9999.0000	-9999.0000	17.3674	1	0	29.3687	1.0000	99	9	-9999.0000	47436	22175	-9999	-9999	1922	3974	292.0677	5	0.5819	0.6057	-0.0022	31.5508	2.4654	454.7167	515.3624	43.4028	487.3216	103.5648	455.3633	95.4398	461.1471	94.7454	465.0460	94.8611	
05/08/2017	16:42:41	011995	G523002958HLR	L523	S		463.7324	1.0400	0.0000	99.9132	40.1680	0.8230	1.1608	5.0000	19.9835	508.0528	94.8611	7.1490	24.2000	0.9300	0.9426	0.5986	-0.0015	508.0000	511.9693	1.0272	10.7519	99.8198	40.8167	0.8230	0.8239	5.0000	-9999.0000	-9999.0000	-9999.0000	-9999.0000	-9999.0000	-9999.0000	17.2279	2	0	24.7788	1.0000	99	9	-9999.0000	47436	22176	-9999	-9999	1923	3976	298.5087	5	0.5816	0.5986	-0.0015	28.1956	2.8665	490.2956	501.4838	42.5000	517.6275	101.1343	490.1586	94.6065	495.0948	94.8380	499.4125	94.9537	
05/08/2017	16:43:06	011995	G523002966HLR	L523	S		430.3500	1.0400	0.0000	99.7969	40.1527	0.8230	1.1608	5.0000	20.0859	508.0756	95.0000	16.2296	24.1000	0.9300	0.9427	0.6077	-0.0023	508.0000	502.5638	1.0272	10.8596	99.7821	40.8339	0.8230	0.8240	5.0000	-9999.0000	-9999.0000	-9999.0000	-9999.0000	-9999.0000	-9999.0000	17.2685	3	1	24.7585	1.0000	99	9	-9999.0000	47437	22177	-9999	-9999	1924	3977	289.9558	5	0.5821	0.6077	-0.0023	28.9973	2.7915	446.9020	450.9382	41.8750	479.4829	103.3333	446.9462	95.3472	452.3038	94.6991	455.9231	94.9074	
05/08/2017	16:43:31	011995	G523003012HLR	L523	S		463.4276	1.0400	0.0000	99.9323	40.1325	0.8230	1.1608	5.0000	19.9393	508.0541	94.9074	7.3990	24.3000	0.9300	0.9429	0.6077	-0.0023	508.0000	509.2817	1.0272	10.8648	99.7950	40.8815	0.8230	0.8246	5.0000	-9999.0000	-9999.0000	-9999.0000	-9999.0000	-9999.0000	-9999.0000	18.6796	4	0	24.8385	1.0000	99	9	-9999.0000	47437	22178	-9999	-9999	1925	3979	300.0626	5	0.5821	0.6077	-0.0023	28.9973	2.7915	485.2499	417.2159	42.1759	516.0274	105.8565	486.1765	94.7454	492.0017	94.8611	497.4058	94.8843	
05/08/2017	16:43:56	011995	G523002982HLR	L523	S		425.8972	1.0400	0.0000	99.8772	40.1202	0.8230	1.1609	5.0000	20.4170	508.0310	94.9306	18.3691	24.1000	0.9300	0.9427	0.5933	-0.0010	508.0000	501.6048	1.0272	10.8211	99.7181	40.8577	0.8230	0.8253	5.0000	-9999.0000	-9999.0000	-9999.0000	-9999.0000	-9999.0000	-9999.0000	17.2487	5	1	25.0388	1.0000	99	9	-9999.0000	47438	22179	-9999	-9999	1926	3980	289.5980	5	0.5824	0.5933	-0.0010	30.7798	2.5829	446.3562	479.3730	42.4537	475.4038	103.8426	447.9974	95.1389	450.0773	94.7685	452.3665	94.9306	
05/08/2017	16:45:39	011995	G523003189HLR	L523	S		0.0000	0.0000	0.0000	0.0000	0.0000	0.8230	0.0000	0.0000	0.0000	0.0000	0.0000	0.0000	0.0000	0.9300	0.0000	0.0000	0.0000	0.0000	0.0000	0.0000	0.0000	0.0000	0.0000	0.8230	0.0000	0.0000	0.0000	0.0000	0.0000	0.0000	0.0000	0.0000	0.0000	0	42	25.0388	1.0000	99	9	0.0000	0	0	0	0	0	0	0.0000	0	0.0000	0.0000	0.0000	0.0000	0.0000	0.0000	0.0000	0.0000	0.0000	0.0000	0.0000	0.0000	0.0000	0.0000	0.0000	0.0000	
05/08/2017	16:46:01	011995	G523002039HLR	L523	S		447.8163	1.0400	0.0000	99.9825	40.1023	0.8230	1.1609	5.0000	19.8786	508.0841	95.0231	11.0601	24.1000	0.9300	0.9425	0.5933	-0.0010	508.0000	506.8728	1.0272	10.9660	99.8936	40.8214	0.8230	0.8247	5.0000	-9999.0000	-9999.0000	-9999.0000	-9999.0000	-9999.0000	-9999.0000	17.1381	6	0	125.6339	1.0000	99	9	-9999.0000	47439	22180	-9999	-9999	1926	3981	295.9014	5	0.5824	0.5933	-0.0010	30.7798	2.5829	476.2545	513.1802	43.1944	507.3079	100.5093	475.9757	94.5833	483.7242	94.8380	486.4302	94.9769	
05/08/2017	16:46:27	011995	G523002950HLR	L523	S		459.6412	1.0400	0.0000	99.8739	40.1084	0.8230	1.1613	5.0000	20.0285	508.0803	94.8843	7.5504	24.2000	0.9300	0.9425	0.5933	-0.0010	508.0000	511.0076	1.0272	10.7923	99.7601	40.8167	0.8230	0.8238	5.0000	-9999.0000	-9999.0000	-9999.0000	-9999.0000	-9999.0000	-9999.0000	17.0695	7	0	25.8384	1.0000	99	9	-9999.0000	47440	22181	-9999	-9999	1927	3983	297.6648	5	0.5820	0.5933	-0.0010	31.1241	2.5648	490.1486	483.7195	43.5185	513.0339	100.5093	489.7033	94.7917	494.6956	94.9074	499.3843	94.8843	
05/08/2017	16:46:52	011995	G523003167HLR	L523	S		0.0000	0.0000	0.0000	0.0000	0.0000	0.8230	0.0000	0.0000	0.0000	0.0000	0.0000	0.0000	0.0000	0.9300	0.0000	0.0000	0.0000	0.0000	0.0000	0.0000	0.0000	0.0000	0.0000	0.8230	0.0000	0.0000	0.0000	0.0000	0.0000	0.0000	0.0000	0.0000	0.0000	0	42	25.8384	1.0000	99	9	0.0000	0	0	0	0	0	0	0.0000	0	0.0000	0.0000	0.0000	0.0000	0.0000	0.0000	0.0000	0.0000	0.0000	0.0000	0.0000	0.0000	0.0000	0.0000	0.0000	0.0000	
05/08/2017	16:47:16	011995	G523002979HLR	L523	S		445.9261	1.0400	0.0000	99.8953	40.0959	0.8230	1.1609	5.0000	19.9290	508.0408	95.0231	10.8090	24.2000	0.9300	0.9427	0.5952	-0.0012	508.0000	509.3099	1.0272	10.8636	99.7945	40.8162	0.8230	0.8241	5.0000	-9999.0000	-9999.0000	-9999.0000	-9999.0000	-9999.0000	-9999.0000	17.2586	8	0	48.6576	1.0000	99	9	-9999.0000	47441	22182	-9999	-9999	1928	3985	296.0865	5	0.5824	0.5952	-0.0012	27.5504	2.8263	475.5005	480.5235	43.3796	505.2460	101.5509	475.3704	94.8380	479.7483	94.9537	484.6280	94.9306	
05/08/2017	16:47:41	011995	G523003174HLR	L523	S		458.5895	1.0400	0.0000	99.9729	40.0953	0.8230	1.1609	5.0000	19.8983	508.0632	94.8148	6.6090	24.3000	0.9300	0.9427	0.5931	-0.0009	508.0000	510.0117	1.0272	10.8341	100.0858	40.8500	0.8230	0.8245	5.0000	-9999.0000	-9999.0000	-9999.0000	-9999.0000	-9999.0000	-9999.0000	17.4887	1	0	24.9683	1.0000	99	9	-9999.0000	47442	22183	-9999	-9999	1929	3987	298.2119	5	0.5823	0.5931	-0.0009	29.4764	2.6045	496.4593	498.5583	42.5926	517.9426	101.2731	497.1111	95.0926	499.4156	94.9074	502.9802	94.8380	
05/08/2017	16:48:10	011995	G523003178HLR	L523	S		441.8629	1.0400	0.0000	99.9546	40.0868	0.8230	1.1610	5.0000	20.0184	508.0653	94.9537	14.6789	24.1000	0.9300	0.9426	0.5942	-0.0010	508.0000	508.2533	1.0272	10.9080	99.8700	40.8262	0.8230	0.8254	5.0000	-9999.0000	-9999.0000	-9999.0000	-9999.0000	-9999.0000	-9999.0000	17.1393	2	0	28.7182	1.0000	99	9	-9999.0000	47443	22184	-9999	-9999	1930	3989	294.5755	5	0.5828	0.5942	-0.0010	30.0845	2.5783	467.1042	486.5406	41.8287	499.3015	102.5926	467.7619	95.0000	470.7908	95.0000	474.0550	94.9074	
05/08/2017	16:48:36	011995	G523003181HLR	L523	S		441.3225	1.0400	0.0000	99.8942	40.0897	0.8230	1.1610	5.0000	19.9287	508.0602	94.9306	14.8889	24.3000	0.9300	0.9428	0.5917	-0.0008	508.0000	507.6873	1.0272	10.9318	99.8034	40.8000	0.8230	0.8240	5.0000	-9999.0000	-9999.0000	-9999.0000	-9999.0000	-9999.0000	-9999.0000	17.1686	3	0	26.1392	1.0000	99	9	-9999.0000	47444	22185	-9999	-9999	1931	3991	294.5065	5	0.5827	0.5917	-0.0008	31.2186	2.5056	466.0739	434.1026	44.0278	497.8267	107.1759	467.0844	95.0694	469.8478	95.0000	473.4560	94.8611	
05/08/2017	16:49:00	011995	G523003186HLR	L523	S		444.7052	1.0400	0.0000	99.8573	40.1176	0.8230	1.1609	5.0000	20.0082	508.0757	94.9537	13.8391	24.2000	0.9300	0.9426	0.5917	-0.0008	508.0000	509.1069	1.0272	10.8721	100.0628	40.8224	0.8230	0.8239	5.0000	-9999.0000	-9999.0000	-9999.0000	-9999.0000	-9999.0000	-9999.0000	17.4184	4	0	24.7380	1.0000	99	9	-9999.0000	47445	22186	-9999	-9999	1932	3993	295.0493	5	0.5826	0.5917	-0.0008	30.7944	2.5312	470.5644	524.2619	42.7083	503.3665	101.0648	470.2748	95.0000	474.8717	94.9537	479.0587	94.9074	
05/08/2017	16:49:26	011995	G523003173HLR	L523	S		452.8591	1.0400	0.0000	99.8900	40.1003	0.8230	1.1609	5.0000	20.1190	508.0754	95.0000	10.9594	24.3000	0.9300	0.9427	0.5897	-0.0007	508.0000	510.2674	1.0272	10.8234	99.7304	40.8667	0.8230	0.8246	5.0000	-9999.0000	-9999.0000	-9999.0000	-9999.0000	-9999.0000	-9999.0000	17.0995	5	0	25.0592	1.0000	99	9	-9999.0000	47446	22187	-9999	-9999	1933	3995	295.8030	5	0.5826	0.5897	-0.0007	32.3501	2.4285	478.7533	434.6265	41.2500	509.4173	103.7500	478.9631	94.9769	483.7852	94.7917	487.3460	94.8843	
05/08/2017	16:49:51	011995	G523003154HLR	L523	S		439.8064	1.0400	0.0000	99.8664	40.0980	0.8230	1.1607	5.0000	20.7596	508.0836	94.9769	15.2687	24.2000	0.9300	0.9426	0.5878	-0.0006	508.0000	508.0077	1.0272	10.9183	99.8084	40.8673	0.8230	0.8252	5.0000	-9999.0000	-9999.0000	-9999.0000	-9999.0000	-9999.0000	-9999.0000	17.1186	6	0	25.9624	1.0000	99	9	-9999.0000	47447	22188	-9999	-9999	1934	3997	294.1664	5	0.5820	0.5878	-0.0006	33.6014	2.2959	466.5296	508.4534	42.7546	496.8663	101.2963	466.1534	95.2083	470.8479	94.9074	473.7407	94.8611	
05/08/2017	16:50:16	011995	G523003143HLR	L523	S		437.5736	1.0400	0.0000	99.8924	40.0756	0.8230	1.1609	5.0000	19.9285	508.1179	94.9769	15.2092	24.1000	0.9300	0.9424	0.5878	-0.0006	508.0000	508.1734	1.0272	10.9113	99.8586	40.8462	0.8230	0.8252	5.0000	-9999.0000	-9999.0000	-9999.0000	-9999.0000	-9999.0000	-9999.0000	17.4568	7	0	24.8552	1.0000	99	9	-9999.0000	47448	22189	-9999	-9999	1935	3999	294.3652	5	0.5820	0.5878	-0.0006	33.6014	2.2959	465.0440	548.2026	44.0741	498.0271	100.4167	464.6542	95.0926	470.3632	94.9074	473.9122	94.8843	
05/08/2017	16:50:41	011995	G523003165HLR	L523	S		446.0146	1.0400	0.0000	99.9284	40.0797	0.8230	1.1609	5.0000	19.9189	508.0653	94.9769	11.8295	24.1000	0.9300	0.9424	0.5883	-0.0006	508.0000	507.2972	1.0272	10.9481	99.8073	40.8130	0.8230	0.8244	5.0000	-9999.0000	-9999.0000	-9999.0000	-9999.0000	-9999.0000	-9999.0000	17.1096	8	0	24.8979	1.0000	99	9	-9999.0000	47449	22190	-9999	-9999	1936	4001	295.3003	5	0.5816	0.5883	-0.0006	36.6498	2.0823	479.1394	557.9047	43.5417	506.8472	100.1852	478.3278	94.7917	481.6897	94.8611	484.5262	94.9306	
05/08/2017	16:51:06	011995	G523002956HLR	L523	S		0.0000	0.0000	0.0000	0.0000	0.0000	0.8230	0.0000	0.0000	0.0000	0.0000	0.0000	0.0000	0.0000	0.9300	0.0000	0.0000	0.0000	0.0000	0.0000	0.0000	0.0000	0.0000	0.0000	0.8230	0.0000	0.0000	0.0000	0.0000	0.0000	0.0000	0.0000	0.0000	0.0000	0	42	24.8979	1.0000	99	9	0.0000	0	0	0	0	0	0	0.0000	0	0.0000	0.0000	0.0000	0.0000	0.0000	0.0000	0.0000	0.0000	0.0000	0.0000	0.0000	0.0000	0.0000	0.0000	0.0000	0.0000	
05/08/2017	16:51:31	011995	G523002949HLR	L523	S		435.0380	1.0400	0.0000	99.8736	40.0760	0.8230	1.1610	5.0000	19.9934	508.0908	94.9537	14.0588	24.1000	0.9300	0.9425	0.5875	-0.0005	508.0000	512.7398	1.0272	10.7195	99.8080	40.8330	0.8230	0.8238	5.0000	-9999.0000	-9999.0000	-9999.0000	-9999.0000	-9999.0000	-9999.0000	17.1077	1	0	49.8276	1.0000	99	9	-9999.0000	47450	22191	-9999	-9999	1937	4003	294.6822	5	0.5819	0.5875	-0.0005	36.1068	2.0674	474.8122	488.7838	41.4120	497.0507	100.8796	473.2751	94.8843	478.2411	94.9074	479.7436	94.9306	
05/08/2017	16:52:03	011995	G523003188HLR	L523	S		438.8954	1.0400	0.0000	99.9116	40.0705	0.8230	1.1609	5.0000	19.9892	508.0299	94.9537	14.8996	24.1000	0.9300	0.9425	0.5871	-0.0005	508.0000	508.3031	1.0272	10.9059	99.8942	40.8725	0.8230	0.8246	5.0000	-9999.0000	-9999.0000	-9999.0000	-9999.0000	-9999.0000	-9999.0000	17.2602	2	0	31.7181	1.0000	99	9	-9999.0000	47450	22192	-9999	-9999	1938	4005	294.3239	5	0.5808	0.5871	-0.0005	35.3916	2.1237	467.9149	511.7515	42.5000	499.0977	100.6250	467.5478	94.9769	470.6573	94.9306	475.2324	94.9306	
05/08/2017	16:52:28	011995	G523003179HLR	L523	S		457.6746	1.0400	0.0000	99.8987	40.0724	0.8230	1.1610	5.0000	19.9172	508.0841	94.9306	8.3394	24.1000	0.9300	0.9426	0.5872	-0.0005	508.0000	508.2930	1.0272	10.9063	99.7631	40.8314	0.8230	0.8252	5.0000	-9999.0000	-9999.0000	-9999.0000	-9999.0000	-9999.0000	-9999.0000	17.0992	3	0	25.3592	1.0000	99	9	-9999.0000	47451	22193	-9999	-9999	1939	4007	296.2183	5	0.5809	0.5872	-0.0005	36.5537	2.0307	488.8065	506.0954	40.6019	516.4531	99.5833	487.8845	94.8611	492.7872	94.8611	497.1075	94.8843	
05/08/2017	16:52:53	011995	G523003176HLR	L523	S		455.6027	1.0400	0.0000	99.8205	40.0753	0.8230	1.1609	5.0000	20.2921	508.1187	94.9537	9.4497	24.2000	0.9300	0.9425	0.5870	-0.0005	508.0000	509.3401	1.0272	10.8623	99.7784	40.8328	0.8230	0.8252	5.0000	-9999.0000	-9999.0000	-9999.0000	-9999.0000	-9999.0000	-9999.0000	17.1281	4	0	24.8586	1.0000	99	9	-9999.0000	47451	22194	-9999	-9999	1940	4008	295.9091	5	0.5808	0.5870	-0.0005	36.7658	2.0415	489.4847	495.7843	43.6343	514.5255	100.6250	489.9385	95.0231	491.0146	94.8611	493.8969	94.8380	
05/08/2017	16:53:18	011995	G523002980HLR	L523	S		420.0842	1.0400	0.0000	99.9309	40.0796	0.8230	1.1609	5.0000	20.1653	508.0423	94.8611	7.3492	24.3000	0.9300	0.9426	0.5880	-0.0006	508.0000	507.5672	1.0272	10.9368	100.0094	40.8132	0.8230	0.8240	5.0000	-9999.0000	-9999.0000	-9999.0000	-9999.0000	-9999.0000	-9999.0000	17.1684	5	0	25.5084	1.0000	99	9	-9999.0000	47452	22195	-9999	-9999	1941	4010	296.5981	5	0.5801	0.5880	-0.0006	38.3250	1.9436	492.0046	500.6173	43.4954	512.9532	100.6944	491.8758	95.0000	495.8724	94.8843	499.8518	94.8380	
05/08/2017	16:53:43	011995	G523002955HLR	L523	S		423.5811	1.0400	0.0000	99.8998	40.0832	0.8230	1.1610	5.0000	20.1178	508.1125	95.0231	20.7196	24.2000	0.9300	0.9426	0.5873	-0.0005	508.0000	504.2967	1.0272	10.9291	99.7763	40.8500	0.8230	0.8241	5.0000	-9999.0000	-9999.0000	-9999.0000	-9999.0000	-9999.0000	-9999.0000	17.2216	6	0	24.8589	1.0000	99	9	-9999.0000	47452	22196	-9999	-9999	1942	4011	292.5596	5	0.5797	0.5873	-0.0005	29.1806	2.5995	446.9178	438.3132	43.1250	482.0931	103.4028	447.5910	95.4630	451.8717	94.5833	454.8207	94.9306	
05/08/2017	16:54:08	011995	G523002957HLR	L523	S		449.9050	1.0400	0.0000	99.8556	40.1152	0.8230	1.1610	5.0000	20.0009	508.0151	95.0000	11.1693	24.1000	0.9300	0.9425	0.5873	-0.0005	508.0000	507.2952	1.0272	10.9482	99.7839	40.8802	0.8230	0.8249	5.0000	-9999.0000	-9999.0000	-9999.0000	-9999.0000	-9999.0000	-9999.0000	17.3081	7	0	24.8580	1.0000	99	9	-9999.0000	47453	22197	-9999	-9999	1943	4013	295.3589	5	0.5797	0.5873	-0.0005	29.1806	2.5995	478.7791	526.6122	42.6620	505.4503	99.1435	478.0269	94.9769	482.9634	94.8611	488.2799	94.9074	
05/08/2017	16:54:33	011995	G523002984HLR	L523	S		463.5324	1.0400	0.0000	99.8745	40.1035	0.8230	1.1607	5.0000	21.3780	508.0592	94.8148	5.5095	24.3000	0.9300	0.9424	0.5856	-0.0004	508.0000	507.0600	1.0272	10.9581	99.8654	40.8663	0.8230	0.8252	5.0000	-9999.0000	-9999.0000	-9999.0000	-9999.0000	-9999.0000	-9999.0000	17.4368	8	0	24.7585	1.0000	99	9	-9999.0000	47454	22198	-9999	-9999	1944	4014	296.3938	5	0.5798	0.5856	-0.0004	28.7826	2.6417	498.1877	513.1146	42.0833	526.1966	99.6296	497.4824	95.0231	502.5076	94.8843	506.3110	94.8380	
05/08/2017	16:55:00	011995	G523002038HLR	L523	S		452.1060	1.0400	0.0000	99.8360	40.1068	0.8230	1.1609	5.0000	20.0379	508.1294	94.9537	9.3296	24.2000	0.9300	0.9426	0.5874	-0.0006	508.0000	506.2704	1.0272	10.9913	99.7605	40.8308	0.8230	0.8247	5.0000	-9999.0000	-9999.0000	-9999.0000	-9999.0000	-9999.0000	-9999.0000	17.2462	1	0	26.8891	1.0000	99	9	-9999.0000	47455	22199	-9999	-9999	1945	4016	295.8939	5	0.5802	0.5874	-0.0006	27.9244	2.7298	484.6615	448.2189	41.6435	512.9275	101.7824	484.7170	94.7685	488.7061	95.0000	493.7371	94.8843	
05/08/2017	16:55:25	011995	G523002978HLR	L523	S		466.8856	1.0400	0.0000	99.9235	40.1086	0.8230	1.1609	5.0000	20.2609	0.0000	0.0000	0.0000	0.0000	0.9300	0.0000	0.0000	0.0000	0.0000	469.9998	1.0272	9.5526	99.7735	40.8179	0.8230	0.8237	5.0000	-9999.0000	-9999.0000	-9999.0000	-9999.0000	-9999.0000	-9999.0000	17.1818	2	8	25.0992	1.0000	99	9	-9999.0000	47456	0	-9999	-9999	1946	4018	0.0000	0	0.0000	0.0000	0.0000	0.0000	0.0000	0.0000	0.0000	0.0000	0.0000	0.0000	0.0000	0.0000	0.0000	0.0000	0.0000	0.0000	
05/08/2017	16:55:51	011995	G523002968HLR	L523	S		464.1178	1.0400	0.0000	99.8637	40.1124	0.8230	1.1608	5.0000	20.2987	508.0544	94.8148	5.1394	24.5000	0.9300	0.9427	0.5863	-0.0004	508.0000	507.5901	1.0272	10.9358	99.7998	40.8665	0.8230	0.8241	5.0000	-9999.0000	-9999.0000	-9999.0000	-9999.0000	-9999.0000	-9999.0000	17.1285	3	0	26.3681	1.0000	99	9	-9999.0000	47457	22200	-9999	-9999	1947	4020	296.8238	5	0.5806	0.5863	-0.0004	30.3725	2.5186	499.0555	471.0321	42.9167	532.5314	102.3148	499.3526	94.9074	503.4630	94.9306	507.5536	94.7917	
05/08/2017	16:56:16	011995	G523002988HLR	L523	S		464.5035	1.0400	0.0000	99.8475	40.1166	0.8230	1.1608	5.0000	20.0180	508.0702	94.7917	5.8796	24.5000	0.9300	0.9428	0.5866	-0.0004	508.0000	508.8257	1.0272	10.8839	99.8927	40.8833	0.8230	0.8249	5.0000	-9999.0000	-9999.0000	-9999.0000	-9999.0000	-9999.0000	-9999.0000	17.3080	4	0	24.8382	1.0000	99	9	-9999.0000	47458	22201	-9999	-9999	1947	4022	296.7897	5	0.5811	0.5866	-0.0004	27.3842	2.8174	497.8022	494.9373	42.4306	525.7534	102.3380	497.7543	94.7917	501.7155	95.0000	506.7167	94.8380	
05/08/2017	16:56:41	011995	G523002993HLR	L523	S		440.4640	1.0400	0.0000	99.9575	40.1191	0.8230	1.1609	5.0000	19.9315	508.1069	94.9537	15.9591	24.2000	0.9300	0.9426	0.5863	-0.0004	508.0000	508.7028	1.0272	10.8891	99.9776	40.8825	0.8230	0.8249	5.0000	-9999.0000	-9999.0000	-9999.0000	-9999.0000	-9999.0000	-9999.0000	18.8580	5	0	24.8591	1.0000	99	9	-9999.0000	47459	22202	-9999	-9999	1948	4024	294.9173	5	0.5816	0.5863	-0.0004	27.8884	2.7659	467.1665	491.4199	41.7361	495.7355	103.3102	467.6432	94.9769	472.2311	94.9537	475.1682	94.8611	
05/08/2017	16:57:08	011995	G523003013HLR	L523	S		456.9553	1.0400	0.0000	99.9109	40.1194	0.8230	1.1609	5.0000	19.9714	508.0377	94.9537	8.9497	24.2000	0.9300	0.9426	0.5863	-0.0004	508.0000	507.9497	1.0272	10.9207	99.7458	40.8464	0.8230	0.8249	5.0000	-9999.0000	-9999.0000	-9999.0000	-9999.0000	-9999.0000	-9999.0000	17.3288	6	0	27.2885	1.0000	99	9	-9999.0000	47460	22203	-9999	-9999	1949	4026	296.1904	5	0.5816	0.5863	-0.0004	27.8884	2.7659	487.8682	504.9662	41.1574	515.3947	100.3935	487.3246	94.8380	492.4992	94.8611	496.2655	94.9306	
05/08/2017	16:57:37	011995	G523003030HLR	L523	S		455.6913	1.0400	0.0000	99.8723	40.1329	0.8230	1.1609	5.0000	19.9686	508.0456	95.0694	10.2192	24.2000	0.9300	0.9426	0.5866	-0.0004	508.0000	510.3621	1.0272	10.8194	99.8612	40.8333	0.8230	0.8237	5.0000	-9999.0000	-9999.0000	-9999.0000	-9999.0000	-9999.0000	-9999.0000	18.9690	7	0	28.9281	1.0000	99	9	-9999.0000	47461	22204	-9999	-9999	1950	4028	295.9564	5	0.5819	0.5866	-0.0004	30.4838	2.4671	479.6792	475.8146	41.1806	501.0074	101.0880	478.9869	94.7685	485.1150	94.8843	490.1192	94.9074	
05/08/2017	16:58:02	011995	G523003040HLR	L523	S		458.2842	1.0400	0.0000	99.9163	40.1404	0.8230	1.1609	5.0000	19.8886	508.0204	94.8380	6.5690	24.3000	0.9300	0.9426	0.5861	-0.0004	508.0000	507.4045	1.0272	10.9436	99.7429	40.8571	0.8230	0.8239	5.0000	-9999.0000	-9999.0000	-9999.0000	-9999.0000	-9999.0000	-9999.0000	17.1255	8	0	24.7888	1.0000	99	9	-9999.0000	47462	22205	-9999	-9999	1951	4030	296.5903	5	0.5827	0.5861	-0.0004	30.5695	2.4261	495.2466	530.0470	43.1713	521.6594	101.1343	494.5865	94.9769	500.1178	94.9306	502.6331	94.8380	
05/08/2017	16:58:27	011995	G523002989HLR	L523	S		456.1272	1.0400	0.0000	99.9054	40.1439	0.8230	1.1609	5.0000	20.0585	508.0478	94.8843	8.2701	24.2000	0.9300	0.9426	0.5860	-0.0003	508.0000	508.4870	1.0272	10.8982	99.7140	40.8833	0.8230	0.8243	5.0000	-9999.0000	-9999.0000	-9999.0000	-9999.0000	-9999.0000	-9999.0000	17.2995	1	0	24.6891	1.0000	99	9	-9999.0000	47463	22206	-9999	-9999	1952	4032	296.3641	5	0.5828	0.5860	-0.0003	30.7380	2.3977	489.4709	523.1613	42.7083	522.9207	101.7593	489.4637	94.7917	494.5220	95.0000	497.0952	94.8843	
05/08/2017	16:58:52	011995	G523002994HLR	L523	S		445.7751	1.0400	0.0000	99.8815	40.1456	0.8230	1.1609	5.0000	20.1110	508.0521	94.9769	16.2394	24.2000	0.9300	0.9425	0.5861	-0.0003	508.0000	515.0438	1.0272	10.6227	99.7913	40.8929	0.8230	0.8250	5.0000	-9999.0000	-9999.0000	-9999.0000	-9999.0000	-9999.0000	-9999.0000	17.1393	2	2	24.7986	1.0000	99	9	-9999.0000	47464	22207	-9999	-9999	1953	4034	295.0637	5	0.5828	0.5861	-0.0003	30.5817	2.4016	445.7985	492.1644	40.9491	480.2697	101.5046	444.4505	95.4630	454.7346	94.6991	460.1395	94.7917	
05/08/2017	16:59:16	011995	G523002995HLR	L523	S		442.9852	1.0400	0.0000	99.9375	40.1485	0.8230	1.1609	5.0000	20.1091	508.0770	94.9537	14.3186	24.1000	0.9300	0.9424	0.5861	-0.0003	508.0000	509.7798	1.0272	10.8438	99.7104	40.8690	0.8230	0.8252	5.0000	-9999.0000	-9999.0000	-9999.0000	-9999.0000	-9999.0000	-9999.0000	17.1395	3	0	24.7184	1.0000	99	9	-9999.0000	47465	22208	-9999	-9999	1954	4036	295.3896	5	0.5827	0.5861	-0.0003	30.4563	2.4029	470.2122	502.5462	41.8750	499.9613	100.6019	469.6505	94.8148	474.2801	94.9074	477.6950	94.9537	
05/08/2017	16:59:41	011995	G523003027HLR	L523	S		458.4362	1.0400	0.0000	99.8662	40.1698	0.8230	1.1610	5.0000	20.0460	508.0441	94.9306	8.4790	24.2000	0.9300	0.9425	0.5861	-0.0003	508.0000	508.3712	1.0272	10.9030	99.8992	40.8345	0.8230	0.8242	5.0000	-9999.0000	-9999.0000	-9999.0000	-9999.0000	-9999.0000	-9999.0000	17.1686	4	0	24.7871	1.0000	99	9	-9999.0000	47466	22209	-9999	-9999	1955	4038	296.3536	5	0.5827	0.5861	-0.0003	30.7067	2.3878	488.6017	466.8916	40.6713	518.2930	100.6713	488.1017	94.7917	493.9568	94.8843	497.3999	94.9074	
