Data	Timp	Nr. masina	Nr. de serie	Tip	Productie	Comentariu	Pre-masurare Q [ml/min]	Pre-masurare Gain	Pre-masurare Offset Master	Pre-masurare P [bar]	Pre-masurare T [°C]	Pre-masurare Densitate fixa [kg/l]	Pre-masurare densitate masurata [kg/l]	Pre-masurare Timp masurare [s]	Pre-masurare Cycle time [s]	rectificare Q Oprire [ml/min]	rectificare P Oprire [bar]	rectificare Timp rectificare [s]	rectificare T [°C]	rectificare Densitate fixa [kg/l]	rectificare densitate masurata [kg/l]	rectificare Factor de masurare la rectificare	rectificare Factor de corectie a debitului	rectificare Target rectificare	Masurare Q [ml/min]	Masurare Gain	Masurare Offset Master	Masurare P [bar]	Masurare T [°C]	Masurare Densitate fixa [kg/l]	Masurare densitate masurata [kg/l]	Masurare Timp masurare [s]	Masurare Q [ml/min]	Masurare Delta Q [ml/min]	Masurare P [bar]	Masurare BP [bar]	Masurare T [°C]	Masurare Timp masurare [s]	Masurare Cycle time [s]	Nest Nr.	Cod de descarcare	Cycle time [s]	Traceability aktiv	EDM Maschine Nr	EDM Spindle Nr	Honing Rate [r	Station Counter Premeasure	Station Counter Grind	Station Counter Blowout 1	Station Counter Wash	Station Counter Measure	Station Counter Blowout 2	RealGrindQStop	Reg Type	Factor 0	Factor 1	Factor 2	Factor 3	Factor 4	G_StartQV	G_StartQV_1	G_StartQV_2	G_StartQV_3	G_StartQV_4	G_StartQV_5	
26/08/2017	00:46:37	011995	G523111909HLR	L523	S		0.0000	0.0000	0.0000	0.0000	0.0000	0.8230	0.0000	0.0000	0.0000	0.0000	0.0000	0.0000	0.0000	0.9300	0.0000	0.0000	0.0000	0.0000	0.0000	0.0000	0.0000	0.0000	0.0000	0.8230	0.0000	0.0000	0.0000	0.0000	0.0000	0.0000	0.0000	0.0000	0.0000	0	42	1243.3062	1.0000	06	2	0.0000	0	0	0	0	0	1841	0.0000	0	0.0000	0.0000	0.0000	0.0000	0.0000	0.0000	0.0000	0.0000	0.0000	0.0000	0.0000	0.0000	0.0000	0.0000	0.0000	0.0000	
26/08/2017	00:47:07	011995	G523111640HLR	L523	S		0.0000	0.0000	0.0000	0.0000	0.0000	0.8230	0.0000	0.0000	0.0000	0.0000	0.0000	0.0000	0.0000	0.9300	0.0000	0.0000	0.0000	0.0000	0.0000	0.0000	0.0000	0.0000	0.0000	0.8230	0.0000	0.0000	0.0000	0.0000	0.0000	0.0000	0.0000	0.0000	0.0000	0	42	1243.3062	1.0000	06	2	0.0000	0	0	0	0	0	0	0.0000	0	0.0000	0.0000	0.0000	0.0000	0.0000	0.0000	0.0000	0.0000	0.0000	0.0000	0.0000	0.0000	0.0000	0.0000	0.0000	0.0000	
26/08/2017	00:47:27	011995	G523111635HLR	L523	S		0.0000	0.0000	0.0000	0.0000	0.0000	0.8230	0.0000	0.0000	0.0000	0.0000	0.0000	0.0000	0.0000	0.9300	0.0000	0.0000	0.0000	0.0000	0.0000	0.0000	0.0000	0.0000	0.0000	0.8230	0.0000	0.0000	0.0000	0.0000	0.0000	0.0000	0.0000	0.0000	0.0000	0	42	1243.3062	1.0000	06	2	0.0000	0	0	0	0	0	0	0.0000	0	0.0000	0.0000	0.0000	0.0000	0.0000	0.0000	0.0000	0.0000	0.0000	0.0000	0.0000	0.0000	0.0000	0.0000	0.0000	0.0000	
26/08/2017	00:47:52	011995	G523111745HLR	L523	S		0.0000	0.0000	0.0000	0.0000	0.0000	0.8230	0.0000	0.0000	0.0000	0.0000	0.0000	0.0000	0.0000	0.9300	0.0000	0.0000	0.0000	0.0000	0.0000	0.0000	0.0000	0.0000	0.0000	0.8230	0.0000	0.0000	0.0000	0.0000	0.0000	0.0000	0.0000	0.0000	0.0000	0	42	1243.3062	1.0000	06	2	0.0000	0	0	0	0	0	0	0.0000	0	0.0000	0.0000	0.0000	0.0000	0.0000	0.0000	0.0000	0.0000	0.0000	0.0000	0.0000	0.0000	0.0000	0.0000	0.0000	0.0000	
26/08/2017	00:51:34	011995	G523111956HLR	L523	S		435.1370	1.0400	0.0000	99.4490	39.3621	0.8230	1.1623	5.0000	26.2192	508.0568	94.9306	23.3083	25.7000	0.9300	0.9259	0.6665	-0.0004	508.0000	504.6953	1.0272	7.9834	100.0413	40.4775	0.8230	0.8281	5.0000	-9999.0000	-9999.0000	-9999.0000	-9999.0000	-9999.0000	-9999.0000	17.0584	4	0	31.3587	1.0000	06	2	-9999.0000	27791	55109	-9999	-9999	879	1849	334.1777	5	0.6602	0.6665	-0.0004	36.3150	1.8436	444.5122	406.0682	46.7361	438.4628	71.0417	429.1517	70.8565	454.7579	92.6620	466.8319	94.6296	
26/08/2017	00:52:16	011995	G523111973HLR	L523	S		429.0923	1.0400	0.0000	99.9740	39.5333	0.8230	1.1632	5.0000	27.6759	508.0886	94.8611	24.4684	25.4000	0.9300	0.9254	0.6665	-0.0004	508.0000	506.5353	1.0272	7.9646	99.9395	40.5415	0.8230	0.8284	5.0000	-9999.0000	-9999.0000	-9999.0000	-9999.0000	-9999.0000	-9999.0000	17.1468	5	0	39.7273	1.0000	06	2	-9999.0000	27792	55110	-9999	-9999	880	1850	334.0060	5	0.6602	0.6665	-0.0004	36.3150	1.8436	456.8219	521.5573	49.2593	464.8043	92.0833	456.5161	91.8056	461.9274	95.0926	465.9547	94.4213	
26/08/2017	00:53:24	011995	G523111967HLR	L523	S		424.9620	1.0400	0.0000	99.8104	39.6001	0.8230	1.1618	5.0000	27.3983	508.1093	94.9306	29.1185	25.5000	0.9300	0.9259	0.6709	-0.0004	508.0000	506.3828	1.0272	7.9662	99.9284	40.5000	0.8230	0.8267	5.0000	-9999.0000	-9999.0000	-9999.0000	-9999.0000	-9999.0000	-9999.0000	17.0062	7	0	38.7379	1.0000	06	2	-9999.0000	27793	55111	-9999	-9999	881	1852	333.1341	5	0.6621	0.6709	-0.0004	36.1968	1.8376	452.4845	499.2348	49.2130	459.8498	92.6389	452.0687	92.5231	457.5307	95.2546	461.3209	94.4444	
26/08/2017	00:54:34	011995	G523111937HLR	L523	S		431.0299	1.0400	0.0000	99.9870	39.5146	0.8230	1.1617	5.0000	28.4085	508.0460	94.8843	28.6889	25.4000	0.9300	0.9261	0.6697	-0.0004	508.0000	509.6350	1.0272	7.9331	99.8931	40.4861	0.8230	0.8269	5.0000	-9999.0000	-9999.0000	-9999.0000	-9999.0000	-9999.0000	-9999.0000	17.0554	1	0	39.3974	1.0000	06	2	-9999.0000	27794	55112	-9999	-9999	882	1855	334.8033	5	0.6607	0.6697	-0.0004	36.2310	1.8393	454.5127	514.8644	46.2731	461.6125	93.0093	454.1037	92.8935	458.9679	95.2315	463.3325	94.4676	
26/08/2017	00:55:47	011995	G523111960HLR	L523	S		428.7941	1.0400	0.0000	99.8697	39.5521	0.8230	1.1618	5.0000	28.0482	508.0589	94.8843	27.7583	25.4000	0.9300	0.9261	0.6695	-0.0004	508.0000	508.8088	1.0272	7.9415	99.8659	40.5208	0.8230	0.8279	5.0000	-9999.0000	-9999.0000	-9999.0000	-9999.0000	-9999.0000	-9999.0000	17.1341	3	0	40.4676	1.0000	06	2	-9999.0000	27795	55113	-9999	-9999	883	1858	334.8342	5	0.6597	0.6695	-0.0004	36.1998	1.8377	454.0075	492.7954	47.8704	461.3929	93.4259	453.3396	93.3333	457.1739	94.9074	462.1783	94.7222	
26/08/2017	00:56:58	011995	G523111633HLR	L523	S		426.9619	1.0400	0.0000	99.7439	39.5711	0.8230	1.1617	5.0000	27.7182	508.0651	94.9769	28.3188	25.3000	0.9300	0.9262	0.6690	-0.0004	508.0000	508.9965	1.0272	7.9396	99.8463	40.5761	0.8230	0.8277	5.0000	-9999.0000	-9999.0000	-9999.0000	-9999.0000	-9999.0000	-9999.0000	17.0583	5	0	41.9880	1.0000	06	2	-9999.0000	27796	55114	-9999	-9999	884	1861	334.5405	5	0.6590	0.6690	-0.0004	36.2225	1.8389	452.5464	526.1655	47.5926	460.2511	93.7731	452.2703	93.6343	455.6916	94.8843	460.8171	94.7685	
26/08/2017	00:58:10	011995	G523111933HLR	L523	S		436.5005	1.0400	0.0000	100.0036	39.5591	0.8230	1.1616	5.0000	29.7377	508.0365	94.9074	29.4486	25.3000	0.9300	0.9263	0.6774	-0.0007	508.0000	511.4408	1.0272	7.9147	99.7936	40.5167	0.8230	0.8265	5.0000	-9999.0000	-9999.0000	-9999.0000	-9999.0000	-9999.0000	-9999.0000	17.1782	7	0	39.3679	1.0000	06	2	-9999.0000	27797	55115	-9999	-9999	885	1864	333.7824	5	0.6588	0.6774	-0.0007	38.0965	1.4763	457.1325	503.9022	46.6204	463.5883	93.9120	456.7659	93.7731	458.5486	94.8148	462.3095	94.7917	
26/08/2017	00:59:20	011995	G523111639HLR	L523	S		428.3101	1.0400	0.0000	100.0677	39.6191	0.8230	1.1618	5.0000	26.6381	507.9202	94.7917	31.0081	25.2000	0.9300	0.9262	0.6779	-0.0007	508.0000	506.1645	1.0272	7.9684	99.9548	40.5306	0.8230	0.8275	5.0000	-9999.0000	-9999.0000	-9999.0000	-9999.0000	-9999.0000	-9999.0000	17.1292	1	0	39.4885	1.0000	06	2	-9999.0000	27798	55116	-9999	-9999	886	1867	332.9876	5	0.6586	0.6779	-0.0007	35.9759	1.5691	445.3332	508.6230	46.3889	452.5042	94.3287	445.1570	94.2130	449.0091	94.5833	452.4319	94.7454	
26/08/2017	01:00:30	011995	G523111636HLR	L523	S		431.4793	1.0400	0.0000	100.1027	39.5819	0.8230	1.1616	5.0000	29.1087	508.0615	94.9074	28.3979	25.3000	0.9300	0.9263	0.6820	-0.0009	508.0000	510.5673	1.0272	7.9236	99.7908	40.5852	0.8230	0.8281	5.0000	-9999.0000	-9999.0000	-9999.0000	-9999.0000	-9999.0000	-9999.0000	17.0388	3	0	39.3279	1.0000	06	2	-9999.0000	27799	55117	-9999	-9999	887	1870	333.8621	5	0.6578	0.6820	-0.0009	58.7902	0.7314	451.6920	490.0143	46.7593	456.5305	94.3519	450.8768	94.2824	454.4778	94.6296	458.9885	94.7222	
26/08/2017	01:01:35	011995	G523111651HLR	L523	S		427.0670	1.0400	0.0000	99.9743	39.6261	0.8230	1.1617	5.0000	27.7596	508.0392	94.8380	28.4086	25.2000	0.9300	0.9263	0.6702	-0.0004	508.0000	509.5437	1.0272	7.9340	99.9326	40.5908	0.8230	0.8271	5.0000	-9999.0000	-9999.0000	-9999.0000	-9999.0000	-9999.0000	-9999.0000	17.1975	5	0	34.9384	1.0000	06	2	-9999.0000	27800	55118	-9999	-9999	888	1873	334.2938	5	0.6578	0.6702	-0.0004	59.1964	0.6821	452.4805	511.8635	48.3565	460.1762	94.6296	452.2346	94.4676	456.1232	94.6528	458.9245	94.7222	
26/08/2017	01:02:39	011995	G523111644HLR	L523	S		431.4231	1.0400	0.0000	99.6668	39.6341	0.8230	1.1617	5.0000	27.1087	508.0503	94.8843	28.2485	25.3000	0.9300	0.9263	0.6782	-0.0007	508.0000	510.0016	1.0272	7.9293	100.0127	40.5663	0.8230	0.8264	5.0000	-9999.0000	-9999.0000	-9999.0000	-9999.0000	-9999.0000	-9999.0000	17.2693	7	0	35.0167	1.0000	06	2	-9999.0000	27801	55119	-9999	-9999	889	1876	333.9130	5	0.6574	0.6782	-0.0007	63.3882	0.5401	450.1743	507.3086	46.1343	457.3755	94.6759	450.1730	94.5602	453.5127	94.6759	457.7506	94.7222	
26/08/2017	01:03:47	011995	G523111655HLR	L523	S		434.0284	1.0400	0.0000	99.9875	39.6305	0.8230	1.1617	5.0000	27.8490	508.0289	94.8611	24.0094	25.2000	0.9300	0.9264	0.6787	-0.0008	508.0000	507.7688	1.0272	7.9521	100.0023	40.5604	0.8230	0.8264	5.0000	-9999.0000	-9999.0000	-9999.0000	-9999.0000	-9999.0000	-9999.0000	17.3789	1	0	36.1711	1.0000	06	2	-9999.0000	27802	55120	-9999	-9999	890	1879	335.4673	5	0.6572	0.6787	-0.0008	62.2742	0.5944	455.5842	496.5296	47.9398	461.8255	94.7454	454.6867	94.5833	458.1655	94.6759	461.1512	94.7222	
26/08/2017	01:04:55	011995	G523111656HLR	L523	S		431.7600	1.0400	0.0000	99.6644	39.6606	0.8230	1.1618	5.0000	25.9592	508.0348	94.8611	24.0788	25.2000	0.9300	0.9265	0.6705	-0.0005	508.0000	507.9216	1.0272	7.9505	99.8338	40.5388	0.8230	0.8265	5.0000	-9999.0000	-9999.0000	-9999.0000	-9999.0000	-9999.0000	-9999.0000	17.1783	3	0	38.4587	1.0000	06	2	-9999.0000	27803	55121	-9999	-9999	891	1882	334.6841	5	0.6565	0.6705	-0.0005	79.1623	0.0060	457.9492	510.9633	46.0185	464.6131	94.7685	457.4130	94.6065	460.9500	94.6991	464.7320	94.6991	
26/08/2017	01:06:01	011995	G523111674HLR	L523	S		431.9922	1.0400	0.0000	99.9972	39.6378	0.8230	1.1616	5.0000	28.2883	508.0139	94.7454	25.2183	25.2000	0.9300	0.9264	0.6763	-0.0007	508.0000	509.4366	1.0272	7.9351	100.0101	40.5464	0.8230	0.8271	5.0000	-9999.0000	-9999.0000	-9999.0000	-9999.0000	-9999.0000	-9999.0000	17.3590	5	0	34.9377	1.0000	06	2	-9999.0000	27804	55122	-9999	-9999	892	1885	334.7031	5	0.6567	0.6763	-0.0007	62.5423	0.5803	454.2597	488.7954	44.2361	460.4409	94.8380	453.8677	94.6991	457.7612	94.7222	461.4945	94.7222	
26/08/2017	01:07:04	011995	G523111670HLR	L523	S		432.7413	1.0400	0.0000	100.0279	39.6601	0.8230	1.1617	5.0000	27.0785	508.0324	94.7917	27.4184	25.1000	0.9300	0.9265	0.6778	-0.0008	508.0000	510.4477	1.0272	7.9248	99.7249	40.5553	0.8230	0.8273	5.0000	-9999.0000	-9999.0000	-9999.0000	-9999.0000	-9999.0000	-9999.0000	17.3080	7	0	34.5284	1.0000	06	2	-9999.0000	27805	55123	-9999	-9999	893	1887	333.7817	5	0.6568	0.6778	-0.0008	62.3156	0.5779	453.0839	488.8387	44.8380	459.0989	94.8843	452.3964	94.7454	455.9949	94.7222	459.6436	94.6991	
26/08/2017	01:08:00	011995	G523111599HLR	L523	S		432.9051	1.0400	0.0000	99.6932	39.6508	0.8230	1.1616	5.0000	27.7084	508.1053	94.8611	23.9089	25.2000	0.9300	0.9265	0.6749	-0.0007	508.0000	509.0519	1.0272	7.9390	99.7461	40.5501	0.8230	0.8271	5.0000	-9999.0000	-9999.0000	-9999.0000	-9999.0000	-9999.0000	-9999.0000	17.0386	1	0	25.4986	1.0000	06	2	-9999.0000	27806	55124	-9999	-9999	894	1890	334.9476	5	0.6568	0.6749	-0.0007	62.8114	0.5633	455.9680	475.0863	48.7500	463.3271	95.0231	455.4273	94.8843	460.3671	94.7454	463.4254	94.6528	
26/08/2017	01:08:55	011995	G523111613HLR	L523	S		435.5627	1.0400	0.0000	99.6430	39.6839	0.8230	1.1618	5.0000	25.6985	508.0410	94.8611	23.3796	25.2000	0.9300	0.9266	0.6758	-0.0007	508.0000	509.2300	1.0272	7.9372	99.8038	40.5667	0.8230	0.8262	5.0000	-9999.0000	-9999.0000	-9999.0000	-9999.0000	-9999.0000	-9999.0000	17.1895	3	0	25.2380	1.0000	06	2	-9999.0000	27807	55125	-9999	-9999	895	1891	334.9980	5	0.6564	0.6758	-0.0007	63.1688	0.5407	458.0435	514.8942	47.3611	464.4006	94.9769	457.4508	94.8380	461.2552	94.7685	463.6625	94.6759	
26/08/2017	01:09:58	011995	G523111614HLR	L523	S		448.6990	1.0400	0.0000	100.0343	39.6575	0.8230	1.1616	5.0000	27.6781	508.0932	94.8380	14.5295	25.1000	0.9300	0.9266	0.6845	-0.0011	508.0000	512.9410	1.0272	7.8994	99.8720	40.6167	0.8230	0.8271	5.0000	-9999.0000	-9999.0000	-9999.0000	-9999.0000	-9999.0000	-9999.0000	17.4587	5	0	35.6379	1.0000	06	2	-9999.0000	27808	55126	-9999	-9999	896	1894	339.9646	5	0.6565	0.6845	-0.0011	67.1072	0.3749	472.3935	489.5027	48.5880	477.5853	95.0000	472.1240	94.9074	475.6704	94.7454	478.9933	94.6759	
26/08/2017	01:11:03	011995	G523111619HLR	L523	S		434.3405	1.0400	0.0000	99.7047	39.6953	0.8230	1.1617	5.0000	26.2576	414.0249	95.0231	3.5799	25.1000	0.9300	0.9264	0.6799	-0.0009	508.0000	471.1236	1.0272	7.6696	99.9951	40.6000	0.8230	0.8268	5.0000	-9999.0000	-9999.0000	-9999.0000	-9999.0000	-9999.0000	-9999.0000	17.3289	7	32	33.6476	1.0000	06	2	-9999.0000	27809	55127	-9999	-9999	897	1897	277.0523	5	0.6570	0.6799	-0.0009	57.5818	0.7436	456.2238	489.0020	47.3843	461.1546	95.0231	455.5655	95.4398	378.6352	37.4537	0.0000	0.0000	
26/08/2017	01:12:01	011995	G523111621HLR	L523	S		434.0345	1.0400	0.0000	99.4870	39.7042	0.8230	1.1618	5.0000	24.9015	508.0330	94.8148	24.6090	25.2000	0.9300	0.9266	0.6730	-0.0006	508.0000	509.4653	1.0272	7.9348	99.8475	40.5771	0.8230	0.8263	5.0000	-9999.0000	-9999.0000	-9999.0000	-9999.0000	-9999.0000	-9999.0000	17.4380	1	0	28.5383	1.0000	06	2	-9999.0000	27810	55128	-9999	-9999	898	1900	334.0385	5	0.6574	0.6730	-0.0006	49.3144	1.0622	457.3293	485.6377	49.7917	466.6735	94.4676	456.9658	94.3750	460.8715	94.7454	463.9697	94.7685	
26/08/2017	01:13:02	011995	G523111595HLR	L523	S		433.3561	1.0400	0.0000	99.8070	39.6513	0.8230	1.1616	5.0000	27.7876	508.0482	94.9074	22.6794	25.1000	0.9300	0.9265	0.6730	-0.0006	508.0000	509.0037	1.0272	7.9395	100.0149	40.6000	0.8230	0.8267	5.0000	-9999.0000	-9999.0000	-9999.0000	-9999.0000	-9999.0000	-9999.0000	17.3179	3	0	30.0482	1.0000	06	2	-9999.0000	27811	55129	-9999	-9999	899	1902	334.6853	5	0.6574	0.6730	-0.0006	49.3144	1.0622	459.6097	491.9250	47.2917	465.2678	95.0463	458.9875	94.9769	462.1743	94.7917	465.8808	94.6528	
26/08/2017	01:13:58	011995	G523111889HLR	L523	S		443.7715	1.0400	0.0000	99.8210	39.6806	0.8230	1.1616	5.0000	27.3978	508.0507	94.9306	17.5694	25.2000	0.9300	0.9267	0.6719	-0.0006	508.0000	510.1819	1.0272	7.9275	100.0537	40.6167	0.8230	0.8269	5.0000	-9999.0000	-9999.0000	-9999.0000	-9999.0000	-9999.0000	-9999.0000	17.3109	5	0	25.4280	1.0000	06	2	-9999.0000	27812	55130	-9999	-9999	900	1905	336.1476	5	0.6575	0.6719	-0.0006	47.5466	1.1482	470.6202	470.3404	44.8843	476.1606	94.9769	469.8862	94.8611	473.5695	94.7685	476.7120	94.6991	
26/08/2017	01:15:06	011995	G523111890HLR	L523	S		441.0532	1.0400	0.0000	99.6117	39.6893	0.8230	1.1616	5.0000	27.5484	508.0887	94.9306	19.1093	25.3000	0.9300	0.9266	0.6722	-0.0006	508.0000	510.7088	1.0272	7.9221	99.7630	40.6256	0.8230	0.8276	5.0000	-9999.0000	-9999.0000	-9999.0000	-9999.0000	-9999.0000	-9999.0000	17.1359	7	0	37.2383	1.0000	06	2	-9999.0000	27812	55131	-9999	-9999	901	1908	335.6367	5	0.6577	0.6722	-0.0006	50.2051	1.0368	468.6048	498.4050	47.9398	475.4568	94.9769	468.0496	94.8611	472.1655	94.7685	474.7783	94.6991	
26/08/2017	01:16:08	011995	G523111759HLR	L523	S		458.9881	1.0400	0.0000	99.9894	39.7017	0.8230	1.1616	5.0000	27.6595	508.0468	94.8843	7.7593	25.2000	0.9300	0.9265	0.6695	-0.0005	508.0000	510.6498	1.0272	7.9227	99.9018	40.5895	0.8230	0.8264	5.0000	-9999.0000	-9999.0000	-9999.0000	-9999.0000	-9999.0000	-9999.0000	17.0421	1	0	32.6584	1.0000	06	2	-9999.0000	27813	55132	-9999	-9999	902	1911	338.2301	5	0.6581	0.6695	-0.0005	47.0511	1.1702	494.4043	514.6759	46.7130	497.6151	94.8611	494.0757	94.6759	497.1766	94.6991	501.0653	94.7454	
26/08/2017	01:17:07	011995	G523111741HLR	L523	S		432.5327	1.0400	0.0000	100.0053	39.7011	0.8230	1.1616	5.0000	27.8963	508.0292	94.8380	26.1890	25.2000	0.9300	0.9266	0.6682	-0.0005	508.0000	509.1408	1.0272	7.9381	100.0353	40.6000	0.8230	0.8264	5.0000	-9999.0000	-9999.0000	-9999.0000	-9999.0000	-9999.0000	-9999.0000	17.3394	3	0	29.4672	1.0000	06	2	-9999.0000	27813	55133	-9999	-9999	903	1914	333.2674	5	0.6577	0.6682	-0.0005	46.8331	1.1885	461.7217	474.8770	46.0880	467.4516	94.9074	460.9769	94.8611	463.3574	94.8148	466.8491	94.6991	
26/08/2017	01:18:14	011995	G523111884HLR	L523	S		435.6813	1.0400	0.0000	100.0305	39.7060	0.8230	1.1617	5.0000	25.9878	508.0497	94.8843	21.7488	25.2000	0.9300	0.9266	0.6662	-0.0004	508.0000	509.4014	1.0272	7.9355	99.8398	40.6167	0.8230	0.8268	5.0000	-9999.0000	-9999.0000	-9999.0000	-9999.0000	-9999.0000	-9999.0000	17.3690	5	0	36.8675	1.0000	06	2	-9999.0000	27814	55134	-9999	-9999	904	1917	334.1589	5	0.6580	0.6662	-0.0004	43.6620	1.3217	466.5464	507.4320	46.0648	471.6606	95.1620	465.9188	95.0463	469.8101	94.8380	470.4509	94.6528	
26/08/2017	01:19:22	011995	G523111858HLR	L523	S		438.1741	1.0400	0.0000	99.9863	39.6980	0.8230	1.1617	5.0000	26.5385	508.0520	94.9074	18.5185	25.2000	0.9300	0.9266	0.6667	-0.0004	508.0000	507.8906	1.0272	7.9508	99.7354	40.5667	0.8230	0.8261	5.0000	-9999.0000	-9999.0000	-9999.0000	-9999.0000	-9999.0000	-9999.0000	17.0291	7	0	39.2175	1.0000	06	2	-9999.0000	27815	55135	-9999	-9999	905	1919	334.7144	5	0.6578	0.6667	-0.0004	43.6627	1.3066	469.9216	527.8868	48.8194	474.8924	95.2546	469.6303	95.1157	472.4308	94.8148	475.1366	94.6296	
26/08/2017	01:20:27	011995	G523111847HLR	L523	S		432.6806	1.0400	0.0000	100.0102	39.6957	0.8230	1.1616	5.0000	27.6186	508.0351	94.8148	25.8882	25.2000	0.9300	0.9266	0.6661	-0.0004	508.0000	509.9364	1.0272	7.9300	99.8625	40.5564	0.8230	0.8266	5.0000	-9999.0000	-9999.0000	-9999.0000	-9999.0000	-9999.0000	-9999.0000	17.2184	1	0	36.2189	1.0000	06	2	-9999.0000	27816	55136	-9999	-9999	906	1922	333.1532	5	0.6580	0.6661	-0.0004	42.7949	1.3668	464.9639	505.9180	47.3380	472.4217	95.1852	464.6657	95.0694	468.2708	94.8380	470.1000	94.6991	
26/08/2017	01:21:35	011995	G523111846HLR	L523	S		427.9431	1.0400	0.0000	99.6344	39.7029	0.8230	1.1617	5.0000	25.5678	508.0284	94.9074	28.1586	25.1000	0.9300	0.9265	0.6666	-0.0004	508.0000	508.6881	1.0272	7.9427	99.8230	40.5582	0.8230	0.8268	5.0000	-9999.0000	-9999.0000	-9999.0000	-9999.0000	-9999.0000	-9999.0000	17.1908	3	0	37.3777	1.0000	06	2	-9999.0000	27817	55137	-9999	-9999	907	1925	332.5030	5	0.6581	0.6666	-0.0004	43.7188	1.3272	456.1155	491.5367	49.0509	464.0459	95.2778	455.8754	95.2083	458.2715	94.7917	462.1072	94.6528	
26/08/2017	01:22:40	011995	G523111854HLR	L523	S		426.8246	1.0400	0.0000	99.6596	39.6838	0.8230	1.1617	5.0000	25.9184	508.0447	94.7454	25.2379	25.1000	0.9300	0.9266	0.6676	-0.0005	508.0000	506.9722	1.0272	7.9602	99.8841	40.5851	0.8230	0.8276	5.0000	-9999.0000	-9999.0000	-9999.0000	-9999.0000	-9999.0000	-9999.0000	17.1187	5	0	34.9980	1.0000	06	2	-9999.0000	27818	55138	-9999	-9999	908	1928	332.8335	5	0.6576	0.6676	-0.0005	43.9042	1.3197	456.4820	550.8039	50.7176	463.4958	95.2546	456.0731	95.0463	459.1932	94.7917	461.5091	94.6759	
26/08/2017	01:23:47	011995	G523111885HLR	L523	S		432.7767	1.0400	0.0000	100.0367	39.6746	0.8230	1.1616	5.0000	27.7579	508.0371	94.8380	26.3990	25.1000	0.9300	0.9266	0.6663	-0.0004	508.0000	508.5237	1.0272	7.9444	99.8354	40.5914	0.8230	0.8277	5.0000	-9999.0000	-9999.0000	-9999.0000	-9999.0000	-9999.0000	-9999.0000	17.1987	7	0	36.8877	1.0000	06	2	-9999.0000	27819	55139	-9999	-9999	909	1931	332.5328	5	0.6568	0.6663	-0.0004	42.9543	1.3552	462.7690	505.4754	48.1019	469.2255	95.1852	462.2123	95.0231	465.2573	94.8148	468.3281	94.6759	
26/08/2017	01:24:55	011995	G523111876HLR	L523	S		430.1067	1.0400	0.0000	99.6379	39.6865	0.8230	1.1620	5.0000	26.7788	508.0644	94.8843	24.0680	25.2000	0.9300	0.9266	0.6661	-0.0004	508.0000	506.8679	1.0272	7.9613	99.8654	40.6136	0.8230	0.8279	5.0000	-9999.0000	-9999.0000	-9999.0000	-9999.0000	-9999.0000	-9999.0000	17.1686	1	0	37.8271	1.0000	06	2	-9999.0000	27820	55140	-9999	-9999	910	1934	333.2179	5	0.6569	0.6661	-0.0004	42.1887	1.4093	461.1680	516.8485	46.4815	467.8542	95.2315	460.6745	95.0000	463.6198	94.7917	467.2541	94.6528	
26/08/2017	01:26:03	011995	G523111866HLR	L523	S		429.9186	1.0400	0.0000	99.7646	39.6865	0.8230	1.1616	5.0000	26.7786	508.0127	94.7685	25.9283	25.1000	0.9300	0.9265	0.6663	-0.0005	508.0000	506.5344	1.0272	7.9647	99.8848	40.6167	0.8230	0.8271	5.0000	-9999.0000	-9999.0000	-9999.0000	-9999.0000	-9999.0000	-9999.0000	17.4540	3	0	38.4675	1.0000	06	2	-9999.0000	27820	55141	-9999	-9999	911	1935	332.5291	5	0.6565	0.6663	-0.0005	42.9415	1.3499	456.8936	521.7230	49.0509	463.5063	95.2083	456.2804	94.9537	460.3967	94.8148	462.5751	94.6759	
26/08/2017	01:27:10	011995	G523111872HLR	L523	S		427.6923	1.0400	0.0000	99.7767	39.6821	0.8230	1.1615	5.0000	27.4086	508.0728	94.8380	26.5991	25.2000	0.9300	0.9266	0.6659	-0.0004	508.0000	507.4965	1.0272	7.9549	99.8529	40.5667	0.8230	0.8261	5.0000	-9999.0000	-9999.0000	-9999.0000	-9999.0000	-9999.0000	-9999.0000	17.2181	5	0	37.2977	1.0000	06	2	-9999.0000	27821	55142	-9999	-9999	912	1938	332.7423	5	0.6564	0.6659	-0.0004	50.0189	1.0667	455.6172	484.3721	44.8611	463.8204	95.2315	455.1370	94.9306	459.7241	94.7917	461.1509	94.6759	
26/08/2017	01:28:17	011995	G523111862HLR	L523	S		430.6212	1.0400	0.0000	100.0561	39.6853	0.8230	1.1616	5.0000	26.9438	508.0551	94.8148	27.3286	25.2000	0.9300	0.9266	0.6661	-0.0004	508.0000	507.4604	1.0272	7.9552	99.7797	40.5567	0.8230	0.8265	5.0000	-9999.0000	-9999.0000	-9999.0000	-9999.0000	-9999.0000	-9999.0000	17.2869	7	0	36.2287	1.0000	06	2	-9999.0000	27822	55143	-9999	-9999	913	1941	332.5583	5	0.6563	0.6661	-0.0004	43.0419	1.3431	456.6273	415.7828	45.4398	462.7040	95.2315	456.3632	95.0000	460.5721	94.8148	461.5844	94.6759	
26/08/2017	01:29:18	011995	G523111800HLR	L523	S		431.5501	1.0400	0.0000	99.6696	39.6861	0.8230	1.1616	5.0000	26.5482	508.0754	94.8148	26.1890	25.2000	0.9300	0.9266	0.6682	-0.0005	508.0000	508.5087	1.0272	7.9445	100.0119	40.5603	0.8230	0.8268	5.0000	-9999.0000	-9999.0000	-9999.0000	-9999.0000	-9999.0000	-9999.0000	17.3486	1	0	32.7007	1.0000	06	2	-9999.0000	27823	55144	-9999	-9999	914	1944	332.8431	5	0.6557	0.6682	-0.0005	51.0174	1.0315	458.6033	473.2106	47.3611	463.2352	95.3009	458.0746	95.0694	461.7575	94.8148	465.1620	94.6528	
26/08/2017	01:30:25	011995	G523111712HLR	L523	S		431.8183	1.0400	0.0000	99.7754	39.6815	0.8230	1.1616	5.0000	27.3327	508.1115	94.7685	24.8990	25.2000	0.9300	0.9266	0.6675	-0.0005	508.0000	508.2193	1.0272	7.9475	99.8055	40.5590	0.8230	0.8263	5.0000	-9999.0000	-9999.0000	-9999.0000	-9999.0000	-9999.0000	-9999.0000	17.3384	3	0	37.6081	1.0000	06	2	-9999.0000	27824	55145	-9999	-9999	915	1947	333.3103	5	0.6557	0.6675	-0.0005	52.0820	0.9849	465.7401	517.5790	50.6481	471.8376	95.2546	465.2584	95.0231	468.7308	94.8148	470.9191	94.6759	
26/08/2017	01:31:35	011995	G523111720HLR	L523	S		436.3739	1.0400	0.0000	99.6458	39.7041	0.8230	1.1617	5.0000	25.2290	508.0934	94.8843	21.4588	25.2000	0.9300	0.9266	0.6694	-0.0005	508.0000	508.3590	1.0272	7.9461	99.9830	40.5693	0.8230	0.8269	5.0000	-9999.0000	-9999.0000	-9999.0000	-9999.0000	-9999.0000	-9999.0000	18.5191	5	0	37.7477	1.0000	06	2	-9999.0000	27825	55146	-9999	-9999	916	1949	334.5218	5	0.6556	0.6694	-0.0005	52.2608	0.9737	463.1765	503.6322	47.5694	469.3818	95.2546	462.6252	95.0463	467.1043	94.8148	469.2193	94.6528	
26/08/2017	01:32:33	011995	G523111703HLR	L523	S		427.5650	1.0400	0.0000	100.0233	39.6868	0.8230	1.1617	5.0000	26.6791	508.0499	94.8380	26.4087	25.1000	0.9300	0.9266	0.6753	-0.0008	508.0000	507.1544	1.0272	7.9583	99.8515	40.5837	0.8230	0.8275	5.0000	-9999.0000	-9999.0000	-9999.0000	-9999.0000	-9999.0000	-9999.0000	17.0587	7	0	29.3382	1.0000	06	2	-9999.0000	27826	55147	-9999	-9999	917	1952	332.8702	5	0.6553	0.6753	-0.0008	61.9666	0.6002	452.5428	487.9883	47.6852	459.1708	95.2778	451.7489	95.0926	456.3681	94.8611	458.3555	94.6759	
26/08/2017	01:33:36	011995	G523111692HLR	L523	S		431.1512	1.0400	0.0000	99.8371	39.6750	0.8230	1.1615	5.0000	28.7083	508.0766	94.8148	26.3687	25.1000	0.9300	0.9266	0.6721	-0.0006	508.0000	507.5828	1.0272	7.9540	99.9309	40.5623	0.8230	0.8267	5.0000	-9999.0000	-9999.0000	-9999.0000	-9999.0000	-9999.0000	-9999.0000	17.2894	1	0	32.3785	1.0000	06	2	-9999.0000	27826	55148	-9999	-9999	918	1955	332.9624	5	0.6557	0.6721	-0.0006	51.5248	1.0003	456.0179	492.7548	46.5278	463.2771	95.2546	456.1016	95.1389	458.8286	94.8380	462.0594	94.6528	
26/08/2017	01:34:33	011995	G523111805HLR	L523	S		441.3228	1.0400	0.0000	100.0610	39.7062	0.8230	1.1617	5.0000	25.9680	508.0508	94.9306	18.1387	25.1000	0.9300	0.9266	0.6692	-0.0005	508.0000	509.3919	1.0272	7.9356	99.8067	40.5589	0.8230	0.8265	5.0000	-9999.0000	-9999.0000	-9999.0000	-9999.0000	-9999.0000	-9999.0000	17.0922	3	0	25.6828	1.0000	06	2	-9999.0000	27827	55149	-9999	-9999	919	1958	335.2831	5	0.6560	0.6692	-0.0005	53.1907	0.9377	471.0126	492.0004	47.9861	474.6304	95.1389	470.4685	94.8843	474.1414	94.7454	477.1077	94.6759	
26/08/2017	01:35:29	011995	G523111718HLR	L523	S		432.8357	1.0400	0.0000	99.9604	39.6875	0.8230	1.1616	5.0000	27.3826	508.0422	94.9306	21.2988	25.2000	0.9300	0.9267	0.6689	-0.0005	508.0000	508.4805	1.0272	7.9448	99.8079	40.5833	0.8230	0.8262	5.0000	-9999.0000	-9999.0000	-9999.0000	-9999.0000	-9999.0000	-9999.0000	17.3352	5	0	25.3781	1.0000	06	2	-9999.0000	27828	55150	-9999	-9999	920	1961	334.4355	5	0.6560	0.6689	-0.0005	53.1541	0.9203	465.1775	492.3063	45.8796	469.5559	95.2083	464.6123	95.0463	467.6693	94.8380	469.3444	94.6759	
26/08/2017	01:36:33	011995	G523111725HLR	L523	S		269.6184	1.0400	0.0000	99.9562	39.7114	0.8230	1.1619	5.0000	27.8915	0.0000	0.0000	0.0000	0.0000	0.9300	0.0000	0.0000	0.0000	0.0000	449.7229	1.0272	7.4482	99.8023	40.6167	0.8230	0.8269	5.0000	-9999.0000	-9999.0000	-9999.0000	-9999.0000	-9999.0000	-9999.0000	17.2282	7	7	32.7784	1.0000	06	2	-9999.0000	27829	0	-9999	-9999	921	1962	0.0000	0	0.0000	0.0000	0.0000	0.0000	0.0000	0.0000	0.0000	0.0000	0.0000	0.0000	0.0000	0.0000	0.0000	0.0000	0.0000	0.0000	
26/08/2017	01:37:36	011995	G523111714HLR	L523	S		306.9934	1.0400	0.0000	99.9578	39.6929	0.8230	1.1618	5.0000	27.8971	0.0000	0.0000	0.0000	0.0000	0.9300	0.0000	0.0000	0.0000	0.0000	375.9158	1.0272	6.4749	99.9278	40.5713	0.8230	0.8263	5.0000	-9999.0000	-9999.0000	-9999.0000	-9999.0000	-9999.0000	-9999.0000	17.0285	1	7	34.2275	1.0000	06	2	-9999.0000	27830	0	-9999	-9999	922	1965	0.0000	0	0.0000	0.0000	0.0000	0.0000	0.0000	0.0000	0.0000	0.0000	0.0000	0.0000	0.0000	0.0000	0.0000	0.0000	0.0000	0.0000	
26/08/2017	01:38:38	011995	G523111696HLR	L523	S		437.6731	1.0400	0.0000	99.7567	39.6918	0.8230	1.1616	5.0000	27.6420	508.0491	94.9074	21.6287	25.3000	0.9300	0.9267	0.6648	-0.0003	508.0000	509.5113	1.0272	7.9343	99.7323	40.5833	0.8230	0.8261	5.0000	-9999.0000	-9999.0000	-9999.0000	-9999.0000	-9999.0000	-9999.0000	17.4853	3	0	34.0392	1.0000	06	2	-9999.0000	27831	55150	-9999	-9999	923	1968	334.0430	5	0.6564	0.6648	-0.0003	49.0604	1.0828	468.3354	471.0586	45.9028	472.9986	95.0231	467.9047	94.8843	470.7558	94.7917	474.3375	94.6759	
26/08/2017	01:39:40	011995	G523111694HLR	L523	S		431.0288	1.0400	0.0000	99.9833	39.7096	0.8230	1.1617	5.0000	25.8480	508.0863	94.8843	23.1287	25.2000	0.9300	0.9266	0.6648	-0.0003	508.0000	506.8941	1.0272	7.9610	99.9632	40.5876	0.8230	0.8263	5.0000	-9999.0000	-9999.0000	-9999.0000	-9999.0000	-9999.0000	-9999.0000	17.3588	5	0	32.5384	1.0000	06	2	-9999.0000	27832	55151	-9999	-9999	924	1971	333.8366	5	0.6564	0.6648	-0.0003	49.0604	1.0828	462.4829	478.6742	47.9167	468.8542	95.2778	462.0265	95.1157	465.4476	94.8148	468.4383	94.6528	
26/08/2017	01:40:33	011995	G523112750HLR	L523	S		431.3778	1.0400	0.0000	100.0090	39.7035	0.8230	1.1617	5.0000	25.5463	508.0414	94.8611	22.9890	25.2000	0.9300	0.9266	0.6644	-0.0003	508.0000	506.4478	1.0272	7.9655	99.9973	40.6000	0.8230	0.8265	5.0000	-9999.0000	-9999.0000	-9999.0000	-9999.0000	-9999.0000	-9999.0000	17.2798	7	0	27.7276	1.0000	11	3	-9999.0000	27832	55152	-9999	-9999	925	1973	333.7184	5	0.6563	0.6644	-0.0003	48.2644	1.1169	462.2866	498.9885	49.4444	469.5187	95.2546	461.8903	94.9769	466.6992	94.7917	468.1368	94.6991	
26/08/2017	01:41:30	011995	G523112765HLR	L523	S		437.1504	1.0400	0.0000	99.9836	39.6909	0.8230	1.1617	5.0000	25.8059	508.1032	94.8843	21.4491	25.3000	0.9300	0.9267	0.6646	-0.0003	508.0000	507.2799	1.0272	7.9571	99.7225	40.6294	0.8230	0.8276	5.0000	-9999.0000	-9999.0000	-9999.0000	-9999.0000	-9999.0000	-9999.0000	17.5791	1	0	29.6283	1.0000	11	3	-9999.0000	27833	55153	-9999	-9999	926	1975	334.1393	5	0.6566	0.6646	-0.0003	51.1186	1.0001	467.8109	499.5073	45.6019	474.2599	95.2546	467.1607	95.0926	469.3971	94.7917	473.7144	94.6759	
26/08/2017	01:42:25	011995	G523112760HLR	L523	S		442.8345	1.0400	0.0000	100.1459	39.7283	0.8230	1.1621	5.0000	22.7484	508.0444	94.8843	16.5187	25.2000	0.9300	0.9266	0.6648	-0.0003	508.0000	506.5668	1.0272	7.9643	99.8349	40.6057	0.8230	0.8277	5.0000	-9999.0000	-9999.0000	-9999.0000	-9999.0000	-9999.0000	-9999.0000	17.2936	3	0	25.3580	1.0000	11	3	-9999.0000	27834	55154	-9999	-9999	927	1977	334.9507	5	0.6570	0.6648	-0.0003	49.0044	1.1038	474.4903	483.4610	47.7083	480.2985	95.1620	473.7227	94.9537	479.1231	94.7685	481.0985	94.6759	
26/08/2017	01:43:24	011995	G523112755HLR	L523	S		437.4328	1.0400	0.0000	100.0102	39.6933	0.8230	1.1618	5.0000	24.5384	508.0907	94.9306	18.4893	25.3000	0.9300	0.9266	0.6640	-0.0003	508.0000	508.1356	1.0272	7.9483	99.7011	40.5619	0.8230	0.8266	5.0000	-9999.0000	-9999.0000	-9999.0000	-9999.0000	-9999.0000	-9999.0000	17.4274	5	0	29.3193	1.0000	11	3	-9999.0000	27835	55155	-9999	-9999	928	1980	334.7076	5	0.6574	0.6640	-0.0003	46.5755	1.2066	471.5849	489.2808	46.2731	477.1382	95.1157	471.3883	94.9537	474.3881	94.7917	478.0950	94.6991	
26/08/2017	01:44:28	011995	G523112756HLR	L523	S		450.1057	1.0400	0.0000	99.9164	39.6943	0.8230	1.1616	5.0000	26.3476	508.1362	94.8843	11.2494	25.1000	0.9300	0.9266	0.6661	-0.0004	508.0000	510.1315	1.0272	7.9280	99.7529	40.5667	0.8230	0.8260	5.0000	-9999.0000	-9999.0000	-9999.0000	-9999.0000	-9999.0000	-9999.0000	17.3268	7	0	33.9422	1.0000	11	3	-9999.0000	27836	55156	-9999	-9999	929	1983	336.6177	5	0.6579	0.6661	-0.0004	41.2407	1.4362	484.5253	471.2135	45.8565	489.6469	95.0463	483.8105	94.8611	488.7741	94.7454	491.5964	94.6991	
26/08/2017	01:45:21	011995	G523112733HLR	L523	S		442.4433	1.0400	0.0000	99.9482	39.7079	0.8230	1.1616	5.0000	26.6633	508.0294	94.9074	18.3291	25.2000	0.9300	0.9267	0.6656	-0.0003	508.0000	509.0464	1.0272	7.9391	99.8080	40.5690	0.8230	0.8260	5.0000	-9999.0000	-9999.0000	-9999.0000	-9999.0000	-9999.0000	-9999.0000	17.0532	1	0	29.0288	1.0000	11	3	-9999.0000	27837	55157	-9999	-9999	930	1985	334.9154	5	0.6580	0.6656	-0.0003	44.7523	1.2921	475.5986	514.0287	45.4630	479.4898	95.1157	475.1975	95.0231	478.1839	94.8380	480.2654	94.6991	
26/08/2017	01:46:19	011995	G523112769HLR	L523	S		435.1922	1.0400	0.0000	99.9621	39.7078	0.8230	1.1617	5.0000	26.3130	508.0481	94.8611	22.8787	25.2000	0.9300	0.9267	0.6633	-0.0002	508.0000	507.7394	1.0272	7.9524	99.8660	40.6276	0.8230	0.8273	5.0000	-9999.0000	-9999.0000	-9999.0000	-9999.0000	-9999.0000	-9999.0000	17.0793	3	0	29.7580	1.0000	11	3	-9999.0000	27838	55158	-9999	-9999	931	1988	334.1721	5	0.6583	0.6633	-0.0002	46.2598	1.2166	465.9142	491.7910	44.8380	472.9460	95.1389	465.3955	95.0231	471.1120	94.8148	473.2494	94.6991	
26/08/2017	01:47:06	011995	G523112853HLR	L523	S		0.0000	0.0000	0.0000	0.0000	0.0000	0.8230	0.0000	0.0000	0.0000	0.0000	0.0000	0.0000	0.0000	0.9300	0.0000	0.0000	0.0000	0.0000	0.0000	0.0000	0.0000	0.0000	0.0000	0.8230	0.0000	0.0000	0.0000	0.0000	0.0000	0.0000	0.0000	0.0000	0.0000	0	42	29.7580	1.0000	11	3	0.0000	0	0	0	0	0	0	0.0000	0	0.0000	0.0000	0.0000	0.0000	0.0000	0.0000	0.0000	0.0000	0.0000	0.0000	0.0000	0.0000	0.0000	0.0000	0.0000	0.0000	
26/08/2017	01:48:05	011995	G523112767HLR	L523	S		439.9380	1.0400	0.0000	100.2379	39.7581	0.8230	1.1624	5.0000	20.6675	508.0437	94.9074	17.7989	25.1000	0.9300	0.9266	0.6615	-0.0001	508.0000	509.2927	1.0272	7.9366	99.7044	40.6350	0.8230	0.8274	5.0000	-9999.0000	-9999.0000	-9999.0000	-9999.0000	-9999.0000	-9999.0000	17.3877	5	0	31.7208	1.0000	11	3	-9999.0000	27838	55159	-9999	-9999	932	1991	334.7545	5	0.6585	0.6615	-0.0001	43.5610	1.3561	474.1638	490.5601	46.5046	480.0501	95.2315	473.9019	95.0463	477.4049	94.8148	481.0410	94.6759	
26/08/2017	01:49:02	011995	G523112768HLR	L523	S		436.4426	1.0400	0.0000	99.9721	39.6775	0.8230	1.1617	5.0000	26.0042	508.0456	94.8843	18.5088	25.1000	0.9300	0.9267	0.6616	-0.0002	508.0000	507.4500	1.0272	7.9553	99.9271	40.5576	0.8230	0.8261	5.0000	-9999.0000	-9999.0000	-9999.0000	-9999.0000	-9999.0000	-9999.0000	17.0836	7	0	28.6086	1.0000	11	3	-9999.0000	27839	55160	-9999	-9999	933	1993	334.7485	5	0.6585	0.6616	-0.0002	44.4532	1.2998	472.3328	497.8406	47.0370	476.9765	95.2083	471.8308	95.0926	474.8609	94.8148	478.1406	94.6991	
26/08/2017	01:49:55	011995	G523112743HLR	L523	S		436.1569	1.0400	0.0000	99.9485	39.6942	0.8230	1.1617	5.0000	26.0055	508.0675	94.9306	20.4794	25.3000	0.9300	0.9268	0.6607	-0.0001	508.0000	506.6257	1.0272	7.9637	99.8135	40.6000	0.8230	0.8264	5.0000	-9999.0000	-9999.0000	-9999.0000	-9999.0000	-9999.0000	-9999.0000	17.2085	1	0	25.9888	1.0000	11	3	-9999.0000	27840	55160	-9999	-9999	934	1996	334.6333	5	0.6585	0.6607	-0.0001	45.7067	1.2280	470.7468	491.6778	47.7778	476.6980	95.0926	470.8959	95.0463	474.1965	94.8380	476.7302	94.6759	
26/08/2017	01:50:55	011995	G523111283HLR	L523	S		441.7343	1.0400	0.0000	100.0281	39.6421	0.8230	1.1617	5.0000	25.4283	508.0376	94.8843	17.4990	25.1000	0.9300	0.9266	0.6608	-0.0001	508.0000	507.0942	1.0272	7.9590	99.9877	40.6250	0.8230	0.8276	5.0000	-9999.0000	-9999.0000	-9999.0000	-9999.0000	-9999.0000	-9999.0000	17.3820	3	0	30.2964	1.0000	11	3	-9999.0000	27841	55161	-9999	-9999	935	1999	334.8513	5	0.6589	0.6608	-0.0001	46.1232	1.2234	476.2463	450.9719	45.1389	480.7949	95.1157	476.0056	95.0694	477.6070	94.8148	481.7423	94.6759	
26/08/2017	01:51:54	011995	G523112771HLR	L523	S		447.5495	1.0400	0.0000	99.9850	39.6899	0.8230	1.1618	5.0000	24.7719	508.0433	94.8843	11.7093	25.1000	0.9300	0.9267	0.6611	-0.0001	508.0000	508.3541	1.0272	7.9461	100.0324	40.6257	0.8230	0.8277	5.0000	-9999.0000	-9999.0000	-9999.0000	-9999.0000	-9999.0000	-9999.0000	17.6284	5	0	31.1491	1.0000	11	3	-9999.0000	27842	55162	-9999	-9999	936	2002	335.2959	5	0.6591	0.6611	-0.0001	47.2023	1.1534	486.7348	513.2130	47.4306	490.5392	95.0463	486.4953	94.9769	490.1209	94.7917	492.4982	94.6759	
26/08/2017	01:52:44	011995	G523111280HLR	L523	S		440.2228	1.0400	0.0000	99.9333	39.6815	0.8230	1.1617	5.0000	25.8412	508.0134	94.9306	19.1386	25.2000	0.9300	0.9267	0.6617	-0.0001	508.0000	508.2744	1.0272	7.9469	99.8786	40.6122	0.8230	0.8277	5.0000	-9999.0000	-9999.0000	-9999.0000	-9999.0000	-9999.0000	-9999.0000	17.2597	7	0	26.1525	1.0000	11	3	-9999.0000	27843	55163	-9999	-9999	937	2004	334.8532	5	0.6592	0.6617	-0.0001	47.7469	1.1012	474.1673	423.1392	44.5602	478.8212	95.0231	473.6479	94.9306	477.5080	94.7917	480.3477	94.6759	
26/08/2017	01:53:33	011995	G523112751HLR	L523	S		435.6232	1.0400	0.0000	99.9994	39.6880	0.8230	1.1618	5.0000	24.9283	508.0746	94.9537	19.8593	25.2000	0.9300	0.9267	0.6611	-0.0001	508.0000	509.4108	1.0272	7.9354	99.8209	40.5588	0.8230	0.8262	5.0000	-9999.0000	-9999.0000	-9999.0000	-9999.0000	-9999.0000	-9999.0000	18.2884	1	0	25.7985	1.0000	11	3	-9999.0000	27844	55164	-9999	-9999	938	2006	334.9101	5	0.6593	0.6611	-0.0001	47.2085	1.1440	471.1369	485.1971	46.6204	475.1572	95.1389	470.7509	94.8843	473.9354	94.8611	476.9450	94.6991	
26/08/2017	01:54:23	011995	G523112865HLR	L523	S		447.2367	1.0400	0.0000	100.1983	39.7275	0.8230	1.1624	5.0000	20.7663	508.1226	94.9074	15.0090	25.2000	0.9300	0.9266	0.6608	-0.0001	508.0000	508.3757	1.0272	7.9459	99.7781	40.6279	0.8230	0.8276	5.0000	-9999.0000	-9999.0000	-9999.0000	-9999.0000	-9999.0000	-9999.0000	17.2480	3	0	25.5590	1.0000	11	3	-9999.0000	27845	55165	-9999	-9999	939	2009	335.1070	5	0.6591	0.6608	-0.0001	47.9470	1.1062	482.2079	461.6042	47.0139	487.3812	95.1852	481.9022	95.0231	484.9914	94.7917	487.1859	94.6759	
26/08/2017	01:55:13	011995	G523112866HLR	L523	S		448.0620	1.0400	0.0000	100.2044	39.7130	0.8230	1.1624	5.0000	20.5575	508.0713	94.9074	11.0687	25.2000	0.9300	0.9266	0.6610	-0.0001	508.0000	506.4633	1.0272	7.9654	100.0214	40.5745	0.8230	0.8272	5.0000	-9999.0000	-9999.0000	-9999.0000	-9999.0000	-9999.0000	-9999.0000	17.3156	5	0	25.7386	1.0000	11	3	-9999.0000	27846	55166	-9999	-9999	940	2012	335.3571	5	0.6590	0.6610	-0.0001	47.4431	1.1380	486.9708	509.9951	48.2639	492.9698	95.1157	486.3279	94.9537	490.0774	94.7685	493.4590	94.6991	
26/08/2017	02:02:21	011995	G523111514HLR	L523	S		0.0000	0.0000	0.0000	0.0000	0.0000	0.8230	0.0000	0.0000	0.0000	0.0000	0.0000	0.0000	0.0000	0.9300	0.0000	0.0000	0.0000	0.0000	0.0000	0.0000	0.0000	0.0000	0.0000	0.8230	0.0000	0.0000	0.0000	0.0000	0.0000	0.0000	0.0000	0.0000	0.0000	0	42	25.7386	1.0000	11	3	0.0000	0	0	0	0	0	0	0.0000	0	0.0000	0.0000	0.0000	0.0000	0.0000	0.0000	0.0000	0.0000	0.0000	0.0000	0.0000	0.0000	0.0000	0.0000	0.0000	0.0000	
26/08/2017	02:03:15	011995	G523112841HLR	L523	S		447.0396	1.0400	0.0000	100.1234	39.7032	0.8230	1.1624	5.0000	20.7066	508.0963	94.8611	13.5090	25.2000	0.9300	0.9267	0.6607	-0.0001	508.0000	509.2191	1.0272	7.9373	99.8313	40.6167	0.8230	0.8265	5.0000	-9999.0000	-9999.0000	-9999.0000	-9999.0000	-9999.0000	-9999.0000	17.1092	7	0	26.8285	1.0000	11	3	-9999.0000	27847	55167	-9999	-9999	941	2015	335.1235	5	0.6589	0.6607	-0.0001	45.2207	1.2475	483.9795	529.1340	46.5046	488.2105	95.0463	483.3635	95.0000	487.9563	94.7917	489.4181	94.6991	
26/08/2017	02:04:08	011995	G523112833HLR	L523	S		445.6257	1.0400	0.0000	100.0016	39.7034	0.8230	1.1624	5.0000	20.8387	508.0762	94.8380	13.3694	25.1000	0.9300	0.9266	0.6629	-0.0002	508.0000	508.3525	1.0272	7.9461	99.8018	40.5776	0.8230	0.8279	5.0000	-9999.0000	-9999.0000	-9999.0000	-9999.0000	-9999.0000	-9999.0000	17.0289	1	0	25.3289	1.0000	11	3	-9999.0000	27847	55168	-9999	-9999	942	2018	335.4536	5	0.6593	0.6629	-0.0002	44.5115	1.2945	482.2014	502.6739	45.6944	485.7826	95.0463	481.9286	94.9537	486.8083	94.7917	488.7926	94.6991	
26/08/2017	02:05:02	011995	G523112842HLR	L523	S		445.7320	1.0400	0.0000	100.3147	39.7076	0.8230	1.1625	5.0000	20.5897	508.0141	94.8843	15.7492	25.3000	0.9300	0.9268	0.6617	-0.0001	508.0000	509.4355	1.0272	7.9351	99.8036	40.5208	0.8230	0.8266	5.0000	-9999.0000	-9999.0000	-9999.0000	-9999.0000	-9999.0000	-9999.0000	17.2354	3	0	25.5373	1.0000	11	3	-9999.0000	27847	55169	-9999	-9999	943	2021	334.9983	5	0.6593	0.6617	-0.0001	42.9686	1.4020	479.6255	476.1620	44.4907	481.8776	94.9306	479.0110	94.9769	481.2525	94.7917	484.2853	94.7222	
26/08/2017	02:05:54	011995	G523111515HLR	L523	S		306.0769	1.0400	0.0000	100.1445	39.4353	0.8230	1.1624	5.0000	24.3795	0.0000	0.0000	0.0000	0.0000	0.9300	0.0000	0.0000	0.0000	0.0000	425.0720	1.0272	7.1932	99.7053	40.5544	0.8230	0.8262	5.0000	-9999.0000	-9999.0000	-9999.0000	-9999.0000	-9999.0000	-9999.0000	17.3756	5	7	25.3686	1.0000	11	3	-9999.0000	27848	0	-9999	-9999	944	2023	0.0000	0	0.0000	0.0000	0.0000	0.0000	0.0000	0.0000	0.0000	0.0000	0.0000	0.0000	0.0000	0.0000	0.0000	0.0000	0.0000	0.0000	
26/08/2017	02:06:46	011995	G523111518HLR	L523	S		399.9827	1.0400	0.0000	100.0241	39.5939	0.8230	1.1624	5.0000	25.7946	0.0000	0.0000	0.0000	0.0000	0.9300	0.0000	0.0000	0.0000	0.0000	419.7223	1.0272	7.1378	99.8529	40.5674	0.8230	0.8273	5.0000	-9999.0000	-9999.0000	-9999.0000	-9999.0000	-9999.0000	-9999.0000	17.0657	7	7	26.1284	1.0000	11	3	-9999.0000	27849	0	-9999	-9999	945	2025	0.0000	0	0.0000	0.0000	0.0000	0.0000	0.0000	0.0000	0.0000	0.0000	0.0000	0.0000	0.0000	0.0000	0.0000	0.0000	0.0000	0.0000	
26/08/2017	02:09:22	011995	G523111516HLR	L523	S		410.1274	1.0400	0.0000	100.1513	39.6228	0.8230	1.1623	5.0000	23.3952	0.0000	0.0000	0.0000	0.0000	0.9300	0.0000	0.0000	0.0000	0.0000	436.3189	1.0272	7.3095	99.8192	40.5219	0.8230	0.8265	5.0000	-9999.0000	-9999.0000	-9999.0000	-9999.0000	-9999.0000	-9999.0000	17.2291	1	7	27.9589	1.0000	11	3	-9999.0000	27850	0	-9999	-9999	946	2028	0.0000	0	0.0000	0.0000	0.0000	0.0000	0.0000	0.0000	0.0000	0.0000	0.0000	0.0000	0.0000	0.0000	0.0000	0.0000	0.0000	0.0000	
26/08/2017	02:14:48	011995	G523111527HLR	L523	S		446.8449	1.0400	0.0000	100.1114	39.6263	0.8230	1.1623	5.0000	22.3476	508.0172	94.9074	14.2395	25.3000	0.9300	0.9268	0.6615	-0.0001	508.0000	508.8639	1.0272	7.9409	99.7209	40.5316	0.8230	0.8269	5.0000	-9999.0000	-9999.0000	-9999.0000	-9999.0000	-9999.0000	-9999.0000	17.1889	3	0	29.9279	1.0000	11	3	-9999.0000	27851	55169	-9999	-9999	947	2031	335.0884	5	0.6594	0.6615	-0.0001	46.4424	1.1326	480.8451	457.6704	46.2963	485.0585	95.0000	480.6853	95.0463	484.5913	94.8148	487.0878	94.6759	
26/08/2017	02:15:50	011995	G523111521HLR	L523	S		443.8566	1.0400	0.0000	100.1873	39.6540	0.8230	1.1625	5.0000	20.5910	508.0232	94.8843	16.8292	25.2000	0.9300	0.9267	0.6615	-0.0001	508.0000	507.8639	1.0272	7.9511	99.8510	40.5835	0.8230	0.8275	5.0000	-9999.0000	-9999.0000	-9999.0000	-9999.0000	-9999.0000	-9999.0000	17.2681	5	0	32.8287	1.0000	11	3	-9999.0000	27852	55170	-9999	-9999	948	2034	334.9129	5	0.6594	0.6615	-0.0001	46.4424	1.1326	477.6925	480.8034	46.4120	482.4301	95.0000	476.9095	94.9769	480.0552	94.7917	482.6639	94.6759	
26/08/2017	02:16:43	011995	G523111503HLR	L523	S		443.0393	1.0400	0.0000	99.9688	39.5231	0.8230	1.1625	5.0000	20.9987	508.0579	94.9306	19.0088	25.2000	0.9300	0.9267	0.6625	-0.0002	508.0000	508.7374	1.0272	7.9422	99.9280	40.5825	0.8230	0.8271	5.0000	-9999.0000	-9999.0000	-9999.0000	-9999.0000	-9999.0000	-9999.0000	17.1521	7	0	28.5894	1.0000	11	3	-9999.0000	27853	55171	-9999	-9999	949	2037	334.4612	5	0.6592	0.6625	-0.0002	48.1789	0.9991	472.8756	494.7038	45.3009	477.4657	94.9537	472.4297	94.9769	476.3562	94.7917	479.7522	94.7222	
26/08/2017	02:17:32	011995	G523111519HLR	L523	Q		444.3978	1.0400	0.0000	99.9843	39.4097	0.8230	1.1621	5.0000	26.1285	508.0473	94.9074	21.8289	25.2000	0.9300	0.9267	0.6631	-0.0003	508.0000	510.3357	1.0272	7.9259	99.8420	40.5837	0.8230	0.8278	5.0000	-9999.0000	-9999.0000	-9999.0000	-9999.0000	-9999.0000	-9999.0000	17.2742	1	0	25.4386	1.0000	11	3	-9999.0000	27854	55172	-9999	-9999	950	2040	333.9360	5	0.6591	0.6631	-0.0003	48.5406	0.9673	475.4292	501.2510	47.4537	482.6681	95.1852	474.9633	95.0463	477.5856	94.8148	478.8414	94.6528	
26/08/2017	02:18:26	011995	G523111499HLR	L523	S		440.9282	1.0400	0.0000	100.1924	39.6518	0.8230	1.1627	5.0000	21.6092	508.0200	94.9074	17.5899	25.2000	0.9300	0.9267	0.6640	-0.0003	508.0000	506.3843	1.0272	7.9662	99.8596	40.5206	0.8230	0.8264	5.0000	-9999.0000	-9999.0000	-9999.0000	-9999.0000	-9999.0000	-9999.0000	17.0384	3	0	30.7378	1.0000	11	3	-9999.0000	27855	55172	-9999	-9999	951	2042	334.4207	5	0.6589	0.6640	-0.0003	48.5710	0.9480	473.4270	498.8472	45.8565	479.8255	95.2778	472.6507	95.0926	477.7260	94.7685	479.8497	94.6528	
26/08/2017	02:19:18	011995	G523111494HLR	L523	S		438.8961	1.0400	0.0000	100.1545	39.6124	0.8230	1.1625	5.0000	20.6533	508.0950	94.8380	13.4388	25.2000	0.9300	0.9267	0.6666	-0.0005	508.0000	506.8522	1.0272	7.9614	99.8452	40.5833	0.8230	0.8267	5.0000	-9999.0000	-9999.0000	-9999.0000	-9999.0000	-9999.0000	-9999.0000	17.0980	5	0	28.1078	1.0000	11	3	-9999.0000	27855	55173	-9999	-9999	952	2045	335.2867	5	0.6584	0.6666	-0.0005	53.0884	0.6311	480.1473	519.1612	47.5463	483.4073	95.0926	479.5239	95.0231	483.0067	94.7685	486.4379	94.6528	
26/08/2017	02:20:08	011995	G523111469HLR	L523	S		438.1378	1.0400	0.0000	100.1129	39.6188	0.8230	1.1625	5.0000	20.7889	508.0213	94.9537	19.7792	25.2000	0.9300	0.9266	0.6667	-0.0005	508.0000	507.0381	1.0272	7.9595	99.7947	40.5901	0.8230	0.8279	5.0000	-9999.0000	-9999.0000	-9999.0000	-9999.0000	-9999.0000	-9999.0000	17.1496	7	0	26.8223	1.0000	11	3	-9999.0000	27856	55174	-9999	-9999	953	2048	333.6307	5	0.6587	0.6667	-0.0005	52.6712	0.6684	470.6528	513.1945	47.7083	474.5673	95.1389	469.9470	95.0463	472.1937	94.7917	474.2432	94.6759	
26/08/2017	02:21:00	011995	G523111445HLR	L523	S		443.0912	1.0400	0.0000	100.2164	39.6243	0.8230	1.1626	5.0000	20.5683	508.0193	94.8611	17.1290	25.2000	0.9300	0.9267	0.6675	-0.0005	508.0000	507.1189	1.0272	7.9587	99.8112	40.5384	0.8230	0.8264	5.0000	-9999.0000	-9999.0000	-9999.0000	-9999.0000	-9999.0000	-9999.0000	17.1978	1	0	26.4985	1.0000	11	3	-9999.0000	27857	55175	-9999	-9999	954	2050	334.3606	5	0.6590	0.6675	-0.0005	53.3750	0.6348	472.8388	487.6941	44.8843	477.9888	95.1620	471.8643	95.1157	476.0741	94.7917	479.5650	94.6528	
26/08/2017	02:21:56	011995	G523111482HLR	L523	S		442.4468	1.0400	0.0000	100.1784	39.6325	0.8230	1.1626	5.0000	20.5879	508.0258	94.8611	15.8195	25.2000	0.9300	0.9266	0.6656	-0.0004	508.0000	506.0720	1.0272	7.9694	99.9118	40.6154	0.8230	0.8271	5.0000	-9999.0000	-9999.0000	-9999.0000	-9999.0000	-9999.0000	-9999.0000	17.1490	3	0	32.8190	1.0000	11	3	-9999.0000	27858	55176	-9999	-9999	955	2052	334.7306	5	0.6585	0.6656	-0.0004	55.3956	0.5213	473.5082	500.4227	47.0833	479.0865	95.0926	473.1458	95.0231	478.2199	94.7685	481.2170	94.6759	
26/08/2017	02:22:50	011995	G523111486HLR	L523	S		443.8716	1.0400	0.0000	100.0605	39.6430	0.8230	1.1625	5.0000	20.8289	508.0613	94.8380	15.5997	25.1000	0.9300	0.9267	0.6672	-0.0005	508.0000	506.5042	1.0272	7.9650	99.7471	40.6168	0.8230	0.8275	5.0000	-9999.0000	-9999.0000	-9999.0000	-9999.0000	-9999.0000	-9999.0000	17.3195	5	0	29.6487	1.0000	11	3	-9999.0000	27859	55177	-9999	-9999	956	2055	335.0773	5	0.6587	0.6672	-0.0005	55.7490	0.5003	477.2049	526.6018	48.0324	480.0798	95.0926	476.4185	95.0463	478.8783	94.7917	481.7327	94.6991	
26/08/2017	02:23:42	011995	G523111490HLR	L523	S		435.3831	1.0400	0.0000	100.2232	39.6452	0.8230	1.1626	5.0000	20.5083	508.0503	94.9306	21.7781	25.2000	0.9300	0.9266	0.6694	-0.0006	508.0000	506.9862	1.0272	7.9601	99.8849	40.5892	0.8230	0.8276	5.0000	-9999.0000	-9999.0000	-9999.0000	-9999.0000	-9999.0000	-9999.0000	17.1868	7	0	27.6680	1.0000	11	3	-9999.0000	27860	55178	-9999	-9999	957	2057	333.3969	5	0.6588	0.6694	-0.0006	54.9701	0.5431	460.8540	505.9128	48.2407	468.3224	95.2083	460.5768	95.0463	465.2907	94.8148	468.0310	94.6991	
26/08/2017	02:24:34	011995	G523111470HLR	L523	S		439.7924	1.0400	0.0000	99.9925	39.6372	0.8230	1.1625	5.0000	21.2902	508.0374	94.9306	18.6689	25.1000	0.9300	0.9266	0.6721	-0.0007	508.0000	506.8666	1.0272	7.9613	99.7675	40.5661	0.8230	0.8260	5.0000	-9999.0000	-9999.0000	-9999.0000	-9999.0000	-9999.0000	-9999.0000	17.4987	1	0	28.7392	1.0000	11	3	-9999.0000	27861	55179	-9999	-9999	958	2060	334.4030	5	0.6592	0.6721	-0.0007	53.4546	0.6273	466.6059	482.6917	45.9954	470.8129	95.1620	465.9546	95.0694	470.1883	94.7685	473.2384	94.6296	
26/08/2017	02:25:26	011995	G523111455HLR	L523	S		443.3569	1.0400	0.0000	100.0639	39.6548	0.8230	1.1625	5.0000	20.7865	508.0171	94.8843	16.7188	25.1000	0.9300	0.9266	0.6724	-0.0007	508.0000	508.3123	1.0272	7.9465	99.7762	40.6245	0.8230	0.8272	5.0000	-9999.0000	-9999.0000	-9999.0000	-9999.0000	-9999.0000	-9999.0000	17.1588	3	0	28.3585	1.0000	11	3	-9999.0000	27862	55180	-9999	-9999	959	2062	335.2976	5	0.6591	0.6724	-0.0007	40.4246	1.4142	472.7647	513.5409	47.1528	476.1682	95.0926	472.4642	95.0231	476.2542	94.7454	479.5632	94.6759	
26/08/2017	02:26:20	011995	G523111462HLR	L523	S		441.5466	1.0400	0.0000	100.0368	39.6561	0.8230	1.1625	5.0000	20.7790	508.0617	94.8843	17.7696	25.1000	0.9300	0.9266	0.6722	-0.0007	508.0000	507.4955	1.0272	7.9549	99.7633	40.5968	0.8230	0.8277	5.0000	-9999.0000	-9999.0000	-9999.0000	-9999.0000	-9999.0000	-9999.0000	17.2984	5	0	29.6564	1.0000	11	3	-9999.0000	27863	55180	-9999	-9999	960	2065	335.0652	5	0.6591	0.6722	-0.0007	40.5394	1.4131	467.7934	493.2653	47.7546	473.9734	95.1389	467.5098	95.0000	472.3132	94.7917	475.9100	94.6991	
26/08/2017	02:27:11	011995	G523111473HLR	L523	S		443.4581	1.0400	0.0000	100.0748	39.6597	0.8230	1.1625	5.0000	20.6687	508.0566	94.9074	17.3887	25.1000	0.9300	0.9266	0.6703	-0.0006	508.0000	506.9486	1.0272	7.9604	99.8694	40.5573	0.8230	0.8262	5.0000	-9999.0000	-9999.0000	-9999.0000	-9999.0000	-9999.0000	-9999.0000	17.2181	7	0	26.5888	1.0000	11	3	-9999.0000	27863	55181	-9999	-9999	961	2067	335.2769	5	0.6594	0.6703	-0.0006	40.8255	1.4109	470.2759	515.7236	47.0139	476.1078	95.0926	470.0435	95.0231	473.2379	94.7685	477.5863	94.6991	
26/08/2017	02:28:02	011995	G523111475HLR	L523	S		441.2742	1.0400	0.0000	99.9318	39.6581	0.8230	1.1624	5.0000	21.1386	508.0663	94.9306	18.6396	25.1000	0.9300	0.9266	0.6692	-0.0005	508.0000	507.8872	1.0272	7.9509	99.7802	40.6309	0.8230	0.8271	5.0000	-9999.0000	-9999.0000	-9999.0000	-9999.0000	-9999.0000	-9999.0000	17.0283	1	0	27.6685	1.0000	11	3	-9999.0000	27864	55182	-9999	-9999	962	2069	335.0249	5	0.6599	0.6692	-0.0005	40.9221	1.4069	471.4542	481.2648	46.1574	475.1425	95.1389	470.8114	94.9769	473.8389	94.7917	475.4160	94.6991	
26/08/2017	02:28:55	011995	G523111437HLR	L523	S		444.4480	1.0400	0.0000	99.8694	39.6592	0.8230	1.1623	5.0000	21.5487	508.0794	94.8611	15.5685	25.1000	0.9300	0.9266	0.6694	-0.0005	508.0000	507.5839	1.0272	7.9540	99.8063	40.6045	0.8230	0.8276	5.0000	-9999.0000	-9999.0000	-9999.0000	-9999.0000	-9999.0000	-9999.0000	17.4381	3	0	28.8846	1.0000	11	3	-9999.0000	27865	55183	-9999	-9999	963	2072	335.9212	5	0.6600	0.6694	-0.0005	40.7444	1.4147	475.0754	505.7995	45.9028	479.5133	95.1157	474.7500	95.0231	478.1308	94.7454	481.0122	94.6759	
26/08/2017	02:29:48	011995	G523111433HLR	L523	S		443.3111	1.0400	0.0000	100.0556	39.6813	0.8230	1.1625	5.0000	20.6385	508.0449	94.8380	16.6895	25.1000	0.9300	0.9266	0.6715	-0.0006	508.0000	508.2885	1.0272	7.9468	100.0428	40.5667	0.8230	0.8261	5.0000	-9999.0000	-9999.0000	-9999.0000	-9999.0000	-9999.0000	-9999.0000	17.2585	5	0	28.4889	1.0000	11	3	-9999.0000	27866	55184	-9999	-9999	964	2074	335.8220	5	0.6598	0.6715	-0.0006	40.7377	1.4107	471.6152	526.5412	48.6806	477.0547	95.1620	471.4414	95.0000	475.3194	94.8148	478.2396	94.6991	
26/08/2017	02:30:45	011995	G523111460HLR	L523	S		442.3830	1.0400	0.0000	100.0679	39.6716	0.8230	1.1624	5.0000	21.1097	508.0075	94.9306	17.7090	25.1000	0.9300	0.9266	0.6718	-0.0006	508.0000	508.5151	1.0272	7.9445	99.6947	40.6325	0.8230	0.8271	5.0000	-9999.0000	-9999.0000	-9999.0000	-9999.0000	-9999.0000	-9999.0000	17.2083	7	0	32.7268	1.0000	11	3	-9999.0000	27867	55185	-9999	-9999	965	2077	335.4257	5	0.6602	0.6718	-0.0006	41.5688	1.3616	470.4337	477.5346	46.8981	474.9887	95.2083	470.1176	95.0000	473.1247	94.7917	476.6796	94.6991	
26/08/2017	02:31:36	011995	G523111441HLR	L523	S		444.1426	1.0400	0.0000	99.9303	39.6734	0.8230	1.1625	5.0000	20.9914	508.0850	94.8611	17.5284	25.1000	0.9300	0.9266	0.6716	-0.0006	508.0000	509.4335	1.0272	7.9351	99.7692	40.6359	0.8230	0.8275	5.0000	-9999.0000	-9999.0000	-9999.0000	-9999.0000	-9999.0000	-9999.0000	17.1332	1	0	25.7688	1.0000	11	3	-9999.0000	27868	55186	-9999	-9999	966	2080	335.5764	5	0.6604	0.6716	-0.0006	42.2471	1.3350	471.9116	487.3154	44.8843	475.3983	95.1389	471.4128	95.0231	474.6250	94.7685	478.8872	94.6759	
26/08/2017	02:32:29	011995	G523111451HLR	L523	S		440.4850	1.0400	0.0000	100.0268	39.6712	0.8230	1.1624	5.0000	21.4892	508.0116	94.8843	21.7088	25.2000	0.9300	0.9266	0.6716	-0.0006	508.0000	507.7570	1.0272	7.9522	99.8456	40.5859	0.8230	0.8272	5.0000	-9999.0000	-9999.0000	-9999.0000	-9999.0000	-9999.0000	-9999.0000	17.3578	3	0	28.3079	1.0000	11	3	-9999.0000	27869	55187	-9999	-9999	967	2082	334.0949	5	0.6602	0.6716	-0.0006	42.0452	1.3491	465.7442	486.0371	46.0880	472.6025	95.2083	465.6819	95.0231	467.9200	94.7917	470.7352	94.6991	
26/08/2017	02:33:22	011995	G523111114HLR	L523	S		445.7456	1.0400	0.0000	99.8733	39.6673	0.8230	1.1622	5.0000	22.2915	508.0854	94.9074	14.8293	25.2000	0.9300	0.9266	0.6709	-0.0006	508.0000	511.0730	1.0272	7.9184	99.8905	40.5970	0.8230	0.8262	5.0000	-9999.0000	-9999.0000	-9999.0000	-9999.0000	-9999.0000	-9999.0000	17.2489	5	0	28.8377	1.0000	11	3	-9999.0000	27870	55188	-9999	-9999	968	2085	336.3434	5	0.6599	0.6709	-0.0006	42.6090	1.3158	475.8840	512.2625	47.6389	481.1310	95.2546	475.1419	95.0463	479.3415	94.7454	482.4400	94.6528	
26/08/2017	02:34:15	011995	G523111116HLR	L523	S		443.2201	1.0400	0.0000	99.9830	39.6884	0.8230	1.1624	5.0000	21.2790	508.1071	94.8611	17.2588	25.2000	0.9300	0.9266	0.6701	-0.0006	508.0000	508.6127	1.0272	7.9435	99.7561	40.6427	0.8230	0.8274	5.0000	-9999.0000	-9999.0000	-9999.0000	-9999.0000	-9999.0000	-9999.0000	17.2395	7	0	29.0987	1.0000	11	3	-9999.0000	27871	55189	-9999	-9999	969	2088	335.6295	5	0.6599	0.6701	-0.0006	45.7046	1.1373	473.7629	481.7832	49.0509	478.4735	95.1852	473.4846	94.9769	476.2628	94.7685	479.2944	94.6991	
26/08/2017	02:35:46	011995	G523111099HLR	L523	S		443.1773	1.0400	0.0000	100.0238	39.6835	0.8230	1.1624	5.0000	21.4383	508.0505	94.8843	17.8691	25.1000	0.9300	0.9266	0.6696	-0.0005	508.0000	508.6277	1.0272	7.9433	99.8684	40.6200	0.8230	0.8277	5.0000	-9999.0000	-9999.0000	-9999.0000	-9999.0000	-9999.0000	-9999.0000	17.3193	1	0	27.0689	1.0000	11	3	-9999.0000	27872	55190	-9999	-9999	970	2091	335.3135	5	0.6598	0.6696	-0.0005	56.8615	0.4878	471.8291	503.9301	46.7593	477.2440	95.1620	470.8903	95.0000	475.0271	94.7685	478.6132	94.6759	
26/08/2017	02:36:40	011995	G523111118HLR	L523	S		441.3824	1.0400	0.0000	99.9061	39.6839	0.8230	1.1624	5.0000	21.1590	508.0634	94.8843	18.1191	25.2000	0.9300	0.9266	0.6703	-0.0006	508.0000	507.8546	1.0272	7.9512	99.7542	40.5857	0.8230	0.8273	5.0000	-9999.0000	-9999.0000	-9999.0000	-9999.0000	-9999.0000	-9999.0000	17.1992	3	0	28.6079	1.0000	11	3	-9999.0000	27873	55191	-9999	-9999	971	2094	335.2931	5	0.6598	0.6703	-0.0006	57.2110	0.4716	470.0458	483.2804	45.3935	475.3078	95.1852	469.7057	95.0694	473.9149	94.7685	475.5449	94.6528	
26/08/2017	02:37:52	011995	G523111429HLR	L523	S		443.5092	1.0400	0.0000	99.8942	39.6891	0.8230	1.1624	5.0000	21.2883	508.0451	94.8380	16.0695	25.2000	0.9300	0.9268	0.6701	-0.0006	508.0000	507.2495	1.0272	7.9574	99.8728	40.5667	0.8230	0.8260	5.0000	-9999.0000	-9999.0000	-9999.0000	-9999.0000	-9999.0000	-9999.0000	17.1878	5	0	25.3190	1.0000	11	3	-9999.0000	27874	55191	-9999	-9999	972	2097	335.8148	5	0.6597	0.6701	-0.0006	57.1527	0.4717	473.5744	502.5436	47.5694	479.5626	95.0926	473.2938	95.0000	476.5287	94.7685	479.3721	94.6759	
26/08/2017	02:38:49	011995	G523111296HLR	L523	S		440.7029	1.0400	0.0000	99.9315	39.6261	0.8230	1.1622	5.0000	22.6881	508.0032	94.9074	17.6094	25.1000	0.9300	0.9267	0.6695	-0.0005	508.0000	507.3169	1.0272	7.9567	99.8653	40.5655	0.8230	0.8270	5.0000	-9999.0000	-9999.0000	-9999.0000	-9999.0000	-9999.0000	-9999.0000	17.1705	7	0	25.2486	1.0000	11	3	-9999.0000	27875	55191	-9999	-9999	973	2100	335.2527	5	0.6596	0.6695	-0.0005	58.7369	0.3976	471.8527	486.8986	46.6204	475.7223	95.2083	471.2310	95.0463	474.4703	94.7685	477.4848	94.6759	
26/08/2017	02:39:39	011995	G523111293HLR	L523	S		448.7200	1.0400	0.0000	99.8733	39.6925	0.8230	1.1624	5.0000	21.4382	508.1090	94.8843	13.8186	25.2000	0.9300	0.9267	0.6702	-0.0006	508.0000	511.2452	1.0272	7.9167	99.7266	40.5667	0.8230	0.8260	5.0000	-9999.0000	-9999.0000	-9999.0000	-9999.0000	-9999.0000	-9999.0000	17.1786	1	0	26.1380	1.0000	11	3	-9999.0000	27876	55192	-9999	-9999	974	2103	336.5295	5	0.6599	0.6702	-0.0006	56.4253	0.5126	477.8316	512.4157	46.5278	483.3298	95.1157	477.0684	94.9537	481.8531	94.7454	485.6194	94.6759	
26/08/2017	02:40:31	011995	G523112867HLR	L523	S		473.5233	1.0400	0.0000	99.8396	39.6631	0.8230	1.1622	5.0000	21.5882	0.0000	0.0000	0.0000	0.0000	0.9300	0.0000	0.0000	0.0000	0.0000	485.5292	1.0272	7.8186	99.9896	40.6259	0.8230	0.8276	5.0000	-9999.0000	-9999.0000	-9999.0000	-9999.0000	-9999.0000	-9999.0000	17.1587	3	8	27.6586	1.0000	11	3	-9999.0000	27877	0	-9999	-9999	975	2105	0.0000	0	0.0000	0.0000	0.0000	0.0000	0.0000	0.0000	0.0000	0.0000	0.0000	0.0000	0.0000	0.0000	0.0000	0.0000	0.0000	0.0000	
26/08/2017	02:41:22	011995	G523112847HLR	L523	S		442.1480	1.0400	0.0000	99.9756	39.6634	0.8230	1.1624	5.0000	20.9687	508.0187	94.9074	15.1691	25.2000	0.9300	0.9268	0.6601	-0.0000	508.0000	508.5414	1.0272	7.9442	99.7729	40.5705	0.8230	0.8270	5.0000	-9999.0000	-9999.0000	-9999.0000	-9999.0000	-9999.0000	-9999.0000	17.2660	5	0	26.3565	1.0000	11	3	-9999.0000	27878	55193	-9999	-9999	976	2108	335.0868	5	0.6595	0.6601	-0.0000	56.0796	0.5415	479.7853	509.1684	48.0324	484.7789	95.0694	478.9544	94.9074	482.1792	94.7685	486.0027	94.6759	
26/08/2017	02:42:11	011995	G523111288HLR	L523	S		443.1188	1.0400	0.0000	99.8706	39.6628	0.8230	1.1624	5.0000	21.3980	508.0710	94.8843	16.6993	25.1000	0.9300	0.9266	0.6601	-0.0000	508.0000	508.7543	1.0272	7.9420	99.8775	40.6108	0.8230	0.8260	5.0000	-9999.0000	-9999.0000	-9999.0000	-9999.0000	-9999.0000	-9999.0000	18.9635	7	0	25.1284	1.0000	11	3	-9999.0000	27879	55194	-9999	-9999	977	2111	335.1375	5	0.6595	0.6601	-0.0000	56.0796	0.5415	478.3642	501.0418	46.3889	483.8980	95.1852	477.7716	95.0463	482.3998	94.7685	483.5435	94.6759	
26/08/2017	02:43:04	011995	G523112836HLR	L523	S		444.3007	1.0400	0.0000	99.9753	39.6757	0.8230	1.1624	5.0000	21.3091	508.0286	94.8843	15.3595	25.1000	0.9300	0.9266	0.6587	0.0000	508.0000	509.1990	1.0272	7.9375	99.7386	40.6132	0.8230	0.8276	5.0000	-9999.0000	-9999.0000	-9999.0000	-9999.0000	-9999.0000	-9999.0000	17.3688	1	0	25.1988	1.0000	11	3	-9999.0000	27880	55195	-9999	-9999	978	2114	334.9729	5	0.6594	0.6587	0.0000	57.9935	0.4389	480.2951	513.3274	45.8333	484.9867	95.1389	479.7971	95.0463	483.4782	94.7454	486.6168	94.6991	
26/08/2017	02:43:55	011995	G523112835HLR	L523	S		447.1350	1.0400	0.0000	99.9160	39.6782	0.8230	1.1624	5.0000	21.1990	508.0567	94.8843	13.9787	25.2000	0.9300	0.9266	0.6587	0.0000	508.0000	506.9406	1.0272	7.9605	99.8372	40.5643	0.8230	0.8262	5.0000	-9999.0000	-9999.0000	-9999.0000	-9999.0000	-9999.0000	-9999.0000	17.2696	3	0	25.5444	1.0000	11	3	-9999.0000	27881	55196	-9999	-9999	979	2117	334.9684	5	0.6594	0.6587	0.0000	58.3755	0.4224	484.0597	497.1059	47.3148	488.4434	95.1620	483.7602	95.0231	486.2795	94.7685	489.4261	94.6759	
26/08/2017	02:44:45	011995	G523112834HLR	L523	S		452.1168	1.0400	0.0000	99.8483	39.6746	0.8230	1.1622	5.0000	22.1184	508.0539	94.9537	9.6489	25.1000	0.9300	0.9266	0.6587	0.0000	508.0000	506.4083	1.0272	7.9659	99.8327	40.6405	0.8230	0.8271	5.0000	-9999.0000	-9999.0000	-9999.0000	-9999.0000	-9999.0000	-9999.0000	17.2465	5	0	25.2994	1.0000	11	3	-9999.0000	27882	55197	-9999	-9999	980	2120	334.9115	5	0.6594	0.6587	0.0000	56.4889	0.5382	491.0318	518.1199	46.5509	494.4122	95.0694	490.5073	94.9769	493.4928	94.7454	496.8111	94.6759	
26/08/2017	02:45:35	011995	G523111305HLR	L523	S		448.6553	1.0400	0.0000	99.7797	39.6845	0.8230	1.1622	5.0000	22.0393	508.0569	94.8380	14.5891	25.2000	0.9300	0.9267	0.6587	0.0000	508.0000	509.2221	1.0272	7.9373	99.7453	40.5993	0.8230	0.8274	5.0000	-9999.0000	-9999.0000	-9999.0000	-9999.0000	-9999.0000	-9999.0000	17.3051	7	0	25.2583	1.0000	11	3	-9999.0000	27883	55198	-9999	-9999	981	2122	334.9980	5	0.6597	0.6587	0.0000	51.8245	0.8057	487.6249	500.9560	46.2731	492.1414	95.0231	487.3693	94.9769	488.5060	94.7917	489.5153	94.6991	
26/08/2017	02:46:27	011995	G523111289HLR	L523	S		449.4694	1.0400	0.0000	99.8261	39.6906	0.8230	1.1622	5.0000	21.9863	508.1125	94.9074	10.3491	25.1000	0.9300	0.9266	0.6613	-0.0001	508.0000	507.0041	1.0272	7.9599	99.6999	40.6000	0.8230	0.8261	5.0000	-9999.0000	-9999.0000	-9999.0000	-9999.0000	-9999.0000	-9999.0000	16.9632	1	0	27.0975	1.0000	11	3	-9999.0000	27884	55199	-9999	-9999	982	2125	335.5995	5	0.6598	0.6613	-0.0001	41.8874	1.4012	489.3666	502.3391	46.2500	491.8227	95.0694	488.6271	94.9537	492.5398	94.7454	495.3295	94.6991	
26/08/2017	02:47:17	011995	G523111300HLR	L523	S		448.5964	1.0400	0.0000	99.8462	39.6885	0.8230	1.1622	5.0000	22.1189	508.0592	94.8611	13.3489	25.1000	0.9300	0.9266	0.6604	-0.0000	508.0000	507.4353	1.0272	7.9555	99.8271	40.6382	0.8230	0.8277	5.0000	-9999.0000	-9999.0000	-9999.0000	-9999.0000	-9999.0000	-9999.0000	17.0408	3	0	25.1883	1.0000	11	3	-9999.0000	27885	55200	-9999	-9999	983	2128	335.2523	5	0.6597	0.6604	-0.0000	40.1878	1.5050	485.3776	478.7844	45.0926	488.0768	95.0000	484.7100	95.0000	488.8497	94.7685	490.8205	94.6991	
26/08/2017	02:48:07	011995	G523111292HLR	L523	S		443.4924	1.0400	0.0000	99.9274	39.7059	0.8230	1.1624	5.0000	21.1885	508.0398	94.8148	16.0890	25.2000	0.9300	0.9267	0.6633	-0.0002	508.0000	506.6058	1.0272	7.9639	99.7976	40.5711	0.8230	0.8264	5.0000	-9999.0000	-9999.0000	-9999.0000	-9999.0000	-9999.0000	-9999.0000	17.0897	5	0	25.4577	1.0000	11	3	-9999.0000	27886	55201	-9999	-9999	984	2130	335.0472	5	0.6599	0.6633	-0.0002	41.1858	1.4639	476.7859	516.0453	48.1713	482.2308	95.2083	476.8924	95.0231	479.5086	94.7917	482.7210	94.6991	
26/08/2017	02:48:57	011995	G523112825HLR	L523	S		454.4823	1.0400	0.0000	99.8586	39.6936	0.8230	1.1622	5.0000	22.1098	508.1153	94.9306	9.0688	25.0000	0.9300	0.9265	0.6649	-0.0004	508.0000	508.1830	1.0272	7.9479	99.8416	40.6420	0.8230	0.8271	5.0000	-9999.0000	-9999.0000	-9999.0000	-9999.0000	-9999.0000	-9999.0000	17.1093	7	0	25.1588	1.0000	11	3	-9999.0000	27887	55202	-9999	-9999	985	2132	336.2360	5	0.6597	0.6649	-0.0004	40.1973	1.5274	492.7513	508.2475	48.8426	495.3865	95.1157	492.0643	94.9537	495.3688	94.7454	498.1835	94.6991	
26/08/2017	02:49:47	011995	G523111315HLR	L523	S		446.9299	1.0400	0.0000	99.9095	39.7054	0.8230	1.1623	5.0000	21.6189	508.1169	94.8611	14.4797	25.1000	0.9300	0.9267	0.6658	-0.0004	508.0000	509.5228	1.0272	7.9342	99.7963	40.6095	0.8230	0.8275	5.0000	-9999.0000	-9999.0000	-9999.0000	-9999.0000	-9999.0000	-9999.0000	17.1894	1	0	25.1979	1.0000	11	3	-9999.0000	27888	55203	-9999	-9999	986	2134	335.1804	5	0.6598	0.6658	-0.0004	40.6054	1.4881	479.8080	479.2184	47.1296	483.7560	95.0463	479.1278	94.9537	482.3619	94.7917	484.7039	94.6991	
26/08/2017	02:50:41	011995	G523111310HLR	L523	S		446.6973	1.0400	0.0000	99.9439	39.6999	0.8230	1.1623	5.0000	21.5377	508.0273	94.8611	12.9993	25.1000	0.9300	0.9266	0.6656	-0.0004	508.0000	509.1216	1.0272	7.9383	100.0349	40.5892	0.8230	0.8260	5.0000	-9999.0000	-9999.0000	-9999.0000	-9999.0000	-9999.0000	-9999.0000	17.1375	3	0	28.4680	1.0000	11	3	-9999.0000	27889	55204	-9999	-9999	987	2136	335.4461	5	0.6601	0.6656	-0.0004	40.2920	1.4924	480.4342	494.8708	44.2824	484.4805	95.1852	479.6408	95.0463	485.7009	94.7917	487.6350	94.6759	
26/08/2017	02:51:31	011995	G523111317HLR	L523	S		443.0150	1.0400	0.0000	99.8476	39.7020	0.8230	1.1623	5.0000	21.7694	508.0469	94.8611	13.2795	25.1000	0.9300	0.9266	0.6657	-0.0004	508.0000	506.7353	1.0272	7.9626	99.7941	40.6422	0.8230	0.8271	5.0000	-9999.0000	-9999.0000	-9999.0000	-9999.0000	-9999.0000	-9999.0000	17.0957	5	0	25.2234	1.0000	11	3	-9999.0000	27890	55205	-9999	-9999	988	2139	335.3393	5	0.6600	0.6657	-0.0004	40.7763	1.4423	478.9368	486.5040	45.3472	483.0433	95.1852	478.2437	94.9769	481.8249	94.7685	485.0534	94.7222	
26/08/2017	02:52:21	011995	G523111528HLR	L523	S		441.0323	1.0400	0.0000	99.9357	39.7036	0.8230	1.1623	5.0000	21.5583	508.0689	94.8843	17.5186	25.1000	0.9300	0.9266	0.6660	-0.0005	508.0000	509.2539	1.0272	7.9370	99.9337	40.6065	0.8230	0.8275	5.0000	-9999.0000	-9999.0000	-9999.0000	-9999.0000	-9999.0000	-9999.0000	17.3289	7	0	25.7189	1.0000	11	3	-9999.0000	27891	55206	-9999	-9999	989	2142	334.2985	5	0.6600	0.6660	-0.0005	41.7724	1.3376	472.7619	487.5601	46.5509	476.7418	95.1852	472.3358	95.0231	474.8486	94.7917	478.4083	94.6759	
26/08/2017	02:53:11	011995	G523111512HLR	L523	S		447.1706	1.0400	0.0000	99.8707	39.6991	0.8230	1.1623	5.0000	21.5195	508.0626	94.8611	13.9192	25.1000	0.9300	0.9266	0.6648	-0.0003	508.0000	508.1134	1.0272	7.9486	99.7186	40.5869	0.8230	0.8259	5.0000	-9999.0000	-9999.0000	-9999.0000	-9999.0000	-9999.0000	-9999.0000	17.1588	1	0	25.2694	1.0000	11	3	-9999.0000	27892	55207	-9999	-9999	990	2145	335.3891	5	0.6604	0.6648	-0.0003	42.0626	1.3009	480.5829	491.2229	47.4306	484.2632	95.2083	480.1185	95.0231	483.1341	94.7454	485.9802	94.6759	
26/08/2017	02:54:04	011995	G523111513HLR	L523	S		445.3303	1.0400	0.0000	99.8375	39.6963	0.8230	1.1622	5.0000	21.8877	508.1203	94.8843	14.7492	25.1000	0.9300	0.9267	0.6681	-0.0007	508.0000	507.0473	1.0272	7.9594	99.8696	40.6353	0.8230	0.8276	5.0000	-9999.0000	-9999.0000	-9999.0000	-9999.0000	-9999.0000	-9999.0000	17.1496	3	0	25.3063	1.0000	11	3	-9999.0000	27893	55207	-9999	-9999	991	2148	334.4812	5	0.6600	0.6681	-0.0007	40.8333	1.4948	476.5684	473.9012	44.4444	479.9120	95.1620	475.7197	94.9537	479.0377	94.7454	482.0324	94.6991	
26/08/2017	02:54:56	011995	G523111506HLR	L523	S		444.5516	1.0400	0.0000	99.9254	39.7053	0.8230	1.1624	5.0000	21.2605	508.0503	94.8611	14.1692	25.1000	0.9300	0.9266	0.6672	-0.0005	508.0000	507.2387	1.0272	7.9575	100.0369	40.5853	0.8230	0.8271	5.0000	-9999.0000	-9999.0000	-9999.0000	-9999.0000	-9999.0000	-9999.0000	17.2987	5	0	28.0785	1.0000	11	3	-9999.0000	27894	55208	-9999	-9999	992	2150	335.0867	5	0.6599	0.6672	-0.0005	41.8914	1.4180	477.6871	512.1667	47.3148	482.4760	95.1852	477.0211	95.0000	481.7407	94.7917	484.3437	94.6991	
26/08/2017	02:55:46	011995	G523111309HLR	L523	S		447.5652	1.0400	0.0000	99.8052	39.6751	0.8230	1.1619	5.0000	24.4890	508.1102	94.8611	14.1994	25.1000	0.9300	0.9267	0.6666	-0.0005	508.0000	509.6534	1.0272	7.9329	99.9749	40.5952	0.8230	0.8257	5.0000	-9999.0000	-9999.0000	-9999.0000	-9999.0000	-9999.0000	-9999.0000	19.6491	7	0	25.3384	1.0000	11	3	-9999.0000	27895	55208	-9999	-9999	993	2153	335.3250	5	0.6600	0.6666	-0.0005	41.7929	1.4315	479.2622	500.8556	45.8796	483.5420	95.1620	478.6547	94.9074	482.5164	94.7454	485.6471	94.6759	
26/08/2017	02:56:37	011995	G523111507HLR	L523	S		440.8257	1.0400	0.0000	99.8855	39.7151	0.8230	1.1624	5.0000	21.3582	508.0647	94.8843	17.0694	25.1000	0.9300	0.9267	0.6661	-0.0004	508.0000	506.5107	1.0272	7.9649	99.7146	40.6265	0.8230	0.8276	5.0000	-9999.0000	-9999.0000	-9999.0000	-9999.0000	-9999.0000	-9999.0000	17.1191	1	0	25.6287	1.0000	11	3	-9999.0000	27896	55209	-9999	-9999	994	2156	334.6347	5	0.6599	0.6661	-0.0004	40.5077	1.5204	472.0405	493.7005	46.0648	478.8220	95.2778	471.9629	95.0463	474.5524	94.7685	477.6240	94.6759	
26/08/2017	02:57:29	011995	G523111485HLR	L523	S		447.0504	1.0400	0.0000	99.8975	39.7049	0.8230	1.1623	5.0000	21.2688	508.0631	94.8611	12.3402	25.1000	0.9300	0.9267	0.6660	-0.0005	508.0000	506.6124	1.0272	7.9639	99.8118	40.5707	0.8230	0.8263	5.0000	-9999.0000	-9999.0000	-9999.0000	-9999.0000	-9999.0000	-9999.0000	17.2775	3	0	26.6381	1.0000	11	3	-9999.0000	27897	55210	-9999	-9999	995	2159	335.5797	5	0.6596	0.6660	-0.0005	41.2095	1.4857	481.2574	514.6271	47.2454	485.5431	95.2315	480.9993	95.0463	485.3852	94.7685	488.4337	94.6759	
26/08/2017	02:58:23	011995	G523111487HLR	L523	S		443.5132	1.0400	0.0000	99.8491	39.6956	0.8230	1.1623	5.0000	21.5975	508.0332	94.8843	14.6291	25.2000	0.9300	0.9267	0.6654	-0.0004	508.0000	506.8182	1.0272	7.9618	99.8770	40.6349	0.8230	0.8269	5.0000	-9999.0000	-9999.0000	-9999.0000	-9999.0000	-9999.0000	-9999.0000	17.1581	5	0	29.0482	1.0000	11	3	-9999.0000	27898	55211	-9999	-9999	996	2162	335.0049	5	0.6596	0.6654	-0.0004	40.9055	1.5126	477.1678	463.8556	44.2130	481.6113	95.1620	476.7642	94.9306	480.3791	94.7685	483.4977	94.6759	
26/08/2017	02:59:14	011995	G523111491HLR	L523	S		444.2566	1.0400	0.0000	99.7741	39.6875	0.8230	1.1622	5.0000	22.4089	508.0854	94.8843	15.6593	25.2000	0.9300	0.9267	0.6685	-0.0006	508.0000	507.4862	1.0272	7.9550	99.7699	40.6336	0.8230	0.8277	5.0000	-9999.0000	-9999.0000	-9999.0000	-9999.0000	-9999.0000	-9999.0000	17.0688	7	0	26.0589	1.0000	11	3	-9999.0000	27899	55212	-9999	-9999	997	2165	334.8297	5	0.6596	0.6685	-0.0006	44.2413	1.2845	475.7936	480.0586	45.6481	479.1389	95.1852	475.5582	95.0463	478.0515	94.7685	481.2563	94.6759	
26/08/2017	03:00:11	011995	G523111510HLR	L523	S		443.6852	1.0400	0.0000	99.8903	39.7085	0.8230	1.1624	5.0000	21.4806	508.0346	94.9074	17.8584	25.2000	0.9300	0.9266	0.6691	-0.0006	508.0000	508.3465	1.0272	7.9462	99.8110	40.5738	0.8230	0.8264	5.0000	-9999.0000	-9999.0000	-9999.0000	-9999.0000	-9999.0000	-9999.0000	17.4802	1	0	30.8189	1.0000	11	3	-9999.0000	27900	55213	-9999	-9999	998	2168	334.2319	5	0.6599	0.6691	-0.0006	44.3843	1.2822	472.9606	476.1002	45.7407	478.5512	95.2546	472.3670	95.0463	474.4570	94.7454	477.2767	94.6759	
26/08/2017	03:01:07	011995	G523111511HLR	L523	S		445.6681	1.0400	0.0000	99.7875	39.6909	0.8230	1.1622	5.0000	22.2693	508.0521	94.8843	15.1086	25.1000	0.9300	0.9267	0.6739	-0.0009	508.0000	508.4596	1.0272	7.9451	99.8093	40.6000	0.8230	0.8260	5.0000	-9999.0000	-9999.0000	-9999.0000	-9999.0000	-9999.0000	-9999.0000	17.0496	3	0	32.0784	1.0000	11	3	-9999.0000	27901	55213	-9999	-9999	999	2170	335.1603	5	0.6600	0.6739	-0.0009	42.6683	1.3737	473.3524	482.0170	47.7778	477.1875	95.2546	472.8458	94.9769	477.3104	94.7222	479.7074	94.6759	
26/08/2017	03:02:01	011995	G523112757HLR	L523	S		437.1214	1.0400	0.0000	99.8401	39.6917	0.8230	1.1622	5.0000	22.8705	508.0531	95.0000	19.7987	25.1000	0.9300	0.9266	0.6722	-0.0008	508.0000	507.6401	1.0272	7.9534	99.7989	40.6333	0.8230	0.8268	5.0000	-9999.0000	-9999.0000	-9999.0000	-9999.0000	-9999.0000	-9999.0000	17.7086	5	0	29.0687	1.0000	11	1	-9999.0000	27902	55214	-9999	-9999	1000	2173	333.1923	5	0.6596	0.6722	-0.0008	44.5984	1.2202	466.1105	492.3204	44.7917	472.3209	95.3009	465.7165	95.0694	468.7574	94.7917	471.7962	94.6759	
26/08/2017	03:02:56	011995	G523112758HLR	L523	S		434.7608	1.0400	0.0000	99.9451	39.7093	0.8230	1.1623	5.0000	21.6189	508.0389	94.9306	21.1287	25.1000	0.9300	0.9267	0.6709	-0.0007	508.0000	507.9995	1.0272	7.9497	99.7595	40.6316	0.8230	0.8277	5.0000	-9999.0000	-9999.0000	-9999.0000	-9999.0000	-9999.0000	-9999.0000	17.3303	7	0	29.0642	1.0000	11	1	-9999.0000	27903	55215	-9999	-9999	1001	2176	332.9602	5	0.6599	0.6709	-0.0007	47.4268	1.0174	461.3835	458.1779	47.3843	466.9833	95.3704	460.9354	95.1852	465.1721	94.7454	467.9613	94.6296	
26/08/2017	03:03:53	011995	G523112746HLR	L523	S		436.8070	1.0400	0.0000	99.9286	39.7024	0.8230	1.1623	5.0000	21.4392	508.0646	94.9306	18.1289	25.1000	0.9300	0.9266	0.6717	-0.0008	508.0000	507.0615	1.0272	7.9593	99.8594	40.5947	0.8230	0.8272	5.0000	-9999.0000	-9999.0000	-9999.0000	-9999.0000	-9999.0000	-9999.0000	17.2282	1	0	32.1983	1.0000	11	1	-9999.0000	27904	55216	-9999	-9999	1002	2178	334.1515	5	0.6595	0.6717	-0.0008	43.7774	1.2762	466.2451	502.0980	47.5231	471.0043	95.3009	466.0661	95.0694	469.4247	94.7222	472.7509	94.6296	
26/08/2017	03:04:47	011995	G523112730HLR	L523	S		439.3983	1.0400	0.0000	99.8150	39.6822	0.8230	1.1621	5.0000	23.2086	508.0319	94.9074	18.1094	25.1000	0.9300	0.9267	0.6720	-0.0008	508.0000	505.8626	1.0272	7.9715	99.8020	40.5691	0.8230	0.8262	5.0000	-9999.0000	-9999.0000	-9999.0000	-9999.0000	-9999.0000	-9999.0000	17.0498	3	0	28.1044	1.0000	11	1	-9999.0000	27905	55217	-9999	-9999	1003	2181	334.1340	5	0.6591	0.6720	-0.0008	40.9329	1.4815	467.2591	504.1442	45.0463	470.9405	95.2315	466.8525	94.9306	470.7379	94.6991	474.4314	94.6759	
26/08/2017	03:05:39	011995	G523112740HLR	L523	S		431.4797	1.0400	0.0000	99.8120	39.7054	0.8230	1.1623	5.0000	21.7982	508.0961	94.9074	21.2186	25.1000	0.9300	0.9266	0.6715	-0.0007	508.0000	506.5762	1.0272	7.9642	99.8013	40.6167	0.8230	0.8266	5.0000	-9999.0000	-9999.0000	-9999.0000	-9999.0000	-9999.0000	-9999.0000	17.0982	5	0	27.3882	1.0000	11	1	-9999.0000	27906	55218	-9999	-9999	1004	2183	333.1740	5	0.6589	0.6715	-0.0007	39.7651	1.5592	459.3893	464.1560	46.7593	464.1200	95.2546	458.9635	95.0463	462.9857	94.7222	466.3828	94.6528	
26/08/2017	03:06:30	011995	G523111284HLR	L523	S		446.1510	1.0400	0.0000	99.7800	39.6888	0.8230	1.1621	5.0000	22.6283	508.0386	94.9074	17.0791	25.1000	0.9300	0.9267	0.6716	-0.0007	508.0000	511.7024	1.0272	7.9120	99.8329	40.6316	0.8230	0.8276	5.0000	-9999.0000	-9999.0000	-9999.0000	-9999.0000	-9999.0000	-9999.0000	17.2892	7	0	25.4287	1.0000	11	1	-9999.0000	27907	55219	-9999	-9999	1005	2186	334.8056	5	0.6591	0.6716	-0.0007	39.9921	1.5305	473.7681	496.8034	44.6065	477.6839	95.2315	473.1888	95.0463	476.9733	94.7222	479.5836	94.6528	
26/08/2017	03:07:22	011995	G523111282HLR	L523	S		443.2434	1.0400	0.0000	99.8228	39.6998	0.8230	1.1622	5.0000	21.8898	508.0625	94.8611	16.3888	25.1000	0.9300	0.9266	0.6700	-0.0006	508.0000	508.9423	1.0272	7.9401	99.7836	40.5670	0.8230	0.8264	5.0000	-9999.0000	-9999.0000	-9999.0000	-9999.0000	-9999.0000	-9999.0000	17.1184	1	0	26.5378	1.0000	11	1	-9999.0000	27907	55220	-9999	-9999	1006	2189	335.1095	5	0.6588	0.6700	-0.0006	38.1781	1.6533	472.3943	465.4758	46.8287	475.0088	95.1620	472.1918	94.8380	474.9209	94.6759	478.2951	94.6991	
26/08/2017	03:08:22	011995	G523112744HLR	L523	S		446.8678	1.0400	0.0000	99.7855	39.6912	0.8230	1.1621	5.0000	22.5095	508.0803	94.8611	13.0999	25.1000	0.9300	0.9266	0.6685	-0.0006	508.0000	508.5578	1.0272	7.9440	99.7277	40.6310	0.8230	0.8266	5.0000	-9999.0000	-9999.0000	-9999.0000	-9999.0000	-9999.0000	-9999.0000	17.4380	3	0	34.8780	1.0000	11	1	-9999.0000	27908	55221	-9999	-9999	1007	2192	335.9212	5	0.6581	0.6685	-0.0006	35.7945	1.7762	478.6545	509.9108	46.2500	482.8144	95.1157	478.1897	94.8843	482.1880	94.6991	484.8282	94.6991	
26/08/2017	03:09:12	011995	G523112734HLR	L523	S		442.9304	1.0400	0.0000	99.7893	39.6964	0.8230	1.1622	5.0000	22.2030	508.0508	94.8843	15.5490	25.1000	0.9300	0.9267	0.6662	-0.0005	508.0000	508.4477	1.0272	7.9452	99.7525	40.6325	0.8230	0.8268	5.0000	-9999.0000	-9999.0000	-9999.0000	-9999.0000	-9999.0000	-9999.0000	17.4194	5	0	25.1959	1.0000	11	1	-9999.0000	27909	55222	-9999	-9999	1008	2195	334.8953	5	0.6578	0.6662	-0.0005	34.1135	1.8654	475.0649	468.2747	48.0556	479.3673	95.2083	474.4644	94.9537	477.9244	94.7454	480.7195	94.6991	
26/08/2017	03:10:02	011995	G523112766HLR	L523	S		431.4537	1.0400	0.0000	99.8869	39.6934	0.8230	1.1623	5.0000	22.0582	508.0613	94.8611	23.7282	25.2000	0.9300	0.9266	0.6665	-0.0005	508.0000	508.0258	1.0272	7.9495	99.7658	40.6038	0.8230	0.8275	5.0000	-9999.0000	-9999.0000	-9999.0000	-9999.0000	-9999.0000	-9999.0000	17.1186	7	0	25.1892	1.0000	11	1	-9999.0000	27910	55223	-9999	-9999	1009	2198	332.9783	5	0.6579	0.6665	-0.0005	38.7479	1.6234	460.0883	504.7755	44.5370	465.3546	95.3009	459.5294	94.9769	465.1675	94.7454	467.0354	94.6759	
26/08/2017	03:10:52	011995	G523112827HLR	L523	S		445.9971	1.0400	0.0000	99.8458	39.6864	0.8230	1.1622	5.0000	21.9791	508.0546	94.8843	13.8791	25.1000	0.9300	0.9266	0.6660	-0.0004	508.0000	509.8947	1.0272	7.9304	99.8541	40.6000	0.8230	0.8262	5.0000	-9999.0000	-9999.0000	-9999.0000	-9999.0000	-9999.0000	-9999.0000	17.3290	1	0	25.3494	1.0000	11	1	-9999.0000	27911	55224	-9999	-9999	1010	2201	335.2775	5	0.6580	0.6660	-0.0004	39.9753	1.5790	479.9299	505.8571	48.1713	483.6395	95.2546	479.3869	95.0000	483.0516	94.6759	485.7393	94.6528	
26/08/2017	03:11:47	011995	G523112828HLR	L523	S		447.1498	1.0400	0.0000	99.9140	39.7033	0.8230	1.1623	5.0000	21.7390	508.0375	94.8611	12.7093	25.2000	0.9300	0.9267	0.6661	-0.0005	508.0000	506.5254	1.0272	7.9647	99.8936	40.6332	0.8230	0.8277	5.0000	-9999.0000	-9999.0000	-9999.0000	-9999.0000	-9999.0000	-9999.0000	17.2683	3	0	30.5989	1.0000	11	1	-9999.0000	27912	55225	-9999	-9999	1011	2204	335.5251	5	0.6576	0.6661	-0.0005	41.9931	1.4708	481.7368	500.5969	46.2963	486.6653	95.1852	481.4148	94.9537	484.4125	94.7454	488.5255	94.6759	
26/08/2017	03:12:37	011995	G523112829HLR	L523	S		448.4508	1.0400	0.0000	99.7736	39.7018	0.8230	1.1622	5.0000	21.8386	508.0520	94.9074	10.9096	25.1000	0.9300	0.9266	0.6640	-0.0003	508.0000	507.3339	1.0272	7.9565	99.8455	40.5828	0.8230	0.8273	5.0000	-9999.0000	-9999.0000	-9999.0000	-9999.0000	-9999.0000	-9999.0000	17.3260	5	0	25.2592	1.0000	11	1	-9999.0000	27913	55226	-9999	-9999	1012	2207	335.4756	5	0.6578	0.6640	-0.0003	42.8400	1.4364	486.1076	458.7681	45.3472	490.4580	95.1157	486.0453	94.9306	490.0296	94.7454	492.9047	94.6991	
26/08/2017	03:13:31	011995	G523112830HLR	L523	S		442.1296	1.0400	0.0000	99.8552	39.6999	0.8230	1.1623	5.0000	21.9392	508.0486	94.9537	19.5087	25.2000	0.9300	0.9267	0.6656	-0.0004	508.0000	510.1797	1.0272	7.9275	99.8142	40.6167	0.8230	0.8263	5.0000	-9999.0000	-9999.0000	-9999.0000	-9999.0000	-9999.0000	-9999.0000	17.0754	7	0	29.0982	1.0000	11	1	-9999.0000	27914	55227	-9999	-9999	1013	2210	334.2249	5	0.6585	0.6656	-0.0004	41.5411	1.5010	471.9139	487.9167	45.2546	477.8247	95.1620	471.2821	94.9306	474.7944	94.7454	476.4407	94.7222	
26/08/2017	03:14:28	011995	G523112864HLR	L523	S		447.7383	1.0400	0.0000	99.8566	39.7054	0.8230	1.1623	5.0000	21.4956	508.0286	94.8843	13.9191	25.1000	0.9300	0.9266	0.6657	-0.0004	508.0000	509.3927	1.0272	7.9355	99.8312	40.6420	0.8230	0.8274	5.0000	-9999.0000	-9999.0000	-9999.0000	-9999.0000	-9999.0000	-9999.0000	17.5687	1	0	31.5879	1.0000	11	1	-9999.0000	27915	55228	-9999	-9999	1014	2213	335.3199	5	0.6587	0.6657	-0.0004	42.5609	1.4346	479.7752	511.4734	45.8796	483.8587	95.2083	478.8947	94.9306	483.6117	94.6991	485.4516	94.6759	
26/08/2017	03:15:18	011995	G523111517HLR	L523	S		434.2430	1.0400	0.0000	99.8719	39.7033	0.8230	1.1624	5.0000	21.4090	508.1009	94.9306	18.1396	25.1000	0.9300	0.9266	0.6662	-0.0005	508.0000	509.9043	1.0272	7.9303	99.7602	40.6342	0.8230	0.8276	5.0000	-9999.0000	-9999.0000	-9999.0000	-9999.0000	-9999.0000	-9999.0000	17.2445	3	0	25.8588	1.0000	11	1	-9999.0000	27916	55228	-9999	-9999	1015	2216	334.1056	5	0.6582	0.6662	-0.0005	42.9243	1.4111	472.6161	491.1177	47.9861	478.8524	95.2315	472.4155	94.9074	475.6764	94.7222	478.7446	94.6991	
26/08/2017	03:16:08	011995	G523111308HLR	L523	S		433.2079	1.0400	0.0000	99.8227	39.6808	0.8230	1.1621	5.0000	22.9294	508.0803	94.9306	20.5281	25.1000	0.9300	0.9267	0.6670	-0.0006	508.0000	505.0026	1.0272	7.9803	99.8007	40.5683	0.8230	0.8265	5.0000	-9999.0000	-9999.0000	-9999.0000	-9999.0000	-9999.0000	-9999.0000	17.1983	5	0	25.2983	1.0000	11	1	-9999.0000	27917	55229	-9999	-9999	1016	2219	333.1605	5	0.6582	0.6670	-0.0006	43.7855	1.3354	462.7462	513.4998	46.2037	468.7939	95.2546	462.1815	94.8611	466.6066	94.6759	471.0093	94.7222	
26/08/2017	03:17:03	011995	G523111318HLR	L523	S		445.9991	1.0400	0.0000	99.8267	39.7059	0.8230	1.1623	5.0000	21.3191	508.0221	94.9074	14.8986	25.1000	0.9300	0.9267	0.6671	-0.0006	508.0000	509.0827	1.0272	7.9387	99.9143	40.6435	0.8230	0.8271	5.0000	-9999.0000	-9999.0000	-9999.0000	-9999.0000	-9999.0000	-9999.0000	17.1153	7	0	25.4087	1.0000	11	1	-9999.0000	27918	55230	-9999	-9999	1017	2222	334.6904	5	0.6583	0.6671	-0.0006	43.6241	1.3543	475.8963	464.3107	45.9259	481.2888	95.3704	475.7334	95.0463	478.6545	94.7222	482.1608	94.6759	
26/08/2017	03:17:53	011995	G523111297HLR	L523	S		449.6508	1.0400	0.0000	99.7302	39.6970	0.8230	1.1622	5.0000	22.0487	508.0405	94.8843	11.8489	25.1000	0.9300	0.9267	0.6658	-0.0005	508.0000	507.3137	1.0272	7.9567	99.8349	40.6424	0.8230	0.8274	5.0000	-9999.0000	-9999.0000	-9999.0000	-9999.0000	-9999.0000	-9999.0000	19.1870	1	0	25.2887	1.0000	11	1	-9999.0000	27919	55231	-9999	-9999	1018	2225	335.5277	5	0.6584	0.6658	-0.0005	43.3975	1.3764	482.1527	475.3948	47.4306	486.4808	95.1852	481.6140	94.8611	485.2959	94.6991	489.4908	94.6991	
26/08/2017	03:18:47	011995	G523111324HLR	L523	S		-9.9628	1.0400	0.0000	99.9968	39.5570	0.8230	1.1631	5.0000	25.6746	0.0000	0.0000	0.0000	0.0000	0.9300	0.0000	0.0000	0.0000	0.0000	0.6423	1.0272	0.0111	99.7941	40.5421	0.8230	0.8246	5.0000	-9999.0000	-9999.0000	-9999.0000	-9999.0000	-9999.0000	-9999.0000	17.2742	3	18	29.0081	1.0000	11	1	-9999.0000	27920	0	-9999	-9999	1019	2228	0.0000	0	0.0000	0.0000	0.0000	0.0000	0.0000	0.0000	0.0000	0.0000	0.0000	0.0000	0.0000	0.0000	0.0000	0.0000	0.0000	0.0000	
26/08/2017	03:19:38	011995	G523111505HLR	L523	S		449.2470	1.0400	0.0000	99.8618	39.6514	0.8230	1.1624	5.0000	21.7980	508.0856	94.8843	12.3792	25.2000	0.9300	0.9268	0.6658	-0.0005	508.0000	508.7327	1.0272	7.9423	99.7670	40.5948	0.8230	0.8275	5.0000	-9999.0000	-9999.0000	-9999.0000	-9999.0000	-9999.0000	-9999.0000	17.1090	5	0	26.6786	1.0000	11	1	-9999.0000	27921	55232	-9999	-9999	1020	2231	335.3999	5	0.6584	0.6658	-0.0005	42.0109	1.4293	480.6001	482.9266	46.7824	487.2454	95.0463	480.3475	94.8148	484.7370	94.7222	487.8404	94.7222	
26/08/2017	03:20:37	011995	G523111322HLR	L523	S		438.8149	1.0400	0.0000	99.8308	39.6854	0.8230	1.1624	5.0000	22.1393	508.0249	94.9074	18.0391	25.1000	0.9300	0.9267	0.6658	-0.0005	508.0000	505.2433	1.0272	7.9778	99.7649	40.5833	0.8230	0.8260	5.0000	-9999.0000	-9999.0000	-9999.0000	-9999.0000	-9999.0000	-9999.0000	17.2691	7	0	34.6476	1.0000	11	1	-9999.0000	27922	55233	-9999	-9999	1021	2234	333.9689	5	0.6584	0.6658	-0.0005	42.0109	1.4293	470.9130	491.6798	47.6389	475.2750	95.3241	470.5580	95.0694	473.6410	94.8148	475.6986	94.6991	
26/08/2017	03:21:28	011995	G523111321HLR	L523	S		439.9259	1.0400	0.0000	99.9150	39.6982	0.8230	1.1623	5.0000	21.7166	508.0489	94.8611	15.6896	25.1000	0.9300	0.9266	0.6700	-0.0008	508.0000	505.8828	1.0272	7.9713	99.8177	40.6167	0.8230	0.8265	5.0000	-9999.0000	-9999.0000	-9999.0000	-9999.0000	-9999.0000	-9999.0000	17.3089	1	0	26.1687	1.0000	11	1	-9999.0000	27923	55234	-9999	-9999	1022	2236	334.0397	5	0.6588	0.6700	-0.0008	42.9532	1.3573	471.5037	500.1994	47.6852	476.1424	95.3009	470.8611	95.0463	475.8210	94.7685	478.5892	94.6759	
26/08/2017	03:22:17	011995	G523111327HLR	L523	S		431.7257	1.0400	0.0000	99.8384	39.6997	0.8230	1.1624	5.0000	21.3797	508.1156	94.8611	23.5593	25.2000	0.9300	0.9267	0.6655	-0.0004	508.0000	505.3361	1.0272	7.9769	99.8438	40.6264	0.8230	0.8278	5.0000	-9999.0000	-9999.0000	-9999.0000	-9999.0000	-9999.0000	-9999.0000	17.3880	3	0	25.1695	1.0000	11	1	-9999.0000	27924	55234	-9999	-9999	1023	2239	333.1574	5	0.6591	0.6655	-0.0004	42.9034	1.3362	460.4289	462.6302	47.5926	466.5216	95.3704	459.6818	95.0694	464.0607	94.7685	466.0190	94.6991	
26/08/2017	03:23:09	011995	G523111319HLR	L523	S		437.4968	1.0400	0.0000	99.8644	39.6888	0.8230	1.1623	5.0000	21.3188	508.0488	94.9074	15.1085	25.1000	0.9300	0.9266	0.6644	-0.0004	508.0000	505.7941	1.0272	7.9722	99.7094	40.5833	0.8230	0.8260	5.0000	-9999.0000	-9999.0000	-9999.0000	-9999.0000	-9999.0000	-9999.0000	17.1383	5	0	25.2190	1.0000	11	1	-9999.0000	27924	55235	-9999	-9999	1024	2242	334.9410	5	0.6589	0.6644	-0.0004	43.1606	1.3404	477.0626	498.0502	46.5741	482.2641	95.4167	476.9657	95.0694	479.4652	94.7222	482.8271	94.6528	
26/08/2017	03:23:59	011995	G523111500HLR	L523	S		447.2983	1.0400	0.0000	99.8551	39.6944	0.8230	1.1623	5.0000	21.5282	508.0696	94.8843	13.3596	25.2000	0.9300	0.9267	0.6609	-0.0001	508.0000	508.0206	1.0272	7.9495	99.7682	40.6457	0.8230	0.8273	5.0000	-9999.0000	-9999.0000	-9999.0000	-9999.0000	-9999.0000	-9999.0000	17.4991	7	0	25.2888	1.0000	11	1	-9999.0000	27925	55236	-9999	-9999	1025	2245	334.9801	5	0.6587	0.6609	-0.0001	43.0818	1.3273	483.9143	483.6040	46.4120	486.7944	95.2778	483.5498	94.9537	485.7378	94.7454	488.8127	94.6759	
26/08/2017	03:24:51	011995	G523111520HLR	L523	S		450.6581	1.0400	0.0000	99.7506	39.6844	0.8230	1.1621	5.0000	23.2492	508.0223	94.9074	11.0502	25.1000	0.9300	0.9267	0.6607	-0.0001	508.0000	507.1903	1.0272	7.9580	99.9630	40.5878	0.8230	0.8271	5.0000	-9999.0000	-9999.0000	-9999.0000	-9999.0000	-9999.0000	-9999.0000	17.2566	1	0	25.2081	1.0000	11	1	-9999.0000	27926	55237	-9999	-9999	1026	2248	335.2725	5	0.6594	0.6607	-0.0001	43.3923	1.3453	486.5588	497.8949	45.6019	490.0766	95.2315	485.9482	94.9074	490.1919	94.7454	493.4928	94.7222	
26/08/2017	03:25:42	011995	G523111522HLR	L523	S		450.6190	1.0400	0.0000	99.7919	39.7134	0.8230	1.1623	5.0000	22.0966	508.0457	94.8843	11.5697	25.1000	0.9300	0.9267	0.6610	-0.0001	508.0000	508.7932	1.0272	7.9417	99.7249	40.6053	0.8230	0.8260	5.0000	-9999.0000	-9999.0000	-9999.0000	-9999.0000	-9999.0000	-9999.0000	17.4257	3	0	26.9293	1.0000	11	1	-9999.0000	27926	55238	-9999	-9999	1027	2251	335.3954	5	0.6595	0.6610	-0.0001	43.2424	1.3504	485.9331	465.1110	46.2269	491.6391	95.2083	485.4113	95.0000	489.9963	94.7917	492.1467	94.6991	
26/08/2017	03:26:32	011995	G523111523HLR	L523	S		449.8579	1.0400	0.0000	99.8257	39.7101	0.8230	1.1623	5.0000	21.7362	508.0603	94.8611	12.3890	25.1000	0.9300	0.9267	0.6613	-0.0001	508.0000	510.1313	1.0272	7.9280	99.8116	40.6386	0.8230	0.8277	5.0000	-9999.0000	-9999.0000	-9999.0000	-9999.0000	-9999.0000	-9999.0000	17.3080	5	0	25.2198	1.0000	11	1	-9999.0000	27926	55239	-9999	-9999	1028	2253	335.5727	5	0.6601	0.6613	-0.0001	42.0263	1.4038	485.4837	467.9651	47.1528	488.6922	95.2083	485.3821	94.9537	489.6959	94.7685	492.0251	94.7222	
26/08/2017	03:27:22	011995	G523111526HLR	L523	S		442.1696	1.0400	0.0000	99.8095	39.7086	0.8230	1.1623	5.0000	21.2791	508.0327	94.8611	15.8595	25.1000	0.9300	0.9267	0.6606	-0.0000	508.0000	508.3852	1.0272	7.9458	99.7847	40.5704	0.8230	0.8262	5.0000	-9999.0000	-9999.0000	-9999.0000	-9999.0000	-9999.0000	-9999.0000	17.2391	7	0	25.5483	1.0000	11	1	-9999.0000	27926	55239	-9999	-9999	1029	2256	335.3531	5	0.6600	0.6606	-0.0000	42.5876	1.3424	478.7821	486.3929	45.0694	482.6703	95.3009	478.2424	95.0463	482.3107	94.7917	484.5327	94.7222	
26/08/2017	03:28:15	011995	G523111497HLR	L523	S		433.3055	1.0400	0.0000	99.7947	39.6971	0.8230	1.1623	5.0000	21.8184	508.0720	94.8380	12.4593	25.1000	0.9300	0.9265	0.6600	0.0000	508.0000	509.3623	1.0272	7.9359	99.8123	40.6432	0.8230	0.8271	5.0000	-9999.0000	-9999.0000	-9999.0000	-9999.0000	-9999.0000	-9999.0000	17.1540	1	0	28.3785	1.0000	11	1	-9999.0000	27927	55240	-9999	-9999	1030	2259	335.4207	5	0.6601	0.6600	0.0000	42.8986	1.3345	484.8089	494.0457	47.1991	490.6703	95.2546	484.6914	94.9537	487.4565	94.7454	490.1771	94.6991	
26/08/2017	03:29:07	011995	G523111495HLR	L523	S		449.6573	1.0400	0.0000	99.8316	39.7151	0.8230	1.1624	5.0000	21.1093	508.0635	94.9074	14.5793	25.2000	0.9300	0.9268	0.6594	0.0000	508.0000	510.9181	1.0272	7.9200	99.6854	40.6185	0.8230	0.8276	5.0000	-9999.0000	-9999.0000	-9999.0000	-9999.0000	-9999.0000	-9999.0000	17.2481	3	0	25.2595	1.0000	11	1	-9999.0000	27928	55240	-9999	-9999	1031	2262	335.3020	5	0.6599	0.6594	0.0000	43.3304	1.3377	483.0280	472.2806	44.8148	488.3585	95.2546	482.4863	94.8843	486.1521	94.7685	488.2942	94.7222	
26/08/2017	03:29:57	011995	G523111489HLR	L523	S		449.2054	1.0400	0.0000	99.7486	39.6972	0.8230	1.1622	5.0000	22.1768	508.0674	94.8611	12.2786	25.1000	0.9300	0.9266	0.6591	0.0000	508.0000	508.4178	1.0272	7.9455	99.7930	40.5634	0.8230	0.8262	5.0000	-9999.0000	-9999.0000	-9999.0000	-9999.0000	-9999.0000	-9999.0000	17.1687	5	0	25.1587	1.0000	11	1	-9999.0000	27929	55241	-9999	-9999	1032	2265	335.2166	5	0.6598	0.6591	0.0000	43.7800	1.3260	484.0364	471.9711	44.9306	486.9831	95.2546	483.3129	94.9537	487.4202	94.7222	490.6672	94.6991	
26/08/2017	03:30:47	011995	G523111483HLR	L523	S		448.9990	1.0400	0.0000	99.7188	39.6840	0.8230	1.1619	5.0000	23.9890	508.0805	94.8380	12.8802	25.1000	0.9300	0.9267	0.6592	0.0000	508.0000	510.0255	1.0272	7.9291	99.7821	40.6410	0.8230	0.8272	5.0000	-9999.0000	-9999.0000	-9999.0000	-9999.0000	-9999.0000	-9999.0000	17.0510	7	0	25.1686	1.0000	11	1	-9999.0000	27930	55241	-9999	-9999	1033	2268	335.0772	5	0.6594	0.6592	0.0000	42.7003	1.3963	485.0150	495.6551	45.5324	489.5187	95.2546	484.5413	94.9306	488.7301	94.7685	491.2902	94.7222	
26/08/2017	03:31:38	011995	G523111446HLR	L523	S		449.6212	1.0400	0.0000	99.7458	39.7193	0.8230	1.1623	5.0000	21.6083	508.0556	94.8380	12.3587	25.1000	0.9300	0.9266	0.6591	0.0000	508.0000	508.6217	1.0272	7.9434	99.7949	40.5926	0.8230	0.8273	5.0000	-9999.0000	-9999.0000	-9999.0000	-9999.0000	-9999.0000	-9999.0000	17.2293	1	0	25.2388	1.0000	11	1	-9999.0000	27931	55242	-9999	-9999	1034	2271	334.9820	5	0.6593	0.6591	0.0000	42.8045	1.3547	485.9432	472.4573	47.0139	489.8134	95.2778	485.2975	95.0000	488.0166	94.7685	491.1042	94.7222	
26/08/2017	03:32:30	011995	G523111474HLR	L523	S		450.3856	1.0400	0.0000	99.8021	39.7087	0.8230	1.1622	5.0000	21.9004	508.0307	94.9074	11.3695	25.0000	0.9300	0.9267	0.6586	0.0000	508.0000	507.4911	1.0272	7.9549	99.7300	40.6000	0.8230	0.8260	5.0000	-9999.0000	-9999.0000	-9999.0000	-9999.0000	-9999.0000	-9999.0000	17.3784	3	0	25.2388	1.0000	11	1	-9999.0000	27932	55243	-9999	-9999	1035	2274	334.8053	5	0.6591	0.6586	0.0000	37.2655	1.7908	487.3427	491.1197	45.6481	490.8859	95.2315	486.8877	94.8843	490.3152	94.7454	493.3007	94.7222	
26/08/2017	03:33:20	011995	G523111476HLR	L523	S		446.6619	1.0400	0.0000	99.7322	39.6989	0.8230	1.1621	5.0000	22.5280	508.0202	94.8611	13.7385	25.1000	0.9300	0.9267	0.6644	-0.0004	508.0000	509.6892	1.0272	7.9325	99.7413	40.6383	0.8230	0.8275	5.0000	-9999.0000	-9999.0000	-9999.0000	-9999.0000	-9999.0000	-9999.0000	17.4191	5	0	25.2085	1.0000	11	1	-9999.0000	27933	55244	-9999	-9999	1036	2276	334.4105	5	0.6587	0.6644	-0.0004	37.3218	1.7814	478.4330	473.9540	46.6204	482.5166	95.2546	478.0776	95.0000	482.1736	94.7685	484.8518	94.7222	
26/08/2017	03:34:13	011995	G523111479HLR	L523	S		450.6798	1.0400	0.0000	99.7751	39.6914	0.8230	1.1619	5.0000	24.2151	508.0432	94.8611	11.9095	25.1000	0.9300	0.9267	0.6743	-0.0013	508.0000	509.1301	1.0272	7.9382	99.7997	40.5740	0.8230	0.8268	5.0000	-9999.0000	-9999.0000	-9999.0000	-9999.0000	-9999.0000	-9999.0000	17.0887	7	0	25.2595	1.0000	11	1	-9999.0000	27934	55245	-9999	-9999	1037	2279	334.9140	5	0.6588	0.6743	-0.0013	34.7638	1.9974	479.8927	511.6446	46.8056	483.1852	95.3241	479.2261	95.0694	483.0158	94.7917	486.7952	94.7454	
26/08/2017	03:35:04	011995	G523111117HLR	L523	S		448.1085	1.0400	0.0000	99.8432	39.7220	0.8230	1.1623	5.0000	21.5192	508.0650	94.8148	12.6097	25.2000	0.9300	0.9267	0.6735	-0.0012	508.0000	508.1237	1.0272	7.9485	99.8258	40.6167	0.8230	0.8263	5.0000	-9999.0000	-9999.0000	-9999.0000	-9999.0000	-9999.0000	-9999.0000	17.5085	1	0	25.2121	1.0000	11	1	-9999.0000	27934	55246	-9999	-9999	1038	2282	334.3967	5	0.6583	0.6735	-0.0012	36.1081	1.8946	477.2626	437.1372	45.3704	479.5678	95.3241	476.4997	95.0000	480.8162	94.7685	484.4067	94.6991	
26/08/2017	03:35:55	011995	G523111463HLR	L523	S		450.1128	1.0400	0.0000	99.8569	39.6883	0.8230	1.1619	5.0000	24.5379	508.0042	94.9074	10.9398	25.2000	0.9300	0.9267	0.6724	-0.0011	508.0000	507.7536	1.0272	7.9522	99.7769	40.6304	0.8230	0.8276	5.0000	-9999.0000	-9999.0000	-9999.0000	-9999.0000	-9999.0000	-9999.0000	17.3870	3	0	25.3046	1.0000	11	1	-9999.0000	27935	55247	-9999	-9999	1039	2285	335.2198	5	0.6581	0.6724	-0.0011	34.6887	2.0077	480.8651	454.6119	43.7500	485.7884	95.2083	480.3184	94.8611	485.2621	94.7454	488.8983	94.7222	
26/08/2017	03:36:49	011995	G523111434HLR	L523	S		448.6578	1.0400	0.0000	99.7547	39.7197	0.8230	1.1621	5.0000	22.6383	508.0278	94.8611	11.8197	25.1000	0.9300	0.9267	0.6728	-0.0012	508.0000	506.6220	1.0272	7.9638	99.7522	40.5707	0.8230	0.8263	5.0000	-9999.0000	-9999.0000	-9999.0000	-9999.0000	-9999.0000	-9999.0000	17.3119	5	0	25.2691	1.0000	11	1	-9999.0000	27936	55248	-9999	-9999	1040	2288	334.7974	5	0.6581	0.6728	-0.0012	34.0943	2.0489	478.2829	471.2835	47.0602	480.0195	95.1620	477.5846	94.7685	480.9065	94.7454	485.5009	94.7685	
26/08/2017	03:37:40	011995	G523111450HLR	L523	S		449.0118	1.0400	0.0000	99.7583	39.7108	0.8230	1.1621	5.0000	22.6162	508.0286	94.8380	11.6693	25.1000	0.9300	0.9266	0.6734	-0.0012	508.0000	507.8713	1.0272	7.9510	99.7141	40.6167	0.8230	0.8264	5.0000	-9999.0000	-9999.0000	-9999.0000	-9999.0000	-9999.0000	-9999.0000	17.0597	7	0	25.1883	1.0000	11	1	-9999.0000	27937	55249	-9999	-9999	1041	2291	334.9193	5	0.6582	0.6734	-0.0012	32.7139	2.1756	478.3537	465.6743	44.7917	481.4183	95.3009	477.8879	94.9074	481.8472	94.7685	486.2179	94.7222	
26/08/2017	03:38:31	011995	G523111442HLR	L523	S		447.8780	1.0400	0.0000	99.8716	39.6867	0.8230	1.1617	5.0000	25.7488	508.0649	94.8611	11.5794	25.1000	0.9300	0.9267	0.6744	-0.0013	508.0000	507.1706	1.0272	7.9582	99.8245	40.6319	0.8230	0.8277	5.0000	-9999.0000	-9999.0000	-9999.0000	-9999.0000	-9999.0000	-9999.0000	17.1916	1	0	25.2877	1.0000	11	1	-9999.0000	27938	55250	-9999	-9999	1042	2293	335.1070	5	0.6584	0.6744	-0.0013	27.9498	2.5495	477.7883	464.2956	46.9907	479.6409	95.1157	477.2163	94.7685	480.8699	94.7222	486.1589	94.7454	
26/08/2017	03:39:25	011995	G523111452HLR	L523	S		449.3347	1.0400	0.0000	99.7280	39.7331	0.8230	1.1620	5.0000	23.2292	508.0609	94.8380	11.8392	25.1000	0.9300	0.9267	0.6767	-0.0015	508.0000	508.5903	1.0272	7.9437	99.7261	40.5710	0.8230	0.8261	5.0000	-9999.0000	-9999.0000	-9999.0000	-9999.0000	-9999.0000	-9999.0000	17.1794	3	0	26.7690	1.0000	11	1	-9999.0000	27939	55251	-9999	-9999	1043	2296	334.8946	5	0.6587	0.6767	-0.0015	33.0332	2.1508	476.9816	466.1223	47.6852	480.5025	95.2778	476.2160	94.9306	481.0647	94.7685	485.9341	94.7454	
26/08/2017	03:40:16	011995	G523111456HLR	L523	S		449.1698	1.0400	0.0000	99.7794	39.7304	0.8230	1.1621	5.0000	22.2723	508.0611	94.8380	11.6693	25.1000	0.9300	0.9266	0.6784	-0.0016	508.0000	508.7436	1.0272	7.9422	99.7162	40.6167	0.8230	0.8265	5.0000	-9999.0000	-9999.0000	-9999.0000	-9999.0000	-9999.0000	-9999.0000	17.2294	5	0	25.3344	1.0000	11	1	-9999.0000	27940	55252	-9999	-9999	1044	2299	335.0968	5	0.6589	0.6784	-0.0016	35.4323	1.9690	477.5758	482.9104	45.7639	479.8505	95.1852	476.9075	94.8380	480.5234	94.7454	485.6402	94.7454	
26/08/2017	03:41:07	011995	G523111115HLR	L523	S		443.9086	1.0400	0.0000	99.8328	39.6971	0.8230	1.1619	5.0000	24.4790	508.0117	94.8611	15.8400	25.1000	0.9300	0.9267	0.6763	-0.0015	508.0000	505.7114	1.0272	7.9730	99.9054	40.6271	0.8230	0.8277	5.0000	-9999.0000	-9999.0000	-9999.0000	-9999.0000	-9999.0000	-9999.0000	17.4170	7	0	25.2984	1.0000	11	1	-9999.0000	27941	55253	-9999	-9999	1045	2302	331.8304	5	0.6590	0.6763	-0.0015	36.2159	1.9062	471.4223	448.9817	45.1389	474.5190	95.2083	470.7649	94.8148	475.9939	94.7454	478.5201	94.7685	
26/08/2017	03:41:58	011995	G523111098HLR	L523	S		451.2970	1.0400	0.0000	99.7961	39.7336	0.8230	1.1622	5.0000	22.2192	508.0753	94.8843	11.4603	25.1000	0.9300	0.9267	0.6766	-0.0015	508.0000	507.8335	1.0272	7.9514	99.8149	40.5697	0.8230	0.8263	5.0000	-9999.0000	-9999.0000	-9999.0000	-9999.0000	-9999.0000	-9999.0000	17.3804	1	0	25.2512	1.0000	11	1	-9999.0000	27941	55254	-9999	-9999	1046	2305	335.1695	5	0.6590	0.6766	-0.0015	36.2116	1.9233	477.5367	495.2264	48.2407	480.7911	95.3704	477.1510	94.8843	481.7537	94.7222	486.2160	94.7222	
26/08/2017	03:42:51	011995	G523111119HLR	L523	S		449.6186	1.0400	0.0000	99.7228	39.7053	0.8230	1.1619	5.0000	23.7022	508.0260	94.8843	13.4299	25.1000	0.9300	0.9267	0.6704	-0.0010	508.0000	509.9880	1.0272	7.9295	99.8082	40.6371	0.8230	0.8270	5.0000	-9999.0000	-9999.0000	-9999.0000	-9999.0000	-9999.0000	-9999.0000	17.1786	3	0	25.1326	1.0000	11	1	-9999.0000	27942	55255	-9999	-9999	1047	2308	334.1090	5	0.6587	0.6704	-0.0010	47.7977	0.9498	478.5921	483.0327	45.4861	482.8782	95.3241	478.3520	94.9769	482.2243	94.7917	484.9796	94.7685	
26/08/2017	03:43:48	011995	G523111430HLR	L523	S		448.7734	1.0400	0.0000	99.7397	39.7178	0.8230	1.1621	5.0000	22.7789	508.0126	94.8380	11.6595	25.1000	0.9300	0.9267	0.6693	-0.0008	508.0000	508.2085	1.0272	7.9476	99.7957	40.6236	0.8230	0.8277	5.0000	-9999.0000	-9999.0000	-9999.0000	-9999.0000	-9999.0000	-9999.0000	17.1286	5	0	31.8526	1.0000	11	1	-9999.0000	27943	55256	-9999	-9999	1048	2311	335.0144	5	0.6591	0.6693	-0.0008	48.9172	0.8300	480.6649	481.9038	47.4537	483.6787	95.3241	479.9311	94.9074	484.1699	94.7454	488.1017	94.7685	
26/08/2017	03:44:38	011995	G523111438HLR	L523	S		450.2174	1.0400	0.0000	99.8649	39.7014	0.8230	1.1619	5.0000	24.4477	508.0685	94.8843	11.2797	25.1000	0.9300	0.9268	0.6718	-0.0011	508.0000	508.7726	1.0272	7.9419	99.7563	40.5822	0.8230	0.8271	5.0000	-9999.0000	-9999.0000	-9999.0000	-9999.0000	-9999.0000	-9999.0000	17.0486	7	0	25.2886	1.0000	11	1	-9999.0000	27944	55257	-9999	-9999	1049	2313	335.3042	5	0.6588	0.6718	-0.0011	49.0761	0.8257	480.9292	442.1813	45.5556	483.0358	95.3241	480.3527	94.9769	484.5433	94.8148	488.6113	94.7454	
26/08/2017	03:45:35	011995	G523111970HLR	L523	S		431.2560	1.0400	0.0000	99.7916	39.7249	0.8230	1.1623	5.0000	22.0691	508.0832	94.9074	20.8992	25.1000	0.9300	0.9267	0.6716	-0.0010	508.0000	503.7062	1.0272	7.9935	99.7952	40.6167	0.8230	0.8263	5.0000	-9999.0000	-9999.0000	-9999.0000	-9999.0000	-9999.0000	-9999.0000	17.2092	1	0	30.8682	1.0000	06	3	-9999.0000	27945	55258	-9999	-9999	1050	2316	330.2500	5	0.6589	0.6716	-0.0010	49.5693	0.7871	457.4056	475.4544	47.2222	463.3614	95.4167	456.6770	95.0694	461.9099	94.8611	464.7179	94.7454	
26/08/2017	03:46:27	011995	G523111976HLR	L523	S		446.3144	1.0400	0.0000	99.7232	39.7035	0.8230	1.1621	5.0000	22.3484	508.0457	94.8843	13.7493	25.1000	0.9300	0.9267	0.6699	-0.0009	508.0000	508.9417	1.0272	7.9401	99.9210	40.6434	0.8230	0.8265	5.0000	-9999.0000	-9999.0000	-9999.0000	-9999.0000	-9999.0000	-9999.0000	19.6978	3	0	25.2345	1.0000	06	3	-9999.0000	27946	55259	-9999	-9999	1051	2319	334.0564	5	0.6588	0.6699	-0.0009	51.5099	0.6529	477.4413	489.9487	47.2685	481.1821	95.4398	476.8930	95.0231	481.9888	94.6991	485.1362	94.7222	
26/08/2017	03:47:25	011995	G523111969HLR	L523	S		437.1986	1.0400	0.0000	99.7125	39.7035	0.8230	1.1621	5.0000	22.9085	508.0562	94.9537	19.8681	25.2000	0.9300	0.9267	0.6648	-0.0005	508.0000	505.3504	1.0272	7.9767	99.7126	40.6116	0.8230	0.8277	5.0000	-9999.0000	-9999.0000	-9999.0000	-9999.0000	-9999.0000	-9999.0000	17.0773	5	0	30.4488	1.0000	06	3	-9999.0000	27947	55260	-9999	-9999	1052	2322	332.8694	5	0.6583	0.6648	-0.0005	51.7635	0.6371	468.4248	483.9378	45.7870	472.4176	95.4167	468.1241	95.0231	470.1157	94.7917	473.6660	94.7685	
26/08/2017	03:48:17	011995	G523111963HLR	L523	S		443.8946	1.0400	0.0000	99.8248	39.6936	0.8230	1.1620	5.0000	23.8578	508.0548	94.8843	13.4700	25.2000	0.9300	0.9267	0.6702	-0.0010	508.0000	507.5388	1.0272	7.9544	99.8201	40.5713	0.8230	0.8268	5.0000	-9999.0000	-9999.0000	-9999.0000	-9999.0000	-9999.0000	-9999.0000	17.1879	7	0	26.2389	1.0000	06	3	-9999.0000	27948	55260	-9999	-9999	1053	2325	334.0023	5	0.6580	0.6702	-0.0010	42.6600	1.4249	476.0398	478.1949	46.9676	479.3955	95.3472	475.6278	94.9537	479.8554	94.6759	483.0294	94.7222	
26/08/2017	03:49:10	011995	G523111966HLR	L523	S		442.5798	1.0400	0.0000	99.9259	39.6983	0.8230	1.1620	5.0000	24.1187	508.0786	94.9306	19.4892	25.2000	0.9300	0.9267	0.6618	-0.0003	508.0000	509.7802	1.0272	7.9316	99.7423	40.6167	0.8230	0.8263	5.0000	-9999.0000	-9999.0000	-9999.0000	-9999.0000	-9999.0000	-9999.0000	17.1285	1	0	26.4184	1.0000	06	3	-9999.0000	27949	55260	-9999	-9999	1054	2328	333.4784	5	0.6578	0.6618	-0.0003	43.9916	1.2632	478.0129	455.8492	44.1667	484.0715	95.2546	477.8362	94.8148	480.3105	94.7222	482.6956	94.7917	
26/08/2017	03:50:02	011995	G523111974HLR	L523	S		443.5222	1.0400	0.0000	99.7606	39.7076	0.8230	1.1621	5.0000	22.9987	508.0356	94.9074	15.3087	25.2000	0.9300	0.9267	0.6617	-0.0003	508.0000	507.5972	1.0272	7.9538	99.7853	40.6399	0.8230	0.8276	5.0000	-9999.0000	-9999.0000	-9999.0000	-9999.0000	-9999.0000	-9999.0000	17.4984	3	0	25.8786	1.0000	06	3	-9999.0000	27950	55261	-9999	-9999	1055	2331	334.0335	5	0.6578	0.6617	-0.0003	44.0066	1.2781	479.2279	488.4467	45.1389	482.5471	95.3704	478.9435	94.9537	481.8848	94.6759	483.4445	94.7222	
26/08/2017	03:50:55	011995	G523111948HLR	L523	S		443.7116	1.0400	0.0000	99.9313	39.6989	0.8230	1.1620	5.0000	23.7567	508.0169	94.8843	15.4191	25.1000	0.9300	0.9267	0.6624	-0.0003	508.0000	508.0442	1.0272	7.9493	99.9246	40.5803	0.8230	0.8269	5.0000	-9999.0000	-9999.0000	-9999.0000	-9999.0000	-9999.0000	-9999.0000	17.4281	5	0	26.7484	1.0000	06	3	-9999.0000	27950	55261	-9999	-9999	1056	2334	333.8412	5	0.6573	0.6624	-0.0003	44.5319	1.2244	477.8066	462.5374	46.2269	482.2640	95.3241	477.1131	94.9074	481.0286	94.6991	483.0339	94.7685	
26/08/2017	03:51:46	011995	G523111938HLR	L523	S		442.7557	1.0400	0.0000	99.7741	39.7150	0.8230	1.1621	5.0000	22.9079	508.0580	94.9537	14.9699	25.1000	0.9300	0.9267	0.6635	-0.0004	508.0000	507.2391	1.0272	7.9575	99.8547	40.6152	0.8230	0.8262	5.0000	-9999.0000	-9999.0000	-9999.0000	-9999.0000	-9999.0000	-9999.0000	17.1286	7	0	25.7082	1.0000	06	3	-9999.0000	27951	55262	-9999	-9999	1057	2336	334.0662	5	0.6575	0.6635	-0.0004	44.4982	1.2481	478.6029	448.8197	45.6250	481.0663	95.3009	477.5976	94.8611	482.3938	94.6991	483.7784	94.7454	
26/08/2017	03:52:44	011995	G523111951HLR	L523	S		444.4187	1.0400	0.0000	99.7527	39.7131	0.8230	1.1621	5.0000	22.7985	508.0433	94.8611	15.7491	25.1000	0.9300	0.9267	0.6629	-0.0004	508.0000	508.3483	1.0272	7.9462	99.7803	40.6366	0.8230	0.8277	5.0000	-9999.0000	-9999.0000	-9999.0000	-9999.0000	-9999.0000	-9999.0000	17.1587	1	0	33.1962	1.0000	06	3	-9999.0000	27952	55263	-9999	-9999	1058	2339	333.8075	5	0.6572	0.6629	-0.0004	46.1180	1.1586	478.1362	466.5456	45.2083	483.9961	95.4167	477.8004	95.0231	481.9700	94.7685	485.4661	94.7685	
