Data	Timp	Nr. masina	Nr. de serie	Tip	Productie	Comentariu	Pre-masurare Q [ml/min]	Pre-masurare Gain	Pre-masurare Offset Master	Pre-masurare P [bar]	Pre-masurare T [°C]	Pre-masurare Densitate fixa [kg/l]	Pre-masurare densitate masurata [kg/l]	Pre-masurare Timp masurare [s]	Pre-masurare Cycle time [s]	rectificare Q Oprire [ml/min]	rectificare P Oprire [bar]	rectificare Timp rectificare [s]	rectificare T [°C]	rectificare Densitate fixa [kg/l]	rectificare densitate masurata [kg/l]	rectificare Factor de masurare la rectificare	rectificare Factor de corectie a debitului	rectificare Target rectificare	Masurare Q [ml/min]	Masurare Gain	Masurare Offset Master	Masurare P [bar]	Masurare T [°C]	Masurare Densitate fixa [kg/l]	Masurare densitate masurata [kg/l]	Masurare Timp masurare [s]	Masurare Q [ml/min]	Masurare Delta Q [ml/min]	Masurare P [bar]	Masurare BP [bar]	Masurare T [°C]	Masurare Timp masurare [s]	Masurare Cycle time [s]	Nest Nr.	Cod de descarcare	Cycle time [s]	Traceability aktiv	EDM Maschine Nr	EDM Spindle Nr	Honing Rate [r	Station Counter Premeasure	Station Counter Grind	Station Counter Blowout 1	Station Counter Wash	Station Counter Measure	Station Counter Blowout 2	RealGrindQStop	Reg Type	Factor 0	Factor 1	Factor 2	Factor 3	Factor 4	G_StartQV	G_StartQV_1	G_StartQV_2	G_StartQV_3	G_StartQV_4	G_StartQV_5	
31/08/2017	00:00:15	011995	G488132783HLR	L488	S		618.0436	1.0400	0.0000	99.9820	39.6191	0.8230	1.1622	5.0000	23.1989	713.0547	94.8611	29.2689	25.0000	0.9300	0.9241	0.6981	0.0000	713.0000	711.5502	1.0272	-2.0000	99.6815	40.6120	0.8230	0.8278	5.0000	-9999.0000	-9999.0000	-9999.0000	-9999.0000	-9999.0000	-9999.0000	17.2585	3	0	32.8683	1.0000	10	4	-9999.0000	36154	63064	-9999	-9999	2127	4692	497.8613	3	0.6981	0.7042	-0.0003	54.3001	1.3091	642.9713	505.8927	48.0556	634.9946	95.0000	645.6309	94.5833	649.9115	94.7222	653.6120	94.7685	
31/08/2017	00:00:43	011995	G488132792HLR	L488	S		633.4639	1.0400	0.0000	99.9072	39.6667	0.8230	1.1626	5.0000	23.3290	713.0574	94.9306	13.6497	24.9000	0.9300	0.9236	0.6981	0.0000	713.0000	712.2458	1.0272	-2.0000	99.7969	40.5641	0.8230	0.8271	5.0000	-9999.0000	-9999.0000	-9999.0000	-9999.0000	-9999.0000	-9999.0000	17.4198	4	0	28.3386	1.0000	10	4	-9999.0000	36155	63065	-9999	-9999	2128	4694	497.8677	3	0.6981	0.7042	-0.0003	54.3001	1.3091	669.6118	525.1358	46.5972	660.3118	94.8611	674.9964	94.6759	679.8280	94.5833	684.9299	94.7454	
31/08/2017	00:01:12	011995	G488133150HLR	L488	S		634.6124	1.0400	0.0000	99.8640	39.7854	0.8230	1.1629	5.0000	20.2643	713.0761	94.9074	14.0197	24.9000	0.9300	0.9237	0.6985	0.0000	713.0000	713.3564	1.0272	-2.0000	99.7420	40.5801	0.8230	0.8271	5.0000	-9999.0000	-9999.0000	-9999.0000	-9999.0000	-9999.0000	-9999.0000	17.9986	5	0	28.8584	1.0000	10	4	-9999.0000	36156	63066	-9999	-9999	2129	4696	498.1229	3	0.6985	0.7042	-0.0003	53.6820	1.3418	669.9920	533.3528	45.1620	660.2749	94.8843	673.2903	94.5370	679.2014	94.6528	683.9911	94.7454	
31/08/2017	00:02:18	011995	G488133130HLR	L488	S		627.8142	1.0400	0.0000	99.9000	39.6859	0.8230	1.1625	5.0000	20.7489	713.0621	94.9306	21.7986	25.1000	0.9300	0.9242	0.6983	0.0000	713.0000	714.9950	1.0272	-2.0000	99.8046	40.5500	0.8230	0.8262	5.0000	-9999.0000	-9999.0000	-9999.0000	-9999.0000	-9999.0000	-9999.0000	17.2886	7	0	41.0378	1.0000	10	4	-9999.0000	36156	63066	-9999	-9999	2130	4699	498.0352	3	0.6983	0.7048	-0.0003	62.9914	0.9354	658.5694	508.7906	45.3009	650.5210	94.8611	661.0436	94.7454	666.4540	94.6296	670.6561	94.7917	
31/08/2017	00:02:42	011995	G488133129HLR	L488	S		614.1368	1.0400	0.0000	99.8973	39.6667	0.8230	1.1626	5.0000	21.9089	713.0475	94.8148	17.4385	24.9000	0.9300	0.9237	0.6984	0.0000	713.0000	715.3521	1.0272	-2.0000	99.8992	40.5774	0.8230	0.8259	5.0000	-9999.0000	-9999.0000	-9999.0000	-9999.0000	-9999.0000	-9999.0000	17.1369	8	0	23.9286	1.0000	10	4	-9999.0000	36156	63067	-9999	-9999	2131	4701	497.9411	3	0.6984	0.7035	-0.0003	66.7803	0.7936	665.9852	490.1744	48.0787	657.1059	94.9769	670.6391	94.5833	673.9294	94.6065	679.1838	94.7685	
31/08/2017	00:03:24	011995	G488132776HLR	L488	S		634.1225	1.0400	0.0000	99.9986	39.7378	0.8230	1.1623	5.0000	23.2780	713.0595	94.8611	17.9590	24.8000	0.9300	0.9237	0.6984	0.0000	713.0000	716.7193	1.0272	-2.0000	99.7212	40.5759	0.8230	0.8269	5.0000	-9999.0000	-9999.0000	-9999.0000	-9999.0000	-9999.0000	-9999.0000	17.2369	1	0	41.9076	1.0000	10	4	-9999.0000	36157	63068	-9999	-9999	2132	4703	498.0134	3	0.6984	0.7035	-0.0003	66.7803	0.7936	665.4690	512.0556	48.0093	656.9121	94.8611	667.6772	94.4907	673.7259	94.6759	678.1285	94.7222	
31/08/2017	00:04:15	011995	G488132786HLR	L488	S		623.3811	1.0400	0.0000	99.9252	39.7197	0.8230	1.1626	5.0000	20.0991	713.0479	94.6991	30.1683	24.9000	0.9300	0.9241	0.6982	0.0000	713.0000	712.8137	1.0272	-2.0000	99.7497	40.5950	0.8230	0.8275	5.0000	-9999.0000	-9999.0000	-9999.0000	-9999.0000	-9999.0000	-9999.0000	17.1485	3	0	25.1873	1.0000	10	4	-9999.0000	36157	63069	-9999	-9999	2133	4706	497.8900	3	0.6982	0.7030	-0.0003	66.3396	0.8185	645.1545	528.1775	50.5324	637.6747	95.0463	645.2916	94.6528	650.5908	94.6759	654.0795	94.7454	
31/08/2017	00:04:42	011995	G488132803HLR	L488	S		640.9136	1.0400	0.0000	99.8510	39.7000	0.8230	1.1626	5.0000	20.9693	713.0661	94.9537	12.5091	24.7000	0.9300	0.9236	0.6982	0.0000	713.0000	712.4839	1.0272	-2.0000	99.7500	40.5625	0.8230	0.8259	5.0000	-9999.0000	-9999.0000	-9999.0000	-9999.0000	-9999.0000	-9999.0000	17.9544	4	0	27.0485	1.0000	10	4	-9999.0000	36158	63070	-9999	-9999	2134	4708	497.9556	3	0.6982	0.7030	-0.0003	66.3396	0.8185	675.1137	555.5950	49.9537	667.6115	95.0000	678.5169	94.5139	684.9042	94.6065	688.8574	94.7917	
31/08/2017	00:05:08	011995	G488132800HLR	L488	S		623.0223	1.0400	0.0000	99.9159	39.7367	0.8230	1.1626	5.0000	20.9762	709.1777	94.6759	31.0091	24.7000	0.9300	0.9237	0.6980	0.0000	713.0000	709.5826	1.0272	-2.0000	100.1196	40.5894	0.8230	0.8259	5.0000	-9999.0000	-9999.0000	-9999.0000	-9999.0000	-9999.0000	-9999.0000	17.4087	5	0	25.9283	1.0000	10	4	-9999.0000	36159	63071	-9999	-9999	2135	4710	494.9721	3	0.6980	0.7022	-0.0002	65.8466	0.8369	643.1720	542.8836	48.8426	635.8320	94.9074	643.3898	94.5833	647.1876	94.6528	651.7795	94.7454	
31/08/2017	00:05:58	011995	G488131765HLR	L488	S		659.4971	1.0400	0.0000	99.8456	39.6772	0.8230	1.1625	5.0000	20.4172	713.0601	94.8148	7.9801	24.9000	0.9300	0.9242	0.6982	0.0000	713.0000	712.6210	1.0272	-2.0000	99.7298	40.6450	0.8230	0.8273	5.0000	-9999.0000	-9999.0000	-9999.0000	-9999.0000	-9999.0000	-9999.0000	17.1609	7	0	24.9990	1.0000	10	4	-9999.0000	36159	63072	-9999	-9999	2136	4713	497.9526	3	0.6982	0.6981	0.0000	65.7082	0.8816	687.4383	496.7782	45.6713	677.2276	94.4676	691.3223	94.7685	698.2004	94.5602	702.2502	94.7222	
31/08/2017	00:06:40	011995	G488132789HLR	L488	S		634.3683	1.0400	0.0000	99.8274	39.6997	0.8230	1.1629	5.0000	20.6565	713.0636	94.8843	16.0284	25.1000	0.9300	0.9242	0.6980	0.0000	713.0000	714.1446	1.0272	-2.0000	99.8374	40.6268	0.8230	0.8261	5.0000	-9999.0000	-9999.0000	-9999.0000	-9999.0000	-9999.0000	-9999.0000	20.0993	8	0	41.9196	1.0000	10	4	-9999.0000	36160	63073	-9999	-9999	2137	4715	497.8095	3	0.6980	0.6986	-0.0000	65.0840	0.8293	668.4727	504.9376	44.4676	659.0213	94.7222	671.2633	94.6991	676.4433	94.6991	680.4306	94.7222	
31/08/2017	00:07:08	011995	G488132780HLR	L488	S		639.6360	1.0400	0.0000	99.8785	39.7333	0.8230	1.1630	5.0000	20.6298	713.0573	94.9537	14.9084	24.9000	0.9300	0.9238	0.6980	0.0000	713.0000	714.0784	1.0272	-2.0000	99.7539	40.5908	0.8230	0.8269	5.0000	-9999.0000	-9999.0000	-9999.0000	-9999.0000	-9999.0000	-9999.0000	17.4590	1	0	27.9755	1.0000	10	4	-9999.0000	36161	63074	-9999	-9999	2138	4717	497.7515	3	0.6980	0.6986	-0.0000	65.0840	0.8293	673.2444	500.7165	45.0694	666.5406	94.8843	674.0424	94.6296	678.1118	94.6065	684.3430	94.7454	
31/08/2017	00:07:59	011995	G488132790HLR	L488	S		659.4156	1.0400	0.0000	100.0010	39.7449	0.8230	1.1625	5.0000	20.5787	713.0936	94.9306	6.6500	24.9000	0.9300	0.9240	0.6982	0.0000	713.0000	710.4025	1.0272	-2.0000	99.8538	40.6433	0.8230	0.8276	5.0000	-9999.0000	-9999.0000	-9999.0000	-9999.0000	-9999.0000	-9999.0000	17.4086	3	0	25.7389	1.0000	10	4	-9999.0000	36162	63075	-9999	-9999	2139	4720	497.9303	3	0.6982	0.6989	-0.0000	64.0149	0.8582	691.0513	495.2870	48.1481	681.4900	94.4676	695.7368	94.7454	701.4098	94.6065	706.2897	94.7222	
31/08/2017	00:08:28	011995	G488132810HLR	L488	S		617.9812	1.0400	0.0000	99.8764	39.7180	0.8230	1.1626	5.0000	20.9490	708.8310	94.6991	31.0091	24.8000	0.9300	0.9240	0.6980	0.0000	713.0000	709.8177	1.0272	-2.0000	99.7861	40.6213	0.8230	0.8276	5.0000	-9999.0000	-9999.0000	-9999.0000	-9999.0000	-9999.0000	-9999.0000	17.3191	4	0	28.5483	1.0000	10	4	-9999.0000	36163	63076	-9999	-9999	2140	4722	494.8268	3	0.6980	0.6981	-0.0000	63.9834	0.8701	641.1878	527.3364	49.3750	634.7284	94.9537	641.6600	94.7454	645.6042	94.6528	650.3952	94.6991	
31/08/2017	00:08:54	011995	G488132808HLR	L488	S		641.8797	1.0400	0.0000	99.9238	39.7551	0.8230	1.1626	5.0000	21.6392	713.0521	94.7917	17.0694	24.8000	0.9300	0.9237	0.6980	0.0000	713.0000	712.3732	1.0272	-2.0000	99.8394	40.5833	0.8230	0.8258	5.0000	-9999.0000	-9999.0000	-9999.0000	-9999.0000	-9999.0000	-9999.0000	19.8067	5	0	25.9282	1.0000	10	4	-9999.0000	36164	63077	-9999	-9999	2141	4724	497.7925	3	0.6980	0.6981	-0.0000	63.9834	0.8701	667.3526	534.6585	47.1759	659.3310	95.0000	669.7881	94.4676	674.3864	94.6296	679.3033	94.7917	
31/08/2017	00:09:53	011995	G488132807HLR	L488	S		631.9462	1.0400	0.0000	99.9204	39.6889	0.8230	1.1620	5.0000	22.7985	713.0281	94.9537	14.8195	25.0000	0.9300	0.9243	0.6982	0.0000	713.0000	711.7623	1.0272	-2.0000	99.7009	40.6009	0.8230	0.8257	5.0000	-9999.0000	-9999.0000	-9999.0000	-9999.0000	-9999.0000	-9999.0000	17.2888	7	0	33.8888	1.0000	10	4	-9999.0000	36165	63078	-9999	-9999	2142	4727	497.8152	3	0.6982	0.6988	-0.0000	55.3119	1.2471	667.6212	519.5046	48.8194	660.5096	94.7454	670.1829	94.6296	676.8010	94.6528	680.8164	94.7685	
31/08/2017	00:10:20	011995	G488132769HLR	L488	S		621.7745	1.0400	0.0000	99.8739	39.7116	0.8230	1.1629	5.0000	20.2292	713.0462	94.8843	17.6690	24.9000	0.9300	0.9238	0.6980	0.0000	713.0000	715.4298	1.0272	-2.0000	99.7543	40.6426	0.8230	0.8267	5.0000	-9999.0000	-9999.0000	-9999.0000	-9999.0000	-9999.0000	-9999.0000	17.2379	8	0	27.0791	1.0000	10	4	-9999.0000	36165	63078	-9999	-9999	2143	4729	497.7621	3	0.6980	0.6989	-0.0000	55.9906	1.2202	667.7379	541.1001	49.4676	661.0098	94.9306	668.7965	94.5833	674.2058	94.6296	678.4142	94.7685	
31/08/2017	00:10:45	011995	G488132777HLR	L488	S		628.4417	1.0400	0.0000	99.8457	39.7735	0.8230	1.1630	5.0000	20.0693	713.0552	94.9306	15.0988	24.8000	0.9300	0.9237	0.6980	0.0000	713.0000	713.9007	1.0272	-2.0000	99.7083	40.6233	0.8230	0.8261	5.0000	-9999.0000	-9999.0000	-9999.0000	-9999.0000	-9999.0000	-9999.0000	17.1589	1	0	25.3077	1.0000	10	4	-9999.0000	36166	63079	-9999	-9999	2144	4731	497.7500	3	0.6980	0.6988	-0.0000	54.7094	1.2732	667.5218	541.6726	49.3981	659.4792	94.9306	671.2060	94.5602	677.7094	94.6528	682.0460	94.7454	
31/08/2017	00:11:38	011995	G488132774HLR	L488	S		633.7027	1.0400	0.0000	99.9024	39.7340	0.8230	1.1625	5.0000	20.2086	713.0465	94.9074	22.9988	24.9000	0.9300	0.9242	0.6977	0.0000	713.0000	718.9542	1.0272	-2.0000	99.9618	40.6497	0.8230	0.8277	5.0000	-9999.0000	-9999.0000	-9999.0000	-9999.0000	-9999.0000	-9999.0000	17.2700	3	0	26.4887	1.0000	10	4	-9999.0000	36167	63080	-9999	-9999	2144	4734	497.7353	3	0.6977	0.6991	-0.0001	56.2801	1.2412	663.4561	508.3967	48.7269	655.8628	94.6991	665.8631	94.6759	671.1000	94.6528	673.5370	94.7454	
31/08/2017	00:12:09	011995	G488129321HLR	L488	S		642.6281	1.0400	0.0000	99.8506	39.7172	0.8230	1.1626	5.0000	20.6189	713.0264	94.8843	16.1495	24.9000	0.9300	0.9238	0.6977	0.0000	713.0000	711.9195	1.0272	-2.0000	99.7556	40.6266	0.8230	0.8276	5.0000	-9999.0000	-9999.0000	-9999.0000	-9999.0000	-9999.0000	-9999.0000	17.3060	4	0	30.6576	1.0000	10	4	-9999.0000	36168	63081	-9999	-9999	2145	4735	497.5215	3	0.6977	0.6989	-0.0001	57.1654	1.2180	669.2211	530.3447	47.2222	659.3441	94.7917	671.8221	94.6528	675.5275	94.6065	679.7379	94.7685	
31/08/2017	00:12:40	011995	G488129320HLR	L488	S		635.6339	1.0400	0.0000	99.8457	39.7663	0.8230	1.1627	5.0000	20.4492	713.0732	94.8611	13.8694	24.8000	0.9300	0.9237	0.6977	0.0000	713.0000	713.4642	1.0272	-2.0000	99.8441	40.5931	0.8230	0.8269	5.0000	-9999.0000	-9999.0000	-9999.0000	-9999.0000	-9999.0000	-9999.0000	17.4790	5	0	30.4086	1.0000	10	4	-9999.0000	36169	63081	-9999	-9999	2146	4736	497.5528	3	0.6977	0.6989	-0.0001	57.1654	1.2180	671.4510	520.2953	44.7222	662.8816	94.8148	674.7729	94.5602	680.5156	94.6296	686.2955	94.7917	
31/08/2017	00:13:06	011995	G488129303HLR	L488	S		632.6476	1.0400	0.0000	99.8753	39.7620	0.8230	1.1628	5.0000	20.2282	713.0415	94.8611	14.0090	24.9000	0.9300	0.9237	0.6977	0.0000	713.0000	712.3363	1.0272	-2.0000	99.8019	40.5933	0.8230	0.8266	5.0000	-9999.0000	-9999.0000	-9999.0000	-9999.0000	-9999.0000	-9999.0000	17.5775	6	0	26.7111	1.0000	10	4	-9999.0000	36170	63082	-9999	-9999	2146	4737	497.5073	3	0.6977	0.6989	-0.0001	57.1654	1.2180	669.0799	501.4624	45.2083	660.5856	94.7685	672.5335	94.6065	679.8852	94.6065	684.5012	94.8148	
31/08/2017	00:13:31	011995	G488129311HLR	L488	S		636.8176	1.0400	0.0000	99.9613	39.7474	0.8230	1.1621	5.0000	23.0896	713.0541	94.8843	11.2192	24.9000	0.9300	0.9237	0.6974	0.0000	713.0000	711.2101	1.0272	-2.0000	99.7441	40.5814	0.8230	0.8263	5.0000	-9999.0000	-9999.0000	-9999.0000	-9999.0000	-9999.0000	-9999.0000	17.3881	7	0	25.5327	1.0000	10	4	-9999.0000	36171	63083	-9999	-9999	2146	4738	497.3573	3	0.6974	0.6990	-0.0001	57.0910	1.2048	675.7661	516.6071	46.2037	665.8792	94.6528	680.7156	94.5833	686.7330	94.6296	691.2637	94.7917	
31/08/2017	00:13:59	011995	G488129319HLR	L488	S		640.8356	1.0400	0.0000	99.9488	39.7838	0.8230	1.1622	5.0000	22.8845	713.0248	94.8611	11.0795	24.9000	0.9300	0.9238	0.6976	0.0000	713.0000	712.7856	1.0272	-2.0000	99.8508	40.5676	0.8230	0.8247	5.0000	-9999.0000	-9999.0000	-9999.0000	-9999.0000	-9999.0000	-9999.0000	19.5936	8	0	28.0125	1.0000	10	4	-9999.0000	36172	63084	-9999	-9999	2146	4740	497.4529	3	0.6976	0.6993	-0.0001	54.3171	1.2729	679.2363	501.6050	44.6296	669.4725	94.5833	682.6797	94.6065	689.1598	94.6528	693.8573	94.7685	
31/08/2017	00:14:26	011995	G488129332HLR	L488	S		637.6862	1.0400	0.0000	99.8551	39.8074	0.8230	1.1627	5.0000	20.8418	713.1090	94.8843	14.1194	25.1000	0.9300	0.9239	0.6978	0.0000	713.0000	712.9213	1.0272	-2.0000	99.7444	40.6258	0.8230	0.8261	5.0000	-9999.0000	-9999.0000	-9999.0000	-9999.0000	-9999.0000	-9999.0000	17.3402	1	0	26.4282	1.0000	10	4	-9999.0000	36172	63085	-9999	-9999	2147	4742	497.7123	3	0.6978	0.6993	-0.0001	55.1176	1.2341	671.4028	517.4495	45.3472	662.0411	94.7685	674.4076	94.6759	679.4909	94.6296	684.5709	94.7917	
31/08/2017	00:14:51	011995	G488129342HLR	L488	S		643.5101	1.0400	0.0000	99.9454	39.8032	0.8230	1.1620	5.0000	22.9050	713.0579	94.9769	14.9494	25.1000	0.9300	0.9240	0.6978	0.0000	713.0000	714.5728	1.0272	-2.0000	99.6862	40.6500	0.8230	0.8265	5.0000	-9999.0000	-9999.0000	-9999.0000	-9999.0000	-9999.0000	-9999.0000	17.4836	2	0	25.2485	1.0000	10	4	-9999.0000	36173	63086	-9999	-9999	2148	4744	497.5759	3	0.6978	0.6998	-0.0001	55.0884	1.2874	673.9403	466.1683	47.6389	664.7663	94.7454	678.0463	94.6759	681.1367	94.6296	685.3878	94.7685	
31/08/2017	00:15:16	011995	G488129347HLR	L488	S		650.8570	1.0400	0.0000	99.9002	39.7957	0.8230	1.1621	5.0000	22.6880	713.1097	94.8611	10.3793	24.9000	0.9300	0.9237	0.6978	0.0000	713.0000	712.8793	1.0272	-2.0000	99.7279	40.6606	0.8230	0.8271	5.0000	-9999.0000	-9999.0000	-9999.0000	-9999.0000	-9999.0000	-9999.0000	17.6477	3	0	25.1193	1.0000	10	4	-9999.0000	36173	63087	-9999	-9999	2149	4746	497.8651	3	0.6978	0.6999	-0.0001	56.9695	1.2025	681.5161	498.1192	46.3426	671.8228	94.7685	685.0749	94.5602	691.5988	94.6528	695.9719	94.7685	
31/08/2017	00:15:41	011995	G488129346HLR	L488	S		628.9961	1.0400	0.0000	99.9582	39.8000	0.8230	1.1627	5.0000	20.4893	713.0643	94.8148	16.7295	25.0000	0.9300	0.9239	0.6978	0.0000	713.0000	713.2644	1.0272	-2.0000	99.7460	40.6422	0.8230	0.8275	5.0000	-9999.0000	-9999.0000	-9999.0000	-9999.0000	-9999.0000	-9999.0000	17.3384	4	0	25.2880	1.0000	10	4	-9999.0000	36173	63088	-9999	-9999	2150	4748	497.6404	3	0.6978	0.7041	-0.0004	64.0566	0.8938	665.6810	484.0192	46.6898	657.3270	94.8611	667.6393	94.6065	674.4570	94.6759	678.4174	94.7454	
31/08/2017	00:16:06	011995	G488129339HLR	L488	S		629.1108	1.0400	0.0000	99.8726	39.8123	0.8230	1.1627	5.0000	20.2791	713.0754	94.9306	15.5489	24.9000	0.9300	0.9237	0.6977	0.0000	713.0000	713.2611	1.0272	-2.0000	99.7848	40.5976	0.8230	0.8265	5.0000	-9999.0000	-9999.0000	-9999.0000	-9999.0000	-9999.0000	-9999.0000	17.1383	5	0	25.0280	1.0000	10	4	-9999.0000	36174	63089	-9999	-9999	2151	4750	497.6558	3	0.6977	0.7041	-0.0004	64.0566	0.8938	667.4614	543.3092	46.6435	658.4233	94.9074	670.5723	94.5139	675.9007	94.6528	680.9452	94.7685	
31/08/2017	00:16:32	011995	G488135796HLR	L488	S		648.1147	1.0400	0.0000	99.8987	39.8189	0.8230	1.1627	5.0000	20.1249	713.0515	94.8611	9.8403	24.8000	0.9300	0.9236	0.6977	0.0000	713.0000	708.9972	1.0272	-2.0000	99.8140	40.6045	0.8230	0.8255	5.0000	-9999.0000	-9999.0000	-9999.0000	-9999.0000	-9999.0000	-9999.0000	17.5984	6	0	25.1490	1.0000	10	1	-9999.0000	36174	63090	-9999	-9999	2152	4752	497.5442	3	0.6977	0.7041	-0.0004	58.4947	1.1753	680.2603	523.2359	46.4815	671.3095	94.8148	684.1595	94.5139	689.5693	94.6528	695.2082	94.7917	
31/08/2017	00:16:57	011995	G488135797HLR	L488	S		649.8430	1.0400	0.0000	99.8820	39.8107	0.8230	1.1626	5.0000	20.1893	713.0714	94.8611	9.7397	24.9000	0.9300	0.9238	0.6978	0.0000	713.0000	711.4139	1.0272	-2.0000	99.7508	40.6470	0.8230	0.8261	5.0000	-9999.0000	-9999.0000	-9999.0000	-9999.0000	-9999.0000	-9999.0000	17.3179	7	0	25.0787	1.0000	10	1	-9999.0000	36175	63091	-9999	-9999	2153	4754	497.6336	3	0.6978	0.7009	-0.0002	55.0964	1.3534	682.2833	563.8533	48.1713	673.6809	94.6528	685.5666	94.5370	692.1110	94.6759	695.8121	94.7917	
31/08/2017	00:17:22	011995	G488135805HLR	L488	S		651.2304	1.0400	0.0000	99.8265	39.8130	0.8230	1.1626	5.0000	20.2415	713.0698	94.8380	9.6792	24.9000	0.9300	0.9239	0.6976	0.0000	713.0000	711.1999	1.0272	-2.0000	99.7581	40.6768	0.8230	0.8271	5.0000	-9999.0000	-9999.0000	-9999.0000	-9999.0000	-9999.0000	-9999.0000	17.3290	8	0	25.1588	1.0000	10	1	-9999.0000	36176	63092	-9999	-9999	2154	4756	497.4794	3	0.6976	0.6995	-0.0001	60.7366	1.0755	684.7852	526.5887	48.4028	676.7261	94.6759	686.5779	94.4676	691.7374	94.6991	696.2778	94.7917	
31/08/2017	00:17:47	011995	G488135784HLR	L488	S		649.6528	1.0400	0.0000	99.9672	39.8080	0.8230	1.1621	5.0000	22.2971	713.0571	94.8148	9.2593	24.9000	0.9300	0.9240	0.6976	0.0000	713.0000	710.2890	1.0272	-2.0000	99.7920	40.6585	0.8230	0.8275	5.0000	-9999.0000	-9999.0000	-9999.0000	-9999.0000	-9999.0000	-9999.0000	17.3439	1	0	25.1789	1.0000	10	1	-9999.0000	36176	63093	-9999	-9999	2155	4758	497.4901	3	0.6976	0.7031	-0.0004	55.9800	1.4520	684.5502	551.9169	48.3796	677.2307	94.6528	687.4169	94.6296	692.8156	94.6528	697.6279	94.8148	
31/08/2017	00:18:12	011995	G488135774HLR	L488	S		651.5954	1.0400	0.0000	99.9015	39.8333	0.8230	1.1628	5.0000	19.9307	713.0744	94.7917	8.0093	24.9000	0.9300	0.9238	0.6978	0.0000	713.0000	708.8072	1.0272	-2.0000	99.7806	40.6133	0.8230	0.8269	5.0000	-9999.0000	-9999.0000	-9999.0000	-9999.0000	-9999.0000	-9999.0000	17.2459	2	0	25.0977	1.0000	10	1	-9999.0000	36177	63094	-9999	-9999	2156	4760	497.6473	3	0.6978	0.7050	-0.0005	41.4933	2.5100	687.1583	530.1861	49.0046	678.9698	94.6759	690.9917	94.5370	696.9283	94.6991	701.2486	94.7917	
31/08/2017	00:18:37	011995	G488134777HLR	L488	S		638.6087	1.0400	0.0000	99.9519	39.8318	0.8230	1.1623	5.0000	21.8174	713.0718	94.9537	13.2991	25.0000	0.9300	0.9240	0.6978	0.0000	713.0000	709.9815	1.0272	-2.0000	99.6906	40.6091	0.8230	0.8256	5.0000	-9999.0000	-9999.0000	-9999.0000	-9999.0000	-9999.0000	-9999.0000	17.2747	3	0	25.0789	1.0000	10	1	-9999.0000	36177	63095	-9999	-9999	2157	4762	497.6355	3	0.6978	0.7045	-0.0005	43.9439	2.2617	672.2081	527.3758	47.1065	665.4629	94.8611	675.4079	94.6991	680.3266	94.6759	685.2367	94.7454	
31/08/2017	00:19:06	011995	G488135763HLR	L488	S		642.5905	1.0400	0.0000	99.8718	39.8333	0.8230	1.1626	5.0000	20.4891	713.1111	94.9306	11.5492	24.9000	0.9300	0.9238	0.6981	0.0000	713.0000	709.1347	1.0272	-2.0000	99.6950	40.6469	0.8230	0.8259	5.0000	-9999.0000	-9999.0000	-9999.0000	-9999.0000	-9999.0000	-9999.0000	17.3984	4	0	28.5381	1.0000	10	1	-9999.0000	36178	63096	-9999	-9999	2158	4764	497.9076	3	0.6981	0.7041	-0.0004	45.0249	2.0966	676.7121	554.2964	46.8287	668.8481	94.8148	679.5166	94.5370	685.1134	94.6759	690.3873	94.7454	
31/08/2017	00:19:32	011995	G488135770HLR	L488	S		644.5594	1.0400	0.0000	99.9122	39.8347	0.8230	1.1626	5.0000	20.1289	713.0733	94.8843	10.3295	24.9000	0.9300	0.9238	0.6983	0.0000	713.0000	708.9829	1.0272	-2.0000	99.7122	40.6779	0.8230	0.8269	5.0000	-9999.0000	-9999.0000	-9999.0000	-9999.0000	-9999.0000	-9999.0000	17.3593	5	0	26.5694	1.0000	10	1	-9999.0000	36178	63097	-9999	-9999	2159	4766	497.9646	3	0.6983	0.7043	-0.0005	44.5036	2.0685	678.8878	537.0348	45.7407	669.2974	94.7917	681.1741	94.5370	688.1943	94.6759	691.8139	94.7685	
31/08/2017	00:20:14	011995	G488135798HLR	L488	S		646.8724	1.0400	0.0000	99.8853	39.8333	0.8230	1.1624	5.0000	20.9470	713.0368	94.9074	9.6303	24.9000	0.9300	0.9238	0.6988	0.0000	713.0000	707.5566	1.0272	-2.0000	99.8858	40.6794	0.8230	0.8273	5.0000	-9999.0000	-9999.0000	-9999.0000	-9999.0000	-9999.0000	-9999.0000	17.2960	6	0	41.9576	1.0000	10	1	-9999.0000	36179	63098	-9999	-9999	2160	4768	498.3512	3	0.6988	0.7036	-0.0004	28.9758	3.4333	682.8068	507.2248	48.1019	674.6075	94.6991	686.5954	94.5833	692.1108	94.6991	695.9297	94.7685	
31/08/2017	00:20:39	011995	G488135792HLR	L488	S		623.2091	1.0400	0.0000	99.8493	39.8333	0.8230	1.1627	5.0000	20.0247	713.0424	94.9537	12.0794	24.9000	0.9300	0.9239	0.6990	0.0000	713.0000	712.9809	1.0272	-2.0000	99.7157	40.6606	0.8230	0.8275	5.0000	-9999.0000	-9999.0000	-9999.0000	-9999.0000	-9999.0000	-9999.0000	17.2775	7	0	25.0880	1.0000	10	1	-9999.0000	36179	63099	-9999	-9999	2161	4769	498.4389	3	0.6990	0.7043	-0.0004	29.2465	3.3857	677.4067	522.1951	46.1111	666.5623	94.7685	679.5313	94.6991	685.7040	94.6296	690.3352	94.7685	
31/08/2017	00:21:04	011995	G488134793HLR	L488	S		632.2751	1.0400	0.0000	99.9186	39.8333	0.8230	1.1626	5.0000	20.3551	713.0320	94.9074	17.6592	24.9000	0.9300	0.9238	0.6995	0.0000	713.0000	715.5591	1.0272	-2.0000	99.8542	40.6327	0.8230	0.8248	5.0000	-9999.0000	-9999.0000	-9999.0000	-9999.0000	-9999.0000	-9999.0000	19.4283	8	0	25.0458	1.0000	10	1	-9999.0000	36180	63100	-9999	-9999	2162	4771	498.6465	3	0.6995	0.7050	-0.0005	29.3701	3.2966	666.3028	517.3148	46.7824	659.7292	94.8380	667.9691	94.6759	672.7670	94.6296	677.1438	94.7685	
31/08/2017	00:21:29	011995	G488134809HLR	L488	S		643.5726	1.0400	0.0000	99.8580	39.8333	0.8230	1.1625	5.0000	20.3630	713.0530	94.9537	11.6087	24.8000	0.9300	0.9237	0.6995	0.0000	713.0000	711.2673	1.0272	-2.0000	99.7189	40.6746	0.8230	0.8270	5.0000	-9999.0000	-9999.0000	-9999.0000	-9999.0000	-9999.0000	-9999.0000	17.3794	1	0	25.0415	1.0000	10	1	-9999.0000	36180	63101	-9999	-9999	2163	4772	498.8564	3	0.6995	0.7050	-0.0005	29.3701	3.2966	676.0145	525.8893	45.7176	667.1397	94.9537	678.0100	94.6065	684.0543	94.5833	689.0714	94.7222	
31/08/2017	00:21:56	011995	G488134811HLR	L488	S		606.2209	1.0400	0.0000	99.9562	39.8187	0.8230	1.1619	5.0000	23.5546	706.4420	94.6991	31.0091	24.7000	0.9300	0.9237	0.6999	0.0000	713.0000	709.5457	1.0272	-2.0000	99.7205	40.6689	0.8230	0.8275	5.0000	-9999.0000	-9999.0000	-9999.0000	-9999.0000	-9999.0000	-9999.0000	17.2946	2	0	26.8492	1.0000	10	1	-9999.0000	36181	63102	-9999	-9999	2164	4774	494.4562	3	0.6999	0.7064	-0.0006	29.0545	3.3054	637.6005	515.0242	45.6019	629.9401	95.0694	638.7457	94.6991	643.2478	94.6296	647.5656	94.7222	
31/08/2017	00:22:24	011995	G488135781HLR	L488	S		638.1313	1.0400	0.0000	99.9318	39.8333	0.8230	1.1628	5.0000	19.9080	713.0501	94.9306	14.1594	24.8000	0.9300	0.9236	0.6999	0.0000	713.0000	713.4572	1.0272	-2.0000	99.7875	40.6273	0.8230	0.8262	5.0000	-9999.0000	-9999.0000	-9999.0000	-9999.0000	-9999.0000	-9999.0000	18.7831	3	0	27.6906	1.0000	10	1	-9999.0000	36182	63103	-9999	-9999	2165	4776	499.1301	3	0.6999	0.7064	-0.0006	29.0545	3.3054	670.9782	551.1167	49.5139	664.3433	95.0231	673.7156	94.4676	678.4687	94.6296	682.3612	94.7917	
31/08/2017	00:22:51	011995	G488135759HLR	L488	S		638.2438	1.0400	0.0000	99.8902	39.8345	0.8230	1.1623	5.0000	20.6179	713.0845	94.9537	13.9992	24.8000	0.9300	0.9237	0.6998	0.0000	713.0000	712.4737	1.0272	-2.0000	99.7808	40.6106	0.8230	0.8257	5.0000	-9999.0000	-9999.0000	-9999.0000	-9999.0000	-9999.0000	-9999.0000	17.2423	4	0	27.3357	1.0000	10	1	-9999.0000	36183	63104	-9999	-9999	2166	4778	499.1456	3	0.6998	0.7062	-0.0005	32.8096	2.9244	670.3994	525.3443	47.7546	663.6322	94.8380	672.0788	94.6065	678.2913	94.5833	681.9853	94.7222	
31/08/2017	00:23:19	011995	G488134783HLR	L488	S		643.3704	1.0400	0.0000	99.8807	39.8153	0.8230	1.1624	5.0000	20.8303	713.0413	94.8843	14.1692	24.9000	0.9300	0.9238	0.7002	0.0000	713.0000	713.6127	1.0272	-2.0000	99.7404	40.6250	0.8230	0.8255	5.0000	-9999.0000	-9999.0000	-9999.0000	-9999.0000	-9999.0000	-9999.0000	17.2867	5	0	27.6587	1.0000	10	1	-9999.0000	36184	63105	-9999	-9999	2167	4780	499.3162	3	0.7002	0.7059	-0.0005	32.5772	2.9577	676.1221	531.3085	48.3333	667.6280	94.7454	677.8754	94.5602	681.9480	94.6528	686.1716	94.7454	
31/08/2017	00:23:47	011995	G488134805HLR	L488	S		638.1330	1.0400	0.0000	99.8820	39.8333	0.8230	1.1628	5.0000	20.3256	713.0383	94.9537	15.9894	24.9000	0.9300	0.9238	0.7001	0.0000	713.0000	716.0657	1.0272	-2.0000	99.7797	40.6476	0.8230	0.8257	5.0000	-9999.0000	-9999.0000	-9999.0000	-9999.0000	-9999.0000	-9999.0000	17.5185	6	0	28.5590	1.0000	10	1	-9999.0000	36185	63106	-9999	-9999	2168	4782	499.2391	3	0.7001	0.7037	-0.0003	32.4993	2.9807	671.0073	539.2338	49.9537	664.0855	94.9537	673.4691	94.5139	678.7596	94.6528	684.2006	94.7454	
31/08/2017	00:24:16	011995	G488134785HLR	L488	S		638.5532	1.0400	0.0000	99.9029	39.8333	0.8230	1.1626	5.0000	20.0681	713.0269	95.0694	14.8098	24.8000	0.9300	0.9236	0.7002	0.0000	713.0000	713.0570	1.0272	-2.0000	99.7767	40.6681	0.8230	0.8264	5.0000	-9999.0000	-9999.0000	-9999.0000	-9999.0000	-9999.0000	-9999.0000	17.3085	7	0	28.9086	1.0000	10	1	-9999.0000	36186	63107	-9999	-9999	2169	4784	499.3048	3	0.7002	0.7035	-0.0003	34.1010	2.8235	668.8461	537.4792	46.5509	661.1875	94.9306	670.6447	94.4907	676.7669	94.6528	680.7191	94.7685	
31/08/2017	00:24:41	011995	G488134797HLR	L488	S		642.4673	1.0400	0.0000	99.8894	39.8341	0.8230	1.1626	5.0000	19.8419	713.0692	94.9074	12.4896	24.9000	0.9300	0.9238	0.7004	0.0000	713.0000	711.3356	1.0272	-2.0000	100.0104	40.6733	0.8230	0.8265	5.0000	-9999.0000	-9999.0000	-9999.0000	-9999.0000	-9999.0000	-9999.0000	17.5386	8	0	25.0486	1.0000	10	1	-9999.0000	36187	63108	-9999	-9999	2170	4785	499.5526	3	0.7004	0.7034	-0.0002	33.9254	2.8436	673.2174	512.0360	46.6204	665.0953	94.8148	675.9737	94.5139	682.0261	94.6296	686.6993	94.7917	
31/08/2017	00:25:07	011995	G488134776HLR	L488	S		639.1567	1.0400	0.0000	99.8560	39.8309	0.8230	1.1625	5.0000	20.5002	713.0514	94.9537	14.4992	25.1000	0.9300	0.9239	0.7003	0.0000	713.0000	712.0601	1.0272	-2.0000	99.7101	40.6841	0.8230	0.8268	5.0000	-9999.0000	-9999.0000	-9999.0000	-9999.0000	-9999.0000	-9999.0000	17.3344	1	0	25.1479	1.0000	10	1	-9999.0000	36188	63109	-9999	-9999	2171	4787	499.4020	3	0.7003	0.7033	-0.0002	34.6518	2.7780	669.7124	572.9053	50.8102	662.9308	94.8380	672.9459	94.6991	676.9894	94.5833	680.5694	94.7685	
31/08/2017	00:25:34	011995	G488134757HLR	L488	S		636.3571	1.0400	0.0000	99.9686	39.8332	0.8230	1.1628	5.0000	19.4383	713.0485	94.8611	17.6700	25.0000	0.9300	0.9238	0.7002	0.0000	713.0000	711.1268	1.0272	-2.0000	99.6870	40.6749	0.8230	0.8275	5.0000	-9999.0000	-9999.0000	-9999.0000	-9999.0000	-9999.0000	-9999.0000	17.3193	2	0	27.1293	1.0000	10	1	-9999.0000	36188	63110	-9999	-9999	2171	4788	499.3098	3	0.7002	0.7078	-0.0006	36.1610	2.6496	665.2842	557.7663	49.2130	658.5928	94.9306	665.5696	94.7222	670.8493	94.5602	675.8219	94.7685	
31/08/2017	00:25:59	011995	G488134758HLR	L488	S		640.3302	1.0400	0.0000	99.9959	39.8285	0.8230	1.1628	5.0000	19.3289	713.0458	94.9306	17.8985	25.0000	0.9300	0.9237	0.7003	0.0000	713.0000	715.4087	1.0272	-2.0000	99.8534	40.6333	0.8230	0.8259	5.0000	-9999.0000	-9999.0000	-9999.0000	-9999.0000	-9999.0000	-9999.0000	19.9682	3	0	25.7284	1.0000	10	1	-9999.0000	36189	63111	-9999	-9999	2172	4790	499.3399	3	0.7003	0.7095	-0.0007	36.1088	2.6530	666.8666	540.0013	47.8935	659.3418	94.8380	669.0877	94.6528	674.6947	94.5602	678.8256	94.7917	
31/08/2017	00:26:27	011995	G488134760HLR	L488	S		640.3984	1.0400	0.0000	99.8840	39.8172	0.8230	1.1625	5.0000	20.2179	713.0857	94.9537	12.5989	25.0000	0.9300	0.9236	0.7003	0.0000	713.0000	710.6529	1.0272	-2.0000	99.7537	40.6127	0.8230	0.8257	5.0000	-9999.0000	-9999.0000	-9999.0000	-9999.0000	-9999.0000	-9999.0000	17.2500	4	0	27.9984	1.0000	10	1	-9999.0000	36190	63112	-9999	-9999	2173	4792	499.4692	3	0.7003	0.7095	-0.0007	36.1088	2.6530	673.4574	542.5060	47.5000	665.5763	94.7917	675.0688	94.5602	680.6620	94.6296	685.9176	94.7685	
31/08/2017	00:26:54	011995	G488134765HLR	L488	S		637.5942	1.0400	0.0000	99.8963	39.8125	0.8230	1.1626	5.0000	20.2090	713.0845	94.9074	13.8000	25.0000	0.9300	0.9237	0.7003	0.0000	713.0000	712.9713	1.0272	-2.0000	99.8378	40.6417	0.8230	0.8256	5.0000	-9999.0000	-9999.0000	-9999.0000	-9999.0000	-9999.0000	-9999.0000	17.2780	5	0	26.9387	1.0000	10	1	-9999.0000	36191	63113	-9999	-9999	2174	4793	499.4702	3	0.7003	0.7113	-0.0008	36.6707	2.5966	670.6775	544.3542	49.3056	663.0271	94.8148	672.9172	94.7222	678.9429	94.5833	683.4048	94.7685	
31/08/2017	00:27:26	011995	G488134782HLR	L488	S		632.6005	1.0400	0.0000	99.8685	39.8046	0.8230	1.1626	5.0000	20.2763	713.0355	94.8380	16.2091	25.0000	0.9300	0.9237	0.7004	0.0000	713.0000	714.4016	1.0272	-2.0000	99.8514	40.6390	0.8230	0.8247	5.0000	-9999.0000	-9999.0000	-9999.0000	-9999.0000	-9999.0000	-9999.0000	19.3981	6	0	31.3283	1.0000	10	1	-9999.0000	36192	63114	-9999	-9999	2175	4795	499.4226	3	0.7004	0.7046	-0.0003	45.3480	1.9108	665.5190	529.9450	47.2454	657.5358	94.8148	668.0820	94.6991	673.0319	94.5833	678.3792	94.7454	
31/08/2017	00:27:56	011995	G488134723HLR	L488	S		638.1166	1.0400	0.0000	99.8734	39.8329	0.8230	1.1627	5.0000	20.0086	713.0356	94.9769	14.8293	25.0000	0.9300	0.9237	0.7001	0.0000	713.0000	713.1628	1.0272	-2.0000	99.6723	40.6826	0.8230	0.8266	5.0000	-9999.0000	-9999.0000	-9999.0000	-9999.0000	-9999.0000	-9999.0000	17.2280	7	0	30.1980	1.0000	10	1	-9999.0000	36193	63114	-9999	-9999	2176	4797	499.2348	3	0.7001	0.7045	-0.0003	45.7612	1.8675	671.3760	534.3360	46.5509	661.9633	94.8148	672.1008	94.6528	677.0031	94.5833	682.8026	94.7454	
31/08/2017	00:28:21	011995	G488134737HLR	L488	S		638.8797	1.0400	0.0000	99.8730	39.8313	0.8230	1.1625	5.0000	20.8397	713.0702	94.9306	15.7687	25.0000	0.9300	0.9236	0.6999	0.0000	713.0000	713.0552	1.0272	-2.0000	99.9921	40.6813	0.8230	0.8262	5.0000	-9999.0000	-9999.0000	-9999.0000	-9999.0000	-9999.0000	-9999.0000	17.6421	8	0	25.1185	1.0000	10	1	-9999.0000	36194	63115	-9999	-9999	2177	4799	499.2990	3	0.6999	0.7038	-0.0002	47.9286	1.7739	669.1044	510.4478	48.1019	660.8120	94.8843	671.6763	94.6065	675.4690	94.6065	680.9625	94.7685	
31/08/2017	00:28:46	011995	G488134743HLR	L488	S		639.6059	1.0400	0.0000	99.9143	39.8320	0.8230	1.1623	5.0000	21.4576	713.0393	94.8843	15.9991	24.9000	0.9300	0.9236	0.6999	0.0000	713.0000	714.1965	1.0272	-2.0000	99.9868	40.6846	0.8230	0.8265	5.0000	-9999.0000	-9999.0000	-9999.0000	-9999.0000	-9999.0000	-9999.0000	17.3497	1	0	25.3288	1.0000	10	1	-9999.0000	36194	63116	-9999	-9999	2178	4801	499.1144	3	0.6999	0.7038	-0.0002	47.9286	1.7739	670.4861	526.0127	47.0833	663.4476	94.7917	671.6374	94.6991	675.6315	94.5833	680.7129	94.7917	
31/08/2017	00:29:13	011995	G488134747HLR	L488	S		640.9879	1.0400	0.0000	99.9152	39.8333	0.8230	1.1626	5.0000	20.1689	713.0420	94.8843	20.4384	24.9000	0.9300	0.9237	0.7001	0.0000	713.0000	717.7888	1.0272	-2.0000	99.7408	40.6945	0.8230	0.8270	5.0000	-9999.0000	-9999.0000	-9999.0000	-9999.0000	-9999.0000	-9999.0000	17.6396	2	0	26.7982	1.0000	10	1	-9999.0000	36195	63116	-9999	-9999	2179	4802	499.1311	3	0.7001	0.7041	-0.0003	48.2079	1.7640	668.1156	542.6082	47.2222	660.5162	94.8380	667.3300	94.6991	672.3367	94.5602	674.9340	94.7685	
31/08/2017	00:29:39	011995	G488134748HLR	L488	S		634.2357	1.0400	0.0000	99.9561	39.8293	0.8230	1.1620	5.0000	22.6784	713.0615	94.9537	19.1289	24.9000	0.9300	0.9237	0.7001	0.0000	713.0000	718.1703	1.0272	-2.0000	99.6888	40.6632	0.8230	0.8273	5.0000	-9999.0000	-9999.0000	-9999.0000	-9999.0000	-9999.0000	-9999.0000	17.2343	3	0	25.4089	1.0000	10	1	-9999.0000	36196	63117	-9999	-9999	2180	4804	499.2954	3	0.7001	0.7040	-0.0002	48.6396	1.7280	665.2834	521.4095	47.2454	657.5849	94.7685	668.8741	94.7222	674.1581	94.5833	677.3518	94.7685	
31/08/2017	00:30:06	011995	G488134718HLR	L488	S		638.3578	1.0400	0.0000	99.9162	39.8439	0.8230	1.1623	5.0000	21.4116	713.0243	94.9306	14.1496	24.9000	0.9300	0.9236	0.7001	0.0000	713.0000	711.7378	1.0272	-2.0000	99.7100	40.6283	0.8230	0.8264	5.0000	-9999.0000	-9999.0000	-9999.0000	-9999.0000	-9999.0000	-9999.0000	17.2293	4	0	27.0591	1.0000	10	1	-9999.0000	36197	63118	-9999	-9999	2181	4806	499.1768	3	0.7001	0.7040	-0.0002	48.6396	1.7280	668.9090	523.8522	47.8241	660.7698	94.8148	671.2242	94.6528	677.2259	94.5602	681.6665	94.7222	
31/08/2017	00:30:32	011995	G488134714HLR	L488	S		635.8457	1.0400	0.0000	99.9137	39.8419	0.8230	1.1622	5.0000	21.6598	713.0311	94.8843	14.1486	24.8000	0.9300	0.9236	0.7002	0.0000	713.0000	712.3049	1.0272	-2.0000	100.0382	40.6249	0.8230	0.8255	5.0000	-9999.0000	-9999.0000	-9999.0000	-9999.0000	-9999.0000	-9999.0000	17.2790	5	0	26.3687	1.0000	10	1	-9999.0000	36198	63119	-9999	-9999	2182	4808	499.2687	3	0.7002	0.7124	-0.0008	58.3828	1.0540	666.7188	521.9821	46.8056	657.6287	94.7685	670.4154	94.6296	676.3856	94.5833	682.1935	94.7454	
31/08/2017	00:30:59	011995	G488134730HLR	L488	S		636.1644	1.0400	0.0000	99.9162	39.8333	0.8230	1.1624	5.0000	22.3398	713.0599	94.9769	15.8390	24.9000	0.9300	0.9237	0.6996	0.0000	713.0000	712.3704	1.0272	-2.0000	99.9780	40.6625	0.8230	0.8258	5.0000	-9999.0000	-9999.0000	-9999.0000	-9999.0000	-9999.0000	-9999.0000	17.2483	6	0	27.0883	1.0000	10	1	-9999.0000	36199	63120	-9999	-9999	2183	4810	499.1527	3	0.6996	0.7138	-0.0009	56.8563	1.1404	665.5103	520.9970	45.5093	656.5616	94.8380	669.3181	94.7222	674.0459	94.5602	679.2804	94.7454	
31/08/2017	00:31:26	011995	G488134727HLR	L488	S		635.3065	1.0400	0.0000	99.8912	39.8555	0.8230	1.1622	5.0000	21.8776	713.0463	94.8843	14.3488	24.9000	0.9300	0.9237	0.6996	0.0000	713.0000	712.9310	1.0272	-2.0000	99.8490	40.6654	0.8230	0.8251	5.0000	-9999.0000	-9999.0000	-9999.0000	-9999.0000	-9999.0000	-9999.0000	19.5277	7	0	27.3580	1.0000	10	1	-9999.0000	36200	63121	-9999	-9999	2184	4812	498.8886	3	0.6996	0.7138	-0.0009	56.8563	1.1404	670.2776	519.9648	46.9213	661.8614	94.7685	674.4440	94.6759	677.8735	94.5602	683.4305	94.7685	
31/08/2017	00:31:53	011995	G488134733HLR	L488	S		636.4789	1.0400	0.0000	99.8850	39.8667	0.8230	1.1625	5.0000	20.4617	713.0076	94.9074	16.1485	24.9000	0.9300	0.9237	0.7000	0.0000	713.0000	713.2855	1.0272	-2.0000	99.8112	40.6916	0.8230	0.8271	5.0000	-9999.0000	-9999.0000	-9999.0000	-9999.0000	-9999.0000	-9999.0000	17.3288	8	0	26.9189	1.0000	10	1	-9999.0000	36201	63122	-9999	-9999	2185	4814	498.9077	3	0.7000	0.7142	-0.0009	66.6065	0.4961	668.2431	519.0910	45.8333	658.9450	94.8843	669.7626	94.6759	674.7314	94.5833	678.6722	94.7917	
31/08/2017	00:32:19	011995	G488135086HLR	L488	S		641.3685	1.0400	0.0000	99.8828	39.8667	0.8230	1.1624	5.0000	20.3285	713.1057	94.9306	15.4592	24.9000	0.9300	0.9236	0.7000	0.0000	713.0000	715.5028	1.0272	-2.0000	99.7525	40.6913	0.8230	0.8274	5.0000	-9999.0000	-9999.0000	-9999.0000	-9999.0000	-9999.0000	-9999.0000	17.4238	1	0	25.6085	1.0000	10	1	-9999.0000	36202	63122	-9999	-9999	2186	4816	499.2370	3	0.7000	0.7143	-0.0009	61.2564	0.8654	673.8764	520.6950	45.3704	665.2372	94.7454	675.7011	94.7222	680.5557	94.5602	685.1306	94.7454	
31/08/2017	00:32:46	011995	G488135090HLR	L488	S		633.9808	1.0400	0.0000	99.9625	39.8512	0.8230	1.1620	5.0000	22.3385	713.0299	94.8843	16.2091	24.9000	0.9300	0.9236	0.7000	0.0000	713.0000	713.9713	1.0272	-2.0000	99.7250	40.6501	0.8230	0.8271	5.0000	-9999.0000	-9999.0000	-9999.0000	-9999.0000	-9999.0000	-9999.0000	17.3590	2	0	26.5876	1.0000	10	1	-9999.0000	36203	63123	-9999	-9999	2187	4818	499.1574	3	0.7000	0.7143	-0.0009	61.2564	0.8654	656.1945	530.5853	49.6991	647.4135	95.0000	666.7387	94.6065	673.5859	94.6065	679.4049	94.7454	
31/08/2017	00:33:14	011995	G488135097HLR	L488	S		638.6583	1.0400	0.0000	99.8887	39.8667	0.8230	1.1626	5.0000	19.7890	713.0260	94.9306	15.7492	24.9000	0.9300	0.9237	0.6997	0.0000	713.0000	713.3218	1.0272	-2.0000	99.7810	40.6167	0.8230	0.8258	5.0000	-9999.0000	-9999.0000	-9999.0000	-9999.0000	-9999.0000	-9999.0000	17.3971	3	0	28.7590	1.0000	10	1	-9999.0000	36204	63124	-9999	-9999	2188	4820	499.0155	3	0.6997	0.7139	-0.0009	65.6185	0.6475	667.6395	506.5953	47.1991	659.8532	94.8148	669.5232	94.6296	675.4709	94.5833	679.9876	94.7685	
31/08/2017	00:33:41	011995	G488135109HLR	L488	S		614.2040	1.0400	0.0000	99.8733	39.8587	0.8230	1.1625	5.0000	20.2987	713.0550	94.9074	15.8995	24.9000	0.9300	0.9236	0.6994	0.0000	713.0000	712.8691	1.0272	-2.0000	99.7405	40.6345	0.8230	0.8254	5.0000	-9999.0000	-9999.0000	-9999.0000	-9999.0000	-9999.0000	-9999.0000	17.3675	4	0	26.8979	1.0000	10	1	-9999.0000	36205	63124	-9999	-9999	2188	4822	498.9758	3	0.6994	0.7138	-0.0009	65.8868	0.6226	668.8518	524.4322	46.5046	661.8192	94.8380	669.7758	94.6528	674.6904	94.5833	678.0437	94.7454	
31/08/2017	00:34:15	011995	G488135106HLR	L488	S		638.7979	1.0400	0.0000	99.9473	39.8381	0.8230	1.1619	5.0000	22.7888	713.0904	94.8380	13.9094	24.8000	0.9300	0.9237	0.6994	0.0000	713.0000	710.6196	1.0272	-2.0000	100.0950	40.6530	0.8230	0.8258	5.0000	-9999.0000	-9999.0000	-9999.0000	-9999.0000	-9999.0000	-9999.0000	17.2982	5	0	34.1085	1.0000	10	1	-9999.0000	36206	63125	-9999	-9999	2189	4824	498.7750	3	0.6994	0.7138	-0.0009	65.8868	0.6226	670.0934	524.4207	45.7176	661.4600	94.8380	673.1087	94.6991	678.0328	94.5370	682.6050	94.7685	
31/08/2017	00:34:42	011995	G488134596HLR	L488	S		635.3271	1.0400	0.0000	99.9462	39.8445	0.8230	1.1620	5.0000	22.6285	713.0537	94.9306	15.7296	24.9000	0.9300	0.9236	0.6993	0.0000	713.0000	712.1637	1.0272	-2.0000	99.6601	40.6775	0.8230	0.8264	5.0000	-9999.0000	-9999.0000	-9999.0000	-9999.0000	-9999.0000	-9999.0000	17.2274	6	0	26.7388	1.0000	10	1	-9999.0000	36207	63126	-9999	-9999	2190	4826	498.8228	3	0.6993	0.7134	-0.0009	64.7132	0.7451	665.8022	512.9715	47.8935	657.4836	94.8148	667.9738	94.6991	673.1967	94.5833	678.1375	94.7454	
31/08/2017	00:35:17	011995	G488135077HLR	L488	S		636.8812	1.0400	0.0000	99.8794	39.8667	0.8230	1.1625	5.0000	20.1689	713.0315	94.7917	16.8594	24.9000	0.9300	0.9238	0.6992	0.0000	713.0000	712.4684	1.0272	-2.0000	99.9007	40.6542	0.8230	0.8258	5.0000	-9999.0000	-9999.0000	-9999.0000	-9999.0000	-9999.0000	-9999.0000	17.2824	7	0	34.4287	1.0000	10	1	-9999.0000	36208	63126	-9999	-9999	2191	4828	498.6306	3	0.6992	0.7142	-0.0009	63.7290	0.8065	666.3529	523.7377	48.2639	658.1334	94.8611	668.0178	94.6528	672.3418	94.6065	676.8403	94.7685	
31/08/2017	00:35:45	011995	G488135078HLR	L488	S		637.5434	1.0400	0.0000	99.8938	39.8667	0.8230	1.1625	5.0000	20.2585	713.0396	94.8611	15.9688	24.8000	0.9300	0.9237	0.6994	0.0000	713.0000	712.1094	1.0272	-2.0000	99.7700	40.6727	0.8230	0.8262	5.0000	-9999.0000	-9999.0000	-9999.0000	-9999.0000	-9999.0000	-9999.0000	17.5798	8	0	28.1475	1.0000	10	1	-9999.0000	36209	63127	-9999	-9999	2192	4830	498.6223	3	0.6994	0.7148	-0.0010	62.3364	0.8594	667.0996	510.5535	48.0556	658.9692	94.8380	669.2702	94.7222	673.8115	94.5602	678.7014	94.7222	
31/08/2017	00:36:15	011995	G488135102HLR	L488	S		636.8744	1.0400	0.0000	99.9486	39.8575	0.8230	1.1624	5.0000	20.3690	713.1090	94.7917	23.1189	24.9000	0.9300	0.9237	0.6994	0.0000	713.0000	716.3499	1.0272	-2.0000	99.7999	40.6529	0.8230	0.8259	5.0000	-9999.0000	-9999.0000	-9999.0000	-9999.0000	-9999.0000	-9999.0000	17.1939	1	0	29.9477	1.0000	10	1	-9999.0000	36210	63128	-9999	-9999	2192	4832	498.8536	3	0.6994	0.7152	-0.0010	61.8230	0.9003	662.4295	513.0816	44.9074	653.8137	94.9769	663.5348	94.6528	668.5317	94.5833	672.5049	94.7917	
31/08/2017	00:36:41	011995	G488135093HLR	L488	S		641.2849	1.0400	0.0000	99.8795	39.8428	0.8230	1.1624	5.0000	20.3389	713.0262	94.8843	15.7687	24.9000	0.9300	0.9236	0.6994	0.0000	713.0000	713.0178	1.0272	-2.0000	100.0350	40.6589	0.8230	0.8262	5.0000	-9999.0000	-9999.0000	-9999.0000	-9999.0000	-9999.0000	-9999.0000	17.3727	2	0	26.3688	1.0000	10	1	-9999.0000	36211	63129	-9999	-9999	2193	4834	498.7421	3	0.6994	0.7148	-0.0010	63.4152	0.7996	668.5732	555.2382	49.5139	660.9953	94.7917	672.4886	94.7454	676.4270	94.5833	680.3995	94.7454	
31/08/2017	00:37:06	011995	G488134491HLR	L488	S		631.8431	1.0400	0.0000	99.9469	39.8354	0.8230	1.1621	5.0000	21.6189	713.0424	94.7917	23.4987	24.8000	0.9300	0.9237	0.6995	0.0000	713.0000	714.7101	1.0272	-2.0000	99.7064	40.6622	0.8230	0.8257	5.0000	-9999.0000	-9999.0000	-9999.0000	-9999.0000	-9999.0000	-9999.0000	18.2281	3	0	25.3189	1.0000	10	1	-9999.0000	36212	63130	-9999	-9999	2194	4836	498.7527	3	0.6995	0.7148	-0.0010	63.3827	0.8016	656.4393	539.5842	49.8380	648.1428	95.0694	658.6940	94.5602	664.3246	94.6296	667.3922	94.7685	
31/08/2017	00:37:42	011995	G488134492HLR	L488	S		631.9622	1.0400	0.0000	99.8682	39.8346	0.8230	1.1627	5.0000	19.3508	713.0241	94.7685	17.1290	24.9000	0.9300	0.9237	0.6996	0.0000	713.0000	711.0901	1.0272	-2.0000	99.8479	40.6794	0.8230	0.8270	5.0000	-9999.0000	-9999.0000	-9999.0000	-9999.0000	-9999.0000	-9999.0000	17.3977	4	0	35.4082	1.0000	10	1	-9999.0000	36212	63130	-9999	-9999	2195	4838	498.7875	3	0.6996	0.7082	-0.0005	64.4922	0.7345	659.8965	495.5186	48.1019	649.9290	94.9074	664.0171	94.6991	669.5598	94.5370	674.1689	94.7222	
31/08/2017	00:38:24	011995	G488135046HLR	L488	S		638.5642	1.0400	0.0000	99.9284	39.8339	0.8230	1.1624	5.0000	20.2772	713.0788	95.0231	18.9785	25.0000	0.9300	0.9238	0.6998	0.0000	713.0000	716.0109	1.0272	-2.0000	99.7483	40.6747	0.8230	0.8275	5.0000	-9999.0000	-9999.0000	-9999.0000	-9999.0000	-9999.0000	-9999.0000	17.1832	5	0	41.9371	1.0000	10	1	-9999.0000	36213	63131	-9999	-9999	2196	4840	498.9410	3	0.6998	0.7081	-0.0005	66.7665	0.5558	665.2582	499.4316	48.2407	655.7558	94.8611	669.9672	94.6065	672.8678	94.6065	677.0857	94.7454	
31/08/2017	00:39:03	011995	G488135053HLR	L488	S		637.8345	1.0400	0.0000	99.8980	39.8090	0.8230	1.1620	5.0000	22.2888	713.0777	94.9074	15.4289	24.9000	0.9300	0.9236	0.6998	0.0000	713.0000	713.3173	1.0272	-2.0000	100.0446	40.6943	0.8230	0.8271	5.0000	-9999.0000	-9999.0000	-9999.0000	-9999.0000	-9999.0000	-9999.0000	17.5678	6	0	38.8490	1.0000	10	1	-9999.0000	36214	63132	-9999	-9999	2197	4842	499.0838	3	0.6998	0.7081	-0.0005	66.7665	0.5558	668.9209	481.5600	45.4630	660.4560	94.9537	671.0879	94.6065	677.0647	94.5602	681.1354	94.7685	
31/08/2017	00:39:45	011995	G488135059HLR	L488	S		638.2097	1.0400	0.0000	99.8827	39.8333	0.8230	1.1625	5.0000	20.3547	713.0349	94.8843	14.3693	24.9000	0.9300	0.9236	0.6996	0.0000	713.0000	710.8402	1.0272	-2.0000	99.7319	40.6361	0.8230	0.8255	5.0000	-9999.0000	-9999.0000	-9999.0000	-9999.0000	-9999.0000	-9999.0000	17.5885	7	0	41.9573	1.0000	10	1	-9999.0000	36215	63133	-9999	-9999	2198	4844	498.8451	3	0.6996	0.7060	-0.0004	64.4826	0.7137	670.6339	497.9068	48.7500	661.8153	94.8611	672.9694	94.5602	677.8815	94.6296	683.3366	94.7454	
31/08/2017	00:40:20	011995	G488134627HLR	L488	S		625.6727	1.0400	0.0000	99.8612	39.8336	0.8230	1.1628	5.0000	19.3387	713.0281	94.9769	24.5387	25.0000	0.9300	0.9236	0.6994	0.0000	713.0000	712.2279	1.0272	-2.0000	99.6849	40.6167	0.8230	0.8260	5.0000	-9999.0000	-9999.0000	-9999.0000	-9999.0000	-9999.0000	-9999.0000	17.3923	8	0	35.3380	1.0000	08	2	-9999.0000	36216	63134	-9999	-9999	2199	4846	498.8749	3	0.6994	0.7059	-0.0004	63.4684	0.7699	650.4605	490.1252	47.4537	641.4392	94.9537	651.3589	94.6296	655.7428	94.6065	661.6151	94.7454	
31/08/2017	00:41:02	011995	G488134617HLR	L488	S		625.2896	1.0400	0.0000	99.8641	39.8333	0.8230	1.1625	5.0000	20.1339	709.2802	94.6528	31.0081	24.9000	0.9300	0.9235	0.6993	0.0000	713.0000	714.6428	1.0272	-2.0000	99.6623	40.6785	0.8230	0.8276	5.0000	-9999.0000	-9999.0000	-9999.0000	-9999.0000	-9999.0000	-9999.0000	17.2735	1	0	41.8374	1.0000	08	2	-9999.0000	36217	63135	-9999	-9999	2200	4848	496.0785	3	0.6993	0.7062	-0.0004	61.7762	0.8556	647.1059	507.0718	47.2917	639.0386	94.9769	648.4956	94.7222	653.5468	94.5602	655.7870	94.7222	
31/08/2017	00:41:43	011995	G488134628HLR	L488	S		607.8774	1.0400	0.0000	100.0102	39.8103	0.8230	1.1620	5.0000	22.6989	713.0273	94.8380	27.8579	24.9000	0.9300	0.9235	0.6995	0.0000	713.0000	717.8455	1.0272	-2.0000	99.7531	40.6945	0.8230	0.8272	5.0000	-9999.0000	-9999.0000	-9999.0000	-9999.0000	-9999.0000	-9999.0000	17.3070	2	0	40.9881	1.0000	08	2	-9999.0000	36218	63136	-9999	-9999	2201	4850	498.6763	3	0.6995	0.7072	-0.0005	60.4092	0.9184	645.5373	493.1320	48.0324	636.1635	94.9306	649.1041	94.6528	653.7133	94.6065	658.9634	94.7222	
31/08/2017	00:42:20	011995	G488134621HLR	L488	S		611.1272	1.0400	0.0000	99.9042	39.8279	0.8230	1.1626	5.0000	20.0036	706.8212	94.6296	31.0091	24.8000	0.9300	0.9235	0.6997	0.0000	713.0000	710.5259	1.0272	-2.0000	99.7124	40.6380	0.8230	0.8256	5.0000	-9999.0000	-9999.0000	-9999.0000	-9999.0000	-9999.0000	-9999.0000	17.3592	3	0	37.5172	1.0000	08	2	-9999.0000	36219	63137	-9999	-9999	2202	4852	494.4351	3	0.6997	0.7073	-0.0004	58.0477	1.0727	637.6612	501.4459	47.5926	630.2275	95.1620	638.9801	94.6991	643.2171	94.5833	647.3141	94.7222	
31/08/2017	00:43:02	011995	G488134634HLR	L488	S		622.9567	1.0400	0.0000	99.9359	39.7949	0.8230	1.1620	5.0000	23.0387	713.0669	94.9537	24.4781	24.8000	0.9300	0.9235	0.6993	0.0000	713.0000	713.1547	1.0272	-2.0000	99.7612	40.6238	0.8230	0.8265	5.0000	-9999.0000	-9999.0000	-9999.0000	-9999.0000	-9999.0000	-9999.0000	17.2189	4	0	41.9977	1.0000	08	2	-9999.0000	36220	63138	-9999	-9999	2203	4854	498.9695	3	0.6993	0.7065	-0.0004	59.0044	0.9954	648.3056	513.1013	47.2917	641.6626	94.9074	649.6028	94.6296	655.6345	94.6296	659.5789	94.6759	
31/08/2017	00:43:42	011995	G488134558HLR	L488	S		621.9580	1.0400	0.0000	99.8775	39.8234	0.8230	1.1625	5.0000	20.4090	711.7462	94.6065	31.0081	24.8000	0.9300	0.9235	0.6991	0.0000	713.0000	714.8129	1.0272	-2.0000	99.6945	40.6610	0.8230	0.8274	5.0000	-9999.0000	-9999.0000	-9999.0000	-9999.0000	-9999.0000	-9999.0000	17.4190	5	0	40.2685	1.0000	08	2	-9999.0000	36221	63139	-9999	-9999	2204	4856	497.7716	3	0.6991	0.7069	-0.0004	58.8134	1.0098	643.0620	527.0919	47.8009	635.4066	95.0231	644.8490	94.5833	648.3566	94.6296	652.4833	94.6991	
31/08/2017	00:44:18	011995	G488134559HLR	L488	S		617.1342	1.0400	0.0000	99.9120	39.8011	0.8230	1.1623	5.0000	21.7376	713.0861	94.6065	29.9984	24.8000	0.9300	0.9236	0.6988	0.0000	713.0000	715.7772	1.0272	-2.0000	99.7347	40.6742	0.8230	0.8265	5.0000	-9999.0000	-9999.0000	-9999.0000	-9999.0000	-9999.0000	-9999.0000	17.2281	6	0	35.5380	1.0000	08	2	-9999.0000	36222	63140	-9999	-9999	2205	4858	498.5459	3	0.6988	0.7062	-0.0004	56.2251	1.1638	643.1093	502.8240	48.4259	635.5749	94.9769	644.1036	94.6759	649.2368	94.6065	653.0754	94.6991	
31/08/2017	00:44:43	011995	G488134561HLR	L488	S		609.7795	1.0400	0.0000	99.9620	39.7953	0.8230	1.1621	5.0000	22.7692	713.0281	94.9306	26.5093	24.9000	0.9300	0.9236	0.6986	0.0000	713.0000	718.9624	1.0272	-2.0000	99.7479	40.6094	0.8230	0.8255	5.0000	-9999.0000	-9999.0000	-9999.0000	-9999.0000	-9999.0000	-9999.0000	17.2220	7	0	25.3689	1.0000	08	2	-9999.0000	36223	63141	-9999	-9999	2206	4860	498.2755	3	0.6986	0.7056	-0.0003	54.5071	1.2792	649.9894	483.6891	44.4676	640.0270	94.8611	653.2790	94.7222	658.4646	94.5602	662.9967	94.7454	
31/08/2017	00:45:22	011995	G488134613HLR	L488	S		613.5784	1.0400	0.0000	99.9481	39.8126	0.8230	1.1626	5.0000	20.1688	707.4758	94.6759	31.0081	24.8000	0.9300	0.9235	0.6984	0.0000	713.0000	712.8275	1.0272	-2.0000	99.7596	40.6000	0.8230	0.8260	5.0000	-9999.0000	-9999.0000	-9999.0000	-9999.0000	-9999.0000	-9999.0000	17.6579	8	0	38.8780	1.0000	08	2	-9999.0000	36224	63142	-9999	-9999	2207	4862	494.3028	3	0.6984	0.7052	-0.0003	54.9091	1.2394	644.6508	494.9893	48.3796	637.9286	94.9769	644.8776	94.6991	648.8737	94.6065	652.9998	94.7222	
31/08/2017	00:45:55	011995	G488134612HLR	L488	S		618.5314	1.0400	0.0000	99.8787	39.8000	0.8230	1.1625	5.0000	20.2833	713.0318	94.7917	29.1986	24.8000	0.9300	0.9235	0.6981	0.0000	713.0000	713.4756	1.0272	-2.0000	99.7363	40.6171	0.8230	0.8255	5.0000	-9999.0000	-9999.0000	-9999.0000	-9999.0000	-9999.0000	-9999.0000	17.3723	1	0	32.6072	1.0000	08	2	-9999.0000	36225	63143	-9999	-9999	2208	4863	497.9916	3	0.6981	0.7050	-0.0003	52.6797	1.3705	642.2179	487.9049	45.2315	633.8582	94.9306	644.7249	94.7685	649.7762	94.5602	653.5948	94.7222	
31/08/2017	00:46:28	011995	G488134535HLR	L488	S		622.4077	1.0400	0.0000	99.8804	39.7888	0.8230	1.1625	5.0000	20.3388	713.0736	94.9769	24.6481	24.9000	0.9300	0.9236	0.6977	0.0000	713.0000	711.6913	1.0272	-2.0000	99.9112	40.6115	0.8230	0.8263	5.0000	-9999.0000	-9999.0000	-9999.0000	-9999.0000	-9999.0000	-9999.0000	17.2594	2	0	33.5987	1.0000	08	2	-9999.0000	36226	63144	-9999	-9999	2209	4865	497.9236	3	0.6977	0.7052	-0.0003	51.9478	1.4199	647.0826	487.9128	47.2454	638.7644	95.0000	649.8407	94.6759	655.4707	94.6065	658.5650	94.7454	
31/08/2017	00:47:10	011995	G488134554HLR	L488	S		570.4464	1.0400	0.0000	99.9515	39.7500	0.8230	1.1622	5.0000	22.4663	0.0000	0.0000	0.0000	0.0000	0.9300	0.0000	0.0000	0.0000	0.0000	613.0048	1.0272	3.7170	99.7209	40.6023	0.8230	0.8267	5.0000	-9999.0000	-9999.0000	-9999.0000	-9999.0000	-9999.0000	-9999.0000	17.4480	3	7	41.8972	1.0000	08	2	-9999.0000	36227	0	-9999	-9999	2210	4867	0.0000	0	0.0000	0.0000	0.0000	0.0000	0.0000	0.0000	0.0000	0.0000	0.0000	0.0000	0.0000	0.0000	0.0000	0.0000	0.0000	0.0000	
31/08/2017	00:47:41	011995	G488134555HLR	L488	S		615.6632	1.0400	0.0000	99.8485	39.7915	0.8230	1.1627	5.0000	20.0983	713.0419	94.8380	27.9585	24.9000	0.9300	0.9240	0.6974	0.0000	713.0000	712.5790	1.0272	-2.0000	99.7773	40.6143	0.8230	0.8267	5.0000	-9999.0000	-9999.0000	-9999.0000	-9999.0000	-9999.0000	-9999.0000	17.2972	4	0	31.0783	1.0000	08	2	-9999.0000	36228	63145	-9999	-9999	2211	4869	497.3827	3	0.6974	0.7061	-0.0003	51.1941	1.5058	647.0754	534.0694	49.1667	641.7978	94.8380	646.8427	94.8611	652.0925	94.6296	654.8900	94.6991	
31/08/2017	00:48:24	011995	G488134556HLR	L488	S		626.3049	1.0400	0.0000	99.8746	39.7851	0.8230	1.1627	5.0000	20.2584	713.0520	94.9306	21.7488	24.9000	0.9300	0.9236	0.6975	0.0000	713.0000	710.7464	1.0272	-2.0000	99.8234	40.6719	0.8230	0.8265	5.0000	-9999.0000	-9999.0000	-9999.0000	-9999.0000	-9999.0000	-9999.0000	18.4988	5	0	42.1104	1.0000	08	2	-9999.0000	36229	63146	-9999	-9999	2211	4871	497.3134	3	0.6975	0.7063	-0.0003	51.0924	1.5333	653.8328	504.9772	48.1944	647.5679	94.9074	656.5686	94.6991	660.0120	94.5833	664.9710	94.7685	
31/08/2017	00:48:59	011995	G488134557HLR	L488	S		613.5340	1.0400	0.0000	99.9316	39.7771	0.8230	1.1621	5.0000	22.7669	713.0225	94.9769	22.6882	24.9000	0.9300	0.9236	0.6975	0.0000	713.0000	715.5664	1.0272	-2.0000	99.7778	40.6756	0.8230	0.8272	5.0000	-9999.0000	-9999.0000	-9999.0000	-9999.0000	-9999.0000	-9999.0000	17.3276	6	0	35.2859	1.0000	08	2	-9999.0000	36230	63147	-9999	-9999	2212	4872	497.3443	3	0.6975	0.7063	-0.0003	51.0924	1.5333	654.2014	507.0373	50.5324	647.6115	94.8843	657.4882	94.7454	662.6760	94.5833	666.7240	94.6991	
31/08/2017	00:49:37	011995	G488134516HLR	L488	S		617.9780	1.0400	0.0000	99.9529	39.7891	0.8230	1.1623	5.0000	21.9475	713.0235	94.6296	30.8187	24.8000	0.9300	0.9235	0.6973	0.0000	713.0000	713.8835	1.0272	-2.0000	99.7385	40.6182	0.8230	0.8255	5.0000	-9999.0000	-9999.0000	-9999.0000	-9999.0000	-9999.0000	-9999.0000	17.3186	7	0	37.9985	1.0000	08	2	-9999.0000	36231	63148	-9999	-9999	2213	4874	497.3652	3	0.6973	0.7055	-0.0003	50.0563	1.5732	641.5983	486.8556	45.4861	634.3394	94.9074	641.6928	94.8380	645.6501	94.5833	648.3551	94.6759	
31/08/2017	00:50:12	011995	G488134522HLR	L488	S		614.9520	1.0400	0.0000	99.8680	39.8040	0.8230	1.1627	5.0000	20.2489	713.0552	95.0000	20.1688	24.9000	0.9300	0.9236	0.6975	0.0000	713.0000	716.5837	1.0272	-2.0000	99.7089	40.5965	0.8230	0.8257	5.0000	-9999.0000	-9999.0000	-9999.0000	-9999.0000	-9999.0000	-9999.0000	17.2489	8	0	35.2173	1.0000	08	2	-9999.0000	36232	63148	-9999	-9999	2214	4876	497.2544	3	0.6975	0.7072	-0.0004	50.5902	1.5683	658.0379	489.3216	45.0231	647.8375	94.8380	662.4017	94.8380	667.8159	94.5370	671.8888	94.7685	
31/08/2017	00:52:17	011995	G488133902HLR	L488	S		0.0000	0.0000	0.0000	0.0000	0.0000	0.8230	0.0000	0.0000	0.0000	0.0000	0.0000	0.0000	0.0000	0.9300	0.0000	0.0000	0.0000	0.0000	0.0000	0.0000	0.0000	0.0000	0.0000	0.8230	0.0000	0.0000	0.0000	0.0000	0.0000	0.0000	0.0000	0.0000	0.0000	0	42	35.2173	1.0000	08	2	0.0000	0	0	0	0	0	0	0.0000	0	0.0000	0.0000	0.0000	0.0000	0.0000	0.0000	0.0000	0.0000	0.0000	0.0000	0.0000	0.0000	0.0000	0.0000	0.0000	0.0000	
31/08/2017	00:52:40	011995	G488134542HLR	L488	S		616.3020	1.0400	0.0000	99.8972	39.7918	0.8230	1.1625	5.0000	20.2787	699.8991	94.5833	31.0081	24.8000	0.9300	0.9235	0.6971	0.0000	713.0000	704.0369	1.0272	-2.0186	99.7250	40.6210	0.8230	0.8270	5.0000	-9999.0000	-9999.0000	-9999.0000	-9999.0000	-9999.0000	-9999.0000	17.3492	1	34	148.3924	1.0000	08	2	-9999.0000	36233	63148	-9999	-9999	2215	4878	488.1278	3	0.6971	0.7081	-0.0004	52.5730	1.4628	638.4980	480.3148	47.9630	630.2308	95.0231	641.1383	94.6528	644.3990	94.6065	648.6461	94.7685	
31/08/2017	00:53:14	011995	G488134553HLR	L488	S		625.1714	1.0400	0.0000	99.8644	39.7825	0.8230	1.1626	5.0000	20.3579	713.0485	94.9769	24.3581	24.9000	0.9300	0.9235	0.6968	0.0000	713.0000	710.0548	1.0272	-2.0000	99.7197	40.6437	0.8230	0.8274	5.0000	-9999.0000	-9999.0000	-9999.0000	-9999.0000	-9999.0000	-9999.0000	17.2748	2	0	30.7278	1.0000	08	2	-9999.0000	36233	63149	-9999	-9999	2216	4880	497.1254	3	0.6968	0.7110	-0.0005	68.3241	0.9296	650.3246	499.9965	46.0880	642.1128	94.9769	653.2515	94.6065	657.5169	94.6759	661.7189	94.7222	
31/08/2017	00:53:40	011995	G488134546HLR	L488	S		620.2092	1.0400	0.0000	99.8849	39.7829	0.8230	1.1625	5.0000	20.2792	713.0903	94.9306	27.0679	24.9000	0.9300	0.9235	0.6964	0.0000	713.0000	712.9267	1.0272	-2.0000	99.7718	40.5784	0.8230	0.8260	5.0000	-9999.0000	-9999.0000	-9999.0000	-9999.0000	-9999.0000	-9999.0000	17.1784	3	0	28.3393	1.0000	08	2	-9999.0000	36234	63150	-9999	-9999	2217	4882	496.9214	3	0.6964	0.7006	-0.0002	94.5377	0.0768	647.7579	506.3993	48.3565	640.8851	95.0231	648.9533	94.5370	655.3870	94.6528	658.7262	94.7917	
31/08/2017	00:54:17	011995	G488134753HLR	L488	S		621.5331	1.0400	0.0000	99.9053	39.7740	0.8230	1.1626	5.0000	20.1893	713.0614	94.9306	24.3288	25.0000	0.9300	0.9235	0.6964	0.0000	713.0000	712.0250	1.0272	-2.0000	99.7087	40.5784	0.8230	0.8259	5.0000	-9999.0000	-9999.0000	-9999.0000	-9999.0000	-9999.0000	-9999.0000	17.2513	4	0	37.6887	1.0000	08	2	-9999.0000	36235	63151	-9999	-9999	2218	4884	496.5842	3	0.6964	0.7007	-0.0002	94.3134	0.0861	651.6167	513.5026	47.8935	644.3138	94.8611	651.5533	94.6528	656.3281	94.6296	661.0280	94.6991	
31/08/2017	00:54:54	011995	G488134539HLR	L488	S		618.6271	1.0400	0.0000	99.8930	39.7715	0.8230	1.1626	5.0000	20.1096	713.0241	94.6991	30.2182	24.9000	0.9300	0.9235	0.6967	0.0000	713.0000	713.7409	1.0272	-2.0000	99.8228	40.5846	0.8230	0.8253	5.0000	-9999.0000	-9999.0000	-9999.0000	-9999.0000	-9999.0000	-9999.0000	17.7985	5	0	36.8364	1.0000	08	2	-9999.0000	36236	63152	-9999	-9999	2219	4886	496.5419	3	0.6967	0.7027	-0.0002	87.3421	0.2787	646.7226	526.4032	50.1389	639.5474	95.0000	647.9712	94.5833	653.5554	94.6528	657.9021	94.7685	
31/08/2017	00:55:30	011995	G488132586HLR	L488	S		619.5423	1.0400	0.0000	99.9589	39.7621	0.8230	1.1626	5.0000	20.3277	713.0216	95.0231	19.7587	25.1000	0.9300	0.9241	0.6968	0.0000	713.0000	711.1098	1.0272	-2.0000	99.6936	40.5816	0.8230	0.8263	5.0000	-9999.0000	-9999.0000	-9999.0000	-9999.0000	-9999.0000	-9999.0000	17.3780	6	0	35.8283	1.0000	08	2	-9999.0000	36237	63153	-9999	-9999	2220	4887	496.7871	3	0.6968	0.7027	-0.0002	89.3111	0.1900	655.6843	472.4535	48.2639	646.8586	94.3750	660.3332	94.9537	666.6999	94.6991	671.1845	94.6528	
31/08/2017	00:56:06	011995	G488134519HLR	L488	S		633.9389	1.0400	0.0000	99.8956	39.6046	0.8230	1.1625	5.0000	20.6379	713.0312	94.7685	17.3994	24.9000	0.9300	0.9237	0.6966	0.0000	713.0000	712.1402	1.0272	-2.0000	99.7494	40.6229	0.8230	0.8274	5.0000	-9999.0000	-9999.0000	-9999.0000	-9999.0000	-9999.0000	-9999.0000	17.3889	7	0	36.4389	1.0000	08	2	-9999.0000	36238	63153	-9999	-9999	2221	4889	496.8628	3	0.6966	0.7013	-0.0002	89.5162	0.1839	666.5117	538.2474	50.1157	658.7307	95.0000	667.5766	94.5370	672.6308	94.6528	676.9002	94.7454	
31/08/2017	00:56:38	011995	G488133928HLR	L488	S		618.5468	1.0400	0.0000	99.8915	39.6923	0.8230	1.1633	5.0000	19.3215	713.0445	94.8843	26.6782	24.9000	0.9300	0.9236	0.6966	0.0000	713.0000	713.8485	1.0272	-2.0000	99.7718	40.6465	0.8230	0.8276	5.0000	-9999.0000	-9999.0000	-9999.0000	-9999.0000	-9999.0000	-9999.0000	17.3988	8	0	32.1472	1.0000	08	2	-9999.0000	36239	63154	-9999	-9999	2222	4891	496.7904	3	0.6966	0.7019	-0.0002	87.5621	0.2618	649.2232	506.9303	50.3241	642.3627	94.9306	649.9781	94.6759	654.3953	94.6065	659.6886	94.7454	
31/08/2017	00:57:16	011995	G488133921HLR	L488	S		608.7700	1.0400	0.0000	99.8760	39.7302	0.8230	1.1630	5.0000	20.4188	713.0321	94.8148	25.7886	24.9000	0.9300	0.9235	0.6967	0.0000	713.0000	717.7492	1.0272	-2.0000	99.9833	40.6410	0.8230	0.8258	5.0000	-9999.0000	-9999.0000	-9999.0000	-9999.0000	-9999.0000	-9999.0000	19.1377	1	0	37.8983	1.0000	08	2	-9999.0000	36240	63155	-9999	-9999	2223	4893	496.7092	3	0.6967	0.7029	-0.0002	87.8112	0.2396	654.7900	522.6129	50.1620	647.8581	95.0231	656.3712	94.6296	662.1513	94.6296	665.1290	94.6991	
31/08/2017	00:57:55	011995	G488133922HLR	L488	S		622.2220	1.0400	0.0000	99.8618	39.7486	0.8230	1.1628	5.0000	20.0462	713.0398	94.8843	24.8580	24.9000	0.9300	0.9235	0.6970	0.0000	713.0000	714.0470	1.0272	-2.0000	99.7173	40.6451	0.8230	0.8267	5.0000	-9999.0000	-9999.0000	-9999.0000	-9999.0000	-9999.0000	-9999.0000	17.3585	2	0	38.5174	1.0000	08	2	-9999.0000	36241	63156	-9999	-9999	2224	4895	496.8278	3	0.6970	0.7017	-0.0002	74.5307	0.6851	651.5890	517.7695	50.6481	644.3310	94.9537	653.4656	94.6528	658.3844	94.6528	662.4270	94.7454	
31/08/2017	00:58:32	011995	G488133923HLR	L488	S		618.2194	1.0400	0.0000	99.8887	39.7217	0.8230	1.1626	5.0000	20.2953	713.0130	94.7454	25.4683	24.8000	0.9300	0.9235	0.6972	0.0000	713.0000	712.7653	1.0272	-2.0000	99.7326	40.5945	0.8230	0.8255	5.0000	-9999.0000	-9999.0000	-9999.0000	-9999.0000	-9999.0000	-9999.0000	17.4888	3	0	37.3791	1.0000	08	2	-9999.0000	36242	63157	-9999	-9999	2225	4896	496.9854	3	0.6972	0.7006	-0.0001	75.6061	0.6353	647.6284	530.1474	50.3935	640.3437	94.9537	650.1792	94.6528	656.7947	94.6065	660.2136	94.7454	
31/08/2017	00:59:10	011995	G488133924HLR	L488	S		629.5620	1.0400	0.0000	99.9336	39.7048	0.8230	1.1621	5.0000	22.9160	713.0652	94.9074	21.2196	24.9000	0.9300	0.9236	0.6968	0.0000	713.0000	710.0088	1.0272	-2.0000	99.7322	40.5833	0.8230	0.8264	5.0000	-9999.0000	-9999.0000	-9999.0000	-9999.0000	-9999.0000	-9999.0000	17.7549	4	0	38.2150	1.0000	08	2	-9999.0000	36243	63158	-9999	-9999	2226	4898	497.1864	3	0.6968	0.7010	-0.0002	77.4692	0.5782	655.5311	520.0497	47.4074	648.8028	94.7454	658.3465	94.6991	662.6560	94.5833	667.8154	94.6991	
31/08/2017	00:59:48	011995	G488133765HLR	L488	S		612.6464	1.0400	0.0000	99.9284	39.7619	0.8230	1.1630	5.0000	19.3376	713.0332	94.8380	26.9487	24.8000	0.9300	0.9235	0.6965	0.0000	713.0000	712.9984	1.0272	-2.0000	99.8821	40.6290	0.8230	0.8263	5.0000	-9999.0000	-9999.0000	-9999.0000	-9999.0000	-9999.0000	-9999.0000	20.1091	5	0	37.5813	1.0000	08	2	-9999.0000	36244	63159	-9999	-9999	2227	4900	496.8733	3	0.6965	0.7004	-0.0002	79.3418	0.5161	647.7349	504.5951	47.1528	640.1975	95.0000	648.5183	94.6528	655.5212	94.6065	659.3166	94.7222	
31/08/2017	01:00:24	011995	G488133779HLR	L488	S		617.1133	1.0400	0.0000	100.0134	39.7306	0.8230	1.1624	5.0000	21.4383	713.0458	94.7222	27.5376	24.8000	0.9300	0.9235	0.6965	0.0000	713.0000	713.9160	1.0272	-2.0000	99.7761	40.6596	0.8230	0.8272	5.0000	-9999.0000	-9999.0000	-9999.0000	-9999.0000	-9999.0000	-9999.0000	17.4989	6	0	35.9768	1.0000	08	2	-9999.0000	36245	63160	-9999	-9999	2228	4902	496.6998	3	0.6965	0.7011	-0.0002	77.0018	0.5815	646.9983	494.3906	48.6111	638.8502	94.8148	648.8418	94.7454	653.6663	94.5833	658.0805	94.7454	
31/08/2017	01:00:59	011995	G488133939HLR	L488	S		618.9149	1.0400	0.0000	99.9244	39.7221	0.8230	1.1621	5.0000	22.9089	712.9999	94.7685	26.4488	24.9000	0.9300	0.9236	0.6965	0.0000	713.0000	713.0632	1.0272	-2.0000	99.8039	40.6276	0.8230	0.8255	5.0000	-9999.0000	-9999.0000	-9999.0000	-9999.0000	-9999.0000	-9999.0000	18.3799	7	0	34.6084	1.0000	08	2	-9999.0000	36246	63161	-9999	-9999	2229	4904	496.5970	3	0.6965	0.7014	-0.0002	80.0449	0.4697	648.3182	526.5681	46.6667	640.1457	94.8148	650.8906	94.7917	655.4277	94.5833	660.0512	94.6991	
31/08/2017	01:01:32	011995	G488133759HLR	L488	S		615.0659	1.0400	0.0000	99.8317	39.7683	0.8230	1.1627	5.0000	20.1339	713.0185	94.6991	27.1890	24.8000	0.9300	0.9235	0.6966	0.0000	713.0000	714.0100	1.0272	-2.0000	99.7796	40.5970	0.8230	0.8256	5.0000	-9999.0000	-9999.0000	-9999.0000	-9999.0000	-9999.0000	-9999.0000	17.2287	8	0	33.0481	1.0000	08	2	-9999.0000	36247	63162	-9999	-9999	2230	4906	496.6483	3	0.6966	0.7024	-0.0002	72.8685	0.7717	650.2852	523.7917	48.5880	642.0237	94.9074	651.5866	94.7917	654.7807	94.5370	659.3729	94.6991	
31/08/2017	01:02:08	011995	G488133935HLR	L488	S		616.7271	1.0400	0.0000	99.8762	39.7463	0.8230	1.1626	5.0000	20.2327	713.0286	94.7222	26.6285	24.9000	0.9300	0.9235	0.6966	0.0000	713.0000	714.3082	1.0272	-2.0000	99.7613	40.5795	0.8230	0.8258	5.0000	-9999.0000	-9999.0000	-9999.0000	-9999.0000	-9999.0000	-9999.0000	17.1988	1	0	36.3280	1.0000	08	2	-9999.0000	36248	63163	-9999	-9999	2231	4908	496.7531	3	0.6966	0.7050	-0.0003	70.9750	0.8581	650.1628	502.7441	46.6898	641.0972	94.7917	652.5478	94.7685	657.8531	94.5602	663.0303	94.7222	
31/08/2017	01:02:47	011995	G488133801HLR	L488	S		620.2814	1.0400	0.0000	99.9137	39.7197	0.8230	1.1622	5.0000	22.0612	713.0903	94.8843	24.9684	24.9000	0.9300	0.9235	0.6967	0.0000	713.0000	713.0941	1.0272	-2.0000	99.7040	40.5826	0.8230	0.8261	5.0000	-9999.0000	-9999.0000	-9999.0000	-9999.0000	-9999.0000	-9999.0000	17.2692	2	0	39.3477	1.0000	08	2	-9999.0000	36249	63164	-9999	-9999	2232	4910	496.7701	3	0.6967	0.7055	-0.0003	61.2671	1.2097	652.8870	484.7283	48.4259	645.0286	94.9537	653.3334	94.6528	659.9102	94.5833	662.9020	94.7454	
31/08/2017	01:03:22	011995	G488133744HLR	L488	S		620.6117	1.0400	0.0000	99.9283	39.7365	0.8230	1.1622	5.0000	22.3990	713.0196	94.8380	23.5886	24.9000	0.9300	0.9235	0.6968	0.0000	713.0000	712.8234	1.0272	-2.0000	99.9971	40.6061	0.8230	0.8269	5.0000	-9999.0000	-9999.0000	-9999.0000	-9999.0000	-9999.0000	-9999.0000	17.3577	3	0	34.4688	1.0000	08	2	-9999.0000	36250	63165	-9999	-9999	2233	4911	496.8056	3	0.6968	0.7039	-0.0003	51.9874	1.5995	651.5677	485.1022	46.3657	642.0679	94.8611	655.0554	94.6991	660.2157	94.6065	664.8347	94.7454	
31/08/2017	01:03:57	011995	G488133769HLR	L488	S		620.6527	1.0400	0.0000	99.9138	39.7653	0.8230	1.1627	5.0000	20.3193	713.0415	94.9537	22.2293	24.9000	0.9300	0.9235	0.6965	0.0000	713.0000	712.7396	1.0272	-2.0000	100.0957	40.6580	0.8230	0.8274	5.0000	-9999.0000	-9999.0000	-9999.0000	-9999.0000	-9999.0000	-9999.0000	17.7304	4	0	35.3878	1.0000	08	2	-9999.0000	36251	63166	-9999	-9999	2234	4913	496.9480	3	0.6965	0.7032	-0.0003	53.5669	1.5691	655.6013	505.1718	47.1296	648.0716	95.0463	656.5564	94.6759	662.9614	94.5602	666.7760	94.6991	
31/08/2017	01:04:35	011995	G488133798HLR	L488	S		616.7655	1.0400	0.0000	99.8787	39.7585	0.8230	1.1627	5.0000	20.0596	713.0207	94.8380	25.3883	25.0000	0.9300	0.9236	0.6965	0.0000	713.0000	713.6670	1.0272	-2.0000	99.7232	40.6579	0.8230	0.8272	5.0000	-9999.0000	-9999.0000	-9999.0000	-9999.0000	-9999.0000	-9999.0000	17.2485	5	0	37.5681	1.0000	08	2	-9999.0000	36252	63167	-9999	-9999	2235	4914	496.6672	3	0.6965	0.7034	-0.0003	38.6684	2.1607	650.5454	531.4842	50.4861	643.7040	94.9537	652.8275	94.6759	658.4371	94.6065	663.0975	94.6991	
31/08/2017	01:05:07	011995	G488133774HLR	L488	S		616.6314	1.0400	0.0000	99.8778	39.7504	0.8230	1.1627	5.0000	19.9414	713.0481	94.8611	28.3676	24.9000	0.9300	0.9235	0.6965	0.0000	713.0000	713.2526	1.0272	-2.0000	99.7430	40.6418	0.8230	0.8263	5.0000	-9999.0000	-9999.0000	-9999.0000	-9999.0000	-9999.0000	-9999.0000	17.1993	6	0	32.4876	1.0000	08	2	-9999.0000	36253	63168	-9999	-9999	2236	4916	496.7637	3	0.6965	0.7033	-0.0003	42.5798	2.0176	647.5610	512.8668	48.1481	641.6770	94.8611	648.9804	94.7917	654.2223	94.5833	658.5327	94.7222	
31/08/2017	01:05:41	011995	G488133396HLR	L488	S		620.3834	1.0400	0.0000	99.8413	39.7463	0.8230	1.1626	5.0000	20.2780	713.0512	94.9074	23.5388	25.0000	0.9300	0.9235	0.6966	0.0000	713.0000	712.2045	1.0272	-2.0000	99.7456	40.5919	0.8230	0.8255	5.0000	-9999.0000	-9999.0000	-9999.0000	-9999.0000	-9999.0000	-9999.0000	17.5194	7	0	33.1789	1.0000	08	2	-9999.0000	36254	63169	-9999	-9999	2236	4917	496.6601	3	0.6966	0.7035	-0.0003	45.2360	1.9305	652.8853	517.0431	50.7407	645.1002	94.7917	654.7401	94.7685	660.4798	94.6065	665.3348	94.6991	
31/08/2017	01:06:14	011995	G488133366HLR	L488	S		621.5880	1.0400	0.0000	99.8974	39.7427	0.8230	1.1627	5.0000	19.9807	713.0521	94.9769	24.3385	25.0000	0.9300	0.9235	0.6964	0.0000	713.0000	710.8680	1.0272	-2.0000	99.8446	40.5860	0.8230	0.8257	5.0000	-9999.0000	-9999.0000	-9999.0000	-9999.0000	-9999.0000	-9999.0000	17.6080	8	0	33.7882	1.0000	08	2	-9999.0000	36255	63170	-9999	-9999	2237	4919	496.7313	3	0.6964	0.7013	-0.0002	43.1599	2.0179	654.4234	519.0905	49.8148	647.8936	95.0000	656.4171	94.6759	661.5148	94.6296	666.4577	94.6759	
31/08/2017	01:06:44	011995	G488133376HLR	L488	S		618.5575	1.0400	0.0000	99.9004	39.7390	0.8230	1.1627	5.0000	20.1786	713.0711	94.8611	26.7085	24.8000	0.9300	0.9235	0.6963	0.0000	713.0000	713.3809	1.0272	-2.0000	99.8305	40.5833	0.8230	0.8260	5.0000	-9999.0000	-9999.0000	-9999.0000	-9999.0000	-9999.0000	-9999.0000	17.4990	1	0	29.9587	1.0000	08	2	-9999.0000	36256	63171	-9999	-9999	2238	4921	496.6358	3	0.6963	0.7020	-0.0002	59.7705	1.3716	651.7999	500.8035	49.4213	644.9958	94.9074	652.5612	94.6991	658.4369	94.5833	662.4669	94.7222	
31/08/2017	01:07:21	011995	G488133358HLR	L488	S		625.1132	1.0400	0.0000	99.9221	39.7221	0.8230	1.1621	5.0000	22.8385	713.0536	94.9306	21.6492	24.9000	0.9300	0.9235	0.6964	0.0000	713.0000	711.6603	1.0272	-2.0000	99.7945	40.5951	0.8230	0.8264	5.0000	-9999.0000	-9999.0000	-9999.0000	-9999.0000	-9999.0000	-9999.0000	17.4391	2	0	34.7556	1.0000	08	2	-9999.0000	36257	63171	-9999	-9999	2239	4923	496.5640	3	0.6964	0.7031	-0.0003	53.0688	1.6325	657.2418	515.1522	49.6065	650.8351	94.8380	659.1100	94.7685	664.6720	94.5602	669.1355	94.7222	
31/08/2017	01:07:58	011995	G488133357HLR	L488	S		624.6297	1.0400	0.0000	99.9002	39.7730	0.8230	1.1628	5.0000	20.1287	713.0275	95.0000	22.2986	24.9000	0.9300	0.9235	0.6968	0.0000	713.0000	711.5706	1.0272	-2.0000	99.8621	40.5828	0.8230	0.8253	5.0000	-9999.0000	-9999.0000	-9999.0000	-9999.0000	-9999.0000	-9999.0000	20.1648	3	0	36.9081	1.0000	08	2	-9999.0000	36258	63172	-9999	-9999	2240	4924	496.5883	3	0.6968	0.7068	-0.0004	53.2030	1.6191	656.8484	532.5601	49.4907	648.5505	94.8611	660.3627	94.7454	664.8585	94.5833	669.7848	94.6991	
31/08/2017	01:08:30	011995	G488133058HLR	L488	S		609.9637	1.0400	0.0000	99.8824	39.7655	0.8230	1.1628	5.0000	19.7987	713.0586	94.9074	22.8884	24.8000	0.9300	0.9235	0.6969	0.0000	713.0000	717.5328	1.0272	-2.0000	99.9632	40.5966	0.8230	0.8266	5.0000	-9999.0000	-9999.0000	-9999.0000	-9999.0000	-9999.0000	-9999.0000	17.4659	4	0	32.2883	1.0000	08	2	-9999.0000	36258	63173	-9999	-9999	2241	4926	496.9376	3	0.6969	0.7075	-0.0004	55.4762	1.5306	658.0250	484.9713	47.1296	650.2419	94.7454	660.4259	94.7917	665.7933	94.5602	670.9009	94.6991	
31/08/2017	01:08:55	011995	G488133364HLR	L488	S		628.6338	1.0400	0.0000	99.8456	39.7531	0.8230	1.1625	5.0000	20.7888	713.0515	94.9537	19.0790	24.9000	0.9300	0.9235	0.6969	0.0000	713.0000	713.0200	1.0272	-2.0000	99.8363	40.6382	0.8230	0.8275	5.0000	-9999.0000	-9999.0000	-9999.0000	-9999.0000	-9999.0000	-9999.0000	17.3287	5	0	25.2086	1.0000	08	2	-9999.0000	36259	63174	-9999	-9999	2241	4927	496.9303	3	0.6969	0.7034	-0.0003	48.2831	1.8031	660.3604	493.1287	47.2917	651.2566	94.7454	663.6300	94.7685	669.9720	94.5602	673.5066	94.6991	
31/08/2017	01:09:21	011995	G488133389HLR	L488	S		622.8748	1.0400	0.0000	99.8627	39.7611	0.8230	1.1626	5.0000	20.5587	713.0419	94.9074	23.8191	24.9000	0.9300	0.9235	0.6967	0.0000	713.0000	713.3348	1.0272	-2.0000	99.7294	40.6410	0.8230	0.8276	5.0000	-9999.0000	-9999.0000	-9999.0000	-9999.0000	-9999.0000	-9999.0000	17.2091	6	0	25.1782	1.0000	08	2	-9999.0000	36260	63175	-9999	-9999	2242	4929	496.9576	3	0.6967	0.7040	-0.0003	52.4877	1.6413	652.9717	489.0092	47.8472	644.0274	94.9306	655.5770	94.6991	660.8703	94.6065	665.4367	94.7222	
31/08/2017	01:09:41	011995	G488133399HLR	L488	S		618.8404	1.0400	0.0000	99.9477	39.7492	0.8230	1.1621	5.0000	22.9521	713.0311	94.7454	25.9683	24.8000	0.9300	0.9235	0.6965	0.0000	713.0000	713.6475	1.0272	-2.0000	99.8255	40.5924	0.8230	0.8262	5.0000	-9999.0000	-9999.0000	-9999.0000	-9999.0000	-9999.0000	-9999.0000	17.7789	7	0	20.8291	1.0000	08	2	-9999.0000	36261	63176	-9999	-9999	2243	4930	496.8346	3	0.6965	0.7048	-0.0003	54.9614	1.5326	651.3517	518.4289	49.6296	643.5438	94.9306	654.2743	94.7685	659.3902	94.5833	661.7895	94.6759	
31/08/2017	01:09:57	011995	G488133397HLR	L488	S		619.2008	1.0400	0.0000	99.8548	39.7934	0.8230	1.1627	5.0000	20.3082	713.0512	94.9074	21.3290	24.8000	0.9300	0.9235	0.6966	0.0000	713.0000	716.9124	1.0272	-2.0000	100.0454	40.6049	0.8230	0.8256	5.0000	-9999.0000	-9999.0000	-9999.0000	-9999.0000	-9999.0000	-9999.0000	17.2781	8	0	15.4893	1.0000	08	2	-9999.0000	36262	63176	-9999	-9999	2244	4931	496.6620	3	0.6966	0.7021	-0.0002	54.9823	1.5340	658.7605	504.6557	48.1713	650.6195	94.7222	662.1491	94.7917	668.9431	94.5602	673.0029	94.6991	
31/08/2017	01:14:16	011995	G488135121HLR	L488	S		624.1125	1.0400	0.0000	99.9881	39.5066	0.8230	1.1627	5.0000	20.2190	713.0456	94.9769	19.0586	25.2000	0.9300	0.9242	0.6965	0.0000	713.0000	707.7562	1.0272	-2.0000	99.8099	40.6261	0.8230	0.8263	5.0000	-9999.0000	-9999.0000	-9999.0000	-9999.0000	-9999.0000	-9999.0000	19.5789	2	0	30.4987	1.0000	08	2	-9999.0000	36263	63177	-9999	-9999	2245	4941	496.6400	3	0.6965	0.7009	-0.0002	57.4271	1.4183	655.6880	494.6949	46.2037	647.4247	94.5370	659.8624	94.9537	665.6834	94.7454	670.0920	94.6065	
31/08/2017	01:14:52	011995	G488134472HLR	L488	S		625.1654	1.0400	0.0000	99.9602	39.5814	0.8230	1.1635	5.0000	20.4076	713.0669	94.9537	23.9489	24.9000	0.9300	0.9236	0.6965	0.0000	713.0000	712.7088	1.0272	-2.0000	99.7644	40.6294	0.8230	0.8277	5.0000	-9999.0000	-9999.0000	-9999.0000	-9999.0000	-9999.0000	-9999.0000	17.2783	3	0	36.7584	1.0000	08	2	-9999.0000	36264	63178	-9999	-9999	2246	4943	496.7081	3	0.6965	0.7009	-0.0002	57.4271	1.4183	654.8741	511.3925	49.0278	647.2873	95.1389	657.5877	94.6528	662.6821	94.5833	666.8181	94.7222	
31/08/2017	01:15:34	011995	G488134470HLR	L488	S		622.6128	1.0400	0.0000	99.9848	39.7667	0.8230	1.1635	5.0000	20.1181	713.0255	94.8843	21.0887	24.9000	0.9300	0.9236	0.6965	0.0000	713.0000	711.1792	1.0272	-2.0000	99.7810	40.6263	0.8230	0.8276	5.0000	-9999.0000	-9999.0000	-9999.0000	-9999.0000	-9999.0000	-9999.0000	17.3383	4	0	41.6576	1.0000	08	2	-9999.0000	36265	63179	-9999	-9999	2247	4945	496.6416	3	0.6965	0.7009	-0.0002	57.4271	1.4183	655.3165	513.1373	46.4815	647.8068	95.0463	657.7700	94.6759	663.3564	94.5833	666.9901	94.7222	
31/08/2017	01:16:16	011995	G488135153HLR	L488	S		625.5995	1.0400	0.0000	99.7885	39.7552	0.8230	1.1627	5.0000	20.3270	713.0688	94.9306	20.5790	24.9000	0.9300	0.9235	0.6968	0.0000	713.0000	710.9771	1.0272	-2.0000	99.7770	40.6289	0.8230	0.8269	5.0000	-9999.0000	-9999.0000	-9999.0000	-9999.0000	-9999.0000	-9999.0000	17.4177	5	0	41.9781	1.0000	08	2	-9999.0000	36266	63180	-9999	-9999	2248	4947	496.6502	3	0.6968	0.7008	-0.0002	56.5399	1.4545	656.1848	516.1231	50.0000	648.3103	94.9769	658.9378	94.6528	664.6586	94.6065	669.4723	94.7222	
31/08/2017	01:16:58	011995	G488136022HLR	L488	S		626.7065	1.0400	0.0000	99.9193	39.7070	0.8230	1.1622	5.0000	21.9393	713.0542	94.9537	19.5986	25.0000	0.9300	0.9236	0.6968	0.0000	713.0000	710.7247	1.0272	-2.0000	99.8656	40.5617	0.8230	0.8258	5.0000	-9999.0000	-9999.0000	-9999.0000	-9999.0000	-9999.0000	-9999.0000	17.2880	6	0	41.9171	1.0000	08	2	-9999.0000	36267	63181	-9999	-9999	2249	4949	496.8769	3	0.6968	0.7008	-0.0002	56.3808	1.4430	657.6507	507.5388	46.4120	650.4275	94.8148	660.5865	94.7222	665.9853	94.5833	670.8331	94.7454	
31/08/2017	01:17:40	011995	G488134978HLR	L488	S		621.9487	1.0400	0.0000	99.9305	39.7113	0.8230	1.1623	5.0000	22.6286	713.0655	94.8380	25.8189	24.9000	0.9300	0.9236	0.6968	0.0000	713.0000	712.5962	1.0272	-2.0000	99.7063	40.6120	0.8230	0.8276	5.0000	-9999.0000	-9999.0000	-9999.0000	-9999.0000	-9999.0000	-9999.0000	17.4061	7	0	41.8681	1.0000	08	2	-9999.0000	36268	63182	-9999	-9999	2250	4951	496.8630	3	0.6968	0.7021	-0.0002	56.3734	1.4385	650.5912	522.9526	48.4491	642.5337	95.0000	651.9325	94.6065	657.1003	94.6759	660.7155	94.7222	
31/08/2017	01:18:18	011995	G488134990HLR	L488	S		618.9567	1.0400	0.0000	99.8885	39.7595	0.8230	1.1629	5.0000	20.2889	713.0198	94.6296	30.6585	24.9000	0.9300	0.9235	0.6970	0.0000	713.0000	714.0948	1.0272	-2.0000	100.0082	40.6231	0.8230	0.8264	5.0000	-9999.0000	-9999.0000	-9999.0000	-9999.0000	-9999.0000	-9999.0000	17.5351	8	0	37.9879	1.0000	08	2	-9999.0000	36269	63183	-9999	-9999	2251	4953	496.8672	3	0.6970	0.7026	-0.0002	57.3020	1.3853	646.6224	527.5062	46.4815	638.9476	95.0000	646.9737	94.7917	650.8500	94.5833	655.7820	94.6991	
31/08/2017	01:18:58	011995	G488134987HLR	L488	S		621.2428	1.0400	0.0000	99.9520	39.7253	0.8230	1.1621	5.0000	22.6978	712.2495	94.5833	31.0081	24.9000	0.9300	0.9234	0.6972	0.0000	713.0000	711.8544	1.0272	-2.0000	99.7698	40.5667	0.8230	0.8261	5.0000	-9999.0000	-9999.0000	-9999.0000	-9999.0000	-9999.0000	-9999.0000	17.5464	1	0	40.4084	1.0000	08	2	-9999.0000	36270	63184	-9999	-9999	2252	4955	496.4627	3	0.6972	0.7072	-0.0004	56.9317	1.4002	646.0088	518.9201	48.6574	639.2585	94.9074	647.4699	94.7685	653.1178	94.5833	655.4615	94.6759	
31/08/2017	01:19:40	011995	G488134993HLR	L488	S		616.9148	1.0400	0.0000	99.9954	39.7186	0.8230	1.1620	5.0000	23.4586	708.1260	94.5370	31.0091	24.9000	0.9300	0.9233	0.6972	0.0000	713.0000	711.4924	1.0272	-2.0000	99.7783	40.6100	0.8230	0.8274	5.0000	-9999.0000	-9999.0000	-9999.0000	-9999.0000	-9999.0000	-9999.0000	17.5880	2	0	41.9975	1.0000	08	2	-9999.0000	36271	63185	-9999	-9999	2253	4957	493.6869	3	0.6972	0.7046	-0.0003	59.3108	1.2783	642.0655	504.8124	48.1481	635.9724	94.9537	643.3110	94.7917	648.5396	94.5833	652.0685	94.6991	
31/08/2017	01:20:15	011995	G488134996HLR	L488	S		618.7346	1.0400	0.0000	99.9417	39.7371	0.8230	1.1621	5.0000	22.8261	704.7163	94.5370	31.0081	24.8000	0.9300	0.9234	0.6970	0.0000	713.0000	710.4791	1.0272	-2.0000	99.9198	40.6466	0.8230	0.8272	5.0000	-9999.0000	-9999.0000	-9999.0000	-9999.0000	-9999.0000	-9999.0000	17.3387	3	0	34.4178	1.0000	08	2	-9999.0000	36272	63186	-9999	-9999	2254	4959	491.2827	3	0.6970	0.7030	-0.0002	62.9896	1.1112	643.3595	548.0588	50.7176	637.1735	95.0694	643.0168	94.6991	648.5946	94.5602	652.9070	94.7222	
31/08/2017	01:20:45	011995	G488134962HLR	L488	S		620.2242	1.0400	0.0000	99.9522	39.7353	0.8230	1.1621	5.0000	22.4540	713.0932	94.8843	26.9888	24.8000	0.9300	0.9235	0.6971	0.0000	713.0000	713.4173	1.0272	-2.0000	99.8167	40.5823	0.8230	0.8257	5.0000	-9999.0000	-9999.0000	-9999.0000	-9999.0000	-9999.0000	-9999.0000	17.3688	4	0	30.2313	1.0000	08	2	-9999.0000	36273	63187	-9999	-9999	2255	4961	497.0840	3	0.6971	0.7020	-0.0002	65.6157	0.9667	646.8546	530.0258	50.7870	640.3247	94.9537	648.7830	94.7222	654.2307	94.5370	658.1229	94.7454	
31/08/2017	01:21:22	011995	G488134982HLR	L488	S		624.9104	1.0400	0.0000	99.8916	39.7561	0.8230	1.1627	5.0000	19.8717	713.0628	94.8148	29.4789	24.8000	0.9300	0.9235	0.6968	0.0000	713.0000	714.8175	1.0272	-2.0000	99.7193	40.5667	0.8230	0.8259	5.0000	-9999.0000	-9999.0000	-9999.0000	-9999.0000	-9999.0000	-9999.0000	17.4263	5	0	37.2945	1.0000	08	2	-9999.0000	36274	63188	-9999	-9999	2256	4963	497.1382	3	0.6968	0.7040	-0.0003	66.8437	0.9199	648.9396	525.7254	49.5833	641.0269	94.9306	650.1939	94.6759	655.5464	94.6065	660.1560	94.6991	
31/08/2017	01:22:01	011995	G488134974HLR	L488	S		619.2764	1.0400	0.0000	99.8989	39.7338	0.8230	1.1627	5.0000	20.0985	712.7137	94.6296	31.0091	24.8000	0.9300	0.9235	0.6964	0.0000	713.0000	715.7797	1.0272	-2.0000	99.6559	40.5715	0.8230	0.8257	5.0000	-9999.0000	-9999.0000	-9999.0000	-9999.0000	-9999.0000	-9999.0000	17.3193	6	0	38.5780	1.0000	08	2	-9999.0000	36275	63189	-9999	-9999	2257	4964	496.6262	3	0.6964	0.7049	-0.0003	70.9836	0.7406	648.0170	502.9267	47.1296	639.9034	94.8148	650.2763	94.7222	655.7092	94.5833	659.8723	94.6991	
31/08/2017	01:22:39	011995	G488135005HLR	L488	S		621.4985	1.0400	0.0000	99.8717	39.7237	0.8230	1.1627	5.0000	20.1191	713.0482	94.9306	23.4587	24.9000	0.9300	0.9235	0.6966	0.0000	713.0000	713.2080	1.0272	-2.0000	99.6923	40.5901	0.8230	0.8269	5.0000	-9999.0000	-9999.0000	-9999.0000	-9999.0000	-9999.0000	-9999.0000	17.3571	7	0	38.4285	1.0000	08	2	-9999.0000	36276	63190	-9999	-9999	2258	4966	496.6088	3	0.6966	0.7044	-0.0003	70.4826	0.7672	651.3529	502.8637	48.8657	642.3185	94.6759	655.0207	94.7685	660.3218	94.5833	664.0222	94.6991	
31/08/2017	01:23:12	011995	G488134979HLR	L488	S		631.7844	1.0400	0.0000	99.9772	39.7231	0.8230	1.1627	5.0000	19.9718	713.0273	94.9306	19.2695	24.9000	0.9300	0.9235	0.6965	0.0000	713.0000	708.7549	1.0272	-2.0000	99.6954	40.6434	0.8230	0.8275	5.0000	-9999.0000	-9999.0000	-9999.0000	-9999.0000	-9999.0000	-9999.0000	17.4585	8	0	33.1778	1.0000	08	2	-9999.0000	36277	63191	-9999	-9999	2259	4968	496.7548	3	0.6965	0.7061	-0.0004	72.9624	0.6673	660.0399	490.4536	48.1250	651.0261	94.8611	661.6952	94.6991	667.3175	94.6065	671.4851	94.6759	
31/08/2017	01:23:51	011995	G488134939HLR	L488	S		622.6611	1.0400	0.0000	99.9636	39.7239	0.8230	1.1628	5.0000	20.1201	713.0503	94.8380	26.4585	24.8000	0.9300	0.9235	0.6964	0.0000	713.0000	713.7278	1.0272	-2.0000	99.8214	40.6405	0.8230	0.8265	5.0000	-9999.0000	-9999.0000	-9999.0000	-9999.0000	-9999.0000	-9999.0000	17.6057	1	0	38.5183	1.0000	08	2	-9999.0000	36278	63192	-9999	-9999	2260	4970	496.7080	3	0.6964	0.7081	-0.0004	72.5716	0.6918	649.4429	511.4439	49.5370	642.1204	94.9537	652.6245	94.6759	656.9548	94.6065	661.2545	94.6991	
31/08/2017	01:24:30	011995	G488134942HLR	L488	S		622.9176	1.0400	0.0000	99.8488	39.7324	0.8230	1.1628	5.0000	20.3495	713.0388	94.8843	27.5483	24.9000	0.9300	0.9235	0.6964	0.0000	713.0000	713.5009	1.0272	-2.0000	100.0116	40.6238	0.8230	0.8261	5.0000	-9999.0000	-9999.0000	-9999.0000	-9999.0000	-9999.0000	-9999.0000	17.4487	2	0	39.3272	1.0000	08	2	-9999.0000	36279	63193	-9999	-9999	2261	4972	496.5751	3	0.6964	0.7075	-0.0004	73.4116	0.6575	649.0291	515.0921	48.4028	641.1667	94.9074	650.8523	94.7454	656.0486	94.5602	659.9358	94.7222	
31/08/2017	01:25:12	011995	G488134956HLR	L488	S		621.0458	1.0400	0.0000	99.9648	39.7186	0.8230	1.1621	5.0000	23.2079	713.0258	94.7917	27.4077	24.8000	0.9300	0.9235	0.6969	0.0000	713.0000	713.5020	1.0272	-2.0000	99.7877	40.5783	0.8230	0.8258	5.0000	-9999.0000	-9999.0000	-9999.0000	-9999.0000	-9999.0000	-9999.0000	17.3340	3	0	41.4792	1.0000	08	2	-9999.0000	36280	63194	-9999	-9999	2261	4974	496.5568	3	0.6969	0.7086	-0.0005	68.0688	0.8385	647.2271	506.5306	49.0972	639.4303	94.8843	650.2477	94.7454	654.8235	94.5833	659.2520	94.6991	
31/08/2017	01:25:48	011995	G488134952HLR	L488	S		625.7479	1.0400	0.0000	99.9237	39.7352	0.8230	1.1621	5.0000	23.1811	713.0543	94.9306	22.2488	24.9000	0.9300	0.9235	0.6965	0.0000	713.0000	710.8304	1.0272	-2.0000	99.7059	40.6091	0.8230	0.8272	5.0000	-9999.0000	-9999.0000	-9999.0000	-9999.0000	-9999.0000	-9999.0000	17.4588	4	0	36.1671	1.0000	08	2	-9999.0000	36281	63195	-9999	-9999	2262	4976	496.9499	3	0.6965	0.7073	-0.0004	70.5100	0.7568	656.2656	519.9744	46.4583	647.9229	94.8843	657.2753	94.7454	662.7155	94.5602	666.7312	94.7454	
31/08/2017	01:26:30	011995	G488135002HLR	L488	Q		621.3448	1.0400	0.0000	99.8820	39.7741	0.8230	1.1629	5.0000	19.4687	713.0453	94.8148	27.6577	24.9000	0.9300	0.9235	0.6965	0.0000	713.0000	713.1785	1.0272	-2.0000	99.8753	40.6525	0.8230	0.8271	5.0000	-9999.0000	-9999.0000	-9999.0000	-9999.0000	-9999.0000	-9999.0000	17.2487	5	0	42.0074	1.0000	08	2	-9999.0000	36282	63196	-9999	-9999	2263	4978	496.6968	3	0.6965	0.7074	-0.0004	71.2717	0.7298	647.2306	502.2421	47.5926	640.3582	94.9306	648.5560	94.6759	654.6865	94.6065	658.6580	94.7222	
31/08/2017	01:27:10	011995	G488134925HLR	L488	Q		623.3233	1.0400	0.0000	99.8888	39.7456	0.8230	1.1626	5.0000	20.2489	713.0273	94.8148	28.4584	24.8000	0.9300	0.9235	0.6963	0.0000	713.0000	715.2972	1.0272	-2.0000	99.8743	40.6211	0.8230	0.8260	5.0000	-9999.0000	-9999.0000	-9999.0000	-9999.0000	-9999.0000	-9999.0000	17.5691	6	0	40.4084	1.0000	08	2	-9999.0000	36282	63196	-9999	-9999	2264	4980	496.6115	3	0.6963	0.7077	-0.0004	69.3446	0.7989	650.8352	502.3295	47.5000	643.0903	94.8843	653.4563	94.7454	657.4155	94.5602	660.7835	94.7222	
31/08/2017	01:27:48	011995	G488134933HLR	L488	S		623.7484	1.0400	0.0000	99.8772	39.7404	0.8230	1.1627	5.0000	20.0981	713.0089	94.6528	30.3890	24.8000	0.9300	0.9235	0.6963	0.0000	713.0000	714.8947	1.0272	-2.0000	99.6996	40.5810	0.8230	0.8264	5.0000	-9999.0000	-9999.0000	-9999.0000	-9999.0000	-9999.0000	-9999.0000	17.3262	7	0	37.4675	1.0000	08	2	-9999.0000	36283	63197	-9999	-9999	2265	4982	496.4758	3	0.6963	0.7091	-0.0005	66.7886	0.8856	647.4414	476.9190	48.2870	639.0590	94.8380	648.5674	94.7685	654.2461	94.5602	658.1077	94.7222	
31/08/2017	01:28:23	011995	G488134932HLR	L488	S		624.4755	1.0400	0.0000	99.9534	39.7326	0.8230	1.1626	5.0000	20.2782	713.0489	94.9074	25.2379	24.9000	0.9300	0.9235	0.6962	0.0000	713.0000	710.9561	1.0272	-2.0000	99.7619	40.6464	0.8230	0.8276	5.0000	-9999.0000	-9999.0000	-9999.0000	-9999.0000	-9999.0000	-9999.0000	17.2870	8	0	35.5630	1.0000	08	2	-9999.0000	36284	63198	-9999	-9999	2266	4984	496.5650	3	0.6962	0.7115	-0.0006	74.0388	0.6351	650.7072	507.8861	45.7639	642.8578	94.7222	651.2305	94.8148	657.7324	94.5833	660.8372	94.6991	
31/08/2017	01:28:49	011995	G488134934HLR	L488	S		622.4911	1.0400	0.0000	99.9103	39.7235	0.8230	1.1626	5.0000	20.3235	700.1560	94.6065	31.0081	24.9000	0.9300	0.9235	0.6960	0.0000	713.0000	707.3287	1.0272	-2.0000	99.7970	40.6334	0.8230	0.8258	5.0000	-9999.0000	-9999.0000	-9999.0000	-9999.0000	-9999.0000	-9999.0000	18.7380	1	0	25.3247	1.0000	08	2	-9999.0000	36285	63199	-9999	-9999	2267	4986	487.4541	3	0.6960	0.7109	-0.0005	68.7389	0.8173	644.3159	506.0250	48.8426	636.8898	95.0463	644.5785	94.6991	649.2136	94.6065	651.6278	94.6991	
31/08/2017	01:29:19	011995	G488134940HLR	L488	S		615.7904	1.0400	0.0000	99.8786	39.7296	0.8230	1.1628	5.0000	19.9981	713.0776	94.7454	29.4984	24.9000	0.9300	0.9234	0.6959	0.0000	713.0000	713.5093	1.0272	-2.0000	99.8966	40.5796	0.8230	0.8244	5.0000	-9999.0000	-9999.0000	-9999.0000	-9999.0000	-9999.0000	-9999.0000	19.9575	2	0	29.9471	1.0000	08	2	-9999.0000	36286	63200	-9999	-9999	2268	4988	496.3288	3	0.6959	0.7118	-0.0006	67.0462	0.8628	643.9890	489.8237	46.3426	635.5436	94.9074	646.8177	94.8148	652.3212	94.5602	655.9454	94.7222	
31/08/2017	01:29:55	011995	G488134921HLR	L488	S		621.0099	1.0400	0.0000	99.9088	39.7093	0.8230	1.1626	5.0000	21.9938	713.0461	94.8611	26.4888	25.0000	0.9300	0.9234	0.6959	0.0000	713.0000	712.1096	1.0272	-2.0000	99.8269	40.6245	0.8230	0.8253	5.0000	-9999.0000	-9999.0000	-9999.0000	-9999.0000	-9999.0000	-9999.0000	19.2985	3	0	36.0787	1.0000	08	2	-9999.0000	36287	63201	-9999	-9999	2269	4990	496.2423	3	0.6959	0.7123	-0.0006	62.7460	1.0199	647.4076	510.4190	49.4907	639.5889	95.0000	649.8052	94.7222	653.9994	94.5833	657.9828	94.6991	
31/08/2017	01:30:28	011995	G488134918HLR	L488	S		626.8048	1.0400	0.0000	100.0388	39.7463	0.8230	1.1628	5.0000	19.9319	713.0406	94.9306	24.6383	25.0000	0.9300	0.9235	0.6957	0.0000	713.0000	710.7582	1.0272	-2.0000	99.7494	40.6457	0.8230	0.8268	5.0000	-9999.0000	-9999.0000	-9999.0000	-9999.0000	-9999.0000	-9999.0000	17.2088	4	0	33.1384	1.0000	08	2	-9999.0000	36288	63202	-9999	-9999	2270	4991	496.2562	3	0.6957	0.7124	-0.0006	68.8558	0.7891	652.6046	472.6368	45.7407	644.2407	94.9306	654.4567	94.7222	659.9583	94.5833	663.2116	94.7454	
31/08/2017	01:31:05	011995	G488134916HLR	L488	S		580.8923	1.0400	0.0000	99.8622	39.7215	0.8230	1.1627	5.0000	20.4184	0.0000	0.0000	0.0000	0.0000	0.9300	0.0000	0.0000	0.0000	0.0000	619.0524	1.0272	2.0248	99.7782	40.6127	0.8230	0.8262	5.0000	-9999.0000	-9999.0000	-9999.0000	-9999.0000	-9999.0000	-9999.0000	17.2789	5	7	37.4375	1.0000	08	2	-9999.0000	36289	0	-9999	-9999	2271	4993	0.0000	0	0.0000	0.0000	0.0000	0.0000	0.0000	0.0000	0.0000	0.0000	0.0000	0.0000	0.0000	0.0000	0.0000	0.0000	0.0000	0.0000	
31/08/2017	01:31:37	011995	G488134688HLR	L488	S		631.9108	1.0400	0.0000	99.9615	39.7396	0.8230	1.1629	5.0000	19.4783	713.0683	94.9537	19.0488	25.2000	0.9300	0.9240	0.6959	0.0000	713.0000	708.9668	1.0272	-2.0000	99.7149	40.5926	0.8230	0.8256	5.0000	-9999.0000	-9999.0000	-9999.0000	-9999.0000	-9999.0000	-9999.0000	17.2193	6	0	31.6387	1.0000	08	2	-9999.0000	36290	63203	-9999	-9999	2272	4994	496.3103	3	0.6959	0.7116	-0.0006	51.7302	1.4368	659.5007	526.3219	50.5324	652.2299	94.7917	662.7027	94.7917	668.5514	94.6528	672.2144	94.6991	
31/08/2017	01:32:18	011995	G488134700HLR	L488	S		625.4331	1.0400	0.0000	99.8624	39.7307	0.8230	1.1629	5.0000	19.9509	713.0776	94.8843	25.0983	25.0000	0.9300	0.9235	0.6961	0.0000	713.0000	713.2448	1.0272	-2.0000	99.9152	40.5888	0.8230	0.8256	5.0000	-9999.0000	-9999.0000	-9999.0000	-9999.0000	-9999.0000	-9999.0000	20.2279	7	0	40.8777	1.0000	08	2	-9999.0000	36290	63204	-9999	-9999	2273	4996	496.3298	3	0.6961	0.7121	-0.0006	49.6654	1.5172	655.9390	511.7308	47.4769	648.0751	94.9074	657.0704	94.6759	662.1460	94.6065	666.5043	94.7222	
31/08/2017	01:32:48	011995	G488134685HLR	L488	S		634.6235	1.0400	0.0000	99.9130	39.7468	0.8230	1.1622	5.0000	22.8714	713.0819	94.9306	22.1990	24.9000	0.9300	0.9235	0.6961	0.0000	713.0000	714.9706	1.0272	-2.0000	99.7153	40.5833	0.8230	0.8262	5.0000	-9999.0000	-9999.0000	-9999.0000	-9999.0000	-9999.0000	-9999.0000	17.3175	8	0	30.6780	1.0000	08	2	-9999.0000	36291	63205	-9999	-9999	2274	4998	496.4752	3	0.6961	0.7121	-0.0006	49.6654	1.5172	658.9454	482.6521	45.1389	648.8296	94.8148	663.6960	94.7685	668.6238	94.5602	671.1097	94.7222	
31/08/2017	01:33:20	011995	G488134666HLR	L488	S		623.0790	1.0400	0.0000	99.8671	39.7941	0.8230	1.1629	5.0000	19.3988	713.0545	94.9074	26.4087	24.9000	0.9300	0.9235	0.6965	0.0000	713.0000	715.1785	1.0272	-2.0000	99.7328	40.6503	0.8230	0.8276	5.0000	-9999.0000	-9999.0000	-9999.0000	-9999.0000	-9999.0000	-9999.0000	17.2675	1	0	31.1888	1.0000	08	2	-9999.0000	36292	63206	-9999	-9999	2275	5000	496.4300	3	0.6965	0.7106	-0.0005	50.1697	1.4935	650.7523	494.0945	47.2685	642.3443	94.8611	653.9157	94.7685	659.2165	94.5602	663.7128	94.7454	
31/08/2017	01:33:57	011995	G488134687HLR	L488	S		627.2239	1.0400	0.0000	99.8588	39.7674	0.8230	1.1626	5.0000	19.9574	713.0677	94.9306	20.6795	24.9000	0.9300	0.9234	0.6965	0.0000	713.0000	712.3123	1.0272	-2.0000	99.7385	40.6436	0.8230	0.8276	5.0000	-9999.0000	-9999.0000	-9999.0000	-9999.0000	-9999.0000	-9999.0000	17.3596	2	0	37.1474	1.0000	08	2	-9999.0000	36293	63207	-9999	-9999	2276	5002	496.6957	3	0.6965	0.7109	-0.0005	47.1849	1.6005	656.6947	523.8388	49.0509	648.7803	94.8611	658.9093	94.7454	665.6671	94.5833	670.7446	94.7454	
31/08/2017	01:34:31	011995	G488134697HLR	L488	S		625.7242	1.0400	0.0000	99.8704	39.7553	0.8230	1.1626	5.0000	20.2186	713.0275	94.7222	29.8890	24.9000	0.9300	0.9235	0.6961	0.0000	713.0000	714.6277	1.0272	-2.0000	99.8287	40.6455	0.8230	0.8275	5.0000	-9999.0000	-9999.0000	-9999.0000	-9999.0000	-9999.0000	-9999.0000	17.5987	3	0	33.9786	1.0000	08	2	-9999.0000	36294	63208	-9999	-9999	2277	5003	496.6436	3	0.6961	0.7102	-0.0005	46.8804	1.6079	649.3970	534.4966	50.3472	642.4016	95.0000	651.6351	94.7222	656.1635	94.5833	659.6394	94.7222	
31/08/2017	01:35:10	011995	G488134705HLR	L488	S		627.4403	1.0400	0.0000	99.9316	39.7274	0.8230	1.1621	5.0000	23.1409	713.0668	95.0231	19.6884	24.9000	0.9300	0.9235	0.6960	0.0000	713.0000	711.7691	1.0272	-2.0000	99.8708	40.6628	0.8230	0.8273	5.0000	-9999.0000	-9999.0000	-9999.0000	-9999.0000	-9999.0000	-9999.0000	17.2995	4	0	39.3875	1.0000	08	2	-9999.0000	36295	63209	-9999	-9999	2278	5005	496.4373	3	0.6960	0.7100	-0.0005	46.8420	1.6121	658.6325	516.3688	49.0509	650.8388	94.7917	661.8505	94.8148	667.2270	94.5602	672.0844	94.7222	
31/08/2017	01:35:50	011995	G488134657HLR	L488	S		627.1631	1.0400	0.0000	99.8557	39.7903	0.8230	1.1629	5.0000	19.3887	713.0383	95.0463	20.2294	25.0000	0.9300	0.9236	0.6961	0.0000	713.0000	708.9473	1.0272	-2.0000	99.7518	40.6592	0.8230	0.8267	5.0000	-9999.0000	-9999.0000	-9999.0000	-9999.0000	-9999.0000	-9999.0000	17.4685	5	0	40.0380	1.0000	08	2	-9999.0000	36296	63210	-9999	-9999	2279	5007	496.2822	3	0.6961	0.7076	-0.0004	55.1847	1.2882	656.7151	517.1345	46.7593	649.6794	94.9074	659.5948	94.6528	665.1138	94.6296	669.4909	94.7685	
31/08/2017	01:36:25	011995	G488134675HLR	L488	S		622.2098	1.0400	0.0000	99.9197	39.7392	0.8230	1.1621	5.0000	22.7388	713.0428	94.8380	26.1187	24.9000	0.9300	0.9235	0.6960	0.0000	713.0000	710.7856	1.0272	-2.0000	99.8102	40.6047	0.8230	0.8256	5.0000	-9999.0000	-9999.0000	-9999.0000	-9999.0000	-9999.0000	-9999.0000	17.3386	6	0	35.2579	1.0000	08	2	-9999.0000	36297	63211	-9999	-9999	2280	5009	496.4101	3	0.6960	0.7073	-0.0004	59.6023	1.0933	648.2478	521.3879	47.0602	641.6749	94.8843	651.8549	94.6759	656.6822	94.6065	661.1070	94.7222	
31/08/2017	01:37:06	011995	G488134710HLR	L488	S		632.5711	1.0400	0.0000	99.8658	39.7834	0.8230	1.1628	5.0000	20.0005	713.1201	94.9306	23.0789	24.9000	0.9300	0.9234	0.6959	0.0000	713.0000	709.1338	1.0272	-2.0000	99.8241	40.6188	0.8230	0.8270	5.0000	-9999.0000	-9999.0000	-9999.0000	-9999.0000	-9999.0000	-9999.0000	17.6480	7	0	40.2479	1.0000	08	2	-9999.0000	36298	63212	-9999	-9999	2281	5011	496.4085	3	0.6959	0.7050	-0.0003	61.9661	1.0080	657.2689	515.5328	47.6620	649.7211	94.8611	658.9271	94.6991	663.0878	94.6296	667.3132	94.7454	
31/08/2017	01:37:46	011995	G488134669HLR	L488	S		623.1003	1.0400	0.0000	99.8466	39.7844	0.8230	1.1628	5.0000	19.3799	713.0269	94.8843	28.3881	24.9000	0.9300	0.9234	0.6961	0.0000	713.0000	713.5039	1.0272	-2.0000	100.0012	40.6477	0.8230	0.8276	5.0000	-9999.0000	-9999.0000	-9999.0000	-9999.0000	-9999.0000	-9999.0000	17.5688	8	0	40.7396	1.0000	08	2	-9999.0000	36299	63213	-9999	-9999	2282	5013	496.2172	3	0.6961	0.7071	-0.0004	62.6607	0.9684	649.2838	511.6951	47.0833	642.7441	95.0231	651.2375	94.7222	655.0840	94.5602	660.0258	94.7454	
31/08/2017	01:38:26	011995	G488134694HLR	L488	S		628.6389	1.0400	0.0000	99.8412	39.7564	0.8230	1.1626	5.0000	19.9395	713.0710	94.8380	29.0482	24.9000	0.9300	0.9234	0.6964	0.0000	713.0000	716.3619	1.0272	-2.0000	99.8154	40.6499	0.8230	0.8259	5.0000	-9999.0000	-9999.0000	-9999.0000	-9999.0000	-9999.0000	-9999.0000	18.5596	1	0	39.9560	1.0000	08	2	-9999.0000	36300	63214	-9999	-9999	2283	5015	496.4292	3	0.6964	0.7066	-0.0004	63.3691	0.9363	654.8974	512.2555	50.4398	646.9869	94.8380	657.1452	94.7454	662.9653	94.5833	666.7775	94.7454	
31/08/2017	01:39:01	011995	G488134645HLR	L488	S		623.4620	1.0400	0.0000	99.8659	39.7482	0.8230	1.1626	5.0000	20.3290	713.0445	94.9769	24.3893	24.9000	0.9300	0.9235	0.6967	0.0000	713.0000	711.8326	1.0272	-2.0000	99.7738	40.5919	0.8230	0.8256	5.0000	-9999.0000	-9999.0000	-9999.0000	-9999.0000	-9999.0000	-9999.0000	17.2976	2	0	34.3489	1.0000	08	2	-9999.0000	36301	63215	-9999	-9999	2284	5017	496.5917	3	0.6967	0.7074	-0.0004	60.9436	1.0187	651.7097	514.2425	49.2130	644.1273	94.7222	653.8972	94.7685	658.7199	94.6065	664.1702	94.6991	
31/08/2017	01:39:40	011995	G488134648HLR	L488	S		621.0914	1.0400	0.0000	99.8679	39.7486	0.8230	1.1627	5.0000	19.9673	713.0274	94.7917	29.3285	24.8000	0.9300	0.9234	0.6965	0.0000	713.0000	714.3262	1.0272	-2.0000	99.8888	40.6064	0.8230	0.8269	5.0000	-9999.0000	-9999.0000	-9999.0000	-9999.0000	-9999.0000	-9999.0000	17.2868	3	0	39.3971	1.0000	08	2	-9999.0000	36302	63216	-9999	-9999	2285	5019	496.8256	3	0.6965	0.7069	-0.0004	60.6607	1.0323	648.7837	551.6592	47.7546	642.7095	94.9537	650.8468	94.6991	655.4377	94.5833	658.8049	94.7454	
31/08/2017	01:40:19	011995	G488134654HLR	L488	S		625.6858	1.0400	0.0000	99.9044	39.7490	0.8230	1.1629	5.0000	19.3193	713.0176	94.6528	29.7787	24.8000	0.9300	0.9234	0.6967	0.0000	713.0000	712.7064	1.0272	-2.0000	99.7467	40.6238	0.8230	0.8273	5.0000	-9999.0000	-9999.0000	-9999.0000	-9999.0000	-9999.0000	-9999.0000	17.3982	4	0	38.7285	1.0000	08	2	-9999.0000	36303	63217	-9999	-9999	2286	5021	496.6679	3	0.6967	0.7065	-0.0004	57.5602	1.1660	647.8546	509.9801	48.8194	639.9141	94.8380	648.2839	94.7685	653.9499	94.5833	657.9791	94.7454	
31/08/2017	01:41:01	011995	G488134656HLR	L488	S		619.0348	1.0400	0.0000	99.9452	39.7188	0.8230	1.1626	5.0000	21.9490	713.0329	94.6991	28.9584	24.9000	0.9300	0.9234	0.6969	0.0000	713.0000	714.2095	1.0272	-2.0000	99.8173	40.6628	0.8230	0.8272	5.0000	-9999.0000	-9999.0000	-9999.0000	-9999.0000	-9999.0000	-9999.0000	17.3383	5	0	42.0672	1.0000	08	2	-9999.0000	36304	63218	-9999	-9999	2287	5022	496.8438	3	0.6969	0.7072	-0.0004	61.7976	0.9859	645.2035	488.7302	45.5787	636.6583	94.8148	647.1929	94.7917	652.3976	94.5833	656.2590	94.6991	
31/08/2017	01:41:43	011995	G488134658HLR	L488	S		608.9596	1.0400	0.0000	99.8629	39.7508	0.8230	1.1627	5.0000	20.2890	713.0363	94.9074	23.3786	24.9000	0.9300	0.9235	0.6968	0.0000	713.0000	714.7414	1.0272	-2.0000	99.7329	40.6297	0.8230	0.8260	5.0000	-9999.0000	-9999.0000	-9999.0000	-9999.0000	-9999.0000	-9999.0000	17.3084	6	0	41.8776	1.0000	08	2	-9999.0000	36305	63219	-9999	-9999	2288	5024	496.9482	3	0.6968	0.7069	-0.0004	60.8371	1.0227	650.5831	504.4833	47.2222	641.0989	94.8148	655.0913	94.7685	661.3987	94.5602	665.9598	94.7222	
31/08/2017	01:42:16	011995	G488134636HLR	L488	S		626.2661	1.0400	0.0000	99.8880	39.7404	0.8230	1.1625	5.0000	20.4792	713.0603	94.7685	28.3989	24.9000	0.9300	0.9235	0.6967	0.0000	713.0000	712.6328	1.0272	-2.0000	99.6986	40.5905	0.8230	0.8264	5.0000	-9999.0000	-9999.0000	-9999.0000	-9999.0000	-9999.0000	-9999.0000	17.2362	7	0	33.4984	1.0000	08	2	-9999.0000	36306	63220	-9999	-9999	2289	5026	496.9142	3	0.6967	0.7055	-0.0004	64.0135	0.8941	649.6049	526.7699	48.8889	641.8746	94.9769	650.5796	94.7222	655.5560	94.5833	659.6345	94.7685	
31/08/2017	01:42:52	011995	G488134629HLR	L488	S		627.4180	1.0400	0.0000	99.9580	39.7437	0.8230	1.1627	5.0000	20.1991	713.0479	94.6991	27.6587	25.0000	0.9300	0.9234	0.6964	0.0000	713.0000	713.5041	1.0272	-2.0000	99.8208	40.6606	0.8230	0.8276	5.0000	-9999.0000	-9999.0000	-9999.0000	-9999.0000	-9999.0000	-9999.0000	17.4588	8	0	35.7283	1.0000	08	2	-9999.0000	36307	63221	-9999	-9999	2290	5028	496.8222	3	0.6964	0.7040	-0.0003	66.0719	0.8404	650.4497	503.7219	47.0370	641.1622	94.8611	653.2004	94.7454	657.7527	94.6296	661.0364	94.7454	
31/08/2017	01:43:29	011995	G488134646HLR	L488	S		609.3868	1.0400	0.0000	99.8827	39.7414	0.8230	1.1628	5.0000	19.8388	695.9690	94.6759	31.0081	24.9000	0.9300	0.9234	0.6964	0.0000	713.0000	698.9126	1.0272	-2.0937	99.7217	40.6628	0.8230	0.8275	5.0000	-9999.0000	-9999.0000	-9999.0000	-9999.0000	-9999.0000	-9999.0000	17.2365	1	34	37.2978	1.0000	08	2	-9999.0000	36308	63222	-9999	-9999	2290	5030	484.7414	3	0.6964	0.7035	-0.0003	64.6472	0.8862	631.2266	516.7627	49.9306	623.8644	95.0000	631.6148	94.7917	637.0521	94.6296	639.2535	94.7222	
31/08/2017	01:44:06	011995	G488134641HLR	L488	S		606.0366	1.0400	0.0000	99.9356	39.7044	0.8230	1.1621	5.0000	23.0426	708.2314	94.6065	31.0091	25.0000	0.9300	0.9233	0.6966	0.0000	713.0000	708.6784	1.0272	-2.0000	99.7285	40.6568	0.8230	0.8266	5.0000	-9999.0000	-9999.0000	-9999.0000	-9999.0000	-9999.0000	-9999.0000	17.4289	2	0	36.7285	1.0000	08	2	-9999.0000	36309	63223	-9999	-9999	2291	5031	493.2021	3	0.6966	0.7046	-0.0003	68.5771	0.7375	637.0869	511.4393	49.0972	630.3197	94.7917	639.5988	94.8380	643.9672	94.6065	649.3028	94.7454	
31/08/2017	01:44:44	011995	G488134644HLR	L488	S		629.0234	1.0400	0.0000	99.9418	39.7394	0.8230	1.1621	5.0000	22.8299	713.0389	94.9537	22.6082	25.0000	0.9300	0.9234	0.6967	0.0000	713.0000	710.2888	1.0272	-2.0000	99.9805	40.6138	0.8230	0.8256	5.0000	-9999.0000	-9999.0000	-9999.0000	-9999.0000	-9999.0000	-9999.0000	17.4586	3	0	38.0672	1.0000	08	2	-9999.0000	36310	63224	-9999	-9999	2292	5033	496.7364	3	0.6967	0.7045	-0.0003	68.8753	0.7048	656.0724	522.2693	49.4213	649.3994	94.8148	657.8134	94.7917	663.5116	94.5833	667.1565	94.7454	
31/08/2017	01:45:22	011995	G488134544HLR	L488	S		620.4427	1.0400	0.0000	99.9484	39.7519	0.8230	1.1623	5.0000	21.9810	713.0361	94.9769	24.8492	24.9000	0.9300	0.9234	0.6965	0.0000	713.0000	708.9702	1.0272	-2.0000	99.8807	40.5855	0.8230	0.8260	5.0000	-9999.0000	-9999.0000	-9999.0000	-9999.0000	-9999.0000	-9999.0000	17.2279	4	0	38.0210	1.0000	08	3	-9999.0000	36311	63224	-9999	-9999	2293	5035	496.8133	3	0.6965	0.7065	-0.0004	67.8075	0.7374	648.2877	508.6469	49.9537	641.3260	95.0463	649.0027	94.6991	654.1999	94.6065	658.3935	94.7222	
31/08/2017	01:45:56	011995	G488134536HLR	L488	S		621.9129	1.0400	0.0000	99.9406	39.7540	0.8230	1.1623	5.0000	22.4015	713.0824	94.9074	26.3785	24.9000	0.9300	0.9234	0.6966	0.0000	713.0000	711.0052	1.0272	-2.0000	99.7239	40.6176	0.8230	0.8271	5.0000	-9999.0000	-9999.0000	-9999.0000	-9999.0000	-9999.0000	-9999.0000	17.4133	5	0	33.4458	1.0000	08	3	-9999.0000	36312	63225	-9999	-9999	2294	5037	496.7534	3	0.6966	0.7057	-0.0003	61.5059	0.9969	649.7049	519.0134	49.3750	642.6077	94.9074	650.0030	94.7454	656.6945	94.5833	661.0812	94.7222	
31/08/2017	01:46:29	011995	G488134515HLR	L488	S		621.7745	1.0400	0.0000	99.9410	39.7891	0.8230	1.1627	5.0000	20.2156	713.0312	94.7685	25.7291	24.9000	0.9300	0.9235	0.6967	0.0000	713.0000	712.4720	1.0272	-2.0000	99.7108	40.6606	0.8230	0.8275	5.0000	-9999.0000	-9999.0000	-9999.0000	-9999.0000	-9999.0000	-9999.0000	17.4890	6	0	33.1010	1.0000	08	3	-9999.0000	36313	63226	-9999	-9999	2295	5039	496.7390	3	0.6967	0.7097	-0.0005	52.0444	1.3299	649.6435	512.1228	48.5648	643.1634	94.8611	651.7439	94.7685	656.9657	94.6065	661.0709	94.7454	
31/08/2017	01:47:02	011995	G488134550HLR	L488	S		622.4800	1.0400	0.0000	99.8942	39.7722	0.8230	1.1626	5.0000	20.1590	713.0252	94.8611	27.1782	24.9000	0.9300	0.9234	0.6968	0.0000	713.0000	712.7254	1.0272	-2.0000	99.7108	40.6612	0.8230	0.8274	5.0000	-9999.0000	-9999.0000	-9999.0000	-9999.0000	-9999.0000	-9999.0000	17.3167	7	0	32.9369	1.0000	08	3	-9999.0000	36314	63227	-9999	-9999	2296	5041	496.8283	3	0.6968	0.7111	-0.0005	48.7232	1.4561	647.8164	522.3042	49.6296	639.9756	94.9306	649.4600	94.7454	654.8493	94.5833	659.1341	94.7222	
31/08/2017	01:47:27	011995	G488134540HLR	L488	S		620.0996	1.0400	0.0000	100.0431	39.7346	0.8230	1.1620	5.0000	23.2475	713.0558	94.7917	27.1284	24.9000	0.9300	0.9234	0.6968	0.0000	713.0000	711.6945	1.0272	-2.0000	99.7287	40.6617	0.8230	0.8270	5.0000	-9999.0000	-9999.0000	-9999.0000	-9999.0000	-9999.0000	-9999.0000	17.3383	8	0	25.2474	1.0000	08	3	-9999.0000	36315	63228	-9999	-9999	2297	5043	496.8910	3	0.6968	0.7110	-0.0005	48.6139	1.4606	646.7788	513.4704	46.0185	639.6850	94.8380	647.2733	94.7685	652.6858	94.6065	656.6954	94.7222	
31/08/2017	01:47:57	011995	G488133927HLR	L488	S		623.4531	1.0400	0.0000	99.8357	39.7855	0.8230	1.1626	5.0000	20.6480	713.0559	94.9306	22.5193	24.9000	0.9300	0.9235	0.6966	0.0000	713.0000	712.7968	1.0272	-2.0000	99.8907	40.6531	0.8230	0.8263	5.0000	-9999.0000	-9999.0000	-9999.0000	-9999.0000	-9999.0000	-9999.0000	17.8292	1	0	30.3977	1.0000	08	3	-9999.0000	36316	63229	-9999	-9999	2298	5045	496.9083	3	0.6966	0.7098	-0.0005	61.8920	1.0036	654.0903	514.2382	47.9398	646.1552	94.8380	656.9179	94.7685	662.6322	94.5602	666.9398	94.7454	
