Data	Timp	Nr. masina	Nr. de serie	Tip	Productie	Comentariu	Pre-masurare Q [ml/min]	Pre-masurare Gain	Pre-masurare Offset Master	Pre-masurare P [bar]	Pre-masurare T [°C]	Pre-masurare Densitate fixa [kg/l]	Pre-masurare densitate masurata [kg/l]	Pre-masurare Timp masurare [s]	Pre-masurare Cycle time [s]	rectificare Q Oprire [ml/min]	rectificare P Oprire [bar]	rectificare Timp rectificare [s]	rectificare T [°C]	rectificare Densitate fixa [kg/l]	rectificare densitate masurata [kg/l]	rectificare Factor de masurare la rectificare	rectificare Factor de corectie a debitului	rectificare Target rectificare	Masurare Q [ml/min]	Masurare Gain	Masurare Offset Master	Masurare P [bar]	Masurare T [°C]	Masurare Densitate fixa [kg/l]	Masurare densitate masurata [kg/l]	Masurare Timp masurare [s]	Masurare Q [ml/min]	Masurare Delta Q [ml/min]	Masurare P [bar]	Masurare BP [bar]	Masurare T [°C]	Masurare Timp masurare [s]	Masurare Cycle time [s]	Nest Nr.	Cod de descarcare	Cycle time [s]	Traceability aktiv	EDM Maschine Nr	EDM Spindle Nr	Honing Rate [r	Station Counter Premeasure	Station Counter Grind	Station Counter Blowout 1	Station Counter Wash	Station Counter Measure	Station Counter Blowout 2	RealGrindQStop	Reg Type	Factor 0	Factor 1	Factor 2	Factor 3	Factor 4	G_StartQV	G_StartQV_1	G_StartQV_2	G_StartQV_3	G_StartQV_4	G_StartQV_5	
30/08/2017	01:00:37	011995	H421144342HLR	L421	S		707.7575	1.0400	0.0000	100.0798	39.3857	0.8230	1.1622	5.0000	26.6052	809.5783	94.5370	31.0081	24.8000	0.9300	0.9248	0.7277	-0.0003	815.0000	813.4303	1.0272	3.4267	100.0516	40.5476	0.8230	0.8270	5.0000	-9999.0000	-9999.0000	-9999.0000	-9999.0000	-9999.0000	-9999.0000	17.4659	3	0	38.2176	1.0000	13	4	-9999.0000	34733	61702	-9999	-9999	694	1522	581.3357	5	0.7190	0.7277	-0.0003	44.5358	2.6178	692.7894	354.1768	44.3750	685.3485	70.0463	703.5075	92.2685	723.8325	94.3981	730.2454	94.6759	
30/08/2017	01:01:48	011995	H421144338HLR	L421	S		707.5881	1.0400	0.0000	100.1457	39.5370	0.8230	1.1620	5.0000	23.5076	815.0614	94.8148	28.1176	24.8000	0.9300	0.9249	0.7277	-0.0003	815.0000	815.7236	1.0272	3.1851	100.0992	40.5203	0.8230	0.8259	5.0000	-9999.0000	-9999.0000	-9999.0000	-9999.0000	-9999.0000	-9999.0000	17.5301	5	0	40.4471	1.0000	13	4	-9999.0000	34734	61703	-9999	-9999	695	1525	585.9899	5	0.7190	0.7277	-0.0003	44.5358	2.6178	720.9520	490.2106	46.9907	712.3482	91.9444	724.3500	94.6065	732.9134	94.6065	738.5158	94.7685	
30/08/2017	01:02:52	011995	H421144334HLR	L421	S		706.1487	1.0400	0.0000	99.9636	39.4828	0.8230	1.1618	5.0000	25.2066	815.0367	94.7222	27.0191	24.8000	0.9300	0.9249	0.7244	-0.0003	815.0000	813.4367	1.0272	3.4261	99.9577	40.4810	0.8230	0.8261	5.0000	-9999.0000	-9999.0000	-9999.0000	-9999.0000	-9999.0000	-9999.0000	17.3481	7	0	37.9082	1.0000	13	4	-9999.0000	34735	61704	-9999	-9999	696	1528	583.5239	5	0.7147	0.7244	-0.0003	44.4929	2.6153	720.9890	489.5616	44.4907	711.6419	92.5694	726.6241	94.6528	734.4112	94.6759	739.7908	94.6991	
30/08/2017	01:03:51	011995	H421144329HLR	L421	S		706.5333	1.0400	0.0000	100.0896	39.5118	0.8230	1.1617	5.0000	27.8480	815.1034	94.7917	29.2982	24.9000	0.9300	0.9250	0.7258	-0.0003	815.0000	814.5320	1.0272	3.3106	99.7785	40.4948	0.8230	0.8264	5.0000	-9999.0000	-9999.0000	-9999.0000	-9999.0000	-9999.0000	-9999.0000	17.3982	1	0	33.6682	1.0000	13	4	-9999.0000	34736	61705	-9999	-9999	697	1531	584.1922	5	0.7165	0.7258	-0.0003	44.5245	2.6171	720.0191	453.2746	44.5370	709.7140	93.0324	724.0569	94.6528	731.4287	94.6991	737.4474	94.6991	
30/08/2017	01:04:53	011995	H421144330HLR	L421	S		711.9355	1.0400	0.0000	100.2954	39.5996	0.8230	1.1622	5.0000	22.4382	815.0206	94.7222	26.9283	25.0000	0.9300	0.9249	0.7258	-0.0003	815.0000	815.5037	1.0272	3.2082	99.9768	40.4923	0.8230	0.8257	5.0000	-9999.0000	-9999.0000	-9999.0000	-9999.0000	-9999.0000	-9999.0000	17.4580	3	0	36.4735	1.0000	13	4	-9999.0000	34737	61706	-9999	-9999	698	1534	584.6976	5	0.7168	0.7258	-0.0003	44.4999	2.6157	723.3594	482.6976	46.0185	713.4763	93.4491	728.6088	94.6528	736.6147	94.6296	740.9364	94.7454	
30/08/2017	01:06:01	011995	H421144124HLR	L421	S		709.3751	1.0400	0.0000	100.1538	39.5587	0.8230	1.1622	5.0000	22.4891	815.0662	94.9074	22.4988	25.0000	0.9300	0.9249	0.7259	-0.0003	815.0000	813.0785	1.0272	3.4638	99.8988	40.5021	0.8230	0.8258	5.0000	-9999.0000	-9999.0000	-9999.0000	-9999.0000	-9999.0000	-9999.0000	17.4872	5	0	36.9678	1.0000	13	4	-9999.0000	34737	61707	-9999	-9999	699	1535	586.0528	5	0.7169	0.7259	-0.0003	44.5029	2.6158	731.2856	520.2201	49.3056	722.9464	93.6343	736.0858	94.6296	743.4170	94.6296	748.3943	94.7917	
30/08/2017	01:07:00	011995	H421144113HLR	L421	S		707.9083	1.0400	0.0000	100.1810	39.5843	0.8230	1.1623	5.0000	22.4382	815.0825	94.9306	25.3483	24.9000	0.9300	0.9249	0.7327	-0.0006	815.0000	815.0225	1.0272	3.2590	100.0332	40.5273	0.8230	0.8270	5.0000	-9999.0000	-9999.0000	-9999.0000	-9999.0000	-9999.0000	-9999.0000	17.3089	7	0	34.0877	1.0000	13	4	-9999.0000	34738	61708	-9999	-9999	700	1538	585.8486	5	0.7169	0.7327	-0.0006	109.6664	-0.0936	721.5555	466.3582	44.2593	712.0544	93.9815	726.6926	94.6991	733.5659	94.6296	738.6884	94.6991	
30/08/2017	01:07:58	011995	H421144109HLR	L421	S		707.3822	1.0400	0.0000	100.1311	39.5333	0.8230	1.1617	5.0000	27.7014	815.0902	94.8611	25.7389	24.9000	0.9300	0.9249	0.7347	-0.0006	815.0000	816.4047	1.0272	3.1133	100.0696	40.5122	0.8230	0.8261	5.0000	-9999.0000	-9999.0000	-9999.0000	-9999.0000	-9999.0000	-9999.0000	17.4705	1	0	32.4079	1.0000	13	4	-9999.0000	34739	61709	-9999	-9999	701	1541	585.8334	5	0.7176	0.7347	-0.0006	95.1403	0.3992	716.4989	473.1021	46.3426	707.1619	94.0741	723.0121	94.7454	730.1501	94.6065	735.0600	94.6759	
30/08/2017	01:09:01	011995	H421144105HLR	L421	S		712.0457	1.0400	0.0000	100.1692	39.6432	0.8230	1.1622	5.0000	22.2819	815.0670	95.0000	23.0593	24.9000	0.9300	0.9248	0.7346	-0.0006	815.0000	815.3702	1.0272	3.2223	100.0741	40.5216	0.8230	0.8255	5.0000	-9999.0000	-9999.0000	-9999.0000	-9999.0000	-9999.0000	-9999.0000	17.2290	3	0	33.9288	1.0000	13	4	-9999.0000	34740	61710	-9999	-9999	702	1544	587.1490	5	0.7177	0.7346	-0.0006	95.4557	0.4108	723.6757	482.4483	44.5833	713.9573	94.0972	730.3800	94.7454	736.4152	94.5833	743.0689	94.7454	
30/08/2017	01:09:58	011995	H421144101HLR	L421	S		713.4067	1.0400	0.0000	100.1488	39.6119	0.8230	1.1622	5.0000	22.3900	815.0418	94.8380	21.3289	25.0000	0.9300	0.9249	0.7338	-0.0006	815.0000	815.5630	1.0272	3.2020	99.8976	40.5152	0.8230	0.8254	5.0000	-9999.0000	-9999.0000	-9999.0000	-9999.0000	-9999.0000	-9999.0000	17.4690	5	0	32.2876	1.0000	13	4	-9999.0000	34740	61711	-9999	-9999	703	1547	587.7628	5	0.7177	0.7338	-0.0006	100.6804	0.2221	727.8026	483.6715	47.1296	717.7101	94.1898	733.7921	94.6065	741.8186	94.6528	746.3206	94.7917	
30/08/2017	01:11:01	011995	H421144134HLR	L421	S		714.9236	1.0400	0.0000	100.0770	39.6180	0.8230	1.1622	5.0000	22.4784	815.0954	94.9769	22.7693	24.9000	0.9300	0.9249	0.7339	-0.0006	815.0000	816.1043	1.0272	3.1450	100.0070	40.4955	0.8230	0.8239	5.0000	-9999.0000	-9999.0000	-9999.0000	-9999.0000	-9999.0000	-9999.0000	20.3799	7	0	37.5595	1.0000	13	4	-9999.0000	34740	61712	-9999	-9999	704	1550	587.1526	5	0.7180	0.7339	-0.0006	96.2522	0.3751	727.4057	470.0005	46.8287	717.2022	94.2361	734.2850	94.6759	741.6161	94.6065	746.1193	94.7917	
30/08/2017	01:12:05	011995	H421144138HLR	L421	S		715.0742	1.0400	0.0000	100.1196	39.6127	0.8230	1.1626	5.0000	22.3591	815.0396	94.8611	21.1590	24.9000	0.9300	0.9249	0.7333	-0.0006	815.0000	817.0256	1.0272	3.0479	99.7896	40.5364	0.8230	0.8255	5.0000	-9999.0000	-9999.0000	-9999.0000	-9999.0000	-9999.0000	-9999.0000	17.2382	1	0	37.9482	1.0000	13	4	-9999.0000	34741	61713	-9999	-9999	705	1553	587.7150	5	0.7183	0.7333	-0.0006	92.2922	0.5194	731.6363	482.6964	46.4583	721.4463	94.3519	737.8541	94.6991	744.2246	94.5833	749.6774	94.7685	
30/08/2017	01:13:07	011995	H421144116HLR	L421	S		707.1043	1.0400	0.0000	100.1020	39.6235	0.8230	1.1622	5.0000	22.2602	815.0835	94.7917	26.4693	24.9000	0.9300	0.9248	0.7327	-0.0006	815.0000	816.1376	1.0272	3.1415	99.7036	40.5252	0.8230	0.8253	5.0000	-9999.0000	-9999.0000	-9999.0000	-9999.0000	-9999.0000	-9999.0000	17.6383	3	0	36.8779	1.0000	13	4	-9999.0000	34741	61714	-9999	-9999	706	1556	585.2401	5	0.7184	0.7327	-0.0006	87.9354	0.6832	721.7766	518.5063	49.8843	712.8104	94.7685	726.7641	94.5370	732.3748	94.6528	738.0757	94.7917	
30/08/2017	01:14:12	011995	H421140554HLR	L421	S		701.4629	1.0400	0.0000	100.1377	39.6182	0.8230	1.1622	5.0000	22.3578	815.0779	94.6296	26.9087	24.9000	0.9300	0.9248	0.7311	-0.0005	815.0000	815.6975	1.0272	3.1878	100.0227	40.5283	0.8230	0.8255	5.0000	-9999.0000	-9999.0000	-9999.0000	-9999.0000	-9999.0000	-9999.0000	17.1575	5	0	38.4774	1.0000	13	4	-9999.0000	34742	61715	-9999	-9999	707	1559	585.0297	5	0.7184	0.7311	-0.0005	88.4257	0.6590	717.8989	478.6166	46.4352	708.4157	94.5602	723.0117	94.6528	731.3275	94.6296	737.1007	94.7685	
30/08/2017	01:15:12	011995	H421144121HLR	L421	S		707.4715	1.0400	0.0000	100.1665	39.6190	0.8230	1.1622	5.0000	22.2489	815.0516	94.7917	25.6481	24.8000	0.9300	0.9248	0.7314	-0.0005	815.0000	814.3022	1.0272	3.3349	99.9081	40.5236	0.8230	0.8258	5.0000	-9999.0000	-9999.0000	-9999.0000	-9999.0000	-9999.0000	-9999.0000	17.5640	7	0	33.1477	1.0000	13	4	-9999.0000	34742	61716	-9999	-9999	708	1562	585.4285	5	0.7183	0.7314	-0.0005	85.3002	0.8014	720.4114	429.7406	44.3519	710.2631	94.7222	726.2841	94.7454	732.0418	94.6065	737.6293	94.7917	
30/08/2017	01:16:09	011995	H421144127HLR	L421	S		707.8975	1.0400	0.0000	100.0685	39.6100	0.8230	1.1621	5.0000	22.7080	815.0760	94.6991	27.2788	24.9000	0.9300	0.9249	0.7315	-0.0005	815.0000	816.2266	1.0272	3.1321	100.0289	40.5276	0.8230	0.8254	5.0000	-9999.0000	-9999.0000	-9999.0000	-9999.0000	-9999.0000	-9999.0000	17.2382	1	0	31.2879	1.0000	13	4	-9999.0000	34743	61717	-9999	-9999	709	1564	584.7382	5	0.7183	0.7315	-0.0005	87.3092	0.7154	721.0345	415.5191	44.3056	710.5926	94.6528	727.4968	94.6528	734.9462	94.6296	740.3394	94.7685	
30/08/2017	01:17:07	011995	H421144149HLR	L421	S		716.7754	1.0400	0.0000	100.0556	39.6007	0.8230	1.1619	5.0000	23.7087	815.0459	94.9074	21.9784	25.1000	0.9300	0.9250	0.7315	-0.0005	815.0000	815.7632	1.0272	3.1809	100.0494	40.5567	0.8230	0.8254	5.0000	-9999.0000	-9999.0000	-9999.0000	-9999.0000	-9999.0000	-9999.0000	17.7587	3	0	32.1487	1.0000	13	4	-9999.0000	34744	61718	-9999	-9999	710	1567	586.9904	5	0.7183	0.7315	-0.0005	85.6006	0.7915	731.6741	469.9007	48.4259	721.3474	94.5370	738.7161	94.6991	744.3568	94.6528	750.4420	94.8380	
30/08/2017	01:18:07	011995	H421143160HLR	L421	S		718.4002	1.0400	0.0000	100.0896	39.6386	0.8230	1.1622	5.0000	22.3689	815.0528	94.8843	20.3486	25.1000	0.9300	0.9249	0.7306	-0.0005	815.0000	815.5470	1.0272	3.2037	99.9024	40.5896	0.8230	0.8263	5.0000	-9999.0000	-9999.0000	-9999.0000	-9999.0000	-9999.0000	-9999.0000	17.3669	5	0	33.2981	1.0000	13	4	-9999.0000	34745	61719	-9999	-9999	711	1569	587.5436	5	0.7184	0.7306	-0.0005	81.7394	0.9638	735.9726	484.2230	46.9444	726.2259	94.8148	741.2514	94.6296	747.4704	94.6759	754.2169	94.7917	
30/08/2017	01:19:06	011995	H421143166HLR	L421	S		716.9707	1.0400	0.0000	100.1301	39.6304	0.8230	1.1626	5.0000	22.3986	815.0894	94.9074	21.0985	25.1000	0.9300	0.9249	0.7313	-0.0005	815.0000	815.9873	1.0272	3.1573	100.0343	40.5999	0.8230	0.8265	5.0000	-9999.0000	-9999.0000	-9999.0000	-9999.0000	-9999.0000	-9999.0000	17.2661	7	0	33.2483	1.0000	13	4	-9999.0000	34746	61720	-9999	-9999	712	1572	587.3063	5	0.7185	0.7313	-0.0005	79.6029	1.0450	733.3484	500.9306	47.6157	723.1163	94.7685	739.7526	94.5370	746.0777	94.7222	751.6502	94.8611	
30/08/2017	01:20:06	011995	H421143168HLR	L421	S		715.3165	1.0400	0.0000	100.0506	39.6203	0.8230	1.1619	5.0000	23.7084	815.0650	94.8843	22.0887	25.1000	0.9300	0.9249	0.7307	-0.0005	815.0000	815.9455	1.0272	3.1617	99.8682	40.6082	0.8230	0.8270	5.0000	-9999.0000	-9999.0000	-9999.0000	-9999.0000	-9999.0000	-9999.0000	17.2695	1	0	34.8281	1.0000	13	4	-9999.0000	34747	61721	-9999	-9999	713	1575	586.8134	5	0.7187	0.7307	-0.0005	74.1992	1.2533	731.0365	473.5572	47.4537	721.6506	94.7454	736.2991	94.6065	742.6110	94.6759	748.6418	94.8380	
30/08/2017	01:21:07	011995	H421143188HLR	L421	S		713.5410	1.0400	0.0000	100.1233	39.6476	0.8230	1.1622	5.0000	22.4988	815.0969	94.7917	22.0682	25.0000	0.9300	0.9249	0.7315	-0.0005	815.0000	814.2077	1.0272	3.3448	99.8317	40.5874	0.8230	0.8256	5.0000	-9999.0000	-9999.0000	-9999.0000	-9999.0000	-9999.0000	-9999.0000	19.7882	3	0	35.3887	1.0000	13	4	-9999.0000	34748	61722	-9999	-9999	714	1578	586.7872	5	0.7189	0.7315	-0.0005	65.5174	1.6281	727.2231	488.1631	47.9861	717.0388	94.6991	734.7172	94.6528	741.0150	94.6759	746.4807	94.7917	
30/08/2017	01:22:06	011995	H421143184HLR	L421	S		711.1526	1.0400	0.0000	100.1706	39.6456	0.8230	1.1622	5.0000	22.4187	815.1120	94.9074	23.8581	24.9000	0.9300	0.9248	0.7307	-0.0005	815.0000	816.4789	1.0272	3.1055	100.1177	40.6072	0.8230	0.8274	5.0000	-9999.0000	-9999.0000	-9999.0000	-9999.0000	-9999.0000	-9999.0000	17.3642	5	0	32.7771	1.0000	13	4	-9999.0000	34749	61723	-9999	-9999	715	1581	586.0078	5	0.7190	0.7307	-0.0005	62.0138	1.7822	731.2336	524.8036	47.6389	722.2450	94.6759	735.5461	94.6528	742.1794	94.6991	747.8843	94.7917	
30/08/2017	01:23:05	011995	H421143180HLR	L421	S		711.5168	1.0400	0.0000	100.1214	39.6448	0.8230	1.1622	5.0000	22.4328	815.0350	94.8843	24.2878	24.9000	0.9300	0.9249	0.7308	-0.0005	815.0000	815.5952	1.0272	3.1986	99.8708	40.5899	0.8230	0.8274	5.0000	-9999.0000	-9999.0000	-9999.0000	-9999.0000	-9999.0000	-9999.0000	17.4584	7	0	33.5319	1.0000	13	4	-9999.0000	34750	61724	-9999	-9999	716	1584	585.7521	5	0.7190	0.7308	-0.0005	63.0465	1.7204	726.5034	498.1381	47.3843	717.3902	94.7685	732.0937	94.7222	738.7509	94.6065	745.1198	94.7685	
30/08/2017	01:24:06	011995	H421143176HLR	L421	S		715.8350	1.0400	0.0000	100.0870	39.6279	0.8230	1.1620	5.0000	23.3968	815.0517	94.8148	21.7791	24.9000	0.9300	0.9249	0.7314	-0.0005	815.0000	816.3238	1.0272	3.1218	99.6938	40.5538	0.8230	0.8267	5.0000	-9999.0000	-9999.0000	-9999.0000	-9999.0000	-9999.0000	-9999.0000	17.3023	1	0	35.2775	1.0000	13	4	-9999.0000	34751	61725	-9999	-9999	717	1587	586.7046	5	0.7189	0.7314	-0.0005	62.7476	1.7391	730.6434	460.0192	46.4352	720.8443	94.6296	736.7681	94.6991	743.3510	94.6528	748.7855	94.7454	
30/08/2017	01:25:08	011995	H421143172HLR	L421	S		714.8878	1.0400	0.0000	100.2797	39.6525	0.8230	1.1622	5.0000	22.2682	815.0263	94.9306	22.4285	24.9000	0.9300	0.9248	0.7313	-0.0005	815.0000	817.7970	1.0272	2.9666	99.9177	40.5388	0.8230	0.8256	5.0000	-9999.0000	-9999.0000	-9999.0000	-9999.0000	-9999.0000	-9999.0000	19.6270	3	0	36.7647	1.0000	13	4	-9999.0000	34752	61725	-9999	-9999	718	1590	586.3512	5	0.7190	0.7313	-0.0005	64.8620	1.6404	733.3268	497.3737	46.3194	723.3892	94.7685	739.8443	94.5139	746.3992	94.7222	751.6113	94.7685	
30/08/2017	01:26:08	011995	H421143117HLR	L421	S		712.7814	1.0400	0.0000	100.2584	39.6447	0.8230	1.1622	5.0000	22.4683	815.0521	94.7222	24.0885	24.9000	0.9300	0.9249	0.7306	-0.0005	815.0000	813.6877	1.0272	3.3996	100.0648	40.5439	0.8230	0.8264	5.0000	-9999.0000	-9999.0000	-9999.0000	-9999.0000	-9999.0000	-9999.0000	17.5274	5	0	33.8077	1.0000	13	4	-9999.0000	34752	61726	-9999	-9999	719	1593	585.6150	5	0.7189	0.7306	-0.0005	65.3087	1.6140	725.6685	491.8997	46.6667	715.5459	94.6759	732.4076	94.6065	737.8440	94.6759	743.6703	94.7917	
30/08/2017	01:27:07	011995	H421143208HLR	L421	S		713.2790	1.0400	0.0000	100.1392	39.6394	0.8230	1.1621	5.0000	22.4063	815.0532	94.9074	25.5191	24.9000	0.9300	0.9249	0.7298	-0.0005	815.0000	816.6271	1.0272	3.0899	99.8700	40.5308	0.8230	0.8258	5.0000	-9999.0000	-9999.0000	-9999.0000	-9999.0000	-9999.0000	-9999.0000	17.2377	7	0	33.9884	1.0000	13	4	-9999.0000	34752	61727	-9999	-9999	720	1596	584.9723	5	0.7186	0.7298	-0.0005	63.8550	1.6738	727.9581	458.3031	47.9630	717.6962	94.7222	733.9483	94.6528	739.9260	94.6759	745.5933	94.7454	
30/08/2017	01:28:10	011995	H421143204HLR	L421	S		712.2054	1.0400	0.0000	100.3050	39.6380	0.8230	1.1622	5.0000	22.4681	815.0407	94.8843	22.4382	24.9000	0.9300	0.9249	0.7292	-0.0005	815.0000	813.8888	1.0272	3.3784	99.8927	40.5328	0.8230	0.8254	5.0000	-9999.0000	-9999.0000	-9999.0000	-9999.0000	-9999.0000	-9999.0000	17.4888	1	0	36.3585	1.0000	13	4	-9999.0000	34752	61728	-9999	-9999	721	1599	586.2257	5	0.7187	0.7292	-0.0005	65.1326	1.6168	729.1670	491.5449	45.0926	719.6800	94.6528	734.2019	94.5833	741.4243	94.7454	747.0343	94.7917	
30/08/2017	01:29:11	011995	H421143200HLR	L421	S		712.3397	1.0400	0.0000	100.1323	39.6445	0.8230	1.1622	5.0000	22.4080	815.1314	95.0000	22.9988	24.9000	0.9300	0.9249	0.7306	-0.0005	815.0000	814.5075	1.0272	3.3132	100.0470	40.5355	0.8230	0.8256	5.0000	-9999.0000	-9999.0000	-9999.0000	-9999.0000	-9999.0000	-9999.0000	17.3575	3	0	35.4874	1.0000	13	4	-9999.0000	34753	61729	-9999	-9999	722	1602	586.0694	5	0.7185	0.7306	-0.0005	64.7785	1.6191	727.8069	498.2209	46.2037	718.4634	94.9074	733.2839	94.4907	740.4992	94.7222	745.4287	94.7917	
30/08/2017	01:30:13	011995	H421143192HLR	L421	S		710.1721	1.0400	0.0000	100.0491	39.6248	0.8230	1.1619	5.0000	23.7086	815.0945	94.9074	25.3688	24.9000	0.9300	0.9249	0.7305	-0.0005	815.0000	815.7574	1.0272	3.1815	100.0472	40.5361	0.8230	0.8253	5.0000	-9999.0000	-9999.0000	-9999.0000	-9999.0000	-9999.0000	-9999.0000	17.4383	5	0	36.3779	1.0000	13	4	-9999.0000	34754	61730	-9999	-9999	723	1604	585.1701	5	0.7187	0.7305	-0.0005	67.6371	1.4904	725.5582	489.2533	49.2593	716.6213	95.0694	729.8751	94.5370	735.9461	94.7454	742.4256	94.8148	
30/08/2017	01:31:19	011995	H421143137HLR	L421	S		711.9576	1.0400	0.0000	100.3784	39.6456	0.8230	1.1621	5.0000	22.7088	815.0346	94.7917	24.5886	25.0000	0.9300	0.9249	0.7311	-0.0005	815.0000	814.0952	1.0272	3.3567	99.7832	40.5378	0.8230	0.8251	5.0000	-9999.0000	-9999.0000	-9999.0000	-9999.0000	-9999.0000	-9999.0000	17.6057	7	0	38.7576	1.0000	13	4	-9999.0000	34755	61731	-9999	-9999	724	1607	585.3510	5	0.7188	0.7311	-0.0005	66.0354	1.5672	724.7636	509.0775	48.6111	716.5229	94.7454	730.4640	94.6065	736.0990	94.6759	742.2000	94.8380	
30/08/2017	01:32:21	011995	H421143133HLR	L421	S		711.8563	1.0400	0.0000	100.2240	39.6401	0.8230	1.1621	5.0000	22.6091	815.0980	94.7454	24.9089	25.1000	0.9300	0.9249	0.7329	-0.0006	815.0000	814.3496	1.0272	3.3299	100.0288	40.5337	0.8230	0.8256	5.0000	-9999.0000	-9999.0000	-9999.0000	-9999.0000	-9999.0000	-9999.0000	17.1818	1	0	36.8182	1.0000	13	4	-9999.0000	34756	61732	-9999	-9999	725	1610	585.0888	5	0.7187	0.7329	-0.0006	66.4987	1.5463	723.3732	513.6607	49.9074	714.0607	94.9074	727.8690	94.4907	733.4628	94.6991	739.7113	94.8148	
30/08/2017	01:33:21	011995	H421143129HLR	L421	S		711.2883	1.0400	0.0000	100.1205	39.6346	0.8230	1.1622	5.0000	22.4401	815.1463	94.6991	27.4585	25.0000	0.9300	0.9248	0.7320	-0.0006	815.0000	814.3792	1.0272	3.3267	100.0344	40.5309	0.8230	0.8254	5.0000	-9999.0000	-9999.0000	-9999.0000	-9999.0000	-9999.0000	-9999.0000	17.5464	3	0	34.5285	1.0000	13	4	-9999.0000	34757	61733	-9999	-9999	726	1613	584.0857	5	0.7189	0.7320	-0.0006	72.5014	1.2678	720.6457	492.0356	47.1296	710.6832	94.6296	726.4690	94.5602	732.7906	94.6991	737.2214	94.7917	
30/08/2017	01:34:23	011995	H421143121HLR	L421	S		710.7627	1.0400	0.0000	100.0774	39.6323	0.8230	1.1622	5.0000	22.4692	815.0542	95.0000	25.5084	24.9000	0.9300	0.9248	0.7312	-0.0005	815.0000	814.7138	1.0272	3.2915	99.8163	40.5440	0.8230	0.8253	5.0000	-9999.0000	-9999.0000	-9999.0000	-9999.0000	-9999.0000	-9999.0000	17.1391	5	0	34.3685	1.0000	13	4	-9999.0000	34758	61734	-9999	-9999	727	1616	585.0499	5	0.7188	0.7312	-0.0005	75.7578	1.1266	722.5846	454.5282	46.4120	712.6381	94.6065	728.9208	94.6528	734.7297	94.6991	740.4135	94.7917	
30/08/2017	01:35:24	011995	H421143125HLR	L421	S		711.4826	1.0400	0.0000	100.2418	39.6380	0.8230	1.1622	5.0000	22.4792	815.1385	94.9769	23.3689	25.0000	0.9300	0.9249	0.7297	-0.0005	815.0000	814.4307	1.0272	3.3213	99.7667	40.5357	0.8230	0.8252	5.0000	-9999.0000	-9999.0000	-9999.0000	-9999.0000	-9999.0000	-9999.0000	17.4841	7	0	36.2784	1.0000	13	4	-9999.0000	34758	61735	-9999	-9999	728	1618	586.0184	5	0.7186	0.7297	-0.0005	86.0186	0.6840	726.9819	487.6045	47.1759	717.7742	94.8843	733.1799	94.5602	738.9826	94.6528	745.4804	94.7917	
30/08/2017	01:36:26	011995	H421141567HLR	L421	S		711.6377	1.0400	0.0000	100.1318	39.6432	0.8230	1.1622	5.0000	22.2875	815.0521	94.9306	23.1990	24.9000	0.9300	0.9249	0.7296	-0.0005	815.0000	815.0172	1.0272	3.2595	99.8143	40.5049	0.8230	0.8242	5.0000	-9999.0000	-9999.0000	-9999.0000	-9999.0000	-9999.0000	-9999.0000	19.5580	1	0	36.5586	1.0000	13	4	-9999.0000	34759	61736	-9999	-9999	729	1621	585.9974	5	0.7185	0.7296	-0.0005	88.3366	0.5904	727.3700	490.3470	46.5046	716.9661	94.6759	734.4291	94.7222	740.9483	94.6528	746.7675	94.7917	
30/08/2017	01:37:28	011995	H421143149HLR	L421	S		710.7656	1.0400	0.0000	100.1212	39.6354	0.8230	1.1622	5.0000	22.3687	815.0597	94.9074	25.1491	24.8000	0.9300	0.9248	0.7313	-0.0005	815.0000	816.0011	1.0272	3.1558	100.0508	40.5363	0.8230	0.8251	5.0000	-9999.0000	-9999.0000	-9999.0000	-9999.0000	-9999.0000	-9999.0000	17.6095	3	0	36.5687	1.0000	13	4	-9999.0000	34760	61737	-9999	-9999	730	1624	585.3203	5	0.7185	0.7313	-0.0005	90.1996	0.5212	724.9382	482.3845	46.5741	715.7708	94.6759	731.3651	94.4907	737.2193	94.7222	743.2983	94.8148	
30/08/2017	01:38:29	011995	H421143144HLR	L421	S		710.0641	1.0400	0.0000	100.2199	39.6307	0.8230	1.1622	5.0000	22.3688	815.0566	94.8380	25.1393	24.9000	0.9300	0.9248	0.7298	-0.0005	815.0000	815.5469	1.0272	3.2037	100.0180	40.5408	0.8230	0.8253	5.0000	-9999.0000	-9999.0000	-9999.0000	-9999.0000	-9999.0000	-9999.0000	17.3444	5	0	35.7281	1.0000	13	4	-9999.0000	34761	61738	-9999	-9999	731	1626	585.3484	5	0.7184	0.7298	-0.0005	93.2878	0.3995	722.9825	485.9771	45.5093	713.0874	94.8843	730.0716	94.5602	735.9401	94.6991	740.9482	94.7454	
30/08/2017	01:39:28	011995	H421143141HLR	L421	S		709.8117	1.0400	0.0000	100.1690	39.6309	0.8230	1.1622	5.0000	22.2683	815.0822	94.7917	25.5983	24.9000	0.9300	0.9248	0.7307	-0.0005	815.0000	814.7587	1.0272	3.2868	99.9249	40.5445	0.8230	0.8251	5.0000	-9999.0000	-9999.0000	-9999.0000	-9999.0000	-9999.0000	-9999.0000	17.7182	7	0	33.8683	1.0000	13	4	-9999.0000	34762	61739	-9999	-9999	732	1628	585.1434	5	0.7184	0.7307	-0.0005	91.0920	0.4903	723.2852	470.3880	46.1806	712.7694	94.7454	728.8272	94.6528	734.5051	94.6759	739.4864	94.7454	
30/08/2017	01:40:31	011995	H421143157HLR	L421	S		712.5567	1.0400	0.0000	100.2321	39.6320	0.8230	1.1622	5.0000	22.1185	815.0360	94.7917	24.7985	24.9000	0.9300	0.9248	0.7307	-0.0005	815.0000	814.1883	1.0272	3.3469	99.9631	40.5714	0.8230	0.8257	5.0000	-9999.0000	-9999.0000	-9999.0000	-9999.0000	-9999.0000	-9999.0000	17.2183	1	0	37.9081	1.0000	13	4	-9999.0000	34763	61740	-9999	-9999	733	1631	585.3831	5	0.7184	0.7307	-0.0005	89.6574	0.5521	724.9660	493.0380	45.9722	715.8684	94.7685	730.5105	94.4907	736.3072	94.7222	741.6471	94.7917	
30/08/2017	01:41:30	011995	H421141591HLR	L421	S		712.2793	1.0400	0.0000	100.1460	39.6337	0.8230	1.1622	5.0000	22.3083	815.0709	94.9769	22.8884	25.0000	0.9300	0.9249	0.7345	-0.0007	815.0000	814.9894	1.0272	3.2624	99.9956	40.5602	0.8230	0.8256	5.0000	-9999.0000	-9999.0000	-9999.0000	-9999.0000	-9999.0000	-9999.0000	17.1538	3	0	33.7982	1.0000	13	4	-9999.0000	34764	61741	-9999	-9999	734	1634	586.5872	5	0.7183	0.7345	-0.0007	91.4748	0.4850	723.8443	484.9047	45.5556	713.9759	94.8380	730.7453	94.6296	736.7661	94.7222	742.6087	94.7222	
30/08/2017	01:42:29	011995	H421141587HLR	L421	S		711.2862	1.0400	0.0000	100.1394	39.6375	0.8230	1.1622	5.0000	22.2390	815.0530	94.6065	27.0084	24.9000	0.9300	0.9248	0.7351	-0.0007	815.0000	817.3055	1.0272	3.0184	99.9138	40.5644	0.8230	0.8251	5.0000	-9999.0000	-9999.0000	-9999.0000	-9999.0000	-9999.0000	-9999.0000	18.3817	5	0	32.6589	1.0000	13	4	-9999.0000	34765	61742	-9999	-9999	735	1637	584.3911	5	0.7185	0.7351	-0.0007	90.3801	0.5224	722.0065	497.0254	46.7130	711.7316	94.6991	726.9179	94.4907	732.9717	94.7917	738.6046	94.7454	
30/08/2017	01:43:29	011995	H421141579HLR	L421	S		715.3302	1.0400	0.0000	100.0983	39.6222	0.8230	1.1622	5.0000	22.1780	815.0733	94.9537	22.8094	24.9000	0.9300	0.9249	0.7345	-0.0006	815.0000	816.4999	1.0272	3.1033	99.8089	40.5979	0.8230	0.8263	5.0000	-9999.0000	-9999.0000	-9999.0000	-9999.0000	-9999.0000	-9999.0000	17.1987	7	0	33.7582	1.0000	13	4	-9999.0000	34766	61743	-9999	-9999	736	1640	586.6734	5	0.7185	0.7345	-0.0006	91.8995	0.4669	728.1847	500.0554	45.8333	719.3552	94.6296	733.4351	94.6991	740.0990	94.6528	746.2349	94.7917	
30/08/2017	01:44:31	011995	H421141575HLR	L421	S		716.8034	1.0400	0.0000	100.0265	39.6200	0.8230	1.1619	5.0000	23.6519	815.0656	94.8380	21.7088	25.1000	0.9300	0.9250	0.7340	-0.0006	815.0000	815.9550	1.0272	3.1607	100.0013	40.6039	0.8230	0.8268	5.0000	-9999.0000	-9999.0000	-9999.0000	-9999.0000	-9999.0000	-9999.0000	17.1078	1	0	36.7802	1.0000	13	4	-9999.0000	34766	61744	-9999	-9999	737	1643	587.2407	5	0.7184	0.7340	-0.0006	84.7534	0.7699	727.8642	489.0292	47.2454	718.2046	94.7685	734.6002	94.4907	741.3335	94.7454	746.3577	94.7917	
30/08/2017	01:45:34	011995	H421141571HLR	L421	S		715.8564	1.0400	0.0000	100.3336	39.6488	0.8230	1.1626	5.0000	22.3867	815.0754	94.9537	22.7585	25.0000	0.9300	0.9249	0.7315	-0.0005	815.0000	815.6170	1.0272	3.1963	99.9888	40.6061	0.8230	0.8268	5.0000	-9999.0000	-9999.0000	-9999.0000	-9999.0000	-9999.0000	-9999.0000	17.1528	3	0	37.9286	1.0000	13	4	-9999.0000	34766	61745	-9999	-9999	738	1645	586.4895	5	0.7183	0.7315	-0.0005	87.3436	0.6562	731.2236	485.9661	46.9907	721.8990	94.6991	735.5968	94.5370	742.0620	94.7222	748.6175	94.7685	
30/08/2017	01:46:36	011995	H421141611HLR	L421	S		706.4645	1.0400	0.0000	100.2592	39.6446	0.8230	1.1622	5.0000	22.2585	815.0686	94.9537	25.8482	25.0000	0.9300	0.9248	0.7305	-0.0005	815.0000	814.2153	1.0272	3.3440	99.9081	40.6025	0.8230	0.8265	5.0000	-9999.0000	-9999.0000	-9999.0000	-9999.0000	-9999.0000	-9999.0000	17.1077	5	0	36.9072	1.0000	13	4	-9999.0000	34767	61746	-9999	-9999	739	1648	585.1279	5	0.7183	0.7305	-0.0005	81.6879	0.8820	721.5347	490.0242	46.6898	712.0420	94.8380	727.2678	94.4444	732.6905	94.7222	738.4764	94.7685	
30/08/2017	01:47:38	011995	H421141607HLR	L421	S		702.8130	1.0400	0.0000	100.1122	39.6275	0.8230	1.1621	5.0000	22.8385	815.0844	94.6759	26.9985	24.9000	0.9300	0.9248	0.7299	-0.0005	815.0000	814.0850	1.0272	3.3577	99.7216	40.6004	0.8230	0.8262	5.0000	-9999.0000	-9999.0000	-9999.0000	-9999.0000	-9999.0000	-9999.0000	17.3629	7	0	36.5661	1.0000	13	4	-9999.0000	34768	61747	-9999	-9999	740	1650	584.7500	5	0.7184	0.7299	-0.0005	80.7911	0.9071	716.6896	498.6976	44.3519	707.1270	94.7917	723.3131	94.5139	728.9317	94.7222	734.0406	94.7917	
30/08/2017	01:48:39	011995	H421141603HLR	L421	S		706.1731	1.0400	0.0000	100.1141	39.6434	0.8230	1.1622	5.0000	22.0979	815.0787	94.8611	25.8892	24.9000	0.9300	0.9248	0.7296	-0.0005	815.0000	814.0694	1.0272	3.3594	100.0688	40.5969	0.8230	0.8261	5.0000	-9999.0000	-9999.0000	-9999.0000	-9999.0000	-9999.0000	-9999.0000	17.5997	1	0	34.2881	1.0000	13	4	-9999.0000	34769	61748	-9999	-9999	741	1653	585.1924	5	0.7184	0.7296	-0.0005	78.0091	1.0325	719.0607	492.0622	47.3380	709.5546	94.7454	724.7794	94.5833	731.7756	94.6759	735.2690	94.8148	
30/08/2017	01:49:40	011995	H421141599HLR	L421	S		708.8183	1.0400	0.0000	100.2347	39.6435	0.8230	1.1622	5.0000	22.1481	815.0310	94.9074	25.5787	24.9000	0.9300	0.9248	0.7287	-0.0004	815.0000	815.1643	1.0272	3.2440	99.9210	40.5602	0.8230	0.8244	5.0000	-9999.0000	-9999.0000	-9999.0000	-9999.0000	-9999.0000	-9999.0000	19.9781	3	0	35.9271	1.0000	13	4	-9999.0000	34770	61749	-9999	-9999	742	1656	585.2879	5	0.7183	0.7287	-0.0004	70.7834	1.3445	724.7755	485.2865	46.3194	714.2788	94.8148	729.6359	94.5139	736.1736	94.6759	741.6338	94.8148	
30/08/2017	01:50:39	011995	H421141594HLR	L421	S		710.2586	1.0400	0.0000	100.0401	39.6254	0.8230	1.1619	5.0000	23.5192	815.0633	94.9537	23.2888	25.0000	0.9300	0.9249	0.7273	-0.0004	815.0000	813.6287	1.0272	3.4058	100.0817	40.6081	0.8230	0.8267	5.0000	-9999.0000	-9999.0000	-9999.0000	-9999.0000	-9999.0000	-9999.0000	17.3083	5	0	33.3672	1.0000	13	4	-9999.0000	34771	61750	-9999	-9999	743	1659	586.1399	5	0.7185	0.7273	-0.0004	63.0841	1.6743	730.1076	531.4221	47.2917	720.7870	94.6991	734.3382	94.5370	738.9808	94.6759	745.9224	94.7917	
30/08/2017	01:51:40	011995	H421144860HLR	L421	S		714.4538	1.0400	0.0000	100.1307	39.6567	0.8230	1.1622	5.0000	22.0984	815.0476	94.9074	24.9889	25.0000	0.9300	0.9249	0.7273	-0.0004	815.0000	814.3127	1.0272	3.3338	99.8034	40.6112	0.8230	0.8272	5.0000	-9999.0000	-9999.0000	-9999.0000	-9999.0000	-9999.0000	-9999.0000	17.1589	7	0	35.1778	1.0000	13	3	-9999.0000	34772	61751	-9999	-9999	744	1662	585.6023	5	0.7184	0.7273	-0.0004	61.3714	1.7520	727.9644	488.1114	46.1806	717.5061	94.6991	734.7758	94.5602	741.8070	94.6759	746.3932	94.7917	
30/08/2017	01:52:38	011995	H421146490HLR	L421	S		711.8015	1.0400	0.0000	100.0979	39.6366	0.8230	1.1621	5.0000	22.6892	815.0382	94.8380	22.4285	24.9000	0.9300	0.9249	0.7279	-0.0004	815.0000	815.2491	1.0272	3.2351	100.0078	40.6108	0.8230	0.8272	5.0000	-9999.0000	-9999.0000	-9999.0000	-9999.0000	-9999.0000	-9999.0000	17.3474	1	0	31.9912	1.0000	13	3	-9999.0000	34773	61752	-9999	-9999	745	1665	586.4175	5	0.7185	0.7279	-0.0004	61.8012	1.7364	729.7410	499.2555	48.3333	719.4683	94.6296	736.6730	94.5602	742.9264	94.6759	749.5792	94.7917	
30/08/2017	01:53:39	011995	H421146489HLR	L421	S		705.9753	1.0400	0.0000	100.0948	39.6401	0.8230	1.1620	5.0000	23.3989	815.0303	94.8843	24.2995	24.9000	0.9300	0.9248	0.7284	-0.0004	815.0000	813.6808	1.0272	3.4003	99.6769	40.5956	0.8230	0.8276	5.0000	-9999.0000	-9999.0000	-9999.0000	-9999.0000	-9999.0000	-9999.0000	17.2087	3	0	35.3984	1.0000	13	3	-9999.0000	34774	61753	-9999	-9999	746	1667	585.8462	5	0.7185	0.7284	-0.0004	61.2109	1.7460	723.2006	500.9611	48.0324	713.5458	94.7454	729.9706	94.5139	735.3421	94.6991	741.5302	94.7917	
30/08/2017	01:54:42	011995	H421146488HLR	L421	S		715.4517	1.0400	0.0000	100.1254	39.6437	0.8230	1.1620	5.0000	22.9281	815.0332	94.8843	20.8885	25.0000	0.9300	0.9250	0.7257	-0.0003	815.0000	814.5399	1.0272	3.3098	99.7933	40.5789	0.8230	0.8271	5.0000	-9999.0000	-9999.0000	-9999.0000	-9999.0000	-9999.0000	-9999.0000	17.5913	5	0	37.1972	1.0000	13	3	-9999.0000	34775	61754	-9999	-9999	747	1670	586.7305	5	0.7186	0.7257	-0.0003	65.0683	1.5976	738.8059	525.2589	49.6065	729.6171	94.7917	741.9032	94.5833	747.8256	94.6528	754.5786	94.8148	
30/08/2017	01:55:43	011995	H421146487HLR	L421	S		710.1418	1.0400	0.0000	100.1927	39.6491	0.8230	1.1621	5.0000	22.7986	815.0485	94.8611	24.5085	24.9000	0.9300	0.9249	0.7255	-0.0003	815.0000	814.8962	1.0272	3.2723	99.8970	40.5840	0.8230	0.8262	5.0000	-9999.0000	-9999.0000	-9999.0000	-9999.0000	-9999.0000	-9999.0000	19.0900	7	0	34.6983	1.0000	13	3	-9999.0000	34776	61755	-9999	-9999	748	1673	586.0366	5	0.7188	0.7255	-0.0003	65.6401	1.5816	723.4821	505.2820	49.2130	711.1098	94.8148	734.6697	94.5139	741.3362	94.6991	746.8541	94.7917	
30/08/2017	01:56:43	011995	H421144875HLR	L421	S		711.0904	1.0400	0.0000	100.0933	39.6428	0.8230	1.1621	5.0000	22.6891	815.0277	94.6991	26.3287	24.9000	0.9300	0.9248	0.7258	-0.0003	815.0000	817.1551	1.0272	3.0342	100.0411	40.5853	0.8230	0.8274	5.0000	-9999.0000	-9999.0000	-9999.0000	-9999.0000	-9999.0000	-9999.0000	17.2490	1	0	34.4980	1.0000	13	3	-9999.0000	34777	61756	-9999	-9999	749	1676	585.6677	5	0.7189	0.7258	-0.0003	65.0415	1.6143	729.3144	523.5157	47.2222	720.2628	94.6991	734.5201	94.6528	739.6909	94.6528	745.5825	94.7917	
30/08/2017	01:57:43	011995	H421144869HLR	L421	S		715.0175	1.0400	0.0000	100.0688	39.6266	0.8230	1.1620	5.0000	23.2780	815.0266	95.0231	23.7185	25.0000	0.9300	0.9249	0.7258	-0.0003	815.0000	814.6442	1.0272	3.2988	100.0134	40.5558	0.8230	0.8267	5.0000	-9999.0000	-9999.0000	-9999.0000	-9999.0000	-9999.0000	-9999.0000	17.5680	3	0	35.3276	1.0000	13	3	-9999.0000	34778	61757	-9999	-9999	750	1679	586.2576	5	0.7190	0.7258	-0.0003	63.1221	1.7074	730.2345	506.5809	47.6389	720.0537	94.5602	737.3456	94.7917	742.7682	94.6296	748.2529	94.7454	
30/08/2017	01:58:45	011995	H421144872HLR	L421	S		713.4892	1.0400	0.0000	100.0601	39.6481	0.8230	1.1621	5.0000	22.2684	815.1502	94.9537	23.5886	25.0000	0.9300	0.9249	0.7259	-0.0003	815.0000	815.6049	1.0272	3.1976	99.8921	40.5413	0.8230	0.8264	5.0000	-9999.0000	-9999.0000	-9999.0000	-9999.0000	-9999.0000	-9999.0000	17.2084	5	0	36.3881	1.0000	13	3	-9999.0000	34779	61758	-9999	-9999	751	1682	586.4107	5	0.7188	0.7259	-0.0003	64.4957	1.6437	732.8730	491.5031	45.8333	723.2951	94.7454	738.9518	94.5370	744.9446	94.6759	750.3865	94.8148	
30/08/2017	01:59:47	011995	H421144851HLR	L421	S		714.0105	1.0400	0.0000	100.0948	39.6422	0.8230	1.1622	5.0000	22.1384	815.0246	94.9537	24.3678	25.0000	0.9300	0.9248	0.7259	-0.0003	815.0000	815.4775	1.0272	3.2110	99.7370	40.5326	0.8230	0.8262	5.0000	-9999.0000	-9999.0000	-9999.0000	-9999.0000	-9999.0000	-9999.0000	17.1594	7	0	35.8781	1.0000	13	3	-9999.0000	34780	61759	-9999	-9999	752	1685	586.1108	5	0.7191	0.7259	-0.0003	60.0147	1.8299	730.7216	491.8276	45.8565	721.4264	94.7917	735.8118	94.5139	741.7538	94.6991	747.4246	94.7685	
30/08/2017	02:00:50	011995	H421144866HLR	L421	S		714.6885	1.0400	0.0000	100.1092	39.6306	0.8230	1.1621	5.0000	22.8494	815.0837	95.0231	25.3980	25.0000	0.9300	0.9248	0.7266	-0.0003	815.0000	815.8467	1.0272	3.1721	99.7132	40.5288	0.8230	0.8258	5.0000	-9999.0000	-9999.0000	-9999.0000	-9999.0000	-9999.0000	-9999.0000	17.2089	1	0	37.4081	1.0000	13	3	-9999.0000	34781	61760	-9999	-9999	753	1688	585.9552	5	0.7191	0.7266	-0.0003	60.1113	1.8238	730.3780	484.1443	46.2500	720.5714	94.7454	735.5039	94.6991	742.0208	94.6528	746.6487	94.7685	
30/08/2017	02:01:50	011995	H421144893HLR	L421	S		712.7240	1.0400	0.0000	100.1139	39.6433	0.8230	1.1621	5.0000	22.4087	815.1176	94.8148	25.0387	24.9000	0.9300	0.9248	0.7280	-0.0004	815.0000	815.1801	1.0272	3.2424	99.7036	40.5342	0.8230	0.8259	5.0000	-9999.0000	-9999.0000	-9999.0000	-9999.0000	-9999.0000	-9999.0000	17.4688	3	0	35.2782	1.0000	13	3	-9999.0000	34782	61761	-9999	-9999	754	1691	585.9930	5	0.7190	0.7280	-0.0004	61.9549	1.7304	726.1407	495.2862	45.9028	715.5067	94.6528	732.7467	94.7454	737.6892	94.6528	742.9977	94.7454	
30/08/2017	02:02:51	011995	H421144886HLR	L421	Q		712.7132	1.0400	0.0000	100.2693	39.6391	0.8230	1.1621	5.0000	22.7379	815.0941	94.6759	26.5386	24.9000	0.9300	0.9248	0.7292	-0.0004	815.0000	816.1477	1.0272	3.1404	99.9733	40.5263	0.8230	0.8256	5.0000	-9999.0000	-9999.0000	-9999.0000	-9999.0000	-9999.0000	-9999.0000	17.4791	5	0	35.3271	1.0000	13	3	-9999.0000	34783	61762	-9999	-9999	755	1694	585.4454	5	0.7190	0.7292	-0.0004	66.3393	1.5468	728.0560	530.9249	48.1481	719.8286	94.7685	731.4358	94.6296	735.9585	94.6528	740.5391	94.7917	
30/08/2017	02:03:53	011995	H421144890HLR	L421	S		713.5738	1.0400	0.0000	100.1553	39.6431	0.8230	1.1621	5.0000	22.3590	815.0333	95.0000	24.2682	24.9000	0.9300	0.9248	0.7289	-0.0004	815.0000	814.3860	1.0272	3.3260	99.6749	40.5314	0.8230	0.8256	5.0000	-9999.0000	-9999.0000	-9999.0000	-9999.0000	-9999.0000	-9999.0000	17.2791	7	0	36.9181	1.0000	13	3	-9999.0000	34783	61763	-9999	-9999	756	1696	586.1251	5	0.7190	0.7289	-0.0004	69.3199	1.4074	726.0635	473.7380	45.8796	715.2375	94.6528	733.3901	94.5139	739.8595	94.7222	745.9045	94.7685	
30/08/2017	02:04:55	011995	H421144882HLR	L421	S		714.9738	1.0400	0.0000	100.1127	39.6382	0.8230	1.1621	5.0000	22.4683	815.0439	94.9306	24.3991	24.9000	0.9300	0.9248	0.7317	-0.0005	815.0000	816.0567	1.0272	3.1500	99.7747	40.5173	0.8230	0.8250	5.0000	-9999.0000	-9999.0000	-9999.0000	-9999.0000	-9999.0000	-9999.0000	18.4583	1	0	36.1283	1.0000	13	3	-9999.0000	34784	61764	-9999	-9999	757	1699	586.0078	5	0.7189	0.7317	-0.0005	81.0914	0.9045	727.4729	492.3156	45.3935	717.9823	94.8148	732.9735	94.5370	738.0661	94.6991	743.1994	94.7917	
30/08/2017	02:05:58	011995	H421144883HLR	L421	S		705.7182	1.0400	0.0000	100.1863	39.6430	0.8230	1.1622	5.0000	22.1198	815.0411	94.9306	25.8882	24.9000	0.9300	0.9248	0.7328	-0.0006	815.0000	814.5434	1.0272	3.3094	99.8518	40.5325	0.8230	0.8254	5.0000	-9999.0000	-9999.0000	-9999.0000	-9999.0000	-9999.0000	-9999.0000	17.1287	3	0	38.3777	1.0000	13	3	-9999.0000	34785	61765	-9999	-9999	758	1702	585.3335	5	0.7190	0.7328	-0.0006	84.7336	0.7381	719.8146	485.7516	46.6898	710.3309	94.7222	724.8281	94.6296	730.6217	94.6528	735.7747	94.7685	
30/08/2017	02:06:58	011995	H421144910HLR	L421	S		711.6044	1.0400	0.0000	100.1024	39.6361	0.8230	1.1622	5.0000	22.2085	815.0980	94.9074	25.2184	25.0000	0.9300	0.9249	0.7326	-0.0006	815.0000	815.0375	1.0272	3.2574	100.0481	40.5257	0.8230	0.8256	5.0000	-9999.0000	-9999.0000	-9999.0000	-9999.0000	-9999.0000	-9999.0000	17.2694	5	0	35.0879	1.0000	13	3	-9999.0000	34786	61766	-9999	-9999	759	1705	585.6825	5	0.7190	0.7326	-0.0006	87.8183	0.5953	723.3296	514.5977	46.1111	713.5104	94.6528	728.7614	94.6296	734.5491	94.6528	740.9858	94.7917	
30/08/2017	02:07:59	011995	H421144914HLR	L421	S		712.0206	1.0400	0.0000	100.0724	39.6362	0.8230	1.1622	5.0000	22.1786	815.1181	94.8380	27.4184	24.9000	0.9300	0.9248	0.7308	-0.0005	815.0000	815.2138	1.0272	3.2388	100.0187	40.5279	0.8230	0.8253	5.0000	-9999.0000	-9999.0000	-9999.0000	-9999.0000	-9999.0000	-9999.0000	17.5792	7	0	35.3881	1.0000	13	3	-9999.0000	34787	61767	-9999	-9999	760	1707	584.8639	5	0.7189	0.7308	-0.0005	81.3162	0.8690	720.0896	492.4363	47.9398	710.4240	94.7917	726.5196	94.4907	731.3551	94.6991	736.3119	94.7917	
30/08/2017	02:09:02	011995	H421144904HLR	L421	S		711.6731	1.0400	0.0000	100.1299	39.6231	0.8230	1.1622	5.0000	22.0887	815.0975	94.9769	24.1686	24.9000	0.9300	0.9248	0.7309	-0.0005	815.0000	814.2349	1.0272	3.3419	99.8518	40.5003	0.8230	0.8243	5.0000	-9999.0000	-9999.0000	-9999.0000	-9999.0000	-9999.0000	-9999.0000	19.8531	1	0	37.3377	1.0000	13	3	-9999.0000	34788	61768	-9999	-9999	761	1710	586.0991	5	0.7188	0.7309	-0.0005	82.0706	0.8290	723.6380	498.3216	47.3148	713.4096	94.6528	730.0775	94.5833	735.4563	94.6759	742.6027	94.7685	
30/08/2017	02:10:03	011995	H421144900HLR	L421	S		710.1745	1.0400	0.0000	100.0764	39.6331	0.8230	1.1622	5.0000	22.0892	815.0589	94.9074	24.4489	24.9000	0.9300	0.9248	0.7316	-0.0005	815.0000	814.7235	1.0272	3.2905	99.9201	40.5229	0.8230	0.8254	5.0000	-9999.0000	-9999.0000	-9999.0000	-9999.0000	-9999.0000	-9999.0000	17.5985	3	0	35.3282	1.0000	13	3	-9999.0000	34789	61769	-9999	-9999	762	1713	585.9768	5	0.7187	0.7316	-0.0005	81.7163	0.8287	725.1856	531.2740	48.3333	716.6537	94.8611	729.9108	94.5602	735.9262	94.6759	741.6643	94.7685	
30/08/2017	02:11:02	011995	H421144896HLR	L421	S		709.8564	1.0400	0.0000	100.0491	39.6221	0.8230	1.1620	5.0000	23.0341	815.0579	94.8380	26.4888	24.9000	0.9300	0.9248	0.7317	-0.0005	815.0000	813.8610	1.0272	3.3813	100.0435	40.5283	0.8230	0.8254	5.0000	-9999.0000	-9999.0000	-9999.0000	-9999.0000	-9999.0000	-9999.0000	17.3571	5	0	34.0578	1.0000	13	3	-9999.0000	34790	61770	-9999	-9999	763	1716	585.1125	5	0.7187	0.7317	-0.0005	82.5044	0.7952	720.3015	493.1373	46.9907	710.2873	94.6759	724.3984	94.6528	731.8497	94.6528	736.3559	94.7685	
30/08/2017	02:12:01	011995	H421144924HLR	L421	S		713.6675	1.0400	0.0000	100.1394	39.6285	0.8230	1.1621	5.0000	22.5248	815.0758	94.9306	24.3893	25.0000	0.9300	0.9249	0.7351	-0.0007	815.0000	814.3576	1.0272	3.3290	99.8273	40.5414	0.8230	0.8253	5.0000	-9999.0000	-9999.0000	-9999.0000	-9999.0000	-9999.0000	-9999.0000	17.3080	7	0	34.1110	1.0000	13	3	-9999.0000	34790	61771	-9999	-9999	764	1719	586.1511	5	0.7186	0.7351	-0.0007	83.0300	0.7860	721.8495	498.6253	45.8102	712.8312	94.6759	728.8322	94.5602	734.0418	94.6759	738.9374	94.7917	
30/08/2017	02:13:02	011995	H421144928HLR	L421	S		712.2242	1.0400	0.0000	100.1147	39.6316	0.8230	1.1622	5.0000	22.1044	815.0328	94.9537	23.1687	25.1000	0.9300	0.9249	0.7330	-0.0006	815.0000	814.4647	1.0272	3.3177	99.9389	40.5125	0.8230	0.8240	5.0000	-9999.0000	-9999.0000	-9999.0000	-9999.0000	-9999.0000	-9999.0000	19.5982	1	0	35.6478	1.0000	13	3	-9999.0000	34791	61772	-9999	-9999	765	1722	586.6477	5	0.7186	0.7330	-0.0006	81.6531	0.8313	727.0735	501.0067	48.4028	718.6579	94.7917	733.1772	94.5833	739.3119	94.6759	744.7551	94.8148	
30/08/2017	02:14:03	011995	H421144920HLR	L421	S		713.4887	1.0400	0.0000	100.1376	39.6314	0.8230	1.1622	5.0000	22.1289	815.1245	94.8843	23.1892	25.1000	0.9300	0.9248	0.7319	-0.0005	815.0000	814.9198	1.0272	3.2698	100.0989	40.5576	0.8230	0.8256	5.0000	-9999.0000	-9999.0000	-9999.0000	-9999.0000	-9999.0000	-9999.0000	17.1882	3	0	35.3487	1.0000	13	3	-9999.0000	34792	61773	-9999	-9999	766	1725	586.7833	5	0.7188	0.7319	-0.0005	84.3329	0.7135	724.8943	495.4280	46.4583	715.0112	94.6065	731.9501	94.6759	738.5877	94.6296	743.8110	94.7454	
30/08/2017	02:15:12	011995	H421144934HLR	L421	S		714.9964	1.0400	0.0000	100.1274	39.6329	0.8230	1.1622	5.0000	22.1884	815.0614	94.8843	24.6188	24.9000	0.9300	0.9247	0.7330	-0.0006	815.0000	815.9990	1.0272	3.1561	99.7751	40.5674	0.8230	0.8256	5.0000	-9999.0000	-9999.0000	-9999.0000	-9999.0000	-9999.0000	-9999.0000	17.3364	5	0	34.2189	1.0000	13	3	-9999.0000	34793	61774	-9999	-9999	767	1728	586.1474	5	0.7188	0.7330	-0.0006	90.5148	0.4743	724.4878	489.7675	44.8148	714.7116	94.6296	731.3962	94.6759	735.2091	94.6065	742.5183	94.7917	
30/08/2017	02:16:12	011995	H421144944HLR	L421	S		711.9551	1.0400	0.0000	100.1903	39.6327	0.8230	1.1622	5.0000	22.1670	815.0779	94.6991	24.3981	24.9000	0.9300	0.9249	0.7349	-0.0006	815.0000	815.3741	1.0272	3.2219	99.8528	40.5264	0.8230	0.8257	5.0000	-9999.0000	-9999.0000	-9999.0000	-9999.0000	-9999.0000	-9999.0000	17.1883	7	0	33.9584	1.0000	13	3	-9999.0000	34793	61775	-9999	-9999	768	1731	586.3450	5	0.7189	0.7349	-0.0006	89.6179	0.5090	721.4289	481.7226	46.1574	711.4391	94.6065	727.6124	94.5833	734.2832	94.6759	740.2384	94.7917	
30/08/2017	02:16:44	011995	H421144168HLR	L421	S		715.2315	1.0400	0.0000	99.8710	39.6667	0.8230	1.1624	5.0000	23.2471	815.0712	94.7454	24.5094	24.8000	0.9300	0.9244	0.7350	-0.0006	815.0000	817.7638	1.0272	2.9701	99.7693	40.5471	0.8230	0.8254	5.0000	-9999.0000	-9999.0000	-9999.0000	-9999.0000	-9999.0000	-9999.0000	17.2693	8	0	32.8878	1.0000	13	3	-9999.0000	34794	61775	-9999	-9999	769	1733	586.2712	5	0.7189	0.7350	-0.0006	89.5502	0.5100	723.9312	498.8686	47.3380	713.6852	94.7222	730.4555	94.5602	736.6072	94.6759	742.2968	94.7685	
30/08/2017	02:17:20	011995	H421144164HLR	L421	S		718.0124	1.0400	0.0000	100.0978	39.7622	0.8230	1.1624	5.0000	22.1583	815.1422	94.7222	23.2585	24.8000	0.9300	0.9244	0.7350	-0.0006	815.0000	817.3251	1.0272	3.0163	99.8956	40.5372	0.8230	0.8254	5.0000	-9999.0000	-9999.0000	-9999.0000	-9999.0000	-9999.0000	-9999.0000	17.1414	1	0	35.7783	1.0000	13	3	-9999.0000	34795	61776	-9999	-9999	770	1735	587.0946	5	0.7189	0.7350	-0.0006	89.5502	0.5100	726.9208	500.6578	46.4120	716.6512	94.6759	733.4399	94.5833	739.5316	94.6991	745.4458	94.7685	
30/08/2017	02:18:20	011995	H421144156HLR	L421	S		719.1712	1.0400	0.0000	100.0559	39.6498	0.8230	1.1621	5.0000	22.1583	815.0725	94.7454	22.9587	24.9000	0.9300	0.9248	0.7346	-0.0006	815.0000	816.6955	1.0272	3.0827	99.8424	40.5424	0.8230	0.8264	5.0000	-9999.0000	-9999.0000	-9999.0000	-9999.0000	-9999.0000	-9999.0000	17.1584	3	0	34.0187	1.0000	13	3	-9999.0000	34796	61777	-9999	-9999	771	1737	587.1375	5	0.7188	0.7346	-0.0006	89.6276	0.5176	726.6537	494.0607	46.3426	716.9907	94.5602	734.0667	94.7222	740.8739	94.6065	745.5852	94.7454	
30/08/2017	02:18:53	011995	H421144154HLR	L421	S		717.3358	1.0400	0.0000	99.9977	39.6999	0.8230	1.1624	5.0000	22.6589	815.0655	94.7454	22.0291	24.9000	0.9300	0.9245	0.7300	-0.0004	815.0000	815.8989	1.0272	3.1666	99.8077	40.5005	0.8230	0.8244	5.0000	-9999.0000	-9999.0000	-9999.0000	-9999.0000	-9999.0000	-9999.0000	20.0059	4	0	33.6779	1.0000	13	3	-9999.0000	34796	61778	-9999	-9999	772	1739	587.5365	5	0.7189	0.7300	-0.0004	82.0724	0.8249	726.8923	500.0886	45.0694	716.6371	94.6991	732.2549	94.5833	738.3675	94.6991	744.0463	94.7917	
30/08/2017	02:19:29	011995	H421144150HLR	L421	S		715.9308	1.0400	0.0000	100.0186	39.7685	0.8230	1.1623	5.0000	22.3169	815.0760	94.9537	24.9088	24.9000	0.9300	0.9245	0.7300	-0.0004	815.0000	815.6733	1.0272	3.1904	99.7222	40.5298	0.8230	0.8260	5.0000	-9999.0000	-9999.0000	-9999.0000	-9999.0000	-9999.0000	-9999.0000	17.2983	5	0	35.2979	1.0000	13	3	-9999.0000	34797	61778	-9999	-9999	773	1741	585.9910	5	0.7189	0.7300	-0.0004	82.0724	0.8249	730.4851	521.1738	47.9167	720.3664	94.6991	733.1777	94.5602	739.9718	94.6991	744.1572	94.8148	
30/08/2017	02:20:31	011995	H421144189HLR	L421	S		716.5914	1.0400	0.0000	100.1186	39.6693	0.8230	1.1621	5.0000	22.1640	815.0815	94.9306	23.1091	24.9000	0.9300	0.9248	0.7286	-0.0004	815.0000	815.3934	1.0272	3.2199	100.0531	40.5783	0.8230	0.8272	5.0000	-9999.0000	-9999.0000	-9999.0000	-9999.0000	-9999.0000	-9999.0000	17.3897	7	0	34.6066	1.0000	13	3	-9999.0000	34797	61779	-9999	-9999	774	1744	586.4238	5	0.7190	0.7286	-0.0004	73.0521	1.1905	731.5605	502.7426	45.4861	721.4947	94.4907	738.2979	94.7917	744.7513	94.6296	749.8333	94.7917	
30/08/2017	02:21:06	011995	H421144185HLR	L421	S		715.8721	1.0400	0.0000	99.9936	39.7000	0.8230	1.1625	5.0000	22.2746	815.0764	94.9537	22.8181	24.8000	0.9300	0.9244	0.7290	-0.0004	815.0000	815.7915	1.0272	3.1779	99.9853	40.5456	0.8230	0.8265	5.0000	-9999.0000	-9999.0000	-9999.0000	-9999.0000	-9999.0000	-9999.0000	17.2874	8	0	35.8477	1.0000	13	3	-9999.0000	34798	61780	-9999	-9999	775	1746	586.6350	5	0.7190	0.7290	-0.0004	78.6891	0.9426	731.9427	535.0728	48.6111	722.8143	94.8148	736.0100	94.5370	742.4190	94.6991	747.2919	94.7685	
30/08/2017	02:21:47	011995	H421144181HLR	L421	S		715.7448	1.0400	0.0000	99.8583	39.7721	0.8230	1.1622	5.0000	22.3707	815.0443	94.7917	24.2985	24.9000	0.9300	0.9244	0.7290	-0.0004	815.0000	817.6277	1.0272	2.9844	99.9929	40.5789	0.8230	0.8270	5.0000	-9999.0000	-9999.0000	-9999.0000	-9999.0000	-9999.0000	-9999.0000	17.6793	1	0	40.5086	1.0000	13	3	-9999.0000	34799	61781	-9999	-9999	776	1747	586.0898	5	0.7190	0.7290	-0.0004	78.6891	0.9426	730.8298	519.6766	46.2731	721.0456	94.6991	736.1249	94.6296	742.6712	94.6528	748.0330	94.8148	
30/08/2017	02:22:49	011995	H421144176HLR	L421	S		715.4147	1.0400	0.0000	99.6435	39.6513	0.8230	1.1617	5.0000	24.3586	815.0997	94.7685	23.6579	24.9000	0.9300	0.9247	0.7258	-0.0003	815.0000	816.3185	1.0272	3.1224	99.9510	40.5939	0.8230	0.8261	5.0000	-9999.0000	-9999.0000	-9999.0000	-9999.0000	-9999.0000	-9999.0000	17.2790	3	0	36.6874	1.0000	13	3	-9999.0000	34800	61782	-9999	-9999	777	1749	586.4053	5	0.7191	0.7258	-0.0003	71.2887	1.2471	729.1786	475.9270	45.9491	719.2833	94.5833	734.9970	94.6759	740.9274	94.6296	746.0895	94.7222	
30/08/2017	02:23:24	011995	H421144172HLR	L421	S		716.3235	1.0400	0.0000	99.7143	39.7320	0.8230	1.1624	5.0000	22.6580	815.0960	94.8611	25.0387	24.9000	0.9300	0.9244	0.7271	-0.0003	815.0000	817.8100	1.0272	2.9652	99.8249	40.6103	0.8230	0.8271	5.0000	-9999.0000	-9999.0000	-9999.0000	-9999.0000	-9999.0000	-9999.0000	17.1585	4	0	35.4386	1.0000	13	3	-9999.0000	34801	61783	-9999	-9999	778	1751	586.0069	5	0.7189	0.7271	-0.0003	71.5886	1.2312	736.0251	509.1746	46.3889	727.2335	94.8380	739.1167	94.5602	745.3893	94.6759	750.1474	94.7917	
30/08/2017	02:23:50	011995	H421144305HLR	L421	S		710.0277	1.0400	0.0000	99.7006	39.7850	0.8230	1.1621	5.0000	22.7581	815.0957	94.6991	29.6390	24.8000	0.9300	0.9243	0.7271	-0.0003	815.0000	818.1488	1.0272	2.9295	100.0355	40.5920	0.8230	0.8259	5.0000	-9999.0000	-9999.0000	-9999.0000	-9999.0000	-9999.0000	-9999.0000	17.3788	5	0	25.4088	1.0000	13	3	-9999.0000	34802	61784	-9999	-9999	779	1753	584.5413	5	0.7189	0.7271	-0.0003	71.5886	1.2312	725.8647	502.9428	45.9954	716.1386	94.7685	729.0237	94.6528	734.7040	94.6065	740.9148	94.7685	
30/08/2017	02:24:52	011995	H421144301HLR	L421	S		711.6874	1.0400	0.0000	99.8342	39.6744	0.8230	1.1620	5.0000	22.2490	815.0822	95.0694	25.6988	25.0000	0.9300	0.9248	0.7386	-0.0008	815.0000	814.7241	1.0272	3.2904	99.9149	40.5978	0.8230	0.8261	5.0000	-9999.0000	-9999.0000	-9999.0000	-9999.0000	-9999.0000	-9999.0000	17.1352	7	0	36.1973	1.0000	13	3	-9999.0000	34803	61785	-9999	-9999	780	1756	585.4916	5	0.7187	0.7386	-0.0008	76.4483	1.0178	723.7085	496.8312	47.7546	713.9281	94.6296	730.7645	94.5602	735.9809	94.6991	742.3956	94.8148	
30/08/2017	02:25:31	011995	H421144180HLR	L421	S		712.4943	1.0400	0.0000	99.6934	39.7004	0.8230	1.1623	5.0000	22.6784	815.0967	94.8611	24.4586	24.9000	0.9300	0.9244	0.7365	-0.0008	815.0000	815.4239	1.0272	3.2167	99.9987	40.6107	0.8230	0.8270	5.0000	-9999.0000	-9999.0000	-9999.0000	-9999.0000	-9999.0000	-9999.0000	17.2527	8	0	39.2079	1.0000	13	3	-9999.0000	34804	61786	-9999	-9999	781	1758	585.3622	5	0.7184	0.7365	-0.0008	71.8402	1.2154	718.5148	475.8263	46.6667	708.8393	94.8611	723.0993	94.5602	729.6499	94.6759	736.1085	94.8380	
30/08/2017	02:26:08	011995	H421144198HLR	L421	S		-9999.0000	0.0000	0.0000	-9999.0000	-9999.0000	0.8230	-9999.0000	0.0000	28.8079	0.0000	0.0000	0.0000	0.0000	0.9300	0.0000	0.0000	0.0000	0.0000	703.2910	1.0272	-2.0296	99.6992	40.6069	0.8230	0.8266	5.0000	-9999.0000	-9999.0000	-9999.0000	-9999.0000	-9999.0000	-9999.0000	17.1187	1	17	37.4588	1.0000	13	3	-9999.0000	34805	0	-9999	-9999	782	1760	0.0000	0	0.0000	0.0000	0.0000	0.0000	0.0000	0.0000	0.0000	0.0000	0.0000	0.0000	0.0000	0.0000	0.0000	0.0000	0.0000	0.0000	
30/08/2017	02:27:11	011995	H421144194HLR	L421	S		714.7429	1.0400	0.0000	99.6894	39.7421	0.8230	1.1619	5.0000	22.5538	815.0573	95.0231	25.2389	25.0000	0.9300	0.9248	0.7343	-0.0007	815.0000	814.1015	1.0272	3.3560	99.9103	40.5817	0.8230	0.8270	5.0000	-9999.0000	-9999.0000	-9999.0000	-9999.0000	-9999.0000	-9999.0000	17.4870	3	0	36.8877	1.0000	13	3	-9999.0000	34806	61787	-9999	-9999	783	1762	584.9029	5	0.7181	0.7343	-0.0007	69.5572	1.3041	722.8013	482.6450	45.7176	713.7734	94.6296	729.9979	94.5602	734.5978	94.6991	739.6229	94.8148	
30/08/2017	02:27:37	011995	H421144327HLR	L421	S		709.0246	1.0400	0.0000	99.6314	39.7381	0.8230	1.1621	5.0000	23.0324	815.0353	95.0231	28.2983	24.8000	0.9300	0.9244	0.7343	-0.0007	815.0000	814.9650	1.0272	3.2650	99.9453	40.5487	0.8230	0.8262	5.0000	-9999.0000	-9999.0000	-9999.0000	-9999.0000	-9999.0000	-9999.0000	17.2584	4	0	26.0081	1.0000	13	3	-9999.0000	34807	61788	-9999	-9999	784	1764	583.1712	5	0.7181	0.7343	-0.0007	69.5572	1.3041	716.7740	506.9255	48.2407	706.3316	94.8380	722.2870	94.4676	728.0365	94.6528	733.0466	94.7917	
30/08/2017	02:28:14	011995	H421144321HLR	L421	S		709.8479	1.0400	0.0000	99.5859	39.7817	0.8230	1.1620	5.0000	22.8287	815.0441	94.8380	26.5288	24.8000	0.9300	0.9243	0.7343	-0.0007	815.0000	813.5584	1.0272	3.4132	100.0051	40.5970	0.8230	0.8273	5.0000	-9999.0000	-9999.0000	-9999.0000	-9999.0000	-9999.0000	-9999.0000	17.1618	5	0	37.5381	1.0000	13	3	-9999.0000	34808	61789	-9999	-9999	785	1766	584.1424	5	0.7181	0.7343	-0.0007	69.5572	1.3041	716.6860	504.4235	46.4815	706.1333	94.9306	722.7039	94.6296	728.4249	94.6296	733.5997	94.7917	
30/08/2017	02:29:14	011995	H421144317HLR	L421	S		709.7600	1.0400	0.0000	99.9546	39.6980	0.8230	1.1621	5.0000	22.2279	815.0208	94.7685	25.8882	24.9000	0.9300	0.9248	0.7338	-0.0006	815.0000	813.8881	1.0272	3.3785	99.8487	40.5974	0.8230	0.8273	5.0000	-9999.0000	-9999.0000	-9999.0000	-9999.0000	-9999.0000	-9999.0000	17.2185	7	0	34.2080	1.0000	13	3	-9999.0000	34809	61790	-9999	-9999	786	1768	584.5010	5	0.7179	0.7338	-0.0006	70.2391	1.2682	716.6620	490.2786	47.1065	707.5562	94.5833	724.0926	94.5833	729.6647	94.6528	735.3373	94.7454	
30/08/2017	02:29:46	011995	H421144313HLR	L421	S		-9999.0000	0.0000	0.0000	-9999.0000	-9999.0000	0.8230	-9999.0000	0.0000	28.7583	0.0000	0.0000	0.0000	0.0000	0.9300	0.0000	0.0000	0.0000	0.0000	699.5660	1.0272	-2.0841	99.9789	40.5476	0.8230	0.8266	5.0000	-9999.0000	-9999.0000	-9999.0000	-9999.0000	-9999.0000	-9999.0000	17.1383	8	17	31.7589	1.0000	13	3	-9999.0000	34810	0	-9999	-9999	787	1770	0.0000	0	0.0000	0.0000	0.0000	0.0000	0.0000	0.0000	0.0000	0.0000	0.0000	0.0000	0.0000	0.0000	0.0000	0.0000	0.0000	0.0000	
30/08/2017	02:30:11	011995	H421144309HLR	L421	S		710.6466	1.0400	0.0000	99.5485	39.8313	0.8230	1.1621	5.0000	23.0742	815.0301	94.7222	26.6392	24.9000	0.9300	0.9248	0.7331	-0.0006	815.0000	814.0275	1.0272	3.3638	100.0581	40.5667	0.8230	0.8266	5.0000	-9999.0000	-9999.0000	-9999.0000	-9999.0000	-9999.0000	-9999.0000	17.1672	1	0	25.3484	1.0000	13	3	-9999.0000	34811	61791	-9999	-9999	788	1772	584.2527	5	0.7179	0.7331	-0.0006	70.0300	1.2720	720.7122	471.7399	47.0139	710.9732	94.5833	726.0149	94.6296	731.4805	94.6759	737.0617	94.7454	
30/08/2017	02:31:15	011995	H421144102HLR	L421	S		713.2412	1.0400	0.0000	99.9485	39.7478	0.8230	1.1619	5.0000	22.3679	815.0356	94.8380	23.2585	25.0000	0.9300	0.9249	0.7331	-0.0006	815.0000	815.0071	1.0272	3.2606	100.0643	40.5520	0.8230	0.8255	5.0000	-9999.0000	-9999.0000	-9999.0000	-9999.0000	-9999.0000	-9999.0000	17.2290	3	0	31.8078	1.0000	13	3	-9999.0000	34812	61792	-9999	-9999	789	1775	586.0297	5	0.7179	0.7331	-0.0006	70.1655	1.2725	726.2335	495.8932	47.2917	716.4966	94.5139	732.2058	94.7454	738.6380	94.6528	743.9390	94.7917	
30/08/2017	02:32:41	011995	H421144341HLR	L421	S		-9999.0000	0.0000	0.0000	-9999.0000	-9999.0000	0.8230	-9999.0000	0.0000	28.7785	0.0000	0.0000	0.0000	0.0000	0.9300	0.0000	0.0000	0.0000	0.0000	703.0715	1.0272	-2.0328	99.9060	40.5500	0.8230	0.8261	5.0000	-9999.0000	-9999.0000	-9999.0000	-9999.0000	-9999.0000	-9999.0000	17.2290	4	17	85.9164	1.0000	13	3	-9999.0000	34813	0	-9999	-9999	790	1777	0.0000	0	0.0000	0.0000	0.0000	0.0000	0.0000	0.0000	0.0000	0.0000	0.0000	0.0000	0.0000	0.0000	0.0000	0.0000	0.0000	0.0000	
30/08/2017	02:33:06	011995	H421144340HLR	L421	S		-9999.0000	0.0000	0.0000	-9999.0000	-9999.0000	0.8230	-9999.0000	0.0000	28.7581	0.0000	0.0000	0.0000	0.0000	0.9300	0.0000	0.0000	0.0000	0.0000	700.8575	1.0272	-2.0652	99.6966	40.5569	0.8230	0.8260	5.0000	-9999.0000	-9999.0000	-9999.0000	-9999.0000	-9999.0000	-9999.0000	17.2184	5	17	25.7585	1.0000	13	3	-9999.0000	34813	0	-9999	-9999	791	1778	0.0000	0	0.0000	0.0000	0.0000	0.0000	0.0000	0.0000	0.0000	0.0000	0.0000	0.0000	0.0000	0.0000	0.0000	0.0000	0.0000	0.0000	
30/08/2017	02:34:04	011995	H421144333HLR	L421	S		-9999.0000	0.0000	0.0000	-9999.0000	-9999.0000	0.8230	-9999.0000	0.0000	28.8187	0.0000	0.0000	0.0000	0.0000	0.9300	0.0000	0.0000	0.0000	0.0000	699.7180	1.0272	-2.0819	100.0294	40.6284	0.8230	0.8273	5.0000	-9999.0000	-9999.0000	-9999.0000	-9999.0000	-9999.0000	-9999.0000	17.1931	7	17	32.4377	1.0000	13	3	-9999.0000	34814	0	-9999	-9999	792	1780	0.0000	0	0.0000	0.0000	0.0000	0.0000	0.0000	0.0000	0.0000	0.0000	0.0000	0.0000	0.0000	0.0000	0.0000	0.0000	0.0000	0.0000	
30/08/2017	02:34:37	011995	H421144345HLR	L421	S		-9999.0000	0.0000	0.0000	-9999.0000	-9999.0000	0.8230	-9999.0000	0.0000	28.7887	0.0000	0.0000	0.0000	0.0000	0.9300	0.0000	0.0000	0.0000	0.0000	702.3812	1.0272	-2.0429	99.8002	40.6191	0.8230	0.8278	5.0000	-9999.0000	-9999.0000	-9999.0000	-9999.0000	-9999.0000	-9999.0000	17.3687	8	17	32.6888	1.0000	13	3	-9999.0000	34815	0	-9999	-9999	793	1782	0.0000	0	0.0000	0.0000	0.0000	0.0000	0.0000	0.0000	0.0000	0.0000	0.0000	0.0000	0.0000	0.0000	0.0000	0.0000	0.0000	0.0000	
30/08/2017	02:35:03	011995	H421144637HLR	L421	S		-9999.0000	0.0000	0.0000	-9999.0000	-9999.0000	0.8230	-9999.0000	0.0000	28.7369	0.0000	0.0000	0.0000	0.0000	0.9300	0.0000	0.0000	0.0000	0.0000	707.4523	1.0272	-1.8391	99.7931	40.6298	0.8230	0.8278	5.0000	-9999.0000	-9999.0000	-9999.0000	-9999.0000	-9999.0000	-9999.0000	17.1483	1	17	25.3581	1.0000	02	4	-9999.0000	34816	0	-9999	-9999	794	1784	0.0000	0	0.0000	0.0000	0.0000	0.0000	0.0000	0.0000	0.0000	0.0000	0.0000	0.0000	0.0000	0.0000	0.0000	0.0000	0.0000	0.0000	
30/08/2017	02:36:02	011995	H421144559HLR	L421	S		717.6386	1.0400	0.0000	99.9476	39.7519	0.8230	1.1620	5.0000	22.1607	815.0688	94.9306	21.4588	25.0000	0.9300	0.9249	0.7322	-0.0006	815.0000	815.7225	1.0272	3.1852	99.8179	40.5945	0.8230	0.8260	5.0000	-9999.0000	-9999.0000	-9999.0000	-9999.0000	-9999.0000	-9999.0000	19.4780	3	0	34.6475	1.0000	02	4	-9999.0000	34817	61793	-9999	-9999	795	1787	586.9009	5	0.7178	0.7322	-0.0006	73.5337	1.1441	731.0204	493.0590	45.1157	721.0136	94.7917	737.6339	94.6991	743.7692	94.6759	749.7065	94.6991	
30/08/2017	02:36:19	011995	H421144636HLR	L421	S		717.0225	1.0400	0.0000	99.7187	39.7707	0.8230	1.1621	5.0000	22.7789	815.0475	94.9306	21.6991	24.9000	0.9300	0.9244	0.7322	-0.0006	815.0000	816.4826	1.0272	3.1051	99.9053	40.5494	0.8230	0.8263	5.0000	-9999.0000	-9999.0000	-9999.0000	-9999.0000	-9999.0000	-9999.0000	17.1986	4	0	15.5747	1.0000	02	4	-9999.0000	34818	61794	-9999	-9999	796	1789	586.7717	5	0.7178	0.7322	-0.0006	73.5337	1.1441	731.0524	482.4136	45.5556	721.3448	94.9306	736.1575	94.5602	741.5724	94.6991	747.4966	94.7917	
30/08/2017	02:42:26	011995	H421144579HLR	L421	S		714.6879	1.0400	0.0000	100.0737	39.4817	0.8230	1.1626	5.0000	22.0281	815.1291	95.0463	23.1990	25.0000	0.9300	0.9249	0.7299	-0.0005	815.0000	815.8707	1.0272	3.1696	100.0687	40.5752	0.8230	0.8261	5.0000	-9999.0000	-9999.0000	-9999.0000	-9999.0000	-9999.0000	-9999.0000	17.3886	7	0	33.6784	1.0000	02	4	-9999.0000	34819	61795	-9999	-9999	797	1800	585.9073	5	0.7178	0.7299	-0.0005	75.8685	1.0636	727.1022	470.1865	46.4352	716.9810	94.7685	733.9585	94.7454	739.5519	94.6991	745.6482	94.6759	
30/08/2017	02:42:57	011995	H421144028HLR	L421	S		716.5575	1.0400	0.0000	100.0178	39.6333	0.8230	1.1633	5.0000	22.2792	815.1349	95.0463	24.2985	24.9000	0.9300	0.9244	0.7299	-0.0005	815.0000	816.0557	1.0272	3.1501	99.6912	40.5904	0.8230	0.8272	5.0000	-9999.0000	-9999.0000	-9999.0000	-9999.0000	-9999.0000	-9999.0000	17.1707	8	0	31.1285	1.0000	02	4	-9999.0000	34820	61796	-9999	-9999	798	1802	585.4776	5	0.7178	0.7299	-0.0005	75.8685	1.0636	729.9899	505.3403	47.6157	720.0878	94.8148	734.9642	94.5370	741.4238	94.6991	746.1784	94.8611	
30/08/2017	02:43:27	011995	H421144633HLR	L421	S		715.1588	1.0400	0.0000	99.8947	39.7682	0.8230	1.1625	5.0000	22.4969	815.1264	94.8843	21.9588	24.8000	0.9300	0.9244	0.7299	-0.0005	815.0000	815.5160	1.0272	3.2070	100.0112	40.5864	0.8230	0.8264	5.0000	-9999.0000	-9999.0000	-9999.0000	-9999.0000	-9999.0000	-9999.0000	17.4990	1	0	30.0485	1.0000	02	4	-9999.0000	34821	61797	-9999	-9999	799	1804	586.3906	5	0.7178	0.7299	-0.0005	75.8685	1.0636	729.2887	505.8834	47.7546	718.4283	94.8148	735.3903	94.5370	740.0847	94.6759	746.2020	94.8148	
30/08/2017	02:44:25	011995	H421144606HLR	L421	Q		716.1604	1.0400	0.0000	100.0323	39.6237	0.8230	1.1621	5.0000	22.0426	815.0652	94.8843	22.6990	25.0000	0.9300	0.9248	0.7294	-0.0005	815.0000	814.7449	1.0272	3.2882	100.0549	40.5908	0.8230	0.8267	5.0000	-9999.0000	-9999.0000	-9999.0000	-9999.0000	-9999.0000	-9999.0000	17.2693	3	0	25.9773	1.0000	02	4	-9999.0000	34822	61798	-9999	-9999	800	1807	585.9445	5	0.7178	0.7294	-0.0005	75.9605	1.0554	731.6029	504.6194	45.5556	721.9547	94.6759	738.2038	94.5833	743.2974	94.6528	749.5458	94.7685	
30/08/2017	02:44:55	011995	H421144616HLR	L421	Q		718.4629	1.0400	0.0000	99.7015	39.6546	0.8230	1.1622	5.0000	24.0164	815.0663	94.8611	20.2889	24.9000	0.9300	0.9245	0.7292	-0.0005	815.0000	815.2943	1.0272	3.2303	99.6442	40.5853	0.8230	0.8263	5.0000	-9999.0000	-9999.0000	-9999.0000	-9999.0000	-9999.0000	-9999.0000	17.5773	4	0	30.0884	1.0000	02	4	-9999.0000	34823	61799	-9999	-9999	801	1809	586.8910	5	0.7178	0.7292	-0.0005	77.2725	1.0058	734.9980	510.5800	47.7083	724.6358	94.5602	741.2483	94.6065	747.8453	94.6991	753.7502	94.8843	
30/08/2017	02:45:31	011995	H421144627HLR	L421	Q		716.7592	1.0400	0.0000	99.7977	39.7681	0.8230	1.1623	5.0000	22.5182	815.0620	94.7917	19.1591	24.8000	0.9300	0.9244	0.7292	-0.0005	815.0000	814.9887	1.0272	3.2625	99.9355	40.5940	0.8230	0.8274	5.0000	-9999.0000	-9999.0000	-9999.0000	-9999.0000	-9999.0000	-9999.0000	17.2375	5	0	35.9188	1.0000	02	4	-9999.0000	34824	61800	-9999	-9999	802	1811	587.2636	5	0.7178	0.7292	-0.0005	77.2725	1.0058	736.7742	507.9995	45.8565	726.5545	94.6759	743.2118	94.5833	748.3051	94.6528	754.5717	94.7917	
30/08/2017	02:46:34	011995	H421144625HLR	L421	S		-9999.0000	0.0000	0.0000	-9999.0000	-9999.0000	0.8230	-9999.0000	0.0000	28.7688	0.0000	0.0000	0.0000	0.0000	0.9300	0.0000	0.0000	0.0000	0.0000	705.0257	1.0272	-2.0042	99.7852	40.6045	0.8230	0.8273	5.0000	-9999.0000	-9999.0000	-9999.0000	-9999.0000	-9999.0000	-9999.0000	17.3899	7	17	31.8593	1.0000	02	4	-9999.0000	34825	0	-9999	-9999	803	1814	0.0000	0	0.0000	0.0000	0.0000	0.0000	0.0000	0.0000	0.0000	0.0000	0.0000	0.0000	0.0000	0.0000	0.0000	0.0000	0.0000	0.0000	
30/08/2017	02:47:06	011995	H421144619HLR	L421	Q		719.1128	1.0400	0.0000	99.5580	39.7644	0.8230	1.1624	5.0000	22.9270	815.0610	94.8380	19.1991	25.0000	0.9300	0.9251	0.7278	-0.0004	815.0000	814.0873	1.0272	3.3575	99.7755	40.5863	0.8230	0.8258	5.0000	-9999.0000	-9999.0000	-9999.0000	-9999.0000	-9999.0000	-9999.0000	18.1055	8	0	31.7672	1.0000	02	4	-9999.0000	34826	61801	-9999	-9999	804	1815	586.7848	5	0.7185	0.7278	-0.0004	79.2221	0.9205	741.3209	495.3186	45.3935	730.2631	94.6065	748.2401	94.7685	754.4207	94.6759	759.7318	94.6991	
30/08/2017	02:47:31	011995	H421144621HLR	L421	S		713.8419	1.0400	0.0000	99.5971	39.7921	0.8230	1.1620	5.0000	23.4292	815.0834	94.9306	25.0084	24.8000	0.9300	0.9245	0.7278	-0.0004	815.0000	816.1338	1.0272	3.1419	99.7502	40.5853	0.8230	0.8258	5.0000	-9999.0000	-9999.0000	-9999.0000	-9999.0000	-9999.0000	-9999.0000	17.7892	1	0	25.3102	1.0000	02	4	-9999.0000	34827	61802	-9999	-9999	805	1817	585.2817	5	0.7185	0.7278	-0.0004	79.2221	0.9205	728.6704	505.5661	46.0185	719.4063	94.8611	733.7715	94.5602	740.1464	94.6759	745.4581	94.7917	
30/08/2017	02:50:09	011995	H421144612HLR	L421	S		-9999.0000	0.0000	0.0000	-9999.0000	-9999.0000	0.8230	-9999.0000	0.0000	28.7786	0.0000	0.0000	0.0000	0.0000	0.9300	0.0000	0.0000	0.0000	0.0000	706.1993	1.0272	-1.9332	100.0981	40.6122	0.8230	0.8276	5.0000	-9999.0000	-9999.0000	-9999.0000	-9999.0000	-9999.0000	-9999.0000	17.4283	3	17	131.6018	1.0000	02	4	-9999.0000	34828	0	-9999	-9999	806	1820	0.0000	0	0.0000	0.0000	0.0000	0.0000	0.0000	0.0000	0.0000	0.0000	0.0000	0.0000	0.0000	0.0000	0.0000	0.0000	0.0000	0.0000	
30/08/2017	02:50:35	011995	H421144646HLR	L421	S		-9999.0000	0.0000	0.0000	-9999.0000	-9999.0000	0.8230	-9999.0000	0.0000	28.8113	0.0000	0.0000	0.0000	0.0000	0.9300	0.0000	0.0000	0.0000	0.0000	708.8410	1.0272	-1.7348	99.8101	40.5950	0.8230	0.8266	5.0000	-9999.0000	-9999.0000	-9999.0000	-9999.0000	-9999.0000	-9999.0000	19.5884	4	17	25.2486	1.0000	02	4	-9999.0000	34829	0	-9999	-9999	807	1822	0.0000	0	0.0000	0.0000	0.0000	0.0000	0.0000	0.0000	0.0000	0.0000	0.0000	0.0000	0.0000	0.0000	0.0000	0.0000	0.0000	0.0000	
30/08/2017	02:51:07	011995	H421144632HLR	L421	S		-9999.0000	0.0000	0.0000	-9999.0000	-9999.0000	0.8230	-9999.0000	0.0000	28.7976	0.0000	0.0000	0.0000	0.0000	0.9300	0.0000	0.0000	0.0000	0.0000	708.2775	1.0272	-1.7771	99.8212	40.6093	0.8230	0.8271	5.0000	-9999.0000	-9999.0000	-9999.0000	-9999.0000	-9999.0000	-9999.0000	17.2775	5	17	32.2991	1.0000	02	4	-9999.0000	34830	0	-9999	-9999	808	1824	0.0000	0	0.0000	0.0000	0.0000	0.0000	0.0000	0.0000	0.0000	0.0000	0.0000	0.0000	0.0000	0.0000	0.0000	0.0000	0.0000	0.0000	
30/08/2017	02:52:06	011995	H421144603HLR	L421	S		715.7590	1.0400	0.0000	99.4644	39.7822	0.8230	1.1616	5.0000	23.3958	815.0717	94.9074	19.6288	25.0000	0.9300	0.9250	0.7290	-0.0004	815.0000	815.6088	1.0272	3.1972	100.0669	40.6065	0.8230	0.8272	5.0000	-9999.0000	-9999.0000	-9999.0000	-9999.0000	-9999.0000	-9999.0000	17.3587	7	0	32.9183	1.0000	02	4	-9999.0000	34830	61803	-9999	-9999	809	1827	587.0946	5	0.7186	0.7290	-0.0004	76.6985	1.0245	735.7893	486.3357	47.7083	725.7703	94.4676	743.7357	94.6296	749.8884	94.7222	756.2063	94.7454	
30/08/2017	02:52:28	011995	H421143360HLR	L421	S		-9999.0000	0.0000	0.0000	-9999.0000	-9999.0000	0.8230	-9999.0000	0.0000	28.7529	0.0000	0.0000	0.0000	0.0000	0.9300	0.0000	0.0000	0.0000	0.0000	705.9077	1.0272	-1.9551	99.9356	40.5676	0.8230	0.8277	5.0000	-9999.0000	-9999.0000	-9999.0000	-9999.0000	-9999.0000	-9999.0000	17.3485	8	17	20.7888	1.0000	02	4	-9999.0000	34831	0	-9999	-9999	810	1828	0.0000	0	0.0000	0.0000	0.0000	0.0000	0.0000	0.0000	0.0000	0.0000	0.0000	0.0000	0.0000	0.0000	0.0000	0.0000	0.0000	0.0000	
30/08/2017	02:52:53	011995	H421143370HLR	L421	S		717.9345	1.0400	0.0000	99.7763	39.6651	0.8230	1.1620	5.0000	22.2675	815.0397	95.0231	21.3680	25.1000	0.9300	0.9249	0.7290	-0.0004	815.0000	814.0655	1.0272	3.3598	99.7937	40.5909	0.8230	0.8274	5.0000	-9999.0000	-9999.0000	-9999.0000	-9999.0000	-9999.0000	-9999.0000	17.1232	1	0	25.4881	1.0000	02	4	-9999.0000	34832	61804	-9999	-9999	811	1829	586.4231	5	0.7186	0.7290	-0.0004	76.6985	1.0245	733.9175	475.5131	44.9306	723.8587	94.9537	740.1900	94.5602	746.5728	94.7222	752.2472	94.7454	
30/08/2017	02:53:28	011995	H421143398HLR	L421	S		714.4645	1.0400	0.0000	99.6315	39.6712	0.8230	1.1620	5.0000	22.5815	815.0539	95.0231	21.9588	25.1000	0.9300	0.9249	0.7275	-0.0004	815.0000	814.2456	1.0272	3.3408	99.9922	40.5607	0.8230	0.8255	5.0000	-9999.0000	-9999.0000	-9999.0000	-9999.0000	-9999.0000	-9999.0000	17.2980	3	0	15.6698	1.0000	02	4	-9999.0000	34833	61805	-9999	-9999	812	1832	586.2385	5	0.7189	0.7275	-0.0004	79.8221	0.8950	733.0770	490.2218	46.1574	723.6674	94.8611	737.9506	94.5602	743.8030	94.6991	749.1555	94.7917	
30/08/2017	02:59:25	011995	H421143381HLR	L421	S		717.8869	1.0400	0.0000	100.0153	39.4759	0.8230	1.1626	5.0000	22.1875	815.0519	94.9306	22.1580	24.9000	0.9300	0.9250	0.7295	-0.0005	815.0000	811.1587	1.0272	-0.8838	99.8113	40.5643	0.8230	0.8259	5.0000	-9999.0000	-9999.0000	-9999.0000	-9999.0000	-9999.0000	-9999.0000	19.3493	5	0	33.1076	1.0000	02	4	-9999.0000	34834	61806	-9999	-9999	813	1843	586.1653	5	0.7192	0.7295	-0.0005	80.6275	0.8478	735.2458	472.1203	44.9769	724.7357	94.9074	740.9293	94.6991	747.0736	94.6759	752.6905	94.6528	
30/08/2017	03:00:23	011995	H421143373HLR	L421	S		718.0661	1.0400	0.0000	99.7088	39.5910	0.8230	1.1620	5.0000	23.3926	815.0794	94.9769	20.6991	24.9000	0.9300	0.9250	0.7295	-0.0005	815.0000	810.9998	1.0272	-0.8759	99.8661	40.5831	0.8230	0.8271	5.0000	-9999.0000	-9999.0000	-9999.0000	-9999.0000	-9999.0000	-9999.0000	17.1886	7	0	32.8315	1.0000	02	4	-9999.0000	34835	61807	-9999	-9999	814	1846	586.7865	5	0.7192	0.7295	-0.0005	80.6275	0.8478	733.2904	497.1065	47.6852	722.2449	94.7222	740.7718	94.6065	746.6758	94.6759	752.8604	94.7917	
30/08/2017	03:00:50	011995	H421143392HLR	L421	S		716.8564	1.0400	0.0000	100.0302	39.6523	0.8230	1.1628	5.0000	22.3788	815.0361	94.9769	21.1492	24.9000	0.9300	0.9247	0.7312	-0.0005	815.0000	810.4432	1.0272	-0.8480	99.7587	40.5625	0.8230	0.8269	5.0000	-9999.0000	-9999.0000	-9999.0000	-9999.0000	-9999.0000	-9999.0000	18.2292	8	0	26.5180	1.0000	02	4	-9999.0000	34836	61808	-9999	-9999	815	1848	586.5415	5	0.7195	0.7312	-0.0005	81.2999	0.8105	732.1191	508.0235	47.9398	721.5485	94.8148	738.5268	94.5370	745.4885	94.6759	750.5022	94.8148	
30/08/2017	03:01:22	011995	H421143385HLR	L421	S		715.7246	1.0400	0.0000	99.8081	39.7247	0.8230	1.1624	5.0000	22.3993	815.1029	94.9306	22.1091	24.7000	0.9300	0.9245	0.7312	-0.0005	815.0000	811.7443	1.0272	-0.9131	99.6570	40.5773	0.8230	0.8275	5.0000	-9999.0000	-9999.0000	-9999.0000	-9999.0000	-9999.0000	-9999.0000	17.1976	1	0	32.5353	1.0000	02	4	-9999.0000	34837	61809	-9999	-9999	816	1850	586.1997	5	0.7195	0.7312	-0.0005	81.2999	0.8105	728.6838	501.6213	47.1759	718.4367	94.6759	734.2143	94.5370	741.1453	94.6759	747.0131	94.8148	
30/08/2017	03:02:23	011995	H421143366HLR	L421	S		713.8317	1.0400	0.0000	99.9708	39.6225	0.8230	1.1621	5.0000	22.2417	815.0950	94.8148	21.8884	24.9000	0.9300	0.9250	0.7316	-0.0006	815.0000	811.2627	1.0272	-0.8890	100.0391	40.5638	0.8230	0.8274	5.0000	-9999.0000	-9999.0000	-9999.0000	-9999.0000	-9999.0000	-9999.0000	17.3487	3	0	34.9786	1.0000	02	4	-9999.0000	34838	61810	-9999	-9999	817	1852	586.2281	5	0.7200	0.7316	-0.0006	79.3961	0.8607	728.9746	504.2821	45.3472	718.4988	94.6759	735.4983	94.7917	742.3297	94.6296	747.3734	94.7454	
30/08/2017	03:02:55	011995	H421143388HLR	L421	S		-9999.0000	0.0000	0.0000	-9999.0000	-9999.0000	0.8230	-9999.0000	0.0000	28.8285	0.0000	0.0000	0.0000	0.0000	0.9300	0.0000	0.0000	0.0000	0.0000	708.1880	1.0272	-1.9347	99.7764	40.5135	0.8230	0.8269	5.0000	-9999.0000	-9999.0000	-9999.0000	-9999.0000	-9999.0000	-9999.0000	17.2589	4	17	31.7178	1.0000	02	4	-9999.0000	34838	0	-9999	-9999	818	1854	0.0000	0	0.0000	0.0000	0.0000	0.0000	0.0000	0.0000	0.0000	0.0000	0.0000	0.0000	0.0000	0.0000	0.0000	0.0000	0.0000	0.0000	
30/08/2017	03:03:20	011995	H421143394HLR	L421	S		716.6814	1.0400	0.0000	99.4873	39.7935	0.8230	1.1623	5.0000	23.5182	815.0315	94.7454	21.7195	25.0000	0.9300	0.9250	0.7317	-0.0006	815.0000	809.7333	1.0272	-0.8125	99.9562	40.5521	0.8230	0.8271	5.0000	-9999.0000	-9999.0000	-9999.0000	-9999.0000	-9999.0000	-9999.0000	17.2890	5	0	25.4393	1.0000	02	4	-9999.0000	34839	61811	-9999	-9999	819	1856	586.2820	5	0.7202	0.7317	-0.0006	79.7201	0.8299	732.4838	491.4942	45.5556	722.7538	94.6991	736.7998	94.7685	742.5780	94.6296	747.6415	94.7454	
30/08/2017	03:04:24	011995	H421143406HLR	L421	Q		714.6054	1.0400	0.0000	99.6843	39.7025	0.8230	1.1619	5.0000	22.4990	815.0860	94.9306	23.9694	24.9000	0.9300	0.9249	0.7320	-0.0005	815.0000	810.7707	1.0272	-0.8644	99.6805	40.5167	0.8230	0.8260	5.0000	-9999.0000	-9999.0000	-9999.0000	-9999.0000	-9999.0000	-9999.0000	17.1462	7	0	31.7484	1.0000	02	4	-9999.0000	34839	61812	-9999	-9999	820	1859	586.2040	5	0.7205	0.7320	-0.0005	81.6565	0.7310	726.3473	511.9322	45.4861	715.8195	94.8148	732.6167	94.6759	737.7736	94.6759	744.4064	94.7454	
30/08/2017	03:05:29	011995	H421144419HLR	L421	S		-9999.0000	0.0000	0.0000	-9999.0000	-9999.0000	0.8230	-9999.0000	0.0000	28.7582	0.0000	0.0000	0.0000	0.0000	0.9300	0.0000	0.0000	0.0000	0.0000	704.9229	1.0272	-2.0057	99.7464	40.5167	0.8230	0.8266	5.0000	-9999.0000	-9999.0000	-9999.0000	-9999.0000	-9999.0000	-9999.0000	17.3186	8	17	65.9757	1.0000	02	4	-9999.0000	34840	0	-9999	-9999	821	1861	0.0000	0	0.0000	0.0000	0.0000	0.0000	0.0000	0.0000	0.0000	0.0000	0.0000	0.0000	0.0000	0.0000	0.0000	0.0000	0.0000	0.0000	
30/08/2017	03:05:55	011995	H421143379HLR	L421	S		-9999.0000	0.0000	0.0000	-9999.0000	-9999.0000	0.8230	-9999.0000	0.0000	28.7485	0.0000	0.0000	0.0000	0.0000	0.9300	0.0000	0.0000	0.0000	0.0000	705.1872	1.0272	-2.0018	99.8335	40.5220	0.8230	0.8264	5.0000	-9999.0000	-9999.0000	-9999.0000	-9999.0000	-9999.0000	-9999.0000	17.1382	1	17	25.4187	1.0000	02	4	-9999.0000	34840	0	-9999	-9999	822	1862	0.0000	0	0.0000	0.0000	0.0000	0.0000	0.0000	0.0000	0.0000	0.0000	0.0000	0.0000	0.0000	0.0000	0.0000	0.0000	0.0000	0.0000	
30/08/2017	03:06:57	011995	H421144401HLR	L421	S		-9999.0000	0.0000	0.0000	-9999.0000	-9999.0000	0.8230	-9999.0000	0.0000	28.7583	0.0000	0.0000	0.0000	0.0000	0.9300	0.0000	0.0000	0.0000	0.0000	708.5822	1.0272	-1.9258	99.9172	40.5279	0.8230	0.8262	5.0000	-9999.0000	-9999.0000	-9999.0000	-9999.0000	-9999.0000	-9999.0000	17.2695	3	17	31.2386	1.0000	02	4	-9999.0000	34841	0	-9999	-9999	823	1865	0.0000	0	0.0000	0.0000	0.0000	0.0000	0.0000	0.0000	0.0000	0.0000	0.0000	0.0000	0.0000	0.0000	0.0000	0.0000	0.0000	0.0000	
30/08/2017	03:07:31	011995	H421144424HLR	L421	S		-9999.0000	0.0000	0.0000	-9999.0000	-9999.0000	0.8230	-9999.0000	0.0000	28.7678	0.0000	0.0000	0.0000	0.0000	0.9300	0.0000	0.0000	0.0000	0.0000	708.4644	1.0272	-1.9285	99.8711	40.5290	0.8230	0.8260	5.0000	-9999.0000	-9999.0000	-9999.0000	-9999.0000	-9999.0000	-9999.0000	17.3883	4	17	33.4680	1.0000	02	4	-9999.0000	34842	0	-9999	-9999	824	1867	0.0000	0	0.0000	0.0000	0.0000	0.0000	0.0000	0.0000	0.0000	0.0000	0.0000	0.0000	0.0000	0.0000	0.0000	0.0000	0.0000	0.0000	
30/08/2017	03:07:56	011995	H421144421HLR	L421	S		-9999.0000	0.0000	0.0000	-9999.0000	-9999.0000	0.8230	-9999.0000	0.0000	28.7890	0.0000	0.0000	0.0000	0.0000	0.9300	0.0000	0.0000	0.0000	0.0000	704.1865	1.0272	-2.0164	99.7223	40.5278	0.8230	0.8256	5.0000	-9999.0000	-9999.0000	-9999.0000	-9999.0000	-9999.0000	-9999.0000	18.5688	5	17	25.3287	1.0000	02	4	-9999.0000	34843	0	-9999	-9999	824	1869	0.0000	0	0.0000	0.0000	0.0000	0.0000	0.0000	0.0000	0.0000	0.0000	0.0000	0.0000	0.0000	0.0000	0.0000	0.0000	0.0000	0.0000	
30/08/2017	03:09:00	011995	H421144416HLR	L421	Q		715.8278	1.0400	0.0000	99.6780	39.7168	0.8230	1.1619	5.0000	22.5896	815.0792	94.9074	20.3788	25.1000	0.9300	0.9251	0.7218	-0.0000	815.0000	810.8677	1.0272	-0.8693	99.7349	40.5489	0.8230	0.8253	5.0000	-9999.0000	-9999.0000	-9999.0000	-9999.0000	-9999.0000	-9999.0000	17.2888	7	0	31.7980	1.0000	02	4	-9999.0000	34844	61813	-9999	-9999	825	1872	588.0065	5	0.7212	0.7218	-0.0000	87.5569	0.4227	741.2413	497.8603	46.1343	732.1090	94.7454	747.4121	94.8380	754.5158	94.6991	758.8034	94.6296	
30/08/2017	03:09:23	011995	H421144403HLR	L421	Q		715.6566	1.0400	0.0000	99.4988	39.7416	0.8230	1.1619	5.0000	23.7985	815.0826	94.9769	22.4782	25.0000	0.9300	0.9246	0.7218	-0.0000	815.0000	813.3309	1.0272	-0.9925	100.0150	40.5472	0.8230	0.8254	5.0000	-9999.0000	-9999.0000	-9999.0000	-9999.0000	-9999.0000	-9999.0000	17.1989	8	0	22.2184	1.0000	02	4	-9999.0000	34845	61813	-9999	-9999	826	1874	587.9719	5	0.7212	0.7218	-0.0000	87.5569	0.4227	741.9509	495.5528	47.3380	732.0844	95.0231	746.8390	94.5139	751.9390	94.6759	756.1119	94.7917	
30/08/2017	03:09:47	011995	H421144405HLR	L421	S		-9999.0000	0.0000	0.0000	-9999.0000	-9999.0000	0.8230	-9999.0000	0.0000	28.8686	0.0000	0.0000	0.0000	0.0000	0.9300	0.0000	0.0000	0.0000	0.0000	706.8462	1.0272	-1.9652	99.7971	40.5366	0.8230	0.8252	5.0000	-9999.0000	-9999.0000	-9999.0000	-9999.0000	-9999.0000	-9999.0000	18.8787	1	17	25.3893	1.0000	02	4	-9999.0000	34846	0	-9999	-9999	827	1876	0.0000	0	0.0000	0.0000	0.0000	0.0000	0.0000	0.0000	0.0000	0.0000	0.0000	0.0000	0.0000	0.0000	0.0000	0.0000	0.0000	0.0000	
30/08/2017	03:10:57	011995	H421144435HLR	L421	S		-9999.0000	0.0000	0.0000	-9999.0000	-9999.0000	0.8230	-9999.0000	0.0000	28.7681	0.0000	0.0000	0.0000	0.0000	0.9300	0.0000	0.0000	0.0000	0.0000	706.6534	1.0272	-1.9695	99.7485	40.6137	0.8230	0.8278	5.0000	-9999.0000	-9999.0000	-9999.0000	-9999.0000	-9999.0000	-9999.0000	17.1878	3	17	44.5774	1.0000	02	4	-9999.0000	34847	0	-9999	-9999	827	1879	0.0000	0	0.0000	0.0000	0.0000	0.0000	0.0000	0.0000	0.0000	0.0000	0.0000	0.0000	0.0000	0.0000	0.0000	0.0000	0.0000	0.0000	
30/08/2017	03:11:28	011995	H421144441HLR	L421	S		-9999.0000	0.0000	0.0000	-9999.0000	-9999.0000	0.8230	-9999.0000	0.0000	28.8285	0.0000	0.0000	0.0000	0.0000	0.9300	0.0000	0.0000	0.0000	0.0000	708.2362	1.0272	-1.9336	99.9383	40.5771	0.8230	0.8275	5.0000	-9999.0000	-9999.0000	-9999.0000	-9999.0000	-9999.0000	-9999.0000	17.2989	4	17	31.3082	1.0000	02	4	-9999.0000	34848	0	-9999	-9999	828	1881	0.0000	0	0.0000	0.0000	0.0000	0.0000	0.0000	0.0000	0.0000	0.0000	0.0000	0.0000	0.0000	0.0000	0.0000	0.0000	0.0000	0.0000	
30/08/2017	03:13:35	011995	H421144429HLR	L421	Q		719.6960	1.0400	0.0000	99.6271	39.7178	0.8230	1.1619	5.0000	22.5592	815.1187	94.9074	20.3993	25.1000	0.9300	0.9251	0.7200	0.0001	815.0000	812.0636	1.0272	-0.9291	100.0555	40.5808	0.8230	0.8272	5.0000	-9999.0000	-9999.0000	-9999.0000	-9999.0000	-9999.0000	-9999.0000	17.1656	8	0	20.7280	1.0000	02	4	-9999.0000	34849	61814	-9999	-9999	829	1886	588.3497	5	0.7218	0.7200	0.0001	87.0902	0.4334	744.6169	517.6106	48.1481	735.1289	94.7685	752.1843	94.5602	758.2293	94.7222	762.9333	94.6759	
30/08/2017	03:14:02	011995	H421144427HLR	L421	S		714.2313	1.0400	0.0000	99.6494	39.7432	0.8230	1.1620	5.0000	22.6392	815.1268	94.9537	22.1179	24.8000	0.9300	0.9245	0.7200	0.0001	815.0000	813.4216	1.0272	-0.9971	99.7995	40.5429	0.8230	0.8262	5.0000	-9999.0000	-9999.0000	-9999.0000	-9999.0000	-9999.0000	-9999.0000	17.1091	1	0	25.4197	1.0000	02	4	-9999.0000	34850	61814	-9999	-9999	830	1888	588.4642	5	0.7218	0.7200	0.0001	87.0902	0.4334	741.0679	508.7224	48.3565	730.2877	95.2546	745.7499	94.6759	751.0686	94.5602	756.5565	94.7685	
30/08/2017	03:14:36	011995	H421144433HLR	L421	S		-9999.0000	0.0000	0.0000	-9999.0000	-9999.0000	0.8230	-9999.0000	0.0000	28.7678	0.0000	0.0000	0.0000	0.0000	0.9300	0.0000	0.0000	0.0000	0.0000	706.1973	1.0272	-1.9799	100.0684	40.6182	0.8230	0.8273	5.0000	-9999.0000	-9999.0000	-9999.0000	-9999.0000	-9999.0000	-9999.0000	17.4184	3	17	15.6183	1.0000	02	4	-9999.0000	34850	0	-9999	-9999	831	1891	0.0000	0	0.0000	0.0000	0.0000	0.0000	0.0000	0.0000	0.0000	0.0000	0.0000	0.0000	0.0000	0.0000	0.0000	0.0000	0.0000	0.0000	
30/08/2017	04:08:39	011995	H421144026HLR	L421	S		718.4158	1.0400	0.0000	99.9857	39.0625	0.8230	1.1646	5.0000	24.2665	815.0098	95.0000	22.0886	22.0000	0.9300	0.9254	0.7316	-0.0004	815.0000	820.4284	1.0272	-2.8517	99.9568	40.1598	0.8230	0.8291	5.0000	-9999.0000	-9999.0000	-9999.0000	-9999.0000	-9999.0000	-9999.0000	17.6587	5	0	33.7386	1.0000	02	4	-9999.0000	34851	61815	-9999	-9999	832	1902	589.1628	5	0.7223	0.7316	-0.0004	72.5038	1.0912	727.0803	493.5475	48.4954	717.5953	94.0972	731.7419	94.8148	738.8056	94.7454	745.1509	94.6991	
30/08/2017	04:09:41	011995	H421144047HLR	L421	S		717.3249	1.0400	0.0000	99.9503	39.1696	0.8230	1.1638	5.0000	22.9792	815.0375	95.1389	23.2585	23.2000	0.9300	0.9260	0.7316	-0.0004	815.0000	818.4066	1.0272	-2.7921	99.7796	40.1324	0.8230	0.8275	5.0000	-9999.0000	-9999.0000	-9999.0000	-9999.0000	-9999.0000	-9999.0000	17.9843	7	0	34.2591	1.0000	02	4	-9999.0000	34852	61816	-9999	-9999	833	1904	588.8252	5	0.7223	0.7316	-0.0004	72.5038	1.0912	722.0569	518.7265	48.4722	711.0066	94.6065	730.2242	94.6991	736.6586	94.6296	741.9376	94.7917	
30/08/2017	04:10:13	011995	H421144018HLR	L421	S		715.6429	1.0400	0.0000	99.9030	39.3569	0.8230	1.1649	5.0000	22.0183	815.0387	95.0694	22.8386	23.5000	0.9300	0.9255	0.7325	-0.0004	815.0000	817.5609	1.0272	-2.7672	99.9703	40.1750	0.8230	0.8283	5.0000	-9999.0000	-9999.0000	-9999.0000	-9999.0000	-9999.0000	-9999.0000	17.5086	8	0	31.8274	1.0000	02	4	-9999.0000	34853	61817	-9999	-9999	834	1906	588.9726	5	0.7224	0.7325	-0.0004	83.7800	0.5764	725.5269	533.9069	47.1991	715.3780	94.8380	732.3397	94.5139	738.1763	94.6296	744.5708	94.8148	
30/08/2017	04:10:48	011995	H421144029HLR	L421	S		715.6402	1.0400	0.0000	99.9472	39.5137	0.8230	1.1638	5.0000	22.6082	815.0634	95.0463	22.7390	23.7000	0.9300	0.9254	0.7325	-0.0004	815.0000	816.8250	1.0272	-2.7456	99.6775	40.1672	0.8230	0.8278	5.0000	-9999.0000	-9999.0000	-9999.0000	-9999.0000	-9999.0000	-9999.0000	17.3786	1	0	34.6690	1.0000	02	4	-9999.0000	34854	61818	-9999	-9999	835	1908	588.9131	5	0.7224	0.7325	-0.0004	83.7800	0.5764	725.2366	532.5688	46.8750	715.0838	94.8380	731.2986	94.5370	737.5790	94.6528	742.8406	94.8148	
30/08/2017	04:11:47	011995	H421144446HLR	L421	S		717.0893	1.0400	0.0000	99.9728	39.2509	0.8230	1.1631	5.0000	21.5038	815.1108	95.0000	23.3982	24.0000	0.9300	0.9256	0.7494	-0.0012	815.0000	815.0548	1.0272	-2.6935	99.9023	40.1743	0.8230	0.8280	5.0000	-9999.0000	-9999.0000	-9999.0000	-9999.0000	-9999.0000	-9999.0000	17.5430	3	0	33.8185	1.0000	02	4	-9999.0000	34855	61819	-9999	-9999	836	1911	587.8511	5	0.7224	0.7494	-0.0012	49.4269	2.1611	714.7897	503.0442	47.2917	705.2664	94.6759	722.1011	94.6759	729.2310	94.6528	736.0508	94.7454	
30/08/2017	04:12:20	011995	H421144032HLR	L421	S		719.1450	1.0400	0.0000	99.9648	39.3287	0.8230	1.1643	5.0000	21.8983	815.0419	94.9306	20.9989	24.1000	0.9300	0.9253	0.7529	-0.0014	815.0000	816.5656	1.0272	-2.7379	100.0695	40.1933	0.8230	0.8275	5.0000	-9999.0000	-9999.0000	-9999.0000	-9999.0000	-9999.0000	-9999.0000	17.5483	4	0	32.5882	1.0000	02	4	-9999.0000	34856	61820	-9999	-9999	837	1913	589.8461	5	0.7224	0.7529	-0.0014	46.7554	2.2812	716.9893	514.0665	48.6806	707.3194	94.7917	723.7734	94.4676	729.9233	94.6528	736.8250	94.7685	
30/08/2017	04:12:53	011995	H421144044HLR	L421	S		714.9135	1.0400	0.0000	99.9940	39.5279	0.8230	1.1639	5.0000	22.1589	815.0759	95.0000	23.8278	24.2000	0.9300	0.9253	0.7529	-0.0014	815.0000	814.7047	1.0272	-2.6832	99.7147	40.1992	0.8230	0.8275	5.0000	-9999.0000	-9999.0000	-9999.0000	-9999.0000	-9999.0000	-9999.0000	17.8996	5	0	33.7177	1.0000	02	4	-9999.0000	34857	61821	-9999	-9999	838	1914	586.9407	5	0.7224	0.7529	-0.0014	46.7554	2.2812	711.4377	508.4482	50.1157	701.7658	94.9769	716.6095	94.5602	723.5626	94.6296	729.9293	94.7917	
30/08/2017	04:13:56	011995	H421144002HLR	L421	S		715.2865	1.0400	0.0000	99.8691	39.3484	0.8230	1.1636	5.0000	19.3107	815.0523	94.9306	22.9089	24.3000	0.9300	0.9255	0.7476	-0.0011	815.0000	814.4187	1.0272	-2.6747	99.8688	40.2479	0.8230	0.8285	5.0000	-9999.0000	-9999.0000	-9999.0000	-9999.0000	-9999.0000	-9999.0000	17.7594	7	0	37.0786	1.0000	02	4	-9999.0000	34858	61822	-9999	-9999	839	1917	588.0530	5	0.7223	0.7476	-0.0011	59.1440	1.7362	711.6352	494.8170	47.9861	702.2794	94.6296	717.4623	94.6759	725.2955	94.6528	732.0557	94.7454	
30/08/2017	04:14:32	011995	H421144007HLR	L421	S		717.8284	1.0400	0.0000	99.9620	39.3331	0.8230	1.1640	5.0000	21.8026	815.0644	94.9074	21.5691	24.2000	0.9300	0.9251	0.7464	-0.0011	815.0000	814.4775	1.0272	-2.6765	99.6727	40.2353	0.8230	0.8276	5.0000	-9999.0000	-9999.0000	-9999.0000	-9999.0000	-9999.0000	-9999.0000	17.5370	8	0	35.5074	1.0000	02	4	-9999.0000	34859	61823	-9999	-9999	840	1919	589.3558	5	0.7220	0.7464	-0.0011	64.2204	1.5134	717.8609	500.4138	47.7315	708.6728	94.7454	723.4106	94.5370	729.8812	94.6528	736.7981	94.7454	
30/08/2017	04:15:07	011995	H421144015HLR	L421	Q		717.8964	1.0400	0.0000	99.9800	39.5521	0.8230	1.1641	5.0000	21.5188	815.0720	94.9306	22.7888	24.3000	0.9300	0.9251	0.7464	-0.0011	815.0000	814.0951	1.0272	-2.6652	99.9298	40.2896	0.8230	0.8283	5.0000	-9999.0000	-9999.0000	-9999.0000	-9999.0000	-9999.0000	-9999.0000	18.6489	1	0	35.3811	1.0000	02	4	-9999.0000	34860	61824	-9999	-9999	841	1921	588.2373	5	0.7220	0.7464	-0.0011	64.2204	1.5134	717.0334	502.7142	45.4630	706.4223	94.8380	722.7955	94.5370	729.5506	94.6528	736.1194	94.7454	
30/08/2017	04:16:09	011995	H421144499HLR	L421	Q		714.1304	1.0400	0.0000	99.9563	39.3267	0.8230	1.1628	5.0000	21.5388	815.0113	94.9306	25.9683	24.4000	0.9300	0.9254	0.7485	-0.0012	815.0000	811.3805	1.0272	-2.5853	99.8986	40.3705	0.8230	0.8291	5.0000	-9999.0000	-9999.0000	-9999.0000	-9999.0000	-9999.0000	-9999.0000	17.2655	3	0	36.6311	1.0000	01	4	-9999.0000	34861	61825	-9999	-9999	842	1924	585.3707	5	0.7221	0.7485	-0.0012	64.2525	1.5178	709.4917	473.6478	47.6852	699.6696	94.5833	715.7211	94.7222	721.7660	94.6528	728.3859	94.7222	
30/08/2017	04:16:45	011995	H421144508HLR	L421	Q		713.9003	1.0400	0.0000	99.9599	39.3836	0.8230	1.1642	5.0000	21.3797	815.0724	94.8380	24.5084	24.3000	0.9300	0.9250	0.7473	-0.0011	815.0000	810.7469	1.0272	-2.5666	99.9950	40.3578	0.8230	0.8294	5.0000	-9999.0000	-9999.0000	-9999.0000	-9999.0000	-9999.0000	-9999.0000	17.3189	4	0	35.9549	1.0000	01	4	-9999.0000	34862	61826	-9999	-9999	843	1926	586.7379	5	0.7220	0.7473	-0.0011	69.3192	1.2932	710.0301	507.6286	45.5093	700.9533	94.9306	716.1204	94.5602	721.8007	94.6528	728.8712	94.7454	
30/08/2017	04:17:22	011995	H421144518HLR	L421	S		716.3833	1.0400	0.0000	99.9528	39.6017	0.8230	1.1635	5.0000	22.0592	815.0749	94.7685	24.4987	24.4000	0.9300	0.9250	0.7473	-0.0011	815.0000	811.1880	1.0272	-2.5796	99.7919	40.3861	0.8230	0.8278	5.0000	-9999.0000	-9999.0000	-9999.0000	-9999.0000	-9999.0000	-9999.0000	18.5044	5	0	37.0780	1.0000	01	4	-9999.0000	34863	61827	-9999	-9999	844	1928	586.8656	5	0.7220	0.7473	-0.0011	69.3192	1.2932	711.0784	496.3110	47.9167	701.3244	94.8611	715.4235	94.4907	722.3251	94.6759	728.3597	94.7685	
30/08/2017	04:18:26	011995	H421144515HLR	L421	Q		715.0996	1.0400	0.0000	99.8840	39.3783	0.8230	1.1634	5.0000	19.3984	815.0581	94.7685	25.6783	24.7000	0.9300	0.9254	0.7319	-0.0004	815.0000	809.4357	1.0272	-2.5280	99.6450	40.3460	0.8230	0.8269	5.0000	-9999.0000	-9999.0000	-9999.0000	-9999.0000	-9999.0000	-9999.0000	17.5590	7	0	38.5975	1.0000	01	4	-9999.0000	34864	61828	-9999	-9999	845	1931	585.3742	5	0.7218	0.7319	-0.0004	92.4171	0.2688	706.2246	490.2238	47.4769	696.0896	94.6065	711.4906	94.6991	718.9834	94.6528	725.3071	94.7917	
30/08/2017	04:19:08	011995	H421144503HLR	L421	S		698.4428	1.0400	0.0000	99.8817	39.4138	0.8230	1.1646	5.0000	19.3193	815.0979	94.6759	25.0895	24.5000	0.9300	0.9250	0.7282	-0.0003	815.0000	814.7053	1.0272	-2.6832	99.7097	40.3878	0.8230	0.8273	5.0000	-9999.0000	-9999.0000	-9999.0000	-9999.0000	-9999.0000	-9999.0000	17.3280	8	0	41.2379	1.0000	01	4	-9999.0000	34865	61829	-9999	-9999	846	1933	587.7013	5	0.7219	0.7282	-0.0003	98.5170	-0.0048	716.0871	512.5675	45.8102	706.1043	94.8611	723.5848	94.5833	731.1083	94.6296	738.3155	94.7917	
30/08/2017	04:19:47	011995	H421144509HLR	L421	S		714.4819	1.0400	0.0000	99.9323	39.6270	0.8230	1.1644	5.0000	19.5263	815.1006	94.6991	26.1285	24.5000	0.9300	0.9250	0.7282	-0.0003	815.0000	813.1047	1.0272	-2.6361	99.7330	40.3692	0.8230	0.8271	5.0000	-9999.0000	-9999.0000	-9999.0000	-9999.0000	-9999.0000	-9999.0000	17.9792	1	0	38.9874	1.0000	01	4	-9999.0000	34866	61830	-9999	-9999	847	1935	587.7771	5	0.7219	0.7282	-0.0003	98.5170	-0.0048	726.9195	524.7665	46.8981	717.6199	94.8843	731.1060	94.5602	737.5272	94.6528	742.8917	94.7917	
30/08/2017	04:20:56	011995	H421144525HLR	L421	S		712.1512	1.0400	0.0000	100.0547	39.3883	0.8230	1.1635	5.0000	19.3094	815.0361	94.6759	27.6889	24.6000	0.9300	0.9253	0.7282	-0.0003	815.0000	813.9026	1.0272	-2.6595	99.8242	40.4685	0.8230	0.8279	5.0000	-9999.0000	-9999.0000	-9999.0000	-9999.0000	-9999.0000	-9999.0000	17.3479	3	0	40.0176	1.0000	01	4	-9999.0000	34867	61831	-9999	-9999	848	1938	587.3704	5	0.7216	0.7282	-0.0003	114.6112	-0.6972	726.8407	541.3838	48.2870	718.6164	94.6296	730.4862	94.7685	736.1350	94.6528	740.9279	94.7454	
30/08/2017	04:21:35	011995	H421144519HLR	L421	S		713.0288	1.0400	0.0000	99.9728	39.4667	0.8230	1.1642	5.0000	20.9089	815.0692	94.7222	30.3577	24.4000	0.9300	0.9249	0.7197	0.0001	815.0000	816.5497	1.0272	-2.7375	99.8700	40.4752	0.8230	0.8281	5.0000	-9999.0000	-9999.0000	-9999.0000	-9999.0000	-9999.0000	-9999.0000	17.4205	4	0	38.6678	1.0000	01	4	-9999.0000	34868	61832	-9999	-9999	849	1940	586.8069	5	0.7219	0.7197	0.0001	106.8170	-0.3687	728.6049	539.0497	48.7037	720.9200	94.8843	732.0493	94.5602	738.4031	94.6759	742.9223	94.7685	
30/08/2017	04:22:14	011995	H421144538HLR	L421	S		714.6861	1.0400	0.0000	99.9159	39.6825	0.8230	1.1643	5.0000	19.3496	815.0287	94.8148	28.1381	24.5000	0.9300	0.9249	0.7197	0.0001	815.0000	814.7185	1.0272	-2.6836	99.8565	40.4273	0.8230	0.8266	5.0000	-9999.0000	-9999.0000	-9999.0000	-9999.0000	-9999.0000	-9999.0000	17.3995	5	0	39.1084	1.0000	01	4	-9999.0000	34869	61833	-9999	-9999	850	1942	588.7675	5	0.7219	0.7197	0.0001	106.8170	-0.3687	735.1432	541.4793	48.2639	727.0129	94.7685	737.0021	94.5833	742.0155	94.7222	747.4237	94.7222	
30/08/2017	04:23:17	011995	H421144535HLR	L421	S		715.1379	1.0400	0.0000	99.9641	39.3703	0.8230	1.1628	5.0000	22.5582	815.0597	94.7685	29.1292	24.5000	0.9300	0.9253	0.7282	-0.0003	815.0000	815.4437	1.0272	-2.7049	99.7244	40.5074	0.8230	0.8285	5.0000	-9999.0000	-9999.0000	-9999.0000	-9999.0000	-9999.0000	-9999.0000	17.3589	7	0	37.5285	1.0000	01	4	-9999.0000	34870	61834	-9999	-9999	851	1945	588.5964	5	0.7219	0.7282	-0.0003	85.6694	0.5179	733.6930	545.1195	47.5231	725.6807	94.7917	736.4002	94.6296	742.6398	94.6528	746.5128	94.7454	
30/08/2017	04:23:55	011995	H421144521HLR	L421	S		712.5507	1.0400	0.0000	99.9018	39.5577	0.8230	1.1648	5.0000	19.3884	815.0555	94.6528	27.7290	24.5000	0.9300	0.9250	0.7274	-0.0002	815.0000	812.9245	1.0272	-2.6308	99.7309	40.4759	0.8230	0.8284	5.0000	-9999.0000	-9999.0000	-9999.0000	-9999.0000	-9999.0000	-9999.0000	17.2186	8	0	37.5077	1.0000	01	4	-9999.0000	34871	61835	-9999	-9999	852	1947	587.8460	5	0.7221	0.7274	-0.0002	83.7065	0.5866	724.7681	526.7823	48.9352	716.1487	94.6991	728.2652	94.5833	733.7020	94.6296	738.8434	94.7222	
30/08/2017	04:24:28	011995	H421144540HLR	L421	S		713.3568	1.0400	0.0000	99.8899	39.6854	0.8230	1.1639	5.0000	19.3593	815.0283	94.6065	28.1684	24.5000	0.9300	0.9250	0.7274	-0.0002	815.0000	813.3512	1.0272	-2.6433	99.6976	40.5209	0.8230	0.8283	5.0000	-9999.0000	-9999.0000	-9999.0000	-9999.0000	-9999.0000	-9999.0000	17.4393	1	0	32.9484	1.0000	01	4	-9999.0000	34872	61836	-9999	-9999	853	1949	587.9927	5	0.7221	0.7274	-0.0002	83.7065	0.5866	726.6121	529.2476	46.1111	716.8992	94.6759	729.9711	94.5602	734.5499	94.6065	739.7836	94.7685	
30/08/2017	04:25:31	011995	H421144544HLR	L421	S		711.7222	1.0400	0.0000	99.9279	39.4162	0.8230	1.1628	5.0000	21.9467	815.0195	94.7917	26.5093	24.7000	0.9300	0.9254	0.7268	-0.0002	815.0000	812.4171	1.0272	-2.6158	99.6747	40.4894	0.8230	0.8266	5.0000	-9999.0000	-9999.0000	-9999.0000	-9999.0000	-9999.0000	-9999.0000	17.3588	3	0	37.9580	1.0000	01	4	-9999.0000	34873	61837	-9999	-9999	854	1951	588.4304	5	0.7222	0.7268	-0.0002	81.2331	0.6769	727.3604	491.0264	47.5463	717.5464	94.3287	732.9321	94.6759	739.8862	94.6296	744.7415	94.7685	
30/08/2017	04:26:06	011995	H421144548HLR	L421	S		712.2304	1.0400	0.0000	99.9389	39.5396	0.8230	1.1637	5.0000	22.7366	815.0255	94.7222	26.6792	24.6000	0.9300	0.9249	0.7254	-0.0001	815.0000	813.0919	1.0272	-2.6357	99.6837	40.5180	0.8230	0.8273	5.0000	-9999.0000	-9999.0000	-9999.0000	-9999.0000	-9999.0000	-9999.0000	17.4887	4	0	34.7982	1.0000	01	4	-9999.0000	34874	61838	-9999	-9999	855	1953	588.5684	5	0.7223	0.7254	-0.0001	79.3109	0.7417	726.0268	516.4338	47.9398	717.2209	94.7222	730.2804	94.5602	736.8523	94.6528	741.6892	94.7685	
30/08/2017	04:26:41	011995	H421146340HLR	L421	S		718.2061	1.0400	0.0000	99.9452	39.7601	0.8230	1.1641	5.0000	19.3784	815.0707	94.8148	22.0984	24.6000	0.9300	0.9249	0.7254	-0.0001	815.0000	812.3788	1.0272	-2.6147	99.7204	40.4785	0.8230	0.8262	5.0000	-9999.0000	-9999.0000	-9999.0000	-9999.0000	-9999.0000	-9999.0000	17.4922	5	0	35.3885	1.0000	01	4	-9999.0000	34875	61839	-9999	-9999	856	1955	589.3383	5	0.7223	0.7254	-0.0001	79.3109	0.7417	736.5828	532.4366	47.7083	727.3803	94.4907	741.9467	94.5833	748.0565	94.6296	752.8683	94.7454	
30/08/2017	04:29:49	011995	H421146351HLR	L421	S		713.0813	1.0400	0.0000	99.9405	39.5333	0.8230	1.1633	5.0000	19.3593	815.0589	94.5139	27.0689	24.6000	0.9300	0.9253	0.7266	-0.0001	815.0000	814.1620	1.0272	-2.6672	99.8752	40.4934	0.8230	0.8275	5.0000	-9999.0000	-9999.0000	-9999.0000	-9999.0000	-9999.0000	-9999.0000	17.5560	7	0	33.8685	1.0000	01	4	-9999.0000	34876	61840	-9999	-9999	857	1958	589.0365	5	0.7225	0.7266	-0.0001	70.4512	1.0702	729.4611	543.5787	47.7546	722.1459	94.6065	733.2389	94.6759	738.6647	94.6759	744.0427	94.7685	
30/08/2017	04:30:26	011995	H421146359HLR	L421	S		716.2600	1.0400	0.0000	99.9564	39.5667	0.8230	1.1640	5.0000	19.8957	815.1099	94.9074	23.7888	24.5000	0.9300	0.9249	0.7352	-0.0005	815.0000	812.5669	1.0272	-2.6202	99.9549	40.4328	0.8230	0.8281	5.0000	-9999.0000	-9999.0000	-9999.0000	-9999.0000	-9999.0000	-9999.0000	17.3594	8	0	37.0780	1.0000	01	4	-9999.0000	34877	61841	-9999	-9999	858	1960	589.4997	5	0.7227	0.7352	-0.0005	68.1198	1.1540	732.5974	530.9091	49.8380	724.1582	94.6759	738.9675	94.5833	743.3334	94.6528	748.3731	94.7454	
30/08/2017	04:31:03	011995	H421146339HLR	L421	S		670.0947	1.0400	0.0000	99.8960	39.6829	0.8230	1.1637	5.0000	19.9712	815.0741	94.8611	24.4391	24.5000	0.9300	0.9249	0.7352	-0.0005	815.0000	815.4780	1.0272	-2.7059	99.7314	40.4796	0.8230	0.8286	5.0000	-9999.0000	-9999.0000	-9999.0000	-9999.0000	-9999.0000	-9999.0000	17.2065	1	0	37.3609	1.0000	01	4	-9999.0000	34878	61842	-9999	-9999	859	1962	590.0571	5	0.7227	0.7352	-0.0005	68.1198	1.1540	726.5053	498.9740	45.3472	717.5264	94.6759	731.8366	94.4676	737.4467	94.6296	743.7991	94.7917	
30/08/2017	04:32:03	011995	H421146338HLR	L421	S		718.1217	1.0400	0.0000	100.0095	39.5035	0.8230	1.1625	5.0000	23.2166	815.0857	94.9537	22.9382	25.7000	0.9300	0.9257	0.7370	-0.0005	815.0000	811.9721	1.0272	-2.6027	100.0328	40.5086	0.8230	0.8271	5.0000	-9999.0000	-9999.0000	-9999.0000	-9999.0000	-9999.0000	-9999.0000	17.1989	3	0	34.1583	1.0000	01	4	-9999.0000	34879	61843	-9999	-9999	860	1965	590.7376	5	0.7229	0.7370	-0.0005	68.9277	1.1323	728.6166	498.5050	46.2500	719.6875	94.5139	732.7803	94.7685	740.4479	94.7454	745.8631	94.6991	
30/08/2017	04:32:37	011995	H421146344HLR	L421	S		714.8500	1.0400	0.0000	99.8893	39.5372	0.8230	1.1641	5.0000	20.3685	815.0404	94.9769	26.1890	25.4000	0.9300	0.9250	0.7370	-0.0005	815.0000	812.5716	1.0272	-2.6204	99.7029	40.5342	0.8230	0.8280	5.0000	-9999.0000	-9999.0000	-9999.0000	-9999.0000	-9999.0000	-9999.0000	17.2087	4	0	33.8984	1.0000	01	4	-9999.0000	34880	61844	-9999	-9999	861	1967	589.6252	5	0.7229	0.7370	-0.0005	70.9896	1.0609	724.6932	529.9576	46.1806	714.5688	94.9306	727.7539	94.7222	733.3080	94.6065	739.0642	94.8380	
30/08/2017	04:33:11	011995	H421146322HLR	L421	S		710.5848	1.0400	0.0000	99.9227	39.6333	0.8230	1.1642	5.0000	19.8778	815.0573	94.7685	26.5191	25.3000	0.9300	0.9247	0.7370	-0.0005	815.0000	813.3979	1.0272	-2.6447	99.7617	40.5304	0.8230	0.8271	5.0000	-9999.0000	-9999.0000	-9999.0000	-9999.0000	-9999.0000	-9999.0000	17.1808	5	0	33.8977	1.0000	01	4	-9999.0000	34881	61845	-9999	-9999	862	1969	589.5290	5	0.7229	0.7370	-0.0005	70.9896	1.0609	718.9617	502.6961	46.7361	708.9743	94.8843	725.4309	94.6528	731.1162	94.6065	736.8465	94.8380	
30/08/2017	04:34:15	011995	H421146331HLR	L421	S		719.0887	1.0400	0.0000	99.9207	39.5242	0.8230	1.1634	5.0000	19.3456	815.0953	94.9074	23.1785	25.3000	0.9300	0.9251	0.7410	-0.0007	815.0000	812.7456	1.0272	-2.6255	99.8234	40.4949	0.8230	0.8263	5.0000	-9999.0000	-9999.0000	-9999.0000	-9999.0000	-9999.0000	-9999.0000	17.2381	7	0	37.9026	1.0000	01	4	-9999.0000	34882	61846	-9999	-9999	863	1972	591.4086	5	0.7235	0.7410	-0.0007	69.7126	1.1090	725.5091	494.6432	47.3611	716.3240	94.4444	731.1539	94.6296	738.3304	94.6759	743.4497	94.7917	
30/08/2017	04:34:50	011995	H421146358HLR	L421	S		720.5807	1.0400	0.0000	99.9080	39.5573	0.8230	1.1633	5.0000	22.5583	815.0636	94.8380	22.9792	25.0000	0.9300	0.9246	0.7405	-0.0006	815.0000	814.5932	1.0272	-2.6799	99.9894	40.5265	0.8230	0.8267	5.0000	-9999.0000	-9999.0000	-9999.0000	-9999.0000	-9999.0000	-9999.0000	17.3758	8	0	34.8638	1.0000	01	4	-9999.0000	34883	61847	-9999	-9999	864	1974	591.7116	5	0.7236	0.7405	-0.0006	70.0975	1.1026	727.8014	525.9405	48.6574	717.8914	94.5833	732.3793	94.6528	738.0884	94.7222	743.5577	94.7454	
30/08/2017	04:35:31	011995	H421146366HLR	L421	S		719.4433	1.0400	0.0000	99.8735	39.7289	0.8230	1.1641	5.0000	19.3711	815.0828	94.7222	23.0085	24.7000	0.9300	0.9245	0.7405	-0.0006	815.0000	814.1959	1.0272	-2.6682	99.7541	40.4903	0.8230	0.8264	5.0000	-9999.0000	-9999.0000	-9999.0000	-9999.0000	-9999.0000	-9999.0000	17.3429	1	0	41.4175	1.0000	01	4	-9999.0000	34884	61848	-9999	-9999	865	1976	591.8580	5	0.7236	0.7405	-0.0006	70.0975	1.1026	725.1489	495.9548	47.2222	714.9191	94.4676	730.9823	94.6065	736.9908	94.6991	743.0515	94.8148	
30/08/2017	04:36:34	011995	H421146361HLR	L421	S		714.6309	1.0400	0.0000	99.9754	39.5429	0.8230	1.1625	5.0000	22.8287	815.0602	94.7685	26.9282	24.3000	0.9300	0.9250	0.7442	-0.0008	815.0000	816.0365	1.0272	-2.7224	99.9691	40.5632	0.8230	0.8271	5.0000	-9999.0000	-9999.0000	-9999.0000	-9999.0000	-9999.0000	-9999.0000	18.5697	3	0	37.0782	1.0000	01	4	-9999.0000	34885	61849	-9999	-9999	866	1979	589.8057	5	0.7246	0.7442	-0.0008	67.2092	1.1984	713.0561	491.9219	46.4583	702.9797	94.4444	719.0833	94.7454	725.0484	94.6296	730.6074	94.7917	
30/08/2017	04:37:15	011995	H421146369HLR	L421	S		722.3477	1.0400	0.0000	99.8719	39.6333	0.8230	1.1640	5.0000	19.8480	815.0646	94.9769	23.9694	24.1000	0.9300	0.9247	0.7452	-0.0008	815.0000	820.0162	1.0272	-2.8395	99.9593	40.5309	0.8230	0.8280	5.0000	-9999.0000	-9999.0000	-9999.0000	-9999.0000	-9999.0000	-9999.0000	17.2885	4	0	41.3574	1.0000	01	4	-9999.0000	34886	61850	-9999	-9999	867	1981	591.8345	5	0.7248	0.7452	-0.0008	65.8160	1.2594	726.5618	534.5897	47.8704	717.6981	94.3750	729.8479	94.6759	737.3787	94.6065	743.2787	94.7917	
30/08/2017	04:37:57	011995	H421146325HLR	L421	S		704.0969	1.0400	0.0000	99.9596	39.7030	0.8230	1.1628	5.0000	22.2584	815.0687	94.7222	30.3987	24.0000	0.9300	0.9247	0.7452	-0.0008	815.0000	816.5912	1.0272	-2.7387	99.7163	40.5768	0.8230	0.8280	5.0000	-9999.0000	-9999.0000	-9999.0000	-9999.0000	-9999.0000	-9999.0000	17.2985	5	0	41.4773	1.0000	01	4	-9999.0000	34887	61851	-9999	-9999	867	1983	587.7961	5	0.7248	0.7452	-0.0008	65.8160	1.2594	703.5599	533.2232	48.2870	695.4720	94.7685	706.8295	94.5370	713.5639	94.6528	718.6617	94.7917	
30/08/2017	04:38:56	011995	H421144288HLR	L421	S		712.7846	1.0400	0.0000	99.8963	39.5881	0.8230	1.1632	5.0000	19.4415	815.0560	94.9537	26.0894	24.3000	0.9300	0.9253	0.7408	-0.0006	815.0000	816.4857	1.0272	-2.7356	99.7136	40.5167	0.8230	0.8271	5.0000	-9999.0000	-9999.0000	-9999.0000	-9999.0000	-9999.0000	-9999.0000	17.5186	7	0	33.5184	1.0000	01	4	-9999.0000	34888	61852	-9999	-9999	868	1985	590.5428	5	0.7248	0.7408	-0.0006	59.6968	1.5241	711.2321	486.6244	45.7407	701.0032	94.5833	718.5658	94.7917	724.4683	94.6065	730.2964	94.7222	
30/08/2017	04:39:31	011995	H421146326HLR	L421	S		712.2416	1.0400	0.0000	99.9435	39.6191	0.8230	1.1633	5.0000	21.2087	815.0496	94.5139	30.3988	24.1000	0.9300	0.9249	0.7438	-0.0008	815.0000	816.7846	1.0272	-2.7444	99.7511	40.4893	0.8230	0.8256	5.0000	-9999.0000	-9999.0000	-9999.0000	-9999.0000	-9999.0000	-9999.0000	18.6475	8	0	35.1002	1.0000	01	4	-9999.0000	34889	61852	-9999	-9999	869	1987	588.1679	5	0.7246	0.7438	-0.0008	55.6938	1.6929	711.2258	516.1213	47.4769	701.3981	94.7222	715.8624	94.5602	722.1016	94.6528	727.5676	94.8148	
30/08/2017	04:40:09	011995	H421144287HLR	L421	S		704.5642	1.0400	0.0000	99.8822	39.7127	0.8230	1.1634	5.0000	20.1688	815.0317	94.5139	30.5784	24.2000	0.9300	0.9249	0.7438	-0.0008	815.0000	816.8208	1.0272	-2.7455	99.7243	40.5097	0.8230	0.8265	5.0000	-9999.0000	-9999.0000	-9999.0000	-9999.0000	-9999.0000	-9999.0000	17.4483	1	0	38.4057	1.0000	01	4	-9999.0000	34890	61853	-9999	-9999	870	1989	587.3695	5	0.7246	0.7438	-0.0008	55.6938	1.6929	703.1278	506.9677	44.9074	693.4918	95.0463	709.4245	94.5602	715.6673	94.6528	721.1625	94.7454	
30/08/2017	04:41:12	011995	H421146372HLR	L421	S		722.3808	1.0400	0.0000	99.9944	39.5647	0.8230	1.1632	5.0000	19.4187	815.1203	94.9074	22.6384	24.5000	0.9300	0.9254	0.7451	-0.0008	815.0000	821.0970	1.0272	-2.8714	99.8309	40.5816	0.8230	0.8278	5.0000	-9999.0000	-9999.0000	-9999.0000	-9999.0000	-9999.0000	-9999.0000	17.3693	3	0	37.4286	1.0000	01	4	-9999.0000	34891	61854	-9999	-9999	871	1992	592.3887	5	0.7243	0.7451	-0.0008	59.3952	1.5441	725.0943	507.1471	45.6713	714.2586	94.5370	731.8544	94.6759	740.1469	94.6296	745.4512	94.7917	
30/08/2017	04:41:49	011995	H421146368HLR	L421	S		718.2217	1.0400	0.0000	99.9280	39.6074	0.8230	1.1639	5.0000	19.3290	815.1021	94.9769	24.1891	24.5000	0.9300	0.9250	0.7488	-0.0010	815.0000	815.8892	1.0272	-2.7180	99.9787	40.5498	0.8230	0.8277	5.0000	-9999.0000	-9999.0000	-9999.0000	-9999.0000	-9999.0000	-9999.0000	17.6783	4	0	36.1378	1.0000	01	4	-9999.0000	34892	61854	-9999	-9999	872	1994	591.3429	5	0.7239	0.7488	-0.0010	41.5994	2.2802	719.2592	506.4730	47.8241	710.5220	94.6991	723.6045	94.5602	729.3276	94.6759	735.6135	94.7685	
30/08/2017	04:42:28	011995	H421144264HLR	L421	S		713.4368	1.0400	0.0000	99.9066	39.7039	0.8230	1.1637	5.0000	19.3289	815.0262	95.0231	27.5483	24.5000	0.9300	0.9249	0.7488	-0.0010	815.0000	816.9597	1.0272	-2.7495	99.8386	40.5903	0.8230	0.8279	5.0000	-9999.0000	-9999.0000	-9999.0000	-9999.0000	-9999.0000	-9999.0000	17.2465	5	0	39.2479	1.0000	01	4	-9999.0000	34892	61855	-9999	-9999	873	1996	588.9498	5	0.7239	0.7488	-0.0010	41.5994	2.2802	706.7367	501.4455	45.3704	696.7501	94.7917	712.3561	94.6065	719.3205	94.6759	725.3181	94.7222	
30/08/2017	04:43:31	011995	H421146371HLR	L421	S		717.0913	1.0400	0.0000	99.9378	39.5773	0.8230	1.1632	5.0000	19.5087	815.0662	94.7222	26.5591	24.6000	0.9300	0.9252	0.7486	-0.0009	815.0000	816.2659	1.0272	-2.7291	99.8245	40.4840	0.8230	0.8246	5.0000	-9999.0000	-9999.0000	-9999.0000	-9999.0000	-9999.0000	-9999.0000	19.9691	7	0	37.7880	1.0000	01	4	-9999.0000	34893	61856	-9999	-9999	874	1998	589.7286	5	0.7237	0.7486	-0.0009	48.0519	2.0373	712.4539	502.9797	46.7361	702.8799	94.6065	718.5629	94.5833	725.1401	94.6991	730.1030	94.7685	
30/08/2017	04:44:11	011995	H421146373HLR	L421	S		715.8955	1.0400	0.0000	99.9076	39.6255	0.8230	1.1638	5.0000	19.3583	815.1503	94.8611	25.1588	24.5000	0.9300	0.9249	0.7494	-0.0010	815.0000	815.9275	1.0272	-2.7192	99.7035	40.5509	0.8230	0.8264	5.0000	-9999.0000	-9999.0000	-9999.0000	-9999.0000	-9999.0000	-9999.0000	17.4187	8	0	39.6678	1.0000	01	4	-9999.0000	34894	61857	-9999	-9999	875	2000	590.9022	5	0.7235	0.7494	-0.0010	46.3805	2.1031	712.4555	510.4710	47.4537	702.9513	94.5602	717.3413	94.5602	724.1698	94.6759	729.7441	94.8380	
