Data	Timp	Nr. masina	Nr. de serie	Tip	Productie	Comentariu	Pre-masurare Q [ml/min]	Pre-masurare Gain	Pre-masurare Offset Master	Pre-masurare P [bar]	Pre-masurare T [°C]	Pre-masurare Densitate fixa [kg/l]	Pre-masurare densitate masurata [kg/l]	Pre-masurare Timp masurare [s]	Pre-masurare Cycle time [s]	rectificare Q Oprire [ml/min]	rectificare P Oprire [bar]	rectificare Timp rectificare [s]	rectificare T [°C]	rectificare Densitate fixa [kg/l]	rectificare densitate masurata [kg/l]	rectificare Factor de masurare la rectificare	rectificare Factor de corectie a debitului	rectificare Target rectificare	Masurare Q [ml/min]	Masurare Gain	Masurare Offset Master	Masurare P [bar]	Masurare T [°C]	Masurare Densitate fixa [kg/l]	Masurare densitate masurata [kg/l]	Masurare Timp masurare [s]	Masurare Q [ml/min]	Masurare Delta Q [ml/min]	Masurare P [bar]	Masurare BP [bar]	Masurare T [°C]	Masurare Timp masurare [s]	Masurare Cycle time [s]	Nest Nr.	Cod de descarcare	Cycle time [s]	Traceability aktiv	EDM Maschine Nr	EDM Spindle Nr	Honing Rate [r	Station Counter Premeasure	Station Counter Grind	Station Counter Blowout 1	Station Counter Wash	Station Counter Measure	Station Counter Blowout 2	RealGrindQStop	Reg Type	Factor 0	Factor 1	Factor 2	Factor 3	Factor 4	G_StartQV	G_StartQV_1	G_StartQV_2	G_StartQV_3	G_StartQV_4	G_StartQV_5	
27/08/2017	00:00:24	011995	G523120316HLR	L523	S		446.9794	1.0400	0.0000	99.7206	40.0787	0.8230	1.1603	5.0000	26.0483	508.0464	94.8380	24.0094	25.5000	0.9300	0.9241	0.6616	0.0000	508.0000	508.8212	1.0272	8.9021	99.7676	40.6958	0.8230	0.8244	5.0000	-9999.0000	-9999.0000	-9999.0000	-9999.0000	-9999.0000	-9999.0000	17.0418	3	0	36.6980	1.0000	12	2	-9999.0000	29865	57075	-9999	-9999	454	918	336.2635	5	0.6618	0.6616	0.0000	31.8857	1.4139	474.0456	504.7213	47.2454	484.8082	95.4398	473.9190	94.9769	475.4670	94.5602	477.5798	94.6991	
27/08/2017	00:00:57	011995	G523120286HLR	L523	S		447.8883	1.0400	0.0000	99.6985	40.0494	0.8230	1.1602	5.0000	27.2487	508.0343	94.9074	19.8886	25.4000	0.9300	0.9241	0.6760	-0.0006	508.0000	507.6837	1.0272	8.9255	99.7613	40.6989	0.8230	0.8244	5.0000	-9999.0000	-9999.0000	-9999.0000	-9999.0000	-9999.0000	-9999.0000	17.1881	4	0	33.0686	1.0000	12	2	-9999.0000	29865	57076	-9999	-9999	455	920	336.2541	5	0.6615	0.6760	-0.0006	46.0440	0.7902	474.5227	492.8013	46.6435	482.8362	95.4398	474.1572	95.0000	477.6651	94.5833	479.1359	94.6759	
27/08/2017	00:01:31	011995	G523120287HLR	L523	S		444.0045	1.0400	0.0000	99.6492	40.0637	0.8230	1.1606	5.0000	23.7282	508.0524	94.9537	22.1883	25.4000	0.9300	0.9241	0.6776	-0.0007	508.0000	508.0192	1.0272	8.9186	99.7267	40.6855	0.8230	0.8248	5.0000	-9999.0000	-9999.0000	-9999.0000	-9999.0000	-9999.0000	-9999.0000	17.2978	5	0	33.6280	1.0000	12	2	-9999.0000	29866	57077	-9999	-9999	456	922	336.4833	5	0.6617	0.6776	-0.0007	40.7741	0.9979	461.2542	502.8034	47.1296	468.9686	95.4167	460.7822	94.9769	464.6122	94.5833	467.6669	94.6991	
27/08/2017	00:02:06	011995	G523120325HLR	L523	S		443.6422	1.0400	0.0000	99.6474	40.0417	0.8230	1.1604	5.0000	25.4777	508.0546	94.9537	21.7195	25.4000	0.9300	0.9241	0.6826	-0.0009	508.0000	508.1445	1.0272	8.9160	99.7191	40.6862	0.8230	0.8247	5.0000	-9999.0000	-9999.0000	-9999.0000	-9999.0000	-9999.0000	-9999.0000	17.0838	6	0	34.9678	1.0000	12	2	-9999.0000	29867	57078	-9999	-9999	457	923	336.8181	5	0.6616	0.6826	-0.0009	38.9700	1.0552	460.2265	509.5139	49.0046	467.2862	95.4630	459.7307	95.0463	463.1239	94.5833	466.3918	94.6528	
27/08/2017	00:02:36	011995	G523120304HLR	L523	S		447.6421	1.0400	0.0000	99.6466	40.0414	0.8230	1.1605	5.0000	24.5796	508.0201	94.6296	25.3287	25.5000	0.9300	0.9241	0.6837	-0.0009	508.0000	509.5723	1.0272	8.8867	99.7615	40.6866	0.8230	0.8247	5.0000	-9999.0000	-9999.0000	-9999.0000	-9999.0000	-9999.0000	-9999.0000	17.0384	7	0	30.5987	1.0000	12	2	-9999.0000	29868	57079	-9999	-9999	458	925	335.2465	5	0.6615	0.6837	-0.0009	38.5314	1.0736	460.1907	498.5386	48.4954	469.3468	95.4630	459.7590	95.0231	461.3594	94.6296	463.6082	94.6528	
27/08/2017	00:03:09	011995	G523120313HLR	L523	S		442.8446	1.0400	0.0000	99.7698	40.0231	0.8230	1.1603	5.0000	26.4796	508.0432	94.9537	22.0994	25.5000	0.9300	0.9241	0.6796	-0.0008	508.0000	507.8412	1.0272	8.9223	99.7176	40.6902	0.8230	0.8249	5.0000	-9999.0000	-9999.0000	-9999.0000	-9999.0000	-9999.0000	-9999.0000	17.2086	8	0	32.4378	1.0000	12	2	-9999.0000	29868	57080	-9999	-9999	459	927	336.7579	5	0.6616	0.6796	-0.0008	39.9297	1.0180	460.1052	439.4364	48.5648	466.3199	95.4861	459.2672	95.1157	462.2337	94.6065	465.1541	94.6065	
27/08/2017	00:03:41	011995	G523120312HLR	L523	S		446.5576	1.0400	0.0000	99.6617	40.0401	0.8230	1.1605	5.0000	24.4852	508.0214	94.9074	22.6081	25.5000	0.9300	0.9241	0.6792	-0.0008	508.0000	509.2060	1.0272	8.8942	99.7718	40.6989	0.8230	0.8245	5.0000	-9999.0000	-9999.0000	-9999.0000	-9999.0000	-9999.0000	-9999.0000	18.1407	1	0	32.0587	1.0000	12	2	-9999.0000	29869	57081	-9999	-9999	460	929	336.4684	5	0.6617	0.6792	-0.0008	42.5022	0.9071	460.7030	479.5545	48.9583	470.9017	95.4630	460.0767	95.0926	463.6758	94.6065	465.9031	94.6296	
27/08/2017	00:04:15	011995	G523120322HLR	L523	S		444.2195	1.0400	0.0000	99.8034	40.0106	0.8230	1.1603	5.0000	27.6182	508.0194	94.8611	23.9391	25.5000	0.9300	0.9241	0.6875	-0.0011	508.0000	508.1364	1.0272	8.9162	99.8077	40.7000	0.8230	0.8245	5.0000	-9999.0000	-9999.0000	-9999.0000	-9999.0000	-9999.0000	-9999.0000	17.0190	2	0	31.8273	1.0000	12	2	-9999.0000	29870	57082	-9999	-9999	460	930	335.9419	5	0.6615	0.6875	-0.0011	53.6038	0.3969	460.5595	489.7378	47.4537	468.6953	95.4630	460.1177	95.0463	463.9875	94.6065	467.0287	94.6759	
27/08/2017	00:04:47	011995	G523120324HLR	L523	S		446.5267	1.0400	0.0000	99.6862	40.0133	0.8230	1.1604	5.0000	26.0787	508.0527	94.8611	19.7089	25.5000	0.9300	0.9241	0.6890	-0.0012	508.0000	509.9674	1.0272	8.8785	99.7960	40.7000	0.8230	0.8244	5.0000	-9999.0000	-9999.0000	-9999.0000	-9999.0000	-9999.0000	-9999.0000	17.0317	3	0	32.0891	1.0000	12	2	-9999.0000	29871	57083	-9999	-9999	461	932	338.0806	5	0.6616	0.6890	-0.0012	56.2447	0.2852	462.0740	476.2897	46.0880	467.4806	95.4398	461.9146	95.0463	464.3867	94.6065	467.5098	94.6759	
27/08/2017	00:05:20	011995	G523120295HLR	L523	S		442.8602	1.0400	0.0000	99.6280	40.0303	0.8230	1.1607	5.0000	24.2486	508.0228	94.9769	21.3992	25.6000	0.9300	0.9242	0.6891	-0.0012	508.0000	507.4593	1.0272	8.9301	99.7169	40.7167	0.8230	0.8244	5.0000	-9999.0000	-9999.0000	-9999.0000	-9999.0000	-9999.0000	-9999.0000	17.1448	4	0	33.0084	1.0000	12	2	-9999.0000	29872	57084	-9999	-9999	462	934	337.1174	5	0.6614	0.6891	-0.0012	56.3295	0.2817	454.7570	481.5385	47.5926	462.9363	95.4167	454.0779	95.0231	459.0150	94.5833	462.6203	94.6759	
27/08/2017	00:05:45	011995	G523120282HLR	L523	S		428.2782	1.0400	0.0000	99.7442	40.0175	0.8230	1.1605	5.0000	25.6684	508.0556	94.9306	21.0789	25.5000	0.9300	0.9241	0.6862	-0.0011	508.0000	508.6316	1.0272	8.9060	100.0813	40.7268	0.8230	0.8245	5.0000	-9999.0000	-9999.0000	-9999.0000	-9999.0000	-9999.0000	-9999.0000	17.3191	5	0	24.9981	1.0000	12	2	-9999.0000	29872	57084	-9999	-9999	463	936	337.2560	5	0.6612	0.6862	-0.0011	56.6468	0.2765	457.5363	483.5098	48.2176	460.2894	95.4630	457.0307	95.0694	460.9254	94.6065	464.3731	94.6528	
27/08/2017	00:06:10	011995	G523120292HLR	L523	S		445.5505	1.0400	0.0000	99.7854	40.0270	0.8230	1.1605	5.0000	25.5786	508.0496	94.8843	20.8788	25.4000	0.9300	0.9241	0.6741	-0.0005	508.0000	508.8956	1.0272	8.9006	99.8050	40.7171	0.8230	0.8244	5.0000	-9999.0000	-9999.0000	-9999.0000	-9999.0000	-9999.0000	-9999.0000	17.0385	6	0	25.0483	1.0000	12	2	-9999.0000	29873	57085	-9999	-9999	464	938	337.2374	5	0.6617	0.6741	-0.0005	64.6370	-0.0729	460.2173	468.0114	44.4907	466.1702	95.4167	459.7201	95.0231	463.1401	94.5602	466.8382	94.6759	
27/08/2017	00:06:30	011995	G523120302HLR	L523	S		446.7625	1.0400	0.0000	99.6762	40.0294	0.8230	1.1604	5.0000	26.2446	508.0339	94.9074	21.1590	25.4000	0.9300	0.9241	0.6786	-0.0008	508.0000	508.5970	1.0272	8.9067	99.7687	40.7752	0.8230	0.8252	5.0000	-9999.0000	-9999.0000	-9999.0000	-9999.0000	-9999.0000	-9999.0000	17.2390	7	0	20.8192	1.0000	12	2	-9999.0000	29874	57086	-9999	-9999	465	940	336.6103	5	0.6619	0.6786	-0.0008	71.2511	-0.3436	468.3589	504.2242	47.9630	478.6297	95.4398	467.9835	95.0694	470.9632	94.6065	474.0754	94.6528	
27/08/2017	00:06:46	011995	G523120305HLR	L523	S		444.5537	1.0400	0.0000	99.7027	40.0333	0.8230	1.1605	5.0000	25.4785	508.0783	94.9769	22.0896	25.4000	0.9300	0.9241	0.6794	-0.0008	508.0000	508.7080	1.0272	8.9044	99.7649	40.7781	0.8230	0.8257	5.0000	-9999.0000	-9999.0000	-9999.0000	-9999.0000	-9999.0000	-9999.0000	17.2252	8	0	15.4883	1.0000	12	2	-9999.0000	29875	57087	-9999	-9999	465	942	336.4332	5	0.6621	0.6794	-0.0008	66.8192	-0.1423	460.9113	510.7827	49.4444	468.4911	95.5324	460.3068	95.0926	463.5294	94.6065	466.3509	94.6759	
27/08/2017	00:16:19	011995	G523121488HLR	L523	S		508.7178	1.0400	0.0000	99.9054	39.6730	0.8230	1.1603	5.0000	28.6684	0.0000	0.0000	0.0000	0.0000	0.9300	0.0000	0.0000	0.0000	0.0000	513.1603	1.0272	8.8128	99.9036	40.6189	0.8230	0.8260	5.0000	-9999.0000	-9999.0000	-9999.0000	-9999.0000	-9999.0000	-9999.0000	17.0582	2	8	28.8490	1.0000	11	4	-9999.0000	29876	0	-9999	-9999	466	953	0.0000	0	0.0000	0.0000	0.0000	0.0000	0.0000	0.0000	0.0000	0.0000	0.0000	0.0000	0.0000	0.0000	0.0000	0.0000	0.0000	0.0000	
27/08/2017	00:16:49	011995	G523121509HLR	L523	S		449.4027	1.0400	0.0000	100.0763	39.7333	0.8230	1.1609	5.0000	28.9823	508.0420	94.8843	18.8086	25.9000	0.9300	0.9248	0.6810	-0.0009	508.0000	508.7560	1.0272	8.9034	100.1257	40.6170	0.8230	0.8252	5.0000	-9999.0000	-9999.0000	-9999.0000	-9999.0000	-9999.0000	-9999.0000	17.1365	3	0	29.2278	1.0000	11	4	-9999.0000	29877	57088	-9999	-9999	467	955	337.7075	5	0.6619	0.6810	-0.0009	66.8041	-0.1512	466.6294	400.3196	45.3704	471.4826	94.6991	465.7954	94.4676	470.3065	94.6065	474.6201	94.8611	
27/08/2017	00:17:18	011995	G523121527HLR	L523	S		448.2133	1.0400	0.0000	99.6994	39.8269	0.8230	1.1611	5.0000	26.0082	508.0825	94.9074	18.9189	25.6000	0.9300	0.9242	0.6810	-0.0009	508.0000	508.6924	1.0272	8.9048	99.7615	40.6333	0.8230	0.8247	5.0000	-9999.0000	-9999.0000	-9999.0000	-9999.0000	-9999.0000	-9999.0000	17.1091	4	0	29.4691	1.0000	11	4	-9999.0000	29878	57089	-9999	-9999	468	957	337.6902	5	0.6619	0.6810	-0.0009	66.8041	-0.1512	466.1438	461.1498	44.8380	472.4663	94.9537	465.8712	94.5139	469.3083	94.6759	473.3631	94.8380	
27/08/2017	00:17:50	011995	G523121487HLR	L523	S		451.3228	1.0400	0.0000	99.8060	39.8273	0.8230	1.1606	5.0000	28.3080	508.0958	94.9074	17.2989	25.4000	0.9300	0.9241	0.6810	-0.0009	508.0000	510.5674	1.0272	8.8662	99.7216	40.6500	0.8230	0.8248	5.0000	-9999.0000	-9999.0000	-9999.0000	-9999.0000	-9999.0000	-9999.0000	17.1879	5	0	32.1378	1.0000	11	4	-9999.0000	29879	57090	-9999	-9999	469	959	338.4591	5	0.6619	0.6810	-0.0009	66.8041	-0.1512	469.7937	494.5945	48.2870	477.1887	95.2315	469.4155	94.7917	472.9393	94.5370	476.7090	94.7685	
27/08/2017	00:18:17	011995	G523121500HLR	L523	S		449.6012	1.0400	0.0000	99.6161	39.8347	0.8230	1.1608	5.0000	25.1187	508.0336	94.9769	17.9395	25.4000	0.9300	0.9242	0.6739	-0.0005	508.0000	509.1885	1.0272	8.8945	99.9149	40.6743	0.8230	0.8251	5.0000	-9999.0000	-9999.0000	-9999.0000	-9999.0000	-9999.0000	-9999.0000	16.9782	6	0	26.8881	1.0000	11	4	-9999.0000	29880	57091	-9999	-9999	470	961	338.0981	5	0.6625	0.6739	-0.0005	49.1647	0.6541	468.0362	496.6801	46.2963	473.9802	95.3241	467.6582	94.8380	471.0163	94.5602	474.6927	94.7685	
27/08/2017	00:18:47	011995	G523121497HLR	L523	S		448.3576	1.0400	0.0000	99.6458	39.8543	0.8230	1.1610	5.0000	23.5264	508.0510	94.9074	18.2988	25.4000	0.9300	0.9242	0.6750	-0.0006	508.0000	508.3728	1.0272	8.9113	100.0315	40.6667	0.8230	0.8249	5.0000	-9999.0000	-9999.0000	-9999.0000	-9999.0000	-9999.0000	-9999.0000	17.3097	7	0	29.9886	1.0000	11	4	-9999.0000	29881	57092	-9999	-9999	471	963	337.4231	5	0.6626	0.6750	-0.0006	47.6852	0.7094	470.8815	508.5122	46.9676	481.6159	95.4167	470.2726	95.0231	474.5944	94.6065	477.6721	94.6991	
27/08/2017	00:19:15	011995	G523121498HLR	L523	S		449.0898	1.0400	0.0000	99.5976	39.8587	0.8230	1.1609	5.0000	23.7692	508.0282	94.8843	18.5185	25.4000	0.9300	0.9242	0.6707	-0.0004	508.0000	510.2746	1.0272	8.8722	99.8779	40.7000	0.8230	0.8254	5.0000	-9999.0000	-9999.0000	-9999.0000	-9999.0000	-9999.0000	-9999.0000	17.0984	8	0	27.6985	1.0000	11	4	-9999.0000	29881	57093	-9999	-9999	472	965	337.3449	5	0.6628	0.6707	-0.0004	44.6295	0.8608	470.6987	500.8471	46.8750	479.0552	95.5787	470.0189	95.1389	474.0507	94.6065	477.5869	94.6528	
27/08/2017	00:19:42	011995	G523121489HLR	L523	S		446.4358	1.0400	0.0000	99.6239	39.8630	0.8230	1.1609	5.0000	24.0079	508.0356	94.9769	21.2185	25.4000	0.9300	0.9243	0.6720	-0.0005	508.0000	509.5743	1.0272	8.8866	100.0075	40.7000	0.8230	0.8255	5.0000	-9999.0000	-9999.0000	-9999.0000	-9999.0000	-9999.0000	-9999.0000	17.1571	1	0	27.0491	1.0000	11	4	-9999.0000	29882	57094	-9999	-9999	473	967	336.5877	5	0.6631	0.6720	-0.0005	38.9036	1.1547	469.1189	500.8516	47.7778	481.0445	95.5787	468.5385	95.1157	472.8489	94.6296	475.4624	94.6759	
27/08/2017	00:20:10	011995	G523121502HLR	L523	Q		453.2569	1.0400	0.0000	99.6359	39.8654	0.8230	1.1607	5.0000	25.2583	508.0360	94.8843	14.7092	25.4000	0.9300	0.9241	0.6720	-0.0005	508.0000	509.8969	1.0272	8.8800	99.7484	40.7027	0.8230	0.8256	5.0000	-9999.0000	-9999.0000	-9999.0000	-9999.0000	-9999.0000	-9999.0000	17.1783	2	0	28.6182	1.0000	11	4	-9999.0000	29883	57095	-9999	-9999	474	969	338.0477	5	0.6631	0.6720	-0.0005	38.9036	1.1547	478.7668	496.6354	45.4398	486.8350	95.6481	478.4083	95.2083	481.6010	94.6065	484.8754	94.6296	
27/08/2017	00:20:40	011995	G523121534HLR	L523	Q		450.8107	1.0400	0.0000	99.5497	39.8912	0.8230	1.1609	5.0000	23.4093	508.0607	94.9074	17.5488	25.4000	0.9300	0.9243	0.6716	-0.0004	508.0000	509.4246	1.0272	8.8897	99.7859	40.7109	0.8230	0.8259	5.0000	-9999.0000	-9999.0000	-9999.0000	-9999.0000	-9999.0000	-9999.0000	17.0579	3	0	29.2883	1.0000	11	4	-9999.0000	29884	57096	-9999	-9999	475	971	337.4477	5	0.6628	0.6716	-0.0004	38.9446	1.1460	473.7434	447.3951	44.3056	483.4622	95.3472	473.0518	94.8843	476.5941	94.6065	479.5674	94.7454	
27/08/2017	00:21:12	011995	G523121501HLR	L523	S		449.4423	1.0400	0.0000	99.8231	39.8667	0.8230	1.1606	5.0000	26.9682	508.0682	94.9074	15.2199	25.3000	0.9300	0.9243	0.6716	-0.0004	508.0000	509.0516	1.0272	8.8974	99.7599	40.7128	0.8230	0.8259	5.0000	-9999.0000	-9999.0000	-9999.0000	-9999.0000	-9999.0000	-9999.0000	17.2573	4	0	31.7319	1.0000	11	4	-9999.0000	29885	57097	-9999	-9999	476	973	337.8937	5	0.6628	0.6716	-0.0004	41.6591	1.0033	477.4800	506.9549	48.1713	482.7431	95.4398	476.6447	95.0000	480.5610	94.6296	483.3207	94.7222	
27/08/2017	00:21:39	011995	G523119607HLR	L523	S		454.3492	1.0400	0.0000	99.7111	39.9000	0.8230	1.1608	5.0000	24.6664	508.0249	94.8843	14.9592	25.4000	0.9300	0.9242	0.6733	-0.0005	508.0000	509.7871	1.0272	8.8822	100.0213	40.7180	0.8230	0.8260	5.0000	-9999.0000	-9999.0000	-9999.0000	-9999.0000	-9999.0000	-9999.0000	17.5989	5	0	27.9047	1.0000	11	4	-9999.0000	29886	57097	-9999	-9999	477	975	337.9656	5	0.6626	0.6733	-0.0005	40.6598	1.0638	480.1661	511.0959	48.8426	488.3467	95.3241	478.8550	94.8380	481.6245	94.6065	484.3450	94.7222	
27/08/2017	00:22:10	011995	G523119642HLR	L523	S		448.1594	1.0400	0.0000	99.6907	39.9039	0.8230	1.1609	5.0000	24.0972	508.0172	94.9074	17.6992	25.4000	0.9300	0.9243	0.6686	-0.0003	508.0000	508.6599	1.0272	8.9054	99.8580	40.7125	0.8230	0.8258	5.0000	-9999.0000	-9999.0000	-9999.0000	-9999.0000	-9999.0000	-9999.0000	17.2721	6	0	30.8836	1.0000	11	4	-9999.0000	29887	57098	-9999	-9999	478	977	336.8535	5	0.6627	0.6686	-0.0003	41.2214	1.0306	473.7842	495.2978	47.0139	481.9087	95.4398	473.3507	94.9306	476.9493	94.6296	480.9080	94.6991	
27/08/2017	00:22:39	011995	G523121447HLR	L523	S		409.9179	1.0400	0.0000	99.5670	39.9000	0.8230	1.1611	5.0000	25.3579	0.0000	0.0000	0.0000	0.0000	0.9300	0.0000	0.0000	0.0000	0.0000	451.4526	1.0272	7.9226	99.6629	40.7194	0.8230	0.8257	5.0000	-9999.0000	-9999.0000	-9999.0000	-9999.0000	-9999.0000	-9999.0000	17.2681	7	7	28.4034	1.0000	11	4	-9999.0000	29888	0	-9999	-9999	479	979	0.0000	0	0.0000	0.0000	0.0000	0.0000	0.0000	0.0000	0.0000	0.0000	0.0000	0.0000	0.0000	0.0000	0.0000	0.0000	0.0000	0.0000	
27/08/2017	00:23:08	011995	G523121448HLR	L523	S		442.9905	1.0400	0.0000	99.7577	39.9000	0.8230	1.1607	5.0000	26.2507	508.0729	94.8380	20.7186	25.6000	0.9300	0.9247	0.6675	-0.0003	508.0000	508.5129	1.0272	8.9084	100.0667	40.7262	0.8230	0.8255	5.0000	-9999.0000	-9999.0000	-9999.0000	-9999.0000	-9999.0000	-9999.0000	17.2288	8	0	29.6582	1.0000	11	4	-9999.0000	29889	57099	-9999	-9999	480	981	336.4747	5	0.6628	0.6675	-0.0003	39.5662	1.1176	470.3062	493.4100	45.7176	478.1907	95.5324	469.8357	95.1389	472.9109	94.7685	475.8662	94.6759	
27/08/2017	00:23:35	011995	G523121531HLR	L523	S		449.2665	1.0400	0.0000	99.6568	39.9221	0.8230	1.1608	5.0000	25.0741	508.0242	94.9074	16.9395	25.4000	0.9300	0.9242	0.6688	-0.0004	508.0000	508.6665	1.0272	8.9053	99.8894	40.7322	0.8230	0.8256	5.0000	-9999.0000	-9999.0000	-9999.0000	-9999.0000	-9999.0000	-9999.0000	17.3285	1	0	26.7184	1.0000	11	4	-9999.0000	29890	57100	-9999	-9999	481	983	336.8906	5	0.6627	0.6688	-0.0004	40.4589	1.0804	476.8079	509.4413	48.6111	486.5548	95.6481	476.0851	95.2083	480.0364	94.6528	482.2843	94.6296	
27/08/2017	00:24:06	011995	G523119805HLR	L523	S		455.6289	1.0400	0.0000	99.6514	39.9368	0.8230	1.1608	5.0000	24.0947	508.0540	94.8843	12.6497	25.3000	0.9300	0.9242	0.6688	-0.0004	508.0000	507.3280	1.0272	8.9328	99.6932	40.7305	0.8230	0.8256	5.0000	-9999.0000	-9999.0000	-9999.0000	-9999.0000	-9999.0000	-9999.0000	17.0051	2	0	31.2188	1.0000	11	4	-9999.0000	29890	57101	-9999	-9999	482	985	337.5225	5	0.6627	0.6688	-0.0004	40.4589	1.0804	483.3910	494.6191	49.1204	490.7938	95.3704	483.1311	94.9537	486.7308	94.5833	489.2941	94.7222	
27/08/2017	00:24:35	011995	G523119846HLR	L523	S		457.0373	1.0400	0.0000	99.9009	39.9218	0.8230	1.1605	5.0000	27.8887	508.0382	94.8611	12.5286	25.4000	0.9300	0.9244	0.6688	-0.0004	508.0000	508.9731	1.0272	8.8990	100.0690	40.7369	0.8230	0.8259	5.0000	-9999.0000	-9999.0000	-9999.0000	-9999.0000	-9999.0000	-9999.0000	17.2883	3	0	29.0677	1.0000	11	4	-9999.0000	29890	57102	-9999	-9999	482	987	337.5331	5	0.6627	0.6688	-0.0004	40.4589	1.0804	483.5539	488.1373	47.2454	490.1896	95.2083	482.7789	94.7454	487.0496	94.6065	490.3629	94.7454	
27/08/2017	00:25:05	011995	G523119613HLR	L523	S		454.4996	1.0400	0.0000	99.6683	39.9333	0.8230	1.1607	5.0000	25.3491	508.0718	94.9074	13.9387	25.4000	0.9300	0.9244	0.6684	-0.0003	508.0000	508.6777	1.0272	8.9051	99.9903	40.7414	0.8230	0.8258	5.0000	-9999.0000	-9999.0000	-9999.0000	-9999.0000	-9999.0000	-9999.0000	17.2733	4	0	29.8096	1.0000	11	4	-9999.0000	29891	57103	-9999	-9999	483	989	337.2885	5	0.6625	0.6684	-0.0003	39.1644	1.1715	481.9243	462.4583	47.0833	487.1016	95.1620	481.4176	94.6991	484.5895	94.6065	489.0971	94.7454	
27/08/2017	00:25:34	011995	G523119612HLR	L523	S		452.4816	1.0400	0.0000	99.7125	39.9333	0.8230	1.1606	5.0000	26.6187	508.0659	94.8843	14.6691	25.4000	0.9300	0.9244	0.6684	-0.0003	508.0000	507.0960	1.0272	8.9376	99.7334	40.7388	0.8230	0.8258	5.0000	-9999.0000	-9999.0000	-9999.0000	-9999.0000	-9999.0000	-9999.0000	17.0982	5	0	28.4177	1.0000	11	4	-9999.0000	29891	57104	-9999	-9999	484	991	337.0478	5	0.6624	0.6684	-0.0003	39.4862	1.1644	479.9667	500.6091	47.7315	486.9972	95.3241	479.5247	94.8611	482.2982	94.6296	486.2300	94.6991	
27/08/2017	00:26:03	011995	G523119624HLR	L523	S		452.1468	1.0400	0.0000	99.6380	39.9579	0.8230	1.1609	5.0000	23.7797	508.0215	94.8843	14.1193	25.4000	0.9300	0.9243	0.6703	-0.0005	508.0000	506.7602	1.0272	8.9445	100.0936	40.7379	0.8230	0.8257	5.0000	-9999.0000	-9999.0000	-9999.0000	-9999.0000	-9999.0000	-9999.0000	17.2193	6	0	29.5581	1.0000	11	4	-9999.0000	29892	57105	-9999	-9999	485	992	337.2596	5	0.6625	0.6703	-0.0005	35.8141	1.3708	480.0710	493.2595	47.6389	486.3748	95.4630	479.9945	94.9537	483.4249	94.6296	485.8917	94.6991	
27/08/2017	00:26:31	011995	G523119868HLR	L523	S		450.7650	1.0400	0.0000	99.9218	39.9333	0.8230	1.1604	5.0000	28.2679	508.0536	94.8611	14.7892	25.5000	0.9300	0.9245	0.6682	-0.0003	508.0000	507.6011	1.0272	8.9272	100.0571	40.7444	0.8230	0.8257	5.0000	-9999.0000	-9999.0000	-9999.0000	-9999.0000	-9999.0000	-9999.0000	17.2232	7	0	28.1282	1.0000	11	4	-9999.0000	29893	57106	-9999	-9999	486	993	336.9858	5	0.6627	0.6682	-0.0003	34.5094	1.4422	478.6603	451.2898	44.3519	486.0449	95.4398	478.1174	95.0231	481.1297	94.6991	484.6102	94.6991	
27/08/2017	00:27:00	011995	G523119890HLR	L523	S		460.8347	1.0400	0.0000	99.7561	39.9551	0.8230	1.1606	5.0000	26.0853	508.0566	94.9306	8.6792	25.4000	0.9300	0.9242	0.6658	-0.0002	508.0000	506.0771	1.0272	8.9586	100.0640	40.7442	0.8230	0.8257	5.0000	-9999.0000	-9999.0000	-9999.0000	-9999.0000	-9999.0000	-9999.0000	17.2184	8	0	29.2191	1.0000	11	4	-9999.0000	29894	57107	-9999	-9999	487	995	337.4381	5	0.6630	0.6658	-0.0002	30.6006	1.6891	492.8823	461.2777	44.1435	497.0888	95.4167	492.5482	94.8380	495.3532	94.6065	499.1771	94.7917	
27/08/2017	00:27:29	011995	G523119881HLR	L523	S		457.1270	1.0400	0.0000	99.8360	39.9532	0.8230	1.1605	5.0000	26.8181	508.0249	94.8380	12.5989	25.6000	0.9300	0.9245	0.6683	-0.0003	508.0000	507.7534	1.0272	8.9241	99.8257	40.7457	0.8230	0.8257	5.0000	-9999.0000	-9999.0000	-9999.0000	-9999.0000	-9999.0000	-9999.0000	17.2681	1	0	28.5483	1.0000	11	4	-9999.0000	29895	57108	-9999	-9999	488	997	337.4287	5	0.6632	0.6683	-0.0003	30.2853	1.6994	484.2918	452.4185	44.3287	495.2738	95.2546	483.9784	94.8611	488.2720	94.6528	491.1718	94.6759	
27/08/2017	00:27:58	011995	G523119888HLR	L523	S		460.4829	1.0400	0.0000	99.7830	39.9667	0.8230	1.1610	5.0000	25.4186	508.0389	94.9537	9.3589	25.5000	0.9300	0.9243	0.6692	-0.0004	508.0000	506.8492	1.0272	8.9427	99.7815	40.7486	0.8230	0.8258	5.0000	-9999.0000	-9999.0000	-9999.0000	-9999.0000	-9999.0000	-9999.0000	17.0380	2	0	29.2178	1.0000	11	4	-9999.0000	29896	57109	-9999	-9999	489	998	338.2348	5	0.6635	0.6692	-0.0004	30.4347	1.6956	489.9866	459.1312	47.3843	494.6846	95.2546	489.2470	94.8148	492.8085	94.6296	495.7844	94.7222	
27/08/2017	00:28:28	011995	G523119867HLR	L523	S		460.8301	1.0400	0.0000	99.8200	39.9667	0.8230	1.1605	5.0000	26.4974	508.0187	94.9769	9.9887	25.5000	0.9300	0.9244	0.6692	-0.0004	508.0000	507.3778	1.0272	8.9318	99.8608	40.7523	0.8230	0.8258	5.0000	-9999.0000	-9999.0000	-9999.0000	-9999.0000	-9999.0000	-9999.0000	17.3187	3	0	29.7584	1.0000	11	4	-9999.0000	29897	57110	-9999	-9999	490	999	338.0885	5	0.6635	0.6692	-0.0004	30.4351	1.6956	487.2354	467.8032	44.6528	494.8754	95.1389	486.4991	94.6759	490.8579	94.6296	495.8130	94.6991	
27/08/2017	00:28:56	011995	G523119857HLR	L523	S		459.2154	1.0400	0.0000	99.6767	39.9805	0.8230	1.1606	5.0000	25.1778	508.0423	94.9306	10.4994	25.5000	0.9300	0.9244	0.6703	-0.0004	508.0000	507.0104	1.0272	8.9394	99.9127	40.7545	0.8230	0.8260	5.0000	-9999.0000	-9999.0000	-9999.0000	-9999.0000	-9999.0000	-9999.0000	17.1220	4	0	27.7095	1.0000	11	4	-9999.0000	29898	57111	-9999	-9999	491	1001	338.2552	5	0.6638	0.6703	-0.0004	30.5917	1.6900	487.6032	443.5255	44.5833	493.5584	95.1389	487.2131	94.6991	490.7670	94.6528	494.0050	94.6991	
27/08/2017	00:29:23	011995	G523119858HLR	L523	S		461.1598	1.0400	0.0000	99.7878	39.9815	0.8230	1.1606	5.0000	26.2379	508.0498	94.9306	8.3794	25.5000	0.9300	0.9244	0.6700	-0.0004	508.0000	507.2396	1.0272	8.9346	99.8559	40.7571	0.8230	0.8260	5.0000	-9999.0000	-9999.0000	-9999.0000	-9999.0000	-9999.0000	-9999.0000	17.0618	5	0	27.1478	1.0000	11	4	-9999.0000	29899	57112	-9999	-9999	492	1003	338.6845	5	0.6641	0.6700	-0.0004	30.5755	1.6898	491.4808	437.7901	48.0324	498.0400	95.0694	491.0052	94.6759	495.1917	94.6528	498.2201	94.7454	
27/08/2017	00:29:52	011995	G523119861HLR	L523	S		458.1499	1.0400	0.0000	99.7606	39.9953	0.8230	1.1607	5.0000	25.5075	508.0590	94.8843	11.4398	25.5000	0.9300	0.9245	0.6716	-0.0005	508.0000	507.8918	1.0272	8.9212	100.0595	40.7525	0.8230	0.8261	5.0000	-9999.0000	-9999.0000	-9999.0000	-9999.0000	-9999.0000	-9999.0000	17.2883	6	0	29.4688	1.0000	11	4	-9999.0000	29899	57113	-9999	-9999	493	1005	338.1797	5	0.6646	0.6716	-0.0005	30.3168	1.7157	485.0764	446.8877	46.4120	491.3833	95.2546	484.4333	94.7917	488.4536	94.6296	491.4053	94.6991	
27/08/2017	00:30:23	011995	G523119894HLR	L523	S		461.1725	1.0400	0.0000	99.7442	40.0000	0.8230	1.1606	5.0000	26.1658	508.0439	95.0000	9.9702	25.4000	0.9300	0.9244	0.6713	-0.0005	508.0000	509.4965	1.0272	8.8882	99.7877	40.7327	0.8230	0.8259	5.0000	-9999.0000	-9999.0000	-9999.0000	-9999.0000	-9999.0000	-9999.0000	17.3997	7	0	30.5489	1.0000	11	4	-9999.0000	29900	57114	-9999	-9999	494	1007	338.5521	5	0.6650	0.6713	-0.0005	30.4817	1.6822	489.0250	468.4989	48.8194	495.4699	95.1852	488.7112	94.7454	492.2579	94.6528	495.5965	94.7454	
27/08/2017	00:30:52	011995	G523119885HLR	L523	S		457.3969	1.0400	0.0000	99.8118	40.0000	0.8230	1.1605	5.0000	26.7247	508.0501	94.8380	12.3900	25.4000	0.9300	0.9245	0.6719	-0.0005	508.0000	507.2529	1.0272	8.9344	100.0346	40.7118	0.8230	0.8255	5.0000	-9999.0000	-9999.0000	-9999.0000	-9999.0000	-9999.0000	-9999.0000	17.1879	8	0	28.9982	1.0000	11	4	-9999.0000	29901	57115	-9999	-9999	495	1009	337.9544	5	0.6652	0.6719	-0.0005	29.7452	1.7407	482.4076	460.1659	47.7315	488.3937	95.2546	481.7981	94.8611	486.6144	94.7222	489.4913	94.7222	
27/08/2017	00:31:21	011995	G523119864HLR	L523	S		456.8723	1.0400	0.0000	99.7383	40.0220	0.8230	1.1607	5.0000	24.6239	508.0321	94.8611	12.3890	25.4000	0.9300	0.9244	0.6720	-0.0005	508.0000	507.9859	1.0272	8.9193	99.7690	40.6981	0.8230	0.8251	5.0000	-9999.0000	-9999.0000	-9999.0000	-9999.0000	-9999.0000	-9999.0000	17.1781	1	0	29.2775	1.0000	11	4	-9999.0000	29902	57116	-9999	-9999	496	1011	338.0544	5	0.6657	0.6720	-0.0005	30.6445	1.6744	482.8571	462.7170	47.8241	491.2950	95.4630	482.6560	95.0000	486.5001	94.7222	490.2083	94.7222	
27/08/2017	00:31:51	011995	G523119862HLR	L523	S		458.5567	1.0400	0.0000	99.6716	40.0333	0.8230	1.1607	5.0000	24.1875	508.0508	94.8380	12.4700	25.4000	0.9300	0.9244	0.6715	-0.0005	508.0000	508.2761	1.0272	8.9133	99.7481	40.7000	0.8230	0.8245	5.0000	-9999.0000	-9999.0000	-9999.0000	-9999.0000	-9999.0000	-9999.0000	17.0294	2	0	29.4182	1.0000	11	4	-9999.0000	29903	57117	-9999	-9999	497	1013	338.1523	5	0.6660	0.6715	-0.0005	30.8708	1.6477	483.8687	501.6394	48.1713	492.7400	95.4861	483.3570	95.0000	487.2885	94.6991	490.0318	94.6991	
27/08/2017	00:32:17	011995	G523119852HLR	L523	S		469.4338	1.0400	0.0000	99.8506	40.0333	0.8230	1.1605	5.0000	26.5189	0.0000	0.0000	0.0000	0.0000	0.9300	0.0000	0.0000	0.0000	0.0000	471.5881	1.0272	8.3350	99.6621	40.7167	0.8230	0.8245	5.0000	-9999.0000	-9999.0000	-9999.0000	-9999.0000	-9999.0000	-9999.0000	17.1641	3	8	26.6186	1.0000	11	4	-9999.0000	29904	0	-9999	-9999	498	1014	0.0000	0	0.0000	0.0000	0.0000	0.0000	0.0000	0.0000	0.0000	0.0000	0.0000	0.0000	0.0000	0.0000	0.0000	0.0000	0.0000	0.0000	
27/08/2017	00:32:46	011995	G523118810HLR	L523	S		463.8443	1.0400	0.0000	99.8786	40.0357	0.8230	1.1604	5.0000	27.5883	508.0960	94.9306	7.1695	25.6000	0.9300	0.9247	0.6719	-0.0005	508.0000	506.4183	1.0272	8.9515	99.7474	40.7389	0.8230	0.8247	5.0000	-9999.0000	-9999.0000	-9999.0000	-9999.0000	-9999.0000	-9999.0000	17.3980	4	0	29.1086	1.0000	11	4	-9999.0000	29905	57118	-9999	-9999	499	1016	339.5526	5	0.6660	0.6719	-0.0005	35.4102	1.1988	494.4165	464.1631	46.1343	500.3480	95.2315	493.9105	94.7454	498.8496	94.6991	502.0394	94.7222	
27/08/2017	00:33:14	011995	G523119893HLR	L523	S		458.3903	1.0400	0.0000	99.8048	40.0455	0.8230	1.1605	5.0000	26.0083	508.0419	94.9306	11.5589	25.5000	0.9300	0.9247	0.6714	-0.0005	508.0000	507.6185	1.0272	8.9268	99.7962	40.7607	0.8230	0.8254	5.0000	-9999.0000	-9999.0000	-9999.0000	-9999.0000	-9999.0000	-9999.0000	17.1582	5	0	27.7794	1.0000	11	4	-9999.0000	29906	57119	-9999	-9999	499	1018	338.3200	5	0.6662	0.6714	-0.0005	34.7266	1.2716	484.3793	441.6437	48.1713	492.4413	95.1389	483.7557	94.7454	487.8368	94.6528	491.1960	94.7685	
27/08/2017	00:33:43	011995	G523118620HLR	L523	S		457.4153	1.0400	0.0000	99.8629	40.0510	0.8230	1.1605	5.0000	26.2919	508.0382	94.8611	12.2991	25.5000	0.9300	0.9245	0.6727	-0.0006	508.0000	510.8574	1.0272	8.8602	100.0146	40.7596	0.8230	0.8256	5.0000	-9999.0000	-9999.0000	-9999.0000	-9999.0000	-9999.0000	-9999.0000	17.1892	6	0	28.6282	1.0000	11	4	-9999.0000	29906	57120	-9999	-9999	500	1020	338.1101	5	0.6660	0.6727	-0.0006	36.0891	1.1442	482.9883	451.3307	46.7824	487.5740	95.2083	482.1421	94.7685	487.3967	94.6759	490.2275	94.7685	
27/08/2017	00:34:10	011995	G523118631HLR	L523	S		457.5725	1.0400	0.0000	99.8133	40.0494	0.8230	1.1605	5.0000	26.3978	508.0207	94.9074	13.4797	25.5000	0.9300	0.9245	0.6727	-0.0006	508.0000	510.7257	1.0272	8.8629	99.8334	40.7606	0.8230	0.8257	5.0000	-9999.0000	-9999.0000	-9999.0000	-9999.0000	-9999.0000	-9999.0000	17.2186	7	0	27.4374	1.0000	11	4	-9999.0000	29906	57121	-9999	-9999	501	1022	337.7360	5	0.6660	0.6727	-0.0006	36.0891	1.1442	481.6675	451.9192	47.7546	488.6894	95.5093	481.2016	95.0463	485.5380	94.7222	488.4397	94.6991	
27/08/2017	00:34:41	011995	G523118603HLR	L523	S		453.4375	1.0400	0.0000	99.6403	40.0667	0.8230	1.1607	5.0000	23.6474	508.0332	94.9074	17.0089	25.4000	0.9300	0.9244	0.6733	-0.0006	508.0000	511.1186	1.0272	8.8548	99.7903	40.7582	0.8230	0.8258	5.0000	-9999.0000	-9999.0000	-9999.0000	-9999.0000	-9999.0000	-9999.0000	17.1684	8	0	30.5589	1.0000	11	4	-9999.0000	29907	57122	-9999	-9999	502	1023	336.9674	5	0.6665	0.6733	-0.0006	34.1517	1.3127	477.9918	469.8732	46.7824	484.4072	95.5324	477.6739	95.0694	479.7405	94.7222	481.9715	94.6991	
27/08/2017	00:35:11	011995	G523118611HLR	L523	S		455.4233	1.0400	0.0000	99.7251	40.0516	0.8230	1.1605	5.0000	26.1174	508.0406	94.9306	16.3184	25.4000	0.9300	0.9243	0.6747	-0.0007	508.0000	512.6829	1.0272	8.8227	99.9092	40.7523	0.8230	0.8260	5.0000	-9999.0000	-9999.0000	-9999.0000	-9999.0000	-9999.0000	-9999.0000	17.1287	1	0	30.5679	1.0000	11	4	-9999.0000	29908	57123	-9999	-9999	503	1024	336.8895	5	0.6661	0.6747	-0.0007	33.5088	1.3997	477.2371	479.1028	45.4398	486.1792	95.7176	477.0937	95.2083	479.8520	94.6991	482.8483	94.6759	
27/08/2017	00:35:42	011995	G523119853HLR	L523	S		456.6202	1.0400	0.0000	99.7383	40.0607	0.8230	1.1606	5.0000	24.7995	508.0733	94.8380	12.7102	25.3000	0.9300	0.9242	0.6747	-0.0007	508.0000	508.2157	1.0272	8.9146	99.8136	40.7543	0.8230	0.8260	5.0000	-9999.0000	-9999.0000	-9999.0000	-9999.0000	-9999.0000	-9999.0000	17.2582	2	0	30.3292	1.0000	11	4	-9999.0000	29909	57124	-9999	-9999	504	1025	338.0101	5	0.6661	0.6747	-0.0007	33.5088	1.3997	480.6429	430.6115	45.9722	487.0091	95.6019	479.9738	95.0926	484.2461	94.6528	487.8137	94.6759	
27/08/2017	00:36:12	011995	G523118639HLR	L523	S		450.2656	1.0400	0.0000	99.7680	40.0487	0.8230	1.1605	5.0000	25.5689	508.0580	94.8843	14.1594	25.4000	0.9300	0.9245	0.6766	-0.0010	508.0000	508.6491	1.0272	8.9056	99.7126	40.7513	0.8230	0.8260	5.0000	-9999.0000	-9999.0000	-9999.0000	-9999.0000	-9999.0000	-9999.0000	17.2248	3	0	30.1080	1.0000	11	4	-9999.0000	29910	57124	-9999	-9999	505	1027	336.7950	5	0.6656	0.6766	-0.0010	33.1827	1.4395	475.3658	468.3082	44.2593	481.5495	95.4167	474.8498	94.8611	478.9925	94.6991	482.8080	94.7454	
27/08/2017	00:36:41	011995	G523118659HLR	L523	S		456.0691	1.0400	0.0000	99.7144	40.0638	0.8230	1.1610	5.0000	24.4686	508.0926	94.8843	12.2796	25.4000	0.9300	0.9243	0.6784	-0.0011	508.0000	509.8819	1.0272	8.8803	100.0926	40.7475	0.8230	0.8261	5.0000	-9999.0000	-9999.0000	-9999.0000	-9999.0000	-9999.0000	-9999.0000	17.3189	4	0	28.9084	1.0000	11	4	-9999.0000	29910	57124	-9999	-9999	506	1028	337.7725	5	0.6648	0.6784	-0.0011	32.2913	1.5018	481.0226	439.0272	45.2083	485.5661	95.5093	480.4761	95.0231	483.6253	94.7222	486.9972	94.7222	
27/08/2017	00:37:11	011995	G523118600HLR	L523	S		455.9452	1.0400	0.0000	99.7419	40.0439	0.8230	1.1603	5.0000	27.5983	508.0155	94.8380	12.4593	25.4000	0.9300	0.9244	0.6793	-0.0012	508.0000	509.1550	1.0272	8.8952	100.0517	40.7372	0.8230	0.8260	5.0000	-9999.0000	-9999.0000	-9999.0000	-9999.0000	-9999.0000	-9999.0000	17.3091	5	0	29.9700	1.0000	11	4	-9999.0000	29911	57125	-9999	-9999	507	1029	337.3221	5	0.6640	0.6793	-0.0012	31.8010	1.5363	478.5545	418.8528	44.9769	483.9311	95.5556	477.8863	95.0463	481.7251	94.7454	484.9391	94.6991	
27/08/2017	00:37:41	011995	G523118591HLR	L523	S		451.6320	1.0400	0.0000	99.9049	40.0365	0.8230	1.1604	5.0000	27.6087	508.0447	94.9306	17.7588	25.5000	0.9300	0.9245	0.6804	-0.0013	508.0000	508.2011	1.0272	8.9149	99.9346	40.7343	0.8230	0.8260	5.0000	-9999.0000	-9999.0000	-9999.0000	-9999.0000	-9999.0000	-9999.0000	17.2987	6	0	29.9467	1.0000	11	4	-9999.0000	29912	57126	-9999	-9999	508	1031	334.4271	5	0.6640	0.6804	-0.0013	31.0814	1.5820	468.9315	434.6742	47.0602	476.8629	95.4630	468.5634	95.0231	471.1638	94.7685	475.1400	94.7222	
27/08/2017	00:38:12	011995	G523118610HLR	L523	S		444.9958	1.0400	0.0000	99.8659	40.0327	0.8230	1.1604	5.0000	27.3343	508.0515	94.9306	17.7285	25.5000	0.9300	0.9244	0.6799	-0.0013	508.0000	507.1229	1.0272	8.9370	100.0716	40.7264	0.8230	0.8260	5.0000	-9999.0000	-9999.0000	-9999.0000	-9999.0000	-9999.0000	-9999.0000	17.3858	7	0	31.3879	1.0000	11	4	-9999.0000	29913	57127	-9999	-9999	509	1033	334.1611	5	0.6633	0.6799	-0.0013	31.7516	1.5604	468.7833	455.8441	46.7824	476.5068	95.7870	468.4748	95.3472	471.7354	94.7454	474.2925	94.6528	
27/08/2017	00:38:43	011995	G523119829HLR	L523	S		450.7140	1.0400	0.0000	99.7367	40.0333	0.8230	1.1604	5.0000	27.0585	508.0366	94.9074	14.5890	25.4000	0.9300	0.9242	0.6799	-0.0013	508.0000	507.1520	1.0272	8.9364	99.8719	40.7024	0.8230	0.8255	5.0000	-9999.0000	-9999.0000	-9999.0000	-9999.0000	-9999.0000	-9999.0000	17.3123	8	0	30.7288	1.0000	11	2	-9999.0000	29914	57128	-9999	-9999	510	1034	335.8863	5	0.6633	0.6799	-0.0013	31.7516	1.5604	472.9363	450.5281	48.2639	478.8490	95.6713	472.4919	95.2083	476.3844	94.6991	480.5192	94.6528	
27/08/2017	00:39:13	011995	G523119827HLR	L523	S		448.0609	1.0400	0.0000	99.8313	40.0350	0.8230	1.1606	5.0000	25.9190	508.0463	94.9306	16.4190	25.5000	0.9300	0.9243	0.6794	-0.0013	508.0000	504.9973	1.0272	8.9808	100.0604	40.6948	0.8230	0.8252	5.0000	-9999.0000	-9999.0000	-9999.0000	-9999.0000	-9999.0000	-9999.0000	17.2281	1	0	30.0579	1.0000	11	2	-9999.0000	29915	57129	-9999	-9999	511	1036	334.5945	5	0.6630	0.6794	-0.0013	32.4894	1.5773	466.8023	480.7827	48.7037	476.1923	95.5324	466.5560	95.0463	470.6769	94.6991	473.5305	94.6991	
27/08/2017	00:39:42	011995	G523120169HLR	L523	S		443.7527	1.0400	0.0000	99.8473	40.0320	0.8230	1.1605	5.0000	26.9844	508.0572	94.9074	17.8389	25.5000	0.9300	0.9243	0.6714	-0.0007	508.0000	504.0982	1.0272	8.9993	99.7726	40.6925	0.8230	0.8248	5.0000	-9999.0000	-9999.0000	-9999.0000	-9999.0000	-9999.0000	-9999.0000	17.2585	2	0	29.3686	1.0000	11	2	-9999.0000	29916	57130	-9999	-9999	512	1037	334.0857	5	0.6609	0.6714	-0.0007	40.6711	1.0081	466.2147	512.9664	48.2870	474.8037	95.7639	465.4008	95.3009	469.7281	94.7454	472.7828	94.6528	
27/08/2017	00:40:11	011995	G523120168HLR	L523	S		439.0126	1.0400	0.0000	99.8758	40.0333	0.8230	1.1605	5.0000	26.9470	508.0444	94.8380	20.3680	25.5000	0.9300	0.9243	0.6745	-0.0009	508.0000	504.9424	1.0272	8.9819	99.9090	40.7000	0.8230	0.8245	5.0000	-9999.0000	-9999.0000	-9999.0000	-9999.0000	-9999.0000	-9999.0000	17.1811	3	0	28.9192	1.0000	11	2	-9999.0000	29917	57130	-9999	-9999	513	1038	333.5888	5	0.6610	0.6745	-0.0009	39.4132	1.1100	463.7294	472.5522	47.8241	472.6700	95.8102	463.2691	95.3241	467.2638	94.7222	470.8854	94.6296	
27/08/2017	00:40:43	011995	G523120170HLR	L523	S		441.7492	1.0400	0.0000	99.7910	40.0410	0.8230	1.1607	5.0000	25.2062	508.0588	94.9074	17.4590	25.4000	0.9300	0.9242	0.6745	-0.0009	508.0000	504.1477	1.0272	8.9983	99.6519	40.7296	0.8230	0.8246	5.0000	-9999.0000	-9999.0000	-9999.0000	-9999.0000	-9999.0000	-9999.0000	16.9804	4	0	32.3479	1.0000	11	2	-9999.0000	29918	57131	-9999	-9999	514	1040	334.6395	5	0.6610	0.6745	-0.0009	39.4132	1.1100	469.4167	505.5368	46.7824	478.7155	95.9028	468.9372	95.4167	471.8267	94.7222	474.6778	94.6065	
27/08/2017	00:41:13	011995	G523119843HLR	L523	S		448.0948	1.0400	0.0000	99.9072	40.0444	0.8230	1.1604	5.0000	27.7581	508.0721	94.9074	15.5197	25.4000	0.9300	0.9242	0.6747	-0.0009	508.0000	505.1819	1.0272	8.9770	99.7950	40.7500	0.8230	0.8249	5.0000	-9999.0000	-9999.0000	-9999.0000	-9999.0000	-9999.0000	-9999.0000	17.4410	5	0	29.4883	1.0000	11	2	-9999.0000	29919	57131	-9999	-9999	515	1042	335.7573	5	0.6611	0.6747	-0.0009	43.1479	0.8423	470.9955	469.9672	45.9028	480.0067	95.6250	470.5589	95.0926	475.7043	94.6528	477.9031	94.6759	
27/08/2017	00:41:42	011995	G523119836HLR	L523	S		453.2525	1.0400	0.0000	99.8876	40.0524	0.8230	1.1605	5.0000	27.0385	508.0294	94.8843	15.9591	25.4000	0.9300	0.9243	0.6722	-0.0007	508.0000	508.9442	1.0272	8.8996	99.6801	40.7399	0.8230	0.8247	5.0000	-9999.0000	-9999.0000	-9999.0000	-9999.0000	-9999.0000	-9999.0000	17.5388	6	0	28.8384	1.0000	11	2	-9999.0000	29920	57132	-9999	-9999	516	1043	335.7496	5	0.6614	0.6722	-0.0007	38.6883	1.1820	475.3534	463.1839	45.9028	482.5896	95.5093	474.6846	95.0463	479.3276	94.6759	481.4792	94.6991	
27/08/2017	00:42:10	011995	G523119818HLR	L523	S		447.4282	1.0400	0.0000	99.8884	40.0632	0.8230	1.1610	5.0000	26.2885	508.0856	94.9537	17.3994	25.4000	0.9300	0.9243	0.6647	-0.0002	508.0000	507.3427	1.0272	8.9325	99.6796	40.7500	0.8230	0.8250	5.0000	-9999.0000	-9999.0000	-9999.0000	-9999.0000	-9999.0000	-9999.0000	17.0249	7	0	28.4081	1.0000	11	2	-9999.0000	29921	57132	-9999	-9999	517	1045	335.8696	5	0.6616	0.6647	-0.0002	36.0568	1.4214	473.4896	472.1003	46.2269	481.1832	95.5093	473.2978	95.0000	476.2387	94.6759	481.2625	94.6991	
27/08/2017	00:42:41	011995	G523119819HLR	L523	S		449.6644	1.0400	0.0000	99.7616	40.0667	0.8230	1.1606	5.0000	25.8950	508.0460	94.9074	16.5782	25.4000	0.9300	0.9243	0.6647	-0.0002	508.0000	507.2323	1.0272	8.9348	100.0804	40.7640	0.8230	0.8253	5.0000	-9999.0000	-9999.0000	-9999.0000	-9999.0000	-9999.0000	-9999.0000	17.2636	8	0	30.4083	1.0000	11	2	-9999.0000	29922	57132	-9999	-9999	518	1047	336.3513	5	0.6616	0.6647	-0.0002	36.0568	1.4214	477.7219	433.0203	42.4306	487.5642	95.5556	477.3588	95.0926	480.6156	94.6528	483.6638	94.6759	
27/08/2017	00:43:16	011995	G523119828HLR	L523	S		451.0897	1.0400	0.0000	99.9692	40.0611	0.8230	1.1603	5.0000	29.3184	508.0349	94.9306	16.8887	25.4000	0.9300	0.9243	0.6664	-0.0003	508.0000	507.7345	1.0272	8.9245	100.0472	40.7667	0.8230	0.8254	5.0000	-9999.0000	-9999.0000	-9999.0000	-9999.0000	-9999.0000	-9999.0000	17.1477	1	0	35.7176	1.0000	11	2	-9999.0000	29923	57133	-9999	-9999	519	1049	336.2253	5	0.6618	0.6664	-0.0003	34.6850	1.4829	476.7441	491.9711	47.2222	484.1241	95.4630	476.1841	95.0000	478.5702	94.6759	482.3300	94.7222	
27/08/2017	00:43:47	011995	G523119823HLR	L523	S		447.9438	1.0400	0.0000	99.8384	40.0746	0.8230	1.1605	5.0000	26.5125	508.0289	94.9074	17.2286	25.4000	0.9300	0.9243	0.6689	-0.0004	508.0000	507.3082	1.0272	8.9332	99.8299	40.7625	0.8230	0.8253	5.0000	-9999.0000	-9999.0000	-9999.0000	-9999.0000	-9999.0000	-9999.0000	17.0715	2	0	30.3090	1.0000	11	2	-9999.0000	29924	57133	-9999	-9999	520	1051	335.9684	5	0.6615	0.6689	-0.0004	29.0476	1.7755	475.6161	469.6062	46.2037	483.1094	95.6250	474.7720	95.0926	479.3429	94.6528	481.7551	94.6759	
27/08/2017	00:44:17	011995	G523119826HLR	L523	S		456.0705	1.0400	0.0000	99.7801	40.0945	0.8230	1.1605	5.0000	25.8166	508.0553	94.8611	12.7093	25.3000	0.9300	0.9242	0.6689	-0.0004	508.0000	508.2173	1.0272	8.9145	99.7439	40.7307	0.8230	0.8246	5.0000	-9999.0000	-9999.0000	-9999.0000	-9999.0000	-9999.0000	-9999.0000	17.0280	3	0	30.0082	1.0000	11	2	-9999.0000	29925	57133	-9999	-9999	521	1053	337.1092	5	0.6615	0.6689	-0.0004	29.0476	1.7755	483.1528	465.3248	45.9722	489.6307	95.4861	482.7506	95.0463	486.6000	94.6296	489.8181	94.6759	
27/08/2017	00:44:46	011995	G523119833HLR	L523	S		448.8905	1.0400	0.0000	99.8121	40.1000	0.8230	1.1606	5.0000	25.3882	508.0301	94.8611	15.9190	25.4000	0.9300	0.9244	0.6682	-0.0004	508.0000	506.3329	1.0272	8.9533	100.0802	40.7484	0.8230	0.8248	5.0000	-9999.0000	-9999.0000	-9999.0000	-9999.0000	-9999.0000	-9999.0000	17.1362	4	0	29.7691	1.0000	11	2	-9999.0000	29926	57134	-9999	-9999	522	1055	336.6166	5	0.6620	0.6682	-0.0004	27.0780	1.9039	475.6399	450.0434	46.6667	483.1085	95.4167	475.2880	94.9537	478.9756	94.6991	482.5378	94.7454	
27/08/2017	00:45:16	011995	G523120177HLR	L523	S		442.2507	1.0400	0.0000	99.8839	40.0895	0.8230	1.1608	5.0000	27.4282	508.0415	94.5139	24.5992	25.4000	0.9300	0.9244	0.6739	-0.0007	508.0000	509.1858	1.0272	8.8946	100.0682	40.7500	0.8230	0.8249	5.0000	-9999.0000	-9999.0000	-9999.0000	-9999.0000	-9999.0000	-9999.0000	17.3254	5	0	29.8377	1.0000	11	2	-9999.0000	29927	57135	-9999	-9999	523	1057	335.3871	5	0.6623	0.6739	-0.0007	20.4895	2.2343	468.7107	466.5524	47.8704	477.6778	95.5787	468.3475	95.1157	471.0096	94.7222	473.7928	94.6991	
27/08/2017	00:45:43	011995	G523120179HLR	L523	S		445.5112	1.0400	0.0000	99.8342	40.0911	0.8230	1.1605	5.0000	26.7484	508.0603	94.9537	19.2490	25.3000	0.9300	0.9242	0.6679	-0.0003	508.0000	506.7740	1.0272	8.9442	99.7936	40.7500	0.8230	0.8251	5.0000	-9999.0000	-9999.0000	-9999.0000	-9999.0000	-9999.0000	-9999.0000	17.2682	6	0	26.7680	1.0000	11	2	-9999.0000	29928	57136	-9999	-9999	524	1059	336.0089	5	0.6624	0.6679	-0.0003	28.0754	1.8211	467.6982	482.0955	48.7500	476.6200	95.7870	467.3041	95.3009	470.3935	94.6991	472.8546	94.6065	
27/08/2017	00:46:12	011995	G523119816HLR	L523	S		452.5597	1.0400	0.0000	99.8446	40.1000	0.8230	1.1604	5.0000	27.3281	508.0155	94.9769	18.4394	25.3000	0.9300	0.9243	0.6690	-0.0004	508.0000	511.6748	1.0272	8.8434	100.0405	40.7606	0.8230	0.8252	5.0000	-9999.0000	-9999.0000	-9999.0000	-9999.0000	-9999.0000	-9999.0000	17.3179	7	0	29.3093	1.0000	11	2	-9999.0000	29929	57137	-9999	-9999	525	1061	336.3363	5	0.6626	0.6690	-0.0004	28.1764	1.8197	480.2070	506.0131	45.9259	489.1358	95.6713	479.7505	95.1852	481.6241	94.6759	483.6458	94.6296	
27/08/2017	00:46:40	011995	G523119813HLR	L523	S		448.9890	1.0400	0.0000	99.8422	40.1000	0.8230	1.1604	5.0000	27.0090	508.0309	94.9306	17.7285	25.3000	0.9300	0.9242	0.6702	-0.0004	508.0000	508.7953	1.0272	8.9026	99.7587	40.7730	0.8230	0.8256	5.0000	-9999.0000	-9999.0000	-9999.0000	-9999.0000	-9999.0000	-9999.0000	17.1375	8	0	27.4779	1.0000	11	2	-9999.0000	29930	57138	-9999	-9999	526	1063	336.4990	5	0.6624	0.6702	-0.0004	37.2670	1.2408	475.2371	500.4663	48.2870	486.7000	95.6250	475.3381	95.1852	478.2296	94.6759	480.5405	94.6528	
27/08/2017	00:47:10	011995	G523119817HLR	L523	S		450.3422	1.0400	0.0000	99.7682	40.1000	0.8230	1.1607	5.0000	26.7256	508.0508	94.8611	15.7189	25.3000	0.9300	0.9243	0.6702	-0.0004	508.0000	507.1020	1.0272	8.9375	99.7420	40.7660	0.8230	0.8258	5.0000	-9999.0000	-9999.0000	-9999.0000	-9999.0000	-9999.0000	-9999.0000	17.1493	1	0	30.6893	1.0000	11	2	-9999.0000	29931	57139	-9999	-9999	527	1065	336.9391	5	0.6624	0.6702	-0.0004	37.2670	1.2408	477.8469	526.3664	47.4306	487.7900	95.5093	477.3823	95.0694	479.2954	94.6296	482.5344	94.6528	
27/08/2017	00:47:40	011995	G523119812HLR	L523	S		454.5363	1.0400	0.0000	99.7978	40.1000	0.8230	1.1604	5.0000	26.7857	508.0388	94.8843	12.0599	25.3000	0.9300	0.9243	0.6695	-0.0004	508.0000	507.3841	1.0272	8.9317	99.7934	40.7655	0.8230	0.8259	5.0000	-9999.0000	-9999.0000	-9999.0000	-9999.0000	-9999.0000	-9999.0000	17.6696	2	0	29.6471	1.0000	11	2	-9999.0000	29932	57140	-9999	-9999	528	1067	337.6595	5	0.6624	0.6695	-0.0004	37.1994	1.2325	482.8595	482.1947	48.5648	490.1475	95.3935	482.7676	94.9306	486.1440	94.6528	489.4765	94.7222	
27/08/2017	00:48:09	011995	G523119822HLR	L523	S		454.2508	1.0400	0.0000	99.7187	40.1000	0.8230	1.1607	5.0000	23.7693	508.0274	94.9074	18.3193	25.5000	0.9300	0.9245	0.6696	-0.0004	508.0000	511.6236	1.0272	8.8444	99.7290	40.7610	0.8230	0.8259	5.0000	-9999.0000	-9999.0000	-9999.0000	-9999.0000	-9999.0000	-9999.0000	17.3385	3	0	29.3187	1.0000	11	2	-9999.0000	29933	57141	-9999	-9999	529	1069	336.1558	5	0.6619	0.6696	-0.0004	37.4939	1.2188	478.4834	493.1355	49.1667	487.7093	95.5093	478.2770	95.0231	481.0113	94.7222	483.1361	94.6991	
27/08/2017	00:48:40	011995	G523118791HLR	L523	S		450.1564	1.0400	0.0000	99.7567	40.1000	0.8230	1.1605	5.0000	25.2644	508.0447	94.8611	15.4689	25.4000	0.9300	0.9243	0.6706	-0.0005	508.0000	507.0720	1.0272	8.9381	99.8271	40.7766	0.8230	0.8256	5.0000	-9999.0000	-9999.0000	-9999.0000	-9999.0000	-9999.0000	-9999.0000	19.1235	4	0	30.1282	1.0000	11	2	-9999.0000	29934	57141	-9999	-9999	530	1071	336.9037	5	0.6621	0.6706	-0.0005	37.4046	1.2175	477.9230	501.9242	48.7963	484.1510	95.6250	477.4323	95.1852	481.7885	94.6759	483.6022	94.6528	
27/08/2017	00:49:09	011995	G523119878HLR	L523	S		449.0105	1.0400	0.0000	99.6812	40.1000	0.8230	1.1606	5.0000	24.4696	508.0959	94.9306	16.9385	25.4000	0.9300	0.9243	0.6706	-0.0005	508.0000	507.4843	1.0272	8.9296	99.9034	40.7629	0.8230	0.8260	5.0000	-9999.0000	-9999.0000	-9999.0000	-9999.0000	-9999.0000	-9999.0000	17.1491	5	0	29.3309	1.0000	11	2	-9999.0000	29935	57142	-9999	-9999	531	1073	336.7825	5	0.6621	0.6706	-0.0005	37.4046	1.2175	473.4230	473.5430	47.5463	481.2161	95.6019	473.0111	95.1157	476.6338	94.6759	480.3913	94.6759	
27/08/2017	00:49:39	011995	G523119877HLR	L523	S		447.3815	1.0400	0.0000	100.1914	40.0895	0.8230	1.1604	5.0000	27.7082	508.0557	94.8843	18.6290	25.4000	0.9300	0.9244	0.6715	-0.0005	508.0000	508.3483	1.0272	8.9118	99.7929	40.7618	0.8230	0.8261	5.0000	-9999.0000	-9999.0000	-9999.0000	-9999.0000	-9999.0000	-9999.0000	17.0494	6	0	30.0458	1.0000	11	2	-9999.0000	29936	57143	-9999	-9999	532	1075	336.2458	5	0.6619	0.6715	-0.0005	38.5240	1.1630	473.0541	508.6072	46.6898	479.7330	95.6481	472.6555	95.1389	476.5078	94.6991	478.6577	94.6991	
27/08/2017	00:50:10	011995	G523119832HLR	L523	S		449.4302	1.0400	0.0000	99.6962	40.0957	0.8230	1.1604	5.0000	26.0088	508.0141	94.8843	15.6789	25.4000	0.9300	0.9243	0.6715	-0.0005	508.0000	506.6151	1.0272	8.9475	99.8053	40.7514	0.8230	0.8261	5.0000	-9999.0000	-9999.0000	-9999.0000	-9999.0000	-9999.0000	-9999.0000	17.1285	7	0	30.8784	1.0000	11	2	-9999.0000	29937	57144	-9999	-9999	533	1077	336.7700	5	0.6619	0.6715	-0.0005	38.5240	1.1630	475.1365	467.8245	48.9583	482.9872	95.6481	474.7457	95.1852	477.4048	94.6528	480.9655	94.6528	
27/08/2017	00:50:38	011995	G523119897HLR	L523	S		451.5004	1.0400	0.0000	99.7698	40.0990	0.8230	1.1604	5.0000	26.3588	508.0355	94.8380	15.4191	25.4000	0.9300	0.9244	0.6718	-0.0006	508.0000	509.0081	1.0272	8.8983	99.7086	40.7303	0.8230	0.8259	5.0000	-9999.0000	-9999.0000	-9999.0000	-9999.0000	-9999.0000	-9999.0000	17.0369	8	0	28.5331	1.0000	11	2	-9999.0000	29938	57145	-9999	-9999	534	1079	336.9949	5	0.6621	0.6718	-0.0006	38.9999	1.1417	476.8190	468.0633	45.8102	482.5394	95.4398	476.0587	94.9074	480.5741	94.6296	482.6149	94.7222	
27/08/2017	00:51:07	011995	G523119871HLR	L523	S		449.4144	1.0400	0.0000	99.8527	40.0894	0.8230	1.1604	5.0000	27.1467	508.0503	94.9306	17.6494	25.5000	0.9300	0.9243	0.6730	-0.0006	508.0000	508.8355	1.0272	8.9018	99.7809	40.7170	0.8230	0.8255	5.0000	-9999.0000	-9999.0000	-9999.0000	-9999.0000	-9999.0000	-9999.0000	17.3482	1	0	28.5434	1.0000	11	2	-9999.0000	29939	57146	-9999	-9999	535	1081	336.8897	5	0.6618	0.6730	-0.0006	39.3173	1.1308	471.3114	446.2901	46.6898	478.5695	95.4398	471.0497	94.9537	475.6221	94.6528	479.1333	94.7222	
27/08/2017	00:51:36	011995	G523119884HLR	L523	S		450.0029	1.0400	0.0000	99.8207	40.0914	0.8230	1.1605	5.0000	26.3689	508.0603	94.9074	16.7393	25.4000	0.9300	0.9243	0.6730	-0.0006	508.0000	507.4318	1.0272	8.9307	99.9897	40.7040	0.8230	0.8246	5.0000	-9999.0000	-9999.0000	-9999.0000	-9999.0000	-9999.0000	-9999.0000	17.4412	2	0	29.2886	1.0000	11	2	-9999.0000	29940	57147	-9999	-9999	536	1083	336.8480	5	0.6618	0.6730	-0.0006	39.3173	1.1308	473.7612	494.8935	45.2778	481.9031	95.5324	473.4803	95.0000	476.6781	94.6528	479.0476	94.6991	
27/08/2017	00:52:05	011995	G523119895HLR	L523	S		450.2705	1.0400	0.0000	99.9120	40.0969	0.8230	1.1604	5.0000	27.0566	508.0382	94.8380	15.6593	25.4000	0.9300	0.9243	0.6750	-0.0007	508.0000	508.9415	1.0272	8.8996	99.7156	40.7333	0.8230	0.8245	5.0000	-9999.0000	-9999.0000	-9999.0000	-9999.0000	-9999.0000	-9999.0000	17.3021	3	0	29.0400	1.0000	11	2	-9999.0000	29941	57148	-9999	-9999	537	1085	337.2436	5	0.6624	0.6750	-0.0007	38.2957	1.1996	474.2556	473.8251	46.3194	480.2973	95.5787	473.8928	95.0231	478.4500	94.6528	480.1536	94.7222	
27/08/2017	00:52:36	011995	G523119880HLR	L523	S		449.0085	1.0400	0.0000	100.2141	40.0973	0.8230	1.1604	5.0000	27.8958	508.0263	94.9074	16.9395	25.4000	0.9300	0.9244	0.6751	-0.0007	508.0000	507.3406	1.0272	8.9326	99.8135	40.7500	0.8230	0.8248	5.0000	-9999.0000	-9999.0000	-9999.0000	-9999.0000	-9999.0000	-9999.0000	17.0500	4	0	31.1376	1.0000	11	2	-9999.0000	29942	57149	-9999	-9999	538	1086	336.3458	5	0.6627	0.6751	-0.0007	38.1855	1.2118	468.7092	450.9989	46.7824	474.9482	95.4398	467.9883	94.9074	473.1234	94.6528	475.8489	94.7222	
27/08/2017	00:53:07	011995	G523119901HLR	L523	S		457.0532	1.0400	0.0000	99.8699	40.1000	0.8230	1.1605	5.0000	25.5078	508.0469	94.8843	12.7786	25.3000	0.9300	0.9242	0.6751	-0.0007	508.0000	508.3286	1.0272	8.9122	100.0405	40.7635	0.8230	0.8245	5.0000	-9999.0000	-9999.0000	-9999.0000	-9999.0000	-9999.0000	-9999.0000	19.6751	5	0	30.8573	1.0000	11	2	-9999.0000	29943	57150	-9999	-9999	539	1087	338.2554	5	0.6627	0.6751	-0.0007	38.1855	1.2118	480.9164	479.9087	46.8056	486.7348	95.4398	480.5672	95.0000	484.0539	94.6296	486.2433	94.6991	
27/08/2017	00:53:35	011995	G523119863HLR	L523	S		448.8726	1.0400	0.0000	99.8646	40.1025	0.8230	1.1606	5.0000	25.5820	508.0376	94.8611	16.1896	25.4000	0.9300	0.9244	0.6729	-0.0006	508.0000	506.8364	1.0272	8.9429	99.7867	40.7667	0.8230	0.8250	5.0000	-9999.0000	-9999.0000	-9999.0000	-9999.0000	-9999.0000	-9999.0000	17.0489	6	0	28.2105	1.0000	11	2	-9999.0000	29944	57151	-9999	-9999	540	1089	337.1329	5	0.6630	0.6729	-0.0006	38.5472	1.1835	473.4529	448.0774	45.3009	480.2540	95.3704	473.0053	94.8843	476.9683	94.6991	480.1189	94.7454	
27/08/2017	00:54:06	011995	G523119883HLR	L523	S		449.5415	1.0400	0.0000	99.8366	40.1084	0.8230	1.1605	5.0000	26.2518	508.0268	94.9306	17.5489	25.4000	0.9300	0.9244	0.6745	-0.0007	508.0000	507.2609	1.0272	8.9342	99.7475	40.7667	0.8230	0.8250	5.0000	-9999.0000	-9999.0000	-9999.0000	-9999.0000	-9999.0000	-9999.0000	17.1179	7	0	30.7121	1.0000	11	2	-9999.0000	29944	57151	-9999	-9999	541	1091	336.4639	5	0.6625	0.6745	-0.0007	41.3126	1.0240	471.1984	461.9574	45.3935	481.9814	95.6481	471.1330	95.1852	474.4506	94.7222	476.7722	94.6991	
27/08/2017	00:54:36	011995	G523118807HLR	L523	S		447.9629	1.0400	0.0000	99.8351	40.1164	0.8230	1.1605	5.0000	26.0680	508.0583	94.9074	20.0487	25.4000	0.9300	0.9243	0.6732	-0.0006	508.0000	509.1984	1.0272	8.8943	99.7001	40.7809	0.8230	0.8253	5.0000	-9999.0000	-9999.0000	-9999.0000	-9999.0000	-9999.0000	-9999.0000	17.0243	8	0	29.8626	1.0000	11	2	-9999.0000	29945	57152	-9999	-9999	542	1092	335.6950	5	0.6633	0.6732	-0.0006	41.2498	1.0283	470.0137	476.2601	45.9954	479.0360	95.6250	469.5381	95.1389	472.1307	94.6759	474.7521	94.6991	
27/08/2017	00:55:10	011995	G523119856HLR	L523	S		449.5174	1.0400	0.0000	99.7019	40.1227	0.8230	1.1605	5.0000	26.6788	508.0682	94.9074	18.3789	25.4000	0.9300	0.9242	0.6732	-0.0006	508.0000	508.1083	1.0272	8.9168	99.7300	40.7773	0.8230	0.8252	5.0000	-9999.0000	-9999.0000	-9999.0000	-9999.0000	-9999.0000	-9999.0000	17.3402	1	0	33.9338	1.0000	11	2	-9999.0000	29946	57153	-9999	-9999	543	1093	336.3997	5	0.6633	0.6732	-0.0006	41.2498	1.0283	471.8253	503.5252	46.9444	478.5929	95.7870	471.2610	95.4167	474.8409	94.7454	476.8271	94.6296	
27/08/2017	00:55:40	011995	G523119859HLR	L523	S		448.2889	1.0400	0.0000	99.8842	40.1332	0.8230	1.1603	5.0000	27.8746	508.0681	94.9074	17.2286	25.4000	0.9300	0.9242	0.6728	-0.0006	508.0000	509.0089	1.0272	8.8982	99.8568	40.7820	0.8230	0.8252	5.0000	-9999.0000	-9999.0000	-9999.0000	-9999.0000	-9999.0000	-9999.0000	17.1116	2	0	29.7836	1.0000	11	2	-9999.0000	29947	57154	-9999	-9999	544	1095	336.8109	5	0.6634	0.6728	-0.0006	44.6454	0.8202	471.7104	479.3580	48.1481	479.1064	95.6250	471.1840	95.2315	475.5180	94.6991	478.5787	94.6528	
27/08/2017	00:56:12	011995	G523119882HLR	L523	S		444.6540	1.0400	0.0000	99.6608	40.1516	0.8230	1.1607	5.0000	23.8132	508.0715	94.9306	19.7890	25.4000	0.9300	0.9243	0.6752	-0.0007	508.0000	506.9303	1.0272	8.9410	99.8350	40.7500	0.8230	0.8247	5.0000	-9999.0000	-9999.0000	-9999.0000	-9999.0000	-9999.0000	-9999.0000	17.0690	3	0	32.7579	1.0000	11	2	-9999.0000	29948	57155	-9999	-9999	545	1097	336.0864	5	0.6632	0.6752	-0.0007	45.7386	0.7496	465.9969	487.8347	48.8889	474.7439	95.6481	465.3722	95.2315	469.4071	94.7222	472.6849	94.6528	
27/08/2017	00:56:43	011995	G523119855HLR	L523	S		448.2511	1.0400	0.0000	99.7813	40.1642	0.8230	1.1607	5.0000	24.3030	508.0497	94.9306	18.9697	25.4000	0.9300	0.9243	0.6743	-0.0007	508.0000	508.8094	1.0272	8.9023	99.7889	40.7667	0.8230	0.8249	5.0000	-9999.0000	-9999.0000	-9999.0000	-9999.0000	-9999.0000	-9999.0000	17.2284	4	0	30.7277	1.0000	11	2	-9999.0000	29949	57156	-9999	-9999	546	1099	336.0188	5	0.6629	0.6743	-0.0007	47.6480	0.6337	469.3490	511.6473	50.9954	477.8458	95.7639	468.7130	95.4398	472.0170	94.6759	475.1155	94.6296	
27/08/2017	00:57:14	011995	G523119872HLR	L523	S		444.1013	1.0400	0.0000	99.6742	40.1708	0.8230	1.1606	5.0000	24.0597	508.0580	94.8843	22.8591	25.4000	0.9300	0.9243	0.6759	-0.0008	508.0000	509.0309	1.0272	8.8978	100.0462	40.7574	0.8230	0.8247	5.0000	-9999.0000	-9999.0000	-9999.0000	-9999.0000	-9999.0000	-9999.0000	17.3029	5	0	30.6682	1.0000	11	2	-9999.0000	29950	57157	-9999	-9999	547	1101	334.7221	5	0.6628	0.6759	-0.0008	47.9406	0.6289	449.6986	515.3679	49.6528	456.9158	95.8565	448.6564	95.4630	455.1768	94.6991	458.7007	94.6065	
27/08/2017	00:57:43	011995	G523119865HLR	L523	S		444.9933	1.0400	0.0000	99.8998	40.1603	0.8230	1.1604	5.0000	27.0784	508.0701	94.9074	18.7998	25.3000	0.9300	0.9242	0.6733	-0.0006	508.0000	508.7431	1.0272	8.9037	99.9610	40.7667	0.8230	0.8248	5.0000	-9999.0000	-9999.0000	-9999.0000	-9999.0000	-9999.0000	-9999.0000	17.0812	6	0	29.3994	1.0000	11	2	-9999.0000	29951	57158	-9999	-9999	548	1103	336.0838	5	0.6629	0.6733	-0.0006	37.0789	1.2441	468.9420	497.7621	46.4120	477.9921	95.7176	468.4786	95.3009	471.0856	94.6991	474.3663	94.6296	
27/08/2017	00:58:14	011995	G523119892HLR	L523	S		445.3054	1.0400	0.0000	99.7992	40.1724	0.8230	1.1606	5.0000	25.1583	508.1054	94.9306	21.8191	25.3000	0.9300	0.9243	0.6741	-0.0007	508.0000	511.2836	1.0272	8.8514	99.8572	40.7667	0.8230	0.8248	5.0000	-9999.0000	-9999.0000	-9999.0000	-9999.0000	-9999.0000	-9999.0000	17.2641	7	0	30.6579	1.0000	11	2	-9999.0000	29952	57159	-9999	-9999	549	1105	335.4814	5	0.6626	0.6741	-0.0007	37.6506	1.2149	469.7754	490.9133	46.2037	475.2983	95.4861	469.1054	95.0694	471.4795	94.6759	474.6380	94.6528	
27/08/2017	00:58:43	011995	G523118621HLR	L523	S		450.1750	1.0400	0.0000	100.1300	40.1641	0.8230	1.1603	5.0000	27.9583	508.0523	94.9306	18.7890	25.3000	0.9300	0.9242	0.6769	-0.0008	508.0000	509.7223	1.0272	8.8836	99.6458	40.7833	0.8230	0.8249	5.0000	-9999.0000	-9999.0000	-9999.0000	-9999.0000	-9999.0000	-9999.0000	17.2997	8	0	28.5680	1.0000	11	2	-9999.0000	29952	57160	-9999	-9999	550	1107	336.1663	5	0.6621	0.6769	-0.0008	36.2131	1.2768	472.0886	460.7029	43.7500	479.2722	95.6713	471.5683	95.2778	474.4404	94.6759	477.0253	94.6065	
27/08/2017	00:59:11	011995	G523118602HLR	L523	S		448.2186	1.0400	0.0000	100.1944	40.1657	0.8230	1.1604	5.0000	27.6383	508.0614	94.9074	19.2587	25.3000	0.9300	0.9243	0.6770	-0.0008	508.0000	508.2334	1.0272	8.9142	100.0325	40.7833	0.8230	0.8250	5.0000	-9999.0000	-9999.0000	-9999.0000	-9999.0000	-9999.0000	-9999.0000	17.1571	1	0	28.3889	1.0000	11	2	-9999.0000	29953	57161	-9999	-9999	551	1109	335.8747	5	0.6619	0.6770	-0.0008	35.9667	1.3014	467.7959	453.7919	45.5324	477.5075	95.5556	467.3548	95.1852	471.7274	94.6759	473.9131	94.6759	
27/08/2017	00:59:41	011995	G523118614HLR	L523	S		452.9504	1.0400	0.0000	100.1088	40.1589	0.8230	1.1604	5.0000	27.7208	508.0285	94.8380	15.0500	25.3000	0.9300	0.9243	0.6770	-0.0008	508.0000	509.5416	1.0272	8.8873	99.7240	40.7887	0.8230	0.8252	5.0000	-9999.0000	-9999.0000	-9999.0000	-9999.0000	-9999.0000	-9999.0000	17.5503	2	0	30.5690	1.0000	11	2	-9999.0000	29954	57162	-9999	-9999	552	1111	337.5241	5	0.6619	0.6770	-0.0008	35.9667	1.3014	475.8021	503.7082	45.1157	481.8334	95.5556	475.1539	95.0926	478.8000	94.6528	482.1634	94.6528	
27/08/2017	01:00:10	011995	G523118629HLR	L523	S		442.8297	1.0400	0.0000	99.8737	40.1667	0.8230	1.1605	5.0000	26.4259	508.0370	94.9306	19.6894	25.5000	0.9300	0.9244	0.6800	-0.0010	508.0000	505.7164	1.0272	8.9660	100.0935	40.7977	0.8230	0.8256	5.0000	-9999.0000	-9999.0000	-9999.0000	-9999.0000	-9999.0000	-9999.0000	17.2002	3	0	28.7085	1.0000	11	2	-9999.0000	29955	57163	-9999	-9999	553	1113	335.4595	5	0.6604	0.6800	-0.0010	36.6740	1.2675	459.6097	425.8103	47.1759	467.3242	95.4398	459.3492	95.0463	462.5914	94.6759	465.0294	94.6759	
27/08/2017	01:00:41	011995	G523118632HLR	L523	S		450.8375	1.0400	0.0000	99.7520	40.1722	0.8230	1.1605	5.0000	25.2690	508.1047	94.8843	15.9191	25.4000	0.9300	0.9243	0.6800	-0.0010	508.0000	509.7876	1.0272	8.8822	99.8773	40.7946	0.8230	0.8255	5.0000	-9999.0000	-9999.0000	-9999.0000	-9999.0000	-9999.0000	-9999.0000	17.3180	4	0	31.0575	1.0000	11	2	-9999.0000	29956	57164	-9999	-9999	554	1115	337.3819	5	0.6604	0.6800	-0.0010	36.6740	1.2675	471.1966	496.9761	47.8472	478.4002	95.6019	470.9108	95.1852	474.6248	94.6528	478.2348	94.6065	
27/08/2017	01:01:10	011995	G523118640HLR	L523	S		450.5671	1.0400	0.0000	99.8672	40.1720	0.8230	1.1605	5.0000	25.5525	508.0222	94.8843	14.5490	25.4000	0.9300	0.9242	0.6780	-0.0009	508.0000	507.9787	1.0272	8.9194	99.6762	40.7973	0.8230	0.8256	5.0000	-9999.0000	-9999.0000	-9999.0000	-9999.0000	-9999.0000	-9999.0000	17.2694	5	0	28.6283	1.0000	11	2	-9999.0000	29957	57165	-9999	-9999	555	1117	337.6993	5	0.6602	0.6780	-0.0009	39.0566	1.1471	475.3219	442.5634	45.7407	481.5088	95.3935	475.0652	95.0463	478.4918	94.6528	481.8700	94.6759	
27/08/2017	01:01:39	011995	G523118642HLR	L523	S		447.7227	1.0400	0.0000	99.7710	40.1667	0.8230	1.1605	5.0000	25.3858	508.0220	94.8843	15.8790	25.4000	0.9300	0.9244	0.6743	-0.0007	508.0000	507.8948	1.0272	8.9212	100.0350	40.7971	0.8230	0.8256	5.0000	-9999.0000	-9999.0000	-9999.0000	-9999.0000	-9999.0000	-9999.0000	17.1920	6	0	29.2689	1.0000	11	2	-9999.0000	29958	57166	-9999	-9999	556	1119	336.7027	5	0.6605	0.6743	-0.0007	39.5305	1.1350	474.6602	465.7700	49.2361	479.2403	95.3472	473.9975	94.9074	477.3458	94.6296	481.0096	94.6991	
27/08/2017	01:02:08	011995	G523117144HLR	L523	S		448.0649	1.0400	0.0000	99.9447	40.1639	0.8230	1.1603	5.0000	27.5671	508.0883	94.8843	17.0996	25.4000	0.9300	0.9244	0.6726	-0.0007	508.0000	507.6392	1.0272	8.9264	99.8018	40.7953	0.8230	0.8257	5.0000	-9999.0000	-9999.0000	-9999.0000	-9999.0000	-9999.0000	-9999.0000	17.3691	7	0	28.4986	1.0000	11	2	-9999.0000	29959	57167	-9999	-9999	557	1120	336.2884	5	0.6606	0.6726	-0.0007	40.5505	1.0971	472.6550	486.1308	48.3565	479.0594	95.3704	472.3202	94.9537	476.1453	94.6528	478.7209	94.6991	
27/08/2017	01:02:37	011995	G523118663HLR	L523	S		446.8733	1.0400	0.0000	99.7372	40.1699	0.8230	1.1604	5.0000	25.7090	508.0236	94.9306	20.0097	25.5000	0.9300	0.9243	0.6750	-0.0008	508.0000	507.1983	1.0272	8.9355	99.7338	40.7972	0.8230	0.8258	5.0000	-9999.0000	-9999.0000	-9999.0000	-9999.0000	-9999.0000	-9999.0000	17.2293	8	0	29.3177	1.0000	11	2	-9999.0000	29960	57168	-9999	-9999	558	1122	335.0525	5	0.6608	0.6750	-0.0008	41.8074	1.0334	469.7191	486.3722	49.0972	479.1477	95.4630	469.3118	95.0463	471.8025	94.6759	474.7050	94.6528	
27/08/2017	01:03:07	011995	G523118612HLR	L523	S		446.8187	1.0400	0.0000	99.8029	40.1750	0.8230	1.1606	5.0000	24.5783	508.0061	94.8843	17.5684	25.4000	0.9300	0.9243	0.6752	-0.0008	508.0000	507.5602	1.0272	8.9280	99.9819	40.7954	0.8230	0.8259	5.0000	-9999.0000	-9999.0000	-9999.0000	-9999.0000	-9999.0000	-9999.0000	17.2700	1	0	30.4386	1.0000	11	2	-9999.0000	29960	57169	-9999	-9999	559	1124	336.0151	5	0.6611	0.6752	-0.0008	42.9942	0.9870	470.9715	478.8046	47.6389	479.8265	95.7176	470.7357	95.3241	473.2526	94.7222	475.7561	94.6065	
27/08/2017	01:03:41	011995	G523120057HLR	L523	S		447.8297	1.0400	0.0000	99.8449	40.1829	0.8230	1.1609	5.0000	25.5712	508.0845	94.8843	15.3595	25.3000	0.9300	0.9242	0.6752	-0.0008	508.0000	508.0253	1.0272	8.9185	99.9022	40.7893	0.8230	0.8260	5.0000	-9999.0000	-9999.0000	-9999.0000	-9999.0000	-9999.0000	-9999.0000	17.1689	2	0	34.0484	1.0000	04	1	-9999.0000	29961	57170	-9999	-9999	559	1126	337.0309	5	0.6611	0.6752	-0.0008	42.9942	0.9870	473.1762	503.3285	49.4907	480.7711	95.4398	472.7302	94.9537	477.6742	94.6065	480.5178	94.7222	
27/08/2017	01:04:11	011995	G523120090HLR	L523	S		449.5301	1.0400	0.0000	99.8463	40.1718	0.8230	1.1604	5.0000	26.2180	508.0597	94.9306	16.5792	25.4000	0.9300	0.9243	0.6747	-0.0007	508.0000	506.5747	1.0272	8.9483	99.8183	40.7891	0.8230	0.8260	5.0000	-9999.0000	-9999.0000	-9999.0000	-9999.0000	-9999.0000	-9999.0000	17.0976	3	0	29.5185	1.0000	04	1	-9999.0000	29961	57170	-9999	-9999	559	1128	336.5163	5	0.6615	0.6747	-0.0007	44.2429	0.8910	471.0859	507.8427	48.8889	476.8871	95.4630	470.5901	95.0926	473.4185	94.6528	476.7791	94.6528	
27/08/2017	01:04:39	011995	G523120003HLR	L523	S		445.6429	1.0400	0.0000	99.8545	40.1824	0.8230	1.1605	5.0000	25.4881	508.0828	94.8843	16.3995	25.3000	0.9300	0.9243	0.6747	-0.0007	508.0000	507.8433	1.0272	8.9222	99.7275	40.7951	0.8230	0.8258	5.0000	-9999.0000	-9999.0000	-9999.0000	-9999.0000	-9999.0000	-9999.0000	17.2391	4	0	28.2586	1.0000	04	1	-9999.0000	29962	57170	-9999	-9999	560	1130	336.6604	5	0.6615	0.6747	-0.0007	44.2429	0.8910	471.7527	498.2244	51.1343	479.4459	95.4167	471.5895	95.0000	475.4858	94.6528	478.4828	94.6759	
27/08/2017	01:05:09	011995	G523120013HLR	L523	S		447.4241	1.0400	0.0000	99.8779	40.1835	0.8230	1.1604	5.0000	26.2350	508.0251	94.8611	15.9191	25.3000	0.9300	0.9243	0.6714	-0.0005	508.0000	508.1312	1.0272	8.9163	100.0217	40.7935	0.8230	0.8259	5.0000	-9999.0000	-9999.0000	-9999.0000	-9999.0000	-9999.0000	-9999.0000	17.1988	5	0	30.1184	1.0000	04	1	-9999.0000	29963	57171	-9999	-9999	561	1131	336.7124	5	0.6621	0.6714	-0.0005	48.5573	0.6349	474.2670	468.4041	48.4259	481.5174	95.4167	473.7626	94.9537	477.1447	94.6296	481.7384	94.6759	
27/08/2017	01:05:39	011995	G523120032HLR	L523	S		445.3253	1.0400	0.0000	99.8832	40.1766	0.8230	1.1603	5.0000	27.4685	508.0298	94.9074	23.0388	25.4000	0.9300	0.9244	0.6688	-0.0004	508.0000	509.3583	1.0272	8.8911	100.0107	40.7860	0.8230	0.8260	5.0000	-9999.0000	-9999.0000	-9999.0000	-9999.0000	-9999.0000	-9999.0000	17.2690	6	0	29.3314	1.0000	04	1	-9999.0000	29964	57172	-9999	-9999	562	1132	334.8177	5	0.6628	0.6688	-0.0004	47.4283	0.7145	469.7521	476.7729	47.6620	481.7354	95.4630	469.7514	95.0231	472.6056	94.6759	474.7673	94.6991	
27/08/2017	01:06:07	011995	G523120071HLR	L523	S		446.5350	1.0400	0.0000	100.0622	40.1638	0.8230	1.1602	5.0000	30.5880	508.0623	94.9306	18.5986	25.3000	0.9300	0.9242	0.6739	-0.0007	508.0000	509.5500	1.0272	8.8871	99.7365	40.7770	0.8230	0.8260	5.0000	-9999.0000	-9999.0000	-9999.0000	-9999.0000	-9999.0000	-9999.0000	17.1420	7	0	28.3049	1.0000	04	1	-9999.0000	29965	57173	-9999	-9999	563	1134	336.4515	5	0.6629	0.6739	-0.0007	50.5225	0.5588	473.9933	487.0636	48.6343	483.4235	95.6481	473.9484	95.2315	476.4838	94.6759	479.2636	94.5833	
27/08/2017	01:06:37	011995	G523120079HLR	L523	S		449.0041	1.0400	0.0000	99.7843	40.1818	0.8230	1.1604	5.0000	25.9360	508.0517	94.8843	15.1291	25.3000	0.9300	0.9242	0.6739	-0.0007	508.0000	508.8095	1.0272	8.9023	100.1196	40.7578	0.8230	0.8260	5.0000	-9999.0000	-9999.0000	-9999.0000	-9999.0000	-9999.0000	-9999.0000	17.2957	8	0	30.2384	1.0000	04	1	-9999.0000	29965	57174	-9999	-9999	564	1136	337.2517	5	0.6629	0.6739	-0.0007	50.5225	0.5588	475.4298	479.6916	48.6343	485.2878	95.5556	474.9033	95.0926	478.2222	94.6296	482.3912	94.6296	
27/08/2017	01:07:08	011995	G523120092HLR	L523	S		445.3333	1.0400	0.0000	99.8028	40.1839	0.8230	1.1605	5.0000	25.2654	508.0188	94.8843	17.4893	25.3000	0.9300	0.9243	0.6722	-0.0006	508.0000	507.8676	1.0272	8.9217	99.7663	40.7175	0.8230	0.8250	5.0000	-9999.0000	-9999.0000	-9999.0000	-9999.0000	-9999.0000	-9999.0000	17.1693	1	0	31.2034	1.0000	04	1	-9999.0000	29965	57174	-9999	-9999	565	1138	336.3634	5	0.6628	0.6722	-0.0006	55.2496	0.2766	471.6607	481.8132	47.0833	478.0707	95.3472	471.5000	94.9306	475.1999	94.6528	479.0432	94.6991	
27/08/2017	01:07:39	011995	G523120086HLR	L523	S		447.9833	1.0400	0.0000	99.7267	40.1665	0.8230	1.1603	5.0000	27.0786	508.0598	94.9074	18.3486	25.3000	0.9300	0.9243	0.6754	-0.0008	508.0000	506.3814	1.0272	8.9523	99.7986	40.7103	0.8230	0.8246	5.0000	-9999.0000	-9999.0000	-9999.0000	-9999.0000	-9999.0000	-9999.0000	17.6424	2	0	30.9826	1.0000	04	1	-9999.0000	29966	57174	-9999	-9999	566	1140	336.0861	5	0.6619	0.6754	-0.0008	52.8199	0.4582	467.6543	466.5435	45.4630	474.2621	95.4398	467.1209	95.0231	470.0407	94.6528	474.1687	94.6991	
27/08/2017	01:08:08	011995	G523120078HLR	L523	S		446.5602	1.0400	0.0000	99.7981	40.1667	0.8230	1.1604	5.0000	26.2388	508.1429	94.8843	13.9992	25.3000	0.9300	0.9242	0.6754	-0.0008	508.0000	508.1868	1.0272	8.9152	100.0921	40.7167	0.8230	0.8245	5.0000	-9999.0000	-9999.0000	-9999.0000	-9999.0000	-9999.0000	-9999.0000	17.3381	3	0	28.7788	1.0000	04	1	-9999.0000	29967	57174	-9999	-9999	567	1142	337.8035	5	0.6619	0.6754	-0.0008	52.8199	0.4582	476.2380	511.9128	46.9907	482.7950	95.5556	475.9452	95.0694	479.8891	94.6296	483.1806	94.6296	
27/08/2017	01:08:37	011995	G523120064HLR	L523	S		448.4051	1.0400	0.0000	99.7807	40.1667	0.8230	1.1605	5.0000	25.3527	508.0380	94.8843	15.4093	25.3000	0.9300	0.9244	0.6751	-0.0008	508.0000	508.7348	1.0272	8.9039	100.0676	40.7167	0.8230	0.8245	5.0000	-9999.0000	-9999.0000	-9999.0000	-9999.0000	-9999.0000	-9999.0000	17.2941	4	0	28.3786	1.0000	04	1	-9999.0000	29968	57175	-9999	-9999	568	1144	337.0998	5	0.6619	0.6751	-0.0008	52.8213	0.4581	474.7332	460.8916	46.3889	479.2016	95.3704	474.1377	94.8843	477.7583	94.6065	480.8278	94.6528	
27/08/2017	01:09:05	011995	G523120072HLR	L523	S		446.3833	1.0400	0.0000	99.8438	40.1460	0.8230	1.1603	5.0000	27.2882	508.0593	94.9537	19.9393	25.4000	0.9300	0.9244	0.6752	-0.0008	508.0000	506.7920	1.0272	8.9439	99.8511	40.7486	0.8230	0.8246	5.0000	-9999.0000	-9999.0000	-9999.0000	-9999.0000	-9999.0000	-9999.0000	17.5485	5	0	28.0483	1.0000	04	1	-9999.0000	29969	57176	-9999	-9999	569	1146	335.4166	5	0.6622	0.6752	-0.0008	52.5609	0.4968	465.1799	463.0867	46.4583	472.8744	95.4630	464.8238	95.0000	467.8668	94.6759	471.4436	94.6991	
27/08/2017	01:09:32	011995	G523120067HLR	L523	S		447.3304	1.0400	0.0000	99.8604	40.1333	0.8230	1.1602	5.0000	28.2018	508.0391	94.8380	15.1193	25.3000	0.9300	0.9242	0.6752	-0.0008	508.0000	507.7287	1.0272	8.9246	100.0684	40.7667	0.8230	0.8252	5.0000	-9999.0000	-9999.0000	-9999.0000	-9999.0000	-9999.0000	-9999.0000	17.4293	6	0	27.0689	1.0000	04	1	-9999.0000	29970	57176	-9999	-9999	570	1148	337.2985	5	0.6622	0.6752	-0.0008	52.5609	0.4968	474.5880	502.0989	47.1991	479.7402	95.6250	473.8173	95.1852	477.8853	94.6528	480.7556	94.6065	
27/08/2017	01:10:01	011995	G523120087HLR	L523	S		449.0566	1.0400	0.0000	99.9099	40.1235	0.8230	1.1603	5.0000	28.0174	508.0698	94.9074	16.1690	25.3000	0.9300	0.9244	0.6754	-0.0008	508.0000	509.5075	1.0272	8.8880	100.0313	40.7667	0.8230	0.8255	5.0000	-9999.0000	-9999.0000	-9999.0000	-9999.0000	-9999.0000	-9999.0000	17.3340	7	0	29.3688	1.0000	04	1	-9999.0000	29971	57177	-9999	-9999	571	1150	336.9127	5	0.6625	0.6754	-0.0008	54.6098	0.3958	474.4496	465.7220	46.6898	480.9821	95.3472	474.0564	94.9074	476.7895	94.6296	481.1592	94.6991	
27/08/2017	01:10:30	011995	G523120068HLR	L523	S		448.6563	1.0400	0.0000	99.7788	40.1303	0.8230	1.1604	5.0000	25.7740	508.0562	94.9074	17.4385	25.4000	0.9300	0.9245	0.6732	-0.0006	508.0000	509.2156	1.0272	8.8940	99.7348	40.7783	0.8230	0.8257	5.0000	-9999.0000	-9999.0000	-9999.0000	-9999.0000	-9999.0000	-9999.0000	17.7890	8	0	28.7387	1.0000	04	1	-9999.0000	29972	57178	-9999	-9999	572	1151	336.3775	5	0.6621	0.6732	-0.0006	56.5228	0.2833	471.0169	480.4811	45.9259	479.2267	95.5787	470.4154	95.0694	474.5966	94.6296	477.1236	94.6528	
27/08/2017	01:11:01	011995	G523119531HLR	L523	S		446.9880	1.0400	0.0000	99.8282	40.1293	0.8230	1.1605	5.0000	25.1656	508.0240	94.8843	15.1886	25.3000	0.9300	0.9242	0.6732	-0.0006	508.0000	509.1864	1.0272	8.8946	99.8195	40.7749	0.8230	0.8258	5.0000	-9999.0000	-9999.0000	-9999.0000	-9999.0000	-9999.0000	-9999.0000	17.2083	1	0	30.8379	1.0000	04	1	-9999.0000	29973	57179	-9999	-9999	573	1153	337.0935	5	0.6621	0.6732	-0.0006	56.5228	0.2833	475.3734	456.5829	47.8009	482.3550	95.4167	475.0993	94.9769	479.2242	94.6296	482.1450	94.6759	
27/08/2017	01:11:31	011995	G523119552HLR	L523	S		452.0147	1.0400	0.0000	99.7286	40.1299	0.8230	1.1605	5.0000	25.0656	508.0544	94.9306	13.7385	25.3000	0.9300	0.9243	0.6737	-0.0007	508.0000	508.9983	1.0272	8.8985	99.7708	40.7680	0.8230	0.8259	5.0000	-9999.0000	-9999.0000	-9999.0000	-9999.0000	-9999.0000	-9999.0000	17.0685	2	0	30.2976	1.0000	04	1	-9999.0000	29974	57180	-9999	-9999	574	1154	337.7092	5	0.6623	0.6737	-0.0007	56.1609	0.2897	479.7342	477.6816	46.4815	485.1065	95.3009	479.2456	94.8148	482.7968	94.5833	485.6435	94.7222	
27/08/2017	01:12:02	011995	G523119522HLR	L523	S		450.3406	1.0400	0.0000	99.6428	40.1310	0.8230	1.1606	5.0000	24.0785	508.0454	94.8611	15.0890	25.4000	0.9300	0.9244	0.6734	-0.0007	508.0000	508.9654	1.0272	8.8991	99.8535	40.7757	0.8230	0.8257	5.0000	-9999.0000	-9999.0000	-9999.0000	-9999.0000	-9999.0000	-9999.0000	17.1560	3	0	31.3080	1.0000	04	1	-9999.0000	29975	57180	-9999	-9999	575	1155	337.1504	5	0.6621	0.6734	-0.0007	56.0416	0.2946	476.3559	482.9350	48.4954	484.5636	95.4167	476.0383	94.9074	479.4972	94.6296	483.5703	94.7222	
27/08/2017	01:12:36	011995	G523119534HLR	L523	S		449.1408	1.0400	0.0000	99.8767	40.1170	0.8230	1.1604	5.0000	26.3618	508.0223	94.8611	14.5685	25.4000	0.9300	0.9244	0.6703	-0.0005	508.0000	507.8745	1.0272	8.9216	99.6352	40.7730	0.8230	0.8255	5.0000	-9999.0000	-9999.0000	-9999.0000	-9999.0000	-9999.0000	-9999.0000	17.1590	4	0	34.1290	1.0000	04	1	-9999.0000	29976	57181	-9999	-9999	576	1157	337.0797	5	0.6625	0.6703	-0.0005	61.2461	-0.0414	478.3425	489.4105	46.8287	486.7489	95.5556	477.5992	95.0694	481.4487	94.6759	484.3064	94.6759	
27/08/2017	01:13:07	011995	G523119530HLR	L523	S		447.0799	1.0400	0.0000	99.8257	40.1166	0.8230	1.1605	5.0000	25.7271	508.0403	94.8843	14.1086	25.4000	0.9300	0.9244	0.6679	-0.0003	508.0000	507.5864	1.0272	8.9275	99.9864	40.7698	0.8230	0.8254	5.0000	-9999.0000	-9999.0000	-9999.0000	-9999.0000	-9999.0000	-9999.0000	17.2892	5	0	30.3286	1.0000	04	1	-9999.0000	29977	57182	-9999	-9999	577	1159	337.0614	5	0.6626	0.6679	-0.0003	63.3840	-0.1663	479.1986	494.3244	46.1111	485.6479	95.4167	478.3666	94.9074	483.3085	94.6296	486.0799	94.7222	
27/08/2017	01:13:36	011995	G523118715HLR	L523	S		449.9705	1.0400	0.0000	100.1459	40.1031	0.8230	1.1603	5.0000	27.8660	508.1073	94.8611	14.6291	25.4000	0.9300	0.9244	0.6681	-0.0003	508.0000	507.8966	1.0272	8.9211	99.6972	40.7500	0.8230	0.8248	5.0000	-9999.0000	-9999.0000	-9999.0000	-9999.0000	-9999.0000	-9999.0000	17.1288	6	0	29.7376	1.0000	04	1	-9999.0000	29978	57183	-9999	-9999	578	1161	337.0945	5	0.6627	0.6681	-0.0003	64.3040	-0.2134	478.7299	453.0227	48.0556	485.6379	95.3472	478.1139	94.8611	482.4833	94.6296	485.2799	94.6991	
27/08/2017	01:14:08	011995	G523118719HLR	L523	S		446.6868	1.0400	0.0000	99.8964	40.1000	0.8230	1.1604	5.0000	27.3187	508.0411	94.9074	16.0197	25.5000	0.9300	0.9245	0.6677	-0.0003	508.0000	508.6580	1.0272	8.9055	100.0686	40.7585	0.8230	0.8249	5.0000	-9999.0000	-9999.0000	-9999.0000	-9999.0000	-9999.0000	-9999.0000	17.4091	7	0	32.0383	1.0000	04	1	-9999.0000	29979	57184	-9999	-9999	579	1163	336.7328	5	0.6627	0.6677	-0.0003	61.5628	-0.0836	476.9038	480.0935	45.7639	488.0952	95.4398	476.3615	94.9537	481.4556	94.6528	483.7627	94.6991	
27/08/2017	01:14:36	011995	G523118533HLR	L523	S		438.2310	1.0400	0.0000	99.9401	40.1000	0.8230	1.1604	5.0000	28.2520	508.0428	94.8843	23.0289	25.5000	0.9300	0.9245	0.6775	-0.0010	508.0000	503.8882	1.0272	8.9964	99.6662	40.7667	0.8230	0.8251	5.0000	-9999.0000	-9999.0000	-9999.0000	-9999.0000	-9999.0000	-9999.0000	17.2974	8	0	27.9505	1.0000	04	1	-9999.0000	29980	57185	-9999	-9999	580	1165	332.5636	5	0.6626	0.6775	-0.0010	55.7381	0.2679	454.1943	463.9038	47.1528	471.2405	95.6944	454.0443	95.2546	458.5401	94.7454	460.9025	94.6759	
27/08/2017	01:15:08	011995	G523119545HLR	L523	S		448.4488	1.0400	0.0000	100.2708	40.1013	0.8230	1.1605	5.0000	27.3177	508.1214	94.8611	13.9494	25.4000	0.9300	0.9242	0.6775	-0.0010	508.0000	507.8957	1.0272	8.9211	99.7474	40.7667	0.8230	0.8249	5.0000	-9999.0000	-9999.0000	-9999.0000	-9999.0000	-9999.0000	-9999.0000	17.5772	1	0	31.0964	1.0000	04	1	-9999.0000	29981	57186	-9999	-9999	581	1167	337.4203	5	0.6626	0.6775	-0.0010	55.7381	0.2679	474.7025	503.5731	47.6852	483.1490	95.7639	473.8046	95.2315	479.1733	94.6296	482.5619	94.6065	
27/08/2017	01:15:38	011995	G523119528HLR	L523	S		443.4482	1.0400	0.0000	99.8960	40.1165	0.8230	1.1604	5.0000	27.3690	508.1052	94.9074	13.9494	25.3000	0.9300	0.9243	0.6705	-0.0005	508.0000	508.3898	1.0272	8.9110	99.6739	40.7833	0.8230	0.8254	5.0000	-9999.0000	-9999.0000	-9999.0000	-9999.0000	-9999.0000	-9999.0000	17.2184	2	0	30.4482	1.0000	04	1	-9999.0000	29982	57187	-9999	-9999	582	1169	337.2418	5	0.6628	0.6705	-0.0005	54.1961	0.3496	479.7294	475.2771	48.4491	485.7609	95.3704	479.3965	94.8843	483.0015	94.6296	487.4489	94.6991	
27/08/2017	01:16:07	011995	G523118764HLR	L523	S		445.8866	1.0400	0.0000	99.7899	40.1138	0.8230	1.1605	5.0000	26.7577	508.0463	94.8611	21.0389	25.4000	0.9300	0.9244	0.6698	-0.0005	508.0000	506.5970	1.0272	8.9479	99.7727	40.7778	0.8230	0.8253	5.0000	-9999.0000	-9999.0000	-9999.0000	-9999.0000	-9999.0000	-9999.0000	17.1024	3	0	29.3065	1.0000	04	1	-9999.0000	29983	57188	-9999	-9999	583	1171	333.7569	5	0.6624	0.6698	-0.0005	47.5866	0.7895	461.5902	479.3548	46.1574	473.5150	95.3704	461.4246	94.9306	464.7245	94.6759	467.7632	94.6991	
27/08/2017	01:16:36	011995	G523118743HLR	L523	S		448.1494	1.0400	0.0000	100.1087	40.1265	0.8230	1.1604	5.0000	27.7664	508.0423	94.8611	15.1096	25.3000	0.9300	0.9243	0.6698	-0.0005	508.0000	508.1022	1.0272	8.9169	99.6975	40.7667	0.8230	0.8251	5.0000	-9999.0000	-9999.0000	-9999.0000	-9999.0000	-9999.0000	-9999.0000	17.1690	4	0	29.0107	1.0000	04	1	-9999.0000	29984	57189	-9999	-9999	584	1173	336.7448	5	0.6624	0.6698	-0.0005	47.5866	0.7895	477.8695	511.0312	47.9398	484.2738	95.8333	477.4124	95.3472	480.9035	94.6759	483.8152	94.6065	
27/08/2017	01:17:03	011995	G523118696HLR	L523	S		428.9461	1.0400	0.0000	99.7749	40.1370	0.8230	1.1607	5.0000	24.9780	508.0402	94.9074	15.3888	25.3000	0.9300	0.9243	0.6783	-0.0010	508.0000	508.6493	1.0272	8.9056	100.0835	40.7667	0.8230	0.8252	5.0000	-9999.0000	-9999.0000	-9999.0000	-9999.0000	-9999.0000	-9999.0000	17.2487	5	0	27.1382	1.0000	04	1	-9999.0000	29985	57190	-9999	-9999	585	1175	336.6565	5	0.6627	0.6783	-0.0010	48.2947	0.7559	466.6921	492.4799	48.5185	467.5185	95.4861	466.1389	94.9769	471.8847	94.6065	476.3819	94.6759	
27/08/2017	01:17:46	011995	G523118725HLR	L523	S		444.1299	1.0400	0.0000	99.8815	40.1333	0.8230	1.1603	5.0000	28.1575	508.0465	94.9306	16.1690	25.4000	0.9300	0.9244	0.6695	-0.0004	508.0000	507.7177	1.0272	8.9248	99.8138	40.7777	0.8230	0.8254	5.0000	-9999.0000	-9999.0000	-9999.0000	-9999.0000	-9999.0000	-9999.0000	17.0784	6	0	42.0874	1.0000	04	1	-9999.0000	29986	57191	-9999	-9999	586	1177	336.6595	5	0.6630	0.6695	-0.0004	49.3439	0.7171	474.5340	469.6632	48.1019	480.0904	95.3935	473.8704	94.8843	478.3351	94.6065	480.6217	94.6991	
27/08/2017	01:18:15	011995	G523118709HLR	L523	S		448.1252	1.0400	0.0000	99.9128	40.1412	0.8230	1.1604	5.0000	27.4417	508.0476	94.8843	14.7091	25.3000	0.9300	0.9243	0.6738	-0.0007	508.0000	508.3471	1.0272	8.9119	99.7408	40.7766	0.8230	0.8257	5.0000	-9999.0000	-9999.0000	-9999.0000	-9999.0000	-9999.0000	-9999.0000	17.0582	7	0	29.5386	1.0000	04	1	-9999.0000	29987	57192	-9999	-9999	587	1179	336.9860	5	0.6626	0.6738	-0.0007	52.1478	0.5102	476.5956	485.1727	48.5185	482.8403	95.5324	476.0541	95.0463	480.7654	94.6759	483.3645	94.6528	
27/08/2017	01:18:44	011995	G523117444HLR	L523	S		445.9359	1.0400	0.0000	99.8112	40.1453	0.8230	1.1604	5.0000	26.3280	508.0479	94.9074	17.8594	25.4000	0.9300	0.9244	0.6741	-0.0007	508.0000	506.1585	1.0272	8.9569	99.6427	40.7000	0.8230	0.8245	5.0000	-9999.0000	-9999.0000	-9999.0000	-9999.0000	-9999.0000	-9999.0000	17.1482	8	0	28.9485	1.0000	04	1	-9999.0000	29988	57193	-9999	-9999	588	1181	335.8836	5	0.6625	0.6741	-0.0007	54.4095	0.4013	469.6643	475.7356	47.8704	475.9675	95.5324	468.9426	95.0231	471.7219	94.6759	475.6265	94.6759	
27/08/2017	01:19:13	011995	G523117466HLR	L523	S		456.8305	1.0400	0.0000	99.8312	40.1535	0.8230	1.1604	5.0000	26.0395	508.0291	94.8843	15.6886	25.3000	0.9300	0.9244	0.6712	-0.0005	508.0000	511.4332	1.0272	8.8484	99.8903	40.7203	0.8230	0.8245	5.0000	-9999.0000	-9999.0000	-9999.0000	-9999.0000	-9999.0000	-9999.0000	17.1187	1	0	29.3589	1.0000	04	1	-9999.0000	29989	57194	-9999	-9999	589	1183	336.6258	5	0.6625	0.6712	-0.0005	55.7733	0.3519	477.6412	512.2042	46.6667	485.3513	95.6250	477.4410	95.2083	480.4174	94.6759	483.4678	94.6296	
27/08/2017	01:19:42	011995	G523118503HLR	L523	S		445.0382	1.0400	0.0000	99.7490	40.1535	0.8230	1.1606	5.0000	24.1277	482.5827	94.5602	31.0091	25.3000	0.9300	0.9242	0.6706	-0.0005	508.0000	515.7696	1.0272	8.7591	100.0320	40.7436	0.8230	0.8248	5.0000	-9999.0000	-9999.0000	-9999.0000	-9999.0000	-9999.0000	-9999.0000	17.4030	2	2	28.1477	1.0000	04	1	-9999.0000	29990	57195	-9999	-9999	590	1184	315.8359	5	0.6623	0.6706	-0.0005	55.6217	0.3578	424.2145	487.1255	46.3426	424.3041	95.9028	423.5514	95.4861	428.6910	94.7222	433.9652	94.6991	
27/08/2017	01:20:12	011995	G523118532HLR	L523	S		427.4156	1.0400	0.0000	99.9147	40.1191	0.8230	1.1604	5.0000	28.3984	508.0778	94.9306	18.6689	25.2000	0.9300	0.9242	0.6698	-0.0005	508.0000	511.3045	1.0272	8.8510	99.6940	40.7500	0.8230	0.8250	5.0000	-9999.0000	-9999.0000	-9999.0000	-9999.0000	-9999.0000	-9999.0000	17.4009	3	0	30.6788	1.0000	04	1	-9999.0000	29991	57196	-9999	-9999	591	1186	335.9392	5	0.6623	0.6698	-0.0005	57.5634	0.2471	470.3217	518.0006	47.2454	474.9814	95.6250	469.9695	95.1157	475.0168	94.5602	478.8098	94.7454	
27/08/2017	01:20:43	011995	G523118765HLR	L523	S		452.9753	1.0400	0.0000	99.7484	40.1486	0.8230	1.1604	5.0000	25.9367	508.0329	94.8843	15.9493	25.2000	0.9300	0.9242	0.6698	-0.0005	508.0000	508.2153	1.0272	8.9146	99.8830	40.7500	0.8230	0.8252	5.0000	-9999.0000	-9999.0000	-9999.0000	-9999.0000	-9999.0000	-9999.0000	17.5180	4	0	30.7795	1.0000	04	1	-9999.0000	29992	57197	-9999	-9999	591	1188	336.6618	5	0.6623	0.6698	-0.0005	57.5634	0.2471	476.9845	494.8722	47.0833	485.3040	95.5093	476.3459	95.0231	480.5170	94.5833	482.5023	94.6759	
27/08/2017	01:21:11	011995	G523118542HLR	L523	S		446.1112	1.0400	0.0000	99.7927	40.1249	0.8230	1.1604	5.0000	25.9678	508.0391	94.8843	15.8693	25.2000	0.9300	0.9244	0.6696	-0.0004	508.0000	507.3602	1.0272	8.9322	99.7014	40.7500	0.8230	0.8251	5.0000	-9999.0000	-9999.0000	-9999.0000	-9999.0000	-9999.0000	-9999.0000	17.3115	5	0	28.4277	1.0000	04	1	-9999.0000	29992	57198	-9999	-9999	592	1189	336.6295	5	0.6620	0.6696	-0.0004	55.7586	0.3179	474.9183	528.1696	49.0046	481.8963	95.3935	474.3833	94.9074	478.8637	94.6065	481.5577	94.6991	
27/08/2017	01:21:42	011995	G523118507HLR	L523	S		450.7915	1.0400	0.0000	99.7831	40.1164	0.8230	1.1604	5.0000	26.3416	508.0539	94.9074	16.6495	25.3000	0.9300	0.9244	0.6724	-0.0007	508.0000	507.1958	1.0272	8.9355	99.8041	40.7500	0.8230	0.8251	5.0000	-9999.0000	-9999.0000	-9999.0000	-9999.0000	-9999.0000	-9999.0000	17.0461	6	0	30.2581	1.0000	04	1	-9999.0000	29993	57198	-9999	-9999	593	1191	336.3791	5	0.6577	0.6724	-0.0007	53.7069	0.4835	473.1549	478.8654	49.3750	479.7950	95.4630	472.7088	94.9537	477.0480	94.6296	478.8112	94.6759	
27/08/2017	01:22:11	011995	G523118530HLR	L523	S		452.9472	1.0400	0.0000	99.7809	40.1157	0.8230	1.1605	5.0000	25.1211	508.0559	94.8843	15.7989	25.3000	0.9300	0.9243	0.6724	-0.0007	508.0000	509.8444	1.0272	8.8811	99.7989	40.7500	0.8230	0.8253	5.0000	-9999.0000	-9999.0000	-9999.0000	-9999.0000	-9999.0000	-9999.0000	17.3400	7	0	29.5784	1.0000	04	1	-9999.0000	29994	57198	-9999	-9999	594	1193	336.4232	5	0.6577	0.6724	-0.0007	53.7069	0.4835	475.1013	472.0985	48.3796	484.0132	95.3472	474.7076	94.8611	478.6550	94.6065	482.1503	94.7454	
27/08/2017	01:22:42	011995	G523117452HLR	L523	S		448.3001	1.0400	0.0000	99.8627	40.0997	0.8230	1.1603	5.0000	27.6682	508.0295	94.8843	14.7092	25.2000	0.9300	0.9244	0.6725	-0.0007	508.0000	508.1115	1.0272	8.9167	99.7555	40.7500	0.8230	0.8252	5.0000	-9999.0000	-9999.0000	-9999.0000	-9999.0000	-9999.0000	-9999.0000	17.0619	8	0	31.0795	1.0000	04	1	-9999.0000	29995	57199	-9999	-9999	594	1195	336.7741	5	0.6576	0.6725	-0.0007	47.5969	0.7118	476.4700	462.9572	47.6852	481.9473	95.4398	475.6670	94.9537	479.3144	94.6296	483.0930	94.6991	
27/08/2017	01:23:13	011995	G523117451HLR	L523	S		468.0680	1.0400	0.0000	99.8786	40.0909	0.8230	1.1603	5.0000	27.8069	0.0000	0.0000	0.0000	0.0000	0.9300	0.0000	0.0000	0.0000	0.0000	468.2548	1.0272	8.2667	99.9342	40.7500	0.8230	0.8253	5.0000	-9999.0000	-9999.0000	-9999.0000	-9999.0000	-9999.0000	-9999.0000	17.1689	1	8	30.2969	1.0000	04	1	-9999.0000	29996	0	-9999	-9999	595	1197	0.0000	0	0.0000	0.0000	0.0000	0.0000	0.0000	0.0000	0.0000	0.0000	0.0000	0.0000	0.0000	0.0000	0.0000	0.0000	0.0000	0.0000	
27/08/2017	01:23:42	011995	G523118166HLR	L523	S		453.2684	1.0400	0.0000	99.7435	40.1000	0.8230	1.1605	5.0000	25.4824	508.0549	94.8380	15.4591	25.6000	0.9300	0.9249	0.6729	-0.0007	508.0000	509.9840	1.0272	8.8782	99.8269	40.7500	0.8230	0.8250	5.0000	-9999.0000	-9999.0000	-9999.0000	-9999.0000	-9999.0000	-9999.0000	17.4649	2	0	29.2981	1.0000	04	1	-9999.0000	29997	57200	-9999	-9999	595	1199	336.6829	5	0.6581	0.6729	-0.0007	47.6296	0.7493	478.5068	428.2603	45.5324	486.5914	95.2546	477.8688	94.8843	481.9457	94.6991	484.6799	94.7222	
27/08/2017	01:24:13	011995	G523118548HLR	L523	S		445.6915	1.0400	0.0000	100.1534	40.0809	0.8230	1.1604	5.0000	27.2883	508.0394	94.9537	17.6387	25.5000	0.9300	0.9246	0.6723	-0.0007	508.0000	506.8695	1.0272	8.9423	99.7744	40.7500	0.8230	0.8250	5.0000	-9999.0000	-9999.0000	-9999.0000	-9999.0000	-9999.0000	-9999.0000	17.3417	3	0	30.6588	1.0000	04	1	-9999.0000	29998	57201	-9999	-9999	595	1201	335.7827	5	0.6579	0.6723	-0.0007	45.6444	0.7890	471.8395	444.5832	46.8981	478.1889	95.3704	471.2933	94.9306	474.0015	94.6296	477.8251	94.6991	
27/08/2017	01:24:42	011995	G523118558HLR	L523	S		446.3813	1.0400	0.0000	99.8319	40.0770	0.8230	1.1605	5.0000	26.5826	508.0560	94.8611	15.9591	25.4000	0.9300	0.9243	0.6723	-0.0007	508.0000	507.0884	1.0272	8.9378	99.7561	40.7500	0.8230	0.8251	5.0000	-9999.0000	-9999.0000	-9999.0000	-9999.0000	-9999.0000	-9999.0000	17.1804	4	0	29.4083	1.0000	04	1	-9999.0000	29999	57202	-9999	-9999	595	1203	336.2718	5	0.6579	0.6723	-0.0007	45.6444	0.7890	473.6749	475.1809	47.5926	479.7754	95.5324	473.1123	95.0000	477.9121	94.6296	480.5087	94.7454	
27/08/2017	01:25:14	011995	G523118538HLR	L523	S		444.8099	1.0400	0.0000	100.1324	40.0698	0.8230	1.1604	5.0000	28.0882	508.0535	94.9074	16.6085	25.4000	0.9300	0.9244	0.6723	-0.0007	508.0000	506.6622	1.0272	8.9465	99.7088	40.7500	0.8230	0.8251	5.0000	-9999.0000	-9999.0000	-9999.0000	-9999.0000	-9999.0000	-9999.0000	17.3411	5	0	31.8692	1.0000	04	1	-9999.0000	30000	57203	-9999	-9999	595	1205	336.0669	5	0.6579	0.6723	-0.0007	45.6444	0.7890	472.7758	491.5592	48.9120	479.6331	95.4861	472.1173	95.0231	475.4655	94.6759	478.9374	94.6759	
27/08/2017	01:25:46	011995	G523118568HLR	L523	S		444.2948	1.0400	0.0000	99.8968	40.0718	0.8230	1.1605	5.0000	27.3597	508.0449	95.0000	18.3183	25.4000	0.9300	0.9244	0.6722	-0.0007	508.0000	506.6774	1.0272	8.9462	100.0536	40.7511	0.8230	0.8252	5.0000	-9999.0000	-9999.0000	-9999.0000	-9999.0000	-9999.0000	-9999.0000	17.3365	6	0	32.3368	1.0000	04	1	-9999.0000	30001	57204	-9999	-9999	596	1207	335.5093	5	0.6575	0.6722	-0.0007	44.1235	0.8551	472.7040	468.7979	47.3380	478.3661	95.6250	472.1994	95.0926	474.7241	94.6759	478.4027	94.6991	
27/08/2017	01:26:18	011995	G523118174HLR	L523	S		447.3947	1.0400	0.0000	99.7999	40.0897	0.8230	1.1606	5.0000	25.5045	508.0667	94.9537	19.0585	25.4000	0.9300	0.9243	0.6760	-0.0009	508.0000	508.3765	1.0272	8.9113	99.7963	40.7500	0.8230	0.8250	5.0000	-9999.0000	-9999.0000	-9999.0000	-9999.0000	-9999.0000	-9999.0000	17.2587	7	0	31.7569	1.0000	04	1	-9999.0000	30002	57204	-9999	-9999	597	1209	335.0005	5	0.6580	0.6760	-0.0009	45.7669	0.8000	470.5913	492.2638	48.7500	479.8083	95.6944	470.4447	95.2083	473.6495	94.6759	476.7350	94.6528	
27/08/2017	01:26:48	011995	G523118180HLR	L523	S		448.5085	1.0400	0.0000	100.0255	40.0807	0.8230	1.1605	5.0000	27.6880	508.0439	94.9306	17.8691	25.3000	0.9300	0.9242	0.6621	0.0000	508.0000	507.6145	1.0272	8.9269	99.8448	40.7489	0.8230	0.8248	5.0000	-9999.0000	-9999.0000	-9999.0000	-9999.0000	-9999.0000	-9999.0000	17.3467	8	0	29.9898	1.0000	04	1	-9999.0000	30003	57204	-9999	-9999	598	1211	335.5159	5	0.6619	0.6621	0.0000	47.0665	0.7389	470.0954	469.0276	50.1157	478.4957	95.7407	469.6014	95.3009	472.0150	94.6991	474.7266	94.6296	
27/08/2017	01:27:16	011995	G523118171HLR	L523	S		445.8833	1.0400	0.0000	99.8479	40.0955	0.8230	1.1606	5.0000	26.4076	508.0468	94.9074	20.8885	25.4000	0.9300	0.9243	0.6636	-0.0001	508.0000	507.9749	1.0272	8.9195	99.8853	40.7499	0.8230	0.8248	5.0000	-9999.0000	-9999.0000	-9999.0000	-9999.0000	-9999.0000	-9999.0000	17.3084	1	0	28.5290	1.0000	04	1	-9999.0000	30004	57205	-9999	-9999	599	1213	336.9242	5	0.6623	0.6636	-0.0001	41.1152	1.1165	472.9601	514.9847	47.5926	482.3965	95.6250	472.5741	95.1852	475.2805	94.6759	477.7632	94.6296	
27/08/2017	01:27:48	011995	G523118164HLR	L523	S		444.2414	1.0400	0.0000	99.9319	40.0857	0.8230	1.1604	5.0000	28.8393	508.0369	94.9306	21.2293	25.3000	0.9300	0.9243	0.6630	-0.0000	508.0000	509.3120	1.0272	8.8920	99.6606	40.7500	0.8230	0.8249	5.0000	-9999.0000	-9999.0000	-9999.0000	-9999.0000	-9999.0000	-9999.0000	17.1698	2	0	31.3782	1.0000	04	1	-9999.0000	30005	57206	-9999	-9999	600	1215	336.5504	5	0.6620	0.6630	-0.0000	48.5872	0.6936	471.0290	495.2009	48.5185	481.6332	95.7870	471.0081	95.3472	474.0715	94.6759	476.7592	94.5833	
27/08/2017	01:28:19	011995	G523118165HLR	L523	S		446.5845	1.0400	0.0000	99.8726	40.1000	0.8230	1.1607	5.0000	25.1489	508.0628	94.8843	20.7596	25.3000	0.9300	0.9242	0.6672	-0.0003	508.0000	508.7893	1.0272	8.9028	99.7306	40.7667	0.8230	0.8252	5.0000	-9999.0000	-9999.0000	-9999.0000	-9999.0000	-9999.0000	-9999.0000	17.1908	3	0	30.8975	1.0000	04	1	-9999.0000	30006	57207	-9999	-9999	601	1217	336.6954	5	0.6617	0.6672	-0.0003	46.9536	0.7544	473.5827	513.7968	49.6759	483.0294	95.6481	472.9118	95.1389	476.3323	94.6065	478.8112	94.6296	
27/08/2017	01:28:47	011995	G523122321HLR	L523	S		452.3136	1.0400	0.0000	99.9033	40.1019	0.8230	1.1603	5.0000	28.7328	508.1068	94.8843	14.0686	25.2000	0.9300	0.9242	0.6672	-0.0003	508.0000	508.7859	1.0272	8.9028	99.7102	40.7500	0.8230	0.8250	5.0000	-9999.0000	-9999.0000	-9999.0000	-9999.0000	-9999.0000	-9999.0000	17.0712	4	0	27.8393	1.0000	14	1	-9999.0000	30007	57208	-9999	-9999	602	1219	336.8173	5	0.6617	0.6672	-0.0003	46.9536	0.7544	481.5759	545.8767	50.4861	492.4531	95.6481	481.0462	95.1620	483.8886	94.6065	486.3601	94.6296	
27/08/2017	01:29:17	011995	G523122303HLR	L523	S		453.3159	1.0400	0.0000	99.8468	40.1110	0.8230	1.1604	5.0000	26.9258	508.0665	94.9074	12.8391	25.3000	0.9300	0.9244	0.6610	0.0000	508.0000	507.3968	1.0272	8.9314	99.7694	40.7500	0.8230	0.8250	5.0000	-9999.0000	-9999.0000	-9999.0000	-9999.0000	-9999.0000	-9999.0000	17.3068	5	0	30.8479	1.0000	14	1	-9999.0000	30008	57208	-9999	-9999	603	1221	336.1960	5	0.6617	0.6610	0.0000	49.9314	0.5978	485.2753	518.7623	48.3333	493.9059	95.2546	484.4043	94.8148	489.3435	94.6065	491.9914	94.6991	
27/08/2017	01:29:49	011995	G523122290HLR	L523	S		449.2385	1.0400	0.0000	99.8597	40.1245	0.8230	1.1606	5.0000	25.4834	508.0833	94.9537	18.1494	25.4000	0.9300	0.9245	0.6648	-0.0002	508.0000	504.9634	1.0272	8.9815	99.7550	40.7667	0.8230	0.8253	5.0000	-9999.0000	-9999.0000	-9999.0000	-9999.0000	-9999.0000	-9999.0000	17.1078	6	0	31.5535	1.0000	14	1	-9999.0000	30009	57209	-9999	-9999	604	1223	336.3223	5	0.6618	0.6648	-0.0002	49.0635	0.6736	474.3944	479.4853	45.8565	485.7155	95.3472	473.7212	94.8148	477.5098	94.6296	480.3787	94.7222	
27/08/2017	01:30:20	011995	G523122301HLR	L523	S		453.0819	1.0400	0.0000	99.9572	40.1086	0.8230	1.1603	5.0000	28.3879	508.0134	94.9074	14.8898	25.3000	0.9300	0.9244	0.6631	-0.0001	508.0000	509.9292	1.0272	8.8793	100.0795	40.7596	0.8230	0.8252	5.0000	-9999.0000	-9999.0000	-9999.0000	-9999.0000	-9999.0000	-9999.0000	17.1474	7	0	31.4433	1.0000	14	1	-9999.0000	30009	57210	-9999	-9999	605	1225	336.3153	5	0.6617	0.6631	-0.0001	47.8522	0.7281	485.1023	487.0054	46.7593	492.6476	95.5556	484.7926	95.0926	488.1935	94.6528	489.4304	94.6528	
27/08/2017	01:30:49	011995	G523122291HLR	L523	S		452.2218	1.0400	0.0000	99.9030	40.1067	0.8230	1.1604	5.0000	27.8522	508.0372	94.9074	16.8184	25.4000	0.9300	0.9245	0.6645	-0.0001	508.0000	511.9076	1.0272	8.8386	99.8330	40.7500	0.8230	0.8250	5.0000	-9999.0000	-9999.0000	-9999.0000	-9999.0000	-9999.0000	-9999.0000	17.0980	8	0	28.2941	1.0000	14	1	-9999.0000	30010	57210	-9999	-9999	606	1227	336.4233	5	0.6619	0.6645	-0.0001	43.4610	0.9557	481.6195	463.4742	48.8194	488.7483	95.3009	481.4467	94.8611	483.8774	94.6296	487.5576	94.6991	
27/08/2017	01:31:17	011995	G523122302HLR	L523	S		449.2238	1.0400	0.0000	99.7584	40.1275	0.8230	1.1606	5.0000	24.6588	508.0725	94.9074	19.9091	25.4000	0.9300	0.9244	0.6640	-0.0001	508.0000	506.2797	1.0272	8.9544	99.6982	40.7476	0.8230	0.8248	5.0000	-9999.0000	-9999.0000	-9999.0000	-9999.0000	-9999.0000	-9999.0000	17.4729	1	0	28.3532	1.0000	14	1	-9999.0000	30011	57211	-9999	-9999	607	1229	336.2414	5	0.6621	0.6640	-0.0001	41.7332	1.0267	473.8248	477.1816	47.8472	483.0301	95.5556	473.7588	95.1389	476.6608	94.6759	479.2287	94.6759	
27/08/2017	01:31:46	011995	G523122314HLR	L523	S		452.1834	1.0400	0.0000	99.7924	40.1289	0.8230	1.1606	5.0000	24.7683	508.0288	94.8380	15.3497	25.3000	0.9300	0.9242	0.6640	-0.0001	508.0000	508.5002	1.0272	8.9087	99.6909	40.7653	0.8230	0.8251	5.0000	-9999.0000	-9999.0000	-9999.0000	-9999.0000	-9999.0000	-9999.0000	17.5273	2	0	28.3672	1.0000	14	1	-9999.0000	30012	57212	-9999	-9999	608	1231	336.5148	5	0.6621	0.6640	-0.0001	41.7332	1.0267	481.2038	517.1036	47.0370	488.0752	95.6250	480.9233	95.1620	484.3684	94.6296	485.8973	94.6296	
27/08/2017	01:32:16	011995	G523122045HLR	L523	S		449.3489	1.0400	0.0000	99.9105	40.1091	0.8230	1.1603	5.0000	28.4597	508.0652	94.9074	20.4794	25.4000	0.9300	0.9244	0.6607	0.0000	508.0000	505.9231	1.0272	8.9617	100.0573	40.7651	0.8230	0.8255	5.0000	-9999.0000	-9999.0000	-9999.0000	-9999.0000	-9999.0000	-9999.0000	17.3330	3	0	30.9292	1.0000	14	1	-9999.0000	30013	57212	-9999	-9999	609	1233	336.2070	5	0.6613	0.6607	0.0000	41.8727	1.0007	473.5711	485.2110	47.5463	483.2206	95.4630	473.3322	94.9306	475.5090	94.6528	478.8206	94.7222	
27/08/2017	01:32:45	011995	G523122064HLR	L523	S		453.2898	1.0400	0.0000	99.8894	40.1001	0.8230	1.1603	5.0000	28.2182	508.0566	94.8843	12.1693	25.2000	0.9300	0.9242	0.6607	0.0000	508.0000	506.4545	1.0272	8.9508	100.0559	40.7649	0.8230	0.8256	5.0000	-9999.0000	-9999.0000	-9999.0000	-9999.0000	-9999.0000	-9999.0000	17.2648	4	0	28.6234	1.0000	14	1	-9999.0000	30014	57213	-9999	-9999	610	1234	335.9367	5	0.6613	0.6607	0.0000	41.8727	1.0007	486.7891	529.7610	48.5417	494.6192	95.6944	486.0380	95.1852	489.3731	94.6296	492.1981	94.6528	
27/08/2017	01:33:13	011995	G523122079HLR	L523	S		452.6979	1.0400	0.0000	99.7872	40.1156	0.8230	1.1605	5.0000	25.3135	508.0479	94.8611	12.8294	25.3000	0.9300	0.9244	0.6607	0.0000	508.0000	506.5225	1.0272	8.9494	99.8454	40.7607	0.8230	0.8254	5.0000	-9999.0000	-9999.0000	-9999.0000	-9999.0000	-9999.0000	-9999.0000	17.3654	5	0	28.2936	1.0000	14	1	-9999.0000	30015	57213	-9999	-9999	611	1236	335.9432	5	0.6619	0.6607	0.0000	41.9267	0.9869	485.0798	513.4501	46.0648	492.3453	95.2778	484.7538	94.7685	487.7178	94.6296	491.1464	94.6991	
27/08/2017	01:33:42	011995	G523122059HLR	L523	S		452.7979	1.0400	0.0000	99.7954	40.1169	0.8230	1.1605	5.0000	25.3776	508.0816	94.8843	14.2394	25.4000	0.9300	0.9245	0.6607	0.0000	508.0000	503.6505	1.0272	8.9916	99.9395	40.7615	0.8230	0.8255	5.0000	-9999.0000	-9999.0000	-9999.0000	-9999.0000	-9999.0000	-9999.0000	17.2350	6	0	28.9281	1.0000	14	1	-9999.0000	30016	57214	-9999	-9999	612	1238	335.9606	5	0.6619	0.6607	0.0000	41.6931	0.9936	483.6593	497.0679	45.6250	491.9796	95.3009	483.1306	94.7685	487.1723	94.6296	489.4105	94.7454	
27/08/2017	01:34:10	011995	G523122083HLR	L523	S		447.9242	1.0400	0.0000	99.7775	40.1116	0.8230	1.1606	5.0000	24.7446	508.0253	94.9074	19.8583	25.4000	0.9300	0.9245	0.6607	0.0000	508.0000	506.1178	1.0272	8.9577	100.0816	40.7619	0.8230	0.8257	5.0000	-9999.0000	-9999.0000	-9999.0000	-9999.0000	-9999.0000	-9999.0000	17.2695	7	0	28.1089	1.0000	14	1	-9999.0000	30017	57215	-9999	-9999	613	1240	336.0176	5	0.6623	0.6607	0.0000	48.1919	0.5151	476.1676	477.8163	45.4861	486.2541	95.3241	475.6744	94.8843	479.0982	94.6528	481.0035	94.7222	
27/08/2017	01:34:38	011995	G523122056HLR	L523	S		449.4457	1.0400	0.0000	99.7488	40.1107	0.8230	1.1606	5.0000	24.3296	508.0198	94.9537	17.6494	25.4000	0.9300	0.9243	0.6607	0.0000	508.0000	505.8099	1.0272	8.9641	99.6812	40.7603	0.8230	0.8257	5.0000	-9999.0000	-9999.0000	-9999.0000	-9999.0000	-9999.0000	-9999.0000	17.2680	8	0	27.3764	1.0000	14	1	-9999.0000	30018	57216	-9999	-9999	614	1242	335.9634	5	0.6625	0.6607	0.0000	50.1357	0.3566	479.6543	527.5834	46.6667	490.1809	95.7639	479.5482	95.3241	482.9651	94.6759	485.6137	94.6065	
27/08/2017	01:35:05	011995	G523122052HLR	L523	S		451.2734	1.0400	0.0000	99.7391	40.1106	0.8230	1.1607	5.0000	24.6855	508.0155	94.8843	17.3389	25.3000	0.9300	0.9243	0.6607	0.0000	508.0000	505.6500	1.0272	8.9673	100.0355	40.7594	0.8230	0.8258	5.0000	-9999.0000	-9999.0000	-9999.0000	-9999.0000	-9999.0000	-9999.0000	17.2483	1	0	27.6906	1.0000	14	1	-9999.0000	30019	57216	-9999	-9999	615	1244	335.9545	5	0.6629	0.6607	0.0000	49.3419	0.3793	481.1034	499.0426	47.4074	493.9321	95.6481	480.7135	95.1620	482.9771	94.6528	485.6506	94.6296	
27/08/2017	01:35:34	011995	G523122054HLR	L523	S		453.7367	1.0400	0.0000	99.7433	40.1088	0.8230	1.1607	5.0000	23.8645	508.0581	94.8611	12.6487	25.3000	0.9300	0.9243	0.6607	0.0000	508.0000	506.7727	1.0272	8.9443	99.8095	40.7582	0.8230	0.8258	5.0000	-9999.0000	-9999.0000	-9999.0000	-9999.0000	-9999.0000	-9999.0000	17.3303	2	0	28.3678	1.0000	14	1	-9999.0000	30020	57217	-9999	-9999	616	1246	335.9189	5	0.6629	0.6607	0.0000	49.3419	0.3793	486.2121	519.8474	48.0093	493.3219	95.4861	485.4884	94.9769	488.7442	94.6065	491.8041	94.6759	
27/08/2017	01:36:02	011995	G523122003HLR	L523	S		453.7011	1.0400	0.0000	99.7464	40.1000	0.8230	1.1605	5.0000	25.9183	508.0485	94.8611	15.5597	25.5000	0.9300	0.9245	0.6607	0.0000	508.0000	505.5563	1.0272	8.9693	99.8206	40.7671	0.8230	0.8257	5.0000	-9999.0000	-9999.0000	-9999.0000	-9999.0000	-9999.0000	-9999.0000	18.6280	3	0	28.6886	1.0000	14	1	-9999.0000	30021	57218	-9999	-9999	616	1248	335.9676	5	0.6631	0.6607	0.0000	47.9691	0.4793	482.8889	498.1686	46.4120	490.5694	95.2315	483.1427	94.8148	482.7297	94.6528	487.6703	94.7222	
27/08/2017	01:39:40	011995	G523122063HLR	L523	S		0.0000	0.0000	0.0000	0.0000	0.0000	0.8230	0.0000	0.0000	0.0000	0.0000	0.0000	0.0000	0.0000	0.9300	0.0000	0.0000	0.0000	0.0000	0.0000	0.0000	0.0000	0.0000	0.0000	0.8230	0.0000	0.0000	0.0000	0.0000	0.0000	0.0000	0.0000	0.0000	0.0000	0	42	28.6886	1.0000	14	1	0.0000	0	0	0	0	0	0	0.0000	0	0.0000	0.0000	0.0000	0.0000	0.0000	0.0000	0.0000	0.0000	0.0000	0.0000	0.0000	0.0000	0.0000	0.0000	0.0000	0.0000	
27/08/2017	01:40:01	011995	G523122004HLR	L523	S		453.9012	1.0400	0.0000	99.7823	40.1000	0.8230	1.1606	5.0000	25.1181	508.0894	94.8843	11.7591	25.4000	0.9300	0.9243	0.6607	0.0000	508.0000	506.6847	1.0272	8.9461	100.0669	40.7580	0.8230	0.8260	5.0000	-9999.0000	-9999.0000	-9999.0000	-9999.0000	-9999.0000	-9999.0000	17.1986	4	0	238.2072	1.0000	14	1	-9999.0000	30022	57219	-9999	-9999	617	1250	335.9563	5	0.6629	0.6607	0.0000	47.8046	0.4961	487.8662	517.8037	50.8796	494.2726	95.4398	487.2693	94.9537	490.0652	94.6296	493.2175	94.6991	
27/08/2017	01:40:31	011995	G523121993HLR	L523	S		452.4017	1.0400	0.0000	99.7525	40.1000	0.8230	1.1606	5.0000	24.3896	508.0457	94.8611	12.3294	25.4000	0.9300	0.9244	0.6607	0.0000	508.0000	506.3663	1.0272	8.9526	99.6473	40.7520	0.8230	0.8260	5.0000	-9999.0000	-9999.0000	-9999.0000	-9999.0000	-9999.0000	-9999.0000	17.1795	5	0	30.4687	1.0000	14	1	-9999.0000	30023	57220	-9999	-9999	618	1252	335.8940	5	0.6634	0.6607	0.0000	46.8092	0.5282	486.1280	517.5009	48.9352	494.0891	95.1389	485.3853	94.6991	489.1974	94.6065	491.9078	94.7454	
27/08/2017	01:41:01	011995	G523122049HLR	L523	S		454.0493	1.0400	0.0000	99.7953	40.0955	0.8230	1.1606	5.0000	24.6586	508.1046	94.9074	13.9895	25.5000	0.9300	0.9245	0.6607	0.0000	508.0000	502.1835	1.0272	8.9615	100.0395	40.6527	0.8230	0.8250	5.0000	-9999.0000	-9999.0000	-9999.0000	-9999.0000	-9999.0000	-9999.0000	17.2680	6	1	30.1179	1.0000	14	1	-9999.0000	30024	57221	-9999	-9999	619	1254	336.0167	5	0.6639	0.6607	0.0000	46.9057	0.5114	483.4320	478.8411	45.8565	497.8136	95.2315	482.9423	94.8380	485.7064	94.6528	488.8175	94.7222	
27/08/2017	01:41:31	011995	G523122080HLR	L523	S		450.5872	1.0400	0.0000	99.7646	40.0853	0.8230	1.1606	5.0000	25.3957	508.0406	94.9074	17.7295	25.4000	0.9300	0.9244	0.6607	0.0000	508.0000	503.8722	1.0272	8.9961	99.6945	40.6667	0.8230	0.8247	5.0000	-9999.0000	-9999.0000	-9999.0000	-9999.0000	-9999.0000	-9999.0000	17.3288	7	0	29.9083	1.0000	14	1	-9999.0000	30025	57222	-9999	-9999	620	1256	336.0192	5	0.6641	0.6607	0.0000	46.5645	0.5052	477.7852	492.0881	47.4306	488.6075	95.4398	477.5550	94.9306	480.3312	94.6759	482.8777	94.7454	
27/08/2017	01:42:00	011995	G523122025HLR	L523	S		443.7434	1.0400	0.0000	99.7750	40.0806	0.8230	1.1607	5.0000	24.7083	508.0423	95.0000	21.8688	25.4000	0.9300	0.9244	0.6607	0.0000	508.0000	508.7489	1.0272	8.9036	99.8216	40.6833	0.8230	0.8247	5.0000	-9999.0000	-9999.0000	-9999.0000	-9999.0000	-9999.0000	-9999.0000	17.1286	8	0	28.7087	1.0000	14	1	-9999.0000	30026	57223	-9999	-9999	621	1258	336.0659	5	0.6639	0.6607	0.0000	46.7075	0.5101	477.3849	508.2255	48.9583	486.6744	95.6713	476.9220	95.1852	480.2919	94.7222	481.0353	94.6528	
27/08/2017	01:42:33	011995	G523122033HLR	L523	S		454.0244	1.0400	0.0000	99.7390	40.0890	0.8230	1.1606	5.0000	25.1280	508.0493	94.8843	15.5392	25.6000	0.9300	0.9249	0.6607	0.0000	508.0000	503.3366	1.0272	8.9851	99.9063	40.7000	0.8230	0.8249	5.0000	-9999.0000	-9999.0000	-9999.0000	-9999.0000	-9999.0000	-9999.0000	17.1383	1	0	32.6882	1.0000	14	1	-9999.0000	30027	57223	-9999	-9999	622	1260	335.9674	5	0.6639	0.6607	0.0000	46.7075	0.5101	481.1792	446.1385	45.2546	488.4005	95.2546	480.7998	94.9537	483.4854	94.7454	485.9547	94.6991	
27/08/2017	01:43:03	011995	G523122037HLR	L523	S		451.7081	1.0400	0.0000	99.8787	39.9412	0.8230	1.1603	5.0000	27.4581	508.0052	94.9074	13.2200	25.4000	0.9300	0.9245	0.6607	0.0000	508.0000	505.9634	1.0272	8.9609	99.7668	40.7085	0.8230	0.8252	5.0000	-9999.0000	-9999.0000	-9999.0000	-9999.0000	-9999.0000	-9999.0000	17.0931	2	0	30.2788	1.0000	14	1	-9999.0000	30028	57224	-9999	-9999	623	1262	335.8577	5	0.6645	0.6607	0.0000	45.3553	0.5617	484.7679	452.8496	42.7778	489.9380	95.1620	484.3183	94.6528	486.9881	94.6296	490.3923	94.7917	
27/08/2017	01:43:34	011995	G523122034HLR	L523	S		443.0581	1.0400	0.0000	99.8422	39.8976	0.8230	1.1604	5.0000	27.1383	508.0635	94.9306	18.3984	25.4000	0.9300	0.9245	0.6654	-0.0001	508.0000	508.0023	1.0272	8.9190	99.6825	40.6992	0.8230	0.8249	5.0000	-9999.0000	-9999.0000	-9999.0000	-9999.0000	-9999.0000	-9999.0000	17.0790	3	0	31.3778	1.0000	14	1	-9999.0000	30029	57225	-9999	-9999	624	1264	336.0382	5	0.6642	0.6654	-0.0001	39.7672	0.9333	476.5320	426.5762	43.5880	482.4861	95.1157	475.9440	94.6296	479.3137	94.6065	482.8834	94.7917	
