Data	Timp	Nr. masina	Nr. de serie	Tip	Productie	Comentariu	Pre-masurare Q [ml/min]	Pre-masurare Gain	Pre-masurare Offset Master	Pre-masurare P [bar]	Pre-masurare T [°C]	Pre-masurare Densitate fixa [kg/l]	Pre-masurare densitate masurata [kg/l]	Pre-masurare Timp masurare [s]	Pre-masurare Cycle time [s]	rectificare Q Oprire [ml/min]	rectificare P Oprire [bar]	rectificare Timp rectificare [s]	rectificare T [°C]	rectificare Densitate fixa [kg/l]	rectificare densitate masurata [kg/l]	rectificare Factor de masurare la rectificare	rectificare Factor de corectie a debitului	rectificare Target rectificare	Masurare Q [ml/min]	Masurare Gain	Masurare Offset Master	Masurare P [bar]	Masurare T [°C]	Masurare Densitate fixa [kg/l]	Masurare densitate masurata [kg/l]	Masurare Timp masurare [s]	Masurare Q [ml/min]	Masurare Delta Q [ml/min]	Masurare P [bar]	Masurare BP [bar]	Masurare T [°C]	Masurare Timp masurare [s]	Masurare Cycle time [s]	Nest Nr.	Cod de descarcare	Cycle time [s]	Traceability aktiv	EDM Maschine Nr	EDM Spindle Nr	Honing Rate [r	Station Counter Premeasure	Station Counter Grind	Station Counter Blowout 1	Station Counter Wash	Station Counter Measure	Station Counter Blowout 2	RealGrindQStop	Reg Type	Factor 0	Factor 1	Factor 2	Factor 3	Factor 4	G_StartQV	G_StartQV_1	G_StartQV_2	G_StartQV_3	G_StartQV_4	G_StartQV_5	
09/08/2017	02:42:43	011995	H421027987HLR	L421	S		706.5318	1.0400	0.0000	99.9279	39.4537	0.8230	1.1625	5.0000	21.3494	815.0765	94.8380	17.8096	23.7000	0.9300	0.9434	0.6944	-0.0018	815.0000	811.9392	1.0272	-3.8183	99.9799	40.5612	0.8230	0.8254	5.0000	-9999.0000	-9999.0000	-9999.0000	-9999.0000	-9999.0000	-9999.0000	18.5484	5	0	30.2787	1.0000	05	1	-9999.0000	50583	25394	-9999	-9999	396	866	540.2172	5	0.6707	0.6944	-0.0018	75.3109	1.7140	685.5849	224.1650	38.1019	667.2255	93.8194	700.7524	94.9306	713.4663	94.5833	720.3107	94.7222	
09/08/2017	02:44:22	011995	H421028351HLR	L421	S		710.1673	1.0400	0.0000	99.8993	39.4786	0.8230	1.1624	5.0000	20.0081	815.1406	94.9074	17.8994	23.6000	0.9300	0.9435	0.6971	-0.0018	815.0000	814.6652	1.0272	-3.8578	99.8986	40.5262	0.8230	0.8252	5.0000	-9999.0000	-9999.0000	-9999.0000	-9999.0000	-9999.0000	-9999.0000	17.1491	1	0	29.1781	1.0000	05	1	-9999.0000	50584	25395	-9999	-9999	397	871	542.3082	5	0.6653	0.6971	-0.0018	75.1695	1.7108	691.7618	438.6392	43.7963	676.8385	93.7500	705.4011	94.7685	715.1371	94.5602	721.3691	94.5370	
09/08/2017	02:46:24	011995	H421028342HLR	L421	Q		710.6209	1.0400	0.0000	99.8723	39.5000	0.8230	1.1631	5.0000	19.8185	815.1458	94.7917	17.3985	23.7000	0.9300	0.9436	0.6973	-0.0018	815.0000	815.7802	1.0272	-3.8740	99.6874	40.6036	0.8230	0.8267	5.0000	-9999.0000	-9999.0000	-9999.0000	-9999.0000	-9999.0000	-9999.0000	17.1776	5	0	30.8491	1.0000	05	1	-9999.0000	50586	25396	-9999	-9999	399	877	543.2463	5	0.6655	0.6973	-0.0018	75.1615	1.7106	694.6331	451.3220	43.5648	680.0173	94.1667	705.3503	94.8148	713.9521	94.6528	722.5677	94.4676	
09/08/2017	02:46:52	011995	H421028350HLR	L421	Q		704.7046	1.0400	0.0000	99.8891	39.6333	0.8230	1.1635	5.0000	19.9295	815.0981	95.0463	19.4394	23.6000	0.9300	0.9432	0.6973	-0.0018	815.0000	817.3926	1.0272	-3.8974	99.7982	40.5834	0.8230	0.8262	5.0000	-9999.0000	-9999.0000	-9999.0000	-9999.0000	-9999.0000	-9999.0000	18.4379	6	0	28.4532	1.0000	05	1	-9999.0000	50587	25397	-9999	-9999	400	879	540.2315	5	0.6655	0.6973	-0.0018	75.1615	1.7106	673.3244	273.7108	31.2500	651.1502	95.4630	699.0948	94.6991	710.1677	94.4213	717.2289	94.6065	
09/08/2017	02:47:22	011995	H421028348HLR	L421	S		705.7649	1.0400	0.0000	99.9445	39.7492	0.8230	1.1629	5.0000	20.0584	815.1092	94.6759	17.9385	23.6000	0.9300	0.9433	0.6973	-0.0018	815.0000	817.7722	1.0272	-3.9029	99.8896	40.5932	0.8230	0.8272	5.0000	-9999.0000	-9999.0000	-9999.0000	-9999.0000	-9999.0000	-9999.0000	17.1890	7	0	30.1237	1.0000	05	1	-9999.0000	50588	25398	-9999	-9999	401	881	542.4647	5	0.6655	0.6973	-0.0018	75.1615	1.7106	693.0510	531.9745	44.2824	679.0332	94.3519	706.6894	94.6528	714.7177	94.4676	721.0484	94.5833	
09/08/2017	02:47:51	011995	H421027360HLR	L421	S		703.6368	1.0400	0.0000	99.9323	39.7001	0.8230	1.1625	5.0000	20.0897	815.0917	94.9306	18.5586	23.6000	0.9300	0.9433	0.6972	-0.0018	815.0000	818.5255	1.0272	-3.9138	100.0490	40.5789	0.8230	0.8270	5.0000	-9999.0000	-9999.0000	-9999.0000	-9999.0000	-9999.0000	-9999.0000	17.4683	8	0	28.6383	1.0000	05	1	-9999.0000	50589	25399	-9999	-9999	402	883	541.5425	5	0.6657	0.6972	-0.0018	75.1737	1.7109	689.7480	482.8833	42.5926	674.7224	94.6991	704.4939	94.6991	711.8542	94.5370	719.4497	94.5139	
09/08/2017	02:48:20	011995	H421027967HLR	L421	S		702.2422	1.0400	0.0000	99.9142	39.6842	0.8230	1.1625	5.0000	19.9891	815.0729	94.8148	18.9189	23.6000	0.9300	0.9434	0.6968	-0.0018	815.0000	816.4013	1.0272	-3.8830	99.7842	40.5789	0.8230	0.8269	5.0000	-9999.0000	-9999.0000	-9999.0000	-9999.0000	-9999.0000	-9999.0000	17.5816	1	0	28.5881	1.0000	05	1	-9999.0000	50590	25400	-9999	-9999	403	885	540.8556	5	0.6645	0.6968	-0.0018	75.1977	1.7115	685.5386	450.2086	41.3657	668.8902	94.9537	699.6488	94.6065	707.1821	94.5370	714.6059	94.6528	
09/08/2017	02:48:49	011995	H421028400HLR	L421	S		705.5291	1.0400	0.0000	99.8682	39.6879	0.8230	1.1625	5.0000	20.2770	815.1050	94.7222	16.6886	23.6000	0.9300	0.9433	0.7101	-0.0025	815.0000	814.1890	1.0272	-3.8509	100.0253	40.5590	0.8230	0.8265	5.0000	-9999.0000	-9999.0000	-9999.0000	-9999.0000	-9999.0000	-9999.0000	17.4383	2	0	29.5589	1.0000	05	1	-9999.0000	50591	25401	-9999	-9999	404	887	543.7782	5	0.6643	0.7101	-0.0025	36.0216	3.9375	695.2889	537.2450	42.3843	682.1630	94.6296	706.5586	94.5833	716.1575	94.5602	723.4487	94.6296	
09/08/2017	02:49:17	011995	H421028366HLR	L421	S		710.0466	1.0400	0.0000	99.9360	39.6978	0.8230	1.1625	5.0000	20.1589	815.1296	94.7917	18.3994	23.6000	0.9300	0.9434	0.7132	-0.0027	815.0000	813.3385	1.0272	-3.8386	99.8002	40.5434	0.8230	0.8259	5.0000	-9999.0000	-9999.0000	-9999.0000	-9999.0000	-9999.0000	-9999.0000	17.1485	3	0	27.3081	1.0000	05	1	-9999.0000	50592	25402	-9999	-9999	405	889	541.0315	5	0.6638	0.7132	-0.0027	26.5750	4.5349	684.7410	541.2440	43.6574	671.8815	94.8148	696.1584	94.5833	703.9007	94.5833	711.5590	94.6296	
09/08/2017	02:49:44	011995	H421027982HLR	L421	S		705.2306	1.0400	0.0000	99.9248	39.7023	0.8230	1.1623	5.0000	21.0084	815.1891	94.7685	17.2383	23.6000	0.9300	0.9434	0.7103	-0.0025	815.0000	815.0118	1.0272	-3.8628	99.9351	40.5424	0.8230	0.8256	5.0000	-9999.0000	-9999.0000	-9999.0000	-9999.0000	-9999.0000	-9999.0000	17.2971	4	0	27.0387	1.0000	05	1	-9999.0000	50593	25403	-9999	-9999	406	890	543.3309	5	0.6636	0.7103	-0.0025	20.0599	4.9081	678.8952	520.7068	43.9815	664.4643	94.9537	690.7250	94.6065	699.5858	94.5602	710.0131	94.5370	
09/08/2017	02:50:13	011995	H421027333HLR	L421	S		711.6275	1.0400	0.0000	99.8942	39.7331	0.8230	1.1625	5.0000	20.1190	815.0949	94.7454	17.0499	23.6000	0.9300	0.9434	0.7098	-0.0025	815.0000	815.0666	1.0272	-3.8636	99.8225	40.5447	0.8230	0.8249	5.0000	-9999.0000	-9999.0000	-9999.0000	-9999.0000	-9999.0000	-9999.0000	17.4693	5	0	29.0383	1.0000	05	1	-9999.0000	50594	25404	-9999	-9999	407	892	543.8009	5	0.6642	0.7098	-0.0025	52.9785	3.1348	686.4073	528.3204	42.2222	672.0402	95.0463	697.1086	94.6065	705.7251	94.4907	714.4774	94.6065	
09/08/2017	02:50:42	011995	H421027354HLR	L421	S		707.1411	1.0400	0.0000	99.8620	39.7383	0.8230	1.1625	5.0000	20.1386	815.1791	94.7685	17.8496	23.6000	0.9300	0.9434	0.7093	-0.0025	815.0000	816.7456	1.0272	-3.8880	99.8410	40.5704	0.8230	0.8249	5.0000	-9999.0000	-9999.0000	-9999.0000	-9999.0000	-9999.0000	-9999.0000	17.7184	6	0	28.8189	1.0000	05	1	-9999.0000	50595	25405	-9999	-9999	408	894	542.2078	5	0.6643	0.7093	-0.0025	58.4345	2.7899	686.0308	530.6851	44.3519	671.9316	94.8843	697.9097	94.6528	706.9243	94.5602	713.5179	94.5602	
09/08/2017	02:51:11	011995	H421027365HLR	L421	S		711.4312	1.0400	0.0000	99.8527	39.7242	0.8230	1.1621	5.0000	21.4284	815.1699	94.7917	16.0392	23.6000	0.9300	0.9434	0.7096	-0.0025	815.0000	819.2533	1.0272	-3.9244	100.0259	40.5897	0.8230	0.8252	5.0000	-9999.0000	-9999.0000	-9999.0000	-9999.0000	-9999.0000	-9999.0000	17.5035	7	0	29.1878	1.0000	05	1	-9999.0000	50596	25406	-9999	-9999	409	896	545.9482	5	0.6645	0.7096	-0.0025	66.5732	2.3654	692.3814	498.4905	43.7963	677.5231	94.9074	704.9581	94.6528	713.4128	94.5139	722.2625	94.6065	
09/08/2017	02:51:40	011995	H421027335HLR	L421	S		710.0850	1.0400	0.0000	99.8314	39.7567	0.8230	1.1625	5.0000	19.9874	815.1269	94.8611	15.7794	23.6000	0.9300	0.9434	0.7096	-0.0025	815.0000	817.3433	1.0272	-3.8967	99.8778	40.6087	0.8230	0.8256	5.0000	-9999.0000	-9999.0000	-9999.0000	-9999.0000	-9999.0000	-9999.0000	17.1727	8	0	29.0091	1.0000	05	1	-9999.0000	50597	25407	-9999	-9999	410	898	546.4378	5	0.6648	0.7096	-0.0025	58.6389	2.7828	690.8700	535.1064	45.2778	676.9901	94.9074	703.8050	94.6528	712.6359	94.5139	720.8589	94.6065	
09/08/2017	02:52:07	011995	H421027291HLR	L421	S		713.9509	1.0400	0.0000	99.8980	39.7579	0.8230	1.1625	5.0000	19.8798	815.1181	94.7222	17.3995	23.6000	0.9300	0.9434	0.7098	-0.0025	815.0000	816.9462	1.0272	-3.8909	99.7741	40.6110	0.8230	0.8256	5.0000	-9999.0000	-9999.0000	-9999.0000	-9999.0000	-9999.0000	-9999.0000	17.3178	1	0	27.2183	1.0000	05	1	-9999.0000	50598	25408	-9999	-9999	411	900	543.1235	5	0.6647	0.7098	-0.0025	58.7311	2.7854	688.3889	530.3390	44.6528	674.1265	94.9306	699.9687	94.6991	707.7663	94.5602	715.2144	94.5602	
09/08/2017	02:52:36	011995	H421027332HLR	L421	S		712.1094	1.0400	0.0000	99.8794	39.7614	0.8230	1.1625	5.0000	19.8573	815.0977	94.7685	17.3496	23.6000	0.9300	0.9434	0.7101	-0.0025	815.0000	816.9465	1.0272	-3.8909	99.8196	40.6175	0.8230	0.8254	5.0000	-9999.0000	-9999.0000	-9999.0000	-9999.0000	-9999.0000	-9999.0000	17.8786	2	0	29.0081	1.0000	05	1	-9999.0000	50599	25409	-9999	-9999	412	902	543.1886	5	0.6648	0.7101	-0.0025	72.0919	2.0553	685.6558	536.3753	45.3935	671.3284	94.9306	697.8814	94.5833	707.7788	94.4676	715.4235	94.6065	
09/08/2017	02:53:06	011995	H421027372HLR	L421	S		702.4102	1.0400	0.0000	99.8842	39.7661	0.8230	1.1625	5.0000	19.6742	815.1917	94.6991	17.9092	23.7000	0.9300	0.9434	0.7014	-0.0021	815.0000	815.1421	1.0272	-3.8647	100.0219	40.6065	0.8230	0.8246	5.0000	-9999.0000	-9999.0000	-9999.0000	-9999.0000	-9999.0000	-9999.0000	19.7389	3	0	30.2787	1.0000	05	1	-9999.0000	50600	25410	-9999	-9999	413	904	542.0938	5	0.6651	0.7014	-0.0021	78.5145	1.7158	679.0163	489.3413	43.6806	663.8070	95.1620	693.5569	94.6528	702.2285	94.5139	708.5129	94.5833	
09/08/2017	02:53:32	011995	H421027301HLR	L421	S		702.1733	1.0400	0.0000	99.9707	39.7610	0.8230	1.1624	5.0000	20.0087	815.1566	94.7222	17.5293	23.7000	0.9300	0.9434	0.7008	-0.0020	815.0000	814.6684	1.0272	-3.8579	99.8245	40.6428	0.8230	0.8266	5.0000	-9999.0000	-9999.0000	-9999.0000	-9999.0000	-9999.0000	-9999.0000	17.4347	4	0	26.2681	1.0000	05	1	-9999.0000	50601	25411	-9999	-9999	414	906	542.5126	5	0.6651	0.7008	-0.0020	77.8414	1.7213	688.5387	537.8169	42.5000	674.6534	95.2778	700.1030	94.6991	708.1538	94.5370	716.4273	94.5833	
09/08/2017	02:54:01	011995	H421027199HLR	L421	S		706.6145	1.0400	0.0000	99.8904	39.7703	0.8230	1.1625	5.0000	19.8291	815.0740	94.8611	15.9288	23.6000	0.9300	0.9433	0.7003	-0.0020	815.0000	816.7432	1.0272	-3.8880	99.8581	40.6231	0.8230	0.8250	5.0000	-9999.0000	-9999.0000	-9999.0000	-9999.0000	-9999.0000	-9999.0000	19.5252	5	0	28.5487	1.0000	05	1	-9999.0000	50602	25412	-9999	-9999	415	908	544.9829	5	0.6651	0.7003	-0.0020	76.7536	1.7688	698.2294	562.9394	44.2824	685.8275	95.0926	709.5004	94.5833	716.8613	94.4676	725.8186	94.6065	
09/08/2017	02:54:31	011995	H421027167HLR	L421	S		703.6311	1.0400	0.0000	99.9319	39.7758	0.8230	1.1625	5.0000	19.7894	815.1089	94.6991	17.5997	23.6000	0.9300	0.9433	0.7003	-0.0020	815.0000	815.9827	1.0272	-3.8769	100.0758	40.6273	0.8230	0.8266	5.0000	-9999.0000	-9999.0000	-9999.0000	-9999.0000	-9999.0000	-9999.0000	17.9876	6	0	30.0678	1.0000	05	1	-9999.0000	50603	25413	-9999	-9999	415	910	542.2291	5	0.6651	0.7003	-0.0020	76.7536	1.7688	691.7573	542.6739	45.3472	677.4198	95.0694	704.7077	94.6991	711.2931	94.5139	718.5134	94.5833	
09/08/2017	02:54:59	011995	H421027195HLR	L421	S		703.2648	1.0400	0.0000	99.9308	39.7754	0.8230	1.1624	5.0000	20.2186	815.1748	94.7454	18.7998	23.6000	0.9300	0.9434	0.7004	-0.0020	815.0000	816.1844	1.0272	-3.8799	100.0540	40.6148	0.8230	0.8267	5.0000	-9999.0000	-9999.0000	-9999.0000	-9999.0000	-9999.0000	-9999.0000	17.3338	7	0	27.6089	1.0000	05	1	-9999.0000	50604	25413	-9999	-9999	416	912	540.3731	5	0.6651	0.7004	-0.0020	75.6285	1.8679	689.2709	539.0934	43.7037	674.6872	95.1620	699.7741	94.6065	707.1401	94.4907	714.3310	94.6296	
09/08/2017	02:55:26	011995	H421015226HLR	L421	S		709.6311	1.0400	0.0000	99.9892	39.7842	0.8230	1.1623	5.0000	20.4935	815.1714	94.9537	15.0295	23.6000	0.9300	0.9434	0.7004	-0.0020	815.0000	817.3955	1.0272	-3.8974	99.7662	40.6034	0.8230	0.8263	5.0000	-9999.0000	-9999.0000	-9999.0000	-9999.0000	-9999.0000	-9999.0000	17.3589	8	0	27.2583	1.0000	05	1	-9999.0000	50605	25413	-9999	-9999	417	913	546.5655	5	0.6651	0.7004	-0.0020	75.6285	1.8679	702.9892	539.6372	42.6389	688.3102	94.8380	715.5724	94.6991	724.5277	94.5602	732.4094	94.5833	
09/08/2017	02:55:54	011995	H421019241HLR	L421	S		716.0063	1.0400	0.0000	99.9278	39.7919	0.8230	1.1623	5.0000	20.1155	815.1377	94.6991	16.7188	23.6000	0.9300	0.9434	0.6979	-0.0019	815.0000	817.8675	1.0272	-3.9043	99.7287	40.5844	0.8230	0.8258	5.0000	-9999.0000	-9999.0000	-9999.0000	-9999.0000	-9999.0000	-9999.0000	17.1988	1	0	28.0484	1.0000	05	1	-9999.0000	50605	25414	-9999	-9999	418	915	543.5754	5	0.6652	0.6979	-0.0019	83.5867	1.4419	703.3719	514.0181	42.9861	688.2804	95.1157	715.0320	94.6528	722.4970	94.5370	728.2369	94.5833	
09/08/2017	02:56:23	011995	H421027185HLR	L421	S		703.1677	1.0400	0.0000	99.9600	39.7890	0.8230	1.1622	5.0000	20.7381	815.1033	94.8148	18.0693	23.6000	0.9300	0.9434	0.6990	-0.0019	815.0000	814.3705	1.0272	-3.8535	99.9664	40.5521	0.8230	0.8241	5.0000	-9999.0000	-9999.0000	-9999.0000	-9999.0000	-9999.0000	-9999.0000	20.0565	2	0	28.9485	1.0000	05	1	-9999.0000	50605	25415	-9999	-9999	419	917	541.4561	5	0.6650	0.6990	-0.0019	79.9695	1.6649	689.4499	508.0255	43.3565	674.9153	95.2546	703.2308	94.7454	710.8523	94.3981	718.4347	94.5833	
09/08/2017	02:56:51	011995	H421027194HLR	L421	S		708.5201	1.0400	0.0000	99.9137	39.8000	0.8230	1.1623	5.0000	20.1590	815.0851	94.8148	15.9894	23.6000	0.9300	0.9434	0.6963	-0.0018	815.0000	815.5989	1.0272	-3.8714	99.9714	40.5870	0.8230	0.8248	5.0000	-9999.0000	-9999.0000	-9999.0000	-9999.0000	-9999.0000	-9999.0000	17.5435	3	0	27.6090	1.0000	05	1	-9999.0000	50606	25416	-9999	-9999	420	919	544.6759	5	0.6652	0.6963	-0.0018	85.9068	1.3259	695.8128	509.7047	41.6204	680.6152	95.3009	709.4696	94.6065	716.9835	94.5139	725.5385	94.6065	
09/08/2017	02:57:18	011995	H421019378HLR	L421	S		709.0846	1.0400	0.0000	99.9224	39.7986	0.8230	1.1622	5.0000	20.4376	815.1480	94.9074	15.6388	23.6000	0.9300	0.9434	0.6953	-0.0017	815.0000	817.1519	1.0272	-3.8939	99.8079	40.6003	0.8230	0.8245	5.0000	-9999.0000	-9999.0000	-9999.0000	-9999.0000	-9999.0000	-9999.0000	17.9589	4	0	27.2086	1.0000	05	1	-9999.0000	50607	25417	-9999	-9999	421	921	545.0458	5	0.6652	0.6953	-0.0017	83.0708	1.4741	701.4526	552.0718	42.4537	687.0301	95.1852	715.2676	94.6528	723.3908	94.4907	730.9170	94.5602	
09/08/2017	02:57:45	011995	H421019357HLR	L421	S		703.8225	1.0400	0.0000	99.9736	39.7978	0.8230	1.1622	5.0000	20.6588	815.1270	94.8148	16.2091	23.6000	0.9300	0.9434	0.6953	-0.0017	815.0000	813.5819	1.0272	-3.8421	99.9067	40.6362	0.8230	0.8254	5.0000	-9999.0000	-9999.0000	-9999.0000	-9999.0000	-9999.0000	-9999.0000	17.5288	5	0	27.4678	1.0000	05	1	-9999.0000	50608	25418	-9999	-9999	422	923	544.0867	5	0.6652	0.6953	-0.0017	83.0708	1.4741	698.0484	549.1571	42.6389	684.2633	95.2315	710.6039	94.6296	718.3708	94.4907	726.0228	94.6528	
09/08/2017	02:58:14	011995	H421027191HLR	L421	S		704.7773	1.0400	0.0000	99.8657	39.8100	0.8230	1.1625	5.0000	19.8485	815.0812	94.6759	16.9190	23.6000	0.9300	0.9434	0.6951	-0.0017	815.0000	816.0468	1.0272	-3.8779	99.8090	40.6385	0.8230	0.8249	5.0000	-9999.0000	-9999.0000	-9999.0000	-9999.0000	-9999.0000	-9999.0000	18.7925	6	0	28.2981	1.0000	05	1	-9999.0000	50609	25419	-9999	-9999	423	925	542.9861	5	0.6653	0.6951	-0.0017	82.8318	1.4943	697.3420	515.1433	43.5648	682.8004	95.0926	710.7691	94.6991	719.1574	94.4907	725.7614	94.5833	
09/08/2017	02:58:44	011995	H421027193HLR	L421	S		705.5746	1.0400	0.0000	99.9116	39.8164	0.8230	1.1624	5.0000	19.8129	815.0894	94.8611	15.9591	23.6000	0.9300	0.9434	0.6938	-0.0016	815.0000	814.8452	1.0272	-3.8604	100.0481	40.6702	0.8230	0.8267	5.0000	-9999.0000	-9999.0000	-9999.0000	-9999.0000	-9999.0000	-9999.0000	17.3668	7	0	30.2983	1.0000	05	1	-9999.0000	50610	25420	-9999	-9999	424	927	544.3516	5	0.6653	0.6938	-0.0016	82.8318	1.4943	697.2035	541.4407	44.9537	682.6366	95.0000	712.1063	94.6991	721.1380	94.5139	729.1098	94.5833	
09/08/2017	02:59:13	011995	H421027164HLR	L421	S		711.4366	1.0400	0.0000	99.9389	39.8134	0.8230	1.1623	5.0000	20.1687	815.1044	95.0231	15.4289	23.6000	0.9300	0.9434	0.6938	-0.0016	815.0000	816.2643	1.0272	-3.8810	100.0114	40.6622	0.8230	0.8267	5.0000	-9999.0000	-9999.0000	-9999.0000	-9999.0000	-9999.0000	-9999.0000	17.7593	8	0	28.8187	1.0000	05	1	-9999.0000	50611	25421	-9999	-9999	425	929	544.9600	5	0.6653	0.6938	-0.0016	84.9054	1.3799	705.8170	557.8266	43.4954	691.1987	95.0926	717.3408	94.6759	726.4021	94.4907	734.6718	94.6065	
09/08/2017	02:59:40	011995	H421019404HLR	L421	S		707.8761	1.0400	0.0000	99.9467	39.8166	0.8230	1.1624	5.0000	19.9688	815.1362	94.9306	15.5988	23.6000	0.9300	0.9434	0.6948	-0.0017	815.0000	815.1989	1.0272	-3.8656	99.7166	40.6571	0.8230	0.8269	5.0000	-9999.0000	-9999.0000	-9999.0000	-9999.0000	-9999.0000	-9999.0000	17.2681	1	0	27.6284	1.0000	05	1	-9999.0000	50612	25421	-9999	-9999	426	931	544.9024	5	0.6655	0.6948	-0.0017	86.3987	1.3037	698.9063	495.5859	40.4630	682.5697	95.0694	715.0901	94.5602	722.8526	94.5370	730.7310	94.6296	
09/08/2017	03:00:11	011995	H421019384HLR	L421	S		711.8260	1.0400	0.0000	99.9993	39.8135	0.8230	1.1621	5.0000	21.1073	815.0776	94.6759	16.3790	23.6000	0.9300	0.9434	0.6948	-0.0017	815.0000	816.3919	1.0272	-3.8829	99.9093	40.6424	0.8230	0.8264	5.0000	-9999.0000	-9999.0000	-9999.0000	-9999.0000	-9999.0000	-9999.0000	17.9485	2	0	30.9886	1.0000	05	1	-9999.0000	50613	25422	-9999	-9999	427	932	543.8077	5	0.6656	0.6948	-0.0017	87.5216	1.2647	699.8023	448.4758	39.2130	684.3326	95.5093	714.6156	94.7454	723.3465	94.5833	729.1033	94.5833	
09/08/2017	03:00:36	011995	H421019363HLR	L421	S		703.6172	1.0400	0.0000	99.8796	39.8295	0.8230	1.1624	5.0000	20.0673	815.1568	94.7685	18.2187	23.6000	0.9300	0.9434	0.6939	-0.0016	815.0000	816.4786	1.0272	-3.8841	100.0578	40.6096	0.8230	0.8258	5.0000	-9999.0000	-9999.0000	-9999.0000	-9999.0000	-9999.0000	-9999.0000	17.4985	3	0	24.9985	1.0000	05	1	-9999.0000	50614	25423	-9999	-9999	428	933	541.3039	5	0.6656	0.6939	-0.0016	86.2566	1.3232	697.2600	510.8001	44.6296	683.6044	95.0694	708.6494	94.6991	716.7479	94.5602	724.5155	94.5833	
09/08/2017	03:01:06	011995	H421019358HLR	L421	S		704.7669	1.0400	0.0000	100.0010	39.8307	0.8230	1.1622	5.0000	20.4474	815.1183	94.7685	16.6886	23.6000	0.9300	0.9434	0.6943	-0.0017	815.0000	813.4273	1.0272	-3.8399	99.8366	40.6080	0.8230	0.8256	5.0000	-9999.0000	-9999.0000	-9999.0000	-9999.0000	-9999.0000	-9999.0000	17.5984	4	0	29.8187	1.0000	05	1	-9999.0000	50615	25424	-9999	-9999	429	935	543.2906	5	0.6657	0.6943	-0.0017	84.2929	1.4592	694.7199	501.0332	41.6204	679.3037	95.3935	708.7809	94.7685	716.7671	94.5833	725.4446	94.5602	
09/08/2017	03:01:35	011995	H421019368HLR	L421	S		714.4280	1.0400	0.0000	99.9545	39.8339	0.8230	1.1623	5.0000	19.9881	815.1649	94.8843	15.6798	23.6000	0.9300	0.9433	0.6943	-0.0017	815.0000	814.7035	1.0272	-3.8584	99.7861	40.6067	0.8230	0.8247	5.0000	-9999.0000	-9999.0000	-9999.0000	-9999.0000	-9999.0000	-9999.0000	17.4181	5	0	29.3691	1.0000	05	1	-9999.0000	50616	25425	-9999	-9999	430	937	544.7213	5	0.6657	0.6943	-0.0017	84.2929	1.4592	706.3104	569.2221	46.9213	692.4705	95.0463	715.9816	94.6991	724.0053	94.5370	731.5922	94.5602	
09/08/2017	03:02:02	011995	H421019535HLR	L421	S		704.4500	1.0400	0.0000	99.9640	39.8173	0.8230	1.1617	5.0000	22.4586	815.1194	94.8843	18.7393	23.6000	0.9300	0.9435	0.6950	-0.0017	815.0000	817.6090	1.0272	-3.9005	99.7762	40.6244	0.8230	0.8248	5.0000	-9999.0000	-9999.0000	-9999.0000	-9999.0000	-9999.0000	-9999.0000	17.3287	6	0	26.0877	1.0000	05	1	-9999.0000	50617	25426	-9999	-9999	431	939	540.4340	5	0.6656	0.6950	-0.0017	79.3050	1.7806	698.1877	561.9563	44.1667	684.0375	95.1852	708.4080	94.6528	716.2386	94.4907	722.9491	94.6296	
09/08/2017	03:02:31	011995	H421019545HLR	L421	S		656.8912	1.0400	0.0000	99.9315	39.8333	0.8230	1.1622	5.0000	20.7985	0.0000	0.0000	0.0000	0.0000	0.9300	0.0000	0.0000	0.0000	0.0000	695.6414	1.0272	-1.7217	99.7503	40.6418	0.8230	0.8258	5.0000	-9999.0000	-9999.0000	-9999.0000	-9999.0000	-9999.0000	-9999.0000	17.2784	7	7	29.7185	1.0000	05	1	-9999.0000	50618	0	-9999	-9999	432	940	0.0000	0	0.0000	0.0000	0.0000	0.0000	0.0000	0.0000	0.0000	0.0000	0.0000	0.0000	0.0000	0.0000	0.0000	0.0000	0.0000	0.0000	
09/08/2017	03:02:58	011995	H421019505HLR	L421	S		705.5734	1.0400	0.0000	99.9190	39.8516	0.8230	1.1623	5.0000	19.9378	815.1653	94.8148	17.8584	23.6000	0.9300	0.9436	0.6943	-0.0017	815.0000	814.3322	1.0272	-3.8530	99.9003	40.6638	0.8230	0.8255	5.0000	-9999.0000	-9999.0000	-9999.0000	-9999.0000	-9999.0000	-9999.0000	17.3992	8	0	26.3682	1.0000	05	1	-9999.0000	50619	25427	-9999	-9999	433	942	541.7059	5	0.6661	0.6943	-0.0017	76.2169	1.9471	694.8417	506.3500	45.5556	682.3996	94.9537	704.2957	94.8611	711.3596	94.6991	717.7913	94.5602	
09/08/2017	03:03:24	011995	H421019516HLR	L421	S		702.8156	1.0400	0.0000	99.9913	39.8404	0.8230	1.1622	5.0000	20.3484	815.1334	94.7917	17.4893	23.6000	0.9300	0.9434	0.6945	-0.0017	815.0000	815.4975	1.0272	-3.8699	99.9832	40.6712	0.8230	0.8258	5.0000	-9999.0000	-9999.0000	-9999.0000	-9999.0000	-9999.0000	-9999.0000	17.3438	1	0	26.3288	1.0000	05	1	-9999.0000	50620	25428	-9999	-9999	434	944	542.2206	5	0.6660	0.6945	-0.0017	77.7560	1.8554	698.0587	592.9605	44.6991	685.6757	95.2083	707.5138	94.6759	715.9865	94.5370	722.3030	94.5833	
09/08/2017	03:03:52	011995	H421019405HLR	L421	S		713.0498	1.0400	0.0000	99.9721	39.8527	0.8230	1.1623	5.0000	19.9264	815.0733	94.9537	14.1887	23.6000	0.9300	0.9435	0.6945	-0.0017	815.0000	817.6995	1.0272	-3.9018	99.6932	40.6846	0.8230	0.8265	5.0000	-9999.0000	-9999.0000	-9999.0000	-9999.0000	-9999.0000	-9999.0000	17.3189	2	0	28.1781	1.0000	05	1	-9999.0000	50621	25429	-9999	-9999	434	946	546.6557	5	0.6660	0.6945	-0.0017	77.7560	1.8554	711.1501	558.2924	44.5370	697.7010	94.9074	724.9912	94.5602	735.8229	94.5370	743.6172	94.6296	
09/08/2017	03:04:19	011995	H421019527HLR	L421	S		702.9315	1.0400	0.0000	99.9947	39.8471	0.8230	1.1622	5.0000	20.3969	815.1117	94.8380	17.2286	23.6000	0.9300	0.9434	0.6939	-0.0016	815.0000	815.5113	1.0272	-3.8701	99.8686	40.6723	0.8230	0.8267	5.0000	-9999.0000	-9999.0000	-9999.0000	-9999.0000	-9999.0000	-9999.0000	17.6588	3	0	26.6891	1.0000	05	1	-9999.0000	50622	25430	-9999	-9999	435	948	542.5463	5	0.6661	0.6939	-0.0016	81.3228	1.6291	697.9576	536.9722	44.2593	685.4844	95.0694	708.4471	94.6296	717.0968	94.5370	724.4439	94.5602	
09/08/2017	03:04:47	011995	H421019547HLR	L421	S		709.3003	1.0400	0.0000	99.9641	39.8455	0.8230	1.1623	5.0000	20.0292	815.1125	94.9537	14.9592	23.6000	0.9300	0.9434	0.6939	-0.0016	815.0000	815.6788	1.0272	-3.8725	100.0537	40.6477	0.8230	0.8266	5.0000	-9999.0000	-9999.0000	-9999.0000	-9999.0000	-9999.0000	-9999.0000	17.3284	4	0	28.4585	1.0000	05	1	-9999.0000	50623	25431	-9999	-9999	436	950	545.6301	5	0.6661	0.6939	-0.0016	81.3228	1.6291	706.0318	530.8320	44.7685	691.2678	94.9306	718.3367	94.6296	726.6430	94.5370	735.1181	94.5602	
09/08/2017	03:05:06	011995	H421019511HLR	L421	S		0.0000	0.0000	0.0000	0.0000	0.0000	0.8230	0.0000	0.0000	0.0000	0.0000	0.0000	0.0000	0.0000	0.9300	0.0000	0.0000	0.0000	0.0000	0.0000	0.0000	0.0000	0.0000	0.0000	0.8230	0.0000	0.0000	0.0000	0.0000	0.0000	0.0000	0.0000	0.0000	0.0000	0	42	28.4585	1.0000	05	1	0.0000	0	0	0	0	0	0	0.0000	0	0.0000	0.0000	0.0000	0.0000	0.0000	0.0000	0.0000	0.0000	0.0000	0.0000	0.0000	0.0000	0.0000	0.0000	0.0000	0.0000	
09/08/2017	03:05:50	011995	H421019529HLR	L421	S		711.0110	1.0400	0.0000	99.9559	39.8527	0.8230	1.1622	5.0000	20.1141	815.1630	95.0000	14.8791	23.6000	0.9300	0.9434	0.6937	-0.0016	815.0000	815.4981	1.0272	-3.8699	99.7847	40.6069	0.8230	0.8250	5.0000	-9999.0000	-9999.0000	-9999.0000	-9999.0000	-9999.0000	-9999.0000	18.5082	5	0	62.5365	1.0000	05	1	-9999.0000	50624	25432	-9999	-9999	437	952	545.7672	5	0.6660	0.6937	-0.0016	80.6102	1.6725	707.6107	545.7132	43.6343	693.4973	95.0463	720.2327	94.6065	729.2682	94.3519	736.9012	94.6065	
09/08/2017	03:06:16	011995	H421019539HLR	L421	S		706.3006	1.0400	0.0000	99.9256	39.8501	0.8230	1.1622	5.0000	20.2986	815.0794	94.6759	16.6788	23.6000	0.9300	0.9435	0.6930	-0.0016	815.0000	813.7406	1.0272	-3.8444	99.7004	40.6062	0.8230	0.8249	5.0000	-9999.0000	-9999.0000	-9999.0000	-9999.0000	-9999.0000	-9999.0000	17.2356	6	0	26.5685	1.0000	05	1	-9999.0000	50625	25433	-9999	-9999	438	954	543.1942	5	0.6661	0.6930	-0.0016	78.7449	1.8060	701.0439	558.9239	44.3519	688.1060	94.9769	712.9594	94.7685	720.4642	94.5602	728.4974	94.5370	
09/08/2017	03:06:44	011995	H421019531HLR	L421	S		711.5642	1.0400	0.0000	99.9833	39.8585	0.8230	1.1623	5.0000	19.9392	815.0975	94.9074	15.6291	23.6000	0.9300	0.9434	0.6931	-0.0016	815.0000	815.9282	1.0272	-3.8761	99.8889	40.6076	0.8230	0.8248	5.0000	-9999.0000	-9999.0000	-9999.0000	-9999.0000	-9999.0000	-9999.0000	17.5570	7	0	27.5084	1.0000	05	1	-9999.0000	50626	25434	-9999	-9999	439	956	544.5001	5	0.6661	0.6931	-0.0016	79.0326	1.8074	707.0197	542.8489	43.1713	692.8859	95.0000	718.9011	94.7222	726.6985	94.5602	734.3743	94.5139	
09/08/2017	03:07:09	011995	H421019487HLR	L421	S		705.8133	1.0400	0.0000	100.0045	39.8551	0.8230	1.1624	5.0000	20.9588	815.0845	94.7454	17.5391	23.6000	0.9300	0.9434	0.6930	-0.0016	815.0000	813.5773	1.0272	-3.8420	100.0083	40.5975	0.8230	0.8237	5.0000	-9999.0000	-9999.0000	-9999.0000	-9999.0000	-9999.0000	-9999.0000	19.3979	8	0	25.0085	1.0000	05	1	-9999.0000	50627	25434	-9999	-9999	440	958	541.9628	5	0.6663	0.6930	-0.0016	76.9411	1.9388	698.6887	549.0212	42.8009	685.5468	95.2546	710.8140	94.6528	718.0852	94.5602	725.2288	94.6528	
09/08/2017	03:07:36	011995	H421019466HLR	L421	S		710.2414	1.0400	0.0000	99.9899	39.8623	0.8230	1.1622	5.0000	20.6093	815.0950	94.8843	18.7793	23.7000	0.9300	0.9434	0.6933	-0.0016	815.0000	815.1558	1.0272	-3.8649	99.7329	40.6527	0.8230	0.8251	5.0000	-9999.0000	-9999.0000	-9999.0000	-9999.0000	-9999.0000	-9999.0000	17.5786	1	0	26.7688	1.0000	05	1	-9999.0000	50628	25435	-9999	-9999	441	960	540.3789	5	0.6664	0.6933	-0.0016	76.9977	1.9295	698.7224	549.4708	45.1389	686.1747	95.0463	708.7164	94.6528	714.6370	94.5602	723.5483	94.6065	
09/08/2017	03:08:02	011995	H421019455HLR	L421	S		706.3915	1.0400	0.0000	99.9839	39.8740	0.8230	1.1622	5.0000	20.0790	815.2174	94.9306	15.5793	23.8000	0.9300	0.9436	0.6925	-0.0016	815.0000	814.7292	1.0272	-3.8587	99.8126	40.6758	0.8230	0.8255	5.0000	-9999.0000	-9999.0000	-9999.0000	-9999.0000	-9999.0000	-9999.0000	18.3082	2	0	26.6484	1.0000	05	1	-9999.0000	50628	25436	-9999	-9999	442	962	544.7740	5	0.6663	0.6925	-0.0016	76.9977	1.9295	700.6488	495.3017	44.5370	685.2416	94.8843	714.9076	94.8380	724.5334	94.6991	733.2715	94.5602	
09/08/2017	03:08:31	011995	H421019522HLR	L421	S		705.4157	1.0400	0.0000	99.9938	39.8423	0.8230	1.1622	5.0000	20.2758	815.0722	94.8148	16.5196	23.6000	0.9300	0.9434	0.6925	-0.0016	815.0000	813.6278	1.0272	-3.8428	99.7630	40.6867	0.8230	0.8266	5.0000	-9999.0000	-9999.0000	-9999.0000	-9999.0000	-9999.0000	-9999.0000	17.5082	3	0	28.2785	1.0000	05	1	-9999.0000	50629	25437	-9999	-9999	443	963	543.3221	5	0.6663	0.6925	-0.0016	75.8677	1.9851	700.5950	548.9382	43.1250	687.1912	95.1852	710.2790	94.6759	719.0148	94.5370	726.2049	94.5833	
09/08/2017	03:09:25	011995	H421027959HLR	L421	S		708.3459	1.0400	0.0000	100.0126	39.8237	0.8230	1.1619	5.0000	21.1786	815.1138	94.8843	15.8097	23.7000	0.9300	0.9436	0.6920	-0.0015	815.0000	814.0918	1.0272	-3.8495	100.0794	40.6320	0.8230	0.8261	5.0000	-9999.0000	-9999.0000	-9999.0000	-9999.0000	-9999.0000	-9999.0000	17.4390	5	0	26.8189	1.0000	05	2	-9999.0000	50629	25438	-9999	-9999	444	966	544.3099	5	0.6663	0.6920	-0.0015	76.0366	1.9796	702.6517	508.5123	42.5463	689.9127	95.0694	715.2927	94.8148	724.1154	94.6528	731.8453	94.6065	
09/08/2017	03:09:53	011995	H421027955HLR	L421	S		707.7635	1.0400	0.0000	99.9760	39.8333	0.8230	1.1624	5.0000	19.5483	815.0794	94.9306	15.5988	23.6000	0.9300	0.9434	0.6931	-0.0016	815.0000	816.0470	1.0272	-3.8779	99.7403	40.6143	0.8230	0.8255	5.0000	-9999.0000	-9999.0000	-9999.0000	-9999.0000	-9999.0000	-9999.0000	17.3489	6	0	27.8188	1.0000	05	2	-9999.0000	50630	25439	-9999	-9999	445	968	544.5779	5	0.6665	0.6931	-0.0016	78.6523	1.8128	706.2086	541.8375	43.9583	692.0367	95.0694	718.2209	94.6296	725.6425	94.5602	733.5885	94.5602	
09/08/2017	03:12:08	011995	H421027998HLR	L421	S		0.0000	0.0000	0.0000	0.0000	0.0000	0.8230	0.0000	0.0000	0.0000	0.0000	0.0000	0.0000	0.0000	0.9300	0.0000	0.0000	0.0000	0.0000	0.0000	0.0000	0.0000	0.0000	0.0000	0.8230	0.0000	0.0000	0.0000	0.0000	0.0000	0.0000	0.0000	0.0000	0.0000	0	42	27.8188	1.0000	05	2	0.0000	0	0	0	0	0	0	0.0000	0	0.0000	0.0000	0.0000	0.0000	0.0000	0.0000	0.0000	0.0000	0.0000	0.0000	0.0000	0.0000	0.0000	0.0000	0.0000	0.0000	
09/08/2017	03:12:29	011995	H421027963HLR	L421	S		708.0028	1.0400	0.0000	99.9776	39.8487	0.8230	1.1622	5.0000	20.3289	815.1381	94.7454	17.3594	23.6000	0.9300	0.9434	0.6931	-0.0016	815.0000	816.3725	1.0272	-3.8826	99.7447	40.6125	0.8230	0.8249	5.0000	-9999.0000	-9999.0000	-9999.0000	-9999.0000	-9999.0000	-9999.0000	17.2986	7	0	155.5114	1.0000	05	2	-9999.0000	50631	25440	-9999	-9999	446	969	542.3480	5	0.6665	0.6931	-0.0016	78.6523	1.8128	700.3019	547.6343	45.0926	687.2119	95.0000	711.3123	94.6528	719.1004	94.5602	726.1644	94.6528	
09/08/2017	03:12:56	011995	H421027961HLR	L421	S		709.5755	1.0400	0.0000	100.0189	39.8473	0.8230	1.1621	5.0000	20.5231	815.0867	94.8843	16.9991	23.6000	0.9300	0.9433	0.6935	-0.0016	815.0000	814.3378	1.0272	-3.8531	99.9932	40.5852	0.8230	0.8235	5.0000	-9999.0000	-9999.0000	-9999.0000	-9999.0000	-9999.0000	-9999.0000	19.9687	8	0	27.1280	1.0000	05	2	-9999.0000	50632	25441	-9999	-9999	447	971	542.7477	5	0.6665	0.6935	-0.0016	77.9259	1.8418	703.9697	565.8903	43.5417	690.5227	95.1157	715.1363	94.6065	722.7031	94.4676	730.1098	94.6065	
09/08/2017	03:13:21	011995	H421027962HLR	L421	S		716.4190	1.0400	0.0000	99.9878	39.8415	0.8230	1.1620	5.0000	20.9792	815.1140	94.8611	15.7696	23.6000	0.9300	0.9434	0.6930	-0.0016	815.0000	816.2025	1.0272	-3.8801	99.7737	40.6044	0.8230	0.8248	5.0000	-9999.0000	-9999.0000	-9999.0000	-9999.0000	-9999.0000	-9999.0000	17.2269	1	0	25.1590	1.0000	05	2	-9999.0000	50633	25442	-9999	-9999	448	973	544.4599	5	0.6666	0.6930	-0.0016	79.2927	1.7606	710.0197	585.9592	47.5463	697.3900	95.0000	720.5793	94.6065	727.4220	94.5139	736.2319	94.6296	
09/08/2017	03:13:50	011995	H421027991HLR	L421	S		713.1984	1.0400	0.0000	99.9403	39.8460	0.8230	1.1625	5.0000	20.6395	815.0562	94.6759	16.8790	23.6000	0.9300	0.9433	0.6924	-0.0016	815.0000	814.8782	1.0272	-3.8609	99.8525	40.6293	0.8230	0.8253	5.0000	-9999.0000	-9999.0000	-9999.0000	-9999.0000	-9999.0000	-9999.0000	17.1700	2	0	29.2786	1.0000	05	2	-9999.0000	50634	25443	-9999	-9999	449	975	542.8972	5	0.6667	0.6924	-0.0016	81.5347	1.6139	703.8301	555.2187	43.4028	689.5330	95.1157	715.2781	94.6065	722.4154	94.5370	728.1521	94.6296	
09/08/2017	03:14:18	011995	H421028003HLR	L421	S		707.9939	1.0400	0.0000	99.9645	39.8508	0.8230	1.1622	5.0000	20.2043	815.1193	94.6991	16.6290	23.6000	0.9300	0.9433	0.6924	-0.0016	815.0000	814.5873	1.0272	-3.8567	99.8823	40.6554	0.8230	0.8263	5.0000	-9999.0000	-9999.0000	-9999.0000	-9999.0000	-9999.0000	-9999.0000	17.3179	3	0	27.4591	1.0000	05	2	-9999.0000	50635	25444	-9999	-9999	450	977	543.2891	5	0.6667	0.6924	-0.0016	81.5347	1.6139	703.5602	549.1816	44.6759	690.2809	95.0231	713.8168	94.7222	721.9591	94.5370	731.4031	94.5602	
09/08/2017	03:14:46	011995	H421028002HLR	L421	S		707.9803	1.0400	0.0000	99.9671	39.8542	0.8230	1.1623	5.0000	19.8982	815.1318	94.9537	16.1593	23.7000	0.9300	0.9436	0.6919	-0.0015	815.0000	816.2327	1.0272	-3.8806	99.7385	40.6535	0.8230	0.8259	5.0000	-9999.0000	-9999.0000	-9999.0000	-9999.0000	-9999.0000	-9999.0000	18.0777	4	0	28.5779	1.0000	05	2	-9999.0000	50636	25444	-9999	-9999	451	979	543.9332	5	0.6667	0.6919	-0.0015	79.3992	1.7309	699.7347	454.7221	43.7731	684.4314	94.8380	714.8641	94.9306	725.0677	94.7454	731.3581	94.6065	
09/08/2017	03:15:13	011995	H421027997HLR	L421	S		657.4409	1.0400	0.0000	99.9326	39.7172	0.8230	1.1623	5.0000	20.1576	0.0000	0.0000	0.0000	0.0000	0.9300	0.0000	0.0000	0.0000	0.0000	706.5855	1.0272	-1.5184	99.8615	40.6431	0.8230	0.8274	5.0000	-9999.0000	-9999.0000	-9999.0000	-9999.0000	-9999.0000	-9999.0000	17.3677	5	7	26.2986	1.0000	05	2	-9999.0000	50637	0	-9999	-9999	452	981	0.0000	0	0.0000	0.0000	0.0000	0.0000	0.0000	0.0000	0.0000	0.0000	0.0000	0.0000	0.0000	0.0000	0.0000	0.0000	0.0000	0.0000	
09/08/2017	03:15:41	011995	H421027347HLR	L421	S		705.3083	1.0400	0.0000	99.9757	39.7333	0.8230	1.1622	5.0000	21.3603	815.1593	94.9074	18.3095	23.7000	0.9300	0.9435	0.6923	-0.0016	815.0000	815.4602	1.0272	-3.8693	99.9896	40.6348	0.8230	0.8256	5.0000	-9999.0000	-9999.0000	-9999.0000	-9999.0000	-9999.0000	-9999.0000	19.5080	6	0	28.3592	1.0000	05	2	-9999.0000	50638	25445	-9999	-9999	453	983	541.2387	5	0.6667	0.6923	-0.0016	82.3778	1.5232	698.0425	510.6648	45.1157	684.3616	95.0000	709.6055	94.8380	716.9330	94.6759	723.1245	94.5833	
09/08/2017	03:16:09	011995	H421027349HLR	L421	S		709.9420	1.0400	0.0000	99.9277	39.7928	0.8230	1.1625	5.0000	20.3895	815.1415	94.7917	16.4786	23.6000	0.9300	0.9433	0.6926	-0.0016	815.0000	815.7080	1.0272	-3.8729	99.7755	40.5821	0.8230	0.8257	5.0000	-9999.0000	-9999.0000	-9999.0000	-9999.0000	-9999.0000	-9999.0000	17.5288	7	0	27.7371	1.0000	05	2	-9999.0000	50639	25446	-9999	-9999	454	985	543.5637	5	0.6667	0.6926	-0.0016	81.6866	1.5640	704.3952	555.3071	45.3241	690.5329	95.1157	713.8919	94.5139	721.0580	94.5370	730.1747	94.6296	
09/08/2017	03:16:37	011995	H421027359HLR	L421	S		704.5482	1.0400	0.0000	99.9555	39.8076	0.8230	1.1624	5.0000	19.8481	815.0753	94.8380	17.5694	23.6000	0.9300	0.9433	0.6926	-0.0016	815.0000	816.6102	1.0272	-3.8860	99.6746	40.5810	0.8230	0.8251	5.0000	-9999.0000	-9999.0000	-9999.0000	-9999.0000	-9999.0000	-9999.0000	17.1893	8	0	27.8889	1.0000	05	2	-9999.0000	50640	25447	-9999	-9999	455	987	542.1005	5	0.6667	0.6926	-0.0016	81.6866	1.5640	697.7361	523.6917	43.1944	682.8761	95.2083	711.0384	94.5833	718.4399	94.5370	725.6458	94.5833	
09/08/2017	03:17:04	011995	H421027368HLR	L421	S		710.5621	1.0400	0.0000	99.9231	39.7943	0.8230	1.1623	5.0000	19.9491	815.1396	94.9074	15.3088	23.6000	0.9300	0.9433	0.6926	-0.0016	815.0000	815.9785	1.0272	-3.8769	99.7617	40.5914	0.8230	0.8247	5.0000	-9999.0000	-9999.0000	-9999.0000	-9999.0000	-9999.0000	-9999.0000	17.4880	1	0	27.1686	1.0000	05	2	-9999.0000	50641	25448	-9999	-9999	456	989	545.0157	5	0.6667	0.6926	-0.0016	81.6866	1.5640	707.2280	556.5620	42.9861	693.2969	95.0926	719.2602	94.6296	728.4773	94.5833	735.7777	94.6065	
09/08/2017	03:17:31	011995	H421027369HLR	L421	S		707.4831	1.0400	0.0000	99.9559	39.7937	0.8230	1.1623	5.0000	20.0388	815.1343	94.4444	17.3487	23.6000	0.9300	0.9433	0.6923	-0.0016	815.0000	817.3259	1.0272	-3.8964	100.0375	40.5725	0.8230	0.8235	5.0000	-9999.0000	-9999.0000	-9999.0000	-9999.0000	-9999.0000	-9999.0000	19.7277	2	0	27.2808	1.0000	05	2	-9999.0000	50642	25448	-9999	-9999	457	991	542.4020	5	0.6666	0.6923	-0.0016	81.8456	1.5424	702.6241	547.6109	45.2315	689.2207	95.0463	714.0416	94.6991	720.2912	94.5833	727.9434	94.6528	
09/08/2017	03:18:00	011995	H421027350HLR	L421	S		703.2253	1.0400	0.0000	99.9638	39.7955	0.8230	1.1623	5.0000	20.0192	815.1321	94.7917	16.7891	23.6000	0.9300	0.9433	0.6927	-0.0016	815.0000	814.3924	1.0272	-3.8539	99.8091	40.6334	0.8230	0.8253	5.0000	-9999.0000	-9999.0000	-9999.0000	-9999.0000	-9999.0000	-9999.0000	17.6776	3	0	28.8561	1.0000	05	2	-9999.0000	50643	25449	-9999	-9999	458	993	543.1139	5	0.6664	0.6927	-0.0016	79.2889	1.6955	702.2264	550.9967	43.6806	688.9670	95.1620	712.9172	94.6296	720.0442	94.5602	728.2104	94.5833	
09/08/2017	03:18:28	011995	H421027376HLR	L421	S		703.8219	1.0400	0.0000	99.8989	39.8024	0.8230	1.1623	5.0000	20.1990	815.0399	94.7917	17.0098	23.6000	0.9300	0.9435	0.6927	-0.0016	815.0000	815.0236	1.0272	-3.8630	100.0438	40.6612	0.8230	0.8261	5.0000	-9999.0000	-9999.0000	-9999.0000	-9999.0000	-9999.0000	-9999.0000	17.3879	4	0	28.4180	1.0000	05	2	-9999.0000	50644	25450	-9999	-9999	459	995	542.6573	5	0.6664	0.6927	-0.0016	79.7394	1.6725	700.0939	606.6702	45.1852	687.9920	95.1852	710.7018	94.6528	717.6388	94.3981	725.7540	94.6528	
09/08/2017	03:18:56	011995	H421027367HLR	L421	S		707.7882	1.0400	0.0000	99.9959	39.8104	0.8230	1.1624	5.0000	19.6580	815.1156	94.7917	16.1993	23.6000	0.9300	0.9433	0.6927	-0.0016	815.0000	814.9861	1.0272	-3.8625	100.0102	40.6530	0.8230	0.8252	5.0000	-9999.0000	-9999.0000	-9999.0000	-9999.0000	-9999.0000	-9999.0000	18.7969	5	0	28.1283	1.0000	05	2	-9999.0000	50645	25451	-9999	-9999	460	997	543.8475	5	0.6664	0.6927	-0.0016	79.7394	1.6725	704.2207	598.2115	45.0000	691.5169	95.0694	714.0545	94.6528	723.1466	94.5370	730.8838	94.6296	
09/08/2017	03:19:26	011995	H421027292HLR	L421	S		705.4516	1.0400	0.0000	99.9662	39.8110	0.8230	1.1622	5.0000	20.2985	815.0810	94.7222	16.3194	23.6000	0.9300	0.9433	0.6930	-0.0016	815.0000	815.6401	1.0272	-3.8720	100.0064	40.6703	0.8230	0.8267	5.0000	-9999.0000	-9999.0000	-9999.0000	-9999.0000	-9999.0000	-9999.0000	17.4422	6	0	29.3492	1.0000	05	2	-9999.0000	50646	25452	-9999	-9999	461	999	543.5567	5	0.6663	0.6930	-0.0016	78.2051	1.7819	703.8344	554.9738	44.1667	689.5938	95.0463	713.9344	94.6528	722.7363	94.4907	730.5359	94.6065	
09/08/2017	03:19:52	011995	H421027336HLR	L421	S		703.1339	1.0400	0.0000	99.9685	39.8170	0.8230	1.1623	5.0000	19.9523	815.1427	94.7917	17.8194	23.6000	0.9300	0.9433	0.6922	-0.0016	815.0000	815.6251	1.0272	-3.8717	99.7797	40.6575	0.8230	0.8270	5.0000	-9999.0000	-9999.0000	-9999.0000	-9999.0000	-9999.0000	-9999.0000	17.3385	7	0	25.9986	1.0000	05	2	-9999.0000	50647	25453	-9999	-9999	462	1000	541.7114	5	0.6664	0.6922	-0.0016	79.5173	1.7071	700.6313	547.0725	42.8472	687.3836	95.0000	710.1297	94.6296	718.3124	94.5602	726.1414	94.5833	
09/08/2017	03:20:20	011995	H421027334HLR	L421	S		706.2515	1.0400	0.0000	99.9407	39.8229	0.8230	1.1623	5.0000	20.1386	815.1091	94.6991	17.3985	23.6000	0.9300	0.9433	0.6923	-0.0016	815.0000	816.6516	1.0272	-3.8866	99.9359	40.6437	0.8230	0.8268	5.0000	-9999.0000	-9999.0000	-9999.0000	-9999.0000	-9999.0000	-9999.0000	17.2414	8	0	27.9285	1.0000	05	2	-9999.0000	50647	25454	-9999	-9999	463	1002	542.2567	5	0.6664	0.6923	-0.0016	79.5799	1.7015	699.0130	524.6917	44.2361	684.5094	95.0000	711.7352	94.6991	719.9161	94.6528	727.4310	94.6296	
09/08/2017	03:20:46	011995	H421027366HLR	L421	S		709.2665	1.0400	0.0000	99.9806	39.8260	0.8230	1.1623	5.0000	20.1081	815.0587	94.6991	17.0694	23.6000	0.9300	0.9433	0.6912	-0.0015	815.0000	813.8313	1.0272	-3.8457	99.8386	40.5973	0.8230	0.8255	5.0000	-9999.0000	-9999.0000	-9999.0000	-9999.0000	-9999.0000	-9999.0000	17.4711	1	0	26.6378	1.0000	05	2	-9999.0000	50648	25455	-9999	-9999	464	1004	542.6268	5	0.6663	0.6912	-0.0015	81.5885	1.5943	700.9843	546.6137	44.9537	687.3106	95.0463	712.0080	94.6296	719.3878	94.5139	726.3369	94.6296	
09/08/2017	03:21:16	011995	H421027346HLR	L421	S		706.5761	1.0400	0.0000	99.9715	39.8293	0.8230	1.1623	5.0000	19.8632	815.1577	94.8380	18.3086	23.6000	0.9300	0.9433	0.6906	-0.0015	815.0000	816.2783	1.0272	-3.8812	99.8622	40.5862	0.8230	0.8244	5.0000	-9999.0000	-9999.0000	-9999.0000	-9999.0000	-9999.0000	-9999.0000	18.5493	2	0	29.6584	1.0000	05	2	-9999.0000	50649	25456	-9999	-9999	465	1005	541.2405	5	0.6664	0.6906	-0.0015	81.7945	1.5843	701.8616	561.0400	45.9954	687.5387	94.9769	712.5559	94.6065	718.4344	94.5602	724.7527	94.6065	
09/08/2017	03:21:44	011995	H421027356HLR	L421	S		712.3980	1.0400	0.0000	99.9641	39.8309	0.8230	1.1622	5.0000	20.2278	815.0688	94.9769	15.0685	23.6000	0.9300	0.9433	0.6906	-0.0015	815.0000	815.7757	1.0272	-3.8739	99.7693	40.6252	0.8230	0.8249	5.0000	-9999.0000	-9999.0000	-9999.0000	-9999.0000	-9999.0000	-9999.0000	17.3385	3	0	27.5787	1.0000	05	2	-9999.0000	50650	25457	-9999	-9999	466	1006	545.0489	5	0.6664	0.6906	-0.0015	81.7945	1.5843	710.7931	553.4870	44.7685	696.3907	94.8611	723.2724	94.6759	732.0230	94.6065	738.2332	94.6296	
09/08/2017	03:22:12	011995	H421027375HLR	L421	S		711.0681	1.0400	0.0000	99.9222	39.8347	0.8230	1.1623	5.0000	19.8690	815.1871	94.8380	16.9893	23.6000	0.9300	0.9433	0.6913	-0.0015	815.0000	813.6365	1.0272	-3.8429	99.7733	40.6425	0.8230	0.8252	5.0000	-9999.0000	-9999.0000	-9999.0000	-9999.0000	-9999.0000	-9999.0000	17.1736	4	0	28.7885	1.0000	05	2	-9999.0000	50651	25458	-9999	-9999	467	1008	542.8294	5	0.6664	0.6913	-0.0015	84.3042	1.4162	702.7577	564.4765	44.6991	689.0029	95.0231	712.6213	94.6759	720.7194	94.5602	727.9672	94.6296	
09/08/2017	03:22:39	011995	H421027363HLR	L421	S		711.1320	1.0400	0.0000	99.9419	39.8333	0.8230	1.1622	5.0000	20.1990	815.1286	94.9074	15.5890	23.6000	0.9300	0.9434	0.6913	-0.0015	815.0000	813.9246	1.0272	-3.8471	99.7482	40.6674	0.8230	0.8257	5.0000	-9999.0000	-9999.0000	-9999.0000	-9999.0000	-9999.0000	-9999.0000	17.2194	5	0	26.8187	1.0000	05	2	-9999.0000	50652	25459	-9999	-9999	468	1010	544.5030	5	0.6664	0.6913	-0.0015	84.3042	1.4162	706.5810	558.8973	44.8380	692.7408	94.9537	717.2610	94.6065	727.3441	94.5833	733.5635	94.6528	
09/08/2017	03:23:07	011995	H421027353HLR	L421	S		704.9163	1.0400	0.0000	99.9335	39.8418	0.8230	1.1623	5.0000	19.8387	815.1118	94.8843	18.6494	23.6000	0.9300	0.9433	0.6929	-0.0016	815.0000	816.0505	1.0272	-3.8779	100.0918	40.6830	0.8230	0.8261	5.0000	-9999.0000	-9999.0000	-9999.0000	-9999.0000	-9999.0000	-9999.0000	17.4182	6	0	27.2583	1.0000	05	2	-9999.0000	50653	25460	-9999	-9999	469	1012	540.5245	5	0.6663	0.6929	-0.0016	83.3985	1.4566	700.7354	562.6425	45.1157	686.8616	94.9769	711.2708	94.6759	716.0071	94.6065	721.8124	94.5370	
09/08/2017	03:23:36	011995	H421027364HLR	L421	S		709.6467	1.0400	0.0000	99.9810	39.8427	0.8230	1.1623	5.0000	19.6687	815.0716	94.7685	16.5684	23.6000	0.9300	0.9433	0.6927	-0.0016	815.0000	815.6401	1.0272	-3.8720	99.8778	40.6739	0.8230	0.8257	5.0000	-9999.0000	-9999.0000	-9999.0000	-9999.0000	-9999.0000	-9999.0000	18.8987	7	0	29.8284	1.0000	05	2	-9999.0000	50654	25461	-9999	-9999	470	1013	543.2329	5	0.6663	0.6927	-0.0016	83.1488	1.4555	702.4393	558.1900	44.8148	689.2506	94.9074	713.9715	94.6528	723.1012	94.6065	727.4891	94.6528	
09/08/2017	03:24:02	011995	H421027374HLR	L421	S		709.9366	1.0400	0.0000	99.9590	39.8481	0.8230	1.1623	5.0000	19.6029	815.1547	94.7917	17.8291	23.6000	0.9300	0.9434	0.6934	-0.0016	815.0000	813.7705	1.0272	-3.8448	99.7395	40.6545	0.8230	0.8268	5.0000	-9999.0000	-9999.0000	-9999.0000	-9999.0000	-9999.0000	-9999.0000	17.3282	8	0	25.6687	1.0000	05	2	-9999.0000	50655	25461	-9999	-9999	471	1015	541.7407	5	0.6663	0.6934	-0.0016	81.1317	1.5678	701.2579	570.8344	45.8333	686.9521	95.0231	711.7178	94.6528	719.0678	94.5602	725.4947	94.6528	
09/08/2017	03:24:28	011995	H421027344HLR	L421	S		710.5933	1.0400	0.0000	99.9646	39.8409	0.8230	1.1622	5.0000	20.0497	815.1485	94.7685	15.8087	23.6000	0.9300	0.9433	0.6941	-0.0017	815.0000	816.3193	1.0272	-3.8818	99.8246	40.6480	0.8230	0.8265	5.0000	-9999.0000	-9999.0000	-9999.0000	-9999.0000	-9999.0000	-9999.0000	17.4744	1	0	26.0581	1.0000	05	2	-9999.0000	50655	25462	-9999	-9999	472	1017	544.4292	5	0.6661	0.6941	-0.0017	80.0621	1.6335	705.8159	572.1564	43.4259	692.4936	95.0463	715.1179	94.6528	724.2721	94.5370	732.2607	94.6296	
09/08/2017	03:24:58	011995	H421027343HLR	L421	S		708.2678	1.0400	0.0000	99.9663	39.8442	0.8230	1.1622	5.0000	20.2488	815.1025	94.7454	16.3194	23.6000	0.9300	0.9434	0.6941	-0.0017	815.0000	814.1741	1.0272	-3.8507	99.7561	40.6067	0.8230	0.8253	5.0000	-9999.0000	-9999.0000	-9999.0000	-9999.0000	-9999.0000	-9999.0000	17.2789	2	0	29.6391	1.0000	05	2	-9999.0000	50656	25463	-9999	-9999	473	1019	543.6411	5	0.6661	0.6941	-0.0017	80.0621	1.6335	701.1281	552.2086	42.5694	687.0875	94.9537	713.3817	94.6991	721.4061	94.6528	728.8701	94.6759	
09/08/2017	03:25:27	011995	H421027331HLR	L421	S		700.3365	1.0400	0.0000	99.9858	39.8458	0.8230	1.1622	5.0000	20.1114	815.1383	94.8611	18.9092	23.6000	0.9300	0.9433	0.6943	-0.0017	815.0000	813.5237	1.0272	-3.8413	99.8315	40.6074	0.8230	0.8242	5.0000	-9999.0000	-9999.0000	-9999.0000	-9999.0000	-9999.0000	-9999.0000	18.3186	3	0	28.9694	1.0000	05	2	-9999.0000	50657	25464	-9999	-9999	474	1020	540.1062	5	0.6660	0.6943	-0.0017	84.1739	1.3750	691.2955	552.1553	43.0787	678.0428	95.2546	700.5447	94.6759	708.7578	94.5139	714.7874	94.6296	
09/08/2017	03:25:55	011995	H421027362HLR	L421	S		712.1221	1.0400	0.0000	99.9775	39.8516	0.8230	1.1623	5.0000	19.8992	815.0886	94.9537	14.6896	23.6000	0.9300	0.9433	0.6943	-0.0017	815.0000	815.5197	1.0272	-3.8702	99.7398	40.6287	0.8230	0.8248	5.0000	-9999.0000	-9999.0000	-9999.0000	-9999.0000	-9999.0000	-9999.0000	17.4223	4	0	28.7873	1.0000	05	2	-9999.0000	50658	25465	-9999	-9999	475	1022	545.8821	5	0.6660	0.6943	-0.0017	84.1739	1.3750	708.4014	568.5817	46.1111	694.7567	94.7685	720.8574	94.6528	728.5242	94.5139	737.8919	94.6528	
09/08/2017	03:26:24	011995	H421027373HLR	L421	S		708.5152	1.0400	0.0000	100.0152	39.8523	0.8230	1.1621	5.0000	20.3584	815.0444	94.9537	15.1291	23.6000	0.9300	0.9434	0.6940	-0.0017	815.0000	814.4880	1.0272	-3.8552	99.7327	40.6428	0.8230	0.8250	5.0000	-9999.0000	-9999.0000	-9999.0000	-9999.0000	-9999.0000	-9999.0000	17.5065	5	0	28.9788	1.0000	05	2	-9999.0000	50659	25466	-9999	-9999	476	1024	545.1628	5	0.6662	0.6940	-0.0017	78.0326	1.7552	707.1794	592.5689	45.8796	693.7079	94.9074	718.5240	94.5370	726.3225	94.5370	734.8752	94.6759	
09/08/2017	03:26:53	011995	H421027371HLR	L421	S		706.9661	1.0400	0.0000	99.9378	39.8357	0.8230	1.1618	5.0000	22.0691	815.0845	94.9074	18.6797	23.6000	0.9300	0.9433	0.6919	-0.0015	815.0000	815.3572	1.0272	-3.8679	99.7758	40.6620	0.8230	0.8254	5.0000	-9999.0000	-9999.0000	-9999.0000	-9999.0000	-9999.0000	-9999.0000	17.3786	6	0	28.5681	1.0000	05	2	-9999.0000	50660	25467	-9999	-9999	477	1026	540.4260	5	0.6660	0.6919	-0.0015	72.4341	2.0818	700.4111	572.2573	45.5324	688.2110	94.9537	710.0554	94.6528	716.5901	94.5602	723.6134	94.6528	
09/08/2017	03:27:22	011995	H421027311HLR	L421	S		709.6307	1.0400	0.0000	99.9484	39.8659	0.8230	1.1622	5.0000	20.2889	815.1320	94.7685	18.0088	23.6000	0.9300	0.9434	0.6914	-0.0015	815.0000	812.9953	1.0272	-3.8336	99.7588	40.6755	0.8230	0.8259	5.0000	-9999.0000	-9999.0000	-9999.0000	-9999.0000	-9999.0000	-9999.0000	17.2082	7	0	29.2980	1.0000	05	2	-9999.0000	50661	25468	-9999	-9999	478	1028	541.4749	5	0.6660	0.6914	-0.0015	72.6833	2.0670	701.6696	589.4333	44.9769	688.4881	95.0694	709.1793	94.5602	715.5240	94.6065	723.1082	94.6065	
09/08/2017	03:30:46	011995	H421027341HLR	L421	S		710.2547	1.0400	0.0000	99.9815	39.8653	0.8230	1.1620	5.0000	20.7816	815.0938	94.7685	17.8496	23.6000	0.9300	0.9432	0.6925	-0.0016	815.0000	814.4796	1.0272	-3.8551	99.7572	40.6841	0.8230	0.8263	5.0000	-9999.0000	-9999.0000	-9999.0000	-9999.0000	-9999.0000	-9999.0000	17.2088	8	0	203.7791	1.0000	05	2	-9999.0000	50662	25469	-9999	-9999	479	1030	541.6443	5	0.6661	0.6925	-0.0016	72.5445	2.0728	700.8233	572.1758	45.6713	687.1570	95.0000	713.0126	94.6759	718.9132	94.5139	725.5111	94.6528	
09/08/2017	03:31:12	011995	H421027330HLR	L421	S		704.2720	1.0400	0.0000	99.9233	39.8652	0.8230	1.1622	5.0000	19.9866	815.1619	94.7917	17.9492	23.6000	0.9300	0.9433	0.6926	-0.0016	815.0000	816.0820	1.0272	-3.8784	99.7077	40.6871	0.8230	0.8265	5.0000	-9999.0000	-9999.0000	-9999.0000	-9999.0000	-9999.0000	-9999.0000	17.2180	1	0	25.6489	1.0000	05	2	-9999.0000	50663	25469	-9999	-9999	480	1032	541.5756	5	0.6661	0.6926	-0.0016	75.0181	1.9171	697.8806	567.8680	43.8194	684.3684	95.0926	708.7403	94.6065	715.8679	94.5370	723.2827	94.6296	
09/08/2017	03:31:40	011995	H421027361HLR	L421	S		706.9097	1.0400	0.0000	99.9594	39.8633	0.8230	1.1622	5.0000	19.9184	815.0757	94.9769	17.5694	23.6000	0.9300	0.9434	0.6919	-0.0015	815.0000	814.7968	1.0272	-3.8597	100.0597	40.5823	0.8230	0.8252	5.0000	-9999.0000	-9999.0000	-9999.0000	-9999.0000	-9999.0000	-9999.0000	17.2638	2	0	28.2987	1.0000	05	2	-9999.0000	50663	25470	-9999	-9999	481	1034	541.9908	5	0.6660	0.6919	-0.0015	77.1471	1.7855	699.6965	568.0734	45.7639	687.0073	94.9769	708.9752	94.5370	718.1497	94.5602	725.1856	94.6528	
09/08/2017	03:34:55	011995	H421027352HLR	L421	S		712.7389	1.0400	0.0000	99.9601	39.8584	0.8230	1.1622	5.0000	19.9590	815.0869	94.7454	18.2891	23.6000	0.9300	0.9434	0.6920	-0.0015	815.0000	818.3040	1.0272	-3.9106	99.8348	40.5825	0.8230	0.8243	5.0000	-9999.0000	-9999.0000	-9999.0000	-9999.0000	-9999.0000	-9999.0000	18.2294	3	0	194.7599	1.0000	05	2	-9999.0000	50664	25471	-9999	-9999	482	1036	541.1572	5	0.6660	0.6920	-0.0015	81.1011	1.5516	705.3529	557.9430	42.7083	691.3859	94.9074	714.3884	94.6528	721.5705	94.5602	728.8227	94.6065	
09/08/2017	03:35:24	011995	H421027293HLR	L421	S		707.4316	1.0400	0.0000	100.0120	39.8539	0.8230	1.1620	5.0000	20.8786	815.1572	94.7917	16.2491	23.6000	0.9300	0.9434	0.6923	-0.0016	815.0000	812.9848	1.0272	-3.8334	99.8078	40.6198	0.8230	0.8254	5.0000	-9999.0000	-9999.0000	-9999.0000	-9999.0000	-9999.0000	-9999.0000	17.1783	4	0	29.6185	1.0000	05	2	-9999.0000	50665	25472	-9999	-9999	483	1038	543.8035	5	0.6659	0.6923	-0.0016	79.6134	1.6576	701.5140	546.4669	43.4491	687.1932	95.0463	713.5171	94.6991	722.0487	94.5602	730.6713	94.6528	
09/08/2017	03:35:53	011995	H421027308HLR	L421	S		713.0069	1.0400	0.0000	99.9786	39.8635	0.8230	1.1622	5.0000	19.9487	815.1790	94.9769	14.6584	23.7000	0.9300	0.9436	0.6923	-0.0016	815.0000	815.1556	1.0272	-3.8649	99.7641	40.5580	0.8230	0.8253	5.0000	-9999.0000	-9999.0000	-9999.0000	-9999.0000	-9999.0000	-9999.0000	17.1732	5	0	28.7779	1.0000	05	2	-9999.0000	50666	25473	-9999	-9999	484	1040	545.8599	5	0.6659	0.6923	-0.0016	79.6134	1.6576	705.9571	496.1083	44.7917	690.3214	94.6759	720.8935	95.0000	730.9045	94.7222	739.8752	94.6528	
09/08/2017	03:36:22	011995	H421027298HLR	L421	S		706.1318	1.0400	0.0000	99.9461	39.6834	0.8230	1.1623	5.0000	20.0979	815.0986	94.8843	17.1592	23.6000	0.9300	0.9433	0.6932	-0.0016	815.0000	815.7270	1.0272	-3.8732	99.9429	40.5506	0.8230	0.8248	5.0000	-9999.0000	-9999.0000	-9999.0000	-9999.0000	-9999.0000	-9999.0000	17.8481	6	0	28.7300	1.0000	05	2	-9999.0000	50667	25474	-9999	-9999	485	1042	542.5863	5	0.6657	0.6932	-0.0016	81.5916	1.5252	701.4919	561.5655	44.7685	687.9666	95.0231	712.4593	94.6991	720.5304	94.5370	727.9722	94.6065	
09/08/2017	03:36:51	011995	H421027303HLR	L421	S		707.4422	1.0400	0.0000	99.9343	39.7062	0.8230	1.1625	5.0000	20.1742	815.1259	94.8148	16.8888	23.7000	0.9300	0.9433	0.6938	-0.0016	815.0000	813.9647	1.0272	-3.8476	99.9052	40.5639	0.8230	0.8249	5.0000	-9999.0000	-9999.0000	-9999.0000	-9999.0000	-9999.0000	-9999.0000	17.2586	7	0	28.6580	1.0000	05	2	-9999.0000	50668	25475	-9999	-9999	486	1044	542.9225	5	0.6658	0.6938	-0.0016	82.0048	1.4961	699.9065	555.4386	44.9074	686.6941	95.0926	710.1833	94.5370	719.3913	94.5602	726.9306	94.5833	
09/08/2017	03:37:17	011995	H421027294HLR	L421	S		711.6776	1.0400	0.0000	99.9251	39.7586	0.8230	1.1622	5.0000	21.0487	815.1069	94.9769	18.5996	23.6000	0.9300	0.9434	0.6939	-0.0017	815.0000	814.8816	1.0272	-3.8610	99.7385	40.5766	0.8230	0.8250	5.0000	-9999.0000	-9999.0000	-9999.0000	-9999.0000	-9999.0000	-9999.0000	17.2692	8	0	26.4679	1.0000	05	2	-9999.0000	50669	25475	-9999	-9999	487	1045	540.6443	5	0.6659	0.6939	-0.0017	80.3348	1.5937	696.6950	490.1668	44.9306	683.1417	94.8611	706.6647	94.9074	717.3862	94.7454	723.8316	94.5833	
09/08/2017	03:37:45	011995	H421027314HLR	L421	S		713.4617	1.0400	0.0000	99.9336	39.5762	0.8230	1.1623	5.0000	20.3282	815.1959	94.8380	17.7989	23.6000	0.9300	0.9432	0.6936	-0.0016	815.0000	815.3731	1.0272	-3.8681	100.0467	40.5795	0.8230	0.8247	5.0000	-9999.0000	-9999.0000	-9999.0000	-9999.0000	-9999.0000	-9999.0000	18.0386	1	0	27.9586	1.0000	05	2	-9999.0000	50670	25476	-9999	-9999	488	1047	541.8338	5	0.6660	0.6936	-0.0016	80.9609	1.5536	701.9709	548.7771	43.1481	688.4201	95.2778	710.7837	94.6528	716.6707	94.5602	723.7274	94.6528	
09/08/2017	03:38:14	011995	H421027322HLR	L421	S		706.2054	1.0400	0.0000	99.8577	39.6848	0.8230	1.1629	5.0000	19.9061	815.0883	94.8380	17.7588	23.6000	0.9300	0.9432	0.6942	-0.0017	815.0000	815.7723	1.0272	-3.8739	99.7181	40.6178	0.8230	0.8259	5.0000	-9999.0000	-9999.0000	-9999.0000	-9999.0000	-9999.0000	-9999.0000	17.2388	2	0	29.3281	1.0000	05	2	-9999.0000	50671	25477	-9999	-9999	488	1049	541.8407	5	0.6660	0.6942	-0.0017	80.5811	1.5722	699.3222	553.8668	43.9583	686.0136	95.1852	709.4045	94.6065	717.8655	94.5833	723.3059	94.5833	
09/08/2017	03:38:42	011995	H421027312HLR	L421	S		705.0734	1.0400	0.0000	99.9321	39.7366	0.8230	1.1627	5.0000	19.9478	815.1475	94.7917	17.6387	23.6000	0.9300	0.9431	0.6938	-0.0016	815.0000	815.9388	1.0272	-3.8763	99.8698	40.6339	0.8230	0.8262	5.0000	-9999.0000	-9999.0000	-9999.0000	-9999.0000	-9999.0000	-9999.0000	17.3286	3	0	27.6284	1.0000	05	2	-9999.0000	50672	25478	-9999	-9999	489	1051	542.0433	5	0.6660	0.6938	-0.0016	84.4325	1.3278	695.9558	559.4092	44.8148	682.3621	95.0926	707.6310	94.6296	714.8117	94.5602	723.6743	94.6528	
09/08/2017	03:39:10	011995	H421027324HLR	L421	S		710.8410	1.0400	0.0000	99.9152	39.7453	0.8230	1.1625	5.0000	20.1893	815.0962	94.9074	15.4992	23.6000	0.9300	0.9432	0.6938	-0.0016	815.0000	813.7288	1.0272	-3.8442	100.0301	40.6150	0.8230	0.8250	5.0000	-9999.0000	-9999.0000	-9999.0000	-9999.0000	-9999.0000	-9999.0000	19.2289	4	0	28.2794	1.0000	99	9	-9999.0000	50673	25479	-9999	-9999	490	1053	544.9202	5	0.6660	0.6938	-0.0016	84.4325	1.3278	706.3954	552.2861	44.6759	693.2137	95.0000	716.6652	94.6065	724.3779	94.5833	732.6793	94.6065	
09/08/2017	03:39:39	011995	H421027315HLR	L421	S		703.4647	1.0400	0.0000	99.9756	39.7424	0.8230	1.1623	5.0000	20.5079	815.1311	94.6991	16.9386	23.6000	0.9300	0.9432	0.6939	-0.0016	815.0000	813.6538	1.0272	-3.8431	99.7739	40.6384	0.8230	0.8268	5.0000	-9999.0000	-9999.0000	-9999.0000	-9999.0000	-9999.0000	-9999.0000	17.5489	5	0	28.3375	1.0000	99	9	-9999.0000	50674	25480	-9999	-9999	491	1055	542.9875	5	0.6658	0.6939	-0.0016	85.0100	1.2686	699.0142	574.5743	45.7407	684.7581	94.9769	711.4725	94.6759	719.1199	94.5602	726.4202	94.6528	
09/08/2017	03:40:06	011995	H421027305HLR	L421	S		703.2667	1.0400	0.0000	99.9553	39.7515	0.8230	1.1624	5.0000	20.2294	815.0617	94.8380	18.3984	23.6000	0.9300	0.9433	0.6939	-0.0016	815.0000	814.9777	1.0272	-3.8623	99.9826	40.6219	0.8230	0.8259	5.0000	-9999.0000	-9999.0000	-9999.0000	-9999.0000	-9999.0000	-9999.0000	19.2487	6	0	27.7280	1.0000	99	9	-9999.0000	50675	25481	-9999	-9999	492	1057	540.9505	5	0.6657	0.6939	-0.0016	83.6685	1.3509	695.1330	572.9936	46.4583	681.6045	95.0463	705.4777	94.6759	711.2144	94.5139	720.2585	94.6065	
09/08/2017	03:40:32	011995	H421027296HLR	L421	S		710.5300	1.0400	0.0000	100.0154	39.7627	0.8230	1.1623	5.0000	20.6698	815.1031	94.7685	16.6788	23.6000	0.9300	0.9433	0.6939	-0.0016	815.0000	814.5877	1.0272	-3.8567	99.7335	40.6025	0.8230	0.8267	5.0000	-9999.0000	-9999.0000	-9999.0000	-9999.0000	-9999.0000	-9999.0000	17.2295	7	0	25.3492	1.0000	99	9	-9999.0000	50676	25482	-9999	-9999	492	1059	543.2716	5	0.6657	0.6939	-0.0016	83.6685	1.3509	702.6500	553.3346	45.0000	689.0316	94.9306	712.8170	94.7454	720.4372	94.5602	728.0747	94.6528	
09/08/2017	03:40:59	011995	H421027295HLR	L421	S		712.3942	1.0400	0.0000	99.9615	39.7802	0.8230	1.1623	5.0000	20.1895	815.0959	94.7222	17.3487	23.6000	0.9300	0.9433	0.6951	-0.0017	815.0000	815.3151	1.0272	-3.8672	100.0584	40.5767	0.8230	0.8256	5.0000	-9999.0000	-9999.0000	-9999.0000	-9999.0000	-9999.0000	-9999.0000	17.4878	8	0	27.2489	1.0000	99	9	-9999.0000	50677	25483	-9999	-9999	493	1060	542.4358	5	0.6659	0.6951	-0.0017	82.8233	1.3866	701.1263	556.7853	43.6343	687.6920	95.1157	711.0516	94.6065	718.2507	94.5833	725.9571	94.6759	
09/08/2017	03:41:26	011995	H421027316HLR	L421	S		716.2491	1.0400	0.0000	99.9578	39.7826	0.8230	1.1623	5.0000	20.2278	815.1142	94.6528	17.3291	23.7000	0.9300	0.9433	0.6949	-0.0017	815.0000	816.6120	1.0272	-3.8861	100.0149	40.5777	0.8230	0.8247	5.0000	-9999.0000	-9999.0000	-9999.0000	-9999.0000	-9999.0000	-9999.0000	17.6889	1	0	27.2608	1.0000	99	9	-9999.0000	50678	25484	-9999	-9999	494	1062	542.5021	5	0.6659	0.6949	-0.0017	81.5219	1.4635	705.5456	540.1915	44.4676	691.2925	94.9074	716.4415	94.6065	722.8746	94.5602	728.8741	94.6528	
09/08/2017	03:41:54	011995	H421027307HLR	L421	S		705.3347	1.0400	0.0000	100.0271	39.7877	0.8230	1.1622	5.0000	20.7089	815.0765	94.7222	16.7696	23.7000	0.9300	0.9433	0.6949	-0.0017	815.0000	815.2389	1.0272	-3.8661	99.8076	40.6142	0.8230	0.8252	5.0000	-9999.0000	-9999.0000	-9999.0000	-9999.0000	-9999.0000	-9999.0000	17.3574	2	0	27.5930	1.0000	99	9	-9999.0000	50679	25484	-9999	-9999	495	1064	543.2964	5	0.6659	0.6949	-0.0017	81.1836	1.4837	697.5108	567.0450	46.0880	682.8327	95.0000	710.2909	94.6065	718.0626	94.6065	725.7390	94.6528	
09/08/2017	03:42:22	011995	H421027297HLR	L421	S		714.9570	1.0400	0.0000	99.9645	39.7992	0.8230	1.1623	5.0000	20.1091	815.0856	94.9769	14.3293	23.7000	0.9300	0.9432	0.6949	-0.0017	815.0000	816.2027	1.0272	-3.8801	99.7879	40.6417	0.8230	0.8259	5.0000	-9999.0000	-9999.0000	-9999.0000	-9999.0000	-9999.0000	-9999.0000	17.2693	3	0	27.6585	1.0000	99	9	-9999.0000	50679	25485	-9999	-9999	496	1066	546.6716	5	0.6659	0.6949	-0.0017	81.1836	1.4837	709.8395	548.8443	42.6157	695.6306	94.7917	723.3844	94.6528	731.1002	94.5833	739.0193	94.6065	
09/08/2017	03:42:50	011995	H421027299HLR	L421	S		707.4998	1.0400	0.0000	99.8658	39.8000	0.8230	1.1623	5.0000	20.0283	815.0847	94.7222	16.3292	23.6000	0.9300	0.9433	0.6956	-0.0017	815.0000	816.2399	1.0272	-3.8807	99.8059	40.6533	0.8230	0.8263	5.0000	-9999.0000	-9999.0000	-9999.0000	-9999.0000	-9999.0000	-9999.0000	17.4983	4	0	28.3833	1.0000	99	9	-9999.0000	50680	25486	-9999	-9999	497	1068	543.8928	5	0.6659	0.6956	-0.0017	83.5118	1.3218	700.1406	545.1497	44.9074	685.9996	94.9769	713.7447	94.6528	721.7313	94.6065	728.8241	94.6528	
09/08/2017	03:43:17	011995	H421027318HLR	L421	S		708.4153	1.0400	0.0000	99.9823	39.8012	0.8230	1.1623	5.0000	20.0086	815.1496	94.7222	16.3595	23.6000	0.9300	0.9433	0.6955	-0.0017	815.0000	815.1521	1.0272	-3.8649	100.0063	40.6536	0.8230	0.8263	5.0000	-9999.0000	-9999.0000	-9999.0000	-9999.0000	-9999.0000	-9999.0000	18.0662	5	0	27.2739	1.0000	99	9	-9999.0000	50681	25487	-9999	-9999	498	1070	543.9760	5	0.6658	0.6955	-0.0017	84.1890	1.2985	701.6492	601.2203	47.1528	689.2569	94.9769	711.4105	94.7222	720.4313	94.5833	727.5913	94.6528	
09/08/2017	03:43:45	011995	H421027329HLR	L421	S		706.4560	1.0400	0.0000	99.9750	39.8044	0.8230	1.1625	5.0000	21.1070	815.0582	94.6759	16.7286	23.6000	0.9300	0.9433	0.6941	-0.0017	815.0000	817.1218	1.0272	-3.8934	99.8266	40.6466	0.8230	0.8271	5.0000	-9999.0000	-9999.0000	-9999.0000	-9999.0000	-9999.0000	-9999.0000	17.1736	6	0	27.6383	1.0000	99	9	-9999.0000	50682	25488	-9999	-9999	498	1072	543.3117	5	0.6659	0.6941	-0.0017	83.4548	1.3421	703.3084	595.0411	44.8611	690.7540	94.9769	715.1130	94.6759	723.7754	94.5370	728.9393	94.6759	
09/08/2017	03:44:13	011995	H421027319HLR	L421	S		711.9264	1.0400	0.0000	99.9499	39.8170	0.8230	1.1623	5.0000	20.1617	815.1254	94.6991	16.6593	23.6000	0.9300	0.9432	0.6931	-0.0016	815.0000	816.6099	1.0272	-3.8860	99.9000	40.6146	0.8230	0.8265	5.0000	-9999.0000	-9999.0000	-9999.0000	-9999.0000	-9999.0000	-9999.0000	17.3190	7	0	28.5591	1.0000	99	9	-9999.0000	50683	25489	-9999	-9999	499	1074	543.4266	5	0.6660	0.6931	-0.0016	86.2001	1.1805	705.5842	600.2949	45.0463	693.0927	95.0231	714.8740	94.7454	721.4636	94.5833	729.1924	94.6296	
09/08/2017	03:44:41	011995	H421027309HLR	L421	S		711.9676	1.0400	0.0000	99.9276	39.8215	0.8230	1.1623	5.0000	20.1082	815.0542	94.6759	17.4395	23.6000	0.9300	0.9433	0.6934	-0.0016	815.0000	814.5141	1.0272	-3.8556	99.8964	40.5934	0.8230	0.8256	5.0000	-9999.0000	-9999.0000	-9999.0000	-9999.0000	-9999.0000	-9999.0000	17.3692	8	0	27.2084	1.0000	99	9	-9999.0000	50684	25490	-9999	-9999	500	1075	542.3241	5	0.6661	0.6934	-0.0016	86.4767	1.1665	700.2840	555.9762	45.0694	686.1091	95.0231	711.3951	94.6759	718.9627	94.5139	725.9864	94.6759	
09/08/2017	03:45:07	011995	H421027310HLR	L421	S		708.1694	1.0400	0.0000	99.9574	39.8217	0.8230	1.1623	5.0000	19.9857	815.0946	94.7454	16.2384	23.6000	0.9300	0.9432	0.6935	-0.0016	815.0000	816.7936	1.0272	-3.8887	99.6995	40.5875	0.8230	0.8251	5.0000	-9999.0000	-9999.0000	-9999.0000	-9999.0000	-9999.0000	-9999.0000	17.4189	1	0	26.6893	1.0000	99	9	-9999.0000	50685	25490	-9999	-9999	501	1077	544.0047	5	0.6660	0.6935	-0.0016	85.5863	1.2364	705.0181	562.6543	44.8380	690.5495	94.9537	715.7240	94.6528	724.1072	94.4907	731.7406	94.6759	
09/08/2017	03:45:35	011995	H421027320HLR	L421	S		709.5730	1.0400	0.0000	99.9790	39.8219	0.8230	1.1622	5.0000	20.3983	815.0823	94.6759	16.6885	23.6000	0.9300	0.9432	0.6939	-0.0016	815.0000	814.9388	1.0272	-3.8618	100.0677	40.5879	0.8230	0.8243	5.0000	-9999.0000	-9999.0000	-9999.0000	-9999.0000	-9999.0000	-9999.0000	18.3284	2	0	28.0580	1.0000	99	9	-9999.0000	50685	25491	-9999	-9999	501	1079	543.3136	5	0.6660	0.6939	-0.0016	85.0971	1.2605	703.8212	554.8112	44.4444	690.6279	95.0231	714.4484	94.6296	721.5586	94.5833	728.9806	94.6528	
09/08/2017	03:46:04	011995	H421027186HLR	L421	S		717.0640	1.0400	0.0000	99.9258	39.8248	0.8230	1.1623	5.0000	20.0895	815.1078	94.7917	17.5684	23.6000	0.9300	0.9433	0.6936	-0.0016	815.0000	817.6306	1.0272	-3.9008	99.7307	40.6297	0.8230	0.8252	5.0000	-9999.0000	-9999.0000	-9999.0000	-9999.0000	-9999.0000	-9999.0000	17.4355	3	0	29.1281	1.0000	99	9	-9999.0000	50686	25492	-9999	-9999	502	1081	542.1655	5	0.6659	0.6936	-0.0016	85.9549	1.1988	706.8692	558.6158	42.7546	693.8088	95.0463	719.0201	94.6528	726.4390	94.5139	734.3224	94.6991	
09/08/2017	03:46:32	011995	H421027188HLR	L421	S		708.4776	1.0400	0.0000	99.9586	39.8296	0.8230	1.1623	5.0000	19.9187	815.1481	94.7454	16.2491	23.6000	0.9300	0.9433	0.6941	-0.0017	815.0000	815.4400	1.0272	-3.8691	99.7642	40.6358	0.8230	0.8249	5.0000	-9999.0000	-9999.0000	-9999.0000	-9999.0000	-9999.0000	-9999.0000	18.3399	4	0	28.0589	1.0000	99	9	-9999.0000	50687	25493	-9999	-9999	503	1083	543.9495	5	0.6660	0.6941	-0.0017	90.6269	0.9195	701.8620	563.3648	44.5833	689.2743	94.9769	714.3326	94.6065	722.3801	94.5370	729.9265	94.6759	
09/08/2017	03:46:59	011995	H421027197HLR	L421	S		707.8274	1.0400	0.0000	100.0066	39.8311	0.8230	1.1622	5.0000	20.3107	815.1096	95.2083	15.6495	23.6000	0.9300	0.9433	0.6941	-0.0017	815.0000	814.0020	1.0272	-3.8482	99.7931	40.6320	0.8230	0.8246	5.0000	-9999.0000	-9999.0000	-9999.0000	-9999.0000	-9999.0000	-9999.0000	19.0452	5	0	26.6178	1.0000	99	9	-9999.0000	50688	25493	-9999	-9999	504	1085	544.6725	5	0.6660	0.6941	-0.0017	90.6269	0.9195	704.2315	565.1395	45.6019	690.1552	94.9306	716.1348	94.5139	722.3823	94.5370	731.5690	94.6991	
09/08/2017	03:47:28	011995	H421027169HLR	L421	S		703.8954	1.0400	0.0000	99.9542	39.8367	0.8230	1.1624	5.0000	19.5692	815.1688	94.7917	17.1485	23.6000	0.9300	0.9433	0.6948	-0.0017	815.0000	815.3277	1.0272	-3.8674	99.8964	40.6439	0.8230	0.8249	5.0000	-9999.0000	-9999.0000	-9999.0000	-9999.0000	-9999.0000	-9999.0000	19.1816	6	0	28.7484	1.0000	99	9	-9999.0000	50689	25494	-9999	-9999	505	1087	542.7431	5	0.6657	0.6948	-0.0017	91.4069	0.8589	697.8509	553.4377	45.0926	684.1094	94.9537	710.7524	94.6065	719.3791	94.5370	725.4434	94.6528	
09/08/2017	03:47:55	011995	H421027189HLR	L421	S		705.1464	1.0400	0.0000	99.9565	39.8337	0.8230	1.1623	5.0000	19.9587	815.1169	94.7917	18.1387	23.7000	0.9300	0.9434	0.6946	-0.0017	815.0000	816.0881	1.0272	-3.8785	99.8859	40.6664	0.8230	0.8262	5.0000	-9999.0000	-9999.0000	-9999.0000	-9999.0000	-9999.0000	-9999.0000	18.3427	7	0	26.7994	1.0000	99	9	-9999.0000	50690	25495	-9999	-9999	505	1089	541.2411	5	0.6658	0.6946	-0.0017	93.2172	0.7536	696.6397	557.9225	44.1667	683.0851	95.0463	706.7052	94.6759	713.8967	94.6296	721.3347	94.6759	
09/08/2017	03:48:22	011995	H421027196HLR	L421	S		707.3949	1.0400	0.0000	99.9688	39.8342	0.8230	1.1622	5.0000	20.0097	815.1505	94.7917	17.0489	23.7000	0.9300	0.9434	0.6963	-0.0018	815.0000	814.6195	1.0272	-3.8571	100.1065	40.6574	0.8230	0.8269	5.0000	-9999.0000	-9999.0000	-9999.0000	-9999.0000	-9999.0000	-9999.0000	17.5783	8	0	27.2780	1.0000	99	9	-9999.0000	50691	25496	-9999	-9999	506	1090	542.8034	5	0.6659	0.6963	-0.0018	91.8312	0.8461	698.9076	570.5379	45.6019	684.7465	94.9074	711.3309	94.6759	718.6188	94.5833	726.0077	94.6528	
09/08/2017	03:48:50	011995	H421027166HLR	L421	S		712.8388	1.0400	0.0000	99.9042	39.8366	0.8230	1.1623	5.0000	19.8788	815.0715	94.8843	15.5890	23.7000	0.9300	0.9434	0.6963	-0.0018	815.0000	816.5828	1.0272	-3.8856	99.6846	40.6167	0.8230	0.8260	5.0000	-9999.0000	-9999.0000	-9999.0000	-9999.0000	-9999.0000	-9999.0000	17.6182	1	0	28.2590	1.0000	99	9	-9999.0000	50692	25497	-9999	-9999	507	1092	544.8309	5	0.6659	0.6963	-0.0018	91.8312	0.8461	707.8951	553.1293	43.2639	693.3764	94.9769	721.8089	94.6296	729.6167	94.5833	736.9629	94.5602	
09/08/2017	04:18:32	011995	H421022223HLR	L421	S		690.0917	1.0400	0.0000	99.9956	39.8333	0.8230	1.1622	5.0000	20.4383	815.1121	94.7917	17.7783	23.7000	0.9300	0.9433	0.6970	-0.0018	815.0000	814.7783	1.0272	-3.8595	99.8013	40.5847	0.8230	0.8245	5.0000	-9999.0000	-9999.0000	-9999.0000	-9999.0000	-9999.0000	-9999.0000	19.1473	2	0	1781.7042	1.0000	99	9	-9999.0000	50693	25498	-9999	-9999	507	1094	541.6468	5	0.6659	0.6970	-0.0018	89.1636	1.0207	694.4154	547.1994	45.1620	680.0655	95.0463	706.1919	94.7685	715.1185	94.5602	723.7563	94.6296	
09/08/2017	04:19:00	011995	H421027174HLR	L421	S		712.6035	1.0400	0.0000	99.9497	39.8341	0.8230	1.1622	5.0000	20.3811	815.1272	94.8611	15.7189	23.7000	0.9300	0.9433	0.6972	-0.0018	815.0000	814.8980	1.0272	-3.8612	99.9598	40.6054	0.8230	0.8248	5.0000	-9999.0000	-9999.0000	-9999.0000	-9999.0000	-9999.0000	-9999.0000	17.5583	3	0	28.1889	1.0000	99	9	-9999.0000	50693	25499	-9999	-9999	508	1096	544.7064	5	0.6660	0.6972	-0.0018	89.3889	1.0073	702.0855	535.1685	42.4769	688.9261	94.9074	712.5592	94.6528	722.4417	94.5370	730.2766	94.6991	
09/08/2017	04:19:28	011995	H421027175HLR	L421	S		709.8467	1.0400	0.0000	99.9636	39.8374	0.8230	1.1623	5.0000	21.7380	815.0774	94.6991	16.4298	23.7000	0.9300	0.9433	0.6950	-0.0017	815.0000	813.1004	1.0272	-3.8351	99.8279	40.5739	0.8230	0.8271	5.0000	-9999.0000	-9999.0000	-9999.0000	-9999.0000	-9999.0000	-9999.0000	17.4686	4	0	27.7379	1.0000	99	9	-9999.0000	50694	25500	-9999	-9999	509	1098	543.6334	5	0.6662	0.6950	-0.0017	85.9132	1.2177	700.6209	564.1430	45.3472	686.8947	95.0000	712.2403	94.7454	718.9781	94.5602	726.6088	94.6759	
09/08/2017	04:19:57	011995	H421027165HLR	L421	S		704.1688	1.0400	0.0000	99.9358	39.8452	0.8230	1.1620	5.0000	21.3190	815.1150	94.7685	17.3487	23.6000	0.9300	0.9433	0.6941	-0.0017	815.0000	814.8791	1.0272	-3.8609	99.7604	40.5612	0.8230	0.8273	5.0000	-9999.0000	-9999.0000	-9999.0000	-9999.0000	-9999.0000	-9999.0000	17.1987	5	0	29.0388	1.0000	99	9	-9999.0000	50695	25500	-9999	-9999	510	1100	542.3339	5	0.6660	0.6941	-0.0017	85.9272	1.2174	696.5091	565.8270	47.3148	683.2753	94.9769	707.6787	94.7454	715.4035	94.5602	722.7418	94.6528	
09/08/2017	04:20:25	011995	H421027177HLR	L421	S		709.1990	1.0400	0.0000	99.9422	39.8616	0.8230	1.1622	5.0000	20.2489	815.2358	94.8611	17.9082	23.7000	0.9300	0.9433	0.6948	-0.0017	815.0000	815.0630	1.0272	-3.8636	100.0225	40.5349	0.8230	0.8268	5.0000	-9999.0000	-9999.0000	-9999.0000	-9999.0000	-9999.0000	-9999.0000	17.5389	6	0	28.0781	1.0000	99	9	-9999.0000	50696	25501	-9999	-9999	511	1102	541.6915	5	0.6660	0.6948	-0.0017	86.3481	1.1899	701.0841	577.9075	47.2222	688.7453	94.9537	710.6016	94.6528	718.6436	94.5139	725.7824	94.6528	
09/08/2017	04:20:52	011995	H421027176HLR	L421	S		707.9944	1.0400	0.0000	99.9584	39.8661	0.8230	1.1623	5.0000	19.5982	815.1345	94.7222	17.1787	24.3000	0.9300	0.9432	0.6953	-0.0017	815.0000	811.8230	1.0272	-3.8166	99.7856	40.5193	0.8230	0.8262	5.0000	-9999.0000	-9999.0000	-9999.0000	-9999.0000	-9999.0000	-9999.0000	17.5790	7	0	26.6091	1.0000	99	9	-9999.0000	50697	25502	-9999	-9999	512	1103	542.5704	5	0.6661	0.6953	-0.0017	86.4839	1.1688	692.0284	398.1339	43.6343	677.0962	94.8611	707.4434	95.1157	717.4783	94.5139	725.5245	94.7917	
09/08/2017	04:21:17	011995	H421027163HLR	L421	S		710.2939	1.0400	0.0000	99.9483	39.4511	0.8230	1.1628	5.0000	20.1889	815.1183	94.7917	16.7999	24.3000	0.9300	0.9430	0.6951	-0.0017	815.0000	813.6884	1.0272	-3.8436	100.0162	40.5060	0.8230	0.8253	5.0000	-9999.0000	-9999.0000	-9999.0000	-9999.0000	-9999.0000	-9999.0000	18.1231	8	0	25.4585	1.0000	99	9	-9999.0000	50698	25503	-9999	-9999	513	1105	543.1443	5	0.6661	0.6951	-0.0017	84.7797	1.2793	705.4136	552.1021	43.0093	692.3312	95.4630	715.1823	94.4444	723.9889	94.6991	731.6239	94.6528	
09/08/2017	04:21:42	011995	H421027182HLR	L421	S		711.1892	1.0400	0.0000	99.9727	39.6000	0.8230	1.1634	5.0000	20.2886	815.1509	94.7917	17.9492	24.3000	0.9300	0.9430	0.6953	-0.0017	815.0000	812.7661	1.0272	-3.8303	99.7690	40.5133	0.8230	0.8246	5.0000	-9999.0000	-9999.0000	-9999.0000	-9999.0000	-9999.0000	-9999.0000	18.1987	1	0	25.2683	1.0000	99	9	-9999.0000	50699	25504	-9999	-9999	514	1107	541.6418	5	0.6661	0.6953	-0.0017	79.6608	1.5918	704.0594	527.2973	43.0556	690.2651	95.4398	713.6359	94.6065	718.7085	94.5370	727.2868	94.6991	
09/08/2017	04:22:12	011995	H421027192HLR	L421	S		706.2928	1.0400	0.0000	99.8784	39.7133	0.8230	1.1632	5.0000	20.0593	815.1018	94.7685	17.1690	24.4000	0.9300	0.9429	0.6953	-0.0017	815.0000	811.8165	1.0272	-3.8165	99.7550	40.5649	0.8230	0.8257	5.0000	-9999.0000	-9999.0000	-9999.0000	-9999.0000	-9999.0000	-9999.0000	17.3412	2	0	29.4685	1.0000	99	9	-9999.0000	50700	25505	-9999	-9999	515	1109	542.5826	5	0.6662	0.6953	-0.0017	76.3927	1.7925	701.0036	617.7012	47.0139	688.3751	95.3241	709.4237	94.5370	718.0473	94.5602	726.9394	94.6528	
09/08/2017	04:22:38	011995	H421027162HLR	L421	S		711.9065	1.0400	0.0000	99.9396	39.7060	0.8230	1.1627	5.0000	20.0277	815.1006	94.8843	15.6994	24.5000	0.9300	0.9430	0.6953	-0.0017	815.0000	814.5272	1.0272	-3.8558	99.7713	40.6011	0.8230	0.8265	5.0000	-9999.0000	-9999.0000	-9999.0000	-9999.0000	-9999.0000	-9999.0000	17.4794	3	0	25.9688	1.0000	99	9	-9999.0000	50701	25506	-9999	-9999	516	1111	544.7258	5	0.6662	0.6953	-0.0017	76.3927	1.7925	711.2495	601.6228	48.0787	698.8174	95.1389	722.5685	94.5139	728.4206	94.5602	735.6166	94.6296	
09/08/2017	04:23:05	011995	H421027161HLR	L421	S		707.9292	1.0400	0.0000	99.8680	39.6879	0.8230	1.1626	5.0000	20.0483	815.1600	95.0463	14.5588	24.5000	0.9300	0.9430	0.6951	-0.0017	815.0000	811.2165	1.0272	-3.8078	99.8601	40.5979	0.8230	0.8259	5.0000	-9999.0000	-9999.0000	-9999.0000	-9999.0000	-9999.0000	-9999.0000	18.3787	4	0	27.0788	1.0000	99	9	-9999.0000	50702	25507	-9999	-9999	517	1113	546.4205	5	0.6663	0.6951	-0.0017	77.4064	1.7219	710.6222	579.2191	45.0463	698.1838	95.1157	721.3028	94.5602	730.7756	94.5833	739.1923	94.6065	
09/08/2017	04:23:33	011995	H421027160HLR	L421	S		712.8767	1.0400	0.0000	99.9273	39.6881	0.8230	1.1626	5.0000	20.1687	815.0905	95.0000	14.2795	24.6000	0.9300	0.9431	0.6933	-0.0016	815.0000	813.2610	1.0272	-3.8374	99.8685	40.5928	0.8230	0.8257	5.0000	-9999.0000	-9999.0000	-9999.0000	-9999.0000	-9999.0000	-9999.0000	19.5979	5	0	27.8979	1.0000	99	9	-9999.0000	50703	25508	-9999	-9999	518	1114	546.5300	5	0.6664	0.6933	-0.0016	86.0104	1.1840	714.8055	552.3315	44.4676	701.5029	95.0000	727.2716	94.6065	735.5125	94.5833	743.0511	94.6296	
09/08/2017	04:24:01	011995	H421027181HLR	L421	S		710.2297	1.0400	0.0000	99.8759	39.7000	0.8230	1.1626	5.0000	20.3176	815.1234	94.9537	18.5986	24.7000	0.9300	0.9431	0.6926	-0.0016	815.0000	810.9754	1.0272	-3.8043	99.6543	40.5768	0.8230	0.8268	5.0000	-9999.0000	-9999.0000	-9999.0000	-9999.0000	-9999.0000	-9999.0000	17.4229	6	0	27.9086	1.0000	99	9	-9999.0000	50704	25508	-9999	-9999	519	1116	541.0682	5	0.6664	0.6926	-0.0016	86.6171	1.1348	703.3768	554.0985	46.0880	689.6784	95.0463	711.9967	94.6296	719.2138	94.6065	726.3162	94.6296	
09/08/2017	04:24:27	011995	H421027180HLR	L421	S		707.3380	1.0400	0.0000	99.9608	39.7231	0.8230	1.1626	5.0000	20.3895	815.1350	94.9769	15.0597	24.7000	0.9300	0.9430	0.6926	-0.0016	815.0000	810.3007	1.0272	-3.7945	99.7451	40.5521	0.8230	0.8260	5.0000	-9999.0000	-9999.0000	-9999.0000	-9999.0000	-9999.0000	-9999.0000	17.2305	7	0	25.9889	1.0000	99	9	-9999.0000	50705	25509	-9999	-9999	519	1118	545.4733	5	0.6664	0.6926	-0.0016	86.6171	1.1348	709.5011	545.4436	44.7917	694.4806	95.0000	723.4042	94.6296	730.9149	94.6065	739.8008	94.6759	
09/08/2017	04:24:53	011995	H421019376HLR	L421	S		704.9327	1.0400	0.0000	99.9364	39.7486	0.8230	1.1626	5.0000	19.9589	815.0875	94.8380	16.0987	24.8000	0.9300	0.9430	0.6946	-0.0017	815.0000	810.1185	1.0272	-3.7919	99.7997	40.5436	0.8230	0.8250	5.0000	-9999.0000	-9999.0000	-9999.0000	-9999.0000	-9999.0000	-9999.0000	18.1880	8	0	25.8979	1.0000	99	9	-9999.0000	50706	25510	-9999	-9999	520	1120	544.2555	5	0.6667	0.6946	-0.0017	92.5540	0.7656	704.2597	541.5373	44.6759	689.8633	95.1389	716.7707	94.6065	726.0042	94.6065	732.6423	94.6759	
09/08/2017	04:27:02	011995	H421019380HLR	L421	S		0.0000	0.0000	0.0000	0.0000	0.0000	0.8230	0.0000	0.0000	0.0000	0.0000	0.0000	0.0000	0.0000	0.9300	0.0000	0.0000	0.0000	0.0000	0.0000	0.0000	0.0000	0.0000	0.0000	0.8230	0.0000	0.0000	0.0000	0.0000	0.0000	0.0000	0.0000	0.0000	0.0000	0	42	25.8979	1.0000	99	9	0.0000	0	0	0	0	0	0	0.0000	0	0.0000	0.0000	0.0000	0.0000	0.0000	0.0000	0.0000	0.0000	0.0000	0.0000	0.0000	0.0000	0.0000	0.0000	0.0000	0.0000	
09/08/2017	04:27:25	011995	H421027200HLR	L421	S		704.7789	1.0400	0.0000	99.9565	39.7322	0.8230	1.1625	5.0000	20.4860	815.0884	94.6759	16.9893	24.9000	0.9300	0.9429	0.6949	-0.0017	815.0000	808.8849	1.0272	-3.7740	99.7435	40.5723	0.8230	0.8249	5.0000	-9999.0000	-9999.0000	-9999.0000	-9999.0000	-9999.0000	-9999.0000	17.7484	1	0	152.8023	1.0000	99	9	-9999.0000	50707	25511	-9999	-9999	521	1122	543.0375	5	0.6669	0.6949	-0.0017	92.3002	0.7737	697.2092	573.5849	43.2407	683.5675	95.2546	708.3640	94.7222	716.6345	94.5370	724.5774	94.6759	
09/08/2017	04:27:56	011995	H421019367HLR	L421	S		705.3586	1.0400	0.0000	99.8962	39.7536	0.8230	1.1626	5.0000	19.8581	815.0894	94.7222	16.9385	24.9000	0.9300	0.9430	0.6966	-0.0018	815.0000	812.5878	1.0272	-3.8277	99.7994	40.6153	0.8230	0.8256	5.0000	-9999.0000	-9999.0000	-9999.0000	-9999.0000	-9999.0000	-9999.0000	17.7780	2	0	30.3285	1.0000	99	9	-9999.0000	50708	25511	-9999	-9999	522	1124	543.2270	5	0.6672	0.6966	-0.0018	88.7330	1.0008	703.3733	549.3333	45.8796	689.0965	95.0694	716.1562	94.6528	725.3870	94.5602	731.2573	94.6759	
09/08/2017	04:28:24	011995	H421019387HLR	L421	S		712.8989	1.0400	0.0000	99.9361	39.7637	0.8230	1.1626	5.0000	19.9091	815.1005	94.9074	14.9797	24.9000	0.9300	0.9430	0.6966	-0.0018	815.0000	812.6956	1.0272	-3.8292	99.9726	40.6460	0.8230	0.8262	5.0000	-9999.0000	-9999.0000	-9999.0000	-9999.0000	-9999.0000	-9999.0000	17.5485	3	0	27.8577	1.0000	99	9	-9999.0000	50708	25512	-9999	-9999	523	1126	546.1667	5	0.6672	0.6966	-0.0018	88.7330	1.0008	711.3993	560.2523	45.1852	696.8144	95.0000	723.6948	94.4444	732.4171	94.5833	740.3938	94.6528	
09/08/2017	04:28:51	011995	H421019396HLR	L421	S		707.2027	1.0400	0.0000	99.9590	39.7516	0.8230	1.1622	5.0000	21.2586	815.1389	95.0000	14.9386	25.0000	0.9300	0.9429	0.6974	-0.0018	815.0000	811.0587	1.0272	-3.8055	99.8038	40.6391	0.8230	0.8261	5.0000	-9999.0000	-9999.0000	-9999.0000	-9999.0000	-9999.0000	-9999.0000	17.7158	4	0	27.6393	1.0000	99	9	-9999.0000	50709	25513	-9999	-9999	524	1128	546.4623	5	0.6674	0.6974	-0.0018	89.4978	0.9440	707.3673	559.6566	43.1481	693.5506	95.1157	719.6789	94.6528	728.4266	94.5602	736.4489	94.6528	
09/08/2017	04:29:16	011995	H421019386HLR	L421	S		706.0864	1.0400	0.0000	99.9070	39.7700	0.8230	1.1626	5.0000	19.9588	815.0859	94.8611	15.7394	25.1000	0.9300	0.9429	0.7000	-0.0020	815.0000	808.6884	1.0272	-3.7711	99.8953	40.6442	0.8230	0.8267	5.0000	-9999.0000	-9999.0000	-9999.0000	-9999.0000	-9999.0000	-9999.0000	17.4460	5	0	25.1258	1.0000	99	9	-9999.0000	50710	25514	-9999	-9999	525	1130	545.4094	5	0.6674	0.7000	-0.0020	93.3535	0.7106	701.3628	561.8515	42.8009	687.9153	95.1852	713.0603	94.6991	721.2147	94.5370	730.0401	94.6759	
09/08/2017	04:29:43	011995	H421019356HLR	L421	S		709.0640	1.0400	0.0000	100.0061	39.7896	0.8230	1.1625	5.0000	20.2890	815.0731	94.9074	19.3291	25.4000	0.9300	0.9433	0.7012	-0.0020	815.0000	806.3205	1.0272	-3.7368	99.7701	40.6460	0.8230	0.8270	5.0000	-9999.0000	-9999.0000	-9999.0000	-9999.0000	-9999.0000	-9999.0000	17.4587	6	0	26.8810	1.0000	99	9	-9999.0000	50711	25515	-9999	-9999	526	1132	539.7382	5	0.6677	0.7012	-0.0020	88.2382	1.0034	695.9320	495.5419	45.9491	681.9970	94.9074	703.4922	94.9769	712.2386	94.7454	719.5797	94.6991	
09/08/2017	04:30:11	011995	H421019366HLR	L421	S		708.3435	1.0400	0.0000	99.9481	39.6504	0.8230	1.1626	5.0000	19.5685	815.1928	94.7454	16.9190	25.3000	0.9300	0.9429	0.7036	-0.0022	815.0000	810.9435	1.0272	-3.8038	99.9917	40.5956	0.8230	0.8256	5.0000	-9999.0000	-9999.0000	-9999.0000	-9999.0000	-9999.0000	-9999.0000	19.6987	7	0	28.0186	1.0000	99	9	-9999.0000	50712	25516	-9999	-9999	527	1134	543.8391	5	0.6679	0.7036	-0.0022	89.6908	0.9038	703.2177	597.9183	45.6019	691.8046	95.2546	711.7415	94.4213	720.5965	94.6065	728.7987	94.6528	
09/08/2017	04:30:39	011995	H421019369HLR	L421	S		704.8997	1.0400	0.0000	99.9032	39.7000	0.8230	1.1627	5.0000	20.0692	815.0883	94.7685	16.6993	25.3000	0.9300	0.9427	0.7046	-0.0022	815.0000	806.7833	1.0272	-3.7435	99.7650	40.5709	0.8230	0.8256	5.0000	-9999.0000	-9999.0000	-9999.0000	-9999.0000	-9999.0000	-9999.0000	17.4694	8	0	27.4287	1.0000	99	9	-9999.0000	50712	25517	-9999	-9999	528	1136	544.2041	5	0.6682	0.7046	-0.0022	89.1669	0.9328	693.2560	461.3432	42.1296	677.5494	95.4167	708.4089	94.5139	716.0264	94.5833	724.7026	94.6759	
09/08/2017	04:31:06	011995	H421019360HLR	L421	S		714.0510	1.0400	0.0000	99.8685	39.7426	0.8230	1.1626	5.0000	20.5389	815.1146	95.0000	14.2688	25.3000	0.9300	0.9427	0.7046	-0.0022	815.0000	810.3227	1.0272	-3.7948	99.6831	40.5750	0.8230	0.8251	5.0000	-9999.0000	-9999.0000	-9999.0000	-9999.0000	-9999.0000	-9999.0000	17.2183	1	0	27.6781	1.0000	99	9	-9999.0000	50712	25518	-9999	-9999	529	1138	548.7604	5	0.6682	0.7046	-0.0022	89.1669	0.9328	707.1790	551.9924	44.1435	693.3989	95.0463	720.0823	94.5833	728.6395	94.5833	737.3868	94.6528	
09/08/2017	04:31:36	011995	H421019388HLR	L421	S		709.6417	1.0400	0.0000	99.9355	39.7625	0.8230	1.1626	5.0000	20.1998	815.1392	94.7917	15.9894	25.4000	0.9300	0.9427	0.7012	-0.0020	815.0000	810.7737	1.0272	-3.8014	99.6996	40.5937	0.8230	0.8249	5.0000	-9999.0000	-9999.0000	-9999.0000	-9999.0000	-9999.0000	-9999.0000	17.4901	2	0	29.2493	1.0000	99	9	-9999.0000	50713	25519	-9999	-9999	530	1140	545.7172	5	0.6683	0.7012	-0.0020	92.6717	0.7181	706.6216	573.3408	46.5972	692.8658	95.0000	717.2954	94.5602	725.6816	94.6065	733.9951	94.6991	
09/08/2017	04:32:03	011995	H421019397HLR	L421	S		711.9136	1.0400	0.0000	99.9054	39.7617	0.8230	1.1623	5.0000	21.3591	815.1027	94.5833	17.0782	25.5000	0.9300	0.9427	0.6996	-0.0019	815.0000	809.3308	1.0272	-3.7804	99.8364	40.6187	0.8230	0.8253	5.0000	-9999.0000	-9999.0000	-9999.0000	-9999.0000	-9999.0000	-9999.0000	17.5041	3	0	27.4274	1.0000	99	9	-9999.0000	50714	25520	-9999	-9999	531	1142	544.0658	5	0.6687	0.6996	-0.0019	93.8957	0.6143	702.8041	548.1947	45.5093	690.1592	95.0231	713.2448	94.6065	721.1564	94.6296	728.2398	94.6528	
09/08/2017	04:32:30	011995	H421027979HLR	L421	S		707.2538	1.0400	0.0000	99.8609	39.7925	0.8230	1.1626	5.0000	20.0083	815.2049	94.7454	16.4190	25.5000	0.9300	0.9426	0.7011	-0.0019	815.0000	807.3740	1.0272	-3.7520	99.7989	40.6303	0.8230	0.8256	5.0000	-9999.0000	-9999.0000	-9999.0000	-9999.0000	-9999.0000	-9999.0000	17.2084	4	0	27.1890	1.0000	05	4	-9999.0000	50715	25521	-9999	-9999	532	1144	545.4469	5	0.6692	0.7011	-0.0019	83.1460	1.2833	702.0013	550.1223	43.7037	689.4056	95.0926	712.7996	94.6991	721.2669	94.5833	727.9729	94.6528	
09/08/2017	04:32:58	011995	H421027975HLR	L421	S		703.2736	1.0400	0.0000	99.8877	39.7973	0.8230	1.1625	5.0000	19.9686	815.0642	94.6528	16.6690	25.6000	0.9300	0.9426	0.7020	-0.0020	815.0000	809.0847	1.0272	-3.7769	99.9717	40.6296	0.8230	0.8250	5.0000	-9999.0000	-9999.0000	-9999.0000	-9999.0000	-9999.0000	-9999.0000	18.5082	5	0	28.1318	1.0000	05	4	-9999.0000	50716	25522	-9999	-9999	533	1146	545.1473	5	0.6694	0.7020	-0.0020	81.8412	1.3498	700.5158	559.3644	44.9769	686.7459	95.0463	712.8942	94.6296	719.5702	94.5833	727.9441	94.6991	
09/08/2017	04:33:26	011995	H421028343HLR	L421	S		701.3775	1.0400	0.0000	99.9816	39.7887	0.8230	1.1622	5.0000	21.0583	815.1375	94.9074	18.2695	25.6000	0.9300	0.9427	0.7018	-0.0020	815.0000	807.5894	1.0272	-3.7552	99.7096	40.6626	0.8230	0.8263	5.0000	-9999.0000	-9999.0000	-9999.0000	-9999.0000	-9999.0000	-9999.0000	17.3993	6	0	27.9851	1.0000	05	4	-9999.0000	50717	25523	-9999	-9999	534	1147	542.7973	5	0.6695	0.7018	-0.0020	84.8644	1.1398	694.9993	558.9070	43.4954	682.0993	95.1852	705.1156	94.6759	713.0771	94.6065	720.7608	94.6528	
09/08/2017	04:33:54	011995	H421028345HLR	L421	S		706.8101	1.0400	0.0000	99.8742	39.8004	0.8230	1.1625	5.0000	20.0332	815.0870	94.6991	16.4190	25.6000	0.9300	0.9426	0.7013	-0.0019	815.0000	808.2664	1.0272	-3.7650	99.7560	40.6573	0.8230	0.8255	5.0000	-9999.0000	-9999.0000	-9999.0000	-9999.0000	-9999.0000	-9999.0000	18.9885	7	0	27.6690	1.0000	05	4	-9999.0000	50718	25523	-9999	-9999	535	1149	545.9681	5	0.6698	0.7013	-0.0019	88.6322	0.8866	701.7042	552.8565	45.7870	688.9072	94.9306	713.5438	94.7222	719.6552	94.5833	727.5394	94.6759	
09/08/2017	04:34:22	011995	H421027358HLR	L421	S		713.1521	1.0400	0.0000	99.9077	39.8105	0.8230	1.1624	5.0000	20.0194	815.1396	94.7454	16.2394	25.7000	0.9300	0.9427	0.7013	-0.0019	815.0000	809.1876	1.0272	-3.7783	99.6686	40.6606	0.8230	0.8271	5.0000	-9999.0000	-9999.0000	-9999.0000	-9999.0000	-9999.0000	-9999.0000	17.2284	8	0	28.3780	1.0000	05	4	-9999.0000	50718	25524	-9999	-9999	536	1151	546.4563	5	0.6698	0.7013	-0.0019	88.6322	0.8866	706.9454	556.4942	46.0880	693.4700	95.0000	717.7253	94.4907	725.6760	94.6296	733.0819	94.6528	
09/08/2017	04:34:50	011995	H421015228HLR	L421	S		701.9694	1.0400	0.0000	99.9057	39.8107	0.8230	1.1624	5.0000	19.9830	815.0981	94.6528	17.2090	25.7000	0.9300	0.9426	0.6955	-0.0015	815.0000	806.5868	1.0272	-3.7406	99.8879	40.6431	0.8230	0.8269	5.0000	-9999.0000	-9999.0000	-9999.0000	-9999.0000	-9999.0000	-9999.0000	17.2400	1	0	27.5688	1.0000	05	4	-9999.0000	50719	25525	-9999	-9999	537	1153	545.2350	5	0.6703	0.6955	-0.0015	93.5459	0.5725	702.2158	564.8687	43.9120	690.4255	95.1157	711.3631	94.5833	717.9371	94.6296	725.4572	94.6759	
09/08/2017	04:35:19	011995	H421015229HLR	L421	S		709.4067	1.0400	0.0000	99.8893	39.8167	0.8230	1.1624	5.0000	19.9401	815.1221	94.7222	17.0489	25.8000	0.9300	0.9425	0.6974	-0.0016	815.0000	808.0086	1.0272	-3.7612	99.9389	40.6167	0.8230	0.8259	5.0000	-9999.0000	-9999.0000	-9999.0000	-9999.0000	-9999.0000	-9999.0000	17.9985	2	0	29.2484	1.0000	05	4	-9999.0000	50720	25526	-9999	-9999	538	1155	545.8143	5	0.6706	0.6974	-0.0016	92.8410	0.6083	707.8194	562.9490	45.1852	696.0483	95.0000	716.2396	94.6759	724.7056	94.5370	731.4204	94.6528	
09/08/2017	04:35:46	011995	H421027327HLR	L421	S		711.7999	1.0400	0.0000	99.9481	39.8222	0.8230	1.1623	5.0000	20.2935	815.0837	94.6991	16.6690	25.8000	0.9300	0.9425	0.6959	-0.0015	815.0000	808.2791	1.0272	-3.7652	99.7809	40.6057	0.8230	0.8253	5.0000	-9999.0000	-9999.0000	-9999.0000	-9999.0000	-9999.0000	-9999.0000	17.2193	3	0	27.2279	1.0000	05	4	-9999.0000	50721	25526	-9999	-9999	539	1156	546.4509	5	0.6710	0.6959	-0.0015	92.7029	0.6059	708.3857	555.4872	45.8333	696.2001	95.0000	719.1220	94.5833	725.7538	94.5833	734.4724	94.6991	
09/08/2017	04:36:15	011995	H421027317HLR	L421	S		709.7949	1.0400	0.0000	99.8988	39.8289	0.8230	1.1624	5.0000	20.1690	815.1106	94.7222	17.4385	25.9000	0.9300	0.9426	0.6960	-0.0015	815.0000	808.1662	1.0272	-3.7635	99.7699	40.6135	0.8230	0.8250	5.0000	-9999.0000	-9999.0000	-9999.0000	-9999.0000	-9999.0000	-9999.0000	17.4187	4	0	28.2884	1.0000	05	4	-9999.0000	50722	25527	-9999	-9999	540	1158	545.8325	5	0.6712	0.6960	-0.0015	91.7001	0.6722	706.1875	551.3386	43.5185	693.3854	95.1389	716.4575	94.6759	723.9635	94.5833	731.6065	94.6759	
09/08/2017	04:36:42	011995	H421027339HLR	L421	S		712.0654	1.0400	0.0000	99.8400	39.8333	0.8230	1.1624	5.0000	19.9204	815.0633	94.7222	16.5499	25.9000	0.9300	0.9425	0.6954	-0.0014	815.0000	808.5772	1.0272	-3.7695	99.7409	40.6326	0.8230	0.8251	5.0000	-9999.0000	-9999.0000	-9999.0000	-9999.0000	-9999.0000	-9999.0000	17.2730	5	0	27.0290	1.0000	05	4	-9999.0000	50723	25528	-9999	-9999	541	1160	547.0859	5	0.6714	0.6954	-0.0014	93.6208	0.5398	709.6451	565.2889	43.0787	695.2963	95.0926	720.2271	94.5833	730.1558	94.5833	737.2796	94.6991	
09/08/2017	04:37:07	011995	H421019383HLR	L421	S		712.4633	1.0400	0.0000	99.8343	39.8390	0.8230	1.1628	5.0000	19.8376	815.1072	94.8843	18.2685	26.0000	0.9300	0.9425	0.6938	-0.0013	815.0000	810.0017	1.0272	-3.7902	99.6550	40.6572	0.8230	0.8252	5.0000	-9999.0000	-9999.0000	-9999.0000	-9999.0000	-9999.0000	-9999.0000	17.4693	6	0	24.9887	1.0000	05	4	-9999.0000	50724	25529	-9999	-9999	542	1162	545.3713	5	0.6718	0.6938	-0.0013	95.8678	0.3816	708.3264	523.4490	43.3102	694.4662	95.1852	718.0440	94.5370	724.6218	94.4907	731.1643	94.6991	
09/08/2017	04:37:32	011995	H421019520HLR	L421	S		714.4360	1.0400	0.0000	99.9002	39.8456	0.8230	1.1624	5.0000	19.9754	815.0727	94.7917	16.2491	26.0000	0.9300	0.9424	0.6895	-0.0010	815.0000	809.3817	1.0272	-3.7812	99.7748	40.6841	0.8230	0.8260	5.0000	-9999.0000	-9999.0000	-9999.0000	-9999.0000	-9999.0000	-9999.0000	17.3173	7	0	25.1784	1.0000	05	4	-9999.0000	50725	25530	-9999	-9999	543	1164	547.9520	5	0.6722	0.6895	-0.0010	100.1775	0.1031	716.1760	533.1759	43.9120	702.1533	94.9769	725.4426	94.7222	733.9906	94.5833	740.1253	94.6528	
09/08/2017	04:37:57	011995	H421019508HLR	L421	S		710.5993	1.0400	0.0000	99.9630	39.8505	0.8230	1.1623	5.0000	20.2487	815.1227	94.7917	17.3594	26.1000	0.9300	0.9425	0.6886	-0.0010	815.0000	809.1069	1.0272	-3.7772	99.8271	40.6959	0.8230	0.8271	5.0000	-9999.0000	-9999.0000	-9999.0000	-9999.0000	-9999.0000	-9999.0000	17.2299	8	0	25.1495	1.0000	05	4	-9999.0000	50726	25530	-9999	-9999	544	1166	547.3022	5	0.6725	0.6886	-0.0010	100.5927	0.0593	714.9410	572.2190	45.0231	701.5022	94.9769	725.5723	94.4444	732.6053	94.6528	737.9728	94.6991	
09/08/2017	04:38:22	011995	H421019469HLR	L421	S		715.8648	1.0400	0.0000	99.9455	39.8592	0.8230	1.1624	5.0000	19.7684	815.1246	94.7685	16.0890	26.1000	0.9300	0.9424	0.6864	-0.0008	815.0000	809.0335	1.0272	-3.7761	99.7736	40.6628	0.8230	0.8267	5.0000	-9999.0000	-9999.0000	-9999.0000	-9999.0000	-9999.0000	-9999.0000	17.4783	1	0	25.1474	1.0000	05	4	-9999.0000	50727	25531	-9999	-9999	545	1168	548.5701	5	0.6727	0.6864	-0.0008	103.3130	-0.1205	723.2718	604.1761	46.3194	710.4794	94.9306	731.3270	94.4444	738.6095	94.6065	745.3027	94.6528	
09/08/2017	04:38:51	011995	H421019471HLR	L421	S		720.8405	1.0400	0.0000	99.9036	39.8638	0.8230	1.1623	5.0000	20.1116	815.0645	94.9769	13.7190	26.1000	0.9300	0.9424	0.6864	-0.0008	815.0000	811.0973	1.0272	-3.8061	99.6917	40.6250	0.8230	0.8254	5.0000	-9999.0000	-9999.0000	-9999.0000	-9999.0000	-9999.0000	-9999.0000	17.3786	2	0	28.6684	1.0000	05	4	-9999.0000	50728	25532	-9999	-9999	546	1170	550.2654	5	0.6727	0.6864	-0.0008	103.3130	-0.1205	736.7681	600.7708	47.3611	725.5334	94.8380	746.5731	94.3981	754.5266	94.6528	762.0790	94.6759	
09/08/2017	04:39:20	011995	H421019464HLR	L421	S		720.1429	1.0400	0.0000	99.8961	39.8690	0.8230	1.1623	5.0000	20.0825	815.1316	94.8611	12.2601	26.1000	0.9300	0.9422	0.6841	-0.0007	815.0000	808.2415	1.0272	-3.7646	99.6825	40.6422	0.8230	0.8249	5.0000	-9999.0000	-9999.0000	-9999.0000	-9999.0000	-9999.0000	-9999.0000	17.3190	3	0	28.7389	1.0000	05	4	-9999.0000	50729	25533	-9999	-9999	547	1172	551.0851	5	0.6731	0.6841	-0.0007	102.9329	-0.1111	739.3215	547.4590	43.2870	725.4833	94.8843	751.6308	94.3750	757.9221	94.5602	767.0452	94.7454	
09/08/2017	04:39:49	011995	H421019079HLR	L421	S		719.6546	1.0400	0.0000	99.9368	39.8770	0.8230	1.1623	5.0000	20.0096	815.0798	95.0000	13.6799	26.3000	0.9300	0.9423	0.6817	-0.0005	815.0000	810.6226	1.0272	-3.7992	99.7741	40.6690	0.8230	0.8252	5.0000	-9999.0000	-9999.0000	-9999.0000	-9999.0000	-9999.0000	-9999.0000	17.3285	4	0	28.9280	1.0000	05	4	-9999.0000	50730	25534	-9999	-9999	548	1174	550.1210	5	0.6733	0.6817	-0.0005	105.4143	-0.2787	737.8603	564.3173	43.5417	723.8931	94.9074	750.0168	94.6065	756.9356	94.5833	764.0452	94.7685	
09/08/2017	04:40:21	011995	H421019097HLR	L421	S		715.3665	1.0400	0.0000	99.9371	39.8797	0.8230	1.1622	5.0000	20.7375	815.1319	94.9537	14.1594	26.3000	0.9300	0.9423	0.6839	-0.0006	815.0000	808.8926	1.0272	-3.7741	99.7444	40.6801	0.8230	0.8254	5.0000	-9999.0000	-9999.0000	-9999.0000	-9999.0000	-9999.0000	-9999.0000	17.6243	5	0	32.1385	1.0000	05	4	-9999.0000	50731	25535	-9999	-9999	549	1176	550.4327	5	0.6737	0.6839	-0.0006	103.0035	-0.1502	731.6404	564.2247	45.4398	718.2509	94.7685	743.2485	94.5139	751.4007	94.6528	757.7493	94.7454	
09/08/2017	04:40:46	011995	H421019094HLR	L421	S		712.4804	1.0400	0.0000	99.9154	39.8925	0.8230	1.1623	5.0000	19.9393	815.1059	94.8843	17.7891	26.3000	0.9300	0.9423	0.6960	-0.0013	815.0000	810.2235	1.0272	-3.7934	100.0529	40.6895	0.8230	0.8254	5.0000	-9999.0000	-9999.0000	-9999.0000	-9999.0000	-9999.0000	-9999.0000	18.0687	6	0	25.6882	1.0000	05	4	-9999.0000	50732	25536	-9999	-9999	550	1178	548.4272	5	0.6742	0.6960	-0.0013	78.6226	1.2841	719.2809	560.9695	43.2176	706.3527	94.9306	728.2082	94.6296	734.2787	94.5833	740.1050	94.8148	
09/08/2017	04:41:15	011995	H421025280HLR	L421	S		708.7788	1.0400	0.0000	99.9603	39.8967	0.8230	1.1623	5.0000	20.0097	815.1433	94.7917	17.8291	26.3000	0.9300	0.9423	0.6943	-0.0012	815.0000	807.8020	1.0272	-3.7582	99.7134	40.6892	0.8230	0.8256	5.0000	-9999.0000	-9999.0000	-9999.0000	-9999.0000	-9999.0000	-9999.0000	17.3382	7	0	28.6524	1.0000	05	4	-9999.0000	50733	25537	-9999	-9999	551	1180	548.1450	5	0.6746	0.6943	-0.0012	72.4169	1.6582	708.8554	557.7245	45.4167	696.6629	95.0463	718.3386	94.4444	725.1818	94.6759	730.4350	94.6991	
09/08/2017	04:41:43	011995	H421025271HLR	L421	S		714.3377	1.0400	0.0000	99.9336	39.8989	0.8230	1.1622	5.0000	20.2782	815.0817	94.8380	17.9688	26.3000	0.9300	0.9422	0.6971	-0.0014	815.0000	810.3391	1.0272	-3.7951	99.9541	40.7043	0.8230	0.8263	5.0000	-9999.0000	-9999.0000	-9999.0000	-9999.0000	-9999.0000	-9999.0000	17.4681	8	0	28.0251	1.0000	05	4	-9999.0000	50734	25538	-9999	-9999	552	1182	548.2307	5	0.6748	0.6971	-0.0014	68.5709	1.8770	714.0429	603.2190	44.2593	701.5392	95.0463	723.0572	94.3519	729.3461	94.6296	735.1618	94.7222	
09/08/2017	04:42:12	011995	H421025283HLR	L421	S		711.2748	1.0400	0.0000	99.9536	39.9048	0.8230	1.1623	5.0000	19.7638	815.1268	94.8843	18.3691	26.3000	0.9300	0.9422	0.6961	-0.0013	815.0000	809.7115	1.0272	-3.7859	100.0584	40.7131	0.8230	0.8265	5.0000	-9999.0000	-9999.0000	-9999.0000	-9999.0000	-9999.0000	-9999.0000	17.6035	1	0	28.5083	1.0000	05	4	-9999.0000	50735	25538	-9999	-9999	553	1184	547.8518	5	0.6750	0.6961	-0.0013	69.8891	1.7708	708.0690	528.5686	43.3333	694.4240	95.1852	716.7155	94.6528	723.9643	94.5139	730.0301	94.6759	
09/08/2017	04:42:40	011995	H421025301HLR	L421	S		722.2670	1.0400	0.0000	99.9377	39.9073	0.8230	1.1622	5.0000	20.0896	815.0932	94.9537	14.7287	26.3000	0.9300	0.9421	0.6961	-0.0013	815.0000	813.4047	1.0272	-3.8395	99.9689	40.7054	0.8230	0.8265	5.0000	-9999.0000	-9999.0000	-9999.0000	-9999.0000	-9999.0000	-9999.0000	17.9018	2	0	28.1089	1.0000	05	4	-9999.0000	50735	25538	-9999	-9999	554	1185	551.9787	5	0.6750	0.6961	-0.0013	69.8891	1.7708	726.5850	552.2893	43.1713	713.2659	94.8843	737.2277	94.5370	743.8530	94.6065	750.5959	94.6991	
09/08/2017	04:43:08	011995	H421025268HLR	L421	S		709.5140	1.0400	0.0000	99.9168	39.9094	0.8230	1.1622	5.0000	20.1199	815.0356	94.8843	17.6885	26.3000	0.9300	0.9422	0.6927	-0.0010	815.0000	811.1878	1.0272	-3.8074	99.9867	40.6894	0.8230	0.8266	5.0000	-9999.0000	-9999.0000	-9999.0000	-9999.0000	-9999.0000	-9999.0000	17.8205	3	0	28.6379	1.0000	05	4	-9999.0000	50736	25539	-9999	-9999	555	1187	549.1665	5	0.6755	0.6927	-0.0010	74.5208	1.4436	712.8480	575.4959	45.0231	699.6928	95.0231	722.7806	94.4676	729.3720	94.6528	736.2769	94.6759	
09/08/2017	04:43:38	011995	H421025293HLR	L421	S		711.9199	1.0400	0.0000	99.9218	39.9075	0.8230	1.1623	5.0000	19.7284	815.1448	94.7917	17.1387	26.3000	0.9300	0.9421	0.6926	-0.0010	815.0000	809.7314	1.0272	-3.7862	99.7464	40.6500	0.8230	0.8262	5.0000	-9999.0000	-9999.0000	-9999.0000	-9999.0000	-9999.0000	-9999.0000	17.2981	4	0	29.5790	1.0000	05	4	-9999.0000	50737	25540	-9999	-9999	556	1189	550.0966	5	0.6757	0.6926	-0.0010	73.9106	1.4625	716.7243	566.4066	45.4861	704.6210	94.9537	726.0433	94.6065	732.5943	94.5833	738.7955	94.6759	
09/08/2017	04:44:08	011995	H421025308HLR	L421	S		710.9123	1.0400	0.0000	99.9845	39.9113	0.8230	1.1622	5.0000	20.4987	815.0579	94.7685	17.5293	26.2000	0.9300	0.9421	0.6944	-0.0011	815.0000	810.2037	1.0272	-3.7931	99.7986	40.6422	0.8230	0.8254	5.0000	-9999.0000	-9999.0000	-9999.0000	-9999.0000	-9999.0000	-9999.0000	17.3830	5	0	29.9374	1.0000	05	4	-9999.0000	50738	25541	-9999	-9999	557	1191	549.8729	5	0.6758	0.6944	-0.0011	69.3380	1.7059	711.9525	541.5680	42.7315	698.6059	95.2315	723.3097	94.5833	730.2715	94.6065	737.4345	94.6991	
09/08/2017	04:44:37	011995	H421025302HLR	L421	S		714.1015	1.0400	0.0000	99.9394	39.9182	0.8230	1.1623	5.0000	19.9783	815.1163	94.7222	17.1592	26.2000	0.9300	0.9420	0.6940	-0.0011	815.0000	809.9395	1.0272	-3.7893	99.9784	40.6268	0.8230	0.8244	5.0000	-9999.0000	-9999.0000	-9999.0000	-9999.0000	-9999.0000	-9999.0000	19.1384	6	0	29.3892	1.0000	05	4	-9999.0000	50739	25542	-9999	-9999	558	1193	550.3835	5	0.6759	0.6940	-0.0011	67.7211	1.7980	714.8556	563.5352	45.0926	701.5806	94.8843	724.3195	94.5139	730.4297	94.5833	737.7220	94.6991	
09/08/2017	04:45:07	011995	H421025296HLR	L421	S		713.5891	1.0400	0.0000	99.8432	39.9180	0.8230	1.1622	5.0000	19.9695	815.1792	94.8148	17.6494	26.1000	0.9300	0.9421	0.6914	-0.0009	815.0000	812.9816	1.0272	-3.8334	99.7798	40.6351	0.8230	0.8247	5.0000	-9999.0000	-9999.0000	-9999.0000	-9999.0000	-9999.0000	-9999.0000	17.8481	7	0	29.3476	1.0000	05	4	-9999.0000	50740	25542	-9999	-9999	559	1195	550.1582	5	0.6763	0.6914	-0.0009	65.0644	1.9637	715.7555	555.9490	45.5093	702.5854	94.9074	723.6776	94.5370	730.4422	94.6065	737.5132	94.6991	
09/08/2017	04:45:32	011995	H421025275HLR	L421	S		711.5642	1.0400	0.0000	99.9681	39.9160	0.8230	1.1622	5.0000	20.0789	815.1038	94.9074	18.6591	26.1000	0.9300	0.9420	0.6902	-0.0008	815.0000	813.3977	1.0272	-3.8394	99.8586	40.6382	0.8230	0.8245	5.0000	-9999.0000	-9999.0000	-9999.0000	-9999.0000	-9999.0000	-9999.0000	18.0885	8	0	25.3589	1.0000	05	4	-9999.0000	50741	25543	-9999	-9999	560	1197	549.6779	5	0.6765	0.6902	-0.0008	66.2248	1.8596	713.9109	575.3045	44.6991	701.0145	94.8611	723.9154	94.4907	729.9814	94.6065	735.9216	94.6991	
09/08/2017	04:45:59	011995	H421025286HLR	L421	S		710.2602	1.0400	0.0000	99.8841	39.9144	0.8230	1.1622	5.0000	20.1531	815.0782	94.8148	19.0693	26.0000	0.9300	0.9419	0.6896	-0.0008	815.0000	813.4592	1.0272	-3.8403	99.8727	40.6499	0.8230	0.8249	5.0000	-9999.0000	-9999.0000	-9999.0000	-9999.0000	-9999.0000	-9999.0000	17.2700	1	0	26.9088	1.0000	05	4	-9999.0000	50741	25544	-9999	-9999	561	1198	549.7259	5	0.6767	0.6896	-0.0008	66.9028	1.8022	715.2320	567.5861	45.0926	701.5294	94.8148	723.8885	94.6759	730.5760	94.5833	736.2019	94.6759	
09/08/2017	04:46:24	011995	H421025402HLR	L421	S		713.2137	1.0400	0.0000	99.9286	39.9172	0.8230	1.1622	5.0000	19.9793	815.0924	94.8380	18.5898	25.9000	0.9300	0.9420	0.6902	-0.0008	815.0000	814.6030	1.0272	-3.8569	99.7901	40.6711	0.8230	0.8245	5.0000	-9999.0000	-9999.0000	-9999.0000	-9999.0000	-9999.0000	-9999.0000	18.3589	2	0	25.0484	1.0000	05	4	-9999.0000	50742	25545	-9999	-9999	562	1200	550.3148	5	0.6767	0.6902	-0.0008	65.1283	1.8955	717.0413	594.6972	45.1620	704.1191	94.8611	724.9150	94.6296	731.7813	94.5139	738.4045	94.6759	
09/08/2017	04:46:57	011995	H421025387HLR	L421	S		712.3747	1.0400	0.0000	99.9114	39.9189	0.8230	1.1622	5.0000	20.2283	815.2249	94.8611	18.3389	25.8000	0.9300	0.9420	0.6901	-0.0008	815.0000	816.1838	1.0272	-3.8798	99.9067	40.7101	0.8230	0.8260	5.0000	-9999.0000	-9999.0000	-9999.0000	-9999.0000	-9999.0000	-9999.0000	17.3189	3	0	32.6876	1.0000	05	4	-9999.0000	50743	25546	-9999	-9999	562	1202	550.6907	5	0.6768	0.6901	-0.0008	64.0742	1.9585	716.1410	600.6966	47.5463	704.6326	94.9074	725.6298	94.6065	731.9033	94.5833	737.1931	94.6528	
09/08/2017	04:47:26	011995	H421025386HLR	L421	S		719.6734	1.0400	0.0000	99.9117	39.9213	0.8230	1.1622	5.0000	20.0888	815.1052	94.9769	14.4797	25.7000	0.9300	0.9419	0.6901	-0.0008	815.0000	815.4489	1.0272	-3.8692	100.0475	40.7106	0.8230	0.8269	5.0000	-9999.0000	-9999.0000	-9999.0000	-9999.0000	-9999.0000	-9999.0000	17.3788	4	0	29.2290	1.0000	05	4	-9999.0000	50744	25547	-9999	-9999	563	1204	553.2050	5	0.6768	0.6901	-0.0008	64.0742	1.9585	727.2819	571.1411	45.0694	712.8809	94.5833	740.3102	94.5370	748.1744	94.5833	753.8720	94.6991	
09/08/2017	04:47:57	011995	H421021447HLR	L421	S		709.8264	1.0400	0.0000	99.9371	39.9222	0.8230	1.1622	5.0000	19.9588	815.0658	94.7917	15.9689	25.6000	0.9300	0.9419	0.6893	-0.0007	815.0000	815.5551	1.0272	-3.8707	99.9971	40.7099	0.8230	0.8257	5.0000	-9999.0000	-9999.0000	-9999.0000	-9999.0000	-9999.0000	-9999.0000	18.6664	5	0	31.2384	1.0000	05	4	-9999.0000	50745	25548	-9999	-9999	564	1206	552.2607	5	0.6769	0.6893	-0.0007	62.6486	2.0571	720.7739	569.7452	44.7917	706.8947	94.7222	730.8577	94.5602	739.2693	94.6296	746.6546	94.6991	
09/08/2017	04:48:22	011995	H421019246HLR	L421	S		729.9090	1.0400	0.0000	99.8401	39.9249	0.8230	1.1623	5.0000	19.7185	815.0872	94.8380	12.5394	25.5000	0.9300	0.9419	0.6894	-0.0007	815.0000	818.2699	1.0272	-3.9101	99.7742	40.7091	0.8230	0.8267	5.0000	-9999.0000	-9999.0000	-9999.0000	-9999.0000	-9999.0000	-9999.0000	17.5285	6	0	25.0702	1.0000	05	4	-9999.0000	50746	25549	-9999	-9999	565	1208	554.4194	5	0.6769	0.6894	-0.0007	62.4755	2.0526	740.5524	568.7643	43.6343	726.5891	94.5602	751.9850	94.6991	758.9874	94.5370	766.0932	94.6759	
09/08/2017	04:48:50	011995	H421025361HLR	L421	S		707.6155	1.0400	0.0000	99.9135	39.9247	0.8230	1.1622	5.0000	20.0580	815.0466	94.7917	21.7488	25.4000	0.9300	0.9420	0.6891	-0.0007	815.0000	815.8325	1.0272	-3.8747	99.7054	40.7106	0.8230	0.8268	5.0000	-9999.0000	-9999.0000	-9999.0000	-9999.0000	-9999.0000	-9999.0000	17.4086	7	0	27.5767	1.0000	05	4	-9999.0000	50746	25550	-9999	-9999	566	1210	548.6873	5	0.6771	0.6891	-0.0007	63.0735	2.0305	709.5895	567.7854	42.7315	697.1473	94.8380	718.3536	94.6296	723.9126	94.5602	729.8256	94.7222	
09/08/2017	04:49:15	011995	H421025363HLR	L421	S		713.0152	1.0400	0.0000	99.9159	39.9215	0.8230	1.1621	5.0000	20.3125	815.0859	94.9074	18.3096	25.4000	0.9300	0.9420	0.6891	-0.0007	815.0000	818.1952	1.0272	-3.9090	100.0120	40.6500	0.8230	0.8256	5.0000	-9999.0000	-9999.0000	-9999.0000	-9999.0000	-9999.0000	-9999.0000	18.5289	8	0	25.1702	1.0000	05	4	-9999.0000	50747	25551	-9999	-9999	567	1212	551.0061	5	0.6771	0.6891	-0.0007	62.9462	2.0324	716.5783	563.3506	44.8611	702.2690	94.7222	726.5051	94.6759	733.3356	94.5833	739.6638	94.6759	
09/08/2017	04:49:42	011995	H421022960HLR	L421	S		708.1718	1.0400	0.0000	99.9353	39.9128	0.8230	1.1617	5.0000	22.0966	815.0629	94.8843	20.2587	25.2000	0.9300	0.9420	0.6878	-0.0006	815.0000	816.8051	1.0272	-3.8889	99.7059	40.6350	0.8230	0.8250	5.0000	-9999.0000	-9999.0000	-9999.0000	-9999.0000	-9999.0000	-9999.0000	17.6584	1	0	27.4085	1.0000	05	4	-9999.0000	50748	25552	-9999	-9999	568	1214	549.8431	5	0.6772	0.6878	-0.0006	62.8868	2.0355	708.1453	578.9541	44.6759	695.3355	95.0000	717.2311	94.5139	721.8096	94.6065	729.8273	94.6759	
