Data	Timp	Nr. masina	Nr. de serie	Tip	Productie	Comentariu	Pre-masurare Q [ml/min]	Pre-masurare Gain	Pre-masurare Offset Master	Pre-masurare P [bar]	Pre-masurare T [°C]	Pre-masurare Densitate fixa [kg/l]	Pre-masurare densitate masurata [kg/l]	Pre-masurare Timp masurare [s]	Pre-masurare Cycle time [s]	rectificare Q Oprire [ml/min]	rectificare P Oprire [bar]	rectificare Timp rectificare [s]	rectificare T [°C]	rectificare Densitate fixa [kg/l]	rectificare densitate masurata [kg/l]	rectificare Factor de masurare la rectificare	rectificare Factor de corectie a debitului	rectificare Target rectificare	Masurare Q [ml/min]	Masurare Gain	Masurare Offset Master	Masurare P [bar]	Masurare T [°C]	Masurare Densitate fixa [kg/l]	Masurare densitate masurata [kg/l]	Masurare Timp masurare [s]	Masurare Q [ml/min]	Masurare Delta Q [ml/min]	Masurare P [bar]	Masurare BP [bar]	Masurare T [°C]	Masurare Timp masurare [s]	Masurare Cycle time [s]	Nest Nr.	Cod de descarcare	Cycle time [s]	Traceability aktiv	EDM Maschine Nr	EDM Spindle Nr	Honing Rate [r	Station Counter Premeasure	Station Counter Grind	Station Counter Blowout 1	Station Counter Wash	Station Counter Measure	Station Counter Blowout 2	RealGrindQStop	Reg Type	Factor 0	Factor 1	Factor 2	Factor 3	Factor 4	G_StartQV	G_StartQV_1	G_StartQV_2	G_StartQV_3	G_StartQV_4	G_StartQV_5	
14/08/2017	06:05:14	011995	G488045226HLR	L488	S		630.0422	1.0400	0.0000	99.9639	39.4464	0.8230	1.1628	5.0000	19.8386	713.1001	95.0231	14.8391	25.4000	0.9300	0.9379	0.6648	-0.0006	713.0000	715.8350	1.0272	-4.2975	99.9490	40.5382	0.8230	0.8262	5.0000	-9999.0000	-9999.0000	-9999.0000	-9999.0000	-9999.0000	-9999.0000	17.3387	5	0	25.3969	1.0000	08	3	-9999.0000	5248	33557	-9999	-9999	1513	3400	468.1905	5	0.6562	0.6648	-0.0006	52.8582	2.0066	685.9281	242.6217	41.2037	639.9341	106.3194	655.5754	95.2083	662.9216	94.5602	668.4515	94.7685	
14/08/2017	06:06:02	011995	G488045218HLR	L488	S		633.9975	1.0400	0.0000	99.9991	39.5782	0.8230	1.1626	5.0000	20.3194	713.1514	95.0000	14.1389	25.2000	0.9300	0.9377	0.6648	-0.0006	713.0000	717.1828	1.0272	-4.3296	99.9374	40.5430	0.8230	0.8275	5.0000	-9999.0000	-9999.0000	-9999.0000	-9999.0000	-9999.0000	-9999.0000	17.2985	7	0	25.4616	1.0000	08	3	-9999.0000	5249	33558	-9999	-9999	1514	3403	468.5210	5	0.6562	0.6648	-0.0006	52.8582	2.0066	684.5859	557.9096	44.2361	653.7713	102.8472	657.8433	94.7685	664.3704	94.5602	669.2215	94.6528	
14/08/2017	06:06:50	011995	G488045235HLR	L488	S		637.1439	1.0400	0.0000	99.9477	39.5576	0.8230	1.1624	5.0000	20.3193	713.0637	94.9769	12.9397	25.2000	0.9300	0.9375	0.6642	-0.0005	713.0000	714.7606	1.0272	-4.2720	99.9441	40.5039	0.8230	0.8254	5.0000	-9999.0000	-9999.0000	-9999.0000	-9999.0000	-9999.0000	-9999.0000	17.5718	1	0	25.1286	1.0000	08	3	-9999.0000	5250	33559	-9999	-9999	1515	3405	468.7677	5	0.6561	0.6642	-0.0005	53.5796	1.9825	689.0894	513.2944	43.2870	652.4767	103.1481	662.6542	95.1157	670.1503	94.5139	674.5595	94.6065	
14/08/2017	06:07:39	011995	G488045233HLR	L488	S		630.0794	1.0400	0.0000	99.9520	39.5710	0.8230	1.1625	5.0000	19.9867	713.0819	94.9306	14.5695	25.2000	0.9300	0.9378	0.6636	-0.0005	713.0000	717.6048	1.0272	-4.3396	99.9655	40.5746	0.8230	0.8272	5.0000	-9999.0000	-9999.0000	-9999.0000	-9999.0000	-9999.0000	-9999.0000	17.6696	3	0	25.2381	1.0000	08	3	-9999.0000	5251	33560	-9999	-9999	1516	3408	468.1136	5	0.6560	0.6636	-0.0005	53.9721	1.9596	684.9205	513.0855	41.0648	643.6807	103.9120	659.2226	94.8611	664.9015	94.6296	669.7531	94.5833	
14/08/2017	06:08:31	011995	G488045231HLR	L488	S		631.4175	1.0400	0.0000	99.9492	39.5844	0.8230	1.1624	5.0000	19.9496	713.0572	94.9537	13.7092	25.2000	0.9300	0.9377	0.6628	-0.0004	713.0000	716.7486	1.0272	-4.3192	99.9417	40.5090	0.8230	0.8258	5.0000	-9999.0000	-9999.0000	-9999.0000	-9999.0000	-9999.0000	-9999.0000	17.2677	5	0	29.1873	1.0000	08	3	-9999.0000	5252	33561	-9999	-9999	1517	3411	468.2598	5	0.6560	0.6628	-0.0004	52.6976	2.0286	687.5031	536.6359	42.7315	650.2664	103.9583	660.2376	95.0694	668.3649	94.5139	672.4786	94.6065	
14/08/2017	06:09:20	011995	G488045012HLR	L488	S		631.7908	1.0400	0.0000	99.9110	39.5839	0.8230	1.1623	5.0000	20.3790	713.0472	94.9537	13.5696	25.2000	0.9300	0.9377	0.6627	-0.0004	713.0000	719.4114	1.0272	-4.3825	99.8827	40.5704	0.8230	0.8261	5.0000	-9999.0000	-9999.0000	-9999.0000	-9999.0000	-9999.0000	-9999.0000	17.4079	7	0	25.7980	1.0000	08	3	-9999.0000	5253	33561	-9999	-9999	1518	3414	468.2231	5	0.6559	0.6627	-0.0004	52.4789	2.0690	692.8384	533.8202	41.6435	655.8480	102.3380	665.1057	95.0463	670.8661	94.5370	675.6077	94.6065	
14/08/2017	06:10:08	011995	G488045245HLR	L488	S		635.0565	1.0400	0.0000	99.9465	39.6029	0.8230	1.1624	5.0000	19.9881	713.0810	94.8843	15.5792	25.2000	0.9300	0.9378	0.6623	-0.0004	713.0000	715.1001	1.0272	-4.2801	99.9722	40.5634	0.8230	0.8273	5.0000	-9999.0000	-9999.0000	-9999.0000	-9999.0000	-9999.0000	-9999.0000	17.3689	1	0	25.2376	1.0000	08	3	-9999.0000	5254	33562	-9999	-9999	1519	3416	467.5191	5	0.6558	0.6623	-0.0004	53.7398	1.9957	683.5017	570.5759	44.5602	652.2593	102.2222	656.3562	95.0000	662.6394	94.6065	666.0466	94.6065	
14/08/2017	06:10:55	011995	G488045214HLR	L488	S		629.0647	1.0400	0.0000	99.9184	39.5951	0.8230	1.1624	5.0000	20.0389	713.0916	94.9306	14.8293	25.2000	0.9300	0.9378	0.6614	-0.0004	713.0000	716.3118	1.0272	-4.3089	99.9679	40.5469	0.8230	0.8254	5.0000	-9999.0000	-9999.0000	-9999.0000	-9999.0000	-9999.0000	-9999.0000	17.4484	3	0	23.9984	1.0000	08	3	-9999.0000	5255	33563	-9999	-9999	1520	3419	467.6732	5	0.6557	0.6614	-0.0004	56.0645	1.8660	685.9846	545.0386	44.6528	648.3814	103.1019	658.7403	94.9537	665.0684	94.5833	669.7049	94.6065	
14/08/2017	06:12:34	011995	G488045217HLR	L488	Q		639.4344	1.0400	0.0000	99.9301	39.5640	0.8230	1.1625	5.0000	19.9784	713.0287	94.9306	13.0891	25.3000	0.9300	0.9379	0.6597	-0.0003	713.0000	716.1898	1.0272	-4.3060	99.9516	40.5306	0.8230	0.8258	5.0000	-9999.0000	-9999.0000	-9999.0000	-9999.0000	-9999.0000	-9999.0000	17.2086	7	0	27.4578	1.0000	08	3	-9999.0000	5257	33564	-9999	-9999	1522	3425	467.7447	5	0.6554	0.6597	-0.0003	60.6297	1.5730	694.9606	521.0504	43.3796	658.4198	103.6111	666.4985	95.0231	674.0098	94.5833	678.0731	94.5370	
14/08/2017	06:13:23	011995	G488045227HLR	L488	Q		638.7161	1.0400	0.0000	99.8768	39.6199	0.8230	1.1625	5.0000	19.9588	713.0606	94.9306	11.7992	25.1000	0.9300	0.9374	0.6597	-0.0003	713.0000	714.3127	1.0272	-4.2614	100.0373	40.5967	0.8230	0.8263	5.0000	-9999.0000	-9999.0000	-9999.0000	-9999.0000	-9999.0000	-9999.0000	17.4382	1	0	25.5386	1.0000	08	3	-9999.0000	5258	33565	-9999	-9999	1523	3428	468.0504	5	0.6554	0.6597	-0.0003	60.6297	1.5730	695.6526	545.1625	45.0926	661.6041	102.5000	670.0757	94.9074	680.0168	94.5833	683.2140	94.5602	
14/08/2017	06:14:11	011995	G488045015HLR	L488	S		634.1668	1.0400	0.0000	99.8873	39.6278	0.8230	1.1624	5.0000	19.9988	713.0669	94.9074	13.1194	25.1000	0.9300	0.9375	0.6583	-0.0002	713.0000	716.0720	1.0272	-4.3032	100.0277	40.5774	0.8230	0.8272	5.0000	-9999.0000	-9999.0000	-9999.0000	-9999.0000	-9999.0000	-9999.0000	17.3541	3	0	25.0582	1.0000	08	3	-9999.0000	5259	33565	-9999	-9999	1524	3431	467.6155	5	0.6554	0.6583	-0.0002	58.5869	1.7030	691.7430	576.8071	43.9583	658.1408	102.4537	666.0751	94.9074	673.0912	94.5833	679.8478	94.6065	
14/08/2017	06:14:59	011995	G488045013HLR	L488	S		638.3144	1.0400	0.0000	99.9218	39.6278	0.8230	1.1623	5.0000	20.0790	713.0475	94.8843	11.1996	25.1000	0.9300	0.9376	0.6577	-0.0002	713.0000	713.5129	1.0272	-4.2424	99.9928	40.5708	0.8230	0.8256	5.0000	-9999.0000	-9999.0000	-9999.0000	-9999.0000	-9999.0000	-9999.0000	17.0884	5	0	25.2281	1.0000	08	3	-9999.0000	5260	33566	-9999	-9999	1525	3434	467.8043	5	0.6554	0.6577	-0.0002	55.1487	1.9328	699.7732	543.0792	42.9398	661.5151	103.4722	673.0244	95.0463	679.7251	94.5602	684.6893	94.5833	
14/08/2017	06:15:52	011995	G488045011HLR	L488	S		635.9206	1.0400	0.0000	99.9211	39.6337	0.8230	1.1623	5.0000	20.3298	713.0597	94.9769	13.7297	25.2000	0.9300	0.9378	0.6565	-0.0001	713.0000	717.4642	1.0272	-4.3362	100.0021	40.6117	0.8230	0.8274	5.0000	-9999.0000	-9999.0000	-9999.0000	-9999.0000	-9999.0000	-9999.0000	17.3381	7	0	29.2484	1.0000	08	3	-9999.0000	5261	33567	-9999	-9999	1526	3437	467.3503	5	0.6553	0.6565	-0.0001	54.9524	1.9581	695.6977	549.8566	45.1157	661.0092	102.7083	667.3325	95.1157	672.8020	94.5602	677.4438	94.6065	
14/08/2017	06:16:41	011995	G488045209HLR	L488	S		637.3759	1.0400	0.0000	99.9293	39.6430	0.8230	1.1624	5.0000	19.8984	713.0632	94.9074	13.6497	25.1000	0.9300	0.9377	0.6566	-0.0001	713.0000	713.9931	1.0272	-4.2538	99.9712	40.5500	0.8230	0.8260	5.0000	-9999.0000	-9999.0000	-9999.0000	-9999.0000	-9999.0000	-9999.0000	17.3289	1	0	26.2756	1.0000	08	3	-9999.0000	5261	33568	-9999	-9999	1527	3440	467.3555	5	0.6553	0.6566	-0.0001	53.7998	2.0147	691.6986	541.5936	44.1667	658.9698	102.9861	666.3618	95.1389	672.0187	94.4907	676.2700	94.6296	
14/08/2017	06:17:29	011995	G488045206HLR	L488	S		636.4983	1.0400	0.0000	99.9004	39.6419	0.8230	1.1624	5.0000	20.1139	713.0851	94.9306	13.3391	25.1000	0.9300	0.9377	0.6563	-0.0001	713.0000	712.4237	1.0272	-4.2165	99.9063	40.6116	0.8230	0.8264	5.0000	-9999.0000	-9999.0000	-9999.0000	-9999.0000	-9999.0000	-9999.0000	17.1810	3	0	25.1093	1.0000	08	3	-9999.0000	5262	33569	-9999	-9999	1528	3443	467.3324	5	0.6551	0.6563	-0.0001	53.9413	1.9914	690.3554	591.5166	46.2731	660.3687	101.2037	664.6147	94.8148	670.6716	94.5833	674.7590	94.5833	
14/08/2017	06:18:18	011995	G488045029HLR	L488	S		630.9414	1.0400	0.0000	99.9507	39.6406	0.8230	1.1623	5.0000	20.0291	713.0970	94.9306	12.3685	25.1000	0.9300	0.9379	0.6561	-0.0001	713.0000	715.0425	1.0272	-4.2787	100.0340	40.5784	0.8230	0.8270	5.0000	-9999.0000	-9999.0000	-9999.0000	-9999.0000	-9999.0000	-9999.0000	17.2790	5	0	25.5681	1.0000	08	3	-9999.0000	5263	33570	-9999	-9999	1529	3446	467.3066	5	0.6551	0.6561	-0.0001	53.0772	2.0164	692.5614	596.7125	45.9954	665.2783	101.4120	668.4691	94.7454	675.7628	94.6296	680.4079	94.5370	
14/08/2017	06:19:06	011995	G488045026HLR	L488	S		636.0086	1.0400	0.0000	99.9340	39.6483	0.8230	1.1628	5.0000	20.0810	713.0594	94.8843	12.2191	25.1000	0.9300	0.9378	0.6552	-0.0000	713.0000	713.0118	1.0272	-4.2305	100.0315	40.5939	0.8230	0.8257	5.0000	-9999.0000	-9999.0000	-9999.0000	-9999.0000	-9999.0000	-9999.0000	17.3084	7	0	25.1288	1.0000	08	3	-9999.0000	5264	33571	-9999	-9999	1530	3449	467.1296	5	0.6550	0.6552	-0.0000	52.7297	2.0374	695.4992	587.8366	43.9583	666.8447	102.4537	670.0990	94.9074	676.9389	94.6528	681.8563	94.5833	
14/08/2017	06:19:54	011995	G488045023HLR	L488	S		635.4855	1.0400	0.0000	99.9290	39.6543	0.8230	1.1624	5.0000	19.8994	713.1093	94.9769	14.6887	25.1000	0.9300	0.9378	0.6534	0.0001	713.0000	714.0502	1.0272	-4.2551	100.0286	40.6125	0.8230	0.8274	5.0000	-9999.0000	-9999.0000	-9999.0000	-9999.0000	-9999.0000	-9999.0000	17.2717	1	0	25.2788	1.0000	08	3	-9999.0000	5265	33572	-9999	-9999	1531	3451	467.0408	5	0.6548	0.6534	0.0001	56.3160	1.8182	689.8755	571.7185	43.6574	658.2115	101.6435	666.5802	94.8380	670.6823	94.6065	673.9529	94.5602	
14/08/2017	06:20:42	011995	G488045024HLR	L488	S		633.0167	1.0400	0.0000	99.9602	39.6484	0.8230	1.1627	5.0000	20.0789	713.0814	94.9537	12.9895	25.1000	0.9300	0.9377	0.6534	0.0001	713.0000	716.0951	1.0272	-4.3037	99.9656	40.5603	0.8230	0.8254	5.0000	-9999.0000	-9999.0000	-9999.0000	-9999.0000	-9999.0000	-9999.0000	17.2789	3	0	25.0098	1.0000	08	3	-9999.0000	5266	33573	-9999	-9999	1532	3454	466.8888	5	0.6548	0.6534	0.0001	55.5325	1.8612	696.2509	553.1965	43.2407	660.4246	103.7731	670.2676	95.2315	676.6088	94.4907	681.6717	94.5833	
14/08/2017	06:21:32	011995	G488045021HLR	L488	S		630.2921	1.0400	0.0000	99.9443	39.6567	0.8230	1.1623	5.0000	20.0408	713.0655	94.8843	13.7395	25.1000	0.9300	0.9377	0.6534	0.0001	713.0000	715.7558	1.0272	-4.2957	99.9541	40.6321	0.8230	0.8272	5.0000	-9999.0000	-9999.0000	-9999.0000	-9999.0000	-9999.0000	-9999.0000	17.0987	5	0	27.3980	1.0000	08	3	-9999.0000	5267	33574	-9999	-9999	1533	3457	466.8816	5	0.6548	0.6534	0.0001	55.5643	1.8449	698.0188	535.2624	42.0833	656.1946	104.7222	666.7243	95.3472	673.2647	94.4676	677.6114	94.6296	
14/08/2017	06:22:21	011995	G488045037HLR	L488	S		633.7843	1.0400	0.0000	99.9155	39.6582	0.8230	1.1623	5.0000	20.0086	713.0290	94.9074	13.9289	25.2000	0.9300	0.9378	0.6534	0.0001	713.0000	715.2828	1.0272	-4.2844	99.9405	40.5647	0.8230	0.8263	5.0000	-9999.0000	-9999.0000	-9999.0000	-9999.0000	-9999.0000	-9999.0000	17.2378	7	0	25.2690	1.0000	08	3	-9999.0000	5268	33574	-9999	-9999	1534	3460	466.8521	5	0.6547	0.6534	0.0001	57.1458	1.7311	695.0664	568.0272	42.1991	657.1991	104.2824	669.6912	95.2778	675.0809	94.4907	678.5466	94.6528	
14/08/2017	06:23:09	011995	G488045020HLR	L488	S		629.5119	1.0400	0.0000	99.8830	39.6625	0.8230	1.1623	5.0000	19.8991	713.0882	95.0000	16.4796	25.2000	0.9300	0.9379	0.6534	0.0001	713.0000	718.4559	1.0272	-4.3598	100.0422	40.6163	0.8230	0.8260	5.0000	-9999.0000	-9999.0000	-9999.0000	-9999.0000	-9999.0000	-9999.0000	17.2790	1	0	24.9185	1.0000	08	3	-9999.0000	5269	33575	-9999	-9999	1535	3463	467.0963	5	0.6546	0.6534	0.0001	57.6868	1.7146	688.6208	560.9472	42.6389	655.3074	103.7500	660.8924	95.0231	667.4009	94.4907	672.0979	94.6296	
14/08/2017	06:23:57	011995	G488045019HLR	L488	S		636.4388	1.0400	0.0000	99.9148	39.6565	0.8230	1.1623	5.0000	20.0674	713.0902	94.9537	12.2396	25.1000	0.9300	0.9379	0.6534	0.0001	713.0000	712.4739	1.0272	-4.2177	99.9713	40.5925	0.8230	0.8270	5.0000	-9999.0000	-9999.0000	-9999.0000	-9999.0000	-9999.0000	-9999.0000	17.3561	3	0	25.2183	1.0000	08	3	-9999.0000	5270	33576	-9999	-9999	1536	3466	466.7922	5	0.6545	0.6534	0.0001	57.4956	1.7261	697.1271	565.9402	43.0093	664.1496	103.0556	672.0032	95.0463	678.6543	94.5370	683.3842	94.5602	
14/08/2017	06:24:48	011995	G488045018HLR	L488	S		633.3642	1.0400	0.0000	99.9186	39.6601	0.8230	1.1623	5.0000	19.9695	713.0477	94.9074	12.9397	25.1000	0.9300	0.9379	0.6543	-0.0000	713.0000	715.7445	1.0272	-4.2954	100.0342	40.5838	0.8230	0.8250	5.0000	-9999.0000	-9999.0000	-9999.0000	-9999.0000	-9999.0000	-9999.0000	18.2071	5	0	25.2184	1.0000	08	3	-9999.0000	5271	33577	-9999	-9999	1537	3468	466.6340	5	0.6544	0.6543	-0.0000	56.1941	1.8285	693.1079	594.9550	46.2731	662.7850	101.1111	668.6061	94.8380	674.6425	94.5602	679.5291	94.5602	
14/08/2017	06:25:39	011995	G488045028HLR	L488	S		631.3583	1.0400	0.0000	99.9364	39.6665	0.8230	1.1623	5.0000	20.0663	713.0615	94.8843	13.2200	25.1000	0.9300	0.9378	0.6547	-0.0000	713.0000	714.3960	1.0272	-4.2634	99.9850	40.6347	0.8230	0.8271	5.0000	-9999.0000	-9999.0000	-9999.0000	-9999.0000	-9999.0000	-9999.0000	17.4892	7	0	25.0289	1.0000	08	3	-9999.0000	5272	33578	-9999	-9999	1538	3470	466.5415	5	0.6543	0.6547	-0.0000	55.4762	1.8572	691.7795	598.4114	44.7685	663.9606	101.9907	667.2041	94.7917	674.0397	94.6528	679.6077	94.5370	
14/08/2017	06:26:27	011995	G488045057HLR	L488	S		634.4767	1.0400	0.0000	99.9586	39.6688	0.8230	1.1623	5.0000	20.0174	713.1156	94.8611	13.0101	25.1000	0.9300	0.9379	0.6534	0.0000	713.0000	714.6544	1.0272	-4.2695	99.9185	40.5648	0.8230	0.8261	5.0000	-9999.0000	-9999.0000	-9999.0000	-9999.0000	-9999.0000	-9999.0000	17.2588	1	0	25.1477	1.0000	08	3	-9999.0000	5273	33579	-9999	-9999	1539	3473	466.4414	5	0.6540	0.6534	0.0000	57.2920	1.7453	695.6887	538.2909	42.5463	659.6742	104.1435	668.0947	95.4167	675.5309	94.5139	679.1304	94.6065	
14/08/2017	06:27:15	011995	G488045038HLR	L488	S		636.0629	1.0400	0.0000	99.8676	39.6643	0.8230	1.1623	5.0000	19.9490	713.0382	94.8380	13.1995	25.1000	0.9300	0.9378	0.6535	0.0000	713.0000	712.1883	1.0272	-4.2109	100.0327	40.6239	0.8230	0.8263	5.0000	-9999.0000	-9999.0000	-9999.0000	-9999.0000	-9999.0000	-9999.0000	17.3483	3	0	25.0981	1.0000	08	3	-9999.0000	5274	33580	-9999	-9999	1540	3476	466.2792	5	0.6539	0.6535	0.0000	57.9101	1.7071	692.6402	529.1603	42.3380	657.4431	104.2361	667.4136	95.3472	674.2013	94.4907	677.7482	94.6065	
14/08/2017	06:28:04	011995	G488045058HLR	L488	S		628.1716	1.0400	0.0000	99.8489	39.6599	0.8230	1.1623	5.0000	19.9891	713.0061	94.8380	13.0091	25.1000	0.9300	0.9379	0.6540	-0.0000	713.0000	714.8121	1.0272	-4.2732	99.9993	40.5890	0.8230	0.8268	5.0000	-9999.0000	-9999.0000	-9999.0000	-9999.0000	-9999.0000	-9999.0000	17.4185	5	0	26.1735	1.0000	08	3	-9999.0000	5275	33581	-9999	-9999	1541	3479	466.1929	5	0.6538	0.6540	-0.0000	56.2487	1.8320	695.9034	540.2197	43.3796	657.3218	103.5880	667.2969	95.2083	674.6896	94.4676	679.3305	94.6065	
14/08/2017	06:28:52	011995	G488045042HLR	L488	S		632.8492	1.0400	0.0000	99.9486	39.6684	0.8230	1.1623	5.0000	19.9988	713.0403	94.9537	13.9299	25.1000	0.9300	0.9378	0.6551	-0.0001	713.0000	712.3995	1.0272	-4.2159	99.9143	40.6019	0.8230	0.8257	5.0000	-9999.0000	-9999.0000	-9999.0000	-9999.0000	-9999.0000	-9999.0000	17.2086	7	0	25.1488	1.0000	08	3	-9999.0000	5276	33581	-9999	-9999	1542	3482	466.1851	5	0.6538	0.6551	-0.0001	54.4457	1.9567	688.5600	594.6801	44.3981	658.5799	102.3380	663.5797	95.1157	669.3435	94.5833	674.0472	94.6296	
14/08/2017	06:29:40	011995	G488045043HLR	L488	S		633.6650	1.0400	0.0000	99.9104	39.6649	0.8230	1.1623	5.0000	19.9696	713.0679	95.0000	15.2697	25.1000	0.9300	0.9378	0.6589	-0.0004	713.0000	716.8059	1.0272	-4.3206	100.0560	40.6197	0.8230	0.8273	5.0000	-9999.0000	-9999.0000	-9999.0000	-9999.0000	-9999.0000	-9999.0000	17.3684	1	0	25.2188	1.0000	08	3	-9999.0000	5276	33582	-9999	-9999	1543	3485	465.6416	5	0.6537	0.6589	-0.0004	55.0500	1.9302	684.3657	577.5605	43.8889	656.7454	100.8565	659.2038	94.9537	665.0919	94.5602	669.8490	94.5602	
14/08/2017	06:30:29	011995	G488045072HLR	L488	S		632.1276	1.0400	0.0000	99.9185	39.6714	0.8230	1.1623	5.0000	19.9027	713.1089	94.9074	13.0794	25.1000	0.9300	0.9377	0.6608	-0.0005	713.0000	712.1707	1.0272	-4.2105	99.9784	40.5608	0.8230	0.8248	5.0000	-9999.0000	-9999.0000	-9999.0000	-9999.0000	-9999.0000	-9999.0000	18.5688	3	0	25.2380	1.0000	08	3	-9999.0000	5277	33583	-9999	-9999	1544	3488	466.2897	5	0.6536	0.6608	-0.0005	53.5665	2.0410	684.7221	606.9278	44.2593	656.3842	102.0370	662.4357	94.9306	668.1856	94.6296	674.5173	94.5602	
14/08/2017	06:31:17	011995	G488045060HLR	L488	S		635.3478	1.0400	0.0000	99.9781	39.6742	0.8230	1.1623	5.0000	20.0079	713.0653	94.9074	13.9885	25.1000	0.9300	0.9377	0.6635	-0.0007	713.0000	712.6339	1.0272	-4.2215	99.9816	40.6406	0.8230	0.8272	5.0000	-9999.0000	-9999.0000	-9999.0000	-9999.0000	-9999.0000	-9999.0000	17.2284	5	0	25.0181	1.0000	08	3	-9999.0000	5278	33584	-9999	-9999	1545	3491	465.6988	5	0.6534	0.6635	-0.0007	52.2073	2.1465	682.7372	570.0475	45.4861	655.2085	101.2963	657.1561	95.0000	663.4703	94.6065	668.8865	94.5602	
14/08/2017	06:32:06	011995	G488045061HLR	L488	S		636.2619	1.0400	0.0000	99.9387	39.6679	0.8230	1.1621	5.0000	20.5478	713.0595	94.9074	12.6497	25.1000	0.9300	0.9378	0.6646	-0.0008	713.0000	712.9802	1.0272	-4.2297	99.9084	40.5654	0.8230	0.8257	5.0000	-9999.0000	-9999.0000	-9999.0000	-9999.0000	-9999.0000	-9999.0000	17.2086	7	0	25.1427	1.0000	08	3	-9999.0000	5279	33585	-9999	-9999	1546	3494	466.4564	5	0.6534	0.6646	-0.0008	53.1869	2.0677	686.9527	610.3076	44.3287	657.5855	102.2454	664.0711	94.9537	669.0408	94.5370	674.4256	94.6065	
14/08/2017	06:32:54	011995	G488045051HLR	L488	S		636.7973	1.0400	0.0000	99.9869	39.6802	0.8230	1.1623	5.0000	19.9620	713.1522	94.8611	13.0393	25.1000	0.9300	0.9379	0.6646	-0.0008	713.0000	710.6624	1.0272	-4.1747	100.0050	40.6384	0.8230	0.8268	5.0000	-9999.0000	-9999.0000	-9999.0000	-9999.0000	-9999.0000	-9999.0000	17.1794	1	0	25.1967	1.0000	08	3	-9999.0000	5280	33585	-9999	-9999	1547	3497	466.3351	5	0.6534	0.6646	-0.0008	54.6298	1.9455	682.3645	584.8030	46.1806	651.1327	101.3426	660.8813	94.9306	666.2589	94.5602	670.9351	94.5833	
14/08/2017	06:33:42	011995	G488045048HLR	L488	S		633.3045	1.0400	0.0000	99.9641	39.6778	0.8230	1.1623	5.0000	19.9394	713.0425	94.8380	13.5188	25.1000	0.9300	0.9379	0.6643	-0.0008	713.0000	713.0802	1.0272	-4.2321	99.8998	40.5658	0.8230	0.8262	5.0000	-9999.0000	-9999.0000	-9999.0000	-9999.0000	-9999.0000	-9999.0000	17.2063	3	0	25.1287	1.0000	08	3	-9999.0000	5281	33586	-9999	-9999	1548	3500	465.8820	5	0.6533	0.6643	-0.0008	54.1930	1.9767	683.5509	537.8783	44.3981	646.3461	103.5880	657.9026	95.3472	664.8937	94.4907	669.8223	94.6528	
14/08/2017	06:34:30	011995	G488045067HLR	L488	S		634.3285	1.0400	0.0000	99.8897	39.6768	0.8230	1.1623	5.0000	19.8896	713.0767	94.8611	13.1497	25.1000	0.9300	0.9378	0.6645	-0.0008	713.0000	713.2500	1.0272	-4.2361	100.0109	40.6232	0.8230	0.8261	5.0000	-9999.0000	-9999.0000	-9999.0000	-9999.0000	-9999.0000	-9999.0000	17.3494	5	0	25.0084	1.0000	08	3	-9999.0000	5282	33587	-9999	-9999	1549	3503	466.1815	5	0.6535	0.6645	-0.0008	55.1332	1.8808	686.8136	563.8970	42.9630	652.0591	103.7731	659.0334	95.3241	666.2133	94.5370	672.2864	94.6065	
14/08/2017	06:35:19	011995	G488045078HLR	L488	S		630.7289	1.0400	0.0000	99.9363	39.6768	0.8230	1.1623	5.0000	20.0345	713.0602	94.8380	13.6194	25.1000	0.9300	0.9379	0.6645	-0.0008	713.0000	715.3532	1.0272	-4.2861	99.8388	40.5905	0.8230	0.8268	5.0000	-9999.0000	-9999.0000	-9999.0000	-9999.0000	-9999.0000	-9999.0000	17.1880	7	0	25.8587	1.0000	08	3	-9999.0000	5283	33588	-9999	-9999	1550	3506	465.8873	5	0.6535	0.6645	-0.0008	55.5061	1.8394	683.4604	546.2565	44.5139	649.1441	102.2685	658.3532	95.0926	664.6118	94.5833	670.0919	94.5833	
14/08/2017	06:36:07	011995	G488045089HLR	L488	S		634.3341	1.0400	0.0000	99.9609	39.6746	0.8230	1.1623	5.0000	19.9891	713.0209	94.8843	11.9896	25.2000	0.9300	0.9378	0.6644	-0.0008	713.0000	711.8028	1.0272	-4.2018	99.9801	40.5990	0.8230	0.8254	5.0000	-9999.0000	-9999.0000	-9999.0000	-9999.0000	-9999.0000	-9999.0000	17.5509	1	0	25.1285	1.0000	08	3	-9999.0000	5284	33589	-9999	-9999	1551	3509	466.8140	5	0.6535	0.6644	-0.0008	55.4598	1.8245	685.5359	585.6530	43.3796	655.6377	102.7546	662.5295	95.1852	669.8253	94.6528	675.4473	94.5602	
14/08/2017	06:36:55	011995	G488045080HLR	L488	S		634.8217	1.0400	0.0000	99.9585	39.6754	0.8230	1.1623	5.0000	20.0087	713.0782	94.8843	12.7493	25.2000	0.9300	0.9379	0.6664	-0.0010	713.0000	711.1702	1.0272	-4.1867	99.9256	40.6196	0.8230	0.8273	5.0000	-9999.0000	-9999.0000	-9999.0000	-9999.0000	-9999.0000	-9999.0000	17.2488	3	0	25.1091	1.0000	08	3	-9999.0000	5285	33589	-9999	-9999	1552	3512	466.4353	5	0.6535	0.6664	-0.0010	51.1559	2.1684	682.3157	583.2886	45.8565	652.4028	102.0139	658.0984	95.0000	666.7194	94.5139	672.5234	94.6065	
14/08/2017	06:37:43	011995	G488045076HLR	L488	S		636.4781	1.0400	0.0000	99.9461	39.6742	0.8230	1.1623	5.0000	19.9805	713.0630	94.8843	12.3900	25.1000	0.9300	0.9380	0.6678	-0.0011	713.0000	711.5258	1.0272	-4.1952	100.0736	40.5749	0.8230	0.8254	5.0000	-9999.0000	-9999.0000	-9999.0000	-9999.0000	-9999.0000	-9999.0000	17.1287	5	0	25.0483	1.0000	08	3	-9999.0000	5285	33590	-9999	-9999	1553	3515	466.7130	5	0.6536	0.6678	-0.0011	53.8005	1.9579	685.4652	525.3653	43.5880	649.7643	103.4259	660.1640	95.3009	666.4490	94.5370	671.6515	94.6065	
14/08/2017	06:38:31	011995	G488045081HLR	L488	S		631.6957	1.0400	0.0000	99.9982	39.6820	0.8230	1.1623	5.0000	20.0692	713.0634	94.8380	13.0296	25.1000	0.9300	0.9379	0.6682	-0.0011	713.0000	713.3037	1.0272	-4.2374	100.0093	40.6435	0.8230	0.8271	5.0000	-9999.0000	-9999.0000	-9999.0000	-9999.0000	-9999.0000	-9999.0000	17.2390	7	0	25.1584	1.0000	08	3	-9999.0000	5286	33591	-9999	-9999	1554	3518	466.3141	5	0.6536	0.6682	-0.0011	53.3247	1.9936	683.8941	545.5534	41.9213	648.8774	102.5231	656.5523	95.0694	664.0015	94.5139	670.0439	94.6065	
14/08/2017	06:39:20	011995	G488045088HLR	L488	S		637.4678	1.0400	0.0000	99.9926	39.6833	0.8230	1.1623	5.0000	19.9892	713.0999	94.8611	12.4593	25.1000	0.9300	0.9378	0.6688	-0.0011	713.0000	712.9362	1.0272	-4.2287	99.9395	40.5653	0.8230	0.8255	5.0000	-9999.0000	-9999.0000	-9999.0000	-9999.0000	-9999.0000	-9999.0000	17.5041	1	0	25.2885	1.0000	08	3	-9999.0000	5287	33592	-9999	-9999	1555	3520	466.8498	5	0.6537	0.6688	-0.0011	53.1761	2.0018	682.0588	589.0514	44.3519	652.5228	101.9213	660.4006	94.9537	665.9664	94.6065	671.4436	94.5602	
14/08/2017	06:40:08	011995	G488045094HLR	L488	S		562.9603	1.0400	0.0000	99.9384	39.6726	0.8230	1.1623	5.0000	20.2489	0.0000	0.0000	0.0000	0.0000	0.9300	0.0000	0.0000	0.0000	0.0000	575.1975	1.0272	7.0000	99.8239	40.6274	0.8230	0.8261	5.0000	-9999.0000	-9999.0000	-9999.0000	-9999.0000	-9999.0000	-9999.0000	20.0383	3	7	25.0591	1.0000	08	3	-9999.0000	5288	0	-9999	-9999	1556	3523	0.0000	0	0.0000	0.0000	0.0000	0.0000	0.0000	0.0000	0.0000	0.0000	0.0000	0.0000	0.0000	0.0000	0.0000	0.0000	0.0000	0.0000	
14/08/2017	06:40:56	011995	G488045095HLR	L488	S		628.9311	1.0400	0.0000	99.9908	39.6855	0.8230	1.1623	5.0000	19.9491	713.0980	94.8148	12.7591	25.2000	0.9300	0.9381	0.6695	-0.0012	713.0000	711.5754	1.0272	-4.1964	99.9347	40.5803	0.8230	0.8265	5.0000	-9999.0000	-9999.0000	-9999.0000	-9999.0000	-9999.0000	-9999.0000	17.2085	5	0	25.1791	1.0000	08	3	-9999.0000	5289	33593	-9999	-9999	1557	3526	466.6329	5	0.6537	0.6695	-0.0012	52.3563	2.0567	679.5205	536.5085	46.1111	647.4287	101.9676	655.7920	95.0231	664.2284	94.5370	668.8340	94.5833	
14/08/2017	06:41:44	011995	G488045097HLR	L488	S		625.8110	1.0400	0.0000	99.9332	39.6802	0.8230	1.1622	5.0000	20.1289	713.0857	94.9306	13.8186	25.1000	0.9300	0.9379	0.6695	-0.0012	713.0000	714.6579	1.0272	-4.2696	100.0007	40.6179	0.8230	0.8258	5.0000	-9999.0000	-9999.0000	-9999.0000	-9999.0000	-9999.0000	-9999.0000	17.2396	7	0	25.1588	1.0000	08	3	-9999.0000	5290	33594	-9999	-9999	1558	3529	465.7277	5	0.6537	0.6695	-0.0012	52.3563	2.0567	677.7108	519.0123	42.7083	641.3276	104.1667	652.8268	95.3472	660.8105	94.5602	666.0035	94.6065	
14/08/2017	06:42:32	011995	G488045102HLR	L488	S		632.7849	1.0400	0.0000	99.9702	39.6854	0.8230	1.1623	5.0000	19.9987	713.1266	94.9074	14.1399	25.1000	0.9300	0.9379	0.6696	-0.0012	713.0000	714.8855	1.0272	-4.2750	100.1073	40.6122	0.8230	0.8272	5.0000	-9999.0000	-9999.0000	-9999.0000	-9999.0000	-9999.0000	-9999.0000	17.1604	1	0	25.0996	1.0000	08	3	-9999.0000	5291	33595	-9999	-9999	1559	3532	465.6014	5	0.6538	0.6696	-0.0012	54.0938	1.9357	676.5340	539.4608	41.8981	642.7667	102.0370	652.0681	95.0926	658.4528	94.5833	664.9798	94.5833	
14/08/2017	06:43:21	011995	G488044995HLR	L488	S		634.8122	1.0400	0.0000	99.9564	39.6842	0.8230	1.1623	5.0000	19.9994	713.0651	94.8611	13.4387	25.1000	0.9300	0.9378	0.6703	-0.0013	713.0000	712.3140	1.0272	-4.2139	99.9912	40.5850	0.8230	0.8253	5.0000	-9999.0000	-9999.0000	-9999.0000	-9999.0000	-9999.0000	-9999.0000	17.2490	3	0	25.1783	1.0000	08	3	-9999.0000	5292	33596	-9999	-9999	1560	3535	466.0179	5	0.6537	0.6703	-0.0013	51.5736	2.1531	676.7688	542.7902	42.2917	642.7266	104.0509	652.0122	95.2546	660.0509	94.4676	666.6487	94.6296	
14/08/2017	06:44:09	011995	G488045107HLR	L488	S		630.0181	1.0400	0.0000	99.9609	39.6832	0.8230	1.1622	5.0000	20.1101	713.0508	94.8843	12.7796	25.1000	0.9300	0.9378	0.6709	-0.0013	713.0000	711.2186	1.0272	-4.1879	100.0199	40.6406	0.8230	0.8271	5.0000	-9999.0000	-9999.0000	-9999.0000	-9999.0000	-9999.0000	-9999.0000	17.4589	5	0	25.1074	1.0000	08	3	-9999.0000	5293	33597	-9999	-9999	1561	3537	466.5346	5	0.6536	0.6709	-0.0013	51.6102	2.1631	676.7139	544.3481	42.0370	646.3173	103.5185	652.4758	95.0000	661.0918	94.7222	668.0264	94.5602	
14/08/2017	06:44:58	011995	G488045106HLR	L488	S		628.1339	1.0400	0.0000	99.9186	39.6842	0.8230	1.1622	5.0000	20.0486	713.0705	94.8380	13.5998	25.0000	0.9300	0.9378	0.6717	-0.0014	713.0000	715.4890	1.0272	-4.2893	99.9665	40.5654	0.8230	0.8256	5.0000	-9999.0000	-9999.0000	-9999.0000	-9999.0000	-9999.0000	-9999.0000	17.3394	7	0	25.7889	1.0000	08	3	-9999.0000	5294	33597	-9999	-9999	1562	3540	465.8203	5	0.6536	0.6717	-0.0014	48.7633	2.3514	681.5223	554.4098	44.0972	642.8654	103.1944	653.9094	95.2083	661.4715	94.4907	667.1153	94.6296	
14/08/2017	06:45:46	011995	G488045104HLR	L488	S		632.3490	1.0400	0.0000	99.9710	39.6871	0.8230	1.1622	5.0000	20.0281	713.0844	94.8380	13.7288	25.1000	0.9300	0.9379	0.6721	-0.0014	713.0000	712.7903	1.0272	-4.2252	99.8090	40.6339	0.8230	0.8263	5.0000	-9999.0000	-9999.0000	-9999.0000	-9999.0000	-9999.0000	-9999.0000	17.6095	1	0	25.4985	1.0000	08	3	-9999.0000	5295	33598	-9999	-9999	1563	3543	465.7909	5	0.6536	0.6721	-0.0014	50.1352	2.2590	674.5056	538.6925	43.4259	643.1484	103.4954	650.9956	95.0926	659.5678	94.4676	664.8605	94.6296	
14/08/2017	06:46:34	011995	G488045230HLR	L488	S		631.6100	1.0400	0.0000	100.0008	39.6838	0.8230	1.1623	5.0000	19.9989	713.1027	94.9769	14.8195	25.1000	0.9300	0.9378	0.6743	-0.0016	713.0000	710.6965	1.0272	-4.1755	100.0217	40.5830	0.8230	0.8266	5.0000	-9999.0000	-9999.0000	-9999.0000	-9999.0000	-9999.0000	-9999.0000	17.2485	3	0	25.0691	1.0000	08	2	-9999.0000	5296	33599	-9999	-9999	1564	3546	464.4137	5	0.6535	0.6743	-0.0016	45.7839	2.6130	667.5751	579.6374	46.0185	639.2150	101.3426	644.1885	94.8843	653.0613	94.5602	657.6668	94.5602	
14/08/2017	06:47:25	011995	G488045224HLR	L488	S		629.2412	1.0400	0.0000	99.9185	39.6811	0.8230	1.1622	5.0000	20.0384	713.1045	94.8843	14.6193	25.1000	0.9300	0.9380	0.6747	-0.0016	713.0000	713.1238	1.0272	-4.2331	100.0769	40.6153	0.8230	0.8259	5.0000	-9999.0000	-9999.0000	-9999.0000	-9999.0000	-9999.0000	-9999.0000	17.1082	5	0	27.9375	1.0000	08	2	-9999.0000	5297	33600	-9999	-9999	1565	3548	464.7066	5	0.6536	0.6747	-0.0016	45.2734	2.6365	669.8106	588.6621	46.5741	643.4363	101.0880	646.4846	94.7454	652.9009	94.6065	658.6962	94.5833	
14/08/2017	06:48:13	011995	G488045236HLR	L488	S		633.2032	1.0400	0.0000	99.9483	39.6830	0.8230	1.1622	5.0000	19.9881	713.0872	94.8843	13.9993	25.1000	0.9300	0.9378	0.6727	-0.0014	713.0000	712.2158	1.0272	-4.2116	99.8567	40.6253	0.8230	0.8272	5.0000	-9999.0000	-9999.0000	-9999.0000	-9999.0000	-9999.0000	-9999.0000	17.2595	7	0	25.0982	1.0000	08	2	-9999.0000	5298	33601	-9999	-9999	1566	3551	465.5056	5	0.6536	0.6727	-0.0014	49.6603	2.2867	674.4940	604.8479	45.4630	646.0294	101.0417	650.3933	94.9074	656.6894	94.5602	662.8823	94.5602	
14/08/2017	06:49:02	011995	G488045232HLR	L488	S		631.2417	1.0400	0.0000	99.9568	39.6835	0.8230	1.1622	5.0000	20.0881	713.0911	94.9537	17.1085	25.1000	0.9300	0.9379	0.6728	-0.0014	713.0000	712.4612	1.0272	-4.2174	100.0041	40.5679	0.8230	0.8252	5.0000	-9999.0000	-9999.0000	-9999.0000	-9999.0000	-9999.0000	-9999.0000	17.4558	1	0	25.8986	1.0000	08	2	-9999.0000	5299	33602	-9999	-9999	1567	3554	462.3314	5	0.6535	0.6728	-0.0014	49.0700	2.3318	665.9717	583.4752	45.9954	639.4690	101.7824	642.8353	94.9306	649.8284	94.5602	655.2422	94.5602	
14/08/2017	06:49:50	011995	G488045240HLR	L488	S		634.1315	1.0400	0.0000	99.9716	39.6781	0.8230	1.1622	5.0000	19.9890	713.0376	94.9074	13.7092	25.2000	0.9300	0.9379	0.6748	-0.0016	713.0000	711.6042	1.0272	-4.1970	99.9553	40.6304	0.8230	0.8257	5.0000	-9999.0000	-9999.0000	-9999.0000	-9999.0000	-9999.0000	-9999.0000	19.0582	3	0	25.2280	1.0000	08	2	-9999.0000	5300	33603	-9999	-9999	1568	3556	465.6941	5	0.6537	0.6748	-0.0016	54.2127	1.9320	669.8818	588.7938	46.5972	644.7527	101.0648	648.1357	94.8380	656.3474	94.5602	662.0440	94.5602	
14/08/2017	06:50:40	011995	G488045211HLR	L488	S		629.4563	1.0400	0.0000	99.9160	39.6816	0.8230	1.1622	5.0000	20.1190	713.0602	94.9769	14.9992	25.1000	0.9300	0.9379	0.6727	-0.0014	713.0000	712.6757	1.0272	-4.2225	99.8643	40.5667	0.8230	0.8258	5.0000	-9999.0000	-9999.0000	-9999.0000	-9999.0000	-9999.0000	-9999.0000	17.4384	5	0	26.6382	1.0000	08	2	-9999.0000	5301	33604	-9999	-9999	1569	3559	464.4907	5	0.6534	0.6727	-0.0014	65.7818	1.0675	672.7443	542.6672	44.3750	638.9136	102.5000	646.3254	94.9537	652.9246	94.5370	659.2008	94.5602	
14/08/2017	06:51:32	011995	G488045221HLR	L488	S		639.7154	1.0400	0.0000	99.9264	39.6851	0.8230	1.1622	5.0000	19.9091	713.1143	94.9074	11.5687	25.1000	0.9300	0.9377	0.6732	-0.0015	713.0000	713.8397	1.0272	-4.2501	99.9336	40.6256	0.8230	0.8261	5.0000	-9999.0000	-9999.0000	-9999.0000	-9999.0000	-9999.0000	-9999.0000	17.3495	7	0	25.1585	1.0000	08	2	-9999.0000	5301	33604	-9999	-9999	1570	3562	468.1507	5	0.6535	0.6732	-0.0015	64.9748	1.1079	685.6978	578.9553	44.6991	656.9622	101.9213	661.5821	95.0231	667.9082	94.5370	674.1228	94.5602	
14/08/2017	06:52:20	011995	G488045219HLR	L488	S		629.0617	1.0400	0.0000	99.8781	39.6844	0.8230	1.1622	5.0000	20.0480	713.0669	94.9537	15.6496	25.1000	0.9300	0.9377	0.6732	-0.0014	713.0000	710.4885	1.0272	-4.1705	99.9552	40.6254	0.8230	0.8272	5.0000	-9999.0000	-9999.0000	-9999.0000	-9999.0000	-9999.0000	-9999.0000	17.3884	1	0	25.2389	1.0000	08	2	-9999.0000	5302	33605	-9999	-9999	1571	3565	463.9516	5	0.6535	0.6732	-0.0014	62.9589	1.2495	665.2707	555.3169	43.3102	635.1430	103.4028	641.9560	95.1620	649.2647	94.5370	654.6378	94.5602	
14/08/2017	06:53:12	011995	G488045228HLR	L488	S		630.3744	1.0400	0.0000	99.9984	39.6824	0.8230	1.1622	5.0000	20.1490	713.1497	94.9306	13.7297	25.1000	0.9300	0.9379	0.6730	-0.0014	713.0000	714.3439	1.0272	-4.2621	99.8649	40.5816	0.8230	0.8252	5.0000	-9999.0000	-9999.0000	-9999.0000	-9999.0000	-9999.0000	-9999.0000	17.2086	3	0	25.2882	1.0000	08	2	-9999.0000	5303	33606	-9999	-9999	1572	3567	466.0695	5	0.6536	0.6730	-0.0014	59.6937	1.4824	674.1288	580.1485	45.4630	645.1413	101.5972	650.9362	94.9306	659.0533	94.5370	664.1268	94.5602	
14/08/2017	06:54:00	011995	G488045229HLR	L488	S		633.7030	1.0400	0.0000	99.9447	39.6817	0.8230	1.1622	5.0000	20.0684	713.0949	94.9537	12.7893	25.1000	0.9300	0.9380	0.6717	-0.0013	713.0000	713.7199	1.0272	-4.2473	99.8574	40.6449	0.8230	0.8268	5.0000	-9999.0000	-9999.0000	-9999.0000	-9999.0000	-9999.0000	-9999.0000	17.3152	5	0	25.2380	1.0000	08	2	-9999.0000	5304	33607	-9999	-9999	1573	3570	466.9128	5	0.6535	0.6717	-0.0013	61.3447	1.3595	679.5969	544.6384	42.9861	645.2048	103.5417	656.1590	94.9537	663.6622	94.5139	668.6565	94.5370	
14/08/2017	06:54:49	011995	G488045208HLR	L488	S		643.5953	1.0400	0.0000	99.9643	39.6875	0.8230	1.1622	5.0000	19.9892	713.0952	94.9306	11.6097	25.1000	0.9300	0.9379	0.6721	-0.0014	713.0000	716.1229	1.0272	-4.3044	99.8248	40.5667	0.8230	0.8259	5.0000	-9999.0000	-9999.0000	-9999.0000	-9999.0000	-9999.0000	-9999.0000	17.4190	7	0	26.3286	1.0000	08	2	-9999.0000	5305	33608	-9999	-9999	1574	3573	468.0798	5	0.6535	0.6721	-0.0014	59.9866	1.4591	686.6328	585.9461	45.5324	658.2621	101.4583	663.4018	95.0463	669.6059	94.5602	675.9946	94.5602	
14/08/2017	06:55:39	011995	G488045212HLR	L488	S		635.6823	1.0400	0.0000	99.9558	39.6817	0.8230	1.1622	5.0000	20.0594	713.0715	94.9769	13.6194	25.1000	0.9300	0.9378	0.6721	-0.0014	713.0000	712.1510	1.0272	-4.2100	100.0008	40.6209	0.8230	0.8259	5.0000	-9999.0000	-9999.0000	-9999.0000	-9999.0000	-9999.0000	-9999.0000	17.2984	1	0	26.3091	1.0000	08	2	-9999.0000	5306	33609	-9999	-9999	1575	3576	466.0621	5	0.6535	0.6721	-0.0014	60.4491	1.4331	676.6789	551.9658	44.8380	640.3556	103.6111	651.4733	95.1389	659.5075	94.4907	664.4653	94.5833	
14/08/2017	06:56:27	011995	G488045253HLR	L488	S		626.2293	1.0400	0.0000	100.0019	39.6856	0.8230	1.1622	5.0000	20.1189	713.1251	95.0000	15.3185	25.0000	0.9300	0.9377	0.6701	-0.0012	713.0000	714.4237	1.0272	-4.2640	100.0516	40.6239	0.8230	0.8272	5.0000	-9999.0000	-9999.0000	-9999.0000	-9999.0000	-9999.0000	-9999.0000	17.3286	3	0	25.1186	1.0000	08	2	-9999.0000	5307	33610	-9999	-9999	1576	3579	464.6692	5	0.6536	0.6701	-0.0012	57.7790	1.6178	671.8188	526.3096	43.7731	638.8477	103.3333	648.8067	95.0694	655.4181	94.5139	659.3137	94.5833	
14/08/2017	06:57:20	011995	G488045216HLR	L488	S		629.8296	1.0400	0.0000	99.8927	39.6837	0.8230	1.1622	5.0000	20.0088	713.0667	94.9306	15.3800	25.1000	0.9300	0.9377	0.6697	-0.0012	713.0000	711.3017	1.0272	-4.1898	99.9164	40.5760	0.8230	0.8253	5.0000	-9999.0000	-9999.0000	-9999.0000	-9999.0000	-9999.0000	-9999.0000	17.1277	5	0	29.6985	1.0000	08	2	-9999.0000	5308	33611	-9999	-9999	1577	3581	464.5969	5	0.6536	0.6697	-0.0012	57.5838	1.6123	670.7633	540.6568	42.2685	638.2200	104.1435	644.0141	94.9769	651.6762	94.5139	657.7153	94.6296	
14/08/2017	06:58:09	011995	G488045246HLR	L488	S		638.4225	1.0400	0.0000	99.9548	39.6810	0.8230	1.1622	5.0000	20.1324	713.1164	94.9074	12.0892	25.1000	0.9300	0.9378	0.6704	-0.0012	713.0000	713.6544	1.0272	-4.2457	99.8690	40.6386	0.8230	0.8264	5.0000	-9999.0000	-9999.0000	-9999.0000	-9999.0000	-9999.0000	-9999.0000	17.5250	7	0	26.3081	1.0000	08	2	-9999.0000	5309	33612	-9999	-9999	1578	3584	467.4468	5	0.6535	0.6704	-0.0012	53.4291	1.9513	683.8151	548.5104	44.5602	650.9902	102.1991	660.3723	95.0926	666.9510	94.4907	673.5307	94.6065	
14/08/2017	06:58:57	011995	G488045049HLR	L488	S		625.2678	1.0400	0.0000	99.9477	39.6838	0.8230	1.1622	5.0000	19.9168	713.0665	94.4907	18.6797	25.1000	0.9300	0.9378	0.6694	-0.0012	713.0000	711.5394	1.0272	-4.1955	99.8581	40.5898	0.8230	0.8266	5.0000	-9999.0000	-9999.0000	-9999.0000	-9999.0000	-9999.0000	-9999.0000	17.2984	1	0	25.0191	1.0000	08	2	-9999.0000	5310	33613	-9999	-9999	1579	3587	461.8773	5	0.6535	0.6694	-0.0012	55.5715	1.7909	667.0481	550.6998	45.0926	635.8362	103.0093	640.5039	95.1389	646.2238	94.5139	649.7665	94.6065	
14/08/2017	06:59:51	011995	G488045036HLR	L488	S		620.6527	1.0400	0.0000	99.9309	39.6742	0.8230	1.1622	5.0000	20.0981	713.0769	94.9769	15.3195	25.0000	0.9300	0.9378	0.6689	-0.0011	713.0000	710.8161	1.0272	-4.1783	99.9647	40.6132	0.8230	0.8257	5.0000	-9999.0000	-9999.0000	-9999.0000	-9999.0000	-9999.0000	-9999.0000	17.3178	3	0	26.4986	1.0000	08	2	-9999.0000	5311	33614	-9999	-9999	1580	3590	464.6531	5	0.6535	0.6689	-0.0011	55.2106	1.8223	669.2338	540.2511	43.6574	636.7257	103.0787	648.1028	95.0231	653.8578	94.4907	658.4383	94.6296	
14/08/2017	07:00:39	011995	G488045030HLR	L488	S		633.9898	1.0400	0.0000	99.9433	39.6810	0.8230	1.1622	5.0000	19.9783	713.0916	94.9537	13.4690	25.1000	0.9300	0.9379	0.6675	-0.0010	713.0000	711.3922	1.0272	-4.1920	99.8544	40.6390	0.8230	0.8270	5.0000	-9999.0000	-9999.0000	-9999.0000	-9999.0000	-9999.0000	-9999.0000	17.2485	5	0	25.0981	1.0000	08	2	-9999.0000	5312	33615	-9999	-9999	1581	3593	466.1963	5	0.6533	0.6675	-0.0010	58.5506	1.5638	678.7962	554.5737	42.8241	645.9951	103.1250	654.5997	95.1389	661.3183	94.5139	667.0558	94.5833	
14/08/2017	07:01:27	011995	G488045016HLR	L488	S		625.9791	1.0400	0.0000	99.8345	39.6835	0.8230	1.1622	5.0000	20.0274	713.0628	94.9769	15.5090	25.1000	0.9300	0.9378	0.6671	-0.0010	713.0000	714.1347	1.0272	-4.2571	99.9195	40.5667	0.8230	0.8258	5.0000	-9999.0000	-9999.0000	-9999.0000	-9999.0000	-9999.0000	-9999.0000	17.2401	7	0	25.7085	1.0000	08	2	-9999.0000	5313	33616	-9999	-9999	1582	3596	464.7853	5	0.6533	0.6671	-0.0010	57.1491	1.6847	675.2394	539.2177	44.0046	640.6446	103.7963	648.1218	95.1620	656.0610	94.4444	661.1205	94.6296	
14/08/2017	07:02:16	011995	G488045014HLR	L488	S		635.5079	1.0400	0.0000	99.9627	39.6784	0.8230	1.1622	5.0000	20.0389	713.0497	94.9537	13.8694	25.0000	0.9300	0.9378	0.6675	-0.0010	713.0000	711.4587	1.0272	-4.1936	100.0106	40.6302	0.8230	0.8261	5.0000	-9999.0000	-9999.0000	-9999.0000	-9999.0000	-9999.0000	-9999.0000	17.5886	1	0	25.0791	1.0000	08	2	-9999.0000	5313	33617	-9999	-9999	1583	3599	465.9893	5	0.6535	0.6675	-0.0010	56.7952	1.6795	679.4502	578.3937	45.1389	648.0998	101.7593	653.5589	95.0231	659.7913	94.6528	666.5661	94.5602	
14/08/2017	07:03:04	011995	G488045044HLR	L488	S		634.0575	1.0400	0.0000	99.9780	39.6813	0.8230	1.1622	5.0000	19.9957	713.0773	94.9769	14.7795	25.1000	0.9300	0.9378	0.6675	-0.0010	713.0000	712.2200	1.0272	-4.2117	99.9541	40.5893	0.8230	0.8266	5.0000	-9999.0000	-9999.0000	-9999.0000	-9999.0000	-9999.0000	-9999.0000	17.4423	3	0	24.9889	1.0000	08	2	-9999.0000	5314	33618	-9999	-9999	1584	3601	465.3135	5	0.6533	0.6675	-0.0010	54.6280	1.8540	673.8392	587.9098	43.8889	645.1188	100.9028	651.0771	94.9537	656.7666	94.5602	663.8369	94.5833	
14/08/2017	07:03:52	011995	G488045045HLR	L488	S		634.6929	1.0400	0.0000	99.9294	39.6836	0.8230	1.1622	5.0000	19.9881	713.1489	94.9306	13.1097	25.1000	0.9300	0.9378	0.6672	-0.0010	713.0000	712.2154	1.0272	-4.2116	99.9200	40.6064	0.8230	0.8255	5.0000	-9999.0000	-9999.0000	-9999.0000	-9999.0000	-9999.0000	-9999.0000	17.3796	5	0	25.2780	1.0000	08	2	-9999.0000	5315	33619	-9999	-9999	1585	3604	466.6098	5	0.6533	0.6672	-0.0010	55.2241	1.8129	681.1047	600.9844	45.5556	653.6997	102.0833	656.8410	95.0231	665.2232	94.4907	669.5120	94.5602	
14/08/2017	07:04:40	011995	G488045031HLR	L488	S		632.2919	1.0400	0.0000	99.8357	39.6818	0.8230	1.1622	5.0000	19.9849	713.1007	94.9074	13.2395	25.2000	0.9300	0.9379	0.6667	-0.0010	713.0000	713.8143	1.0272	-4.2495	99.9481	40.6198	0.8230	0.8271	5.0000	-9999.0000	-9999.0000	-9999.0000	-9999.0000	-9999.0000	-9999.0000	17.3930	7	0	25.1879	1.0000	08	2	-9999.0000	5315	33620	-9999	-9999	1586	3607	466.4237	5	0.6532	0.6667	-0.0010	57.0730	1.6820	682.2056	585.9626	45.4398	652.1402	101.9676	657.2580	95.0231	664.8538	94.5139	669.3934	94.5833	
14/08/2017	07:05:28	011995	G488045050HLR	L488	S		633.4113	1.0400	0.0000	99.9143	39.6815	0.8230	1.1622	5.0000	20.0189	713.0478	94.8611	13.4592	25.1000	0.9300	0.9378	0.6671	-0.0010	713.0000	712.5223	1.0272	-4.2188	99.8194	40.5749	0.8230	0.8252	5.0000	-9999.0000	-9999.0000	-9999.0000	-9999.0000	-9999.0000	-9999.0000	17.2988	1	0	25.0877	1.0000	08	2	-9999.0000	5316	33621	-9999	-9999	1587	3610	466.2835	5	0.6532	0.6671	-0.0010	55.8417	1.7517	679.6289	586.6560	44.7222	649.4043	102.3843	655.6687	95.1389	663.2615	94.4907	668.8578	94.6065	
14/08/2017	07:06:17	011995	G488045069HLR	L488	S		632.4637	1.0400	0.0000	99.9795	39.6860	0.8230	1.1622	5.0000	19.9793	713.1245	94.8843	13.8498	25.1000	0.9300	0.9378	0.6669	-0.0010	713.0000	711.4709	1.0272	-4.1939	99.9697	40.6422	0.8230	0.8271	5.0000	-9999.0000	-9999.0000	-9999.0000	-9999.0000	-9999.0000	-9999.0000	17.1608	3	0	26.1989	1.0000	08	2	-9999.0000	5317	33622	-9999	-9999	1588	3613	466.0810	5	0.6532	0.6669	-0.0010	57.5374	1.6515	677.3534	590.5078	44.3287	648.4696	102.5926	653.6274	95.1157	660.7023	94.4907	666.6575	94.6065	
14/08/2017	07:07:07	011995	G488045053HLR	L488	S		579.4672	1.0400	0.0000	99.9161	39.6845	0.8230	1.1623	5.0000	19.9492	0.0000	0.0000	0.0000	0.0000	0.9300	0.0000	0.0000	0.0000	0.0000	618.0030	1.0272	2.3184	99.8700	40.5638	0.8230	0.8260	5.0000	-9999.0000	-9999.0000	-9999.0000	-9999.0000	-9999.0000	-9999.0000	17.1283	5	7	27.1768	1.0000	08	2	-9999.0000	5318	0	-9999	-9999	1589	3615	0.0000	0	0.0000	0.0000	0.0000	0.0000	0.0000	0.0000	0.0000	0.0000	0.0000	0.0000	0.0000	0.0000	0.0000	0.0000	0.0000	0.0000	
14/08/2017	07:07:58	011995	G488045056HLR	L488	S		632.4071	1.0400	0.0000	99.8988	39.6883	0.8230	1.1622	5.0000	19.9708	713.1256	95.0463	15.2297	25.2000	0.9300	0.9379	0.6670	-0.0010	713.0000	712.0591	1.0272	-4.2078	99.9071	40.6160	0.8230	0.8254	5.0000	-9999.0000	-9999.0000	-9999.0000	-9999.0000	-9999.0000	-9999.0000	17.9875	7	0	27.7190	1.0000	08	2	-9999.0000	5319	33623	-9999	-9999	1590	3617	465.1890	5	0.6532	0.6670	-0.0010	55.5712	1.7518	678.1481	563.7330	43.8426	648.2812	103.2176	652.0144	94.8611	657.6980	94.5833	663.4010	94.6065	
14/08/2017	07:08:50	011995	G488045055HLR	L488	S		630.7647	1.0400	0.0000	99.9265	39.6873	0.8230	1.1622	5.0000	20.0184	713.0631	94.9769	16.1993	25.1000	0.9300	0.9377	0.6670	-0.0010	713.0000	716.9088	1.0272	-4.3231	100.0014	40.6306	0.8230	0.8272	5.0000	-9999.0000	-9999.0000	-9999.0000	-9999.0000	-9999.0000	-9999.0000	17.2789	1	0	26.9986	1.0000	08	2	-9999.0000	5319	33623	-9999	-9999	1591	3620	464.4628	5	0.6532	0.6670	-0.0010	55.5712	1.7518	662.2401	582.9551	46.0880	623.9247	101.5046	640.1726	94.9769	649.0377	94.5602	654.9078	94.5833	
14/08/2017	07:09:40	011995	G488045054HLR	L488	S		624.5624	1.0400	0.0000	99.9284	39.6832	0.8230	1.1622	5.0000	20.0380	713.0630	94.9537	16.6895	25.0000	0.9300	0.9377	0.6668	-0.0010	713.0000	711.8607	1.0272	-4.2031	99.7791	40.5645	0.8230	0.8255	5.0000	-9999.0000	-9999.0000	-9999.0000	-9999.0000	-9999.0000	-9999.0000	17.2137	3	0	26.4388	1.0000	08	2	-9999.0000	5320	33623	-9999	-9999	1592	3622	464.2164	5	0.6533	0.6668	-0.0010	56.5104	1.6643	667.7481	542.1402	45.2546	635.5418	101.9213	642.6546	95.0231	650.3691	94.5833	655.1824	94.5602	
14/08/2017	07:10:31	011995	G488045041HLR	L488	S		624.2225	1.0400	0.0000	99.9269	39.6836	0.8230	1.1622	5.0000	20.0193	713.0819	94.9769	16.0392	25.1000	0.9300	0.9378	0.6676	-0.0010	713.0000	710.9690	1.0272	-4.1819	99.9303	40.6323	0.8230	0.8263	5.0000	-9999.0000	-9999.0000	-9999.0000	-9999.0000	-9999.0000	-9999.0000	17.3279	5	0	27.7583	1.0000	08	2	-9999.0000	5321	33623	-9999	-9999	1593	3625	464.5361	5	0.6531	0.6676	-0.0010	55.5023	1.7547	670.0498	550.2987	44.2130	639.3753	102.4769	643.7339	95.0463	651.6474	94.5370	656.3213	94.5602	
14/08/2017	07:11:20	011995	G488045052HLR	L488	S		623.6265	1.0400	0.0000	99.9449	39.6780	0.8230	1.1622	5.0000	20.2334	713.0772	95.0000	15.4796	25.1000	0.9300	0.9377	0.6664	-0.0009	713.0000	713.9953	1.0272	-4.2538	99.9889	40.6134	0.8230	0.8259	5.0000	-9999.0000	-9999.0000	-9999.0000	-9999.0000	-9999.0000	-9999.0000	19.7194	7	0	25.8679	1.0000	08	2	-9999.0000	5322	33624	-9999	-9999	1594	3627	465.0366	5	0.6530	0.6664	-0.0009	52.8631	1.9379	674.3025	552.3443	42.3148	642.4582	101.5972	649.3673	94.9769	656.9363	94.4907	661.1593	94.6065	
14/08/2017	07:12:08	011995	G488045047HLR	L488	S		623.6605	1.0400	0.0000	99.9698	39.6840	0.8230	1.1622	5.0000	20.0380	713.0336	94.9769	16.7393	25.1000	0.9300	0.9378	0.6658	-0.0009	713.0000	712.4934	1.0272	-4.2182	99.9739	40.5760	0.8230	0.8252	5.0000	-9999.0000	-9999.0000	-9999.0000	-9999.0000	-9999.0000	-9999.0000	17.3872	1	0	25.1286	1.0000	08	2	-9999.0000	5323	33625	-9999	-9999	1595	3630	464.3943	5	0.6531	0.6658	-0.0009	50.9893	2.0647	670.5036	554.6488	42.1528	639.0987	102.6620	645.4615	95.1852	653.2157	94.5370	657.1847	94.5833	
14/08/2017	07:12:56	011995	G488045059HLR	L488	S		621.1577	1.0400	0.0000	99.9782	39.6823	0.8230	1.1622	5.0000	20.0215	713.0397	94.9769	14.8693	25.1000	0.9300	0.9377	0.6666	-0.0009	713.0000	714.3401	1.0272	-4.2620	99.9101	40.6344	0.8230	0.8272	5.0000	-9999.0000	-9999.0000	-9999.0000	-9999.0000	-9999.0000	-9999.0000	17.2029	3	0	25.5895	1.0000	08	2	-9999.0000	5323	33626	-9999	-9999	1596	3632	465.4468	5	0.6530	0.6666	-0.0009	49.6211	2.1710	676.0543	531.8511	42.6620	640.7797	103.5648	652.6212	95.1620	658.4917	94.4907	663.7886	94.6296	
14/08/2017	07:13:45	011995	G488045071HLR	L488	S		629.2445	1.0400	0.0000	99.9172	39.6838	0.8230	1.1622	5.0000	19.9892	713.0968	94.9074	13.8498	25.0000	0.9300	0.9379	0.6662	-0.0009	713.0000	713.0882	1.0272	-4.2323	99.9221	40.5636	0.8230	0.8254	5.0000	-9999.0000	-9999.0000	-9999.0000	-9999.0000	-9999.0000	-9999.0000	17.2004	5	0	25.1983	1.0000	08	2	-9999.0000	5324	33627	-9999	-9999	1597	3635	466.1717	5	0.6529	0.6662	-0.0009	48.0566	2.2987	682.2318	536.5755	44.5602	647.3173	102.9630	655.7242	95.1157	661.7802	94.4676	667.0098	94.6296	
14/08/2017	07:14:33	011995	G488045070HLR	L488	S		618.6877	1.0400	0.0000	99.9306	39.6844	0.8230	1.1622	5.0000	20.0203	713.0481	94.9306	14.6291	25.1000	0.9300	0.9379	0.6662	-0.0009	713.0000	715.1312	1.0272	-4.2808	99.9775	40.6406	0.8230	0.8267	5.0000	-9999.0000	-9999.0000	-9999.0000	-9999.0000	-9999.0000	-9999.0000	17.2585	7	0	25.5288	1.0000	08	2	-9999.0000	5324	33628	-9999	-9999	1598	3638	465.6435	5	0.6529	0.6662	-0.0009	47.7120	2.3270	676.6379	543.8435	45.2778	644.2799	101.9676	652.1149	95.0000	659.1280	94.6528	666.4404	94.5602	
14/08/2017	07:15:25	011995	G488045073HLR	L488	S		628.6761	1.0400	0.0000	99.9870	39.6831	0.8230	1.1622	5.0000	20.0493	713.0358	94.8843	13.8889	25.1000	0.9300	0.9378	0.6662	-0.0009	713.0000	713.2068	1.0272	-4.2351	99.8785	40.5792	0.8230	0.8261	5.0000	-9999.0000	-9999.0000	-9999.0000	-9999.0000	-9999.0000	-9999.0000	17.5990	1	0	28.2582	1.0000	08	2	-9999.0000	5325	33629	-9999	-9999	1599	3641	466.1160	5	0.6529	0.6662	-0.0009	48.7543	2.2742	678.9502	555.4337	44.1898	645.3909	103.1481	654.2536	95.2315	663.6575	94.5833	667.4241	94.5833	
14/08/2017	07:16:13	011995	G488045075HLR	L488	S		626.6124	1.0400	0.0000	99.9434	39.6850	0.8230	1.1622	5.0000	20.1591	713.0927	94.9769	14.6594	25.1000	0.9300	0.9378	0.6653	-0.0008	713.0000	715.5273	1.0272	-4.2902	99.9377	40.6060	0.8230	0.8256	5.0000	-9999.0000	-9999.0000	-9999.0000	-9999.0000	-9999.0000	-9999.0000	17.1784	3	0	25.0483	1.0000	08	2	-9999.0000	5326	33630	-9999	-9999	1600	3644	465.7065	5	0.6530	0.6653	-0.0008	45.4348	2.5334	677.8329	591.7251	46.3426	648.7393	101.2500	653.5505	94.9537	662.0171	94.5370	666.0624	94.5602	
14/08/2017	07:17:01	011995	G488045074HLR	L488	S		624.1867	1.0400	0.0000	99.9274	39.6852	0.8230	1.1622	5.0000	20.0389	713.0815	94.9537	17.3194	25.2000	0.9300	0.9379	0.6651	-0.0008	713.0000	712.1025	1.0272	-4.2089	99.8979	40.6235	0.8230	0.8271	5.0000	-9999.0000	-9999.0000	-9999.0000	-9999.0000	-9999.0000	-9999.0000	17.4079	5	0	25.2189	1.0000	08	2	-9999.0000	5327	33631	-9999	-9999	1601	3646	464.0867	5	0.6530	0.6651	-0.0008	46.6550	2.4709	669.1945	561.4310	44.5833	638.5501	103.2870	643.1574	95.2315	649.1052	94.4907	654.8952	94.6065	
14/08/2017	07:17:52	011995	G488045063HLR	L488	S		628.4987	1.0400	0.0000	99.9183	39.6839	0.8230	1.1622	5.0000	19.9385	713.0745	94.9074	13.7893	25.1000	0.9300	0.9377	0.6650	-0.0008	713.0000	712.5921	1.0272	-4.2205	99.8895	40.5813	0.8230	0.8252	5.0000	-9999.0000	-9999.0000	-9999.0000	-9999.0000	-9999.0000	-9999.0000	17.2984	7	0	28.0385	1.0000	08	2	-9999.0000	5328	33632	-9999	-9999	1602	3649	466.1741	5	0.6530	0.6650	-0.0008	46.5238	2.4998	683.0228	558.2693	43.8194	648.6164	102.8009	656.0143	95.1852	664.1088	94.5602	668.4595	94.6296	
14/08/2017	07:18:41	011995	G488045066HLR	L488	S		633.7106	1.0400	0.0000	99.9461	39.6833	0.8230	1.1622	5.0000	20.0584	713.1307	94.9769	12.7190	25.1000	0.9300	0.9376	0.6642	-0.0008	713.0000	711.3199	1.0272	-4.1903	99.9736	40.6419	0.8230	0.8265	5.0000	-9999.0000	-9999.0000	-9999.0000	-9999.0000	-9999.0000	-9999.0000	17.7348	1	0	26.0290	1.0000	08	2	-9999.0000	5329	33633	-9999	-9999	1603	3652	466.7813	5	0.6528	0.6642	-0.0008	48.9042	2.3362	683.5050	552.0955	42.3380	651.5949	103.4259	660.4602	95.2083	666.9019	94.5833	672.5502	94.5602	
14/08/2017	07:19:32	011995	G488045090HLR	L488	S		625.6380	1.0400	0.0000	99.9399	39.6871	0.8230	1.1622	5.0000	20.0389	713.1007	94.9769	17.1397	25.1000	0.9300	0.9377	0.6646	-0.0008	713.0000	712.5513	1.0272	-4.2195	99.8680	40.5720	0.8230	0.8260	5.0000	-9999.0000	-9999.0000	-9999.0000	-9999.0000	-9999.0000	-9999.0000	17.4076	3	0	27.5976	1.0000	08	2	-9999.0000	5330	33634	-9999	-9999	1604	3655	464.2919	5	0.6529	0.6646	-0.0008	48.6685	2.3701	671.7355	542.4755	44.4213	634.6003	102.7546	645.6485	95.1620	651.7321	94.5139	656.2678	94.6065	
14/08/2017	07:20:23	011995	G488045079HLR	L488	S		628.1812	1.0400	0.0000	99.9430	39.6836	0.8230	1.1626	5.0000	20.0185	713.0611	95.0000	15.1086	25.1000	0.9300	0.9378	0.6655	-0.0008	713.0000	715.0934	1.0272	-4.2799	99.8077	40.6207	0.8230	0.8257	5.0000	-9999.0000	-9999.0000	-9999.0000	-9999.0000	-9999.0000	-9999.0000	17.2191	5	0	28.1186	1.0000	08	2	-9999.0000	5330	33635	-9999	-9999	1605	3658	465.4710	5	0.6530	0.6655	-0.0008	47.3820	2.4453	679.4114	556.7716	45.3241	644.2174	102.0370	653.0355	95.0926	660.2952	94.5602	664.9751	94.6065	
14/08/2017	07:21:13	011995	G488045068HLR	L488	S		624.8438	1.0400	0.0000	99.9687	39.6828	0.8230	1.1622	5.0000	20.0099	713.0486	95.0000	16.7198	25.1000	0.9300	0.9378	0.6653	-0.0008	713.0000	713.2704	1.0272	-4.2366	99.7987	40.6374	0.8230	0.8272	5.0000	-9999.0000	-9999.0000	-9999.0000	-9999.0000	-9999.0000	-9999.0000	17.2462	7	0	26.5981	1.0000	08	2	-9999.0000	5330	33635	-9999	-9999	1606	3661	464.5215	5	0.6529	0.6653	-0.0008	48.0504	2.3888	672.8291	581.3571	46.5972	643.6567	101.0648	647.6795	94.9306	653.8874	94.5833	657.0690	94.5370	
14/08/2017	07:22:02	011995	G488045082HLR	L488	S		619.7470	1.0400	0.0000	99.9777	39.6838	0.8230	1.1622	5.0000	20.0487	713.0579	94.9074	17.1993	25.1000	0.9300	0.9378	0.6666	-0.0009	713.0000	712.6733	1.0272	-4.2224	99.9326	40.5659	0.8230	0.8254	5.0000	-9999.0000	-9999.0000	-9999.0000	-9999.0000	-9999.0000	-9999.0000	17.3763	1	0	26.2176	1.0000	08	2	-9999.0000	5331	33635	-9999	-9999	1607	3664	464.0990	5	0.6528	0.6666	-0.0009	50.6204	2.2317	666.3539	583.2186	47.6157	637.3559	100.8333	641.4163	94.8148	649.0023	94.5370	653.5142	94.5602	
14/08/2017	07:22:52	011995	G488045087HLR	L488	S		626.4103	1.0400	0.0000	99.8978	39.6829	0.8230	1.1622	5.0000	20.0087	713.1632	95.0231	15.6798	25.1000	0.9300	0.9378	0.6666	-0.0009	713.0000	713.2385	1.0272	-4.2359	99.7354	40.6417	0.8230	0.8265	5.0000	-9999.0000	-9999.0000	-9999.0000	-9999.0000	-9999.0000	-9999.0000	17.2990	3	0	27.1586	1.0000	08	2	-9999.0000	5331	33636	-9999	-9999	1608	3666	465.1411	5	0.6527	0.6666	-0.0009	51.7253	2.1661	671.4674	549.5879	45.1852	641.2716	101.7593	648.5303	95.0463	655.1073	94.5833	660.5808	94.5602	
14/08/2017	07:23:43	011995	G488044993HLR	L488	S		630.1412	1.0400	0.0000	100.0140	39.6849	0.8230	1.1622	5.0000	20.0075	713.1662	94.9769	15.2590	25.1000	0.9300	0.9377	0.6662	-0.0009	713.0000	712.2906	1.0272	-4.2133	100.0413	40.5896	0.8230	0.8266	5.0000	-9999.0000	-9999.0000	-9999.0000	-9999.0000	-9999.0000	-9999.0000	17.1314	5	0	27.5485	1.0000	08	2	-9999.0000	5331	33637	-9999	-9999	1609	3668	465.5560	5	0.6527	0.6662	-0.0009	50.1159	2.2773	675.5676	587.5488	44.7222	644.6929	102.1528	650.7681	95.0694	656.8018	94.5370	661.4783	94.5602	
14/08/2017	07:24:31	011995	G488045105HLR	L488	S		627.5721	1.0400	0.0000	99.9259	39.6856	0.8230	1.1622	5.0000	20.1591	713.0454	95.0000	16.1788	25.1000	0.9300	0.9377	0.6662	-0.0009	713.0000	713.1517	1.0272	-4.2338	99.8444	40.5993	0.8230	0.8253	5.0000	-9999.0000	-9999.0000	-9999.0000	-9999.0000	-9999.0000	-9999.0000	17.4033	7	0	25.0591	1.0000	08	2	-9999.0000	5331	33637	-9999	-9999	1610	3670	464.8187	5	0.6527	0.6662	-0.0009	49.3936	2.3341	673.8365	535.6137	44.0278	640.4194	103.0324	647.8443	95.1620	654.3243	94.5370	658.8945	94.6065	
14/08/2017	07:25:21	011995	G488045096HLR	L488	S		624.7710	1.0400	0.0000	99.9507	39.6832	0.8230	1.1622	5.0000	20.0086	713.1409	94.9306	16.6788	25.1000	0.9300	0.9378	0.6666	-0.0009	713.0000	711.6237	1.0272	-4.1975	99.8897	40.6306	0.8230	0.8272	5.0000	-9999.0000	-9999.0000	-9999.0000	-9999.0000	-9999.0000	-9999.0000	17.2893	1	0	27.5279	1.0000	08	2	-9999.0000	5332	33637	-9999	-9999	1611	3673	464.6241	5	0.6526	0.6666	-0.0009	51.4951	2.1922	668.6863	587.4781	45.5787	642.6809	101.5509	644.0897	94.9537	650.4244	94.6528	655.4980	94.5602	
14/08/2017	07:26:09	011995	G488045098HLR	L488	S		596.5140	1.0400	0.0000	99.8966	39.6804	0.8230	1.1622	5.0000	20.0291	713.0218	94.9074	13.9192	25.0000	0.9300	0.9375	0.6660	-0.0009	713.0000	712.2955	1.0272	-4.2135	99.9498	40.5660	0.8230	0.8255	5.0000	-9999.0000	-9999.0000	-9999.0000	-9999.0000	-9999.0000	-9999.0000	17.3480	3	0	24.9449	1.0000	08	2	-9999.0000	5333	33637	-9999	-9999	1612	3676	466.2882	5	0.6527	0.6660	-0.0009	47.2454	2.4846	650.9636	598.5287	45.0926	620.0776	101.5741	653.7435	94.8843	661.3731	94.5139	666.2399	94.5833	
14/08/2017	07:26:58	011995	G488045086HLR	L488	S		622.3823	1.0400	0.0000	99.9859	39.6833	0.8230	1.1622	5.0000	20.0629	713.1141	94.9769	16.6593	25.1000	0.9300	0.9377	0.6655	-0.0008	713.0000	713.0131	1.0272	-4.2305	99.9423	40.6388	0.8230	0.8265	5.0000	-9999.0000	-9999.0000	-9999.0000	-9999.0000	-9999.0000	-9999.0000	17.2486	5	0	25.3386	1.0000	08	2	-9999.0000	5334	33638	-9999	-9999	1613	3679	464.7740	5	0.6527	0.6655	-0.0008	47.4230	2.4461	669.4455	586.5755	46.7824	642.9651	100.8102	645.2545	94.9074	653.2174	94.5833	657.7255	94.5602	
14/08/2017	07:27:48	011995	G488046501HLR	L488	S		633.8312	1.0400	0.0000	99.9720	39.6818	0.8230	1.1622	5.0000	20.0389	713.1551	94.9769	11.6498	25.0000	0.9300	0.9377	0.6652	-0.0008	713.0000	714.6523	1.0272	-4.2694	99.8831	40.5908	0.8230	0.8266	5.0000	-9999.0000	-9999.0000	-9999.0000	-9999.0000	-9999.0000	-9999.0000	17.0887	7	0	25.0542	1.0000	08	3	-9999.0000	5335	33639	-9999	-9999	1614	3682	467.7478	5	0.6527	0.6652	-0.0008	49.7330	2.3118	692.2415	590.0802	44.9537	662.5877	101.3657	666.1949	95.0000	672.7639	94.6528	677.6807	94.5370	
14/08/2017	07:28:37	011995	G488046503HLR	L488	S		628.3563	1.0400	0.0000	99.9801	39.6837	0.8230	1.1622	5.0000	20.0096	713.1010	94.9769	14.4592	25.1000	0.9300	0.9378	0.6652	-0.0008	713.0000	710.2806	1.0272	-4.1656	100.0599	40.6054	0.8230	0.8255	5.0000	-9999.0000	-9999.0000	-9999.0000	-9999.0000	-9999.0000	-9999.0000	17.2793	1	0	25.1091	1.0000	08	3	-9999.0000	5336	33640	-9999	-9999	1615	3685	466.1095	5	0.6527	0.6652	-0.0008	48.6856	2.3773	677.8855	599.5191	46.2963	648.1010	101.2963	654.9107	94.9074	660.1824	94.6065	665.4587	94.5602	
14/08/2017	07:29:25	011995	G488046528HLR	L488	S		634.9811	1.0400	0.0000	99.9744	39.6850	0.8230	1.1622	5.0000	19.9686	713.0674	94.9537	12.7894	25.1000	0.9300	0.9376	0.6636	-0.0007	713.0000	716.5700	1.0272	-4.3150	99.8482	40.6278	0.8230	0.8272	5.0000	-9999.0000	-9999.0000	-9999.0000	-9999.0000	-9999.0000	-9999.0000	17.1190	3	0	24.9496	1.0000	08	3	-9999.0000	5337	33641	-9999	-9999	1616	3687	466.7567	5	0.6527	0.6636	-0.0007	54.4513	2.0239	689.3139	599.9869	46.0880	660.7313	100.7870	666.3132	94.8843	671.2816	94.6528	676.2102	94.5370	
14/08/2017	07:30:13	011995	G488046514HLR	L488	S		637.4198	1.0400	0.0000	99.9476	39.6785	0.8230	1.1620	5.0000	20.6687	713.0569	94.9769	11.8002	25.1000	0.9300	0.9378	0.6639	-0.0007	713.0000	714.1522	1.0272	-4.2576	99.9013	40.5766	0.8230	0.8250	5.0000	-9999.0000	-9999.0000	-9999.0000	-9999.0000	-9999.0000	-9999.0000	17.4781	5	0	25.0684	1.0000	08	3	-9999.0000	5338	33642	-9999	-9999	1617	3690	467.3134	5	0.6528	0.6639	-0.0007	54.4766	2.0246	691.5574	569.8757	42.8935	660.7985	101.6667	666.4697	95.0463	672.3787	94.5833	678.5238	94.5602	
14/08/2017	07:31:07	011995	G488046518HLR	L488	S		636.1612	1.0400	0.0000	99.8426	39.6875	0.8230	1.1622	5.0000	20.0487	713.0914	94.9306	11.6791	25.2000	0.9300	0.9379	0.6624	-0.0006	713.0000	714.0503	1.0272	-4.2551	99.9365	40.6345	0.8230	0.8258	5.0000	-9999.0000	-9999.0000	-9999.0000	-9999.0000	-9999.0000	-9999.0000	19.2487	7	0	31.1584	1.0000	08	3	-9999.0000	5339	33643	-9999	-9999	1618	3693	467.1273	5	0.6527	0.6624	-0.0006	56.9974	1.8674	693.2844	598.4204	46.6898	661.2429	101.2269	667.4078	95.0231	673.7106	94.4907	679.1260	94.5833	
14/08/2017	07:32:01	011995	G488046039HLR	L488	S		637.5189	1.0400	0.0000	99.9719	39.6881	0.8230	1.1622	5.0000	20.0986	713.0598	94.9537	12.2396	25.1000	0.9300	0.9377	0.6622	-0.0006	713.0000	715.2793	1.0272	-4.2843	99.9720	40.5950	0.8230	0.8268	5.0000	-9999.0000	-9999.0000	-9999.0000	-9999.0000	-9999.0000	-9999.0000	17.2489	1	0	30.7385	1.0000	08	3	-9999.0000	5340	33644	-9999	-9999	1619	3695	466.8140	5	0.6527	0.6622	-0.0006	55.4195	1.9711	690.2239	607.8863	45.2315	661.9335	101.7361	664.9543	94.9074	672.6539	94.5370	677.1516	94.5602	
14/08/2017	07:32:49	011995	G488046045HLR	L488	S		614.9317	1.0400	0.0000	99.9025	39.6853	0.8230	1.1622	5.0000	20.0427	713.0642	94.7917	20.2987	25.1000	0.9300	0.9377	0.6613	-0.0006	713.0000	708.4344	1.0272	-4.1217	99.8431	40.5662	0.8230	0.8254	5.0000	-9999.0000	-9999.0000	-9999.0000	-9999.0000	-9999.0000	-9999.0000	17.1381	3	0	25.0289	1.0000	08	3	-9999.0000	5341	33645	-9999	-9999	1620	3698	463.3679	5	0.6527	0.6613	-0.0006	55.9520	1.9400	659.7935	551.9285	45.1620	629.4450	102.8935	634.7558	95.0463	641.8888	94.4907	645.9942	94.6065	
14/08/2017	07:33:43	011995	G488046546HLR	L488	S		618.7719	1.0400	0.0000	99.9140	39.6757	0.8230	1.1622	5.0000	20.0183	713.0492	94.7454	19.8290	25.1000	0.9300	0.9377	0.6602	-0.0005	713.0000	710.5705	1.0272	-4.1725	100.0233	40.6446	0.8230	0.8267	5.0000	-9999.0000	-9999.0000	-9999.0000	-9999.0000	-9999.0000	-9999.0000	17.2197	5	0	31.3992	1.0000	08	3	-9999.0000	5342	33646	-9999	-9999	1621	3701	463.6743	5	0.6526	0.6602	-0.0005	55.7615	1.9566	662.5190	608.2642	46.8287	637.8776	100.6713	637.4393	94.8380	643.8470	94.5602	648.4738	94.6296	
14/08/2017	07:34:32	011995	G488046540HLR	L488	S		640.9343	1.0400	0.0000	99.9560	39.6813	0.8230	1.1621	5.0000	20.1083	713.0740	94.9537	11.5394	25.1000	0.9300	0.9376	0.6587	-0.0004	713.0000	714.1133	1.0272	-4.2566	99.8466	40.6209	0.8230	0.8271	5.0000	-9999.0000	-9999.0000	-9999.0000	-9999.0000	-9999.0000	-9999.0000	17.3491	7	0	25.3394	1.0000	08	3	-9999.0000	5343	33647	-9999	-9999	1622	3704	466.4454	5	0.6526	0.6587	-0.0004	57.0324	1.8749	697.0829	581.4589	44.0741	664.7671	102.0139	671.4932	94.9769	678.5749	94.5602	682.3052	94.5833	
14/08/2017	07:35:20	011995	G488046047HLR	L488	S		618.8785	1.0400	0.0000	99.9420	39.6863	0.8230	1.1622	5.0000	19.9891	713.1128	94.7685	20.5594	25.1000	0.9300	0.9377	0.6574	-0.0003	713.0000	710.5372	1.0272	-4.1717	99.8896	40.5884	0.8230	0.8252	5.0000	-9999.0000	-9999.0000	-9999.0000	-9999.0000	-9999.0000	-9999.0000	17.3219	1	0	24.9589	1.0000	08	3	-9999.0000	5344	33648	-9999	-9999	1623	3707	464.3324	5	0.6528	0.6574	-0.0003	58.1455	1.7987	667.3129	571.8788	44.9306	638.1181	102.7546	639.6977	95.0231	644.7820	94.5139	649.6978	94.6065	
14/08/2017	07:36:16	011995	G488045747HLR	L488	S		633.5365	1.0400	0.0000	99.9494	39.6752	0.8230	1.1621	5.0000	20.1893	713.1245	94.9769	12.9886	25.1000	0.9300	0.9375	0.6570	-0.0003	713.0000	712.8409	1.0272	-4.2264	99.7909	40.6428	0.8230	0.8271	5.0000	-9999.0000	-9999.0000	-9999.0000	-9999.0000	-9999.0000	-9999.0000	17.3001	3	0	28.9184	1.0000	08	3	-9999.0000	5345	33649	-9999	-9999	1624	3710	465.9757	5	0.6528	0.6570	-0.0003	56.1094	1.9306	687.5737	612.9168	44.7454	662.2284	99.4907	665.7017	94.8148	670.7614	94.5370	675.7888	94.5370	
14/08/2017	07:37:10	011995	G488045759HLR	L488	S		608.1764	1.0400	0.0000	99.9537	39.6836	0.8230	1.1622	5.0000	20.0985	715.0288	93.8657	2.3202	24.5000	0.9300	0.0000	0.6559	-0.0002	713.0000	632.0852	1.0272	-1.6220	99.8741	40.5771	0.8230	0.8267	5.0000	-9999.0000	-9999.0000	-9999.0000	-9999.0000	-9999.0000	-9999.0000	17.0738	5	1	31.0286	1.0000	08	3	-9999.0000	5346	33650	-9999	-9999	1625	3712	468.5998	5	0.6528	0.6559	-0.0002	57.9914	1.8029	714.9678	522.7073	43.6574	680.8220	102.5231	0.0000	0.0000	0.0000	0.0000	0.0000	0.0000	
14/08/2017	07:37:59	011995	G488046024HLR	L488	S		622.3557	1.0400	0.0000	99.9060	39.6850	0.8230	1.1622	5.0000	19.9588	713.0623	94.8148	17.9483	25.2000	0.9300	0.9379	0.6561	-0.0002	713.0000	709.1558	1.0272	-4.1389	99.9442	40.5743	0.8230	0.8251	5.0000	-9999.0000	-9999.0000	-9999.0000	-9999.0000	-9999.0000	-9999.0000	17.3891	7	0	25.1888	1.0000	08	3	-9999.0000	5347	33651	-9999	-9999	1626	3715	465.1221	5	0.6529	0.6561	-0.0002	57.1712	1.8258	675.8247	511.9413	41.9444	639.6108	105.1389	647.4510	95.1620	653.2952	94.5139	657.3535	94.6065	
14/08/2017	07:38:47	011995	G488046049HLR	L488	S		620.7778	1.0400	0.0000	99.9189	39.6753	0.8230	1.1622	5.0000	19.9384	713.0635	94.8148	20.0595	25.1000	0.9300	0.9378	0.6560	-0.0002	713.0000	711.7779	1.0272	-4.2012	99.9038	40.6429	0.8230	0.8270	5.0000	-9999.0000	-9999.0000	-9999.0000	-9999.0000	-9999.0000	-9999.0000	17.2140	1	0	25.2387	1.0000	08	3	-9999.0000	5348	33651	-9999	-9999	1627	3718	464.8862	5	0.6530	0.6560	-0.0002	56.8743	1.8487	672.6299	552.4108	42.4074	639.0210	103.7269	644.4639	95.2083	650.1342	94.5370	654.8029	94.5833	
14/08/2017	07:39:35	011995	G488046029HLR	L488	S		637.7325	1.0400	0.0000	99.9081	39.6690	0.8230	1.1620	5.0000	20.5294	713.1145	94.9769	12.4798	25.1000	0.9300	0.9378	0.6555	-0.0002	713.0000	714.3720	1.0272	-4.2628	99.8294	40.5667	0.8230	0.8256	5.0000	-9999.0000	-9999.0000	-9999.0000	-9999.0000	-9999.0000	-9999.0000	17.1585	3	0	25.1386	1.0000	08	3	-9999.0000	5349	33652	-9999	-9999	1628	3720	466.0758	5	0.6531	0.6555	-0.0002	57.2043	1.8087	694.6416	608.4615	45.6481	665.9884	101.4583	670.5310	94.8611	675.8763	94.5139	679.2644	94.5602	
14/08/2017	07:40:24	011995	G488045743HLR	L488	S		637.2925	1.0400	0.0000	99.9092	39.6874	0.8230	1.1622	5.0000	19.9972	713.0658	95.0000	13.8694	25.1000	0.9300	0.9378	0.6550	-0.0001	713.0000	712.8132	1.0272	-4.2258	99.8592	40.6384	0.8230	0.8265	5.0000	-9999.0000	-9999.0000	-9999.0000	-9999.0000	-9999.0000	-9999.0000	17.1383	5	0	25.1687	1.0000	08	3	-9999.0000	5350	33652	-9999	-9999	1629	3723	465.8126	5	0.6531	0.6550	-0.0001	57.7239	1.7611	689.1937	612.4429	46.5972	662.9486	101.0648	664.3808	94.8611	670.7588	94.5602	675.3787	94.5602	
14/08/2017	07:41:13	011995	G488045744HLR	L488	S		635.3500	1.0400	0.0000	99.9455	39.6852	0.8230	1.1621	5.0000	20.0594	713.0661	94.9769	12.6302	25.1000	0.9300	0.9378	0.6549	-0.0001	713.0000	713.8203	1.0272	-4.2497	99.8169	40.5803	0.8230	0.8263	5.0000	-9999.0000	-9999.0000	-9999.0000	-9999.0000	-9999.0000	-9999.0000	17.6024	7	0	26.0679	1.0000	08	3	-9999.0000	5350	33653	-9999	-9999	1630	3726	465.9582	5	0.6531	0.6549	-0.0001	56.8861	1.8071	697.4090	567.0389	43.3796	663.4253	103.1944	669.2450	95.1852	675.6461	94.4676	680.8565	94.6065	
14/08/2017	07:42:01	011995	G488045738HLR	L488	S		634.7470	1.0400	0.0000	99.9144	39.6869	0.8230	1.1622	5.0000	20.0390	713.0818	94.9537	13.0891	25.1000	0.9300	0.9378	0.6549	-0.0001	713.0000	713.8937	1.0272	-4.2514	99.9572	40.6131	0.8230	0.8256	5.0000	-9999.0000	-9999.0000	-9999.0000	-9999.0000	-9999.0000	-9999.0000	17.3685	1	0	25.1491	1.0000	08	3	-9999.0000	5351	33654	-9999	-9999	1631	3729	465.9613	5	0.6531	0.6549	-0.0001	55.7582	1.8610	695.6032	555.2786	42.5000	654.3215	104.7454	667.6486	95.4398	673.7617	94.4676	678.6071	94.6065	
14/08/2017	07:42:49	011995	G488045735HLR	L488	S		633.9319	1.0400	0.0000	99.9487	39.6864	0.8230	1.1622	5.0000	19.9989	713.0422	95.0463	15.0793	25.1000	0.9300	0.9378	0.6549	-0.0001	713.0000	716.5061	1.0272	-4.3135	99.9720	40.6107	0.8230	0.8269	5.0000	-9999.0000	-9999.0000	-9999.0000	-9999.0000	-9999.0000	-9999.0000	17.4485	3	0	25.1890	1.0000	08	3	-9999.0000	5352	33655	-9999	-9999	1632	3731	465.7475	5	0.6532	0.6549	-0.0001	55.3213	1.8760	691.6210	569.5696	43.1481	656.7153	104.0741	663.8054	95.1852	670.6319	94.4907	674.0738	94.5602	
14/08/2017	07:43:41	011995	G488045754HLR	L488	S		627.4827	1.0400	0.0000	99.9711	39.6840	0.8230	1.1622	5.0000	20.1885	713.0726	95.0000	14.1184	25.2000	0.9300	0.9379	0.6546	-0.0001	713.0000	713.8772	1.0272	-4.2510	99.7008	40.5842	0.8230	0.8251	5.0000	-9999.0000	-9999.0000	-9999.0000	-9999.0000	-9999.0000	-9999.0000	17.4585	5	0	25.3275	1.0000	08	3	-9999.0000	5353	33656	-9999	-9999	1633	3734	465.8188	5	0.6532	0.6546	-0.0001	55.2087	1.8805	690.1443	586.7323	44.2361	658.1422	102.8009	663.3292	95.1157	669.9508	94.4907	673.3226	94.5139	
14/08/2017	07:44:29	011995	G488045731HLR	L488	S		633.7727	1.0400	0.0000	99.9866	39.6883	0.8230	1.1622	5.0000	19.9784	713.0340	94.9769	13.2493	25.2000	0.9300	0.9378	0.6544	-0.0001	713.0000	709.7929	1.0272	-4.1540	99.9228	40.6310	0.8230	0.8257	5.0000	-9999.0000	-9999.0000	-9999.0000	-9999.0000	-9999.0000	-9999.0000	18.7581	7	0	25.0982	1.0000	08	3	-9999.0000	5354	33657	-9999	-9999	1634	3736	465.7656	5	0.6531	0.6544	-0.0001	54.8508	1.8917	691.7327	619.0698	44.9537	665.8302	100.1852	665.3569	94.7222	671.0420	94.6065	676.0473	94.5370	
14/08/2017	07:45:18	011995	G488045732HLR	L488	S		638.3070	1.0400	0.0000	99.9689	39.6836	0.8230	1.1621	5.0000	20.1797	713.0983	94.9306	12.7493	25.2000	0.9300	0.9377	0.6539	-0.0001	713.0000	709.9133	1.0272	-4.1569	99.8410	40.5667	0.8230	0.8261	5.0000	-9999.0000	-9999.0000	-9999.0000	-9999.0000	-9999.0000	-9999.0000	17.1191	1	0	25.1268	1.0000	08	3	-9999.0000	5355	33657	-9999	-9999	1635	3739	465.7488	5	0.6530	0.6539	-0.0001	55.6510	1.8544	693.7074	578.9138	43.0787	658.9460	103.8194	667.2621	95.2778	673.6045	94.4444	678.4525	94.5833	
14/08/2017	07:46:06	011995	G488045733HLR	L488	S		635.0902	1.0400	0.0000	99.9679	39.6823	0.8230	1.1622	5.0000	20.0291	713.0990	94.9769	11.6087	25.2000	0.9300	0.9376	0.6541	-0.0001	713.0000	711.6991	1.0272	-4.1993	99.8650	40.6350	0.8230	0.8262	5.0000	-9999.0000	-9999.0000	-9999.0000	-9999.0000	-9999.0000	-9999.0000	17.1687	3	0	25.3190	1.0000	08	3	-9999.0000	5355	33658	-9999	-9999	1636	3742	465.9286	5	0.6531	0.6541	-0.0001	54.6896	1.9118	700.0645	547.3025	43.3796	661.4669	103.2407	673.4886	95.3009	680.1186	94.4676	683.7153	94.6065	
14/08/2017	07:46:54	011995	G488045734HLR	L488	S		629.6238	1.0400	0.0000	99.9774	39.6846	0.8230	1.1622	5.0000	20.0489	713.0749	94.9769	14.1692	25.2000	0.9300	0.9377	0.6546	-0.0001	713.0000	714.2354	1.0272	-4.2595	99.7551	40.5917	0.8230	0.8266	5.0000	-9999.0000	-9999.0000	-9999.0000	-9999.0000	-9999.0000	-9999.0000	17.1986	5	0	25.0085	1.0000	08	3	-9999.0000	5356	33659	-9999	-9999	1637	3745	465.8799	5	0.6533	0.6546	-0.0001	53.5481	1.9675	692.2378	575.4874	43.6806	659.0737	103.4491	664.9501	95.2546	669.4302	94.4907	674.9779	94.6065	
14/08/2017	07:47:43	011995	G488045741HLR	L488	S		627.4016	1.0400	0.0000	99.9619	39.6873	0.8230	1.1622	5.0000	19.9489	713.0536	94.9306	14.3586	25.1000	0.9300	0.9376	0.6547	-0.0001	713.0000	714.3631	1.0272	-4.2626	99.9114	40.5862	0.8230	0.8241	5.0000	-9999.0000	-9999.0000	-9999.0000	-9999.0000	-9999.0000	-9999.0000	19.8283	7	0	25.1284	1.0000	08	3	-9999.0000	5357	33660	-9999	-9999	1638	3748	465.9504	5	0.6534	0.6547	-0.0001	54.1361	1.9222	690.5725	570.5748	43.9120	656.8143	102.8935	663.0240	95.2083	669.7996	94.4907	673.0846	94.6296	
14/08/2017	07:48:31	011995	G488045689HLR	L488	S		636.5558	1.0400	0.0000	99.9272	39.6867	0.8230	1.1622	5.0000	20.0497	713.1141	94.9537	13.1790	25.1000	0.9300	0.9375	0.6544	-0.0001	713.0000	711.0266	1.0272	-4.1833	99.8382	40.6127	0.8230	0.8270	5.0000	-9999.0000	-9999.0000	-9999.0000	-9999.0000	-9999.0000	-9999.0000	17.3799	1	0	25.0817	1.0000	08	3	-9999.0000	5358	33661	-9999	-9999	1639	3750	466.0796	5	0.6534	0.6544	-0.0001	55.2310	1.8492	692.6034	569.2135	42.5926	659.3982	103.8657	666.6953	95.2778	671.3196	94.4444	676.0895	94.6296	
14/08/2017	07:49:19	011995	G488045715HLR	L488	S		627.4599	1.0400	0.0000	99.9470	39.6910	0.8230	1.1622	5.0000	20.0097	713.0580	94.8843	13.6487	25.1000	0.9300	0.9377	0.6543	-0.0001	713.0000	714.1848	1.0272	-4.2583	99.8433	40.5944	0.8230	0.8251	5.0000	-9999.0000	-9999.0000	-9999.0000	-9999.0000	-9999.0000	-9999.0000	17.3590	3	0	25.0993	1.0000	08	3	-9999.0000	5359	33662	-9999	-9999	1640	3752	465.9774	5	0.6534	0.6543	-0.0001	55.8152	1.8117	691.3194	562.1800	44.7917	656.9958	102.4074	663.9024	95.1157	672.0457	94.4907	677.4243	94.6296	
14/08/2017	07:50:07	011995	G488045717HLR	L488	S		635.9151	1.0400	0.0000	99.9746	39.6886	0.8230	1.1622	5.0000	20.0096	713.0553	94.9537	12.9192	25.1000	0.9300	0.9377	0.6545	-0.0001	713.0000	711.6024	1.0272	-4.1970	100.0019	40.6438	0.8230	0.8272	5.0000	-9999.0000	-9999.0000	-9999.0000	-9999.0000	-9999.0000	-9999.0000	17.2691	5	0	25.0387	1.0000	08	3	-9999.0000	5360	33663	-9999	-9999	1641	3755	466.0872	5	0.6535	0.6545	-0.0001	54.7159	1.8779	692.9829	565.0049	44.4213	661.2793	102.6389	667.1992	95.1620	673.5813	94.5602	677.7842	94.5833	
14/08/2017	07:50:55	011995	G488045716HLR	L488	S		638.0716	1.0400	0.0000	99.9809	39.6954	0.8230	1.1622	5.0000	19.9886	713.0706	94.9537	12.4398	25.1000	0.9300	0.9376	0.6543	-0.0001	713.0000	710.5182	1.0272	-4.1712	99.7858	40.5764	0.8230	0.8251	5.0000	-9999.0000	-9999.0000	-9999.0000	-9999.0000	-9999.0000	-9999.0000	17.3385	7	0	25.1985	1.0000	08	3	-9999.0000	5361	33664	-9999	-9999	1642	3758	466.1345	5	0.6535	0.6543	-0.0001	55.2150	1.8543	696.9308	565.8328	43.0556	662.2294	104.0741	669.4063	95.0463	676.3140	94.4907	681.3613	94.5602	
14/08/2017	07:51:44	011995	G488045705HLR	L488	S		635.4802	1.0400	0.0000	99.9093	39.6908	0.8230	1.1621	5.0000	20.0881	713.0981	94.8611	13.2493	25.1000	0.9300	0.9376	0.6544	-0.0001	713.0000	711.7242	1.0272	-4.1999	99.9631	40.6485	0.8230	0.8268	5.0000	-9999.0000	-9999.0000	-9999.0000	-9999.0000	-9999.0000	-9999.0000	17.4545	1	0	25.6083	1.0000	08	3	-9999.0000	5362	33665	-9999	-9999	1643	3761	466.1752	5	0.6536	0.6544	-0.0001	54.3949	1.8985	692.0196	612.5237	46.7361	660.6619	101.2037	666.3991	94.8611	671.9431	94.5139	678.2473	94.5370	
14/08/2017	07:52:32	011995	G488045699HLR	L488	S		638.7086	1.0400	0.0000	99.9682	39.6958	0.8230	1.1622	5.0000	19.9596	713.0565	94.9306	12.5901	25.1000	0.9300	0.9376	0.6547	-0.0001	713.0000	711.2952	1.0272	-4.1897	99.9558	40.5704	0.8230	0.8252	5.0000	-9999.0000	-9999.0000	-9999.0000	-9999.0000	-9999.0000	-9999.0000	18.5484	3	0	25.1185	1.0000	08	3	-9999.0000	5363	33666	-9999	-9999	1644	3763	466.2036	5	0.6537	0.6547	-0.0001	53.5408	1.9448	695.9735	604.5842	43.7731	665.4635	102.6389	669.7884	95.0231	674.7520	94.5370	679.1764	94.5833	
14/08/2017	07:53:21	011995	G488045700HLR	L488	S		628.0315	1.0400	0.0000	99.8959	39.6970	0.8230	1.1621	5.0000	20.0830	713.0246	95.0000	14.6594	25.2000	0.9300	0.9377	0.6546	-0.0001	713.0000	716.6103	1.0272	-4.3160	99.8994	40.6227	0.8230	0.8248	5.0000	-9999.0000	-9999.0000	-9999.0000	-9999.0000	-9999.0000	-9999.0000	19.4086	5	0	25.6187	1.0000	08	3	-9999.0000	5364	33667	-9999	-9999	1645	3765	466.1460	5	0.6538	0.6546	-0.0001	53.7463	1.9082	690.9767	563.1266	43.5648	658.0265	103.2870	663.7387	95.2546	669.6142	94.5139	673.9725	94.5833	
14/08/2017	07:54:09	011995	G488045722HLR	L488	S		635.6788	1.0400	0.0000	99.9097	39.6959	0.8230	1.1621	5.0000	19.9989	713.1008	94.9537	12.3890	25.1000	0.9300	0.9376	0.6547	-0.0001	713.0000	711.2820	1.0272	-4.1894	99.9987	40.5935	0.8230	0.8268	5.0000	-9999.0000	-9999.0000	-9999.0000	-9999.0000	-9999.0000	-9999.0000	17.1976	7	0	25.9860	1.0000	08	3	-9999.0000	5365	33668	-9999	-9999	1646	3768	466.4111	5	0.6538	0.6547	-0.0001	52.0455	2.0004	695.9324	564.0910	42.9861	665.1327	103.2639	668.9404	95.1852	677.0574	94.5370	680.6901	94.5833	
14/08/2017	07:54:57	011995	G488045724HLR	L488	S		630.1544	1.0400	0.0000	99.8600	39.6923	0.8230	1.1621	5.0000	20.0292	713.1030	95.0000	14.6994	25.1000	0.9300	0.9376	0.6547	-0.0001	713.0000	715.0128	1.0272	-4.2780	100.0491	40.6126	0.8230	0.8254	5.0000	-9999.0000	-9999.0000	-9999.0000	-9999.0000	-9999.0000	-9999.0000	17.4587	1	0	25.0783	1.0000	08	3	-9999.0000	5366	33669	-9999	-9999	1647	3771	466.1467	5	0.6536	0.6547	-0.0001	52.1037	2.0091	688.6706	556.4904	42.8935	655.0898	103.1019	661.0185	95.2083	666.4215	94.5139	671.4787	94.5833	
14/08/2017	07:55:49	011995	G488045701HLR	L488	S		627.2042	1.0400	0.0000	99.9507	39.6935	0.8230	1.1622	5.0000	19.9881	713.0848	94.9769	14.9992	25.1000	0.9300	0.9378	0.6553	-0.0001	713.0000	715.9884	1.0272	-4.3012	100.0040	40.6270	0.8230	0.8272	5.0000	-9999.0000	-9999.0000	-9999.0000	-9999.0000	-9999.0000	-9999.0000	17.1128	3	0	26.5981	1.0000	08	3	-9999.0000	5367	33670	-9999	-9999	1648	3774	466.1724	5	0.6538	0.6553	-0.0001	51.3387	2.0369	689.1002	564.2459	42.3148	656.1770	103.6806	662.5419	95.0926	666.3500	94.5833	672.4052	94.5370	
14/08/2017	07:56:37	011995	G488045686HLR	L488	S		633.6252	1.0400	0.0000	99.9488	39.6915	0.8230	1.1622	5.0000	19.9591	713.0562	94.9306	14.1486	25.1000	0.9300	0.9377	0.6551	-0.0001	713.0000	711.6786	1.0272	-4.1988	99.8259	40.5767	0.8230	0.8252	5.0000	-9999.0000	-9999.0000	-9999.0000	-9999.0000	-9999.0000	-9999.0000	17.2014	5	0	25.2691	1.0000	08	3	-9999.0000	5368	33671	-9999	-9999	1649	3777	466.1496	5	0.6537	0.6551	-0.0001	51.1139	2.0618	692.4271	551.2782	43.6111	660.0061	102.6852	664.3174	95.1389	668.3633	94.5602	674.6943	94.5833	
14/08/2017	07:57:25	011995	G488045684HLR	L488	S		632.3825	1.0400	0.0000	99.9791	39.6928	0.8230	1.1622	5.0000	20.0179	713.0859	95.0231	15.6896	25.1000	0.9300	0.9378	0.6551	-0.0001	713.0000	716.0764	1.0272	-4.3033	99.9086	40.6476	0.8230	0.8267	5.0000	-9999.0000	-9999.0000	-9999.0000	-9999.0000	-9999.0000	-9999.0000	17.2779	7	0	25.2068	1.0000	08	3	-9999.0000	5369	33672	-9999	-9999	1650	3780	466.1746	5	0.6536	0.6551	-0.0001	50.4520	2.1146	688.1789	567.2025	44.5602	655.3799	102.8241	659.9390	95.1620	666.8298	94.4907	670.6511	94.6065	
14/08/2017	07:58:13	011995	G488044147HLR	L488	S		636.6998	1.0400	0.0000	99.8962	39.6873	0.8230	1.1622	5.0000	20.0087	713.0675	94.9074	12.1996	25.1000	0.9300	0.9377	0.6555	-0.0001	713.0000	712.4100	1.0272	-4.2162	99.8676	40.5720	0.8230	0.8257	5.0000	-9999.0000	-9999.0000	-9999.0000	-9999.0000	-9999.0000	-9999.0000	17.2964	1	0	25.1392	1.0000	08	3	-9999.0000	5370	33673	-9999	-9999	1651	3783	466.3497	5	0.6537	0.6555	-0.0001	49.9486	2.1432	694.4936	559.7493	44.2593	661.9144	102.4074	668.4685	95.1389	675.9214	94.5139	680.2627	94.5833	
14/08/2017	07:59:03	011995	G488045687HLR	L488	S		631.4881	1.0400	0.0000	99.9335	39.6886	0.8230	1.1622	5.0000	20.0693	713.0994	94.9769	14.2893	25.2000	0.9300	0.9377	0.6563	-0.0002	713.0000	714.0170	1.0272	-4.2544	99.8188	40.6428	0.8230	0.8262	5.0000	-9999.0000	-9999.0000	-9999.0000	-9999.0000	-9999.0000	-9999.0000	17.3386	3	0	26.2790	1.0000	08	3	-9999.0000	5371	33674	-9999	-9999	1652	3785	466.1069	5	0.6536	0.6563	-0.0002	49.9578	2.1428	689.1793	567.3625	42.2222	655.9369	104.3519	663.3061	95.1620	668.6728	94.5139	673.5768	94.6065	
14/08/2017	07:59:51	011995	G488045703HLR	L488	S		635.9342	1.0400	0.0000	99.9305	39.6919	0.8230	1.1621	5.0000	20.0494	713.0563	94.9306	13.2893	25.1000	0.9300	0.9376	0.6566	-0.0002	713.0000	712.1648	1.0272	-4.2104	99.9697	40.6064	0.8230	0.8258	5.0000	-9999.0000	-9999.0000	-9999.0000	-9999.0000	-9999.0000	-9999.0000	19.8110	5	0	25.0787	1.0000	08	3	-9999.0000	5372	33675	-9999	-9999	1653	3787	466.2175	5	0.6536	0.6566	-0.0002	49.4023	2.1840	689.3880	606.1271	45.3009	663.7203	100.9954	664.6351	94.8843	671.3204	94.5833	675.7062	94.5602	
14/08/2017	08:00:40	011995	G488045204HLR	L488	S		629.0954	1.0400	0.0000	100.0033	39.6929	0.8230	1.1621	5.0000	20.0487	713.0784	95.0231	15.3088	25.2000	0.9300	0.9377	0.6569	-0.0002	713.0000	717.8466	1.0272	-4.3453	99.8987	40.6218	0.8230	0.8254	5.0000	-9999.0000	-9999.0000	-9999.0000	-9999.0000	-9999.0000	-9999.0000	17.4827	7	0	25.3190	1.0000	08	3	-9999.0000	5372	33676	-9999	-9999	1654	3790	465.9261	5	0.6536	0.6569	-0.0002	50.0470	2.1468	690.6505	563.2833	43.2176	657.2181	103.7963	664.0805	95.2315	671.5403	94.4676	675.3810	94.6065	
14/08/2017	08:01:29	011995	G488045251HLR	L488	S		636.6148	1.0400	0.0000	99.9839	39.6915	0.8230	1.1622	5.0000	20.0012	713.0610	94.9537	13.4895	25.1000	0.9300	0.9377	0.6592	-0.0004	713.0000	711.2293	1.0272	-4.1881	99.7334	40.6273	0.8230	0.8271	5.0000	-9999.0000	-9999.0000	-9999.0000	-9999.0000	-9999.0000	-9999.0000	17.3481	1	0	25.0997	1.0000	08	3	-9999.0000	5373	33677	-9999	-9999	1655	3793	466.2200	5	0.6537	0.6592	-0.0004	46.1653	2.4347	687.6851	563.5994	42.3843	654.8872	103.9352	661.4454	95.0926	669.4872	94.5139	672.9254	94.6065	
14/08/2017	08:02:17	011995	G488045252HLR	L488	S		633.0856	1.0400	0.0000	99.9432	39.6939	0.8230	1.1622	5.0000	19.9587	713.0989	94.9306	13.6887	25.1000	0.9300	0.9377	0.6606	-0.0005	713.0000	713.9808	1.0272	-4.2535	99.9171	40.5670	0.8230	0.8244	5.0000	-9999.0000	-9999.0000	-9999.0000	-9999.0000	-9999.0000	-9999.0000	19.1579	3	0	25.3783	1.0000	08	3	-9999.0000	5374	33678	-9999	-9999	1656	3796	466.1883	5	0.6535	0.6606	-0.0005	44.6338	2.5580	686.5851	542.0069	44.4444	650.5667	102.6389	660.9516	95.1389	667.2387	94.5370	672.4466	94.5833	
14/08/2017	08:03:05	011995	G488045683HLR	L488	S		638.4783	1.0400	0.0000	99.9303	39.6880	0.8230	1.1619	5.0000	20.9091	713.1034	94.9074	12.1097	25.1000	0.9300	0.9377	0.6603	-0.0005	713.0000	711.2684	1.0272	-4.1891	99.7823	40.6493	0.8230	0.8269	5.0000	-9999.0000	-9999.0000	-9999.0000	-9999.0000	-9999.0000	-9999.0000	17.3190	5	0	25.0774	1.0000	08	3	-9999.0000	5375	33679	-9999	-9999	1657	3799	466.7397	5	0.6535	0.6603	-0.0005	44.8955	2.5280	693.3260	549.4255	43.0093	660.4025	103.2870	667.7633	95.3009	674.0758	94.5370	679.2695	94.5602	
14/08/2017	08:03:54	011995	G488045682HLR	L488	S		641.9326	1.0400	0.0000	99.8873	39.7076	0.8230	1.1621	5.0000	20.0292	713.1336	94.8843	10.8197	25.1000	0.9300	0.9376	0.6735	-0.0015	713.0000	715.7409	1.0272	-4.2953	99.9416	40.5715	0.8230	0.8255	5.0000	-9999.0000	-9999.0000	-9999.0000	-9999.0000	-9999.0000	-9999.0000	17.1390	7	0	25.4294	1.0000	08	3	-9999.0000	5376	33680	-9999	-9999	1658	3802	469.0047	5	0.6534	0.6735	-0.0015	24.2077	4.0796	691.6628	550.4115	45.2315	654.4140	102.6620	665.1583	95.2546	672.0265	94.4676	678.1428	94.5602	
14/08/2017	08:04:43	011995	G488045237HLR	L488	S		633.4409	1.0400	0.0000	99.9103	39.6980	0.8230	1.1621	5.0000	20.0390	713.0320	94.9074	13.4797	25.1000	0.9300	0.9377	0.6750	-0.0016	713.0000	714.8803	1.0272	-4.2749	99.8182	40.6454	0.8230	0.8264	5.0000	-9999.0000	-9999.0000	-9999.0000	-9999.0000	-9999.0000	-9999.0000	17.2987	1	0	25.0095	1.0000	08	3	-9999.0000	5377	33681	-9999	-9999	1659	3804	466.1215	5	0.6536	0.6750	-0.0016	23.3807	4.1379	677.3224	546.4514	42.3380	642.3726	102.5926	653.3810	95.1852	660.2203	94.4907	664.8822	94.6065	
14/08/2017	08:05:31	011995	G488045234HLR	L488	S		633.0671	1.0400	0.0000	99.9864	39.6919	0.8230	1.1621	5.0000	20.1980	713.0844	94.8843	13.8391	25.1000	0.9300	0.9377	0.6730	-0.0014	713.0000	712.8045	1.0272	-4.2256	99.8519	40.5917	0.8230	0.8263	5.0000	-9999.0000	-9999.0000	-9999.0000	-9999.0000	-9999.0000	-9999.0000	17.3333	3	0	25.2487	1.0000	08	3	-9999.0000	5378	33682	-9999	-9999	1660	3807	465.8177	5	0.6536	0.6730	-0.0014	28.4856	3.7689	674.6242	584.9668	44.7454	644.9237	102.0602	652.6428	95.0694	659.7935	94.4907	663.8276	94.6065	
14/08/2017	08:06:20	011995	G488045239HLR	L488	S		640.8318	1.0400	0.0000	99.9340	39.6943	0.8230	1.1621	5.0000	20.0886	713.1033	94.9306	11.5296	25.1000	0.9300	0.9378	0.6727	-0.0014	713.0000	714.4795	1.0272	-4.2653	99.9065	40.6211	0.8230	0.8256	5.0000	-9999.0000	-9999.0000	-9999.0000	-9999.0000	-9999.0000	-9999.0000	17.3277	5	0	25.0583	1.0000	08	3	-9999.0000	5379	33683	-9999	-9999	1661	3810	468.1248	5	0.6536	0.6727	-0.0014	27.8564	3.8355	686.0840	551.3084	43.7037	651.8184	103.0324	661.4762	95.2315	669.1141	94.4676	674.6813	94.6065	
14/08/2017	08:07:12	011995	G488045238HLR	L488	S		629.3914	1.0400	0.0000	99.9749	39.6887	0.8230	1.1621	5.0000	20.3086	713.1008	94.9537	14.3293	25.1000	0.9300	0.9378	0.6745	-0.0015	713.0000	713.9927	1.0272	-4.2538	99.9068	40.6167	0.8230	0.8259	5.0000	-9999.0000	-9999.0000	-9999.0000	-9999.0000	-9999.0000	-9999.0000	19.7288	7	0	28.7295	1.0000	08	3	-9999.0000	5380	33684	-9999	-9999	1662	3813	465.2711	5	0.6536	0.6745	-0.0015	26.9757	3.8904	673.5658	548.4209	42.5231	640.4709	102.6852	646.9251	95.2315	655.4582	94.4907	661.1010	94.6065	
14/08/2017	08:08:05	011995	G488045241HLR	L488	S		632.7252	1.0400	0.0000	99.8447	39.6899	0.8230	1.1621	5.0000	20.0389	713.0770	94.9074	13.5286	25.1000	0.9300	0.9378	0.6728	-0.0014	713.0000	715.2877	1.0272	-4.2845	100.0238	40.5712	0.8230	0.8252	5.0000	-9999.0000	-9999.0000	-9999.0000	-9999.0000	-9999.0000	-9999.0000	17.2292	1	0	29.9583	1.0000	08	3	-9999.0000	5381	33685	-9999	-9999	1663	3816	466.1166	5	0.6537	0.6728	-0.0014	28.2528	3.7971	677.6132	565.4268	44.3056	642.6703	102.8241	652.6133	95.2315	660.2210	94.4444	666.0432	94.6296	
14/08/2017	08:08:56	011995	G488046595HLR	L488	S		620.4054	1.0400	0.0000	99.9879	39.6937	0.8230	1.1622	5.0000	19.9393	713.0607	94.8611	17.7490	25.1000	0.9300	0.9378	0.6721	-0.0014	713.0000	709.2566	1.0272	-4.1413	99.9368	40.6272	0.8230	0.8259	5.0000	-9999.0000	-9999.0000	-9999.0000	-9999.0000	-9999.0000	-9999.0000	17.4418	3	0	28.7387	1.0000	10	3	-9999.0000	5382	33686	-9999	-9999	1664	3819	461.9962	5	0.6538	0.6721	-0.0014	25.7941	3.9937	660.7736	542.3413	43.3565	629.6132	103.8889	635.6119	95.2083	642.0925	94.4676	647.1406	94.5602	
14/08/2017	08:09:44	011995	G488046605HLR	L488	S		618.2354	1.0400	0.0000	99.9449	39.6863	0.8230	1.1621	5.0000	20.1486	713.0833	94.5370	18.9785	25.0000	0.9300	0.9377	0.6720	-0.0014	713.0000	707.9822	1.0272	-4.1110	99.9216	40.6328	0.8230	0.8271	5.0000	-9999.0000	-9999.0000	-9999.0000	-9999.0000	-9999.0000	-9999.0000	17.5100	5	0	25.0290	1.0000	10	3	-9999.0000	5383	33687	-9999	-9999	1665	3821	460.8023	5	0.6537	0.6720	-0.0014	26.8077	3.9142	655.0692	553.1634	42.7315	624.8997	103.4954	629.4327	95.2778	636.1196	94.5833	641.0528	94.5602	
14/08/2017	08:10:39	011995	G488046611HLR	L488	S		622.9748	1.0400	0.0000	99.9520	39.6853	0.8230	1.1621	5.0000	19.9501	713.0601	94.8380	17.8194	25.2000	0.9300	0.9379	0.6687	-0.0011	713.0000	710.8798	1.0272	-4.1798	99.9856	40.5813	0.8230	0.8252	5.0000	-9999.0000	-9999.0000	-9999.0000	-9999.0000	-9999.0000	-9999.0000	17.1701	7	0	31.4480	1.0000	10	3	-9999.0000	5384	33688	-9999	-9999	1666	3824	462.6973	5	0.6536	0.6687	-0.0011	34.1794	3.3601	668.0216	554.3035	43.8426	635.4941	102.7083	640.5084	95.0694	645.7239	94.4907	650.4656	94.6296	
14/08/2017	08:11:27	011995	G488046584HLR	L488	S		630.9359	1.0400	0.0000	99.9907	39.6808	0.8230	1.1622	5.0000	19.9580	713.0808	94.8843	9.7593	25.0000	0.9300	0.9375	0.6655	-0.0009	713.0000	718.3524	1.0272	-4.3573	99.8174	40.6344	0.8230	0.8260	5.0000	-9999.0000	-9999.0000	-9999.0000	-9999.0000	-9999.0000	-9999.0000	17.3688	1	0	25.1483	1.0000	10	3	-9999.0000	5385	33689	-9999	-9999	1667	3827	468.5294	5	0.6534	0.6655	-0.0009	41.6175	2.8110	697.0370	552.6101	43.4259	661.8780	102.8704	673.4436	95.1157	680.6078	94.4676	686.2267	94.6065	
14/08/2017	08:12:20	011995	G488046601HLR	L488	S		616.0732	1.0400	0.0000	99.9828	39.6853	0.8230	1.1622	5.0000	19.8681	713.0452	94.7917	20.5087	25.1000	0.9300	0.9379	0.6651	-0.0008	713.0000	709.9109	1.0272	-4.1568	99.8698	40.6028	0.8230	0.8263	5.0000	-9999.0000	-9999.0000	-9999.0000	-9999.0000	-9999.0000	-9999.0000	18.5187	3	0	30.0870	1.0000	10	3	-9999.0000	5386	33690	-9999	-9999	1668	3829	461.9259	5	0.6533	0.6651	-0.0008	43.0870	2.6876	660.3078	547.9148	43.2870	627.8445	103.6806	634.3196	95.2778	640.0689	94.4907	644.3440	94.5602	
14/08/2017	08:13:18	011995	G488046010HLR	L488	S		633.5856	1.0400	0.0000	99.8999	39.6802	0.8230	1.1621	5.0000	20.0185	713.1227	94.9769	13.9387	25.1000	0.9300	0.9378	0.6636	-0.0007	713.0000	712.9690	1.0272	-4.2295	99.8832	40.5749	0.8230	0.8251	5.0000	-9999.0000	-9999.0000	-9999.0000	-9999.0000	-9999.0000	-9999.0000	17.4294	5	0	29.7084	1.0000	10	3	-9999.0000	5387	33691	-9999	-9999	1669	3831	465.9408	5	0.6533	0.6636	-0.0007	43.1528	2.6726	682.1893	592.9384	47.0833	654.8904	100.1389	658.7078	94.8148	665.1745	94.4907	669.5575	94.6296	
14/08/2017	08:14:09	011995	G488046000HLR	L488	S		620.8492	1.0400	0.0000	99.9413	39.6830	0.8230	1.1621	5.0000	20.3540	713.0658	94.5833	19.1093	25.1000	0.9300	0.9377	0.6620	-0.0006	713.0000	712.0962	1.0272	-4.2087	99.7444	40.6112	0.8230	0.8255	5.0000	-9999.0000	-9999.0000	-9999.0000	-9999.0000	-9999.0000	-9999.0000	17.3190	7	0	28.5484	1.0000	10	3	-9999.0000	5387	33692	-9999	-9999	1670	3833	463.6430	5	0.6532	0.6620	-0.0006	45.8978	2.4473	667.6505	590.7340	44.8380	642.8954	102.3380	642.0432	95.1157	648.8536	94.4907	653.5056	94.6296	
14/08/2017	08:14:58	011995	G488046016HLR	L488	S		619.4801	1.0400	0.0000	99.9143	39.6790	0.8230	1.1621	5.0000	20.0086	713.0385	94.5602	18.7793	25.1000	0.9300	0.9378	0.6618	-0.0006	713.0000	711.5371	1.0272	-4.1954	99.8650	40.6424	0.8230	0.8272	5.0000	-9999.0000	-9999.0000	-9999.0000	-9999.0000	-9999.0000	-9999.0000	17.1793	1	0	25.7690	1.0000	10	3	-9999.0000	5388	33693	-9999	-9999	1671	3836	463.7345	5	0.6532	0.6618	-0.0006	46.4254	2.4161	668.9059	539.8311	43.7963	636.1411	103.4259	642.2008	95.1852	647.7478	94.4676	652.4318	94.5602	
14/08/2017	08:15:46	011995	G488046019HLR	L488	S		623.9349	1.0400	0.0000	99.9140	39.6738	0.8230	1.1621	5.0000	19.9684	713.0142	94.9074	17.4786	25.0000	0.9300	0.9378	0.6616	-0.0006	713.0000	710.7881	1.0272	-4.1776	99.9624	40.5714	0.8230	0.8252	5.0000	-9999.0000	-9999.0000	-9999.0000	-9999.0000	-9999.0000	-9999.0000	17.5088	3	0	24.9988	1.0000	10	3	-9999.0000	5389	33694	-9999	-9999	1672	3838	464.4019	5	0.6531	0.6616	-0.0006	46.6202	2.3829	672.8215	538.0196	44.3287	641.9920	102.2917	645.7289	94.9537	651.5458	94.6759	656.5113	94.5370	
14/08/2017	08:16:34	011995	G488046590HLR	L488	S		630.1269	1.0400	0.0000	99.9419	39.6843	0.8230	1.1622	5.0000	19.9891	713.1169	94.9769	14.8586	25.1000	0.9300	0.9378	0.6609	-0.0005	713.0000	715.5878	1.0272	-4.2917	99.9034	40.6449	0.8230	0.8266	5.0000	-9999.0000	-9999.0000	-9999.0000	-9999.0000	-9999.0000	-9999.0000	17.2876	5	0	25.0588	1.0000	10	3	-9999.0000	5390	33694	-9999	-9999	1673	3841	465.6352	5	0.6530	0.6609	-0.0005	46.7377	2.3833	683.8667	575.3872	44.9074	652.0157	101.4352	658.5433	95.0000	664.4049	94.5833	668.9121	94.5833	
14/08/2017	08:17:22	011995	G488045987HLR	L488	S		635.2638	1.0400	0.0000	99.9688	39.6875	0.8230	1.1621	5.0000	20.1301	713.0228	94.8611	11.0795	25.0000	0.9300	0.9377	0.6601	-0.0005	713.0000	716.4837	1.0272	-4.3130	99.8733	40.5796	0.8230	0.8260	5.0000	-9999.0000	-9999.0000	-9999.0000	-9999.0000	-9999.0000	-9999.0000	17.1488	7	0	25.0389	1.0000	10	3	-9999.0000	5391	33695	-9999	-9999	1674	3844	466.8391	5	0.6529	0.6601	-0.0005	47.9394	2.3067	697.4267	552.4480	43.8194	662.2143	103.3102	671.8470	95.3009	678.9962	94.5370	683.9511	94.5602	
14/08/2017	08:18:11	011995	G488046002HLR	L488	S		629.7600	1.0400	0.0000	99.9462	39.6894	0.8230	1.1621	5.0000	20.0087	713.0813	94.9769	13.6087	25.1000	0.9300	0.9377	0.6598	-0.0005	713.0000	717.4721	1.0272	-4.3364	99.8126	40.6398	0.8230	0.8261	5.0000	-9999.0000	-9999.0000	-9999.0000	-9999.0000	-9999.0000	-9999.0000	17.2581	1	0	25.1686	1.0000	10	3	-9999.0000	5392	33696	-9999	-9999	1675	3846	465.9282	5	0.6528	0.6598	-0.0005	48.5799	2.2786	690.2334	557.8874	44.3287	655.0879	103.0556	664.1105	95.2546	670.0162	94.5139	675.0023	94.5370	
14/08/2017	08:18:59	011995	G488045990HLR	L488	S		636.3890	1.0400	0.0000	99.9268	39.6902	0.8230	1.1621	5.0000	19.9892	713.1019	94.8843	13.7590	25.1000	0.9300	0.9379	0.6586	-0.0004	713.0000	716.3184	1.0272	-4.3090	99.8310	40.5993	0.8230	0.8266	5.0000	-9999.0000	-9999.0000	-9999.0000	-9999.0000	-9999.0000	-9999.0000	17.3083	3	0	25.4184	1.0000	10	3	-9999.0000	5393	33697	-9999	-9999	1676	3849	465.7326	5	0.6527	0.6586	-0.0004	50.6931	2.1525	691.7155	560.7590	42.7778	657.6063	103.8657	665.2586	95.1157	671.0668	94.5370	675.2753	94.6065	
14/08/2017	08:19:47	011995	G488045993HLR	L488	S		634.1917	1.0400	0.0000	99.8724	39.6893	0.8230	1.1621	5.0000	20.0011	713.0847	94.8843	11.5189	25.1000	0.9300	0.9379	0.6584	-0.0004	713.0000	715.4658	1.0272	-4.2888	99.7908	40.6065	0.8230	0.8253	5.0000	-9999.0000	-9999.0000	-9999.0000	-9999.0000	-9999.0000	-9999.0000	17.3979	5	0	25.1587	1.0000	10	3	-9999.0000	5394	33698	-9999	-9999	1677	3852	466.3220	5	0.6526	0.6584	-0.0004	50.8430	2.1404	695.5714	561.1990	45.6250	661.3701	101.8287	671.2826	95.0694	677.3944	94.5602	682.4052	94.5833	
14/08/2017	08:20:38	011995	G488046006HLR	L488	S		635.0670	1.0400	0.0000	99.9409	39.6909	0.8230	1.1621	5.0000	20.1291	713.0466	94.9306	14.5090	25.1000	0.9300	0.9379	0.6576	-0.0003	713.0000	716.0204	1.0272	-4.3019	99.8943	40.6318	0.8230	0.8271	5.0000	-9999.0000	-9999.0000	-9999.0000	-9999.0000	-9999.0000	-9999.0000	17.4778	7	0	27.2090	1.0000	10	3	-9999.0000	5395	33699	-9999	-9999	1678	3855	465.2935	5	0.6524	0.6576	-0.0003	51.8239	2.0865	690.9109	599.0368	46.5046	661.8271	101.7361	662.9995	95.0694	669.9968	94.5602	673.3023	94.5602	
14/08/2017	08:21:30	011995	G488045951HLR	L488	S		639.3464	1.0400	0.0000	99.9544	39.6881	0.8230	1.1621	5.0000	20.1170	713.0458	94.8843	8.7202	25.0000	0.9300	0.9374	0.6571	-0.0003	713.0000	717.4504	1.0272	-4.3359	99.7055	40.5722	0.8230	0.8252	5.0000	-9999.0000	-9999.0000	-9999.0000	-9999.0000	-9999.0000	-9999.0000	17.2179	1	0	29.4278	1.0000	10	3	-9999.0000	5396	33700	-9999	-9999	1679	3858	466.5920	5	0.6524	0.6571	-0.0003	53.0743	2.0077	710.2722	591.5762	45.5787	675.6298	101.4815	686.2223	95.0926	690.0337	94.5370	694.9604	94.5833	
14/08/2017	08:22:19	011995	G488045974HLR	L488	S		625.3659	1.0400	0.0000	99.8964	39.6915	0.8230	1.1621	5.0000	20.0248	713.0766	95.0463	16.3087	25.1000	0.9300	0.9378	0.6570	-0.0003	713.0000	711.5266	1.0272	-4.1952	99.8382	40.6242	0.8230	0.8259	5.0000	-9999.0000	-9999.0000	-9999.0000	-9999.0000	-9999.0000	-9999.0000	17.0779	3	0	25.7885	1.0000	10	3	-9999.0000	5397	33701	-9999	-9999	1680	3861	464.8536	5	0.6524	0.6570	-0.0003	52.6404	2.0215	681.5141	550.4304	43.8426	647.2614	103.9583	655.1643	95.2546	661.3411	94.4676	664.7291	94.5833	
14/08/2017	08:23:07	011995	G488045942HLR	L488	S		624.7444	1.0400	0.0000	99.9013	39.6856	0.8230	1.1621	5.0000	20.1484	713.0263	94.6065	18.4590	25.1000	0.9300	0.9377	0.6556	-0.0002	713.0000	712.8930	1.0272	-4.2277	99.7464	40.6246	0.8230	0.8267	5.0000	-9999.0000	-9999.0000	-9999.0000	-9999.0000	-9999.0000	-9999.0000	18.1687	5	0	25.1382	1.0000	10	3	-9999.0000	5398	33702	-9999	-9999	1681	3864	464.3883	5	0.6522	0.6556	-0.0002	56.0574	1.8216	676.7612	558.0022	44.0972	645.3011	103.1250	649.2707	95.0926	654.9129	94.4444	660.2310	94.6296	
14/08/2017	08:24:02	011995	G488045985HLR	L488	S		627.7114	1.0400	0.0000	99.9622	39.6836	0.8230	1.1621	5.0000	19.9969	713.0360	95.0000	14.8293	25.1000	0.9300	0.9376	0.6554	-0.0002	713.0000	715.5748	1.0272	-4.2914	99.8640	40.5905	0.8230	0.8250	5.0000	-9999.0000	-9999.0000	-9999.0000	-9999.0000	-9999.0000	-9999.0000	17.4283	7	0	31.2779	1.0000	10	3	-9999.0000	5399	33703	-9999	-9999	1682	3867	465.0897	5	0.6523	0.6554	-0.0002	56.0373	1.8271	688.1351	556.3827	44.9769	654.8492	102.4306	661.5718	95.1157	668.3743	94.4907	672.2812	94.6296	
14/08/2017	08:24:54	011995	G488045977HLR	L488	S		634.5467	1.0400	0.0000	99.9871	39.6878	0.8230	1.1621	5.0000	20.1190	713.0018	94.9074	12.0189	25.1000	0.9300	0.9378	0.6549	-0.0002	713.0000	716.4497	1.0272	-4.3121	99.8587	40.6204	0.8230	0.8249	5.0000	-9999.0000	-9999.0000	-9999.0000	-9999.0000	-9999.0000	-9999.0000	19.2585	1	0	29.4183	1.0000	10	3	-9999.0000	5400	33704	-9999	-9999	1683	3869	465.3366	5	0.6522	0.6549	-0.0002	57.4712	1.7373	697.8986	561.4850	44.4907	661.6193	102.5000	672.1217	95.1157	678.3432	94.5139	681.9465	94.6065	
14/08/2017	08:25:43	011995	G488045956HLR	L488	S		620.6737	1.0400	0.0000	99.9240	39.6893	0.8230	1.1621	5.0000	20.1023	713.0454	94.8380	20.2694	25.2000	0.9300	0.9379	0.6549	-0.0002	713.0000	714.7117	1.0272	-4.2709	99.8392	40.6262	0.8230	0.8271	5.0000	-9999.0000	-9999.0000	-9999.0000	-9999.0000	-9999.0000	-9999.0000	17.2969	3	0	25.3181	1.0000	10	3	-9999.0000	5401	33705	-9999	-9999	1684	3872	464.2399	5	0.6521	0.6549	-0.0002	58.1683	1.7043	674.0556	555.1551	43.5185	642.0620	103.8889	647.0205	95.1620	653.3199	94.4676	656.4246	94.5833	
14/08/2017	08:26:33	011995	G488045949HLR	L488	S		620.7948	1.0400	0.0000	99.8862	39.6808	0.8230	1.1621	5.0000	20.0692	713.0444	94.6065	18.5293	25.2000	0.9300	0.9378	0.6539	-0.0001	713.0000	712.8348	1.0272	-4.2263	99.8390	40.5851	0.8230	0.8250	5.0000	-9999.0000	-9999.0000	-9999.0000	-9999.0000	-9999.0000	-9999.0000	17.3286	5	0	27.1088	1.0000	10	3	-9999.0000	5402	33706	-9999	-9999	1685	3874	464.4517	5	0.6519	0.6539	-0.0001	60.7709	1.5581	679.0587	556.8960	43.1250	648.0811	103.4954	649.4085	95.1620	655.6483	94.4907	659.5236	94.5833	
14/08/2017	08:27:21	011995	G488045960HLR	L488	S		627.8194	1.0400	0.0000	99.9765	39.6828	0.8230	1.1621	5.0000	20.0292	713.0715	94.9769	13.7893	25.1000	0.9300	0.9378	0.6543	-0.0002	713.0000	714.1773	1.0272	-4.2582	99.7211	40.6455	0.8230	0.8269	5.0000	-9999.0000	-9999.0000	-9999.0000	-9999.0000	-9999.0000	-9999.0000	17.3194	7	0	25.0982	1.0000	10	3	-9999.0000	5403	33707	-9999	-9999	1686	3876	464.9832	5	0.6519	0.6543	-0.0002	59.4632	1.6355	693.4328	579.4339	42.4074	660.1001	103.3565	669.3881	95.0463	672.8637	94.4676	676.6555	94.5602	
14/08/2017	08:28:10	011995	G488045931HLR	L488	S		627.2744	1.0400	0.0000	99.9448	39.6860	0.8230	1.1621	5.0000	20.0023	713.0291	95.0231	16.1798	25.1000	0.9300	0.9378	0.6537	-0.0001	713.0000	710.9235	1.0272	-4.1809	99.9372	40.5667	0.8230	0.8254	5.0000	-9999.0000	-9999.0000	-9999.0000	-9999.0000	-9999.0000	-9999.0000	17.5678	1	0	26.3963	1.0000	10	3	-9999.0000	5403	33708	-9999	-9999	1687	3879	464.5746	5	0.6518	0.6537	-0.0001	60.0347	1.6172	685.0286	573.0195	42.8704	650.5203	103.1481	657.4598	95.2546	663.4321	94.5139	667.1886	94.5833	
14/08/2017	08:29:04	011995	G488045971HLR	L488	S		633.8048	1.0400	0.0000	99.9579	39.6856	0.8230	1.1621	5.0000	19.9989	713.0254	94.8843	9.4995	25.1000	0.9300	0.9377	0.6521	-0.0000	713.0000	714.1609	1.0272	-4.2578	99.8214	40.6422	0.8230	0.8265	5.0000	-9999.0000	-9999.0000	-9999.0000	-9999.0000	-9999.0000	-9999.0000	17.1883	3	0	30.5587	1.0000	10	3	-9999.0000	5404	33708	-9999	-9999	1688	3882	464.6377	5	0.6517	0.6521	-0.0000	61.0699	1.5658	707.0306	624.5963	45.2778	675.5673	101.4583	683.2232	95.0000	688.3297	94.5139	693.0252	94.5602	
14/08/2017	08:29:54	011995	G488045926HLR	L488	S		627.8592	1.0400	0.0000	99.9541	39.6877	0.8230	1.1621	5.0000	20.0372	713.1099	95.0463	15.3790	25.2000	0.9300	0.9378	0.6521	-0.0000	713.0000	710.7273	1.0272	-4.1762	99.8655	40.6349	0.8230	0.8271	5.0000	-9999.0000	-9999.0000	-9999.0000	-9999.0000	-9999.0000	-9999.0000	17.3691	5	0	27.5493	1.0000	10	3	-9999.0000	5405	33709	-9999	-9999	1689	3884	464.6270	5	0.6516	0.6521	-0.0000	62.2940	1.4913	688.2713	566.6166	44.9769	655.7797	103.1250	660.2706	95.1157	667.2498	94.4907	670.3216	94.6528	
14/08/2017	08:30:46	011995	G488045924HLR	L488	S		611.1016	1.0400	0.0000	99.8857	39.6877	0.8230	1.1621	5.0000	19.9890	713.0893	94.7685	19.5790	25.1000	0.9300	0.9378	0.6514	-0.0000	713.0000	716.8022	1.0272	-4.3205	99.7808	40.5660	0.8230	0.8251	5.0000	-9999.0000	-9999.0000	-9999.0000	-9999.0000	-9999.0000	-9999.0000	18.0182	7	0	28.3985	1.0000	10	3	-9999.0000	5406	33710	-9999	-9999	1690	3887	464.5159	5	0.6515	0.6514	-0.0000	65.5006	1.3068	680.7069	561.4346	44.2593	649.5742	103.0093	652.8626	95.1852	661.5775	94.5139	665.5119	94.5602	
14/08/2017	08:31:42	011995	G488045941HLR	L488	S		621.1322	1.0400	0.0000	99.9061	39.6818	0.8230	1.1621	5.0000	20.0787	713.0441	94.9537	16.5694	25.1000	0.9300	0.9377	0.6515	-0.0000	713.0000	712.2009	1.0272	-4.2112	99.9008	40.6307	0.8230	0.8257	5.0000	-9999.0000	-9999.0000	-9999.0000	-9999.0000	-9999.0000	-9999.0000	17.4875	1	0	32.7999	1.0000	10	3	-9999.0000	5407	33710	-9999	-9999	1691	3890	464.5334	5	0.6515	0.6515	-0.0000	65.6946	1.2920	682.5506	569.8187	45.3472	650.8137	102.1759	658.2164	95.0231	663.2670	94.4907	667.8521	94.5833	
14/08/2017	08:32:30	011995	G488045934HLR	L488	S		619.1099	1.0400	0.0000	99.9329	39.6865	0.8230	1.1622	5.0000	20.0692	713.0568	94.8843	17.4190	25.1000	0.9300	0.9377	0.6516	-0.0000	713.0000	713.4605	1.0272	-4.2411	100.0413	40.6475	0.8230	0.8267	5.0000	-9999.0000	-9999.0000	-9999.0000	-9999.0000	-9999.0000	-9999.0000	17.3992	3	0	25.1382	1.0000	10	3	-9999.0000	5408	33710	-9999	-9999	1692	3893	464.4001	5	0.6514	0.6516	-0.0000	66.3189	1.2623	683.0620	559.9480	42.1759	647.3817	104.3981	655.6602	95.0926	661.0862	94.4444	664.8720	94.6296	
14/08/2017	08:33:18	011995	G488045965HLR	L488	S		613.8415	1.0400	0.0000	99.9171	39.6836	0.8230	1.1621	5.0000	20.1559	713.0498	94.8380	21.8885	25.1000	0.9300	0.9376	0.6512	0.0000	713.0000	715.2173	1.0272	-4.2829	99.7396	40.5757	0.8230	0.8258	5.0000	-9999.0000	-9999.0000	-9999.0000	-9999.0000	-9999.0000	-9999.0000	17.2985	5	0	25.0683	1.0000	10	3	-9999.0000	5409	33711	-9999	-9999	1693	3896	464.4378	5	0.6513	0.6512	0.0000	67.2269	1.2224	671.1275	588.9944	46.0648	642.9822	101.3426	643.7973	94.9306	650.7233	94.6296	655.3024	94.5833	
14/08/2017	08:34:07	011995	G488042673HLR	L488	S		634.6672	1.0400	0.0000	99.9065	39.6804	0.8230	1.1621	5.0000	20.1297	713.0364	94.9769	11.8089	25.0000	0.9300	0.9377	0.6511	0.0000	713.0000	712.6228	1.0272	-4.2212	99.8912	40.6399	0.8230	0.8260	5.0000	-9999.0000	-9999.0000	-9999.0000	-9999.0000	-9999.0000	-9999.0000	17.3886	7	0	25.3322	1.0000	10	3	-9999.0000	5409	33712	-9999	-9999	1694	3899	464.3549	5	0.6512	0.6511	0.0000	67.1517	1.2397	701.7875	590.5970	43.8426	672.0681	100.2083	674.9786	94.9306	679.5381	94.5602	684.3566	94.5833	
14/08/2017	08:34:55	011995	G488044182HLR	L488	S		622.2363	1.0400	0.0000	99.9430	39.6867	0.8230	1.1621	5.0000	20.1591	713.0515	94.9537	13.0598	25.1000	0.9300	0.9378	0.6516	-0.0000	713.0000	715.1684	1.0272	-4.2817	99.9257	40.5974	0.8230	0.8263	5.0000	-9999.0000	-9999.0000	-9999.0000	-9999.0000	-9999.0000	-9999.0000	17.9583	1	0	25.2389	1.0000	10	3	-9999.0000	5410	33713	-9999	-9999	1695	3902	464.3892	5	0.6512	0.6516	-0.0000	66.0909	1.3214	696.1473	563.1804	45.1852	661.2916	102.6157	668.5056	95.1852	674.5732	94.5602	680.1649	94.5833	
14/08/2017	08:35:43	011995	G488045729HLR	L488	S		626.4347	1.0400	0.0000	99.8805	39.6870	0.8230	1.1621	5.0000	20.0544	713.0762	95.0000	14.3195	25.2000	0.9300	0.9379	0.6518	-0.0000	713.0000	712.0299	1.0272	-4.2071	100.0206	40.5870	0.8230	0.8242	5.0000	-9999.0000	-9999.0000	-9999.0000	-9999.0000	-9999.0000	-9999.0000	19.3027	3	0	24.9694	1.0000	10	3	-9999.0000	5411	33714	-9999	-9999	1696	3904	464.4263	5	0.6512	0.6518	-0.0000	65.0207	1.3847	695.2631	565.2697	44.7917	659.2908	103.1019	667.2093	95.3241	671.9778	94.4676	676.2339	94.6296	
14/08/2017	08:36:35	011995	G488045771HLR	L488	S		626.1377	1.0400	0.0000	99.8837	39.6881	0.8230	1.1621	5.0000	20.1159	713.0919	94.8611	8.2300	25.0000	0.9300	0.9377	0.6515	-0.0000	713.0000	714.0290	1.0272	-4.2546	100.0003	40.6196	0.8230	0.8270	5.0000	-9999.0000	-9999.0000	-9999.0000	-9999.0000	-9999.0000	-9999.0000	17.3123	5	0	25.0191	1.0000	10	3	-9999.0000	5412	33715	-9999	-9999	1697	3907	464.4945	5	0.6511	0.6515	-0.0000	65.4253	1.3856	711.9180	567.4136	44.4213	677.1323	102.2454	686.9948	95.1620	692.7472	94.6296	697.5181	94.6065	
