Data	Timp	Nr. masina	Nr. de serie	Tip	Productie	Comentariu	Pre-masurare Q [ml/min]	Pre-masurare Gain	Pre-masurare Offset Master	Pre-masurare P [bar]	Pre-masurare T [°C]	Pre-masurare Densitate fixa [kg/l]	Pre-masurare densitate masurata [kg/l]	Pre-masurare Timp masurare [s]	Pre-masurare Cycle time [s]	rectificare Q Oprire [ml/min]	rectificare P Oprire [bar]	rectificare Timp rectificare [s]	rectificare T [°C]	rectificare Densitate fixa [kg/l]	rectificare densitate masurata [kg/l]	rectificare Factor de masurare la rectificare	rectificare Factor de corectie a debitului	rectificare Target rectificare	Masurare Q [ml/min]	Masurare Gain	Masurare Offset Master	Masurare P [bar]	Masurare T [°C]	Masurare Densitate fixa [kg/l]	Masurare densitate masurata [kg/l]	Masurare Timp masurare [s]	Masurare Q [ml/min]	Masurare Delta Q [ml/min]	Masurare P [bar]	Masurare BP [bar]	Masurare T [°C]	Masurare Timp masurare [s]	Masurare Cycle time [s]	Nest Nr.	Cod de descarcare	Cycle time [s]	Traceability aktiv	EDM Maschine Nr	EDM Spindle Nr	Honing Rate [r	Station Counter Premeasure	Station Counter Grind	Station Counter Blowout 1	Station Counter Wash	Station Counter Measure	Station Counter Blowout 2	RealGrindQStop	Reg Type	Factor 0	Factor 1	Factor 2	Factor 3	Factor 4	G_StartQV	G_StartQV_1	G_StartQV_2	G_StartQV_3	G_StartQV_4	G_StartQV_5	
06/08/2017	00:00:21	011995	G523003959HLR	L523	S		445.1814	1.0400	0.0000	99.9216	40.1086	0.8230	1.1609	5.0000	20.0194	508.0893	94.9537	13.2395	24.1000	0.9300	0.9420	0.6421	-0.0021	508.0000	506.6306	1.0272	10.9762	99.7426	40.8392	0.8230	0.8241	5.0000	-9999.0000	-9999.0000	-9999.0000	-9999.0000	-9999.0000	-9999.0000	17.2447	8	0	26.6684	1.0000	99	9	-9999.0000	48104	22884	-9999	-9999	592	1208	312.1245	5	0.6141	0.6421	-0.0021	26.1133	2.6892	467.2251	553.7396	45.3935	475.3258	95.7870	463.0441	95.2546	466.7143	94.9537	470.9165	94.7917	
06/08/2017	00:00:47	011995	G523003976HLR	L523	S		447.7612	1.0400	0.0000	99.9815	40.0844	0.8230	1.1608	5.0000	20.7087	508.1369	94.9537	12.6390	24.1000	0.9300	0.9419	0.6432	-0.0022	508.0000	507.2440	1.0272	10.9504	99.7637	40.8577	0.8230	0.8250	5.0000	-9999.0000	-9999.0000	-9999.0000	-9999.0000	-9999.0000	-9999.0000	17.3720	1	0	26.0388	1.0000	99	9	-9999.0000	48105	22885	-9999	-9999	593	1209	312.9440	5	0.6142	0.6432	-0.0022	37.9606	1.8091	470.1048	526.0987	43.1250	478.4956	95.7870	466.6158	95.2083	469.7981	94.9074	474.0831	94.7917	
06/08/2017	00:01:12	011995	G523003968HLR	L523	S		448.8757	1.0400	0.0000	99.9465	40.0780	0.8230	1.1608	5.0000	20.3886	508.0588	94.9306	12.3597	24.1000	0.9300	0.9420	0.6436	-0.0022	508.0000	508.4685	1.0272	10.8989	99.7481	40.8375	0.8230	0.8252	5.0000	-9999.0000	-9999.0000	-9999.0000	-9999.0000	-9999.0000	-9999.0000	17.2435	2	0	25.3688	1.0000	99	9	-9999.0000	48106	22886	-9999	-9999	594	1211	313.2260	5	0.6141	0.6436	-0.0022	40.1623	1.6513	472.6240	545.0839	43.4259	477.6280	95.7639	465.0701	95.0000	472.8364	94.7685	474.0872	94.7454	
06/08/2017	00:01:37	011995	G523003958HLR	L523	S		449.2069	1.0400	0.0000	99.9381	40.0781	0.8230	1.1608	5.0000	20.1886	508.0188	94.9306	13.2590	24.1000	0.9300	0.9420	0.6434	-0.0022	508.0000	508.7112	1.0272	10.8887	99.7851	40.8077	0.8230	0.8248	5.0000	-9999.0000	-9999.0000	-9999.0000	-9999.0000	-9999.0000	-9999.0000	17.2866	3	0	24.7780	1.0000	99	9	-9999.0000	48107	22886	-9999	-9999	594	1213	312.1187	5	0.6142	0.6434	-0.0022	40.8157	1.5753	472.3153	545.7738	43.3796	473.2658	95.8102	464.0472	95.2083	471.8198	94.9074	474.6034	94.8148	
06/08/2017	00:02:03	011995	G523004805HLR	L523	S		441.9432	1.0400	0.0000	99.9598	40.0744	0.8230	1.1608	5.0000	20.4129	508.0280	94.9537	15.5295	24.1000	0.9300	0.9419	0.6415	-0.0020	508.0000	507.6796	1.0272	10.9321	99.7464	40.7952	0.8230	0.8237	5.0000	-9999.0000	-9999.0000	-9999.0000	-9999.0000	-9999.0000	-9999.0000	17.2187	4	0	26.5287	1.0000	99	9	-9999.0000	48108	22887	-9999	-9999	595	1215	309.8747	5	0.6149	0.6415	-0.0020	24.5289	2.8104	459.0079	563.9662	44.9306	471.7896	96.0417	455.2503	95.4398	458.6683	95.1157	463.8220	94.8380	
06/08/2017	00:02:30	011995	G523004804HLR	L523	S		442.9892	1.0400	0.0000	99.9360	40.0752	0.8230	1.1608	5.0000	20.0086	508.0580	94.9537	14.9797	24.1000	0.9300	0.9419	0.6434	-0.0022	508.0000	506.6517	1.0272	10.9753	99.8054	40.8333	0.8230	0.8241	5.0000	-9999.0000	-9999.0000	-9999.0000	-9999.0000	-9999.0000	-9999.0000	17.4194	5	0	26.4186	1.0000	99	9	-9999.0000	48109	22888	-9999	-9999	596	1217	310.3950	5	0.6149	0.6434	-0.0022	44.0270	1.3171	461.2777	584.7211	43.9352	467.0281	96.4815	455.4719	95.7870	460.3731	95.3935	465.0456	94.8611	
06/08/2017	00:02:56	011995	G523004811HLR	L523	S		440.7394	1.0400	0.0000	99.8891	40.0768	0.8230	1.1609	5.0000	20.1006	508.1063	94.9074	14.4396	24.1000	0.9300	0.9419	0.6445	-0.0022	508.0000	507.0145	1.0272	10.9600	99.7973	40.8484	0.8230	0.8247	5.0000	-9999.0000	-9999.0000	-9999.0000	-9999.0000	-9999.0000	-9999.0000	17.1685	6	0	26.0581	1.0000	99	9	-9999.0000	48110	22889	-9999	-9999	597	1219	311.0422	5	0.6149	0.6445	-0.0022	27.4786	2.5780	463.7237	574.9357	42.8009	471.1383	96.2963	458.3434	95.6019	463.0416	95.2083	466.4758	94.8148	
06/08/2017	00:03:21	011995	G523004812HLR	L523	S		448.4560	1.0400	0.0000	99.9592	40.0710	0.8230	1.1608	5.0000	20.4358	508.1250	94.9769	12.9886	24.1000	0.9300	0.9419	0.6505	-0.0027	508.0000	509.3543	1.0272	10.8617	99.7601	40.8512	0.8230	0.8250	5.0000	-9999.0000	-9999.0000	-9999.0000	-9999.0000	-9999.0000	-9999.0000	17.2930	7	0	25.2396	1.0000	99	9	-9999.0000	48111	22890	-9999	-9999	598	1221	312.6050	5	0.6149	0.6505	-0.0027	43.1678	1.3489	467.8296	564.9239	45.0231	472.8905	96.0185	463.4669	95.4167	467.7771	95.0694	469.7904	94.7917	
06/08/2017	00:03:46	011995	G523004793HLR	L523	S		437.6774	1.0400	0.0000	99.9908	40.0637	0.8230	1.1609	5.0000	20.4962	508.0962	94.9306	15.5998	24.1000	0.9300	0.9419	0.6387	-0.0018	508.0000	507.0872	1.0272	10.9570	99.8184	40.8366	0.8230	0.8252	5.0000	-9999.0000	-9999.0000	-9999.0000	-9999.0000	-9999.0000	-9999.0000	17.2419	8	0	25.2826	1.0000	99	9	-9999.0000	48112	22891	-9999	-9999	599	1222	309.8146	5	0.6149	0.6387	-0.0018	36.0917	1.9104	457.8856	559.3918	44.6991	464.0229	95.9722	454.2751	95.3009	457.5205	94.9306	462.6018	94.7917	
06/08/2017	00:04:13	011995	G523004816HLR	L523	S		438.0911	1.0400	0.0000	99.8998	40.0684	0.8230	1.1609	5.0000	20.1394	508.0365	94.9306	15.4494	24.1000	0.9300	0.9419	0.6377	-0.0017	508.0000	507.4315	1.0272	10.9425	99.8832	40.8248	0.8230	0.8246	5.0000	-9999.0000	-9999.0000	-9999.0000	-9999.0000	-9999.0000	-9999.0000	19.7884	1	0	26.6141	1.0000	99	9	-9999.0000	48113	22892	-9999	-9999	600	1224	310.3664	5	0.6146	0.6377	-0.0017	36.3215	1.8887	462.1810	591.9209	42.8009	468.7520	96.3194	458.0196	95.8102	461.7410	95.3935	464.7314	94.8380	
06/08/2017	00:04:38	011995	G523004822HLR	L523	S		440.9386	1.0400	0.0000	99.9299	40.0749	0.8230	1.1609	5.0000	19.9887	508.0865	94.9074	15.1096	24.1000	0.9300	0.9419	0.6377	-0.0017	508.0000	508.3218	1.0272	10.9051	99.7490	40.8000	0.8230	0.8236	5.0000	-9999.0000	-9999.0000	-9999.0000	-9999.0000	-9999.0000	-9999.0000	17.1587	2	0	24.8288	1.0000	99	9	-9999.0000	48114	22893	-9999	-9999	601	1226	310.8282	5	0.6146	0.6377	-0.0017	36.3215	1.8887	463.1828	561.0737	43.6806	471.8167	96.2963	459.5107	95.6481	462.5744	95.2315	466.6763	94.8380	
06/08/2017	00:05:03	011995	G523004813HLR	L523	S		446.0407	1.0400	0.0000	99.9445	40.0768	0.8230	1.1609	5.0000	20.2127	508.0794	94.9537	12.5091	24.1000	0.9300	0.9419	0.6369	-0.0017	508.0000	509.6959	1.0272	10.8474	99.8265	40.8429	0.8230	0.8241	5.0000	-9999.0000	-9999.0000	-9999.0000	-9999.0000	-9999.0000	-9999.0000	17.3724	3	0	24.7985	1.0000	99	9	-9999.0000	48115	22894	-9999	-9999	602	1228	312.9335	5	0.6145	0.6369	-0.0017	36.7567	1.8497	474.1067	568.3824	42.8704	481.8371	96.0648	469.9849	95.5324	473.4205	95.1389	477.0006	94.7917	
06/08/2017	00:05:28	011995	G523004821HLR	L523	S		443.1675	1.0400	0.0000	99.8864	40.0760	0.8230	1.1609	5.0000	20.1290	508.0628	94.9306	14.2590	24.1000	0.9300	0.9419	0.6375	-0.0017	508.0000	506.9159	1.0272	10.9642	99.7908	40.8632	0.8230	0.8250	5.0000	-9999.0000	-9999.0000	-9999.0000	-9999.0000	-9999.0000	-9999.0000	17.2672	4	0	25.4685	1.0000	99	9	-9999.0000	48115	22895	-9999	-9999	603	1230	311.5174	5	0.6143	0.6375	-0.0017	37.2609	1.8148	464.7433	554.8036	44.6759	472.7732	95.7407	460.1078	95.1157	464.2703	94.7917	468.7192	94.6991	
06/08/2017	00:05:55	011995	G523004795HLR	L523	S		436.3070	1.0400	0.0000	99.9414	40.0755	0.8230	1.1609	5.0000	20.3880	508.0337	94.9074	15.5792	24.1000	0.9300	0.9419	0.6381	-0.0017	508.0000	507.9943	1.0272	10.9189	99.7812	40.8307	0.8230	0.8251	5.0000	-9999.0000	-9999.0000	-9999.0000	-9999.0000	-9999.0000	-9999.0000	17.3210	5	0	26.5287	1.0000	99	9	-9999.0000	48116	22896	-9999	-9999	604	1232	310.4744	5	0.6141	0.6381	-0.0017	25.4469	2.7371	462.5639	578.1330	46.4120	473.7325	95.9491	459.4547	95.4630	462.1804	95.0926	466.4648	94.8148	
06/08/2017	00:06:21	011995	G523003967HLR	L523	S		449.1025	1.0400	0.0000	99.9692	40.0754	0.8230	1.1609	5.0000	20.3590	508.0587	94.9306	12.8997	24.1000	0.9300	0.9419	0.6381	-0.0017	508.0000	508.7394	1.0272	10.8876	99.7883	40.7954	0.8230	0.8241	5.0000	-9999.0000	-9999.0000	-9999.0000	-9999.0000	-9999.0000	-9999.0000	17.1297	6	0	26.2681	1.0000	99	9	-9999.0000	48117	22897	-9999	-9999	605	1234	312.8389	5	0.6141	0.6381	-0.0017	25.4469	2.7371	471.5220	607.0565	43.9352	480.6084	96.1574	466.9597	95.4630	471.2778	95.0694	475.1911	94.7917	
06/08/2017	00:06:46	011995	G523003948HLR	L523	S		446.7740	1.0400	0.0000	99.9818	40.0812	0.8230	1.1609	5.0000	20.2488	508.0389	94.9537	13.3001	24.2000	0.9300	0.9420	0.6353	-0.0016	508.0000	507.2928	1.0272	10.9483	99.7297	40.8167	0.8230	0.8237	5.0000	-9999.0000	-9999.0000	-9999.0000	-9999.0000	-9999.0000	-9999.0000	17.1688	7	0	24.8794	1.0000	99	9	-9999.0000	48118	22898	-9999	-9999	606	1236	312.2709	5	0.6139	0.6353	-0.0016	28.1059	2.5521	472.0023	585.0791	43.2870	483.9332	95.8333	466.9577	95.2778	471.3895	94.9074	475.1512	94.7685	
06/08/2017	00:07:12	011995	G523004817HLR	L523	S		443.2416	1.0400	0.0000	99.9428	40.0808	0.8230	1.1609	5.0000	20.1979	508.1159	94.9074	14.0686	24.2000	0.9300	0.9419	0.6343	-0.0015	508.0000	508.6676	1.0272	10.8906	99.7952	40.8500	0.8230	0.8243	5.0000	-9999.0000	-9999.0000	-9999.0000	-9999.0000	-9999.0000	-9999.0000	17.5136	8	0	26.3984	1.0000	99	9	-9999.0000	48119	22899	-9999	-9999	607	1238	311.8268	5	0.6138	0.6343	-0.0015	25.8625	2.6984	469.2191	577.9997	45.8333	478.1843	95.8333	466.0190	95.3472	468.8016	94.9769	473.5251	94.7917	
06/08/2017	00:07:41	011995	G523004786HLR	L523	S		438.6159	1.0400	0.0000	99.8982	40.0832	0.8230	1.1609	5.0000	20.0119	508.0727	94.9074	15.5089	24.1000	0.9300	0.9419	0.6336	-0.0014	508.0000	508.0622	1.0272	10.9160	99.7772	40.8617	0.8230	0.8250	5.0000	-9999.0000	-9999.0000	-9999.0000	-9999.0000	-9999.0000	-9999.0000	17.3481	1	0	28.4484	1.0000	99	9	-9999.0000	48120	22900	-9999	-9999	608	1239	310.6611	5	0.6134	0.6336	-0.0014	20.3957	3.0993	466.7792	565.9832	44.1204	475.9731	95.8333	467.4903	95.4398	466.5075	95.1157	469.1969	94.8148	
06/08/2017	00:08:08	011995	G523004826HLR	L523	S		438.0314	1.0400	0.0000	99.8788	40.0844	0.8230	1.1609	5.0000	20.3395	508.1128	94.9306	15.3293	24.1000	0.9300	0.9419	0.6333	-0.0014	508.0000	507.9650	1.0272	10.9201	99.7958	40.8551	0.8230	0.8251	5.0000	-9999.0000	-9999.0000	-9999.0000	-9999.0000	-9999.0000	-9999.0000	18.3708	2	0	27.4894	1.0000	99	9	-9999.0000	48121	22901	-9999	-9999	609	1241	310.8908	5	0.6134	0.6333	-0.0014	19.5149	3.1541	468.9429	589.4202	42.7315	473.0417	96.2731	462.1532	95.6019	468.6463	95.2546	470.6097	94.8148	
06/08/2017	00:08:36	011995	G523003987HLR	L523	S		448.3367	1.0400	0.0000	99.9465	40.0914	0.8230	1.1609	5.0000	20.1685	508.0518	94.9769	13.2991	24.1000	0.9300	0.9419	0.6333	-0.0014	508.0000	508.2743	1.0272	10.9071	99.7470	40.8285	0.8230	0.8251	5.0000	-9999.0000	-9999.0000	-9999.0000	-9999.0000	-9999.0000	-9999.0000	17.1792	3	0	28.1276	1.0000	99	9	-9999.0000	48122	22902	-9999	-9999	610	1243	312.2184	5	0.6134	0.6333	-0.0014	19.5149	3.1541	473.8071	587.3755	45.4861	482.9613	96.0417	468.2651	95.5324	473.6363	95.1157	477.2269	94.8148	
06/08/2017	00:09:01	011995	G523003990HLR	L523	S		440.4635	1.0400	0.0000	99.8975	40.0995	0.8230	1.1609	5.0000	19.9892	508.0713	94.9074	15.4894	24.1000	0.9300	0.9419	0.6300	-0.0012	508.0000	507.4902	1.0272	10.9400	99.7497	40.8015	0.8230	0.8243	5.0000	-9999.0000	-9999.0000	-9999.0000	-9999.0000	-9999.0000	-9999.0000	17.4292	4	0	24.7892	1.0000	99	9	-9999.0000	48123	22903	-9999	-9999	611	1245	310.6758	5	0.6128	0.6300	-0.0012	12.7998	3.6274	466.5005	576.8469	42.2222	477.1319	95.9491	461.9050	95.2778	465.8673	94.9306	469.9206	94.7454	
06/08/2017	00:09:28	011995	G523003969HLR	L523	S		434.5547	1.0400	0.0000	99.9154	40.0963	0.8230	1.1609	5.0000	20.0263	508.0215	94.9306	17.4190	24.1000	0.9300	0.9418	0.6309	-0.0013	508.0000	506.9013	1.0272	10.9648	99.7868	40.8000	0.8230	0.8237	5.0000	-9999.0000	-9999.0000	-9999.0000	-9999.0000	-9999.0000	-9999.0000	17.1784	5	0	26.9084	1.0000	99	9	-9999.0000	48123	22904	-9999	-9999	612	1247	309.4663	5	0.6127	0.6309	-0.0013	20.8414	3.0974	463.2689	602.7917	45.6713	473.2131	96.2269	462.6614	95.7870	463.2033	95.3935	465.1851	94.8148	
06/08/2017	00:09:53	011995	G523003978HLR	L523	S		436.4714	1.0400	0.0000	99.9223	40.0995	0.8230	1.1609	5.0000	20.3994	508.1356	94.9306	16.5792	24.1000	0.9300	0.9419	0.6300	-0.0012	508.0000	506.7916	1.0272	10.9694	99.7445	40.8500	0.8230	0.8243	5.0000	-9999.0000	-9999.0000	-9999.0000	-9999.0000	-9999.0000	-9999.0000	17.1386	6	0	25.0580	1.0000	99	9	-9999.0000	48124	22904	-9999	-9999	613	1249	310.1059	5	0.6130	0.6300	-0.0012	9.0796	3.9063	462.8938	606.0954	42.7778	472.1279	96.2500	459.1763	95.7176	462.5953	95.3009	464.8042	94.8380	
06/08/2017	00:10:20	011995	G523003956HLR	L523	S		437.6626	1.0400	0.0000	99.9080	40.1055	0.8230	1.1609	5.0000	20.1795	508.0891	94.9306	17.2090	24.1000	0.9300	0.9419	0.6296	-0.0012	508.0000	507.7341	1.0272	10.9298	99.7770	40.8647	0.8230	0.8248	5.0000	-9999.0000	-9999.0000	-9999.0000	-9999.0000	-9999.0000	-9999.0000	17.5885	7	0	26.7946	1.0000	99	9	-9999.0000	48125	22905	-9999	-9999	614	1250	309.7769	5	0.6129	0.6296	-0.0012	10.8212	3.7855	461.7189	598.4312	44.4213	472.1048	96.2731	456.4008	95.7407	461.1193	95.3009	463.6803	94.8380	
06/08/2017	00:10:46	011995	G523003964HLR	L523	S		406.2852	1.0400	0.0000	99.9564	40.1087	0.8230	1.1609	5.0000	20.0195	0.0000	0.0000	0.0000	0.0000	0.9300	0.0000	0.0000	0.0000	0.0000	408.7837	1.0272	7.0957	99.7446	40.8247	0.8230	0.8247	5.0000	-9999.0000	-9999.0000	-9999.0000	-9999.0000	-9999.0000	-9999.0000	17.0190	8	7	26.2731	1.0000	99	9	-9999.0000	48125	0	-9999	-9999	615	1252	0.0000	0	0.0000	0.0000	0.0000	0.0000	0.0000	0.0000	0.0000	0.0000	0.0000	0.0000	0.0000	0.0000	0.0000	0.0000	0.0000	0.0000	
06/08/2017	00:11:12	011995	G523003983HLR	L523	S		438.4335	1.0400	0.0000	99.9667	40.1060	0.8230	1.1609	5.0000	19.9984	508.0351	94.9537	15.8790	24.3000	0.9300	0.9421	0.6275	-0.0010	508.0000	506.1481	1.0272	10.9964	99.8175	40.8243	0.8230	0.8248	5.0000	-9999.0000	-9999.0000	-9999.0000	-9999.0000	-9999.0000	-9999.0000	17.5378	1	0	25.6079	1.0000	99	9	-9999.0000	48126	22906	-9999	-9999	616	1254	310.6234	5	0.6126	0.6275	-0.0010	24.2927	2.8525	466.3513	531.4619	42.7778	480.2773	96.0185	462.4991	95.5093	466.0965	95.1620	469.1954	94.8148	
06/08/2017	00:11:38	011995	G523003963HLR	L523	S		441.1718	1.0400	0.0000	99.9480	40.0996	0.8230	1.1609	5.0000	20.0586	508.1230	94.9537	14.0686	24.2000	0.9300	0.9419	0.6275	-0.0010	508.0000	505.1845	1.0272	10.9647	99.7890	40.8000	0.8230	0.8237	5.0000	-9999.0000	-9999.0000	-9999.0000	-9999.0000	-9999.0000	-9999.0000	17.2388	2	0	26.2487	1.0000	99	9	-9999.0000	48127	22907	-9999	-9999	617	1256	311.7444	5	0.6126	0.6275	-0.0010	24.2927	2.8525	474.0476	593.8948	43.5185	482.8230	95.8565	471.5015	95.3009	473.5624	94.8611	476.3156	94.7454	
06/08/2017	00:12:03	011995	G523003972HLR	L523	S		438.6292	1.0400	0.0000	99.9117	40.1044	0.8230	1.1609	5.0000	20.0491	508.0855	94.9306	15.7892	24.2000	0.9300	0.9419	0.6274	-0.0010	508.0000	507.5492	1.0272	10.9376	99.7704	40.8333	0.8230	0.8239	5.0000	-9999.0000	-9999.0000	-9999.0000	-9999.0000	-9999.0000	-9999.0000	17.2491	3	0	24.7388	1.0000	99	9	-9999.0000	48127	22908	-9999	-9999	618	1258	310.9059	5	0.6126	0.6274	-0.0010	28.3170	2.5672	466.6883	559.1218	44.9769	477.9536	95.8565	463.3751	95.1852	466.1601	94.8380	470.0594	94.7222	
06/08/2017	00:12:28	011995	G523003971HLR	L523	S		438.6538	1.0400	0.0000	99.9502	40.1008	0.8230	1.1609	5.0000	20.0290	508.0762	94.9306	15.3888	24.1000	0.9300	0.9419	0.6274	-0.0010	508.0000	507.8691	1.0272	10.9241	99.7873	40.8633	0.8230	0.8247	5.0000	-9999.0000	-9999.0000	-9999.0000	-9999.0000	-9999.0000	-9999.0000	17.2391	4	0	24.7693	1.0000	99	9	-9999.0000	48128	22909	-9999	-9999	619	1260	311.0375	5	0.6126	0.6274	-0.0010	28.3170	2.5672	468.7077	602.8482	44.4676	477.9113	96.0417	463.8720	95.4861	468.4058	95.0694	472.2016	94.7917	
06/08/2017	00:12:52	011995	G523004545HLR	L523	S		441.5697	1.0400	0.0000	99.9262	40.0995	0.8230	1.1608	5.0000	20.3947	508.0236	94.9306	14.6897	24.1000	0.9300	0.9418	0.6269	-0.0009	508.0000	506.7221	1.0272	10.9723	99.7669	40.8527	0.8230	0.8252	5.0000	-9999.0000	-9999.0000	-9999.0000	-9999.0000	-9999.0000	-9999.0000	17.3584	5	0	24.8483	1.0000	99	9	-9999.0000	48129	22910	-9999	-9999	620	1262	311.4093	5	0.6127	0.6269	-0.0009	28.9980	2.5076	475.3468	597.9663	45.4398	483.2737	96.0417	469.3533	95.4398	475.0669	95.0000	477.0516	94.7917	
06/08/2017	00:13:18	011995	G523004553HLR	L523	S		438.2761	1.0400	0.0000	99.9620	40.0993	0.8230	1.1608	5.0000	20.2586	508.0931	94.9306	15.3087	24.1000	0.9300	0.9418	0.6292	-0.0011	508.0000	509.8557	1.0272	10.8407	99.7051	40.8137	0.8230	0.8246	5.0000	-9999.0000	-9999.0000	-9999.0000	-9999.0000	-9999.0000	-9999.0000	17.1286	6	0	25.5149	1.0000	99	9	-9999.0000	48130	22911	-9999	-9999	621	1264	311.2819	5	0.6130	0.6292	-0.0011	24.4312	2.7790	470.0691	600.7769	45.8796	481.6184	95.9722	465.7770	95.3472	469.7241	94.9537	472.4527	94.7454	
06/08/2017	00:13:43	011995	G523003985HLR	L523	S		432.9492	1.0400	0.0000	99.9130	40.0970	0.8230	1.1609	5.0000	20.2185	508.0663	94.9537	13.8489	24.1000	0.9300	0.9419	0.6292	-0.0011	508.0000	508.8064	1.0272	10.8847	99.7857	40.8000	0.8230	0.8236	5.0000	-9999.0000	-9999.0000	-9999.0000	-9999.0000	-9999.0000	-9999.0000	17.5020	7	0	24.7725	1.0000	99	9	-9999.0000	48131	22912	-9999	-9999	622	1266	312.1262	5	0.6130	0.6292	-0.0011	24.4312	2.7790	473.8579	609.3740	45.0231	488.5366	95.9722	469.6524	95.3241	473.5660	94.9074	476.6877	94.7454	
06/08/2017	00:14:09	011995	G523004556HLR	L523	S		445.1640	1.0400	0.0000	99.9762	40.0965	0.8230	1.1608	5.0000	20.2283	508.0181	94.9537	13.4192	24.1000	0.9300	0.9419	0.6285	-0.0010	508.0000	507.8209	1.0272	10.9261	99.8224	40.8500	0.8230	0.8241	5.0000	-9999.0000	-9999.0000	-9999.0000	-9999.0000	-9999.0000	-9999.0000	17.5181	8	0	26.5483	1.0000	99	9	-9999.0000	48131	22913	-9999	-9999	623	1268	312.1904	5	0.6128	0.6285	-0.0010	24.4018	2.7994	476.1836	592.9720	44.3750	483.3037	95.7870	470.3314	95.2083	476.5181	94.8611	478.5831	94.7685	
06/08/2017	00:14:36	011995	G523004555HLR	L523	S		450.4041	1.0400	0.0000	99.9624	40.0907	0.8230	1.1608	5.0000	20.5794	508.1114	94.9769	11.3695	24.1000	0.9300	0.9419	0.6284	-0.0010	508.0000	510.4213	1.0272	10.8169	99.7537	40.8695	0.8230	0.8251	5.0000	-9999.0000	-9999.0000	-9999.0000	-9999.0000	-9999.0000	-9999.0000	17.1236	1	0	26.8384	1.0000	99	9	-9999.0000	48132	22914	-9999	-9999	624	1270	313.4378	5	0.6131	0.6284	-0.0010	24.5768	2.7755	481.5714	579.1446	44.7454	492.1859	95.5556	478.3952	95.0926	481.4441	94.6991	484.4021	94.7222	
06/08/2017	00:15:01	011995	G523004534HLR	L523	S		440.3716	1.0400	0.0000	99.9444	40.0983	0.8230	1.1609	5.0000	20.0888	508.1106	94.9074	14.5393	24.1000	0.9300	0.9419	0.6300	-0.0011	508.0000	505.5712	1.0272	10.9803	99.8986	40.8442	0.8230	0.8252	5.0000	-9999.0000	-9999.0000	-9999.0000	-9999.0000	-9999.0000	-9999.0000	17.1696	2	0	24.7885	1.0000	99	9	-9999.0000	48132	22915	-9999	-9999	625	1272	311.8246	5	0.6128	0.6300	-0.0011	27.1292	2.6320	469.2491	525.2027	41.6435	478.7590	95.3704	467.1308	94.7454	469.2954	94.4444	472.1070	94.6759	
06/08/2017	00:15:26	011995	G523004537HLR	L523	S		417.1287	1.0400	0.0000	99.9284	40.0990	0.8230	1.1608	5.0000	21.1687	0.0000	0.0000	0.0000	0.0000	0.9300	0.0000	0.0000	0.0000	0.0000	433.3626	1.0272	8.0821	99.7859	40.7919	0.8230	0.8240	5.0000	-9999.0000	-9999.0000	-9999.0000	-9999.0000	-9999.0000	-9999.0000	17.1380	3	7	25.1092	1.0000	99	9	-9999.0000	48133	0	-9999	-9999	626	1274	0.0000	0	0.0000	0.0000	0.0000	0.0000	0.0000	0.0000	0.0000	0.0000	0.0000	0.0000	0.0000	0.0000	0.0000	0.0000	0.0000	0.0000	
06/08/2017	00:15:56	011995	G523004573HLR	L523	S		441.4135	1.0400	0.0000	99.8966	40.1005	0.8230	1.1609	5.0000	20.0282	508.0974	94.9306	15.6095	24.2000	0.9300	0.9420	0.6254	-0.0008	508.0000	508.4756	1.0272	10.8986	99.7606	40.8321	0.8230	0.8236	5.0000	-9999.0000	-9999.0000	-9999.0000	-9999.0000	-9999.0000	-9999.0000	17.1287	4	0	29.8986	1.0000	99	9	-9999.0000	48133	22916	-9999	-9999	626	1276	311.1415	5	0.6129	0.6254	-0.0008	33.7254	2.2018	470.9266	520.7538	44.5833	482.3308	95.9722	464.7198	95.4630	470.4254	95.1852	472.7734	94.7917	
06/08/2017	00:16:23	011995	G523004563HLR	L523	S		438.2130	1.0400	0.0000	99.9445	40.1026	0.8230	1.1609	5.0000	20.4229	508.0429	94.9074	15.8684	24.1000	0.9300	0.9419	0.6253	-0.0008	508.0000	507.0470	1.0272	10.9587	99.8208	40.8667	0.8230	0.8246	5.0000	-9999.0000	-9999.0000	-9999.0000	-9999.0000	-9999.0000	-9999.0000	17.1574	5	0	27.5181	1.0000	99	9	-9999.0000	48134	22917	-9999	-9999	627	1278	310.9918	5	0.6132	0.6253	-0.0008	33.6001	2.1907	470.7582	605.3053	43.0787	481.2873	96.1574	469.4426	95.5324	470.4392	95.1389	473.5922	94.8148	
06/08/2017	00:16:48	011995	G523003986HLR	L523	S		443.2768	1.0400	0.0000	99.8943	40.1072	0.8230	1.1609	5.0000	20.1259	508.0460	94.9306	13.8186	24.1000	0.9300	0.9419	0.6253	-0.0008	508.0000	506.4429	1.0272	10.9840	99.7850	40.8635	0.8230	0.8248	5.0000	-9999.0000	-9999.0000	-9999.0000	-9999.0000	-9999.0000	-9999.0000	17.3760	6	0	25.0192	1.0000	99	9	-9999.0000	48134	22918	-9999	-9999	628	1280	311.9346	5	0.6132	0.6253	-0.0008	33.6001	2.1907	477.2118	577.8714	42.1759	484.8768	96.2500	472.6106	95.6250	476.7349	95.2083	479.2429	94.8148	
06/08/2017	00:17:13	011995	G523004567HLR	L523	S		440.3513	1.0400	0.0000	99.8857	40.1080	0.8230	1.1613	5.0000	20.2087	508.0382	94.9074	14.1897	24.1000	0.9300	0.9419	0.6253	-0.0008	508.0000	506.1914	1.0272	10.9946	99.7785	40.8645	0.8230	0.8251	5.0000	-9999.0000	-9999.0000	-9999.0000	-9999.0000	-9999.0000	-9999.0000	17.1667	7	0	24.7682	1.0000	99	9	-9999.0000	48135	22919	-9999	-9999	629	1282	311.7601	5	0.6132	0.6253	-0.0008	33.6001	2.1907	473.6769	585.2792	42.4306	483.7571	95.9491	470.3777	95.3009	473.5293	94.9074	477.5265	94.7454	
06/08/2017	00:17:38	011995	G523004539HLR	L523	S		427.7623	1.0400	0.0000	99.9250	40.1074	0.8230	1.1609	5.0000	20.0585	508.0647	94.9769	19.0498	24.1000	0.9300	0.9419	0.6269	-0.0009	508.0000	505.8324	1.0272	10.9907	99.8016	40.8374	0.8230	0.8251	5.0000	-9999.0000	-9999.0000	-9999.0000	-9999.0000	-9999.0000	-9999.0000	17.4964	8	0	24.8990	1.0000	99	9	-9999.0000	48136	22920	-9999	-9999	630	1284	309.4493	5	0.6131	0.6269	-0.0009	35.8344	2.0620	458.3384	588.2910	42.3843	468.0163	96.1574	453.4555	95.6019	457.9103	95.2315	461.1814	94.7917	
06/08/2017	00:18:03	011995	G523004550HLR	L523	S		436.7712	1.0400	0.0000	99.8997	40.1095	0.8230	1.1609	5.0000	19.9876	508.1352	94.9306	16.4298	24.1000	0.9300	0.9419	0.6280	-0.0010	508.0000	506.0046	1.0272	10.9977	99.7708	40.8003	0.8230	0.8239	5.0000	-9999.0000	-9999.0000	-9999.0000	-9999.0000	-9999.0000	-9999.0000	17.3287	1	0	24.8786	1.0000	99	9	-9999.0000	48137	22921	-9999	-9999	631	1286	311.0479	5	0.6135	0.6280	-0.0010	35.9726	2.0283	467.4469	607.8008	45.5324	478.3399	96.2500	463.7827	95.6713	467.1665	95.2315	469.7387	94.8380	
06/08/2017	00:18:28	011995	G523004572HLR	L523	S		440.0282	1.0400	0.0000	99.9499	40.1126	0.8230	1.1609	5.0000	20.4557	508.0598	94.9537	14.0891	24.1000	0.9300	0.9419	0.6280	-0.0010	508.0000	506.9266	1.0272	10.9637	99.7607	40.8365	0.8230	0.8239	5.0000	-9999.0000	-9999.0000	-9999.0000	-9999.0000	-9999.0000	-9999.0000	17.3580	2	0	24.9088	1.0000	99	9	-9999.0000	48138	22921	-9999	-9999	632	1288	312.1742	5	0.6135	0.6280	-0.0010	35.9726	2.0283	473.5329	606.9133	45.6250	484.4558	96.1806	468.5670	95.5787	472.9357	95.1620	475.9600	94.8148	
06/08/2017	00:18:56	011995	G523004533HLR	L523	S		449.2800	1.0400	0.0000	99.9395	40.1102	0.8230	1.1608	5.0000	20.2868	508.0420	94.9769	12.8489	24.1000	0.9300	0.9420	0.6285	-0.0010	508.0000	508.5405	1.0272	10.8959	99.7083	40.8680	0.8230	0.8248	5.0000	-9999.0000	-9999.0000	-9999.0000	-9999.0000	-9999.0000	-9999.0000	17.2672	3	0	27.9077	1.0000	99	9	-9999.0000	48139	22922	-9999	-9999	633	1290	312.8573	5	0.6138	0.6285	-0.0010	37.3692	1.9351	478.1805	584.4450	45.6481	482.9459	95.8333	472.1476	95.2546	477.7800	94.8380	482.7842	94.7222	
06/08/2017	00:19:21	011995	G523003942HLR	L523	S		451.2356	1.0400	0.0000	99.9906	40.1075	0.8230	1.1608	5.0000	20.5176	508.0536	95.0694	9.8598	24.2000	0.9300	0.9420	0.6227	-0.0006	508.0000	510.1370	1.0272	10.8288	99.8430	40.8499	0.8230	0.8252	5.0000	-9999.0000	-9999.0000	-9999.0000	-9999.0000	-9999.0000	-9999.0000	17.1886	4	0	24.8989	1.0000	99	9	-9999.0000	48139	22923	-9999	-9999	634	1291	313.4411	5	0.6139	0.6227	-0.0006	30.3022	2.4467	487.0570	583.4834	43.1250	494.9568	95.5324	483.7804	94.8380	486.4876	94.4907	489.8720	94.6065	
06/08/2017	00:19:46	011995	G523003928HLR	L523	S		444.5792	1.0400	0.0000	99.9410	40.1093	0.8230	1.1608	5.0000	20.0291	508.0280	94.9769	13.2093	24.1000	0.9300	0.9421	0.6220	-0.0005	508.0000	510.3661	1.0272	10.8192	99.7876	40.8207	0.8230	0.8249	5.0000	-9999.0000	-9999.0000	-9999.0000	-9999.0000	-9999.0000	-9999.0000	17.2387	5	0	24.9185	1.0000	99	9	-9999.0000	48140	22924	-9999	-9999	635	1293	312.3854	5	0.6140	0.6220	-0.0005	30.5218	2.4302	477.1515	523.6309	42.0833	484.8134	95.3704	474.4076	94.7454	476.9605	94.4213	481.9514	94.6296	
06/08/2017	00:20:11	011995	G523003935HLR	L523	S		441.9794	1.0400	0.0000	99.9090	40.1112	0.8230	1.1609	5.0000	20.0477	508.0949	94.9074	14.0100	24.1000	0.9300	0.9420	0.6216	-0.0005	508.0000	506.0828	1.0272	10.9992	99.8303	40.8000	0.8230	0.8236	5.0000	-9999.0000	-9999.0000	-9999.0000	-9999.0000	-9999.0000	-9999.0000	17.5483	6	0	25.6385	1.0000	99	9	-9999.0000	48141	22925	-9999	-9999	636	1295	312.3094	5	0.6139	0.6216	-0.0005	31.9483	2.3539	477.6770	539.7026	42.2222	485.4660	95.7639	473.2678	95.1620	477.1952	94.8611	480.6268	94.7685	
06/08/2017	00:20:37	011995	G523003945HLR	L523	S		437.6664	1.0400	0.0000	99.9324	40.1105	0.8230	1.1609	5.0000	20.0790	508.0747	94.9306	16.8790	24.1000	0.9300	0.9419	0.6189	-0.0003	508.0000	506.7684	1.0272	10.9704	99.8965	40.8500	0.8230	0.8242	5.0000	-9999.0000	-9999.0000	-9999.0000	-9999.0000	-9999.0000	-9999.0000	17.0153	7	0	25.3468	1.0000	99	9	-9999.0000	48142	22926	-9999	-9999	637	1297	311.4923	5	0.6142	0.6189	-0.0003	34.6930	2.1587	469.1177	559.6893	41.5278	480.0210	96.0880	465.2649	95.5556	468.6576	95.1157	471.6842	94.8148	
06/08/2017	00:21:01	011995	G523004569HLR	L523	S		441.0646	1.0400	0.0000	99.9216	40.1092	0.8230	1.1609	5.0000	20.0468	508.1305	94.9306	13.9993	24.1000	0.9300	0.9419	0.6189	-0.0003	508.0000	506.8292	1.0272	10.9678	99.7555	40.8653	0.8230	0.8249	5.0000	-9999.0000	-9999.0000	-9999.0000	-9999.0000	-9999.0000	-9999.0000	17.2231	8	0	24.6286	1.0000	99	9	-9999.0000	48143	22927	-9999	-9999	638	1298	312.2573	5	0.6142	0.6189	-0.0003	34.6930	2.1587	479.8844	619.1344	46.4120	489.4898	96.3657	476.3782	95.8333	479.7566	95.3935	482.6268	94.8380	
06/08/2017	00:21:27	011995	G523003352HLR	L523	S		458.7798	1.0400	0.0000	99.9022	40.1114	0.8230	1.1608	5.0000	20.1285	508.0671	94.9306	6.5895	24.2000	0.9300	0.9420	0.6183	-0.0003	508.0000	504.5877	1.0272	10.9408	99.8724	40.8441	0.8230	0.8252	5.0000	-9999.0000	-9999.0000	-9999.0000	-9999.0000	-9999.0000	-9999.0000	17.2791	1	0	25.7789	1.0000	99	9	-9999.0000	48144	22928	-9999	-9999	639	1300	313.2102	5	0.6140	0.6183	-0.0003	35.7371	2.1165	504.1020	658.1924	44.7454	510.5143	95.8565	501.7463	95.0926	503.8560	94.7222	504.9284	94.6991	
06/08/2017	00:21:52	011995	G523003377HLR	L523	S		443.4779	1.0400	0.0000	99.9766	40.1098	0.8230	1.1608	5.0000	20.0692	508.0580	95.0231	10.3100	24.2000	0.9300	0.9422	0.6180	-0.0002	508.0000	506.2476	1.0272	10.9922	99.8575	40.8027	0.8230	0.8243	5.0000	-9999.0000	-9999.0000	-9999.0000	-9999.0000	-9999.0000	-9999.0000	17.1287	2	0	25.1283	1.0000	99	9	-9999.0000	48145	22929	-9999	-9999	640	1301	312.7002	5	0.6145	0.6180	-0.0002	36.5912	2.0264	486.4171	567.1359	43.1481	498.5807	95.3935	483.4934	94.7222	486.2657	94.4676	489.7729	94.7222	
06/08/2017	00:22:17	011995	G523003384HLR	L523	S		451.8654	1.0400	0.0000	99.9097	40.1028	0.8230	1.1608	5.0000	20.7394	508.0650	95.1157	9.6694	24.2000	0.9300	0.9422	0.6177	-0.0002	508.0000	505.1227	1.0272	10.9623	99.7517	40.8109	0.8230	0.8236	5.0000	-9999.0000	-9999.0000	-9999.0000	-9999.0000	-9999.0000	-9999.0000	17.6488	3	0	24.8581	1.0000	99	9	-9999.0000	48146	22930	-9999	-9999	641	1303	312.8272	5	0.6146	0.6177	-0.0002	40.7444	1.7183	491.6623	540.7697	44.3287	501.4023	95.4630	487.5280	95.0000	491.2664	94.6759	494.2473	94.6528	
06/08/2017	00:22:42	011995	G523003902HLR	L523	S		450.1974	1.0400	0.0000	99.9780	40.0981	0.8230	1.1605	5.0000	22.3190	508.1497	94.9537	11.3695	24.2000	0.9300	0.9421	0.6180	-0.0002	508.0000	508.2304	1.0272	10.9089	99.7452	40.8612	0.8230	0.8243	5.0000	-9999.0000	-9999.0000	-9999.0000	-9999.0000	-9999.0000	-9999.0000	17.2506	4	0	25.0994	1.0000	99	9	-9999.0000	48147	22931	-9999	-9999	642	1304	312.8159	5	0.6147	0.6180	-0.0002	42.1078	1.6356	488.9740	538.9010	44.2593	495.9230	95.6250	482.7544	94.9769	488.7953	94.6296	491.9939	94.6991	
06/08/2017	00:23:08	011995	G523003922HLR	L523	S		448.5303	1.0400	0.0000	99.9786	40.1023	0.8230	1.1608	5.0000	20.4790	508.1289	94.9306	12.6692	24.2000	0.9300	0.9421	0.6229	-0.0005	508.0000	508.8055	1.0272	10.8848	99.7456	40.8627	0.8230	0.8251	5.0000	-9999.0000	-9999.0000	-9999.0000	-9999.0000	-9999.0000	-9999.0000	17.3869	5	0	25.7388	1.0000	99	9	-9999.0000	48148	22932	-9999	-9999	643	1306	313.0772	5	0.6151	0.6229	-0.0005	32.7273	2.2809	482.1817	553.8489	43.9120	492.6624	95.6713	478.1324	95.2083	481.9109	94.8843	484.4075	94.7917	
06/08/2017	00:23:35	011995	G523004828HLR	L523	S		443.2044	1.0400	0.0000	99.9658	40.1073	0.8230	1.1613	5.0000	19.9967	508.1215	94.9306	14.1994	24.1000	0.9300	0.9421	0.6244	-0.0006	508.0000	509.7531	1.0272	10.8450	99.9510	40.8458	0.8230	0.8250	5.0000	-9999.0000	-9999.0000	-9999.0000	-9999.0000	-9999.0000	-9999.0000	18.5684	6	0	27.5580	1.0000	99	9	-9999.0000	48149	22932	-9999	-9999	644	1307	312.7513	5	0.6151	0.6244	-0.0006	35.7468	2.0957	476.4870	552.1768	43.4259	487.0757	95.8796	472.2884	95.4167	475.9392	95.1157	478.8701	94.8380	
06/08/2017	00:24:01	011995	G523004679HLR	L523	S		444.9234	1.0400	0.0000	99.9342	40.1079	0.8230	1.1611	5.0000	20.0487	508.1295	94.9074	13.9192	24.1000	0.9300	0.9421	0.6252	-0.0007	508.0000	508.6932	1.0272	10.8895	99.7821	40.7997	0.8230	0.8240	5.0000	-9999.0000	-9999.0000	-9999.0000	-9999.0000	-9999.0000	-9999.0000	17.3481	7	0	25.6384	1.0000	99	9	-9999.0000	48150	22933	-9999	-9999	645	1309	313.0204	5	0.6156	0.6252	-0.0007	33.8567	2.2272	479.1153	598.3410	43.7037	488.0334	96.2500	472.0280	95.6944	479.4735	95.3472	481.0403	94.8380	
06/08/2017	00:24:26	011995	G523004681HLR	L523	S		448.7096	1.0400	0.0000	99.9388	40.1078	0.8230	1.1609	5.0000	19.9491	508.0914	94.9074	14.1496	24.1000	0.9300	0.9420	0.6245	-0.0006	508.0000	512.4579	1.0272	10.7313	99.7002	40.8147	0.8230	0.8236	5.0000	-9999.0000	-9999.0000	-9999.0000	-9999.0000	-9999.0000	-9999.0000	17.2119	8	0	24.7389	1.0000	99	9	-9999.0000	48151	22934	-9999	-9999	645	1311	312.8957	5	0.6158	0.6245	-0.0006	32.8968	2.2882	482.1164	582.8724	45.4861	493.1395	96.2037	478.8946	95.6481	481.5361	95.3009	484.1811	94.8380	
06/08/2017	00:24:51	011995	G523002960HLR	L523	S		443.1590	1.0400	0.0000	99.9561	40.1056	0.8230	1.1608	5.0000	20.4580	508.0672	95.0694	9.6001	24.2000	0.9300	0.9421	0.6229	-0.0005	508.0000	508.0119	1.0272	10.9181	99.7356	40.8564	0.8230	0.8244	5.0000	-9999.0000	-9999.0000	-9999.0000	-9999.0000	-9999.0000	-9999.0000	17.2682	1	0	24.8386	1.0000	99	9	-9999.0000	48152	22935	-9999	-9999	646	1313	313.8960	5	0.6157	0.6229	-0.0005	32.6352	2.3058	490.6038	598.7056	44.0509	495.9106	96.0880	486.7100	95.5556	489.9572	95.1852	493.9247	94.7917	
06/08/2017	00:25:15	011995	G523003184HLR	L523	S		437.7472	1.0400	0.0000	99.9266	40.1073	0.8230	1.1609	5.0000	20.2793	508.0361	94.9537	16.5997	24.1000	0.9300	0.9420	0.6223	-0.0005	508.0000	509.7366	1.0272	10.8457	99.8740	40.8613	0.8230	0.8251	5.0000	-9999.0000	-9999.0000	-9999.0000	-9999.0000	-9999.0000	-9999.0000	17.3192	2	0	24.7291	1.0000	99	9	-9999.0000	48153	22936	-9999	-9999	647	1315	311.8192	5	0.6158	0.6223	-0.0005	34.3704	2.1653	470.9545	554.2206	42.0602	481.5759	95.9722	466.5941	95.3009	470.7852	94.9537	473.7948	94.7454	
06/08/2017	00:25:40	011995	G523004864HLR	L523	S		450.2177	1.0400	0.0000	99.9573	40.1070	0.8230	1.1609	5.0000	20.1991	508.0121	94.9306	11.6292	24.1000	0.9300	0.9421	0.6223	-0.0005	508.0000	507.2605	1.0272	10.9497	99.6926	40.8311	0.8230	0.8250	5.0000	-9999.0000	-9999.0000	-9999.0000	-9999.0000	-9999.0000	-9999.0000	17.1151	3	0	24.8285	1.0000	99	9	-9999.0000	48154	22936	-9999	-9999	648	1317	313.1604	5	0.6158	0.6223	-0.0005	34.3704	2.1653	484.7869	627.5698	42.9630	492.7966	96.4120	480.2096	95.8102	484.2316	95.3935	487.3818	94.8380	
06/08/2017	00:26:06	011995	G523004842HLR	L523	S		451.5422	1.0400	0.0000	99.9664	40.1122	0.8230	1.1608	5.0000	20.2228	508.0428	94.9537	11.7494	24.1000	0.9300	0.9421	0.6233	-0.0006	508.0000	508.3959	1.0272	10.9020	99.7235	40.8004	0.8230	0.8239	5.0000	-9999.0000	-9999.0000	-9999.0000	-9999.0000	-9999.0000	-9999.0000	17.1589	4	0	25.9797	1.0000	99	9	-9999.0000	48155	22937	-9999	-9999	649	1319	313.0510	5	0.6156	0.6233	-0.0006	34.1219	2.1821	484.5081	580.6082	44.3056	494.4885	95.8333	483.6439	95.3241	484.4230	95.0000	486.6357	94.7685	
06/08/2017	00:26:32	011995	G523004844HLR	L523	S		449.7776	1.0400	0.0000	99.9230	40.1097	0.8230	1.1608	5.0000	19.9682	508.1007	94.9537	12.6595	24.1000	0.9300	0.9421	0.6238	-0.0007	508.0000	508.8486	1.0272	10.8830	99.8939	40.8339	0.8230	0.8239	5.0000	-9999.0000	-9999.0000	-9999.0000	-9999.0000	-9999.0000	-9999.0000	17.2890	5	0	25.7972	1.0000	99	9	-9999.0000	48156	22938	-9999	-9999	650	1321	312.8344	5	0.6157	0.6238	-0.0007	37.7353	1.9172	480.8442	549.4396	42.5000	491.0276	95.5787	475.3132	95.0231	480.4387	94.6991	482.7031	94.6991	
06/08/2017	00:26:57	011995	G523004872HLR	L523	S		452.3915	1.0400	0.0000	99.9602	40.1091	0.8230	1.1608	5.0000	20.2091	508.1090	95.0000	11.1195	24.1000	0.9300	0.9421	0.6244	-0.0007	508.0000	508.7307	1.0272	10.8879	99.7876	40.8657	0.8230	0.8247	5.0000	-9999.0000	-9999.0000	-9999.0000	-9999.0000	-9999.0000	-9999.0000	17.2280	6	0	24.6792	1.0000	99	9	-9999.0000	48157	22939	-9999	-9999	651	1323	313.3169	5	0.6155	0.6244	-0.0007	33.9307	2.2133	484.6872	568.6954	44.3750	493.3354	95.6713	482.1230	95.1620	484.4449	94.8611	488.5783	94.7685	
06/08/2017	00:27:21	011995	G523004877HLR	L523	S		451.0822	1.0400	0.0000	99.9106	40.1096	0.8230	1.1608	5.0000	20.1759	508.0607	95.0000	10.7690	24.1000	0.9300	0.9422	0.6256	-0.0008	508.0000	506.9473	1.0272	10.9628	99.7925	40.8603	0.8230	0.8252	5.0000	-9999.0000	-9999.0000	-9999.0000	-9999.0000	-9999.0000	-9999.0000	17.2887	7	0	24.6080	1.0000	99	9	-9999.0000	48158	22940	-9999	-9999	652	1325	313.6344	5	0.6157	0.6256	-0.0008	29.6089	2.4904	485.0403	523.3408	42.4769	493.6943	95.4630	480.1233	94.8843	484.7774	94.6065	487.2477	94.6759	
06/08/2017	00:27:46	011995	G523004785HLR	L523	S		450.0469	1.0400	0.0000	99.9455	40.1132	0.8230	1.1609	5.0000	19.9827	508.0935	94.9306	11.9886	24.1000	0.9300	0.9421	0.6254	-0.0008	508.0000	508.3931	1.0272	10.9021	99.8018	40.8282	0.8230	0.8249	5.0000	-9999.0000	-9999.0000	-9999.0000	-9999.0000	-9999.0000	-9999.0000	17.0815	8	0	24.7596	1.0000	99	9	-9999.0000	48159	22941	-9999	-9999	653	1327	313.2772	5	0.6159	0.6254	-0.0008	28.7971	2.5202	482.3695	534.1578	41.4120	489.9312	95.6713	477.6232	95.1852	482.1081	94.9074	485.2432	94.7685	
06/08/2017	00:28:13	011995	G523004800HLR	L523	S		454.4390	1.0400	0.0000	99.9033	40.1144	0.8230	1.1609	5.0000	20.1068	508.0613	95.0926	10.0200	24.1000	0.9300	0.9422	0.6263	-0.0008	508.0000	507.8090	1.0272	10.9266	99.7484	40.8000	0.8230	0.8238	5.0000	-9999.0000	-9999.0000	-9999.0000	-9999.0000	-9999.0000	-9999.0000	17.1890	1	0	27.2179	1.0000	99	9	-9999.0000	48160	22942	-9999	-9999	654	1329	313.9415	5	0.6158	0.6263	-0.0008	29.5971	2.4590	487.5290	528.7824	43.4491	493.4810	95.6944	485.6076	95.1620	487.2574	94.8843	491.7128	94.7917	
06/08/2017	00:28:42	011995	G523004836HLR	L523	S		450.7753	1.0400	0.0000	99.9751	40.1155	0.8230	1.1608	5.0000	20.6580	508.0153	94.9537	10.7992	24.1000	0.9300	0.9421	0.6266	-0.0009	508.0000	506.4228	1.0272	10.9849	99.7386	40.8493	0.8230	0.8240	5.0000	-9999.0000	-9999.0000	-9999.0000	-9999.0000	-9999.0000	-9999.0000	17.0885	2	0	28.4584	1.0000	99	9	-9999.0000	48161	22943	-9999	-9999	655	1331	313.4532	5	0.6158	0.6266	-0.0009	27.1433	2.6535	483.9025	526.8724	41.9907	495.0737	95.7639	480.8238	95.2546	483.2033	94.9306	487.1464	94.7222	
06/08/2017	00:29:07	011995	G523004837HLR	L523	S		451.1983	1.0400	0.0000	99.9434	40.1173	0.8230	1.1608	5.0000	20.4046	508.0643	95.0231	10.5395	24.2000	0.9300	0.9421	0.6270	-0.0009	508.0000	507.4858	1.0272	10.9402	99.8012	40.8656	0.8230	0.8246	5.0000	-9999.0000	-9999.0000	-9999.0000	-9999.0000	-9999.0000	-9999.0000	17.1836	3	0	24.8992	1.0000	99	9	-9999.0000	48162	22944	-9999	-9999	656	1333	313.6740	5	0.6160	0.6270	-0.0009	27.6364	2.6036	485.2007	559.3972	45.9259	493.8607	95.8333	481.4140	95.2778	485.0885	94.9769	487.9735	94.7685	
06/08/2017	00:29:31	011995	G523004876HLR	L523	S		450.5178	1.0400	0.0000	99.9604	40.1111	0.8230	1.1607	5.0000	20.7121	508.0581	94.9306	11.0795	24.1000	0.9300	0.9421	0.6277	-0.0010	508.0000	508.2598	1.0272	10.9077	99.7270	40.8623	0.8230	0.8249	5.0000	-9999.0000	-9999.0000	-9999.0000	-9999.0000	-9999.0000	-9999.0000	17.3235	4	0	24.7686	1.0000	99	9	-9999.0000	48163	22945	-9999	-9999	657	1335	313.4737	5	0.6157	0.6277	-0.0010	25.6434	2.7544	482.7963	546.5703	43.4259	493.5291	95.7176	479.4939	95.1852	482.5283	94.9074	487.5801	94.7454	
06/08/2017	00:29:56	011995	G523003957HLR	L523	S		450.2095	1.0400	0.0000	99.9635	40.1148	0.8230	1.1609	5.0000	20.0787	508.0544	94.9074	12.1497	24.1000	0.9300	0.9421	0.6279	-0.0010	508.0000	507.6633	1.0272	10.9328	99.8829	40.8525	0.8230	0.8252	5.0000	-9999.0000	-9999.0000	-9999.0000	-9999.0000	-9999.0000	-9999.0000	17.4488	5	0	24.8386	1.0000	99	9	-9999.0000	48163	22946	-9999	-9999	658	1337	312.9628	5	0.6158	0.6279	-0.0010	25.7782	2.7440	479.2331	530.8715	41.9444	485.1699	95.7176	474.9427	95.1852	479.0120	94.8843	483.2926	94.7917	
06/08/2017	00:30:21	011995	G523004825HLR	L523	S		451.8107	1.0400	0.0000	99.8970	40.1100	0.8230	1.1607	5.0000	20.8691	508.0474	94.9769	11.2299	24.2000	0.9300	0.9421	0.6277	-0.0010	508.0000	508.4122	1.0272	10.9013	99.7901	40.8094	0.8230	0.8244	5.0000	-9999.0000	-9999.0000	-9999.0000	-9999.0000	-9999.0000	-9999.0000	17.2282	6	0	24.7784	1.0000	99	9	-9999.0000	48164	22947	-9999	-9999	659	1338	313.4239	5	0.6158	0.6277	-0.0010	25.2568	2.7814	480.9759	536.9092	44.6991	489.3602	95.8102	478.0990	95.2315	480.6438	94.9537	485.5431	94.8380	
06/08/2017	00:30:46	011995	G523004787HLR	L523	S		449.4445	1.0400	0.0000	99.9580	40.1254	0.8230	1.1608	5.0000	20.2986	508.0403	94.9306	12.4994	24.1000	0.9300	0.9421	0.6288	-0.0010	508.0000	508.8947	1.0272	10.8810	99.8078	40.8167	0.8230	0.8237	5.0000	-9999.0000	-9999.0000	-9999.0000	-9999.0000	-9999.0000	-9999.0000	17.2284	7	0	25.2087	1.0000	99	9	-9999.0000	48165	22948	-9999	-9999	660	1340	312.8306	5	0.6160	0.6288	-0.0010	25.6442	2.7525	479.7441	544.0538	43.1944	487.4739	95.8565	474.1437	95.3009	479.0632	94.9769	484.1149	94.7917	
06/08/2017	00:31:11	011995	G523004819HLR	L523	S		449.3880	1.0400	0.0000	99.9771	40.1263	0.8230	1.1608	5.0000	20.6092	508.0787	94.9769	11.3695	24.1000	0.9300	0.9421	0.6287	-0.0010	508.0000	507.4221	1.0272	10.9429	99.7711	40.8653	0.8230	0.8244	5.0000	-9999.0000	-9999.0000	-9999.0000	-9999.0000	-9999.0000	-9999.0000	17.1689	8	0	24.8385	1.0000	99	9	-9999.0000	48166	22949	-9999	-9999	661	1342	313.4595	5	0.6161	0.6287	-0.0010	26.2116	2.7183	482.4454	555.0833	45.7176	487.7696	95.8565	478.3250	95.3472	482.2196	95.0463	485.7099	94.8148	
06/08/2017	00:31:36	011995	G523004815HLR	L523	S		451.8621	1.0400	0.0000	99.9237	40.1180	0.8230	1.1608	5.0000	20.1385	508.0704	94.9074	12.0091	24.1000	0.9300	0.9420	0.6285	-0.0010	508.0000	508.9923	1.0272	10.8769	99.7323	40.8610	0.8230	0.8251	5.0000	-9999.0000	-9999.0000	-9999.0000	-9999.0000	-9999.0000	-9999.0000	17.3052	1	0	24.8189	1.0000	99	9	-9999.0000	48167	22950	-9999	-9999	661	1343	313.1512	5	0.6163	0.6285	-0.0010	29.1030	2.4477	482.7921	523.9142	43.1944	485.9949	95.7176	474.8409	95.1389	483.0346	94.8843	484.4073	94.8148	
06/08/2017	00:32:00	011995	G523003988HLR	L523	S		460.5382	1.0400	0.0000	99.9744	40.1229	0.8230	1.1608	5.0000	20.0792	508.0657	95.0463	7.8492	24.2000	0.9300	0.9421	0.6288	-0.0011	508.0000	506.8424	1.0272	10.9673	99.8296	40.8292	0.8230	0.8250	5.0000	-9999.0000	-9999.0000	-9999.0000	-9999.0000	-9999.0000	-9999.0000	17.1988	2	0	24.6197	1.0000	99	9	-9999.0000	48168	22951	-9999	-9999	662	1345	315.3210	5	0.6163	0.6288	-0.0011	32.9529	2.1055	494.1103	502.3546	40.5556	501.3980	95.6481	489.6220	95.0463	493.5947	94.7454	497.9868	94.7685	
06/08/2017	00:32:26	011995	G523003989HLR	L523	S		452.9233	1.0400	0.0000	100.0055	40.1192	0.8230	1.1608	5.0000	20.3690	508.0785	94.9537	11.5189	24.2000	0.9300	0.9422	0.6284	-0.0010	508.0000	508.1874	1.0272	10.9107	99.8051	40.8000	0.8230	0.8239	5.0000	-9999.0000	-9999.0000	-9999.0000	-9999.0000	-9999.0000	-9999.0000	17.4086	3	0	25.1873	1.0000	99	9	-9999.0000	48169	22952	-9999	-9999	662	1346	313.3637	5	0.6165	0.6284	-0.0010	36.2028	1.8160	481.3854	481.5674	43.4722	490.8330	95.5324	476.0563	94.8843	481.4065	94.6296	484.3633	94.6991	
06/08/2017	00:32:50	011995	G523003980HLR	L523	S		451.1526	1.0400	0.0000	100.0141	40.1133	0.8230	1.1607	5.0000	20.7980	508.0963	94.9306	11.9291	24.2000	0.9300	0.9421	0.6294	-0.0011	508.0000	508.4569	1.0272	10.8994	99.7912	40.8333	0.8230	0.8239	5.0000	-9999.0000	-9999.0000	-9999.0000	-9999.0000	-9999.0000	-9999.0000	17.2292	4	0	24.7887	1.0000	99	9	-9999.0000	48170	22953	-9999	-9999	663	1348	313.2082	5	0.6165	0.6294	-0.0011	36.4887	1.7987	480.0810	523.9774	44.1204	488.3075	95.7639	476.9038	95.3009	479.6962	95.0231	482.9282	94.8380	
06/08/2017	00:33:15	011995	G523003950HLR	L523	S		449.5464	1.0400	0.0000	99.9462	40.1203	0.8230	1.1608	5.0000	20.0887	508.0530	94.9769	12.0892	24.1000	0.9300	0.9421	0.6339	-0.0015	508.0000	507.2106	1.0272	10.9518	99.7630	40.8650	0.8230	0.8248	5.0000	-9999.0000	-9999.0000	-9999.0000	-9999.0000	-9999.0000	-9999.0000	17.1676	5	0	24.7889	1.0000	99	9	-9999.0000	48171	22954	-9999	-9999	664	1349	312.8806	5	0.6168	0.6339	-0.0015	37.3374	1.7195	476.3785	524.6884	42.1528	487.5210	95.9028	473.2734	95.3935	475.9483	95.0694	480.9229	94.8611	
06/08/2017	00:33:40	011995	G523003979HLR	L523	S		451.7862	1.0400	0.0000	100.0066	40.1174	0.8230	1.1607	5.0000	20.6077	508.0171	94.9306	12.0394	24.2000	0.9300	0.9421	0.6340	-0.0015	508.0000	507.9843	1.0272	10.9193	99.7511	40.8513	0.8230	0.8252	5.0000	-9999.0000	-9999.0000	-9999.0000	-9999.0000	-9999.0000	-9999.0000	17.3093	6	0	24.7884	1.0000	99	9	-9999.0000	48172	22955	-9999	-9999	665	1351	312.8252	5	0.6171	0.6340	-0.0015	37.1519	1.7376	477.5371	538.8505	42.1065	485.8613	95.9491	473.3005	95.3241	477.3504	95.0463	480.3507	94.8380	
06/08/2017	00:34:05	011995	G523003952HLR	L523	S		456.8195	1.0400	0.0000	99.8947	40.1176	0.8230	1.1608	5.0000	20.1089	508.1001	95.0926	9.3589	24.2000	0.9300	0.9421	0.6339	-0.0015	508.0000	508.2694	1.0272	10.9073	99.7555	40.8148	0.8230	0.8246	5.0000	-9999.0000	-9999.0000	-9999.0000	-9999.0000	-9999.0000	-9999.0000	17.2183	7	0	24.8786	1.0000	99	9	-9999.0000	48173	22956	-9999	-9999	666	1353	315.0019	5	0.6171	0.6339	-0.0015	36.9061	1.7535	486.7859	517.8044	41.8981	495.1031	95.9722	482.3154	95.3009	485.9982	95.0231	491.0103	94.8611	
06/08/2017	00:34:30	011995	G523003982HLR	L523	S		449.6880	1.0400	0.0000	99.9615	40.1189	0.8230	1.1612	5.0000	20.0487	508.1076	94.9306	12.7698	24.2000	0.9300	0.9421	0.6338	-0.0015	508.0000	509.3857	1.0272	10.8604	99.8588	40.8000	0.8230	0.8235	5.0000	-9999.0000	-9999.0000	-9999.0000	-9999.0000	-9999.0000	-9999.0000	19.0991	8	0	24.7984	1.0000	99	9	-9999.0000	48174	22957	-9999	-9999	667	1355	312.4294	5	0.6172	0.6338	-0.0015	37.3761	1.7086	480.3870	483.6098	42.7778	484.3686	95.7870	473.5111	95.2315	480.2345	94.9074	482.2166	94.7917	
06/08/2017	00:34:55	011995	G523003991HLR	L523	Q		458.9152	1.0400	0.0000	99.9386	40.1243	0.8230	1.1608	5.0000	20.0463	508.0564	95.0463	8.7095	24.2000	0.9300	0.9421	0.6334	-0.0014	508.0000	508.1538	1.0272	10.9122	99.7414	40.8500	0.8230	0.8242	5.0000	-9999.0000	-9999.0000	-9999.0000	-9999.0000	-9999.0000	-9999.0000	17.1167	1	0	24.8395	1.0000	99	9	-9999.0000	48175	22958	-9999	-9999	667	1357	315.4706	5	0.6173	0.6334	-0.0014	37.8386	1.6658	491.5902	537.0209	44.0972	495.4899	95.9722	490.5965	95.4861	491.1557	95.2083	493.8467	94.8148	
06/08/2017	00:35:19	011995	G523003981HLR	L523	Q		450.5127	1.0400	0.0000	99.9419	40.1249	0.8230	1.1608	5.0000	20.0594	508.0450	94.9306	11.6693	24.2000	0.9300	0.9421	0.6332	-0.0014	508.0000	507.7166	1.0272	10.9305	99.7699	40.8693	0.8230	0.8250	5.0000	-9999.0000	-9999.0000	-9999.0000	-9999.0000	-9999.0000	-9999.0000	17.3072	2	0	24.6995	1.0000	99	9	-9999.0000	48176	22959	-9999	-9999	668	1359	313.2349	5	0.6171	0.6332	-0.0014	39.0769	1.5467	477.7473	485.0621	40.7639	484.4834	95.9954	473.0498	95.3704	477.1759	95.0000	481.8498	94.7917	
06/08/2017	00:35:44	011995	G523003951HLR	L523	S		459.4266	1.0400	0.0000	99.9753	40.1175	0.8230	1.1607	5.0000	20.6697	508.0990	95.0694	8.4995	24.2000	0.9300	0.9422	0.6333	-0.0014	508.0000	508.1548	1.0272	10.9121	99.8144	40.8426	0.8230	0.8251	5.0000	-9999.0000	-9999.0000	-9999.0000	-9999.0000	-9999.0000	-9999.0000	17.7792	3	0	24.7069	1.0000	99	9	-9999.0000	48177	22960	-9999	-9999	669	1361	315.7489	5	0.6173	0.6333	-0.0014	29.8647	2.3304	491.5064	538.4000	44.0972	497.7415	95.7639	486.3023	95.1620	490.8769	94.9074	494.0605	94.7685	
06/08/2017	00:36:09	011995	G523003994HLR	L523	S		447.0559	1.0400	0.0000	99.9916	40.1175	0.8230	1.1608	5.0000	20.6981	508.0756	94.9537	12.4397	24.2000	0.9300	0.9421	0.6345	-0.0016	508.0000	506.9666	1.0272	10.9620	99.7920	40.8043	0.8230	0.8240	5.0000	-9999.0000	-9999.0000	-9999.0000	-9999.0000	-9999.0000	-9999.0000	17.5178	4	0	24.9089	1.0000	99	9	-9999.0000	48178	22961	-9999	-9999	670	1363	312.6098	5	0.6170	0.6345	-0.0016	29.7231	2.3422	474.8165	486.3109	41.1806	483.5490	95.9028	471.0312	95.3009	474.4537	94.9306	478.5378	94.7685	
06/08/2017	00:36:34	011995	G523004575HLR	L523	S		444.2509	1.0400	0.0000	100.0011	40.1245	0.8230	1.1608	5.0000	20.1672	508.0954	94.9537	13.2190	24.1000	0.9300	0.9421	0.6341	-0.0015	508.0000	506.6835	1.0272	10.9739	99.7881	40.8333	0.8230	0.8238	5.0000	-9999.0000	-9999.0000	-9999.0000	-9999.0000	-9999.0000	-9999.0000	17.2885	5	0	24.7594	1.0000	99	9	-9999.0000	48179	22961	-9999	-9999	671	1365	311.9784	5	0.6171	0.6341	-0.0015	27.8669	2.4925	472.3141	510.4248	43.4954	478.7722	95.9491	470.1147	95.5093	471.9529	95.2315	475.5312	94.8380	
06/08/2017	00:36:58	011995	G523004566HLR	L523	S		449.3217	1.0400	0.0000	99.9021	40.1303	0.8230	1.1608	5.0000	20.0985	508.0049	94.9537	11.4593	24.1000	0.9300	0.9421	0.6340	-0.0015	508.0000	507.2143	1.0272	10.9516	99.8327	40.8720	0.8230	0.8247	5.0000	-9999.0000	-9999.0000	-9999.0000	-9999.0000	-9999.0000	-9999.0000	17.6176	6	0	24.7582	1.0000	99	9	-9999.0000	48180	22962	-9999	-9999	672	1367	313.2780	5	0.6171	0.6340	-0.0015	27.1617	2.5426	479.1906	535.9908	42.7315	486.3937	96.2731	474.4414	95.6250	478.7144	95.3241	483.0542	94.8843	
06/08/2017	00:37:23	011995	G523004546HLR	L523	S		450.4465	1.0400	0.0000	99.9283	40.1319	0.8230	1.1608	5.0000	20.1876	508.1348	94.9306	12.1693	24.1000	0.9300	0.9421	0.6342	-0.0015	508.0000	508.4831	1.0272	10.8983	99.8291	40.8697	0.8230	0.8250	5.0000	-9999.0000	-9999.0000	-9999.0000	-9999.0000	-9999.0000	-9999.0000	18.3885	7	0	24.8085	1.0000	99	9	-9999.0000	48180	22963	-9999	-9999	673	1369	312.9240	5	0.6174	0.6342	-0.0015	27.0431	2.5446	477.5938	550.6564	43.1250	482.5352	95.9722	473.4307	95.4167	477.1375	95.1157	480.9541	94.8380	
06/08/2017	00:37:48	011995	G523003965HLR	L523	S		444.4438	1.0400	0.0000	99.9263	40.1358	0.8230	1.1609	5.0000	20.0682	508.0773	94.9537	12.2991	24.1000	0.9300	0.9421	0.6340	-0.0015	508.0000	507.5940	1.0272	10.9357	99.7705	40.8194	0.8230	0.8246	5.0000	-9999.0000	-9999.0000	-9999.0000	-9999.0000	-9999.0000	-9999.0000	17.2693	8	0	24.7925	1.0000	99	9	-9999.0000	48181	22964	-9999	-9999	674	1371	312.7848	5	0.6174	0.6340	-0.0015	26.4439	2.6112	476.2262	520.1847	42.8009	485.3127	95.9722	471.2664	95.3241	475.5546	95.0231	481.3098	94.8380	
06/08/2017	00:38:13	011995	G523004561HLR	L523	S		446.5864	1.0400	0.0000	99.9368	40.1343	0.8230	1.1608	5.0000	20.3555	508.0712	94.9306	12.5188	24.1000	0.9300	0.9420	0.6330	-0.0014	508.0000	507.4140	1.0272	10.9432	99.8038	40.8167	0.8230	0.8237	5.0000	-9999.0000	-9999.0000	-9999.0000	-9999.0000	-9999.0000	-9999.0000	17.2698	1	0	24.8452	1.0000	99	9	-9999.0000	48182	22965	-9999	-9999	675	1373	312.7910	5	0.6173	0.6330	-0.0014	25.7707	2.6752	476.8979	552.3668	43.3333	483.9383	95.9722	471.3780	95.4167	476.4297	95.1389	479.6485	94.8380	
06/08/2017	00:38:38	011995	G523004574HLR	L523	S		450.1063	1.0400	0.0000	99.9729	40.1392	0.8230	1.1609	5.0000	20.1129	508.1202	94.9769	11.1000	24.1000	0.9300	0.9421	0.6327	-0.0014	508.0000	507.9976	1.0272	10.9187	99.7365	40.8661	0.8230	0.8243	5.0000	-9999.0000	-9999.0000	-9999.0000	-9999.0000	-9999.0000	-9999.0000	17.1890	2	0	24.7684	1.0000	99	9	-9999.0000	48183	22966	-9999	-9999	675	1374	313.8922	5	0.6175	0.6327	-0.0014	25.7699	2.6830	483.1507	573.6349	44.2130	488.2120	96.0185	478.2491	95.5093	482.1296	95.1620	486.9780	94.8380	
06/08/2017	00:39:03	011995	G523004564HLR	L523	S		452.9378	1.0400	0.0000	99.9303	40.1417	0.8230	1.1608	5.0000	20.2588	508.1201	95.0463	10.5697	24.1000	0.9300	0.9420	0.6329	-0.0014	508.0000	510.3320	1.0272	10.8206	99.7729	40.8736	0.8230	0.8251	5.0000	-9999.0000	-9999.0000	-9999.0000	-9999.0000	-9999.0000	-9999.0000	17.2288	3	0	25.8686	1.0000	99	9	-9999.0000	48184	22967	-9999	-9999	676	1375	314.2366	5	0.6174	0.6329	-0.0014	26.0063	2.6486	482.8141	545.0617	42.4306	492.5649	95.7176	479.0201	95.0694	482.4678	94.7917	487.0927	94.7454	
06/08/2017	00:39:28	011995	G523004552HLR	L523	S		440.5937	1.0400	0.0000	99.9287	40.1426	0.8230	1.1608	5.0000	20.1992	508.0807	95.0694	10.1293	24.1000	0.9300	0.9420	0.6326	-0.0014	508.0000	509.8165	1.0272	10.8423	99.7180	40.8311	0.8230	0.8250	5.0000	-9999.0000	-9999.0000	-9999.0000	-9999.0000	-9999.0000	-9999.0000	17.3189	4	0	24.7889	1.0000	99	9	-9999.0000	48185	22968	-9999	-9999	677	1377	314.5514	5	0.6174	0.6326	-0.0014	25.7478	2.6779	484.8671	543.4774	43.1250	492.9284	95.6944	480.3951	95.0463	484.5851	94.7917	488.0289	94.7222	
06/08/2017	00:39:53	011995	G523003974HLR	L523	S		449.8178	1.0400	0.0000	99.9514	40.1432	0.8230	1.1608	5.0000	20.1300	508.0618	94.9306	12.7191	24.1000	0.9300	0.9420	0.6322	-0.0013	508.0000	508.0737	1.0272	10.9155	99.7903	40.8054	0.8230	0.8240	5.0000	-9999.0000	-9999.0000	-9999.0000	-9999.0000	-9999.0000	-9999.0000	17.2180	5	0	24.7992	1.0000	99	9	-9999.0000	48186	22969	-9999	-9999	678	1378	312.7667	5	0.6171	0.6322	-0.0013	25.8826	2.6798	475.5569	477.4353	41.3657	483.2034	95.6944	471.2047	95.1389	475.1482	94.8380	479.3627	94.7454	
06/08/2017	00:40:18	011995	G523003941HLR	L523	S		456.3455	1.0400	0.0000	99.9436	40.1472	0.8230	1.1608	5.0000	20.0238	508.0713	95.0463	9.5600	24.1000	0.9300	0.9420	0.6316	-0.0012	508.0000	509.0491	1.0272	10.8745	99.7667	40.8400	0.8230	0.8239	5.0000	-9999.0000	-9999.0000	-9999.0000	-9999.0000	-9999.0000	-9999.0000	17.2390	6	0	24.9123	1.0000	99	9	-9999.0000	48187	22970	-9999	-9999	678	1379	314.9279	5	0.6171	0.6316	-0.0012	26.0290	2.6890	489.0560	539.3297	41.1806	494.9211	96.0880	484.0437	95.4630	488.7379	95.1852	491.9786	94.8380	
06/08/2017	00:40:43	011995	G523003925HLR	L523	S		451.3178	1.0400	0.0000	99.9116	40.1430	0.8230	1.1608	5.0000	20.4286	508.1094	94.9537	10.9095	24.1000	0.9300	0.9421	0.6314	-0.0012	508.0000	510.5526	1.0272	10.8114	99.7596	40.8766	0.8230	0.8248	5.0000	-9999.0000	-9999.0000	-9999.0000	-9999.0000	-9999.0000	-9999.0000	17.4080	7	0	24.8845	1.0000	99	9	-9999.0000	48188	22971	-9999	-9999	679	1381	314.2765	5	0.6171	0.6314	-0.0012	26.2132	2.7033	484.2972	528.1019	42.8704	490.4165	95.9259	481.0440	95.2315	484.1946	95.0000	486.7598	94.7685	
06/08/2017	00:41:08	011995	G523003934HLR	L523	S		448.6872	1.0400	0.0000	99.9492	40.1446	0.8230	1.1608	5.0000	20.1492	508.0719	94.9306	12.3284	24.1000	0.9300	0.9421	0.6313	-0.0012	508.0000	509.5736	1.0272	10.8525	99.7916	40.8538	0.8230	0.8252	5.0000	-9999.0000	-9999.0000	-9999.0000	-9999.0000	-9999.0000	-9999.0000	17.3022	8	0	24.6788	1.0000	99	9	-9999.0000	48189	22972	-9999	-9999	680	1382	313.0351	5	0.6171	0.6313	-0.0012	25.8884	2.7378	477.1589	499.2252	41.5509	486.3057	95.9259	473.2131	95.3704	476.7949	95.0926	481.0117	94.7917	
06/08/2017	00:41:34	011995	G523004568HLR	L523	S		454.5870	1.0400	0.0000	99.9315	40.1495	0.8230	1.1608	5.0000	19.9590	508.0722	95.0926	9.7495	24.1000	0.9300	0.9420	0.6312	-0.0012	508.0000	508.6749	1.0272	10.8903	99.7544	40.8223	0.8230	0.8248	5.0000	-9999.0000	-9999.0000	-9999.0000	-9999.0000	-9999.0000	-9999.0000	17.1481	1	0	26.7584	1.0000	99	9	-9999.0000	48190	22973	-9999	-9999	681	1384	314.6666	5	0.6171	0.6312	-0.0012	26.3157	2.6992	486.6496	541.7211	42.1065	492.0416	95.8333	481.5995	95.2778	486.4151	94.9769	490.1472	94.8148	
06/08/2017	00:41:59	011995	G523004547HLR	L523	S		447.5347	1.0400	0.0000	99.9372	40.1428	0.8230	1.1607	5.0000	20.3787	508.0456	94.9074	12.4495	24.1000	0.9300	0.9420	0.6303	-0.0012	508.0000	510.8147	1.0272	10.8004	99.7411	40.8109	0.8230	0.8237	5.0000	-9999.0000	-9999.0000	-9999.0000	-9999.0000	-9999.0000	-9999.0000	17.2090	2	0	24.8978	1.0000	99	9	-9999.0000	48191	22974	-9999	-9999	682	1386	312.9359	5	0.6171	0.6303	-0.0012	26.9857	2.6593	476.9454	488.0576	43.2407	485.4934	95.7407	472.4012	95.2315	476.3721	94.9074	480.2308	94.7685	
06/08/2017	00:42:24	011995	G523003910HLR	L523	S		451.4280	1.0400	0.0000	100.0105	40.1416	0.8230	1.1607	5.0000	20.5982	508.0465	94.9769	11.4193	24.1000	0.9300	0.9420	0.6290	-0.0010	508.0000	509.2283	1.0272	10.8670	99.8343	40.8466	0.8230	0.8240	5.0000	-9999.0000	-9999.0000	-9999.0000	-9999.0000	-9999.0000	-9999.0000	17.1987	3	0	24.8827	1.0000	99	9	-9999.0000	48192	22975	-9999	-9999	683	1388	313.5545	5	0.6172	0.6290	-0.0010	26.7732	2.7059	483.1401	552.9404	41.6898	491.8060	95.9954	478.4429	95.3704	482.8329	95.0926	486.6738	94.8380	
06/08/2017	00:42:50	011995	G523003911HLR	L523	S		450.2521	1.0400	0.0000	99.9757	40.1422	0.8230	1.1607	5.0000	20.4367	508.0692	94.9537	11.0893	24.1000	0.9300	0.9420	0.6250	-0.0007	508.0000	508.1552	1.0272	10.9121	100.0753	40.8752	0.8230	0.8249	5.0000	-9999.0000	-9999.0000	-9999.0000	-9999.0000	-9999.0000	-9999.0000	17.1586	4	0	25.4850	1.0000	99	9	-9999.0000	48193	22976	-9999	-9999	683	1389	313.4948	5	0.6168	0.6250	-0.0007	28.4696	2.5724	485.4052	541.3352	43.0093	496.2844	95.8333	480.5867	95.3009	484.9478	95.0000	488.0958	94.8148	
06/08/2017	00:43:14	011995	G523003912HLR	L523	S		451.2248	1.0400	0.0000	99.8907	40.1381	0.8230	1.1607	5.0000	21.1990	508.0183	94.9074	11.2396	24.1000	0.9300	0.9420	0.6273	-0.0009	508.0000	508.9630	1.0272	10.8782	99.8245	40.8516	0.8230	0.8252	5.0000	-9999.0000	-9999.0000	-9999.0000	-9999.0000	-9999.0000	-9999.0000	17.2943	5	0	24.6989	1.0000	99	9	-9999.0000	48194	22977	-9999	-9999	684	1391	313.4419	5	0.6169	0.6273	-0.0009	28.7258	2.5662	485.0998	530.4622	41.7130	492.5257	95.8102	483.0448	95.3472	484.8122	95.0463	487.2712	94.8380	
06/08/2017	00:43:43	011995	G523003930HLR	L523	S		449.6809	1.0400	0.0000	99.9072	40.1434	0.8230	1.1608	5.0000	19.9806	508.0774	94.9306	11.2894	24.1000	0.9300	0.9420	0.6256	-0.0008	508.0000	507.5077	1.0272	10.9393	99.7386	40.8144	0.8230	0.8246	5.0000	-9999.0000	-9999.0000	-9999.0000	-9999.0000	-9999.0000	-9999.0000	17.2196	6	0	28.9090	1.0000	99	9	-9999.0000	48195	22978	-9999	-9999	684	1392	313.3513	5	0.6163	0.6256	-0.0008	31.7684	2.3297	483.1663	521.0010	41.9676	490.7802	95.9028	479.3846	95.3472	482.7216	95.0694	487.9890	94.8148	
06/08/2017	00:44:11	011995	G523003931HLR	L523	S		446.8952	1.0400	0.0000	99.9501	40.1544	0.8230	1.1608	5.0000	20.0391	508.0883	94.9074	12.2298	24.1000	0.9300	0.9420	0.6263	-0.0009	508.0000	505.8465	1.0272	10.9913	99.8870	40.8167	0.8230	0.8237	5.0000	-9999.0000	-9999.0000	-9999.0000	-9999.0000	-9999.0000	-9999.0000	17.2380	7	0	28.3081	1.0000	99	9	-9999.0000	48196	22979	-9999	-9999	685	1394	312.8719	5	0.6162	0.6263	-0.0009	31.1457	2.3858	479.3102	522.4066	41.4815	485.6469	95.7639	475.5786	95.2083	478.7967	94.9306	483.0505	94.8148	
06/08/2017	00:44:36	011995	G523004765HLR	L523	S		440.7146	1.0400	0.0000	99.9961	40.1423	0.8230	1.1608	5.0000	20.7251	508.1213	94.9074	13.9095	24.1000	0.9300	0.9421	0.6278	-0.0010	508.0000	506.7850	1.0272	10.9697	99.7264	40.8333	0.8230	0.8239	5.0000	-9999.0000	-9999.0000	-9999.0000	-9999.0000	-9999.0000	-9999.0000	17.1957	8	0	24.7883	1.0000	99	9	-9999.0000	48197	22980	-9999	-9999	685	1396	311.9783	5	0.6163	0.6278	-0.0010	29.7171	2.5211	473.3819	516.2241	42.9861	477.8094	96.0417	469.0773	95.4630	472.7941	95.2083	476.1198	94.8380	
06/08/2017	00:45:02	011995	G523004774HLR	L523	S		448.3469	1.0400	0.0000	99.9653	40.1446	0.8230	1.1608	5.0000	19.9989	508.1069	94.9537	12.3489	24.1000	0.9300	0.9420	0.6277	-0.0010	508.0000	508.9533	1.0272	10.8786	99.7559	40.8500	0.8230	0.8243	5.0000	-9999.0000	-9999.0000	-9999.0000	-9999.0000	-9999.0000	-9999.0000	17.2183	1	0	26.0493	1.0000	99	9	-9999.0000	48198	22981	-9999	-9999	686	1398	312.6924	5	0.6162	0.6277	-0.0010	29.5999	2.5349	479.4101	572.4286	43.3333	486.3235	96.2963	474.9110	95.7176	478.6089	95.3935	482.0243	94.8611	
06/08/2017	00:45:27	011995	G523005093HLR	L523	S		436.6152	1.0400	0.0000	99.9263	40.1430	0.8230	1.1608	5.0000	20.5706	508.0538	94.9769	11.1498	24.1000	0.9300	0.9419	0.6278	-0.0010	508.0000	508.0283	1.0272	10.9174	99.7731	40.8697	0.8230	0.8251	5.0000	-9999.0000	-9999.0000	-9999.0000	-9999.0000	-9999.0000	-9999.0000	17.2049	2	0	24.8385	1.0000	99	9	-9999.0000	48199	22982	-9999	-9999	687	1400	313.2753	5	0.6163	0.6278	-0.0010	26.9542	2.7856	483.6303	554.4756	42.3843	487.4673	95.9954	479.3400	95.3704	483.4195	95.0694	486.2167	94.8380	
06/08/2017	00:45:52	011995	G523005090HLR	L523	S		445.9830	1.0400	0.0000	99.9215	40.1331	0.8230	1.1606	5.0000	21.6484	508.0801	94.9074	14.4699	24.1000	0.9300	0.9419	0.6269	-0.0009	508.0000	506.7149	1.0272	10.9726	99.7182	40.8423	0.8230	0.8252	5.0000	-9999.0000	-9999.0000	-9999.0000	-9999.0000	-9999.0000	-9999.0000	17.2088	3	0	24.7186	1.0000	99	9	-9999.0000	48200	22983	-9999	-9999	688	1402	311.7792	5	0.6165	0.6269	-0.0009	29.1796	2.5630	473.5284	499.7549	40.9954	482.8078	95.9491	469.5653	95.3009	473.4522	95.0231	476.0432	94.8380	
06/08/2017	00:46:19	011995	G523005092HLR	L523	S		432.0684	1.0400	0.0000	99.9055	40.1519	0.8230	1.1608	5.0000	20.0886	508.1031	94.9074	11.8792	24.1000	0.9300	0.9420	0.6253	-0.0008	508.0000	508.7025	1.0272	10.8891	99.7960	40.8051	0.8230	0.8241	5.0000	-9999.0000	-9999.0000	-9999.0000	-9999.0000	-9999.0000	-9999.0000	17.2884	4	0	26.7181	1.0000	99	9	-9999.0000	48201	22984	-9999	-9999	689	1404	313.0862	5	0.6164	0.6253	-0.0008	27.8925	2.6848	483.0412	602.2637	46.2731	491.9712	96.3194	478.1600	95.6944	482.7285	95.3704	485.3437	94.8380	
06/08/2017	00:46:43	011995	G523004758HLR	L523	S		446.7712	1.0400	0.0000	99.9655	40.1540	0.8230	1.1608	5.0000	20.0292	508.0584	94.9306	13.9094	24.1000	0.9300	0.9419	0.6259	-0.0009	508.0000	508.1224	1.0272	10.9135	99.7243	40.8333	0.8230	0.8238	5.0000	-9999.0000	-9999.0000	-9999.0000	-9999.0000	-9999.0000	-9999.0000	17.3490	5	0	24.7295	1.0000	99	9	-9999.0000	48201	22985	-9999	-9999	690	1406	312.0398	5	0.6162	0.6259	-0.0009	26.3107	2.8252	475.6915	582.9752	44.6528	484.8826	96.0185	470.5729	95.4398	475.3550	95.1157	478.4729	94.8148	
06/08/2017	00:47:09	011995	G523004769HLR	L523	S		443.0742	1.0400	0.0000	99.9240	40.1435	0.8230	1.1608	5.0000	20.1959	508.0775	95.0000	13.1692	24.1000	0.9300	0.9420	0.6268	-0.0009	508.0000	506.0287	1.0272	10.9986	99.7296	40.8661	0.8230	0.8245	5.0000	-9999.0000	-9999.0000	-9999.0000	-9999.0000	-9999.0000	-9999.0000	17.1685	6	0	25.4376	1.0000	99	9	-9999.0000	48202	22986	-9999	-9999	691	1408	312.3426	5	0.6162	0.6268	-0.0009	25.6999	2.8710	477.1556	586.0888	44.1204	486.2004	96.2500	475.4261	95.5787	476.9189	95.2546	478.6872	94.8148	
06/08/2017	00:47:34	011995	G523004750HLR	L523	S		444.0008	1.0400	0.0000	99.9407	40.1456	0.8230	1.1608	5.0000	20.1738	508.0635	94.9306	12.8489	24.1000	0.9300	0.9420	0.6247	-0.0007	508.0000	506.0802	1.0272	10.9993	99.7265	40.8704	0.8230	0.8251	5.0000	-9999.0000	-9999.0000	-9999.0000	-9999.0000	-9999.0000	-9999.0000	17.2580	7	0	24.8194	1.0000	99	9	-9999.0000	48203	22987	-9999	-9999	692	1410	312.7008	5	0.6161	0.6247	-0.0007	25.7949	2.8618	478.1462	567.5259	42.5000	487.0946	96.0417	474.3790	95.3472	477.7934	95.0231	482.1023	94.7917	
06/08/2017	00:47:58	011995	G523004772HLR	L523	S		441.8001	1.0400	0.0000	99.9866	40.1426	0.8230	1.1608	5.0000	20.4792	508.0159	94.9537	15.7999	24.1000	0.9300	0.9419	0.6238	-0.0007	508.0000	508.8353	1.0272	10.8835	99.8013	40.8362	0.8230	0.8251	5.0000	-9999.0000	-9999.0000	-9999.0000	-9999.0000	-9999.0000	-9999.0000	17.2072	8	0	24.7581	1.0000	99	9	-9999.0000	48203	22988	-9999	-9999	693	1412	311.4824	5	0.6158	0.6238	-0.0007	38.4819	1.7514	472.0581	570.0932	44.6528	482.9098	95.9491	468.8016	95.3704	471.5006	95.0463	475.6768	94.7917	
06/08/2017	00:48:24	011995	G523004742HLR	L523	S		448.7799	1.0400	0.0000	99.9209	40.1414	0.8230	1.1608	5.0000	20.1150	508.0274	94.9306	12.6888	24.1000	0.9300	0.9419	0.6238	-0.0007	508.0000	507.6766	1.0272	10.9322	99.7822	40.8061	0.8230	0.8240	5.0000	-9999.0000	-9999.0000	-9999.0000	-9999.0000	-9999.0000	-9999.0000	17.4751	1	0	25.1988	1.0000	99	9	-9999.0000	48204	22989	-9999	-9999	694	1414	312.6403	5	0.6158	0.6238	-0.0007	38.4819	1.7514	481.7227	597.4627	44.6991	491.9113	96.4120	475.3273	95.6713	480.7974	95.2315	485.3057	94.8611	
06/08/2017	00:48:48	011995	G523005268HLR	L523	S		447.8620	1.0400	0.0000	99.9450	40.1535	0.8230	1.1608	5.0000	19.9383	508.0523	94.9537	12.6995	24.1000	0.9300	0.9419	0.6236	-0.0006	508.0000	509.0200	1.0272	10.8758	99.7713	40.8451	0.8230	0.8239	5.0000	-9999.0000	-9999.0000	-9999.0000	-9999.0000	-9999.0000	-9999.0000	17.5972	2	0	24.8784	1.0000	99	9	-9999.0000	48205	22989	-9999	-9999	695	1416	312.8098	5	0.6159	0.6236	-0.0006	35.2460	2.0205	479.6595	578.3407	44.8843	489.2690	95.9954	475.1853	95.3935	479.3463	95.0231	483.1913	94.7917	
06/08/2017	00:49:13	011995	G523005257HLR	L523	S		446.5737	1.0400	0.0000	99.9452	40.1467	0.8230	1.1609	5.0000	19.9482	508.0424	94.9537	12.3187	24.1000	0.9300	0.9419	0.6230	-0.0006	508.0000	507.0531	1.0272	10.9584	99.9051	40.8765	0.8230	0.8249	5.0000	-9999.0000	-9999.0000	-9999.0000	-9999.0000	-9999.0000	-9999.0000	17.1661	3	0	24.8386	1.0000	99	9	-9999.0000	48206	22990	-9999	-9999	696	1418	313.0649	5	0.6162	0.6230	-0.0006	26.3853	2.7982	486.1392	578.1903	45.2546	491.6567	95.9028	478.8425	95.2546	485.9950	94.9074	487.6595	94.7917	
06/08/2017	00:49:38	011995	G523004739HLR	L523	S		446.2450	1.0400	0.0000	99.9370	40.1460	0.8230	1.1608	5.0000	20.3182	508.0606	94.9306	13.0589	24.1000	0.9300	0.9419	0.6242	-0.0007	508.0000	508.3194	1.0272	10.9052	99.7153	40.8559	0.8230	0.8252	5.0000	-9999.0000	-9999.0000	-9999.0000	-9999.0000	-9999.0000	-9999.0000	17.1991	4	0	25.0191	1.0000	99	9	-9999.0000	48206	22991	-9999	-9999	697	1420	312.7231	5	0.6157	0.6242	-0.0007	36.3942	1.9360	477.6630	548.7979	42.7083	487.5144	95.7870	474.1900	95.1852	477.1599	94.8611	480.2025	94.7685	
06/08/2017	00:50:03	011995	G523004738HLR	L523	S		453.3294	1.0400	0.0000	99.9631	40.1458	0.8230	1.1608	5.0000	20.0745	508.1089	95.0231	10.3188	24.1000	0.9300	0.9420	0.6244	-0.0007	508.0000	508.3320	1.0272	10.9047	99.9267	40.8219	0.8230	0.8247	5.0000	-9999.0000	-9999.0000	-9999.0000	-9999.0000	-9999.0000	-9999.0000	18.0786	5	0	24.9594	1.0000	99	9	-9999.0000	48207	22992	-9999	-9999	698	1422	313.8037	5	0.6159	0.6244	-0.0007	36.5310	1.8935	486.9901	545.0921	43.5417	494.8273	95.8565	482.3320	95.2778	486.8688	94.9537	489.0985	94.7917	
06/08/2017	00:50:28	011995	G523005228HLR	L523	S		444.7809	1.0400	0.0000	99.9470	40.1484	0.8230	1.1608	5.0000	19.9990	508.0520	94.9537	11.4193	24.1000	0.9300	0.9420	0.6251	-0.0007	508.0000	503.8068	1.0272	10.9094	99.7435	40.8167	0.8230	0.8236	5.0000	-9999.0000	-9999.0000	-9999.0000	-9999.0000	-9999.0000	-9999.0000	17.4888	6	0	24.7880	1.0000	99	9	-9999.0000	48207	22993	-9999	-9999	699	1424	313.3692	5	0.6158	0.6251	-0.0007	36.5471	1.9014	481.4546	515.2736	41.5046	494.1036	95.5324	477.6917	94.9074	481.3478	94.6065	485.0496	94.6759	
06/08/2017	00:50:53	011995	G523005253HLR	L523	S		448.2817	1.0400	0.0000	99.9866	40.1489	0.8230	1.1609	5.0000	19.9379	508.0696	94.9306	12.9095	24.1000	0.9300	0.9421	0.6258	-0.0008	508.0000	509.3413	1.0272	10.8623	99.8172	40.8667	0.8230	0.8242	5.0000	-9999.0000	-9999.0000	-9999.0000	-9999.0000	-9999.0000	-9999.0000	18.2388	7	0	24.8883	1.0000	99	9	-9999.0000	48208	22994	-9999	-9999	700	1426	312.8933	5	0.6159	0.6258	-0.0008	36.2405	1.9282	477.5783	523.7493	42.2917	487.3831	95.6481	474.8014	95.0231	477.4981	94.7454	481.9589	94.7454	
06/08/2017	00:51:18	011995	G523005236HLR	L523	S		441.2272	1.0400	0.0000	99.9960	40.1428	0.8230	1.1607	5.0000	20.6993	508.0617	94.9074	14.0989	24.0000	0.9300	0.9420	0.6272	-0.0009	508.0000	507.4035	1.0272	10.9437	99.7598	40.8682	0.8230	0.8252	5.0000	-9999.0000	-9999.0000	-9999.0000	-9999.0000	-9999.0000	-9999.0000	17.1987	8	0	25.4088	1.0000	99	9	-9999.0000	48208	22995	-9999	-9999	701	1428	312.3773	5	0.6158	0.6272	-0.0009	36.0158	1.9559	475.5372	560.4032	42.5231	486.5399	96.0417	472.1290	95.4398	474.9521	95.1389	477.5109	94.8148	
06/08/2017	00:51:44	011995	G523005234HLR	L523	S		445.3806	1.0400	0.0000	99.9724	40.1406	0.8230	1.1608	5.0000	20.4081	508.0733	94.9074	13.9700	24.0000	0.9300	0.9420	0.6258	-0.0008	508.0000	508.7742	1.0272	10.8861	99.9507	40.8510	0.8230	0.8250	5.0000	-9999.0000	-9999.0000	-9999.0000	-9999.0000	-9999.0000	-9999.0000	18.6391	1	0	25.4186	1.0000	99	9	-9999.0000	48209	22996	-9999	-9999	702	1430	312.4933	5	0.6158	0.6258	-0.0008	35.1561	2.0071	476.1192	578.6244	45.0231	485.6593	96.2731	471.2965	95.6019	475.8007	95.2546	479.1533	94.8611	
06/08/2017	00:52:09	011995	G523005242HLR	L523	S		449.0473	1.0400	0.0000	99.9273	40.1451	0.8230	1.1609	5.0000	19.9990	508.0603	94.9306	11.5492	24.1000	0.9300	0.9420	0.6264	-0.0008	508.0000	508.3739	1.0272	10.9029	99.7915	40.8079	0.8230	0.8241	5.0000	-9999.0000	-9999.0000	-9999.0000	-9999.0000	-9999.0000	-9999.0000	17.1890	2	0	24.7487	1.0000	99	9	-9999.0000	48210	22996	-9999	-9999	703	1432	313.4465	5	0.6160	0.6264	-0.0008	34.8612	2.0562	482.8430	574.8866	41.8750	492.4514	96.1111	479.4504	95.4398	482.5570	95.1157	486.1350	94.8148	
06/08/2017	00:52:33	011995	G523005262HLR	L523	S		445.6459	1.0400	0.0000	99.9455	40.1432	0.8230	1.1608	5.0000	20.5383	508.0112	94.9537	13.4397	24.1000	0.9300	0.9419	0.6259	-0.0008	508.0000	508.2039	1.0272	10.9101	99.7734	40.8333	0.8230	0.8238	5.0000	-9999.0000	-9999.0000	-9999.0000	-9999.0000	-9999.0000	-9999.0000	17.1685	3	0	24.7584	1.0000	99	9	-9999.0000	48211	22997	-9999	-9999	704	1434	312.4443	5	0.6159	0.6259	-0.0008	35.3127	2.0147	476.5929	533.7642	44.0509	484.5823	95.9491	474.8326	95.2546	476.5146	94.9769	479.6218	94.8148	
06/08/2017	00:53:02	011995	G523005210HLR	L523	S		443.8271	1.0400	0.0000	99.9656	40.1442	0.8230	1.1608	5.0000	20.2984	508.1187	94.9074	14.4494	24.1000	0.9300	0.9419	0.6265	-0.0008	508.0000	507.7183	1.0272	10.9305	99.7226	40.8757	0.8230	0.8247	5.0000	-9999.0000	-9999.0000	-9999.0000	-9999.0000	-9999.0000	-9999.0000	17.0988	4	0	28.9691	1.0000	99	9	-9999.0000	48212	22998	-9999	-9999	705	1436	312.2871	5	0.6160	0.6265	-0.0008	34.4855	2.0786	474.1979	564.3522	45.0463	482.9256	96.0880	470.7969	95.5093	474.0733	95.1620	476.8040	94.8380	
06/08/2017	00:53:28	011995	G523005179HLR	L523	S		440.9887	1.0400	0.0000	99.9846	40.1451	0.8230	1.1608	5.0000	20.4491	508.0867	94.9074	14.4094	24.1000	0.9300	0.9419	0.6276	-0.0009	508.0000	506.5221	1.0272	10.9807	99.8095	40.8671	0.8230	0.8253	5.0000	-9999.0000	-9999.0000	-9999.0000	-9999.0000	-9999.0000	-9999.0000	17.2523	5	0	25.1882	1.0000	99	9	-9999.0000	48213	22999	-9999	-9999	706	1438	312.2001	5	0.6158	0.6276	-0.0009	34.3474	2.0914	472.8188	582.4336	43.7963	481.6026	96.3426	468.5583	95.7870	472.4720	95.3935	475.4930	94.8380	
06/08/2017	00:53:52	011995	G523005207HLR	L523	S		442.5351	1.0400	0.0000	99.9479	40.1479	0.8230	1.1608	5.0000	20.2294	508.0703	94.9537	13.1594	24.1000	0.9300	0.9420	0.6271	-0.0009	508.0000	505.5437	1.0272	10.9792	99.8194	40.8666	0.8230	0.8252	5.0000	-9999.0000	-9999.0000	-9999.0000	-9999.0000	-9999.0000	-9999.0000	18.5885	6	0	24.8190	1.0000	99	9	-9999.0000	48214	22999	-9999	-9999	707	1439	312.6727	5	0.6159	0.6271	-0.0009	34.9278	2.0562	478.4340	578.0113	42.3611	484.3390	96.2269	471.6756	95.6019	477.3999	95.1852	478.5622	94.8380	
06/08/2017	00:54:17	011995	G523005199HLR	L523	S		446.6706	1.0400	0.0000	99.9647	40.1517	0.8230	1.1609	5.0000	20.0335	508.0960	94.9769	13.2395	24.1000	0.9300	0.9420	0.6294	-0.0011	508.0000	507.7612	1.0272	10.9287	99.7579	40.8111	0.8230	0.8243	5.0000	-9999.0000	-9999.0000	-9999.0000	-9999.0000	-9999.0000	-9999.0000	17.1490	7	0	24.8482	1.0000	99	9	-9999.0000	48215	23000	-9999	-9999	708	1441	312.7376	5	0.6159	0.6294	-0.0011	35.4306	2.0208	475.1253	585.8798	45.6944	486.9241	95.9259	470.8166	95.3009	475.0088	94.9537	478.2868	94.7917	
06/08/2017	00:54:43	011995	G523005198HLR	L523	S		442.5254	1.0400	0.0000	99.8870	40.1490	0.8230	1.1608	5.0000	20.0995	508.1118	94.9074	14.0295	24.1000	0.9300	0.9420	0.6282	-0.0010	508.0000	506.8229	1.0272	10.9681	99.8755	40.8333	0.8230	0.8237	5.0000	-9999.0000	-9999.0000	-9999.0000	-9999.0000	-9999.0000	-9999.0000	17.4887	8	0	25.6090	1.0000	99	9	-9999.0000	48216	23001	-9999	-9999	708	1442	312.4459	5	0.6159	0.6282	-0.0010	38.8450	1.7684	473.3350	602.3346	47.1759	483.3224	95.9259	469.6826	95.3009	472.7058	94.9537	477.0055	94.7685	
06/08/2017	00:55:08	011995	G523004717HLR	L523	S		444.1262	1.0400	0.0000	99.9776	40.1502	0.8230	1.1608	5.0000	20.0220	508.0817	94.9074	14.1399	24.1000	0.9300	0.9419	0.6269	-0.0009	508.0000	507.0666	1.0272	10.9578	99.7983	40.8795	0.8230	0.8246	5.0000	-9999.0000	-9999.0000	-9999.0000	-9999.0000	-9999.0000	-9999.0000	17.5178	1	0	24.8689	1.0000	99	9	-9999.0000	48217	23002	-9999	-9999	709	1444	312.3989	5	0.6159	0.6269	-0.0009	34.3629	2.1033	474.7775	565.0749	44.6991	483.0935	96.0185	471.7465	95.4861	474.0415	95.1852	476.5516	94.7917	
06/08/2017	00:55:33	011995	G523004727HLR	L523	S		446.2012	1.0400	0.0000	99.9759	40.1588	0.8230	1.1608	5.0000	20.4891	508.1179	94.9769	12.7796	24.1000	0.9300	0.9420	0.6267	-0.0008	508.0000	506.7541	1.0272	10.9710	99.7781	40.8689	0.8230	0.8252	5.0000	-9999.0000	-9999.0000	-9999.0000	-9999.0000	-9999.0000	-9999.0000	17.0726	2	0	25.0885	1.0000	99	9	-9999.0000	48218	23003	-9999	-9999	710	1445	313.0525	5	0.6159	0.6267	-0.0008	33.9995	2.1322	478.8920	562.3333	45.0231	486.2461	95.9491	473.9582	95.3704	478.6793	95.0000	481.1316	94.7917	
06/08/2017	00:55:58	011995	G523004697HLR	L523	S		442.7116	1.0400	0.0000	99.8986	40.1521	0.8230	1.1609	5.0000	19.8893	508.0746	94.9306	13.6184	24.1000	0.9300	0.9419	0.6223	-0.0005	508.0000	507.0280	1.0272	10.9595	99.7931	40.8388	0.8230	0.8250	5.0000	-9999.0000	-9999.0000	-9999.0000	-9999.0000	-9999.0000	-9999.0000	17.2984	3	0	24.8086	1.0000	99	9	-9999.0000	48219	23004	-9999	-9999	711	1447	312.7745	5	0.6162	0.6223	-0.0005	32.5114	2.2447	481.6054	560.4818	44.7222	485.9667	95.8796	474.1052	95.3241	480.6376	94.9306	481.9517	94.7917	
06/08/2017	00:56:24	011995	G523004689HLR	L523	S		444.4917	1.0400	0.0000	99.9661	40.1428	0.8230	1.1607	5.0000	21.1786	508.1085	94.9074	14.6389	24.1000	0.9300	0.9419	0.6236	-0.0006	508.0000	509.0945	1.0272	10.8726	99.7661	40.8097	0.8230	0.8239	5.0000	-9999.0000	-9999.0000	-9999.0000	-9999.0000	-9999.0000	-9999.0000	17.4889	4	0	26.4393	1.0000	99	9	-9999.0000	48220	23005	-9999	-9999	712	1448	312.6031	5	0.6162	0.6236	-0.0006	32.7728	2.2352	474.6519	572.9886	45.6944	484.3350	96.0880	470.8694	95.5093	474.3639	95.1389	478.0550	94.8148	
06/08/2017	00:56:49	011995	G523005215HLR	L523	S		356.5187	1.0400	0.0000	99.9408	40.1404	0.8230	1.1605	5.0000	21.7185	0.0000	0.0000	0.0000	0.0000	0.9300	0.0000	0.0000	0.0000	0.0000	449.2550	1.0272	8.7200	99.7392	40.8501	0.8230	0.8240	5.0000	-9999.0000	-9999.0000	-9999.0000	-9999.0000	-9999.0000	-9999.0000	17.0887	5	7	25.3473	1.0000	99	9	-9999.0000	48221	0	-9999	-9999	713	1450	0.0000	0	0.0000	0.0000	0.0000	0.0000	0.0000	0.0000	0.0000	0.0000	0.0000	0.0000	0.0000	0.0000	0.0000	0.0000	0.0000	0.0000	
06/08/2017	00:57:14	011995	G523004701HLR	L523	S		446.6194	1.0400	0.0000	99.9736	40.1392	0.8230	1.1608	5.0000	20.3494	508.0505	94.9537	13.3996	24.2000	0.9300	0.9422	0.6230	-0.0005	508.0000	508.4225	1.0272	10.9009	99.7224	40.8820	0.8230	0.8248	5.0000	-9999.0000	-9999.0000	-9999.0000	-9999.0000	-9999.0000	-9999.0000	17.2388	6	0	24.7791	1.0000	99	9	-9999.0000	48222	23006	-9999	-9999	714	1452	312.9937	5	0.6163	0.6230	-0.0005	33.1813	2.1916	481.8514	529.9559	43.8194	487.2753	96.0648	475.7466	95.4167	481.3788	95.1620	483.0910	94.8148	
06/08/2017	00:57:39	011995	G523004700HLR	L523	S		446.8075	1.0400	0.0000	99.9797	40.1430	0.8230	1.1608	5.0000	20.2288	508.0696	94.9769	11.9291	24.2000	0.9300	0.9422	0.6223	-0.0005	508.0000	506.8999	1.0272	10.9648	99.8567	40.8668	0.8230	0.8253	5.0000	-9999.0000	-9999.0000	-9999.0000	-9999.0000	-9999.0000	-9999.0000	17.1882	7	0	24.8191	1.0000	99	9	-9999.0000	48223	23007	-9999	-9999	715	1454	313.4302	5	0.6165	0.6223	-0.0005	32.7848	2.2274	484.5183	562.1822	43.0093	494.6357	95.8565	481.2475	95.2546	484.1308	94.9306	487.2798	94.7917	
06/08/2017	00:58:04	011995	G523004684HLR	L523	S		440.4052	1.0400	0.0000	99.9359	40.1499	0.8230	1.1609	5.0000	19.9793	508.0468	94.9306	15.0998	24.1000	0.9300	0.9420	0.6303	-0.0010	508.0000	508.6803	1.0272	10.8900	99.7431	40.8268	0.8230	0.8247	5.0000	-9999.0000	-9999.0000	-9999.0000	-9999.0000	-9999.0000	-9999.0000	17.3173	8	0	25.1679	1.0000	99	9	-9999.0000	48224	23008	-9999	-9999	716	1456	312.2213	5	0.6162	0.6303	-0.0010	36.8034	1.9256	471.2073	522.8074	43.0324	481.1606	95.5324	467.5744	95.0463	470.9318	94.6991	473.5150	94.7685	
06/08/2017	00:58:33	011995	G523004695HLR	L523	S		193.3897	1.0400	0.0000	99.9751	40.2416	0.8230	1.1609	5.0000	20.2792	0.0000	0.0000	0.0000	0.0000	0.9300	0.0000	0.0000	0.0000	0.0000	450.7566	1.0272	8.7803	99.7393	40.8167	0.8230	0.8236	5.0000	-9999.0000	-9999.0000	-9999.0000	-9999.0000	-9999.0000	-9999.0000	17.0377	1	7	28.8386	1.0000	99	9	-9999.0000	48225	0	-9999	-9999	717	1458	0.0000	0	0.0000	0.0000	0.0000	0.0000	0.0000	0.0000	0.0000	0.0000	0.0000	0.0000	0.0000	0.0000	0.0000	0.0000	0.0000	0.0000	
06/08/2017	00:58:58	011995	G523004704HLR	L523	S		452.5541	1.0400	0.0000	99.9722	40.1326	0.8230	1.1609	5.0000	20.1584	508.0421	94.9306	10.9701	24.3000	0.9300	0.9422	0.6236	-0.0006	508.0000	509.3313	1.0272	10.8627	99.7632	40.8833	0.8230	0.8244	5.0000	-9999.0000	-9999.0000	-9999.0000	-9999.0000	-9999.0000	-9999.0000	17.0591	2	0	24.8078	1.0000	99	9	-9999.0000	48226	23009	-9999	-9999	718	1460	313.6705	5	0.6159	0.6236	-0.0006	35.5309	2.0152	486.7370	535.1651	42.1065	494.4457	95.8565	486.2887	95.4630	486.6844	95.1852	489.2355	94.7917	
06/08/2017	00:59:24	011995	G523004680HLR	L523	S		442.4437	1.0400	0.0000	99.9664	40.1405	0.8230	1.1609	5.0000	20.5686	508.0109	94.9537	13.4495	24.2000	0.9300	0.9421	0.6284	-0.0009	508.0000	508.6193	1.0272	10.8926	99.8463	40.8823	0.8230	0.8244	5.0000	-9999.0000	-9999.0000	-9999.0000	-9999.0000	-9999.0000	-9999.0000	18.9879	3	0	26.5493	1.0000	99	9	-9999.0000	48227	23010	-9999	-9999	719	1462	313.0466	5	0.6161	0.6284	-0.0009	37.1755	1.8979	475.2987	472.5243	43.1713	482.2945	95.5787	470.8283	95.0926	474.8603	94.7454	477.9716	94.7222	
06/08/2017	00:59:50	011995	G523004678HLR	L523	S		440.0732	1.0400	0.0000	99.9400	40.1452	0.8230	1.1609	5.0000	19.9684	508.1107	94.9306	14.2893	24.1000	0.9300	0.9420	0.6299	-0.0010	508.0000	509.6554	1.0272	10.8491	99.7877	40.8729	0.8230	0.8252	5.0000	-9999.0000	-9999.0000	-9999.0000	-9999.0000	-9999.0000	-9999.0000	17.8146	4	0	25.2487	1.0000	99	9	-9999.0000	48228	23011	-9999	-9999	720	1464	312.7027	5	0.6160	0.6299	-0.0010	35.6592	2.0097	471.9859	563.0017	41.8056	480.7070	95.9722	466.8937	95.3009	471.3153	94.9306	474.2455	94.7685	
06/08/2017	01:00:15	011995	G523002869HLR	L523	S		438.2194	1.0400	0.0000	99.9673	40.1514	0.8230	1.1609	5.0000	20.0482	508.1068	94.9074	17.8096	24.1000	0.9300	0.9419	0.6246	-0.0006	508.0000	506.6161	1.0272	10.9768	99.7534	40.8370	0.8230	0.8250	5.0000	-9999.0000	-9999.0000	-9999.0000	-9999.0000	-9999.0000	-9999.0000	17.3082	5	0	25.0495	1.0000	99	9	-9999.0000	48229	23012	-9999	-9999	721	1466	310.8390	5	0.6161	0.6246	-0.0006	33.1387	2.1985	462.4553	546.3735	43.4491	469.6607	96.2963	458.8187	95.7176	462.0546	95.3241	465.2457	94.8380	
06/08/2017	01:00:39	011995	G523003172HLR	L523	S		446.4141	1.0400	0.0000	99.9280	40.1572	0.8230	1.1609	5.0000	19.9990	508.0592	94.9306	13.8587	24.1000	0.9300	0.9419	0.6246	-0.0006	508.0000	509.8082	1.0272	10.8427	99.7579	40.8167	0.8230	0.8237	5.0000	-9999.0000	-9999.0000	-9999.0000	-9999.0000	-9999.0000	-9999.0000	17.4791	6	0	24.8276	1.0000	99	9	-9999.0000	48230	23013	-9999	-9999	722	1468	312.9261	5	0.6161	0.6246	-0.0006	33.1387	2.1985	478.5407	604.1176	43.4259	489.5057	96.3889	473.5004	95.7407	478.2197	95.2778	479.9779	94.8148	
06/08/2017	01:01:04	011995	G523004698HLR	L523	S		438.3394	1.0400	0.0000	99.8856	40.1769	0.8230	1.1609	5.0000	20.0483	508.0261	94.9537	15.6290	24.1000	0.9300	0.9420	0.6267	-0.0008	508.0000	509.2279	1.0272	10.8670	99.7906	40.8667	0.8230	0.8242	5.0000	-9999.0000	-9999.0000	-9999.0000	-9999.0000	-9999.0000	-9999.0000	17.2389	7	0	24.7390	1.0000	99	9	-9999.0000	48231	23014	-9999	-9999	722	1469	312.1523	5	0.6160	0.6267	-0.0008	31.6943	2.3136	473.0991	568.2317	43.4722	477.8447	96.1343	465.9718	95.3472	472.7523	95.0000	473.0846	94.8148	
06/08/2017	01:01:30	011995	G523004832HLR	L523	S		445.8374	1.0400	0.0000	99.9197	40.1669	0.8230	1.1609	5.0000	20.1484	508.0242	94.9769	13.3792	24.1000	0.9300	0.9420	0.6358	-0.0014	508.0000	508.9799	1.0272	10.8775	99.7197	40.8778	0.8230	0.8251	5.0000	-9999.0000	-9999.0000	-9999.0000	-9999.0000	-9999.0000	-9999.0000	17.1057	8	0	25.6288	1.0000	99	9	-9999.0000	48232	23015	-9999	-9999	723	1471	313.2147	5	0.6160	0.6358	-0.0014	30.7264	2.3963	475.2456	589.7980	44.9769	482.5656	96.2269	471.5511	95.5556	475.3985	95.1620	477.5984	94.7917	
06/08/2017	01:01:55	011995	G523004861HLR	L523	S		448.7035	1.0400	0.0000	99.9910	40.1705	0.8230	1.1608	5.0000	20.7682	508.0266	94.9769	12.3694	24.1000	0.9300	0.9420	0.6256	-0.0007	508.0000	508.9390	1.0272	10.8792	99.7523	40.8509	0.8230	0.8252	5.0000	-9999.0000	-9999.0000	-9999.0000	-9999.0000	-9999.0000	-9999.0000	17.2786	1	0	25.5178	1.0000	99	9	-9999.0000	48232	23016	-9999	-9999	724	1472	313.4302	5	0.6159	0.6256	-0.0007	29.0705	2.5337	481.6026	572.3902	43.9583	490.9648	95.7870	477.7209	95.1852	481.1602	94.7917	482.7260	94.7222	
06/08/2017	01:02:22	011995	G523004859HLR	L523	S		449.1295	1.0400	0.0000	99.9931	40.1711	0.8230	1.1608	5.0000	20.5692	508.0565	94.9769	12.4388	24.1000	0.9300	0.9420	0.6254	-0.0007	508.0000	507.8421	1.0272	10.9253	99.9117	40.8249	0.8230	0.8243	5.0000	-9999.0000	-9999.0000	-9999.0000	-9999.0000	-9999.0000	-9999.0000	19.0387	2	0	27.1283	1.0000	99	9	-9999.0000	48233	23017	-9999	-9999	725	1474	313.3190	5	0.6157	0.6254	-0.0007	29.2617	2.5155	480.4104	550.0659	42.3611	490.7658	95.4861	476.0363	94.9537	479.8017	94.5833	483.3714	94.6528	
06/08/2017	01:02:48	011995	G523004829HLR	L523	S		444.6392	1.0400	0.0000	99.9753	40.1732	0.8230	1.1608	5.0000	20.4867	508.1024	94.9769	12.5101	24.1000	0.9300	0.9421	0.6254	-0.0007	508.0000	506.4272	1.0272	10.9847	99.9347	40.8273	0.8230	0.8232	5.0000	-9999.0000	-9999.0000	-9999.0000	-9999.0000	-9999.0000	-9999.0000	19.8490	3	0	25.6088	1.0000	99	9	-9999.0000	48234	23018	-9999	-9999	726	1476	313.2650	5	0.6154	0.6254	-0.0007	25.7011	2.7896	479.3313	535.3868	43.8426	485.9648	95.5787	474.0199	95.0000	479.0352	94.6759	481.8331	94.7222	
06/08/2017	01:03:14	011995	G523004699HLR	L523	S		443.2123	1.0400	0.0000	99.9153	40.1744	0.8230	1.1609	5.0000	20.1166	508.0642	94.9537	12.9798	24.1000	0.9300	0.9421	0.6253	-0.0007	508.0000	507.9524	1.0272	10.9206	99.7640	40.8720	0.8230	0.8243	5.0000	-9999.0000	-9999.0000	-9999.0000	-9999.0000	-9999.0000	-9999.0000	17.6880	4	0	26.0983	1.0000	99	9	-9999.0000	48235	23019	-9999	-9999	727	1478	313.0061	5	0.6153	0.6253	-0.0007	26.3368	2.7516	476.2552	500.2191	40.8796	486.2393	95.7407	473.0185	95.0463	475.8927	94.6991	480.4117	94.7222	
06/08/2017	01:03:39	011995	G523004799HLR	L523	S		442.5405	1.0400	0.0000	100.0152	40.1734	0.8230	1.1608	5.0000	20.4485	508.0812	94.9306	14.5393	24.1000	0.9300	0.9421	0.6249	-0.0007	508.0000	508.1285	1.0272	10.9132	99.7912	40.8781	0.8230	0.8251	5.0000	-9999.0000	-9999.0000	-9999.0000	-9999.0000	-9999.0000	-9999.0000	17.1978	5	0	24.9087	1.0000	99	9	-9999.0000	48236	23020	-9999	-9999	728	1480	312.4009	5	0.6153	0.6249	-0.0007	25.9198	2.7868	474.6726	544.5959	43.9815	482.2013	95.8565	473.5522	95.3241	474.2814	95.0231	476.9502	94.8148	
06/08/2017	01:04:04	011995	G523004798HLR	L523	S		437.3395	1.0400	0.0000	99.9322	40.1725	0.8230	1.1608	5.0000	20.5687	508.0959	94.9306	16.2687	24.0000	0.9300	0.9421	0.6255	-0.0007	508.0000	508.6108	1.0272	10.8930	99.7406	40.8542	0.8230	0.8253	5.0000	-9999.0000	-9999.0000	-9999.0000	-9999.0000	-9999.0000	-9999.0000	17.1279	6	0	25.3592	1.0000	99	9	-9999.0000	48237	23021	-9999	-9999	729	1482	311.7233	5	0.6153	0.6255	-0.0007	23.4916	2.9728	472.7325	593.8136	45.7407	480.0871	96.3426	465.9351	95.6713	472.9137	95.2778	473.0950	94.8380	
06/08/2017	01:04:30	011995	G523004856HLR	L523	S		443.2325	1.0400	0.0000	100.0039	40.1762	0.8230	1.1609	5.0000	20.0195	508.0687	94.9306	14.6398	24.0000	0.9300	0.9420	0.6259	-0.0008	508.0000	508.6744	1.0272	10.8903	99.7782	40.8167	0.8230	0.8245	5.0000	-9999.0000	-9999.0000	-9999.0000	-9999.0000	-9999.0000	-9999.0000	17.1977	7	0	25.1586	1.0000	99	9	-9999.0000	48238	23022	-9999	-9999	730	1484	312.3055	5	0.6154	0.6259	-0.0008	24.6233	2.9007	472.6393	612.1148	43.4259	483.2672	96.5741	469.6220	95.8333	472.4021	95.3935	475.4237	94.8148	
06/08/2017	01:04:54	011995	G523004847HLR	L523	S		437.8978	1.0400	0.0000	99.9685	40.1803	0.8230	1.1608	5.0000	20.0884	508.0780	94.9537	15.1398	24.1000	0.9300	0.9420	0.6319	-0.0012	508.0000	507.5335	1.0272	10.9382	99.7196	40.8332	0.8230	0.8237	5.0000	-9999.0000	-9999.0000	-9999.0000	-9999.0000	-9999.0000	-9999.0000	17.1087	8	0	24.7684	1.0000	99	9	-9999.0000	48239	23022	-9999	-9999	731	1486	311.6844	5	0.6153	0.6319	-0.0012	25.1752	2.8737	467.7277	590.2763	45.3704	475.1358	96.2963	463.8406	95.6481	467.1256	95.2083	469.7563	94.8148	
06/08/2017	01:05:19	011995	G523004855HLR	L523	S		444.9867	1.0400	0.0000	99.9677	40.1758	0.8230	1.1608	5.0000	20.5994	508.0640	94.9537	13.9094	24.1000	0.9300	0.9419	0.6256	-0.0008	508.0000	510.2397	1.0272	10.8245	99.7326	40.8806	0.8230	0.8246	5.0000	-9999.0000	-9999.0000	-9999.0000	-9999.0000	-9999.0000	-9999.0000	17.1552	1	0	24.8786	1.0000	99	9	-9999.0000	48240	23023	-9999	-9999	732	1488	312.5892	5	0.6154	0.6256	-0.0008	24.4966	2.9293	477.1251	552.6352	44.1435	487.2566	96.2037	473.6660	95.6250	476.7143	95.2315	479.0402	94.8148	
06/08/2017	01:05:45	011995	G523005104HLR	L523	S		451.1927	1.0400	0.0000	99.9248	40.1754	0.8230	1.1608	5.0000	20.2391	508.0592	94.9769	10.8998	24.1000	0.9300	0.9420	0.6260	-0.0008	508.0000	508.0454	1.0272	10.9167	99.7220	40.8701	0.8230	0.8253	5.0000	-9999.0000	-9999.0000	-9999.0000	-9999.0000	-9999.0000	-9999.0000	17.1688	2	0	25.3493	1.0000	99	9	-9999.0000	48240	23024	-9999	-9999	733	1490	313.7302	5	0.6152	0.6260	-0.0008	25.9112	2.8305	485.0054	575.4014	42.4074	492.2849	95.9028	481.2403	95.2083	484.5688	94.7917	488.0053	94.6991	
06/08/2017	01:06:09	011995	G523005083HLR	L523	S		437.3150	1.0400	0.0000	99.9298	40.1764	0.8230	1.1608	5.0000	20.3456	508.0618	94.9537	12.5892	24.1000	0.9300	0.9419	0.6243	-0.0007	508.0000	506.2250	1.0272	10.9932	99.7936	40.8318	0.8230	0.8249	5.0000	-9999.0000	-9999.0000	-9999.0000	-9999.0000	-9999.0000	-9999.0000	17.2076	3	0	24.8082	1.0000	99	9	-9999.0000	48241	23025	-9999	-9999	734	1492	312.9109	5	0.6149	0.6243	-0.0007	26.1459	2.7985	478.7086	519.7440	43.9120	486.6357	95.4861	475.4273	94.9769	478.7692	94.6296	482.1953	94.6759	
06/08/2017	01:06:34	011995	G523005101HLR	L523	S		443.6712	1.0400	0.0000	99.9690	40.1773	0.8230	1.1608	5.0000	20.0693	508.1075	94.9769	12.7991	24.1000	0.9300	0.9419	0.6242	-0.0007	508.0000	510.7443	1.0272	10.8033	99.7490	40.8132	0.8230	0.8238	5.0000	-9999.0000	-9999.0000	-9999.0000	-9999.0000	-9999.0000	-9999.0000	17.2612	4	0	24.7985	1.0000	99	9	-9999.0000	48241	23025	-9999	-9999	735	1494	312.8831	5	0.6149	0.6242	-0.0007	25.2639	2.8730	479.0717	537.0102	43.6343	488.3005	95.5787	475.3817	94.9769	478.8362	94.6528	481.0571	94.6991	
06/08/2017	01:06:59	011995	G523005119HLR	L523	S		453.0657	1.0400	0.0000	99.8920	40.1776	0.8230	1.1608	5.0000	20.0606	508.0494	94.9537	11.6400	24.1000	0.9300	0.9419	0.6283	-0.0010	508.0000	510.1864	1.0272	10.8268	99.8145	40.8564	0.8230	0.8241	5.0000	-9999.0000	-9999.0000	-9999.0000	-9999.0000	-9999.0000	-9999.0000	17.2288	5	0	24.9391	1.0000	99	9	-9999.0000	48242	23026	-9999	-9999	736	1496	313.5359	5	0.6147	0.6283	-0.0010	25.2908	2.8714	481.4842	503.9901	43.2870	488.2752	95.6713	476.8922	95.0231	481.2165	94.6991	484.2235	94.6991	
06/08/2017	01:07:24	011995	G523005088HLR	L523	S		453.5088	1.0400	0.0000	99.8927	40.1747	0.8230	1.1608	5.0000	20.2293	508.0220	95.1620	9.8501	24.2000	0.9300	0.9420	0.6277	-0.0009	508.0000	509.2873	1.0272	10.8645	99.7348	40.8775	0.8230	0.8250	5.0000	-9999.0000	-9999.0000	-9999.0000	-9999.0000	-9999.0000	-9999.0000	17.2180	6	0	24.7487	1.0000	99	9	-9999.0000	48242	23027	-9999	-9999	737	1498	314.2739	5	0.6149	0.6277	-0.0009	25.2619	2.8615	486.9716	483.9771	41.0417	492.1908	95.5324	482.2413	94.7917	486.4421	94.4676	490.3109	94.6759	
06/08/2017	01:07:49	011995	G523005107HLR	L523	S		451.2803	1.0400	0.0000	99.9479	40.1768	0.8230	1.1608	5.0000	20.0881	508.0761	95.0463	10.4994	24.2000	0.9300	0.9420	0.6282	-0.0009	508.0000	508.0546	1.0272	10.9163	99.7554	40.8578	0.8230	0.8253	5.0000	-9999.0000	-9999.0000	-9999.0000	-9999.0000	-9999.0000	-9999.0000	17.2196	7	0	24.8389	1.0000	99	9	-9999.0000	48243	23028	-9999	-9999	738	1500	314.1927	5	0.6152	0.6282	-0.0009	25.7031	2.8147	483.8201	491.4008	41.5278	491.5222	95.5324	479.7828	94.9537	483.4235	94.6065	487.0008	94.6991	
06/08/2017	01:08:13	011995	G523005117HLR	L523	S		450.4674	1.0400	0.0000	99.9385	40.1734	0.8230	1.1608	5.0000	20.5400	508.0587	94.9537	12.3089	24.1000	0.9300	0.9420	0.6288	-0.0010	508.0000	510.0579	1.0272	10.8322	99.7096	40.8193	0.8230	0.8245	5.0000	-9999.0000	-9999.0000	-9999.0000	-9999.0000	-9999.0000	-9999.0000	17.6092	8	0	24.7678	1.0000	99	9	-9999.0000	48243	23029	-9999	-9999	739	1502	313.2633	5	0.6151	0.6288	-0.0010	28.3661	2.6478	480.6655	474.7013	42.6389	489.5183	95.6481	478.4287	95.0926	480.3540	94.7917	484.3428	94.7454	
06/08/2017	01:08:39	011995	G523005086HLR	L523	S		455.3406	1.0400	0.0000	99.9896	40.1778	0.8230	1.1608	5.0000	20.0692	508.0679	95.0926	10.0600	24.2000	0.9300	0.9420	0.6286	-0.0010	508.0000	508.1708	1.0272	10.9114	99.7389	40.8333	0.8230	0.8237	5.0000	-9999.0000	-9999.0000	-9999.0000	-9999.0000	-9999.0000	-9999.0000	17.5385	1	0	25.7993	1.0000	99	9	-9999.0000	48244	23030	-9999	-9999	740	1504	314.4348	5	0.6152	0.6286	-0.0010	24.6550	2.8947	485.5764	498.0491	42.8472	494.4502	95.7639	482.0078	95.1852	485.4728	94.8611	489.2029	94.7917	
06/08/2017	01:09:08	011995	G523005125HLR	L523	S		451.7058	1.0400	0.0000	99.9752	40.1795	0.8230	1.1608	5.0000	20.0281	508.1049	95.0463	10.2690	24.2000	0.9300	0.9421	0.6251	-0.0007	508.0000	507.5215	1.0272	10.9387	99.8296	40.8829	0.8230	0.8247	5.0000	-9999.0000	-9999.0000	-9999.0000	-9999.0000	-9999.0000	-9999.0000	17.2183	2	0	29.0883	1.0000	99	9	-9999.0000	48244	23031	-9999	-9999	741	1506	313.8667	5	0.6154	0.6251	-0.0007	29.3262	2.5701	486.9114	494.5682	41.9213	493.6587	95.7870	484.0527	95.1157	486.8478	94.8148	489.9931	94.7454	
06/08/2017	01:09:33	011995	G523005094HLR	L523	S		456.5440	1.0400	0.0000	99.9773	40.1835	0.8230	1.1608	5.0000	19.9990	508.1055	95.1852	8.7700	24.2000	0.9300	0.9421	0.6260	-0.0008	508.0000	508.6062	1.0272	10.8932	99.7445	40.8739	0.8230	0.8252	5.0000	-9999.0000	-9999.0000	-9999.0000	-9999.0000	-9999.0000	-9999.0000	17.2790	3	0	24.7887	1.0000	99	9	-9999.0000	48245	23032	-9999	-9999	742	1508	314.6785	5	0.6156	0.6260	-0.0008	29.7294	2.5473	495.1912	512.7778	42.6389	497.4603	95.7407	487.6532	95.1620	495.1332	94.7917	497.2350	94.6991	
06/08/2017	01:09:58	011995	G523004748HLR	L523	S		455.0643	1.0400	0.0000	99.9463	40.1794	0.8230	1.1607	5.0000	20.5497	508.0675	95.1157	9.4389	24.2000	0.9300	0.9421	0.6256	-0.0008	508.0000	508.9316	1.0272	10.8795	99.7451	40.8714	0.8230	0.8253	5.0000	-9999.0000	-9999.0000	-9999.0000	-9999.0000	-9999.0000	-9999.0000	17.2294	4	0	24.8082	1.0000	99	9	-9999.0000	48246	23033	-9999	-9999	743	1510	314.1632	5	0.6155	0.6256	-0.0008	29.6226	2.5537	490.3542	489.1519	41.5509	496.9251	95.7407	485.4349	95.0231	489.5389	94.6296	493.8591	94.6991	
06/08/2017	01:10:23	011995	G523004752HLR	L523	S		451.8411	1.0400	0.0000	99.9840	40.1844	0.8230	1.1608	5.0000	20.1396	508.0458	94.9769	11.1400	24.2000	0.9300	0.9420	0.6262	-0.0008	508.0000	508.2277	1.0272	10.9091	99.7431	40.8421	0.8230	0.8250	5.0000	-9999.0000	-9999.0000	-9999.0000	-9999.0000	-9999.0000	-9999.0000	17.3786	5	0	24.7984	1.0000	99	9	-9999.0000	48247	23034	-9999	-9999	744	1512	313.5403	5	0.6157	0.6262	-0.0008	28.2883	2.6626	484.1384	471.0277	40.9028	489.8650	95.8796	479.3160	95.2083	483.9064	94.8843	487.3109	94.7685	
06/08/2017	01:10:53	011995	G523004753HLR	L523	S		451.7683	1.0400	0.0000	99.9929	40.1852	0.8230	1.1608	5.0000	20.6384	508.0338	94.9769	11.0892	24.2000	0.9300	0.9420	0.6265	-0.0008	508.0000	508.8614	1.0272	10.8824	99.7396	40.8167	0.8230	0.8238	5.0000	-9999.0000	-9999.0000	-9999.0000	-9999.0000	-9999.0000	-9999.0000	17.1987	6	0	29.6238	1.0000	99	9	-9999.0000	48248	23035	-9999	-9999	745	1513	313.5277	5	0.6157	0.6265	-0.0008	28.3762	2.6540	484.0438	476.8412	41.0880	491.1643	96.0185	480.4577	95.3704	483.3566	95.0926	487.6399	94.8380	
06/08/2017	01:11:20	011995	G523004775HLR	L523	S		453.3070	1.0400	0.0000	99.9639	40.1979	0.8230	1.1608	5.0000	20.1493	508.0541	94.9769	10.9193	24.2000	0.9300	0.9420	0.6263	-0.0008	508.0000	509.2897	1.0272	10.8644	99.7652	40.8667	0.8230	0.8243	5.0000	-9999.0000	-9999.0000	-9999.0000	-9999.0000	-9999.0000	-9999.0000	17.2754	7	0	27.5038	1.0000	99	9	-9999.0000	48249	23036	-9999	-9999	746	1514	313.5443	5	0.6158	0.6263	-0.0008	28.7845	2.6049	485.5741	498.6070	41.8519	495.8716	96.1111	482.4967	95.4398	484.9734	95.1157	488.3210	94.8148	
06/08/2017	01:11:46	011995	G523004737HLR	L523	S		452.8694	1.0400	0.0000	99.9106	40.2072	0.8230	1.1608	5.0000	19.9794	508.0544	94.9306	11.4994	24.2000	0.9300	0.9420	0.6262	-0.0009	508.0000	509.8601	1.0272	10.8405	99.7602	40.8796	0.8230	0.8246	5.0000	-9999.0000	-9999.0000	-9999.0000	-9999.0000	-9999.0000	-9999.0000	17.3210	8	0	25.8788	1.0000	99	9	-9999.0000	48250	23037	-9999	-9999	747	1516	313.2619	5	0.6160	0.6262	-0.0009	28.7590	2.6078	483.7181	526.7679	44.6528	492.5627	95.9722	480.1775	95.4167	483.4335	95.1157	485.8879	94.8148	
06/08/2017	01:12:15	011995	G523004730HLR	L523	S		454.3156	1.0400	0.0000	99.9097	40.2048	0.8230	1.1608	5.0000	20.0693	508.1101	95.0694	10.4887	24.1000	0.9300	0.9420	0.6269	-0.0009	508.0000	508.8807	1.0272	10.8816	99.7516	40.8810	0.8230	0.8249	5.0000	-9999.0000	-9999.0000	-9999.0000	-9999.0000	-9999.0000	-9999.0000	17.4296	1	0	28.9084	1.0000	99	9	-9999.0000	48251	23038	-9999	-9999	747	1518	313.7056	5	0.6163	0.6269	-0.0009	28.3997	2.6341	485.4450	539.4795	44.3981	494.4697	95.9491	481.2900	95.3935	485.2813	95.0926	489.0313	94.8148	
06/08/2017	01:12:45	011995	G523005227HLR	L523	S		450.5454	1.0400	0.0000	99.9664	40.2062	0.8230	1.1608	5.0000	20.1375	508.1282	95.0463	10.6098	24.1000	0.9300	0.9419	0.6274	-0.0010	508.0000	507.6915	1.0272	10.9316	99.7834	40.8716	0.8230	0.8254	5.0000	-9999.0000	-9999.0000	-9999.0000	-9999.0000	-9999.0000	-9999.0000	17.2885	2	0	30.4181	1.0000	99	9	-9999.0000	48252	23039	-9999	-9999	748	1520	313.6358	5	0.6164	0.6274	-0.0010	27.5774	2.7042	484.9312	523.4028	43.1713	495.4862	95.8102	483.2647	95.3241	484.7080	95.0231	488.3695	94.7685	
06/08/2017	01:13:11	011995	G523004728HLR	L523	S		454.3025	1.0400	0.0000	99.9192	40.2059	0.8230	1.1608	5.0000	20.3636	508.0701	95.1157	9.9292	24.2000	0.9300	0.9419	0.6307	-0.0013	508.0000	508.5834	1.0272	10.8941	99.7732	40.8550	0.8230	0.8253	5.0000	-9999.0000	-9999.0000	-9999.0000	-9999.0000	-9999.0000	-9999.0000	17.3817	3	0	25.4880	1.0000	99	9	-9999.0000	48253	23040	-9999	-9999	749	1522	314.0235	5	0.6165	0.6307	-0.0013	30.3409	2.4293	485.5793	484.9847	43.7269	494.9566	95.8333	481.6585	95.2778	485.1825	95.0231	488.4895	94.7917	
06/08/2017	01:13:35	011995	G523004768HLR	L523	S		451.8991	1.0400	0.0000	99.9198	40.2136	0.8230	1.1608	5.0000	20.1641	508.0828	94.9769	10.8793	24.2000	0.9300	0.9421	0.6317	-0.0014	508.0000	508.1739	1.0272	10.9113	99.8252	40.8489	0.8230	0.8252	5.0000	-9999.0000	-9999.0000	-9999.0000	-9999.0000	-9999.0000	-9999.0000	17.9224	4	0	24.7194	1.0000	99	9	-9999.0000	48253	23041	-9999	-9999	750	1524	313.2775	5	0.6166	0.6317	-0.0014	36.3258	1.8447	481.0653	491.1610	42.2454	489.0313	95.8796	476.0243	95.2315	480.6970	94.9074	484.2929	94.7685	
06/08/2017	01:14:00	011995	G523004759HLR	L523	S		450.8647	1.0400	0.0000	99.9303	40.2114	0.8230	1.1607	5.0000	20.4792	508.0734	95.0926	10.1889	24.1000	0.9300	0.9421	0.6326	-0.0015	508.0000	506.5655	1.0272	10.9789	99.7463	40.8167	0.8230	0.8239	5.0000	-9999.0000	-9999.0000	-9999.0000	-9999.0000	-9999.0000	-9999.0000	17.3387	5	0	24.8688	1.0000	99	9	-9999.0000	48253	23042	-9999	-9999	751	1526	313.6417	5	0.6166	0.6326	-0.0015	36.1924	1.8454	486.8722	497.4693	43.1713	492.8366	95.8333	479.7890	95.1157	486.7228	94.9074	488.2875	94.7917	
06/08/2017	01:14:25	011995	G523005239HLR	L523	S		451.0331	1.0400	0.0000	99.9707	40.2074	0.8230	1.1608	5.0000	20.3878	508.0504	94.9306	11.2591	24.1000	0.9300	0.9420	0.6331	-0.0015	508.0000	508.1821	1.0272	10.9110	99.7690	40.8651	0.8230	0.8241	5.0000	-9999.0000	-9999.0000	-9999.0000	-9999.0000	-9999.0000	-9999.0000	17.2186	6	0	24.7985	1.0000	99	9	-9999.0000	48254	23042	-9999	-9999	752	1528	312.8547	5	0.6165	0.6331	-0.0015	36.3848	1.8376	480.1270	493.7298	42.2685	486.5763	95.9491	475.4718	95.3704	479.7934	95.0926	483.0536	94.7917	
06/08/2017	01:14:50	011995	G523005249HLR	L523	S		456.0846	1.0400	0.0000	99.8903	40.2122	0.8230	1.1607	5.0000	20.4612	508.0192	95.1389	9.7192	24.2000	0.9300	0.9421	0.6312	-0.0014	508.0000	508.6954	1.0272	10.8894	99.7697	40.8801	0.8230	0.8251	5.0000	-9999.0000	-9999.0000	-9999.0000	-9999.0000	-9999.0000	-9999.0000	17.2594	7	0	24.7778	1.0000	99	9	-9999.0000	48255	23043	-9999	-9999	753	1530	313.9323	5	0.6169	0.6312	-0.0014	36.1116	1.8605	486.6826	493.5687	42.7546	493.7403	95.8333	482.2151	95.3472	486.1014	95.0926	490.4381	94.7685	
06/08/2017	01:15:15	011995	G523005267HLR	L523	S		454.5621	1.0400	0.0000	99.9128	40.2155	0.8230	1.1607	5.0000	20.0594	508.1007	95.1389	9.5395	24.2000	0.9300	0.9421	0.6302	-0.0013	508.0000	509.4240	1.0272	10.8588	99.7500	40.8573	0.8230	0.8252	5.0000	-9999.0000	-9999.0000	-9999.0000	-9999.0000	-9999.0000	-9999.0000	17.2682	8	0	25.6696	1.0000	99	9	-9999.0000	48255	23044	-9999	-9999	754	1532	314.1498	5	0.6170	0.6302	-0.0013	35.6472	1.9107	489.1407	484.3420	42.1991	496.3727	95.7176	484.9479	95.2083	488.9540	94.8843	491.5396	94.7685	
06/08/2017	01:15:40	011995	G523005248HLR	L523	S		454.6842	1.0400	0.0000	99.9227	40.2057	0.8230	1.1607	5.0000	20.3188	508.0545	95.0694	10.0395	24.2000	0.9300	0.9421	0.6318	-0.0014	508.0000	508.7097	1.0272	10.8888	99.7252	40.8158	0.8230	0.8242	5.0000	-9999.0000	-9999.0000	-9999.0000	-9999.0000	-9999.0000	-9999.0000	17.1820	1	0	24.7586	1.0000	99	9	-9999.0000	48256	23045	-9999	-9999	755	1534	313.9003	5	0.6171	0.6318	-0.0014	34.9787	1.9697	485.0499	460.0323	41.2731	493.8178	95.7407	479.1792	95.1852	484.6062	94.8611	488.2476	94.7685	
06/08/2017	01:16:05	011995	G523005247HLR	L523	S		448.0802	1.0400	0.0000	99.9140	40.2054	0.8230	1.1608	5.0000	20.1585	508.0462	94.9537	11.7298	24.1000	0.9300	0.9420	0.6318	-0.0014	508.0000	507.2704	1.0272	10.9493	99.7545	40.8333	0.8230	0.8238	5.0000	-9999.0000	-9999.0000	-9999.0000	-9999.0000	-9999.0000	-9999.0000	17.4683	2	0	24.9087	1.0000	99	9	-9999.0000	48257	23046	-9999	-9999	756	1536	312.6257	5	0.6169	0.6318	-0.0014	34.9045	1.9702	478.9378	508.2527	43.5648	486.4919	95.9722	473.6719	95.4630	477.9581	95.1620	482.5081	94.7917	
06/08/2017	01:16:30	011995	G523005187HLR	L523	S		449.9254	1.0400	0.0000	100.0020	40.2023	0.8230	1.1607	5.0000	20.6286	508.0674	94.9537	11.7494	24.1000	0.9300	0.9420	0.6297	-0.0012	508.0000	507.8271	1.0272	10.9259	99.8333	40.8833	0.8230	0.8244	5.0000	-9999.0000	-9999.0000	-9999.0000	-9999.0000	-9999.0000	-9999.0000	18.6293	3	0	25.0282	1.0000	99	9	-9999.0000	48258	23047	-9999	-9999	757	1538	312.7232	5	0.6171	0.6297	-0.0012	34.6167	1.9842	480.9849	492.1167	41.0185	485.6093	96.0185	480.0851	95.5093	480.9103	95.3009	483.9403	94.8380	
06/08/2017	01:16:55	011995	G523005266HLR	L523	S		445.2652	1.0400	0.0000	99.8991	40.2045	0.8230	1.1608	5.0000	20.1397	508.1099	94.9537	11.6488	24.1000	0.9300	0.9419	0.6276	-0.0010	508.0000	508.2822	1.0272	10.9068	99.7471	40.8742	0.8230	0.8253	5.0000	-9999.0000	-9999.0000	-9999.0000	-9999.0000	-9999.0000	-9999.0000	17.5581	4	0	24.6895	1.0000	99	9	-9999.0000	48259	23048	-9999	-9999	758	1540	312.8527	5	0.6170	0.6276	-0.0010	36.6879	1.8027	480.8510	516.0805	44.0046	490.1825	95.9028	476.2963	95.3472	480.2142	95.0694	484.4817	94.8611	
06/08/2017	01:17:20	011995	G523005246HLR	L523	S		449.2288	1.0400	0.0000	99.9502	40.2051	0.8230	1.1608	5.0000	20.0013	508.0583	94.9537	11.5394	24.1000	0.9300	0.9420	0.6270	-0.0010	508.0000	508.0493	1.0272	10.9165	99.7640	40.8250	0.8230	0.8246	5.0000	-9999.0000	-9999.0000	-9999.0000	-9999.0000	-9999.0000	-9999.0000	17.2182	5	0	24.8188	1.0000	99	9	-9999.0000	48260	23049	-9999	-9999	759	1541	312.7866	5	0.6169	0.6270	-0.0010	35.9568	1.8613	484.3520	511.5695	42.5463	490.6729	95.8333	485.7591	95.4167	484.0698	95.1389	487.1976	94.8380	
06/08/2017	01:17:44	011995	G523005260HLR	L523	S		449.9953	1.0400	0.0000	99.9542	40.2015	0.8230	1.1607	5.0000	20.2986	508.0832	94.9306	12.4593	24.1000	0.9300	0.9419	0.6243	-0.0007	508.0000	507.5458	1.0272	10.9377	99.7794	40.8305	0.8230	0.8237	5.0000	-9999.0000	-9999.0000	-9999.0000	-9999.0000	-9999.0000	-9999.0000	17.1912	6	0	24.7979	1.0000	99	9	-9999.0000	48261	23050	-9999	-9999	760	1543	312.7805	5	0.6167	0.6243	-0.0007	34.4519	2.0138	480.6574	478.3342	42.3611	486.6286	95.8565	476.6437	95.2778	480.2917	95.0000	483.3488	94.8380	
06/08/2017	01:18:09	011995	G523005250HLR	L523	S		456.5994	1.0400	0.0000	99.9627	40.2001	0.8230	1.1610	5.0000	19.9582	508.0673	95.1157	9.0698	24.1000	0.9300	0.9420	0.6248	-0.0008	508.0000	507.9998	1.0272	10.9186	99.8313	40.8720	0.8230	0.8245	5.0000	-9999.0000	-9999.0000	-9999.0000	-9999.0000	-9999.0000	-9999.0000	17.1079	7	0	25.0789	1.0000	99	9	-9999.0000	48262	23051	-9999	-9999	760	1544	313.9487	5	0.6166	0.6248	-0.0008	33.4918	2.0967	491.0614	531.2409	43.0324	501.6645	95.8333	486.4788	95.3241	490.3302	95.0694	494.2492	94.8380	
06/08/2017	01:18:34	011995	G523005181HLR	L523	S		452.1883	1.0400	0.0000	99.9185	40.2010	0.8230	1.1608	5.0000	20.0085	508.0816	94.9769	11.0395	24.1000	0.9300	0.9420	0.6247	-0.0008	508.0000	507.5265	1.0272	10.9385	99.7852	40.8781	0.8230	0.8252	5.0000	-9999.0000	-9999.0000	-9999.0000	-9999.0000	-9999.0000	-9999.0000	17.2423	8	0	24.8579	1.0000	99	9	-9999.0000	48263	23052	-9999	-9999	761	1545	313.1344	5	0.6165	0.6247	-0.0008	33.2181	2.1279	484.3733	500.9831	42.2454	494.5455	95.6944	480.4802	95.1620	484.0149	94.8380	487.4570	94.7454	
