Data	Timp	Nr. masina	Nr. de serie	Tip	Productie	Comentariu	Pre-masurare Q [ml/min]	Pre-masurare Gain	Pre-masurare Offset Master	Pre-masurare P [bar]	Pre-masurare T [°C]	Pre-masurare Densitate fixa [kg/l]	Pre-masurare densitate masurata [kg/l]	Pre-masurare Timp masurare [s]	Pre-masurare Cycle time [s]	rectificare Q Oprire [ml/min]	rectificare P Oprire [bar]	rectificare Timp rectificare [s]	rectificare T [°C]	rectificare Densitate fixa [kg/l]	rectificare densitate masurata [kg/l]	rectificare Factor de masurare la rectificare	rectificare Factor de corectie a debitului	rectificare Target rectificare	Masurare Q [ml/min]	Masurare Gain	Masurare Offset Master	Masurare P [bar]	Masurare T [°C]	Masurare Densitate fixa [kg/l]	Masurare densitate masurata [kg/l]	Masurare Timp masurare [s]	Masurare Q [ml/min]	Masurare Delta Q [ml/min]	Masurare P [bar]	Masurare BP [bar]	Masurare T [°C]	Masurare Timp masurare [s]	Masurare Cycle time [s]	Nest Nr.	Cod de descarcare	Cycle time [s]	Traceability aktiv	EDM Maschine Nr	EDM Spindle Nr	Honing Rate [r	Station Counter Premeasure	Station Counter Grind	Station Counter Blowout 1	Station Counter Wash	Station Counter Measure	Station Counter Blowout 2	RealGrindQStop	Reg Type	Factor 0	Factor 1	Factor 2	Factor 3	Factor 4	G_StartQV	G_StartQV_1	G_StartQV_2	G_StartQV_3	G_StartQV_4	G_StartQV_5	
25/08/2017	00:00:04	011995	H421114300HLR	L421	S		706.0618	1.0400	0.0000	99.7013	39.9438	0.8230	1.1605	5.0000	28.0689	815.0718	94.7917	21.9187	25.4000	0.9300	0.9276	0.7381	-0.0008	815.0000	815.9132	1.0272	-5.3676	99.9601	40.6035	0.8230	0.8245	5.0000	-9999.0000	-9999.0000	-9999.0000	-9999.0000	-9999.0000	-9999.0000	18.5593	2	0	33.7655	1.0000	13	3	-9999.0000	25646	53003	-9999	-9999	1412	2783	586.6972	5	0.7164	0.7381	-0.0008	90.7144	0.9044	731.7201	539.9261	48.5185	714.1172	95.0000	731.0413	95.0463	736.0720	94.6296	742.5782	94.7685	
25/08/2017	00:00:36	011995	H421114310HLR	L421	S		706.5222	1.0400	0.0000	99.8864	39.9532	0.8230	1.1606	5.0000	27.3782	815.0925	94.7917	24.0983	25.4000	0.9300	0.9276	0.7349	-0.0007	815.0000	815.7244	1.0272	-5.3685	99.9732	40.6612	0.8230	0.8265	5.0000	-9999.0000	-9999.0000	-9999.0000	-9999.0000	-9999.0000	-9999.0000	17.2488	3	0	32.1779	1.0000	13	3	-9999.0000	25647	53004	-9999	-9999	1413	2785	585.9698	5	0.7163	0.7349	-0.0007	84.9025	1.1242	723.2080	539.7963	48.4491	708.2940	95.0926	722.2126	95.1157	728.5374	94.6296	733.8962	94.7685	
25/08/2017	00:01:13	011995	H421114319HLR	L421	S		704.0060	1.0400	0.0000	99.7745	39.9464	0.8230	1.1605	5.0000	28.9777	815.0837	94.7917	26.9780	25.4000	0.9300	0.9276	0.7404	-0.0009	815.0000	815.5275	1.0272	-5.3694	99.8427	40.6879	0.8230	0.8266	5.0000	-9999.0000	-9999.0000	-9999.0000	-9999.0000	-9999.0000	-9999.0000	17.2779	4	0	37.3279	1.0000	13	3	-9999.0000	25648	53005	-9999	-9999	1414	2787	584.1564	5	0.7165	0.7404	-0.0009	88.0205	1.0151	722.4508	541.0455	47.5463	708.2515	94.8148	721.4083	95.0231	727.1238	94.6296	732.7852	94.7685	
25/08/2017	00:01:50	011995	H421114317HLR	L421	S		701.3068	1.0400	0.0000	100.0864	39.9635	0.8230	1.1606	5.0000	27.8026	815.0992	94.7685	28.4487	25.3000	0.9300	0.9275	0.7325	-0.0006	815.0000	814.9850	1.0272	-5.3720	99.7312	40.6911	0.8230	0.8266	5.0000	-9999.0000	-9999.0000	-9999.0000	-9999.0000	-9999.0000	-9999.0000	17.1779	5	0	37.0589	1.0000	13	3	-9999.0000	25649	53006	-9999	-9999	1415	2789	583.0667	5	0.7167	0.7325	-0.0006	85.9102	1.0898	711.6432	546.3559	45.6481	698.2813	94.8611	711.1204	94.9769	716.1619	94.6296	722.1679	94.7917	
25/08/2017	00:02:27	011995	H421107217HLR	L421	S		711.1181	1.0400	0.0000	100.2009	39.9667	0.8230	1.1606	5.0000	27.6698	815.0911	94.7917	22.7390	25.3000	0.9300	0.9276	0.7326	-0.0006	815.0000	817.0708	1.0272	-5.3621	99.9378	40.6851	0.8230	0.8257	5.0000	-9999.0000	-9999.0000	-9999.0000	-9999.0000	-9999.0000	-9999.0000	17.4379	6	0	37.1188	1.0000	13	3	-9999.0000	25650	53007	-9999	-9999	1416	2791	586.0919	5	0.7169	0.7326	-0.0006	80.0985	1.2921	731.8951	542.3156	47.5000	716.3454	94.6065	730.9591	94.9306	737.6819	94.6296	743.1175	94.7685	
25/08/2017	00:03:02	011995	H421114287HLR	L421	S		708.7333	1.0400	0.0000	100.2298	39.9667	0.8230	1.1606	5.0000	28.2385	815.0431	94.9074	21.0692	25.4000	0.9300	0.9276	0.7326	-0.0006	815.0000	815.6297	1.0272	-5.3689	100.0553	40.6509	0.8230	0.8248	5.0000	-9999.0000	-9999.0000	-9999.0000	-9999.0000	-9999.0000	-9999.0000	17.2109	7	0	35.0370	1.0000	13	3	-9999.0000	25651	53008	-9999	-9999	1417	2793	586.8833	5	0.7169	0.7326	-0.0006	80.5750	1.2588	735.7249	548.7613	47.7546	719.8764	94.9537	734.7924	95.1852	740.8461	94.6296	746.3917	94.7454	
25/08/2017	00:03:36	011995	H421107234HLR	L421	S		701.2969	1.0400	0.0000	99.8234	39.9749	0.8230	1.1606	5.0000	26.5113	815.0676	94.9306	26.2789	25.3000	0.9300	0.9276	0.7333	-0.0006	815.0000	814.5482	1.0272	-5.3741	99.9434	40.6144	0.8230	0.8246	5.0000	-9999.0000	-9999.0000	-9999.0000	-9999.0000	-9999.0000	-9999.0000	17.3389	8	0	33.5881	1.0000	13	3	-9999.0000	25652	53009	-9999	-9999	1418	2795	584.3694	5	0.7168	0.7333	-0.0006	86.4439	1.0159	722.2276	529.9628	46.8056	707.1771	94.8843	721.6567	95.2315	727.6979	94.6759	732.0415	94.6759	
25/08/2017	00:04:11	011995	H421107258HLR	L421	S		704.7110	1.0400	0.0000	100.1725	39.9807	0.8230	1.1606	5.0000	27.0982	815.0455	94.7222	26.0787	25.3000	0.9300	0.9276	0.7308	-0.0005	815.0000	814.7983	1.0272	-5.3729	99.9892	40.6167	0.8230	0.8254	5.0000	-9999.0000	-9999.0000	-9999.0000	-9999.0000	-9999.0000	-9999.0000	17.3483	1	0	35.0479	1.0000	13	3	-9999.0000	25653	53010	-9999	-9999	1419	2797	584.3792	5	0.7168	0.7308	-0.0005	78.4838	1.2998	722.3195	540.2889	46.0880	708.2804	94.7685	721.6419	95.0463	727.5704	94.6065	734.1259	94.7685	
25/08/2017	00:04:45	011995	H421114318HLR	L421	S		704.1396	1.0400	0.0000	99.9830	39.9772	0.8230	1.1606	5.0000	27.7178	815.0771	94.6528	26.1177	25.3000	0.9300	0.9276	0.7309	-0.0005	815.0000	816.1283	1.0272	-5.3666	99.8483	40.6321	0.8230	0.8257	5.0000	-9999.0000	-9999.0000	-9999.0000	-9999.0000	-9999.0000	-9999.0000	17.6783	2	0	33.7785	1.0000	13	3	-9999.0000	25654	53011	-9999	-9999	1420	2799	584.2666	5	0.7170	0.7309	-0.0005	80.6426	1.2145	724.7880	531.3942	44.7454	710.7860	94.7454	723.9045	95.0694	730.2317	94.6296	734.4680	94.7454	
25/08/2017	00:05:20	011995	H421107241HLR	L421	S		709.0679	1.0400	0.0000	99.9273	39.9769	0.8230	1.1606	5.0000	27.3800	815.1015	94.7454	24.0886	25.3000	0.9300	0.9276	0.7301	-0.0005	815.0000	817.0905	1.0272	-5.3620	100.0363	40.6579	0.8230	0.8265	5.0000	-9999.0000	-9999.0000	-9999.0000	-9999.0000	-9999.0000	-9999.0000	17.3494	3	0	34.6680	1.0000	13	3	-9999.0000	25655	53012	-9999	-9999	1421	2801	585.2188	5	0.7173	0.7301	-0.0005	81.2630	1.1884	731.5378	560.2385	45.7407	717.1394	94.6065	730.7781	94.8843	736.7343	94.6065	741.7020	94.7685	
25/08/2017	00:05:55	011995	H421107251HLR	L421	S		708.4678	1.0400	0.0000	99.7998	39.9733	0.8230	1.1605	5.0000	27.7575	815.0660	94.7685	22.6189	25.3000	0.9300	0.9276	0.7297	-0.0005	815.0000	814.9333	1.0272	-5.3722	99.9029	40.6723	0.8230	0.8265	5.0000	-9999.0000	-9999.0000	-9999.0000	-9999.0000	-9999.0000	-9999.0000	17.5080	4	0	35.7774	1.0000	13	3	-9999.0000	25656	53013	-9999	-9999	1422	2803	585.8643	5	0.7175	0.7297	-0.0005	85.3596	1.0021	733.8321	545.1709	48.4028	719.2824	94.9769	732.8640	95.1157	739.4974	94.6065	744.7922	94.7454	
25/08/2017	00:06:34	011995	H421107237HLR	L421	S		707.9114	1.0400	0.0000	99.7382	39.9813	0.8230	1.1606	5.0000	27.0578	815.0456	94.7454	24.0085	25.3000	0.9300	0.9276	0.7303	-0.0005	815.0000	816.7889	1.0272	-5.3634	99.9255	40.6856	0.8230	0.8264	5.0000	-9999.0000	-9999.0000	-9999.0000	-9999.0000	-9999.0000	-9999.0000	17.4488	5	0	38.5584	1.0000	13	3	-9999.0000	25657	53014	-9999	-9999	1423	2805	585.3711	5	0.7174	0.7303	-0.0005	87.9119	0.8936	731.8877	563.0062	49.6759	718.2964	95.1389	731.0823	95.1389	736.2937	94.6296	741.4684	94.7454	
25/08/2017	00:07:09	011995	H421107261HLR	L421	S		708.8529	1.0400	0.0000	99.8987	39.9792	0.8230	1.1606	5.0000	27.2179	815.0462	94.6991	22.7585	25.3000	0.9300	0.9276	0.7297	-0.0005	815.0000	814.7965	1.0272	-5.3729	99.9181	40.6773	0.8230	0.8253	5.0000	-9999.0000	-9999.0000	-9999.0000	-9999.0000	-9999.0000	-9999.0000	17.7982	6	0	34.7979	1.0000	13	3	-9999.0000	25658	53015	-9999	-9999	1424	2807	585.7421	5	0.7173	0.7297	-0.0005	87.0314	0.9271	733.7040	571.3518	47.5463	721.3741	95.0463	732.5457	95.2083	739.5670	94.6528	743.9804	94.6991	
25/08/2017	00:07:45	011995	H421107227HLR	L421	S		711.2837	1.0400	0.0000	99.9959	39.9783	0.8230	1.1606	5.0000	27.5684	815.0811	94.7454	23.6989	25.3000	0.9300	0.9276	0.7300	-0.0005	815.0000	817.4530	1.0272	-5.3603	99.7603	40.6369	0.8230	0.8246	5.0000	-9999.0000	-9999.0000	-9999.0000	-9999.0000	-9999.0000	-9999.0000	17.2334	7	0	36.1280	1.0000	13	3	-9999.0000	25659	53016	-9999	-9999	1425	2809	585.2168	5	0.7173	0.7300	-0.0005	81.1417	1.1460	737.4575	548.5318	48.3796	722.2413	94.7685	736.5278	95.0231	743.1037	94.6065	748.3280	94.7222	
25/08/2017	00:08:21	011995	H421107255HLR	L421	S		706.8835	1.0400	0.0000	99.9056	39.9757	0.8230	1.1606	5.0000	27.5882	815.0816	94.8611	24.7692	25.3000	0.9300	0.9276	0.7283	-0.0005	815.0000	814.7445	1.0272	-5.3731	99.7108	40.6167	0.8230	0.8247	5.0000	-9999.0000	-9999.0000	-9999.0000	-9999.0000	-9999.0000	-9999.0000	17.1482	8	0	36.2480	1.0000	13	3	-9999.0000	25660	53017	-9999	-9999	1426	2811	584.8227	5	0.7171	0.7283	-0.0005	80.5084	1.1681	728.8281	543.1827	45.8102	715.3062	94.6528	728.1490	94.8843	734.1301	94.6296	739.7953	94.7917	
25/08/2017	00:09:01	011995	H421107114HLR	L421	S		705.9223	1.0400	0.0000	100.1368	39.9720	0.8230	1.1606	5.0000	28.0882	815.0778	94.6759	27.5786	25.3000	0.9300	0.9276	0.7295	-0.0005	815.0000	815.7187	1.0272	-5.3685	99.8692	40.6198	0.8230	0.8255	5.0000	-9999.0000	-9999.0000	-9999.0000	-9999.0000	-9999.0000	-9999.0000	17.2889	1	0	40.2176	1.0000	13	3	-9999.0000	25661	53018	-9999	-9999	1427	2813	583.5468	5	0.7174	0.7295	-0.0005	77.3932	1.2911	726.0313	546.7263	48.1944	714.2275	94.6991	725.1206	95.0231	730.9265	94.6759	735.0061	94.7222	
25/08/2017	00:09:39	011995	H421107021HLR	L421	S		706.9475	1.0400	0.0000	100.0952	39.9837	0.8230	1.1606	5.0000	26.8477	815.0423	94.7685	23.7692	25.4000	0.9300	0.9276	0.7291	-0.0005	815.0000	815.7371	1.0272	-5.3684	99.8680	40.6543	0.8230	0.8262	5.0000	-9999.0000	-9999.0000	-9999.0000	-9999.0000	-9999.0000	-9999.0000	17.7085	2	0	37.9883	1.0000	13	3	-9999.0000	25662	53019	-9999	-9999	1427	2815	585.0241	5	0.7174	0.7291	-0.0005	67.1767	1.7067	731.8451	549.3445	49.0046	715.8980	94.7454	730.8738	94.9306	738.5221	94.6296	742.5974	94.7454	
25/08/2017	00:10:14	011995	H421107231HLR	L421	S		707.8258	1.0400	0.0000	99.6940	39.9829	0.8230	1.1606	5.0000	26.3523	815.0532	94.9074	25.1188	25.4000	0.9300	0.9276	0.7305	-0.0005	815.0000	815.7423	1.0272	-5.3684	100.0703	40.6928	0.8230	0.8262	5.0000	-9999.0000	-9999.0000	-9999.0000	-9999.0000	-9999.0000	-9999.0000	17.2389	3	0	34.7530	1.0000	13	3	-9999.0000	25663	53020	-9999	-9999	1427	2817	584.3470	5	0.7175	0.7305	-0.0005	77.7621	1.2714	731.6920	537.8647	47.0833	717.0358	94.9306	730.8303	95.2083	736.5189	94.6759	741.4320	94.6991	
25/08/2017	00:10:49	011995	H421107222HLR	L421	S		708.3619	1.0400	0.0000	100.1431	39.9795	0.8230	1.1606	5.0000	27.2086	815.0649	94.8611	25.2780	25.4000	0.9300	0.9276	0.7287	-0.0005	815.0000	815.6995	1.0272	-5.3686	99.7335	40.6575	0.8230	0.8250	5.0000	-9999.0000	-9999.0000	-9999.0000	-9999.0000	-9999.0000	-9999.0000	17.2100	4	0	34.6633	1.0000	13	3	-9999.0000	25664	53021	-9999	-9999	1428	2818	584.4960	5	0.7170	0.7287	-0.0005	77.4745	1.2662	731.9433	531.7353	48.2639	717.0344	94.8611	731.2266	95.0926	738.1930	94.6296	742.6367	94.7685	
25/08/2017	00:11:23	011995	H421107141HLR	L421	S		701.3208	1.0400	0.0000	99.8063	39.9929	0.8230	1.1607	5.0000	25.4308	815.0586	94.7454	29.2084	25.4000	0.9300	0.9275	0.7300	-0.0005	815.0000	815.0464	1.0272	-5.3717	99.8238	40.6211	0.8230	0.8242	5.0000	-9999.0000	-9999.0000	-9999.0000	-9999.0000	-9999.0000	-9999.0000	17.9193	5	0	34.5258	1.0000	13	3	-9999.0000	25665	53021	-9999	-9999	1429	2820	582.8219	5	0.7170	0.7300	-0.0005	84.6614	0.9664	722.6832	515.3471	46.0880	706.6361	94.7917	721.9364	95.0694	728.1148	94.6296	732.7838	94.7685	
25/08/2017	00:12:01	011995	H421107120HLR	L421	S		704.4352	1.0400	0.0000	100.1421	39.9742	0.8230	1.1606	5.0000	27.6889	815.0409	94.8843	26.7486	25.4000	0.9300	0.9275	0.7321	-0.0006	815.0000	813.7531	1.0272	-5.3778	99.8980	40.6048	0.8230	0.8242	5.0000	-9999.0000	-9999.0000	-9999.0000	-9999.0000	-9999.0000	-9999.0000	19.0290	6	0	37.2503	1.0000	13	3	-9999.0000	25666	53021	-9999	-9999	1430	2822	583.4831	5	0.7169	0.7321	-0.0006	87.7117	0.8324	727.0229	525.7099	45.7407	713.1420	94.6991	726.1173	94.9306	731.9759	94.6759	737.0111	94.7917	
25/08/2017	00:12:36	011995	H421107118HLR	L421	S		706.2252	1.0400	0.0000	99.7402	39.9855	0.8230	1.1606	5.0000	25.7580	815.0686	94.7917	23.7282	25.4000	0.9300	0.9275	0.7319	-0.0006	815.0000	814.1022	1.0272	-5.3762	99.9020	40.6215	0.8230	0.8249	5.0000	-9999.0000	-9999.0000	-9999.0000	-9999.0000	-9999.0000	-9999.0000	18.6378	7	0	35.8983	1.0000	13	3	-9999.0000	25667	53022	-9999	-9999	1431	2824	584.7865	5	0.7170	0.7319	-0.0006	92.3178	0.6305	728.1458	525.3979	45.9491	714.4428	95.1157	727.1512	95.1389	733.1099	94.6296	738.2737	94.7222	
25/08/2017	00:13:11	011995	H421107126HLR	L421	S		707.5883	1.0400	0.0000	99.8330	39.9722	0.8230	1.1606	5.0000	27.5679	815.0514	94.6991	23.6579	25.4000	0.9300	0.9275	0.7298	-0.0005	815.0000	814.6147	1.0272	-5.3737	99.8827	40.6745	0.8230	0.8266	5.0000	-9999.0000	-9999.0000	-9999.0000	-9999.0000	-9999.0000	-9999.0000	17.2986	8	0	34.5079	1.0000	13	3	-9999.0000	25668	53023	-9999	-9999	1432	2826	584.7846	5	0.7169	0.7298	-0.0005	90.3803	0.7083	729.4289	538.2178	48.6343	717.9733	95.0463	728.3735	95.0694	734.4583	94.6296	739.5136	94.7454	
25/08/2017	00:15:34	011995	H421107128HLR	L421	S		707.8192	1.0400	0.0000	100.1459	39.9802	0.8230	1.1607	5.0000	26.4888	815.0702	94.5833	23.5085	25.4000	0.9300	0.9276	0.7269	-0.0004	815.0000	814.1396	1.0272	-5.3760	99.7785	40.6781	0.8230	0.8249	5.0000	-9999.0000	-9999.0000	-9999.0000	-9999.0000	-9999.0000	-9999.0000	19.4076	1	0	142.8918	1.0000	13	3	-9999.0000	25669	53024	-9999	-9999	1433	2828	584.9561	5	0.7167	0.7269	-0.0004	89.7444	0.7329	730.8483	538.6135	46.5046	715.8914	94.7685	730.1321	94.9769	736.2571	94.6296	741.3467	94.7454	
25/08/2017	00:16:13	011995	H421107123HLR	L421	S		707.2034	1.0400	0.0000	100.1508	39.9872	0.8230	1.1607	5.0000	25.9780	815.0695	94.8380	26.2388	25.4000	0.9300	0.9276	0.7290	-0.0005	815.0000	814.7518	1.0272	-5.3731	99.7457	40.6682	0.8230	0.8243	5.0000	-9999.0000	-9999.0000	-9999.0000	-9999.0000	-9999.0000	-9999.0000	19.5008	2	0	39.1185	1.0000	13	3	-9999.0000	25670	53025	-9999	-9999	1434	2830	583.8814	5	0.7168	0.7290	-0.0005	89.6566	0.7336	731.9068	559.6164	49.2593	718.8462	95.0231	731.0969	94.9537	737.0224	94.6296	741.8153	94.7685	
25/08/2017	00:16:48	011995	H421107152HLR	L421	S		705.9349	1.0400	0.0000	100.1171	39.9858	0.8230	1.1607	5.0000	26.5690	815.0471	94.7454	24.8493	25.4000	0.9300	0.9276	0.7281	-0.0004	815.0000	814.2750	1.0272	-5.3754	100.0410	40.6445	0.8230	0.8260	5.0000	-9999.0000	-9999.0000	-9999.0000	-9999.0000	-9999.0000	-9999.0000	17.2783	3	0	35.4378	1.0000	13	3	-9999.0000	25671	53026	-9999	-9999	1435	2832	584.5128	5	0.7167	0.7281	-0.0004	92.2283	0.6310	727.9511	556.2020	46.5509	714.2550	94.6991	727.1187	94.9537	733.6401	94.6296	738.3808	94.7685	
25/08/2017	00:17:26	011995	H421107246HLR	L421	S		706.0828	1.0400	0.0000	100.1096	39.9972	0.8230	1.1607	5.0000	25.4874	815.0338	94.6528	23.5583	25.4000	0.9300	0.9276	0.7306	-0.0005	815.0000	813.7256	1.0272	-5.3780	99.9209	40.6938	0.8230	0.8265	5.0000	-9999.0000	-9999.0000	-9999.0000	-9999.0000	-9999.0000	-9999.0000	17.2084	4	0	37.4775	1.0000	13	3	-9999.0000	25672	53027	-9999	-9999	1436	2834	584.9053	5	0.7170	0.7306	-0.0005	92.3226	0.6279	731.0374	527.4290	49.0046	714.8498	95.0926	730.0727	95.0694	736.1690	94.6528	741.5374	94.7454	
25/08/2017	00:18:06	011995	H421107149HLR	L421	S		702.3785	1.0400	0.0000	99.8124	39.9896	0.8230	1.1606	5.0000	26.2982	815.0588	94.8148	25.0485	25.3000	0.9300	0.9275	0.7302	-0.0005	815.0000	814.5763	1.0272	-5.3739	99.8563	40.6869	0.8230	0.8258	5.0000	-9999.0000	-9999.0000	-9999.0000	-9999.0000	-9999.0000	-9999.0000	17.2893	5	0	39.6081	1.0000	13	3	-9999.0000	25673	53028	-9999	-9999	1437	2836	584.5719	5	0.7169	0.7302	-0.0005	94.9784	0.5183	724.5853	551.2513	45.5787	710.9933	95.1157	723.7120	95.0694	729.0174	94.6528	735.1356	94.7454	
25/08/2017	00:18:43	011995	H421107158HLR	L421	S		697.2223	1.0400	0.0000	100.0064	39.9844	0.8230	1.1606	5.0000	27.7703	815.0430	94.7454	28.0786	25.3000	0.9300	0.9279	0.7297	-0.0005	815.0000	815.3476	1.0272	-5.3703	100.0217	40.6451	0.8230	0.8248	5.0000	-9999.0000	-9999.0000	-9999.0000	-9999.0000	-9999.0000	-9999.0000	17.3285	6	0	37.0783	1.0000	13	3	-9999.0000	25674	53029	-9999	-9999	1438	2838	583.2118	5	0.7171	0.7297	-0.0005	98.7138	0.3677	721.9363	510.6631	46.6898	705.1387	94.5833	720.6627	95.1389	727.6108	94.7222	732.8430	94.6759	
25/08/2017	00:19:20	011995	H421114758HLR	L421	S		703.7477	1.0400	0.0000	100.0520	39.9184	0.8230	1.1607	5.0000	26.3080	815.1054	94.7917	24.3688	25.3000	0.9300	0.9276	0.7318	-0.0006	815.0000	815.5107	1.0272	-5.3695	99.8646	40.5975	0.8230	0.8243	5.0000	-9999.0000	-9999.0000	-9999.0000	-9999.0000	-9999.0000	-9999.0000	19.6185	7	0	37.8683	1.0000	16	1	-9999.0000	25675	53030	-9999	-9999	1439	2840	584.9575	5	0.7173	0.7318	-0.0006	96.7883	0.4414	726.8145	546.8576	45.8102	714.1285	94.7685	725.9237	95.1389	732.4877	94.6991	737.8697	94.7222	
25/08/2017	00:19:59	011995	H421114780HLR	L421	S		701.5537	1.0400	0.0000	100.0628	39.9034	0.8230	1.1606	5.0000	27.7787	815.0706	94.9769	26.4986	25.3000	0.9300	0.9276	0.7321	-0.0006	815.0000	815.1076	1.0272	-5.3714	99.8830	40.6485	0.8230	0.8265	5.0000	-9999.0000	-9999.0000	-9999.0000	-9999.0000	-9999.0000	-9999.0000	17.2385	8	0	38.7272	1.0000	16	1	-9999.0000	25676	53031	-9999	-9999	1440	2842	584.1297	5	0.7174	0.7321	-0.0006	93.2844	0.5907	723.6069	562.7730	46.1111	710.0543	94.8611	722.8004	95.0694	728.3327	94.6528	734.5105	94.7454	
25/08/2017	00:20:36	011995	H421114772HLR	L421	S		702.6753	1.0400	0.0000	99.9201	39.8997	0.8230	1.1606	5.0000	27.8686	815.0168	94.7454	28.6381	25.3000	0.9300	0.9276	0.7331	-0.0006	815.0000	818.3262	1.0272	-5.3561	100.0855	40.6892	0.8230	0.8264	5.0000	-9999.0000	-9999.0000	-9999.0000	-9999.0000	-9999.0000	-9999.0000	17.3394	1	0	37.1289	1.0000	16	1	-9999.0000	25677	53032	-9999	-9999	1441	2844	583.1128	5	0.7173	0.7331	-0.0006	83.7017	0.9959	722.7591	535.0517	46.2731	705.9630	94.7917	721.7165	95.0231	727.5995	94.6296	733.5947	94.7685	
25/08/2017	00:21:13	011995	H421114734HLR	L421	S		690.7225	1.0400	0.0000	99.8696	39.8925	0.8230	1.1606	5.0000	27.9584	815.0570	94.9074	26.0494	25.3000	0.9300	0.9276	0.7330	-0.0006	815.0000	815.0453	1.0272	-5.3717	100.0137	40.6618	0.8230	0.8252	5.0000	-9999.0000	-9999.0000	-9999.0000	-9999.0000	-9999.0000	-9999.0000	17.2780	2	0	36.4775	1.0000	16	1	-9999.0000	25678	53033	-9999	-9999	1442	2846	584.3976	5	0.7175	0.7330	-0.0006	72.4045	1.4864	721.1581	535.3411	47.5926	708.0856	94.8148	720.3071	95.1620	726.6106	94.6991	732.8939	94.6991	
25/08/2017	00:21:51	011995	H421114729HLR	L421	S		699.2831	1.0400	0.0000	99.9675	39.9000	0.8230	1.1607	5.0000	27.7174	815.0289	94.9537	26.9185	25.3000	0.9300	0.9276	0.7340	-0.0007	815.0000	815.1564	1.0272	-5.3712	99.7321	40.6147	0.8230	0.8243	5.0000	-9999.0000	-9999.0000	-9999.0000	-9999.0000	-9999.0000	-9999.0000	17.6188	3	0	37.9081	1.0000	16	1	-9999.0000	25679	53034	-9999	-9999	1443	2848	583.8485	5	0.7175	0.7340	-0.0007	51.4780	2.3672	720.1208	543.7250	47.0833	704.9979	94.9306	719.3592	95.2083	724.9267	94.6528	730.8404	94.7222	
25/08/2017	00:22:28	011995	H421114745HLR	L421	S		699.1941	1.0400	0.0000	100.0481	39.9018	0.8230	1.1607	5.0000	28.8587	815.1443	94.8148	27.7788	25.3000	0.9300	0.9276	0.7340	-0.0007	815.0000	812.5830	1.0272	-5.3834	100.0786	40.6120	0.8230	0.8253	5.0000	-9999.0000	-9999.0000	-9999.0000	-9999.0000	-9999.0000	-9999.0000	17.2502	4	0	37.0976	1.0000	16	1	-9999.0000	25680	53035	-9999	-9999	1444	2850	583.4416	5	0.7169	0.7340	-0.0007	63.0743	1.8831	715.8431	550.2579	47.2454	701.8399	94.7685	715.1098	95.0231	720.0970	94.6296	725.5247	94.7454	
25/08/2017	00:23:04	011995	H421114738HLR	L421	S		700.2987	1.0400	0.0000	99.9026	39.9273	0.8230	1.1607	5.0000	27.4185	815.0491	94.8380	26.1783	25.4000	0.9300	0.9276	0.7359	-0.0007	815.0000	814.2428	1.0272	-5.3755	99.9712	40.6493	0.8230	0.8264	5.0000	-9999.0000	-9999.0000	-9999.0000	-9999.0000	-9999.0000	-9999.0000	17.2987	5	0	35.9581	1.0000	16	1	-9999.0000	25681	53036	-9999	-9999	1445	2851	584.1824	5	0.7168	0.7359	-0.0007	64.9980	1.8076	717.7014	532.0055	45.8565	704.1032	94.6991	716.9126	94.9769	723.0623	94.6528	728.2004	94.7685	
25/08/2017	00:23:41	011995	H421114754HLR	L421	S		704.4423	1.0400	0.0000	99.8283	39.9333	0.8230	1.1611	5.0000	27.0083	815.0532	94.6759	25.3590	25.4000	0.9300	0.9275	0.7370	-0.0008	815.0000	815.2761	1.0272	-5.3706	99.8887	40.6629	0.8230	0.8247	5.0000	-9999.0000	-9999.0000	-9999.0000	-9999.0000	-9999.0000	-9999.0000	19.5222	6	0	37.1678	1.0000	16	1	-9999.0000	25682	53037	-9999	-9999	1446	2853	584.7627	5	0.7166	0.7370	-0.0008	66.2419	1.7811	721.5349	537.5847	45.7870	707.3156	94.8380	720.6953	95.0926	727.6511	94.6296	733.1038	94.7917	
25/08/2017	00:24:17	011995	H421114703HLR	L421	S		699.0987	1.0400	0.0000	99.9159	39.9333	0.8230	1.1606	5.0000	27.9287	815.0810	94.8380	26.9488	25.4000	0.9300	0.9275	0.7369	-0.0008	815.0000	814.1321	1.0272	-5.3760	100.0427	40.6829	0.8230	0.8258	5.0000	-9999.0000	-9999.0000	-9999.0000	-9999.0000	-9999.0000	-9999.0000	17.3095	7	0	36.0382	1.0000	16	1	-9999.0000	25683	53038	-9999	-9999	1447	2855	583.8157	5	0.7167	0.7369	-0.0008	69.9843	1.6419	714.8373	541.6837	45.7407	702.0524	95.0926	713.8965	95.0694	720.7936	94.6528	724.5128	94.7685	
25/08/2017	00:24:55	011995	H421114699HLR	L421	S		701.0201	1.0400	0.0000	100.1786	39.9378	0.8230	1.1608	5.0000	26.4494	815.0745	94.5833	26.0582	25.4000	0.9300	0.9275	0.7369	-0.0008	815.0000	814.7366	1.0272	-5.3732	100.0389	40.6434	0.8230	0.8248	5.0000	-9999.0000	-9999.0000	-9999.0000	-9999.0000	-9999.0000	-9999.0000	17.2986	8	0	38.4179	1.0000	16	1	-9999.0000	25684	53039	-9999	-9999	1448	2857	584.3835	5	0.7167	0.7369	-0.0008	74.8429	1.4728	719.1987	544.0169	49.3981	707.0378	94.8148	718.6855	94.9769	723.7076	94.6528	729.9932	94.7685	
25/08/2017	00:25:32	011995	H421114725HLR	L421	S		702.4581	1.0400	0.0000	99.8051	39.9417	0.8230	1.1607	5.0000	25.8283	815.0398	94.6759	24.9078	25.4000	0.9300	0.9276	0.7366	-0.0008	815.0000	815.0086	1.0272	-5.3719	99.7523	40.6152	0.8230	0.8246	5.0000	-9999.0000	-9999.0000	-9999.0000	-9999.0000	-9999.0000	-9999.0000	17.2979	1	0	36.6693	1.0000	16	1	-9999.0000	25685	53040	-9999	-9999	1449	2859	585.0656	5	0.7166	0.7366	-0.0008	81.0310	1.2398	721.1787	548.8947	46.8750	709.0202	94.8148	719.8554	95.1157	726.4113	94.6528	732.1224	94.7685	
25/08/2017	00:26:10	011995	H421114720HLR	L421	S		702.0547	1.0400	0.0000	99.8770	39.9333	0.8230	1.1606	5.0000	27.3750	815.0833	94.7222	26.1685	25.3000	0.9300	0.9276	0.7251	-0.0003	815.0000	815.3307	1.0272	-5.3703	99.9184	40.6476	0.8230	0.8262	5.0000	-9999.0000	-9999.0000	-9999.0000	-9999.0000	-9999.0000	-9999.0000	17.2288	2	0	37.8772	1.0000	16	1	-9999.0000	25686	53041	-9999	-9999	1450	2861	584.3327	5	0.7165	0.7251	-0.0003	80.2668	1.2708	717.1991	534.5647	47.5231	704.5418	94.9306	716.2096	95.0926	723.2939	94.6528	729.3705	94.7222	
25/08/2017	00:26:49	011995	H421114691HLR	L421	S		701.9833	1.0400	0.0000	99.8635	39.9458	0.8230	1.1607	5.0000	26.2682	815.0709	94.6065	25.0289	25.3000	0.9300	0.9275	0.7203	-0.0001	815.0000	814.9139	1.0272	-5.3723	100.1083	40.6904	0.8230	0.8267	5.0000	-9999.0000	-9999.0000	-9999.0000	-9999.0000	-9999.0000	-9999.0000	17.2782	3	0	39.4580	1.0000	16	1	-9999.0000	25687	53042	-9999	-9999	1451	2863	584.7135	5	0.7167	0.7203	-0.0001	88.6164	0.9520	730.5251	550.9992	45.9491	715.5228	94.5833	729.7558	94.8611	734.6567	94.6528	740.4641	94.7685	
25/08/2017	00:27:27	011995	H421114685HLR	L421	S		703.9479	1.0400	0.0000	99.8785	39.9394	0.8230	1.1606	5.0000	27.6284	815.0303	94.7917	27.3989	25.3000	0.9300	0.9276	0.7215	-0.0002	815.0000	817.7988	1.0272	-5.3586	99.9735	40.6904	0.8230	0.8258	5.0000	-9999.0000	-9999.0000	-9999.0000	-9999.0000	-9999.0000	-9999.0000	17.3314	4	0	37.2577	1.0000	16	1	-9999.0000	25688	53043	-9999	-9999	1452	2864	584.3585	5	0.7168	0.7215	-0.0002	90.6469	0.8776	735.9287	567.2369	47.2222	720.4282	94.9537	735.2679	95.2083	740.4846	94.6991	745.4473	94.6759	
25/08/2017	00:28:02	011995	H421114713HLR	L421	S		701.8507	1.0400	0.0000	100.0755	39.9547	0.8230	1.1607	5.0000	26.7485	815.0963	94.8148	25.6988	25.4000	0.9300	0.9276	0.7201	-0.0001	815.0000	816.5502	1.0272	-5.3646	100.0510	40.6404	0.8230	0.8246	5.0000	-9999.0000	-9999.0000	-9999.0000	-9999.0000	-9999.0000	-9999.0000	17.3098	5	0	34.8481	1.0000	16	1	-9999.0000	25689	53044	-9999	-9999	1453	2866	584.7229	5	0.7168	0.7201	-0.0001	90.2498	0.8929	733.7568	546.9818	47.0602	718.1054	94.5833	732.7759	95.0000	738.7073	94.6759	744.1757	94.7685	
25/08/2017	00:28:37	011995	H421114731HLR	L421	S		703.8930	1.0400	0.0000	99.9581	39.9525	0.8230	1.1607	5.0000	27.3882	815.0764	94.6528	26.8980	25.3000	0.9300	0.9276	0.7298	-0.0005	815.0000	816.1600	1.0272	-5.3664	99.8288	40.6176	0.8230	0.8250	5.0000	-9999.0000	-9999.0000	-9999.0000	-9999.0000	-9999.0000	-9999.0000	17.2584	6	0	35.3373	1.0000	16	1	-9999.0000	25690	53045	-9999	-9999	1454	2868	584.5616	5	0.7172	0.7298	-0.0005	79.8507	1.2989	735.7361	553.9342	48.0556	722.7689	95.1389	734.7635	95.3009	740.9174	94.6991	744.6663	94.6759	
25/08/2017	00:29:13	011995	H421114689HLR	L421	S		702.7823	1.0400	0.0000	99.9282	39.9590	0.8230	1.1607	5.0000	27.4663	815.0964	94.7917	28.3891	25.2000	0.9300	0.9276	0.7278	-0.0004	815.0000	815.3755	1.0272	-5.3701	100.0724	40.6315	0.8230	0.8258	5.0000	-9999.0000	-9999.0000	-9999.0000	-9999.0000	-9999.0000	-9999.0000	17.2685	7	0	36.5381	1.0000	16	1	-9999.0000	25691	53046	-9999	-9999	1455	2870	583.6697	5	0.7170	0.7278	-0.0004	98.3979	0.5803	726.3764	544.5222	46.1111	713.2842	94.6528	725.4866	94.9769	730.8431	94.6528	736.2185	94.7917	
25/08/2017	00:29:50	011995	H421114707HLR	L421	S		701.4772	1.0400	0.0000	100.0783	39.9625	0.8230	1.1606	5.0000	27.9306	815.0690	94.8380	26.1392	25.3000	0.9300	0.9276	0.7160	0.0000	815.0000	816.3755	1.0272	-5.3654	99.8800	40.6622	0.8230	0.8265	5.0000	-9999.0000	-9999.0000	-9999.0000	-9999.0000	-9999.0000	-9999.0000	17.2779	8	0	36.1581	1.0000	16	1	-9999.0000	25692	53047	-9999	-9999	1456	2872	584.5822	5	0.7170	0.7160	0.0000	102.1522	0.4363	727.5828	541.3332	45.0231	711.4687	94.6759	726.3248	95.1157	732.5822	94.7222	736.7381	94.6991	
25/08/2017	00:30:24	011995	H421114653HLR	L421	S		705.5436	1.0400	0.0000	99.8476	39.9667	0.8230	1.1606	5.0000	27.8381	815.0552	94.6991	23.7292	25.3000	0.9300	0.9276	0.7335	-0.0006	815.0000	814.6958	1.0272	-5.3734	99.9849	40.6906	0.8230	0.8261	5.0000	-9999.0000	-9999.0000	-9999.0000	-9999.0000	-9999.0000	-9999.0000	17.5482	1	0	34.8684	1.0000	16	1	-9999.0000	25693	53048	-9999	-9999	1457	2874	584.5680	5	0.7168	0.7335	-0.0006	99.6081	0.5342	743.7306	546.8165	45.6019	728.3428	95.1389	742.6272	95.1389	748.1407	94.6296	752.9749	94.7454	
25/08/2017	00:31:01	011995	H421114665HLR	L421	S		704.9879	1.0400	0.0000	99.8848	39.9667	0.8230	1.1606	5.0000	27.8384	815.0542	94.7454	24.3190	25.3000	0.9300	0.9276	0.7302	-0.0005	815.0000	816.5266	1.0272	-5.3647	100.0468	40.6813	0.8230	0.8254	5.0000	-9999.0000	-9999.0000	-9999.0000	-9999.0000	-9999.0000	-9999.0000	17.4135	2	0	36.7578	1.0000	16	1	-9999.0000	25694	53049	-9999	-9999	1458	2876	585.2562	5	0.7167	0.7302	-0.0005	108.2659	0.1875	726.1689	553.2259	49.0046	711.2598	95.1389	724.8948	95.0926	732.2595	94.6528	736.4967	94.7685	
25/08/2017	00:31:35	011995	H421114632HLR	L421	S		704.9316	1.0400	0.0000	100.1573	39.9741	0.8230	1.1608	5.0000	25.5687	815.0704	94.8843	25.5387	25.2000	0.9300	0.9276	0.7320	-0.0006	815.0000	817.4755	1.0272	-5.3602	99.8851	40.6599	0.8230	0.8250	5.0000	-9999.0000	-9999.0000	-9999.0000	-9999.0000	-9999.0000	-9999.0000	17.2173	3	0	33.9180	1.0000	16	1	-9999.0000	25695	53050	-9999	-9999	1459	2877	584.6465	5	0.7165	0.7320	-0.0006	113.9769	-0.0155	726.6526	544.4196	48.0324	712.8233	94.8611	726.0790	95.0463	732.1233	94.6528	737.7929	94.7454	
25/08/2017	00:32:11	011995	H421114712HLR	L421	S		705.0448	1.0400	0.0000	99.9487	39.9574	0.8230	1.1606	5.0000	28.1781	815.0403	94.5833	25.0885	25.4000	0.9300	0.9276	0.7312	-0.0006	815.0000	815.7140	1.0272	-5.3685	100.0865	40.6163	0.8230	0.8246	5.0000	-9999.0000	-9999.0000	-9999.0000	-9999.0000	-9999.0000	-9999.0000	17.4488	4	0	35.7190	1.0000	16	1	-9999.0000	25696	53051	-9999	-9999	1460	2879	584.6871	5	0.7166	0.7312	-0.0006	116.2179	-0.1076	726.7642	524.8314	46.5278	713.2646	94.6528	725.9880	94.8611	731.3219	94.6296	737.0861	94.7685	
25/08/2017	00:32:45	011995	H421114724HLR	L421	S		704.5348	1.0400	0.0000	99.9081	39.9667	0.8230	1.1606	5.0000	27.8285	815.0073	94.6528	23.8190	25.3000	0.9300	0.9276	0.7295	-0.0005	815.0000	815.9133	1.0272	-5.3676	100.0695	40.6115	0.8230	0.8250	5.0000	-9999.0000	-9999.0000	-9999.0000	-9999.0000	-9999.0000	-9999.0000	17.3083	5	0	34.2177	1.0000	16	1	-9999.0000	25697	53052	-9999	-9999	1461	2880	585.0475	5	0.7165	0.7295	-0.0005	99.3481	0.5209	726.9534	542.8893	47.2685	711.3652	94.7917	726.0524	95.0000	733.4524	94.6296	738.4876	94.7685	
25/08/2017	00:33:21	011995	H421114667HLR	L421	S		704.8138	1.0400	0.0000	100.1579	39.9676	0.8230	1.1607	5.0000	27.0244	815.1149	94.7454	25.7584	25.3000	0.9300	0.9275	0.7272	-0.0004	815.0000	816.1404	1.0272	-5.3665	100.0104	40.6305	0.8230	0.8257	5.0000	-9999.0000	-9999.0000	-9999.0000	-9999.0000	-9999.0000	-9999.0000	17.6088	6	0	35.4583	1.0000	16	1	-9999.0000	25698	53053	-9999	-9999	1462	2882	584.1843	5	0.7163	0.7272	-0.0004	99.8392	0.5014	728.5964	543.8401	47.9398	712.5941	94.9074	727.7531	95.0926	733.1890	94.6528	738.9507	94.7454	
25/08/2017	00:33:56	011995	H421114651HLR	L421	S		705.2529	1.0400	0.0000	100.1894	39.9732	0.8230	1.1607	5.0000	26.1793	815.0287	94.7917	22.9392	25.3000	0.9300	0.9276	0.7280	-0.0005	815.0000	815.5904	1.0272	-5.3691	99.9699	40.6490	0.8230	0.8264	5.0000	-9999.0000	-9999.0000	-9999.0000	-9999.0000	-9999.0000	-9999.0000	17.2788	7	0	35.4678	1.0000	16	1	-9999.0000	25699	53054	-9999	-9999	1463	2884	584.8618	5	0.7163	0.7280	-0.0005	95.7346	0.6492	734.0029	527.5510	47.2917	717.7158	94.5833	733.1542	95.0000	739.4086	94.6759	745.7261	94.7454	
25/08/2017	00:34:32	011995	H421114640HLR	L421	S		684.4570	1.0400	0.0000	100.1381	39.9617	0.8230	1.1607	5.0000	27.7678	815.0312	94.7222	24.7184	25.3000	0.9300	0.9276	0.7269	-0.0004	815.0000	816.3362	1.0272	-5.3656	99.9959	40.6794	0.8230	0.8267	5.0000	-9999.0000	-9999.0000	-9999.0000	-9999.0000	-9999.0000	-9999.0000	17.2341	8	0	36.0589	1.0000	16	1	-9999.0000	25700	53055	-9999	-9999	1464	2886	584.2393	5	0.7162	0.7269	-0.0004	95.2190	0.6656	724.3090	539.6813	48.3333	708.3534	95.0694	723.0801	95.2083	730.5711	94.6759	736.8280	94.6991	
25/08/2017	00:35:08	011995	H421114644HLR	L421	S		705.6010	1.0400	0.0000	99.8781	39.9667	0.8230	1.1606	5.0000	27.3187	815.0749	94.6296	23.2595	25.4000	0.9300	0.9276	0.7247	-0.0003	815.0000	813.9250	1.0272	-5.3770	99.6974	40.6930	0.8230	0.8264	5.0000	-9999.0000	-9999.0000	-9999.0000	-9999.0000	-9999.0000	-9999.0000	17.1987	1	0	36.0522	1.0000	16	1	-9999.0000	25701	53056	-9999	-9999	1465	2887	584.6857	5	0.7163	0.7247	-0.0003	97.7476	0.5563	731.3368	544.7041	46.4815	717.4373	94.6759	730.6037	94.8843	737.2445	94.6296	743.0112	94.7685	
25/08/2017	00:35:44	011995	H421114681HLR	L421	S		702.6615	1.0400	0.0000	100.1018	39.9670	0.8230	1.1607	5.0000	27.3787	815.1069	94.6528	24.4684	25.4000	0.9300	0.9276	0.7239	-0.0003	815.0000	814.9857	1.0272	-5.3720	99.9765	40.6814	0.8230	0.8256	5.0000	-9999.0000	-9999.0000	-9999.0000	-9999.0000	-9999.0000	-9999.0000	17.1975	2	0	36.3426	1.0000	16	1	-9999.0000	25702	53057	-9999	-9999	1466	2889	584.2553	5	0.7164	0.7239	-0.0003	99.4430	0.4755	731.7753	537.1450	48.2870	718.2889	95.0000	730.8623	95.1852	736.5976	94.6759	742.1989	94.6991	
25/08/2017	00:36:21	011995	H421114584HLR	L421	S		704.0872	1.0400	0.0000	100.1675	39.9686	0.8230	1.1607	5.0000	27.3089	815.0446	94.5370	24.4987	25.4000	0.9300	0.9276	0.7248	-0.0003	815.0000	814.8063	1.0272	-5.3728	100.1024	40.6444	0.8230	0.8248	5.0000	-9999.0000	-9999.0000	-9999.0000	-9999.0000	-9999.0000	-9999.0000	17.2487	3	0	36.5488	1.0000	16	1	-9999.0000	25703	53058	-9999	-9999	1467	2891	584.2465	5	0.7164	0.7248	-0.0003	96.9366	0.5818	733.8389	564.2605	49.1667	718.6436	94.9769	733.1667	95.0000	739.3836	94.6528	744.2624	94.7917	
25/08/2017	00:36:58	011995	H421114594HLR	L421	S		701.6133	1.0400	0.0000	100.1535	39.9707	0.8230	1.1610	5.0000	27.2241	815.0209	94.6759	25.0289	25.4000	0.9300	0.9276	0.7334	-0.0007	815.0000	814.1170	1.0272	-5.3761	100.1123	40.6164	0.8230	0.8247	5.0000	-9999.0000	-9999.0000	-9999.0000	-9999.0000	-9999.0000	-9999.0000	17.5088	4	0	37.1171	1.0000	16	1	-9999.0000	25704	53059	-9999	-9999	1468	2893	583.9141	5	0.7166	0.7334	-0.0007	80.4099	1.2530	729.1576	546.3151	48.8889	714.5873	94.9769	728.2811	95.1620	734.8597	94.6991	739.1980	94.7222	
25/08/2017	00:37:36	011995	H421114604HLR	L421	S		703.2521	1.0400	0.0000	100.1912	39.9667	0.8230	1.1607	5.0000	27.9575	815.0577	94.6528	25.0387	25.3000	0.9300	0.9276	0.7366	-0.0008	815.0000	815.3987	1.0272	-5.3700	99.7736	40.6333	0.8230	0.8258	5.0000	-9999.0000	-9999.0000	-9999.0000	-9999.0000	-9999.0000	-9999.0000	17.2680	5	0	38.1690	1.0000	16	1	-9999.0000	25705	53060	-9999	-9999	1469	2895	583.8636	5	0.7167	0.7366	-0.0008	89.6925	0.8700	724.5023	542.9214	45.8102	709.5758	94.6065	723.8501	95.0000	730.2777	94.6759	734.8302	94.7454	
25/08/2017	00:38:14	011995	H421114670HLR	L421	S		703.5751	1.0400	0.0000	99.8492	39.9744	0.8230	1.1606	5.0000	27.0129	815.1230	94.6065	25.3287	25.3000	0.9300	0.9276	0.7356	-0.0008	815.0000	815.3756	1.0272	-5.3701	99.7863	40.6816	0.8230	0.8267	5.0000	-9999.0000	-9999.0000	-9999.0000	-9999.0000	-9999.0000	-9999.0000	17.1284	6	0	37.4373	1.0000	16	1	-9999.0000	25706	53061	-9999	-9999	1470	2897	583.6728	5	0.7167	0.7356	-0.0008	93.8583	0.7048	720.4168	521.2521	45.9259	703.2515	94.6991	719.4783	94.9537	726.0217	94.6528	731.5878	94.7685	
25/08/2017	00:38:50	011995	H421114676HLR	L421	S		705.1711	1.0400	0.0000	100.1615	39.9792	0.8230	1.1607	5.0000	27.0093	815.0789	94.6528	25.4889	25.2000	0.9300	0.9275	0.7340	-0.0007	815.0000	816.1843	1.0272	-5.3663	99.7695	40.6917	0.8230	0.8259	5.0000	-9999.0000	-9999.0000	-9999.0000	-9999.0000	-9999.0000	-9999.0000	17.2088	7	0	36.2080	1.0000	16	1	-9999.0000	25707	53062	-9999	-9999	1471	2899	583.5425	5	0.7167	0.7340	-0.0007	91.6468	0.7972	722.1165	547.5295	46.5046	708.8183	94.6528	721.1336	95.0926	727.9771	94.6991	732.6880	94.6991	
25/08/2017	00:39:26	011995	H421114600HLR	L421	S		701.3743	1.0400	0.0000	100.1490	39.9790	0.8230	1.1607	5.0000	27.5547	815.0835	94.7917	26.0787	25.3000	0.9300	0.9276	0.7315	-0.0006	815.0000	813.3801	1.0272	-5.3796	99.9587	40.6595	0.8230	0.8249	5.0000	-9999.0000	-9999.0000	-9999.0000	-9999.0000	-9999.0000	-9999.0000	17.2485	8	0	36.0479	1.0000	16	1	-9999.0000	25708	53063	-9999	-9999	1472	2901	583.3552	5	0.7168	0.7315	-0.0006	92.7597	0.7520	719.7007	561.3222	46.4120	703.9460	94.6991	718.6609	94.9769	724.7158	94.6528	730.0022	94.7917	
25/08/2017	00:39:57	011995	H421114592HLR	L421	S		701.0536	1.0400	0.0000	99.8957	39.9869	0.8230	1.1610	5.0000	27.7386	815.0915	94.8611	27.1684	25.3000	0.9300	0.9276	0.7339	-0.0007	815.0000	813.7219	1.0272	-5.3780	100.0256	40.6290	0.8230	0.8246	5.0000	-9999.0000	-9999.0000	-9999.0000	-9999.0000	-9999.0000	-9999.0000	17.3595	1	0	30.6491	1.0000	16	1	-9999.0000	25709	53064	-9999	-9999	1473	2903	582.9654	5	0.7167	0.7339	-0.0007	93.3029	0.7373	721.6093	547.3601	50.2083	708.4000	94.9074	720.9174	95.1389	726.3446	94.7454	731.5316	94.6759	
25/08/2017	00:40:27	011995	H421114625HLR	L421	S		703.0398	1.0400	0.0000	100.0792	40.0000	0.8230	1.1607	5.0000	26.4989	815.0361	94.5370	26.3892	25.2000	0.9300	0.9275	0.7371	-0.0008	815.0000	814.9946	1.0272	-5.3719	100.0585	40.6273	0.8230	0.8252	5.0000	-9999.0000	-9999.0000	-9999.0000	-9999.0000	-9999.0000	-9999.0000	17.3730	2	0	30.2175	1.0000	16	1	-9999.0000	25710	53065	-9999	-9999	1474	2905	583.0755	5	0.7165	0.7371	-0.0008	91.5384	0.7980	722.6124	551.8119	47.3148	707.0363	94.6065	721.7662	94.9769	727.9457	94.6991	733.8246	94.7454	
25/08/2017	00:40:57	011995	H421114614HLR	L421	S		703.3631	1.0400	0.0000	99.9700	39.9952	0.8230	1.1606	5.0000	27.6685	815.0937	94.6991	25.1891	25.2000	0.9300	0.9276	0.7304	-0.0006	815.0000	814.9782	1.0272	-5.3720	99.9531	40.6120	0.8230	0.8244	5.0000	-9999.0000	-9999.0000	-9999.0000	-9999.0000	-9999.0000	-9999.0000	19.0584	3	0	30.3787	1.0000	16	1	-9999.0000	25711	53066	-9999	-9999	1475	2907	583.7183	5	0.7166	0.7304	-0.0006	91.0591	0.8198	719.7814	531.1257	45.3472	703.7133	95.0000	718.8506	95.1389	725.2707	94.6528	730.5604	94.7222	
25/08/2017	00:42:35	011995	H421114587HLR	L421	S		702.6555	1.0400	0.0000	99.9106	40.0000	0.8230	1.1606	5.0000	27.5384	815.0608	94.6991	25.0084	25.2000	0.9300	0.9276	0.7264	-0.0004	815.0000	814.8866	1.0272	-5.3725	99.9138	40.5967	0.8230	0.8239	5.0000	-9999.0000	-9999.0000	-9999.0000	-9999.0000	-9999.0000	-9999.0000	20.1185	4	0	97.3753	1.0000	16	1	-9999.0000	25712	53067	-9999	-9999	1476	2909	583.9711	5	0.7166	0.7264	-0.0004	91.5921	0.7932	726.5280	540.3218	48.7731	712.3670	95.1157	725.6850	95.1157	732.6764	94.6528	737.6117	94.7685	
25/08/2017	00:43:11	011995	H421112400HLR	L421	S		728.9514	1.0400	0.0000	100.4370	40.0372	0.8230	1.1615	5.0000	21.0096	815.0738	94.7685	15.5695	25.3000	0.9300	0.9277	0.7264	-0.0004	815.0000	816.9486	1.0272	-5.3627	100.0893	40.6187	0.8230	0.8246	5.0000	-9999.0000	-9999.0000	-9999.0000	-9999.0000	-9999.0000	-9999.0000	17.4069	5	0	36.4179	1.0000	16	1	-9999.0000	25713	53068	-9999	-9999	1477	2911	587.1798	5	0.7166	0.7264	-0.0004	91.5921	0.7932	757.4294	559.7504	48.6111	741.3036	94.6759	756.4417	94.8380	763.1532	94.6065	768.9892	94.7685	
25/08/2017	00:43:47	011995	H421106038HLR	L421	S		730.2011	1.0400	0.0000	100.0777	39.9997	0.8230	1.1606	5.0000	27.6975	815.1161	94.7454	15.5294	25.3000	0.9300	0.9279	0.7299	-0.0005	815.0000	819.7964	1.0272	-5.3492	100.0479	40.6231	0.8230	0.8253	5.0000	-9999.0000	-9999.0000	-9999.0000	-9999.0000	-9999.0000	-9999.0000	17.4889	6	0	36.2081	1.0000	16	1	-9999.0000	25714	53069	-9999	-9999	1478	2913	588.3402	5	0.7165	0.7299	-0.0005	101.2132	0.4174	759.0109	532.8876	47.5926	741.6900	94.6759	757.8451	94.9537	764.5535	94.6528	771.2887	94.7222	
25/08/2017	00:44:24	011995	H421112390HLR	L421	S		736.5809	1.0400	0.0000	99.9773	40.0000	0.8230	1.1607	5.0000	27.1970	815.0334	94.8843	11.4095	25.3000	0.9300	0.9278	0.7229	-0.0003	815.0000	814.1719	1.0272	-5.3758	100.0053	40.6611	0.8230	0.8265	5.0000	-9999.0000	-9999.0000	-9999.0000	-9999.0000	-9999.0000	-9999.0000	17.2791	7	0	37.0272	1.0000	16	1	-9999.0000	25715	53070	-9999	-9999	1479	2915	586.8393	5	0.7163	0.7229	-0.0003	104.9301	0.2731	774.2816	539.5575	48.6343	755.5382	94.7222	773.6645	94.9306	780.3947	94.6065	786.1716	94.7222	
25/08/2017	00:45:00	011995	H421112988HLR	L421	S		729.4657	1.0400	0.0000	99.9011	40.0000	0.8230	1.1606	5.0000	27.4088	815.0463	94.9537	12.2396	25.4000	0.9300	0.9280	0.7218	-0.0002	815.0000	811.0919	1.0272	-5.3905	99.9517	40.6919	0.8230	0.8265	5.0000	-9999.0000	-9999.0000	-9999.0000	-9999.0000	-9999.0000	-9999.0000	17.4991	8	0	35.8586	1.0000	16	1	-9999.0000	25716	53071	-9999	-9999	1480	2916	586.1998	5	0.7163	0.7218	-0.0002	102.6010	0.3634	769.7410	534.9139	45.8333	751.9137	94.4676	768.8604	94.9306	774.5376	94.6296	780.5738	94.7222	
25/08/2017	00:45:31	011995	H421114618HLR	L421	S		704.1403	1.0400	0.0000	100.1480	40.0000	0.8230	1.1606	5.0000	27.6156	815.0256	94.7685	25.3385	25.3000	0.9300	0.9279	0.7213	-0.0002	815.0000	814.6606	1.0272	-5.3735	99.8002	40.6941	0.8230	0.8259	5.0000	-9999.0000	-9999.0000	-9999.0000	-9999.0000	-9999.0000	-9999.0000	17.2064	1	0	30.9682	1.0000	16	1	-9999.0000	25717	53072	-9999	-9999	1481	2918	583.8393	5	0.7165	0.7213	-0.0002	54.4775	2.2321	733.1578	527.4029	47.1296	719.1725	94.7917	731.9972	95.1389	738.1015	94.8148	742.8169	94.6528	
25/08/2017	00:46:02	011995	H421114609HLR	L421	S		701.0091	1.0400	0.0000	100.1643	39.9575	0.8230	1.1608	5.0000	25.5582	815.0683	94.7685	25.1383	25.2000	0.9300	0.9277	0.7230	-0.0003	815.0000	813.5878	1.0272	-5.3786	99.9534	40.6672	0.8230	0.8251	5.0000	-9999.0000	-9999.0000	-9999.0000	-9999.0000	-9999.0000	-9999.0000	17.3031	2	0	31.1393	1.0000	16	1	-9999.0000	25718	53073	-9999	-9999	1482	2920	583.8531	5	0.7170	0.7230	-0.0003	52.4365	2.3039	732.5678	540.1499	47.7546	717.8294	95.0463	732.1630	95.1852	737.3693	94.6528	743.1809	94.7454	
25/08/2017	00:46:33	011995	H421114372HLR	L421	S		701.5657	1.0400	0.0000	100.0468	39.9400	0.8230	1.1606	5.0000	27.8080	815.1181	94.9537	25.9488	25.2000	0.9300	0.9276	0.7241	-0.0003	815.0000	813.2445	1.0272	-5.3802	99.9858	40.6626	0.8230	0.8251	5.0000	-9999.0000	-9999.0000	-9999.0000	-9999.0000	-9999.0000	-9999.0000	17.2887	3	0	30.8174	1.0000	16	1	-9999.0000	25719	53074	-9999	-9999	1483	2922	583.7427	5	0.7176	0.7241	-0.0003	53.2286	2.2653	730.3638	535.5636	44.2824	714.4356	94.8611	729.8701	95.0000	735.9934	94.6296	741.6340	94.7917	
25/08/2017	00:47:04	011995	H421114629HLR	L421	S		700.3272	1.0400	0.0000	100.1410	39.9397	0.8230	1.1607	5.0000	26.1778	815.0357	94.5370	24.8288	25.3000	0.9300	0.9276	0.7231	-0.0003	815.0000	813.5272	1.0272	-5.3789	100.0233	40.6570	0.8230	0.8249	5.0000	-9999.0000	-9999.0000	-9999.0000	-9999.0000	-9999.0000	-9999.0000	17.5084	4	0	31.4455	1.0000	16	1	-9999.0000	25720	53075	-9999	-9999	1484	2924	583.9310	5	0.7178	0.7231	-0.0003	53.2591	2.2629	728.3233	543.3337	47.5000	713.1500	94.6991	727.0839	95.0926	734.1161	94.6759	738.9986	94.7454	
25/08/2017	00:47:35	011995	H421106024HLR	L421	S		739.2384	1.0400	0.0000	100.0839	39.9333	0.8230	1.1607	5.0000	27.2640	0.0000	0.0000	0.0000	0.0000	0.9300	0.0000	0.0000	0.0000	0.0000	736.9467	1.0272	-3.9749	99.6705	40.6667	0.8230	0.8254	5.0000	-9999.0000	-9999.0000	-9999.0000	-9999.0000	-9999.0000	-9999.0000	17.4073	5	8	30.6531	1.0000	16	1	-9999.0000	25721	0	-9999	-9999	1485	2926	0.0000	0	0.0000	0.0000	0.0000	0.0000	0.0000	0.0000	0.0000	0.0000	0.0000	0.0000	0.0000	0.0000	0.0000	0.0000	0.0000	0.0000	
25/08/2017	00:48:06	011995	H421106076HLR	L421	S		728.7454	1.0400	0.0000	99.7415	39.9333	0.8230	1.1606	5.0000	28.0531	815.0587	94.7222	15.0695	25.5000	0.9300	0.9283	0.7231	-0.0003	815.0000	814.9038	1.0272	-5.3724	100.1323	40.6578	0.8230	0.8249	5.0000	-9999.0000	-9999.0000	-9999.0000	-9999.0000	-9999.0000	-9999.0000	17.2566	6	0	31.3670	1.0000	16	1	-9999.0000	25722	53076	-9999	-9999	1485	2927	586.3889	5	0.7178	0.7231	-0.0003	52.7843	2.2998	761.8962	547.1713	46.2731	745.4318	94.4444	761.0656	94.9074	766.3462	94.6991	770.3375	94.7454	
25/08/2017	00:48:38	011995	H421112119HLR	L421	S		720.5631	1.0400	0.0000	99.9048	39.9333	0.8230	1.1606	5.0000	28.1592	815.1532	94.7685	15.5099	25.5000	0.9300	0.9280	0.7240	-0.0003	815.0000	815.3365	1.0272	-5.3703	100.0524	40.6556	0.8230	0.8249	5.0000	-9999.0000	-9999.0000	-9999.0000	-9999.0000	-9999.0000	-9999.0000	17.4064	7	0	31.1282	1.0000	16	2	-9999.0000	25723	53077	-9999	-9999	1486	2928	586.6237	5	0.7180	0.7240	-0.0003	52.2778	2.3319	759.7700	524.1744	48.3565	743.0860	94.7917	759.1730	94.9306	765.4009	94.6296	770.6931	94.7454	
25/08/2017	00:49:09	011995	H421111466HLR	L421	S		722.8194	1.0400	0.0000	100.0132	39.9409	0.8230	1.1607	5.0000	27.8687	815.0642	94.8148	16.0890	25.4000	0.9300	0.9279	0.7234	-0.0003	815.0000	815.6071	1.0272	-5.3690	100.0496	40.6473	0.8230	0.8248	5.0000	-9999.0000	-9999.0000	-9999.0000	-9999.0000	-9999.0000	-9999.0000	17.3592	8	0	30.9377	1.0000	16	2	-9999.0000	25724	53078	-9999	-9999	1487	2930	586.3827	5	0.7182	0.7234	-0.0003	51.2910	2.4038	761.0858	554.1845	47.5463	745.1019	94.7222	760.3060	94.8611	765.7988	94.6296	772.1356	94.7917	
25/08/2017	00:49:39	011995	H421106192HLR	L421	S		704.4188	1.0400	0.0000	99.7815	39.9335	0.8230	1.1606	5.0000	28.4583	815.0364	94.8843	18.6191	25.5000	0.9300	0.9279	0.7232	-0.0002	815.0000	813.2649	1.0272	-5.3801	99.7185	40.6445	0.8230	0.8245	5.0000	-9999.0000	-9999.0000	-9999.0000	-9999.0000	-9999.0000	-9999.0000	17.5688	1	0	30.7886	1.0000	16	2	-9999.0000	25725	53079	-9999	-9999	1488	2932	585.9474	5	0.7186	0.7232	-0.0002	50.6736	2.4288	745.4825	548.0455	48.5185	729.0121	94.9769	744.3646	95.1620	750.8361	94.7222	756.3915	94.6991	
25/08/2017	00:50:10	011995	H421106210HLR	L421	S		702.5607	1.0400	0.0000	99.9966	39.9552	0.8230	1.1607	5.0000	27.6653	815.0510	94.9306	20.2792	25.4000	0.9300	0.9278	0.7223	-0.0002	815.0000	814.3385	1.0272	-5.3751	100.0654	40.6496	0.8230	0.8248	5.0000	-9999.0000	-9999.0000	-9999.0000	-9999.0000	-9999.0000	-9999.0000	17.2984	2	0	30.9581	1.0000	16	2	-9999.0000	25726	53079	-9999	-9999	1489	2934	585.5585	5	0.7189	0.7223	-0.0002	51.8598	2.3765	743.8532	510.2839	46.6435	727.7590	94.7685	742.7728	95.1620	749.9321	94.7222	754.1304	94.6991	
25/08/2017	00:50:41	011995	H421098765HLR	L421	S		697.4077	1.0400	0.0000	99.8433	39.9688	0.8230	1.1607	5.0000	26.1284	815.0584	94.7917	18.1992	25.4000	0.9300	0.9277	0.7223	-0.0002	815.0000	815.0361	1.0272	-5.3717	99.5863	40.6520	0.8230	0.8248	5.0000	-9999.0000	-9999.0000	-9999.0000	-9999.0000	-9999.0000	-9999.0000	17.2997	3	0	30.5688	1.0000	16	2	-9999.0000	25727	53080	-9999	-9999	1490	2936	585.9100	5	0.7189	0.7223	-0.0002	51.8598	2.3765	755.7250	537.0134	46.4583	740.2874	94.6759	754.8969	95.0694	760.7170	94.6759	764.5840	94.7685	
25/08/2017	00:51:11	011995	H421111487HLR	L421	S		713.4031	1.0400	0.0000	99.9148	39.9679	0.8230	1.1607	5.0000	28.1587	815.0568	94.8611	18.6191	25.3000	0.9300	0.9278	0.7228	-0.0002	815.0000	817.7002	1.0272	-5.3591	100.0057	40.6533	0.8230	0.8248	5.0000	-9999.0000	-9999.0000	-9999.0000	-9999.0000	-9999.0000	-9999.0000	17.2985	4	0	30.3587	1.0000	16	2	-9999.0000	25728	53081	-9999	-9999	1491	2938	585.8972	5	0.7192	0.7228	-0.0002	53.5634	2.3188	755.2717	530.2301	46.7130	741.0206	94.7222	754.5850	95.0694	760.2767	94.6759	765.1921	94.7222	
25/08/2017	00:51:43	011995	H421111473HLR	L421	S		713.8796	1.0400	0.0000	99.9145	39.9893	0.8230	1.1606	5.0000	27.9182	815.1061	94.8380	19.1494	25.3000	0.9300	0.9277	0.7246	-0.0003	815.0000	815.6895	1.0272	-5.3686	100.0124	40.6519	0.8230	0.8245	5.0000	-9999.0000	-9999.0000	-9999.0000	-9999.0000	-9999.0000	-9999.0000	17.6685	5	0	31.2987	1.0000	16	2	-9999.0000	25728	53082	-9999	-9999	1492	2940	586.0178	5	0.7190	0.7246	-0.0003	58.8439	2.1604	751.1505	550.5640	48.6574	737.6051	94.7917	750.2608	95.0000	755.7848	94.6759	761.6225	94.7454	
25/08/2017	00:52:14	011995	H421106195HLR	L421	S		705.5679	1.0400	0.0000	99.9576	40.0000	0.8230	1.1607	5.0000	27.7581	815.0359	94.8148	19.5185	25.3000	0.9300	0.9278	0.7220	-0.0002	815.0000	814.8970	1.0272	-5.3724	99.9905	40.6574	0.8230	0.8249	5.0000	-9999.0000	-9999.0000	-9999.0000	-9999.0000	-9999.0000	-9999.0000	17.2792	6	0	31.3972	1.0000	16	2	-9999.0000	25728	53083	-9999	-9999	1493	2942	586.1100	5	0.7186	0.7220	-0.0002	64.7761	1.9157	743.4536	536.5300	46.9676	727.0529	94.6528	742.9961	95.0463	748.3851	94.6759	753.9778	94.7685	
25/08/2017	00:52:45	011995	H421106193HLR	L421	S		703.4768	1.0400	0.0000	99.8366	40.0000	0.8230	1.1606	5.0000	27.9692	815.0398	94.7454	19.3388	25.3000	0.9300	0.9278	0.7220	-0.0002	815.0000	814.2809	1.0272	-5.3753	100.1152	40.6553	0.8230	0.8248	5.0000	-9999.0000	-9999.0000	-9999.0000	-9999.0000	-9999.0000	-9999.0000	17.3280	7	0	31.2990	1.0000	16	2	-9999.0000	25729	53084	-9999	-9999	1494	2944	585.8619	5	0.7186	0.7220	-0.0002	66.8429	1.8982	746.2726	549.1302	45.8796	729.8858	94.6065	745.4540	94.9306	751.6767	94.6528	757.8740	94.8148	
25/08/2017	00:53:17	011995	H421098757HLR	L421	S		391.8113	1.0400	0.0000	100.2512	39.9682	0.8230	1.1613	5.0000	26.9142	0.0000	0.0000	0.0000	0.0000	0.9300	0.0000	0.0000	0.0000	0.0000	708.2861	1.0272	-3.1188	99.6837	40.6537	0.8230	0.8252	5.0000	-9999.0000	-9999.0000	-9999.0000	-9999.0000	-9999.0000	-9999.0000	17.4604	8	7	31.7677	1.0000	16	2	-9999.0000	25730	0	-9999	-9999	1495	2946	0.0000	0	0.0000	0.0000	0.0000	0.0000	0.0000	0.0000	0.0000	0.0000	0.0000	0.0000	0.0000	0.0000	0.0000	0.0000	0.0000	0.0000	
25/08/2017	00:53:47	011995	H421112099HLR	L421	S		721.6299	1.0400	0.0000	100.1417	40.0000	0.8230	1.1607	5.0000	27.4237	815.0722	94.8843	13.3596	25.4000	0.9300	0.9282	0.7218	-0.0002	815.0000	812.4362	1.0272	-5.3841	100.0985	40.6487	0.8230	0.8246	5.0000	-9999.0000	-9999.0000	-9999.0000	-9999.0000	-9999.0000	-9999.0000	17.2693	1	0	30.0981	1.0000	16	2	-9999.0000	25731	53085	-9999	-9999	1495	2947	586.6511	5	0.7187	0.7218	-0.0002	64.9026	2.0177	765.2971	493.9044	47.8241	749.4995	94.5139	764.6632	94.9537	771.7956	94.7222	776.9641	94.7222	
25/08/2017	00:54:18	011995	H421111458HLR	L421	S		687.8325	1.0400	0.0000	100.0954	40.0000	0.8230	1.1607	5.0000	28.3580	815.0756	94.8843	17.4688	25.4000	0.9300	0.9281	0.7219	-0.0002	815.0000	813.2018	1.0272	-5.3804	99.9670	40.6438	0.8230	0.8246	5.0000	-9999.0000	-9999.0000	-9999.0000	-9999.0000	-9999.0000	-9999.0000	17.3374	2	0	30.8283	1.0000	16	2	-9999.0000	25732	53086	-9999	-9999	1496	2948	586.2385	5	0.7189	0.7219	-0.0002	23.4285	4.4094	750.6707	518.4102	46.2963	732.5023	94.6528	750.2470	95.0000	756.0383	94.6759	761.2340	94.7454	
25/08/2017	00:54:47	011995	H421106204HLR	L421	S		706.0212	1.0400	0.0000	100.0970	40.0326	0.8230	1.1606	5.0000	28.3480	815.0825	95.0694	20.2782	25.3000	0.9300	0.9279	0.7203	-0.0001	815.0000	815.8732	1.0272	-5.3678	100.0159	40.6495	0.8230	0.8246	5.0000	-9999.0000	-9999.0000	-9999.0000	-9999.0000	-9999.0000	-9999.0000	17.3384	3	0	28.8491	1.0000	16	2	-9999.0000	25733	53087	-9999	-9999	1497	2949	586.1898	5	0.7190	0.7203	-0.0001	21.8686	4.5004	750.1453	548.2316	45.6713	734.7344	94.9537	749.2077	95.0694	755.9479	94.6759	761.0667	94.7222	
25/08/2017	00:55:21	011995	H421106219HLR	L421	S		706.2545	1.0400	0.0000	100.1499	40.0349	0.8230	1.1607	5.0000	27.6104	815.0892	94.9769	20.8387	25.3000	0.9300	0.9278	0.7197	-0.0000	815.0000	817.1769	1.0272	-5.3616	100.1688	40.6479	0.8230	0.8246	5.0000	-9999.0000	-9999.0000	-9999.0000	-9999.0000	-9999.0000	-9999.0000	17.4192	4	0	33.8878	1.0000	16	2	-9999.0000	25734	53087	-9999	-9999	1498	2951	586.1712	5	0.7193	0.7197	-0.0000	43.6713	3.3331	748.4471	551.3235	47.5000	732.3915	94.7685	747.6006	95.0000	753.5321	94.6528	759.3066	94.7685	
25/08/2017	00:55:54	011995	H421098766HLR	L421	S		701.8513	1.0400	0.0000	99.8821	40.0535	0.8230	1.1606	5.0000	26.3520	815.0410	94.7685	18.6387	25.2000	0.9300	0.9278	0.7268	-0.0004	815.0000	817.3047	1.0272	-5.3610	100.0311	40.6656	0.8230	0.8249	5.0000	-9999.0000	-9999.0000	-9999.0000	-9999.0000	-9999.0000	-9999.0000	17.1935	5	0	32.9581	1.0000	16	2	-9999.0000	25735	53088	-9999	-9999	1499	2953	586.1765	5	0.7194	0.7268	-0.0004	45.0164	3.2729	755.7827	548.3271	48.6806	737.9156	94.6528	754.8836	94.9537	762.0147	94.6296	766.7013	94.7917	
25/08/2017	00:56:24	011995	H421111492HLR	L421	S		716.1998	1.0400	0.0000	99.8935	40.0667	0.8230	1.1606	5.0000	27.1286	815.0965	94.7222	15.4786	25.4000	0.9300	0.9278	0.7268	-0.0004	815.0000	815.3594	1.0272	-5.3702	100.0864	40.6459	0.8230	0.8246	5.0000	-9999.0000	-9999.0000	-9999.0000	-9999.0000	-9999.0000	-9999.0000	17.2491	6	0	30.0481	1.0000	16	2	-9999.0000	25736	53089	-9999	-9999	1500	2955	587.3969	5	0.7194	0.7268	-0.0004	45.0164	3.2729	755.8434	543.8139	46.2731	741.0069	94.5139	754.6955	94.8380	762.1619	94.6296	768.2781	94.7917	
25/08/2017	00:56:56	011995	H421111455HLR	L421	S		694.4295	1.0400	0.0000	99.9624	40.0667	0.8230	1.1606	5.0000	27.8579	815.0586	94.8380	17.5088	25.4000	0.9300	0.9279	0.7295	-0.0005	815.0000	815.1703	1.0272	-5.3711	99.9636	40.6336	0.8230	0.8246	5.0000	-9999.0000	-9999.0000	-9999.0000	-9999.0000	-9999.0000	-9999.0000	17.2681	7	0	32.6387	1.0000	16	2	-9999.0000	25737	53090	-9999	-9999	1501	2957	586.9575	5	0.7190	0.7295	-0.0005	169.5173	-2.9913	747.4545	527.0233	45.5093	730.5868	94.6528	746.4859	94.8843	752.2182	94.6528	758.6353	94.7685	
25/08/2017	00:57:27	011995	H421106199HLR	L421	S		697.0670	1.0400	0.0000	100.1940	40.0779	0.8230	1.1607	5.0000	25.8282	815.0249	94.6991	22.8787	25.2000	0.9300	0.9278	0.7299	-0.0006	815.0000	813.7755	1.0272	-5.3777	99.7391	40.6396	0.8230	0.8245	5.0000	-9999.0000	-9999.0000	-9999.0000	-9999.0000	-9999.0000	-9999.0000	17.3191	8	0	30.9377	1.0000	16	2	-9999.0000	25738	53090	-9999	-9999	1502	2959	584.3104	5	0.7189	0.7299	-0.0006	182.3752	-3.6687	729.2351	538.2374	48.1481	713.8769	94.9769	728.3585	95.0463	733.9630	94.6759	739.9134	94.7454	
25/08/2017	00:57:57	011995	H421106220HLR	L421	S		699.1211	1.0400	0.0000	99.8971	40.0689	0.8230	1.1605	5.0000	27.6587	815.0702	94.7917	21.8289	25.3000	0.9300	0.9277	0.7295	-0.0006	815.0000	814.2866	1.0272	-5.3753	99.9867	40.6171	0.8230	0.8239	5.0000	-9999.0000	-9999.0000	-9999.0000	-9999.0000	-9999.0000	-9999.0000	18.7682	1	0	30.0097	1.0000	16	2	-9999.0000	25739	53091	-9999	-9999	1503	2961	584.4742	5	0.7190	0.7295	-0.0006	56.9656	2.6327	731.8614	570.5148	48.3565	717.8392	94.8611	730.8692	95.1389	736.1332	94.6991	742.7818	94.7454	
25/08/2017	00:58:29	011995	H421098791HLR	L421	S		694.8559	1.0400	0.0000	99.8001	40.0675	0.8230	1.1605	5.0000	28.4288	815.0648	94.8843	17.8184	25.3000	0.9300	0.9278	0.7295	-0.0006	815.0000	815.7118	1.0272	-5.3685	100.0944	40.6346	0.8230	0.8246	5.0000	-9999.0000	-9999.0000	-9999.0000	-9999.0000	-9999.0000	-9999.0000	17.2388	2	0	31.7369	1.0000	16	2	-9999.0000	25740	53092	-9999	-9999	1503	2963	586.3861	5	0.7194	0.7295	-0.0006	65.9896	2.3004	745.2402	560.9291	48.8194	728.8321	94.9537	744.6115	94.8611	751.3397	94.6296	758.4652	94.7917	
25/08/2017	00:59:05	011995	H421111481HLR	L421	S		714.1824	1.0400	0.0000	99.9308	40.0818	0.8230	1.1605	5.0000	27.0769	815.0471	94.9074	17.4991	25.4000	0.9300	0.9279	0.7295	-0.0006	815.0000	814.9530	1.0272	-5.3721	99.6800	40.6437	0.8230	0.8245	5.0000	-9999.0000	-9999.0000	-9999.0000	-9999.0000	-9999.0000	-9999.0000	17.2186	3	0	35.3855	1.0000	16	2	-9999.0000	25741	53093	-9999	-9999	1503	2964	586.6985	5	0.7194	0.7295	-0.0006	65.9896	2.3004	748.9257	540.1300	46.4815	733.5840	94.6991	748.1291	95.1157	755.3292	94.6759	760.5906	94.7222	
25/08/2017	00:59:39	011995	H421111453HLR	L421	S		706.5997	1.0400	0.0000	100.1466	40.0752	0.8230	1.1605	5.0000	29.6980	815.0569	94.8148	17.6993	25.3000	0.9300	0.9279	0.7281	-0.0005	815.0000	813.1825	1.0272	-5.3805	99.8508	40.6061	0.8230	0.8233	5.0000	-9999.0000	-9999.0000	-9999.0000	-9999.0000	-9999.0000	-9999.0000	20.0041	4	0	33.5816	1.0000	16	2	-9999.0000	25742	53094	-9999	-9999	1504	2965	586.7733	5	0.7193	0.7281	-0.0005	58.2670	2.6060	743.8374	540.5136	47.7546	725.9618	94.7685	742.9081	95.0231	749.7469	94.6528	756.1923	94.7454	
25/08/2017	01:00:14	011995	H421106197HLR	L421	S		707.6514	1.0400	0.0000	100.0802	40.0968	0.8230	1.1605	5.0000	27.9194	815.0645	94.8611	18.4482	25.3000	0.9300	0.9279	0.7280	-0.0005	815.0000	814.1104	1.0272	-5.3761	100.0753	40.6325	0.8230	0.8249	5.0000	-9999.0000	-9999.0000	-9999.0000	-9999.0000	-9999.0000	-9999.0000	17.6060	5	0	35.4872	1.0000	16	2	-9999.0000	25743	53095	-9999	-9999	1504	2967	586.4752	5	0.7191	0.7280	-0.0005	81.2056	1.6761	744.3726	534.9290	45.7870	726.8493	94.6528	743.3605	95.0231	749.6767	94.6528	755.3902	94.7685	
25/08/2017	01:00:44	011995	H421106212HLR	L421	S		703.6156	1.0400	0.0000	100.0004	40.1000	0.8230	1.1605	5.0000	27.0546	815.0418	94.8843	20.7489	25.3000	0.9300	0.9278	0.7271	-0.0004	815.0000	816.1489	1.0272	-5.3665	100.1128	40.6408	0.8230	0.8253	5.0000	-9999.0000	-9999.0000	-9999.0000	-9999.0000	-9999.0000	-9999.0000	17.7518	6	0	30.5189	1.0000	16	2	-9999.0000	25744	53095	-9999	-9999	1504	2969	585.3537	5	0.7189	0.7271	-0.0004	99.9432	0.7146	739.1576	544.1020	45.3009	724.3946	94.8611	738.6918	95.1157	743.5059	94.6991	750.0440	94.7222	
25/08/2017	01:01:16	011995	H421098764HLR	L421	S		695.9474	1.0400	0.0000	100.1649	40.1000	0.8230	1.1605	5.0000	27.4184	815.1351	94.9074	20.6883	25.4000	0.9300	0.9278	0.7271	-0.0004	815.0000	817.3260	1.0272	-5.3609	100.0690	40.6617	0.8230	0.8260	5.0000	-9999.0000	-9999.0000	-9999.0000	-9999.0000	-9999.0000	-9999.0000	17.5556	7	0	31.5979	1.0000	16	2	-9999.0000	25745	53096	-9999	-9999	1505	2971	585.5565	5	0.7190	0.7271	-0.0004	81.6851	1.5385	742.2776	532.3652	47.8935	723.4477	94.7917	741.2553	95.0463	746.4896	94.6528	751.6025	94.7454	
25/08/2017	01:01:47	011995	H421111477HLR	L421	S		711.1596	1.0400	0.0000	99.9784	40.1000	0.8230	1.1605	5.0000	28.4183	815.0619	94.9074	17.2286	25.4000	0.9300	0.9280	0.7271	-0.0004	815.0000	814.5909	1.0272	-5.3739	99.9427	40.6500	0.8230	0.8258	5.0000	-9999.0000	-9999.0000	-9999.0000	-9999.0000	-9999.0000	-9999.0000	17.6179	8	0	31.2084	1.0000	16	2	-9999.0000	25746	53096	-9999	-9999	1506	2973	586.8778	5	0.7190	0.7271	-0.0004	81.6851	1.5385	747.7749	441.3866	46.2037	730.3853	94.7222	747.1556	95.0463	753.0081	94.6528	758.9617	94.7454	
25/08/2017	01:02:17	011995	H421111464HLR	L421	S		714.1558	1.0400	0.0000	99.9473	40.1000	0.8230	1.1605	5.0000	27.5259	815.0624	94.8611	17.7998	25.4000	0.9300	0.9279	0.7276	-0.0004	815.0000	814.6155	1.0272	-5.3737	100.1132	40.6500	0.8230	0.8258	5.0000	-9999.0000	-9999.0000	-9999.0000	-9999.0000	-9999.0000	-9999.0000	17.2679	1	0	29.8489	1.0000	16	2	-9999.0000	25747	53097	-9999	-9999	1507	2975	586.6231	5	0.7192	0.7276	-0.0004	61.9670	2.4058	748.5005	435.8426	48.1713	730.1621	94.9074	747.7273	95.0000	752.6772	94.6528	758.3666	94.7454	
25/08/2017	01:02:47	011995	H421106202HLR	L421	S		462.5544	1.0400	0.0000	99.8628	40.0518	0.8230	1.1607	5.0000	29.9214	0.0000	0.0000	0.0000	0.0000	0.9300	0.0000	0.0000	0.0000	0.0000	693.0005	1.0272	-3.0000	99.7571	40.6483	0.8230	0.8260	5.0000	-9999.0000	-9999.0000	-9999.0000	-9999.0000	-9999.0000	-9999.0000	17.7683	2	7	30.2483	1.0000	16	2	-9999.0000	25747	0	-9999	-9999	1508	2977	0.0000	0	0.0000	0.0000	0.0000	0.0000	0.0000	0.0000	0.0000	0.0000	0.0000	0.0000	0.0000	0.0000	0.0000	0.0000	0.0000	0.0000	
25/08/2017	01:03:20	011995	H421098793HLR	L421	S		702.2385	1.0400	0.0000	99.9222	40.0694	0.8230	1.1606	5.0000	27.3386	815.0598	94.7917	20.1796	25.5000	0.9300	0.9282	0.7308	-0.0006	815.0000	812.5534	1.0272	-5.3835	100.0966	40.6447	0.8230	0.8252	5.0000	-9999.0000	-9999.0000	-9999.0000	-9999.0000	-9999.0000	-9999.0000	17.2890	3	0	33.1779	1.0000	16	2	-9999.0000	25748	53097	-9999	-9999	1509	2979	585.6639	5	0.7191	0.7308	-0.0006	57.9322	2.6344	736.2105	516.1461	46.1574	721.1849	94.6528	735.3259	95.0463	740.0202	94.7454	746.2648	94.6991	
25/08/2017	01:03:49	011995	H421098760HLR	L421	S		703.0441	1.0400	0.0000	99.9953	40.0796	0.8230	1.1605	5.0000	27.5770	815.0615	94.8843	17.6094	25.4000	0.9300	0.9279	0.7308	-0.0006	815.0000	814.2619	1.0272	-5.3754	99.8551	40.6440	0.8230	0.8251	5.0000	-9999.0000	-9999.0000	-9999.0000	-9999.0000	-9999.0000	-9999.0000	17.2389	4	0	28.9585	1.0000	16	2	-9999.0000	25749	53098	-9999	-9999	1510	2981	586.9608	5	0.7191	0.7308	-0.0006	57.9322	2.6344	744.7972	537.4177	45.3241	726.1650	94.8611	743.6830	95.0231	749.5627	94.6296	756.8016	94.7685	
25/08/2017	01:04:21	011995	H421111467HLR	L421	S		709.0228	1.0400	0.0000	100.0406	40.1000	0.8230	1.1605	5.0000	28.1370	815.0545	94.8148	16.6183	25.3000	0.9300	0.9279	0.7310	-0.0006	815.0000	815.3400	1.0272	-5.3703	99.7076	40.6454	0.8230	0.8249	5.0000	-9999.0000	-9999.0000	-9999.0000	-9999.0000	-9999.0000	-9999.0000	18.5786	5	0	32.0481	1.0000	16	2	-9999.0000	25750	53099	-9999	-9999	1511	2983	587.4795	5	0.7191	0.7310	-0.0006	52.5067	2.9070	747.5735	540.7571	48.8426	729.4244	94.9074	746.5916	94.9769	753.4316	94.6296	759.4158	94.7685	
25/08/2017	01:04:54	011995	H421106183HLR	L421	S		705.2399	1.0400	0.0000	99.9948	40.1000	0.8230	1.1605	5.0000	26.8682	815.1143	94.8843	17.7989	25.3000	0.9300	0.9279	0.7310	-0.0006	815.0000	816.8199	1.0272	-5.3633	99.9720	40.6400	0.8230	0.8249	5.0000	-9999.0000	-9999.0000	-9999.0000	-9999.0000	-9999.0000	-9999.0000	17.3395	6	0	32.5783	1.0000	16	2	-9999.0000	25751	53100	-9999	-9999	1511	2984	586.9634	5	0.7191	0.7310	-0.0006	52.5067	2.9070	745.7770	523.8944	46.5509	727.6024	94.7222	744.8836	95.0000	751.5581	94.6296	756.8986	94.7454	
25/08/2017	01:05:26	011995	H421106208HLR	L421	S		699.7050	1.0400	0.0000	99.9864	40.1000	0.8230	1.1605	5.0000	27.2981	815.0886	94.9306	22.1385	25.3000	0.9300	0.9278	0.7364	-0.0009	815.0000	813.4908	1.0272	-5.3791	99.7585	40.6447	0.8230	0.8250	5.0000	-9999.0000	-9999.0000	-9999.0000	-9999.0000	-9999.0000	-9999.0000	17.1380	7	0	32.7687	1.0000	16	2	-9999.0000	25752	53101	-9999	-9999	1512	2986	584.5448	5	0.7197	0.7364	-0.0009	47.1918	3.2637	728.2326	546.9862	45.9259	712.3253	94.7685	727.4538	95.0463	731.6306	94.6296	739.0024	94.7685	
25/08/2017	01:05:58	011995	H421098784HLR	L421	S		710.0372	1.0400	0.0000	100.2829	40.1054	0.8230	1.1605	5.0000	27.7885	815.0524	94.9074	17.7588	25.3000	0.9300	0.9278	0.7364	-0.0009	815.0000	816.1087	1.0272	-5.3667	100.0927	40.6450	0.8230	0.8250	5.0000	-9999.0000	-9999.0000	-9999.0000	-9999.0000	-9999.0000	-9999.0000	17.5590	8	0	31.0485	1.0000	16	2	-9999.0000	25753	53102	-9999	-9999	1513	2988	587.1135	5	0.7198	0.7364	-0.0009	56.4980	2.7711	740.1829	496.9789	49.0278	723.9568	94.8843	739.2135	94.9769	746.4808	94.6296	752.5535	94.7685	
25/08/2017	01:06:28	011995	H421102538HLR	L421	S		702.5079	1.0400	0.0000	99.9233	40.1337	0.8230	1.1606	5.0000	24.9785	815.0644	94.8611	21.1190	25.2000	0.9300	0.9278	0.7354	-0.0009	815.0000	815.3212	1.0272	-5.3704	99.8226	40.6490	0.8230	0.8253	5.0000	-9999.0000	-9999.0000	-9999.0000	-9999.0000	-9999.0000	-9999.0000	17.2389	1	0	30.0176	1.0000	16	2	-9999.0000	25754	53102	-9999	-9999	1514	2990	584.6711	5	0.7197	0.7354	-0.0009	69.3153	2.1308	733.6854	555.3826	46.8981	718.8249	94.7917	732.9366	94.9537	739.1029	94.5833	744.5410	94.8148	
25/08/2017	01:07:00	011995	H421111469HLR	L421	S		708.7482	1.0400	0.0000	99.8733	40.1144	0.8230	1.1604	5.0000	28.0093	815.0675	94.9537	18.3193	25.3000	0.9300	0.9278	0.7354	-0.0009	815.0000	816.3289	1.0272	-5.3656	100.0650	40.6465	0.8230	0.8253	5.0000	-9999.0000	-9999.0000	-9999.0000	-9999.0000	-9999.0000	-9999.0000	17.2693	2	0	32.3092	1.0000	16	2	-9999.0000	25755	53103	-9999	-9999	1515	2992	586.7433	5	0.7197	0.7354	-0.0009	69.3153	2.1308	740.3292	553.1895	48.4259	724.5736	94.9074	739.4711	94.9769	746.8173	94.6065	753.0727	94.8148	
25/08/2017	01:07:32	011995	H421106186HLR	L421	S		700.0272	1.0400	0.0000	99.9693	40.1090	0.8230	1.1604	5.0000	29.5971	815.0664	94.8611	21.2694	25.3000	0.9300	0.9279	0.7291	-0.0005	815.0000	814.8085	1.0272	-5.3728	99.8093	40.6220	0.8230	0.8240	5.0000	-9999.0000	-9999.0000	-9999.0000	-9999.0000	-9999.0000	-9999.0000	20.0982	3	0	31.6853	1.0000	16	2	-9999.0000	25756	53103	-9999	-9999	1516	2994	585.4585	5	0.7193	0.7291	-0.0005	76.1555	1.7602	733.5413	512.2526	47.2222	716.0492	94.9306	732.8858	95.1852	739.3070	94.6759	744.5027	94.6991	
25/08/2017	01:08:04	011995	H421098781HLR	L421	S		711.3084	1.0400	0.0000	99.9635	40.1181	0.8230	1.1604	5.0000	29.7591	815.1389	94.9074	17.1094	25.2000	0.9300	0.9278	0.7291	-0.0005	815.0000	815.8388	1.0272	-5.3679	99.9290	40.6447	0.8230	0.8253	5.0000	-9999.0000	-9999.0000	-9999.0000	-9999.0000	-9999.0000	-9999.0000	17.2714	4	0	32.1085	1.0000	16	2	-9999.0000	25756	53104	-9999	-9999	1517	2996	587.1833	5	0.7193	0.7291	-0.0005	76.1555	1.7602	750.0751	551.7786	49.2824	732.2555	94.8611	749.5552	94.9074	754.7281	94.6065	760.6207	94.7917	
25/08/2017	01:08:35	011995	H421098782HLR	L421	S		703.1604	1.0400	0.0000	99.9161	40.1281	0.8230	1.1604	5.0000	28.0481	815.0734	94.9769	18.9589	25.3000	0.9300	0.9279	0.7268	-0.0004	815.0000	814.7769	1.0272	-5.3730	100.0658	40.6433	0.8230	0.8252	5.0000	-9999.0000	-9999.0000	-9999.0000	-9999.0000	-9999.0000	-9999.0000	17.2314	5	0	31.4984	1.0000	16	2	-9999.0000	25757	53105	-9999	-9999	1518	2998	586.2842	5	0.7195	0.7268	-0.0004	81.5777	1.4554	739.3432	540.8808	48.5880	722.3956	94.9769	738.6718	95.0694	744.8145	94.6528	751.3505	94.7222	
25/08/2017	01:09:07	011995	H421092406HLR	L421	S		724.9087	1.0400	0.0000	99.8384	40.1333	0.8230	1.1608	5.0000	26.2289	815.0537	94.6759	14.2893	25.3000	0.9300	0.9279	0.7268	-0.0004	815.0000	819.0887	1.0272	-5.3525	100.0847	40.6421	0.8230	0.8252	5.0000	-9999.0000	-9999.0000	-9999.0000	-9999.0000	-9999.0000	-9999.0000	17.3500	6	0	31.5080	1.0000	16	2	-9999.0000	25758	53106	-9999	-9999	1519	3000	587.8768	5	0.7195	0.7268	-0.0004	81.5777	1.4554	764.8167	542.3329	46.8981	747.0122	94.5602	764.0154	94.8611	771.2765	94.6065	777.3475	94.7685	
25/08/2017	01:09:36	011995	H421111471HLR	L421	S		714.3003	1.0400	0.0000	100.0621	40.1167	0.8230	1.1604	5.0000	29.3581	815.0313	94.9306	17.2295	25.4000	0.9300	0.9280	0.7263	-0.0004	815.0000	814.3393	1.0272	-5.3751	99.6808	40.6408	0.8230	0.8252	5.0000	-9999.0000	-9999.0000	-9999.0000	-9999.0000	-9999.0000	-9999.0000	17.4583	7	0	29.4188	1.0000	16	2	-9999.0000	25759	53107	-9999	-9999	1520	3002	586.8268	5	0.7193	0.7263	-0.0004	84.7995	1.3299	749.9178	514.0597	47.5463	731.0606	94.8148	749.2027	95.0231	755.6899	94.6528	761.4052	94.7222	
25/08/2017	01:10:06	011995	H421106189HLR	L421	S		703.3118	1.0400	0.0000	99.8854	40.1210	0.8230	1.1604	5.0000	28.7183	815.1010	94.8843	20.5692	25.3000	0.9300	0.9280	0.7266	-0.0004	815.0000	814.4098	1.0272	-5.3747	100.0790	40.6364	0.8230	0.8253	5.0000	-9999.0000	-9999.0000	-9999.0000	-9999.0000	-9999.0000	-9999.0000	17.3483	8	0	30.2481	1.0000	16	2	-9999.0000	25760	53108	-9999	-9999	1521	3004	585.8652	5	0.7192	0.7266	-0.0004	81.6147	1.5042	737.3467	537.0614	45.5556	721.8183	94.8148	736.1537	95.2083	744.1250	94.6991	749.0608	94.6759	
25/08/2017	01:10:38	011995	H421106214HLR	L421	S		700.7891	1.0400	0.0000	100.1140	40.1161	0.8230	1.1604	5.0000	29.1426	815.0516	94.8380	20.5390	25.2000	0.9300	0.9278	0.7250	-0.0003	815.0000	815.3135	1.0272	-5.3704	100.0079	40.6275	0.8230	0.8249	5.0000	-9999.0000	-9999.0000	-9999.0000	-9999.0000	-9999.0000	-9999.0000	17.2692	1	0	31.6887	1.0000	16	2	-9999.0000	25761	53109	-9999	-9999	1522	3006	585.6859	5	0.7189	0.7250	-0.0003	78.2602	1.6588	738.2328	545.1422	46.2269	720.5497	94.6991	737.1213	95.1157	743.4174	94.6528	748.3894	94.7222	
25/08/2017	01:11:09	011995	H421098780HLR	L421	S		706.5963	1.0400	0.0000	99.8614	40.1187	0.8230	1.1604	5.0000	28.3480	815.0762	94.8843	18.6094	25.3000	0.9300	0.9279	0.7250	-0.0003	815.0000	816.8117	1.0272	-5.3633	100.0792	40.6305	0.8230	0.8245	5.0000	-9999.0000	-9999.0000	-9999.0000	-9999.0000	-9999.0000	-9999.0000	17.2788	2	0	30.6282	1.0000	16	2	-9999.0000	25762	53110	-9999	-9999	1523	3008	586.2032	5	0.7189	0.7250	-0.0003	78.2602	1.6588	748.7494	524.3401	46.9213	730.2805	94.7222	747.5802	94.8611	754.8259	94.6296	760.9472	94.7917	
25/08/2017	01:11:38	011995	H421098745HLR	L421	S		705.2095	1.0400	0.0000	99.9149	40.1159	0.8230	1.1604	5.0000	28.5287	815.0766	94.8611	18.3184	25.3000	0.9300	0.9279	0.7258	-0.0003	815.0000	814.2358	1.0272	-5.3755	100.0390	40.6284	0.8230	0.8246	5.0000	-9999.0000	-9999.0000	-9999.0000	-9999.0000	-9999.0000	-9999.0000	17.4985	3	0	29.0982	1.0000	16	2	-9999.0000	25762	53111	-9999	-9999	1524	3010	586.2921	5	0.7189	0.7258	-0.0003	59.7184	2.5418	745.9319	522.1369	45.3472	727.8018	94.8148	745.1935	95.1620	750.8175	94.6528	756.5243	94.7222	
25/08/2017	01:12:07	011995	H421111484HLR	L421	S		707.5049	1.0400	0.0000	99.8837	40.1234	0.8230	1.1604	5.0000	26.3173	815.0978	94.7917	17.7999	25.3000	0.9300	0.9279	0.7258	-0.0003	815.0000	814.7219	1.0272	-5.3732	99.9785	40.6272	0.8230	0.8245	5.0000	-9999.0000	-9999.0000	-9999.0000	-9999.0000	-9999.0000	-9999.0000	17.3872	4	0	29.7087	1.0000	16	2	-9999.0000	25763	53112	-9999	-9999	1525	3012	586.6752	5	0.7189	0.7258	-0.0003	59.7184	2.5418	749.4813	548.9967	46.2037	732.8594	94.7222	748.6667	94.9769	753.8915	94.6065	759.7193	94.7917	
25/08/2017	01:12:39	011995	H421106190HLR	L421	S		699.0690	1.0400	0.0000	99.9457	40.1142	0.8230	1.1604	5.0000	27.2782	815.0695	94.7917	20.6991	25.2000	0.9300	0.9279	0.7209	-0.0001	815.0000	813.1686	1.0272	-5.3806	100.0261	40.6361	0.8230	0.8245	5.0000	-9999.0000	-9999.0000	-9999.0000	-9999.0000	-9999.0000	-9999.0000	17.2282	5	0	31.4184	1.0000	16	2	-9999.0000	25764	53113	-9999	-9999	1526	3014	585.6227	5	0.7188	0.7209	-0.0001	54.3226	2.8637	733.8234	545.1525	49.3981	718.2373	95.0926	733.1956	94.9537	740.4172	94.6296	746.1438	94.8148	
25/08/2017	01:13:10	011995	H421106217HLR	L421	S		706.2710	1.0400	0.0000	99.9028	40.1141	0.8230	1.1604	5.0000	26.6694	815.0339	94.7685	19.6386	25.2000	0.9300	0.9279	0.7245	-0.0003	815.0000	814.7108	1.0272	-5.3733	100.0414	40.6499	0.8230	0.8246	5.0000	-9999.0000	-9999.0000	-9999.0000	-9999.0000	-9999.0000	-9999.0000	17.2589	6	0	31.4682	1.0000	16	2	-9999.0000	25765	53114	-9999	-9999	1527	3016	585.8001	5	0.7191	0.7245	-0.0003	52.4641	2.9903	748.7593	544.9550	49.3981	731.9558	94.9306	747.8592	95.0694	753.9003	94.6528	759.1302	94.7454	
25/08/2017	01:13:42	011995	H421098763HLR	L421	S		701.2187	1.0400	0.0000	99.8381	40.1114	0.8230	1.1604	5.0000	26.5984	815.0568	94.9074	16.7794	25.3000	0.9300	0.9279	0.7269	-0.0004	815.0000	817.4669	1.0272	-5.3602	99.8783	40.6419	0.8230	0.8245	5.0000	-9999.0000	-9999.0000	-9999.0000	-9999.0000	-9999.0000	-9999.0000	17.3439	7	0	31.5485	1.0000	16	2	-9999.0000	25766	53115	-9999	-9999	1528	3018	586.7536	5	0.7192	0.7269	-0.0004	53.3647	2.9521	756.5932	540.0089	46.8519	739.0450	94.6991	755.7879	95.0231	762.4484	94.6065	767.4260	94.7685	
25/08/2017	01:14:14	011995	H421098754HLR	L421	S		707.1256	1.0400	0.0000	99.8097	40.1091	0.8230	1.1605	5.0000	26.0590	815.0611	94.8843	18.6094	25.4000	0.9300	0.9279	0.7209	-0.0001	815.0000	813.5049	1.0272	-5.3790	99.8034	40.5989	0.8230	0.8231	5.0000	-9999.0000	-9999.0000	-9999.0000	-9999.0000	-9999.0000	-9999.0000	19.9914	8	0	31.9611	1.0000	16	2	-9999.0000	25767	53116	-9999	-9999	1529	3020	586.5509	5	0.7194	0.7209	-0.0001	51.5854	3.0596	742.4519	534.2030	49.2593	727.4640	95.1157	741.8104	95.1389	749.4345	94.6296	754.5365	94.6991	
25/08/2017	01:14:44	011995	H421112107HLR	L421	S		714.3264	1.0400	0.0000	99.8608	40.1148	0.8230	1.1606	5.0000	24.6973	815.0670	94.7685	15.9992	25.3000	0.9300	0.9279	0.7209	-0.0001	815.0000	814.8213	1.0272	-5.3728	99.7060	40.6324	0.8230	0.8246	5.0000	-9999.0000	-9999.0000	-9999.0000	-9999.0000	-9999.0000	-9999.0000	17.2091	1	0	29.9249	1.0000	16	1	-9999.0000	25768	53117	-9999	-9999	1529	3021	586.6949	5	0.7194	0.7209	-0.0001	51.5854	3.0596	757.4376	557.2209	46.8519	741.1072	94.7222	756.4313	94.9306	764.1609	94.5833	768.5004	94.7917	
25/08/2017	01:15:15	011995	H421111459HLR	L421	S		710.8291	1.0400	0.0000	99.7933	40.1000	0.8230	1.1603	5.0000	28.4576	815.0548	94.8843	19.3095	25.4000	0.9300	0.9280	0.7176	0.0001	815.0000	813.9059	1.0272	-5.3771	100.1117	40.6314	0.8230	0.8245	5.0000	-9999.0000	-9999.0000	-9999.0000	-9999.0000	-9999.0000	-9999.0000	17.3979	2	0	31.3192	1.0000	16	1	-9999.0000	25768	53118	-9999	-9999	1530	3023	586.3784	5	0.7191	0.7176	0.0001	51.9581	2.9915	756.0949	542.4431	47.0139	740.9258	94.7917	755.4149	95.1389	760.1741	94.6759	764.7595	94.6991	
25/08/2017	01:15:47	011995	H421106194HLR	L421	S		703.7203	1.0400	0.0000	99.9159	40.0978	0.8230	1.1604	5.0000	28.5038	815.1132	94.9074	20.4491	25.4000	0.9300	0.9279	0.7212	-0.0001	815.0000	816.4116	1.0272	-5.3652	99.9998	40.6360	0.8230	0.8244	5.0000	-9999.0000	-9999.0000	-9999.0000	-9999.0000	-9999.0000	-9999.0000	17.4367	3	0	31.5163	1.0000	16	1	-9999.0000	25769	53119	-9999	-9999	1531	3024	586.5576	5	0.7194	0.7212	-0.0001	54.8916	2.8337	748.7045	582.6438	51.7824	734.0774	95.1620	747.7146	95.0231	753.3256	94.6296	759.1145	94.7454	
25/08/2017	01:16:18	011995	H421106216HLR	L421	S		706.2905	1.0400	0.0000	99.8781	40.0969	0.8230	1.1604	5.0000	27.4314	815.0365	94.7917	20.9286	25.3000	0.9300	0.9279	0.7206	-0.0001	815.0000	815.8674	1.0272	-5.3678	99.9724	40.6387	0.8230	0.8247	5.0000	-9999.0000	-9999.0000	-9999.0000	-9999.0000	-9999.0000	-9999.0000	17.3684	4	0	31.4192	1.0000	16	1	-9999.0000	25770	53119	-9999	-9999	1532	3026	586.2927	5	0.7194	0.7206	-0.0001	61.4593	2.5087	745.2088	575.0176	50.0694	731.4668	94.9306	744.3630	95.0694	749.8444	94.6296	754.5460	94.7222	
25/08/2017	01:16:54	011995	H421098744HLR	L421	S		709.9529	1.0400	0.0000	99.9987	40.0881	0.8230	1.1604	5.0000	28.0087	815.0113	94.8611	18.9189	25.3000	0.9300	0.9278	0.7200	-0.0000	815.0000	814.6750	1.0272	-5.3735	100.0813	40.6028	0.8230	0.8234	5.0000	-9999.0000	-9999.0000	-9999.0000	-9999.0000	-9999.0000	-9999.0000	19.7889	5	0	35.5273	1.0000	16	1	-9999.0000	25771	53120	-9999	-9999	1533	3028	586.3529	5	0.7195	0.7200	-0.0000	58.6523	2.6574	751.9829	568.5887	46.9907	736.1904	94.6528	751.0962	94.8148	756.4647	94.6296	762.4775	94.8148	
25/08/2017	01:17:25	011995	H421112121HLR	L421	S		721.1408	1.0400	0.0000	99.9367	40.1000	0.8230	1.1604	5.0000	26.9291	815.0603	94.6759	14.9787	25.3000	0.9300	0.9278	0.7200	-0.0000	815.0000	815.3123	1.0272	-5.3704	99.7285	40.6388	0.8230	0.8245	5.0000	-9999.0000	-9999.0000	-9999.0000	-9999.0000	-9999.0000	-9999.0000	17.2685	6	0	31.4585	1.0000	16	1	-9999.0000	25772	53121	-9999	-9999	1534	3030	586.6030	5	0.7195	0.7200	-0.0000	58.6523	2.6574	763.8219	537.1317	49.1667	747.8755	94.9537	763.2824	95.0231	768.0597	94.5833	773.7818	94.7454	
25/08/2017	01:17:55	011995	H421111472HLR	L421	Q		709.1620	1.0400	0.0000	99.9306	40.0919	0.8230	1.1604	5.0000	28.3063	815.0441	94.8843	16.8897	25.3000	0.9300	0.9280	0.7198	-0.0000	815.0000	815.7753	1.0272	-5.3682	99.9568	40.6193	0.8230	0.8244	5.0000	-9999.0000	-9999.0000	-9999.0000	-9999.0000	-9999.0000	-9999.0000	18.2888	7	0	30.3487	1.0000	16	1	-9999.0000	25773	53122	-9999	-9999	1535	3031	586.5982	5	0.7195	0.7198	-0.0000	62.6664	2.4208	756.8062	550.9679	49.0509	742.0279	94.9074	756.0004	94.9769	762.6570	94.6065	768.2863	94.7222	
25/08/2017	01:18:28	011995	H421106196HLR	L421	Q		707.1039	1.0400	0.0000	99.9845	40.1000	0.8230	1.1604	5.0000	28.5588	815.0319	94.8148	20.3485	25.3000	0.9300	0.9280	0.7217	-0.0001	815.0000	815.2823	1.0272	-5.3706	100.0533	40.6257	0.8230	0.8249	5.0000	-9999.0000	-9999.0000	-9999.0000	-9999.0000	-9999.0000	-9999.0000	17.2488	8	0	32.9876	1.0000	16	1	-9999.0000	25774	53122	-9999	-9999	1536	3032	586.4106	5	0.7195	0.7217	-0.0001	65.3242	2.2009	744.9521	545.2585	46.5972	729.9672	94.8380	744.1120	95.0463	750.1117	94.6296	755.1262	94.7222	
25/08/2017	01:18:59	011995	H421106211HLR	L421	S		700.4827	1.0400	0.0000	99.8640	40.1000	0.8230	1.1605	5.0000	26.5238	815.0835	94.6296	24.5094	25.2000	0.9300	0.9278	0.7200	-0.0000	815.0000	818.3070	1.0272	-5.3562	99.8465	40.6059	0.8230	0.8239	5.0000	-9999.0000	-9999.0000	-9999.0000	-9999.0000	-9999.0000	-9999.0000	20.1068	1	0	30.7591	1.0000	16	1	-9999.0000	25774	53123	-9999	-9999	1537	3034	586.1176	5	0.7195	0.7200	-0.0000	53.7934	2.7708	739.8136	555.9447	46.6898	723.4807	94.8843	738.9483	95.1852	743.0787	94.6759	748.5860	94.6991	
25/08/2017	01:19:32	011995	H421098779HLR	L421	S		717.1566	1.0400	0.0000	99.9349	40.1000	0.8230	1.1605	5.0000	27.5579	815.0570	94.6991	15.0988	25.3000	0.9300	0.9279	0.7200	-0.0000	815.0000	813.6718	1.0272	-5.3782	99.7752	40.6263	0.8230	0.8251	5.0000	-9999.0000	-9999.0000	-9999.0000	-9999.0000	-9999.0000	-9999.0000	17.2936	2	0	32.7980	1.0000	16	1	-9999.0000	25774	53124	-9999	-9999	1538	3036	586.5613	5	0.7195	0.7200	-0.0000	53.7934	2.7708	763.1222	560.8078	47.1528	745.5820	94.5370	762.1319	94.9537	768.6709	94.6296	773.5305	94.7222	
25/08/2017	01:20:03	011995	H421112105HLR	L421	S		720.7835	1.0400	0.0000	100.0867	40.1000	0.8230	1.1604	5.0000	28.4780	815.1222	94.7222	13.9895	25.4000	0.9300	0.9280	0.7207	-0.0001	815.0000	814.3117	1.0272	-5.3752	99.9720	40.6254	0.8230	0.8250	5.0000	-9999.0000	-9999.0000	-9999.0000	-9999.0000	-9999.0000	-9999.0000	17.1993	3	0	30.8382	1.0000	16	1	-9999.0000	25775	53125	-9999	-9999	1539	3038	586.7015	5	0.7194	0.7207	-0.0001	63.3270	2.2712	764.7252	523.5471	46.7361	746.6644	94.6759	764.0180	94.7685	769.3254	94.6296	775.9032	94.7685	
25/08/2017	01:20:34	011995	H421111482HLR	L421	S		714.7908	1.0400	0.0000	99.8381	40.1000	0.8230	1.1604	5.0000	27.3881	815.0479	94.9074	18.8085	25.4000	0.9300	0.9281	0.7205	-0.0001	815.0000	815.8198	1.0272	-5.3680	100.0368	40.6227	0.8230	0.8247	5.0000	-9999.0000	-9999.0000	-9999.0000	-9999.0000	-9999.0000	-9999.0000	18.8387	4	0	31.4984	1.0000	16	1	-9999.0000	25776	53126	-9999	-9999	1540	3040	586.4083	5	0.7194	0.7205	-0.0001	65.3850	2.1498	756.2393	542.4349	47.6620	738.9504	94.8843	755.5225	95.1389	761.2793	94.6759	765.7693	94.6759	
25/08/2017	01:21:07	011995	H421106200HLR	L421	S		704.7496	1.0400	0.0000	99.9929	40.0961	0.8230	1.1604	5.0000	30.0180	815.0449	94.9306	19.7792	25.3000	0.9300	0.9279	0.7253	-0.0003	815.0000	814.6295	1.0272	-5.3737	100.1209	40.6212	0.8230	0.8251	5.0000	-9999.0000	-9999.0000	-9999.0000	-9999.0000	-9999.0000	-9999.0000	17.2489	5	0	32.7481	1.0000	16	1	-9999.0000	25777	53127	-9999	-9999	1541	3042	586.0844	5	0.7192	0.7253	-0.0003	61.8011	2.2929	743.3022	529.4021	47.8704	726.5576	94.9074	742.3879	95.0926	748.8308	94.6528	754.3628	94.7222	
25/08/2017	01:21:39	011995	H421106203HLR	L421	S		704.7293	1.0400	0.0000	99.8222	40.1000	0.8230	1.1604	5.0000	27.1021	815.0800	94.9537	21.8191	25.2000	0.9300	0.9278	0.7251	-0.0003	815.0000	815.9592	1.0272	-5.3674	100.0675	40.6234	0.8230	0.8251	5.0000	-9999.0000	-9999.0000	-9999.0000	-9999.0000	-9999.0000	-9999.0000	17.3678	6	0	32.1282	1.0000	16	1	-9999.0000	25778	53128	-9999	-9999	1541	3044	585.4981	5	0.7193	0.7251	-0.0003	61.6486	2.2886	739.3679	539.1414	47.0602	723.0962	94.8843	738.4570	94.9537	743.9441	94.6528	749.8343	94.7917	
25/08/2017	01:22:11	011995	H421098762HLR	L421	S		715.4365	1.0400	0.0000	99.8221	40.1000	0.8230	1.1604	5.0000	26.9082	815.0535	94.9306	17.0294	25.3000	0.9300	0.9279	0.7251	-0.0003	815.0000	815.8468	1.0272	-5.3679	99.9155	40.6252	0.8230	0.8253	5.0000	-9999.0000	-9999.0000	-9999.0000	-9999.0000	-9999.0000	-9999.0000	17.3279	7	0	31.5882	1.0000	16	1	-9999.0000	25779	53129	-9999	-9999	1542	3046	586.7130	5	0.7193	0.7251	-0.0003	61.6486	2.2886	752.5302	548.8988	47.8935	736.2159	94.8843	751.8392	95.1157	757.5035	94.6065	764.1685	94.7222	
25/08/2017	01:22:44	011995	H421112106HLR	L421	S		723.3196	1.0400	0.0000	100.1407	40.0921	0.8230	1.1604	5.0000	27.8782	815.0212	94.6528	14.8791	25.3000	0.9300	0.9279	0.7252	-0.0003	815.0000	815.5295	1.0272	-5.3694	99.9849	40.6284	0.8230	0.8254	5.0000	-9999.0000	-9999.0000	-9999.0000	-9999.0000	-9999.0000	-9999.0000	17.4948	8	0	33.3780	1.0000	16	1	-9999.0000	25780	53130	-9999	-9999	1543	3048	587.0907	5	0.7191	0.7252	-0.0003	61.6480	2.2886	763.2578	551.8624	48.2176	745.6206	94.8148	762.3869	94.9769	768.0408	94.5833	774.4993	94.7685	
25/08/2017	01:23:15	011995	H421106172HLR	L421	S		718.5224	1.0400	0.0000	100.0388	40.0777	0.8230	1.1604	5.0000	28.5286	815.0927	94.6296	14.8000	25.3000	0.9300	0.9281	0.7250	-0.0003	815.0000	816.7200	1.0272	-5.3638	100.1160	40.6257	0.8230	0.8254	5.0000	-9999.0000	-9999.0000	-9999.0000	-9999.0000	-9999.0000	-9999.0000	17.2782	1	0	31.1394	1.0000	16	1	-9999.0000	25781	53131	-9999	-9999	1544	3050	587.2520	5	0.7192	0.7250	-0.0003	61.6483	2.2886	761.1121	513.5146	47.2685	742.9590	94.7685	760.0079	95.0463	766.6551	94.6296	771.7722	94.6759	
25/08/2017	01:23:48	011995	H421106205HLR	L421	S		703.2489	1.0400	0.0000	100.0112	40.0667	0.8230	1.1604	5.0000	29.7575	815.0748	94.9537	21.0487	25.3000	0.9300	0.9281	0.7254	-0.0003	815.0000	813.7500	1.0272	-5.3778	99.8762	40.6386	0.8230	0.8259	5.0000	-9999.0000	-9999.0000	-9999.0000	-9999.0000	-9999.0000	-9999.0000	17.2291	2	0	32.6672	1.0000	16	1	-9999.0000	25782	53132	-9999	-9999	1545	3052	585.4769	5	0.7191	0.7254	-0.0003	60.8082	2.3219	739.3561	551.7284	50.2778	724.9945	95.2315	738.1072	95.0694	745.4228	94.6528	749.0870	94.6991	
25/08/2017	01:24:20	011995	H421106218HLR	L421	S		708.0902	1.0400	0.0000	99.8436	40.0667	0.8230	1.1604	5.0000	28.5482	815.0774	94.7917	20.5184	25.2000	0.9300	0.9279	0.7256	-0.0004	815.0000	815.9013	1.0272	-5.3676	99.9805	40.6392	0.8230	0.8259	5.0000	-9999.0000	-9999.0000	-9999.0000	-9999.0000	-9999.0000	-9999.0000	17.3491	3	0	32.2387	1.0000	16	1	-9999.0000	25783	53133	-9999	-9999	1545	3054	585.5026	5	0.7191	0.7256	-0.0004	61.7604	2.2794	743.5832	598.2295	51.5509	730.7814	95.3704	742.7718	95.3009	748.5070	94.6759	753.8734	94.6759	
25/08/2017	01:24:51	011995	H421098770HLR	L421	S		685.7475	1.0400	0.0000	99.7743	40.0836	0.8230	1.1606	5.0000	24.7958	815.0461	94.9306	22.3289	25.2000	0.9300	0.9279	0.7251	-0.0003	815.0000	815.2590	1.0272	-5.3707	100.0085	40.6480	0.8230	0.8262	5.0000	-9999.0000	-9999.0000	-9999.0000	-9999.0000	-9999.0000	-9999.0000	17.2681	4	0	30.4075	1.0000	16	1	-9999.0000	25783	53134	-9999	-9999	1546	3056	584.8979	5	0.7191	0.7251	-0.0003	61.7605	2.2794	735.8919	551.2020	49.3287	718.5700	95.2083	735.4223	95.1389	740.2052	94.6065	746.2895	94.7222	
25/08/2017	01:25:21	011995	H421112110HLR	L421	S		715.9648	1.0400	0.0000	99.7901	40.0827	0.8230	1.1610	5.0000	24.5291	815.0464	94.9537	17.1593	25.3000	0.9300	0.9279	0.7251	-0.0003	815.0000	816.4061	1.0272	-5.3652	99.9521	40.6481	0.8230	0.8261	5.0000	-9999.0000	-9999.0000	-9999.0000	-9999.0000	-9999.0000	-9999.0000	17.3188	5	0	30.4289	1.0000	16	1	-9999.0000	25784	53135	-9999	-9999	1547	3058	586.3918	5	0.7191	0.7251	-0.0003	61.7605	2.2794	754.4060	567.9707	47.6157	737.2533	94.5833	753.4972	94.9769	759.3215	94.5833	765.0088	94.7454	
25/08/2017	01:25:56	011995	H421106178HLR	L421	S		711.2406	1.0400	0.0000	100.1008	40.0620	0.8230	1.1605	5.0000	28.1363	815.0513	94.9306	17.6583	25.3000	0.9300	0.9281	0.7248	-0.0003	815.0000	814.1656	1.0272	-5.3759	100.1050	40.6424	0.8230	0.8260	5.0000	-9999.0000	-9999.0000	-9999.0000	-9999.0000	-9999.0000	-9999.0000	17.2279	6	0	35.2276	1.0000	16	1	-9999.0000	25785	53136	-9999	-9999	1548	3060	586.2813	5	0.7191	0.7248	-0.0003	62.3933	2.2652	749.5963	555.9204	48.7500	733.8188	94.9537	748.6454	94.9769	754.6760	94.6065	761.0384	94.7454	
25/08/2017	01:26:27	011995	H421106201HLR	L421	S		696.8738	1.0400	0.0000	99.8413	40.0434	0.8230	1.1604	5.0000	29.6000	815.0715	94.9074	18.3086	25.3000	0.9300	0.9281	0.7240	-0.0003	815.0000	813.9148	1.0272	-5.3771	99.8464	40.6283	0.8230	0.8251	5.0000	-9999.0000	-9999.0000	-9999.0000	-9999.0000	-9999.0000	-9999.0000	19.0289	7	0	30.9692	1.0000	16	1	-9999.0000	25786	53137	-9999	-9999	1549	3062	586.4554	5	0.7192	0.7240	-0.0003	62.2583	2.2588	748.1416	527.7171	47.1759	731.9657	94.7917	747.3357	95.1620	753.8977	94.6759	758.2841	94.6528	
25/08/2017	01:26:59	011995	H421106250HLR	L421	S		707.3842	1.0400	0.0000	100.0386	40.0479	0.8230	1.1605	5.0000	29.2279	815.0958	94.9537	19.3691	25.4000	0.9300	0.9280	0.7227	-0.0002	815.0000	814.7238	1.0272	-5.3732	99.7906	40.6596	0.8230	0.8253	5.0000	-9999.0000	-9999.0000	-9999.0000	-9999.0000	-9999.0000	-9999.0000	19.5274	8	0	31.9786	1.0000	16	1	-9999.0000	25787	53138	-9999	-9999	1550	3064	585.8213	5	0.7187	0.7227	-0.0002	59.2780	2.3998	746.0817	532.0129	47.1065	731.9056	94.8148	745.2596	95.0926	752.3977	94.6528	757.9138	94.6759	
25/08/2017	01:27:31	011995	H421098768HLR	L421	S		701.9881	1.0400	0.0000	99.8908	40.0591	0.8230	1.1605	5.0000	26.0682	815.0513	94.9074	16.8087	25.4000	0.9300	0.9280	0.7227	-0.0002	815.0000	814.6489	1.0272	-5.3736	100.0970	40.6554	0.8230	0.8264	5.0000	-9999.0000	-9999.0000	-9999.0000	-9999.0000	-9999.0000	-9999.0000	17.2858	1	0	32.2174	1.0000	16	1	-9999.0000	25788	53139	-9999	-9999	1551	3066	586.1275	5	0.7187	0.7227	-0.0002	59.2780	2.3998	756.9221	549.6390	47.2917	738.9112	94.7222	755.7372	95.0463	761.9036	94.6065	766.6535	94.7222	
25/08/2017	01:28:02	011995	H421111480HLR	L421	S		712.9248	1.0400	0.0000	99.9563	40.0551	0.8230	1.1605	5.0000	27.4684	815.0459	94.7454	24.1686	25.4000	0.9300	0.9279	0.7235	-0.0003	815.0000	820.7716	1.0272	-5.3445	99.9353	40.6633	0.8230	0.8264	5.0000	-9999.0000	-9999.0000	-9999.0000	-9999.0000	-9999.0000	-9999.0000	17.4588	2	0	30.4184	1.0000	16	1	-9999.0000	25788	53140	-9999	-9999	1552	3068	584.8591	5	0.7189	0.7235	-0.0003	63.4965	2.1926	718.7092	527.2649	48.4259	692.9687	95.2315	717.1801	95.1852	729.0341	94.6296	735.9826	94.6991	
25/08/2017	01:28:31	011995	H421106177HLR	L421	S		713.0623	1.0400	0.0000	99.8823	40.0479	0.8230	1.1606	5.0000	28.7484	815.0173	94.6528	14.7385	25.4000	0.9300	0.9279	0.7235	-0.0003	815.0000	816.0219	1.0272	-5.3671	100.0896	40.6750	0.8230	0.8268	5.0000	-9999.0000	-9999.0000	-9999.0000	-9999.0000	-9999.0000	-9999.0000	17.3376	3	0	29.2286	1.0000	16	1	-9999.0000	25789	53141	-9999	-9999	1553	3070	586.6449	5	0.7189	0.7235	-0.0003	63.4965	2.1926	761.8089	547.3921	45.5556	745.1800	94.7917	760.8316	94.9306	767.2705	94.5602	773.1843	94.7454	
25/08/2017	01:29:02	011995	H421106198HLR	L421	S		707.8686	1.0400	0.0000	100.1428	40.0663	0.8230	1.1605	5.0000	28.0273	815.0806	94.9769	17.8994	25.5000	0.9300	0.9280	0.7227	-0.0002	815.0000	813.8482	1.0272	-5.3774	99.9687	40.6638	0.8230	0.8265	5.0000	-9999.0000	-9999.0000	-9999.0000	-9999.0000	-9999.0000	-9999.0000	17.2211	4	0	31.4486	1.0000	16	1	-9999.0000	25790	53142	-9999	-9999	1554	3072	586.1846	5	0.7191	0.7227	-0.0002	59.8654	2.3948	749.1161	538.3606	47.0602	732.2695	94.7917	748.1865	94.9074	754.4753	94.5833	760.6563	94.7685	
25/08/2017	01:29:33	011995	H421106213HLR	L421	S		708.9858	1.0400	0.0000	100.0477	40.0667	0.8230	1.1605	5.0000	28.9776	815.0377	94.9306	19.3398	25.4000	0.9300	0.9280	0.7228	-0.0002	815.0000	815.3319	1.0272	-5.3703	99.7985	40.6479	0.8230	0.8260	5.0000	-9999.0000	-9999.0000	-9999.0000	-9999.0000	-9999.0000	-9999.0000	17.2582	5	0	30.7887	1.0000	16	1	-9999.0000	25791	53142	-9999	-9999	1555	3074	585.9476	5	0.7191	0.7228	-0.0002	55.2279	2.8009	748.3917	538.2583	47.5694	733.0107	94.9074	747.6849	95.0231	754.1841	94.6065	760.5388	94.7454	
25/08/2017	01:30:04	011995	H421098761HLR	L421	S		703.3656	1.0400	0.0000	100.0095	40.0667	0.8230	1.1605	5.0000	29.2191	815.1002	94.7917	18.5488	25.3000	0.9300	0.9279	0.7224	-0.0002	815.0000	815.6622	1.0272	-5.3688	100.0595	40.6492	0.8230	0.8260	5.0000	-9999.0000	-9999.0000	-9999.0000	-9999.0000	-9999.0000	-9999.0000	17.3102	6	0	30.7477	1.0000	16	1	-9999.0000	25792	53143	-9999	-9999	1556	3076	586.1391	5	0.7184	0.7224	-0.0002	96.9800	0.5458	751.3584	519.0689	47.0833	733.4708	94.7685	750.6091	94.9306	754.8796	94.6065	761.3932	94.7454	
25/08/2017	01:30:33	011995	H421111476HLR	L421	S		709.6339	1.0400	0.0000	99.8907	40.0783	0.8230	1.1605	5.0000	27.3578	815.0205	94.8380	17.8194	25.2000	0.9300	0.9279	0.7265	-0.0004	815.0000	814.8429	1.0272	-5.3727	99.8407	40.6381	0.8230	0.8257	5.0000	-9999.0000	-9999.0000	-9999.0000	-9999.0000	-9999.0000	-9999.0000	17.2488	7	0	28.5582	1.0000	16	1	-9999.0000	25793	53144	-9999	-9999	1557	3078	586.1153	5	0.7185	0.7265	-0.0004	97.7885	0.4731	751.5106	545.0909	48.7963	735.3742	95.0000	750.7415	95.0463	757.1596	94.6065	762.5583	94.7222	
25/08/2017	01:31:01	011995	H421106182HLR	L421	S		832.8684	1.0400	0.0000	100.4294	40.1333	0.8230	1.1613	5.0000	20.7586	0.0000	0.0000	0.0000	0.0000	0.9300	0.0000	0.0000	0.0000	0.0000	825.4872	1.0272	-5.3222	99.6738	40.6345	0.8230	0.8250	5.0000	-9999.0000	-9999.0000	-9999.0000	-9999.0000	-9999.0000	-9999.0000	18.4585	8	8	27.9985	1.0000	16	1	-9999.0000	25794	0	-9999	-9999	1558	3080	0.0000	0	0.0000	0.0000	0.0000	0.0000	0.0000	0.0000	0.0000	0.0000	0.0000	0.0000	0.0000	0.0000	0.0000	0.0000	0.0000	0.0000	
25/08/2017	01:31:33	011995	H421106209HLR	L421	S		705.3659	1.0400	0.0000	100.0018	40.0972	0.8230	1.1605	5.0000	28.4582	815.0896	94.9306	19.8691	25.4000	0.9300	0.9284	0.7190	0.0000	815.0000	813.6456	1.0272	-5.3783	100.0700	40.6261	0.8230	0.8250	5.0000	-9999.0000	-9999.0000	-9999.0000	-9999.0000	-9999.0000	-9999.0000	17.2195	1	0	32.1380	1.0000	16	1	-9999.0000	25795	53145	-9999	-9999	1559	3082	586.0139	5	0.7187	0.7190	0.0000	98.3470	0.4618	744.0287	542.9876	48.7500	729.0618	94.9306	743.3937	95.0694	749.1069	94.7222	754.2416	94.6528	
25/08/2017	01:32:03	011995	H421098792HLR	L421	S		711.5572	1.0400	0.0000	99.8192	40.1000	0.8230	1.1606	5.0000	25.6397	815.0467	94.7917	19.3798	25.3000	0.9300	0.9280	0.7199	-0.0000	815.0000	815.6275	1.0272	-5.3689	100.0621	40.6285	0.8230	0.8244	5.0000	-9999.0000	-9999.0000	-9999.0000	-9999.0000	-9999.0000	-9999.0000	17.6393	2	0	30.2495	1.0000	16	1	-9999.0000	25796	53146	-9999	-9999	1560	3084	586.3287	5	0.7188	0.7199	-0.0000	97.8015	0.4585	752.5048	570.0211	48.6806	737.6572	94.8380	751.7095	94.9537	756.5655	94.6296	761.3674	94.7685	
25/08/2017	01:32:32	011995	H421098759HLR	L421	S		700.0120	1.0400	0.0000	99.9761	40.1000	0.8230	1.1608	5.0000	27.7483	815.0784	94.8843	17.5391	25.2000	0.9300	0.9280	0.7199	-0.0000	815.0000	814.7780	1.0272	-5.3730	99.8200	40.6266	0.8230	0.8245	5.0000	-9999.0000	-9999.0000	-9999.0000	-9999.0000	-9999.0000	-9999.0000	17.3676	3	0	29.3378	1.0000	16	1	-9999.0000	25796	53147	-9999	-9999	1561	3086	586.4857	5	0.7188	0.7199	-0.0000	97.8015	0.4585	753.9273	568.9904	49.0741	738.4561	95.0000	753.4599	95.0926	759.7257	94.6065	764.8970	94.6991	
25/08/2017	01:33:08	011995	H421111483HLR	L421	S		713.1426	1.0400	0.0000	99.7722	40.1000	0.8230	1.1605	5.0000	25.2487	815.0557	94.7222	15.4591	25.2000	0.9300	0.9279	0.7199	-0.0000	815.0000	812.0389	1.0272	-5.3860	99.8179	40.6311	0.8230	0.8246	5.0000	-9999.0000	-9999.0000	-9999.0000	-9999.0000	-9999.0000	-9999.0000	17.2488	4	0	35.0783	1.0000	16	1	-9999.0000	25797	53148	-9999	-9999	1562	3088	586.4792	5	0.7188	0.7199	-0.0000	97.8015	0.4585	760.6691	561.2638	47.6157	743.7149	94.7917	759.5432	95.0463	765.5441	94.5833	770.1390	94.6991	
25/08/2017	01:33:37	011995	H421106187HLR	L421	S		703.5049	1.0400	0.0000	99.7520	40.1000	0.8230	1.1606	5.0000	24.9879	815.0507	95.0000	21.3289	25.3000	0.9300	0.9280	0.7190	0.0000	815.0000	814.6092	1.0272	-5.3738	99.9863	40.6375	0.8230	0.8244	5.0000	-9999.0000	-9999.0000	-9999.0000	-9999.0000	-9999.0000	-9999.0000	17.4877	5	0	29.7982	1.0000	16	1	-9999.0000	25798	53149	-9999	-9999	1563	3090	586.6249	5	0.7187	0.7190	0.0000	97.8810	0.4510	745.4272	604.6100	50.4398	732.4327	95.2315	744.2472	95.2315	749.5836	94.6528	754.5734	94.6528	
25/08/2017	01:34:09	011995	H421106207HLR	L421	S		695.5965	1.0400	0.0000	99.8010	40.1000	0.8230	1.1606	5.0000	24.4986	815.0444	94.8611	16.5890	25.3000	0.9300	0.9280	0.7190	0.0000	815.0000	814.9914	1.0272	-5.3720	100.1127	40.6220	0.8230	0.8248	5.0000	-9999.0000	-9999.0000	-9999.0000	-9999.0000	-9999.0000	-9999.0000	17.2103	6	0	32.1700	1.0000	16	1	-9999.0000	25799	53150	-9999	-9999	1564	3092	586.2633	5	0.7187	0.7190	0.0000	97.8810	0.4510	758.7892	585.8940	49.0972	745.2698	94.9537	758.0776	95.0463	762.4860	94.6065	769.6587	94.7454	
25/08/2017	01:34:40	011995	H421098783HLR	L421	S		717.1797	1.0400	0.0000	99.8917	40.0803	0.8230	1.1604	5.0000	27.2678	815.0972	94.6991	15.5490	25.3000	0.9300	0.9280	0.7188	0.0000	815.0000	813.6518	1.0272	-5.3783	99.7084	40.6241	0.8230	0.8246	5.0000	-9999.0000	-9999.0000	-9999.0000	-9999.0000	-9999.0000	-9999.0000	17.1565	7	0	30.1470	1.0000	16	1	-9999.0000	25800	53151	-9999	-9999	1565	3094	586.3734	5	0.7187	0.7188	0.0000	106.6128	0.0622	763.2829	551.2371	47.4306	747.8944	94.6991	762.7991	94.9074	767.8967	94.5833	773.4980	94.7454	
25/08/2017	01:35:12	011995	H421102528HLR	L421	S		706.2094	1.0400	0.0000	99.8245	40.0768	0.8230	1.1605	5.0000	26.3687	815.0710	94.7685	24.0485	25.3000	0.9300	0.9280	0.7206	-0.0001	815.0000	810.3160	1.0272	-5.3941	99.8246	40.6230	0.8230	0.8247	5.0000	-9999.0000	-9999.0000	-9999.0000	-9999.0000	-9999.0000	-9999.0000	17.1970	8	0	32.5481	1.0000	16	1	-9999.0000	25801	53152	-9999	-9999	1566	3096	581.5713	5	0.7197	0.7206	-0.0001	81.1538	1.3652	720.1557	525.2525	46.4120	707.7895	95.2546	719.5026	95.2083	726.0817	94.6759	731.2955	94.6528	
25/08/2017	01:35:41	011995	H421111468HLR	L421	S		711.7371	1.0400	0.0000	99.8320	40.0667	0.8230	1.1604	5.0000	27.9985	815.0257	94.8380	16.3888	25.3000	0.9300	0.9279	0.7206	-0.0001	815.0000	813.3248	1.0272	-5.3799	100.0347	40.6225	0.8230	0.8246	5.0000	-9999.0000	-9999.0000	-9999.0000	-9999.0000	-9999.0000	-9999.0000	17.3728	1	0	29.0081	1.0000	16	1	-9999.0000	25801	53152	-9999	-9999	1567	3098	586.6117	5	0.7197	0.7206	-0.0001	81.1538	1.3652	755.5223	545.3005	47.8009	741.0329	94.6759	754.4202	95.0000	761.9400	94.6065	766.1146	94.7222	
25/08/2017	01:36:11	011995	H421106188HLR	L421	S		706.1226	1.0400	0.0000	99.9183	40.0667	0.8230	1.1605	5.0000	26.8138	815.0792	94.9537	21.1991	25.2000	0.9300	0.9280	0.7238	-0.0002	815.0000	815.5485	1.0272	-5.3693	99.7934	40.6097	0.8230	0.8242	5.0000	-9999.0000	-9999.0000	-9999.0000	-9999.0000	-9999.0000	-9999.0000	18.3369	2	0	29.9087	1.0000	16	1	-9999.0000	25802	53153	-9999	-9999	1568	3099	586.2672	5	0.7198	0.7238	-0.0002	65.5902	2.1564	743.7700	540.7431	47.3148	729.0617	94.9074	742.8311	95.1389	748.5074	94.6528	752.8272	94.6528	
25/08/2017	01:36:42	011995	H421098778HLR	L421	S		710.7229	1.0400	0.0000	99.8905	40.0467	0.8230	1.1604	5.0000	28.5883	815.0898	94.9537	17.8389	25.3000	0.9300	0.9279	0.7248	-0.0003	815.0000	813.8072	1.0272	-5.3776	100.1082	40.6258	0.8230	0.8246	5.0000	-9999.0000	-9999.0000	-9999.0000	-9999.0000	-9999.0000	-9999.0000	17.2403	3	0	31.4084	1.0000	16	1	-9999.0000	25803	53153	-9999	-9999	1569	3100	586.7251	5	0.7197	0.7248	-0.0003	65.5902	2.1564	749.1695	552.2504	47.0833	732.7524	94.9074	748.2413	95.0694	754.1220	94.5833	760.4143	94.7222	
25/08/2017	01:37:13	011995	H421098774HLR	L421	S		712.4522	1.0400	0.0000	99.7789	40.0495	0.8230	1.1605	5.0000	27.1889	815.0330	94.9074	21.5584	25.2000	0.9300	0.9279	0.7258	-0.0003	815.0000	816.2016	1.0272	-5.3662	100.0401	40.6327	0.8230	0.8246	5.0000	-9999.0000	-9999.0000	-9999.0000	-9999.0000	-9999.0000	-9999.0000	17.1993	4	0	30.2485	1.0000	16	1	-9999.0000	25804	53153	-9999	-9999	1570	3102	585.8283	5	0.7200	0.7258	-0.0003	94.0544	0.6440	745.7544	543.4804	48.8426	731.9596	94.9074	744.6672	95.0694	749.3588	94.6065	754.6834	94.6759	
25/08/2017	01:37:46	011995	H421092405HLR	L421	S		733.4166	1.0400	0.0000	99.8737	40.0672	0.8230	1.1606	5.0000	24.7265	815.0593	94.8380	11.1888	25.2000	0.9300	0.9279	0.7258	-0.0003	815.0000	815.3261	1.0272	-5.3704	100.0779	40.6294	0.8230	0.8246	5.0000	-9999.0000	-9999.0000	-9999.0000	-9999.0000	-9999.0000	-9999.0000	17.2180	5	0	33.0276	1.0000	16	1	-9999.0000	25805	53154	-9999	-9999	1571	3104	588.7248	5	0.7200	0.7258	-0.0003	94.0544	0.6440	775.1674	551.8372	45.5093	756.6794	94.6991	774.2430	94.6991	780.1222	94.5602	786.4760	94.7685	
25/08/2017	01:38:20	011995	H421111470HLR	L421	S		712.0066	1.0400	0.0000	100.2804	40.0537	0.8230	1.1606	5.0000	26.0290	815.0676	94.9306	17.0684	25.3000	0.9300	0.9281	0.7263	-0.0003	815.0000	816.6648	1.0272	-5.3640	99.8947	40.6321	0.8230	0.8246	5.0000	-9999.0000	-9999.0000	-9999.0000	-9999.0000	-9999.0000	-9999.0000	17.2683	6	0	33.8390	1.0000	16	1	-9999.0000	25806	53155	-9999	-9999	1572	3106	587.3033	5	0.7199	0.7263	-0.0003	91.9644	0.7592	751.2815	531.5191	46.1343	735.4972	94.6991	750.5106	94.9769	757.4049	94.5833	762.0789	94.6991	
25/08/2017	01:38:52	011995	H421106191HLR	L421	S		707.5589	1.0400	0.0000	100.1840	40.0408	0.8230	1.1606	5.0000	26.8808	815.0681	94.8843	20.4794	25.2000	0.9300	0.9280	0.7273	-0.0004	815.0000	817.2666	1.0272	-5.3612	99.9090	40.6210	0.8230	0.8246	5.0000	-9999.0000	-9999.0000	-9999.0000	-9999.0000	-9999.0000	-9999.0000	17.2435	7	0	32.5481	1.0000	16	1	-9999.0000	25807	53155	-9999	-9999	1573	3108	586.3034	5	0.7199	0.7273	-0.0004	93.4789	0.6374	742.2119	539.4180	46.5046	726.7698	94.9074	741.2702	95.1389	747.0215	94.6296	753.1184	94.6991	
25/08/2017	01:39:22	011995	H421106215HLR	L421	S		705.4656	1.0400	0.0000	99.7769	40.0445	0.8230	1.1606	5.0000	25.9790	815.0537	94.8611	19.3291	25.3000	0.9300	0.9280	0.7265	-0.0004	815.0000	815.4898	1.0272	-5.3696	99.9233	40.6129	0.8230	0.8249	5.0000	-9999.0000	-9999.0000	-9999.0000	-9999.0000	-9999.0000	-9999.0000	17.3381	8	0	29.6681	1.0000	16	1	-9999.0000	25808	53156	-9999	-9999	1574	3109	586.5741	5	0.7201	0.7265	-0.0004	71.3542	1.6760	743.0435	558.9885	46.5972	725.5311	94.8843	742.0537	95.1620	747.6396	94.6296	754.3250	94.6991	
25/08/2017	01:39:53	011995	H421098758HLR	L421	S		703.4087	1.0400	0.0000	100.1919	40.0434	0.8230	1.1606	5.0000	26.0582	815.0383	94.8148	22.0682	25.3000	0.9300	0.9279	0.7256	-0.0003	815.0000	814.0989	1.0272	-5.3762	100.0104	40.6187	0.8230	0.8252	5.0000	-9999.0000	-9999.0000	-9999.0000	-9999.0000	-9999.0000	-9999.0000	17.3686	1	0	30.7083	1.0000	16	1	-9999.0000	25809	53157	-9999	-9999	1575	3110	585.7859	5	0.7198	0.7256	-0.0003	73.7413	1.5672	736.3962	555.3293	48.6111	722.6665	95.1620	735.6955	95.0926	741.2025	94.5833	746.1198	94.7454	
25/08/2017	01:40:22	011995	H421098755HLR	L421	S		700.9643	1.0400	0.0000	99.7176	40.0412	0.8230	1.1606	5.0000	25.5292	815.0511	94.8843	22.8191	25.3000	0.9300	0.9279	0.7264	-0.0004	815.0000	816.5259	1.0272	-5.3647	99.9917	40.6152	0.8230	0.8248	5.0000	-9999.0000	-9999.0000	-9999.0000	-9999.0000	-9999.0000	-9999.0000	17.4788	2	0	29.1382	1.0000	16	1	-9999.0000	25810	53158	-9999	-9999	1576	3111	585.5229	5	0.7195	0.7264	-0.0004	76.9187	1.4022	736.5623	544.6184	48.1250	720.9231	94.9306	735.5186	95.0694	741.3256	94.6065	747.2090	94.7454	
25/08/2017	01:40:53	011995	H421112118HLR	L421	S		718.5558	1.0400	0.0000	100.0700	40.0333	0.8230	1.1605	5.0000	28.1934	815.0458	94.7917	15.6095	25.4000	0.9300	0.9279	0.7264	-0.0004	815.0000	814.9209	1.0272	-5.3723	100.1135	40.6177	0.8230	0.8248	5.0000	-9999.0000	-9999.0000	-9999.0000	-9999.0000	-9999.0000	-9999.0000	17.3273	3	0	31.2488	1.0000	01	3	-9999.0000	25811	53159	-9999	-9999	1577	3113	587.2852	5	0.7195	0.7264	-0.0004	76.9187	1.4022	758.6401	545.4232	47.0602	740.5113	94.5370	757.7593	94.9769	763.7543	94.5833	769.3092	94.7222	
25/08/2017	01:41:23	011995	H421112103HLR	L421	S		699.4288	1.0400	0.0000	100.0828	40.0223	0.8230	1.1605	5.0000	29.4785	815.0808	94.8380	12.8792	25.5000	0.9300	0.9280	0.7267	-0.0004	815.0000	813.6231	1.0272	-5.3784	100.2380	40.6251	0.8230	0.8245	5.0000	-9999.0000	-9999.0000	-9999.0000	-9999.0000	-9999.0000	-9999.0000	17.4153	4	0	30.1764	1.0000	01	3	-9999.0000	25812	53160	-9999	-9999	1578	3114	588.2930	5	0.7195	0.7267	-0.0004	78.5751	1.3507	763.4207	555.9842	48.9352	744.6303	94.9537	762.0929	95.0926	768.1825	94.6065	774.8231	94.6296	
25/08/2017	01:41:51	011995	H421112114HLR	L421	S		719.5206	1.0400	0.0000	99.8516	40.0333	0.8230	1.1606	5.0000	26.6889	815.0939	94.7685	14.0686	25.4000	0.9300	0.9281	0.7262	-0.0004	815.0000	813.2596	1.0272	-5.3802	99.8750	40.6259	0.8230	0.8246	5.0000	-9999.0000	-9999.0000	-9999.0000	-9999.0000	-9999.0000	-9999.0000	17.2640	5	0	28.2379	1.0000	01	3	-9999.0000	25813	53161	-9999	-9999	1579	3115	587.9560	5	0.7194	0.7262	-0.0004	94.5431	0.5933	761.1456	550.2621	48.5185	745.8890	94.8611	760.4309	94.8843	767.1488	94.5602	772.1916	94.7222	
25/08/2017	01:42:23	011995	H421112117HLR	L421	S		677.6080	1.0400	0.0000	100.1271	40.0281	0.8230	1.1606	5.0000	27.6787	815.0675	94.7222	14.0491	25.4000	0.9300	0.9280	0.7269	-0.0004	815.0000	816.5007	1.0272	-5.3648	100.0125	40.6002	0.8230	0.8234	5.0000	-9999.0000	-9999.0000	-9999.0000	-9999.0000	-9999.0000	-9999.0000	19.5178	6	0	31.7784	1.0000	01	3	-9999.0000	25814	53162	-9999	-9999	1580	3117	587.9911	5	0.7193	0.7269	-0.0004	75.1932	1.6526	761.5179	537.8040	47.5694	733.8843	94.7454	760.2325	95.0231	767.5757	94.6065	772.2382	94.6759	
25/08/2017	01:42:54	011995	H421112115HLR	L421	S		723.0487	1.0400	0.0000	99.8551	40.0380	0.8230	1.1606	5.0000	26.1760	815.0852	94.7685	13.6897	25.4000	0.9300	0.9281	0.7264	-0.0004	815.0000	815.6008	1.0272	-5.3691	99.9008	40.6503	0.8230	0.8248	5.0000	-9999.0000	-9999.0000	-9999.0000	-9999.0000	-9999.0000	-9999.0000	17.2586	7	0	31.1585	1.0000	01	3	-9999.0000	25815	53163	-9999	-9999	1581	3118	587.9658	5	0.7193	0.7264	-0.0004	57.0778	2.5257	762.8633	524.9320	45.7870	746.6044	94.8843	761.8645	95.0000	768.7775	94.5833	774.4762	94.6759	
25/08/2017	01:43:27	011995	H421112094HLR	L421	S		717.7964	1.0400	0.0000	100.0832	40.0337	0.8230	1.1606	5.0000	28.2739	815.0808	94.7222	15.4591	25.4000	0.9300	0.9281	0.7278	-0.0004	815.0000	816.0283	1.0272	-5.3670	99.9324	40.6509	0.8230	0.8247	5.0000	-9999.0000	-9999.0000	-9999.0000	-9999.0000	-9999.0000	-9999.0000	17.3383	8	0	33.0786	1.0000	01	3	-9999.0000	25816	53164	-9999	-9999	1582	3120	587.5886	5	0.7197	0.7278	-0.0004	56.8124	2.5351	759.2982	538.2016	48.1713	740.9652	94.7917	758.3197	94.9769	764.7400	94.5833	770.5145	94.6991	
25/08/2017	01:43:56	011995	H421112100HLR	L421	S		714.2870	1.0400	0.0000	100.1920	40.0519	0.8230	1.1606	5.0000	27.1383	815.0575	94.9769	17.2891	25.3000	0.9300	0.9280	0.7284	-0.0005	815.0000	815.7689	1.0272	-5.3683	99.9921	40.6426	0.8230	0.8246	5.0000	-9999.0000	-9999.0000	-9999.0000	-9999.0000	-9999.0000	-9999.0000	17.3270	1	0	28.7675	1.0000	01	3	-9999.0000	25817	53165	-9999	-9999	1583	3122	587.0435	5	0.7199	0.7284	-0.0005	57.5637	2.4952	749.3579	533.4586	46.7824	735.4638	94.8843	748.2998	95.0926	753.7514	94.6296	760.3963	94.6759	
