Data	Timp	Nr. masina	Nr. de serie	Tip	Productie	Comentariu	Pre-masurare Q [ml/min]	Pre-masurare Gain	Pre-masurare Offset Master	Pre-masurare P [bar]	Pre-masurare T [°C]	Pre-masurare Densitate fixa [kg/l]	Pre-masurare densitate masurata [kg/l]	Pre-masurare Timp masurare [s]	Pre-masurare Cycle time [s]	rectificare Q Oprire [ml/min]	rectificare P Oprire [bar]	rectificare Timp rectificare [s]	rectificare T [°C]	rectificare Densitate fixa [kg/l]	rectificare densitate masurata [kg/l]	rectificare Factor de masurare la rectificare	rectificare Factor de corectie a debitului	rectificare Target rectificare	Masurare Q [ml/min]	Masurare Gain	Masurare Offset Master	Masurare P [bar]	Masurare T [°C]	Masurare Densitate fixa [kg/l]	Masurare densitate masurata [kg/l]	Masurare Timp masurare [s]	Masurare Q [ml/min]	Masurare Delta Q [ml/min]	Masurare P [bar]	Masurare BP [bar]	Masurare T [°C]	Masurare Timp masurare [s]	Masurare Cycle time [s]	Nest Nr.	Cod de descarcare	Cycle time [s]	Traceability aktiv	EDM Maschine Nr	EDM Spindle Nr	Honing Rate [r	Station Counter Premeasure	Station Counter Grind	Station Counter Blowout 1	Station Counter Wash	Station Counter Measure	Station Counter Blowout 2	RealGrindQStop	Reg Type	Factor 0	Factor 1	Factor 2	Factor 3	Factor 4	G_StartQV	G_StartQV_1	G_StartQV_2	G_StartQV_3	G_StartQV_4	G_StartQV_5	
28/08/2017	00:00:28	011995	G488120415HLR	L488	S		633.0559	1.0400	0.0000	99.6841	39.9089	0.8230	1.1600	5.0000	25.7368	713.0520	94.5370	28.6293	25.9000	0.9300	0.9238	0.7003	0.0000	713.0000	719.7476	1.0272	-3.4612	99.8658	40.6559	0.8230	0.8230	5.0000	-9999.0000	-9999.0000	-9999.0000	-9999.0000	-9999.0000	-9999.0000	20.0451	1	0	30.0482	1.0000	10	3	-9999.0000	32073	59229	-9999	-9999	1352	2730	499.3531	3	0.7003	0.7099	-0.0005	51.2066	1.4139	665.3093	439.8691	44.4676	650.6715	96.2500	659.8460	95.9491	665.1035	95.3009	668.7147	94.5602	
28/08/2017	00:01:32	011995	G488125482HLR	L488	S		639.4040	1.0400	0.0000	99.9972	39.8989	0.8230	1.1600	5.0000	26.9584	713.0337	94.7685	16.0294	26.0000	0.9300	0.9241	0.7000	0.0000	713.0000	712.2776	1.0272	-3.2380	99.8120	40.6788	0.8230	0.8229	5.0000	-9999.0000	-9999.0000	-9999.0000	-9999.0000	-9999.0000	-9999.0000	19.0861	3	0	34.2881	1.0000	10	3	-9999.0000	32074	59230	-9999	-9999	1353	2733	499.1597	3	0.7000	0.7112	-0.0006	50.8477	1.4388	679.3132	465.8795	47.8241	662.3652	96.0880	673.0357	95.9259	678.9123	95.2778	682.0237	94.6065	
28/08/2017	00:02:02	011995	G488125721HLR	L488	S		639.5671	1.0400	0.0000	99.9870	39.9125	0.8230	1.1600	5.0000	27.4389	713.0361	94.8611	14.4387	25.9000	0.9300	0.9238	0.7000	0.0000	713.0000	710.4735	1.0272	-3.1841	100.0159	40.7137	0.8230	0.8239	5.0000	-9999.0000	-9999.0000	-9999.0000	-9999.0000	-9999.0000	-9999.0000	17.6587	4	0	29.9886	1.0000	10	3	-9999.0000	32075	59231	-9999	-9999	1353	2735	499.1607	3	0.7000	0.7112	-0.0006	50.8477	1.4388	680.8181	476.6293	47.5231	663.5693	96.0417	675.3512	95.9259	680.5540	95.2315	683.2430	94.5370	
28/08/2017	00:02:30	011995	G488125424HLR	L488	S		634.3441	1.0400	0.0000	99.7468	39.9362	0.8230	1.1600	5.0000	26.0448	713.0197	94.7685	16.1993	25.9000	0.9300	0.9238	0.6992	0.0000	713.0000	710.9145	1.0272	-3.1973	99.8525	40.6975	0.8230	0.8238	5.0000	-9999.0000	-9999.0000	-9999.0000	-9999.0000	-9999.0000	-9999.0000	17.1736	5	0	28.6576	1.0000	10	3	-9999.0000	32076	59232	-9999	-9999	1354	2737	498.5411	3	0.6992	0.7105	-0.0006	53.9108	1.2607	676.5196	468.2790	45.0926	661.3406	96.1574	669.8927	95.9722	675.9285	95.3241	679.3774	94.5370	
28/08/2017	00:02:59	011995	G488125414HLR	L488	S		633.7694	1.0400	0.0000	100.0809	39.9387	0.8230	1.1600	5.0000	26.9585	713.0731	94.7685	15.8595	25.9000	0.9300	0.9237	0.6992	0.0000	713.0000	710.9847	1.0272	-3.1994	99.7478	40.7076	0.8230	0.8240	5.0000	-9999.0000	-9999.0000	-9999.0000	-9999.0000	-9999.0000	-9999.0000	17.1188	6	0	28.7884	1.0000	10	3	-9999.0000	32077	59233	-9999	-9999	1355	2738	498.7076	3	0.6992	0.7105	-0.0006	53.9108	1.2607	675.9431	454.6739	45.9722	658.6578	96.0417	670.6185	95.9954	675.5204	95.3009	679.3033	94.5833	
28/08/2017	00:03:27	011995	G488125449HLR	L488	S		637.1239	1.0400	0.0000	99.9448	39.9456	0.8230	1.1600	5.0000	26.9282	713.0474	94.7685	23.2683	25.9000	0.9300	0.9237	0.6990	0.0000	713.0000	716.9077	1.0272	-3.3763	99.8732	40.6895	0.8230	0.8225	5.0000	-9999.0000	-9999.0000	-9999.0000	-9999.0000	-9999.0000	-9999.0000	20.0878	7	0	27.7691	1.0000	10	3	-9999.0000	32078	59234	-9999	-9999	1356	2740	498.4484	3	0.6990	0.7103	-0.0006	55.1508	1.2003	671.8862	485.7891	47.8935	659.6567	96.0880	667.7784	95.9722	671.2619	95.3241	673.7090	94.5833	
28/08/2017	00:03:57	011995	G488125490HLR	L488	S		636.4049	1.0400	0.0000	99.9024	39.9515	0.8230	1.1599	5.0000	28.1488	713.0366	94.7222	17.9492	25.9000	0.9300	0.9236	0.6991	0.0000	713.0000	713.2339	1.0272	-3.2666	99.7105	40.7425	0.8230	0.8246	5.0000	-9999.0000	-9999.0000	-9999.0000	-9999.0000	-9999.0000	-9999.0000	17.3039	8	0	29.8383	1.0000	10	3	-9999.0000	32079	59235	-9999	-9999	1357	2742	498.4513	3	0.6991	0.7103	-0.0006	55.6198	1.1770	674.3839	487.5051	45.9259	658.0457	96.0648	669.1249	95.9028	673.9484	95.2546	677.2812	94.6065	
28/08/2017	00:04:27	011995	G488125487HLR	L488	S		637.3511	1.0400	0.0000	99.8355	39.9758	0.8230	1.1599	5.0000	27.0482	713.0206	94.5602	16.8594	25.9000	0.9300	0.9236	0.6993	0.0000	713.0000	712.6658	1.0272	-3.2496	99.7582	40.7585	0.8230	0.8250	5.0000	-9999.0000	-9999.0000	-9999.0000	-9999.0000	-9999.0000	-9999.0000	17.3288	1	0	30.3782	1.0000	10	3	-9999.0000	32080	59236	-9999	-9999	1358	2744	498.5038	3	0.6993	0.7106	-0.0006	57.3568	1.1064	676.1660	475.7667	46.3426	661.2512	96.0185	669.8864	95.9028	675.6432	95.2315	678.8014	94.5602	
28/08/2017	00:04:54	011995	G488125407HLR	L488	S		638.1188	1.0400	0.0000	100.0983	40.0000	0.8230	1.1600	5.0000	25.6906	713.0969	94.8843	14.0490	25.8000	0.9300	0.9236	0.6993	0.0000	713.0000	710.1299	1.0272	-3.1739	99.7235	40.7674	0.8230	0.8252	5.0000	-9999.0000	-9999.0000	-9999.0000	-9999.0000	-9999.0000	-9999.0000	17.2786	2	0	27.0384	1.0000	10	3	-9999.0000	32080	59237	-9999	-9999	1359	2746	498.7893	3	0.6993	0.7106	-0.0006	57.3568	1.1064	680.8077	502.4665	49.0972	664.9734	96.0185	675.4353	95.7870	680.4839	95.1620	683.8111	94.5602	
28/08/2017	00:05:29	011995	G488125397HLR	L488	S		638.1575	1.0400	0.0000	99.8118	40.0056	0.8230	1.1600	5.0000	25.8287	713.0347	94.6759	16.2589	25.9000	0.9300	0.9238	0.6993	0.0000	713.0000	711.9997	1.0272	-3.2297	99.7216	40.7694	0.8230	0.8253	5.0000	-9999.0000	-9999.0000	-9999.0000	-9999.0000	-9999.0000	-9999.0000	17.2426	3	0	34.3492	1.0000	10	3	-9999.0000	32081	59238	-9999	-9999	1360	2748	498.5932	3	0.6993	0.7114	-0.0006	60.1297	0.9406	679.5089	518.1650	47.6389	663.6139	96.0185	673.3516	95.8565	678.8322	95.2083	681.2483	94.5139	
28/08/2017	00:06:03	011995	G488125748HLR	L488	S		635.9505	1.0400	0.0000	100.1481	40.0327	0.8230	1.1601	5.0000	24.7735	713.0353	94.8611	13.6487	25.9000	0.9300	0.9237	0.6993	0.0000	713.0000	713.6642	1.0272	-3.2794	99.7479	40.7671	0.8230	0.8257	5.0000	-9999.0000	-9999.0000	-9999.0000	-9999.0000	-9999.0000	-9999.0000	17.1990	4	0	34.1274	1.0000	10	4	-9999.0000	32082	59239	-9999	-9999	1361	2750	498.6317	3	0.6993	0.7114	-0.0006	60.1297	0.9406	684.2373	504.5409	47.9630	670.0762	96.0417	679.0471	95.9028	683.8018	95.2083	687.7354	94.5602	
28/08/2017	00:06:32	011995	G488125782HLR	L488	S		634.1921	1.0400	0.0000	99.8363	40.0333	0.8230	1.1599	5.0000	26.8492	713.0216	94.5833	16.7090	25.9000	0.9300	0.9238	0.6995	0.0000	713.0000	714.2043	1.0272	-3.2956	99.7392	40.7800	0.8230	0.8253	5.0000	-9999.0000	-9999.0000	-9999.0000	-9999.0000	-9999.0000	-9999.0000	17.4591	5	0	29.1081	1.0000	10	4	-9999.0000	32083	59240	-9999	-9999	1362	2752	498.7687	3	0.6995	0.7113	-0.0006	60.3194	0.9156	676.5717	484.4259	46.9444	660.6179	95.9491	670.9322	95.8333	676.1639	95.1852	679.3322	94.5602	
28/08/2017	00:07:00	011995	G488125434HLR	L488	S		633.4976	1.0400	0.0000	99.9943	40.0482	0.8230	1.1599	5.0000	27.4193	713.0621	94.8611	15.4396	25.9000	0.9300	0.9238	0.6997	0.0000	713.0000	715.2063	1.0272	-3.3255	99.7397	40.7787	0.8230	0.8251	5.0000	-9999.0000	-9999.0000	-9999.0000	-9999.0000	-9999.0000	-9999.0000	17.0927	6	0	27.9485	1.0000	10	4	-9999.0000	32084	59241	-9999	-9999	1363	2754	498.9154	3	0.6997	0.7139	-0.0008	59.0006	0.9536	680.1605	485.3927	46.8981	663.0889	95.9722	672.9831	95.8102	679.7456	95.1620	682.4918	94.5602	
28/08/2017	00:07:30	011995	G488125417HLR	L488	S		627.4739	1.0400	0.0000	100.1708	40.0876	0.8230	1.1602	5.0000	23.9727	713.0484	94.7685	23.2790	25.9000	0.9300	0.9236	0.7001	0.0000	713.0000	716.6967	1.0272	-3.3700	99.7296	40.7816	0.8230	0.8252	5.0000	-9999.0000	-9999.0000	-9999.0000	-9999.0000	-9999.0000	-9999.0000	17.1485	7	0	30.0189	1.0000	10	4	-9999.0000	32085	59242	-9999	-9999	1364	2756	498.9696	3	0.7001	0.7139	-0.0008	63.9547	0.6829	665.0816	475.5966	46.3194	649.7803	95.9722	658.9750	95.8565	664.5984	95.1852	667.5529	94.5602	
28/08/2017	00:07:57	011995	G488125410HLR	L488	S		625.1954	1.0400	0.0000	99.8575	40.0806	0.8230	1.1598	5.0000	26.9389	713.0547	94.7685	23.0983	26.0000	0.9300	0.9236	0.6999	0.0000	713.0000	715.2622	1.0272	-3.3272	99.7370	40.7821	0.8230	0.8254	5.0000	-9999.0000	-9999.0000	-9999.0000	-9999.0000	-9999.0000	-9999.0000	17.5158	8	0	27.1177	1.0000	10	4	-9999.0000	32086	59243	-9999	-9999	1365	2758	499.2625	3	0.6999	0.7136	-0.0008	65.7107	0.6227	665.8267	495.7961	49.0509	651.6124	96.0648	660.7012	95.8565	665.4008	95.2315	667.7728	94.5370	
28/08/2017	00:08:27	011995	G488125786HLR	L488	S		634.2292	1.0400	0.0000	100.1125	40.1051	0.8230	1.1600	5.0000	25.3787	713.0571	94.7454	17.8486	26.0000	0.9300	0.9236	0.6994	0.0000	713.0000	714.2984	1.0272	-3.2984	99.8630	40.7835	0.8230	0.8257	5.0000	-9999.0000	-9999.0000	-9999.0000	-9999.0000	-9999.0000	-9999.0000	17.1882	1	0	30.0094	1.0000	10	4	-9999.0000	32087	59244	-9999	-9999	1366	2760	499.0887	3	0.6994	0.7085	-0.0005	70.8696	0.3711	674.8085	491.5862	46.4120	658.8215	95.9028	669.2324	95.7870	674.1660	95.0926	677.6799	94.5139	
28/08/2017	00:08:56	011995	G488125767HLR	L488	S		637.8234	1.0400	0.0000	100.1154	40.1134	0.8230	1.1599	5.0000	26.1488	713.0359	94.8843	14.5998	25.9000	0.9300	0.9236	0.6994	0.0000	713.0000	712.8203	1.0272	-3.2542	99.7463	40.7542	0.8230	0.8254	5.0000	-9999.0000	-9999.0000	-9999.0000	-9999.0000	-9999.0000	-9999.0000	17.1783	2	0	29.4776	1.0000	10	4	-9999.0000	32088	59245	-9999	-9999	1367	2762	498.7266	3	0.6994	0.7085	-0.0005	70.8696	0.3711	681.2461	474.3845	45.3935	665.6627	95.9028	675.3607	95.7870	680.5879	95.1157	684.1500	94.5139	
28/08/2017	00:09:23	011995	G488125777HLR	L488	S		636.4181	1.0400	0.0000	100.1685	40.1301	0.8230	1.1600	5.0000	24.9873	713.0833	94.8843	14.3390	26.0000	0.9300	0.9236	0.6989	0.0000	713.0000	712.4166	1.0272	-3.2422	99.8232	40.7500	0.8230	0.8246	5.0000	-9999.0000	-9999.0000	-9999.0000	-9999.0000	-9999.0000	-9999.0000	18.9488	3	0	26.6285	1.0000	10	4	-9999.0000	32089	59246	-9999	-9999	1368	2764	498.4218	3	0.6989	0.7075	-0.0005	63.0328	0.8762	681.9641	483.0610	47.7778	665.0797	95.9028	676.5505	95.7176	681.3433	95.0463	684.8292	94.5602	
28/08/2017	00:09:52	011995	G488125746HLR	L488	S		637.1090	1.0400	0.0000	99.9849	40.1287	0.8230	1.1598	5.0000	27.0249	713.0683	94.8843	13.8792	26.1000	0.9300	0.9238	0.6985	0.0000	713.0000	711.0416	1.0272	-3.2011	99.7215	40.7294	0.8230	0.8244	5.0000	-9999.0000	-9999.0000	-9999.0000	-9999.0000	-9999.0000	-9999.0000	17.6086	4	0	29.0095	1.0000	10	4	-9999.0000	32090	59247	-9999	-9999	1369	2766	498.1872	3	0.6985	0.7053	-0.0004	57.7704	1.2125	682.5934	489.9256	47.1991	667.1245	95.9259	676.8260	95.7870	681.8801	95.1389	685.1535	94.5833	
28/08/2017	00:10:23	011995	G488125757HLR	L488	S		641.5321	1.0400	0.0000	100.1718	40.1564	0.8230	1.1600	5.0000	24.1383	713.0690	94.8611	12.6097	26.0000	0.9300	0.9237	0.6989	0.0000	713.0000	711.4020	1.0272	-3.2119	100.0140	40.7335	0.8230	0.8237	5.0000	-9999.0000	-9999.0000	-9999.0000	-9999.0000	-9999.0000	-9999.0000	17.2373	5	0	30.4646	1.0000	10	4	-9999.0000	32091	59248	-9999	-9999	1370	2767	498.3943	3	0.6989	0.7039	-0.0003	52.4830	1.5491	685.7754	490.2999	46.1343	672.1714	95.8565	680.2463	95.7639	685.2326	95.0926	689.3216	94.5602	
28/08/2017	00:10:53	011995	G488125829HLR	L488	S		634.5281	1.0400	0.0000	99.8672	40.1452	0.8230	1.1597	5.0000	27.0385	713.0646	94.7917	18.3886	26.0000	0.9300	0.9238	0.6990	0.0000	713.0000	715.7010	1.0272	-3.3403	99.6715	40.7516	0.8230	0.8236	5.0000	-9999.0000	-9999.0000	-9999.0000	-9999.0000	-9999.0000	-9999.0000	17.3703	6	0	30.0575	1.0000	10	4	-9999.0000	32092	59249	-9999	-9999	1371	2768	498.4502	3	0.6990	0.7038	-0.0003	52.7672	1.5819	676.9184	475.2702	46.6667	662.4606	95.8565	671.2331	95.7176	676.3017	95.0231	680.3945	94.5602	
28/08/2017	00:11:23	011995	G488125790HLR	L488	S		632.7368	1.0400	0.0000	100.0868	40.1731	0.8230	1.1598	5.0000	25.4386	713.0485	94.7917	15.6993	26.0000	0.9300	0.9236	0.6988	0.0000	713.0000	712.2601	1.0272	-3.2375	99.7911	40.7391	0.8230	0.8228	5.0000	-9999.0000	-9999.0000	-9999.0000	-9999.0000	-9999.0000	-9999.0000	19.0679	7	0	30.2290	1.0000	10	4	-9999.0000	32093	59250	-9999	-9999	1372	2769	498.4598	3	0.6988	0.7032	-0.0003	54.2627	1.5110	678.9728	478.8880	47.8241	665.4186	96.1111	672.5095	95.9259	678.4617	95.2778	681.4591	94.5602	
28/08/2017	00:11:53	011995	G488125836HLR	L488	S		634.8354	1.0400	0.0000	100.2161	40.1969	0.8230	1.1601	5.0000	23.5788	713.0756	94.7917	15.9689	25.9000	0.9300	0.9236	0.6988	0.0000	713.0000	714.3639	1.0272	-3.3003	99.8686	40.7459	0.8230	0.8228	5.0000	-9999.0000	-9999.0000	-9999.0000	-9999.0000	-9999.0000	-9999.0000	19.2085	8	0	30.3565	1.0000	10	4	-9999.0000	32094	59251	-9999	-9999	1373	2770	498.3581	3	0.6988	0.7032	-0.0003	54.2627	1.5110	680.0166	468.2502	47.3611	665.8240	95.9259	674.1410	95.7407	679.5607	95.0463	682.4631	94.5370	
28/08/2017	00:12:24	011995	G488125834HLR	L488	S		635.6822	1.0400	0.0000	100.1516	40.1905	0.8230	1.1598	5.0000	25.9878	713.0556	94.8843	14.9191	25.9000	0.9300	0.9237	0.6988	0.0000	713.0000	711.4467	1.0272	-3.2132	99.7612	40.7728	0.8230	0.8239	5.0000	-9999.0000	-9999.0000	-9999.0000	-9999.0000	-9999.0000	-9999.0000	17.3019	1	0	30.5182	1.0000	10	4	-9999.0000	32095	59251	-9999	-9999	1374	2771	498.3576	3	0.6988	0.7035	-0.0003	51.5793	1.6469	679.5188	491.0845	47.6852	663.1467	95.9259	673.4723	95.7407	679.0488	95.0926	683.2942	94.5370	
28/08/2017	00:12:53	011995	G488125824HLR	L488	S		633.7649	1.0400	0.0000	99.9679	40.2000	0.8230	1.1597	5.0000	27.4786	713.0171	94.8380	15.7696	25.9000	0.9300	0.9237	0.6986	0.0000	713.0000	713.5643	1.0272	-3.2764	99.7884	40.7690	0.8230	0.8231	5.0000	-9999.0000	-9999.0000	-9999.0000	-9999.0000	-9999.0000	-9999.0000	18.7584	2	0	29.5083	1.0000	10	4	-9999.0000	32096	59252	-9999	-9999	1375	2773	498.1557	3	0.6986	0.7055	-0.0004	50.1537	1.7074	678.7390	493.1840	47.6389	662.8006	95.9028	671.8729	95.7407	678.1371	95.0694	681.6964	94.5602	
28/08/2017	00:13:22	011995	G488125739HLR	L488	S		640.9528	1.0400	0.0000	100.1620	40.2055	0.8230	1.1597	5.0000	27.0770	713.0927	94.8611	13.0286	25.9000	0.9300	0.9237	0.6988	0.0000	713.0000	712.6358	1.0272	-3.2487	99.6983	40.7900	0.8230	0.8242	5.0000	-9999.0000	-9999.0000	-9999.0000	-9999.0000	-9999.0000	-9999.0000	17.1392	3	0	28.8383	1.0000	10	4	-9999.0000	32097	59253	-9999	-9999	1376	2774	498.3603	3	0.6988	0.7049	-0.0004	50.5062	1.6893	685.7603	488.4384	48.7963	671.0843	95.9028	679.0617	95.7407	685.3896	95.0694	687.4773	94.5602	
28/08/2017	00:13:52	011995	G488125810HLR	L488	S		636.8234	1.0400	0.0000	99.8425	40.2175	0.8230	1.1596	5.0000	27.2282	713.0596	94.8148	12.9593	25.9000	0.9300	0.9238	0.6988	0.0000	713.0000	710.0833	1.0272	-3.1725	99.7270	40.7920	0.8230	0.8242	5.0000	-9999.0000	-9999.0000	-9999.0000	-9999.0000	-9999.0000	-9999.0000	17.4192	4	0	30.2990	1.0000	10	4	-9999.0000	32098	59254	-9999	-9999	1377	2776	498.3032	3	0.6988	0.7055	-0.0004	51.3385	1.6557	682.7199	474.0910	45.9954	666.5035	95.8565	676.7048	95.7176	682.1280	95.0694	686.1243	94.5602	
28/08/2017	00:14:22	011995	G488125806HLR	L488	S		638.0308	1.0400	0.0000	100.1432	40.2333	0.8230	1.1596	5.0000	27.2880	713.0628	94.9074	14.0686	25.9000	0.9300	0.9239	0.6992	0.0000	713.0000	712.2214	1.0272	-3.2363	99.8211	40.7857	0.8230	0.8234	5.0000	-9999.0000	-9999.0000	-9999.0000	-9999.0000	-9999.0000	-9999.0000	19.0282	5	0	29.6381	1.0000	10	4	-9999.0000	32099	59255	-9999	-9999	1378	2778	498.6186	3	0.6992	0.7047	-0.0003	50.2254	1.7245	681.6239	474.9760	47.8935	665.6044	95.8796	674.9157	95.6713	681.1510	95.0231	684.8957	94.5370	
28/08/2017	00:14:52	011995	G488125815HLR	L488	S		630.8737	1.0400	0.0000	100.1671	40.2430	0.8230	1.1596	5.0000	27.5682	713.0615	94.7222	18.4687	25.9000	0.9300	0.9238	0.6992	0.0000	713.0000	715.3242	1.0272	-3.3290	99.7178	40.8077	0.8230	0.8246	5.0000	-9999.0000	-9999.0000	-9999.0000	-9999.0000	-9999.0000	-9999.0000	17.1784	6	0	29.5580	1.0000	10	4	-9999.0000	32100	59256	-9999	-9999	1379	2780	498.6199	3	0.6992	0.7095	-0.0007	33.5843	2.8970	676.7618	478.0471	46.6204	659.4009	95.8102	670.4778	95.6250	676.3907	95.0000	679.4072	94.5370	
28/08/2017	00:15:20	011995	G488125729HLR	L488	S		642.5721	1.0400	0.0000	100.2005	40.2758	0.8230	1.1598	5.0000	24.3784	713.0378	94.8148	15.6085	25.9000	0.9300	0.9237	0.6992	0.0000	713.0000	714.6063	1.0272	-3.3076	100.0039	40.8074	0.8230	0.8245	5.0000	-9999.0000	-9999.0000	-9999.0000	-9999.0000	-9999.0000	-9999.0000	17.5775	7	0	28.0492	1.0000	10	4	-9999.0000	32101	59257	-9999	-9999	1380	2782	498.6169	3	0.6992	0.7095	-0.0007	33.5843	2.8970	681.3306	495.2812	47.1759	668.4168	95.9954	676.4918	95.8565	681.0840	95.1620	684.0254	94.5602	
28/08/2017	00:15:52	011995	G488125740HLR	L488	S		636.6820	1.0400	0.0000	100.1738	40.2753	0.8230	1.1597	5.0000	25.8877	713.0548	94.8611	14.1994	25.9000	0.9300	0.9237	0.6994	0.0000	713.0000	712.9207	1.0272	-3.2572	99.9254	40.8170	0.8230	0.8248	5.0000	-9999.0000	-9999.0000	-9999.0000	-9999.0000	-9999.0000	-9999.0000	17.2988	8	0	32.1573	1.0000	10	4	-9999.0000	32102	59258	-9999	-9999	1381	2784	498.8058	3	0.6994	0.7107	-0.0008	36.2457	2.7325	682.0568	480.8058	45.8102	668.6166	95.9259	675.7713	95.8102	681.5100	95.1157	683.9800	94.5602	
28/08/2017	00:16:23	011995	G488125805HLR	L488	S		632.9822	1.0400	0.0000	100.0900	40.2676	0.8230	1.1596	5.0000	27.3176	713.0316	94.6759	18.2187	25.9000	0.9300	0.9238	0.6991	0.0000	713.0000	713.9597	1.0272	-3.2883	99.7070	40.8197	0.8230	0.8253	5.0000	-9999.0000	-9999.0000	-9999.0000	-9999.0000	-9999.0000	-9999.0000	17.2145	1	0	30.7996	1.0000	10	4	-9999.0000	32103	59259	-9999	-9999	1382	2786	498.7819	3	0.6991	0.7099	-0.0007	43.5482	2.2040	672.8843	479.0790	48.2176	659.6062	95.9722	667.0810	95.6944	672.4849	95.0694	676.3323	94.5370	
28/08/2017	00:16:54	011995	G488125795HLR	L488	S		630.7878	1.0400	0.0000	100.1578	40.2801	0.8230	1.1596	5.0000	26.6860	713.0767	94.6991	17.7793	25.9000	0.9300	0.9237	0.6989	0.0000	713.0000	714.9782	1.0272	-3.3187	99.8175	40.8240	0.8230	0.8251	5.0000	-9999.0000	-9999.0000	-9999.0000	-9999.0000	-9999.0000	-9999.0000	17.2188	2	0	31.4978	1.0000	10	4	-9999.0000	32104	59259	-9999	-9999	1382	2788	498.5954	3	0.6989	0.7104	-0.0007	45.8177	2.0650	675.5503	481.0342	46.4120	660.5321	95.9722	669.5756	95.8102	675.0955	95.1389	678.6537	94.5370	
28/08/2017	00:17:22	011995	G488125799HLR	L488	S		633.8557	1.0400	0.0000	100.1778	40.2866	0.8230	1.1596	5.0000	26.4778	713.0152	94.6759	16.6495	25.9000	0.9300	0.9236	0.6992	0.0000	713.0000	714.8400	1.0272	-3.3146	99.8284	40.8180	0.8230	0.8243	5.0000	-9999.0000	-9999.0000	-9999.0000	-9999.0000	-9999.0000	-9999.0000	18.4543	3	0	27.5182	1.0000	10	4	-9999.0000	32105	59260	-9999	-9999	1382	2789	498.3135	3	0.6992	0.7098	-0.0007	43.0055	2.2754	677.4748	502.1954	46.6204	664.3012	95.9259	672.0395	95.7870	676.8137	95.1157	679.8328	94.5370	
28/08/2017	00:17:52	011995	G488125725HLR	L488	S		630.6159	1.0400	0.0000	100.1634	40.3000	0.8230	1.1597	5.0000	25.1176	713.0279	94.8611	21.2088	25.9000	0.9300	0.9236	0.6990	0.0000	713.0000	715.2717	1.0272	-3.3274	99.6942	40.8178	0.8230	0.8250	5.0000	-9999.0000	-9999.0000	-9999.0000	-9999.0000	-9999.0000	-9999.0000	17.2891	4	0	30.0387	1.0000	10	4	-9999.0000	32106	59261	-9999	-9999	1383	2791	498.5492	3	0.6990	0.7077	-0.0006	47.3965	1.9441	668.2480	488.1444	48.4259	655.2921	95.9954	662.5835	95.7407	667.7696	95.0694	670.7260	94.5602	
28/08/2017	00:18:22	011995	G488125735HLR	L488	S		599.7200	1.0400	0.0000	99.9019	40.2774	0.8230	1.1595	5.0000	28.1089	713.0533	94.5833	16.7891	26.0000	0.9300	0.9236	0.6990	0.0000	713.0000	714.0882	1.0272	-3.2921	99.7967	40.8143	0.8230	0.8243	5.0000	-9999.0000	-9999.0000	-9999.0000	-9999.0000	-9999.0000	-9999.0000	19.2290	5	0	29.9595	1.0000	10	4	-9999.0000	32107	59261	-9999	-9999	1384	2793	498.5470	3	0.6990	0.7077	-0.0006	47.3965	1.9441	678.3959	502.2820	50.1389	660.3508	95.9259	672.8634	95.7176	677.8624	95.0694	680.8792	94.5370	
28/08/2017	00:18:48	011995	G488125716HLR	L488	S		633.5632	1.0400	0.0000	99.9521	40.2870	0.8230	1.1595	5.0000	27.8079	713.0769	94.7454	17.7187	26.0000	0.9300	0.9237	0.6990	0.0000	713.0000	714.6871	1.0272	-3.3100	99.6418	40.8121	0.8230	0.8255	5.0000	-9999.0000	-9999.0000	-9999.0000	-9999.0000	-9999.0000	-9999.0000	17.3485	6	0	26.6171	1.0000	10	4	-9999.0000	32108	59262	-9999	-9999	1385	2795	498.5209	3	0.6990	0.7079	-0.0006	45.4295	2.0854	680.5873	500.7401	49.9537	667.5897	96.0417	674.2813	95.8333	680.2995	95.1389	682.7173	94.5602	
28/08/2017	00:19:13	011995	G488125717HLR	L488	S		623.7439	1.0400	0.0000	100.0640	40.2891	0.8230	1.1595	5.0000	28.5188	713.0307	94.6065	16.6192	26.0000	0.9300	0.9237	0.6986	0.0000	713.0000	713.1964	1.0272	-3.2655	99.7315	40.8029	0.8230	0.8255	5.0000	-9999.0000	-9999.0000	-9999.0000	-9999.0000	-9999.0000	-9999.0000	17.3079	7	0	24.9781	1.0000	10	4	-9999.0000	32109	59263	-9999	-9999	1386	2797	498.2203	3	0.6986	0.7060	-0.0005	50.3401	1.7329	679.1857	474.0063	46.5741	664.0054	95.9722	671.4371	95.8565	678.3312	95.2083	681.5300	94.5833	
28/08/2017	00:19:42	011995	G488125707HLR	L488	S		641.1383	1.0400	0.0000	100.2422	40.3292	0.8230	1.1602	5.0000	21.8483	713.0907	94.8611	13.9494	26.0000	0.9300	0.9235	0.6986	0.0000	713.0000	712.6039	1.0272	-3.2478	99.7030	40.7585	0.8230	0.8244	5.0000	-9999.0000	-9999.0000	-9999.0000	-9999.0000	-9999.0000	-9999.0000	17.4185	8	0	28.2690	1.0000	10	4	-9999.0000	32110	59263	-9999	-9999	1387	2799	498.2448	3	0.6986	0.7060	-0.0005	50.3401	1.7329	683.3616	489.5793	47.1065	668.8825	95.9028	678.4124	95.6944	682.9102	95.0231	686.7762	94.5370	
28/08/2017	00:20:12	011995	G488125473HLR	L488	S		629.1328	1.0400	0.0000	100.1637	40.3000	0.8230	1.1595	5.0000	27.0688	713.0189	94.7222	18.9491	26.0000	0.9300	0.9237	0.6981	0.0000	713.0000	714.6169	1.0272	-3.3079	99.7357	40.7665	0.8230	0.8235	5.0000	-9999.0000	-9999.0000	-9999.0000	-9999.0000	-9999.0000	-9999.0000	17.4389	1	0	30.0286	1.0000	10	4	-9999.0000	32111	59264	-9999	-9999	1388	2801	498.0342	3	0.6981	0.7047	-0.0004	52.2171	1.6315	674.9688	475.0006	47.0833	660.9196	95.9491	668.8916	95.7870	674.6525	95.1620	677.9376	94.5833	
28/08/2017	00:20:36	011995	G488125723HLR	L488	S		644.1291	1.0400	0.0000	100.3848	40.3459	0.8230	1.1604	5.0000	20.9588	713.0456	94.8611	11.8197	25.9000	0.9300	0.9235	0.6981	0.0000	713.0000	710.8172	1.0272	-3.1944	99.8142	40.7930	0.8230	0.8239	5.0000	-9999.0000	-9999.0000	-9999.0000	-9999.0000	-9999.0000	-9999.0000	17.2391	2	0	24.7780	1.0000	10	4	-9999.0000	32112	59265	-9999	-9999	1389	2803	497.8114	3	0.6981	0.7047	-0.0004	52.2171	1.6315	687.1691	469.6108	45.4861	670.2522	95.9259	680.9800	95.8102	686.6158	95.1389	690.4761	94.5139	
28/08/2017	00:21:01	011995	G488125452HLR	L488	S		642.9430	1.0400	0.0000	100.1659	40.3419	0.8230	1.1599	5.0000	23.6091	713.0366	94.8611	11.5892	26.0000	0.9300	0.9237	0.6979	0.0000	713.0000	709.9031	1.0272	-3.1671	99.7013	40.8057	0.8230	0.8240	5.0000	-9999.0000	-9999.0000	-9999.0000	-9999.0000	-9999.0000	-9999.0000	17.3284	3	0	24.9483	1.0000	10	4	-9999.0000	32113	59266	-9999	-9999	1390	2805	497.6674	3	0.6979	0.7031	-0.0003	56.2252	1.4287	688.5296	493.2139	48.3565	673.3004	95.8333	682.4169	95.6481	687.8443	95.0000	691.1279	94.5370	
28/08/2017	00:21:34	011995	G488125456HLR	L488	S		640.4789	1.0400	0.0000	100.4151	40.3555	0.8230	1.1603	5.0000	21.1189	713.0571	94.8843	13.9992	26.0000	0.9300	0.9237	0.6981	0.0000	713.0000	712.7259	1.0272	-3.2514	99.6636	40.8303	0.8230	0.8249	5.0000	-9999.0000	-9999.0000	-9999.0000	-9999.0000	-9999.0000	-9999.0000	17.2985	4	0	32.2980	1.0000	10	4	-9999.0000	32114	59267	-9999	-9999	1391	2807	497.8985	3	0.6981	0.7033	-0.0003	50.2867	1.7504	682.4371	470.7300	47.0602	668.3537	95.8102	676.8331	95.6250	682.1443	95.0000	685.8748	94.5602	
28/08/2017	00:22:15	011995	G488125695HLR	L488	S		637.8306	1.0400	0.0000	100.1678	40.3325	0.8230	1.1597	5.0000	25.2885	713.0704	94.8611	12.0892	25.9000	0.9300	0.9237	0.6980	0.0000	713.0000	709.3029	1.0272	-3.1491	99.6838	40.8287	0.8230	0.8255	5.0000	-9999.0000	-9999.0000	-9999.0000	-9999.0000	-9999.0000	-9999.0000	17.3686	5	0	41.8677	1.0000	10	4	-9999.0000	32115	59268	-9999	-9999	1391	2809	497.7884	3	0.6980	0.7043	-0.0004	52.3628	1.6564	685.5644	482.7771	48.4954	669.9075	95.9259	678.6845	95.7407	685.1575	95.0926	688.3653	94.5833	
28/08/2017	00:22:44	011995	G488125458HLR	L488	S		640.3211	1.0400	0.0000	100.1216	40.3289	0.8230	1.1595	5.0000	27.0281	713.0532	94.8380	11.9095	26.0000	0.9300	0.9238	0.6981	0.0000	713.0000	710.7548	1.0272	-3.1925	99.8037	40.8348	0.8230	0.8256	5.0000	-9999.0000	-9999.0000	-9999.0000	-9999.0000	-9999.0000	-9999.0000	17.1326	6	0	28.6104	1.0000	10	4	-9999.0000	32116	59269	-9999	-9999	1391	2810	497.8161	3	0.6981	0.7043	-0.0004	42.5573	2.1963	686.7789	479.1292	45.7639	672.1017	95.8333	681.2607	95.6250	686.2632	94.9769	691.1363	94.5602	
28/08/2017	00:23:14	011995	G488125468HLR	L488	S		640.7601	1.0400	0.0000	100.3265	40.3667	0.8230	1.1604	5.0000	20.8691	713.0575	94.8843	13.8996	25.9000	0.9300	0.9237	0.6983	0.0000	713.0000	713.5205	1.0272	-3.2751	99.7113	40.8241	0.8230	0.8242	5.0000	-9999.0000	-9999.0000	-9999.0000	-9999.0000	-9999.0000	-9999.0000	17.2581	7	0	29.5482	1.0000	10	4	-9999.0000	32117	59270	-9999	-9999	1392	2812	498.0148	3	0.6983	0.7064	-0.0005	37.1491	2.5408	685.8278	475.1882	47.4537	671.2275	95.8333	679.1973	95.6250	685.3111	95.0231	687.5959	94.5602	
28/08/2017	00:23:38	011995	G488125472HLR	L488	S		633.9290	1.0400	0.0000	100.2703	40.3726	0.8230	1.1604	5.0000	20.8894	713.0212	94.7454	21.2381	25.8000	0.9300	0.9236	0.6989	0.0000	713.0000	716.5612	1.0272	-3.3660	99.9583	40.8135	0.8230	0.8234	5.0000	-9999.0000	-9999.0000	-9999.0000	-9999.0000	-9999.0000	-9999.0000	19.2080	8	0	24.8785	1.0000	10	4	-9999.0000	32118	59271	-9999	-9999	1392	2814	498.0304	3	0.6989	0.7057	-0.0004	43.7895	2.0756	672.6287	505.5722	46.3889	659.3336	95.9491	668.3952	95.7407	672.4342	95.0926	676.0471	94.5602	
28/08/2017	00:24:03	011995	G488125484HLR	L488	S		630.6597	1.0400	0.0000	100.1223	40.3425	0.8230	1.1596	5.0000	25.9195	713.4935	94.2361	30.8382	25.8000	0.9300	0.9234	0.6992	0.0000	713.0000	732.2217	1.0272	-3.8338	99.6658	40.8279	0.8230	0.8246	5.0000	-9999.0000	-9999.0000	-9999.0000	-9999.0000	-9999.0000	-9999.0000	17.3874	1	2	24.8792	1.0000	10	4	-9999.0000	32119	59271	-9999	-9999	1393	2816	499.1181	3	0.6992	0.7062	-0.0005	40.9672	2.3068	626.2657	475.2369	46.5741	606.1343	96.4120	615.3447	95.9722	625.2056	95.3472	630.3066	94.6065	
28/08/2017	00:24:43	011995	G488125731HLR	L488	S		637.9981	1.0400	0.0000	100.0757	40.3384	0.8230	1.1594	5.0000	27.3980	713.0369	94.8380	15.5294	25.8000	0.9300	0.9235	0.6992	0.0000	713.0000	713.5650	1.0272	-3.2765	99.6555	40.8263	0.8230	0.8255	5.0000	-9999.0000	-9999.0000	-9999.0000	-9999.0000	-9999.0000	-9999.0000	17.2473	2	0	39.1473	1.0000	10	4	-9999.0000	32120	59272	-9999	-9999	1394	2818	498.6222	3	0.6992	0.7062	-0.0005	40.9672	2.3068	678.9510	490.8752	45.4630	662.8286	95.7407	672.7403	95.6481	678.5416	94.9769	681.3896	94.5139	
28/08/2017	00:25:08	011995	G488125413HLR	L488	S		637.1677	1.0400	0.0000	100.1047	40.3517	0.8230	1.1595	5.0000	25.6179	713.0435	94.8611	12.1692	25.8000	0.9300	0.9237	0.6992	0.0000	713.0000	711.4376	1.0272	-3.2129	99.9725	40.7833	0.8230	0.8239	5.0000	-9999.0000	-9999.0000	-9999.0000	-9999.0000	-9999.0000	-9999.0000	20.0694	3	0	25.0387	1.0000	10	4	-9999.0000	32121	59273	-9999	-9999	1395	2820	498.6041	3	0.6992	0.7064	-0.0005	41.1018	2.2858	685.8464	497.8587	45.1852	668.3461	95.7870	679.4791	95.6481	685.2783	95.0000	688.8873	94.5602	
28/08/2017	00:25:38	011995	G488125403HLR	L488	S		636.9490	1.0400	0.0000	100.1953	40.3362	0.8230	1.1595	5.0000	26.5778	713.0576	94.9074	13.8693	25.9000	0.9300	0.9238	0.6990	0.0000	713.0000	712.0459	1.0272	-3.2311	99.8183	40.8261	0.8230	0.8250	5.0000	-9999.0000	-9999.0000	-9999.0000	-9999.0000	-9999.0000	-9999.0000	18.2585	4	0	30.7385	1.0000	10	4	-9999.0000	32122	59274	-9999	-9999	1396	2822	498.4778	3	0.6990	0.7071	-0.0006	47.8445	1.7691	682.2009	481.6296	48.2407	667.0607	95.7176	675.5309	95.5787	681.4470	95.0000	685.8779	94.5833	
28/08/2017	00:26:08	011995	G488125448HLR	L488	S		643.0530	1.0400	0.0000	100.3775	40.3667	0.8230	1.1603	5.0000	20.7474	713.0350	94.9074	13.2297	25.8000	0.9300	0.9237	0.6981	0.0000	713.0000	711.8970	1.0272	-3.2266	99.9642	40.7618	0.8230	0.8246	5.0000	-9999.0000	-9999.0000	-9999.0000	-9999.0000	-9999.0000	-9999.0000	17.5084	5	0	29.5580	1.0000	10	4	-9999.0000	32123	59275	-9999	-9999	1397	2824	497.8387	3	0.6981	0.7073	-0.0006	48.3900	1.7256	685.9131	504.1554	49.3287	672.2061	95.9259	680.1896	95.7870	685.6526	95.1389	688.7666	94.6065	
28/08/2017	00:26:37	011995	G488125481HLR	L488	S		638.3633	1.0400	0.0000	100.2244	40.3687	0.8230	1.1603	5.0000	20.8339	713.0502	94.8843	13.7893	25.9000	0.9300	0.9236	0.6981	0.0000	713.0000	712.8887	1.0272	-3.2563	99.7429	40.7500	0.8230	0.8243	5.0000	-9999.0000	-9999.0000	-9999.0000	-9999.0000	-9999.0000	-9999.0000	17.6090	6	0	29.6186	1.0000	10	4	-9999.0000	32123	59276	-9999	-9999	1398	2826	497.8227	3	0.6981	0.7073	-0.0006	48.6519	1.7210	684.3657	525.7455	50.7176	669.1527	95.8796	678.4635	95.6944	683.9792	95.0694	687.8435	94.5602	
28/08/2017	00:27:05	011995	G488125486HLR	L488	S		636.8904	1.0400	0.0000	99.8491	40.3129	0.8230	1.1594	5.0000	27.2582	713.0432	94.8148	12.9397	25.9000	0.9300	0.9240	0.6985	0.0000	713.0000	711.4289	1.0272	-3.2127	99.6899	40.7462	0.8230	0.8237	5.0000	-9999.0000	-9999.0000	-9999.0000	-9999.0000	-9999.0000	-9999.0000	17.3574	7	0	27.1986	1.0000	10	4	-9999.0000	32124	59277	-9999	-9999	1399	2827	498.0902	3	0.6985	0.7079	-0.0006	50.3821	1.6071	683.5222	486.7777	48.2176	667.6174	95.7639	676.6889	95.6250	682.8451	95.0694	686.4183	94.5833	
28/08/2017	00:27:31	011995	G488125398HLR	L488	S		630.3730	1.0400	0.0000	100.2022	40.3476	0.8230	1.1600	5.0000	22.0179	713.0352	95.0000	19.7685	25.9000	0.9300	0.9238	0.6983	0.0000	713.0000	713.3661	1.0272	-3.2705	99.8949	40.7448	0.8230	0.8235	5.0000	-9999.0000	-9999.0000	-9999.0000	-9999.0000	-9999.0000	-9999.0000	17.4520	8	0	26.3689	1.0000	10	4	-9999.0000	32125	59278	-9999	-9999	1400	2829	498.0760	3	0.6983	0.7119	-0.0009	52.1763	1.5219	672.0614	487.2188	47.8009	658.9156	95.9028	665.7949	95.7407	671.7269	95.1620	674.3260	94.6065	
28/08/2017	00:28:01	011995	G488125430HLR	L488	S		630.5176	1.0400	0.0000	100.0877	40.2918	0.8230	1.1594	5.0000	27.6584	713.0512	94.6296	16.8790	25.8000	0.9300	0.9236	0.6983	0.0000	713.0000	711.2117	1.0272	-3.2062	99.7171	40.7723	0.8230	0.8237	5.0000	-9999.0000	-9999.0000	-9999.0000	-9999.0000	-9999.0000	-9999.0000	17.3175	1	0	29.5578	1.0000	10	1	-9999.0000	32126	59279	-9999	-9999	1401	2831	497.9820	3	0.6983	0.7119	-0.0009	52.1763	1.5219	676.1088	482.0866	46.3426	661.2741	96.0417	669.9304	95.9259	675.5402	95.2778	679.1699	94.5833	
28/08/2017	00:28:31	011995	G488125409HLR	L488	S		635.9492	1.0400	0.0000	100.1636	40.2886	0.8230	1.1595	5.0000	26.5883	713.0416	94.8843	14.7687	25.8000	0.9300	0.9237	0.6983	0.0000	713.0000	710.4479	1.0272	-3.1834	99.7792	40.7878	0.8230	0.8234	5.0000	-9999.0000	-9999.0000	-9999.0000	-9999.0000	-9999.0000	-9999.0000	18.8588	2	0	29.9692	1.0000	10	1	-9999.0000	32126	59280	-9999	-9999	1402	2833	497.9336	3	0.6983	0.7118	-0.0009	52.9718	1.4935	679.6627	492.9355	46.4583	664.7179	95.7870	673.7246	95.7176	679.3810	95.0694	683.1621	94.5602	
28/08/2017	00:29:00	011995	G488125437HLR	L488	S		635.3322	1.0400	0.0000	100.1150	40.2780	0.8230	1.1595	5.0000	26.6577	713.0633	94.8843	15.3790	25.9000	0.9300	0.9237	0.6981	0.0000	713.0000	711.3585	1.0272	-3.2106	99.6777	40.8070	0.8230	0.8245	5.0000	-9999.0000	-9999.0000	-9999.0000	-9999.0000	-9999.0000	-9999.0000	17.5317	3	0	29.0384	1.0000	10	1	-9999.0000	32127	59281	-9999	-9999	1403	2835	497.8817	3	0.6981	0.7073	-0.0006	53.3654	1.4795	679.2458	483.5113	47.8009	665.4594	95.8565	674.2675	95.7407	678.9340	95.1389	682.6505	94.5833	
28/08/2017	00:29:29	011995	G488125177HLR	L488	S		630.5471	1.0400	0.0000	100.2203	40.2867	0.8230	1.1597	5.0000	24.2592	713.0235	94.8611	15.3791	25.9000	0.9300	0.9237	0.6981	0.0000	713.0000	709.7879	1.0272	-3.1636	99.6534	40.8079	0.8230	0.8248	5.0000	-9999.0000	-9999.0000	-9999.0000	-9999.0000	-9999.0000	-9999.0000	17.1480	4	0	29.5785	1.0000	10	1	-9999.0000	32128	59282	-9999	-9999	1404	2837	497.6718	3	0.6981	0.7054	-0.0004	54.2548	1.4606	677.9998	492.2992	48.0093	663.0358	95.8565	670.7323	95.7176	677.5339	95.0926	681.0021	94.6065	
28/08/2017	00:30:00	011995	G488125183HLR	L488	S		634.5161	1.0400	0.0000	100.2866	40.3000	0.8230	1.1603	5.0000	20.9589	713.0441	94.9074	14.4289	25.9000	0.9300	0.9236	0.6981	0.0000	713.0000	709.1977	1.0272	-3.1460	99.7358	40.8117	0.8230	0.8250	5.0000	-9999.0000	-9999.0000	-9999.0000	-9999.0000	-9999.0000	-9999.0000	17.2278	5	0	30.3382	1.0000	10	1	-9999.0000	32129	59283	-9999	-9999	1405	2839	497.8467	3	0.6981	0.7054	-0.0004	54.2548	1.4606	680.2645	483.0054	47.7778	666.3678	95.8102	673.7974	95.7176	679.9316	95.0926	683.6164	94.5833	
28/08/2017	00:30:33	011995	G488125165HLR	L488	S		630.0073	1.0400	0.0000	100.1042	40.2613	0.8230	1.1595	5.0000	26.5083	713.0456	94.9074	15.5089	26.0000	0.9300	0.9238	0.6987	0.0000	713.0000	709.9801	1.0272	-3.1694	99.7179	40.8122	0.8230	0.8249	5.0000	-9999.0000	-9999.0000	-9999.0000	-9999.0000	-9999.0000	-9999.0000	17.7788	6	0	33.5177	1.0000	10	1	-9999.0000	32130	59284	-9999	-9999	1406	2841	498.2317	3	0.6987	0.7029	-0.0002	53.3030	1.5363	676.3994	473.6788	49.8611	660.3499	95.8796	670.0784	95.7176	676.1169	95.0926	680.2138	94.6065	
28/08/2017	00:31:03	011995	G488125441HLR	L488	S		630.3840	1.0400	0.0000	99.8869	40.2545	0.8230	1.1595	5.0000	26.9476	713.0533	94.7454	17.9990	26.0000	0.9300	0.9237	0.6999	0.0000	713.0000	713.2432	1.0272	-3.2669	99.7465	40.8117	0.8230	0.8252	5.0000	-9999.0000	-9999.0000	-9999.0000	-9999.0000	-9999.0000	-9999.0000	17.2512	7	0	29.9389	1.0000	10	1	-9999.0000	32131	59285	-9999	-9999	1407	2843	498.9325	3	0.6999	0.7025	-0.0002	55.5739	1.4023	673.6996	475.4176	47.2222	659.9764	95.7870	667.6727	95.6944	673.2530	95.0926	676.7842	94.6065	
28/08/2017	00:31:31	011995	G488125192HLR	L488	S		626.1411	1.0400	0.0000	100.1896	40.2793	0.8230	1.1598	5.0000	23.9683	713.0353	94.6065	16.9395	26.0000	0.9300	0.9236	0.6999	0.0000	713.0000	712.8449	1.0272	-3.2550	99.7340	40.8119	0.8230	0.8246	5.0000	-9999.0000	-9999.0000	-9999.0000	-9999.0000	-9999.0000	-9999.0000	17.5092	8	0	27.7891	1.0000	10	1	-9999.0000	32132	59286	-9999	-9999	1408	2845	499.1029	3	0.6999	0.7025	-0.0002	55.5739	1.4023	674.8652	475.4697	47.4074	661.8420	95.9028	667.5225	95.7639	674.1567	95.1389	678.6732	94.5833	
28/08/2017	00:31:58	011995	G488125160HLR	L488	S		631.2786	1.0400	0.0000	100.1304	40.2666	0.8230	1.1596	5.0000	26.5786	713.0817	94.8843	19.3886	25.9000	0.9300	0.9237	0.7001	0.0000	713.0000	714.9451	1.0272	-3.3177	99.7879	40.8125	0.8230	0.8247	5.0000	-9999.0000	-9999.0000	-9999.0000	-9999.0000	-9999.0000	-9999.0000	17.5689	1	0	27.3615	1.0000	10	1	-9999.0000	32133	59287	-9999	-9999	1409	2847	499.2145	3	0.7001	0.7024	-0.0001	50.8567	1.6978	672.9072	497.4913	48.9352	659.8558	95.9028	667.0081	95.7176	672.6313	95.1157	675.3807	94.5833	
28/08/2017	00:32:29	011995	G488125154HLR	L488	S		628.1443	1.0400	0.0000	100.1925	40.2781	0.8230	1.1597	5.0000	25.2682	713.0434	94.7454	22.5583	25.9000	0.9300	0.9235	0.7002	0.0000	713.0000	716.7921	1.0272	-3.3729	99.6617	40.8241	0.8230	0.8252	5.0000	-9999.0000	-9999.0000	-9999.0000	-9999.0000	-9999.0000	-9999.0000	17.3991	2	0	30.4844	1.0000	10	1	-9999.0000	32134	59288	-9999	-9999	1410	2849	499.2908	3	0.7002	0.7046	-0.0003	53.4742	1.5638	668.9521	521.7243	47.9398	656.1334	95.8796	663.8080	95.7176	668.5626	95.1389	673.0459	94.5833	
28/08/2017	00:32:59	011995	G488125242HLR	L488	S		632.1178	1.0400	0.0000	100.1187	40.2786	0.8230	1.1596	5.0000	26.6853	713.0681	94.7917	17.9190	26.0000	0.9300	0.9235	0.7004	0.0000	713.0000	713.8121	1.0272	-3.2838	99.6437	40.8071	0.8230	0.8255	5.0000	-9999.0000	-9999.0000	-9999.0000	-9999.0000	-9999.0000	-9999.0000	17.3083	3	0	30.5587	1.0000	10	1	-9999.0000	32135	59289	-9999	-9999	1411	2850	499.4151	3	0.7004	0.7076	-0.0004	52.6647	1.6455	675.1227	474.2222	47.3148	662.2774	95.7407	669.4247	95.6250	674.4550	95.0463	678.9737	94.5602	
28/08/2017	00:33:29	011995	G488125147HLR	L488	S		629.4952	1.0400	0.0000	100.0647	40.2859	0.8230	1.1595	5.0000	27.0192	713.0231	94.6991	16.4493	25.9000	0.9300	0.9236	0.7002	0.0000	713.0000	712.8462	1.0272	-3.2550	99.6725	40.8028	0.8230	0.8255	5.0000	-9999.0000	-9999.0000	-9999.0000	-9999.0000	-9999.0000	-9999.0000	17.2858	4	0	29.3782	1.0000	10	1	-9999.0000	32136	59290	-9999	-9999	1412	2851	499.3913	3	0.7002	0.7126	-0.0007	52.7496	1.6273	675.1578	487.4481	48.7037	660.1561	95.8102	668.9826	95.6019	674.7071	95.0000	678.4841	94.5370	
28/08/2017	00:33:57	011995	G488125145HLR	L488	S		632.8620	1.0400	0.0000	100.2253	40.3000	0.8230	1.1597	5.0000	24.7983	713.0498	94.8380	15.2199	25.9000	0.9300	0.9236	0.7002	0.0000	713.0000	711.2110	1.0272	-3.2061	99.6808	40.7924	0.8230	0.8253	5.0000	-9999.0000	-9999.0000	-9999.0000	-9999.0000	-9999.0000	-9999.0000	17.3194	5	0	28.7985	1.0000	10	1	-9999.0000	32137	59291	-9999	-9999	1413	2853	499.2759	3	0.7002	0.7126	-0.0007	52.7496	1.6273	677.5366	489.9669	45.3009	662.5254	95.7639	671.3234	95.5787	677.0959	94.9769	681.5034	94.5370	
28/08/2017	00:34:28	011995	G488125212HLR	L488	S		631.8226	1.0400	0.0000	100.2086	40.3081	0.8230	1.1598	5.0000	24.3385	713.0502	94.6991	18.5595	25.9000	0.9300	0.9236	0.7000	0.0000	713.0000	713.9705	1.0272	-3.2886	99.7166	40.7734	0.8230	0.8247	5.0000	-9999.0000	-9999.0000	-9999.0000	-9999.0000	-9999.0000	-9999.0000	17.4683	6	0	30.9580	1.0000	10	1	-9999.0000	32137	59291	-9999	-9999	1414	2855	499.1987	3	0.7000	0.7116	-0.0007	52.2116	1.6488	672.8079	482.9620	46.9444	657.9267	95.8333	667.1297	95.6944	672.6573	95.0694	677.5475	94.5833	
28/08/2017	00:34:59	011995	G488125211HLR	L488	S		632.0625	1.0400	0.0000	99.8946	40.3000	0.8230	1.1595	5.0000	27.4986	713.0125	94.9074	15.0587	25.9000	0.9300	0.9236	0.7000	0.0000	713.0000	712.1167	1.0272	-3.2332	99.7433	40.7500	0.8230	0.8240	5.0000	-9999.0000	-9999.0000	-9999.0000	-9999.0000	-9999.0000	-9999.0000	17.1446	7	0	30.9680	1.0000	10	1	-9999.0000	32138	59291	-9999	-9999	1414	2857	499.1044	3	0.7000	0.7116	-0.0007	52.2116	1.6488	678.5288	472.8143	45.4861	662.9960	95.8333	672.4705	95.7176	678.1202	95.0926	682.2506	94.5602	
28/08/2017	00:35:29	011995	G488125201HLR	L488	S		620.1696	1.0400	0.0000	100.1925	40.3041	0.8230	1.1595	5.0000	27.5589	713.0427	94.6759	18.1787	25.9000	0.9300	0.9238	0.7002	0.0000	713.0000	712.5698	1.0272	-3.2467	99.7867	40.7500	0.8230	0.8237	5.0000	-9999.0000	-9999.0000	-9999.0000	-9999.0000	-9999.0000	-9999.0000	17.3193	8	0	30.1683	1.0000	10	1	-9999.0000	32139	59292	-9999	-9999	1414	2859	499.1372	3	0.7002	0.7123	-0.0007	58.3612	1.3396	672.0845	471.3098	47.3843	654.1228	95.8333	665.7718	95.6019	671.6882	95.0000	675.9150	94.5833	
28/08/2017	00:35:59	011995	G488125180HLR	L488	S		627.3963	1.0400	0.0000	100.1852	40.3210	0.8230	1.1596	5.0000	26.3393	713.0394	94.6991	17.8496	25.9000	0.9300	0.9236	0.7000	0.0000	713.0000	713.0232	1.0272	-3.2603	99.7766	40.7563	0.8230	0.8237	5.0000	-9999.0000	-9999.0000	-9999.0000	-9999.0000	-9999.0000	-9999.0000	17.3675	1	0	29.5783	1.0000	10	1	-9999.0000	32140	59292	-9999	-9999	1415	2861	499.2910	3	0.7000	0.7126	-0.0007	57.5838	1.3691	673.2650	511.7396	47.1065	658.2563	95.9259	667.8198	95.7870	672.9103	95.1620	676.9464	94.5833	
28/08/2017	00:36:27	011995	G488125159HLR	L488	S		627.8433	1.0400	0.0000	100.1860	40.3386	0.8230	1.1596	5.0000	25.3287	713.0213	94.7685	16.2696	25.9000	0.9300	0.9236	0.7000	0.0000	713.0000	711.2436	1.0272	-3.2071	99.7303	40.7574	0.8230	0.8235	5.0000	-9999.0000	-9999.0000	-9999.0000	-9999.0000	-9999.0000	-9999.0000	17.3979	2	0	28.0592	1.0000	10	1	-9999.0000	32141	59292	-9999	-9999	1416	2863	499.1108	3	0.7000	0.7126	-0.0007	57.5838	1.3691	673.9540	489.2059	47.4074	659.0754	95.8796	667.4704	95.7176	673.3044	95.0926	677.4461	94.5602	
28/08/2017	00:36:55	011995	G488125214HLR	L488	S		633.8978	1.0400	0.0000	99.9558	40.3333	0.8230	1.1594	5.0000	27.9379	713.0232	94.9074	12.4993	25.9000	0.9300	0.9237	0.6999	0.0000	713.0000	711.1152	1.0272	-3.2033	99.7055	40.7711	0.8230	0.8235	5.0000	-9999.0000	-9999.0000	-9999.0000	-9999.0000	-9999.0000	-9999.0000	17.3869	3	0	27.9984	1.0000	10	1	-9999.0000	32142	59293	-9999	-9999	1417	2865	499.0488	3	0.6999	0.7122	-0.0007	63.2666	1.0904	683.6527	486.8960	45.6944	668.1823	95.6944	678.2392	95.5556	683.0629	94.9537	687.0760	94.5602	
28/08/2017	00:37:24	011995	G488125204HLR	L488	S		642.2918	1.0400	0.0000	99.9610	40.3416	0.8230	1.1594	5.0000	27.9951	713.0456	94.8148	10.6488	25.9000	0.9300	0.9238	0.6998	0.0000	713.0000	709.0960	1.0272	-3.1430	99.8399	40.7816	0.8230	0.8230	5.0000	-9999.0000	-9999.0000	-9999.0000	-9999.0000	-9999.0000	-9999.0000	18.8145	4	0	29.2883	1.0000	10	1	-9999.0000	32143	59294	-9999	-9999	1418	2867	499.0018	3	0.6998	0.7112	-0.0007	64.0934	1.0530	687.8466	479.1519	46.9676	671.1944	95.6019	682.0069	95.4861	687.5593	94.8611	691.8046	94.5370	
28/08/2017	00:37:52	011995	G488125235HLR	L488	S		629.9546	1.0400	0.0000	99.9101	40.3517	0.8230	1.1594	5.0000	27.1770	713.0498	94.7454	16.2784	25.9000	0.9300	0.9239	0.6998	0.0000	713.0000	713.0264	1.0272	-3.2604	99.7991	40.8157	0.8230	0.8243	5.0000	-9999.0000	-9999.0000	-9999.0000	-9999.0000	-9999.0000	-9999.0000	17.3801	5	0	27.4586	1.0000	10	1	-9999.0000	32144	59295	-9999	-9999	1419	2869	499.0798	3	0.6998	0.7117	-0.0007	64.8548	1.0564	677.3038	496.0718	47.1065	663.4364	95.7176	670.3781	95.5324	676.7562	94.9769	680.1747	94.5833	
28/08/2017	00:38:20	011995	G488125220HLR	L488	S		630.0672	1.0400	0.0000	100.1872	40.3640	0.8230	1.1595	5.0000	26.5945	713.0525	94.7222	16.4698	25.9000	0.9300	0.9237	0.7003	0.0000	713.0000	713.1238	1.0272	-3.2633	99.7179	40.8242	0.8230	0.8245	5.0000	-9999.0000	-9999.0000	-9999.0000	-9999.0000	-9999.0000	-9999.0000	17.4684	6	0	27.9876	1.0000	10	1	-9999.0000	32145	59296	-9999	-9999	1420	2871	499.1647	3	0.7003	0.7096	-0.0005	62.7667	1.1716	676.5929	487.0046	49.7917	661.4832	95.9259	670.6487	95.7176	676.0993	95.0926	679.7533	94.5833	
28/08/2017	00:38:51	011995	G488125227HLR	L488	S		632.4082	1.0400	0.0000	100.2419	40.3696	0.8230	1.1596	5.0000	25.0963	713.0282	94.7685	16.1397	25.9000	0.9300	0.9237	0.7003	0.0000	713.0000	713.3696	1.0272	-3.2706	99.7179	40.8310	0.8230	0.8251	5.0000	-9999.0000	-9999.0000	-9999.0000	-9999.0000	-9999.0000	-9999.0000	17.3697	7	0	30.7591	1.0000	10	1	-9999.0000	32146	59297	-9999	-9999	1421	2873	499.3885	3	0.7003	0.7096	-0.0005	62.7667	1.1716	676.6477	513.3226	47.9398	661.7576	95.9028	670.2811	95.7407	675.9666	95.0926	679.9028	94.5602	
28/08/2017	00:39:16	011995	G488123930HLR	L488	S		646.8499	1.0400	0.0000	100.1702	40.3762	0.8230	1.1596	5.0000	25.0582	713.0679	94.8611	13.8694	25.8000	0.9300	0.9237	0.7010	0.0000	713.0000	717.4526	1.0272	-3.3926	99.7130	40.8278	0.8230	0.8254	5.0000	-9999.0000	-9999.0000	-9999.0000	-9999.0000	-9999.0000	-9999.0000	17.3496	8	0	25.2086	1.0000	10	1	-9999.0000	32147	59298	-9999	-9999	1422	2874	499.9445	3	0.7010	0.7083	-0.0005	47.7739	2.0979	686.4935	499.0830	48.0324	669.7936	95.7870	680.9578	95.6481	686.2819	95.0231	688.5604	94.5602	
28/08/2017	00:39:46	011995	G488125233HLR	L488	S		622.3183	1.0400	0.0000	100.1735	40.3714	0.8230	1.1595	5.0000	26.3285	713.0203	94.6991	16.2999	25.9000	0.9300	0.9238	0.7010	0.0000	713.0000	715.8822	1.0272	-3.3457	99.8400	40.8212	0.8230	0.8244	5.0000	-9999.0000	-9999.0000	-9999.0000	-9999.0000	-9999.0000	-9999.0000	19.3979	1	0	30.4778	1.0000	10	1	-9999.0000	32148	59299	-9999	-9999	1423	2876	499.8529	3	0.7010	0.7081	-0.0005	42.7112	2.4605	676.7616	471.7032	45.2315	659.6698	95.8333	670.0737	95.6250	675.8327	95.0231	679.5235	94.5833	
28/08/2017	00:40:21	011995	G488125193HLR	L488	S		631.6874	1.0400	0.0000	100.2971	40.3875	0.8230	1.1597	5.0000	24.4838	713.0820	94.8843	13.9787	25.9000	0.9300	0.9237	0.7010	0.0000	713.0000	713.6730	1.0272	-3.2797	99.6729	40.7718	0.8230	0.8246	5.0000	-9999.0000	-9999.0000	-9999.0000	-9999.0000	-9999.0000	-9999.0000	17.1482	2	0	34.7785	1.0000	10	1	-9999.0000	32149	59300	-9999	-9999	1424	2878	499.9204	3	0.7010	0.7081	-0.0005	42.7112	2.4605	681.0688	478.8771	46.0417	665.3509	95.8102	674.7413	95.7407	680.8043	95.0463	685.3447	94.5833	
28/08/2017	00:40:52	011995	G488125197HLR	L488	S		636.4920	1.0400	0.0000	100.3660	40.3872	0.8230	1.1596	5.0000	24.9892	713.0632	94.8611	11.9398	25.9000	0.9300	0.9237	0.7008	0.0000	713.0000	710.6222	1.0272	-3.1886	99.7591	40.7635	0.8230	0.8242	5.0000	-9999.0000	-9999.0000	-9999.0000	-9999.0000	-9999.0000	-9999.0000	17.1017	3	0	30.6379	1.0000	10	1	-9999.0000	32150	59301	-9999	-9999	1425	2880	499.7368	3	0.7008	0.7073	-0.0004	42.8482	2.4552	684.5360	471.4579	45.6944	667.4597	95.7407	677.9771	95.6250	684.1717	95.0231	688.2035	94.5602	
28/08/2017	00:41:22	011995	G488125218HLR	L488	S		634.7096	1.0400	0.0000	100.2901	40.3686	0.8230	1.1594	5.0000	27.8123	713.0190	94.8843	14.2092	26.1000	0.9300	0.9239	0.7006	0.0000	713.0000	711.7388	1.0272	-3.2219	99.8825	40.7786	0.8230	0.8246	5.0000	-9999.0000	-9999.0000	-9999.0000	-9999.0000	-9999.0000	-9999.0000	17.4487	4	0	30.0990	1.0000	10	1	-9999.0000	32151	59302	-9999	-9999	1426	2881	499.5299	3	0.7006	0.7074	-0.0004	37.2001	2.7954	679.7860	473.8647	45.6481	664.4015	95.7176	673.5124	95.5556	679.1901	94.9769	683.5086	94.5833	
28/08/2017	00:41:51	011995	G488120426HLR	L488	S		623.7612	1.0400	0.0000	100.3764	40.4211	0.8230	1.1603	5.0000	20.8441	713.0562	94.9537	19.4989	26.0000	0.9300	0.9237	0.7003	0.0000	713.0000	715.7483	1.0272	-3.3417	99.7159	40.7655	0.8230	0.8242	5.0000	-9999.0000	-9999.0000	-9999.0000	-9999.0000	-9999.0000	-9999.0000	17.2516	5	0	28.6781	1.0000	10	1	-9999.0000	32152	59303	-9999	-9999	1427	2882	499.4132	3	0.7003	0.7075	-0.0005	43.0942	2.4612	670.5354	472.5023	46.4352	655.6349	95.9259	664.8548	95.7407	669.9120	95.1157	673.5441	94.6065	
28/08/2017	00:42:21	011995	G488120440HLR	L488	S		622.4061	1.0400	0.0000	99.9104	40.3809	0.8230	1.1594	5.0000	26.3980	713.0257	94.6991	23.8278	25.9000	0.9300	0.9235	0.7006	0.0000	713.0000	721.8656	1.0272	-3.5244	99.7045	40.7638	0.8230	0.8239	5.0000	-9999.0000	-9999.0000	-9999.0000	-9999.0000	-9999.0000	-9999.0000	17.1991	6	2	30.8284	1.0000	10	1	-9999.0000	32153	59304	-9999	-9999	1428	2884	499.3548	3	0.7006	0.7104	-0.0006	42.6489	2.5258	671.2727	496.0946	47.5000	657.2751	95.9954	664.6683	95.8102	670.8366	95.1852	673.0398	94.5833	
28/08/2017	00:42:50	011995	G488123944HLR	L488	S		626.8095	1.0400	0.0000	100.0414	40.3727	0.8230	1.1593	5.0000	28.3627	713.0672	94.6991	16.4493	26.0000	0.9300	0.9236	0.7006	0.0000	713.0000	714.7441	1.0272	-3.3117	99.7738	40.7574	0.8230	0.8227	5.0000	-9999.0000	-9999.0000	-9999.0000	-9999.0000	-9999.0000	-9999.0000	19.2617	7	0	28.3481	1.0000	10	1	-9999.0000	32154	59305	-9999	-9999	1428	2886	499.6267	3	0.7006	0.7104	-0.0006	42.6489	2.5258	676.2901	476.0483	48.7037	662.1352	95.8796	669.2895	95.6713	675.4473	95.0463	679.1266	94.5602	
28/08/2017	00:43:23	011995	G488123926HLR	L488	S		623.8123	1.0400	0.0000	100.1450	40.3791	0.8230	1.1594	5.0000	27.6673	713.0255	94.7917	15.9083	26.0000	0.9300	0.9237	0.7006	0.0000	713.0000	714.7747	1.0272	-3.3126	99.6909	40.7845	0.8230	0.8235	5.0000	-9999.0000	-9999.0000	-9999.0000	-9999.0000	-9999.0000	-9999.0000	17.2157	8	0	33.6182	1.0000	10	1	-9999.0000	32155	59306	-9999	-9999	1429	2888	499.5934	3	0.7006	0.7111	-0.0007	42.5827	2.5148	677.9985	473.6914	45.8333	660.8576	95.8102	670.7762	95.6250	677.4061	94.9769	680.8078	94.5370	
28/08/2017	00:43:56	011995	G488123917HLR	L488	S		634.3661	1.0400	0.0000	99.8408	40.3881	0.8230	1.1594	5.0000	27.0894	713.0170	94.7917	15.9698	26.0000	0.9300	0.9236	0.7002	0.0000	713.0000	713.6862	1.0272	-3.2801	99.6643	40.8025	0.8230	0.8237	5.0000	-9999.0000	-9999.0000	-9999.0000	-9999.0000	-9999.0000	-9999.0000	17.3031	1	0	32.8683	1.0000	10	1	-9999.0000	32156	59307	-9999	-9999	1430	2889	499.2841	3	0.7002	0.7111	-0.0007	40.2970	2.6137	677.5627	496.9437	48.3796	661.7302	95.9259	671.4394	95.7407	677.4278	95.1157	681.6431	94.5833	
28/08/2017	00:44:29	011995	G488120441HLR	L488	S		629.1959	1.0400	0.0000	100.2751	40.4023	0.8230	1.1595	5.0000	25.6984	713.0504	94.9074	19.8388	25.9000	0.9300	0.9236	0.6991	0.0000	713.0000	713.4377	1.0272	-3.2727	99.7057	40.7910	0.8230	0.8236	5.0000	-9999.0000	-9999.0000	-9999.0000	-9999.0000	-9999.0000	-9999.0000	17.1895	2	0	32.8479	1.0000	10	1	-9999.0000	32157	59308	-9999	-9999	1431	2891	498.6073	3	0.6991	0.7135	-0.0009	46.9563	2.2553	669.2452	478.8965	46.3426	653.4142	95.9028	663.2271	95.7639	668.5872	95.1157	672.2402	94.5602	
28/08/2017	00:45:01	011995	G488120811HLR	L488	S		632.0068	1.0400	0.0000	100.2963	40.4203	0.8230	1.1598	5.0000	23.4490	713.0189	94.6991	17.3584	25.9000	0.9300	0.9236	0.6990	0.0000	713.0000	712.2188	1.0272	-3.2363	99.8213	40.7638	0.8230	0.8227	5.0000	-9999.0000	-9999.0000	-9999.0000	-9999.0000	-9999.0000	-9999.0000	19.4393	3	0	31.5894	1.0000	10	1	-9999.0000	32158	59309	-9999	-9999	1432	2893	498.4900	3	0.6990	0.7140	-0.0009	47.5064	2.3067	674.2892	498.6561	48.2176	658.8308	95.9722	666.9583	95.7176	673.7175	95.1157	676.7387	94.5602	
28/08/2017	00:45:27	011995	G488120429HLR	L488	S		627.5309	1.0400	0.0000	100.3017	40.4498	0.8230	1.1602	5.0000	20.9256	713.0546	94.6991	22.5095	25.9000	0.9300	0.9236	0.6989	0.0000	713.0000	717.9360	1.0272	-3.4070	99.7563	40.7635	0.8230	0.8228	5.0000	-9999.0000	-9999.0000	-9999.0000	-9999.0000	-9999.0000	-9999.0000	19.2554	4	0	26.7774	1.0000	10	1	-9999.0000	32159	59310	-9999	-9999	1433	2895	498.4717	3	0.6989	0.7141	-0.0009	47.1211	2.3226	670.3866	497.8284	49.0278	660.6885	96.0185	664.8104	95.7407	669.9448	95.1157	673.1151	94.5833	
28/08/2017	00:45:54	011995	G488120430HLR	L488	S		618.6654	1.0400	0.0000	100.2141	40.4173	0.8230	1.1596	5.0000	25.0981	713.0561	94.6528	21.8992	25.9000	0.9300	0.9236	0.6991	0.0000	713.0000	717.6879	1.0272	-3.3996	99.8385	40.7611	0.8230	0.8227	5.0000	-9999.0000	-9999.0000	-9999.0000	-9999.0000	-9999.0000	-9999.0000	19.5191	5	0	26.4888	1.0000	10	1	-9999.0000	32160	59311	-9999	-9999	1434	2897	498.4520	3	0.6991	0.7125	-0.0008	54.9993	1.8431	669.6544	519.3583	48.9120	655.7948	95.9491	663.7820	95.7639	669.0800	95.1389	672.9856	94.5602	
28/08/2017	00:47:27	011995	G488125395HLR	L488	S		0.0000	0.0000	0.0000	0.0000	0.0000	0.8230	0.0000	0.0000	0.0000	0.0000	0.0000	0.0000	0.0000	0.9300	0.0000	0.0000	0.0000	0.0000	0.0000	0.0000	0.0000	0.0000	0.0000	0.8230	0.0000	0.0000	0.0000	0.0000	0.0000	0.0000	0.0000	0.0000	0.0000	0	42	26.4888	1.0000	10	2	0.0000	0	0	0	0	0	0	0.0000	0	0.0000	0.0000	0.0000	0.0000	0.0000	0.0000	0.0000	0.0000	0.0000	0.0000	0.0000	0.0000	0.0000	0.0000	0.0000	0.0000	
28/08/2017	00:48:44	011995	G488125422HLR	L488	S		0.0000	0.0000	0.0000	0.0000	0.0000	0.8230	0.0000	0.0000	0.0000	0.0000	0.0000	0.0000	0.0000	0.9300	0.0000	0.0000	0.0000	0.0000	0.0000	0.0000	0.0000	0.0000	0.0000	0.8230	0.0000	0.0000	0.0000	0.0000	0.0000	0.0000	0.0000	0.0000	0.0000	0	42	26.4888	1.0000	10	2	0.0000	0	0	0	0	0	0	0.0000	0	0.0000	0.0000	0.0000	0.0000	0.0000	0.0000	0.0000	0.0000	0.0000	0.0000	0.0000	0.0000	0.0000	0.0000	0.0000	0.0000	
28/08/2017	00:49:08	011995	G488125418HLR	L488	S		0.0000	0.0000	0.0000	0.0000	0.0000	0.8230	0.0000	0.0000	0.0000	0.0000	0.0000	0.0000	0.0000	0.9300	0.0000	0.0000	0.0000	0.0000	0.0000	0.0000	0.0000	0.0000	0.0000	0.8230	0.0000	0.0000	0.0000	0.0000	0.0000	0.0000	0.0000	0.0000	0.0000	0	42	26.4888	1.0000	10	2	0.0000	0	0	0	0	0	0	0.0000	0	0.0000	0.0000	0.0000	0.0000	0.0000	0.0000	0.0000	0.0000	0.0000	0.0000	0.0000	0.0000	0.0000	0.0000	0.0000	0.0000	
28/08/2017	00:49:28	011995	G488120434HLR	L488	S		632.2871	1.0400	0.0000	99.8303	40.4062	0.8230	1.1593	5.0000	26.7593	713.0215	94.6759	21.9090	25.9000	0.9300	0.9235	0.6993	0.0000	713.0000	716.3109	1.0272	-3.3585	99.7022	40.8127	0.8230	0.8239	5.0000	-9999.0000	-9999.0000	-9999.0000	-9999.0000	-9999.0000	-9999.0000	17.1555	6	0	214.0684	1.0000	10	1	-9999.0000	32161	59312	-9999	-9999	1435	2898	498.5278	3	0.6993	0.7121	-0.0008	53.3276	1.8481	671.2625	495.9502	46.8981	655.3499	95.8565	664.6322	95.6481	670.8947	95.0463	674.0607	94.5833	
28/08/2017	00:49:57	011995	G488120424HLR	L488	S		620.4905	1.0400	0.0000	100.1871	40.4000	0.8230	1.1594	5.0000	27.8489	713.0456	94.7917	17.6592	26.0000	0.9300	0.9236	0.6993	0.0000	713.0000	717.4308	1.0272	-3.3919	99.8225	40.8415	0.8230	0.8245	5.0000	-9999.0000	-9999.0000	-9999.0000	-9999.0000	-9999.0000	-9999.0000	17.4586	7	0	29.1585	1.0000	10	1	-9999.0000	32162	59313	-9999	-9999	1436	2900	498.6675	3	0.6993	0.7121	-0.0008	53.3276	1.8481	675.7225	485.9660	44.7685	656.3195	95.8333	669.6994	95.6250	675.2673	95.0231	679.5547	94.5370	
28/08/2017	00:50:27	011995	G488123954HLR	L488	S		637.7610	1.0400	0.0000	100.0819	40.4000	0.8230	1.1593	5.0000	28.6247	713.0604	94.8148	6.7496	25.8000	0.9300	0.9233	0.6987	0.0000	713.0000	709.8634	1.0272	-3.1659	99.8416	40.7922	0.8230	0.8244	5.0000	-9999.0000	-9999.0000	-9999.0000	-9999.0000	-9999.0000	-9999.0000	19.3987	8	0	30.1283	1.0000	10	1	-9999.0000	32163	59314	-9999	-9999	1437	2902	498.2785	3	0.6987	0.7135	-0.0008	53.7902	1.7697	701.5096	462.6117	46.3426	683.1607	95.7176	694.6321	95.6481	700.7447	94.9769	705.1742	94.5370	
28/08/2017	00:50:56	011995	G488123955HLR	L488	S		636.8859	1.0400	0.0000	100.3245	40.4251	0.8230	1.1597	5.0000	23.7887	713.0700	94.7685	8.4693	25.9000	0.9300	0.9238	0.6979	0.0000	713.0000	712.2834	1.0272	-3.2382	99.8304	40.7704	0.8230	0.8254	5.0000	-9999.0000	-9999.0000	-9999.0000	-9999.0000	-9999.0000	-9999.0000	17.2582	1	0	28.9086	1.0000	10	1	-9999.0000	32164	59315	-9999	-9999	1438	2904	497.6932	3	0.6979	0.7142	-0.0009	52.6392	1.8798	696.9223	489.8117	48.6574	679.5846	95.6481	691.1167	95.3935	696.1468	94.6528	700.0805	94.4444	
28/08/2017	00:51:28	011995	G488123962HLR	L488	S		624.6467	1.0400	0.0000	100.1940	40.4246	0.8230	1.1597	5.0000	23.5486	713.0412	94.7222	21.7888	26.0000	0.9300	0.9239	0.6970	0.0000	713.0000	714.7611	1.0272	-3.3122	99.7466	40.7565	0.8230	0.8251	5.0000	-9999.0000	-9999.0000	-9999.0000	-9999.0000	-9999.0000	-9999.0000	17.3193	2	0	31.4778	1.0000	10	1	-9999.0000	32165	59316	-9999	-9999	1439	2906	497.2100	3	0.6970	0.7121	-0.0008	67.0510	1.1336	671.5000	472.4454	47.2685	657.2698	95.9259	665.4510	95.6250	671.1961	94.9537	674.0760	94.5139	
28/08/2017	00:52:00	011995	G488123967HLR	L488	S		612.2146	1.0400	0.0000	100.1790	40.3973	0.8230	1.1593	5.0000	27.8382	713.0350	94.8843	18.1787	26.0000	0.9300	0.9242	0.6979	0.0000	713.0000	712.9046	1.0272	-3.2567	99.7059	40.7294	0.8230	0.8244	5.0000	-9999.0000	-9999.0000	-9999.0000	-9999.0000	-9999.0000	-9999.0000	17.3478	3	0	32.5587	1.0000	10	1	-9999.0000	32166	59317	-9999	-9999	1440	2908	497.0179	3	0.6979	0.7060	-0.0005	66.2064	1.1308	673.4065	456.4599	44.8611	648.2783	95.8796	666.7861	95.6713	672.9906	95.2083	676.3856	94.6528	
28/08/2017	00:52:31	011995	G488125766HLR	L488	S		636.0782	1.0400	0.0000	100.1007	40.2656	0.8230	1.1600	5.0000	21.5691	713.0509	94.8843	19.1796	25.9000	0.9300	0.9237	0.6979	0.0000	713.0000	711.4194	1.0272	-3.2124	99.7452	40.7161	0.8230	0.8242	5.0000	-9999.0000	-9999.0000	-9999.0000	-9999.0000	-9999.0000	-9999.0000	17.3582	4	0	30.9280	1.0000	10	2	-9999.0000	32167	59318	-9999	-9999	1441	2910	497.6907	3	0.6979	0.7038	-0.0004	65.5906	1.1318	672.1896	490.7400	48.0787	659.2476	96.0880	666.8956	95.8565	671.6414	95.1620	675.3610	94.5602	
28/08/2017	00:53:02	011995	G488125399HLR	L488	S		636.2228	1.0400	0.0000	100.1196	40.1945	0.8230	1.1596	5.0000	24.3698	713.0246	94.6528	16.4591	25.9000	0.9300	0.9237	0.6979	0.0000	713.0000	711.3318	1.0272	-3.2098	99.7320	40.7162	0.8230	0.8243	5.0000	-9999.0000	-9999.0000	-9999.0000	-9999.0000	-9999.0000	-9999.0000	17.1785	5	0	30.7082	1.0000	10	2	-9999.0000	32168	59319	-9999	-9999	1442	2912	497.6314	3	0.6979	0.7038	-0.0004	65.5906	1.1318	679.3291	506.4054	46.1343	665.6543	95.9259	673.6855	95.7639	678.8202	95.0926	681.7991	94.5833	
28/08/2017	00:53:38	011995	G488125788HLR	L488	S		635.4192	1.0400	0.0000	100.1085	40.1481	0.8230	1.1595	5.0000	25.9441	713.0159	94.9769	20.5291	25.9000	0.9300	0.9236	0.6973	0.0000	713.0000	712.0108	1.0272	-3.2300	99.7271	40.7165	0.8230	0.8241	5.0000	-9999.0000	-9999.0000	-9999.0000	-9999.0000	-9999.0000	-9999.0000	17.3412	6	0	36.1084	1.0000	10	2	-9999.0000	32169	59320	-9999	-9999	1443	2914	497.3772	3	0.6973	0.7034	-0.0004	65.6854	1.1794	672.8424	494.5648	45.3704	657.0704	95.9954	667.0134	95.6944	672.4223	95.0694	675.0887	94.6065	
28/08/2017	00:54:07	011995	G488125769HLR	L488	S		638.6921	1.0400	0.0000	99.8715	40.1068	0.8230	1.1594	5.0000	27.2484	713.0835	94.7917	21.6590	25.9000	0.9300	0.9236	0.6974	0.0000	713.0000	713.1441	1.0272	-3.2639	99.7160	40.7126	0.8230	0.8238	5.0000	-9999.0000	-9999.0000	-9999.0000	-9999.0000	-9999.0000	-9999.0000	17.6685	7	0	29.4885	1.0000	10	2	-9999.0000	32169	59321	-9999	-9999	1444	2916	497.3378	3	0.6974	0.7035	-0.0004	65.7366	1.1605	671.2628	491.5269	48.3333	659.6289	95.9722	665.8863	95.8102	670.9265	95.1852	674.4707	94.6065	
28/08/2017	00:54:38	011995	G488125779HLR	L488	S		634.8598	1.0400	0.0000	100.1382	40.1007	0.8230	1.1596	5.0000	26.6381	713.0165	94.9306	19.9393	25.9000	0.9300	0.9235	0.6973	0.0000	713.0000	711.6938	1.0272	-3.2206	99.8367	40.7294	0.8230	0.8247	5.0000	-9999.0000	-9999.0000	-9999.0000	-9999.0000	-9999.0000	-9999.0000	17.3461	8	0	30.4983	1.0000	10	2	-9999.0000	32169	59322	-9999	-9999	1445	2918	497.2464	3	0.6973	0.7036	-0.0004	64.9996	1.1874	673.0386	512.8566	47.1065	659.4604	95.9028	667.8611	95.8102	672.6818	95.2083	675.0347	94.6065	
28/08/2017	00:55:07	011995	G488125759HLR	L488	S		637.3090	1.0400	0.0000	100.0070	40.1000	0.8230	1.1596	5.0000	27.3988	713.0373	94.8843	19.4989	25.9000	0.9300	0.9236	0.6977	0.0000	713.0000	711.6963	1.0272	-3.2206	99.7166	40.7150	0.8230	0.8240	5.0000	-9999.0000	-9999.0000	-9999.0000	-9999.0000	-9999.0000	-9999.0000	17.5481	1	0	28.7681	1.0000	10	2	-9999.0000	32169	59323	-9999	-9999	1446	2920	497.2955	3	0.6977	0.7030	-0.0003	66.1551	1.0487	673.3178	490.0593	48.8657	660.0959	95.9722	668.3890	95.7639	672.9685	95.1157	675.9988	94.5602	
28/08/2017	00:55:37	011995	G488125750HLR	L488	S		637.5678	1.0400	0.0000	100.0356	40.1000	0.8230	1.1596	5.0000	27.7386	713.0127	94.6528	25.1187	25.8000	0.9300	0.9236	0.6980	0.0000	713.0000	715.5135	1.0272	-3.3347	99.7666	40.7130	0.8230	0.8237	5.0000	-9999.0000	-9999.0000	-9999.0000	-9999.0000	-9999.0000	-9999.0000	17.5236	2	0	30.7384	1.0000	10	2	-9999.0000	32170	59324	-9999	-9999	1447	2921	497.4945	3	0.6980	0.7024	-0.0003	69.9803	0.6153	670.1651	496.0047	46.8056	659.3725	95.9491	665.0483	95.7870	669.9331	95.1620	672.1018	94.6065	
28/08/2017	00:56:08	011995	G488125808HLR	L488	S		640.3309	1.0400	0.0000	100.1770	40.1137	0.8230	1.1597	5.0000	26.7084	713.0399	94.6991	18.5791	25.8000	0.9300	0.9235	0.6982	0.0000	713.0000	712.6025	1.0272	-3.2477	99.7324	40.7266	0.8230	0.8235	5.0000	-9999.0000	-9999.0000	-9999.0000	-9999.0000	-9999.0000	-9999.0000	17.4888	3	0	30.2385	1.0000	10	2	-9999.0000	32171	59325	-9999	-9999	1448	2923	497.7203	3	0.6982	0.7021	-0.0002	72.5751	0.1585	675.9428	505.3918	47.9398	662.0316	95.9491	670.0250	95.7176	675.6310	95.1157	677.9442	94.5602	
28/08/2017	00:56:45	011995	G488125827HLR	L488	S		640.0738	1.0400	0.0000	100.2742	40.1832	0.8230	1.1606	5.0000	20.6159	713.0495	94.6991	16.3184	25.8000	0.9300	0.9236	0.6982	0.0000	713.0000	711.3272	1.0272	-3.2096	99.7037	40.7356	0.8230	0.8236	5.0000	-9999.0000	-9999.0000	-9999.0000	-9999.0000	-9999.0000	-9999.0000	17.3270	4	0	37.6490	1.0000	10	2	-9999.0000	32172	59326	-9999	-9999	1449	2925	497.9178	3	0.6982	0.7021	-0.0002	72.5751	0.1585	677.5026	504.4701	47.3843	662.2536	95.9491	672.2544	95.8102	677.0182	95.0926	680.3017	94.5139	
28/08/2017	00:57:17	011995	G488125830HLR	L488	S		640.0703	1.0400	0.0000	99.8616	40.1375	0.8230	1.1596	5.0000	27.4975	713.0110	94.6296	16.9190	25.8000	0.9300	0.9237	0.6979	0.0000	713.0000	711.8686	1.0272	-3.2258	99.7194	40.7404	0.8230	0.8237	5.0000	-9999.0000	-9999.0000	-9999.0000	-9999.0000	-9999.0000	-9999.0000	17.3687	5	0	32.1363	1.0000	10	2	-9999.0000	32173	59327	-9999	-9999	1450	2927	498.1043	3	0.6979	0.7081	-0.0005	73.9080	0.0976	676.4403	508.7473	47.0139	662.2841	95.8796	670.9779	95.7176	676.2389	95.0694	679.8238	94.5602	
28/08/2017	00:57:47	011995	G488125838HLR	L488	S		638.2138	1.0400	0.0000	100.1287	40.1660	0.8230	1.1598	5.0000	25.7681	713.0464	94.7222	17.7285	25.8000	0.9300	0.9237	0.6979	0.0000	713.0000	710.1711	1.0272	-3.1751	99.7603	40.7167	0.8230	0.8240	5.0000	-9999.0000	-9999.0000	-9999.0000	-9999.0000	-9999.0000	-9999.0000	17.4447	6	0	29.5191	1.0000	10	2	-9999.0000	32173	59328	-9999	-9999	1451	2928	497.7084	3	0.6979	0.7081	-0.0005	73.9080	0.0976	674.3980	486.5521	46.5046	658.8835	95.9028	669.0548	95.8102	673.8390	95.1389	676.9838	94.5602	
28/08/2017	00:58:18	011995	G488125822HLR	L488	S		634.5747	1.0400	0.0000	99.8939	40.1667	0.8230	1.1596	5.0000	27.7689	713.0491	94.8843	19.2792	25.9000	0.9300	0.9237	0.6983	0.0000	713.0000	712.3742	1.0272	-3.2409	99.8745	40.7062	0.8230	0.8232	5.0000	-9999.0000	-9999.0000	-9999.0000	-9999.0000	-9999.0000	-9999.0000	19.9488	7	0	31.2277	1.0000	10	2	-9999.0000	32174	59328	-9999	-9999	1452	2929	497.6917	3	0.6983	0.7077	-0.0005	63.9277	0.5571	673.9638	509.3428	46.4815	661.8138	95.9028	668.0347	95.7407	673.4313	95.1157	675.6559	94.5602	
28/08/2017	00:58:47	011995	G488125699HLR	L488	S		634.0812	1.0400	0.0000	100.1507	40.1881	0.8230	1.1598	5.0000	25.2584	713.0554	94.6991	26.5483	25.7000	0.9300	0.9236	0.6986	0.0000	713.0000	716.3228	1.0272	-3.3588	99.6741	40.7230	0.8230	0.8235	5.0000	-9999.0000	-9999.0000	-9999.0000	-9999.0000	-9999.0000	-9999.0000	17.3548	8	0	28.2787	1.0000	10	2	-9999.0000	32175	59329	-9999	-9999	1453	2931	498.0437	3	0.6986	0.7080	-0.0005	62.3392	0.6293	664.3691	490.9605	48.5648	650.8889	96.0185	658.8115	95.8565	663.8973	95.2315	666.6175	94.5602	
28/08/2017	00:59:15	011995	G488125832HLR	L488	S		635.1343	1.0400	0.0000	100.0650	40.1860	0.8230	1.1596	5.0000	27.3482	713.0520	94.8380	21.1990	25.8000	0.9300	0.9236	0.6987	0.0000	713.0000	712.3995	1.0272	-3.2416	99.7819	40.7351	0.8230	0.8236	5.0000	-9999.0000	-9999.0000	-9999.0000	-9999.0000	-9999.0000	-9999.0000	17.2084	1	0	28.2690	1.0000	10	2	-9999.0000	32176	59330	-9999	-9999	1454	2933	498.1857	3	0.6987	0.7085	-0.0005	59.6109	0.7419	668.0913	497.3758	45.9491	654.5034	96.0880	663.4169	95.9028	667.7881	95.2546	670.6534	94.5602	
28/08/2017	00:59:45	011995	G488125835HLR	L488	S		637.9676	1.0400	0.0000	100.1797	40.2000	0.8230	1.1597	5.0000	25.8383	713.0670	94.6991	18.5088	25.8000	0.9300	0.9236	0.6986	0.0000	713.0000	712.5190	1.0272	-3.2452	99.7597	40.7526	0.8230	0.8237	5.0000	-9999.0000	-9999.0000	-9999.0000	-9999.0000	-9999.0000	-9999.0000	17.4154	2	0	30.6477	1.0000	10	2	-9999.0000	32177	59331	-9999	-9999	1455	2935	498.2824	3	0.6986	0.7090	-0.0005	58.5825	0.7932	674.0426	496.1366	48.9583	659.3183	95.9722	668.4309	95.8333	673.6385	95.1620	676.3866	94.5370	
28/08/2017	01:00:15	011995	G488125797HLR	L488	S		638.1370	1.0400	0.0000	100.2471	40.2412	0.8230	1.1605	5.0000	20.6688	713.0317	94.8148	18.9891	25.8000	0.9300	0.9236	0.6983	0.0000	713.0000	712.4641	1.0272	-3.2436	99.7586	40.7725	0.8230	0.8241	5.0000	-9999.0000	-9999.0000	-9999.0000	-9999.0000	-9999.0000	-9999.0000	17.3788	3	0	29.2190	1.0000	10	2	-9999.0000	32178	59332	-9999	-9999	1456	2937	498.1596	3	0.6983	0.7084	-0.0005	56.3686	0.9243	675.0485	495.0895	48.1481	660.2452	95.9491	669.1358	95.8565	674.8384	95.1620	676.9209	94.5370	
28/08/2017	01:00:43	011995	G488125813HLR	L488	S		636.8390	1.0400	0.0000	99.8443	40.2000	0.8230	1.1595	5.0000	28.2982	713.0481	94.7222	17.3594	25.8000	0.9300	0.9237	0.6985	0.0000	713.0000	711.0412	1.0272	-3.2011	100.0676	40.7744	0.8230	0.8243	5.0000	-9999.0000	-9999.0000	-9999.0000	-9999.0000	-9999.0000	-9999.0000	17.2282	4	0	28.1978	1.0000	10	2	-9999.0000	32179	59333	-9999	-9999	1457	2939	497.9745	3	0.6985	0.7080	-0.0005	55.2917	0.9959	676.6832	490.6108	46.8056	661.8596	95.8565	670.9010	95.7639	676.2918	95.1157	678.9358	94.5370	
28/08/2017	01:01:16	011995	G488125737HLR	L488	S		639.6153	1.0400	0.0000	100.1629	40.2141	0.8230	1.1598	5.0000	25.0787	713.0407	94.6296	17.2686	25.8000	0.9300	0.9237	0.6986	0.0000	713.0000	711.7900	1.0272	-3.2234	99.7052	40.7885	0.8230	0.8244	5.0000	-9999.0000	-9999.0000	-9999.0000	-9999.0000	-9999.0000	-9999.0000	17.2388	5	0	33.6280	1.0000	10	2	-9999.0000	32180	59334	-9999	-9999	1458	2941	498.1207	3	0.6986	0.7081	-0.0005	55.6685	0.9729	677.1415	506.3855	47.5694	662.0398	95.8565	670.4300	95.7407	676.7098	95.0463	679.4080	94.5139	
28/08/2017	01:01:47	011995	G488125724HLR	L488	S		640.0059	1.0400	0.0000	100.1884	40.2271	0.8230	1.1599	5.0000	23.9987	713.0190	94.6065	16.9190	25.8000	0.9300	0.9236	0.6986	0.0000	713.0000	711.4563	1.0272	-3.2135	99.7654	40.7947	0.8230	0.8248	5.0000	-9999.0000	-9999.0000	-9999.0000	-9999.0000	-9999.0000	-9999.0000	17.3483	6	0	30.2385	1.0000	10	2	-9999.0000	32181	59334	-9999	-9999	1459	2943	498.1287	3	0.6986	0.7081	-0.0005	55.6685	0.9729	676.1918	502.9950	47.6157	660.4828	95.8333	670.0971	95.7639	675.6374	95.0694	678.7119	94.5139	
28/08/2017	01:02:17	011995	G488125706HLR	L488	S		640.1428	1.0400	0.0000	99.8496	40.2044	0.8230	1.1595	5.0000	27.6296	713.0625	94.7222	18.2783	25.9000	0.9300	0.9237	0.6991	0.0000	713.0000	712.5853	1.0272	-3.2472	99.7251	40.7893	0.8230	0.8244	5.0000	-9999.0000	-9999.0000	-9999.0000	-9999.0000	-9999.0000	-9999.0000	17.1793	7	0	30.7084	1.0000	10	2	-9999.0000	32182	59335	-9999	-9999	1460	2945	498.2161	3	0.6991	0.7079	-0.0005	53.9810	1.0791	675.7040	476.6956	44.6759	662.9033	95.7870	669.6617	95.6944	675.1286	95.0463	678.0242	94.5370	
28/08/2017	01:02:45	011995	G488125709HLR	L488	S		637.3547	1.0400	0.0000	100.1760	40.2225	0.8230	1.1597	5.0000	26.0085	713.0610	94.6065	17.2598	25.9000	0.9300	0.9237	0.6993	0.0000	713.0000	712.2030	1.0272	-3.2358	99.8441	40.7669	0.8230	0.8232	5.0000	-9999.0000	-9999.0000	-9999.0000	-9999.0000	-9999.0000	-9999.0000	19.1200	8	0	28.0095	1.0000	10	2	-9999.0000	32183	59336	-9999	-9999	1460	2947	498.5613	3	0.6993	0.7080	-0.0005	53.9953	1.0819	676.0533	488.7409	47.7778	659.6975	95.9259	670.7192	95.8102	675.6036	95.1620	678.6308	94.5602	
28/08/2017	01:03:16	011995	G488125730HLR	L488	S		636.0642	1.0400	0.0000	100.1809	40.2402	0.8230	1.1600	5.0000	24.3021	713.0533	94.8843	22.6697	25.9000	0.9300	0.9236	0.6993	0.0000	713.0000	715.5344	1.0272	-3.3353	99.7519	40.7808	0.8230	0.8240	5.0000	-9999.0000	-9999.0000	-9999.0000	-9999.0000	-9999.0000	-9999.0000	17.6485	1	0	31.0078	1.0000	10	2	-9999.0000	32184	59337	-9999	-9999	1461	2949	498.6491	3	0.6993	0.7084	-0.0005	53.7833	1.0929	667.8719	491.3912	47.5463	655.4441	95.9722	663.3890	95.8565	667.4548	95.1852	669.8165	94.5602	
28/08/2017	01:03:50	011995	G488125447HLR	L488	S		639.7825	1.0400	0.0000	99.8649	40.2225	0.8230	1.1595	5.0000	28.1190	713.0333	94.7454	18.6689	25.9000	0.9300	0.9235	0.6992	0.0000	713.0000	712.7138	1.0272	-3.2510	99.7826	40.7938	0.8230	0.8239	5.0000	-9999.0000	-9999.0000	-9999.0000	-9999.0000	-9999.0000	-9999.0000	18.3324	2	0	33.4781	1.0000	10	2	-9999.0000	32185	59338	-9999	-9999	1462	2951	498.6300	3	0.6992	0.7088	-0.0005	53.7068	1.0927	674.6593	505.7006	47.5000	660.6909	95.8333	668.7002	95.7639	674.4975	95.1389	676.7042	94.5602	
28/08/2017	01:04:20	011995	G488125711HLR	L488	S		637.4512	1.0400	0.0000	100.1707	40.2392	0.8230	1.1596	5.0000	27.2361	713.0330	94.9769	19.6894	25.9000	0.9300	0.9236	0.6991	0.0000	713.0000	713.4841	1.0272	-3.2741	99.8041	40.7722	0.8230	0.8229	5.0000	-9999.0000	-9999.0000	-9999.0000	-9999.0000	-9999.0000	-9999.0000	20.0787	3	0	29.8378	1.0000	10	2	-9999.0000	32186	59338	-9999	-9999	1463	2953	498.6035	3	0.6991	0.7087	-0.0005	55.7517	1.0089	673.5128	525.7575	46.8519	660.7385	95.9491	668.3698	95.8333	673.1843	95.1389	675.4548	94.5602	
28/08/2017	01:04:48	011995	G488125733HLR	L488	S		646.3645	1.0400	0.0000	100.1535	40.2464	0.8230	1.1596	5.0000	27.5192	713.0507	94.6065	17.0489	26.0000	0.9300	0.9236	0.6990	0.0000	713.0000	712.2502	1.0272	-3.2372	99.7151	40.7872	0.8230	0.8241	5.0000	-9999.0000	-9999.0000	-9999.0000	-9999.0000	-9999.0000	-9999.0000	17.2887	4	0	28.4484	1.0000	10	2	-9999.0000	32187	59338	-9999	-9999	1464	2955	498.5986	3	0.6990	0.7090	-0.0005	54.7278	1.0535	679.7129	520.5572	48.6111	666.5527	95.9028	674.0920	95.7407	679.6023	95.0694	682.4380	94.5370	
28/08/2017	01:05:23	011995	G488125462HLR	L488	S		636.3460	1.0400	0.0000	100.2826	40.2863	0.8230	1.1600	5.0000	23.5681	713.0714	94.6991	18.9091	25.9000	0.9300	0.9236	0.6994	0.0000	713.0000	712.2658	1.0272	-3.2377	99.7177	40.7920	0.8230	0.8243	5.0000	-9999.0000	-9999.0000	-9999.0000	-9999.0000	-9999.0000	-9999.0000	17.3181	5	0	34.8684	1.0000	10	2	-9999.0000	32188	59339	-9999	-9999	1465	2957	498.4810	3	0.6994	0.7099	-0.0006	51.7789	1.2018	673.2370	510.9342	47.2685	657.1060	95.8796	667.8262	95.7639	672.6179	95.0926	675.6496	94.5370	
28/08/2017	01:05:55	011995	G488125727HLR	L488	S		639.4723	1.0400	0.0000	100.1210	40.2667	0.8230	1.1596	5.0000	28.0384	713.0410	94.8380	22.5388	25.9000	0.9300	0.9236	0.6993	0.0000	713.0000	716.3091	1.0272	-3.3584	99.8662	40.7970	0.8230	0.8236	5.0000	-9999.0000	-9999.0000	-9999.0000	-9999.0000	-9999.0000	-9999.0000	18.8688	6	0	32.0881	1.0000	10	2	-9999.0000	32189	59340	-9999	-9999	1466	2959	498.7268	3	0.6993	0.7098	-0.0006	50.2007	1.2850	671.7574	496.1705	46.2269	657.6380	95.8102	666.7043	95.7639	671.4083	95.0926	674.5788	94.5370	
28/08/2017	01:06:27	011995	G488125470HLR	L488	S		639.2690	1.0400	0.0000	100.2167	40.2836	0.8230	1.1596	5.0000	27.8260	713.0888	94.7917	18.9794	25.9000	0.9300	0.9236	0.6994	0.0000	713.0000	712.8988	1.0272	-3.2566	99.7395	40.7915	0.8230	0.8240	5.0000	-9999.0000	-9999.0000	-9999.0000	-9999.0000	-9999.0000	-9999.0000	17.3580	7	0	31.9582	1.0000	10	2	-9999.0000	32190	59341	-9999	-9999	1467	2961	498.7543	3	0.6994	0.7096	-0.0006	51.8830	1.1995	673.3640	515.4552	48.2176	660.8573	95.7870	667.7684	95.7176	672.9959	95.0926	675.7417	94.5370	
28/08/2017	01:06:58	011995	G488120416HLR	L488	S		633.8700	1.0400	0.0000	100.2279	40.3000	0.8230	1.1597	5.0000	26.0484	713.0559	94.6759	17.4893	25.8000	0.9300	0.9236	0.6995	0.0000	713.0000	712.2869	1.0272	-3.2383	99.8216	40.7536	0.8230	0.8226	5.0000	-9999.0000	-9999.0000	-9999.0000	-9999.0000	-9999.0000	-9999.0000	19.5181	8	0	30.5588	1.0000	10	2	-9999.0000	32191	59342	-9999	-9999	1468	2963	498.7610	3	0.6995	0.7095	-0.0005	50.5902	1.2743	674.2779	496.8790	45.2546	658.6639	95.9028	668.9601	95.6944	673.7324	95.0231	677.5798	94.5139	
28/08/2017	01:07:28	011995	G488125483HLR	L488	S		637.8159	1.0400	0.0000	100.3398	40.3421	0.8230	1.1604	5.0000	20.7486	713.0377	94.8148	23.9089	25.8000	0.9300	0.9236	0.6991	0.0000	713.0000	716.4301	1.0272	-3.3621	99.9602	40.7663	0.8230	0.8234	5.0000	-9999.0000	-9999.0000	-9999.0000	-9999.0000	-9999.0000	-9999.0000	17.8979	1	0	30.0491	1.0000	10	2	-9999.0000	32192	59343	-9999	-9999	1469	2965	498.7950	3	0.6991	0.7101	-0.0006	52.2092	1.1639	669.0462	493.5288	46.7593	656.9509	95.9028	662.8812	95.7407	668.6118	95.1157	670.9709	94.5602	
28/08/2017	01:07:59	011995	G488125475HLR	L488	S		640.5472	1.0400	0.0000	99.9943	40.3028	0.8230	1.1595	5.0000	28.0547	713.0353	94.8380	21.1395	25.8000	0.9300	0.9236	0.6991	0.0000	713.0000	712.6238	1.0272	-3.2484	99.6888	40.7725	0.8230	0.8237	5.0000	-9999.0000	-9999.0000	-9999.0000	-9999.0000	-9999.0000	-9999.0000	17.3482	2	0	30.7473	1.0000	10	2	-9999.0000	32193	59344	-9999	-9999	1470	2967	498.5019	3	0.6991	0.7108	-0.0006	51.2452	1.2065	672.2955	495.7409	48.4259	658.2867	95.9028	667.1037	95.7870	672.1088	95.1389	673.7814	94.5602	
28/08/2017	01:08:29	011995	G488125713HLR	L488	S		640.6255	1.0400	0.0000	100.3341	40.3633	0.8230	1.1604	5.0000	20.8383	713.0235	94.8380	21.0086	25.8000	0.9300	0.9236	0.6991	0.0000	713.0000	714.9862	1.0272	-3.3189	99.7293	40.7840	0.8230	0.8238	5.0000	-9999.0000	-9999.0000	-9999.0000	-9999.0000	-9999.0000	-9999.0000	17.2692	3	0	30.7182	1.0000	10	2	-9999.0000	32194	59345	-9999	-9999	1471	2969	498.4820	3	0.6991	0.7115	-0.0006	59.4864	0.8143	673.8942	510.3273	47.8241	662.6048	95.8565	668.1020	95.7870	673.5987	95.1157	675.7932	94.5370	
28/08/2017	01:09:02	011995	G488125394HLR	L488	S		643.6338	1.0400	0.0000	100.1460	40.3156	0.8230	1.1595	5.0000	26.8882	713.0286	94.8843	14.2687	25.8000	0.9300	0.9236	0.6991	0.0000	713.0000	710.3033	1.0272	-3.1790	99.7760	40.7831	0.8230	0.8238	5.0000	-9999.0000	-9999.0000	-9999.0000	-9999.0000	-9999.0000	-9999.0000	17.4871	4	0	32.8088	1.0000	10	2	-9999.0000	32195	59345	-9999	-9999	1471	2971	498.5348	3	0.6991	0.7115	-0.0006	59.4864	0.8143	682.0779	474.5969	48.4722	668.4842	95.8333	676.3575	95.7176	681.5349	95.0694	684.4632	94.5370	
28/08/2017	01:09:33	011995	G488125450HLR	L488	S		641.5459	1.0400	0.0000	99.9182	40.3072	0.8230	1.1594	5.0000	27.5779	713.0436	94.6759	16.4688	25.9000	0.9300	0.9238	0.6988	0.0000	713.0000	711.2683	1.0272	-3.2079	99.7308	40.7795	0.8230	0.8239	5.0000	-9999.0000	-9999.0000	-9999.0000	-9999.0000	-9999.0000	-9999.0000	17.3366	5	0	31.3479	1.0000	10	2	-9999.0000	32196	59346	-9999	-9999	1472	2973	498.3176	3	0.6988	0.7113	-0.0006	64.6003	0.5800	676.8938	479.9490	47.0833	662.9316	95.7407	671.9219	95.6481	676.3017	94.9769	679.9047	94.5139	
28/08/2017	01:10:05	011995	G488125491HLR	L488	S		644.4548	1.0400	0.0000	100.1051	40.3038	0.8230	1.1595	5.0000	27.1187	713.0255	94.7454	17.6797	25.9000	0.9300	0.9237	0.6988	0.0000	713.0000	714.0027	1.0272	-3.2895	99.7554	40.7593	0.8230	0.8237	5.0000	-9999.0000	-9999.0000	-9999.0000	-9999.0000	-9999.0000	-9999.0000	17.2281	6	0	31.2330	1.0000	10	2	-9999.0000	32197	59347	-9999	-9999	1473	2975	498.2558	3	0.6988	0.7117	-0.0007	61.8900	0.6798	679.1391	499.4276	47.7778	664.5901	95.7639	674.1267	95.6713	678.8976	95.0000	681.7254	94.5139	
28/08/2017	01:10:35	011995	G488125488HLR	L488	S		639.8322	1.0400	0.0000	100.0912	40.3000	0.8230	1.1594	5.0000	27.7422	713.0687	94.7454	18.5390	25.9000	0.9300	0.9237	0.6990	0.0000	713.0000	713.3075	1.0272	-3.2688	99.9348	40.7520	0.8230	0.8235	5.0000	-9999.0000	-9999.0000	-9999.0000	-9999.0000	-9999.0000	-9999.0000	17.5093	7	0	30.1834	1.0000	10	2	-9999.0000	32198	59348	-9999	-9999	1474	2977	498.3461	3	0.6990	0.7109	-0.0006	52.1643	1.1023	675.4523	488.6150	45.2546	660.3699	95.8102	670.5778	95.7176	675.0852	95.0463	677.8575	94.5139	
28/08/2017	01:11:28	011995	G488125460HLR	L488	S		639.4814	1.0400	0.0000	99.8516	40.3000	0.8230	1.1594	5.0000	27.7466	713.0233	94.7917	21.8582	25.8000	0.9300	0.9237	0.6992	0.0000	713.0000	715.0660	1.0272	-3.3213	99.7294	40.7512	0.8230	0.8234	5.0000	-9999.0000	-9999.0000	-9999.0000	-9999.0000	-9999.0000	-9999.0000	17.6239	8	0	53.4474	1.0000	10	2	-9999.0000	32199	59348	-9999	-9999	1475	2979	498.4235	3	0.6992	0.7109	-0.0006	50.3655	1.1680	671.0370	503.2418	47.0833	657.8722	95.9028	665.5766	95.7639	670.8331	95.1157	673.4618	94.5370	
28/08/2017	01:11:57	011995	G488125396HLR	L488	S		618.4820	1.0400	0.0000	100.1885	40.2923	0.8230	1.1595	5.0000	27.3570	713.0428	94.9306	20.3182	25.8000	0.9300	0.9236	0.6989	0.0000	713.0000	713.9236	1.0272	-3.2872	99.6593	40.7563	0.8230	0.8238	5.0000	-9999.0000	-9999.0000	-9999.0000	-9999.0000	-9999.0000	-9999.0000	17.3396	1	0	28.9583	1.0000	10	2	-9999.0000	32200	59349	-9999	-9999	1476	2981	498.5822	3	0.6989	0.7103	-0.0006	50.0698	1.1771	667.9238	488.2017	49.3981	642.6817	95.9028	661.5979	95.6713	667.6867	95.0463	671.7078	94.5370	
28/08/2017	01:12:28	011995	G488125436HLR	L488	S		639.6391	1.0400	0.0000	100.1453	40.2814	0.8230	1.1594	5.0000	27.8481	713.0186	94.8611	19.1894	25.8000	0.9300	0.9236	0.6988	0.0000	713.0000	714.0240	1.0272	-3.2902	99.7385	40.7898	0.8230	0.8244	5.0000	-9999.0000	-9999.0000	-9999.0000	-9999.0000	-9999.0000	-9999.0000	18.6592	2	0	30.5980	1.0000	10	2	-9999.0000	32201	59350	-9999	-9999	1477	2983	498.3871	3	0.6988	0.7099	-0.0006	50.2114	1.1698	674.6127	491.1863	47.9630	660.2850	95.9028	668.8419	95.7407	674.0204	95.0926	677.3301	94.5139	
28/08/2017	01:12:58	011995	G488125433HLR	L488	S		642.6361	1.0400	0.0000	99.8571	40.2712	0.8230	1.1594	5.0000	28.2778	713.0284	94.9074	14.9093	25.9000	0.9300	0.9237	0.6988	0.0000	713.0000	711.2923	1.0272	-3.2086	99.8781	40.7939	0.8230	0.8257	5.0000	-9999.0000	-9999.0000	-9999.0000	-9999.0000	-9999.0000	-9999.0000	17.2085	3	0	29.6586	1.0000	10	2	-9999.0000	32201	59351	-9999	-9999	1478	2985	498.3194	3	0.6988	0.7099	-0.0006	50.2114	1.1698	679.8076	506.5543	45.9259	665.7953	95.8102	674.0811	95.6250	679.3629	94.9537	682.9606	94.4907	
28/08/2017	01:13:28	011995	G488125415HLR	L488	S		643.4536	1.0400	0.0000	100.1463	40.2780	0.8230	1.1595	5.0000	27.2657	713.0318	94.9306	14.2795	25.9000	0.9300	0.9238	0.6989	0.0000	713.0000	710.6467	1.0272	-3.1893	99.6606	40.7905	0.8230	0.8256	5.0000	-9999.0000	-9999.0000	-9999.0000	-9999.0000	-9999.0000	-9999.0000	17.4783	4	0	30.7687	1.0000	10	2	-9999.0000	32202	59352	-9999	-9999	1479	2987	498.3710	3	0.6989	0.7100	-0.0006	50.6855	1.1401	681.4737	495.0546	48.2639	666.7251	95.7407	676.9406	95.5556	681.1799	94.9306	684.8454	94.5139	
28/08/2017	01:13:57	011995	G488125425HLR	L488	S		645.3170	1.0400	0.0000	100.1449	40.2742	0.8230	1.1595	5.0000	27.9488	713.0463	94.8611	12.2591	26.1000	0.9300	0.9242	0.6988	0.0000	713.0000	708.0654	1.0272	-3.1122	99.7851	40.7762	0.8230	0.8249	5.0000	-9999.0000	-9999.0000	-9999.0000	-9999.0000	-9999.0000	-9999.0000	18.8285	5	0	28.3105	1.0000	10	2	-9999.0000	32203	59353	-9999	-9999	1480	2989	498.2908	3	0.6988	0.7106	-0.0006	50.5146	1.1377	686.5917	456.5410	44.5833	670.0924	95.6944	681.0551	95.5324	686.3396	94.9537	689.9703	94.5370	
28/08/2017	01:14:26	011995	G488125408HLR	L488	S		638.3888	1.0400	0.0000	100.1598	40.2784	0.8230	1.1596	5.0000	25.9693	713.0336	94.6528	16.9385	26.0000	0.9300	0.9239	0.6985	0.0000	713.0000	710.7063	1.0272	-3.1911	99.7402	40.7580	0.8230	0.8252	5.0000	-9999.0000	-9999.0000	-9999.0000	-9999.0000	-9999.0000	-9999.0000	17.5883	6	0	27.5461	1.0000	10	2	-9999.0000	32204	59354	-9999	-9999	1481	2991	498.1060	3	0.6985	0.7092	-0.0006	50.7460	1.1385	676.8752	498.8337	49.2593	660.9450	95.8565	671.6513	95.6481	676.7263	95.0000	679.1073	94.5370	
28/08/2017	01:14:52	011995	G488125826HLR	L488	S		624.5627	1.0400	0.0000	99.8410	40.2614	0.8230	1.1595	5.0000	27.6503	713.0421	94.6528	17.0186	25.9000	0.9300	0.9238	0.6990	0.0000	713.0000	711.5845	1.0272	-3.2173	99.7087	40.7309	0.8230	0.8245	5.0000	-9999.0000	-9999.0000	-9999.0000	-9999.0000	-9999.0000	-9999.0000	17.3287	7	0	25.8395	1.0000	10	1	-9999.0000	32205	59355	-9999	-9999	1482	2993	498.4173	3	0.6990	0.7091	-0.0006	53.1198	1.0092	674.4539	493.4703	49.5139	658.9611	95.9954	669.7717	95.8102	673.9694	95.1157	678.2649	94.5370	
28/08/2017	01:15:21	011995	G488125839HLR	L488	S		630.8947	1.0400	0.0000	100.1388	40.2701	0.8230	1.1596	5.0000	26.7129	713.0621	94.7917	18.3789	25.9000	0.9300	0.9237	0.6991	0.0000	713.0000	712.0747	1.0272	-3.2319	99.8187	40.7278	0.8230	0.8237	5.0000	-9999.0000	-9999.0000	-9999.0000	-9999.0000	-9999.0000	-9999.0000	17.4891	8	0	29.6682	1.0000	10	1	-9999.0000	32206	59356	-9999	-9999	1483	2995	498.5680	3	0.6991	0.7098	-0.0006	50.9697	1.1432	671.3236	503.7008	48.4954	656.3650	95.9491	665.4007	95.7639	670.8833	95.0926	674.7640	94.5139	
28/08/2017	01:15:46	011995	G488125820HLR	L488	S		633.5001	1.0400	0.0000	99.9449	40.2667	0.8230	1.1595	5.0000	27.7592	713.0496	94.6759	17.3887	26.0000	0.9300	0.9237	0.6996	0.0000	713.0000	712.8371	1.0272	-3.2547	99.7612	40.7683	0.8230	0.8239	5.0000	-9999.0000	-9999.0000	-9999.0000	-9999.0000	-9999.0000	-9999.0000	17.4064	1	0	24.9681	1.0000	10	1	-9999.0000	32207	59357	-9999	-9999	1484	2997	499.0365	3	0.6996	0.7108	-0.0006	48.2334	1.3149	675.0456	499.3686	48.8426	661.0225	95.9722	668.8011	95.7639	674.6096	95.0694	678.9511	94.5139	
28/08/2017	01:16:11	011995	G488125789HLR	L488	S		635.6803	1.0400	0.0000	100.2378	40.2961	0.8230	1.1600	5.0000	23.3122	713.0607	94.6528	16.6387	26.0000	0.9300	0.9236	0.6996	0.0000	713.0000	712.0180	1.0272	-3.2303	99.7946	40.7820	0.8230	0.8242	5.0000	-9999.0000	-9999.0000	-9999.0000	-9999.0000	-9999.0000	-9999.0000	17.1882	2	0	24.9282	1.0000	10	1	-9999.0000	32208	59358	-9999	-9999	1485	2999	498.9372	3	0.6996	0.7108	-0.0006	48.2371	1.3142	677.1110	505.8629	49.5370	663.7799	95.9722	671.4425	95.7639	676.5904	95.0694	680.3727	94.5370	
28/08/2017	01:16:32	011995	G488125698HLR	L488	S		629.4739	1.0400	0.0000	100.2526	40.2936	0.8230	1.1599	5.0000	23.6890	713.0461	94.8611	14.8996	25.9000	0.9300	0.9235	0.6996	0.0000	713.0000	710.9406	1.0272	-3.1981	99.6678	40.8085	0.8230	0.8252	5.0000	-9999.0000	-9999.0000	-9999.0000	-9999.0000	-9999.0000	-9999.0000	17.0988	3	0	20.6499	1.0000	10	1	-9999.0000	32208	59359	-9999	-9999	1486	3001	498.9187	3	0.6996	0.7108	-0.0006	48.2371	1.3142	678.1783	516.6019	48.2176	663.5164	95.9259	671.1923	95.7639	677.5566	95.0694	681.1551	94.5139	
28/08/2017	01:16:47	011995	G488125807HLR	L488	S		624.8409	1.0400	0.0000	100.3061	40.3036	0.8230	1.1603	5.0000	21.6588	713.0758	94.7917	18.7587	25.9000	0.9300	0.9236	0.7000	0.0000	713.0000	713.9317	1.0272	-3.2874	99.6460	40.7943	0.8230	0.8257	5.0000	-9999.0000	-9999.0000	-9999.0000	-9999.0000	-9999.0000	-9999.0000	17.1373	4	0	15.2789	1.0000	10	1	-9999.0000	32209	59359	-9999	-9999	1487	3003	499.1112	3	0.7000	0.7107	-0.0006	35.4101	2.3682	672.7663	479.4934	44.8611	656.9107	95.8565	666.8670	95.6481	672.1975	94.9769	676.2502	94.5139	
28/08/2017	01:21:14	011995	G488125825HLR	L488	S		628.6818	1.0400	0.0000	100.2518	40.1373	0.8230	1.1604	5.0000	20.8071	713.0691	94.9306	19.0888	25.9000	0.9300	0.9241	0.7008	0.0000	713.0000	714.2075	1.0272	-3.2957	99.8192	40.7021	0.8230	0.8245	5.0000	-9999.0000	-9999.0000	-9999.0000	-9999.0000	-9999.0000	-9999.0000	19.1488	6	0	28.9585	1.0000	10	1	-9999.0000	32210	59360	-9999	-9999	1488	3010	499.8208	3	0.7008	0.7097	-0.0005	16.7398	3.6332	671.3456	454.4268	45.8333	657.2500	95.5556	664.8995	95.5093	670.8683	95.0000	674.8193	94.5370	
28/08/2017	01:21:44	011995	G488125803HLR	L488	S		639.7710	1.0400	0.0000	100.0322	40.0553	0.8230	1.1596	5.0000	26.2691	713.0292	94.9537	19.9188	25.9000	0.9300	0.9237	0.7008	0.0000	713.0000	714.9317	1.0272	-3.3173	99.7304	40.6849	0.8230	0.8244	5.0000	-9999.0000	-9999.0000	-9999.0000	-9999.0000	-9999.0000	-9999.0000	17.5913	7	0	30.6185	1.0000	10	1	-9999.0000	32211	59361	-9999	-9999	1489	3012	499.7540	3	0.7008	0.7097	-0.0005	16.7398	3.6332	673.3749	460.1841	47.3611	659.2301	95.9954	669.0792	95.8102	672.8984	95.1157	675.9526	94.5370	
28/08/2017	01:22:14	011995	G488125801HLR	L488	S		640.3782	1.0400	0.0000	100.0247	40.0303	0.8230	1.1597	5.0000	26.3384	713.0675	94.7454	18.6191	25.9000	0.9300	0.9236	0.7008	0.0000	713.0000	713.9944	1.0272	-3.2893	99.8238	40.6695	0.8230	0.8232	5.0000	-9999.0000	-9999.0000	-9999.0000	-9999.0000	-9999.0000	-9999.0000	19.5276	8	0	29.0994	1.0000	10	1	-9999.0000	32212	59362	-9999	-9999	1490	3014	499.8055	3	0.7008	0.7097	-0.0005	16.7398	3.6332	674.4500	500.5497	48.2870	661.1947	95.9491	668.9241	95.7407	674.0495	95.0694	676.6046	94.5370	
28/08/2017	01:22:42	011995	G488125792HLR	L488	S		629.7481	1.0400	0.0000	99.7118	40.0034	0.8230	1.1596	5.0000	27.0877	713.0439	94.6528	16.8887	25.8000	0.9300	0.9236	0.7008	0.0000	713.0000	713.3255	1.0272	-3.2693	99.7100	40.6865	0.8230	0.8237	5.0000	-9999.0000	-9999.0000	-9999.0000	-9999.0000	-9999.0000	-9999.0000	17.3157	1	0	28.0674	1.0000	10	1	-9999.0000	32213	59363	-9999	-9999	1491	3016	499.7714	3	0.7008	0.7097	-0.0005	16.7398	3.6332	675.4365	468.3490	47.2222	658.3077	95.9028	669.0439	95.6944	674.7850	95.0231	678.1682	94.5370	
28/08/2017	01:23:13	011995	G488125821HLR	L488	S		634.0928	1.0400	0.0000	99.7877	40.0000	0.8230	1.1597	5.0000	26.7084	713.0442	94.8380	15.5490	25.8000	0.9300	0.9237	0.7008	0.0000	713.0000	712.0864	1.0272	-3.2323	99.8388	40.7042	0.8230	0.8237	5.0000	-9999.0000	-9999.0000	-9999.0000	-9999.0000	-9999.0000	-9999.0000	17.3494	2	0	31.0592	1.0000	10	1	-9999.0000	32214	59364	-9999	-9999	1491	3018	499.7145	3	0.7008	0.7100	-0.0006	17.9963	3.5453	677.0814	498.9349	45.7639	661.2714	95.8102	670.6367	95.6250	676.3596	94.9769	679.9203	94.5139	
28/08/2017	01:23:49	011995	G488125796HLR	L488	S		616.3023	1.0400	0.0000	99.7902	40.0000	0.8230	1.1598	5.0000	25.9978	713.0489	94.9537	19.6191	25.8000	0.9300	0.9237	0.7002	0.0000	713.0000	715.3989	1.0272	-3.3312	99.9457	40.7102	0.8230	0.8231	5.0000	-9999.0000	-9999.0000	-9999.0000	-9999.0000	-9999.0000	-9999.0000	18.9885	3	0	35.9274	1.0000	10	1	-9999.0000	32215	59365	-9999	-9999	1492	3020	499.5859	3	0.7002	0.7093	-0.0005	78.0880	0.1130	671.6749	500.9546	49.0046	650.2676	95.9259	666.0170	95.7176	671.3423	95.0694	674.4873	94.5602	
28/08/2017	01:24:19	011995	G488125812HLR	L488	S		629.9773	1.0400	0.0000	100.1668	40.0013	0.8230	1.1598	5.0000	27.3172	713.0306	94.8611	15.5890	25.9000	0.9300	0.9237	0.7002	0.0000	713.0000	711.5446	1.0272	-3.2161	99.7158	40.7360	0.8230	0.8242	5.0000	-9999.0000	-9999.0000	-9999.0000	-9999.0000	-9999.0000	-9999.0000	17.4015	4	0	30.8492	1.0000	10	1	-9999.0000	32216	59366	-9999	-9999	1493	3022	499.3011	3	0.7002	0.7093	-0.0005	78.0880	0.1130	676.5403	488.3881	47.9398	659.6091	95.9028	670.5829	95.7407	675.7387	95.0926	679.7408	94.5370	
28/08/2017	01:24:49	011995	G488125793HLR	L488	S		640.0409	1.0400	0.0000	100.1802	40.0333	0.8230	1.1599	5.0000	26.1240	713.0406	94.6296	17.1387	25.9000	0.9300	0.9239	0.7003	0.0000	713.0000	712.7087	1.0272	-3.2509	99.7275	40.7029	0.8230	0.8238	5.0000	-9999.0000	-9999.0000	-9999.0000	-9999.0000	-9999.0000	-9999.0000	17.2887	5	0	29.4680	1.0000	10	1	-9999.0000	32217	59367	-9999	-9999	1494	3024	499.2949	3	0.7003	0.7100	-0.0005	78.1460	0.1197	676.0277	487.4470	47.3380	661.9219	95.9028	670.2792	95.6944	675.8323	95.0231	679.1666	94.5370	
28/08/2017	01:25:20	011995	G488125696HLR	L488	S		629.5164	1.0400	0.0000	100.2275	40.0598	0.8230	1.1600	5.0000	25.1286	713.0768	94.9537	20.0595	25.9000	0.9300	0.9237	0.7001	0.0000	713.0000	715.6909	1.0272	-3.3400	99.7029	40.7028	0.8230	0.8238	5.0000	-9999.0000	-9999.0000	-9999.0000	-9999.0000	-9999.0000	-9999.0000	17.1780	6	0	31.1322	1.0000	10	1	-9999.0000	32218	59368	-9999	-9999	1495	3026	499.4014	3	0.7001	0.7111	-0.0006	67.8450	0.7514	672.0594	498.7361	49.1435	658.5964	95.9491	666.7407	95.7407	671.7553	95.0926	674.9946	94.5602	
28/08/2017	01:25:49	011995	G488125710HLR	L488	S		626.6630	1.0400	0.0000	100.1718	40.0685	0.8230	1.1599	5.0000	26.0975	713.0502	94.7222	24.9489	25.9000	0.9300	0.9236	0.7003	0.0000	713.0000	718.7574	1.0272	-3.4316	99.9054	40.7200	0.8230	0.8238	5.0000	-9999.0000	-9999.0000	-9999.0000	-9999.0000	-9999.0000	-9999.0000	17.3591	7	0	29.3945	1.0000	10	1	-9999.0000	32219	59368	-9999	-9999	1496	3028	499.2638	3	0.7003	0.7113	-0.0006	66.2988	0.8859	668.2621	468.8451	48.5185	655.4829	95.9259	662.9083	95.7639	667.9697	95.1620	670.8569	94.5602	
28/08/2017	01:26:18	011995	G488125720HLR	L488	S		634.7680	1.0400	0.0000	99.7566	40.0791	0.8230	1.1597	5.0000	27.6886	713.0239	94.7685	17.6084	26.0000	0.9300	0.9235	0.7003	0.0000	713.0000	713.4267	1.0272	-3.2723	99.7110	40.7328	0.8230	0.8239	5.0000	-9999.0000	-9999.0000	-9999.0000	-9999.0000	-9999.0000	-9999.0000	17.1786	8	0	28.3955	1.0000	10	1	-9999.0000	32220	59369	-9999	-9999	1497	3030	499.3591	3	0.7003	0.7113	-0.0006	66.2988	0.8859	675.6002	497.2988	47.5926	659.4318	95.9259	669.4167	95.7407	675.1557	95.0463	678.3086	94.5139	
28/08/2017	01:26:48	011995	G488125791HLR	L488	S		633.5023	1.0400	0.0000	100.0596	40.1000	0.8230	1.1598	5.0000	27.8393	713.0810	94.7917	18.4785	25.9000	0.9300	0.9237	0.6999	0.0000	713.0000	714.6589	1.0272	-3.3091	100.0290	40.7451	0.8230	0.8241	5.0000	-9999.0000	-9999.0000	-9999.0000	-9999.0000	-9999.0000	-9999.0000	17.2427	1	0	30.4812	1.0000	10	1	-9999.0000	32221	59370	-9999	-9999	1498	3032	499.4491	3	0.6999	0.7132	-0.0007	59.0828	1.2655	673.5081	506.3979	48.9352	660.1918	95.9954	667.6532	95.8102	673.1845	95.0926	676.4883	94.5139	
28/08/2017	01:27:18	011995	G488125802HLR	L488	S		629.8597	1.0400	0.0000	99.7655	40.1260	0.8230	1.1599	5.0000	25.4458	713.0257	94.7685	15.7687	26.0000	0.9300	0.9236	0.6999	0.0000	713.0000	712.0019	1.0272	-3.2298	99.7846	40.7730	0.8230	0.8246	5.0000	-9999.0000	-9999.0000	-9999.0000	-9999.0000	-9999.0000	-9999.0000	17.2470	2	0	29.7277	1.0000	10	1	-9999.0000	32222	59371	-9999	-9999	1499	3034	499.0684	3	0.6999	0.7132	-0.0007	59.0828	1.2655	676.3834	502.6840	49.3981	662.8137	96.0417	670.3740	95.7639	675.9172	95.0926	679.3908	94.4907	
28/08/2017	01:27:47	011995	G488125454HLR	L488	Q		631.7364	1.0400	0.0000	100.0864	40.1333	0.8230	1.1597	5.0000	28.1888	713.0258	94.8380	17.7881	26.0000	0.9300	0.9237	0.6995	0.0000	713.0000	712.9197	1.0272	-3.2572	99.6926	40.7753	0.8230	0.8245	5.0000	-9999.0000	-9999.0000	-9999.0000	-9999.0000	-9999.0000	-9999.0000	17.3387	3	0	28.7584	1.0000	10	1	-9999.0000	32222	59372	-9999	-9999	1500	3036	498.7982	3	0.6995	0.7135	-0.0008	56.8522	1.2892	673.9898	492.9485	48.7731	658.7431	95.9259	667.7235	95.7407	673.5234	95.0926	677.5236	94.5370	
28/08/2017	01:28:16	011995	G488125738HLR	L488	Q		632.8504	1.0400	0.0000	99.7958	40.1603	0.8230	1.1598	5.0000	26.3934	713.0493	94.8148	15.6788	25.9000	0.9300	0.9237	0.6995	0.0000	713.0000	711.2233	1.0272	-3.2065	99.6701	40.7873	0.8230	0.8247	5.0000	-9999.0000	-9999.0000	-9999.0000	-9999.0000	-9999.0000	-9999.0000	17.3286	4	0	28.8792	1.0000	10	1	-9999.0000	32223	59373	-9999	-9999	1501	3037	498.8433	3	0.6995	0.7135	-0.0008	56.8522	1.2892	677.8267	495.1891	52.0602	663.7203	96.0417	671.3208	95.7870	677.1828	95.0463	680.9925	94.5139	
28/08/2017	01:28:47	011995	G488125728HLR	L488	S		632.1532	1.0400	0.0000	99.8043	40.1796	0.8230	1.1599	5.0000	25.3981	713.0665	94.9074	19.5380	25.9000	0.9300	0.9237	0.6996	0.0000	713.0000	714.7377	1.0272	-3.3115	99.9551	40.7922	0.8230	0.8249	5.0000	-9999.0000	-9999.0000	-9999.0000	-9999.0000	-9999.0000	-9999.0000	17.5018	5	0	31.7680	1.0000	10	1	-9999.0000	32224	59374	-9999	-9999	1502	3039	498.8530	3	0.6996	0.7134	-0.0008	59.2571	1.2809	673.4011	510.8452	50.9028	660.5616	96.0185	667.2218	95.8333	673.0457	95.1157	676.2890	94.5370	
28/08/2017	01:29:19	011995	G488125734HLR	L488	S		630.8383	1.0400	0.0000	100.1754	40.1945	0.8230	1.1598	5.0000	25.9887	713.0156	94.8380	15.5792	25.9000	0.9300	0.9236	0.6996	0.0000	713.0000	710.9871	1.0272	-3.1995	99.8472	40.7784	0.8230	0.8237	5.0000	-9999.0000	-9999.0000	-9999.0000	-9999.0000	-9999.0000	-9999.0000	19.8050	6	0	31.4786	1.0000	10	1	-9999.0000	32224	59375	-9999	-9999	1503	3040	498.8449	3	0.6996	0.7134	-0.0008	59.2571	1.2809	677.6769	482.8566	48.4259	660.6286	95.9259	670.2256	95.7407	677.0657	95.0694	680.0611	94.5139	
28/08/2017	01:29:56	011995	G488125705HLR	L488	S		628.5415	1.0400	0.0000	99.8184	40.2000	0.8230	1.1597	5.0000	26.7582	713.0369	94.6759	17.3086	25.9000	0.9300	0.9237	0.6995	0.0000	713.0000	712.7928	1.0272	-3.2534	99.9799	40.7958	0.8230	0.8249	5.0000	-9999.0000	-9999.0000	-9999.0000	-9999.0000	-9999.0000	-9999.0000	18.0785	7	0	37.2479	1.0000	10	1	-9999.0000	32225	59375	-9999	-9999	1504	3042	498.8128	3	0.6995	0.7130	-0.0007	57.3538	1.3530	674.4705	467.4066	47.2685	657.2617	95.8333	667.9924	95.6250	673.9084	94.9537	677.2206	94.5139	
28/08/2017	01:30:27	011995	G488125463HLR	L488	S		631.0494	1.0400	0.0000	100.1823	40.2093	0.8230	1.1598	5.0000	25.7796	713.0607	94.6296	17.2393	25.9000	0.9300	0.9236	0.6994	0.0000	713.0000	712.8406	1.0272	-3.2548	99.6927	40.7984	0.8230	0.8252	5.0000	-9999.0000	-9999.0000	-9999.0000	-9999.0000	-9999.0000	-9999.0000	17.3884	8	0	31.0481	1.0000	10	1	-9999.0000	32225	59376	-9999	-9999	1505	3044	498.8050	3	0.6994	0.7132	-0.0008	57.7691	1.3239	676.4002	465.2216	45.6944	661.7901	95.8102	671.2685	95.6944	675.9169	95.0231	680.0693	94.5139	
28/08/2017	01:30:58	011995	G488125476HLR	L488	S		627.0250	1.0400	0.0000	100.2165	40.2225	0.8230	1.1598	5.0000	25.9281	713.0759	94.9769	20.7489	25.9000	0.9300	0.9237	0.6994	0.0000	713.0000	713.5387	1.0272	-3.2757	99.6878	40.7870	0.8230	0.8244	5.0000	-9999.0000	-9999.0000	-9999.0000	-9999.0000	-9999.0000	-9999.0000	17.2303	1	0	30.9782	1.0000	10	1	-9999.0000	32226	59376	-9999	-9999	1506	3046	498.8024	3	0.6994	0.7131	-0.0008	57.0004	1.3640	668.3152	457.3032	47.2917	652.6645	95.9028	662.4629	95.7639	667.7333	95.1157	671.2103	94.5370	
28/08/2017	01:31:28	011995	G488125457HLR	L488	S		635.8944	1.0400	0.0000	100.0095	40.2211	0.8230	1.1596	5.0000	28.4586	713.0479	94.8380	20.4793	25.9000	0.9300	0.9236	0.6993	0.0000	713.0000	714.7505	1.0272	-3.3119	99.7093	40.7861	0.8230	0.8244	5.0000	-9999.0000	-9999.0000	-9999.0000	-9999.0000	-9999.0000	-9999.0000	17.2078	2	0	30.0478	1.0000	10	1	-9999.0000	32227	59377	-9999	-9999	1507	3047	498.7449	3	0.6993	0.7129	-0.0007	59.7520	1.2531	671.4163	491.5079	45.6250	657.8002	95.8796	667.1020	95.7407	670.9030	95.1157	674.4664	94.5602	
28/08/2017	01:32:13	011995	G488125446HLR	L488	S		624.6871	1.0400	0.0000	100.2773	40.2643	0.8230	1.1601	5.0000	23.1108	713.0515	94.6759	26.2388	25.8000	0.9300	0.9235	0.6995	0.0000	713.0000	717.2632	1.0272	-3.3869	99.7110	40.7857	0.8230	0.8242	5.0000	-9999.0000	-9999.0000	-9999.0000	-9999.0000	-9999.0000	-9999.0000	17.4598	3	0	44.8277	1.0000	10	1	-9999.0000	32228	59378	-9999	-9999	1508	3048	498.8495	3	0.6995	0.7127	-0.0007	60.9888	1.1774	665.0904	492.9417	47.2454	649.8227	95.9491	658.3870	95.8333	664.5908	95.2083	667.9435	94.5370	
28/08/2017	01:32:44	011995	G488125453HLR	L488	S		636.1239	1.0400	0.0000	99.8108	40.2565	0.8230	1.1597	5.0000	25.7584	713.0592	94.7454	16.3487	25.9000	0.9300	0.9236	0.6995	0.0000	713.0000	711.4693	1.0272	-3.2139	99.8817	40.7886	0.8230	0.8245	5.0000	-9999.0000	-9999.0000	-9999.0000	-9999.0000	-9999.0000	-9999.0000	17.2938	4	0	30.5897	1.0000	10	1	-9999.0000	32229	59379	-9999	-9999	1509	3050	498.8552	3	0.6995	0.7127	-0.0007	60.9888	1.1774	677.2495	501.5762	49.2361	661.1225	95.9259	669.8371	95.8102	676.5493	95.1389	678.9652	94.5370	
28/08/2017	01:33:16	011995	G488125451HLR	L488	S		639.5447	1.0400	0.0000	100.0551	40.2563	0.8230	1.1596	5.0000	28.0467	713.0192	94.9306	13.7795	25.9000	0.9300	0.9237	0.6999	0.0000	713.0000	710.6655	1.0272	-3.1899	99.7382	40.7314	0.8230	0.8246	5.0000	-9999.0000	-9999.0000	-9999.0000	-9999.0000	-9999.0000	-9999.0000	17.1169	5	0	32.6568	1.0000	10	1	-9999.0000	32230	59380	-9999	-9999	1510	3052	499.0617	3	0.6999	0.7148	-0.0009	65.3797	0.9266	681.8133	487.5050	48.9120	666.3304	95.8796	675.6163	95.7176	681.4076	95.0231	685.7995	94.5139	
28/08/2017	01:33:46	011995	G488125489HLR	L488	S		635.0939	1.0400	0.0000	100.1199	40.2667	0.8230	1.1596	5.0000	27.9682	713.0261	94.8380	17.5889	25.9000	0.9300	0.9238	0.6997	0.0000	713.0000	712.7809	1.0272	-3.2530	99.7226	40.7314	0.8230	0.8244	5.0000	-9999.0000	-9999.0000	-9999.0000	-9999.0000	-9999.0000	-9999.0000	17.3285	6	0	29.6585	1.0000	10	1	-9999.0000	32231	59381	-9999	-9999	1511	3054	498.9207	3	0.6997	0.7136	-0.0008	71.3310	0.5885	674.2766	469.0513	44.9537	660.0304	95.8102	668.5786	95.6944	674.0320	95.0463	678.5381	94.5139	
28/08/2017	01:34:16	011995	G488125461HLR	L488	S		622.3134	1.0400	0.0000	99.8348	40.2712	0.8230	1.1596	5.0000	27.1075	713.0229	94.8148	23.6081	25.8000	0.9300	0.9237	0.6994	0.0000	713.0000	715.7366	1.0272	-3.3413	99.7283	40.7322	0.8230	0.8244	5.0000	-9999.0000	-9999.0000	-9999.0000	-9999.0000	-9999.0000	-9999.0000	17.2887	7	0	30.3889	1.0000	10	1	-9999.0000	32232	59381	-9999	-9999	1511	3056	498.6866	3	0.6994	0.7098	-0.0006	59.2125	1.2616	666.4792	473.4238	47.3843	653.4501	96.0648	661.1982	95.8796	665.9873	95.2315	668.6654	94.5602	
28/08/2017	01:34:47	011995	G488125471HLR	L488	S		634.0187	1.0400	0.0000	99.8525	40.2825	0.8230	1.1597	5.0000	25.1588	713.0394	94.9306	19.6493	25.9000	0.9300	0.9239	0.6996	0.0000	713.0000	713.7494	1.0272	-3.2820	99.8021	40.7172	0.8230	0.8233	5.0000	-9999.0000	-9999.0000	-9999.0000	-9999.0000	-9999.0000	-9999.0000	19.1692	8	0	30.6081	1.0000	10	1	-9999.0000	32233	59382	-9999	-9999	1512	3058	498.7501	3	0.6996	0.7100	-0.0006	55.3478	1.4209	672.7170	480.8147	47.4769	660.2477	95.9722	667.0176	95.8565	672.5209	95.2315	675.5403	94.5602	
28/08/2017	01:35:17	011995	G488120417HLR	L488	S		611.5395	1.0400	0.0000	99.8670	40.2696	0.8230	1.1596	5.0000	27.3881	713.0354	94.8380	21.6385	25.9000	0.9300	0.9237	0.6995	0.0000	713.0000	719.9811	1.0272	-3.4681	99.6833	40.7220	0.8230	0.8232	5.0000	-9999.0000	-9999.0000	-9999.0000	-9999.0000	-9999.0000	-9999.0000	18.4281	1	0	29.6092	1.0000	10	1	-9999.0000	32234	59383	-9999	-9999	1513	3060	498.9000	3	0.6995	0.7098	-0.0006	53.9968	1.4680	660.5669	477.8227	49.7685	641.6534	96.1111	654.7934	95.9028	659.8919	95.2546	663.6021	94.5139	
28/08/2017	01:35:47	011995	G488126854HLR	L488	S		636.5530	1.0400	0.0000	100.1702	40.2782	0.8230	1.1597	5.0000	25.7485	713.0934	94.7685	15.9893	25.9000	0.9300	0.9236	0.6995	0.0000	713.0000	712.2385	1.0272	-3.2368	99.7060	40.7413	0.8230	0.8237	5.0000	-9999.0000	-9999.0000	-9999.0000	-9999.0000	-9999.0000	-9999.0000	17.2084	2	0	30.2572	1.0000	10	3	-9999.0000	32235	59383	-9999	-9999	1514	3062	498.8892	3	0.6995	0.7098	-0.0006	53.9968	1.4680	676.6356	511.1578	47.1296	663.9759	95.8333	672.1027	95.7639	676.3508	95.1157	679.8510	94.5139	
28/08/2017	01:36:17	011995	G488126859HLR	L488	S		639.5352	1.0400	0.0000	100.1395	40.2794	0.8230	1.1596	5.0000	26.6883	713.0494	94.8843	14.5998	25.9000	0.9300	0.9238	0.6994	0.0000	713.0000	711.0347	1.0272	-3.2009	99.9772	40.7587	0.8230	0.8238	5.0000	-9999.0000	-9999.0000	-9999.0000	-9999.0000	-9999.0000	-9999.0000	17.4917	3	0	30.4084	1.0000	10	3	-9999.0000	32236	59384	-9999	-9999	1515	3064	498.7647	3	0.6994	0.7097	-0.0005	51.2438	1.6407	680.9696	507.4625	47.9630	667.2841	95.8565	675.6510	95.7407	680.4158	95.0231	683.0045	94.5139	
28/08/2017	01:36:48	011995	G488126862HLR	L488	S		640.5452	1.0400	0.0000	100.1022	40.2719	0.8230	1.1596	5.0000	27.4388	713.0581	94.8380	12.7386	25.9000	0.9300	0.9238	0.6991	0.0000	713.0000	708.5670	1.0272	-3.1272	99.8772	40.7712	0.8230	0.8240	5.0000	-9999.0000	-9999.0000	-9999.0000	-9999.0000	-9999.0000	-9999.0000	17.2658	4	0	30.8382	1.0000	10	3	-9999.0000	32237	59385	-9999	-9999	1516	3066	498.5556	3	0.6991	0.7094	-0.0005	48.5541	1.7376	682.8259	496.0510	47.3380	667.8055	95.6944	677.0968	95.5787	682.1633	94.8843	686.2054	94.4676	
28/08/2017	01:37:19	011995	G488126865HLR	L488	S		637.9435	1.0400	0.0000	99.9697	40.2721	0.8230	1.1595	5.0000	27.6089	713.0711	94.8843	13.5490	26.0000	0.9300	0.9238	0.6985	0.0000	713.0000	709.3964	1.0272	-3.1519	99.8451	40.7742	0.8230	0.8241	5.0000	-9999.0000	-9999.0000	-9999.0000	-9999.0000	-9999.0000	-9999.0000	17.2190	5	0	30.9387	1.0000	10	3	-9999.0000	32238	59386	-9999	-9999	1517	3068	498.1452	3	0.6985	0.7096	-0.0005	46.2225	1.8270	682.8562	494.3371	47.5463	668.3282	95.7176	677.7593	95.5556	682.3134	94.9306	685.7276	94.5139	
28/08/2017	01:37:49	011995	G488126830HLR	L488	S		640.9484	1.0400	0.0000	99.9154	40.2807	0.8230	1.1596	5.0000	26.6480	713.0737	94.8843	12.5696	25.9000	0.9300	0.9238	0.6986	0.0000	713.0000	707.8275	1.0272	-3.1051	99.6769	40.7790	0.8230	0.8241	5.0000	-9999.0000	-9999.0000	-9999.0000	-9999.0000	-9999.0000	-9999.0000	17.2885	6	0	30.2913	1.0000	10	3	-9999.0000	32239	59387	-9999	-9999	1517	3070	498.2092	3	0.6986	0.7095	-0.0005	44.9082	1.8729	683.6466	500.7230	46.0648	668.9218	95.7870	678.2992	95.6250	683.5087	94.9537	686.4523	94.5139	
28/08/2017	01:38:20	011995	G488126834HLR	L488	S		641.2572	1.0400	0.0000	100.0596	40.2818	0.8230	1.1596	5.0000	27.2993	713.0685	94.9306	13.9494	25.9000	0.9300	0.9239	0.6988	0.0000	713.0000	711.3570	1.0272	-3.2105	99.7146	40.7840	0.8230	0.8240	5.0000	-9999.0000	-9999.0000	-9999.0000	-9999.0000	-9999.0000	-9999.0000	17.4089	7	0	30.1947	1.0000	10	3	-9999.0000	32240	59388	-9999	-9999	1518	3072	498.3863	3	0.6988	0.7095	-0.0005	47.9832	1.6556	682.8060	495.8470	48.8889	667.3812	95.8333	677.5067	95.6019	682.6162	94.9537	685.4731	94.5139	
28/08/2017	01:38:48	011995	G488126843HLR	L488	S		641.8893	1.0400	0.0000	100.0086	40.2905	0.8230	1.1595	5.0000	27.4451	713.0205	94.8148	12.9290	25.9000	0.9300	0.9238	0.6994	0.0000	713.0000	710.1836	1.0272	-3.1755	99.7820	40.7929	0.8230	0.8243	5.0000	-9999.0000	-9999.0000	-9999.0000	-9999.0000	-9999.0000	-9999.0000	17.2155	8	0	28.6587	1.0000	10	3	-9999.0000	32241	59389	-9999	-9999	1519	3074	498.6954	3	0.6994	0.7099	-0.0006	46.5024	1.7509	684.1750	481.3641	46.9213	668.1644	95.7870	679.1810	95.6713	683.9781	95.0231	687.1992	94.5139	
