Data	Timp	Nr. masina	Nr. de serie	Tip	Productie	Comentariu	Pre-masurare Q [ml/min]	Pre-masurare Gain	Pre-masurare Offset Master	Pre-masurare P [bar]	Pre-masurare T [°C]	Pre-masurare Densitate fixa [kg/l]	Pre-masurare densitate masurata [kg/l]	Pre-masurare Timp masurare [s]	Pre-masurare Cycle time [s]	rectificare Q Oprire [ml/min]	rectificare P Oprire [bar]	rectificare Timp rectificare [s]	rectificare T [°C]	rectificare Densitate fixa [kg/l]	rectificare densitate masurata [kg/l]	rectificare Factor de masurare la rectificare	rectificare Factor de corectie a debitului	rectificare Target rectificare	Masurare Q [ml/min]	Masurare Gain	Masurare Offset Master	Masurare P [bar]	Masurare T [°C]	Masurare Densitate fixa [kg/l]	Masurare densitate masurata [kg/l]	Masurare Timp masurare [s]	Masurare Q [ml/min]	Masurare Delta Q [ml/min]	Masurare P [bar]	Masurare BP [bar]	Masurare T [°C]	Masurare Timp masurare [s]	Masurare Cycle time [s]	Nest Nr.	Cod de descarcare	Cycle time [s]	Traceability aktiv	EDM Maschine Nr	EDM Spindle Nr	Honing Rate [r	Station Counter Premeasure	Station Counter Grind	Station Counter Blowout 1	Station Counter Wash	Station Counter Measure	Station Counter Blowout 2	RealGrindQStop	Reg Type	Factor 0	Factor 1	Factor 2	Factor 3	Factor 4	G_StartQV	G_StartQV_1	G_StartQV_2	G_StartQV_3	G_StartQV_4	G_StartQV_5	
13/08/2017	00:00:16	011995	H374051671HLR	L374	S		666.1807	1.0400	0.0000	99.9268	40.0265	0.8230	1.1606	5.0000	19.9183	761.1349	94.7685	18.7891	25.6000	0.9300	0.9368	0.6917	-0.0013	761.0000	760.5113	1.0272	-5.1938	100.0924	40.7019	0.8230	0.8234	5.0000	-9999.0000	-9999.0000	-9999.0000	-9999.0000	-9999.0000	-9999.0000	17.1939	3	0	26.9262	1.0000	99	9	-9999.0000	4084	32382	-9999	-9999	228	453	508.4966	5	0.6696	0.6917	-0.0013	54.1579	1.7939	701.1700	630.8672	44.5602	676.2262	100.9028	679.0992	95.2546	683.8104	94.3750	688.9440	94.6065	
13/08/2017	00:00:43	011995	H374050109HLR	L374	S		674.9381	1.0400	0.0000	99.9321	40.0321	0.8230	1.1606	5.0000	19.7193	761.1811	94.8380	16.0890	25.6000	0.9300	0.9370	0.6917	-0.0013	761.0000	761.5092	1.0272	-5.2236	100.0100	40.7327	0.8230	0.8237	5.0000	-9999.0000	-9999.0000	-9999.0000	-9999.0000	-9999.0000	-9999.0000	17.1881	4	0	27.2809	1.0000	99	9	-9999.0000	4085	32383	-9999	-9999	229	455	511.1591	5	0.6696	0.6917	-0.0013	54.1579	1.7939	710.6367	573.6519	46.2037	681.2400	100.5324	688.4265	95.2546	693.7790	94.3287	698.6550	94.5602	
13/08/2017	00:01:09	011995	H374050102HLR	L374	S		671.9329	1.0400	0.0000	99.9162	40.0346	0.8230	1.1606	5.0000	19.8884	761.0809	94.7685	17.2198	25.7000	0.9300	0.9369	0.6934	-0.0014	761.0000	760.2238	1.0272	-5.1852	100.0537	40.7241	0.8230	0.8227	5.0000	-9999.0000	-9999.0000	-9999.0000	-9999.0000	-9999.0000	-9999.0000	19.5475	5	0	25.8581	1.0000	99	9	-9999.0000	4086	32384	-9999	-9999	230	456	509.9529	5	0.6697	0.6934	-0.0014	53.7839	1.8131	704.7724	621.5508	47.2454	681.7913	99.7454	682.9855	94.9537	687.2177	94.5139	691.8327	94.6065	
13/08/2017	00:01:35	011995	H374050024HLR	L374	S		669.6618	1.0400	0.0000	99.9614	40.0266	0.8230	1.1604	5.0000	20.6351	761.1125	94.7685	16.3986	25.6000	0.9300	0.9368	0.6922	-0.0013	761.0000	760.1258	1.0272	-5.1823	100.1003	40.7621	0.8230	0.8248	5.0000	-9999.0000	-9999.0000	-9999.0000	-9999.0000	-9999.0000	-9999.0000	17.3194	6	0	26.2886	1.0000	99	9	-9999.0000	4087	32385	-9999	-9999	231	458	510.8515	5	0.6697	0.6922	-0.0013	50.4992	2.0148	703.5673	627.6480	45.0694	680.5675	100.4861	682.3610	94.9769	686.9356	94.5833	693.7620	94.5602	
13/08/2017	00:02:02	011995	H374050074HLR	L374	S		672.1258	1.0400	0.0000	99.8765	40.0378	0.8230	1.1606	5.0000	19.8758	761.0643	94.9537	15.7296	25.5000	0.9300	0.9369	0.6917	-0.0013	761.0000	762.8573	1.0272	-5.2639	99.8355	40.7584	0.8230	0.8253	5.0000	-9999.0000	-9999.0000	-9999.0000	-9999.0000	-9999.0000	-9999.0000	17.2086	7	0	26.6499	1.0000	99	9	-9999.0000	4088	32386	-9999	-9999	232	460	511.4118	5	0.6698	0.6917	-0.0013	56.5074	1.6845	713.4375	584.5152	43.7731	683.4905	101.8519	691.2330	95.3009	695.7362	94.3981	700.3575	94.5139	
13/08/2017	00:02:30	011995	H374051675HLR	L374	S		673.6702	1.0400	0.0000	99.9140	40.0352	0.8230	1.1605	5.0000	20.1991	761.1528	94.8380	16.3097	25.6000	0.9300	0.9370	0.6917	-0.0013	761.0000	759.3134	1.0272	-5.1580	99.9753	40.7309	0.8230	0.8249	5.0000	-9999.0000	-9999.0000	-9999.0000	-9999.0000	-9999.0000	-9999.0000	17.8089	8	0	27.9079	1.0000	99	9	-9999.0000	4088	32387	-9999	-9999	233	462	510.9499	5	0.6698	0.6917	-0.0013	56.5074	1.6845	707.2000	546.2302	43.0787	678.3004	102.1991	685.2053	95.3009	688.0875	94.4444	692.5764	94.5370	
13/08/2017	00:02:55	011995	H374050088HLR	L374	S		673.5300	1.0400	0.0000	99.9472	40.0303	0.8230	1.1604	5.0000	20.6279	761.0672	95.0463	14.8791	25.6000	0.9300	0.9369	0.6920	-0.0013	761.0000	761.4139	1.0272	-5.2208	100.0694	40.6993	0.8230	0.8240	5.0000	-9999.0000	-9999.0000	-9999.0000	-9999.0000	-9999.0000	-9999.0000	17.2454	1	0	25.4780	1.0000	99	9	-9999.0000	4089	32388	-9999	-9999	234	464	512.2755	5	0.6698	0.6920	-0.0013	57.2992	1.6470	714.6654	581.2087	43.4028	686.7633	102.0370	694.5758	95.2546	698.2144	94.4213	701.3702	94.5833	
13/08/2017	00:03:21	011995	H374050068HLR	L374	S		675.7438	1.0400	0.0000	99.9386	40.0389	0.8230	1.1605	5.0000	20.2160	761.0331	95.0926	15.3293	25.6000	0.9300	0.9370	0.6916	-0.0013	761.0000	760.1559	1.0272	-5.1832	99.8354	40.6756	0.8230	0.8224	5.0000	-9999.0000	-9999.0000	-9999.0000	-9999.0000	-9999.0000	-9999.0000	19.7181	2	0	26.1122	1.0000	99	9	-9999.0000	4090	32389	-9999	-9999	235	466	511.7900	5	0.6698	0.6916	-0.0013	67.8319	1.0637	709.6957	589.7318	44.2593	681.7622	101.6435	688.1023	95.3009	694.7211	94.4213	699.6060	94.5139	
13/08/2017	00:03:52	011995	H374050099HLR	L374	S		676.5407	1.0400	0.0000	99.9020	40.0402	0.8230	1.1605	5.0000	19.9881	761.0683	94.9537	15.6691	25.6000	0.9300	0.9370	0.6916	-0.0013	761.0000	762.1435	1.0272	-5.2425	100.1350	40.7323	0.8230	0.8236	5.0000	-9999.0000	-9999.0000	-9999.0000	-9999.0000	-9999.0000	-9999.0000	17.3167	3	0	30.0949	1.0000	99	9	-9999.0000	4091	32390	-9999	-9999	236	468	511.4465	5	0.6698	0.6916	-0.0013	67.8319	1.0637	715.4270	577.8471	42.7083	686.7308	101.0185	691.1983	95.3241	696.4376	94.3750	700.5727	94.5370	
13/08/2017	00:04:19	011995	H374050060HLR	L374	S		672.3321	1.0400	0.0000	99.8714	40.0434	0.8230	1.1606	5.0000	19.6683	761.1207	94.7685	16.9493	25.6000	0.9300	0.9368	0.6931	-0.0013	761.0000	760.4684	1.0272	-5.1925	99.7819	40.7644	0.8230	0.8243	5.0000	-9999.0000	-9999.0000	-9999.0000	-9999.0000	-9999.0000	-9999.0000	17.4579	4	0	27.4887	1.0000	99	9	-9999.0000	4092	32391	-9999	-9999	237	470	510.3179	5	0.6701	0.6931	-0.0013	80.8534	0.3026	709.8532	567.3231	42.7083	679.8236	102.5231	683.6431	95.1389	688.9008	94.4907	692.6173	94.5139	
13/08/2017	00:04:45	011995	H374050055HLR	L374	S		678.9682	1.0400	0.0000	99.9119	40.0452	0.8230	1.1605	5.0000	20.0096	761.0642	95.0231	14.4592	25.6000	0.9300	0.9370	0.6931	-0.0013	761.0000	761.3750	1.0272	-5.2196	99.9789	40.7674	0.8230	0.8244	5.0000	-9999.0000	-9999.0000	-9999.0000	-9999.0000	-9999.0000	-9999.0000	17.4775	5	0	25.8881	1.0000	99	9	-9999.0000	4093	32392	-9999	-9999	238	472	512.7909	5	0.6701	0.6931	-0.0013	80.8534	0.3026	718.1981	574.1790	44.0972	685.0180	102.2222	692.0083	95.0000	696.4615	94.4676	701.7418	94.6528	
13/08/2017	00:05:12	011995	H374050090HLR	L374	S		679.5578	1.0400	0.0000	99.9610	40.0494	0.8230	1.1606	5.0000	19.6487	761.1558	94.9769	15.1984	25.6000	0.9300	0.9369	0.6937	-0.0014	761.0000	764.2958	1.0272	-5.3068	100.1052	40.7724	0.8230	0.8250	5.0000	-9999.0000	-9999.0000	-9999.0000	-9999.0000	-9999.0000	-9999.0000	17.3782	6	0	26.7087	1.0000	99	9	-9999.0000	4093	32393	-9999	-9999	239	474	512.2058	5	0.6703	0.6937	-0.0014	77.7710	0.4824	715.3706	595.8276	44.8843	687.0043	101.4352	692.7786	95.2083	699.3516	94.4444	704.0454	94.5370	
13/08/2017	00:05:39	011995	H374050065HLR	L374	S		665.7206	1.0400	0.0000	99.9170	40.0464	0.8230	1.1606	5.0000	19.9683	761.1169	94.7454	19.1591	25.7000	0.9300	0.9370	0.6928	-0.0013	761.0000	757.7915	1.0272	-5.1125	100.3383	40.7466	0.8230	0.8253	5.0000	-9999.0000	-9999.0000	-9999.0000	-9999.0000	-9999.0000	-9999.0000	17.3686	7	0	27.6592	1.0000	99	9	-9999.0000	4094	32393	-9999	-9999	240	476	508.0406	5	0.6703	0.6928	-0.0013	75.9919	0.5815	694.1217	587.4361	43.7731	666.4670	101.9676	670.7173	95.2083	676.6436	94.4907	680.1071	94.5833	
13/08/2017	00:06:04	011995	H374050083HLR	L374	S		670.1630	1.0400	0.0000	99.9147	40.0485	0.8230	1.1606	5.0000	19.9777	761.0941	94.7685	16.5196	25.7000	0.9300	0.9369	0.6924	-0.0013	761.0000	760.8274	1.0272	-5.2032	99.7688	40.7032	0.8230	0.8243	5.0000	-9999.0000	-9999.0000	-9999.0000	-9999.0000	-9999.0000	-9999.0000	17.2478	8	0	25.0186	1.0000	99	9	-9999.0000	4095	32393	-9999	-9999	241	478	510.7040	5	0.6705	0.6924	-0.0013	72.7258	0.7717	704.4729	608.2763	46.9213	680.8210	99.7917	683.5904	95.2083	688.7332	94.3519	694.2828	94.6065	
13/08/2017	00:06:35	011995	H374050050HLR	L374	S		674.9775	1.0400	0.0000	99.9622	40.0530	0.8230	1.1605	5.0000	20.2586	761.1552	95.0231	14.9797	25.7000	0.9300	0.9370	0.6924	-0.0013	761.0000	760.6222	1.0272	-5.1971	100.0512	40.6963	0.8230	0.8235	5.0000	-9999.0000	-9999.0000	-9999.0000	-9999.0000	-9999.0000	-9999.0000	17.2081	1	0	30.3686	1.0000	99	9	-9999.0000	4095	32394	-9999	-9999	242	479	512.3075	5	0.6705	0.6924	-0.0013	72.7258	0.7717	713.5421	622.6003	45.1389	686.3120	101.2731	689.5225	95.1852	694.1482	94.4213	700.4252	94.6065	
13/08/2017	00:07:02	011995	H374051679HLR	L374	S		671.5592	1.0400	0.0000	99.9226	40.0509	0.8230	1.1605	5.0000	20.3185	761.1414	94.9769	15.6691	25.6000	0.9300	0.9369	0.6910	-0.0012	761.0000	760.0651	1.0272	-5.1805	99.8398	40.7330	0.8230	0.8235	5.0000	-9999.0000	-9999.0000	-9999.0000	-9999.0000	-9999.0000	-9999.0000	17.4680	2	0	27.4477	1.0000	99	9	-9999.0000	4096	32395	-9999	-9999	243	480	511.5686	5	0.6705	0.6910	-0.0012	68.6203	1.0415	712.7826	611.7210	46.6204	688.4836	100.3704	687.8756	94.9769	693.1283	94.5602	698.4648	94.5602	
13/08/2017	00:07:30	011995	H374050080HLR	L374	S		670.2670	1.0400	0.0000	99.9468	40.0510	0.8230	1.1605	5.0000	20.2463	761.1382	94.7454	16.7188	25.6000	0.9300	0.9369	0.6914	-0.0012	761.0000	759.4231	1.0272	-5.1613	99.7650	40.7384	0.8230	0.8237	5.0000	-9999.0000	-9999.0000	-9999.0000	-9999.0000	-9999.0000	-9999.0000	17.2277	3	0	27.4088	1.0000	99	9	-9999.0000	4097	32395	-9999	-9999	244	482	510.5927	5	0.6706	0.6914	-0.0012	69.4772	1.0092	706.9379	633.9428	45.1852	683.7687	100.5324	686.9774	95.0694	689.9819	94.5370	693.9940	94.5833	
13/08/2017	00:07:58	011995	H374050096HLR	L374	S		681.5713	1.0400	0.0000	99.9207	40.0606	0.8230	1.1605	5.0000	20.1992	761.1346	95.0000	14.0686	25.6000	0.9300	0.9369	0.6914	-0.0012	761.0000	762.4624	1.0272	-5.2521	100.1490	40.7517	0.8230	0.8238	5.0000	-9999.0000	-9999.0000	-9999.0000	-9999.0000	-9999.0000	-9999.0000	17.8688	4	0	28.1087	1.0000	99	9	-9999.0000	4098	32396	-9999	-9999	244	484	513.1633	5	0.6706	0.6914	-0.0012	69.4772	1.0092	720.9617	637.7749	46.6204	695.6135	100.0231	696.4635	95.1157	703.2276	94.4213	707.3231	94.6065	
13/08/2017	00:08:25	011995	H374051665HLR	L374	S		666.6845	1.0400	0.0000	99.9556	40.0637	0.8230	1.1605	5.0000	20.2485	761.0800	94.8611	19.3984	25.6000	0.9300	0.9369	0.6924	-0.0013	761.0000	761.2224	1.0272	-5.2150	99.9071	40.7723	0.8230	0.8247	5.0000	-9999.0000	-9999.0000	-9999.0000	-9999.0000	-9999.0000	-9999.0000	17.3202	5	0	27.3288	1.0000	99	9	-9999.0000	4099	32397	-9999	-9999	245	486	508.0746	5	0.6708	0.6924	-0.0013	72.0430	0.8793	705.4860	621.6447	47.5231	680.4584	99.7685	678.6672	94.9074	684.0955	94.6065	689.2978	94.6065	
13/08/2017	00:08:54	011995	H374051676HLR	L374	S		670.1256	1.0400	0.0000	99.8932	40.0658	0.8230	1.1605	5.0000	19.9445	761.1054	94.7917	16.5489	25.6000	0.9300	0.9368	0.6919	-0.0013	761.0000	760.9392	1.0272	-5.2066	100.0547	40.7751	0.8230	0.8251	5.0000	-9999.0000	-9999.0000	-9999.0000	-9999.0000	-9999.0000	-9999.0000	17.2393	6	0	29.3284	1.0000	99	9	-9999.0000	4100	32398	-9999	-9999	246	487	510.8387	5	0.6709	0.6919	-0.0013	71.3566	0.9315	706.0578	647.7905	48.0556	684.1303	99.3519	684.8488	94.8380	687.9262	94.5370	693.1255	94.5602	
13/08/2017	00:09:22	011995	H374051659HLR	L374	S		670.1332	1.0400	0.0000	99.9676	40.0734	0.8230	1.1605	5.0000	20.2641	761.0804	94.8148	16.4288	25.6000	0.9300	0.9368	0.6898	-0.0011	761.0000	759.3613	1.0272	-5.1594	100.0642	40.7599	0.8230	0.8254	5.0000	-9999.0000	-9999.0000	-9999.0000	-9999.0000	-9999.0000	-9999.0000	17.2077	7	0	27.7182	1.0000	99	9	-9999.0000	4101	32398	-9999	-9999	247	488	510.9703	5	0.6710	0.6898	-0.0011	67.6664	1.1510	705.1260	628.7108	46.9676	681.3099	99.7454	682.4432	94.8380	686.0932	94.6065	692.2411	94.5602	
13/08/2017	00:09:50	011995	H374051685HLR	L374	S		665.6446	1.0400	0.0000	99.9016	40.0724	0.8230	1.1605	5.0000	20.0886	761.0388	94.7222	17.0997	25.7000	0.9300	0.9369	0.6894	-0.0011	761.0000	759.3891	1.0272	-5.1603	100.0265	40.7444	0.8230	0.8252	5.0000	-9999.0000	-9999.0000	-9999.0000	-9999.0000	-9999.0000	-9999.0000	17.3324	8	0	28.3091	1.0000	99	9	-9999.0000	4102	32399	-9999	-9999	248	490	510.2861	5	0.6710	0.6894	-0.0011	60.9974	1.5699	702.4496	615.1134	45.8796	675.7794	100.3241	679.2685	95.0231	685.1437	94.5370	690.6166	94.6065	
13/08/2017	00:10:19	011995	H374050072HLR	L374	S		675.5179	1.0400	0.0000	99.9471	40.0692	0.8230	1.1604	5.0000	20.2186	761.0712	94.7917	16.3986	25.7000	0.9300	0.9369	0.6897	-0.0011	761.0000	760.4536	1.0272	-5.1921	99.7738	40.7000	0.8230	0.8243	5.0000	-9999.0000	-9999.0000	-9999.0000	-9999.0000	-9999.0000	-9999.0000	17.2753	1	0	28.4383	1.0000	99	9	-9999.0000	4103	32400	-9999	-9999	249	492	510.9222	5	0.6711	0.6897	-0.0011	61.4999	1.5567	710.4959	591.6322	46.2963	682.5592	100.4398	687.7537	95.2083	691.8851	94.3519	696.5689	94.6065	
13/08/2017	00:10:47	011995	H374051654HLR	L374	S		663.7713	1.0400	0.0000	99.8443	40.0730	0.8230	1.1605	5.0000	19.9380	761.0895	94.7685	18.4189	25.6000	0.9300	0.9369	0.6892	-0.0011	761.0000	759.7048	1.0272	-5.1697	99.6347	40.6927	0.8230	0.8235	5.0000	-9999.0000	-9999.0000	-9999.0000	-9999.0000	-9999.0000	-9999.0000	17.4361	2	0	28.1777	1.0000	99	9	-9999.0000	4104	32401	-9999	-9999	250	494	509.3091	5	0.6711	0.6892	-0.0011	61.4638	1.5724	702.9853	600.3844	45.2315	675.4650	101.2269	679.3009	95.2546	684.3399	94.3519	689.2392	94.6065	
13/08/2017	00:11:15	011995	H374051661HLR	L374	S		669.2310	1.0400	0.0000	99.8990	40.0704	0.8230	1.1605	5.0000	19.8288	761.1420	94.7222	16.7589	25.6000	0.9300	0.9369	0.6885	-0.0010	761.0000	759.7532	1.0272	-5.1711	100.0006	40.6950	0.8230	0.8233	5.0000	-9999.0000	-9999.0000	-9999.0000	-9999.0000	-9999.0000	-9999.0000	17.4829	3	0	28.0687	1.0000	99	9	-9999.0000	4105	32402	-9999	-9999	251	496	510.8822	5	0.6712	0.6885	-0.0010	59.5448	1.7066	707.5523	595.7032	46.4120	680.4659	100.3704	682.9681	95.1389	690.0738	94.3750	694.2928	94.5833	
13/08/2017	00:11:42	011995	H374051646HLR	L374	S		671.9146	1.0400	0.0000	99.8749	40.0589	0.8230	1.1604	5.0000	20.1893	761.0712	94.8380	17.2491	25.6000	0.9300	0.9370	0.6880	-0.0010	761.0000	762.0952	1.0272	-5.2411	99.9064	40.6764	0.8230	0.8219	5.0000	-9999.0000	-9999.0000	-9999.0000	-9999.0000	-9999.0000	-9999.0000	20.1289	4	0	27.1784	1.0000	99	9	-9999.0000	4106	32403	-9999	-9999	252	497	510.3795	5	0.6713	0.6880	-0.0010	57.6432	1.8241	711.0676	619.2175	47.2685	686.3719	99.9306	689.0735	95.0926	693.7114	94.4444	697.8403	94.6065	
13/08/2017	00:12:10	011995	H374051682HLR	L374	S		670.0808	1.0400	0.0000	99.9483	40.0494	0.8230	1.1604	5.0000	20.4396	761.1151	94.7222	17.4688	25.6000	0.9300	0.9370	0.6867	-0.0009	761.0000	760.3161	1.0272	-5.1880	99.7121	40.7210	0.8230	0.8231	5.0000	-9999.0000	-9999.0000	-9999.0000	-9999.0000	-9999.0000	-9999.0000	18.3659	5	0	27.7992	1.0000	99	9	-9999.0000	4107	32404	-9999	-9999	253	499	510.3270	5	0.6714	0.6867	-0.0009	52.9430	2.1270	710.0967	586.4904	45.3935	682.3187	100.9722	686.5340	95.1389	689.6047	94.4444	694.5981	94.6065	
13/08/2017	00:12:39	011995	H374050034HLR	L374	S		667.9906	1.0400	0.0000	99.9484	40.0463	0.8230	1.1605	5.0000	20.0257	761.0436	94.7685	17.1895	25.6000	0.9300	0.9370	0.6858	-0.0009	761.0000	760.1151	1.0272	-5.1820	100.0423	40.7546	0.8230	0.8246	5.0000	-9999.0000	-9999.0000	-9999.0000	-9999.0000	-9999.0000	-9999.0000	17.2472	6	0	28.4584	1.0000	99	9	-9999.0000	4108	32405	-9999	-9999	253	501	510.5308	5	0.6715	0.6858	-0.0009	50.4964	2.2903	712.2982	601.2218	44.3056	683.1934	101.6435	685.3071	95.1157	689.0503	94.4676	694.4790	94.6065	
13/08/2017	00:13:06	011995	H374050018HLR	L374	S		669.7584	1.0400	0.0000	99.9650	40.0432	0.8230	1.1606	5.0000	19.5749	761.0666	94.7917	17.1592	25.6000	0.9300	0.9370	0.6858	-0.0009	761.0000	760.6539	1.0272	-5.1980	99.7860	40.7602	0.8230	0.8250	5.0000	-9999.0000	-9999.0000	-9999.0000	-9999.0000	-9999.0000	-9999.0000	17.1783	7	0	27.3179	1.0000	99	9	-9999.0000	4109	32406	-9999	-9999	254	503	510.7118	5	0.6715	0.6858	-0.0009	50.4964	2.2903	708.0894	590.3454	43.9815	681.5353	101.3426	684.2720	95.1389	688.9448	94.4444	695.1045	94.5833	
13/08/2017	00:13:33	011995	H374050044HLR	L374	S		670.1123	1.0400	0.0000	99.8938	40.0291	0.8230	1.1605	5.0000	20.0185	761.0785	94.8148	16.1690	25.6000	0.9300	0.9369	0.6858	-0.0009	761.0000	760.3763	1.0272	-5.1898	99.7206	40.7575	0.8230	0.8252	5.0000	-9999.0000	-9999.0000	-9999.0000	-9999.0000	-9999.0000	-9999.0000	17.4182	8	0	26.9088	1.0000	99	9	-9999.0000	4110	32407	-9999	-9999	255	504	511.3533	5	0.6715	0.6858	-0.0009	49.2837	2.3736	712.8752	647.3172	45.0694	688.4688	100.7176	689.2713	94.7685	694.0765	94.6296	699.5936	94.5602	
13/08/2017	00:14:03	011995	H374050039HLR	L374	S		670.1120	1.0400	0.0000	99.9506	40.0228	0.8230	1.1606	5.0000	19.7258	761.1016	94.7454	16.8682	25.6000	0.9300	0.9369	0.6853	-0.0008	761.0000	761.4082	1.0272	-5.2206	100.0383	40.7314	0.8230	0.8252	5.0000	-9999.0000	-9999.0000	-9999.0000	-9999.0000	-9999.0000	-9999.0000	17.5183	1	0	29.8783	1.0000	99	9	-9999.0000	4111	32408	-9999	-9999	256	506	511.0306	5	0.6715	0.6853	-0.0008	49.4390	2.3781	709.6435	625.8086	45.1157	686.4540	100.7407	688.7658	94.7454	694.1416	94.6296	700.3753	94.5602	
13/08/2017	00:14:31	011995	H374050030HLR	L374	S		672.0939	1.0400	0.0000	99.9294	40.0173	0.8230	1.1605	5.0000	19.9800	761.1138	94.9074	17.5293	25.6000	0.9300	0.9370	0.6851	-0.0008	761.0000	761.6567	1.0272	-5.2280	100.0556	40.6979	0.8230	0.8246	5.0000	-9999.0000	-9999.0000	-9999.0000	-9999.0000	-9999.0000	-9999.0000	17.2884	2	0	28.6488	1.0000	99	9	-9999.0000	4111	32409	-9999	-9999	257	508	510.6397	5	0.6715	0.6851	-0.0008	50.1296	2.3459	713.7660	634.3265	45.9028	691.8160	100.2083	688.5006	94.9769	693.1033	94.5370	697.2786	94.5602	
13/08/2017	00:14:56	011995	H374050002HLR	L374	S		672.6092	1.0400	0.0000	99.9855	40.0133	0.8230	1.1605	5.0000	20.0183	761.0953	94.7917	16.3292	25.6000	0.9300	0.9369	0.6853	-0.0008	761.0000	759.6646	1.0272	-5.1685	99.9241	40.6876	0.8230	0.8241	5.0000	-9999.0000	-9999.0000	-9999.0000	-9999.0000	-9999.0000	-9999.0000	17.1971	3	0	24.9781	1.0000	99	9	-9999.0000	4112	32410	-9999	-9999	258	510	511.4194	5	0.6715	0.6853	-0.0008	50.3219	2.3364	717.1889	594.9440	45.3241	687.0671	101.0185	690.1354	95.2546	694.7871	94.3287	700.4076	94.6296	
13/08/2017	00:15:22	011995	H374050004HLR	L374	S		670.7275	1.0400	0.0000	99.9579	40.0087	0.8230	1.1605	5.0000	20.0882	761.0695	94.9306	15.9093	25.6000	0.9300	0.9369	0.6836	-0.0007	761.0000	759.8486	1.0272	-5.1740	99.8846	40.6874	0.8230	0.8235	5.0000	-9999.0000	-9999.0000	-9999.0000	-9999.0000	-9999.0000	-9999.0000	17.2661	4	0	25.9089	1.0000	99	9	-9999.0000	4113	32411	-9999	-9999	259	512	511.6466	5	0.6716	0.6836	-0.0007	50.2097	2.3467	711.7517	586.0500	44.5833	683.4842	101.6667	689.4050	95.1620	694.3080	94.4444	700.4339	94.5602	
13/08/2017	00:15:49	011995	H374050031HLR	L374	S		668.9660	1.0400	0.0000	99.9402	40.0084	0.8230	1.1606	5.0000	19.7573	761.0453	94.7685	18.9189	25.6000	0.9300	0.9370	0.6842	-0.0008	761.0000	761.6574	1.0272	-5.2280	99.8098	40.6787	0.8230	0.8220	5.0000	-9999.0000	-9999.0000	-9999.0000	-9999.0000	-9999.0000	-9999.0000	20.0867	5	0	26.7982	1.0000	99	9	-9999.0000	4114	32412	-9999	-9999	260	514	509.9436	5	0.6716	0.6842	-0.0008	51.2877	2.2807	709.3694	582.2595	45.4630	683.1797	101.1574	684.5447	95.1852	690.8880	94.4213	694.1604	94.6065	
13/08/2017	00:16:16	011995	H374050041HLR	L374	S		671.9356	1.0400	0.0000	99.9418	40.0032	0.8230	1.1605	5.0000	20.0790	761.0552	94.8843	17.7188	25.6000	0.9300	0.9369	0.6841	-0.0007	761.0000	762.0197	1.0272	-5.2388	100.1265	40.7470	0.8230	0.8246	5.0000	-9999.0000	-9999.0000	-9999.0000	-9999.0000	-9999.0000	-9999.0000	17.2793	6	0	26.5287	1.0000	99	9	-9999.0000	4114	32413	-9999	-9999	261	516	510.6016	5	0.6717	0.6841	-0.0007	50.4815	2.3312	710.7230	582.0044	43.7037	684.8187	101.8056	687.1601	95.2778	692.1359	94.3519	695.6939	94.6065	
13/08/2017	00:16:42	011995	H374049999HLR	L374	S		679.1775	1.0400	0.0000	99.9379	40.0064	0.8230	1.1605	5.0000	20.1773	761.1217	95.0000	14.0090	25.6000	0.9300	0.9370	0.6841	-0.0007	761.0000	761.4385	1.0272	-5.2215	99.7620	40.7576	0.8230	0.8249	5.0000	-9999.0000	-9999.0000	-9999.0000	-9999.0000	-9999.0000	-9999.0000	17.4987	7	0	26.8096	1.0000	99	9	-9999.0000	4115	32414	-9999	-9999	262	518	512.8800	5	0.6717	0.6841	-0.0007	50.4815	2.3312	723.5858	593.9493	45.8333	694.1585	100.8333	700.4592	95.2546	705.0137	94.3981	710.1226	94.5602	
13/08/2017	00:17:12	011995	H374049966HLR	L374	S		678.9673	1.0400	0.0000	99.9565	40.0050	0.8230	1.1606	5.0000	20.0694	761.0358	95.0231	14.9494	25.6000	0.9300	0.9370	0.6846	-0.0008	761.0000	761.9445	1.0272	-5.2366	99.8358	40.7350	0.8230	0.8239	5.0000	-9999.0000	-9999.0000	-9999.0000	-9999.0000	-9999.0000	-9999.0000	19.9265	8	0	29.6878	1.0000	99	9	-9999.0000	4116	32415	-9999	-9999	263	520	512.2460	5	0.6717	0.6846	-0.0008	50.7927	2.3119	721.9378	590.2801	42.8009	694.5989	100.8102	697.7480	95.1852	703.3474	94.4676	707.7277	94.5370	
13/08/2017	00:17:40	011995	H374049985HLR	L374	S		678.0457	1.0400	0.0000	99.9487	40.0019	0.8230	1.1609	5.0000	20.2581	761.0842	94.9537	15.8097	25.6000	0.9300	0.9369	0.6861	-0.0009	761.0000	763.0758	1.0272	-5.2704	99.6942	40.6980	0.8230	0.8248	5.0000	-9999.0000	-9999.0000	-9999.0000	-9999.0000	-9999.0000	-9999.0000	17.1485	1	0	27.7882	1.0000	99	9	-9999.0000	4117	32416	-9999	-9999	263	522	511.8679	5	0.6716	0.6861	-0.0009	52.2988	2.2124	722.2254	587.1856	43.9352	690.7985	101.9676	696.4515	95.3472	702.4828	94.3981	706.3797	94.5602	
13/08/2017	00:18:07	011995	H374050021HLR	L374	S		675.1129	1.0400	0.0000	99.9376	40.0052	0.8230	1.1606	5.0000	19.8395	761.0521	94.9537	15.5090	25.7000	0.9300	0.9371	0.6861	-0.0009	761.0000	761.8796	1.0272	-5.2347	99.7385	40.7000	0.8230	0.8240	5.0000	-9999.0000	-9999.0000	-9999.0000	-9999.0000	-9999.0000	-9999.0000	18.4685	2	0	27.4985	1.0000	99	9	-9999.0000	4118	32417	-9999	-9999	264	524	511.9967	5	0.6716	0.6861	-0.0009	52.2988	2.2124	718.5207	602.3118	43.4491	689.6453	101.8750	695.5392	95.3472	701.2236	94.3519	705.9685	94.6065	
13/08/2017	00:18:35	011995	H374050011HLR	L374	S		675.6945	1.0400	0.0000	99.9544	40.0008	0.8230	1.1603	5.0000	21.0888	761.0755	94.9074	15.8087	25.7000	0.9300	0.9369	0.6859	-0.0009	761.0000	760.9050	1.0272	-5.2056	99.8029	40.6833	0.8230	0.8235	5.0000	-9999.0000	-9999.0000	-9999.0000	-9999.0000	-9999.0000	-9999.0000	17.2589	3	0	27.4790	1.0000	99	9	-9999.0000	4119	32417	-9999	-9999	265	525	511.8086	5	0.6716	0.6859	-0.0009	49.7746	2.3558	716.7593	588.8170	44.7454	688.9723	101.5741	694.2471	95.1620	698.9886	94.4676	704.4394	94.5833	
13/08/2017	00:19:00	011995	H374051664HLR	L374	S		671.3491	1.0400	0.0000	99.9706	40.0050	0.8230	1.1605	5.0000	20.3187	761.0631	94.7454	18.7891	25.6000	0.9300	0.9370	0.6851	-0.0008	761.0000	763.5270	1.0272	-5.2839	100.0247	40.7111	0.8230	0.8234	5.0000	-9999.0000	-9999.0000	-9999.0000	-9999.0000	-9999.0000	-9999.0000	17.2987	4	0	25.0182	1.0000	99	9	-9999.0000	4120	32418	-9999	-9999	266	527	509.9083	5	0.6716	0.6851	-0.0008	49.0634	2.3966	711.6965	623.7077	45.0694	686.0696	101.0185	687.3563	95.2083	692.3328	94.4444	697.1019	94.6296	
13/08/2017	00:19:25	011995	H374050085HLR	L374	S		636.2443	1.0400	0.0000	99.9684	40.0038	0.8230	1.1609	5.0000	20.6582	761.0835	94.7685	16.8683	25.6000	0.9300	0.9370	0.6848	-0.0008	761.0000	761.7612	1.0272	-5.2311	99.6217	40.7350	0.8230	0.8237	5.0000	-9999.0000	-9999.0000	-9999.0000	-9999.0000	-9999.0000	-9999.0000	17.4779	5	0	25.1710	1.0000	99	9	-9999.0000	4120	32419	-9999	-9999	267	529	511.0884	5	0.6716	0.6848	-0.0008	49.0854	2.4002	716.0456	635.8975	44.8611	692.2591	100.8796	691.1899	94.9306	693.9467	94.4907	698.9836	94.5602	
13/08/2017	00:19:52	011995	H374050108HLR	L374	S		675.8379	1.0400	0.0000	99.9333	40.0144	0.8230	1.1606	5.0000	19.8483	761.0614	94.8148	16.6193	25.6000	0.9300	0.9369	0.6848	-0.0008	761.0000	761.2401	1.0272	-5.2156	100.0297	40.7595	0.8230	0.8250	5.0000	-9999.0000	-9999.0000	-9999.0000	-9999.0000	-9999.0000	-9999.0000	17.3190	6	0	26.6869	1.0000	99	9	-9999.0000	4121	32420	-9999	-9999	268	531	511.2196	5	0.6716	0.6848	-0.0008	49.6418	2.3657	715.9790	635.6928	47.6157	693.2010	99.6296	691.5166	94.9074	695.5601	94.6065	699.4911	94.5602	
13/08/2017	00:20:20	011995	H374050101HLR	L374	S		672.7295	1.0400	0.0000	99.9080	40.0146	0.8230	1.1606	5.0000	20.0388	761.0425	94.7917	16.5294	25.6000	0.9300	0.9370	0.6867	-0.0009	761.0000	760.5928	1.0272	-5.1962	99.7084	40.7453	0.8230	0.8252	5.0000	-9999.0000	-9999.0000	-9999.0000	-9999.0000	-9999.0000	-9999.0000	17.4887	7	0	28.4083	1.0000	99	9	-9999.0000	4122	32421	-9999	-9999	269	533	511.2574	5	0.6715	0.6867	-0.0009	51.3341	2.2621	713.4666	627.8161	44.9769	691.2139	99.3056	689.2476	94.7917	693.9041	94.6296	699.0899	94.5370	
13/08/2017	00:20:48	011995	H374050089HLR	L374	S		682.8613	1.0400	0.0000	99.9281	40.0193	0.8230	1.1606	5.0000	19.8536	761.0709	94.9769	13.5589	25.6000	0.9300	0.9370	0.6867	-0.0009	761.0000	761.9083	1.0272	-5.2355	99.8307	40.7113	0.8230	0.8247	5.0000	-9999.0000	-9999.0000	-9999.0000	-9999.0000	-9999.0000	-9999.0000	17.3993	8	0	27.9305	1.0000	99	9	-9999.0000	4123	32422	-9999	-9999	270	535	513.3246	5	0.6715	0.6867	-0.0009	51.3341	2.2621	723.4767	636.2561	45.9722	700.8019	100.2083	702.6962	95.0463	707.8010	94.5139	713.0390	94.5833	
13/08/2017	00:21:17	011995	H374050073HLR	L374	S		681.9815	1.0400	0.0000	99.9328	40.0228	0.8230	1.1605	5.0000	20.2581	761.0663	94.9769	14.2990	25.6000	0.9300	0.9370	0.6877	-0.0010	761.0000	761.7009	1.0272	-5.2293	99.9282	40.6819	0.8230	0.8231	5.0000	-9999.0000	-9999.0000	-9999.0000	-9999.0000	-9999.0000	-9999.0000	20.0577	1	0	28.8268	1.0000	99	9	-9999.0000	4123	32423	-9999	-9999	271	537	512.8669	5	0.6715	0.6877	-0.0010	49.2469	2.3929	721.7184	633.5718	44.7222	695.2859	100.9491	698.6736	95.2083	704.8179	94.3750	709.7239	94.5833	
13/08/2017	00:21:44	011995	H374050058HLR	L374	S		675.9735	1.0400	0.0000	99.9579	40.0225	0.8230	1.1605	5.0000	20.2484	761.0637	94.9537	15.7794	25.6000	0.9300	0.9370	0.6873	-0.0009	761.0000	762.1115	1.0272	-5.2416	100.2066	40.6902	0.8230	0.8234	5.0000	-9999.0000	-9999.0000	-9999.0000	-9999.0000	-9999.0000	-9999.0000	17.3285	2	0	27.6181	1.0000	99	9	-9999.0000	4124	32424	-9999	-9999	272	539	511.8314	5	0.6715	0.6873	-0.0009	48.3644	2.4304	713.9199	636.8627	44.7222	691.5309	101.0185	691.1885	94.7917	696.3934	94.5833	703.1412	94.5833	
13/08/2017	00:22:09	011995	H374051683HLR	L374	S		669.5536	1.0400	0.0000	99.9216	40.0303	0.8230	1.1606	5.0000	20.0256	761.0556	94.8380	17.4288	25.6000	0.9300	0.9369	0.6861	-0.0009	761.0000	760.8783	1.0272	-5.2048	99.9630	40.6902	0.8230	0.8226	5.0000	-9999.0000	-9999.0000	-9999.0000	-9999.0000	-9999.0000	-9999.0000	18.7885	3	0	24.8979	1.0000	99	9	-9999.0000	4125	32425	-9999	-9999	273	541	510.6128	5	0.6715	0.6861	-0.0009	45.4075	2.5980	708.9175	617.5108	45.9722	685.8730	100.6019	684.5922	94.9537	689.2356	94.5833	694.5440	94.5602	
13/08/2017	00:22:38	011995	H374050067HLR	L374	S		674.2617	1.0400	0.0000	99.9690	40.0331	0.8230	1.1605	5.0000	20.2269	761.0868	94.7685	17.0293	25.6000	0.9300	0.9369	0.6861	-0.0009	761.0000	761.3328	1.0272	-5.2183	99.8498	40.7350	0.8230	0.8239	5.0000	-9999.0000	-9999.0000	-9999.0000	-9999.0000	-9999.0000	-9999.0000	17.2087	4	0	28.2234	1.0000	99	9	-9999.0000	4126	32426	-9999	-9999	274	542	510.9129	5	0.6715	0.6861	-0.0009	45.4075	2.5980	714.3234	572.1680	44.8148	683.6407	101.0648	690.6869	95.2315	694.5204	94.4444	699.3376	94.5370	
13/08/2017	00:23:03	011995	H374050098HLR	L374	S		671.7617	1.0400	0.0000	99.9845	40.0354	0.8230	1.1605	5.0000	20.3083	761.0713	94.8843	17.8594	25.6000	0.9300	0.9370	0.6865	-0.0009	761.0000	761.9345	1.0272	-5.2363	99.7673	40.7528	0.8230	0.8241	5.0000	-9999.0000	-9999.0000	-9999.0000	-9999.0000	-9999.0000	-9999.0000	18.2486	5	0	25.6645	1.0000	99	9	-9999.0000	4127	32427	-9999	-9999	275	544	510.3418	5	0.6715	0.6865	-0.0009	44.1513	2.6692	715.3845	572.5659	44.1667	684.0000	101.5972	688.6387	95.3241	693.1869	94.3981	696.5720	94.5370	
13/08/2017	00:23:31	011995	H374050059HLR	L374	S		670.0415	1.0400	0.0000	99.9233	40.0408	0.8230	1.1606	5.0000	19.6396	761.0612	94.7917	16.6095	25.6000	0.9300	0.9369	0.6865	-0.0009	761.0000	760.7564	1.0272	-5.2011	100.0974	40.7617	0.8230	0.8252	5.0000	-9999.0000	-9999.0000	-9999.0000	-9999.0000	-9999.0000	-9999.0000	17.3439	6	0	28.1382	1.0000	99	9	-9999.0000	4128	32427	-9999	-9999	276	546	511.1582	5	0.6715	0.6865	-0.0009	44.1513	2.6692	709.3362	617.6194	45.8565	685.2218	100.8333	686.6325	95.1620	692.2319	94.3981	698.6007	94.6065	
13/08/2017	00:23:59	011995	H374050053HLR	L374	S		689.0393	1.0400	0.0000	99.9934	40.0406	0.8230	1.1605	5.0000	20.2996	761.1196	94.9074	12.5598	25.6000	0.9300	0.9370	0.6845	-0.0008	761.0000	762.3353	1.0272	-5.2483	100.0116	40.7341	0.8230	0.8242	5.0000	-9999.0000	-9999.0000	-9999.0000	-9999.0000	-9999.0000	-9999.0000	19.5290	7	0	27.1490	1.0000	99	9	-9999.0000	4128	32428	-9999	-9999	277	548	513.6855	5	0.6716	0.6845	-0.0008	42.2201	2.7916	732.0102	592.0287	46.2037	704.1610	100.3009	711.6684	95.3472	716.7330	94.3056	719.0033	94.6065	
13/08/2017	00:24:27	011995	H374050066HLR	L374	S		676.0878	1.0400	0.0000	99.9351	40.0416	0.8230	1.1606	5.0000	19.6385	761.0858	94.7917	17.3184	25.7000	0.9300	0.9370	0.6852	-0.0008	761.0000	761.7508	1.0272	-5.2308	99.9903	40.6989	0.8230	0.8247	5.0000	-9999.0000	-9999.0000	-9999.0000	-9999.0000	-9999.0000	-9999.0000	17.2111	8	0	28.9280	1.0000	99	9	-9999.0000	4128	32429	-9999	-9999	278	550	510.8889	5	0.6715	0.6852	-0.0008	43.3103	2.7067	713.5075	612.9643	46.8981	688.0774	100.1157	689.8563	94.9074	693.9583	94.6296	699.1199	94.6296	
13/08/2017	00:24:56	011995	H374050093HLR	L374	S		681.8487	1.0400	0.0000	99.8909	40.0401	0.8230	1.1605	5.0000	19.9489	761.0410	95.0463	14.7395	25.5000	0.9300	0.9368	0.6852	-0.0008	761.0000	761.2854	1.0272	-5.2169	100.0892	40.6874	0.8230	0.8237	5.0000	-9999.0000	-9999.0000	-9999.0000	-9999.0000	-9999.0000	-9999.0000	17.2118	1	0	28.8989	1.0000	99	9	-9999.0000	4129	32429	-9999	-9999	279	552	512.2702	5	0.6715	0.6852	-0.0008	43.3103	2.7067	722.7187	639.8998	46.8519	698.7193	100.1157	697.1392	94.9074	702.7313	94.5370	708.0899	94.5833	
13/08/2017	00:25:22	011995	H374050049HLR	L374	S		670.3849	1.0400	0.0000	99.9840	40.0368	0.8230	1.1605	5.0000	20.3574	761.0697	94.7917	17.2491	25.6000	0.9300	0.9370	0.6853	-0.0008	761.0000	760.5069	1.0272	-5.1937	99.8972	40.6886	0.8230	0.8232	5.0000	-9999.0000	-9999.0000	-9999.0000	-9999.0000	-9999.0000	-9999.0000	17.6190	2	0	25.5776	1.0000	99	9	-9999.0000	4130	32430	-9999	-9999	279	554	510.7354	5	0.6715	0.6853	-0.0008	43.8977	2.6693	707.8182	616.2699	46.5278	685.8802	100.1620	686.3555	94.7685	691.8965	94.7222	697.9648	94.5833	
13/08/2017	00:25:50	011995	H374050079HLR	L374	S		672.8369	1.0400	0.0000	99.9556	40.0323	0.8230	1.1606	5.0000	19.9600	761.0375	94.8380	16.2296	25.6000	0.9300	0.9370	0.6844	-0.0008	761.0000	761.3507	1.0272	-5.2189	99.8684	40.7078	0.8230	0.8235	5.0000	-9999.0000	-9999.0000	-9999.0000	-9999.0000	-9999.0000	-9999.0000	17.1554	3	0	27.9984	1.0000	99	9	-9999.0000	4130	32431	-9999	-9999	280	556	511.2823	5	0.6716	0.6844	-0.0008	42.3845	2.7462	713.8021	645.2622	45.2778	690.5717	100.2315	692.5089	95.0694	696.3120	94.5370	701.6666	94.7454	
13/08/2017	00:26:16	011995	H374050069HLR	L374	S		669.7991	1.0400	0.0000	99.9294	40.0384	0.8230	1.1606	5.0000	19.7187	761.0919	94.8843	17.8897	25.6000	0.9300	0.9370	0.6845	-0.0008	761.0000	761.9634	1.0272	-5.2372	99.6384	40.7389	0.8230	0.8242	5.0000	-9999.0000	-9999.0000	-9999.0000	-9999.0000	-9999.0000	-9999.0000	17.1885	4	0	26.3796	1.0000	99	9	-9999.0000	4131	32432	-9999	-9999	281	557	510.3326	5	0.6716	0.6845	-0.0008	40.7555	2.8331	711.4320	634.7505	46.7593	686.8577	99.9306	689.6961	94.9769	693.1783	94.5139	696.9381	94.5833	
13/08/2017	00:26:42	011995	H374050029HLR	L374	S		670.1244	1.0400	0.0000	99.9840	40.0279	0.8230	1.1606	5.0000	19.9472	761.1158	94.8611	17.9395	25.6000	0.9300	0.9369	0.6838	-0.0007	761.0000	761.7116	1.0272	-5.2296	100.0829	40.7569	0.8230	0.8246	5.0000	-9999.0000	-9999.0000	-9999.0000	-9999.0000	-9999.0000	-9999.0000	17.3579	5	0	26.0182	1.0000	99	9	-9999.0000	4132	32432	-9999	-9999	282	559	510.3627	5	0.6717	0.6838	-0.0007	40.7681	2.8322	710.5325	619.9763	44.0509	684.9806	100.2546	685.7154	95.1620	691.4817	94.3519	696.6783	94.5602	
13/08/2017	00:27:11	011995	H374050095HLR	L374	S		678.7419	1.0400	0.0000	99.9671	40.0231	0.8230	1.1605	5.0000	20.3891	761.0678	95.0000	14.6897	25.6000	0.9300	0.9370	0.6838	-0.0007	761.0000	760.5219	1.0272	-5.1941	99.8561	40.7601	0.8230	0.8254	5.0000	-9999.0000	-9999.0000	-9999.0000	-9999.0000	-9999.0000	-9999.0000	17.2081	6	0	28.7590	1.0000	99	9	-9999.0000	4132	32433	-9999	-9999	283	561	512.2163	5	0.6717	0.6838	-0.0007	40.7681	2.8322	722.3778	624.2157	46.8981	694.6971	100.1389	699.5781	95.2083	703.6458	94.3519	709.0006	94.5833	
13/08/2017	00:27:39	011995	H374051674HLR	L374	S		671.6871	1.0400	0.0000	99.9286	40.0237	0.8230	1.1605	5.0000	20.0357	761.0636	94.7222	16.9991	25.6000	0.9300	0.9369	0.6846	-0.0008	761.0000	760.9180	1.0272	-5.2059	99.9427	40.7187	0.8230	0.8251	5.0000	-9999.0000	-9999.0000	-9999.0000	-9999.0000	-9999.0000	-9999.0000	17.3189	7	0	27.7185	1.0000	99	9	-9999.0000	4133	32434	-9999	-9999	284	562	510.8816	5	0.6716	0.6846	-0.0008	41.1359	2.8099	713.8534	590.7654	44.6528	686.3418	101.9213	688.1363	95.2546	694.7181	94.3981	698.8317	94.6065	
13/08/2017	00:28:06	011995	H374051658HLR	L374	S		674.4211	1.0400	0.0000	99.9912	40.0179	0.8230	1.1605	5.0000	20.3884	761.1039	94.9306	15.4191	25.6000	0.9300	0.9370	0.6847	-0.0008	761.0000	759.9923	1.0272	-5.1783	99.9392	40.6984	0.8230	0.8245	5.0000	-9999.0000	-9999.0000	-9999.0000	-9999.0000	-9999.0000	-9999.0000	17.4853	8	0	27.6177	1.0000	99	9	-9999.0000	4134	32435	-9999	-9999	285	564	511.7665	5	0.6716	0.6847	-0.0008	41.1359	2.8099	719.8802	591.2627	43.6111	690.3306	102.0833	695.5257	95.3241	699.8303	94.3519	704.2977	94.5602	
13/08/2017	00:28:36	011995	H374051684HLR	L374	S		675.4156	1.0400	0.0000	99.9501	40.0237	0.8230	1.1606	5.0000	19.9386	761.1220	95.0000	15.0793	25.6000	0.9300	0.9369	0.6847	-0.0008	761.0000	759.4249	1.0272	-5.1613	100.0611	40.6788	0.8230	0.8237	5.0000	-9999.0000	-9999.0000	-9999.0000	-9999.0000	-9999.0000	-9999.0000	17.3157	1	0	29.3792	1.0000	99	9	-9999.0000	4135	32436	-9999	-9999	286	566	511.9702	5	0.6716	0.6847	-0.0008	41.4338	2.7880	718.2893	592.4926	44.0046	691.8377	101.9907	694.5200	95.3472	701.2538	94.3287	704.8121	94.5833	
13/08/2017	00:29:04	011995	H374050048HLR	L374	S		671.8254	1.0400	0.0000	99.9345	40.0170	0.8230	1.1605	5.0000	20.1700	761.0870	95.0231	17.7686	25.6000	0.9300	0.9370	0.6850	-0.0008	761.0000	761.4195	1.0272	-5.2209	100.0943	40.6920	0.8230	0.8235	5.0000	-9999.0000	-9999.0000	-9999.0000	-9999.0000	-9999.0000	-9999.0000	17.2353	2	0	28.6382	1.0000	99	9	-9999.0000	4136	32437	-9999	-9999	287	568	510.2827	5	0.6716	0.6850	-0.0008	41.1768	2.7903	713.4489	594.8704	44.5370	686.0198	101.5046	686.7630	95.2083	691.4790	94.3981	696.8923	94.6296	
13/08/2017	00:29:32	011995	H374051660HLR	L374	S		674.1047	1.0400	0.0000	99.9431	40.0163	0.8230	1.1606	5.0000	20.0691	761.0998	94.7685	16.7384	25.7000	0.9300	0.9369	0.6853	-0.0008	761.0000	760.9547	1.0272	-5.2070	99.9047	40.7034	0.8230	0.8235	5.0000	-9999.0000	-9999.0000	-9999.0000	-9999.0000	-9999.0000	-9999.0000	17.5030	3	0	27.1987	1.0000	99	9	-9999.0000	4137	32438	-9999	-9999	288	570	510.9979	5	0.6717	0.6853	-0.0008	41.3996	2.7815	714.4017	623.5536	47.3611	689.5192	99.7685	690.3697	94.7685	693.4496	94.6296	698.1302	94.5833	
13/08/2017	00:30:00	011995	H374051645HLR	L374	S		670.5243	1.0400	0.0000	99.9472	40.0148	0.8230	1.1605	5.0000	20.1844	761.1079	94.7917	16.6895	25.6000	0.9300	0.9370	0.6857	-0.0009	761.0000	760.0570	1.0272	-5.1802	99.6236	40.7237	0.8230	0.8237	5.0000	-9999.0000	-9999.0000	-9999.0000	-9999.0000	-9999.0000	-9999.0000	17.4558	4	0	28.2485	1.0000	99	9	-9999.0000	4138	32438	-9999	-9999	289	571	511.0301	5	0.6717	0.6857	-0.0009	41.6982	2.7644	712.4390	628.8864	45.5093	686.6227	100.2315	688.3037	94.9306	692.9252	94.5833	698.9680	94.5602	
13/08/2017	00:30:29	011995	H374051653HLR	L374	S		670.2162	1.0400	0.0000	99.9611	40.0126	0.8230	1.1606	5.0000	20.0692	761.0624	94.7685	18.3789	25.7000	0.9300	0.9369	0.6856	-0.0009	761.0000	761.7583	1.0272	-5.2310	100.0697	40.7434	0.8230	0.8244	5.0000	-9999.0000	-9999.0000	-9999.0000	-9999.0000	-9999.0000	-9999.0000	17.2981	5	0	28.8882	1.0000	99	9	-9999.0000	4139	32439	-9999	-9999	290	573	509.8759	5	0.6716	0.6856	-0.0009	41.7963	2.7490	708.4751	583.6449	45.2083	681.0185	101.1574	684.2840	95.1620	689.5707	94.3981	693.3915	94.6296	
13/08/2017	00:30:57	011995	H374051670HLR	L374	S		645.5303	1.0400	0.0000	99.9346	40.0102	0.8230	1.1606	5.0000	19.8850	761.0447	94.8611	17.7393	25.7000	0.9300	0.9369	0.6857	-0.0009	761.0000	761.4933	1.0272	-5.2231	99.8664	40.7301	0.8230	0.8231	5.0000	-9999.0000	-9999.0000	-9999.0000	-9999.0000	-9999.0000	-9999.0000	19.6280	6	0	28.6489	1.0000	99	9	-9999.0000	4140	32440	-9999	-9999	291	575	510.2382	5	0.6717	0.6857	-0.0009	40.9154	2.8034	710.8457	589.1828	44.6065	683.5384	101.5046	684.8598	95.3009	690.5917	94.3519	694.6457	94.5833	
13/08/2017	00:31:26	011995	H374051657HLR	L374	S		670.7869	1.0400	0.0000	99.9513	40.0040	0.8230	1.1604	5.0000	21.0632	761.0967	94.8148	16.2491	25.7000	0.9300	0.9370	0.6854	-0.0008	761.0000	759.0848	1.0272	-5.1512	99.8686	40.7571	0.8230	0.8250	5.0000	-9999.0000	-9999.0000	-9999.0000	-9999.0000	-9999.0000	-9999.0000	17.4882	7	0	28.9086	1.0000	99	9	-9999.0000	4141	32441	-9999	-9999	291	577	511.2958	5	0.6718	0.6854	-0.0008	40.3895	2.8414	713.5694	594.8073	44.8380	685.2849	101.4583	688.9907	95.3009	694.5146	94.3287	698.4559	94.5833	
13/08/2017	00:31:55	011995	H374051651HLR	L374	S		666.8873	1.0400	0.0000	99.9466	40.0110	0.8230	1.1606	5.0000	19.8987	761.0794	94.7917	17.2589	25.6000	0.9300	0.9369	0.6859	-0.0009	761.0000	760.6842	1.0272	-5.1990	99.7171	40.7546	0.8230	0.8255	5.0000	-9999.0000	-9999.0000	-9999.0000	-9999.0000	-9999.0000	-9999.0000	17.1690	8	0	28.5580	1.0000	99	9	-9999.0000	4142	32442	-9999	-9999	292	579	510.6285	5	0.6716	0.6859	-0.0009	39.5327	2.8864	710.4162	603.1977	44.2593	680.6516	101.5509	683.9733	95.3241	691.0968	94.3519	695.0320	94.6065	
13/08/2017	00:32:25	011995	H374050019HLR	L374	S		670.5905	1.0400	0.0000	99.9548	40.0129	0.8230	1.1607	5.0000	19.6687	761.0724	94.8611	17.8291	25.6000	0.9300	0.9369	0.6865	-0.0009	761.0000	761.9859	1.0272	-5.2378	99.7154	40.7415	0.8230	0.8253	5.0000	-9999.0000	-9999.0000	-9999.0000	-9999.0000	-9999.0000	-9999.0000	17.4282	1	0	29.7680	1.0000	99	9	-9999.0000	4143	32442	-9999	-9999	293	581	510.2238	5	0.6716	0.6865	-0.0009	39.3330	2.8974	707.9046	591.6639	45.9491	681.1235	101.0648	685.2722	95.0463	690.5987	94.4907	695.7088	94.6065	
13/08/2017	00:32:53	011995	H374051648HLR	L374	S		667.0440	1.0400	0.0000	99.9556	40.0112	0.8230	1.1605	5.0000	20.1895	761.0709	94.8611	17.7383	25.6000	0.9300	0.9370	0.6871	-0.0009	761.0000	760.5278	1.0272	-5.1943	99.9750	40.7101	0.8230	0.8250	5.0000	-9999.0000	-9999.0000	-9999.0000	-9999.0000	-9999.0000	-9999.0000	17.1684	2	0	27.9891	1.0000	99	9	-9999.0000	4144	32443	-9999	-9999	294	583	510.2696	5	0.6716	0.6871	-0.0009	39.4880	2.8924	706.7540	589.1016	44.4676	676.4483	101.5278	686.7284	95.0694	689.6792	94.5139	693.1777	94.5370	
13/08/2017	00:33:22	011995	H374050038HLR	L374	S		668.7385	1.0400	0.0000	99.9142	40.0114	0.8230	1.1606	5.0000	20.0967	761.0926	94.8380	17.9688	25.6000	0.9300	0.9368	0.6873	-0.0010	761.0000	761.0238	1.0272	-5.2091	99.8027	40.6964	0.8230	0.8245	5.0000	-9999.0000	-9999.0000	-9999.0000	-9999.0000	-9999.0000	-9999.0000	17.1881	3	0	29.4176	1.0000	99	9	-9999.0000	4144	32444	-9999	-9999	295	584	510.1588	5	0.6716	0.6873	-0.0010	37.9801	2.9865	705.7783	588.8711	44.1435	679.9845	101.5509	684.7737	95.2083	686.9138	94.4213	692.7903	94.5833	
13/08/2017	00:33:50	011995	H374050040HLR	L374	S		670.7960	1.0400	0.0000	99.9356	40.0129	0.8230	1.1606	5.0000	19.9183	761.0519	94.8611	17.6299	25.7000	0.9300	0.9370	0.6877	-0.0010	761.0000	760.4588	1.0272	-5.1922	100.0148	40.6841	0.8230	0.8237	5.0000	-9999.0000	-9999.0000	-9999.0000	-9999.0000	-9999.0000	-9999.0000	17.2089	4	0	28.2289	1.0000	99	9	-9999.0000	4145	32445	-9999	-9999	296	585	510.3488	5	0.6715	0.6877	-0.0010	37.9130	2.9910	708.3842	586.9952	43.1019	681.5790	99.7917	683.3465	95.3241	687.7379	94.3287	692.4388	94.5833	
13/08/2017	00:34:18	011995	H374050015HLR	L374	S		669.0840	1.0400	0.0000	99.9453	40.0136	0.8230	1.1606	5.0000	20.0485	761.1199	94.7685	18.8496	25.6000	0.9300	0.9370	0.6863	-0.0009	761.0000	760.8994	1.0272	-5.2054	99.6936	40.6857	0.8230	0.8232	5.0000	-9999.0000	-9999.0000	-9999.0000	-9999.0000	-9999.0000	-9999.0000	17.4381	5	0	27.8083	1.0000	99	9	-9999.0000	4146	32446	-9999	-9999	297	587	509.4861	5	0.6716	0.6863	-0.0009	35.7003	3.1363	704.9317	644.5923	46.4815	681.5072	100.2546	681.8204	94.9074	687.1394	94.5833	691.9478	94.5370	
13/08/2017	00:34:45	011995	H374050014HLR	L374	S		670.7201	1.0400	0.0000	99.9477	40.0089	0.8230	1.1606	5.0000	20.2294	761.0267	94.7685	17.0489	25.6000	0.9300	0.9369	0.6863	-0.0009	761.0000	761.3236	1.0272	-5.2181	99.9082	40.7136	0.8230	0.8236	5.0000	-9999.0000	-9999.0000	-9999.0000	-9999.0000	-9999.0000	-9999.0000	17.2087	6	0	27.3287	1.0000	99	9	-9999.0000	4147	32447	-9999	-9999	297	589	510.7519	5	0.6716	0.6863	-0.0009	35.6237	3.1418	710.3073	627.2828	45.1157	685.7947	100.5556	686.8313	95.0463	691.0721	94.5833	696.8255	94.5602	
13/08/2017	00:44:20	011995	H374050009HLR	L374	S		675.1781	1.0400	0.0000	99.9217	40.0109	0.8230	1.1605	5.0000	20.3130	761.1139	94.7685	18.4892	25.6000	0.9300	0.9369	0.6861	-0.0009	761.0000	761.4812	1.0272	-5.2228	99.6506	40.7268	0.8230	0.8235	5.0000	-9999.0000	-9999.0000	-9999.0000	-9999.0000	-9999.0000	-9999.0000	18.1382	7	0	574.8602	1.0000	99	9	-9999.0000	4148	32448	-9999	-9999	298	591	509.9030	5	0.6716	0.6861	-0.0009	36.0892	3.1159	707.2036	638.2147	45.3704	682.8381	100.4861	683.0651	95.1389	687.8479	94.4213	692.3658	94.5602	
13/08/2017	00:44:51	011995	H374050008HLR	L374	S		677.5002	1.0400	0.0000	99.9416	40.0000	0.8230	1.1603	5.0000	21.4285	761.0619	94.8380	17.3399	25.6000	0.9300	0.9369	0.6860	-0.0009	761.0000	762.2903	1.0272	-5.2469	99.7510	40.7450	0.8230	0.8248	5.0000	-9999.0000	-9999.0000	-9999.0000	-9999.0000	-9999.0000	-9999.0000	17.1786	8	0	28.2283	1.0000	99	9	-9999.0000	4149	32449	-9999	-9999	299	593	510.6221	5	0.6715	0.6860	-0.0009	37.6564	3.0138	713.8693	601.7547	44.9769	684.3890	100.7639	689.5891	95.3009	693.9749	94.3981	695.7688	94.5370	
13/08/2017	00:45:19	011995	H374049998HLR	L374	S		676.8522	1.0400	0.0000	99.9358	40.0048	0.8230	1.1605	5.0000	20.3582	761.1021	94.7454	16.8692	25.6000	0.9300	0.9370	0.6872	-0.0009	761.0000	762.6722	1.0272	-5.2583	99.7874	40.5839	0.8230	0.8237	5.0000	-9999.0000	-9999.0000	-9999.0000	-9999.0000	-9999.0000	-9999.0000	17.4488	1	0	28.5082	1.0000	99	9	-9999.0000	4150	32449	-9999	-9999	300	595	511.0245	5	0.6714	0.6872	-0.0009	36.9377	3.0594	715.1239	584.2183	43.6806	685.9635	102.1065	691.8752	95.1852	697.6168	94.4444	701.5680	94.4907	
13/08/2017	00:45:44	011995	H374049957HLR	L374	S		676.6095	1.0400	0.0000	99.9500	40.0085	0.8230	1.1606	5.0000	19.9297	761.0667	94.7917	16.3390	25.6000	0.9300	0.9370	0.6898	-0.0011	761.0000	761.7563	1.0272	-5.2310	99.6732	40.5989	0.8230	0.8238	5.0000	-9999.0000	-9999.0000	-9999.0000	-9999.0000	-9999.0000	-9999.0000	17.1077	2	0	25.1685	1.0000	99	9	-9999.0000	4151	32450	-9999	-9999	301	597	511.3297	5	0.6713	0.6898	-0.0011	39.5213	2.9039	714.7451	602.8298	45.3472	685.3677	101.3889	690.6344	95.1389	696.5458	94.4676	700.4129	94.4907	
13/08/2017	00:46:09	011995	H374049975HLR	L374	S		676.8379	1.0400	0.0000	99.9490	40.0055	0.8230	1.1606	5.0000	19.9783	761.0943	95.0000	15.4894	25.6000	0.9300	0.9370	0.6907	-0.0011	761.0000	759.6327	1.0272	-5.1675	99.7418	40.6175	0.8230	0.8239	5.0000	-9999.0000	-9999.0000	-9999.0000	-9999.0000	-9999.0000	-9999.0000	17.1381	3	0	25.2591	1.0000	99	9	-9999.0000	4152	32451	-9999	-9999	302	599	512.2023	5	0.6712	0.6907	-0.0011	39.6337	2.8867	715.4456	592.5147	45.1852	685.1848	101.6667	694.2103	95.2083	697.7406	94.4907	700.5640	94.4907	
13/08/2017	00:46:30	011995	H374050020HLR	L374	S		670.1841	1.0400	0.0000	99.9821	40.0008	0.8230	1.1605	5.0000	20.4399	761.0859	94.6991	17.2491	25.6000	0.9300	0.9371	0.6905	-0.0011	761.0000	760.8056	1.0272	-5.2026	99.7899	40.6511	0.8230	0.8245	5.0000	-9999.0000	-9999.0000	-9999.0000	-9999.0000	-9999.0000	-9999.0000	17.5083	4	0	20.9685	1.0000	99	9	-9999.0000	4153	32452	-9999	-9999	302	601	510.7301	5	0.6712	0.6905	-0.0011	39.8643	2.8627	707.5590	484.0695	43.4722	668.3914	104.4676	685.0545	95.6019	689.5455	94.4444	693.5225	94.6296	
13/08/2017	00:46:46	011995	H374050010HLR	L374	S		673.2352	1.0400	0.0000	99.8568	39.5826	0.8230	1.1610	5.0000	20.1990	761.0887	94.8148	17.4991	25.6000	0.9300	0.9368	0.6891	-0.0011	761.0000	761.6480	1.0272	-5.2277	100.0470	40.6596	0.8230	0.8257	5.0000	-9999.0000	-9999.0000	-9999.0000	-9999.0000	-9999.0000	-9999.0000	17.1379	5	0	15.6389	1.0000	99	9	-9999.0000	4154	32453	-9999	-9999	303	603	510.4828	5	0.6712	0.6891	-0.0011	39.4232	2.8887	710.4843	570.4710	43.4954	677.7401	102.5926	684.8269	94.9537	693.9461	94.4213	695.6602	94.7222	
13/08/2017	01:47:54	011995	G488038593HLR	L488	S		639.7058	1.0400	0.0000	99.9463	39.4482	0.8230	1.1618	5.0000	20.0388	713.1321	94.8843	12.8294	25.6000	0.9300	0.9375	0.6718	-0.0011	713.0000	714.6350	1.0272	-3.8234	99.8436	40.5944	0.8230	0.8260	5.0000	-9999.0000	-9999.0000	-9999.0000	-9999.0000	-9999.0000	-9999.0000	17.1779	7	0	25.1990	1.0000	99	9	-9999.0000	4155	32454	-9999	-9999	303	613	468.6769	5	0.6546	0.6718	-0.0011	59.7139	1.5418	688.3118	375.0764	40.6944	647.0824	107.0370	661.0124	95.5556	665.5875	94.5139	672.1397	94.8148	
13/08/2017	01:48:19	011995	G488038603HLR	L488	S		516.3025	1.0400	0.0000	99.9180	39.5333	0.8230	1.1624	5.0000	20.4188	0.0000	0.0000	0.0000	0.0000	0.9300	0.0000	0.0000	0.0000	0.0000	628.4075	1.0272	-0.5929	99.9214	40.5855	0.8230	0.8267	5.0000	-9999.0000	-9999.0000	-9999.0000	-9999.0000	-9999.0000	-9999.0000	17.2887	8	7	25.2786	1.0000	99	9	-9999.0000	4156	0	-9999	-9999	304	615	0.0000	0	0.0000	0.0000	0.0000	0.0000	0.0000	0.0000	0.0000	0.0000	0.0000	0.0000	0.0000	0.0000	0.0000	0.0000	0.0000	0.0000	
13/08/2017	01:48:45	011995	G488038595HLR	L488	S		639.5997	1.0400	0.0000	99.6939	39.7000	0.8230	1.1625	5.0000	20.0088	713.0952	94.8843	12.5794	25.5000	0.9300	0.9372	0.6718	-0.0011	713.0000	715.1086	1.0272	-3.8375	99.8971	40.5684	0.8230	0.8261	5.0000	-9999.0000	-9999.0000	-9999.0000	-9999.0000	-9999.0000	-9999.0000	17.1990	1	0	25.0988	1.0000	99	9	-9999.0000	4157	32455	-9999	-9999	305	617	468.8376	5	0.6546	0.6718	-0.0011	59.7139	1.5418	686.6738	561.1074	45.0926	657.4774	101.0648	659.8026	94.6991	667.6054	94.9306	672.0716	94.5370	
13/08/2017	01:49:11	011995	G488038605HLR	L488	S		643.5857	1.0400	0.0000	99.8660	39.7585	0.8230	1.1620	5.0000	19.6191	713.0972	94.8843	11.9691	25.4000	0.9300	0.9370	0.6718	-0.0011	713.0000	716.4514	1.0272	-3.8776	100.0157	40.5304	0.8230	0.8245	5.0000	-9999.0000	-9999.0000	-9999.0000	-9999.0000	-9999.0000	-9999.0000	18.2256	2	0	25.0780	1.0000	99	9	-9999.0000	4158	32456	-9999	-9999	306	619	469.3593	5	0.6546	0.6718	-0.0011	59.7139	1.5418	685.4386	612.1207	44.8380	661.5047	101.3194	662.0707	94.4676	668.8146	94.9306	673.9922	94.5139	
13/08/2017	01:49:36	011995	G488038604HLR	L488	S		644.2572	1.0400	0.0000	99.8982	39.7346	0.8230	1.1616	5.0000	19.8290	713.0844	94.8380	11.2093	25.4000	0.9300	0.9370	0.6706	-0.0011	713.0000	716.0561	1.0272	-3.8658	99.8889	40.5584	0.8230	0.8245	5.0000	-9999.0000	-9999.0000	-9999.0000	-9999.0000	-9999.0000	-9999.0000	17.2788	3	0	24.9491	1.0000	99	9	-9999.0000	4159	32457	-9999	-9999	307	621	469.0812	5	0.6558	0.6706	-0.0011	59.7824	1.5436	688.8638	590.9562	46.5046	665.0286	100.3241	666.4789	94.4907	673.3339	94.8843	680.7865	94.5833	
13/08/2017	01:49:58	011995	G488038602HLR	L488	S		633.6546	1.0400	0.0000	99.9383	39.7035	0.8230	1.1615	5.0000	19.9518	713.0556	94.9769	13.9397	25.4000	0.9300	0.9371	0.6706	-0.0011	713.0000	716.1935	1.0272	-3.8699	99.9411	40.6059	0.8230	0.8254	5.0000	-9999.0000	-9999.0000	-9999.0000	-9999.0000	-9999.0000	-9999.0000	17.2082	4	0	23.6285	1.0000	99	9	-9999.0000	4160	32458	-9999	-9999	308	623	466.7915	5	0.6558	0.6706	-0.0011	59.7824	1.5436	680.7234	599.0183	46.3426	655.5642	100.3241	656.6691	94.5602	662.5319	94.8380	667.9778	94.6065	
13/08/2017	01:50:25	011995	G488038573HLR	L488	S		640.3055	1.0400	0.0000	99.8951	39.7000	0.8230	1.1619	5.0000	20.1493	713.1148	94.8148	11.6888	25.3000	0.9300	0.9370	0.6703	-0.0011	713.0000	714.9835	1.0272	-3.8338	99.8826	40.6093	0.8230	0.8248	5.0000	-9999.0000	-9999.0000	-9999.0000	-9999.0000	-9999.0000	-9999.0000	19.2619	5	0	25.1784	1.0000	99	9	-9999.0000	4161	32459	-9999	-9999	309	625	468.5099	5	0.6557	0.6703	-0.0011	59.7922	1.5438	685.7161	574.7531	46.8287	658.9097	100.4167	661.9872	94.5833	669.6642	94.7454	676.3915	94.6528	
13/08/2017	01:51:08	011995	G488038601HLR	L488	S		634.1914	1.0400	0.0000	99.9199	39.6855	0.8230	1.1613	5.0000	19.9891	713.0645	94.9306	13.3889	25.5000	0.9300	0.9374	0.6694	-0.0011	713.0000	715.6173	1.0272	-3.8527	99.9520	40.5548	0.8230	0.8251	5.0000	-9999.0000	-9999.0000	-9999.0000	-9999.0000	-9999.0000	-9999.0000	17.1984	7	0	22.1495	1.0000	99	9	-9999.0000	4162	32460	-9999	-9999	310	628	466.4036	5	0.6554	0.6694	-0.0011	59.8375	1.5450	680.3691	546.4004	45.5556	649.7122	101.7593	655.2287	94.9306	663.7106	94.6991	669.5088	94.6991	
13/08/2017	02:16:58	011995	G488038571HLR	L488	S		639.2112	1.0400	0.0000	99.9567	39.6038	0.8230	1.1614	5.0000	19.9794	713.1259	94.7917	11.1996	25.5000	0.9300	0.9377	0.6713	-0.0014	713.0000	712.7126	1.0272	-3.7659	100.0426	40.5663	0.8230	0.8250	5.0000	-9999.0000	-9999.0000	-9999.0000	-9999.0000	-9999.0000	-9999.0000	17.3739	3	0	25.3082	1.0000	99	9	-9999.0000	4163	32460	-9999	-9999	311	633	467.9812	5	0.6544	0.6713	-0.0014	26.8069	3.9544	686.3305	528.6200	43.8889	656.7469	102.0602	662.7709	95.0231	670.1348	94.6759	676.1596	94.5833	
13/08/2017	02:17:48	011995	G488038581HLR	L488	S		634.9562	1.0400	0.0000	99.8369	39.6619	0.8230	1.1615	5.0000	20.0087	713.1047	94.9074	12.5989	25.4000	0.9300	0.9374	0.6713	-0.0014	713.0000	713.6812	1.0272	-3.7949	99.8484	40.5910	0.8230	0.8258	5.0000	-9999.0000	-9999.0000	-9999.0000	-9999.0000	-9999.0000	-9999.0000	17.0911	5	0	25.1794	1.0000	99	9	-9999.0000	4164	32461	-9999	-9999	312	636	466.6403	5	0.6544	0.6713	-0.0014	26.8069	3.9544	682.4151	555.7160	43.5417	653.4313	102.0602	658.2347	94.9074	664.6480	94.7222	670.7298	94.6296	
13/08/2017	02:18:14	011995	G488038477HLR	L488	S		618.4059	1.0400	0.0000	99.8300	39.6667	0.8230	1.1618	5.0000	19.9974	713.0586	94.8380	12.9895	25.3000	0.9300	0.9372	0.6713	-0.0014	713.0000	718.8667	1.0272	-3.9498	99.9470	40.5967	0.8230	0.8266	5.0000	-9999.0000	-9999.0000	-9999.0000	-9999.0000	-9999.0000	-9999.0000	17.2383	6	0	25.2388	1.0000	99	9	-9999.0000	4165	32462	-9999	-9999	313	638	466.1872	5	0.6544	0.6713	-0.0014	26.8069	3.9544	680.7226	588.6197	42.8935	647.9890	102.8472	660.8122	94.8843	664.9255	94.7454	671.0026	94.7222	
13/08/2017	02:18:39	011995	G488038570HLR	L488	S		639.4383	1.0400	0.0000	99.8779	39.7330	0.8230	1.1618	5.0000	20.2782	713.0632	94.8843	11.6595	25.6000	0.9300	0.9375	0.6726	-0.0015	713.0000	714.7385	1.0272	-3.8265	100.0468	40.5711	0.8230	0.8264	5.0000	-9999.0000	-9999.0000	-9999.0000	-9999.0000	-9999.0000	-9999.0000	17.3192	7	0	25.0182	1.0000	99	9	-9999.0000	4166	32463	-9999	-9999	314	640	467.5571	5	0.6547	0.6726	-0.0015	32.3584	3.5289	685.7693	442.7182	42.8935	646.6452	104.2130	661.7166	95.3935	667.2430	94.7685	675.4244	94.7685	
13/08/2017	02:19:04	011995	G488038561HLR	L488	S		632.2204	1.0400	0.0000	99.9172	39.4555	0.8230	1.1619	5.0000	20.0388	713.0791	94.9769	14.1096	25.3000	0.9300	0.9371	0.6726	-0.0015	713.0000	715.3135	1.0272	-3.8436	99.7934	40.5305	0.8230	0.8251	5.0000	-9999.0000	-9999.0000	-9999.0000	-9999.0000	-9999.0000	-9999.0000	17.0955	8	0	25.1587	1.0000	99	9	-9999.0000	4167	32464	-9999	-9999	315	642	465.0209	5	0.6547	0.6726	-0.0015	32.3584	3.5289	676.4379	582.7330	43.4722	647.4372	102.3843	651.3139	94.8380	658.3683	94.9769	664.6177	94.5370	
13/08/2017	02:19:29	011995	G488038562HLR	L488	S		633.6042	1.0400	0.0000	99.9138	39.5867	0.8230	1.1626	5.0000	19.9210	713.0870	94.9074	13.0296	25.2000	0.9300	0.9370	0.6730	-0.0015	713.0000	715.2738	1.0272	-3.8424	99.6471	40.5530	0.8230	0.8244	5.0000	-9999.0000	-9999.0000	-9999.0000	-9999.0000	-9999.0000	-9999.0000	17.3438	1	0	24.9989	1.0000	99	9	-9999.0000	4168	32465	-9999	-9999	316	644	466.0945	5	0.6546	0.6730	-0.0015	31.2580	3.6438	677.4293	566.7223	43.3333	647.5618	102.3148	653.9235	94.9074	660.9875	94.8148	667.4452	94.5833	
13/08/2017	02:19:54	011995	G488038564HLR	L488	S		638.5965	1.0400	0.0000	99.8692	39.7000	0.8230	1.1624	5.0000	20.0707	713.1236	94.8611	11.3597	25.2000	0.9300	0.9369	0.6734	-0.0015	713.0000	713.5581	1.0272	-3.7912	99.9328	40.6016	0.8230	0.8254	5.0000	-9999.0000	-9999.0000	-9999.0000	-9999.0000	-9999.0000	-9999.0000	17.1283	2	0	24.9208	1.0000	99	9	-9999.0000	4169	32466	-9999	-9999	317	646	467.8933	5	0.6540	0.6734	-0.0015	31.2853	3.6411	687.6122	586.6540	43.1481	655.0362	102.5694	661.7623	94.7222	668.4599	94.9074	675.2432	94.5833	
13/08/2017	02:20:19	011995	G488038519HLR	L488	Q		635.1044	1.0400	0.0000	99.9276	39.7225	0.8230	1.1619	5.0000	19.8349	713.0879	94.9074	13.2298	25.3000	0.9300	0.9371	0.6720	-0.0014	713.0000	715.8852	1.0272	-3.8607	99.8441	40.6175	0.8230	0.8263	5.0000	-9999.0000	-9999.0000	-9999.0000	-9999.0000	-9999.0000	-9999.0000	17.0785	3	0	25.6964	1.0000	99	9	-9999.0000	4170	32467	-9999	-9999	318	648	465.7466	5	0.6540	0.6720	-0.0014	32.6536	3.5544	683.6867	571.6168	45.6944	653.0242	101.6667	654.8266	94.8148	661.2382	94.8380	667.3240	94.5833	
13/08/2017	02:20:44	011995	G488038599HLR	L488	S		638.2419	1.0400	0.0000	99.8969	39.7018	0.8230	1.1617	5.0000	20.0057	713.1433	94.8843	12.1195	25.3000	0.9300	0.9371	0.6756	-0.0017	713.0000	713.5564	1.0272	-3.7911	99.7271	40.5915	0.8230	0.8264	5.0000	-9999.0000	-9999.0000	-9999.0000	-9999.0000	-9999.0000	-9999.0000	17.1211	4	0	25.0086	1.0000	99	9	-9999.0000	4171	32468	-9999	-9999	319	650	466.8240	5	0.6537	0.6756	-0.0017	32.0908	3.5995	678.9680	581.3786	45.5556	649.4156	101.2269	656.1652	94.7222	662.9115	94.8380	670.3341	94.5833	
13/08/2017	02:21:09	011995	G488038577HLR	L488	Q		629.6424	1.0400	0.0000	99.8699	39.6981	0.8230	1.1617	5.0000	20.0042	713.1798	94.9537	13.8791	25.3000	0.9300	0.9371	0.6763	-0.0018	713.0000	713.5853	1.0272	-3.7920	99.9844	40.5622	0.8230	0.8254	5.0000	-9999.0000	-9999.0000	-9999.0000	-9999.0000	-9999.0000	-9999.0000	17.2177	5	0	24.9888	1.0000	99	9	-9999.0000	4172	32469	-9999	-9999	320	652	464.5681	5	0.6535	0.6763	-0.0018	31.2056	3.6966	672.3161	572.6071	45.3472	642.8774	101.4583	646.2017	94.7685	654.4436	94.8380	661.4814	94.5602	
13/08/2017	02:21:34	011995	G488038559HLR	L488	S		639.3450	1.0400	0.0000	99.8374	39.7000	0.8230	1.1617	5.0000	20.0477	713.0430	94.7685	11.2299	25.3000	0.9300	0.9373	0.6760	-0.0018	713.0000	713.9765	1.0272	-3.8037	99.9082	40.5657	0.8230	0.8243	5.0000	-9999.0000	-9999.0000	-9999.0000	-9999.0000	-9999.0000	-9999.0000	17.5229	6	0	24.9382	1.0000	99	9	-9999.0000	4173	32470	-9999	-9999	321	654	467.8122	5	0.6537	0.6760	-0.0018	33.2958	3.5358	683.0514	572.4369	43.3102	652.2581	101.9907	660.1979	94.8611	667.8343	94.7454	674.4812	94.5833	
13/08/2017	02:21:59	011995	G488038569HLR	L488	S		630.8333	1.0400	0.0000	99.9379	39.7119	0.8230	1.1616	5.0000	20.1590	713.0964	95.0231	14.7092	25.3000	0.9300	0.9373	0.6775	-0.0019	713.0000	713.9173	1.0272	-3.8019	99.8472	40.6177	0.8230	0.8252	5.0000	-9999.0000	-9999.0000	-9999.0000	-9999.0000	-9999.0000	-9999.0000	17.1093	7	0	24.9790	1.0000	99	9	-9999.0000	4174	32471	-9999	-9999	322	656	463.1155	5	0.6535	0.6775	-0.0019	32.8123	3.5817	671.4244	574.1804	45.6019	640.9556	101.2963	646.4226	94.8611	652.1741	94.8843	660.9375	94.6759	
13/08/2017	02:22:24	011995	G488038528HLR	L488	S		634.8079	1.0400	0.0000	99.9123	39.7277	0.8230	1.1617	5.0000	19.9028	713.0584	94.8148	11.6292	25.3000	0.9300	0.9371	0.6773	-0.0019	713.0000	716.1933	1.0272	-3.8699	99.8788	40.6437	0.8230	0.8259	5.0000	-9999.0000	-9999.0000	-9999.0000	-9999.0000	-9999.0000	-9999.0000	17.5679	8	0	24.9685	1.0000	99	9	-9999.0000	4175	32472	-9999	-9999	323	658	467.2709	5	0.6536	0.6773	-0.0019	32.3697	3.6081	680.7889	574.0131	45.1389	650.8192	101.3889	657.5306	94.8380	666.1141	94.6991	672.5123	94.6991	
13/08/2017	02:22:49	011995	G488038538HLR	L488	S		639.3904	1.0400	0.0000	99.8938	39.7404	0.8230	1.1616	5.0000	19.9685	713.0819	94.7685	11.4594	25.3000	0.9300	0.9372	0.6771	-0.0019	713.0000	713.4209	1.0272	-3.7871	99.8584	40.6268	0.8230	0.8265	5.0000	-9999.0000	-9999.0000	-9999.0000	-9999.0000	-9999.0000	-9999.0000	17.1493	1	0	25.0646	1.0000	99	9	-9999.0000	4176	32473	-9999	-9999	324	660	467.5285	5	0.6534	0.6771	-0.0019	30.6298	3.7530	683.4118	556.1751	43.2176	651.5797	102.7083	659.5605	94.9537	665.5514	94.7222	671.9294	94.6296	
13/08/2017	02:23:14	011995	G488038518HLR	L488	S		639.2235	1.0400	0.0000	99.8925	39.7431	0.8230	1.1616	5.0000	20.0189	713.1293	94.7222	11.4994	25.3000	0.9300	0.9373	0.6763	-0.0018	713.0000	715.2343	1.0272	-3.8413	99.8126	40.5805	0.8230	0.8254	5.0000	-9999.0000	-9999.0000	-9999.0000	-9999.0000	-9999.0000	-9999.0000	17.1588	2	0	25.0335	1.0000	99	9	-9999.0000	4177	32474	-9999	-9999	325	662	467.4379	5	0.6535	0.6763	-0.0018	32.5940	3.6085	683.3026	559.1622	45.0231	650.8929	101.6435	659.9478	94.8843	667.5667	94.7917	674.1521	94.6065	
13/08/2017	02:23:39	011995	G488038587HLR	L488	S		636.1739	1.0400	0.0000	99.9271	39.7541	0.8230	1.1616	5.0000	20.0653	713.1101	94.8380	12.1293	25.3000	0.9300	0.9373	0.6774	-0.0019	713.0000	713.3067	1.0272	-3.7837	100.0793	40.5894	0.8230	0.8244	5.0000	-9999.0000	-9999.0000	-9999.0000	-9999.0000	-9999.0000	-9999.0000	17.3485	3	0	25.0776	1.0000	99	9	-9999.0000	4178	32475	-9999	-9999	326	664	466.6342	5	0.6532	0.6774	-0.0019	35.6368	3.3503	682.2539	580.6496	44.2593	648.9944	102.1528	655.3657	94.9306	662.1271	94.6991	669.0885	94.6296	
13/08/2017	02:24:04	011995	G488038508HLR	L488	S		632.8135	1.0400	0.0000	99.9047	39.7674	0.8230	1.1617	5.0000	19.6179	713.0394	94.9306	13.3401	25.3000	0.9300	0.9372	0.6765	-0.0018	713.0000	713.4843	1.0272	-3.7890	99.8375	40.6355	0.8230	0.8248	5.0000	-9999.0000	-9999.0000	-9999.0000	-9999.0000	-9999.0000	-9999.0000	17.5388	4	0	24.7193	1.0000	99	9	-9999.0000	4179	32476	-9999	-9999	327	666	464.7798	5	0.6532	0.6765	-0.0018	36.1538	3.3116	676.0653	571.9169	45.9028	644.1449	101.2269	651.2888	94.7917	656.5081	94.7454	664.3422	94.6296	
13/08/2017	02:24:29	011995	G488038526HLR	L488	S		641.0945	1.0400	0.0000	99.8917	39.7755	0.8230	1.1616	5.0000	19.8486	713.0971	94.7685	11.0697	25.3000	0.9300	0.9371	0.6765	-0.0019	713.0000	713.8616	1.0272	-3.8003	99.9621	40.6644	0.8230	0.8258	5.0000	-9999.0000	-9999.0000	-9999.0000	-9999.0000	-9999.0000	-9999.0000	17.4987	5	0	25.1588	1.0000	99	9	-9999.0000	4180	32477	-9999	-9999	328	668	467.9102	5	0.6533	0.6765	-0.0019	35.7972	3.3391	685.7412	583.9073	44.8148	658.6628	101.4352	660.6229	94.7454	668.9127	94.8611	674.4884	94.6759	
13/08/2017	02:24:54	011995	G488038532HLR	L488	S		643.8660	1.0400	0.0000	99.8680	39.7766	0.8230	1.1615	5.0000	20.0387	713.0988	94.7685	10.2192	25.3000	0.9300	0.9371	0.6757	-0.0018	713.0000	714.6660	1.0272	-3.8243	99.9661	40.6561	0.8230	0.8265	5.0000	-9999.0000	-9999.0000	-9999.0000	-9999.0000	-9999.0000	-9999.0000	17.1599	6	0	24.9287	1.0000	99	9	-9999.0000	4181	32478	-9999	-9999	329	670	468.8257	5	0.6533	0.6757	-0.0018	36.9875	3.2525	687.5113	596.0254	44.4676	662.4895	100.0000	665.9210	94.6296	673.2494	94.7222	679.4027	94.6065	
13/08/2017	02:25:19	011995	G488038531HLR	L488	S		637.7548	1.0400	0.0000	99.8856	39.7845	0.8230	1.1620	5.0000	19.9021	713.1144	94.8380	11.9300	25.3000	0.9300	0.9372	0.6757	-0.0018	713.0000	712.0186	1.0272	-3.7452	99.7880	40.6119	0.8230	0.8255	5.0000	-9999.0000	-9999.0000	-9999.0000	-9999.0000	-9999.0000	-9999.0000	17.1186	7	0	24.9281	1.0000	99	9	-9999.0000	4182	32479	-9999	-9999	330	672	466.6698	5	0.6534	0.6757	-0.0018	36.6876	3.2895	678.9063	599.8167	46.1574	652.3750	100.3935	657.7515	94.6296	664.4934	94.7685	671.0499	94.6296	
13/08/2017	02:25:44	011995	G488038520HLR	L488	S		624.7272	1.0400	0.0000	99.8616	39.7926	0.8230	1.1615	5.0000	19.9478	713.0511	94.7917	11.6996	25.3000	0.9300	0.9373	0.6759	-0.0018	713.0000	713.9993	1.0272	-3.8044	99.9345	40.6086	0.8230	0.8244	5.0000	-9999.0000	-9999.0000	-9999.0000	-9999.0000	-9999.0000	-9999.0000	17.1686	8	0	24.9975	1.0000	99	9	-9999.0000	4183	32480	-9999	-9999	331	674	466.8954	5	0.6533	0.6759	-0.0018	36.6652	3.2901	677.4778	555.6268	45.9491	640.2588	101.3194	656.6265	94.8611	664.2868	94.7222	671.5715	94.6065	
13/08/2017	02:26:09	011995	G488038522HLR	L488	S		632.4385	1.0400	0.0000	99.9057	39.7993	0.8230	1.1616	5.0000	19.6385	713.1220	94.7222	11.6088	25.3000	0.9300	0.9373	0.6756	-0.0018	713.0000	716.1881	1.0272	-3.8698	99.8022	40.6499	0.8230	0.8246	5.0000	-9999.0000	-9999.0000	-9999.0000	-9999.0000	-9999.0000	-9999.0000	17.3813	1	0	24.9402	1.0000	99	9	-9999.0000	4184	32481	-9999	-9999	332	676	467.0788	5	0.6534	0.6756	-0.0018	36.4392	3.3044	682.4032	575.6802	45.0694	651.0313	101.5278	658.3792	94.7917	665.9917	94.7222	673.7534	94.6296	
13/08/2017	02:26:34	011995	G488038515HLR	L488	S		636.2279	1.0400	0.0000	99.8787	39.7995	0.8230	1.1614	5.0000	20.2586	713.0964	94.6528	11.8099	25.2000	0.9300	0.9373	0.6744	-0.0017	713.0000	714.4851	1.0272	-3.8189	99.7895	40.6789	0.8230	0.8257	5.0000	-9999.0000	-9999.0000	-9999.0000	-9999.0000	-9999.0000	-9999.0000	17.2483	2	0	25.0394	1.0000	99	9	-9999.0000	4185	32482	-9999	-9999	333	678	466.6996	5	0.6535	0.6744	-0.0017	36.8004	3.2872	681.6089	570.9127	44.2361	651.8715	101.8056	657.5347	94.9306	665.9361	94.7222	672.7781	94.6065	
13/08/2017	02:26:59	011995	G488038543HLR	L488	S		609.6917	1.0400	0.0000	99.8934	39.8037	0.8230	1.1615	5.0000	20.0375	713.0556	94.5833	11.7191	25.2000	0.9300	0.9373	0.6746	-0.0017	713.0000	714.9151	1.0272	-3.8317	99.7191	40.6753	0.8230	0.8263	5.0000	-9999.0000	-9999.0000	-9999.0000	-9999.0000	-9999.0000	-9999.0000	17.3034	3	0	24.9584	1.0000	99	9	-9999.0000	4186	32483	-9999	-9999	334	680	466.7996	5	0.6535	0.6746	-0.0017	36.7438	3.2778	684.6028	563.6589	45.7870	646.1814	101.5046	659.2939	94.8380	666.5610	94.7454	673.2345	94.6065	
13/08/2017	02:29:10	011995	G488038514HLR	L488	S		635.8435	1.0400	0.0000	99.8595	39.8091	0.8230	1.1615	5.0000	19.9587	713.0781	94.8380	12.3187	25.2000	0.9300	0.9372	0.6744	-0.0017	713.0000	715.3128	1.0272	-3.8436	99.9563	40.6392	0.8230	0.8257	5.0000	-9999.0000	-9999.0000	-9999.0000	-9999.0000	-9999.0000	-9999.0000	17.2986	4	0	131.3324	1.0000	99	9	-9999.0000	4187	32484	-9999	-9999	335	682	466.1359	5	0.6536	0.6744	-0.0017	36.7173	3.2808	683.4882	551.1512	44.3981	654.1122	102.2685	657.0061	94.9769	664.0299	94.6759	670.7925	94.6296	
13/08/2017	02:29:36	011995	G488038534HLR	L488	S		639.2794	1.0400	0.0000	99.8548	39.8164	0.8230	1.1614	5.0000	20.2211	713.0825	94.7222	11.6185	25.2000	0.9300	0.9373	0.6739	-0.0017	713.0000	713.3075	1.0272	-3.7837	99.9857	40.6145	0.8230	0.8245	5.0000	-9999.0000	-9999.0000	-9999.0000	-9999.0000	-9999.0000	-9999.0000	17.3387	5	0	25.2280	1.0000	99	9	-9999.0000	4188	32485	-9999	-9999	336	684	466.8669	5	0.6535	0.6739	-0.0017	36.6848	3.2845	685.4294	559.0571	45.1157	653.4887	101.4120	660.2309	94.7917	667.0560	94.7454	673.2118	94.6296	
13/08/2017	02:30:01	011995	G488038524HLR	L488	S		636.4199	1.0400	0.0000	99.8636	39.8219	0.8230	1.1614	5.0000	20.2152	713.1101	94.6991	11.6693	25.2000	0.9300	0.9374	0.6736	-0.0016	713.0000	714.3082	1.0272	-3.8136	99.7818	40.6314	0.8230	0.8257	5.0000	-9999.0000	-9999.0000	-9999.0000	-9999.0000	-9999.0000	-9999.0000	17.4060	6	0	24.8995	1.0000	99	9	-9999.0000	4189	32486	-9999	-9999	337	686	466.8013	5	0.6535	0.6736	-0.0016	37.4057	3.2272	686.3437	545.5152	43.4954	652.9176	102.5000	660.1720	94.9306	666.5356	94.7454	673.6526	94.6296	
13/08/2017	02:30:26	011995	G488038449HLR	L488	S		643.1513	1.0400	0.0000	99.8948	39.8299	0.8230	1.1615	5.0000	20.0088	713.0941	94.6991	10.5893	25.3000	0.9300	0.9374	0.6736	-0.0016	713.0000	713.9291	1.0272	-3.8023	99.7806	40.6119	0.8230	0.8245	5.0000	-9999.0000	-9999.0000	-9999.0000	-9999.0000	-9999.0000	-9999.0000	17.1774	7	0	25.0977	1.0000	99	9	-9999.0000	4190	32487	-9999	-9999	338	688	467.9991	5	0.6534	0.6736	-0.0016	37.0120	3.2668	687.9754	574.6013	45.0694	659.3180	100.9954	664.0181	94.8380	670.4936	94.6759	677.6931	94.6296	
13/08/2017	02:30:51	011995	G488038459HLR	L488	S		642.7674	1.0400	0.0000	99.8842	39.8333	0.8230	1.1614	5.0000	19.9790	713.0807	94.8843	12.1585	25.3000	0.9300	0.9373	0.6738	-0.0017	713.0000	716.6825	1.0272	-3.8845	99.8244	40.6496	0.8230	0.8242	5.0000	-9999.0000	-9999.0000	-9999.0000	-9999.0000	-9999.0000	-9999.0000	17.9380	8	0	25.0094	1.0000	99	9	-9999.0000	4191	32488	-9999	-9999	339	690	466.0178	5	0.6533	0.6738	-0.0017	36.8419	3.2963	687.1257	588.4107	44.0046	655.9111	102.1065	661.9747	94.9074	667.9909	94.7222	676.0738	94.6296	
13/08/2017	02:31:16	011995	G488038551HLR	L488	S		644.3108	1.0400	0.0000	99.9247	39.8346	0.8230	1.1614	5.0000	20.0570	713.1193	94.7917	9.7993	25.6000	0.9300	0.9375	0.6736	-0.0017	713.0000	713.0636	1.0272	-3.7764	99.7936	40.6900	0.8230	0.8257	5.0000	-9999.0000	-9999.0000	-9999.0000	-9999.0000	-9999.0000	-9999.0000	17.1587	1	0	25.0787	1.0000	99	9	-9999.0000	4192	32489	-9999	-9999	340	692	468.8353	5	0.6533	0.6736	-0.0017	36.7887	3.3038	691.7468	502.2137	44.9769	656.8454	102.0602	666.2897	95.0000	675.5234	94.6759	681.8340	94.6065	
13/08/2017	02:31:41	011995	G488038547HLR	L488	S		636.0387	1.0400	0.0000	99.9124	39.7741	0.8230	1.1614	5.0000	19.6060	713.1089	94.6991	11.9193	25.2000	0.9300	0.9373	0.6734	-0.0016	713.0000	713.2877	1.0272	-3.7831	99.7419	40.6782	0.8230	0.8263	5.0000	-9999.0000	-9999.0000	-9999.0000	-9999.0000	-9999.0000	-9999.0000	17.3275	2	0	25.0084	1.0000	99	9	-9999.0000	4193	32490	-9999	-9999	341	694	466.3836	5	0.6532	0.6734	-0.0016	39.0174	3.1415	682.6742	567.5570	46.0417	653.0969	101.2731	657.8371	94.7685	665.3039	94.7454	671.2798	94.6296	
13/08/2017	02:32:06	011995	G488038546HLR	L488	S		637.5056	1.0400	0.0000	99.9265	39.7639	0.8230	1.1614	5.0000	20.6724	713.1200	94.7454	10.9291	25.2000	0.9300	0.9372	0.6739	-0.0017	713.0000	710.6201	1.0272	-5.0975	99.6983	40.6286	0.8230	0.8255	5.0000	-9999.0000	-9999.0000	-9999.0000	-9999.0000	-9999.0000	-9999.0000	17.3581	3	0	25.0085	1.0000	99	9	-9999.0000	4194	32491	-9999	-9999	342	696	467.4210	5	0.6533	0.6739	-0.0017	37.3475	3.2719	686.1694	574.4611	44.0046	656.1698	102.0833	661.0446	94.8843	668.5476	94.7222	676.1044	94.6065	
13/08/2017	02:32:31	011995	G488038555HLR	L488	S		642.1889	1.0400	0.0000	99.8595	39.7990	0.8230	1.1620	5.0000	20.0177	713.1331	94.7917	10.0395	25.3000	0.9300	0.9372	0.6736	-0.0017	713.0000	711.9878	1.0272	-5.1136	99.7326	40.6136	0.8230	0.8243	5.0000	-9999.0000	-9999.0000	-9999.0000	-9999.0000	-9999.0000	-9999.0000	17.2621	4	0	25.0288	1.0000	99	9	-9999.0000	4195	32492	-9999	-9999	343	698	468.5112	5	0.6532	0.6736	-0.0017	38.2276	3.2006	689.9559	577.3819	44.7222	660.1206	101.8056	665.6632	94.8843	672.9811	94.6991	680.8126	94.6065	
13/08/2017	02:32:56	011995	G488038455HLR	L488	S		633.3209	1.0400	0.0000	99.9227	39.8013	0.8230	1.1615	5.0000	20.1385	713.0962	95.0000	13.2288	25.3000	0.9300	0.9372	0.6742	-0.0017	713.0000	711.0524	1.0272	-5.1026	99.9077	40.6569	0.8230	0.8247	5.0000	-9999.0000	-9999.0000	-9999.0000	-9999.0000	-9999.0000	-9999.0000	17.2376	5	0	24.8785	1.0000	99	9	-9999.0000	4196	32493	-9999	-9999	344	700	464.5337	5	0.6534	0.6742	-0.0017	37.4284	3.2601	677.5487	553.3376	42.7778	644.5359	101.5509	651.2999	94.9074	658.8704	94.7454	664.0869	94.6296	
13/08/2017	02:33:21	011995	G488038447HLR	L488	S		637.9601	1.0400	0.0000	99.8818	39.8062	0.8230	1.1616	5.0000	19.5788	713.1280	94.8843	13.1692	25.2000	0.9300	0.9371	0.6736	-0.0017	713.0000	712.9634	1.0272	-5.1251	99.8659	40.6764	0.8230	0.8244	5.0000	-9999.0000	-9999.0000	-9999.0000	-9999.0000	-9999.0000	-9999.0000	19.1298	6	0	25.0788	1.0000	99	9	-9999.0000	4197	32494	-9999	-9999	345	702	464.6500	5	0.6533	0.6736	-0.0017	37.7861	3.2373	680.3129	576.0826	46.2963	651.6141	100.6944	656.1582	94.8843	662.2633	94.6759	667.6210	94.6296	
13/08/2017	02:33:46	011995	G488038456HLR	L488	S		641.2821	1.0400	0.0000	99.9268	39.8057	0.8230	1.1614	5.0000	20.0653	713.0341	94.7454	10.8403	25.2000	0.9300	0.9371	0.6745	-0.0018	713.0000	713.0652	1.0272	-5.1262	99.7222	40.6827	0.8230	0.8262	5.0000	-9999.0000	-9999.0000	-9999.0000	-9999.0000	-9999.0000	-9999.0000	17.2513	7	0	25.1187	1.0000	99	9	-9999.0000	4198	32495	-9999	-9999	346	704	467.3981	5	0.6534	0.6745	-0.0018	37.7999	3.2353	689.5840	571.6151	44.8380	657.2018	101.9444	663.1530	94.9074	669.7444	94.6991	676.3878	94.6065	
13/08/2017	02:34:11	011995	G488038427HLR	L488	S		637.3907	1.0400	0.0000	99.8963	39.8077	0.8230	1.1615	5.0000	19.8828	713.0788	94.8380	12.7396	25.2000	0.9300	0.9373	0.6749	-0.0018	713.0000	711.7371	1.0272	-5.1107	99.9374	40.6414	0.8230	0.8256	5.0000	-9999.0000	-9999.0000	-9999.0000	-9999.0000	-9999.0000	-9999.0000	17.2888	8	0	25.0629	1.0000	99	9	-9999.0000	4199	32496	-9999	-9999	347	706	465.1247	5	0.6537	0.6749	-0.0018	37.0515	3.2915	680.4506	581.8349	45.7639	650.8963	101.2037	654.1641	94.8148	661.2587	94.6759	667.5078	94.6065	
13/08/2017	02:34:36	011995	G488038414HLR	L488	S		632.1669	1.0400	0.0000	99.9427	39.8154	0.8230	1.1618	5.0000	20.1982	713.0897	94.8611	13.0901	25.2000	0.9300	0.9373	0.6743	-0.0017	713.0000	712.1229	1.0272	-5.1152	99.9291	40.6268	0.8230	0.8243	5.0000	-9999.0000	-9999.0000	-9999.0000	-9999.0000	-9999.0000	-9999.0000	17.2198	1	0	24.9540	1.0000	99	9	-9999.0000	4200	32497	-9999	-9999	347	708	464.7637	5	0.6537	0.6743	-0.0017	38.5926	3.1610	677.1664	571.8363	43.3102	649.0047	102.3148	653.0597	94.6759	659.6846	94.7917	667.8088	94.6065	
13/08/2017	02:35:03	011995	G488038415HLR	L488	S		635.1940	1.0400	0.0000	99.9135	39.8235	0.8230	1.1615	5.0000	19.9188	713.1189	94.7685	11.1996	25.2000	0.9300	0.9372	0.6744	-0.0017	713.0000	712.0555	1.0272	-5.1144	99.6856	40.6709	0.8230	0.8247	5.0000	-9999.0000	-9999.0000	-9999.0000	-9999.0000	-9999.0000	-9999.0000	17.1425	2	0	26.5485	1.0000	99	9	-9999.0000	4201	32498	-9999	-9999	348	710	467.1522	5	0.6537	0.6744	-0.0017	40.5302	2.9941	684.0844	579.4288	43.1250	655.1054	100.7639	661.7584	94.7685	668.1244	94.6991	674.6805	94.5833	
13/08/2017	02:35:30	011995	G488038426HLR	L488	S		635.3652	1.0400	0.0000	99.8612	39.8295	0.8230	1.1614	5.0000	20.1081	713.1291	94.8148	12.1292	25.3000	0.9300	0.9373	0.6743	-0.0017	713.0000	711.2327	1.0272	-5.1047	99.9556	40.6838	0.8230	0.8243	5.0000	-9999.0000	-9999.0000	-9999.0000	-9999.0000	-9999.0000	-9999.0000	19.3189	3	0	27.1498	1.0000	99	9	-9999.0000	4202	32499	-9999	-9999	348	712	466.0442	5	0.6538	0.6743	-0.0017	40.3240	2.9921	683.1681	584.1264	45.4630	650.5018	101.3657	656.3937	94.8611	663.5819	94.6759	670.4590	94.6065	
13/08/2017	02:35:55	011995	G488038435HLR	L488	S		632.3450	1.0400	0.0000	99.8423	39.8333	0.8230	1.1614	5.0000	19.9988	713.0839	94.8843	13.1995	25.3000	0.9300	0.9372	0.6738	-0.0017	713.0000	712.2426	1.0272	-5.1166	99.8267	40.6965	0.8230	0.8263	5.0000	-9999.0000	-9999.0000	-9999.0000	-9999.0000	-9999.0000	-9999.0000	17.1287	4	0	24.9580	1.0000	99	9	-9999.0000	4203	32500	-9999	-9999	349	714	464.6909	5	0.6538	0.6738	-0.0017	40.7638	2.9362	676.5647	543.7122	44.9769	646.6104	101.7593	651.9262	94.9074	659.0116	94.6991	665.9197	94.6065	
13/08/2017	02:36:20	011995	G488038438HLR	L488	S		640.9248	1.0400	0.0000	99.9465	39.8345	0.8230	1.1613	5.0000	20.5179	713.1121	94.8148	11.9788	25.3000	0.9300	0.9372	0.6730	-0.0016	713.0000	712.8769	1.0272	-5.1240	99.8216	40.6748	0.8230	0.8261	5.0000	-9999.0000	-9999.0000	-9999.0000	-9999.0000	-9999.0000	-9999.0000	17.2254	5	0	25.0062	1.0000	99	9	-9999.0000	4204	32501	-9999	-9999	350	716	466.2388	5	0.6538	0.6730	-0.0016	41.0095	2.9140	684.5843	576.6994	43.8657	655.1066	101.8056	659.6155	94.9537	666.1657	94.6759	672.3479	94.6296	
13/08/2017	02:36:45	011995	G488038540HLR	L488	S		618.3106	1.0400	0.0000	99.9379	39.8425	0.8230	1.1614	5.0000	20.2889	713.1108	95.0926	15.6095	25.4000	0.9300	0.9372	0.6734	-0.0016	713.0000	708.0117	1.0272	-5.0669	99.6863	40.6322	0.8230	0.8248	5.0000	-9999.0000	-9999.0000	-9999.0000	-9999.0000	-9999.0000	-9999.0000	17.1780	6	0	25.0192	1.0000	99	9	-9999.0000	4205	32502	-9999	-9999	351	718	461.9934	5	0.6539	0.6734	-0.0016	42.3894	2.8219	667.9585	575.8447	43.9352	637.0591	102.6852	641.2506	94.9769	648.1580	94.7454	654.3825	94.6296	
13/08/2017	02:37:10	011995	G488038511HLR	L488	S		620.6680	1.0400	0.0000	99.9309	39.8482	0.8230	1.1614	5.0000	20.2392	713.0728	95.0231	16.1984	25.4000	0.9300	0.9372	0.6732	-0.0016	713.0000	707.8641	1.0272	-5.0652	99.8851	40.6576	0.8230	0.8243	5.0000	-9999.0000	-9999.0000	-9999.0000	-9999.0000	-9999.0000	-9999.0000	17.1852	7	0	24.9381	1.0000	99	9	-9999.0000	4206	32503	-9999	-9999	352	720	461.2138	5	0.6539	0.6732	-0.0016	43.0097	2.7472	664.8128	579.6332	44.1204	632.9402	101.8287	636.8345	94.9769	643.1415	94.7222	650.0157	94.6065	
13/08/2017	02:37:34	011995	G488038537HLR	L488	S		634.7435	1.0400	0.0000	99.9002	39.8563	0.8230	1.1614	5.0000	20.1876	713.0537	94.8843	12.9993	25.3000	0.9300	0.9371	0.6732	-0.0016	713.0000	713.6566	1.0272	-5.1332	99.9510	40.7006	0.8230	0.8253	5.0000	-9999.0000	-9999.0000	-9999.0000	-9999.0000	-9999.0000	-9999.0000	17.2084	8	0	24.8991	1.0000	99	9	-9999.0000	4207	32504	-9999	-9999	353	722	465.0377	5	0.6539	0.6732	-0.0016	43.0097	2.7472	677.2710	579.8054	45.2315	643.9008	101.1343	656.3125	94.8148	663.2971	94.7685	667.9370	94.5833	
13/08/2017	02:37:59	011995	G488038517HLR	L488	S		634.6300	1.0400	0.0000	99.8857	39.8605	0.8230	1.1613	5.0000	20.0569	713.1012	94.9074	12.4993	25.3000	0.9300	0.9372	0.6722	-0.0015	713.0000	713.2368	1.0272	-5.1283	99.7198	40.7122	0.8230	0.8260	5.0000	-9999.0000	-9999.0000	-9999.0000	-9999.0000	-9999.0000	-9999.0000	17.2685	1	0	24.9780	1.0000	99	9	-9999.0000	4208	32505	-9999	-9999	354	724	465.7684	5	0.6541	0.6722	-0.0015	43.1321	2.7290	680.6981	608.4636	47.8009	655.5053	99.6065	658.1348	94.5139	664.0220	94.7917	670.9784	94.6065	
13/08/2017	02:38:24	011995	G488038553HLR	L488	S		636.2043	1.0400	0.0000	99.8621	39.8615	0.8230	1.1613	5.0000	20.0282	713.1243	94.8843	12.2191	25.3000	0.9300	0.9373	0.6722	-0.0015	713.0000	712.8922	1.0272	-5.1242	99.7561	40.6886	0.8230	0.8260	5.0000	-9999.0000	-9999.0000	-9999.0000	-9999.0000	-9999.0000	-9999.0000	17.3783	2	0	24.9791	1.0000	99	9	-9999.0000	4208	32505	-9999	-9999	355	726	466.1457	5	0.6541	0.6722	-0.0015	38.5602	3.1196	683.6299	613.2825	44.8380	657.7088	101.1574	658.4708	94.6296	665.5771	94.7454	671.1929	94.6065	
13/08/2017	02:38:49	011995	G488036758HLR	L488	S		620.0519	1.0400	0.0000	99.9411	39.8698	0.8230	1.1614	5.0000	19.9589	713.1154	94.7917	12.3499	25.3000	0.9300	0.9374	0.6663	-0.0010	713.0000	712.3416	1.0272	-5.1178	99.8214	40.6477	0.8230	0.8249	5.0000	-9999.0000	-9999.0000	-9999.0000	-9999.0000	-9999.0000	-9999.0000	17.2616	3	0	24.9780	1.0000	99	9	-9999.0000	4209	32506	-9999	-9999	356	728	466.2449	5	0.6540	0.6663	-0.0010	40.5703	2.9449	686.0537	583.8544	42.8241	655.1599	102.9630	661.6387	94.9074	667.3024	94.6991	673.9413	94.6065	
13/08/2017	02:39:14	011995	G488038413HLR	L488	S		639.4216	1.0400	0.0000	99.9507	39.8656	0.8230	1.1612	5.0000	20.7087	713.1780	94.8148	11.1293	25.2000	0.9300	0.9373	0.6668	-0.0011	713.0000	713.5827	1.0272	-5.1323	99.9767	40.6570	0.8230	0.8243	5.0000	-9999.0000	-9999.0000	-9999.0000	-9999.0000	-9999.0000	-9999.0000	17.1886	4	0	25.0097	1.0000	99	9	-9999.0000	4209	32507	-9999	-9999	357	730	467.3249	5	0.6539	0.6668	-0.0011	40.3107	2.9612	694.9240	569.6672	44.2593	662.7577	102.1528	667.8426	95.1389	673.8096	94.5833	680.1826	94.6296	
13/08/2017	02:39:39	011995	G488038434HLR	L488	S		627.0853	1.0400	0.0000	99.9480	39.8739	0.8230	1.1613	5.0000	20.4090	713.0309	94.9769	13.4592	25.3000	0.9300	0.9372	0.6670	-0.0011	713.0000	714.0759	1.0272	-5.1381	100.0421	40.7045	0.8230	0.8249	5.0000	-9999.0000	-9999.0000	-9999.0000	-9999.0000	-9999.0000	-9999.0000	17.4090	5	0	24.9490	1.0000	99	9	-9999.0000	4210	32508	-9999	-9999	358	732	465.2309	5	0.6539	0.6670	-0.0011	40.2102	2.9713	682.2587	579.7664	45.2546	651.1668	101.9213	657.1747	94.9306	663.9229	94.6991	669.7445	94.6065	
13/08/2017	02:40:05	011995	G488038436HLR	L488	S		636.8072	1.0400	0.0000	99.9371	39.8853	0.8230	1.1614	5.0000	20.0888	713.1226	94.8380	11.9300	25.2000	0.9300	0.9371	0.6665	-0.0010	713.0000	711.6043	1.0272	-5.1091	99.7966	40.7212	0.8230	0.8259	5.0000	-9999.0000	-9999.0000	-9999.0000	-9999.0000	-9999.0000	-9999.0000	17.1468	6	0	25.4983	1.0000	99	9	-9999.0000	4210	32508	-9999	-9999	359	734	466.5715	5	0.6540	0.6665	-0.0010	40.4535	2.9474	686.5415	583.8448	46.0880	657.2319	100.9491	662.9625	94.7222	668.9726	94.7685	675.5571	94.5833	
13/08/2017	02:40:32	011995	G488038439HLR	L488	S		634.6371	1.0400	0.0000	99.9208	39.8887	0.8230	1.1614	5.0000	19.9125	713.0742	94.9537	13.2600	25.2000	0.9300	0.9373	0.6663	-0.0010	713.0000	714.2136	1.0272	-5.1397	100.0020	40.7053	0.8230	0.8263	5.0000	-9999.0000	-9999.0000	-9999.0000	-9999.0000	-9999.0000	-9999.0000	17.1791	7	0	26.6411	1.0000	99	9	-9999.0000	4211	32509	-9999	-9999	360	736	465.5543	5	0.6540	0.6663	-0.0010	40.6753	2.9318	684.2826	604.0862	43.4259	653.8031	102.5000	658.5358	95.0694	664.3710	94.7222	670.7619	94.6296	
13/08/2017	02:40:56	011995	G488036731HLR	L488	S		637.8456	1.0400	0.0000	99.9412	39.8991	0.8230	1.1614	5.0000	19.5682	713.0707	94.9306	13.4700	25.2000	0.9300	0.9373	0.6662	-0.0010	713.0000	712.3059	1.0272	-5.1173	99.7196	40.6487	0.8230	0.8250	5.0000	-9999.0000	-9999.0000	-9999.0000	-9999.0000	-9999.0000	-9999.0000	17.1586	8	0	24.9752	1.0000	99	9	-9999.0000	4212	32510	-9999	-9999	361	738	465.4035	5	0.6539	0.6662	-0.0010	40.8567	2.9209	682.3691	593.7363	44.1667	654.5750	101.7824	658.5157	94.9537	664.2393	94.6528	669.6514	94.6296	
13/08/2017	02:41:23	011995	G488036732HLR	L488	S		635.0897	1.0400	0.0000	99.9338	39.8963	0.8230	1.1613	5.0000	19.9083	713.1035	94.7685	12.9095	25.2000	0.9300	0.9373	0.6665	-0.0010	713.0000	712.1074	1.0272	-5.1150	99.8485	40.6483	0.8230	0.8242	5.0000	-9999.0000	-9999.0000	-9999.0000	-9999.0000	-9999.0000	-9999.0000	17.3286	1	0	26.7886	1.0000	99	9	-9999.0000	4213	32511	-9999	-9999	362	740	465.7323	5	0.6538	0.6665	-0.0010	40.2120	3.0014	685.0241	576.2453	45.5556	656.5059	101.3426	659.6915	94.8148	665.9431	94.6991	671.0864	94.6065	
13/08/2017	02:41:48	011995	G488036854HLR	L488	Q		629.2306	1.0400	0.0000	99.9764	39.8944	0.8230	1.1617	5.0000	20.2384	713.1572	95.0463	14.5393	25.2000	0.9300	0.9372	0.6667	-0.0011	713.0000	709.9564	1.0272	-5.0898	99.7519	40.6893	0.8230	0.8244	5.0000	-9999.0000	-9999.0000	-9999.0000	-9999.0000	-9999.0000	-9999.0000	17.5389	2	0	25.0788	1.0000	99	9	-9999.0000	4214	32512	-9999	-9999	363	742	464.6370	5	0.6538	0.6667	-0.0011	40.0095	3.0028	678.2934	579.4910	42.8935	649.9224	100.7639	651.5771	94.6991	657.7743	94.7685	663.0480	94.6065	
13/08/2017	02:42:16	011995	G488036835HLR	L488	Q		606.6995	1.0400	0.0000	99.9423	39.8962	0.8230	1.1613	5.0000	19.9786	713.0819	95.0694	15.7189	25.2000	0.9300	0.9373	0.6673	-0.0011	713.0000	709.2740	1.0272	-5.0817	99.7401	40.7116	0.8230	0.8253	5.0000	-9999.0000	-9999.0000	-9999.0000	-9999.0000	-9999.0000	-9999.0000	17.1079	3	0	27.9789	1.0000	99	9	-9999.0000	4215	32513	-9999	-9999	364	744	463.4753	5	0.6538	0.6673	-0.0011	40.7741	2.9126	672.7028	593.5996	43.4259	643.7635	102.2917	646.3265	94.9074	653.5450	94.7222	659.4338	94.6296	
13/08/2017	02:42:41	011995	G488036841HLR	L488	S		633.9478	1.0400	0.0000	99.9025	39.8952	0.8230	1.1611	5.0000	20.8583	713.0384	94.8843	13.3089	25.3000	0.9300	0.9372	0.6673	-0.0011	713.0000	712.8219	1.0272	-5.1234	99.9262	40.7240	0.8230	0.8260	5.0000	-9999.0000	-9999.0000	-9999.0000	-9999.0000	-9999.0000	-9999.0000	17.2203	4	0	24.9803	1.0000	99	9	-9999.0000	4216	32514	-9999	-9999	364	746	465.4526	5	0.6538	0.6673	-0.0011	40.7741	2.9126	685.0685	585.8915	43.7269	653.6245	101.9213	658.0732	94.9306	664.2905	94.6759	669.9221	94.5833	
13/08/2017	02:43:07	011995	G488036849HLR	L488	S		625.4082	1.0400	0.0000	99.8728	39.9044	0.8230	1.1613	5.0000	19.9569	713.0605	95.0463	15.8097	25.2000	0.9300	0.9372	0.6663	-0.0010	713.0000	710.6042	1.0272	-5.0974	99.9468	40.7171	0.8230	0.8263	5.0000	-9999.0000	-9999.0000	-9999.0000	-9999.0000	-9999.0000	-9999.0000	17.1891	5	0	25.9271	1.0000	99	9	-9999.0000	4217	32515	-9999	-9999	365	748	463.5825	5	0.6540	0.6663	-0.0010	42.6269	2.7335	673.4051	586.3813	43.3565	643.1673	102.7546	645.9011	94.9769	653.1524	94.7222	658.6722	94.6065	
13/08/2017	02:43:34	011995	G488033905HLR	L488	S		607.4792	1.0400	0.0000	99.9219	39.9047	0.8230	1.1613	5.0000	19.9685	713.1095	94.8611	12.3997	25.2000	0.9300	0.9372	0.6663	-0.0010	713.0000	713.9432	1.0272	-5.1366	100.0149	40.6698	0.8230	0.8255	5.0000	-9999.0000	-9999.0000	-9999.0000	-9999.0000	-9999.0000	-9999.0000	17.2472	6	0	26.3082	1.0000	99	9	-9999.0000	4217	32516	-9999	-9999	366	750	466.4474	5	0.6540	0.6663	-0.0010	42.6269	2.7335	686.1823	566.7964	43.6806	653.9168	102.0139	662.1940	94.8611	667.4447	94.6991	674.0539	94.5602	
13/08/2017	02:44:01	011995	G488036851HLR	L488	S		626.7927	1.0400	0.0000	99.9556	39.9043	0.8230	1.1613	5.0000	20.1596	713.0494	95.0000	16.9786	25.4000	0.9300	0.9374	0.6652	-0.0009	713.0000	711.7512	1.0272	-5.1108	99.6818	40.6467	0.8230	0.8243	5.0000	-9999.0000	-9999.0000	-9999.0000	-9999.0000	-9999.0000	-9999.0000	17.3635	7	0	26.9087	1.0000	99	9	-9999.0000	4218	32517	-9999	-9999	367	751	463.6059	5	0.6539	0.6652	-0.0009	42.2039	2.7592	671.3724	580.6700	42.8704	642.4829	101.0185	645.9843	94.7917	652.4167	94.7454	658.2500	94.6296	
13/08/2017	02:44:26	011995	G488036852HLR	L488	S		635.8362	1.0400	0.0000	99.9345	39.9040	0.8230	1.1613	5.0000	20.1381	713.0164	94.6528	13.3694	25.2000	0.9300	0.9371	0.6652	-0.0009	713.0000	714.1988	1.0272	-5.1396	100.1005	40.6787	0.8230	0.8244	5.0000	-9999.0000	-9999.0000	-9999.0000	-9999.0000	-9999.0000	-9999.0000	17.2598	8	0	25.9780	1.0000	99	9	-9999.0000	4219	32518	-9999	-9999	368	753	465.7622	5	0.6539	0.6652	-0.0009	42.2039	2.7592	686.9919	592.9456	46.4583	657.3029	100.3935	663.6280	94.8148	668.6542	94.6296	673.7632	94.5370	
13/08/2017	02:44:52	011995	G488036863HLR	L488	S		630.9064	1.0400	0.0000	99.9529	39.9070	0.8230	1.1612	5.0000	20.5486	713.0960	95.0231	14.9484	25.2000	0.9300	0.9372	0.6645	-0.0008	713.0000	710.4206	1.0272	-5.0952	100.0367	40.7072	0.8230	0.8250	5.0000	-9999.0000	-9999.0000	-9999.0000	-9999.0000	-9999.0000	-9999.0000	17.2486	1	0	25.5289	1.0000	99	9	-9999.0000	4220	32518	-9999	-9999	369	755	465.0154	5	0.6538	0.6645	-0.0008	42.9912	2.6961	677.6188	594.1507	44.5370	651.2626	101.8981	652.4499	94.8611	656.6839	94.7454	664.6833	94.5833	
13/08/2017	02:45:18	011995	G488036850HLR	L488	S		626.9772	1.0400	0.0000	99.9433	39.9030	0.8230	1.1613	5.0000	20.0984	713.0848	95.0463	15.3693	25.3000	0.9300	0.9374	0.6627	-0.0007	713.0000	712.1100	1.0272	-5.1150	99.9969	40.7198	0.8230	0.8250	5.0000	-9999.0000	-9999.0000	-9999.0000	-9999.0000	-9999.0000	-9999.0000	18.5082	2	0	26.3689	1.0000	99	9	-9999.0000	4221	32519	-9999	-9999	370	757	464.7762	5	0.6537	0.6627	-0.0007	43.0378	2.7004	676.1625	595.3879	42.9398	647.0704	100.8796	652.6646	94.8380	658.1674	94.6991	661.6868	94.6065	
13/08/2017	02:45:46	011995	G488036858HLR	L488	S		628.1708	1.0400	0.0000	99.8242	39.9076	0.8230	1.1612	5.0000	20.0692	713.1112	95.0231	15.9493	25.3000	0.9300	0.9373	0.6632	-0.0007	713.0000	712.7550	1.0272	-5.1226	99.8753	40.7059	0.8230	0.8262	5.0000	-9999.0000	-9999.0000	-9999.0000	-9999.0000	-9999.0000	-9999.0000	17.2386	3	0	27.4288	1.0000	99	9	-9999.0000	4221	32520	-9999	-9999	371	759	464.7444	5	0.6536	0.6632	-0.0007	46.2430	2.4291	677.8926	637.6773	47.5463	655.0457	99.8843	653.4002	94.5602	659.8842	94.7917	663.8828	94.5602	
13/08/2017	02:46:14	011995	G488036848HLR	L488	S		632.3065	1.0400	0.0000	99.9653	39.9086	0.8230	1.1613	5.0000	19.9393	713.1362	95.0000	15.0490	25.2000	0.9300	0.9371	0.6632	-0.0007	713.0000	711.3992	1.0272	-5.1067	99.8287	40.6709	0.8230	0.8251	5.0000	-9999.0000	-9999.0000	-9999.0000	-9999.0000	-9999.0000	-9999.0000	18.6184	4	0	28.2382	1.0000	99	9	-9999.0000	4222	32520	-9999	-9999	372	761	465.1643	5	0.6536	0.6632	-0.0007	46.2430	2.4291	678.7610	628.2511	45.9259	655.2652	100.2546	653.3610	94.6759	659.3432	94.7222	664.8152	94.5833	
13/08/2017	02:46:41	011995	G488034901HLR	L488	S		631.9001	1.0400	0.0000	99.9018	39.9113	0.8230	1.1613	5.0000	19.8034	713.0765	94.9537	14.5490	25.2000	0.9300	0.9371	0.6615	-0.0006	713.0000	712.9448	1.0272	-5.1248	99.9003	40.6489	0.8230	0.8246	5.0000	-9999.0000	-9999.0000	-9999.0000	-9999.0000	-9999.0000	-9999.0000	17.1200	5	0	26.5483	1.0000	99	9	-9999.0000	4223	32521	-9999	-9999	373	762	465.5290	5	0.6535	0.6615	-0.0006	46.9823	2.3632	683.0381	583.9486	43.4722	655.1309	102.4306	656.6082	94.9074	661.9422	94.6759	668.9144	94.6065	
13/08/2017	02:47:07	011995	G488034880HLR	L488	S		627.7386	1.0400	0.0000	99.9263	39.9062	0.8230	1.1613	5.0000	19.9273	713.0714	95.0463	15.4093	25.2000	0.9300	0.9372	0.6603	-0.0005	713.0000	713.1004	1.0272	-5.1267	99.8325	40.6554	0.8230	0.8242	5.0000	-9999.0000	-9999.0000	-9999.0000	-9999.0000	-9999.0000	-9999.0000	17.1590	6	0	26.5884	1.0000	99	9	-9999.0000	4224	32522	-9999	-9999	374	764	465.2192	5	0.6533	0.6603	-0.0005	47.2681	2.3523	682.0828	602.9485	45.1389	651.7293	101.3889	655.8023	94.7917	661.1594	94.6991	666.1424	94.5602	
13/08/2017	02:47:33	011995	G488034897HLR	L488	S		629.0209	1.0400	0.0000	99.9292	39.9070	0.8230	1.1614	5.0000	19.6388	713.0453	95.0463	16.4786	25.2000	0.9300	0.9373	0.6603	-0.0005	713.0000	712.8880	1.0272	-5.1242	99.8934	40.6870	0.8230	0.8245	5.0000	-9999.0000	-9999.0000	-9999.0000	-9999.0000	-9999.0000	-9999.0000	17.1977	7	0	25.6091	1.0000	99	9	-9999.0000	4225	32523	-9999	-9999	375	766	464.7597	5	0.6533	0.6603	-0.0005	47.2681	2.3523	681.5988	580.5918	45.5556	653.6941	101.2269	655.3879	94.8148	660.5796	94.7454	665.1004	94.5833	
13/08/2017	02:48:02	011995	G488034867HLR	L488	S		627.3907	1.0400	0.0000	99.9213	39.9036	0.8230	1.1613	5.0000	19.9891	713.0906	94.9306	17.3692	25.2000	0.9300	0.9373	0.6596	-0.0005	713.0000	714.0690	1.0272	-5.1380	100.0126	40.7103	0.8230	0.8252	5.0000	-9999.0000	-9999.0000	-9999.0000	-9999.0000	-9999.0000	-9999.0000	17.3083	8	0	28.7689	1.0000	99	9	-9999.0000	4226	32524	-9999	-9999	376	768	464.6237	5	0.6533	0.6596	-0.0005	49.5542	2.1879	675.2432	585.3189	43.1481	648.6546	102.3843	651.8455	94.8380	656.6621	94.6759	662.7382	94.5602	
13/08/2017	02:48:29	011995	G488034896HLR	L488	S		626.9805	1.0400	0.0000	99.9229	39.9069	0.8230	1.1613	5.0000	20.0000	713.0991	95.0000	15.6496	25.3000	0.9300	0.9373	0.6597	-0.0005	713.0000	711.4567	1.0272	-5.1074	99.9558	40.7228	0.8230	0.8260	5.0000	-9999.0000	-9999.0000	-9999.0000	-9999.0000	-9999.0000	-9999.0000	17.1577	1	0	27.1479	1.0000	99	9	-9999.0000	4227	32525	-9999	-9999	377	770	465.2604	5	0.6533	0.6597	-0.0005	49.5581	2.2047	679.2721	588.6510	45.6713	653.0612	101.2731	652.6033	94.7917	659.3774	94.6528	664.9488	94.5370	
13/08/2017	02:48:56	011995	G488034895HLR	L488	S		628.0347	1.0400	0.0000	99.9053	39.9018	0.8230	1.1612	5.0000	20.0595	713.0567	94.9537	15.6486	25.2000	0.9300	0.9372	0.6600	-0.0005	713.0000	713.8471	1.0272	-5.1354	99.9774	40.7268	0.8230	0.8260	5.0000	-9999.0000	-9999.0000	-9999.0000	-9999.0000	-9999.0000	-9999.0000	17.5289	2	0	26.8190	1.0000	99	9	-9999.0000	4228	32526	-9999	-9999	378	772	465.1888	5	0.6532	0.6600	-0.0005	50.1792	2.1500	681.1939	590.6569	45.8565	652.2267	101.0648	655.9797	94.7917	661.5282	94.6991	666.6428	94.5602	
13/08/2017	02:49:22	011995	G488034842HLR	L488	S		629.7653	1.0400	0.0000	99.9423	39.8991	0.8230	1.1613	5.0000	19.8486	713.0202	94.9769	14.6291	25.2000	0.9300	0.9373	0.6600	-0.0005	713.0000	712.2280	1.0272	-5.1164	100.0526	40.7082	0.8230	0.8262	5.0000	-9999.0000	-9999.0000	-9999.0000	-9999.0000	-9999.0000	-9999.0000	17.3685	3	0	26.4088	1.0000	99	9	-9999.0000	4229	32527	-9999	-9999	379	773	465.5269	5	0.6532	0.6600	-0.0005	50.1792	2.1500	684.0142	613.9765	46.0417	658.7718	100.2083	661.5082	94.6296	663.8051	94.7222	668.7600	94.5602	
13/08/2017	02:49:48	011995	G488034827HLR	L488	S		626.4514	1.0400	0.0000	99.9260	39.8957	0.8230	1.1613	5.0000	20.0786	713.1030	94.8843	17.8994	25.3000	0.9300	0.9373	0.6588	-0.0004	713.0000	710.3929	1.0272	-5.0949	99.8944	40.6619	0.8230	0.8254	5.0000	-9999.0000	-9999.0000	-9999.0000	-9999.0000	-9999.0000	-9999.0000	17.2182	4	0	26.1986	1.0000	99	9	-9999.0000	4230	32527	-9999	-9999	380	775	464.4538	5	0.6530	0.6588	-0.0004	49.0901	2.2162	674.1773	590.1821	44.7222	646.8234	101.9444	650.5349	94.8380	653.5101	94.8148	657.6774	94.5833	
13/08/2017	02:50:15	011995	G488034818HLR	L488	S		628.2569	1.0400	0.0000	99.9697	39.8916	0.8230	1.1612	5.0000	20.2672	713.0415	95.0231	16.1398	25.2000	0.9300	0.9372	0.6593	-0.0004	713.0000	709.6502	1.0272	-5.0862	99.9408	40.6479	0.8230	0.8243	5.0000	-9999.0000	-9999.0000	-9999.0000	-9999.0000	-9999.0000	-9999.0000	17.2392	5	0	27.1284	1.0000	99	9	-9999.0000	4231	32528	-9999	-9999	381	777	465.0704	5	0.6530	0.6593	-0.0004	48.1547	2.2819	675.9492	606.5504	46.3657	653.6007	100.3472	650.7673	94.6528	657.4671	94.7222	662.4123	94.5602	
13/08/2017	02:50:40	011995	G488034848HLR	L488	S		629.1721	1.0400	0.0000	99.8837	39.9009	0.8230	1.1613	5.0000	19.9189	713.1247	95.2546	15.7990	25.2000	0.9300	0.9372	0.6592	-0.0004	713.0000	712.0374	1.0272	-5.1142	99.6781	40.6834	0.8230	0.8243	5.0000	-9999.0000	-9999.0000	-9999.0000	-9999.0000	-9999.0000	-9999.0000	17.2086	6	0	24.8387	1.0000	99	9	-9999.0000	4231	32529	-9999	-9999	382	778	465.2368	5	0.6530	0.6592	-0.0004	49.8558	2.1779	679.9953	592.7580	44.2593	653.1680	101.5741	654.9058	94.8148	659.9618	94.6991	664.3315	94.5602	
13/08/2017	02:51:07	011995	G488034849HLR	L488	S		630.7421	1.0400	0.0000	99.9105	39.8937	0.8230	1.1613	5.0000	20.0538	713.0709	95.0000	15.3898	25.2000	0.9300	0.9373	0.6581	-0.0004	713.0000	710.0766	1.0272	-5.0912	100.1685	40.7097	0.8230	0.8251	5.0000	-9999.0000	-9999.0000	-9999.0000	-9999.0000	-9999.0000	-9999.0000	17.1683	7	0	27.3081	1.0000	99	9	-9999.0000	4232	32530	-9999	-9999	383	780	465.3469	5	0.6530	0.6581	-0.0004	52.3975	1.9841	681.0254	615.7001	45.2083	652.5355	101.0648	654.1739	94.7917	660.4921	94.7222	665.4216	94.5602	
13/08/2017	02:51:34	011995	G488034829HLR	L488	S		629.1128	1.0400	0.0000	99.9083	39.8983	0.8230	1.1614	5.0000	20.0594	713.0621	94.9769	15.3488	25.2000	0.9300	0.9372	0.6571	-0.0003	713.0000	714.3073	1.0272	-5.1408	100.0600	40.7256	0.8230	0.8259	5.0000	-9999.0000	-9999.0000	-9999.0000	-9999.0000	-9999.0000	-9999.0000	17.3271	8	0	26.1093	1.0000	99	9	-9999.0000	4233	32531	-9999	-9999	384	782	465.4534	5	0.6531	0.6571	-0.0003	53.6973	1.8786	685.9576	588.4089	45.3472	655.8444	101.4352	659.2845	94.9306	665.2477	94.6296	669.1715	94.5833	
13/08/2017	02:52:01	011995	G488036784HLR	L488	S		628.9774	1.0400	0.0000	99.9328	39.9007	0.8230	1.1613	5.0000	20.1088	713.0483	95.0231	16.1495	25.2000	0.9300	0.9372	0.6576	-0.0003	713.0000	711.2563	1.0272	-5.1050	99.7617	40.7175	0.8230	0.8251	5.0000	-9999.0000	-9999.0000	-9999.0000	-9999.0000	-9999.0000	-9999.0000	19.3702	1	0	27.6876	1.0000	99	9	-9999.0000	4234	32532	-9999	-9999	385	784	465.3798	5	0.6532	0.6576	-0.0003	53.5886	1.8814	680.0998	588.8349	43.3565	654.5228	102.2222	654.1737	94.9074	659.9841	94.7454	665.1029	94.5833	
13/08/2017	02:52:27	011995	G488036793HLR	L488	S		646.0632	1.0400	0.0000	99.9240	39.9087	0.8230	1.1612	5.0000	20.1184	713.0768	94.7685	10.2202	25.1000	0.9300	0.9373	0.6576	-0.0003	713.0000	715.7042	1.0272	-5.1572	99.8164	40.6732	0.8230	0.8256	5.0000	-9999.0000	-9999.0000	-9999.0000	-9999.0000	-9999.0000	-9999.0000	17.2390	2	0	26.1295	1.0000	99	9	-9999.0000	4235	32533	-9999	-9999	386	786	466.7619	5	0.6532	0.6576	-0.0003	53.5886	1.8814	705.0986	591.1659	43.3102	674.8725	101.7593	678.8663	94.9537	684.3476	94.6296	689.0541	94.5602	
13/08/2017	02:52:56	011995	G488036771HLR	L488	S		618.3926	1.0400	0.0000	99.9532	39.9089	0.8230	1.1613	5.0000	20.1384	713.0884	95.0231	16.3898	25.3000	0.9300	0.9374	0.6579	-0.0003	713.0000	714.7423	1.0272	-5.1459	99.6311	40.6500	0.8230	0.8245	5.0000	-9999.0000	-9999.0000	-9999.0000	-9999.0000	-9999.0000	-9999.0000	17.5084	3	0	29.1576	1.0000	99	9	-9999.0000	4236	32534	-9999	-9999	387	788	465.4954	5	0.6532	0.6579	-0.0003	52.7352	1.9339	680.6598	590.9229	44.8843	650.8854	101.8519	654.6992	94.9074	660.2837	94.6759	665.4924	94.6065	
13/08/2017	02:53:24	011995	G488034730HLR	L488	S		630.5499	1.0400	0.0000	99.9452	39.9052	0.8230	1.1613	5.0000	20.1590	713.0842	95.0463	15.1789	25.2000	0.9300	0.9373	0.6579	-0.0003	713.0000	713.2749	1.0272	-5.1287	99.9589	40.6679	0.8230	0.8241	5.0000	-9999.0000	-9999.0000	-9999.0000	-9999.0000	-9999.0000	-9999.0000	17.3783	4	0	27.0386	1.0000	99	9	-9999.0000	4237	32535	-9999	-9999	388	789	465.7288	5	0.6532	0.6579	-0.0003	52.7352	1.9339	685.9995	598.5782	44.8611	655.7074	101.4352	661.7950	94.8380	665.0185	94.6759	670.9567	94.5602	
13/08/2017	02:53:52	011995	G488034725HLR	L488	S		626.0714	1.0400	0.0000	99.9514	39.9129	0.8230	1.1613	5.0000	20.0712	713.0575	95.0000	16.6593	25.2000	0.9300	0.9373	0.6543	-0.0001	713.0000	713.2057	1.0272	-5.1279	99.8258	40.6874	0.8230	0.8244	5.0000	-9999.0000	-9999.0000	-9999.0000	-9999.0000	-9999.0000	-9999.0000	17.2588	5	0	28.7992	1.0000	99	9	-9999.0000	4238	32535	-9999	-9999	389	791	465.4609	5	0.6531	0.6543	-0.0001	50.8809	2.0492	680.7782	586.1229	42.6389	651.5747	101.5509	653.3147	94.8380	659.1133	94.6991	665.5043	94.5602	
13/08/2017	02:54:20	011995	G488034939HLR	L488	S		627.6507	1.0400	0.0000	99.9579	39.9108	0.8230	1.1614	5.0000	19.5472	713.0165	95.0000	15.2492	25.1000	0.9300	0.9372	0.6543	-0.0001	713.0000	711.3058	1.0272	-5.1056	99.7579	40.7110	0.8230	0.8251	5.0000	-9999.0000	-9999.0000	-9999.0000	-9999.0000	-9999.0000	-9999.0000	17.1780	6	0	27.3482	1.0000	99	9	-9999.0000	4239	32536	-9999	-9999	390	793	465.6352	5	0.6531	0.6543	-0.0001	50.8809	2.0492	687.0731	599.0819	44.1898	660.3021	101.6435	659.2085	94.8843	665.6028	94.6991	670.2659	94.5833	
13/08/2017	02:54:45	011995	G488034949HLR	L488	S		623.7908	1.0400	0.0000	99.9431	39.8979	0.8230	1.1609	5.0000	21.6385	713.0809	94.7917	18.2090	25.2000	0.9300	0.9373	0.6539	-0.0001	713.0000	714.4850	1.0272	-5.1429	100.0261	40.7187	0.8230	0.8253	5.0000	-9999.0000	-9999.0000	-9999.0000	-9999.0000	-9999.0000	-9999.0000	17.2137	7	0	25.1298	1.0000	99	9	-9999.0000	4240	32537	-9999	-9999	391	795	465.3842	5	0.6530	0.6539	-0.0001	50.2070	2.0913	679.4271	607.6989	45.6481	651.2097	101.4815	652.1924	94.8843	657.5856	94.7917	663.4035	94.5602	
13/08/2017	02:55:10	011995	G488034922HLR	L488	S		629.9602	1.0400	0.0000	99.8971	39.9082	0.8230	1.1613	5.0000	20.0984	713.0337	95.0000	16.1798	25.1000	0.9300	0.9373	0.6546	-0.0001	713.0000	714.0384	1.0272	-5.1377	99.9618	40.7291	0.8230	0.8256	5.0000	-9999.0000	-9999.0000	-9999.0000	-9999.0000	-9999.0000	-9999.0000	17.5689	8	0	24.9380	1.0000	99	9	-9999.0000	4241	32538	-9999	-9999	392	797	465.5735	5	0.6530	0.6546	-0.0001	48.4622	2.2078	682.8809	618.9779	44.8148	658.3313	101.4120	658.5360	94.8380	663.7022	94.6991	669.1747	94.5602	
13/08/2017	02:55:37	011995	G488034942HLR	L488	S		625.7147	1.0400	0.0000	99.9431	39.9176	0.8230	1.1613	5.0000	20.1591	713.0421	94.8611	17.9190	25.2000	0.9300	0.9373	0.6545	-0.0001	713.0000	714.1758	1.0272	-5.1393	100.0749	40.7104	0.8230	0.8261	5.0000	-9999.0000	-9999.0000	-9999.0000	-9999.0000	-9999.0000	-9999.0000	17.5495	1	0	27.3108	1.0000	99	9	-9999.0000	4242	32539	-9999	-9999	393	799	465.4353	5	0.6530	0.6545	-0.0001	50.1790	2.1085	677.9385	615.2032	46.8287	652.5826	100.8565	653.2031	94.6991	658.4745	94.7222	662.7724	94.5602	
13/08/2017	02:56:03	011995	G488034735HLR	L488	S		625.3854	1.0400	0.0000	99.9465	39.9150	0.8230	1.1613	5.0000	19.7882	713.0780	95.0000	16.4991	25.2000	0.9300	0.9373	0.6549	-0.0001	713.0000	712.6324	1.0272	-5.1212	99.9894	40.6615	0.8230	0.8252	5.0000	-9999.0000	-9999.0000	-9999.0000	-9999.0000	-9999.0000	-9999.0000	17.2597	2	0	25.6463	1.0000	99	9	-9999.0000	4243	32540	-9999	-9999	394	800	465.6629	5	0.6530	0.6549	-0.0001	48.9260	2.1964	682.4035	622.2242	45.0463	657.4119	101.2963	656.7488	94.6528	661.2472	94.7222	667.3436	94.5139	
13/08/2017	02:56:28	011995	G488034788HLR	L488	S		638.2056	1.0400	0.0000	99.9857	39.9172	0.8230	1.1613	5.0000	19.9905	713.1055	94.9306	11.6390	25.1000	0.9300	0.9372	0.6549	-0.0001	713.0000	713.3958	1.0272	-5.1301	99.8004	40.6481	0.8230	0.8243	5.0000	-9999.0000	-9999.0000	-9999.0000	-9999.0000	-9999.0000	-9999.0000	17.2788	3	0	25.0688	1.0000	99	9	-9999.0000	4244	32541	-9999	-9999	395	802	466.0386	5	0.6530	0.6549	-0.0001	48.9260	2.1964	699.8521	612.0281	45.1852	674.9332	100.6250	673.9148	94.6296	678.2295	94.7222	683.2914	94.5139	
13/08/2017	02:56:53	011995	G488034808HLR	L488	S		642.6858	1.0400	0.0000	99.9629	39.9130	0.8230	1.1612	5.0000	20.1796	713.0532	94.8148	10.4486	25.1000	0.9300	0.9373	0.6547	-0.0001	713.0000	709.9479	1.0272	-5.0897	99.8104	40.6887	0.8230	0.8245	5.0000	-9999.0000	-9999.0000	-9999.0000	-9999.0000	-9999.0000	-9999.0000	17.1590	4	0	24.9978	1.0000	99	9	-9999.0000	4245	32542	-9999	-9999	396	803	466.0114	5	0.6529	0.6547	-0.0001	49.0439	2.1879	701.1724	590.8264	46.0648	672.5436	100.4167	677.6826	94.6991	682.6365	94.6759	688.7304	94.5833	
13/08/2017	02:57:19	011995	G488034932HLR	L488	S		623.2932	1.0400	0.0000	99.9377	39.9082	0.8230	1.1613	5.0000	20.0038	713.0484	95.0000	16.2990	25.3000	0.9300	0.9375	0.6552	-0.0002	713.0000	712.7416	1.0272	-5.1225	100.0466	40.7222	0.8230	0.8253	5.0000	-9999.0000	-9999.0000	-9999.0000	-9999.0000	-9999.0000	-9999.0000	17.2788	5	0	25.8991	1.0000	99	9	-9999.0000	4246	32543	-9999	-9999	397	805	465.4074	5	0.6528	0.6552	-0.0002	47.9611	2.2606	681.9246	628.5929	47.8241	656.3626	100.0231	656.3771	94.6065	661.5747	94.7222	666.3524	94.6065	
13/08/2017	02:57:44	011995	G488034933HLR	L488	S		626.2136	1.0400	0.0000	99.9473	39.8951	0.8230	1.1608	5.0000	22.1189	713.0823	95.0000	14.7590	25.2000	0.9300	0.9374	0.6552	-0.0002	713.0000	713.3520	1.0272	-5.1296	100.1049	40.7255	0.8230	0.8261	5.0000	-9999.0000	-9999.0000	-9999.0000	-9999.0000	-9999.0000	-9999.0000	17.3083	6	0	25.0289	1.0000	99	9	-9999.0000	4247	32544	-9999	-9999	398	807	465.7437	5	0.6528	0.6552	-0.0002	47.9611	2.2606	687.7472	639.4916	45.2083	662.3393	100.8565	663.5155	94.6759	670.4647	94.7917	673.3221	94.5602	
13/08/2017	02:58:09	011995	G488034934HLR	L488	S		626.6689	1.0400	0.0000	99.9219	39.9145	0.8230	1.1613	5.0000	20.0093	713.1168	94.8843	14.1194	25.2000	0.9300	0.9372	0.6550	-0.0001	713.0000	711.6282	1.0272	-5.1094	99.8858	40.6937	0.8230	0.8260	5.0000	-9999.0000	-9999.0000	-9999.0000	-9999.0000	-9999.0000	-9999.0000	17.3606	7	0	25.0485	1.0000	99	9	-9999.0000	4248	32545	-9999	-9999	399	809	465.7612	5	0.6529	0.6550	-0.0001	48.8257	2.2037	693.4956	585.8788	42.9861	663.7119	102.8009	666.1403	94.8611	669.4758	94.6528	675.1822	94.5833	
13/08/2017	02:58:34	011995	G488038450HLR	L488	S		630.3213	1.0400	0.0000	99.9385	39.9172	0.8230	1.1612	5.0000	20.2346	713.0551	94.8611	12.4896	25.2000	0.9300	0.9371	0.6571	-0.0003	713.0000	713.8277	1.0272	-5.1352	99.6665	40.6500	0.8230	0.8246	5.0000	-9999.0000	-9999.0000	-9999.0000	-9999.0000	-9999.0000	-9999.0000	17.3219	8	0	24.9386	1.0000	99	9	-9999.0000	4249	32546	-9999	-9999	399	811	466.1910	5	0.6530	0.6571	-0.0003	45.7933	2.3943	695.0428	609.5126	46.2500	666.8870	100.7407	668.8186	94.8148	673.9249	94.6528	678.2772	94.7222	
13/08/2017	02:58:59	011995	G488038421HLR	L488	S		633.6188	1.0400	0.0000	99.9441	39.9200	0.8230	1.1613	5.0000	19.7090	713.0735	94.9769	15.0090	25.2000	0.9300	0.9373	0.6568	-0.0002	713.0000	716.3545	1.0272	-5.1649	100.1161	40.6763	0.8230	0.8243	5.0000	-9999.0000	-9999.0000	-9999.0000	-9999.0000	-9999.0000	-9999.0000	17.1964	1	0	25.0019	1.0000	99	9	-9999.0000	4250	32547	-9999	-9999	400	813	465.7730	5	0.6530	0.6568	-0.0002	44.8667	2.4672	690.1449	577.2451	43.6111	659.8211	102.1991	663.9395	94.9537	668.3517	94.6759	672.6682	94.5833	
