Data	Timp	Nr. masina	Nr. de serie	Tip	Productie	Comentariu	Pre-masurare Q [ml/min]	Pre-masurare Gain	Pre-masurare Offset Master	Pre-masurare P [bar]	Pre-masurare T [°C]	Pre-masurare Densitate fixa [kg/l]	Pre-masurare densitate masurata [kg/l]	Pre-masurare Timp masurare [s]	Pre-masurare Cycle time [s]	rectificare Q Oprire [ml/min]	rectificare P Oprire [bar]	rectificare Timp rectificare [s]	rectificare T [°C]	rectificare Densitate fixa [kg/l]	rectificare densitate masurata [kg/l]	rectificare Factor de masurare la rectificare	rectificare Factor de corectie a debitului	rectificare Target rectificare	Masurare Q [ml/min]	Masurare Gain	Masurare Offset Master	Masurare P [bar]	Masurare T [°C]	Masurare Densitate fixa [kg/l]	Masurare densitate masurata [kg/l]	Masurare Timp masurare [s]	Masurare Q [ml/min]	Masurare Delta Q [ml/min]	Masurare P [bar]	Masurare BP [bar]	Masurare T [°C]	Masurare Timp masurare [s]	Masurare Cycle time [s]	Nest Nr.	Cod de descarcare	Cycle time [s]	Traceability aktiv	EDM Maschine Nr	EDM Spindle Nr	Honing Rate [r	Station Counter Premeasure	Station Counter Grind	Station Counter Blowout 1	Station Counter Wash	Station Counter Measure	Station Counter Blowout 2	RealGrindQStop	Reg Type	Factor 0	Factor 1	Factor 2	Factor 3	Factor 4	G_StartQV	G_StartQV_1	G_StartQV_2	G_StartQV_3	G_StartQV_4	G_StartQV_5	
10/08/2017	02:15:55	011995	H374030167HLR	L374	S		672.7288	1.0400	0.0000	99.9175	39.4527	0.8230	1.1626	5.0000	19.8526	761.0745	94.8380	17.5391	25.4000	0.9300	0.9411	0.6503	-0.0003	761.0000	751.6966	1.0272	-2.5901	99.9449	40.5151	0.8230	0.8254	5.0000	-9999.0000	-9999.0000	-9999.0000	-9999.0000	-9999.0000	-9999.0000	17.0905	7	1	27.6184	1.0000	14	3	-9999.0000	51930	26687	-9999	-9999	1862	4173	491.5364	5	0.6454	0.6503	-0.0003	28.7132	4.3588	647.0064	299.5145	37.9861	630.1293	66.9444	653.1341	92.6157	690.8977	94.4907	699.2064	94.7454	
10/08/2017	02:16:50	011995	H374030170HLR	L374	S		676.5280	1.0400	0.0000	99.9421	39.6013	0.8230	1.1626	5.0000	19.5692	761.1327	94.9537	14.3693	25.4000	0.9300	0.9410	0.6503	-0.0003	761.0000	751.3845	1.0272	-2.5827	100.0599	40.5995	0.8230	0.8263	5.0000	-9999.0000	-9999.0000	-9999.0000	-9999.0000	-9999.0000	-9999.0000	17.1987	1	1	32.2383	1.0000	14	3	-9999.0000	51931	26688	-9999	-9999	1863	4176	492.2114	5	0.6454	0.6503	-0.0003	28.7132	4.3588	691.2898	508.7949	40.9259	676.9161	92.2685	697.3543	94.4676	706.5384	94.6296	711.1914	94.7222	
10/08/2017	02:17:43	011995	H374030171HLR	L374	S		664.7493	1.0400	0.0000	99.9353	39.5936	0.8230	1.1625	5.0000	19.4587	761.0794	94.8611	16.6690	25.4000	0.9300	0.9409	0.6584	-0.0003	761.0000	757.7533	1.0272	-2.7340	99.9011	40.5945	0.8230	0.8271	5.0000	-9999.0000	-9999.0000	-9999.0000	-9999.0000	-9999.0000	-9999.0000	17.2387	3	0	30.5388	1.0000	14	3	-9999.0000	51932	26689	-9999	-9999	1864	4179	497.8970	5	0.6539	0.6584	-0.0003	28.5377	4.3321	679.4254	523.4856	43.4954	668.1673	92.8935	684.2381	94.7454	694.1827	94.6528	700.3715	94.5370	
10/08/2017	02:18:41	011995	H374030155HLR	L374	S		671.3278	1.0400	0.0000	99.8634	39.5957	0.8230	1.1624	5.0000	19.6289	761.0273	94.8843	21.1796	25.3000	0.9300	0.9410	0.6586	-0.0003	761.0000	763.2850	1.0272	-2.8654	99.8554	40.5388	0.8230	0.8252	5.0000	-9999.0000	-9999.0000	-9999.0000	-9999.0000	-9999.0000	-9999.0000	20.0386	5	0	34.6378	1.0000	14	3	-9999.0000	51933	26690	-9999	-9999	1865	4182	497.0803	5	0.6545	0.6586	-0.0003	28.5347	4.3317	674.8366	533.8308	44.2593	662.9857	93.5185	679.6088	94.7454	687.3796	94.7222	691.2888	94.5833	
10/08/2017	02:19:35	011995	H374030150HLR	L374	S		667.7019	1.0400	0.0000	99.9150	39.5888	0.8230	1.1623	5.0000	19.9383	761.0651	94.6759	19.4892	25.4000	0.9300	0.9411	0.6597	-0.0003	761.0000	761.8115	1.0272	-2.8304	99.7953	40.5394	0.8230	0.8252	5.0000	-9999.0000	-9999.0000	-9999.0000	-9999.0000	-9999.0000	-9999.0000	17.1374	7	0	31.3480	1.0000	14	3	-9999.0000	51934	26690	-9999	-9999	1866	4185	498.2799	5	0.6555	0.6597	-0.0003	28.5128	4.3284	674.6290	541.9917	42.4306	662.6614	93.8889	679.5100	94.7685	687.0475	94.6759	690.5501	94.5602	
10/08/2017	02:20:27	011995	H374030102HLR	L374	S		668.0310	1.0400	0.0000	99.9490	39.6146	0.8230	1.1624	5.0000	19.7186	761.0646	94.8380	20.8788	25.3000	0.9300	0.9411	0.6588	-0.0003	761.0000	762.5610	1.0272	-2.8482	99.7375	40.5939	0.8230	0.8253	5.0000	-9999.0000	-9999.0000	-9999.0000	-9999.0000	-9999.0000	-9999.0000	17.3641	1	0	25.0678	1.0000	14	3	-9999.0000	51935	26691	-9999	-9999	1867	4187	497.3815	5	0.6543	0.6588	-0.0003	28.5310	4.3311	675.2464	575.5735	47.3148	664.0413	94.1204	678.1738	94.7685	687.0608	94.6759	689.6031	94.5602	
10/08/2017	02:21:20	011995	H374030107HLR	L374	S		669.5670	1.0400	0.0000	99.9301	39.6108	0.8230	1.1624	5.0000	19.5328	761.0745	94.7685	18.6494	25.4000	0.9300	0.9412	0.6657	-0.0006	761.0000	760.5433	1.0272	-2.8002	99.7094	40.6257	0.8230	0.8269	5.0000	-9999.0000	-9999.0000	-9999.0000	-9999.0000	-9999.0000	-9999.0000	17.2393	3	0	29.7600	1.0000	14	3	-9999.0000	51936	26692	-9999	-9999	1868	4190	497.6696	5	0.6542	0.6657	-0.0006	40.3970	2.5547	669.8504	541.9237	44.7454	656.7912	94.3750	676.7218	94.7222	685.2382	94.7685	689.2336	94.6065	
10/08/2017	02:23:23	011995	H374030111HLR	L374	Q		671.4541	1.0400	0.0000	99.9429	39.5724	0.8230	1.1624	5.0000	20.2363	761.0852	94.7917	18.7294	25.5000	0.9300	0.9413	0.6661	-0.0007	761.0000	759.3623	1.0272	-2.7722	99.9019	40.5984	0.8230	0.8260	5.0000	-9999.0000	-9999.0000	-9999.0000	-9999.0000	-9999.0000	-9999.0000	18.9292	7	0	29.9692	1.0000	14	3	-9999.0000	51937	26693	-9999	-9999	1870	4195	497.6588	5	0.6540	0.6661	-0.0007	44.1650	2.4124	671.9759	501.1406	42.2917	659.5394	94.5602	677.5096	94.8611	685.2377	94.7454	689.0288	94.5833	
10/08/2017	02:23:54	011995	H374030120HLR	L374	Q		670.0016	1.0400	0.0000	99.7745	39.6333	0.8230	1.1629	5.0000	19.8681	761.0570	94.7222	18.8086	25.2000	0.9300	0.9409	0.6661	-0.0007	761.0000	761.0831	1.0272	-2.8131	99.8054	40.6097	0.8230	0.8268	5.0000	-9999.0000	-9999.0000	-9999.0000	-9999.0000	-9999.0000	-9999.0000	17.2904	8	0	31.0080	1.0000	14	3	-9999.0000	51938	26693	-9999	-9999	1871	4196	497.6312	5	0.6540	0.6661	-0.0007	44.1650	2.4124	673.1623	577.9984	44.8148	661.1401	94.7917	677.6569	94.6296	684.0251	94.5370	688.5647	94.7685	
10/08/2017	02:24:27	011995	H374030117HLR	L374	S		672.4459	1.0400	0.0000	99.8883	39.7442	0.8230	1.1628	5.0000	20.0509	761.0919	94.7222	19.5087	25.2000	0.9300	0.9409	0.6661	-0.0007	761.0000	761.3711	1.0272	-2.8199	100.0185	40.6061	0.8230	0.8267	5.0000	-9999.0000	-9999.0000	-9999.0000	-9999.0000	-9999.0000	-9999.0000	17.3786	1	0	32.6185	1.0000	14	3	-9999.0000	51938	26693	-9999	-9999	1872	4198	497.3082	5	0.6540	0.6661	-0.0007	44.1650	2.4124	674.0325	585.2275	45.4167	662.4296	94.7917	679.3299	94.7222	684.0606	94.6296	687.6595	94.6065	
10/08/2017	02:24:58	011995	H374030113HLR	L374	S		658.7590	1.0400	0.0000	99.9350	39.7299	0.8230	1.1623	5.0000	20.3397	761.1006	94.9074	21.7391	25.2000	0.9300	0.9408	0.6665	-0.0007	761.0000	761.2228	1.0272	-2.8164	99.9485	40.6039	0.8230	0.8265	5.0000	-9999.0000	-9999.0000	-9999.0000	-9999.0000	-9999.0000	-9999.0000	17.6382	2	0	31.6282	1.0000	14	3	-9999.0000	51939	26693	-9999	-9999	1873	4200	496.2598	5	0.6541	0.6665	-0.0007	43.2476	2.4468	660.3841	574.5576	45.1157	648.6295	95.1389	665.0308	94.6759	670.9434	94.6296	676.2164	94.6296	
10/08/2017	02:25:30	011995	H374030082HLR	L374	S		667.6733	1.0400	0.0000	99.8896	39.7287	0.8230	1.1624	5.0000	19.7313	761.0888	94.7917	19.0097	25.2000	0.9300	0.9408	0.6676	-0.0007	761.0000	760.7531	1.0272	-2.8052	100.0664	40.6134	0.8230	0.8267	5.0000	-9999.0000	-9999.0000	-9999.0000	-9999.0000	-9999.0000	-9999.0000	17.3637	3	0	31.8977	1.0000	14	3	-9999.0000	51939	26694	-9999	-9999	1874	4202	497.7370	5	0.6541	0.6676	-0.0007	43.1285	2.4655	670.5102	591.0944	45.2315	657.6726	95.0231	677.5008	94.6528	682.9831	94.6065	687.3287	94.7222	
10/08/2017	02:26:05	011995	H374030094HLR	L374	S		666.6852	1.0400	0.0000	99.8752	39.7247	0.8230	1.1623	5.0000	19.8499	761.0385	94.6759	20.1190	25.2000	0.9300	0.9408	0.6677	-0.0007	761.0000	762.0274	1.0272	-2.8355	99.7362	40.6173	0.8230	0.8268	5.0000	-9999.0000	-9999.0000	-9999.0000	-9999.0000	-9999.0000	-9999.0000	17.3284	4	0	34.4790	1.0000	14	3	-9999.0000	51940	26695	-9999	-9999	1875	4204	497.0544	5	0.6540	0.6677	-0.0007	42.8606	2.4611	668.5617	585.8243	44.6528	656.5516	95.1620	671.3335	94.6528	677.5714	94.6296	683.0308	94.6759	
10/08/2017	02:26:32	011995	H374030091HLR	L374	S		660.5318	1.0400	0.0000	99.8775	39.7244	0.8230	1.1623	5.0000	20.0682	761.0783	94.9074	21.5985	25.2000	0.9300	0.9409	0.6673	-0.0007	761.0000	761.0908	1.0272	-2.8132	99.9064	40.6203	0.8230	0.8267	5.0000	-9999.0000	-9999.0000	-9999.0000	-9999.0000	-9999.0000	-9999.0000	17.3686	5	0	27.4375	1.0000	14	3	-9999.0000	51941	26696	-9999	-9999	1876	4206	496.2607	5	0.6538	0.6673	-0.0007	34.9078	2.9087	662.3866	562.0019	42.2917	650.9027	95.3241	666.7514	94.6528	672.2215	94.6065	675.9817	94.6991	
10/08/2017	02:27:02	011995	H374030097HLR	L374	S		665.3795	1.0400	0.0000	99.8003	39.7420	0.8230	1.1623	5.0000	20.0903	761.0816	94.7917	20.7792	25.1000	0.9300	0.9408	0.6730	-0.0010	761.0000	761.6009	1.0272	-2.8254	99.8309	40.6479	0.8230	0.8269	5.0000	-9999.0000	-9999.0000	-9999.0000	-9999.0000	-9999.0000	-9999.0000	17.3610	6	0	29.2386	1.0000	14	3	-9999.0000	51942	26697	-9999	-9999	1877	4208	496.7216	5	0.6538	0.6730	-0.0010	34.1018	2.9635	667.2365	588.1114	45.5556	655.9454	95.1157	670.4708	94.7685	675.7747	94.6296	679.6670	94.6528	
10/08/2017	02:27:29	011995	H374027730HLR	L374	S		656.6589	1.0400	0.0000	99.7902	39.7485	0.8230	1.1623	5.0000	19.9572	761.0767	94.8380	20.9989	25.2000	0.9300	0.9408	0.6733	-0.0010	761.0000	765.2419	1.0272	-2.9119	100.0447	40.6167	0.8230	0.8257	5.0000	-9999.0000	-9999.0000	-9999.0000	-9999.0000	-9999.0000	-9999.0000	19.5182	7	0	27.3590	1.0000	14	3	-9999.0000	51943	26698	-9999	-9999	1878	4210	496.3863	5	0.6537	0.6733	-0.0010	34.6351	2.9470	660.3978	568.0563	42.1759	647.4671	95.1620	664.7975	94.6528	670.8428	94.6296	675.5484	94.6296	
10/08/2017	02:27:57	011995	H374027733HLR	L374	S		641.2249	1.0400	0.0000	99.9097	39.7496	0.8230	1.1623	5.0000	20.0579	761.0613	94.7917	23.5485	25.2000	0.9300	0.9409	0.6724	-0.0010	761.0000	760.9306	1.0272	-2.8094	99.8192	40.5975	0.8230	0.8259	5.0000	-9999.0000	-9999.0000	-9999.0000	-9999.0000	-9999.0000	-9999.0000	17.2693	8	0	28.1782	1.0000	14	3	-9999.0000	51944	26699	-9999	-9999	1878	4212	494.3111	5	0.6536	0.6724	-0.0010	23.6361	3.5156	644.1834	584.2560	43.8194	631.5952	95.3472	651.6569	94.6759	657.4605	94.6296	663.5589	94.6759	
10/08/2017	02:28:27	011995	H374030086HLR	L374	S		675.4979	1.0400	0.0000	99.9482	39.7544	0.8230	1.1622	5.0000	20.3580	761.0572	94.9306	16.5294	25.2000	0.9300	0.9409	0.6725	-0.0010	761.0000	761.6843	1.0272	-2.8273	99.7123	40.5888	0.8230	0.8250	5.0000	-9999.0000	-9999.0000	-9999.0000	-9999.0000	-9999.0000	-9999.0000	17.5100	1	0	30.3382	1.0000	14	3	-9999.0000	51945	26700	-9999	-9999	1879	4214	499.6973	5	0.6535	0.6725	-0.0010	23.9999	3.4933	675.6883	581.8453	44.6991	663.6876	94.9769	680.3695	94.7222	687.7477	94.6065	692.1896	94.6528	
10/08/2017	02:28:56	011995	H374030078HLR	L374	S		674.1492	1.0400	0.0000	99.9041	39.7508	0.8230	1.1618	5.0000	22.1510	761.1006	94.8611	18.2988	25.2000	0.9300	0.9409	0.6726	-0.0010	761.0000	762.7866	1.0272	-2.8535	99.9422	40.5791	0.8230	0.8238	5.0000	-9999.0000	-9999.0000	-9999.0000	-9999.0000	-9999.0000	-9999.0000	19.4352	2	0	28.9583	1.0000	14	3	-9999.0000	51946	26700	-9999	-9999	1880	4216	498.4311	5	0.6532	0.6726	-0.0010	24.0419	3.4927	672.2003	604.7132	44.6759	660.0900	94.9537	677.0389	94.6759	684.4386	94.6065	688.7843	94.6528	
10/08/2017	02:29:26	011995	H374030313HLR	L374	S		678.0534	1.0400	0.0000	99.8989	39.7844	0.8230	1.1623	5.0000	20.1407	761.0738	94.9074	16.4288	25.2000	0.9300	0.9409	0.6721	-0.0010	761.0000	762.6251	1.0272	-2.8497	100.0185	40.5938	0.8230	0.8243	5.0000	-9999.0000	-9999.0000	-9999.0000	-9999.0000	-9999.0000	-9999.0000	18.4890	3	0	29.2655	1.0000	14	3	-9999.0000	51947	26700	-9999	-9999	1881	4218	499.7034	5	0.6530	0.6721	-0.0010	24.1055	3.4900	676.1282	629.7898	45.2778	664.5322	94.9769	684.3545	94.5602	688.3541	94.6759	695.2054	94.6528	
10/08/2017	02:29:53	011995	H374030323HLR	L374	S		677.8890	1.0400	0.0000	99.8212	39.8005	0.8230	1.1622	5.0000	20.0683	761.0616	94.8148	17.3194	25.2000	0.9300	0.9410	0.6716	-0.0009	761.0000	762.4532	1.0272	-2.8456	99.7527	40.6288	0.8230	0.8250	5.0000	-9999.0000	-9999.0000	-9999.0000	-9999.0000	-9999.0000	-9999.0000	17.2584	4	0	26.9316	1.0000	14	3	-9999.0000	51947	26701	-9999	-9999	1882	4220	499.0091	5	0.6532	0.6716	-0.0009	32.4381	3.0976	677.9902	621.8817	45.6944	668.3989	94.9769	680.7474	94.6991	686.6491	94.6296	691.4340	94.6759	
10/08/2017	02:30:19	011995	H374030341HLR	L374	S		675.4667	1.0400	0.0000	99.8248	39.7970	0.8230	1.1622	5.0000	20.1506	761.1100	94.7685	19.4482	25.2000	0.9300	0.9409	0.6701	-0.0009	761.0000	764.3419	1.0272	-2.8905	99.8578	40.6387	0.8230	0.8252	5.0000	-9999.0000	-9999.0000	-9999.0000	-9999.0000	-9999.0000	-9999.0000	17.2814	5	0	26.3991	1.0000	14	3	-9999.0000	51948	26702	-9999	-9999	1883	4222	497.4905	5	0.6532	0.6701	-0.0009	32.2518	3.1001	675.8538	644.6344	45.3241	665.6966	95.0694	677.4750	94.6759	682.5459	94.6065	687.9292	94.6065	
10/08/2017	02:30:46	011995	H374030317HLR	L374	S		677.0711	1.0400	0.0000	99.9612	39.7984	0.8230	1.1622	5.0000	20.2347	761.0972	94.8843	18.0596	25.2000	0.9300	0.9409	0.6690	-0.0008	761.0000	763.9565	1.0272	-2.8813	99.7972	40.6656	0.8230	0.8256	5.0000	-9999.0000	-9999.0000	-9999.0000	-9999.0000	-9999.0000	-9999.0000	17.3969	6	0	26.8980	1.0000	14	3	-9999.0000	51949	26703	-9999	-9999	1883	4224	498.3286	5	0.6533	0.6690	-0.0008	34.0717	3.0071	675.1014	587.0189	45.0463	663.5620	95.0694	680.5710	94.6991	685.8940	94.6065	691.4973	94.6065	
10/08/2017	02:31:14	011995	H374030311HLR	L374	S		673.5068	1.0400	0.0000	99.9500	39.8011	0.8230	1.1621	5.0000	20.4382	761.0801	94.7222	18.2988	25.2000	0.9300	0.9409	0.6682	-0.0008	761.0000	762.8745	1.0272	-2.8556	99.7450	40.6818	0.8230	0.8265	5.0000	-9999.0000	-9999.0000	-9999.0000	-9999.0000	-9999.0000	-9999.0000	17.1652	7	0	27.7289	1.0000	14	3	-9999.0000	51950	26704	-9999	-9999	1884	4226	498.0562	5	0.6533	0.6682	-0.0008	32.8749	3.0672	674.1037	596.9489	45.1157	661.8257	95.0000	679.7683	94.6296	685.5931	94.6296	691.0609	94.6759	
10/08/2017	02:31:41	011995	H374030327HLR	L374	S		680.5268	1.0400	0.0000	99.8468	39.8031	0.8230	1.1622	5.0000	20.0496	761.0525	95.0000	15.8995	25.2000	0.9300	0.9409	0.6681	-0.0008	761.0000	763.4763	1.0272	-2.8699	99.6972	40.6831	0.8230	0.8268	5.0000	-9999.0000	-9999.0000	-9999.0000	-9999.0000	-9999.0000	-9999.0000	17.3392	8	0	27.3384	1.0000	14	3	-9999.0000	51951	26705	-9999	-9999	1885	4228	499.3257	5	0.6532	0.6681	-0.0008	33.2249	3.0394	683.1444	588.8645	44.1204	669.6316	94.9306	691.2148	94.6759	695.8454	94.6296	701.9390	94.6528	
10/08/2017	02:33:16	011995	H374030343HLR	L374	S		679.1716	1.0400	0.0000	99.8452	39.8111	0.8230	1.1622	5.0000	19.8983	761.0977	95.0231	15.4992	25.2000	0.9300	0.9409	0.6675	-0.0007	761.0000	761.4349	1.0272	-2.8214	99.7191	40.6614	0.8230	0.8267	5.0000	-9999.0000	-9999.0000	-9999.0000	-9999.0000	-9999.0000	-9999.0000	17.3168	1	0	94.7254	1.0000	14	3	-9999.0000	51952	26705	-9999	-9999	1886	4230	499.5326	5	0.6532	0.6675	-0.0007	32.8067	3.0551	682.0698	558.9853	41.6667	668.7408	94.9537	689.0303	94.7222	695.4860	94.6296	701.0498	94.6528	
10/08/2017	02:33:47	011995	H374030337HLR	L374	S		682.3534	1.0400	0.0000	99.9610	39.8096	0.8230	1.1621	5.0000	20.4396	761.0425	94.9306	15.9191	25.2000	0.9300	0.9409	0.6671	-0.0007	761.0000	763.5231	1.0272	-2.8710	99.6806	40.6304	0.8230	0.8260	5.0000	-9999.0000	-9999.0000	-9999.0000	-9999.0000	-9999.0000	-9999.0000	17.3685	2	0	31.2180	1.0000	14	3	-9999.0000	51953	26706	-9999	-9999	1887	4232	499.0837	5	0.6532	0.6671	-0.0007	33.0438	3.0426	685.5617	602.7914	43.8426	672.9178	94.9306	691.3575	94.6759	697.4969	94.6296	703.1680	94.6528	
10/08/2017	02:34:18	011995	H374030346HLR	L374	S		673.4026	1.0400	0.0000	99.9441	39.8166	0.8230	1.1622	5.0000	20.2290	761.0436	94.8611	16.7090	25.2000	0.9300	0.9410	0.6661	-0.0007	761.0000	762.8261	1.0272	-2.8545	99.8096	40.6421	0.8230	0.8261	5.0000	-9999.0000	-9999.0000	-9999.0000	-9999.0000	-9999.0000	-9999.0000	17.2581	3	0	30.8786	1.0000	14	3	-9999.0000	51954	26707	-9999	-9999	1888	4234	498.5975	5	0.6532	0.6661	-0.0007	34.7131	2.9561	679.6689	594.5901	44.1898	667.3840	95.0000	686.1331	94.8148	693.0124	94.6296	698.2129	94.6296	
10/08/2017	02:34:48	011995	H374030334HLR	L374	S		679.3638	1.0400	0.0000	99.9484	39.8281	0.8230	1.1622	5.0000	19.9076	761.0785	94.9769	16.3692	25.2000	0.9300	0.9410	0.6664	-0.0007	761.0000	762.4259	1.0272	-2.8450	99.9492	40.6355	0.8230	0.8261	5.0000	-9999.0000	-9999.0000	-9999.0000	-9999.0000	-9999.0000	-9999.0000	17.2291	4	0	30.1884	1.0000	14	3	-9999.0000	51955	26707	-9999	-9999	1889	4236	498.6311	5	0.6533	0.6664	-0.0007	36.5391	2.8616	683.4160	592.1372	42.7083	670.5704	94.9074	691.1562	94.6991	696.3102	94.5139	700.5832	94.8380	
10/08/2017	02:35:18	011995	H374030357HLR	L374	S		674.7815	1.0400	0.0000	99.9281	39.8291	0.8230	1.1621	5.0000	20.3990	761.1063	94.7454	18.2090	25.2000	0.9300	0.9410	0.6656	-0.0007	761.0000	762.8969	1.0272	-2.8561	99.7594	40.6352	0.8230	0.8260	5.0000	-9999.0000	-9999.0000	-9999.0000	-9999.0000	-9999.0000	-9999.0000	17.3896	5	0	29.8077	1.0000	14	3	-9999.0000	51956	26708	-9999	-9999	1890	4238	497.7482	5	0.6533	0.6656	-0.0007	35.8393	2.8960	680.1593	594.5961	43.1481	669.4645	95.0694	685.2078	94.6759	691.4622	94.5833	694.9386	94.6759	
10/08/2017	02:35:47	011995	H374030279HLR	L374	S		664.2059	1.0400	0.0000	99.9843	39.8327	0.8230	1.1622	5.0000	19.9490	761.0906	94.7222	20.2782	25.4000	0.9300	0.9413	0.6653	-0.0006	761.0000	760.2826	1.0272	-2.7940	99.7382	40.6299	0.8230	0.8257	5.0000	-9999.0000	-9999.0000	-9999.0000	-9999.0000	-9999.0000	-9999.0000	17.3883	6	0	29.2292	1.0000	14	3	-9999.0000	51956	26709	-9999	-9999	1891	4240	496.6485	5	0.6533	0.6653	-0.0006	37.7431	2.8058	666.6395	542.7000	44.9306	655.2945	94.9074	672.0028	94.8843	678.6397	94.7685	683.7128	94.6065	
10/08/2017	02:36:17	011995	H374030274HLR	L374	S		665.7472	1.0400	0.0000	99.9066	39.7924	0.8230	1.1621	5.0000	20.1080	761.1187	94.7917	19.9393	25.2000	0.9300	0.9409	0.6650	-0.0006	761.0000	761.7019	1.0272	-2.8278	99.7043	40.6167	0.8230	0.8253	5.0000	-9999.0000	-9999.0000	-9999.0000	-9999.0000	-9999.0000	-9999.0000	17.2995	7	0	30.3479	1.0000	14	3	-9999.0000	51957	26710	-9999	-9999	1892	4241	496.7725	5	0.6534	0.6650	-0.0006	37.4428	2.8182	670.7928	607.4325	44.0278	659.1589	95.3472	676.1240	94.7685	681.4080	94.5833	685.3268	94.6528	
10/08/2017	02:36:50	011995	H374030269HLR	L374	S		666.9919	1.0400	0.0000	99.9390	39.8044	0.8230	1.1622	5.0000	20.1395	761.0719	94.8148	19.2089	25.2000	0.9300	0.9409	0.6648	-0.0006	761.0000	760.1693	1.0272	-2.7913	99.8857	40.6081	0.8230	0.8245	5.0000	-9999.0000	-9999.0000	-9999.0000	-9999.0000	-9999.0000	-9999.0000	18.5923	8	0	32.5977	1.0000	14	3	-9999.0000	51958	26711	-9999	-9999	1893	4243	497.0929	5	0.6533	0.6648	-0.0006	37.4060	2.8186	671.3971	610.0450	45.7639	659.3519	95.2083	675.7269	94.6759	680.7741	94.6065	686.5856	94.6759	
10/08/2017	02:37:23	011995	H374030353HLR	L374	S		676.0027	1.0400	0.0000	99.8667	39.8131	0.8230	1.1622	5.0000	19.9891	761.0705	94.7917	18.9492	25.2000	0.9300	0.9409	0.6648	-0.0006	761.0000	764.3100	1.0272	-2.8897	99.8036	40.6225	0.8230	0.8248	5.0000	-9999.0000	-9999.0000	-9999.0000	-9999.0000	-9999.0000	-9999.0000	17.1784	1	0	33.3987	1.0000	14	3	-9999.0000	51959	26712	-9999	-9999	1894	4245	497.1376	5	0.6533	0.6648	-0.0006	36.4632	2.8783	679.4407	610.1057	43.4722	666.3518	95.1620	687.3045	94.6759	692.1241	94.6065	696.3961	94.6296	
10/08/2017	02:37:55	011995	H374030304HLR	L374	S		670.1730	1.0400	0.0000	99.9915	39.8132	0.8230	1.1621	5.0000	20.2111	761.0525	94.8148	18.1992	25.2000	0.9300	0.9409	0.6653	-0.0006	761.0000	761.0139	1.0272	-2.8114	99.8160	40.6245	0.8230	0.8250	5.0000	-9999.0000	-9999.0000	-9999.0000	-9999.0000	-9999.0000	-9999.0000	17.2343	2	0	31.7581	1.0000	14	3	-9999.0000	51960	26713	-9999	-9999	1895	4247	497.5186	5	0.6532	0.6653	-0.0006	38.6790	2.7697	676.5650	606.5457	44.9306	665.4860	95.1852	682.9011	94.6296	687.4467	94.5833	692.2897	94.7454	
10/08/2017	02:38:26	011995	H374030286HLR	L374	S		669.1826	1.0400	0.0000	99.9629	39.8162	0.8230	1.1622	5.0000	19.8993	761.1275	94.7917	19.4492	25.2000	0.9300	0.9409	0.6645	-0.0006	761.0000	761.8871	1.0272	-2.8322	99.9479	40.6236	0.8230	0.8252	5.0000	-9999.0000	-9999.0000	-9999.0000	-9999.0000	-9999.0000	-9999.0000	17.4287	3	0	30.9162	1.0000	14	3	-9999.0000	51961	26714	-9999	-9999	1896	4249	497.0125	5	0.6531	0.6645	-0.0006	36.8175	2.8715	673.1191	577.2400	42.7546	660.4212	95.1852	678.6647	94.8148	683.5719	94.5602	687.9764	94.6065	
10/08/2017	02:38:55	011995	H374030283HLR	L374	S		666.4975	1.0400	0.0000	99.8531	39.8159	0.8230	1.1621	5.0000	20.0385	761.0463	94.9074	21.6287	25.2000	0.9300	0.9409	0.6643	-0.0006	761.0000	762.5268	1.0272	-2.8474	99.8550	40.6167	0.8230	0.8245	5.0000	-9999.0000	-9999.0000	-9999.0000	-9999.0000	-9999.0000	-9999.0000	19.9489	4	0	29.0708	1.0000	14	3	-9999.0000	51962	26715	-9999	-9999	1897	4251	495.8956	5	0.6531	0.6643	-0.0006	35.2404	2.9565	668.0674	602.8222	43.9120	657.4194	95.1852	672.0438	94.6991	677.7740	94.6065	681.5119	94.6991	
10/08/2017	02:39:25	011995	H374030291HLR	L374	S		661.0978	1.0400	0.0000	99.9613	39.8166	0.8230	1.1620	5.0000	20.5086	761.0797	94.8380	22.5389	25.2000	0.9300	0.9409	0.6644	-0.0006	761.0000	760.8837	1.0272	-2.8083	99.7982	40.6198	0.8230	0.8252	5.0000	-9999.0000	-9999.0000	-9999.0000	-9999.0000	-9999.0000	-9999.0000	17.3263	5	0	30.1489	1.0000	14	3	-9999.0000	51963	26716	-9999	-9999	1898	4253	495.5346	5	0.6531	0.6644	-0.0006	35.8813	2.9230	666.4924	608.7756	44.7454	655.2575	95.1852	667.5062	94.7222	672.9734	94.6759	674.2367	94.6065	
10/08/2017	02:39:52	011995	H374030296HLR	L374	S		662.7891	1.0400	0.0000	99.8714	39.8264	0.8230	1.1621	5.0000	20.0388	761.0523	94.8843	20.8495	25.2000	0.9300	0.9409	0.6646	-0.0006	761.0000	760.8310	1.0272	-2.8071	99.7128	40.6249	0.8230	0.8248	5.0000	-9999.0000	-9999.0000	-9999.0000	-9999.0000	-9999.0000	-9999.0000	17.2692	6	0	26.9476	1.0000	14	3	-9999.0000	51964	26717	-9999	-9999	1898	4255	496.2350	5	0.6531	0.6646	-0.0006	34.2191	3.0186	667.4975	623.8854	45.9028	656.7931	95.2083	671.9290	94.7222	676.7231	94.5833	680.0049	94.6065	
10/08/2017	02:40:23	011995	H374030300HLR	L374	S		665.6277	1.0400	0.0000	99.9748	39.8171	0.8230	1.1618	5.0000	21.1989	761.0568	94.8380	19.9296	25.1000	0.9300	0.9409	0.6650	-0.0006	761.0000	761.4781	1.0272	-2.8224	99.7831	40.6286	0.8230	0.8247	5.0000	-9999.0000	-9999.0000	-9999.0000	-9999.0000	-9999.0000	-9999.0000	17.4928	7	0	31.0987	1.0000	14	3	-9999.0000	51965	26717	-9999	-9999	1898	4257	496.6248	5	0.6530	0.6650	-0.0006	36.8456	2.8681	671.5469	633.2427	46.3426	660.7832	95.1620	675.6247	94.6759	681.5030	94.5370	685.8250	94.6991	
10/08/2017	02:40:55	011995	H374030307HLR	L374	S		667.3045	1.0400	0.0000	99.9546	39.8318	0.8230	1.1622	5.0000	20.0381	761.1233	94.8380	18.0488	25.1000	0.9300	0.9408	0.6644	-0.0006	761.0000	760.5246	1.0272	-2.7998	99.7118	40.6510	0.8230	0.8249	5.0000	-9999.0000	-9999.0000	-9999.0000	-9999.0000	-9999.0000	-9999.0000	17.3861	8	0	31.5307	1.0000	14	3	-9999.0000	51965	26717	-9999	-9999	1899	4259	497.4979	5	0.6528	0.6644	-0.0006	38.3856	2.7871	673.9303	660.4360	45.0231	662.8586	95.0694	679.1540	94.7222	684.3668	94.5370	689.3487	94.6065	
10/08/2017	02:41:23	011995	H374030208HLR	L374	S		665.7456	1.0400	0.0000	99.9482	39.8337	0.8230	1.1621	5.0000	20.1084	761.0788	94.8148	19.1396	25.2000	0.9300	0.9409	0.6642	-0.0006	761.0000	759.1969	1.0272	-2.7682	99.7866	40.6549	0.8230	0.8249	5.0000	-9999.0000	-9999.0000	-9999.0000	-9999.0000	-9999.0000	-9999.0000	17.2985	1	0	28.0757	1.0000	14	3	-9999.0000	51965	26717	-9999	-9999	1900	4261	496.9208	5	0.6528	0.6642	-0.0006	37.6763	2.8280	672.5408	589.7242	43.8657	661.7275	95.1157	675.9974	94.6296	686.0752	94.5370	689.8073	94.7454	
10/08/2017	02:43:53	011995	H374030215HLR	L374	S		676.8336	1.0400	0.0000	99.9273	39.8325	0.8230	1.1620	5.0000	20.3192	761.0787	94.9537	15.9483	25.1000	0.9300	0.9410	0.6643	-0.0006	761.0000	762.5321	1.0272	-2.8475	99.7892	40.6493	0.8230	0.8247	5.0000	-9999.0000	-9999.0000	-9999.0000	-9999.0000	-9999.0000	-9999.0000	17.4548	2	0	150.3024	1.0000	14	3	-9999.0000	51965	26717	-9999	-9999	1901	4263	498.3758	5	0.6527	0.6643	-0.0006	36.7251	2.8899	682.4985	570.0941	43.6111	669.3685	94.9769	690.5248	94.7222	697.3553	94.5833	702.6862	94.6296	
10/08/2017	02:44:18	011995	H374030201HLR	L374	S		661.3948	1.0400	0.0000	99.9944	39.8349	0.8230	1.1621	5.0000	20.0183	761.0944	94.8380	20.1591	25.1000	0.9300	0.9409	0.6648	-0.0006	761.0000	760.7911	1.0272	-2.8061	99.8902	40.6663	0.8230	0.8249	5.0000	-9999.0000	-9999.0000	-9999.0000	-9999.0000	-9999.0000	-9999.0000	17.8785	3	0	24.8980	1.0000	14	3	-9999.0000	51966	26718	-9999	-9999	1902	4264	496.5215	5	0.6528	0.6648	-0.0006	39.2601	2.7552	669.4451	628.2189	45.7639	657.6796	95.1389	673.4362	94.7685	678.3827	94.4907	682.7021	94.7685	
10/08/2017	02:44:49	011995	H374030199HLR	L374	S		666.0777	1.0400	0.0000	99.9526	39.8269	0.8230	1.1619	5.0000	20.7888	761.1297	94.7917	20.4891	25.1000	0.9300	0.9409	0.6647	-0.0006	761.0000	761.7311	1.0272	-2.8284	100.0159	40.6747	0.8230	0.8251	5.0000	-9999.0000	-9999.0000	-9999.0000	-9999.0000	-9999.0000	-9999.0000	18.4860	4	0	30.3800	1.0000	14	3	-9999.0000	51967	26719	-9999	-9999	1903	4266	496.2798	5	0.6528	0.6647	-0.0006	39.2204	2.7572	673.0747	631.9183	45.5787	663.7105	95.1620	674.9347	94.6991	681.2453	94.6065	685.4091	94.6759	
10/08/2017	02:45:17	011995	H374030176HLR	L374	S		674.4091	1.0400	0.0000	99.9513	39.8412	0.8230	1.1621	5.0000	19.9212	761.1678	94.7454	17.0684	25.1000	0.9300	0.9409	0.6643	-0.0006	761.0000	763.8754	1.0272	-2.8794	100.0248	40.6700	0.8230	0.8257	5.0000	-9999.0000	-9999.0000	-9999.0000	-9999.0000	-9999.0000	-9999.0000	19.1040	5	0	28.7579	1.0000	14	3	-9999.0000	51968	26720	-9999	-9999	1904	4268	497.9707	5	0.6529	0.6643	-0.0006	40.7857	2.6768	681.3500	605.2746	45.0231	669.7776	95.0000	687.1314	94.6528	692.5846	94.6065	698.9079	94.6296	
10/08/2017	02:45:47	011995	H374030188HLR	L374	S		682.0439	1.0400	0.0000	99.9289	39.8404	0.8230	1.1620	5.0000	20.0949	761.0567	94.9537	14.6994	25.1000	0.9300	0.9409	0.6643	-0.0006	761.0000	764.7913	1.0272	-2.9011	99.7126	40.6692	0.8230	0.8267	5.0000	-9999.0000	-9999.0000	-9999.0000	-9999.0000	-9999.0000	-9999.0000	17.4399	6	0	29.6982	1.0000	14	3	-9999.0000	51969	26721	-9999	-9999	1905	4270	498.8506	5	0.6529	0.6643	-0.0006	40.7857	2.6768	691.9418	590.3896	44.7454	678.8149	94.9306	699.9594	94.6296	706.4961	94.5602	710.1635	94.6759	
10/08/2017	02:46:17	011995	H374030218HLR	L374	S		698.9796	1.0400	0.0000	99.9336	39.8397	0.8230	1.1620	5.0000	19.9990	0.0000	0.0000	0.0000	0.0000	0.9300	0.0000	0.0000	0.0000	0.0000	689.8564	1.0272	-1.8478	99.7220	40.6382	0.8230	0.8267	5.0000	-9999.0000	-9999.0000	-9999.0000	-9999.0000	-9999.0000	-9999.0000	17.2088	7	8	30.0676	1.0000	14	3	-9999.0000	51970	0	-9999	-9999	1905	4272	0.0000	0	0.0000	0.0000	0.0000	0.0000	0.0000	0.0000	0.0000	0.0000	0.0000	0.0000	0.0000	0.0000	0.0000	0.0000	0.0000	0.0000	
10/08/2017	02:46:48	011995	H374030191HLR	L374	S		660.7907	1.0400	0.0000	99.9079	39.7426	0.8230	1.1620	5.0000	20.0193	761.1517	94.9074	19.3896	25.4000	0.9300	0.9413	0.6637	-0.0006	761.0000	681.4186	1.0272	-2.0318	100.1859	40.6296	0.8230	0.8261	5.0000	-9999.0000	-9999.0000	-9999.0000	-9999.0000	-9999.0000	-9999.0000	17.2877	8	1	30.6794	1.0000	14	3	-9999.0000	51971	26722	-9999	-9999	1906	4274	496.7574	5	0.6530	0.6637	-0.0006	41.7816	2.6325	663.6582	501.1431	42.8704	650.1235	94.9074	672.2521	94.9306	679.8732	94.7917	685.0073	94.6296	
10/08/2017	02:47:18	011995	H374030178HLR	L374	S		673.5123	1.0400	0.0000	99.9034	39.7514	0.8230	1.1622	5.0000	20.3887	761.0636	94.8380	17.6494	25.3000	0.9300	0.9409	0.6620	-0.0005	761.0000	762.4961	1.0272	-2.8466	99.7824	40.6167	0.8230	0.8257	5.0000	-9999.0000	-9999.0000	-9999.0000	-9999.0000	-9999.0000	-9999.0000	17.1294	1	0	30.2174	1.0000	14	3	-9999.0000	51972	26723	-9999	-9999	1906	4276	497.4312	5	0.6531	0.6620	-0.0005	43.2665	2.5561	682.2551	587.4797	44.2593	669.2841	95.1852	687.6510	94.6296	693.1758	94.5833	698.6228	94.6759	
10/08/2017	02:47:46	011995	H374030121HLR	L374	S		667.5387	1.0400	0.0000	99.9316	39.7995	0.8230	1.1623	5.0000	19.9750	761.0479	94.8611	18.7490	25.3000	0.9300	0.9409	0.6620	-0.0005	761.0000	760.6342	1.0272	-2.8024	99.7255	40.6167	0.8230	0.8253	5.0000	-9999.0000	-9999.0000	-9999.0000	-9999.0000	-9999.0000	-9999.0000	17.7554	2	0	28.0938	1.0000	14	4	-9999.0000	51972	26723	-9999	-9999	1907	4278	496.9307	5	0.6531	0.6620	-0.0005	43.2665	2.5561	676.5527	588.5657	44.2361	664.4182	95.1620	681.9429	94.6759	686.9788	94.5833	692.2575	94.6991	
10/08/2017	02:48:15	011995	H374030164HLR	L374	S		671.6024	1.0400	0.0000	99.9505	39.7947	0.8230	1.1622	5.0000	20.1374	761.0858	94.8380	19.0390	25.2000	0.9300	0.9408	0.6612	-0.0004	761.0000	761.5394	1.0272	-2.8239	100.0652	40.6111	0.8230	0.8250	5.0000	-9999.0000	-9999.0000	-9999.0000	-9999.0000	-9999.0000	-9999.0000	17.9789	3	0	29.2732	1.0000	14	4	-9999.0000	51972	26723	-9999	-9999	1908	4280	496.8630	5	0.6530	0.6612	-0.0004	43.0496	2.5658	678.5331	581.0004	46.2269	666.4723	95.0926	684.2970	94.6296	689.1339	94.6528	692.5530	94.6528	
10/08/2017	02:48:45	011995	H374030169HLR	L374	S		670.3714	1.0400	0.0000	99.9949	39.7942	0.8230	1.1622	5.0000	19.9687	761.0786	94.8380	19.8993	25.3000	0.9300	0.9409	0.6608	-0.0004	761.0000	762.8729	1.0272	-2.8556	99.7704	40.6038	0.8230	0.8242	5.0000	-9999.0000	-9999.0000	-9999.0000	-9999.0000	-9999.0000	-9999.0000	18.5591	4	0	29.8080	1.0000	14	4	-9999.0000	51973	26723	-9999	-9999	1909	4282	496.5783	5	0.6529	0.6608	-0.0004	43.2306	2.5603	679.6861	604.5478	46.0185	667.1878	95.1389	684.7985	94.6528	689.4662	94.5833	696.0725	94.7222	
10/08/2017	02:49:15	011995	H374030156HLR	L374	S		672.2334	1.0400	0.0000	99.9429	39.7962	0.8230	1.1621	5.0000	20.0689	761.0994	94.8148	19.2792	25.2000	0.9300	0.9408	0.6601	-0.0004	761.0000	764.7940	1.0272	-2.9012	99.9950	40.6042	0.8230	0.8238	5.0000	-9999.0000	-9999.0000	-9999.0000	-9999.0000	-9999.0000	-9999.0000	19.1458	5	0	29.8685	1.0000	14	4	-9999.0000	51974	26723	-9999	-9999	1910	4284	496.6988	5	0.6529	0.6601	-0.0004	43.5307	2.5501	683.2729	608.1066	46.6898	672.0859	95.0926	686.3174	94.6759	691.3957	94.5370	696.3411	94.7685	
10/08/2017	02:49:45	011995	H374030147HLR	L374	S		673.0236	1.0400	0.0000	99.9596	39.8000	0.8230	1.1622	5.0000	19.9956	761.0735	94.8148	17.2393	25.2000	0.9300	0.9409	0.6597	-0.0004	761.0000	760.8657	1.0272	-2.8079	99.8579	40.6039	0.8230	0.8235	5.0000	-9999.0000	-9999.0000	-9999.0000	-9999.0000	-9999.0000	-9999.0000	19.8683	6	0	30.3079	1.0000	14	4	-9999.0000	51974	26723	-9999	-9999	1911	4286	497.2959	5	0.6528	0.6597	-0.0004	44.4969	2.4995	683.9192	615.8480	45.3704	672.0005	95.1389	687.5945	94.6759	693.1648	94.5139	699.4901	94.7685	
10/08/2017	02:50:17	011995	H374030096HLR	L374	S		666.2468	1.0400	0.0000	99.9401	39.8023	0.8230	1.1622	5.0000	19.9688	761.0783	94.7222	18.4385	25.2000	0.9300	0.9408	0.6598	-0.0004	761.0000	761.0585	1.0272	-2.8125	99.7543	40.6495	0.8230	0.8249	5.0000	-9999.0000	-9999.0000	-9999.0000	-9999.0000	-9999.0000	-9999.0000	17.4389	7	0	31.5891	1.0000	14	4	-9999.0000	51974	26724	-9999	-9999	1912	4288	496.9086	5	0.6528	0.6598	-0.0004	44.4772	2.5034	679.3719	649.1056	48.4259	668.5263	95.1157	683.3105	94.6065	689.5232	94.6296	693.3459	94.6991	
10/08/2017	02:50:42	011995	H374030112HLR	L374	S		665.4411	1.0400	0.0000	99.9603	39.8000	0.8230	1.1620	5.0000	20.6687	761.0455	94.7685	18.8496	25.2000	0.9300	0.9409	0.6600	-0.0004	761.0000	761.4296	1.0272	-2.8213	99.6914	40.6636	0.8230	0.8251	5.0000	-9999.0000	-9999.0000	-9999.0000	-9999.0000	-9999.0000	-9999.0000	17.2281	8	0	24.9879	1.0000	14	4	-9999.0000	51975	26725	-9999	-9999	1913	4290	496.7676	5	0.6527	0.6600	-0.0004	44.8843	2.4866	677.4124	610.6937	44.0741	666.8706	95.1389	682.3396	94.7454	688.8088	94.5602	692.5443	94.6296	
10/08/2017	02:51:13	011995	H374030108HLR	L374	S		668.0832	1.0400	0.0000	99.9262	39.8144	0.8230	1.1622	5.0000	20.0451	761.0681	94.7917	18.9990	25.2000	0.9300	0.9409	0.6602	-0.0004	761.0000	762.0297	1.0272	-2.8355	99.8705	40.6514	0.8230	0.8248	5.0000	-9999.0000	-9999.0000	-9999.0000	-9999.0000	-9999.0000	-9999.0000	17.6382	1	0	30.8399	1.0000	14	4	-9999.0000	51976	26726	-9999	-9999	1914	4292	496.7574	5	0.6527	0.6602	-0.0004	45.0462	2.4805	678.7785	614.1197	46.3194	666.5188	95.1157	682.6289	94.6296	691.0822	94.6296	695.9604	94.7685	
10/08/2017	02:51:41	011995	H374030122HLR	L374	S		666.7216	1.0400	0.0000	99.9567	39.8232	0.8230	1.1622	5.0000	20.0006	761.1081	94.8148	19.3994	25.2000	0.9300	0.9408	0.6600	-0.0004	761.0000	762.3318	1.0272	-2.8427	99.7843	40.6802	0.8230	0.8252	5.0000	-9999.0000	-9999.0000	-9999.0000	-9999.0000	-9999.0000	-9999.0000	18.1683	2	0	28.5172	1.0000	14	4	-9999.0000	51977	26727	-9999	-9999	1915	4294	496.7496	5	0.6527	0.6600	-0.0004	46.4706	2.4149	677.3871	596.0405	43.6111	665.2409	95.1389	684.0600	94.7454	688.4867	94.5370	692.0464	94.6759	
10/08/2017	02:52:11	011995	H374030118HLR	L374	S		670.0154	1.0400	0.0000	99.9304	39.8245	0.8230	1.1621	5.0000	20.0516	761.1273	94.8611	20.6991	25.1000	0.9300	0.9409	0.6589	-0.0003	761.0000	764.3505	1.0272	-2.8907	99.6871	40.6893	0.8230	0.8257	5.0000	-9999.0000	-9999.0000	-9999.0000	-9999.0000	-9999.0000	-9999.0000	17.3688	3	0	29.5384	1.0000	14	4	-9999.0000	51978	26728	-9999	-9999	1916	4295	496.3289	5	0.6526	0.6589	-0.0003	48.6102	2.3131	677.3442	617.7318	45.0000	665.7331	95.1389	680.2129	94.7222	686.3716	94.4907	692.4750	94.6991	
10/08/2017	02:52:40	011995	H374030194HLR	L374	S		705.4433	1.0400	0.0000	99.9472	39.8293	0.8230	1.1621	5.0000	19.9383	0.0000	0.0000	0.0000	0.0000	0.9300	0.0000	0.0000	0.0000	0.0000	696.0758	1.0272	-1.7122	99.9142	40.6972	0.8230	0.8265	5.0000	-9999.0000	-9999.0000	-9999.0000	-9999.0000	-9999.0000	-9999.0000	17.1586	4	8	28.7787	1.0000	14	4	-9999.0000	51979	0	-9999	-9999	1917	4297	0.0000	0	0.0000	0.0000	0.0000	0.0000	0.0000	0.0000	0.0000	0.0000	0.0000	0.0000	0.0000	0.0000	0.0000	0.0000	0.0000	0.0000	
10/08/2017	02:53:12	011995	H374030093HLR	L374	S		665.2529	1.0400	0.0000	99.9192	39.8288	0.8230	1.1621	5.0000	20.1692	761.0735	94.8148	19.9892	25.3000	0.9300	0.9412	0.6585	-0.0003	761.0000	763.1902	1.0272	-2.8631	99.8203	40.7037	0.8230	0.8261	5.0000	-9999.0000	-9999.0000	-9999.0000	-9999.0000	-9999.0000	-9999.0000	17.3889	5	0	32.1780	1.0000	14	4	-9999.0000	51980	26729	-9999	-9999	1918	4299	496.4321	5	0.6525	0.6585	-0.0003	49.1926	2.2918	682.5863	609.0648	48.0093	673.0719	94.9537	682.5959	94.7685	688.8306	94.6991	692.9439	94.6296	
10/08/2017	02:53:40	011995	H374030095HLR	L374	S		636.4390	1.0400	0.0000	99.9852	39.8226	0.8230	1.1621	5.0000	20.2885	761.0796	94.8611	17.5694	25.2000	0.9300	0.9410	0.6585	-0.0003	761.0000	762.4926	1.0272	-2.8465	99.7347	40.7012	0.8230	0.8264	5.0000	-9999.0000	-9999.0000	-9999.0000	-9999.0000	-9999.0000	-9999.0000	17.3482	6	0	28.2182	1.0000	14	4	-9999.0000	51981	26730	-9999	-9999	1919	4300	497.0002	5	0.6523	0.6585	-0.0003	51.9887	2.1458	684.7229	643.8535	46.5046	673.7583	95.1852	690.2794	94.7222	696.2956	94.5602	700.3173	94.6065	
10/08/2017	02:54:10	011995	H374030092HLR	L374	S		667.5049	1.0400	0.0000	99.9285	39.8344	0.8230	1.1620	5.0000	20.2195	761.0585	94.8380	18.5888	25.2000	0.9300	0.9409	0.6585	-0.0003	761.0000	761.2606	1.0272	-2.8173	99.7089	40.7076	0.8230	0.8264	5.0000	-9999.0000	-9999.0000	-9999.0000	-9999.0000	-9999.0000	-9999.0000	17.2161	7	0	30.4583	1.0000	14	4	-9999.0000	51982	26731	-9999	-9999	1920	4302	496.6335	5	0.6523	0.6585	-0.0003	51.9887	2.1458	680.3941	603.7208	43.6806	668.5697	95.0694	685.4111	94.6991	690.2849	94.5833	694.9098	94.6528	
10/08/2017	02:54:37	011995	H374030088HLR	L374	S		665.8665	1.0400	0.0000	99.9102	39.8365	0.8230	1.1621	5.0000	20.1085	761.0790	94.8380	17.8594	25.2000	0.9300	0.9409	0.6589	-0.0003	761.0000	760.4943	1.0272	-2.7991	99.7322	40.6982	0.8230	0.8267	5.0000	-9999.0000	-9999.0000	-9999.0000	-9999.0000	-9999.0000	-9999.0000	17.3387	8	0	26.8094	1.0000	14	4	-9999.0000	51983	26732	-9999	-9999	1921	4304	496.8419	5	0.6522	0.6589	-0.0003	52.1419	2.1491	678.7684	572.9803	44.8611	666.2946	95.0694	686.5944	94.7454	693.2694	94.5602	696.7680	94.6065	
10/08/2017	02:55:07	011995	H374030214HLR	L374	S		665.4806	1.0400	0.0000	99.9371	39.8392	0.8230	1.1620	5.0000	20.1394	761.0746	94.9769	21.1981	25.2000	0.9300	0.9409	0.6588	-0.0003	761.0000	762.8586	1.0272	-2.8552	99.7096	40.6943	0.8230	0.8266	5.0000	-9999.0000	-9999.0000	-9999.0000	-9999.0000	-9999.0000	-9999.0000	17.5626	1	0	29.8172	1.0000	14	4	-9999.0000	51984	26732	-9999	-9999	1922	4306	495.9279	5	0.6522	0.6588	-0.0003	52.2750	2.1412	674.6648	616.2847	45.3935	663.7180	95.0926	678.2694	94.7685	683.3023	94.5833	686.8187	94.6296	
10/08/2017	02:55:34	011995	H374030087HLR	L374	S		675.7035	1.0400	0.0000	99.9583	39.8348	0.8230	1.1618	5.0000	20.9685	761.1113	94.8611	17.2989	25.2000	0.9300	0.9409	0.6589	-0.0004	761.0000	762.1230	1.0272	-2.8378	99.8314	40.6500	0.8230	0.8256	5.0000	-9999.0000	-9999.0000	-9999.0000	-9999.0000	-9999.0000	-9999.0000	18.9983	2	0	26.8991	1.0000	14	4	-9999.0000	51984	26733	-9999	-9999	1923	4308	496.9490	5	0.6522	0.6589	-0.0004	52.8065	2.1147	688.2716	605.1878	43.3565	676.3271	95.0000	692.7641	94.7917	698.6581	94.6296	702.3434	94.6065	
10/08/2017	02:59:03	011995	H374030312HLR	L374	S		673.4208	1.0400	0.0000	99.9246	39.8464	0.8230	1.1620	5.0000	20.0155	761.1716	94.9306	16.7286	25.2000	0.9300	0.9409	0.6592	-0.0004	761.0000	762.3750	1.0272	-2.8437	99.9697	40.6384	0.8230	0.8251	5.0000	-9999.0000	-9999.0000	-9999.0000	-9999.0000	-9999.0000	-9999.0000	19.6185	3	0	209.0992	1.0000	14	4	-9999.0000	51985	26733	-9999	-9999	1924	4310	497.1553	5	0.6522	0.6592	-0.0004	53.9930	2.0601	690.4158	605.0598	45.0463	678.8061	94.9537	697.7122	94.7685	702.3998	94.6065	705.8680	94.6296	
10/08/2017	02:59:31	011995	H374030079HLR	L374	S		678.7059	1.0400	0.0000	99.9492	39.8446	0.8230	1.1620	5.0000	19.9688	761.1036	95.0000	15.7794	25.2000	0.9300	0.9410	0.6601	-0.0004	761.0000	761.0142	1.0272	-2.8114	99.8047	40.6213	0.8230	0.8247	5.0000	-9999.0000	-9999.0000	-9999.0000	-9999.0000	-9999.0000	-9999.0000	17.7549	4	0	27.4184	1.0000	14	4	-9999.0000	51986	26734	-9999	-9999	1925	4312	497.3334	5	0.6522	0.6601	-0.0004	54.4101	2.0447	691.6053	616.2383	46.3426	678.6758	94.8843	696.1669	94.6759	702.1751	94.5602	707.2274	94.6991	
10/08/2017	02:59:57	011995	H374030310HLR	L374	S		678.3209	1.0400	0.0000	99.9421	39.8376	0.8230	1.1617	5.0000	21.6188	761.0770	94.8843	18.9394	25.3000	0.9300	0.9410	0.6593	-0.0004	761.0000	764.3208	1.0272	-2.8900	99.8187	40.6638	0.8230	0.8256	5.0000	-9999.0000	-9999.0000	-9999.0000	-9999.0000	-9999.0000	-9999.0000	17.1186	5	0	26.0884	1.0000	14	4	-9999.0000	51987	26735	-9999	-9999	1926	4314	496.4351	5	0.6521	0.6593	-0.0004	53.1042	2.1085	688.7230	603.2732	46.7824	677.4069	94.9769	692.0501	94.7454	696.7829	94.6296	701.3916	94.6759	
10/08/2017	03:00:23	011995	H374030322HLR	L374	S		677.0578	1.0400	0.0000	99.9294	39.8470	0.8230	1.1620	5.0000	20.1684	761.0399	94.9306	15.9689	25.2000	0.9300	0.9409	0.6593	-0.0004	761.0000	760.4311	1.0272	-2.7976	99.7223	40.6741	0.8230	0.8260	5.0000	-9999.0000	-9999.0000	-9999.0000	-9999.0000	-9999.0000	-9999.0000	17.2247	6	0	26.5288	1.0000	14	4	-9999.0000	51988	26736	-9999	-9999	1927	4316	497.1806	5	0.6521	0.6593	-0.0004	53.1042	2.1085	690.3194	635.2744	44.6991	679.0888	95.0694	695.3933	94.7222	701.0932	94.5370	704.9780	94.5833	
10/08/2017	03:00:51	011995	H374030316HLR	L374	S		673.9188	1.0400	0.0000	99.9484	39.8564	0.8230	1.1620	5.0000	20.0087	761.0773	94.8843	16.5890	25.1000	0.9300	0.9409	0.6585	-0.0003	761.0000	760.7711	1.0272	-2.8056	99.7879	40.6784	0.8230	0.8267	5.0000	-9999.0000	-9999.0000	-9999.0000	-9999.0000	-9999.0000	-9999.0000	17.2243	7	0	28.1977	1.0000	14	4	-9999.0000	51989	26737	-9999	-9999	1928	4318	496.9754	5	0.6522	0.6585	-0.0003	49.0891	2.3253	686.2440	620.7008	43.9352	673.1667	95.0926	691.6107	94.7685	696.7409	94.5602	701.9179	94.6296	
10/08/2017	03:01:19	011995	H374030340HLR	L374	S		676.6509	1.0400	0.0000	99.9711	39.8517	0.8230	1.1620	5.0000	20.2596	761.0761	94.9537	16.4688	25.6000	0.9300	0.9413	0.6593	-0.0004	761.0000	759.1798	1.0272	-2.7678	99.8132	40.6470	0.8230	0.8266	5.0000	-9999.0000	-9999.0000	-9999.0000	-9999.0000	-9999.0000	-9999.0000	17.3485	8	0	27.4791	1.0000	14	4	-9999.0000	51990	26738	-9999	-9999	1929	4320	496.9717	5	0.6521	0.6593	-0.0004	47.1598	2.4289	685.8841	521.9421	45.6944	673.8945	94.6065	692.2069	95.0000	700.2270	94.7222	704.6706	94.6065	
10/08/2017	03:01:46	011995	H374030326HLR	L374	S		676.0242	1.0400	0.0000	99.9201	39.7037	0.8230	1.1620	5.0000	20.0629	761.0538	95.0231	15.1691	25.2000	0.9300	0.9407	0.6593	-0.0004	761.0000	758.7331	1.0272	-2.7572	99.9166	40.6279	0.8230	0.8261	5.0000	-9999.0000	-9999.0000	-9999.0000	-9999.0000	-9999.0000	-9999.0000	17.4088	1	0	26.6987	1.0000	14	4	-9999.0000	51991	26739	-9999	-9999	1930	4322	497.3629	5	0.6521	0.6593	-0.0004	47.1598	2.4289	691.1311	608.0208	43.4954	679.2214	95.1157	696.4381	94.7685	703.8620	94.5602	708.0265	94.6296	
10/08/2017	03:02:15	011995	H374030335HLR	L374	S		677.6873	1.0400	0.0000	99.8318	39.7333	0.8230	1.1623	5.0000	20.0051	761.0849	94.9769	15.6398	25.2000	0.9300	0.9408	0.6610	-0.0005	761.0000	760.3508	1.0272	-2.7957	99.9147	40.6056	0.8230	0.8250	5.0000	-9999.0000	-9999.0000	-9999.0000	-9999.0000	-9999.0000	-9999.0000	18.3387	2	0	29.0500	1.0000	14	4	-9999.0000	51992	26740	-9999	-9999	1931	4324	497.3932	5	0.6522	0.6610	-0.0005	45.6978	2.4958	689.8978	598.1977	45.7870	676.4116	95.0000	695.0394	94.7222	699.9610	94.5370	707.5672	94.6759	
10/08/2017	03:02:43	011995	H374030342HLR	L374	S		675.6641	1.0400	0.0000	99.9251	39.7697	0.8230	1.1623	5.0000	20.1841	761.0568	94.8611	17.3389	25.2000	0.9300	0.9408	0.6616	-0.0005	761.0000	761.7444	1.0272	-2.8288	99.9595	40.6123	0.8230	0.8248	5.0000	-9999.0000	-9999.0000	-9999.0000	-9999.0000	-9999.0000	-9999.0000	17.2486	3	0	28.0465	1.0000	14	4	-9999.0000	51993	26741	-9999	-9999	1932	4325	496.7588	5	0.6522	0.6616	-0.0005	43.6805	2.5929	684.3679	615.9445	44.3056	673.6816	95.1389	688.2662	94.7685	694.0247	94.5602	697.9868	94.6528	
10/08/2017	03:03:10	011995	H374030336HLR	L374	S		676.6033	1.0400	0.0000	99.9664	39.7912	0.8230	1.1623	5.0000	19.8443	761.1119	94.9537	16.5597	25.1000	0.9300	0.9408	0.6632	-0.0006	761.0000	760.7997	1.0272	-2.8063	99.8392	40.6304	0.8230	0.8248	5.0000	-9999.0000	-9999.0000	-9999.0000	-9999.0000	-9999.0000	-9999.0000	17.3796	4	0	27.1587	1.0000	14	4	-9999.0000	51994	26741	-9999	-9999	1933	4327	497.1607	5	0.6523	0.6632	-0.0006	43.5135	2.6006	687.0597	619.6591	44.0509	675.2152	95.0694	693.1978	94.7685	698.5586	94.5370	701.7678	94.6759	
10/08/2017	03:03:37	011995	H374030349HLR	L374	S		672.8821	1.0400	0.0000	99.9538	39.7912	0.8230	1.1620	5.0000	20.5281	761.0733	95.0000	15.7091	25.2000	0.9300	0.9409	0.6632	-0.0006	761.0000	759.1219	1.0272	-2.7665	99.9822	40.6157	0.8230	0.8236	5.0000	-9999.0000	-9999.0000	-9999.0000	-9999.0000	-9999.0000	-9999.0000	19.6789	5	0	27.2983	1.0000	14	4	-9999.0000	51994	26742	-9999	-9999	1934	4329	497.6077	5	0.6523	0.6632	-0.0006	43.5135	2.6006	688.6757	618.4564	43.7037	676.8460	95.1852	694.7335	94.6296	699.5630	94.6759	704.6442	94.6528	
10/08/2017	03:04:06	011995	H374030276HLR	L374	S		668.8541	1.0400	0.0000	99.9567	39.7918	0.8230	1.1620	5.0000	20.7088	761.0580	94.8148	18.0488	25.3000	0.9300	0.9409	0.6642	-0.0007	761.0000	761.0025	1.0272	-2.8111	99.6612	40.6746	0.8230	0.8257	5.0000	-9999.0000	-9999.0000	-9999.0000	-9999.0000	-9999.0000	-9999.0000	17.2925	6	0	29.2485	1.0000	14	4	-9999.0000	51995	26743	-9999	-9999	1935	4331	496.5173	5	0.6523	0.6642	-0.0007	43.3486	2.5919	677.8232	610.8079	44.8843	666.2671	95.1852	683.5590	94.8148	689.5625	94.6065	694.5254	94.6528	
10/08/2017	03:04:35	011995	H374030356HLR	L374	S		671.1736	1.0400	0.0000	99.9254	39.8000	0.8230	1.1622	5.0000	20.1795	761.0466	94.9074	17.1690	25.2000	0.9300	0.9409	0.6649	-0.0007	761.0000	760.5198	1.0272	-2.7997	99.7590	40.6902	0.8230	0.8260	5.0000	-9999.0000	-9999.0000	-9999.0000	-9999.0000	-9999.0000	-9999.0000	17.6285	7	0	28.9983	1.0000	14	4	-9999.0000	51996	26744	-9999	-9999	1936	4333	496.9374	5	0.6524	0.6649	-0.0007	42.0906	2.6587	678.9638	595.4716	45.1852	667.2785	95.0694	685.0928	94.6991	689.3617	94.6065	694.9174	94.7685	
10/08/2017	03:05:03	011995	H374030278HLR	L374	S		676.2272	1.0400	0.0000	99.9476	39.8124	0.8230	1.1621	5.0000	20.2265	761.0740	94.9769	16.1690	25.2000	0.9300	0.9408	0.6649	-0.0007	761.0000	760.6631	1.0272	-2.8031	99.8089	40.6955	0.8230	0.8264	5.0000	-9999.0000	-9999.0000	-9999.0000	-9999.0000	-9999.0000	-9999.0000	17.3884	8	0	27.2194	1.0000	14	4	-9999.0000	51997	26744	-9999	-9999	1937	4334	497.4426	5	0.6524	0.6649	-0.0007	42.0906	2.6587	682.4674	601.0189	45.9491	670.1239	95.0463	688.1550	94.7222	694.4726	94.5370	699.6393	94.6991	
10/08/2017	03:05:27	011995	H374030272HLR	L374	S		675.2210	1.0400	0.0000	99.8591	39.8178	0.8230	1.1621	5.0000	19.8810	761.0988	94.9306	16.3995	25.2000	0.9300	0.9408	0.6674	-0.0008	761.0000	760.8695	1.0272	-2.8080	99.9972	40.6956	0.8230	0.8266	5.0000	-9999.0000	-9999.0000	-9999.0000	-9999.0000	-9999.0000	-9999.0000	17.4892	1	0	24.8882	1.0000	14	4	-9999.0000	51998	26745	-9999	-9999	1938	4336	497.4863	5	0.6525	0.6674	-0.0008	41.7017	2.6828	681.9882	609.1975	45.6250	669.6714	95.0231	686.6828	94.6759	694.0334	94.5602	698.1290	94.6759	
10/08/2017	03:05:56	011995	H374030268HLR	L374	S		672.9645	1.0400	0.0000	99.8538	39.8217	0.8230	1.1621	5.0000	19.9934	761.1187	94.7454	18.2891	25.2000	0.9300	0.9409	0.6674	-0.0008	761.0000	762.6687	1.0272	-2.8507	99.8028	40.6643	0.8230	0.8264	5.0000	-9999.0000	-9999.0000	-9999.0000	-9999.0000	-9999.0000	-9999.0000	17.5584	2	0	28.7788	1.0000	14	4	-9999.0000	51999	26746	-9999	-9999	1939	4338	496.4551	5	0.6525	0.6674	-0.0008	41.8366	2.6801	676.3627	595.8351	44.9769	664.4655	95.0694	680.5099	94.7454	687.4754	94.5602	691.0894	94.6759	
10/08/2017	03:06:24	011995	H374030352HLR	L374	S		671.3636	1.0400	0.0000	99.9448	39.8304	0.8230	1.1621	5.0000	19.9189	761.0695	94.7917	18.0391	25.2000	0.9300	0.9409	0.6674	-0.0008	761.0000	763.2298	1.0272	-2.8641	99.8533	40.6176	0.8230	0.8247	5.0000	-9999.0000	-9999.0000	-9999.0000	-9999.0000	-9999.0000	-9999.0000	19.0990	3	0	27.6175	1.0000	14	4	-9999.0000	52000	26747	-9999	-9999	1940	4339	496.5853	5	0.6525	0.6674	-0.0008	41.4726	2.6992	676.8744	615.3060	45.5787	665.3675	95.0694	682.2290	94.8380	688.2604	94.5602	693.1729	94.6296	
10/08/2017	03:06:51	011995	H374030303HLR	L374	Q		677.9218	1.0400	0.0000	99.9618	39.8346	0.8230	1.1620	5.0000	20.2087	761.0674	94.9074	16.1896	25.2000	0.9300	0.9409	0.6676	-0.0008	761.0000	762.0355	1.0272	-2.8357	99.7900	40.6146	0.8230	0.8242	5.0000	-9999.0000	-9999.0000	-9999.0000	-9999.0000	-9999.0000	-9999.0000	18.7488	4	0	26.9791	1.0000	14	4	-9999.0000	52001	26748	-9999	-9999	1941	4341	497.7394	5	0.6526	0.6676	-0.0008	41.7226	2.6823	682.5900	582.4208	43.4259	671.1802	95.0694	687.9804	94.6759	693.6535	94.5370	698.6310	94.7454	
10/08/2017	03:07:52	011995	H374030299HLR	L374	Q		677.3549	1.0400	0.0000	99.8818	39.7953	0.8230	1.1622	5.0000	19.9771	761.1305	94.7685	17.7383	25.3000	0.9300	0.9413	0.6686	-0.0009	761.0000	763.4684	1.0272	-2.8697	99.7683	40.6600	0.8230	0.8265	5.0000	-9999.0000	-9999.0000	-9999.0000	-9999.0000	-9999.0000	-9999.0000	17.2195	6	0	26.6285	1.0000	14	4	-9999.0000	52003	26749	-9999	-9999	1943	4344	496.7398	5	0.6525	0.6686	-0.0009	38.6011	2.8751	680.7420	565.6974	45.9259	668.7708	94.8843	686.1300	94.7917	693.8919	94.6991	699.1080	94.6296	
10/08/2017	03:08:20	011995	H374030295HLR	L374	S		674.5327	1.0400	0.0000	99.9393	39.8190	0.8230	1.1623	5.0000	20.1307	761.0800	94.9074	16.6788	25.2000	0.9300	0.9410	0.6686	-0.0009	761.0000	761.8634	1.0272	-2.8316	99.9151	40.6497	0.8230	0.8258	5.0000	-9999.0000	-9999.0000	-9999.0000	-9999.0000	-9999.0000	-9999.0000	17.9881	7	0	27.4388	1.0000	14	4	-9999.0000	52004	26750	-9999	-9999	1944	4346	497.3654	5	0.6525	0.6686	-0.0009	38.6011	2.8751	681.5607	630.1598	44.9537	671.3686	95.1389	685.2152	94.7222	690.5485	94.5370	696.0602	94.6065	
10/08/2017	03:08:49	011995	H374030290HLR	L374	S		676.8908	1.0400	0.0000	99.9386	39.8422	0.8230	1.1622	5.0000	20.0819	761.0398	94.9769	16.0196	25.1000	0.9300	0.9409	0.6677	-0.0009	761.0000	760.9024	1.0272	-2.8088	99.7984	40.6172	0.8230	0.8244	5.0000	-9999.0000	-9999.0000	-9999.0000	-9999.0000	-9999.0000	-9999.0000	18.8159	8	0	28.9988	1.0000	14	4	-9999.0000	52005	26750	-9999	-9999	1945	4348	497.7267	5	0.6526	0.6677	-0.0009	37.0652	2.9651	682.4180	589.1740	43.7963	670.7462	95.0694	688.4085	94.6759	693.7491	94.5602	698.5232	94.6759	
10/08/2017	03:09:16	011995	H374030282HLR	L374	S		675.3338	1.0400	0.0000	99.9393	39.8448	0.8230	1.1621	5.0000	20.2988	761.0756	94.8843	24.0583	25.1000	0.9300	0.9409	0.6676	-0.0009	761.0000	771.7006	1.0272	-3.0653	99.7587	40.6470	0.8230	0.8246	5.0000	-9999.0000	-9999.0000	-9999.0000	-9999.0000	-9999.0000	-9999.0000	17.4291	1	2	27.2381	1.0000	14	4	-9999.0000	52006	26751	-9999	-9999	1946	4350	492.5339	5	0.6525	0.6676	-0.0009	37.8689	2.9107	563.5420	633.3021	47.1528	553.8230	96.1574	569.2416	94.7917	577.3353	94.5602	604.3788	94.6528	
10/08/2017	03:09:44	011995	H374030285HLR	L374	S		679.2875	1.0400	0.0000	99.9129	39.8549	0.8230	1.1621	5.0000	19.9989	761.1162	94.9537	15.6593	25.2000	0.9300	0.9409	0.6676	-0.0009	761.0000	761.3518	1.0272	-2.8194	99.8099	40.6655	0.8230	0.8249	5.0000	-9999.0000	-9999.0000	-9999.0000	-9999.0000	-9999.0000	-9999.0000	17.3875	2	0	27.7887	1.0000	14	4	-9999.0000	52007	26752	-9999	-9999	1947	4352	498.0072	5	0.6525	0.6676	-0.0009	37.8689	2.9107	681.3454	635.0281	47.3611	670.2391	94.4444	687.8480	94.6528	696.1741	94.5833	700.4352	94.6528	
10/08/2017	03:10:12	011995	H374030306HLR	L374	S		674.0366	1.0400	0.0000	99.9398	39.8561	0.8230	1.1619	5.0000	20.5995	761.1448	94.9074	16.5694	25.2000	0.9300	0.9410	0.6677	-0.0009	761.0000	761.5907	1.0272	-2.8251	99.7668	40.6880	0.8230	0.8254	5.0000	-9999.0000	-9999.0000	-9999.0000	-9999.0000	-9999.0000	-9999.0000	17.3189	3	0	27.6079	1.0000	14	4	-9999.0000	52008	26753	-9999	-9999	1948	4354	497.3952	5	0.6525	0.6677	-0.0009	38.8278	2.8511	678.5984	614.1997	46.6204	667.0187	94.6759	684.7730	94.8148	691.2081	94.5833	695.9994	94.6528	
10/08/2017	03:10:38	011995	H374030209HLR	L374	S		673.7872	1.0400	0.0000	99.9384	39.8521	0.8230	1.1619	5.0000	20.5660	761.0962	94.8380	18.0996	25.1000	0.9300	0.9409	0.6685	-0.0009	761.0000	762.5487	1.0272	-2.8479	99.7297	40.7076	0.8230	0.8259	5.0000	-9999.0000	-9999.0000	-9999.0000	-9999.0000	-9999.0000	-9999.0000	17.2393	4	0	26.6490	1.0000	14	4	-9999.0000	52009	26754	-9999	-9999	1949	4356	496.3952	5	0.6522	0.6685	-0.0009	42.9596	2.5964	674.8915	607.8361	44.9537	662.8935	94.7222	681.1980	94.8611	687.3214	94.6065	691.0791	94.6759	
10/08/2017	03:11:07	011995	H374030205HLR	L374	S		674.3860	1.0400	0.0000	99.9512	39.8572	0.8230	1.1617	5.0000	21.8189	761.1342	94.8611	16.2892	25.2000	0.9300	0.9410	0.6690	-0.0009	761.0000	762.3142	1.0272	-2.8423	99.7539	40.7206	0.8230	0.8263	5.0000	-9999.0000	-9999.0000	-9999.0000	-9999.0000	-9999.0000	-9999.0000	17.3190	5	0	28.5289	1.0000	14	4	-9999.0000	52010	26755	-9999	-9999	1950	4358	497.5732	5	0.6523	0.6690	-0.0009	42.3899	2.6216	680.8173	617.4755	44.6528	668.8126	94.7454	691.0240	94.7917	696.0204	94.6065	699.8307	94.6065	
10/08/2017	03:11:37	011995	H374030202HLR	L374	S		673.3345	1.0400	0.0000	99.9268	39.8856	0.8230	1.1620	5.0000	20.1893	761.1255	94.8843	16.8096	25.2000	0.9300	0.9409	0.6688	-0.0009	761.0000	762.1852	1.0272	-2.8392	99.7994	40.7091	0.8230	0.8266	5.0000	-9999.0000	-9999.0000	-9999.0000	-9999.0000	-9999.0000	-9999.0000	17.4791	6	0	30.6383	1.0000	14	4	-9999.0000	52011	26756	-9999	-9999	1951	4360	497.2626	5	0.6524	0.6688	-0.0009	38.3100	2.8739	675.8566	602.1946	46.5972	663.0356	94.8380	683.3975	94.7917	690.3171	94.5833	695.5954	94.5833	
10/08/2017	03:12:05	011995	H374030200HLR	L374	S		671.6448	1.0400	0.0000	99.9417	39.8855	0.8230	1.1621	5.0000	19.8193	761.0722	94.8611	16.7091	25.2000	0.9300	0.9409	0.6745	-0.0013	761.0000	760.8118	1.0272	-2.8066	99.8241	40.6943	0.8230	0.8265	5.0000	-9999.0000	-9999.0000	-9999.0000	-9999.0000	-9999.0000	-9999.0000	17.4262	7	0	27.7676	1.0000	14	4	-9999.0000	52012	26757	-9999	-9999	1952	4361	497.2053	5	0.6525	0.6745	-0.0013	41.4842	2.6768	674.3058	597.3235	45.0000	661.3718	94.9074	681.8133	94.7917	688.4048	94.6065	694.0966	94.6296	
10/08/2017	03:12:35	011995	H374030185HLR	L374	S		672.2444	1.0400	0.0000	99.9362	39.8857	0.8230	1.1620	5.0000	19.9491	761.0919	94.9769	15.7697	25.2000	0.9300	0.9409	0.6698	-0.0010	761.0000	762.0779	1.0272	-2.8367	100.0445	40.6920	0.8230	0.8265	5.0000	-9999.0000	-9999.0000	-9999.0000	-9999.0000	-9999.0000	-9999.0000	17.3090	8	0	29.7289	1.0000	14	4	-9999.0000	52012	26758	-9999	-9999	1953	4363	498.0784	5	0.6525	0.6698	-0.0010	42.1735	2.6424	671.9080	590.4840	46.5972	658.7182	94.8611	680.6680	94.8148	688.3399	94.5833	694.6288	94.6065	
10/08/2017	03:13:03	011995	H374030193HLR	L374	S		667.2499	1.0400	0.0000	99.9544	39.8854	0.8230	1.1620	5.0000	19.9493	761.1013	94.8380	17.5089	25.3000	0.9300	0.9410	0.6763	-0.0014	761.0000	761.8160	1.0272	-2.8305	99.8485	40.6616	0.8230	0.8258	5.0000	-9999.0000	-9999.0000	-9999.0000	-9999.0000	-9999.0000	-9999.0000	17.2987	1	0	27.6781	1.0000	14	4	-9999.0000	52013	26759	-9999	-9999	1953	4365	496.5620	5	0.6525	0.6763	-0.0014	52.5181	2.0210	671.3363	598.3204	44.0046	659.8299	95.0000	679.2080	94.8148	686.6614	94.5833	690.7165	94.6991	
10/08/2017	03:13:37	011995	H374030219HLR	L374	S		658.6911	1.0400	0.0000	99.8581	39.8814	0.8230	1.1620	5.0000	20.3495	761.1050	94.8148	19.6396	25.2000	0.9300	0.9409	0.6768	-0.0014	761.0000	761.3690	1.0272	-2.8198	100.0076	40.6498	0.8230	0.8253	5.0000	-9999.0000	-9999.0000	-9999.0000	-9999.0000	-9999.0000	-9999.0000	17.2883	2	0	34.3889	1.0000	14	4	-9999.0000	52014	26760	-9999	-9999	1954	4367	493.9034	5	0.6525	0.6768	-0.0014	54.3213	1.9118	658.7407	596.4714	44.5833	646.8186	95.0694	666.2042	94.8380	672.1750	94.5602	677.9977	94.6991	
10/08/2017	03:14:04	011995	H374030179HLR	L374	S		670.7437	1.0400	0.0000	99.9198	39.8850	0.8230	1.1617	5.0000	21.4152	761.0693	94.8843	16.8292	25.2000	0.9300	0.9410	0.6762	-0.0014	761.0000	763.3179	1.0272	-2.8661	99.7072	40.6531	0.8230	0.8247	5.0000	-9999.0000	-9999.0000	-9999.0000	-9999.0000	-9999.0000	-9999.0000	17.2690	3	0	27.0288	1.0000	14	4	-9999.0000	52015	26761	-9999	-9999	1955	4369	496.8708	5	0.6526	0.6762	-0.0014	59.7912	1.5892	669.5027	585.1216	43.8194	656.2072	95.0000	679.5605	94.8148	684.5500	94.5833	690.8202	94.6065	
10/08/2017	03:14:30	011995	H374030192HLR	L374	S		669.5460	1.0400	0.0000	99.9282	39.9021	0.8230	1.1620	5.0000	20.1786	761.0735	94.7685	18.7490	25.1000	0.9300	0.9409	0.6762	-0.0014	761.0000	763.4898	1.0272	-2.8702	99.9165	40.6476	0.8230	0.8250	5.0000	-9999.0000	-9999.0000	-9999.0000	-9999.0000	-9999.0000	-9999.0000	17.3261	4	0	26.0285	1.0000	14	4	-9999.0000	52016	26761	-9999	-9999	1956	4371	494.8281	5	0.6526	0.6762	-0.0014	59.1108	1.6420	666.5853	575.6613	44.1204	654.0714	95.0926	672.5815	94.7685	679.7065	94.5833	685.6165	94.6296	
10/08/2017	03:14:57	011995	H374030241HLR	L374	S		662.2728	1.0400	0.0000	99.9488	39.9006	0.8230	1.1619	5.0000	20.4186	761.1072	94.8148	16.7794	25.2000	0.9300	0.9409	0.6766	-0.0014	761.0000	755.7618	1.0272	-2.6866	99.7035	40.6643	0.8230	0.8247	5.0000	-9999.0000	-9999.0000	-9999.0000	-9999.0000	-9999.0000	-9999.0000	17.3385	5	0	27.1804	1.0000	14	2	-9999.0000	52017	26762	-9999	-9999	1957	4373	496.9376	5	0.6525	0.6766	-0.0014	58.7390	1.6588	665.2951	606.6133	45.5556	653.1910	95.0231	673.5611	94.6991	682.3596	94.5833	685.9572	94.6296	
10/08/2017	03:15:25	011995	H374030238HLR	L374	S		663.4617	1.0400	0.0000	99.9407	39.9046	0.8230	1.1619	5.0000	20.3194	761.1251	94.9769	15.5890	25.2000	0.9300	0.9409	0.6770	-0.0014	761.0000	758.0057	1.0272	-2.7399	99.7178	40.7013	0.8230	0.8252	5.0000	-9999.0000	-9999.0000	-9999.0000	-9999.0000	-9999.0000	-9999.0000	17.3558	6	0	27.4155	1.0000	14	2	-9999.0000	52018	26763	-9999	-9999	1958	4375	498.2558	5	0.6524	0.6770	-0.0014	59.2550	1.6487	671.2208	580.2268	45.8102	659.3422	95.0000	679.1609	94.7685	686.3090	94.5370	691.3919	94.6528	
10/08/2017	03:15:53	011995	H374030224HLR	L374	S		665.3132	1.0400	0.0000	99.9430	39.9061	0.8230	1.1620	5.0000	20.0594	761.0905	94.9306	16.0695	25.2000	0.9300	0.9411	0.6775	-0.0015	761.0000	757.7390	1.0272	-2.7336	99.8194	40.6922	0.8230	0.8241	5.0000	-9999.0000	-9999.0000	-9999.0000	-9999.0000	-9999.0000	-9999.0000	19.7182	7	0	28.3394	1.0000	14	2	-9999.0000	52019	26764	-9999	-9999	1959	4376	497.7397	5	0.6524	0.6775	-0.0015	31.6407	3.3205	668.8832	588.3672	43.2176	656.5786	94.9769	676.6890	94.8148	684.1927	94.6065	690.4919	94.5833	
10/08/2017	03:16:20	011995	H374030026HLR	L374	S		668.1865	1.0400	0.0000	99.9332	39.9147	0.8230	1.1620	5.0000	20.0584	761.1255	94.9769	15.1291	25.2000	0.9300	0.9409	0.6775	-0.0015	761.0000	757.5095	1.0272	-2.4157	99.7596	40.7217	0.8230	0.8258	5.0000	-9999.0000	-9999.0000	-9999.0000	-9999.0000	-9999.0000	-9999.0000	18.0280	8	0	26.9478	1.0000	14	2	-9999.0000	52020	26765	-9999	-9999	1960	4378	498.8260	5	0.6524	0.6775	-0.0015	31.6407	3.3205	671.6601	603.2206	44.1435	660.5432	95.0000	679.7982	94.7917	686.5069	94.5833	692.6473	94.5833	
10/08/2017	03:16:49	011995	H374029993HLR	L374	S		667.1619	1.0400	0.0000	99.9355	39.9074	0.8230	1.1620	5.0000	20.1784	761.1509	94.9074	16.3087	25.2000	0.9300	0.9410	0.6834	-0.0018	761.0000	757.9830	1.0272	-2.4241	99.7807	40.7216	0.8230	0.8257	5.0000	-9999.0000	-9999.0000	-9999.0000	-9999.0000	-9999.0000	-9999.0000	18.4711	1	0	29.0384	1.0000	14	2	-9999.0000	52020	26766	-9999	-9999	1961	4380	497.5540	5	0.6526	0.6834	-0.0018	33.0163	3.2621	673.0210	626.4100	46.6204	661.9851	95.0463	675.5648	94.6759	681.8754	94.5602	688.6187	94.6991	
10/08/2017	03:17:17	011995	H374030264HLR	L374	S		665.5445	1.0400	0.0000	99.9272	39.9132	0.8230	1.1620	5.0000	19.9890	761.1519	94.9074	16.3888	25.2000	0.9300	0.9410	0.6834	-0.0018	761.0000	757.2045	1.0272	-2.4103	99.7281	40.7122	0.8230	0.8266	5.0000	-9999.0000	-9999.0000	-9999.0000	-9999.0000	-9999.0000	-9999.0000	17.4478	2	0	27.6597	1.0000	14	2	-9999.0000	52021	26767	-9999	-9999	1962	4381	497.6096	5	0.6526	0.6834	-0.0018	33.0163	3.2621	664.1443	625.2697	45.5324	654.4379	95.0926	670.3144	94.8380	677.0259	94.6296	682.2319	94.6296	
10/08/2017	03:17:44	011995	H374030252HLR	L374	S		665.4968	1.0400	0.0000	99.9191	39.9181	0.8230	1.1620	5.0000	20.0558	761.1094	94.8148	17.3887	25.2000	0.9300	0.9409	0.6855	-0.0019	761.0000	758.2987	1.0272	-2.4297	99.8626	40.6987	0.8230	0.8257	5.0000	-9999.0000	-9999.0000	-9999.0000	-9999.0000	-9999.0000	-9999.0000	19.0983	3	0	27.0981	1.0000	14	2	-9999.0000	52022	26768	-9999	-9999	1963	4383	496.2405	5	0.6528	0.6855	-0.0019	61.6760	1.6049	660.0536	577.9061	43.0324	649.2419	95.0463	667.9457	94.8380	675.5746	94.5833	681.0577	94.6065	
10/08/2017	03:18:10	011995	H374030256HLR	L374	S		668.1827	1.0400	0.0000	99.9566	39.9176	0.8230	1.1620	5.0000	20.0086	761.1331	94.9769	16.0792	25.2000	0.9300	0.9409	0.6855	-0.0019	761.0000	758.3434	1.0272	-2.4305	99.8739	40.6631	0.8230	0.8256	5.0000	-9999.0000	-9999.0000	-9999.0000	-9999.0000	-9999.0000	-9999.0000	17.4898	4	0	26.7987	1.0000	14	2	-9999.0000	52022	26769	-9999	-9999	1964	4385	498.3475	5	0.6528	0.6855	-0.0019	61.6760	1.6049	663.3861	577.5520	45.6944	651.5544	94.9769	670.7682	94.8148	677.4225	94.5602	683.9793	94.6296	
10/08/2017	03:18:39	011995	H374030249HLR	L374	S		663.5318	1.0400	0.0000	99.9787	39.9193	0.8230	1.1620	5.0000	19.9769	761.0901	94.7454	18.1494	25.2000	0.9300	0.9410	0.6871	-0.0020	761.0000	758.5775	1.0272	-2.4346	99.9391	40.6566	0.8230	0.8247	5.0000	-9999.0000	-9999.0000	-9999.0000	-9999.0000	-9999.0000	-9999.0000	17.3785	5	0	27.9982	1.0000	14	2	-9999.0000	52023	26770	-9999	-9999	1965	4387	495.2087	5	0.6530	0.6871	-0.0020	65.4446	1.4113	659.4801	587.0741	44.6065	649.2660	95.1389	665.1113	94.8380	673.2332	94.5833	676.8005	94.6528	
10/08/2017	03:19:07	011995	H374030245HLR	L374	S		668.4105	1.0400	0.0000	99.9424	39.9174	0.8230	1.1619	5.0000	20.0584	761.1177	94.8380	16.6388	25.3000	0.9300	0.9410	0.6871	-0.0020	761.0000	757.6959	1.0272	-2.4190	99.9213	40.6757	0.8230	0.8243	5.0000	-9999.0000	-9999.0000	-9999.0000	-9999.0000	-9999.0000	-9999.0000	18.1588	6	0	28.1986	1.0000	14	2	-9999.0000	52024	26771	-9999	-9999	1966	4389	497.5602	5	0.6530	0.6871	-0.0020	65.4446	1.4113	662.2647	572.5436	44.4676	652.1485	95.0694	667.0998	94.7685	673.4841	94.5833	678.6279	94.6296	
10/08/2017	03:19:34	011995	H374030035HLR	L374	S		663.2862	1.0400	0.0000	99.9334	39.9151	0.8230	1.1619	5.0000	20.2184	761.0947	94.9537	16.1993	25.1000	0.9300	0.9409	0.6880	-0.0021	761.0000	757.1967	1.0272	-2.4101	99.8951	40.7025	0.8230	0.8251	5.0000	-9999.0000	-9999.0000	-9999.0000	-9999.0000	-9999.0000	-9999.0000	17.5348	7	0	27.1979	1.0000	14	2	-9999.0000	52025	26771	-9999	-9999	1967	4391	498.2838	5	0.6531	0.6880	-0.0021	68.8186	1.2349	660.5453	578.3813	45.9259	649.4674	95.0926	666.2424	94.6991	673.2426	94.5602	680.3720	94.7222	
10/08/2017	03:20:02	011995	H374030046HLR	L374	S		665.0946	1.0400	0.0000	99.9470	39.9203	0.8230	1.1620	5.0000	20.1259	761.1306	94.9306	15.8986	25.1000	0.9300	0.9409	0.6879	-0.0020	761.0000	758.0477	1.0272	-2.4252	99.7419	40.7195	0.8230	0.8254	5.0000	-9999.0000	-9999.0000	-9999.0000	-9999.0000	-9999.0000	-9999.0000	17.3786	8	0	28.4486	1.0000	14	2	-9999.0000	52026	26772	-9999	-9999	1968	4393	498.9187	5	0.6531	0.6879	-0.0020	66.8449	1.3590	660.1281	595.2034	45.6713	648.3725	95.0000	668.4117	94.8380	674.9494	94.5370	681.8651	94.6528	
10/08/2017	03:20:31	011995	H374030048HLR	L374	S		662.5259	1.0400	0.0000	99.9649	39.9193	0.8230	1.1620	5.0000	19.9383	761.1157	94.8148	17.0889	25.2000	0.9300	0.9410	0.6883	-0.0021	761.0000	756.0318	1.0272	-2.3895	99.7329	40.7376	0.8230	0.8260	5.0000	-9999.0000	-9999.0000	-9999.0000	-9999.0000	-9999.0000	-9999.0000	17.3387	1	0	28.4185	1.0000	14	2	-9999.0000	52027	26773	-9999	-9999	1969	4395	497.0461	5	0.6532	0.6883	-0.0021	66.9926	1.3517	656.4426	580.9938	45.9028	644.8799	95.0926	661.9123	94.8148	668.6271	94.6296	675.2968	94.6528	
10/08/2017	03:20:58	011995	H374030261HLR	L374	S		663.4281	1.0400	0.0000	99.8635	39.9204	0.8230	1.1619	5.0000	20.0482	761.1027	94.8148	17.2188	25.2000	0.9300	0.9410	0.6893	-0.0021	761.0000	758.0240	1.0272	-2.4248	99.7823	40.7439	0.8230	0.8265	5.0000	-9999.0000	-9999.0000	-9999.0000	-9999.0000	-9999.0000	-9999.0000	17.2693	2	0	27.0794	1.0000	14	2	-9999.0000	52028	26774	-9999	-9999	1970	4397	496.9042	5	0.6533	0.6893	-0.0021	69.2733	1.2386	656.0741	589.7698	43.2407	645.4529	95.1157	662.3917	94.8380	669.6875	94.5833	674.8628	94.6065	
10/08/2017	03:21:23	011995	H374030033HLR	L374	S		666.5520	1.0400	0.0000	99.9597	39.9227	0.8230	1.1620	5.0000	19.9091	761.1193	94.8843	16.3487	25.2000	0.9300	0.9410	0.6903	-0.0022	761.0000	759.3166	1.0272	-2.4477	99.7988	40.7294	0.8230	0.8265	5.0000	-9999.0000	-9999.0000	-9999.0000	-9999.0000	-9999.0000	-9999.0000	17.6683	3	0	25.3486	1.0000	14	2	-9999.0000	52029	26775	-9999	-9999	1971	4399	498.4098	5	0.6535	0.6903	-0.0022	71.9672	1.0980	658.5906	573.4297	44.9769	646.9127	95.0000	666.2745	94.7917	674.4363	94.5602	679.8873	94.6065	
10/08/2017	03:21:52	011995	H374030062HLR	L374	S		661.6885	1.0400	0.0000	99.9545	39.9227	0.8230	1.1620	5.0000	19.9189	761.1019	94.7917	17.5694	25.2000	0.9300	0.9410	0.6904	-0.0022	761.0000	756.8378	1.0272	-2.4038	99.7195	40.6942	0.8230	0.8261	5.0000	-9999.0000	-9999.0000	-9999.0000	-9999.0000	-9999.0000	-9999.0000	17.4686	4	0	28.7884	1.0000	14	2	-9999.0000	52029	26776	-9999	-9999	1971	4401	496.4879	5	0.6537	0.6904	-0.0022	71.6353	1.1301	652.9307	581.9769	43.7269	641.9029	95.2315	656.8733	94.8611	664.9560	94.6065	672.2796	94.6296	
10/08/2017	03:22:20	011995	H374030065HLR	L374	S		664.3256	1.0400	0.0000	99.9666	39.9237	0.8230	1.1619	5.0000	20.2888	761.0677	94.7917	17.5889	25.1000	0.9300	0.9410	0.6902	-0.0021	761.0000	757.1541	1.0272	-2.4094	99.7396	40.6601	0.8230	0.8248	5.0000	-9999.0000	-9999.0000	-9999.0000	-9999.0000	-9999.0000	-9999.0000	17.3672	5	0	28.1976	1.0000	14	2	-9999.0000	52030	26777	-9999	-9999	1972	4403	496.5289	5	0.6538	0.6902	-0.0021	70.7120	1.1935	652.8073	581.8872	44.6759	642.6989	95.0926	657.5404	94.8380	664.1307	94.5833	669.8120	94.6296	
10/08/2017	03:22:47	011995	H374037428HLR	L374	S		670.3353	1.0400	0.0000	99.9312	39.9301	0.8230	1.1620	5.0000	20.0598	761.1342	94.9074	16.1593	25.1000	0.9300	0.9409	0.6911	-0.0022	761.0000	760.0137	1.0272	-2.4600	99.7084	40.6787	0.8230	0.8246	5.0000	-9999.0000	-9999.0000	-9999.0000	-9999.0000	-9999.0000	-9999.0000	17.2589	6	0	26.3996	1.0000	14	2	-9999.0000	52031	26778	-9999	-9999	1973	4405	499.0314	5	0.6539	0.6911	-0.0022	73.8134	1.0291	660.1894	609.4782	45.7407	649.3244	95.1157	666.7024	94.6991	673.8992	94.5833	681.2173	94.7222	
10/08/2017	03:23:13	011995	H374030055HLR	L374	S		596.4175	1.0400	0.0000	99.9442	39.9211	0.8230	1.1620	5.0000	20.0485	0.0000	0.0000	0.0000	0.0000	0.9300	0.0000	0.0000	0.0000	0.0000	652.7007	1.0272	-2.6579	99.7537	40.7017	0.8230	0.8255	5.0000	-9999.0000	-9999.0000	-9999.0000	-9999.0000	-9999.0000	-9999.0000	17.1130	7	7	26.3506	1.0000	14	2	-9999.0000	52032	0	-9999	-9999	1974	4407	0.0000	0	0.0000	0.0000	0.0000	0.0000	0.0000	0.0000	0.0000	0.0000	0.0000	0.0000	0.0000	0.0000	0.0000	0.0000	0.0000	0.0000	
10/08/2017	03:23:45	011995	H374030050HLR	L374	S		656.1648	1.0400	0.0000	99.9248	39.9223	0.8230	1.1619	5.0000	20.5387	761.1100	94.7917	17.8086	25.4000	0.9300	0.9412	0.6905	-0.0021	761.0000	754.4364	1.0272	-2.3613	99.6926	40.7343	0.8230	0.8255	5.0000	-9999.0000	-9999.0000	-9999.0000	-9999.0000	-9999.0000	-9999.0000	17.3786	8	0	31.8884	1.0000	14	2	-9999.0000	52033	26778	-9999	-9999	1975	4409	496.5332	5	0.6542	0.6905	-0.0021	74.9012	0.9991	646.1042	545.6577	45.0694	635.0275	95.0694	652.9883	94.8843	661.3751	94.7685	667.0726	94.6528	
10/08/2017	03:24:14	011995	H374037435HLR	L374	S		666.4044	1.0400	0.0000	99.9078	39.9308	0.8230	1.1619	5.0000	20.1883	761.1139	94.8380	17.2588	25.2000	0.9300	0.9410	0.6916	-0.0022	761.0000	760.3169	1.0272	-2.4654	99.9197	40.7445	0.8230	0.8263	5.0000	-9999.0000	-9999.0000	-9999.0000	-9999.0000	-9999.0000	-9999.0000	17.2434	1	0	29.2481	1.0000	14	2	-9999.0000	52034	26779	-9999	-9999	1976	4411	497.5813	5	0.6543	0.6916	-0.0022	76.4897	0.9108	656.9144	587.2302	45.5324	646.0916	95.0926	663.6307	94.7917	671.7075	94.5602	677.4827	94.6528	
10/08/2017	03:24:41	011995	H374030070HLR	L374	S		670.1178	1.0400	0.0000	99.9521	39.9333	0.8230	1.1619	5.0000	20.3484	761.0973	95.0000	15.4884	25.2000	0.9300	0.9410	0.6916	-0.0022	761.0000	759.2683	1.0272	-2.4468	99.9199	40.7174	0.8230	0.8243	5.0000	-9999.0000	-9999.0000	-9999.0000	-9999.0000	-9999.0000	-9999.0000	20.0285	2	0	26.9887	1.0000	14	2	-9999.0000	52035	26780	-9999	-9999	1977	4413	500.5979	5	0.6543	0.6916	-0.0022	76.4897	0.9108	664.1354	609.0421	46.5278	653.9815	95.0463	670.0297	94.6759	677.5397	94.5602	684.1771	94.6528	
10/08/2017	03:25:08	011995	H374037430HLR	L374	S		675.9670	1.0400	0.0000	99.9515	39.9361	0.8230	1.1619	5.0000	20.1287	761.0987	94.9306	15.4689	25.2000	0.9300	0.9409	0.6867	-0.0019	761.0000	762.0404	1.0272	-2.4959	99.7265	40.7448	0.8230	0.8264	5.0000	-9999.0000	-9999.0000	-9999.0000	-9999.0000	-9999.0000	-9999.0000	17.2884	3	0	26.7486	1.0000	14	2	-9999.0000	52036	26781	-9999	-9999	1978	4414	500.6653	5	0.6548	0.6867	-0.0019	61.2037	1.8441	667.1821	627.4212	46.2269	657.2460	95.0694	671.8495	94.6759	679.0979	94.5602	685.1477	94.7222	
10/08/2017	03:25:34	011995	H374037450HLR	L374	S		663.5821	1.0400	0.0000	99.9313	39.9394	0.8230	1.1620	5.0000	20.0187	761.1044	94.8380	20.9090	25.3000	0.9300	0.9410	0.6903	-0.0021	761.0000	757.8225	1.0272	-2.4212	100.0827	40.7282	0.8230	0.8259	5.0000	-9999.0000	-9999.0000	-9999.0000	-9999.0000	-9999.0000	-9999.0000	18.6296	4	0	26.4487	1.0000	14	2	-9999.0000	52037	26782	-9999	-9999	1979	4416	492.6174	5	0.6548	0.6903	-0.0021	62.2714	1.7844	648.3781	587.1700	44.8843	637.9989	95.2315	652.3752	94.8380	658.1682	94.5833	663.4032	94.6528	
10/08/2017	03:26:01	011995	H374030056HLR	L374	S		662.2164	1.0400	0.0000	99.9633	39.9400	0.8230	1.1620	5.0000	20.0096	761.0713	94.8148	18.3486	25.2000	0.9300	0.9409	0.6931	-0.0023	761.0000	758.5256	1.0272	-2.4337	99.7066	40.6958	0.8230	0.8262	5.0000	-9999.0000	-9999.0000	-9999.0000	-9999.0000	-9999.0000	-9999.0000	17.2423	5	0	27.1089	1.0000	14	2	-9999.0000	52038	26783	-9999	-9999	1979	4418	496.1594	5	0.6550	0.6931	-0.0023	60.6909	1.8860	652.3633	575.1453	46.0648	641.5386	95.0926	657.5960	94.7917	665.1304	94.5833	671.7678	94.6296	
10/08/2017	03:26:28	011995	H374037460HLR	L374	S		670.2834	1.0400	0.0000	99.9053	39.9446	0.8230	1.1619	5.0000	20.2187	761.1101	94.9074	16.0089	25.2000	0.9300	0.9408	0.6897	-0.0020	761.0000	760.9141	1.0272	-2.4760	100.0386	40.6571	0.8230	0.8244	5.0000	-9999.0000	-9999.0000	-9999.0000	-9999.0000	-9999.0000	-9999.0000	19.4267	6	0	26.9984	1.0000	14	2	-9999.0000	52039	26784	-9999	-9999	1980	4419	500.2235	5	0.6553	0.6897	-0.0020	51.3742	2.4423	660.1086	576.0323	44.4213	649.7963	95.1389	666.5973	94.6759	673.4857	94.5370	680.5531	94.6991	
10/08/2017	03:26:57	011995	H374037454HLR	L374	S		669.6863	1.0400	0.0000	99.9469	39.9440	0.8230	1.1619	5.0000	19.9680	761.1380	94.9769	15.7492	25.2000	0.9300	0.9409	0.6897	-0.0020	761.0000	760.2202	1.0272	-2.4637	99.7795	40.6804	0.8230	0.8245	5.0000	-9999.0000	-9999.0000	-9999.0000	-9999.0000	-9999.0000	-9999.0000	17.2708	7	0	28.6783	1.0000	14	2	-9999.0000	52040	26785	-9999	-9999	1981	4421	500.5270	5	0.6553	0.6897	-0.0020	51.3742	2.4423	661.4954	573.1753	44.7454	649.2363	95.0231	667.8987	94.6759	676.7175	94.5833	683.4500	94.7222	
10/08/2017	03:27:25	011995	H374037448HLR	L374	S		673.2822	1.0400	0.0000	99.9557	39.9438	0.8230	1.1619	5.0000	20.0496	761.1291	95.0000	15.4894	25.3000	0.9300	0.9409	0.6841	-0.0017	761.0000	761.5552	1.0272	-2.4873	99.7682	40.7125	0.8230	0.8249	5.0000	-9999.0000	-9999.0000	-9999.0000	-9999.0000	-9999.0000	-9999.0000	17.4379	8	0	28.2985	1.0000	14	2	-9999.0000	52041	26786	-9999	-9999	1982	4423	500.7753	5	0.6552	0.6841	-0.0017	52.1201	2.4123	668.3454	581.5012	45.6713	657.0953	94.9537	676.1624	94.6759	682.8782	94.6065	688.8133	94.7222	
10/08/2017	03:27:53	011995	H374037444HLR	L374	S		669.0394	1.0400	0.0000	99.9419	39.9436	0.8230	1.1619	5.0000	19.9527	761.1311	94.9306	16.1798	25.2000	0.9300	0.9409	0.6841	-0.0017	761.0000	761.1565	1.0272	-2.4803	99.6747	40.7219	0.8230	0.8253	5.0000	-9999.0000	-9999.0000	-9999.0000	-9999.0000	-9999.0000	-9999.0000	17.2372	1	0	27.9181	1.0000	14	2	-9999.0000	52041	26787	-9999	-9999	1983	4425	500.0087	5	0.6552	0.6841	-0.0017	52.1201	2.4123	667.9108	594.8693	45.9954	655.9414	94.9769	674.2284	94.7222	680.9725	94.5833	687.3222	94.6759	
10/08/2017	03:28:21	011995	H374037440HLR	L374	S		671.4267	1.0400	0.0000	99.9825	39.9426	0.8230	1.1618	5.0000	20.6091	761.1182	94.9074	15.9191	25.2000	0.9300	0.9409	0.6827	-0.0016	761.0000	759.6211	1.0272	-2.4531	99.9662	40.7219	0.8230	0.8250	5.0000	-9999.0000	-9999.0000	-9999.0000	-9999.0000	-9999.0000	-9999.0000	18.2885	2	0	27.4692	1.0000	14	2	-9999.0000	52042	26788	-9999	-9999	1984	4427	500.4752	5	0.6555	0.6827	-0.0016	53.8610	2.3154	668.0924	577.3757	44.5139	655.7648	95.0000	674.0262	94.7454	680.0737	94.6296	686.6780	94.6528	
10/08/2017	03:28:47	011995	H374030160HLR	L374	S		670.2490	1.0400	0.0000	99.9677	39.9442	0.8230	1.1619	5.0000	20.1482	761.0979	94.7917	17.7793	25.2000	0.9300	0.9409	0.6816	-0.0015	761.0000	762.2031	1.0272	-2.4988	100.0230	40.7304	0.8230	0.8255	5.0000	-9999.0000	-9999.0000	-9999.0000	-9999.0000	-9999.0000	-9999.0000	18.2388	3	0	25.7380	1.0000	14	2	-9999.0000	52043	26789	-9999	-9999	1985	4429	498.3165	5	0.6557	0.6816	-0.0015	51.2172	2.4708	662.3139	578.5283	45.5556	650.0319	95.1389	668.6570	94.7917	675.3378	94.6528	680.6195	94.6759	
10/08/2017	03:29:12	011995	H374037456HLR	L374	S		656.1835	1.0400	0.0000	99.9268	39.9398	0.8230	1.1619	5.0000	19.9384	761.0789	94.8611	17.3692	25.2000	0.9300	0.9410	0.6806	-0.0014	761.0000	761.1387	1.0272	-2.4800	99.8486	40.7283	0.8230	0.8258	5.0000	-9999.0000	-9999.0000	-9999.0000	-9999.0000	-9999.0000	-9999.0000	18.3633	4	0	25.8690	1.0000	14	2	-9999.0000	52044	26790	-9999	-9999	1986	4431	498.8482	5	0.6560	0.6806	-0.0014	58.4400	2.0335	656.0571	598.1879	44.5370	642.6580	95.0926	670.4732	94.8380	675.8729	94.5602	681.2255	94.6065	
10/08/2017	03:29:39	011995	H374037474HLR	L374	S		675.6867	1.0400	0.0000	99.9357	39.9378	0.8230	1.1619	5.0000	20.1066	761.0608	94.8611	17.0294	25.3000	0.9300	0.9410	0.6810	-0.0015	761.0000	764.4780	1.0272	-2.5391	99.7312	40.7006	0.8230	0.8264	5.0000	-9999.0000	-9999.0000	-9999.0000	-9999.0000	-9999.0000	-9999.0000	17.3484	5	0	26.5282	1.0000	14	2	-9999.0000	52045	26791	-9999	-9999	1987	4432	499.2249	5	0.6563	0.6810	-0.0015	56.8182	2.1254	671.0792	593.6073	46.3194	658.4369	94.9769	681.4077	94.7454	687.4370	94.5370	692.9339	94.6759	
10/08/2017	03:30:06	011995	H374037470HLR	L374	S		665.9108	1.0400	0.0000	99.8956	39.9326	0.8230	1.1619	5.0000	20.0569	761.1243	94.9074	16.5792	25.2000	0.9300	0.9409	0.6815	-0.0015	761.0000	760.8482	1.0272	-2.4748	99.8309	40.6647	0.8230	0.8255	5.0000	-9999.0000	-9999.0000	-9999.0000	-9999.0000	-9999.0000	-9999.0000	17.3568	6	0	26.6383	1.0000	14	2	-9999.0000	52046	26792	-9999	-9999	1988	4434	499.8440	5	0.6565	0.6815	-0.0015	54.6725	2.2539	667.0708	599.2060	44.5602	655.6315	95.0926	672.5145	94.7917	680.5880	94.5833	686.4243	94.6296	
10/08/2017	03:30:34	011995	H374037464HLR	L374	S		675.3974	1.0400	0.0000	99.9774	39.9319	0.8230	1.1619	5.0000	19.9699	761.0864	94.9074	14.7893	25.1000	0.9300	0.9408	0.6815	-0.0015	761.0000	762.2630	1.0272	-2.4999	99.8454	40.6542	0.8230	0.8246	5.0000	-9999.0000	-9999.0000	-9999.0000	-9999.0000	-9999.0000	-9999.0000	17.3990	7	0	28.3291	1.0000	14	2	-9999.0000	52047	26793	-9999	-9999	1989	4436	501.8432	5	0.6565	0.6815	-0.0015	54.6725	2.2539	675.1969	627.7725	45.5556	663.4240	94.9769	682.1475	94.7222	688.2530	94.5602	695.1813	94.6991	
10/08/2017	03:30:59	011995	H374030331HLR	L374	S		670.3628	1.0400	0.0000	99.9070	39.9246	0.8230	1.1619	5.0000	20.0387	761.1853	94.9769	14.8596	25.2000	0.9300	0.9409	0.6816	-0.0015	761.0000	759.3218	1.0272	-2.4478	100.0520	40.6550	0.8230	0.8236	5.0000	-9999.0000	-9999.0000	-9999.0000	-9999.0000	-9999.0000	-9999.0000	19.3089	8	0	24.8585	1.0000	14	2	-9999.0000	52048	26794	-9999	-9999	1990	4438	501.8308	5	0.6564	0.6816	-0.0015	55.0304	2.2305	673.9647	619.4038	47.6852	663.7357	95.0463	678.5117	94.6528	685.8776	94.5602	692.8597	94.6991	
10/08/2017	03:31:27	011995	H374030129HLR	L374	S		669.6566	1.0400	0.0000	99.9514	39.9198	0.8230	1.1619	5.0000	20.2186	761.1289	94.9537	15.6388	25.2000	0.9300	0.9409	0.6823	-0.0016	761.0000	760.6376	1.0272	-2.4711	99.7860	40.6997	0.8230	0.8251	5.0000	-9999.0000	-9999.0000	-9999.0000	-9999.0000	-9999.0000	-9999.0000	17.2748	1	0	28.6079	1.0000	14	2	-9999.0000	52048	26795	-9999	-9999	1991	4440	500.8845	5	0.6563	0.6823	-0.0016	53.0934	2.3373	669.9270	586.4934	46.1574	658.3733	95.0000	678.2906	94.7685	684.9405	94.6296	690.3677	94.6296	
10/08/2017	03:31:54	011995	H374030136HLR	L374	S		673.3515	1.0400	0.0000	99.9121	39.9172	0.8230	1.1619	5.0000	20.0945	761.0984	94.9537	15.6993	25.3000	0.9300	0.9410	0.6816	-0.0015	761.0000	760.3507	1.0272	-2.4660	99.6906	40.7242	0.8230	0.8260	5.0000	-9999.0000	-9999.0000	-9999.0000	-9999.0000	-9999.0000	-9999.0000	17.3085	2	0	27.0492	1.0000	14	2	-9999.0000	52049	26796	-9999	-9999	1991	4442	500.8263	5	0.6563	0.6816	-0.0015	50.5477	2.4863	670.0091	614.3105	45.8796	659.9734	94.9769	675.0592	94.7917	681.5648	94.6296	687.4098	94.6296	
10/08/2017	03:32:22	011995	H374030134HLR	L374	S		666.6556	1.0400	0.0000	99.9429	39.9173	0.8230	1.1619	5.0000	19.9992	761.1389	94.7917	17.3086	25.2000	0.9300	0.9409	0.6828	-0.0016	761.0000	760.9532	1.0272	-2.4767	99.6811	40.7331	0.8230	0.8264	5.0000	-9999.0000	-9999.0000	-9999.0000	-9999.0000	-9999.0000	-9999.0000	17.1978	3	0	27.2787	1.0000	14	2	-9999.0000	52050	26797	-9999	-9999	1992	4444	498.9499	5	0.6564	0.6828	-0.0016	52.5760	2.3682	666.1658	581.3463	46.1806	654.3758	95.0694	670.8227	94.6991	677.8679	94.5833	683.3116	94.6991	
10/08/2017	03:32:48	011995	H374030131HLR	L374	S		499.0802	1.0400	0.0000	99.9501	39.8926	0.8230	1.1621	5.0000	19.9696	0.0000	0.0000	0.0000	0.0000	0.9300	0.0000	0.0000	0.0000	0.0000	659.1289	1.0272	-2.5178	99.6602	40.7058	0.8230	0.8270	5.0000	-9999.0000	-9999.0000	-9999.0000	-9999.0000	-9999.0000	-9999.0000	17.3384	4	7	26.0984	1.0000	14	2	-9999.0000	52051	0	-9999	-9999	1993	4446	0.0000	0	0.0000	0.0000	0.0000	0.0000	0.0000	0.0000	0.0000	0.0000	0.0000	0.0000	0.0000	0.0000	0.0000	0.0000	0.0000	0.0000	
10/08/2017	03:33:13	011995	H374030141HLR	L374	S		663.2087	1.0400	0.0000	99.9406	39.9031	0.8230	1.1620	5.0000	19.9784	761.0744	94.8148	17.6289	25.4000	0.9300	0.9413	0.6831	-0.0016	761.0000	757.9175	1.0272	-2.4229	99.8719	40.6842	0.8230	0.8260	5.0000	-9999.0000	-9999.0000	-9999.0000	-9999.0000	-9999.0000	-9999.0000	17.5983	5	0	24.9186	1.0000	14	2	-9999.0000	52052	26798	-9999	-9999	1993	4448	498.4948	5	0.6566	0.6831	-0.0016	51.3571	2.4411	659.9548	516.7660	42.2917	649.0806	95.1389	666.0660	94.8380	675.0502	94.7454	679.8250	94.6065	
10/08/2017	03:33:40	011995	H374030145HLR	L374	S		671.9463	1.0400	0.0000	99.9416	39.9019	0.8230	1.1619	5.0000	20.2292	761.1646	94.9074	16.1183	25.2000	0.9300	0.9409	0.6832	-0.0016	761.0000	761.0706	1.0272	-2.4788	99.7221	40.6488	0.8230	0.8249	5.0000	-9999.0000	-9999.0000	-9999.0000	-9999.0000	-9999.0000	-9999.0000	17.1980	6	0	27.4283	1.0000	14	2	-9999.0000	52053	26799	-9999	-9999	1994	4450	500.5528	5	0.6566	0.6832	-0.0016	51.0974	2.4609	670.4472	583.9767	44.0509	659.4734	95.1620	676.6854	94.6991	682.8105	94.5833	688.5000	94.7222	
10/08/2017	03:34:09	011995	H374030151HLR	L374	S		667.9358	1.0400	0.0000	99.9680	39.9135	0.8230	1.1619	5.0000	20.1683	761.0910	94.9074	16.3497	25.2000	0.9300	0.9409	0.6832	-0.0016	761.0000	761.6974	1.0272	-2.4899	99.8137	40.6762	0.8230	0.8243	5.0000	-9999.0000	-9999.0000	-9999.0000	-9999.0000	-9999.0000	-9999.0000	17.9274	7	0	28.4983	1.0000	14	2	-9999.0000	52054	26800	-9999	-9999	1995	4452	500.1536	5	0.6566	0.6832	-0.0016	51.0974	2.4609	669.1749	599.3784	45.6019	658.2905	95.1157	674.8297	94.7454	682.3685	94.5833	688.0485	94.6528	
10/08/2017	03:34:36	011995	H374030154HLR	L374	S		673.0697	1.0400	0.0000	99.9478	39.9144	0.8230	1.1619	5.0000	20.0691	761.0726	94.9306	15.1095	25.3000	0.9300	0.9410	0.6832	-0.0016	761.0000	761.2711	1.0272	-2.4823	99.7360	40.7114	0.8230	0.8253	5.0000	-9999.0000	-9999.0000	-9999.0000	-9999.0000	-9999.0000	-9999.0000	17.2392	8	0	27.4993	1.0000	14	2	-9999.0000	52055	26800	-9999	-9999	1996	4454	501.6582	5	0.6566	0.6832	-0.0016	51.0974	2.4609	672.0919	624.2721	45.6713	660.7959	95.0000	677.8127	94.7685	686.4081	94.6759	691.3248	94.6528	
10/08/2017	03:35:05	011995	H374037487HLR	L374	S		608.9104	1.0400	0.0000	99.9348	39.9086	0.8230	1.1620	5.0000	20.0884	0.0000	0.0000	0.0000	0.0000	0.9300	0.0000	0.0000	0.0000	0.0000	617.7077	1.0272	2.4011	99.7786	40.7188	0.8230	0.8264	5.0000	-9999.0000	-9999.0000	-9999.0000	-9999.0000	-9999.0000	-9999.0000	17.2086	1	7	28.4880	1.0000	14	2	-9999.0000	52056	0	-9999	-9999	1997	4456	0.0000	0	0.0000	0.0000	0.0000	0.0000	0.0000	0.0000	0.0000	0.0000	0.0000	0.0000	0.0000	0.0000	0.0000	0.0000	0.0000	0.0000	
10/08/2017	03:35:32	011995	H374030101HLR	L374	S		664.9281	1.0400	0.0000	99.9581	39.9060	0.8230	1.1619	5.0000	20.1884	761.0878	94.8380	16.4288	25.4000	0.9300	0.9413	0.6816	-0.0015	761.0000	758.7091	1.0272	-2.4369	99.7903	40.7201	0.8230	0.8249	5.0000	-9999.0000	-9999.0000	-9999.0000	-9999.0000	-9999.0000	-9999.0000	18.7016	2	0	27.2885	1.0000	14	3	-9999.0000	52057	26801	-9999	-9999	1998	4457	500.1641	5	0.6567	0.6816	-0.0015	48.8960	2.5979	662.4159	542.2748	43.4722	650.4414	95.0694	670.5592	94.9074	678.8275	94.6991	685.3034	94.6528	
10/08/2017	03:36:00	011995	H374030110HLR	L374	S		663.6348	1.0400	0.0000	99.9375	39.9090	0.8230	1.1619	5.0000	20.1492	761.1645	94.7685	17.5499	25.4000	0.9300	0.9411	0.6815	-0.0015	761.0000	760.0692	1.0272	-2.4610	99.7036	40.7385	0.8230	0.8264	5.0000	-9999.0000	-9999.0000	-9999.0000	-9999.0000	-9999.0000	-9999.0000	17.2485	3	0	27.7984	1.0000	14	3	-9999.0000	52058	26802	-9999	-9999	1999	4459	498.8993	5	0.6568	0.6815	-0.0015	48.0064	2.6465	663.1028	571.8948	42.8935	650.4890	95.1157	668.9294	94.6991	676.7863	94.6065	681.2277	94.6759	
10/08/2017	03:36:25	011995	H374030119HLR	L374	S		668.7142	1.0400	0.0000	99.9745	39.9188	0.8230	1.1619	5.0000	20.2483	761.0770	94.9074	16.5294	25.4000	0.9300	0.9409	0.6815	-0.0015	761.0000	760.8423	1.0272	-2.4747	99.6908	40.7227	0.8230	0.8265	5.0000	-9999.0000	-9999.0000	-9999.0000	-9999.0000	-9999.0000	-9999.0000	17.5099	4	0	25.4186	1.0000	14	3	-9999.0000	52058	26803	-9999	-9999	2000	4461	499.9687	5	0.6568	0.6815	-0.0015	48.0064	2.6465	668.2613	584.8276	45.4398	656.3320	95.0694	674.3769	94.7454	681.3519	94.6065	687.3886	94.6296	
10/08/2017	03:36:51	011995	H374030116HLR	L374	S		666.6793	1.0400	0.0000	99.9566	39.9217	0.8230	1.1619	5.0000	20.1579	761.0995	94.8148	17.4590	25.3000	0.9300	0.9408	0.6819	-0.0015	761.0000	760.7259	1.0272	-2.4727	99.6808	40.7010	0.8230	0.8264	5.0000	-9999.0000	-9999.0000	-9999.0000	-9999.0000	-9999.0000	-9999.0000	17.4292	5	0	26.1392	1.0000	14	3	-9999.0000	52059	26804	-9999	-9999	2001	4462	498.9166	5	0.6568	0.6819	-0.0015	48.1484	2.6423	665.9712	588.6318	45.6944	654.7031	95.1620	670.3381	94.6991	677.0199	94.5833	682.4371	94.6296	
10/08/2017	03:37:20	011995	H374030166HLR	L374	S		665.5735	1.0400	0.0000	99.9572	39.9194	0.8230	1.1619	5.0000	20.2290	761.1235	94.8843	16.3595	25.3000	0.9300	0.9409	0.6813	-0.0015	761.0000	759.3531	1.0272	-2.4483	99.8402	40.6559	0.8230	0.8252	5.0000	-9999.0000	-9999.0000	-9999.0000	-9999.0000	-9999.0000	-9999.0000	17.3684	6	0	28.8383	1.0000	14	3	-9999.0000	52060	26805	-9999	-9999	2002	4464	500.2314	5	0.6568	0.6813	-0.0015	47.2202	2.7008	666.7765	633.7429	46.6898	655.8049	95.0926	673.7969	94.7917	680.1040	94.5370	685.6345	94.7454	
10/08/2017	03:37:48	011995	H374030090HLR	L374	S		668.0165	1.0400	0.0000	99.9554	39.9245	0.8230	1.1619	5.0000	20.1194	761.0740	94.8380	16.7589	25.2000	0.9300	0.9409	0.6816	-0.0015	761.0000	760.7789	1.0272	-2.4736	99.8295	40.6663	0.8230	0.8245	5.0000	-9999.0000	-9999.0000	-9999.0000	-9999.0000	-9999.0000	-9999.0000	17.4986	7	0	27.4682	1.0000	14	3	-9999.0000	52061	26805	-9999	-9999	2003	4466	499.7521	5	0.6569	0.6816	-0.0015	47.1129	2.7045	669.4144	582.0449	45.1852	657.8822	95.1389	674.8690	94.6528	682.0228	94.5833	687.1099	94.6991	
10/08/2017	03:38:14	011995	H374030104HLR	L374	S		671.8038	1.0400	0.0000	99.9387	39.9253	0.8230	1.1619	5.0000	20.1189	761.1236	94.9306	14.4094	25.2000	0.9300	0.9409	0.6816	-0.0015	761.0000	759.9548	1.0272	-2.4590	99.6939	40.6863	0.8230	0.8247	5.0000	-9999.0000	-9999.0000	-9999.0000	-9999.0000	-9999.0000	-9999.0000	17.4143	8	0	26.4183	1.0000	14	3	-9999.0000	52062	26806	-9999	-9999	2004	4468	502.4654	5	0.6569	0.6816	-0.0015	47.1129	2.7045	676.3909	569.3890	43.9352	664.3182	94.9769	683.0046	94.7454	689.2433	94.5602	696.5288	94.6296	
10/08/2017	03:38:39	011995	H374030081HLR	L374	S		669.3779	1.0400	0.0000	99.9166	39.9286	0.8230	1.1619	5.0000	20.0389	761.0987	94.9537	15.1593	25.2000	0.9300	0.9408	0.6818	-0.0015	761.0000	760.2748	1.0272	-2.4647	99.7178	40.7145	0.8230	0.8252	5.0000	-9999.0000	-9999.0000	-9999.0000	-9999.0000	-9999.0000	-9999.0000	17.3992	1	0	25.0072	1.0000	14	3	-9999.0000	52063	26807	-9999	-9999	2005	4470	501.6341	5	0.6569	0.6818	-0.0015	47.7365	2.6644	670.3741	571.7673	46.2963	658.9151	95.0463	677.6846	94.6065	686.6713	94.6296	691.9388	94.6528	
10/08/2017	03:39:05	011995	H374030098HLR	L374	S		653.7539	1.0400	0.0000	99.9266	39.9268	0.8230	1.1620	5.0000	19.9294	761.0988	94.8380	17.9590	25.2000	0.9300	0.9408	0.6820	-0.0015	761.0000	760.8212	1.0272	-2.4743	99.7724	40.7341	0.8230	0.8258	5.0000	-9999.0000	-9999.0000	-9999.0000	-9999.0000	-9999.0000	-9999.0000	17.3578	2	0	25.8603	1.0000	14	3	-9999.0000	52064	26808	-9999	-9999	2006	4472	498.4682	5	0.6570	0.6820	-0.0015	46.5311	2.7521	640.0755	623.5494	45.0463	631.1601	95.2778	643.6264	94.6759	651.3957	94.6296	654.8708	94.6296	
10/08/2017	03:39:30	011995	H374030106HLR	L374	S		666.3313	1.0400	0.0000	99.9203	39.9294	0.8230	1.1619	5.0000	20.1688	761.0703	94.8611	16.5792	25.3000	0.9300	0.9410	0.6834	-0.0016	761.0000	760.8323	1.0272	-2.4745	99.6795	40.7294	0.8230	0.8266	5.0000	-9999.0000	-9999.0000	-9999.0000	-9999.0000	-9999.0000	-9999.0000	17.3484	3	0	24.9380	1.0000	14	3	-9999.0000	52065	26809	-9999	-9999	2007	4474	500.0606	5	0.6571	0.6834	-0.0016	51.0229	2.4777	667.0188	608.4860	47.4537	656.5654	95.0694	671.7220	94.7685	679.6272	94.4213	685.4976	94.7917	
10/08/2017	03:39:56	011995	H374030075HLR	L374	S		673.7004	1.0400	0.0000	99.9911	39.9320	0.8230	1.1618	5.0000	20.5487	761.0825	94.9537	15.4787	25.3000	0.9300	0.9409	0.6835	-0.0016	761.0000	761.9413	1.0272	-2.4942	100.0544	40.6971	0.8230	0.8257	5.0000	-9999.0000	-9999.0000	-9999.0000	-9999.0000	-9999.0000	-9999.0000	18.4840	4	0	25.6491	1.0000	14	3	-9999.0000	52066	26810	-9999	-9999	2008	4476	501.5020	5	0.6573	0.6835	-0.0016	56.9204	2.1121	672.6132	578.2999	45.9491	661.9411	94.9769	679.1505	94.7222	685.2664	94.5602	690.9023	94.6759	
10/08/2017	03:40:23	011995	H374030314HLR	L374	S		624.5944	1.0400	0.0000	99.9407	39.9331	0.8230	1.1620	5.0000	20.0081	0.0000	0.0000	0.0000	0.0000	0.9300	0.0000	0.0000	0.0000	0.0000	660.0757	1.0272	-2.4971	99.7183	40.6548	0.8230	0.8252	5.0000	-9999.0000	-9999.0000	-9999.0000	-9999.0000	-9999.0000	-9999.0000	17.0973	5	7	27.8286	1.0000	14	3	-9999.0000	52067	0	-9999	-9999	2009	4478	0.0000	0	0.0000	0.0000	0.0000	0.0000	0.0000	0.0000	0.0000	0.0000	0.0000	0.0000	0.0000	0.0000	0.0000	0.0000	0.0000	0.0000	
10/08/2017	03:40:49	011995	H374030077HLR	L374	S		677.1884	1.0400	0.0000	99.9885	39.9321	0.8230	1.1618	5.0000	20.4777	761.0989	95.0000	14.8586	25.4000	0.9300	0.9412	0.6831	-0.0016	761.0000	762.1267	1.0272	-2.4975	99.6780	40.6969	0.8230	0.8247	5.0000	-9999.0000	-9999.0000	-9999.0000	-9999.0000	-9999.0000	-9999.0000	17.2194	6	0	25.3785	1.0000	14	3	-9999.0000	52068	26811	-9999	-9999	2010	4480	502.2052	5	0.6571	0.6831	-0.0016	61.0392	1.8560	674.0212	546.3114	44.9537	662.5038	94.8148	681.3799	94.8380	690.0427	94.6991	694.9504	94.6528	
10/08/2017	03:41:15	011995	H374030265HLR	L374	S		593.6820	1.0400	0.0000	99.9521	39.9271	0.8230	1.1620	5.0000	20.1979	0.0000	0.0000	0.0000	0.0000	0.9300	0.0000	0.0000	0.0000	0.0000	658.9426	1.0272	-2.5218	99.7392	40.7128	0.8230	0.8257	5.0000	-9999.0000	-9999.0000	-9999.0000	-9999.0000	-9999.0000	-9999.0000	17.3491	7	7	26.0994	1.0000	14	3	-9999.0000	52068	0	-9999	-9999	2011	4482	0.0000	0	0.0000	0.0000	0.0000	0.0000	0.0000	0.0000	0.0000	0.0000	0.0000	0.0000	0.0000	0.0000	0.0000	0.0000	0.0000	0.0000	
10/08/2017	03:41:42	011995	H374030103HLR	L374	S		672.6834	1.0400	0.0000	99.9608	39.9333	0.8230	1.1620	5.0000	20.0664	761.1234	95.0000	14.5891	25.4000	0.9300	0.9412	0.6828	-0.0016	761.0000	761.5481	1.0272	-2.4872	99.7145	40.7369	0.8230	0.8257	5.0000	-9999.0000	-9999.0000	-9999.0000	-9999.0000	-9999.0000	-9999.0000	17.5690	8	0	27.5374	1.0000	14	3	-9999.0000	52069	26812	-9999	-9999	2012	4484	502.5563	5	0.6574	0.6828	-0.0016	53.6658	2.3272	673.1113	552.4964	45.9722	660.1773	94.7917	682.3676	94.8148	689.4707	94.7222	695.7847	94.5602	
10/08/2017	03:42:10	011995	H374030324HLR	L374	S		667.7830	1.0400	0.0000	99.9763	39.9333	0.8230	1.1619	5.0000	19.9866	761.0619	94.8843	16.8087	25.2000	0.9300	0.9410	0.6815	-0.0015	761.0000	761.7894	1.0272	-2.4915	99.8039	40.7369	0.8230	0.8265	5.0000	-9999.0000	-9999.0000	-9999.0000	-9999.0000	-9999.0000	-9999.0000	17.3084	1	0	27.9887	1.0000	14	3	-9999.0000	52069	26813	-9999	-9999	2013	4486	499.8476	5	0.6575	0.6815	-0.0015	50.5388	2.5149	667.8612	583.4453	45.1620	656.2583	95.0926	674.3220	94.7454	681.8693	94.6065	686.4455	94.6759	
10/08/2017	03:42:37	011995	H374030350HLR	L374	S		674.9204	1.0400	0.0000	99.9749	39.9385	0.8230	1.1619	5.0000	19.9794	761.1167	94.9074	14.5187	25.2000	0.9300	0.9409	0.6815	-0.0015	761.0000	761.2624	1.0272	-2.4822	99.9220	40.7128	0.8230	0.8263	5.0000	-9999.0000	-9999.0000	-9999.0000	-9999.0000	-9999.0000	-9999.0000	17.7888	2	0	26.3590	1.0000	14	3	-9999.0000	52070	26814	-9999	-9999	2014	4488	502.5219	5	0.6575	0.6815	-0.0015	50.5388	2.5149	675.6440	600.3277	45.5556	664.0437	94.9769	682.0591	94.7222	690.2903	94.5370	695.5997	94.6528	
10/08/2017	03:43:03	011995	H374030318HLR	L374	S		674.2882	1.0400	0.0000	99.9202	39.9416	0.8230	1.1619	5.0000	20.0389	761.2029	94.9769	15.2092	25.1000	0.9300	0.9409	0.6815	-0.0015	761.0000	762.9635	1.0272	-2.5123	99.8105	40.6810	0.8230	0.8259	5.0000	-9999.0000	-9999.0000	-9999.0000	-9999.0000	-9999.0000	-9999.0000	17.5288	3	0	26.1284	1.0000	14	3	-9999.0000	52070	26815	-9999	-9999	2015	4489	501.8398	5	0.6575	0.6815	-0.0015	50.5388	2.5149	674.1166	593.0456	44.0972	663.2724	95.0000	682.0448	94.7222	688.0724	94.5833	694.5147	94.6759	
10/08/2017	03:43:29	011995	H374030085HLR	L374	S		672.3532	1.0400	0.0000	99.9415	39.9392	0.8230	1.1619	5.0000	20.0388	761.0371	94.8843	16.5792	25.2000	0.9300	0.9410	0.6817	-0.0015	761.0000	762.5057	1.0272	-2.5042	99.7884	40.6598	0.8230	0.8248	5.0000	-9999.0000	-9999.0000	-9999.0000	-9999.0000	-9999.0000	-9999.0000	17.2291	4	0	25.9985	1.0000	14	3	-9999.0000	52071	26816	-9999	-9999	2016	4491	500.1030	5	0.6575	0.6817	-0.0015	51.6860	2.4506	671.3325	588.7877	46.2963	660.1211	95.0231	677.8746	94.7685	685.8307	94.5833	690.7429	94.6528	
10/08/2017	03:43:55	011995	H374030328HLR	L374	S		670.2617	1.0400	0.0000	99.9884	39.9347	0.8230	1.1617	5.0000	21.1021	761.0933	94.8611	17.0694	25.2000	0.9300	0.9409	0.6821	-0.0015	761.0000	762.4072	1.0272	-2.5024	100.0188	40.6489	0.8230	0.8233	5.0000	-9999.0000	-9999.0000	-9999.0000	-9999.0000	-9999.0000	-9999.0000	19.9791	5	0	25.9789	1.0000	14	3	-9999.0000	52072	26817	-9999	-9999	2017	4493	499.5848	5	0.6576	0.6821	-0.0015	51.1760	2.4841	667.2036	577.7299	45.3009	655.5999	95.0926	674.8662	94.7454	681.8607	94.6296	685.3541	94.6296	
10/08/2017	03:44:23	011995	H374030344HLR	L374	S		674.7983	1.0400	0.0000	99.9492	39.9456	0.8230	1.1619	5.0000	20.0984	761.1492	94.9769	15.3693	25.2000	0.9300	0.9409	0.6821	-0.0015	761.0000	762.7849	1.0272	-2.5091	99.9309	40.7191	0.8230	0.8254	5.0000	-9999.0000	-9999.0000	-9999.0000	-9999.0000	-9999.0000	-9999.0000	17.4788	6	0	28.4381	1.0000	14	3	-9999.0000	52072	26818	-9999	-9999	2018	4495	501.6297	5	0.6576	0.6821	-0.0015	51.1760	2.4841	672.6920	583.9838	44.4444	661.0108	95.0926	679.3525	94.6991	688.1180	94.5602	695.7238	94.7454	
10/08/2017	03:44:53	011995	H374030338HLR	L374	S		670.7043	1.0400	0.0000	99.9512	39.9469	0.8230	1.1619	5.0000	20.0887	761.0604	94.9769	15.2599	25.2000	0.9300	0.9409	0.6814	-0.0015	761.0000	761.5001	1.0272	-2.4864	99.8060	40.7397	0.8230	0.8262	5.0000	-9999.0000	-9999.0000	-9999.0000	-9999.0000	-9999.0000	-9999.0000	17.1325	7	0	29.5888	1.0000	14	3	-9999.0000	52073	26819	-9999	-9999	2019	4497	501.6385	5	0.6577	0.6814	-0.0015	51.2048	2.4785	671.9933	590.4521	43.2407	660.8679	95.0694	678.2908	94.6991	685.4277	94.5602	690.2663	94.6991	
10/08/2017	03:45:22	011995	H374030347HLR	L374	S		683.2758	1.0400	0.0000	99.9268	39.9420	0.8230	1.1618	5.0000	20.3088	761.0427	94.9537	15.0392	25.2000	0.9300	0.9410	0.6816	-0.0015	761.0000	764.8199	1.0272	-2.5452	99.7260	40.7421	0.8230	0.8264	5.0000	-9999.0000	-9999.0000	-9999.0000	-9999.0000	-9999.0000	-9999.0000	17.3588	8	0	29.5095	1.0000	14	3	-9999.0000	52074	26820	-9999	-9999	2020	4499	501.7879	5	0.6576	0.6816	-0.0015	52.1118	2.4223	676.6528	588.0226	44.3519	665.1418	95.0463	685.3381	94.7917	691.7456	94.6296	696.8968	94.6528	
10/08/2017	03:45:51	011995	H374030333HLR	L374	S		675.3486	1.0400	0.0000	99.9874	39.9428	0.8230	1.1618	5.0000	20.4943	761.0979	94.9537	15.0890	25.2000	0.9300	0.9409	0.6810	-0.0014	761.0000	762.1772	1.0272	-2.4984	99.7807	40.7379	0.8230	0.8265	5.0000	-9999.0000	-9999.0000	-9999.0000	-9999.0000	-9999.0000	-9999.0000	17.4878	1	0	28.5766	1.0000	14	3	-9999.0000	52075	26821	-9999	-9999	2021	4501	501.7946	5	0.6576	0.6810	-0.0014	49.9416	2.5615	676.5795	595.4767	45.4861	665.3852	95.0694	682.6674	94.7454	689.1825	94.6065	694.2952	94.6528	
10/08/2017	03:46:18	011995	H374030266HLR	L374	S		662.0242	1.0400	0.0000	99.9121	39.9448	0.8230	1.1619	5.0000	20.1595	761.0923	94.8380	17.4991	25.2000	0.9300	0.9409	0.6801	-0.0014	761.0000	759.5372	1.0272	-2.4516	99.7841	40.7246	0.8230	0.8266	5.0000	-9999.0000	-9999.0000	-9999.0000	-9999.0000	-9999.0000	-9999.0000	17.2877	2	0	26.7389	1.0000	14	3	-9999.0000	52076	26821	-9999	-9999	2022	4503	499.1756	5	0.6579	0.6801	-0.0014	48.3764	2.6679	663.5284	598.6218	45.8102	652.4173	95.1389	668.9143	94.7685	675.6158	94.6065	681.2244	94.6528	
10/08/2017	03:46:45	011995	H374030280HLR	L374	S		660.8115	1.0400	0.0000	99.9752	39.9402	0.8230	1.1617	5.0000	20.8524	761.0785	94.7917	18.6387	25.2000	0.9300	0.9409	0.6796	-0.0014	761.0000	761.1526	1.0272	-2.4802	99.8605	40.7000	0.8230	0.8255	5.0000	-9999.0000	-9999.0000	-9999.0000	-9999.0000	-9999.0000	-9999.0000	19.1479	3	0	26.9986	1.0000	14	3	-9999.0000	52077	26822	-9999	-9999	2023	4504	497.9271	5	0.6578	0.6796	-0.0014	47.5884	2.7056	663.5743	615.1276	46.2963	653.3671	95.1852	667.1468	94.7222	674.2691	94.5602	679.5193	94.7454	
10/08/2017	03:47:11	011995	H374030271HLR	L374	S		667.0192	1.0400	0.0000	99.9909	39.9468	0.8230	1.1618	5.0000	20.3992	761.1231	94.7917	18.5283	25.2000	0.9300	0.9409	0.6799	-0.0014	761.0000	761.6372	1.0272	-2.4888	99.7446	40.6637	0.8230	0.8252	5.0000	-9999.0000	-9999.0000	-9999.0000	-9999.0000	-9999.0000	-9999.0000	17.3766	4	0	26.2585	1.0000	14	3	-9999.0000	52077	26823	-9999	-9999	2024	4506	498.1532	5	0.6578	0.6799	-0.0014	47.2261	2.7262	668.3546	628.3682	44.6065	659.3752	95.1620	669.3279	94.6528	675.3582	94.5833	681.1334	94.7222	
10/08/2017	03:47:37	011995	H374030270HLR	L374	S		671.3367	1.0400	0.0000	99.9405	39.9480	0.8230	1.1619	5.0000	20.1482	761.0550	94.7917	17.6993	25.2000	0.9300	0.9409	0.6779	-0.0013	761.0000	762.6679	1.0272	-2.5070	99.8149	40.6432	0.8230	0.8236	5.0000	-9999.0000	-9999.0000	-9999.0000	-9999.0000	-9999.0000	-9999.0000	19.7753	5	0	25.6188	1.0000	14	3	-9999.0000	52078	26824	-9999	-9999	2025	4508	498.9410	5	0.6577	0.6779	-0.0013	43.1832	2.9793	671.4996	587.7807	43.4028	660.1107	95.1852	676.0449	94.6528	682.5034	94.5602	688.1130	94.6991	
10/08/2017	03:48:04	011995	H374030354HLR	L374	S		673.9571	1.0400	0.0000	99.9378	39.9460	0.8230	1.1619	5.0000	20.0682	761.0566	94.9074	15.7287	25.2000	0.9300	0.9410	0.6779	-0.0013	761.0000	762.8346	1.0272	-2.5100	99.7245	40.6997	0.8230	0.8248	5.0000	-9999.0000	-9999.0000	-9999.0000	-9999.0000	-9999.0000	-9999.0000	17.4588	6	0	27.2976	1.0000	14	3	-9999.0000	52079	26825	-9999	-9999	2026	4510	500.9581	5	0.6577	0.6779	-0.0013	43.1832	2.9793	675.9634	582.2417	45.2083	664.2120	95.0000	684.2134	94.6528	689.0893	94.5602	696.0870	94.6991	
10/08/2017	03:48:29	011995	H374030358HLR	L374	S		669.9037	1.0400	0.0000	99.9753	39.9461	0.8230	1.1618	5.0000	20.3583	761.0707	94.9074	16.0685	25.3000	0.9300	0.9409	0.6789	-0.0013	761.0000	761.7820	1.0272	-2.4914	99.6882	40.7377	0.8230	0.8258	5.0000	-9999.0000	-9999.0000	-9999.0000	-9999.0000	-9999.0000	-9999.0000	17.2314	7	0	24.9693	1.0000	14	3	-9999.0000	52080	26826	-9999	-9999	2027	4512	500.6539	5	0.6574	0.6789	-0.0013	44.5519	2.8957	672.2538	589.6448	46.2269	660.8476	95.0231	680.9203	94.7454	687.0011	94.6296	692.4304	94.6528	
10/08/2017	03:48:56	011995	H374030301HLR	L374	S		670.9719	1.0400	0.0000	99.9322	39.9467	0.8230	1.1619	5.0000	20.1256	761.0814	94.9537	15.2785	25.3000	0.9300	0.9409	0.6789	-0.0013	761.0000	761.1190	1.0272	-2.4796	99.6811	40.7434	0.8230	0.8263	5.0000	-9999.0000	-9999.0000	-9999.0000	-9999.0000	-9999.0000	-9999.0000	17.2790	8	0	26.7889	1.0000	14	3	-9999.0000	52081	26827	-9999	-9999	2028	4513	501.4002	5	0.6574	0.6789	-0.0013	44.5519	2.8957	674.3790	592.3180	43.1250	662.8475	95.0000	680.8313	94.8148	688.0443	94.5833	692.6012	94.6296	
10/08/2017	03:49:23	011995	H374030287HLR	L374	S		672.7845	1.0400	0.0000	99.9496	39.9443	0.8230	1.1618	5.0000	20.2197	761.1389	94.9769	14.6291	25.3000	0.9300	0.9408	0.6789	-0.0013	761.0000	759.4311	1.0272	-2.4497	99.8169	40.7131	0.8230	0.8264	5.0000	-9999.0000	-9999.0000	-9999.0000	-9999.0000	-9999.0000	-9999.0000	17.6176	1	0	27.1986	1.0000	14	3	-9999.0000	52082	26828	-9999	-9999	2029	4515	502.0810	5	0.6574	0.6789	-0.0013	46.7966	2.7492	677.5034	588.5093	46.0880	665.9885	94.9537	683.1147	94.6296	690.4705	94.6065	696.8332	94.7454	
10/08/2017	03:49:50	011995	H374030284HLR	L374	S		669.5662	1.0400	0.0000	99.9667	39.9455	0.8230	1.1619	5.0000	20.0682	761.0961	94.9306	16.3194	25.3000	0.9300	0.9410	0.6792	-0.0013	761.0000	760.8143	1.0272	-2.4742	99.7905	40.6699	0.8230	0.8255	5.0000	-9999.0000	-9999.0000	-9999.0000	-9999.0000	-9999.0000	-9999.0000	17.1782	2	0	26.7581	1.0000	14	3	-9999.0000	52083	26828	-9999	-9999	2029	4517	500.3127	5	0.6573	0.6792	-0.0013	46.6225	2.7655	672.0525	577.2607	43.2407	660.7218	95.0926	677.6062	94.7454	683.6966	94.6065	689.0226	94.6528	
10/08/2017	03:50:16	011995	H374030292HLR	L374	S		616.6431	1.0400	0.0000	99.9942	39.9396	0.8230	1.1619	5.0000	20.3235	0.0000	0.0000	0.0000	0.0000	0.9300	0.0000	0.0000	0.0000	0.0000	659.9908	1.0272	-2.4990	99.8879	40.6561	0.8230	0.8243	5.0000	-9999.0000	-9999.0000	-9999.0000	-9999.0000	-9999.0000	-9999.0000	20.0250	3	7	26.1082	1.0000	14	3	-9999.0000	52084	0	-9999	-9999	2030	4518	0.0000	0	0.0000	0.0000	0.0000	0.0000	0.0000	0.0000	0.0000	0.0000	0.0000	0.0000	0.0000	0.0000	0.0000	0.0000	0.0000	0.0000	
10/08/2017	03:50:42	011995	H374030293HLR	L374	S		674.4631	1.0400	0.0000	99.9778	39.9447	0.8230	1.1619	5.0000	20.0487	761.0882	94.9537	15.8195	25.5000	0.9300	0.9412	0.6800	-0.0014	761.0000	761.2013	1.0272	-2.4811	99.7288	40.6995	0.8230	0.8246	5.0000	-9999.0000	-9999.0000	-9999.0000	-9999.0000	-9999.0000	-9999.0000	17.3295	4	0	26.5494	1.0000	14	3	-9999.0000	52084	26829	-9999	-9999	2031	4520	500.8406	5	0.6575	0.6800	-0.0014	47.7237	2.6957	674.6293	549.6744	43.0556	663.3136	94.8148	682.3270	94.8148	690.3363	94.7222	696.1988	94.6528	
10/08/2017	03:51:09	011995	H374030297HLR	L374	S		671.0615	1.0400	0.0000	99.9109	39.9430	0.8230	1.1619	5.0000	19.9991	761.0486	94.8843	16.2697	25.3000	0.9300	0.9410	0.6803	-0.0014	761.0000	761.8746	1.0272	-2.4930	99.7357	40.7325	0.8230	0.8253	5.0000	-9999.0000	-9999.0000	-9999.0000	-9999.0000	-9999.0000	-9999.0000	17.4586	5	0	26.3177	1.0000	14	3	-9999.0000	52085	26830	-9999	-9999	2032	4522	500.3198	5	0.6574	0.6803	-0.0014	48.1131	2.6668	673.1512	589.7166	43.5417	661.9001	95.1852	680.1375	94.7917	687.3364	94.5370	693.2867	94.6528	
10/08/2017	03:51:37	011995	H374030308HLR	L374	S		668.5060	1.0400	0.0000	99.9898	39.9458	0.8230	1.1618	5.0000	20.5184	761.0689	94.9769	15.7794	25.2000	0.9300	0.9409	0.6803	-0.0014	761.0000	761.0551	1.0272	-2.4785	99.9610	40.7462	0.8230	0.8261	5.0000	-9999.0000	-9999.0000	-9999.0000	-9999.0000	-9999.0000	-9999.0000	17.3287	6	0	28.2689	1.0000	14	3	-9999.0000	52086	26831	-9999	-9999	2033	4524	500.8593	5	0.6574	0.6803	-0.0014	48.1131	2.6668	671.1765	585.0409	43.4954	659.5265	95.1157	677.1936	94.6991	684.8999	94.5602	691.6729	94.6991	
10/08/2017	03:52:03	011995	H374030182HLR	L374	S		670.0865	1.0400	0.0000	99.9615	39.9494	0.8230	1.1618	5.0000	20.3387	761.0715	94.9537	15.2091	25.2000	0.9300	0.9409	0.6803	-0.0014	761.0000	761.3726	1.0272	-2.4841	99.6878	40.7437	0.8230	0.8266	5.0000	-9999.0000	-9999.0000	-9999.0000	-9999.0000	-9999.0000	-9999.0000	17.2321	7	0	25.8690	1.0000	14	3	-9999.0000	52087	26832	-9999	-9999	2034	4526	501.4960	5	0.6574	0.6803	-0.0014	48.1131	2.6668	671.8156	586.6279	45.8333	660.7307	95.0463	678.8899	94.7685	685.8510	94.5602	692.0541	94.6528	
10/08/2017	03:52:31	011995	H374030207HLR	L374	S		673.6448	1.0400	0.0000	99.9119	39.9525	0.8230	1.1619	5.0000	20.1538	761.0742	94.9537	15.5197	25.2000	0.9300	0.9408	0.6809	-0.0015	761.0000	761.7575	1.0272	-2.4909	99.8154	40.7273	0.8230	0.8259	5.0000	-9999.0000	-9999.0000	-9999.0000	-9999.0000	-9999.0000	-9999.0000	18.5688	8	0	28.5284	1.0000	14	3	-9999.0000	52088	26833	-9999	-9999	2035	4528	501.1401	5	0.6575	0.6809	-0.0015	48.7699	2.6106	672.2490	565.0689	44.2130	660.8835	95.0694	680.9052	94.6296	687.0145	94.6296	692.7396	94.6528	
