Data	Timp	Nr. masina	Nr. de serie	Tip	Productie	Comentariu	Pre-masurare Q [ml/min]	Pre-masurare Gain	Pre-masurare Offset Master	Pre-masurare P [bar]	Pre-masurare T [°C]	Pre-masurare Densitate fixa [kg/l]	Pre-masurare densitate masurata [kg/l]	Pre-masurare Timp masurare [s]	Pre-masurare Cycle time [s]	rectificare Q Oprire [ml/min]	rectificare P Oprire [bar]	rectificare Timp rectificare [s]	rectificare T [°C]	rectificare Densitate fixa [kg/l]	rectificare densitate masurata [kg/l]	rectificare Factor de masurare la rectificare	rectificare Factor de corectie a debitului	rectificare Target rectificare	Masurare Q [ml/min]	Masurare Gain	Masurare Offset Master	Masurare P [bar]	Masurare T [°C]	Masurare Densitate fixa [kg/l]	Masurare densitate masurata [kg/l]	Masurare Timp masurare [s]	Masurare Q [ml/min]	Masurare Delta Q [ml/min]	Masurare P [bar]	Masurare BP [bar]	Masurare T [°C]	Masurare Timp masurare [s]	Masurare Cycle time [s]	Nest Nr.	Cod de descarcare	Cycle time [s]	Traceability aktiv	EDM Maschine Nr	EDM Spindle Nr	Honing Rate [r	Station Counter Premeasure	Station Counter Grind	Station Counter Blowout 1	Station Counter Wash	Station Counter Measure	Station Counter Blowout 2	RealGrindQStop	Reg Type	Factor 0	Factor 1	Factor 2	Factor 3	Factor 4	G_StartQV	G_StartQV_1	G_StartQV_2	G_StartQV_3	G_StartQV_4	G_StartQV_5	
24/08/2017	00:00:24	011995	H421107417HLR	L421	S		711.9166	1.0400	0.0000	99.7635	39.9022	0.8230	1.1605	5.0000	28.0747	815.0808	94.7222	24.7682	25.3000	0.9300	0.9286	0.7275	-0.0006	815.0000	814.2135	1.0272	-5.3756	99.8170	40.6024	0.8230	0.8249	5.0000	-9999.0000	-9999.0000	-9999.0000	-9999.0000	-9999.0000	-9999.0000	17.2985	8	0	31.5784	1.0000	13	4	-9999.0000	23503	50953	-9999	-9999	1870	3811	581.9272	5	0.7140	0.7275	-0.0006	82.6187	0.7939	723.3460	545.9837	45.4167	708.0852	95.1157	722.5139	95.1852	729.0409	94.6065	733.8277	94.7222	
24/08/2017	00:00:58	011995	H421107427HLR	L421	S		708.7844	1.0400	0.0000	100.1459	39.9153	0.8230	1.1606	5.0000	27.7509	815.1092	94.8148	26.6187	25.4000	0.9300	0.9285	0.7270	-0.0005	815.0000	814.3882	1.0272	-5.3748	99.7910	40.6083	0.8230	0.8253	5.0000	-9999.0000	-9999.0000	-9999.0000	-9999.0000	-9999.0000	-9999.0000	17.3787	1	0	34.2677	1.0000	13	4	-9999.0000	23504	50954	-9999	-9999	1871	3813	581.1349	5	0.7142	0.7270	-0.0005	82.5183	0.8043	723.0667	530.2461	45.8102	705.5120	94.8380	722.1306	95.1157	727.4936	94.6065	733.1388	94.6991	
24/08/2017	00:01:34	011995	H421107507HLR	L421	S		708.0598	1.0400	0.0000	99.8579	39.9176	0.8230	1.1606	5.0000	27.8881	815.0506	94.6759	26.6382	25.5000	0.9300	0.9285	0.7269	-0.0005	815.0000	814.3861	1.0272	-5.3748	99.7149	40.6101	0.8230	0.8253	5.0000	-9999.0000	-9999.0000	-9999.0000	-9999.0000	-9999.0000	-9999.0000	17.2582	2	0	36.1885	1.0000	13	4	-9999.0000	23505	50955	-9999	-9999	1872	3815	581.2790	5	0.7141	0.7269	-0.0005	82.4356	0.8083	721.3088	536.8263	45.9259	706.7189	94.7685	720.3170	95.1389	727.0370	94.6528	731.2734	94.6759	
24/08/2017	00:02:11	011995	H421107489HLR	L421	S		674.6834	1.0400	0.0000	100.0174	39.9195	0.8230	1.1606	5.0000	27.7993	815.0730	94.7685	22.1189	25.4000	0.9300	0.9285	0.7232	-0.0004	815.0000	816.0994	1.0272	-5.3667	100.0357	40.6305	0.8230	0.8261	5.0000	-9999.0000	-9999.0000	-9999.0000	-9999.0000	-9999.0000	-9999.0000	17.2486	3	0	36.7277	1.0000	13	4	-9999.0000	23506	50956	-9999	-9999	1873	3817	583.1627	5	0.7138	0.7232	-0.0004	81.7434	0.8344	733.0534	555.3988	45.5556	702.5388	94.9074	731.9016	95.1157	739.5595	94.5602	744.7856	94.7222	
24/08/2017	00:02:47	011995	H421107497HLR	L421	S		721.6799	1.0400	0.0000	100.0291	39.9333	0.8230	1.1606	5.0000	27.7478	815.0623	94.8148	20.4794	25.4000	0.9300	0.9285	0.7320	-0.0007	815.0000	814.7211	1.0272	-5.3732	99.6994	40.6675	0.8230	0.8264	5.0000	-9999.0000	-9999.0000	-9999.0000	-9999.0000	-9999.0000	-9999.0000	17.5083	4	0	36.0378	1.0000	13	4	-9999.0000	23507	50957	-9999	-9999	1874	3819	583.2722	5	0.7140	0.7320	-0.0007	78.4434	0.9729	740.3025	547.7802	48.0787	722.1992	94.9769	739.3090	95.0463	745.8387	94.5602	750.2549	94.6991	
24/08/2017	00:03:21	011995	H421107493HLR	L421	S		716.1453	1.0400	0.0000	100.0711	39.9333	0.8230	1.1606	5.0000	27.9382	815.0483	94.7917	23.3190	25.5000	0.9300	0.9285	0.7294	-0.0006	815.0000	816.6202	1.0272	-5.3642	99.7113	40.6879	0.8230	0.8261	5.0000	-9999.0000	-9999.0000	-9999.0000	-9999.0000	-9999.0000	-9999.0000	17.3187	5	0	34.4288	1.0000	13	4	-9999.0000	23508	50958	-9999	-9999	1875	3821	583.2376	5	0.7142	0.7294	-0.0006	70.9389	1.2840	725.5375	524.5207	45.3009	709.4905	94.9074	724.4935	95.1620	730.5706	94.5833	736.4208	94.6759	
24/08/2017	00:03:58	011995	H421107425HLR	L421	S		711.8695	1.0400	0.0000	99.8770	39.9333	0.8230	1.1606	5.0000	28.0384	815.0786	94.9074	25.2086	25.4000	0.9300	0.9285	0.7216	-0.0003	815.0000	815.2680	1.0272	-5.3706	99.6684	40.6635	0.8230	0.8251	5.0000	-9999.0000	-9999.0000	-9999.0000	-9999.0000	-9999.0000	-9999.0000	17.4042	6	0	36.8784	1.0000	13	4	-9999.0000	23509	50959	-9999	-9999	1876	3823	582.2935	5	0.7142	0.7216	-0.0003	69.2952	1.3559	724.3281	531.7492	47.2222	707.0085	94.9074	723.7082	95.1389	729.3544	94.6065	734.1617	94.6991	
24/08/2017	00:04:33	011995	H421107503HLR	L421	S		713.5541	1.0400	0.0000	100.0943	39.9349	0.8230	1.1606	5.0000	28.9282	815.0884	94.8380	25.7086	25.4000	0.9300	0.9284	0.7229	-0.0004	815.0000	814.1364	1.0272	-5.3760	99.8305	40.6411	0.8230	0.8248	5.0000	-9999.0000	-9999.0000	-9999.0000	-9999.0000	-9999.0000	-9999.0000	17.1836	7	0	35.1677	1.0000	13	3	-9999.0000	23510	50960	-9999	-9999	1877	3824	581.9917	5	0.7143	0.7229	-0.0004	63.4377	1.5886	729.0971	522.1089	47.5463	716.5410	94.9074	728.3133	95.1389	735.3929	94.5833	739.5796	94.6528	
24/08/2017	00:05:09	011995	H421107490HLR	L421	S		715.3503	1.0400	0.0000	99.9028	39.9390	0.8230	1.1605	5.0000	28.5882	815.0446	94.6991	24.9987	25.3000	0.9300	0.9285	0.7222	-0.0003	815.0000	815.5887	1.0272	-5.3691	99.8360	40.6172	0.8230	0.8249	5.0000	-9999.0000	-9999.0000	-9999.0000	-9999.0000	-9999.0000	-9999.0000	17.3782	8	0	35.1778	1.0000	13	3	-9999.0000	23511	50961	-9999	-9999	1878	3826	582.0415	5	0.7142	0.7222	-0.0003	59.6259	1.7419	729.1933	540.3880	45.2315	714.4985	94.7685	728.0645	95.0463	734.9875	94.5602	740.1959	94.7454	
24/08/2017	00:05:46	011995	H421107509HLR	L421	S		714.8727	1.0400	0.0000	99.9454	39.9532	0.8230	1.1605	5.0000	28.7680	815.0999	94.7454	23.4987	25.4000	0.9300	0.9285	0.7177	-0.0001	815.0000	813.8220	1.0272	-5.3775	99.8182	40.6310	0.8230	0.8258	5.0000	-9999.0000	-9999.0000	-9999.0000	-9999.0000	-9999.0000	-9999.0000	17.1691	1	0	37.7379	1.0000	13	3	-9999.0000	23512	50962	-9999	-9999	1879	3827	582.4307	5	0.7144	0.7177	-0.0001	59.7578	1.7360	732.2920	573.2291	48.2639	719.5079	94.8843	731.5940	94.9537	737.5402	94.5370	743.3019	94.7685	
24/08/2017	00:06:22	011995	H421107472HLR	L421	S		717.4930	1.0400	0.0000	99.8567	39.9667	0.8230	1.1605	5.0000	28.6877	815.0315	94.7685	25.8677	25.3000	0.9300	0.9285	0.7209	-0.0003	815.0000	817.4518	1.0272	-5.3603	99.8758	40.6601	0.8230	0.8264	5.0000	-9999.0000	-9999.0000	-9999.0000	-9999.0000	-9999.0000	-9999.0000	17.3551	2	0	36.0381	1.0000	13	3	-9999.0000	23513	50963	-9999	-9999	1880	3829	581.9450	5	0.7144	0.7209	-0.0003	65.6102	1.5105	736.8882	562.8321	46.8750	724.3447	94.8380	736.2705	94.9769	741.9210	94.5602	746.9583	94.7917	
24/08/2017	00:06:58	011995	H421107504HLR	L421	S		718.6299	1.0400	0.0000	100.1120	39.9787	0.8230	1.1606	5.0000	27.1545	815.0536	94.7222	24.1589	25.3000	0.9300	0.9285	0.7210	-0.0003	815.0000	816.0896	1.0272	-5.3667	99.8025	40.6930	0.8230	0.8263	5.0000	-9999.0000	-9999.0000	-9999.0000	-9999.0000	-9999.0000	-9999.0000	17.3090	3	0	35.1918	1.0000	13	3	-9999.0000	23514	50964	-9999	-9999	1880	3831	582.3925	5	0.7144	0.7210	-0.0003	55.4225	1.8812	736.0622	579.9784	49.4907	721.6765	95.0231	735.4514	94.9306	741.3236	94.5602	745.8840	94.7685	
24/08/2017	00:07:33	011995	H421107418HLR	L421	S		715.4012	1.0400	0.0000	99.9761	39.9756	0.8230	1.1605	5.0000	28.3586	815.0589	94.7222	24.0885	25.3000	0.9300	0.9285	0.7217	-0.0003	815.0000	813.5211	1.0272	-5.3789	100.0378	40.6830	0.8230	0.8256	5.0000	-9999.0000	-9999.0000	-9999.0000	-9999.0000	-9999.0000	-9999.0000	17.3192	4	0	35.6540	1.0000	13	3	-9999.0000	23515	50965	-9999	-9999	1881	3833	582.4057	5	0.7145	0.7217	-0.0003	50.5487	2.0845	732.8785	568.6397	48.5185	719.2433	95.0926	732.1377	95.1157	738.2480	94.5833	742.1260	94.7454	
24/08/2017	00:08:08	011995	H421107443HLR	L421	S		713.4560	1.0400	0.0000	99.9462	39.9832	0.8230	1.1606	5.0000	27.7182	815.0551	94.7454	26.7192	25.3000	0.9300	0.9285	0.7229	-0.0004	815.0000	816.0544	1.0272	-5.3669	99.8320	40.6092	0.8230	0.8231	5.0000	-9999.0000	-9999.0000	-9999.0000	-9999.0000	-9999.0000	-9999.0000	19.7321	5	0	35.0184	1.0000	13	3	-9999.0000	23515	50966	-9999	-9999	1882	3835	581.8254	5	0.7142	0.7229	-0.0004	56.4992	1.8026	730.8956	571.2447	48.7037	718.5464	95.0463	730.3940	95.0231	734.8847	94.5370	740.9696	94.7685	
24/08/2017	00:08:45	011995	H421107453HLR	L421	S		714.9144	1.0400	0.0000	99.7516	39.9854	0.8230	1.1605	5.0000	27.7483	815.1040	94.7454	25.0680	25.3000	0.9300	0.9285	0.7226	-0.0003	815.0000	814.1810	1.0272	-5.3758	99.7466	40.6205	0.8230	0.8247	5.0000	-9999.0000	-9999.0000	-9999.0000	-9999.0000	-9999.0000	-9999.0000	17.2885	6	0	36.7083	1.0000	13	3	-9999.0000	23516	50966	-9999	-9999	1883	3837	582.1543	5	0.7143	0.7226	-0.0003	58.6718	1.6936	728.5651	567.9087	49.3519	714.9989	95.0694	727.8308	95.1389	733.6228	94.6065	739.5671	94.7222	
24/08/2017	00:09:21	011995	H421107433HLR	L421	S		716.2284	1.0400	0.0000	100.0797	39.9868	0.8230	1.1606	5.0000	27.9487	815.0585	94.6528	24.2184	25.3000	0.9300	0.9285	0.7236	-0.0004	815.0000	813.6102	1.0272	-5.3785	99.6976	40.6215	0.8230	0.8252	5.0000	-9999.0000	-9999.0000	-9999.0000	-9999.0000	-9999.0000	-9999.0000	17.2723	7	0	36.4579	1.0000	13	3	-9999.0000	23517	50967	-9999	-9999	1884	3839	582.2508	5	0.7145	0.7236	-0.0004	65.3289	1.3960	732.3032	573.1720	46.3657	718.6292	95.3472	731.3734	95.1157	737.5644	94.5602	742.0827	94.7454	
24/08/2017	00:09:58	011995	H421107423HLR	L421	S		714.8268	1.0400	0.0000	99.9074	39.9808	0.8230	1.1605	5.0000	28.5989	815.1032	94.6296	24.6491	25.3000	0.9300	0.9285	0.7260	-0.0005	815.0000	814.2678	1.0272	-5.3754	99.7760	40.6536	0.8230	0.8263	5.0000	-9999.0000	-9999.0000	-9999.0000	-9999.0000	-9999.0000	-9999.0000	17.2084	8	0	36.4277	1.0000	13	3	-9999.0000	23518	50968	-9999	-9999	1885	3841	582.2172	5	0.7143	0.7260	-0.0005	65.4119	1.3922	730.4551	554.6071	49.5139	715.2138	95.0926	729.5968	95.0463	735.0162	94.5833	740.4522	94.7222	
24/08/2017	00:10:35	011995	H421107452HLR	L421	S		716.9665	1.0400	0.0000	99.9826	39.9860	0.8230	1.1609	5.0000	28.3081	815.0580	94.5139	23.9987	25.3000	0.9300	0.9286	0.7299	-0.0006	815.0000	813.8634	1.0272	-5.3773	100.0590	40.6917	0.8230	0.8266	5.0000	-9999.0000	-9999.0000	-9999.0000	-9999.0000	-9999.0000	-9999.0000	17.3446	1	0	37.6180	1.0000	13	3	-9999.0000	23519	50969	-9999	-9999	1886	3843	582.4123	5	0.7142	0.7299	-0.0006	76.0141	0.9649	728.4414	558.6193	47.2685	714.4594	94.7917	727.9499	95.0000	734.5210	94.5602	740.0084	94.7917	
24/08/2017	00:11:05	011995	H421107451HLR	L421	S		714.8147	1.0400	0.0000	99.9314	39.9875	0.8230	1.1605	5.0000	28.6185	815.0745	94.7685	25.6783	25.2000	0.9300	0.9285	0.7368	-0.0009	815.0000	814.5082	1.0272	-5.3742	99.7686	40.6746	0.8230	0.8248	5.0000	-9999.0000	-9999.0000	-9999.0000	-9999.0000	-9999.0000	-9999.0000	18.5278	2	0	29.2291	1.0000	13	3	-9999.0000	23520	50970	-9999	-9999	1887	3845	581.7797	5	0.7144	0.7368	-0.0009	62.8767	1.4704	721.7410	543.3925	47.8935	708.5584	95.0000	721.0501	95.1852	728.2556	94.6065	733.8841	94.6759	
24/08/2017	00:11:40	011995	H421107448HLR	L421	S		713.6600	1.0400	0.0000	99.9264	39.9879	0.8230	1.1605	5.0000	28.7085	815.0480	94.6528	25.4586	25.4000	0.9300	0.9285	0.7367	-0.0009	815.0000	814.1013	1.0272	-5.3762	99.6920	40.6523	0.8230	0.8247	5.0000	-9999.0000	-9999.0000	-9999.0000	-9999.0000	-9999.0000	-9999.0000	17.4511	3	0	35.0176	1.0000	13	3	-9999.0000	23521	50971	-9999	-9999	1888	3847	581.9925	5	0.7144	0.7367	-0.0009	64.1892	1.4135	714.6702	561.5208	48.4954	700.1560	94.8380	713.8120	95.0694	721.0899	94.6065	726.6413	94.7454	
24/08/2017	00:12:15	011995	H421107428HLR	L421	S		710.6730	1.0400	0.0000	99.8515	39.9989	0.8230	1.1605	5.0000	27.5787	815.0463	94.6528	25.4889	25.3000	0.9300	0.9285	0.7402	-0.0010	815.0000	814.5812	1.0272	-5.3739	100.0610	40.6640	0.8230	0.8252	5.0000	-9999.0000	-9999.0000	-9999.0000	-9999.0000	-9999.0000	-9999.0000	17.2792	4	0	35.5484	1.0000	13	3	-9999.0000	23522	50972	-9999	-9999	1889	3849	582.0229	5	0.7145	0.7402	-0.0010	60.9614	1.5382	715.8822	545.7633	46.1343	700.1007	94.9306	715.1415	95.0694	720.7293	94.5833	727.0956	94.7454	
24/08/2017	00:12:51	011995	H421107437HLR	L421	S		710.2593	1.0400	0.0000	99.8465	39.9971	0.8230	1.1605	5.0000	27.3587	815.0824	94.7454	26.6685	25.3000	0.9300	0.9285	0.7369	-0.0009	815.0000	814.1404	1.0272	-5.3760	99.8545	40.6319	0.8230	0.8245	5.0000	-9999.0000	-9999.0000	-9999.0000	-9999.0000	-9999.0000	-9999.0000	17.3237	5	0	36.2583	1.0000	13	3	-9999.0000	23523	50973	-9999	-9999	1890	3851	580.9475	5	0.7146	0.7369	-0.0009	58.1283	1.6394	710.1528	581.8287	51.4120	696.7170	95.2778	709.2394	95.2546	715.3393	94.6065	720.5952	94.6528	
24/08/2017	00:13:26	011995	H421098767HLR	L421	S		0.4581	1.0400	0.0000	100.1477	39.7820	0.8230	1.1625	5.0000	31.8577	0.0000	0.0000	0.0000	0.0000	0.9300	0.0000	0.0000	0.0000	0.0000	0.4942	1.0272	0.0085	99.8574	40.5915	0.8230	0.8248	5.0000	-9999.0000	-9999.0000	-9999.0000	-9999.0000	-9999.0000	-9999.0000	17.2891	6	18	34.0778	1.0000	13	3	-9999.0000	23524	0	-9999	-9999	1891	3852	0.0000	0	0.0000	0.0000	0.0000	0.0000	0.0000	0.0000	0.0000	0.0000	0.0000	0.0000	0.0000	0.0000	0.0000	0.0000	0.0000	0.0000	
24/08/2017	00:14:02	011995	H421107365HLR	L421	S		719.9213	1.0400	0.0000	100.2297	39.9057	0.8230	1.1610	5.0000	26.2005	815.1312	94.7454	23.9391	25.4000	0.9300	0.9289	0.7388	-0.0010	815.0000	815.3990	1.0272	-5.3700	99.7550	40.6880	0.8230	0.8252	5.0000	-9999.0000	-9999.0000	-9999.0000	-9999.0000	-9999.0000	-9999.0000	17.5426	7	0	36.2087	1.0000	13	3	-9999.0000	23524	50974	-9999	-9999	1892	3854	583.6702	5	0.7147	0.7388	-0.0010	52.2542	1.8790	720.7883	512.4377	49.2824	705.8633	94.7222	719.9565	94.9537	725.9798	94.6759	732.4199	94.6759	
24/08/2017	00:14:40	011995	H421107366HLR	L421	S		716.0968	1.0400	0.0000	100.1229	39.9359	0.8230	1.1608	5.0000	27.7086	815.0981	94.8148	24.5182	25.4000	0.9300	0.9286	0.7374	-0.0009	815.0000	814.9965	1.0272	-5.3719	99.8156	40.6613	0.8230	0.8249	5.0000	-9999.0000	-9999.0000	-9999.0000	-9999.0000	-9999.0000	-9999.0000	17.4890	8	0	38.2319	1.0000	13	3	-9999.0000	23525	50975	-9999	-9999	1893	3855	583.1666	5	0.7147	0.7374	-0.0009	46.5519	2.1149	717.3394	512.0448	48.6574	704.0308	95.2315	716.5175	95.1389	722.9294	94.6065	729.0291	94.7454	
24/08/2017	00:15:14	011995	H421107457HLR	L421	S		716.4579	1.0400	0.0000	100.1858	39.9709	0.8230	1.1612	5.0000	26.7033	815.0528	94.9306	25.2584	25.4000	0.9300	0.9285	0.7374	-0.0009	815.0000	815.5231	1.0272	-5.3694	99.8034	40.6291	0.8230	0.8246	5.0000	-9999.0000	-9999.0000	-9999.0000	-9999.0000	-9999.0000	-9999.0000	17.2682	1	0	33.5140	1.0000	13	3	-9999.0000	23526	50976	-9999	-9999	1894	3857	582.5554	5	0.7147	0.7374	-0.0009	46.5519	2.1149	720.7103	540.7148	47.6620	707.6397	95.0000	719.7810	94.9537	725.8003	94.5833	731.8410	94.7454	
24/08/2017	00:15:51	011995	H421107460HLR	L421	S		720.0650	1.0400	0.0000	100.1462	39.9793	0.8230	1.1607	5.0000	26.3082	815.0722	94.7454	23.0994	25.4000	0.9300	0.9286	0.7354	-0.0008	815.0000	814.6519	1.0272	-5.3736	100.0521	40.6300	0.8230	0.8256	5.0000	-9999.0000	-9999.0000	-9999.0000	-9999.0000	-9999.0000	-9999.0000	17.2019	2	0	37.4979	1.0000	13	3	-9999.0000	23527	50977	-9999	-9999	1895	3859	584.1620	5	0.7147	0.7354	-0.0008	37.8536	2.4549	724.2799	523.1500	47.1065	709.5327	94.8148	723.5566	95.0926	729.2038	94.6065	734.2656	94.6991	
24/08/2017	00:16:26	011995	H421107384HLR	L421	S		714.7867	1.0400	0.0000	100.0923	39.9735	0.8230	1.1606	5.0000	27.4377	815.0890	94.7685	25.1188	25.3000	0.9300	0.9285	0.7351	-0.0008	815.0000	814.8829	1.0272	-5.3725	99.8722	40.6462	0.8230	0.8256	5.0000	-9999.0000	-9999.0000	-9999.0000	-9999.0000	-9999.0000	-9999.0000	18.2085	3	0	34.7579	1.0000	13	3	-9999.0000	23528	50978	-9999	-9999	1896	3861	582.7276	5	0.7150	0.7351	-0.0008	35.7998	2.5409	721.4935	535.3470	46.4583	705.9910	94.8843	720.5691	95.1389	726.7241	94.6065	730.9779	94.6991	
24/08/2017	00:17:00	011995	H421107396HLR	L421	S		709.3297	1.0400	0.0000	100.1482	39.9863	0.8230	1.1607	5.0000	26.0083	815.0623	94.8843	27.2485	25.3000	0.9300	0.9285	0.7354	-0.0008	815.0000	814.0558	1.0272	-5.3764	99.8213	40.6926	0.8230	0.8267	5.0000	-9999.0000	-9999.0000	-9999.0000	-9999.0000	-9999.0000	-9999.0000	17.1493	4	0	34.0382	1.0000	13	3	-9999.0000	23529	50979	-9999	-9999	1897	3863	581.3099	5	0.7149	0.7354	-0.0008	34.1722	2.6082	715.9359	530.1316	45.9954	703.1281	94.8611	715.0429	95.0463	721.4554	94.5833	725.8690	94.7222	
24/08/2017	00:17:36	011995	H421102521HLR	L421	S		716.6629	1.0400	0.0000	99.8456	39.9808	0.8230	1.1606	5.0000	27.8383	815.0301	94.7685	22.5583	25.3000	0.9300	0.9285	0.7377	-0.0009	815.0000	816.6596	1.0272	-5.3640	99.7009	40.7006	0.8230	0.8264	5.0000	-9999.0000	-9999.0000	-9999.0000	-9999.0000	-9999.0000	-9999.0000	17.2398	5	0	36.2374	1.0000	13	3	-9999.0000	23530	50980	-9999	-9999	1898	3865	584.3183	5	0.7151	0.7377	-0.0009	35.1856	2.5672	724.5287	534.1617	46.9213	708.2203	94.7454	723.3308	95.0463	730.6134	94.6065	736.6852	94.6991	
24/08/2017	00:18:11	011995	H421107406HLR	L421	S		713.5551	1.0400	0.0000	100.0205	39.9839	0.8230	1.1606	5.0000	27.7681	815.0526	94.6991	26.5288	25.3000	0.9300	0.9285	0.7379	-0.0009	815.0000	814.5022	1.0272	-5.3743	99.6801	40.6985	0.8230	0.8259	5.0000	-9999.0000	-9999.0000	-9999.0000	-9999.0000	-9999.0000	-9999.0000	17.4292	6	0	35.2088	1.0000	13	3	-9999.0000	23531	50981	-9999	-9999	1899	3867	581.6243	5	0.7151	0.7379	-0.0009	36.2355	2.5173	714.1596	541.3074	46.1343	700.4339	94.9769	713.3394	95.1389	718.9235	94.6065	724.1828	94.7454	
24/08/2017	00:18:46	011995	H421107369HLR	L421	S		716.4451	1.0400	0.0000	100.1259	40.0000	0.8230	1.1606	5.0000	27.7251	815.0808	94.7685	23.7184	25.3000	0.9300	0.9285	0.7390	-0.0010	815.0000	815.1509	1.0272	-5.3712	99.8984	40.6754	0.8230	0.8251	5.0000	-9999.0000	-9999.0000	-9999.0000	-9999.0000	-9999.0000	-9999.0000	17.2986	7	0	34.4075	1.0000	13	3	-9999.0000	23532	50982	-9999	-9999	1900	3869	583.7963	5	0.7149	0.7390	-0.0010	35.8510	2.5318	720.0640	546.5497	46.2269	704.4223	94.8380	719.2070	94.9537	724.7794	94.5833	730.4910	94.7685	
24/08/2017	00:19:19	011995	H421107382HLR	L421	S		722.0035	1.0400	0.0000	99.9842	40.0000	0.8230	1.1605	5.0000	27.9043	815.0493	94.7917	23.0984	25.3000	0.9300	0.9285	0.7301	-0.0006	815.0000	816.5336	1.0272	-5.3646	99.8254	40.6413	0.8230	0.8245	5.0000	-9999.0000	-9999.0000	-9999.0000	-9999.0000	-9999.0000	-9999.0000	17.3131	8	0	33.3781	1.0000	13	3	-9999.0000	23533	50983	-9999	-9999	1901	3871	584.3709	5	0.7150	0.7301	-0.0006	34.7745	2.5825	723.3762	540.6406	47.9398	707.6403	94.9769	722.4072	95.0463	727.7837	94.5602	733.8157	94.7454	
24/08/2017	00:19:55	011995	H421107410HLR	L421	S		717.3427	1.0400	0.0000	100.0633	40.0000	0.8230	1.1606	5.0000	27.7527	815.0759	94.8843	25.1285	25.3000	0.9300	0.9285	0.7301	-0.0006	815.0000	815.6412	1.0272	-5.3689	99.8054	40.6188	0.8230	0.8244	5.0000	-9999.0000	-9999.0000	-9999.0000	-9999.0000	-9999.0000	-9999.0000	17.8481	1	0	35.6885	1.0000	13	3	-9999.0000	23534	50984	-9999	-9999	1902	3873	582.7965	5	0.7150	0.7301	-0.0006	38.2995	2.4372	725.2199	543.4380	46.4352	710.0873	94.8148	724.4568	95.0926	729.5811	94.6065	734.8922	94.7454	
24/08/2017	00:20:28	011995	H421107400HLR	L421	S		717.8308	1.0400	0.0000	100.0848	40.0000	0.8230	1.1606	5.0000	27.7689	815.0699	94.5833	24.2682	25.2000	0.9300	0.9286	0.7315	-0.0007	815.0000	816.1807	1.0272	-5.3663	99.8767	40.6221	0.8230	0.8249	5.0000	-9999.0000	-9999.0000	-9999.0000	-9999.0000	-9999.0000	-9999.0000	17.5676	2	0	33.2481	1.0000	13	3	-9999.0000	23535	50985	-9999	-9999	1903	3875	583.1814	5	0.7151	0.7315	-0.0007	53.0028	1.8637	727.3959	537.5535	48.7963	712.6844	94.8148	726.4477	95.0231	732.8872	94.5833	738.4157	94.7222	
24/08/2017	00:21:01	011995	H421107388HLR	L421	S		719.7482	1.0400	0.0000	99.9196	40.0001	0.8230	1.1605	5.0000	27.6779	815.0769	94.6296	23.4294	25.3000	0.9300	0.9286	0.7280	-0.0005	815.0000	817.3046	1.0272	-5.3610	99.8451	40.6404	0.8230	0.8248	5.0000	-9999.0000	-9999.0000	-9999.0000	-9999.0000	-9999.0000	-9999.0000	20.1586	3	0	32.9217	1.0000	13	3	-9999.0000	23536	50986	-9999	-9999	1904	3877	583.7826	5	0.7153	0.7280	-0.0005	44.6302	2.1787	729.7704	547.7915	46.7593	714.6300	94.9769	728.2742	95.0231	734.6418	94.5833	738.5499	94.7222	
24/08/2017	00:21:38	011995	H421107380HLR	L421	S		719.7457	1.0400	0.0000	99.8042	40.0046	0.8230	1.1605	5.0000	27.2279	815.0737	94.6528	22.4588	25.3000	0.9300	0.9286	0.7277	-0.0005	815.0000	815.3023	1.0272	-5.3705	99.7902	40.6560	0.8230	0.8254	5.0000	-9999.0000	-9999.0000	-9999.0000	-9999.0000	-9999.0000	-9999.0000	19.2751	4	0	37.1548	1.0000	13	3	-9999.0000	23537	50987	-9999	-9999	1905	3879	583.9752	5	0.7152	0.7277	-0.0005	54.8583	1.7775	733.8612	583.0914	50.8102	721.0546	95.1620	732.7978	94.9769	738.3826	94.5833	743.5120	94.7917	
24/08/2017	00:22:12	011995	H421105684HLR	L421	S		720.1252	1.0400	0.0000	99.9432	40.0020	0.8230	1.1605	5.0000	28.2983	815.0175	94.7222	24.6686	25.2000	0.9300	0.9286	0.7269	-0.0005	815.0000	819.4383	1.0272	-5.3509	99.7113	40.6643	0.8230	0.8264	5.0000	-9999.0000	-9999.0000	-9999.0000	-9999.0000	-9999.0000	-9999.0000	17.4408	5	0	33.8878	1.0000	13	3	-9999.0000	23538	50988	-9999	-9999	1906	3881	582.8928	5	0.7151	0.7269	-0.0005	49.2160	1.9970	733.2741	548.6887	48.0324	718.4585	94.8148	732.2733	94.9769	738.6679	94.5370	742.6608	94.7454	
24/08/2017	00:22:43	011995	H421105676HLR	L421	S		720.9177	1.0400	0.0000	99.9333	40.0034	0.8230	1.1605	5.0000	28.3382	815.0387	94.7222	22.2380	25.4000	0.9300	0.9286	0.7236	-0.0004	815.0000	816.2143	1.0272	-5.3662	99.8556	40.7012	0.8230	0.8264	5.0000	-9999.0000	-9999.0000	-9999.0000	-9999.0000	-9999.0000	-9999.0000	17.2747	6	0	30.8488	1.0000	13	3	-9999.0000	23539	50989	-9999	-9999	1907	3883	583.7522	5	0.7151	0.7236	-0.0004	60.1190	1.5774	734.4054	555.3238	46.5046	718.6540	94.6991	733.7194	95.0231	739.1426	94.5833	745.2092	94.7222	
24/08/2017	00:23:20	011995	H421105677HLR	L421	S		720.1385	1.0400	0.0000	100.0844	40.0143	0.8230	1.1605	5.0000	27.5687	815.0897	94.7454	21.9090	25.4000	0.9300	0.9286	0.7246	-0.0004	815.0000	815.0129	1.0272	-5.3719	99.6560	40.6998	0.8230	0.8261	5.0000	-9999.0000	-9999.0000	-9999.0000	-9999.0000	-9999.0000	-9999.0000	17.2609	7	0	37.0383	1.0000	13	3	-9999.0000	23540	50990	-9999	-9999	1908	3885	583.5857	5	0.7150	0.7246	-0.0004	62.1126	1.5013	737.8305	560.5609	48.4491	722.5376	94.8843	737.2777	95.0694	742.8502	94.5602	748.6502	94.7685	
24/08/2017	00:23:52	011995	H421105668HLR	L421	S		710.4099	1.0400	0.0000	99.9281	40.0084	0.8230	1.1605	5.0000	27.9466	815.0558	94.6991	26.2085	25.3000	0.9300	0.9286	0.7246	-0.0004	815.0000	814.8706	1.0272	-5.3725	99.7677	40.6973	0.8230	0.8259	5.0000	-9999.0000	-9999.0000	-9999.0000	-9999.0000	-9999.0000	-9999.0000	17.5291	8	0	32.2979	1.0000	13	3	-9999.0000	23540	50991	-9999	-9999	1909	3887	582.2903	5	0.7147	0.7246	-0.0004	62.3470	1.4908	725.7791	554.6735	46.6898	710.0315	94.8843	724.7518	95.1620	730.5533	94.6296	735.0499	94.7222	
24/08/2017	00:24:24	011995	H421107403HLR	L421	S		717.1260	1.0400	0.0000	100.1098	40.0116	0.8230	1.1605	5.0000	28.2387	815.0209	94.8148	22.9079	25.3000	0.9300	0.9286	0.7244	-0.0004	815.0000	815.3544	1.0272	-5.3702	100.0519	40.6703	0.8230	0.8248	5.0000	-9999.0000	-9999.0000	-9999.0000	-9999.0000	-9999.0000	-9999.0000	17.5289	1	0	32.2704	1.0000	13	3	-9999.0000	23541	50992	-9999	-9999	1910	3889	583.2200	5	0.7148	0.7244	-0.0004	66.1375	1.3179	733.5290	543.1746	45.8102	716.3973	94.7222	732.6075	95.1389	738.4782	94.6065	743.9388	94.6991	
24/08/2017	00:24:58	011995	H421105691HLR	L421	S		722.1137	1.0400	0.0000	99.9666	40.0177	0.8230	1.1605	5.0000	27.7042	815.0940	94.9306	17.8096	25.3000	0.9300	0.9286	0.7244	-0.0004	815.0000	813.6782	1.0272	-5.3782	99.7549	40.6538	0.8230	0.8246	5.0000	-9999.0000	-9999.0000	-9999.0000	-9999.0000	-9999.0000	-9999.0000	17.6684	2	0	33.2661	1.0000	13	3	-9999.0000	23542	50993	-9999	-9999	1910	3890	584.8572	5	0.7148	0.7244	-0.0004	66.1375	1.3179	745.9742	541.6642	44.3750	727.4409	94.7917	744.6818	94.9074	751.5295	94.5833	757.9655	94.7685	
24/08/2017	00:25:31	011995	H421105699HLR	L421	S		717.2583	1.0400	0.0000	100.1034	40.0172	0.8230	1.1605	5.0000	27.8313	815.0731	94.7222	25.9683	25.2000	0.9300	0.9286	0.7240	-0.0004	815.0000	816.6687	1.0272	-5.3640	100.0878	40.6450	0.8230	0.8246	5.0000	-9999.0000	-9999.0000	-9999.0000	-9999.0000	-9999.0000	-9999.0000	17.2890	3	0	33.6476	1.0000	13	3	-9999.0000	23543	50994	-9999	-9999	1911	3892	582.2032	5	0.7149	0.7240	-0.0004	58.4996	1.6592	728.9008	533.9689	46.1574	713.3496	94.8843	728.0931	95.0694	733.3835	94.6296	737.3834	94.6991	
24/08/2017	00:26:06	011995	H421105697HLR	L421	S		721.2474	1.0400	0.0000	100.2100	40.0250	0.8230	1.1606	5.0000	27.0288	815.0457	94.8843	21.3387	25.3000	0.9300	0.9286	0.7237	-0.0004	815.0000	813.4994	1.0272	-5.3790	99.8028	40.5936	0.8230	0.8233	5.0000	-9999.0000	-9999.0000	-9999.0000	-9999.0000	-9999.0000	-9999.0000	20.0983	4	0	35.1090	1.0000	13	3	-9999.0000	23544	50995	-9999	-9999	1912	3894	583.6967	5	0.7148	0.7237	-0.0004	59.8636	1.5955	736.4463	544.0087	44.8380	722.4081	94.8611	735.2499	95.0231	741.8448	94.5833	748.0112	94.8148	
24/08/2017	00:26:39	011995	H421105682HLR	L421	S		721.2334	1.0400	0.0000	100.2105	40.0368	0.8230	1.1608	5.0000	25.4683	815.0650	94.8843	21.2792	25.4000	0.9300	0.9286	0.7285	-0.0006	815.0000	815.4642	1.0272	-5.3697	99.6695	40.6216	0.8230	0.8247	5.0000	-9999.0000	-9999.0000	-9999.0000	-9999.0000	-9999.0000	-9999.0000	17.2392	5	0	32.2575	1.0000	13	3	-9999.0000	23545	50995	-9999	-9999	1913	3896	583.6379	5	0.7151	0.7285	-0.0006	70.9763	1.1265	740.4494	552.5811	47.5694	723.3993	94.9074	739.5660	94.9306	745.3172	94.5833	751.3803	94.7685	
24/08/2017	00:27:14	011995	H421105696HLR	L421	S		721.7982	1.0400	0.0000	100.0537	40.0195	0.8230	1.1605	5.0000	27.3990	815.0266	94.8843	22.2488	25.5000	0.9300	0.9286	0.7302	-0.0007	815.0000	814.5921	1.0272	-5.3739	99.6794	40.6289	0.8230	0.8254	5.0000	-9999.0000	-9999.0000	-9999.0000	-9999.0000	-9999.0000	-9999.0000	17.1977	6	0	34.8378	1.0000	13	3	-9999.0000	23546	50996	-9999	-9999	1914	3898	583.4293	5	0.7150	0.7302	-0.0007	70.9869	1.1275	732.6413	549.6445	46.4815	720.0288	94.8843	732.2541	95.1620	736.9667	94.6528	741.5334	94.6991	
24/08/2017	00:27:48	011995	H421105628HLR	L421	S		717.9136	1.0400	0.0000	100.0627	40.0142	0.8230	1.1605	5.0000	28.3790	815.0530	94.7685	22.7888	25.4000	0.9300	0.9286	0.7312	-0.0007	815.0000	814.2410	1.0272	-5.3755	99.7963	40.6293	0.8230	0.8253	5.0000	-9999.0000	-9999.0000	-9999.0000	-9999.0000	-9999.0000	-9999.0000	17.2587	7	0	34.8390	1.0000	13	3	-9999.0000	23547	50997	-9999	-9999	1915	3900	583.1156	5	0.7153	0.7312	-0.0007	71.2080	1.1041	729.1658	544.6378	48.7500	715.2579	94.9769	728.4730	95.0926	734.2767	94.6065	740.6952	94.6991	
24/08/2017	00:28:23	011995	H421105712HLR	L421	S		719.1221	1.0400	0.0000	100.1818	40.0333	0.8230	1.1606	5.0000	25.8782	815.0382	94.8148	24.1481	25.4000	0.9300	0.9286	0.7304	-0.0007	815.0000	814.0238	1.0272	-5.3765	99.8397	40.6527	0.8230	0.8260	5.0000	-9999.0000	-9999.0000	-9999.0000	-9999.0000	-9999.0000	-9999.0000	17.3694	8	0	34.1074	1.0000	13	3	-9999.0000	23548	50998	-9999	-9999	1916	3902	582.3942	5	0.7154	0.7304	-0.0007	70.9996	1.1068	728.1044	546.2445	45.3704	713.5143	94.7685	726.9910	95.1389	733.0091	94.6296	739.3832	94.6991	
24/08/2017	00:28:59	011995	H421105693HLR	L421	S		716.2452	1.0400	0.0000	99.8905	40.0183	0.8230	1.1605	5.0000	27.6185	815.0692	94.8148	21.2596	25.4000	0.9300	0.9285	0.7302	-0.0006	815.0000	815.3385	1.0272	-5.3703	99.8369	40.6779	0.8230	0.8255	5.0000	-9999.0000	-9999.0000	-9999.0000	-9999.0000	-9999.0000	-9999.0000	19.0981	1	0	36.8379	1.0000	13	3	-9999.0000	23548	50999	-9999	-9999	1917	3904	584.0178	5	0.7154	0.7302	-0.0006	63.9546	1.4231	732.7487	545.1967	48.6806	717.4884	94.9306	731.6773	95.0000	738.0909	94.6065	744.8378	94.7917	
24/08/2017	00:29:33	011995	H421105701HLR	L421	S		715.8098	1.0400	0.0000	100.1317	40.0186	0.8230	1.1605	5.0000	28.2879	815.0903	94.7222	23.7985	25.4000	0.9300	0.9285	0.7293	-0.0006	815.0000	815.7908	1.0272	-5.3682	99.8273	40.6819	0.8230	0.8250	5.0000	-9999.0000	-9999.0000	-9999.0000	-9999.0000	-9999.0000	-9999.0000	19.4478	2	0	33.5783	1.0000	13	3	-9999.0000	23549	51000	-9999	-9999	1918	3906	582.7078	5	0.7158	0.7293	-0.0006	64.4235	1.4003	727.3609	565.6024	48.5648	713.9127	95.1157	726.4622	95.0926	732.4128	94.5833	736.9612	94.7685	
24/08/2017	00:30:07	011995	H421105688HLR	L421	S		721.9924	1.0400	0.0000	99.8430	40.0260	0.8230	1.1605	5.0000	28.8985	815.0671	94.6296	23.9294	25.3000	0.9300	0.9286	0.7289	-0.0006	815.0000	817.8180	1.0272	-5.3585	99.8686	40.7021	0.8230	0.8258	5.0000	-9999.0000	-9999.0000	-9999.0000	-9999.0000	-9999.0000	-9999.0000	17.1882	3	0	33.6181	1.0000	13	3	-9999.0000	23550	51001	-9999	-9999	1919	3908	582.7969	5	0.7159	0.7289	-0.0006	66.5589	1.2926	734.8637	570.6080	49.1667	719.4044	94.9769	734.0732	95.1157	740.9649	94.5833	746.0128	94.7454	
24/08/2017	00:30:39	011995	H421105632HLR	L421	S		717.3153	1.0400	0.0000	100.2010	40.0333	0.8230	1.1605	5.0000	27.4969	815.1040	94.6759	23.1687	25.3000	0.9300	0.9285	0.7288	-0.0006	815.0000	814.3457	1.0272	-5.3750	99.8100	40.6918	0.8230	0.8253	5.0000	-9999.0000	-9999.0000	-9999.0000	-9999.0000	-9999.0000	-9999.0000	17.2487	4	0	32.4085	1.0000	13	3	-9999.0000	23551	51002	-9999	-9999	1919	3909	583.3611	5	0.7159	0.7288	-0.0006	69.4995	1.1838	729.7110	544.7039	48.2176	713.9276	94.8843	728.7652	94.9074	734.8742	94.5602	740.5127	94.7685	
24/08/2017	00:31:14	011995	H421105634HLR	L421	S		711.2454	1.0400	0.0000	99.8962	40.0333	0.8230	1.1605	5.0000	27.7680	815.0350	94.7685	25.8687	25.3000	0.9300	0.9285	0.7310	-0.0007	815.0000	814.5458	1.0272	-5.3741	99.6708	40.6707	0.8230	0.8248	5.0000	-9999.0000	-9999.0000	-9999.0000	-9999.0000	-9999.0000	-9999.0000	17.3284	5	0	35.4385	1.0000	13	3	-9999.0000	23552	51003	-9999	-9999	1920	3911	582.0064	5	0.7159	0.7310	-0.0007	74.6085	0.9503	720.8240	533.6656	45.9954	705.2871	94.9306	720.2522	95.1620	726.2536	94.6296	732.7495	94.6991	
24/08/2017	00:31:47	011995	H421105647HLR	L421	S		719.7372	1.0400	0.0000	100.1260	40.0333	0.8230	1.1605	5.0000	27.8972	815.0962	94.8148	22.6287	25.3000	0.9300	0.9285	0.7320	-0.0007	815.0000	815.2435	1.0272	-5.3708	99.6905	40.6558	0.8230	0.8247	5.0000	-9999.0000	-9999.0000	-9999.0000	-9999.0000	-9999.0000	-9999.0000	17.2285	6	0	33.0674	1.0000	13	3	-9999.0000	23553	51004	-9999	-9999	1921	3913	583.4065	5	0.7156	0.7320	-0.0007	75.4315	0.8936	731.2655	531.5057	45.1852	714.3855	94.8148	730.1884	95.0463	735.8228	94.6065	741.9890	94.6991	
24/08/2017	00:38:02	011995	H421105630HLR	L421	S		719.5777	1.0400	0.0000	100.3592	40.0893	0.8230	1.1614	5.0000	20.8414	815.0777	94.7454	22.5593	25.3000	0.9300	0.9286	0.7335	-0.0008	815.0000	813.6612	1.0272	-5.3783	99.7273	40.6348	0.8230	0.8247	5.0000	-9999.0000	-9999.0000	-9999.0000	-9999.0000	-9999.0000	-9999.0000	17.2988	7	0	374.9466	1.0000	13	3	-9999.0000	23554	51005	-9999	-9999	1922	3915	583.3009	5	0.7154	0.7335	-0.0008	74.1370	0.9541	728.0527	530.4933	47.3611	712.5118	94.9537	727.1615	95.1389	733.5968	94.6065	738.9281	94.7222	
24/08/2017	00:38:36	011995	H421105637HLR	L421	S		719.2016	1.0400	0.0000	100.0106	40.0333	0.8230	1.1605	5.0000	27.8284	815.0674	94.7917	21.4090	25.3000	0.9300	0.9286	0.7268	-0.0005	815.0000	814.4582	1.0272	-5.3745	99.9036	40.6305	0.8230	0.8251	5.0000	-9999.0000	-9999.0000	-9999.0000	-9999.0000	-9999.0000	-9999.0000	17.3278	8	0	33.7122	1.0000	13	3	-9999.0000	23555	51006	-9999	-9999	1923	3917	584.2009	5	0.7155	0.7268	-0.0005	61.3628	1.5281	729.6130	542.1303	46.7593	714.0924	94.7454	728.6063	94.8843	735.3049	94.5370	741.1570	94.7917	
24/08/2017	00:39:15	011995	H421102501HLR	L421	S		711.0600	1.0400	0.0000	100.0112	40.0376	0.8230	1.1605	5.0000	27.9292	815.0678	94.8380	24.5192	25.3000	0.9300	0.9285	0.7240	-0.0004	815.0000	814.4567	1.0272	-5.3745	99.7055	40.5945	0.8230	0.8258	5.0000	-9999.0000	-9999.0000	-9999.0000	-9999.0000	-9999.0000	-9999.0000	17.3183	1	0	38.7477	1.0000	01	4	-9999.0000	23556	51007	-9999	-9999	1924	3919	582.8093	5	0.7153	0.7240	-0.0004	66.3760	1.3170	728.7495	535.5269	48.1019	712.5444	95.0694	727.6572	95.0926	733.7808	94.6065	739.1291	94.7454	
24/08/2017	00:39:47	011995	H421107326HLR	L421	S		717.6609	1.0400	0.0000	100.1435	40.0413	0.8230	1.1605	5.0000	27.8178	815.0966	94.7685	22.0691	25.3000	0.9300	0.9285	0.7273	-0.0005	815.0000	814.6468	1.0272	-5.3736	99.6269	40.6147	0.8230	0.8264	5.0000	-9999.0000	-9999.0000	-9999.0000	-9999.0000	-9999.0000	-9999.0000	17.3079	2	0	32.4776	1.0000	01	4	-9999.0000	23556	51008	-9999	-9999	1925	3921	583.6622	5	0.7155	0.7273	-0.0005	62.6322	1.4675	736.4170	549.1116	48.0093	721.7981	94.9306	735.6882	95.0231	742.3051	94.5602	747.1353	94.7685	
24/08/2017	00:40:20	011995	H421107350HLR	L421	S		716.3407	1.0400	0.0000	99.8717	40.0339	0.8230	1.1604	5.0000	28.3586	815.0288	94.8380	23.5085	25.4000	0.9300	0.9286	0.7288	-0.0006	815.0000	816.0837	1.0272	-5.3668	99.6877	40.6519	0.8230	0.8262	5.0000	-9999.0000	-9999.0000	-9999.0000	-9999.0000	-9999.0000	-9999.0000	17.3348	3	0	33.0385	1.0000	01	4	-9999.0000	23557	51009	-9999	-9999	1926	3923	583.2069	5	0.7156	0.7288	-0.0006	72.4407	1.0619	733.0516	553.1254	48.2407	717.5445	95.0231	732.2472	94.9769	738.3551	94.5833	743.8492	94.7685	
24/08/2017	00:40:53	011995	H421107290HLR	L421	S		713.2833	1.0400	0.0000	100.0954	40.0392	0.8230	1.1605	5.0000	27.0483	815.0485	94.8148	22.6492	25.3000	0.9300	0.9289	0.7280	-0.0005	815.0000	814.5526	1.0272	-5.3740	99.7321	40.6493	0.8230	0.8261	5.0000	-9999.0000	-9999.0000	-9999.0000	-9999.0000	-9999.0000	-9999.0000	17.2412	4	0	32.7052	1.0000	01	4	-9999.0000	23558	51010	-9999	-9999	1927	3925	583.7056	5	0.7155	0.7280	-0.0005	64.5334	1.4269	728.4498	516.4765	46.0185	710.2959	94.4676	727.3301	94.8148	734.6444	94.6991	740.7142	94.6528	
24/08/2017	00:41:24	011995	H421102531HLR	L421	S		698.6313	1.0400	0.0000	100.0405	39.6343	0.8230	1.1608	5.0000	28.8413	815.0441	94.8843	27.7485	25.3000	0.9300	0.9285	0.7283	-0.0005	815.0000	815.9688	1.0272	-5.3673	99.7302	40.6437	0.8230	0.8257	5.0000	-9999.0000	-9999.0000	-9999.0000	-9999.0000	-9999.0000	-9999.0000	17.2486	5	0	30.9487	1.0000	01	4	-9999.0000	23559	51011	-9999	-9999	1928	3927	581.4942	5	0.7156	0.7283	-0.0005	60.2871	1.6315	717.9901	534.5839	45.6713	699.8598	95.1852	717.0931	95.2546	724.1203	94.5833	729.2570	94.7222	
24/08/2017	00:41:57	011995	H421107348HLR	L421	S		716.9765	1.0400	0.0000	100.1329	39.7772	0.8230	1.1611	5.0000	28.0786	815.0763	94.8148	21.5584	25.4000	0.9300	0.9285	0.7304	-0.0006	815.0000	814.4243	1.0272	-5.3746	99.7345	40.6308	0.8230	0.8252	5.0000	-9999.0000	-9999.0000	-9999.0000	-9999.0000	-9999.0000	-9999.0000	17.4188	6	0	33.0908	1.0000	01	4	-9999.0000	23560	51012	-9999	-9999	1929	3929	584.2197	5	0.7154	0.7304	-0.0006	49.3527	2.0929	734.6590	551.6799	45.6713	718.2509	95.0000	733.6515	94.9769	738.8848	94.6296	744.4600	94.7222	
24/08/2017	00:42:30	011995	H421107331HLR	L421	S		717.0724	1.0400	0.0000	99.8431	39.8028	0.8230	1.1607	5.0000	27.8285	815.0953	94.8148	22.0389	25.4000	0.9300	0.9286	0.7293	-0.0006	815.0000	814.7207	1.0272	-5.3732	99.9147	40.6073	0.8230	0.8242	5.0000	-9999.0000	-9999.0000	-9999.0000	-9999.0000	-9999.0000	-9999.0000	18.6490	7	0	33.0185	1.0000	01	4	-9999.0000	23561	51012	-9999	-9999	1930	3931	584.0939	5	0.7157	0.7293	-0.0006	53.4830	1.9265	731.7105	543.6337	47.9630	716.2248	95.0000	730.8241	94.8611	737.1016	94.6065	743.0036	94.7917	
24/08/2017	00:43:02	011995	H421107328HLR	L421	S		717.3515	1.0400	0.0000	99.9958	39.8032	0.8230	1.1608	5.0000	27.8881	815.0564	94.8148	21.6795	25.3000	0.9300	0.9285	0.7316	-0.0007	815.0000	815.5556	1.0272	-5.3693	100.0192	40.6095	0.8230	0.8249	5.0000	-9999.0000	-9999.0000	-9999.0000	-9999.0000	-9999.0000	-9999.0000	17.3050	8	0	31.5882	1.0000	01	4	-9999.0000	23562	51013	-9999	-9999	1931	3932	584.4245	5	0.7157	0.7316	-0.0007	28.9981	3.0156	732.1270	549.6382	46.6898	715.3832	94.9074	730.7709	94.9769	737.2988	94.5833	743.6337	94.7454	
24/08/2017	00:43:33	011995	H421107346HLR	L421	S		722.5730	1.0400	0.0000	100.1194	39.8333	0.8230	1.1608	5.0000	27.5675	815.0975	94.9306	19.9882	25.3000	0.9300	0.9286	0.7318	-0.0007	815.0000	815.5440	1.0272	-5.3693	99.8362	40.5945	0.8230	0.8247	5.0000	-9999.0000	-9999.0000	-9999.0000	-9999.0000	-9999.0000	-9999.0000	17.2583	1	0	31.3782	1.0000	01	4	-9999.0000	23563	51014	-9999	-9999	1932	3934	585.4822	5	0.7158	0.7318	-0.0007	31.2725	2.9476	734.6745	535.3541	46.1343	718.9567	94.7685	733.7055	94.8380	740.3408	94.6065	746.6018	94.7917	
24/08/2017	00:44:06	011995	H421105951HLR	L421	S		721.0084	1.0400	0.0000	99.7016	39.8347	0.8230	1.1607	5.0000	27.7589	815.1042	94.7454	22.0389	25.4000	0.9300	0.9286	0.7327	-0.0007	815.0000	814.5965	1.0272	-5.3738	99.7230	40.5922	0.8230	0.8246	5.0000	-9999.0000	-9999.0000	-9999.0000	-9999.0000	-9999.0000	-9999.0000	17.3996	2	0	32.3975	1.0000	01	4	-9999.0000	23563	51015	-9999	-9999	1933	3936	584.3792	5	0.7160	0.7327	-0.0007	23.0483	3.3316	730.7491	546.0452	48.0556	714.6387	95.0694	729.8588	94.9769	735.6004	94.5833	741.6635	94.7917	
24/08/2017	00:44:37	011995	H421107316HLR	L421	S		722.7033	1.0400	0.0000	100.1382	39.8599	0.8230	1.1608	5.0000	28.0883	815.0885	94.6296	22.0994	25.3000	0.9300	0.9286	0.7324	-0.0007	815.0000	815.3196	1.0272	-5.3704	99.7168	40.5943	0.8230	0.8247	5.0000	-9999.0000	-9999.0000	-9999.0000	-9999.0000	-9999.0000	-9999.0000	17.2082	3	0	31.7689	1.0000	01	4	-9999.0000	23564	51016	-9999	-9999	1934	3938	584.2773	5	0.7161	0.7324	-0.0007	27.3567	3.1715	730.0239	537.8472	48.5648	714.0929	95.0463	729.0569	95.0231	736.2091	94.5602	742.2846	94.8148	
24/08/2017	00:45:11	011995	H421107336HLR	L421	S		723.5192	1.0400	0.0000	100.0473	39.8744	0.8230	1.1607	5.0000	28.4070	815.1017	94.7917	20.5389	25.4000	0.9300	0.9287	0.7318	-0.0007	815.0000	814.3797	1.0272	-5.3749	99.8257	40.5739	0.8230	0.8240	5.0000	-9999.0000	-9999.0000	-9999.0000	-9999.0000	-9999.0000	-9999.0000	19.3177	4	0	34.0689	1.0000	01	4	-9999.0000	23565	51017	-9999	-9999	1935	3940	585.2092	5	0.7162	0.7318	-0.0007	48.9148	2.2187	734.5857	548.5732	45.6250	718.0347	94.8843	733.5640	95.1852	739.8650	94.6065	744.4758	94.6991	
24/08/2017	00:45:46	011995	H421107324HLR	L421	S		724.7908	1.0400	0.0000	100.0294	39.9000	0.8230	1.1607	5.0000	28.2680	815.0343	94.7917	20.2186	25.3000	0.9300	0.9286	0.7319	-0.0007	815.0000	815.1603	1.0272	-5.3712	99.7296	40.5896	0.8230	0.8248	5.0000	-9999.0000	-9999.0000	-9999.0000	-9999.0000	-9999.0000	-9999.0000	17.3903	5	0	34.1566	1.0000	01	4	-9999.0000	23566	51018	-9999	-9999	1936	3942	585.1940	5	0.7162	0.7319	-0.0007	49.7984	2.1740	736.1434	527.8525	46.2500	720.8250	94.8611	735.2367	95.0231	742.3735	94.5833	747.2813	94.8148	
24/08/2017	00:46:17	011995	H421107345HLR	L421	S		722.1888	1.0400	0.0000	99.9106	39.9043	0.8230	1.1607	5.0000	28.3572	815.0175	94.8611	21.3787	25.3000	0.9300	0.9287	0.7325	-0.0007	815.0000	813.6785	1.0272	-5.3782	99.7341	40.6025	0.8230	0.8253	5.0000	-9999.0000	-9999.0000	-9999.0000	-9999.0000	-9999.0000	-9999.0000	17.4679	6	0	30.9394	1.0000	01	4	-9999.0000	23566	51019	-9999	-9999	1937	3944	584.5572	5	0.7163	0.7325	-0.0007	53.8964	1.9611	731.7472	532.3301	45.9491	717.9020	94.9074	730.8297	95.0000	736.4168	94.5833	741.9741	94.7685	
24/08/2017	00:46:48	011995	H421105942HLR	L421	S		725.4547	1.0400	0.0000	100.0931	39.9333	0.8230	1.1607	5.0000	27.1986	815.0896	94.6991	20.8289	25.4000	0.9300	0.9286	0.7335	-0.0008	815.0000	816.2064	1.0272	-5.3662	99.9387	40.6214	0.8230	0.8260	5.0000	-9999.0000	-9999.0000	-9999.0000	-9999.0000	-9999.0000	-9999.0000	17.2487	7	0	31.1180	1.0000	01	4	-9999.0000	23567	51020	-9999	-9999	1938	3946	584.9398	5	0.7165	0.7335	-0.0008	24.2884	3.3082	736.0986	527.5104	45.6481	719.3760	94.8380	735.4993	95.0926	741.6206	94.6065	747.5937	94.7685	
24/08/2017	00:47:21	011995	H421107338HLR	L421	S		720.3069	1.0400	0.0000	100.1248	39.9333	0.8230	1.1606	5.0000	27.9583	815.0488	94.9306	22.9988	25.3000	0.9300	0.9286	0.7326	-0.0007	815.0000	814.7529	1.0272	-5.3731	99.7039	40.6167	0.8230	0.8258	5.0000	-9999.0000	-9999.0000	-9999.0000	-9999.0000	-9999.0000	-9999.0000	17.4583	8	0	33.8186	1.0000	01	4	-9999.0000	23568	51021	-9999	-9999	1939	3948	583.7036	5	0.7169	0.7326	-0.0007	21.7179	3.4357	726.6094	558.7878	46.5972	711.2589	95.0000	725.7988	95.0463	730.6037	94.5833	736.1267	94.7917	
24/08/2017	00:47:52	011995	H421107330HLR	L421	S		722.5601	1.0400	0.0000	100.1251	39.9333	0.8230	1.1607	5.0000	27.1283	815.0671	94.7685	23.1589	25.3000	0.9300	0.9285	0.7331	-0.0007	815.0000	816.9687	1.0272	-5.3626	99.7136	40.6153	0.8230	0.8257	5.0000	-9999.0000	-9999.0000	-9999.0000	-9999.0000	-9999.0000	-9999.0000	17.3707	1	0	31.0079	1.0000	01	4	-9999.0000	23569	51022	-9999	-9999	1940	3949	583.7061	5	0.7170	0.7331	-0.0007	21.0366	3.4314	731.9504	550.4172	47.8241	716.0599	94.9306	730.7430	95.1620	737.9559	94.6296	741.7495	94.7454	
24/08/2017	00:48:23	011995	H421107352HLR	L421	S		727.5243	1.0400	0.0000	100.0077	39.9333	0.8230	1.1606	5.0000	28.1489	815.0849	94.8843	19.4696	25.3000	0.9300	0.9286	0.7287	-0.0005	815.0000	815.6148	1.0272	-5.3690	100.0166	40.6339	0.8230	0.8263	5.0000	-9999.0000	-9999.0000	-9999.0000	-9999.0000	-9999.0000	-9999.0000	17.2392	2	0	30.8383	1.0000	01	4	-9999.0000	23570	51023	-9999	-9999	1941	3951	585.9741	5	0.7174	0.7287	-0.0005	46.1112	2.2316	739.0003	548.3573	45.4398	723.6856	95.0463	738.3177	94.9306	744.3347	94.5833	749.5659	94.7685	
24/08/2017	00:48:55	011995	H421107287HLR	L421	S		728.8949	1.0400	0.0000	100.1253	39.9429	0.8230	1.1607	5.0000	27.8979	815.1148	94.8611	19.4696	25.4000	0.9300	0.9286	0.7290	-0.0005	815.0000	814.1994	1.0272	-5.3757	99.6812	40.6358	0.8230	0.8263	5.0000	-9999.0000	-9999.0000	-9999.0000	-9999.0000	-9999.0000	-9999.0000	17.2389	3	0	32.0081	1.0000	01	4	-9999.0000	23570	51024	-9999	-9999	1942	3953	585.7034	5	0.7173	0.7290	-0.0005	60.0408	1.4919	742.3606	551.5471	48.6343	728.3735	95.1389	741.7736	95.0694	746.4370	94.5833	751.9323	94.7685	
24/08/2017	00:49:28	011995	H421107318HLR	L421	S		720.5658	1.0400	0.0000	99.9519	39.9398	0.8230	1.1606	5.0000	28.1781	815.0666	94.8611	22.7790	25.3000	0.9300	0.9286	0.7343	-0.0008	815.0000	815.2612	1.0272	-5.3707	99.7056	40.6268	0.8230	0.8260	5.0000	-9999.0000	-9999.0000	-9999.0000	-9999.0000	-9999.0000	-9999.0000	17.2381	4	0	32.8683	1.0000	01	4	-9999.0000	23571	51025	-9999	-9999	1943	3955	584.1314	5	0.7171	0.7343	-0.0008	60.3610	1.4755	733.4250	539.8683	47.7546	720.6971	95.0231	732.7575	95.0000	738.9043	94.6065	744.7716	94.7685	
24/08/2017	00:50:00	011995	H421107362HLR	L421	S		726.7435	1.0400	0.0000	100.0367	39.9598	0.8230	1.1606	5.0000	28.1793	815.0723	94.8611	19.8290	25.4000	0.9300	0.9286	0.7330	-0.0007	815.0000	816.2489	1.0272	-5.3660	99.7165	40.6367	0.8230	0.8262	5.0000	-9999.0000	-9999.0000	-9999.0000	-9999.0000	-9999.0000	-9999.0000	17.2154	5	0	31.6887	1.0000	01	4	-9999.0000	23572	51026	-9999	-9999	1944	3957	585.6367	5	0.7173	0.7330	-0.0007	57.0879	1.6229	736.5338	533.4506	47.4074	719.7914	94.8843	735.8006	95.0926	741.5514	94.5602	748.5570	94.7917	
24/08/2017	00:50:31	011995	H421107361HLR	L421	S		728.4618	1.0400	0.0000	100.0406	39.9667	0.8230	1.1606	5.0000	28.0507	815.0767	94.7917	18.8388	25.4000	0.9300	0.9287	0.7351	-0.0008	815.0000	815.4830	1.0272	-5.3696	99.7000	40.6488	0.8230	0.8263	5.0000	-9999.0000	-9999.0000	-9999.0000	-9999.0000	-9999.0000	-9999.0000	17.4987	6	0	31.4983	1.0000	01	4	-9999.0000	23573	51027	-9999	-9999	1945	3959	586.3436	5	0.7174	0.7351	-0.0008	57.1307	1.6208	739.2580	540.8329	46.6435	723.1722	94.9074	738.5053	94.9769	745.0022	94.6065	751.6437	94.7685	
24/08/2017	00:51:03	011995	H421107357HLR	L421	S		727.1607	1.0400	0.0000	100.0163	39.9667	0.8230	1.1606	5.0000	27.8187	815.0575	94.9074	21.0389	25.3000	0.9300	0.9286	0.7350	-0.0008	815.0000	816.0727	1.0272	-5.3668	99.6706	40.6532	0.8230	0.8263	5.0000	-9999.0000	-9999.0000	-9999.0000	-9999.0000	-9999.0000	-9999.0000	17.7889	7	0	31.1479	1.0000	01	4	-9999.0000	23573	51028	-9999	-9999	1946	3960	584.9509	5	0.7173	0.7350	-0.0008	56.4518	1.6517	733.6694	544.6451	46.4352	716.8262	94.8843	733.1568	95.0231	738.8802	94.6065	744.6241	94.7685	
24/08/2017	00:51:34	011995	H421107323HLR	L421	S		725.0832	1.0400	0.0000	100.0670	39.9730	0.8230	1.1606	5.0000	27.7577	815.0392	94.7685	21.8582	25.3000	0.9300	0.9286	0.7336	-0.0008	815.0000	817.7552	1.0272	-5.3588	99.7063	40.6541	0.8230	0.8265	5.0000	-9999.0000	-9999.0000	-9999.0000	-9999.0000	-9999.0000	-9999.0000	17.1538	8	0	31.0691	1.0000	01	4	-9999.0000	23573	51029	-9999	-9999	1947	3961	584.3511	5	0.7174	0.7336	-0.0008	56.6066	1.6485	732.5616	530.3273	45.3241	717.2596	94.9074	731.6872	95.0231	737.9238	94.5833	742.9733	94.7917	
24/08/2017	00:52:08	011995	H421107332HLR	L421	S		726.1293	1.0400	0.0000	100.0860	39.9779	0.8230	1.1606	5.0000	27.9983	815.1053	94.7222	20.8094	25.3000	0.9300	0.9286	0.7331	-0.0007	815.0000	816.1882	1.0272	-5.3663	100.0225	40.6521	0.8230	0.8264	5.0000	-9999.0000	-9999.0000	-9999.0000	-9999.0000	-9999.0000	-9999.0000	17.4074	1	0	33.9276	1.0000	01	4	-9999.0000	23574	51030	-9999	-9999	1948	3963	585.0349	5	0.7175	0.7331	-0.0007	54.6630	1.7337	733.6308	536.5232	46.8750	718.4579	94.8611	732.8167	94.9769	738.5581	94.5833	745.5205	94.7685	
24/08/2017	00:52:41	011995	H421107267HLR	L421	S		729.1056	1.0400	0.0000	100.2516	40.0000	0.8230	1.1607	5.0000	25.8783	815.0488	94.7454	20.4989	25.3000	0.9300	0.9286	0.7333	-0.0008	815.0000	817.4838	1.0272	-5.3601	99.7102	40.6490	0.8230	0.8264	5.0000	-9999.0000	-9999.0000	-9999.0000	-9999.0000	-9999.0000	-9999.0000	17.2482	2	0	33.0878	1.0000	01	4	-9999.0000	23575	51030	-9999	-9999	1949	3965	585.0655	5	0.7174	0.7333	-0.0008	54.0177	1.7608	740.2289	544.7690	46.5972	720.8256	94.8843	739.2432	95.0000	745.2279	94.5833	750.3092	94.7685	
24/08/2017	00:53:14	011995	H421107297HLR	L421	S		727.4027	1.0400	0.0000	100.0661	40.0000	0.8230	1.1606	5.0000	27.8188	815.0883	94.7454	20.0985	25.4000	0.9300	0.9286	0.7351	-0.0009	815.0000	815.4225	1.0272	-5.3699	99.6761	40.6711	0.8230	0.8265	5.0000	-9999.0000	-9999.0000	-9999.0000	-9999.0000	-9999.0000	-9999.0000	17.4988	3	0	33.1291	1.0000	01	4	-9999.0000	23576	51031	-9999	-9999	1950	3967	585.3203	5	0.7170	0.7351	-0.0009	53.8951	1.7694	738.3785	546.4123	46.7593	721.3768	94.9769	737.5395	94.9769	743.6634	94.6065	747.8255	94.7917	
24/08/2017	00:53:45	011995	H421107268HLR	L421	S		728.5919	1.0400	0.0000	100.0074	40.0000	0.8230	1.1606	5.0000	28.1784	815.1063	94.7685	19.7392	25.4000	0.9300	0.9286	0.7351	-0.0009	815.0000	815.9037	1.0272	-5.3676	99.8074	40.6652	0.8230	0.8250	5.0000	-9999.0000	-9999.0000	-9999.0000	-9999.0000	-9999.0000	-9999.0000	19.7948	4	0	30.9182	1.0000	01	4	-9999.0000	23577	51032	-9999	-9999	1951	3969	585.4246	5	0.7170	0.7351	-0.0009	53.4964	1.7823	735.3374	537.1644	46.7593	720.7691	94.9306	734.4795	95.0231	740.8321	94.5833	745.6308	94.7685	
24/08/2017	00:54:19	011995	H421107299HLR	L421	S		709.6090	1.0400	0.0000	99.9361	40.0000	0.8230	1.1606	5.0000	28.0679	815.0928	94.9074	22.9490	25.4000	0.9300	0.9286	0.7402	-0.0011	815.0000	814.5485	1.0272	-5.3741	99.6491	40.6929	0.8230	0.8265	5.0000	-9999.0000	-9999.0000	-9999.0000	-9999.0000	-9999.0000	-9999.0000	17.4087	5	0	33.9473	1.0000	01	4	-9999.0000	23578	51033	-9999	-9999	1952	3971	583.2049	5	0.7169	0.7402	-0.0011	50.3033	1.9133	724.8460	528.1114	46.6667	707.0865	95.0926	723.4743	95.3472	730.3512	94.6759	735.1538	94.6759	
24/08/2017	00:54:53	011995	H421107300HLR	L421	S		714.2039	1.0400	0.0000	99.9636	40.0000	0.8230	1.1605	5.0000	28.4085	815.0349	94.6759	22.0291	25.3000	0.9300	0.9286	0.7474	-0.0015	815.0000	815.6975	1.0272	-5.3686	100.1131	40.6954	0.8230	0.8267	5.0000	-9999.0000	-9999.0000	-9999.0000	-9999.0000	-9999.0000	-9999.0000	17.3303	6	0	34.2082	1.0000	01	4	-9999.0000	23578	51034	-9999	-9999	1953	3973	583.0892	5	0.7173	0.7474	-0.0015	47.6468	2.0351	724.5020	523.7030	47.8704	707.9864	94.9769	723.7133	95.2315	730.1034	94.6296	736.0518	94.6991	
24/08/2017	00:55:26	011995	H421106132HLR	L421	S		714.0979	1.0400	0.0000	100.1731	40.0110	0.8230	1.1606	5.0000	27.0179	815.1598	94.6528	22.1394	25.4000	0.9300	0.9286	0.7463	-0.0014	815.0000	812.5945	1.0272	-5.3833	99.9262	40.7037	0.8230	0.8265	5.0000	-9999.0000	-9999.0000	-9999.0000	-9999.0000	-9999.0000	-9999.0000	17.3412	7	0	33.4593	1.0000	01	4	-9999.0000	23579	51034	-9999	-9999	1954	3974	582.5205	5	0.7172	0.7463	-0.0014	44.5184	2.1789	712.8923	508.9164	45.5787	695.9916	95.0463	711.9126	95.3241	720.1439	94.6296	725.8104	94.6759	
24/08/2017	00:56:04	011995	H421105893HLR	L421	S		725.1952	1.0400	0.0000	100.2195	40.0186	0.8230	1.1606	5.0000	27.0597	815.0626	94.8148	19.7694	25.4000	0.9300	0.9286	0.7301	-0.0006	815.0000	817.6980	1.0272	-5.3591	99.9057	40.6996	0.8230	0.8260	5.0000	-9999.0000	-9999.0000	-9999.0000	-9999.0000	-9999.0000	-9999.0000	17.3711	8	0	37.8775	1.0000	01	4	-9999.0000	23580	51035	-9999	-9999	1955	3976	585.1917	5	0.7168	0.7301	-0.0006	48.5387	1.9934	728.1595	523.1137	47.5694	709.1480	94.8611	727.1265	95.1157	734.4338	94.5602	741.1770	94.7454	
24/08/2017	00:56:40	011995	H421107302HLR	L421	S		713.3032	1.0400	0.0000	100.0054	40.0223	0.8230	1.1606	5.0000	27.9380	815.0935	94.8380	22.9890	25.4000	0.9300	0.9286	0.7435	-0.0013	815.0000	813.7895	1.0272	-5.3777	100.0753	40.6938	0.8230	0.8255	5.0000	-9999.0000	-9999.0000	-9999.0000	-9999.0000	-9999.0000	-9999.0000	17.3587	1	0	35.5173	1.0000	01	4	-9999.0000	23581	51036	-9999	-9999	1956	3977	583.3662	5	0.7167	0.7435	-0.0013	0.7821	4.3838	726.6064	540.7321	47.0370	712.8036	95.0694	725.3922	95.1620	732.1912	94.6065	738.1055	94.7222	
24/08/2017	00:57:11	011995	H421107303HLR	L421	S		715.0823	1.0400	0.0000	99.9813	40.0333	0.8230	1.1606	5.0000	27.1102	815.0477	94.6528	23.1892	25.3000	0.9300	0.9285	0.7337	-0.0008	815.0000	813.0669	1.0272	-5.3811	99.8365	40.6277	0.8230	0.8238	5.0000	-9999.0000	-9999.0000	-9999.0000	-9999.0000	-9999.0000	-9999.0000	18.6286	2	0	31.4585	1.0000	01	4	-9999.0000	23581	51037	-9999	-9999	1957	3978	581.3910	5	0.7166	0.7337	-0.0008	-4.8030	4.6438	714.8342	551.7047	47.1991	701.3628	94.9074	714.0017	95.1852	720.9930	94.6065	726.2331	94.6991	
24/08/2017	00:57:43	011995	H421107293HLR	L421	S		717.3227	1.0400	0.0000	100.0258	40.0337	0.8230	1.1606	5.0000	28.0500	815.0609	94.6065	22.4588	25.4000	0.9300	0.9286	0.7256	-0.0004	815.0000	815.1673	1.0272	-5.3711	99.8719	40.6099	0.8230	0.8239	5.0000	-9999.0000	-9999.0000	-9999.0000	-9999.0000	-9999.0000	-9999.0000	20.1889	3	0	32.0782	1.0000	01	4	-9999.0000	23581	51038	-9999	-9999	1958	3980	583.1842	5	0.7163	0.7256	-0.0004	-11.7664	4.9761	727.6122	542.7175	47.2685	712.1386	94.8843	726.4686	94.9537	734.3710	94.5833	739.0114	94.7917	
24/08/2017	00:58:16	011995	H421101966HLR	L421	S		713.4948	1.0400	0.0000	100.0370	40.0376	0.8230	1.1605	5.0000	28.2883	815.0811	94.5602	26.8189	25.3000	0.9300	0.9285	0.7217	-0.0003	815.0000	813.3898	1.0272	-5.3796	99.7871	40.6126	0.8230	0.8241	5.0000	-9999.0000	-9999.0000	-9999.0000	-9999.0000	-9999.0000	-9999.0000	19.0287	4	0	33.2524	1.0000	01	4	-9999.0000	23582	51039	-9999	-9999	1959	3982	581.8411	5	0.7163	0.7217	-0.0003	-5.2657	4.6760	724.6410	542.4927	47.6389	711.1637	95.0926	724.0375	95.1620	730.0187	94.5833	734.2780	94.7222	
24/08/2017	00:58:54	011995	H421101965HLR	L421	S		709.6486	1.0400	0.0000	100.2443	40.0661	0.8230	1.1607	5.0000	25.7413	815.0860	94.8380	24.6188	25.3000	0.9300	0.9285	0.7227	-0.0003	815.0000	813.4413	1.0272	-5.3793	99.7352	40.6302	0.8230	0.8248	5.0000	-9999.0000	-9999.0000	-9999.0000	-9999.0000	-9999.0000	-9999.0000	17.2561	5	0	37.3736	1.0000	01	4	-9999.0000	23583	51040	-9999	-9999	1960	3984	583.1999	5	0.7163	0.7227	-0.0003	2.0642	4.3292	730.6460	538.2659	46.8981	714.6881	94.9074	729.7623	95.1852	736.3368	94.5833	742.0178	94.7454	
24/08/2017	00:59:33	011995	H421097836HLR	L421	S		728.7493	1.0400	0.0000	100.1524	40.0558	0.8230	1.1605	5.0000	28.0288	815.0673	94.9074	10.0190	25.3000	0.9300	0.9285	0.7227	-0.0003	815.0000	826.4814	1.0272	-5.3175	99.7828	40.6346	0.8230	0.8251	5.0000	-9999.0000	-9999.0000	-9999.0000	-9999.0000	-9999.0000	-9999.0000	17.2300	6	2	38.7288	1.0000	01	4	-9999.0000	23584	51041	-9999	-9999	1961	3986	586.6838	5	0.7163	0.7227	-0.0003	2.0642	4.3292	776.0377	559.1737	45.8333	757.1941	94.5833	774.8793	94.5370	783.1113	94.6528	790.3500	94.7222	
24/08/2017	01:00:12	011995	H421105900HLR	L421	S		716.7292	1.0400	0.0000	99.9308	40.0541	0.8230	1.1605	5.0000	28.4196	815.0703	94.7917	21.0789	25.3000	0.9300	0.9289	0.7218	-0.0003	815.0000	815.2286	1.0272	-5.3708	99.9033	40.6686	0.8230	0.8263	5.0000	-9999.0000	-9999.0000	-9999.0000	-9999.0000	-9999.0000	-9999.0000	17.2375	7	0	38.9555	1.0000	01	4	-9999.0000	23584	51042	-9999	-9999	1962	3988	583.9208	5	0.7161	0.7218	-0.0003	38.1084	2.6749	739.3272	543.2355	45.4861	723.2249	94.8148	738.4505	95.0231	744.7939	94.6065	750.7690	94.7454	
24/08/2017	01:00:43	011995	H421105898HLR	L421	S		720.5253	1.0400	0.0000	99.9400	40.0667	0.8230	1.1605	5.0000	28.0892	815.0100	94.7917	22.2293	25.2000	0.9300	0.9287	0.7185	-0.0001	815.0000	817.1771	1.0272	-5.3616	99.7610	40.6844	0.8230	0.8245	5.0000	-9999.0000	-9999.0000	-9999.0000	-9999.0000	-9999.0000	-9999.0000	19.4659	8	0	31.2599	1.0000	01	4	-9999.0000	23585	51043	-9999	-9999	1962	3990	583.6751	5	0.7160	0.7185	-0.0001	32.7779	2.9499	739.4857	507.5497	47.7083	724.5737	95.0694	739.2273	95.0463	745.2209	94.5833	750.2979	94.7685	
24/08/2017	01:01:17	011995	H421103738HLR	L421	S		714.8622	1.0400	0.0000	100.0396	40.0667	0.8230	1.1609	5.0000	27.8524	815.0591	94.6296	26.4380	25.3000	0.9300	0.9286	0.7185	-0.0001	815.0000	818.2305	1.0272	-5.3566	100.0223	40.6668	0.8230	0.8245	5.0000	-9999.0000	-9999.0000	-9999.0000	-9999.0000	-9999.0000	-9999.0000	17.9684	1	0	34.5212	1.0000	01	4	-9999.0000	23586	51044	-9999	-9999	1963	3992	583.3488	5	0.7154	0.7185	-0.0001	93.6122	0.2769	734.3919	570.7104	47.3611	718.6999	95.1157	733.6669	95.0694	739.5999	94.5602	745.1619	94.7917	
24/08/2017	01:01:52	011995	H421103681HLR	L421	S		714.3781	1.0400	0.0000	100.1171	40.0667	0.8230	1.1605	5.0000	27.4739	815.0850	94.6991	27.7583	25.2000	0.9300	0.9285	0.7185	-0.0001	815.0000	816.9756	1.0272	-5.3625	99.7443	40.6673	0.8230	0.8246	5.0000	-9999.0000	-9999.0000	-9999.0000	-9999.0000	-9999.0000	-9999.0000	17.6990	2	0	34.8155	1.0000	01	4	-9999.0000	23587	51045	-9999	-9999	1964	3994	583.2555	5	0.7155	0.7185	-0.0001	94.8102	0.2021	732.2595	545.1296	46.7361	718.5462	95.0694	731.8477	95.3241	736.7843	94.6296	741.8116	94.6991	
24/08/2017	01:02:28	011995	H421103724HLR	L421	S		713.8826	1.0400	0.0000	100.1545	40.0667	0.8230	1.1605	5.0000	26.9512	815.0319	94.6991	27.9985	25.2000	0.9300	0.9285	0.7185	-0.0001	815.0000	818.6013	1.0272	-5.3548	99.7148	40.6407	0.8230	0.8243	5.0000	-9999.0000	-9999.0000	-9999.0000	-9999.0000	-9999.0000	-9999.0000	17.7061	3	0	36.0178	1.0000	01	4	-9999.0000	23588	51045	-9999	-9999	1965	3996	583.1496	5	0.7154	0.7185	-0.0001	93.8800	0.2120	733.5608	547.1169	46.5509	716.8272	94.9306	732.8262	95.1157	738.8222	94.5602	743.3227	94.7685	
24/08/2017	01:16:16	011995	H421095374HLR	L421	S		729.9010	1.0400	0.0000	100.1199	40.0641	0.8230	1.1605	5.0000	27.1987	815.0663	94.8843	16.5987	25.3000	0.9300	0.9286	0.7185	-0.0001	815.0000	813.8884	1.0272	-5.3772	99.6988	40.6315	0.8230	0.8248	5.0000	-9999.0000	-9999.0000	-9999.0000	-9999.0000	-9999.0000	-9999.0000	17.2186	4	0	827.5247	1.0000	01	4	-9999.0000	23589	51046	-9999	-9999	1966	3998	584.2329	5	0.7154	0.7185	-0.0001	93.8800	0.2120	754.9853	534.7899	45.3472	736.1633	94.7454	753.8575	94.8611	760.8040	94.5602	766.1591	94.7685	
24/08/2017	01:16:50	011995	H421102266HLR	L421	S		716.8510	1.0400	0.0000	99.9781	40.0491	0.8230	1.1605	5.0000	28.2769	815.1001	94.8148	23.4987	25.2000	0.9300	0.9287	0.7185	-0.0001	815.0000	815.8248	1.0272	-5.3680	99.8588	40.6466	0.8230	0.8257	5.0000	-9999.0000	-9999.0000	-9999.0000	-9999.0000	-9999.0000	-9999.0000	17.3688	5	0	34.7481	1.0000	01	4	-9999.0000	23590	51047	-9999	-9999	1967	4000	583.6367	5	0.7148	0.7185	-0.0001	92.3772	0.3251	737.0272	527.9183	48.2176	721.4367	95.1389	736.1386	95.2315	743.0531	94.6065	748.2283	94.6528	
24/08/2017	01:17:27	011995	H421102470HLR	L421	S		718.1297	1.0400	0.0000	100.1301	40.0583	0.8230	1.1605	5.0000	27.5188	815.0842	94.8611	23.7087	25.3000	0.9300	0.9286	0.7232	-0.0003	815.0000	813.8803	1.0272	-5.3772	100.0157	40.3794	0.8230	0.8295	5.0000	-9999.0000	-9999.0000	-9999.0000	-9999.0000	-9999.0000	-9999.0000	18.2575	6	0	36.2587	1.0000	01	4	-9999.0000	23591	51048	-9999	-9999	1968	4001	583.6143	5	0.7144	0.7232	-0.0003	90.4624	0.4163	742.4282	546.5440	47.1991	726.0845	95.0000	741.7827	95.2315	746.9623	94.5833	749.7870	94.6991	
24/08/2017	01:18:03	011995	H421102453HLR	L421	S		714.5546	1.0400	0.0000	100.1922	40.0582	0.8230	1.1606	5.0000	26.4645	815.0351	94.9537	25.0279	25.3000	0.9300	0.9286	0.7238	-0.0004	815.0000	815.0322	1.0272	-5.3718	99.7970	40.3950	0.8230	0.8267	5.0000	-9999.0000	-9999.0000	-9999.0000	-9999.0000	-9999.0000	-9999.0000	17.2052	7	0	36.0485	1.0000	01	4	-9999.0000	23592	51049	-9999	-9999	1969	4003	582.4708	5	0.7147	0.7238	-0.0004	91.0945	0.4005	730.3787	570.6224	48.3102	712.6034	95.2546	729.4739	95.1852	735.3622	94.5602	740.6055	94.7222	
24/08/2017	01:18:36	011995	H421102472HLR	L421	S		717.6912	1.0400	0.0000	100.0535	40.0445	0.8230	1.1605	5.0000	27.1376	815.0540	94.6991	23.7683	25.3000	0.9300	0.9286	0.7239	-0.0004	815.0000	815.7322	1.0272	-5.3684	99.8286	40.4692	0.8230	0.8274	5.0000	-9999.0000	-9999.0000	-9999.0000	-9999.0000	-9999.0000	-9999.0000	17.3002	8	0	32.8772	1.0000	01	4	-9999.0000	23592	51050	-9999	-9999	1970	4005	582.8999	5	0.7147	0.7239	-0.0004	91.5587	0.3849	733.0306	563.9585	47.6852	719.0449	94.8843	731.8670	95.1157	737.3089	94.5602	743.3945	94.6991	
24/08/2017	01:19:08	011995	H421103854HLR	L421	S		715.1444	1.0400	0.0000	100.4061	40.0887	0.8230	1.1614	5.0000	20.7391	815.0883	94.7222	22.4187	25.8000	0.9300	0.9287	0.7249	-0.0004	815.0000	813.0951	1.0272	-5.3810	99.6819	40.5273	0.8230	0.8275	5.0000	-9999.0000	-9999.0000	-9999.0000	-9999.0000	-9999.0000	-9999.0000	17.5485	1	0	31.9380	1.0000	01	4	-9999.0000	23593	51050	-9999	-9999	1971	4007	583.3882	5	0.7148	0.7249	-0.0004	60.0147	1.6274	733.0829	549.7730	46.0417	720.4589	94.3287	732.2429	94.7917	738.0513	94.6065	744.4131	94.7222	
24/08/2017	01:19:40	011995	H421105852HLR	L421	S		713.5737	1.0400	0.0000	99.9879	39.4576	0.8230	1.1639	5.0000	31.7081	815.0627	95.0463	25.2389	25.9000	0.9300	0.9286	0.7250	-0.0004	815.0000	814.3231	1.0272	-5.3751	99.8086	40.5454	0.8230	0.8272	5.0000	-9999.0000	-9999.0000	-9999.0000	-9999.0000	-9999.0000	-9999.0000	17.4891	2	0	32.6289	1.0000	01	4	-9999.0000	23594	51050	-9999	-9999	1972	4009	582.4883	5	0.7146	0.7250	-0.0004	73.8426	1.0668	729.3686	544.3774	48.7500	716.6288	94.9537	728.6621	95.3935	734.5432	94.5833	740.5665	94.7222	
24/08/2017	01:20:11	011995	H421105932HLR	L421	S		709.5499	1.0400	0.0000	100.2996	39.8481	0.8230	1.1627	5.0000	27.0981	815.0458	95.0231	25.0485	25.6000	0.9300	0.9283	0.7250	-0.0004	815.0000	813.7663	1.0272	-5.3778	99.9710	40.5536	0.8230	0.8267	5.0000	-9999.0000	-9999.0000	-9999.0000	-9999.0000	-9999.0000	-9999.0000	17.8688	3	0	30.9481	1.0000	01	1	-9999.0000	23595	51051	-9999	-9999	1973	4011	582.3368	5	0.7150	0.7250	-0.0004	72.6542	1.1086	729.2209	553.8029	46.5278	712.7756	95.0694	728.5493	95.3241	735.0010	94.5833	739.3914	94.7685	
24/08/2017	01:20:44	011995	H421105930HLR	L421	S		720.5232	1.0400	0.0000	100.1089	39.7172	0.8230	1.1611	5.0000	29.5230	815.1093	94.7917	21.8592	25.4000	0.9300	0.9284	0.7256	-0.0004	815.0000	814.6877	1.0272	-5.3734	99.6691	40.5653	0.8230	0.8265	5.0000	-9999.0000	-9999.0000	-9999.0000	-9999.0000	-9999.0000	-9999.0000	17.3787	4	0	32.3083	1.0000	01	1	-9999.0000	23596	51052	-9999	-9999	1974	4012	583.4211	5	0.7151	0.7256	-0.0004	68.1918	1.2829	736.6585	552.5458	46.5278	721.5577	94.7917	736.0771	95.1389	742.5841	94.5370	748.0301	94.6991	
24/08/2017	01:21:18	011995	H421105940HLR	L421	S		723.0754	1.0400	0.0000	100.1341	39.6947	0.8230	1.1611	5.0000	27.6787	815.0933	94.8148	20.9491	25.3000	0.9300	0.9284	0.7267	-0.0005	815.0000	813.2852	1.0272	-5.3801	100.0259	40.5570	0.8230	0.8255	5.0000	-9999.0000	-9999.0000	-9999.0000	-9999.0000	-9999.0000	-9999.0000	18.7488	5	0	34.7677	1.0000	01	1	-9999.0000	23597	51053	-9999	-9999	1975	4014	583.9214	5	0.7152	0.7267	-0.0005	57.0523	1.7185	738.6623	541.0032	45.7870	722.9044	94.8148	737.9800	95.1157	744.5281	94.5139	749.3241	94.7917	
24/08/2017	01:21:51	011995	H421105931HLR	L421	S		715.3903	1.0400	0.0000	100.0932	39.7005	0.8230	1.1611	5.0000	28.6077	815.0576	94.8611	21.5194	25.2000	0.9300	0.9285	0.7259	-0.0004	815.0000	814.7937	1.0272	-5.3729	99.6672	40.5778	0.8230	0.8263	5.0000	-9999.0000	-9999.0000	-9999.0000	-9999.0000	-9999.0000	-9999.0000	17.3385	6	0	32.2980	1.0000	01	1	-9999.0000	23598	51054	-9999	-9999	1976	4016	584.0198	5	0.7154	0.7259	-0.0004	56.7268	1.7420	735.1279	523.9186	46.7361	719.3628	94.6528	734.1455	95.0694	740.5211	94.5602	746.6858	94.7222	
24/08/2017	01:22:23	011995	H421105950HLR	L421	S		717.6295	1.0400	0.0000	100.1271	39.7424	0.8230	1.1612	5.0000	27.8785	815.0771	94.8148	19.8486	25.1000	0.9300	0.9286	0.7257	-0.0004	815.0000	814.1936	1.0272	-5.3757	99.6346	40.5610	0.8230	0.8256	5.0000	-9999.0000	-9999.0000	-9999.0000	-9999.0000	-9999.0000	-9999.0000	17.2878	7	0	32.6389	1.0000	01	1	-9999.0000	23599	51054	-9999	-9999	1977	4018	584.6925	5	0.7157	0.7257	-0.0004	53.3444	1.8913	736.4454	529.6746	46.6667	720.3087	94.6296	735.4806	95.0463	741.6814	94.5139	747.5143	94.7454	
24/08/2017	01:22:55	011995	H421107329HLR	L421	S		714.7853	1.0400	0.0000	100.0606	39.7681	0.8230	1.1611	5.0000	27.8888	815.0797	94.8148	21.3592	24.9000	0.9300	0.9286	0.7244	-0.0004	815.0000	815.2757	1.0272	-5.3706	99.7701	40.5463	0.8230	0.8250	5.0000	-9999.0000	-9999.0000	-9999.0000	-9999.0000	-9999.0000	-9999.0000	17.6780	8	0	31.4485	1.0000	01	1	-9999.0000	23600	51055	-9999	-9999	1978	4019	584.1420	5	0.7162	0.7244	-0.0004	48.4094	2.1045	734.4892	539.0538	46.4352	717.6379	94.6991	733.4970	95.0694	740.0438	94.5602	745.0853	94.6991	
24/08/2017	01:23:28	011995	H421107347HLR	L421	S		714.0848	1.0400	0.0000	100.1494	39.7787	0.8230	1.1611	5.0000	27.8979	815.0303	94.7454	23.8688	24.8000	0.9300	0.9286	0.7291	-0.0006	815.0000	818.5543	1.0272	-5.3551	99.8474	40.5063	0.8230	0.8237	5.0000	-9999.0000	-9999.0000	-9999.0000	-9999.0000	-9999.0000	-9999.0000	19.6583	1	0	33.0080	1.0000	01	1	-9999.0000	23601	51056	-9999	-9999	1979	4021	583.4406	5	0.7161	0.7291	-0.0006	52.3011	1.9547	735.8026	543.9172	45.0694	719.5277	94.6991	734.9002	94.9306	742.2326	94.5139	748.4277	94.7685	
24/08/2017	01:24:05	011995	H421107327HLR	L421	S		714.2634	1.0400	0.0000	100.1394	39.8000	0.8230	1.1610	5.0000	27.7884	815.0561	94.8611	21.3191	24.8000	0.9300	0.9287	0.7291	-0.0006	815.0000	816.7285	1.0272	-5.3637	99.7717	40.5235	0.8230	0.8243	5.0000	-9999.0000	-9999.0000	-9999.0000	-9999.0000	-9999.0000	-9999.0000	18.6889	2	0	37.1474	1.0000	01	1	-9999.0000	23602	51057	-9999	-9999	1980	4023	584.6040	5	0.7164	0.7291	-0.0006	66.8030	1.3503	730.8456	547.6040	45.3935	713.6919	94.6991	729.7466	94.9769	736.1663	94.5370	742.4671	94.7454	
24/08/2017	01:24:36	011995	H421107335HLR	L421	S		715.7632	1.0400	0.0000	100.1893	39.8148	0.8230	1.1611	5.0000	25.5881	815.0729	94.8148	21.5984	24.7000	0.9300	0.9288	0.7290	-0.0006	815.0000	817.2140	1.0272	-5.3614	99.7000	40.5370	0.8230	0.8250	5.0000	-9999.0000	-9999.0000	-9999.0000	-9999.0000	-9999.0000	-9999.0000	17.3496	3	0	31.4192	1.0000	01	1	-9999.0000	23603	51057	-9999	-9999	1981	4025	584.5679	5	0.7163	0.7290	-0.0006	70.8949	1.2081	730.4932	549.5929	48.1250	714.1323	94.6991	729.6081	94.9306	736.4872	94.5370	741.9396	94.7917	
24/08/2017	01:25:10	011995	H421105971HLR	L421	S		714.0462	1.0400	0.0000	100.2720	39.8303	0.8230	1.1615	5.0000	22.7881	815.0474	94.7685	20.4393	24.7000	0.9300	0.9288	0.7296	-0.0006	815.0000	815.9589	1.0272	-5.3674	99.9595	40.5658	0.8230	0.8263	5.0000	-9999.0000	-9999.0000	-9999.0000	-9999.0000	-9999.0000	-9999.0000	17.2429	4	0	33.6075	1.0000	01	1	-9999.0000	23604	51058	-9999	-9999	1982	4027	584.9039	5	0.7161	0.7296	-0.0006	65.3833	1.4745	730.9040	557.5431	46.2037	714.4183	94.6991	729.8479	95.0231	736.6087	94.5370	743.1314	94.6991	
24/08/2017	01:25:43	011995	H421107291HLR	L421	S		716.8641	1.0400	0.0000	100.1429	39.7987	0.8230	1.1614	5.0000	27.1781	815.0598	94.8611	21.9588	24.8000	0.9300	0.9288	0.7266	-0.0005	815.0000	819.1058	1.0272	-5.3524	99.7532	40.5664	0.8230	0.8263	5.0000	-9999.0000	-9999.0000	-9999.0000	-9999.0000	-9999.0000	-9999.0000	17.2793	5	0	33.4386	1.0000	01	1	-9999.0000	23605	51059	-9999	-9999	1983	4029	584.1535	5	0.7163	0.7266	-0.0005	69.3922	1.3391	730.9865	529.4136	47.6852	719.5998	94.8148	730.1854	95.0694	737.1109	94.5370	743.1815	94.7454	
24/08/2017	01:26:19	011995	H421102459HLR	L421	S		708.7556	1.0400	0.0000	100.0909	39.8138	0.8230	1.1610	5.0000	27.4682	815.0514	94.8380	26.0991	24.9000	0.9300	0.9288	0.7275	-0.0005	815.0000	816.3619	1.0272	-5.3655	99.9083	40.5911	0.8230	0.8256	5.0000	-9999.0000	-9999.0000	-9999.0000	-9999.0000	-9999.0000	-9999.0000	19.5580	6	0	35.2884	1.0000	01	1	-9999.0000	23606	51060	-9999	-9999	1984	4030	582.6386	5	0.7161	0.7275	-0.0005	75.1904	1.1237	720.6138	533.3726	46.2037	707.0967	94.8148	719.7428	94.9306	726.9108	94.5602	732.5687	94.7685	
24/08/2017	01:26:50	011995	H421102500HLR	L421	S		718.2518	1.0400	0.0000	100.1314	39.8371	0.8230	1.1610	5.0000	27.1888	815.0638	94.8380	20.4091	24.9000	0.9300	0.9288	0.7441	-0.0013	815.0000	813.7656	1.0272	-5.3778	99.7240	40.6123	0.8230	0.8270	5.0000	-9999.0000	-9999.0000	-9999.0000	-9999.0000	-9999.0000	-9999.0000	17.1782	7	0	31.5480	1.0000	01	1	-9999.0000	23606	51061	-9999	-9999	1985	4032	584.5003	5	0.7162	0.7441	-0.0013	73.9631	1.2282	734.2929	555.2217	48.4491	719.1999	94.7685	733.5714	95.0694	740.2130	94.5370	746.0823	94.7222	
24/08/2017	01:27:22	011995	H421107341HLR	L421	S		714.8879	1.0400	0.0000	100.1526	39.8450	0.8230	1.1610	5.0000	26.1478	815.1127	94.9074	22.6287	24.9000	0.9300	0.9288	0.7448	-0.0013	815.0000	817.3242	1.0272	-5.3609	99.8372	40.6170	0.8230	0.8249	5.0000	-9999.0000	-9999.0000	-9999.0000	-9999.0000	-9999.0000	-9999.0000	19.8082	8	0	31.6783	1.0000	01	1	-9999.0000	23607	51062	-9999	-9999	1986	4034	582.5844	5	0.7160	0.7448	-0.0013	68.0772	1.5121	720.5333	542.5763	46.8981	703.7994	94.8611	719.2351	95.1620	726.4442	94.5833	733.0220	94.6759	
24/08/2017	01:27:53	011995	H421107349HLR	L421	S		714.9807	1.0400	0.0000	100.0602	39.8333	0.8230	1.1609	5.0000	27.9379	815.0707	94.7685	22.4080	25.0000	0.9300	0.9288	0.7458	-0.0014	815.0000	815.1626	1.0272	-5.3711	99.7238	40.6405	0.8230	0.8266	5.0000	-9999.0000	-9999.0000	-9999.0000	-9999.0000	-9999.0000	-9999.0000	17.4395	1	0	31.1079	1.0000	01	1	-9999.0000	23608	51063	-9999	-9999	1987	4036	582.6786	5	0.7157	0.7458	-0.0014	69.9223	1.4502	716.9854	542.6458	47.2917	701.9397	94.8611	715.8445	95.1389	722.6428	94.5370	729.7315	94.7222	
24/08/2017	01:28:24	011995	H421107358HLR	L421	S		717.0596	1.0400	0.0000	100.1055	39.8532	0.8230	1.1609	5.0000	27.4476	815.0395	94.7685	21.6785	25.1000	0.9300	0.9288	0.7466	-0.0014	815.0000	816.0559	1.0272	-5.3669	99.7767	40.6164	0.8230	0.8246	5.0000	-9999.0000	-9999.0000	-9999.0000	-9999.0000	-9999.0000	-9999.0000	19.7681	2	0	31.0980	1.0000	01	1	-9999.0000	23609	51064	-9999	-9999	1987	4038	583.3057	5	0.7158	0.7466	-0.0014	65.9236	1.6165	717.9291	543.9272	47.7083	703.5318	94.7222	717.0846	95.0231	723.3577	94.5602	730.5826	94.7222	
24/08/2017	01:28:56	011995	H421107354HLR	L421	S		716.2620	1.0400	0.0000	100.0555	39.8615	0.8230	1.1609	5.0000	28.1382	815.0961	94.7222	20.6883	25.1000	0.9300	0.9289	0.7500	-0.0016	815.0000	815.8114	1.0272	-5.3681	99.6585	40.6455	0.8230	0.8262	5.0000	-9999.0000	-9999.0000	-9999.0000	-9999.0000	-9999.0000	-9999.0000	17.5190	3	0	31.8781	1.0000	01	1	-9999.0000	23610	51065	-9999	-9999	1988	4039	584.5074	5	0.7154	0.7500	-0.0016	74.4939	1.2602	717.8575	545.9374	50.1157	702.6801	95.0463	717.0560	95.0000	723.6390	94.5602	730.8820	94.7222	
24/08/2017	01:29:27	011995	H421107320HLR	L421	S		715.7054	1.0400	0.0000	100.1802	39.8797	0.8230	1.1610	5.0000	26.0287	815.0685	94.7454	20.6287	25.1000	0.9300	0.9288	0.7487	-0.0015	815.0000	816.2375	1.0272	-5.3660	100.0059	40.6390	0.8230	0.8253	5.0000	-9999.0000	-9999.0000	-9999.0000	-9999.0000	-9999.0000	-9999.0000	18.8110	4	0	31.5691	1.0000	01	1	-9999.0000	23611	51066	-9999	-9999	1989	4041	584.3782	5	0.7150	0.7487	-0.0015	75.2961	1.2156	716.9006	537.5130	49.3519	700.4915	94.9537	715.8750	95.0926	723.4821	94.5602	730.7137	94.7222	
24/08/2017	01:30:00	011995	H421107351HLR	L421	S		716.2333	1.0400	0.0000	99.8906	39.8667	0.8230	1.1608	5.0000	28.3578	815.1098	94.7685	19.6884	25.1000	0.9300	0.9288	0.7478	-0.0015	815.0000	816.2164	1.0272	-5.3661	99.7188	40.6549	0.8230	0.8263	5.0000	-9999.0000	-9999.0000	-9999.0000	-9999.0000	-9999.0000	-9999.0000	17.3286	5	0	32.1979	1.0000	01	1	-9999.0000	23612	51066	-9999	-9999	1990	4043	585.6611	5	0.7149	0.7478	-0.0015	72.1421	1.3430	718.8766	555.7101	50.1389	703.0158	95.0463	717.6234	95.0463	725.9680	94.5139	733.5903	94.6991	
24/08/2017	01:30:31	011995	H421107343HLR	L421	S		718.5410	1.0400	0.0000	100.1226	39.8840	0.8230	1.1609	5.0000	28.1088	815.0808	94.7454	20.0282	25.1000	0.9300	0.9288	0.7565	-0.0019	815.0000	817.2160	1.0272	-5.3614	99.7783	40.6573	0.8230	0.8260	5.0000	-9999.0000	-9999.0000	-9999.0000	-9999.0000	-9999.0000	-9999.0000	17.4780	6	0	31.5481	1.0000	01	1	-9999.0000	23613	51066	-9999	-9999	1991	4045	585.0310	5	0.7152	0.7565	-0.0019	70.2956	1.4164	721.5274	534.4516	48.1019	704.7650	94.8380	720.8914	95.0000	728.4868	94.5602	735.2947	94.7454	
24/08/2017	01:31:03	011995	H421107271HLR	L421	S		713.7267	1.0400	0.0000	100.1816	39.9063	0.8230	1.1610	5.0000	26.3986	815.0628	94.7222	20.8788	25.1000	0.9300	0.9288	0.7531	-0.0018	815.0000	815.7465	1.0272	-5.3684	99.8512	40.6307	0.8230	0.8245	5.0000	-9999.0000	-9999.0000	-9999.0000	-9999.0000	-9999.0000	-9999.0000	19.2485	7	0	31.8185	1.0000	01	1	-9999.0000	23614	51067	-9999	-9999	1992	4047	583.9882	5	0.7152	0.7531	-0.0018	72.0594	1.3394	709.6116	555.8562	47.8935	692.8523	94.8843	708.5549	95.0926	716.2650	94.5370	723.5328	94.6759	
24/08/2017	01:31:33	011995	H421107283HLR	L421	S		713.4142	1.0400	0.0000	99.8479	39.9034	0.8230	1.1608	5.0000	27.4476	815.0604	94.6528	20.6590	25.1000	0.9300	0.9288	0.7499	-0.0016	815.0000	816.2483	1.0272	-5.3660	99.7970	40.6568	0.8230	0.8260	5.0000	-9999.0000	-9999.0000	-9999.0000	-9999.0000	-9999.0000	-9999.0000	17.2794	8	0	29.6079	1.0000	01	1	-9999.0000	23615	51068	-9999	-9999	1993	4049	584.1690	5	0.7155	0.7499	-0.0016	73.4807	1.2715	714.0739	547.9196	48.8657	697.1030	94.9306	713.1262	94.9537	720.1212	94.5139	727.1521	94.8148	
24/08/2017	01:32:05	011995	H421107275HLR	L421	S		715.0382	1.0400	0.0000	100.1278	39.9124	0.8230	1.1609	5.0000	27.6282	815.0899	94.7222	21.2889	25.2000	0.9300	0.9288	0.7459	-0.0014	815.0000	816.2655	1.0272	-5.3659	100.0035	40.6200	0.8230	0.8240	5.0000	-9999.0000	-9999.0000	-9999.0000	-9999.0000	-9999.0000	-9999.0000	19.5484	1	0	32.4484	1.0000	01	1	-9999.0000	23616	51069	-9999	-9999	1994	4051	583.1672	5	0.7154	0.7459	-0.0014	70.8260	1.3823	716.4871	550.6878	48.2870	698.3578	94.8843	715.2425	95.0463	723.0075	94.5602	729.4819	94.7222	
24/08/2017	01:32:37	011995	H421107308HLR	L421	S		713.1097	1.0400	0.0000	100.0224	39.9177	0.8230	1.1608	5.0000	28.5853	815.1076	94.6528	20.5389	25.2000	0.9300	0.9288	0.7431	-0.0013	815.0000	815.3359	1.0272	-5.3703	99.9317	40.6395	0.8230	0.8248	5.0000	-9999.0000	-9999.0000	-9999.0000	-9999.0000	-9999.0000	-9999.0000	18.6782	2	0	31.6086	1.0000	01	1	-9999.0000	23616	51070	-9999	-9999	1994	4052	583.9804	5	0.7156	0.7431	-0.0013	71.7723	1.3400	718.7435	547.0811	46.9676	702.4139	94.8380	717.6292	94.9769	725.3013	94.5139	732.2286	94.8611	
24/08/2017	01:33:09	011995	H421107266HLR	L421	S		712.2087	1.0400	0.0000	99.8238	39.9333	0.8230	1.1608	5.0000	27.5492	815.0494	94.6759	20.7987	25.2000	0.9300	0.9288	0.7416	-0.0012	815.0000	815.4077	1.0272	-5.3700	99.8629	40.6098	0.8230	0.8237	5.0000	-9999.0000	-9999.0000	-9999.0000	-9999.0000	-9999.0000	-9999.0000	19.8686	3	0	32.0286	1.0000	01	1	-9999.0000	23617	51071	-9999	-9999	1995	4054	583.6753	5	0.7158	0.7416	-0.0012	87.1118	0.6239	720.8776	546.9013	47.8472	703.7032	94.8843	719.8967	95.0463	726.4296	94.5139	734.2835	94.8148	
24/08/2017	01:33:41	011995	H421107279HLR	L421	S		717.2642	1.0400	0.0000	100.0924	39.9333	0.8230	1.1608	5.0000	28.2483	815.0455	94.8380	18.5888	25.2000	0.9300	0.9288	0.7409	-0.0012	815.0000	814.4247	1.0272	-5.3746	99.9528	40.6451	0.8230	0.8253	5.0000	-9999.0000	-9999.0000	-9999.0000	-9999.0000	-9999.0000	-9999.0000	17.4188	4	0	31.8577	1.0000	01	1	-9999.0000	23618	51071	-9999	-9999	1996	4056	585.7698	5	0.7154	0.7409	-0.0012	91.4315	0.4367	727.8210	554.5279	47.3148	709.6834	94.7917	726.7318	94.8611	733.8404	94.5370	741.5972	94.8148	
24/08/2017	01:34:13	011995	H421107296HLR	L421	S		715.2282	1.0400	0.0000	100.2268	39.9458	0.8230	1.1609	5.0000	25.8885	815.0954	94.6759	20.4491	25.2000	0.9300	0.9288	0.7358	-0.0010	815.0000	813.1470	1.0272	-5.3807	99.6993	40.6402	0.8230	0.8250	5.0000	-9999.0000	-9999.0000	-9999.0000	-9999.0000	-9999.0000	-9999.0000	17.4087	5	0	32.5080	1.0000	01	1	-9999.0000	23619	51071	-9999	-9999	1997	4058	583.7994	5	0.7158	0.7358	-0.0010	101.3379	-0.0344	723.9224	548.1577	47.8704	707.1713	94.9537	722.7339	94.9769	729.2286	94.5370	736.0142	94.8148	
24/08/2017	01:34:45	011995	H421107288HLR	L421	S		712.8619	1.0400	0.0000	99.9278	39.9333	0.8230	1.1608	5.0000	29.4983	815.0618	94.6759	20.6786	25.2000	0.9300	0.9288	0.7453	-0.0014	815.0000	813.6865	1.0272	-5.3781	99.7424	40.6326	0.8230	0.8250	5.0000	-9999.0000	-9999.0000	-9999.0000	-9999.0000	-9999.0000	-9999.0000	17.2488	6	0	31.7126	1.0000	01	1	-9999.0000	23620	51071	-9999	-9999	1998	4060	583.5858	5	0.7159	0.7453	-0.0014	92.3620	0.4157	725.8846	540.6981	46.4815	709.6293	94.9074	724.9733	95.0694	731.4334	94.5602	737.6814	94.8148	
24/08/2017	01:35:17	011995	H421107306HLR	L421	S		714.1937	1.0400	0.0000	99.9135	39.9543	0.8230	1.1608	5.0000	27.9289	815.1106	94.7685	21.1190	25.2000	0.9300	0.9287	0.7492	-0.0016	815.0000	814.4721	1.0272	-5.3744	99.8707	40.6095	0.8230	0.8242	5.0000	-9999.0000	-9999.0000	-9999.0000	-9999.0000	-9999.0000	-9999.0000	18.2586	7	0	31.7343	1.0000	01	1	-9999.0000	23621	51072	-9999	-9999	1998	4062	583.1649	5	0.7163	0.7492	-0.0016	61.7562	1.9135	719.2109	508.9565	45.3472	703.1204	95.0000	718.4529	94.9537	726.0039	94.5602	732.6520	94.8611	
24/08/2017	01:35:48	011995	H421107744HLR	L421	S		714.7646	1.0400	0.0000	100.0623	39.9667	0.8230	1.1608	5.0000	27.9985	815.0798	94.6065	20.8592	25.3000	0.9300	0.9287	0.7498	-0.0016	815.0000	813.7164	1.0272	-5.3780	99.7097	40.6173	0.8230	0.8247	5.0000	-9999.0000	-9999.0000	-9999.0000	-9999.0000	-9999.0000	-9999.0000	17.3841	8	0	31.5078	1.0000	01	1	-9999.0000	23622	51073	-9999	-9999	1999	4063	583.3707	5	0.7165	0.7498	-0.0016	60.4167	1.9759	715.7852	528.5871	46.0185	699.1059	94.9769	714.8740	95.0463	721.9835	94.5602	728.3527	94.7917	
24/08/2017	01:36:19	011995	H421107734HLR	L421	S		713.6136	1.0400	0.0000	100.2885	39.9667	0.8230	1.1608	5.0000	27.0673	815.0567	94.7454	21.4891	25.2000	0.9300	0.9287	0.7487	-0.0016	815.0000	812.7079	1.0272	-5.3828	99.8384	40.6249	0.8230	0.8248	5.0000	-9999.0000	-9999.0000	-9999.0000	-9999.0000	-9999.0000	-9999.0000	17.2058	1	0	30.9885	1.0000	01	1	-9999.0000	23622	51074	-9999	-9999	2000	4065	582.4331	5	0.7166	0.7487	-0.0016	60.2933	1.9830	713.7265	517.7773	47.5694	698.0973	95.0463	712.9025	95.1157	719.7889	94.5833	725.9379	94.8148	
24/08/2017	01:36:51	011995	H421107752HLR	L421	S		712.9647	1.0400	0.0000	100.3125	39.9777	0.8230	1.1609	5.0000	26.1696	815.0571	94.6065	20.7791	25.3000	0.9300	0.9287	0.7461	-0.0014	815.0000	813.4307	1.0272	-5.3794	100.1202	40.6223	0.8230	0.8249	5.0000	-9999.0000	-9999.0000	-9999.0000	-9999.0000	-9999.0000	-9999.0000	17.2306	2	0	31.9582	1.0000	01	1	-9999.0000	23623	51074	-9999	-9999	2001	4067	583.4071	5	0.7164	0.7461	-0.0014	62.5539	1.8586	715.1805	562.2029	50.2083	700.0330	95.3241	714.2234	95.0463	721.8730	94.5602	728.7392	94.7917	
24/08/2017	01:37:24	011995	H421107747HLR	L421	S		715.7917	1.0400	0.0000	100.0215	39.9705	0.8230	1.1608	5.0000	28.0178	815.0766	94.5602	20.7889	25.2000	0.9300	0.9288	0.7474	-0.0015	815.0000	813.8065	1.0272	-5.3776	99.7137	40.6216	0.8230	0.8247	5.0000	-9999.0000	-9999.0000	-9999.0000	-9999.0000	-9999.0000	-9999.0000	17.3031	3	0	33.1584	1.0000	01	1	-9999.0000	23624	51075	-9999	-9999	2002	4069	583.6658	5	0.7165	0.7474	-0.0015	67.3265	1.6203	719.5210	547.9582	46.3194	703.1273	95.0231	718.5239	95.1389	725.7258	94.5602	733.0795	94.7917	
24/08/2017	01:37:59	011995	H421107312HLR	L421	S		713.8534	1.0400	0.0000	100.2208	39.9880	0.8230	1.1608	5.0000	27.5245	815.0654	94.6296	20.5887	25.2000	0.9300	0.9287	0.7430	-0.0013	815.0000	813.9079	1.0272	-5.3771	99.7435	40.6210	0.8230	0.8248	5.0000	-9999.0000	-9999.0000	-9999.0000	-9999.0000	-9999.0000	-9999.0000	17.2877	4	0	34.3486	1.0000	01	1	-9999.0000	23625	51076	-9999	-9999	2003	4071	584.0720	5	0.7166	0.7430	-0.0013	76.6063	1.1513	718.8878	528.7080	47.7083	700.9836	94.9306	717.7696	94.9769	725.3012	94.5602	731.3092	94.8380	
24/08/2017	01:38:31	011995	H421107301HLR	L421	S		713.4215	1.0400	0.0000	100.2280	40.0000	0.8230	1.1608	5.0000	27.7787	815.0998	94.6528	20.0487	25.2000	0.9300	0.9288	0.7424	-0.0012	815.0000	814.8197	1.0272	-5.3728	99.8608	40.6126	0.8230	0.8245	5.0000	-9999.0000	-9999.0000	-9999.0000	-9999.0000	-9999.0000	-9999.0000	18.5000	5	0	32.3575	1.0000	01	1	-9999.0000	23626	51077	-9999	-9999	2004	4073	584.8013	5	0.7168	0.7424	-0.0012	76.2696	1.1540	722.5475	525.3087	44.0972	703.4444	95.1389	721.6688	94.9769	728.4654	94.6065	735.7419	94.7685	
24/08/2017	01:39:04	011995	H421107716HLR	L421	S		716.9821	1.0400	0.0000	100.3242	40.0093	0.8230	1.1610	5.0000	25.1410	815.0585	94.6528	20.9891	25.3000	0.9300	0.9288	0.7382	-0.0010	815.0000	814.7107	1.0272	-5.3733	99.8318	40.6291	0.8230	0.8254	5.0000	-9999.0000	-9999.0000	-9999.0000	-9999.0000	-9999.0000	-9999.0000	17.4790	6	0	33.0882	1.0000	01	1	-9999.0000	23627	51078	-9999	-9999	2005	4075	583.9333	5	0.7170	0.7382	-0.0010	79.0411	1.0032	722.4366	547.8341	48.0093	706.2142	95.0694	721.3293	95.0694	728.5885	94.5602	734.4558	94.8611	
24/08/2017	01:39:37	011995	H421107727HLR	L421	S		712.5507	1.0400	0.0000	100.0426	40.0000	0.8230	1.1607	5.0000	27.7484	815.0779	94.8148	22.0691	25.2000	0.9300	0.9287	0.7378	-0.0010	815.0000	813.9214	1.0272	-5.3770	99.9388	40.6341	0.8230	0.8249	5.0000	-9999.0000	-9999.0000	-9999.0000	-9999.0000	-9999.0000	-9999.0000	20.0786	7	0	32.6116	1.0000	01	1	-9999.0000	23628	51079	-9999	-9999	2006	4077	583.4035	5	0.7172	0.7378	-0.0010	78.4476	1.0209	722.9138	545.2746	45.6019	707.0288	95.0694	722.3202	95.0463	728.3574	94.5833	733.5573	94.8380	
24/08/2017	01:40:09	011995	H421107713HLR	L421	S		716.1000	1.0400	0.0000	100.0139	40.0114	0.8230	1.1608	5.0000	26.7083	815.0589	94.9306	23.3483	25.2000	0.9300	0.9287	0.7361	-0.0009	815.0000	815.7976	1.0272	-5.3681	99.8333	40.6479	0.8230	0.8262	5.0000	-9999.0000	-9999.0000	-9999.0000	-9999.0000	-9999.0000	-9999.0000	17.1820	8	0	32.8254	1.0000	01	1	-9999.0000	23629	51080	-9999	-9999	2007	4079	582.5058	5	0.7174	0.7361	-0.0009	85.2722	0.6883	723.8304	550.9506	46.3889	707.1053	94.9537	722.7771	95.0926	729.2791	94.6065	735.1622	94.7917	
24/08/2017	01:40:42	011995	H421107758HLR	L421	S		715.2002	1.0400	0.0000	100.2805	40.0152	0.8230	1.1608	5.0000	27.2776	815.0825	94.8380	21.3582	25.2000	0.9300	0.9287	0.7401	-0.0011	815.0000	814.5469	1.0272	-5.3741	99.7056	40.6491	0.8230	0.8262	5.0000	-9999.0000	-9999.0000	-9999.0000	-9999.0000	-9999.0000	-9999.0000	17.2371	1	0	32.2678	1.0000	01	1	-9999.0000	23630	51081	-9999	-9999	2008	4081	584.2237	5	0.7171	0.7401	-0.0011	124.8290	-1.2177	724.4931	547.7020	47.5926	710.2364	94.8611	723.9977	95.0463	730.2465	94.5833	735.9550	94.7917	
24/08/2017	01:41:15	011995	H421107724HLR	L421	S		712.2892	1.0400	0.0000	100.1663	40.0377	0.8230	1.1610	5.0000	24.3012	815.0927	94.8380	22.0789	25.2000	0.9300	0.9287	0.7344	-0.0008	815.0000	815.2552	1.0272	-5.3707	99.7122	40.6638	0.8230	0.8264	5.0000	-9999.0000	-9999.0000	-9999.0000	-9999.0000	-9999.0000	-9999.0000	17.2915	2	0	33.3185	1.0000	01	1	-9999.0000	23631	51082	-9999	-9999	2009	4083	583.4266	5	0.7170	0.7344	-0.0008	103.7557	-0.1881	719.6976	536.6189	47.7315	704.6864	95.1620	718.9199	95.1157	726.0119	94.5602	731.4071	94.8380	
24/08/2017	01:41:48	011995	H421107743HLR	L421	Q		712.1355	1.0400	0.0000	100.1679	40.0210	0.8230	1.1608	5.0000	27.0688	815.0313	94.7685	21.7586	25.2000	0.9300	0.9287	0.7398	-0.0011	815.0000	814.7762	1.0272	-5.3730	99.7984	40.6687	0.8230	0.8264	5.0000	-9999.0000	-9999.0000	-9999.0000	-9999.0000	-9999.0000	-9999.0000	17.4573	3	0	32.5978	1.0000	01	1	-9999.0000	23632	51083	-9999	-9999	2010	4085	583.8761	5	0.7167	0.7398	-0.0011	99.6931	0.0012	725.2752	532.7318	47.4306	710.3863	95.0463	724.5944	95.1389	731.9275	94.5833	737.8580	94.7917	
24/08/2017	01:42:20	011995	H421107723HLR	L421	Q		712.6183	1.0400	0.0000	100.0549	40.0197	0.8230	1.1607	5.0000	27.4783	815.0681	94.7222	21.8289	25.1000	0.9300	0.9287	0.7273	-0.0005	815.0000	814.2341	1.0272	-5.3756	99.7790	40.6854	0.8230	0.8268	5.0000	-9999.0000	-9999.0000	-9999.0000	-9999.0000	-9999.0000	-9999.0000	17.1881	4	0	32.7690	1.0000	01	1	-9999.0000	23633	51084	-9999	-9999	2011	4087	583.6120	5	0.7168	0.7273	-0.0005	99.1185	0.0221	723.1189	541.1970	49.8380	706.5613	95.2546	722.4887	95.1157	729.0450	94.5833	734.6001	94.7222	
24/08/2017	01:42:54	011995	H421107719HLR	L421	S		714.1492	1.0400	0.0000	99.8708	40.0180	0.8230	1.1607	5.0000	27.4789	815.0545	94.7222	21.2986	25.2000	0.9300	0.9287	0.7394	-0.0011	815.0000	815.2878	1.0272	-5.3706	99.7476	40.6912	0.8230	0.8265	5.0000	-9999.0000	-9999.0000	-9999.0000	-9999.0000	-9999.0000	-9999.0000	17.6308	5	0	33.3279	1.0000	01	1	-9999.0000	23634	51085	-9999	-9999	2012	4089	584.4281	5	0.7167	0.7394	-0.0011	95.3810	0.2152	732.1094	567.0754	49.4213	718.1089	95.1852	731.3059	95.0231	737.4051	94.5370	743.8513	94.7917	
24/08/2017	01:43:28	011995	H421107750HLR	L421	S		716.0408	1.0400	0.0000	100.0286	40.0078	0.8230	1.1606	5.0000	29.3285	815.0449	94.7222	22.3289	25.1000	0.9300	0.9288	0.7386	-0.0010	815.0000	815.7379	1.0272	-5.3684	100.0277	40.6768	0.8230	0.8249	5.0000	-9999.0000	-9999.0000	-9999.0000	-9999.0000	-9999.0000	-9999.0000	20.0593	6	0	34.0582	1.0000	01	1	-9999.0000	23635	51086	-9999	-9999	2013	4091	583.3058	5	0.7167	0.7386	-0.0010	91.9983	0.3920	724.7090	534.4113	45.1157	709.7574	95.0926	723.8571	95.0000	731.0086	94.5602	736.8339	94.7917	
24/08/2017	01:44:01	011995	H421107749HLR	L421	S		713.7761	1.0400	0.0000	100.3071	40.0618	0.8230	1.1615	5.0000	20.8466	815.1201	94.6759	21.6492	25.1000	0.9300	0.9288	0.7382	-0.0010	815.0000	816.1591	1.0272	-5.3664	99.7198	40.6988	0.8230	0.8265	5.0000	-9999.0000	-9999.0000	-9999.0000	-9999.0000	-9999.0000	-9999.0000	17.4280	7	0	33.1789	1.0000	01	1	-9999.0000	23636	51087	-9999	-9999	2014	4093	584.1326	5	0.7166	0.7382	-0.0010	90.2634	0.4767	722.7782	517.2264	43.7963	703.8194	95.1620	722.1288	95.1389	728.2897	94.5602	734.8126	94.7454	
24/08/2017	01:44:34	011995	H421107733HLR	L421	S		711.4778	1.0400	0.0000	99.8812	40.0045	0.8230	1.1606	5.0000	27.9476	815.0819	94.6991	21.7088	25.3000	0.9300	0.9288	0.7388	-0.0010	815.0000	815.7450	1.0272	-5.3684	99.7306	40.7035	0.8230	0.8261	5.0000	-9999.0000	-9999.0000	-9999.0000	-9999.0000	-9999.0000	-9999.0000	17.2765	8	0	32.8176	1.0000	01	1	-9999.0000	23637	51088	-9999	-9999	2015	4095	583.9897	5	0.7166	0.7388	-0.0010	96.2399	0.2148	723.5448	553.3662	45.0463	706.7467	95.2083	722.6903	95.0463	729.5981	94.5602	735.3148	94.8148	
24/08/2017	01:45:07	011995	H421107760HLR	L421	S		712.4991	1.0400	0.0000	100.1257	40.0000	0.8230	1.1607	5.0000	28.4086	815.0673	94.6065	22.3191	25.2000	0.9300	0.9288	0.7405	-0.0011	815.0000	815.4720	1.0272	-5.3697	99.8587	40.6994	0.8230	0.8259	5.0000	-9999.0000	-9999.0000	-9999.0000	-9999.0000	-9999.0000	-9999.0000	17.2082	1	0	33.0220	1.0000	01	1	-9999.0000	23638	51089	-9999	-9999	2016	4097	583.4652	5	0.7163	0.7405	-0.0011	101.1309	-0.0153	721.9199	552.3188	45.9259	706.6651	95.2083	720.9838	95.0926	728.1413	94.5602	734.8185	94.8148	
24/08/2017	01:45:39	011995	H421107665HLR	L421	S		710.4062	1.0400	0.0000	99.9490	40.0026	0.8230	1.1606	5.0000	28.4789	815.0658	94.8148	22.9890	25.2000	0.9300	0.9287	0.7447	-0.0013	815.0000	816.1325	1.0272	-5.3665	99.8056	40.6845	0.8230	0.8255	5.0000	-9999.0000	-9999.0000	-9999.0000	-9999.0000	-9999.0000	-9999.0000	17.3279	2	0	32.3244	1.0000	01	1	-9999.0000	23639	51090	-9999	-9999	2017	4099	582.7332	5	0.7161	0.7447	-0.0013	96.2746	0.2121	719.2706	541.1744	46.5278	703.0125	94.9769	718.5466	95.0463	724.0458	94.5602	730.2468	94.7917	
24/08/2017	01:46:13	011995	H421107675HLR	L421	S		711.0502	1.0400	0.0000	100.0900	40.0091	0.8230	1.1607	5.0000	27.1586	815.0480	94.6065	22.2586	25.2000	0.9300	0.9287	0.7477	-0.0014	815.0000	814.7459	1.0272	-5.3731	99.7033	40.6741	0.8230	0.8251	5.0000	-9999.0000	-9999.0000	-9999.0000	-9999.0000	-9999.0000	-9999.0000	17.3335	3	0	33.5980	1.0000	01	1	-9999.0000	23640	51091	-9999	-9999	2018	4100	583.3221	5	0.7161	0.7477	-0.0014	122.8323	-0.9703	715.1066	527.1549	47.1991	701.6123	95.0463	714.6102	95.0926	721.4152	94.5602	727.7981	94.8380	
24/08/2017	01:46:47	011995	H421107695HLR	L421	S		712.7942	1.0400	0.0000	99.9479	40.0000	0.8230	1.1606	5.0000	29.3241	815.0858	94.6528	21.9491	25.2000	0.9300	0.9287	0.7480	-0.0015	815.0000	813.6862	1.0272	-5.3781	99.6970	40.6573	0.8230	0.8248	5.0000	-9999.0000	-9999.0000	-9999.0000	-9999.0000	-9999.0000	-9999.0000	17.5193	4	0	34.3682	1.0000	01	1	-9999.0000	23641	51092	-9999	-9999	2019	4102	583.6885	5	0.7159	0.7480	-0.0015	117.3645	-0.7129	716.7162	542.4001	48.1019	702.5539	95.1852	715.8083	95.1852	722.9968	94.5602	728.8437	94.7454	
24/08/2017	01:47:21	011995	H421107862HLR	L421	S		722.9436	1.0400	0.0000	99.9166	40.0036	0.8230	1.1606	5.0000	27.8685	815.0581	94.6065	22.0994	25.2000	0.9300	0.9287	0.7539	-0.0017	815.0000	816.2237	1.0272	-5.3661	99.9134	40.5931	0.8230	0.8233	5.0000	-9999.0000	-9999.0000	-9999.0000	-9999.0000	-9999.0000	-9999.0000	20.0787	5	0	33.4280	1.0000	01	2	-9999.0000	23641	51093	-9999	-9999	2020	4104	583.4301	5	0.7159	0.7539	-0.0017	42.4996	2.7417	718.8646	520.0883	47.0833	705.3534	95.0231	717.9745	95.0694	724.6212	94.5602	730.3731	94.7454	
24/08/2017	01:47:55	011995	H421107861HLR	L421	S		723.8319	1.0400	0.0000	100.1354	40.0043	0.8230	1.1607	5.0000	28.0478	815.0852	94.6296	21.3397	25.2000	0.9300	0.9288	0.7500	-0.0016	815.0000	818.0093	1.0272	-5.3576	99.7362	40.6205	0.8230	0.8250	5.0000	-9999.0000	-9999.0000	-9999.0000	-9999.0000	-9999.0000	-9999.0000	17.2289	6	0	34.1385	1.0000	01	2	-9999.0000	23642	51094	-9999	-9999	2021	4105	584.4689	5	0.7158	0.7500	-0.0016	46.9343	2.5424	714.1570	526.7118	48.5417	702.1202	95.0463	713.3532	95.0926	720.8486	94.5602	727.0548	94.7685	
24/08/2017	01:48:26	011995	H421107763HLR	L421	S		709.1189	1.0400	0.0000	100.1259	40.0173	0.8230	1.1608	5.0000	25.7789	815.0468	94.6991	22.6580	25.3000	0.9300	0.9287	0.7508	-0.0016	815.0000	814.5240	1.0272	-5.3742	99.9981	40.6169	0.8230	0.8246	5.0000	-9999.0000	-9999.0000	-9999.0000	-9999.0000	-9999.0000	-9999.0000	19.9970	7	0	31.0789	1.0000	01	2	-9999.0000	23643	51095	-9999	-9999	2022	4107	582.6479	5	0.7160	0.7508	-0.0016	55.1390	2.1633	709.4857	529.3204	48.9120	691.4914	95.3009	708.5625	95.0463	716.2818	94.5370	723.0371	94.7917	
24/08/2017	01:49:03	011995	H421107783HLR	L421	S		708.5822	1.0400	0.0000	100.1025	40.0000	0.8230	1.1606	5.0000	28.5185	815.0379	94.8380	23.3591	25.2000	0.9300	0.9287	0.7499	-0.0016	815.0000	813.7920	1.0272	-5.3776	99.8141	40.6381	0.8230	0.8254	5.0000	-9999.0000	-9999.0000	-9999.0000	-9999.0000	-9999.0000	-9999.0000	18.9373	8	0	36.8171	1.0000	01	2	-9999.0000	23644	51096	-9999	-9999	2023	4109	581.8153	5	0.7158	0.7499	-0.0016	60.0568	1.9297	708.3828	537.2668	45.6481	693.0012	95.2778	707.0622	95.0926	714.7383	94.5602	720.5233	94.7685	
24/08/2017	01:49:38	011995	H421102300HLR	L421	S		715.1691	1.0400	0.0000	100.0685	40.0090	0.8230	1.1607	5.0000	27.2192	815.1030	94.6528	22.3992	25.3000	0.9300	0.9287	0.7385	-0.0010	815.0000	812.8081	1.0272	-5.3823	99.7038	40.6328	0.8230	0.8259	5.0000	-9999.0000	-9999.0000	-9999.0000	-9999.0000	-9999.0000	-9999.0000	17.2689	1	0	35.0682	1.0000	01	2	-9999.0000	23645	51096	-9999	-9999	2024	4111	583.0322	5	0.7156	0.7385	-0.0010	51.0903	2.3292	711.7668	543.7280	46.6667	696.3098	95.0000	711.0607	95.0926	718.2054	94.5833	724.2053	94.7685	
24/08/2017	01:50:10	011995	H421105635HLR	L421	S		715.3199	1.0400	0.0000	100.1093	40.0173	0.8230	1.1607	5.0000	26.5899	815.0405	94.7222	23.1091	25.2000	0.9300	0.9287	0.7301	-0.0007	815.0000	813.7812	1.0272	-5.3777	99.8421	40.6890	0.8230	0.8267	5.0000	-9999.0000	-9999.0000	-9999.0000	-9999.0000	-9999.0000	-9999.0000	17.3713	2	0	32.7784	1.0000	01	2	-9999.0000	23646	51097	-9999	-9999	2025	4113	582.3227	5	0.7154	0.7301	-0.0007	-2.1528	4.6928	719.2585	549.8533	48.1250	703.8901	95.2083	718.1550	95.2315	724.9496	94.6065	730.4702	94.7222	
24/08/2017	01:50:42	011995	H421107841HLR	L421	S		726.2631	1.0400	0.0000	100.1440	40.0110	0.8230	1.1606	5.0000	28.4164	815.0562	94.8148	20.0790	25.3000	0.9300	0.9287	0.7268	-0.0005	815.0000	817.3468	1.0272	-5.3608	99.7091	40.7018	0.8230	0.8264	5.0000	-9999.0000	-9999.0000	-9999.0000	-9999.0000	-9999.0000	-9999.0000	17.4650	3	0	31.1579	1.0000	01	2	-9999.0000	23647	51098	-9999	-9999	2026	4114	584.2677	5	0.7154	0.7268	-0.0005	60.1749	1.9522	738.8631	544.3551	49.1435	722.3647	95.1157	738.0499	94.9769	744.0700	94.5139	750.0598	94.7685	
24/08/2017	01:51:16	011995	H421102297HLR	L421	S		708.1256	1.0400	0.0000	100.0786	40.0221	0.8230	1.1607	5.0000	27.1264	815.0742	94.7917	25.8287	25.1000	0.9300	0.9287	0.7265	-0.0005	815.0000	815.1904	1.0272	-5.3710	99.8237	40.7031	0.8230	0.8264	5.0000	-9999.0000	-9999.0000	-9999.0000	-9999.0000	-9999.0000	-9999.0000	17.2668	4	0	33.9590	1.0000	01	2	-9999.0000	23647	51099	-9999	-9999	2027	4116	581.6210	5	0.7156	0.7265	-0.0005	-4.3854	4.7517	720.4946	533.3177	48.0556	703.5939	95.3009	719.8879	95.2315	725.6745	94.5833	731.0200	94.7685	
24/08/2017	01:51:45	011995	H421107805HLR	L421	S		705.8077	1.0400	0.0000	100.2435	40.0266	0.8230	1.1607	5.0000	26.9683	815.0760	94.8611	24.1579	25.1000	0.9300	0.9287	0.7236	-0.0004	815.0000	814.8972	1.0272	-5.3724	99.9123	40.7029	0.8230	0.8264	5.0000	-9999.0000	-9999.0000	-9999.0000	-9999.0000	-9999.0000	-9999.0000	17.2225	5	0	29.9279	1.0000	01	2	-9999.0000	23648	51100	-9999	-9999	2028	4118	582.5348	5	0.7155	0.7236	-0.0004	-6.6799	4.7963	724.8173	566.4912	48.6343	709.4450	95.0926	723.6505	95.0463	730.7750	94.5602	735.4696	94.7917	
24/08/2017	01:52:18	011995	H421107764HLR	L421	S		713.9419	1.0400	0.0000	99.9812	40.0247	0.8230	1.1606	5.0000	28.3476	815.1301	94.7454	21.7586	25.2000	0.9300	0.9287	0.7236	-0.0004	815.0000	814.7426	1.0272	-5.3731	99.8832	40.6947	0.8230	0.8257	5.0000	-9999.0000	-9999.0000	-9999.0000	-9999.0000	-9999.0000	-9999.0000	17.4092	6	0	32.0880	1.0000	01	2	-9999.0000	23649	51100	-9999	-9999	2029	4120	583.5468	5	0.7155	0.7236	-0.0004	3.3620	4.3346	736.4842	566.3099	45.9028	720.8098	95.1852	735.5998	95.0463	742.1083	94.5139	748.4206	94.8148	
24/08/2017	01:52:49	011995	H421107842HLR	L421	S		720.8805	1.0400	0.0000	100.1907	40.0429	0.8230	1.1608	5.0000	25.7488	815.0378	94.7917	20.1884	25.2000	0.9300	0.9287	0.7214	-0.0003	815.0000	817.1670	1.0272	-5.3616	99.8778	40.6996	0.8230	0.8259	5.0000	-9999.0000	-9999.0000	-9999.0000	-9999.0000	-9999.0000	-9999.0000	17.3285	7	0	31.1682	1.0000	01	2	-9999.0000	23650	51101	-9999	-9999	2030	4122	583.8629	5	0.7154	0.7214	-0.0003	34.7769	2.8829	740.1873	562.6314	45.4167	723.7632	94.9769	739.7055	94.9537	746.1135	94.5139	750.7560	94.7917	
24/08/2017	01:53:20	011995	H421107851HLR	L421	S		711.4551	1.0400	0.0000	100.1763	40.0361	0.8230	1.1607	5.0000	27.5466	815.0340	94.9074	22.9587	25.2000	0.9300	0.9287	0.7212	-0.0003	815.0000	816.1734	1.0272	-5.3663	99.7207	40.6946	0.8230	0.8255	5.0000	-9999.0000	-9999.0000	-9999.0000	-9999.0000	-9999.0000	-9999.0000	17.6221	8	0	31.4581	1.0000	01	2	-9999.0000	23651	51102	-9999	-9999	2031	4124	582.9951	5	0.7153	0.7212	-0.0003	25.4455	3.2955	735.6864	558.0951	48.1019	721.3031	95.2083	735.1457	95.1389	740.7086	94.5602	746.5362	94.7685	
24/08/2017	01:53:52	011995	H421105654HLR	L421	S		736.8468	1.0400	0.0000	100.1134	40.0390	0.8230	1.1607	5.0000	27.3179	815.0595	94.7917	15.7491	25.2000	0.9300	0.9287	0.7212	-0.0003	815.0000	814.4838	1.0272	-5.3744	99.7139	40.6969	0.8230	0.8257	5.0000	-9999.0000	-9999.0000	-9999.0000	-9999.0000	-9999.0000	-9999.0000	17.3591	1	0	32.1586	1.0000	01	2	-9999.0000	23652	51103	-9999	-9999	2031	4126	584.5637	5	0.7153	0.7212	-0.0003	25.4455	3.2955	759.1926	557.3364	45.7407	745.1244	94.9769	758.2056	94.9306	763.8175	94.5139	769.0782	94.8380	
24/08/2017	01:54:25	011995	H421107784HLR	L421	S		715.3708	1.0400	0.0000	100.1656	40.0435	0.8230	1.1607	5.0000	26.9487	815.0248	94.7454	21.0594	25.2000	0.9300	0.9289	0.7176	-0.0001	815.0000	812.6884	1.0272	-5.3829	99.6579	40.6918	0.8230	0.8255	5.0000	-9999.0000	-9999.0000	-9999.0000	-9999.0000	-9999.0000	-9999.0000	17.3683	2	0	33.0175	1.0000	01	2	-9999.0000	23653	51104	-9999	-9999	2032	4127	583.1954	5	0.7152	0.7176	-0.0001	36.9998	2.8262	739.7863	570.0240	49.6296	726.6044	95.2778	738.9289	95.0926	744.5298	94.5833	749.1641	94.7454	
24/08/2017	01:55:01	011995	H421107852HLR	L421	S		721.3995	1.0400	0.0000	100.1415	40.0423	0.8230	1.1606	5.0000	27.1690	815.0885	94.8148	20.2392	25.2000	0.9300	0.9288	0.7193	-0.0002	815.0000	813.3487	1.0272	-5.3798	99.9098	40.6659	0.8230	0.8244	5.0000	-9999.0000	-9999.0000	-9999.0000	-9999.0000	-9999.0000	-9999.0000	18.6751	3	0	35.1290	1.0000	01	2	-9999.0000	23654	51105	-9999	-9999	2033	4129	583.1451	5	0.7151	0.7193	-0.0002	40.4312	2.7064	744.8651	557.7386	47.1991	731.3195	95.0000	744.0068	95.0694	750.1381	94.5139	755.4808	94.8148	
24/08/2017	01:55:34	011995	H421107355HLR	L421	S		716.7978	1.0400	0.0000	99.9974	40.0423	0.8230	1.1606	5.0000	27.5890	815.0681	94.7685	20.4989	25.2000	0.9300	0.9288	0.7223	-0.0003	815.0000	813.0930	1.0272	-5.3810	99.7181	40.6742	0.8230	0.8251	5.0000	-9999.0000	-9999.0000	-9999.0000	-9999.0000	-9999.0000	-9999.0000	17.1781	4	0	33.7483	1.0000	01	2	-9999.0000	23655	51105	-9999	-9999	2034	4131	583.2524	5	0.7154	0.7223	-0.0003	29.3056	3.1670	742.7439	562.3928	47.8009	728.3608	95.0694	741.4560	95.0463	747.8418	94.5370	753.2260	94.7917	
24/08/2017	01:56:07	011995	H421107321HLR	L421	S		716.8931	1.0400	0.0000	100.1016	40.0439	0.8230	1.1606	5.0000	28.0385	815.0361	94.7685	21.1287	25.2000	0.9300	0.9287	0.7228	-0.0003	815.0000	814.3439	1.0272	-5.3750	99.6998	40.6347	0.8230	0.8247	5.0000	-9999.0000	-9999.0000	-9999.0000	-9999.0000	-9999.0000	-9999.0000	17.3482	5	0	32.2980	1.0000	01	2	-9999.0000	23656	51105	-9999	-9999	2035	4133	583.2864	5	0.7156	0.7228	-0.0003	30.8358	3.0925	737.0950	558.9132	48.0093	723.1447	95.1157	736.1962	95.0694	742.7423	94.5602	747.7707	94.7685	
24/08/2017	01:56:39	011995	H421105716HLR	L421	S		715.2577	1.0400	0.0000	100.2023	40.0512	0.8230	1.1606	5.0000	27.5068	815.1008	94.7917	22.0183	25.1000	0.9300	0.9287	0.7235	-0.0004	815.0000	816.3261	1.0272	-5.3656	99.7131	40.6224	0.8230	0.8248	5.0000	-9999.0000	-9999.0000	-9999.0000	-9999.0000	-9999.0000	-9999.0000	17.4314	6	0	32.6584	1.0000	01	2	-9999.0000	23657	51106	-9999	-9999	2036	4135	583.3216	5	0.7156	0.7235	-0.0004	29.3269	3.1682	737.5759	562.3086	47.1296	723.4759	95.0231	736.9550	95.0463	743.3430	94.5602	748.9714	94.7685	
24/08/2017	01:57:11	011995	H421105823HLR	L421	S		704.6239	1.0400	0.0000	99.9590	40.0506	0.8230	1.1606	5.0000	27.4986	815.0665	94.9537	24.1784	25.1000	0.9300	0.9287	0.7243	-0.0004	815.0000	811.4359	1.0272	-5.3888	99.7660	40.6232	0.8230	0.8251	5.0000	-9999.0000	-9999.0000	-9999.0000	-9999.0000	-9999.0000	-9999.0000	17.2667	7	0	31.3384	1.0000	01	2	-9999.0000	23658	51107	-9999	-9999	2037	4137	582.5169	5	0.7158	0.7243	-0.0004	17.7936	3.7828	725.8616	554.2333	48.2176	711.7584	95.0694	725.0146	95.1852	730.8157	94.5833	734.9157	94.7454	
24/08/2017	01:57:42	011995	H421107806HLR	L421	S		712.5346	1.0400	0.0000	100.2104	40.0497	0.8230	1.1606	5.0000	28.2137	815.0787	94.6991	22.6687	25.2000	0.9300	0.9287	0.7251	-0.0004	815.0000	812.4424	1.0272	-5.3840	99.7347	40.6258	0.8230	0.8251	5.0000	-9999.0000	-9999.0000	-9999.0000	-9999.0000	-9999.0000	-9999.0000	17.4288	8	0	31.0479	1.0000	01	2	-9999.0000	23659	51108	-9999	-9999	2038	4139	583.0533	5	0.7159	0.7251	-0.0004	19.1284	3.7333	733.3531	519.0614	45.8333	715.9042	94.9769	731.8701	95.1620	738.3949	94.5833	744.0999	94.7685	
24/08/2017	01:58:13	011995	H421107273HLR	L421	S		716.8741	1.0400	0.0000	99.8866	40.0503	0.8230	1.1606	5.0000	27.5883	815.0128	94.7454	21.2791	25.2000	0.9300	0.9288	0.7242	-0.0004	815.0000	815.8363	1.0272	-5.3679	99.6861	40.6257	0.8230	0.8252	5.0000	-9999.0000	-9999.0000	-9999.0000	-9999.0000	-9999.0000	-9999.0000	17.2291	1	0	31.5980	1.0000	01	2	-9999.0000	23660	51109	-9999	-9999	2038	4141	583.5539	5	0.7160	0.7242	-0.0004	18.7210	3.7449	738.3610	554.5044	46.9444	720.5481	94.9769	737.3230	95.0000	744.0610	94.5370	749.1842	94.7917	
24/08/2017	01:58:46	011995	H421107274HLR	L421	S		717.0349	1.0400	0.0000	100.1334	40.0535	0.8230	1.1607	5.0000	26.3397	815.0300	94.7454	21.6688	25.1000	0.9300	0.9287	0.7210	-0.0002	815.0000	815.9675	1.0272	-5.3673	99.8384	40.6237	0.8230	0.8252	5.0000	-9999.0000	-9999.0000	-9999.0000	-9999.0000	-9999.0000	-9999.0000	17.2699	2	0	32.9785	1.0000	01	2	-9999.0000	23661	51110	-9999	-9999	2039	4142	583.3933	5	0.7163	0.7210	-0.0002	21.3774	3.6105	737.9669	544.4060	47.7083	720.4848	95.0463	736.9041	95.0231	742.7246	94.5602	748.1888	94.7917	
24/08/2017	01:59:18	011995	H421107307HLR	L421	S		717.1238	1.0400	0.0000	100.1407	40.0429	0.8230	1.1606	5.0000	27.9389	815.0519	94.7454	20.3290	25.3000	0.9300	0.9288	0.7194	-0.0001	815.0000	813.5483	1.0272	-5.3788	99.7491	40.6249	0.8230	0.8251	5.0000	-9999.0000	-9999.0000	-9999.0000	-9999.0000	-9999.0000	-9999.0000	17.6178	3	0	32.0686	1.0000	01	2	-9999.0000	23662	51111	-9999	-9999	2040	4144	584.0117	5	0.7165	0.7194	-0.0001	23.6138	3.4828	741.6684	535.7135	44.8843	725.8578	95.0926	740.5297	94.9537	746.5304	94.5602	752.8177	94.8148	
24/08/2017	01:59:52	011995	H421107265HLR	L421	S		717.8465	1.0400	0.0000	100.1656	40.0455	0.8230	1.1606	5.0000	27.4183	815.0630	94.7917	20.0487	25.1000	0.9300	0.9287	0.7203	-0.0002	815.0000	814.0612	1.0272	-5.3764	99.7156	40.6293	0.8230	0.8256	5.0000	-9999.0000	-9999.0000	-9999.0000	-9999.0000	-9999.0000	-9999.0000	17.2892	4	0	33.9476	1.0000	01	2	-9999.0000	23663	51111	-9999	-9999	2041	4146	584.2252	5	0.7165	0.7203	-0.0002	22.3362	3.5406	743.1998	533.5483	46.2731	725.6007	95.0231	742.3749	95.0694	748.0671	94.5602	754.0237	94.7685	
24/08/2017	02:00:27	011995	H421107359HLR	L421	S		717.1076	1.0400	0.0000	100.1240	40.0382	0.8230	1.1606	5.0000	27.9083	815.0697	94.6991	20.6385	25.2000	0.9300	0.9287	0.7190	-0.0001	815.0000	814.7473	1.0272	-5.3731	99.7853	40.6324	0.8230	0.8256	5.0000	-9999.0000	-9999.0000	-9999.0000	-9999.0000	-9999.0000	-9999.0000	17.4685	5	0	34.3887	1.0000	01	2	-9999.0000	23664	51111	-9999	-9999	2042	4148	584.1944	5	0.7166	0.7190	-0.0001	23.5625	3.4740	744.1208	521.0072	43.9583	724.3514	95.2546	743.0048	95.1157	748.3424	94.5602	753.3680	94.7685	
24/08/2017	02:01:05	011995	H421107270HLR	L421	S		713.9689	1.0400	0.0000	100.2359	40.0592	0.8230	1.1608	5.0000	24.8070	815.1228	94.8148	22.0096	25.2000	0.9300	0.9288	0.7160	0.0000	815.0000	815.7882	1.0272	-5.3682	99.6831	40.6494	0.8230	0.8261	5.0000	-9999.0000	-9999.0000	-9999.0000	-9999.0000	-9999.0000	-9999.0000	17.6083	6	0	38.2275	1.0000	01	2	-9999.0000	23665	51112	-9999	-9999	2043	4150	584.1787	5	0.7166	0.7160	0.0000	38.6057	2.7987	740.3520	533.5932	47.4074	723.9953	95.0000	740.0315	95.0463	744.9632	94.5833	749.2419	94.7454	
24/08/2017	02:01:40	011995	H421107285HLR	L421	S		718.7875	1.0400	0.0000	100.0539	40.0360	0.8230	1.1606	5.0000	27.8683	815.0715	94.6759	21.0790	25.2000	0.9300	0.9287	0.7184	-0.0001	815.0000	816.3303	1.0272	-5.3656	99.7329	40.6762	0.8230	0.8263	5.0000	-9999.0000	-9999.0000	-9999.0000	-9999.0000	-9999.0000	-9999.0000	18.0042	7	0	34.7793	1.0000	01	2	-9999.0000	23666	51113	-9999	-9999	2044	4152	584.1928	5	0.7166	0.7184	-0.0001	44.5595	2.5351	747.6503	560.7202	45.7176	731.2787	94.9537	746.9073	95.0694	752.8399	94.5602	757.4034	94.8148	
