Data	Timp	Nr. masina	Nr. de serie	Tip	Productie	Comentariu	Pre-masurare Q [ml/min]	Pre-masurare Gain	Pre-masurare Offset Master	Pre-masurare P [bar]	Pre-masurare T [°C]	Pre-masurare Densitate fixa [kg/l]	Pre-masurare densitate masurata [kg/l]	Pre-masurare Timp masurare [s]	Pre-masurare Cycle time [s]	rectificare Q Oprire [ml/min]	rectificare P Oprire [bar]	rectificare Timp rectificare [s]	rectificare T [°C]	rectificare Densitate fixa [kg/l]	rectificare densitate masurata [kg/l]	rectificare Factor de masurare la rectificare	rectificare Factor de corectie a debitului	rectificare Target rectificare	Masurare Q [ml/min]	Masurare Gain	Masurare Offset Master	Masurare P [bar]	Masurare T [°C]	Masurare Densitate fixa [kg/l]	Masurare densitate masurata [kg/l]	Masurare Timp masurare [s]	Masurare Q [ml/min]	Masurare Delta Q [ml/min]	Masurare P [bar]	Masurare BP [bar]	Masurare T [°C]	Masurare Timp masurare [s]	Masurare Cycle time [s]	Nest Nr.	Cod de descarcare	Cycle time [s]	Traceability aktiv	EDM Maschine Nr	EDM Spindle Nr	Honing Rate [r	Station Counter Premeasure	Station Counter Grind	Station Counter Blowout 1	Station Counter Wash	Station Counter Measure	Station Counter Blowout 2	RealGrindQStop	Reg Type	Factor 0	Factor 1	Factor 2	Factor 3	Factor 4	G_StartQV	G_StartQV_1	G_StartQV_2	G_StartQV_3	G_StartQV_4	G_StartQV_5	
16/08/2017	00:03:21	011995	G488053466HLR	L488	S		632.1824	1.0400	0.0000	99.9543	40.0751	0.8230	1.1609	5.0000	22.3796	713.0972	95.0231	15.9591	25.4000	0.9300	0.9346	0.6785	-0.0011	713.0000	712.9112	1.0272	-4.2281	99.7115	40.7649	0.8230	0.8259	5.0000	-9999.0000	-9999.0000	-9999.0000	-9999.0000	-9999.0000	-9999.0000	17.1284	8	0	212.7782	1.0000	08	3	-9999.0000	8704	36968	-9999	-9999	131	260	471.0141	5	0.6608	0.6785	-0.0011	52.0887	1.8772	651.1759	623.3780	50.0231	638.8607	95.5787	650.0265	95.0000	656.2586	94.5370	660.1586	94.6065	
16/08/2017	00:03:46	011995	G488053454HLR	L488	S		635.5284	1.0400	0.0000	99.9907	40.0716	0.8230	1.1604	5.0000	23.4284	713.0824	95.0694	15.1886	25.4000	0.9300	0.9346	0.6788	-0.0012	713.0000	712.7812	1.0272	-4.2250	99.9250	40.7461	0.8230	0.8262	5.0000	-9999.0000	-9999.0000	-9999.0000	-9999.0000	-9999.0000	-9999.0000	17.4909	1	0	26.5693	1.0000	08	3	-9999.0000	8705	36968	-9999	-9999	132	262	471.6083	5	0.6609	0.6788	-0.0012	50.4449	1.9817	653.6018	601.8284	48.2176	638.9844	95.5093	652.4352	95.0926	659.4975	94.5602	663.5498	94.5370	
16/08/2017	00:04:15	011995	G488053452HLR	L488	S		633.5945	1.0400	0.0000	99.9461	40.0817	0.8230	1.1605	5.0000	22.5037	713.0981	95.0000	15.0392	25.4000	0.9300	0.9346	0.6772	-0.0010	713.0000	712.4162	1.0272	-4.2163	99.6623	40.6655	0.8230	0.8250	5.0000	-9999.0000	-9999.0000	-9999.0000	-9999.0000	-9999.0000	-9999.0000	17.6695	2	0	29.0175	1.0000	08	3	-9999.0000	8706	36969	-9999	-9999	133	264	471.7496	5	0.6609	0.6772	-0.0010	49.5917	2.0363	655.9373	575.8553	47.7546	640.5896	95.5093	654.8834	95.0231	661.4792	94.5833	664.9071	94.5833	
16/08/2017	00:04:50	011995	G488053478HLR	L488	S		632.1876	1.0400	0.0000	99.9695	40.0842	0.8230	1.1604	5.0000	23.2566	713.0850	94.9769	14.9201	25.4000	0.9300	0.9346	0.6767	-0.0010	713.0000	709.0783	1.0272	-4.1370	99.8244	40.6607	0.8230	0.8242	5.0000	-9999.0000	-9999.0000	-9999.0000	-9999.0000	-9999.0000	-9999.0000	17.5461	3	0	35.3088	1.0000	08	3	-9999.0000	8707	36970	-9999	-9999	134	266	471.8144	5	0.6609	0.6767	-0.0010	49.3398	2.0391	653.7262	593.6468	46.2963	639.4483	95.5324	652.7736	95.0463	659.4223	94.5833	664.3784	94.5833	
16/08/2017	00:05:18	011995	G488053479HLR	L488	S		629.9423	1.0400	0.0000	99.9294	40.0961	0.8230	1.1606	5.0000	22.1382	713.0710	94.9537	14.8488	25.4000	0.9300	0.9346	0.6768	-0.0010	713.0000	712.6702	1.0272	-4.2224	99.9633	40.6795	0.8230	0.8241	5.0000	-9999.0000	-9999.0000	-9999.0000	-9999.0000	-9999.0000	-9999.0000	17.5413	4	0	27.2583	1.0000	08	3	-9999.0000	8708	36971	-9999	-9999	135	268	471.8362	5	0.6609	0.6768	-0.0010	51.6623	1.8754	654.7121	578.1190	44.6991	638.7135	95.4861	653.6460	94.9537	658.8950	94.5602	665.0729	94.5602	
16/08/2017	00:05:48	011995	G488053480HLR	L488	S		631.7141	1.0400	0.0000	99.9632	40.0949	0.8230	1.1605	5.0000	22.4490	713.1526	94.9769	14.7287	25.5000	0.9300	0.9349	0.6768	-0.0010	713.0000	710.2436	1.0272	-4.1647	99.9766	40.6501	0.8230	0.8238	5.0000	-9999.0000	-9999.0000	-9999.0000	-9999.0000	-9999.0000	-9999.0000	19.0983	5	0	30.2277	1.0000	08	3	-9999.0000	8709	36972	-9999	-9999	136	270	472.1851	5	0.6609	0.6768	-0.0010	50.3682	1.9513	652.6890	494.3087	43.8889	637.0050	95.1389	651.6982	94.4444	659.3252	94.5602	664.8489	94.7917	
16/08/2017	00:06:17	011995	G488053481HLR	L488	S		621.2091	1.0400	0.0000	99.8218	39.9371	0.8230	1.1604	5.0000	23.4409	713.0858	94.8148	18.0088	25.4000	0.9300	0.9345	0.6771	-0.0010	713.0000	711.2551	1.0272	-4.1887	100.0931	40.6723	0.8230	0.8243	5.0000	-9999.0000	-9999.0000	-9999.0000	-9999.0000	-9999.0000	-9999.0000	17.2691	6	0	28.7790	1.0000	08	3	-9999.0000	8710	36973	-9999	-9999	137	272	469.4896	5	0.6611	0.6771	-0.0010	48.6177	2.0484	643.1398	538.8149	45.0926	626.3613	95.6713	642.0951	95.1389	648.8366	94.6065	653.8287	94.6065	
16/08/2017	00:06:44	011995	G488053842HLR	L488	S		629.3690	1.0400	0.0000	99.8954	39.9232	0.8230	1.1606	5.0000	22.6683	713.0559	94.9306	17.5391	25.4000	0.9300	0.9346	0.6771	-0.0010	713.0000	711.9565	1.0272	-4.2054	99.6705	40.6838	0.8230	0.8242	5.0000	-9999.0000	-9999.0000	-9999.0000	-9999.0000	-9999.0000	-9999.0000	17.3483	7	0	27.3879	1.0000	08	3	-9999.0000	8710	36974	-9999	-9999	138	274	469.8599	5	0.6611	0.6771	-0.0010	48.6177	2.0484	646.0045	544.7497	43.8194	629.6282	95.7407	645.1578	95.0000	651.3992	94.5602	655.6571	94.6991	
16/08/2017	00:07:11	011995	G488053839HLR	L488	S		629.3075	1.0400	0.0000	99.9331	39.9242	0.8230	1.1606	5.0000	22.4792	713.0420	95.0231	16.3497	25.4000	0.9300	0.9347	0.6768	-0.0010	713.0000	711.3371	1.0272	-4.1907	99.7305	40.6984	0.8230	0.8245	5.0000	-9999.0000	-9999.0000	-9999.0000	-9999.0000	-9999.0000	-9999.0000	17.4505	8	0	26.7891	1.0000	08	3	-9999.0000	8711	36974	-9999	-9999	139	276	470.7168	5	0.6610	0.6768	-0.0010	47.8455	2.0980	649.1873	552.1417	47.1296	632.0690	95.6019	647.9895	95.1157	655.7419	94.6065	659.2032	94.5602	
16/08/2017	00:07:38	011995	G488053487HLR	L488	S		610.5350	1.0400	0.0000	99.9074	39.9045	0.8230	1.1605	5.0000	23.2692	713.1137	94.8611	19.2890	25.4000	0.9300	0.9346	0.6741	-0.0008	713.0000	710.8566	1.0272	-4.1793	99.7525	40.7189	0.8230	0.8251	5.0000	-9999.0000	-9999.0000	-9999.0000	-9999.0000	-9999.0000	-9999.0000	17.2564	1	0	27.0782	1.0000	08	3	-9999.0000	8711	36975	-9999	-9999	140	278	468.8416	5	0.6612	0.6741	-0.0008	47.9981	2.0869	639.8578	566.6854	45.3935	623.1441	95.8565	638.6985	95.3009	644.4036	94.6528	648.7323	94.5370	
16/08/2017	00:08:04	011995	G488053835HLR	L488	S		622.0377	1.0400	0.0000	99.9319	39.8944	0.8230	1.1606	5.0000	22.6492	713.0439	94.8611	17.8291	25.4000	0.9300	0.9346	0.6737	-0.0008	713.0000	711.6479	1.0272	-4.1981	99.9544	40.7310	0.8230	0.8257	5.0000	-9999.0000	-9999.0000	-9999.0000	-9999.0000	-9999.0000	-9999.0000	17.1782	2	0	26.4986	1.0000	08	3	-9999.0000	8711	36976	-9999	-9999	141	280	470.0183	5	0.6612	0.6737	-0.0008	48.7735	2.0314	644.6610	565.2261	46.3426	631.1176	95.7176	643.9610	95.0463	651.9295	94.5602	655.3031	94.5833	
16/08/2017	00:08:31	011995	G488053483HLR	L488	S		624.1762	1.0400	0.0000	99.9337	39.9138	0.8230	1.1607	5.0000	22.4186	713.0896	95.0231	16.4494	25.4000	0.9300	0.9347	0.6728	-0.0008	713.0000	713.0910	1.0272	-4.2324	99.7424	40.7326	0.8230	0.8260	5.0000	-9999.0000	-9999.0000	-9999.0000	-9999.0000	-9999.0000	-9999.0000	17.4076	3	0	27.0785	1.0000	08	3	-9999.0000	8712	36977	-9999	-9999	142	282	470.9425	5	0.6613	0.6728	-0.0008	53.2249	1.7203	651.4275	556.3605	46.1111	636.0122	95.6481	650.3977	95.1389	657.4335	94.5833	661.5033	94.5602	
16/08/2017	00:08:58	011995	G488053862HLR	L488	S		632.7748	1.0400	0.0000	99.9299	39.9166	0.8230	1.1607	5.0000	22.6802	713.0466	95.0231	15.7990	25.4000	0.9300	0.9346	0.6712	-0.0006	713.0000	712.5188	1.0272	-4.2188	99.7768	40.7054	0.8230	0.8260	5.0000	-9999.0000	-9999.0000	-9999.0000	-9999.0000	-9999.0000	-9999.0000	17.1881	4	0	26.6688	1.0000	08	3	-9999.0000	8713	36978	-9999	-9999	143	284	471.3285	5	0.6612	0.6712	-0.0006	54.8307	1.6119	655.4095	587.6950	44.4444	638.7352	95.6713	654.2516	95.1852	661.0319	94.6296	664.8412	94.5602	
16/08/2017	00:09:25	011995	G488053860HLR	L488	S		628.8153	1.0400	0.0000	99.9188	39.9238	0.8230	1.1607	5.0000	22.4480	713.0584	95.0000	16.1691	25.4000	0.9300	0.9347	0.6706	-0.0006	713.0000	712.1752	1.0272	-4.2106	99.7733	40.6748	0.8230	0.8253	5.0000	-9999.0000	-9999.0000	-9999.0000	-9999.0000	-9999.0000	-9999.0000	17.3149	5	0	26.9183	1.0000	08	3	-9999.0000	8714	36979	-9999	-9999	144	286	471.2180	5	0.6612	0.6706	-0.0006	54.9623	1.6028	653.8081	552.8238	45.2778	636.8921	95.5787	652.8604	94.9769	659.0105	94.5370	663.8806	94.6065	
16/08/2017	00:09:52	011995	G488053855HLR	L488	S		631.0012	1.0400	0.0000	99.9354	39.9318	0.8230	1.1607	5.0000	22.4677	713.1499	95.0000	15.4884	25.4000	0.9300	0.9346	0.6706	-0.0006	713.0000	712.1720	1.0272	-4.2105	99.7532	40.6614	0.8230	0.8244	5.0000	-9999.0000	-9999.0000	-9999.0000	-9999.0000	-9999.0000	-9999.0000	17.2213	6	0	26.6392	1.0000	08	3	-9999.0000	8715	36980	-9999	-9999	145	288	471.6729	5	0.6612	0.6706	-0.0006	49.0348	2.0047	657.0074	549.0834	42.6852	639.2800	95.5093	655.6931	94.9769	662.3167	94.5602	666.4913	94.5833	
16/08/2017	00:10:19	011995	G488053853HLR	L488	S		631.6990	1.0400	0.0000	100.0135	39.9346	0.8230	1.1608	5.0000	22.1285	713.0737	95.0000	15.4396	25.4000	0.9300	0.9346	0.6706	-0.0006	713.0000	712.7348	1.0272	-4.2239	99.7936	40.6844	0.8230	0.8241	5.0000	-9999.0000	-9999.0000	-9999.0000	-9999.0000	-9999.0000	-9999.0000	17.4876	7	0	26.8603	1.0000	08	3	-9999.0000	8716	36980	-9999	-9999	146	290	471.6156	5	0.6612	0.6706	-0.0006	48.7925	2.0221	661.3406	593.5134	46.8056	643.6640	95.5324	660.2570	95.1389	664.5830	94.6065	667.9229	94.5833	
16/08/2017	00:10:46	011995	G488053849HLR	L488	S		632.7766	1.0400	0.0000	99.9314	39.9333	0.8230	1.1605	5.0000	24.0877	713.0756	94.9537	15.6788	25.5000	0.9300	0.9347	0.6707	-0.0006	713.0000	714.0164	1.0272	-4.2543	99.8059	40.7195	0.8230	0.8248	5.0000	-9999.0000	-9999.0000	-9999.0000	-9999.0000	-9999.0000	-9999.0000	17.3493	8	0	27.1465	1.0000	08	3	-9999.0000	8717	36981	-9999	-9999	147	292	471.4980	5	0.6612	0.6707	-0.0006	42.8364	2.4271	660.0132	580.8542	45.5093	643.8807	95.5556	658.8335	95.0926	665.4568	94.5833	669.2406	94.5602	
16/08/2017	00:11:12	011995	G488053146HLR	L488	S		631.9616	1.0400	0.0000	99.9528	39.9505	0.8230	1.1607	5.0000	22.3763	713.0236	95.0000	15.8292	25.4000	0.9300	0.9347	0.6708	-0.0006	713.0000	713.1502	1.0272	-4.2338	99.7758	40.7402	0.8230	0.8254	5.0000	-9999.0000	-9999.0000	-9999.0000	-9999.0000	-9999.0000	-9999.0000	17.3828	1	0	26.0941	1.0000	08	3	-9999.0000	8718	36982	-9999	-9999	148	294	471.4065	5	0.6613	0.6708	-0.0006	41.8359	2.4994	658.2483	593.4025	47.8472	641.9192	95.5093	657.3012	94.9306	663.7181	94.5602	667.5431	94.6065	
16/08/2017	00:11:39	011995	G488051981HLR	L488	S		541.2642	1.0400	0.0000	99.9346	39.9357	0.8230	1.1606	5.0000	23.9187	0.0000	0.0000	0.0000	0.0000	0.9300	0.0000	0.0000	0.0000	0.0000	621.9538	1.0272	1.2129	99.7525	40.7328	0.8230	0.8263	5.0000	-9999.0000	-9999.0000	-9999.0000	-9999.0000	-9999.0000	-9999.0000	17.1020	2	7	27.2827	1.0000	08	3	-9999.0000	8719	0	-9999	-9999	149	296	0.0000	0	0.0000	0.0000	0.0000	0.0000	0.0000	0.0000	0.0000	0.0000	0.0000	0.0000	0.0000	0.0000	0.0000	0.0000	0.0000	0.0000	
16/08/2017	00:12:07	011995	G488053874HLR	L488	S		631.7652	1.0400	0.0000	99.9631	39.9481	0.8230	1.1605	5.0000	23.6579	713.0690	95.0231	15.9093	25.6000	0.9300	0.9350	0.6706	-0.0006	713.0000	711.5545	1.0272	-4.1959	100.0023	40.7272	0.8230	0.8261	5.0000	-9999.0000	-9999.0000	-9999.0000	-9999.0000	-9999.0000	-9999.0000	17.1583	3	0	27.8289	1.0000	08	3	-9999.0000	8720	36983	-9999	-9999	150	298	471.4939	5	0.6614	0.6706	-0.0006	49.8558	1.9590	656.8454	571.7213	47.7083	640.0076	95.3935	655.2917	94.9769	660.7044	94.6759	665.0809	94.5602	
16/08/2017	00:12:37	011995	G488053878HLR	L488	S		632.4332	1.0400	0.0000	100.0355	39.9689	0.8230	1.1608	5.0000	22.1579	713.0879	95.0231	16.1788	25.4000	0.9300	0.9347	0.6706	-0.0006	713.0000	713.0778	1.0272	-4.2320	100.0387	40.6961	0.8230	0.8257	5.0000	-9999.0000	-9999.0000	-9999.0000	-9999.0000	-9999.0000	-9999.0000	17.2679	4	0	30.2180	1.0000	08	3	-9999.0000	8721	36984	-9999	-9999	151	299	471.3835	5	0.6613	0.6706	-0.0006	56.4510	1.5166	656.8202	579.3996	45.5556	642.7984	95.6250	656.1586	95.1157	662.1532	94.6065	665.7401	94.5370	
16/08/2017	00:27:03	011995	G488053866HLR	L488	S		613.3269	1.0400	0.0000	99.9263	39.9793	0.8230	1.1607	5.0000	22.3726	713.0661	95.0000	15.1095	25.4000	0.9300	0.9346	0.6706	-0.0006	713.0000	712.3112	1.0272	-4.2138	99.7554	40.6741	0.8230	0.8249	5.0000	-9999.0000	-9999.0000	-9999.0000	-9999.0000	-9999.0000	-9999.0000	17.0885	5	0	865.7145	1.0000	08	3	-9999.0000	8722	36985	-9999	-9999	152	300	471.8289	5	0.6613	0.6706	-0.0006	56.4510	1.5166	658.8601	553.3941	43.1250	640.1475	95.6713	658.0354	95.0000	664.6671	94.5370	668.3775	94.5602	
16/08/2017	00:27:32	011995	G488053159HLR	L488	S		628.7279	1.0400	0.0000	99.9941	39.9869	0.8230	1.1607	5.0000	22.1687	713.0512	95.0231	16.2892	25.4000	0.9300	0.9347	0.6710	-0.0006	713.0000	712.3117	1.0272	-4.2138	100.0020	40.6710	0.8230	0.8241	5.0000	-9999.0000	-9999.0000	-9999.0000	-9999.0000	-9999.0000	-9999.0000	20.4704	6	0	29.2376	1.0000	08	3	-9999.0000	8723	36986	-9999	-9999	153	302	471.2992	5	0.6614	0.6710	-0.0006	56.7307	1.4973	654.6541	552.5060	44.3519	636.6675	95.6250	653.7434	94.9306	660.4257	94.5370	663.6560	94.6528	
16/08/2017	00:28:06	011995	G488053165HLR	L488	S		628.9016	1.0400	0.0000	99.9312	39.9934	0.8230	1.1607	5.0000	22.1578	713.1117	95.0000	16.9092	25.3000	0.9300	0.9346	0.6710	-0.0006	713.0000	712.9806	1.0272	-4.2297	99.8426	40.5577	0.8230	0.8246	5.0000	-9999.0000	-9999.0000	-9999.0000	-9999.0000	-9999.0000	-9999.0000	17.4572	7	0	33.7687	1.0000	08	3	-9999.0000	8724	36987	-9999	-9999	154	303	471.1369	5	0.6614	0.6710	-0.0006	57.1649	1.4698	654.0287	557.8309	44.9769	635.4978	95.6019	652.7330	94.9537	659.0648	94.5370	663.1414	94.6065	
16/08/2017	00:28:33	011995	G488053173HLR	L488	S		629.0315	1.0400	0.0000	99.9373	39.9981	0.8230	1.1606	5.0000	22.5523	713.0453	94.9074	19.2392	25.4000	0.9300	0.9347	0.6709	-0.0006	713.0000	713.7673	1.0272	-4.2484	99.8187	40.5671	0.8230	0.8245	5.0000	-9999.0000	-9999.0000	-9999.0000	-9999.0000	-9999.0000	-9999.0000	17.3016	8	0	26.7885	1.0000	08	3	-9999.0000	8725	36988	-9999	-9999	155	305	470.0612	5	0.6615	0.6709	-0.0006	43.6588	2.3666	648.6486	564.7524	45.1852	635.1741	95.6713	647.7467	95.1620	655.3653	94.6296	657.7359	94.5370	
16/08/2017	00:29:00	011995	G488053150HLR	L488	S		623.5889	1.0400	0.0000	100.0331	40.0000	0.8230	1.1607	5.0000	22.0194	713.0812	94.8843	17.6592	25.4000	0.9300	0.9347	0.6709	-0.0006	713.0000	711.6055	1.0272	-4.1971	100.0218	40.5638	0.8230	0.8248	5.0000	-9999.0000	-9999.0000	-9999.0000	-9999.0000	-9999.0000	-9999.0000	17.3590	1	0	27.2182	1.0000	08	3	-9999.0000	8726	36989	-9999	-9999	156	306	470.8600	5	0.6615	0.6709	-0.0006	43.6588	2.3666	650.6147	566.4585	45.3009	631.7668	95.7176	649.5067	95.0463	656.2324	94.5602	659.2600	94.5370	
16/08/2017	00:29:27	011995	G488053156HLR	L488	S		620.3810	1.0400	0.0000	99.9613	40.0000	0.8230	1.1606	5.0000	22.6783	713.0362	94.7454	18.1689	25.6000	0.9300	0.9349	0.6708	-0.0006	713.0000	711.7156	1.0272	-4.1997	99.8032	40.5808	0.8230	0.8245	5.0000	-9999.0000	-9999.0000	-9999.0000	-9999.0000	-9999.0000	-9999.0000	17.2186	2	0	27.4684	1.0000	08	3	-9999.0000	8727	36990	-9999	-9999	157	308	470.6196	5	0.6615	0.6708	-0.0006	40.7691	2.5526	645.9393	486.7694	43.7269	629.3802	94.8611	644.8814	94.5370	653.0431	94.5370	658.1441	94.6759	
16/08/2017	00:29:55	011995	G488053182HLR	L488	S		632.8532	1.0400	0.0000	99.9732	39.4911	0.8230	1.1614	5.0000	21.5594	713.0414	94.9769	15.5089	25.4000	0.9300	0.9346	0.6708	-0.0006	713.0000	714.8158	1.0272	-4.2733	99.9060	40.6100	0.8230	0.8250	5.0000	-9999.0000	-9999.0000	-9999.0000	-9999.0000	-9999.0000	-9999.0000	17.2087	3	0	27.3589	1.0000	08	3	-9999.0000	8728	36991	-9999	-9999	157	310	471.7858	5	0.6615	0.6708	-0.0006	40.7691	2.5526	661.3087	587.3954	45.6019	646.6338	95.6019	660.6673	94.8843	665.5257	94.6528	670.4088	94.6528	
16/08/2017	00:30:21	011995	G488053186HLR	L488	S		629.8526	1.0400	0.0000	99.6280	39.6100	0.8230	1.1609	5.0000	30.7417	713.0614	94.9769	14.5988	25.4000	0.9300	0.9346	0.6719	-0.0007	713.0000	712.4422	1.0272	-4.2169	99.7887	40.6320	0.8230	0.8253	5.0000	-9999.0000	-9999.0000	-9999.0000	-9999.0000	-9999.0000	-9999.0000	17.4871	4	0	26.6186	1.0000	08	3	-9999.0000	8729	36992	-9999	-9999	158	312	472.2660	5	0.6614	0.6719	-0.0007	51.5518	1.8458	659.2158	569.1219	46.1343	642.9851	95.6713	658.3052	95.0694	664.9166	94.5833	670.0728	94.6065	
16/08/2017	00:30:47	011995	G488053143HLR	L488	S		628.3754	1.0400	0.0000	99.8924	39.8000	0.8230	1.1615	5.0000	23.7792	713.0386	94.9769	16.3692	25.4000	0.9300	0.9346	0.6713	-0.0006	713.0000	713.9316	1.0272	-4.2523	99.8080	40.6470	0.8230	0.8259	5.0000	-9999.0000	-9999.0000	-9999.0000	-9999.0000	-9999.0000	-9999.0000	17.2472	5	0	25.6382	1.0000	08	3	-9999.0000	8730	36993	-9999	-9999	159	314	471.4091	5	0.6614	0.6713	-0.0006	36.2947	2.8482	654.4152	597.2115	46.2037	641.0504	95.7176	653.0566	95.0694	660.5636	94.5602	664.9646	94.6296	
16/08/2017	00:31:13	011995	G488053178HLR	L488	S		627.0515	1.0400	0.0000	99.9640	39.8024	0.8230	1.1609	5.0000	23.9682	713.0762	95.0231	16.5587	25.4000	0.9300	0.9346	0.6717	-0.0006	713.0000	712.7844	1.0272	-4.2251	99.7469	40.6477	0.8230	0.8261	5.0000	-9999.0000	-9999.0000	-9999.0000	-9999.0000	-9999.0000	-9999.0000	17.6178	6	0	25.6489	1.0000	08	3	-9999.0000	8731	36993	-9999	-9999	160	316	471.4494	5	0.6614	0.6717	-0.0006	35.0490	2.9298	654.9814	592.8579	46.7593	639.5303	95.7407	653.9906	95.0231	658.4975	94.5370	663.1266	94.7222	
16/08/2017	00:31:38	011995	G488053188HLR	L488	S		630.6665	1.0400	0.0000	99.9217	39.7867	0.8230	1.1609	5.0000	22.7790	713.0438	95.1389	16.4786	25.4000	0.9300	0.9347	0.6722	-0.0007	713.0000	715.5760	1.0272	-4.2914	99.7485	40.6256	0.8230	0.8263	5.0000	-9999.0000	-9999.0000	-9999.0000	-9999.0000	-9999.0000	-9999.0000	17.2503	7	0	25.7185	1.0000	08	3	-9999.0000	8732	36994	-9999	-9999	161	317	471.4417	5	0.6614	0.6722	-0.0007	40.8074	2.5746	656.3093	577.4992	46.2963	640.4169	95.6944	655.0640	95.0694	663.2271	94.5602	665.0546	94.6065	
16/08/2017	00:32:04	011995	G488053021HLR	L488	S		628.2772	1.0400	0.0000	99.9157	39.7809	0.8230	1.1610	5.0000	22.4377	713.0762	95.0463	15.6593	25.4000	0.9300	0.9347	0.6719	-0.0007	713.0000	717.4174	1.0272	-4.3351	99.8461	40.5950	0.8230	0.8253	5.0000	-9999.0000	-9999.0000	-9999.0000	-9999.0000	-9999.0000	-9999.0000	17.2280	8	0	25.8383	1.0000	08	3	-9999.0000	8733	36995	-9999	-9999	162	319	471.8975	5	0.6614	0.6719	-0.0007	24.3486	3.6257	659.2447	574.1886	47.0139	643.5321	95.6250	658.3964	95.0231	665.0971	94.5370	668.1980	94.6528	
16/08/2017	00:32:33	011995	G488053016HLR	L488	S		629.4244	1.0400	0.0000	99.9360	39.7791	0.8230	1.1610	5.0000	22.4185	713.0645	94.9769	14.7189	25.4000	0.9300	0.9347	0.6719	-0.0007	713.0000	715.3574	1.0272	-4.2862	99.7953	40.5966	0.8230	0.8244	5.0000	-9999.0000	-9999.0000	-9999.0000	-9999.0000	-9999.0000	-9999.0000	17.3494	1	0	29.2388	1.0000	08	3	-9999.0000	8734	36996	-9999	-9999	163	321	472.3415	5	0.6614	0.6719	-0.0007	24.3486	3.6257	659.3344	583.4279	45.2083	641.5965	95.6713	658.2612	94.9537	664.6546	94.5139	669.7368	94.6991	
16/08/2017	00:34:07	011995	G488052140HLR	L488	S		0.0000	0.0000	0.0000	0.0000	0.0000	0.8230	0.0000	0.0000	0.0000	0.0000	0.0000	0.0000	0.0000	0.9300	0.0000	0.0000	0.0000	0.0000	0.0000	0.0000	0.0000	0.0000	0.0000	0.8230	0.0000	0.0000	0.0000	0.0000	0.0000	0.0000	0.0000	0.0000	0.0000	0	42	29.2388	1.0000	08	3	0.0000	0	0	0	0	0	0	0.0000	0	0.0000	0.0000	0.0000	0.0000	0.0000	0.0000	0.0000	0.0000	0.0000	0.0000	0.0000	0.0000	0.0000	0.0000	0.0000	0.0000	
16/08/2017	00:34:25	011995	G488053011HLR	L488	S		638.8733	1.0400	0.0000	99.9278	39.7883	0.8230	1.1614	5.0000	22.4689	713.0261	94.9537	13.1194	25.4000	0.9300	0.9347	0.6715	-0.0006	713.0000	715.6254	1.0272	-4.2926	99.7990	40.6365	0.8230	0.8247	5.0000	-9999.0000	-9999.0000	-9999.0000	-9999.0000	-9999.0000	-9999.0000	17.5386	2	0	111.5935	1.0000	08	3	-9999.0000	8735	36997	-9999	-9999	164	322	472.9325	5	0.6614	0.6715	-0.0006	24.0374	3.6545	667.5227	572.9282	44.7222	651.4785	95.6019	666.6151	94.9537	672.3642	94.4907	675.8085	94.7222	
16/08/2017	00:34:54	011995	G488053009HLR	L488	S		630.4138	1.0400	0.0000	99.9414	39.7994	0.8230	1.1610	5.0000	22.5989	713.0813	95.0463	14.8000	25.4000	0.9300	0.9348	0.6717	-0.0006	713.0000	714.4237	1.0272	-4.2640	99.8308	40.6207	0.8230	0.8235	5.0000	-9999.0000	-9999.0000	-9999.0000	-9999.0000	-9999.0000	-9999.0000	19.7862	3	0	28.5288	1.0000	08	3	-9999.0000	8736	36997	-9999	-9999	165	324	472.2719	5	0.6613	0.6717	-0.0006	23.7831	3.6701	660.4860	579.5939	44.6528	642.9860	95.6250	659.0575	95.1389	666.6000	94.6528	670.0698	94.5833	
16/08/2017	00:35:22	011995	G488053004HLR	L488	S		629.5671	1.0400	0.0000	99.9476	39.8114	0.8230	1.1611	5.0000	22.2378	713.0978	94.9769	14.8488	25.4000	0.9300	0.9348	0.6720	-0.0007	713.0000	715.2297	1.0272	-4.2832	99.8453	40.6628	0.8230	0.8263	5.0000	-9999.0000	-9999.0000	-9999.0000	-9999.0000	-9999.0000	-9999.0000	17.6976	4	0	28.5190	1.0000	08	3	-9999.0000	8737	36998	-9999	-9999	166	326	472.3039	5	0.6612	0.6720	-0.0007	28.1930	3.4069	659.2544	578.3019	46.8981	645.2078	95.6019	658.0273	95.0231	665.7697	94.6065	669.6967	94.6065	
16/08/2017	00:35:48	011995	G488053043HLR	L488	S		622.5450	1.0400	0.0000	99.9937	39.8246	0.8230	1.1611	5.0000	22.1094	713.0834	94.6759	18.3691	25.4000	0.9300	0.9348	0.6683	-0.0004	713.0000	713.3611	1.0272	-4.2388	99.8400	40.6462	0.8230	0.8263	5.0000	-9999.0000	-9999.0000	-9999.0000	-9999.0000	-9999.0000	-9999.0000	17.3259	5	0	25.6578	1.0000	08	3	-9999.0000	8738	36999	-9999	-9999	167	328	470.6794	5	0.6610	0.6683	-0.0004	47.7194	2.2312	648.3649	574.7699	45.2083	632.4971	95.8333	647.3407	95.3704	653.6866	94.6759	657.7477	94.5833	
16/08/2017	00:36:16	011995	G488053025HLR	L488	S		626.7777	1.0400	0.0000	99.9540	39.8294	0.8230	1.1609	5.0000	22.5175	713.0838	95.0000	15.8292	25.4000	0.9300	0.9346	0.6683	-0.0004	713.0000	715.2800	1.0272	-4.2844	99.9651	40.6285	0.8230	0.8258	5.0000	-9999.0000	-9999.0000	-9999.0000	-9999.0000	-9999.0000	-9999.0000	17.1341	6	0	28.6391	1.0000	08	3	-9999.0000	8739	37000	-9999	-9999	168	330	471.5654	5	0.6610	0.6683	-0.0004	47.7194	2.2312	658.7149	590.5686	47.8009	645.6790	95.6481	658.0762	95.1620	664.7068	94.6065	668.2273	94.5139	
16/08/2017	00:36:47	011995	G488053027HLR	L488	S		622.3827	1.0400	0.0000	99.9801	39.8361	0.8230	1.1610	5.0000	22.2888	713.0701	94.9306	17.5791	25.6000	0.9300	0.9351	0.6660	-0.0003	713.0000	714.2468	1.0272	-4.2598	99.8360	40.6140	0.8230	0.8246	5.0000	-9999.0000	-9999.0000	-9999.0000	-9999.0000	-9999.0000	-9999.0000	17.2184	7	0	30.9377	1.0000	08	3	-9999.0000	8740	37001	-9999	-9999	169	332	471.0162	5	0.6608	0.6660	-0.0003	52.6971	1.9434	653.5472	561.5596	45.8796	636.9430	95.3704	652.3674	94.8843	660.5083	94.6296	664.3159	94.5833	
16/08/2017	00:37:18	011995	G488053046HLR	L488	S		625.9755	1.0400	0.0000	99.7918	39.7779	0.8230	1.1609	5.0000	22.3972	713.1244	94.8843	17.6885	25.4000	0.9300	0.9347	0.6662	-0.0003	713.0000	712.7075	1.0272	-4.2232	99.8576	40.6238	0.8230	0.8244	5.0000	-9999.0000	-9999.0000	-9999.0000	-9999.0000	-9999.0000	-9999.0000	17.3993	8	0	31.1393	1.0000	08	3	-9999.0000	8741	37002	-9999	-9999	170	334	471.0650	5	0.6608	0.6662	-0.0003	52.1116	1.9799	654.7158	614.7138	44.8843	639.2695	95.6713	653.6847	95.2083	659.1205	94.6296	663.1384	94.5370	
16/08/2017	00:37:50	011995	G488052111HLR	L488	S		630.7459	1.0400	0.0000	99.8339	39.8000	0.8230	1.1611	5.0000	22.1262	713.1114	94.9537	14.6789	25.3000	0.9300	0.9346	0.6662	-0.0003	713.0000	710.0186	1.0272	-4.1594	100.0749	40.6310	0.8230	0.8244	5.0000	-9999.0000	-9999.0000	-9999.0000	-9999.0000	-9999.0000	-9999.0000	17.4305	1	0	31.0779	1.0000	08	3	-9999.0000	8742	37002	-9999	-9999	171	336	471.7376	5	0.6608	0.6662	-0.0003	52.1116	1.9799	662.0563	596.7616	46.4120	647.5015	95.6713	661.0171	95.1852	666.7802	94.5833	671.7304	94.5139	
16/08/2017	00:38:15	011995	G488052127HLR	L488	S		624.4862	1.0400	0.0000	99.9513	39.8168	0.8230	1.1611	5.0000	22.4542	713.0899	94.9074	17.6992	25.4000	0.9300	0.9347	0.6660	-0.0003	713.0000	712.1038	1.0272	-4.2089	99.8171	40.6295	0.8230	0.8244	5.0000	-9999.0000	-9999.0000	-9999.0000	-9999.0000	-9999.0000	-9999.0000	17.3683	2	0	25.7681	1.0000	08	3	-9999.0000	8743	37003	-9999	-9999	172	338	470.9985	5	0.6607	0.6660	-0.0003	46.0025	2.4003	655.0748	584.4316	46.8981	640.6243	95.6481	654.3011	95.1852	660.6386	94.6528	663.6363	94.5833	
16/08/2017	00:38:44	011995	G488052126HLR	L488	S		620.6326	1.0400	0.0000	99.7959	39.8239	0.8230	1.1610	5.0000	22.4074	713.0454	94.9074	20.1298	25.4000	0.9300	0.9347	0.6653	-0.0003	713.0000	712.3722	1.0272	-4.2153	99.9802	40.6284	0.8230	0.8242	5.0000	-9999.0000	-9999.0000	-9999.0000	-9999.0000	-9999.0000	-9999.0000	17.9175	3	0	28.4184	1.0000	08	3	-9999.0000	8744	37004	-9999	-9999	173	339	470.3534	5	0.6608	0.6653	-0.0003	52.4271	1.9886	647.6775	589.0571	46.9444	635.3401	95.6250	646.6967	95.0694	652.4253	94.5833	656.3221	94.5602	
16/08/2017	00:39:14	011995	G488052133HLR	L488	S		621.1258	1.0400	0.0000	99.9793	39.8277	0.8230	1.1610	5.0000	22.4387	713.1013	94.8843	20.1493	25.4000	0.9300	0.9346	0.6667	-0.0004	713.0000	712.0733	1.0272	-4.2082	99.8678	40.6600	0.8230	0.8242	5.0000	-9999.0000	-9999.0000	-9999.0000	-9999.0000	-9999.0000	-9999.0000	18.5382	4	0	29.7179	1.0000	08	3	-9999.0000	8745	37005	-9999	-9999	174	341	470.5209	5	0.6609	0.6667	-0.0004	51.6845	2.0238	647.8654	577.6559	45.9259	634.2034	95.7407	646.8158	95.1852	651.9588	94.6065	655.8954	94.4907	
16/08/2017	00:39:45	011995	G488052147HLR	L488	S		620.6712	1.0400	0.0000	99.9569	39.8295	0.8230	1.1609	5.0000	22.6204	713.1450	94.8843	20.2987	25.4000	0.9300	0.9348	0.6660	-0.0003	713.0000	711.5389	1.0272	-4.1955	99.8107	40.6910	0.8230	0.8254	5.0000	-9999.0000	-9999.0000	-9999.0000	-9999.0000	-9999.0000	-9999.0000	17.2964	5	0	31.1186	1.0000	08	3	-9999.0000	8746	37006	-9999	-9999	175	343	470.3737	5	0.6609	0.6660	-0.0003	51.3548	2.0337	648.2062	612.3327	46.8981	631.8233	95.6944	647.4216	95.1852	650.5070	94.6065	654.6730	94.5370	
16/08/2017	00:40:15	011995	G488050735HLR	L488	S		633.1546	1.0400	0.0000	100.0897	39.8362	0.8230	1.1610	5.0000	22.2195	713.1206	94.9306	13.9494	25.3000	0.9300	0.9346	0.6660	-0.0003	713.0000	717.1126	1.0272	-4.3279	99.7972	40.6921	0.8230	0.8254	5.0000	-9999.0000	-9999.0000	-9999.0000	-9999.0000	-9999.0000	-9999.0000	17.3080	6	0	30.6588	1.0000	08	3	-9999.0000	8747	37007	-9999	-9999	176	345	471.9524	5	0.6609	0.6660	-0.0003	51.3548	2.0337	668.3639	581.3490	46.6204	654.0164	95.4861	667.5842	94.9537	673.7595	94.4676	678.3256	94.5370	
16/08/2017	00:40:40	011995	G488052153HLR	L488	S		628.4492	1.0400	0.0000	99.8941	39.8357	0.8230	1.1608	5.0000	22.7985	713.0591	94.9306	17.5196	25.4000	0.9300	0.9347	0.6643	-0.0002	713.0000	714.0206	1.0272	-4.2544	99.8919	40.6893	0.8230	0.8252	5.0000	-9999.0000	-9999.0000	-9999.0000	-9999.0000	-9999.0000	-9999.0000	17.1991	7	0	25.0288	1.0000	08	3	-9999.0000	8748	37008	-9999	-9999	177	347	471.0807	5	0.6609	0.6643	-0.0002	54.7365	1.8359	655.4293	579.1908	48.1019	640.6900	95.5093	654.7588	95.0463	660.7896	94.6065	664.3638	94.5833	
16/08/2017	00:41:07	011995	G488052157HLR	L488	S		629.0279	1.0400	0.0000	99.9941	39.8368	0.8230	1.1610	5.0000	22.5280	713.0073	94.9074	17.5596	25.4000	0.9300	0.9348	0.6631	-0.0001	713.0000	714.2988	1.0272	-4.2610	100.0177	40.6854	0.8230	0.8250	5.0000	-9999.0000	-9999.0000	-9999.0000	-9999.0000	-9999.0000	-9999.0000	17.4755	8	0	26.6985	1.0000	08	3	-9999.0000	8749	37008	-9999	-9999	178	349	471.0423	5	0.6608	0.6631	-0.0001	56.3038	1.7447	658.2908	603.5963	46.1111	644.6702	95.5556	657.4024	95.0694	663.7030	94.6296	667.4495	94.5370	
16/08/2017	00:41:33	011995	G488052142HLR	L488	S		619.7255	1.0400	0.0000	99.9690	39.8612	0.8230	1.1610	5.0000	22.4588	713.0840	94.8843	20.3085	25.3000	0.9300	0.9347	0.6617	-0.0001	713.0000	713.1564	1.0272	-4.2339	99.7588	40.7072	0.8230	0.8259	5.0000	-9999.0000	-9999.0000	-9999.0000	-9999.0000	-9999.0000	-9999.0000	17.2288	1	0	25.7015	1.0000	08	3	-9999.0000	8750	37009	-9999	-9999	179	351	470.8901	5	0.6607	0.6617	-0.0001	58.5474	1.6224	649.4986	601.2481	46.0648	635.7267	95.6713	648.5627	95.0694	653.5266	94.6065	656.8126	94.5602	
16/08/2017	00:41:58	011995	G488052170HLR	L488	S		621.3246	1.0400	0.0000	99.9392	39.8731	0.8230	1.1610	5.0000	22.2380	713.0635	94.8611	19.7187	25.4000	0.9300	0.9347	0.6621	-0.0001	713.0000	712.5264	1.0272	-4.2189	99.7532	40.7051	0.8230	0.8261	5.0000	-9999.0000	-9999.0000	-9999.0000	-9999.0000	-9999.0000	-9999.0000	17.5882	2	0	25.3554	1.0000	08	3	-9999.0000	8751	37010	-9999	-9999	180	353	471.0507	5	0.6607	0.6621	-0.0001	59.3645	1.5766	653.9250	605.4755	48.7037	638.2888	95.6481	652.6408	94.9537	656.6245	94.5370	660.0667	94.6065	
16/08/2017	00:42:25	011995	G488053764HLR	L488	S		639.8694	1.0400	0.0000	99.9241	39.8734	0.8230	1.1608	5.0000	22.8082	713.1303	94.9306	12.2786	25.3000	0.9300	0.9346	0.6621	-0.0001	713.0000	707.1611	1.0272	-4.0915	99.8435	40.6692	0.8230	0.8260	5.0000	-9999.0000	-9999.0000	-9999.0000	-9999.0000	-9999.0000	-9999.0000	17.2184	3	0	26.7085	1.0000	08	4	-9999.0000	8752	37011	-9999	-9999	181	355	471.5071	5	0.6607	0.6621	-0.0001	59.3645	1.5766	672.3955	607.1904	45.1852	658.7877	95.5324	671.5805	94.9769	677.6470	94.4676	681.2346	94.5602	
16/08/2017	00:42:52	011995	G488053762HLR	L488	S		635.6529	1.0400	0.0000	100.0518	39.8871	0.8230	1.1610	5.0000	21.9257	713.0666	94.9537	13.0696	25.4000	0.9300	0.9348	0.6621	-0.0001	713.0000	706.9915	1.0272	-4.0875	99.7868	40.6365	0.8230	0.8248	5.0000	-9999.0000	-9999.0000	-9999.0000	-9999.0000	-9999.0000	-9999.0000	17.2780	4	0	26.8288	1.0000	08	4	-9999.0000	8753	37012	-9999	-9999	182	357	471.3398	5	0.6606	0.6621	-0.0001	60.2712	1.5258	669.5259	577.0970	46.0185	654.3267	95.3935	668.3043	94.8148	674.7431	94.5139	679.1939	94.6528	
16/08/2017	00:43:18	011995	G488053758HLR	L488	S		635.8434	1.0400	0.0000	99.9499	39.8770	0.8230	1.1607	5.0000	23.6589	713.1062	94.8611	12.5091	25.3000	0.9300	0.9348	0.6616	-0.0001	713.0000	707.0246	1.0272	-4.0882	99.7950	40.6561	0.8230	0.8243	5.0000	-9999.0000	-9999.0000	-9999.0000	-9999.0000	-9999.0000	-9999.0000	17.3707	5	0	26.7788	1.0000	08	4	-9999.0000	8754	37012	-9999	-9999	183	359	471.2875	5	0.6606	0.6616	-0.0001	59.9380	1.5601	670.9273	595.0562	46.4120	656.8411	95.3935	669.9219	94.9306	676.0622	94.6065	681.3079	94.6296	
16/08/2017	00:43:44	011995	G488053750HLR	L488	S		638.5522	1.0400	0.0000	99.9544	39.8996	0.8230	1.1609	5.0000	22.6892	713.0483	94.9306	13.0598	25.3000	0.9300	0.9347	0.6611	-0.0000	713.0000	707.9793	1.0272	-4.1109	99.7767	40.6916	0.8230	0.8249	5.0000	-9999.0000	-9999.0000	-9999.0000	-9999.0000	-9999.0000	-9999.0000	17.1686	6	0	25.2988	1.0000	08	4	-9999.0000	8755	37013	-9999	-9999	184	361	471.1346	5	0.6606	0.6611	-0.0000	60.4824	1.5387	672.0976	595.6471	45.3009	658.7938	95.4398	671.4413	94.9537	677.1022	94.5833	680.4260	94.5833	
16/08/2017	00:44:10	011995	G488053757HLR	L488	S		635.9537	1.0400	0.0000	100.0016	39.9103	0.8230	1.1609	5.0000	22.3191	713.1002	94.9769	13.9192	25.3000	0.9300	0.9348	0.6603	0.0000	713.0000	711.6760	1.0272	-4.1987	99.8284	40.7080	0.8230	0.8252	5.0000	-9999.0000	-9999.0000	-9999.0000	-9999.0000	-9999.0000	-9999.0000	17.5187	7	0	26.8075	1.0000	08	4	-9999.0000	8756	37014	-9999	-9999	185	363	471.0176	5	0.6607	0.6603	0.0000	59.8948	1.5715	669.8098	551.8700	44.7917	652.0799	95.4630	668.8794	94.8148	674.1681	94.5602	678.2090	94.6065	
16/08/2017	00:44:36	011995	G488053771HLR	L488	S		638.9039	1.0400	0.0000	99.9433	39.9072	0.8230	1.1606	5.0000	23.7594	713.0345	94.8148	13.0784	25.3000	0.9300	0.9347	0.6600	0.0000	713.0000	708.8308	1.0272	-4.1312	99.8715	40.7133	0.8230	0.8260	5.0000	-9999.0000	-9999.0000	-9999.0000	-9999.0000	-9999.0000	-9999.0000	17.4194	8	0	25.6426	1.0000	08	4	-9999.0000	8756	37015	-9999	-9999	186	365	470.8354	5	0.6608	0.6600	0.0000	57.2575	1.7206	673.6637	556.0764	43.5880	658.8062	95.5787	672.5603	94.9537	678.6190	94.5833	682.1475	94.6296	
16/08/2017	00:45:01	011995	G488053772HLR	L488	S		632.4638	1.0400	0.0000	99.9501	39.9152	0.8230	1.1606	5.0000	23.8800	713.0579	95.0926	15.8898	25.3000	0.9300	0.9348	0.6682	-0.0004	713.0000	708.8016	1.0272	-4.1305	100.0888	40.7113	0.8230	0.8264	5.0000	-9999.0000	-9999.0000	-9999.0000	-9999.0000	-9999.0000	-9999.0000	17.2085	1	0	24.9554	1.0000	08	4	-9999.0000	8757	37016	-9999	-9999	187	367	471.4267	5	0.6612	0.6682	-0.0004	48.5408	2.2220	658.7935	580.3714	46.6435	647.3368	95.5556	658.1625	95.1157	662.6526	94.6528	666.3209	94.5833	
16/08/2017	00:45:27	011995	G488053783HLR	L488	S		635.1047	1.0400	0.0000	99.9787	39.9327	0.8230	1.1609	5.0000	22.4588	713.0630	94.9306	13.2786	25.3000	0.9300	0.9347	0.6682	-0.0004	713.0000	708.7832	1.0272	-4.1300	99.9652	40.6697	0.8230	0.8256	5.0000	-9999.0000	-9999.0000	-9999.0000	-9999.0000	-9999.0000	-9999.0000	17.1139	2	0	25.6588	1.0000	08	4	-9999.0000	8758	37017	-9999	-9999	188	369	472.5458	5	0.6612	0.6682	-0.0004	48.5408	2.2220	666.0728	581.8623	46.1806	649.2528	95.5093	665.0981	95.0926	671.3120	94.6528	675.4057	94.5833	
16/08/2017	00:45:52	011995	G488053776HLR	L488	S		636.8144	1.0400	0.0000	99.9667	39.9333	0.8230	1.1608	5.0000	22.3082	713.0535	95.0463	15.7892	25.4000	0.9300	0.9348	0.6690	-0.0005	713.0000	712.2445	1.0272	-4.2122	99.7636	40.6544	0.8230	0.8244	5.0000	-9999.0000	-9999.0000	-9999.0000	-9999.0000	-9999.0000	-9999.0000	17.2485	3	0	25.1788	1.0000	08	4	-9999.0000	8759	37018	-9999	-9999	189	371	471.6719	5	0.6613	0.6690	-0.0005	43.4628	2.4924	663.1596	563.0680	46.5741	649.4284	95.5556	662.1771	95.0463	668.8842	94.5833	672.4389	94.5833	
16/08/2017	00:46:18	011995	G488053881HLR	L488	S		635.7358	1.0400	0.0000	99.9126	39.9333	0.8230	1.1608	5.0000	22.4695	713.0382	94.9074	12.3695	25.3000	0.9300	0.9347	0.6690	-0.0005	713.0000	708.5514	1.0272	-4.1245	99.8665	40.6934	0.8230	0.8247	5.0000	-9999.0000	-9999.0000	-9999.0000	-9999.0000	-9999.0000	-9999.0000	17.1564	4	0	25.8184	1.0000	08	4	-9999.0000	8760	37019	-9999	-9999	190	373	472.8635	5	0.6613	0.6690	-0.0005	43.4628	2.4924	667.7427	580.3233	44.4907	652.2802	95.6019	666.9437	94.9537	672.9970	94.5370	677.3703	94.6065	
16/08/2017	00:46:44	011995	G488053900HLR	L488	S		637.0834	1.0400	0.0000	99.9517	39.9380	0.8230	1.1608	5.0000	22.6777	713.0544	94.9537	13.7395	25.4000	0.9300	0.9348	0.6696	-0.0005	713.0000	710.4292	1.0272	-4.1691	99.9698	40.7278	0.8230	0.8256	5.0000	-9999.0000	-9999.0000	-9999.0000	-9999.0000	-9999.0000	-9999.0000	17.2592	5	0	26.5616	1.0000	08	4	-9999.0000	8760	37020	-9999	-9999	191	374	472.6039	5	0.6615	0.6696	-0.0005	42.6978	2.5264	664.0889	579.3644	46.1806	648.5932	95.5787	663.2948	95.1157	669.6521	94.6296	674.3763	94.5833	
16/08/2017	00:47:10	011995	G488053896HLR	L488	S		635.9236	1.0400	0.0000	100.0322	39.9460	0.8230	1.1609	5.0000	21.9643	713.0383	94.9306	14.3899	25.4000	0.9300	0.9347	0.6706	-0.0006	713.0000	710.1480	1.0272	-4.1624	99.9250	40.7294	0.8230	0.8261	5.0000	-9999.0000	-9999.0000	-9999.0000	-9999.0000	-9999.0000	-9999.0000	17.4113	6	0	25.7854	1.0000	08	4	-9999.0000	8761	37021	-9999	-9999	192	376	472.4806	5	0.6616	0.6706	-0.0006	40.8292	2.6241	661.2296	612.6926	47.0139	647.2485	95.5093	660.2897	94.9769	666.4228	94.5602	670.7270	94.6065	
16/08/2017	00:47:36	011995	G488053893HLR	L488	S		636.9704	1.0400	0.0000	99.9648	39.9458	0.8230	1.1608	5.0000	22.6680	713.0617	94.9306	13.2395	25.4000	0.9300	0.9348	0.6707	-0.0006	713.0000	708.7243	1.0272	-4.1286	99.7424	40.7084	0.8230	0.8261	5.0000	-9999.0000	-9999.0000	-9999.0000	-9999.0000	-9999.0000	-9999.0000	17.3843	7	0	26.0888	1.0000	08	4	-9999.0000	8762	37022	-9999	-9999	193	378	473.0037	5	0.6617	0.6707	-0.0006	40.1167	2.6494	665.0840	582.7808	46.9676	649.9438	95.5787	663.7509	95.1157	669.4532	94.6065	673.7637	94.5370	
16/08/2017	00:48:02	011995	G488053886HLR	L488	S		637.1468	1.0400	0.0000	99.9368	39.9589	0.8230	1.1609	5.0000	22.1687	713.0778	95.0231	14.9387	25.4000	0.9300	0.9348	0.6719	-0.0006	713.0000	710.5872	1.0272	-4.1729	99.8814	40.6667	0.8230	0.8245	5.0000	-9999.0000	-9999.0000	-9999.0000	-9999.0000	-9999.0000	-9999.0000	19.4280	8	0	25.5379	1.0000	08	4	-9999.0000	8763	37023	-9999	-9999	194	380	472.5134	5	0.6618	0.6719	-0.0006	40.0269	2.6490	659.8789	578.7842	48.4028	645.6876	95.5324	659.0580	95.0463	665.6038	94.6065	669.2141	94.5602	
16/08/2017	00:48:27	011995	G488053885HLR	L488	S		638.0797	1.0400	0.0000	99.9088	39.9622	0.8230	1.1608	5.0000	22.5986	713.0977	95.0463	15.6193	25.4000	0.9300	0.9347	0.6733	-0.0007	713.0000	711.3521	1.0272	-4.1910	100.0868	40.6722	0.8230	0.8243	5.0000	-9999.0000	-9999.0000	-9999.0000	-9999.0000	-9999.0000	-9999.0000	17.2481	1	0	25.0364	1.0000	08	4	-9999.0000	8764	37024	-9999	-9999	195	382	472.3510	5	0.6623	0.6733	-0.0007	37.7428	2.7479	659.5487	603.2647	48.0324	647.4879	95.5787	658.6113	95.1852	665.8934	94.6296	666.9493	94.5833	
16/08/2017	00:48:53	011995	G488053918HLR	L488	S		635.6426	1.0400	0.0000	99.9981	39.9720	0.8230	1.1609	5.0000	22.1514	713.0928	94.9769	14.7394	25.3000	0.9300	0.9347	0.6733	-0.0007	713.0000	710.3005	1.0272	-4.1661	99.7533	40.7160	0.8230	0.8248	5.0000	-9999.0000	-9999.0000	-9999.0000	-9999.0000	-9999.0000	-9999.0000	17.1678	2	0	26.1311	1.0000	08	4	-9999.0000	8765	37025	-9999	-9999	196	384	472.9970	5	0.6623	0.6733	-0.0007	37.7428	2.7479	659.1632	588.4806	48.3102	643.1224	95.5556	658.1058	95.0694	663.6279	94.5602	667.9331	94.5602	
16/08/2017	00:49:19	011995	G488053916HLR	L488	S		635.1955	1.0400	0.0000	99.9579	39.9702	0.8230	1.1607	5.0000	22.7886	713.0500	95.0231	15.1398	25.3000	0.9300	0.9347	0.6748	-0.0008	713.0000	711.5542	1.0272	-4.1958	99.7757	40.7440	0.8230	0.8257	5.0000	-9999.0000	-9999.0000	-9999.0000	-9999.0000	-9999.0000	-9999.0000	17.2036	3	0	25.7288	1.0000	08	4	-9999.0000	8766	37026	-9999	-9999	197	386	472.9910	5	0.6625	0.6748	-0.0008	36.1753	2.8215	655.0966	580.4833	45.8796	642.0032	95.5787	653.8459	95.0231	661.1594	94.6296	664.7319	94.5833	
16/08/2017	00:49:45	011995	G488053912HLR	L488	S		637.7739	1.0400	0.0000	99.9606	39.9722	0.8230	1.1607	5.0000	22.9889	713.1039	94.9306	14.0090	25.2000	0.9300	0.9346	0.6762	-0.0008	713.0000	712.0561	1.0272	-4.2078	99.8340	40.7429	0.8230	0.8262	5.0000	-9999.0000	-9999.0000	-9999.0000	-9999.0000	-9999.0000	-9999.0000	17.3080	4	0	26.5787	1.0000	08	4	-9999.0000	8766	37026	-9999	-9999	198	387	473.9774	5	0.6627	0.6762	-0.0008	34.7701	2.8926	660.1657	594.3292	47.2917	645.3868	95.5556	659.2704	95.0231	665.2768	94.5602	669.1464	94.5602	
16/08/2017	00:50:11	011995	G488053908HLR	L488	S		639.0285	1.0400	0.0000	99.9634	39.9804	0.8230	1.1607	5.0000	22.5580	713.1037	94.8843	13.8791	25.3000	0.9300	0.9347	0.6768	-0.0009	713.0000	711.5315	1.0272	-4.1953	99.7036	40.7073	0.8230	0.8258	5.0000	-9999.0000	-9999.0000	-9999.0000	-9999.0000	-9999.0000	-9999.0000	17.4583	5	0	25.7984	1.0000	08	4	-9999.0000	8767	37027	-9999	-9999	199	389	474.2413	5	0.6628	0.6768	-0.0009	33.5298	2.9405	658.9442	584.9583	46.3657	645.3295	95.5556	658.1267	95.0694	665.1059	94.6065	669.5344	94.4676	
16/08/2017	00:50:37	011995	G488053902HLR	L488	S		637.5672	1.0400	0.0000	99.9783	39.9899	0.8230	1.1608	5.0000	22.0487	713.0751	94.8380	14.3586	25.4000	0.9300	0.9348	0.6773	-0.0009	713.0000	711.7772	1.0272	-4.2011	99.8145	40.6762	0.8230	0.8248	5.0000	-9999.0000	-9999.0000	-9999.0000	-9999.0000	-9999.0000	-9999.0000	17.3881	6	0	25.6188	1.0000	08	4	-9999.0000	8768	37028	-9999	-9999	200	391	474.0447	5	0.6629	0.6773	-0.0009	32.3111	2.9887	657.1474	588.5089	48.6111	643.8996	95.5093	656.2628	95.0231	662.8803	94.6065	667.4002	94.5833	
16/08/2017	00:51:03	011995	G488053489HLR	L488	S		637.3100	1.0400	0.0000	99.9355	39.9849	0.8230	1.1606	5.0000	23.1188	713.0776	94.8611	14.1389	25.3000	0.9300	0.9346	0.6772	-0.0009	713.0000	711.8027	1.0272	-4.2018	99.7060	40.6898	0.8230	0.8243	5.0000	-9999.0000	-9999.0000	-9999.0000	-9999.0000	-9999.0000	-9999.0000	17.2692	7	0	26.7583	1.0000	08	4	-9999.0000	8769	37029	-9999	-9999	201	393	474.3300	5	0.6631	0.6772	-0.0009	32.7352	2.9483	659.2759	603.7106	49.4907	645.7240	95.4398	658.3597	94.9769	664.2092	94.5602	668.5296	94.5833	
16/08/2017	00:51:34	011995	G488053495HLR	L488	S		631.9170	1.0400	0.0000	99.9690	39.9929	0.8230	1.1608	5.0000	22.7087	713.0724	95.0926	15.6095	25.3000	0.9300	0.9347	0.6773	-0.0008	713.0000	713.0022	1.0272	-4.2302	99.7848	40.7339	0.8230	0.8250	5.0000	-9999.0000	-9999.0000	-9999.0000	-9999.0000	-9999.0000	-9999.0000	17.2424	8	0	30.6487	1.0000	08	4	-9999.0000	8770	37030	-9999	-9999	202	395	473.5849	5	0.6636	0.6773	-0.0008	32.6526	2.9391	652.9390	609.0124	48.2870	639.4119	95.5556	651.9044	95.1389	657.5757	94.6759	662.4066	94.5602	
16/08/2017	00:52:09	011995	G488053491HLR	L488	S		633.8863	1.0400	0.0000	99.9495	39.9997	0.8230	1.1607	5.0000	22.5485	713.0815	95.0000	14.8293	25.3000	0.9300	0.9348	0.6773	-0.0008	713.0000	712.1439	1.0272	-4.2099	100.0305	40.7295	0.8230	0.8244	5.0000	-9999.0000	-9999.0000	-9999.0000	-9999.0000	-9999.0000	-9999.0000	19.2484	1	0	35.0273	1.0000	08	4	-9999.0000	8771	37031	-9999	-9999	203	397	474.1401	5	0.6636	0.6773	-0.0008	32.6526	2.9391	654.7283	577.1468	45.8565	640.7075	95.5556	653.8187	95.0694	660.2116	94.5833	664.8063	94.5602	
16/08/2017	00:52:36	011995	G488053929HLR	L488	S		633.7024	1.0400	0.0000	100.0327	40.0000	0.8230	1.1608	5.0000	22.2097	713.1192	94.9537	14.7492	25.4000	0.9300	0.9348	0.6773	-0.0008	713.0000	711.2608	1.0272	-4.1889	99.8131	40.7454	0.8230	0.8256	5.0000	-9999.0000	-9999.0000	-9999.0000	-9999.0000	-9999.0000	-9999.0000	17.2387	2	0	26.7996	1.0000	08	4	-9999.0000	8772	37032	-9999	-9999	204	398	474.2488	5	0.6638	0.6773	-0.0008	32.8149	2.9213	656.2906	578.0579	47.0139	639.6402	95.5556	655.1910	95.0694	661.1760	94.5602	665.8328	94.5602	
16/08/2017	00:53:02	011995	G488053924HLR	L488	S		635.9936	1.0400	0.0000	99.8814	40.0015	0.8230	1.1608	5.0000	22.2488	713.1094	95.0463	15.9191	25.3000	0.9300	0.9347	0.6773	-0.0008	713.0000	713.9200	1.0272	-4.2520	99.7631	40.7221	0.8230	0.8247	5.0000	-9999.0000	-9999.0000	-9999.0000	-9999.0000	-9999.0000	-9999.0000	17.2984	3	0	26.3673	1.0000	08	4	-9999.0000	8772	37032	-9999	-9999	205	400	473.5634	5	0.6639	0.6773	-0.0008	33.0496	2.8994	653.7924	576.0013	46.7130	640.5458	95.5556	652.3763	95.0000	659.8300	94.5602	664.2653	94.5833	
16/08/2017	00:53:30	011995	G488053872HLR	L488	S		622.1507	1.0400	0.0000	99.9729	40.0001	0.8230	1.1608	5.0000	22.3386	713.1291	94.7685	19.7284	25.4000	0.9300	0.9347	0.6772	-0.0008	713.0000	710.6251	1.0272	-4.1738	99.9452	40.7214	0.8230	0.8241	5.0000	-9999.0000	-9999.0000	-9999.0000	-9999.0000	-9999.0000	-9999.0000	19.3579	4	0	27.6490	1.0000	08	4	-9999.0000	8773	37033	-9999	-9999	206	402	471.4642	5	0.6641	0.6772	-0.0008	33.4160	2.8802	638.4216	565.9548	48.1481	626.2975	95.6713	637.4682	94.9769	642.6236	94.5833	647.0280	94.6296	
16/08/2017	00:53:57	011995	G488053513HLR	L488	S		629.4778	1.0400	0.0000	99.9989	40.0049	0.8230	1.1607	5.0000	22.6090	713.0759	94.8611	24.1891	25.3000	0.9300	0.9347	0.6776	-0.0008	713.0000	726.4195	1.0272	-4.5490	99.7747	40.7476	0.8230	0.8260	5.0000	-9999.0000	-9999.0000	-9999.0000	-9999.0000	-9999.0000	-9999.0000	17.1583	5	2	26.5980	1.0000	08	4	-9999.0000	8774	37034	-9999	-9999	207	403	468.7529	5	0.6643	0.6776	-0.0008	33.2158	2.9000	584.2425	615.1570	47.1991	561.9150	96.2500	582.2800	95.3935	597.9131	94.6991	599.4190	94.5370	
16/08/2017	00:54:23	011995	G488053511HLR	L488	S		632.9074	1.0400	0.0000	99.8934	40.0115	0.8230	1.1607	5.0000	22.4685	713.0888	95.0231	15.9493	25.3000	0.9300	0.9347	0.6784	-0.0009	713.0000	711.6261	1.0272	-4.1976	99.9897	40.7416	0.8230	0.8262	5.0000	-9999.0000	-9999.0000	-9999.0000	-9999.0000	-9999.0000	-9999.0000	17.3500	6	0	26.3592	1.0000	08	4	-9999.0000	8775	37035	-9999	-9999	208	405	473.5532	5	0.6644	0.6784	-0.0009	32.4378	2.9515	650.1375	580.9062	46.8056	637.5740	95.6481	648.9719	95.0463	654.9942	94.5139	660.0242	94.5370	
16/08/2017	00:54:49	011995	G488053501HLR	L488	S		635.2761	1.0400	0.0000	100.0304	40.0178	0.8230	1.1608	5.0000	22.0281	713.1108	95.0463	15.1496	25.3000	0.9300	0.9347	0.6784	-0.0009	713.0000	711.3698	1.0272	-4.1915	99.9948	40.7051	0.8230	0.8257	5.0000	-9999.0000	-9999.0000	-9999.0000	-9999.0000	-9999.0000	-9999.0000	17.5788	7	0	26.0190	1.0000	08	4	-9999.0000	8776	37036	-9999	-9999	209	407	474.0383	5	0.6644	0.6784	-0.0009	32.4378	2.9515	653.8723	556.7714	46.1343	636.7063	95.5324	652.6918	94.9074	659.3766	94.4907	663.7336	94.6296	
16/08/2017	00:55:16	011995	G488053508HLR	L488	S		634.4574	1.0400	0.0000	99.9690	40.0098	0.8230	1.1608	5.0000	22.2488	713.1141	95.0463	16.7286	25.4000	0.9300	0.9348	0.6766	-0.0008	713.0000	712.3753	1.0272	-4.2154	99.8163	40.6773	0.8230	0.8247	5.0000	-9999.0000	-9999.0000	-9999.0000	-9999.0000	-9999.0000	-9999.0000	17.2886	8	0	27.2638	1.0000	08	4	-9999.0000	8777	37037	-9999	-9999	210	409	473.2134	5	0.6643	0.6766	-0.0008	36.8785	2.6362	651.0474	543.2828	43.2176	633.6612	95.6481	650.1101	95.0926	655.1909	94.5833	658.9552	94.5602	
16/08/2017	00:55:44	011995	G488053535HLR	L488	S		631.5180	1.0400	0.0000	99.9792	40.0087	0.8230	1.1608	5.0000	22.5482	713.0600	95.0231	15.6388	25.4000	0.9300	0.9347	0.6760	-0.0007	713.0000	711.8143	1.0272	-4.2020	99.8522	40.6884	0.8230	0.8241	5.0000	-9999.0000	-9999.0000	-9999.0000	-9999.0000	-9999.0000	-9999.0000	17.6553	1	0	27.5624	1.0000	08	4	-9999.0000	8777	37038	-9999	-9999	211	411	473.8377	5	0.6645	0.6760	-0.0007	37.5075	2.5877	652.1226	555.7491	44.0278	634.8575	95.5787	651.1526	94.9306	657.5487	94.5139	661.4600	94.6065	
16/08/2017	00:56:12	011995	G488053525HLR	L488	S		632.4570	1.0400	0.0000	100.0207	40.0150	0.8230	1.1608	5.0000	22.1287	713.0914	95.0000	14.9396	25.4000	0.9300	0.9347	0.6760	-0.0007	713.0000	712.4773	1.0272	-4.2178	99.8553	40.7089	0.8230	0.8239	5.0000	-9999.0000	-9999.0000	-9999.0000	-9999.0000	-9999.0000	-9999.0000	18.5783	2	0	28.0097	1.0000	08	4	-9999.0000	8778	37039	-9999	-9999	212	413	474.3499	5	0.6645	0.6760	-0.0007	37.5075	2.5877	656.0408	568.3940	46.4120	641.8544	95.5324	655.0777	94.9074	661.6909	94.5139	665.4705	94.6528	
16/08/2017	00:56:40	011995	G488053532HLR	L488	S		635.4857	1.0400	0.0000	99.9617	40.0035	0.8230	1.1605	5.0000	23.3484	713.1209	94.9769	15.0285	25.4000	0.9300	0.9347	0.6749	-0.0006	713.0000	712.5551	1.0272	-4.2196	99.7894	40.7435	0.8230	0.8252	5.0000	-9999.0000	-9999.0000	-9999.0000	-9999.0000	-9999.0000	-9999.0000	17.3289	3	0	28.2479	1.0000	08	4	-9999.0000	8779	37040	-9999	-9999	213	415	474.4192	5	0.6647	0.6749	-0.0006	39.5921	2.4366	657.2654	586.7266	46.7824	641.6620	95.5093	656.5419	94.9074	663.0614	94.5139	667.1674	94.6296	
16/08/2017	00:57:07	011995	G488053524HLR	L488	S		630.4038	1.0400	0.0000	99.9721	40.0093	0.8230	1.1607	5.0000	22.2478	713.0678	95.0694	16.2999	25.4000	0.9300	0.9347	0.6733	-0.0005	713.0000	712.4915	1.0272	-4.2181	99.7631	40.7486	0.8230	0.8255	5.0000	-9999.0000	-9999.0000	-9999.0000	-9999.0000	-9999.0000	-9999.0000	17.4391	4	0	26.9586	1.0000	08	4	-9999.0000	8780	37041	-9999	-9999	214	417	473.9760	5	0.6648	0.6733	-0.0005	42.1950	2.2600	653.2845	573.3527	44.6065	637.9215	95.6481	651.6205	95.0694	659.7206	94.5833	663.2024	94.5602	
16/08/2017	00:57:34	011995	G488053517HLR	L488	S		628.7833	1.0400	0.0000	100.0936	40.0131	0.8230	1.1608	5.0000	21.9392	713.0617	95.0463	16.5489	25.4000	0.9300	0.9348	0.6733	-0.0005	713.0000	713.0975	1.0272	-4.2325	99.7467	40.7514	0.8230	0.8259	5.0000	-9999.0000	-9999.0000	-9999.0000	-9999.0000	-9999.0000	-9999.0000	17.3497	5	0	27.3291	1.0000	08	4	-9999.0000	8781	37042	-9999	-9999	215	419	473.9048	5	0.6648	0.6733	-0.0005	42.1950	2.2600	653.1554	569.7500	46.3657	637.3296	95.6250	652.0625	95.1852	657.9313	94.6065	662.1777	94.5370	
16/08/2017	00:58:04	011995	G488053453HLR	L488	S		626.8582	1.0400	0.0000	99.9635	40.0052	0.8230	1.1607	5.0000	22.8218	713.0896	94.9537	17.0391	25.4000	0.9300	0.9347	0.6732	-0.0005	713.0000	713.3975	1.0272	-4.2396	99.9607	40.7415	0.8230	0.8252	5.0000	-9999.0000	-9999.0000	-9999.0000	-9999.0000	-9999.0000	-9999.0000	19.1987	6	0	29.7571	1.0000	08	4	-9999.0000	8782	37043	-9999	-9999	216	421	473.8008	5	0.6648	0.6732	-0.0005	42.3203	2.2620	650.6911	574.0227	47.4306	636.0648	95.6019	649.8582	95.1389	656.1789	94.6065	660.6081	94.5370	
16/08/2017	00:58:31	011995	G488053450HLR	L488	S		633.2546	1.0400	0.0000	99.9223	40.0081	0.8230	1.1607	5.0000	22.5381	713.0376	94.9537	17.2198	25.4000	0.9300	0.9348	0.6736	-0.0005	713.0000	713.6695	1.0272	-4.2461	99.8486	40.7142	0.8230	0.8253	5.0000	-9999.0000	-9999.0000	-9999.0000	-9999.0000	-9999.0000	-9999.0000	18.8286	7	0	27.3082	1.0000	08	4	-9999.0000	8782	37044	-9999	-9999	217	423	473.6995	5	0.6648	0.6736	-0.0005	42.6808	2.2508	654.4891	588.2120	46.3889	640.7275	95.6019	653.5522	95.1157	658.6745	94.5833	663.0269	94.5370	
16/08/2017	00:58:58	011995	G488053441HLR	L488	S		632.8371	1.0400	0.0000	99.9640	40.0130	0.8230	1.1607	5.0000	22.4985	713.0453	95.0000	15.9093	25.4000	0.9300	0.9348	0.6738	-0.0005	713.0000	712.6875	1.0272	-4.2228	99.9717	40.7000	0.8230	0.8247	5.0000	-9999.0000	-9999.0000	-9999.0000	-9999.0000	-9999.0000	-9999.0000	19.6745	8	0	26.9488	1.0000	08	4	-9999.0000	8783	37045	-9999	-9999	218	424	474.2129	5	0.6649	0.6738	-0.0005	41.7703	2.3148	656.6748	576.9483	44.7454	640.9928	95.6019	655.1836	95.0231	661.5545	94.5602	666.5978	94.5602	
16/08/2017	01:12:16	011995	G488053444HLR	L488	S		614.5243	1.0400	0.0000	99.9602	40.0102	0.8230	1.1607	5.0000	22.5290	713.0723	95.0231	16.4083	25.4000	0.9300	0.9348	0.6738	-0.0005	713.0000	713.3454	1.0272	-4.2384	99.7709	40.6785	0.8230	0.8243	5.0000	-9999.0000	-9999.0000	-9999.0000	-9999.0000	-9999.0000	-9999.0000	17.5681	1	0	797.4874	1.0000	08	4	-9999.0000	8784	37046	-9999	-9999	219	426	474.1485	5	0.6649	0.6738	-0.0005	41.7703	2.3148	654.3634	577.7609	47.6157	639.9242	95.6019	653.5459	95.0694	660.3814	94.5602	663.5164	94.5602	
16/08/2017	01:12:43	011995	G488053537HLR	L488	S		632.6742	1.0400	0.0000	100.1053	40.0183	0.8230	1.1609	5.0000	21.8784	713.0732	94.6528	18.8583	25.4000	0.9300	0.9347	0.6747	-0.0006	713.0000	714.6745	1.0272	-4.2700	100.0203	40.7062	0.8230	0.8244	5.0000	-9999.0000	-9999.0000	-9999.0000	-9999.0000	-9999.0000	-9999.0000	17.2081	2	0	27.3712	1.0000	08	4	-9999.0000	8785	37047	-9999	-9999	220	428	473.1338	5	0.6648	0.6747	-0.0006	42.2040	2.3005	649.7911	592.7853	47.1759	639.0851	95.5556	649.1344	95.1620	654.2734	94.6065	657.4138	94.5370	
16/08/2017	01:13:11	011995	G488053474HLR	L488	S		631.8534	1.0400	0.0000	99.9500	40.0189	0.8230	1.1607	5.0000	22.5485	713.0648	95.0231	16.3897	25.4000	0.9300	0.9348	0.6747	-0.0006	713.0000	712.4056	1.0272	-4.2161	99.8692	40.6324	0.8230	0.8258	5.0000	-9999.0000	-9999.0000	-9999.0000	-9999.0000	-9999.0000	-9999.0000	17.1936	3	0	28.1591	1.0000	08	4	-9999.0000	8786	37048	-9999	-9999	221	430	473.9813	5	0.6648	0.6747	-0.0006	42.2040	2.3005	650.9525	575.4936	45.1389	639.6607	95.5787	650.1818	95.0231	655.9654	94.5370	660.9834	94.5370	
16/08/2017	01:13:39	011995	G488053458HLR	L488	S		631.8491	1.0400	0.0000	99.9038	40.0225	0.8230	1.1609	5.0000	22.6726	713.0692	95.0231	16.0987	25.3000	0.9300	0.9347	0.6745	-0.0006	713.0000	712.0395	1.0272	-4.2074	99.7689	40.6412	0.8230	0.8261	5.0000	-9999.0000	-9999.0000	-9999.0000	-9999.0000	-9999.0000	-9999.0000	17.3080	4	0	28.1946	1.0000	08	4	-9999.0000	8787	37049	-9999	-9999	221	432	474.1420	5	0.6649	0.6745	-0.0006	41.7288	2.3403	653.3045	583.1816	46.1574	641.1118	95.6019	652.1910	95.0231	659.2864	94.5370	664.0281	94.5602	
16/08/2017	01:14:08	011995	G488053472HLR	L488	S		633.8390	1.0400	0.0000	99.9612	40.0262	0.8230	1.1611	5.0000	22.7184	713.0624	94.9537	15.3185	25.3000	0.9300	0.9347	0.6753	-0.0007	713.0000	710.9755	1.0272	-4.1821	99.8394	40.6441	0.8230	0.8264	5.0000	-9999.0000	-9999.0000	-9999.0000	-9999.0000	-9999.0000	-9999.0000	17.1479	5	0	28.3291	1.0000	08	4	-9999.0000	8788	37050	-9999	-9999	222	434	474.5117	5	0.6647	0.6753	-0.0007	42.0570	2.3050	656.1447	600.6439	45.6944	640.5353	95.5556	655.9415	95.0694	661.2621	94.5602	665.2798	94.5370	
16/08/2017	01:14:33	011995	G488053465HLR	L488	S		631.7928	1.0400	0.0000	99.9930	40.0304	0.8230	1.1608	5.0000	22.3288	713.1008	95.0694	16.3087	25.5000	0.9300	0.9349	0.6758	-0.0007	713.0000	711.5702	1.0272	-4.1962	99.9194	40.6388	0.8230	0.8265	5.0000	-9999.0000	-9999.0000	-9999.0000	-9999.0000	-9999.0000	-9999.0000	17.1877	6	0	25.5681	1.0000	08	4	-9999.0000	8789	37051	-9999	-9999	223	436	474.0619	5	0.6647	0.6758	-0.0007	42.1407	2.3030	649.3771	534.0645	45.4630	634.2175	94.8611	648.1980	94.4444	657.7368	94.5602	661.0195	94.7222	
16/08/2017	01:15:02	011995	G488053460HLR	L488	S		632.1384	1.0400	0.0000	99.7903	39.4824	0.8230	1.1615	5.0000	20.9190	713.0820	94.9769	17.2295	25.3000	0.9300	0.9346	0.6760	-0.0007	713.0000	713.4589	1.0272	-4.2411	99.9311	40.6259	0.8230	0.8266	5.0000	-9999.0000	-9999.0000	-9999.0000	-9999.0000	-9999.0000	-9999.0000	17.1471	7	0	28.3596	1.0000	08	4	-9999.0000	8789	37051	-9999	-9999	224	438	473.6020	5	0.6647	0.6760	-0.0007	42.4159	2.2922	651.9525	585.7741	48.2176	640.2164	95.6250	650.6153	94.9537	656.0414	94.5833	660.6786	94.7454	
16/08/2017	01:15:29	011995	G488054207HLR	L488	S		632.7072	1.0400	0.0000	99.8721	39.6333	0.8230	1.1624	5.0000	20.3190	713.0443	95.0000	17.2491	25.3000	0.9300	0.9345	0.6755	-0.0007	713.0000	712.2572	1.0272	-4.2125	99.7953	40.5797	0.8230	0.8256	5.0000	-9999.0000	-9999.0000	-9999.0000	-9999.0000	-9999.0000	-9999.0000	17.0883	8	0	27.1775	1.0000	08	1	-9999.0000	8790	37052	-9999	-9999	225	440	473.6055	5	0.6647	0.6755	-0.0007	42.8849	2.2643	647.6855	579.7550	45.4861	635.9931	95.7407	646.7797	95.0463	652.9285	94.5139	657.5767	94.7917	
16/08/2017	01:15:55	011995	G488054209HLR	L488	S		631.6451	1.0400	0.0000	99.1202	39.7529	0.8230	1.1624	5.0000	20.6036	713.0776	94.9074	17.4688	25.3000	0.9300	0.9346	0.6755	-0.0007	713.0000	714.2355	1.0272	-4.2595	99.8335	40.5763	0.8230	0.8249	5.0000	-9999.0000	-9999.0000	-9999.0000	-9999.0000	-9999.0000	-9999.0000	17.2781	1	0	26.4928	1.0000	08	1	-9999.0000	8791	37053	-9999	-9999	226	442	473.5985	5	0.6648	0.6755	-0.0007	43.4560	2.2357	648.3868	559.6043	44.5139	632.1348	95.7870	647.3296	95.1620	654.7536	94.5833	658.2171	94.5602	
16/08/2017	01:16:27	011995	G488054208HLR	L488	S		585.9999	1.0400	0.0000	99.9189	39.7437	0.8230	1.1614	5.0000	21.6980	0.0000	0.0000	0.0000	0.0000	0.9300	0.0000	0.0000	0.0000	0.0000	622.7000	1.0272	1.0041	99.7989	40.5966	0.8230	0.8249	5.0000	-9999.0000	-9999.0000	-9999.0000	-9999.0000	-9999.0000	-9999.0000	17.0883	2	7	31.8843	1.0000	08	1	-9999.0000	8792	0	-9999	-9999	227	444	0.0000	0	0.0000	0.0000	0.0000	0.0000	0.0000	0.0000	0.0000	0.0000	0.0000	0.0000	0.0000	0.0000	0.0000	0.0000	0.0000	0.0000	
16/08/2017	01:16:55	011995	G488054193HLR	L488	S		631.6007	1.0400	0.0000	99.9465	39.7293	0.8230	1.1612	5.0000	22.5788	713.0661	94.9074	17.4395	25.5000	0.9300	0.9350	0.6756	-0.0007	713.0000	714.0839	1.0272	-4.2559	99.8444	40.6338	0.8230	0.8247	5.0000	-9999.0000	-9999.0000	-9999.0000	-9999.0000	-9999.0000	-9999.0000	17.4961	3	0	27.5187	1.0000	08	1	-9999.0000	8793	37054	-9999	-9999	228	445	473.6347	5	0.6647	0.6756	-0.0007	44.8037	2.1547	649.4405	516.0598	44.4444	632.1392	95.6944	648.5949	95.0463	654.8735	94.6759	659.8074	94.5602	
16/08/2017	01:17:20	011995	G488054203HLR	L488	S		632.6860	1.0400	0.0000	99.8986	39.7426	0.8230	1.1612	5.0000	22.7489	713.0849	95.0000	16.1690	25.3000	0.9300	0.9347	0.6765	-0.0007	713.0000	712.8206	1.0272	-4.2259	99.8900	40.6266	0.8230	0.8247	5.0000	-9999.0000	-9999.0000	-9999.0000	-9999.0000	-9999.0000	-9999.0000	17.3085	4	0	25.6176	1.0000	08	1	-9999.0000	8794	37055	-9999	-9999	229	447	474.3148	5	0.6647	0.6765	-0.0007	45.0329	2.1442	651.8856	574.4855	43.8426	636.4607	95.6250	650.8126	95.0926	656.2948	94.5602	661.1959	94.5602	
16/08/2017	01:17:48	011995	G488054185HLR	L488	S		632.8962	1.0400	0.0000	99.8936	39.7850	0.8230	1.1612	5.0000	22.4988	713.1439	95.0000	15.5295	25.4000	0.9300	0.9347	0.6765	-0.0007	713.0000	713.3680	1.0272	-4.2389	99.8288	40.6469	0.8230	0.8249	5.0000	-9999.0000	-9999.0000	-9999.0000	-9999.0000	-9999.0000	-9999.0000	17.8285	5	0	27.6089	1.0000	08	1	-9999.0000	8795	37056	-9999	-9999	230	449	474.6828	5	0.6647	0.6765	-0.0007	45.0329	2.1442	653.1721	568.8226	44.4444	639.4958	95.6250	652.2925	95.0000	659.0100	94.5139	662.9118	94.6759	
16/08/2017	01:18:15	011995	G488054183HLR	L488	S		633.0894	1.0400	0.0000	99.9555	39.7895	0.8230	1.1611	5.0000	22.5485	713.0213	95.0000	20.8690	25.3000	0.9300	0.9348	0.6778	-0.0008	713.0000	717.5221	1.0272	-4.3376	99.8230	40.6708	0.8230	0.8260	5.0000	-9999.0000	-9999.0000	-9999.0000	-9999.0000	-9999.0000	-9999.0000	17.3881	6	0	27.2584	1.0000	08	1	-9999.0000	8796	37057	-9999	-9999	231	451	471.7962	5	0.6646	0.6778	-0.0008	45.4457	2.1217	647.7918	570.1395	46.7593	634.5949	95.7407	646.6717	95.2315	653.3536	94.6065	656.3350	94.5833	
16/08/2017	01:18:43	011995	G488054197HLR	L488	S		624.9503	1.0400	0.0000	99.9100	39.7933	0.8230	1.1611	5.0000	22.7189	713.0761	94.9769	16.5597	25.3000	0.9300	0.9347	0.6781	-0.0008	713.0000	712.3624	1.0272	-4.2150	99.7899	40.6731	0.8230	0.8264	5.0000	-9999.0000	-9999.0000	-9999.0000	-9999.0000	-9999.0000	-9999.0000	17.2888	7	0	27.5688	1.0000	08	1	-9999.0000	8797	37058	-9999	-9999	232	453	474.0158	5	0.6646	0.6781	-0.0008	46.6793	2.0524	646.4898	577.4258	45.9491	630.9490	95.7639	645.1647	95.2315	651.6116	94.5833	656.2212	94.4676	
16/08/2017	01:19:11	011995	G488054195HLR	L488	S		634.7015	1.0400	0.0000	99.8859	39.8044	0.8230	1.1609	5.0000	23.0183	713.0251	94.9537	13.4895	25.3000	0.9300	0.9347	0.6781	-0.0008	713.0000	715.7280	1.0272	-4.2950	99.8946	40.6587	0.8230	0.8264	5.0000	-9999.0000	-9999.0000	-9999.0000	-9999.0000	-9999.0000	-9999.0000	17.2712	8	0	28.4182	1.0000	08	1	-9999.0000	8798	37058	-9999	-9999	233	455	475.7533	5	0.6646	0.6781	-0.0008	46.6793	2.0524	655.1039	575.1381	45.2315	638.9594	95.6250	653.7710	95.1620	666.5078	94.4907	671.1012	94.5602	
16/08/2017	01:19:38	011995	G488054196HLR	L488	S		630.7736	1.0400	0.0000	99.9167	39.8061	0.8230	1.1610	5.0000	22.6482	713.0584	95.0463	16.6993	25.4000	0.9300	0.9348	0.6792	-0.0009	713.0000	711.2970	1.0272	-4.1897	100.0664	40.6289	0.8230	0.8259	5.0000	-9999.0000	-9999.0000	-9999.0000	-9999.0000	-9999.0000	-9999.0000	17.5688	1	0	26.7489	1.0000	08	1	-9999.0000	8799	37059	-9999	-9999	234	457	473.9581	5	0.6643	0.6792	-0.0009	52.2185	1.7232	646.3388	582.5799	45.9491	632.2870	95.6019	645.6732	95.1157	652.3845	94.6528	656.9851	94.6065	
16/08/2017	01:20:04	011995	G488054179HLR	L488	S		633.1542	1.0400	0.0000	99.9486	39.8191	0.8230	1.1610	5.0000	22.7790	713.0653	95.0463	16.1984	25.3000	0.9300	0.9348	0.6800	-0.0009	713.0000	713.5760	1.0272	-4.2439	99.7747	40.6146	0.8230	0.8251	5.0000	-9999.0000	-9999.0000	-9999.0000	-9999.0000	-9999.0000	-9999.0000	17.3493	2	0	26.3991	1.0000	08	1	-9999.0000	8800	37060	-9999	-9999	235	458	474.2617	5	0.6643	0.6800	-0.0009	51.7158	1.7561	649.2603	570.4716	45.9954	633.8171	95.5324	648.1509	95.1389	655.0225	94.6065	658.8202	94.5370	
16/08/2017	01:20:31	011995	G488054189HLR	L488	S		632.1075	1.0400	0.0000	99.9025	39.8333	0.8230	1.1609	5.0000	23.3084	713.0345	94.9769	16.7188	25.3000	0.9300	0.9348	0.6832	-0.0011	713.0000	715.5379	1.0272	-4.2905	99.9050	40.6218	0.8230	0.8245	5.0000	-9999.0000	-9999.0000	-9999.0000	-9999.0000	-9999.0000	-9999.0000	17.2086	3	0	26.2657	1.0000	08	1	-9999.0000	8801	37060	-9999	-9999	236	460	473.9472	5	0.6643	0.6832	-0.0011	54.5013	1.5965	650.7162	583.4853	45.3009	637.7429	95.5093	649.9184	94.9769	655.4770	94.5139	659.9883	94.5833	
16/08/2017	01:20:59	011995	G488054188HLR	L488	S		631.6911	1.0400	0.0000	100.0106	39.8410	0.8230	1.1611	5.0000	22.3594	713.0266	94.8843	17.6094	25.3000	0.9300	0.9348	0.6861	-0.0013	713.0000	715.2952	1.0272	-4.2847	99.7964	40.6457	0.8230	0.8242	5.0000	-9999.0000	-9999.0000	-9999.0000	-9999.0000	-9999.0000	-9999.0000	18.3284	4	0	28.6187	1.0000	08	1	-9999.0000	8802	37061	-9999	-9999	237	462	473.1565	5	0.6642	0.6861	-0.0013	54.8472	1.5751	644.3096	605.2627	47.2222	631.9524	95.5324	643.2650	95.0000	648.7760	94.5370	652.6310	94.5833	
16/08/2017	01:21:27	011995	G488054191HLR	L488	S		633.9226	1.0400	0.0000	99.9062	39.8420	0.8230	1.1609	5.0000	23.1688	713.1334	95.0463	15.8293	25.3000	0.9300	0.9348	0.6866	-0.0013	713.0000	713.6273	1.0272	-4.2451	100.0697	40.6852	0.8230	0.8256	5.0000	-9999.0000	-9999.0000	-9999.0000	-9999.0000	-9999.0000	-9999.0000	17.2696	5	0	27.8188	1.0000	08	1	-9999.0000	8803	37062	-9999	-9999	238	464	474.8028	5	0.6643	0.6866	-0.0013	55.3335	1.5487	644.5985	597.7677	47.8935	630.0459	95.5324	643.2917	95.0231	651.0451	94.5370	655.5089	94.5602	
16/08/2017	01:21:54	011995	G488054184HLR	L488	S		631.8303	1.0400	0.0000	99.9413	39.8468	0.8230	1.1608	5.0000	23.3590	713.1054	94.9537	14.8400	25.3000	0.9300	0.9348	0.6866	-0.0013	713.0000	714.3728	1.0272	-4.2628	99.8030	40.6942	0.8230	0.8259	5.0000	-9999.0000	-9999.0000	-9999.0000	-9999.0000	-9999.0000	-9999.0000	17.1868	6	0	26.5785	1.0000	08	1	-9999.0000	8803	37063	-9999	-9999	239	466	475.7466	5	0.6643	0.6866	-0.0013	55.3335	1.5487	647.6889	538.1910	44.6065	629.1967	95.6019	646.3751	94.9074	655.0901	94.5139	660.0156	94.7222	
16/08/2017	01:22:21	011995	G488054176HLR	L488	S		627.7317	1.0400	0.0000	99.9716	39.8518	0.8230	1.1608	5.0000	23.4077	713.1163	95.0231	15.3595	25.3000	0.9300	0.9348	0.6869	-0.0013	713.0000	712.7158	1.0272	-4.2234	100.0121	40.6961	0.8230	0.8261	5.0000	-9999.0000	-9999.0000	-9999.0000	-9999.0000	-9999.0000	-9999.0000	17.4669	7	0	27.6782	1.0000	08	1	-9999.0000	8804	37064	-9999	-9999	240	468	475.2239	5	0.6643	0.6869	-0.0013	66.2001	0.8703	643.6819	544.4194	44.2824	624.9783	95.6250	642.6862	94.9074	650.0764	94.5139	656.4478	94.6759	
16/08/2017	01:22:50	011995	G488054175HLR	L488	S		627.7695	1.0400	0.0000	99.9179	39.8688	0.8230	1.1609	5.0000	23.0594	713.0860	94.9074	17.6397	25.3000	0.9300	0.9348	0.6835	-0.0011	713.0000	715.7950	1.0272	-4.2966	99.9108	40.6818	0.8230	0.8265	5.0000	-9999.0000	-9999.0000	-9999.0000	-9999.0000	-9999.0000	-9999.0000	17.1882	8	0	28.4088	1.0000	08	1	-9999.0000	8805	37065	-9999	-9999	241	470	473.1767	5	0.6646	0.6835	-0.0011	65.7908	0.9013	643.2682	542.5346	43.1713	624.9154	95.7176	642.0288	94.9306	648.9648	94.5370	653.1779	94.6528	
16/08/2017	01:23:17	011995	G488054177HLR	L488	S		632.3138	1.0400	0.0000	99.9505	39.8818	0.8230	1.1609	5.0000	22.7385	713.0533	95.0231	16.8995	25.3000	0.9300	0.9348	0.6831	-0.0011	713.0000	713.4450	1.0272	-4.2408	99.9507	40.6593	0.8230	0.8260	5.0000	-9999.0000	-9999.0000	-9999.0000	-9999.0000	-9999.0000	-9999.0000	17.4391	1	0	27.5580	1.0000	08	1	-9999.0000	8806	37066	-9999	-9999	242	472	473.7438	5	0.6646	0.6831	-0.0011	69.2956	0.7042	643.0345	561.8053	45.2778	626.2953	95.6481	641.9356	95.2778	649.4982	94.6065	653.0203	94.5370	
16/08/2017	01:23:44	011995	G488054180HLR	L488	S		627.8013	1.0400	0.0000	99.9216	39.8818	0.8230	1.1608	5.0000	23.0760	713.0541	95.0231	15.6290	25.3000	0.9300	0.9348	0.6873	-0.0014	713.0000	712.2227	1.0272	-4.2117	99.9128	40.6454	0.8230	0.8254	5.0000	-9999.0000	-9999.0000	-9999.0000	-9999.0000	-9999.0000	-9999.0000	17.3596	2	0	26.3384	1.0000	08	1	-9999.0000	8807	37067	-9999	-9999	243	474	474.7297	5	0.6646	0.6873	-0.0014	70.2495	0.6599	645.3201	577.2961	46.3194	630.5776	95.6250	644.1444	95.2083	652.1098	94.6296	657.0257	94.5602	
16/08/2017	01:24:12	011995	G488054181HLR	L488	S		629.6911	1.0400	0.0000	99.9418	39.8883	0.8230	1.1609	5.0000	22.9492	713.0722	95.0000	16.7091	25.3000	0.9300	0.9349	0.6883	-0.0014	713.0000	715.3883	1.0272	-4.2869	99.7603	40.6361	0.8230	0.8244	5.0000	-9999.0000	-9999.0000	-9999.0000	-9999.0000	-9999.0000	-9999.0000	17.6226	3	0	28.4984	1.0000	08	1	-9999.0000	8808	37068	-9999	-9999	244	476	473.8272	5	0.6645	0.6883	-0.0014	70.1369	0.6783	642.6219	585.0432	46.6667	626.2539	95.5787	641.6016	95.0926	648.8495	94.5602	653.8046	94.5833	
16/08/2017	01:24:41	011995	G488053642HLR	L488	S		632.6928	1.0400	0.0000	99.9269	39.8913	0.8230	1.1608	5.0000	23.2086	713.0792	94.9074	17.4385	25.3000	0.9300	0.9348	0.6892	-0.0015	713.0000	713.0600	1.0272	-4.2316	100.0764	40.6607	0.8230	0.8243	5.0000	-9999.0000	-9999.0000	-9999.0000	-9999.0000	-9999.0000	-9999.0000	17.9684	4	0	28.6791	1.0000	08	1	-9999.0000	8809	37069	-9999	-9999	245	478	473.0366	5	0.6644	0.6892	-0.0015	70.3945	0.6566	640.0282	563.7437	45.8565	624.3460	95.6481	639.0394	95.1157	644.5752	94.5602	650.2038	94.5602	
16/08/2017	01:25:07	011995	G488053639HLR	L488	S		633.0604	1.0400	0.0000	99.9374	39.9073	0.8230	1.1613	5.0000	22.8493	713.1897	95.0000	16.2989	25.3000	0.9300	0.9348	0.6905	-0.0016	713.0000	714.6101	1.0272	-4.2684	99.8894	40.6600	0.8230	0.8237	5.0000	-9999.0000	-9999.0000	-9999.0000	-9999.0000	-9999.0000	-9999.0000	19.1685	5	0	26.2681	1.0000	08	1	-9999.0000	8809	37070	-9999	-9999	246	480	474.3337	5	0.6645	0.6905	-0.0016	73.4694	0.5036	642.6360	596.4110	46.7361	628.7305	95.6019	641.3726	95.0926	648.7745	94.6065	654.1683	94.5833	
16/08/2017	01:25:35	011995	G488054173HLR	L488	S		624.4415	1.0400	0.0000	99.9290	39.8957	0.8230	1.1606	5.0000	24.6089	713.1799	95.0231	15.3693	25.2000	0.9300	0.9347	0.6905	-0.0016	713.0000	712.9785	1.0272	-4.2297	99.7425	40.6936	0.8230	0.8251	5.0000	-9999.0000	-9999.0000	-9999.0000	-9999.0000	-9999.0000	-9999.0000	17.4183	6	0	27.7389	1.0000	08	1	-9999.0000	8810	37070	-9999	-9999	247	482	475.4887	5	0.6645	0.6905	-0.0016	73.4694	0.5036	641.0124	580.6710	47.7546	625.8063	95.5787	639.5555	95.0926	646.5806	94.5602	653.5192	94.5370	
16/08/2017	01:26:03	011995	G488054172HLR	L488	S		631.5541	1.0400	0.0000	99.9789	39.9240	0.8230	1.1610	5.0000	22.4791	713.0503	94.9306	17.5284	25.3000	0.9300	0.9348	0.6904	-0.0016	713.0000	713.4047	1.0272	-4.2398	99.8826	40.7133	0.8230	0.8260	5.0000	-9999.0000	-9999.0000	-9999.0000	-9999.0000	-9999.0000	-9999.0000	17.1488	7	0	28.2678	1.0000	08	1	-9999.0000	8811	37071	-9999	-9999	248	484	472.8801	5	0.6643	0.6904	-0.0016	73.7908	0.4661	637.3001	567.6426	47.6620	622.6151	95.5787	636.0883	95.1389	643.1777	94.5833	648.0588	94.5602	
16/08/2017	01:26:31	011995	G488054174HLR	L488	S		629.3384	1.0400	0.0000	99.9376	39.9167	0.8230	1.1607	5.0000	24.3587	713.1268	94.8611	17.6983	25.3000	0.9300	0.9348	0.6902	-0.0015	713.0000	714.8170	1.0272	-4.2734	99.8729	40.7127	0.8230	0.8251	5.0000	-9999.0000	-9999.0000	-9999.0000	-9999.0000	-9999.0000	-9999.0000	19.2291	8	0	27.5788	1.0000	08	1	-9999.0000	8812	37072	-9999	-9999	249	486	472.7969	5	0.6643	0.6902	-0.0015	73.9853	0.4464	636.7323	575.0035	46.6204	621.7209	95.5787	635.1823	95.1620	642.4722	94.5602	647.4648	94.5370	
16/08/2017	01:26:58	011995	G488053648HLR	L488	S		629.6980	1.0400	0.0000	99.8954	39.9238	0.8230	1.1606	5.0000	24.2486	713.0774	94.9537	15.3087	25.2000	0.9300	0.9347	0.6902	-0.0015	713.0000	714.3146	1.0272	-4.2614	99.8845	40.7049	0.8230	0.8264	5.0000	-9999.0000	-9999.0000	-9999.0000	-9999.0000	-9999.0000	-9999.0000	17.1479	1	0	26.9185	1.0000	08	1	-9999.0000	8812	37073	-9999	-9999	250	488	475.3499	5	0.6643	0.6902	-0.0015	73.9853	0.4464	642.2211	571.9382	46.2037	626.9675	95.5093	641.0730	94.9769	649.0637	94.5370	654.2569	94.5833	
16/08/2017	01:27:26	011995	G488053647HLR	L488	S		632.4376	1.0400	0.0000	99.9383	39.9333	0.8230	1.1608	5.0000	23.2354	713.1062	95.0231	16.8292	25.3000	0.9300	0.9348	0.6908	-0.0016	713.0000	714.5285	1.0272	-4.2665	99.7359	40.6779	0.8230	0.8260	5.0000	-9999.0000	-9999.0000	-9999.0000	-9999.0000	-9999.0000	-9999.0000	17.2919	2	0	28.1495	1.0000	08	1	-9999.0000	8813	37073	-9999	-9999	251	490	473.6922	5	0.6643	0.6908	-0.0016	75.4020	0.3886	638.3488	566.0022	47.1065	623.8576	95.5093	637.1415	94.9537	644.3869	94.5370	649.0279	94.5833	
16/08/2017	01:27:54	011995	G488053649HLR	L488	S		629.4483	1.0400	0.0000	99.9636	39.9345	0.8230	1.1608	5.0000	22.8781	713.0595	94.9537	17.2891	25.2000	0.9300	0.9348	0.6913	-0.0016	713.0000	712.7317	1.0272	-4.2238	99.8291	40.6500	0.8230	0.8250	5.0000	-9999.0000	-9999.0000	-9999.0000	-9999.0000	-9999.0000	-9999.0000	17.2774	3	0	27.9275	1.0000	08	1	-9999.0000	8814	37074	-9999	-9999	251	492	473.1279	5	0.6642	0.6913	-0.0016	74.2670	0.4605	636.0553	542.6039	44.1204	618.6997	95.6019	635.4101	95.0463	642.9714	94.5602	647.2265	94.5602	
16/08/2017	01:28:24	011995	G488053646HLR	L488	S		631.5652	1.0400	0.0000	99.9727	39.9480	0.8230	1.1610	5.0000	22.2889	713.0503	94.9769	16.6788	25.3000	0.9300	0.9348	0.6917	-0.0016	713.0000	712.5793	1.0272	-4.2202	99.9913	40.6535	0.8230	0.8245	5.0000	-9999.0000	-9999.0000	-9999.0000	-9999.0000	-9999.0000	-9999.0000	17.2182	4	0	30.2689	1.0000	08	1	-9999.0000	8815	37075	-9999	-9999	252	494	473.7286	5	0.6643	0.6917	-0.0016	75.3750	0.4087	637.1948	564.5339	46.1574	621.7782	95.5324	636.2002	95.0231	643.8920	94.5833	648.9587	94.5833	
16/08/2017	01:28:51	011995	G488053640HLR	L488	S		627.8247	1.0400	0.0000	99.9342	39.9442	0.8230	1.1607	5.0000	23.1383	713.1001	95.0231	15.9093	25.3000	0.9300	0.9348	0.6912	-0.0016	713.0000	713.6188	1.0272	-4.2449	99.7871	40.6695	0.8230	0.8244	5.0000	-9999.0000	-9999.0000	-9999.0000	-9999.0000	-9999.0000	-9999.0000	17.4586	5	0	27.0386	1.0000	08	1	-9999.0000	8816	37076	-9999	-9999	253	496	474.6550	5	0.6643	0.6912	-0.0016	75.8851	0.3859	639.3164	566.6818	44.3750	622.3951	95.6019	638.0673	95.0463	645.4396	94.5602	650.4623	94.5370	
16/08/2017	01:29:18	011995	G488053652HLR	L488	S		631.1981	1.0400	0.0000	99.9470	39.9476	0.8230	1.1608	5.0000	22.8514	713.1163	94.9074	17.1885	25.2000	0.9300	0.9347	0.6907	-0.0016	713.0000	712.8828	1.0272	-4.2274	99.8673	40.6614	0.8230	0.8236	5.0000	-9999.0000	-9999.0000	-9999.0000	-9999.0000	-9999.0000	-9999.0000	18.9887	6	0	26.6878	1.0000	08	1	-9999.0000	8817	37076	-9999	-9999	254	498	473.1195	5	0.6642	0.6907	-0.0016	76.2651	0.3701	635.5633	558.7215	46.0880	619.5876	95.5556	634.3947	94.9537	641.6196	94.5139	646.7715	94.6296	
16/08/2017	01:29:46	011995	G488053657HLR	L488	S		630.8931	1.0400	0.0000	99.9752	39.9550	0.8230	1.1609	5.0000	22.4685	713.0547	94.9769	16.9688	25.2000	0.9300	0.9348	0.6905	-0.0016	713.0000	714.2716	1.0272	-4.2604	99.8826	40.7052	0.8230	0.8249	5.0000	-9999.0000	-9999.0000	-9999.0000	-9999.0000	-9999.0000	-9999.0000	17.3884	7	0	27.7465	1.0000	08	1	-9999.0000	8818	37077	-9999	-9999	255	500	473.2848	5	0.6641	0.6905	-0.0016	78.0157	0.2676	638.1515	551.3367	45.2546	620.3238	95.5556	637.7276	95.0926	643.2622	94.5602	649.6559	94.5370	
16/08/2017	01:30:14	011995	G488053662HLR	L488	S		629.7313	1.0400	0.0000	99.9408	39.9499	0.8230	1.1606	5.0000	23.8778	713.1204	94.9074	19.2988	25.3000	0.9300	0.9348	0.6900	-0.0016	713.0000	716.5803	1.0272	-4.3152	99.8682	40.7254	0.8230	0.8257	5.0000	-9999.0000	-9999.0000	-9999.0000	-9999.0000	-9999.0000	-9999.0000	17.1459	8	0	27.9607	1.0000	08	1	-9999.0000	8819	37078	-9999	-9999	255	502	470.7347	5	0.6641	0.6900	-0.0016	80.1051	0.1614	637.8912	571.5865	45.4630	621.4828	95.5556	636.7409	95.0926	645.0251	94.5602	650.4866	94.5602	
16/08/2017	01:30:41	011995	G488053653HLR	L488	S		634.1478	1.0400	0.0000	99.9569	39.9433	0.8230	1.1605	5.0000	24.8287	713.0759	94.9537	16.0997	25.3000	0.9300	0.9348	0.6900	-0.0016	713.0000	714.8184	1.0272	-4.2734	100.0278	40.7316	0.8230	0.8260	5.0000	-9999.0000	-9999.0000	-9999.0000	-9999.0000	-9999.0000	-9999.0000	17.3494	1	0	27.2489	1.0000	08	1	-9999.0000	8820	37079	-9999	-9999	256	504	474.2273	5	0.6641	0.6900	-0.0016	80.1051	0.1614	642.4683	553.4008	46.6898	627.5492	95.5556	641.5117	95.0000	648.0648	94.5139	652.8757	94.5370	
16/08/2017	01:31:08	011995	G488053655HLR	L488	S		633.6987	1.0400	0.0000	99.9845	39.9705	0.8230	1.1609	5.0000	22.3859	713.0745	95.0000	15.7091	25.2000	0.9300	0.9347	0.6905	-0.0016	713.0000	713.6357	1.0272	-4.2453	100.0210	40.7262	0.8230	0.8263	5.0000	-9999.0000	-9999.0000	-9999.0000	-9999.0000	-9999.0000	-9999.0000	17.3086	2	0	27.0382	1.0000	08	1	-9999.0000	8820	37080	-9999	-9999	257	505	474.6481	5	0.6640	0.6905	-0.0016	79.3467	0.2164	642.4540	553.8377	45.9954	626.3185	95.5556	641.2920	95.0231	647.6111	94.5139	652.8222	94.5602	
16/08/2017	01:31:35	011995	G488053672HLR	L488	S		628.3509	1.0400	0.0000	99.9647	39.9621	0.8230	1.1608	5.0000	22.8296	713.0851	94.9537	16.7891	25.3000	0.9300	0.9348	0.6926	-0.0017	713.0000	712.1245	1.0272	-4.2094	99.8109	40.6940	0.8230	0.8261	5.0000	-9999.0000	-9999.0000	-9999.0000	-9999.0000	-9999.0000	-9999.0000	17.2485	3	0	26.9892	1.0000	08	1	-9999.0000	8821	37080	-9999	-9999	258	507	473.3950	5	0.6638	0.6926	-0.0017	76.7692	0.3803	636.4117	545.0247	44.6991	621.7410	95.5324	635.2985	94.9537	643.2232	94.5602	647.9990	94.6991	
16/08/2017	01:32:01	011995	G488053667HLR	L488	S		630.5060	1.0400	0.0000	100.0130	39.9680	0.8230	1.1609	5.0000	22.4285	713.0813	94.9769	17.0284	25.3000	0.9300	0.9347	0.6922	-0.0017	713.0000	713.8667	1.0272	-4.2508	99.8144	40.6644	0.8230	0.8251	5.0000	-9999.0000	-9999.0000	-9999.0000	-9999.0000	-9999.0000	-9999.0000	17.5585	4	0	25.8435	1.0000	08	1	-9999.0000	8822	37081	-9999	-9999	259	509	473.0650	5	0.6638	0.6922	-0.0017	76.0282	0.4219	636.6200	565.0706	47.1991	620.6295	95.5324	635.2529	95.0694	643.1096	94.6065	647.6266	94.5602	
16/08/2017	01:32:29	011995	G488053669HLR	L488	S		631.0211	1.0400	0.0000	99.9590	39.9649	0.8230	1.1607	5.0000	23.1784	713.1179	95.0463	16.3888	25.3000	0.9300	0.9348	0.6913	-0.0016	713.0000	712.6941	1.0272	-4.2229	99.8182	40.6613	0.8230	0.8244	5.0000	-9999.0000	-9999.0000	-9999.0000	-9999.0000	-9999.0000	-9999.0000	17.2377	5	0	28.5831	1.0000	08	1	-9999.0000	8823	37082	-9999	-9999	260	511	473.8015	5	0.6638	0.6913	-0.0016	75.5822	0.4486	638.1158	584.2834	47.2685	623.7428	95.6019	636.9980	95.1389	644.9833	94.6296	650.8080	94.5602	
16/08/2017	01:32:56	011995	G488053664HLR	L488	S		632.4389	1.0400	0.0000	99.9602	39.9696	0.8230	1.1608	5.0000	23.0678	713.0836	95.0463	15.9894	25.3000	0.9300	0.9348	0.6918	-0.0017	713.0000	712.7176	1.0272	-4.2235	99.9839	40.7051	0.8230	0.8248	5.0000	-9999.0000	-9999.0000	-9999.0000	-9999.0000	-9999.0000	-9999.0000	17.1469	6	0	27.1985	1.0000	08	1	-9999.0000	8824	37083	-9999	-9999	261	513	474.1993	5	0.6638	0.6918	-0.0017	76.6158	0.3939	639.5635	582.2424	46.5972	626.0975	95.5787	638.6882	95.0000	646.5086	94.5139	651.6038	94.5602	
16/08/2017	01:33:26	011995	G488053660HLR	L488	S		632.5493	1.0400	0.0000	99.9359	39.9739	0.8230	1.1607	5.0000	23.0182	713.1017	94.9769	16.0587	25.3000	0.9300	0.9348	0.6951	-0.0019	713.0000	713.3348	1.0272	-4.2381	99.9342	40.7185	0.8230	0.8250	5.0000	-9999.0000	-9999.0000	-9999.0000	-9999.0000	-9999.0000	-9999.0000	17.2297	7	0	29.1374	1.0000	08	1	-9999.0000	8825	37084	-9999	-9999	261	515	474.1867	5	0.6639	0.6951	-0.0019	75.7561	0.4470	640.3000	594.1607	47.4769	626.9398	95.6019	639.4146	95.0463	646.2193	94.5602	652.3453	94.5602	
16/08/2017	01:33:54	011995	G488052440HLR	L488	S		637.0651	1.0400	0.0000	99.9464	39.9788	0.8230	1.1608	5.0000	22.8385	713.0882	95.0000	14.7687	25.2000	0.9300	0.9348	0.6951	-0.0019	713.0000	718.9702	1.0272	-4.3720	100.0892	40.7365	0.8230	0.8255	5.0000	-9999.0000	-9999.0000	-9999.0000	-9999.0000	-9999.0000	-9999.0000	17.4364	8	0	28.0696	1.0000	08	1	-9999.0000	8826	37085	-9999	-9999	262	517	475.9345	5	0.6639	0.6951	-0.0019	75.7561	0.4470	645.7916	566.2352	46.5046	630.3032	95.4398	644.8649	94.9074	652.6384	94.5139	657.4477	94.5602	
16/08/2017	01:34:22	011995	G488054160HLR	L488	S		628.0785	1.0400	0.0000	99.9590	39.9825	0.8230	1.1608	5.0000	22.8289	713.0742	94.9074	17.6397	25.4000	0.9300	0.9348	0.6960	-0.0019	713.0000	710.7130	1.0272	-4.1759	99.7939	40.7413	0.8230	0.8257	5.0000	-9999.0000	-9999.0000	-9999.0000	-9999.0000	-9999.0000	-9999.0000	17.3687	1	0	28.5384	1.0000	08	1	-9999.0000	8827	37086	-9999	-9999	263	519	472.0508	5	0.6639	0.6960	-0.0019	75.5436	0.4434	631.6817	573.3289	45.2546	616.6459	95.6250	630.6599	95.0694	637.9158	94.5833	641.8979	94.5833	
16/08/2017	01:34:51	011995	G488053290HLR	L488	S		631.2567	1.0400	0.0000	99.9744	39.9865	0.8230	1.1608	5.0000	22.7086	713.0536	94.9074	16.1983	25.3000	0.9300	0.9348	0.6961	-0.0019	713.0000	712.3611	1.0272	-4.2150	99.8669	40.7432	0.8230	0.8257	5.0000	-9999.0000	-9999.0000	-9999.0000	-9999.0000	-9999.0000	-9999.0000	18.1028	2	0	29.0286	1.0000	08	1	-9999.0000	8828	37086	-9999	-9999	264	520	473.9764	5	0.6639	0.6961	-0.0019	74.3820	0.5138	634.8328	539.7700	44.7685	618.4816	95.6019	633.8265	95.0926	641.8219	94.5833	646.3835	94.5370	
16/08/2017	01:35:18	011995	G488053680HLR	L488	S		626.9591	1.0400	0.0000	99.8902	39.9939	0.8230	1.1608	5.0000	22.7473	713.0485	94.7685	18.2295	25.3000	0.9300	0.9348	0.6953	-0.0019	713.0000	710.8824	1.0272	-4.1799	100.0526	40.7382	0.8230	0.8263	5.0000	-9999.0000	-9999.0000	-9999.0000	-9999.0000	-9999.0000	-9999.0000	17.4181	3	0	27.1588	1.0000	08	1	-9999.0000	8829	37087	-9999	-9999	265	522	471.1026	5	0.6638	0.6953	-0.0019	74.9522	0.4843	627.0912	565.3112	46.5278	612.4557	95.6019	626.2417	95.0694	633.7492	94.5602	638.2107	94.5602	
16/08/2017	01:35:47	011995	G488053675HLR	L488	S		628.1578	1.0400	0.0000	99.9472	39.9956	0.8230	1.1608	5.0000	22.6853	713.1644	94.9537	17.1192	25.4000	0.9300	0.9348	0.6943	-0.0018	713.0000	711.8964	1.0272	-4.2040	99.8985	40.7180	0.8230	0.8263	5.0000	-9999.0000	-9999.0000	-9999.0000	-9999.0000	-9999.0000	-9999.0000	17.1989	4	0	28.2086	1.0000	08	1	-9999.0000	8830	37088	-9999	-9999	266	524	472.8002	5	0.6639	0.6943	-0.0018	75.4454	0.4510	632.8374	562.5738	46.9676	617.5749	95.5787	631.4670	95.1620	638.1835	94.5833	642.7631	94.5139	
16/08/2017	01:36:17	011995	G488053602HLR	L488	S		627.1314	1.0400	0.0000	99.9519	39.9979	0.8230	1.1608	5.0000	22.8958	713.0948	94.8843	17.5586	25.4000	0.9300	0.9348	0.6936	-0.0018	713.0000	710.7612	1.0272	-4.1770	99.7905	40.6788	0.8230	0.8253	5.0000	-9999.0000	-9999.0000	-9999.0000	-9999.0000	-9999.0000	-9999.0000	17.2087	5	0	30.6485	1.0000	08	1	-9999.0000	8831	37089	-9999	-9999	267	526	472.2841	5	0.6640	0.6936	-0.0018	74.3744	0.5062	631.1697	553.0796	46.0185	615.6786	95.6250	629.9928	95.1157	638.7325	94.5602	643.1872	94.5602	
16/08/2017	01:36:46	011995	G488053600HLR	L488	S		629.6106	1.0400	0.0000	100.0390	40.0000	0.8230	1.1609	5.0000	22.1927	713.0871	94.7685	18.0596	25.4000	0.9300	0.9348	0.6910	-0.0016	713.0000	712.9814	1.0272	-4.2298	99.8151	40.6659	0.8230	0.8244	5.0000	-9999.0000	-9999.0000	-9999.0000	-9999.0000	-9999.0000	-9999.0000	17.3384	6	0	28.8481	1.0000	08	1	-9999.0000	8832	37090	-9999	-9999	268	528	471.6581	5	0.6639	0.6910	-0.0016	76.2812	0.4030	632.4788	542.9880	45.9259	616.4318	95.6019	631.2478	95.1389	638.5802	94.5833	643.3119	94.5370	
16/08/2017	01:37:11	011995	G488053594HLR	L488	S		632.9810	1.0400	0.0000	99.9486	40.0000	0.8230	1.1608	5.0000	22.7391	713.1081	95.0000	16.1886	25.4000	0.9300	0.9348	0.6918	-0.0017	713.0000	711.5282	1.0272	-4.1952	100.0264	40.6684	0.8230	0.8241	5.0000	-9999.0000	-9999.0000	-9999.0000	-9999.0000	-9999.0000	-9999.0000	17.9558	7	0	25.3483	1.0000	08	1	-9999.0000	8833	37091	-9999	-9999	269	530	474.2775	5	0.6638	0.6918	-0.0017	75.6652	0.4405	640.7465	574.9123	47.2222	625.8567	95.5093	639.8618	94.9769	645.6148	94.5139	650.8710	94.5833	
16/08/2017	01:37:37	011995	G488053590HLR	L488	S		630.1527	1.0400	0.0000	99.9441	40.0008	0.8230	1.1608	5.0000	22.7488	713.1850	94.9074	17.1993	25.3000	0.9300	0.9347	0.6891	-0.0015	713.0000	711.8631	1.0272	-4.2032	99.7580	40.6888	0.8230	0.8243	5.0000	-9999.0000	-9999.0000	-9999.0000	-9999.0000	-9999.0000	-9999.0000	17.2366	8	0	25.9297	1.0000	08	1	-9999.0000	8834	37092	-9999	-9999	270	532	473.0678	5	0.6638	0.6891	-0.0015	71.6193	0.6739	636.1454	543.1830	45.5093	621.8741	95.5556	635.1224	95.0000	641.3391	94.5833	646.7307	94.5602	
16/08/2017	01:38:03	011995	G488053591HLR	L488	Q		620.8830	1.0400	0.0000	99.9658	40.0000	0.8230	1.1608	5.0000	22.7701	713.0904	94.8843	19.7089	25.2000	0.9300	0.9347	0.6871	-0.0014	713.0000	714.9323	1.0272	-4.2761	99.8872	40.7326	0.8230	0.8252	5.0000	-9999.0000	-9999.0000	-9999.0000	-9999.0000	-9999.0000	-9999.0000	17.2200	1	0	25.7653	1.0000	08	1	-9999.0000	8835	37093	-9999	-9999	271	534	470.3348	5	0.6638	0.6871	-0.0014	72.0333	0.6365	635.0250	550.1053	46.3426	619.6156	95.5556	633.8248	94.9306	642.6208	94.5370	646.6361	94.6528	
16/08/2017	01:38:31	011995	G488052452HLR	L488	Q		626.3181	1.0400	0.0000	99.9392	40.0043	0.8230	1.1608	5.0000	22.6174	713.1048	94.8611	17.8194	25.3000	0.9300	0.9348	0.6894	-0.0015	713.0000	715.7502	1.0272	-4.2955	100.0370	40.7445	0.8230	0.8259	5.0000	-9999.0000	-9999.0000	-9999.0000	-9999.0000	-9999.0000	-9999.0000	17.2130	2	0	27.9985	1.0000	08	2	-9999.0000	8835	37094	-9999	-9999	272	535	472.5220	5	0.6638	0.6894	-0.0015	67.9576	0.8708	638.0796	564.4046	44.7222	621.7262	95.6944	637.0897	94.9537	643.8580	94.4907	649.1000	94.6528	
16/08/2017	01:38:57	011995	G488052412HLR	L488	S		433.7551	1.0400	0.0000	99.8613	39.9706	0.8230	1.1610	5.0000	23.2758	0.0000	0.0000	0.0000	0.0000	0.9300	0.0000	0.0000	0.0000	0.0000	635.9531	1.0272	-2.7043	99.8684	40.7309	0.8230	0.8265	5.0000	-9999.0000	-9999.0000	-9999.0000	-9999.0000	-9999.0000	-9999.0000	17.4279	3	7	25.9986	1.0000	08	2	-9999.0000	8836	0	-9999	-9999	273	537	0.0000	0	0.0000	0.0000	0.0000	0.0000	0.0000	0.0000	0.0000	0.0000	0.0000	0.0000	0.0000	0.0000	0.0000	0.0000	0.0000	0.0000	
16/08/2017	01:39:28	011995	G488053079HLR	L488	S		643.9901	1.0400	0.0000	99.9992	39.9964	0.8230	1.1608	5.0000	22.4092	713.1067	94.8843	13.8792	25.5000	0.9300	0.9351	0.6867	-0.0014	713.0000	718.7502	1.0272	-4.3668	100.0152	40.7141	0.8230	0.8255	5.0000	-9999.0000	-9999.0000	-9999.0000	-9999.0000	-9999.0000	-9999.0000	18.4883	4	0	30.9791	1.0000	08	2	-9999.0000	8837	37095	-9999	-9999	274	539	476.3737	5	0.6638	0.6867	-0.0014	61.9957	1.2076	654.9606	547.1602	44.6991	637.1128	95.3935	654.0073	94.7917	661.7438	94.5602	666.7893	94.6065	
16/08/2017	01:42:56	011995	G488052429HLR	L488	S		644.2889	1.0400	0.0000	99.9730	40.0000	0.8230	1.1607	5.0000	22.9381	713.0947	94.9306	11.6292	25.3000	0.9300	0.9348	0.6926	-0.0017	713.0000	719.7337	1.0272	-4.3902	99.8156	40.6658	0.8230	0.8246	5.0000	-9999.0000	-9999.0000	-9999.0000	-9999.0000	-9999.0000	-9999.0000	17.5713	5	0	207.3979	1.0000	08	2	-9999.0000	8838	37096	-9999	-9999	275	541	479.8095	5	0.6636	0.6926	-0.0017	61.2067	1.2487	660.6438	561.9479	47.0833	643.1520	95.3472	659.1773	94.9306	667.5844	94.5139	673.0520	94.6065	
16/08/2017	01:43:22	011995	G488051975HLR	L488	S		627.7309	1.0400	0.0000	99.9577	40.0000	0.8230	1.1607	5.0000	22.7638	713.1077	95.0231	16.8887	25.4000	0.9300	0.9348	0.6942	-0.0018	713.0000	717.1397	1.0272	-4.3285	100.0400	40.6629	0.8230	0.8244	5.0000	-9999.0000	-9999.0000	-9999.0000	-9999.0000	-9999.0000	-9999.0000	17.5910	6	0	26.7593	1.0000	08	2	-9999.0000	8839	37097	-9999	-9999	276	543	473.3713	5	0.6635	0.6942	-0.0018	60.1863	1.3166	635.6612	569.6417	47.5694	620.1149	95.5093	634.4853	94.9074	642.4661	94.5833	647.6455	94.6065	
16/08/2017	01:43:49	011995	G488052449HLR	L488	S		651.5402	1.0400	0.0000	99.9542	40.0000	0.8230	1.1607	5.0000	22.7986	713.0440	94.9769	11.9788	25.2000	0.9300	0.9347	0.6942	-0.0018	713.0000	725.4150	1.0272	-4.5251	99.8158	40.6924	0.8230	0.8253	5.0000	-9999.0000	-9999.0000	-9999.0000	-9999.0000	-9999.0000	-9999.0000	17.6682	7	2	27.0982	1.0000	08	2	-9999.0000	8840	37097	-9999	-9999	277	545	479.6057	5	0.6635	0.6942	-0.0018	60.1863	1.3166	656.7403	578.1886	45.7407	637.8042	95.4861	655.6947	95.0000	663.0317	94.5370	669.3669	94.5602	
16/08/2017	01:44:16	011995	G488052445HLR	L488	S		626.6728	1.0400	0.0000	99.9525	40.0013	0.8230	1.1607	5.0000	22.9889	713.0940	94.7917	19.9784	25.3000	0.9300	0.9349	0.6760	-0.0007	713.0000	713.7854	1.0272	-4.2489	99.9238	40.6977	0.8230	0.8263	5.0000	-9999.0000	-9999.0000	-9999.0000	-9999.0000	-9999.0000	-9999.0000	17.1088	8	0	26.4281	1.0000	08	2	-9999.0000	8841	37098	-9999	-9999	277	547	469.3594	5	0.6635	0.6760	-0.0007	57.6252	1.4636	626.5279	555.3567	44.3287	612.1474	95.6713	625.8094	95.2315	632.8728	94.6759	636.7021	94.6065	
16/08/2017	01:44:42	011995	G488053310HLR	L488	S		612.4897	1.0400	0.0000	99.9881	40.0000	0.8230	1.1608	5.0000	22.4794	713.0277	94.9306	17.0899	25.3000	0.9300	0.9348	0.6786	-0.0009	713.0000	716.7595	1.0272	-4.3195	99.7706	40.6919	0.8230	0.8263	5.0000	-9999.0000	-9999.0000	-9999.0000	-9999.0000	-9999.0000	-9999.0000	17.3274	1	0	26.1689	1.0000	08	2	-9999.0000	8842	37099	-9999	-9999	278	548	473.1980	5	0.6634	0.6786	-0.0009	57.0941	1.4976	640.1332	589.8962	45.4167	613.4756	95.8102	638.7516	95.0926	649.0758	94.5370	655.4675	94.5602	
16/08/2017	01:45:09	011995	G488053302HLR	L488	S		636.0934	1.0400	0.0000	99.9422	40.0024	0.8230	1.1607	5.0000	22.8385	713.0817	95.0463	15.7599	25.6000	0.9300	0.9351	0.6751	-0.0007	713.0000	714.4869	1.0272	-4.2655	99.7884	40.6563	0.8230	0.8260	5.0000	-9999.0000	-9999.0000	-9999.0000	-9999.0000	-9999.0000	-9999.0000	17.2710	2	0	27.0591	1.0000	08	2	-9999.0000	8843	37100	-9999	-9999	279	550	473.9023	5	0.6634	0.6751	-0.0007	56.0834	1.5485	651.9401	517.5832	47.1296	635.4165	95.1157	650.7362	94.5370	657.3428	94.6065	663.1506	94.6528	
16/08/2017	01:45:37	011995	G488053063HLR	L488	S		636.8497	1.0400	0.0000	99.8509	39.8409	0.8230	1.1607	5.0000	22.6480	713.0857	94.9769	16.1388	25.3000	0.9300	0.9348	0.6813	-0.0011	713.0000	717.4924	1.0272	-4.3369	99.8395	40.6209	0.8230	0.8248	5.0000	-9999.0000	-9999.0000	-9999.0000	-9999.0000	-9999.0000	-9999.0000	17.4940	3	0	27.6778	1.0000	08	2	-9999.0000	8844	37100	-9999	-9999	280	552	473.6475	5	0.6631	0.6813	-0.0011	55.5910	1.5753	657.0283	556.0175	45.7870	640.9416	95.6250	655.9277	95.0000	662.1564	94.5370	666.6288	94.6759	
16/08/2017	01:46:05	011995	G488053223HLR	L488	S		633.5354	1.0400	0.0000	99.8781	39.8299	0.8230	1.1608	5.0000	23.0505	713.1111	94.9537	15.4396	25.2000	0.9300	0.9346	0.6802	-0.0010	713.0000	713.4027	1.0272	-4.2398	99.8234	40.6345	0.8230	0.8243	5.0000	-9999.0000	-9999.0000	-9999.0000	-9999.0000	-9999.0000	-9999.0000	17.4923	4	0	28.5481	1.0000	08	2	-9999.0000	8845	37101	-9999	-9999	281	554	474.1809	5	0.6630	0.6802	-0.0010	55.6273	1.5740	649.6794	536.9859	43.9352	632.4767	95.7639	648.5239	95.1389	656.1815	94.5602	661.1877	94.5602	
16/08/2017	01:46:34	011995	G488053220HLR	L488	S		630.5045	1.0400	0.0000	99.8888	39.8404	0.8230	1.1609	5.0000	22.8587	713.0624	94.9769	15.0294	25.3000	0.9300	0.9346	0.6802	-0.0010	713.0000	712.5300	1.0272	-4.2190	99.8902	40.6319	0.8230	0.8233	5.0000	-9999.0000	-9999.0000	-9999.0000	-9999.0000	-9999.0000	-9999.0000	19.7390	5	0	28.8395	1.0000	08	2	-9999.0000	8846	37102	-9999	-9999	282	556	474.2693	5	0.6630	0.6802	-0.0010	55.6273	1.5740	650.8262	545.3733	45.2546	632.4145	95.6713	649.6946	94.9306	656.6569	94.5139	661.6812	94.7222	
16/08/2017	01:47:02	011995	G488053221HLR	L488	S		631.9019	1.0400	0.0000	99.9078	39.8423	0.8230	1.1608	5.0000	23.2087	713.0709	95.0231	16.0392	25.4000	0.9300	0.9348	0.6767	-0.0008	713.0000	714.6824	1.0272	-4.2702	99.8215	40.6740	0.8230	0.8249	5.0000	-9999.0000	-9999.0000	-9999.0000	-9999.0000	-9999.0000	-9999.0000	17.2962	6	0	27.8881	1.0000	08	2	-9999.0000	8847	37103	-9999	-9999	283	558	473.3785	5	0.6629	0.6767	-0.0008	55.1341	1.6006	651.6419	586.9506	44.9769	635.0775	95.7407	650.7087	95.2083	656.7581	94.6065	660.7863	94.5602	
16/08/2017	01:47:28	011995	G488053216HLR	L488	S		628.6407	1.0400	0.0000	99.9435	39.8527	0.8230	1.1609	5.0000	22.5181	713.0481	95.0231	16.7491	25.4000	0.9300	0.9348	0.6766	-0.0008	713.0000	711.9475	1.0272	-4.2052	100.0839	40.6810	0.8230	0.8246	5.0000	-9999.0000	-9999.0000	-9999.0000	-9999.0000	-9999.0000	-9999.0000	18.4280	7	0	26.2788	1.0000	08	2	-9999.0000	8848	37104	-9999	-9999	284	560	472.7033	5	0.6629	0.6766	-0.0008	54.9676	1.6070	647.4502	585.5372	47.4769	632.6190	95.6944	646.4291	95.1620	652.8385	94.6065	657.8563	94.5602	
16/08/2017	01:47:55	011995	G488053206HLR	L488	S		628.5821	1.0400	0.0000	99.9218	39.8542	0.8230	1.1608	5.0000	23.1490	713.0535	94.8611	17.5889	25.3000	0.9300	0.9347	0.6766	-0.0008	713.0000	712.6762	1.0272	-4.2225	99.7923	40.6984	0.8230	0.8256	5.0000	-9999.0000	-9999.0000	-9999.0000	-9999.0000	-9999.0000	-9999.0000	17.3988	8	0	27.1350	1.0000	08	2	-9999.0000	8848	37105	-9999	-9999	285	562	472.1944	5	0.6629	0.6766	-0.0008	54.9676	1.6070	646.7895	562.5164	45.6713	632.7767	95.6944	645.6543	95.1620	652.4321	94.5833	655.6039	94.5370	
16/08/2017	01:48:22	011995	G488053292HLR	L488	S		627.8607	1.0400	0.0000	99.9300	39.8623	0.8230	1.1608	5.0000	23.0895	713.0772	94.8380	17.7891	25.4000	0.9300	0.9348	0.6771	-0.0009	713.0000	712.4720	1.0272	-4.2176	99.8474	40.7112	0.8230	0.8261	5.0000	-9999.0000	-9999.0000	-9999.0000	-9999.0000	-9999.0000	-9999.0000	17.5083	1	0	26.3817	1.0000	08	2	-9999.0000	8849	37106	-9999	-9999	286	564	472.0850	5	0.6629	0.6771	-0.0009	56.2355	1.5412	645.8641	563.7372	44.6528	631.7210	95.6713	644.9674	95.1620	651.3692	94.5833	654.9682	94.5139	
16/08/2017	01:48:52	011995	G488053293HLR	L488	S		629.6608	1.0400	0.0000	99.9478	39.8763	0.8230	1.1608	5.0000	23.2156	713.0756	95.0000	16.9288	25.3000	0.9300	0.9347	0.6753	-0.0007	713.0000	711.4999	1.0272	-4.1946	99.8688	40.7001	0.8230	0.8263	5.0000	-9999.0000	-9999.0000	-9999.0000	-9999.0000	-9999.0000	-9999.0000	17.5880	2	0	30.2180	1.0000	08	2	-9999.0000	8850	37106	-9999	-9999	287	566	472.5993	5	0.6631	0.6753	-0.0007	56.7282	1.5136	646.3590	552.7230	46.7824	632.6917	95.6944	645.2302	95.3009	651.7821	94.6065	655.4087	94.5139	
16/08/2017	01:49:20	011995	G488053191HLR	L488	S		637.1852	1.0400	0.0000	99.9356	39.8895	0.8230	1.1608	5.0000	23.0584	713.0614	94.9537	13.3391	25.3000	0.9300	0.9348	0.6753	-0.0007	713.0000	714.3145	1.0272	-4.2614	99.9858	40.6621	0.8230	0.8258	5.0000	-9999.0000	-9999.0000	-9999.0000	-9999.0000	-9999.0000	-9999.0000	17.2386	3	0	27.5288	1.0000	08	2	-9999.0000	8851	37107	-9999	-9999	288	568	474.6051	5	0.6631	0.6753	-0.0007	56.7282	1.5136	663.7935	578.3097	48.2176	647.3183	95.4861	662.5627	95.1157	670.1026	94.5370	676.1082	94.5370	
16/08/2017	01:49:46	011995	G488053196HLR	L488	S		632.0546	1.0400	0.0000	99.9423	39.8960	0.8230	1.1608	5.0000	23.3384	713.0469	95.1157	16.2394	25.3000	0.9300	0.9348	0.6747	-0.0007	713.0000	711.9053	1.0272	-4.2042	99.9000	40.6594	0.8230	0.8254	5.0000	-9999.0000	-9999.0000	-9999.0000	-9999.0000	-9999.0000	-9999.0000	17.2496	4	0	26.1782	1.0000	08	2	-9999.0000	8852	37108	-9999	-9999	289	570	473.1153	5	0.6630	0.6747	-0.0007	56.4540	1.5391	650.2682	564.3423	47.7083	638.1172	95.5093	649.2749	94.9074	656.3889	94.5602	660.7744	94.6296	
16/08/2017	01:50:12	011995	G488053303HLR	L488	S		624.4971	1.0400	0.0000	99.9506	39.9078	0.8230	1.1613	5.0000	23.0689	713.0510	94.9074	14.3498	25.2000	0.9300	0.9347	0.6747	-0.0007	713.0000	714.3759	1.0272	-4.2629	99.7419	40.6469	0.8230	0.8245	5.0000	-9999.0000	-9999.0000	-9999.0000	-9999.0000	-9999.0000	-9999.0000	17.4394	5	0	25.8893	1.0000	08	2	-9999.0000	8852	37109	-9999	-9999	290	572	473.9915	5	0.6630	0.6747	-0.0007	56.4540	1.5391	656.1758	598.4183	46.2500	641.2040	95.5324	654.9280	95.0926	663.5147	94.5833	666.7513	94.5139	
16/08/2017	01:50:39	011995	G488053319HLR	L488	S		631.1364	1.0400	0.0000	99.9327	39.9245	0.8230	1.1608	5.0000	23.3581	713.0658	94.7222	19.3487	25.4000	0.9300	0.9349	0.6739	-0.0007	713.0000	711.2616	1.0272	-4.1889	99.7576	40.6826	0.8230	0.8246	5.0000	-9999.0000	-9999.0000	-9999.0000	-9999.0000	-9999.0000	-9999.0000	17.3361	6	0	27.8081	1.0000	08	2	-9999.0000	8853	37110	-9999	-9999	291	574	471.5166	5	0.6631	0.6739	-0.0007	56.8615	1.5055	645.6723	617.4689	46.6435	634.8722	95.6250	645.0919	95.1620	650.2836	94.6296	653.1263	94.5602	
16/08/2017	01:51:07	011995	G488053318HLR	L488	S		628.6810	1.0400	0.0000	99.9765	39.9333	0.8230	1.1609	5.0000	22.3894	713.0673	94.9537	16.6495	25.3000	0.9300	0.9348	0.6739	-0.0007	713.0000	712.0984	1.0272	-4.2088	99.8022	40.7196	0.8230	0.8252	5.0000	-9999.0000	-9999.0000	-9999.0000	-9999.0000	-9999.0000	-9999.0000	17.5482	7	0	27.5590	1.0000	08	2	-9999.0000	8854	37111	-9999	-9999	292	576	472.8215	5	0.6631	0.6739	-0.0007	56.6121	1.5170	650.2877	592.6457	47.6620	635.6321	95.6019	649.1468	95.0694	655.1565	94.5370	659.3322	94.5139	
16/08/2017	01:51:35	011995	G488053308HLR	L488	S		621.1856	1.0400	0.0000	99.9028	39.9341	0.8230	1.1608	5.0000	23.3684	713.1106	95.1157	15.1593	25.3000	0.9300	0.9348	0.6739	-0.0007	713.0000	714.0242	1.0272	-4.2545	99.9225	40.7288	0.8230	0.8259	5.0000	-9999.0000	-9999.0000	-9999.0000	-9999.0000	-9999.0000	-9999.0000	17.2364	8	0	28.0277	1.0000	08	2	-9999.0000	8855	37112	-9999	-9999	293	577	473.6391	5	0.6631	0.6739	-0.0007	56.6121	1.5170	653.8942	571.8832	47.9861	639.7248	95.6481	652.9301	95.0694	658.3062	94.5602	664.7405	94.5370	
16/08/2017	01:52:01	011995	G488053311HLR	L488	S		630.8045	1.0400	0.0000	100.0042	39.9378	0.8230	1.1608	5.0000	23.0085	713.0755	94.9537	13.1594	25.3000	0.9300	0.9348	0.6732	-0.0006	713.0000	713.3037	1.0272	-4.2374	99.8229	40.7294	0.8230	0.8262	5.0000	-9999.0000	-9999.0000	-9999.0000	-9999.0000	-9999.0000	-9999.0000	17.3034	1	0	26.2487	1.0000	08	2	-9999.0000	8855	37113	-9999	-9999	294	579	474.2965	5	0.6630	0.6732	-0.0006	56.7192	1.5124	662.3613	594.9731	45.4630	646.8098	95.6019	661.3054	95.0231	667.2369	94.5370	673.5124	94.5602	
16/08/2017	01:52:29	011995	G488053299HLR	L488	S		628.6389	1.0400	0.0000	99.9038	39.9468	0.8230	1.1608	5.0000	22.9090	713.1192	95.0000	16.9190	25.4000	0.9300	0.9349	0.6727	-0.0006	713.0000	712.0269	1.0272	-4.2071	99.8819	40.7163	0.8230	0.8264	5.0000	-9999.0000	-9999.0000	-9999.0000	-9999.0000	-9999.0000	-9999.0000	17.2783	2	0	27.5590	1.0000	08	2	-9999.0000	8856	37114	-9999	-9999	295	581	472.8040	5	0.6630	0.6727	-0.0006	56.1952	1.5432	650.8390	584.2203	46.7130	635.9206	95.5556	649.6131	95.0463	656.3659	94.5833	660.7352	94.5602	
16/08/2017	01:52:55	011995	G488053322HLR	L488	S		631.2867	1.0400	0.0000	99.9638	39.9520	0.8230	1.1607	5.0000	23.1491	713.0565	95.0231	16.5391	25.3000	0.9300	0.9348	0.6729	-0.0006	713.0000	711.2309	1.0272	-4.1882	99.7519	40.6741	0.8230	0.8255	5.0000	-9999.0000	-9999.0000	-9999.0000	-9999.0000	-9999.0000	-9999.0000	17.3786	3	0	25.9888	1.0000	08	2	-9999.0000	8857	37115	-9999	-9999	296	583	472.8734	5	0.6630	0.6729	-0.0006	55.9616	1.5611	650.4589	574.4149	46.6898	636.3223	95.5556	649.3995	95.1157	656.5019	94.6296	660.0719	94.5602	
16/08/2017	01:53:21	011995	G488053323HLR	L488	S		629.4592	1.0400	0.0000	99.8883	39.9606	0.8230	1.1608	5.0000	22.8583	713.0414	94.9537	16.9698	25.4000	0.9300	0.9348	0.6728	-0.0006	713.0000	711.9267	1.0272	-4.2047	99.8655	40.6585	0.8230	0.8247	5.0000	-9999.0000	-9999.0000	-9999.0000	-9999.0000	-9999.0000	-9999.0000	17.1788	4	0	26.4884	1.0000	08	2	-9999.0000	8858	37116	-9999	-9999	297	585	472.6032	5	0.6629	0.6728	-0.0006	57.3449	1.4899	650.9856	587.4212	47.8472	636.2036	95.5556	650.3928	94.9537	655.9241	94.5370	659.9585	94.6296	
16/08/2017	01:53:48	011995	G488053338HLR	L488	S		619.7401	1.0400	0.0000	99.8745	39.9601	0.8230	1.1606	5.0000	23.7343	713.0682	95.0231	15.1193	25.2000	0.9300	0.9346	0.6728	-0.0006	713.0000	713.3248	1.0272	-4.2379	99.9510	40.6871	0.8230	0.8244	5.0000	-9999.0000	-9999.0000	-9999.0000	-9999.0000	-9999.0000	-9999.0000	17.4681	5	0	26.2846	1.0000	08	2	-9999.0000	8859	37116	-9999	-9999	297	587	473.3547	5	0.6629	0.6728	-0.0006	57.3449	1.4899	653.9041	580.9912	47.5463	638.8844	95.5556	652.5644	95.0694	659.8649	94.5370	665.0480	94.5370	
16/08/2017	01:54:14	011995	G488053048HLR	L488	S		632.7016	1.0400	0.0000	99.9450	39.9712	0.8230	1.1607	5.0000	23.2986	713.0360	95.0000	16.5997	25.2000	0.9300	0.9348	0.6731	-0.0006	713.0000	715.1041	1.0272	-4.2802	99.7712	40.7237	0.8230	0.8251	5.0000	-9999.0000	-9999.0000	-9999.0000	-9999.0000	-9999.0000	-9999.0000	17.2630	6	0	26.0320	1.0000	08	2	-9999.0000	8860	37117	-9999	-9999	298	589	472.7066	5	0.6630	0.6731	-0.0006	57.1273	1.5039	653.4876	579.7129	47.5463	638.4326	95.5093	652.6800	94.8148	658.9529	94.4676	665.3079	94.6991	
16/08/2017	01:54:40	011995	G488053064HLR	L488	S		628.2524	1.0400	0.0000	99.9671	39.9780	0.8230	1.1608	5.0000	22.7884	713.1360	94.9306	13.8996	25.3000	0.9300	0.9348	0.6731	-0.0006	713.0000	713.3144	1.0272	-4.2377	99.8237	40.7353	0.8230	0.8258	5.0000	-9999.0000	-9999.0000	-9999.0000	-9999.0000	-9999.0000	-9999.0000	17.2354	7	0	26.0083	1.0000	08	2	-9999.0000	8861	37118	-9999	-9999	299	590	474.0328	5	0.6630	0.6731	-0.0006	57.1273	1.5039	659.9915	572.0611	45.1389	644.7497	95.5093	658.9067	95.0231	666.2287	94.5370	671.9622	94.5602	
16/08/2017	01:55:07	011995	G488051974HLR	L488	S		641.2936	1.0400	0.0000	99.9490	39.9840	0.8230	1.1607	5.0000	23.0085	713.0565	94.9306	12.3001	25.3000	0.9300	0.9348	0.6734	-0.0006	713.0000	716.2044	1.0272	-4.3063	99.8235	40.7389	0.8230	0.8263	5.0000	-9999.0000	-9999.0000	-9999.0000	-9999.0000	-9999.0000	-9999.0000	17.1989	8	0	27.6185	1.0000	08	2	-9999.0000	8862	37119	-9999	-9999	300	592	474.6622	5	0.6630	0.6734	-0.0006	57.2697	1.4928	669.6870	596.6399	45.4398	653.8963	95.4630	668.7208	94.9306	675.9579	94.5370	680.1176	94.6065	
16/08/2017	01:55:33	011995	G488053076HLR	L488	S		652.6545	1.0400	0.0000	99.9706	39.9849	0.8230	1.1606	5.0000	23.4889	713.0811	94.8611	7.9595	25.3000	0.9300	0.9347	0.6732	-0.0006	713.0000	711.1125	1.0272	-4.1854	99.9596	40.7058	0.8230	0.8261	5.0000	-9999.0000	-9999.0000	-9999.0000	-9999.0000	-9999.0000	-9999.0000	17.2422	1	0	25.9588	1.0000	08	2	-9999.0000	8863	37120	-9999	-9999	301	594	476.6084	5	0.6631	0.6732	-0.0006	56.7033	1.5455	683.0800	625.2369	49.5139	669.3874	95.2315	682.3558	94.5833	690.6258	94.4676	697.1747	94.7222	
16/08/2017	01:55:59	011995	G488053058HLR	L488	S		638.3515	1.0400	0.0000	99.9567	39.9922	0.8230	1.1611	5.0000	23.2882	713.0903	94.7917	9.3501	25.2000	0.9300	0.9348	0.6732	-0.0006	713.0000	714.3792	1.0272	-4.2630	99.8509	40.6797	0.8230	0.8252	5.0000	-9999.0000	-9999.0000	-9999.0000	-9999.0000	-9999.0000	-9999.0000	17.6082	2	0	25.8685	1.0000	08	2	-9999.0000	8864	37121	-9999	-9999	301	596	475.8993	5	0.6629	0.6732	-0.0006	56.3581	1.5690	677.3376	588.2149	49.0278	661.8526	95.2778	676.2657	94.7454	684.0701	94.5139	689.8316	94.5370	
16/08/2017	01:56:25	011995	G488053059HLR	L488	S		648.8185	1.0400	0.0000	99.9574	40.0000	0.8230	1.1608	5.0000	23.0152	713.1148	94.8611	10.3998	25.3000	0.9300	0.9348	0.6737	-0.0007	713.0000	713.7882	1.0272	-4.2489	99.7273	40.6731	0.8230	0.8243	5.0000	-9999.0000	-9999.0000	-9999.0000	-9999.0000	-9999.0000	-9999.0000	17.4743	3	0	26.2183	1.0000	08	2	-9999.0000	8865	37122	-9999	-9999	302	597	475.5288	5	0.6629	0.6737	-0.0007	58.2034	1.4745	673.5374	575.7033	47.5000	657.4278	95.3241	672.5438	94.8843	680.2052	94.6065	685.2129	94.6296	
16/08/2017	01:56:52	011995	G488053060HLR	L488	S		643.9602	1.0400	0.0000	99.9665	40.0000	0.8230	1.1607	5.0000	23.0293	713.0341	94.9537	11.5795	25.3000	0.9300	0.9349	0.6704	-0.0005	713.0000	713.7888	1.0272	-4.2489	99.8038	40.7199	0.8230	0.8248	5.0000	-9999.0000	-9999.0000	-9999.0000	-9999.0000	-9999.0000	-9999.0000	17.2089	4	0	26.4086	1.0000	08	2	-9999.0000	8866	37123	-9999	-9999	303	599	474.2689	5	0.6630	0.6704	-0.0005	59.1607	1.3992	671.5638	585.7687	46.0648	657.6724	95.4167	670.5699	94.9074	677.6038	94.6065	682.3739	94.6065	
16/08/2017	01:57:18	011995	G488052136HLR	L488	S		638.9086	1.0400	0.0000	99.9428	40.0000	0.8230	1.1604	5.0000	24.5884	713.0506	94.9537	12.6487	25.2000	0.9300	0.9347	0.6728	-0.0006	713.0000	713.7086	1.0272	-4.2470	100.0320	40.7443	0.8230	0.8256	5.0000	-9999.0000	-9999.0000	-9999.0000	-9999.0000	-9999.0000	-9999.0000	17.3356	5	0	25.9091	1.0000	08	2	-9999.0000	8867	37124	-9999	-9999	304	601	474.3477	5	0.6634	0.6728	-0.0006	61.9629	1.2217	666.1720	575.1569	47.8472	651.5194	95.4630	665.2758	95.0926	673.1887	94.6528	678.4671	94.6065	
16/08/2017	01:57:44	011995	G488052135HLR	L488	S		638.5152	1.0400	0.0000	99.9710	40.0099	0.8230	1.1607	5.0000	22.9777	713.0711	94.9769	13.8694	25.2000	0.9300	0.9347	0.6721	-0.0006	713.0000	712.6932	1.0272	-4.2229	99.8663	40.7466	0.8230	0.8262	5.0000	-9999.0000	-9999.0000	-9999.0000	-9999.0000	-9999.0000	-9999.0000	17.1876	6	0	26.0485	1.0000	08	2	-9999.0000	8868	37125	-9999	-9999	305	603	473.8664	5	0.6635	0.6721	-0.0006	67.2420	0.9414	662.4789	591.9024	47.2454	647.4288	95.5093	661.3583	95.0231	667.1109	94.6065	672.1992	94.6065	
16/08/2017	01:58:11	011995	G488052413HLR	L488	S		639.8008	1.0400	0.0000	99.9546	40.0166	0.8230	1.1607	5.0000	22.9037	713.0357	94.8843	13.3792	25.2000	0.9300	0.9347	0.6716	-0.0005	713.0000	712.1639	1.0272	-4.2103	99.8792	40.7245	0.8230	0.8263	5.0000	-9999.0000	-9999.0000	-9999.0000	-9999.0000	-9999.0000	-9999.0000	17.1458	7	0	27.5076	1.0000	08	2	-9999.0000	8869	37126	-9999	-9999	306	605	473.9361	5	0.6635	0.6716	-0.0005	65.2052	1.0613	665.2377	601.1455	44.9769	650.7449	95.5093	664.3701	95.0231	669.9625	94.6065	674.6416	94.5833	
