Data	Timp	Nr. masina	Nr. de serie	Tip	Productie	Comentariu	Pre-masurare Q [ml/min]	Pre-masurare Gain	Pre-masurare Offset Master	Pre-masurare P [bar]	Pre-masurare T [°C]	Pre-masurare Densitate fixa [kg/l]	Pre-masurare densitate masurata [kg/l]	Pre-masurare Timp masurare [s]	Pre-masurare Cycle time [s]	rectificare Q Oprire [ml/min]	rectificare P Oprire [bar]	rectificare Timp rectificare [s]	rectificare T [°C]	rectificare Densitate fixa [kg/l]	rectificare densitate masurata [kg/l]	rectificare Factor de masurare la rectificare	rectificare Factor de corectie a debitului	rectificare Target rectificare	Masurare Q [ml/min]	Masurare Gain	Masurare Offset Master	Masurare P [bar]	Masurare T [°C]	Masurare Densitate fixa [kg/l]	Masurare densitate masurata [kg/l]	Masurare Timp masurare [s]	Masurare Q [ml/min]	Masurare Delta Q [ml/min]	Masurare P [bar]	Masurare BP [bar]	Masurare T [°C]	Masurare Timp masurare [s]	Masurare Cycle time [s]	Nest Nr.	Cod de descarcare	Cycle time [s]	Traceability aktiv	EDM Maschine Nr	EDM Spindle Nr	Honing Rate [r	Station Counter Premeasure	Station Counter Grind	Station Counter Blowout 1	Station Counter Wash	Station Counter Measure	Station Counter Blowout 2	RealGrindQStop	Reg Type	Factor 0	Factor 1	Factor 2	Factor 3	Factor 4	G_StartQV	G_StartQV_1	G_StartQV_2	G_StartQV_3	G_StartQV_4	G_StartQV_5	
20/08/2017	00:00:05	019001	H374085414HLR	L374	S		653.7360	1.0311	0.0000	100.1214	39.5871	0.8230	0.8256	5.0000	17.0216	761.0925	94.9306	16.5118	24.3000	0.9300	0.9351	0.6686	-0.0010	761.0000	760.4137	1.0285	0.2899	99.9928	39.1118	0.8230	0.8187	5.0000	-9999.0000	-9999.0000	-9999.0000	-9999.0000	-9999.0000	-9999.0000	18.7016	2	0	28.1733	1.0000	05	1	-9999.0000	19888	48704	-9999	690	677	-9999	496.7242	5	0.6527	0.6686	-0.0010	92.5614	0.8815	664.0258	339.4040	36.5278	644.2749	95.6481	683.7740	94.9074	691.1127	95.0926	696.3998	95.0926	
20/08/2017	00:00:36	019001	H374085421HLR	L374	S		653.3003	1.0311	0.0000	99.9904	39.5863	0.8230	0.8249	5.0000	18.4425	761.1052	94.9306	16.4122	24.3000	0.9300	0.9350	0.6676	-0.0009	761.0000	761.6557	1.0285	0.3673	100.0262	39.1030	0.8230	0.8187	5.0000	-9999.0000	-9999.0000	-9999.0000	-9999.0000	-9999.0000	-9999.0000	18.7923	3	0	30.9442	1.0000	05	1	-9999.0000	19889	48705	-9999	691	678	-9999	496.9439	5	0.6527	0.6676	-0.0009	95.5132	0.7152	667.6715	322.0456	35.1389	646.9470	95.8102	688.6490	94.8148	695.4716	95.1620	700.0291	95.0694	
20/08/2017	00:01:04	019001	H374085424HLR	L374	S		650.6471	1.0311	0.0000	100.0503	39.5500	0.8230	0.8255	5.0000	17.0021	761.0586	95.0231	19.1224	24.3000	0.9300	0.9351	0.6676	-0.0009	761.0000	760.7271	1.0285	0.3095	99.9265	39.1071	0.8230	0.8188	5.0000	-9999.0000	-9999.0000	-9999.0000	-9999.0000	-9999.0000	-9999.0000	18.5725	4	0	28.8834	1.0000	05	1	-9999.0000	19890	48706	-9999	692	679	-9999	495.2564	5	0.6525	0.6676	-0.0009	96.7770	0.6367	655.8316	328.2436	36.6667	632.7415	95.6481	679.1361	94.8380	685.8649	95.1620	689.9567	95.0694	
20/08/2017	00:01:34	019001	H374085427HLR	L374	S		657.1969	1.0311	0.0000	100.0900	39.5915	0.8230	0.8253	5.0000	17.4415	761.1101	94.9306	18.2425	24.3000	0.9300	0.9352	0.6693	-0.0010	761.0000	763.5002	1.0285	0.4823	99.9664	39.1103	0.8230	0.8187	5.0000	-9999.0000	-9999.0000	-9999.0000	-9999.0000	-9999.0000	-9999.0000	18.6017	5	0	30.0632	1.0000	05	1	-9999.0000	19891	48707	-9999	693	680	-9999	495.9446	5	0.6528	0.6693	-0.0010	96.0529	0.6750	665.7032	328.7160	35.4398	644.2578	95.7176	684.7973	94.7917	693.7685	95.1852	698.8875	95.0694	
20/08/2017	00:01:59	019001	H374085433HLR	L374	S		650.9529	1.0311	0.0000	99.9925	39.5867	0.8230	0.8253	5.0000	17.4015	761.0761	94.9537	16.6817	24.3000	0.9300	0.9352	0.6669	-0.0008	761.0000	761.0260	1.0285	0.3281	99.8862	39.1096	0.8230	0.8188	5.0000	-9999.0000	-9999.0000	-9999.0000	-9999.0000	-9999.0000	-9999.0000	18.5217	6	0	24.9631	1.0000	05	1	-9999.0000	19892	48708	-9999	694	681	-9999	497.1404	5	0.6525	0.6669	-0.0008	99.7358	0.4682	666.4008	336.7589	38.1481	646.3177	95.4167	684.8397	94.8843	692.5826	95.0926	696.9995	95.1157	
20/08/2017	00:02:30	019001	H374085432HLR	L374	S		648.8389	1.0311	0.0000	99.9668	39.5533	0.8230	0.8254	5.0000	17.1622	761.0491	94.9769	18.7718	24.3000	0.9300	0.9351	0.6665	-0.0008	761.0000	761.5495	1.0285	0.3607	100.0251	39.1156	0.8230	0.8188	5.0000	-9999.0000	-9999.0000	-9999.0000	-9999.0000	-9999.0000	-9999.0000	18.5324	7	0	30.8337	1.0000	05	1	-9999.0000	19893	48709	-9999	695	682	-9999	495.6058	5	0.6524	0.6665	-0.0008	96.6073	0.6599	661.1958	348.3008	35.9491	641.4552	95.7407	680.0652	94.8843	687.1877	95.0926	691.8205	95.1157	
20/08/2017	00:03:00	019001	H374085133HLR	L374	S		651.4234	1.0311	0.0000	100.0844	39.5676	0.8230	0.8255	5.0000	17.1524	761.0606	94.9537	17.3820	24.3000	0.9300	0.9351	0.6687	-0.0009	761.0000	758.8453	1.0285	0.1922	100.0022	39.1172	0.8230	0.8190	5.0000	-9999.0000	-9999.0000	-9999.0000	-9999.0000	-9999.0000	-9999.0000	18.4016	8	0	30.1433	1.0000	05	1	-9999.0000	19894	48710	-9999	696	683	-9999	496.5449	5	0.6519	0.6687	-0.0009	96.3199	0.6660	666.5833	331.5132	35.9722	647.4538	95.7176	684.9610	94.8611	691.1941	95.1620	696.2661	95.0926	
20/08/2017	00:03:30	019001	H374085127HLR	L374	S		648.8841	1.0311	0.0000	99.9836	39.5882	0.8230	0.8253	5.0000	17.4718	761.0696	94.9769	17.8528	24.3000	0.9300	0.9351	0.6695	-0.0010	761.0000	758.3473	1.0285	0.1611	99.9490	39.1352	0.8230	0.8187	5.0000	-9999.0000	-9999.0000	-9999.0000	-9999.0000	-9999.0000	-9999.0000	18.5823	1	0	29.8845	1.0000	05	1	-9999.0000	19895	48711	-9999	697	684	-9999	496.0974	5	0.6519	0.6695	-0.0010	103.4951	0.2725	661.9184	341.8693	39.0278	641.8770	95.3704	679.8847	94.8380	686.9243	95.1157	691.8255	95.0926	
20/08/2017	00:04:27	019001	H374085105HLR	L374	S		648.5529	1.0311	0.0000	100.0096	39.5883	0.8230	0.8254	5.0000	17.3216	761.0882	94.9537	18.6820	24.4000	0.9300	0.9353	0.6676	-0.0009	761.0000	759.7230	1.0285	0.2469	99.9379	38.9680	0.8230	0.8183	5.0000	-9999.0000	-9999.0000	-9999.0000	-9999.0000	-9999.0000	-9999.0000	18.7327	3	0	30.4832	1.0000	05	1	-9999.0000	19897	48712	-9999	698	685	-9999	495.6373	5	0.6523	0.6676	-0.0009	97.3641	0.6265	662.8343	331.1907	36.8056	642.6432	95.8796	681.6777	95.0694	688.2993	95.0231	692.6998	95.0000	
20/08/2017	00:04:55	019001	H374085094HLR	L374	S		648.7756	1.0311	0.0000	99.9542	39.5676	0.8230	0.8255	5.0000	17.2120	761.1070	94.9537	18.2424	24.3000	0.9300	0.9351	0.6693	-0.0010	761.0000	759.7248	1.0285	0.2470	99.9785	39.0397	0.8230	0.8193	5.0000	-9999.0000	-9999.0000	-9999.0000	-9999.0000	-9999.0000	-9999.0000	18.4827	4	0	28.0737	1.0000	05	1	-9999.0000	19898	48713	-9999	699	686	-9999	496.1284	5	0.6524	0.6693	-0.0010	95.6412	0.7366	658.6002	327.9760	35.2083	638.0386	95.7639	680.2848	94.8148	687.5726	95.0926	692.3829	95.0926	
20/08/2017	00:05:24	019001	H374085119HLR	L374	S		652.5023	1.0311	0.0000	99.9221	39.5936	0.8230	0.8251	5.0000	17.8527	761.0931	94.9537	17.6125	24.3000	0.9300	0.9350	0.6693	-0.0010	761.0000	762.4282	1.0285	0.4155	100.0552	39.1573	0.8230	0.8191	5.0000	-9999.0000	-9999.0000	-9999.0000	-9999.0000	-9999.0000	-9999.0000	18.4622	5	0	29.0339	1.0000	05	1	-9999.0000	19899	48714	-9999	699	687	-9999	496.6812	5	0.6524	0.6693	-0.0010	95.6412	0.7366	658.1069	321.3307	36.5046	635.7026	95.5787	682.7626	95.0694	689.7628	95.0463	694.7625	95.0926	
20/08/2017	00:05:53	019001	H374085120HLR	L374	S		658.0538	1.0311	0.0000	100.0833	39.5723	0.8230	0.8254	5.0000	17.0918	761.0697	94.8843	14.7117	24.3000	0.9300	0.9350	0.6693	-0.0010	761.0000	762.2246	1.0285	0.4028	100.0511	39.1312	0.8230	0.8189	5.0000	-9999.0000	-9999.0000	-9999.0000	-9999.0000	-9999.0000	-9999.0000	18.4620	6	0	28.8726	1.0000	05	1	-9999.0000	19900	48715	-9999	700	688	-9999	498.7946	5	0.6524	0.6693	-0.0010	95.6412	0.7366	670.0348	317.3337	36.7361	648.8279	95.7870	694.3381	94.7917	701.9953	95.0926	707.1822	95.1157	
20/08/2017	00:06:21	019001	H374085122HLR	L374	S		649.8682	1.0311	0.0000	99.9708	39.5676	0.8230	0.8254	5.0000	17.3018	761.0898	94.9537	18.3020	24.3000	0.9300	0.9351	0.6662	-0.0008	761.0000	760.2454	1.0285	0.2794	99.9018	39.1086	0.8230	0.8188	5.0000	-9999.0000	-9999.0000	-9999.0000	-9999.0000	-9999.0000	-9999.0000	18.4924	7	0	28.0943	1.0000	05	1	-9999.0000	19901	48716	-9999	701	689	-9999	496.1878	5	0.6524	0.6662	-0.0008	88.8173	1.1564	662.2903	326.8699	35.0000	640.6360	95.8333	684.2253	95.0926	690.5203	95.0463	695.2111	95.1157	
20/08/2017	00:06:48	019001	H374085093HLR	L374	S		653.5304	1.0311	0.0000	100.0275	39.5691	0.8230	0.8253	5.0000	17.5021	761.0878	94.9306	16.5118	24.4000	0.9300	0.9351	0.6661	-0.0008	761.0000	760.6426	1.0285	0.3042	100.0845	39.1088	0.8230	0.8189	5.0000	-9999.0000	-9999.0000	-9999.0000	-9999.0000	-9999.0000	-9999.0000	18.5023	8	0	26.8626	1.0000	05	1	-9999.0000	19902	48717	-9999	702	690	-9999	497.3881	5	0.6522	0.6661	-0.0008	93.4572	0.9169	668.6009	327.7967	36.1343	648.0929	95.5093	690.0726	94.8380	697.8759	95.1389	701.9699	95.1157	
20/08/2017	00:07:15	019001	H374085111HLR	L374	S		653.4873	1.0311	0.0000	100.0055	39.6000	0.8230	0.8253	5.0000	17.4523	761.0840	94.9537	16.8819	24.4000	0.9300	0.9352	0.6664	-0.0008	761.0000	760.9627	1.0285	0.3241	99.8880	39.1175	0.8230	0.8189	5.0000	-9999.0000	-9999.0000	-9999.0000	-9999.0000	-9999.0000	-9999.0000	18.5519	1	0	27.1233	1.0000	05	1	-9999.0000	19903	48718	-9999	703	691	-9999	497.0725	5	0.6524	0.6664	-0.0008	83.6653	1.4457	668.0709	341.7328	37.0370	648.0345	95.4398	686.9451	94.8843	693.8166	95.1157	699.1651	95.1157	
20/08/2017	00:07:43	019001	H374085097HLR	L374	S		653.6553	1.0311	0.0000	99.9949	39.5867	0.8230	0.8253	5.0000	17.4620	761.0570	94.9306	17.3517	24.4000	0.9300	0.9352	0.6652	-0.0007	761.0000	759.8794	1.0285	0.2566	99.9176	39.1277	0.8230	0.8189	5.0000	-9999.0000	-9999.0000	-9999.0000	-9999.0000	-9999.0000	-9999.0000	18.6624	2	0	27.9840	1.0000	05	1	-9999.0000	19904	48719	-9999	704	692	-9999	496.8524	5	0.6526	0.6652	-0.0007	76.5693	1.8687	668.0985	353.0412	37.7083	647.8650	95.3241	687.2000	94.8611	694.6563	95.1852	699.0718	95.0694	
20/08/2017	00:08:13	019001	H374085389HLR	L374	S		654.2393	1.0311	0.0000	99.9373	39.5899	0.8230	0.8253	5.0000	17.4720	761.0535	94.9306	15.9521	24.4000	0.9300	0.9351	0.6652	-0.0007	761.0000	761.5946	1.0285	0.3635	100.0243	39.1366	0.8230	0.8189	5.0000	-9999.0000	-9999.0000	-9999.0000	-9999.0000	-9999.0000	-9999.0000	18.5714	3	0	30.1033	1.0000	05	1	-9999.0000	19905	48720	-9999	705	693	-9999	497.6688	5	0.6526	0.6652	-0.0007	76.5693	1.8687	673.0257	340.3123	38.4491	653.6008	95.3241	691.9767	95.0231	699.2314	95.0926	704.4492	95.0694	
20/08/2017	00:08:43	019001	H374085407HLR	L374	S		660.5806	1.0311	0.0000	100.0171	39.5930	0.8230	0.8252	5.0000	17.4317	761.0665	94.8843	15.0419	24.4000	0.9300	0.9352	0.6621	-0.0005	761.0000	761.4668	1.0285	0.3556	100.0385	39.1309	0.8230	0.8188	5.0000	-9999.0000	-9999.0000	-9999.0000	-9999.0000	-9999.0000	-9999.0000	18.6526	4	0	29.9137	1.0000	05	1	-9999.0000	19906	48721	-9999	706	694	-9999	498.1250	5	0.6530	0.6621	-0.0005	75.9710	1.8993	678.5747	328.3608	36.4120	656.9077	95.4861	701.9246	94.8611	708.4453	95.1620	712.8369	95.0694	
20/08/2017	00:09:14	019001	H374085393HLR	L374	S		656.8473	1.0311	0.0000	99.9223	39.5818	0.8230	0.8254	5.0000	17.0822	761.0806	94.8843	14.9120	24.4000	0.9300	0.9351	0.6622	-0.0005	761.0000	760.3695	1.0285	0.2872	99.8996	39.1167	0.8230	0.8187	5.0000	-9999.0000	-9999.0000	-9999.0000	-9999.0000	-9999.0000	-9999.0000	18.6213	5	0	30.3738	1.0000	05	1	-9999.0000	19907	48722	-9999	707	695	-9999	498.2182	5	0.6530	0.6622	-0.0005	75.0621	1.9453	675.9342	333.8286	36.4352	654.1949	95.6713	698.5028	94.8380	705.7199	95.1389	710.5228	95.0926	
20/08/2017	00:09:42	019001	H374085087HLR	L374	S		660.5055	1.0311	0.0000	100.0459	39.5882	0.8230	0.8252	5.0000	17.6418	761.0971	94.9074	16.1817	24.4000	0.9300	0.9351	0.6610	-0.0004	761.0000	762.2242	1.0285	0.4028	99.9361	39.1167	0.8230	0.8188	5.0000	-9999.0000	-9999.0000	-9999.0000	-9999.0000	-9999.0000	-9999.0000	18.6224	6	0	28.0130	1.0000	05	1	-9999.0000	19908	48723	-9999	708	696	-9999	497.8151	5	0.6533	0.6610	-0.0004	76.7996	1.8341	675.5936	332.7020	36.0417	654.7213	95.7176	698.7741	94.7917	705.0105	95.1389	709.0973	95.1157	
20/08/2017	00:10:13	019001	H374085403HLR	L374	S		648.8731	1.0311	0.0000	99.9124	39.5915	0.8230	0.8252	5.0000	17.9416	761.0587	94.9537	17.9622	24.3000	0.9300	0.9349	0.6606	-0.0004	761.0000	759.4445	1.0285	0.2295	99.8748	39.1277	0.8230	0.8188	5.0000	-9999.0000	-9999.0000	-9999.0000	-9999.0000	-9999.0000	-9999.0000	18.6224	7	0	31.7139	1.0000	05	1	-9999.0000	19909	48724	-9999	709	696	-9999	497.0719	5	0.6533	0.6606	-0.0004	78.5732	1.7459	666.0720	332.1175	37.0833	645.0119	95.5324	688.8371	94.8148	695.5770	95.2083	699.0547	95.0926	
20/08/2017	00:10:45	019001	H374085429HLR	L374	S		649.8271	1.0311	0.0000	100.0780	39.5970	0.8230	0.8254	5.0000	17.4123	761.0690	95.0000	18.1819	24.3000	0.9300	0.9351	0.6620	-0.0005	761.0000	760.1704	1.0285	0.2748	99.9651	39.1333	0.8230	0.8189	5.0000	-9999.0000	-9999.0000	-9999.0000	-9999.0000	-9999.0000	-9999.0000	18.5422	8	0	31.4237	1.0000	05	1	-9999.0000	19910	48724	-9999	710	697	-9999	496.9328	5	0.6535	0.6620	-0.0005	74.8918	1.9489	665.3939	330.5326	34.9537	644.2191	95.8102	687.4679	95.0231	693.7011	95.0694	698.1823	95.0926	
20/08/2017	00:11:14	019001	H374085398HLR	L374	S		654.2344	1.0311	0.0000	99.9814	39.5974	0.8230	0.8252	5.0000	17.6917	761.0788	94.9306	18.2220	24.3000	0.9300	0.9350	0.6634	-0.0006	761.0000	762.9275	1.0285	0.4466	99.9889	39.1114	0.8230	0.8186	5.0000	-9999.0000	-9999.0000	-9999.0000	-9999.0000	-9999.0000	-9999.0000	18.6721	1	0	29.5935	1.0000	05	1	-9999.0000	19911	48725	-9999	711	698	-9999	496.8767	5	0.6535	0.6634	-0.0006	72.4634	2.0586	667.5070	327.6425	34.4213	645.2678	95.3009	689.3305	94.9074	696.6670	95.1620	700.7710	95.0694	
20/08/2017	00:11:44	019001	H374085413HLR	L374	S		654.1480	1.0311	0.0000	100.0513	39.5929	0.8230	0.8254	5.0000	17.0724	761.0921	94.9306	16.3223	24.3000	0.9300	0.9349	0.6634	-0.0006	761.0000	762.2586	1.0285	0.4049	99.9736	39.1009	0.8230	0.8187	5.0000	-9999.0000	-9999.0000	-9999.0000	-9999.0000	-9999.0000	-9999.0000	18.6721	2	0	29.4840	1.0000	05	1	-9999.0000	19912	48726	-9999	712	699	-9999	497.5176	5	0.6535	0.6634	-0.0006	72.4634	2.0586	671.2474	326.5241	37.4769	650.0354	95.3472	691.9690	94.9074	699.1963	95.1620	703.6662	95.0463	
20/08/2017	00:12:13	019001	H374085423HLR	L374	S		645.1389	1.0311	0.0000	99.9997	39.5770	0.8230	0.8254	5.0000	17.0919	761.0570	95.0000	19.5522	24.3000	0.9300	0.9351	0.6582	-0.0003	761.0000	761.6898	1.0285	0.3695	99.9770	39.1060	0.8230	0.8188	5.0000	-9999.0000	-9999.0000	-9999.0000	-9999.0000	-9999.0000	-9999.0000	18.6916	3	0	29.5338	1.0000	05	1	-9999.0000	19913	48727	-9999	713	700	-9999	496.7888	5	0.6538	0.6582	-0.0003	73.3197	2.0331	664.2065	326.2592	35.4398	643.4700	95.6481	684.3637	94.8611	691.5282	95.1157	695.0000	95.0926	
20/08/2017	00:12:42	019001	H374085114HLR	L374	S		646.8041	1.0311	0.0000	100.0079	39.5612	0.8230	0.8254	5.0000	17.2617	761.0778	95.0000	19.6528	24.3000	0.9300	0.9350	0.6586	-0.0003	761.0000	760.7788	1.0285	0.3127	100.0580	39.1127	0.8230	0.8188	5.0000	-9999.0000	-9999.0000	-9999.0000	-9999.0000	-9999.0000	-9999.0000	18.6417	4	0	29.0934	1.0000	05	1	-9999.0000	19914	48727	-9999	714	701	-9999	497.0442	5	0.6537	0.6586	-0.0003	68.6647	2.2612	667.0811	340.4148	37.8472	647.4371	95.3935	684.8721	94.8611	691.4392	95.1389	695.7158	95.0694	
20/08/2017	00:13:12	019001	H374085540HLR	L374	S		654.1655	1.0311	0.0000	100.0190	39.5927	0.8230	0.8251	5.0000	17.8615	761.0850	94.9537	17.4123	24.3000	0.9300	0.9351	0.6595	-0.0004	761.0000	761.2181	1.0285	0.3401	99.9444	39.1179	0.8230	0.8188	5.0000	-9999.0000	-9999.0000	-9999.0000	-9999.0000	-9999.0000	-9999.0000	18.5519	5	0	29.1334	1.0000	05	1	-9999.0000	19915	48728	-9999	715	702	-9999	497.4559	5	0.6535	0.6595	-0.0004	69.5477	2.2145	671.3816	329.2176	35.9954	650.4690	95.5787	692.7607	94.7685	699.4584	95.1852	703.3771	95.0694	
20/08/2017	00:13:43	019001	H374085584HLR	L374	S		656.5547	1.0311	0.0000	99.9552	39.5739	0.8230	0.8254	5.0000	17.0723	761.0515	94.9769	17.6731	24.3000	0.9300	0.9350	0.6603	-0.0004	761.0000	763.5469	1.0285	0.4852	100.0024	39.1110	0.8230	0.8188	5.0000	-9999.0000	-9999.0000	-9999.0000	-9999.0000	-9999.0000	-9999.0000	18.5022	6	0	31.8741	1.0000	05	1	-9999.0000	19916	48729	-9999	716	703	-9999	497.1594	5	0.6534	0.6603	-0.0004	61.9074	2.6821	671.3082	331.4175	36.9907	648.8664	95.4398	693.6597	94.7685	700.6033	95.2083	704.5343	95.0926	
20/08/2017	00:14:14	019001	H374085580HLR	L374	S		656.2560	1.0311	0.0000	99.9757	39.5564	0.8230	0.8253	5.0000	17.2814	761.0501	94.9537	17.3820	24.3000	0.9300	0.9350	0.6588	-0.0003	761.0000	763.0756	1.0285	0.4558	99.9972	39.1111	0.8230	0.8187	5.0000	-9999.0000	-9999.0000	-9999.0000	-9999.0000	-9999.0000	-9999.0000	18.5823	7	0	31.0730	1.0000	05	1	-9999.0000	19917	48730	-9999	717	704	-9999	497.2197	5	0.6534	0.6588	-0.0003	63.0581	2.6255	671.3423	330.5733	36.3889	649.1777	95.5324	693.8596	94.7685	700.6597	95.2083	704.4258	95.0926	
20/08/2017	00:14:44	019001	H374085544HLR	L374	S		655.8716	1.0311	0.0000	99.8854	39.5692	0.8230	0.8254	5.0000	17.1017	761.0579	94.9537	17.5920	24.3000	0.9300	0.9351	0.6591	-0.0003	761.0000	763.0296	1.0285	0.4529	99.9611	39.1048	0.8230	0.8187	5.0000	-9999.0000	-9999.0000	-9999.0000	-9999.0000	-9999.0000	-9999.0000	18.6526	8	0	29.6734	1.0000	05	1	-9999.0000	19918	48731	-9999	718	705	-9999	497.2211	5	0.6534	0.6591	-0.0003	60.2504	2.7601	670.1989	330.6483	34.9074	647.6303	95.6713	691.8751	94.8843	698.0485	95.1157	702.2840	95.0926	
20/08/2017	00:15:10	019001	H374085223HLR	L374	S		657.7175	1.0311	0.0000	99.8551	39.5883	0.8230	0.8250	5.0000	18.1417	761.0819	94.9769	16.9415	24.3000	0.9300	0.9350	0.6590	-0.0003	761.0000	762.8690	1.0285	0.4429	100.0335	39.1012	0.8230	0.8190	5.0000	-9999.0000	-9999.0000	-9999.0000	-9999.0000	-9999.0000	-9999.0000	18.4818	1	0	25.6039	1.0000	05	1	-9999.0000	19919	48732	-9999	718	706	-9999	497.4582	5	0.6531	0.6590	-0.0003	62.5320	2.6254	675.7420	331.9209	35.3704	654.9027	95.5324	695.6668	94.8843	703.0845	95.0694	706.8892	95.0694	
20/08/2017	00:15:39	019001	H374085535HLR	L374	S		645.8886	1.0311	0.0000	100.0207	39.5819	0.8230	0.8254	5.0000	17.2424	761.0482	95.0000	20.3521	24.3000	0.9300	0.9351	0.6527	0.0000	761.0000	763.3328	1.0285	0.4718	100.0149	39.1117	0.8230	0.8189	5.0000	-9999.0000	-9999.0000	-9999.0000	-9999.0000	-9999.0000	-9999.0000	18.4417	2	0	29.5033	1.0000	05	1	-9999.0000	19920	48733	-9999	719	707	-9999	496.3987	5	0.6527	0.6527	0.0000	42.8100	3.6890	661.2111	330.7736	36.3426	639.5622	95.6250	682.8315	94.8148	689.9841	95.1852	693.6151	95.0926	
20/08/2017	00:16:11	019001	H374085548HLR	L374	S		650.7974	1.0311	0.0000	99.9719	39.5930	0.8230	0.8253	5.0000	17.3420	761.0558	94.9769	18.9320	24.3000	0.9300	0.9350	0.6527	0.0000	761.0000	762.6102	1.0285	0.4268	99.9901	39.1120	0.8230	0.8189	5.0000	-9999.0000	-9999.0000	-9999.0000	-9999.0000	-9999.0000	-9999.0000	18.6027	3	0	31.8339	1.0000	05	1	-9999.0000	19921	48733	-9999	720	708	-9999	496.8166	5	0.6526	0.6527	0.0000	43.9657	3.6230	671.6720	329.0771	34.6065	650.6583	95.5324	693.9749	94.9306	699.5697	95.0463	702.3974	95.1157	
20/08/2017	00:16:41	019001	H374085568HLR	L374	S		651.8517	1.0311	0.0000	100.0382	39.5612	0.8230	0.8254	5.0000	17.0724	761.0787	94.9537	18.1516	24.3000	0.9300	0.9351	0.6527	0.0000	761.0000	762.8261	1.0285	0.4403	99.9874	39.1146	0.8230	0.8187	5.0000	-9999.0000	-9999.0000	-9999.0000	-9999.0000	-9999.0000	-9999.0000	18.5922	4	0	29.8436	1.0000	05	1	-9999.0000	19922	48734	-9999	721	709	-9999	496.8424	5	0.6523	0.6527	0.0000	41.9393	3.7197	677.6033	346.0381	37.7083	658.2134	95.2778	696.2826	94.8148	702.9035	95.1852	706.8775	95.0926	
20/08/2017	00:17:37	019001	H374085564HLR	L374	S		654.6258	1.0311	0.0000	99.9554	39.5724	0.8230	0.8252	5.0000	17.6124	761.0614	94.9537	18.0315	24.3000	0.9300	0.9354	0.6557	-0.0002	761.0000	762.2467	1.0285	0.4042	99.9909	38.9404	0.8230	0.8183	5.0000	-9999.0000	-9999.0000	-9999.0000	-9999.0000	-9999.0000	-9999.0000	18.7327	6	0	27.6840	1.0000	05	1	-9999.0000	19924	48735	-9999	723	710	-9999	496.2452	5	0.6520	0.6557	-0.0002	46.1354	3.4765	675.3136	320.1984	37.2685	654.1224	95.7407	696.5362	94.8380	702.3354	95.0694	706.3057	95.0463	
20/08/2017	00:18:06	019001	H374084818HLR	L374	S		648.3074	1.0311	0.0000	99.9499	39.5691	0.8230	0.8254	5.0000	17.5021	761.0705	94.9769	19.6625	24.3000	0.9300	0.9351	0.6560	-0.0002	761.0000	762.7163	1.0285	0.4334	100.0579	39.0388	0.8230	0.8193	5.0000	-9999.0000	-9999.0000	-9999.0000	-9999.0000	-9999.0000	-9999.0000	18.4417	7	0	28.5326	1.0000	05	1	-9999.0000	19925	48736	-9999	724	711	-9999	496.0207	5	0.6519	0.6560	-0.0002	46.1678	3.4803	667.0053	336.9692	35.6250	644.4346	95.7870	688.2933	94.8148	694.6681	95.1620	698.6639	95.0463	
20/08/2017	00:18:36	019001	H374085576HLR	L374	S		651.1145	1.0311	0.0000	99.9353	39.5979	0.8230	0.8252	5.0000	17.5627	761.0797	94.9537	18.4026	24.3000	0.9300	0.9350	0.6560	-0.0002	761.0000	761.5525	1.0285	0.3609	99.8356	39.1372	0.8230	0.8192	5.0000	-9999.0000	-9999.0000	-9999.0000	-9999.0000	-9999.0000	-9999.0000	18.4925	8	0	29.7243	1.0000	05	1	-9999.0000	19926	48737	-9999	725	712	-9999	495.9633	5	0.6519	0.6560	-0.0002	46.1678	3.4803	668.8436	332.7459	34.2361	647.3702	95.6481	691.3842	94.8148	697.7464	95.0926	702.2262	95.0926	
20/08/2017	00:19:04	019001	H374085572HLR	L374	S		657.9389	1.0311	0.0000	100.0572	39.5500	0.8230	0.8253	5.0000	17.1320	761.0691	94.9537	16.6720	24.3000	0.9300	0.9352	0.6590	-0.0004	761.0000	762.6595	1.0285	0.4299	99.9583	39.1277	0.8230	0.8188	5.0000	-9999.0000	-9999.0000	-9999.0000	-9999.0000	-9999.0000	-9999.0000	18.6321	1	0	28.5327	1.0000	05	1	-9999.0000	19927	48738	-9999	726	713	-9999	496.2747	5	0.6518	0.6590	-0.0004	45.9612	3.4860	677.0475	339.3055	35.5324	654.8665	95.5787	699.4499	95.0463	706.2742	95.0926	710.0815	95.0926	
20/08/2017	00:19:33	019001	H374085560HLR	L374	S		655.9492	1.0311	0.0000	99.9716	39.5500	0.8230	0.8253	5.0000	17.3624	761.0846	94.9306	16.1621	24.3000	0.9300	0.9351	0.6590	-0.0004	761.0000	760.1143	1.0285	0.2713	99.9754	39.0924	0.8230	0.8187	5.0000	-9999.0000	-9999.0000	-9999.0000	-9999.0000	-9999.0000	-9999.0000	18.5424	2	0	29.2443	1.0000	05	1	-9999.0000	19928	48739	-9999	727	714	-9999	496.4041	5	0.6518	0.6590	-0.0004	45.9612	3.4860	673.1679	335.8293	35.1389	651.3124	95.5787	697.1836	94.8380	703.4756	95.1852	708.2143	95.0694	
20/08/2017	00:20:04	019001	H374085552HLR	L374	S		657.3238	1.0311	0.0000	100.0082	39.5644	0.8230	0.8252	5.0000	17.6514	761.0980	94.9306	16.4317	24.3000	0.9300	0.9352	0.6599	-0.0005	761.0000	761.3209	1.0285	0.3465	99.9726	39.0887	0.8230	0.8189	5.0000	-9999.0000	-9999.0000	-9999.0000	-9999.0000	-9999.0000	-9999.0000	18.5035	3	0	30.3137	1.0000	05	1	-9999.0000	19929	48740	-9999	728	715	-9999	496.3605	5	0.6512	0.6599	-0.0005	44.2024	3.5829	676.7883	345.2123	37.5000	656.3819	95.2778	696.2875	94.8611	703.9029	95.0926	707.6626	95.0926	
20/08/2017	00:20:33	019001	H374084916HLR	L374	S		650.1860	1.0311	0.0000	100.1155	39.5898	0.8230	0.8252	5.0000	17.8225	761.0682	94.9537	18.2122	24.3000	0.9300	0.9351	0.6604	-0.0005	761.0000	760.0234	1.0285	0.2656	99.9893	39.1007	0.8230	0.8188	5.0000	-9999.0000	-9999.0000	-9999.0000	-9999.0000	-9999.0000	-9999.0000	18.5324	4	0	29.7029	1.0000	03	2	-9999.0000	19930	48741	-9999	729	716	-9999	495.7107	5	0.6512	0.6604	-0.0005	46.6785	3.4558	666.9730	334.9973	34.4213	645.1357	95.3935	687.9181	94.8843	694.8704	95.1852	698.4963	95.0926	
20/08/2017	00:21:05	019001	H374085203HLR	L374	S		659.9632	1.0311	0.0000	100.0451	39.5958	0.8230	0.8254	5.0000	17.1015	761.0430	94.9306	16.4024	24.3000	0.9300	0.9351	0.6625	-0.0006	761.0000	761.9496	1.0285	0.3856	100.0851	39.0980	0.8230	0.8187	5.0000	-9999.0000	-9999.0000	-9999.0000	-9999.0000	-9999.0000	-9999.0000	18.7318	5	0	31.2246	1.0000	05	1	-9999.0000	19931	48742	-9999	730	717	-9999	496.4007	5	0.6513	0.6625	-0.0006	49.5802	3.3047	675.7964	332.1927	34.5833	654.9387	95.5093	696.7011	94.8148	703.3307	95.1852	707.2461	95.1157	
20/08/2017	00:21:33	019001	H374084910HLR	L374	S		649.8490	1.0311	0.0000	100.0451	39.5787	0.8230	0.8254	5.0000	17.0918	761.0549	94.9537	17.7727	24.3000	0.9300	0.9351	0.6608	-0.0005	761.0000	759.7863	1.0285	0.2508	99.9686	39.0976	0.8230	0.8188	5.0000	-9999.0000	-9999.0000	-9999.0000	-9999.0000	-9999.0000	-9999.0000	18.6117	6	0	28.2828	1.0000	03	2	-9999.0000	19932	48743	-9999	731	718	-9999	496.0001	5	0.6514	0.6608	-0.0005	50.3213	3.2695	665.7652	328.9054	36.1343	644.1487	95.5324	685.6338	94.7917	692.6477	95.1620	697.5286	95.0926	
20/08/2017	00:22:02	019001	H374084918HLR	L374	S		649.5113	1.0311	0.0000	99.9710	39.5500	0.8230	0.8253	5.0000	17.2716	761.0599	94.9769	18.1926	24.3000	0.9300	0.9351	0.6603	-0.0005	761.0000	760.1952	1.0285	0.2763	99.8756	39.1014	0.8230	0.8187	5.0000	-9999.0000	-9999.0000	-9999.0000	-9999.0000	-9999.0000	-9999.0000	18.6322	7	0	28.9935	1.0000	03	2	-9999.0000	19933	48744	-9999	732	719	-9999	495.7751	5	0.6514	0.6603	-0.0005	50.5216	3.2598	666.2560	328.9595	36.8287	644.9492	95.4167	687.5712	94.8611	694.5007	95.2083	698.9177	95.0926	
20/08/2017	00:22:30	019001	H374084922HLR	L374	S		650.5081	1.0311	0.0000	100.0191	39.5675	0.8230	0.8252	5.0000	17.6320	761.0615	94.9306	17.9817	24.3000	0.9300	0.9351	0.6575	-0.0003	761.0000	760.1022	1.0285	0.2705	99.9835	39.1057	0.8230	0.8189	5.0000	-9999.0000	-9999.0000	-9999.0000	-9999.0000	-9999.0000	-9999.0000	18.4623	8	0	28.1040	1.0000	03	2	-9999.0000	19934	48745	-9999	733	720	-9999	495.8853	5	0.6515	0.6575	-0.0003	51.2633	3.2098	666.9393	325.0333	34.9306	645.9708	95.6019	688.5288	94.7454	694.8169	95.2083	699.1001	95.1157	
20/08/2017	00:22:56	019001	H374084923HLR	L374	S		650.8400	1.0311	0.0000	100.0733	39.5898	0.8230	0.8253	5.0000	17.3019	761.0963	94.9537	19.0424	24.3000	0.9300	0.9352	0.6584	-0.0004	761.0000	760.2944	1.0285	0.2825	99.9790	39.1120	0.8230	0.8188	5.0000	-9999.0000	-9999.0000	-9999.0000	-9999.0000	-9999.0000	-9999.0000	18.6321	1	0	25.6331	1.0000	03	2	-9999.0000	19935	48746	-9999	734	721	-9999	495.5546	5	0.6516	0.6584	-0.0004	49.8083	3.2997	665.2977	326.4572	34.2130	643.8855	95.4861	687.0309	94.8148	693.7689	95.1852	697.6889	95.0694	
20/08/2017	00:23:24	019001	H374084924HLR	L374	S		654.8241	1.0311	0.0000	99.9273	39.5803	0.8230	0.8253	5.0000	17.3019	761.0680	94.9306	16.7423	24.3000	0.9300	0.9350	0.6575	-0.0003	761.0000	759.4633	1.0285	0.2307	99.9874	39.1128	0.8230	0.8188	5.0000	-9999.0000	-9999.0000	-9999.0000	-9999.0000	-9999.0000	-9999.0000	18.6418	2	0	28.7827	1.0000	03	2	-9999.0000	19936	48747	-9999	734	722	-9999	496.2136	5	0.6517	0.6575	-0.0003	50.8870	3.2399	670.3441	332.0081	35.0694	648.1923	95.6019	693.4450	94.7222	700.6223	95.1389	705.0592	95.1157	
20/08/2017	00:23:54	019001	H374084915HLR	L374	S		652.4652	1.0311	0.0000	99.9769	39.5596	0.8230	0.8254	5.0000	17.0724	761.1094	94.9306	16.8019	24.3000	0.9300	0.9350	0.6567	-0.0003	761.0000	759.7269	1.0285	0.2471	100.0806	39.1213	0.8230	0.8190	5.0000	-9999.0000	-9999.0000	-9999.0000	-9999.0000	-9999.0000	-9999.0000	18.5934	3	0	29.1735	1.0000	03	2	-9999.0000	19937	48748	-9999	735	723	-9999	496.2951	5	0.6518	0.6567	-0.0003	52.9514	3.1404	672.9942	335.0906	37.3148	652.4814	95.3241	694.1714	94.8148	700.3639	95.2315	704.7626	95.0926	
20/08/2017	00:24:26	019001	H374084833HLR	L374	S		654.6031	1.0311	0.0000	99.9945	39.5516	0.8230	0.8248	5.0000	18.6224	761.0585	94.9074	16.6026	24.3000	0.9300	0.9351	0.6521	-0.0000	761.0000	760.2841	1.0285	0.2818	99.9210	39.1360	0.8230	0.8187	5.0000	-9999.0000	-9999.0000	-9999.0000	-9999.0000	-9999.0000	-9999.0000	18.7219	4	0	32.3241	1.0000	03	2	-9999.0000	19938	48749	-9999	736	724	-9999	496.3776	5	0.6520	0.6521	-0.0000	47.5820	3.4446	676.2537	328.3389	36.6898	654.4419	95.5556	697.8967	94.8380	705.2102	95.1157	708.0222	95.0231	
20/08/2017	00:25:27	019001	H374084795HLR	L374	S		652.7449	1.0311	0.0000	99.8917	39.6164	0.8230	0.8255	5.0000	17.1622	761.0510	94.9537	17.2619	24.4000	0.9300	0.9354	0.6577	-0.0003	761.0000	759.7501	1.0285	0.2486	100.0002	38.9629	0.8230	0.8184	5.0000	-9999.0000	-9999.0000	-9999.0000	-9999.0000	-9999.0000	-9999.0000	18.6117	6	0	29.3532	1.0000	03	2	-9999.0000	19940	48750	-9999	738	725	-9999	496.4199	5	0.6525	0.6577	-0.0003	47.2608	3.4696	678.5052	324.0156	35.0000	657.4517	96.0880	699.0070	95.0463	704.7910	95.0000	708.8419	95.0231	
20/08/2017	00:25:58	019001	H374084823HLR	L374	S		653.4649	1.0311	0.0000	100.0627	39.6080	0.8230	0.8254	5.0000	17.1925	761.0723	94.9537	17.0021	24.3000	0.9300	0.9352	0.6566	-0.0002	761.0000	760.5838	1.0285	0.3005	99.9599	39.0552	0.8230	0.8192	5.0000	-9999.0000	-9999.0000	-9999.0000	-9999.0000	-9999.0000	-9999.0000	18.4623	7	0	30.8639	1.0000	03	2	-9999.0000	19941	48751	-9999	739	726	-9999	496.7620	5	0.6524	0.6566	-0.0002	45.1045	3.5944	672.2413	335.0497	35.3009	650.6359	95.6944	694.8868	95.0231	700.7920	95.0694	704.7211	95.0463	
20/08/2017	00:26:27	019001	H374084831HLR	L374	S		654.1099	1.0311	0.0000	99.9550	39.5866	0.8230	0.8252	5.0000	17.4123	761.0679	94.9769	20.8433	24.3000	0.9300	0.9352	0.6566	-0.0002	761.0000	767.7602	1.0285	0.7478	99.9087	39.1310	0.8230	0.8190	5.0000	-9999.0000	-9999.0000	-9999.0000	-9999.0000	-9999.0000	-9999.0000	18.4817	8	0	29.3229	1.0000	03	2	-9999.0000	19942	48752	-9999	740	727	-9999	496.0109	5	0.6524	0.6566	-0.0002	45.1045	3.5944	646.3160	340.1281	36.4120	625.7831	95.6250	669.0870	94.7917	677.6357	95.1620	684.9384	95.0463	
20/08/2017	00:26:57	019001	H374084803HLR	L374	S		646.8132	1.0311	0.0000	100.0825	39.5500	0.8230	0.8253	5.0000	17.4523	761.0613	95.0000	19.6928	24.3000	0.9300	0.9350	0.6650	-0.0007	761.0000	761.5517	1.0285	0.3608	99.9369	39.1137	0.8230	0.8187	5.0000	-9999.0000	-9999.0000	-9999.0000	-9999.0000	-9999.0000	-9999.0000	18.6322	1	0	29.6042	1.0000	03	2	-9999.0000	19943	48753	-9999	741	728	-9999	496.2073	5	0.6526	0.6650	-0.0007	45.6408	3.5647	666.2646	332.8652	37.8009	645.9277	95.3472	686.9545	94.8148	693.0440	95.1389	697.4422	95.1157	
20/08/2017	00:27:26	019001	H374084802HLR	L374	S		647.9140	1.0311	0.0000	100.0202	39.5916	0.8230	0.8254	5.0000	17.0215	761.0963	94.9769	17.8723	24.3000	0.9300	0.9351	0.6643	-0.0007	761.0000	759.4423	1.0285	0.2294	100.0513	39.0931	0.8230	0.8188	5.0000	-9999.0000	-9999.0000	-9999.0000	-9999.0000	-9999.0000	-9999.0000	18.6321	2	0	29.3835	1.0000	03	2	-9999.0000	19944	48754	-9999	742	729	-9999	496.7170	5	0.6527	0.6643	-0.0007	41.2180	3.8325	661.0340	333.6316	37.3843	639.6962	95.3935	682.9426	94.7917	690.4939	95.2083	695.2215	95.0463	
20/08/2017	00:27:57	019001	H374084792HLR	L374	S		646.5724	1.0311	0.0000	100.0442	39.5866	0.8230	0.8251	5.0000	17.7120	761.0555	94.9769	18.6624	24.3000	0.9300	0.9351	0.6644	-0.0007	761.0000	760.3849	1.0285	0.2881	99.9071	39.1016	0.8230	0.8188	5.0000	-9999.0000	-9999.0000	-9999.0000	-9999.0000	-9999.0000	-9999.0000	18.6224	3	0	30.8240	1.0000	03	2	-9999.0000	19945	48755	-9999	743	730	-9999	496.2935	5	0.6522	0.6644	-0.0007	75.8153	1.8351	657.9618	326.1273	35.5324	636.1601	95.6481	681.2784	94.7685	688.9334	95.1852	692.4884	95.0463	
20/08/2017	00:28:26	019001	H374084828HLR	L374	S		651.5532	1.0311	0.0000	99.9385	39.5500	0.8230	0.8254	5.0000	17.1622	761.0856	94.9537	17.8323	24.3000	0.9300	0.9350	0.6634	-0.0006	761.0000	760.9846	1.0285	0.3255	99.9685	39.1038	0.8230	0.8188	5.0000	-9999.0000	-9999.0000	-9999.0000	-9999.0000	-9999.0000	-9999.0000	18.5229	4	0	28.3336	1.0000	03	2	-9999.0000	19946	48756	-9999	744	731	-9999	496.7441	5	0.6521	0.6634	-0.0006	70.7253	2.1245	664.1159	327.4049	36.3194	642.4055	95.4630	686.2166	94.7917	692.9757	95.1852	697.6007	95.0694	
20/08/2017	00:28:54	019001	H374084815HLR	L374	S		653.8143	1.0311	0.0000	100.1245	39.5933	0.8230	0.8251	5.0000	17.9426	761.0546	94.9537	17.4816	24.3000	0.9300	0.9349	0.6633	-0.0006	761.0000	761.5583	1.0285	0.3613	99.9350	39.1044	0.8230	0.8188	5.0000	-9999.0000	-9999.0000	-9999.0000	-9999.0000	-9999.0000	-9999.0000	18.5618	5	0	28.9927	1.0000	03	2	-9999.0000	19947	48757	-9999	745	732	-9999	496.8626	5	0.6523	0.6633	-0.0006	71.1862	2.1055	668.2151	327.5429	34.3056	647.6086	95.3472	687.8757	94.7917	694.4714	95.2083	698.0625	95.0463	
20/08/2017	00:29:23	019001	H374084788HLR	L374	S		650.7901	1.0311	0.0000	100.0466	39.5866	0.8230	0.8253	5.0000	17.4318	761.0524	94.9537	17.9416	24.3000	0.9300	0.9351	0.6621	-0.0005	761.0000	760.9374	1.0285	0.3226	99.9089	39.1028	0.8230	0.8188	5.0000	-9999.0000	-9999.0000	-9999.0000	-9999.0000	-9999.0000	-9999.0000	18.7025	6	0	28.2242	1.0000	03	2	-9999.0000	19948	48758	-9999	746	733	-9999	496.6705	5	0.6523	0.6621	-0.0005	68.9112	2.2490	665.5188	328.8544	34.7685	645.3002	95.6019	687.5144	94.8843	693.8107	95.1157	698.1250	95.0926	
20/08/2017	00:29:52	019001	H374084819HLR	L374	S		650.7145	1.0311	0.0000	99.9939	39.5883	0.8230	0.8251	5.0000	17.7521	761.0735	94.9537	18.6126	24.3000	0.9300	0.9351	0.6609	-0.0005	761.0000	761.9765	1.0285	0.3873	99.8583	39.1166	0.8230	0.8188	5.0000	-9999.0000	-9999.0000	-9999.0000	-9999.0000	-9999.0000	-9999.0000	18.5119	7	0	28.9634	1.0000	03	2	-9999.0000	19949	48759	-9999	747	734	-9999	496.5727	5	0.6524	0.6609	-0.0005	50.8465	3.3037	665.7040	332.6596	37.4306	645.4923	95.4167	684.6537	94.7685	692.0136	95.1620	695.8317	95.1389	
20/08/2017	00:30:18	019001	H374085648HLR	L374	S		656.1614	1.0311	0.0000	100.0366	39.5818	0.8230	0.8253	5.0000	17.3019	761.0688	94.9306	16.8419	24.3000	0.9300	0.9351	0.6605	-0.0004	761.0000	762.8075	1.0285	0.4391	99.9527	39.1148	0.8230	0.8188	5.0000	-9999.0000	-9999.0000	-9999.0000	-9999.0000	-9999.0000	-9999.0000	18.5424	8	0	26.5130	1.0000	03	2	-9999.0000	19950	48760	-9999	748	735	-9999	497.2632	5	0.6523	0.6605	-0.0004	53.9590	3.1292	673.9164	334.5289	37.5000	652.8105	95.2778	695.1464	94.7222	701.6540	95.1852	706.1926	95.0926	
20/08/2017	00:30:47	019001	H374085578HLR	L374	S		654.5474	1.0311	0.0000	100.0461	39.5914	0.8230	0.8252	5.0000	17.6125	761.0784	94.9306	16.8624	24.3000	0.9300	0.9352	0.6605	-0.0004	761.0000	761.3448	1.0285	0.3479	99.9889	39.1177	0.8230	0.8188	5.0000	-9999.0000	-9999.0000	-9999.0000	-9999.0000	-9999.0000	-9999.0000	18.5521	1	0	29.1433	1.0000	03	2	-9999.0000	19951	48760	-9999	749	736	-9999	497.2101	5	0.6523	0.6605	-0.0004	51.7599	3.2486	672.5675	330.8158	35.9028	650.1499	95.0694	693.1672	94.7917	699.9984	95.1852	703.8975	95.0694	
20/08/2017	00:31:17	019001	H374085538HLR	L374	S		655.2876	1.0311	0.0000	100.1294	39.5580	0.8230	0.8254	5.0000	17.0714	761.0670	94.9306	16.7520	24.3000	0.9300	0.9350	0.6639	-0.0006	761.0000	762.1577	1.0285	0.3986	100.0139	39.1154	0.8230	0.8189	5.0000	-9999.0000	-9999.0000	-9999.0000	-9999.0000	-9999.0000	-9999.0000	18.6623	2	0	29.6636	1.0000	03	2	-9999.0000	19952	48761	-9999	750	737	-9999	497.2415	5	0.6521	0.6639	-0.0006	54.7594	3.0682	677.0851	350.3848	38.3333	657.0724	95.3241	694.8847	95.0694	701.6208	95.1157	705.4267	95.0694	
20/08/2017	00:31:44	019001	H374085566HLR	L374	S		653.6053	1.0311	0.0000	100.0304	39.5928	0.8230	0.8254	5.0000	17.2316	761.0733	94.9306	16.8214	24.3000	0.9300	0.9350	0.6591	-0.0004	761.0000	761.8885	1.0285	0.3818	99.9028	39.1335	0.8230	0.8188	5.0000	-9999.0000	-9999.0000	-9999.0000	-9999.0000	-9999.0000	-9999.0000	18.6723	3	0	27.4634	1.0000	03	2	-9999.0000	19953	48762	-9999	751	738	-9999	497.3715	5	0.6520	0.6591	-0.0004	57.4226	2.9239	667.2197	333.2316	35.2778	645.0808	95.5556	688.7417	94.8148	695.8672	95.1852	700.7143	95.0694	
20/08/2017	00:32:11	019001	H374084885HLR	L374	S		657.7110	1.0311	0.0000	99.9924	39.5883	0.8230	0.8253	5.0000	17.3321	761.0700	94.8843	14.8709	24.3000	0.9300	0.9351	0.6591	-0.0004	761.0000	760.1527	1.0285	0.2737	100.0023	39.1296	0.8230	0.8188	5.0000	-9999.0000	-9999.0000	-9999.0000	-9999.0000	-9999.0000	-9999.0000	18.5920	4	0	26.7533	1.0000	03	2	-9999.0000	19954	48763	-9999	752	739	-9999	497.5533	5	0.6520	0.6591	-0.0004	57.4226	2.9239	679.4956	332.0916	36.9444	658.6635	95.4861	702.0227	94.9074	708.4709	95.1852	713.0732	95.0463	
20/08/2017	00:32:40	019001	H374084808HLR	L374	S		654.7572	1.0311	0.0000	99.9891	39.5850	0.8230	0.8251	5.0000	17.7218	761.0546	94.9537	16.9728	24.3000	0.9300	0.9350	0.6571	-0.0003	761.0000	761.6869	1.0285	0.3693	99.9460	39.1193	0.8230	0.8188	5.0000	-9999.0000	-9999.0000	-9999.0000	-9999.0000	-9999.0000	-9999.0000	18.6819	5	0	28.8432	1.0000	03	2	-9999.0000	19955	48764	-9999	753	740	-9999	496.9095	5	0.6525	0.6571	-0.0003	60.4565	2.7471	673.1467	333.0105	35.3704	652.2083	95.7407	694.9764	94.8380	701.1529	95.1389	704.9521	95.0926	
20/08/2017	00:33:09	019001	H374085558HLR	L374	S		650.4743	1.0311	0.0000	100.0112	39.5691	0.8230	0.8253	5.0000	17.5021	761.0591	94.9769	17.9817	24.3000	0.9300	0.9351	0.6533	-0.0000	761.0000	761.4824	1.0285	0.3565	99.8989	39.1338	0.8230	0.8188	5.0000	-9999.0000	-9999.0000	-9999.0000	-9999.0000	-9999.0000	-9999.0000	18.6116	6	0	28.6333	1.0000	03	2	-9999.0000	19956	48765	-9999	754	741	-9999	496.6048	5	0.6527	0.6533	-0.0000	56.6614	2.9908	670.1922	334.3220	35.3241	648.6395	95.7176	691.4353	94.8843	698.0261	95.0926	702.3170	95.1157	
20/08/2017	00:33:37	019001	H374085570HLR	L374	S		657.6769	1.0311	0.0000	100.0235	39.5996	0.8230	0.8253	5.0000	17.4318	761.0665	94.8843	15.2813	24.3000	0.9300	0.9351	0.6533	-0.0000	761.0000	760.1193	1.0285	0.2716	99.9752	39.1330	0.8230	0.8187	5.0000	-9999.0000	-9999.0000	-9999.0000	-9999.0000	-9999.0000	-9999.0000	18.8215	7	0	28.0141	1.0000	03	2	-9999.0000	19957	48766	-9999	754	742	-9999	496.7985	5	0.6527	0.6533	-0.0000	56.6614	2.9908	683.0881	336.9706	35.5093	661.1250	95.6250	704.8140	94.8843	710.9448	95.1157	714.9684	95.0926	
20/08/2017	00:34:04	019001	H374085550HLR	L374	S		657.8362	1.0311	0.0000	99.9871	39.5960	0.8230	0.8251	5.0000	17.7013	761.0536	94.8843	15.2519	24.3000	0.9300	0.9351	0.6609	-0.0005	761.0000	760.8261	1.0285	0.3156	99.8765	39.1258	0.8230	0.8187	5.0000	-9999.0000	-9999.0000	-9999.0000	-9999.0000	-9999.0000	-9999.0000	18.7123	8	0	27.5531	1.0000	03	2	-9999.0000	19958	48767	-9999	755	743	-9999	497.5161	5	0.6527	0.6609	-0.0005	67.1650	2.3684	676.6777	330.9869	36.2269	655.5008	95.6019	697.9926	94.7917	706.2702	95.1852	710.2636	95.0694	
20/08/2017	00:34:35	019001	H374085562HLR	L374	S		653.7414	1.0311	0.0000	100.0741	39.5835	0.8230	0.8252	5.0000	17.5822	761.0766	94.9306	16.7423	24.3000	0.9300	0.9351	0.6635	-0.0006	761.0000	761.3243	1.0285	0.3467	100.0361	39.1151	0.8230	0.8187	5.0000	-9999.0000	-9999.0000	-9999.0000	-9999.0000	-9999.0000	-9999.0000	18.7327	1	0	30.5037	1.0000	03	2	-9999.0000	19959	48768	-9999	756	744	-9999	496.9587	5	0.6526	0.6635	-0.0006	65.6627	2.4596	671.3126	333.6555	37.8241	650.0939	95.3935	693.3072	94.7917	699.5419	95.1852	703.8474	95.0926	
20/08/2017	00:35:03	019001	H374085542HLR	L374	S		654.8512	1.0311	0.0000	99.9236	39.5866	0.8230	0.8253	5.0000	17.5216	761.0933	94.9537	16.9220	24.3000	0.9300	0.9352	0.6630	-0.0006	761.0000	761.0369	1.0285	0.3288	99.9002	39.1269	0.8230	0.8188	5.0000	-9999.0000	-9999.0000	-9999.0000	-9999.0000	-9999.0000	-9999.0000	18.6721	2	0	28.0835	1.0000	03	2	-9999.0000	19960	48769	-9999	757	745	-9999	496.8725	5	0.6527	0.6630	-0.0006	62.9157	2.6222	669.8760	336.7470	36.2500	649.9236	95.4861	690.1311	94.8611	696.7413	95.0926	702.1597	95.1157	
20/08/2017	00:35:32	019001	H374085554HLR	L374	S		657.9347	1.0311	0.0000	99.9477	39.5965	0.8230	0.8254	5.0000	17.0812	761.0861	94.9074	15.9023	24.3000	0.9300	0.9352	0.6630	-0.0006	761.0000	760.9536	1.0285	0.3236	99.9543	39.1350	0.8230	0.8187	5.0000	-9999.0000	-9999.0000	-9999.0000	-9999.0000	-9999.0000	-9999.0000	18.5325	3	0	29.3435	1.0000	03	2	-9999.0000	19961	48770	-9999	758	746	-9999	497.3236	5	0.6527	0.6630	-0.0006	62.9157	2.6222	673.2881	325.7418	35.7639	651.3002	95.5093	694.9204	94.7685	701.4380	95.1389	705.8814	95.1157	
20/08/2017	00:36:02	019001	H374085574HLR	L374	S		658.4038	1.0311	0.0000	99.9982	39.5930	0.8230	0.8252	5.0000	17.4416	761.0682	94.9074	15.7724	24.3000	0.9300	0.9352	0.6644	-0.0007	761.0000	761.4826	1.0285	0.3565	99.9014	39.1115	0.8230	0.8187	5.0000	-9999.0000	-9999.0000	-9999.0000	-9999.0000	-9999.0000	-9999.0000	18.7621	4	0	29.5934	1.0000	03	2	-9999.0000	19962	48771	-9999	759	747	-9999	497.3932	5	0.6528	0.6644	-0.0007	64.8969	2.4938	672.6781	329.8019	35.2083	651.6734	95.6944	694.6953	94.8843	701.0535	95.0463	705.7458	95.0926	
20/08/2017	00:36:31	019001	H374085233HLR	L374	S		642.0385	1.0311	0.0000	99.9508	39.5660	0.8230	0.8255	5.0000	17.0323	761.0607	94.9769	18.3821	24.3000	0.9300	0.9351	0.6647	-0.0007	761.0000	763.1782	1.0285	0.4622	99.9036	39.1255	0.8230	0.8188	5.0000	-9999.0000	-9999.0000	-9999.0000	-9999.0000	-9999.0000	-9999.0000	18.6624	5	0	29.6940	1.0000	03	2	-9999.0000	19963	48772	-9999	760	748	-9999	495.8791	5	0.6531	0.6647	-0.0007	61.2221	2.7322	658.2539	330.8564	35.8796	636.8262	95.5093	680.7176	94.8380	687.4640	95.1852	693.0357	95.0463	
20/08/2017	00:37:02	019001	H374085213HLR	L374	S		655.7343	1.0311	0.0000	100.0238	39.5835	0.8230	0.8254	5.0000	17.1721	761.0558	94.9306	16.6417	24.3000	0.9300	0.9351	0.6651	-0.0007	761.0000	762.1335	1.0285	0.3971	99.9254	39.1295	0.8230	0.8187	5.0000	-9999.0000	-9999.0000	-9999.0000	-9999.0000	-9999.0000	-9999.0000	18.6225	6	0	30.6434	1.0000	03	2	-9999.0000	19964	48773	-9999	761	749	-9999	496.9537	5	0.6531	0.6651	-0.0007	59.3379	2.8415	669.0198	336.9548	37.8009	646.8614	95.2778	691.2320	94.8148	697.8717	95.1852	702.4619	95.0694	
20/08/2017	00:37:31	019001	H374085582HLR	L374	S		656.2657	1.0311	0.0000	100.0254	39.5924	0.8230	0.8251	5.0000	17.6924	761.0564	94.9537	17.1622	24.3000	0.9300	0.9352	0.6640	-0.0007	761.0000	761.5285	1.0285	0.3594	99.9158	39.1178	0.8230	0.8187	5.0000	-9999.0000	-9999.0000	-9999.0000	-9999.0000	-9999.0000	-9999.0000	18.6322	7	0	29.3337	1.0000	03	2	-9999.0000	19965	48774	-9999	762	750	-9999	496.6408	5	0.6532	0.6640	-0.0007	58.1440	2.9075	671.4102	335.0452	35.0000	650.8250	95.6713	690.2152	94.7917	695.8035	95.1852	699.9222	95.0694	
20/08/2017	00:38:01	019001	H374084787HLR	L374	S		650.7346	1.0311	0.0000	99.9909	39.5676	0.8230	0.8254	5.0000	17.2519	761.0754	94.9769	18.0920	24.3000	0.9300	0.9353	0.6645	-0.0007	761.0000	761.1235	1.0285	0.3342	99.8858	39.1108	0.8230	0.8187	5.0000	-9999.0000	-9999.0000	-9999.0000	-9999.0000	-9999.0000	-9999.0000	18.7426	8	0	29.4137	1.0000	03	2	-9999.0000	19966	48775	-9999	763	751	-9999	496.2319	5	0.6529	0.6645	-0.0007	59.5405	2.8126	663.1876	333.3939	35.8333	641.7823	95.5093	685.6557	94.8380	692.2107	95.2083	696.1427	95.0694	
20/08/2017	00:38:30	019001	H374084800HLR	L374	S		652.6282	1.0311	0.0000	99.9735	39.5915	0.8230	0.8253	5.0000	17.3819	761.0573	94.9537	17.5422	24.3000	0.9300	0.9352	0.6633	-0.0006	761.0000	761.5920	1.0285	0.3634	99.9113	39.1158	0.8230	0.8187	5.0000	-9999.0000	-9999.0000	-9999.0000	-9999.0000	-9999.0000	-9999.0000	18.6428	1	0	29.3228	1.0000	03	2	-9999.0000	19967	48776	-9999	764	752	-9999	496.4716	5	0.6526	0.6633	-0.0006	55.2451	3.0679	666.3673	327.6992	36.1343	644.7394	95.5093	687.6433	94.8611	694.3171	95.1389	699.4656	95.0926	
20/08/2017	00:39:00	019001	H374084797HLR	L374	S		647.5397	1.0311	0.0000	100.0478	39.5882	0.8230	0.8254	5.0000	17.1719	761.0745	94.9769	19.0531	24.3000	0.9300	0.9351	0.6636	-0.0007	761.0000	761.2613	1.0285	0.3427	100.0304	39.1218	0.8230	0.8188	5.0000	-9999.0000	-9999.0000	-9999.0000	-9999.0000	-9999.0000	-9999.0000	18.7230	2	0	29.6540	1.0000	03	2	-9999.0000	19968	48777	-9999	765	753	-9999	495.7311	5	0.6526	0.6636	-0.0007	58.8404	2.8357	663.8913	341.3461	37.8241	644.1195	95.4630	682.6692	94.7685	690.0137	95.1389	694.5264	95.1389	
20/08/2017	00:39:29	019001	H374084791HLR	L374	S		653.4032	1.0311	0.0000	99.9323	39.5724	0.8230	0.8253	5.0000	17.2217	761.0893	94.9306	17.1828	24.3000	0.9300	0.9351	0.6639	-0.0007	761.0000	760.6636	1.0285	0.3055	99.9212	39.1277	0.8230	0.8187	5.0000	-9999.0000	-9999.0000	-9999.0000	-9999.0000	-9999.0000	-9999.0000	18.6018	3	0	29.5741	1.0000	03	2	-9999.0000	19969	48778	-9999	766	754	-9999	496.6149	5	0.6526	0.6639	-0.0007	61.9437	2.6402	664.9191	326.2837	35.8102	642.7167	95.6019	687.1729	94.8843	693.7550	95.0463	699.2842	95.1389	
20/08/2017	00:39:58	019001	H374084820HLR	L374	S		653.0321	1.0311	0.0000	100.0556	39.5708	0.8230	0.8254	5.0000	17.0518	761.0706	94.9537	17.5920	24.3000	0.9300	0.9351	0.6650	-0.0007	761.0000	762.1751	1.0285	0.3997	99.9254	39.1194	0.8230	0.8187	5.0000	-9999.0000	-9999.0000	-9999.0000	-9999.0000	-9999.0000	-9999.0000	18.5822	4	0	28.4427	1.0000	03	2	-9999.0000	19970	48779	-9999	767	755	-9999	496.3670	5	0.6524	0.6650	-0.0007	59.7771	2.7739	665.2118	331.4654	34.3981	642.6349	95.8102	688.5226	94.6991	695.3623	95.1620	699.3981	95.0694	
20/08/2017	00:40:30	019001	H374084824HLR	L374	S		653.6497	1.0311	0.0000	99.9955	39.5740	0.8230	0.8254	5.0000	17.0528	761.0596	94.9537	17.1720	24.3000	0.9300	0.9351	0.6635	-0.0006	761.0000	761.2806	1.0285	0.3439	100.0276	39.1168	0.8230	0.8188	5.0000	-9999.0000	-9999.0000	-9999.0000	-9999.0000	-9999.0000	-9999.0000	18.6721	5	0	31.8037	1.0000	03	2	-9999.0000	19971	48780	-9999	768	756	-9999	496.5240	5	0.6522	0.6635	-0.0006	52.0171	3.2335	665.1428	317.8950	34.5139	642.4920	95.6481	688.7556	94.7685	695.0013	95.1852	699.0675	95.0694	
20/08/2017	00:40:59	019001	H374084804HLR	L374	S		654.2167	1.0311	0.0000	99.9659	39.5771	0.8230	0.8254	5.0000	17.0919	761.1015	94.9537	18.0618	24.3000	0.9300	0.9352	0.6636	-0.0006	761.0000	762.6801	1.0285	0.4312	99.9059	39.1215	0.8230	0.8188	5.0000	-9999.0000	-9999.0000	-9999.0000	-9999.0000	-9999.0000	-9999.0000	18.5715	6	0	29.6041	1.0000	03	2	-9999.0000	19972	48781	-9999	769	756	-9999	496.1470	5	0.6522	0.6636	-0.0006	51.0095	3.2882	667.2015	329.9519	37.2685	645.3232	95.4861	689.0477	94.9769	694.9836	95.0694	699.2584	95.0694	
20/08/2017	00:41:29	019001	H374084813HLR	L374	S		652.7329	1.0311	0.0000	99.9988	39.5691	0.8230	0.8253	5.0000	17.3213	761.0656	94.9306	17.3517	24.3000	0.9300	0.9353	0.6660	-0.0008	761.0000	762.3255	1.0285	0.4091	100.0354	39.1209	0.8230	0.8187	5.0000	-9999.0000	-9999.0000	-9999.0000	-9999.0000	-9999.0000	-9999.0000	18.5619	7	0	29.3035	1.0000	03	2	-9999.0000	19973	48782	-9999	770	757	-9999	496.4972	5	0.6520	0.6660	-0.0008	51.2927	3.2777	668.4463	332.3593	36.0880	648.2162	95.4630	688.8914	94.7917	695.9382	95.1620	700.8422	95.0926	
20/08/2017	00:41:57	019001	H374084821HLR	L374	S		655.1103	1.0311	0.0000	99.9710	39.5866	0.8230	0.8254	5.0000	17.1424	761.1035	94.9537	16.8419	24.3000	0.9300	0.9352	0.6620	-0.0006	761.0000	761.0992	1.0285	0.3326	99.8997	39.1112	0.8230	0.8188	5.0000	-9999.0000	-9999.0000	-9999.0000	-9999.0000	-9999.0000	-9999.0000	18.6028	8	0	28.9936	1.0000	03	2	-9999.0000	19974	48783	-9999	771	758	-9999	496.6225	5	0.6519	0.6620	-0.0006	52.8173	3.1934	657.4498	322.7969	36.4583	635.8503	95.5093	681.9985	94.8611	690.5816	95.1389	698.2848	95.0694	
20/08/2017	00:42:26	019001	H374084830HLR	L374	S		650.1730	1.0311	0.0000	99.9641	39.5883	0.8230	0.8254	5.0000	17.0119	761.0786	94.9769	19.7026	24.3000	0.9300	0.9352	0.6658	-0.0008	761.0000	761.8794	1.0285	0.3813	100.0597	39.1225	0.8230	0.8188	5.0000	-9999.0000	-9999.0000	-9999.0000	-9999.0000	-9999.0000	-9999.0000	18.6419	1	0	28.7329	1.0000	03	2	-9999.0000	19975	48784	-9999	772	759	-9999	495.3303	5	0.6516	0.6658	-0.0008	54.0433	3.1248	634.6817	328.8241	37.3380	607.1310	95.3472	666.5704	95.0694	675.5128	95.0231	683.8694	95.0694	
20/08/2017	00:42:54	019001	H374085543HLR	L374	S		653.1947	1.0311	0.0000	99.9572	39.5675	0.8230	0.8253	5.0000	17.3418	761.0842	94.9306	17.8420	24.3000	0.9300	0.9352	0.6607	-0.0005	761.0000	761.5322	1.0285	0.3596	99.9148	39.1317	0.8230	0.8188	5.0000	-9999.0000	-9999.0000	-9999.0000	-9999.0000	-9999.0000	-9999.0000	18.6017	2	0	28.2135	1.0000	03	2	-9999.0000	19976	48785	-9999	773	760	-9999	495.8905	5	0.6518	0.6607	-0.0005	54.9647	3.0775	663.4445	327.2074	34.7454	641.6977	95.5787	685.6978	94.7222	692.6543	95.2083	696.7292	95.1157	
20/08/2017	00:43:22	019001	H374085224HLR	L374	S		655.8103	1.0311	0.0000	100.0251	39.5898	0.8230	0.8252	5.0000	17.6624	761.0647	94.9769	17.1212	24.3000	0.9300	0.9353	0.6635	-0.0007	761.0000	761.8103	1.0285	0.3770	99.9770	39.1299	0.8230	0.8188	5.0000	-9999.0000	-9999.0000	-9999.0000	-9999.0000	-9999.0000	-9999.0000	18.5714	3	0	28.0433	1.0000	03	2	-9999.0000	19977	48786	-9999	774	761	-9999	496.2791	5	0.6518	0.6635	-0.0007	50.4859	3.3214	668.9243	333.9445	36.3657	646.4189	95.3935	691.9909	94.7685	698.9441	95.2315	703.7798	95.0926	
20/08/2017	00:43:48	019001	H374085571HLR	L374	S		656.3349	1.0311	0.0000	99.9165	39.5835	0.8230	0.8254	5.0000	17.1818	761.0569	94.9769	17.2922	24.3000	0.9300	0.9353	0.6646	-0.0007	761.0000	761.8384	1.0285	0.3787	100.0057	39.1327	0.8230	0.8188	5.0000	-9999.0000	-9999.0000	-9999.0000	-9999.0000	-9999.0000	-9999.0000	18.6418	4	0	25.9631	1.0000	03	2	-9999.0000	19978	48786	-9999	775	762	-9999	496.2726	5	0.6516	0.6646	-0.0007	70.0212	2.1991	668.2068	326.0558	35.0463	646.6560	95.6481	690.4053	94.8611	697.5925	95.1852	701.5162	95.0463	
20/08/2017	00:44:16	019001	H374085583HLR	L374	S		657.0757	1.0311	0.0000	100.0057	39.5866	0.8230	0.8253	5.0000	17.3309	761.0926	94.9306	16.5421	24.3000	0.9300	0.9352	0.6649	-0.0007	761.0000	762.0793	1.0285	0.3937	99.9184	39.1359	0.8230	0.8188	5.0000	-9999.0000	-9999.0000	-9999.0000	-9999.0000	-9999.0000	-9999.0000	18.6321	5	0	27.6734	1.0000	03	2	-9999.0000	19979	48787	-9999	775	763	-9999	496.7168	5	0.6515	0.6649	-0.0007	72.2910	2.0589	670.5164	328.2484	37.1528	648.5590	95.4630	693.6058	95.0694	699.7995	95.1157	703.9117	95.0694	
20/08/2017	00:44:45	019001	H374085204HLR	L374	S		659.0724	1.0311	0.0000	99.9223	39.5755	0.8230	0.8252	5.0000	17.5529	761.0892	94.9306	16.7325	24.3000	0.9300	0.9353	0.6636	-0.0007	761.0000	762.2258	1.0285	0.4029	100.0174	39.1399	0.8230	0.8189	5.0000	-9999.0000	-9999.0000	-9999.0000	-9999.0000	-9999.0000	-9999.0000	18.6321	6	0	28.9438	1.0000	03	2	-9999.0000	19980	48788	-9999	776	764	-9999	496.5465	5	0.6515	0.6636	-0.0007	69.3818	2.2093	672.1311	335.3117	36.8056	650.6118	95.5093	694.5696	94.8380	701.4306	95.1852	704.7980	95.0694	
20/08/2017	00:45:14	019001	H374085783HLR	L374	S		658.6602	1.0311	0.0000	99.9545	39.5898	0.8230	0.8252	5.0000	17.6515	761.0934	94.9074	15.8623	24.3000	0.9300	0.9352	0.6636	-0.0007	761.0000	762.1926	1.0285	0.4008	100.0098	39.1468	0.8230	0.8188	5.0000	-9999.0000	-9999.0000	-9999.0000	-9999.0000	-9999.0000	-9999.0000	18.6724	7	0	28.5933	1.0000	05	1	-9999.0000	19981	48789	-9999	777	765	-9999	496.8943	5	0.6515	0.6636	-0.0007	69.3818	2.2093	673.4723	336.6811	34.9074	652.6025	95.6713	694.3590	94.8843	701.9037	95.1157	706.2200	95.0926	
20/08/2017	00:45:42	019001	H374085092HLR	L374	Q		655.9661	1.0311	0.0000	99.9570	39.5966	0.8230	0.8252	5.0000	17.7921	761.0982	94.8843	14.2918	24.3000	0.9300	0.9352	0.6659	-0.0008	761.0000	760.7475	1.0285	0.3107	100.0068	39.1406	0.8230	0.8187	5.0000	-9999.0000	-9999.0000	-9999.0000	-9999.0000	-9999.0000	-9999.0000	18.6419	8	0	28.2132	1.0000	05	1	-9999.0000	19982	48790	-9999	778	766	-9999	497.9531	5	0.6515	0.6659	-0.0008	74.2117	1.9116	675.2374	343.5278	38.9352	654.8062	95.1852	695.8422	94.8843	703.6980	95.1852	709.5388	95.0231	
20/08/2017	00:46:09	019001	H374085824HLR	L374	S		654.4677	1.0311	0.0000	99.9466	39.5959	0.8230	0.8254	5.0000	17.3018	761.0607	94.9074	15.5322	24.3000	0.9300	0.9353	0.6603	-0.0005	761.0000	761.0626	1.0285	0.3304	99.9836	39.1350	0.8230	0.8187	5.0000	-9999.0000	-9999.0000	-9999.0000	-9999.0000	-9999.0000	-9999.0000	18.6516	1	0	26.9135	1.0000	05	1	-9999.0000	19983	48791	-9999	779	767	-9999	496.4781	5	0.6514	0.6603	-0.0005	71.1978	2.0722	674.7238	334.7363	36.7593	652.9275	95.6019	696.9809	94.8148	704.2294	95.2083	708.8802	95.0463	
20/08/2017	00:46:36	019001	H374085795HLR	L374	Q		654.4934	1.0311	0.0000	99.9838	39.5957	0.8230	0.8252	5.0000	17.7121	761.0635	94.9537	17.2726	24.3000	0.9300	0.9351	0.6596	-0.0005	761.0000	760.0943	1.0285	0.2700	99.8873	39.1366	0.8230	0.8187	5.0000	-9999.0000	-9999.0000	-9999.0000	-9999.0000	-9999.0000	-9999.0000	18.6830	2	0	27.3431	1.0000	05	1	-9999.0000	19984	48792	-9999	780	768	-9999	495.7832	5	0.6514	0.6596	-0.0005	69.2944	2.1589	670.8572	328.4444	36.4352	649.3664	95.6250	691.4442	94.7917	698.7133	95.1852	702.6105	95.0463	
20/08/2017	00:47:04	019001	H374085794HLR	L374	S		654.6626	1.0311	0.0000	99.9613	39.6000	0.8230	0.8252	5.0000	17.8020	761.0692	94.9769	16.4727	24.3000	0.9300	0.9353	0.6594	-0.0005	761.0000	760.9445	1.0285	0.3230	99.9819	39.1414	0.8230	0.8188	5.0000	-9999.0000	-9999.0000	-9999.0000	-9999.0000	-9999.0000	-9999.0000	18.6916	3	0	27.4633	1.0000	05	1	-9999.0000	19985	48793	-9999	781	769	-9999	496.0622	5	0.6518	0.6594	-0.0005	68.8081	2.1785	672.3947	336.5800	35.1389	651.0748	95.6481	694.2207	94.7917	701.2779	95.1620	706.1357	95.0926	
20/08/2017	00:47:31	019001	H374085826HLR	L374	S		657.8662	1.0311	0.0000	99.9037	39.6000	0.8230	0.8252	5.0000	17.4620	761.0581	94.9537	16.7227	24.3000	0.9300	0.9351	0.6599	-0.0005	761.0000	760.5998	1.0285	0.3015	99.9715	39.1591	0.8230	0.8188	5.0000	-9999.0000	-9999.0000	-9999.0000	-9999.0000	-9999.0000	-9999.0000	18.6925	4	0	27.1234	1.0000	05	1	-9999.0000	19986	48794	-9999	782	770	-9999	495.9496	5	0.6519	0.6599	-0.0005	85.0695	1.2501	674.4256	336.0015	34.9074	653.8198	95.6019	697.0306	94.8611	701.8702	95.1620	706.1474	95.0694	
20/08/2017	00:47:57	019001	H374085805HLR	L374	S		656.3407	1.0311	0.0000	99.9140	39.6000	0.8230	0.8252	5.0000	17.4815	761.0581	94.8843	14.8114	24.3000	0.9300	0.9351	0.6599	-0.0005	761.0000	760.2214	1.0285	0.2779	99.8035	39.1565	0.8230	0.8187	5.0000	-9999.0000	-9999.0000	-9999.0000	-9999.0000	-9999.0000	-9999.0000	18.8118	5	0	26.4729	1.0000	05	1	-9999.0000	19987	48795	-9999	783	771	-9999	496.7057	5	0.6519	0.6599	-0.0005	85.0695	1.2501	677.5152	340.9805	37.5694	656.2705	95.3241	699.3540	94.9306	705.9992	95.1157	710.7551	95.0926	
20/08/2017	00:48:23	019001	H374085825HLR	L374	S		656.8473	1.0311	0.0000	99.9335	39.5930	0.8230	0.8251	5.0000	17.8627	761.0547	94.9306	15.7920	24.3000	0.9300	0.9353	0.6599	-0.0005	761.0000	759.4996	1.0285	0.2330	99.9384	39.1480	0.8230	0.8187	5.0000	-9999.0000	-9999.0000	-9999.0000	-9999.0000	-9999.0000	-9999.0000	18.7229	6	0	26.2036	1.0000	05	1	-9999.0000	19988	48796	-9999	784	772	-9999	496.3389	5	0.6519	0.6599	-0.0005	85.6552	1.2084	678.1254	330.1802	35.4630	656.5914	95.6481	697.5496	94.7685	703.5911	95.1389	708.4717	95.1157	
20/08/2017	00:48:53	019001	H374085786HLR	L374	S		659.2360	1.0311	0.0000	99.9707	39.5940	0.8230	0.8254	5.0000	17.3721	761.0988	94.9074	15.3319	24.3000	0.9300	0.9353	0.6597	-0.0005	761.0000	759.5634	1.0285	0.2369	99.9636	39.1478	0.8230	0.8188	5.0000	-9999.0000	-9999.0000	-9999.0000	-9999.0000	-9999.0000	-9999.0000	18.6419	7	0	29.2240	1.0000	05	1	-9999.0000	19989	48797	-9999	785	772	-9999	496.5543	5	0.6520	0.6597	-0.0005	98.5503	0.4206	679.5181	330.0370	35.9954	658.2104	95.5787	700.3681	94.8148	706.7881	95.2083	709.9961	95.0694	
20/08/2017	00:49:19	019001	H374085819HLR	L374	S		655.5344	1.0311	0.0000	99.8769	39.5994	0.8230	0.8253	5.0000	17.4122	761.0597	94.8843	15.3212	24.3000	0.9300	0.9351	0.6585	-0.0004	761.0000	760.6958	1.0285	0.3075	99.9575	39.1569	0.8230	0.8188	5.0000	-9999.0000	-9999.0000	-9999.0000	-9999.0000	-9999.0000	-9999.0000	18.7121	8	0	26.8431	1.0000	05	1	-9999.0000	19990	48798	-9999	786	773	-9999	496.5091	5	0.6521	0.6585	-0.0004	103.5992	0.0845	677.1571	336.9771	35.5556	654.7945	95.5787	699.3614	94.7454	706.5946	95.1852	711.3786	95.0926	
20/08/2017	00:49:46	019001	H374085820HLR	L374	S		655.3367	1.0311	0.0000	100.0103	39.5997	0.8230	0.8251	5.0000	17.9524	761.1017	94.8843	14.3416	24.3000	0.9300	0.9352	0.6650	-0.0008	761.0000	760.2959	1.0285	0.2826	99.8823	39.1541	0.8230	0.8187	5.0000	-9999.0000	-9999.0000	-9999.0000	-9999.0000	-9999.0000	-9999.0000	18.7025	1	0	26.9134	1.0000	05	1	-9999.0000	19991	48799	-9999	786	774	-9999	497.5830	5	0.6523	0.6650	-0.0008	103.1762	0.0957	675.2623	339.0513	36.2500	653.6483	95.5093	698.8647	94.7917	707.1960	95.1620	711.2479	95.0926	
20/08/2017	00:50:13	019001	H374085788HLR	L374	S		660.5538	1.0311	0.0000	100.0758	39.5977	0.8230	0.8253	5.0000	17.3222	761.1083	94.8611	14.4617	24.3000	0.9300	0.9351	0.6664	-0.0009	761.0000	759.5915	1.0285	0.2387	99.9639	39.1427	0.8230	0.8188	5.0000	-9999.0000	-9999.0000	-9999.0000	-9999.0000	-9999.0000	-9999.0000	18.6623	2	0	27.1129	1.0000	05	1	-9999.0000	19992	48800	-9999	787	775	-9999	497.7242	5	0.6525	0.6664	-0.0009	104.2130	0.0128	674.7686	330.3473	36.2269	653.3426	95.4861	697.3399	94.8611	704.2990	95.1389	709.7613	95.0694	
20/08/2017	00:50:40	019001	H374085809HLR	L374	S		653.0285	1.0311	0.0000	99.9311	39.6000	0.8230	0.8252	5.0000	17.7122	761.0679	94.9769	17.0724	24.3000	0.9300	0.9352	0.6651	-0.0008	761.0000	761.3042	1.0285	0.3454	99.9930	39.1567	0.8230	0.8190	5.0000	-9999.0000	-9999.0000	-9999.0000	-9999.0000	-9999.0000	-9999.0000	18.8919	3	0	26.6037	1.0000	05	1	-9999.0000	19993	48801	-9999	788	776	-9999	495.9901	5	0.6528	0.6651	-0.0008	100.3929	0.2456	666.3427	326.1703	34.6759	646.0369	95.7639	687.3671	94.8380	694.6290	95.0694	699.7022	95.1157	
20/08/2017	00:51:07	019001	H374085810HLR	L374	S		654.9716	1.0311	0.0000	100.0790	39.5964	0.8230	0.8254	5.0000	17.2725	761.0959	94.8611	15.3212	24.3000	0.9300	0.9352	0.6651	-0.0008	761.0000	761.4743	1.0285	0.3560	99.9416	39.1682	0.8230	0.8188	5.0000	-9999.0000	-9999.0000	-9999.0000	-9999.0000	-9999.0000	-9999.0000	18.7121	4	0	27.4731	1.0000	05	1	-9999.0000	19994	48802	-9999	789	777	-9999	497.1882	5	0.6528	0.6651	-0.0008	100.3929	0.2456	671.6666	327.4808	34.8380	650.9441	95.6250	693.7517	94.7454	702.0051	95.2315	706.5696	95.0463	
20/08/2017	00:51:34	019001	H374085797HLR	L374	S		658.1203	1.0311	0.0000	99.9768	39.6064	0.8230	0.8251	5.0000	17.7921	761.0712	94.8843	14.7918	24.3000	0.9300	0.9351	0.6661	-0.0008	761.0000	761.8738	1.0285	0.3809	99.8888	39.1652	0.8230	0.8188	5.0000	-9999.0000	-9999.0000	-9999.0000	-9999.0000	-9999.0000	-9999.0000	18.6223	5	0	26.8628	1.0000	05	1	-9999.0000	19995	48803	-9999	790	778	-9999	497.6046	5	0.6531	0.6661	-0.0008	102.7184	0.1134	675.8130	334.9344	35.6250	654.9483	95.5093	696.5190	94.8148	704.7528	95.1620	709.7840	95.0694	
20/08/2017	00:52:02	019001	H374085798HLR	L374	S		656.2791	1.0311	0.0000	100.0890	39.5930	0.8230	0.8253	5.0000	17.2618	761.0685	94.9074	15.5712	24.3000	0.9300	0.9352	0.6675	-0.0009	761.0000	760.9682	1.0285	0.3245	100.0016	39.1534	0.8230	0.8187	5.0000	-9999.0000	-9999.0000	-9999.0000	-9999.0000	-9999.0000	-9999.0000	18.8724	6	0	27.5030	1.0000	05	1	-9999.0000	19996	48804	-9999	791	779	-9999	497.1760	5	0.6531	0.6675	-0.0009	90.2904	0.8663	668.9981	331.1825	36.7593	648.4369	95.5787	690.7283	94.8380	698.8618	95.1620	703.8279	95.0463	
20/08/2017	00:52:29	019001	H374085830HLR	L374	S		658.0426	1.0311	0.0000	100.1180	39.6000	0.8230	0.8253	5.0000	17.4525	761.0888	94.8611	14.4119	24.3000	0.9300	0.9351	0.6686	-0.0010	761.0000	761.0256	1.0285	0.3281	99.9182	39.1527	0.8230	0.8188	5.0000	-9999.0000	-9999.0000	-9999.0000	-9999.0000	-9999.0000	-9999.0000	18.6926	7	0	26.7532	1.0000	05	1	-9999.0000	19997	48805	-9999	792	780	-9999	498.1288	5	0.6531	0.6686	-0.0010	82.0462	1.3882	672.0200	327.1006	36.5278	650.0681	95.5556	694.5100	94.7685	701.8906	95.2083	706.6205	95.0231	
20/08/2017	00:52:57	019001	H374085829HLR	L374	S		655.1608	1.0311	0.0000	99.9424	39.6080	0.8230	0.8253	5.0000	17.4512	761.1011	94.9306	15.9316	24.3000	0.9300	0.9353	0.6702	-0.0011	761.0000	760.6475	1.0285	0.3045	100.0240	39.1647	0.8230	0.8188	5.0000	-9999.0000	-9999.0000	-9999.0000	-9999.0000	-9999.0000	-9999.0000	18.7025	8	0	28.5144	1.0000	05	1	-9999.0000	19998	48806	-9999	793	781	-9999	496.8555	5	0.6531	0.6702	-0.0011	82.8729	1.3622	666.7391	339.4831	36.8981	647.0071	95.6481	686.3030	94.8380	694.1145	95.1157	699.6327	95.1157	
20/08/2017	00:53:26	019001	H374085791HLR	L374	S		655.8417	1.0311	0.0000	99.9524	39.6000	0.8230	0.8253	5.0000	17.2520	761.1087	94.8611	14.7420	24.3000	0.9300	0.9352	0.6685	-0.0010	761.0000	761.3192	1.0285	0.3464	100.0271	39.1535	0.8230	0.8188	5.0000	-9999.0000	-9999.0000	-9999.0000	-9999.0000	-9999.0000	-9999.0000	18.7522	1	0	29.1635	1.0000	05	1	-9999.0000	19999	48807	-9999	794	782	-9999	497.7535	5	0.6533	0.6685	-0.0010	86.7482	1.1067	671.4466	325.3987	35.1620	650.4629	95.6250	694.3139	94.8380	702.2988	95.1157	706.9739	95.0694	
20/08/2017	00:53:51	019001	H374085792HLR	L374	S		656.3250	1.0311	0.0000	99.9622	39.5932	0.8230	0.8248	5.0000	18.5130	761.0738	94.8843	15.7314	24.3000	0.9300	0.9352	0.6689	-0.0010	761.0000	761.1738	1.0285	0.3373	99.9600	39.1578	0.8230	0.8187	5.0000	-9999.0000	-9999.0000	-9999.0000	-9999.0000	-9999.0000	-9999.0000	18.7619	2	0	25.2023	1.0000	05	1	-9999.0000	20000	48808	-9999	795	783	-9999	496.9748	5	0.6534	0.6689	-0.0010	76.4220	1.8130	668.4794	331.7551	36.0185	647.9224	95.4861	690.1822	94.7222	697.1746	95.1620	702.3531	95.0926	
20/08/2017	00:54:20	019001	H374085831HLR	L374	S		655.6623	1.0311	0.0000	99.9388	39.5929	0.8230	0.8254	5.0000	17.3517	761.1153	94.8611	14.5818	24.3000	0.9300	0.9353	0.6702	-0.0011	761.0000	761.4142	1.0285	0.3523	99.8938	39.1512	0.8230	0.8187	5.0000	-9999.0000	-9999.0000	-9999.0000	-9999.0000	-9999.0000	-9999.0000	18.6916	3	0	28.8540	1.0000	05	1	-9999.0000	20001	48809	-9999	796	784	-9999	498.0171	5	0.6535	0.6702	-0.0011	76.5048	1.8044	669.9526	321.9923	37.2917	648.1246	95.4630	694.2765	94.8148	701.3456	95.1620	706.6923	95.0694	
20/08/2017	00:54:48	019001	H374085832HLR	L374	S		654.4709	1.0311	0.0000	100.0377	39.6192	0.8230	0.8252	5.0000	17.6720	761.0627	94.9537	16.7716	24.3000	0.9300	0.9352	0.6698	-0.0011	761.0000	761.8387	1.0285	0.3787	99.9576	39.1481	0.8230	0.8188	5.0000	-9999.0000	-9999.0000	-9999.0000	-9999.0000	-9999.0000	-9999.0000	18.7826	4	0	27.5630	1.0000	05	1	-9999.0000	20002	48810	-9999	797	785	-9999	496.1571	5	0.6535	0.6698	-0.0011	82.7843	1.4674	665.4436	331.8296	36.8519	645.3068	95.5556	686.3020	94.8611	692.2410	95.1389	696.7768	95.0694	
20/08/2017	00:55:15	019001	H374085822HLR	L374	S		654.2035	1.0311	0.0000	100.0450	39.6000	0.8230	0.8252	5.0000	17.5324	761.0928	94.9306	17.0421	24.3000	0.9300	0.9352	0.6696	-0.0011	761.0000	762.3118	1.0285	0.4082	99.9689	39.1728	0.8230	0.8188	5.0000	-9999.0000	-9999.0000	-9999.0000	-9999.0000	-9999.0000	-9999.0000	18.7025	5	0	27.0931	1.0000	05	1	-9999.0000	20003	48811	-9999	798	785	-9999	495.9116	5	0.6535	0.6696	-0.0011	82.8843	1.4509	662.5500	325.9659	35.8333	641.2084	95.4861	684.8124	94.8611	691.5378	95.1389	696.2316	95.0926	
20/08/2017	00:55:43	019001	H374085927HLR	L374	Q		659.8476	1.0311	0.0000	100.0927	39.6000	0.8230	0.8253	5.0000	17.3527	761.0725	94.8611	13.6618	24.3000	0.9300	0.9351	0.6696	-0.0011	761.0000	760.8099	1.0285	0.3146	99.8948	39.1587	0.8230	0.8187	5.0000	-9999.0000	-9999.0000	-9999.0000	-9999.0000	-9999.0000	-9999.0000	18.8116	6	0	28.1235	1.0000	05	1	-9999.0000	20004	48812	-9999	799	786	-9999	498.6807	5	0.6535	0.6696	-0.0011	82.8843	1.4509	675.2661	324.3946	36.7361	655.0207	95.4398	697.5928	94.8611	706.0037	95.1620	710.5532	95.0463	
20/08/2017	00:56:11	019001	H374085928HLR	L374	Q		655.3301	1.0311	0.0000	100.0900	39.6000	0.8230	0.8252	5.0000	17.4414	761.0801	94.9537	16.7628	24.3000	0.9300	0.9353	0.6694	-0.0011	761.0000	760.4032	1.0285	0.2893	99.9843	39.1558	0.8230	0.8187	5.0000	-9999.0000	-9999.0000	-9999.0000	-9999.0000	-9999.0000	-9999.0000	18.9016	7	0	28.1237	1.0000	05	1	-9999.0000	20005	48813	-9999	800	787	-9999	496.2020	5	0.6531	0.6694	-0.0011	84.1609	1.3767	663.1175	335.4275	34.7222	641.5987	95.8333	684.1156	94.8380	690.2994	95.1389	695.8828	95.0926	
20/08/2017	00:56:39	019001	H374085921HLR	L374	S		657.2962	1.0311	0.0000	99.9541	39.5898	0.8230	0.8253	5.0000	17.4718	761.0604	94.9306	15.8125	24.3000	0.9300	0.9354	0.6694	-0.0011	761.0000	759.5318	1.0285	0.2350	99.9137	39.1610	0.8230	0.8187	5.0000	-9999.0000	-9999.0000	-9999.0000	-9999.0000	-9999.0000	-9999.0000	18.7824	8	0	28.1136	1.0000	05	1	-9999.0000	20006	48813	-9999	801	788	-9999	496.8446	5	0.6531	0.6694	-0.0011	84.1609	1.3767	666.7275	326.3331	36.2731	645.6347	95.5093	688.7980	94.9074	696.1407	95.0926	701.4919	95.1157	
20/08/2017	00:57:07	019001	H374085922HLR	L374	S		656.7579	1.0311	0.0000	99.9458	39.6240	0.8230	0.8251	5.0000	17.9622	761.1323	94.8611	14.9715	24.3000	0.9300	0.9352	0.6727	-0.0013	761.0000	761.5424	1.0285	0.3603	99.9612	39.1595	0.8230	0.8187	5.0000	-9999.0000	-9999.0000	-9999.0000	-9999.0000	-9999.0000	-9999.0000	18.7717	1	0	27.5728	1.0000	05	1	-9999.0000	20007	48814	-9999	802	789	-9999	497.5884	5	0.6530	0.6727	-0.0013	84.6639	1.3434	666.5670	326.6214	36.1574	645.3863	95.4630	689.4648	94.8148	697.6878	95.1852	702.8708	95.0463	
20/08/2017	00:57:35	019001	H374085925HLR	L374	S		656.7613	1.0311	0.0000	100.0474	39.6176	0.8230	0.8253	5.0000	17.4913	761.0713	94.9306	16.3418	24.3000	0.9300	0.9353	0.6734	-0.0013	761.0000	758.8365	1.0285	0.1916	100.0690	39.1611	0.8230	0.8188	5.0000	-9999.0000	-9999.0000	-9999.0000	-9999.0000	-9999.0000	-9999.0000	18.6723	2	0	28.1537	1.0000	05	1	-9999.0000	20008	48815	-9999	803	790	-9999	496.2120	5	0.6532	0.6734	-0.0013	74.6809	1.9463	661.0171	334.5169	35.2778	639.4768	95.6944	682.5938	94.8148	690.0019	95.1852	695.3742	95.0463	
20/08/2017	00:58:03	019001	H374085924HLR	L374	S		656.7091	1.0311	0.0000	99.8977	39.6000	0.8230	0.8254	5.0000	17.0724	761.0761	94.9074	15.9121	24.3000	0.9300	0.9353	0.6720	-0.0012	761.0000	760.9199	1.0285	0.3215	99.9473	39.1589	0.8230	0.8188	5.0000	-9999.0000	-9999.0000	-9999.0000	-9999.0000	-9999.0000	-9999.0000	18.6721	3	0	27.9038	1.0000	05	1	-9999.0000	20009	48816	-9999	804	791	-9999	496.8091	5	0.6532	0.6720	-0.0012	82.8125	1.4335	663.8627	326.8503	37.1528	642.7129	95.4398	685.4368	94.8148	693.4752	95.1852	698.5816	95.0694	
20/08/2017	00:58:30	019001	H374085929HLR	L374	S		656.1193	1.0311	0.0000	99.9100	39.5971	0.8230	0.8250	5.0000	18.0529	761.1052	94.9306	16.6124	24.3000	0.9300	0.9352	0.6710	-0.0011	761.0000	760.0483	1.0285	0.2672	99.9197	39.1650	0.8230	0.8188	5.0000	-9999.0000	-9999.0000	-9999.0000	-9999.0000	-9999.0000	-9999.0000	18.7121	4	0	26.9329	1.0000	05	1	-9999.0000	20010	48817	-9999	805	792	-9999	496.2832	5	0.6531	0.6710	-0.0011	85.3872	1.2624	663.5965	324.6467	37.0370	642.5222	95.4167	685.5101	95.0694	692.7150	95.0694	697.0006	95.0926	
20/08/2017	00:58:58	019001	H374085917HLR	L374	S		658.3076	1.0311	0.0000	99.9278	39.6000	0.8230	0.8252	5.0000	17.6515	761.0922	94.8843	15.4521	24.3000	0.9300	0.9352	0.6710	-0.0011	761.0000	760.0546	1.0285	0.2675	99.9121	39.1617	0.8230	0.8188	5.0000	-9999.0000	-9999.0000	-9999.0000	-9999.0000	-9999.0000	-9999.0000	18.7122	5	0	28.2837	1.0000	05	1	-9999.0000	20011	48818	-9999	806	793	-9999	497.2629	5	0.6531	0.6710	-0.0011	85.3872	1.2624	669.0628	327.4713	36.7130	648.2949	95.3241	689.5772	94.8148	697.2251	95.1852	702.3042	95.0694	
20/08/2017	00:59:24	019001	H374085908HLR	L374	S		657.5625	1.0311	0.0000	100.0160	39.6128	0.8230	0.8253	5.0000	17.3419	761.0665	94.9537	16.6925	24.3000	0.9300	0.9353	0.6704	-0.0011	761.0000	761.2127	1.0285	0.3397	99.9359	39.1613	0.8230	0.8188	5.0000	-9999.0000	-9999.0000	-9999.0000	-9999.0000	-9999.0000	-9999.0000	18.6722	6	0	25.8528	1.0000	05	1	-9999.0000	20012	48819	-9999	807	794	-9999	496.3096	5	0.6531	0.6704	-0.0011	85.4813	1.2115	666.4555	333.1217	34.9074	646.4052	95.3472	686.1810	94.9074	692.4715	95.1620	697.6289	95.0463	
20/08/2017	00:59:52	019001	H374085918HLR	L374	S		656.5014	1.0311	0.0000	100.0103	39.6016	0.8230	0.8253	5.0000	17.3115	761.0973	94.9074	15.7324	24.3000	0.9300	0.9353	0.6704	-0.0011	761.0000	762.3207	1.0285	0.4088	99.9723	39.1654	0.8230	0.8188	5.0000	-9999.0000	-9999.0000	-9999.0000	-9999.0000	-9999.0000	-9999.0000	18.7122	7	0	28.4634	1.0000	05	1	-9999.0000	20013	48820	-9999	808	795	-9999	497.1430	5	0.6531	0.6704	-0.0011	85.4813	1.2115	666.6385	330.6930	36.3889	645.3903	95.4861	689.9704	94.8380	697.2477	95.1620	701.7079	95.0463	
20/08/2017	01:00:19	019001	H374085920HLR	L374	S		656.3426	1.0311	0.0000	99.9730	39.6000	0.8230	0.8252	5.0000	17.5518	761.0625	94.8611	15.3818	24.3000	0.9300	0.9353	0.6694	-0.0010	761.0000	761.8003	1.0285	0.3763	100.0050	39.1641	0.8230	0.8188	5.0000	-9999.0000	-9999.0000	-9999.0000	-9999.0000	-9999.0000	-9999.0000	18.8322	8	0	26.8636	1.0000	05	1	-9999.0000	20014	48821	-9999	809	796	-9999	497.4842	5	0.6531	0.6694	-0.0010	87.3349	1.0800	671.1420	343.5706	37.9861	651.3573	95.3935	691.4263	95.0000	699.0259	95.0694	703.4044	95.0926	
20/08/2017	01:00:50	019001	H374085919HLR	L374	S		657.1747	1.0311	0.0000	100.0048	39.5979	0.8230	0.8251	5.0000	17.9318	761.0669	94.9306	16.1221	24.3000	0.9300	0.9353	0.6709	-0.0011	761.0000	760.1135	1.0285	0.2712	99.9471	39.1712	0.8230	0.8187	5.0000	-9999.0000	-9999.0000	-9999.0000	-9999.0000	-9999.0000	-9999.0000	18.9916	1	0	30.5840	1.0000	05	1	-9999.0000	20015	48822	-9999	810	797	-9999	497.0087	5	0.6531	0.6709	-0.0011	79.5354	1.5382	664.3372	326.9223	35.5093	643.0788	95.6250	686.0162	94.7917	693.0807	95.2083	698.4446	95.0694	
20/08/2017	01:03:53	019001	H374085107HLR	L374	S		0.0000	0.0000	0.0000	0.0000	0.0000	0.8230	0.0000	0.0000	0.0000	0.0000	0.0000	0.0000	0.0000	0.9300	0.0000	0.0000	0.0000	0.0000	0.0000	0.0000	0.0000	0.0000	0.0000	0.8230	0.0000	0.0000	0.0000	0.0000	0.0000	0.0000	0.0000	0.0000	0.0000	0	42	30.5840	1.0000	05	1	0.0000	0	0	0	0	0	0	0.0000	0	0.0000	0.0000	0.0000	0.0000	0.0000	0.0000	0.0000	0.0000	0.0000	0.0000	0.0000	0.0000	0.0000	0.0000	0.0000	0.0000	
20/08/2017	01:06:50	019001	H374085823HLR	L374	S		0.0000	0.0000	0.0000	0.0000	0.0000	0.8230	0.0000	0.0000	0.0000	0.0000	0.0000	0.0000	0.0000	0.9300	0.0000	0.0000	0.0000	0.0000	0.0000	0.0000	0.0000	0.0000	0.0000	0.8230	0.0000	0.0000	0.0000	0.0000	0.0000	0.0000	0.0000	0.0000	0.0000	0	42	30.5840	1.0000	05	1	0.0000	0	0	0	0	0	0	0.0000	0	0.0000	0.0000	0.0000	0.0000	0.0000	0.0000	0.0000	0.0000	0.0000	0.0000	0.0000	0.0000	0.0000	0.0000	0.0000	0.0000	
20/08/2017	01:07:10	019001	H374085902HLR	L374	S		657.3034	1.0311	0.0000	100.0495	39.6000	0.8230	0.8251	5.0000	17.9924	761.1005	94.8611	14.3621	24.3000	0.9300	0.9353	0.6695	-0.0010	761.0000	761.5838	1.0285	0.3628	99.9208	39.1705	0.8230	0.8187	5.0000	-9999.0000	-9999.0000	-9999.0000	-9999.0000	-9999.0000	-9999.0000	18.9527	2	0	380.0958	1.0000	05	1	-9999.0000	20016	48823	-9999	811	797	-9999	498.4922	5	0.6532	0.6695	-0.0010	85.9410	1.1014	671.7996	328.2366	37.0833	650.8646	95.4861	694.7653	94.7917	702.8602	95.1852	707.8492	95.0694	
20/08/2017	01:07:40	019001	H374085892HLR	L374	S		659.1104	1.0311	0.0000	99.9543	39.6382	0.8230	0.8251	5.0000	17.9923	761.0729	94.9074	16.3018	24.3000	0.9300	0.9352	0.6669	-0.0009	761.0000	761.3828	1.0285	0.3503	99.9495	39.1751	0.8230	0.8187	5.0000	-9999.0000	-9999.0000	-9999.0000	-9999.0000	-9999.0000	-9999.0000	18.7423	3	0	30.1531	1.0000	05	1	-9999.0000	20017	48824	-9999	812	798	-9999	497.0081	5	0.6534	0.6669	-0.0009	90.8657	0.7940	669.9625	329.4333	36.4120	649.6552	95.6250	691.0217	94.8148	697.6301	95.1620	702.3106	95.0694	
20/08/2017	01:08:10	019001	H374085821HLR	L374	S		662.6834	1.0311	0.0000	99.9685	39.6208	0.8230	0.8252	5.0000	17.5324	761.0649	94.8380	13.5817	24.3000	0.9300	0.9352	0.6616	-0.0005	761.0000	760.4504	1.0285	0.2922	99.9764	38.8754	0.8230	0.8191	5.0000	-9999.0000	-9999.0000	-9999.0000	-9999.0000	-9999.0000	-9999.0000	18.7424	4	0	30.1236	1.0000	05	1	-9999.0000	20018	48825	-9999	812	799	-9999	498.0665	5	0.6531	0.6616	-0.0005	108.2111	-0.2677	682.5665	336.2898	36.6898	661.1589	95.4167	706.0559	94.8611	713.3399	95.1852	717.9073	95.0694	
20/08/2017	01:08:40	019001	H374085930HLR	L374	S		656.3646	1.0311	0.0000	100.0343	39.6095	0.8230	0.8251	5.0000	17.6612	761.0526	94.9769	18.4417	24.3000	0.9300	0.9354	0.6630	-0.0006	761.0000	763.3759	1.0285	0.4745	99.9314	39.0142	0.8230	0.8196	5.0000	-9999.0000	-9999.0000	-9999.0000	-9999.0000	-9999.0000	-9999.0000	18.3723	5	0	29.2838	1.0000	05	1	-9999.0000	20019	48826	-9999	813	800	-9999	496.4105	5	0.6533	0.6630	-0.0006	112.8736	-0.5676	672.5651	332.1620	37.3380	650.6947	95.6481	691.4770	95.0231	697.3249	95.0926	701.5631	95.0926	
20/08/2017	01:09:06	019001	H374085923HLR	L374	S		659.7433	1.0311	0.0000	99.9120	39.6000	0.8230	0.8251	5.0000	17.8224	761.0643	94.9074	14.4217	24.3000	0.9300	0.9351	0.6630	-0.0006	761.0000	761.7419	1.0285	0.3727	100.0081	39.0608	0.8230	0.8192	5.0000	-9999.0000	-9999.0000	-9999.0000	-9999.0000	-9999.0000	-9999.0000	18.3821	6	0	26.8236	1.0000	05	1	-9999.0000	20020	48827	-9999	813	801	-9999	497.8835	5	0.6533	0.6630	-0.0006	112.8736	-0.5676	678.5547	330.2722	36.1343	656.3523	95.3935	701.8662	94.8148	708.1120	95.1389	712.8831	95.0694	
20/08/2017	01:09:33	019001	H374085787HLR	L374	S		652.7065	1.0311	0.0000	99.9874	39.6382	0.8230	0.8253	5.0000	17.3019	761.0876	94.9769	17.9924	24.3000	0.9300	0.9356	0.6661	-0.0008	761.0000	761.3669	1.0285	0.3493	99.8707	39.0002	0.8230	0.8184	5.0000	-9999.0000	-9999.0000	-9999.0000	-9999.0000	-9999.0000	-9999.0000	20.3033	7	0	26.8432	1.0000	05	1	-9999.0000	20021	48828	-9999	813	802	-9999	496.0865	5	0.6533	0.6661	-0.0008	110.9284	-0.4485	667.7966	304.3889	35.0694	641.3689	96.6667	686.1430	94.9537	692.2901	94.8380	696.9848	94.9769	
20/08/2017	01:09:59	019001	H374085431HLR	L374	S		647.1167	1.0311	0.0000	99.9363	39.3914	0.8230	0.8255	5.0000	17.2628	761.0667	94.9769	18.6224	24.2000	0.9300	0.9352	0.6679	-0.0009	761.0000	759.3853	1.0285	0.2258	99.9011	39.0448	0.8230	0.8192	5.0000	-9999.0000	-9999.0000	-9999.0000	-9999.0000	-9999.0000	-9999.0000	18.4923	8	0	25.9131	1.0000	05	1	-9999.0000	20022	48829	-9999	813	803	-9999	495.4228	5	0.6531	0.6679	-0.0009	84.9871	1.1651	659.5892	336.0357	37.6389	638.2913	95.7870	680.0616	94.7685	687.1956	95.1157	691.6451	94.9769	
20/08/2017	01:10:28	019001	H374085796HLR	L374	S		655.9355	1.0311	0.0000	99.9840	39.4760	0.8230	0.8259	5.0000	17.1122	761.0453	94.9769	17.1427	24.2000	0.9300	0.9350	0.6675	-0.0009	761.0000	760.4319	1.0285	0.2911	99.8591	39.0766	0.8230	0.8190	5.0000	-9999.0000	-9999.0000	-9999.0000	-9999.0000	-9999.0000	-9999.0000	18.5022	1	0	29.3229	1.0000	05	1	-9999.0000	20023	48830	-9999	814	804	-9999	496.1650	5	0.6532	0.6675	-0.0009	84.8350	1.1794	663.2845	331.3442	37.2917	641.0507	95.5093	684.5215	94.7917	691.5976	95.1157	696.2193	95.0463	
20/08/2017	01:10:59	019001	H374085784HLR	L374	S		656.1524	1.0311	0.0000	99.9935	39.5899	0.8230	0.8255	5.0000	17.7717	761.0941	94.8843	15.1815	24.3000	0.9300	0.9351	0.6675	-0.0009	761.0000	761.6953	1.0285	0.3698	100.0332	39.0752	0.8230	0.8191	5.0000	-9999.0000	-9999.0000	-9999.0000	-9999.0000	-9999.0000	-9999.0000	18.4123	2	0	30.6844	1.0000	05	1	-9999.0000	20024	48831	-9999	815	805	-9999	497.4696	5	0.6532	0.6675	-0.0009	84.8350	1.1794	671.7303	339.5907	36.7361	650.9342	95.5093	692.8120	94.8843	700.3385	95.0694	705.1662	95.0231	
20/08/2017	01:11:28	019001	H374085806HLR	L374	S		657.5244	1.0311	0.0000	99.9868	39.5500	0.8230	0.8252	5.0000	17.7824	761.0686	94.8843	14.6815	24.2000	0.9300	0.9351	0.6662	-0.0008	761.0000	761.1116	1.0285	0.3334	99.9313	39.0728	0.8230	0.8189	5.0000	-9999.0000	-9999.0000	-9999.0000	-9999.0000	-9999.0000	-9999.0000	18.4720	3	0	28.7329	1.0000	05	1	-9999.0000	20025	48832	-9999	816	806	-9999	497.7317	5	0.6529	0.6662	-0.0008	80.8600	1.4543	672.4147	342.0304	35.7870	651.5700	95.5787	696.2039	94.8380	703.3146	95.1157	707.7648	95.0463	
20/08/2017	01:12:51	019001	H374085098HLR	L374	S		0.0000	0.0000	0.0000	0.0000	0.0000	0.8230	0.0000	0.0000	0.0000	0.0000	0.0000	0.0000	0.0000	0.9300	0.0000	0.0000	0.0000	0.0000	0.0000	0.0000	0.0000	0.0000	0.0000	0.8230	0.0000	0.0000	0.0000	0.0000	0.0000	0.0000	0.0000	0.0000	0.0000	0	42	28.7329	1.0000	05	2	0.0000	0	0	0	0	0	0	0.0000	0	0.0000	0.0000	0.0000	0.0000	0.0000	0.0000	0.0000	0.0000	0.0000	0.0000	0.0000	0.0000	0.0000	0.0000	0.0000	0.0000	
20/08/2017	01:13:11	019001	H374085828HLR	L374	S		658.6454	1.0311	0.0000	99.9039	39.5367	0.8230	0.8254	5.0000	17.3117	761.1355	94.9074	14.4119	24.3000	0.9300	0.9351	0.6640	-0.0007	761.0000	761.2262	1.0285	0.3406	99.8693	39.0637	0.8230	0.8189	5.0000	-9999.0000	-9999.0000	-9999.0000	-9999.0000	-9999.0000	-9999.0000	18.4221	4	0	103.6630	1.0000	05	1	-9999.0000	20026	48833	-9999	817	807	-9999	497.9163	5	0.6529	0.6640	-0.0007	74.6068	1.8790	676.9193	335.7244	34.9537	655.9190	95.3241	699.0418	94.9537	705.8042	95.0463	710.9342	95.0694	
20/08/2017	01:13:40	019001	H374085812HLR	L374	S		651.8400	1.0311	0.0000	99.9576	39.5412	0.8230	0.8255	5.0000	17.2111	761.0660	94.9537	17.1622	24.2000	0.9300	0.9353	0.6638	-0.0007	761.0000	761.6124	1.0285	0.3646	99.9928	39.0692	0.8230	0.8190	5.0000	-9999.0000	-9999.0000	-9999.0000	-9999.0000	-9999.0000	-9999.0000	18.4719	5	0	28.6032	1.0000	05	1	-9999.0000	20027	48834	-9999	818	808	-9999	496.5199	5	0.6530	0.6638	-0.0007	75.7605	1.7817	668.6053	340.0499	35.7870	647.4059	95.6250	689.4891	94.7917	696.4448	95.1620	700.5007	95.0463	
20/08/2017	01:14:10	019001	H374085891HLR	L374	S		650.3691	1.0311	0.0000	99.9178	39.5432	0.8230	0.8256	5.0000	17.0724	761.0768	94.9769	19.1820	24.2000	0.9300	0.9353	0.6641	-0.0007	761.0000	760.6420	1.0285	0.3042	99.9385	38.8816	0.8230	0.8190	5.0000	-9999.0000	-9999.0000	-9999.0000	-9999.0000	-9999.0000	-9999.0000	18.5629	6	0	29.9538	1.0000	05	1	-9999.0000	20028	48835	-9999	819	809	-9999	495.5038	5	0.6530	0.6641	-0.0007	77.2267	1.7149	662.8307	353.1849	36.1343	643.8780	95.6019	680.1739	95.0463	687.0353	95.0694	691.7697	95.0694	
20/08/2017	01:14:38	019001	H374085793HLR	L374	S		654.7350	1.0311	0.0000	99.9524	39.5548	0.8230	0.8254	5.0000	17.2219	761.0978	94.9537	16.5518	24.3000	0.9300	0.9352	0.6638	-0.0007	761.0000	759.7485	1.0285	0.2485	100.0363	39.0501	0.8230	0.8198	5.0000	-9999.0000	-9999.0000	-9999.0000	-9999.0000	-9999.0000	-9999.0000	18.3216	7	0	28.3529	1.0000	05	2	-9999.0000	20029	48836	-9999	820	810	-9999	496.7663	5	0.6529	0.6638	-0.0007	75.3946	1.8176	671.9497	330.6482	37.9398	652.1162	95.2315	690.7285	94.8843	697.5998	95.1389	702.1906	95.0694	
20/08/2017	01:15:06	019001	H374085813HLR	L374	S		654.0340	1.0311	0.0000	99.9689	39.5500	0.8230	0.8255	5.0000	16.9524	761.0699	94.9769	18.4720	24.2000	0.9300	0.9352	0.6645	-0.0007	761.0000	762.4342	1.0285	0.4158	99.9085	39.1130	0.8230	0.8194	5.0000	-9999.0000	-9999.0000	-9999.0000	-9999.0000	-9999.0000	-9999.0000	18.3419	8	0	27.6841	1.0000	05	2	-9999.0000	20030	48837	-9999	821	811	-9999	495.7129	5	0.6529	0.6645	-0.0007	73.9823	1.9448	667.8063	343.6509	39.2361	647.9727	95.1620	687.1098	94.8611	692.7496	95.0926	696.9773	95.0926	
20/08/2017	01:15:34	019001	H374085814HLR	L374	S		652.0645	1.0311	0.0000	99.8542	39.5367	0.8230	0.8247	5.0000	19.1517	761.0854	94.9769	16.4522	24.3000	0.9300	0.9354	0.6617	-0.0006	761.0000	759.3289	1.0285	0.2223	100.0793	39.0723	0.8230	0.8190	5.0000	-9999.0000	-9999.0000	-9999.0000	-9999.0000	-9999.0000	-9999.0000	18.4124	1	0	27.6332	1.0000	05	2	-9999.0000	20031	48838	-9999	822	812	-9999	496.7204	5	0.6525	0.6617	-0.0006	79.6861	1.6107	670.9847	338.6565	38.1481	651.5923	95.9954	689.3895	95.0000	695.7657	94.9769	700.7837	94.9306	
20/08/2017	01:16:03	019001	H374085804HLR	L374	S		651.1248	1.0311	0.0000	99.9610	39.3286	0.8230	0.8253	5.0000	17.3321	761.0482	94.9769	18.4622	24.2000	0.9300	0.9352	0.6610	-0.0005	761.0000	763.0682	1.0285	0.4554	99.9616	39.0435	0.8230	0.8190	5.0000	-9999.0000	-9999.0000	-9999.0000	-9999.0000	-9999.0000	-9999.0000	18.5120	2	0	29.6432	1.0000	05	2	-9999.0000	20032	48839	-9999	823	813	-9999	495.9322	5	0.6528	0.6610	-0.0005	77.4405	1.7533	669.9705	339.8060	37.4306	650.0113	95.7176	689.7621	94.8380	694.7850	95.0926	698.8616	95.0000	
20/08/2017	01:16:31	019001	H374085815HLR	L374	S		656.1069	1.0311	0.0000	100.0437	39.4375	0.8230	0.8261	5.0000	17.1620	761.0930	94.9537	16.2119	24.3000	0.9300	0.9351	0.6626	-0.0006	761.0000	762.2146	1.0285	0.4022	99.9407	39.0625	0.8230	0.8191	5.0000	-9999.0000	-9999.0000	-9999.0000	-9999.0000	-9999.0000	-9999.0000	18.4425	3	0	27.8735	1.0000	05	2	-9999.0000	20033	48840	-9999	824	814	-9999	497.0388	5	0.6525	0.6626	-0.0006	80.1260	1.5883	675.5304	353.9805	38.7963	656.0392	95.2546	693.8984	94.8148	701.2883	95.1157	705.6583	95.0463	
20/08/2017	01:17:01	019001	H374085816HLR	L374	S		659.0974	1.0311	0.0000	100.0259	39.6412	0.8230	0.8259	5.0000	17.1318	761.1033	94.9537	16.1426	24.2000	0.9300	0.9350	0.6626	-0.0006	761.0000	763.2438	1.0285	0.4663	99.9778	39.0723	0.8230	0.8190	5.0000	-9999.0000	-9999.0000	-9999.0000	-9999.0000	-9999.0000	-9999.0000	18.4113	4	0	29.9040	1.0000	05	2	-9999.0000	20034	48841	-9999	825	815	-9999	497.0659	5	0.6528	0.6626	-0.0006	80.2013	1.5918	675.3720	354.1019	38.5648	655.6813	95.2315	695.2966	94.9074	702.2461	95.1157	706.7985	95.0463	
20/08/2017	01:17:32	019001	H374085818HLR	L374	S		652.8582	1.0311	0.0000	99.9332	39.5962	0.8230	0.8253	5.0000	17.1622	761.0403	94.8843	15.5322	24.3000	0.9300	0.9352	0.6626	-0.0006	761.0000	760.6380	1.0285	0.3039	99.9998	39.0674	0.8230	0.8190	5.0000	-9999.0000	-9999.0000	-9999.0000	-9999.0000	-9999.0000	-9999.0000	18.4827	5	0	31.2333	1.0000	05	2	-9999.0000	20035	48842	-9999	826	816	-9999	497.3925	5	0.6528	0.6626	-0.0006	80.2013	1.5918	679.1580	354.4735	39.4907	659.2700	95.0694	697.6933	95.0694	703.7842	95.0463	708.0476	95.0694	
20/08/2017	01:18:02	019001	H374085817HLR	L374	S		649.8029	1.0311	0.0000	99.9767	39.5028	0.8230	0.8255	5.0000	16.9220	761.0724	94.9769	18.1926	24.2000	0.9300	0.9353	0.6655	-0.0008	761.0000	761.5069	1.0285	0.3581	100.0786	39.0744	0.8230	0.8190	5.0000	-9999.0000	-9999.0000	-9999.0000	-9999.0000	-9999.0000	-9999.0000	18.4331	6	0	29.4138	1.0000	05	2	-9999.0000	20036	48842	-9999	827	817	-9999	495.8123	5	0.6525	0.6655	-0.0008	79.8369	1.6299	669.2947	352.2556	39.3519	651.0743	95.2315	685.8494	94.9537	692.6910	95.0694	697.2752	95.1157	
20/08/2017	01:18:30	019001	H374085827HLR	L374	S		656.4631	1.0311	0.0000	99.9771	39.5173	0.8230	0.8256	5.0000	17.1319	761.0820	94.8843	15.7119	24.2000	0.9300	0.9350	0.6655	-0.0008	761.0000	762.2361	1.0285	0.4035	99.9958	39.0716	0.8230	0.8189	5.0000	-9999.0000	-9999.0000	-9999.0000	-9999.0000	-9999.0000	-9999.0000	18.4017	7	0	28.6137	1.0000	05	2	-9999.0000	20037	48842	-9999	828	818	-9999	497.2008	5	0.6525	0.6655	-0.0008	79.8369	1.6299	673.5214	350.3851	37.6852	653.9899	95.3704	693.7218	95.0463	700.3764	95.0926	704.7287	95.0926	
20/08/2017	01:19:01	019001	H374085808HLR	L374	S		650.7237	1.0311	0.0000	100.0329	39.5500	0.8230	0.8256	5.0000	17.1319	761.0917	94.9769	18.3821	24.2000	0.9300	0.9352	0.6663	-0.0008	761.0000	760.2403	1.0285	0.2791	99.9827	39.0740	0.8230	0.8191	5.0000	-9999.0000	-9999.0000	-9999.0000	-9999.0000	-9999.0000	-9999.0000	18.3214	8	0	30.7138	1.0000	05	2	-9999.0000	20038	48843	-9999	829	819	-9999	495.5408	5	0.6523	0.6663	-0.0008	80.1012	1.6120	666.1221	351.5728	37.1759	646.7225	95.5324	682.0547	95.0926	688.9904	95.0926	693.0958	95.0694	
20/08/2017	01:19:30	019001	H374085807HLR	L374	S		651.5337	1.0311	0.0000	99.9763	39.5500	0.8230	0.8255	5.0000	17.1827	761.0521	95.0000	19.0922	24.2000	0.9300	0.9352	0.6675	-0.0009	761.0000	762.0422	1.0285	0.3914	99.9506	39.0809	0.8230	0.8190	5.0000	-9999.0000	-9999.0000	-9999.0000	-9999.0000	-9999.0000	-9999.0000	18.4123	1	0	28.5434	1.0000	05	2	-9999.0000	20039	48844	-9999	830	820	-9999	495.0577	5	0.6520	0.6675	-0.0009	80.9755	1.5825	666.8062	351.5977	39.0509	647.3541	95.2778	683.5860	95.0231	689.4159	95.0463	693.3746	95.0926	
20/08/2017	01:20:01	019001	H374085789HLR	L374	S		653.2938	1.0311	0.0000	99.9371	39.5500	0.8230	0.8254	5.0000	17.3721	761.0452	94.9537	17.9123	24.3000	0.9300	0.9352	0.6655	-0.0008	761.0000	761.6765	1.0285	0.3686	99.8753	39.0911	0.8230	0.8189	5.0000	-9999.0000	-9999.0000	-9999.0000	-9999.0000	-9999.0000	-9999.0000	18.5424	2	0	30.9736	1.0000	05	2	-9999.0000	20040	48845	-9999	830	821	-9999	495.7784	5	0.6520	0.6655	-0.0008	80.8257	1.5803	667.3691	341.5787	38.8426	647.8856	95.2083	684.0126	95.1157	690.5267	95.0463	695.3056	95.0926	
20/08/2017	01:20:29	019001	H374085799HLR	L374	S		655.6114	1.0311	0.0000	99.9290	39.5500	0.8230	0.8254	5.0000	17.2714	761.0786	94.9537	16.4522	24.3000	0.9300	0.9352	0.6671	-0.0009	761.0000	760.0303	1.0285	0.2660	100.0640	39.0857	0.8230	0.8190	5.0000	-9999.0000	-9999.0000	-9999.0000	-9999.0000	-9999.0000	-9999.0000	18.4828	3	0	28.4438	1.0000	05	2	-9999.0000	20041	48846	-9999	831	822	-9999	496.6690	5	0.6521	0.6671	-0.0009	78.8686	1.6987	673.0036	340.9951	36.2037	653.4468	95.4861	692.1883	94.8611	697.7236	95.1157	702.3634	95.0926	
20/08/2017	01:20:59	019001	H374085790HLR	L374	S		655.6993	1.0311	0.0000	99.9253	39.5500	0.8230	0.8254	5.0000	17.4414	761.0640	94.9769	19.0423	24.3000	0.9300	0.9353	0.6666	-0.0009	761.0000	761.4554	1.0285	0.3548	99.8842	39.0903	0.8230	0.8189	5.0000	-9999.0000	-9999.0000	-9999.0000	-9999.0000	-9999.0000	-9999.0000	18.4514	4	0	29.7233	1.0000	05	2	-9999.0000	20042	48847	-9999	832	823	-9999	494.9279	5	0.6516	0.6666	-0.0009	82.2826	1.5070	665.1208	347.7340	36.3657	644.2408	95.5787	682.0210	94.9537	687.7331	95.0926	692.6704	95.0926	
20/08/2017	01:21:28	019001	H374085800HLR	L374	S		652.3078	1.0311	0.0000	99.9809	39.5500	0.8230	0.8255	5.0000	17.1026	761.0917	94.9306	16.3418	24.3000	0.9300	0.9354	0.6661	-0.0008	761.0000	759.1230	1.0285	0.2095	99.9889	39.0853	0.8230	0.8190	5.0000	-9999.0000	-9999.0000	-9999.0000	-9999.0000	-9999.0000	-9999.0000	18.5228	5	0	29.2838	1.0000	05	2	-9999.0000	20043	48848	-9999	833	824	-9999	496.5517	5	0.6517	0.6661	-0.0008	80.7012	1.5978	666.6508	326.5573	36.6667	645.6990	95.4398	686.8123	94.9074	694.6071	95.1389	699.3639	95.0694	
20/08/2017	01:21:57	019001	H374085802HLR	L374	S		651.4478	1.0311	0.0000	99.9904	39.5692	0.8230	0.8256	5.0000	17.3020	761.0643	94.9769	19.2221	24.2000	0.9300	0.9353	0.6661	-0.0008	761.0000	761.6749	1.0285	0.3685	99.9759	39.1022	0.8230	0.8189	5.0000	-9999.0000	-9999.0000	-9999.0000	-9999.0000	-9999.0000	-9999.0000	18.5630	6	0	29.4234	1.0000	05	2	-9999.0000	20044	48849	-9999	834	825	-9999	494.6913	5	0.6517	0.6661	-0.0008	77.3079	1.7823	661.2369	330.3233	37.0602	639.7334	95.5556	680.4866	94.9537	687.0737	95.0926	690.9550	95.0694	
20/08/2017	01:22:27	019001	H374085801HLR	L374	S		652.2897	1.0311	0.0000	99.8619	39.5500	0.8230	0.8252	5.0000	17.8116	761.0990	94.9306	16.2627	24.3000	0.9300	0.9353	0.6657	-0.0008	761.0000	758.7813	1.0285	0.1882	100.0619	39.1003	0.8230	0.8189	5.0000	-9999.0000	-9999.0000	-9999.0000	-9999.0000	-9999.0000	-9999.0000	18.5522	7	0	29.3131	1.0000	05	2	-9999.0000	20045	48850	-9999	835	826	-9999	496.6303	5	0.6516	0.6657	-0.0008	87.1372	1.1781	666.1026	326.3351	36.5741	644.5510	95.3935	688.1075	94.8611	695.5237	95.0926	700.6536	95.1157	
20/08/2017	01:22:57	019001	H374085811HLR	L374	S		650.2706	1.0311	0.0000	99.9427	39.5500	0.8230	0.8255	5.0000	17.2414	761.0967	94.9769	18.2425	24.3000	0.9300	0.9353	0.6680	-0.0009	761.0000	760.1867	1.0285	0.2758	100.0669	39.0955	0.8230	0.8190	5.0000	-9999.0000	-9999.0000	-9999.0000	-9999.0000	-9999.0000	-9999.0000	18.3723	8	0	30.4334	1.0000	05	2	-9999.0000	20046	48851	-9999	836	827	-9999	495.4170	5	0.6518	0.6680	-0.0009	87.8672	1.1396	659.7119	329.0784	36.6667	638.6359	95.5556	682.1976	94.8843	689.3920	95.1389	693.4717	95.0694	
20/08/2017	01:23:28	019001	H374085932HLR	L374	S		651.9836	1.0311	0.0000	99.9516	39.5500	0.8230	0.8255	5.0000	17.0821	761.0675	94.9537	17.1320	24.3000	0.9300	0.9353	0.6741	-0.0013	761.0000	759.5173	1.0285	0.2341	100.0071	39.0884	0.8230	0.8190	5.0000	-9999.0000	-9999.0000	-9999.0000	-9999.0000	-9999.0000	-9999.0000	18.5319	1	0	31.3242	1.0000	05	2	-9999.0000	20047	48852	-9999	837	828	-9999	496.2789	5	0.6517	0.6741	-0.0013	85.2544	1.3097	663.2669	324.5301	36.1806	643.0629	95.5556	683.2138	94.9074	690.5211	95.1157	695.6817	95.0926	
20/08/2017	01:23:59	019001	H374085910HLR	L374	S		653.5105	1.0311	0.0000	100.1137	39.5596	0.8230	0.8254	5.0000	17.3419	761.1350	94.9306	17.7317	24.3000	0.9300	0.9353	0.6794	-0.0016	761.0000	762.2969	1.0285	0.4073	99.9740	39.0970	0.8230	0.8189	5.0000	-9999.0000	-9999.0000	-9999.0000	-9999.0000	-9999.0000	-9999.0000	18.5022	2	0	30.5241	1.0000	05	2	-9999.0000	20048	48853	-9999	838	829	-9999	496.0549	5	0.6517	0.6794	-0.0016	85.1318	1.3162	659.2151	336.9373	38.5417	639.6284	95.2546	677.6407	94.9306	684.6008	95.1157	690.4384	95.0463	
20/08/2017	01:24:30	019001	H374085912HLR	L374	S		653.2696	1.0311	0.0000	100.0560	39.5500	0.8230	0.8255	5.0000	17.0421	761.0805	94.9769	17.1925	24.3000	0.9300	0.9354	0.6790	-0.0015	761.0000	761.5939	1.0285	0.3635	100.0841	39.0975	0.8230	0.8189	5.0000	-9999.0000	-9999.0000	-9999.0000	-9999.0000	-9999.0000	-9999.0000	18.4721	3	0	31.1435	1.0000	05	2	-9999.0000	20049	48854	-9999	839	830	-9999	496.8221	5	0.6518	0.6790	-0.0015	84.6664	1.3472	653.8911	335.1109	37.9861	632.8074	95.3935	674.2705	95.0231	681.3649	95.0926	687.5941	95.1157	
20/08/2017	01:25:00	019001	H374085911HLR	L374	S		651.5462	1.0311	0.0000	99.9613	39.5563	0.8230	0.8254	5.0000	17.4220	761.0990	94.9769	18.9320	24.2000	0.9300	0.9354	0.6796	-0.0016	761.0000	760.8508	1.0285	0.3172	99.9407	39.0869	0.8230	0.8189	5.0000	-9999.0000	-9999.0000	-9999.0000	-9999.0000	-9999.0000	-9999.0000	18.5023	4	0	30.3033	1.0000	05	2	-9999.0000	20050	48855	-9999	840	831	-9999	494.8782	5	0.6519	0.6796	-0.0016	84.6191	1.3488	652.8417	335.3241	36.0417	634.1953	95.6019	670.9383	94.9306	677.9910	95.0926	683.2960	95.0694	
20/08/2017	01:25:30	019001	H374085926HLR	L374	S		653.2157	1.0311	0.0000	99.9410	39.5548	0.8230	0.8254	5.0000	17.3428	761.0649	94.9769	19.1723	24.2000	0.9300	0.9354	0.6799	-0.0016	761.0000	761.8143	1.0285	0.3772	99.9578	39.0932	0.8230	0.8189	5.0000	-9999.0000	-9999.0000	-9999.0000	-9999.0000	-9999.0000	-9999.0000	18.4222	5	0	29.8942	1.0000	05	2	-9999.0000	20051	48856	-9999	841	832	-9999	494.5846	5	0.6518	0.6799	-0.0016	84.7596	1.3421	654.4479	334.4563	36.6667	636.4263	95.5093	670.2877	94.8380	677.3414	95.1157	682.4469	95.0926	
20/08/2017	01:25:59	019001	H374085931HLR	L374	S		651.5577	1.0311	0.0000	100.0527	39.5615	0.8230	0.8247	5.0000	19.1820	761.0711	94.9537	19.0717	24.2000	0.9300	0.9354	0.6796	-0.0016	761.0000	761.1187	1.0285	0.3339	99.8949	39.0879	0.8230	0.8189	5.0000	-9999.0000	-9999.0000	-9999.0000	-9999.0000	-9999.0000	-9999.0000	18.4817	6	0	29.0826	1.0000	05	2	-9999.0000	20052	48857	-9999	842	833	-9999	494.5335	5	0.6520	0.6796	-0.0016	85.6752	1.2926	650.9868	344.8959	38.7500	631.3809	95.2778	669.3177	94.8380	675.7880	95.1620	680.8125	95.0694	
20/08/2017	01:26:29	019001	H374085909HLR	L374	S		651.2938	1.0311	0.0000	100.0098	39.5850	0.8230	0.8255	5.0000	17.3116	761.1094	94.9537	19.0121	24.2000	0.9300	0.9354	0.6785	-0.0015	761.0000	760.5414	1.0285	0.2979	99.9494	39.0930	0.8230	0.8190	5.0000	-9999.0000	-9999.0000	-9999.0000	-9999.0000	-9999.0000	-9999.0000	18.4320	7	0	29.3240	1.0000	05	2	-9999.0000	20053	48858	-9999	843	834	-9999	494.6341	5	0.6520	0.6785	-0.0015	85.7787	1.2791	651.9912	336.7859	37.1528	632.6967	95.5787	668.7745	95.0000	675.4006	95.0926	680.1273	95.0926	
20/08/2017	01:27:00	019001	H374085907HLR	L374	S		651.2009	1.0311	0.0000	99.9351	39.5771	0.8230	0.8252	5.0000	17.6417	761.0701	94.9537	18.7718	24.2000	0.9300	0.9353	0.6804	-0.0016	761.0000	759.9279	1.0285	0.2596	99.8479	39.0993	0.8230	0.8189	5.0000	-9999.0000	-9999.0000	-9999.0000	-9999.0000	-9999.0000	-9999.0000	18.4522	8	0	30.8036	1.0000	05	2	-9999.0000	20054	48859	-9999	844	835	-9999	495.0486	5	0.6516	0.6804	-0.0016	91.5087	0.9499	652.7226	332.6473	38.6806	632.9619	95.3472	669.3580	94.9074	677.5912	95.1157	681.9180	95.0926	
20/08/2017	01:27:30	019001	H374085901HLR	L374	S		653.4960	1.0311	0.0000	100.0004	39.5500	0.8230	0.8255	5.0000	17.0225	761.1099	94.9537	17.7522	24.3000	0.9300	0.9353	0.6807	-0.0016	761.0000	761.3001	1.0285	0.3452	99.9155	39.0957	0.8230	0.8190	5.0000	-9999.0000	-9999.0000	-9999.0000	-9999.0000	-9999.0000	-9999.0000	18.4114	1	0	30.9040	1.0000	05	2	-9999.0000	20055	48860	-9999	845	836	-9999	496.2442	5	0.6515	0.6807	-0.0016	90.8343	0.9892	655.2729	337.6135	37.4074	636.2498	95.5324	673.5463	94.9769	680.8801	95.0694	686.1021	95.0694	
20/08/2017	01:28:01	019001	H374085785HLR	L374	S		653.5877	1.0311	0.0000	99.9670	39.5500	0.8230	0.8255	5.0000	17.0820	761.0990	94.9537	17.6320	24.3000	0.9300	0.9354	0.6802	-0.0016	761.0000	760.8989	1.0285	0.3202	99.9327	39.0999	0.8230	0.8189	5.0000	-9999.0000	-9999.0000	-9999.0000	-9999.0000	-9999.0000	-9999.0000	18.4222	2	0	30.6641	1.0000	05	2	-9999.0000	20056	48861	-9999	846	837	-9999	496.3570	5	0.6512	0.6802	-0.0016	92.4302	0.8998	655.8657	346.1407	38.1944	636.3601	95.4630	674.8889	94.8380	682.3622	95.1852	686.4922	95.0694	
20/08/2017	01:28:29	019001	H374085899HLR	L374	S		653.9080	1.0311	0.0000	100.0753	39.5445	0.8230	0.8247	5.0000	18.9926	761.1066	94.9769	17.2121	24.3000	0.9300	0.9355	0.6790	-0.0015	761.0000	761.2739	1.0285	0.3435	100.0246	39.0853	0.8230	0.8189	5.0000	-9999.0000	-9999.0000	-9999.0000	-9999.0000	-9999.0000	-9999.0000	18.4330	3	0	28.4028	1.0000	05	2	-9999.0000	20057	48862	-9999	847	838	-9999	496.9375	5	0.6514	0.6790	-0.0015	94.3159	0.7890	656.9441	340.6876	38.3333	637.1221	95.4167	676.6101	95.0000	683.8044	95.0463	689.2113	95.0926	
20/08/2017	01:28:56	019001	H374085556HLR	L374	S		647.4267	1.0311	0.0000	99.9952	39.5692	0.8230	0.8257	5.0000	17.1014	761.0839	94.9537	19.3324	24.2000	0.9300	0.9354	0.6765	-0.0014	761.0000	760.6382	1.0285	0.3039	100.0336	39.0853	0.8230	0.8189	5.0000	-9999.0000	-9999.0000	-9999.0000	-9999.0000	-9999.0000	-9999.0000	18.4427	4	0	26.5940	1.0000	05	2	-9999.0000	20058	48863	-9999	848	839	-9999	494.5029	5	0.6511	0.6765	-0.0014	97.3172	0.6250	649.4714	340.1962	36.9676	630.7658	95.6019	668.0611	95.0694	675.0232	95.0694	680.1260	95.0926	
20/08/2017	01:29:27	019001	H374085195HLR	L374	S		652.6156	1.0311	0.0000	99.9562	39.5914	0.8230	0.8254	5.0000	17.2522	761.0765	94.9537	18.7923	24.2000	0.9300	0.9353	0.6771	-0.0014	761.0000	762.7400	1.0285	0.4349	100.0169	39.0925	0.8230	0.8190	5.0000	-9999.0000	-9999.0000	-9999.0000	-9999.0000	-9999.0000	-9999.0000	18.4123	5	0	30.7927	1.0000	05	2	-9999.0000	20059	48864	-9999	849	840	-9999	495.1134	5	0.6512	0.6771	-0.0014	95.2003	0.7305	656.1971	341.5184	36.1343	636.5357	95.6250	674.0763	94.9306	681.5829	95.0463	685.9615	95.0926	
20/08/2017	01:29:52	019001	H374085889HLR	L374	S		651.2711	1.0311	0.0000	100.0450	39.5500	0.8230	0.8255	5.0000	17.0519	761.0597	94.9537	19.1527	24.2000	0.9300	0.9354	0.6758	-0.0013	761.0000	760.5248	1.0285	0.2968	100.0285	39.1042	0.8230	0.8190	5.0000	-9999.0000	-9999.0000	-9999.0000	-9999.0000	-9999.0000	-9999.0000	18.4925	6	0	24.9934	1.0000	05	2	-9999.0000	20060	48865	-9999	850	841	-9999	494.6855	5	0.6511	0.6758	-0.0013	94.3214	0.7771	653.6675	334.5136	36.9676	634.8449	95.6250	670.3785	94.8611	677.4077	95.0926	682.6459	95.1157	
20/08/2017	01:30:22	019001	H374085890HLR	L374	S		657.1685	1.0311	0.0000	100.0799	39.5500	0.8230	0.8255	5.0000	17.0724	761.0735	94.9769	16.2422	24.3000	0.9300	0.9353	0.6751	-0.0013	761.0000	763.0586	1.0285	0.4548	99.9719	39.1036	0.8230	0.8188	5.0000	-9999.0000	-9999.0000	-9999.0000	-9999.0000	-9999.0000	-9999.0000	18.6516	7	0	30.1237	1.0000	05	2	-9999.0000	20061	48866	-9999	851	842	-9999	497.6927	5	0.6511	0.6751	-0.0013	94.3214	0.7771	664.4387	341.2428	36.2731	645.3329	95.5093	682.8851	94.8611	690.5981	95.1157	696.0275	95.0926	
20/08/2017	01:30:53	019001	H374085900HLR	L374	S		658.2259	1.0311	0.0000	99.9896	39.5500	0.8230	0.8255	5.0000	17.1827	761.1090	94.8843	15.0419	24.3000	0.9300	0.9355	0.6751	-0.0013	761.0000	762.7762	1.0285	0.4372	100.0536	39.0891	0.8230	0.8190	5.0000	-9999.0000	-9999.0000	-9999.0000	-9999.0000	-9999.0000	-9999.0000	18.5824	8	0	30.5537	1.0000	05	2	-9999.0000	20062	48867	-9999	852	843	-9999	498.9650	5	0.6511	0.6751	-0.0013	92.4688	0.8735	665.7308	328.1136	36.2269	644.2160	95.6019	688.5139	94.8611	696.4444	95.1389	701.3779	95.0694	
20/08/2017	01:31:22	019001	H374085211HLR	L374	S		630.8010	1.0311	0.0000	99.9922	39.5500	0.8230	0.8254	5.0000	17.6114	761.0712	94.9769	18.6224	24.2000	0.9300	0.9353	0.6772	-0.0014	761.0000	762.3558	1.0285	0.4110	100.0076	39.1113	0.8230	0.8189	5.0000	-9999.0000	-9999.0000	-9999.0000	-9999.0000	-9999.0000	-9999.0000	18.6029	1	0	29.4633	1.0000	05	2	-9999.0000	20063	48868	-9999	853	844	-9999	495.2994	5	0.6507	0.6772	-0.0014	88.6337	1.0786	647.2806	320.7777	35.7407	626.0198	95.6944	669.8759	94.7917	677.8367	95.1620	683.9913	95.0694	
20/08/2017	01:32:21	019001	H374085216HLR	L374	S		652.6368	1.0311	0.0000	99.9420	39.5956	0.8230	0.8255	5.0000	17.0713	761.0844	94.9769	17.9319	24.3000	0.9300	0.9357	0.6676	-0.0009	761.0000	761.1570	1.0285	0.3362	99.8734	38.9468	0.8230	0.8184	5.0000	-9999.0000	-9999.0000	-9999.0000	-9999.0000	-9999.0000	-9999.0000	18.5922	3	0	31.0242	1.0000	05	2	-9999.0000	20065	48869	-9999	855	845	-9999	495.8942	5	0.6515	0.6676	-0.0009	87.2998	1.1485	656.7980	310.9211	35.3935	634.6356	96.0185	681.4676	94.8611	688.3527	95.0463	693.3389	95.0463	
20/08/2017	01:32:49	019001	H374085981HLR	L374	S		649.6544	1.0311	0.0000	100.0326	39.5500	0.8230	0.8254	5.0000	17.4621	761.1109	94.9769	19.0629	24.2000	0.9300	0.9354	0.6685	-0.0010	761.0000	762.0591	1.0285	0.3925	99.9837	39.0219	0.8230	0.8194	5.0000	-9999.0000	-9999.0000	-9999.0000	-9999.0000	-9999.0000	-9999.0000	18.4622	4	0	27.7926	1.0000	05	2	-9999.0000	20066	48870	-9999	856	846	-9999	495.2171	5	0.6514	0.6685	-0.0010	87.3286	1.1471	658.9919	323.8543	36.0417	637.6886	95.6944	679.0368	94.7685	685.6345	95.1389	690.1488	95.1157	
20/08/2017	01:33:18	019001	H374085941HLR	L374	S		656.6546	1.0311	0.0000	99.9224	39.5659	0.8230	0.8253	5.0000	17.7316	761.0899	94.9769	17.2921	24.3000	0.9300	0.9354	0.6685	-0.0010	761.0000	762.8647	1.0285	0.4427	100.0302	39.1327	0.8230	0.8192	5.0000	-9999.0000	-9999.0000	-9999.0000	-9999.0000	-9999.0000	-9999.0000	18.4620	5	0	29.3942	1.0000	05	2	-9999.0000	20067	48871	-9999	857	847	-9999	496.3096	5	0.6514	0.6685	-0.0010	87.3286	1.1471	663.2113	322.3340	33.7269	640.5261	95.4167	686.2768	94.7917	693.0280	95.1389	697.8833	95.0694	
20/08/2017	01:33:46	019001	H374085191HLR	L374	S		655.8793	1.0311	0.0000	99.9180	39.5819	0.8230	0.8255	5.0000	17.2618	761.0793	94.9769	16.5811	24.3000	0.9300	0.9354	0.6691	-0.0010	761.0000	761.6013	1.0285	0.3639	100.0747	39.1047	0.8230	0.8190	5.0000	-9999.0000	-9999.0000	-9999.0000	-9999.0000	-9999.0000	-9999.0000	18.5218	6	0	27.4026	1.0000	05	2	-9999.0000	20068	48872	-9999	858	848	-9999	496.8159	5	0.6514	0.6691	-0.0010	84.9989	1.2932	665.0520	329.2933	35.2546	644.2134	95.6481	687.8778	94.8380	694.8831	95.1157	699.2411	95.0694	
20/08/2017	01:34:14	019001	H374085210HLR	L374	S		653.9348	1.0311	0.0000	100.0042	39.5548	0.8230	0.8254	5.0000	17.3722	761.1254	94.9537	18.8529	24.2000	0.9300	0.9354	0.6697	-0.0010	761.0000	762.7958	1.0285	0.4384	99.9436	39.0893	0.8230	0.8189	5.0000	-9999.0000	-9999.0000	-9999.0000	-9999.0000	-9999.0000	-9999.0000	18.5627	7	0	28.6744	1.0000	05	2	-9999.0000	20069	48873	-9999	859	849	-9999	495.1422	5	0.6512	0.6697	-0.0010	77.0636	1.7762	659.3010	327.5036	34.1435	637.5090	95.3935	682.0887	94.8380	689.2149	95.1620	692.8836	95.0694	
20/08/2017	01:34:44	019001	H374085950HLR	L374	S		659.2810	1.0311	0.0000	100.1109	39.5516	0.8230	0.8254	5.0000	17.3712	761.0845	94.9306	15.9619	24.3000	0.9300	0.9355	0.6697	-0.0010	761.0000	762.5761	1.0285	0.4247	99.9541	39.0844	0.8230	0.8190	5.0000	-9999.0000	-9999.0000	-9999.0000	-9999.0000	-9999.0000	-9999.0000	18.5715	8	0	29.9733	1.0000	05	2	-9999.0000	20070	48874	-9999	860	850	-9999	497.2558	5	0.6512	0.6697	-0.0010	77.0636	1.7762	665.2385	324.9146	36.4583	642.9569	95.4167	688.8148	94.8148	696.6366	95.1852	701.4454	95.0926	
20/08/2017	01:35:14	019001	H374085977HLR	L374	S		653.3781	1.0311	0.0000	99.9799	39.5851	0.8230	0.8252	5.0000	17.7423	761.0768	95.0000	17.2121	24.2000	0.9300	0.9353	0.6680	-0.0010	761.0000	761.0813	1.0285	0.3315	100.0862	39.1055	0.8230	0.8190	5.0000	-9999.0000	-9999.0000	-9999.0000	-9999.0000	-9999.0000	-9999.0000	18.5825	1	0	29.6334	1.0000	05	2	-9999.0000	20071	48875	-9999	861	851	-9999	496.0588	5	0.6510	0.6680	-0.0010	75.5641	1.8552	662.3111	326.1974	34.9769	640.7987	95.6713	683.5431	94.7917	690.6622	95.0926	696.2763	95.0926	
20/08/2017	01:35:45	019001	H374085231HLR	L374	S		657.3875	1.0311	0.0000	100.1707	39.5612	0.8230	0.8253	5.0000	17.6819	761.0944	94.9537	15.8925	24.3000	0.9300	0.9353	0.6680	-0.0010	761.0000	761.4387	1.0285	0.3538	100.0182	39.1025	0.8230	0.8189	5.0000	-9999.0000	-9999.0000	-9999.0000	-9999.0000	-9999.0000	-9999.0000	18.6225	2	0	29.3932	1.0000	05	2	-9999.0000	20072	48876	-9999	862	852	-9999	496.9422	5	0.6510	0.6680	-0.0010	75.5641	1.8552	667.4534	321.4173	36.6667	645.3766	95.4167	689.9700	94.8611	697.7248	95.1620	702.3165	95.0463	
20/08/2017	01:36:15	019001	H374085957HLR	L374	S		658.3204	1.0311	0.0000	99.8328	39.5835	0.8230	0.8254	5.0000	17.4729	761.0734	94.9306	16.5020	24.3000	0.9300	0.9354	0.6679	-0.0010	761.0000	762.3560	1.0285	0.4110	99.9201	39.0919	0.8230	0.8189	5.0000	-9999.0000	-9999.0000	-9999.0000	-9999.0000	-9999.0000	-9999.0000	18.6322	3	0	30.2244	1.0000	05	2	-9999.0000	20073	48876	-9999	862	853	-9999	496.4730	5	0.6512	0.6679	-0.0010	79.0267	1.6200	666.3450	329.4643	37.1991	644.4619	95.4167	688.6021	94.7685	696.6126	95.1852	701.0441	95.0694	
