Data	Timp	Nr. masina	Nr. de serie	Tip	Productie	Comentariu	Pre-masurare Q [ml/min]	Pre-masurare Gain	Pre-masurare Offset Master	Pre-masurare P [bar]	Pre-masurare T [°C]	Pre-masurare Densitate fixa [kg/l]	Pre-masurare densitate masurata [kg/l]	Pre-masurare Timp masurare [s]	Pre-masurare Cycle time [s]	rectificare Q Oprire [ml/min]	rectificare P Oprire [bar]	rectificare Timp rectificare [s]	rectificare T [°C]	rectificare Densitate fixa [kg/l]	rectificare densitate masurata [kg/l]	rectificare Factor de masurare la rectificare	rectificare Factor de corectie a debitului	rectificare Target rectificare	Masurare Q [ml/min]	Masurare Gain	Masurare Offset Master	Masurare P [bar]	Masurare T [°C]	Masurare Densitate fixa [kg/l]	Masurare densitate masurata [kg/l]	Masurare Timp masurare [s]	Masurare Q [ml/min]	Masurare Delta Q [ml/min]	Masurare P [bar]	Masurare BP [bar]	Masurare T [°C]	Masurare Timp masurare [s]	Masurare Cycle time [s]	Nest Nr.	Cod de descarcare	Cycle time [s]	Traceability aktiv	EDM Maschine Nr	EDM Spindle Nr	Honing Rate [r	Station Counter Premeasure	Station Counter Grind	Station Counter Blowout 1	Station Counter Wash	Station Counter Measure	Station Counter Blowout 2	RealGrindQStop	Reg Type	Factor 0	Factor 1	Factor 2	Factor 3	Factor 4	G_StartQV	G_StartQV_1	G_StartQV_2	G_StartQV_3	G_StartQV_4	G_StartQV_5	
27/08/2017	00:00:16	019001	H340128308HLR	L340	S		583.8503	1.0311	0.0000	99.9655	39.4587	0.8230	0.8256	5.0000	17.0421	0.0000	0.0000	0.0000	0.0000	0.9300	0.0000	0.0000	0.0000	675.0000	593.7607	1.0285	1.5150	99.9445	39.2359	0.8230	0.8209	5.0000	-9999.0000	-9999.0000	-9999.0000	-9999.0000	-9999.0000	-9999.0000	17.6832	4	1	25.0032	1.0000	03	4	-9999.0000	0	0	-9999	4895	1803	-9999	0.0000	0	0.0000	0.0000	0.0000	0.0000	0.0000	0.0000	0.0000	0.0000	0.0000	0.0000	0.0000	0.0000	0.0000	0.0000	0.0000	0.0000	
27/08/2017	00:00:41	019001	H340128324HLR	L340	S		578.8862	1.0311	0.0000	99.9803	39.4407	0.8230	0.8250	5.0000	17.3526	675.1311	95.0694	6.5906	25.2000	0.9300	0.9283	0.6766	-0.0045	675.0000	675.0647	1.0285	1.6690	100.0343	39.3896	0.8230	0.8203	5.0000	-9999.0000	-9999.0000	-9999.0000	-9999.0000	-9999.0000	-9999.0000	17.9016	5	0	25.6133	1.0000	03	4	-9999.0000	0	64874	-9999	4896	1804	-9999	436.7549	5	0.6494	0.6766	-0.0045	40.4169	8.6668	622.5652	162.0745	39.0509	602.8809	95.9028	644.1102	94.6991	653.1615	95.0694	661.1096	95.0000	
27/08/2017	00:01:07	019001	H340128334HLR	L340	S		577.6954	1.0311	0.0000	99.9644	39.7000	0.8230	0.8258	5.0000	18.1819	675.1335	95.0231	4.8502	25.0000	0.9300	0.9284	0.6766	-0.0045	675.0000	673.5205	1.0285	1.9211	99.9937	39.2970	0.8230	0.8198	5.0000	-9999.0000	-9999.0000	-9999.0000	-9999.0000	-9999.0000	-9999.0000	17.8820	6	0	25.0333	1.0000	03	4	-9999.0000	36516	64875	-9999	4897	1804	-9999	442.0743	5	0.6494	0.6766	-0.0045	40.4169	8.6668	653.7937	313.4902	37.9630	618.8825	97.0833	657.8872	94.9769	668.8793	94.9769	676.5346	93.2176	
27/08/2017	00:01:32	019001	H340128315HLR	L340	S		586.2008	1.0311	0.0000	100.0010	39.8332	0.8230	0.8254	5.0000	17.2315	675.1335	95.2315	5.8406	24.9000	0.9300	0.9285	0.6766	-0.0045	675.0000	674.7285	1.0285	1.7239	99.8876	39.2702	0.8230	0.8199	5.0000	-9999.0000	-9999.0000	-9999.0000	-9999.0000	-9999.0000	-9999.0000	17.9123	7	0	25.6125	1.0000	03	4	-9999.0000	36517	64876	-9999	4898	1805	-9999	439.0262	5	0.6494	0.6766	-0.0045	40.4169	8.6668	630.4527	322.8202	40.2083	612.7267	95.5093	648.2400	94.6759	660.3497	94.8611	667.3959	94.9769	
27/08/2017	00:01:57	019001	H340128302HLR	L340	S		579.4410	1.0311	0.0000	100.0165	39.5080	0.8230	0.8250	5.0000	17.2813	675.1290	94.9306	6.6610	24.9000	0.9300	0.9286	0.6766	-0.0045	675.0000	674.6462	1.0285	1.7374	100.0683	39.2946	0.8230	0.8201	5.0000	-9999.0000	-9999.0000	-9999.0000	-9999.0000	-9999.0000	-9999.0000	17.7717	8	0	25.0636	1.0000	03	4	-9999.0000	36518	64877	-9999	4899	1805	-9999	436.5160	5	0.6494	0.6766	-0.0045	40.4169	8.6668	623.6434	320.3400	39.1435	605.6594	95.0231	642.9072	94.9537	652.8359	95.0000	659.8762	94.9769	
27/08/2017	00:02:23	019001	H340128303HLR	L340	S		578.1400	1.0311	0.0000	99.9537	39.5000	0.8230	0.8255	5.0000	17.2813	675.2250	95.0231	6.6903	24.9000	0.9300	0.9289	0.6751	-0.0043	675.0000	674.1981	1.0285	1.8105	100.0345	39.3321	0.8230	0.8199	5.0000	-9999.0000	-9999.0000	-9999.0000	-9999.0000	-9999.0000	-9999.0000	17.9924	1	0	25.5227	1.0000	03	4	-9999.0000	36519	64878	-9999	4900	1806	-9999	436.6865	5	0.6492	0.6751	-0.0043	44.7728	7.8940	625.4907	328.9708	38.2407	607.5827	94.8843	643.7888	95.0463	653.7879	95.0231	661.0956	95.0463	
27/08/2017	00:02:48	019001	H340128313HLR	L340	S		578.0903	1.0311	0.0000	100.0123	39.8495	0.8230	0.8257	5.0000	17.2414	675.2028	95.1157	5.3004	24.9000	0.9300	0.9287	0.6752	-0.0043	675.0000	673.7140	1.0285	1.8895	100.0212	39.3304	0.8230	0.8199	5.0000	-9999.0000	-9999.0000	-9999.0000	-9999.0000	-9999.0000	-9999.0000	18.0119	2	0	25.0431	1.0000	03	4	-9999.0000	36520	64879	-9999	4901	1807	-9999	440.6671	5	0.6500	0.6752	-0.0043	45.6271	7.7822	634.7767	329.6549	38.3102	617.3170	94.9537	651.7938	94.7917	665.2314	95.0694	671.9238	95.0463	
27/08/2017	00:03:13	019001	H340128036HLR	L340	S		580.0712	1.0311	0.0000	99.9799	39.8086	0.8230	0.8251	5.0000	17.2325	675.2233	95.0926	5.5515	24.9000	0.9300	0.9287	0.6772	-0.0046	675.0000	673.5548	1.0285	1.9155	100.1108	39.3405	0.8230	0.8199	5.0000	-9999.0000	-9999.0000	-9999.0000	-9999.0000	-9999.0000	-9999.0000	17.9924	3	0	25.5433	1.0000	03	4	-9999.0000	36521	64880	-9999	4902	1808	-9999	440.1560	5	0.6500	0.6772	-0.0046	31.1513	10.0310	632.4790	336.4232	38.4954	614.9149	95.1389	650.7226	94.8611	661.6393	95.0000	670.1763	95.0463	
27/08/2017	00:03:38	019001	H340128011HLR	L340	S		578.6641	1.0311	0.0000	99.9963	39.4854	0.8230	0.8250	5.0000	17.2716	675.1091	95.0463	6.3611	24.9000	0.9300	0.9294	0.6752	-0.0043	675.0000	674.7021	1.0285	1.7282	99.9662	39.3434	0.8230	0.8198	5.0000	-9999.0000	-9999.0000	-9999.0000	-9999.0000	-9999.0000	-9999.0000	18.2024	4	0	25.0127	1.0000	03	4	-9999.0000	36522	64881	-9999	4903	1809	-9999	437.5157	5	0.6496	0.6752	-0.0043	32.1446	9.7730	625.1270	324.9582	39.1667	606.7038	94.7917	645.0250	94.8611	656.5416	95.0463	664.4953	95.0694	
27/08/2017	00:04:04	019001	H340128607HLR	L340	S		583.2879	1.0311	0.0000	99.9674	39.6032	0.8230	0.8256	5.0000	17.1611	675.1557	95.0694	5.1598	24.9000	0.9300	0.9293	0.6749	-0.0042	675.0000	672.7924	1.0285	2.0400	100.0093	39.3718	0.8230	0.8199	5.0000	-9999.0000	-9999.0000	-9999.0000	-9999.0000	-9999.0000	-9999.0000	17.9826	5	0	25.5528	1.0000	03	4	-9999.0000	36523	64882	-9999	4904	1810	-9999	441.0211	5	0.6493	0.6749	-0.0042	36.7948	9.0100	635.7488	329.8226	36.9676	617.7004	95.1157	654.8388	95.1852	665.1757	94.9769	673.9286	95.0926	
27/08/2017	00:04:29	019001	H340128013HLR	L340	S		582.2925	1.0311	0.0000	99.9811	39.9946	0.8230	0.8256	5.0000	17.2716	675.1758	95.1157	5.8005	24.9000	0.9300	0.9294	0.6803	-0.0050	675.0000	675.1727	1.0285	1.6514	99.9588	39.3830	0.8230	0.8199	5.0000	-9999.0000	-9999.0000	-9999.0000	-9999.0000	-9999.0000	-9999.0000	18.0312	6	0	25.0237	1.0000	03	4	-9999.0000	36524	64883	-9999	4904	1811	-9999	439.6589	5	0.6498	0.6803	-0.0050	94.2466	0.2204	627.0024	318.8455	38.3565	608.1968	95.1157	646.8299	95.1852	658.9256	95.0000	667.3409	95.0000	
27/08/2017	00:04:54	019001	H340127998HLR	L340	S		582.5356	1.0311	0.0000	99.9839	39.7651	0.8230	0.8250	5.0000	17.2120	675.1719	95.0463	6.0310	24.8000	0.9300	0.9297	0.6815	-0.0052	675.0000	676.5767	1.0285	1.4222	100.0653	39.3874	0.8230	0.8198	5.0000	-9999.0000	-9999.0000	-9999.0000	-9999.0000	-9999.0000	-9999.0000	18.0421	7	0	25.6135	1.0000	03	4	-9999.0000	36525	64884	-9999	4905	1812	-9999	438.9855	5	0.6503	0.6815	-0.0052	91.8697	0.5948	625.3956	323.3565	36.9213	606.5410	95.2778	645.4341	95.1852	656.5327	94.9769	666.0451	95.0463	
27/08/2017	00:05:20	019001	H340128012HLR	L340	S		583.2227	1.0311	0.0000	99.9780	39.4577	0.8230	0.8249	5.0000	18.2728	675.1811	95.0231	5.9910	24.8000	0.9300	0.9292	0.6811	-0.0051	675.0000	675.3952	1.0285	1.6151	100.0950	39.3869	0.8230	0.8199	5.0000	-9999.0000	-9999.0000	-9999.0000	-9999.0000	-9999.0000	-9999.0000	17.9827	8	0	25.0126	1.0000	03	4	-9999.0000	36525	64885	-9999	4906	1813	-9999	439.2052	5	0.6503	0.6811	-0.0051	92.3154	0.5720	624.9623	323.9797	37.4769	606.4445	95.4167	645.0615	95.0694	656.9315	94.9537	665.9459	95.0926	
27/08/2017	00:05:45	019001	H340128301HLR	L340	S		582.1756	1.0311	0.0000	99.9676	39.7000	0.8230	0.8258	5.0000	17.1329	675.1846	95.0463	6.5906	24.8000	0.9300	0.9294	0.6816	-0.0052	675.0000	674.3685	1.0285	1.7827	99.9625	39.3925	0.8230	0.8199	5.0000	-9999.0000	-9999.0000	-9999.0000	-9999.0000	-9999.0000	-9999.0000	17.9923	1	0	25.5832	1.0000	03	4	-9999.0000	36526	64886	-9999	4907	1814	-9999	437.1922	5	0.6511	0.6816	-0.0052	81.7837	2.0290	619.8018	315.6487	37.4306	600.7572	95.3935	639.3820	95.1620	651.7056	94.9769	660.1849	95.0694	
27/08/2017	00:06:10	019001	H340128029HLR	L340	S		573.7690	1.0311	0.0000	99.9923	40.0000	0.8230	0.8252	5.0000	18.2315	675.1000	95.0231	5.5310	24.8000	0.9300	0.9294	0.6824	-0.0053	675.0000	674.2391	1.0285	1.8038	99.9448	39.3933	0.8230	0.8196	5.0000	-9999.0000	-9999.0000	-9999.0000	-9999.0000	-9999.0000	-9999.0000	18.9427	2	0	25.0626	1.0000	03	4	-9999.0000	36527	64887	-9999	4908	1815	-9999	440.8926	5	0.6511	0.6824	-0.0053	86.2586	1.3896	626.3088	318.3816	38.8426	607.6408	95.2546	648.1931	95.1157	660.1410	94.9537	670.0510	95.1157	
27/08/2017	00:06:36	019001	H340128027HLR	L340	S		575.1075	1.0311	0.0000	99.9771	39.6996	0.8230	0.8249	5.0000	17.2716	675.1635	95.0463	5.8699	24.8000	0.9300	0.9294	0.6819	-0.0052	675.0000	674.7799	1.0285	1.7155	100.0438	39.4345	0.8230	0.8199	5.0000	-9999.0000	-9999.0000	-9999.0000	-9999.0000	-9999.0000	-9999.0000	18.0324	3	0	25.6330	1.0000	03	4	-9999.0000	36528	64888	-9999	4909	1816	-9999	439.7257	5	0.6513	0.6819	-0.0052	86.8467	1.2460	625.8283	315.2647	39.0046	606.6711	95.2315	646.5400	95.1157	658.6397	94.9537	667.3642	95.0694	
27/08/2017	00:07:01	019001	H340128586HLR	L340	S		579.5981	1.0311	0.0000	99.9977	39.5000	0.8230	0.8253	5.0000	17.1222	675.1115	95.0926	6.7010	24.8000	0.9300	0.9299	0.6823	-0.0053	675.0000	674.0804	1.0285	1.8297	100.0158	39.4398	0.8230	0.8198	5.0000	-9999.0000	-9999.0000	-9999.0000	-9999.0000	-9999.0000	-9999.0000	17.9729	4	0	25.1037	1.0000	03	4	-9999.0000	36529	64889	-9999	4910	1817	-9999	436.6811	5	0.6507	0.6823	-0.0053	75.1516	3.0669	618.5742	318.4895	37.5926	600.1267	95.3704	639.1143	95.1157	650.6934	94.9306	660.3011	95.1157	
27/08/2017	00:07:26	019001	H340128002HLR	L340	S		582.1138	1.0311	0.0000	100.0119	39.8968	0.8230	0.8258	5.0000	17.1223	675.1479	95.0694	6.4910	24.8000	0.9300	0.9299	0.6813	-0.0051	675.0000	675.3711	1.0285	1.6190	99.9047	39.4282	0.8230	0.8197	5.0000	-9999.0000	-9999.0000	-9999.0000	-9999.0000	-9999.0000	-9999.0000	18.2522	5	0	25.6331	1.0000	03	4	-9999.0000	36530	64890	-9999	4911	1818	-9999	437.6294	5	0.6505	0.6813	-0.0051	81.3321	2.0570	623.2092	327.4512	37.6157	605.0281	95.4167	642.9380	95.0694	653.5814	94.9537	662.5124	95.1157	
27/08/2017	00:07:52	019001	H340128587HLR	L340	S		579.8290	1.0311	0.0000	99.9723	39.9974	0.8230	0.8252	5.0000	17.1524	675.1969	95.0463	6.7108	24.8000	0.9300	0.9300	0.6819	-0.0052	675.0000	675.5834	1.0285	1.5843	99.9544	39.4273	0.8230	0.8198	5.0000	-9999.0000	-9999.0000	-9999.0000	-9999.0000	-9999.0000	-9999.0000	17.9923	6	0	25.0226	1.0000	03	4	-9999.0000	36531	64891	-9999	4912	1819	-9999	436.9504	5	0.6511	0.6819	-0.0052	88.7928	0.8806	622.8654	333.1601	38.0093	605.1595	95.3704	640.2742	95.1389	651.3105	95.0000	659.8086	95.0463	
27/08/2017	00:08:17	019001	H340128614HLR	L340	S		575.7174	1.0311	0.0000	99.9906	39.6146	0.8230	0.8249	5.0000	17.3018	675.1805	95.0926	7.0614	24.8000	0.9300	0.9301	0.6838	-0.0055	675.0000	674.1020	1.0285	1.8262	99.9819	39.4398	0.8230	0.8198	5.0000	-9999.0000	-9999.0000	-9999.0000	-9999.0000	-9999.0000	-9999.0000	18.1028	7	0	25.5831	1.0000	03	4	-9999.0000	36532	64892	-9999	4913	1820	-9999	435.3978	5	0.6515	0.6838	-0.0055	95.9876	-0.2667	616.6074	325.9157	37.1528	598.0454	95.5093	634.8997	95.0926	646.4501	95.0000	656.4386	95.0231	
27/08/2017	00:08:42	019001	H340128611HLR	L340	S		580.7700	1.0311	0.0000	100.0286	39.6000	0.8230	0.8254	5.0000	17.5020	675.1397	95.0694	6.9813	24.8000	0.9300	0.9297	0.6822	-0.0052	675.0000	675.7742	1.0285	1.5532	100.0400	39.4384	0.8230	0.8197	5.0000	-9999.0000	-9999.0000	-9999.0000	-9999.0000	-9999.0000	-9999.0000	18.2814	8	0	25.0930	1.0000	03	4	-9999.0000	36533	64893	-9999	4914	1821	-9999	436.0066	5	0.6509	0.6822	-0.0052	90.1482	0.6654	620.7170	335.3626	38.3333	603.2581	95.4861	636.9936	94.9769	647.3382	95.0463	655.1344	95.0463	
27/08/2017	00:11:43	019001	H340128622HLR	L340	S		582.0859	1.0311	0.0000	99.9765	40.0000	0.8230	0.8257	5.0000	17.0616	675.2141	95.0926	6.6111	24.8000	0.9300	0.9296	0.6819	-0.0052	675.0000	676.2547	1.0285	1.4747	100.0508	39.4430	0.8230	0.8198	5.0000	-9999.0000	-9999.0000	-9999.0000	-9999.0000	-9999.0000	-9999.0000	18.0935	1	0	179.1624	1.0000	03	4	-9999.0000	36534	64894	-9999	4915	1822	-9999	437.3417	5	0.6504	0.6819	-0.0052	87.8613	0.9721	624.9991	336.5751	38.3796	607.8933	95.4630	641.6239	94.9074	653.0488	95.0231	661.3108	95.1389	
27/08/2017	00:12:07	019001	H340128624HLR	L340	S		580.7352	1.0311	0.0000	100.0025	39.9333	0.8230	0.8251	5.0000	17.0920	675.1235	95.0000	6.7010	24.8000	0.9300	0.9299	0.6820	-0.0052	675.0000	675.8057	1.0285	1.5480	100.0560	39.4440	0.8230	0.8198	5.0000	-9999.0000	-9999.0000	-9999.0000	-9999.0000	-9999.0000	-9999.0000	18.1224	2	0	25.4231	1.0000	03	4	-9999.0000	36535	64895	-9999	4916	1823	-9999	436.9231	5	0.6502	0.6820	-0.0052	76.1017	2.7410	621.0429	326.1734	36.8750	601.7456	95.6250	639.4042	95.0463	651.4212	95.0000	659.8907	95.0231	
27/08/2017	00:12:32	019001	H340128019HLR	L340	S		582.3105	1.0311	0.0000	99.9729	39.5611	0.8230	0.8250	5.0000	17.0821	675.1199	95.0926	6.6111	24.8000	0.9300	0.9299	0.6787	-0.0047	675.0000	675.2522	1.0285	1.6384	100.0149	39.1928	0.8230	0.8197	5.0000	-9999.0000	-9999.0000	-9999.0000	-9999.0000	-9999.0000	-9999.0000	18.3127	3	0	25.5831	1.0000	03	4	-9999.0000	36536	64896	-9999	4917	1824	-9999	437.3946	5	0.6493	0.6787	-0.0047	100.3132	-0.8308	623.4113	313.1758	39.1435	604.3575	95.3935	642.5984	95.0926	652.2697	94.9537	661.2595	95.1389	
27/08/2017	00:12:57	019001	H340128616HLR	L340	S		585.2933	1.0311	0.0000	99.9749	39.7000	0.8230	0.8256	5.0000	17.3116	675.1042	95.1389	5.4802	24.8000	0.9300	0.9297	0.6811	-0.0051	675.0000	675.0906	1.0285	1.6648	99.9645	39.3500	0.8230	0.8205	5.0000	-9999.0000	-9999.0000	-9999.0000	-9999.0000	-9999.0000	-9999.0000	17.9221	4	0	25.0723	1.0000	03	4	-9999.0000	36537	64897	-9999	4918	1825	-9999	441.1297	5	0.6487	0.6811	-0.0051	106.8418	-1.7724	627.5525	320.3931	37.2917	608.1344	95.4861	649.5794	95.1157	661.6022	94.9769	670.7937	95.1157	
27/08/2017	00:13:23	019001	H340128601HLR	L340	S		576.1643	1.0311	0.0000	100.0034	40.0224	0.8230	0.8255	5.0000	17.3721	-704.1790	0.1157	126.9950	25.9000	0.9300	0.9155	0.6847	-0.0056	675.0000	669.5343	1.0285	2.5720	99.9477	39.4839	0.8230	0.8203	5.0000	-9999.0000	-9999.0000	-9999.0000	-9999.0000	-9999.0000	-9999.0000	17.9328	5	31	25.6135	1.0000	03	4	-9999.0000	36538	64898	-9999	4919	1826	-9999	-1.2452	5	0.6481	0.6847	-0.0056	125.6145	-4.6167	622.8633	315.7278	39.2130	603.7441	95.3935	642.4367	94.9769	655.0473	94.9537	665.2890	95.0694	
27/08/2017	00:13:48	019001	H340128603HLR	L340	S		583.3031	1.0311	0.0000	100.0105	39.8685	0.8230	0.8250	5.0000	17.0822	675.2175	95.0000	4.7604	24.9000	0.9300	0.9283	0.6847	-0.0056	675.0000	675.3043	1.0285	1.6299	100.0689	39.4258	0.8230	0.8198	5.0000	-9999.0000	-9999.0000	-9999.0000	-9999.0000	-9999.0000	-9999.0000	18.0422	6	0	25.1027	1.0000	03	4	-9999.0000	36539	64899	-9999	4920	1827	-9999	444.3748	5	0.6481	0.6847	-0.0056	125.6145	-4.6167	635.1911	335.0769	41.0880	618.1199	94.9306	654.5007	95.0694	667.3291	94.9306	677.8497	69.9769	
27/08/2017	00:14:14	019001	H340128647HLR	L340	S		587.1379	1.0311	0.0000	100.0600	39.6667	0.8230	0.8252	5.0000	17.1427	675.1532	95.0694	5.2506	24.9000	0.9300	0.9290	0.6849	-0.0057	675.0000	675.8319	1.0285	1.5438	99.9154	39.3409	0.8230	0.8197	5.0000	-9999.0000	-9999.0000	-9999.0000	-9999.0000	-9999.0000	-9999.0000	17.9729	7	0	25.5940	1.0000	03	4	-9999.0000	36540	64900	-9999	4921	1828	-9999	442.4813	5	0.6480	0.6849	-0.0057	125.5708	-4.6036	633.1419	347.0375	39.3056	615.6976	95.2315	652.5682	95.0000	663.2350	94.9074	672.5936	95.0231	
27/08/2017	00:14:39	019001	H340128604HLR	L340	S		587.8561	1.0311	0.0000	99.9532	39.5000	0.8230	0.8255	5.0000	17.3419	675.1226	95.0926	5.9500	24.9000	0.9300	0.9291	0.6824	-0.0053	675.0000	677.2248	1.0285	1.3164	100.0137	39.3784	0.8230	0.8200	5.0000	-9999.0000	-9999.0000	-9999.0000	-9999.0000	-9999.0000	-9999.0000	17.9025	8	0	25.0429	1.0000	03	4	-9999.0000	36541	64901	-9999	4922	1829	-9999	439.5849	5	0.6480	0.6824	-0.0053	65.3443	4.3855	629.3289	336.2933	39.8148	611.6279	95.1620	647.6343	94.9769	657.0092	94.9769	666.5452	95.0926	
27/08/2017	00:15:04	019001	H340128631HLR	L340	S		584.6111	1.0311	0.0000	100.0400	39.9000	0.8230	0.8259	5.0000	17.0919	675.1628	95.0463	4.8209	24.8000	0.9300	0.9285	0.6824	-0.0053	675.0000	674.5542	1.0285	1.7524	100.0074	39.4210	0.8230	0.8199	5.0000	-9999.0000	-9999.0000	-9999.0000	-9999.0000	-9999.0000	-9999.0000	18.1418	1	0	25.6429	1.0000	03	4	-9999.0000	36542	64902	-9999	4923	1830	-9999	443.6705	5	0.6480	0.6824	-0.0053	65.3443	4.3855	636.1634	326.5743	38.8657	617.6125	95.2083	655.2899	95.0000	667.5364	95.0000	677.4669	88.5648	
27/08/2017	00:15:29	019001	H340128596HLR	L340	S		581.6417	1.0311	0.0000	99.9122	39.9266	0.8230	0.8252	5.0000	17.2619	675.2217	95.0694	6.5604	24.8000	0.9300	0.9294	0.6840	-0.0055	675.0000	675.3148	1.0285	1.6282	99.9671	39.4197	0.8230	0.8198	5.0000	-9999.0000	-9999.0000	-9999.0000	-9999.0000	-9999.0000	-9999.0000	18.0520	2	0	25.1027	1.0000	03	4	-9999.0000	36543	64903	-9999	4924	1831	-9999	437.5285	5	0.6486	0.6840	-0.0055	65.2984	4.3933	619.4037	324.1960	37.0602	600.4626	95.3935	638.7318	95.0231	649.8237	94.9537	661.0553	95.0463	
27/08/2017	00:15:55	019001	H340128640HLR	L340	S		583.2764	1.0311	0.0000	99.9889	39.5475	0.8230	0.8250	5.0000	17.1525	675.1571	95.0926	5.6999	24.8000	0.9300	0.9295	0.6844	-0.0056	675.0000	675.7257	1.0285	1.5611	100.0158	39.4198	0.8230	0.8198	5.0000	-9999.0000	-9999.0000	-9999.0000	-9999.0000	-9999.0000	-9999.0000	18.2023	3	0	25.6331	1.0000	03	4	-9999.0000	36544	64904	-9999	4925	1832	-9999	440.5714	5	0.6493	0.6844	-0.0056	65.9737	4.2993	627.6734	327.5109	36.8519	609.2936	95.5324	647.2989	94.9769	659.3037	95.0231	668.1551	95.0694	
27/08/2017	00:16:20	019001	H340128637HLR	L340	S		582.3876	1.0311	0.0000	100.0307	39.6130	0.8230	0.8257	5.0000	17.1017	675.1603	95.1157	6.2107	24.8000	0.9300	0.9294	0.6839	-0.0055	675.0000	675.0231	1.0285	1.6758	100.0226	39.4318	0.8230	0.8198	5.0000	-9999.0000	-9999.0000	-9999.0000	-9999.0000	-9999.0000	-9999.0000	18.2219	4	0	25.0635	1.0000	03	4	-9999.0000	36545	64905	-9999	4926	1832	-9999	438.6229	5	0.6494	0.6839	-0.0055	63.8350	4.6162	622.2258	317.9698	39.1667	603.0379	95.3935	641.1103	95.0231	653.6174	95.0000	663.3121	94.9769	
27/08/2017	00:16:46	019001	H340128645HLR	L340	S		584.8577	1.0311	0.0000	99.9556	40.0000	0.8230	0.8257	5.0000	17.1719	675.1913	95.0694	6.0711	24.7000	0.9300	0.9295	0.6843	-0.0056	675.0000	676.3479	1.0285	1.4595	100.0069	39.4429	0.8230	0.8199	5.0000	-9999.0000	-9999.0000	-9999.0000	-9999.0000	-9999.0000	-9999.0000	18.1419	5	0	25.5736	1.0000	03	4	-9999.0000	36546	64906	-9999	4927	1833	-9999	439.2017	5	0.6505	0.6843	-0.0056	75.1593	2.8640	622.8719	322.1723	38.5648	603.7618	95.3472	643.3509	95.0231	655.2624	95.0231	664.4942	95.0000	
27/08/2017	00:17:11	019001	H340128667HLR	L340	S		582.8195	1.0311	0.0000	100.0251	39.8378	0.8230	0.8251	5.0000	17.1417	675.1395	95.0926	6.2508	24.7000	0.9300	0.9294	0.6851	-0.0057	675.0000	676.5016	1.0285	1.4344	99.9995	39.4451	0.8230	0.8197	5.0000	-9999.0000	-9999.0000	-9999.0000	-9999.0000	-9999.0000	-9999.0000	18.2620	6	0	25.0723	1.0000	03	4	-9999.0000	36547	64907	-9999	4928	1833	-9999	438.4285	5	0.6507	0.6851	-0.0057	77.2450	2.4730	621.6185	328.2924	37.8472	602.7600	95.3935	642.8677	95.0231	653.7112	95.0231	662.6721	95.0000	
27/08/2017	00:17:36	019001	H340128657HLR	L340	S		575.9556	1.0311	0.0000	100.0373	39.5032	0.8230	0.8251	5.0000	17.3527	675.2064	95.0694	6.8602	24.7000	0.9300	0.9296	0.6852	-0.0058	675.0000	675.9492	1.0285	1.5246	99.9792	39.4475	0.8230	0.8200	5.0000	-9999.0000	-9999.0000	-9999.0000	-9999.0000	-9999.0000	-9999.0000	18.1320	7	0	25.5529	1.0000	03	4	-9999.0000	36548	64908	-9999	4929	1834	-9999	436.0586	5	0.6514	0.6852	-0.0058	78.9200	2.2071	617.6566	329.7179	39.5833	598.9008	95.2315	637.0161	95.0231	648.3560	95.0000	657.2453	95.0694	
27/08/2017	00:18:01	019001	H340128662HLR	L340	S		581.0480	1.0311	0.0000	99.9448	39.7737	0.8230	0.8258	5.0000	17.1416	675.1330	95.0231	6.2410	24.7000	0.9300	0.9299	0.6846	-0.0056	675.0000	676.6809	1.0285	1.4052	100.0270	39.4432	0.8230	0.8197	5.0000	-9999.0000	-9999.0000	-9999.0000	-9999.0000	-9999.0000	-9999.0000	18.2617	8	0	25.0431	1.0000	03	4	-9999.0000	36549	64909	-9999	4930	1835	-9999	438.5389	5	0.6517	0.6846	-0.0056	79.7329	2.0555	623.9715	339.4508	39.6296	605.0008	95.3935	643.1228	94.8611	654.1409	94.9769	663.5831	95.1157	
27/08/2017	00:18:27	019001	H340128652HLR	L340	S		581.0090	1.0311	0.0000	100.0393	40.0812	0.8230	0.8255	5.0000	17.2217	675.1765	95.0694	6.6707	24.7000	0.9300	0.9300	0.6845	-0.0056	675.0000	676.0931	1.0285	1.5011	99.9589	39.4581	0.8230	0.8197	5.0000	-9999.0000	-9999.0000	-9999.0000	-9999.0000	-9999.0000	-9999.0000	18.5826	1	0	25.6837	1.0000	03	4	-9999.0000	36550	64910	-9999	4931	1836	-9999	436.8503	5	0.6520	0.6845	-0.0056	81.8777	1.6426	621.6850	331.9615	38.7500	603.5137	95.2778	638.5786	95.0694	650.1693	94.9769	659.5657	95.0463	
27/08/2017	00:18:52	019001	H340128659HLR	L340	S		580.4626	1.0311	0.0000	100.0363	39.7754	0.8230	0.8250	5.0000	17.2121	675.1901	95.0463	6.4910	24.7000	0.9300	0.9299	0.6898	-0.0066	675.0000	675.6150	1.0285	1.5792	100.0037	39.4628	0.8230	0.8198	5.0000	-9999.0000	-9999.0000	-9999.0000	-9999.0000	-9999.0000	-9999.0000	18.2716	2	0	25.0626	1.0000	03	4	-9999.0000	36551	64911	-9999	4932	1837	-9999	436.6572	5	0.6520	0.6898	-0.0066	80.7954	1.8560	618.8503	326.2172	38.7037	600.7962	95.3704	637.8052	95.0231	649.3911	95.0000	659.1966	95.0000	
27/08/2017	00:19:43	019001	H340128539HLR	L340	S		589.2602	1.0311	0.0000	99.9547	39.8916	0.8230	0.8259	5.0000	17.0616	675.1954	95.1157	5.7810	24.7000	0.9300	0.9297	0.6863	-0.0060	675.0000	677.4739	1.0285	1.2757	99.9805	39.3287	0.8230	0.8192	5.0000	-9999.0000	-9999.0000	-9999.0000	-9999.0000	-9999.0000	-9999.0000	18.4112	4	0	25.0330	1.0000	03	4	-9999.0000	36553	64912	-9999	4933	1838	-9999	439.9727	5	0.6502	0.6863	-0.0060	69.8874	3.7828	625.0894	304.2486	36.8981	605.8856	95.5787	646.3022	95.0694	657.3402	94.9306	667.3095	95.0463	
27/08/2017	00:20:08	019001	H340128683HLR	L340	S		582.6217	1.0311	0.0000	99.9612	40.0559	0.8230	0.8250	5.0000	18.5618	675.1680	95.1157	6.2000	24.7000	0.9300	0.9298	0.6861	-0.0060	675.0000	675.8653	1.0285	1.5383	99.9694	39.3384	0.8230	0.8199	5.0000	-9999.0000	-9999.0000	-9999.0000	-9999.0000	-9999.0000	-9999.0000	18.2421	5	0	25.5628	1.0000	03	4	-9999.0000	36554	64913	-9999	4934	1839	-9999	438.2345	5	0.6493	0.6861	-0.0060	71.7780	3.5035	621.3978	311.5512	39.0972	603.1428	95.3935	641.4360	94.7222	653.4848	95.0231	663.8689	95.1157	
27/08/2017	00:20:33	019001	H340128654HLR	L340	S		584.2952	1.0311	0.0000	99.9872	39.7032	0.8230	0.8251	5.0000	17.1622	675.1107	95.0926	5.7312	24.6000	0.9300	0.9300	0.6873	-0.0062	675.0000	675.9445	1.0285	1.5254	99.9940	39.5000	0.8230	0.8202	5.0000	-9999.0000	-9999.0000	-9999.0000	-9999.0000	-9999.0000	-9999.0000	18.2530	6	0	25.0529	1.0000	03	4	-9999.0000	36555	64914	-9999	4934	1840	-9999	440.1804	5	0.6491	0.6873	-0.0062	72.4318	3.4614	625.0945	333.5870	36.9907	606.1842	95.1620	644.7650	95.0926	656.6242	94.9537	667.2437	95.0694	
27/08/2017	00:20:59	019001	H340128571HLR	L340	S		577.9881	1.0311	0.0000	100.0379	39.7000	0.8230	0.8254	5.0000	17.5421	675.1448	95.1157	6.1502	24.6000	0.9300	0.9300	0.6873	-0.0062	675.0000	674.7535	1.0285	1.7198	100.0178	39.5453	0.8230	0.8199	5.0000	-9999.0000	-9999.0000	-9999.0000	-9999.0000	-9999.0000	-9999.0000	18.0515	7	0	25.6133	1.0000	03	4	-9999.0000	36556	64915	-9999	4935	1841	-9999	438.4542	5	0.6491	0.6873	-0.0062	72.4318	3.4614	621.4867	318.9151	36.1343	602.9866	95.1852	641.2208	95.0694	653.7422	95.0231	662.8108	94.9537	
27/08/2017	00:21:24	019001	H340128568HLR	L340	S		582.1308	1.0311	0.0000	100.0511	40.0000	0.8230	0.8257	5.0000	17.2118	675.1031	95.0231	5.8210	24.6000	0.9300	0.9299	0.6809	-0.0052	675.0000	674.6342	1.0285	1.7393	99.9904	39.4664	0.8230	0.8196	5.0000	-9999.0000	-9999.0000	-9999.0000	-9999.0000	-9999.0000	-9999.0000	18.2628	8	0	25.1125	1.0000	03	4	-9999.0000	36557	64916	-9999	4936	1842	-9999	439.3355	5	0.6482	0.6809	-0.0052	51.5299	6.7164	625.5870	320.5791	39.1204	605.9788	95.3704	646.0508	94.9537	657.5826	95.0000	667.8339	95.0926	
27/08/2017	01:40:59	019001	H340126543HLR	L340	S		577.9128	1.0311	0.0000	100.0173	39.6794	0.8230	0.8269	5.0000	17.2121	0.0000	0.0000	0.0000	0.0000	0.9300	0.0000	0.0000	0.0000	675.0000	588.4651	1.0285	2.2254	99.7586	39.0000	0.8230	0.8207	5.0000	-9999.0000	-9999.0000	-9999.0000	-9999.0000	-9999.0000	-9999.0000	18.3624	8	1	24.9740	1.0000	03	2	-9999.0000	36563	0	-9999	4940	1844	-9999	0.0000	0	0.0000	0.0000	0.0000	0.0000	0.0000	0.0000	0.0000	0.0000	0.0000	0.0000	0.0000	0.0000	0.0000	0.0000	0.0000	0.0000	
27/08/2017	01:41:25	019001	H340126565HLR	L340	S		570.2859	1.0311	0.0000	100.0572	38.8591	0.8230	0.8265	5.0000	17.2120	0.0000	0.0000	0.0000	0.0000	0.9300	0.0000	0.0000	0.0000	675.0000	583.3866	1.0285	2.9067	99.7727	39.1500	0.8230	0.8214	5.0000	-9999.0000	-9999.0000	-9999.0000	-9999.0000	-9999.0000	-9999.0000	17.7522	1	1	25.8623	1.0000	03	2	-9999.0000	0	0	-9999	4941	1845	-9999	0.0000	0	0.0000	0.0000	0.0000	0.0000	0.0000	0.0000	0.0000	0.0000	0.0000	0.0000	0.0000	0.0000	0.0000	0.0000	0.0000	0.0000	
27/08/2017	01:41:50	019001	H340126566HLR	L340	S		572.2606	1.0311	0.0000	99.9874	38.8693	0.8230	0.8262	5.0000	17.0919	675.2102	95.1157	6.7313	24.6000	0.9300	0.9310	0.6846	-0.0058	675.0000	672.7244	1.0285	2.0511	100.4839	39.2378	0.8230	0.8198	5.0000	-9999.0000	-9999.0000	-9999.0000	-9999.0000	-9999.0000	-9999.0000	22.0827	2	0	25.0431	1.0000	03	2	-9999.0000	0	64921	-9999	4942	1846	-9999	436.0552	5	0.6487	0.6846	-0.0058	56.2171	6.1760	597.4247	192.5475	39.3287	574.3311	70.5556	607.6141	92.9167	643.1793	94.4907	654.3535	94.8380	
27/08/2017	01:42:16	019001	H340126575HLR	L340	S		569.8327	1.0311	0.0000	99.9472	39.4002	0.8230	0.8268	5.0000	17.7024	675.1660	95.0000	6.7811	24.5000	0.9300	0.9309	0.6846	-0.0058	675.0000	674.8306	1.0285	1.7072	99.7107	39.2452	0.8230	0.8205	5.0000	-9999.0000	-9999.0000	-9999.0000	-9999.0000	-9999.0000	-9999.0000	17.9817	3	0	25.5431	1.0000	03	2	-9999.0000	36564	64922	-9999	4943	1846	-9999	435.7874	5	0.6487	0.6846	-0.0058	56.2171	6.1760	612.5710	307.5199	36.8287	595.2846	92.4769	631.7630	94.8148	646.0397	94.9769	655.6662	94.9537	
27/08/2017	01:42:41	019001	H340126588HLR	L340	S		573.0535	1.0311	0.0000	99.9979	39.1719	0.8230	0.8264	5.0000	17.5527	675.1713	95.1620	6.5907	24.5000	0.9300	0.9309	0.6846	-0.0058	675.0000	673.6912	1.0285	1.8933	99.5468	39.2399	0.8230	0.8203	5.0000	-9999.0000	-9999.0000	-9999.0000	-9999.0000	-9999.0000	-9999.0000	18.0715	4	0	25.0529	1.0000	03	2	-9999.0000	36565	64923	-9999	4943	1847	-9999	436.5613	5	0.6487	0.6846	-0.0058	56.2171	6.1760	614.2149	322.2545	38.3565	596.3789	92.8241	634.9201	93.9815	649.1027	95.0231	657.9953	94.8380	
27/08/2017	01:43:06	019001	H340126568HLR	L340	S		567.8814	1.0311	0.0000	99.9331	39.8204	0.8230	0.8270	5.0000	17.3020	675.1444	95.0231	6.9110	24.5000	0.9300	0.9307	0.6846	-0.0058	675.0000	673.2799	1.0285	1.9604	100.0209	39.2326	0.8230	0.8204	5.0000	-9999.0000	-9999.0000	-9999.0000	-9999.0000	-9999.0000	-9999.0000	17.8419	5	0	25.4835	1.0000	03	2	-9999.0000	36566	64924	-9999	4944	1848	-9999	435.2862	5	0.6487	0.6846	-0.0058	56.2171	6.1760	610.8553	317.2773	35.9954	593.4688	92.7778	631.6633	94.3750	644.7524	95.0463	655.7368	95.0926	
27/08/2017	01:43:31	019001	H340126557HLR	L340	S		568.6682	1.0311	0.0000	99.9662	40.0000	0.8230	0.8260	5.0000	17.2922	675.2010	95.1389	7.2206	24.5000	0.9300	0.9309	0.6872	-0.0058	675.0000	674.1557	1.0285	1.8174	99.8623	39.2351	0.8230	0.8204	5.0000	-9999.0000	-9999.0000	-9999.0000	-9999.0000	-9999.0000	-9999.0000	17.9220	6	0	25.0332	1.0000	03	2	-9999.0000	36566	64925	-9999	4945	1849	-9999	435.8511	5	0.6482	0.6872	-0.0058	56.1223	6.1656	607.5141	316.9433	37.6852	589.6252	93.0787	628.3643	94.1667	642.6169	94.8611	651.4531	95.0000	
27/08/2017	01:43:57	019001	H340126546HLR	L340	S		570.3749	1.0311	0.0000	99.9602	39.3028	0.8230	0.8254	5.0000	17.1222	675.1463	95.0231	6.7909	24.4000	0.9300	0.9310	0.6861	-0.0058	675.0000	674.8418	1.0285	1.7054	99.7350	39.2723	0.8230	0.8205	5.0000	-9999.0000	-9999.0000	-9999.0000	-9999.0000	-9999.0000	-9999.0000	17.8322	7	0	25.4730	1.0000	03	2	-9999.0000	36567	64926	-9999	4946	1850	-9999	436.7523	5	0.6469	0.6861	-0.0058	56.1676	6.1705	613.1325	332.9701	38.2407	596.4388	93.3796	632.8464	94.3056	647.0022	95.1852	657.3961	94.9769	
27/08/2017	01:44:22	019001	H340126549HLR	L340	S		581.3325	1.0311	0.0000	99.9915	39.2543	0.8230	0.8264	5.0000	17.1416	675.1115	94.9769	6.8104	24.5000	0.9300	0.9306	0.6861	-0.0058	675.0000	677.7221	1.0285	1.2352	99.8504	39.2905	0.8230	0.8205	5.0000	-9999.0000	-9999.0000	-9999.0000	-9999.0000	-9999.0000	-9999.0000	17.8321	8	0	25.0127	1.0000	03	2	-9999.0000	36568	64927	-9999	4947	1851	-9999	436.6425	5	0.6473	0.6861	-0.0058	56.1659	6.1703	616.1638	333.8121	39.4676	598.5651	93.8194	634.7885	94.2593	647.6300	95.0926	657.1739	95.0231	
27/08/2017	01:44:47	019001	H340126305HLR	L340	S		572.7613	1.0311	0.0000	100.0255	39.9768	0.8230	0.8268	5.0000	17.6418	675.1875	95.0926	6.9715	24.4000	0.9300	0.9307	0.6862	-0.0058	675.0000	673.2862	1.0285	1.9594	99.7581	39.2904	0.8230	0.8203	5.0000	-9999.0000	-9999.0000	-9999.0000	-9999.0000	-9999.0000	-9999.0000	18.0725	1	0	25.5430	1.0000	03	2	-9999.0000	36569	64928	-9999	4948	1852	-9999	436.1534	5	0.6471	0.6862	-0.0058	56.1609	6.1698	614.7063	334.5035	39.7685	598.4035	94.2130	632.4089	95.0694	644.8964	94.9769	654.9815	95.0926	
27/08/2017	01:45:12	019001	H340126589HLR	L340	S		572.7098	1.0311	0.0000	99.9522	39.9832	0.8230	0.8258	5.0000	17.0822	675.1154	95.0926	7.2108	24.4000	0.9300	0.9308	0.6640	-0.0025	675.0000	675.3486	1.0285	1.6227	100.7979	39.2985	0.8230	0.8206	5.0000	-9999.0000	-9999.0000	-9999.0000	-9999.0000	-9999.0000	-9999.0000	17.7814	2	0	25.0129	1.0000	03	2	-9999.0000	36570	64929	-9999	4949	1853	-9999	436.3131	5	0.6470	0.6640	-0.0025	47.3446	8.1888	629.4158	341.5140	38.3796	613.0227	94.5602	644.1475	95.0463	653.7468	94.9769	659.8104	95.1157	
27/08/2017	01:45:38	019001	H340126591HLR	L340	S		570.3854	1.0311	0.0000	99.9668	39.2743	0.8230	0.8253	5.0000	17.6125	675.0757	95.0463	5.9304	24.4000	0.9300	0.9305	0.6635	-0.0024	675.0000	673.7281	1.0285	1.8872	99.9145	39.3000	0.8230	0.8204	5.0000	-9999.0000	-9999.0000	-9999.0000	-9999.0000	-9999.0000	-9999.0000	17.8321	3	0	25.4229	1.0000	03	2	-9999.0000	36571	64930	-9999	4950	1854	-9999	438.3504	5	0.6470	0.6635	-0.0024	50.1376	7.8230	634.7194	339.5281	39.4444	618.1759	94.6065	650.7762	95.0694	661.8707	94.9537	669.2044	95.1157	
27/08/2017	01:46:03	019001	H340126315HLR	L340	S		573.8197	1.0311	0.0000	99.9510	39.3607	0.8230	0.8265	5.0000	17.1915	675.0749	95.1157	7.5107	24.4000	0.9300	0.9311	0.6613	-0.0021	675.0000	676.0368	1.0285	1.5103	99.8067	39.3000	0.8230	0.8203	5.0000	-9999.0000	-9999.0000	-9999.0000	-9999.0000	-9999.0000	-9999.0000	17.9123	4	0	25.0832	1.0000	03	2	-9999.0000	36572	64931	-9999	4951	1855	-9999	435.6892	5	0.6466	0.6613	-0.0021	46.2272	8.2835	631.7111	345.2586	39.0741	614.8311	94.5139	644.9170	95.0231	653.6215	95.0000	658.8740	95.0231	
27/08/2017	01:46:28	019001	H340126326HLR	L340	S		573.3363	1.0311	0.0000	99.9904	40.0764	0.8230	0.8268	5.0000	17.2825	675.1009	95.0231	6.1902	24.4000	0.9300	0.9306	0.6576	-0.0016	675.0000	674.2037	1.0285	1.8096	100.0973	39.3240	0.8230	0.8205	5.0000	-9999.0000	-9999.0000	-9999.0000	-9999.0000	-9999.0000	-9999.0000	17.7423	5	0	25.5139	1.0000	03	2	-9999.0000	36573	64932	-9999	4952	1856	-9999	437.5052	5	0.6468	0.6576	-0.0016	55.9645	6.7944	639.9869	344.3075	39.3981	623.8667	94.9306	654.2170	95.0926	662.7841	94.9537	668.4664	95.1157	
27/08/2017	01:46:53	019001	H340126317HLR	L340	S		-0.0020	1.0311	-0.0000	100.0003	39.4665	0.8230	0.8258	5.0000	17.3722	0.0000	0.0000	0.0000	0.0000	0.9300	0.0000	0.0000	0.0000	0.0000	0.2473	1.0285	-0.0019	99.6633	39.0853	0.8230	0.8204	5.0000	-9999.0000	-9999.0000	-9999.0000	-9999.0000	-9999.0000	-9999.0000	16.4412	6	18	25.0927	1.0000	03	2	-9999.0000	36574	0	-9999	4953	1857	-9999	0.0000	0	0.0000	0.0000	0.0000	0.0000	0.0000	0.0000	0.0000	0.0000	0.0000	0.0000	0.0000	0.0000	0.0000	0.0000	0.0000	0.0000	
27/08/2017	01:47:19	019001	H340126322HLR	L340	S		572.1955	1.0311	0.0000	99.9704	39.5000	0.8230	0.8256	5.0000	17.1513	675.0789	95.0694	6.9110	24.5000	0.9300	0.9312	0.6696	-0.0033	675.0000	674.0212	1.0285	1.8394	100.1508	39.2756	0.8230	0.8202	5.0000	-9999.0000	-9999.0000	-9999.0000	-9999.0000	-9999.0000	-9999.0000	17.6318	7	0	25.5531	1.0000	03	2	-9999.0000	36575	64933	-9999	4954	1858	-9999	436.7886	5	0.6471	0.6696	-0.0033	97.0611	0.8244	628.5876	340.7716	39.7454	611.6549	94.8148	644.7492	94.6759	652.8030	95.0694	660.5357	95.1157	
27/08/2017	01:47:44	019001	H340126580HLR	L340	S		579.5988	1.0311	0.0000	99.9843	39.4509	0.8230	0.8261	5.0000	17.1915	675.0904	95.0231	5.9714	24.4000	0.9300	0.9310	0.6714	-0.0035	675.0000	676.6035	1.0285	1.4178	99.8472	39.2435	0.8230	0.8204	5.0000	-9999.0000	-9999.0000	-9999.0000	-9999.0000	-9999.0000	-9999.0000	17.8325	8	0	25.0429	1.0000	03	2	-9999.0000	36576	64934	-9999	4955	1859	-9999	439.0779	5	0.6467	0.6714	-0.0035	101.5575	0.1891	635.5871	330.0472	38.8657	619.4291	95.0926	649.9897	95.0694	660.3235	94.9306	667.8530	95.0926	
27/08/2017	01:48:09	019001	H340126332HLR	L340	S		571.7370	1.0311	0.0000	99.9324	39.8641	0.8230	0.8265	5.0000	17.1418	675.1171	95.1389	7.2011	24.3000	0.9300	0.9311	0.6702	-0.0034	675.0000	673.9808	1.0285	1.8460	100.0060	39.3475	0.8230	0.8206	5.0000	-9999.0000	-9999.0000	-9999.0000	-9999.0000	-9999.0000	-9999.0000	17.9025	1	0	25.5734	1.0000	03	2	-9999.0000	36577	64935	-9999	4956	1860	-9999	436.2325	5	0.6470	0.6702	-0.0034	96.8207	0.8113	626.0700	338.0357	38.1019	610.2491	95.3241	641.2086	95.1620	651.2391	94.9306	658.8849	95.1157	
27/08/2017	01:48:34	019001	H340126318HLR	L340	S		573.5592	1.0311	0.0000	100.0474	39.9816	0.8230	0.8259	5.0000	17.2716	675.0970	95.0926	6.7508	24.3000	0.9300	0.9307	0.6702	-0.0034	675.0000	675.0349	1.0285	1.6739	99.9760	39.3894	0.8230	0.8204	5.0000	-9999.0000	-9999.0000	-9999.0000	-9999.0000	-9999.0000	-9999.0000	17.9425	2	0	25.0723	1.0000	03	2	-9999.0000	36578	64936	-9999	4957	1861	-9999	437.2159	5	0.6470	0.6702	-0.0034	96.8207	0.8113	631.3613	343.7977	39.5602	615.8403	94.8380	644.5856	94.6528	653.4978	95.0463	661.6464	95.0926	
27/08/2017	01:49:00	019001	H340126329HLR	L340	S		569.4029	1.0311	0.0000	99.9846	39.5072	0.8230	0.8255	5.0000	17.2326	675.0896	95.1157	7.3603	24.4000	0.9300	0.9310	0.6700	-0.0033	675.0000	674.7757	1.0285	1.7162	100.0013	39.3456	0.8230	0.8203	5.0000	-9999.0000	-9999.0000	-9999.0000	-9999.0000	-9999.0000	-9999.0000	17.7824	3	0	25.4933	1.0000	03	2	-9999.0000	36579	64937	-9999	4958	1862	-9999	435.9181	5	0.6471	0.6700	-0.0033	98.5495	0.5770	627.4110	340.8688	40.6481	611.2573	95.0000	641.4398	94.6991	650.6117	95.0926	657.7603	95.1389	
27/08/2017	01:49:25	019001	H340126312HLR	L340	S		571.6363	1.0311	0.0000	100.0204	39.5000	0.8230	0.8262	5.0000	17.0624	675.1214	95.0463	6.6414	24.4000	0.9300	0.9308	0.6673	-0.0029	675.0000	674.8370	1.0285	1.7062	99.9070	39.3344	0.8230	0.8202	5.0000	-9999.0000	-9999.0000	-9999.0000	-9999.0000	-9999.0000	-9999.0000	18.1018	4	0	24.9837	1.0000	03	2	-9999.0000	36580	64938	-9999	4959	1863	-9999	437.3864	5	0.6473	0.6673	-0.0029	89.0823	1.8509	631.4354	341.2605	39.0972	614.6211	95.3704	645.9434	95.0694	655.5641	94.9537	663.4503	95.0694	
27/08/2017	01:49:50	019001	H340126302HLR	L340	S		568.8673	1.0311	0.0000	99.9407	39.9673	0.8230	0.8265	5.0000	17.2324	675.0815	95.0463	6.9510	24.4000	0.9300	0.9308	0.6666	-0.0028	675.0000	673.2596	1.0285	1.9637	99.6940	39.3442	0.8230	0.8203	5.0000	-9999.0000	-9999.0000	-9999.0000	-9999.0000	-9999.0000	-9999.0000	18.1213	5	0	25.4825	1.0000	03	2	-9999.0000	36581	64939	-9999	4960	1863	-9999	436.7682	5	0.6474	0.6666	-0.0028	98.4843	0.4994	628.8982	340.3955	39.4907	611.7553	95.2315	642.4983	95.1157	652.7435	94.9769	660.2232	95.0694	
27/08/2017	01:50:15	019001	H340127883HLR	L340	S		574.4268	1.0311	0.0000	100.0288	39.9615	0.8230	0.8256	5.0000	17.7520	675.1463	95.0694	6.6912	24.4000	0.9300	0.9311	0.6666	-0.0028	675.0000	674.8164	1.0285	1.7096	99.8242	39.3659	0.8230	0.8202	5.0000	-9999.0000	-9999.0000	-9999.0000	-9999.0000	-9999.0000	-9999.0000	18.2121	6	0	24.9835	1.0000	03	2	-9999.0000	36582	64940	-9999	4961	1864	-9999	437.3581	5	0.6474	0.6666	-0.0028	93.1358	1.2348	632.8454	345.3940	39.0046	616.4134	95.3472	646.0299	95.0926	655.3609	94.9769	663.2893	95.0463	
27/08/2017	01:50:41	019001	H340126319HLR	L340	S		573.6298	1.0311	0.0000	100.0314	39.4717	0.8230	0.8254	5.0000	17.7264	675.0990	95.0694	6.8504	24.4000	0.9300	0.9311	0.6665	-0.0028	675.0000	674.4387	1.0285	1.7712	100.2895	39.3775	0.8230	0.8202	5.0000	-9999.0000	-9999.0000	-9999.0000	-9999.0000	-9999.0000	-9999.0000	18.3722	7	0	25.6124	1.0000	03	2	-9999.0000	36583	64941	-9999	4962	1864	-9999	437.1673	5	0.6476	0.6665	-0.0028	93.1366	1.2349	631.8849	343.6772	38.6574	615.4377	95.4861	644.8533	95.0926	654.3683	94.9769	662.0452	95.0926	
27/08/2017	01:51:06	019001	H340126328HLR	L340	S		565.1601	1.0311	0.0000	99.9570	39.5335	0.8230	0.8263	5.0000	17.2314	675.1181	95.0926	6.6317	24.4000	0.9300	0.9310	0.6668	-0.0028	675.0000	676.3690	1.0285	1.4561	99.9688	39.3805	0.8230	0.8203	5.0000	-9999.0000	-9999.0000	-9999.0000	-9999.0000	-9999.0000	-9999.0000	17.9636	8	0	25.0430	1.0000	03	2	-9999.0000	36584	64942	-9999	4963	1865	-9999	437.5900	5	0.6476	0.6668	-0.0028	100.0449	0.3461	632.4250	337.1838	37.1065	615.4569	95.5787	646.8177	94.9537	656.4111	95.0000	663.5881	95.1389	
27/08/2017	01:51:32	019001	H340127902HLR	L340	S		586.7838	1.0311	0.0000	99.9957	40.0754	0.8230	0.8262	5.0000	18.1116	675.1322	95.1157	6.2215	24.4000	0.9300	0.9310	0.6656	-0.0026	675.0000	677.6233	1.0285	1.2513	100.5490	39.3822	0.8230	0.8203	5.0000	-9999.0000	-9999.0000	-9999.0000	-9999.0000	-9999.0000	-9999.0000	18.2211	1	0	25.5735	1.0000	03	2	-9999.0000	36585	64943	-9999	4964	1865	-9999	438.4262	5	0.6479	0.6656	-0.0026	89.0503	1.9582	633.7079	319.9364	38.4722	614.0304	95.4167	649.7906	95.0000	659.0879	94.9769	665.9117	95.0463	
27/08/2017	01:51:57	019001	H340127893HLR	L340	S		587.3889	1.0311	0.0000	100.0342	39.9717	0.8230	0.8256	5.0000	17.3025	675.0789	94.9769	3.8999	24.3000	0.9300	0.9301	0.6621	-0.0021	675.0000	670.7765	1.0285	2.3691	100.2753	39.3818	0.8230	0.8203	5.0000	-9999.0000	-9999.0000	-9999.0000	-9999.0000	-9999.0000	-9999.0000	18.1078	2	0	24.9728	1.0000	03	2	-9999.0000	36586	64944	-9999	4965	1866	-9999	441.4678	5	0.6476	0.6621	-0.0021	78.3695	3.4527	646.7755	332.4506	38.2870	626.7807	95.4167	666.6281	95.0463	675.7434	94.8380	0.0000	0.0000	
27/08/2017	01:52:22	019001	H340127896HLR	L340	S		575.0150	1.0311	0.0000	99.9793	39.4768	0.8230	0.8255	5.0000	17.3027	675.1317	95.0231	5.9206	24.4000	0.9300	0.9311	0.6563	-0.0012	675.0000	674.0055	1.0285	1.8420	99.6834	39.3904	0.8230	0.8202	5.0000	-9999.0000	-9999.0000	-9999.0000	-9999.0000	-9999.0000	-9999.0000	18.0626	3	0	25.6435	1.0000	03	2	-9999.0000	36587	64945	-9999	4966	1867	-9999	438.3157	5	0.6480	0.6563	-0.0012	71.9404	4.4128	639.2833	341.2135	39.6065	620.9275	95.4398	657.2482	94.9769	664.6249	94.9306	669.6776	95.0926	
27/08/2017	01:52:47	019001	H340127882HLR	L340	S		576.4685	1.0311	0.0000	100.0031	39.5770	0.8230	0.8263	5.0000	17.2327	675.1028	95.0463	5.8406	24.4000	0.9300	0.9306	0.6561	-0.0012	675.0000	673.3270	1.0285	1.9527	99.8428	39.3903	0.8230	0.8202	5.0000	-9999.0000	-9999.0000	-9999.0000	-9999.0000	-9999.0000	-9999.0000	18.1525	4	0	25.0130	1.0000	03	2	-9999.0000	36588	64946	-9999	4967	1868	-9999	438.2608	5	0.6478	0.6561	-0.0012	65.7447	5.2915	639.8221	345.4056	40.0231	621.8647	95.1852	657.0312	94.9074	664.9932	95.0231	670.7536	95.0926	
27/08/2017	01:59:22	019001	H340127877HLR	L340	S		573.7672	1.0311	0.0000	99.9879	40.0618	0.8230	0.8265	5.0000	17.0413	675.0944	95.1157	5.5007	24.4000	0.9300	0.9305	0.6567	-0.0013	675.0000	672.8602	1.0285	2.0290	100.4432	39.3935	0.8230	0.8203	5.0000	-9999.0000	-9999.0000	-9999.0000	-9999.0000	-9999.0000	-9999.0000	18.0617	5	0	393.3276	1.0000	03	2	-9999.0000	36589	64947	-9999	4967	1869	-9999	438.5236	5	0.6477	0.6567	-0.0013	61.4827	5.9085	642.2989	343.3890	36.9213	624.5044	95.5324	659.0477	94.9769	666.5518	95.0000	671.7801	95.1157	
27/08/2017	01:59:46	019001	H340127860HLR	L340	S		579.1004	1.0311	0.0000	99.9628	39.9786	0.8230	0.8256	5.0000	17.3116	675.0865	95.0694	5.2907	24.4000	0.9300	0.9309	0.6516	-0.0006	675.0000	670.7040	1.0285	2.3810	100.2890	39.3904	0.8230	0.8202	5.0000	-9999.0000	-9999.0000	-9999.0000	-9999.0000	-9999.0000	-9999.0000	18.2785	6	0	25.1935	1.0000	03	2	-9999.0000	36590	64948	-9999	4968	1870	-9999	437.8347	5	0.6485	0.6516	-0.0006	58.5238	6.3160	642.6530	326.2898	36.9907	624.1360	95.3472	660.9908	95.1157	668.6901	95.0231	673.8191	95.0231	
27/08/2017	02:00:11	019001	H340127871HLR	L340	S		578.7520	1.0311	0.0000	99.9879	39.4964	0.8230	0.8255	5.0000	17.0821	675.0725	95.0694	6.0408	24.4000	0.9300	0.9308	0.6703	-0.0033	675.0000	674.5934	1.0285	1.7460	100.2260	39.1309	0.8230	0.8204	5.0000	-9999.0000	-9999.0000	-9999.0000	-9999.0000	-9999.0000	-9999.0000	18.3822	7	0	25.5834	1.0000	03	2	-9999.0000	36591	64949	-9999	4969	1871	-9999	439.0244	5	0.6488	0.6703	-0.0033	59.2283	6.3085	632.4086	336.7167	37.3843	615.3032	95.4398	649.2526	95.0926	659.4323	94.9769	666.9368	95.0231	
27/08/2017	02:00:36	019001	H340128204HLR	L340	S		572.9924	1.0311	0.0000	99.9833	39.5884	0.8230	0.8264	5.0000	17.1319	675.0746	94.9769	6.2908	24.3000	0.9300	0.9310	0.6707	-0.0034	675.0000	674.6376	1.0285	1.7388	99.9431	39.2914	0.8230	0.8210	5.0000	-9999.0000	-9999.0000	-9999.0000	-9999.0000	-9999.0000	-9999.0000	17.9514	8	0	25.1133	1.0000	03	2	-9999.0000	36592	64950	-9999	4970	1872	-9999	438.4969	5	0.6492	0.6707	-0.0034	59.4353	6.3003	630.3041	342.2228	37.7083	613.0285	95.5324	647.6685	95.0000	657.2020	95.0463	665.3594	95.0463	
27/08/2017	02:01:02	019001	H340127885HLR	L340	S		581.8413	1.0311	0.0000	100.0865	40.0802	0.8230	0.8265	5.0000	17.1222	1.9046	0.1157	371.1052	26.3000	0.9300	0.0000	0.6708	-0.0034	675.0000	591.6921	1.0285	1.7925	99.6730	39.3929	0.8230	0.8210	5.0000	-9999.0000	-9999.0000	-9999.0000	-9999.0000	-9999.0000	-9999.0000	17.7823	1	31	25.5834	1.0000	03	2	-9999.0000	36592	64951	-9999	4971	1873	-9999	-1.1276	5	0.6497	0.6708	-0.0034	60.3035	6.2977	-1.0000	47.4586	0.4167	-0.2415	0.3935	-0.7868	0.3935	-1.0991	0.3704	0.6871	0.3241	
27/08/2017	02:01:27	019001	H340127878HLR	L340	S		572.6582	1.0311	0.0000	100.0318	39.9733	0.8230	0.8256	5.0000	17.4384	675.1487	95.0463	6.1014	25.0000	0.9300	0.9286	0.6709	-0.0034	675.0000	674.5060	1.0285	1.7602	100.3012	39.3479	0.8230	0.8202	5.0000	-9999.0000	-9999.0000	-9999.0000	-9999.0000	-9999.0000	-9999.0000	18.0626	2	0	25.0322	1.0000	03	2	-9999.0000	36593	64952	-9999	4972	1874	-9999	438.9120	5	0.6502	0.6709	-0.0034	60.9775	6.0552	636.3684	317.2124	36.0648	614.6050	96.1343	650.9233	95.0463	659.7494	94.8843	666.1999	95.0463	
27/08/2017	02:01:52	019001	H340127866HLR	L340	S		578.8817	1.0311	0.0000	99.9850	39.6878	0.8230	0.8258	5.0000	17.3118	675.1134	95.0926	6.1306	24.7000	0.9300	0.9287	0.6718	-0.0036	675.0000	674.6590	1.0285	1.7353	100.0580	39.2698	0.8230	0.8198	5.0000	-9999.0000	-9999.0000	-9999.0000	-9999.0000	-9999.0000	-9999.0000	18.9318	3	0	25.5434	1.0000	03	2	-9999.0000	36594	64953	-9999	4973	1875	-9999	438.8337	5	0.6504	0.6718	-0.0036	63.0408	5.6010	631.8332	341.4400	39.5833	613.7357	95.7407	648.9687	94.7454	658.9579	95.0000	666.1129	95.0926	
27/08/2017	02:02:18	019001	H340128177HLR	L340	S		577.6177	1.0311	0.0000	99.9909	39.3974	0.8230	0.8260	5.0000	17.0715	675.1165	95.0926	5.5505	24.7000	0.9300	0.9288	0.6720	-0.0036	675.0000	675.0415	1.0285	1.6728	99.8803	39.3000	0.8230	0.8204	5.0000	-9999.0000	-9999.0000	-9999.0000	-9999.0000	-9999.0000	-9999.0000	18.0314	4	0	25.0831	1.0000	03	2	-9999.0000	36595	64954	-9999	4974	1876	-9999	440.1779	5	0.6506	0.6720	-0.0036	58.5926	6.5377	634.0059	342.6541	39.1435	615.6733	95.4398	652.2844	95.0231	663.2917	95.0231	671.6845	95.0463	
27/08/2017	02:02:43	019001	H340128278HLR	L340	S		578.4920	1.0311	0.0000	100.0265	39.7657	0.8230	0.8267	5.0000	17.3225	675.0853	95.0694	6.0506	24.7000	0.9300	0.9292	0.6720	-0.0036	675.0000	676.0672	1.0285	1.5054	100.1175	39.3433	0.8230	0.8199	5.0000	-9999.0000	-9999.0000	-9999.0000	-9999.0000	-9999.0000	-9999.0000	19.5825	5	0	25.6331	1.0000	03	2	-9999.0000	36596	64955	-9999	4975	1877	-9999	438.9630	5	0.6506	0.6720	-0.0036	58.5926	6.5377	632.2953	335.2580	38.6343	614.4164	95.2546	649.2277	95.1157	659.8678	94.9306	666.2731	95.0000	
27/08/2017	02:03:08	019001	H340128164HLR	L340	S		581.2065	1.0311	0.0000	100.0089	40.0669	0.8230	0.8261	5.0000	17.3324	675.0753	95.0694	5.2509	24.6000	0.9300	0.9295	0.6730	-0.0038	675.0000	672.7352	1.0285	2.0493	100.0801	39.3846	0.8230	0.8203	5.0000	-9999.0000	-9999.0000	-9999.0000	-9999.0000	-9999.0000	-9999.0000	18.1431	6	0	25.0636	1.0000	03	2	-9999.0000	36597	64956	-9999	4976	1878	-9999	440.9290	5	0.6509	0.6730	-0.0038	50.4502	8.1946	636.3875	348.4297	38.3102	619.1886	95.3704	653.9154	95.0231	664.9880	95.0231	673.4150	95.0463	
27/08/2017	02:03:34	019001	H340128156HLR	L340	S		579.3421	1.0311	0.0000	100.0244	39.6607	0.8230	0.8254	5.0000	17.2425	675.0955	95.1157	5.3112	24.6000	0.9300	0.9295	0.6707	-0.0033	675.0000	673.5032	1.0285	1.9240	100.0409	39.3835	0.8230	0.8203	5.0000	-9999.0000	-9999.0000	-9999.0000	-9999.0000	-9999.0000	-9999.0000	17.9620	7	0	25.4924	1.0000	03	2	-9999.0000	36598	64957	-9999	4977	1879	-9999	440.8751	5	0.6512	0.6707	-0.0033	59.2445	6.4050	637.2648	350.0169	39.3056	620.2333	95.2546	653.8028	94.7917	664.4928	95.0231	672.7476	95.0694	
27/08/2017	02:03:59	019001	H340128406HLR	L340	S		578.4952	1.0311	0.0000	99.9652	39.4000	0.8230	0.8260	5.0000	17.1418	675.1279	95.1157	5.3708	24.6000	0.9300	0.9300	0.6662	-0.0026	675.0000	673.8093	1.0285	1.8740	100.1334	39.3637	0.8230	0.8202	5.0000	-9999.0000	-9999.0000	-9999.0000	-9999.0000	-9999.0000	-9999.0000	17.9922	8	0	25.0431	1.0000	03	2	-9999.0000	36599	64958	-9999	4978	1880	-9999	440.5187	5	0.6517	0.6662	-0.0026	56.7203	6.9941	641.8261	347.6622	38.7731	624.9270	95.2546	656.1289	94.8843	664.9012	95.0000	672.6016	95.0694	
27/08/2017	02:04:24	019001	H340128168HLR	L340	S		578.9256	1.0311	0.0000	100.0096	39.8689	0.8230	0.8266	5.0000	17.3614	675.1010	95.0000	6.3006	24.6000	0.9300	0.9302	0.6663	-0.0026	675.0000	675.7532	1.0285	1.5566	99.9895	39.3833	0.8230	0.8203	5.0000	-9999.0000	-9999.0000	-9999.0000	-9999.0000	-9999.0000	-9999.0000	17.8918	1	0	25.5236	1.0000	03	2	-9999.0000	36600	64959	-9999	4979	1880	-9999	438.8376	5	0.6509	0.6663	-0.0026	67.6424	5.1195	637.1681	339.5181	39.6991	620.8510	95.1620	652.1989	95.1157	659.7978	94.9306	666.9612	95.0694	
27/08/2017	02:04:49	019001	H340128146HLR	L340	S		580.6453	1.0311	0.0000	100.0583	40.0940	0.8230	0.8260	5.0000	17.2815	675.0942	95.0694	5.6316	24.5000	0.9300	0.9298	0.6662	-0.0026	675.0000	674.0623	1.0285	1.8327	100.1547	39.3896	0.8230	0.8202	5.0000	-9999.0000	-9999.0000	-9999.0000	-9999.0000	-9999.0000	-9999.0000	18.2620	2	0	25.0431	1.0000	03	2	-9999.0000	36601	64960	-9999	4980	1881	-9999	440.0526	5	0.6514	0.6662	-0.0026	59.1854	6.4967	639.2182	346.9006	39.0741	622.3382	95.3241	654.9059	94.9769	663.7932	95.0231	671.0770	95.0694	
27/08/2017	02:05:15	019001	H340128184HLR	L340	S		578.5143	1.0311	0.0000	100.0161	39.6303	0.8230	0.8254	5.0000	17.1913	675.0854	95.0231	5.9509	24.5000	0.9300	0.9304	0.6763	-0.0043	675.0000	675.5723	1.0285	1.5862	99.7825	39.4098	0.8230	0.8202	5.0000	-9999.0000	-9999.0000	-9999.0000	-9999.0000	-9999.0000	-9999.0000	18.1928	3	0	25.5433	1.0000	03	2	-9999.0000	36602	64961	-9999	4981	1881	-9999	439.5132	5	0.6517	0.6763	-0.0043	60.1079	6.3519	630.1121	346.7403	38.7963	612.6533	95.2083	647.3959	95.1389	658.3935	94.9769	666.4890	95.0694	
27/08/2017	02:05:40	019001	H340128148HLR	L340	S		580.2757	1.0311	0.0000	99.9942	39.5000	0.8230	0.8260	5.0000	17.1924	675.1722	95.1157	5.5808	24.5000	0.9300	0.9300	0.6778	-0.0045	675.0000	674.3081	1.0285	1.7926	99.8249	39.4146	0.8230	0.8201	5.0000	-9999.0000	-9999.0000	-9999.0000	-9999.0000	-9999.0000	-9999.0000	18.2423	4	0	25.3030	1.0000	03	2	-9999.0000	36603	64962	-9999	4982	1882	-9999	440.8429	5	0.6520	0.6778	-0.0045	58.1635	6.6452	630.3470	328.3365	37.6852	611.8254	95.4167	649.7466	94.9537	661.1692	95.0231	670.1207	95.1157	
27/08/2017	02:06:06	019001	H340128181HLR	L340	S		576.5296	1.0311	0.0000	99.9653	39.9729	0.8230	0.8265	5.0000	17.3117	675.0908	95.0694	6.0506	24.4000	0.9300	0.9302	0.6803	-0.0049	675.0000	674.9256	1.0285	1.6917	100.0680	39.4216	0.8230	0.8202	5.0000	-9999.0000	-9999.0000	-9999.0000	-9999.0000	-9999.0000	-9999.0000	17.9729	5	0	25.6428	1.0000	03	2	-9999.0000	36604	64963	-9999	4983	1883	-9999	439.4022	5	0.6516	0.6803	-0.0049	67.1510	5.0743	626.5572	340.7016	39.3287	608.5919	95.3009	645.0791	95.1389	656.9789	94.9537	665.3716	95.0463	
27/08/2017	02:06:31	019001	H340128180HLR	L340	S		579.9826	1.0311	0.0000	100.0547	40.0573	0.8230	0.8259	5.0000	17.1320	675.1118	95.0463	5.5906	24.4000	0.9300	0.9305	0.6804	-0.0049	675.0000	676.2173	1.0285	1.4808	100.0747	39.4218	0.8230	0.8202	5.0000	-9999.0000	-9999.0000	-9999.0000	-9999.0000	-9999.0000	-9999.0000	17.9728	6	0	25.1442	1.0000	03	2	-9999.0000	36605	64964	-9999	4984	1884	-9999	440.9672	5	0.6518	0.6804	-0.0049	63.6448	5.6747	628.7054	331.9964	37.4769	609.6831	95.4630	649.8839	95.1157	661.1366	94.9769	669.3282	95.1157	
27/08/2017	02:06:57	019001	H340128175HLR	L340	S		578.8793	1.0311	0.0000	99.9599	39.6054	0.8230	0.8254	5.0000	17.2520	675.1227	95.0231	6.7714	24.4000	0.9300	0.9306	0.6825	-0.0053	675.0000	675.3891	1.0285	1.6161	99.9585	39.4308	0.8230	0.8202	5.0000	-9999.0000	-9999.0000	-9999.0000	-9999.0000	-9999.0000	-9999.0000	18.0619	7	0	25.5720	1.0000	03	2	-9999.0000	36606	64965	-9999	4984	1885	-9999	436.6251	5	0.6519	0.6825	-0.0053	69.6031	4.5879	618.9747	340.5408	38.5648	600.4114	95.3009	638.4686	95.1389	649.8524	94.9537	658.5891	95.1157	
27/08/2017	02:07:22	019001	H340128142HLR	L340	S		579.1090	1.0311	0.0000	100.0096	39.5637	0.8230	0.8261	5.0000	17.3127	675.0975	95.0926	5.8210	24.4000	0.9300	0.9308	0.6843	-0.0056	675.0000	674.2358	1.0285	1.8044	99.8978	39.4284	0.8230	0.8202	5.0000	-9999.0000	-9999.0000	-9999.0000	-9999.0000	-9999.0000	-9999.0000	18.0725	8	0	25.0031	1.0000	03	2	-9999.0000	36607	64966	-9999	4985	1886	-9999	439.9760	5	0.6522	0.6843	-0.0056	75.0874	3.5386	626.7067	339.7883	39.6991	609.6218	95.2083	643.7884	95.0231	657.5183	95.0231	667.2985	95.0926	
27/08/2017	02:07:47	019001	H340128173HLR	L340	S		576.1002	1.0311	0.0000	100.0159	40.0000	0.8230	0.8265	5.0000	17.3420	675.1556	95.0463	5.9207	24.5000	0.9300	0.9309	0.6843	-0.0056	675.0000	674.5112	1.0285	1.7594	99.9431	39.4351	0.8230	0.8202	5.0000	-9999.0000	-9999.0000	-9999.0000	-9999.0000	-9999.0000	-9999.0000	18.0325	1	0	25.6341	1.0000	03	2	-9999.0000	36608	64967	-9999	4986	1887	-9999	439.6727	5	0.6523	0.6843	-0.0056	69.7349	4.5314	627.5500	336.2554	37.9398	610.9931	95.3472	644.0075	95.0694	656.1256	95.0000	666.2463	95.0463	
27/08/2017	02:08:15	019001	H340128320HLR	L340	S		582.5241	1.0311	0.0000	99.9858	40.0337	0.8230	0.8258	5.0000	17.1233	675.1385	95.1157	5.1901	24.5000	0.9300	0.9304	0.6847	-0.0057	675.0000	675.4285	1.0285	1.6096	100.0683	39.4348	0.8230	0.8202	5.0000	-9999.0000	-9999.0000	-9999.0000	-9999.0000	-9999.0000	-9999.0000	17.9623	2	0	27.6528	1.0000	03	1	-9999.0000	36609	64968	-9999	4987	1888	-9999	442.4843	5	0.6523	0.6847	-0.0057	68.3410	4.7568	634.3432	341.4759	40.6481	617.4488	95.1157	650.6447	95.1389	663.3132	94.9769	673.0782	95.0926	
27/08/2017	02:08:40	019001	H340128297HLR	L340	S		582.3707	1.0311	0.0000	100.0382	39.5782	0.8230	0.8254	5.0000	17.3847	675.1860	95.0694	4.6109	24.4000	0.9300	0.9302	0.6836	-0.0055	675.0000	674.6510	1.0285	1.7366	100.0653	39.4268	0.8230	0.8198	5.0000	-9999.0000	-9999.0000	-9999.0000	-9999.0000	-9999.0000	-9999.0000	19.0023	3	0	25.5932	1.0000	03	1	-9999.0000	36609	64969	-9999	4988	1889	-9999	444.6399	5	0.6520	0.6836	-0.0055	79.2520	2.7904	637.0767	331.1318	37.8241	619.1301	95.6713	655.9643	94.7454	668.4929	95.0000	679.5679	40.2083	
27/08/2017	02:09:05	019001	H340128332HLR	L340	S		580.1060	1.0311	0.0000	99.9672	39.5908	0.8230	0.8262	5.0000	17.0897	675.1102	95.0926	5.3698	24.5000	0.9300	0.9309	0.6827	-0.0053	675.0000	675.7901	1.0285	1.5506	99.9872	39.4406	0.8230	0.8201	5.0000	-9999.0000	-9999.0000	-9999.0000	-9999.0000	-9999.0000	-9999.0000	18.0617	4	0	25.0235	1.0000	03	1	-9999.0000	36610	64970	-9999	4989	1890	-9999	441.7488	5	0.6517	0.6827	-0.0053	83.6641	2.0616	631.2631	339.7735	39.6991	614.2121	95.3241	649.1143	94.9769	661.4471	95.0000	671.5417	95.0694	
27/08/2017	02:09:31	019001	H340128323HLR	L340	S		574.7696	1.0311	0.0000	99.9478	40.0511	0.8230	0.8265	5.0000	17.0421	675.1127	95.0694	6.2713	24.4000	0.9300	0.9310	0.6825	-0.0053	675.0000	674.0838	1.0285	1.8292	100.0260	39.4408	0.8230	0.8201	5.0000	-9999.0000	-9999.0000	-9999.0000	-9999.0000	-9999.0000	-9999.0000	18.3019	5	0	25.5627	1.0000	03	1	-9999.0000	36611	64971	-9999	4990	1891	-9999	438.5711	5	0.6514	0.6825	-0.0053	84.7643	1.9282	624.3218	337.3931	39.9306	607.3473	95.2546	641.2467	95.1620	652.9835	94.9769	661.5390	95.0463	
27/08/2017	02:09:56	019001	H340128310HLR	L340	S		577.5569	1.0311	0.0000	100.0114	39.9998	0.8230	0.8255	5.0000	17.9416	675.1655	95.0694	4.8815	24.4000	0.9300	0.9308	0.6833	-0.0054	675.0000	674.9931	1.0285	1.6807	99.8716	39.4439	0.8230	0.8201	5.0000	-9999.0000	-9999.0000	-9999.0000	-9999.0000	-9999.0000	-9999.0000	18.2123	6	0	25.0334	1.0000	03	1	-9999.0000	36612	64972	-9999	4991	1892	-9999	443.6786	5	0.6516	0.6833	-0.0054	79.0989	2.8551	634.3796	334.7664	40.0231	617.0901	95.3009	653.2937	94.9769	665.7652	95.0000	676.5409	94.3287	
27/08/2017	02:10:22	019001	H340128330HLR	L340	S		583.0939	1.0311	0.0000	100.0195	39.5920	0.8230	0.8255	5.0000	17.1319	675.1835	95.1389	5.2301	24.4000	0.9300	0.9304	0.6849	-0.0057	675.0000	676.0785	1.0285	1.5035	99.9654	39.4413	0.8230	0.8200	5.0000	-9999.0000	-9999.0000	-9999.0000	-9999.0000	-9999.0000	-9999.0000	18.6116	7	0	25.5832	1.0000	03	1	-9999.0000	36613	64973	-9999	4992	1893	-9999	442.5443	5	0.6525	0.6849	-0.0057	78.8307	2.9070	633.2997	331.7662	39.6296	616.2229	95.5556	650.7440	94.7685	662.6213	94.9537	673.0839	95.1157	
27/08/2017	02:10:47	019001	H340128300HLR	L340	S		575.7367	1.0311	0.0000	100.0321	39.7000	0.8230	0.8262	5.0000	17.2121	675.1567	95.1157	5.2809	24.4000	0.9300	0.9309	0.6843	-0.0056	675.0000	675.5219	1.0285	1.5944	99.9590	39.4473	0.8230	0.8202	5.0000	-9999.0000	-9999.0000	-9999.0000	-9999.0000	-9999.0000	-9999.0000	18.0422	8	0	24.9728	1.0000	03	1	-9999.0000	36614	64974	-9999	4993	1894	-9999	442.2386	5	0.6526	0.6843	-0.0056	79.6167	2.8276	631.9883	340.0432	38.9583	614.3871	95.4630	649.0318	95.0000	662.0154	95.0000	672.6340	95.1157	
27/08/2017	02:11:12	019001	H340128025HLR	L340	S		584.9069	1.0311	0.0000	99.9823	40.1000	0.8230	0.8262	5.0000	17.3213	675.0977	95.0694	5.0309	24.4000	0.9300	0.9309	0.6831	-0.0053	675.0000	676.2034	1.0285	1.4831	100.0116	39.4500	0.8230	0.8202	5.0000	-9999.0000	-9999.0000	-9999.0000	-9999.0000	-9999.0000	-9999.0000	18.0324	1	0	25.4934	1.0000	03	1	-9999.0000	36615	64974	-9999	4994	1895	-9999	443.1379	5	0.6526	0.6831	-0.0053	77.9016	3.1544	635.6354	341.1635	40.0463	617.8029	95.2546	653.7481	94.9769	665.8274	95.0463	674.9367	95.0926	
27/08/2017	02:11:37	019001	H340128038HLR	L340	S		582.2851	1.0311	0.0000	99.9791	39.9042	0.8230	0.8256	5.0000	17.2726	675.1470	95.0463	4.7008	24.3000	0.9300	0.9308	0.6834	-0.0054	675.0000	675.1998	1.0285	1.6470	100.0701	39.4462	0.8230	0.8201	5.0000	-9999.0000	-9999.0000	-9999.0000	-9999.0000	-9999.0000	-9999.0000	18.0625	2	0	25.0333	1.0000	03	1	-9999.0000	36616	64975	-9999	4995	1896	-9999	444.3920	5	0.6530	0.6834	-0.0054	83.4867	2.2563	638.2212	337.7824	40.8796	620.5320	95.3009	655.4635	94.9306	668.2368	94.9537	677.9611	54.8843	
27/08/2017	02:12:03	019001	H340128020HLR	L340	S		581.0649	1.0311	0.0000	100.0322	39.6000	0.8230	0.8256	5.0000	17.2628	675.1503	95.0694	5.1110	24.4000	0.9300	0.9309	0.6831	-0.0053	675.0000	675.6343	1.0285	1.5760	100.0038	39.4458	0.8230	0.8201	5.0000	-9999.0000	-9999.0000	-9999.0000	-9999.0000	-9999.0000	-9999.0000	18.1526	3	0	25.5033	1.0000	03	1	-9999.0000	36617	64976	-9999	4996	1897	-9999	442.8118	5	0.6533	0.6831	-0.0053	82.8130	2.3046	633.9018	336.2808	38.6343	616.7138	95.3241	652.3805	94.9769	665.0857	95.0231	674.3731	95.0694	
27/08/2017	02:12:28	019001	H340128187HLR	L340	S		587.3043	1.0311	0.0000	100.0252	39.7469	0.8230	0.8262	5.0000	17.1222	675.1705	95.0231	4.9303	24.4000	0.9300	0.9304	0.6829	-0.0053	675.0000	675.4854	1.0285	1.6003	99.9718	39.4443	0.8230	0.8200	5.0000	-9999.0000	-9999.0000	-9999.0000	-9999.0000	-9999.0000	-9999.0000	18.5120	4	0	25.0129	1.0000	03	1	-9999.0000	36618	64977	-9999	4996	1898	-9999	443.5560	5	0.6536	0.6829	-0.0053	85.1293	1.9580	636.8009	341.8550	39.7685	619.5024	95.1852	653.8364	95.1620	666.1416	94.9537	676.0473	95.0463	
27/08/2017	02:12:53	019001	H340128188HLR	L340	S		580.3542	1.0311	0.0000	99.9897	40.0866	0.8230	0.8262	5.0000	17.0224	675.1786	95.1389	5.5905	24.4000	0.9300	0.9308	0.6800	-0.0048	675.0000	675.9961	1.0285	1.5170	99.9702	39.4516	0.8230	0.8201	5.0000	-9999.0000	-9999.0000	-9999.0000	-9999.0000	-9999.0000	-9999.0000	18.0119	5	0	25.4629	1.0000	03	1	-9999.0000	36619	64978	-9999	4997	1899	-9999	441.2573	5	0.6545	0.6800	-0.0048	75.5017	3.7111	633.6445	334.1075	38.1944	617.0493	95.3472	649.8249	94.9306	660.4192	94.9537	669.3647	95.0231	
27/08/2017	02:13:18	019001	H340128001HLR	L340	S		576.4530	1.0311	0.0000	100.0108	39.8916	0.8230	0.8256	5.0000	17.0723	675.1587	95.1157	5.3200	24.3000	0.9300	0.9306	0.6814	-0.0050	675.0000	675.9171	1.0285	1.5299	100.0202	39.4700	0.8230	0.8201	5.0000	-9999.0000	-9999.0000	-9999.0000	-9999.0000	-9999.0000	-9999.0000	18.1719	6	0	25.0336	1.0000	03	1	-9999.0000	36619	64979	-9999	4997	1900	-9999	442.0958	5	0.6551	0.6814	-0.0050	72.5995	4.2680	634.3666	336.5487	40.8102	617.7350	95.3009	650.3914	94.9537	661.9460	95.0000	672.2228	95.0694	
27/08/2017	02:13:44	019001	H340128017HLR	L340	S		582.4414	1.0311	0.0000	100.0047	39.6000	0.8230	0.8257	5.0000	17.0128	675.1195	95.0694	4.8912	24.4000	0.9300	0.9305	0.6905	-0.0068	675.0000	675.9451	1.0285	1.5253	99.9610	39.4664	0.8230	0.8201	5.0000	-9999.0000	-9999.0000	-9999.0000	-9999.0000	-9999.0000	-9999.0000	17.9825	7	0	25.5831	1.0000	03	1	-9999.0000	36620	64980	-9999	4998	1901	-9999	443.6742	5	0.6554	0.6905	-0.0068	73.5684	4.0567	633.7141	335.2224	40.9722	616.6243	95.2546	651.4965	95.0926	664.8388	94.9306	676.4768	94.5139	
27/08/2017	02:14:09	019001	H340128026HLR	L340	S		577.3127	1.0311	0.0000	100.0074	39.7695	0.8230	0.8260	5.0000	18.0217	675.1988	95.0926	5.2106	24.4000	0.9300	0.9311	0.6907	-0.0069	675.0000	675.2170	1.0285	1.6442	99.9774	39.4548	0.8230	0.8201	5.0000	-9999.0000	-9999.0000	-9999.0000	-9999.0000	-9999.0000	-9999.0000	18.0119	8	0	25.0930	1.0000	03	1	-9999.0000	36620	64981	-9999	4999	1902	-9999	442.2286	5	0.6556	0.6907	-0.0069	72.4833	4.2650	629.6185	334.5298	40.7870	611.9028	95.2546	648.2886	94.8611	661.8236	95.0231	672.9089	95.0694	
27/08/2017	02:14:34	019001	H340128030HLR	L340	S		580.0254	1.0311	0.0000	100.0637	40.0573	0.8230	0.8261	5.0000	17.3281	675.1621	95.0694	4.8707	24.4000	0.9300	0.9307	0.6875	-0.0063	675.0000	675.3598	1.0285	1.6208	99.9668	39.4689	0.8230	0.8202	5.0000	-9999.0000	-9999.0000	-9999.0000	-9999.0000	-9999.0000	-9999.0000	17.8722	1	0	25.5032	1.0000	03	1	-9999.0000	36621	64982	-9999	5000	1903	-9999	443.7059	5	0.6549	0.6875	-0.0063	71.9046	4.3563	633.5659	330.0065	39.4676	615.7937	95.4167	651.8371	94.6759	665.4622	95.0463	676.8516	94.3287	
27/08/2017	02:14:59	019001	H340128009HLR	L340	S		580.0275	1.0311	0.0000	99.9408	39.9214	0.8230	0.8256	5.0000	17.1826	675.1827	95.0463	5.2799	24.4000	0.9300	0.9311	0.6874	-0.0062	675.0000	675.4986	1.0285	1.5982	100.0050	39.4642	0.8230	0.8201	5.0000	-9999.0000	-9999.0000	-9999.0000	-9999.0000	-9999.0000	-9999.0000	18.1818	2	0	25.0432	1.0000	03	1	-9999.0000	36622	64983	-9999	5001	1904	-9999	441.9864	5	0.6550	0.6874	-0.0062	71.5401	4.5168	631.9413	329.0968	41.1574	614.8036	95.2546	649.0211	95.0000	661.7376	95.0000	672.0421	95.0231	
27/08/2017	02:15:25	019001	H340128589HLR	L340	S		582.1043	1.0311	0.0000	100.0416	39.6391	0.8230	0.8256	5.0000	17.0627	675.1327	94.9074	4.6100	24.4000	0.9300	0.9308	0.6864	-0.0060	675.0000	675.4467	1.0285	1.6067	99.9222	39.4758	0.8230	0.8201	5.0000	-9999.0000	-9999.0000	-9999.0000	-9999.0000	-9999.0000	-9999.0000	17.9923	3	0	25.4924	1.0000	03	1	-9999.0000	36623	64984	-9999	5002	1905	-9999	444.6588	5	0.6555	0.6864	-0.0060	63.9278	6.0184	638.6184	336.9934	41.0417	621.5091	94.9074	655.5389	94.7917	668.9645	95.0231	679.6324	41.9676	
27/08/2017	02:15:50	019001	H340128010HLR	L340	S		581.2183	1.0311	0.0000	100.0603	39.7681	0.8230	0.8262	5.0000	17.3225	675.1095	95.0231	4.6607	24.3000	0.9300	0.9309	0.6851	-0.0058	675.0000	675.0167	1.0285	1.6769	99.9034	39.4791	0.8230	0.8200	5.0000	-9999.0000	-9999.0000	-9999.0000	-9999.0000	-9999.0000	-9999.0000	18.3723	4	0	24.9835	1.0000	03	1	-9999.0000	36624	64985	-9999	5003	1906	-9999	444.3303	5	0.6553	0.6851	-0.0058	52.1270	8.2935	638.0728	329.7614	39.2361	620.9611	95.2778	655.6915	94.7454	667.3708	94.9537	678.4855	52.5463	
27/08/2017	02:16:15	019001	H340128630HLR	L340	S		577.1262	1.0311	0.0000	100.0977	40.0671	0.8230	0.8261	5.0000	17.3323	675.1462	95.0000	4.7203	24.3000	0.9300	0.9309	0.6857	-0.0059	675.0000	674.5602	1.0285	1.7514	99.9515	39.4786	0.8230	0.8200	5.0000	-9999.0000	-9999.0000	-9999.0000	-9999.0000	-9999.0000	-9999.0000	18.4515	5	0	25.5433	1.0000	03	1	-9999.0000	36625	64986	-9999	5004	1907	-9999	444.2147	5	0.6555	0.6857	-0.0059	55.4370	7.7865	636.3617	335.0901	39.9537	619.2750	95.4167	653.5292	95.0231	667.2604	94.9306	678.2730	62.2454	
27/08/2017	02:16:40	019001	H340128598HLR	L340	S		577.4467	1.0311	0.0000	99.9624	39.9096	0.8230	0.8256	5.0000	17.1721	675.1191	95.0231	4.9303	24.3000	0.9300	0.9304	0.6861	-0.0060	675.0000	675.4077	1.0285	1.6130	100.0066	39.4777	0.8230	0.8200	5.0000	-9999.0000	-9999.0000	-9999.0000	-9999.0000	-9999.0000	-9999.0000	18.4924	6	0	25.0032	1.0000	03	1	-9999.0000	36626	64987	-9999	5005	1908	-9999	443.3209	5	0.6555	0.6861	-0.0060	62.2482	6.3340	634.4375	326.9537	40.6944	616.9479	95.2083	651.7650	95.0463	664.5079	94.9769	675.9741	95.0463	
27/08/2017	02:17:06	019001	H340128003HLR	L340	S		582.3282	1.0311	0.0000	99.9788	39.6529	0.8230	0.8256	5.0000	17.1318	675.2028	95.0463	5.0006	24.3000	0.9300	0.9307	0.6858	-0.0059	675.0000	674.6710	1.0285	1.7333	99.9123	39.4867	0.8230	0.8200	5.0000	-9999.0000	-9999.0000	-9999.0000	-9999.0000	-9999.0000	-9999.0000	18.2024	7	0	25.4425	1.0000	03	1	-9999.0000	36627	64988	-9999	5006	1909	-9999	443.1076	5	0.6558	0.6858	-0.0059	70.8636	4.7701	632.7730	334.5203	38.4028	614.4689	95.4630	651.5408	95.0000	664.5518	94.9306	675.3123	95.0463	
27/08/2017	02:17:31	019001	H340128633HLR	L340	S		579.1424	1.0311	0.0000	100.0295	39.8000	0.8230	0.8262	5.0000	17.3017	675.1647	95.0463	5.1803	24.4000	0.9300	0.9307	0.6856	-0.0059	675.0000	675.9634	1.0285	1.5223	99.8907	39.4863	0.8230	0.8200	5.0000	-9999.0000	-9999.0000	-9999.0000	-9999.0000	-9999.0000	-9999.0000	18.3127	8	0	25.0333	1.0000	03	1	-9999.0000	36628	64989	-9999	5007	1910	-9999	442.3434	5	0.6558	0.6856	-0.0059	76.3855	3.7375	626.8250	318.5376	36.8750	606.9705	95.3935	649.9055	95.1389	663.5883	94.9537	673.5691	95.0463	
27/08/2017	02:17:56	019001	H340128004HLR	L340	S		581.5235	1.0311	0.0000	100.0078	40.0543	0.8230	0.8260	5.0000	17.3615	675.2045	95.1157	5.1002	24.4000	0.9300	0.9305	0.6863	-0.0060	675.0000	675.3983	1.0285	1.6146	99.9422	39.4876	0.8230	0.8200	5.0000	-9999.0000	-9999.0000	-9999.0000	-9999.0000	-9999.0000	-9999.0000	18.3118	1	0	25.6136	1.0000	03	1	-9999.0000	36629	64990	-9999	5008	1911	-9999	442.7184	5	0.6561	0.6863	-0.0060	79.2993	3.2415	628.0083	307.1170	37.1065	608.4174	95.4398	649.7772	95.1389	662.9690	94.9074	674.2426	95.0926	
27/08/2017	02:18:22	019001	H340128675HLR	L340	S		578.7392	1.0311	0.0000	99.9453	39.9000	0.8230	0.8256	5.0000	17.3039	675.2018	95.0926	5.0504	24.4000	0.9300	0.9310	0.6856	-0.0059	675.0000	676.7108	1.0285	1.4003	99.9263	39.4890	0.8230	0.8200	5.0000	-9999.0000	-9999.0000	-9999.0000	-9999.0000	-9999.0000	-9999.0000	18.3571	2	0	25.1233	1.0000	03	1	-9999.0000	36630	64991	-9999	5009	1912	-9999	442.8856	5	0.6561	0.6856	-0.0059	81.0892	2.9702	628.9435	304.7667	38.1481	608.5803	95.3241	652.2073	95.1389	664.6579	94.9537	674.7614	95.0694	
27/08/2017	02:18:47	019001	H340128627HLR	L340	S		578.7986	1.0311	0.0000	99.9150	39.7000	0.8230	0.8257	5.0000	17.2923	675.1583	95.0463	4.7506	24.4000	0.9300	0.9308	0.6867	-0.0061	675.0000	675.7667	1.0285	1.5544	99.9689	39.4949	0.8230	0.8201	5.0000	-9999.0000	-9999.0000	-9999.0000	-9999.0000	-9999.0000	-9999.0000	18.0152	3	0	25.6126	1.0000	03	1	-9999.0000	36631	64992	-9999	5010	1913	-9999	444.1043	5	0.6565	0.6867	-0.0061	71.0991	4.9636	632.4935	318.8525	36.1343	613.5451	95.2546	653.2217	95.1620	666.9076	94.9769	678.0094	65.1852	
27/08/2017	02:19:12	019001	H340128605HLR	L340	S		585.6950	1.0311	0.0000	100.0584	39.8447	0.8230	0.8261	5.0000	17.1124	675.1229	95.0926	5.1501	24.4000	0.9300	0.9311	0.6884	-0.0065	675.0000	674.6857	1.0285	1.7309	100.0068	39.4925	0.8230	0.8200	5.0000	-9999.0000	-9999.0000	-9999.0000	-9999.0000	-9999.0000	-9999.0000	18.1928	4	0	25.0832	1.0000	03	1	-9999.0000	36632	64993	-9999	5011	1914	-9999	442.3733	5	0.6565	0.6884	-0.0065	77.6712	3.5888	628.1851	317.3010	36.5741	609.9469	95.3935	649.1825	95.0463	662.6239	94.9537	673.6810	95.0694	
27/08/2017	02:19:38	019001	H340128658HLR	L340	S		582.4186	1.0311	0.0000	100.0221	40.0000	0.8230	0.8259	5.0000	17.3116	675.1674	95.1389	5.4812	24.4000	0.9300	0.9310	0.6883	-0.0064	675.0000	674.3551	1.0285	1.7849	100.0130	39.4899	0.8230	0.8200	5.0000	-9999.0000	-9999.0000	-9999.0000	-9999.0000	-9999.0000	-9999.0000	18.2424	5	0	25.5636	1.0000	03	1	-9999.0000	36633	64994	-9999	5012	1915	-9999	441.0116	5	0.6564	0.6883	-0.0064	82.1099	2.6857	626.2385	326.2029	37.8935	609.0654	95.2778	645.7186	94.8843	658.6681	94.9537	670.0430	95.0694	
27/08/2017	02:20:03	019001	H340128650HLR	L340	S		577.3002	1.0311	0.0000	100.0201	39.8856	0.8230	0.8256	5.0000	17.1469	675.1219	95.0926	5.2008	24.4000	0.9300	0.9310	0.6903	-0.0069	675.0000	674.6686	1.0285	1.7337	99.9573	39.4931	0.8230	0.8200	5.0000	-9999.0000	-9999.0000	-9999.0000	-9999.0000	-9999.0000	-9999.0000	18.3830	6	0	25.0226	1.0000	03	1	-9999.0000	36634	64995	-9999	5013	1916	-9999	442.0821	5	0.6564	0.6903	-0.0069	85.1568	2.0775	627.5963	324.8632	41.0185	610.5545	95.1389	647.9298	95.1157	662.4902	94.9537	672.9214	95.0463	
27/08/2017	02:20:28	019001	H340128639HLR	L340	S		579.7324	1.0311	0.0000	100.0244	39.7000	0.8230	0.8257	5.0000	17.2618	675.1798	95.0926	5.4206	24.3000	0.9300	0.9311	0.6891	-0.0066	675.0000	674.7480	1.0285	1.7207	99.9335	39.5145	0.8230	0.8200	5.0000	-9999.0000	-9999.0000	-9999.0000	-9999.0000	-9999.0000	-9999.0000	18.2619	7	0	25.6439	1.0000	03	1	-9999.0000	36635	64996	-9999	5014	1917	-9999	441.1238	5	0.6564	0.6891	-0.0066	89.3841	1.2619	626.8530	329.9548	40.0926	609.1732	95.2083	646.6968	95.1852	659.6671	94.9306	670.4487	95.0463	
27/08/2017	02:20:54	019001	H340128619HLR	L340	S		581.5042	1.0311	0.0000	100.0353	39.9000	0.8230	0.8261	5.0000	17.1524	675.2004	95.0694	5.0407	24.3000	0.9300	0.9306	0.6885	-0.0065	675.0000	675.9407	1.0285	1.5260	99.8986	39.4904	0.8230	0.8199	5.0000	-9999.0000	-9999.0000	-9999.0000	-9999.0000	-9999.0000	-9999.0000	18.3621	8	0	25.0822	1.0000	03	1	-9999.0000	36636	64997	-9999	5015	1918	-9999	442.8757	5	0.6566	0.6885	-0.0065	102.8118	-1.5804	630.1340	316.5362	38.3102	612.8320	95.2546	650.6240	95.0694	663.4475	95.0231	674.8416	95.0694	
27/08/2017	02:21:19	019001	H340128591HLR	L340	S		580.6074	1.0311	0.0000	100.0514	40.0000	0.8230	0.8259	5.0000	17.3517	675.1459	95.0694	5.1608	24.3000	0.9300	0.9305	0.6849	-0.0057	675.0000	675.5626	1.0285	1.5877	100.0576	39.4944	0.8230	0.8200	5.0000	-9999.0000	-9999.0000	-9999.0000	-9999.0000	-9999.0000	-9999.0000	18.3322	1	0	25.6439	1.0000	03	1	-9999.0000	36637	64998	-9999	5016	1919	-9999	442.4603	5	0.6561	0.6849	-0.0057	121.2147	-5.2718	631.9640	322.3950	39.8148	613.8953	95.1852	651.2807	95.1389	663.9734	94.9537	673.7643	95.0694	
27/08/2017	02:21:44	019001	H340128649HLR	L340	S		576.3291	1.0311	0.0000	99.9489	39.8663	0.8230	0.8256	5.0000	17.2228	675.2141	95.1157	5.5104	24.3000	0.9300	0.9311	0.6834	-0.0055	675.0000	675.6194	1.0285	1.5785	99.9151	39.5100	0.8230	0.8200	5.0000	-9999.0000	-9999.0000	-9999.0000	-9999.0000	-9999.0000	-9999.0000	18.4222	2	0	25.0831	1.0000	03	1	-9999.0000	36638	64999	-9999	5017	1920	-9999	441.2740	5	0.6558	0.6834	-0.0055	128.0515	-6.4842	627.5832	327.4929	38.9120	609.2638	95.3241	648.7916	95.1620	661.2615	94.9537	669.9811	95.0463	
27/08/2017	02:22:10	019001	H340128660HLR	L340	S		579.4139	1.0311	0.0000	99.9605	39.7000	0.8230	0.8258	5.0000	17.0725	675.1188	95.1157	5.4313	24.3000	0.9300	0.9311	0.6802	-0.0048	675.0000	675.4657	1.0285	1.6036	99.9834	39.5294	0.8230	0.8200	5.0000	-9999.0000	-9999.0000	-9999.0000	-9999.0000	-9999.0000	-9999.0000	18.3019	3	0	25.5833	1.0000	03	1	-9999.0000	36639	65000	-9999	5018	1920	-9999	441.5722	5	0.6553	0.6802	-0.0048	120.7305	-4.9865	630.6506	324.9244	40.1389	612.9796	95.2315	649.8436	95.1157	661.9570	95.0231	671.1853	95.0231	
27/08/2017	02:22:35	019001	H340128668HLR	L340	S		579.5019	1.0311	0.0000	99.9785	39.9000	0.8230	0.8261	5.0000	17.3224	675.1452	95.0694	5.4802	24.3000	0.9300	0.9312	0.6789	-0.0046	675.0000	675.7182	1.0285	1.5623	99.8588	39.5198	0.8230	0.8199	5.0000	-9999.0000	-9999.0000	-9999.0000	-9999.0000	-9999.0000	-9999.0000	18.4524	4	0	25.0723	1.0000	03	1	-9999.0000	36640	65001	-9999	5019	1921	-9999	441.4274	5	0.6552	0.6789	-0.0046	113.5949	-3.6803	631.6965	329.3192	38.9352	614.0028	95.3472	651.1582	95.1157	663.9467	95.0000	670.4640	95.0463	
27/08/2017	02:23:01	019001	H340128642HLR	L340	S		574.3783	1.0311	0.0000	100.0722	40.0000	0.8230	0.8259	5.0000	17.3516	675.1476	95.1389	5.3503	24.3000	0.9300	0.9311	0.6769	-0.0042	675.0000	675.6761	1.0285	1.5692	99.8551	39.5244	0.8230	0.8199	5.0000	-9999.0000	-9999.0000	-9999.0000	-9999.0000	-9999.0000	-9999.0000	18.4426	5	0	25.6635	1.0000	03	1	-9999.0000	36641	65002	-9999	5020	1922	-9999	441.7859	5	0.6550	0.6769	-0.0042	119.7580	-4.7872	632.4241	320.3967	36.4352	614.0354	95.3472	651.7616	95.0231	662.9731	95.0000	672.1966	95.0694	
27/08/2017	02:23:26	019001	H340128595HLR	L340	S		574.2606	1.0311	0.0000	100.0454	39.8511	0.8230	0.8256	5.0000	17.3420	675.1384	95.0926	5.2009	24.3000	0.9300	0.9307	0.6786	-0.0046	675.0000	675.2872	1.0285	1.6327	99.9383	39.5299	0.8230	0.8200	5.0000	-9999.0000	-9999.0000	-9999.0000	-9999.0000	-9999.0000	-9999.0000	18.5023	6	0	25.1035	1.0000	03	1	-9999.0000	36642	65003	-9999	5021	1923	-9999	442.2368	5	0.6549	0.6786	-0.0046	102.9460	-1.4951	633.0283	329.2929	39.6759	615.6279	95.2546	651.5455	95.0926	663.5343	94.9537	673.1395	95.0694	
27/08/2017	02:23:51	019001	H340128549HLR	L340	S		575.5369	1.0311	0.0000	99.9525	39.7058	0.8230	0.8258	5.0000	17.1525	675.1299	95.1157	5.1705	24.3000	0.9300	0.9306	0.6785	-0.0045	675.0000	676.4962	1.0285	1.4353	99.9423	39.5350	0.8230	0.8200	5.0000	-9999.0000	-9999.0000	-9999.0000	-9999.0000	-9999.0000	-9999.0000	18.3724	7	0	25.6625	1.0000	03	1	-9999.0000	36643	65004	-9999	5022	1924	-9999	442.2703	5	0.6547	0.6785	-0.0045	102.5858	-1.3327	633.1785	329.2934	39.6528	614.8126	95.3009	653.5764	95.1157	665.6799	94.9306	673.8581	95.0926	
27/08/2017	02:24:16	019001	H340128579HLR	L340	S		575.3530	1.0311	0.0000	100.0291	39.9032	0.8230	0.8261	5.0000	17.2725	675.1036	95.1157	5.6814	24.3000	0.9300	0.9311	0.6811	-0.0050	675.0000	675.3500	1.0285	1.6224	99.8847	39.5294	0.8230	0.8199	5.0000	-9999.0000	-9999.0000	-9999.0000	-9999.0000	-9999.0000	-9999.0000	18.4126	8	0	25.0939	1.0000	03	1	-9999.0000	36644	65005	-9999	5023	1925	-9999	440.6087	5	0.6546	0.6811	-0.0050	95.4188	0.0159	624.0767	325.3331	37.8472	605.1851	95.2315	646.8320	95.0000	658.9014	94.9769	668.9667	95.0926	
27/08/2017	02:25:45	019001	H340128673HLR	L340	S		580.2898	1.0311	0.0000	100.0740	40.0000	0.8230	0.8258	5.0000	17.3725	675.1398	95.1157	5.2907	24.3000	0.9300	0.9312	0.6824	-0.0053	675.0000	673.4909	1.0285	1.9260	99.9458	39.5269	0.8230	0.8200	5.0000	-9999.0000	-9999.0000	-9999.0000	-9999.0000	-9999.0000	-9999.0000	18.3919	1	0	87.0204	1.0000	03	1	-9999.0000	36645	65006	-9999	5023	1926	-9999	441.8984	5	0.6543	0.6824	-0.0053	65.8145	5.6144	627.2305	313.0899	37.3380	607.8913	95.4167	649.3370	95.1157	662.2525	94.9537	672.4189	95.0926	
27/08/2017	02:26:09	019001	H340128644HLR	L340	S		577.6127	1.0311	0.0000	100.0453	39.8413	0.8230	0.8256	5.0000	17.2920	675.1252	95.1157	5.2106	24.3000	0.9300	0.9311	0.6786	-0.0046	675.0000	676.0913	1.0285	1.5014	99.9713	39.5303	0.8230	0.8200	5.0000	-9999.0000	-9999.0000	-9999.0000	-9999.0000	-9999.0000	-9999.0000	18.3423	2	0	25.1332	1.0000	03	1	-9999.0000	36646	65007	-9999	5024	0	-9999	442.0982	5	0.6542	0.6786	-0.0046	94.4761	0.4145	633.6934	335.2985	38.8194	614.9829	95.4167	653.3728	95.0000	665.6412	95.0000	673.5543	95.1157	
27/08/2017	02:26:34	019001	H340128681HLR	L340	S		578.6054	1.0311	0.0000	100.0244	39.7737	0.8230	0.8258	5.0000	17.2014	675.0974	95.1389	5.4606	24.4000	0.9300	0.9313	0.6803	-0.0049	675.0000	674.3270	1.0285	1.7895	99.9157	39.2757	0.8230	0.8198	5.0000	-9999.0000	-9999.0000	-9999.0000	-9999.0000	-9999.0000	-9999.0000	18.4924	3	0	25.5129	1.0000	03	1	-9999.0000	36647	65008	-9999	5025	1927	-9999	441.2516	5	0.6542	0.6803	-0.0049	93.0303	0.8649	631.2480	336.2271	40.9722	613.2584	95.1389	649.1710	95.1157	661.9849	94.9537	670.8737	95.0694	
27/08/2017	02:26:59	019001	H340128540HLR	L340	S		583.1686	1.0311	0.0000	99.9512	39.9934	0.8230	0.8259	5.0000	17.6526	675.0959	95.0231	6.2703	24.4000	0.9300	0.9312	0.6788	-0.0046	675.0000	677.4898	1.0285	1.2731	99.9143	39.4500	0.8230	0.8208	5.0000	-9999.0000	-9999.0000	-9999.0000	-9999.0000	-9999.0000	-9999.0000	17.9728	4	0	25.0030	1.0000	03	1	-9999.0000	36648	65009	-9999	5026	1928	-9999	438.6911	5	0.6539	0.6788	-0.0046	81.9253	2.9836	627.0755	325.2457	37.2222	608.3816	95.1620	644.6975	94.9306	655.6781	95.0231	663.7410	95.0926	
27/08/2017	02:27:25	019001	H340128569HLR	L340	S		583.5080	1.0311	0.0000	100.0847	40.0000	0.8230	0.8258	5.0000	17.1917	0.0000	0.0000	0.0000	0.0000	0.9300	0.0000	0.0000	0.0000	675.0000	593.2985	1.0285	1.5770	100.0028	39.6000	0.8230	0.8208	5.0000	-9999.0000	-9999.0000	-9999.0000	-9999.0000	-9999.0000	-9999.0000	18.0325	5	1	25.5433	1.0000	03	1	-9999.0000	36648	0	-9999	5027	1929	-9999	0.0000	0	0.0000	0.0000	0.0000	0.0000	0.0000	0.0000	163.2370	1.7824	34.3624	1.9907	23.1000	2.0139	21.3787	2.0139	21.2506	2.0139	
27/08/2017	02:27:51	019001	H340128542HLR	L340	S		578.6916	1.0311	0.0000	100.0910	39.8000	0.8230	0.8256	5.0000	17.2121	675.1590	95.0694	6.9306	24.3000	0.9300	0.9307	0.6790	-0.0047	675.0000	682.1873	1.0285	0.5062	99.8301	39.5506	0.8230	0.8198	5.0000	-9999.0000	-9999.0000	-9999.0000	-9999.0000	-9999.0000	-9999.0000	18.4329	6	2	26.9135	1.0000	03	1	-9999.0000	0	65010	-9999	5028	1930	-9999	436.6480	5	0.6541	0.6790	-0.0047	72.1314	4.7814	603.6084	232.2104	40.5556	578.9086	95.3472	629.7451	94.5833	643.2803	95.0000	653.8648	95.0000	
27/08/2017	02:28:17	019001	H340128560HLR	L340	S		580.1371	1.0311	0.0000	100.0404	39.6449	0.8230	0.8255	5.0000	17.3322	675.1301	95.0926	6.9208	24.3000	0.9300	0.9308	0.6810	-0.0050	675.0000	683.2593	1.0285	0.3311	99.8961	39.4667	0.8230	0.8197	5.0000	-9999.0000	-9999.0000	-9999.0000	-9999.0000	-9999.0000	-9999.0000	18.4902	7	2	25.5740	1.0000	03	1	-9999.0000	36649	65011	-9999	5029	1931	-9999	436.2835	5	0.6540	0.6810	-0.0050	95.0334	0.5311	612.3350	332.5096	40.3472	594.7975	95.4398	632.9358	94.7222	645.9965	94.9306	654.8460	94.9537	
27/08/2017	02:28:53	019001	H340128547HLR	L340	S		579.6907	1.0311	0.0000	99.9334	39.7000	0.8230	0.8262	5.0000	17.1721	675.1856	95.0926	5.1198	24.3000	0.9300	0.9310	0.6908	-0.0068	675.0000	675.3766	1.0285	1.6181	100.0894	39.4824	0.8230	0.8200	5.0000	-9999.0000	-9999.0000	-9999.0000	-9999.0000	-9999.0000	-9999.0000	18.4222	8	0	36.0334	1.0000	03	1	-9999.0000	36650	65012	-9999	5030	1932	-9999	442.9975	5	0.6533	0.6908	-0.0068	121.4788	-4.2953	626.8458	329.7538	38.9583	608.3690	95.6019	648.4217	94.9074	662.0067	94.9537	673.8875	95.0926	
27/08/2017	02:29:19	019001	H340126377HLR	L340	S		582.5307	1.0311	0.0000	100.0239	40.1705	0.8230	0.8264	5.0000	17.3430	675.1484	94.9306	3.8208	24.3000	0.9300	0.9306	0.6908	-0.0068	675.0000	679.5073	1.0285	0.9437	100.1842	39.5165	0.8230	0.8200	5.0000	-9999.0000	-9999.0000	-9999.0000	-9999.0000	-9999.0000	-9999.0000	18.4827	1	0	25.5431	1.0000	07	1	-9999.0000	36651	65013	-9999	5031	1933	-9999	448.9113	5	0.6533	0.6908	-0.0068	121.4788	-4.2953	637.9028	316.6035	37.4306	616.9782	95.6019	665.0604	94.7917	677.5452	89.3287	0.0000	0.0000	
27/08/2017	02:29:44	019001	H340126360HLR	L340	S		587.1577	1.0311	0.0000	100.0024	40.0994	0.8230	0.8256	5.0000	17.2922	675.2444	94.9769	4.6705	24.3000	0.9300	0.9313	0.6985	-0.0082	675.0000	680.6046	1.0285	0.7646	99.9304	39.4926	0.8230	0.8197	5.0000	-9999.0000	-9999.0000	-9999.0000	-9999.0000	-9999.0000	-9999.0000	18.3723	2	0	25.0137	1.0000	07	1	-9999.0000	36652	65014	-9999	5032	1934	-9999	445.7492	5	0.6523	0.6985	-0.0082	92.3845	1.0304	626.0061	306.7045	36.3889	605.2760	95.3935	652.6808	95.0000	667.3715	94.9537	679.9316	54.4907	
27/08/2017	02:30:09	019001	H340121821HLR	L340	S		578.7408	1.0311	0.0000	100.0009	39.6990	0.8230	0.8254	5.0000	17.1500	675.2506	95.0231	4.8707	24.3000	0.9300	0.9311	0.7025	-0.0090	675.0000	678.5432	1.0285	1.1011	99.9120	39.4459	0.8230	0.8199	5.0000	-9999.0000	-9999.0000	-9999.0000	-9999.0000	-9999.0000	-9999.0000	18.3617	3	0	25.4729	1.0000	07	1	-9999.0000	36653	65015	-9999	5033	1935	-9999	444.9231	5	0.6510	0.7025	-0.0090	87.0153	2.1054	618.8744	308.5613	36.3426	597.6759	95.2546	647.9267	95.1620	664.4252	94.9306	677.3278	91.9676	
27/08/2017	02:30:34	019001	H340126345HLR	L340	S		588.3660	1.0311	0.0000	100.0667	39.7000	0.8230	0.8261	5.0000	17.0724	675.2343	95.0000	4.7506	24.3000	0.9300	0.9312	0.7019	-0.0089	675.0000	683.8241	1.0285	0.2389	99.8767	39.5331	0.8230	0.8201	5.0000	-9999.0000	-9999.0000	-9999.0000	-9999.0000	-9999.0000	-9999.0000	18.4524	4	2	25.0226	1.0000	07	1	-9999.0000	36654	65016	-9999	5034	1936	-9999	445.4924	5	0.6513	0.7019	-0.0089	85.9412	2.2880	625.5095	322.8029	39.8843	605.1165	95.0463	651.1709	95.1620	666.1669	94.9537	678.8241	65.7870	
27/08/2017	02:31:00	019001	H340126365HLR	L340	S		597.1061	1.0311	0.0000	100.0928	40.1000	0.8230	0.8263	5.0000	17.1221	675.1554	94.9537	3.8296	24.3000	0.9300	0.9303	0.6989	-0.0084	675.0000	678.9353	1.0285	1.0371	99.9318	39.5586	0.8230	0.8200	5.0000	-9999.0000	-9999.0000	-9999.0000	-9999.0000	-9999.0000	-9999.0000	18.4028	5	0	25.5334	1.0000	07	1	-9999.0000	36655	65017	-9999	5035	1937	-9999	450.2989	5	0.6519	0.6989	-0.0084	88.1899	1.8931	637.3020	325.5280	39.3056	618.4292	95.1852	662.0096	95.0000	677.8310	89.3750	0.0000	0.0000	
27/08/2017	02:31:25	019001	H340126354HLR	L340	S		590.9951	1.0311	0.0000	99.9642	39.9754	0.8230	0.8255	5.0000	17.2425	675.2020	94.9074	3.9800	24.3000	0.9300	0.9311	0.6899	-0.0069	675.0000	676.2785	1.0285	1.4709	99.9263	39.5358	0.8230	0.8199	5.0000	-9999.0000	-9999.0000	-9999.0000	-9999.0000	-9999.0000	-9999.0000	18.4524	6	0	25.0031	1.0000	07	1	-9999.0000	36656	65018	-9999	5036	1938	-9999	447.3788	5	0.6518	0.6899	-0.0069	85.1542	2.2563	638.1711	330.1912	37.4306	620.4848	95.2778	661.0019	94.9074	675.6142	94.8843	0.0000	0.0000	
27/08/2017	02:31:50	019001	H340126471HLR	L340	S		592.2877	1.0311	0.0000	100.0351	39.6000	0.8230	0.8255	5.0000	17.2316	675.1468	94.9074	4.0298	24.3000	0.9300	0.9307	0.6897	-0.0069	675.0000	677.4182	1.0285	1.2848	100.0591	39.5284	0.8230	0.8199	5.0000	-9999.0000	-9999.0000	-9999.0000	-9999.0000	-9999.0000	-9999.0000	18.4017	7	0	25.5529	1.0000	07	1	-9999.0000	36657	65018	-9999	5037	1939	-9999	447.0053	5	0.6520	0.6897	-0.0069	85.8692	2.1120	640.5253	332.9801	39.2593	622.6279	95.2083	661.5058	95.0694	674.9571	94.9074	0.0000	0.0000	
27/08/2017	02:32:15	019001	H340126462HLR	L340	S		597.7802	1.0311	0.0000	100.0494	39.8621	0.8230	0.8263	5.0000	17.1418	675.1570	94.9306	3.4799	24.2000	0.9300	0.9310	0.6876	-0.0066	675.0000	675.9829	1.0285	1.5191	99.9665	39.5333	0.8230	0.8200	5.0000	-9999.0000	-9999.0000	-9999.0000	-9999.0000	-9999.0000	-9999.0000	18.4622	8	0	25.0529	1.0000	07	1	-9999.0000	36658	65019	-9999	5038	1940	-9999	448.7957	5	0.6519	0.6876	-0.0066	86.0878	2.0123	646.1756	333.1589	40.2546	628.4808	95.0694	668.6541	94.9306	680.0086	26.2500	0.0000	0.0000	
27/08/2017	02:32:41	019001	H340126490HLR	L340	S		585.1740	1.0311	0.0000	99.9763	40.2000	0.8230	0.8261	5.0000	17.0528	675.1233	95.0926	4.7906	24.3000	0.9300	0.9312	0.6882	-0.0068	675.0000	677.8477	1.0285	1.2147	99.8999	39.5452	0.8230	0.8200	5.0000	-9999.0000	-9999.0000	-9999.0000	-9999.0000	-9999.0000	-9999.0000	18.3917	1	0	25.5538	1.0000	07	1	-9999.0000	36659	65019	-9999	5039	1941	-9999	442.7789	5	0.6526	0.6882	-0.0068	82.5100	2.6903	632.1406	328.3861	37.8935	614.6496	95.5093	654.2024	94.9306	666.7494	94.9074	677.8078	74.8611	
27/08/2017	02:33:06	019001	H340126452HLR	L340	S		584.6281	1.0311	0.0000	100.0341	39.9840	0.8230	0.8255	5.0000	17.2423	675.1121	95.0463	4.9606	24.3000	0.9300	0.9313	0.6887	-0.0070	675.0000	677.2645	1.0285	1.3099	100.1109	39.5459	0.8230	0.8200	5.0000	-9999.0000	-9999.0000	-9999.0000	-9999.0000	-9999.0000	-9999.0000	18.1721	2	0	24.9827	1.0000	07	1	-9999.0000	36660	65020	-9999	5040	1942	-9999	441.7642	5	0.6534	0.6887	-0.0070	73.2266	4.2316	631.3378	333.7596	39.7454	613.4020	95.2546	651.5131	95.1389	665.3856	94.9306	675.6057	95.0463	
27/08/2017	02:33:31	019001	H340126449HLR	L340	S		590.2805	1.0311	0.0000	100.0349	39.7000	0.8230	0.8256	5.0000	17.0822	675.2348	94.9537	3.7700	24.3000	0.9300	0.9311	0.6895	-0.0072	675.0000	676.0220	1.0285	1.5127	99.8338	39.5386	0.8230	0.8199	5.0000	-9999.0000	-9999.0000	-9999.0000	-9999.0000	-9999.0000	-9999.0000	18.4025	3	0	25.4933	1.0000	07	1	-9999.0000	36661	65021	-9999	5041	1943	-9999	447.4114	5	0.6547	0.6895	-0.0072	66.9207	5.4694	642.8391	328.6457	39.2593	623.9685	95.3241	663.8395	94.8380	678.4737	76.1111	0.0000	0.0000	
27/08/2017	02:33:56	019001	H340126447HLR	L340	S		567.9552	1.0311	0.0000	99.9631	39.8000	0.8230	0.8261	5.0000	17.2714	675.1397	95.0231	4.6705	24.3000	0.9300	0.9306	0.6898	-0.0073	675.0000	677.4742	1.0285	1.2756	100.0291	39.5366	0.8230	0.8200	5.0000	-9999.0000	-9999.0000	-9999.0000	-9999.0000	-9999.0000	-9999.0000	18.3821	4	0	24.9631	1.0000	07	1	-9999.0000	36662	65022	-9999	5042	1944	-9999	442.8105	5	0.6570	0.6898	-0.0073	57.8713	7.3020	634.6083	316.8818	39.7454	616.3035	94.9306	653.4783	94.7685	667.0331	94.9537	679.2879	53.2407	
27/08/2017	02:34:22	019001	H340126468HLR	L340	S		591.6144	1.0311	0.0000	100.0450	40.1511	0.8230	0.8261	5.0000	17.2021	675.1727	95.0694	3.9509	24.3000	0.9300	0.9310	0.6877	-0.0068	675.0000	675.5857	1.0285	1.5840	99.9191	39.5480	0.8230	0.8200	5.0000	-9999.0000	-9999.0000	-9999.0000	-9999.0000	-9999.0000	-9999.0000	18.4329	5	0	25.5031	1.0000	07	1	-9999.0000	36663	65023	-9999	5043	1945	-9999	446.2442	5	0.6582	0.6877	-0.0068	36.7799	11.9974	643.6546	341.4118	40.2315	626.2651	95.0463	662.6888	94.6528	675.9458	95.0694	0.0000	0.0000	
27/08/2017	02:34:47	019001	H340126652HLR	L340	S		585.6823	1.0311	0.0000	100.0046	40.0000	0.8230	0.8255	5.0000	17.3419	675.1904	94.9769	4.5504	24.3000	0.9300	0.9308	0.6931	-0.0082	675.0000	674.2824	1.0285	1.7967	99.9803	39.5462	0.8230	0.8199	5.0000	-9999.0000	-9999.0000	-9999.0000	-9999.0000	-9999.0000	-9999.0000	18.5323	6	0	25.0030	1.0000	07	1	-9999.0000	36664	65024	-9999	5044	1946	-9999	442.8843	5	0.6578	0.6931	-0.0082	36.1914	12.1313	630.6694	318.9028	37.8935	613.0432	95.4167	652.8986	95.0000	668.2270	94.9074	681.1549	33.1250	
27/08/2017	02:35:12	019001	H340126171HLR	L340	S		585.0078	1.0311	0.0000	99.9257	39.7451	0.8230	0.8255	5.0000	17.3322	675.2398	95.0000	4.5904	24.3000	0.9300	0.9305	0.6939	-0.0084	675.0000	676.8220	1.0285	1.3821	99.9131	39.5468	0.8230	0.8199	5.0000	-9999.0000	-9999.0000	-9999.0000	-9999.0000	-9999.0000	-9999.0000	18.5423	7	0	25.5226	1.0000	07	1	-9999.0000	36665	65025	-9999	5045	1947	-9999	442.6601	5	0.6580	0.6939	-0.0084	39.4162	11.4655	632.8980	325.3345	40.1852	615.2749	95.2083	653.4977	95.0694	667.9218	94.9074	680.7257	38.8426	
27/08/2017	02:35:37	019001	H340126648HLR	L340	S		588.2971	1.0311	0.0000	99.9438	39.8000	0.8230	0.8258	5.0000	18.1018	675.1748	94.9769	4.5709	24.3000	0.9300	0.9311	0.6949	-0.0087	675.0000	675.2127	1.0285	1.6449	99.9224	39.5481	0.8230	0.8199	5.0000	-9999.0000	-9999.0000	-9999.0000	-9999.0000	-9999.0000	-9999.0000	18.6028	8	0	24.9435	1.0000	07	1	-9999.0000	36666	65026	-9999	5046	1948	-9999	442.5628	5	0.6578	0.6949	-0.0087	40.0088	11.3098	630.6729	327.5098	40.1389	612.7459	95.3472	654.0840	95.0694	668.8134	94.9537	681.1118	36.3194	
27/08/2017	02:36:03	019001	H340126662HLR	L340	S		582.6659	1.0311	0.0000	99.9651	40.1000	0.8230	0.8261	5.0000	17.2521	675.1829	94.9537	4.5308	24.3000	0.9300	0.9307	0.6964	-0.0090	675.0000	673.0095	1.0285	2.0046	99.9204	39.5493	0.8230	0.8199	5.0000	-9999.0000	-9999.0000	-9999.0000	-9999.0000	-9999.0000	-9999.0000	18.5322	1	0	25.5734	1.0000	07	1	-9999.0000	36667	65027	-9999	5047	1949	-9999	442.6132	5	0.6583	0.6964	-0.0090	44.4425	10.1129	626.8594	322.1713	37.4306	607.5986	95.5556	652.0555	95.1157	667.3397	94.9074	682.0593	33.6574	
27/08/2017	02:36:28	019001	H340126687HLR	L340	S		590.6533	1.0311	0.0000	100.0424	40.0000	0.8230	0.8257	5.0000	17.1328	675.2008	94.9537	4.4205	24.3000	0.9300	0.9311	0.6942	-0.0085	675.0000	674.6918	1.0285	1.7299	99.9843	39.5500	0.8230	0.8199	5.0000	-9999.0000	-9999.0000	-9999.0000	-9999.0000	-9999.0000	-9999.0000	18.5727	2	0	24.9826	1.0000	07	1	-9999.0000	36668	65028	-9999	5048	1950	-9999	443.5866	5	0.6587	0.6942	-0.0085	47.9041	9.1512	630.7025	319.6587	37.2685	610.4849	95.4398	654.5278	95.1157	669.5791	94.8611	674.7093	22.7083	
27/08/2017	02:36:53	019001	H340126690HLR	L340	S		579.3573	1.0311	0.0000	99.9750	39.7948	0.8230	0.8256	5.0000	17.3030	675.1469	94.9074	4.1499	24.3000	0.9300	0.9311	0.6937	-0.0084	675.0000	675.0679	1.0285	1.6685	99.9567	39.5568	0.8230	0.8199	5.0000	-9999.0000	-9999.0000	-9999.0000	-9999.0000	-9999.0000	-9999.0000	18.4318	3	0	25.5236	1.0000	07	1	-9999.0000	36669	65029	-9999	5049	1950	-9999	444.8863	5	0.6578	0.6937	-0.0084	48.7224	9.0599	631.3873	312.6782	38.7037	610.5791	95.4630	657.7829	95.1157	673.3543	94.8843	0.0000	0.0000	
27/08/2017	02:37:18	019001	H340126691HLR	L340	S		580.2038	1.0311	0.0000	99.9529	39.8000	0.8230	0.8259	5.0000	17.3127	675.1392	94.9306	4.5201	24.3000	0.9300	0.9314	0.6931	-0.0083	675.0000	674.6652	1.0285	1.7343	99.9388	39.5500	0.8230	0.8199	5.0000	-9999.0000	-9999.0000	-9999.0000	-9999.0000	-9999.0000	-9999.0000	18.5022	4	0	25.0626	1.0000	07	1	-9999.0000	36670	65030	-9999	5050	1951	-9999	442.7053	5	0.6572	0.6931	-0.0083	49.6813	8.7402	629.5658	331.5333	37.5231	610.0947	95.3009	653.5182	95.1389	668.5478	94.8843	680.7186	33.2176	
27/08/2017	02:37:44	019001	H340126711HLR	L340	S		578.9325	1.0311	0.0000	100.0332	40.0000	0.8230	0.8261	5.0000	17.2716	675.2111	94.9769	4.5308	24.3000	0.9300	0.9313	0.6925	-0.0082	675.0000	675.1180	1.0285	1.6603	99.9626	39.5691	0.8230	0.8200	5.0000	-9999.0000	-9999.0000	-9999.0000	-9999.0000	-9999.0000	-9999.0000	18.2728	5	0	26.0130	1.0000	07	1	-9999.0000	36671	65031	-9999	5051	1951	-9999	442.7618	5	0.6570	0.6925	-0.0082	49.0093	8.9163	631.2045	335.9047	38.8657	613.3544	95.2083	653.5829	95.1389	668.6353	94.8611	680.3123	33.0093	
27/08/2017	02:38:09	019001	H340126712HLR	L340	S		573.6257	1.0311	0.0000	99.9958	40.0200	0.8230	0.8256	5.0000	17.8324	675.2404	94.9306	4.3199	24.3000	0.9300	0.9311	0.6936	-0.0083	675.0000	676.5666	1.0285	1.4238	99.9431	39.5612	0.8230	0.8199	5.0000	-9999.0000	-9999.0000	-9999.0000	-9999.0000	-9999.0000	-9999.0000	18.4221	6	0	25.0139	1.0000	07	1	-9999.0000	36672	65032	-9999	5052	1952	-9999	444.1653	5	0.6563	0.6936	-0.0083	56.0384	7.2958	632.6741	333.7334	38.5417	614.6464	95.2315	656.0803	95.1389	670.8788	94.9306	654.4951	16.7593	
27/08/2017	02:38:35	019001	H340126731HLR	L340	S		574.8708	1.0311	0.0000	100.0330	39.8311	0.8230	0.8256	5.0000	17.2825	675.1643	95.0231	4.6412	24.4000	0.9300	0.9315	0.6929	-0.0082	675.0000	675.5362	1.0285	1.5921	99.8889	39.5613	0.8230	0.8199	5.0000	-9999.0000	-9999.0000	-9999.0000	-9999.0000	-9999.0000	-9999.0000	18.4221	7	0	25.4826	1.0000	07	1	-9999.0000	36673	65033	-9999	5053	1953	-9999	442.3334	5	0.6569	0.6929	-0.0082	65.4322	5.2566	630.9850	328.9029	39.5370	612.5128	95.4167	653.0615	95.0694	667.3432	94.9074	679.4477	46.6204	
27/08/2017	02:39:00	019001	H340126661HLR	L340	S		578.3314	1.0311	0.0000	99.9732	39.8000	0.8230	0.8259	5.0000	17.0713	675.2294	94.9537	3.9604	24.3000	0.9300	0.9305	0.6920	-0.0079	675.0000	675.2515	1.0285	1.6385	99.9419	39.5578	0.8230	0.8199	5.0000	-9999.0000	-9999.0000	-9999.0000	-9999.0000	-9999.0000	-9999.0000	18.5226	8	0	24.9630	1.0000	07	1	-9999.0000	36674	65034	-9999	5054	1954	-9999	446.1349	5	0.6573	0.6920	-0.0079	60.5823	6.6384	638.1242	334.0961	39.3056	619.9339	95.1157	659.7665	95.1157	675.8614	94.9537	0.0000	0.0000	
27/08/2017	02:39:25	019001	H340126713HLR	L340	S		575.2397	1.0311	0.0000	99.9880	40.0000	0.8230	0.8261	5.0000	17.3125	675.1307	94.9769	4.5201	24.3000	0.9300	0.9309	0.6942	-0.0085	675.0000	675.3404	1.0285	1.6240	99.9955	39.5692	0.8230	0.8199	5.0000	-9999.0000	-9999.0000	-9999.0000	-9999.0000	-9999.0000	-9999.0000	18.5423	1	0	25.5235	1.0000	07	1	-9999.0000	36675	65035	-9999	5054	1955	-9999	443.0267	5	0.6567	0.6942	-0.0085	44.4437	10.5218	629.8416	332.6606	40.9491	612.0601	95.3704	653.2078	94.7685	668.2751	94.9306	680.4604	30.0463	
27/08/2017	02:39:50	019001	H340126761HLR	L340	S		583.3882	1.0311	0.0000	100.0186	40.0437	0.8230	0.8257	5.0000	17.3027	675.2435	95.1157	5.9402	24.3000	0.9300	0.9314	0.6902	-0.0075	675.0000	671.5467	1.0285	2.2434	99.9195	39.5672	0.8230	0.8199	5.0000	-9999.0000	-9999.0000	-9999.0000	-9999.0000	-9999.0000	-9999.0000	18.5314	2	0	24.9924	1.0000	07	1	-9999.0000	36676	65036	-9999	5055	1956	-9999	435.9657	5	0.6570	0.6902	-0.0075	83.4766	1.7909	619.4128	326.2735	40.6019	601.5297	95.4167	639.6295	95.0926	652.3600	94.9074	663.8149	95.0463	
27/08/2017	02:40:41	019001	H340126724HLR	L340	S		575.8923	1.0311	0.0000	99.9505	39.8000	0.8230	0.8259	5.0000	17.4222	675.1976	95.0231	4.6900	24.4000	0.9300	0.9311	0.6942	-0.0085	675.0000	676.2560	1.0285	1.4745	100.0048	39.4371	0.8230	0.8193	5.0000	-9999.0000	-9999.0000	-9999.0000	-9999.0000	-9999.0000	-9999.0000	18.5618	4	0	24.9630	1.0000	07	1	-9999.0000	36678	65037	-9999	5057	1957	-9999	442.0667	5	0.6568	0.6942	-0.0085	124.2151	-6.8265	628.0929	320.5016	37.0602	608.6841	95.2546	651.5937	95.0926	666.5973	94.9537	678.9383	52.4537	
27/08/2017	02:41:06	019001	H340126714HLR	L340	S		591.7790	1.0311	0.0000	100.0059	40.0287	0.8230	0.8260	5.0000	17.1514	675.2219	94.8611	4.0103	24.3000	0.9300	0.9315	0.6942	-0.0085	675.0000	674.6190	1.0285	1.7418	100.0281	39.4486	0.8230	0.8201	5.0000	-9999.0000	-9999.0000	-9999.0000	-9999.0000	-9999.0000	-9999.0000	18.4729	5	0	25.5430	1.0000	07	1	-9999.0000	36679	65038	-9999	5058	1958	-9999	445.9685	5	0.6570	0.6942	-0.0085	113.1770	-4.1259	635.5716	336.5958	39.6991	617.0393	95.4861	659.2074	95.0926	675.2219	94.8611	0.0000	0.0000	
27/08/2017	02:41:31	019001	H340126723HLR	L340	S		574.3765	1.0311	0.0000	100.0702	40.0128	0.8230	0.8258	5.0000	17.1317	675.1789	94.9306	4.3999	24.3000	0.9300	0.9305	0.6816	-0.0056	675.0000	677.1651	1.0285	1.3261	99.9874	39.6000	0.8230	0.8203	5.0000	-9999.0000	-9999.0000	-9999.0000	-9999.0000	-9999.0000	-9999.0000	18.6624	6	0	24.9025	1.0000	07	1	-9999.0000	36680	65039	-9999	5059	1959	-9999	443.8143	5	0.6564	0.6816	-0.0056	116.2158	-4.5430	638.3677	331.8905	39.7685	619.8217	95.4167	659.2186	94.9537	671.1134	94.8843	668.2762	20.2083	
27/08/2017	02:41:57	019001	H340127959HLR	L340	S		561.4879	1.0311	0.0000	100.0202	39.8549	0.8230	0.8256	5.0000	17.1515	675.1837	95.1852	6.2605	24.3000	0.9300	0.9313	0.6816	-0.0056	675.0000	674.3244	1.0285	1.7899	99.9789	39.6409	0.8230	0.8200	5.0000	-9999.0000	-9999.0000	-9999.0000	-9999.0000	-9999.0000	-9999.0000	18.4122	7	0	25.5031	1.0000	07	1	-9999.0000	36681	65040	-9999	5060	1960	-9999	436.8260	5	0.6564	0.6816	-0.0056	116.2158	-4.5430	620.7481	342.0290	39.6528	603.7655	95.2083	639.4538	94.6528	652.3519	95.0231	662.0418	95.0463	
27/08/2017	02:42:22	019001	H340127970HLR	L340	S		585.4452	1.0311	0.0000	99.9748	39.8000	0.8230	0.8258	5.0000	17.3116	675.2229	95.1157	5.4206	24.3000	0.9300	0.9311	0.6953	-0.0087	675.0000	670.3112	1.0285	2.4451	100.0031	39.5620	0.8230	0.8198	5.0000	-9999.0000	-9999.0000	-9999.0000	-9999.0000	-9999.0000	-9999.0000	18.4319	8	0	25.0138	1.0000	07	1	-9999.0000	36682	65041	-9999	5061	1961	-9999	437.6670	5	0.6560	0.6953	-0.0087	115.0667	-4.1128	620.4198	337.3493	38.3796	601.9281	95.3472	641.2399	95.0231	655.8614	94.9769	669.6353	95.0000	
27/08/2017	02:42:47	019001	H340127968HLR	L340	S		572.7958	1.0311	0.0000	99.9779	40.0000	0.8230	0.8261	5.0000	17.2520	675.1975	95.1389	5.3805	24.3000	0.9300	0.9308	0.6975	-0.0092	675.0000	673.0820	1.0285	1.9927	99.9244	39.5387	0.8230	0.8198	5.0000	-9999.0000	-9999.0000	-9999.0000	-9999.0000	-9999.0000	-9999.0000	18.5120	1	0	25.4727	1.0000	07	1	-9999.0000	36683	65042	-9999	5062	1962	-9999	437.5182	5	0.6564	0.6975	-0.0092	106.2509	-2.1449	617.5421	327.2910	37.6157	598.2589	95.3472	640.7019	95.1157	656.1327	94.9074	669.6970	95.0463	
27/08/2017	02:44:26	019001	H340127989HLR	L340	S		579.9836	1.0311	0.0000	100.0915	40.0667	0.8230	0.8258	5.0000	17.2023	675.1391	95.0463	5.5114	24.3000	0.9300	0.9313	0.6977	-0.0093	675.0000	671.0064	1.0285	2.3316	99.9387	39.5500	0.8230	0.8200	5.0000	-9999.0000	-9999.0000	-9999.0000	-9999.0000	-9999.0000	-9999.0000	18.5119	2	0	96.6018	1.0000	07	1	-9999.0000	36684	65043	-9999	5063	1963	-9999	436.5188	5	0.6560	0.6977	-0.0093	118.8211	-4.5990	616.3355	324.3658	37.5231	597.3015	95.2315	639.8697	95.0231	654.8600	94.9537	668.7896	95.0694	
27/08/2017	02:44:49	019001	H340126732HLR	L340	S		560.1455	1.0311	0.0000	100.0431	39.8739	0.8230	0.8255	5.0000	17.6828	675.1355	95.0463	4.8404	24.3000	0.9300	0.9309	0.6795	-0.0052	675.0000	674.0330	1.0285	1.8375	99.9035	39.5820	0.8230	0.8199	5.0000	-9999.0000	-9999.0000	-9999.0000	-9999.0000	-9999.0000	-9999.0000	18.5227	3	0	25.5332	1.0000	07	1	-9999.0000	36685	65044	-9999	5064	0	-9999	441.9442	5	0.6552	0.6795	-0.0052	70.0169	6.7423	632.6533	337.5832	39.6759	612.6787	95.0463	653.7450	95.0463	666.3723	94.9769	676.9102	90.6250	
27/08/2017	02:45:14	019001	H340127980HLR	L340	S		582.8448	1.0311	0.0000	99.9753	39.8000	0.8230	0.8258	5.0000	17.1513	675.1126	95.0926	6.0408	24.3000	0.9300	0.9314	0.6793	-0.0051	675.0000	674.5319	1.0285	1.7560	99.8696	39.3409	0.8230	0.8199	5.0000	-9999.0000	-9999.0000	-9999.0000	-9999.0000	-9999.0000	-9999.0000	18.5814	4	0	24.9933	1.0000	07	1	-9999.0000	36686	65045	-9999	5065	1964	-9999	437.9264	5	0.6549	0.6793	-0.0051	142.7556	-9.1714	628.1500	329.1045	38.1250	610.5744	95.3935	645.2520	95.0231	655.8467	94.9306	665.4180	95.0463	
27/08/2017	02:45:40	019001	H340127979HLR	L340	S		563.2099	1.0311	0.0000	100.0268	40.0000	0.8230	0.8260	5.0000	17.4416	675.1553	95.1389	5.6804	24.3000	0.9300	0.9313	0.6806	-0.0054	675.0000	674.0127	1.0285	1.8408	100.0417	39.5500	0.8230	0.8206	5.0000	-9999.0000	-9999.0000	-9999.0000	-9999.0000	-9999.0000	-9999.0000	18.4123	5	0	25.4827	1.0000	07	1	-9999.0000	36687	65046	-9999	5066	1965	-9999	439.0144	5	0.6542	0.6806	-0.0054	111.8048	-3.2000	630.7669	333.3101	39.0741	614.0194	95.1157	646.8387	94.9306	658.8510	94.9769	668.2832	95.1389	
27/08/2017	02:46:05	019001	H340127967HLR	L340	S		579.3958	1.0311	0.0000	99.9570	40.0224	0.8230	0.8259	5.0000	17.2726	0.0000	0.0000	0.0000	0.0000	0.9300	0.0000	0.0000	0.0000	675.0000	659.9239	1.0285	4.1410	99.9271	39.6714	0.8230	0.8203	5.0000	-9999.0000	-9999.0000	-9999.0000	-9999.0000	-9999.0000	-9999.0000	18.3917	6	1	25.0029	1.0000	07	1	-9999.0000	36688	0	-9999	5067	1965	-9999	0.0000	0	0.0000	0.0000	0.0000	0.0000	0.0000	0.0000	336.7242	40.0000	608.3266	95.0926	643.5529	94.8611	655.7108	94.8843	232.9600	0.2315	
27/08/2017	02:46:30	019001	H340127985HLR	L340	S		586.8727	1.0311	0.0000	100.0464	39.8994	0.8230	0.8256	5.0000	17.1721	675.2320	95.2083	5.7107	24.6000	0.9300	0.9310	0.6811	-0.0055	675.0000	673.4541	1.0285	1.9320	99.9394	39.5810	0.8230	0.8198	5.0000	-9999.0000	-9999.0000	-9999.0000	-9999.0000	-9999.0000	-9999.0000	18.4516	7	0	25.4436	1.0000	07	1	-9999.0000	0	65047	-9999	5068	1966	-9999	438.9507	5	0.6538	0.6811	-0.0055	87.4880	1.7392	626.6438	242.1457	40.1852	607.1124	94.9537	647.4758	95.0231	658.4839	94.9074	667.5150	95.0231	
27/08/2017	02:46:55	019001	H340127984HLR	L340	S		584.1970	1.0311	0.0000	100.0422	39.7000	0.8230	0.8258	5.0000	17.1721	675.0942	95.0463	6.1414	24.3000	0.9300	0.9304	0.6736	-0.0041	675.0000	673.6045	1.0285	1.9074	100.0068	39.5156	0.8230	0.8198	5.0000	-9999.0000	-9999.0000	-9999.0000	-9999.0000	-9999.0000	-9999.0000	18.4221	8	0	24.9923	1.0000	07	1	-9999.0000	36689	65048	-9999	5069	1967	-9999	437.8008	5	0.6526	0.6736	-0.0041	89.0663	1.2265	627.6555	332.6738	38.4491	608.6660	95.2315	647.7788	95.1157	657.7184	94.9306	665.6352	95.1157	
27/08/2017	02:47:21	019001	H340127906HLR	L340	S		586.1880	1.0311	0.0000	100.0619	39.8337	0.8230	0.8268	5.0000	17.3419	675.0765	95.0926	5.9802	24.3000	0.9300	0.9307	0.6717	-0.0038	675.0000	673.9842	1.0285	1.8454	99.9472	39.5356	0.8230	0.8200	5.0000	-9999.0000	-9999.0000	-9999.0000	-9999.0000	-9999.0000	-9999.0000	18.4827	1	0	25.4629	1.0000	07	1	-9999.0000	36690	65049	-9999	5070	1968	-9999	438.3418	5	0.6522	0.6717	-0.0038	74.9865	4.0749	633.4079	345.2248	37.2685	615.9545	95.1389	649.6485	94.7222	659.8118	95.0694	666.7581	95.0694	
27/08/2017	02:47:46	019001	H340128216HLR	L340	S		577.7939	1.0311	0.0000	99.9403	40.2000	0.8230	0.8265	5.0000	17.1417	675.1782	95.0926	5.8611	24.3000	0.9300	0.9309	0.6717	-0.0038	675.0000	675.6006	1.0285	1.5815	100.0141	39.5627	0.8230	0.8200	5.0000	-9999.0000	-9999.0000	-9999.0000	-9999.0000	-9999.0000	-9999.0000	18.2824	2	0	25.0031	1.0000	07	1	-9999.0000	36691	65050	-9999	5071	1969	-9999	438.7288	5	0.6522	0.6717	-0.0038	74.9865	4.0749	632.1837	350.3280	40.2315	614.6844	95.3472	650.6025	95.0231	659.9417	95.0000	667.2087	95.0694	
27/08/2017	02:48:11	019001	H340128226HLR	L340	S		580.3390	1.0311	0.0000	99.9603	40.1349	0.8230	0.8258	5.0000	17.1612	675.0784	95.0463	6.2010	24.3000	0.9300	0.9310	0.6710	-0.0036	675.0000	674.5677	1.0285	1.7502	99.9541	39.5644	0.8230	0.8199	5.0000	-9999.0000	-9999.0000	-9999.0000	-9999.0000	-9999.0000	-9999.0000	18.5423	3	0	25.4631	1.0000	07	1	-9999.0000	36692	65051	-9999	5072	1970	-9999	438.0022	5	0.6524	0.6710	-0.0036	72.5637	4.5064	631.7962	349.2598	40.9722	614.6130	95.2083	648.4058	95.0463	658.4616	95.0000	666.0935	95.0231	
27/08/2017	02:48:36	019001	H340128232HLR	L340	S		570.9999	1.0311	0.0000	99.9879	39.8000	0.8230	0.8256	5.0000	17.2414	675.1090	95.0463	6.1511	24.3000	0.9300	0.9312	0.6710	-0.0036	675.0000	678.0332	1.0285	1.1844	99.8853	39.5577	0.8230	0.8199	5.0000	-9999.0000	-9999.0000	-9999.0000	-9999.0000	-9999.0000	-9999.0000	18.4816	4	0	25.0237	1.0000	07	1	-9999.0000	36693	65052	-9999	5073	1971	-9999	438.3019	5	0.6520	0.6710	-0.0036	76.0933	3.2899	631.9968	350.6502	41.0185	614.6452	95.0463	648.9417	95.0926	658.8782	94.9769	666.5111	95.0926	
27/08/2017	02:49:02	019001	H340128231HLR	L340	S		565.5573	1.0311	0.0000	100.0655	39.7800	0.8230	0.8261	5.0000	17.0627	675.0760	95.0231	10.3216	24.3000	0.9300	0.9314	0.6707	-0.0035	675.0000	665.3378	1.0285	3.2571	99.9809	39.5676	0.8230	0.8200	5.0000	-9999.0000	-9999.0000	-9999.0000	-9999.0000	-9999.0000	-9999.0000	18.3821	5	1	25.4825	1.0000	07	1	-9999.0000	36694	65053	-9999	5074	1972	-9999	428.5408	5	0.6509	0.6707	-0.0035	116.1745	-3.7871	606.5699	348.7428	40.3241	590.8075	95.0231	621.1252	94.7917	629.9961	95.0231	637.1815	95.0926	
