Data	Timp	Nr. masina	Nr. de serie	Tip	Productie	Comentariu	Pre-masurare Q [ml/min]	Pre-masurare Gain	Pre-masurare Offset Master	Pre-masurare P [bar]	Pre-masurare T [°C]	Pre-masurare Densitate fixa [kg/l]	Pre-masurare densitate masurata [kg/l]	Pre-masurare Timp masurare [s]	Pre-masurare Cycle time [s]	rectificare Q Oprire [ml/min]	rectificare P Oprire [bar]	rectificare Timp rectificare [s]	rectificare T [°C]	rectificare Densitate fixa [kg/l]	rectificare densitate masurata [kg/l]	rectificare Factor de masurare la rectificare	rectificare Factor de corectie a debitului	rectificare Target rectificare	Masurare Q [ml/min]	Masurare Gain	Masurare Offset Master	Masurare P [bar]	Masurare T [°C]	Masurare Densitate fixa [kg/l]	Masurare densitate masurata [kg/l]	Masurare Timp masurare [s]	Masurare Q [ml/min]	Masurare Delta Q [ml/min]	Masurare P [bar]	Masurare BP [bar]	Masurare T [°C]	Masurare Timp masurare [s]	Masurare Cycle time [s]	Nest Nr.	Cod de descarcare	Cycle time [s]	Traceability aktiv	EDM Maschine Nr	EDM Spindle Nr	Honing Rate [r	Station Counter Premeasure	Station Counter Grind	Station Counter Blowout 1	Station Counter Wash	Station Counter Measure	Station Counter Blowout 2	RealGrindQStop	Reg Type	Factor 0	Factor 1	Factor 2	Factor 3	Factor 4	G_StartQV	G_StartQV_1	G_StartQV_2	G_StartQV_3	G_StartQV_4	G_StartQV_5	
15/08/2017	00:00:18	019001	H421054819HLR	L421	S		698.8642	1.0311	0.0000	100.0097	39.6676	0.8230	0.8259	5.0000	17.1320	815.0628	96.9444	13.1315	24.9000	0.9300	0.9393	0.6802	-0.0002	815.0000	815.2342	1.0285	-1.5889	99.9906	39.0830	0.8230	0.8188	5.0000	-9999.0000	-9999.0000	-9999.0000	-9999.0000	-9999.0000	-9999.0000	18.8127	1	0	25.0538	1.0000	02	2	-9999.0000	9375	38676	-9999	1919	1812	-9999	552.2255	5	0.6772	0.6802	-0.0002	83.9213	2.3743	759.5110	308.9074	33.1944	686.7948	98.2639	750.7238	97.0833	758.8248	97.0833	765.4842	96.9907	
15/08/2017	00:01:09	019001	H421054775HLR	L421	S		698.5828	1.0311	0.0000	100.0092	39.8182	0.8230	0.8258	5.0000	17.1329	815.0831	96.9444	13.1217	25.0000	0.9300	0.9395	0.6797	-0.0002	815.0000	814.4249	1.0285	-1.5843	100.1006	38.9936	0.8230	0.8177	5.0000	-9999.0000	-9999.0000	-9999.0000	-9999.0000	-9999.0000	-9999.0000	18.8021	3	0	25.0637	1.0000	02	2	-9999.0000	9376	38677	-9999	1919	1813	-9999	552.1934	5	0.6772	0.6797	-0.0002	84.2751	2.3381	760.5166	308.6260	34.5370	688.2230	97.5463	750.2473	96.6667	759.9386	96.7361	765.4432	96.8981	
15/08/2017	00:01:34	019001	H421054774HLR	L421	S		700.4432	1.0311	0.0000	100.1393	39.7431	0.8230	0.8250	5.0000	18.3226	815.0613	96.8981	11.9419	24.9000	0.9300	0.9393	0.6837	-0.0005	815.0000	814.7368	1.0285	-1.5861	100.1039	38.9811	0.8230	0.8186	5.0000	-9999.0000	-9999.0000	-9999.0000	-9999.0000	-9999.0000	-9999.0000	18.7326	4	0	25.4121	1.0000	02	2	-9999.0000	9377	38678	-9999	1920	1814	-9999	552.6132	5	0.6772	0.6837	-0.0005	82.9885	2.4494	763.6265	310.4849	33.9120	690.3485	98.1481	753.3012	97.1296	762.7224	97.1296	770.4949	96.9907	
15/08/2017	00:01:59	019001	H421054763HLR	L421	S		698.8126	1.0311	0.0000	99.9497	39.6542	0.8230	0.8253	5.0000	17.9229	815.0884	96.9213	13.2419	25.0000	0.9300	0.9394	0.6842	-0.0005	815.0000	814.4745	1.0285	-1.5846	99.9899	39.0766	0.8230	0.8187	5.0000	-9999.0000	-9999.0000	-9999.0000	-9999.0000	-9999.0000	-9999.0000	19.0022	5	0	24.9933	1.0000	02	2	-9999.0000	9378	38679	-9999	1921	1815	-9999	552.0535	5	0.6772	0.6842	-0.0005	84.3520	2.3504	757.1351	304.1184	32.9630	686.8004	98.2407	748.1674	97.2685	756.6047	97.2685	763.0933	97.0370	
15/08/2017	00:02:50	019001	H421054852HLR	L421	S		695.6490	1.0311	0.0000	99.9956	39.8232	0.8230	0.8259	5.0000	17.1514	815.0603	96.9444	13.5417	25.1000	0.9300	0.9397	0.6836	-0.0005	815.0000	815.2604	1.0285	-1.5890	99.9317	38.9772	0.8230	0.8177	5.0000	-9999.0000	-9999.0000	-9999.0000	-9999.0000	-9999.0000	-9999.0000	19.0529	7	0	25.6330	1.0000	02	2	-9999.0000	9379	38680	-9999	1922	1816	-9999	552.0182	5	0.6774	0.6836	-0.0005	107.7528	0.6130	755.6247	296.3205	34.0972	682.0409	97.6852	745.0765	96.7361	754.8196	96.7824	761.5827	96.8750	
15/08/2017	00:03:16	019001	H421054859HLR	L421	S		696.2886	1.0311	0.0000	100.0072	39.7508	0.8230	0.8258	5.0000	17.2628	815.1059	96.9444	13.1520	24.9000	0.9300	0.9393	0.6858	-0.0006	815.0000	815.1030	1.0285	-1.5881	99.9875	38.9813	0.8230	0.8186	5.0000	-9999.0000	-9999.0000	-9999.0000	-9999.0000	-9999.0000	-9999.0000	18.8216	8	0	26.0334	1.0000	02	2	-9999.0000	9380	38681	-9999	1922	1817	-9999	552.1817	5	0.6775	0.6858	-0.0006	101.8724	1.0715	756.1916	310.6963	33.5880	685.3616	98.2870	745.8470	97.1759	755.3813	97.1296	762.3178	96.9907	
15/08/2017	00:03:41	019001	H421054849HLR	L421	S		697.5176	1.0311	0.0000	100.0580	39.6678	0.8230	0.8258	5.0000	17.1817	815.1121	96.8981	13.3620	25.0000	0.9300	0.9394	0.6882	-0.0008	815.0000	814.1739	1.0285	-1.5829	100.0054	39.0820	0.8230	0.8186	5.0000	-9999.0000	-9999.0000	-9999.0000	-9999.0000	-9999.0000	-9999.0000	18.9925	1	0	25.0031	1.0000	02	2	-9999.0000	9381	38682	-9999	1923	1818	-9999	551.9474	5	0.6775	0.6882	-0.0008	100.6087	1.1702	751.4489	311.5093	34.4676	681.1084	98.1713	741.3443	97.2454	750.5536	97.1991	757.7999	96.9907	
15/08/2017	00:04:32	019001	H421054839HLR	L421	Q		694.4155	1.0311	0.0000	99.9538	39.7836	0.8230	0.8259	5.0000	17.0529	815.0959	96.9213	14.1013	25.1000	0.9300	0.9396	0.6869	-0.0007	815.0000	813.9742	1.0285	-1.5818	99.9485	38.9786	0.8230	0.8177	5.0000	-9999.0000	-9999.0000	-9999.0000	-9999.0000	-9999.0000	-9999.0000	18.7923	3	0	24.9523	1.0000	02	2	-9999.0000	9382	38683	-9999	1924	1819	-9999	551.4990	5	0.6773	0.6869	-0.0007	100.5169	1.1813	749.7388	304.2865	31.6898	677.6629	97.5694	738.5928	96.7593	748.7634	96.8056	756.0107	96.9213	
15/08/2017	00:04:58	019001	H421054840HLR	L421	Q		694.7735	1.0311	0.0000	100.0184	39.7276	0.8230	0.8257	5.0000	17.4913	815.0672	96.9444	13.8523	25.0000	0.9300	0.9393	0.6863	-0.0007	815.0000	814.4805	1.0285	-1.5846	99.9112	38.9813	0.8230	0.8186	5.0000	-9999.0000	-9999.0000	-9999.0000	-9999.0000	-9999.0000	-9999.0000	18.8019	4	0	26.6136	1.0000	02	2	-9999.0000	9383	38684	-9999	1925	1820	-9999	551.7337	5	0.6774	0.6863	-0.0007	100.4878	1.1833	751.8693	308.5845	33.9352	680.6990	98.3333	741.2246	97.1528	751.0358	97.1065	757.7322	97.0139	
15/08/2017	00:05:25	019001	H421054056HLR	L421	S		711.6698	1.0311	0.0000	100.0462	39.6754	0.8230	0.8257	5.0000	17.2823	815.0964	96.8750	10.3216	25.0000	0.9300	0.9393	0.6890	-0.0009	815.0000	817.6402	1.0285	-1.6024	99.9246	39.0847	0.8230	0.8187	5.0000	-9999.0000	-9999.0000	-9999.0000	-9999.0000	-9999.0000	-9999.0000	18.8421	5	0	26.8734	1.0000	02	2	-9999.0000	9384	38685	-9999	1926	1821	-9999	554.2927	5	0.6774	0.6890	-0.0009	99.0667	1.2964	770.2282	294.2724	33.8194	695.0642	97.9861	759.1559	96.9676	769.4921	97.0139	776.6834	96.9676	
15/08/2017	00:06:16	019001	H421054820HLR	L421	S		714.7042	1.0311	0.0000	100.0113	39.8201	0.8230	0.8257	5.0000	17.1124	815.1235	96.9444	9.6711	25.1000	0.9300	0.9395	0.6859	-0.0006	815.0000	816.3407	1.0285	-1.5951	99.9226	38.9568	0.8230	0.8176	5.0000	-9999.0000	-9999.0000	-9999.0000	-9999.0000	-9999.0000	-9999.0000	19.0023	7	0	24.9736	1.0000	02	2	-9999.0000	9385	38686	-9999	1927	1822	-9999	554.1567	5	0.6774	0.6859	-0.0006	90.0876	2.0207	775.2992	308.2273	35.3009	703.4675	97.2222	764.5082	96.5046	774.3474	96.5509	782.3716	96.9213	
15/08/2017	00:06:39	019001	H421054826HLR	L421	S		697.0647	1.0311	0.0000	99.9986	39.7221	0.8230	0.8258	5.0000	17.1819	815.0946	96.9444	14.3914	25.0000	0.9300	0.9393	0.6820	-0.0003	815.0000	815.0036	1.0285	-1.5876	99.9614	38.9754	0.8230	0.8186	5.0000	-9999.0000	-9999.0000	-9999.0000	-9999.0000	-9999.0000	-9999.0000	18.7620	8	0	22.9022	1.0000	02	2	-9999.0000	9386	38687	-9999	1928	1823	-9999	552.0660	5	0.6776	0.6820	-0.0003	80.2483	2.7938	751.5986	314.1213	32.1296	684.9033	97.9630	743.4311	97.0833	750.8275	97.1759	757.3700	97.0139	
15/08/2017	00:07:04	019001	H421054835HLR	L421	S		694.0811	1.0311	0.0000	100.0512	39.6472	0.8230	0.8259	5.0000	17.1327	815.1194	97.0139	15.3319	24.9000	0.9300	0.9393	0.6800	-0.0002	815.0000	817.0433	1.0285	-1.5990	99.9707	39.0838	0.8230	0.8187	5.0000	-9999.0000	-9999.0000	-9999.0000	-9999.0000	-9999.0000	-9999.0000	19.0022	1	0	24.9738	1.0000	02	2	-9999.0000	9387	38688	-9999	1929	1824	-9999	552.1436	5	0.6777	0.6800	-0.0002	70.0213	3.5593	752.7347	316.3085	33.7037	685.9553	98.3565	743.5463	97.1759	751.9033	97.2222	757.7115	97.0139	
15/08/2017	00:07:54	019001	H421054824HLR	L421	S		717.6572	1.0311	0.0000	99.9966	39.8351	0.8230	0.8253	5.0000	17.6427	815.1092	96.8287	8.5704	25.1000	0.9300	0.9394	0.6813	-0.0003	815.0000	813.6295	1.0285	-1.5799	100.0346	38.9949	0.8230	0.8177	5.0000	-9999.0000	-9999.0000	-9999.0000	-9999.0000	-9999.0000	-9999.0000	18.8704	3	0	24.9435	1.0000	02	2	-9999.0000	9388	38689	-9999	1930	1825	-9999	553.5143	5	0.6778	0.6813	-0.0003	64.5590	3.9725	784.3022	297.8775	31.1343	706.1339	97.4769	773.5245	96.5278	783.4520	96.5972	790.5642	96.8750	
15/08/2017	00:08:20	019001	H421054054HLR	L421	S		710.6815	1.0311	0.0000	100.0514	39.7200	0.8230	0.8258	5.0000	17.1515	815.0962	96.8519	9.3107	25.0000	0.9300	0.9393	0.6812	-0.0003	815.0000	816.0227	1.0285	-1.5933	100.0056	38.9790	0.8230	0.8185	5.0000	-9999.0000	-9999.0000	-9999.0000	-9999.0000	-9999.0000	-9999.0000	18.8030	4	0	25.5626	1.0000	02	2	-9999.0000	9389	38690	-9999	1931	1826	-9999	553.2874	5	0.6778	0.6812	-0.0003	67.2397	3.7460	779.4003	312.9933	33.7500	703.3930	97.9861	768.3066	96.7824	778.3856	96.8287	786.1463	96.9676	
15/08/2017	00:08:45	019001	H421054044HLR	L421	S		706.3539	1.0311	0.0000	99.9887	39.6470	0.8230	0.8258	5.0000	17.0616	815.0908	96.9213	10.5110	25.0000	0.9300	0.9393	0.6813	-0.0003	815.0000	815.2084	1.0285	-1.5887	99.9280	39.0750	0.8230	0.8187	5.0000	-9999.0000	-9999.0000	-9999.0000	-9999.0000	-9999.0000	-9999.0000	18.8919	5	0	24.9727	1.0000	02	2	-9999.0000	9390	38691	-9999	1932	1827	-9999	552.9947	5	0.6775	0.6813	-0.0003	67.4414	3.6965	773.7127	324.6274	35.1852	702.4522	97.9861	763.0779	97.2222	773.0793	97.2917	780.0664	96.9213	
15/08/2017	00:09:10	019001	H421054048HLR	L421	S		713.0928	1.0311	0.0000	100.0759	39.6266	0.8230	0.8255	5.0000	17.6818	815.1490	96.9213	9.5412	25.0000	0.9300	0.9395	0.6813	-0.0003	815.0000	816.3590	1.0285	-1.5952	99.9035	39.1138	0.8230	0.8184	5.0000	-9999.0000	-9999.0000	-9999.0000	-9999.0000	-9999.0000	-9999.0000	18.9730	6	0	25.5734	1.0000	02	2	-9999.0000	9391	38692	-9999	1933	1828	-9999	553.2677	5	0.6775	0.6813	-0.0003	67.4414	3.6965	777.8844	311.5082	33.3102	706.4506	98.0324	768.3187	96.8981	776.9662	96.9444	784.2769	96.9676	
15/08/2017	00:09:35	019001	H421054039HLR	L421	S		706.7712	1.0311	0.0000	100.0416	39.6564	0.8230	0.8261	5.0000	17.1300	815.1024	96.8981	10.2317	25.0000	0.9300	0.9394	0.6835	-0.0005	815.0000	813.7815	1.0285	-1.5807	99.9706	39.0951	0.8230	0.8183	5.0000	-9999.0000	-9999.0000	-9999.0000	-9999.0000	-9999.0000	-9999.0000	18.9730	7	0	24.9825	1.0000	02	2	-9999.0000	9392	38693	-9999	1934	1829	-9999	553.4197	5	0.6778	0.6835	-0.0005	63.5204	3.9891	771.8373	331.3356	32.9167	700.3324	98.1019	760.5750	96.8981	770.9365	96.9676	778.7038	96.9444	
15/08/2017	00:10:01	019001	H421054043HLR	L421	S		708.8141	1.0311	0.0000	100.0124	39.6945	0.8230	0.8248	5.0000	19.1224	815.0566	96.9213	10.1311	25.0000	0.9300	0.9394	0.6811	-0.0003	815.0000	813.6646	1.0285	-1.5800	99.9144	39.0872	0.8230	0.8182	5.0000	-9999.0000	-9999.0000	-9999.0000	-9999.0000	-9999.0000	-9999.0000	19.0228	8	0	25.5333	1.0000	02	2	-9999.0000	9393	38694	-9999	1935	1830	-9999	552.9675	5	0.6779	0.6811	-0.0003	67.2672	3.6982	774.6950	324.6652	33.6806	704.7328	98.0556	763.6494	96.8519	773.8347	96.8981	780.7590	96.9444	
15/08/2017	00:10:26	019001	H421054033HLR	L421	S		706.2399	1.0311	0.0000	99.9866	39.6761	0.8230	0.8260	5.0000	17.2716	815.1111	96.8981	10.5716	25.1000	0.9300	0.9395	0.6807	-0.0002	815.0000	814.3927	1.0285	-1.5841	99.9119	39.0970	0.8230	0.8183	5.0000	-9999.0000	-9999.0000	-9999.0000	-9999.0000	-9999.0000	-9999.0000	18.9319	1	0	24.9534	1.0000	02	2	-9999.0000	9394	38695	-9999	1936	1831	-9999	552.9152	5	0.6779	0.6807	-0.0002	69.3336	3.5307	773.2956	307.1766	32.3380	701.3193	98.2639	762.8964	96.9213	772.2949	96.9907	779.8961	96.9907	
15/08/2017	00:10:52	019001	H421054035HLR	L421	S		704.6433	1.0311	0.0000	99.9980	39.6930	0.8230	0.8261	5.0000	17.0723	815.1238	96.8750	10.8207	25.0000	0.9300	0.9394	0.6815	-0.0003	815.0000	815.1946	1.0285	-1.5886	99.9779	39.1013	0.8230	0.8182	5.0000	-9999.0000	-9999.0000	-9999.0000	-9999.0000	-9999.0000	-9999.0000	19.1221	2	0	25.6634	1.0000	02	2	-9999.0000	9395	38696	-9999	1937	1832	-9999	552.8443	5	0.6779	0.6815	-0.0003	69.5031	3.5171	770.4009	315.6768	34.2130	696.3307	98.0324	759.8065	97.0370	769.7601	97.0602	776.6929	97.0139	
15/08/2017	00:11:17	019001	H421054025HLR	L421	S		700.8384	1.0311	0.0000	100.0409	39.6810	0.8230	0.8259	5.0000	17.2228	815.1071	96.9444	12.0220	25.0000	0.9300	0.9393	0.6827	-0.0004	815.0000	815.7479	1.0285	-1.5917	99.9563	39.1014	0.8230	0.8182	5.0000	-9999.0000	-9999.0000	-9999.0000	-9999.0000	-9999.0000	-9999.0000	19.0727	3	0	25.0127	1.0000	02	2	-9999.0000	9396	38697	-9999	1937	1833	-9999	552.5649	5	0.6782	0.6827	-0.0004	70.3302	3.4543	763.4399	329.1025	34.6991	692.7767	98.0093	753.3317	97.0602	762.4144	97.0602	769.5644	97.0370	
15/08/2017	00:11:45	019001	H421054022HLR	L421	S		700.7107	1.0311	0.0000	99.9772	39.6788	0.8230	0.8259	5.0000	17.3224	815.0862	96.9444	12.4117	24.9000	0.9300	0.9393	0.6833	-0.0005	815.0000	815.7213	1.0285	-1.5916	99.9968	39.1071	0.8230	0.8182	5.0000	-9999.0000	-9999.0000	-9999.0000	-9999.0000	-9999.0000	-9999.0000	19.1526	4	0	25.6329	1.0000	02	2	-9999.0000	9397	38698	-9999	1938	1834	-9999	552.4223	5	0.6784	0.6833	-0.0005	71.3081	3.3454	761.0501	331.5964	33.3565	693.8109	97.9398	750.2644	97.3611	760.1439	97.3611	767.1260	96.9444	
15/08/2017	00:12:33	019001	H421055431HLR	L421	S		698.6702	1.0311	0.0000	99.9005	39.7287	0.8230	0.8253	5.0000	18.3429	815.1050	97.0139	12.4820	25.1000	0.9300	0.9396	0.6836	-0.0005	815.0000	815.1226	1.0285	-1.5882	99.9087	39.0026	0.8230	0.8177	5.0000	-9999.0000	-9999.0000	-9999.0000	-9999.0000	-9999.0000	-9999.0000	18.9755	6	0	25.6135	1.0000	02	2	-9999.0000	9398	38699	-9999	1939	1835	-9999	552.4900	5	0.6784	0.6836	-0.0005	74.2140	3.1584	760.6632	308.6328	33.0787	688.9423	97.8704	749.5959	96.7130	759.8116	96.7593	767.2268	96.9213	
15/08/2017	00:12:58	019001	H421055437HLR	L421	S		700.5698	1.0311	0.0000	100.1092	39.6793	0.8230	0.8260	5.0000	17.1827	815.1168	96.9444	12.5318	24.9000	0.9300	0.9393	0.6846	-0.0006	815.0000	814.6637	1.0285	-1.5857	99.9866	39.0173	0.8230	0.8185	5.0000	-9999.0000	-9999.0000	-9999.0000	-9999.0000	-9999.0000	-9999.0000	19.1428	7	0	24.9922	1.0000	02	2	-9999.0000	9399	38700	-9999	1939	1836	-9999	552.2439	5	0.6784	0.6846	-0.0006	69.3461	3.6544	760.0955	305.4108	33.1019	688.5272	98.2407	749.3498	97.2917	759.1691	97.2685	765.9883	97.0602	
15/08/2017	00:13:24	019001	H421055433HLR	L421	S		698.9111	1.0311	0.0000	100.0387	39.6884	0.8230	0.8259	5.0000	17.2620	815.0865	96.9213	13.1315	25.0000	0.9300	0.9394	0.6849	-0.0006	815.0000	815.0533	1.0285	-1.5878	99.9585	39.1324	0.8230	0.8186	5.0000	-9999.0000	-9999.0000	-9999.0000	-9999.0000	-9999.0000	-9999.0000	18.9028	8	0	25.6340	1.0000	02	2	-9999.0000	9400	38701	-9999	1940	1837	-9999	551.8430	5	0.6786	0.6849	-0.0006	62.1522	4.3609	756.6835	317.1531	34.3750	686.3680	98.0093	746.2562	97.2917	755.8204	97.2917	762.3746	97.0602	
15/08/2017	00:13:49	019001	H421054847HLR	L421	S		699.8395	1.0311	0.0000	99.9394	39.6770	0.8230	0.8260	5.0000	17.0732	815.0918	96.9213	14.0818	24.9000	0.9300	0.9393	0.6849	-0.0006	815.0000	816.7232	1.0285	-1.5972	99.9674	39.1522	0.8230	0.8183	5.0000	-9999.0000	-9999.0000	-9999.0000	-9999.0000	-9999.0000	-9999.0000	19.0217	1	0	24.9425	1.0000	02	2	-9999.0000	9401	38702	-9999	1941	1838	-9999	551.3629	5	0.6786	0.6849	-0.0006	62.1522	4.3609	756.9732	336.2629	36.2500	690.4019	97.7778	745.7590	97.3611	756.0076	97.3148	762.9328	97.0602	
15/08/2017	00:14:15	019001	H421054013HLR	L421	S		701.0347	1.0311	0.0000	99.9992	39.6808	0.8230	0.8261	5.0000	17.2954	815.0682	96.8981	11.9614	24.9000	0.9300	0.9392	0.6826	-0.0004	815.0000	814.5672	1.0285	-1.5851	99.9249	39.1233	0.8230	0.8181	5.0000	-9999.0000	-9999.0000	-9999.0000	-9999.0000	-9999.0000	-9999.0000	19.2122	2	0	25.5735	1.0000	02	2	-9999.0000	9402	38703	-9999	1942	1839	-9999	552.5534	5	0.6783	0.6826	-0.0004	65.9870	4.0222	763.2895	322.1739	34.3287	696.0123	97.9398	751.9971	96.9907	762.0788	96.9213	769.3613	96.9213	
15/08/2017	00:14:40	019001	H421055425HLR	L421	S		699.9609	1.0311	0.0000	99.9255	39.7011	0.8230	0.8254	5.0000	18.1224	815.0867	96.9444	12.7320	25.0000	0.9300	0.9393	0.6858	-0.0007	815.0000	814.6761	1.0285	-1.5857	99.9425	39.1106	0.8230	0.8181	5.0000	-9999.0000	-9999.0000	-9999.0000	-9999.0000	-9999.0000	-9999.0000	19.1623	3	0	24.9932	1.0000	02	2	-9999.0000	9403	38704	-9999	1943	1840	-9999	552.1722	5	0.6783	0.6858	-0.0007	65.4519	4.0372	757.1954	321.7917	35.2546	691.1049	97.7546	747.8180	96.9213	756.3318	96.9676	763.8044	96.9444	
15/08/2017	00:15:06	019001	H421055421HLR	L421	S		700.3633	1.0311	0.0000	100.0429	39.6896	0.8230	0.8261	5.0000	17.1417	815.0729	96.9444	12.9410	25.0000	0.9300	0.9393	0.6877	-0.0008	815.0000	815.0481	1.0285	-1.5878	99.9777	39.1199	0.8230	0.8182	5.0000	-9999.0000	-9999.0000	-9999.0000	-9999.0000	-9999.0000	-9999.0000	19.0327	4	0	26.7229	1.0000	02	2	-9999.0000	9404	38705	-9999	1944	1841	-9999	551.9863	5	0.6782	0.6877	-0.0008	67.8669	3.7921	756.9940	315.9009	33.1019	689.3403	98.1481	746.7152	96.9444	756.1791	96.9444	763.3620	96.9444	
15/08/2017	00:15:32	019001	H421054019HLR	L421	S		700.9301	1.0311	0.0000	100.0838	39.7104	0.8230	0.8259	5.0000	17.3214	815.1317	96.9213	12.0620	25.0000	0.9300	0.9393	0.6895	-0.0010	815.0000	815.3153	1.0285	-1.5893	99.9793	39.1170	0.8230	0.8181	5.0000	-9999.0000	-9999.0000	-9999.0000	-9999.0000	-9999.0000	-9999.0000	19.2024	5	0	26.0627	1.0000	02	2	-9999.0000	9405	38706	-9999	1945	1842	-9999	552.5118	5	0.6779	0.6895	-0.0010	75.7399	3.1008	758.6178	328.8048	34.2593	688.0435	97.9398	747.2296	97.1065	757.4342	97.0833	765.6232	96.9676	
15/08/2017	00:16:02	019001	H421055417HLR	L421	S		699.5303	1.0311	0.0000	99.9533	39.7091	0.8230	0.8254	5.0000	18.0217	815.0863	96.9676	13.3014	25.0000	0.9300	0.9393	0.6885	-0.0009	815.0000	815.1134	1.0285	-1.5882	100.0016	39.1208	0.8230	0.8181	5.0000	-9999.0000	-9999.0000	-9999.0000	-9999.0000	-9999.0000	-9999.0000	19.2827	6	0	29.4343	1.0000	02	2	-9999.0000	9406	38707	-9999	1946	1842	-9999	551.5821	5	0.6778	0.6885	-0.0009	77.4480	2.9806	752.5678	318.0111	33.6806	682.8358	98.0787	743.3776	96.9444	751.7052	96.9444	758.7321	96.9676	
15/08/2017	00:16:27	019001	H421055413HLR	L421	S		699.8607	1.0311	0.0000	99.9475	39.6720	0.8230	0.8260	5.0000	17.0919	815.0852	96.9444	12.0112	25.0000	0.9300	0.9392	0.6872	-0.0008	815.0000	813.2327	1.0285	-1.5776	99.9446	39.1253	0.8230	0.8182	5.0000	-9999.0000	-9999.0000	-9999.0000	-9999.0000	-9999.0000	-9999.0000	19.0229	7	0	25.0225	1.0000	02	2	-9999.0000	9407	38708	-9999	1947	1843	-9999	552.5741	5	0.6776	0.6872	-0.0008	88.2040	2.1154	760.2611	314.8560	34.6991	689.6800	97.9167	749.6864	97.0602	759.4263	97.0602	767.1107	96.9444	
15/08/2017	00:16:53	019001	H421055412HLR	L421	S		692.6692	1.0311	0.0000	100.0478	39.6972	0.8230	0.8258	5.0000	17.5230	815.0911	96.9676	14.5018	24.9000	0.9300	0.9393	0.6860	-0.0007	815.0000	813.9832	1.0285	-1.5818	99.9537	39.1203	0.8230	0.8180	5.0000	-9999.0000	-9999.0000	-9999.0000	-9999.0000	-9999.0000	-9999.0000	19.2329	8	0	26.5030	1.0000	02	2	-9999.0000	9408	38709	-9999	1948	1844	-9999	551.1913	5	0.6774	0.6860	-0.0007	92.5911	1.7630	747.2489	308.8306	32.1759	678.5062	98.3102	737.8703	96.9676	746.4807	96.9676	753.5950	96.9676	
15/08/2017	00:17:19	019001	H421055403HLR	L421	S		692.6843	1.0311	0.0000	99.9843	39.6818	0.8230	0.8259	5.0000	17.3615	815.1129	96.9676	14.4822	24.9000	0.9300	0.9392	0.6866	-0.0007	815.0000	814.5035	1.0285	-1.5848	99.9237	39.1076	0.8230	0.8182	5.0000	-9999.0000	-9999.0000	-9999.0000	-9999.0000	-9999.0000	-9999.0000	19.1419	1	0	25.7532	1.0000	02	2	-9999.0000	9409	38710	-9999	1949	1845	-9999	551.2159	5	0.6774	0.6866	-0.0007	99.6091	1.2214	748.7267	310.6829	34.9769	679.7142	97.8935	738.3602	97.3843	747.7879	97.3843	754.7307	97.0139	
15/08/2017	00:17:46	019001	H421055407HLR	L421	S		693.9647	1.0311	0.0000	99.9844	39.7098	0.8230	0.8258	5.0000	17.5119	815.0919	96.9213	17.2824	24.9000	0.9300	0.9392	0.6971	-0.0015	815.0000	816.9174	1.0285	-1.5983	99.9472	39.1291	0.8230	0.8181	5.0000	-9999.0000	-9999.0000	-9999.0000	-9999.0000	-9999.0000	-9999.0000	19.2825	2	0	27.2134	1.0000	02	2	-9999.0000	9410	38711	-9999	1950	1846	-9999	548.7404	5	0.6775	0.6971	-0.0015	94.6986	1.5753	739.0018	322.6675	33.7963	676.6416	98.0556	730.5694	97.1065	738.3667	97.1296	744.3213	97.0139	
15/08/2017	00:18:13	019001	H421055397HLR	L421	S		696.1113	1.0311	0.0000	100.0550	39.6949	0.8230	0.8260	5.0000	17.1514	815.1138	96.8981	13.5016	24.9000	0.9300	0.9392	0.6971	-0.0015	815.0000	813.1918	1.0285	-1.5774	100.0438	39.1307	0.8230	0.8181	5.0000	-9999.0000	-9999.0000	-9999.0000	-9999.0000	-9999.0000	-9999.0000	19.3021	3	0	26.6634	1.0000	02	2	-9999.0000	9411	38712	-9999	1950	1847	-9999	551.3513	5	0.6775	0.6971	-0.0015	94.6986	1.5753	743.7731	297.9314	34.4213	672.6402	97.8241	732.0571	97.0370	742.8919	97.0370	750.8509	96.8981	
15/08/2017	00:18:40	019001	H421055393HLR	L421	S		693.6574	1.0311	0.0000	99.9447	39.7275	0.8230	0.8256	5.0000	17.6525	815.0940	96.9444	14.3025	24.9000	0.9300	0.9392	0.6974	-0.0016	815.0000	813.2851	1.0285	-1.5779	100.0070	39.1338	0.8230	0.8181	5.0000	-9999.0000	-9999.0000	-9999.0000	-9999.0000	-9999.0000	-9999.0000	19.1019	4	0	26.8731	1.0000	02	2	-9999.0000	9412	38713	-9999	1951	1848	-9999	550.3235	5	0.6774	0.6974	-0.0016	94.6891	1.5762	740.0556	312.4970	35.3935	671.7034	97.7546	729.4639	96.9444	739.0919	96.9444	747.1808	96.8981	
15/08/2017	00:19:05	019001	H421054321HLR	L421	S		696.3595	1.0311	0.0000	100.0500	39.6916	0.8230	0.8261	5.0000	17.0918	815.0646	96.9444	14.2615	24.9000	0.9300	0.9392	0.6872	-0.0008	815.0000	814.0380	1.0285	-1.5821	100.0011	39.1275	0.8230	0.8181	5.0000	-9999.0000	-9999.0000	-9999.0000	-9999.0000	-9999.0000	-9999.0000	19.1126	5	0	25.0831	1.0000	02	2	-9999.0000	9413	38714	-9999	1952	1849	-9999	551.4274	5	0.6773	0.6872	-0.0008	79.1958	2.8242	749.7140	316.2016	34.3056	680.5479	97.8935	739.3784	97.1759	748.7202	97.1528	755.6935	96.9676	
15/08/2017	00:19:32	019001	H421054317HLR	L421	S		695.9605	1.0311	0.0000	99.9841	39.7072	0.8230	0.8260	5.0000	17.1114	815.0723	96.9907	14.9618	24.9000	0.9300	0.9393	0.6927	-0.0012	815.0000	815.0889	1.0285	-1.5880	100.0429	39.1321	0.8230	0.8182	5.0000	-9999.0000	-9999.0000	-9999.0000	-9999.0000	-9999.0000	-9999.0000	19.0422	6	0	27.3832	1.0000	02	2	-9999.0000	9414	38715	-9999	1953	1850	-9999	550.3249	5	0.6768	0.6927	-0.0012	92.3413	1.7592	743.2454	313.3370	35.4630	675.1535	97.6620	733.1469	97.0602	742.6403	97.0602	750.4906	96.9676	
15/08/2017	00:19:58	019001	H421054639HLR	L421	S		697.6675	1.0311	0.0000	99.9450	39.6962	0.8230	0.8260	5.0000	17.1114	815.0780	96.9676	15.1210	24.9000	0.9300	0.9393	0.6922	-0.0011	815.0000	815.0868	1.0285	-1.5880	99.9642	39.1326	0.8230	0.8182	5.0000	-9999.0000	-9999.0000	-9999.0000	-9999.0000	-9999.0000	-9999.0000	19.1418	7	0	25.3029	1.0000	02	2	-9999.0000	9415	38716	-9999	1954	1851	-9999	550.4608	5	0.6771	0.6922	-0.0011	76.0201	3.0841	743.0020	306.1659	34.0278	676.1164	97.8704	732.2507	96.9676	742.2535	96.9676	748.4443	96.9444	
15/08/2017	00:20:24	019001	H421054644HLR	L421	S		698.5241	1.0311	0.0000	100.0974	39.7046	0.8230	0.8258	5.0000	17.4015	815.1161	96.9213	14.3416	24.9000	0.9300	0.9393	0.6923	-0.0011	815.0000	815.0831	1.0285	-1.5880	100.0223	39.1384	0.8230	0.8181	5.0000	-9999.0000	-9999.0000	-9999.0000	-9999.0000	-9999.0000	-9999.0000	19.1527	8	0	26.4437	1.0000	02	2	-9999.0000	9416	38717	-9999	1955	1852	-9999	551.2997	5	0.6769	0.6923	-0.0011	75.1247	3.1408	746.0353	303.4474	33.1250	676.8967	98.0324	735.5423	96.9676	745.3650	96.9676	752.3512	96.9213	
15/08/2017	00:20:49	019001	H421054636HLR	L421	S		700.4916	1.0311	0.0000	100.0367	39.7097	0.8230	0.8258	5.0000	17.2922	815.1217	96.9676	13.2418	24.9000	0.9300	0.9392	0.6849	-0.0006	815.0000	814.7627	1.0285	-1.5862	99.9398	39.1263	0.8230	0.8181	5.0000	-9999.0000	-9999.0000	-9999.0000	-9999.0000	-9999.0000	-9999.0000	19.2523	1	0	24.9824	1.0000	02	2	-9999.0000	9417	38718	-9999	1956	1853	-9999	552.3770	5	0.6769	0.6849	-0.0006	78.5273	2.8740	757.1417	317.3719	34.3750	693.3527	97.7315	747.4575	96.8519	756.2812	96.8287	762.6981	96.9213	
15/08/2017	00:21:16	019001	H421054326HLR	L421	S		698.5058	1.0311	0.0000	100.0222	39.7098	0.8230	0.8259	5.0000	17.1319	815.0817	96.9907	15.1620	24.9000	0.9300	0.9392	0.6940	-0.0012	815.0000	817.5576	1.0285	-1.6019	100.0191	39.1322	0.8230	0.8180	5.0000	-9999.0000	-9999.0000	-9999.0000	-9999.0000	-9999.0000	-9999.0000	19.3020	2	0	26.7435	1.0000	02	2	-9999.0000	9418	38719	-9999	1957	1854	-9999	550.5550	5	0.6767	0.6940	-0.0012	91.7400	1.8703	745.4958	316.7577	36.1343	678.3444	97.6157	736.2302	96.9444	744.7861	96.8981	752.2475	96.9444	
15/08/2017	00:21:41	019001	H421055323HLR	L421	Q		696.0211	1.0311	0.0000	100.0462	39.6940	0.8230	0.8260	5.0000	17.1426	815.0708	96.9444	13.7917	24.9000	0.9300	0.9392	0.6972	-0.0014	815.0000	813.3631	1.0285	-1.5784	99.9562	39.1369	0.8230	0.8182	5.0000	-9999.0000	-9999.0000	-9999.0000	-9999.0000	-9999.0000	-9999.0000	19.0422	3	0	25.2630	1.0000	02	2	-9999.0000	9419	38720	-9999	1957	1855	-9999	552.1231	5	0.6764	0.6972	-0.0014	92.8907	1.7551	743.7463	296.1174	34.0278	673.1727	97.8935	733.9663	96.8750	742.9000	96.8981	750.0868	96.9213	
15/08/2017	00:22:08	019001	H421055306HLR	L421	Q		696.1750	1.0311	0.0000	99.9921	39.7056	0.8230	0.8258	5.0000	17.3222	815.0934	96.9213	14.2215	25.0000	0.9300	0.9393	0.6987	-0.0015	815.0000	813.9917	1.0285	-1.5819	99.9479	39.1484	0.8230	0.8181	5.0000	-9999.0000	-9999.0000	-9999.0000	-9999.0000	-9999.0000	-9999.0000	19.1323	4	0	26.6330	1.0000	02	2	-9999.0000	9420	38721	-9999	1958	1856	-9999	551.7384	5	0.6764	0.6987	-0.0015	94.0988	1.6923	740.8621	300.4105	33.4259	669.6200	98.0787	729.4852	96.8750	739.9747	96.8981	747.0646	96.9213	
15/08/2017	00:22:59	019001	H421055317HLR	L421	S		693.4072	1.0311	0.0000	99.9805	39.7182	0.8230	0.8259	5.0000	17.2921	815.0830	96.9907	14.4412	25.1000	0.9300	0.9397	0.7001	-0.0016	815.0000	813.1165	1.0285	-1.5770	99.9482	39.0130	0.8230	0.8176	5.0000	-9999.0000	-9999.0000	-9999.0000	-9999.0000	-9999.0000	-9999.0000	19.1820	6	0	25.6729	1.0000	02	2	-9999.0000	9421	38722	-9999	1960	1857	-9999	551.3947	5	0.6759	0.7001	-0.0016	92.8733	1.7402	737.4504	299.6235	32.2222	668.5524	97.8704	726.3265	96.7361	736.3398	96.7824	744.6196	96.8750	
15/08/2017	00:23:25	019001	H421055318HLR	L421	S		697.2931	1.0311	0.0000	99.8961	39.7228	0.8230	0.8259	5.0000	17.1718	815.1119	96.9676	13.7214	25.0000	0.9300	0.9393	0.7007	-0.0017	815.0000	813.8806	1.0285	-1.5813	99.9456	39.0387	0.8230	0.8185	5.0000	-9999.0000	-9999.0000	-9999.0000	-9999.0000	-9999.0000	-9999.0000	18.8929	7	0	25.6027	1.0000	02	2	-9999.0000	9422	38723	-9999	1961	1858	-9999	552.4474	5	0.6761	0.7007	-0.0017	92.8877	1.7285	742.4063	312.5383	35.3704	673.1213	97.7778	731.1430	96.9907	741.3371	96.9676	749.0414	96.9444	
15/08/2017	00:23:51	019001	H421055304HLR	L421	S		693.1065	1.0311	0.0000	99.9932	39.7136	0.8230	0.8259	5.0000	17.1124	815.1143	96.9676	14.4217	25.0000	0.9300	0.9393	0.7072	-0.0021	815.0000	814.2985	1.0285	-1.5836	99.9657	39.1492	0.8230	0.8186	5.0000	-9999.0000	-9999.0000	-9999.0000	-9999.0000	-9999.0000	-9999.0000	19.0227	8	0	26.5238	1.0000	02	2	-9999.0000	9423	38724	-9999	1962	1859	-9999	551.4952	5	0.6767	0.7072	-0.0021	103.0751	1.0302	733.8273	297.9422	34.4444	663.8389	98.0556	722.7028	97.1296	732.7965	97.1296	741.6501	96.9676	
15/08/2017	00:24:16	019001	H421055294HLR	L421	S		697.6538	1.0311	0.0000	100.0648	39.6757	0.8230	0.8259	5.0000	17.0714	815.0752	96.8981	14.1218	25.0000	0.9300	0.9393	0.7072	-0.0021	815.0000	814.5303	1.0285	-1.5849	99.9240	39.1686	0.8230	0.8182	5.0000	-9999.0000	-9999.0000	-9999.0000	-9999.0000	-9999.0000	-9999.0000	19.1614	1	0	25.3927	1.0000	02	2	-9999.0000	9424	38725	-9999	1963	1860	-9999	551.9542	5	0.6767	0.7072	-0.0021	103.0751	1.0302	733.7741	304.7687	32.8935	667.2626	98.0556	723.9370	97.3148	732.8041	97.2685	742.0959	96.9907	
15/08/2017	00:24:42	019001	H421055305HLR	L421	S		-0.1023	1.0311	-0.0013	100.0227	39.0696	0.8230	0.8256	5.0000	17.1817	0.0000	0.0000	0.0000	0.0000	0.9300	0.0000	0.0000	0.0000	0.0000	0.3325	1.0285	-0.0025	99.9626	38.9853	0.8230	0.8196	5.0000	-9999.0000	-9999.0000	-9999.0000	-9999.0000	-9999.0000	-9999.0000	16.4522	2	18	25.8734	1.0000	02	2	-9999.0000	9425	0	-9999	1964	1861	-9999	0.0000	0	0.0000	0.0000	0.0000	0.0000	0.0000	0.0000	0.0000	0.0000	0.0000	0.0000	0.0000	0.0000	0.0000	0.0000	0.0000	0.0000	
15/08/2017	00:25:07	019001	H421055297HLR	L421	S		696.6461	1.0311	0.0000	100.0423	39.7262	0.8230	0.8261	5.0000	17.1720	815.1422	96.9907	14.0613	25.1000	0.9300	0.9396	0.7206	-0.0030	815.0000	815.4441	1.0285	-1.5900	99.9731	39.0619	0.8230	0.8178	5.0000	-9999.0000	-9999.0000	-9999.0000	-9999.0000	-9999.0000	-9999.0000	19.0823	3	0	24.9133	1.0000	02	2	-9999.0000	9426	38726	-9999	1965	1862	-9999	552.7058	5	0.6769	0.7206	-0.0030	92.3013	1.7685	727.5240	289.7881	34.2824	651.8465	97.3611	713.2736	96.5278	726.3593	96.6435	735.6198	96.8750	
15/08/2017	00:25:33	019001	H421055300HLR	L421	S		696.5458	1.0311	0.0000	100.1019	39.8617	0.8230	0.8264	5.0000	17.1818	815.1122	96.9444	14.3318	25.0000	0.9300	0.9393	0.7203	-0.0030	815.0000	814.9404	1.0285	-1.5872	99.9168	39.0395	0.8230	0.8183	5.0000	-9999.0000	-9999.0000	-9999.0000	-9999.0000	-9999.0000	-9999.0000	19.1018	4	0	26.0830	1.0000	02	2	-9999.0000	9427	38727	-9999	1966	1863	-9999	552.0804	5	0.6769	0.7203	-0.0030	90.5605	1.8991	725.2388	287.1017	33.1713	653.1268	98.1944	711.9065	97.3380	724.2208	97.3148	731.4879	96.9907	
15/08/2017	00:25:59	019001	H421055309HLR	L421	S		696.9277	1.0311	0.0000	100.0769	39.8252	0.8230	0.8257	5.0000	17.1514	815.0676	96.9213	13.8415	25.0000	0.9300	0.9393	0.7129	-0.0025	815.0000	814.9186	1.0285	-1.5871	99.9410	39.1169	0.8230	0.8186	5.0000	-9999.0000	-9999.0000	-9999.0000	-9999.0000	-9999.0000	-9999.0000	19.1721	5	0	25.8030	1.0000	02	2	-9999.0000	9428	38728	-9999	1967	1864	-9999	553.1280	5	0.6772	0.7129	-0.0025	90.7574	1.8787	733.1707	300.3067	35.0463	660.2267	97.8241	721.1673	97.3380	732.2293	97.2917	741.4398	97.0139	
15/08/2017	00:26:25	019001	H421055389HLR	L421	S		698.1557	1.0311	0.0000	100.0594	39.6882	0.8230	0.8253	5.0000	17.3418	815.1358	96.9444	13.6618	25.0000	0.9300	0.9392	0.7129	-0.0025	815.0000	815.1898	1.0285	-1.5886	99.9601	39.1604	0.8230	0.8182	5.0000	-9999.0000	-9999.0000	-9999.0000	-9999.0000	-9999.0000	-9999.0000	19.3325	6	0	25.6026	1.0000	02	2	-9999.0000	9429	38729	-9999	1968	1865	-9999	553.5641	5	0.6772	0.7129	-0.0025	90.7574	1.8787	734.3102	308.1094	33.1481	662.3823	98.1713	722.7581	96.9213	733.1879	96.8981	741.5403	96.9444	
15/08/2017	00:26:50	019001	H421055383HLR	L421	S		699.3388	1.0311	0.0000	99.9731	39.6187	0.8230	0.8255	5.0000	17.3721	815.1063	96.9213	13.3717	25.0000	0.9300	0.9392	0.7081	-0.0021	815.0000	814.6128	1.0285	-1.5854	99.8755	39.1459	0.8230	0.8181	5.0000	-9999.0000	-9999.0000	-9999.0000	-9999.0000	-9999.0000	-9999.0000	19.2727	7	0	24.9437	1.0000	02	2	-9999.0000	9430	38730	-9999	1969	1866	-9999	553.9482	5	0.6774	0.7081	-0.0021	79.7082	2.6912	738.9409	290.0973	33.3333	666.0577	97.9861	727.3917	96.9907	737.9999	97.0139	745.7154	96.9444	
15/08/2017	00:27:16	019001	H421056544HLR	L421	Q		696.8238	1.0311	0.0000	99.9823	39.6657	0.8230	0.8260	5.0000	17.1915	815.0472	96.8981	13.8816	25.0000	0.9300	0.9392	0.7058	-0.0020	815.0000	815.7494	1.0285	-1.5917	100.0094	39.1327	0.8230	0.8180	5.0000	-9999.0000	-9999.0000	-9999.0000	-9999.0000	-9999.0000	-9999.0000	19.2621	8	0	26.2930	1.0000	02	2	-9999.0000	9431	38731	-9999	1970	1867	-9999	552.9818	5	0.6775	0.7058	-0.0020	75.2767	3.0199	737.8802	308.6839	32.8704	672.0106	97.5926	726.8561	96.9907	737.1071	96.9444	744.8879	96.9213	
15/08/2017	00:27:41	019001	H421055381HLR	L421	S		697.9475	1.0311	0.0000	99.9903	39.7138	0.8230	0.8261	5.0000	17.1222	815.1540	96.8981	14.2615	25.0000	0.9300	0.9392	0.7114	-0.0024	815.0000	815.2340	1.0285	-1.5889	99.9546	39.1318	0.8230	0.8180	5.0000	-9999.0000	-9999.0000	-9999.0000	-9999.0000	-9999.0000	-9999.0000	19.5233	1	0	25.2727	1.0000	02	2	-9999.0000	9432	38732	-9999	1971	1868	-9999	552.4294	5	0.6776	0.7114	-0.0024	91.2839	1.9024	731.6853	305.6190	34.3750	663.1533	97.8241	721.1692	97.0602	730.6643	97.0602	739.7050	96.9676	
15/08/2017	00:28:33	019001	H421055380HLR	L421	S		699.2322	1.0311	0.0000	100.0222	39.7289	0.8230	0.8256	5.0000	17.3721	815.1663	96.9213	13.3815	25.1000	0.9300	0.9395	0.7142	-0.0026	815.0000	815.4680	1.0285	-1.5902	99.8997	39.0266	0.8230	0.8175	5.0000	-9999.0000	-9999.0000	-9999.0000	-9999.0000	-9999.0000	-9999.0000	19.1917	3	0	24.8935	1.0000	02	2	-9999.0000	9434	38733	-9999	1973	1869	-9999	554.2582	5	0.6783	0.7142	-0.0026	64.4386	3.8171	734.6098	288.6915	33.0787	662.6181	97.4769	721.8506	96.5278	733.4559	96.6204	742.7617	96.8750	
15/08/2017	00:29:00	019001	H421055376HLR	L421	S		697.3596	1.0311	0.0000	100.0224	39.6848	0.8230	0.8258	5.0000	17.1319	815.1400	96.8981	14.0720	25.0000	0.9300	0.9393	0.7124	-0.0024	815.0000	814.8319	1.0285	-1.5866	99.9513	39.0453	0.8230	0.8184	5.0000	-9999.0000	-9999.0000	-9999.0000	-9999.0000	-9999.0000	-9999.0000	19.0316	4	0	26.6235	1.0000	02	2	-9999.0000	9435	38734	-9999	1974	1870	-9999	552.7593	5	0.6783	0.7124	-0.0024	62.4671	3.9780	729.7012	294.9169	33.0556	662.5033	98.1713	717.8352	97.3380	728.7651	97.3380	736.3076	97.0139	
15/08/2017	00:29:25	019001	H421055377HLR	L421	S		699.4807	1.0311	0.0000	100.0504	39.6828	0.8230	0.8258	5.0000	17.1729	815.1312	96.9676	13.7517	25.1000	0.9300	0.9393	0.7138	-0.0025	815.0000	814.7074	1.0285	-1.5859	99.9537	39.1396	0.8230	0.8185	5.0000	-9999.0000	-9999.0000	-9999.0000	-9999.0000	-9999.0000	-9999.0000	19.2317	5	0	25.3828	1.0000	02	2	-9999.0000	9436	38735	-9999	1975	1871	-9999	553.3832	5	0.6782	0.7138	-0.0025	70.9247	3.3563	733.9047	309.7245	33.6574	664.3358	98.0556	722.3089	97.0833	733.0874	97.0602	741.2748	96.9676	
15/08/2017	00:29:51	019001	H421056659HLR	L421	S		697.9686	1.0311	0.0000	99.9907	39.6958	0.8230	0.8258	5.0000	17.3527	815.1187	96.9907	14.6815	25.0000	0.9300	0.9392	0.7138	-0.0025	815.0000	814.0642	1.0285	-1.5823	99.9901	39.1748	0.8230	0.8182	5.0000	-9999.0000	-9999.0000	-9999.0000	-9999.0000	-9999.0000	-9999.0000	19.0618	6	0	25.6427	1.0000	02	2	-9999.0000	9437	38736	-9999	1976	1872	-9999	551.4615	5	0.6782	0.7138	-0.0025	70.9247	3.3563	729.0543	314.0357	33.8889	663.0625	98.0787	718.3672	97.0139	728.2110	96.9676	737.2874	96.9676	
15/08/2017	00:30:16	019001	H421055366HLR	L421	S		699.3093	1.0311	0.0000	99.9873	39.6932	0.8230	0.8257	5.0000	17.3516	815.0954	96.9444	12.6519	25.0000	0.9300	0.9392	0.7137	-0.0025	815.0000	816.6325	1.0285	-1.5967	99.9042	39.1484	0.8230	0.8181	5.0000	-9999.0000	-9999.0000	-9999.0000	-9999.0000	-9999.0000	-9999.0000	19.0423	7	0	24.9631	1.0000	02	2	-9999.0000	9438	38737	-9999	1977	1873	-9999	555.6665	5	0.6783	0.7137	-0.0025	73.5989	3.1715	739.5110	291.6299	33.6111	664.9613	97.8472	726.7687	96.9444	738.4452	96.9676	747.7887	96.9213	
15/08/2017	00:30:41	019001	H421055353HLR	L421	S		695.1351	1.0311	0.0000	99.9955	39.7171	0.8230	0.8253	5.0000	18.1116	815.1401	96.9444	14.4109	25.0000	0.9300	0.9392	0.7141	-0.0026	815.0000	814.8605	1.0285	-1.5868	99.9642	39.1301	0.8230	0.8180	5.0000	-9999.0000	-9999.0000	-9999.0000	-9999.0000	-9999.0000	-9999.0000	19.2728	8	0	25.5527	1.0000	02	2	-9999.0000	9439	38738	-9999	1978	1874	-9999	552.0475	5	0.6784	0.7141	-0.0026	87.1114	2.1806	729.3905	302.6472	34.8611	657.8111	97.7778	717.7846	97.3611	728.4013	97.3611	736.7888	96.8519	
15/08/2017	00:31:07	019001	H421055356HLR	L421	S		696.7974	1.0311	0.0000	100.0021	39.6791	0.8230	0.8259	5.0000	17.1222	815.0797	96.9444	13.8415	25.0000	0.9300	0.9392	0.7139	-0.0025	815.0000	814.7965	1.0285	-1.5864	99.9597	39.1350	0.8230	0.8182	5.0000	-9999.0000	-9999.0000	-9999.0000	-9999.0000	-9999.0000	-9999.0000	19.0717	1	0	25.9836	1.0000	02	2	-9999.0000	9440	38739	-9999	1979	1875	-9999	553.2504	5	0.6786	0.7139	-0.0025	80.6429	2.6426	731.4590	317.6918	35.2546	663.1580	97.7315	718.7813	97.1991	730.2335	97.1528	739.8349	97.0139	
15/08/2017	00:31:33	019001	H421056382HLR	L421	S		700.6267	1.0311	0.0000	99.9832	39.7193	0.8230	0.8257	5.0000	17.3223	815.1526	96.9907	13.0211	25.0000	0.9300	0.9392	0.7092	-0.0022	815.0000	816.5415	1.0285	-1.5962	99.8780	39.1413	0.8230	0.8180	5.0000	-9999.0000	-9999.0000	-9999.0000	-9999.0000	-9999.0000	-9999.0000	19.4124	2	0	26.2433	1.0000	02	2	-9999.0000	9441	38740	-9999	1980	1876	-9999	554.8509	5	0.6786	0.7092	-0.0022	101.1243	1.1417	741.3034	299.2947	32.5231	667.3481	98.0324	729.4570	96.8750	740.1684	96.8750	747.9676	96.8981	
15/08/2017	00:31:58	019001	H421055361HLR	L421	S		699.4905	1.0311	0.0000	100.1389	39.7043	0.8230	0.8258	5.0000	17.1524	815.0788	96.9213	12.9420	25.0000	0.9300	0.9392	0.7025	-0.0017	815.0000	815.2969	1.0285	-1.5892	99.9892	39.1374	0.8230	0.8181	5.0000	-9999.0000	-9999.0000	-9999.0000	-9999.0000	-9999.0000	-9999.0000	19.1624	3	0	24.9524	1.0000	02	2	-9999.0000	9442	38741	-9999	1981	1877	-9999	554.5482	5	0.6788	0.7025	-0.0017	115.2282	0.1205	746.8240	296.2862	34.7454	675.0489	97.6852	735.4500	97.0370	745.9214	97.0139	753.9748	96.9444	
15/08/2017	00:32:24	019001	H421055362HLR	L421	S		701.5757	1.0311	0.0000	100.0024	39.7017	0.8230	0.8257	5.0000	17.3624	815.1726	96.9907	12.4312	25.0000	0.9300	0.9392	0.7033	-0.0018	815.0000	815.2579	1.0285	-1.5890	99.9426	39.1406	0.8230	0.8180	5.0000	-9999.0000	-9999.0000	-9999.0000	-9999.0000	-9999.0000	-9999.0000	19.1722	4	0	25.5432	1.0000	02	2	-9999.0000	9443	38742	-9999	1982	1878	-9999	555.4046	5	0.6787	0.7033	-0.0018	108.1456	0.6442	748.9355	300.9979	32.7778	675.9849	97.9861	737.1785	96.7824	747.9038	96.7824	756.1089	96.9213	
15/08/2017	00:32:49	019001	H421055365HLR	L421	S		697.8792	1.0311	0.0000	100.0285	39.6812	0.8230	0.8259	5.0000	17.1211	815.0840	96.9444	14.4314	25.0000	0.9300	0.9392	0.7033	-0.0018	815.0000	814.6804	1.0285	-1.5857	100.0380	39.1380	0.8230	0.8181	5.0000	-9999.0000	-9999.0000	-9999.0000	-9999.0000	-9999.0000	-9999.0000	19.1916	5	0	25.0032	1.0000	02	2	-9999.0000	9444	38743	-9999	1983	1879	-9999	552.4477	5	0.6787	0.7033	-0.0018	108.0451	0.6583	735.3642	304.8032	33.9815	667.9060	97.9630	725.0462	96.9444	734.6224	96.9213	742.4276	96.9676	
15/08/2017	00:33:15	019001	H421055352HLR	L421	S		694.8727	1.0311	0.0000	100.1173	39.6935	0.8230	0.8259	5.0000	17.0997	815.1403	96.9444	14.0720	25.0000	0.9300	0.9392	0.7004	-0.0016	815.0000	816.0455	1.0285	-1.5934	99.9717	39.1492	0.8230	0.8181	5.0000	-9999.0000	-9999.0000	-9999.0000	-9999.0000	-9999.0000	-9999.0000	19.2817	6	0	26.6437	1.0000	02	2	-9999.0000	9445	38744	-9999	1984	1880	-9999	552.9455	5	0.6787	0.7004	-0.0016	108.7876	0.6107	741.2582	311.4988	35.1852	672.4169	97.7083	730.3748	97.0370	740.2702	97.0139	748.8747	96.9676	
15/08/2017	00:33:41	019001	H421055347HLR	L421	S		701.6972	1.0311	0.0000	99.9615	39.7028	0.8230	0.8259	5.0000	17.0819	815.1315	96.9444	13.3014	25.0000	0.9300	0.9392	0.7006	-0.0016	815.0000	815.4430	1.0285	-1.5900	100.0389	39.1535	0.8230	0.8181	5.0000	-9999.0000	-9999.0000	-9999.0000	-9999.0000	-9999.0000	-9999.0000	19.2015	7	0	25.9121	1.0000	02	2	-9999.0000	9446	38745	-9999	1985	1881	-9999	553.9986	5	0.6789	0.7006	-0.0016	107.7331	0.6662	744.7817	303.8491	33.6574	674.2564	97.8935	734.1690	96.8981	744.0674	96.8750	751.5891	96.9444	
15/08/2017	00:34:08	019001	H421055344HLR	L421	S		703.2935	1.0311	0.0000	100.0030	39.7192	0.8230	0.8252	5.0000	18.1115	815.1065	96.8981	11.4516	25.0000	0.9300	0.9392	0.7010	-0.0016	815.0000	814.8316	1.0285	-1.5866	99.9551	39.1567	0.8230	0.8181	5.0000	-9999.0000	-9999.0000	-9999.0000	-9999.0000	-9999.0000	-9999.0000	19.1418	8	0	26.6840	1.0000	02	2	-9999.0000	9447	38746	-9999	1986	1882	-9999	556.4709	5	0.6793	0.7010	-0.0016	99.8332	1.2361	755.4911	309.3734	34.3287	685.8640	97.6852	745.0144	96.8287	754.7084	96.8519	763.3650	96.9213	
15/08/2017	00:34:33	019001	H421055341HLR	L421	S		703.6180	1.0311	0.0000	100.0795	39.6834	0.8230	0.8259	5.0000	17.1623	815.1003	96.9444	12.5718	25.1000	0.9300	0.9393	0.7002	-0.0015	815.0000	815.8633	1.0285	-1.5924	100.0221	39.1492	0.8230	0.8181	5.0000	-9999.0000	-9999.0000	-9999.0000	-9999.0000	-9999.0000	-9999.0000	19.1820	1	0	25.0127	1.0000	02	2	-9999.0000	9448	38747	-9999	1987	1883	-9999	554.9474	5	0.6791	0.7002	-0.0015	101.8879	1.0790	751.5002	311.4827	34.3981	682.9781	97.7083	740.4738	96.9213	750.6579	96.9444	757.6189	96.9444	
15/08/2017	00:35:00	019001	H421056440HLR	L421	S		697.2934	1.0311	0.0000	100.0404	39.7046	0.8230	0.8259	5.0000	17.1115	815.1181	96.9213	14.3914	25.0000	0.9300	0.9393	0.7008	-0.0016	815.0000	815.2386	1.0285	-1.5889	99.9418	39.1512	0.8230	0.8180	5.0000	-9999.0000	-9999.0000	-9999.0000	-9999.0000	-9999.0000	-9999.0000	19.2123	2	0	26.7738	1.0000	02	2	-9999.0000	9449	38748	-9999	1988	1884	-9999	552.5764	5	0.6790	0.7008	-0.0016	98.4643	1.3550	740.2704	296.8502	34.0278	669.2153	97.9861	730.3989	97.0370	739.5198	97.0602	747.3035	96.9676	
15/08/2017	00:35:26	019001	H421056437HLR	L421	S		696.1025	1.0311	0.0000	100.0108	39.6990	0.8230	0.8258	5.0000	17.2618	815.0912	96.9213	14.4109	25.1000	0.9300	0.9393	0.7009	-0.0016	815.0000	816.0967	1.0285	-1.5937	100.0100	39.1525	0.8230	0.8181	5.0000	-9999.0000	-9999.0000	-9999.0000	-9999.0000	-9999.0000	-9999.0000	19.2424	3	0	26.1828	1.0000	02	2	-9999.0000	9450	38749	-9999	1989	1885	-9999	552.4866	5	0.6790	0.7009	-0.0016	95.7450	1.5499	742.2720	302.9592	34.6759	671.1482	97.9630	731.6981	97.1528	741.3509	97.1759	749.2530	96.9907	
15/08/2017	00:35:52	019001	H421056434HLR	L421	S		697.4024	1.0311	0.0000	99.9994	39.6994	0.8230	0.8258	5.0000	17.1523	815.0850	96.9444	14.5018	25.0000	0.9300	0.9392	0.7028	-0.0018	815.0000	814.7331	1.0285	-1.5860	99.9621	39.1627	0.8230	0.8180	5.0000	-9999.0000	-9999.0000	-9999.0000	-9999.0000	-9999.0000	-9999.0000	19.2222	4	0	25.6028	1.0000	02	2	-9999.0000	9451	38750	-9999	1990	1885	-9999	552.2271	5	0.6796	0.7028	-0.0018	79.3312	2.8004	736.8086	289.4349	33.9583	667.2498	98.0324	726.2524	97.1296	735.7443	97.0833	743.4394	96.9676	
15/08/2017	00:36:18	019001	H421057059HLR	L421	S		699.6616	1.0311	0.0000	99.9895	39.6932	0.8230	0.8259	5.0000	17.0821	815.0978	96.9213	12.9410	25.1000	0.9300	0.9392	0.7023	-0.0017	815.0000	815.6373	1.0285	-1.5911	99.9434	39.1550	0.8230	0.8180	5.0000	-9999.0000	-9999.0000	-9999.0000	-9999.0000	-9999.0000	-9999.0000	19.3020	5	0	26.0833	1.0000	02	2	-9999.0000	9452	38751	-9999	1991	1886	-9999	554.4129	5	0.6796	0.7023	-0.0017	79.3011	2.8023	746.4679	317.8851	34.8380	677.2514	97.8009	734.3019	97.0370	745.3122	96.9907	753.3722	96.9444	
15/08/2017	00:36:44	019001	H421057154HLR	L421	S		697.5224	1.0311	0.0000	99.9594	39.7096	0.8230	0.8258	5.0000	17.1816	815.0941	96.9444	14.5818	25.0000	0.9300	0.9392	0.7016	-0.0017	815.0000	815.0167	1.0285	-1.5876	100.0330	39.1533	0.8230	0.8180	5.0000	-9999.0000	-9999.0000	-9999.0000	-9999.0000	-9999.0000	-9999.0000	19.3612	6	0	26.2736	1.0000	02	2	-9999.0000	9453	38752	-9999	1992	1887	-9999	552.1940	5	0.6796	0.7016	-0.0017	84.7278	2.3242	739.3923	306.7893	34.3981	669.7174	97.9167	729.3652	97.0370	738.5719	97.0370	746.5766	96.9907	
15/08/2017	00:37:11	019001	H421056433HLR	L421	S		696.3393	1.0311	0.0000	99.9641	39.6902	0.8230	0.8257	5.0000	17.4204	815.1116	96.9444	14.6414	25.1000	0.9300	0.9392	0.7031	-0.0018	815.0000	814.0621	1.0285	-1.5823	100.0253	39.1544	0.8230	0.8180	5.0000	-9999.0000	-9999.0000	-9999.0000	-9999.0000	-9999.0000	-9999.0000	19.5423	7	0	25.7130	1.0000	02	2	-9999.0000	9454	38753	-9999	1993	1888	-9999	551.9284	5	0.6794	0.7031	-0.0018	81.7461	2.5606	736.4923	311.7103	34.5370	670.6805	97.8935	726.7547	97.0139	735.7299	97.0370	743.0801	96.9676	
15/08/2017	00:38:05	019001	H421056471HLR	L421	S		696.1665	1.0311	0.0000	99.9108	39.7514	0.8230	0.8256	5.0000	17.3918	815.0901	96.9444	14.6014	25.1000	0.9300	0.9395	0.7022	-0.0017	815.0000	814.6920	1.0285	-1.5858	99.9256	39.0379	0.8230	0.8175	5.0000	-9999.0000	-9999.0000	-9999.0000	-9999.0000	-9999.0000	-9999.0000	19.3020	1	0	26.7641	1.0000	02	2	-9999.0000	9456	38754	-9999	1995	1889	-9999	552.0650	5	0.6792	0.7022	-0.0017	83.0940	2.4435	737.2361	305.1537	32.4537	663.7716	97.7546	725.7418	96.7130	736.3543	96.8056	744.2893	96.8981	
15/08/2017	00:38:30	019001	H421056478HLR	L421	S		699.0365	1.0311	0.0000	100.0431	39.7336	0.8230	0.8255	5.0000	17.4521	815.0967	96.9444	14.0613	25.0000	0.9300	0.9392	0.7011	-0.0016	815.0000	814.8008	1.0285	-1.5864	99.9244	39.0682	0.8230	0.8184	5.0000	-9999.0000	-9999.0000	-9999.0000	-9999.0000	-9999.0000	-9999.0000	19.0120	2	0	25.6028	1.0000	02	2	-9999.0000	9457	38755	-9999	1996	1890	-9999	552.8540	5	0.6788	0.7011	-0.0016	84.7804	2.3004	742.3807	296.9314	34.6296	670.4373	97.8241	731.3479	97.3148	741.8512	97.3380	748.5495	96.8981	
15/08/2017	00:38:55	019001	H421056482HLR	L421	S		696.6458	1.0311	0.0000	100.0549	39.6842	0.8230	0.8257	5.0000	17.0712	815.0992	96.9213	14.1716	25.0000	0.9300	0.9392	0.7007	-0.0016	815.0000	814.9632	1.0285	-1.5873	99.9287	39.1690	0.8230	0.8183	5.0000	-9999.0000	-9999.0000	-9999.0000	-9999.0000	-9999.0000	-9999.0000	19.1516	3	0	24.9229	1.0000	02	2	-9999.0000	9458	38756	-9999	1997	1891	-9999	552.7421	5	0.6788	0.7007	-0.0016	84.5646	2.3205	740.3201	301.3415	32.1759	666.6506	98.1019	729.4712	97.1759	739.3873	97.1528	747.4971	97.0139	
15/08/2017	00:39:22	019001	H421056445HLR	L421	S		697.3314	1.0311	0.0000	99.9637	39.6811	0.8230	0.8257	5.0000	17.1024	815.0914	96.9213	14.1716	25.0000	0.9300	0.9391	0.7007	-0.0016	815.0000	814.6026	1.0285	-1.5853	99.9555	39.1751	0.8230	0.8181	5.0000	-9999.0000	-9999.0000	-9999.0000	-9999.0000	-9999.0000	-9999.0000	19.1332	4	0	26.9631	1.0000	02	2	-9999.0000	9459	38757	-9999	1998	1892	-9999	552.7033	5	0.6788	0.7007	-0.0016	84.5646	2.3205	742.8393	315.9528	33.5417	674.2701	97.9398	732.1078	96.8981	741.8183	96.8981	749.0052	96.8981	
15/08/2017	00:39:39	019001	H421055336HLR	L421	S		693.7276	1.0311	0.0000	100.0292	39.6853	0.8230	0.8258	5.0000	17.1720	815.1133	96.9213	15.2020	25.0000	0.9300	0.9392	0.6962	-0.0013	815.0000	814.2634	1.0285	-1.5834	100.0153	39.1570	0.8230	0.8180	5.0000	-9999.0000	-9999.0000	-9999.0000	-9999.0000	-9999.0000	-9999.0000	19.2523	5	0	17.5423	1.0000	02	2	-9999.0000	9460	38758	-9999	1999	1893	-9999	551.8084	5	0.6788	0.6962	-0.0013	85.7761	2.2095	739.6651	325.7210	35.0926	670.8733	97.8704	729.0612	97.0370	739.0610	97.0370	746.3005	96.9676	
15/08/2017	00:41:20	019001	H421056468HLR	L421	S		696.7429	1.0311	0.0000	100.0218	39.7867	0.8230	0.8250	5.0000	17.2121	815.0743	97.0139	14.7215	25.1000	0.9300	0.9395	0.6959	-0.0012	815.0000	814.7430	1.0285	-1.5861	100.0568	38.9316	0.8230	0.8177	5.0000	-9999.0000	-9999.0000	-9999.0000	-9999.0000	-9999.0000	-9999.0000	19.1526	8	0	17.3018	1.0000	02	2	-9999.0000	9461	38759	-9999	2000	1894	-9999	552.3591	5	0.6781	0.6959	-0.0012	99.6829	1.2529	742.3610	283.1087	32.1528	667.9055	97.3611	732.1444	96.3426	741.5574	96.4815	748.9847	96.8750	
15/08/2017	01:05:29	019001	H421055325HLR	L421	S		695.7223	1.0311	0.0000	100.0147	39.6607	0.8230	0.8250	5.0000	17.1818	0.0000	0.0000	0.0000	25.4000	0.9300	0.0000	0.0000	0.0000	815.0000	703.2292	1.0285	-2.9527	100.0517	38.7267	0.8230	0.8197	5.0000	-9999.0000	-9999.0000	-9999.0000	-9999.0000	-9999.0000	-9999.0000	18.3518	8	1	25.5832	1.0000	02	2	-9999.0000	9462	0	-9999	2001	1895	-9999	13.6993	0	0.0000	0.0000	0.0000	0.0000	0.0000	0.0000	158.3375	1.3657	52.4275	1.8750	27.7962	1.9213	25.7349	1.9213	24.3142	1.9213	
15/08/2017	01:05:55	019001	H421055333HLR	L421	S		693.4271	1.0311	0.0000	99.9077	39.5153	0.8230	0.8255	5.0000	17.3526	815.1172	96.9444	17.3820	24.9000	0.9300	0.9393	0.6929	-0.0010	815.0000	816.1327	1.0285	-1.5939	99.9648	38.8388	0.8230	0.8193	5.0000	-9999.0000	-9999.0000	-9999.0000	-9999.0000	-9999.0000	-9999.0000	18.3518	1	0	24.9025	1.0000	02	2	-9999.0000	9463	38760	-9999	2002	1896	-9999	550.3207	5	0.6782	0.6929	-0.0010	95.1343	1.5680	728.6831	238.2631	31.0648	649.7793	94.2824	716.9888	94.2361	727.7327	94.5139	737.0367	97.1065	
15/08/2017	01:06:18	019001	H421055337HLR	L421	S		693.6236	1.0311	0.0000	99.9940	39.7041	0.8230	0.8251	5.0000	17.2521	815.1044	97.0139	15.7617	24.9000	0.9300	0.9390	0.6929	-0.0010	815.0000	814.8953	1.0285	-1.5870	99.9539	38.8015	0.8230	0.8183	5.0000	-9999.0000	-9999.0000	-9999.0000	-9999.0000	-9999.0000	-9999.0000	18.3922	2	0	22.4226	1.0000	02	2	-9999.0000	9464	38761	-9999	2003	1897	-9999	551.6640	5	0.6782	0.6929	-0.0010	95.1343	1.5680	734.0855	335.1999	34.2130	664.5294	95.7176	722.5354	95.5093	733.1217	95.7407	740.4045	96.8981	
15/08/2017	01:06:35	019001	H421055340HLR	L421	S		694.8035	1.0311	0.0000	100.0916	39.6123	0.8230	0.8249	5.0000	17.0313	815.1295	97.0139	14.3220	25.0000	0.9300	0.9394	0.6929	-0.0010	815.0000	814.3005	1.0285	-1.5836	99.9787	38.7817	0.8230	0.8190	5.0000	-9999.0000	-9999.0000	-9999.0000	-9999.0000	-9999.0000	-9999.0000	18.4914	3	0	16.6222	1.0000	02	2	-9999.0000	9465	38762	-9999	2004	1898	-9999	552.9074	5	0.6782	0.6929	-0.0010	95.1343	1.5680	739.9971	311.0111	32.2917	665.8512	95.7407	728.2732	95.2083	738.9669	95.5556	747.4144	97.1065	
15/08/2017	01:23:20	019001	H340052950HLR	L340	S		581.3368	1.0311	0.0000	99.9672	39.5974	0.8230	0.8257	5.0000	17.1222	675.1982	94.3981	4.4205	25.0000	0.9300	0.9376	0.6492	-0.0071	675.0000	668.3898	1.0285	3.3420	100.0287	38.6909	0.8230	0.8199	5.0000	-9999.0000	-9999.0000	-9999.0000	-9999.0000	-9999.0000	-9999.0000	18.4816	7	0	24.9930	1.0000	99	9	-9999.0000	9466	38763	-9999	2005	1899	-9999	417.1657	5	0.6142	0.6492	-0.0071	94.6535	-0.6353	671.1401	287.6809	32.4306	595.3275	93.9352	654.0094	93.6111	669.4650	94.0972	676.1019	27.6852	
15/08/2017	01:24:09	019001	H340052949HLR	L340	S		580.5452	1.0311	0.0000	100.0145	39.5069	0.8230	0.8263	5.0000	17.1720	675.5250	95.3935	4.1499	24.9000	0.9300	0.0000	0.6492	-0.0071	675.0000	666.1491	1.0285	3.7902	100.0282	38.7307	0.8230	0.8195	5.0000	-9999.0000	-9999.0000	-9999.0000	-9999.0000	-9999.0000	-9999.0000	18.1222	1	1	24.9131	1.0000	99	9	-9999.0000	9467	38764	-9999	2006	1900	-9999	418.6277	5	0.6142	0.6492	-0.0071	94.6535	-0.6353	675.2488	330.8489	33.9352	594.7409	95.4167	656.7489	95.0926	673.5555	95.3704	593.4603	2.9167	
15/08/2017	01:24:56	019001	H340052941HLR	L340	S		577.6986	1.0311	0.0000	99.9842	39.7071	0.8230	0.8267	5.0000	17.1719	675.2357	94.9306	4.7906	25.0000	0.9300	0.9379	0.6556	-0.0071	675.0000	670.4545	1.0285	2.9291	99.9615	38.7935	0.8230	0.8199	5.0000	-9999.0000	-9999.0000	-9999.0000	-9999.0000	-9999.0000	-9999.0000	18.2521	3	0	24.9434	1.0000	99	9	-9999.0000	9468	38765	-9999	2007	1901	-9999	419.7756	5	0.6241	0.6556	-0.0071	94.1901	-0.6322	665.1255	324.0381	31.9213	589.1044	95.1852	647.7476	94.9769	663.4548	95.3241	678.0170	78.5185	
15/08/2017	01:25:43	019001	H340052928HLR	L340	S		577.6790	1.0311	0.0000	99.9515	39.7265	0.8230	0.8261	5.0000	17.1611	675.2321	94.9769	4.7603	25.0000	0.9300	0.9379	0.6568	-0.0071	675.0000	670.9559	1.0285	2.8288	99.9337	38.7724	0.8230	0.8195	5.0000	-9999.0000	-9999.0000	-9999.0000	-9999.0000	-9999.0000	-9999.0000	18.2922	5	0	24.9034	1.0000	99	9	-9999.0000	9469	38766	-9999	2008	1902	-9999	420.6653	5	0.6262	0.6568	-0.0071	94.1149	-0.6317	667.0241	322.3147	33.5417	588.8785	95.0694	649.5177	94.9074	665.4276	95.3472	678.0413	76.9213	
15/08/2017	01:26:30	019001	H340052926HLR	L340	S		573.8059	1.0311	0.0000	99.9859	39.6250	0.8230	0.8261	5.0000	17.1622	675.1039	94.6991	5.1500	25.0000	0.9300	0.9379	0.6580	-0.0071	675.0000	671.9419	1.0285	2.6316	99.9627	38.8276	0.8230	0.8198	5.0000	-9999.0000	-9999.0000	-9999.0000	-9999.0000	-9999.0000	-9999.0000	18.2826	7	0	24.9825	1.0000	99	9	-9999.0000	9470	38767	-9999	2009	1903	-9999	419.5258	5	0.6262	0.6580	-0.0071	94.0279	-0.6311	663.6073	309.5094	32.5000	582.9335	95.4167	644.9145	95.1157	661.8668	95.4398	673.7742	94.6991	
15/08/2017	01:27:19	019001	H340052945HLR	L340	S		580.7866	1.0311	0.0000	100.0066	39.6348	0.8230	0.8263	5.0000	17.1925	675.1424	94.8843	4.9606	25.0000	0.9300	0.9380	0.6588	-0.0071	675.0000	672.1324	1.0285	2.5935	100.0461	38.8488	0.8230	0.8197	5.0000	-9999.0000	-9999.0000	-9999.0000	-9999.0000	-9999.0000	-9999.0000	18.2207	1	0	24.9239	1.0000	99	9	-9999.0000	9471	38768	-9999	2010	1904	-9999	420.9839	5	0.6264	0.6588	-0.0071	93.9757	-0.6307	664.6300	303.8205	33.3796	584.7429	95.2546	646.9130	95.0231	662.8432	95.4398	675.6369	94.8611	
15/08/2017	01:28:06	019001	H340052718HLR	L340	S		576.3968	1.0311	0.0000	99.9802	39.6764	0.8230	0.8263	5.0000	17.2228	675.1072	94.8380	5.3307	25.0000	0.9300	0.9380	0.6406	-0.0031	675.0000	674.8486	1.0285	2.0503	99.9419	38.8410	0.8230	0.8195	5.0000	-9999.0000	-9999.0000	-9999.0000	-9999.0000	-9999.0000	-9999.0000	18.3518	3	0	24.9434	1.0000	99	9	-9999.0000	9472	38769	-9999	2011	1905	-9999	421.4553	5	0.6259	0.6406	-0.0031	29.8961	13.2080	665.4522	330.8351	33.7731	595.8915	95.0000	651.8810	94.8843	664.2469	95.2778	673.1983	94.8611	
15/08/2017	01:29:40	019001	H340052728HLR	L340	S		573.7956	1.0311	0.0000	99.9611	39.6778	0.8230	0.8264	5.0000	17.1924	675.1474	94.8843	6.0906	25.0000	0.9300	0.9382	0.6400	-0.0029	675.0000	675.1672	1.0285	1.9866	99.9754	38.7451	0.8230	0.8197	5.0000	-9999.0000	-9999.0000	-9999.0000	-9999.0000	-9999.0000	-9999.0000	18.2619	7	0	25.0029	1.0000	99	9	-9999.0000	9473	38770	-9999	2013	1906	-9999	420.2367	5	0.6258	0.6400	-0.0029	36.6829	11.6535	658.9675	324.2856	32.4306	591.2209	94.6759	645.8278	94.4213	657.7423	94.8380	667.0596	95.1620	
15/08/2017	01:30:31	019001	H340052706HLR	L340	S		582.7811	1.0311	0.0000	100.0458	39.6852	0.8230	0.8261	5.0000	17.1622	675.1180	94.9769	5.2409	25.0000	0.9300	0.9379	0.6400	-0.0029	675.0000	673.1073	1.0285	2.3985	100.0643	38.8905	0.8230	0.8198	5.0000	-9999.0000	-9999.0000	-9999.0000	-9999.0000	-9999.0000	-9999.0000	18.2619	1	0	24.9933	1.0000	99	9	-9999.0000	9474	38771	-9999	2013	1907	-9999	421.8857	5	0.6258	0.6400	-0.0029	36.6829	11.6535	666.3158	329.8360	32.0833	589.7265	94.8380	654.1243	94.6528	665.1710	95.1389	673.6230	94.9769	
15/08/2017	01:30:56	019001	H340052993HLR	L340	S		576.5438	1.0311	0.0000	99.9842	39.5057	0.8230	0.8264	5.0000	17.1114	675.1080	94.8380	5.0612	25.0000	0.9300	0.9381	0.6400	-0.0029	675.0000	673.0769	1.0285	2.4046	100.0054	38.9000	0.8230	0.8201	5.0000	-9999.0000	-9999.0000	-9999.0000	-9999.0000	-9999.0000	-9999.0000	18.1018	2	0	25.5929	1.0000	99	9	-9999.0000	9475	38772	-9999	2014	1908	-9999	422.2105	5	0.6258	0.6400	-0.0029	36.6829	11.6535	668.1555	327.9197	33.0787	597.0601	95.1852	654.7577	95.0463	666.9307	95.3935	674.8313	94.8380	
15/08/2017	01:31:21	019001	H340052712HLR	L340	S		573.7687	1.0311	0.0000	99.9942	39.4877	0.8230	0.8266	5.0000	17.1622	675.1177	94.9306	6.5106	25.0000	0.9300	0.9381	0.6417	-0.0032	675.0000	677.2362	1.0285	1.5728	99.9611	38.9596	0.8230	0.8199	5.0000	-9999.0000	-9999.0000	-9999.0000	-9999.0000	-9999.0000	-9999.0000	18.1815	3	0	24.9933	1.0000	99	9	-9999.0000	9476	38773	-9999	2015	1909	-9999	419.2594	5	0.6253	0.6417	-0.0032	50.2913	8.7272	656.0549	335.9815	33.0324	579.1914	95.1852	643.1972	94.9537	654.7501	95.4167	663.4398	94.8148	
15/08/2017	01:31:47	019001	H340052694HLR	L340	S		577.6507	1.0311	0.0000	100.0310	39.4897	0.8230	0.8268	5.0000	17.1622	675.1241	94.9769	5.9206	24.9000	0.9300	0.9381	0.6417	-0.0032	675.0000	675.2300	1.0285	1.9740	100.0078	38.8983	0.8230	0.8198	5.0000	-9999.0000	-9999.0000	-9999.0000	-9999.0000	-9999.0000	-9999.0000	18.1126	4	0	25.5528	1.0000	99	9	-9999.0000	9476	38774	-9999	2016	1910	-9999	420.5067	5	0.6253	0.6417	-0.0032	50.2913	8.7272	662.1509	341.8570	33.8194	597.2156	95.1852	649.9894	94.9074	660.8057	95.3704	668.9279	94.8380	
15/08/2017	01:32:12	019001	H340052727HLR	L340	Q		576.2675	1.0311	0.0000	99.9993	39.5722	0.8230	0.8269	5.0000	17.1817	675.0841	94.8148	5.4206	25.0000	0.9300	0.9381	0.6398	-0.0028	675.0000	674.1979	1.0285	2.1804	100.0075	38.9577	0.8230	0.8200	5.0000	-9999.0000	-9999.0000	-9999.0000	-9999.0000	-9999.0000	-9999.0000	18.1223	5	0	25.2434	1.0000	99	9	-9999.0000	9477	38775	-9999	2017	1911	-9999	421.7003	5	0.6255	0.6398	-0.0028	52.3267	8.2040	665.7175	321.0143	34.3287	596.2333	95.0463	652.9124	94.7685	664.4804	95.3241	672.7815	94.7454	
15/08/2017	01:32:38	019001	H340052708HLR	L340	S		585.4495	1.0311	0.0000	100.0048	39.6191	0.8230	0.8268	5.0000	17.2316	675.1123	95.2546	4.2603	24.9000	0.9300	0.9378	0.6417	-0.0031	675.0000	674.7954	1.0285	2.0609	99.9928	38.9529	0.8230	0.8193	5.0000	-9999.0000	-9999.0000	-9999.0000	-9999.0000	-9999.0000	-9999.0000	18.3322	6	0	25.5635	1.0000	99	9	-9999.0000	9478	38776	-9999	2018	1912	-9999	424.3024	5	0.6257	0.6417	-0.0031	52.2870	8.2780	673.7521	336.9695	33.4954	602.2681	94.9306	660.5634	94.6296	672.4341	95.1852	634.4608	17.7083	
15/08/2017	01:33:03	019001	H340052714HLR	L340	Q		576.1548	1.0311	0.0000	99.9847	39.5923	0.8230	0.8266	5.0000	17.3516	675.1348	94.8611	5.3405	25.0000	0.9300	0.9381	0.6451	-0.0038	675.0000	673.2253	1.0285	2.3749	100.0118	38.8963	0.8230	0.8197	5.0000	-9999.0000	-9999.0000	-9999.0000	-9999.0000	-9999.0000	-9999.0000	18.3215	7	0	24.9924	1.0000	99	9	-9999.0000	9479	38777	-9999	2019	1913	-9999	421.8258	5	0.6251	0.6451	-0.0038	58.6991	7.0232	664.9281	323.9949	32.6157	592.3949	95.2778	650.5743	94.9074	663.6642	95.2083	672.7994	94.8843	
15/08/2017	01:33:28	019001	H340052692HLR	L340	S		577.4775	1.0311	0.0000	100.0106	39.5615	0.8230	0.8266	5.0000	17.1622	675.1151	94.8843	5.5505	25.0000	0.9300	0.9381	0.6466	-0.0041	675.0000	674.7101	1.0285	2.0780	100.0174	38.9927	0.8230	0.8200	5.0000	-9999.0000	-9999.0000	-9999.0000	-9999.0000	-9999.0000	-9999.0000	18.3918	8	0	25.5030	1.0000	99	9	-9999.0000	9480	38778	-9999	2020	1914	-9999	421.3328	5	0.6246	0.6466	-0.0041	65.1508	5.8277	662.0465	328.0775	34.3750	595.2681	94.9074	647.7391	94.6065	660.6471	95.1852	670.8197	94.8843	
15/08/2017	01:33:53	019001	H340052984HLR	L340	S		577.1089	1.0311	0.0000	99.9509	39.5595	0.8230	0.8268	5.0000	17.1016	675.1080	94.8611	5.4206	25.0000	0.9300	0.9380	0.6482	-0.0043	675.0000	676.9043	1.0285	1.6391	100.1072	38.9952	0.8230	0.8194	5.0000	-9999.0000	-9999.0000	-9999.0000	-9999.0000	-9999.0000	-9999.0000	18.3822	1	0	24.9736	1.0000	99	9	-9999.0000	9481	38779	-9999	2021	1915	-9999	421.8473	5	0.6246	0.6482	-0.0043	68.4848	5.3363	663.5614	337.9590	33.4491	595.7245	94.9306	649.0607	94.7685	661.9649	95.2083	671.7655	94.8148	
15/08/2017	01:34:18	019001	H340053000HLR	L340	S		579.6568	1.0311	0.0000	100.0151	39.6000	0.8230	0.8268	5.0000	17.1621	675.1402	94.8611	5.1403	25.0000	0.9300	0.9379	0.6470	-0.0041	675.0000	675.1661	1.0285	1.9868	99.9085	38.9273	0.8230	0.8196	5.0000	-9999.0000	-9999.0000	-9999.0000	-9999.0000	-9999.0000	-9999.0000	18.4525	2	0	25.5031	1.0000	99	9	-9999.0000	9482	38780	-9999	2022	1915	-9999	422.6179	5	0.6248	0.6470	-0.0041	63.8859	6.0667	666.7751	330.9547	32.4306	596.7122	94.9074	652.7764	94.6065	665.5433	95.1389	673.9766	94.8611	
15/08/2017	01:34:43	019001	H340052991HLR	L340	S		582.0377	1.0311	0.0000	99.9488	39.6082	0.8230	0.8266	5.0000	17.3321	675.1153	94.8148	5.2702	24.9000	0.9300	0.9379	0.6481	-0.0043	675.0000	676.2133	1.0285	1.7773	100.0607	39.0000	0.8230	0.8199	5.0000	-9999.0000	-9999.0000	-9999.0000	-9999.0000	-9999.0000	-9999.0000	18.4028	3	0	24.9923	1.0000	99	9	-9999.0000	9483	38781	-9999	2023	1916	-9999	422.4525	5	0.6250	0.6481	-0.0043	62.9767	6.2143	665.2191	324.6155	33.5648	598.6398	94.9306	652.0081	94.5833	663.7732	95.0463	672.9674	94.8148	
15/08/2017	01:35:09	019001	H340052981HLR	L340	Q		587.8699	1.0311	0.0000	99.9953	39.6052	0.8230	0.8266	5.0000	17.2617	675.1345	94.9769	5.1705	24.9000	0.9300	0.9380	0.6552	-0.0055	675.0000	675.7478	1.0285	1.8704	99.9489	39.0609	0.8230	0.8198	5.0000	-9999.0000	-9999.0000	-9999.0000	-9999.0000	-9999.0000	-9999.0000	18.4124	4	0	25.5736	1.0000	99	9	-9999.0000	9484	38782	-9999	2024	1916	-9999	423.2718	5	0.6248	0.6552	-0.0055	65.9795	5.7487	663.8684	322.2676	32.7546	595.6618	94.9074	647.3400	94.6296	662.4193	95.0926	673.4262	95.0000	
15/08/2017	01:35:34	019001	H340052965HLR	L340	S		586.1901	1.0311	0.0000	99.9858	39.5955	0.8230	0.8266	5.0000	17.2674	677.6250	94.9537	4.1509	24.9000	0.9300	0.0000	0.6563	-0.0057	675.0000	676.4459	1.0285	1.7308	99.9890	39.0595	0.8230	0.8196	5.0000	-9999.0000	-9999.0000	-9999.0000	-9999.0000	-9999.0000	-9999.0000	18.3821	5	0	24.9932	1.0000	99	9	-9999.0000	9485	38783	-9999	2025	1917	-9999	428.8664	5	0.6247	0.6563	-0.0057	65.7984	5.7892	677.3643	323.9624	32.7778	602.6496	94.7222	661.0782	94.4676	675.7751	94.9306	0.0000	0.0000	
15/08/2017	01:36:00	019001	H340052979HLR	L340	S		578.9254	1.0311	0.0000	99.9977	39.5812	0.8230	0.8267	5.0000	17.1013	675.1235	94.9769	4.1909	24.9000	0.9300	0.9379	0.6494	-0.0045	675.0000	673.3520	1.0285	2.3496	99.9162	39.0565	0.8230	0.8196	5.0000	-9999.0000	-9999.0000	-9999.0000	-9999.0000	-9999.0000	-9999.0000	18.3119	6	0	25.5626	1.0000	99	9	-9999.0000	9486	38784	-9999	2026	1918	-9999	425.7632	5	0.6251	0.6494	-0.0045	66.1594	5.7132	674.4295	316.5967	31.6667	598.2680	94.9306	659.1630	94.5370	673.0257	94.9537	608.8010	3.3102	
15/08/2017	01:36:25	019001	H340052977HLR	L340	S		577.5761	1.0311	0.0000	99.9636	39.5973	0.8230	0.8266	5.0000	17.2920	675.0854	94.9769	6.3006	25.0000	0.9300	0.9381	0.6483	-0.0044	675.0000	677.0765	1.0285	1.6047	99.8813	39.0549	0.8230	0.8195	5.0000	-9999.0000	-9999.0000	-9999.0000	-9999.0000	-9999.0000	-9999.0000	18.4727	7	0	24.9835	1.0000	99	9	-9999.0000	9487	38785	-9999	2027	1919	-9999	419.2139	5	0.6249	0.6483	-0.0044	65.9072	5.7400	656.7202	313.8885	32.8472	584.2816	95.0000	643.0754	94.8380	655.2540	95.0926	665.0793	94.8611	
15/08/2017	01:36:50	019001	H340052966HLR	L340	S		582.3534	1.0311	0.0000	99.9777	39.6030	0.8230	0.8267	5.0000	17.1017	675.1137	94.9769	5.2008	25.0000	0.9300	0.9380	0.6479	-0.0043	675.0000	675.0220	1.0285	2.0156	100.0110	39.0594	0.8230	0.8195	5.0000	-9999.0000	-9999.0000	-9999.0000	-9999.0000	-9999.0000	-9999.0000	18.4224	8	0	25.5226	1.0000	99	9	-9999.0000	9488	38786	-9999	2027	1920	-9999	422.4238	5	0.6248	0.6479	-0.0043	64.6163	5.9398	664.8434	321.2093	32.9167	596.8469	95.0000	651.0609	94.4907	663.4908	94.9537	673.6478	95.0231	
15/08/2017	01:37:41	019001	H340052685HLR	L340	S		573.0775	1.0311	0.0000	99.9948	39.6673	0.8230	0.8266	5.0000	17.2618	675.1548	94.7917	5.5007	25.0000	0.9300	0.9381	0.6571	-0.0060	675.0000	675.4687	1.0285	1.9263	99.9499	38.9412	0.8230	0.8189	5.0000	-9999.0000	-9999.0000	-9999.0000	-9999.0000	-9999.0000	-9999.0000	18.4720	2	0	25.5033	1.0000	99	9	-9999.0000	9490	38787	-9999	2028	1921	-9999	421.5577	5	0.6272	0.6571	-0.0060	69.7539	5.0342	660.4093	306.4664	31.1806	587.0096	94.7917	644.2745	94.6065	658.9877	94.9074	670.1843	94.8843	
15/08/2017	01:38:06	019001	H340054885HLR	L340	Q		580.5637	1.0311	0.0000	99.9277	39.6571	0.8230	0.8264	5.0000	17.3322	675.1972	95.0000	4.1607	24.9000	0.9300	0.9380	0.6587	-0.0063	675.0000	675.7492	1.0285	1.8702	100.0027	38.9659	0.8230	0.8198	5.0000	-9999.0000	-9999.0000	-9999.0000	-9999.0000	-9999.0000	-9999.0000	18.3030	3	0	25.0235	1.0000	99	9	-9999.0000	9491	38788	-9999	2029	1922	-9999	427.1948	5	0.6266	0.6587	-0.0063	73.0105	4.3457	674.7792	309.9611	32.9861	598.8942	94.8611	657.9527	94.5139	673.0778	94.9769	595.1646	3.2870	
15/08/2017	01:38:31	019001	H340054865HLR	L340	S		586.9944	1.0311	0.0000	100.0334	39.6217	0.8230	0.8261	5.0000	17.6115	675.2202	94.9769	4.2105	24.9000	0.9300	0.9380	0.6604	-0.0066	675.0000	676.4721	1.0285	1.7256	99.9501	39.0889	0.8230	0.8200	5.0000	-9999.0000	-9999.0000	-9999.0000	-9999.0000	-9999.0000	-9999.0000	18.4225	4	0	25.5227	1.0000	99	9	-9999.0000	9492	38789	-9999	2030	1923	-9999	427.2570	5	0.6263	0.6604	-0.0066	76.1971	3.6718	674.2421	315.7360	31.8287	595.4942	94.7685	657.4518	94.5602	672.7409	94.9537	618.8477	7.2917	
15/08/2017	01:38:56	019001	H340054887HLR	L340	S		589.9150	1.0311	0.0000	100.0322	39.5818	0.8230	0.8260	5.0000	18.0120	675.2442	95.0231	4.4507	25.0000	0.9300	0.9380	0.6604	-0.0066	675.0000	678.1545	1.0285	1.3891	100.0765	39.1138	0.8230	0.8196	5.0000	-9999.0000	-9999.0000	-9999.0000	-9999.0000	-9999.0000	-9999.0000	18.4622	5	0	24.9833	1.0000	99	9	-9999.0000	9493	38790	-9999	2031	1924	-9999	426.1929	5	0.6263	0.6604	-0.0066	76.1971	3.6718	671.1689	308.4761	33.4722	600.2832	94.6528	656.7893	94.7454	669.6282	94.9769	675.4648	29.0741	
15/08/2017	01:39:22	019001	H340054890HLR	L340	S		583.0279	1.0311	0.0000	99.9283	39.5964	0.8230	0.8265	5.0000	17.6017	675.1495	94.9769	4.3101	25.0000	0.9300	0.9379	0.6603	-0.0066	675.0000	676.4994	1.0285	1.7201	99.9880	39.0914	0.8230	0.8194	5.0000	-9999.0000	-9999.0000	-9999.0000	-9999.0000	-9999.0000	-9999.0000	18.4514	6	0	25.5529	1.0000	99	9	-9999.0000	9494	38791	-9999	2032	1925	-9999	426.6914	5	0.6260	0.6603	-0.0066	74.7068	4.0124	672.7500	317.5211	34.0278	595.3835	94.6065	655.5107	94.6065	671.0987	95.0000	655.7152	19.5139	
15/08/2017	01:39:47	019001	H340054876HLR	L340	S		583.2181	1.0311	0.0000	100.0205	39.6269	0.8230	0.8268	5.0000	17.1622	675.1315	95.0000	4.3511	24.9000	0.9300	0.9379	0.6581	-0.0062	675.0000	675.2235	1.0285	1.9753	99.9178	39.0699	0.8230	0.8194	5.0000	-9999.0000	-9999.0000	-9999.0000	-9999.0000	-9999.0000	-9999.0000	18.5120	7	0	24.9826	1.0000	99	9	-9999.0000	9495	38791	-9999	2033	1926	-9999	426.1351	5	0.6268	0.6581	-0.0062	79.1749	3.1915	672.6675	311.2303	33.4028	595.6121	94.9537	657.0638	94.9074	671.0521	95.0000	661.4675	21.5509	
15/08/2017	01:40:12	019001	H340054905HLR	L340	S		591.4566	1.0311	0.0000	99.9889	39.6581	0.8230	0.8266	5.0000	17.1914	675.1704	95.0000	4.4009	25.0000	0.9300	0.9378	0.6576	-0.0061	675.0000	676.2497	1.0285	1.7701	100.0114	39.0710	0.8230	0.8194	5.0000	-9999.0000	-9999.0000	-9999.0000	-9999.0000	-9999.0000	-9999.0000	18.5128	8	0	25.6038	1.0000	99	9	-9999.0000	9496	38792	-9999	2034	1927	-9999	425.9049	5	0.6276	0.6576	-0.0061	78.0277	3.2741	672.3443	319.5578	32.8009	597.1107	94.6759	656.6740	94.6065	671.0393	94.9306	670.3462	25.8796	
15/08/2017	01:40:37	019001	H340052972HLR	L340	S		579.4220	1.0311	0.0000	100.0047	39.6236	0.8230	0.8265	5.0000	17.1621	675.1888	94.8843	5.1803	25.0000	0.9300	0.9380	0.6577	-0.0061	675.0000	674.5757	1.0285	2.1049	99.9739	39.0809	0.8230	0.8195	5.0000	-9999.0000	-9999.0000	-9999.0000	-9999.0000	-9999.0000	-9999.0000	18.4417	1	0	25.0126	1.0000	99	9	-9999.0000	9497	38793	-9999	2035	1928	-9999	422.7318	5	0.6279	0.6577	-0.0061	76.0740	3.5552	662.2006	322.7225	32.3148	588.6471	94.8148	645.8461	94.7454	660.7246	94.9769	673.2097	94.9769	
15/08/2017	01:41:03	019001	H340054881HLR	L340	S		587.6302	1.0311	0.0000	99.9816	39.6095	0.8230	0.8265	5.0000	17.2315	679.0971	95.0463	4.1509	24.9000	0.9300	0.0000	0.6570	-0.0060	675.0000	675.7877	1.0285	1.8625	99.9604	39.0912	0.8230	0.8195	5.0000	-9999.0000	-9999.0000	-9999.0000	-9999.0000	-9999.0000	-9999.0000	18.4221	2	0	25.6234	1.0000	99	9	-9999.0000	9498	38794	-9999	2036	1929	-9999	429.3644	5	0.6285	0.6570	-0.0060	76.9072	3.4557	678.8678	319.9629	33.7269	601.1746	94.6991	660.3418	94.6759	677.4094	95.0000	598.5002	2.9398	
15/08/2017	01:41:28	019001	H340054873HLR	L340	S		584.3416	1.0311	0.0000	100.0400	39.6009	0.8230	0.8265	5.0000	17.3223	675.1648	94.9306	4.9606	25.0000	0.9300	0.9381	0.6573	-0.0060	675.0000	675.3823	1.0285	1.9435	99.9563	39.0915	0.8230	0.8195	5.0000	-9999.0000	-9999.0000	-9999.0000	-9999.0000	-9999.0000	-9999.0000	18.4427	3	0	24.9630	1.0000	99	9	-9999.0000	9499	38795	-9999	2037	1930	-9999	423.6185	5	0.6289	0.6573	-0.0060	74.8701	4.0200	665.5816	322.6333	33.7037	591.3891	94.6296	649.2302	94.7222	664.1588	94.9537	675.7312	94.9306	
15/08/2017	01:41:53	019001	H340054882HLR	L340	S		585.6463	1.0311	0.0000	100.0386	39.6205	0.8230	0.8264	5.0000	17.5822	675.2563	95.0231	4.2505	24.9000	0.9300	0.9379	0.6569	-0.0060	675.0000	675.4131	1.0285	1.9374	99.9392	39.0926	0.8230	0.8194	5.0000	-9999.0000	-9999.0000	-9999.0000	-9999.0000	-9999.0000	-9999.0000	18.5226	4	0	25.5830	1.0000	99	9	-9999.0000	9500	38796	-9999	2038	1931	-9999	426.5180	5	0.6285	0.6569	-0.0060	72.7422	4.3646	673.7285	333.0861	32.8009	601.6639	94.8380	657.1029	94.7454	672.2371	95.0000	633.5180	17.7546	
15/08/2017	01:42:18	019001	H340054911HLR	L340	S		586.2517	1.0311	0.0000	99.9801	39.6464	0.8230	0.8262	5.0000	17.9621	675.1584	95.0231	4.6402	25.0000	0.9300	0.9379	0.6558	-0.0058	675.0000	674.7071	1.0285	2.0786	99.9387	39.0924	0.8230	0.8195	5.0000	-9999.0000	-9999.0000	-9999.0000	-9999.0000	-9999.0000	-9999.0000	18.5022	5	0	24.9826	1.0000	99	9	-9999.0000	9501	38797	-9999	2039	1932	-9999	424.7818	5	0.6280	0.6558	-0.0058	70.2548	4.7935	668.9495	330.3958	32.9630	597.2739	94.7917	652.8465	94.7685	667.5159	94.9306	679.2424	56.3657	
15/08/2017	01:42:44	019001	H340054900HLR	L340	S		587.3692	1.0311	0.0000	99.9973	39.6434	0.8230	0.8265	5.0000	17.3125	675.1733	94.9537	4.6099	25.0000	0.9300	0.9380	0.6547	-0.0055	675.0000	674.4572	1.0285	2.1286	99.9764	39.0977	0.8230	0.8195	5.0000	-9999.0000	-9999.0000	-9999.0000	-9999.0000	-9999.0000	-9999.0000	18.4827	6	0	25.5236	1.0000	99	9	-9999.0000	9502	38798	-9999	2040	1933	-9999	424.9129	5	0.6296	0.6547	-0.0055	63.6078	6.2097	669.6259	310.1226	31.4815	596.1090	95.0000	654.5392	94.8380	668.2058	95.0231	679.7875	49.9537	
15/08/2017	01:43:09	019001	H340054908HLR	L340	S		585.8209	1.0311	0.0000	100.0247	39.6455	0.8230	0.8265	5.0000	17.3321	675.2300	95.0694	4.5709	25.0000	0.9300	0.9378	0.6547	-0.0055	675.0000	674.8077	1.0285	2.0585	99.9521	39.1085	0.8230	0.8194	5.0000	-9999.0000	-9999.0000	-9999.0000	-9999.0000	-9999.0000	-9999.0000	18.5325	7	0	24.9727	1.0000	99	9	-9999.0000	9503	38799	-9999	2041	1934	-9999	425.1178	5	0.6297	0.6547	-0.0055	61.6736	6.6284	669.2843	322.9355	32.6389	597.8925	94.8148	654.8287	94.5602	667.6576	95.0000	679.8311	43.8194	
15/08/2017	01:43:35	019001	H340054897HLR	L340	S		587.3517	1.0311	0.0000	100.0476	39.6320	0.8230	0.8265	5.0000	17.2325	675.0922	94.8843	4.9401	25.0000	0.9300	0.9380	0.6542	-0.0054	675.0000	675.5278	1.0285	1.9144	99.9499	39.1101	0.8230	0.8194	5.0000	-9999.0000	-9999.0000	-9999.0000	-9999.0000	-9999.0000	-9999.0000	18.5628	8	0	25.6436	1.0000	99	9	-9999.0000	9504	38800	-9999	2042	1935	-9999	423.6771	5	0.6305	0.6542	-0.0054	76.9553	3.1041	668.5217	317.2072	31.4583	595.3579	94.9306	653.3800	94.6296	667.0540	95.0000	675.5044	94.8843	
15/08/2017	01:44:00	019001	H340054944HLR	L340	S		585.0292	1.0311	0.0000	99.9304	39.6118	0.8230	0.8264	5.0000	17.2325	675.2103	95.0000	4.2202	25.0000	0.9300	0.9378	0.6533	-0.0052	675.0000	674.2609	1.0285	2.1678	99.9020	39.1116	0.8230	0.8194	5.0000	-9999.0000	-9999.0000	-9999.0000	-9999.0000	-9999.0000	-9999.0000	18.4817	1	0	25.0528	1.0000	99	9	-9999.0000	9505	38801	-9999	2043	1936	-9999	426.4367	5	0.6302	0.6533	-0.0052	71.9814	4.0331	674.1485	309.3523	32.7083	598.3698	94.9537	658.2849	94.7917	672.6682	95.0000	618.4390	5.7407	
15/08/2017	01:44:25	019001	H340054916HLR	L340	S		587.3222	1.0311	0.0000	100.0188	39.6310	0.8230	0.8263	5.0000	17.6925	675.1504	95.0463	4.3003	25.0000	0.9300	0.9380	0.6525	-0.0050	675.0000	674.8302	1.0285	2.0540	100.0300	39.1138	0.8230	0.8194	5.0000	-9999.0000	-9999.0000	-9999.0000	-9999.0000	-9999.0000	-9999.0000	18.4815	2	0	25.5432	1.0000	99	9	-9999.0000	9506	38802	-9999	2044	1937	-9999	426.0658	5	0.6300	0.6525	-0.0050	71.9215	3.9433	673.4857	312.8989	31.3657	600.3317	95.1389	658.5840	94.9306	672.2239	95.0694	648.3273	20.3241	
15/08/2017	01:44:50	019001	H340054941HLR	L340	S		587.7290	1.0311	0.0000	100.0236	39.6424	0.8230	0.8262	5.0000	17.8205	675.1194	95.0463	4.5103	25.0000	0.9300	0.9381	0.6535	-0.0052	675.0000	675.5448	1.0285	1.9110	99.9326	39.1168	0.8230	0.8193	5.0000	-9999.0000	-9999.0000	-9999.0000	-9999.0000	-9999.0000	-9999.0000	18.6623	3	0	24.9825	1.0000	99	9	-9999.0000	9507	38803	-9999	2045	1937	-9999	425.4524	5	0.6302	0.6535	-0.0052	72.7208	3.7718	671.4340	313.5073	33.3102	599.2129	94.7454	654.8498	94.6759	669.8550	95.0231	676.9801	34.8611	
15/08/2017	01:45:16	019001	H340054928HLR	L340	S		582.1945	1.0311	0.0000	100.0743	39.6325	0.8230	0.8267	5.0000	17.0823	675.1671	95.0463	4.6207	25.0000	0.9300	0.9380	0.6553	-0.0056	675.0000	673.7575	1.0285	2.2685	99.9005	39.1214	0.8230	0.8194	5.0000	-9999.0000	-9999.0000	-9999.0000	-9999.0000	-9999.0000	-9999.0000	18.4524	4	0	25.6136	1.0000	99	9	-9999.0000	9508	38804	-9999	2046	1938	-9999	425.0855	5	0.6298	0.6553	-0.0056	71.7371	3.8191	669.2586	328.7309	33.5648	596.2521	94.6759	653.0964	94.6991	667.5537	95.0000	679.3362	49.8611	
15/08/2017	01:48:44	019001	H340054931HLR	L340	Q		585.9348	1.0311	0.0000	100.0102	39.6425	0.8230	0.8266	5.0000	17.0313	675.1286	94.9537	4.8805	25.0000	0.9300	0.9380	0.6566	-0.0059	675.0000	675.0930	1.0285	2.0014	99.9551	39.1219	0.8230	0.8194	5.0000	-9999.0000	-9999.0000	-9999.0000	-9999.0000	-9999.0000	-9999.0000	18.4924	5	0	207.9246	1.0000	99	9	-9999.0000	9509	38805	-9999	2047	1938	-9999	424.0753	5	0.6300	0.6566	-0.0059	73.6102	3.3474	666.8039	318.5094	31.6667	595.3864	94.8380	651.6418	94.6759	665.3070	94.9537	676.5764	92.7315	
15/08/2017	01:49:09	019001	H340055043HLR	L340	S		584.5384	1.0311	0.0000	100.0755	39.6454	0.8230	0.8264	5.0000	17.3321	675.1095	94.9074	4.9801	25.0000	0.9300	0.9379	0.6576	-0.0061	675.0000	676.2931	1.0285	1.7614	99.9908	39.1211	0.8230	0.8193	5.0000	-9999.0000	-9999.0000	-9999.0000	-9999.0000	-9999.0000	-9999.0000	18.5129	6	0	25.6739	1.0000	99	9	-9999.0000	9510	38806	-9999	2048	1939	-9999	423.6539	5	0.6301	0.6576	-0.0061	80.2873	1.8938	666.5663	313.8283	32.5231	593.8834	94.8380	651.0231	94.7454	665.0485	95.0231	675.3783	94.8843	
15/08/2017	01:49:34	019001	H340055040HLR	L340	S		583.0617	1.0311	0.0000	99.9382	39.6127	0.8230	0.8265	5.0000	17.1923	675.1632	94.9306	4.7506	25.0000	0.9300	0.9379	0.6595	-0.0065	675.0000	673.9488	1.0285	2.2302	100.0968	38.8585	0.8230	0.8195	5.0000	-9999.0000	-9999.0000	-9999.0000	-9999.0000	-9999.0000	-9999.0000	18.7024	7	0	25.0130	1.0000	99	9	-9999.0000	9511	38807	-9999	2049	1940	-9999	424.5114	5	0.6304	0.6595	-0.0065	87.6467	0.1876	667.3901	309.9066	31.4352	592.2423	95.1620	650.3246	94.8843	665.8301	95.0694	677.7759	77.8935	
15/08/2017	01:50:00	019001	H340054919HLR	L340	Q		589.7786	1.0311	0.0000	100.0293	39.6337	0.8230	0.8265	5.0000	17.1123	675.1285	94.9769	4.2105	25.0000	0.9300	0.9380	0.6592	-0.0064	675.0000	675.5534	1.0285	1.9093	99.8789	38.9975	0.8230	0.8203	5.0000	-9999.0000	-9999.0000	-9999.0000	-9999.0000	-9999.0000	-9999.0000	18.1720	8	0	25.5429	1.0000	99	9	-9999.0000	9512	38808	-9999	2050	1941	-9999	426.9133	5	0.6300	0.6592	-0.0064	84.8048	0.8969	674.1856	312.4385	31.5741	600.3809	95.0463	657.8140	94.6528	672.6399	94.9769	620.6886	7.5231	
15/08/2017	01:50:25	019001	H340055027HLR	L340	S		584.5434	1.0311	0.0000	100.0299	39.6309	0.8230	0.8265	5.0000	17.1827	675.1134	94.9306	4.6998	25.0000	0.9300	0.9380	0.6577	-0.0061	675.0000	674.7849	1.0285	2.0630	99.8810	39.0947	0.8230	0.8200	5.0000	-9999.0000	-9999.0000	-9999.0000	-9999.0000	-9999.0000	-9999.0000	18.3528	1	0	24.9729	1.0000	99	9	-9999.0000	9513	38809	-9999	2051	1942	-9999	424.8468	5	0.6301	0.6577	-0.0061	90.5666	-0.4175	668.4828	314.8418	33.8426	593.9889	94.5602	651.1584	94.5370	666.8128	94.8148	678.4230	64.3981	
15/08/2017	01:50:50	019001	H340055032HLR	L340	S		585.0053	1.0311	0.0000	100.0747	39.6467	0.8230	0.8265	5.0000	17.3028	675.2198	94.8148	4.9508	25.1000	0.9300	0.9380	0.6616	-0.0069	675.0000	675.5775	1.0285	1.9045	99.9684	39.0898	0.8230	0.8196	5.0000	-9999.0000	-9999.0000	-9999.0000	-9999.0000	-9999.0000	-9999.0000	18.1525	2	0	25.5928	1.0000	99	9	-9999.0000	9514	38810	-9999	2052	1943	-9999	423.6844	5	0.6296	0.6616	-0.0069	80.0947	1.8810	664.6293	295.3591	31.1806	587.2496	93.9352	646.2020	93.8889	662.8415	94.2361	676.0748	94.8380	
15/08/2017	01:51:15	019001	H340055023HLR	L340	S		580.3753	1.0311	0.0000	100.0229	39.6609	0.8230	0.8261	5.0000	17.1524	675.1994	94.8380	5.1100	25.1000	0.9300	0.9380	0.6609	-0.0067	675.0000	674.2990	1.0285	2.1602	99.9784	39.0529	0.8230	0.8194	5.0000	-9999.0000	-9999.0000	-9999.0000	-9999.0000	-9999.0000	-9999.0000	18.3918	3	0	24.9932	1.0000	99	9	-9999.0000	9515	38811	-9999	2053	1944	-9999	423.0506	5	0.6296	0.6609	-0.0067	77.3651	2.5501	663.4232	328.3132	32.0602	591.5481	94.9306	646.4495	94.6991	661.6198	94.9537	674.0814	94.8611	
15/08/2017	01:51:41	019001	H340052877HLR	L340	S		591.5730	1.0311	0.0000	99.9958	39.5858	0.8230	0.8264	5.0000	17.3018	675.1935	95.0694	4.6109	25.0000	0.9300	0.9378	0.6595	-0.0065	675.0000	676.0714	1.0285	1.8057	100.0218	39.0454	0.8230	0.8194	5.0000	-9999.0000	-9999.0000	-9999.0000	-9999.0000	-9999.0000	-9999.0000	18.4123	4	0	25.5735	1.0000	99	9	-9999.0000	9516	38812	-9999	2054	1945	-9999	425.2684	5	0.6298	0.6595	-0.0065	71.4649	3.8292	669.0767	326.7280	32.2917	590.4365	94.8843	652.5147	94.5370	667.4086	95.0231	680.3075	50.1389	
15/08/2017	01:52:06	019001	H340052856HLR	L340	S		591.0649	1.0311	0.0000	100.0401	39.6029	0.8230	0.8263	5.0000	17.7121	675.1229	95.0000	4.5611	25.0000	0.9300	0.9378	0.6591	-0.0064	675.0000	676.0009	1.0285	1.8198	99.9898	39.0576	0.8230	0.8195	5.0000	-9999.0000	-9999.0000	-9999.0000	-9999.0000	-9999.0000	-9999.0000	18.4221	5	0	24.9521	1.0000	99	9	-9999.0000	9517	38813	-9999	2055	1946	-9999	425.4747	5	0.6298	0.6591	-0.0064	70.8325	3.9870	670.3726	326.2494	33.9352	596.7321	94.8611	653.2046	94.8380	668.9083	95.0694	680.1098	40.9722	
15/08/2017	01:52:31	019001	H340052951HLR	L340	S		590.1987	1.0311	0.0000	99.9971	39.6382	0.8230	0.8263	5.0000	17.7922	675.1569	95.0463	4.4507	25.0000	0.9300	0.9380	0.6591	-0.0064	675.0000	675.9077	1.0285	1.8385	99.8890	39.0780	0.8230	0.8197	5.0000	-9999.0000	-9999.0000	-9999.0000	-9999.0000	-9999.0000	-9999.0000	18.4425	6	0	25.5031	1.0000	99	9	-9999.0000	9518	38814	-9999	2056	1947	-9999	425.9714	5	0.6298	0.6591	-0.0064	66.6111	4.9459	671.1079	327.1259	33.8426	591.8166	94.6991	652.7966	94.6528	669.4448	94.9769	674.5724	29.2824	
15/08/2017	01:52:56	019001	H340052919HLR	L340	S		591.5995	1.0311	0.0000	99.9141	39.6758	0.8230	0.8258	5.0000	18.6215	675.1489	94.9537	4.1509	25.0000	0.9300	0.0000	0.6565	-0.0058	675.0000	675.7903	1.0285	1.8619	99.9725	39.0842	0.8230	0.8195	5.0000	-9999.0000	-9999.0000	-9999.0000	-9999.0000	-9999.0000	-9999.0000	18.4221	7	0	24.9533	1.0000	99	9	-9999.0000	9519	38815	-9999	2057	1948	-9999	427.0682	5	0.6293	0.6565	-0.0058	56.5542	7.0936	674.9307	322.8269	33.3796	596.8216	94.7917	658.3438	94.6759	673.5645	94.9306	591.0202	3.2407	
15/08/2017	01:53:22	019001	H340052936HLR	L340	S		593.0378	1.0311	0.0000	100.0343	39.6324	0.8230	0.8265	5.0000	17.2717	675.1419	94.9769	4.7213	25.0000	0.9300	0.9379	0.6567	-0.0058	675.0000	676.6294	1.0285	1.6941	100.0148	39.0909	0.8230	0.8194	5.0000	-9999.0000	-9999.0000	-9999.0000	-9999.0000	-9999.0000	-9999.0000	18.4221	8	0	25.5733	1.0000	99	9	-9999.0000	9520	38816	-9999	2058	1948	-9999	424.8393	5	0.6290	0.6567	-0.0058	53.2673	7.7364	668.0899	319.7480	31.9213	593.8963	95.0926	652.7327	94.7685	666.7011	95.0463	678.3943	72.1759	
15/08/2017	01:53:47	019001	H340052937HLR	L340	S		588.0596	1.0311	0.0000	100.0387	39.6203	0.8230	0.8265	5.0000	17.1925	675.2095	95.0000	4.7408	25.0000	0.9300	0.9379	0.6568	-0.0059	675.0000	677.2868	1.0285	1.5626	100.0522	39.0927	0.8230	0.8194	5.0000	-9999.0000	-9999.0000	-9999.0000	-9999.0000	-9999.0000	-9999.0000	18.3918	1	0	24.9630	1.0000	99	9	-9999.0000	9521	38817	-9999	2059	1949	-9999	424.7845	5	0.6290	0.6568	-0.0059	48.2886	8.6996	668.2943	315.3388	33.0787	594.0351	94.9074	652.2670	94.9074	666.7604	95.0926	678.3816	73.3102	
15/08/2017	01:54:12	019001	H340052717HLR	L340	S		590.4153	1.0311	0.0000	99.9904	39.6212	0.8230	0.8266	5.0000	17.0626	675.6274	95.0694	4.1499	25.0000	0.9300	0.0000	0.6551	-0.0055	675.0000	675.2710	1.0285	1.9658	99.9589	39.0960	0.8230	0.8194	5.0000	-9999.0000	-9999.0000	-9999.0000	-9999.0000	-9999.0000	-9999.0000	18.3721	2	0	25.6027	1.0000	99	9	-9999.0000	9522	38818	-9999	2060	1949	-9999	427.1173	5	0.6289	0.6551	-0.0055	41.1205	10.0949	675.4117	330.2386	32.7778	598.4998	94.8611	658.1486	94.7685	674.0714	95.0694	0.0000	0.0000	
15/08/2017	01:54:37	019001	H340052948HLR	L340	S		589.1155	1.0311	0.0000	100.0381	39.6151	0.8230	0.8265	5.0000	17.3419	675.1410	95.0231	4.2300	25.0000	0.9300	0.9379	0.6549	-0.0055	675.0000	676.4639	1.0285	1.7272	99.9324	39.0972	0.8230	0.8194	5.0000	-9999.0000	-9999.0000	-9999.0000	-9999.0000	-9999.0000	-9999.0000	18.4523	3	0	24.9533	1.0000	99	9	-9999.0000	9523	38819	-9999	2061	1950	-9999	426.5201	5	0.6293	0.6549	-0.0055	43.5438	9.6506	674.0072	334.4076	33.0787	603.1669	94.8380	658.5465	94.7917	672.6982	95.0231	625.6129	7.5463	
15/08/2017	01:55:03	019001	H340052947HLR	L340	S		594.3933	1.0311	0.0000	100.0451	39.6416	0.8230	0.8265	5.0000	17.3115	678.4750	94.9306	4.1509	25.0000	0.9300	0.0000	0.6536	-0.0052	675.0000	678.2280	1.0285	1.3744	99.9472	39.1115	0.8230	0.8194	5.0000	-9999.0000	-9999.0000	-9999.0000	-9999.0000	-9999.0000	-9999.0000	18.3918	4	0	25.6036	1.0000	99	9	-9999.0000	9524	38820	-9999	2062	1951	-9999	428.8046	5	0.6294	0.6536	-0.0052	45.6864	9.0710	678.2456	327.1098	32.3148	605.5317	94.6065	662.8508	94.7685	676.8712	94.9306	0.0000	0.0000	
15/08/2017	01:55:28	019001	H340052697HLR	L340	S		582.0902	1.0311	0.0000	99.9724	39.6454	0.8230	0.8262	5.0000	17.8918	675.1451	95.0231	4.7906	25.0000	0.9300	0.9378	0.6595	-0.0066	675.0000	678.2538	1.0285	1.3692	99.9349	39.1041	0.8230	0.8194	5.0000	-9999.0000	-9999.0000	-9999.0000	-9999.0000	-9999.0000	-9999.0000	18.4417	5	0	25.0430	1.0000	99	9	-9999.0000	9525	38821	-9999	2063	1952	-9999	424.0259	5	0.6292	0.6595	-0.0066	46.9779	8.7493	667.7931	321.4844	33.7963	598.8461	94.8380	651.9877	94.9074	666.2116	95.0000	677.8514	83.1019	
15/08/2017	01:55:54	019001	H340052711HLR	L340	S		589.9795	1.0311	0.0000	100.0459	39.6350	0.8230	0.8265	5.0000	17.2518	678.9019	95.0231	4.1509	25.0000	0.9300	0.0000	0.6567	-0.0060	675.0000	677.1747	1.0285	1.5851	99.9779	39.1124	0.8230	0.8194	5.0000	-9999.0000	-9999.0000	-9999.0000	-9999.0000	-9999.0000	-9999.0000	18.3117	6	0	25.5627	1.0000	99	9	-9999.0000	9526	38822	-9999	2064	1953	-9999	429.1311	5	0.6292	0.6567	-0.0060	46.6728	8.8139	678.6700	326.0489	34.6528	603.6959	94.7222	662.9934	94.8148	677.2840	94.9769	591.9178	3.0093	
15/08/2017	01:56:19	019001	H340052997HLR	L340	S		596.6288	1.0311	0.0000	100.0139	39.6421	0.8230	0.8265	5.0000	17.1729	682.6985	94.9769	4.1499	25.0000	0.9300	0.0000	0.6577	-0.0062	675.0000	681.7476	1.0285	0.6705	99.9861	39.1139	0.8230	0.8193	5.0000	-9999.0000	-9999.0000	-9999.0000	-9999.0000	-9999.0000	-9999.0000	18.4417	7	0	24.9631	1.0000	99	9	-9999.0000	9527	38823	-9999	2065	1954	-9999	431.4378	5	0.6293	0.6577	-0.0062	54.0607	7.2004	682.4475	326.5307	33.0324	605.9410	94.9306	665.9252	94.8611	680.8850	94.9769	598.2109	3.4491	
15/08/2017	01:56:44	019001	H340052693HLR	L340	S		561.8144	1.0311	0.0000	100.0318	39.6169	0.8230	0.8265	5.0000	17.3019	675.1498	94.9537	4.8805	25.0000	0.9300	0.9379	0.6640	-0.0076	675.0000	673.4958	1.0285	2.3208	99.9077	39.1212	0.8230	0.8194	5.0000	-9999.0000	-9999.0000	-9999.0000	-9999.0000	-9999.0000	-9999.0000	18.4328	8	0	25.5626	1.0000	99	9	-9999.0000	9528	38824	-9999	2065	1955	-9999	423.2542	5	0.6298	0.6640	-0.0076	59.9957	5.8159	665.3353	335.0698	35.5093	596.5273	94.5602	646.7735	94.8148	663.6462	95.0926	676.7597	93.8889	
15/08/2017	01:57:09	019001	H340052713HLR	L340	S		592.2795	1.0311	0.0000	100.0302	39.6407	0.8230	0.8265	5.0000	17.2715	680.5962	95.0000	4.1509	25.0000	0.9300	0.0000	0.6633	-0.0075	675.0000	679.5141	1.0285	1.1172	99.9486	39.1226	0.8230	0.8193	5.0000	-9999.0000	-9999.0000	-9999.0000	-9999.0000	-9999.0000	-9999.0000	18.4827	1	0	24.9033	1.0000	99	9	-9999.0000	9529	38825	-9999	2066	1956	-9999	430.3438	5	0.6296	0.6633	-0.0075	83.6740	0.2932	680.3415	328.1306	33.3333	605.7187	94.7685	663.2593	94.8380	678.7625	95.0000	0.0000	0.0000	
15/08/2017	01:57:35	019001	H340052716HLR	L340	S		590.3748	1.0311	0.0000	100.0655	39.6412	0.8230	0.8264	5.0000	17.3420	675.1954	94.9769	4.6207	25.0000	0.9300	0.9378	0.6697	-0.0090	675.0000	677.6459	1.0285	1.4908	99.9365	39.1222	0.8230	0.8193	5.0000	-9999.0000	-9999.0000	-9999.0000	-9999.0000	-9999.0000	-9999.0000	18.5422	2	0	25.6136	1.0000	99	9	-9999.0000	9530	38826	-9999	2067	1957	-9999	424.2726	5	0.6301	0.6697	-0.0090	77.9826	1.7588	668.2318	318.4469	34.0278	594.1320	94.8380	649.6120	94.9074	666.4394	95.0926	680.3979	50.0463	
15/08/2017	01:58:00	019001	H340052987HLR	L340	S		593.0554	1.0311	0.0000	99.9548	39.6221	0.8230	0.8265	5.0000	17.1016	682.8413	94.9537	4.1509	25.0000	0.9300	0.0000	0.6713	-0.0093	675.0000	681.1532	1.0285	0.7894	100.0002	39.1243	0.8230	0.8193	5.0000	-9999.0000	-9999.0000	-9999.0000	-9999.0000	-9999.0000	-9999.0000	18.5626	3	0	24.9726	1.0000	99	9	-9999.0000	9531	38827	-9999	2068	1958	-9999	431.9833	5	0.6304	0.6713	-0.0093	74.6099	2.5719	682.5365	319.9405	32.4537	601.9882	94.9769	662.7154	94.8611	680.7716	94.9537	0.0000	0.0000	
15/08/2017	01:58:25	019001	H340052999HLR	L340	S		596.9367	1.0311	0.0000	100.0231	39.6455	0.8230	0.8264	5.0000	17.2920	682.7590	95.0000	4.1509	25.0000	0.9300	0.0000	0.6699	-0.0090	675.0000	681.6100	1.0285	0.6980	99.9373	39.1262	0.8230	0.8193	5.0000	-9999.0000	-9999.0000	-9999.0000	-9999.0000	-9999.0000	-9999.0000	18.5228	4	0	25.7932	1.0000	99	9	-9999.0000	9532	38828	-9999	2069	1959	-9999	431.8670	5	0.6302	0.6699	-0.0090	47.0459	9.1942	682.4789	302.8999	32.8704	599.6517	95.0926	662.6056	94.9074	680.7662	95.0000	601.2227	3.4259	
15/08/2017	01:58:50	019001	H340052980HLR	L340	S		594.3220	1.0311	0.0000	99.8961	39.6374	0.8230	0.8265	5.0000	17.2618	680.5782	95.0231	4.1509	25.0000	0.9300	0.0000	0.6726	-0.0096	675.0000	680.6199	1.0285	0.8960	99.9679	39.1262	0.8230	0.8193	5.0000	-9999.0000	-9999.0000	-9999.0000	-9999.0000	-9999.0000	-9999.0000	18.4718	5	0	24.9826	1.0000	99	9	-9999.0000	9533	38829	-9999	2070	1960	-9999	430.7095	5	0.6303	0.6726	-0.0096	52.6626	7.9773	680.2375	311.9869	31.7130	595.3469	94.8843	659.5012	94.6528	678.2091	95.0000	0.0000	0.0000	
15/08/2017	01:59:16	019001	H340052975HLR	L340	S		590.0426	1.0311	0.0000	100.0545	39.6450	0.8230	0.8264	5.0000	17.4024	680.0618	94.9769	4.1509	25.0000	0.9300	0.0000	0.6777	-0.0109	675.0000	678.5784	1.0285	1.3043	99.9528	39.1380	0.8230	0.8193	5.0000	-9999.0000	-9999.0000	-9999.0000	-9999.0000	-9999.0000	-9999.0000	18.5022	6	0	25.5430	1.0000	99	9	-9999.0000	9534	38830	-9999	2071	1961	-9999	430.3190	5	0.6302	0.6777	-0.0109	49.1706	8.7941	679.7265	325.3978	32.5463	593.3095	94.7917	658.0941	94.7454	677.7142	94.9537	0.0000	0.0000	
15/08/2017	01:59:41	019001	H340052967HLR	L340	S		596.6157	1.0311	0.0000	100.0097	39.6456	0.8230	0.8264	5.0000	17.2724	677.7744	94.9306	4.1509	25.0000	0.9300	0.0000	0.6870	-0.0130	675.0000	681.8162	1.0285	0.6568	100.0550	39.1281	0.8230	0.8193	5.0000	-9999.0000	-9999.0000	-9999.0000	-9999.0000	-9999.0000	-9999.0000	18.4925	7	0	24.9534	1.0000	99	9	-9999.0000	9535	38830	-9999	2072	1962	-9999	429.0578	5	0.6308	0.6870	-0.0130	37.0320	11.7838	677.4022	312.0335	31.6667	595.8115	95.0231	654.5489	94.8380	675.1406	94.9537	0.0000	0.0000	
15/08/2017	02:00:07	019001	H340052679HLR	L340	S		590.2810	1.0311	0.0000	99.9698	39.6397	0.8230	0.8265	5.0000	17.1221	675.2657	95.0463	4.4204	25.0000	0.9300	0.9380	0.6887	-0.0134	675.0000	675.8764	1.0285	1.8447	99.9645	39.1384	0.8230	0.8193	5.0000	-9999.0000	-9999.0000	-9999.0000	-9999.0000	-9999.0000	-9999.0000	18.5715	8	0	25.5928	1.0000	99	9	-9999.0000	9536	38831	-9999	2073	1963	-9999	425.1753	5	0.6309	0.6887	-0.0134	37.2027	11.7447	670.0969	315.2250	32.0370	584.1206	95.1389	645.4669	94.9074	667.7368	95.0926	675.4479	25.5556	
15/08/2017	02:00:31	019001	H340054866HLR	L340	S		575.3530	1.0311	0.0000	100.0324	39.6304	0.8230	0.8265	5.0000	17.3526	675.2017	94.9074	5.7810	25.0000	0.9300	0.9380	0.6891	-0.0135	675.0000	669.1042	1.0285	3.1992	99.9869	39.1415	0.8230	0.8193	5.0000	-9999.0000	-9999.0000	-9999.0000	-9999.0000	-9999.0000	-9999.0000	18.5120	1	0	24.9228	1.0000	99	9	-9999.0000	9537	38832	-9999	2074	1964	-9999	412.8886	5	0.6311	0.6891	-0.0135	37.3130	11.7145	645.6594	315.2380	33.3796	563.1327	94.9306	622.9581	94.9537	643.4060	95.2083	661.3614	94.8611	
15/08/2017	02:00:57	019001	H340054886HLR	L340	S		576.4605	1.0311	0.0000	99.9692	39.6412	0.8230	0.8265	5.0000	17.2520	675.1853	94.8611	5.2301	25.0000	0.9300	0.9379	0.6914	-0.0139	675.0000	669.6883	1.0285	3.0823	99.9567	39.1456	0.8230	0.8193	5.0000	-9999.0000	-9999.0000	-9999.0000	-9999.0000	-9999.0000	-9999.0000	18.4924	2	0	25.5733	1.0000	99	9	-9999.0000	9538	38833	-9999	2075	1965	-9999	417.6934	5	0.6313	0.6914	-0.0139	28.9909	13.9201	654.4213	314.2756	33.9815	570.4621	94.7917	629.2474	94.8148	652.0581	95.0926	671.1580	94.8843	
15/08/2017	02:01:22	019001	H340054891HLR	L340	S		581.8907	1.0311	0.0000	99.9861	39.6477	0.8230	0.8265	5.0000	17.1515	675.1738	94.8611	6.0300	25.0000	0.9300	0.9380	0.6624	-0.0070	675.0000	674.5109	1.0285	2.1178	99.8817	39.1447	0.8230	0.8193	5.0000	-9999.0000	-9999.0000	-9999.0000	-9999.0000	-9999.0000	-9999.0000	18.4720	3	0	25.0128	1.0000	99	9	-9999.0000	9539	38834	-9999	2076	1966	-9999	419.0105	5	0.6318	0.6624	-0.0070	-7120.6168	1736.3569	654.1098	326.9744	34.3287	585.4311	95.0463	637.8244	95.0926	652.5859	95.1852	664.3949	94.8148	
15/08/2017	02:01:48	019001	H340054883HLR	L340	S		572.6381	1.0311	0.0000	100.0050	39.6451	0.8230	0.8266	5.0000	17.0421	675.4863	94.9306	5.8806	25.0000	0.9300	0.9379	0.6993	-0.0159	675.0000	673.3456	1.0285	2.3509	99.9358	39.1517	0.8230	0.8193	5.0000	-9999.0000	-9999.0000	-9999.0000	-9999.0000	-9999.0000	-9999.0000	18.4923	4	0	25.5431	1.0000	99	9	-9999.0000	9540	38835	-9999	2077	1967	-9999	409.5625	5	0.6313	0.6993	-0.0159	83.8863	0.6070	637.5544	303.9242	33.1944	549.6383	95.0231	610.5457	94.9769	634.8278	95.2315	656.9086	94.9074	
15/08/2017	02:02:12	019001	H340054912HLR	L340	S		589.9983	1.0311	0.0000	100.0496	39.6513	0.8230	0.8264	5.0000	17.1018	675.2449	94.9769	4.9703	25.0000	0.9300	0.9378	0.6727	-0.0096	675.0000	675.6678	1.0285	1.8864	99.9220	39.1508	0.8230	0.8193	5.0000	-9999.0000	-9999.0000	-9999.0000	-9999.0000	-9999.0000	-9999.0000	18.4417	5	0	24.9435	1.0000	99	9	-9999.0000	9541	38836	-9999	2078	1968	-9999	422.1792	5	0.6298	0.6727	-0.0096	68.9029	4.1850	662.6008	314.9324	33.4028	585.0294	94.6991	643.8230	94.5833	660.8147	94.9537	675.8799	94.9769	
15/08/2017	02:02:38	019001	H340054909HLR	L340	S		592.6247	1.0311	0.0000	100.0832	39.6500	0.8230	0.8263	5.0000	17.2617	675.2595	94.9074	4.4703	25.0000	0.9300	0.9379	0.6725	-0.0096	675.0000	675.6579	1.0285	1.8884	99.9707	39.1493	0.8230	0.8193	5.0000	-9999.0000	-9999.0000	-9999.0000	-9999.0000	-9999.0000	-9999.0000	18.4015	6	0	25.6232	1.0000	99	9	-9999.0000	9542	38837	-9999	2079	1969	-9999	425.3214	5	0.6293	0.6725	-0.0096	66.4626	4.7803	670.2522	332.7671	35.1852	592.8644	94.4444	650.3646	94.5602	668.3425	94.8148	678.6814	31.2500	
15/08/2017	02:03:03	019001	H340054878HLR	L340	S		592.3762	1.0311	0.0000	100.0565	39.6414	0.8230	0.8264	5.0000	17.3116	675.1573	94.9306	4.3111	24.9000	0.9300	0.9377	0.6641	-0.0077	675.0000	676.0581	1.0285	1.8084	99.9924	39.1465	0.8230	0.8193	5.0000	-9999.0000	-9999.0000	-9999.0000	-9999.0000	-9999.0000	-9999.0000	18.5021	7	0	24.9728	1.0000	99	9	-9999.0000	9543	38838	-9999	2080	1970	-9999	426.0998	5	0.6280	0.6641	-0.0077	69.3486	4.0790	672.8709	325.0128	33.3102	594.7656	94.8611	653.5078	94.8148	671.1751	94.8843	651.3484	20.4630	
15/08/2017	02:03:29	019001	H340054877HLR	L340	S		588.8172	1.0311	0.0000	99.9519	39.6515	0.8230	0.8263	5.0000	17.5021	675.2698	95.0231	4.8404	25.0000	0.9300	0.9378	0.6721	-0.0095	675.0000	674.3407	1.0285	2.1519	99.9460	39.1496	0.8230	0.8193	5.0000	-9999.0000	-9999.0000	-9999.0000	-9999.0000	-9999.0000	-9999.0000	18.5218	8	0	25.5237	1.0000	99	9	-9999.0000	9544	38839	-9999	2081	1971	-9999	423.0888	5	0.6261	0.6721	-0.0095	65.5312	5.0139	664.7374	323.9116	34.3056	587.7511	94.5833	644.3457	94.7222	662.9209	94.9769	677.6331	91.5046	
15/08/2017	02:03:54	019001	H340054880HLR	L340	S		587.3247	1.0311	0.0000	99.9905	39.6598	0.8230	0.8262	5.0000	17.7414	675.2241	94.8843	5.2897	25.0000	0.9300	0.9379	0.6709	-0.0092	675.0000	676.4452	1.0285	1.7310	100.0137	39.1462	0.8230	0.8193	5.0000	-9999.0000	-9999.0000	-9999.0000	-9999.0000	-9999.0000	-9999.0000	18.4728	1	0	25.0323	1.0000	99	9	-9999.0000	9545	38840	-9999	2082	1971	-9999	420.1339	5	0.6252	0.6709	-0.0092	65.1295	4.9319	660.0510	312.5481	31.4352	585.3589	94.9074	641.0817	94.8843	658.3936	95.0694	671.4939	94.9537	
15/08/2017	02:04:19	019001	H340054898HLR	L340	S		581.5789	1.0311	0.0000	99.9873	39.6470	0.8230	0.8265	5.0000	17.2813	675.2083	94.9306	5.5407	25.0000	0.9300	0.9379	0.6696	-0.0090	675.0000	672.0469	1.0285	2.6106	99.9863	39.1499	0.8230	0.8193	5.0000	-9999.0000	-9999.0000	-9999.0000	-9999.0000	-9999.0000	-9999.0000	18.5328	2	0	25.5127	1.0000	99	9	-9999.0000	9546	38841	-9999	2083	1972	-9999	418.5922	5	0.6249	0.6696	-0.0090	61.5366	5.6342	655.9816	332.4196	33.7037	583.5220	94.7917	636.2022	94.6991	654.0932	95.0463	668.3066	94.9074	
15/08/2017	02:04:44	019001	H340054899HLR	L340	S		588.5760	1.0311	0.0000	99.9839	39.6678	0.8230	0.8261	5.0000	17.7423	675.1575	94.9074	4.8600	25.0000	0.9300	0.9379	0.6678	-0.0087	675.0000	675.5232	1.0285	1.9154	99.9969	39.1510	0.8230	0.8193	5.0000	-9999.0000	-9999.0000	-9999.0000	-9999.0000	-9999.0000	-9999.0000	18.4923	3	0	24.9737	1.0000	99	9	-9999.0000	9547	38842	-9999	2084	1972	-9999	422.5911	5	0.6247	0.6678	-0.0087	58.4402	6.1831	665.0556	321.2161	34.7454	591.8184	94.8148	647.2825	94.8843	663.3672	95.1157	676.9895	91.8056	
15/08/2017	02:05:10	019001	H340054895HLR	L340	S		583.3935	1.0311	0.0000	99.9634	39.6452	0.8230	0.8265	5.0000	17.1818	675.1266	94.8611	5.4509	25.0000	0.9300	0.9379	0.6556	-0.0060	675.0000	673.1154	1.0285	2.3969	100.0458	39.1551	0.8230	0.8193	5.0000	-9999.0000	-9999.0000	-9999.0000	-9999.0000	-9999.0000	-9999.0000	18.5116	4	0	25.5530	1.0000	99	9	-9999.0000	9548	38843	-9999	2085	1973	-9999	420.5177	5	0.6241	0.6556	-0.0060	53.8021	6.9521	660.4677	324.5198	31.8981	587.4705	94.8611	643.2172	94.6065	658.7890	95.0000	670.9260	94.8611	
15/08/2017	02:06:00	019001	H340054917HLR	L340	S		588.1721	1.0311	0.0000	100.0490	39.6588	0.8230	0.8264	5.0000	17.2424	675.1875	94.9306	4.8814	25.0000	0.9300	0.9380	0.6598	-0.0069	675.0000	674.9058	1.0285	2.0388	99.9277	39.0331	0.8230	0.8187	5.0000	-9999.0000	-9999.0000	-9999.0000	-9999.0000	-9999.0000	-9999.0000	18.5130	6	0	25.5528	1.0000	99	9	-9999.0000	9550	38844	-9999	2087	1974	-9999	422.9094	5	0.6227	0.6598	-0.0069	54.8674	6.4780	665.2818	328.8395	32.3380	592.4349	94.5602	648.9905	94.5370	663.9648	94.7222	676.8053	92.9167	
15/08/2017	02:06:25	019001	H340054936HLR	L340	S		587.7444	1.0311	0.0000	100.0743	39.6522	0.8230	0.8265	5.0000	17.0918	675.1355	95.0694	4.8014	25.0000	0.9300	0.9380	0.6544	-0.0058	675.0000	674.4768	1.0285	2.1246	99.9125	39.0418	0.8230	0.8195	5.0000	-9999.0000	-9999.0000	-9999.0000	-9999.0000	-9999.0000	-9999.0000	18.4622	7	0	24.9630	1.0000	99	9	-9999.0000	9551	38845	-9999	2088	1975	-9999	423.2438	5	0.6235	0.6544	-0.0058	57.6610	5.8744	667.2978	343.4081	34.0741	597.2707	94.5602	651.9130	94.6065	665.8788	94.8843	677.5916	86.4583	
15/08/2017	02:06:51	019001	H340054939HLR	L340	S		585.2871	1.0311	0.0000	100.0318	39.6583	0.8230	0.8264	5.0000	17.3115	675.1214	94.9306	4.6099	24.9000	0.9300	0.9379	0.6527	-0.0054	675.0000	673.7689	1.0285	2.2662	100.0234	39.1581	0.8230	0.8197	5.0000	-9999.0000	-9999.0000	-9999.0000	-9999.0000	-9999.0000	-9999.0000	18.4329	8	0	25.6330	1.0000	99	9	-9999.0000	9552	38846	-9999	2089	1976	-9999	424.0662	5	0.6236	0.6527	-0.0054	57.8083	5.8241	669.8813	325.7265	31.4815	593.6400	94.5833	653.5535	94.6296	668.3635	94.9537	679.0904	46.4352	
15/08/2017	02:07:16	019001	H340054932HLR	L340	S		592.1982	1.0311	0.0000	99.9610	39.6860	0.8230	0.8257	5.0000	18.4621	675.1439	94.9537	4.4312	24.9000	0.9300	0.9378	0.6527	-0.0054	675.0000	674.9244	1.0285	2.0351	99.9897	39.1875	0.8230	0.8194	5.0000	-9999.0000	-9999.0000	-9999.0000	-9999.0000	-9999.0000	-9999.0000	18.4924	1	0	24.9728	1.0000	99	9	-9999.0000	9553	38847	-9999	2090	1977	-9999	424.7299	5	0.6236	0.6527	-0.0054	57.8083	5.8241	672.0525	330.4544	33.1019	595.4726	94.6759	655.6279	94.6065	670.8092	94.9306	673.0885	28.4259	
15/08/2017	02:07:41	019001	H340054933HLR	L340	S		590.4205	1.0311	0.0000	100.0006	39.6457	0.8230	0.8264	5.0000	17.3322	675.1722	94.8611	4.6412	25.0000	0.9300	0.9379	0.6568	-0.0062	675.0000	675.2688	1.0285	1.9662	99.9446	39.1563	0.8230	0.8192	5.0000	-9999.0000	-9999.0000	-9999.0000	-9999.0000	-9999.0000	-9999.0000	18.4223	2	0	25.5832	1.0000	99	9	-9999.0000	9554	38848	-9999	2091	1978	-9999	424.0527	5	0.6242	0.6568	-0.0062	56.7513	6.0572	669.2667	326.2355	33.0324	593.0322	94.7685	652.5774	94.6759	667.6238	94.9537	679.3234	53.6343	
15/08/2017	02:08:06	019001	H340055039HLR	L340	S		588.8936	1.0311	0.0000	100.0519	39.6552	0.8230	0.8264	5.0000	17.2227	675.1808	95.0000	4.7701	25.0000	0.9300	0.9379	0.6556	-0.0059	675.0000	674.2173	1.0285	2.1765	99.9543	39.1285	0.8230	0.8192	5.0000	-9999.0000	-9999.0000	-9999.0000	-9999.0000	-9999.0000	-9999.0000	18.4718	3	0	24.9231	1.0000	99	9	-9999.0000	9555	38849	-9999	2091	1979	-9999	423.7751	5	0.6261	0.6556	-0.0059	57.5230	5.9255	668.0017	332.0324	32.9861	597.2678	94.7917	651.3115	94.7685	666.5493	94.9769	677.6695	80.7639	
15/08/2017	02:08:32	019001	H340054921HLR	L340	S		585.2482	1.0311	0.0000	99.9630	39.6592	0.8230	0.8265	5.0000	17.1525	675.2092	94.8611	5.8913	25.0000	0.9300	0.9380	0.6566	-0.0061	675.0000	676.0328	1.0285	1.8134	99.9769	39.1364	0.8230	0.8193	5.0000	-9999.0000	-9999.0000	-9999.0000	-9999.0000	-9999.0000	-9999.0000	18.3918	4	0	25.5832	1.0000	99	9	-9999.0000	9556	38850	-9999	2092	1980	-9999	419.3354	5	0.6265	0.6566	-0.0061	60.5552	5.3870	655.8917	322.2855	33.7500	584.3023	94.7685	640.2665	94.7917	654.4034	95.0463	665.9498	94.8843	
15/08/2017	02:08:57	019001	H340054920HLR	L340	S		589.8522	1.0311	0.0000	99.9859	39.6639	0.8230	0.8263	5.0000	17.3323	675.1837	94.9769	4.6998	25.0000	0.9300	0.9380	0.6546	-0.0056	675.0000	674.5382	1.0285	2.1124	99.9398	39.1413	0.8230	0.8193	5.0000	-9999.0000	-9999.0000	-9999.0000	-9999.0000	-9999.0000	-9999.0000	18.4817	5	0	24.9433	1.0000	99	9	-9999.0000	9557	38851	-9999	2092	1981	-9999	424.1439	5	0.6265	0.6546	-0.0056	60.5558	5.3869	669.1918	327.7671	33.2176	596.8338	95.0231	652.9422	94.8611	667.8606	95.1389	678.4032	67.5463	
15/08/2017	02:09:22	019001	H340055028HLR	L340	S		593.2902	1.0311	0.0000	100.0041	39.6739	0.8230	0.8260	5.0000	17.7922	675.2304	95.0694	4.2808	24.9000	0.9300	0.9378	0.6536	-0.0055	675.0000	674.4180	1.0285	2.1364	99.9320	39.1460	0.8230	0.8193	5.0000	-9999.0000	-9999.0000	-9999.0000	-9999.0000	-9999.0000	-9999.0000	18.4925	6	0	25.5128	1.0000	99	9	-9999.0000	9558	38852	-9999	2093	1982	-9999	425.6527	5	0.6263	0.6536	-0.0055	54.9595	6.4422	673.4020	330.8992	32.2454	604.4498	94.5139	657.3860	94.8380	671.9420	95.0463	644.3500	17.7315	
15/08/2017	02:09:47	019001	H340055031HLR	L340	S		588.8776	1.0311	0.0000	100.0780	39.6460	0.8230	0.8263	5.0000	17.3721	675.1302	94.9074	4.9498	25.0000	0.9300	0.9380	0.6558	-0.0059	675.0000	674.5013	1.0285	2.1197	99.9807	39.1472	0.8230	0.8193	5.0000	-9999.0000	-9999.0000	-9999.0000	-9999.0000	-9999.0000	-9999.0000	18.4622	7	0	24.9435	1.0000	99	9	-9999.0000	9559	38853	-9999	2094	1983	-9999	423.0287	5	0.6264	0.6558	-0.0059	55.1326	6.4133	665.9659	334.7107	34.0278	596.2501	94.7222	650.9090	94.8148	664.5740	95.0231	675.7734	94.9074	
15/08/2017	02:11:50	019001	H340055025HLR	L340	S		587.8660	1.0311	0.0000	100.0166	39.6567	0.8230	0.8264	5.0000	17.3215	675.1986	94.9306	4.7105	25.0000	0.9300	0.9380	0.6570	-0.0062	675.0000	674.9757	1.0285	2.0249	99.9635	39.1546	0.8230	0.8193	5.0000	-9999.0000	-9999.0000	-9999.0000	-9999.0000	-9999.0000	-9999.0000	18.5228	8	0	77.6989	1.0000	99	9	-9999.0000	9560	38854	-9999	2095	1984	-9999	424.1049	5	0.6263	0.6570	-0.0062	59.0440	5.6004	668.4807	313.4481	32.7778	594.6115	95.0463	652.4001	94.9306	666.9705	95.1157	678.5173	68.1250	
15/08/2017	02:12:11	019001	H340055024HLR	L340	S		581.3971	1.0311	0.0000	100.0348	39.6605	0.8230	0.8262	5.0000	17.6515	675.1250	95.0000	4.7701	25.0000	0.9300	0.9381	0.6567	-0.0061	675.0000	674.7401	1.0285	2.0720	99.9114	39.1544	0.8230	0.8193	5.0000	-9999.0000	-9999.0000	-9999.0000	-9999.0000	-9999.0000	-9999.0000	18.3625	1	0	65.9984	1.0000	99	9	-9999.0000	9561	38855	-9999	2096	1985	-9999	423.8624	5	0.6269	0.6567	-0.0061	60.8268	5.2196	667.4687	318.7212	31.3194	593.1359	94.9537	651.7544	94.8148	665.9113	95.0694	677.8319	75.0000	
