Data	Timp	Nr. masina	Nr. de serie	Tip	Productie	Comentariu	Pre-masurare Q [ml/min]	Pre-masurare Gain	Pre-masurare Offset Master	Pre-masurare P [bar]	Pre-masurare T [°C]	Pre-masurare Densitate fixa [kg/l]	Pre-masurare densitate masurata [kg/l]	Pre-masurare Timp masurare [s]	Pre-masurare Cycle time [s]	rectificare Q Oprire [ml/min]	rectificare P Oprire [bar]	rectificare Timp rectificare [s]	rectificare T [°C]	rectificare Densitate fixa [kg/l]	rectificare densitate masurata [kg/l]	rectificare Factor de masurare la rectificare	rectificare Factor de corectie a debitului	rectificare Target rectificare	Masurare Q [ml/min]	Masurare Gain	Masurare Offset Master	Masurare P [bar]	Masurare T [°C]	Masurare Densitate fixa [kg/l]	Masurare densitate masurata [kg/l]	Masurare Timp masurare [s]	Masurare Q [ml/min]	Masurare Delta Q [ml/min]	Masurare P [bar]	Masurare BP [bar]	Masurare T [°C]	Masurare Timp masurare [s]	Masurare Cycle time [s]	Nest Nr.	Cod de descarcare	Cycle time [s]	Traceability aktiv	EDM Maschine Nr	EDM Spindle Nr	Honing Rate [r	Station Counter Premeasure	Station Counter Grind	Station Counter Blowout 1	Station Counter Wash	Station Counter Measure	Station Counter Blowout 2	RealGrindQStop	Reg Type	Factor 0	Factor 1	Factor 2	Factor 3	Factor 4	G_StartQV	G_StartQV_1	G_StartQV_2	G_StartQV_3	G_StartQV_4	G_StartQV_5	
21/08/2017	00:00:13	019001	G523084479HLR	L523	S		445.1571	1.0311	2.9076	100.0500	39.5148	0.8230	0.8258	5.0000	17.6211	508.0609	94.9537	11.1410	24.4000	0.9300	0.9333	0.6077	-0.0010	508.0000	508.3208	1.0285	10.2644	100.0238	39.1000	0.8230	0.8197	5.0000	-9999.0000	-9999.0000	-9999.0000	-9999.0000	-9999.0000	-9999.0000	17.7921	5	0	24.7930	1.0000	12	3	-9999.0000	21904	50681	-9999	2649	2622	-9999	303.4281	5	0.5965	0.6077	-0.0010	45.3986	1.7032	480.0465	343.8321	37.2222	469.3731	95.7870	478.8485	94.8380	483.2099	95.1157	487.5155	95.0231	
21/08/2017	00:00:38	019001	G523084342HLR	L523	S		448.1739	1.0311	2.7575	100.1542	39.5286	0.8230	0.8259	5.0000	17.0420	508.0490	94.9537	9.4709	24.4000	0.9300	0.9332	0.6103	-0.0011	508.0000	507.7744	1.0285	10.2003	99.9769	39.1000	0.8230	0.8197	5.0000	-9999.0000	-9999.0000	-9999.0000	-9999.0000	-9999.0000	-9999.0000	17.9318	6	0	25.5822	1.0000	12	3	-9999.0000	21905	50682	-9999	2650	2623	-9999	304.5931	5	0.5966	0.6103	-0.0011	43.3844	1.8406	483.4432	313.7223	37.7778	471.8366	95.5787	483.6055	94.5833	488.2777	95.1852	492.5202	95.0000	
21/08/2017	00:01:03	019001	G523084486HLR	L523	S		444.5881	1.0311	2.9359	99.9079	39.5468	0.8230	0.8259	5.0000	17.1026	508.0624	94.9306	11.5014	24.4000	0.9300	0.9335	0.6116	-0.0013	508.0000	508.2127	1.0285	10.2517	99.9191	39.1000	0.8230	0.8198	5.0000	-9999.0000	-9999.0000	-9999.0000	-9999.0000	-9999.0000	-9999.0000	17.7315	7	0	24.9739	1.0000	12	3	-9999.0000	21906	50683	-9999	2651	2624	-9999	303.3235	5	0.5962	0.6116	-0.0013	42.4268	1.9471	475.2940	329.9147	38.7963	463.4930	95.6019	476.7470	94.7685	479.8569	95.1157	484.0290	95.0463	
21/08/2017	00:01:29	019001	G523084495HLR	L523	S		444.1007	1.0311	2.9602	100.0066	39.5461	0.8230	0.8257	5.0000	17.7823	508.0402	94.9537	10.7406	24.4000	0.9300	0.9332	0.6131	-0.0014	508.0000	509.0253	1.0285	10.3469	99.9679	39.1072	0.8230	0.8198	5.0000	-9999.0000	-9999.0000	-9999.0000	-9999.0000	-9999.0000	-9999.0000	17.7617	8	0	25.5224	1.0000	12	3	-9999.0000	21907	50684	-9999	2652	2625	-9999	303.8439	5	0.5964	0.6131	-0.0014	31.4625	2.8400	476.1057	292.5156	36.5278	464.2232	95.9259	476.5483	94.7917	480.9676	95.1157	485.9094	95.0231	
21/08/2017	00:01:54	019001	G523084485HLR	L523	S		447.1581	1.0311	2.8081	99.9836	39.5484	0.8230	0.8259	5.0000	17.2521	508.0412	94.9537	10.2415	24.4000	0.9300	0.9334	0.6152	-0.0016	508.0000	507.9555	1.0285	10.2216	99.9094	39.1030	0.8230	0.8198	5.0000	-9999.0000	-9999.0000	-9999.0000	-9999.0000	-9999.0000	-9999.0000	17.7520	1	0	24.9534	1.0000	12	3	-9999.0000	21908	50685	-9999	2653	2626	-9999	304.3562	5	0.5963	0.6152	-0.0016	31.5573	2.8337	479.8269	312.2213	35.5093	468.6287	95.5556	479.4186	94.7454	484.3855	95.1157	488.9726	95.0231	
21/08/2017	00:02:19	019001	G523084457HLR	L523	S		448.9512	1.0311	2.7188	99.9880	39.5202	0.8230	0.8258	5.0000	17.5518	508.0482	94.9306	9.5011	24.4000	0.9300	0.9332	0.6144	-0.0015	508.0000	507.6548	1.0285	10.1863	99.9702	39.1202	0.8230	0.8198	5.0000	-9999.0000	-9999.0000	-9999.0000	-9999.0000	-9999.0000	-9999.0000	17.8019	2	0	25.5928	1.0000	12	3	-9999.0000	21909	50686	-9999	2654	2627	-9999	304.8431	5	0.5966	0.6144	-0.0015	34.6205	2.5815	481.6027	318.8261	36.7824	469.9329	95.7870	482.4009	94.6296	487.1513	95.2083	491.3248	95.0000	
21/08/2017	00:02:44	019001	G523084466HLR	L523	S		443.3665	1.0311	2.9967	100.0896	39.5073	0.8230	0.8259	5.0000	17.2218	508.0508	94.9537	11.4213	24.4000	0.9300	0.9334	0.6139	-0.0015	508.0000	507.8669	1.0285	10.2112	99.9177	39.1084	0.8230	0.8197	5.0000	-9999.0000	-9999.0000	-9999.0000	-9999.0000	-9999.0000	-9999.0000	17.9318	3	0	24.9532	1.0000	12	3	-9999.0000	21910	50687	-9999	2655	2628	-9999	303.3971	5	0.5968	0.6139	-0.0015	34.7842	2.5528	473.7525	321.2886	38.4259	462.1780	95.6481	473.5642	94.7917	478.1651	95.1389	483.3952	95.0231	
21/08/2017	00:03:10	019001	G523084468HLR	L523	S		442.6840	1.0311	3.0306	100.0398	39.5484	0.8230	0.8259	5.0000	17.4921	508.0425	94.9074	12.2612	24.4000	0.9300	0.9335	0.6141	-0.0015	508.0000	508.0544	1.0285	10.2331	99.9244	39.1202	0.8230	0.8198	5.0000	-9999.0000	-9999.0000	-9999.0000	-9999.0000	-9999.0000	-9999.0000	17.8917	4	0	25.6028	1.0000	12	3	-9999.0000	21911	50688	-9999	2656	2629	-9999	302.5982	5	0.5968	0.6141	-0.0015	35.6647	2.4866	474.2046	322.3447	36.2037	464.0956	95.9722	471.1681	94.8380	475.5524	95.0926	480.2197	95.0000	
21/08/2017	00:03:35	019001	G523084475HLR	L523	S		442.2249	1.0311	3.0535	99.9481	39.5500	0.8230	0.8258	5.0000	17.5421	508.0707	94.9537	11.1010	24.4000	0.9300	0.9333	0.6147	-0.0016	508.0000	508.0384	1.0285	10.2313	100.0526	39.1211	0.8230	0.8198	5.0000	-9999.0000	-9999.0000	-9999.0000	-9999.0000	-9999.0000	-9999.0000	17.7824	5	0	24.9337	1.0000	12	3	-9999.0000	21912	50689	-9999	2657	2630	-9999	303.5685	5	0.5971	0.6147	-0.0016	35.8120	2.4622	476.6729	325.7482	37.6389	466.4514	95.7176	475.3982	94.5370	479.7074	95.1852	483.6985	94.9769	
21/08/2017	00:04:00	019001	G523084476HLR	L523	S		443.8565	1.0311	2.9723	100.0255	39.5500	0.8230	0.8259	5.0000	17.3214	508.0449	94.9306	11.1215	24.4000	0.9300	0.9333	0.6151	-0.0016	508.0000	508.5855	1.0285	10.2954	99.8587	39.1311	0.8230	0.8197	5.0000	-9999.0000	-9999.0000	-9999.0000	-9999.0000	-9999.0000	-9999.0000	17.9318	6	0	25.6125	1.0000	12	3	-9999.0000	21913	50690	-9999	2658	2631	-9999	303.6016	5	0.5976	0.6151	-0.0016	35.1313	2.5030	476.8250	328.1570	38.4491	466.9365	95.6019	475.4062	94.8380	479.6228	95.0694	484.4410	95.0463	
21/08/2017	00:04:25	019001	G523084456HLR	L523	S		443.1135	1.0311	3.0093	100.0475	39.5500	0.8230	0.8258	5.0000	17.7220	508.0456	94.8843	11.8012	24.4000	0.9300	0.9332	0.6152	-0.0016	508.0000	508.1271	1.0285	10.2417	100.0991	39.1247	0.8230	0.8198	5.0000	-9999.0000	-9999.0000	-9999.0000	-9999.0000	-9999.0000	-9999.0000	17.7423	7	0	24.9738	1.0000	12	3	-9999.0000	21914	50691	-9999	2659	2632	-9999	303.0604	5	0.5978	0.6152	-0.0016	35.7720	2.4576	472.3017	316.4762	36.4120	461.3680	95.8565	471.9181	94.8611	476.9993	95.0926	481.4107	95.0231	
21/08/2017	00:04:51	019001	G523084304HLR	L523	S		447.1129	1.0311	2.8103	100.1970	39.5353	0.8230	0.8259	5.0000	17.4122	508.0534	94.9537	10.5208	24.4000	0.9300	0.9333	0.6163	-0.0017	508.0000	508.5107	1.0285	10.2866	100.0040	39.1325	0.8230	0.8198	5.0000	-9999.0000	-9999.0000	-9999.0000	-9999.0000	-9999.0000	-9999.0000	17.9017	8	0	25.6527	1.0000	12	3	-9999.0000	21915	50692	-9999	2660	2633	-9999	304.0955	5	0.5977	0.6163	-0.0017	35.1002	2.5235	477.9768	311.6831	35.4630	466.2694	95.9259	477.0416	94.7222	481.7255	95.1620	486.7369	95.0000	
21/08/2017	00:05:16	019001	G523084455HLR	L523	S		443.7343	1.0311	2.9784	99.9589	39.5427	0.8230	0.8256	5.0000	18.6028	508.0730	94.9306	10.8109	24.4000	0.9300	0.9332	0.6160	-0.0017	508.0000	508.3830	1.0285	10.2716	99.9808	39.1281	0.8230	0.8198	5.0000	-9999.0000	-9999.0000	-9999.0000	-9999.0000	-9999.0000	-9999.0000	17.6418	1	0	25.0126	1.0000	12	3	-9999.0000	21916	50693	-9999	2661	2634	-9999	303.8569	5	0.5980	0.6160	-0.0017	36.4036	2.3974	475.1082	323.1929	36.5741	463.6866	95.8102	474.9725	94.5602	479.8604	95.2315	484.7565	94.9537	
21/08/2017	00:05:41	019001	G523084293HLR	L523	S		443.9587	1.0311	2.9672	100.0238	39.5372	0.8230	0.8259	5.0000	17.1915	508.0424	94.9306	11.2514	24.4000	0.9300	0.9333	0.6158	-0.0017	508.0000	509.4599	1.0285	10.3978	100.0558	39.1333	0.8230	0.8197	5.0000	-9999.0000	-9999.0000	-9999.0000	-9999.0000	-9999.0000	-9999.0000	17.8430	2	0	25.5336	1.0000	12	3	-9999.0000	21917	50694	-9999	2662	2635	-9999	303.3998	5	0.5978	0.6158	-0.0017	36.2555	2.4669	474.2351	321.8304	37.7546	462.5785	95.6481	474.7135	94.7917	480.0601	95.1389	484.3139	95.0000	
21/08/2017	00:06:06	019001	G523084283HLR	L523	S		441.4119	1.0311	3.0939	100.0197	39.5500	0.8230	0.8258	5.0000	17.5120	508.0729	94.8843	12.1314	24.4000	0.9300	0.9334	0.6155	-0.0016	508.0000	508.2846	1.0285	10.2601	100.0756	39.1202	0.8230	0.8197	5.0000	-9999.0000	-9999.0000	-9999.0000	-9999.0000	-9999.0000	-9999.0000	17.9026	3	0	24.9228	1.0000	12	3	-9999.0000	21918	50695	-9999	2663	2636	-9999	302.7424	5	0.5977	0.6155	-0.0016	36.6295	2.4370	471.5831	322.5911	38.1019	461.0214	95.6250	469.8740	94.7685	476.7200	95.1852	480.4075	94.9769	
21/08/2017	00:06:32	019001	G523084282HLR	L523	S		446.3370	1.0311	2.8489	100.0440	39.5500	0.8230	0.8257	5.0000	17.8421	508.0593	94.9537	10.6712	24.3000	0.9300	0.9333	0.6160	-0.0017	508.0000	510.2137	1.0285	10.4861	100.0028	39.1309	0.8230	0.8198	5.0000	-9999.0000	-9999.0000	-9999.0000	-9999.0000	-9999.0000	-9999.0000	17.8517	4	0	25.6037	1.0000	12	3	-9999.0000	21919	50696	-9999	2664	2637	-9999	303.9438	5	0.5975	0.6160	-0.0017	35.2928	2.5328	478.6251	321.1632	38.4259	468.3105	95.3241	475.7060	94.6296	481.7638	95.2315	486.5335	94.9537	
21/08/2017	00:06:57	019001	G523084264HLR	L523	S		448.0419	1.0311	2.7641	99.9932	39.5500	0.8230	0.8257	5.0000	17.6321	508.0487	94.9537	10.4710	24.3000	0.9300	0.9334	0.6158	-0.0017	508.0000	507.8173	1.0285	10.2054	100.0195	39.1333	0.8230	0.8198	5.0000	-9999.0000	-9999.0000	-9999.0000	-9999.0000	-9999.0000	-9999.0000	17.7912	5	0	24.9329	1.0000	12	3	-9999.0000	21920	50697	-9999	2665	2638	-9999	304.0744	5	0.5976	0.6158	-0.0017	35.7017	2.5442	477.8666	325.7544	37.7778	467.0527	95.6019	476.9871	94.8148	482.0923	95.1389	487.0323	95.0000	
21/08/2017	00:07:24	019001	G523084273HLR	L523	S		443.4300	1.0311	2.9935	100.0660	39.5436	0.8230	0.8258	5.0000	17.6428	508.0833	94.8843	11.4408	24.3000	0.9300	0.9334	0.6165	-0.0017	508.0000	508.4429	1.0285	10.2787	99.9278	39.1333	0.8230	0.8197	5.0000	-9999.0000	-9999.0000	-9999.0000	-9999.0000	-9999.0000	-9999.0000	17.9523	6	0	27.2634	1.0000	12	3	-9999.0000	21921	50698	-9999	2666	2639	-9999	303.2944	5	0.5975	0.6165	-0.0017	33.8328	2.7078	472.1391	319.6643	38.4954	460.9640	95.6250	472.1992	94.7685	477.3461	95.1389	481.8991	95.0000	
21/08/2017	00:07:49	019001	G523084292HLR	L523	S		448.3917	1.0311	2.7467	100.0615	39.5436	0.8230	0.8258	5.0000	17.4318	508.0849	94.9537	10.2307	24.4000	0.9300	0.9333	0.6159	-0.0017	508.0000	507.9098	1.0285	10.2162	100.0295	39.1332	0.8230	0.8197	5.0000	-9999.0000	-9999.0000	-9999.0000	-9999.0000	-9999.0000	-9999.0000	17.9728	7	0	24.8825	1.0000	12	3	-9999.0000	21922	50699	-9999	2667	2640	-9999	304.3040	5	0.5971	0.6159	-0.0017	35.5202	2.5673	478.2183	315.6372	35.6713	466.5763	95.9491	477.6404	94.7917	482.9849	95.1389	487.7356	95.0231	
21/08/2017	00:08:15	019001	G523084284HLR	L523	S		447.2240	1.0311	2.8048	100.0180	39.5500	0.8230	0.8257	5.0000	17.9123	508.0423	94.9074	9.7219	24.4000	0.9300	0.9334	0.6132	-0.0014	508.0000	506.9483	1.0285	10.1036	100.0030	39.1333	0.8230	0.8197	5.0000	-9999.0000	-9999.0000	-9999.0000	-9999.0000	-9999.0000	-9999.0000	17.7923	8	0	25.6233	1.0000	12	3	-9999.0000	21923	50700	-9999	2668	2641	-9999	304.4964	5	0.5967	0.6132	-0.0014	50.8138	1.2486	481.0745	320.0623	35.7870	469.4489	96.0648	481.1426	94.8380	485.2565	95.0463	490.0418	95.0463	
21/08/2017	00:08:40	019001	G523084281HLR	L523	S		443.8151	1.0311	2.9744	100.1164	39.5500	0.8230	0.8258	5.0000	17.9816	508.0595	94.9537	10.7318	24.4000	0.9300	0.9333	0.6147	-0.0016	508.0000	508.1443	1.0285	10.2437	99.9577	39.1180	0.8230	0.8197	5.0000	-9999.0000	-9999.0000	-9999.0000	-9999.0000	-9999.0000	-9999.0000	17.9816	1	0	24.9530	1.0000	12	3	-9999.0000	21924	50701	-9999	2669	2642	-9999	303.8123	5	0.5968	0.6147	-0.0016	41.6226	2.0409	476.1775	319.8686	36.8287	463.9261	95.8333	476.0524	94.7917	480.0862	95.1389	484.7499	94.9769	
21/08/2017	00:09:05	019001	G523084300HLR	L523	S		448.9306	1.0311	2.7199	99.9848	39.5500	0.8230	0.8258	5.0000	17.7423	508.0861	94.9074	9.1818	24.4000	0.9300	0.9333	0.6155	-0.0016	508.0000	508.8765	1.0285	10.3295	100.0524	39.1315	0.8230	0.8198	5.0000	-9999.0000	-9999.0000	-9999.0000	-9999.0000	-9999.0000	-9999.0000	17.8615	2	0	25.6134	1.0000	12	3	-9999.0000	21925	50702	-9999	2670	2643	-9999	305.1129	5	0.5969	0.6155	-0.0016	32.7352	2.8394	482.2107	314.0375	36.0880	469.9796	95.8796	482.9870	94.8148	487.4818	95.0926	492.0294	94.9769	
21/08/2017	00:09:30	019001	G523084272HLR	L523	S		449.6390	1.0311	2.6846	99.9751	39.5500	0.8230	0.8259	5.0000	17.1622	508.0580	94.9074	9.7004	24.4000	0.9300	0.9334	0.6165	-0.0017	508.0000	508.7187	1.0285	10.3110	100.0125	39.1333	0.8230	0.8198	5.0000	-9999.0000	-9999.0000	-9999.0000	-9999.0000	-9999.0000	-9999.0000	17.8019	3	0	24.9132	1.0000	12	3	-9999.0000	21926	50703	-9999	2671	2644	-9999	304.6887	5	0.5971	0.6165	-0.0017	24.8876	3.5062	479.9465	322.8757	36.8981	467.8722	95.7870	480.3801	94.7454	484.8405	95.1620	489.2057	94.9537	
21/08/2017	00:09:56	019001	G523084280HLR	L523	S		450.0554	1.0311	2.6639	100.0629	39.5500	0.8230	0.8258	5.0000	17.1114	508.0702	94.9074	9.6809	24.4000	0.9300	0.9336	0.6193	-0.0020	508.0000	510.3302	1.0285	10.4998	100.0127	39.1333	0.8230	0.8198	5.0000	-9999.0000	-9999.0000	-9999.0000	-9999.0000	-9999.0000	-9999.0000	17.7824	4	0	25.5824	1.0000	12	3	-9999.0000	21927	50704	-9999	2672	2645	-9999	304.9155	5	0.5974	0.6193	-0.0020	27.2940	3.2847	479.7707	314.8698	36.9907	468.5276	95.8102	479.8189	94.8380	484.3651	95.0694	489.4261	95.0231	
21/08/2017	00:10:21	019001	G523084288HLR	L523	S		440.7127	1.0311	3.1287	100.0705	39.5280	0.8230	0.8258	5.0000	17.2921	508.0561	94.9306	11.8315	24.3000	0.9300	0.9333	0.6219	-0.0022	508.0000	507.5087	1.0285	10.1692	100.0153	39.1333	0.8230	0.8197	5.0000	-9999.0000	-9999.0000	-9999.0000	-9999.0000	-9999.0000	-9999.0000	17.9523	5	0	24.9930	1.0000	12	3	-9999.0000	21928	50705	-9999	2673	2646	-9999	302.5955	5	0.5976	0.6219	-0.0022	25.1596	3.5106	468.1420	322.5700	38.5417	457.9522	95.6944	467.4629	94.8148	472.0123	95.0694	477.8765	95.0231	
21/08/2017	00:10:46	019001	G523084287HLR	L523	S		446.1561	1.0311	2.8579	99.9466	39.5422	0.8230	0.8257	5.0000	17.8723	508.0472	94.9306	9.9817	24.3000	0.9300	0.9334	0.6172	-0.0018	508.0000	508.9023	1.0285	10.3325	99.9449	39.1333	0.8230	0.8198	5.0000	-9999.0000	-9999.0000	-9999.0000	-9999.0000	-9999.0000	-9999.0000	17.8419	6	0	25.6135	1.0000	12	3	-9999.0000	21929	50706	-9999	2674	2647	-9999	304.4468	5	0.5977	0.6172	-0.0018	32.3748	2.8750	478.1920	319.6175	37.7778	467.0305	95.6019	477.5895	94.8380	482.7091	95.1157	487.3976	95.0231	
21/08/2017	00:11:37	019001	G523084259HLR	L523	S		446.5594	1.0311	2.8378	100.1249	39.5648	0.8230	0.8260	5.0000	16.9717	508.0682	94.9306	9.9016	24.5000	0.9300	0.9334	0.6129	-0.0014	508.0000	507.6414	1.0285	10.1848	99.9572	39.0000	0.8230	0.8192	5.0000	-9999.0000	-9999.0000	-9999.0000	-9999.0000	-9999.0000	-9999.0000	17.9123	8	0	25.6233	1.0000	12	3	-9999.0000	21931	50707	-9999	2676	2648	-9999	304.2858	5	0.5980	0.6129	-0.0014	32.3153	2.8420	479.6277	318.3528	38.0093	467.7808	95.8102	481.3381	94.7685	485.2049	95.0463	489.8326	95.0000	
21/08/2017	00:12:02	019001	G523084268HLR	L523	S		451.8485	1.0311	2.5747	99.9935	39.5500	0.8230	0.8257	5.0000	17.6515	508.0560	94.9537	8.8214	24.4000	0.9300	0.9336	0.6124	-0.0014	508.0000	507.8160	1.0285	10.2052	99.9679	39.0168	0.8230	0.8199	5.0000	-9999.0000	-9999.0000	-9999.0000	-9999.0000	-9999.0000	-9999.0000	17.8918	1	0	24.9229	1.0000	12	3	-9999.0000	21932	50708	-9999	2677	2649	-9999	305.0237	5	0.5981	0.6124	-0.0014	30.3517	3.0408	485.0665	299.7963	36.5046	472.7550	95.9491	485.1480	94.8148	489.5814	95.0463	494.1978	95.0231	
21/08/2017	00:12:27	019001	G523084298HLR	L523	S		448.9727	1.0311	2.7178	99.9961	39.5500	0.8230	0.8258	5.0000	17.1816	508.0370	94.9306	9.6311	24.4000	0.9300	0.9333	0.6117	-0.0013	508.0000	508.4916	1.0285	10.2844	100.0772	39.1256	0.8230	0.8202	5.0000	-9999.0000	-9999.0000	-9999.0000	-9999.0000	-9999.0000	-9999.0000	17.8420	2	0	25.6633	1.0000	12	3	-9999.0000	21933	50709	-9999	2678	2650	-9999	304.4521	5	0.5983	0.6117	-0.0013	32.3670	2.8528	481.8121	316.3568	37.6620	469.6938	95.6713	482.7431	94.9074	486.8820	95.0694	491.3825	95.0231	
21/08/2017	00:12:52	019001	G523084503HLR	L523	S		448.1079	1.0311	2.7608	99.9926	39.5253	0.8230	0.8258	5.0000	17.3322	508.0450	94.9074	8.5118	24.4000	0.9300	0.9336	0.6117	-0.0013	508.0000	509.0426	1.0285	10.3489	100.0098	39.1667	0.8230	0.8200	5.0000	-9999.0000	-9999.0000	-9999.0000	-9999.0000	-9999.0000	-9999.0000	17.8517	3	0	24.8939	1.0000	06	4	-9999.0000	21934	50710	-9999	2679	2651	-9999	305.2036	5	0.5983	0.6117	-0.0013	32.3670	2.8528	484.9949	321.6224	37.8704	473.3043	95.6019	485.1460	94.7222	489.9131	95.1389	495.0367	95.0000	
21/08/2017	00:13:18	019001	G523084504HLR	L523	S		445.7342	1.0311	2.8789	100.0662	39.5390	0.8230	0.8258	5.0000	17.7022	508.0651	94.9769	10.6107	24.4000	0.9300	0.9336	0.6123	-0.0014	508.0000	509.1526	1.0285	10.3618	99.9275	39.1333	0.8230	0.8197	5.0000	-9999.0000	-9999.0000	-9999.0000	-9999.0000	-9999.0000	-9999.0000	17.9025	4	0	25.6328	1.0000	06	4	-9999.0000	21935	50711	-9999	2680	2652	-9999	303.8309	5	0.5984	0.6123	-0.0014	32.2493	2.8946	478.2921	332.1929	37.2685	466.8912	95.7639	478.7674	94.7917	482.7072	95.1620	487.3516	95.0000	
21/08/2017	00:13:43	019001	G523084501HLR	L523	S		448.1091	1.0311	2.7607	100.0752	39.5500	0.8230	0.8258	5.0000	17.6816	508.0665	94.9306	9.4015	24.4000	0.9300	0.9335	0.6123	-0.0013	508.0000	507.2295	1.0285	10.1365	99.8448	39.1170	0.8230	0.8197	5.0000	-9999.0000	-9999.0000	-9999.0000	-9999.0000	-9999.0000	-9999.0000	17.7325	5	0	24.9025	1.0000	06	4	-9999.0000	21936	50712	-9999	2681	2653	-9999	304.7149	5	0.5988	0.6123	-0.0013	27.8584	3.3168	482.2583	330.0322	37.1065	470.4660	95.7870	483.4708	94.8148	487.8093	95.0926	492.3427	95.0000	
21/08/2017	00:14:08	019001	G523084493HLR	L523	S		451.0068	1.0311	2.6166	100.0725	39.5500	0.8230	0.8259	5.0000	17.5022	508.0541	94.9306	8.0605	24.4000	0.9300	0.9336	0.6120	-0.0013	508.0000	509.8301	1.0285	10.4412	99.9577	39.1128	0.8230	0.8198	5.0000	-9999.0000	-9999.0000	-9999.0000	-9999.0000	-9999.0000	-9999.0000	17.9718	6	0	25.6838	1.0000	06	4	-9999.0000	21937	50713	-9999	2682	2654	-9999	305.5040	5	0.5988	0.6120	-0.0013	26.9398	3.4264	487.3271	314.8141	39.0046	475.6232	95.3935	487.4883	94.8380	492.0859	95.1157	496.6913	95.0000	
21/08/2017	00:14:33	019001	G523084260HLR	L523	S		442.3133	1.0311	3.0491	100.0437	39.5500	0.8230	0.8259	5.0000	17.3420	508.0493	94.9537	11.0414	24.4000	0.9300	0.9334	0.6099	-0.0011	508.0000	506.7277	1.0285	10.0777	99.9596	39.1189	0.8230	0.8198	5.0000	-9999.0000	-9999.0000	-9999.0000	-9999.0000	-9999.0000	-9999.0000	17.9122	7	0	24.8527	1.0000	12	3	-9999.0000	21938	50714	-9999	2683	2655	-9999	303.5028	5	0.5987	0.6099	-0.0011	30.8829	3.0549	477.5381	326.7559	38.6574	466.5032	95.5324	476.4610	94.7917	481.6260	95.0926	485.5513	95.0463	
21/08/2017	00:14:59	019001	G523084461HLR	L523	S		451.3701	1.0311	2.5985	100.0334	39.5500	0.8230	0.8257	5.0000	17.6622	508.0544	94.9306	7.8105	24.4000	0.9300	0.9333	0.6111	-0.0013	508.0000	508.8891	1.0285	10.3309	99.9474	39.1333	0.8230	0.8198	5.0000	-9999.0000	-9999.0000	-9999.0000	-9999.0000	-9999.0000	-9999.0000	17.7726	8	0	25.5429	1.0000	06	4	-9999.0000	21939	50715	-9999	2684	2656	-9999	305.4285	5	0.5986	0.6111	-0.0013	30.4492	3.0863	489.4315	319.8179	39.0741	478.3055	95.4398	488.4528	94.7685	493.3757	95.1157	498.5583	94.9769	
21/08/2017	00:15:56	019001	G523084499HLR	L523	S		449.2059	1.0311	2.7062	100.0989	39.5438	0.8230	0.8257	5.0000	17.7521	508.0594	94.9306	9.3615	24.4000	0.9300	0.9333	0.6119	-0.0013	508.0000	510.3022	1.0285	10.4965	99.9515	39.1333	0.8230	0.8198	5.0000	-9999.0000	-9999.0000	-9999.0000	-9999.0000	-9999.0000	-9999.0000	17.8028	1	0	55.9072	1.0000	06	4	-9999.0000	21940	50716	-9999	2685	2657	-9999	304.5092	5	0.5987	0.6119	-0.0013	25.7240	3.5308	483.0953	328.6834	39.7917	472.4115	95.2546	484.5626	94.6991	487.8863	95.2083	492.0131	94.9769	
21/08/2017	00:16:20	019001	G523084491HLR	L523	S		449.5877	1.0311	2.6872	99.9797	39.5500	0.8230	0.8259	5.0000	17.0421	508.0402	94.9074	9.0119	24.4000	0.9300	0.9332	0.6092	-0.0011	508.0000	509.9320	1.0285	10.4531	99.8966	39.1333	0.8230	0.8198	5.0000	-9999.0000	-9999.0000	-9999.0000	-9999.0000	-9999.0000	-9999.0000	17.8323	2	0	25.6925	1.0000	06	4	-9999.0000	21941	50717	-9999	2686	2658	-9999	304.5597	5	0.5987	0.6092	-0.0011	38.6241	2.3065	485.5853	323.6459	36.2037	473.5756	95.9954	485.7337	94.6528	490.1426	95.1620	494.9348	95.0000	
21/08/2017	00:16:45	019001	G523084480HLR	L523	S		450.6920	1.0311	2.6322	100.0382	39.5500	0.8230	0.8258	5.0000	17.5315	508.0448	94.9074	8.1807	24.4000	0.9300	0.9334	0.6078	-0.0009	508.0000	508.8618	1.0285	10.3277	99.9860	38.9792	0.8230	0.8193	5.0000	-9999.0000	-9999.0000	-9999.0000	-9999.0000	-9999.0000	-9999.0000	17.9426	3	0	24.9629	1.0000	06	4	-9999.0000	21942	50718	-9999	2687	2659	-9999	305.0309	5	0.5989	0.6078	-0.0009	38.6228	2.3194	488.9154	325.1237	35.4398	476.6122	95.5093	489.2885	94.7454	493.1720	95.1389	496.9987	95.0231	
21/08/2017	00:17:11	019001	G523084477HLR	L523	S		449.5794	1.0311	2.6876	100.0925	39.5500	0.8230	0.8258	5.0000	17.8419	508.0700	94.8843	8.7511	24.4000	0.9300	0.9333	0.6049	-0.0006	508.0000	508.4713	1.0285	10.2820	99.9646	39.0104	0.8230	0.8200	5.0000	-9999.0000	-9999.0000	-9999.0000	-9999.0000	-9999.0000	-9999.0000	17.8428	4	0	25.5529	1.0000	06	4	-9999.0000	21943	50719	-9999	2688	2659	-9999	304.7092	5	0.5993	0.6049	-0.0006	42.5657	1.9200	489.1464	321.0759	36.3657	477.0652	95.9028	488.1835	94.7685	492.2911	95.0926	496.7629	95.0463	
21/08/2017	00:17:36	019001	G523084487HLR	L523	S		450.2516	1.0311	2.6542	100.0748	39.5500	0.8230	0.8258	5.0000	17.4328	508.0421	94.9074	8.9210	24.4000	0.9300	0.9335	0.6048	-0.0006	508.0000	509.5110	1.0285	10.4038	100.0113	39.1273	0.8230	0.8202	5.0000	-9999.0000	-9999.0000	-9999.0000	-9999.0000	-9999.0000	-9999.0000	17.9319	5	0	24.9133	1.0000	06	4	-9999.0000	21944	50720	-9999	2689	2660	-9999	304.5608	5	0.5991	0.6048	-0.0006	43.3353	1.8361	489.0818	318.3041	37.3380	478.8217	95.7407	488.0250	94.6759	491.6971	95.1157	495.7240	95.0694	
21/08/2017	00:18:02	019001	G523084469HLR	L523	S		448.4584	1.0311	2.7434	99.9820	39.5500	0.8230	0.8257	5.0000	18.0129	508.0661	94.9074	9.4113	24.5000	0.9300	0.9334	0.6048	-0.0006	508.0000	508.8921	1.0285	10.3313	99.9046	39.1667	0.8230	0.8200	5.0000	-9999.0000	-9999.0000	-9999.0000	-9999.0000	-9999.0000	-9999.0000	17.7922	6	0	25.6329	1.0000	06	4	-9999.0000	21945	50721	-9999	2690	2660	-9999	304.2654	5	0.5989	0.6048	-0.0006	43.5947	1.8389	487.5127	328.0148	38.4722	476.5565	95.7639	485.8035	94.8148	489.8633	95.0231	493.9550	94.9769	
21/08/2017	00:18:26	019001	G523084467HLR	L523	S		450.0764	1.0311	2.6629	100.1249	39.5440	0.8230	0.8255	5.0000	17.1524	508.0646	94.9074	8.7813	24.4000	0.9300	0.9333	0.6042	-0.0006	508.0000	507.2417	1.0285	10.1379	99.9697	39.1354	0.8230	0.8198	5.0000	-9999.0000	-9999.0000	-9999.0000	-9999.0000	-9999.0000	-9999.0000	17.8822	7	0	24.9337	1.0000	06	4	-9999.0000	21946	50722	-9999	2691	2661	-9999	304.3805	5	0.5988	0.6042	-0.0006	42.5862	1.9484	490.7430	329.0702	36.3657	479.2635	96.0880	488.9457	94.7222	492.8400	95.1157	496.8119	95.0000	
21/08/2017	00:18:52	019001	G523084459HLR	L523	S		452.0137	1.0311	2.5665	100.1094	39.4000	0.8230	0.8257	5.0000	17.0323	508.0457	94.9306	8.1807	24.4000	0.9300	0.9331	0.6044	-0.0006	508.0000	507.5452	1.0285	10.1735	99.9257	39.1329	0.8230	0.8198	5.0000	-9999.0000	-9999.0000	-9999.0000	-9999.0000	-9999.0000	-9999.0000	17.8701	8	0	25.5225	1.0000	06	4	-9999.0000	21947	50723	-9999	2692	2662	-9999	304.5448	5	0.5988	0.6044	-0.0006	41.2360	2.0974	492.4716	324.6868	37.9861	481.5182	95.6944	490.9484	94.8148	494.4417	95.1157	497.9743	95.0000	
21/08/2017	00:19:17	019001	G523084465HLR	L523	S		440.9819	1.0311	3.1153	100.0059	39.4320	0.8230	0.8261	5.0000	17.5422	508.0452	94.8843	9.0714	24.4000	0.9300	0.9335	0.6038	-0.0006	508.0000	507.8654	1.0285	10.2110	100.0218	39.1251	0.8230	0.8198	5.0000	-9999.0000	-9999.0000	-9999.0000	-9999.0000	-9999.0000	-9999.0000	17.8028	1	0	24.9436	1.0000	06	4	-9999.0000	21948	50724	-9999	2693	2663	-9999	304.1744	5	0.5986	0.6038	-0.0006	41.0229	2.1100	488.4283	335.7456	38.1019	477.8674	95.6019	487.0243	94.8843	491.2681	95.1157	495.1142	95.0000	
21/08/2017	00:19:42	019001	G523084294HLR	L523	S		450.5188	1.0311	2.6409	100.0405	39.5708	0.8230	0.8261	5.0000	18.1915	508.0459	94.8843	8.9913	24.4000	0.9300	0.9333	0.6020	-0.0004	508.0000	508.8201	1.0285	10.3229	100.0032	39.1333	0.8230	0.8198	5.0000	-9999.0000	-9999.0000	-9999.0000	-9999.0000	-9999.0000	-9999.0000	17.8712	2	0	25.5431	1.0000	06	4	-9999.0000	21949	50725	-9999	2693	2664	-9999	304.2407	5	0.5988	0.6020	-0.0004	41.7824	2.0081	490.9495	330.1824	38.6806	479.6152	95.5787	488.7272	94.8148	492.6127	95.0926	496.6096	95.0000	
21/08/2017	00:20:07	019001	G523084299HLR	L523	S		441.7086	1.0311	3.0792	100.0508	39.6042	0.8230	0.8260	5.0000	17.5314	508.0628	94.9074	11.6313	24.4000	0.9300	0.9335	0.6136	-0.0017	508.0000	505.9794	1.0285	9.9901	100.0066	39.1333	0.8230	0.8198	5.0000	-9999.0000	-9999.0000	-9999.0000	-9999.0000	-9999.0000	-9999.0000	17.7823	3	0	24.8625	1.0000	06	4	-9999.0000	21950	50726	-9999	2694	2665	-9999	301.6157	5	0.5987	0.6136	-0.0017	41.2213	2.0816	472.5964	327.1870	36.0880	461.2280	96.0417	470.7527	94.7685	474.8813	95.0926	480.5550	95.0463	
21/08/2017	00:20:33	019001	G523084279HLR	L523	Q		440.5142	1.0311	3.1386	100.0448	39.6000	0.8230	0.8261	5.0000	17.0519	508.0409	94.8611	12.3218	24.4000	0.9300	0.9335	0.6158	-0.0020	508.0000	506.2882	1.0285	10.0262	100.1226	39.1333	0.8230	0.8198	5.0000	-9999.0000	-9999.0000	-9999.0000	-9999.0000	-9999.0000	-9999.0000	17.9523	4	0	25.5733	1.0000	06	4	-9999.0000	21950	50727	-9999	2694	2666	-9999	300.6200	5	0.5988	0.6158	-0.0020	37.5607	2.4370	469.2266	314.2147	35.8102	457.6576	96.0417	468.6383	94.6528	473.5349	95.2083	478.6069	94.9769	
21/08/2017	00:20:58	019001	G523084297HLR	L523	Q		439.6396	1.0311	3.1821	100.0360	39.5500	0.8230	0.8258	5.0000	17.1622	508.0672	94.9306	11.1615	24.3000	0.9300	0.9333	0.6147	-0.0018	508.0000	507.4673	1.0285	10.1644	99.9877	39.1333	0.8230	0.8198	5.0000	-9999.0000	-9999.0000	-9999.0000	-9999.0000	-9999.0000	-9999.0000	17.9015	5	0	24.9035	1.0000	06	4	-9999.0000	21951	50728	-9999	2695	2667	-9999	302.0165	5	0.5988	0.6147	-0.0018	38.9531	2.2962	474.2823	317.2303	35.9491	462.8153	95.8796	473.6902	94.8611	478.6182	95.0926	483.3931	95.0000	
21/08/2017	00:21:23	019001	G523084291HLR	L523	S		443.9537	1.0311	2.9675	100.0608	39.5000	0.8230	0.8258	5.0000	17.0118	508.0830	94.9306	10.9515	24.3000	0.9300	0.9334	0.6168	-0.0021	508.0000	505.7056	1.0285	9.9580	99.9932	39.1397	0.8230	0.8198	5.0000	-9999.0000	-9999.0000	-9999.0000	-9999.0000	-9999.0000	-9999.0000	17.8625	6	0	25.5723	1.0000	06	4	-9999.0000	21952	50729	-9999	2696	2668	-9999	301.9563	5	0.5986	0.6168	-0.0021	29.4529	3.3164	472.7675	314.6863	36.2269	461.5558	95.9259	472.5046	94.6528	477.0559	95.1389	482.4163	95.0000	
21/08/2017	00:21:48	019001	G523084270HLR	L523	S		448.6781	1.0311	2.7324	99.9516	39.5112	0.8230	0.8259	5.0000	17.3721	508.0534	94.9074	8.2207	24.4000	0.9300	0.9332	0.6082	-0.0011	508.0000	506.2237	1.0285	10.0187	99.8966	39.1333	0.8230	0.8198	5.0000	-9999.0000	-9999.0000	-9999.0000	-9999.0000	-9999.0000	-9999.0000	17.7624	7	0	24.9532	1.0000	06	4	-9999.0000	21953	50730	-9999	2697	2669	-9999	304.5736	5	0.5985	0.6082	-0.0011	39.6339	2.1471	489.7830	327.4496	37.8472	477.9206	95.4861	488.3199	94.6991	492.5584	95.1389	497.6012	95.0000	
21/08/2017	00:22:14	019001	G523084263HLR	L523	S		440.7647	1.0311	3.1261	100.1364	39.5500	0.8230	0.8260	5.0000	17.3722	508.0584	94.8843	11.9917	24.4000	0.9300	0.9335	0.6104	-0.0013	508.0000	506.7582	1.0285	10.0813	99.9079	39.1386	0.8230	0.8198	5.0000	-9999.0000	-9999.0000	-9999.0000	-9999.0000	-9999.0000	-9999.0000	17.8224	8	0	25.5627	1.0000	06	4	-9999.0000	21953	50731	-9999	2698	2670	-9999	302.2087	5	0.5982	0.6104	-0.0013	39.7652	2.1163	474.3512	323.8653	36.5046	463.3649	95.8102	473.8180	94.7454	477.4227	95.1852	482.1033	95.0000	
21/08/2017	00:22:39	019001	G523084295HLR	L523	S		440.5934	1.0311	3.1347	99.9661	39.5500	0.8230	0.8259	5.0000	17.6222	508.0697	94.9306	13.1119	24.3000	0.9300	0.9333	0.6115	-0.0014	508.0000	508.0559	1.0285	10.2333	100.0403	39.1429	0.8230	0.8198	5.0000	-9999.0000	-9999.0000	-9999.0000	-9999.0000	-9999.0000	-9999.0000	17.8312	1	0	24.8732	1.0000	06	4	-9999.0000	21954	50732	-9999	2699	2671	-9999	301.2483	5	0.5977	0.6115	-0.0014	36.3074	2.4891	472.6021	331.2143	38.7269	462.2168	95.5093	470.4385	94.8148	475.0677	95.1157	479.4193	95.0231	
21/08/2017	00:23:04	019001	G523084267HLR	L523	S		439.5726	1.0311	3.1854	100.0184	39.5500	0.8230	0.8258	5.0000	17.9027	508.0653	94.9074	12.8619	24.3000	0.9300	0.9333	0.6105	-0.0013	508.0000	507.9581	1.0285	10.2219	100.0284	39.1637	0.8230	0.8198	5.0000	-9999.0000	-9999.0000	-9999.0000	-9999.0000	-9999.0000	-9999.0000	17.7520	2	0	25.6134	1.0000	06	4	-9999.0000	21955	50733	-9999	2700	2672	-9999	301.6427	5	0.5975	0.6105	-0.0013	37.3702	2.3322	472.1852	296.2741	36.8287	460.2298	95.7176	471.0878	94.7917	475.5761	95.1157	480.0297	95.0463	
21/08/2017	00:23:29	019001	G523084277HLR	L523	S		438.8553	1.0311	3.2211	99.9703	39.5500	0.8230	0.8259	5.0000	17.1124	508.0520	94.8843	11.9214	24.3000	0.9300	0.9332	0.6127	-0.0015	508.0000	507.5179	1.0285	10.1703	100.0476	39.1556	0.8230	0.8198	5.0000	-9999.0000	-9999.0000	-9999.0000	-9999.0000	-9999.0000	-9999.0000	17.9220	3	0	24.9133	1.0000	06	4	-9999.0000	21956	50734	-9999	2701	2673	-9999	302.1939	5	0.5979	0.6127	-0.0015	37.6078	2.3105	473.4033	312.3037	37.6620	462.6461	95.4861	472.5888	94.7685	477.0917	95.1157	481.8963	95.0000	
21/08/2017	00:23:55	019001	G523084274HLR	L523	S		449.7549	1.0311	2.6789	99.9123	39.5500	0.8230	0.8258	5.0000	17.6622	508.0608	94.9306	8.4815	24.3000	0.9300	0.9331	0.6118	-0.0014	508.0000	509.1818	1.0285	10.3652	99.9311	39.1548	0.8230	0.8198	5.0000	-9999.0000	-9999.0000	-9999.0000	-9999.0000	-9999.0000	-9999.0000	17.6523	4	0	25.5929	1.0000	06	4	-9999.0000	21957	50735	-9999	2702	2674	-9999	304.8775	5	0.5977	0.6118	-0.0014	36.8481	2.3657	484.2936	321.8135	36.2037	471.6026	95.8102	484.8171	94.7222	489.2941	95.1157	494.5499	95.0000	
21/08/2017	00:24:20	019001	G523084269HLR	L523	S		439.4844	1.0311	3.1898	100.0276	39.5500	0.8230	0.8259	5.0000	17.2422	508.0524	94.8843	12.5211	24.4000	0.9300	0.9335	0.6120	-0.0014	508.0000	506.4150	1.0285	10.0411	99.9561	39.1344	0.8230	0.8197	5.0000	-9999.0000	-9999.0000	-9999.0000	-9999.0000	-9999.0000	-9999.0000	17.8625	5	0	24.9332	1.0000	06	4	-9999.0000	21958	50736	-9999	2703	2675	-9999	301.9260	5	0.5970	0.6120	-0.0014	37.6818	2.2991	473.3805	317.7007	35.8565	462.2739	95.6250	471.8707	94.8611	475.4483	95.0694	480.0118	95.0231	
21/08/2017	00:24:45	019001	G523084494HLR	L523	S		443.2311	1.0311	3.0034	99.9249	39.5500	0.8230	0.8258	5.0000	17.9318	508.0561	94.9537	10.6712	24.3000	0.9300	0.9333	0.6124	-0.0015	508.0000	508.8945	1.0285	10.3316	99.9568	39.1605	0.8230	0.8198	5.0000	-9999.0000	-9999.0000	-9999.0000	-9999.0000	-9999.0000	-9999.0000	17.8127	6	0	25.5730	1.0000	06	4	-9999.0000	21959	50737	-9999	2704	2676	-9999	303.2795	5	0.5963	0.6124	-0.0015	38.4076	2.2453	480.7995	321.5898	38.0324	471.3973	95.6019	477.5788	94.8148	482.3564	95.1157	487.4865	95.0000	
21/08/2017	00:25:10	019001	G523084048HLR	L523	S		435.0043	1.0311	3.4127	99.9878	39.5500	0.8230	0.8259	5.0000	17.3723	508.0457	94.8843	12.3716	24.3000	0.9300	0.9334	0.6128	-0.0015	508.0000	506.9732	1.0285	10.1065	99.8841	39.1650	0.8230	0.8198	5.0000	-9999.0000	-9999.0000	-9999.0000	-9999.0000	-9999.0000	-9999.0000	17.8312	7	0	25.0128	1.0000	06	4	-9999.0000	21960	50738	-9999	2705	2677	-9999	302.0404	5	0.5960	0.6128	-0.0015	38.2158	2.2888	471.5703	334.3700	39.7917	460.9676	95.4630	469.4842	94.9306	475.1523	95.1157	479.2554	94.9306	
21/08/2017	00:25:36	019001	G523084262HLR	L523	S		448.5993	1.0311	2.7364	100.0495	39.5686	0.8230	0.8259	5.0000	17.6223	508.0816	94.9074	9.6008	24.3000	0.9300	0.9334	0.6126	-0.0015	508.0000	508.5556	1.0285	10.2919	99.9195	39.1667	0.8230	0.8198	5.0000	-9999.0000	-9999.0000	-9999.0000	-9999.0000	-9999.0000	-9999.0000	17.8722	8	0	25.4834	1.0000	06	4	-9999.0000	21961	50739	-9999	2706	2678	-9999	304.1555	5	0.5961	0.6126	-0.0015	41.3722	2.0532	482.6421	317.0423	38.2176	470.5433	95.4861	481.4119	94.8843	485.9979	95.0694	490.7568	95.0231	
21/08/2017	00:26:01	019001	G523084302HLR	L523	S		449.8113	1.0311	2.6761	99.9594	39.5500	0.8230	0.8257	5.0000	17.8421	508.0777	94.9074	8.6104	24.4000	0.9300	0.9335	0.6118	-0.0014	508.0000	508.0183	1.0285	10.2289	100.0131	39.1577	0.8230	0.8198	5.0000	-9999.0000	-9999.0000	-9999.0000	-9999.0000	-9999.0000	-9999.0000	17.8820	1	0	24.9532	1.0000	06	4	-9999.0000	21962	50740	-9999	2707	2679	-9999	304.8279	5	0.5961	0.6118	-0.0014	41.4052	2.0554	486.2036	331.8055	36.5046	475.1068	95.9491	484.8066	94.8611	489.3876	95.0694	494.4189	95.0000	
21/08/2017	00:26:26	019001	G523084271HLR	L523	S		439.8755	1.0311	3.1704	99.9681	39.5500	0.8230	0.8259	5.0000	17.2920	508.0396	94.9074	13.2116	24.3000	0.9300	0.9336	0.6108	-0.0013	508.0000	507.7291	1.0285	10.1950	99.8911	39.1629	0.8230	0.8198	5.0000	-9999.0000	-9999.0000	-9999.0000	-9999.0000	-9999.0000	-9999.0000	17.7716	2	0	25.5131	1.0000	06	4	-9999.0000	21963	50741	-9999	2708	2680	-9999	301.6395	5	0.5963	0.6108	-0.0013	41.8122	2.0677	471.1963	319.1264	36.4583	459.6419	96.0880	469.8757	94.7917	473.9630	95.1157	478.5161	95.0000	
21/08/2017	00:26:51	019001	G523084301HLR	L523	S		442.0524	1.0311	3.0621	99.9925	39.5500	0.8230	0.8259	5.0000	17.2520	508.0371	94.9074	12.3716	24.3000	0.9300	0.9335	0.6108	-0.0013	508.0000	508.4761	1.0285	10.2826	99.9078	39.1620	0.8230	0.8198	5.0000	-9999.0000	-9999.0000	-9999.0000	-9999.0000	-9999.0000	-9999.0000	17.7422	3	0	24.9930	1.0000	06	4	-9999.0000	21964	50742	-9999	2709	2681	-9999	302.3308	5	0.5964	0.6108	-0.0013	40.6435	2.1668	475.9758	314.9512	36.5509	465.3845	95.9954	473.1869	94.8148	477.2183	95.0694	482.5388	95.0463	
21/08/2017	00:27:17	019001	G523084261HLR	L523	S		442.3270	1.0311	3.0484	100.0992	39.5500	0.8230	0.8258	5.0000	17.6525	508.0435	94.8843	12.1724	24.3000	0.9300	0.9336	0.6103	-0.0012	508.0000	508.1206	1.0285	10.2409	100.1442	39.1667	0.8230	0.8198	5.0000	-9999.0000	-9999.0000	-9999.0000	-9999.0000	-9999.0000	-9999.0000	17.9917	4	0	25.5724	1.0000	06	4	-9999.0000	21965	50743	-9999	2710	2682	-9999	302.4370	5	0.5965	0.6103	-0.0012	39.9336	2.2370	476.0141	321.9231	35.9491	464.9042	96.0648	472.8153	94.7917	477.5096	95.1157	481.7904	95.0000	
21/08/2017	00:27:42	019001	G523084278HLR	L523	S		421.4519	1.0311	4.0870	100.0065	39.5500	0.8230	0.8259	5.0000	17.4620	508.0938	94.9537	10.1506	24.3000	0.9300	0.9332	0.6089	-0.0011	508.0000	507.0364	1.0285	10.1139	99.9986	39.1656	0.8230	0.8197	5.0000	-9999.0000	-9999.0000	-9999.0000	-9999.0000	-9999.0000	-9999.0000	17.9719	5	0	24.8937	1.0000	06	4	-9999.0000	21966	50744	-9999	2711	2683	-9999	303.6528	5	0.5963	0.6089	-0.0011	39.7068	2.2556	460.5553	323.3642	35.9722	449.1103	96.1111	463.2650	94.5139	485.0741	95.1852	489.5284	94.9537	
21/08/2017	00:28:07	019001	G523084458HLR	L523	S		440.7554	1.0311	3.1266	100.0168	39.5500	0.8230	0.8259	5.0000	17.1417	508.0487	94.9074	12.8717	24.3000	0.9300	0.9335	0.6091	-0.0011	508.0000	508.6197	1.0285	10.2994	99.9318	39.1667	0.8230	0.8197	5.0000	-9999.0000	-9999.0000	-9999.0000	-9999.0000	-9999.0000	-9999.0000	17.8623	6	0	25.5627	1.0000	06	4	-9999.0000	21967	50745	-9999	2712	2684	-9999	301.9902	5	0.5961	0.6091	-0.0011	40.7473	2.1509	473.8441	317.7920	37.5694	462.8951	95.6713	471.9824	94.7454	476.7622	95.1389	481.5858	95.0231	
21/08/2017	00:28:32	019001	G523084474HLR	L523	S		440.6246	1.0311	3.1331	99.9189	39.5500	0.8230	0.8260	5.0000	17.4014	508.0765	94.8843	12.3814	24.3000	0.9300	0.9335	0.6085	-0.0011	508.0000	507.5337	1.0285	10.1721	100.0430	39.1592	0.8230	0.8198	5.0000	-9999.0000	-9999.0000	-9999.0000	-9999.0000	-9999.0000	-9999.0000	17.7619	7	0	24.9631	1.0000	06	4	-9999.0000	21968	50746	-9999	2713	2685	-9999	302.3576	5	0.5963	0.6085	-0.0011	40.1590	2.2064	476.6210	330.8239	39.3287	466.4981	95.3704	473.6488	94.7685	478.7355	95.1389	483.8905	95.0000	
21/08/2017	00:28:58	019001	G523084039HLR	L523	S		442.7015	1.0311	3.0298	100.1438	39.5500	0.8230	0.8258	5.0000	17.7914	508.0342	94.9074	9.6809	24.3000	0.9300	0.9332	0.6080	-0.0010	508.0000	507.6391	1.0285	10.1845	100.0051	39.1656	0.8230	0.8197	5.0000	-9999.0000	-9999.0000	-9999.0000	-9999.0000	-9999.0000	-9999.0000	18.0021	8	0	25.5530	1.0000	06	4	-9999.0000	21969	50747	-9999	2714	2686	-9999	303.7972	5	0.5964	0.6080	-0.0010	41.3424	2.0615	483.8919	317.6648	36.1343	472.2951	95.7639	484.7823	94.6991	488.9330	95.1389	492.7025	95.0463	
21/08/2017	00:29:23	019001	G523084303HLR	L523	S		439.7874	1.0311	3.1748	100.0117	39.5500	0.8230	0.8260	5.0000	17.3223	508.0455	94.8843	12.6412	24.3000	0.9300	0.9335	0.6086	-0.0011	508.0000	508.7001	1.0285	10.3088	99.9549	39.1640	0.8230	0.8197	5.0000	-9999.0000	-9999.0000	-9999.0000	-9999.0000	-9999.0000	-9999.0000	17.9220	1	0	24.9228	1.0000	06	4	-9999.0000	21970	50748	-9999	2715	2687	-9999	302.3065	5	0.5968	0.6086	-0.0011	41.7995	1.9978	476.1786	328.0824	38.7269	465.9022	95.5324	474.4047	94.8148	478.2734	95.0926	482.3089	95.0000	
21/08/2017	00:29:48	019001	G523084290HLR	L523	S		441.1909	1.0311	3.1049	100.0405	39.5500	0.8230	0.8259	5.0000	17.5419	508.0792	94.9074	12.4107	24.3000	0.9300	0.9334	0.6105	-0.0012	508.0000	508.0993	1.0285	10.2384	99.9640	39.1667	0.8230	0.8197	5.0000	-9999.0000	-9999.0000	-9999.0000	-9999.0000	-9999.0000	-9999.0000	17.9623	2	0	25.5032	1.0000	06	4	-9999.0000	21971	50749	-9999	2716	2688	-9999	302.3771	5	0.5963	0.6105	-0.0012	38.9237	2.2192	473.8800	327.2883	37.0139	463.2307	95.7639	472.0735	94.8148	477.1475	95.0694	481.0596	95.0231	
21/08/2017	00:30:13	019001	G523084275HLR	L523	S		445.4034	1.0311	2.8954	99.9651	39.5500	0.8230	0.8258	5.0000	17.8119	508.0454	94.9537	11.3520	24.3000	0.9300	0.9335	0.6107	-0.0013	508.0000	509.4547	1.0285	10.3972	99.9629	39.1636	0.8230	0.8197	5.0000	-9999.0000	-9999.0000	-9999.0000	-9999.0000	-9999.0000	-9999.0000	17.8518	3	0	25.0029	1.0000	06	4	-9999.0000	21972	50750	-9999	2717	2689	-9999	302.9933	5	0.5962	0.6107	-0.0013	39.0622	2.2148	478.9522	317.7795	37.7778	467.3138	95.5787	477.1713	94.7917	481.2419	95.1389	485.9627	95.0231	
21/08/2017	00:30:39	019001	G523084285HLR	L523	S		440.3516	1.0311	3.1467	99.9942	39.5500	0.8230	0.8258	5.0000	17.9913	508.0421	94.8843	12.6119	24.3000	0.9300	0.9335	0.6112	-0.0013	508.0000	507.7256	1.0285	10.1946	99.9361	39.1667	0.8230	0.8197	5.0000	-9999.0000	-9999.0000	-9999.0000	-9999.0000	-9999.0000	-9999.0000	17.9414	4	0	25.5539	1.0000	06	4	-9999.0000	21973	50751	-9999	2718	2690	-9999	302.2244	5	0.5965	0.6112	-0.0013	38.8382	2.2302	473.4566	315.4881	38.0093	461.8658	95.6019	471.1810	94.8148	475.6031	95.0926	480.1335	95.0231	
21/08/2017	00:31:04	019001	G523084258HLR	L523	S		443.0903	1.0311	3.0104	99.9380	39.5500	0.8230	0.8259	5.0000	17.3019	508.0500	94.9074	11.5014	24.3000	0.9300	0.9336	0.6116	-0.0013	508.0000	508.4143	1.0285	10.2753	100.0483	39.1667	0.8230	0.8198	5.0000	-9999.0000	-9999.0000	-9999.0000	-9999.0000	-9999.0000	-9999.0000	17.9416	5	0	25.6028	1.0000	06	4	-9999.0000	21974	50752	-9999	2719	2691	-9999	302.8786	5	0.5963	0.6116	-0.0013	38.2822	2.2915	476.9891	322.5434	37.1759	465.3567	95.8102	476.0225	94.8148	480.0758	95.1157	484.6392	95.0000	
21/08/2017	00:31:30	019001	G523084289HLR	L523	S		446.6432	1.0311	2.8337	100.1682	39.5516	0.8230	0.8258	5.0000	17.7424	508.0425	94.9537	9.9719	24.3000	0.9300	0.9334	0.6122	-0.0014	508.0000	509.0654	1.0285	10.3516	99.8819	39.1667	0.8230	0.8197	5.0000	-9999.0000	-9999.0000	-9999.0000	-9999.0000	-9999.0000	-9999.0000	17.8116	6	0	25.5930	1.0000	06	4	-9999.0000	21975	50753	-9999	2720	2692	-9999	304.0011	5	0.5960	0.6122	-0.0014	56.2035	0.8748	480.2883	316.8183	37.0139	468.7520	95.7870	480.5280	94.8611	484.7351	95.0694	489.5644	95.0000	
21/08/2017	00:31:55	019001	G523084257HLR	L523	S		440.9804	1.0311	3.1154	100.1516	39.5500	0.8230	0.8259	5.0000	17.6613	508.0514	94.8843	12.4517	24.3000	0.9300	0.9336	0.6124	-0.0014	508.0000	483.2204	1.0285	7.3237	100.0889	39.1667	0.8230	0.8198	5.0000	-9999.0000	-9999.0000	-9999.0000	-9999.0000	-9999.0000	-9999.0000	17.8723	7	1	24.9530	1.0000	06	4	-9999.0000	21976	50754	-9999	2721	2693	-9999	302.2268	5	0.5955	0.6124	-0.0014	53.8001	1.0581	471.4751	317.5923	36.2500	459.5561	96.0417	470.0364	94.8611	475.2874	95.1620	479.8074	94.9306	
21/08/2017	00:32:21	019001	G523084276HLR	L523	S		441.3830	1.0311	3.0954	100.0211	39.5500	0.8230	0.8258	5.0000	17.9055	508.0673	94.8843	12.7818	24.3000	0.9300	0.9336	0.6126	-0.0014	508.0000	508.0682	1.0285	10.2348	99.9008	39.1667	0.8230	0.8197	5.0000	-9999.0000	-9999.0000	-9999.0000	-9999.0000	-9999.0000	-9999.0000	17.8711	8	0	25.5832	1.0000	06	4	-9999.0000	21977	50755	-9999	2722	2694	-9999	302.0197	5	0.5956	0.6126	-0.0014	32.2657	2.7880	473.5758	323.7183	39.2130	463.5979	95.3472	471.2399	94.7222	475.7310	95.1852	480.5655	94.9769	
21/08/2017	00:32:46	019001	G523084199HLR	L523	S		437.3978	1.0311	3.2936	100.0565	39.5500	0.8230	0.8259	5.0000	17.6114	508.0667	94.9537	14.0408	24.3000	0.9300	0.9334	0.6119	-0.0014	508.0000	507.1969	1.0285	10.1327	100.0347	39.1667	0.8230	0.8198	5.0000	-9999.0000	-9999.0000	-9999.0000	-9999.0000	-9999.0000	-9999.0000	17.8927	1	0	25.4827	1.0000	06	4	-9999.0000	21978	50756	-9999	2723	2695	-9999	301.1525	5	0.5957	0.6119	-0.0014	36.2619	2.4762	469.4969	331.4282	38.0556	458.3758	95.6713	466.1049	94.8148	470.6706	95.0694	475.1468	95.0463	
21/08/2017	00:33:13	019001	G523084198HLR	L523	S		439.3782	1.0311	3.1951	100.0764	39.5640	0.8230	0.8260	5.0000	17.3614	508.0532	94.9306	13.2321	24.3000	0.9300	0.9335	0.6103	-0.0012	508.0000	505.1378	1.0285	9.8915	99.9283	39.1667	0.8230	0.8198	5.0000	-9999.0000	-9999.0000	-9999.0000	-9999.0000	-9999.0000	-9999.0000	17.8421	2	0	27.1635	1.0000	06	4	-9999.0000	21979	50757	-9999	2724	2696	-9999	301.7472	5	0.5959	0.6103	-0.0012	43.8388	1.8644	472.4136	317.2815	38.7500	461.2350	95.5324	470.4669	94.7685	474.7967	95.1620	479.0078	94.9537	
21/08/2017	00:33:38	019001	G523084542HLR	L523	S		435.1638	1.0311	3.4048	100.0583	39.5680	0.8230	0.8259	5.0000	17.7121	508.0602	94.9537	11.4819	24.3000	0.9300	0.9335	0.6083	-0.0011	508.0000	505.5366	1.0285	9.9382	99.9032	39.1667	0.8230	0.8197	5.0000	-9999.0000	-9999.0000	-9999.0000	-9999.0000	-9999.0000	-9999.0000	18.0021	3	0	24.9130	1.0000	06	4	-9999.0000	21980	50758	-9999	2725	2697	-9999	302.7674	5	0.5959	0.6083	-0.0011	43.8377	1.8645	476.2657	315.6567	36.2731	465.3631	95.8796	475.3705	94.8380	479.8096	95.0694	484.7879	95.0000	
21/08/2017	00:34:04	019001	G523084296HLR	L523	S		449.4468	1.0311	2.6942	99.9467	39.5500	0.8230	0.8258	5.0000	17.5215	508.0788	94.9074	8.7315	24.3000	0.9300	0.9335	0.6076	-0.0010	508.0000	507.1106	1.0285	10.1226	99.9335	39.1667	0.8230	0.8197	5.0000	-9999.0000	-9999.0000	-9999.0000	-9999.0000	-9999.0000	-9999.0000	17.8722	4	0	25.5432	1.0000	06	4	-9999.0000	21981	50759	-9999	2726	2698	-9999	304.2403	5	0.5960	0.6076	-0.0010	42.9225	1.9327	488.6369	329.9881	36.4352	477.3767	95.2546	486.4467	94.8380	491.4044	95.1157	494.9718	94.9306	
21/08/2017	00:34:31	019001	G523084286HLR	L523	S		451.1527	1.0311	2.6093	100.0050	39.5500	0.8230	0.8258	5.0000	17.5322	508.0643	94.9306	8.5714	24.4000	0.9300	0.9334	0.6070	-0.0010	508.0000	506.9038	1.0285	10.0984	99.9094	39.1568	0.8230	0.8197	5.0000	-9999.0000	-9999.0000	-9999.0000	-9999.0000	-9999.0000	-9999.0000	17.7520	5	0	27.4729	1.0000	06	4	-9999.0000	21981	50760	-9999	2727	2699	-9999	304.2126	5	0.5958	0.6070	-0.0010	43.4793	1.8836	486.8319	290.3988	36.3426	474.1380	95.9491	488.1538	94.7685	492.6543	95.1389	496.8571	95.0231	
21/08/2017	00:34:58	019001	G523084197HLR	L523	S		431.1188	1.0311	3.6060	99.9884	39.5500	0.8230	0.8255	5.0000	19.0228	508.0362	94.9537	14.8524	24.3000	0.9300	0.9337	0.6047	-0.0008	508.0000	506.5669	1.0285	10.0589	99.9328	39.1667	0.8230	0.8198	5.0000	-9999.0000	-9999.0000	-9999.0000	-9999.0000	-9999.0000	-9999.0000	17.9523	6	0	27.0241	1.0000	04	4	-9999.0000	21982	50761	-9999	2728	2700	-9999	301.2915	5	0.5956	0.6047	-0.0008	44.3569	1.8017	471.6877	322.5601	36.5278	461.3950	96.1574	469.6500	94.7685	473.3983	95.0694	478.3528	95.0463	
21/08/2017	00:35:24	019001	G523084185HLR	L523	S		432.3133	1.0311	3.5466	99.9489	39.5500	0.8230	0.8259	5.0000	17.7317	508.0434	94.9074	13.3425	24.3000	0.9300	0.9335	0.6045	-0.0008	508.0000	504.7571	1.0285	9.8469	100.0249	39.1667	0.8230	0.8197	5.0000	-9999.0000	-9999.0000	-9999.0000	-9999.0000	-9999.0000	-9999.0000	17.8020	7	0	25.8622	1.0000	04	4	-9999.0000	21983	50762	-9999	2729	2701	-9999	301.9487	5	0.5961	0.6045	-0.0008	45.2660	1.7100	474.0155	311.7709	37.8241	463.0686	95.7639	472.1102	94.8380	475.7854	95.0463	480.2030	95.0231	
21/08/2017	00:35:52	019001	G523084200HLR	L523	S		432.4152	1.0311	3.5415	100.0155	39.5968	0.8230	0.8260	5.0000	17.2814	508.0678	94.8843	12.7418	24.3000	0.9300	0.9335	0.6073	-0.0009	508.0000	506.5281	1.0285	10.0543	100.0398	39.1667	0.8230	0.8197	5.0000	-9999.0000	-9999.0000	-9999.0000	-9999.0000	-9999.0000	-9999.0000	18.0227	8	0	27.5142	1.0000	04	4	-9999.0000	21984	50763	-9999	2730	2702	-9999	302.5001	5	0.5967	0.6073	-0.0009	41.4621	1.9968	475.0406	329.6974	39.0046	464.2224	95.4861	472.7543	94.7454	476.5796	95.1157	481.1586	95.0231	
21/08/2017	00:36:17	019001	G523084442HLR	L523	S		435.5296	1.0311	3.3866	100.0629	39.5500	0.8230	0.8259	5.0000	17.1720	508.0689	94.9306	15.7919	24.3000	0.9300	0.9336	0.6086	-0.0010	508.0000	504.8791	1.0285	9.8612	100.0623	39.1577	0.8230	0.8198	5.0000	-9999.0000	-9999.0000	-9999.0000	-9999.0000	-9999.0000	-9999.0000	17.8623	1	0	26.0029	1.0000	04	4	-9999.0000	21985	50764	-9999	2731	2703	-9999	301.0154	5	0.5973	0.6086	-0.0010	38.8320	2.2190	467.4998	330.0471	37.3148	457.2802	95.7639	464.6327	94.5833	469.3782	95.1852	473.1695	95.0231	
21/08/2017	00:36:43	019001	G523084201HLR	L523	S		435.6071	1.0311	3.3827	100.0061	39.5500	0.8230	0.8259	5.0000	17.1817	508.0430	94.9537	14.8524	24.3000	0.9300	0.9335	0.6073	-0.0009	508.0000	509.0652	1.0285	10.3516	100.0099	39.1667	0.8230	0.8197	5.0000	-9999.0000	-9999.0000	-9999.0000	-9999.0000	-9999.0000	-9999.0000	17.8225	2	0	25.5530	1.0000	04	4	-9999.0000	21986	50765	-9999	2732	2704	-9999	301.8451	5	0.5972	0.6073	-0.0009	36.1741	2.4796	469.8807	293.8525	35.7407	458.3931	96.0417	468.7659	94.8148	472.4848	95.0463	476.7656	95.0694	
21/08/2017	00:37:11	019001	G523084203HLR	L523	S		433.9473	1.0311	3.4653	99.9660	39.5500	0.8230	0.8259	5.0000	17.3019	508.0950	94.9306	14.3621	24.3000	0.9300	0.9334	0.6068	-0.0008	508.0000	506.8090	1.0285	10.0872	99.9746	39.1577	0.8230	0.8197	5.0000	-9999.0000	-9999.0000	-9999.0000	-9999.0000	-9999.0000	-9999.0000	17.9219	3	0	27.5336	1.0000	04	4	-9999.0000	21987	50766	-9999	2733	2705	-9999	302.4641	5	0.5975	0.6068	-0.0008	35.3164	2.5762	470.3262	314.3116	37.6157	459.3274	95.7407	468.6621	94.7222	472.9038	95.1852	477.6642	94.9769	
21/08/2017	00:37:41	019001	G523084254HLR	L523	S		436.3996	1.0311	3.3433	100.0834	39.5500	0.8230	0.8260	5.0000	17.1431	508.0739	94.9306	15.3017	24.2000	0.9300	0.9334	0.6078	-0.0009	508.0000	504.4640	1.0285	9.8125	100.0443	39.1533	0.8230	0.8197	5.0000	-9999.0000	-9999.0000	-9999.0000	-9999.0000	-9999.0000	-9999.0000	17.9329	4	0	30.2831	1.0000	04	4	-9999.0000	21988	50767	-9999	2734	2706	-9999	302.0935	5	0.5975	0.6078	-0.0009	33.8184	2.7370	468.7121	316.8717	35.9028	457.9980	96.0648	465.9461	94.7454	470.2482	95.1852	473.9378	94.9306	
21/08/2017	00:38:07	019001	G523084552HLR	L523	S		432.8811	1.0311	3.5184	99.9652	39.5500	0.8230	0.8259	5.0000	17.7022	508.0305	94.9306	14.2019	24.2000	0.9300	0.9334	0.6065	-0.0007	508.0000	507.9955	1.0285	10.2262	99.9931	39.1667	0.8230	0.8197	5.0000	-9999.0000	-9999.0000	-9999.0000	-9999.0000	-9999.0000	-9999.0000	17.8023	5	0	26.3936	1.0000	04	4	-9999.0000	21989	50768	-9999	2735	2707	-9999	302.7710	5	0.5971	0.6065	-0.0007	38.7178	2.3080	472.2880	316.9933	35.5787	460.8098	95.9954	470.8980	94.8148	474.9991	95.0926	479.6216	95.0231	
21/08/2017	00:39:05	019001	G523083914HLR	L523	S		432.7569	1.0311	3.5245	100.0845	39.5500	0.8230	0.8260	5.0000	17.3820	508.0303	94.9537	15.9824	24.4000	0.9300	0.9339	0.6050	-0.0006	508.0000	509.9336	1.0285	10.4533	100.0372	39.0000	0.8230	0.8192	5.0000	-9999.0000	-9999.0000	-9999.0000	-9999.0000	-9999.0000	-9999.0000	17.9123	7	0	27.7532	1.0000	04	4	-9999.0000	21990	50769	-9999	2737	2708	-9999	302.7084	5	0.5974	0.6050	-0.0006	40.9601	2.1601	469.1365	311.1081	37.5231	457.4924	95.8796	467.8519	94.7685	472.1485	95.0694	475.2659	95.0231	
21/08/2017	00:39:32	019001	G523084155HLR	L523	S		434.7244	1.0311	3.4266	99.9455	39.5500	0.8230	0.8259	5.0000	17.4728	508.0276	94.9537	18.1419	24.3000	0.9300	0.9338	0.6054	-0.0006	508.0000	507.4825	1.0285	10.1662	99.9758	39.0667	0.8230	0.8200	5.0000	-9999.0000	-9999.0000	-9999.0000	-9999.0000	-9999.0000	-9999.0000	17.9514	8	0	26.9634	1.0000	04	4	-9999.0000	21991	50770	-9999	2738	2709	-9999	302.1657	5	0.5971	0.6054	-0.0006	37.6916	2.4092	468.2963	320.3922	37.4537	457.6144	95.7639	463.6943	94.7454	467.2746	95.1852	470.7866	95.0000	
21/08/2017	00:39:59	019001	G523084204HLR	L523	S		432.2702	1.0311	3.5487	100.1231	39.5500	0.8230	0.8259	5.0000	17.5822	508.0238	94.9306	14.9217	24.3000	0.9300	0.9336	0.6054	-0.0006	508.0000	507.9584	1.0285	10.2219	99.9670	39.1521	0.8230	0.8201	5.0000	-9999.0000	-9999.0000	-9999.0000	-9999.0000	-9999.0000	-9999.0000	17.7412	1	0	27.3635	1.0000	04	4	-9999.0000	21992	50771	-9999	2739	2710	-9999	302.8526	5	0.5971	0.6054	-0.0006	37.6916	2.4092	471.4280	331.6570	36.3889	461.8190	95.6944	468.5556	94.7917	472.5528	95.0694	476.6485	95.0694	
21/08/2017	00:40:27	019001	G523084196HLR	L523	S		436.1446	1.0311	3.3560	100.0259	39.5500	0.8230	0.8259	5.0000	17.4923	508.0397	94.9537	17.5324	24.3000	0.9300	0.9337	0.6066	-0.0007	508.0000	507.3545	1.0285	10.1512	100.0127	39.1667	0.8230	0.8199	5.0000	-9999.0000	-9999.0000	-9999.0000	-9999.0000	-9999.0000	-9999.0000	17.9222	2	0	27.8033	1.0000	04	4	-9999.0000	21993	50772	-9999	2739	2711	-9999	302.0316	5	0.5964	0.6066	-0.0007	78.4661	-0.3587	468.8624	324.6869	37.4537	459.8950	95.5556	464.9423	94.6065	468.2491	95.1620	472.1153	95.0231	
21/08/2017	00:40:54	019001	G523083241HLR	L523	S		434.0963	1.0311	3.4579	99.9357	39.5500	0.8230	0.8260	5.0000	17.0919	508.0450	94.9537	16.2022	24.2000	0.9300	0.9334	0.6028	-0.0005	508.0000	509.9079	1.0285	10.4503	99.9205	39.1333	0.8230	0.8197	5.0000	-9999.0000	-9999.0000	-9999.0000	-9999.0000	-9999.0000	-9999.0000	17.8722	3	0	26.9730	1.0000	04	4	-9999.0000	21994	50773	-9999	2740	2711	-9999	302.2081	5	0.5960	0.6028	-0.0005	76.4927	-0.2144	468.9615	324.3381	35.5556	459.3272	95.9722	465.1196	94.7685	469.0332	95.1157	473.4062	95.0926	
21/08/2017	00:41:22	019001	G523084195HLR	L523	S		433.3756	1.0311	3.4938	100.1579	39.5500	0.8230	0.8259	5.0000	17.8919	508.0523	94.9537	14.6912	24.2000	0.9300	0.9335	0.6028	-0.0005	508.0000	508.4368	1.0285	10.2779	99.9383	39.1333	0.8230	0.8197	5.0000	-9999.0000	-9999.0000	-9999.0000	-9999.0000	-9999.0000	-9999.0000	17.8711	4	0	28.3637	1.0000	04	4	-9999.0000	21995	50774	-9999	2741	2712	-9999	302.9049	5	0.5960	0.6028	-0.0005	76.4927	-0.2144	473.9248	314.1869	37.5694	462.3956	95.5556	471.5935	94.6759	476.5053	95.1852	479.7347	95.0000	
21/08/2017	00:41:51	019001	G523083243HLR	L523	S		437.7008	1.0311	3.2786	100.2348	39.5500	0.8230	0.8260	5.0000	17.3418	508.0380	94.9537	15.8623	24.3000	0.9300	0.9335	0.6012	-0.0003	508.0000	506.9881	1.0285	10.1082	99.9658	39.1333	0.8230	0.8197	5.0000	-9999.0000	-9999.0000	-9999.0000	-9999.0000	-9999.0000	-9999.0000	18.0021	5	0	28.4538	1.0000	04	4	-9999.0000	21996	50775	-9999	2742	2713	-9999	302.7468	5	0.5958	0.6012	-0.0003	80.2767	-0.4626	472.1719	322.6818	37.3611	461.4830	95.7176	468.9882	94.7685	472.3583	95.1852	475.9384	95.0231	
21/08/2017	00:42:19	019001	G523084193HLR	L523	S		435.6999	1.0311	3.3781	99.8633	39.5500	0.8230	0.8260	5.0000	17.2119	508.0292	94.9306	15.5820	24.3000	0.9300	0.9335	0.6012	-0.0003	508.0000	509.9255	1.0285	10.4524	99.8423	39.1333	0.8230	0.8197	5.0000	-9999.0000	-9999.0000	-9999.0000	-9999.0000	-9999.0000	-9999.0000	17.7619	6	0	28.8031	1.0000	04	4	-9999.0000	21997	50775	-9999	2743	2714	-9999	302.8618	5	0.5958	0.6012	-0.0003	80.2767	-0.4626	473.6587	332.7941	37.1991	462.2833	95.7639	471.4600	94.6065	474.9221	95.1852	478.5393	95.0000	
21/08/2017	00:42:48	019001	G523083242HLR	L523	S		434.3167	1.0311	3.4469	100.0480	39.5500	0.8230	0.8259	5.0000	17.5022	508.0490	94.9306	15.4316	24.2000	0.9300	0.9336	0.6006	-0.0003	508.0000	510.1426	1.0285	10.4778	100.0043	39.1333	0.8230	0.8197	5.0000	-9999.0000	-9999.0000	-9999.0000	-9999.0000	-9999.0000	-9999.0000	17.8128	7	0	28.8335	1.0000	04	4	-9999.0000	21998	50776	-9999	2744	2715	-9999	302.8613	5	0.5954	0.6006	-0.0003	79.8598	-0.4147	475.9153	335.0923	36.6435	465.5737	95.8796	472.7100	94.8148	475.5546	95.1157	480.2848	95.0463	
21/08/2017	00:43:17	019001	G523083244HLR	L523	S		431.2916	1.0311	3.5974	100.0660	39.5500	0.8230	0.8259	5.0000	17.4113	508.0391	94.9537	16.0820	24.3000	0.9300	0.9337	0.6002	-0.0003	508.0000	507.6573	1.0285	10.1866	100.0628	39.1333	0.8230	0.8198	5.0000	-9999.0000	-9999.0000	-9999.0000	-9999.0000	-9999.0000	-9999.0000	17.8224	8	0	28.7537	1.0000	04	4	-9999.0000	21999	50777	-9999	2745	2716	-9999	302.4693	5	0.5958	0.6002	-0.0003	81.8368	-0.5310	471.4796	315.0199	35.6481	460.2360	96.0648	469.7817	94.6296	473.5062	95.1620	477.4341	95.0463	
21/08/2017	00:43:45	019001	G523083261HLR	L523	S		434.5641	1.0311	3.4346	99.9658	39.5500	0.8230	0.8259	5.0000	17.5222	508.0311	94.9537	16.9122	24.3000	0.9300	0.9337	0.6002	-0.0003	508.0000	510.2534	1.0285	10.4908	99.9742	39.1333	0.8230	0.8197	5.0000	-9999.0000	-9999.0000	-9999.0000	-9999.0000	-9999.0000	-9999.0000	18.0022	1	0	28.5228	1.0000	04	4	-9999.0000	22000	50778	-9999	2746	2717	-9999	302.6463	5	0.5955	0.6002	-0.0003	86.0950	-0.7666	471.4322	320.8697	36.2269	460.4111	95.9954	469.0278	94.7917	471.8692	95.0926	475.8077	95.0694	
21/08/2017	00:44:14	019001	G523083252HLR	L523	S		431.6048	1.0311	3.5819	100.0207	39.5500	0.8230	0.8260	5.0000	17.2921	508.0418	94.9306	16.6124	24.3000	0.9300	0.9337	0.5977	-0.0002	508.0000	508.3305	1.0285	10.2655	100.0378	39.1333	0.8230	0.8197	5.0000	-9999.0000	-9999.0000	-9999.0000	-9999.0000	-9999.0000	-9999.0000	18.0023	2	0	28.2839	1.0000	04	4	-9999.0000	22001	50779	-9999	2747	2718	-9999	302.4330	5	0.5950	0.5977	-0.0002	88.1718	-0.8546	473.0983	314.5234	35.5787	462.3819	96.1111	469.1042	94.7685	473.1432	95.2083	476.6517	94.9769	
21/08/2017	00:44:42	019001	G523083281HLR	L523	S		437.4727	1.0311	3.2899	99.9118	39.5500	0.8230	0.8259	5.0000	17.1719	508.0863	94.9537	17.2824	24.2000	0.9300	0.9336	0.5956	-0.0000	508.0000	507.2583	1.0285	10.1399	99.9698	39.1333	0.8230	0.8198	5.0000	-9999.0000	-9999.0000	-9999.0000	-9999.0000	-9999.0000	-9999.0000	17.8918	3	0	28.6830	1.0000	04	4	-9999.0000	22002	50780	-9999	2747	2719	-9999	302.2549	5	0.5950	0.5956	-0.0000	91.1296	-1.0252	471.7843	319.4560	37.8241	461.7207	95.6713	468.5821	94.8148	472.8193	95.1620	476.2596	94.9769	
21/08/2017	00:45:10	019001	G523083263HLR	L523	S		433.3691	1.0311	3.4941	99.9421	39.5500	0.8230	0.8259	5.0000	17.5323	508.0239	94.9537	16.5919	24.2000	0.9300	0.9336	0.5977	-0.0002	508.0000	509.2408	1.0285	10.3721	99.9230	39.1333	0.8230	0.8197	5.0000	-9999.0000	-9999.0000	-9999.0000	-9999.0000	-9999.0000	-9999.0000	17.8420	4	0	27.7241	1.0000	04	4	-9999.0000	22003	50781	-9999	2748	2720	-9999	302.2917	5	0.5949	0.5977	-0.0002	88.7557	-0.8750	476.2366	329.4130	35.4398	464.9689	95.5324	472.3207	94.7685	475.6558	95.1620	479.4635	95.0231	
21/08/2017	00:45:39	019001	G523083253HLR	L523	S		435.6559	1.0311	3.3803	99.8643	39.5500	0.8230	0.8259	5.0000	17.2727	508.0315	94.9537	16.9718	24.2000	0.9300	0.9335	0.6019	-0.0004	508.0000	507.9551	1.0285	10.2215	99.9316	39.1333	0.8230	0.8197	5.0000	-9999.0000	-9999.0000	-9999.0000	-9999.0000	-9999.0000	-9999.0000	17.9317	5	0	29.1930	1.0000	04	4	-9999.0000	22004	50782	-9999	2749	2721	-9999	302.2207	5	0.5949	0.6019	-0.0004	68.3280	0.4675	473.4431	324.9251	37.3611	462.8025	95.6944	470.0341	94.7454	472.9806	95.1157	476.9715	95.0463	
21/08/2017	00:46:05	019001	G523083262HLR	L523	S		429.1911	1.0311	3.7019	99.9045	39.5500	0.8230	0.8259	5.0000	17.4620	508.0313	94.9306	16.0918	24.2000	0.9300	0.9335	0.5950	-0.0000	508.0000	507.5868	1.0285	10.1784	99.9099	39.1333	0.8230	0.8197	5.0000	-9999.0000	-9999.0000	-9999.0000	-9999.0000	-9999.0000	-9999.0000	17.9719	6	0	25.6233	1.0000	04	4	-9999.0000	22005	50783	-9999	2750	2721	-9999	302.2269	5	0.5949	0.5950	-0.0000	93.0451	-1.1664	469.6300	313.3307	35.5324	458.3244	95.9722	468.2094	94.7917	471.5645	95.0926	475.7698	95.0926	
21/08/2017	00:46:31	019001	G523083251HLR	L523	S		435.4181	1.0311	3.3921	100.0279	39.5500	0.8230	0.8260	5.0000	17.0214	508.0355	94.9306	17.1320	24.2000	0.9300	0.9336	0.5992	-0.0003	508.0000	507.9389	1.0285	10.2196	99.9522	39.1333	0.8230	0.8197	5.0000	-9999.0000	-9999.0000	-9999.0000	-9999.0000	-9999.0000	-9999.0000	17.9817	7	0	25.9534	1.0000	04	4	-9999.0000	22006	50784	-9999	2751	2722	-9999	302.2369	5	0.5947	0.5992	-0.0003	66.8487	0.5545	474.5478	320.4384	38.0093	464.9066	95.6481	471.3552	94.8148	474.1223	95.0926	477.4609	95.0694	
21/08/2017	00:47:00	019001	G523083254HLR	L523	S		432.5834	1.0311	3.5332	99.8949	39.5500	0.8230	0.8260	5.0000	17.1914	508.0411	94.9306	15.5927	24.3000	0.9300	0.9337	0.5992	-0.0003	508.0000	507.8833	1.0285	10.2131	99.9806	39.1333	0.8230	0.8198	5.0000	-9999.0000	-9999.0000	-9999.0000	-9999.0000	-9999.0000	-9999.0000	17.8323	8	0	29.3238	1.0000	04	4	-9999.0000	22007	50785	-9999	2752	2723	-9999	302.2175	5	0.5947	0.5992	-0.0003	66.8487	0.5545	473.3488	311.8995	37.0370	462.4038	95.6944	470.8815	94.8148	474.7116	95.0926	478.7528	95.0694	
21/08/2017	00:47:28	019001	G523083271HLR	L523	S		430.0451	1.0311	3.6594	99.9731	39.5500	0.8230	0.8259	5.0000	17.4415	508.0277	94.9306	17.6818	24.3000	0.9300	0.9337	0.5934	0.0001	508.0000	509.4809	1.0285	10.4003	99.8998	39.1595	0.8230	0.8198	5.0000	-9999.0000	-9999.0000	-9999.0000	-9999.0000	-9999.0000	-9999.0000	17.9123	1	0	28.2729	1.0000	04	4	-9999.0000	22008	50786	-9999	2753	2724	-9999	302.1023	5	0.5949	0.5934	0.0001	96.7319	-1.3501	470.3044	318.7848	35.1389	458.8845	95.5324	467.2533	94.7917	471.1119	95.1389	474.8925	95.0231	
21/08/2017	00:48:25	019001	G523083264HLR	L523	S		432.8055	1.0311	3.5221	100.0095	39.5500	0.8230	0.8260	5.0000	17.3418	508.0376	94.9306	14.4422	24.4000	0.9300	0.9338	0.5934	0.0001	508.0000	505.6346	1.0285	9.9497	99.9330	38.9931	0.8230	0.8192	5.0000	-9999.0000	-9999.0000	-9999.0000	-9999.0000	-9999.0000	-9999.0000	18.0521	3	0	27.2728	1.0000	04	4	-9999.0000	22010	50787	-9999	2755	2725	-9999	302.1623	5	0.5947	0.5934	0.0001	113.0585	-2.3224	478.3917	320.9123	36.4583	467.0039	96.0185	476.1233	94.7685	479.8942	95.0231	483.6701	94.9769	
21/08/2017	00:48:54	019001	G523083282HLR	L523	S		431.3853	1.0311	3.5928	100.0919	39.5500	0.8230	0.8260	5.0000	17.3027	508.0389	94.9537	17.0822	24.3000	0.9300	0.9338	0.6066	-0.0007	508.0000	509.7834	1.0285	10.4357	99.9768	39.0333	0.8230	0.8200	5.0000	-9999.0000	-9999.0000	-9999.0000	-9999.0000	-9999.0000	-9999.0000	17.8723	4	0	29.0533	1.0000	04	4	-9999.0000	22011	50788	-9999	2756	2726	-9999	302.2722	5	0.5947	0.6066	-0.0007	100.3679	-1.5142	477.3209	324.7792	38.4954	467.0033	95.5556	473.3397	94.7917	476.1053	95.1389	479.1609	95.0463	
21/08/2017	00:49:21	019001	G523083274HLR	L523	S		435.8318	1.0311	3.3716	99.9985	39.5500	0.8230	0.8259	5.0000	17.7424	508.0247	94.9537	16.7315	24.3000	0.9300	0.9336	0.6066	-0.0007	508.0000	506.6278	1.0285	10.0660	99.9572	39.1333	0.8230	0.8201	5.0000	-9999.0000	-9999.0000	-9999.0000	-9999.0000	-9999.0000	-9999.0000	17.8223	5	0	26.8636	1.0000	04	4	-9999.0000	22012	50789	-9999	2757	2727	-9999	302.1281	5	0.5947	0.6066	-0.0007	100.3679	-1.5142	468.1920	308.3653	37.4306	457.8891	95.6250	464.1388	94.8148	467.6895	95.0926	471.8139	95.0463	
21/08/2017	00:49:50	019001	G523083283HLR	L523	S		432.2404	1.0311	3.5502	99.9971	39.5500	0.8230	0.8259	5.0000	17.7619	508.0527	94.9537	16.6817	24.3000	0.9300	0.9335	0.6115	-0.0010	508.0000	509.3032	1.0285	10.3795	100.0708	39.1535	0.8230	0.8198	5.0000	-9999.0000	-9999.0000	-9999.0000	-9999.0000	-9999.0000	-9999.0000	18.0021	6	0	29.5241	1.0000	04	4	-9999.0000	22013	50790	-9999	2758	2728	-9999	302.1752	5	0.5949	0.6115	-0.0010	72.1843	0.1639	467.8916	313.7885	36.5046	457.3620	95.8333	463.8926	94.8611	467.8065	95.0463	472.0036	95.0694	
21/08/2017	00:50:19	019001	G523083273HLR	L523	S		432.2579	1.0311	3.5494	100.0665	39.5500	0.8230	0.8258	5.0000	17.9015	508.0490	94.9306	15.5615	24.2000	0.9300	0.9335	0.6115	-0.0010	508.0000	508.3763	1.0285	10.2709	100.0398	39.1105	0.8230	0.8197	5.0000	-9999.0000	-9999.0000	-9999.0000	-9999.0000	-9999.0000	-9999.0000	17.8528	7	0	28.6627	1.0000	04	4	-9999.0000	22014	50791	-9999	2759	2728	-9999	302.7491	5	0.5949	0.6115	-0.0010	72.1843	0.1639	466.0743	318.2512	37.1065	455.2087	95.8333	464.0976	94.8380	467.9063	95.0926	472.6820	95.0463	
21/08/2017	00:50:48	019001	G523083285HLR	L523	S		436.6329	1.0311	3.3317	100.0731	39.5500	0.8230	0.8259	5.0000	17.9330	508.0400	94.9537	16.9122	24.2000	0.9300	0.9335	0.6114	-0.0010	508.0000	507.7246	1.0285	10.1945	99.9564	39.1000	0.8230	0.8197	5.0000	-9999.0000	-9999.0000	-9999.0000	-9999.0000	-9999.0000	-9999.0000	17.9122	8	0	29.6139	1.0000	04	4	-9999.0000	22015	50792	-9999	2760	2729	-9999	302.0437	5	0.5950	0.6114	-0.0010	70.7275	0.2295	464.4801	312.4679	36.5972	453.9451	95.7870	461.4493	94.7685	465.8009	95.1389	469.8094	95.0231	
21/08/2017	00:51:15	019001	G523083284HLR	L523	Q		433.4592	1.0311	3.4896	99.9047	39.5483	0.8230	0.8260	5.0000	17.1124	508.0440	94.9306	15.4110	24.3000	0.9300	0.9334	0.6114	-0.0010	508.0000	508.5109	1.0285	10.2866	100.0592	39.1000	0.8230	0.8198	5.0000	-9999.0000	-9999.0000	-9999.0000	-9999.0000	-9999.0000	-9999.0000	17.8616	1	0	26.5130	1.0000	04	4	-9999.0000	22016	50793	-9999	2761	2730	-9999	302.8986	5	0.5950	0.6114	-0.0010	70.7275	0.2295	466.9786	316.3753	37.9167	455.9139	95.5093	464.5983	94.8148	468.4697	95.1157	472.6542	95.0463	
21/08/2017	00:51:44	019001	G523083272HLR	L523	S		435.4568	1.0311	3.3902	100.1110	39.5500	0.8230	0.8260	5.0000	17.4220	508.0580	94.9537	17.3224	24.3000	0.9300	0.9336	0.6136	-0.0011	508.0000	506.5730	1.0285	10.0596	99.9577	39.1000	0.8230	0.8198	5.0000	-9999.0000	-9999.0000	-9999.0000	-9999.0000	-9999.0000	-9999.0000	17.8615	2	0	28.7537	1.0000	04	4	-9999.0000	22017	50794	-9999	2762	2731	-9999	301.6812	5	0.5949	0.6136	-0.0011	64.4686	0.6645	460.8223	318.9559	35.5556	450.3119	96.0417	457.8039	94.7685	461.4683	95.1389	465.7991	95.0231	
21/08/2017	00:52:10	019001	G523083247HLR	L523	Q		436.4691	1.0311	3.3398	100.0637	39.5500	0.8230	0.8260	5.0000	17.3711	508.0684	94.9537	17.1613	24.3000	0.9300	0.9335	0.6139	-0.0012	508.0000	507.0556	1.0285	10.1161	99.8869	39.1000	0.8230	0.8198	5.0000	-9999.0000	-9999.0000	-9999.0000	-9999.0000	-9999.0000	-9999.0000	17.8919	3	0	26.7736	1.0000	04	4	-9999.0000	22018	50795	-9999	2763	2732	-9999	301.8427	5	0.5949	0.6139	-0.0012	65.0389	0.6236	463.1491	310.9813	38.1944	452.6921	95.4630	459.5711	94.6065	463.6646	95.1852	467.4212	95.0000	
21/08/2017	00:52:39	019001	G523083265HLR	L523	S		436.7101	1.0311	3.3279	99.9903	39.5500	0.8230	0.8259	5.0000	17.8115	508.0475	94.9306	17.3820	24.2000	0.9300	0.9334	0.6131	-0.0011	508.0000	508.1140	1.0285	10.2401	99.9628	39.1333	0.8230	0.8198	5.0000	-9999.0000	-9999.0000	-9999.0000	-9999.0000	-9999.0000	-9999.0000	17.9319	4	0	28.8033	1.0000	04	4	-9999.0000	22019	50796	-9999	2764	2733	-9999	301.6699	5	0.5949	0.6131	-0.0011	64.5373	0.6364	462.4058	316.3126	37.6389	452.4988	95.6019	459.4312	94.7454	462.7902	95.1157	466.9978	95.0463	
21/08/2017	00:53:05	019001	G523083255HLR	L523	S		433.4374	1.0311	3.4907	100.0299	39.5500	0.8230	0.8260	5.0000	17.3614	508.0720	94.9306	14.9618	24.3000	0.9300	0.9335	0.6131	-0.0011	508.0000	508.4623	1.0285	10.2809	99.9211	39.1333	0.8230	0.8198	5.0000	-9999.0000	-9999.0000	-9999.0000	-9999.0000	-9999.0000	-9999.0000	17.8918	5	0	25.4436	1.0000	04	4	-9999.0000	22020	50797	-9999	2765	2734	-9999	303.0735	5	0.5949	0.6131	-0.0011	64.5373	0.6364	466.5810	324.9061	36.9444	455.7722	95.8102	465.2849	94.7454	469.0259	95.1389	473.4845	95.0463	
21/08/2017	00:53:35	019001	G523083245HLR	L523	S		431.0987	1.0311	3.6070	100.0364	39.5500	0.8230	0.8260	5.0000	17.5813	508.0402	94.9306	16.5225	24.3000	0.9300	0.9336	0.6116	-0.0010	508.0000	508.8733	1.0285	10.3291	100.0003	39.1333	0.8230	0.8198	5.0000	-9999.0000	-9999.0000	-9999.0000	-9999.0000	-9999.0000	-9999.0000	17.8528	6	0	30.1736	1.0000	04	4	-9999.0000	22021	50798	-9999	2766	2735	-9999	302.1902	5	0.5950	0.6116	-0.0010	71.8308	0.1436	463.5609	331.5153	37.1528	451.8320	95.6944	461.3516	94.6991	464.7574	95.1389	469.5139	95.0694	
21/08/2017	00:54:01	019001	G523083275HLR	L523	S		433.9316	1.0311	3.4661	99.9790	39.5259	0.8230	0.8260	5.0000	17.6318	508.0428	94.9306	15.2020	24.3000	0.9300	0.9335	0.6116	-0.0010	508.0000	509.4925	1.0285	10.4016	99.9645	39.1128	0.8230	0.8198	5.0000	-9999.0000	-9999.0000	-9999.0000	-9999.0000	-9999.0000	-9999.0000	17.8517	7	0	26.5626	1.0000	04	4	-9999.0000	22022	50799	-9999	2766	2736	-9999	302.9895	5	0.5950	0.6116	-0.0010	71.8308	0.1436	470.0950	316.6407	38.1481	460.7870	95.5787	465.5136	94.7917	470.3390	95.1157	474.4700	95.0694	
21/08/2017	00:54:30	019001	G523083256HLR	L523	S		432.1677	1.0311	3.5538	99.8863	39.5500	0.8230	0.8259	5.0000	17.8918	508.0372	94.9537	16.6622	24.2000	0.9300	0.9337	0.6057	-0.0007	508.0000	509.4958	1.0285	10.4020	99.9573	39.1333	0.8230	0.8197	5.0000	-9999.0000	-9999.0000	-9999.0000	-9999.0000	-9999.0000	-9999.0000	17.8819	8	0	29.0837	1.0000	04	4	-9999.0000	22023	50800	-9999	2767	2737	-9999	302.2627	5	0.5949	0.6057	-0.0007	107.4466	-2.1023	465.8602	313.2811	37.5231	454.7463	95.7870	463.1134	94.6759	466.9213	95.2315	471.3733	95.0000	
21/08/2017	00:54:56	019001	G523083246HLR	L523	S		434.7314	1.0311	3.4263	100.0574	39.5500	0.8230	0.8263	5.0000	17.0821	508.0246	94.9769	13.9617	24.3000	0.9300	0.9335	0.6057	-0.0007	508.0000	507.7554	1.0285	10.1981	99.8165	39.1000	0.8230	0.8198	5.0000	-9999.0000	-9999.0000	-9999.0000	-9999.0000	-9999.0000	-9999.0000	17.7628	1	0	25.8126	1.0000	04	4	-9999.0000	22024	50801	-9999	2768	2737	-9999	303.1139	5	0.5949	0.6057	-0.0007	107.4466	-2.1023	474.2622	331.2903	36.5741	464.3222	95.7639	471.2725	94.7917	475.7107	95.1389	479.4176	95.0463	
21/08/2017	00:55:23	019001	G523083286HLR	L523	S		432.0098	1.0311	3.5617	99.9979	39.5500	0.8230	0.8259	5.0000	17.9123	508.0611	94.9537	18.0217	24.2000	0.9300	0.9337	0.6026	-0.0005	508.0000	509.7253	1.0285	10.4289	100.0045	39.1333	0.8230	0.8198	5.0000	-9999.0000	-9999.0000	-9999.0000	-9999.0000	-9999.0000	-9999.0000	17.8721	2	0	26.6037	1.0000	04	4	-9999.0000	22025	50802	-9999	2769	2738	-9999	301.9244	5	0.5949	0.6026	-0.0005	105.3286	-1.9417	468.0763	317.1349	37.1991	457.0678	95.9259	465.6212	94.6065	467.5134	95.1620	471.8192	95.0000	
21/08/2017	00:55:49	019001	G523083266HLR	L523	S		432.5681	1.0311	3.5339	100.0951	39.5244	0.8230	0.8260	5.0000	17.2325	508.0599	94.9306	14.8319	24.2000	0.9300	0.9335	0.6026	-0.0005	508.0000	508.0374	1.0285	10.2312	100.0118	39.1309	0.8230	0.8198	5.0000	-9999.0000	-9999.0000	-9999.0000	-9999.0000	-9999.0000	-9999.0000	17.9621	3	0	26.6233	1.0000	04	4	-9999.0000	22026	50803	-9999	2770	2739	-9999	302.6212	5	0.5949	0.6026	-0.0005	105.3286	-1.9417	472.8860	325.9243	37.0139	461.1262	95.8333	469.8963	94.7685	474.2022	95.2315	477.8242	94.9537	
21/08/2017	00:56:16	019001	G523083276HLR	L523	S		435.2576	1.0311	3.4001	100.1542	39.5500	0.8230	0.8260	5.0000	17.3418	508.0712	94.9306	16.8116	24.3000	0.9300	0.9338	0.6054	-0.0006	508.0000	507.1216	1.0285	10.1239	99.9505	39.1333	0.8230	0.8199	5.0000	-9999.0000	-9999.0000	-9999.0000	-9999.0000	-9999.0000	-9999.0000	17.7726	4	0	26.6635	1.0000	04	4	-9999.0000	22027	50804	-9999	2771	2740	-9999	302.1510	5	0.5950	0.6054	-0.0006	91.1948	-1.0941	473.1606	317.7014	35.3009	462.4056	95.4630	467.9236	94.8843	471.0559	95.0694	474.6986	95.0463	
21/08/2017	00:56:42	019001	G523084190HLR	L523	S		438.9598	1.0311	3.2159	100.0632	39.5500	0.8230	0.8260	5.0000	17.3019	508.0603	94.9537	14.3123	24.2000	0.9300	0.9335	0.6054	-0.0006	508.0000	510.0063	1.0285	10.4618	100.0530	39.1333	0.8230	0.8198	5.0000	-9999.0000	-9999.0000	-9999.0000	-9999.0000	-9999.0000	-9999.0000	17.7425	5	0	26.2532	1.0000	04	4	-9999.0000	22028	50805	-9999	2772	2741	-9999	302.9507	5	0.5950	0.6054	-0.0006	91.1948	-1.0941	473.6495	303.0960	38.0324	462.1749	95.5324	471.4252	94.7454	475.1173	95.0926	479.5747	95.0463	
21/08/2017	00:57:09	019001	G523084191HLR	L523	S		438.1938	1.0311	3.2540	100.0430	39.5500	0.8230	0.8260	5.0000	17.0528	508.0816	94.9306	14.4119	24.2000	0.9300	0.9335	0.6083	-0.0008	508.0000	509.5152	1.0285	10.4043	99.9166	39.1333	0.8230	0.8198	5.0000	-9999.0000	-9999.0000	-9999.0000	-9999.0000	-9999.0000	-9999.0000	17.9024	6	0	27.1430	1.0000	04	4	-9999.0000	22029	50806	-9999	2773	2742	-9999	302.9954	5	0.5947	0.6083	-0.0008	76.5826	-0.1319	472.8817	321.4230	36.5741	461.5199	95.9491	469.4376	94.7685	473.3426	95.1389	477.2664	95.0231	
21/08/2017	00:57:36	019001	G523084192HLR	L523	S		436.5752	1.0311	3.3346	100.0849	39.5468	0.8230	0.8259	5.0000	17.6221	508.0459	94.9306	15.0819	24.2000	0.9300	0.9335	0.6079	-0.0008	508.0000	509.1893	1.0285	10.3661	99.9346	39.1333	0.8230	0.8198	5.0000	-9999.0000	-9999.0000	-9999.0000	-9999.0000	-9999.0000	-9999.0000	17.8916	7	0	26.9427	1.0000	04	4	-9999.0000	22030	50807	-9999	2774	2743	-9999	302.6207	5	0.5948	0.6079	-0.0008	77.4204	-0.1815	471.2151	312.5308	36.3657	460.9831	95.9028	467.7154	94.8148	471.4524	95.1389	475.7621	95.0231	
21/08/2017	00:58:03	019001	G523084202HLR	L523	S		438.7546	1.0311	3.2261	99.9591	39.5500	0.8230	0.8259	5.0000	17.7619	508.0963	94.9306	14.4510	24.2000	0.9300	0.9336	0.6088	-0.0009	508.0000	507.0006	1.0285	10.1097	99.8997	39.1407	0.8230	0.8198	5.0000	-9999.0000	-9999.0000	-9999.0000	-9999.0000	-9999.0000	-9999.0000	17.8820	8	0	27.0140	1.0000	04	4	-9999.0000	22031	50808	-9999	2775	2744	-9999	302.9767	5	0.5948	0.6088	-0.0009	75.3321	-0.0477	472.3266	328.3116	38.9352	461.3608	95.4167	468.7965	94.8148	472.5968	95.1389	476.8521	95.0463	
21/08/2017	00:58:30	019001	G523083962HLR	L523	S		437.7241	1.0311	3.2774	99.8881	39.5500	0.8230	0.8260	5.0000	17.6017	508.0351	94.9306	14.7215	24.2000	0.9300	0.9336	0.6085	-0.0009	508.0000	506.2293	1.0285	10.0193	99.8696	39.1333	0.8230	0.8198	5.0000	-9999.0000	-9999.0000	-9999.0000	-9999.0000	-9999.0000	-9999.0000	17.8322	1	0	26.4631	1.0000	04	4	-9999.0000	22032	50809	-9999	2776	2745	-9999	302.6421	5	0.5947	0.6085	-0.0009	55.3698	1.2832	471.5960	321.9227	37.8472	460.6720	95.6944	468.8566	94.8148	472.7354	95.1389	476.7401	95.0000	
21/08/2017	00:58:57	019001	G523084148HLR	L523	S		438.4411	1.0311	3.2417	99.8881	39.5500	0.8230	0.8260	5.0000	17.2023	508.0346	94.9306	14.9227	24.2000	0.9300	0.9335	0.6067	-0.0008	508.0000	506.7363	1.0285	10.0787	99.9792	39.1333	0.8230	0.8198	5.0000	-9999.0000	-9999.0000	-9999.0000	-9999.0000	-9999.0000	-9999.0000	17.8625	2	0	27.4633	1.0000	04	2	-9999.0000	22033	50810	-9999	2777	2746	-9999	302.4078	5	0.5948	0.6067	-0.0008	50.8243	1.5688	470.0399	314.3081	36.5741	458.3765	95.8333	468.0596	94.8380	472.6596	95.1157	476.7449	95.0463	
21/08/2017	00:59:53	019001	G523084158HLR	L523	S		434.3313	1.0311	3.4462	100.0720	39.5500	0.8230	0.8260	5.0000	17.4924	508.0868	94.9537	14.8114	24.4000	0.9300	0.9340	0.6075	-0.0008	508.0000	505.0330	1.0285	9.8792	100.0145	39.0000	0.8230	0.8193	5.0000	-9999.0000	-9999.0000	-9999.0000	-9999.0000	-9999.0000	-9999.0000	17.9425	4	0	28.6236	1.0000	04	2	-9999.0000	22034	50811	-9999	2779	2747	-9999	302.5115	5	0.5950	0.6075	-0.0008	51.5631	1.4283	470.4013	318.6888	36.6435	460.4254	96.3657	466.1868	94.7454	470.2078	95.0926	474.5232	95.0231	
21/08/2017	01:00:19	019001	G523084123HLR	L523	S		436.7887	1.0311	3.3239	100.0378	39.5388	0.8230	0.8260	5.0000	17.1016	508.0660	94.9306	14.8221	24.3000	0.9300	0.9339	0.6087	-0.0009	508.0000	506.6920	1.0285	10.0735	99.9504	39.0333	0.8230	0.8200	5.0000	-9999.0000	-9999.0000	-9999.0000	-9999.0000	-9999.0000	-9999.0000	17.8525	5	0	25.9533	1.0000	04	2	-9999.0000	22035	50812	-9999	2780	2748	-9999	302.6864	5	0.5953	0.6087	-0.0009	48.5953	1.5762	470.3657	320.8328	38.7500	459.9792	95.7639	467.8138	94.7917	471.0918	95.0926	476.1830	95.0000	
21/08/2017	01:00:47	019001	G523084136HLR	L523	S		439.5356	1.0311	3.1873	100.0090	39.5500	0.8230	0.8259	5.0000	17.9425	508.0402	94.9074	15.2714	24.3000	0.9300	0.9337	0.6074	-0.0008	508.0000	507.5841	1.0285	10.1781	100.0163	39.1529	0.8230	0.8202	5.0000	-9999.0000	-9999.0000	-9999.0000	-9999.0000	-9999.0000	-9999.0000	17.8310	6	0	28.2533	1.0000	04	2	-9999.0000	22036	50813	-9999	2781	2749	-9999	302.5814	5	0.5956	0.6074	-0.0008	51.2337	1.3584	470.1563	315.6700	35.9028	459.3080	96.1111	467.7973	94.7685	471.4936	95.1157	475.2700	95.0000	
21/08/2017	01:01:13	019001	G523084146HLR	L523	S		438.2327	1.0311	3.2521	99.9139	39.5500	0.8230	0.8260	5.0000	17.4621	508.0464	94.9306	15.5527	24.2000	0.9300	0.9337	0.6074	-0.0008	508.0000	505.0664	1.0285	9.8831	99.9415	39.1667	0.8230	0.8199	5.0000	-9999.0000	-9999.0000	-9999.0000	-9999.0000	-9999.0000	-9999.0000	17.8722	7	0	25.6233	1.0000	04	2	-9999.0000	22037	50814	-9999	2782	2750	-9999	302.4774	5	0.5956	0.6074	-0.0008	51.2337	1.3584	471.2619	336.7175	39.8611	462.4245	95.3009	467.1930	94.7917	471.7307	95.1389	475.0779	95.0231	
21/08/2017	01:01:39	019001	G523084166HLR	L523	S		438.7861	1.0311	3.2246	100.0424	39.5500	0.8230	0.8261	5.0000	17.0018	508.0374	94.9306	16.4620	24.3000	0.9300	0.9337	0.5976	-0.0001	508.0000	508.6665	1.0285	10.3049	99.8759	39.1333	0.8230	0.8197	5.0000	-9999.0000	-9999.0000	-9999.0000	-9999.0000	-9999.0000	-9999.0000	17.8224	8	0	26.2326	1.0000	04	2	-9999.0000	22038	50815	-9999	2783	2751	-9999	302.1978	5	0.5963	0.5976	-0.0001	59.7830	0.7288	470.3055	332.8906	39.4213	461.2300	95.4861	464.5290	94.8380	468.8073	95.1389	472.3302	95.0000	
21/08/2017	01:02:06	019001	G523084163HLR	L523	S		440.8499	1.0311	3.1219	100.1101	39.5500	0.8230	0.8258	5.0000	18.2122	508.0393	94.9074	14.4725	24.3000	0.9300	0.9336	0.5976	-0.0001	508.0000	505.8601	1.0285	9.9761	100.0830	39.1053	0.8230	0.8198	5.0000	-9999.0000	-9999.0000	-9999.0000	-9999.0000	-9999.0000	-9999.0000	17.8820	1	0	27.3432	1.0000	04	2	-9999.0000	22039	50816	-9999	2784	2752	-9999	302.9964	5	0.5963	0.5976	-0.0001	59.7830	0.7288	481.2595	320.1200	37.4306	471.1636	95.6713	476.2402	94.8148	479.3811	95.1157	483.0635	95.0463	
21/08/2017	01:02:33	019001	G523084162HLR	L523	S		437.6725	1.0311	3.2800	99.9390	39.5500	0.8230	0.8260	5.0000	17.0613	508.0471	94.9306	16.0518	24.3000	0.9300	0.9338	0.5985	-0.0001	508.0000	508.4600	1.0285	10.2807	99.9266	39.1333	0.8230	0.8199	5.0000	-9999.0000	-9999.0000	-9999.0000	-9999.0000	-9999.0000	-9999.0000	17.7414	2	0	26.8441	1.0000	04	2	-9999.0000	22040	50817	-9999	2785	2753	-9999	302.9390	5	0.5966	0.5985	-0.0001	109.5347	-2.7113	475.3574	330.4014	38.0324	464.9258	95.5324	471.1444	94.7917	475.3730	95.1852	477.7682	94.9769	
21/08/2017	01:03:00	019001	G523084138HLR	L523	S		442.2023	1.0311	3.0546	100.1097	39.5500	0.8230	0.8260	5.0000	17.1027	508.0266	94.9306	14.0515	24.3000	0.9300	0.9337	0.5985	-0.0001	508.0000	508.1818	1.0285	10.2481	99.9115	39.1333	0.8230	0.8198	5.0000	-9999.0000	-9999.0000	-9999.0000	-9999.0000	-9999.0000	-9999.0000	17.7922	3	0	26.7326	1.0000	04	2	-9999.0000	22041	50818	-9999	2786	2754	-9999	303.0538	5	0.5966	0.5985	-0.0001	109.5347	-2.7113	480.8209	321.9589	37.0602	469.4854	95.6481	476.9212	94.7917	480.5567	95.1389	483.8498	95.0231	
21/08/2017	01:03:29	019001	G523084125HLR	L523	S		440.0194	1.0311	3.1632	99.9109	39.5500	0.8230	0.8260	5.0000	17.4023	508.0558	94.9537	14.0115	24.3000	0.9300	0.9336	0.6131	-0.0011	508.0000	506.6948	1.0285	10.0739	100.0280	39.1333	0.8230	0.8198	5.0000	-9999.0000	-9999.0000	-9999.0000	-9999.0000	-9999.0000	-9999.0000	17.7718	4	0	28.9039	1.0000	04	2	-9999.0000	22042	50819	-9999	2787	2755	-9999	303.7410	5	0.5966	0.6131	-0.0011	74.4827	-0.3386	469.2459	312.9175	36.1343	457.7896	95.8333	467.2384	94.6991	471.3589	95.1389	475.7162	95.0231	
21/08/2017	01:03:55	019001	G523084145HLR	L523	S		436.6435	1.0311	3.3312	99.9991	39.5484	0.8230	0.8260	5.0000	17.5119	508.0609	94.9306	15.8720	24.3000	0.9300	0.9336	0.6250	-0.0018	508.0000	506.7307	1.0285	10.0781	99.9637	39.1333	0.8230	0.8198	5.0000	-9999.0000	-9999.0000	-9999.0000	-9999.0000	-9999.0000	-9999.0000	17.7920	5	0	26.5738	1.0000	04	2	-9999.0000	22042	50820	-9999	2788	2756	-9999	302.4794	5	0.5972	0.6250	-0.0018	53.1741	1.0247	454.9807	314.0165	36.5741	443.5223	95.9259	453.7921	94.7454	458.2193	95.1620	463.3569	95.0231	
21/08/2017	01:04:24	019001	G523084160HLR	L523	S		440.0727	1.0311	3.1606	100.0096	39.5500	0.8230	0.8260	5.0000	17.5217	508.0486	94.9537	14.6014	24.3000	0.9300	0.9336	0.6250	-0.0018	508.0000	507.9578	1.0285	10.2218	99.9910	39.1311	0.8230	0.8198	5.0000	-9999.0000	-9999.0000	-9999.0000	-9999.0000	-9999.0000	-9999.0000	17.9426	6	0	28.8431	1.0000	04	2	-9999.0000	22043	50821	-9999	2789	2757	-9999	303.8919	5	0.5972	0.6250	-0.0018	53.1741	1.0247	460.6685	306.0030	36.1574	449.4649	95.9028	459.3593	94.6528	463.9648	95.1620	468.8105	95.0231	
21/08/2017	01:04:50	019001	G523084154HLR	L523	S		439.9533	1.0311	3.1665	100.0717	39.5500	0.8230	0.8261	5.0000	16.9815	508.0543	94.9306	15.1718	24.3000	0.9300	0.9337	0.6181	-0.0014	508.0000	507.7722	1.0285	10.2001	100.0197	39.1128	0.8230	0.8198	5.0000	-9999.0000	-9999.0000	-9999.0000	-9999.0000	-9999.0000	-9999.0000	17.8117	7	0	25.4923	1.0000	04	2	-9999.0000	22044	50822	-9999	2790	2758	-9999	303.3504	5	0.5971	0.6181	-0.0014	45.6535	1.5040	467.1255	311.9702	35.3704	456.1429	96.0648	465.0299	94.8148	468.8981	95.1852	472.8350	94.9769	
21/08/2017	01:05:19	019001	G523084153HLR	L523	S		435.3572	1.0311	3.3952	100.0441	39.5500	0.8230	0.8260	5.0000	17.0714	508.0358	94.9537	16.6427	24.3000	0.9300	0.9336	0.6210	-0.0016	508.0000	506.5290	1.0285	10.0544	100.0115	39.1333	0.8230	0.8198	5.0000	-9999.0000	-9999.0000	-9999.0000	-9999.0000	-9999.0000	-9999.0000	17.9221	8	0	29.0338	1.0000	04	2	-9999.0000	22045	50823	-9999	2791	2759	-9999	302.1250	5	0.5972	0.6210	-0.0016	43.2666	1.6570	457.3193	305.7897	36.7361	446.7683	95.9491	453.7895	94.7917	458.1163	95.1389	462.6819	95.0000	
21/08/2017	01:05:47	019001	G523084151HLR	L523	S		440.4212	1.0311	3.1432	100.0197	39.5500	0.8230	0.8259	5.0000	17.2519	508.0340	94.9306	14.9813	24.2000	0.9300	0.9336	0.6210	-0.0016	508.0000	508.9616	1.0285	10.3394	100.0876	39.1201	0.8230	0.8198	5.0000	-9999.0000	-9999.0000	-9999.0000	-9999.0000	-9999.0000	-9999.0000	18.0057	1	0	27.7133	1.0000	04	2	-9999.0000	22046	50824	-9999	2792	2760	-9999	303.6268	5	0.5972	0.6210	-0.0016	43.2666	1.6570	464.4335	308.6417	37.7778	453.2541	95.5093	461.8045	94.7917	465.9240	95.1157	470.5455	95.0231	
21/08/2017	01:06:13	019001	G523084143HLR	L523	S		434.2555	1.0311	3.4500	100.0460	39.5500	0.8230	0.8255	5.0000	19.2825	508.0631	94.9306	16.7423	24.2000	0.9300	0.9336	0.6249	-0.0018	508.0000	506.8584	1.0285	10.0930	99.9337	39.1333	0.8230	0.8198	5.0000	-9999.0000	-9999.0000	-9999.0000	-9999.0000	-9999.0000	-9999.0000	17.9017	2	0	26.9437	1.0000	04	2	-9999.0000	22047	50825	-9999	2793	2761	-9999	302.2045	5	0.5972	0.6249	-0.0018	40.5757	1.8070	458.1144	310.6608	36.1343	447.6829	95.9491	455.4532	94.7454	459.5326	95.1620	464.3843	95.0463	
21/08/2017	01:06:41	019001	G523084150HLR	L523	S		439.9339	1.0311	3.1675	99.9821	39.5195	0.8230	0.8260	5.0000	17.4924	508.0748	94.9537	13.9812	24.2000	0.9300	0.9336	0.6249	-0.0018	508.0000	508.7980	1.0285	10.3203	99.9232	39.1329	0.8230	0.8198	5.0000	-9999.0000	-9999.0000	-9999.0000	-9999.0000	-9999.0000	-9999.0000	17.9727	3	0	27.6528	1.0000	04	2	-9999.0000	22048	50826	-9999	2794	2762	-9999	304.6610	5	0.5972	0.6249	-0.0018	40.5757	1.8070	463.0488	312.5505	37.1296	452.0829	95.7870	461.3225	94.7685	465.8146	95.1389	470.6983	95.0463	
21/08/2017	01:07:08	019001	G523084133HLR	L523	S		435.3084	1.0311	3.3976	100.1105	39.5596	0.8230	0.8261	5.0000	17.5519	508.0674	94.9306	16.8624	24.2000	0.9300	0.9336	0.6198	-0.0015	508.0000	507.5959	1.0285	10.1794	99.9213	39.1323	0.8230	0.8198	5.0000	-9999.0000	-9999.0000	-9999.0000	-9999.0000	-9999.0000	-9999.0000	17.9825	4	0	26.8236	1.0000	04	2	-9999.0000	22049	50827	-9999	2795	2763	-9999	302.4917	5	0.5970	0.6198	-0.0015	40.8387	1.8207	459.3913	312.0993	36.3657	449.0914	95.9259	456.0675	94.7917	460.1404	95.0926	465.0375	95.0000	
21/08/2017	01:07:37	019001	G523084130HLR	L523	S		435.8703	1.0311	3.3696	99.9649	39.5500	0.8230	0.8260	5.0000	17.2316	508.0777	94.9537	16.2022	24.2000	0.9300	0.9337	0.6137	-0.0011	508.0000	506.8120	1.0285	10.0876	99.9095	39.1333	0.8230	0.8198	5.0000	-9999.0000	-9999.0000	-9999.0000	-9999.0000	-9999.0000	-9999.0000	17.8917	5	0	28.6537	1.0000	04	2	-9999.0000	22050	50828	-9999	2796	2764	-9999	302.7798	5	0.5972	0.6137	-0.0011	36.1387	2.1419	459.3741	306.9303	38.0324	448.2963	95.5556	456.6952	94.7685	461.2314	95.1620	465.9631	95.0463	
21/08/2017	01:08:05	019001	G523084118HLR	L523	S		441.0754	1.0311	3.1107	99.9922	39.5500	0.8230	0.8260	5.0000	17.0518	508.0695	94.9537	14.7723	24.2000	0.9300	0.9335	0.6137	-0.0011	508.0000	507.8818	1.0285	10.2129	100.0012	39.1333	0.8230	0.8199	5.0000	-9999.0000	-9999.0000	-9999.0000	-9999.0000	-9999.0000	-9999.0000	17.8723	6	0	28.2927	1.0000	04	2	-9999.0000	22051	50829	-9999	2796	2765	-9999	303.8671	5	0.5972	0.6137	-0.0011	36.1387	2.1419	469.4239	313.6041	37.8704	458.2755	95.5556	466.9529	94.8148	471.1546	95.0926	475.6481	95.0463	
21/08/2017	01:08:32	019001	G523084120HLR	L523	S		436.7386	1.0311	3.3264	100.1935	39.5500	0.8230	0.8260	5.0000	17.2920	508.0498	94.9537	16.1016	24.2000	0.9300	0.9336	0.6131	-0.0010	508.0000	507.7064	1.0285	10.1924	100.0349	39.1333	0.8230	0.8198	5.0000	-9999.0000	-9999.0000	-9999.0000	-9999.0000	-9999.0000	-9999.0000	18.0119	7	0	27.4035	1.0000	04	2	-9999.0000	22052	50830	-9999	2797	2766	-9999	303.1166	5	0.5972	0.6131	-0.0010	37.2100	2.0747	465.9748	320.0131	39.0046	456.9598	95.3472	461.8950	94.8148	465.8852	95.0926	470.2563	95.0231	
21/08/2017	01:09:02	019001	G523084124HLR	L523	S		438.5551	1.0311	3.2361	100.0151	39.5189	0.8230	0.8260	5.0000	17.5020	508.0523	94.9306	14.6326	24.2000	0.9300	0.9336	0.6131	-0.0010	508.0000	508.4134	1.0285	10.2752	99.8920	39.1333	0.8230	0.8198	5.0000	-9999.0000	-9999.0000	-9999.0000	-9999.0000	-9999.0000	-9999.0000	17.8625	8	0	29.8337	1.0000	04	2	-9999.0000	22053	50831	-9999	2798	2767	-9999	303.9914	5	0.5972	0.6131	-0.0010	37.2100	2.0747	471.3509	317.4715	37.7778	461.5902	95.5093	467.4549	94.7917	471.4718	95.2315	475.3668	94.9769	
21/08/2017	01:09:29	019001	G523084315HLR	L523	S		433.4255	1.0311	3.4913	99.9731	39.5500	0.8230	0.8261	5.0000	16.9727	508.0628	94.9537	17.0822	24.2000	0.9300	0.9338	0.6119	-0.0009	508.0000	509.3104	1.0285	10.3803	100.0247	39.1333	0.8230	0.8198	5.0000	-9999.0000	-9999.0000	-9999.0000	-9999.0000	-9999.0000	-9999.0000	17.9621	1	0	26.7533	1.0000	04	2	-9999.0000	22054	50832	-9999	2799	2768	-9999	302.7864	5	0.5972	0.6119	-0.0009	34.8849	2.2162	463.9957	315.2753	37.5231	453.0937	95.8333	461.5041	94.7917	465.9909	95.1157	469.7334	95.0231	
21/08/2017	01:09:56	019001	G523084325HLR	L523	S		435.3371	1.0311	3.3962	100.0340	39.5500	0.8230	0.8261	5.0000	17.3429	508.0471	94.9537	16.1328	24.2000	0.9300	0.9336	0.6116	-0.0009	508.0000	510.1373	1.0285	10.4772	100.0053	39.1333	0.8230	0.8198	5.0000	-9999.0000	-9999.0000	-9999.0000	-9999.0000	-9999.0000	-9999.0000	17.8819	2	0	26.8830	1.0000	04	2	-9999.0000	22055	50833	-9999	2800	2769	-9999	303.2395	5	0.5972	0.6116	-0.0009	33.8943	2.2811	466.0134	312.3117	35.7407	453.9232	95.8796	463.8659	94.6296	467.7454	95.2315	471.4194	94.9537	
21/08/2017	01:10:23	019001	G523084306HLR	L523	S		437.3829	1.0311	3.2944	99.9419	39.5500	0.8230	0.8260	5.0000	17.0917	508.0314	94.9306	15.8222	24.2000	0.9300	0.9336	0.6108	-0.0009	508.0000	508.6292	1.0285	10.3005	100.0461	39.1000	0.8230	0.8198	5.0000	-9999.0000	-9999.0000	-9999.0000	-9999.0000	-9999.0000	-9999.0000	17.8224	3	0	26.9937	1.0000	04	2	-9999.0000	22056	50834	-9999	2801	2770	-9999	303.4097	5	0.5972	0.6108	-0.0009	45.6750	1.5593	467.4687	308.8491	35.1620	456.8073	95.9954	463.8096	94.5602	467.6438	95.1852	471.8103	95.0000	
21/08/2017	01:10:51	019001	G523084334HLR	L523	S		436.1482	1.0311	3.3558	100.1898	39.5500	0.8230	0.8260	5.0000	17.4924	508.0472	94.9537	17.5519	24.2000	0.9300	0.9336	0.6110	-0.0009	508.0000	507.3504	1.0285	10.1507	100.0426	39.1333	0.8230	0.8199	5.0000	-9999.0000	-9999.0000	-9999.0000	-9999.0000	-9999.0000	-9999.0000	17.7923	4	0	28.5033	1.0000	04	2	-9999.0000	22057	50835	-9999	2802	2771	-9999	302.6483	5	0.5969	0.6110	-0.0009	45.7778	1.5724	464.5140	310.6743	37.2454	454.1238	95.7407	461.9324	94.7917	465.9748	95.1389	469.6799	95.0000	
21/08/2017	01:11:19	019001	G523084134HLR	L523	S		443.0059	1.0311	3.0146	100.1826	39.5364	0.8230	0.8259	5.0000	17.7228	508.0466	94.9306	15.1620	24.2000	0.9300	0.9337	0.6110	-0.0009	508.0000	508.7472	1.0285	10.3143	100.0419	39.1333	0.8230	0.8198	5.0000	-9999.0000	-9999.0000	-9999.0000	-9999.0000	-9999.0000	-9999.0000	18.0226	5	0	28.0435	1.0000	04	2	-9999.0000	22058	50836	-9999	2803	2772	-9999	303.6912	5	0.5969	0.6110	-0.0009	45.7778	1.5724	472.4057	307.9345	36.5046	462.0181	95.7176	470.0332	94.8380	473.4728	95.0694	477.0163	95.0463	
21/08/2017	01:11:50	019001	G523084341HLR	L523	S		441.5220	1.0311	3.0885	100.0102	39.5500	0.8230	0.8260	5.0000	17.5821	508.0663	94.9537	14.6424	24.2000	0.9300	0.9336	0.6120	-0.0009	508.0000	510.8190	1.0285	10.5570	99.9583	39.1333	0.8230	0.8198	5.0000	-9999.0000	-9999.0000	-9999.0000	-9999.0000	-9999.0000	-9999.0000	17.9525	6	0	30.3933	1.0000	04	2	-9999.0000	22059	50837	-9999	2804	2773	-9999	303.9126	5	0.5967	0.6120	-0.0009	39.1718	2.0249	470.7652	310.1613	36.4815	460.0814	95.7639	467.7762	94.8843	471.7475	95.0694	475.8471	95.0694	
21/08/2017	01:12:15	019001	G523084324HLR	L523	S		439.2487	1.0311	3.2016	100.0226	39.5500	0.8230	0.8260	5.0000	17.2822	508.0355	94.9306	15.5126	24.2000	0.9300	0.9338	0.6133	-0.0010	508.0000	511.0823	1.0285	10.5879	99.9378	39.1333	0.8230	0.8198	5.0000	-9999.0000	-9999.0000	-9999.0000	-9999.0000	-9999.0000	-9999.0000	17.7325	7	0	25.8030	1.0000	04	2	-9999.0000	22060	50838	-9999	2805	2774	-9999	303.4716	5	0.5967	0.6133	-0.0010	41.9482	1.8567	467.7207	319.0508	36.5046	456.9971	95.8796	464.8106	94.7222	468.8382	95.1620	473.2503	95.0231	
21/08/2017	01:12:42	019001	G523084335HLR	L523	S		433.5782	1.0311	3.4837	100.0667	39.5500	0.8230	0.8262	5.0000	17.5529	508.0518	94.9306	16.2520	24.2000	0.9300	0.9337	0.6103	-0.0008	508.0000	504.2230	1.0285	9.7843	99.9476	39.1074	0.8230	0.8197	5.0000	-9999.0000	-9999.0000	-9999.0000	-9999.0000	-9999.0000	-9999.0000	17.8526	8	0	26.0734	1.0000	04	2	-9999.0000	22061	50839	-9999	2806	2775	-9999	303.1620	5	0.5966	0.6103	-0.0008	36.4986	2.1494	465.6364	316.1702	37.0370	455.3746	95.8333	462.6049	94.8148	466.5835	95.1389	470.4528	95.0231	
21/08/2017	01:13:06	019001	G523084354HLR	L523	S		438.7653	1.0311	3.2256	100.0749	39.5500	0.8230	0.8261	5.0000	17.0127	508.0603	94.9537	16.5323	24.2000	0.9300	0.9337	0.6057	-0.0006	508.0000	507.1372	1.0285	10.1257	99.8992	39.1000	0.8230	0.8199	5.0000	-9999.0000	-9999.0000	-9999.0000	-9999.0000	-9999.0000	-9999.0000	17.8920	1	0	24.9034	1.0000	04	2	-9999.0000	22062	50840	-9999	2807	2776	-9999	302.9518	5	0.5965	0.6057	-0.0006	38.3385	2.0457	467.8454	311.5740	35.9954	457.0142	95.9491	465.3717	94.6759	468.3012	95.1852	472.4625	95.0231	
21/08/2017	01:13:34	019001	G523084343HLR	L523	S		433.5894	1.0311	3.4831	100.0186	39.5500	0.8230	0.8260	5.0000	17.1719	508.0294	94.9537	18.1116	24.2000	0.9300	0.9338	0.6046	-0.0005	508.0000	506.7425	1.0285	10.0795	100.0098	39.1333	0.8230	0.8200	5.0000	-9999.0000	-9999.0000	-9999.0000	-9999.0000	-9999.0000	-9999.0000	17.7717	2	0	27.2631	1.0000	04	2	-9999.0000	22063	50841	-9999	2808	2777	-9999	302.4272	5	0.5961	0.6046	-0.0005	37.3128	2.1322	466.3573	322.8420	37.1296	456.1285	95.8565	463.3949	94.7685	466.3437	95.0926	469.7813	95.0694	
21/08/2017	01:14:03	019001	G523084351HLR	L523	S		438.6224	1.0311	3.2327	100.0369	39.5500	0.8230	0.8259	5.0000	17.7521	508.0461	94.9306	14.3015	24.2000	0.9300	0.9336	0.6046	-0.0005	508.0000	506.9776	1.0285	10.1070	99.9923	39.1625	0.8230	0.8199	5.0000	-9999.0000	-9999.0000	-9999.0000	-9999.0000	-9999.0000	-9999.0000	17.7618	3	0	29.0631	1.0000	04	2	-9999.0000	22064	50842	-9999	2809	2778	-9999	303.3124	5	0.5961	0.6046	-0.0005	37.3128	2.1322	477.0552	327.3509	39.0972	466.8536	95.3009	474.6892	94.6991	478.0068	95.2546	481.1039	94.9074	
21/08/2017	01:14:28	019001	G523084144HLR	L523	S		443.5096	1.0311	2.9896	99.9946	39.5500	0.8230	0.8259	5.0000	17.6223	508.0206	94.9537	13.8816	24.2000	0.9300	0.9336	0.5983	-0.0001	508.0000	506.7942	1.0285	10.0855	100.0195	39.1556	0.8230	0.8198	5.0000	-9999.0000	-9999.0000	-9999.0000	-9999.0000	-9999.0000	-9999.0000	17.8929	4	0	25.5833	1.0000	04	2	-9999.0000	22065	50843	-9999	2810	2779	-9999	303.0680	5	0.5964	0.5983	-0.0001	47.5301	1.4986	482.1971	330.6851	37.1528	471.9878	95.6713	478.5148	94.7685	483.2047	95.1620	485.8951	95.0231	
21/08/2017	01:15:32	019001	G523084352HLR	L523	S		437.2657	1.0311	3.3002	100.1935	39.5500	0.8230	0.8262	5.0000	17.1719	508.0496	94.9306	15.1122	24.3000	0.9300	0.9340	0.5971	-0.0001	508.0000	506.2043	1.0285	10.0164	100.0112	39.0000	0.8230	0.8193	5.0000	-9999.0000	-9999.0000	-9999.0000	-9999.0000	-9999.0000	-9999.0000	17.7922	6	0	26.3429	1.0000	04	2	-9999.0000	22066	50844	-9999	2812	2780	-9999	303.0094	5	0.5963	0.5971	-0.0001	49.8153	1.3128	478.3724	326.3601	37.6620	468.8426	96.0880	473.4202	94.7454	476.9130	95.1157	480.3686	95.0000	
21/08/2017	01:15:58	019001	G523084305HLR	L523	S		436.3799	1.0311	3.3443	100.0583	39.5500	0.8230	0.8261	5.0000	17.1016	508.0202	94.9537	17.5627	24.2000	0.9300	0.9339	0.6004	-0.0002	508.0000	510.4677	1.0285	10.5159	99.9533	39.0620	0.8230	0.8199	5.0000	-9999.0000	-9999.0000	-9999.0000	-9999.0000	-9999.0000	-9999.0000	17.9318	7	0	26.7640	1.0000	04	2	-9999.0000	22067	50845	-9999	2813	2781	-9999	302.9210	5	0.5970	0.6004	-0.0002	45.6804	1.5004	475.8979	338.0517	39.7454	466.9489	95.6250	469.4577	94.9074	473.3483	95.1620	476.2584	94.9537	
21/08/2017	01:16:24	019001	G523084316HLR	L523	S		440.7890	1.0311	3.1249	99.9708	39.5500	0.8230	0.8260	5.0000	17.0421	508.0487	94.9306	12.6715	24.2000	0.9300	0.9336	0.6004	-0.0002	508.0000	508.2252	1.0285	10.2532	100.0361	39.1000	0.8230	0.8201	5.0000	-9999.0000	-9999.0000	-9999.0000	-9999.0000	-9999.0000	-9999.0000	17.9620	8	0	25.5832	1.0000	04	2	-9999.0000	22068	50846	-9999	2814	2782	-9999	303.6746	5	0.5970	0.6004	-0.0002	45.6804	1.5004	484.8641	335.3469	40.2778	475.8271	95.1389	480.1785	94.7685	484.0269	95.1389	487.6230	95.0463	
21/08/2017	01:16:49	019001	G523084314HLR	L523	S		439.7790	1.0311	3.1752	99.9684	39.5500	0.8230	0.8259	5.0000	17.5120	508.0665	94.9769	25.4933	24.2000	0.9300	0.9338	0.6016	-0.0003	508.0000	521.1093	1.0285	10.2158	99.8768	39.1667	0.8230	0.8200	5.0000	-9999.0000	-9999.0000	-9999.0000	-9999.0000	-9999.0000	-9999.0000	17.9317	1	2	24.8428	1.0000	04	2	-9999.0000	22069	50847	-9999	2815	2783	-9999	302.2916	5	0.5972	0.6016	-0.0003	46.3539	1.4502	422.1538	342.5399	38.0556	413.6189	96.4583	423.9323	94.6065	434.3540	95.1620	442.2805	94.9769	
21/08/2017	01:17:15	019001	G523084340HLR	L523	S		439.7853	1.0311	3.1749	100.2193	39.5128	0.8230	0.8260	5.0000	17.4123	508.0296	94.9537	14.1814	24.2000	0.9300	0.9335	0.6016	-0.0003	508.0000	510.4753	1.0285	10.5168	99.9969	39.1556	0.8230	0.8199	5.0000	-9999.0000	-9999.0000	-9999.0000	-9999.0000	-9999.0000	-9999.0000	17.8721	2	0	26.6637	1.0000	04	2	-9999.0000	22070	50848	-9999	2816	2784	-9999	303.6992	5	0.5972	0.6016	-0.0003	46.3539	1.4502	478.7643	313.9531	36.0185	467.3859	95.6944	475.2201	94.7454	479.5596	95.1852	483.0528	95.0000	
21/08/2017	01:17:41	019001	G523084132HLR	L523	S		440.4016	1.0311	3.1442	100.0631	39.5500	0.8230	0.8260	5.0000	17.1513	508.0380	94.9074	15.2616	24.2000	0.9300	0.9337	0.6031	-0.0004	508.0000	509.8164	1.0285	10.4396	99.9979	39.1333	0.8230	0.8198	5.0000	-9999.0000	-9999.0000	-9999.0000	-9999.0000	-9999.0000	-9999.0000	17.9123	3	0	25.8730	1.0000	04	2	-9999.0000	22071	50849	-9999	2817	2785	-9999	303.3833	5	0.5969	0.6031	-0.0004	41.1661	1.7980	474.1596	316.0580	35.8333	462.6737	95.9722	472.0029	94.7917	475.3053	95.1157	479.7199	95.0231	
21/08/2017	01:18:32	019001	G523084147HLR	L523	S		440.2782	1.0311	3.1503	100.0048	39.5436	0.8230	0.8262	5.0000	17.1319	508.0528	94.9074	13.0514	24.3000	0.9300	0.9339	0.6158	-0.0012	508.0000	509.2223	1.0285	10.3700	99.9841	39.0000	0.8230	0.8193	5.0000	-9999.0000	-9999.0000	-9999.0000	-9999.0000	-9999.0000	-9999.0000	17.9124	5	0	25.1329	1.0000	04	2	-9999.0000	22073	50850	-9999	2819	2786	-9999	304.8343	5	0.5963	0.6158	-0.0012	52.7475	1.1277	469.2048	313.3914	36.8981	457.2078	96.0185	469.0517	94.7222	474.2351	95.1389	478.3352	95.0000	
21/08/2017	01:18:59	019001	G523084141HLR	L523	S		438.6271	1.0311	3.2325	100.0438	39.5500	0.8230	0.8262	5.0000	16.9923	508.0705	94.9306	14.4715	24.3000	0.9300	0.9341	0.6007	-0.0002	508.0000	507.4242	1.0285	10.1593	99.9535	39.0214	0.8230	0.8201	5.0000	-9999.0000	-9999.0000	-9999.0000	-9999.0000	-9999.0000	-9999.0000	17.8430	6	0	26.8127	1.0000	04	2	-9999.0000	22074	50851	-9999	2820	2787	-9999	303.6599	5	0.5964	0.6007	-0.0002	53.1911	1.1033	480.1309	313.5348	37.3148	470.6400	95.7639	474.1744	94.8148	477.2065	95.0926	481.5563	95.0000	
21/08/2017	01:19:26	019001	G523084121HLR	L523	S		440.6957	1.0311	3.1296	99.9194	39.5500	0.8230	0.8260	5.0000	17.8322	508.0634	94.9537	14.3016	24.2000	0.9300	0.9336	0.6139	-0.0011	508.0000	509.4000	1.0285	10.3908	100.0045	39.1242	0.8230	0.8203	5.0000	-9999.0000	-9999.0000	-9999.0000	-9999.0000	-9999.0000	-9999.0000	17.5616	7	0	27.4642	1.0000	04	2	-9999.0000	22075	50852	-9999	2821	2788	-9999	303.6669	5	0.5958	0.6139	-0.0011	52.9680	1.1115	471.3046	317.5849	39.0741	460.5602	95.3241	467.9744	94.8148	471.9457	95.1157	476.5606	95.0926	
21/08/2017	01:19:52	019001	G523084349HLR	L523	S		441.1778	1.0311	3.1056	99.9566	39.5500	0.8230	0.8263	5.0000	17.1119	508.0811	94.9306	13.2819	24.2000	0.9300	0.9337	0.6139	-0.0011	508.0000	509.7238	1.0285	10.4287	99.9445	39.1667	0.8230	0.8200	5.0000	-9999.0000	-9999.0000	-9999.0000	-9999.0000	-9999.0000	-9999.0000	17.7921	8	0	25.8626	1.0000	04	2	-9999.0000	22076	50853	-9999	2822	2789	-9999	304.2576	5	0.5958	0.6139	-0.0011	52.9680	1.1115	472.2858	334.6795	38.8426	461.8904	95.4398	470.9536	94.7685	475.2891	95.1852	479.7935	95.0000	
21/08/2017	01:20:19	019001	G523084142HLR	L523	S		442.4029	1.0311	3.0446	100.0164	39.5500	0.8230	0.8259	5.0000	17.7619	508.0466	94.9306	13.5613	24.2000	0.9300	0.9336	0.6048	-0.0005	508.0000	507.6759	1.0285	10.1888	99.9668	39.1333	0.8230	0.8198	5.0000	-9999.0000	-9999.0000	-9999.0000	-9999.0000	-9999.0000	-9999.0000	17.8420	1	0	26.8733	1.0000	04	2	-9999.0000	22077	50854	-9999	2823	2790	-9999	303.6284	5	0.5959	0.6048	-0.0005	53.8989	1.0759	479.0683	337.6557	39.6065	469.2152	95.3472	474.3439	94.7917	477.9471	95.1852	481.9760	94.9769	
21/08/2017	01:20:46	019001	G523084131HLR	L523	S		439.1210	1.0311	3.2079	99.9688	39.5449	0.8230	0.8260	5.0000	17.6221	508.0796	94.9306	14.6121	24.2000	0.9300	0.9337	0.6173	-0.0014	508.0000	508.0000	1.0285	10.2268	99.9990	39.1000	0.8230	0.8198	5.0000	-9999.0000	-9999.0000	-9999.0000	-9999.0000	-9999.0000	-9999.0000	17.8119	2	0	26.6429	1.0000	04	2	-9999.0000	22078	50855	-9999	2824	2791	-9999	303.2462	5	0.5961	0.6173	-0.0014	53.6280	1.0895	468.3308	322.9043	38.0093	459.2692	95.6944	463.4481	94.8380	468.2971	95.2083	472.3132	94.9537	
21/08/2017	01:21:11	019001	G523084350HLR	L523	S		437.5467	1.0311	3.2862	100.0036	39.5500	0.8230	0.8261	5.0000	17.2813	508.0679	94.9306	16.0117	24.2000	0.9300	0.9338	0.6156	-0.0013	508.0000	507.4065	1.0285	10.1572	100.0080	39.1211	0.8230	0.8199	5.0000	-9999.0000	-9999.0000	-9999.0000	-9999.0000	-9999.0000	-9999.0000	17.7014	3	0	24.9531	1.0000	04	2	-9999.0000	22079	50856	-9999	2825	2792	-9999	302.1202	5	0.5958	0.6156	-0.0013	53.9417	1.0760	465.3628	329.8392	40.5324	456.0247	95.2546	460.3126	94.8380	464.8793	95.1157	469.4336	95.0231	
21/08/2017	01:21:25	019001	G488083707HLR	L523	S		0.0000	0.0000	0.0000	0.0000	0.0000	0.8230	0.0000	0.0000	0.0000	0.0000	0.0000	0.0000	0.0000	0.9300	0.0000	0.0000	0.0000	0.0000	0.0000	0.0000	0.0000	0.0000	0.0000	0.8230	0.0000	0.0000	0.0000	0.0000	0.0000	0.0000	0.0000	0.0000	0.0000	0	27	24.9531	1.0000	12	4	0.0000	0	0	0	0	0	0	0.0000	0	0.0000	0.0000	0.0000	0.0000	0.0000	0.0000	0.0000	0.0000	0.0000	0.0000	0.0000	0.0000	0.0000	0.0000	0.0000	0.0000	
21/08/2017	01:21:37	019001	G523084119HLR	L523	S		442.4392	1.0311	3.0428	99.8959	39.5500	0.8230	0.8259	5.0000	17.7315	508.0607	94.9537	13.7214	24.2000	0.9300	0.9337	0.6156	-0.0013	508.0000	506.8229	1.0285	10.0889	99.9968	39.1333	0.8230	0.8198	5.0000	-9999.0000	-9999.0000	-9999.0000	-9999.0000	-9999.0000	-9999.0000	17.8518	4	0	26.5336	1.0000	04	2	-9999.0000	22080	50857	-9999	2826	2793	-9999	303.5640	5	0.5958	0.6156	-0.0013	53.9417	1.0760	473.1352	327.3257	38.4028	464.3153	95.4861	468.2975	94.8380	472.6252	95.1157	477.1788	95.0463	
21/08/2017	01:21:52	019001	G488083706HLR	L523	S		0.0000	0.0000	0.0000	0.0000	0.0000	0.8230	0.0000	0.0000	0.0000	0.0000	0.0000	0.0000	0.0000	0.9300	0.0000	0.0000	0.0000	0.0000	0.0000	0.0000	0.0000	0.0000	0.0000	0.8230	0.0000	0.0000	0.0000	0.0000	0.0000	0.0000	0.0000	0.0000	0.0000	0	27	26.5336	1.0000	12	4	0.0000	0	0	0	0	0	0	0.0000	0	0.0000	0.0000	0.0000	0.0000	0.0000	0.0000	0.0000	0.0000	0.0000	0.0000	0.0000	0.0000	0.0000	0.0000	0.0000	0.0000	
21/08/2017	01:22:02	019001	G523084344HLR	L523	S		434.7912	1.0311	3.4233	99.9409	39.5500	0.8230	0.8260	5.0000	17.4621	508.0642	94.9306	15.3915	24.2000	0.9300	0.9337	0.6158	-0.0014	508.0000	506.7650	1.0285	10.0821	100.0698	39.1293	0.8230	0.8199	5.0000	-9999.0000	-9999.0000	-9999.0000	-9999.0000	-9999.0000	-9999.0000	17.8127	5	0	24.9131	1.0000	04	2	-9999.0000	22081	50858	-9999	2827	2794	-9999	302.3133	5	0.5957	0.6158	-0.0014	53.8126	1.0889	464.6621	328.1811	38.5185	456.1178	95.6019	460.0121	94.7917	465.6856	95.1852	469.4636	95.0000	
21/08/2017	01:22:18	019001	G488083716HLR	L523	S		0.0000	0.0000	0.0000	0.0000	0.0000	0.8230	0.0000	0.0000	0.0000	0.0000	0.0000	0.0000	0.0000	0.9300	0.0000	0.0000	0.0000	0.0000	0.0000	0.0000	0.0000	0.0000	0.0000	0.8230	0.0000	0.0000	0.0000	0.0000	0.0000	0.0000	0.0000	0.0000	0.0000	0	27	24.9131	1.0000	12	4	0.0000	0	0	0	0	0	0	0.0000	0	0.0000	0.0000	0.0000	0.0000	0.0000	0.0000	0.0000	0.0000	0.0000	0.0000	0.0000	0.0000	0.0000	0.0000	0.0000	0.0000	
21/08/2017	01:22:28	019001	G523084353HLR	L523	S		438.9611	1.0311	3.2159	100.0861	39.5500	0.8230	0.8260	5.0000	17.4816	508.0595	94.9306	14.5017	24.2000	0.9300	0.9336	0.6166	-0.0014	508.0000	507.7091	1.0285	10.1927	100.0227	39.1333	0.8230	0.8199	5.0000	-9999.0000	-9999.0000	-9999.0000	-9999.0000	-9999.0000	-9999.0000	17.6124	6	0	25.5228	1.0000	04	2	-9999.0000	22082	50859	-9999	2828	2795	-9999	302.9006	5	0.5961	0.6166	-0.0014	54.1674	1.0469	467.9526	315.3411	36.2500	458.8522	95.3935	463.2363	94.8380	467.7263	95.1389	471.9784	95.0231	
21/08/2017	01:22:52	019001	G523084505HLR	L523	S		438.8590	1.0311	3.2209	100.0049	39.5500	0.8230	0.8261	5.0000	17.0518	508.0643	94.9306	13.2419	24.2000	0.9300	0.9337	0.6172	-0.0014	508.0000	506.0587	1.0285	9.9993	99.9123	39.1333	0.8230	0.8199	5.0000	-9999.0000	-9999.0000	-9999.0000	-9999.0000	-9999.0000	-9999.0000	17.8017	7	0	24.8730	1.0000	12	4	-9999.0000	22083	50860	-9999	2829	2796	-9999	303.9840	5	0.5959	0.6172	-0.0014	53.8216	1.0536	471.4516	333.7357	40.4861	462.2784	95.3241	468.1676	94.7917	471.8640	95.1620	477.0892	95.0231	
