Data	Timp	Nr. masina	Nr. de serie	Tip	Productie	Comentariu	Pre-masurare Q [ml/min]	Pre-masurare Gain	Pre-masurare Offset Master	Pre-masurare P [bar]	Pre-masurare T [°C]	Pre-masurare Densitate fixa [kg/l]	Pre-masurare densitate masurata [kg/l]	Pre-masurare Timp masurare [s]	Pre-masurare Cycle time [s]	rectificare Q Oprire [ml/min]	rectificare P Oprire [bar]	rectificare Timp rectificare [s]	rectificare T [°C]	rectificare Densitate fixa [kg/l]	rectificare densitate masurata [kg/l]	rectificare Factor de masurare la rectificare	rectificare Factor de corectie a debitului	rectificare Target rectificare	Masurare Q [ml/min]	Masurare Gain	Masurare Offset Master	Masurare P [bar]	Masurare T [°C]	Masurare Densitate fixa [kg/l]	Masurare densitate masurata [kg/l]	Masurare Timp masurare [s]	Masurare Q [ml/min]	Masurare Delta Q [ml/min]	Masurare P [bar]	Masurare BP [bar]	Masurare T [°C]	Masurare Timp masurare [s]	Masurare Cycle time [s]	Nest Nr.	Cod de descarcare	Cycle time [s]	Traceability aktiv	EDM Maschine Nr	EDM Spindle Nr	Honing Rate [r	Station Counter Premeasure	Station Counter Grind	Station Counter Blowout 1	Station Counter Wash	Station Counter Measure	Station Counter Blowout 2	RealGrindQStop	Reg Type	Factor 0	Factor 1	Factor 2	Factor 3	Factor 4	G_StartQV	G_StartQV_1	G_StartQV_2	G_StartQV_3	G_StartQV_4	G_StartQV_5	
08/08/2017	00:00:01	019001	G523012040HLR	L523	S		434.9046	1.0311	3.4177	99.9940	39.4213	0.8230	0.8275	5.0000	17.2215	508.0574	94.9074	16.0224	24.8000	0.9300	0.9402	0.5831	-0.0008	508.0000	507.8830	1.0285	11.0394	99.9574	38.9279	0.8230	0.8218	5.0000	-9999.0000	-9999.0000	-9999.0000	-9999.0000	-9999.0000	-9999.0000	17.4318	5	0	26.9027	1.0000	06	1	-9999.0000	50408	26571	-9999	1427	1388	-9999	289.4517	5	0.5707	0.5831	-0.0008	49.5980	1.5059	462.8362	407.1332	38.7037	455.4302	95.4167	458.0644	94.9074	462.2209	94.8380	466.4592	94.9537	
08/08/2017	00:00:31	019001	G523012020HLR	L523	S		433.9623	1.0311	3.4646	100.0892	39.4500	0.8230	0.8274	5.0000	17.2824	508.0475	94.9306	15.9817	24.8000	0.9300	0.9403	0.5839	-0.0009	508.0000	508.1941	1.0285	11.0781	100.0119	38.9333	0.8230	0.8214	5.0000	-9999.0000	-9999.0000	-9999.0000	-9999.0000	-9999.0000	-9999.0000	17.3320	6	0	29.4331	1.0000	06	1	-9999.0000	50409	26572	-9999	1428	1389	-9999	289.6078	5	0.5704	0.5839	-0.0009	43.8426	1.8534	465.4571	409.3006	38.7963	461.7739	95.3704	460.1341	94.7222	464.8837	94.6991	468.7112	94.9074	
08/08/2017	00:01:00	019001	G523012041HLR	L523	S		431.9630	1.0311	3.5640	99.9704	39.4150	0.8230	0.8274	5.0000	17.0118	508.0581	95.0000	18.7425	24.8000	0.9300	0.9403	0.5810	-0.0007	508.0000	506.9086	1.0285	10.9181	99.9562	38.9000	0.8230	0.8216	5.0000	-9999.0000	-9999.0000	-9999.0000	-9999.0000	-9999.0000	-9999.0000	17.4912	7	0	29.4042	1.0000	06	1	-9999.0000	50410	26573	-9999	1429	1390	-9999	288.4114	5	0.5701	0.5810	-0.0007	42.5662	1.8905	456.6190	403.8251	38.6343	449.4256	94.8611	452.0335	94.8611	456.2153	94.8148	460.4426	94.9769	
08/08/2017	00:01:30	019001	G523012003HLR	L523	S		432.7811	1.0311	3.5233	99.9429	39.4388	0.8230	0.8274	5.0000	17.1817	508.0707	94.9769	17.9524	24.8000	0.9300	0.9403	0.5720	-0.0002	508.0000	506.8130	1.0285	10.9062	99.9932	38.9655	0.8230	0.8218	5.0000	-9999.0000	-9999.0000	-9999.0000	-9999.0000	-9999.0000	-9999.0000	17.4016	8	0	29.4233	1.0000	06	1	-9999.0000	50411	26574	-9999	1430	1391	-9999	288.9665	5	0.5699	0.5720	-0.0002	42.8232	1.8772	459.8493	398.8139	41.2269	451.7792	95.0926	455.1497	94.7685	459.2432	94.7454	463.4264	94.9074	
08/08/2017	00:01:58	019001	G523013954HLR	L523	S		433.9017	1.0311	3.4676	99.9476	39.4500	0.8230	0.8274	5.0000	17.0117	508.0717	94.9537	15.5116	24.8000	0.9300	0.9403	0.5722	-0.0002	508.0000	506.7095	1.0285	10.8933	99.9566	38.9752	0.8230	0.8216	5.0000	-9999.0000	-9999.0000	-9999.0000	-9999.0000	-9999.0000	-9999.0000	17.5715	1	0	28.2230	1.0000	06	1	-9999.0000	50412	26575	-9999	1431	1392	-9999	289.4013	5	0.5699	0.5722	-0.0002	43.9813	1.8191	472.5480	411.2778	40.4630	464.7860	95.0694	468.4636	94.7685	472.0684	94.6991	475.8614	94.9074	
08/08/2017	00:02:24	019001	G523013935HLR	L523	S		434.0351	1.0311	3.4609	99.9992	39.4500	0.8230	0.8273	5.0000	17.2315	508.0567	95.0000	17.3927	24.8000	0.9300	0.9404	0.5718	-0.0001	508.0000	506.9541	1.0285	10.9237	99.9389	38.9667	0.8230	0.8215	5.0000	-9999.0000	-9999.0000	-9999.0000	-9999.0000	-9999.0000	-9999.0000	17.5227	2	0	26.0335	1.0000	06	1	-9999.0000	50413	26576	-9999	1432	1393	-9999	289.2369	5	0.5698	0.5718	-0.0001	79.9115	-0.2893	467.9776	406.0419	38.7037	451.5577	95.5324	463.7912	94.9769	467.4482	94.9074	470.9312	94.9537	
08/08/2017	00:02:51	019001	G523013934HLR	L523	S		429.9640	1.0311	3.6635	100.0138	39.4016	0.8230	0.8273	5.0000	17.3321	508.0383	95.0231	18.0618	24.8000	0.9300	0.9403	0.5707	-0.0001	508.0000	508.9128	1.0285	11.1676	99.9653	38.9816	0.8230	0.8216	5.0000	-9999.0000	-9999.0000	-9999.0000	-9999.0000	-9999.0000	-9999.0000	17.3224	3	0	27.1536	1.0000	06	1	-9999.0000	50414	26577	-9999	1433	1394	-9999	289.1780	5	0.5699	0.5707	-0.0001	71.1140	0.2057	465.0471	399.9420	39.3519	459.3642	95.3704	461.0787	94.7685	464.6581	94.6991	468.3664	94.9769	
08/08/2017	00:03:19	019001	G523013950HLR	L523	S		431.7592	1.0311	3.5742	100.0375	39.4500	0.8230	0.8274	5.0000	17.1016	508.0242	94.9306	17.4220	24.8000	0.9300	0.9404	0.5748	-0.0003	508.0000	507.6288	1.0285	11.0077	99.9990	38.9993	0.8230	0.8216	5.0000	-9999.0000	-9999.0000	-9999.0000	-9999.0000	-9999.0000	-9999.0000	17.4112	4	0	28.1529	1.0000	06	1	-9999.0000	50415	26578	-9999	1433	1395	-9999	289.2701	5	0.5695	0.5748	-0.0003	67.0955	0.4308	468.5721	406.7466	39.4907	458.2926	95.3935	464.0535	95.1620	467.9368	95.0463	472.0315	95.0231	
08/08/2017	00:03:49	019001	G523013951HLR	L523	S		432.4683	1.0311	3.5389	100.0888	39.4500	0.8230	0.8273	5.0000	17.1514	508.0468	94.9537	16.8018	24.9000	0.9300	0.9408	0.5770	-0.0004	508.0000	506.5883	1.0285	10.8782	100.0488	39.0000	0.8230	0.8216	5.0000	-9999.0000	-9999.0000	-9999.0000	-9999.0000	-9999.0000	-9999.0000	17.5324	5	0	30.0932	1.0000	06	1	-9999.0000	50416	26579	-9999	1434	1396	-9999	289.4335	5	0.5697	0.5770	-0.0004	65.3456	0.5047	467.7463	385.7531	38.8194	457.1771	95.5556	463.1089	94.8611	467.1729	94.7917	471.2376	94.9537	
08/08/2017	00:04:20	019001	G523013946HLR	L523	S		439.5325	1.0311	3.1874	99.9057	39.4500	0.8230	0.8273	5.0000	17.4024	508.0626	94.9306	14.0525	24.9000	0.9300	0.9408	0.5770	-0.0004	508.0000	509.8397	1.0285	11.2830	99.9761	39.0000	0.8230	0.8215	5.0000	-9999.0000	-9999.0000	-9999.0000	-9999.0000	-9999.0000	-9999.0000	17.5218	6	0	30.6239	1.0000	06	1	-9999.0000	50417	26580	-9999	1435	1397	-9999	290.1690	5	0.5697	0.5770	-0.0004	65.3456	0.5047	476.7080	408.3712	40.8796	468.4781	95.3935	472.4116	95.3009	476.1237	95.2315	480.1935	94.9074	
08/08/2017	00:04:50	019001	G523013949HLR	L523	S		436.2973	1.0311	3.3484	100.0269	39.4232	0.8230	0.8273	5.0000	17.3819	508.0433	94.9074	15.8212	25.0000	0.9300	0.9408	0.5783	-0.0005	508.0000	506.3826	1.0285	10.8526	99.9752	39.0000	0.8230	0.8214	5.0000	-9999.0000	-9999.0000	-9999.0000	-9999.0000	-9999.0000	-9999.0000	17.4923	7	0	30.4537	1.0000	06	1	-9999.0000	50418	26581	-9999	1436	1398	-9999	289.8198	5	0.5697	0.5783	-0.0005	62.8063	0.6721	469.2446	404.5844	39.5602	458.7752	95.4861	464.7445	95.2083	468.7109	95.1852	473.0158	95.0000	
08/08/2017	00:05:16	019001	G523013937HLR	L523	S		436.6130	1.0311	3.3327	99.9945	39.4369	0.8230	0.8273	5.0000	17.8322	508.0491	94.9537	16.2022	25.0000	0.9300	0.9410	0.5789	-0.0005	508.0000	507.6596	1.0285	11.0116	100.0390	38.9783	0.8230	0.8214	5.0000	-9999.0000	-9999.0000	-9999.0000	-9999.0000	-9999.0000	-9999.0000	17.4523	8	0	25.6135	1.0000	06	1	-9999.0000	50419	26581	-9999	1437	1399	-9999	289.7327	5	0.5700	0.5789	-0.0005	66.0520	0.4591	468.1682	383.2422	39.4444	457.9681	95.4861	463.5610	95.0000	467.5796	94.9537	471.7618	94.9537	
08/08/2017	00:05:42	019001	G523013939HLR	L523	S		431.2056	1.0311	3.6017	99.9359	39.4592	0.8230	0.8275	5.0000	17.1524	508.0577	95.0000	18.6829	25.0000	0.9300	0.9409	0.5729	-0.0002	508.0000	507.3861	1.0285	10.9775	99.9991	38.9773	0.8230	0.8215	5.0000	-9999.0000	-9999.0000	-9999.0000	-9999.0000	-9999.0000	-9999.0000	17.5421	1	0	25.8029	1.0000	06	1	-9999.0000	50420	26582	-9999	1438	1400	-9999	289.2005	5	0.5699	0.5729	-0.0002	55.6893	1.0916	462.0052	398.3753	40.1389	451.8620	95.4630	457.7612	95.3472	461.4209	95.2546	465.0566	94.8611	
08/08/2017	00:06:10	019001	G523013953HLR	L523	S		433.3056	1.0311	3.4972	100.0030	39.5000	0.8230	0.8274	5.0000	17.1623	508.0411	94.9769	18.6419	25.0000	0.9300	0.9406	0.5795	-0.0005	508.0000	507.9928	1.0285	11.0530	99.9827	39.0000	0.8230	0.8216	5.0000	-9999.0000	-9999.0000	-9999.0000	-9999.0000	-9999.0000	-9999.0000	17.4023	2	0	28.3131	1.0000	06	1	-9999.0000	50421	26583	-9999	1438	1401	-9999	289.4286	5	0.5701	0.5795	-0.0005	53.1824	1.2278	465.8744	394.2161	37.1991	457.5277	95.2315	461.7514	94.7917	465.4765	94.7222	469.7821	94.9074	
08/08/2017	00:06:39	019001	G523013940HLR	L523	S		431.1069	1.0311	3.6066	100.0937	39.4500	0.8230	0.8272	5.0000	17.1720	508.0377	94.9769	19.0824	25.0000	0.9300	0.9407	0.5861	-0.0009	508.0000	507.0458	1.0285	10.9352	99.9953	39.0235	0.8230	0.8216	5.0000	-9999.0000	-9999.0000	-9999.0000	-9999.0000	-9999.0000	-9999.0000	17.4425	3	0	29.2339	1.0000	06	1	-9999.0000	50422	26584	-9999	1439	1402	-9999	289.1476	5	0.5702	0.5861	-0.0009	51.0909	1.3267	458.7914	403.1320	39.9306	450.7507	95.3935	454.9468	94.9074	458.3307	94.8148	462.4013	94.9306	
08/08/2017	00:07:06	019001	G523011886HLR	L523	S		441.1687	1.0311	3.1060	99.9840	39.4500	0.8230	0.8273	5.0000	17.3018	508.0452	94.9074	12.8922	25.0000	0.9300	0.9406	0.5861	-0.0009	508.0000	507.3752	1.0285	10.9762	99.9877	39.0278	0.8230	0.8214	5.0000	-9999.0000	-9999.0000	-9999.0000	-9999.0000	-9999.0000	-9999.0000	17.4124	4	0	26.8236	1.0000	06	1	-9999.0000	50423	26585	-9999	1440	1403	-9999	291.7812	5	0.5702	0.5861	-0.0009	51.0909	1.3267	475.4411	394.5957	38.3565	463.4369	95.5324	470.0355	95.1620	474.8214	95.0463	478.9912	95.0000	
08/08/2017	00:07:34	019001	G523011910HLR	L523	S		435.6787	1.0311	3.3792	100.0727	39.4500	0.8230	0.8274	5.0000	17.0724	508.0360	94.9537	14.4314	25.0000	0.9300	0.9406	0.5827	-0.0007	508.0000	510.7691	1.0285	11.3986	99.9547	39.0000	0.8230	0.8214	5.0000	-9999.0000	-9999.0000	-9999.0000	-9999.0000	-9999.0000	-9999.0000	17.5021	5	0	27.7133	1.0000	06	1	-9999.0000	50424	26586	-9999	1441	1404	-9999	290.8418	5	0.5703	0.5827	-0.0007	47.9301	1.5269	470.6429	407.6861	41.5278	460.7605	95.2083	467.2647	94.9074	470.1645	94.9537	474.4148	94.9306	
08/08/2017	00:08:03	019001	G523013933HLR	L523	S		432.0763	1.0311	3.5584	100.0183	39.4213	0.8230	0.8274	5.0000	17.2119	508.0847	94.9537	16.3614	25.0000	0.9300	0.9406	0.5814	-0.0006	508.0000	508.1202	1.0285	11.0689	100.0009	39.0000	0.8230	0.8215	5.0000	-9999.0000	-9999.0000	-9999.0000	-9999.0000	-9999.0000	-9999.0000	17.3819	6	0	29.4235	1.0000	06	1	-9999.0000	50425	26587	-9999	1441	1405	-9999	290.1771	5	0.5702	0.5814	-0.0006	49.2978	1.4267	465.3997	396.9665	41.2963	457.3411	95.1157	460.4679	94.9537	464.9097	94.9306	468.7446	94.9537	
08/08/2017	00:08:32	019001	G523013932HLR	L523	S		430.5614	1.0311	3.6338	99.9500	39.4500	0.8230	0.8275	5.0000	17.2520	508.0738	95.0000	17.8918	25.0000	0.9300	0.9405	0.5838	-0.0008	508.0000	506.7603	1.0285	10.8996	99.9645	39.0259	0.8230	0.8215	5.0000	-9999.0000	-9999.0000	-9999.0000	-9999.0000	-9999.0000	-9999.0000	17.5021	7	0	28.5230	1.0000	06	1	-9999.0000	50426	26588	-9999	1442	1406	-9999	289.7350	5	0.5707	0.5838	-0.0008	46.2702	1.6040	461.0597	402.8582	39.8148	453.9305	95.3935	457.0579	94.8611	460.6230	94.8148	464.9522	94.9306	
08/08/2017	00:09:02	019001	G523013920HLR	L523	S		436.5528	1.0311	3.3357	100.0070	39.5000	0.8230	0.8274	5.0000	17.1915	508.0324	94.9306	14.8612	24.9000	0.9300	0.9404	0.5838	-0.0008	508.0000	507.3575	1.0285	10.9740	100.0447	39.0295	0.8230	0.8214	5.0000	-9999.0000	-9999.0000	-9999.0000	-9999.0000	-9999.0000	-9999.0000	17.3515	8	0	30.3544	1.0000	06	1	-9999.0000	50427	26589	-9999	1443	1407	-9999	290.8359	5	0.5707	0.5838	-0.0008	46.2702	1.6040	469.1909	397.7179	40.7639	460.0744	94.9769	464.2412	94.7222	468.6128	94.6759	472.8395	94.9306	
08/08/2017	00:09:32	019001	G523013925HLR	L523	S		436.0535	1.0311	3.3605	100.0558	39.4593	0.8230	0.8273	5.0000	17.0821	508.0313	94.9306	16.3321	25.0000	0.9300	0.9405	0.5699	0.0000	508.0000	508.4991	1.0285	11.1161	99.9690	39.0000	0.8230	0.8214	5.0000	-9999.0000	-9999.0000	-9999.0000	-9999.0000	-9999.0000	-9999.0000	17.4828	1	0	29.5835	1.0000	06	1	-9999.0000	50428	26590	-9999	1444	1408	-9999	289.6988	5	0.5709	0.5699	0.0000	52.0719	1.2687	474.3312	411.0628	39.8843	465.7227	95.4167	470.0715	94.9769	473.9015	94.9769	477.6783	94.9537	
08/08/2017	00:10:02	019001	G523013923HLR	L523	S		433.0779	1.0311	3.5086	100.0038	39.4372	0.8230	0.8273	5.0000	17.2325	508.0271	94.9537	17.4621	24.9000	0.9300	0.9405	0.5719	-0.0001	508.0000	508.5525	1.0285	11.1227	99.9789	39.0000	0.8230	0.8214	5.0000	-9999.0000	-9999.0000	-9999.0000	-9999.0000	-9999.0000	-9999.0000	17.6124	2	0	30.0730	1.0000	06	1	-9999.0000	50429	26591	-9999	1445	1409	-9999	289.8338	5	0.5710	0.5719	-0.0001	51.5818	1.3046	470.5898	411.5265	40.4398	464.5089	95.2083	465.6724	94.8611	469.9873	94.8611	473.4043	94.9537	
08/08/2017	00:10:31	019001	G523013922HLR	L523	S		432.8857	1.0311	3.5181	99.9915	39.4500	0.8230	0.8274	5.0000	17.3420	508.0298	95.0000	17.1417	25.0000	0.9300	0.9405	0.5843	-0.0008	508.0000	507.6881	1.0285	11.0151	99.9479	39.0000	0.8230	0.8214	5.0000	-9999.0000	-9999.0000	-9999.0000	-9999.0000	-9999.0000	-9999.0000	17.4715	3	0	28.9234	1.0000	06	1	-9999.0000	50430	26592	-9999	1446	1410	-9999	289.9028	5	0.5714	0.5843	-0.0008	50.4543	1.3658	469.7552	409.3353	40.7176	462.1425	95.3704	466.0761	95.0694	469.2484	95.0231	473.5335	95.0000	
08/08/2017	00:11:01	019001	G523013943HLR	L523	S		433.2274	1.0311	3.5011	100.0126	39.5000	0.8230	0.8274	5.0000	17.0517	508.0636	95.0000	18.4222	24.9000	0.9300	0.9405	0.5807	-0.0006	508.0000	508.5214	1.0285	11.1188	100.0089	39.0031	0.8230	0.8214	5.0000	-9999.0000	-9999.0000	-9999.0000	-9999.0000	-9999.0000	-9999.0000	17.5020	4	0	30.2244	1.0000	06	1	-9999.0000	50431	26593	-9999	1447	1411	-9999	289.7611	5	0.5711	0.5807	-0.0006	51.1647	1.3310	459.6485	397.7726	39.3056	452.0785	95.4398	454.9047	94.9074	459.0629	94.8843	463.4084	94.9537	
08/08/2017	00:11:30	019001	G523013926HLR	L523	S		435.3901	1.0311	3.3935	99.9502	39.4665	0.8230	0.8273	5.0000	17.0723	508.0591	95.0000	18.2122	24.9000	0.9300	0.9404	0.5817	-0.0006	508.0000	508.7705	1.0285	11.1499	100.0158	39.0022	0.8230	0.8214	5.0000	-9999.0000	-9999.0000	-9999.0000	-9999.0000	-9999.0000	-9999.0000	17.6613	5	0	29.0034	1.0000	06	1	-9999.0000	50432	26594	-9999	1448	1412	-9999	289.7339	5	0.5710	0.5817	-0.0006	53.6504	1.2093	462.3159	382.7758	37.9398	452.2310	95.7407	457.8595	95.1620	461.8209	95.0694	465.9889	95.0231	
08/08/2017	00:11:59	019001	G523013913HLR	L523	S		432.4346	1.0311	3.5406	99.9166	39.4500	0.8230	0.8273	5.0000	17.3624	508.0611	95.0000	18.0530	24.9000	0.9300	0.9403	0.5820	-0.0006	508.0000	509.5703	1.0285	11.2494	100.0033	39.0297	0.8230	0.8214	5.0000	-9999.0000	-9999.0000	-9999.0000	-9999.0000	-9999.0000	-9999.0000	17.5722	6	0	28.7136	1.0000	06	1	-9999.0000	50433	26595	-9999	1449	1413	-9999	289.7692	5	0.5711	0.5820	-0.0006	56.5416	1.0496	461.4252	400.6168	39.4676	453.4581	95.4630	457.2251	95.0231	460.9121	94.9537	464.9204	95.0000	
08/08/2017	00:12:29	019001	G523013914HLR	L523	S		434.2740	1.0311	3.4491	99.9622	39.4500	0.8230	0.8273	5.0000	17.1913	508.0783	94.9537	17.5715	24.9000	0.9300	0.9404	0.5818	-0.0006	508.0000	508.1512	1.0285	11.0728	99.9604	39.0233	0.8230	0.8214	5.0000	-9999.0000	-9999.0000	-9999.0000	-9999.0000	-9999.0000	-9999.0000	17.4923	7	0	30.3631	1.0000	06	1	-9999.0000	50434	26596	-9999	1450	1414	-9999	289.9443	5	0.5711	0.5818	-0.0006	49.4244	1.4587	462.4026	397.4918	39.6296	453.5068	95.4630	457.9199	95.2778	461.7880	95.2083	466.2650	95.0463	
08/08/2017	00:12:58	019001	G523013918HLR	L523	S		432.5346	1.0311	3.5356	99.9416	39.4500	0.8230	0.8274	5.0000	17.4825	508.0544	95.0000	18.2219	24.9000	0.9300	0.9404	0.5876	-0.0010	508.0000	508.0584	1.0285	11.0612	99.9854	39.0320	0.8230	0.8214	5.0000	-9999.0000	-9999.0000	-9999.0000	-9999.0000	-9999.0000	-9999.0000	17.5325	8	0	29.3237	1.0000	06	1	-9999.0000	50435	26597	-9999	1451	1415	-9999	289.7063	5	0.5711	0.5876	-0.0010	49.1717	1.4679	460.2440	381.6199	37.8009	448.3370	95.7407	455.6598	95.0231	459.5748	94.9769	463.6549	94.9769	
08/08/2017	00:13:28	019001	G523013917HLR	L523	S		433.1198	1.0311	3.5065	99.9850	39.4547	0.8230	0.8274	5.0000	17.2218	508.0601	94.9769	17.6320	24.9000	0.9300	0.9404	0.5769	-0.0004	508.0000	508.7133	1.0285	11.1427	99.9576	39.0308	0.8230	0.8214	5.0000	-9999.0000	-9999.0000	-9999.0000	-9999.0000	-9999.0000	-9999.0000	17.4415	1	0	29.4332	1.0000	06	1	-9999.0000	50436	26598	-9999	1452	1416	-9999	289.7656	5	0.5704	0.5769	-0.0004	63.4332	0.6643	457.5934	391.3839	39.6991	448.0789	95.5093	453.2242	94.9769	456.9631	94.8611	461.8220	94.9537	
08/08/2017	00:13:54	019001	G523013615HLR	L523	S		433.7763	1.0311	3.4738	100.0505	39.5000	0.8230	0.8274	5.0000	17.2520	508.0580	94.9769	16.7325	24.9000	0.9300	0.9404	0.5864	-0.0009	508.0000	508.0541	1.0285	11.0607	100.0480	39.0191	0.8230	0.8214	5.0000	-9999.0000	-9999.0000	-9999.0000	-9999.0000	-9999.0000	-9999.0000	17.5519	2	0	26.5735	1.0000	06	1	-9999.0000	50437	26599	-9999	1453	1417	-9999	289.8772	5	0.5705	0.5864	-0.0009	53.5494	1.2167	467.0926	403.0375	39.6065	456.0106	95.4630	462.2684	95.0231	466.4646	94.9537	470.6773	94.9769	
08/08/2017	00:14:21	019001	G523013610HLR	L523	S		432.7651	1.0311	3.5241	100.0298	39.4500	0.8230	0.8271	5.0000	18.1419	508.0523	94.9769	18.9925	24.9000	0.9300	0.9405	0.5850	-0.0008	508.0000	508.3976	1.0285	11.1034	99.9967	39.0333	0.8230	0.8214	5.0000	-9999.0000	-9999.0000	-9999.0000	-9999.0000	-9999.0000	-9999.0000	17.5713	3	0	26.5229	1.0000	06	1	-9999.0000	50438	26600	-9999	1454	1418	-9999	289.0629	5	0.5704	0.5850	-0.0008	50.0277	1.4064	456.6555	397.5734	40.3935	449.0362	95.3704	452.0958	95.1389	456.0155	95.0694	459.6884	95.0000	
08/08/2017	00:14:49	019001	G523013619HLR	L523	S		436.1013	1.0311	3.3581	99.9786	39.4500	0.8230	0.8274	5.0000	17.4317	508.0346	95.0000	17.3420	24.9000	0.9300	0.9405	0.5863	-0.0009	508.0000	509.1955	1.0285	11.2028	99.9734	39.0333	0.8230	0.8215	5.0000	-9999.0000	-9999.0000	-9999.0000	-9999.0000	-9999.0000	-9999.0000	17.3721	4	0	28.3539	1.0000	06	1	-9999.0000	50439	26601	-9999	1455	1419	-9999	289.8690	5	0.5702	0.5863	-0.0009	50.5647	1.3740	460.5841	393.0699	41.4352	450.2639	95.0926	456.4652	94.8843	460.0847	94.8380	464.8957	94.9306	
08/08/2017	00:15:17	019001	G523013910HLR	L523	S		432.7431	1.0311	3.5252	99.9971	39.5000	0.8230	0.8274	5.0000	17.0118	508.0617	95.0000	18.0917	24.9000	0.9300	0.9405	0.5762	-0.0004	508.0000	508.8131	1.0285	11.1552	99.9692	39.0623	0.8230	0.8215	5.0000	-9999.0000	-9999.0000	-9999.0000	-9999.0000	-9999.0000	-9999.0000	17.4815	5	0	28.1635	1.0000	06	1	-9999.0000	50440	26602	-9999	1456	1420	-9999	289.4490	5	0.5700	0.5762	-0.0004	55.9122	1.0767	458.1683	411.5809	41.8981	451.3683	95.2546	454.1994	95.0000	457.5319	94.9537	462.2017	94.9537	
08/08/2017	00:15:48	019001	G523013909HLR	L523	S		435.8401	1.0311	3.3711	100.0819	39.4953	0.8230	0.8273	5.0000	17.2218	508.0651	94.9306	14.6014	24.8000	0.9300	0.9404	0.5762	-0.0004	508.0000	506.0909	1.0285	10.8163	100.0189	39.0578	0.8230	0.8214	5.0000	-9999.0000	-9999.0000	-9999.0000	-9999.0000	-9999.0000	-9999.0000	17.4317	6	0	30.4832	1.0000	06	1	-9999.0000	50441	26603	-9999	1457	1421	-9999	290.1678	5	0.5700	0.5762	-0.0004	55.9122	1.0767	473.1179	409.3643	41.2963	462.6461	95.1852	468.2816	94.8380	472.4104	94.7917	476.8213	94.9306	
08/08/2017	00:16:13	019001	G523013611HLR	L523	S		439.2908	1.0311	3.1995	100.0614	39.4500	0.8230	0.8271	5.0000	17.9220	508.0258	94.9306	15.2020	24.8000	0.9300	0.9404	0.5855	-0.0009	508.0000	509.1981	1.0285	11.2031	99.9677	39.0333	0.8230	0.8214	5.0000	-9999.0000	-9999.0000	-9999.0000	-9999.0000	-9999.0000	-9999.0000	17.5119	7	0	25.6038	1.0000	06	1	-9999.0000	50442	26604	-9999	1458	1422	-9999	290.7047	5	0.5699	0.5855	-0.0009	65.9157	0.5161	467.8984	396.2710	40.3935	457.5497	95.4167	463.2271	94.9537	467.5310	94.9769	471.8696	94.9769	
08/08/2017	00:16:40	019001	G523013621HLR	L523	S		437.2661	1.0311	3.3002	99.9855	39.4500	0.8230	0.8274	5.0000	17.2120	508.0430	94.9537	16.3623	24.8000	0.9300	0.9404	0.5817	-0.0007	508.0000	508.5682	1.0285	11.1247	99.9319	39.0333	0.8230	0.8213	5.0000	-9999.0000	-9999.0000	-9999.0000	-9999.0000	-9999.0000	-9999.0000	17.4923	8	0	26.7132	1.0000	06	1	-9999.0000	50443	26605	-9999	1459	1423	-9999	290.0963	5	0.5696	0.5817	-0.0007	59.5499	0.8610	464.7153	400.5036	41.0648	458.4671	95.2546	460.3907	95.0231	464.0069	95.0463	469.0322	94.9769	
08/08/2017	00:17:08	019001	G523013631HLR	L523	S		435.7673	1.0311	3.3748	100.0389	39.5000	0.8230	0.8274	5.0000	17.4121	508.0367	94.9537	16.8223	24.8000	0.9300	0.9404	0.5885	-0.0011	508.0000	509.5225	1.0285	11.2435	100.0555	39.0333	0.8230	0.8215	5.0000	-9999.0000	-9999.0000	-9999.0000	-9999.0000	-9999.0000	-9999.0000	17.5324	1	0	27.8030	1.0000	06	1	-9999.0000	50444	26606	-9999	1460	1424	-9999	289.7795	5	0.5699	0.5885	-0.0011	51.7467	1.2959	464.1015	405.0048	39.3056	457.6145	95.4630	459.7165	94.9306	463.6648	94.8611	467.7316	94.9537	
08/08/2017	00:17:37	019001	G523013630HLR	L523	S		433.8035	1.0311	3.4725	99.9521	39.5097	0.8230	0.8273	5.0000	17.3223	508.0756	95.0000	18.5218	24.8000	0.9300	0.9405	0.5854	-0.0009	508.0000	508.3155	1.0285	11.0932	100.0112	39.0667	0.8230	0.8215	5.0000	-9999.0000	-9999.0000	-9999.0000	-9999.0000	-9999.0000	-9999.0000	17.4924	2	0	29.1838	1.0000	06	1	-9999.0000	50445	26607	-9999	1461	1425	-9999	289.0768	5	0.5701	0.5854	-0.0009	46.7736	1.5863	456.7425	394.9972	41.3889	446.5229	95.2083	451.6288	94.9537	455.9942	94.9537	459.7528	95.0000	
08/08/2017	00:18:06	019001	G523013632HLR	L523	S		438.9684	1.0311	3.2155	99.9606	39.5000	0.8230	0.8272	5.0000	17.1622	508.0637	94.9306	14.2224	24.8000	0.9300	0.9405	0.5854	-0.0009	508.0000	508.2074	1.0285	11.0798	100.0468	39.0667	0.8230	0.8214	5.0000	-9999.0000	-9999.0000	-9999.0000	-9999.0000	-9999.0000	-9999.0000	17.5126	3	0	29.3830	1.0000	06	1	-9999.0000	50446	26608	-9999	1462	1426	-9999	291.0360	5	0.5701	0.5854	-0.0009	46.7736	1.5863	471.5413	392.1542	39.8843	458.0183	95.2778	466.0888	95.0463	470.6309	95.0231	475.0368	95.0000	
08/08/2017	00:18:35	019001	G523013636HLR	L523	S		435.3599	1.0311	3.3950	100.0492	39.4500	0.8230	0.8272	5.0000	17.4121	508.0376	94.9306	14.7117	24.8000	0.9300	0.9406	0.5839	-0.0008	508.0000	508.9829	1.0285	11.1763	99.9556	39.0588	0.8230	0.8213	5.0000	-9999.0000	-9999.0000	-9999.0000	-9999.0000	-9999.0000	-9999.0000	17.5530	4	0	28.5140	1.0000	06	1	-9999.0000	50447	26609	-9999	1463	1427	-9999	290.6851	5	0.5702	0.5839	-0.0008	46.9550	1.5574	470.6479	400.8287	39.3981	460.6408	95.4630	465.6213	95.0231	470.0667	95.0694	474.2379	95.0000	
08/08/2017	00:19:01	019001	G523013628HLR	L523	S		437.2084	1.0311	3.3031	100.0178	39.4452	0.8230	0.8274	5.0000	17.1222	508.0191	94.9537	16.4424	24.8000	0.9300	0.9406	0.5815	-0.0007	508.0000	507.6841	1.0285	11.0146	100.0073	39.0333	0.8230	0.8213	5.0000	-9999.0000	-9999.0000	-9999.0000	-9999.0000	-9999.0000	-9999.0000	17.5422	5	0	26.1527	1.0000	06	1	-9999.0000	50448	26610	-9999	1464	1428	-9999	289.6929	5	0.5699	0.5815	-0.0007	49.0181	1.4336	467.1524	400.7401	41.7593	456.9351	95.1852	462.0408	95.0463	466.6555	95.0694	470.7036	94.9769	
08/08/2017	00:19:30	019001	G523013642HLR	L523	S		434.4647	1.0311	3.4396	100.0217	39.5000	0.8230	0.8275	5.0000	17.2920	508.0543	95.0000	17.1222	24.8000	0.9300	0.9406	0.5855	-0.0009	508.0000	507.9290	1.0285	11.0451	100.0046	39.0333	0.8230	0.8213	5.0000	-9999.0000	-9999.0000	-9999.0000	-9999.0000	-9999.0000	-9999.0000	18.1017	6	0	28.4536	1.0000	06	1	-9999.0000	50449	26611	-9999	1465	1429	-9999	289.4927	5	0.5702	0.5855	-0.0009	49.5277	1.3925	463.4800	403.7885	39.7454	457.3697	95.5093	458.9479	95.0463	462.9922	95.0000	466.9281	94.9769	
08/08/2017	00:19:54	019001	G523013641HLR	L523	S		435.0675	1.0311	3.4096	100.0207	39.5016	0.8230	0.8270	5.0000	18.9321	508.0402	95.0000	18.0119	24.8000	0.9300	0.9406	0.5845	-0.0009	508.0000	507.8918	1.0285	11.0405	99.9721	39.0657	0.8230	0.8215	5.0000	-9999.0000	-9999.0000	-9999.0000	-9999.0000	-9999.0000	-9999.0000	17.5517	7	0	24.9424	1.0000	06	1	-9999.0000	50450	26612	-9999	1466	1430	-9999	289.1179	5	0.5703	0.5845	-0.0009	49.6465	1.3756	460.3223	400.8993	39.6991	452.9243	95.5787	456.7527	95.0231	459.8312	95.0000	463.7416	94.9769	
08/08/2017	00:20:21	019001	G523013650HLR	L523	S		434.0722	1.0311	3.4591	100.0386	39.5000	0.8230	0.8273	5.0000	17.3624	508.0580	94.9306	16.4620	24.8000	0.9300	0.9406	0.5849	-0.0009	508.0000	509.6374	1.0285	11.2578	100.0239	39.0868	0.8230	0.8214	5.0000	-9999.0000	-9999.0000	-9999.0000	-9999.0000	-9999.0000	-9999.0000	17.6525	8	0	26.5940	1.0000	06	1	-9999.0000	50451	26613	-9999	1467	1431	-9999	289.7672	5	0.5705	0.5849	-0.0009	49.6857	1.3648	464.7346	394.2319	38.1250	454.3370	95.7407	459.8527	94.9769	464.2852	94.9074	468.2176	95.0000	
08/08/2017	00:20:49	019001	G523013948HLR	L523	S		439.2043	1.0311	3.2038	100.0486	39.5000	0.8230	0.8273	5.0000	17.0615	508.0616	94.9306	14.7723	24.8000	0.9300	0.9406	0.5849	-0.0009	508.0000	508.8621	1.0285	11.1613	99.9922	39.0667	0.8230	0.8214	5.0000	-9999.0000	-9999.0000	-9999.0000	-9999.0000	-9999.0000	-9999.0000	17.4522	1	0	27.6529	1.0000	06	3	-9999.0000	50452	26613	-9999	1468	1432	-9999	290.5198	5	0.5705	0.5849	-0.0009	49.6857	1.3648	468.9493	379.6901	36.9907	456.8720	95.8796	464.0813	94.9306	468.2044	94.9074	472.5646	94.9769	
08/08/2017	00:21:16	019001	G523013947HLR	L523	S		430.7999	1.0311	3.6219	100.0236	39.4952	0.8230	0.8272	5.0000	17.6113	508.0470	94.9537	16.4219	24.9000	0.9300	0.9407	0.5839	-0.0008	508.0000	506.9944	1.0285	10.9288	99.9579	39.0667	0.8230	0.8214	5.0000	-9999.0000	-9999.0000	-9999.0000	-9999.0000	-9999.0000	-9999.0000	17.4524	2	0	27.3430	1.0000	06	3	-9999.0000	50453	26614	-9999	1469	1433	-9999	289.7793	5	0.5706	0.5839	-0.0008	54.2268	1.0762	464.2550	380.2889	39.7222	453.8055	95.5787	460.6759	95.1157	463.8450	95.1157	467.7070	95.0000	
08/08/2017	00:21:44	019001	G523013938HLR	L523	S		439.4819	1.0311	3.1900	99.9483	39.4518	0.8230	0.8273	5.0000	17.1610	508.0750	94.9074	12.9723	24.9000	0.9300	0.9407	0.5839	-0.0008	508.0000	509.3557	1.0285	11.2227	100.0115	39.0667	0.8230	0.8213	5.0000	-9999.0000	-9999.0000	-9999.0000	-9999.0000	-9999.0000	-9999.0000	17.5018	3	0	28.2340	1.0000	06	3	-9999.0000	50454	26615	-9999	1470	1434	-9999	291.2812	5	0.5706	0.5839	-0.0008	54.2268	1.0762	475.2438	399.7254	40.4861	460.3858	95.3472	469.9452	95.0463	474.6144	95.0463	479.2612	95.0000	
08/08/2017	00:22:10	019001	G523013942HLR	L523	S		439.1419	1.0311	3.2069	99.9828	39.5000	0.8230	0.8274	5.0000	17.1524	508.0588	94.9537	14.6219	24.9000	0.9300	0.9407	0.5824	-0.0007	508.0000	508.5457	1.0285	11.1219	99.9910	39.0667	0.8230	0.8213	5.0000	-9999.0000	-9999.0000	-9999.0000	-9999.0000	-9999.0000	-9999.0000	17.5822	4	0	25.7833	1.0000	06	3	-9999.0000	50455	26616	-9999	1471	1435	-9999	290.4099	5	0.5701	0.5824	-0.0007	55.0028	1.0441	472.3300	394.1110	39.5139	463.8617	95.5787	467.7194	95.0231	471.7473	95.0000	475.6922	94.9537	
08/08/2017	00:22:35	019001	G523013927HLR	L523	S		436.3926	1.0311	3.3437	100.0641	39.5000	0.8230	0.8273	5.0000	17.3721	508.0757	94.9306	16.2813	24.9000	0.9300	0.9406	0.5824	-0.0007	508.0000	509.0034	1.0285	11.1788	99.9372	39.0667	0.8230	0.8213	5.0000	-9999.0000	-9999.0000	-9999.0000	-9999.0000	-9999.0000	-9999.0000	17.6123	5	0	24.9121	1.0000	06	3	-9999.0000	50456	26617	-9999	1472	1436	-9999	289.7607	5	0.5702	0.5824	-0.0007	58.1248	0.9015	467.0035	402.1140	40.6481	460.3963	95.2778	462.5938	95.0231	466.5990	95.0463	470.9605	95.0231	
08/08/2017	00:23:00	019001	G523013929HLR	L523	S		437.6833	1.0311	3.2794	99.9535	39.5000	0.8230	0.8273	5.0000	17.1514	508.0492	94.9074	15.3720	24.8000	0.9300	0.9406	0.5824	-0.0007	508.0000	508.7269	1.0285	11.1444	99.9573	39.0667	0.8230	0.8214	5.0000	-9999.0000	-9999.0000	-9999.0000	-9999.0000	-9999.0000	-9999.0000	17.6622	6	0	25.4934	1.0000	06	3	-9999.0000	50457	26618	-9999	1473	1437	-9999	290.1164	5	0.5702	0.5824	-0.0007	58.1248	0.9015	468.3949	399.6559	38.5417	464.9924	95.5556	464.0772	94.9769	467.8714	94.9769	472.1407	94.9537	
08/08/2017	00:23:25	019001	G523013930HLR	L523	S		437.1926	1.0311	3.3038	100.0245	39.5000	0.8230	0.8273	5.0000	17.2811	508.0326	94.9074	16.9220	24.8000	0.9300	0.9406	0.5781	-0.0005	508.0000	508.8936	1.0285	11.1652	99.9262	39.0987	0.8230	0.8214	5.0000	-9999.0000	-9999.0000	-9999.0000	-9999.0000	-9999.0000	-9999.0000	17.5918	7	0	24.9132	1.0000	06	3	-9999.0000	50458	26619	-9999	1474	1438	-9999	289.5852	5	0.5708	0.5781	-0.0005	56.6122	0.9783	464.9122	397.8434	37.6157	453.4392	95.3241	461.0952	95.0000	464.5428	94.9537	469.0109	95.0000	
08/08/2017	00:23:51	019001	G523013921HLR	L523	Q		441.4988	1.0311	3.0896	99.9305	39.5000	0.8230	0.8273	5.0000	17.2813	508.0503	94.9537	13.8220	24.8000	0.9300	0.9405	0.5781	-0.0005	508.0000	509.9287	1.0285	11.2940	99.9413	39.1000	0.8230	0.8214	5.0000	-9999.0000	-9999.0000	-9999.0000	-9999.0000	-9999.0000	-9999.0000	17.5821	8	0	25.4836	1.0000	06	3	-9999.0000	50459	26620	-9999	1475	1439	-9999	290.3835	5	0.5708	0.5781	-0.0005	56.6122	0.9783	477.0962	380.6030	36.5046	462.6433	95.9722	473.0041	95.0463	476.6362	94.9306	480.1156	95.0000	
08/08/2017	00:24:16	019001	G523013915HLR	L523	Q		440.8332	1.0311	3.1227	99.9945	39.5000	0.8230	0.8273	5.0000	17.2421	508.0598	94.9074	13.2711	24.8000	0.9300	0.9406	0.5781	-0.0005	508.0000	509.0260	1.0285	11.1817	100.0104	39.1000	0.8230	0.8213	5.0000	-9999.0000	-9999.0000	-9999.0000	-9999.0000	-9999.0000	-9999.0000	17.4727	1	0	25.0324	1.0000	06	3	-9999.0000	50460	26621	-9999	1476	1440	-9999	290.5198	5	0.5704	0.5781	-0.0005	58.3433	0.8845	478.2972	379.5976	37.4074	466.5268	95.8102	474.3097	95.1157	477.7862	95.0694	482.1293	95.0231	
08/08/2017	00:24:42	019001	G523013916HLR	L523	S		442.1424	1.0311	3.0576	100.0174	39.5000	0.8230	0.8272	5.0000	17.5822	508.0327	94.8843	11.9712	24.9000	0.9300	0.9406	0.5782	-0.0005	508.0000	507.0470	1.0285	10.9353	99.9906	39.0989	0.8230	0.8213	5.0000	-9999.0000	-9999.0000	-9999.0000	-9999.0000	-9999.0000	-9999.0000	17.5724	2	0	26.4738	1.0000	06	3	-9999.0000	50461	26622	-9999	1477	1441	-9999	290.7625	5	0.5703	0.5782	-0.0005	55.8508	1.0159	482.0220	382.4498	36.3657	465.9735	95.5093	477.8062	95.1852	481.6968	95.1389	485.3338	95.0231	
08/08/2017	00:25:08	019001	G523013908HLR	L523	S		438.6591	1.0311	3.2309	99.9840	39.5000	0.8230	0.8274	5.0000	17.2315	508.0286	94.8843	13.1217	24.9000	0.9300	0.9406	0.5793	-0.0006	508.0000	508.2230	1.0285	11.0817	99.9676	39.0981	0.8230	0.8213	5.0000	-9999.0000	-9999.0000	-9999.0000	-9999.0000	-9999.0000	-9999.0000	17.6222	3	0	25.3722	1.0000	06	3	-9999.0000	50462	26623	-9999	1478	1442	-9999	290.4724	5	0.5702	0.5793	-0.0006	56.1997	0.9979	477.4482	397.6094	37.5000	467.3672	95.8102	472.5871	95.0463	476.8712	95.0926	481.1862	94.9769	
08/08/2017	00:25:33	019001	G523013906HLR	L523	S		441.2043	1.0311	3.1043	99.9524	39.5088	0.8230	0.8274	5.0000	17.1014	508.0366	94.8843	11.9409	24.9000	0.9300	0.9406	0.5785	-0.0005	508.0000	508.0754	1.0285	11.0633	99.9855	39.1000	0.8230	0.8213	5.0000	-9999.0000	-9999.0000	-9999.0000	-9999.0000	-9999.0000	-9999.0000	17.5723	4	0	25.5636	1.0000	06	3	-9999.0000	50463	26624	-9999	1479	1443	-9999	290.6569	5	0.5701	0.5785	-0.0005	57.1804	0.8856	481.2821	397.4253	38.7731	470.0209	95.6019	476.4007	94.9769	480.7771	94.9769	484.9858	94.9769	
08/08/2017	00:25:58	019001	G523013907HLR	L523	S		439.4566	1.0311	3.1912	100.0096	39.5000	0.8230	0.8273	5.0000	17.1514	508.0465	94.9537	13.6521	24.9000	0.9300	0.9406	0.5777	-0.0005	508.0000	508.5145	1.0285	11.1180	99.9256	39.1000	0.8230	0.8214	5.0000	-9999.0000	-9999.0000	-9999.0000	-9999.0000	-9999.0000	-9999.0000	17.4219	5	0	24.9034	1.0000	06	3	-9999.0000	50464	26625	-9999	1480	1444	-9999	290.1003	5	0.5703	0.5777	-0.0005	53.4574	1.1347	477.5299	400.8297	39.0972	466.2041	95.6481	473.1049	95.0926	476.8346	95.1620	480.9446	95.0000	
08/08/2017	00:26:26	019001	G523013912HLR	L523	S		439.3255	1.0311	3.1977	100.0025	39.5000	0.8230	0.8273	5.0000	17.3722	508.0588	94.8843	12.9312	24.8000	0.9300	0.9406	0.5824	-0.0008	508.0000	507.1669	1.0285	10.9502	99.9880	39.1000	0.8230	0.8214	5.0000	-9999.0000	-9999.0000	-9999.0000	-9999.0000	-9999.0000	-9999.0000	17.3830	6	0	27.3529	1.0000	06	3	-9999.0000	50465	26626	-9999	1481	1445	-9999	290.7307	5	0.5708	0.5824	-0.0008	47.4592	1.5108	476.1422	399.2417	38.5417	463.2895	95.6250	470.9188	95.0926	475.4680	95.0926	479.7781	94.9769	
08/08/2017	00:26:54	019001	G523013911HLR	L523	S		437.7638	1.0311	3.2754	100.0084	39.5000	0.8230	0.8273	5.0000	17.0517	508.0488	94.9537	13.9714	24.8000	0.9300	0.9405	0.5814	-0.0007	508.0000	508.6968	1.0285	11.1407	99.9661	39.1000	0.8230	0.8213	5.0000	-9999.0000	-9999.0000	-9999.0000	-9999.0000	-9999.0000	-9999.0000	17.5820	7	0	28.7037	1.0000	06	3	-9999.0000	50466	26627	-9999	1482	1446	-9999	290.1954	5	0.5708	0.5814	-0.0007	49.8015	1.4008	474.3587	395.4771	40.9491	463.4570	95.2546	468.6212	95.0231	473.6166	95.0926	477.7618	94.9769	
08/08/2017	00:27:21	019001	G523013612HLR	L523	S		442.2485	1.0311	3.0523	100.0099	39.5000	0.8230	0.8273	5.0000	17.3017	508.0759	94.8843	11.9213	24.8000	0.9300	0.9406	0.5801	-0.0006	508.0000	507.2428	1.0285	10.9597	100.0484	39.1000	0.8230	0.8213	5.0000	-9999.0000	-9999.0000	-9999.0000	-9999.0000	-9999.0000	-9999.0000	17.5726	8	0	26.6633	1.0000	06	3	-9999.0000	50467	26628	-9999	1483	1446	-9999	290.8329	5	0.5709	0.5801	-0.0006	53.4709	1.1271	481.4133	408.3627	40.4630	470.6072	95.1157	476.0280	94.9074	480.8478	94.8611	485.2704	94.9537	
08/08/2017	00:27:46	019001	G523013613HLR	L523	S		440.1037	1.0311	3.1590	99.9571	39.5000	0.8230	0.8273	5.0000	17.0616	508.0582	94.9074	13.0221	24.8000	0.9300	0.9405	0.5798	-0.0006	508.0000	508.3852	1.0285	11.1019	99.9251	39.1000	0.8230	0.8212	5.0000	-9999.0000	-9999.0000	-9999.0000	-9999.0000	-9999.0000	-9999.0000	17.5918	1	0	24.8722	1.0000	06	3	-9999.0000	50468	26629	-9999	1484	1447	-9999	290.3562	5	0.5708	0.5798	-0.0006	52.3184	1.1993	478.4926	410.5091	42.0370	471.5420	95.0463	473.6641	94.9769	477.9300	95.0231	481.2731	94.9769	
08/08/2017	00:28:13	019001	G523013614HLR	L523	S		436.2515	1.0311	3.3507	100.0526	39.5000	0.8230	0.8273	5.0000	17.3721	508.0306	94.9306	15.3622	24.9000	0.9300	0.9407	0.5811	-0.0007	508.0000	506.9922	1.0285	10.9285	99.9363	39.0709	0.8230	0.8213	5.0000	-9999.0000	-9999.0000	-9999.0000	-9999.0000	-9999.0000	-9999.0000	17.6017	2	0	26.9837	1.0000	06	3	-9999.0000	50469	26630	-9999	1485	1448	-9999	289.5591	5	0.5710	0.5811	-0.0007	52.8169	1.1729	468.8081	394.9493	37.8935	458.3615	95.2546	463.6062	94.9769	468.2455	95.0000	472.2624	94.9537	
08/08/2017	00:28:42	019001	G523013616HLR	L523	S		440.5099	1.0311	3.1388	99.9937	39.5000	0.8230	0.8273	5.0000	17.1219	508.0531	94.9537	17.3117	24.9000	0.9300	0.9407	0.5836	-0.0009	508.0000	514.6782	1.0285	11.8853	99.9989	39.1000	0.8230	0.8212	5.0000	-9999.0000	-9999.0000	-9999.0000	-9999.0000	-9999.0000	-9999.0000	18.7219	3	2	28.9734	1.0000	06	3	-9999.0000	50470	26631	-9999	1485	1449	-9999	288.8072	5	0.5714	0.5836	-0.0009	50.6501	1.3197	465.8732	380.1759	38.3333	444.3105	95.8102	458.6898	95.5324	465.1097	95.4398	469.8629	94.7685	
08/08/2017	00:29:07	019001	G523013617HLR	L523	S		439.6386	1.0311	3.1822	99.9341	39.5112	0.8230	0.8273	5.0000	17.2521	508.0708	94.9537	14.6619	24.9000	0.9300	0.9407	0.5836	-0.0009	508.0000	508.1985	1.0285	11.0787	99.9338	39.1011	0.8230	0.8214	5.0000	-9999.0000	-9999.0000	-9999.0000	-9999.0000	-9999.0000	-9999.0000	17.5323	4	0	25.5733	1.0000	06	3	-9999.0000	50471	26632	-9999	1486	1450	-9999	289.7271	5	0.5714	0.5836	-0.0009	50.6501	1.3197	469.7566	396.1664	39.0972	456.7255	95.4630	464.9359	94.8148	469.3685	94.6991	473.6914	94.9537	
08/08/2017	00:29:32	019001	G523013622HLR	L523	S		440.8827	1.0311	3.1203	100.0127	39.5009	0.8230	0.8272	5.0000	17.1620	508.0327	94.9074	11.9214	24.9000	0.9300	0.9407	0.5915	-0.0015	508.0000	506.9158	1.0285	10.9190	99.9817	39.1000	0.8230	0.8212	5.0000	-9999.0000	-9999.0000	-9999.0000	-9999.0000	-9999.0000	-9999.0000	17.6720	5	0	25.1925	1.0000	06	3	-9999.0000	50472	26633	-9999	1487	1451	-9999	291.2062	5	0.5716	0.5915	-0.0015	39.3047	2.2062	475.4530	372.8258	38.1944	459.8228	95.6713	469.6437	95.1389	474.8402	95.1620	479.7635	95.0231	
08/08/2017	00:29:58	019001	G523013633HLR	L523	S		437.5782	1.0311	3.2847	99.9865	39.5000	0.8230	0.8273	5.0000	17.2219	508.0435	94.9074	14.9813	24.9000	0.9300	0.9407	0.5849	-0.0010	508.0000	508.2785	1.0285	11.0886	100.0376	39.0953	0.8230	0.8213	5.0000	-9999.0000	-9999.0000	-9999.0000	-9999.0000	-9999.0000	-9999.0000	17.5324	6	0	25.8234	1.0000	06	3	-9999.0000	50473	26634	-9999	1488	1452	-9999	289.4844	5	0.5718	0.5849	-0.0010	45.1494	1.7543	468.6312	381.8739	38.5185	459.4518	95.6944	464.9821	95.0000	468.0699	95.0231	472.2072	94.9769	
08/08/2017	00:30:24	019001	G523013635HLR	L523	S		433.2323	1.0311	3.5009	99.9578	39.4792	0.8230	0.8273	5.0000	17.1416	508.0642	95.0000	17.6017	24.9000	0.9300	0.9407	0.5828	-0.0009	508.0000	507.5382	1.0285	10.9965	99.9970	39.1000	0.8230	0.8214	5.0000	-9999.0000	-9999.0000	-9999.0000	-9999.0000	-9999.0000	-9999.0000	17.5421	7	0	25.2531	1.0000	06	3	-9999.0000	50474	26635	-9999	1489	1453	-9999	288.8635	5	0.5707	0.5828	-0.0009	50.7588	1.3368	461.0152	396.4217	38.5648	452.7779	95.7407	456.6510	94.9769	460.4617	94.9769	464.6790	95.0000	
08/08/2017	00:31:16	019001	G523013643HLR	L523	S		438.8199	1.0311	3.2229	99.9411	39.5500	0.8230	0.8273	5.0000	17.2315	508.0586	94.9306	13.8317	25.0000	0.9300	0.9408	0.5841	-0.0009	508.0000	506.4403	1.0285	10.8598	99.9894	38.9709	0.8230	0.8208	5.0000	-9999.0000	-9999.0000	-9999.0000	-9999.0000	-9999.0000	-9999.0000	17.8226	1	0	26.7132	1.0000	06	3	-9999.0000	50476	26636	-9999	1491	1454	-9999	290.2800	5	0.5710	0.5841	-0.0009	49.4010	1.4177	472.4603	396.4552	40.4630	459.6338	95.5093	467.3107	95.1852	471.8588	95.0463	476.1450	95.0231	
08/08/2017	00:31:42	019001	G523013626HLR	L523	S		436.8197	1.0311	3.3224	100.0267	39.5000	0.8230	0.8272	5.0000	17.1026	508.0743	94.9537	13.8015	24.9000	0.9300	0.9407	0.5874	-0.0012	508.0000	507.1012	1.0285	10.9421	99.9777	38.9947	0.8230	0.8215	5.0000	-9999.0000	-9999.0000	-9999.0000	-9999.0000	-9999.0000	-9999.0000	17.4424	2	0	26.5833	1.0000	06	3	-9999.0000	50477	26637	-9999	1492	1455	-9999	290.3109	5	0.5707	0.5874	-0.0012	48.4844	1.4780	472.1296	399.1227	39.9769	460.2983	95.3009	466.1222	95.4630	471.3654	95.4167	475.0786	94.7454	
08/08/2017	00:32:08	019001	G523013657HLR	L523	S		432.8020	1.0311	3.5223	100.0158	39.4823	0.8230	0.8273	5.0000	17.3614	508.0427	94.9074	13.9020	24.9000	0.9300	0.9405	0.5835	-0.0009	508.0000	508.5496	1.0285	11.1224	99.9700	39.1000	0.8230	0.8217	5.0000	-9999.0000	-9999.0000	-9999.0000	-9999.0000	-9999.0000	-9999.0000	17.5128	3	0	25.4034	1.0000	06	3	-9999.0000	50478	26638	-9999	1493	1456	-9999	290.3916	5	0.5706	0.5835	-0.0009	48.4971	1.4703	473.8069	400.0401	39.1204	464.1085	95.5093	468.5869	94.9537	473.1998	94.9769	477.3714	94.9537	
08/08/2017	00:33:02	019001	G523013629HLR	L523	S		436.7804	1.0311	3.3244	100.0190	39.5389	0.8230	0.8274	5.0000	17.2326	508.0786	94.9074	15.3720	25.0000	0.9300	0.9407	0.5837	-0.0009	508.0000	506.4677	1.0285	10.8632	99.9702	38.9667	0.8230	0.8208	5.0000	-9999.0000	-9999.0000	-9999.0000	-9999.0000	-9999.0000	-9999.0000	17.7122	5	0	28.5134	1.0000	06	3	-9999.0000	50480	26639	-9999	1495	1457	-9999	289.8283	5	0.5708	0.5837	-0.0009	47.7130	1.5114	467.9833	394.8800	39.6991	464.4741	95.6250	463.7730	95.0463	467.6850	95.0000	471.0350	94.9769	
08/08/2017	00:33:31	019001	G523013637HLR	L523	S		438.2058	1.0311	3.2534	99.9559	39.5309	0.8230	0.8273	5.0000	17.2218	508.0556	94.8843	14.6512	24.9000	0.9300	0.9406	0.5837	-0.0009	508.0000	507.6143	1.0285	11.0059	99.9983	38.9830	0.8230	0.8215	5.0000	-9999.0000	-9999.0000	-9999.0000	-9999.0000	-9999.0000	-9999.0000	17.4915	6	0	29.5239	1.0000	06	3	-9999.0000	50481	26640	-9999	1496	1458	-9999	290.2221	5	0.5708	0.5837	-0.0009	47.7130	1.5114	471.5459	398.8744	40.7407	459.4587	95.4167	466.2641	95.0463	470.9495	95.0694	474.5940	94.9769	
08/08/2017	00:33:56	019001	G523013677HLR	L523	S		440.4277	1.0311	3.1429	99.9856	39.5000	0.8230	0.8272	5.0000	17.2628	508.0587	94.9306	14.0417	24.9000	0.9300	0.9405	0.5836	-0.0009	508.0000	508.8722	1.0285	11.1625	99.9474	39.1000	0.8230	0.8217	5.0000	-9999.0000	-9999.0000	-9999.0000	-9999.0000	-9999.0000	-9999.0000	17.4621	7	0	24.9427	1.0000	06	3	-9999.0000	50482	26641	-9999	1497	1459	-9999	290.4521	5	0.5705	0.5836	-0.0009	49.0061	1.4320	473.3927	378.5867	38.1944	458.7757	95.6481	468.9244	94.8843	472.8068	94.8611	476.7464	94.9537	
08/08/2017	00:34:22	019001	G523013652HLR	L523	S		439.2442	1.0311	3.2018	99.9272	39.5000	0.8230	0.8273	5.0000	17.3429	508.0486	94.8843	13.1510	24.9000	0.9300	0.9404	0.5836	-0.0009	508.0000	506.6922	1.0285	10.8911	100.0635	39.1000	0.8230	0.8213	5.0000	-9999.0000	-9999.0000	-9999.0000	-9999.0000	-9999.0000	-9999.0000	17.5822	8	0	25.5136	1.0000	06	3	-9999.0000	50483	26642	-9999	1498	1460	-9999	290.8185	5	0.5705	0.5836	-0.0009	49.0061	1.4320	475.4020	383.2632	37.7315	458.9510	95.7639	469.8656	94.9769	474.7886	94.9306	479.1519	94.9769	
08/08/2017	00:34:48	019001	G523013663HLR	L523	S		435.2864	1.0311	3.3987	100.0302	39.5000	0.8230	0.8273	5.0000	17.1817	508.0532	94.9537	17.1017	24.8000	0.9300	0.9404	0.5848	-0.0009	508.0000	507.1870	1.0285	10.9527	99.9006	39.0667	0.8230	0.8211	5.0000	-9999.0000	-9999.0000	-9999.0000	-9999.0000	-9999.0000	-9999.0000	19.2826	1	0	25.8723	1.0000	06	3	-9999.0000	50484	26643	-9999	1499	1461	-9999	289.2349	5	0.5707	0.5848	-0.0009	48.2787	1.4613	462.7794	395.9502	38.5185	454.5649	95.6481	458.0454	95.2315	462.3140	95.2315	466.5579	95.0463	
08/08/2017	00:35:15	019001	G523013670HLR	L523	S		432.6004	1.0311	3.5323	99.9399	39.5000	0.8230	0.8273	5.0000	17.2412	508.0398	94.9306	17.5421	24.8000	0.9300	0.9404	0.5843	-0.0009	508.0000	506.4670	1.0285	10.8631	99.9595	39.1000	0.8230	0.8215	5.0000	-9999.0000	-9999.0000	-9999.0000	-9999.0000	-9999.0000	-9999.0000	17.5919	2	0	27.0737	1.0000	06	3	-9999.0000	50485	26644	-9999	1500	1462	-9999	289.0082	5	0.5714	0.5843	-0.0009	49.0084	1.4039	459.6522	404.4154	40.7407	452.5263	95.1852	454.5771	94.8380	459.2656	94.7917	463.1563	94.9769	
08/08/2017	00:35:40	019001	G523013659HLR	L523	S		440.9436	1.0311	3.1172	99.9751	39.5500	0.8230	0.8273	5.0000	17.2021	508.0761	94.8843	12.5718	24.8000	0.9300	0.9403	0.5843	-0.0009	508.0000	507.9103	1.0285	11.0428	99.9105	39.1032	0.8230	0.8214	5.0000	-9999.0000	-9999.0000	-9999.0000	-9999.0000	-9999.0000	-9999.0000	17.5518	3	0	25.7335	1.0000	06	3	-9999.0000	50486	26645	-9999	1501	1463	-9999	291.2525	5	0.5714	0.5843	-0.0009	49.0084	1.4039	476.6336	400.0880	37.8472	464.3003	95.6019	471.1472	94.7222	476.1917	94.6991	479.8509	94.9537	
08/08/2017	00:36:08	019001	G523013656HLR	L523	S		413.5865	1.0311	4.4783	99.9625	39.5078	0.8230	0.8273	5.0000	17.1319	0.0000	0.0000	0.0000	0.0000	0.9300	0.0000	0.0000	0.0000	0.0000	413.8569	1.0285	-0.6651	99.9903	39.0667	0.8230	0.8214	5.0000	-9999.0000	-9999.0000	-9999.0000	-9999.0000	-9999.0000	-9999.0000	17.5419	4	7	27.5939	1.0000	06	3	-9999.0000	50487	0	-9999	1502	1464	-9999	0.0000	0	0.0000	0.0000	0.0000	0.0000	0.0000	0.0000	0.0000	0.0000	0.0000	0.0000	0.0000	0.0000	0.0000	0.0000	0.0000	0.0000	
08/08/2017	00:36:33	019001	G523013648HLR	L523	S		438.8476	1.0311	3.2215	99.9455	39.4746	0.8230	0.8272	5.0000	17.4816	508.0566	94.9306	14.5223	24.9000	0.9300	0.9407	0.5828	-0.0008	508.0000	509.5669	1.0285	11.2490	99.9623	39.0974	0.8230	0.8213	5.0000	-9999.0000	-9999.0000	-9999.0000	-9999.0000	-9999.0000	-9999.0000	17.5822	5	0	24.9818	1.0000	06	3	-9999.0000	50488	26646	-9999	1503	1465	-9999	290.4809	5	0.5714	0.5828	-0.0008	50.4008	1.3073	472.9320	392.7485	39.5370	456.2753	95.9491	468.3395	95.7176	472.3634	95.5556	475.7435	94.8148	
08/08/2017	00:37:00	019001	G523013682HLR	L523	S		438.6286	1.0311	3.2324	99.9652	39.5000	0.8230	0.8274	5.0000	17.1514	508.0474	94.8843	15.0917	24.9000	0.9300	0.9407	0.5816	-0.0007	508.0000	509.1069	1.0285	11.1917	100.0211	39.0889	0.8230	0.8212	5.0000	-9999.0000	-9999.0000	-9999.0000	-9999.0000	-9999.0000	-9999.0000	17.8323	6	0	27.1537	1.0000	06	3	-9999.0000	50489	26647	-9999	1504	1465	-9999	290.4117	5	0.5715	0.5816	-0.0007	49.2756	1.3789	471.8596	382.9571	37.3611	459.1759	95.8565	467.3138	95.2315	471.3606	95.1620	475.4973	95.0231	
08/08/2017	00:37:25	019001	G523013676HLR	L523	S		439.1725	1.0311	3.2053	99.9336	39.5389	0.8230	0.8274	5.0000	17.4318	508.0375	94.9537	14.3523	24.8000	0.9300	0.9405	0.5808	-0.0006	508.0000	507.7064	1.0285	11.0174	99.9535	39.0816	0.8230	0.8214	5.0000	-9999.0000	-9999.0000	-9999.0000	-9999.0000	-9999.0000	-9999.0000	17.5618	7	0	24.9230	1.0000	06	3	-9999.0000	50490	26648	-9999	1505	1466	-9999	290.7260	5	0.5720	0.5808	-0.0006	51.2253	1.2400	472.8534	402.4298	40.5324	464.1282	95.2778	468.9469	94.8611	472.2850	94.8148	476.3772	94.9769	
08/08/2017	00:37:51	019001	G523013685HLR	L523	S		437.6079	1.0311	3.2832	100.0114	39.5500	0.8230	0.8273	5.0000	17.1611	508.0502	94.9306	15.6425	24.8000	0.9300	0.9405	0.5796	-0.0005	508.0000	509.5037	1.0285	11.2411	99.9598	39.1000	0.8230	0.8210	5.0000	-9999.0000	-9999.0000	-9999.0000	-9999.0000	-9999.0000	-9999.0000	19.5131	8	0	26.4532	1.0000	06	3	-9999.0000	50491	26649	-9999	1506	1467	-9999	290.3441	5	0.5717	0.5796	-0.0005	52.1223	1.1975	470.0903	397.0324	39.6065	456.7265	95.5093	465.4484	94.9074	469.5756	94.9306	473.7614	94.9537	
08/08/2017	00:38:17	019001	G523013684HLR	L523	S		442.6412	1.0311	3.0328	99.9706	39.5000	0.8230	0.8272	5.0000	17.1914	508.0492	94.9074	12.5816	24.8000	0.9300	0.9404	0.5796	-0.0005	508.0000	508.2918	1.0285	11.0903	99.9283	39.1000	0.8230	0.8214	5.0000	-9999.0000	-9999.0000	-9999.0000	-9999.0000	-9999.0000	-9999.0000	17.5421	1	0	25.6829	1.0000	06	3	-9999.0000	50492	26649	-9999	1507	1468	-9999	291.0563	5	0.5717	0.5796	-0.0005	52.1223	1.1975	480.0571	385.4987	37.8241	465.4527	95.6944	474.7207	94.9074	479.4884	94.8843	482.3750	94.9537	
08/08/2017	00:38:43	019001	G523013692HLR	L523	S		439.4688	1.0311	3.1906	100.0039	39.5000	0.8230	0.8273	5.0000	17.0516	508.0356	94.9074	15.1522	24.8000	0.9300	0.9405	0.5793	-0.0005	508.0000	509.1746	1.0285	11.2002	99.9914	39.1233	0.8230	0.8213	5.0000	-9999.0000	-9999.0000	-9999.0000	-9999.0000	-9999.0000	-9999.0000	17.6223	2	0	26.1730	1.0000	06	3	-9999.0000	50493	26650	-9999	1508	1469	-9999	290.2556	5	0.5715	0.5793	-0.0005	51.0434	1.2629	472.7333	400.0776	40.6713	462.7564	95.4167	468.2219	94.9769	472.0634	95.0463	476.2024	95.0000	
08/08/2017	00:39:08	019001	G523013694HLR	L523	S		444.8893	1.0311	2.9209	100.0616	39.5000	0.8230	0.8273	5.0000	17.3820	508.0296	94.8843	12.1421	24.8000	0.9300	0.9405	0.5807	-0.0006	508.0000	508.3677	1.0285	11.0997	99.9214	39.1000	0.8230	0.8212	5.0000	-9999.0000	-9999.0000	-9999.0000	-9999.0000	-9999.0000	-9999.0000	17.5914	3	0	24.9229	1.0000	06	3	-9999.0000	50494	26651	-9999	1509	1470	-9999	291.2910	5	0.5716	0.5807	-0.0006	50.7883	1.2747	480.5680	403.5323	38.1944	470.5313	95.6713	475.7728	94.9074	480.0794	94.9074	484.1578	94.9306	
08/08/2017	00:39:35	019001	G523013695HLR	L523	S		439.1155	1.0311	3.2082	99.9684	39.5107	0.8230	0.8273	5.0000	17.2022	508.0538	94.9306	14.4715	24.8000	0.9300	0.9406	0.5813	-0.0007	508.0000	508.7258	1.0285	11.1443	99.9569	39.0989	0.8230	0.8213	5.0000	-9999.0000	-9999.0000	-9999.0000	-9999.0000	-9999.0000	-9999.0000	17.6321	4	0	27.0141	1.0000	06	3	-9999.0000	50495	26652	-9999	1510	1471	-9999	290.4664	5	0.5714	0.5813	-0.0007	49.3371	1.3871	472.4846	397.3850	39.1667	463.9049	95.6019	468.4050	94.9537	471.8385	95.0000	476.3425	94.9769	
08/08/2017	00:40:00	019001	G523013688HLR	L523	S		439.2092	1.0311	3.2035	99.9640	39.5000	0.8230	0.8273	5.0000	17.2324	508.0362	94.9074	14.3416	24.8000	0.9300	0.9406	0.5809	-0.0006	508.0000	508.3710	1.0285	11.1001	99.9852	39.1000	0.8230	0.8213	5.0000	-9999.0000	-9999.0000	-9999.0000	-9999.0000	-9999.0000	-9999.0000	17.6320	5	0	25.0926	1.0000	06	3	-9999.0000	50496	26653	-9999	1511	1472	-9999	290.4657	5	0.5715	0.5809	-0.0006	48.4048	1.4452	473.9235	398.4684	38.4028	465.6519	95.7407	469.6409	94.9537	473.5448	94.9537	477.4322	94.9769	
08/08/2017	00:40:27	019001	G523013686HLR	L523	S		442.9179	1.0311	3.0190	100.0263	39.5000	0.8230	0.8272	5.0000	17.4219	508.0789	94.9306	14.1619	24.8000	0.9300	0.9405	0.5816	-0.0007	508.0000	509.9283	1.0285	11.2940	100.0215	39.1000	0.8230	0.8213	5.0000	-9999.0000	-9999.0000	-9999.0000	-9999.0000	-9999.0000	-9999.0000	17.5924	6	0	26.5032	1.0000	06	3	-9999.0000	50497	26654	-9999	1512	1473	-9999	290.5737	5	0.5714	0.5816	-0.0007	48.7710	1.4174	473.6437	386.2401	39.7917	461.1293	95.4630	469.0028	94.9769	473.1694	94.9769	477.3399	94.9537	
08/08/2017	00:40:52	019001	G523013687HLR	L523	S		443.8207	1.0311	2.9741	100.0013	39.5000	0.8230	0.8275	5.0000	17.2405	508.0499	94.9074	12.2212	24.8000	0.9300	0.9405	0.5802	-0.0006	508.0000	507.3179	1.0285	10.9690	99.9858	39.1000	0.8230	0.8213	5.0000	-9999.0000	-9999.0000	-9999.0000	-9999.0000	-9999.0000	-9999.0000	17.5821	7	0	24.9630	1.0000	06	3	-9999.0000	50498	26655	-9999	1513	1474	-9999	291.0563	5	0.5713	0.5802	-0.0006	45.7425	1.6079	480.6388	385.4965	38.1019	470.9165	95.6944	476.4709	94.8843	480.2876	94.8843	484.0799	94.9537	
08/08/2017	00:41:17	019001	G523013673HLR	L523	S		436.7710	1.0311	3.3248	100.0549	39.5000	0.8230	0.8273	5.0000	17.3117	508.0505	94.9074	15.0126	24.9000	0.9300	0.9406	0.5854	-0.0010	508.0000	507.8906	1.0285	11.0403	100.0386	39.1000	0.8230	0.8213	5.0000	-9999.0000	-9999.0000	-9999.0000	-9999.0000	-9999.0000	-9999.0000	17.4718	8	0	25.4729	1.0000	06	3	-9999.0000	50499	26656	-9999	1514	1475	-9999	289.8172	5	0.5714	0.5854	-0.0010	44.0224	1.7414	468.9792	381.5074	40.1389	456.3802	95.5093	463.7424	95.0463	468.1790	95.1157	472.3627	95.0000	
08/08/2017	00:41:42	019001	G523013700HLR	L523	S		443.3294	1.0311	2.9985	99.9843	39.5000	0.8230	0.8273	5.0000	17.2619	508.0627	94.9537	13.7019	24.8000	0.9300	0.9405	0.5854	-0.0010	508.0000	509.9519	1.0285	11.2969	100.0466	39.1000	0.8230	0.8210	5.0000	-9999.0000	-9999.0000	-9999.0000	-9999.0000	-9999.0000	-9999.0000	19.4830	1	0	24.9033	1.0000	06	3	-9999.0000	50500	26657	-9999	1515	1476	-9999	290.5215	5	0.5715	0.5854	-0.0010	41.2341	1.9442	472.4800	397.7152	40.1389	451.5485	95.5324	467.8563	95.0463	471.9620	95.0000	476.2040	95.0000	
08/08/2017	00:42:15	019001	G523013664HLR	L523	S		439.6500	1.0311	3.1816	100.0499	39.5016	0.8230	0.8273	5.0000	17.1016	508.0633	94.9074	14.4725	24.8000	0.9300	0.9405	0.5841	-0.0009	508.0000	509.0278	1.0285	11.1819	99.9525	39.1011	0.8230	0.8212	5.0000	-9999.0000	-9999.0000	-9999.0000	-9999.0000	-9999.0000	-9999.0000	19.2727	2	0	32.7939	1.0000	06	3	-9999.0000	50501	26658	-9999	1516	1477	-9999	290.1012	5	0.5711	0.5841	-0.0009	37.2959	2.1995	472.0917	400.5715	39.1667	468.0740	95.4861	467.8533	94.9306	471.6094	94.9537	475.6101	94.9769	
08/08/2017	00:42:47	019001	G523013701HLR	L523	S		446.9814	1.0311	2.8168	99.9659	39.5000	0.8230	0.8272	5.0000	17.3819	508.0475	94.9537	10.6019	24.9000	0.9300	0.9405	0.5852	-0.0010	508.0000	508.1925	1.0285	11.0779	99.9363	39.1333	0.8230	0.8214	5.0000	-9999.0000	-9999.0000	-9999.0000	-9999.0000	-9999.0000	-9999.0000	17.5822	3	0	32.4132	1.0000	06	3	-9999.0000	50502	26659	-9999	1517	1478	-9999	292.0549	5	0.5715	0.5852	-0.0010	36.2682	2.2585	483.2839	404.3949	40.0463	473.7702	95.3704	478.1064	94.8611	482.3792	94.8843	487.6782	94.9537	
08/08/2017	00:43:13	019001	G523013691HLR	L523	S		445.1135	1.0311	2.9098	99.9851	39.5000	0.8230	0.8273	5.0000	17.3624	508.0693	94.9306	10.3714	24.9000	0.9300	0.9405	0.5851	-0.0010	508.0000	507.1210	1.0285	10.9445	100.0332	39.1000	0.8230	0.8209	5.0000	-9999.0000	-9999.0000	-9999.0000	-9999.0000	-9999.0000	-9999.0000	18.5924	4	0	25.5538	1.0000	06	3	-9999.0000	50503	26660	-9999	1518	1479	-9999	292.1833	5	0.5715	0.5851	-0.0010	35.5938	2.3130	484.9066	395.5420	37.9167	473.8283	95.8333	479.0651	95.1389	484.1783	95.1852	488.0155	95.0231	
08/08/2017	00:43:38	019001	G523012715HLR	L523	S		443.0749	1.0311	3.0112	100.0587	39.5000	0.8230	0.8272	5.0000	17.7921	508.0382	94.8843	12.8111	24.9000	0.9300	0.9406	0.5851	-0.0010	508.0000	510.9080	1.0285	11.4159	99.9813	39.0605	0.8230	0.8208	5.0000	-9999.0000	-9999.0000	-9999.0000	-9999.0000	-9999.0000	-9999.0000	19.4416	5	0	25.5834	1.0000	06	1	-9999.0000	50504	26661	-9999	1519	1480	-9999	290.9389	5	0.5712	0.5851	-0.0010	35.3496	2.3273	476.1757	395.3634	37.9398	463.3440	95.9259	470.8370	95.1389	475.6901	95.1389	479.8236	94.9769	
08/08/2017	00:44:04	019001	G523012124HLR	L523	S		425.1813	1.0311	3.9014	100.0034	39.5000	0.8230	0.8272	5.0000	17.8624	508.0504	94.9769	20.8326	24.9000	0.9300	0.9407	0.5860	-0.0011	508.0000	505.3156	1.0285	10.7198	99.9924	39.0830	0.8230	0.8215	5.0000	-9999.0000	-9999.0000	-9999.0000	-9999.0000	-9999.0000	-9999.0000	17.6017	6	0	25.5725	1.0000	06	1	-9999.0000	50505	26662	-9999	1520	1481	-9999	286.4558	5	0.5714	0.5860	-0.0011	37.1650	2.1962	448.6797	396.6455	40.6944	439.2612	95.5556	443.7158	95.1852	447.9982	95.2315	452.0820	95.0231	
08/08/2017	00:44:32	019001	G523012113HLR	L523	S		426.6065	1.0311	3.8305	100.0786	39.5000	0.8230	0.8274	5.0000	17.2022	508.0829	94.9306	21.0318	24.9000	0.9300	0.9406	0.5881	-0.0012	508.0000	506.3762	1.0285	10.8518	99.9801	39.1323	0.8230	0.8214	5.0000	-9999.0000	-9999.0000	-9999.0000	-9999.0000	-9999.0000	-9999.0000	17.6320	7	0	27.5433	1.0000	06	1	-9999.0000	50506	26663	-9999	1521	1482	-9999	286.3634	5	0.5720	0.5881	-0.0012	39.5001	2.0393	446.6516	391.8997	37.8704	440.1250	95.8565	442.3056	95.0231	445.9553	94.9306	450.3288	94.9537	
08/08/2017	00:45:22	019001	G523013749HLR	L523	S		437.8510	1.0311	3.2711	99.9872	39.5000	0.8230	0.8271	5.0000	17.1220	508.0623	94.9306	14.2215	25.0000	0.9300	0.9408	0.5877	-0.0012	508.0000	505.1603	1.0285	10.7005	99.9508	38.9667	0.8230	0.8207	5.0000	-9999.0000	-9999.0000	-9999.0000	-9999.0000	-9999.0000	-9999.0000	17.6816	1	0	24.7931	1.0000	06	1	-9999.0000	50508	26664	-9999	1523	1483	-9999	289.9212	5	0.5717	0.5877	-0.0012	40.7001	1.9703	466.2546	373.4606	37.7083	453.5499	95.8565	461.7612	95.0694	465.7795	94.8611	470.9239	94.9074	
08/08/2017	00:46:12	019001	G523013746HLR	L523	S		435.2630	1.0311	3.3999	100.0758	39.4745	0.8230	0.8275	5.0000	17.1019	508.0415	94.9306	16.1426	25.0000	0.9300	0.9409	0.5825	-0.0008	508.0000	507.8854	1.0285	11.0397	99.9522	38.9667	0.8230	0.8212	5.0000	-9999.0000	-9999.0000	-9999.0000	-9999.0000	-9999.0000	-9999.0000	17.7327	3	0	24.9121	1.0000	06	1	-9999.0000	50510	26665	-9999	1525	1483	-9999	289.3070	5	0.5707	0.5825	-0.0008	43.1866	1.7649	465.9898	391.7408	37.8935	452.7384	96.0880	460.1284	95.6019	465.4978	95.5093	469.5322	94.8380	
08/08/2017	00:48:35	019001	G523012097HLR	L523	S		398.0725	1.0311	4.9376	99.9124	39.4808	0.8230	0.8273	5.0000	17.7921	0.0000	0.0000	0.0000	0.0000	0.9300	0.0000	0.0000	0.0000	0.0000	394.3144	1.0285	-2.9940	99.9229	38.8333	0.8230	0.8218	5.0000	-9999.0000	-9999.0000	-9999.0000	-9999.0000	-9999.0000	-9999.0000	17.6916	8	7	25.5537	1.0000	06	1	-9999.0000	50515	0	-9999	1528	1483	-9999	0.0000	0	0.0000	0.0000	0.0000	0.0000	0.0000	0.0000	0.0000	0.0000	0.0000	0.0000	0.0000	0.0000	0.0000	0.0000	0.0000	0.0000	
08/08/2017	00:48:59	019001	G523013714HLR	L523	S		421.6481	1.0311	4.0772	99.9768	39.5000	0.8230	0.8273	5.0000	17.7316	508.0740	94.9306	22.2332	25.0000	0.9300	0.9410	0.5828	-0.0008	508.0000	506.2758	1.0285	10.8393	99.9993	39.0253	0.8230	0.8220	5.0000	-9999.0000	-9999.0000	-9999.0000	-9999.0000	-9999.0000	-9999.0000	17.4415	1	0	24.8624	1.0000	06	1	-9999.0000	50516	26666	-9999	1529	1484	-9999	286.9667	5	0.5707	0.5828	-0.0008	43.8148	1.7416	448.6742	386.7011	38.4722	438.4553	96.2500	443.9883	95.6019	448.1738	95.3472	452.1046	94.9769	
08/08/2017	00:49:25	019001	G523013757HLR	L523	S		399.5360	1.0311	4.9558	100.0544	39.5078	0.8230	0.8275	5.0000	17.2121	0.0000	0.0000	0.0000	0.0000	0.9300	0.0000	0.0000	0.0000	0.0000	395.7366	1.0285	-2.9208	100.0040	39.0333	0.8230	0.8219	5.0000	-9999.0000	-9999.0000	-9999.0000	-9999.0000	-9999.0000	-9999.0000	17.3225	2	7	25.3937	1.0000	06	1	-9999.0000	50517	0	-9999	1530	1485	-9999	0.0000	0	0.0000	0.0000	0.0000	0.0000	0.0000	0.0000	0.0000	0.0000	0.0000	0.0000	0.0000	0.0000	0.0000	0.0000	0.0000	0.0000	
08/08/2017	00:50:51	019001	G523013724HLR	L523	S		426.3143	1.0311	3.8451	99.9290	39.5500	0.8230	0.8272	5.0000	17.2022	508.0818	94.9306	20.8531	24.9000	0.9300	0.9407	0.5828	-0.0008	508.0000	507.7288	1.0285	11.0202	99.9506	39.0926	0.8230	0.8216	5.0000	-9999.0000	-9999.0000	-9999.0000	-9999.0000	-9999.0000	-9999.0000	17.5822	3	0	86.3395	1.0000	06	1	-9999.0000	50518	26667	-9999	1531	1486	-9999	287.5508	5	0.5707	0.5828	-0.0008	43.8148	1.7416	451.8004	408.2063	38.9583	442.5314	95.5093	446.9036	95.5787	451.1842	95.3241	455.4650	95.0463	
08/08/2017	00:51:24	019001	G523013715HLR	L523	S		413.4342	1.0311	4.4859	99.9414	39.4500	0.8230	0.8270	5.0000	18.1126	0.0000	0.0000	0.0000	0.0000	0.9300	0.0000	0.0000	0.0000	0.0000	412.3860	1.0285	-0.8482	100.0385	39.0333	0.8230	0.8215	5.0000	-9999.0000	-9999.0000	-9999.0000	-9999.0000	-9999.0000	-9999.0000	17.3420	4	7	33.0743	1.0000	06	1	-9999.0000	50519	0	-9999	1532	1487	-9999	0.0000	0	0.0000	0.0000	0.0000	0.0000	0.0000	0.0000	0.0000	0.0000	0.0000	0.0000	0.0000	0.0000	0.0000	0.0000	0.0000	0.0000	
08/08/2017	00:52:27	019001	G523013738HLR	L523	S		411.4442	1.0311	4.5849	99.9911	39.5000	0.8230	0.8273	5.0000	17.4923	0.0000	0.0000	0.0000	0.0000	0.9300	0.0000	0.0000	0.0000	0.0000	410.1698	1.0285	-1.1241	99.9878	38.8000	0.8230	0.8215	5.0000	-9999.0000	-9999.0000	-9999.0000	-9999.0000	-9999.0000	-9999.0000	17.5315	5	7	62.2272	1.0000	06	1	-9999.0000	50520	0	-9999	1533	1488	-9999	0.0000	0	0.0000	0.0000	0.0000	0.0000	0.0000	0.0000	0.0000	0.0000	0.0000	0.0000	0.0000	0.0000	0.0000	0.0000	0.0000	0.0000	
08/08/2017	00:52:52	019001	G523013753HLR	L523	S		416.5281	1.0311	4.3319	100.0206	39.5000	0.8230	0.8274	5.0000	17.1719	0.0000	0.0000	0.0000	0.0000	0.9300	0.0000	0.0000	0.0000	0.0000	416.2779	1.0285	-0.3637	99.9649	39.0000	0.8230	0.8221	5.0000	-9999.0000	-9999.0000	-9999.0000	-9999.0000	-9999.0000	-9999.0000	17.4824	6	7	25.5939	1.0000	06	1	-9999.0000	50521	0	-9999	1534	1489	-9999	0.0000	0	0.0000	0.0000	0.0000	0.0000	0.0000	0.0000	0.0000	0.0000	0.0000	0.0000	0.0000	0.0000	0.0000	0.0000	0.0000	0.0000	
08/08/2017	00:53:22	019001	G523013728HLR	L523	S		419.1824	1.0311	4.1999	99.9672	39.5000	0.8230	0.8274	5.0000	17.5325	508.0724	94.9306	20.8228	24.9000	0.9300	0.9409	0.5825	-0.0008	508.0000	508.2794	1.0285	11.0887	100.0207	38.8663	0.8230	0.8209	5.0000	-9999.0000	-9999.0000	-9999.0000	-9999.0000	-9999.0000	-9999.0000	17.6623	7	0	29.6433	1.0000	06	1	-9999.0000	50522	26667	-9999	1535	1490	-9999	287.8908	5	0.5700	0.5825	-0.0008	42.6283	1.8344	451.3580	396.7468	38.5648	440.8798	96.0185	447.1196	95.5324	450.8537	95.2778	454.6013	95.0231	
08/08/2017	00:53:47	019001	G523013734HLR	L523	S		422.2360	1.0311	4.0480	99.9814	39.5420	0.8230	0.8274	5.0000	17.1416	508.0339	94.9537	21.1129	24.9000	0.9300	0.9409	0.5825	-0.0008	508.0000	508.8272	1.0285	11.1569	100.0106	38.9214	0.8230	0.8218	5.0000	-9999.0000	-9999.0000	-9999.0000	-9999.0000	-9999.0000	-9999.0000	17.5821	8	0	25.5228	1.0000	06	1	-9999.0000	50523	26668	-9999	1536	1491	-9999	287.7444	5	0.5700	0.5825	-0.0008	42.6283	1.8344	450.0305	408.5585	40.9954	439.8102	95.7870	445.2704	95.3009	449.5574	95.0463	453.7597	94.9769	
08/08/2017	00:55:13	019001	G523013760HLR	L523	S		429.7870	1.0311	3.6723	99.9342	39.5044	0.8230	0.8269	5.0000	17.4015	508.0385	95.0000	18.2522	25.0000	0.9300	0.9409	0.5859	-0.0009	508.0000	504.2957	1.0285	10.5928	99.9439	38.8000	0.8230	0.8212	5.0000	-9999.0000	-9999.0000	-9999.0000	-9999.0000	-9999.0000	-9999.0000	17.6426	3	0	32.5547	1.0000	06	1	-9999.0000	50526	26669	-9999	1539	1492	-9999	288.9973	5	0.5686	0.5859	-0.0009	41.5132	1.9483	459.8104	399.9948	40.8333	450.2497	95.7870	454.7794	95.4398	459.2206	95.1852	462.9482	94.9769	
08/08/2017	00:56:36	019001	G523013710HLR	L523	S		428.1719	1.0311	3.7526	99.9944	39.5403	0.8230	0.8278	5.0000	17.1015	508.0853	94.9306	16.6915	25.0000	0.9300	0.9409	0.5865	-0.0010	508.0000	501.2846	1.0285	10.2180	99.9315	38.8000	0.8230	0.8214	5.0000	-9999.0000	-9999.0000	-9999.0000	-9999.0000	-9999.0000	-9999.0000	17.6820	6	1	25.4534	1.0000	06	1	-9999.0000	50529	26670	-9999	1542	1493	-9999	289.8106	5	0.5683	0.5865	-0.0010	40.5345	1.9815	460.7363	408.5070	40.2083	451.8558	95.7639	456.5112	95.3009	460.2282	95.0926	464.2735	94.9769	
08/08/2017	00:57:01	019001	G523013769HLR	L523	S		423.2424	1.0311	3.9979	100.0346	39.5500	0.8230	0.8275	5.0000	17.1624	508.0357	94.9537	21.1529	24.8000	0.9300	0.9405	0.5865	-0.0010	508.0000	506.2569	1.0285	10.8370	99.9563	38.9313	0.8230	0.8222	5.0000	-9999.0000	-9999.0000	-9999.0000	-9999.0000	-9999.0000	-9999.0000	17.4718	7	0	24.8222	1.0000	06	1	-9999.0000	50530	26670	-9999	1543	1494	-9999	287.7647	5	0.5683	0.5865	-0.0010	40.5345	1.9815	449.0280	402.4330	38.4954	440.0103	95.7870	444.2708	95.0694	448.5825	94.9769	451.7666	95.0231	
08/08/2017	00:57:27	019001	G523013782HLR	L523	S		421.7376	1.0311	4.0728	99.9582	39.5092	0.8230	0.8272	5.0000	17.2315	508.0509	94.9769	20.1821	24.8000	0.9300	0.9403	0.5865	-0.0010	508.0000	509.4782	1.0285	11.2379	99.9884	39.0812	0.8230	0.8221	5.0000	-9999.0000	-9999.0000	-9999.0000	-9999.0000	-9999.0000	-9999.0000	17.4717	8	0	25.7932	1.0000	06	1	-9999.0000	50531	26671	-9999	1544	1495	-9999	288.2521	5	0.5683	0.5865	-0.0010	40.5345	1.9815	449.2574	408.5429	39.0972	439.5452	95.5556	444.3990	95.0000	448.6124	94.9074	452.9942	94.9537	
08/08/2017	01:10:20	019001	G523013720HLR	L523	S		409.0094	1.0311	4.7060	100.0033	39.4500	0.8230	0.8272	5.0000	17.2716	0.0000	0.0000	0.0000	0.0000	0.9300	0.0000	0.0000	0.0000	0.0000	406.8800	1.0285	-1.5336	99.9831	39.0333	0.8230	0.8215	5.0000	-9999.0000	-9999.0000	-9999.0000	-9999.0000	-9999.0000	-9999.0000	17.3117	1	7	773.0242	1.0000	06	1	-9999.0000	50532	0	-9999	1545	1496	-9999	0.0000	0	0.0000	0.0000	0.0000	0.0000	0.0000	0.0000	0.0000	0.0000	0.0000	0.0000	0.0000	0.0000	0.0000	0.0000	0.0000	0.0000	
08/08/2017	01:10:45	019001	G523013768HLR	L523	S		417.4246	1.0311	4.2873	99.9632	39.4500	0.8230	0.8274	5.0000	17.2716	0.0000	0.0000	0.0000	0.0000	0.9300	0.0000	0.0000	0.0000	0.0000	417.2834	1.0285	-0.2386	99.9937	38.9462	0.8230	0.8214	5.0000	-9999.0000	-9999.0000	-9999.0000	-9999.0000	-9999.0000	-9999.0000	17.4103	2	7	25.6126	1.0000	06	1	-9999.0000	50533	0	-9999	1546	1497	-9999	0.0000	0	0.0000	0.0000	0.0000	0.0000	0.0000	0.0000	0.0000	0.0000	0.0000	0.0000	0.0000	0.0000	0.0000	0.0000	0.0000	0.0000	
08/08/2017	01:12:28	019001	G523013762HLR	L523	S		413.4520	1.0311	4.4850	100.0570	39.5000	0.8230	0.8275	5.0000	17.2823	0.0000	0.0000	0.0000	0.0000	0.9300	0.0000	0.0000	0.0000	0.0000	412.8014	1.0285	-0.7965	100.0139	38.7000	0.8230	0.8221	5.0000	-9999.0000	-9999.0000	-9999.0000	-9999.0000	-9999.0000	-9999.0000	17.6319	4	7	25.6437	1.0000	06	1	-9999.0000	50535	0	-9999	1548	1498	-9999	0.0000	0	0.0000	0.0000	0.0000	0.0000	0.0000	0.0000	0.0000	0.0000	0.0000	0.0000	0.0000	0.0000	0.0000	0.0000	0.0000	0.0000	
08/08/2017	01:13:00	019001	G523013767HLR	L523	S		406.1918	1.0311	4.8462	99.9511	39.5047	0.8230	0.8274	5.0000	17.3820	0.0000	0.0000	0.0000	0.0000	0.9300	0.0000	0.0000	0.0000	0.0000	403.4650	1.0285	-1.9587	100.0021	38.6333	0.8230	0.8219	5.0000	-9999.0000	-9999.0000	-9999.0000	-9999.0000	-9999.0000	-9999.0000	17.5422	5	7	32.2636	1.0000	06	1	-9999.0000	50536	0	-9999	1549	1499	-9999	0.0000	0	0.0000	0.0000	0.0000	0.0000	0.0000	0.0000	0.0000	0.0000	0.0000	0.0000	0.0000	0.0000	0.0000	0.0000	0.0000	0.0000	
08/08/2017	01:13:59	019001	G523013788HLR	L523	S		419.0132	1.0311	4.2083	100.0467	39.2500	0.8230	0.8276	5.0000	17.3419	508.0464	94.9306	20.6822	25.0000	0.9300	0.9409	0.5902	-0.0011	508.0000	508.6526	1.0285	11.1352	99.9762	38.7000	0.8230	0.8214	5.0000	-9999.0000	-9999.0000	-9999.0000	-9999.0000	-9999.0000	-9999.0000	17.5920	7	0	24.9532	1.0000	06	1	-9999.0000	50538	26672	-9999	1551	1500	-9999	288.2666	5	0.5691	0.5902	-0.0011	31.2027	2.5423	447.5742	380.3912	39.2130	443.6845	96.0880	444.0141	95.6944	446.9793	95.2083	450.8935	95.0231	
08/08/2017	01:15:05	019001	G523013797HLR	L523	S		425.1931	1.0311	3.9008	100.0291	39.2731	0.8230	0.8270	5.0000	17.2012	508.0640	94.9074	20.9322	24.9000	0.9300	0.9408	0.5902	-0.0011	508.0000	505.0303	1.0285	10.6843	99.9863	38.7894	0.8230	0.8217	5.0000	-9999.0000	-9999.0000	-9999.0000	-9999.0000	-9999.0000	-9999.0000	17.5821	1	0	32.6335	1.0000	06	1	-9999.0000	50540	26673	-9999	1553	1500	-9999	288.1347	5	0.5691	0.5902	-0.0011	31.2027	2.5423	446.4142	397.6768	38.2176	438.1481	96.1111	442.7791	95.3241	445.8973	94.9769	450.0312	94.9306	
08/08/2017	01:15:30	019001	G523013777HLR	L523	S		426.3738	1.0311	3.8421	99.9597	39.1594	0.8230	0.8275	5.0000	17.3019	508.0675	94.9306	22.0027	24.8000	0.9300	0.9404	0.5960	-0.0014	508.0000	505.8392	1.0285	10.7850	100.0936	38.8667	0.8230	0.8220	5.0000	-9999.0000	-9999.0000	-9999.0000	-9999.0000	-9999.0000	-9999.0000	17.3820	2	0	25.5929	1.0000	06	1	-9999.0000	50541	26674	-9999	1554	1501	-9999	287.5674	5	0.5684	0.5960	-0.0014	29.0329	2.6877	443.2741	411.5566	40.9028	434.6823	95.4398	439.2119	95.2315	442.7753	95.0463	446.2630	95.0000	
08/08/2017	01:16:02	019001	G523013743HLR	L523	S		416.8090	1.0311	4.3180	100.0788	39.4000	0.8230	0.8281	5.0000	17.2022	0.0000	0.0000	0.0000	0.0000	0.9300	0.0000	0.0000	0.0000	0.0000	416.5006	1.0285	-0.3360	100.0301	38.8041	0.8230	0.8213	5.0000	-9999.0000	-9999.0000	-9999.0000	-9999.0000	-9999.0000	-9999.0000	17.3321	3	7	31.9033	1.0000	06	1	-9999.0000	50542	0	-9999	1555	1502	-9999	0.0000	0	0.0000	0.0000	0.0000	0.0000	0.0000	0.0000	0.0000	0.0000	0.0000	0.0000	0.0000	0.0000	0.0000	0.0000	0.0000	0.0000	
08/08/2017	01:16:28	019001	G523013786HLR	L523	S		419.6732	1.0311	4.1755	99.9313	39.5061	0.8230	0.8276	5.0000	17.3019	508.0680	94.9074	20.7525	24.9000	0.9300	0.9405	0.6124	-0.0022	508.0000	508.4674	1.0285	11.1121	100.0725	38.8192	0.8230	0.8218	5.0000	-9999.0000	-9999.0000	-9999.0000	-9999.0000	-9999.0000	-9999.0000	17.3624	4	0	25.5539	1.0000	06	1	-9999.0000	50542	26675	-9999	1556	1503	-9999	288.2158	5	0.5685	0.6124	-0.0022	30.4550	2.5858	441.4176	400.9804	38.3333	429.0348	95.4630	436.1199	95.1620	440.8549	94.9537	445.6518	94.9537	
08/08/2017	01:16:53	019001	G523013789HLR	L523	S		423.3136	1.0311	3.9943	99.9674	39.4000	0.8230	0.8273	5.0000	17.1925	508.0489	94.9074	21.2223	24.8000	0.9300	0.9404	0.6117	-0.0021	508.0000	507.0086	1.0285	10.9305	99.9821	38.9000	0.8230	0.8215	5.0000	-9999.0000	-9999.0000	-9999.0000	-9999.0000	-9999.0000	-9999.0000	17.3918	5	0	24.9122	1.0000	06	1	-9999.0000	50543	26676	-9999	1557	1504	-9999	287.9236	5	0.5686	0.6117	-0.0021	34.7240	2.3607	431.5113	386.7641	40.6713	423.3591	95.5093	426.3312	95.1620	430.8077	95.0463	436.1139	95.0000	
08/08/2017	01:17:26	019001	G523013798HLR	L523	S		417.1599	1.0311	4.3005	99.9466	39.3612	0.8230	0.8274	5.0000	17.2218	0.0000	0.0000	0.0000	0.0000	0.9300	0.0000	0.0000	0.0000	0.0000	417.1320	1.0285	-0.2574	99.9571	38.8259	0.8230	0.8218	5.0000	-9999.0000	-9999.0000	-9999.0000	-9999.0000	-9999.0000	-9999.0000	17.2122	6	7	32.8341	1.0000	06	1	-9999.0000	50544	0	-9999	1558	1505	-9999	0.0000	0	0.0000	0.0000	0.0000	0.0000	0.0000	0.0000	0.0000	0.0000	0.0000	0.0000	0.0000	0.0000	0.0000	0.0000	0.0000	0.0000	
08/08/2017	01:17:51	019001	G523013792HLR	L523	S		422.0847	1.0311	4.0555	99.9196	39.4000	0.8230	0.8273	5.0000	18.4318	508.0650	94.9537	20.4722	24.9000	0.9300	0.9408	0.6114	-0.0021	508.0000	511.0007	1.0285	11.4275	99.9793	38.9478	0.8230	0.8220	5.0000	-9999.0000	-9999.0000	-9999.0000	-9999.0000	-9999.0000	-9999.0000	17.4913	7	0	25.0030	1.0000	06	1	-9999.0000	50545	26677	-9999	1559	1506	-9999	288.7916	5	0.5687	0.6114	-0.0021	32.3725	2.5213	435.4240	387.3987	40.1620	423.1120	95.5093	430.0836	95.2778	434.6872	95.1157	440.1930	95.0231	
08/08/2017	01:18:16	019001	G523013846HLR	L523	S		417.3274	1.0311	4.2922	100.0123	39.3825	0.8230	0.8276	5.0000	17.4522	0.0000	0.0000	0.0000	0.0000	0.9300	0.0000	0.0000	0.0000	0.0000	417.0665	1.0285	-0.2656	99.9673	38.8667	0.8230	0.8217	5.0000	-9999.0000	-9999.0000	-9999.0000	-9999.0000	-9999.0000	-9999.0000	17.4512	8	7	25.4132	1.0000	06	1	-9999.0000	50546	0	-9999	1560	1507	-9999	0.0000	0	0.0000	0.0000	0.0000	0.0000	0.0000	0.0000	0.0000	0.0000	0.0000	0.0000	0.0000	0.0000	0.0000	0.0000	0.0000	0.0000	
08/08/2017	01:33:09	019001	G523013836HLR	L523	S		428.6276	1.0311	3.7300	99.9854	39.4213	0.8230	0.8274	5.0000	17.1515	508.0773	94.9074	20.8922	24.9000	0.9300	0.9410	0.6080	-0.0019	508.0000	506.5460	1.0285	10.8729	100.0553	38.8333	0.8230	0.8214	5.0000	-9999.0000	-9999.0000	-9999.0000	-9999.0000	-9999.0000	-9999.0000	17.4719	2	0	25.6437	1.0000	06	1	-9999.0000	50548	26678	-9999	1562	1508	-9999	288.5623	5	0.5689	0.6080	-0.0019	37.1413	2.2679	436.9242	382.5531	38.8657	426.4590	95.6944	431.9111	95.4630	436.3570	95.2546	441.0671	95.0231	
08/08/2017	01:34:34	019001	G523013843HLR	L523	S		420.7662	1.0311	4.1211	99.9326	39.4000	0.8230	0.8274	5.0000	17.2716	508.0789	94.9537	20.6119	24.9000	0.9300	0.9410	0.6080	-0.0019	508.0000	508.9698	1.0285	11.1747	99.9449	38.6667	0.8230	0.8221	5.0000	-9999.0000	-9999.0000	-9999.0000	-9999.0000	-9999.0000	-9999.0000	17.8615	5	0	25.0030	1.0000	06	1	-9999.0000	50551	26679	-9999	1565	1509	-9999	288.7897	5	0.5685	0.6080	-0.0019	56.5409	1.3127	437.4010	385.4889	40.0926	429.5242	95.8565	431.8830	95.4630	436.9348	95.3009	441.4435	95.0463	
08/08/2017	01:35:32	019001	G523013832HLR	L523	S		433.2174	1.0311	3.5016	99.9682	39.2500	0.8230	0.8277	5.0000	16.9913	508.0491	94.9769	18.4632	24.9000	0.9300	0.9406	0.6080	-0.0019	508.0000	509.1590	1.0285	11.1982	99.9885	38.6000	0.8230	0.8215	5.0000	-9999.0000	-9999.0000	-9999.0000	-9999.0000	-9999.0000	-9999.0000	17.5021	7	0	25.0126	1.0000	06	1	-9999.0000	50553	26680	-9999	1567	1510	-9999	290.8741	5	0.5685	0.6080	-0.0019	56.5409	1.3127	445.5943	352.4778	39.6991	435.2779	95.7639	440.6796	95.2083	445.0469	94.7685	449.6807	94.9306	
08/08/2017	01:35:58	019001	G523013831HLR	L523	S		431.7389	1.0311	3.5752	99.9766	39.2436	0.8230	0.8279	5.0000	17.3323	508.0770	94.9769	18.9525	24.8000	0.9300	0.9402	0.6080	-0.0019	508.0000	507.3145	1.0285	10.9686	99.9785	38.8066	0.8230	0.8225	5.0000	-9999.0000	-9999.0000	-9999.0000	-9999.0000	-9999.0000	-9999.0000	17.3019	8	0	25.4533	1.0000	06	1	-9999.0000	50554	26681	-9999	1568	1510	-9999	290.4206	5	0.5677	0.6080	-0.0019	208.5237	-5.8987	444.1341	392.9704	40.4167	432.4947	95.4398	438.7146	95.0694	443.4001	94.9074	447.8706	95.0000	
08/08/2017	01:36:29	019001	G523013839HLR	L523	S		413.9448	1.0311	4.4605	99.9618	39.4000	0.8230	0.8281	5.0000	17.3217	0.0000	0.0000	0.0000	0.0000	0.9300	0.0000	0.0000	0.0000	0.0000	413.0012	1.0285	-0.7716	100.0050	38.7333	0.8230	0.8217	5.0000	-9999.0000	-9999.0000	-9999.0000	-9999.0000	-9999.0000	-9999.0000	17.1123	1	7	31.6131	1.0000	06	1	-9999.0000	50555	0	-9999	1569	1511	-9999	0.0000	0	0.0000	0.0000	0.0000	0.0000	0.0000	0.0000	0.0000	0.0000	0.0000	0.0000	0.0000	0.0000	0.0000	0.0000	0.0000	0.0000	
08/08/2017	01:37:01	019001	G523013833HLR	L523	S		420.2929	1.0311	4.1446	99.9833	39.4500	0.8230	0.8277	5.0000	17.0314	508.0929	94.9306	21.1325	24.9000	0.9300	0.9405	0.5765	-0.0004	508.0000	509.9696	1.0285	11.2991	100.0139	38.8251	0.8230	0.8222	5.0000	-9999.0000	-9999.0000	-9999.0000	-9999.0000	-9999.0000	-9999.0000	17.3614	2	0	31.5644	1.0000	06	1	-9999.0000	50556	26682	-9999	1570	1512	-9999	288.2977	5	0.5680	0.5765	-0.0004	207.0727	-5.8368	434.4466	389.1075	39.6296	421.2770	95.6713	429.1610	95.4398	433.7927	95.2546	439.1816	95.0000	
08/08/2017	01:40:45	019001	G523013855HLR	L523	S		417.3003	1.0311	4.2935	99.9603	39.3500	0.8230	0.8274	5.0000	17.5422	0.0000	0.0000	0.0000	0.0000	0.9300	0.0000	0.0000	0.0000	0.0000	417.1978	1.0285	-0.2492	99.9810	38.7512	0.8230	0.8218	5.0000	-9999.0000	-9999.0000	-9999.0000	-9999.0000	-9999.0000	-9999.0000	17.3927	3	7	223.5670	1.0000	06	1	-9999.0000	50557	0	-9999	1571	1513	-9999	0.0000	0	0.0000	0.0000	0.0000	0.0000	0.0000	0.0000	0.0000	0.0000	0.0000	0.0000	0.0000	0.0000	0.0000	0.0000	0.0000	0.0000	
08/08/2017	01:41:17	019001	G523013850HLR	L523	S		416.3813	1.0311	4.3392	99.9749	39.3500	0.8230	0.8275	5.0000	17.2726	0.0000	0.0000	0.0000	0.0000	0.9300	0.0000	0.0000	0.0000	0.0000	416.1105	1.0285	-0.3846	99.9740	38.8333	0.8230	0.8221	5.0000	-9999.0000	-9999.0000	-9999.0000	-9999.0000	-9999.0000	-9999.0000	17.3518	4	7	32.7432	1.0000	06	1	-9999.0000	50557	0	-9999	1572	1514	-9999	0.0000	0	0.0000	0.0000	0.0000	0.0000	0.0000	0.0000	0.0000	0.0000	0.0000	0.0000	0.0000	0.0000	0.0000	0.0000	0.0000	0.0000	
08/08/2017	01:41:59	019001	G523013830HLR	L523	S		428.9450	1.0311	3.7142	99.9483	39.3500	0.8230	0.8276	5.0000	17.2725	508.0538	94.9306	20.2427	25.0000	0.9300	0.9409	0.5962	-0.0013	508.0000	505.9308	1.0285	10.7964	100.0891	38.7333	0.8230	0.8220	5.0000	-9999.0000	-9999.0000	-9999.0000	-9999.0000	-9999.0000	-9999.0000	17.8527	5	0	41.7356	1.0000	06	1	-9999.0000	50558	26683	-9999	1573	1515	-9999	289.1072	5	0.5685	0.5962	-0.0013	31.6904	2.4888	446.8257	387.0368	39.6296	434.2463	95.5093	441.6778	95.0926	446.3993	94.8380	450.5816	94.9074	
08/08/2017	01:42:31	019001	G523013826HLR	L523	S		429.0263	1.0311	3.7101	100.0801	39.3968	0.8230	0.8277	5.0000	17.1222	508.0466	94.9537	19.5727	24.8000	0.9300	0.9405	0.5962	-0.0013	508.0000	506.7949	1.0285	10.9039	100.0314	38.8687	0.8230	0.8222	5.0000	-9999.0000	-9999.0000	-9999.0000	-9999.0000	-9999.0000	-9999.0000	17.3420	6	0	31.9139	1.0000	06	1	-9999.0000	50559	26684	-9999	1574	1516	-9999	289.5459	5	0.5685	0.5962	-0.0013	31.6904	2.4888	447.4026	389.9278	39.8380	437.3636	95.3009	442.9430	95.2546	446.6909	95.0463	451.2473	95.0231	
08/08/2017	01:43:00	019001	G523013742HLR	L523	S		431.7135	1.0311	3.5764	100.0359	39.4500	0.8230	0.8275	5.0000	17.2130	508.0499	95.0000	18.0520	24.8000	0.9300	0.9404	0.5962	-0.0013	508.0000	509.2159	1.0285	11.2053	99.9399	38.8000	0.8230	0.8217	5.0000	-9999.0000	-9999.0000	-9999.0000	-9999.0000	-9999.0000	-9999.0000	17.5323	7	0	29.2935	1.0000	06	1	-9999.0000	50560	26685	-9999	1575	1517	-9999	290.5808	5	0.5685	0.5962	-0.0013	31.6904	2.4888	452.9065	392.7146	40.7639	441.8786	95.3935	447.5094	95.2315	452.2411	95.0463	456.5523	95.0463	
08/08/2017	01:43:29	019001	G523013829HLR	L523	S		422.8182	1.0311	4.0190	100.0164	39.4000	0.8230	0.8274	5.0000	17.2726	508.0448	94.9074	20.7623	24.9000	0.9300	0.9409	0.5996	-0.0015	508.0000	509.6079	1.0285	11.2541	99.9382	38.8667	0.8230	0.8220	5.0000	-9999.0000	-9999.0000	-9999.0000	-9999.0000	-9999.0000	-9999.0000	17.4221	8	0	28.9333	1.0000	06	1	-9999.0000	50561	26686	-9999	1576	1518	-9999	288.7246	5	0.5686	0.5996	-0.0015	25.6984	2.7760	442.0712	387.2070	38.5417	430.3951	96.1111	436.4006	95.6481	441.5975	95.2546	446.3388	94.9769	
08/08/2017	01:43:57	019001	G523013841HLR	L523	S		436.7684	1.0311	3.3250	99.9848	39.2952	0.8230	0.8277	5.0000	17.3019	508.0513	94.9306	16.3916	24.8000	0.9300	0.9404	0.6114	-0.0021	508.0000	509.4239	1.0285	11.2312	99.9944	38.8299	0.8230	0.8212	5.0000	-9999.0000	-9999.0000	-9999.0000	-9999.0000	-9999.0000	-9999.0000	17.3919	1	0	27.5833	1.0000	06	1	-9999.0000	50562	26687	-9999	1577	1519	-9999	292.0671	5	0.5689	0.6114	-0.0021	-8.8173	4.5098	458.4566	404.7853	39.8148	445.8467	95.5556	453.5393	95.3241	457.7728	95.0926	462.3029	94.9769	
08/08/2017	01:44:25	019001	G523013840HLR	L523	S		430.4422	1.0311	3.6397	100.0315	39.3500	0.8230	0.8279	5.0000	17.2715	508.0843	94.9537	19.9126	24.8000	0.9300	0.9405	0.6003	-0.0016	508.0000	507.0433	1.0285	10.9349	100.0283	38.8142	0.8230	0.8219	5.0000	-9999.0000	-9999.0000	-9999.0000	-9999.0000	-9999.0000	-9999.0000	17.3820	2	0	28.6137	1.0000	06	1	-9999.0000	50563	26688	-9999	1578	1520	-9999	289.4362	5	0.5693	0.6003	-0.0016	14.0682	3.3621	437.4004	392.6921	38.5417	427.9075	95.7407	432.2879	95.3009	437.0342	95.1620	441.9752	95.0231	
08/08/2017	01:44:55	019001	G523013854HLR	L523	S		429.6025	1.0311	3.6815	100.1111	39.4350	0.8230	0.8276	5.0000	17.2823	508.0689	95.0231	17.9026	24.8000	0.9300	0.9404	0.6043	-0.0018	508.0000	509.2868	1.0285	11.2141	100.0212	38.9200	0.8230	0.8221	5.0000	-9999.0000	-9999.0000	-9999.0000	-9999.0000	-9999.0000	-9999.0000	17.4924	3	0	29.7428	1.0000	06	1	-9999.0000	50564	26689	-9999	1579	1521	-9999	290.9182	5	0.5692	0.6043	-0.0018	2.6923	3.9658	449.5881	386.3699	37.5463	438.4695	95.7407	444.2848	95.2546	449.0365	95.0000	453.6150	95.0000	
08/08/2017	01:45:23	019001	G523013849HLR	L523	S		434.4947	1.0311	3.4381	100.0045	39.3514	0.8230	0.8275	5.0000	17.1818	508.0877	94.9074	16.9327	24.7000	0.9300	0.9404	0.5957	-0.0013	508.0000	510.3822	1.0285	11.3505	99.9724	38.8667	0.8230	0.8217	5.0000	-9999.0000	-9999.0000	-9999.0000	-9999.0000	-9999.0000	-9999.0000	17.3518	4	0	27.6636	1.0000	06	1	-9999.0000	50565	26690	-9999	1580	1522	-9999	291.8927	5	0.5700	0.5957	-0.0013	23.1897	2.9087	451.6604	397.8429	39.5370	435.9739	95.3241	445.9329	95.0694	451.1413	94.9537	456.0809	95.0000	
08/08/2017	01:45:48	019001	G523013838HLR	L523	S		436.3698	1.0311	3.3448	99.9598	39.3500	0.8230	0.8276	5.0000	17.1816	508.0590	94.9306	16.2314	24.7000	0.9300	0.9404	0.5973	-0.0014	508.0000	509.5876	1.0285	11.2516	99.9954	38.9207	0.8230	0.8219	5.0000	-9999.0000	-9999.0000	-9999.0000	-9999.0000	-9999.0000	-9999.0000	17.5322	5	0	24.9337	1.0000	06	1	-9999.0000	50566	26691	-9999	1581	1523	-9999	291.8099	5	0.5701	0.5973	-0.0014	16.7334	3.2483	458.9668	403.8338	40.7870	450.7772	95.1157	454.2253	94.8148	458.1736	94.7454	463.1589	94.9306	
08/08/2017	01:46:19	019001	G523013837HLR	L523	S		434.7301	1.0311	3.4264	100.0368	39.4000	0.8230	0.8277	5.0000	17.0714	508.0394	94.9306	16.5918	24.7000	0.9300	0.9405	0.5943	-0.0012	508.0000	508.4012	1.0285	11.1039	99.9378	38.9333	0.8230	0.8216	5.0000	-9999.0000	-9999.0000	-9999.0000	-9999.0000	-9999.0000	-9999.0000	17.4415	6	0	30.8835	1.0000	06	1	-9999.0000	50567	26692	-9999	1582	1524	-9999	291.6590	5	0.5705	0.5943	-0.0012	30.4891	2.5267	458.4710	386.3673	39.6528	446.7509	95.3009	453.3811	95.0926	457.8680	94.9769	462.2361	95.0000	
08/08/2017	01:46:44	019001	G523013796HLR	L523	S		429.8338	1.0311	3.6700	99.9580	39.4054	0.8230	0.8276	5.0000	17.1621	508.0507	95.0231	18.3723	24.7000	0.9300	0.9405	0.5921	-0.0011	508.0000	507.1642	1.0285	10.9499	99.9543	38.8905	0.8230	0.8217	5.0000	-9999.0000	-9999.0000	-9999.0000	-9999.0000	-9999.0000	-9999.0000	17.4425	7	0	24.9727	1.0000	06	1	-9999.0000	50568	26693	-9999	1583	1525	-9999	290.3513	5	0.5705	0.5921	-0.0011	35.8535	2.2641	454.4786	401.8324	39.4907	444.6601	95.4630	449.8231	95.2083	454.0978	95.1389	458.3162	94.9306	
08/08/2017	01:47:09	019001	G523012713HLR	L523	S		437.4318	1.0311	3.2920	99.9975	39.4032	0.8230	0.8275	5.0000	17.1914	508.0812	94.9074	15.6318	24.7000	0.9300	0.9404	0.5903	-0.0011	508.0000	511.2758	1.0285	11.4617	100.0617	38.9667	0.8230	0.8218	5.0000	-9999.0000	-9999.0000	-9999.0000	-9999.0000	-9999.0000	-9999.0000	17.4922	8	0	25.7228	1.0000	06	1	-9999.0000	50569	26694	-9999	1584	1526	-9999	291.8597	5	0.5705	0.5903	-0.0011	36.3437	2.2614	463.4000	392.0979	38.7731	451.6124	95.3704	458.0787	95.0463	462.6265	94.9306	467.9586	94.9306	
08/08/2017	01:47:34	019001	G523012122HLR	L523	S		439.8412	1.0311	3.1721	100.0784	39.4000	0.8230	0.8275	5.0000	17.1914	508.0432	94.9074	13.4313	24.7000	0.9300	0.9405	0.5903	-0.0011	508.0000	510.2346	1.0285	11.3321	100.0447	38.9693	0.8230	0.8218	5.0000	-9999.0000	-9999.0000	-9999.0000	-9999.0000	-9999.0000	-9999.0000	17.5019	1	0	24.9133	1.0000	06	1	-9999.0000	50570	26695	-9999	1585	1527	-9999	292.7164	5	0.5705	0.5903	-0.0011	36.3437	2.2614	472.1499	400.8312	39.4213	458.7279	95.3009	467.6947	95.0463	471.6601	94.9769	476.0938	95.0000	
08/08/2017	01:48:06	019001	G523012129HLR	L523	S		432.0244	1.0311	3.5610	99.9695	39.4000	0.8230	0.8275	5.0000	17.1320	508.0426	95.0000	18.8519	24.7000	0.9300	0.9406	0.5877	-0.0009	508.0000	509.5261	1.0285	11.2439	99.9736	39.0000	0.8230	0.8216	5.0000	-9999.0000	-9999.0000	-9999.0000	-9999.0000	-9999.0000	-9999.0000	17.5019	2	0	31.7634	1.0000	06	1	-9999.0000	50571	26696	-9999	1586	1528	-9999	290.3497	5	0.5715	0.5877	-0.0009	53.8774	1.2389	460.1407	397.5698	40.3704	455.4804	95.3241	455.9609	95.2778	459.6224	95.2315	462.6842	94.8611	
08/08/2017	01:48:31	019001	G523012102HLR	L523	S		444.8985	1.0311	2.9205	100.0832	39.4000	0.8230	0.8275	5.0000	17.7522	508.0471	94.8843	12.9215	24.7000	0.9300	0.9405	0.5877	-0.0009	508.0000	511.9289	1.0285	11.5430	99.9878	38.9450	0.8230	0.8216	5.0000	-9999.0000	-9999.0000	-9999.0000	-9999.0000	-9999.0000	-9999.0000	17.4620	3	0	25.0031	1.0000	06	1	-9999.0000	50572	26696	-9999	1587	1529	-9999	292.7656	5	0.5715	0.5877	-0.0009	53.8774	1.2389	475.9743	393.4124	38.8657	469.0072	95.1852	471.0268	94.8843	475.5188	94.7685	479.7658	94.9306	
08/08/2017	01:48:56	019001	G523012095HLR	L523	S		442.0622	1.0311	3.0616	100.0876	39.4500	0.8230	0.8274	5.0000	17.8625	508.0841	94.9769	13.7019	24.7000	0.9300	0.9405	0.5866	-0.0009	508.0000	509.2905	1.0285	11.2146	100.0180	38.9667	0.8230	0.8216	5.0000	-9999.0000	-9999.0000	-9999.0000	-9999.0000	-9999.0000	-9999.0000	17.5119	4	0	25.4337	1.0000	06	1	-9999.0000	50573	26697	-9999	1588	1530	-9999	292.1493	5	0.5714	0.5866	-0.0009	29.2701	2.7185	474.1952	398.1090	40.9954	460.7099	95.1620	469.4016	95.1157	473.8154	95.1157	477.6686	94.8380	
08/08/2017	01:49:54	019001	G523012108HLR	L523	S		430.0337	1.0311	3.6600	99.9541	39.4500	0.8230	0.8276	5.0000	17.2020	508.0693	95.0000	19.7221	24.8000	0.9300	0.9409	0.5768	-0.0003	508.0000	508.4226	1.0285	11.1065	100.0151	38.8667	0.8230	0.8213	5.0000	-9999.0000	-9999.0000	-9999.0000	-9999.0000	-9999.0000	-9999.0000	17.6721	6	0	28.1636	1.0000	06	1	-9999.0000	50575	26698	-9999	1590	1531	-9999	290.0689	5	0.5719	0.5768	-0.0003	50.0194	1.4672	457.4937	398.9772	40.7639	454.2026	95.3704	453.0916	95.0463	456.9162	94.9537	460.9529	94.9769	
08/08/2017	01:50:23	019001	G523013755HLR	L523	S		447.6188	1.0311	2.7851	100.0020	39.4500	0.8230	0.8274	5.0000	17.5411	508.0409	94.9306	10.9613	24.7000	0.9300	0.9406	0.5768	-0.0003	508.0000	507.6979	1.0285	11.0163	99.9654	38.9178	0.8230	0.8219	5.0000	-9999.0000	-9999.0000	-9999.0000	-9999.0000	-9999.0000	-9999.0000	17.5227	7	0	29.7135	1.0000	06	1	-9999.0000	50576	26699	-9999	1591	1532	-9999	291.4402	5	0.5719	0.5768	-0.0003	50.0194	1.4672	486.3612	406.8271	39.7685	473.8972	95.1157	482.7406	94.9769	485.8311	94.7917	489.7051	94.9306	
08/08/2017	01:51:17	019001	G523013751HLR	L523	S		433.5209	1.0311	3.4865	99.9552	39.4000	0.8230	0.8274	5.0000	17.2715	508.0671	95.0000	17.7121	24.9000	0.9300	0.9409	0.5780	-0.0004	508.0000	510.4437	1.0285	11.3581	100.0054	38.8344	0.8230	0.8212	5.0000	-9999.0000	-9999.0000	-9999.0000	-9999.0000	-9999.0000	-9999.0000	17.5920	1	0	24.9435	1.0000	06	1	-9999.0000	50578	26700	-9999	1593	1533	-9999	290.4923	5	0.5721	0.5780	-0.0004	46.6687	1.6494	465.8485	382.1703	38.1250	454.5982	95.7407	460.8832	95.3704	465.5187	95.2083	468.8708	94.8843	
08/08/2017	01:51:45	019001	G523013759HLR	L523	S		433.9341	1.0311	3.4660	99.9764	39.4205	0.8230	0.8276	5.0000	17.1123	508.0648	94.9306	16.1719	24.7000	0.9300	0.9407	0.5780	-0.0004	508.0000	508.1460	1.0285	11.0721	100.0176	38.9000	0.8230	0.8220	5.0000	-9999.0000	-9999.0000	-9999.0000	-9999.0000	-9999.0000	-9999.0000	17.3614	2	0	28.1431	1.0000	06	1	-9999.0000	50579	26701	-9999	1594	1534	-9999	290.7514	5	0.5723	0.5780	-0.0004	46.5362	1.6471	468.5644	401.0004	40.2315	458.9837	95.1389	464.7075	94.9306	468.1831	94.7917	471.3362	94.9306	
08/08/2017	01:52:16	019001	G523013764HLR	L523	S		431.8885	1.0311	3.5677	99.9642	39.4921	0.8230	0.8275	5.0000	17.2921	508.0464	95.0463	18.3323	24.7000	0.9300	0.9406	0.5780	-0.0004	508.0000	508.0072	1.0285	11.0548	99.9577	39.0000	0.8230	0.8221	5.0000	-9999.0000	-9999.0000	-9999.0000	-9999.0000	-9999.0000	-9999.0000	17.4217	3	0	31.4939	1.0000	06	1	-9999.0000	50580	26702	-9999	1595	1534	-9999	290.3406	5	0.5723	0.5780	-0.0004	46.5362	1.6471	462.9706	405.7574	39.8611	451.5976	95.3704	459.0200	95.0926	462.5479	95.0463	466.6416	95.0000	
08/08/2017	01:52:42	019001	G523013732HLR	L523	S		435.8890	1.0311	3.3687	100.0220	39.4500	0.8230	0.8273	5.0000	17.8420	508.0460	94.9306	16.5518	24.7000	0.9300	0.9405	0.5786	-0.0004	508.0000	507.4421	1.0285	10.9845	99.9823	39.0281	0.8230	0.8215	5.0000	-9999.0000	-9999.0000	-9999.0000	-9999.0000	-9999.0000	-9999.0000	18.2318	4	0	25.6534	1.0000	06	1	-9999.0000	50581	26703	-9999	1596	1535	-9999	290.6662	5	0.5720	0.5786	-0.0004	42.2148	1.9035	468.5912	406.6270	38.7731	459.8180	95.2315	464.7212	95.1157	468.0011	95.0000	472.1916	94.9537	
08/08/2017	01:53:07	019001	G523013750HLR	L523	S		404.6199	1.0311	4.9244	99.9839	39.4132	0.8230	0.8276	5.0000	17.1621	0.0000	0.0000	0.0000	0.0000	0.9300	0.0000	0.0000	0.0000	0.0000	401.8975	1.0285	-2.1538	100.0117	38.9333	0.8230	0.8217	5.0000	-9999.0000	-9999.0000	-9999.0000	-9999.0000	-9999.0000	-9999.0000	17.4826	5	7	25.1622	1.0000	06	1	-9999.0000	50582	0	-9999	1597	1536	-9999	0.0000	0	0.0000	0.0000	0.0000	0.0000	0.0000	0.0000	0.0000	0.0000	0.0000	0.0000	0.0000	0.0000	0.0000	0.0000	0.0000	0.0000	
08/08/2017	01:53:33	019001	G523013712HLR	L523	S		432.1039	1.0311	3.5570	99.9744	39.4500	0.8230	0.8276	5.0000	17.1016	508.0399	94.9306	16.1221	24.8000	0.9300	0.9408	0.5791	-0.0005	508.0000	504.5965	1.0285	10.6303	99.9840	38.9891	0.8230	0.8218	5.0000	-9999.0000	-9999.0000	-9999.0000	-9999.0000	-9999.0000	-9999.0000	17.4923	6	0	25.5237	1.0000	06	1	-9999.0000	50583	26704	-9999	1598	1537	-9999	290.4930	5	0.5717	0.5791	-0.0005	42.5576	1.8824	467.0226	397.3883	40.9028	459.7800	95.2083	463.0607	95.0000	466.6273	94.9074	470.7956	94.9306	
08/08/2017	01:54:04	019001	G523013722HLR	L523	S		427.4193	1.0311	3.7901	100.0719	39.4500	0.8230	0.8275	5.0000	17.2920	508.0879	94.9769	20.1323	24.7000	0.9300	0.9408	0.5791	-0.0004	508.0000	506.1995	1.0285	10.8298	100.0319	39.0000	0.8230	0.8218	5.0000	-9999.0000	-9999.0000	-9999.0000	-9999.0000	-9999.0000	-9999.0000	17.4619	7	0	30.7634	1.0000	06	1	-9999.0000	50584	26705	-9999	1599	1537	-9999	289.5401	5	0.5719	0.5791	-0.0004	41.7037	1.9064	456.9444	402.8999	38.7500	447.3173	95.4167	453.2684	94.7222	456.5130	94.7222	460.6603	94.9074	
08/08/2017	01:54:30	019001	G523013747HLR	L523	S		406.6973	1.0311	4.8210	99.9816	39.4500	0.8230	0.8276	5.0000	17.3321	0.0000	0.0000	0.0000	0.0000	0.9300	0.0000	0.0000	0.0000	0.0000	404.1599	1.0285	-1.8722	99.9636	39.0000	0.8230	0.8218	5.0000	-9999.0000	-9999.0000	-9999.0000	-9999.0000	-9999.0000	-9999.0000	17.4826	8	7	26.4230	1.0000	06	1	-9999.0000	50585	0	-9999	1600	1538	-9999	0.0000	0	0.0000	0.0000	0.0000	0.0000	0.0000	0.0000	0.0000	0.0000	0.0000	0.0000	0.0000	0.0000	0.0000	0.0000	0.0000	0.0000	
08/08/2017	01:55:01	019001	G523013784HLR	L523	S		440.6907	1.0311	3.1298	100.0140	39.4599	0.8230	0.8273	5.0000	17.6526	508.0618	94.9306	13.7819	24.8000	0.9300	0.9408	0.5791	-0.0004	508.0000	507.4178	1.0285	10.9815	100.0483	39.0333	0.8230	0.8214	5.0000	-9999.0000	-9999.0000	-9999.0000	-9999.0000	-9999.0000	-9999.0000	17.5822	1	0	30.9541	1.0000	06	1	-9999.0000	50586	26706	-9999	1601	1539	-9999	291.1837	5	0.5719	0.5791	-0.0004	41.7037	1.9064	476.4765	401.1228	37.8472	465.4442	95.6713	472.3315	95.1620	475.9696	95.0000	479.1540	94.9769	
08/08/2017	01:55:27	019001	G523013800HLR	L523	S		441.3471	1.0311	3.0972	100.0149	39.4144	0.8230	0.8272	5.0000	18.1721	508.0459	94.8843	12.7720	24.8000	0.9300	0.9408	0.5788	-0.0004	508.0000	506.6058	1.0285	10.8804	100.0698	39.0000	0.8230	0.8215	5.0000	-9999.0000	-9999.0000	-9999.0000	-9999.0000	-9999.0000	-9999.0000	17.6321	2	0	25.6427	1.0000	06	1	-9999.0000	50587	26707	-9999	1602	1540	-9999	291.3432	5	0.5721	0.5788	-0.0004	39.4342	2.0293	479.8076	396.0654	40.5324	468.0961	95.0926	475.7003	94.8843	479.2791	94.9074	483.3789	94.9537	
08/08/2017	01:55:58	019001	G523013791HLR	L523	S		431.6957	1.0311	3.5773	99.9326	39.4218	0.8230	0.8276	5.0000	17.2618	508.0693	95.0000	19.3822	24.7000	0.9300	0.9407	0.5772	-0.0003	508.0000	509.3364	1.0285	11.2203	99.9816	39.0000	0.8230	0.8216	5.0000	-9999.0000	-9999.0000	-9999.0000	-9999.0000	-9999.0000	-9999.0000	17.5714	3	0	31.0437	1.0000	06	1	-9999.0000	50588	26708	-9999	1603	1541	-9999	290.3068	5	0.5723	0.5772	-0.0003	40.6136	1.9489	462.1573	412.4768	40.1620	454.5531	95.4630	457.9766	95.4167	461.6179	95.3472	465.1343	94.8380	
08/08/2017	01:56:27	019001	G523013778HLR	L523	S		438.9782	1.0311	3.2150	99.9894	39.5000	0.8230	0.8276	5.0000	17.1623	508.0449	94.9306	14.4217	24.7000	0.9300	0.9406	0.5772	-0.0003	508.0000	508.8531	1.0285	11.1601	100.0171	39.0000	0.8230	0.8217	5.0000	-9999.0000	-9999.0000	-9999.0000	-9999.0000	-9999.0000	-9999.0000	17.5617	4	0	29.4635	1.0000	06	1	-9999.0000	50589	26709	-9999	1604	1542	-9999	291.0643	5	0.5723	0.5772	-0.0003	40.6136	1.9489	474.9166	402.7292	38.2639	464.5160	95.3472	470.6213	94.8148	474.3876	94.6759	478.1907	94.9074	
08/08/2017	01:56:59	019001	G523013775HLR	L523	S		430.9525	1.0311	3.6143	99.9474	39.5051	0.8230	0.8274	5.0000	17.2812	508.0509	95.0000	19.6020	24.7000	0.9300	0.9406	0.5798	-0.0004	508.0000	509.2432	1.0285	11.2087	99.9709	39.0333	0.8230	0.8215	5.0000	-9999.0000	-9999.0000	-9999.0000	-9999.0000	-9999.0000	-9999.0000	17.6514	5	0	31.8545	1.0000	06	1	-9999.0000	50590	26710	-9999	1605	1543	-9999	290.2840	5	0.5727	0.5798	-0.0004	38.8836	2.0391	459.0061	405.0961	39.0509	453.3340	95.5093	455.1721	94.8611	458.4811	94.8611	462.3425	94.9074	
08/08/2017	01:58:05	019001	G523013794HLR	L523	S		440.6013	1.0311	3.1343	100.0461	39.4500	0.8230	0.8273	5.0000	17.2120	508.0465	94.9074	13.4313	24.7000	0.9300	0.9405	0.5798	-0.0004	508.0000	508.2945	1.0285	11.0906	99.9514	39.0000	0.8230	0.8215	5.0000	-9999.0000	-9999.0000	-9999.0000	-9999.0000	-9999.0000	-9999.0000	17.5118	6	0	65.8077	1.0000	06	1	-9999.0000	50591	26711	-9999	1606	1544	-9999	291.5936	5	0.5727	0.5798	-0.0004	38.8836	2.0391	477.3164	401.1596	37.4537	462.5284	95.1389	472.9975	94.9769	476.7391	94.8380	480.4993	94.9537	
08/08/2017	01:58:37	019001	G523013805HLR	L523	S		431.4760	1.0311	3.5883	100.0511	39.4500	0.8230	0.8275	5.0000	17.1515	508.0570	95.0000	19.6723	24.7000	0.9300	0.9407	0.5812	-0.0005	508.0000	508.4363	1.0285	11.1083	99.9293	39.0000	0.8230	0.8215	5.0000	-9999.0000	-9999.0000	-9999.0000	-9999.0000	-9999.0000	-9999.0000	17.6126	7	0	32.0342	1.0000	06	1	-9999.0000	50592	26712	-9999	1607	1545	-9999	290.1093	5	0.5724	0.5812	-0.0005	42.2577	1.8518	457.9409	403.9195	38.1250	449.9775	95.6944	453.9864	95.0694	457.3272	95.0231	461.3605	95.0000	
08/08/2017	01:59:08	019001	G523013853HLR	L523	S		432.9455	1.0311	3.5151	99.9668	39.4500	0.8230	0.8275	5.0000	17.3223	508.0417	95.0000	17.5021	24.7000	0.9300	0.9406	0.5814	-0.0005	508.0000	507.0949	1.0285	10.9413	99.9277	38.8333	0.8230	0.8212	5.0000	-9999.0000	-9999.0000	-9999.0000	-9999.0000	-9999.0000	-9999.0000	17.6828	8	0	31.2537	1.0000	06	1	-9999.0000	50593	26713	-9999	1608	1546	-9999	290.5576	5	0.5725	0.5814	-0.0005	42.4558	1.8251	462.9418	389.0988	37.8472	451.4972	95.4167	458.4828	94.7222	462.2366	94.6759	466.7707	94.9306	
08/08/2017	01:59:39	019001	G523013848HLR	L523	S		427.9343	1.0311	3.7645	100.0815	39.5000	0.8230	0.8275	5.0000	17.2823	508.0698	94.9306	20.4927	24.7000	0.9300	0.9406	0.5810	-0.0005	508.0000	507.5533	1.0285	10.9983	99.9420	38.9656	0.8230	0.8220	5.0000	-9999.0000	-9999.0000	-9999.0000	-9999.0000	-9999.0000	-9999.0000	17.5822	1	0	30.5537	1.0000	06	1	-9999.0000	50594	26714	-9999	1609	1547	-9999	289.8249	5	0.5726	0.5810	-0.0005	42.8687	1.7975	456.0704	396.7363	40.6713	449.3652	95.3241	452.4386	95.2315	455.6781	95.1620	459.8379	94.9769	
08/08/2017	02:00:04	019001	G523013741HLR	L523	S		441.6349	1.0311	3.0828	99.9539	39.5000	0.8230	0.8274	5.0000	17.2413	508.0522	94.9306	14.8612	24.7000	0.9300	0.9405	0.5810	-0.0005	508.0000	509.4117	1.0285	11.2297	99.9002	39.0333	0.8230	0.8218	5.0000	-9999.0000	-9999.0000	-9999.0000	-9999.0000	-9999.0000	-9999.0000	17.5325	2	0	25.5927	1.0000	06	1	-9999.0000	50595	26715	-9999	1610	1548	-9999	291.3544	5	0.5726	0.5810	-0.0005	42.8687	1.7975	472.0582	397.4279	39.8380	466.6922	95.1157	468.4359	94.7685	471.6878	94.6759	475.3083	94.9306	
08/08/2017	02:00:34	019001	G523013847HLR	L523	S		428.0212	1.0311	3.7601	100.0246	39.4500	0.8230	0.8272	5.0000	18.0919	508.0517	94.9537	20.6324	24.9000	0.9300	0.9410	0.5810	-0.0005	508.0000	507.9424	1.0285	11.0468	99.9421	39.0000	0.8230	0.8215	5.0000	-9999.0000	-9999.0000	-9999.0000	-9999.0000	-9999.0000	-9999.0000	17.6124	3	0	30.1638	1.0000	06	1	-9999.0000	50596	26716	-9999	1611	1549	-9999	289.7803	5	0.5726	0.5810	-0.0005	43.8150	1.7374	455.2433	390.6103	38.0787	445.5118	96.0185	450.3091	95.4861	454.7329	95.3704	457.9722	94.7917	
08/08/2017	02:01:08	019001	G523013740HLR	L523	S		428.5659	1.0311	3.7330	99.9528	39.3908	0.8230	0.8271	5.0000	17.1026	508.0437	95.0000	19.2621	24.7000	0.9300	0.9406	0.5802	-0.0005	508.0000	509.5852	1.0285	11.2513	99.9654	39.0000	0.8230	0.8215	5.0000	-9999.0000	-9999.0000	-9999.0000	-9999.0000	-9999.0000	-9999.0000	18.4925	4	0	33.2739	1.0000	06	1	-9999.0000	50597	26717	-9999	1612	1550	-9999	290.2160	5	0.5721	0.5802	-0.0005	43.4184	1.7575	458.5657	383.6597	38.4722	446.3908	95.5093	453.5630	94.8611	457.9451	94.7685	461.5878	94.9306	
08/08/2017	02:01:39	019001	G523013801HLR	L523	S		431.6976	1.0311	3.5772	100.0171	39.3500	0.8230	0.8276	5.0000	17.1413	508.0374	95.0000	19.2015	24.7000	0.9300	0.9406	0.5804	-0.0005	508.0000	508.4878	1.0285	11.1147	100.0061	39.0333	0.8230	0.8216	5.0000	-9999.0000	-9999.0000	-9999.0000	-9999.0000	-9999.0000	-9999.0000	17.6028	5	0	31.9234	1.0000	06	1	-9999.0000	50598	26718	-9999	1612	1551	-9999	290.1877	5	0.5721	0.5804	-0.0005	42.6839	1.7917	458.5924	403.2992	40.2778	451.2170	95.3704	455.4626	94.9537	458.0176	94.9074	463.1660	94.9769	
08/08/2017	02:02:10	019001	G523013779HLR	L523	S		442.4527	1.0311	3.0422	99.9091	39.4661	0.8230	0.8278	5.0000	17.3116	508.0430	94.9074	13.2516	24.7000	0.9300	0.9405	0.5804	-0.0005	508.0000	508.0670	1.0285	11.0623	99.9263	39.0000	0.8230	0.8214	5.0000	-9999.0000	-9999.0000	-9999.0000	-9999.0000	-9999.0000	-9999.0000	17.6223	6	0	30.7441	1.0000	06	1	-9999.0000	50599	26719	-9999	1613	1552	-9999	291.5348	5	0.5721	0.5804	-0.0005	42.6839	1.7917	477.7958	406.6924	37.8009	469.2360	95.4630	473.6702	95.0000	477.3849	94.8843	481.2354	94.9537	
08/08/2017	02:02:37	019001	G523013828HLR	L523	S		428.9380	1.0311	3.7145	99.9140	39.5144	0.8230	0.8274	5.0000	18.2628	508.0641	95.0000	18.7523	24.7000	0.9300	0.9407	0.5782	-0.0004	508.0000	510.0573	1.0285	11.3100	100.0471	39.0000	0.8230	0.8214	5.0000	-9999.0000	-9999.0000	-9999.0000	-9999.0000	-9999.0000	-9999.0000	17.5919	7	0	27.0833	1.0000	06	1	-9999.0000	50600	26720	-9999	1614	1553	-9999	290.1946	5	0.5712	0.5782	-0.0004	45.7250	1.6458	459.8533	407.0101	39.0972	450.2305	95.7176	455.1533	95.1157	459.3675	95.1157	462.9098	95.0231	
08/08/2017	02:03:07	019001	G523013852HLR	L523	S		427.6628	1.0311	3.7780	99.8958	39.4500	0.8230	0.8271	5.0000	18.7728	508.0376	94.9537	21.2828	24.7000	0.9300	0.9406	0.5781	-0.0004	508.0000	508.1705	1.0285	11.0752	99.9964	39.0000	0.8230	0.8215	5.0000	-9999.0000	-9999.0000	-9999.0000	-9999.0000	-9999.0000	-9999.0000	17.6016	8	0	29.6638	1.0000	06	1	-9999.0000	50601	26721	-9999	1615	1554	-9999	289.5364	5	0.5713	0.5781	-0.0004	45.8623	1.6313	453.1727	404.9498	39.2824	443.2416	95.6250	448.6323	94.8843	452.5480	94.8380	456.7877	94.9306	
08/08/2017	02:03:38	019001	G523013795HLR	L523	S		430.4394	1.0311	3.6398	99.9717	39.4840	0.8230	0.8275	5.0000	17.0821	508.0278	94.9537	20.5425	24.7000	0.9300	0.9406	0.5796	-0.0005	508.0000	510.0960	1.0285	11.3149	99.9432	39.0227	0.8230	0.8216	5.0000	-9999.0000	-9999.0000	-9999.0000	-9999.0000	-9999.0000	-9999.0000	17.5715	1	0	30.6034	1.0000	06	1	-9999.0000	50602	26722	-9999	1616	1555	-9999	289.7399	5	0.5715	0.5796	-0.0005	39.3000	1.9628	456.8396	404.0779	40.6250	448.6163	95.3704	452.9349	94.9074	456.3323	94.8380	460.0955	94.9306	
08/08/2017	02:04:08	019001	G523013744HLR	L523	S		429.7521	1.0311	3.6740	99.9760	39.5000	0.8230	0.8274	5.0000	17.1221	508.0742	95.0000	18.7327	24.7000	0.9300	0.9406	0.5796	-0.0005	508.0000	508.5487	1.0285	11.1222	99.9942	39.0333	0.8230	0.8216	5.0000	-9999.0000	-9999.0000	-9999.0000	-9999.0000	-9999.0000	-9999.0000	17.5226	2	0	30.7644	1.0000	06	1	-9999.0000	50603	26723	-9999	1617	1556	-9999	290.1774	5	0.5714	0.5796	-0.0005	41.1359	1.8805	460.3738	385.3616	38.0787	449.6910	95.6713	456.0643	94.8611	459.8147	94.7917	464.3046	94.9074	
08/08/2017	02:04:40	019001	G523013827HLR	L523	S		438.2322	1.0311	3.2521	99.9454	39.4500	0.8230	0.8273	5.0000	17.1719	508.0648	94.9537	15.6816	24.7000	0.9300	0.9405	0.5792	-0.0004	508.0000	507.9788	1.0285	11.0513	100.0502	39.0233	0.8230	0.8215	5.0000	-9999.0000	-9999.0000	-9999.0000	-9999.0000	-9999.0000	-9999.0000	17.6515	3	0	31.3933	1.0000	06	1	-9999.0000	50604	26724	-9999	1618	1557	-9999	290.8504	5	0.5710	0.5792	-0.0004	39.8432	1.9243	471.4048	399.9876	39.0278	460.3714	95.6019	466.7190	95.0926	470.9530	94.9769	473.9040	94.9537	
08/08/2017	02:05:11	019001	G523013711HLR	L523	S		430.4363	1.0311	3.6400	99.9297	39.4125	0.8230	0.8274	5.0000	17.3321	508.0656	95.0000	17.6428	24.7000	0.9300	0.9406	0.5801	-0.0005	508.0000	506.7556	1.0285	10.8990	100.0513	39.0249	0.8230	0.8215	5.0000	-9999.0000	-9999.0000	-9999.0000	-9999.0000	-9999.0000	-9999.0000	17.5618	4	0	31.6336	1.0000	06	1	-9999.0000	50605	26725	-9999	1619	1558	-9999	290.3555	5	0.5707	0.5801	-0.0005	39.6594	1.9418	462.1244	387.0545	39.9074	452.0929	95.3935	457.0869	94.9306	461.5859	94.8611	465.0864	94.9769	
08/08/2017	02:05:42	019001	G523013721HLR	L523	S		432.0104	1.0311	3.5617	100.0416	39.4500	0.8230	0.8276	5.0000	17.3820	508.0206	95.0000	19.1723	24.7000	0.9300	0.9406	0.5793	-0.0005	508.0000	507.4753	1.0285	10.9886	99.9421	39.0297	0.8230	0.8215	5.0000	-9999.0000	-9999.0000	-9999.0000	-9999.0000	-9999.0000	-9999.0000	17.5527	5	0	30.7039	1.0000	06	1	-9999.0000	50606	26726	-9999	1620	1559	-9999	289.8231	5	0.5705	0.5793	-0.0005	39.3522	1.9573	457.7165	397.1942	40.7639	447.3537	95.2778	453.5097	94.9306	457.2733	94.8843	461.3100	94.9306	
08/08/2017	02:06:08	019001	G523013765HLR	L523	S		430.4006	1.0311	3.6418	99.9964	39.5000	0.8230	0.8275	5.0000	17.2021	508.0637	95.0000	18.7728	24.7000	0.9300	0.9407	0.5806	-0.0005	508.0000	508.7392	1.0285	11.1460	99.9925	39.0202	0.8230	0.8215	5.0000	-9999.0000	-9999.0000	-9999.0000	-9999.0000	-9999.0000	-9999.0000	17.5120	6	0	25.6535	1.0000	06	1	-9999.0000	50607	26727	-9999	1621	1560	-9999	289.8956	5	0.5707	0.5806	-0.0005	39.1656	1.9654	460.3828	397.2514	39.0741	457.3686	95.4861	456.2947	94.9769	459.7120	94.8843	463.5633	95.0000	
08/08/2017	02:06:39	019001	G523013752HLR	L523	S		424.7780	1.0311	3.9215	99.9696	39.5000	0.8230	0.8274	5.0000	17.2715	508.0655	94.9769	20.0229	24.7000	0.9300	0.9407	0.5819	-0.0006	508.0000	506.3692	1.0285	10.8509	100.0241	39.0169	0.8230	0.8215	5.0000	-9999.0000	-9999.0000	-9999.0000	-9999.0000	-9999.0000	-9999.0000	17.5821	7	0	30.8232	1.0000	06	1	-9999.0000	50608	26728	-9999	1622	1561	-9999	289.4826	5	0.5708	0.5819	-0.0006	40.4918	1.9295	456.6725	405.3346	38.5185	450.1273	95.8333	452.4025	95.3472	456.1450	95.2083	460.2162	95.0694	
08/08/2017	02:07:04	019001	G523013731HLR	L523	S		427.3581	1.0311	3.7931	100.0846	39.4500	0.8230	0.8273	5.0000	17.4318	508.0575	95.0000	19.6420	24.7000	0.9300	0.9406	0.5826	-0.0006	508.0000	509.1700	1.0285	11.1996	100.0376	39.0323	0.8230	0.8216	5.0000	-9999.0000	-9999.0000	-9999.0000	-9999.0000	-9999.0000	-9999.0000	17.5519	8	0	25.5635	1.0000	06	1	-9999.0000	50609	26729	-9999	1623	1562	-9999	289.6725	5	0.5708	0.5826	-0.0006	39.9475	1.9831	455.2636	403.1321	39.1898	444.4016	95.5093	450.1653	94.9769	454.6797	94.8843	458.5733	94.9306	
08/08/2017	02:07:31	019001	G523013785HLR	L523	S		429.4682	1.0311	3.6882	100.0326	39.4500	0.8230	0.8274	5.0000	17.2422	508.0344	95.0000	19.3725	24.7000	0.9300	0.9406	0.5824	-0.0006	508.0000	509.2727	1.0285	11.2124	99.9985	39.0588	0.8230	0.8215	5.0000	-9999.0000	-9999.0000	-9999.0000	-9999.0000	-9999.0000	-9999.0000	17.5823	1	0	27.3930	1.0000	06	1	-9999.0000	50610	26730	-9999	1624	1563	-9999	289.6952	5	0.5709	0.5824	-0.0006	40.6240	1.9315	456.9385	396.9945	38.4491	447.3458	95.6019	452.4328	95.0231	456.2476	94.9537	460.4611	94.9769	
08/08/2017	02:07:57	019001	G523012100HLR	L523	S		442.2468	1.0311	3.0524	100.0062	39.5000	0.8230	0.8275	5.0000	17.0821	508.1191	94.9306	12.8316	24.7000	0.9300	0.9406	0.5824	-0.0006	508.0000	509.8127	1.0285	11.2796	99.9740	39.0333	0.8230	0.8215	5.0000	-9999.0000	-9999.0000	-9999.0000	-9999.0000	-9999.0000	-9999.0000	17.7717	2	0	25.6231	1.0000	06	1	-9999.0000	50611	26731	-9999	1625	1564	-9999	291.8864	5	0.5709	0.5824	-0.0006	40.6240	1.9315	477.2695	398.7403	40.3935	464.5473	95.2778	472.0809	94.7685	476.8561	94.7685	480.4336	94.9074	
