Data	Timp	Nr. masina	Nr. de serie	Tip	Productie	Comentariu	Pre-masurare Q [ml/min]	Pre-masurare Gain	Pre-masurare Offset Master	Pre-masurare P [bar]	Pre-masurare T [°C]	Pre-masurare Densitate fixa [kg/l]	Pre-masurare densitate masurata [kg/l]	Pre-masurare Timp masurare [s]	Pre-masurare Cycle time [s]	rectificare Q Oprire [ml/min]	rectificare P Oprire [bar]	rectificare Timp rectificare [s]	rectificare T [°C]	rectificare Densitate fixa [kg/l]	rectificare densitate masurata [kg/l]	rectificare Factor de masurare la rectificare	rectificare Factor de corectie a debitului	rectificare Target rectificare	Masurare Q [ml/min]	Masurare Gain	Masurare Offset Master	Masurare P [bar]	Masurare T [°C]	Masurare Densitate fixa [kg/l]	Masurare densitate masurata [kg/l]	Masurare Timp masurare [s]	Masurare Q [ml/min]	Masurare Delta Q [ml/min]	Masurare P [bar]	Masurare BP [bar]	Masurare T [°C]	Masurare Timp masurare [s]	Masurare Cycle time [s]	Nest Nr.	Cod de descarcare	Cycle time [s]	Traceability aktiv	EDM Maschine Nr	EDM Spindle Nr	Honing Rate [r	Station Counter Premeasure	Station Counter Grind	Station Counter Blowout 1	Station Counter Wash	Station Counter Measure	Station Counter Blowout 2	RealGrindQStop	Reg Type	Factor 0	Factor 1	Factor 2	Factor 3	Factor 4	G_StartQV	G_StartQV_1	G_StartQV_2	G_StartQV_3	G_StartQV_4	G_StartQV_5	
24/08/2017	00:00:13	019001	G523099768HLR	L523	S		440.4000	1.0311	3.1443	99.9956	39.4535	0.8230	0.8257	5.0000	17.2326	508.0387	94.8843	15.6621	24.0000	0.9300	0.9333	0.6173	-0.0010	508.0000	509.0489	1.0285	11.1845	100.0332	39.2500	0.8230	0.8212	5.0000	-9999.0000	-9999.0000	-9999.0000	-9999.0000	-9999.0000	-9999.0000	17.8519	3	0	26.7934	1.0000	09	1	-9999.0000	28676	57299	-9999	131	123	-9999	305.9833	5	0.6018	0.6173	-0.0010	40.3013	1.8065	472.1978	320.4667	36.1806	461.1592	95.9491	467.3259	94.9769	471.5885	95.0231	475.8020	94.9537	
24/08/2017	00:00:43	019001	G523099773HLR	L523	S		437.6270	1.0311	3.2822	99.9420	39.5168	0.8230	0.8265	5.0000	17.2326	508.0344	94.8843	16.1123	23.9000	0.9300	0.9331	0.6173	-0.0010	508.0000	507.6536	1.0285	11.0108	100.0729	39.4500	0.8230	0.8213	5.0000	-9999.0000	-9999.0000	-9999.0000	-9999.0000	-9999.0000	-9999.0000	17.5726	4	0	29.5836	1.0000	09	1	-9999.0000	28677	57300	-9999	132	124	-9999	305.7583	5	0.6018	0.6173	-0.0010	40.3013	1.8065	472.2314	316.2799	35.6481	457.9419	96.0648	466.1154	94.8611	471.7555	94.9306	475.9439	94.9537	
24/08/2017	00:01:09	019001	G523099772HLR	L523	S		439.6610	1.0311	3.1810	99.9328	39.9816	0.8230	0.8266	5.0000	17.1719	508.0510	94.8611	15.7314	23.9000	0.9300	0.9331	0.6178	-0.0010	508.0000	506.7973	1.0285	10.9042	99.9699	39.3911	0.8230	0.8209	5.0000	-9999.0000	-9999.0000	-9999.0000	-9999.0000	-9999.0000	-9999.0000	17.7120	5	0	26.4825	1.0000	09	1	-9999.0000	28678	57301	-9999	133	125	-9999	305.9530	5	0.6019	0.6178	-0.0010	40.3013	1.8065	470.0767	321.9071	36.3657	456.8051	95.9491	466.6518	94.9537	469.5536	95.0000	474.3195	94.9769	
24/08/2017	00:01:37	019001	G523099766HLR	L523	S		438.1419	1.0311	3.2566	100.0816	39.7683	0.8230	0.8258	5.0000	17.2314	508.0668	94.8843	16.7618	23.9000	0.9300	0.9331	0.6156	-0.0009	508.0000	507.7250	1.0285	11.0197	99.9825	39.3000	0.8230	0.8208	5.0000	-9999.0000	-9999.0000	-9999.0000	-9999.0000	-9999.0000	-9999.0000	17.8721	6	0	27.8433	1.0000	09	1	-9999.0000	28679	57302	-9999	134	126	-9999	305.4805	5	0.6016	0.6156	-0.0009	38.0602	1.9353	468.3111	317.3160	37.8009	455.8095	95.6944	465.0928	94.9306	467.8183	94.9537	471.7882	94.9306	
24/08/2017	00:02:05	019001	G523099783HLR	L523	S		437.9752	1.0311	3.2649	99.9635	39.3816	0.8230	0.8259	5.0000	17.1809	508.0630	94.8843	15.2919	23.9000	0.9300	0.9330	0.6156	-0.0009	508.0000	506.7526	1.0285	10.8987	99.8994	39.3000	0.8230	0.8211	5.0000	-9999.0000	-9999.0000	-9999.0000	-9999.0000	-9999.0000	-9999.0000	17.6321	7	0	27.6732	1.0000	09	1	-9999.0000	28680	57303	-9999	135	127	-9999	306.0700	5	0.6016	0.6156	-0.0009	38.0602	1.9353	471.3341	328.3451	36.2500	461.4102	95.3009	468.0365	95.0000	470.8805	95.0000	474.5155	94.9306	
24/08/2017	00:02:33	019001	G523100087HLR	L523	S		437.5973	1.0311	3.2837	100.0200	39.7096	0.8230	0.8267	5.0000	17.2023	508.0437	94.9074	17.3722	24.0000	0.9300	0.9331	0.6104	-0.0005	508.0000	507.8974	1.0285	11.0412	99.9725	39.3500	0.8230	0.8211	5.0000	-9999.0000	-9999.0000	-9999.0000	-9999.0000	-9999.0000	-9999.0000	17.6516	8	0	28.8239	1.0000	09	1	-9999.0000	28681	57304	-9999	135	128	-9999	305.0916	5	0.6014	0.6104	-0.0005	39.9439	1.8332	467.2121	318.8418	37.9398	454.8245	95.6019	463.6907	94.9306	466.6867	94.9769	471.3621	94.9306	
24/08/2017	00:02:58	019001	G523099787HLR	L523	S		438.1329	1.0311	3.2571	99.9985	39.9910	0.8230	0.8263	5.0000	17.2118	508.0348	94.9306	15.0214	23.9000	0.9300	0.9331	0.6104	-0.0005	508.0000	507.4658	1.0285	10.9874	100.0234	39.3500	0.8230	0.8210	5.0000	-9999.0000	-9999.0000	-9999.0000	-9999.0000	-9999.0000	-9999.0000	17.6723	1	0	24.9727	1.0000	09	1	-9999.0000	28682	57305	-9999	136	128	-9999	305.9391	5	0.6014	0.6104	-0.0005	39.9439	1.8332	474.5184	331.5125	37.0833	463.4521	95.6481	468.8207	94.9074	473.7925	94.8611	478.2768	94.9537	
24/08/2017	00:03:26	019001	G523100078HLR	L523	S		438.8093	1.0311	3.2234	100.0705	39.5601	0.8230	0.8257	5.0000	17.2323	508.0759	94.8843	15.6914	23.9000	0.9300	0.9331	0.6187	-0.0010	508.0000	506.0472	1.0285	10.8109	100.0140	39.3500	0.8230	0.8209	5.0000	-9999.0000	-9999.0000	-9999.0000	-9999.0000	-9999.0000	-9999.0000	17.8322	2	0	27.3334	1.0000	09	1	-9999.0000	28683	57306	-9999	137	129	-9999	305.8850	5	0.6018	0.6187	-0.0010	54.0669	0.9377	473.2176	326.8889	38.6111	464.3692	95.4630	469.9639	95.0231	472.6099	95.0231	476.6297	94.9537	
24/08/2017	00:03:54	019001	G523100079HLR	L523	S		438.2241	1.0311	3.2525	99.9733	39.4000	0.8230	0.8262	5.0000	17.1828	508.0650	94.8843	16.2217	24.0000	0.9300	0.9332	0.6188	-0.0010	508.0000	508.4055	1.0285	11.1044	99.9862	39.3015	0.8230	0.8211	5.0000	-9999.0000	-9999.0000	-9999.0000	-9999.0000	-9999.0000	-9999.0000	17.7120	3	0	27.9234	1.0000	09	1	-9999.0000	28684	57307	-9999	138	130	-9999	305.8773	5	0.6016	0.6188	-0.0010	54.3989	0.9172	468.7638	318.6815	36.1806	454.3148	96.0185	465.1052	95.0000	468.3844	95.0231	473.2736	94.9306	
24/08/2017	00:04:21	019001	G523100059HLR	L523	S		439.1574	1.0311	3.2061	99.9447	39.9180	0.8230	0.8268	5.0000	17.1221	508.0633	94.9074	16.6915	23.9000	0.9300	0.9331	0.6266	-0.0015	508.0000	507.6887	1.0285	11.0152	100.0935	39.3500	0.8230	0.8211	5.0000	-9999.0000	-9999.0000	-9999.0000	-9999.0000	-9999.0000	-9999.0000	17.5804	4	0	26.9933	1.0000	09	1	-9999.0000	28685	57307	-9999	138	131	-9999	305.5753	5	0.6017	0.6266	-0.0015	52.2238	1.0673	469.0308	317.0346	36.6204	454.0987	95.8102	465.5893	94.8843	468.5295	94.9074	472.7980	94.9537	
24/08/2017	00:04:50	019001	G523100058HLR	L523	S		444.2299	1.0311	2.9537	100.0090	39.8960	0.8230	0.8259	5.0000	17.5313	508.0433	94.9537	13.4010	23.9000	0.9300	0.9330	0.6266	-0.0015	508.0000	507.4380	1.0285	10.9840	99.9083	39.3500	0.8230	0.8210	5.0000	-9999.0000	-9999.0000	-9999.0000	-9999.0000	-9999.0000	-9999.0000	17.5616	5	0	29.7235	1.0000	09	1	-9999.0000	28686	57308	-9999	139	132	-9999	307.8925	5	0.6017	0.6266	-0.0015	52.2238	1.0673	471.6974	327.1574	36.7824	458.6589	95.7407	465.9002	94.8611	471.1265	94.9074	475.7658	94.9306	
24/08/2017	00:05:21	019001	G523100068HLR	L523	S		442.5460	1.0311	3.0375	100.0107	39.4066	0.8230	0.8258	5.0000	17.1426	508.0551	94.8843	15.2118	24.0000	0.9300	0.9332	0.6228	-0.0013	508.0000	507.1374	1.0285	10.9466	100.1020	39.3435	0.8230	0.8209	5.0000	-9999.0000	-9999.0000	-9999.0000	-9999.0000	-9999.0000	-9999.0000	18.4719	6	0	30.6942	1.0000	09	1	-9999.0000	28687	57309	-9999	140	133	-9999	306.5674	5	0.6023	0.6228	-0.0013	52.3793	1.0420	469.3748	333.1322	38.9120	459.9397	95.4861	464.6786	95.1620	468.4847	95.2315	472.5034	94.9537	
24/08/2017	00:05:50	019001	G523097981HLR	L523	S		436.7295	1.0311	3.3269	99.9464	39.5000	0.8230	0.8265	5.0000	17.1914	508.0783	94.8843	16.4317	23.9000	0.9300	0.9332	0.6217	-0.0012	508.0000	507.2990	1.0285	10.9667	100.0822	39.3500	0.8230	0.8210	5.0000	-9999.0000	-9999.0000	-9999.0000	-9999.0000	-9999.0000	-9999.0000	17.6624	7	0	28.5433	1.0000	12	2	-9999.0000	28688	57310	-9999	140	134	-9999	305.8434	5	0.6024	0.6217	-0.0012	58.1229	0.6786	467.4450	326.4358	37.1991	457.5687	95.6944	462.7478	95.0231	467.0707	95.0694	471.5468	94.9537	
24/08/2017	00:06:19	019001	G523097899HLR	L523	S		437.9139	1.0311	3.2680	99.9048	40.0110	0.8230	0.8267	5.0000	17.2314	508.0583	94.9074	14.9120	23.9000	0.9300	0.9331	0.6217	-0.0012	508.0000	509.1931	1.0285	11.2025	100.0236	39.3500	0.8230	0.8209	5.0000	-9999.0000	-9999.0000	-9999.0000	-9999.0000	-9999.0000	-9999.0000	17.6426	8	0	29.6833	1.0000	12	2	-9999.0000	28689	57311	-9999	141	135	-9999	306.8118	5	0.6024	0.6217	-0.0012	58.1229	0.6786	469.0902	331.4794	39.6528	456.8086	95.1852	464.1138	94.8843	468.4247	94.9306	472.7195	94.9537	
24/08/2017	00:06:48	019001	G523097827HLR	L523	S		435.7742	1.0311	3.3744	99.9523	39.7711	0.8230	0.8258	5.0000	17.2316	508.0288	94.9074	18.2425	23.9000	0.9300	0.9332	0.6277	-0.0016	508.0000	506.1736	1.0285	10.8266	99.9915	39.3444	0.8230	0.8210	5.0000	-9999.0000	-9999.0000	-9999.0000	-9999.0000	-9999.0000	-9999.0000	17.5723	1	0	29.0337	1.0000	12	2	-9999.0000	28690	57312	-9999	142	136	-9999	304.5126	5	0.6032	0.6277	-0.0016	38.7351	1.8235	457.2274	328.8287	39.7454	448.1215	95.3241	452.1460	95.0926	456.7997	95.1620	460.8172	94.9769	
24/08/2017	00:07:17	019001	G523097828HLR	L523	S		434.6450	1.0311	3.4306	100.0378	39.3565	0.8230	0.8259	5.0000	17.3712	508.0625	94.9306	18.6224	23.9000	0.9300	0.9331	0.6274	-0.0015	508.0000	506.1756	1.0285	10.8268	99.9621	39.3500	0.8230	0.8210	5.0000	-9999.0000	-9999.0000	-9999.0000	-9999.0000	-9999.0000	-9999.0000	17.7022	2	0	28.5632	1.0000	12	2	-9999.0000	28691	57313	-9999	143	137	-9999	304.2990	5	0.6031	0.6274	-0.0015	40.9847	1.7234	456.4227	322.6394	39.1435	448.7361	95.3241	452.5123	94.9074	455.8618	94.8843	460.6900	94.9306	
24/08/2017	00:07:42	019001	G523097798HLR	L523	S		435.2202	1.0311	3.4020	99.9952	39.7056	0.8230	0.8267	5.0000	17.3918	508.0619	94.9074	17.0421	23.9000	0.9300	0.9331	0.6248	-0.0014	508.0000	509.7088	1.0285	11.2667	99.9374	39.3500	0.8230	0.8210	5.0000	-9999.0000	-9999.0000	-9999.0000	-9999.0000	-9999.0000	-9999.0000	17.5326	3	0	24.9736	1.0000	12	2	-9999.0000	28692	57314	-9999	144	138	-9999	305.5689	5	0.6032	0.6248	-0.0014	45.0901	1.4888	460.4106	323.6469	38.4028	451.7995	95.4398	455.4283	94.9537	459.5682	94.9074	465.0059	94.9306	
24/08/2017	00:08:12	019001	G523097801HLR	L523	S		431.6564	1.0311	3.5793	99.9587	39.9597	0.8230	0.8261	5.0000	17.6926	508.0619	94.9306	17.5822	23.9000	0.9300	0.9332	0.6201	-0.0011	508.0000	508.8822	1.0285	11.1638	99.9766	39.3500	0.8230	0.8210	5.0000	-9999.0000	-9999.0000	-9999.0000	-9999.0000	-9999.0000	-9999.0000	17.6515	4	0	29.6638	1.0000	12	2	-9999.0000	28693	57315	-9999	145	139	-9999	305.1865	5	0.6030	0.6201	-0.0011	48.3493	1.2679	461.3895	326.1597	40.3472	446.9963	95.1157	455.8559	95.0463	461.1696	95.0694	464.8382	94.9769	
24/08/2017	00:08:38	019001	G523097830HLR	L523	S		436.5532	1.0311	3.3357	100.0290	39.4762	0.8230	0.8257	5.0000	17.2021	508.0632	94.9074	17.5920	23.9000	0.9300	0.9331	0.6172	-0.0009	508.0000	508.7223	1.0285	11.1439	100.0055	39.3500	0.8230	0.8211	5.0000	-9999.0000	-9999.0000	-9999.0000	-9999.0000	-9999.0000	-9999.0000	17.6017	5	0	25.9123	1.0000	12	2	-9999.0000	28694	57316	-9999	146	140	-9999	305.4861	5	0.6030	0.6172	-0.0009	49.0871	1.2201	464.5339	334.0021	38.8657	453.3909	95.3935	460.3613	94.9074	464.1663	94.6759	468.4115	94.9537	
24/08/2017	00:09:05	019001	G523097810HLR	L523	S		436.9104	1.0311	3.3179	99.9485	39.5014	0.8230	0.8264	5.0000	17.8721	508.0516	94.8843	16.4512	23.9000	0.9300	0.9331	0.6195	-0.0010	508.0000	509.7732	1.0285	11.2747	99.9729	39.3500	0.8230	0.8210	5.0000	-9999.0000	-9999.0000	-9999.0000	-9999.0000	-9999.0000	-9999.0000	17.5519	6	0	27.4837	1.0000	12	2	-9999.0000	28695	57317	-9999	147	141	-9999	306.2193	5	0.6027	0.6195	-0.0010	44.3910	1.5112	470.1497	333.3663	37.4074	456.0536	95.6713	463.5539	94.9537	469.7512	94.9769	471.9785	94.9537	
24/08/2017	00:10:01	019001	G523097805HLR	L523	S		436.4893	1.0311	3.3388	100.0174	39.7463	0.8230	0.8258	5.0000	17.3721	508.0726	94.9074	17.5129	24.1000	0.9300	0.9337	0.6209	-0.0011	508.0000	509.6766	1.0285	11.2626	99.9920	39.2000	0.8230	0.8206	5.0000	-9999.0000	-9999.0000	-9999.0000	-9999.0000	-9999.0000	-9999.0000	17.8528	8	0	28.1637	1.0000	12	2	-9999.0000	28697	57318	-9999	149	142	-9999	305.4175	5	0.6021	0.6209	-0.0011	41.4265	1.7347	464.4182	326.8544	38.0556	455.4007	95.7639	460.2065	95.0926	463.9219	95.0694	468.0357	95.0000	
24/08/2017	00:10:31	019001	G523097812HLR	L523	S		441.5954	1.0311	3.0848	99.9216	39.3435	0.8230	0.8259	5.0000	17.1417	508.0974	94.9537	14.4324	24.0000	0.9300	0.9334	0.6209	-0.0011	508.0000	510.2294	1.0285	11.3315	99.9221	39.2500	0.8230	0.8212	5.0000	-9999.0000	-9999.0000	-9999.0000	-9999.0000	-9999.0000	-9999.0000	17.9123	1	0	29.7233	1.0000	12	2	-9999.0000	28698	57319	-9999	150	143	-9999	307.2521	5	0.6021	0.6209	-0.0011	41.4265	1.7347	473.2994	332.1230	39.0046	463.2986	95.5093	468.3950	95.0463	472.6041	95.0231	477.2370	94.9769	
24/08/2017	00:11:00	019001	G523097821HLR	L523	S		436.2120	1.0311	3.3526	99.9844	39.7096	0.8230	0.8267	5.0000	17.2715	508.0660	94.9306	15.3720	24.0000	0.9300	0.9334	0.6207	-0.0011	508.0000	506.2236	1.0285	10.8328	100.0242	39.4000	0.8230	0.8214	5.0000	-9999.0000	-9999.0000	-9999.0000	-9999.0000	-9999.0000	-9999.0000	17.6027	2	0	29.1538	1.0000	12	2	-9999.0000	28699	57320	-9999	150	144	-9999	306.5693	5	0.6020	0.6207	-0.0011	41.6036	1.7656	468.6390	330.1044	38.7963	460.8718	95.6250	462.8502	95.0231	468.0391	95.0694	472.8229	95.0000	
24/08/2017	00:11:28	019001	G523097816HLR	L523	S		436.6849	1.0311	3.3291	100.0137	39.9954	0.8230	0.8264	5.0000	17.1622	508.0601	94.8843	16.0918	24.0000	0.9300	0.9333	0.6156	-0.0008	508.0000	508.7005	1.0285	11.1411	99.9544	39.3933	0.8230	0.8210	5.0000	-9999.0000	-9999.0000	-9999.0000	-9999.0000	-9999.0000	-9999.0000	17.5531	3	0	28.0534	1.0000	12	2	-9999.0000	28700	57321	-9999	151	145	-9999	306.1439	5	0.6012	0.6156	-0.0008	60.2667	0.6972	467.3654	330.5345	37.6157	457.8316	95.8333	462.7435	95.2778	466.8091	95.3241	470.8646	94.9769	
24/08/2017	00:11:57	019001	G523098135HLR	L523	S		438.3209	1.0311	3.2477	100.0349	39.6060	0.8230	0.8257	5.0000	17.2228	508.0367	94.8843	16.0313	24.0000	0.9300	0.9333	0.6094	-0.0005	508.0000	508.8104	1.0285	11.1548	100.0376	39.3000	0.8230	0.8209	5.0000	-9999.0000	-9999.0000	-9999.0000	-9999.0000	-9999.0000	-9999.0000	17.6116	4	0	28.9232	1.0000	12	2	-9999.0000	28701	57322	-9999	152	146	-9999	305.8787	5	0.6010	0.6094	-0.0005	60.8678	0.6679	470.7664	305.6685	37.1759	460.7328	95.0926	466.2174	95.0231	470.2306	95.0463	474.2863	94.9537	
24/08/2017	00:12:23	019001	G523097880HLR	L523	S		432.6782	1.0311	3.5284	100.0066	39.3920	0.8230	0.8261	5.0000	17.6223	508.0400	94.9306	18.2522	24.0000	0.9300	0.9333	0.6112	-0.0006	508.0000	507.0818	1.0285	10.9396	100.0643	39.3000	0.8230	0.8211	5.0000	-9999.0000	-9999.0000	-9999.0000	-9999.0000	-9999.0000	-9999.0000	17.7522	5	0	26.5833	1.0000	12	2	-9999.0000	28702	57323	-9999	153	147	-9999	305.0071	5	0.6013	0.6112	-0.0006	59.7021	0.7385	467.4495	330.0313	38.5648	458.1955	95.4861	463.7449	95.0694	466.9964	95.0926	470.3578	94.9769	
24/08/2017	00:12:52	019001	G523097864HLR	L523	S		435.8060	1.0311	3.3728	99.9822	39.8565	0.8230	0.8268	5.0000	17.1222	508.0455	94.9074	17.0919	24.0000	0.9300	0.9332	0.6106	-0.0006	508.0000	507.2483	1.0285	10.9604	99.9872	39.3500	0.8230	0.8211	5.0000	-9999.0000	-9999.0000	-9999.0000	-9999.0000	-9999.0000	-9999.0000	17.6018	6	0	29.0329	1.0000	12	2	-9999.0000	28703	57324	-9999	154	148	-9999	305.3138	5	0.6012	0.6106	-0.0006	58.6996	0.7972	469.8763	333.4610	37.8009	461.0718	95.4861	465.1519	94.8843	469.3220	94.8843	472.8980	94.9306	
24/08/2017	00:13:20	019001	G523097820HLR	L523	S		437.1642	1.0311	3.3053	99.9956	39.8800	0.8230	0.8259	5.0000	17.5530	508.0470	94.8843	16.5616	24.0000	0.9300	0.9332	0.6103	-0.0006	508.0000	508.8970	1.0285	11.1656	99.8387	39.3500	0.8230	0.8210	5.0000	-9999.0000	-9999.0000	-9999.0000	-9999.0000	-9999.0000	-9999.0000	18.2122	7	0	27.5638	1.0000	12	2	-9999.0000	28704	57325	-9999	155	149	-9999	305.4659	5	0.6012	0.6103	-0.0006	50.3875	1.3076	473.1228	330.9528	38.0556	462.9089	95.4167	467.8188	94.8843	472.5817	94.9306	476.2781	94.9537	
24/08/2017	00:13:49	019001	G523097874HLR	L523	S		435.6019	1.0311	3.3830	99.9855	39.3958	0.8230	0.8258	5.0000	17.0423	508.0150	94.8843	16.8419	24.0000	0.9300	0.9332	0.6111	-0.0006	508.0000	507.8320	1.0285	11.0330	100.1124	39.3500	0.8230	0.8210	5.0000	-9999.0000	-9999.0000	-9999.0000	-9999.0000	-9999.0000	-9999.0000	17.7521	8	0	28.6432	1.0000	12	2	-9999.0000	28705	57326	-9999	156	150	-9999	305.1336	5	0.6012	0.6111	-0.0006	46.5233	1.5486	470.1060	320.9887	36.2731	460.5036	95.2083	466.5166	94.9537	469.6412	94.9537	473.4967	94.9537	
24/08/2017	00:14:16	019001	G523097863HLR	L523	S		437.9374	1.0311	3.2668	100.0013	39.6000	0.8230	0.8266	5.0000	17.8724	508.0355	94.9074	15.1024	24.0000	0.9300	0.9331	0.6111	-0.0006	508.0000	508.4018	1.0285	11.1040	99.8498	39.3500	0.8230	0.8210	5.0000	-9999.0000	-9999.0000	-9999.0000	-9999.0000	-9999.0000	-9999.0000	17.6625	1	0	27.7836	1.0000	12	2	-9999.0000	28706	57327	-9999	157	151	-9999	305.7093	5	0.6012	0.6111	-0.0006	46.5233	1.5486	475.4561	336.0452	38.3565	464.2108	95.4630	468.7310	95.1389	474.6050	95.1157	478.5201	94.9537	
24/08/2017	00:14:45	019001	G523097853HLR	L523	S		437.5009	1.0311	3.2885	99.9935	40.0174	0.8230	0.8265	5.0000	17.1925	508.0626	94.8843	16.9122	24.0000	0.9300	0.9332	0.6080	-0.0004	508.0000	509.0082	1.0285	11.1794	99.9978	39.3492	0.8230	0.8210	5.0000	-9999.0000	-9999.0000	-9999.0000	-9999.0000	-9999.0000	-9999.0000	17.6516	2	0	28.9039	1.0000	12	2	-9999.0000	28707	57328	-9999	158	152	-9999	305.3624	5	0.6015	0.6080	-0.0004	49.6036	1.3345	474.0583	334.5179	38.1481	462.9310	95.4630	469.4825	94.9306	473.5492	94.9769	476.9035	94.9537	
24/08/2017	00:15:13	019001	G523097861HLR	L523	S		437.7761	1.0311	3.2748	100.0342	39.6222	0.8230	0.8256	5.0000	18.3929	508.0338	94.8843	16.0820	23.9000	0.9300	0.9330	0.6078	-0.0004	508.0000	507.4815	1.0285	10.9894	100.0713	39.3500	0.8230	0.8211	5.0000	-9999.0000	-9999.0000	-9999.0000	-9999.0000	-9999.0000	-9999.0000	17.6426	3	0	28.0932	1.0000	12	2	-9999.0000	28708	57329	-9999	159	153	-9999	305.5155	5	0.6015	0.6078	-0.0004	46.9125	1.5027	476.4842	335.5511	37.8241	464.0395	95.4861	471.1278	95.0463	476.0242	95.0926	479.2163	94.9537	
24/08/2017	00:15:41	019001	G523097871HLR	L523	S		437.2856	1.0311	3.2992	100.0282	39.4118	0.8230	0.8262	5.0000	17.1417	508.0400	94.8843	16.5313	23.9000	0.9300	0.9331	0.6061	-0.0003	508.0000	508.6659	1.0285	11.1368	99.9632	39.3500	0.8230	0.8210	5.0000	-9999.0000	-9999.0000	-9999.0000	-9999.0000	-9999.0000	-9999.0000	17.7217	4	0	27.4733	1.0000	12	2	-9999.0000	28709	57330	-9999	160	154	-9999	305.4275	5	0.6016	0.6061	-0.0003	46.9129	1.5026	472.7916	337.1157	40.0000	463.5970	95.0926	468.1344	94.9537	472.3397	94.9537	475.7460	94.9074	
24/08/2017	00:16:06	019001	G523097851HLR	L523	S		438.5378	1.0311	3.2369	99.9710	39.8192	0.8230	0.8268	5.0000	17.3721	508.0542	94.8843	16.2725	23.9000	0.9300	0.9331	0.6046	-0.0002	508.0000	508.7294	1.0285	11.1447	100.0419	39.3472	0.8230	0.8210	5.0000	-9999.0000	-9999.0000	-9999.0000	-9999.0000	-9999.0000	-9999.0000	17.5616	5	0	25.0331	1.0000	12	2	-9999.0000	28710	57331	-9999	161	155	-9999	305.4870	5	0.6016	0.6046	-0.0002	50.4004	1.2842	476.0207	334.6695	37.8472	467.3698	95.4167	471.9701	94.8611	475.7031	94.8843	478.8128	94.9306	
24/08/2017	00:16:35	019001	G523097858HLR	L523	S		434.2411	1.0311	3.4507	100.0258	39.8778	0.8230	0.8259	5.0000	18.1516	508.0386	94.8843	16.8019	24.0000	0.9300	0.9332	0.6023	-0.0001	508.0000	506.2750	1.0285	10.8392	100.0468	39.3482	0.8230	0.8211	5.0000	-9999.0000	-9999.0000	-9999.0000	-9999.0000	-9999.0000	-9999.0000	17.7518	6	0	29.1237	1.0000	12	2	-9999.0000	28711	57332	-9999	162	156	-9999	305.4405	5	0.6016	0.6023	-0.0001	50.8430	1.2511	474.9882	335.2202	39.2593	465.7713	95.2778	471.6106	94.9074	474.4278	94.9769	477.6842	94.9306	
24/08/2017	00:17:00	019001	G523097860HLR	L523	S		437.3484	1.0311	3.2961	100.0005	39.4283	0.8230	0.8258	5.0000	17.3722	508.0576	94.9074	16.6026	23.9000	0.9300	0.9331	0.6024	-0.0001	508.0000	508.0783	1.0285	11.0637	100.0162	39.3500	0.8230	0.8211	5.0000	-9999.0000	-9999.0000	-9999.0000	-9999.0000	-9999.0000	-9999.0000	17.6525	7	0	25.5323	1.0000	12	2	-9999.0000	28712	57333	-9999	163	156	-9999	305.4950	5	0.6011	0.6024	-0.0001	51.0738	1.2365	476.9328	338.6116	39.5833	469.9686	95.1852	472.7920	94.9306	476.1270	94.9306	479.7030	94.9537	
24/08/2017	00:17:28	019001	G523097850HLR	L523	S		436.6813	1.0311	3.3293	100.0157	39.5639	0.8230	0.8265	5.0000	17.4014	508.0357	94.8843	15.3222	23.9000	0.9300	0.9331	0.6009	0.0000	508.0000	506.8039	1.0285	10.9050	100.0003	39.3500	0.8230	0.8210	5.0000	-9999.0000	-9999.0000	-9999.0000	-9999.0000	-9999.0000	-9999.0000	17.5919	8	0	27.8833	1.0000	12	2	-9999.0000	28713	57334	-9999	164	157	-9999	305.4647	5	0.6010	0.6009	0.0000	51.0738	1.2365	479.3135	331.7032	37.5694	469.5337	95.5556	475.3703	94.8380	478.8941	94.8380	481.8051	94.9074	
24/08/2017	00:18:26	019001	G523097877HLR	L523	S		438.4222	1.0311	3.2427	99.9891	39.6868	0.8230	0.8258	5.0000	17.2520	508.0143	94.9074	17.0021	24.1000	0.9300	0.9337	0.6025	-0.0001	508.0000	507.2930	1.0285	10.9659	100.1021	39.1952	0.8230	0.8207	5.0000	-9999.0000	-9999.0000	-9999.0000	-9999.0000	-9999.0000	-9999.0000	17.8022	2	0	29.1129	1.0000	12	2	-9999.0000	28715	57335	-9999	166	158	-9999	305.4150	5	0.6012	0.6025	-0.0001	55.3886	0.9559	479.6716	327.1707	37.9861	469.5244	95.6944	475.5770	95.1157	479.3460	95.1620	481.3832	95.0463	
24/08/2017	00:18:53	019001	G523097838HLR	L523	S		439.1083	1.0311	3.2085	100.0944	39.3562	0.8230	0.8260	5.0000	17.0920	508.0595	94.9769	14.0212	24.0000	0.9300	0.9333	0.6025	-0.0001	508.0000	506.0725	1.0285	10.8140	99.9277	39.2500	0.8230	0.8213	5.0000	-9999.0000	-9999.0000	-9999.0000	-9999.0000	-9999.0000	-9999.0000	17.6622	3	0	26.8941	1.0000	12	2	-9999.0000	28716	57336	-9999	167	159	-9999	305.5507	5	0.6012	0.6025	-0.0001	55.3886	0.9559	483.0127	339.1825	38.9352	474.8962	95.4630	479.1091	95.0463	482.3516	95.0463	486.7287	95.0000	
24/08/2017	00:19:20	019001	G523097857HLR	L523	S		438.0163	1.0311	3.2629	99.9985	39.7362	0.8230	0.8268	5.0000	17.0821	508.0819	94.8843	15.6816	24.0000	0.9300	0.9333	0.6148	-0.0008	508.0000	507.3086	1.0285	10.9679	99.9616	39.4000	0.8230	0.8213	5.0000	-9999.0000	-9999.0000	-9999.0000	-9999.0000	-9999.0000	-9999.0000	17.8115	4	0	26.9027	1.0000	12	2	-9999.0000	28717	57337	-9999	168	160	-9999	305.7131	5	0.6013	0.6148	-0.0008	55.1401	0.9742	471.8084	332.0724	38.3102	461.1004	95.7407	466.8149	95.0694	471.4062	95.1389	475.2198	94.9769	
24/08/2017	00:19:48	019001	G523097847HLR	L523	S		434.7924	1.0311	3.4233	100.0236	39.9671	0.8230	0.8263	5.0000	17.1509	508.0643	94.9074	17.2423	24.0000	0.9300	0.9332	0.6078	-0.0004	508.0000	507.2463	1.0285	10.9601	99.9654	39.3563	0.8230	0.8210	5.0000	-9999.0000	-9999.0000	-9999.0000	-9999.0000	-9999.0000	-9999.0000	17.5821	5	0	27.9535	1.0000	12	2	-9999.0000	28718	57338	-9999	169	161	-9999	305.0226	5	0.6014	0.6078	-0.0004	59.4567	0.6973	469.4319	319.0524	40.0463	458.2647	95.2778	464.5426	95.3472	469.3746	95.4167	471.3989	94.9306	
24/08/2017	00:20:15	019001	G523097866HLR	L523	S		436.9324	1.0311	3.3168	99.9998	39.5547	0.8230	0.8257	5.0000	17.4914	508.0377	94.9074	15.6122	24.0000	0.9300	0.9332	0.6130	-0.0007	508.0000	507.9199	1.0285	11.0440	99.9928	39.3000	0.8230	0.8209	5.0000	-9999.0000	-9999.0000	-9999.0000	-9999.0000	-9999.0000	-9999.0000	17.8422	6	0	26.5832	1.0000	12	2	-9999.0000	28719	57339	-9999	170	162	-9999	305.7081	5	0.6017	0.6130	-0.0007	59.4567	0.6973	472.6144	332.0968	39.2593	465.2556	95.3009	469.4900	95.0000	472.2114	94.9769	476.4300	94.9306	
24/08/2017	00:20:42	019001	G523097855HLR	L523	S		437.0730	1.0311	3.3098	99.9618	39.4192	0.8230	0.8263	5.0000	17.2618	508.0613	94.9074	15.3818	24.0000	0.9300	0.9332	0.6130	-0.0007	508.0000	508.2197	1.0285	11.0813	99.9991	39.3159	0.8230	0.8211	5.0000	-9999.0000	-9999.0000	-9999.0000	-9999.0000	-9999.0000	-9999.0000	17.6016	7	0	27.0239	1.0000	12	2	-9999.0000	28720	57340	-9999	171	163	-9999	305.9795	5	0.6017	0.6130	-0.0007	52.2723	1.1249	472.8204	308.4027	37.9167	463.1373	95.4861	468.5347	94.7917	472.3439	94.8380	476.3448	94.9537	
24/08/2017	00:21:07	019001	G523097913HLR	L523	S		440.9103	1.0311	3.1189	99.9920	39.9295	0.8230	0.8267	5.0000	17.2118	508.0419	94.9306	14.7821	24.0000	0.9300	0.9332	0.6168	-0.0009	508.0000	509.6848	1.0285	11.2637	99.8998	39.3500	0.8230	0.8211	5.0000	-9999.0000	-9999.0000	-9999.0000	-9999.0000	-9999.0000	-9999.0000	17.7728	8	0	25.5928	1.0000	12	2	-9999.0000	28721	57341	-9999	172	164	-9999	306.4067	5	0.6018	0.6168	-0.0009	44.6046	1.5927	473.9341	320.5957	37.1296	462.1922	95.0694	469.8740	94.8148	473.3351	94.8843	477.4723	94.9306	
24/08/2017	00:21:35	019001	G523097876HLR	L523	S		437.0865	1.0311	3.3091	100.0785	39.8090	0.8230	0.8259	5.0000	17.3419	508.0209	94.8843	16.3819	24.0000	0.9300	0.9332	0.6133	-0.0007	508.0000	509.0861	1.0285	11.1891	100.0168	39.3500	0.8230	0.8211	5.0000	-9999.0000	-9999.0000	-9999.0000	-9999.0000	-9999.0000	-9999.0000	17.5724	1	0	27.7535	1.0000	12	2	-9999.0000	28722	57342	-9999	173	165	-9999	305.7300	5	0.6020	0.6133	-0.0007	45.4248	1.5619	469.9294	336.2337	37.0370	459.6181	95.0926	465.1722	94.8843	469.2147	94.9769	473.4761	94.9769	
24/08/2017	00:22:06	019001	G523097923HLR	L523	S		441.6514	1.0311	3.0820	100.0087	39.3750	0.8230	0.8258	5.0000	17.3322	508.0929	94.9537	14.4812	23.9000	0.9300	0.9330	0.6133	-0.0007	508.0000	508.6244	1.0285	11.1317	100.1018	39.3500	0.8230	0.8210	5.0000	-9999.0000	-9999.0000	-9999.0000	-9999.0000	-9999.0000	-9999.0000	17.8526	2	0	31.1931	1.0000	12	2	-9999.0000	28723	57343	-9999	174	166	-9999	306.4811	5	0.6020	0.6133	-0.0007	45.4248	1.5619	475.9086	337.4289	37.8704	468.7007	95.4630	471.6804	94.8611	475.4948	94.8843	478.6537	94.9769	
24/08/2017	00:22:36	019001	G523097890HLR	L523	S		438.9548	1.0311	3.2162	100.0342	39.6158	0.8230	0.8267	5.0000	17.1611	508.0435	94.9306	15.5409	24.0000	0.9300	0.9331	0.6115	-0.0006	508.0000	509.9114	1.0285	11.2919	99.9250	39.3500	0.8230	0.8211	5.0000	-9999.0000	-9999.0000	-9999.0000	-9999.0000	-9999.0000	-9999.0000	17.7122	3	0	30.1141	1.0000	12	2	-9999.0000	28724	57344	-9999	175	167	-9999	306.0673	5	0.6021	0.6115	-0.0006	50.9458	1.2189	475.2701	336.8691	39.3981	466.2317	95.2315	470.8915	94.9074	474.7211	94.9769	479.0723	94.9769	
24/08/2017	00:23:38	019001	G523097845HLR	L523	S		433.3771	1.0311	3.4937	99.9851	39.7130	0.8230	0.8258	5.0000	17.0616	508.0269	94.8843	16.2823	24.1000	0.9300	0.9335	0.6101	-0.0005	508.0000	507.1950	1.0285	10.9537	100.0455	39.1500	0.8230	0.8206	5.0000	-9999.0000	-9999.0000	-9999.0000	-9999.0000	-9999.0000	-9999.0000	17.8431	5	0	31.1932	1.0000	12	2	-9999.0000	28726	57345	-9999	177	168	-9999	305.7057	5	0.6021	0.6101	-0.0005	42.2196	1.7880	471.9574	310.2266	35.3241	457.6078	96.1111	467.8034	95.1157	471.3582	95.1389	475.2074	95.0000	
24/08/2017	00:24:07	019001	G523097918HLR	L523	S		431.7359	1.0311	3.5753	99.9944	39.3445	0.8230	0.8260	5.0000	17.2324	508.0373	94.9306	18.9730	24.0000	0.9300	0.9332	0.6092	-0.0005	508.0000	506.1628	1.0285	10.8252	100.0318	39.3000	0.8230	0.8214	5.0000	-9999.0000	-9999.0000	-9999.0000	-9999.0000	-9999.0000	-9999.0000	17.7326	6	0	28.9234	1.0000	12	2	-9999.0000	28727	57346	-9999	178	169	-9999	305.0423	5	0.6018	0.6092	-0.0005	45.5002	1.5704	465.6081	326.5115	36.9213	455.5525	96.0185	461.2920	95.0694	464.9498	95.0926	469.2487	94.9537	
24/08/2017	00:24:35	019001	G523097906HLR	L523	S		435.2762	1.0311	3.3992	100.0446	39.7014	0.8230	0.8268	5.0000	17.3819	508.0373	94.9074	18.6429	24.0000	0.9300	0.9331	0.6092	-0.0005	508.0000	507.9533	1.0285	11.0481	99.9811	39.4016	0.8230	0.8213	5.0000	-9999.0000	-9999.0000	-9999.0000	-9999.0000	-9999.0000	-9999.0000	17.6915	7	0	27.7143	1.0000	12	2	-9999.0000	28728	57347	-9999	179	170	-9999	305.0621	5	0.6018	0.6092	-0.0005	45.5002	1.5704	468.2970	324.7550	37.3380	456.0696	95.8565	464.0860	94.8380	467.6769	94.8611	471.4697	94.9306	
24/08/2017	00:25:06	019001	G523097916HLR	L523	S		431.5994	1.0311	3.5821	99.9499	39.9958	0.8230	0.8262	5.0000	17.1222	508.0313	94.9074	18.4221	23.9000	0.9300	0.9329	0.6101	-0.0005	508.0000	506.3284	1.0285	10.8459	100.0229	39.3244	0.8230	0.8209	5.0000	-9999.0000	-9999.0000	-9999.0000	-9999.0000	-9999.0000	-9999.0000	17.6819	8	0	31.7929	1.0000	12	2	-9999.0000	28729	57348	-9999	180	171	-9999	305.1129	5	0.6019	0.6101	-0.0005	37.5615	2.1090	467.4553	334.4511	37.9398	458.2982	95.6250	463.1260	94.8611	467.0567	94.8380	471.1912	94.9537	
24/08/2017	00:25:36	019001	G523097908HLR	L523	S		434.0720	1.0311	3.4591	100.0482	39.4367	0.8230	0.8257	5.0000	17.7024	508.0304	94.9537	19.6528	23.9000	0.9300	0.9330	0.6003	0.0001	508.0000	507.4602	1.0285	10.9867	99.9394	39.3000	0.8230	0.8210	5.0000	-9999.0000	-9999.0000	-9999.0000	-9999.0000	-9999.0000	-9999.0000	17.7923	1	0	29.9539	1.0000	12	2	-9999.0000	28730	57349	-9999	181	172	-9999	304.7076	5	0.6018	0.6003	0.0001	48.0690	1.4341	463.4448	319.2170	36.6435	452.9176	95.9954	460.1141	94.9306	462.9993	94.8843	467.3947	94.9769	
24/08/2017	00:26:07	019001	G523097888HLR	L523	S		436.9034	1.0311	3.3182	99.9953	39.5162	0.8230	0.8266	5.0000	17.1924	508.0305	94.8843	16.7921	23.9000	0.9300	0.9330	0.6024	-0.0001	508.0000	509.7644	1.0285	11.2736	100.0241	39.3425	0.8230	0.8211	5.0000	-9999.0000	-9999.0000	-9999.0000	-9999.0000	-9999.0000	-9999.0000	17.6525	2	0	30.7137	1.0000	12	2	-9999.0000	28731	57350	-9999	182	173	-9999	305.7988	5	0.6016	0.6024	-0.0001	56.6701	0.9160	480.5305	324.1213	36.7130	467.9787	95.8565	476.1582	94.9306	480.2886	94.8843	482.9788	94.9306	
24/08/2017	00:26:35	019001	G523097894HLR	L523	S		438.3470	1.0311	3.2464	100.0132	40.0248	0.8230	0.8265	5.0000	17.2014	508.0359	94.8843	16.1514	23.9000	0.9300	0.9330	0.6007	0.0001	508.0000	508.6598	1.0285	11.1361	100.0690	39.3000	0.8230	0.8211	5.0000	-9999.0000	-9999.0000	-9999.0000	-9999.0000	-9999.0000	-9999.0000	17.5920	3	0	27.7435	1.0000	12	2	-9999.0000	28732	57351	-9999	183	174	-9999	305.6546	5	0.6017	0.6007	0.0001	53.6473	1.1073	478.1723	323.1828	35.4398	465.1144	95.4630	474.0190	94.9537	477.5100	95.0000	481.3450	94.9537	
24/08/2017	00:27:07	019001	G523097875HLR	L523	S		433.2350	1.0311	3.5007	100.0134	39.6154	0.8230	0.8257	5.0000	17.0712	508.0348	94.9537	19.6323	23.9000	0.9300	0.9331	0.6027	-0.0001	508.0000	508.9428	1.0285	11.1713	99.9800	39.3000	0.8230	0.8210	5.0000	-9999.0000	-9999.0000	-9999.0000	-9999.0000	-9999.0000	-9999.0000	17.8419	4	0	31.7743	1.0000	12	2	-9999.0000	28733	57352	-9999	184	175	-9999	305.8376	5	0.6016	0.6027	-0.0001	54.3128	1.0435	473.5455	330.6152	39.0046	462.5758	95.3704	468.9614	94.9769	473.0816	95.0926	475.9006	95.0000	
24/08/2017	00:27:36	019001	G523097902HLR	L523	S		435.4502	1.0311	3.3905	100.0973	39.3425	0.8230	0.8262	5.0000	17.3722	508.0535	94.9074	18.4124	23.9000	0.9300	0.9330	0.6019	-0.0000	508.0000	507.4196	1.0285	10.9817	99.9564	39.3334	0.8230	0.8212	5.0000	-9999.0000	-9999.0000	-9999.0000	-9999.0000	-9999.0000	-9999.0000	17.6116	5	0	29.6835	1.0000	12	2	-9999.0000	28734	57353	-9999	185	176	-9999	305.6027	5	0.6013	0.6019	-0.0000	53.6382	1.0845	473.4530	343.2511	39.9306	462.2082	95.2083	469.3582	95.0463	472.7180	95.0231	476.0364	94.9306	
24/08/2017	00:28:06	019001	G523097898HLR	L523	S		435.9277	1.0311	3.3668	99.9591	39.9281	0.8230	0.8270	5.0000	17.4620	508.0655	94.9306	18.5628	23.9000	0.9300	0.9331	0.6019	-0.0000	508.0000	508.3463	1.0285	11.0970	100.0655	39.3500	0.8230	0.8210	5.0000	-9999.0000	-9999.0000	-9999.0000	-9999.0000	-9999.0000	-9999.0000	17.7327	6	0	29.4936	1.0000	12	2	-9999.0000	28735	57354	-9999	186	177	-9999	305.5344	5	0.6013	0.6019	-0.0000	54.9943	1.0067	473.4154	319.7975	37.1528	462.1974	95.6944	469.5690	94.9306	472.8465	94.9769	476.4783	94.9537	
24/08/2017	00:28:36	019001	G523098653HLR	L523	S		435.0089	1.0311	3.4125	100.0311	39.7830	0.8230	0.8259	5.0000	17.2817	508.0372	94.9074	16.2520	23.9000	0.9300	0.9331	0.6029	-0.0001	508.0000	508.1320	1.0285	11.0704	100.0800	39.3000	0.8230	0.8210	5.0000	-9999.0000	-9999.0000	-9999.0000	-9999.0000	-9999.0000	-9999.0000	17.7329	7	0	30.1336	1.0000	09	2	-9999.0000	28736	57355	-9999	187	178	-9999	305.5204	5	0.6014	0.6029	-0.0001	53.0539	1.1194	476.0856	331.2796	37.1296	465.3697	95.6944	472.0559	94.8380	475.4918	94.8843	479.0445	94.9306	
24/08/2017	00:29:09	019001	G523098516HLR	L523	S		434.4720	1.0311	3.4392	99.9771	39.3325	0.8230	0.8260	5.0000	17.3019	508.0247	94.9306	19.6020	23.9000	0.9300	0.9332	0.6029	-0.0001	508.0000	509.2756	1.0285	11.2127	99.9731	39.3032	0.8230	0.8211	5.0000	-9999.0000	-9999.0000	-9999.0000	-9999.0000	-9999.0000	-9999.0000	17.7424	8	0	32.8840	1.0000	09	2	-9999.0000	28737	57356	-9999	188	179	-9999	305.4268	5	0.6013	0.6029	-0.0001	59.7564	0.7454	470.7221	330.9978	38.5880	460.1066	95.5324	467.0583	94.9769	470.2394	95.0231	473.7522	94.9769	
24/08/2017	00:29:39	019001	G523098519HLR	L523	S		435.6508	1.0311	3.3806	99.9828	39.7000	0.8230	0.8266	5.0000	19.0120	508.0393	94.9306	18.1721	23.9000	0.9300	0.9331	0.6023	-0.0001	508.0000	509.0670	1.0285	11.1868	100.0315	39.3492	0.8230	0.8211	5.0000	-9999.0000	-9999.0000	-9999.0000	-9999.0000	-9999.0000	-9999.0000	17.6223	1	0	30.6432	1.0000	09	2	-9999.0000	28738	57357	-9999	189	180	-9999	305.5059	5	0.6014	0.6023	-0.0001	61.7737	0.6294	471.8623	323.1790	36.7824	461.9212	95.9028	468.3901	95.0231	471.0467	95.0231	474.8769	94.9769	
24/08/2017	00:30:09	019001	G523098518HLR	L523	S		435.7727	1.0311	3.3745	99.8772	40.0210	0.8230	0.8262	5.0000	17.2823	508.0574	94.9074	17.3527	23.9000	0.9300	0.9332	0.6023	-0.0001	508.0000	506.7441	1.0285	10.8976	100.1293	39.3000	0.8230	0.8210	5.0000	-9999.0000	-9999.0000	-9999.0000	-9999.0000	-9999.0000	-9999.0000	17.7121	2	0	29.9343	1.0000	09	2	-9999.0000	28739	57358	-9999	190	181	-9999	305.6015	5	0.6012	0.6023	-0.0001	60.4367	0.7000	474.3355	330.8271	39.7454	463.5771	95.2546	469.9058	94.9074	473.6920	94.9537	477.2206	94.9769	
24/08/2017	00:30:38	019001	G523098476HLR	L523	S		434.4226	1.0311	3.4417	100.0115	39.4639	0.8230	0.8257	5.0000	17.1622	508.0532	94.9306	18.6722	23.9000	0.9300	0.9331	0.6030	-0.0001	508.0000	507.7964	1.0285	11.0286	99.9596	39.3000	0.8230	0.8211	5.0000	-9999.0000	-9999.0000	-9999.0000	-9999.0000	-9999.0000	-9999.0000	17.8226	3	0	28.4528	1.0000	09	2	-9999.0000	28740	57359	-9999	191	182	-9999	305.5598	5	0.6010	0.6030	-0.0001	59.9496	0.7264	473.0632	338.7551	36.7130	462.2052	95.8565	469.0653	94.9537	472.5474	94.9769	475.1129	94.9537	
24/08/2017	00:31:08	019001	G523098478HLR	L523	S		432.8071	1.0311	3.5220	100.0227	39.4184	0.8230	0.8266	5.0000	17.1222	508.0293	94.9537	20.7828	23.9000	0.9300	0.9332	0.6020	-0.0001	508.0000	508.6071	1.0285	11.1295	99.9959	39.3462	0.8230	0.8212	5.0000	-9999.0000	-9999.0000	-9999.0000	-9999.0000	-9999.0000	-9999.0000	17.7317	4	0	30.4342	1.0000	09	2	-9999.0000	28741	57360	-9999	192	183	-9999	305.0332	5	0.6009	0.6020	-0.0001	59.5916	0.7530	467.3014	329.9671	38.4491	457.6681	95.5093	464.0208	94.9074	466.7471	94.9306	470.6511	94.9769	
24/08/2017	00:31:38	019001	G523098481HLR	L523	S		437.0125	1.0311	3.3128	99.9400	40.0202	0.8230	0.8269	5.0000	17.1026	508.0452	94.9074	19.1029	23.9000	0.9300	0.9331	0.6033	-0.0001	508.0000	508.6999	1.0285	11.1411	99.9576	39.3440	0.8230	0.8211	5.0000	-9999.0000	-9999.0000	-9999.0000	-9999.0000	-9999.0000	-9999.0000	17.5920	5	0	29.7636	1.0000	09	2	-9999.0000	28742	57361	-9999	192	184	-9999	305.2715	5	0.6010	0.6033	-0.0001	58.2294	0.8106	472.8324	329.7715	36.4583	463.4600	95.9491	468.8969	94.9769	472.1769	94.9537	475.8782	94.9537	
24/08/2017	00:32:07	019001	G523098479HLR	L523	S		435.4379	1.0311	3.3911	100.0017	39.6471	0.8230	0.8257	5.0000	17.1826	508.0548	94.9306	17.7824	23.9000	0.9300	0.9331	0.6026	-0.0001	508.0000	507.1838	1.0285	10.9523	99.9410	39.3000	0.8230	0.8210	5.0000	-9999.0000	-9999.0000	-9999.0000	-9999.0000	-9999.0000	-9999.0000	17.8820	6	0	28.9330	1.0000	09	2	-9999.0000	28743	57362	-9999	193	185	-9999	305.3292	5	0.6011	0.6026	-0.0001	56.5077	0.9114	472.6789	318.1793	35.9028	462.1290	96.0880	468.1764	95.0694	472.2977	95.0694	475.1593	94.9537	
24/08/2017	00:32:35	019001	G523098486HLR	L523	S		435.9089	1.0311	3.3677	99.9611	39.3092	0.8230	0.8262	5.0000	17.9027	508.0324	94.9074	16.9620	23.9000	0.9300	0.9332	0.6070	-0.0003	508.0000	508.3892	1.0285	11.1024	100.0285	39.3000	0.8230	0.8211	5.0000	-9999.0000	-9999.0000	-9999.0000	-9999.0000	-9999.0000	-9999.0000	17.8017	7	0	28.5640	1.0000	09	2	-9999.0000	28744	57363	-9999	194	186	-9999	305.4342	5	0.6011	0.6070	-0.0003	51.6553	1.1655	476.0105	333.5012	38.6574	462.2384	95.4630	470.8148	95.0000	475.6058	95.0463	477.8717	95.0000	
24/08/2017	00:33:03	019001	G523098506HLR	L523	S		435.7197	1.0311	3.3771	100.0036	39.9104	0.8230	0.8269	5.0000	17.4719	508.0492	94.9074	18.3518	23.9000	0.9300	0.9332	0.6107	-0.0005	508.0000	509.1052	1.0285	11.1915	100.0757	39.3032	0.8230	0.8212	5.0000	-9999.0000	-9999.0000	-9999.0000	-9999.0000	-9999.0000	-9999.0000	17.5822	8	0	27.8227	1.0000	09	2	-9999.0000	28745	57364	-9999	195	187	-9999	305.4017	5	0.6010	0.6107	-0.0005	56.5415	0.8989	468.0138	332.6592	38.3102	459.3772	95.6019	464.1159	95.0463	467.6185	95.0926	471.2514	94.9769	
24/08/2017	00:33:32	019001	G523098500HLR	L523	S		436.0136	1.0311	3.3625	99.9541	39.8866	0.8230	0.8259	5.0000	17.5822	508.0494	94.9306	18.2219	23.9000	0.9300	0.9332	0.6122	-0.0006	508.0000	509.4459	1.0285	11.2339	100.0414	39.3479	0.8230	0.8211	5.0000	-9999.0000	-9999.0000	-9999.0000	-9999.0000	-9999.0000	-9999.0000	17.6818	1	0	29.1334	1.0000	09	2	-9999.0000	28746	57365	-9999	196	188	-9999	305.4835	5	0.6011	0.6122	-0.0006	56.0942	0.9077	466.6968	320.0732	35.8333	456.8055	96.1111	463.4968	94.8843	466.7118	94.9306	470.5504	94.9537	
24/08/2017	00:34:00	019001	G523098513HLR	L523	S		436.0783	1.0311	3.3593	99.9676	39.3457	0.8230	0.8258	5.0000	17.1720	508.0577	94.8843	16.7823	23.9000	0.9300	0.9332	0.6091	-0.0005	508.0000	508.2845	1.0285	11.0894	99.9788	39.3128	0.8230	0.8211	5.0000	-9999.0000	-9999.0000	-9999.0000	-9999.0000	-9999.0000	-9999.0000	17.5922	2	0	27.8042	1.0000	09	2	-9999.0000	28747	57366	-9999	197	189	-9999	305.9663	5	0.6010	0.6091	-0.0005	59.7882	0.7204	470.8029	315.2480	37.8009	457.3013	95.6250	466.1685	95.1852	469.9503	95.2315	473.8434	94.9537	
24/08/2017	00:34:27	019001	G523098491HLR	L523	S		437.4803	1.0311	3.2895	100.0139	39.6086	0.8230	0.8267	5.0000	17.1222	508.0212	94.8843	17.0822	24.0000	0.9300	0.9333	0.6070	-0.0004	508.0000	509.1142	1.0285	11.1926	100.0062	39.3240	0.8230	0.8211	5.0000	-9999.0000	-9999.0000	-9999.0000	-9999.0000	-9999.0000	-9999.0000	17.6416	3	0	27.1928	1.0000	09	2	-9999.0000	28748	57367	-9999	198	189	-9999	305.5666	5	0.6008	0.6070	-0.0004	54.3927	1.0226	470.2055	332.2609	38.5648	461.2657	95.3704	466.9149	94.9306	469.8415	94.9074	473.8290	94.9769	
24/08/2017	00:34:55	019001	G523098517HLR	L523	S		436.5792	1.0311	3.3344	100.0111	39.9870	0.8230	0.8264	5.0000	17.3831	508.0519	94.9074	15.7021	24.0000	0.9300	0.9333	0.6105	-0.0005	508.0000	507.0006	1.0285	10.9295	99.8769	39.3048	0.8230	0.8211	5.0000	-9999.0000	-9999.0000	-9999.0000	-9999.0000	-9999.0000	-9999.0000	17.6719	4	0	27.8734	1.0000	09	2	-9999.0000	28749	57368	-9999	199	190	-9999	305.5758	5	0.6007	0.6105	-0.0005	53.0013	1.1020	474.0441	332.0181	39.9769	463.6971	95.1389	469.1954	95.0463	473.4748	95.0463	476.9492	94.9769	
24/08/2017	00:35:23	019001	G523098505HLR	L523	S		434.5425	1.0311	3.4357	99.9767	39.5672	0.8230	0.8257	5.0000	17.2726	508.0251	94.9074	17.6320	24.0000	0.9300	0.9333	0.6113	-0.0006	508.0000	506.1286	1.0285	10.8210	100.0333	39.3500	0.8230	0.8212	5.0000	-9999.0000	-9999.0000	-9999.0000	-9999.0000	-9999.0000	-9999.0000	17.5518	5	0	27.9536	1.0000	09	2	-9999.0000	28750	57369	-9999	200	191	-9999	305.3936	5	0.6009	0.6113	-0.0006	56.9044	0.8998	468.3888	323.3296	35.9491	457.2292	96.0417	463.6178	95.0694	467.8015	95.1157	471.7666	94.9537	
24/08/2017	00:35:51	019001	G523098483HLR	L523	S		438.7050	1.0311	3.2286	100.0251	39.3520	0.8230	0.8262	5.0000	17.5519	508.0484	94.8843	15.6816	24.0000	0.9300	0.9332	0.6093	-0.0005	508.0000	508.6462	1.0285	11.1344	100.0584	39.3500	0.8230	0.8211	5.0000	-9999.0000	-9999.0000	-9999.0000	-9999.0000	-9999.0000	-9999.0000	17.8030	6	0	27.9039	1.0000	09	2	-9999.0000	28751	57370	-9999	201	192	-9999	306.0515	5	0.6009	0.6093	-0.0005	55.9657	0.9288	472.8428	312.8492	36.0880	460.1315	95.8333	468.4066	94.9306	472.3157	94.9306	475.8659	94.9537	
24/08/2017	00:36:19	019001	G523098504HLR	L523	S		436.7784	1.0311	3.3245	100.0207	39.9106	0.8230	0.8268	5.0000	17.3222	508.0385	94.8843	15.7021	23.9000	0.9300	0.9331	0.6099	-0.0005	508.0000	506.0072	1.0285	10.8059	100.0417	39.3063	0.8230	0.8211	5.0000	-9999.0000	-9999.0000	-9999.0000	-9999.0000	-9999.0000	-9999.0000	17.5928	7	0	28.1927	1.0000	09	2	-9999.0000	28752	57371	-9999	202	193	-9999	305.8903	5	0.6009	0.6099	-0.0005	54.8891	1.0021	473.6422	313.3048	35.9954	462.3670	95.8333	469.0850	94.8611	473.1585	94.9537	476.6820	94.9769	
24/08/2017	00:36:47	019001	G523099520HLR	L523	S		441.0145	1.0311	3.1137	99.9687	39.8770	0.8230	0.8260	5.0000	17.1525	508.0270	94.8611	15.7422	24.0000	0.9300	0.9332	0.6113	-0.0006	508.0000	510.5000	1.0285	11.3651	100.0118	39.3353	0.8230	0.8211	5.0000	-9999.0000	-9999.0000	-9999.0000	-9999.0000	-9999.0000	-9999.0000	17.8919	8	0	27.7632	1.0000	09	2	-9999.0000	28753	57372	-9999	203	194	-9999	305.8511	5	0.6010	0.6113	-0.0006	56.4143	0.9024	475.1505	330.1275	37.1991	464.9612	95.7176	471.0899	94.9306	474.6054	94.9769	478.2786	94.9537	
24/08/2017	00:37:16	019001	G523099507HLR	L523	S		438.5779	1.0311	3.2349	99.9576	39.3691	0.8230	0.8258	5.0000	17.2315	508.0376	94.8843	16.4522	24.0000	0.9300	0.9333	0.6124	-0.0007	508.0000	507.6918	1.0285	11.0156	99.9848	39.3500	0.8230	0.8211	5.0000	-9999.0000	-9999.0000	-9999.0000	-9999.0000	-9999.0000	-9999.0000	17.8312	1	0	29.3045	1.0000	09	2	-9999.0000	28754	57373	-9999	204	195	-9999	305.7711	5	0.6012	0.6124	-0.0007	59.4358	0.7175	471.9177	322.0995	35.3704	460.0702	95.4630	467.4237	94.9074	471.3169	94.9769	474.9972	94.9537	
24/08/2017	00:37:46	019001	G523099509HLR	L523	S		432.2379	1.0311	3.5504	99.9843	39.5377	0.8230	0.8267	5.0000	17.2023	508.0485	94.8843	15.7519	24.0000	0.9300	0.9332	0.6176	-0.0009	508.0000	507.0555	1.0285	10.9364	100.0197	39.3500	0.8230	0.8211	5.0000	-9999.0000	-9999.0000	-9999.0000	-9999.0000	-9999.0000	-9999.0000	17.6721	2	0	29.8434	1.0000	09	2	-9999.0000	28755	57374	-9999	204	196	-9999	305.9635	5	0.6017	0.6176	-0.0009	51.2994	1.1960	473.5669	320.2460	36.0648	456.5884	95.9722	469.0305	94.9074	472.8462	94.9306	475.9731	94.9306	
24/08/2017	00:38:15	019001	G523099482HLR	L523	Q		437.4827	1.0311	3.2894	100.0736	40.0196	0.8230	0.8266	5.0000	17.3018	508.0523	94.9074	16.6426	24.0000	0.9300	0.9332	0.6182	-0.0010	508.0000	509.2436	1.0285	11.2087	99.8949	39.3500	0.8230	0.8210	5.0000	-9999.0000	-9999.0000	-9999.0000	-9999.0000	-9999.0000	-9999.0000	17.8724	3	0	29.1032	1.0000	09	2	-9999.0000	28756	57375	-9999	205	197	-9999	305.8251	5	0.6014	0.6182	-0.0010	48.8125	1.3452	467.2084	325.7109	38.1713	456.4518	95.6019	462.1222	95.1389	466.6883	95.1852	471.1054	94.9537	
24/08/2017	00:38:45	019001	G523099484HLR	L523	Q		439.6772	1.0311	3.1802	100.0117	39.6599	0.8230	0.8257	5.0000	17.3223	508.0621	94.9074	15.5517	24.0000	0.9300	0.9332	0.6182	-0.0010	508.0000	506.7257	1.0285	10.8953	100.0567	39.3327	0.8230	0.8211	5.0000	-9999.0000	-9999.0000	-9999.0000	-9999.0000	-9999.0000	-9999.0000	17.6924	4	0	30.0338	1.0000	09	2	-9999.0000	28757	57376	-9999	206	198	-9999	306.2173	5	0.6014	0.6182	-0.0010	48.8125	1.3452	470.5910	315.5567	38.9120	455.2083	95.3241	465.8235	94.8380	469.9522	94.8611	473.5093	94.9537	
24/08/2017	00:39:14	019001	G523099488HLR	L523	S		436.4343	1.0311	3.3416	100.0029	39.3485	0.8230	0.8261	5.0000	17.1212	508.0614	94.9074	17.7024	24.0000	0.9300	0.9333	0.6138	-0.0007	508.0000	509.0826	1.0285	11.1887	99.9768	39.3435	0.8230	0.8211	5.0000	-9999.0000	-9999.0000	-9999.0000	-9999.0000	-9999.0000	-9999.0000	17.6819	5	0	28.8433	1.0000	09	2	-9999.0000	28758	57377	-9999	207	199	-9999	305.2341	5	0.6019	0.6138	-0.0007	48.5391	1.3456	465.5468	313.6625	38.6111	451.1567	95.5093	461.0000	95.0000	465.4006	95.0463	468.9496	95.0000	
24/08/2017	00:39:45	019001	G523099493HLR	L523	S		436.8364	1.0311	3.3216	100.0202	39.8158	0.8230	0.8268	5.0000	17.2315	508.0501	94.9074	17.6623	24.0000	0.9300	0.9332	0.6071	-0.0003	508.0000	507.1239	1.0285	10.9449	100.0036	39.3479	0.8230	0.8211	5.0000	-9999.0000	-9999.0000	-9999.0000	-9999.0000	-9999.0000	-9999.0000	17.8820	6	0	30.4639	1.0000	09	2	-9999.0000	28759	57378	-9999	208	200	-9999	305.4089	5	0.6020	0.6071	-0.0003	50.5975	1.2227	467.1859	318.8453	35.6944	453.9305	96.0880	463.4944	94.9769	466.6168	95.0000	470.3351	94.9769	
24/08/2017	00:40:10	019001	G523099498HLR	L523	S		435.7325	1.0311	3.3765	100.0215	39.9407	0.8230	0.8261	5.0000	17.3918	508.0409	94.9074	17.6222	24.0000	0.9300	0.9331	0.6126	-0.0006	508.0000	508.5455	1.0285	11.1218	100.0011	39.3461	0.8230	0.8211	5.0000	-9999.0000	-9999.0000	-9999.0000	-9999.0000	-9999.0000	-9999.0000	17.8126	7	0	24.9930	1.0000	09	2	-9999.0000	28760	57379	-9999	209	201	-9999	305.6680	5	0.6022	0.6126	-0.0006	47.3446	1.4001	472.3772	324.4822	36.7361	461.8321	95.8333	468.4804	94.8611	471.9766	94.9074	475.4740	94.9769	
24/08/2017	00:40:39	019001	G523099635HLR	L523	S		435.8487	1.0311	3.3707	99.9445	39.3778	0.8230	0.8258	5.0000	17.2617	508.0353	94.9074	17.8820	23.9000	0.9300	0.9330	0.6165	-0.0009	508.0000	509.0637	1.0285	11.1864	100.0314	39.3500	0.8230	0.8211	5.0000	-9999.0000	-9999.0000	-9999.0000	-9999.0000	-9999.0000	-9999.0000	17.6026	8	0	29.0231	1.0000	09	2	-9999.0000	28761	57380	-9999	210	201	-9999	305.4459	5	0.6022	0.6165	-0.0009	45.8926	1.4894	466.9059	327.2183	37.0370	456.0275	95.8796	461.5621	94.8611	466.3904	95.0000	470.0197	94.9769	
24/08/2017	00:41:07	019001	G523099634HLR	L523	S		430.2303	1.0311	3.6502	99.9521	39.5377	0.8230	0.8267	5.0000	17.0715	508.0484	94.9074	17.3214	23.9000	0.9300	0.9330	0.6123	-0.0006	508.0000	506.2033	1.0285	10.8303	99.9921	39.3159	0.8230	0.8212	5.0000	-9999.0000	-9999.0000	-9999.0000	-9999.0000	-9999.0000	-9999.0000	17.4728	1	0	28.6541	1.0000	09	2	-9999.0000	28762	57381	-9999	211	202	-9999	305.4982	5	0.6021	0.6123	-0.0006	49.8475	1.2345	466.0069	332.2645	38.1713	456.3413	95.6944	461.3045	95.0463	465.3213	95.0694	468.9063	94.9769	
24/08/2017	00:41:36	019001	G523099663HLR	L523	S		434.9671	1.0311	3.4146	100.0008	40.0313	0.8230	0.8265	5.0000	17.2423	508.0611	94.9074	18.3128	23.9000	0.9300	0.9331	0.6183	-0.0010	508.0000	508.2704	1.0285	11.0876	100.0312	39.3500	0.8230	0.8211	5.0000	-9999.0000	-9999.0000	-9999.0000	-9999.0000	-9999.0000	-9999.0000	17.8030	2	0	28.9632	1.0000	09	2	-9999.0000	28763	57382	-9999	212	203	-9999	305.4073	5	0.6019	0.6183	-0.0010	43.5850	1.6205	466.8065	329.9794	39.2130	457.0371	95.4167	462.3353	94.9769	466.3270	95.0231	470.3426	95.0000	
24/08/2017	00:42:34	019001	G523099514HLR	L523	S		436.5280	1.0311	3.3369	100.0233	39.3519	0.8230	0.8263	5.0000	17.3222	508.0510	94.8843	16.8819	24.1000	0.9300	0.9335	0.6160	-0.0008	508.0000	506.6775	1.0285	10.8893	100.0749	39.1551	0.8230	0.8206	5.0000	-9999.0000	-9999.0000	-9999.0000	-9999.0000	-9999.0000	-9999.0000	17.9425	4	0	28.5835	1.0000	09	2	-9999.0000	28765	57383	-9999	214	204	-9999	305.7899	5	0.6016	0.6160	-0.0008	36.8605	2.0318	459.0557	314.5356	37.3611	449.2867	95.6713	454.8065	95.0000	458.4532	95.0000	463.4917	94.9769	
24/08/2017	00:43:05	019001	G523099505HLR	L523	S		437.3363	1.0311	3.2967	100.0044	39.8146	0.8230	0.8269	5.0000	17.2022	508.0447	94.8843	17.1417	23.9000	0.9300	0.9332	0.6223	-0.0012	508.0000	507.6939	1.0285	11.0158	99.9801	39.2658	0.8230	0.8214	5.0000	-9999.0000	-9999.0000	-9999.0000	-9999.0000	-9999.0000	-9999.0000	17.7718	5	0	30.5644	1.0000	09	2	-9999.0000	28766	57384	-9999	215	205	-9999	305.5871	5	0.6018	0.6223	-0.0012	33.2685	2.2196	468.9302	327.4397	39.2130	456.7859	95.5324	462.9433	95.3009	468.3694	95.3241	472.0440	94.9537	
24/08/2017	00:43:35	019001	G523099662HLR	L523	S		437.0710	1.0311	3.3099	99.9589	39.9816	0.8230	0.8261	5.0000	17.2423	508.0300	94.8843	16.8126	23.9000	0.9300	0.9331	0.6223	-0.0012	508.0000	507.5027	1.0285	10.9920	99.8989	39.4000	0.8230	0.8214	5.0000	-9999.0000	-9999.0000	-9999.0000	-9999.0000	-9999.0000	-9999.0000	17.6819	6	0	30.5037	1.0000	09	2	-9999.0000	28767	57385	-9999	216	206	-9999	305.9094	5	0.6018	0.6223	-0.0012	33.2685	2.2196	464.5598	322.7608	36.1111	449.9906	96.0417	459.4694	95.1620	463.8381	95.2315	468.1368	95.0000	
24/08/2017	00:44:03	019001	G523099659HLR	L523	S		434.8272	1.0311	3.4215	99.9762	39.4114	0.8230	0.8257	5.0000	17.0724	508.0683	94.9074	17.9319	23.9000	0.9300	0.9331	0.6236	-0.0013	508.0000	507.6686	1.0285	11.0127	99.9865	39.3500	0.8230	0.8210	5.0000	-9999.0000	-9999.0000	-9999.0000	-9999.0000	-9999.0000	-9999.0000	17.6126	7	0	28.1128	1.0000	09	2	-9999.0000	28768	57386	-9999	217	206	-9999	305.2933	5	0.6019	0.6236	-0.0013	34.6414	2.1436	461.3706	317.6533	36.0648	448.8285	96.0648	457.3109	94.9769	460.9242	95.0000	465.5344	94.9769	
24/08/2017	00:44:35	019001	G523099654HLR	L523	S		437.2526	1.0311	3.3009	99.9758	39.4537	0.8230	0.8266	5.0000	17.1524	508.0529	94.8843	16.4229	23.9000	0.9300	0.9331	0.6251	-0.0014	508.0000	507.2690	1.0285	10.9629	100.0887	39.2923	0.8230	0.8210	5.0000	-9999.0000	-9999.0000	-9999.0000	-9999.0000	-9999.0000	-9999.0000	17.8126	8	0	31.0944	1.0000	09	2	-9999.0000	28769	57387	-9999	218	207	-9999	306.2912	5	0.6017	0.6251	-0.0014	33.1102	2.2119	463.7222	320.4638	38.7963	448.2019	95.4167	457.6893	94.9074	463.0152	94.9074	467.4563	94.9306	
24/08/2017	00:45:03	019001	G523099655HLR	L523	S		435.3279	1.0311	3.3966	100.0628	40.0311	0.8230	0.8269	5.0000	17.3421	508.0350	94.9306	19.0824	23.9000	0.9300	0.9331	0.6294	-0.0016	508.0000	507.4040	1.0285	10.9797	100.0386	39.3000	0.8230	0.8212	5.0000	-9999.0000	-9999.0000	-9999.0000	-9999.0000	-9999.0000	-9999.0000	17.6927	1	0	28.4829	1.0000	09	2	-9999.0000	28770	57388	-9999	219	208	-9999	304.5081	5	0.6020	0.6294	-0.0016	29.9209	2.3896	458.1608	324.5498	39.3287	446.8529	95.3704	453.1299	94.9537	457.6044	95.0231	461.0487	94.9769	
24/08/2017	00:45:35	019001	G523099651HLR	L523	S		434.9259	1.0311	3.4166	100.0210	39.6914	0.8230	0.8258	5.0000	17.2814	508.0657	94.9074	18.3821	23.9000	0.9300	0.9331	0.6350	-0.0019	508.0000	506.7808	1.0285	10.9022	100.0271	39.3500	0.8230	0.8212	5.0000	-9999.0000	-9999.0000	-9999.0000	-9999.0000	-9999.0000	-9999.0000	17.5822	2	0	32.2238	1.0000	09	2	-9999.0000	28771	57389	-9999	220	209	-9999	305.0104	5	0.6017	0.6350	-0.0019	30.1315	2.3795	457.1793	309.4497	36.7593	443.3925	95.8565	451.8774	95.0694	456.5361	95.0694	459.9564	94.9769	
24/08/2017	00:46:05	019001	G523099502HLR	L523	S		438.7352	1.0311	3.2271	99.9561	39.3341	0.8230	0.8262	5.0000	17.1827	508.0619	94.8843	16.6026	23.9000	0.9300	0.9332	0.6321	-0.0017	508.0000	510.2024	1.0285	11.3281	100.0240	39.3032	0.8230	0.8211	5.0000	-9999.0000	-9999.0000	-9999.0000	-9999.0000	-9999.0000	-9999.0000	17.7024	3	0	29.4635	1.0000	09	2	-9999.0000	28772	57389	-9999	220	210	-9999	306.6321	5	0.6021	0.6321	-0.0017	35.6140	2.0655	457.4052	306.8738	35.7870	443.5386	95.9954	453.3667	94.8611	456.8238	94.8843	462.0355	94.9537	
24/08/2017	00:46:31	019001	G523099647HLR	L523	S		432.4701	1.0311	3.5388	99.9916	39.8682	0.8230	0.8269	5.0000	17.1828	508.0566	94.9074	18.9320	23.9000	0.9300	0.9332	0.6282	-0.0015	508.0000	506.9313	1.0285	10.9209	100.0568	39.3000	0.8230	0.8211	5.0000	-9999.0000	-9999.0000	-9999.0000	-9999.0000	-9999.0000	-9999.0000	17.7024	4	0	26.4836	1.0000	09	2	-9999.0000	28773	57390	-9999	221	211	-9999	304.6006	5	0.6019	0.6282	-0.0015	34.0800	2.1618	453.4530	309.0908	35.4630	440.3141	96.1574	448.7791	94.9537	452.8825	94.9537	456.3795	94.9537	
24/08/2017	00:47:00	019001	G523099641HLR	L523	S		436.8851	1.0311	3.3192	99.9275	39.8856	0.8230	0.8260	5.0000	17.2617	508.0572	94.9074	16.9523	23.9000	0.9300	0.9332	0.6257	-0.0013	508.0000	507.4424	1.0285	10.9845	100.0355	39.3000	0.8230	0.8211	5.0000	-9999.0000	-9999.0000	-9999.0000	-9999.0000	-9999.0000	-9999.0000	17.6926	5	0	28.4839	1.0000	09	2	-9999.0000	28774	57391	-9999	222	212	-9999	306.2865	5	0.6020	0.6257	-0.0013	50.2846	1.2091	461.7206	308.5377	37.1296	446.8253	95.7407	455.6569	94.9306	461.0797	94.9537	464.0553	94.9769	
24/08/2017	00:47:30	019001	G523099643HLR	L523	S		432.0464	1.0311	3.5599	100.0133	39.3236	0.8230	0.8258	5.0000	18.4322	508.0734	94.9537	20.0933	23.9000	0.9300	0.9333	0.6221	-0.0011	508.0000	506.1849	1.0285	10.8280	99.9419	39.3334	0.8230	0.8212	5.0000	-9999.0000	-9999.0000	-9999.0000	-9999.0000	-9999.0000	-9999.0000	17.7326	6	0	30.7138	1.0000	09	2	-9999.0000	28775	57392	-9999	223	213	-9999	304.2185	5	0.6021	0.6221	-0.0011	54.0683	0.9873	455.0512	309.2575	36.2731	442.0966	96.0648	450.2350	94.9074	454.3626	94.9769	458.0696	94.9769	
24/08/2017	00:48:02	019001	G523099633HLR	L523	S		436.6222	1.0311	3.3322	100.0005	39.6106	0.8230	0.8268	5.0000	17.2921	508.0525	94.9074	17.9514	23.9000	0.9300	0.9333	0.6209	-0.0011	508.0000	507.5789	1.0285	11.0015	100.0119	39.3500	0.8230	0.8211	5.0000	-9999.0000	-9999.0000	-9999.0000	-9999.0000	-9999.0000	-9999.0000	17.5423	7	0	31.5535	1.0000	09	2	-9999.0000	28776	57393	-9999	224	214	-9999	305.7028	5	0.6018	0.6209	-0.0011	49.6553	1.2487	463.3292	323.5819	36.9213	452.0673	95.7407	458.0613	94.9769	462.9075	94.9769	466.6862	94.9537	
24/08/2017	00:48:27	019001	G523099624HLR	L523	S		441.6120	1.0311	3.0840	99.9768	40.0395	0.8230	0.8263	5.0000	17.0617	508.0906	94.9537	14.3113	23.9000	0.9300	0.9332	0.6209	-0.0011	508.0000	510.7981	1.0285	11.4022	99.9678	39.3015	0.8230	0.8210	5.0000	-9999.0000	-9999.0000	-9999.0000	-9999.0000	-9999.0000	-9999.0000	17.5519	8	0	25.6232	1.0000	09	2	-9999.0000	28777	57394	-9999	225	215	-9999	307.7157	5	0.6018	0.6209	-0.0011	49.6553	1.2487	473.1072	323.2882	37.1528	462.1689	95.5093	468.0168	95.0694	472.5218	95.1157	476.9771	94.9769	
24/08/2017	00:48:57	019001	G523099630HLR	L523	S		436.5687	1.0311	3.3349	99.9267	39.4798	0.8230	0.8257	5.0000	17.2119	508.0349	94.9074	17.0216	23.9000	0.9300	0.9332	0.6146	-0.0007	508.0000	507.4165	1.0285	10.9813	100.0406	39.3000	0.8230	0.8211	5.0000	-9999.0000	-9999.0000	-9999.0000	-9999.0000	-9999.0000	-9999.0000	17.5118	1	0	29.8434	1.0000	09	2	-9999.0000	28778	57395	-9999	226	216	-9999	306.2337	5	0.6018	0.6146	-0.0007	53.1126	1.0402	465.2217	319.6815	37.1065	454.6830	95.7639	460.2482	94.9537	464.5779	95.0000	468.5886	94.9769	
24/08/2017	00:49:29	019001	G523099620HLR	L523	S		433.1081	1.0311	3.5071	100.0183	39.3323	0.8230	0.8263	5.0000	17.5529	508.0573	94.9306	18.6126	23.9000	0.9300	0.9333	0.6155	-0.0008	508.0000	508.1799	1.0285	11.0763	99.9308	39.3000	0.8230	0.8212	5.0000	-9999.0000	-9999.0000	-9999.0000	-9999.0000	-9999.0000	-9999.0000	17.8119	2	0	31.8037	1.0000	09	2	-9999.0000	28779	57396	-9999	227	217	-9999	305.5319	5	0.6019	0.6155	-0.0008	53.5687	1.0178	465.4294	326.0362	37.1991	455.6238	95.6481	460.2643	95.0926	464.7168	95.0926	468.1035	94.9537	
24/08/2017	00:49:58	019001	G523099619HLR	L523	S		434.6008	1.0311	3.4328	100.0030	39.9589	0.8230	0.8268	5.0000	17.4719	508.0413	94.9074	18.4925	23.9000	0.9300	0.9332	0.6095	-0.0004	508.0000	507.9583	1.0285	11.0487	99.9919	39.3500	0.8230	0.8212	5.0000	-9999.0000	-9999.0000	-9999.0000	-9999.0000	-9999.0000	-9999.0000	17.5920	3	0	28.5630	1.0000	09	2	-9999.0000	28780	57397	-9999	228	218	-9999	305.6038	5	0.6018	0.6095	-0.0004	56.3089	0.8721	464.5600	331.8456	38.3102	453.6935	95.3009	460.2519	94.9306	464.0963	94.9306	467.7975	94.9537	
24/08/2017	00:51:00	019001	G523099618HLR	L523	S		435.2042	1.0311	3.4028	100.0135	39.3280	0.8230	0.8259	5.0000	17.3917	508.0395	94.9074	18.3616	24.1000	0.9300	0.9338	0.6089	-0.0004	508.0000	507.1414	1.0285	10.9471	99.9538	39.1500	0.8230	0.8207	5.0000	-9999.0000	-9999.0000	-9999.0000	-9999.0000	-9999.0000	-9999.0000	17.7922	5	0	32.5138	1.0000	09	2	-9999.0000	28782	57398	-9999	230	219	-9999	305.7166	5	0.6018	0.6089	-0.0004	55.8620	0.9041	466.9145	312.9803	37.6620	456.0201	95.7407	463.9549	95.0231	466.3916	95.0463	469.6299	95.0000	
24/08/2017	00:51:33	019001	G523099802HLR	L523	S		435.1573	1.0311	3.4051	99.9688	39.6000	0.8230	0.8268	5.0000	17.1817	508.0328	94.9306	19.6420	23.9000	0.9300	0.9333	0.6078	-0.0003	508.0000	507.3181	1.0285	10.9691	100.0478	39.2596	0.8230	0.8215	5.0000	-9999.0000	-9999.0000	-9999.0000	-9999.0000	-9999.0000	-9999.0000	17.6426	6	0	32.6944	1.0000	09	2	-9999.0000	28783	57399	-9999	231	220	-9999	305.3779	5	0.6019	0.6078	-0.0003	54.0769	1.0190	467.7677	322.1276	36.5741	459.3453	95.3935	464.1126	95.1157	467.2118	95.1157	470.3333	94.9769	
24/08/2017	00:52:07	019001	G523099801HLR	L523	S		435.9603	1.0311	3.3652	99.9817	40.0545	0.8230	0.8265	5.0000	17.1320	508.0332	94.9074	17.0822	23.9000	0.9300	0.9331	0.6078	-0.0003	508.0000	506.6309	1.0285	10.8835	100.1400	39.4000	0.8230	0.8213	5.0000	-9999.0000	-9999.0000	-9999.0000	-9999.0000	-9999.0000	-9999.0000	17.7911	7	0	33.9639	1.0000	09	2	-9999.0000	28784	57400	-9999	232	221	-9999	305.9407	5	0.6019	0.6078	-0.0003	54.0769	1.0190	470.8241	319.5885	37.7778	463.1522	95.5787	467.4060	95.0231	470.4115	94.9769	474.0233	94.9769	
24/08/2017	00:52:38	019001	G523099797HLR	L523	S		436.4285	1.0311	3.3419	99.9724	39.5054	0.8230	0.8257	5.0000	17.2228	508.0428	94.9074	17.7727	23.9000	0.9300	0.9331	0.6075	-0.0003	508.0000	508.1852	1.0285	11.0770	100.1147	39.2983	0.8230	0.8209	5.0000	-9999.0000	-9999.0000	-9999.0000	-9999.0000	-9999.0000	-9999.0000	17.8919	8	0	30.9833	1.0000	09	2	-9999.0000	28785	57401	-9999	233	222	-9999	305.8292	5	0.6020	0.6075	-0.0003	54.0151	1.0231	471.2799	324.0372	36.8750	460.7697	95.7639	467.5175	94.9074	470.8236	94.9306	473.9491	94.9537	
24/08/2017	00:53:06	019001	G523099798HLR	L523	S		434.3482	1.0311	3.4454	100.0001	39.3493	0.8230	0.8264	5.0000	17.4122	508.0255	94.9537	20.8629	23.9000	0.9300	0.9330	0.6092	-0.0004	508.0000	508.7641	1.0285	11.1491	100.0601	39.2516	0.8230	0.8211	5.0000	-9999.0000	-9999.0000	-9999.0000	-9999.0000	-9999.0000	-9999.0000	17.7121	1	0	27.9938	1.0000	09	2	-9999.0000	28786	57402	-9999	234	222	-9999	305.3784	5	0.6021	0.6092	-0.0004	55.5310	0.9252	465.7641	319.3520	36.2963	452.8716	95.9722	462.3942	94.9769	465.1286	94.9769	468.9733	94.9769	
24/08/2017	00:53:38	019001	G523100125HLR	L523	S		434.1323	1.0311	3.4561	99.9932	40.0070	0.8230	0.8269	5.0000	17.1320	508.0385	94.9306	20.5132	23.9000	0.9300	0.9330	0.6174	-0.0008	508.0000	508.7346	1.0285	11.1454	99.9913	39.3000	0.8230	0.8212	5.0000	-9999.0000	-9999.0000	-9999.0000	-9999.0000	-9999.0000	-9999.0000	17.6721	2	0	32.5635	1.0000	09	2	-9999.0000	28787	57403	-9999	235	223	-9999	305.4655	5	0.6024	0.6174	-0.0008	56.4677	0.8563	465.4598	321.4982	39.4676	454.3968	95.2546	461.6675	94.9074	464.6866	94.8611	468.1153	94.9074	
24/08/2017	00:54:11	019001	G523100108HLR	L523	S		422.3068	1.0311	4.0444	99.9601	39.7627	0.8230	0.8259	5.0000	17.1319	508.0344	94.9537	22.4627	23.9000	0.9300	0.9330	0.6087	-0.0004	508.0000	503.3915	1.0285	10.4803	99.9244	39.3475	0.8230	0.8213	5.0000	-9999.0000	-9999.0000	-9999.0000	-9999.0000	-9999.0000	-9999.0000	17.4923	3	0	32.4844	1.0000	09	2	-9999.0000	28788	57404	-9999	236	224	-9999	304.3240	5	0.6022	0.6087	-0.0004	56.9786	0.8297	450.7826	322.9818	38.3102	443.9610	95.5556	447.1237	94.9537	450.1172	94.9537	454.8894	94.9769	
24/08/2017	00:54:45	019001	G523099617HLR	L523	S		433.9829	1.0311	3.4635	100.0330	39.3148	0.8230	0.8263	5.0000	17.1818	508.0415	94.9306	18.8421	23.9000	0.9300	0.9330	0.6099	-0.0004	508.0000	507.9513	1.0285	11.0479	99.9499	39.3000	0.8230	0.8210	5.0000	-9999.0000	-9999.0000	-9999.0000	-9999.0000	-9999.0000	-9999.0000	17.6321	4	0	33.6340	1.0000	09	2	-9999.0000	28789	57405	-9999	237	225	-9999	305.8532	5	0.6022	0.6099	-0.0004	57.8262	0.7726	467.9533	326.3647	38.5648	455.9398	95.3472	464.5217	94.8611	467.5482	94.8611	471.7038	94.9074	
24/08/2017	00:55:14	019001	G523100119HLR	L523	S		439.0401	1.0311	3.2119	99.9974	39.9279	0.8230	0.8269	5.0000	17.1223	508.0528	94.8843	16.4815	23.9000	0.9300	0.9331	0.6117	-0.0005	508.0000	507.7310	1.0285	11.0205	100.0362	39.2978	0.8230	0.8211	5.0000	-9999.0000	-9999.0000	-9999.0000	-9999.0000	-9999.0000	-9999.0000	17.8527	5	0	30.0035	1.0000	09	2	-9999.0000	28790	57406	-9999	238	226	-9999	306.3205	5	0.6020	0.6117	-0.0005	56.7572	0.8457	473.1314	317.1998	36.1111	461.0543	95.7407	468.2747	95.0000	472.5438	95.0000	476.1124	95.0231	
24/08/2017	00:55:44	019001	G523100097HLR	L523	S		433.6902	1.0311	3.4781	99.9967	39.7603	0.8230	0.8259	5.0000	17.2119	508.0578	94.9537	20.4419	23.9000	0.9300	0.9332	0.6169	-0.0008	508.0000	508.0578	1.0285	11.0611	99.9713	39.3000	0.8230	0.8211	5.0000	-9999.0000	-9999.0000	-9999.0000	-9999.0000	-9999.0000	-9999.0000	17.7727	6	0	30.1032	1.0000	09	2	-9999.0000	28791	57407	-9999	239	227	-9999	305.3348	5	0.6022	0.6169	-0.0008	54.5819	0.9570	463.5434	328.5159	39.3750	454.5016	95.3472	459.3038	95.0231	463.0680	95.1157	466.8173	95.0000	
24/08/2017	00:56:14	019001	G523100099HLR	L523	S		433.8269	1.0311	3.4713	100.0065	39.3176	0.8230	0.8260	5.0000	17.2521	508.0371	94.9537	20.9625	23.8000	0.9300	0.9330	0.6162	-0.0008	508.0000	508.3614	1.0285	11.0989	99.9958	39.3000	0.8230	0.8212	5.0000	-9999.0000	-9999.0000	-9999.0000	-9999.0000	-9999.0000	-9999.0000	17.6027	7	0	29.6345	1.0000	09	2	-9999.0000	28792	57408	-9999	240	228	-9999	304.9153	5	0.6020	0.6162	-0.0008	56.8425	0.8575	459.1276	323.2790	36.5972	450.7193	95.8102	454.9310	94.8843	458.5290	94.8611	462.6457	94.9769	
24/08/2017	00:56:45	019001	G523100096HLR	L523	S		430.7012	1.0311	3.6268	99.9463	39.8118	0.8230	0.8269	5.0000	17.1623	508.0298	94.9537	21.4323	23.8000	0.9300	0.9330	0.6155	-0.0007	508.0000	508.4653	1.0285	11.1119	99.9774	39.3393	0.8230	0.8212	5.0000	-9999.0000	-9999.0000	-9999.0000	-9999.0000	-9999.0000	-9999.0000	17.6116	8	0	30.9832	1.0000	09	2	-9999.0000	28793	57409	-9999	241	229	-9999	304.7699	5	0.6022	0.6155	-0.0007	45.3592	1.4578	457.8570	321.7896	38.1481	448.4191	95.6019	453.8446	95.0000	457.4145	94.9769	461.1505	94.9769	
24/08/2017	00:57:15	019001	G523100105HLR	L523	S		434.6440	1.0311	3.4306	100.0544	39.8226	0.8230	0.8260	5.0000	17.7024	508.0390	94.9306	18.5423	23.9000	0.9300	0.9330	0.6155	-0.0007	508.0000	507.2761	1.0285	10.9638	100.0311	39.3094	0.8230	0.8211	5.0000	-9999.0000	-9999.0000	-9999.0000	-9999.0000	-9999.0000	-9999.0000	17.7921	1	0	29.7136	1.0000	09	2	-9999.0000	28794	57410	-9999	242	230	-9999	305.9255	5	0.6022	0.6155	-0.0007	50.8841	1.1447	464.2801	310.9913	36.0880	452.7825	95.8796	459.9804	94.8148	463.8981	94.7917	467.3418	94.9306	
24/08/2017	00:57:46	019001	G523100095HLR	L523	S		437.0644	1.0311	3.3102	99.9821	39.3311	0.8230	0.8260	5.0000	17.0529	508.0362	94.9074	17.9914	23.9000	0.9300	0.9331	0.6160	-0.0007	508.0000	508.0954	1.0285	11.0658	100.0087	39.3000	0.8230	0.8211	5.0000	-9999.0000	-9999.0000	-9999.0000	-9999.0000	-9999.0000	-9999.0000	17.6319	2	0	31.3935	1.0000	09	2	-9999.0000	28795	57411	-9999	243	231	-9999	306.1783	5	0.6019	0.6160	-0.0007	51.4457	1.1129	466.5665	328.7979	37.5231	457.0897	95.5324	461.7132	94.9537	466.0422	94.9537	469.9932	95.0231	
24/08/2017	00:58:17	019001	G523100103HLR	L523	S		437.0930	1.0311	3.3088	100.0218	39.7160	0.8230	0.8269	5.0000	17.0919	508.0535	94.9074	18.0628	23.9000	0.9300	0.9331	0.6167	-0.0008	508.0000	507.9684	1.0285	11.0500	99.9463	39.3000	0.8230	0.8212	5.0000	-9999.0000	-9999.0000	-9999.0000	-9999.0000	-9999.0000	-9999.0000	17.6019	3	0	30.8943	1.0000	09	2	-9999.0000	28796	57412	-9999	244	232	-9999	306.1225	5	0.6016	0.6167	-0.0008	44.2287	1.5168	466.0028	332.0088	37.1528	457.2304	95.6713	461.7222	95.0000	465.5674	95.0463	469.0535	94.9769	
24/08/2017	00:58:49	019001	G523100130HLR	L523	S		435.0100	1.0311	3.4124	100.0381	39.9378	0.8230	0.8262	5.0000	17.5217	508.0371	94.9074	18.8324	23.9000	0.9300	0.9332	0.6161	-0.0008	508.0000	507.9991	1.0285	11.0538	100.0970	39.3295	0.8230	0.8211	5.0000	-9999.0000	-9999.0000	-9999.0000	-9999.0000	-9999.0000	-9999.0000	17.7316	4	0	31.6133	1.0000	09	2	-9999.0000	28797	57413	-9999	245	233	-9999	305.7458	5	0.6015	0.6161	-0.0008	43.4298	1.5561	463.4344	311.7028	38.6111	451.2576	95.4398	458.5548	94.9074	462.8243	94.9769	466.0367	95.0000	
24/08/2017	00:59:14	019001	G523100101HLR	L523	S		436.3426	1.0311	3.3461	99.9924	39.4014	0.8230	0.8258	5.0000	17.2815	508.0424	94.9074	18.2024	23.9000	0.9300	0.9331	0.6179	-0.0008	508.0000	508.4187	1.0285	11.1061	99.9646	39.3000	0.8230	0.8211	5.0000	-9999.0000	-9999.0000	-9999.0000	-9999.0000	-9999.0000	-9999.0000	17.8518	5	0	24.9237	1.0000	09	2	-9999.0000	28798	57414	-9999	246	234	-9999	305.9912	5	0.6016	0.6179	-0.0008	41.8272	1.6313	465.3728	314.0231	37.8704	451.6153	95.5556	460.9461	94.9306	464.5249	94.9769	468.9434	94.9769	
24/08/2017	00:59:45	019001	G523100120HLR	L523	S		433.5979	1.0311	3.4827	99.9415	39.5234	0.8230	0.8267	5.0000	17.2520	508.0483	94.9074	19.2123	23.9000	0.9300	0.9331	0.6179	-0.0008	508.0000	508.2795	1.0285	11.0887	100.0324	39.3000	0.8230	0.8211	5.0000	-9999.0000	-9999.0000	-9999.0000	-9999.0000	-9999.0000	-9999.0000	17.6818	6	0	31.4434	1.0000	09	2	-9999.0000	28799	57415	-9999	246	235	-9999	305.6830	5	0.6018	0.6179	-0.0008	39.8695	1.7384	461.6767	320.0656	38.6806	450.9388	95.4167	457.3586	94.8843	460.9623	94.9537	465.0188	94.9769	
24/08/2017	01:00:15	019001	G523100111HLR	L523	S		424.7535	1.0311	3.9227	99.9279	40.0212	0.8230	0.8266	5.0000	17.2013	508.0405	94.9306	19.4125	23.9000	0.9300	0.9332	0.6177	-0.0008	508.0000	510.3375	1.0285	11.3449	99.9251	39.3048	0.8230	0.8212	5.0000	-9999.0000	-9999.0000	-9999.0000	-9999.0000	-9999.0000	-9999.0000	17.7922	7	0	30.0133	1.0000	09	2	-9999.0000	28800	57416	-9999	247	236	-9999	305.5984	5	0.6020	0.6177	-0.0008	38.8394	1.8019	457.9312	309.8859	35.1157	446.2723	95.5787	453.5611	94.9306	457.2239	94.9769	461.9369	95.0000	
24/08/2017	01:00:47	019001	G523100122HLR	L523	S		434.8623	1.0311	3.4198	99.9526	39.5359	0.8230	0.8257	5.0000	17.3018	508.0376	94.9306	19.3022	23.9000	0.9300	0.9332	0.6172	-0.0008	508.0000	507.6221	1.0285	11.0069	100.0123	39.3548	0.8230	0.8211	5.0000	-9999.0000	-9999.0000	-9999.0000	-9999.0000	-9999.0000	-9999.0000	17.7922	8	0	32.0146	1.0000	09	2	-9999.0000	28801	57417	-9999	248	237	-9999	305.6402	5	0.6018	0.6172	-0.0008	43.1761	1.5666	461.3342	313.5196	37.7778	451.4398	95.7176	457.5203	94.9537	460.9359	95.0000	465.2759	95.0000	
24/08/2017	01:01:49	019001	G523100102HLR	L523	S		428.7176	1.0311	3.7255	100.0238	40.0232	0.8230	0.8268	5.0000	17.3418	508.0525	94.9074	19.2523	24.1000	0.9300	0.9337	0.6198	-0.0010	508.0000	508.6108	1.0285	11.1300	99.9044	39.1347	0.8230	0.8207	5.0000	-9999.0000	-9999.0000	-9999.0000	-9999.0000	-9999.0000	-9999.0000	17.8822	2	0	29.8834	1.0000	09	2	-9999.0000	28803	57417	-9999	250	238	-9999	305.6079	5	0.6013	0.6198	-0.0010	44.6704	1.4905	458.9991	281.9037	36.8287	448.6580	95.9491	454.7463	95.0463	458.3868	95.0926	463.8460	95.0000	
24/08/2017	01:02:18	019001	G523100091HLR	L523	S		434.6434	1.0311	3.4307	99.9946	39.7868	0.8230	0.8259	5.0000	17.2814	508.0418	94.9306	18.3724	24.0000	0.9300	0.9333	0.6198	-0.0010	508.0000	507.6468	1.0285	11.0100	100.0598	39.3000	0.8230	0.8215	5.0000	-9999.0000	-9999.0000	-9999.0000	-9999.0000	-9999.0000	-9999.0000	17.6624	3	0	29.6337	1.0000	09	2	-9999.0000	28804	57418	-9999	251	238	-9999	306.0172	5	0.6014	0.6198	-0.0010	42.9318	1.5824	463.2181	308.0283	37.3380	450.5498	95.8565	458.5478	95.1157	462.4992	95.1157	467.1049	95.0000	
24/08/2017	01:02:49	019001	G523099851HLR	L523	S		430.9923	1.0311	3.6123	99.9647	39.3242	0.8230	0.8260	5.0000	17.1115	508.0441	94.9306	19.9126	24.0000	0.9300	0.9333	0.6198	-0.0010	508.0000	510.6538	1.0285	11.3843	100.0742	39.4000	0.8230	0.8213	5.0000	-9999.0000	-9999.0000	-9999.0000	-9999.0000	-9999.0000	-9999.0000	17.7618	4	0	30.3032	1.0000	09	2	-9999.0000	28805	57419	-9999	251	239	-9999	305.2687	5	0.6014	0.6198	-0.0010	42.9318	1.5824	457.7202	305.9952	37.1991	444.2804	95.8565	452.8847	94.9306	457.5573	94.9769	461.0280	94.9769	
24/08/2017	01:03:14	019001	G523099852HLR	L523	S		428.6284	1.0311	3.7299	100.0399	39.7000	0.8230	0.8268	5.0000	18.0520	508.0273	94.9306	20.2720	24.0000	0.9300	0.9332	0.6194	-0.0009	508.0000	510.2395	1.0285	11.3327	100.0229	39.3000	0.8230	0.8210	5.0000	-9999.0000	-9999.0000	-9999.0000	-9999.0000	-9999.0000	-9999.0000	17.6125	5	0	24.9737	1.0000	09	2	-9999.0000	28806	57420	-9999	252	240	-9999	305.0812	5	0.6015	0.6194	-0.0009	36.9131	1.9098	456.1654	311.3471	38.2407	445.6876	95.6713	451.9071	94.9306	455.4293	94.9537	460.4177	94.9537	
24/08/2017	01:03:44	019001	G523099845HLR	L523	S		437.5469	1.0311	3.2862	99.9956	39.9647	0.8230	0.8262	5.0000	17.3213	508.0588	94.9074	17.6721	24.0000	0.9300	0.9331	0.6228	-0.0011	508.0000	508.3026	1.0285	11.0916	99.9923	39.2927	0.8230	0.8211	5.0000	-9999.0000	-9999.0000	-9999.0000	-9999.0000	-9999.0000	-9999.0000	17.8029	6	0	30.2136	1.0000	09	2	-9999.0000	28807	57421	-9999	253	241	-9999	306.3736	5	0.6018	0.6228	-0.0011	35.6837	1.9839	464.6880	307.8042	35.6250	453.6201	96.1574	460.9837	94.9306	464.3230	94.9306	468.1609	94.9769	
24/08/2017	01:04:13	019001	G523099833HLR	L523	S		434.4408	1.0311	3.4408	99.9253	39.3818	0.8230	0.8258	5.0000	17.0919	508.0524	94.9074	18.1419	24.0000	0.9300	0.9331	0.6382	-0.0020	508.0000	511.0417	1.0285	11.4326	99.8982	39.3000	0.8230	0.8213	5.0000	-9999.0000	-9999.0000	-9999.0000	-9999.0000	-9999.0000	-9999.0000	17.7121	7	0	29.6433	1.0000	09	2	-9999.0000	28808	57422	-9999	254	242	-9999	306.1910	5	0.6013	0.6382	-0.0020	-1.1026	3.9966	461.4861	314.1811	38.2639	448.2457	95.5787	456.3839	94.9537	460.9450	95.0000	464.8167	95.0000	
24/08/2017	01:04:43	019001	G523099848HLR	L523	S		433.3893	1.0311	3.4931	100.0181	39.5046	0.8230	0.8268	5.0000	17.8722	508.0582	94.9074	18.1028	23.9000	0.9300	0.9330	0.6440	-0.0023	508.0000	510.9790	1.0285	11.4248	100.0460	39.3500	0.8230	0.8212	5.0000	-9999.0000	-9999.0000	-9999.0000	-9999.0000	-9999.0000	-9999.0000	17.7023	8	0	29.7331	1.0000	09	2	-9999.0000	28809	57423	-9999	255	243	-9999	306.2875	5	0.6009	0.6440	-0.0023	-11.3733	4.5495	452.5032	303.9605	35.8565	438.9577	96.0880	447.2210	94.9769	451.8965	95.0463	456.8480	94.9769	
24/08/2017	01:05:11	019001	G523100094HLR	L523	S		417.1507	1.0311	4.3010	99.9560	40.0118	0.8230	0.8267	5.0000	17.2412	0.0000	0.0000	0.0000	0.0000	0.9300	0.0000	0.0000	0.0000	0.0000	416.9865	1.0285	-0.2755	100.0785	39.3000	0.8230	0.8212	5.0000	-9999.0000	-9999.0000	-9999.0000	-9999.0000	-9999.0000	-9999.0000	17.5021	1	7	27.6635	1.0000	09	2	-9999.0000	28810	0	-9999	256	244	-9999	0.0000	0	0.0000	0.0000	0.0000	0.0000	0.0000	0.0000	0.0000	0.0000	0.0000	0.0000	0.0000	0.0000	0.0000	0.0000	0.0000	0.0000	
24/08/2017	01:05:42	019001	G523099838HLR	L523	S		434.6991	1.0311	3.4279	99.9688	39.5884	0.8230	0.8257	5.0000	17.3321	508.0396	94.8843	18.0022	24.1000	0.9300	0.9336	0.6324	-0.0017	508.0000	507.3754	1.0285	10.9762	99.9800	39.3000	0.8230	0.8211	5.0000	-9999.0000	-9999.0000	-9999.0000	-9999.0000	-9999.0000	-9999.0000	17.7021	2	0	30.7643	1.0000	09	2	-9999.0000	28811	57424	-9999	257	245	-9999	306.3455	5	0.6006	0.6324	-0.0017	2.9998	3.8502	451.5866	300.6764	36.8981	440.6164	95.8565	447.2257	95.0231	451.0414	95.0231	455.9746	95.0231	
24/08/2017	01:06:11	019001	G523099829HLR	L523	S		433.9568	1.0311	3.4648	99.9636	39.2649	0.8230	0.8261	5.0000	17.5715	508.0562	94.9074	18.1614	23.9000	0.9300	0.9332	0.6251	-0.0013	508.0000	506.5510	1.0285	10.8736	99.9938	39.3000	0.8230	0.8212	5.0000	-9999.0000	-9999.0000	-9999.0000	-9999.0000	-9999.0000	-9999.0000	17.7120	3	0	29.3728	1.0000	09	2	-9999.0000	28812	57425	-9999	258	246	-9999	305.8901	5	0.6004	0.6251	-0.0013	14.8043	3.2788	454.9983	320.8387	38.7731	444.4347	95.6019	450.3528	95.0926	454.4195	95.0694	459.7606	95.0231	
24/08/2017	01:12:21	019001	G523099816HLR	L523	S		0.0000	0.0000	0.0000	0.0000	0.0000	0.8230	0.0000	0.0000	0.0000	0.0000	0.0000	0.0000	0.0000	0.9300	0.0000	0.0000	0.0000	0.0000	0.0000	0.0000	0.0000	0.0000	0.0000	0.8230	0.0000	0.0000	0.0000	0.0000	0.0000	0.0000	0.0000	0.0000	0.0000	0	42	29.3728	1.0000	09	2	0.0000	0	0	0	0	0	0	0.0000	0	0.0000	0.0000	0.0000	0.0000	0.0000	0.0000	0.0000	0.0000	0.0000	0.0000	0.0000	0.0000	0.0000	0.0000	0.0000	0.0000	
24/08/2017	01:12:40	019001	G523099830HLR	L523	S		437.2284	1.0311	3.3021	99.9965	39.9006	0.8230	0.8269	5.0000	17.0820	508.0398	94.8843	17.5920	23.9000	0.9300	0.9331	0.6251	-0.0013	508.0000	507.5178	1.0285	10.9939	99.9751	39.3452	0.8230	0.8212	5.0000	-9999.0000	-9999.0000	-9999.0000	-9999.0000	-9999.0000	-9999.0000	17.5021	4	0	389.5775	1.0000	09	2	-9999.0000	28813	57426	-9999	259	247	-9999	305.9571	5	0.6004	0.6251	-0.0013	14.8043	3.2788	460.9273	323.8306	37.5463	452.1232	95.7407	456.0561	95.0000	460.0989	95.0463	464.3739	95.0231	
24/08/2017	01:13:09	019001	G523099821HLR	L523	S		439.8527	1.0311	3.1715	100.0177	39.8976	0.8230	0.8259	5.0000	17.3625	508.0402	94.8843	16.1416	23.9000	0.9300	0.9331	0.6319	-0.0017	508.0000	511.4591	1.0285	11.4845	99.9031	39.3000	0.8230	0.8211	5.0000	-9999.0000	-9999.0000	-9999.0000	-9999.0000	-9999.0000	-9999.0000	17.7023	5	0	28.5738	1.0000	09	2	-9999.0000	28814	57427	-9999	260	248	-9999	306.9289	5	0.6006	0.6319	-0.0017	8.8501	3.6059	465.0377	324.2198	38.0556	454.8532	95.5556	459.8376	94.9537	464.6175	95.0231	468.5051	95.0000	
24/08/2017	01:13:40	019001	G523099808HLR	L523	S		435.2527	1.0311	3.4004	99.9773	39.3220	0.8230	0.8258	5.0000	17.3115	508.0572	94.9074	18.6224	24.0000	0.9300	0.9332	0.6338	-0.0017	508.0000	506.6376	1.0285	10.8844	99.9529	39.0000	0.8230	0.8213	5.0000	-9999.0000	-9999.0000	-9999.0000	-9999.0000	-9999.0000	-9999.0000	18.0532	6	0	30.7734	1.0000	09	2	-9999.0000	28815	57428	-9999	261	249	-9999	305.3676	5	0.6011	0.6338	-0.0017	-2.5689	4.1570	453.5645	315.2228	39.5602	444.1169	95.3704	448.6471	95.0926	453.0519	95.1620	457.4789	95.0231	
24/08/2017	01:14:12	019001	G523099811HLR	L523	S		436.5602	1.0311	3.3353	99.9687	39.5289	0.8230	0.8268	5.0000	17.1512	508.0504	94.8843	17.8430	24.0000	0.9300	0.9332	0.6364	-0.0019	508.0000	506.9034	1.0285	10.9174	99.8764	39.2247	0.8230	0.8220	5.0000	-9999.0000	-9999.0000	-9999.0000	-9999.0000	-9999.0000	-9999.0000	17.3116	7	0	31.8338	1.0000	09	2	-9999.0000	28816	57429	-9999	262	250	-9999	306.2382	5	0.6012	0.6364	-0.0019	-1.8604	4.1058	454.8922	312.9368	38.0324	447.7680	95.5556	450.4396	95.0231	454.4258	95.0231	458.9821	95.0000	
24/08/2017	01:14:42	019001	G523099818HLR	L523	S		434.5610	1.0311	3.4348	99.9912	40.0663	0.8230	0.8265	5.0000	17.2617	508.0679	94.9074	18.5521	24.0000	0.9300	0.9332	0.6220	-0.0011	508.0000	506.8539	1.0285	10.9113	99.9950	39.3000	0.8230	0.8214	5.0000	-9999.0000	-9999.0000	-9999.0000	-9999.0000	-9999.0000	-9999.0000	17.4915	8	0	29.9235	1.0000	09	2	-9999.0000	28817	57430	-9999	263	251	-9999	305.5030	5	0.6011	0.6220	-0.0011	21.6751	2.8948	451.9617	316.2785	40.1157	440.2976	95.1157	446.5308	95.0231	451.1888	95.0694	456.1115	95.0231	
24/08/2017	01:15:14	019001	G523099815HLR	L523	S		439.3058	1.0311	3.1987	99.9195	39.5721	0.8230	0.8257	5.0000	17.1515	508.0297	94.9306	17.0519	24.1000	0.9300	0.9337	0.6211	-0.0011	508.0000	508.1008	1.0285	11.0665	99.9862	39.1500	0.8230	0.8210	5.0000	-9999.0000	-9999.0000	-9999.0000	-9999.0000	-9999.0000	-9999.0000	17.6624	1	0	32.8040	1.0000	09	2	-9999.0000	28818	57431	-9999	263	252	-9999	306.1239	5	0.6011	0.6211	-0.0011	23.7916	2.7693	467.4215	303.4800	38.3102	457.4441	96.6204	461.1947	96.2963	465.9563	96.1343	468.8093	94.6528	
24/08/2017	01:15:47	019001	G523099824HLR	L523	S		434.7546	1.0311	3.4251	99.9393	39.1253	0.8230	0.8264	5.0000	17.0617	508.0449	94.9074	18.6927	24.0000	0.9300	0.9331	0.6165	-0.0008	508.0000	506.3374	1.0285	10.8470	99.9796	39.1531	0.8230	0.8213	5.0000	-9999.0000	-9999.0000	-9999.0000	-9999.0000	-9999.0000	-9999.0000	18.0217	2	0	32.3739	1.0000	09	2	-9999.0000	28819	57432	-9999	264	253	-9999	305.2104	5	0.6017	0.6165	-0.0008	25.3641	2.6587	460.5637	333.7369	41.0417	454.5051	95.1389	456.2993	94.9769	460.1943	94.9306	464.7247	94.9537	
24/08/2017	01:16:14	019001	G523099812HLR	L523	S		431.1581	1.0311	3.6041	99.9766	39.7000	0.8230	0.8272	5.0000	17.6623	508.0492	94.9306	20.3023	23.9000	0.9300	0.9329	0.6165	-0.0008	508.0000	506.7912	1.0285	10.9035	99.9247	39.2500	0.8230	0.8211	5.0000	-9999.0000	-9999.0000	-9999.0000	-9999.0000	-9999.0000	-9999.0000	19.0826	3	0	27.1840	1.0000	09	2	-9999.0000	28820	57433	-9999	265	254	-9999	304.8915	5	0.6022	0.6165	-0.0008	60.1427	0.6711	458.0891	338.3364	37.5694	451.6714	95.0000	453.3530	95.0231	457.6570	94.9769	461.7904	94.9769	
24/08/2017	01:16:42	019001	G523099814HLR	L523	S		434.7949	1.0311	3.4231	100.0113	39.8683	0.8230	0.8261	5.0000	17.6914	508.0452	94.9074	17.8420	23.9000	0.9300	0.9329	0.6165	-0.0008	508.0000	507.7964	1.0285	11.0286	99.9163	39.2500	0.8230	0.8212	5.0000	-9999.0000	-9999.0000	-9999.0000	-9999.0000	-9999.0000	-9999.0000	17.5216	4	0	27.6029	1.0000	09	2	-9999.0000	28821	57434	-9999	266	255	-9999	305.9127	5	0.6022	0.6165	-0.0008	51.1503	1.1726	464.4894	340.5665	37.5000	457.1312	94.7685	460.1664	94.7917	463.8725	94.7222	468.2367	94.8611	
24/08/2017	01:17:10	019001	G523099805HLR	L523	S		429.0296	1.0311	3.7100	99.9165	39.1542	0.8230	0.8259	5.0000	17.1426	508.0170	94.9537	21.3024	23.9000	0.9300	0.9330	0.6165	-0.0008	508.0000	506.2510	1.0285	10.8362	99.9778	39.2500	0.8230	0.8213	5.0000	-9999.0000	-9999.0000	-9999.0000	-9999.0000	-9999.0000	-9999.0000	17.6223	5	0	28.6539	1.0000	09	2	-9999.0000	28822	57434	-9999	267	256	-9999	304.4481	5	0.6025	0.6165	-0.0008	58.8623	0.6985	454.7914	342.4232	37.6389	449.8407	95.3241	450.7314	94.6528	454.2699	94.6065	458.6993	94.8843	
24/08/2017	01:17:40	019001	G523100854HLR	L523	S		432.3499	1.0311	3.5448	99.9511	39.5000	0.8230	0.8270	5.0000	17.3018	508.0424	94.9306	20.2828	23.9000	0.9300	0.9330	0.6064	-0.0002	508.0000	506.6606	1.0285	10.8872	100.0114	39.2500	0.8230	0.8213	5.0000	-9999.0000	-9999.0000	-9999.0000	-9999.0000	-9999.0000	-9999.0000	17.4428	6	0	30.1436	1.0000	09	2	-9999.0000	28823	57435	-9999	268	257	-9999	304.9025	5	0.6027	0.6064	-0.0002	45.6720	1.4312	457.7809	331.4948	37.3611	452.9847	94.6065	453.9426	94.6296	457.2153	94.5833	461.2096	94.9306	
24/08/2017	01:18:14	019001	G523100874HLR	L523	S		441.0897	1.0311	3.1100	99.9806	40.0216	0.8230	0.8264	5.0000	17.2618	508.0437	94.8843	15.6718	23.9000	0.9300	0.9328	0.6064	-0.0002	508.0000	508.5052	1.0285	11.1168	99.9984	39.2955	0.8230	0.8213	5.0000	-9999.0000	-9999.0000	-9999.0000	-9999.0000	-9999.0000	-9999.0000	17.5020	7	0	33.3836	1.0000	09	2	-9999.0000	28824	57436	-9999	269	258	-9999	306.5916	5	0.6026	0.6064	-0.0002	47.3989	1.3400	478.4218	335.3703	37.2454	466.0148	94.4213	474.5492	94.4676	478.5583	94.4213	480.6627	95.0231	
24/08/2017	01:18:39	019001	G523100863HLR	L523	S		424.4281	1.0311	3.9389	99.9396	39.2391	0.8230	0.8257	5.0000	17.5919	508.0447	94.8843	15.4921	23.9000	0.9300	0.9330	0.6095	-0.0004	508.0000	511.1713	1.0285	11.4487	99.9882	39.2500	0.8230	0.8211	5.0000	-9999.0000	-9999.0000	-9999.0000	-9999.0000	-9999.0000	-9999.0000	18.1321	8	0	25.7131	1.0000	09	2	-9999.0000	28825	57437	-9999	270	259	-9999	306.6128	5	0.6024	0.6095	-0.0004	47.3989	1.3400	478.6637	336.0475	38.7963	467.4318	94.8148	473.3962	94.8148	478.1769	94.8380	481.4845	94.9074	
24/08/2017	01:19:08	019001	G523100900HLR	L523	S		437.0165	1.0311	3.3126	99.9301	39.3000	0.8230	0.8268	5.0000	17.1816	508.0381	94.9074	17.1417	23.9000	0.9300	0.9331	0.6097	-0.0004	508.0000	509.7823	1.0285	11.2758	99.9439	39.2500	0.8230	0.8212	5.0000	-9999.0000	-9999.0000	-9999.0000	-9999.0000	-9999.0000	-9999.0000	17.5928	1	0	28.4537	1.0000	09	2	-9999.0000	28826	57438	-9999	270	260	-9999	306.4113	5	0.6022	0.6097	-0.0004	35.9812	1.9267	472.4975	339.0237	40.3935	463.3362	94.6065	467.6081	94.5602	471.9456	94.6065	475.7773	94.8611	
24/08/2017	01:19:34	019001	G523100893HLR	L523	S		435.0949	1.0311	3.4082	99.9046	40.0289	0.8230	0.8271	5.0000	17.1613	508.0273	94.9074	17.9621	23.9000	0.9300	0.9331	0.6074	-0.0003	508.0000	507.6729	1.0285	11.0132	100.0059	39.2548	0.8230	0.8213	5.0000	-9999.0000	-9999.0000	-9999.0000	-9999.0000	-9999.0000	-9999.0000	17.7121	2	0	26.4328	1.0000	09	2	-9999.0000	28827	57439	-9999	271	261	-9999	306.2393	5	0.6025	0.6074	-0.0003	39.6797	1.7411	468.7572	335.5233	38.9583	462.8136	94.8611	464.9659	94.5370	468.1548	94.5602	472.3355	94.9306	
24/08/2017	01:20:05	019001	G523100880HLR	L523	S		429.3241	1.0311	3.6953	99.9512	39.7581	0.8230	0.8259	5.0000	17.1016	508.0555	94.9769	21.7819	23.9000	0.9300	0.9331	0.6072	-0.0003	508.0000	509.1340	1.0285	11.1951	100.0601	39.3000	0.8230	0.8214	5.0000	-9999.0000	-9999.0000	-9999.0000	-9999.0000	-9999.0000	-9999.0000	17.5519	3	0	30.4744	1.0000	09	2	-9999.0000	28828	57440	-9999	272	262	-9999	305.6357	5	0.6022	0.6072	-0.0003	40.2240	1.7205	462.6653	332.0121	38.5880	456.9292	95.2546	458.5524	94.7917	462.4093	94.8148	465.5687	94.9074	
24/08/2017	01:20:35	019001	G523100897HLR	L523	S		444.2509	1.0311	2.9527	99.9877	39.1707	0.8230	0.8260	5.0000	17.1719	508.0487	94.9769	12.7418	23.9000	0.9300	0.9330	0.6072	-0.0003	508.0000	509.6069	1.0285	11.2540	99.9101	39.3000	0.8230	0.8212	5.0000	-9999.0000	-9999.0000	-9999.0000	-9999.0000	-9999.0000	-9999.0000	17.6614	4	0	30.4636	1.0000	09	2	-9999.0000	28829	57441	-9999	273	263	-9999	306.7780	5	0.6022	0.6072	-0.0003	40.2240	1.7205	482.6599	329.0661	36.7361	474.5734	94.6065	478.0953	94.4676	482.0955	94.4907	485.3901	95.0463	
24/08/2017	01:21:04	019001	G523100867HLR	L523	S		438.4037	1.0311	3.2436	99.9466	39.8000	0.8230	0.8271	5.0000	17.2423	508.0235	94.9074	16.9220	23.9000	0.9300	0.9331	0.6072	-0.0003	508.0000	508.2236	1.0285	11.0818	99.9995	39.3000	0.8230	0.8211	5.0000	-9999.0000	-9999.0000	-9999.0000	-9999.0000	-9999.0000	-9999.0000	17.7022	5	0	28.6129	1.0000	09	2	-9999.0000	28830	57442	-9999	274	264	-9999	306.2043	5	0.6020	0.6072	-0.0003	44.2373	1.5339	473.6280	327.9525	37.2454	466.5191	95.4630	469.3642	94.7917	473.0757	94.9074	477.7492	94.9306	
24/08/2017	01:21:30	019001	G523100872HLR	L523	S		442.5140	1.0311	3.0391	99.9934	39.9492	0.8230	0.8263	5.0000	17.1124	508.0409	94.9769	14.3015	23.9000	0.9300	0.9331	0.6072	-0.0003	508.0000	509.0654	1.0285	11.1866	99.9766	39.2564	0.8230	0.8211	5.0000	-9999.0000	-9999.0000	-9999.0000	-9999.0000	-9999.0000	-9999.0000	17.6321	6	0	26.5835	1.0000	09	2	-9999.0000	28831	57443	-9999	275	265	-9999	306.5536	5	0.6020	0.6072	-0.0003	44.2373	1.5339	478.1328	325.0568	37.6157	466.6906	95.3472	474.3567	94.6296	477.6355	94.6759	482.4682	94.9074	
24/08/2017	01:22:04	019001	G523100875HLR	L523	S		435.1716	1.0311	3.4044	99.9319	39.3483	0.8230	0.8257	5.0000	17.2022	508.0490	94.9306	18.9925	23.9000	0.9300	0.9333	0.6034	-0.0001	508.0000	509.4451	1.0285	11.2338	100.0862	39.2708	0.8230	0.8212	5.0000	-9999.0000	-9999.0000	-9999.0000	-9999.0000	-9999.0000	-9999.0000	17.8118	7	0	33.5645	1.0000	09	2	-9999.0000	28832	57444	-9999	276	266	-9999	305.8876	5	0.6017	0.6034	-0.0001	46.1067	1.4741	469.9056	333.7896	38.6111	459.6367	95.4861	466.9231	94.9306	469.2899	95.0463	472.9257	95.0000	
24/08/2017	01:22:33	019001	G523100855HLR	L523	S		434.1225	1.0311	3.4566	99.9714	39.3222	0.8230	0.8266	5.0000	17.1613	508.0581	94.8843	18.3118	23.9000	0.9300	0.9331	0.6038	-0.0001	508.0000	507.1211	1.0285	10.9445	99.8694	39.3000	0.8230	0.8213	5.0000	-9999.0000	-9999.0000	-9999.0000	-9999.0000	-9999.0000	-9999.0000	17.6819	8	0	29.4832	1.0000	09	2	-9999.0000	28833	57445	-9999	277	267	-9999	305.7407	5	0.6018	0.6038	-0.0001	45.1798	1.5195	470.9323	332.1033	39.3056	459.9587	95.2315	467.6106	94.7685	470.6086	94.7685	473.3118	94.9537	
24/08/2017	01:23:01	019001	G523100885HLR	L523	S		435.1165	1.0311	3.4071	99.9789	40.0285	0.8230	0.8269	5.0000	17.0723	508.0443	94.8843	17.1017	23.9000	0.9300	0.9332	0.6037	-0.0001	508.0000	506.6031	1.0285	10.8801	99.8674	39.3000	0.8230	0.8211	5.0000	-9999.0000	-9999.0000	-9999.0000	-9999.0000	-9999.0000	-9999.0000	17.8422	1	0	27.4436	1.0000	09	2	-9999.0000	28834	57446	-9999	278	268	-9999	305.8228	5	0.6017	0.6037	-0.0001	44.8160	1.5325	473.0758	325.6396	36.3426	467.0441	95.8102	470.6065	94.7917	472.3860	94.7685	477.4401	94.9769	
24/08/2017	01:23:30	019001	G523100858HLR	L523	S		441.5088	1.0311	3.0891	99.9988	39.6341	0.8230	0.8258	5.0000	17.1320	508.0577	94.9537	14.4324	23.9000	0.9300	0.9332	0.6037	-0.0001	508.0000	508.7116	1.0285	11.1425	100.0241	39.2500	0.8230	0.8212	5.0000	-9999.0000	-9999.0000	-9999.0000	-9999.0000	-9999.0000	-9999.0000	17.6721	2	0	29.4138	1.0000	09	2	-9999.0000	28835	57447	-9999	279	269	-9999	305.9471	5	0.6017	0.6037	-0.0001	44.8160	1.5325	480.0965	317.0303	36.6898	467.5174	95.7870	475.8492	94.8380	479.4233	94.9306	483.5932	95.0000	
24/08/2017	01:23:59	019001	G523100877HLR	L523	S		429.4442	1.0311	3.6893	99.9829	39.2128	0.8230	0.8262	5.0000	17.2911	508.0492	94.9306	21.7126	23.8000	0.9300	0.9332	0.6042	-0.0001	508.0000	507.8091	1.0285	11.0302	99.9443	39.3000	0.8230	0.8213	5.0000	-9999.0000	-9999.0000	-9999.0000	-9999.0000	-9999.0000	-9999.0000	17.6735	3	0	28.2730	1.0000	09	2	-9999.0000	28836	57448	-9999	280	270	-9999	305.3850	5	0.6018	0.6042	-0.0001	42.8736	1.6610	464.7700	323.2603	37.6620	451.6059	95.8796	461.5027	95.0000	464.1425	95.0926	467.2308	95.0231	
24/08/2017	01:24:26	019001	G523100869HLR	L523	S		437.7929	1.0311	3.2740	100.0129	39.7194	0.8230	0.8271	5.0000	17.2119	508.0393	94.9074	17.3713	23.9000	0.9300	0.9332	0.6038	-0.0001	508.0000	506.6227	1.0285	10.8825	100.0320	39.3000	0.8230	0.8213	5.0000	-9999.0000	-9999.0000	-9999.0000	-9999.0000	-9999.0000	-9999.0000	17.5521	4	0	27.7230	1.0000	09	2	-9999.0000	28837	57449	-9999	281	271	-9999	305.7353	5	0.6018	0.6038	-0.0001	43.8961	1.6128	468.8563	307.4337	37.1528	457.5554	95.7639	464.3314	94.8843	468.1887	94.8843	472.7346	94.9306	
24/08/2017	01:24:55	019001	G523100042HLR	L523	S		439.8506	1.0311	3.1716	100.0118	39.9583	0.8230	0.8261	5.0000	17.1417	508.0388	94.8843	15.9619	23.9000	0.9300	0.9332	0.6040	-0.0001	508.0000	506.7629	1.0285	10.8999	100.0462	39.3000	0.8230	0.8212	5.0000	-9999.0000	-9999.0000	-9999.0000	-9999.0000	-9999.0000	-9999.0000	17.7523	5	0	28.5835	1.0000	09	3	-9999.0000	28837	57449	-9999	282	272	-9999	305.8585	5	0.6020	0.6040	-0.0001	43.9306	1.6095	477.0476	322.9743	38.4722	466.2200	95.3935	472.4301	94.9537	476.5061	94.9769	479.7595	94.9769	
24/08/2017	01:25:25	019001	G523100050HLR	L523	S		436.5014	1.0311	3.3382	99.9863	39.2543	0.8230	0.8258	5.0000	17.3117	508.0401	94.8843	17.3224	23.9000	0.9300	0.9333	0.6042	-0.0001	508.0000	507.9942	1.0285	11.0532	99.9723	39.3000	0.8230	0.8211	5.0000	-9999.0000	-9999.0000	-9999.0000	-9999.0000	-9999.0000	-9999.0000	18.6722	6	0	30.2846	1.0000	09	3	-9999.0000	28838	57450	-9999	283	273	-9999	305.8422	5	0.6020	0.6042	-0.0001	44.7904	1.5477	474.4480	336.0200	36.9213	465.1831	95.6019	470.1838	94.9769	473.9107	95.0231	477.8137	94.9769	
24/08/2017	01:25:54	019001	G523100067HLR	L523	S		436.7444	1.0311	3.3261	99.9984	39.4086	0.8230	0.8268	5.0000	17.2614	508.0162	94.8611	16.7823	23.9000	0.9300	0.9331	0.6044	-0.0001	508.0000	506.3594	1.0285	10.8497	100.0455	39.3000	0.8230	0.8213	5.0000	-9999.0000	-9999.0000	-9999.0000	-9999.0000	-9999.0000	-9999.0000	17.5726	7	0	28.7627	1.0000	09	3	-9999.0000	28839	57451	-9999	284	274	-9999	305.8859	5	0.6020	0.6044	-0.0001	44.7849	1.5495	475.0273	332.8653	37.4306	466.2233	95.5093	471.4396	94.8843	474.4406	94.9769	477.3856	94.9769	
24/08/2017	01:26:24	019001	G523100074HLR	L523	S		439.5229	1.0311	3.1879	99.9580	40.0916	0.8230	0.8268	5.0000	17.0616	508.0374	94.8843	15.5917	23.9000	0.9300	0.9331	0.6034	-0.0001	508.0000	509.3337	1.0285	11.2200	99.9265	39.3000	0.8230	0.8211	5.0000	-9999.0000	-9999.0000	-9999.0000	-9999.0000	-9999.0000	-9999.0000	17.5822	8	0	30.1041	1.0000	09	3	-9999.0000	28840	57452	-9999	285	275	-9999	305.9914	5	0.6023	0.6034	-0.0001	45.4058	1.5095	480.4186	325.9909	37.0602	471.1880	95.5324	476.3127	94.9074	479.7317	94.9537	483.1709	94.9537	
24/08/2017	01:26:55	019001	G523100076HLR	L523	S		437.7857	1.0311	3.2743	100.0291	39.6206	0.8230	0.8257	5.0000	17.5724	508.0710	94.8843	17.0626	23.9000	0.9300	0.9332	0.6046	-0.0001	508.0000	506.9548	1.0285	10.9238	100.0182	39.3000	0.8230	0.8210	5.0000	-9999.0000	-9999.0000	-9999.0000	-9999.0000	-9999.0000	-9999.0000	18.8530	1	0	31.1337	1.0000	09	3	-9999.0000	28841	57453	-9999	286	275	-9999	306.0786	5	0.6024	0.6046	-0.0001	44.2080	1.5743	475.1336	334.2916	38.6111	467.7140	95.3472	470.3599	95.1852	474.6913	95.2315	478.3918	94.9769	
24/08/2017	01:27:24	019001	G523100065HLR	L523	S		434.7339	1.0311	3.4262	100.0088	39.2214	0.8230	0.8262	5.0000	17.3321	508.0306	94.9074	18.2024	23.9000	0.9300	0.9332	0.6051	-0.0001	508.0000	507.6314	1.0285	11.0081	100.0843	39.3000	0.8230	0.8213	5.0000	-9999.0000	-9999.0000	-9999.0000	-9999.0000	-9999.0000	-9999.0000	17.8419	2	0	28.6531	1.0000	09	3	-9999.0000	28842	57454	-9999	287	276	-9999	305.9819	5	0.6025	0.6051	-0.0001	44.1632	1.5767	471.8684	329.7868	37.5231	464.5262	95.5093	467.6886	94.9537	471.2720	94.9537	474.5190	94.9537	
24/08/2017	01:27:51	019001	G523100084HLR	L523	S		438.2158	1.0311	3.2529	99.9716	39.8108	0.8230	0.8271	5.0000	17.1222	508.0424	94.8843	17.2921	23.9000	0.9300	0.9332	0.6046	-0.0001	508.0000	508.1355	1.0285	11.0708	99.9958	39.3000	0.8230	0.8212	5.0000	-9999.0000	-9999.0000	-9999.0000	-9999.0000	-9999.0000	-9999.0000	17.5322	3	0	27.4037	1.0000	09	3	-9999.0000	28843	57455	-9999	288	277	-9999	306.1491	5	0.6024	0.6046	-0.0001	45.5418	1.5076	474.5019	335.2556	37.8009	465.9070	95.3704	469.6994	94.9537	474.0568	94.9306	476.5553	94.9537	
24/08/2017	01:28:24	019001	G523100126HLR	L523	S		435.1240	1.0311	3.4068	100.0187	39.9194	0.8230	0.8260	5.0000	17.6927	508.0346	94.8843	18.0022	23.8000	0.9300	0.9331	0.6012	0.0001	508.0000	507.4243	1.0285	10.9823	100.0645	39.3000	0.8230	0.8212	5.0000	-9999.0000	-9999.0000	-9999.0000	-9999.0000	-9999.0000	-9999.0000	17.7619	4	0	32.3837	1.0000	09	3	-9999.0000	28844	57456	-9999	289	278	-9999	306.0210	5	0.6027	0.6012	0.0001	43.3738	1.5910	471.9936	330.9542	39.8148	462.6108	95.1157	468.9350	94.8843	471.6771	94.9306	474.9529	94.9769	
24/08/2017	01:28:54	019001	G523100116HLR	L523	S		429.4503	1.0311	3.6890	99.9728	39.2936	0.8230	0.8258	5.0000	17.1417	508.0567	94.9769	19.6430	23.8000	0.9300	0.9331	0.6032	-0.0000	508.0000	508.8860	1.0285	11.1642	99.9561	39.3000	0.8230	0.8211	5.0000	-9999.0000	-9999.0000	-9999.0000	-9999.0000	-9999.0000	-9999.0000	18.9321	5	0	30.1139	1.0000	09	3	-9999.0000	28845	57457	-9999	290	279	-9999	306.4559	5	0.6027	0.6032	-0.0000	43.3805	1.5913	472.0900	330.8104	37.3843	463.3508	95.5787	467.8699	94.9769	471.6507	95.0000	474.1104	94.9537	
24/08/2017	01:29:25	019001	G523100136HLR	L523	S		439.3248	1.0311	3.1978	99.9856	39.5042	0.8230	0.8269	5.0000	17.3320	508.0446	94.8611	16.5626	23.8000	0.9300	0.9331	0.6031	-0.0000	508.0000	507.8108	1.0285	11.0304	99.8999	39.3500	0.8230	0.8212	5.0000	-9999.0000	-9999.0000	-9999.0000	-9999.0000	-9999.0000	-9999.0000	17.5217	6	0	31.1240	1.0000	09	3	-9999.0000	28846	57458	-9999	291	280	-9999	306.2728	5	0.6026	0.6031	-0.0000	43.0266	1.5960	477.7020	337.1859	39.1204	467.5299	95.1389	472.3670	95.0231	477.1385	95.0231	480.0618	94.9769	
24/08/2017	01:29:53	019001	G523100127HLR	L523	S		439.5048	1.0311	3.1888	99.9699	40.0431	0.8230	0.8266	5.0000	17.2824	508.0447	94.8843	15.8525	23.9000	0.9300	0.9331	0.6102	-0.0004	508.0000	507.8636	1.0285	11.0370	100.0174	39.3000	0.8230	0.8211	5.0000	-9999.0000	-9999.0000	-9999.0000	-9999.0000	-9999.0000	-9999.0000	17.5920	7	0	27.7934	1.0000	09	3	-9999.0000	28847	57459	-9999	292	281	-9999	306.1987	5	0.6027	0.6102	-0.0004	39.5904	1.7856	479.4866	333.2167	38.9815	472.4401	95.1620	474.8465	94.8843	478.9975	94.9306	482.1056	94.9537	
24/08/2017	01:30:23	019001	G523100107HLR	L523	S		432.4302	1.0311	3.5408	99.9942	39.5206	0.8230	0.8257	5.0000	17.2921	508.0276	94.9306	20.2818	23.8000	0.9300	0.9332	0.6104	-0.0004	508.0000	508.5792	1.0285	11.1260	100.1152	39.3000	0.8230	0.8212	5.0000	-9999.0000	-9999.0000	-9999.0000	-9999.0000	-9999.0000	-9999.0000	17.6223	8	0	30.6931	1.0000	09	3	-9999.0000	28848	57460	-9999	293	282	-9999	305.8334	5	0.6028	0.6104	-0.0004	13.2532	3.3072	466.2059	333.1979	39.3287	460.2915	95.2778	461.5893	94.9769	465.6214	95.0231	468.6162	95.0000	
24/08/2017	01:30:52	019001	G523100093HLR	L523	S		436.3381	1.0311	3.3464	100.0187	39.2670	0.8230	0.8263	5.0000	17.3322	508.0290	94.8843	18.5521	23.9000	0.9300	0.9332	0.6096	-0.0004	508.0000	508.7594	1.0285	11.1485	99.9971	39.3000	0.8230	0.8213	5.0000	-9999.0000	-9999.0000	-9999.0000	-9999.0000	-9999.0000	-9999.0000	17.5919	1	0	28.9139	1.0000	09	3	-9999.0000	28849	57461	-9999	294	283	-9999	306.1798	5	0.6028	0.6096	-0.0004	16.6404	3.1300	469.0242	329.3068	38.6111	459.9034	95.3704	465.4482	94.9769	468.7237	95.0000	471.8890	94.9769	
24/08/2017	01:31:24	019001	G523100123HLR	L523	S		434.7156	1.0311	3.4271	100.0278	40.0000	0.8230	0.8270	5.0000	17.0312	508.0476	94.8843	19.0121	23.9000	0.9300	0.9332	0.6074	-0.0003	508.0000	509.7813	1.0285	11.2757	99.9662	39.3396	0.8230	0.8212	5.0000	-9999.0000	-9999.0000	-9999.0000	-9999.0000	-9999.0000	-9999.0000	17.5518	2	0	32.1541	1.0000	09	3	-9999.0000	28850	57462	-9999	295	284	-9999	306.0851	5	0.6027	0.6074	-0.0003	43.2781	1.5867	468.8765	329.7473	39.1667	460.1525	95.2083	464.6877	94.9306	468.5292	94.9769	471.5622	95.0000	
24/08/2017	01:31:56	019001	G523100121HLR	L523	S		437.3562	1.0311	3.2957	100.0045	39.7475	0.8230	0.8259	5.0000	17.2726	508.0564	94.8611	16.2617	23.9000	0.9300	0.9332	0.6093	-0.0004	508.0000	507.7511	1.0285	11.0230	99.9776	39.3000	0.8230	0.8211	5.0000	-9999.0000	-9999.0000	-9999.0000	-9999.0000	-9999.0000	-9999.0000	17.6721	3	0	31.6533	1.0000	09	3	-9999.0000	28851	57462	-9999	296	285	-9999	306.5071	5	0.6027	0.6093	-0.0004	40.4209	1.7495	474.5656	327.0252	38.7963	468.0365	95.2778	470.9940	95.0000	474.1711	95.0231	478.0397	94.9769	
24/08/2017	01:32:24	019001	G523099839HLR	L523	S		437.1613	1.0311	3.3054	99.9762	39.2564	0.8230	0.8261	5.0000	17.0918	508.0314	94.9306	18.4525	23.9000	0.9300	0.9332	0.6094	-0.0004	508.0000	509.4995	1.0285	11.2406	99.9174	39.3000	0.8230	0.8212	5.0000	-9999.0000	-9999.0000	-9999.0000	-9999.0000	-9999.0000	-9999.0000	17.7424	4	0	28.4730	1.0000	09	3	-9999.0000	28852	57463	-9999	296	286	-9999	306.1394	5	0.6024	0.6094	-0.0004	40.6013	1.7411	471.6813	328.0462	39.3287	460.0557	95.3472	466.8179	95.3241	471.1069	95.3935	473.6049	94.8843	
24/08/2017	01:32:53	019001	G523099827HLR	L523	S		438.5188	1.0311	3.2379	99.9320	39.7102	0.8230	0.8270	5.0000	17.1524	508.0402	94.8611	17.3224	23.8000	0.9300	0.9331	0.6106	-0.0005	508.0000	509.6650	1.0285	11.2612	99.9551	39.3000	0.8230	0.8212	5.0000	-9999.0000	-9999.0000	-9999.0000	-9999.0000	-9999.0000	-9999.0000	17.6212	5	0	28.7037	1.0000	09	3	-9999.0000	28853	57464	-9999	297	287	-9999	306.3017	5	0.6024	0.6106	-0.0005	35.2723	2.0341	473.2863	320.4637	38.3796	463.6689	95.2315	468.9025	94.8611	472.7167	94.8611	475.7706	94.9537	
24/08/2017	01:33:22	019001	G523099850HLR	L523	S		435.1054	1.0311	3.4077	100.0654	39.9719	0.8230	0.8262	5.0000	17.6916	508.0818	94.9537	19.9819	23.8000	0.9300	0.9331	0.6105	-0.0004	508.0000	508.7922	1.0285	11.1526	99.9049	39.3000	0.8230	0.8212	5.0000	-9999.0000	-9999.0000	-9999.0000	-9999.0000	-9999.0000	-9999.0000	17.7317	6	0	28.6939	1.0000	09	3	-9999.0000	28854	57465	-9999	298	288	-9999	305.6938	5	0.6024	0.6105	-0.0004	35.7722	2.0362	466.4135	316.8243	39.8148	455.8417	95.0694	462.3676	94.9074	466.1345	95.0000	468.9535	95.0000	
24/08/2017	01:34:08	019001	G523099817HLR	L523	S		0.0000	0.0000	0.0000	0.0000	0.0000	0.8230	0.0000	0.0000	0.0000	0.0000	0.0000	0.0000	0.0000	0.9300	0.0000	0.0000	0.0000	0.0000	0.0000	0.0000	0.0000	0.0000	0.0000	0.8230	0.0000	0.0000	0.0000	0.0000	0.0000	0.0000	0.0000	0.0000	0.0000	0	42	28.6939	1.0000	09	3	0.0000	0	0	0	0	0	0	0.0000	0	0.0000	0.0000	0.0000	0.0000	0.0000	0.0000	0.0000	0.0000	0.0000	0.0000	0.0000	0.0000	0.0000	0.0000	0.0000	0.0000	
24/08/2017	01:34:33	019001	G523099807HLR	L523	S		0.0000	0.0000	0.0000	0.0000	0.0000	0.8230	0.0000	0.0000	0.0000	0.0000	0.0000	0.0000	0.0000	0.9300	0.0000	0.0000	0.0000	0.0000	0.0000	0.0000	0.0000	0.0000	0.0000	0.8230	0.0000	0.0000	0.0000	0.0000	0.0000	0.0000	0.0000	0.0000	0.0000	0	42	28.6939	1.0000	09	3	0.0000	0	0	0	0	0	0	0.0000	0	0.0000	0.0000	0.0000	0.0000	0.0000	0.0000	0.0000	0.0000	0.0000	0.0000	0.0000	0.0000	0.0000	0.0000	0.0000	0.0000	
24/08/2017	01:34:51	019001	G523100110HLR	L523	S		434.9059	1.0311	3.4176	99.9790	39.3820	0.8230	0.8257	5.0000	17.2021	508.0455	94.9306	20.2027	23.9000	0.9300	0.9332	0.6112	-0.0005	508.0000	508.5469	1.0285	11.1220	100.0281	39.3064	0.8230	0.8213	5.0000	-9999.0000	-9999.0000	-9999.0000	-9999.0000	-9999.0000	-9999.0000	17.6514	7	0	89.5804	1.0000	09	3	-9999.0000	28855	57466	-9999	299	289	-9999	305.5896	5	0.6022	0.6112	-0.0005	39.0179	1.8373	464.5893	329.3612	39.2593	453.8343	95.2083	460.9360	94.8843	464.2776	94.9074	468.0852	94.9769	
24/08/2017	01:35:21	019001	G523100092HLR	L523	S		437.2286	1.0311	3.3021	99.9360	39.5052	0.8230	0.8268	5.0000	17.0616	508.0597	94.8843	16.3516	23.9000	0.9300	0.9332	0.6105	-0.0005	508.0000	507.6569	1.0285	11.0112	99.8720	39.3000	0.8230	0.8212	5.0000	-9999.0000	-9999.0000	-9999.0000	-9999.0000	-9999.0000	-9999.0000	17.6622	8	0	29.1039	1.0000	09	3	-9999.0000	28856	57467	-9999	300	290	-9999	306.4255	5	0.6021	0.6105	-0.0005	40.6740	1.7498	471.0642	316.5656	37.3611	461.6735	95.5324	467.0139	94.7454	470.6588	94.8148	474.5812	94.9306	
24/08/2017	01:35:47	019001	G523099832HLR	L523	S		439.4907	1.0311	3.1895	99.9767	40.0186	0.8230	0.8265	5.0000	17.3321	508.0278	94.8843	17.2121	23.9000	0.9300	0.9333	0.6107	-0.0005	508.0000	508.0974	1.0285	11.0661	100.0364	39.0660	0.8230	0.8212	5.0000	-9999.0000	-9999.0000	-9999.0000	-9999.0000	-9999.0000	-9999.0000	17.9620	1	0	26.2630	1.0000	09	3	-9999.0000	28857	57468	-9999	301	291	-9999	306.0800	5	0.6018	0.6107	-0.0005	42.4981	1.6419	472.6524	323.2643	37.0602	461.0870	95.6481	468.4847	95.1852	472.1152	95.2546	475.4672	94.8843	
24/08/2017	01:36:14	019001	G523099820HLR	L523	S		438.6237	1.0311	3.2327	100.0167	39.4908	0.8230	0.8258	5.0000	17.2426	508.0379	94.8611	16.5421	23.9000	0.9300	0.9332	0.6115	-0.0005	508.0000	510.9090	1.0285	11.4161	100.0369	39.3000	0.8230	0.8219	5.0000	-9999.0000	-9999.0000	-9999.0000	-9999.0000	-9999.0000	-9999.0000	17.6321	2	0	27.2837	1.0000	09	3	-9999.0000	28858	57469	-9999	302	292	-9999	306.2062	5	0.6017	0.6115	-0.0005	46.2072	1.4215	471.4987	321.2448	36.5741	461.3417	95.7870	467.0345	95.3472	471.1145	95.3704	475.0120	94.7917	
24/08/2017	01:36:39	019001	G523099819HLR	L523	S		440.9648	1.0311	3.1162	99.9911	39.3234	0.8230	0.8264	5.0000	17.3224	508.0305	94.9306	15.1620	23.9000	0.9300	0.9331	0.6115	-0.0005	508.0000	508.4248	1.0285	11.1068	100.0188	39.4000	0.8230	0.8215	5.0000	-9999.0000	-9999.0000	-9999.0000	-9999.0000	-9999.0000	-9999.0000	17.5323	3	0	24.9826	1.0000	09	3	-9999.0000	28859	57470	-9999	303	293	-9999	306.5647	5	0.6017	0.6115	-0.0005	46.2072	1.4215	474.7161	318.1434	35.2778	463.6860	95.9028	470.4502	94.6296	474.1446	94.7222	478.3970	94.9306	
24/08/2017	01:37:08	019001	G523099826HLR	L523	S		438.9531	1.0311	3.2163	99.9777	39.9204	0.8230	0.8269	5.0000	17.0518	508.0290	94.8843	16.9317	24.1000	0.9300	0.9339	0.6128	-0.0006	508.0000	508.0123	1.0285	11.0555	99.9627	39.3000	0.8230	0.8211	5.0000	-9999.0000	-9999.0000	-9999.0000	-9999.0000	-9999.0000	-9999.0000	17.5225	4	0	28.9232	1.0000	09	3	-9999.0000	28860	57471	-9999	304	294	-9999	306.1169	5	0.6017	0.6128	-0.0006	56.2379	0.8685	470.8250	308.3382	39.2824	460.2966	95.4630	465.7868	95.0926	470.3306	95.1389	474.1671	94.9537	
24/08/2017	01:37:37	019001	G523099810HLR	L523	S		441.3627	1.0311	3.0964	100.0089	39.5000	0.8230	0.8271	5.0000	17.1319	508.0656	94.9074	14.7821	23.9000	0.9300	0.9334	0.6128	-0.0006	508.0000	510.6716	1.0285	11.3865	99.9578	39.2500	0.8230	0.8212	5.0000	-9999.0000	-9999.0000	-9999.0000	-9999.0000	-9999.0000	-9999.0000	17.6321	5	0	28.7936	1.0000	09	3	-9999.0000	28861	57472	-9999	305	295	-9999	306.8495	5	0.6017	0.6128	-0.0006	56.2379	0.8685	476.0547	333.3821	38.6574	465.4851	95.4630	471.7558	95.0926	475.6199	95.0926	479.2150	95.0000	
24/08/2017	01:38:06	019001	G523099809HLR	L523	S		440.7719	1.0311	3.1258	99.9610	39.9549	0.8230	0.8267	5.0000	17.6319	508.0749	94.9074	15.1620	23.8000	0.9300	0.9332	0.6113	-0.0005	508.0000	509.1047	1.0285	11.1915	99.9257	39.3000	0.8230	0.8213	5.0000	-9999.0000	-9999.0000	-9999.0000	-9999.0000	-9999.0000	-9999.0000	17.7122	6	0	29.7439	1.0000	09	3	-9999.0000	28862	57473	-9999	306	296	-9999	306.5045	5	0.6015	0.6113	-0.0005	56.2348	0.8686	464.1791	330.7995	39.3750	447.2535	95.4167	458.4770	95.0000	463.5375	95.0463	467.8515	95.0000	
