Data	Timp	Nr. masina	Nr. de serie	Tip	Productie	Comentariu	Pre-masurare Q [ml/min]	Pre-masurare Gain	Pre-masurare Offset Master	Pre-masurare P [bar]	Pre-masurare T [°C]	Pre-masurare Densitate fixa [kg/l]	Pre-masurare densitate masurata [kg/l]	Pre-masurare Timp masurare [s]	Pre-masurare Cycle time [s]	rectificare Q Oprire [ml/min]	rectificare P Oprire [bar]	rectificare Timp rectificare [s]	rectificare T [°C]	rectificare Densitate fixa [kg/l]	rectificare densitate masurata [kg/l]	rectificare Factor de masurare la rectificare	rectificare Factor de corectie a debitului	rectificare Target rectificare	Masurare Q [ml/min]	Masurare Gain	Masurare Offset Master	Masurare P [bar]	Masurare T [°C]	Masurare Densitate fixa [kg/l]	Masurare densitate masurata [kg/l]	Masurare Timp masurare [s]	Masurare Q [ml/min]	Masurare Delta Q [ml/min]	Masurare P [bar]	Masurare BP [bar]	Masurare T [°C]	Masurare Timp masurare [s]	Masurare Cycle time [s]	Nest Nr.	Cod de descarcare	Cycle time [s]	Traceability aktiv	EDM Maschine Nr	EDM Spindle Nr	Honing Rate [r	Station Counter Premeasure	Station Counter Grind	Station Counter Blowout 1	Station Counter Wash	Station Counter Measure	Station Counter Blowout 2	RealGrindQStop	Reg Type	Factor 0	Factor 1	Factor 2	Factor 3	Factor 4	G_StartQV	G_StartQV_1	G_StartQV_2	G_StartQV_3	G_StartQV_4	G_StartQV_5	
28/08/2017	00:00:26	019001	G523126196HLR	L523	S		432.3188	1.0311	3.5463	99.9826	40.0581	0.8230	0.8251	5.0000	17.2023	508.0580	94.9769	22.2127	25.0000	0.9300	0.9277	0.6338	-0.0008	508.0000	509.5136	1.0285	11.2424	99.9517	39.6868	0.8230	0.8195	5.0000	-9999.0000	-9999.0000	-9999.0000	-9999.0000	-9999.0000	-9999.0000	18.2122	5	0	31.1128	1.0000	06	2	-9999.0000	38901	67042	-9999	1496	1355	-9999	312.7686	5	0.6188	0.6338	-0.0008	43.7779	1.6032	457.0481	312.2164	35.5324	447.4397	95.3704	454.7938	94.5833	458.1454	95.1620	461.0725	94.9074	
28/08/2017	00:00:57	019001	G523126206HLR	L523	S		431.1112	1.0311	3.6064	99.9505	40.0311	0.8230	0.8251	5.0000	17.2629	508.0374	94.8843	19.7221	25.0000	0.9300	0.9277	0.6299	-0.0006	508.0000	507.5628	1.0285	10.9995	99.9414	39.6907	0.8230	0.8194	5.0000	-9999.0000	-9999.0000	-9999.0000	-9999.0000	-9999.0000	-9999.0000	18.2327	6	0	30.4442	1.0000	06	2	-9999.0000	38902	67043	-9999	1497	1356	-9999	313.6505	5	0.6184	0.6299	-0.0006	44.6063	1.5540	459.9616	310.3215	36.6898	450.4120	95.7639	457.5326	94.6065	460.9801	95.0000	465.1274	94.9769	
28/08/2017	00:01:27	019001	G523126224HLR	L523	S		434.6178	1.0311	3.4320	99.9892	40.0587	0.8230	0.8252	5.0000	17.1818	508.0148	94.9074	19.4526	25.0000	0.9300	0.9277	0.6289	-0.0006	508.0000	507.8264	1.0285	11.0323	99.9729	39.6827	0.8230	0.8194	5.0000	-9999.0000	-9999.0000	-9999.0000	-9999.0000	-9999.0000	-9999.0000	18.2525	7	0	30.2439	1.0000	06	2	-9999.0000	38903	67044	-9999	1498	1357	-9999	313.8042	5	0.6180	0.6289	-0.0006	49.3859	1.3438	464.9993	326.5732	38.9815	455.4060	95.3704	463.0516	94.7222	465.4961	94.9769	469.3811	94.9769	
28/08/2017	00:01:58	019001	G523126234HLR	L523	S		430.2291	1.0311	3.6503	99.9690	40.0493	0.8230	0.8251	5.0000	17.2522	508.0438	94.9074	20.7926	25.0000	0.9300	0.9276	0.6289	-0.0006	508.0000	508.2722	1.0285	11.0878	99.9851	39.6917	0.8230	0.8194	5.0000	-9999.0000	-9999.0000	-9999.0000	-9999.0000	-9999.0000	-9999.0000	18.3627	8	0	31.4237	1.0000	06	2	-9999.0000	38904	67045	-9999	1498	1358	-9999	313.4131	5	0.6174	0.6289	-0.0006	55.0278	1.0567	463.3807	330.3593	37.9630	455.6947	95.6250	459.3480	94.5370	463.7949	95.0926	466.9832	95.0000	
28/08/2017	00:02:30	019001	G523126214HLR	L523	S		432.2034	1.0311	3.5521	100.0295	40.0279	0.8230	0.8252	5.0000	17.1124	508.0534	94.8843	19.6225	25.0000	0.9300	0.9277	0.6328	-0.0008	508.0000	507.5872	1.0285	11.0026	99.9932	39.6948	0.8230	0.8195	5.0000	-9999.0000	-9999.0000	-9999.0000	-9999.0000	-9999.0000	-9999.0000	18.3020	1	0	31.6034	1.0000	06	2	-9999.0000	38905	67046	-9999	1499	1359	-9999	313.5658	5	0.6175	0.6328	-0.0008	49.4860	1.3291	466.0438	330.5836	38.9583	457.3927	95.6250	461.5346	94.5833	464.5429	95.0231	468.5386	94.9769	
28/08/2017	00:03:01	019001	G523126215HLR	L523	S		435.4586	1.0311	3.3901	99.9997	40.0579	0.8230	0.8252	5.0000	17.3323	508.0324	94.8611	18.4515	25.0000	0.9300	0.9275	0.6284	-0.0006	508.0000	507.8215	1.0285	11.0317	99.9194	39.6949	0.8230	0.8194	5.0000	-9999.0000	-9999.0000	-9999.0000	-9999.0000	-9999.0000	-9999.0000	18.1526	2	0	30.6043	1.0000	06	2	-9999.0000	38906	67047	-9999	1500	1360	-9999	314.1415	5	0.6171	0.6284	-0.0006	75.7468	0.0563	465.6534	317.6308	36.6204	456.5952	95.9491	462.9335	94.4907	467.2840	95.0926	470.2201	94.9074	
28/08/2017	00:03:31	019001	G523126204HLR	L523	S		435.6721	1.0311	3.3795	99.9336	40.0449	0.8230	0.8251	5.0000	17.2315	508.0343	94.8843	18.7523	25.0000	0.9300	0.9277	0.6360	-0.0009	508.0000	507.9946	1.0285	11.0533	100.0028	39.6898	0.8230	0.8194	5.0000	-9999.0000	-9999.0000	-9999.0000	-9999.0000	-9999.0000	-9999.0000	18.0619	3	0	30.8836	1.0000	06	2	-9999.0000	38907	67048	-9999	1501	1361	-9999	313.9211	5	0.6169	0.6360	-0.0009	74.9418	0.0997	466.1209	312.2684	36.2037	456.2042	96.0185	464.1441	94.4676	467.4057	95.1389	470.6983	94.9306	
28/08/2017	00:04:03	019001	G523126194HLR	L523	S		431.8561	1.0311	3.5694	100.0135	40.0313	0.8230	0.8252	5.0000	17.2024	508.0322	94.9074	19.4418	25.0000	0.9300	0.9277	0.6419	-0.0012	508.0000	508.1324	1.0285	11.0704	99.9502	39.6870	0.8230	0.8194	5.0000	-9999.0000	-9999.0000	-9999.0000	-9999.0000	-9999.0000	-9999.0000	18.2219	4	0	31.3038	1.0000	06	2	-9999.0000	38908	67048	-9999	1502	1362	-9999	313.8572	5	0.6170	0.6419	-0.0012	73.1541	0.1836	458.9410	315.7040	36.0880	449.2470	95.9259	458.6289	94.7454	461.7222	94.9537	465.9369	95.0000	
28/08/2017	00:04:33	019001	G523126221HLR	L523	S		432.8291	1.0311	3.5209	99.9922	40.0557	0.8230	0.8252	5.0000	17.2219	508.0677	94.9074	20.1724	25.0000	0.9300	0.9276	0.6420	-0.0012	508.0000	507.5417	1.0285	10.9969	99.9747	39.6964	0.8230	0.8195	5.0000	-9999.0000	-9999.0000	-9999.0000	-9999.0000	-9999.0000	-9999.0000	18.1721	5	0	30.6239	1.0000	06	2	-9999.0000	38909	67049	-9999	1503	1363	-9999	313.4943	5	0.6171	0.6420	-0.0012	54.3185	1.0837	456.4215	318.9151	37.5463	448.0192	95.7176	453.1257	94.5602	456.6707	95.0694	460.9850	94.9537	
28/08/2017	00:05:05	019001	G523126232HLR	L523	Q		434.8314	1.0311	3.4213	100.0446	40.0790	0.8230	0.8251	5.0000	17.2023	508.0544	94.8843	18.6322	25.0000	0.9300	0.9276	0.6404	-0.0012	508.0000	507.9034	1.0285	11.0419	99.9213	39.6965	0.8230	0.8194	5.0000	-9999.0000	-9999.0000	-9999.0000	-9999.0000	-9999.0000	-9999.0000	18.1429	6	0	31.4031	1.0000	06	2	-9999.0000	38910	67050	-9999	1504	1364	-9999	314.4770	5	0.6172	0.6404	-0.0012	44.1817	1.5648	458.8872	318.0889	39.1204	449.7904	95.4398	457.6513	94.6065	462.3112	95.0926	464.8442	94.9074	
28/08/2017	00:12:10	019001	G523126222HLR	L523	Q		435.7401	1.0311	3.3761	100.0329	40.0431	0.8230	0.8251	5.0000	17.1418	508.0304	94.8843	19.4321	25.0000	0.9300	0.9277	0.6290	-0.0006	508.0000	508.3761	1.0285	11.1008	99.9811	39.6920	0.8230	0.8194	5.0000	-9999.0000	-9999.0000	-9999.0000	-9999.0000	-9999.0000	-9999.0000	18.1526	7	0	424.8929	1.0000	06	2	-9999.0000	38911	67051	-9999	1505	1365	-9999	313.8995	5	0.6174	0.6290	-0.0006	45.3299	1.5169	458.8059	326.7560	37.0602	450.6777	95.7407	456.6430	94.5370	460.3682	95.1157	463.3628	94.9074	
28/08/2017	00:12:42	019001	G523126223HLR	L523	S		435.1644	1.0311	3.4048	100.0344	40.0299	0.8230	0.8252	5.0000	17.0920	508.0445	94.8611	19.3217	25.0000	0.9300	0.9277	0.6308	-0.0007	508.0000	508.3941	1.0285	11.1030	99.9737	39.6927	0.8230	0.8194	5.0000	-9999.0000	-9999.0000	-9999.0000	-9999.0000	-9999.0000	-9999.0000	18.2924	8	0	32.6837	1.0000	06	2	-9999.0000	38912	67052	-9999	1506	1366	-9999	313.9596	5	0.6174	0.6308	-0.0007	45.9730	1.4790	466.2744	334.3632	38.7500	457.6500	95.5556	463.4263	94.6759	466.9089	94.9769	470.9865	94.9769	
28/08/2017	00:13:12	019001	G523126195HLR	L523	S		435.5440	1.0311	3.3859	99.9176	40.0543	0.8230	0.8252	5.0000	17.2716	508.0662	94.8843	19.1527	25.0000	0.9300	0.9278	0.6333	-0.0008	508.0000	507.6758	1.0285	11.0136	100.0107	39.4142	0.8230	0.8196	5.0000	-9999.0000	-9999.0000	-9999.0000	-9999.0000	-9999.0000	-9999.0000	18.2523	1	0	30.0232	1.0000	06	2	-9999.0000	38913	67053	-9999	1507	1367	-9999	314.0382	5	0.6175	0.6333	-0.0008	44.6984	1.5311	466.2186	333.8177	37.3611	457.5797	95.6713	463.3085	94.4907	466.8117	95.0694	470.2400	94.9769	
28/08/2017	00:13:43	019001	G523126212HLR	L523	S		435.5174	1.0311	3.3872	99.9556	40.0846	0.8230	0.8252	5.0000	17.2423	508.0288	94.8611	19.3920	25.0000	0.9300	0.9277	0.6331	-0.0008	508.0000	507.8843	1.0285	11.0395	100.0765	39.5500	0.8230	0.8201	5.0000	-9999.0000	-9999.0000	-9999.0000	-9999.0000	-9999.0000	-9999.0000	17.8624	2	0	30.4539	1.0000	06	2	-9999.0000	38914	67054	-9999	1508	1368	-9999	313.9599	5	0.6179	0.6331	-0.0008	29.9571	2.2881	462.1999	313.2154	35.9722	453.4446	95.9491	462.9944	94.7454	464.3157	94.9306	468.1931	94.9769	
28/08/2017	00:14:14	019001	G523126193HLR	L523	S		435.2840	1.0311	3.3988	99.9590	40.0389	0.8230	0.8251	5.0000	17.2922	508.0381	94.8611	18.8617	25.0000	0.9300	0.9277	0.6329	-0.0008	508.0000	507.6057	1.0285	11.0049	99.9841	39.6139	0.8230	0.8198	5.0000	-9999.0000	-9999.0000	-9999.0000	-9999.0000	-9999.0000	-9999.0000	18.0022	3	0	30.7040	1.0000	06	2	-9999.0000	38915	67055	-9999	1509	1369	-9999	314.1591	5	0.6178	0.6329	-0.0008	31.6408	2.1879	463.4250	315.6566	37.2454	454.0209	95.6481	462.4079	94.5370	466.2765	95.1157	468.6956	94.9306	
28/08/2017	00:14:46	019001	G523126211HLR	L523	S		432.7898	1.0311	3.5229	100.0645	40.0397	0.8230	0.8252	5.0000	17.1918	508.0502	94.9306	20.6529	25.2000	0.9300	0.9284	0.6339	-0.0008	508.0000	506.5447	1.0285	10.8728	99.9759	39.5500	0.8230	0.8196	5.0000	-9999.0000	-9999.0000	-9999.0000	-9999.0000	-9999.0000	-9999.0000	17.9915	4	0	32.1338	1.0000	06	2	-9999.0000	38916	67056	-9999	1510	1370	-9999	313.4368	5	0.6179	0.6339	-0.0008	29.9199	2.2748	462.5380	292.2979	36.8056	452.3801	96.2037	457.9757	94.5370	462.0801	95.0000	465.0696	94.9537	
28/08/2017	00:15:16	019001	G523126201HLR	L523	S		434.3212	1.0311	3.4467	99.9957	39.7525	0.8230	0.8254	5.0000	17.0920	508.0435	94.8843	18.5521	25.0000	0.9300	0.9275	0.6325	-0.0007	508.0000	507.4979	1.0285	10.9914	99.9850	39.5500	0.8230	0.8196	5.0000	-9999.0000	-9999.0000	-9999.0000	-9999.0000	-9999.0000	-9999.0000	18.0530	5	0	30.8534	1.0000	06	2	-9999.0000	38917	67057	-9999	1511	1371	-9999	314.2895	5	0.6181	0.6325	-0.0007	43.3222	1.5618	465.0041	331.7580	37.6389	456.7080	96.0880	462.4022	94.4444	466.5150	95.1389	469.9419	94.9306	
28/08/2017	00:15:47	019001	G523126367HLR	L523	S		434.8055	1.0311	3.4226	100.0146	40.0000	0.8230	0.8257	5.0000	17.4124	508.0367	94.8843	18.4329	25.0000	0.9300	0.9276	0.6341	-0.0008	508.0000	509.2651	1.0285	11.2114	99.9612	39.5820	0.8230	0.8197	5.0000	-9999.0000	-9999.0000	-9999.0000	-9999.0000	-9999.0000	-9999.0000	18.0413	6	0	30.2937	1.0000	06	2	-9999.0000	38918	67058	-9999	1512	1372	-9999	314.3251	5	0.6182	0.6341	-0.0008	49.3679	1.2312	466.0222	327.3557	38.3333	457.0710	95.8102	463.1270	94.5602	467.2521	95.1389	470.6858	94.9537	
28/08/2017	00:16:19	019001	G523126375HLR	L523	S		433.9261	1.0311	3.4664	100.0680	40.1271	0.8230	0.8253	5.0000	17.1418	508.0305	94.8843	19.2221	25.0000	0.9300	0.9275	0.6241	-0.0003	508.0000	509.2443	1.0285	11.2088	99.9189	39.5890	0.8230	0.8196	5.0000	-9999.0000	-9999.0000	-9999.0000	-9999.0000	-9999.0000	-9999.0000	18.1017	7	0	32.0645	1.0000	06	2	-9999.0000	38919	67059	-9999	1513	1373	-9999	314.0475	5	0.6182	0.6241	-0.0003	56.1843	0.8634	463.8738	325.3369	37.3380	455.6497	95.9028	460.6711	94.6065	463.5370	95.1620	467.3244	94.9306	
28/08/2017	00:16:48	019001	G523126374HLR	L523	S		433.0484	1.0311	3.5100	99.9401	39.9301	0.8230	0.8250	5.0000	17.3214	508.0311	94.9074	20.1031	25.0000	0.9300	0.9275	0.6431	-0.0013	508.0000	507.8389	1.0285	11.0339	99.9731	39.6000	0.8230	0.8197	5.0000	-9999.0000	-9999.0000	-9999.0000	-9999.0000	-9999.0000	-9999.0000	18.0023	8	0	29.5738	1.0000	06	2	-9999.0000	38920	67060	-9999	1514	1374	-9999	313.9569	5	0.6183	0.6431	-0.0013	59.7473	0.6917	468.3572	332.9828	37.3380	458.9825	95.8333	465.1503	94.4676	469.2960	95.1389	471.9455	94.8611	
28/08/2017	00:17:20	019001	G523126354HLR	L523	S		434.3897	1.0311	3.4433	100.0224	39.8439	0.8230	0.8252	5.0000	17.1427	508.0379	94.8843	19.3832	25.0000	0.9300	0.9276	0.6223	-0.0002	508.0000	506.9947	1.0285	10.9288	99.9509	39.6036	0.8230	0.8196	5.0000	-9999.0000	-9999.0000	-9999.0000	-9999.0000	-9999.0000	-9999.0000	18.0529	1	0	31.9133	1.0000	06	2	-9999.0000	38921	67061	-9999	1515	1375	-9999	314.0235	5	0.6183	0.6223	-0.0002	66.3986	0.3502	458.3833	317.4159	35.9722	449.0183	95.9954	454.6255	94.5139	458.9899	95.1389	462.8248	94.9074	
28/08/2017	00:17:54	019001	G523126355HLR	L523	S		435.5982	1.0311	3.3832	100.0020	40.0385	0.8230	0.8255	5.0000	17.2519	508.0288	94.8843	18.2923	25.0000	0.9300	0.9275	0.6199	-0.0001	508.0000	507.9877	1.0285	11.0524	99.9012	39.5913	0.8230	0.8196	5.0000	-9999.0000	-9999.0000	-9999.0000	-9999.0000	-9999.0000	-9999.0000	18.0921	2	0	33.8742	1.0000	06	2	-9999.0000	38922	67062	-9999	1516	1376	-9999	314.2361	5	0.6182	0.6199	-0.0001	72.7558	0.0218	471.8285	337.6024	38.6343	462.7279	95.4630	469.9026	94.6065	472.9732	95.0694	475.7275	94.9769	
28/08/2017	00:18:24	019001	G523126377HLR	L523	S		433.1201	1.0311	3.5065	100.0247	40.0571	0.8230	0.8252	5.0000	17.1112	508.0188	94.9306	20.5728	25.0000	0.9300	0.9277	0.6199	-0.0001	508.0000	507.6020	1.0285	11.0044	100.0817	39.6233	0.8230	0.8196	5.0000	-9999.0000	-9999.0000	-9999.0000	-9999.0000	-9999.0000	-9999.0000	18.1614	3	0	29.9841	1.0000	06	2	-9999.0000	38923	67063	-9999	1517	1377	-9999	314.0078	5	0.6181	0.6199	-0.0001	67.2643	0.3159	470.7297	336.3505	38.6574	461.9260	95.4630	467.1757	94.6759	470.9894	95.0463	474.0269	94.9537	
28/08/2017	00:18:58	019001	G523126353HLR	L523	S		439.0405	1.0311	3.2119	100.0013	39.9269	0.8230	0.8251	5.0000	17.1623	508.0344	94.8611	17.5822	25.0000	0.9300	0.9276	0.6199	-0.0001	508.0000	508.9242	1.0285	11.1690	99.9962	39.6166	0.8230	0.8195	5.0000	-9999.0000	-9999.0000	-9999.0000	-9999.0000	-9999.0000	-9999.0000	18.1361	4	0	34.3635	1.0000	06	2	-9999.0000	38924	67064	-9999	1518	1378	-9999	314.1723	5	0.6183	0.6199	-0.0001	67.0514	0.3269	475.6005	329.6113	38.7037	467.3620	95.3009	473.5270	94.5833	476.3281	95.0000	479.3523	95.0000	
28/08/2017	00:19:34	019001	G523126342HLR	L523	S		433.4425	1.0311	3.4904	99.9772	39.9531	0.8230	0.8253	5.0000	17.1319	508.0529	94.9074	20.4625	25.0000	0.9300	0.9277	0.6177	0.0000	508.0000	507.6352	1.0285	11.0085	99.9934	39.5954	0.8230	0.8196	5.0000	-9999.0000	-9999.0000	-9999.0000	-9999.0000	-9999.0000	-9999.0000	18.0022	5	0	35.6744	1.0000	06	2	-9999.0000	38925	67065	-9999	1519	1379	-9999	314.0486	5	0.6184	0.6177	0.0000	63.9909	0.4794	469.4042	331.8417	39.6296	460.9037	95.2778	466.6887	94.5370	470.3359	95.1389	472.7871	94.9306	
28/08/2017	00:20:05	019001	G523126362HLR	L523	S		431.8250	1.0311	3.5709	99.9730	40.0369	0.8230	0.8253	5.0000	17.1221	508.0539	94.9537	21.8425	25.0000	0.9300	0.9277	0.6174	0.0001	508.0000	508.4835	1.0285	11.1141	100.0800	39.6368	0.8230	0.8196	5.0000	-9999.0000	-9999.0000	-9999.0000	-9999.0000	-9999.0000	-9999.0000	18.0315	6	0	31.2440	1.0000	06	2	-9999.0000	38926	67066	-9999	1520	1380	-9999	314.3267	5	0.6184	0.6174	0.0001	62.8543	0.5506	469.3562	318.2838	36.0648	459.6630	95.8565	466.4441	94.5602	469.2430	95.0463	472.9675	94.9537	
28/08/2017	00:20:36	019001	G523126372HLR	L523	S		434.3971	1.0311	3.4429	100.0300	40.0048	0.8230	0.8250	5.0000	18.3118	508.0445	94.8611	18.4915	25.0000	0.9300	0.9276	0.6174	0.0001	508.0000	506.5132	1.0285	10.8689	99.9185	39.5973	0.8230	0.8195	5.0000	-9999.0000	-9999.0000	-9999.0000	-9999.0000	-9999.0000	-9999.0000	18.0120	7	0	30.2937	1.0000	06	2	-9999.0000	38927	67067	-9999	1521	1381	-9999	314.2324	5	0.6183	0.6174	0.0001	55.1858	0.9452	473.9395	324.3344	37.8241	464.3096	95.5324	472.6610	94.5370	476.1735	95.0926	478.7722	94.9537	
28/08/2017	00:21:11	019001	G523126382HLR	L523	S		429.1529	1.0311	3.7038	99.9670	39.9325	0.8230	0.8251	5.0000	17.3856	508.0304	94.9769	22.3133	25.0000	0.9300	0.9276	0.6174	0.0001	508.0000	507.5364	1.0285	10.9962	100.0026	39.5937	0.8230	0.8197	5.0000	-9999.0000	-9999.0000	-9999.0000	-9999.0000	-9999.0000	-9999.0000	17.9415	8	0	35.4145	1.0000	06	2	-9999.0000	38928	67068	-9999	1522	1382	-9999	314.3220	5	0.6183	0.6174	0.0001	57.9644	0.8061	467.6702	321.9181	38.7500	458.8177	95.4167	465.7866	94.5370	469.6030	95.1620	471.7440	94.9537	
28/08/2017	00:21:39	019001	G523126379HLR	L523	S		431.3607	1.0311	3.5940	100.0042	39.9705	0.8230	0.8253	5.0000	17.1622	508.0233	95.0231	24.2022	24.9000	0.9300	0.9277	0.6174	0.0001	508.0000	510.8705	1.0285	11.4113	100.0154	39.6434	0.8230	0.8197	5.0000	-9999.0000	-9999.0000	-9999.0000	-9999.0000	-9999.0000	-9999.0000	18.0422	1	0	27.4937	1.0000	06	2	-9999.0000	38929	67069	-9999	1523	1383	-9999	314.3650	5	0.6182	0.6174	0.0001	52.3206	1.1035	469.6981	334.8129	37.5926	461.2484	95.5324	464.3747	94.6759	466.7211	94.9769	470.0713	95.0231	
28/08/2017	00:22:13	019001	G523126359HLR	L523	S		434.1358	1.0311	3.4559	99.9656	40.0615	0.8230	0.8253	5.0000	17.1614	508.0201	94.8611	19.2319	25.0000	0.9300	0.9275	0.6174	0.0001	508.0000	507.5067	1.0285	10.9925	99.9641	39.6298	0.8230	0.8195	5.0000	-9999.0000	-9999.0000	-9999.0000	-9999.0000	-9999.0000	-9999.0000	17.9816	2	0	34.2943	1.0000	06	2	-9999.0000	38930	67070	-9999	1524	1383	-9999	314.2260	5	0.6183	0.6174	0.0001	49.0646	1.2567	473.2534	330.6727	38.7731	464.5888	95.3009	471.1290	94.5602	474.5402	95.0926	477.7537	94.9306	
28/08/2017	00:22:44	019001	G523126628HLR	L523	S		437.4887	1.0311	3.2891	100.0169	39.9707	0.8230	0.8251	5.0000	17.2523	508.0269	94.8843	18.8529	25.0000	0.9300	0.9278	0.6174	0.0001	508.0000	509.0669	1.0285	11.1868	100.0122	39.5754	0.8230	0.8196	5.0000	-9999.0000	-9999.0000	-9999.0000	-9999.0000	-9999.0000	-9999.0000	18.0725	3	0	30.6737	1.0000	06	2	-9999.0000	38931	67071	-9999	1525	1384	-9999	314.2238	5	0.6185	0.6174	0.0001	44.2805	1.4980	474.7307	326.6536	36.2269	464.8722	95.8333	472.3288	94.6991	474.6993	95.0000	477.6182	94.9769	
28/08/2017	00:23:14	019001	G523126625HLR	L523	S		430.1624	1.0311	3.6536	100.0375	39.9335	0.8230	0.8253	5.0000	17.1219	508.0499	94.9537	23.4325	25.0000	0.9300	0.9278	0.6175	0.0001	508.0000	509.3443	1.0285	11.2213	99.9929	39.6489	0.8230	0.8196	5.0000	-9999.0000	-9999.0000	-9999.0000	-9999.0000	-9999.0000	-9999.0000	18.1526	4	0	30.2038	1.0000	06	2	-9999.0000	38932	67072	-9999	1526	1385	-9999	314.3761	5	0.6184	0.6175	0.0001	45.5550	1.4232	468.7361	327.8825	38.2176	459.9370	95.6481	464.3709	94.6065	467.7773	95.0694	468.6468	94.9537	
28/08/2017	00:23:44	019001	G523126627HLR	L523	S		436.6142	1.0311	3.3326	100.0309	40.0228	0.8230	0.8254	5.0000	17.2520	508.0681	94.8843	16.0420	25.0000	0.9300	0.9276	0.6182	0.0000	508.0000	505.6651	1.0285	10.7633	99.9545	39.6113	0.8230	0.8196	5.0000	-9999.0000	-9999.0000	-9999.0000	-9999.0000	-9999.0000	-9999.0000	18.0823	5	0	29.8738	1.0000	06	2	-9999.0000	38933	67073	-9999	1527	1386	-9999	314.2558	5	0.6185	0.6182	0.0000	45.9391	1.4026	479.1272	318.6603	38.7037	470.0915	95.4167	476.7716	94.6065	479.5604	95.0231	482.7422	94.9537	
28/08/2017	00:24:14	019001	G523126622HLR	L523	S		431.2020	1.0311	3.6019	100.0375	40.0681	0.8230	0.8252	5.0000	17.3020	508.0334	94.9537	22.0925	25.0000	0.9300	0.9278	0.6214	-0.0002	508.0000	508.2827	1.0285	11.0891	100.0104	39.6202	0.8230	0.8196	5.0000	-9999.0000	-9999.0000	-9999.0000	-9999.0000	-9999.0000	-9999.0000	18.1126	6	0	30.2634	1.0000	06	2	-9999.0000	38933	67074	-9999	1528	1387	-9999	314.4495	5	0.6183	0.6214	-0.0002	45.3147	1.4333	469.6583	330.9013	36.8981	460.5184	95.9028	466.5685	94.7917	469.4213	94.9306	472.1805	95.0231	
28/08/2017	00:24:46	019001	G523126619HLR	L523	S		434.8771	1.0311	3.4190	99.9609	39.9347	0.8230	0.8251	5.0000	17.1828	508.0587	94.8843	19.1733	25.0000	0.9300	0.9276	0.6239	-0.0003	508.0000	509.7810	1.0285	11.2756	99.9916	39.6352	0.8230	0.8197	5.0000	-9999.0000	-9999.0000	-9999.0000	-9999.0000	-9999.0000	-9999.0000	18.0422	7	0	31.8135	1.0000	06	2	-9999.0000	38934	67075	-9999	1529	1388	-9999	314.3014	5	0.6182	0.6239	-0.0003	43.7971	1.5034	470.7973	301.5531	38.3102	460.5172	95.5093	469.1768	94.5833	472.4094	95.0926	475.7499	94.9306	
28/08/2017	00:25:17	019001	G523126618HLR	L523	S		435.4288	1.0311	3.3916	99.9635	40.0154	0.8230	0.8254	5.0000	17.1026	508.0284	94.8611	18.1428	24.9000	0.9300	0.9275	0.6272	-0.0004	508.0000	508.3453	1.0285	11.0969	99.8946	39.6359	0.8230	0.8196	5.0000	-9999.0000	-9999.0000	-9999.0000	-9999.0000	-9999.0000	-9999.0000	18.0228	8	0	30.8641	1.0000	06	2	-9999.0000	38935	67076	-9999	1530	1389	-9999	314.4472	5	0.6184	0.6272	-0.0004	45.3946	1.4322	470.4212	319.3706	38.2639	460.2705	95.5787	468.4265	94.5370	472.0375	95.1389	474.9448	94.9769	
28/08/2017	00:25:43	019001	G523126615HLR	L523	S		435.2064	1.0311	3.4027	100.0317	40.0493	0.8230	0.8252	5.0000	17.1623	508.0467	94.8843	18.4320	24.9000	0.9300	0.9274	0.6307	-0.0006	508.0000	509.8073	1.0285	11.2789	99.9761	39.6329	0.8230	0.8196	5.0000	-9999.0000	-9999.0000	-9999.0000	-9999.0000	-9999.0000	-9999.0000	17.9732	1	0	26.9330	1.0000	06	2	-9999.0000	38936	67077	-9999	1531	1390	-9999	314.6472	5	0.6186	0.6307	-0.0006	46.6227	1.3768	468.7541	318.2352	38.2870	459.0128	95.5787	465.7314	94.5602	469.0593	95.1389	472.8847	94.9769	
28/08/2017	00:26:12	019001	G523126609HLR	L523	S		434.7116	1.0311	3.4273	99.9772	39.9637	0.8230	0.8252	5.0000	17.2619	508.0384	94.8611	18.2220	25.0000	0.9300	0.9277	0.6285	-0.0005	508.0000	507.8525	1.0285	11.0356	99.9896	39.6199	0.8230	0.8196	5.0000	-9999.0000	-9999.0000	-9999.0000	-9999.0000	-9999.0000	-9999.0000	18.1029	2	0	28.3141	1.0000	06	2	-9999.0000	38937	67078	-9999	1532	1391	-9999	315.1353	5	0.6184	0.6285	-0.0005	47.3859	1.3450	467.8753	314.6570	39.1435	458.5119	95.3935	466.3198	94.5602	469.7680	95.1157	472.5282	94.9537	
28/08/2017	00:26:43	019001	G523126610HLR	L523	S		434.3051	1.0311	3.4475	100.0089	39.9375	0.8230	0.8254	5.0000	17.1319	508.0444	94.9074	20.3121	24.9000	0.9300	0.9277	0.6271	-0.0004	508.0000	508.8556	1.0285	11.1605	100.0145	39.6081	0.8230	0.8197	5.0000	-9999.0000	-9999.0000	-9999.0000	-9999.0000	-9999.0000	-9999.0000	18.0617	3	0	31.0329	1.0000	06	2	-9999.0000	38938	67079	-9999	1533	1392	-9999	314.3347	5	0.6184	0.6271	-0.0004	48.0972	1.3220	466.9516	323.9688	37.3148	458.1136	95.7176	463.3245	94.4907	466.9243	95.1389	470.1344	94.9306	
28/08/2017	00:27:15	019001	G523126611HLR	L523	S		435.6272	1.0311	3.3817	99.9788	40.0523	0.8230	0.8255	5.0000	17.1222	508.0185	94.8843	18.8627	25.0000	0.9300	0.9277	0.6247	-0.0003	508.0000	509.2313	1.0285	11.2072	100.0550	39.6565	0.8230	0.8197	5.0000	-9999.0000	-9999.0000	-9999.0000	-9999.0000	-9999.0000	-9999.0000	18.1716	4	0	32.6340	1.0000	06	2	-9999.0000	38939	67080	-9999	1534	1393	-9999	314.4847	5	0.6181	0.6247	-0.0003	49.7965	1.2511	469.3910	327.3733	37.7083	461.0912	95.6481	465.1988	94.5602	468.4586	95.1157	471.6693	94.8843	
28/08/2017	00:27:47	019001	G523126607HLR	L523	S		441.4376	1.0311	3.0927	99.9925	40.0715	0.8230	0.8253	5.0000	17.2716	508.0521	94.8843	15.4824	25.0000	0.9300	0.9277	0.6247	-0.0003	508.0000	510.9827	1.0285	11.4252	99.9862	39.6552	0.8230	0.8195	5.0000	-9999.0000	-9999.0000	-9999.0000	-9999.0000	-9999.0000	-9999.0000	18.0715	5	0	31.5439	1.0000	06	2	-9999.0000	38940	67081	-9999	1535	1394	-9999	314.8294	5	0.6181	0.6247	-0.0003	49.7965	1.2511	474.5986	319.1397	36.3889	464.3344	95.8333	473.8047	94.5602	477.8340	95.0926	480.9013	94.9769	
28/08/2017	00:28:18	019001	G523126604HLR	L523	S		437.7446	1.0311	3.2764	100.0189	39.9651	0.8230	0.8252	5.0000	17.0820	508.0353	94.8611	16.3116	25.0000	0.9300	0.9277	0.6258	-0.0004	508.0000	510.9083	1.0285	11.4160	99.9842	39.6191	0.8230	0.8195	5.0000	-9999.0000	-9999.0000	-9999.0000	-9999.0000	-9999.0000	-9999.0000	18.0618	6	0	31.4237	1.0000	06	2	-9999.0000	38941	67082	-9999	1536	1395	-9999	314.9339	5	0.6184	0.6258	-0.0004	50.1403	1.2321	473.2266	328.3566	37.3843	463.8429	95.7639	470.7554	94.6065	473.6758	95.0694	477.1063	94.9769	
28/08/2017	00:28:49	019001	G523126597HLR	L523	S		433.6990	1.0311	3.4777	100.0673	39.9459	0.8230	0.8254	5.0000	17.1722	508.0344	94.9074	19.5727	24.9000	0.9300	0.9276	0.6249	-0.0003	508.0000	509.0081	1.0285	11.1794	99.8964	39.6228	0.8230	0.8196	5.0000	-9999.0000	-9999.0000	-9999.0000	-9999.0000	-9999.0000	-9999.0000	18.0726	7	0	30.9139	1.0000	06	2	-9999.0000	38942	67083	-9999	1537	1396	-9999	314.1862	5	0.6183	0.6249	-0.0003	50.4178	1.2224	467.8165	313.9370	35.9028	457.7465	96.0417	464.6112	94.4444	468.3199	95.1157	471.5019	94.9537	
28/08/2017	00:29:18	019001	G523125974HLR	L523	S		431.1071	1.0311	3.6066	100.0169	40.0291	0.8230	0.8254	5.0000	17.5021	508.0348	94.9074	20.6217	24.9000	0.9300	0.9277	0.6201	-0.0001	508.0000	509.3078	1.0285	11.2167	99.9638	39.6465	0.8230	0.8196	5.0000	-9999.0000	-9999.0000	-9999.0000	-9999.0000	-9999.0000	-9999.0000	18.1223	8	0	28.3834	1.0000	04	3	-9999.0000	38943	67084	-9999	1538	1397	-9999	313.9023	5	0.6182	0.6201	-0.0001	51.3087	1.1846	467.2619	328.7404	37.2454	458.3916	95.2778	464.1017	94.5602	468.0471	95.1157	469.9763	94.9537	
28/08/2017	00:29:52	019001	G523125969HLR	L523	S		431.5606	1.0311	3.5840	99.9845	40.0838	0.8230	0.8253	5.0000	17.2921	508.0616	94.9074	20.1021	24.9000	0.9300	0.9277	0.6201	-0.0001	508.0000	507.9427	1.0285	11.0468	99.9678	39.6399	0.8230	0.8196	5.0000	-9999.0000	-9999.0000	-9999.0000	-9999.0000	-9999.0000	-9999.0000	18.0519	1	0	34.3743	1.0000	04	3	-9999.0000	38944	67085	-9999	1539	1398	-9999	313.9939	5	0.6181	0.6201	-0.0001	53.2660	1.0881	470.1889	328.2387	37.8472	461.3213	95.6481	466.4361	94.6065	470.2501	95.0463	473.4607	94.9769	
28/08/2017	00:30:24	019001	G523125980HLR	L523	S		432.6541	1.0311	3.5296	100.0049	40.0052	0.8230	0.8252	5.0000	17.2025	508.0345	94.8843	19.4418	24.9000	0.9300	0.9276	0.6201	-0.0001	508.0000	507.8863	1.0285	11.0398	99.9131	39.6342	0.8230	0.8196	5.0000	-9999.0000	-9999.0000	-9999.0000	-9999.0000	-9999.0000	-9999.0000	18.0120	2	0	31.8047	1.0000	04	3	-9999.0000	38945	67086	-9999	1540	1399	-9999	314.0081	5	0.6177	0.6201	-0.0001	56.3078	0.9411	470.8720	332.4406	37.5231	461.7714	95.7639	468.0339	94.4444	471.5692	95.1389	474.6635	94.9306	
28/08/2017	00:30:54	019001	G523125946HLR	L523	S		437.6514	1.0311	3.2810	99.9818	39.9824	0.8230	0.8253	5.0000	17.0919	508.0475	94.8843	19.4624	24.9000	0.9300	0.9276	0.6201	-0.0001	508.0000	508.3305	1.0285	11.0951	99.9647	39.6474	0.8230	0.8196	5.0000	-9999.0000	-9999.0000	-9999.0000	-9999.0000	-9999.0000	-9999.0000	18.0813	3	0	29.6227	1.0000	04	3	-9999.0000	38946	67087	-9999	1541	1399	-9999	314.0154	5	0.6175	0.6201	-0.0001	51.4783	1.2105	473.2661	335.3230	37.7778	464.2640	95.6713	468.9365	94.7685	472.1963	94.9769	475.2276	94.9769	
28/08/2017	00:31:23	019001	G523125947HLR	L523	S		440.0536	1.0311	3.1615	99.9905	40.0301	0.8230	0.8254	5.0000	17.2424	508.0391	94.8843	16.3819	24.9000	0.9300	0.9277	0.6201	-0.0001	508.0000	506.0500	1.0285	10.8112	99.9568	39.6123	0.8230	0.8196	5.0000	-9999.0000	-9999.0000	-9999.0000	-9999.0000	-9999.0000	-9999.0000	18.0525	4	0	29.8445	1.0000	04	3	-9999.0000	38947	67088	-9999	1542	1400	-9999	314.1773	5	0.6176	0.6201	-0.0001	49.8574	1.2997	478.2680	336.9148	39.2130	469.1304	95.4167	475.6258	94.6296	478.2975	95.0926	481.7074	94.9537	
28/08/2017	00:32:05	019001	G523125964HLR	L523	S		0.0000	0.0000	0.0000	0.0000	0.0000	0.8230	0.0000	0.0000	0.0000	0.0000	0.0000	0.0000	0.0000	0.9300	0.0000	0.0000	0.0000	0.0000	0.0000	0.0000	0.0000	0.0000	0.0000	0.8230	0.0000	0.0000	0.0000	0.0000	0.0000	0.0000	0.0000	0.0000	0.0000	0	42	29.8445	1.0000	04	3	0.0000	0	0	0	0	0	0	0.0000	0	0.0000	0.0000	0.0000	0.0000	0.0000	0.0000	0.0000	0.0000	0.0000	0.0000	0.0000	0.0000	0.0000	0.0000	0.0000	0.0000	
28/08/2017	00:32:23	019001	G523125952HLR	L523	S		430.4102	1.0311	3.6413	100.0516	40.0401	0.8230	0.8253	5.0000	17.2921	508.0280	94.9537	22.8925	24.9000	0.9300	0.9278	0.6201	-0.0001	508.0000	507.3139	1.0285	10.9685	99.8946	39.6335	0.8230	0.8197	5.0000	-9999.0000	-9999.0000	-9999.0000	-9999.0000	-9999.0000	-9999.0000	18.0822	5	0	59.3969	1.0000	04	3	-9999.0000	38948	67089	-9999	1543	1401	-9999	313.8145	5	0.6176	0.6201	-0.0001	51.3646	1.2260	467.0018	338.7131	37.0370	458.4308	95.3704	462.7294	94.7454	464.8631	94.9537	468.0961	95.0000	
28/08/2017	00:32:50	019001	G523126112HLR	L523	S		429.9927	1.0311	3.6621	100.0129	40.0022	0.8230	0.8253	5.0000	17.1816	508.0292	94.8843	19.7817	24.9000	0.9300	0.9277	0.6201	-0.0001	508.0000	508.1533	1.0285	11.0730	99.8872	39.6516	0.8230	0.8197	5.0000	-9999.0000	-9999.0000	-9999.0000	-9999.0000	-9999.0000	-9999.0000	18.0822	6	0	27.3334	1.0000	04	3	-9999.0000	38949	67090	-9999	1544	1402	-9999	313.9837	5	0.6177	0.6201	-0.0001	49.1124	1.3370	470.6819	338.2928	37.0139	461.9018	95.8333	466.6749	94.6759	469.9425	94.9769	473.6633	94.9537	
28/08/2017	00:33:26	019001	G523126109HLR	L523	S		436.4253	1.0311	3.3420	99.9611	40.0329	0.8230	0.8254	5.0000	17.0616	508.0314	94.8611	18.1624	24.9000	0.9300	0.9278	0.6201	-0.0001	508.0000	506.1263	1.0285	10.8207	100.0186	39.5179	0.8230	0.8191	5.0000	-9999.0000	-9999.0000	-9999.0000	-9999.0000	-9999.0000	-9999.0000	18.2824	7	0	35.4438	1.0000	04	3	-9999.0000	38949	67091	-9999	1545	1403	-9999	314.0634	5	0.6177	0.6201	-0.0001	48.2702	1.3595	474.0078	330.6363	38.3333	465.1873	95.5556	471.8969	94.6759	474.4669	95.0463	477.3643	94.9769	
28/08/2017	00:33:57	019001	G523125971HLR	L523	S		435.1161	1.0311	3.4072	99.9888	40.0202	0.8230	0.8253	5.0000	17.0518	508.0371	94.8611	17.8118	24.9000	0.9300	0.9277	0.6201	-0.0001	508.0000	508.9390	1.0285	11.1708	100.0074	39.5500	0.8230	0.8199	5.0000	-9999.0000	-9999.0000	-9999.0000	-9999.0000	-9999.0000	-9999.0000	18.0325	8	0	31.6848	1.0000	04	3	-9999.0000	38950	67092	-9999	1546	1404	-9999	314.0952	5	0.6177	0.6201	-0.0001	50.9003	1.2063	474.2375	327.5252	37.2685	465.2452	95.6481	471.4644	94.5602	474.3538	95.1389	477.7382	94.9306	
28/08/2017	00:34:27	019001	G523125973HLR	L523	S		435.0930	1.0311	3.4083	99.9650	40.0000	0.8230	0.8253	5.0000	17.1417	508.0505	94.8611	18.4925	25.0000	0.9300	0.9277	0.6201	-0.0001	508.0000	508.6641	1.0285	11.1366	99.9620	39.7054	0.8230	0.8198	5.0000	-9999.0000	-9999.0000	-9999.0000	-9999.0000	-9999.0000	-9999.0000	18.0119	1	0	30.1930	1.0000	04	3	-9999.0000	38951	67093	-9999	1547	1405	-9999	314.0711	5	0.6178	0.6201	-0.0001	49.6277	1.2891	473.1175	317.1891	37.4306	462.8193	95.7639	471.0401	94.7685	473.2632	94.9537	476.7089	95.0000	
28/08/2017	00:35:03	019001	G523126319HLR	L523	S		438.6435	1.0311	3.2317	100.0271	40.0064	0.8230	0.8253	5.0000	17.2615	508.0220	94.9074	15.3114	25.1000	0.9300	0.9283	0.6201	-0.0001	508.0000	507.3575	1.0285	10.9740	99.9486	39.6147	0.8230	0.8194	5.0000	-9999.0000	-9999.0000	-9999.0000	-9999.0000	-9999.0000	-9999.0000	18.0325	2	0	35.6849	1.0000	04	3	-9999.0000	38952	67094	-9999	1548	1406	-9999	314.2154	5	0.6178	0.6201	-0.0001	49.6277	1.2891	479.7454	325.6263	37.8009	470.5133	95.9954	477.4889	94.5602	479.8927	95.0926	483.4589	94.9769	
28/08/2017	00:35:28	019001	G523126298HLR	L523	S		423.6091	1.0311	3.9796	99.9774	40.0287	0.8230	0.8252	5.0000	17.1425	508.0431	95.0231	23.9531	24.9000	0.9300	0.9280	0.6258	-0.0004	508.0000	507.6861	1.0285	11.0149	99.9007	39.5907	0.8230	0.8196	5.0000	-9999.0000	-9999.0000	-9999.0000	-9999.0000	-9999.0000	-9999.0000	18.0522	3	0	25.0929	1.0000	04	3	-9999.0000	38953	67095	-9999	1549	1407	-9999	313.6244	5	0.6183	0.6258	-0.0004	39.1216	1.8033	464.6740	320.9537	38.4491	455.8602	95.8102	460.3985	94.6759	463.3263	95.0694	466.3794	94.9306	
28/08/2017	00:35:56	019001	G523125943HLR	L523	S		433.5725	1.0311	3.4840	99.9992	39.8359	0.8230	0.8253	5.0000	17.1027	508.0461	94.8611	19.6421	24.9000	0.9300	0.9276	0.6246	-0.0003	508.0000	506.1247	1.0285	10.8205	99.9839	39.6421	0.8230	0.8196	5.0000	-9999.0000	-9999.0000	-9999.0000	-9999.0000	-9999.0000	-9999.0000	18.1623	4	0	27.9732	1.0000	04	3	-9999.0000	38954	67096	-9999	1550	1407	-9999	314.0874	5	0.6183	0.6246	-0.0003	40.0194	1.7589	468.5848	328.0233	38.3333	460.1730	95.5787	465.4464	94.6528	467.4672	95.0231	470.3951	94.9537	
28/08/2017	00:36:21	019001	G523125981HLR	L523	S		433.2484	1.0311	3.5001	100.0288	40.1000	0.8230	0.8257	5.0000	17.1916	508.0275	94.8611	18.6722	24.9000	0.9300	0.9275	0.6227	-0.0002	508.0000	508.8360	1.0285	11.1580	99.9239	39.5973	0.8230	0.8197	5.0000	-9999.0000	-9999.0000	-9999.0000	-9999.0000	-9999.0000	-9999.0000	18.0823	5	0	25.0528	1.0000	04	3	-9999.0000	38955	67097	-9999	1551	1408	-9999	314.2248	5	0.6186	0.6227	-0.0002	45.9506	1.4394	469.6814	330.9134	40.7176	461.6631	95.1157	467.0106	94.6759	470.7799	95.0463	473.5008	94.9769	
28/08/2017	00:36:49	019001	G523126333HLR	L523	S		431.0031	1.0311	3.6118	99.9977	40.1577	0.8230	0.8254	5.0000	17.1223	508.0410	94.9769	23.6924	24.9000	0.9300	0.9277	0.6221	-0.0002	508.0000	507.9122	1.0285	11.0430	99.9628	39.6500	0.8230	0.8198	5.0000	-9999.0000	-9999.0000	-9999.0000	-9999.0000	-9999.0000	-9999.0000	18.0715	6	0	27.8335	1.0000	04	3	-9999.0000	38956	67098	-9999	1552	1409	-9999	313.7091	5	0.6185	0.6221	-0.0002	40.9105	1.7141	463.1686	328.9031	38.4259	455.4667	95.5093	459.2527	94.6296	462.2681	95.0463	465.4369	94.9769	
28/08/2017	00:37:44	019001	G523126291HLR	L523	S		438.7615	1.0311	3.2258	99.9735	39.9351	0.8230	0.8253	5.0000	17.2326	508.0429	94.8843	15.9619	25.1000	0.9300	0.9282	0.6220	-0.0002	508.0000	508.8994	1.0285	11.1659	99.9904	39.5396	0.8230	0.8192	5.0000	-9999.0000	-9999.0000	-9999.0000	-9999.0000	-9999.0000	-9999.0000	18.3118	8	0	27.5641	1.0000	04	3	-9999.0000	38958	67099	-9999	1554	1410	-9999	314.6836	5	0.6187	0.6220	-0.0002	41.5578	1.7002	476.1867	301.6539	35.4398	466.0003	95.5556	474.8559	94.5833	477.3427	95.0926	480.9732	94.9074	
28/08/2017	00:38:16	019001	G523126302HLR	L523	S		443.6203	1.0311	2.9841	99.9858	40.0000	0.8230	0.8255	5.0000	17.2325	508.0103	95.0000	12.0210	25.0000	0.9300	0.9279	0.6220	-0.0002	508.0000	510.9991	1.0285	11.4273	99.9486	39.5500	0.8230	0.8198	5.0000	-9999.0000	-9999.0000	-9999.0000	-9999.0000	-9999.0000	-9999.0000	18.0119	1	0	32.6339	1.0000	04	3	-9999.0000	38959	67100	-9999	1555	1411	-9999	314.9517	5	0.6187	0.6220	-0.0002	41.5578	1.7002	485.7563	333.8239	39.5833	476.9036	95.2083	483.6067	94.6065	488.0368	95.1157	491.0020	94.9074	
28/08/2017	00:38:44	019001	G523126313HLR	L523	S		439.0231	1.0311	3.2128	100.0554	40.1000	0.8230	0.8255	5.0000	17.1226	508.0234	94.8843	15.8017	25.0000	0.9300	0.9279	0.6205	-0.0001	508.0000	510.6639	1.0285	11.3855	99.9894	39.7000	0.8230	0.8200	5.0000	-9999.0000	-9999.0000	-9999.0000	-9999.0000	-9999.0000	-9999.0000	18.1614	2	0	27.5931	1.0000	04	3	-9999.0000	38960	67101	-9999	1556	1412	-9999	314.3939	5	0.6184	0.6205	-0.0001	50.2727	1.2453	479.9620	334.9056	37.8704	471.4793	95.6481	477.1457	94.6065	480.2373	95.0926	483.3168	94.9306	
28/08/2017	00:39:09	019001	G523126322HLR	L523	S		439.1508	1.0311	3.2064	99.9438	40.0433	0.8230	0.8253	5.0000	17.1817	508.0262	94.8611	15.5527	25.0000	0.9300	0.9279	0.6205	-0.0001	508.0000	509.3599	1.0285	11.2232	99.9240	39.6866	0.8230	0.8195	5.0000	-9999.0000	-9999.0000	-9999.0000	-9999.0000	-9999.0000	-9999.0000	18.0930	3	0	25.0235	1.0000	04	3	-9999.0000	38960	67102	-9999	1557	1413	-9999	314.4084	5	0.6184	0.6205	-0.0001	50.2727	1.2453	478.9356	320.2855	38.9352	469.7866	95.3935	477.1127	94.5833	479.7164	95.1389	482.5249	94.9537	
28/08/2017	00:39:37	019001	G523126303HLR	L523	S		436.8091	1.0311	3.3229	100.0039	40.0000	0.8230	0.8253	5.0000	17.2012	508.0326	94.8843	15.6025	25.0000	0.9300	0.9279	0.6205	-0.0001	508.0000	507.5132	1.0285	10.9933	99.9870	39.5931	0.8230	0.8195	5.0000	-9999.0000	-9999.0000	-9999.0000	-9999.0000	-9999.0000	-9999.0000	17.9415	4	0	28.2231	1.0000	04	3	-9999.0000	38961	67103	-9999	1558	1414	-9999	314.3197	5	0.6184	0.6205	-0.0001	47.7539	1.3915	478.2978	321.8222	37.3380	467.7711	95.6944	476.1956	94.4907	479.7058	95.1389	482.3948	94.9306	
28/08/2017	00:40:07	019001	G523126295HLR	L523	S		433.0931	1.0311	3.5078	99.9639	40.0000	0.8230	0.8253	5.0000	17.2120	508.0083	94.9537	21.1725	24.9000	0.9300	0.9279	0.6183	-0.0000	508.0000	510.9698	1.0285	11.4236	99.9892	39.6000	0.8230	0.8198	5.0000	-9999.0000	-9999.0000	-9999.0000	-9999.0000	-9999.0000	-9999.0000	18.0724	5	0	30.1032	1.0000	04	3	-9999.0000	38962	67104	-9999	1559	1415	-9999	313.9674	5	0.6178	0.6183	-0.0000	54.7637	1.0125	470.3395	331.4923	37.7778	460.5181	95.7639	468.1562	94.7685	471.3122	94.9537	473.7467	95.0000	
28/08/2017	00:40:35	019001	G523126301HLR	L523	S		437.4861	1.0311	3.2892	100.0294	40.0000	0.8230	0.8254	5.0000	17.3311	508.0248	94.8611	15.5820	25.0000	0.9300	0.9277	0.6183	-0.0000	508.0000	508.6665	1.0285	11.1369	100.0065	39.7000	0.8230	0.8198	5.0000	-9999.0000	-9999.0000	-9999.0000	-9999.0000	-9999.0000	-9999.0000	18.1126	6	0	27.6938	1.0000	04	3	-9999.0000	38963	67105	-9999	1560	1416	-9999	314.0252	5	0.6178	0.6183	-0.0000	54.7637	1.0125	478.7844	322.9595	36.8981	468.0621	95.7639	476.5703	94.5602	480.1410	95.1157	483.0332	94.9769	
28/08/2017	00:41:03	019001	G523126321HLR	L523	S		416.2862	1.0311	4.3440	100.0137	40.0479	0.8230	0.8254	5.0000	17.2921	0.0000	0.0000	0.0000	0.0000	0.9300	0.0000	0.0000	0.0000	0.0000	417.2335	1.0285	-0.2448	99.9747	39.6492	0.8230	0.8197	5.0000	-9999.0000	-9999.0000	-9999.0000	-9999.0000	-9999.0000	-9999.0000	17.9718	7	7	28.6031	1.0000	04	3	-9999.0000	38964	0	-9999	1561	1417	-9999	0.0000	0	0.0000	0.0000	0.0000	0.0000	0.0000	0.0000	0.0000	0.0000	0.0000	0.0000	0.0000	0.0000	0.0000	0.0000	0.0000	0.0000	
28/08/2017	00:41:33	019001	G523126474HLR	L523	S		437.0126	1.0311	3.3128	99.9819	40.0000	0.8230	0.8253	5.0000	17.1211	508.0136	94.8843	16.2119	25.1000	0.9300	0.9282	0.6169	0.0000	508.0000	508.3331	1.0285	11.0954	99.9273	39.6000	0.8230	0.8196	5.0000	-9999.0000	-9999.0000	-9999.0000	-9999.0000	-9999.0000	-9999.0000	18.0921	8	0	29.8241	1.0000	04	3	-9999.0000	38965	67106	-9999	1562	1418	-9999	313.9173	5	0.6175	0.6169	0.0000	54.7778	1.0228	477.5315	325.1081	38.3796	468.4679	95.5787	477.0550	94.6065	480.3559	95.0694	482.6060	94.9537	
28/08/2017	00:42:00	019001	G523126478HLR	L523	S		433.8583	1.0311	3.4697	100.0149	40.0000	0.8230	0.8253	5.0000	17.2920	508.0333	94.8843	18.6625	25.0000	0.9300	0.9279	0.6169	0.0000	508.0000	509.5303	1.0285	11.2444	99.9544	39.6500	0.8230	0.8197	5.0000	-9999.0000	-9999.0000	-9999.0000	-9999.0000	-9999.0000	-9999.0000	18.0919	1	0	26.4329	1.0000	04	3	-9999.0000	38966	67107	-9999	1563	1418	-9999	313.7646	5	0.6175	0.6169	0.0000	56.9503	0.8862	475.4613	340.9783	38.0093	466.9834	95.7407	472.0921	94.6065	475.3706	95.0694	478.6716	95.0000	
28/08/2017	00:42:26	019001	G523126483HLR	L523	S		437.5692	1.0311	3.2851	99.9857	40.0311	0.8230	0.8254	5.0000	17.3528	508.0257	94.9074	15.6826	25.0000	0.9300	0.9278	0.6169	0.0000	508.0000	508.7164	1.0285	11.1431	99.9474	39.6760	0.8230	0.8196	5.0000	-9999.0000	-9999.0000	-9999.0000	-9999.0000	-9999.0000	-9999.0000	18.1525	2	0	26.4436	1.0000	04	3	-9999.0000	38967	67108	-9999	1564	1419	-9999	313.7054	5	0.6175	0.6169	0.0000	56.9503	0.8862	480.5500	340.6544	38.6111	471.0182	95.6250	478.5495	94.6759	480.5070	95.0231	483.6676	95.0000	
28/08/2017	00:42:51	019001	G523126305HLR	L523	S		436.6643	1.0311	3.3301	99.9918	40.0719	0.8230	0.8253	5.0000	17.3419	508.0257	94.8843	17.1515	24.9000	0.9300	0.9276	0.6163	0.0001	508.0000	508.6266	1.0285	11.1319	99.9704	39.6458	0.8230	0.8197	5.0000	-9999.0000	-9999.0000	-9999.0000	-9999.0000	-9999.0000	-9999.0000	18.0023	3	0	25.1027	1.0000	04	3	-9999.0000	38968	67109	-9999	1565	1420	-9999	313.7318	5	0.6172	0.6163	0.0001	51.7842	1.2279	478.8458	322.9023	37.2685	469.9122	95.2546	475.9276	94.7222	478.1712	95.0000	481.5351	94.9769	
28/08/2017	00:46:48	019001	G523126294HLR	L523	S		437.1187	1.0311	3.3075	100.0088	40.0124	0.8230	0.8253	5.0000	17.2121	508.0282	94.8843	17.7717	24.9000	0.9300	0.9276	0.6185	-0.0001	508.0000	506.2003	1.0285	10.8299	99.9780	39.6500	0.8230	0.8197	5.0000	-9999.0000	-9999.0000	-9999.0000	-9999.0000	-9999.0000	-9999.0000	18.1721	4	0	236.4488	1.0000	04	3	-9999.0000	38969	67110	-9999	1566	1421	-9999	313.7180	5	0.6170	0.6185	-0.0001	51.7510	1.2303	478.1009	324.2452	36.0880	468.9667	95.9722	474.6362	94.5370	477.5037	95.1389	480.2078	94.9306	
28/08/2017	00:47:28	019001	G523126548HLR	L523	S		438.8267	1.0311	3.2226	100.0308	40.0052	0.8230	0.8253	5.0000	17.2714	508.0297	94.8843	14.9716	24.9000	0.9300	0.9276	0.6185	-0.0001	508.0000	508.1577	1.0285	11.0736	99.9552	39.6768	0.8230	0.8198	5.0000	-9999.0000	-9999.0000	-9999.0000	-9999.0000	-9999.0000	-9999.0000	18.0021	5	0	40.6252	1.0000	04	3	-9999.0000	38970	67111	-9999	1567	1421	-9999	313.5876	5	0.6170	0.6185	-0.0001	51.7510	1.2303	479.1641	329.6446	37.4537	470.3575	95.5556	477.4599	94.5602	480.7072	95.1389	484.0898	94.9306	
28/08/2017	00:47:59	019001	G523126480HLR	L523	S		438.3645	1.0311	3.2455	99.9635	40.0371	0.8230	0.8253	5.0000	17.3427	508.0606	94.9769	14.4422	24.9000	0.9300	0.9275	0.6219	-0.0003	508.0000	507.3875	1.0285	10.9777	100.0489	39.3992	0.8230	0.8196	5.0000	-9999.0000	-9999.0000	-9999.0000	-9999.0000	-9999.0000	-9999.0000	18.3422	6	0	30.7937	1.0000	04	3	-9999.0000	38971	67112	-9999	1568	1422	-9999	313.7588	5	0.6169	0.6219	-0.0003	51.7681	1.2299	478.7023	329.5848	37.3843	469.1350	95.7176	477.4982	94.5602	480.9491	95.1157	483.7946	94.9537	
28/08/2017	00:48:30	019001	G523126481HLR	L523	S		440.8281	1.0311	3.1230	100.0106	40.0259	0.8230	0.8253	5.0000	17.1621	508.0192	95.0000	13.1618	24.9000	0.9300	0.9275	0.6223	-0.0003	508.0000	507.3064	1.0285	10.9676	100.0361	39.5887	0.8230	0.8200	5.0000	-9999.0000	-9999.0000	-9999.0000	-9999.0000	-9999.0000	-9999.0000	18.0423	7	0	30.9335	1.0000	04	3	-9999.0000	38972	67113	-9999	1569	1423	-9999	313.8826	5	0.6168	0.6223	-0.0003	52.2344	1.2026	483.4786	327.9201	38.1944	474.4559	95.5324	480.4417	94.7454	483.7131	95.0000	487.0193	95.0000	
28/08/2017	00:48:58	019001	G523126473HLR	L523	S		437.8238	1.0311	3.2724	100.0408	40.0216	0.8230	0.8253	5.0000	17.1721	508.0543	94.9074	14.6122	24.9000	0.9300	0.9276	0.6246	-0.0005	508.0000	507.8523	1.0285	11.0356	99.9436	39.5693	0.8230	0.8198	5.0000	-9999.0000	-9999.0000	-9999.0000	-9999.0000	-9999.0000	-9999.0000	17.9416	8	0	28.4136	1.0000	04	3	-9999.0000	38973	67114	-9999	1570	1424	-9999	313.8594	5	0.6171	0.6246	-0.0005	50.4498	1.3050	477.7576	325.9186	37.3611	468.5699	95.8796	475.6953	94.4907	478.6792	95.1620	481.5672	94.9074	
28/08/2017	00:49:27	019001	G523126471HLR	L523	S		437.5165	1.0311	3.2877	100.0017	40.0070	0.8230	0.8253	5.0000	17.2413	508.0664	94.9074	16.1113	25.0000	0.9300	0.9278	0.6254	-0.0005	508.0000	508.5780	1.0285	11.1259	99.9753	39.5597	0.8230	0.8198	5.0000	-9999.0000	-9999.0000	-9999.0000	-9999.0000	-9999.0000	-9999.0000	17.9816	1	0	28.7339	1.0000	04	3	-9999.0000	38974	67115	-9999	1571	1425	-9999	313.5398	5	0.6173	0.6254	-0.0005	49.6339	1.3476	476.4484	298.7865	36.9907	465.4998	96.6435	472.3275	94.7454	475.6270	94.9074	478.9465	94.9537	
28/08/2017	00:49:57	019001	G523126468HLR	L523	S		436.4018	1.0311	3.3432	99.9460	39.9273	0.8230	0.8255	5.0000	17.2521	508.0431	94.9074	18.7718	25.0000	0.9300	0.9277	0.6254	-0.0005	508.0000	508.7492	1.0285	11.1472	99.9612	39.5643	0.8230	0.8198	5.0000	-9999.0000	-9999.0000	-9999.0000	-9999.0000	-9999.0000	-9999.0000	18.0121	2	0	29.7137	1.0000	04	3	-9999.0000	38975	67116	-9999	1572	1426	-9999	312.8631	5	0.6173	0.6254	-0.0005	48.4281	1.4155	468.4865	333.4321	38.4491	458.8328	95.8565	465.7015	94.6759	469.0735	95.0231	472.7521	95.0000	
28/08/2017	00:50:29	019001	G523126466HLR	L523	S		432.9681	1.0311	3.5140	100.0240	39.9549	0.8230	0.8256	5.0000	17.2716	508.0566	94.9074	19.4731	24.9000	0.9300	0.9278	0.6254	-0.0005	508.0000	504.4476	1.0285	10.6117	99.9371	39.6000	0.8230	0.8198	5.0000	-9999.0000	-9999.0000	-9999.0000	-9999.0000	-9999.0000	-9999.0000	18.0326	3	0	31.7235	1.0000	04	3	-9999.0000	38976	67117	-9999	1573	1427	-9999	312.6887	5	0.6176	0.6254	-0.0005	46.9964	1.5182	467.6036	325.5079	38.1713	459.3646	95.6713	463.7185	94.5833	466.6189	95.0694	470.3945	94.9769	
28/08/2017	00:51:00	019001	G523126157HLR	L523	S		436.6733	1.0311	3.3297	99.9976	40.0000	0.8230	0.8255	5.0000	17.2414	508.0644	94.8843	16.4327	24.9000	0.9300	0.9276	0.6255	-0.0005	508.0000	505.0323	1.0285	10.6845	99.9599	39.6000	0.8230	0.8198	5.0000	-9999.0000	-9999.0000	-9999.0000	-9999.0000	-9999.0000	-9999.0000	17.9623	4	0	31.5840	1.0000	12	2	-9999.0000	38977	67118	-9999	1574	1428	-9999	313.5101	5	0.6175	0.6255	-0.0005	47.0702	1.5060	472.1043	329.0778	36.3194	463.2240	95.8102	469.5980	94.5833	472.0818	95.0463	475.1266	94.9769	
28/08/2017	00:51:33	019001	G523126175HLR	L523	S		436.2339	1.0311	3.3515	100.0378	39.9950	0.8230	0.8254	5.0000	17.1515	508.0311	94.8843	17.2316	24.9000	0.9300	0.9277	0.6265	-0.0006	508.0000	506.8321	1.0285	10.9086	99.9881	39.5973	0.8230	0.8197	5.0000	-9999.0000	-9999.0000	-9999.0000	-9999.0000	-9999.0000	-9999.0000	17.9412	5	0	32.4540	1.0000	12	2	-9999.0000	38978	67119	-9999	1575	1429	-9999	313.2174	5	0.6173	0.6265	-0.0006	53.3237	1.0822	470.7214	334.6961	39.8611	462.9180	95.2778	468.2469	94.5602	471.9366	95.1389	474.4210	94.8843	
28/08/2017	00:52:06	019001	G523126178HLR	L523	S		434.5151	1.0311	3.4371	99.9536	39.9415	0.8230	0.8254	5.0000	17.1417	508.0330	94.8611	17.7229	24.9000	0.9300	0.9278	0.6202	-0.0002	508.0000	505.6632	1.0285	10.7631	99.9512	39.5841	0.8230	0.8197	5.0000	-9999.0000	-9999.0000	-9999.0000	-9999.0000	-9999.0000	-9999.0000	18.1721	6	0	32.9543	1.0000	12	2	-9999.0000	38979	67120	-9999	1576	1430	-9999	312.9397	5	0.6176	0.6202	-0.0002	60.0092	0.6357	468.5312	325.1591	36.5278	459.6660	95.7407	464.8686	94.7222	468.3427	94.9769	472.1697	94.9769	
28/08/2017	00:52:38	019001	G523126179HLR	L523	S		432.4078	1.0311	3.5419	100.0343	39.9822	0.8230	0.8255	5.0000	17.2024	508.0238	94.9306	20.2427	24.9000	0.9300	0.9277	0.6185	-0.0000	508.0000	507.2861	1.0285	10.9651	100.0335	39.6000	0.8230	0.8197	5.0000	-9999.0000	-9999.0000	-9999.0000	-9999.0000	-9999.0000	-9999.0000	18.1926	7	0	32.0938	1.0000	12	2	-9999.0000	38980	67121	-9999	1577	1431	-9999	313.3821	5	0.6180	0.6185	-0.0000	59.3145	0.6551	470.5921	338.1360	38.3565	462.4135	95.4167	466.7139	94.6759	469.8614	95.0000	473.1257	95.0000	
28/08/2017	00:53:10	019001	G523126168HLR	L523	S		432.6348	1.0311	3.5306	100.0450	40.0240	0.8230	0.8254	5.0000	17.2521	508.0186	94.9074	19.5922	24.9000	0.9300	0.9278	0.6177	0.0000	508.0000	508.3277	1.0285	11.0947	99.9805	39.6042	0.8230	0.8197	5.0000	-9999.0000	-9999.0000	-9999.0000	-9999.0000	-9999.0000	-9999.0000	18.0120	8	0	32.7842	1.0000	12	2	-9999.0000	38981	67122	-9999	1578	1432	-9999	313.9478	5	0.6182	0.6177	0.0000	59.7609	0.6180	471.2058	331.9586	39.1204	462.5141	95.2778	468.1241	94.5833	471.7386	95.0694	474.9073	95.0463	
28/08/2017	00:53:45	019001	G523126170HLR	L523	S		432.4284	1.0311	3.5409	99.9797	40.0000	0.8230	0.8253	5.0000	17.4417	508.0268	94.9306	20.9528	24.9000	0.9300	0.9278	0.6174	0.0000	508.0000	507.9937	1.0285	11.0532	100.0051	39.5989	0.8230	0.8197	5.0000	-9999.0000	-9999.0000	-9999.0000	-9999.0000	-9999.0000	-9999.0000	18.0022	1	0	34.5237	1.0000	12	2	-9999.0000	38982	67123	-9999	1579	1433	-9999	314.1830	5	0.6181	0.6174	0.0000	58.7477	0.6940	471.5111	328.0986	36.7824	461.9812	95.6713	468.9684	94.4907	470.7903	95.1157	473.8639	94.9537	
28/08/2017	00:54:16	019001	G523126184HLR	L523	S		433.0871	1.0311	3.5081	100.0326	39.9617	0.8230	0.8253	5.0000	17.2521	508.0319	94.9306	20.9430	24.9000	0.9300	0.9278	0.6183	0.0000	508.0000	508.6069	1.0285	11.1295	99.9616	39.6128	0.8230	0.8197	5.0000	-9999.0000	-9999.0000	-9999.0000	-9999.0000	-9999.0000	-9999.0000	18.0619	2	0	31.0940	1.0000	12	2	-9999.0000	38983	67124	-9999	1580	1434	-9999	314.2109	5	0.6181	0.6183	0.0000	56.0001	0.8671	471.3965	320.6437	36.2731	461.4284	95.6944	467.6187	94.5602	470.4547	95.0926	473.5273	94.9537	
28/08/2017	00:54:50	019001	G523126159HLR	L523	S		433.0698	1.0311	3.5090	99.9816	40.0000	0.8230	0.8255	5.0000	17.1320	508.0256	94.9074	20.6129	24.9000	0.9300	0.9279	0.6194	-0.0001	508.0000	507.5721	1.0285	11.0007	99.9100	39.6000	0.8230	0.8196	5.0000	-9999.0000	-9999.0000	-9999.0000	-9999.0000	-9999.0000	-9999.0000	18.0424	3	0	33.7841	1.0000	12	2	-9999.0000	38984	67124	-9999	1581	1435	-9999	314.1769	5	0.6181	0.6194	-0.0001	53.3617	1.0318	471.0956	328.4811	39.1667	462.5527	95.3472	467.5434	94.5602	471.0602	95.1389	473.8393	94.9306	
28/08/2017	00:55:26	019001	G523126149HLR	L523	S		431.2181	1.0311	3.6011	99.9819	40.0363	0.8230	0.8254	5.0000	17.2119	508.0203	94.9074	20.8024	24.9000	0.9300	0.9278	0.6173	0.0000	508.0000	507.2283	1.0285	10.9579	99.9953	39.6000	0.8230	0.8197	5.0000	-9999.0000	-9999.0000	-9999.0000	-9999.0000	-9999.0000	-9999.0000	18.0022	4	0	36.6541	1.0000	12	2	-9999.0000	38985	67125	-9999	1582	1435	-9999	313.9252	5	0.6180	0.6173	0.0000	53.8016	1.0146	469.3304	319.1972	36.1111	460.1352	95.8333	467.1154	94.7222	468.7326	94.9769	471.8060	94.9769	
28/08/2017	00:55:58	019001	G523126150HLR	L523	S		430.6132	1.0311	3.6312	100.0668	40.0024	0.8230	0.8253	5.0000	17.1720	508.0219	94.9537	23.0624	24.9000	0.9300	0.9279	0.6182	-0.0000	508.0000	507.8822	1.0285	11.0393	100.0523	39.6286	0.8230	0.8197	5.0000	-9999.0000	-9999.0000	-9999.0000	-9999.0000	-9999.0000	-9999.0000	17.9827	5	0	31.9139	1.0000	12	2	-9999.0000	38986	67126	-9999	1583	1436	-9999	314.1518	5	0.6180	0.6182	-0.0000	44.6343	1.4814	468.8791	322.1120	37.9398	459.3813	95.5787	466.0147	94.6065	468.1164	95.0694	470.9748	94.9769	
28/08/2017	00:56:34	019001	G523126147HLR	L523	S		434.4987	1.0311	3.4379	100.0054	39.9760	0.8230	0.8253	5.0000	17.2825	508.0594	94.8843	19.0824	24.9000	0.9300	0.9277	0.6232	-0.0002	508.0000	508.0676	1.0285	11.0624	99.9767	39.5951	0.8230	0.8196	5.0000	-9999.0000	-9999.0000	-9999.0000	-9999.0000	-9999.0000	-9999.0000	18.1420	6	0	36.1245	1.0000	12	2	-9999.0000	38987	67126	-9999	1584	1436	-9999	314.0514	5	0.6183	0.6232	-0.0002	45.2823	1.4418	472.6862	326.5982	38.3333	464.4536	95.4167	469.7500	94.6991	472.3223	94.9769	475.5091	94.9537	
28/08/2017	00:57:07	019001	G523126144HLR	L523	S		430.2354	1.0311	3.6500	99.9590	40.0186	0.8230	0.8254	5.0000	17.1427	508.0331	94.9537	22.3231	24.9000	0.9300	0.9277	0.6234	-0.0002	508.0000	507.3950	1.0285	10.9786	99.9330	39.5902	0.8230	0.8197	5.0000	-9999.0000	-9999.0000	-9999.0000	-9999.0000	-9999.0000	-9999.0000	18.0120	7	0	32.7141	1.0000	12	2	-9999.0000	38988	67127	-9999	1585	1437	-9999	313.8498	5	0.6187	0.6234	-0.0002	44.5291	1.4869	466.6832	322.9363	37.0370	458.3846	95.8565	460.6648	94.6296	464.6282	95.0231	467.7761	95.0000	
28/08/2017	00:57:36	019001	G523126172HLR	L523	S		429.7675	1.0311	3.6733	99.9783	40.0002	0.8230	0.8254	5.0000	17.3321	508.0373	95.0000	24.6632	24.9000	0.9300	0.9277	0.6204	-0.0001	508.0000	508.0097	1.0285	11.0551	100.1033	39.6299	0.8230	0.8197	5.0000	-9999.0000	-9999.0000	-9999.0000	-9999.0000	-9999.0000	-9999.0000	18.0822	8	0	28.9536	1.0000	12	2	-9999.0000	38989	67128	-9999	1586	1438	-9999	313.6875	5	0.6185	0.6204	-0.0001	47.2645	1.3466	462.0436	335.6669	36.6898	453.2757	95.9259	459.4052	94.5602	461.6831	95.1157	464.4110	94.9306	
28/08/2017	00:58:06	019001	G523126152HLR	L523	S		434.1723	1.0311	3.4541	99.9910	39.9890	0.8230	0.8252	5.0000	18.2425	508.0361	94.9074	20.3834	24.9000	0.9300	0.9276	0.6172	0.0001	508.0000	508.0866	1.0285	11.0647	99.9646	39.5944	0.8230	0.8196	5.0000	-9999.0000	-9999.0000	-9999.0000	-9999.0000	-9999.0000	-9999.0000	18.0613	1	0	30.3338	1.0000	12	2	-9999.0000	38990	67129	-9999	1587	1439	-9999	314.1968	5	0.6183	0.6172	0.0001	50.9062	1.1753	468.0998	320.3629	36.2269	458.8752	95.9028	465.5281	94.6296	468.3356	95.0463	471.8105	94.9537	
28/08/2017	00:58:37	019001	G523126153HLR	L523	S		431.4026	1.0311	3.5919	99.9812	40.0076	0.8230	0.8255	5.0000	17.1523	508.0208	94.9769	24.1221	24.8000	0.9300	0.9277	0.6175	0.0000	508.0000	509.0725	1.0285	11.1875	100.0380	39.6000	0.8230	0.8198	5.0000	-9999.0000	-9999.0000	-9999.0000	-9999.0000	-9999.0000	-9999.0000	18.1214	2	0	30.8935	1.0000	12	2	-9999.0000	38990	67130	-9999	1588	1440	-9999	314.2447	5	0.6184	0.6175	0.0000	51.9854	1.1213	468.3851	335.6076	38.7037	459.7790	95.4861	465.2028	94.5602	466.9591	95.1157	469.3097	94.9537	
28/08/2017	00:59:10	019001	G523126141HLR	L523	S		434.1120	1.0311	3.4571	99.9705	40.0010	0.8230	0.8254	5.0000	17.2023	508.0191	94.9074	21.2018	24.8000	0.9300	0.9276	0.6185	-0.0000	508.0000	508.7367	1.0285	11.1456	99.9680	39.6500	0.8230	0.8198	5.0000	-9999.0000	-9999.0000	-9999.0000	-9999.0000	-9999.0000	-9999.0000	18.0023	3	0	32.1942	1.0000	12	2	-9999.0000	38991	67131	-9999	1589	1441	-9999	314.1695	5	0.6182	0.6185	-0.0000	59.3279	0.7768	470.1794	328.6382	38.2639	461.5235	95.5093	466.1886	94.4907	468.9958	95.1157	472.3818	94.9306	
28/08/2017	00:59:44	019001	G523126540HLR	L523	S		436.2786	1.0311	3.3493	99.9071	40.0148	0.8230	0.8254	5.0000	17.1415	508.0244	94.8843	16.9523	24.9000	0.9300	0.9278	0.6191	-0.0000	508.0000	508.4108	1.0285	11.1051	99.9608	39.6277	0.8230	0.8196	5.0000	-9999.0000	-9999.0000	-9999.0000	-9999.0000	-9999.0000	-9999.0000	18.0022	4	0	34.1243	1.0000	12	2	-9999.0000	38992	67132	-9999	1590	1442	-9999	314.1266	5	0.6183	0.6191	-0.0000	58.4831	0.8118	475.9624	328.3624	37.5231	466.5926	95.6019	473.8516	94.5370	477.5135	95.1389	479.8185	94.8843	
28/08/2017	01:00:15	019001	G523126541HLR	L523	S		435.0842	1.0311	3.4087	100.0915	39.9784	0.8230	0.8254	5.0000	17.2021	508.0420	94.9074	18.8627	24.9000	0.9300	0.9278	0.6221	-0.0002	508.0000	508.2034	1.0285	11.0793	99.9923	39.5981	0.8230	0.8196	5.0000	-9999.0000	-9999.0000	-9999.0000	-9999.0000	-9999.0000	-9999.0000	18.1031	5	0	31.0135	1.0000	12	2	-9999.0000	38993	67132	-9999	1591	1443	-9999	314.2044	5	0.6183	0.6221	-0.0002	57.5042	0.8500	474.2632	326.6242	36.1111	465.3429	95.4398	470.3202	94.6065	474.2633	95.0694	477.0785	94.9769	
28/08/2017	01:00:50	019001	G523126550HLR	L523	S		434.7107	1.0311	3.4273	100.0240	39.9868	0.8230	0.8254	5.0000	17.2413	508.0191	94.8843	18.8519	24.9000	0.9300	0.9278	0.6216	-0.0002	508.0000	508.2804	1.0285	11.0888	100.0439	39.6170	0.8230	0.8197	5.0000	-9999.0000	-9999.0000	-9999.0000	-9999.0000	-9999.0000	-9999.0000	18.0726	6	0	35.7144	1.0000	12	2	-9999.0000	38994	67133	-9999	1592	1444	-9999	314.3558	5	0.6182	0.6216	-0.0002	56.6915	0.8813	471.4817	332.2424	39.0972	462.5126	95.3472	468.9303	94.5370	472.3680	95.0926	475.4554	95.0000	
28/08/2017	01:01:21	019001	G523126551HLR	L523	S		433.3476	1.0311	3.4951	100.0311	40.0248	0.8230	0.8254	5.0000	17.3432	508.0305	94.9074	20.7125	24.9000	0.9300	0.9279	0.6196	-0.0001	508.0000	508.8551	1.0285	11.1604	99.9737	39.6100	0.8230	0.8197	5.0000	-9999.0000	-9999.0000	-9999.0000	-9999.0000	-9999.0000	-9999.0000	18.1125	7	0	30.6239	1.0000	12	2	-9999.0000	38995	67134	-9999	1593	1445	-9999	314.1529	5	0.6182	0.6196	-0.0001	57.6110	0.8390	467.9646	325.0276	37.5926	458.9546	95.7407	464.2419	94.5602	467.7958	95.0926	471.4568	94.9769	
28/08/2017	01:01:52	019001	G523126543HLR	L523	S		431.9997	1.0311	3.5622	99.9539	40.0293	0.8230	0.8254	5.0000	17.2218	508.0243	94.9537	22.1131	24.9000	0.9300	0.9278	0.6193	-0.0001	508.0000	507.4335	1.0285	10.9834	99.9660	39.6254	0.8230	0.8196	5.0000	-9999.0000	-9999.0000	-9999.0000	-9999.0000	-9999.0000	-9999.0000	18.0413	8	0	30.9139	1.0000	12	2	-9999.0000	38996	67135	-9999	1594	1446	-9999	314.0381	5	0.6181	0.6193	-0.0001	57.4084	0.8491	467.8836	322.1902	38.8426	457.8451	95.5556	466.2737	94.5833	469.5516	95.1157	472.1690	94.9074	
28/08/2017	01:02:22	019001	G523126544HLR	L523	S		431.8716	1.0311	3.5686	100.0450	39.9936	0.8230	0.8253	5.0000	17.2824	508.0254	94.9074	19.5727	24.9000	0.9300	0.9279	0.6194	-0.0001	508.0000	504.1095	1.0285	10.5697	99.9564	39.5933	0.8230	0.8197	5.0000	-9999.0000	-9999.0000	-9999.0000	-9999.0000	-9999.0000	-9999.0000	18.0232	1	0	30.5535	1.0000	12	2	-9999.0000	38997	67136	-9999	1595	1447	-9999	314.0745	5	0.6181	0.6194	-0.0001	57.4790	0.8423	471.4673	315.7270	36.2037	461.0055	95.9491	468.3564	94.5370	471.3281	95.0231	474.8925	94.9769	
28/08/2017	01:02:55	019001	G523126556HLR	L523	S		430.9474	1.0311	3.6146	99.9856	39.9978	0.8230	0.8254	5.0000	17.1622	508.0350	94.9769	23.7324	24.9000	0.9300	0.9279	0.6200	-0.0001	508.0000	508.8032	1.0285	11.1539	99.9866	39.6429	0.8230	0.8198	5.0000	-9999.0000	-9999.0000	-9999.0000	-9999.0000	-9999.0000	-9999.0000	17.9621	2	0	32.6242	1.0000	12	2	-9999.0000	38998	67137	-9999	1596	1448	-9999	313.9277	5	0.6179	0.6200	-0.0001	57.8410	0.8257	467.1761	324.6395	37.8241	457.4126	95.6713	464.7250	94.6528	467.4674	95.0926	470.9389	95.0000	
28/08/2017	01:03:26	019001	G523126558HLR	L523	S		433.2870	1.0311	3.4982	99.9811	40.0000	0.8230	0.8254	5.0000	17.1025	508.0398	94.8843	19.1820	24.9000	0.9300	0.9277	0.6195	-0.0001	508.0000	508.3367	1.0285	11.0959	99.9586	39.6427	0.8230	0.8198	5.0000	-9999.0000	-9999.0000	-9999.0000	-9999.0000	-9999.0000	-9999.0000	18.0822	3	0	30.7234	1.0000	12	2	-9999.0000	38999	67138	-9999	1597	1449	-9999	314.0357	5	0.6180	0.6195	-0.0001	58.0201	0.8140	472.3766	334.3723	36.9907	463.9190	95.6481	468.0302	94.6759	471.9870	95.0000	475.2910	94.9306	
28/08/2017	01:03:56	019001	G523126560HLR	L523	S		434.4702	1.0311	3.4393	99.9644	40.0297	0.8230	0.8254	5.0000	17.1115	508.0331	94.8843	18.9125	24.8000	0.9300	0.9277	0.6199	-0.0001	508.0000	508.1602	1.0285	11.0739	100.0188	39.6211	0.8230	0.8196	5.0000	-9999.0000	-9999.0000	-9999.0000	-9999.0000	-9999.0000	-9999.0000	18.1321	4	0	30.3544	1.0000	12	2	-9999.0000	39000	67139	-9999	1598	1450	-9999	314.0738	5	0.6184	0.6199	-0.0001	57.7541	0.8164	471.2089	340.6373	38.5185	462.3044	95.5093	467.9227	94.6065	470.8798	95.0463	473.7573	95.0000	
28/08/2017	01:04:27	019001	G523126569HLR	L523	S		436.8184	1.0311	3.3225	100.0387	39.9876	0.8230	0.8253	5.0000	17.3026	508.0367	94.8843	19.0922	24.8000	0.9300	0.9277	0.6206	-0.0001	508.0000	507.4927	1.0285	10.9908	99.9726	39.6069	0.8230	0.8197	5.0000	-9999.0000	-9999.0000	-9999.0000	-9999.0000	-9999.0000	-9999.0000	18.0521	5	0	30.4929	1.0000	12	2	-9999.0000	39001	67140	-9999	1599	1451	-9999	314.0394	5	0.6184	0.6206	-0.0001	57.4503	0.8327	471.9935	322.7273	36.9213	462.2846	95.7176	469.8361	94.4676	473.4815	95.1620	476.2706	94.9074	
28/08/2017	01:04:58	019001	G523126564HLR	L523	S		433.6294	1.0311	3.4811	100.0120	40.0000	0.8230	0.8255	5.0000	17.1428	508.0302	94.9074	20.6119	24.8000	0.9300	0.9278	0.6205	-0.0001	508.0000	508.4838	1.0285	11.1142	99.9650	39.6398	0.8230	0.8197	5.0000	-9999.0000	-9999.0000	-9999.0000	-9999.0000	-9999.0000	-9999.0000	18.0724	6	0	31.7744	1.0000	12	2	-9999.0000	39002	67141	-9999	1599	1452	-9999	313.9456	5	0.6183	0.6205	-0.0001	58.5799	0.7884	469.5435	328.9106	38.5648	460.8744	95.6250	466.3225	94.5370	468.1390	95.0926	471.6539	95.0000	
28/08/2017	01:05:30	019001	G523126572HLR	L523	S		434.0293	1.0311	3.4612	100.0317	40.0319	0.8230	0.8254	5.0000	17.1123	508.0409	94.8843	19.2426	24.8000	0.9300	0.9278	0.6204	-0.0001	508.0000	507.7126	1.0285	11.0182	99.9784	39.6393	0.8230	0.8197	5.0000	-9999.0000	-9999.0000	-9999.0000	-9999.0000	-9999.0000	-9999.0000	18.1419	7	0	31.8341	1.0000	12	2	-9999.0000	39003	67142	-9999	1600	1453	-9999	313.9722	5	0.6184	0.6204	-0.0001	58.9527	0.7702	470.9271	324.5177	38.0787	462.0699	95.5324	467.6122	94.6065	470.3530	95.0463	473.2988	94.9769	
28/08/2017	01:06:04	019001	G523126384HLR	L523	S		435.4116	1.0311	3.3925	99.9067	40.0240	0.8230	0.8254	5.0000	17.1624	508.0169	94.8611	18.3421	24.8000	0.9300	0.9278	0.6201	-0.0001	508.0000	507.9005	1.0285	11.0416	99.9613	39.6284	0.8230	0.8197	5.0000	-9999.0000	-9999.0000	-9999.0000	-9999.0000	-9999.0000	-9999.0000	18.1124	8	0	34.1038	1.0000	12	2	-9999.0000	39004	67143	-9999	1601	1454	-9999	314.0076	5	0.6185	0.6201	-0.0001	58.3513	0.8046	472.8213	320.0550	36.0648	463.6364	95.9028	469.6737	94.6065	473.1476	95.0694	476.0299	95.0000	
28/08/2017	01:06:35	019001	G523126387HLR	L523	S		434.2095	1.0311	3.4523	99.9470	39.9816	0.8230	0.8253	5.0000	17.2814	508.0156	94.8843	19.0326	24.8000	0.9300	0.9278	0.6227	-0.0002	508.0000	508.9281	1.0285	11.1695	99.9371	39.6259	0.8230	0.8197	5.0000	-9999.0000	-9999.0000	-9999.0000	-9999.0000	-9999.0000	-9999.0000	18.1526	1	0	30.2741	1.0000	12	2	-9999.0000	39005	67144	-9999	1602	1455	-9999	314.0329	5	0.6184	0.6227	-0.0002	57.8307	0.8285	471.9536	335.1184	39.1435	462.2595	95.3472	469.2522	94.6065	472.8637	95.1157	475.3153	94.9537	
28/08/2017	01:07:07	019001	G523126396HLR	L523	S		433.2878	1.0311	3.4981	99.8982	40.0000	0.8230	0.8254	5.0000	17.2716	508.0488	94.8843	19.7427	24.8000	0.9300	0.9278	0.6222	-0.0002	508.0000	508.0467	1.0285	11.0598	99.9505	39.6269	0.8230	0.8198	5.0000	-9999.0000	-9999.0000	-9999.0000	-9999.0000	-9999.0000	-9999.0000	18.1116	2	0	32.0939	1.0000	12	2	-9999.0000	39006	67144	-9999	1603	1456	-9999	314.0143	5	0.6185	0.6222	-0.0002	58.0725	0.8170	469.2267	327.6736	36.5741	460.0752	95.8333	465.7714	94.4676	469.9808	95.0926	473.0237	94.9074	
28/08/2017	01:07:39	019001	G523126395HLR	L523	S		434.4281	1.0311	3.4414	100.0488	40.0387	0.8230	0.8255	5.0000	17.0616	508.0288	94.9074	20.3824	24.8000	0.9300	0.9279	0.6228	-0.0002	508.0000	508.6246	1.0285	11.1317	99.9642	39.6100	0.8230	0.8197	5.0000	-9999.0000	-9999.0000	-9999.0000	-9999.0000	-9999.0000	-9999.0000	18.0921	3	0	32.6337	1.0000	12	2	-9999.0000	39007	67145	-9999	1604	1457	-9999	313.9705	5	0.6184	0.6228	-0.0002	56.7986	0.8757	469.2664	329.2881	37.8009	460.6644	95.5787	465.5150	94.6065	468.5450	95.0463	471.7884	94.9537	
28/08/2017	01:08:13	019001	G523126397HLR	L523	S		434.7489	1.0311	3.4254	100.0067	40.0287	0.8230	0.8253	5.0000	17.2824	508.0280	94.9769	22.1228	24.8000	0.9300	0.9280	0.6202	-0.0001	508.0000	508.6728	1.0285	11.1377	99.9665	39.6447	0.8230	0.8197	5.0000	-9999.0000	-9999.0000	-9999.0000	-9999.0000	-9999.0000	-9999.0000	18.1223	4	0	33.5442	1.0000	12	2	-9999.0000	39008	67146	-9999	1605	1458	-9999	313.6717	5	0.6184	0.6202	-0.0001	57.2831	0.8484	467.1497	328.8535	37.5463	458.3452	95.7176	463.2384	94.5139	466.4981	95.1157	469.8775	94.9306	
28/08/2017	01:08:44	019001	G523126394HLR	L523	S		434.8438	1.0311	3.4207	99.9707	39.9966	0.8230	0.8253	5.0000	17.2217	508.0252	94.8843	18.8519	24.8000	0.9300	0.9279	0.6226	-0.0002	508.0000	508.8789	1.0285	11.1634	100.0456	39.6250	0.8230	0.8196	5.0000	-9999.0000	-9999.0000	-9999.0000	-9999.0000	-9999.0000	-9999.0000	18.3029	5	0	31.3934	1.0000	12	2	-9999.0000	39009	67147	-9999	1606	1459	-9999	314.0317	5	0.6183	0.6226	-0.0002	57.0524	0.8753	472.0397	326.0653	39.8843	463.3874	95.4167	468.0343	94.6528	471.5559	95.0231	474.9225	94.9769	
28/08/2017	01:09:18	019001	G523126401HLR	L523	S		435.4987	1.0311	3.3881	99.9430	40.0082	0.8230	0.8254	5.0000	17.0919	508.0372	94.9074	20.0718	24.8000	0.9300	0.9278	0.6228	-0.0003	508.0000	508.2886	1.0285	11.0899	99.9463	39.6212	0.8230	0.8197	5.0000	-9999.0000	-9999.0000	-9999.0000	-9999.0000	-9999.0000	-9999.0000	18.1828	6	0	33.6742	1.0000	12	2	-9999.0000	39010	67148	-9999	1607	1460	-9999	313.9055	5	0.6178	0.6228	-0.0003	57.8682	0.8372	470.1161	336.3793	38.1019	460.8064	95.5787	467.2966	94.5139	470.7038	95.1389	473.8220	94.9074	
28/08/2017	01:09:51	019001	G523126398HLR	L523	S		435.0486	1.0311	3.4105	99.9888	40.0034	0.8230	0.8254	5.0000	17.2618	508.0383	94.9537	21.1432	24.8000	0.9300	0.9278	0.6269	-0.0005	508.0000	509.1096	1.0285	11.1921	99.9764	39.6242	0.8230	0.8197	5.0000	-9999.0000	-9999.0000	-9999.0000	-9999.0000	-9999.0000	-9999.0000	18.1017	7	0	32.8546	1.0000	12	2	-9999.0000	39011	67149	-9999	1608	1461	-9999	313.7425	5	0.6178	0.6269	-0.0005	67.5601	0.3241	465.6034	314.2063	36.3194	455.5487	95.8796	464.4674	94.5139	467.6654	95.0926	470.7500	94.9537	
28/08/2017	01:10:23	019001	G523126400HLR	L523	S		433.9004	1.0311	3.4676	100.0544	40.0208	0.8230	0.8254	5.0000	17.2423	508.0297	94.9537	21.5222	24.8000	0.9300	0.9279	0.6257	-0.0004	508.0000	509.0125	1.0285	11.1800	100.0759	39.6332	0.8230	0.8197	5.0000	-9999.0000	-9999.0000	-9999.0000	-9999.0000	-9999.0000	-9999.0000	18.1820	8	0	32.4532	1.0000	12	2	-9999.0000	39012	67150	-9999	1609	1462	-9999	313.4596	5	0.6177	0.6257	-0.0004	67.5463	0.3233	465.3000	326.9756	38.1944	456.3744	95.6250	462.3376	94.5139	465.0105	95.1389	468.0667	94.8843	
28/08/2017	01:10:54	019001	G523126399HLR	L523	S		435.2737	1.0311	3.3993	99.9768	40.0210	0.8230	0.8254	5.0000	17.1827	508.0295	94.9074	19.8823	24.8000	0.9300	0.9278	0.6258	-0.0004	508.0000	508.5748	1.0285	11.1255	99.9640	39.6192	0.8230	0.8197	5.0000	-9999.0000	-9999.0000	-9999.0000	-9999.0000	-9999.0000	-9999.0000	18.1929	1	0	30.4341	1.0000	12	2	-9999.0000	39013	67151	-9999	1610	1463	-9999	313.8253	5	0.6177	0.6258	-0.0004	66.9436	0.3418	466.8828	325.9059	38.5185	458.0273	95.5324	464.1843	94.6759	466.3915	95.0694	469.5341	94.9769	
28/08/2017	01:11:25	019001	G523126405HLR	L523	S		432.0977	1.0311	3.5573	99.9557	40.0036	0.8230	0.8254	5.0000	17.0917	508.0423	94.9306	21.7029	24.8000	0.9300	0.9278	0.6253	-0.0004	508.0000	509.2638	1.0285	11.2113	99.9754	39.6301	0.8230	0.8197	5.0000	-9999.0000	-9999.0000	-9999.0000	-9999.0000	-9999.0000	-9999.0000	17.9924	2	0	31.7041	1.0000	12	2	-9999.0000	39014	67152	-9999	1611	1464	-9999	313.4476	5	0.6174	0.6253	-0.0004	70.6123	0.1682	464.2251	329.7535	38.8194	455.2683	95.4630	460.5690	94.5139	464.1903	95.1389	467.8393	94.9537	
28/08/2017	01:11:56	019001	G523126391HLR	L523	S		431.5903	1.0311	3.5826	100.0091	40.0000	0.8230	0.8254	5.0000	17.2520	508.0204	94.9537	21.3923	24.8000	0.9300	0.9279	0.6273	-0.0005	508.0000	507.7650	1.0285	11.0247	99.8951	39.6281	0.8230	0.8197	5.0000	-9999.0000	-9999.0000	-9999.0000	-9999.0000	-9999.0000	-9999.0000	18.0822	3	0	31.1435	1.0000	12	2	-9999.0000	39015	67152	-9999	1612	1465	-9999	313.4168	5	0.6173	0.6273	-0.0005	69.1981	0.2387	464.1281	326.9837	39.2593	455.3304	95.4630	460.4118	94.6759	463.7954	95.0231	467.0089	94.9769	
28/08/2017	01:12:31	019001	G523126409HLR	L523	S		434.0072	1.0311	3.4623	99.9732	40.0250	0.8230	0.8255	5.0000	17.1321	508.0337	94.9074	20.4429	24.8000	0.9300	0.9279	0.6260	-0.0004	508.0000	508.2878	1.0285	11.0898	99.9409	39.6291	0.8230	0.8197	5.0000	-9999.0000	-9999.0000	-9999.0000	-9999.0000	-9999.0000	-9999.0000	18.2327	4	0	34.3342	1.0000	12	2	-9999.0000	39016	67153	-9999	1613	1466	-9999	313.5137	5	0.6171	0.6260	-0.0004	69.0197	0.2446	465.2018	322.5523	38.5185	455.6666	95.5324	462.1244	94.5139	465.3705	95.0926	468.7137	94.9537	
28/08/2017	01:13:01	019001	G523126408HLR	L523	S		434.2823	1.0311	3.4486	100.0019	40.0218	0.8230	0.8254	5.0000	17.0420	508.0420	94.8843	18.9623	24.8000	0.9300	0.9279	0.6265	-0.0005	508.0000	508.6403	1.0285	11.1336	99.9745	39.6286	0.8230	0.8197	5.0000	-9999.0000	-9999.0000	-9999.0000	-9999.0000	-9999.0000	-9999.0000	18.1028	5	0	30.6336	1.0000	12	2	-9999.0000	39017	67154	-9999	1614	1467	-9999	313.8188	5	0.6168	0.6265	-0.0005	69.6553	0.2268	466.8464	312.1922	39.0509	458.1320	95.5324	464.4113	94.5370	468.1121	95.0694	471.8035	95.0231	
28/08/2017	01:13:35	019001	G523126410HLR	L523	S		431.2054	1.0311	3.6017	99.9759	39.9900	0.8230	0.8254	5.0000	17.1016	508.0520	94.9074	19.6626	24.8000	0.9300	0.9279	0.6271	-0.0005	508.0000	507.3572	1.0285	10.9739	99.9992	39.6324	0.8230	0.8197	5.0000	-9999.0000	-9999.0000	-9999.0000	-9999.0000	-9999.0000	-9999.0000	18.0326	6	0	33.9640	1.0000	12	2	-9999.0000	39018	67155	-9999	1615	1468	-9999	313.6039	5	0.6169	0.6271	-0.0005	62.5739	0.5778	467.5047	328.2399	39.3750	458.3930	95.4630	463.3047	94.7222	466.2355	95.0231	469.4002	94.9769	
28/08/2017	01:14:07	019001	G523126415HLR	L523	S		433.9326	1.0311	3.4660	100.0201	40.0000	0.8230	0.8255	5.0000	17.0821	508.0342	94.8843	19.6626	24.8000	0.9300	0.9278	0.6250	-0.0004	508.0000	507.7599	1.0285	11.0240	100.0489	39.6000	0.8230	0.8198	5.0000	-9999.0000	-9999.0000	-9999.0000	-9999.0000	-9999.0000	-9999.0000	17.9623	7	0	32.0344	1.0000	12	2	-9999.0000	39019	67156	-9999	1616	1469	-9999	313.6664	5	0.6167	0.6250	-0.0004	60.0335	0.6960	464.4604	315.3208	37.1065	454.2880	95.7870	462.6157	94.5139	465.2239	95.1157	468.8771	94.9769	
28/08/2017	01:14:40	019001	G523126412HLR	L523	S		431.1095	1.0311	3.6065	100.0800	40.0297	0.8230	0.8255	5.0000	17.1417	508.0443	94.9769	22.3026	24.8000	0.9300	0.9280	0.6232	-0.0003	508.0000	506.7616	1.0285	10.8998	99.9710	39.6345	0.8230	0.8197	5.0000	-9999.0000	-9999.0000	-9999.0000	-9999.0000	-9999.0000	-9999.0000	18.0628	8	0	32.3838	1.0000	12	2	-9999.0000	39020	67157	-9999	1617	1470	-9999	313.0519	5	0.6167	0.6232	-0.0003	64.0302	0.5071	463.0941	317.0482	38.0093	453.9165	95.6481	460.5045	94.7222	463.7391	94.9769	466.7946	95.0000	
28/08/2017	01:15:12	019001	G523126414HLR	L523	S		434.6646	1.0311	3.4296	99.9787	40.0251	0.8230	0.8254	5.0000	17.2425	508.0271	94.8843	19.1420	24.8000	0.9300	0.9278	0.6268	-0.0005	508.0000	507.4283	1.0285	10.9828	99.9794	39.6063	0.8230	0.8197	5.0000	-9999.0000	-9999.0000	-9999.0000	-9999.0000	-9999.0000	-9999.0000	18.0724	1	0	31.9034	1.0000	12	2	-9999.0000	39021	67158	-9999	1618	1471	-9999	313.5689	5	0.6169	0.6268	-0.0005	61.6111	0.6440	469.5858	318.0094	38.8426	461.3519	95.4398	467.3905	94.7454	470.1316	95.0231	473.1103	95.0000	
28/08/2017	01:15:38	019001	G523126416HLR	L523	S		431.5608	1.0311	3.5840	99.9873	40.0106	0.8230	0.8254	5.0000	17.1925	508.0488	94.9769	21.9324	24.8000	0.9300	0.9279	0.6309	-0.0007	508.0000	507.1695	1.0285	10.9506	100.0688	39.6279	0.8230	0.8198	5.0000	-9999.0000	-9999.0000	-9999.0000	-9999.0000	-9999.0000	-9999.0000	18.1722	2	0	26.2238	1.0000	12	2	-9999.0000	39022	67159	-9999	1619	1472	-9999	313.0301	5	0.6169	0.6309	-0.0007	59.0694	0.7640	465.4853	326.8827	38.4954	456.6265	95.4861	460.6951	94.6296	463.8111	95.1157	466.9515	94.9537	
28/08/2017	01:16:03	019001	G523126417HLR	L523	S		433.0753	1.0311	3.5087	100.0205	39.9878	0.8230	0.8254	5.0000	17.1925	508.0545	94.9074	20.5533	24.8000	0.9300	0.9279	0.6239	-0.0003	508.0000	509.0777	1.0285	11.1881	100.0104	39.6300	0.8230	0.8197	5.0000	-9999.0000	-9999.0000	-9999.0000	-9999.0000	-9999.0000	-9999.0000	18.1418	3	0	25.1123	1.0000	12	2	-9999.0000	39023	67160	-9999	1620	1473	-9999	313.4158	5	0.6169	0.6239	-0.0003	62.5851	0.5991	461.7433	311.5837	36.5046	452.6811	95.8565	459.2615	94.6528	462.2809	95.0000	466.3026	95.0000	
28/08/2017	01:16:30	019001	G523126420HLR	L523	S		433.8951	1.0311	3.4679	100.0218	40.0269	0.8230	0.8255	5.0000	17.1223	508.0198	94.9074	20.3629	24.8000	0.9300	0.9280	0.6247	-0.0004	508.0000	507.1613	1.0285	10.9495	99.9799	39.6000	0.8230	0.8198	5.0000	-9999.0000	-9999.0000	-9999.0000	-9999.0000	-9999.0000	-9999.0000	18.0022	4	0	27.4439	1.0000	12	2	-9999.0000	39024	67161	-9999	1621	1474	-9999	313.4747	5	0.6171	0.6247	-0.0004	57.8270	0.8283	466.9875	314.0579	37.5463	456.5432	95.6944	465.2027	94.6528	468.2590	95.0000	472.2788	94.9769	
28/08/2017	01:16:57	019001	G523126421HLR	L523	S		434.2904	1.0311	3.4482	100.0270	40.0206	0.8230	0.8254	5.0000	17.2121	508.0445	94.9074	20.4322	24.9000	0.9300	0.9281	0.6206	-0.0002	508.0000	509.1900	1.0285	11.2021	99.9376	39.6500	0.8230	0.8199	5.0000	-9999.0000	-9999.0000	-9999.0000	-9999.0000	-9999.0000	-9999.0000	18.0021	5	0	26.2132	1.0000	12	2	-9999.0000	39025	67162	-9999	1622	1475	-9999	313.5457	5	0.6172	0.6206	-0.0002	57.9930	0.8219	466.4774	327.6824	39.4907	456.9941	95.3704	464.4100	94.5602	467.6114	95.1620	470.5704	94.9306	
28/08/2017	01:17:26	019001	G523126013HLR	L523	S		440.2869	1.0311	3.1499	99.9726	40.0000	0.8230	0.8253	5.0000	17.3529	508.0353	94.9769	14.2117	24.8000	0.9300	0.9278	0.6206	-0.0002	508.0000	506.2737	1.0285	10.8390	99.9778	39.6885	0.8230	0.8198	5.0000	-9999.0000	-9999.0000	-9999.0000	-9999.0000	-9999.0000	-9999.0000	18.1830	6	0	29.2936	1.0000	01	1	-9999.0000	39026	67163	-9999	1623	1476	-9999	314.1563	5	0.6172	0.6206	-0.0002	57.9930	0.8219	481.0500	318.3654	37.5463	470.2972	95.5556	479.0024	94.4907	482.5496	95.1157	485.4032	94.9074	
28/08/2017	01:17:55	019001	G523126014HLR	L523	S		440.2122	1.0311	3.1536	100.0467	40.0000	0.8230	0.8254	5.0000	17.0919	508.0416	95.0000	13.4118	24.9000	0.9300	0.9280	0.6214	-0.0002	508.0000	506.5053	1.0285	10.8679	99.9756	39.6383	0.8230	0.8197	5.0000	-9999.0000	-9999.0000	-9999.0000	-9999.0000	-9999.0000	-9999.0000	18.1624	7	0	28.8931	1.0000	01	1	-9999.0000	39027	67164	-9999	1624	1477	-9999	314.3155	5	0.6171	0.6214	-0.0002	60.0134	0.7371	481.0829	323.4919	39.0046	471.1186	95.3935	479.7480	94.6759	482.9030	95.0694	486.3743	95.0000	
28/08/2017	01:18:21	019001	G523126016HLR	L523	S		437.3640	1.0311	3.2953	100.0468	40.0000	0.8230	0.8254	5.0000	17.1621	508.0480	94.8843	15.4218	24.9000	0.9300	0.9281	0.6190	-0.0001	508.0000	506.4124	1.0285	10.8563	99.9432	39.6482	0.8230	0.8198	5.0000	-9999.0000	-9999.0000	-9999.0000	-9999.0000	-9999.0000	-9999.0000	18.0628	8	0	26.2532	1.0000	01	1	-9999.0000	39028	67165	-9999	1625	1478	-9999	313.9054	5	0.6174	0.6190	-0.0001	61.7294	0.6391	478.8123	320.1733	37.9630	468.1767	95.6944	475.8716	94.5139	479.6301	95.1389	482.3149	94.9074	
28/08/2017	01:18:48	019001	G523126034HLR	L523	S		437.9646	1.0311	3.2654	99.9265	40.0000	0.8230	0.8254	5.0000	17.2218	508.0308	94.9537	14.7518	24.9000	0.9300	0.9278	0.6190	-0.0001	508.0000	507.1415	1.0285	10.9471	99.9453	39.6500	0.8230	0.8197	5.0000	-9999.0000	-9999.0000	-9999.0000	-9999.0000	-9999.0000	-9999.0000	18.0919	1	0	27.0933	1.0000	01	1	-9999.0000	39029	67166	-9999	1626	1479	-9999	313.8602	5	0.6172	0.6190	-0.0001	62.5484	0.5925	479.3967	322.3694	36.7593	469.5000	95.8796	478.7136	94.7917	481.2907	95.0000	484.3656	94.9769	
28/08/2017	01:19:15	019001	G523126036HLR	L523	S		436.8137	1.0311	3.3227	99.9933	40.0273	0.8230	0.8255	5.0000	17.1525	508.0314	94.8611	17.3029	24.9000	0.9300	0.9279	0.6258	-0.0004	508.0000	507.6809	1.0285	11.0142	99.9754	39.6500	0.8230	0.8198	5.0000	-9999.0000	-9999.0000	-9999.0000	-9999.0000	-9999.0000	-9999.0000	18.0823	2	0	26.8236	1.0000	01	1	-9999.0000	39030	67167	-9999	1627	1480	-9999	314.3168	5	0.6179	0.6258	-0.0004	49.8817	1.2059	471.6244	321.6860	38.1944	461.7437	95.7870	469.4309	94.7917	472.1637	94.9769	475.8999	94.9769	
28/08/2017	01:19:40	019001	G523126033HLR	L523	S		437.0186	1.0311	3.3125	100.0411	40.0120	0.8230	0.8254	5.0000	17.2825	508.0282	94.8611	17.4221	24.9000	0.9300	0.9279	0.6258	-0.0004	508.0000	508.3715	1.0285	11.1002	99.9440	39.6765	0.8230	0.8198	5.0000	-9999.0000	-9999.0000	-9999.0000	-9999.0000	-9999.0000	-9999.0000	18.1623	3	0	25.0734	1.0000	01	1	-9999.0000	39031	67168	-9999	1628	1481	-9999	314.4895	5	0.6181	0.6258	-0.0004	50.7403	1.1512	472.7088	327.3184	37.5231	463.2637	95.7176	469.9909	94.6991	474.0916	95.0694	477.0669	94.9537	
28/08/2017	01:20:08	019001	G523125992HLR	L523	S		443.7789	1.0311	2.9762	99.9909	40.0212	0.8230	0.8254	5.0000	17.2520	508.0224	94.9769	14.2625	24.9000	0.9300	0.9279	0.6258	-0.0004	508.0000	507.5823	1.0285	11.0019	99.9017	39.6500	0.8230	0.8197	5.0000	-9999.0000	-9999.0000	-9999.0000	-9999.0000	-9999.0000	-9999.0000	18.0920	4	0	27.7534	1.0000	01	1	-9999.0000	39032	67169	-9999	1629	1482	-9999	315.1272	5	0.6181	0.6258	-0.0004	50.7403	1.1512	479.3721	332.6232	38.4722	470.0702	95.4861	477.7982	94.6759	481.3688	95.0694	484.4503	95.0000	
28/08/2017	01:20:35	019001	G523126022HLR	L523	S		436.8787	1.0311	3.3195	99.9985	40.0244	0.8230	0.8254	5.0000	17.1115	508.0308	94.9074	15.6113	24.9000	0.9300	0.9280	0.6252	-0.0004	508.0000	508.1229	1.0285	11.0692	99.9980	39.6500	0.8230	0.8198	5.0000	-9999.0000	-9999.0000	-9999.0000	-9999.0000	-9999.0000	-9999.0000	18.1623	5	0	27.6430	1.0000	01	1	-9999.0000	39033	67170	-9999	1630	1483	-9999	314.7793	5	0.6182	0.6252	-0.0004	51.8203	1.0975	474.2908	323.6218	37.9167	464.1023	95.7176	473.8547	94.6991	476.8088	95.0694	480.9710	95.0000	
28/08/2017	01:21:02	019001	G523126032HLR	L523	S		437.3050	1.0311	3.2983	99.9944	40.0000	0.8230	0.8254	5.0000	17.0919	508.0310	94.9074	14.8211	24.9000	0.9300	0.9279	0.6257	-0.0004	508.0000	507.2940	1.0285	10.9661	99.9614	39.6909	0.8230	0.8198	5.0000	-9999.0000	-9999.0000	-9999.0000	-9999.0000	-9999.0000	-9999.0000	18.1622	6	0	26.2631	1.0000	01	1	-9999.0000	39034	67171	-9999	1631	1484	-9999	314.9801	5	0.6184	0.6257	-0.0004	51.2614	1.1334	477.7185	334.3743	37.6620	469.1826	95.6944	474.5262	94.7222	478.1168	95.0463	481.4734	94.9769	
28/08/2017	01:21:29	019001	G523126035HLR	L523	S		446.3436	1.0311	2.8486	99.9861	40.0271	0.8230	0.8254	5.0000	17.1621	508.0397	94.9769	12.3414	24.9000	0.9300	0.9278	0.6272	-0.0005	508.0000	507.5739	1.0285	11.0009	99.9133	39.6672	0.8230	0.8197	5.0000	-9999.0000	-9999.0000	-9999.0000	-9999.0000	-9999.0000	-9999.0000	18.1223	7	0	26.9437	1.0000	01	1	-9999.0000	39035	67172	-9999	1632	1485	-9999	315.5565	5	0.6184	0.6272	-0.0005	51.2330	1.1394	482.7534	323.4183	37.1065	472.5896	95.7639	481.8796	94.7917	484.8897	94.9769	488.8209	94.9769	
28/08/2017	01:21:56	019001	G523126021HLR	L523	S		438.8320	1.0311	3.2223	99.9869	40.0393	0.8230	0.8254	5.0000	17.2121	508.0242	94.8843	15.7217	24.9000	0.9300	0.9280	0.6293	-0.0006	508.0000	507.4601	1.0285	10.9867	99.9113	39.6500	0.8230	0.8197	5.0000	-9999.0000	-9999.0000	-9999.0000	-9999.0000	-9999.0000	-9999.0000	18.1818	8	0	26.9827	1.0000	01	1	-9999.0000	39036	67173	-9999	1632	1486	-9999	314.7159	5	0.6188	0.6293	-0.0006	49.5694	1.2380	473.2424	326.5630	37.3148	463.1251	95.9954	472.0441	94.6759	475.2048	95.0231	478.8741	95.0000	
28/08/2017	01:22:23	019001	G523126046HLR	L523	S		438.2279	1.0311	3.2523	100.0446	40.0088	0.8230	0.8254	5.0000	17.1624	508.0378	94.8843	16.2120	24.9000	0.9300	0.9279	0.6301	-0.0007	508.0000	508.7575	1.0285	11.1482	99.9120	39.6791	0.8230	0.8198	5.0000	-9999.0000	-9999.0000	-9999.0000	-9999.0000	-9999.0000	-9999.0000	18.1829	1	0	27.7437	1.0000	01	1	-9999.0000	39037	67174	-9999	1633	1486	-9999	314.7625	5	0.6195	0.6301	-0.0007	51.5028	1.1515	474.3122	332.4835	39.7917	464.9579	95.5093	472.2412	94.5602	475.6935	95.1389	479.2473	94.9306	
28/08/2017	01:22:51	019001	G523126060HLR	L523	S		440.0426	1.0311	3.1621	100.0380	40.0222	0.8230	0.8254	5.0000	17.1720	508.0512	94.9769	14.2810	24.9000	0.9300	0.9279	0.6301	-0.0007	508.0000	509.3185	1.0285	11.2181	100.0154	39.6888	0.8230	0.8198	5.0000	-9999.0000	-9999.0000	-9999.0000	-9999.0000	-9999.0000	-9999.0000	18.1622	2	0	27.7836	1.0000	01	1	-9999.0000	39038	67175	-9999	1634	1487	-9999	315.2892	5	0.6195	0.6301	-0.0007	51.5028	1.1515	474.6629	327.5535	37.6852	464.7039	95.8102	474.4011	94.4907	478.9429	95.1389	482.3650	94.8843	
28/08/2017	01:23:18	019001	G523126070HLR	L523	S		440.9165	1.0311	3.1186	100.0328	40.0255	0.8230	0.8254	5.0000	17.3321	508.0547	94.8843	15.4619	24.9000	0.9300	0.9280	0.6282	-0.0005	508.0000	508.5802	1.0285	11.1262	99.9779	39.6805	0.8230	0.8197	5.0000	-9999.0000	-9999.0000	-9999.0000	-9999.0000	-9999.0000	-9999.0000	18.2316	3	0	27.1635	1.0000	01	1	-9999.0000	39039	67176	-9999	1635	1488	-9999	314.9626	5	0.6200	0.6282	-0.0005	40.4321	1.8371	475.1127	333.0099	39.0509	465.5179	95.6713	472.9748	94.7454	476.0028	94.9537	480.0288	94.9769	
28/08/2017	01:23:46	019001	G523126068HLR	L523	S		439.5328	1.0311	3.1874	100.0048	40.0216	0.8230	0.8254	5.0000	17.1515	508.0263	94.8611	14.9823	24.9000	0.9300	0.9280	0.6281	-0.0005	508.0000	509.4356	1.0285	11.2326	99.9921	39.6709	0.8230	0.8197	5.0000	-9999.0000	-9999.0000	-9999.0000	-9999.0000	-9999.0000	-9999.0000	18.0919	4	0	27.4330	1.0000	01	1	-9999.0000	39040	67177	-9999	1636	1489	-9999	315.0746	5	0.6200	0.6281	-0.0005	41.1712	1.7874	475.1194	321.7061	35.8796	465.5190	95.5324	473.6213	94.7454	476.6806	94.9769	480.6291	94.9537	
28/08/2017	01:24:13	019001	G523126078HLR	L523	S		438.8893	1.0311	3.2194	99.9089	40.0367	0.8230	0.8254	5.0000	17.2626	508.0295	94.8611	16.2813	24.9000	0.9300	0.9279	0.6282	-0.0005	508.0000	506.9615	1.0285	10.9247	99.9735	39.6740	0.8230	0.8198	5.0000	-9999.0000	-9999.0000	-9999.0000	-9999.0000	-9999.0000	-9999.0000	18.2229	5	0	26.9330	1.0000	01	1	-9999.0000	39041	67178	-9999	1637	1490	-9999	314.6796	5	0.6197	0.6282	-0.0005	41.2117	1.7941	473.4405	324.0410	36.5278	463.8242	95.9722	471.4595	94.7685	474.6045	95.0000	477.8974	94.9769	
28/08/2017	01:24:40	019001	G523126058HLR	L523	S		437.9689	1.0311	3.2652	99.9972	40.0401	0.8230	0.8254	5.0000	17.1318	508.0498	94.8611	15.7924	24.9000	0.9300	0.9279	0.6282	-0.0005	508.0000	507.6051	1.0285	11.0048	99.9926	39.6862	0.8230	0.8197	5.0000	-9999.0000	-9999.0000	-9999.0000	-9999.0000	-9999.0000	-9999.0000	18.2921	6	0	27.1538	1.0000	01	1	-9999.0000	39042	67179	-9999	1638	1491	-9999	314.8010	5	0.6197	0.6282	-0.0005	41.2117	1.7941	473.0646	338.8445	40.1157	463.8952	95.3472	470.2961	94.5833	474.7109	95.1389	478.1922	94.8843	
28/08/2017	01:25:06	019001	G523126077HLR	L523	S		440.0495	1.0311	3.1617	99.9942	40.0427	0.8230	0.8254	5.0000	17.2218	508.0507	94.8380	15.6816	24.9000	0.9300	0.9280	0.6286	-0.0006	508.0000	508.3951	1.0285	11.1031	99.9601	39.6849	0.8230	0.8198	5.0000	-9999.0000	-9999.0000	-9999.0000	-9999.0000	-9999.0000	-9999.0000	18.1624	7	0	26.5735	1.0000	01	1	-9999.0000	39043	67180	-9999	1638	1492	-9999	314.8501	5	0.6198	0.6286	-0.0006	40.1450	1.8419	473.7699	322.4539	36.8750	464.1744	95.8565	472.6669	94.5139	476.0117	95.0926	478.9240	94.9769	
28/08/2017	01:25:33	019001	G523126075HLR	L523	S		437.9194	1.0311	3.2677	100.0302	40.0315	0.8230	0.8254	5.0000	17.1828	508.0460	94.8380	15.4120	24.9000	0.9300	0.9278	0.6289	-0.0006	508.0000	507.7719	1.0285	11.0255	99.9818	39.6843	0.8230	0.8197	5.0000	-9999.0000	-9999.0000	-9999.0000	-9999.0000	-9999.0000	-9999.0000	18.2121	8	0	26.8030	1.0000	01	1	-9999.0000	39044	67181	-9999	1639	1492	-9999	314.8085	5	0.6197	0.6289	-0.0006	38.2569	1.9913	473.7016	322.4545	37.8009	463.8614	95.6481	472.4162	94.5602	475.7043	95.1852	479.3536	94.8611	
28/08/2017	01:26:02	019001	G523126054HLR	L523	S		438.5352	1.0311	3.2371	100.1227	40.0285	0.8230	0.8254	5.0000	17.1622	508.0549	94.8611	15.4218	24.9000	0.9300	0.9279	0.6275	-0.0005	508.0000	507.9696	1.0285	11.0502	99.9623	39.6838	0.8230	0.8198	5.0000	-9999.0000	-9999.0000	-9999.0000	-9999.0000	-9999.0000	-9999.0000	18.0423	1	0	29.0534	1.0000	01	1	-9999.0000	39045	67182	-9999	1640	1493	-9999	314.8917	5	0.6199	0.6275	-0.0005	37.2044	2.0551	473.1935	330.9385	36.3889	463.3653	95.3472	472.3572	94.6296	475.4933	95.0463	479.1810	94.9769	
28/08/2017	01:26:31	019001	G523126056HLR	L523	S		437.7127	1.0311	3.2780	99.9522	40.0399	0.8230	0.8254	5.0000	17.1113	508.0484	94.8611	15.1620	24.9000	0.9300	0.9280	0.6259	-0.0004	508.0000	507.7392	1.0285	11.0215	99.9955	39.6889	0.8230	0.8198	5.0000	-9999.0000	-9999.0000	-9999.0000	-9999.0000	-9999.0000	-9999.0000	18.0126	2	0	29.1735	1.0000	01	1	-9999.0000	39046	67183	-9999	1641	1494	-9999	314.9630	5	0.6199	0.6259	-0.0004	71.9934	-0.1650	475.9394	319.3915	37.7315	466.0274	95.6250	474.0867	94.7454	477.5774	95.0000	480.4279	95.0231	
28/08/2017	01:26:58	019001	G523126064HLR	L523	S		438.6960	1.0311	3.2291	100.0424	40.0413	0.8230	0.8254	5.0000	17.1417	508.0491	94.9074	15.1024	24.9000	0.9300	0.9280	0.6260	-0.0004	508.0000	507.8932	1.0285	11.0407	99.9528	39.6978	0.8230	0.8197	5.0000	-9999.0000	-9999.0000	-9999.0000	-9999.0000	-9999.0000	-9999.0000	17.9514	3	0	26.8138	1.0000	01	1	-9999.0000	39047	67184	-9999	1642	1495	-9999	314.9757	5	0.6199	0.6260	-0.0004	74.3074	-0.3363	475.4909	324.0649	38.6343	465.4872	95.5093	474.5869	94.5602	477.6811	95.1389	481.1325	94.9537	
28/08/2017	01:27:26	019001	G523126066HLR	L523	S		439.7129	1.0311	3.1785	99.9814	40.0423	0.8230	0.8254	5.0000	17.2412	508.0544	94.9074	14.7821	24.9000	0.9300	0.9278	0.6241	-0.0003	508.0000	507.4002	1.0285	10.9793	99.9772	39.6761	0.8230	0.8197	5.0000	-9999.0000	-9999.0000	-9999.0000	-9999.0000	-9999.0000	-9999.0000	18.0715	4	0	27.4828	1.0000	01	1	-9999.0000	39048	67185	-9999	1643	1496	-9999	314.9574	5	0.6198	0.6241	-0.0003	72.2167	-0.2009	479.7033	341.9593	40.7176	471.7266	95.2546	476.3905	94.7222	478.5844	94.9537	482.1445	95.0000	
28/08/2017	01:27:53	019001	G523126043HLR	L523	S		436.3694	1.0311	3.3448	100.0186	40.0253	0.8230	0.8253	5.0000	17.2715	508.0200	94.8843	17.5920	24.9000	0.9300	0.9278	0.6241	-0.0003	508.0000	509.8482	1.0285	11.2840	99.9159	39.6500	0.8230	0.8197	5.0000	-9999.0000	-9999.0000	-9999.0000	-9999.0000	-9999.0000	-9999.0000	18.2219	5	0	27.4137	1.0000	01	1	-9999.0000	39049	67186	-9999	1644	1497	-9999	314.5054	5	0.6196	0.6241	-0.0003	73.5767	-0.2763	475.2261	342.6804	39.6528	467.0109	95.4630	471.3276	94.6759	474.2068	95.0926	477.1536	95.0000	
28/08/2017	01:28:22	019001	G523126012HLR	L523	S		436.1969	1.0311	3.3534	99.9967	40.0301	0.8230	0.8254	5.0000	17.2115	508.0424	94.8611	17.1916	24.9000	0.9300	0.9278	0.6241	-0.0003	508.0000	507.5386	1.0285	10.9965	99.9748	39.6981	0.8230	0.8198	5.0000	-9999.0000	-9999.0000	-9999.0000	-9999.0000	-9999.0000	-9999.0000	18.2825	6	0	28.6430	1.0000	01	1	-9999.0000	39050	67187	-9999	1645	1498	-9999	314.5817	5	0.6197	0.6241	-0.0003	79.6923	-0.6854	474.2840	332.8247	41.2037	466.3437	95.1852	470.3874	94.7454	473.8769	95.0000	477.3488	94.9769	
28/08/2017	01:28:48	019001	G523126045HLR	L523	S		438.8540	1.0311	3.2212	100.0135	40.0697	0.8230	0.8254	5.0000	17.3419	508.0293	94.8611	15.3417	24.9000	0.9300	0.9277	0.6241	-0.0003	508.0000	508.0848	1.0285	11.0645	99.9613	39.6948	0.8230	0.8197	5.0000	-9999.0000	-9999.0000	-9999.0000	-9999.0000	-9999.0000	-9999.0000	18.3322	7	0	26.3539	1.0000	01	1	-9999.0000	39051	67188	-9999	1646	1499	-9999	314.8485	5	0.6197	0.6241	-0.0003	79.6923	-0.6854	476.0513	335.8174	39.8611	467.4025	95.3009	474.0745	94.6991	477.9056	95.0926	480.9183	94.9537	
28/08/2017	01:29:16	019001	G523126084HLR	L523	S		438.5401	1.0311	3.2368	100.0776	40.0521	0.8230	0.8254	5.0000	17.1818	508.0240	94.8611	15.5214	24.8000	0.9300	0.9278	0.6241	-0.0003	508.0000	508.5803	1.0285	11.1262	99.9815	39.6935	0.8230	0.8197	5.0000	-9999.0000	-9999.0000	-9999.0000	-9999.0000	-9999.0000	-9999.0000	18.2219	8	0	27.9935	1.0000	01	1	-9999.0000	39052	67189	-9999	1647	1500	-9999	314.8143	5	0.6199	0.6241	-0.0003	77.9514	-0.5779	478.0393	337.1534	39.5370	468.8045	95.3935	474.7279	94.6991	478.0704	95.0000	482.1605	95.0000	
28/08/2017	01:29:43	019001	G523126063HLR	L523	S		439.6082	1.0311	3.1837	100.0064	40.0096	0.8230	0.8253	5.0000	17.2922	508.0380	94.8611	15.9619	24.9000	0.9300	0.9278	0.6241	-0.0003	508.0000	508.6725	1.0285	11.1377	99.9962	39.6812	0.8230	0.8197	5.0000	-9999.0000	-9999.0000	-9999.0000	-9999.0000	-9999.0000	-9999.0000	18.1720	1	0	27.0424	1.0000	01	1	-9999.0000	39053	67190	-9999	1648	1501	-9999	314.7722	5	0.6197	0.6241	-0.0003	50.4413	1.2248	475.2046	323.8394	36.2269	464.9921	96.0648	473.6782	94.6065	477.1223	95.0463	480.4814	94.9769	
28/08/2017	01:30:11	019001	G523126053HLR	L523	S		431.6910	1.0311	3.5776	100.0063	40.0267	0.8230	0.8254	5.0000	17.3721	508.0309	94.8611	16.6417	24.9000	0.9300	0.9279	0.6410	-0.0014	508.0000	510.1648	1.0285	11.3234	100.0212	39.6979	0.8230	0.8197	5.0000	-9999.0000	-9999.0000	-9999.0000	-9999.0000	-9999.0000	-9999.0000	18.2022	2	0	28.2535	1.0000	01	1	-9999.0000	39054	67191	-9999	1649	1502	-9999	314.9657	5	0.6197	0.6410	-0.0014	45.7872	1.5267	476.0285	321.5717	36.4583	465.4398	95.9954	473.9078	94.7222	477.2749	95.0000	480.8748	95.0000	
28/08/2017	01:30:43	019001	G523126072HLR	L523	S		439.9505	1.0311	3.1666	99.9369	40.0639	0.8230	0.8254	5.0000	17.1729	508.0375	94.8843	14.8915	24.9000	0.9300	0.9279	0.6410	-0.0014	508.0000	508.2803	1.0285	11.0888	99.9777	39.6917	0.8230	0.8197	5.0000	-9999.0000	-9999.0000	-9999.0000	-9999.0000	-9999.0000	-9999.0000	18.2922	3	0	31.2039	1.0000	01	1	-9999.0000	39055	67192	-9999	1650	1503	-9999	315.2842	5	0.6197	0.6410	-0.0014	45.7872	1.5267	467.9794	319.3919	37.0139	459.0519	95.7639	465.9720	94.5602	470.5112	95.0926	474.2424	94.9769	
28/08/2017	01:31:10	019001	G523126276HLR	L523	S		436.2977	1.0311	3.3484	100.0032	40.0762	0.8230	0.8254	5.0000	17.3116	508.0451	94.8611	16.0117	24.8000	0.9300	0.9279	0.6411	-0.0014	508.0000	507.6736	1.0285	11.0133	99.9472	39.6962	0.8230	0.8197	5.0000	-9999.0000	-9999.0000	-9999.0000	-9999.0000	-9999.0000	-9999.0000	18.1527	4	0	27.2534	1.0000	01	1	-9999.0000	39056	67193	-9999	1651	1503	-9999	314.5046	5	0.6195	0.6411	-0.0014	46.7882	1.4702	464.7073	319.6259	36.6667	454.9985	95.7639	463.1746	94.5370	467.7443	95.0926	471.7829	95.0000	
28/08/2017	01:31:37	019001	G523126278HLR	L523	S		438.7114	1.0311	3.2283	100.0119	40.0104	0.8230	0.8253	5.0000	17.6027	508.0449	94.8380	15.5517	24.9000	0.9300	0.9278	0.6411	-0.0014	508.0000	508.1773	1.0285	11.0760	99.9736	39.6907	0.8230	0.8196	5.0000	-9999.0000	-9999.0000	-9999.0000	-9999.0000	-9999.0000	-9999.0000	18.3115	5	0	27.6040	1.0000	01	1	-9999.0000	39057	67194	-9999	1652	1504	-9999	314.8210	5	0.6195	0.6411	-0.0014	46.7882	1.4702	465.5708	324.4299	39.4213	457.1277	95.3704	464.0650	94.6991	467.7279	95.0463	471.7326	94.9769	
28/08/2017	01:32:05	019001	G523126269HLR	L523	S		441.3956	1.0311	3.0947	100.0659	40.0230	0.8230	0.8254	5.0000	17.2616	508.0437	94.8380	16.2617	24.9000	0.9300	0.9279	0.6419	-0.0014	508.0000	508.5826	1.0285	11.1265	99.9915	39.6500	0.8230	0.8197	5.0000	-9999.0000	-9999.0000	-9999.0000	-9999.0000	-9999.0000	-9999.0000	18.1418	6	0	27.8530	1.0000	01	1	-9999.0000	39058	67195	-9999	1653	1505	-9999	314.2208	5	0.6193	0.6419	-0.0014	45.7493	1.5304	465.0568	323.9827	38.2870	455.5593	95.4861	464.8801	94.6759	467.8831	95.0694	471.6452	95.0000	
28/08/2017	01:32:33	019001	G523126259HLR	L523	S		432.0025	1.0311	3.5621	99.9925	40.0463	0.8230	0.8254	5.0000	17.3418	508.0581	94.9306	19.7319	24.8000	0.9300	0.9279	0.6408	-0.0014	508.0000	504.6744	1.0285	10.6400	99.9811	39.6973	0.8230	0.8197	5.0000	-9999.0000	-9999.0000	-9999.0000	-9999.0000	-9999.0000	-9999.0000	18.3820	7	0	27.8336	1.0000	01	1	-9999.0000	39059	67195	-9999	1654	1506	-9999	311.6684	5	0.6193	0.6408	-0.0014	43.7087	1.6605	455.2292	326.8715	40.0694	446.5051	95.3935	453.2101	94.6296	456.2704	95.0694	460.4119	94.9769	
28/08/2017	01:33:03	019001	G523126268HLR	L523	S		439.5738	1.0311	3.1854	99.9900	40.0743	0.8230	0.8254	5.0000	17.2619	508.0469	94.8843	15.3124	24.8000	0.9300	0.9278	0.6408	-0.0014	508.0000	508.6813	1.0285	11.1388	99.9440	39.7000	0.8230	0.8197	5.0000	-9999.0000	-9999.0000	-9999.0000	-9999.0000	-9999.0000	-9999.0000	18.2327	8	0	30.0230	1.0000	01	1	-9999.0000	39060	67196	-9999	1654	1507	-9999	314.9083	5	0.6193	0.6408	-0.0014	43.7087	1.6605	466.6431	327.0824	37.9861	457.6800	95.6481	463.7076	94.6759	467.8787	95.0463	472.4194	94.9769	
28/08/2017	01:33:31	019001	G523126267HLR	L523	S		438.3970	1.0311	3.2439	99.9986	40.0715	0.8230	0.8253	5.0000	17.3516	508.0422	94.8611	16.1416	24.9000	0.9300	0.9280	0.6404	-0.0014	508.0000	508.0339	1.0285	11.0582	99.9627	39.6965	0.8230	0.8197	5.0000	-9999.0000	-9999.0000	-9999.0000	-9999.0000	-9999.0000	-9999.0000	18.1731	1	0	27.9341	1.0000	01	1	-9999.0000	39061	67197	-9999	1655	1508	-9999	314.3293	5	0.6189	0.6404	-0.0014	45.9231	1.5074	462.7242	323.3671	37.1991	452.6820	95.9722	463.3141	94.6759	466.6499	95.0463	470.4995	95.0000	
28/08/2017	01:33:59	019001	G523126257HLR	L523	S		437.9632	1.0311	3.2655	99.9900	40.0000	0.8230	0.8253	5.0000	17.1513	508.0465	94.8611	15.7920	24.8000	0.9300	0.9278	0.6404	-0.0014	508.0000	507.5540	1.0285	10.9984	99.9604	39.6909	0.8230	0.8197	5.0000	-9999.0000	-9999.0000	-9999.0000	-9999.0000	-9999.0000	-9999.0000	18.0821	2	0	27.4428	1.0000	01	1	-9999.0000	39062	67198	-9999	1656	1509	-9999	314.5279	5	0.6189	0.6404	-0.0014	45.9231	1.5074	464.9236	320.9038	38.4954	455.2483	95.6713	464.3888	94.7222	467.9030	95.0231	472.5173	95.0000	
28/08/2017	01:34:25	019001	G523126247HLR	L523	S		439.2584	1.0311	3.2011	100.0109	40.0044	0.8230	0.8253	5.0000	18.1028	508.0485	94.8380	16.3624	24.8000	0.9300	0.9279	0.6428	-0.0015	508.0000	509.5914	1.0285	11.2520	100.0287	39.6838	0.8230	0.8197	5.0000	-9999.0000	-9999.0000	-9999.0000	-9999.0000	-9999.0000	-9999.0000	18.1720	3	0	26.6136	1.0000	01	1	-9999.0000	39063	67199	-9999	1657	1510	-9999	314.4847	5	0.6189	0.6428	-0.0015	57.0311	0.7920	472.6435	325.0942	38.9120	462.8119	95.6250	471.6154	94.6991	475.0680	95.0231	478.1684	95.0231	
28/08/2017	01:34:52	019001	G523126282HLR	L523	S		436.8817	1.0311	3.3193	100.0398	40.0739	0.8230	0.8254	5.0000	17.3028	508.0522	94.8843	18.0120	24.8000	0.9300	0.9279	0.6274	-0.0005	508.0000	506.4614	1.0285	10.8624	99.9477	39.6935	0.8230	0.8197	5.0000	-9999.0000	-9999.0000	-9999.0000	-9999.0000	-9999.0000	-9999.0000	18.3420	4	0	26.3636	1.0000	01	1	-9999.0000	39064	67200	-9999	1658	1511	-9999	312.7527	5	0.6188	0.6274	-0.0005	56.8974	0.8020	459.3108	325.6029	40.1620	450.3990	95.4630	456.9629	94.5833	461.5345	95.1157	465.2591	94.9769	
28/08/2017	01:35:20	019001	G523126285HLR	L523	S		437.5141	1.0311	3.2879	100.0053	40.1090	0.8230	0.8253	5.0000	17.3224	508.0200	94.8380	16.4718	24.9000	0.9300	0.9280	0.6422	-0.0015	508.0000	508.2880	1.0285	11.0898	99.9340	39.7000	0.8230	0.8197	5.0000	-9999.0000	-9999.0000	-9999.0000	-9999.0000	-9999.0000	-9999.0000	18.3030	5	0	28.2427	1.0000	01	1	-9999.0000	39065	67201	-9999	1659	1512	-9999	314.2858	5	0.6189	0.6422	-0.0015	50.7237	1.1935	472.9365	336.4715	38.8194	464.3676	95.5556	469.8095	94.7222	473.3164	95.0463	476.9482	95.0000	
28/08/2017	01:35:47	019001	G523126283HLR	L523	S		438.9272	1.0311	3.2176	99.9788	40.0579	0.8230	0.8253	5.0000	17.1124	508.0783	94.8380	15.4218	24.8000	0.9300	0.9279	0.6422	-0.0015	508.0000	507.7118	1.0285	11.0181	99.9762	39.7000	0.8230	0.8198	5.0000	-9999.0000	-9999.0000	-9999.0000	-9999.0000	-9999.0000	-9999.0000	18.2328	6	0	27.1236	1.0000	01	1	-9999.0000	39066	67202	-9999	1660	1513	-9999	314.8444	5	0.6189	0.6422	-0.0015	50.7237	1.1935	465.5389	319.2419	38.4954	456.4446	95.4861	464.1876	94.6991	468.2796	95.0231	472.6264	95.0000	
28/08/2017	01:36:14	019001	G523126275HLR	L523	S		438.6980	1.0311	3.2290	99.9923	40.0102	0.8230	0.8253	5.0000	17.1620	508.0634	94.8843	15.1415	24.8000	0.9300	0.9279	0.6452	-0.0017	508.0000	508.2390	1.0285	11.0837	99.9882	39.7000	0.8230	0.8197	5.0000	-9999.0000	-9999.0000	-9999.0000	-9999.0000	-9999.0000	-9999.0000	18.1916	7	0	27.3734	1.0000	01	1	-9999.0000	39067	67203	-9999	1661	1514	-9999	315.0516	5	0.6187	0.6452	-0.0017	49.9667	1.2438	463.1192	312.5215	36.9213	453.3071	95.7870	463.0787	94.7454	467.3195	94.9537	471.4102	95.0000	
28/08/2017	01:36:41	019001	G523126254HLR	L523	S		438.4352	1.0311	3.2420	99.9667	40.0329	0.8230	0.8254	5.0000	17.3421	508.0379	94.9074	14.3719	24.9000	0.9300	0.9280	0.6280	-0.0006	508.0000	508.2754	1.0285	11.0882	100.0158	39.6973	0.8230	0.8197	5.0000	-9999.0000	-9999.0000	-9999.0000	-9999.0000	-9999.0000	-9999.0000	18.2024	8	0	27.0032	1.0000	01	1	-9999.0000	39068	67204	-9999	1662	1515	-9999	314.9663	5	0.6187	0.6280	-0.0006	58.3750	0.7032	475.0900	318.1388	36.5509	464.6614	95.8333	474.9170	94.5370	477.7993	95.0926	481.6447	94.9769	
28/08/2017	01:37:10	019001	G523126490HLR	L523	S		437.6498	1.0311	3.2811	99.9634	40.0960	0.8230	0.8254	5.0000	17.2824	508.0470	94.8611	16.7618	24.9000	0.9300	0.9280	0.6272	-0.0005	508.0000	508.0955	1.0285	11.0658	99.9395	39.6974	0.8230	0.8197	5.0000	-9999.0000	-9999.0000	-9999.0000	-9999.0000	-9999.0000	-9999.0000	18.2718	1	0	28.3141	1.0000	01	1	-9999.0000	39069	67205	-9999	1663	1516	-9999	314.2164	5	0.6186	0.6272	-0.0005	56.5190	0.8268	473.0743	324.9394	36.1343	462.9351	95.9722	471.6208	94.6759	474.5461	95.0694	478.1601	95.0000	
28/08/2017	01:37:43	019001	G523126486HLR	L523	S		438.5288	1.0311	3.2374	99.9354	40.0950	0.8230	0.8254	5.0000	17.0820	508.0393	94.8843	15.1112	24.8000	0.9300	0.9279	0.6272	-0.0005	508.0000	508.5437	1.0285	11.1216	100.0068	39.7000	0.8230	0.8197	5.0000	-9999.0000	-9999.0000	-9999.0000	-9999.0000	-9999.0000	-9999.0000	18.1929	2	0	33.5236	1.0000	01	1	-9999.0000	39069	67206	-9999	1664	1516	-9999	314.6559	5	0.6186	0.6272	-0.0005	56.5190	0.8268	475.5621	337.0859	38.9583	465.7742	95.3704	472.2769	94.5370	476.6385	95.1389	480.0436	94.9306	
28/08/2017	01:38:10	019001	G523126489HLR	L523	S		435.0257	1.0311	3.4117	99.9846	40.0563	0.8230	0.8253	5.0000	17.2422	508.0203	94.8380	15.8818	24.9000	0.9300	0.9280	0.6276	-0.0005	508.0000	509.3547	1.0285	11.2226	99.9882	39.7000	0.8230	0.8197	5.0000	-9999.0000	-9999.0000	-9999.0000	-9999.0000	-9999.0000	-9999.0000	18.3224	3	0	27.4135	1.0000	01	1	-9999.0000	39070	67207	-9999	1665	1517	-9999	314.4381	5	0.6186	0.6276	-0.0005	58.9205	0.6714	472.5175	317.5290	36.0185	462.7715	95.5093	472.0074	94.6991	475.1881	95.0231	478.5850	95.0000	
28/08/2017	01:38:36	019001	G523126503HLR	L523	S		437.6113	1.0311	3.2830	100.0155	40.0244	0.8230	0.8253	5.0000	17.3019	508.0239	94.8611	14.9911	24.9000	0.9300	0.9279	0.6275	-0.0005	508.0000	508.5780	1.0285	11.1259	100.0023	39.6936	0.8230	0.8195	5.0000	-9999.0000	-9999.0000	-9999.0000	-9999.0000	-9999.0000	-9999.0000	18.4219	4	0	25.5931	1.0000	01	1	-9999.0000	39071	67208	-9999	1666	1517	-9999	314.7537	5	0.6188	0.6275	-0.0005	61.2964	0.5344	475.0142	323.4165	38.1481	465.1874	95.5787	473.3796	94.7222	476.5690	94.9769	480.0314	95.0231	
28/08/2017	01:39:05	019001	G523126494HLR	L523	S		437.3553	1.0311	3.2958	100.0667	40.0469	0.8230	0.8254	5.0000	17.0714	508.0484	94.8611	16.8429	24.9000	0.9300	0.9280	0.6300	-0.0007	508.0000	508.3855	1.0285	11.1019	99.8869	39.6500	0.8230	0.8196	5.0000	-9999.0000	-9999.0000	-9999.0000	-9999.0000	-9999.0000	-9999.0000	18.3429	5	0	28.8141	1.0000	01	1	-9999.0000	39072	67209	-9999	1667	1518	-9999	314.1565	5	0.6188	0.6300	-0.0007	67.8053	0.1297	468.8965	324.6441	37.5926	458.5889	95.6944	468.1496	94.5833	471.4097	95.1852	474.5164	94.9074	
28/08/2017	01:39:36	019001	G523126493HLR	L523	S		423.2322	1.0311	3.9984	100.0210	40.0707	0.8230	0.8254	5.0000	17.1525	508.0268	95.0000	21.5026	24.9000	0.9300	0.9281	0.6300	-0.0007	508.0000	505.1992	1.0285	10.7053	99.9529	39.7000	0.8230	0.8199	5.0000	-9999.0000	-9999.0000	-9999.0000	-9999.0000	-9999.0000	-9999.0000	18.0618	6	0	30.7029	1.0000	01	1	-9999.0000	39073	67210	-9999	1668	1519	-9999	312.4614	5	0.6187	0.6300	-0.0007	67.5662	0.1462	459.4358	320.8264	36.6667	450.0115	95.9491	457.5899	94.7222	459.5769	95.0463	463.1367	94.9769	
28/08/2017	01:40:05	019001	G523126500HLR	L523	S		438.0633	1.0311	3.2605	100.0345	40.0866	0.8230	0.8254	5.0000	17.1524	508.0400	94.8380	15.9219	24.8000	0.9300	0.9279	0.6300	-0.0007	508.0000	507.7855	1.0285	11.0272	99.8680	39.7314	0.8230	0.8197	5.0000	-9999.0000	-9999.0000	-9999.0000	-9999.0000	-9999.0000	-9999.0000	18.2718	7	0	29.4235	1.0000	01	1	-9999.0000	39074	67211	-9999	1669	1520	-9999	314.3762	5	0.6187	0.6300	-0.0007	67.5662	0.1462	470.9958	318.7106	36.5278	460.9622	95.7639	470.6453	94.5833	474.1085	95.1389	477.0257	94.9306	
28/08/2017	01:41:12	019001	G523126188HLR	L523	S		435.5460	1.0311	3.3858	100.0341	39.9533	0.8230	0.8254	5.0000	17.1720	508.0295	94.8611	17.3019	24.9000	0.9300	0.9283	0.6217	-0.0002	508.0000	507.3919	1.0285	10.9783	99.9425	39.5801	0.8230	0.8193	5.0000	-9999.0000	-9999.0000	-9999.0000	-9999.0000	-9999.0000	-9999.0000	18.3322	1	0	38.5946	1.0000	12	3	-9999.0000	39076	67212	-9999	1671	1521	-9999	313.9247	5	0.6188	0.6217	-0.0002	44.7447	1.6571	469.6422	324.4819	38.9815	460.5924	95.5556	467.1525	94.7222	470.1434	95.0231	473.3668	94.9769	
28/08/2017	01:41:42	019001	G523126180HLR	L523	S		435.7469	1.0311	3.3758	100.0306	40.0148	0.8230	0.8256	5.0000	17.3311	508.0391	94.9074	18.7123	24.9000	0.9300	0.9282	0.6217	-0.0002	508.0000	508.3912	1.0285	11.1026	99.9912	39.6000	0.8230	0.8199	5.0000	-9999.0000	-9999.0000	-9999.0000	-9999.0000	-9999.0000	-9999.0000	18.2120	2	0	29.6032	1.0000	12	3	-9999.0000	39077	67213	-9999	1672	1521	-9999	314.1745	5	0.6189	0.6217	-0.0002	44.2336	1.6882	474.4472	336.7050	37.6157	464.7183	95.7176	471.1315	94.6991	474.2143	95.0231	477.0410	94.9769	
28/08/2017	01:42:12	019001	G523126177HLR	L523	S		436.3151	1.0311	3.3475	99.9219	40.1942	0.8230	0.8255	5.0000	17.1221	508.0397	94.8843	17.9524	24.8000	0.9300	0.9279	0.6217	-0.0002	508.0000	507.6655	1.0285	11.0123	99.9780	39.7368	0.8230	0.8197	5.0000	-9999.0000	-9999.0000	-9999.0000	-9999.0000	-9999.0000	-9999.0000	18.2922	3	0	30.7040	1.0000	12	3	-9999.0000	39078	67214	-9999	1673	1522	-9999	314.2833	5	0.6189	0.6217	-0.0002	44.2336	1.6882	474.6557	314.7092	36.6435	465.3171	95.8102	472.7718	94.4444	475.6919	95.1389	478.2730	94.9306	
28/08/2017	01:42:44	019001	G523126174HLR	L523	S		441.5726	1.0311	3.0859	100.0176	40.1373	0.8230	0.8253	5.0000	17.0823	508.0199	94.8611	16.4913	24.8000	0.9300	0.9279	0.6211	-0.0001	508.0000	510.5271	1.0285	11.3685	100.0580	39.6470	0.8230	0.8196	5.0000	-9999.0000	-9999.0000	-9999.0000	-9999.0000	-9999.0000	-9999.0000	18.1035	4	0	31.1737	1.0000	12	3	-9999.0000	39079	67215	-9999	1674	1523	-9999	314.3957	5	0.6187	0.6211	-0.0001	62.4193	0.5085	471.3696	327.1545	35.7639	459.1956	95.3472	473.9425	94.6065	477.6383	95.1157	480.5217	94.9306	
28/08/2017	01:43:12	019001	G523126158HLR	L523	S		425.2224	1.0311	3.8994	99.9839	40.0210	0.8230	0.8253	5.0000	17.0615	508.0226	94.9769	27.1332	24.8000	0.9300	0.9280	0.6207	-0.0001	508.0000	507.5991	1.0285	11.0040	99.9095	39.6500	0.8230	0.8197	5.0000	-9999.0000	-9999.0000	-9999.0000	-9999.0000	-9999.0000	-9999.0000	18.1419	5	0	28.6040	1.0000	12	3	-9999.0000	39080	67215	-9999	1675	1524	-9999	313.5814	5	0.6185	0.6207	-0.0001	61.1122	0.5969	459.0718	327.0902	37.7315	450.5313	95.8796	455.3390	94.7454	457.2999	94.9537	460.1535	95.0000	
