Data	Timp	Nr. masina	Nr. de serie	Tip	Productie	Comentariu	Pre-masurare Q [ml/min]	Pre-masurare Gain	Pre-masurare Offset Master	Pre-masurare P [bar]	Pre-masurare T [°C]	Pre-masurare Densitate fixa [kg/l]	Pre-masurare densitate masurata [kg/l]	Pre-masurare Timp masurare [s]	Pre-masurare Cycle time [s]	rectificare Q Oprire [ml/min]	rectificare P Oprire [bar]	rectificare Timp rectificare [s]	rectificare T [°C]	rectificare Densitate fixa [kg/l]	rectificare densitate masurata [kg/l]	rectificare Factor de masurare la rectificare	rectificare Factor de corectie a debitului	rectificare Target rectificare	Masurare Q [ml/min]	Masurare Gain	Masurare Offset Master	Masurare P [bar]	Masurare T [°C]	Masurare Densitate fixa [kg/l]	Masurare densitate masurata [kg/l]	Masurare Timp masurare [s]	Masurare Q [ml/min]	Masurare Delta Q [ml/min]	Masurare P [bar]	Masurare BP [bar]	Masurare T [°C]	Masurare Timp masurare [s]	Masurare Cycle time [s]	Nest Nr.	Cod de descarcare	Cycle time [s]	Traceability aktiv	EDM Maschine Nr	EDM Spindle Nr	Honing Rate [r	Station Counter Premeasure	Station Counter Grind	Station Counter Blowout 1	Station Counter Wash	Station Counter Measure	Station Counter Blowout 2	RealGrindQStop	Reg Type	Factor 0	Factor 1	Factor 2	Factor 3	Factor 4	G_StartQV	G_StartQV_1	G_StartQV_2	G_StartQV_3	G_StartQV_4	G_StartQV_5	
30/08/2017	00:28:35	019001	H375143047HLR	L375	S		740.9228	1.0311	0.0000	99.9572	38.7872	0.8230	0.8252	5.0000	18.7924	860.0620	94.9306	20.8618	23.3000	0.9300	0.9333	0.6774	0.0000	860.0000	861.6828	1.0285	2.5502	100.1461	38.8499	0.8230	0.8216	5.0000	-9999.0000	-9999.0000	-9999.0000	-9999.0000	-9999.0000	-9999.0000	17.3017	7	0	32.4246	1.0000	99	9	-9999.0000	42569	70503	-9999	2101	2005	-9999	582.6549	3	0.6774	0.6851	-0.0004	94.4297	1.5337	724.2536	246.2674	33.8889	700.1187	69.1435	737.1356	93.1944	787.0465	94.7454	795.2647	95.1620	
30/08/2017	00:29:06	019001	H375143037HLR	L375	S		741.8259	1.0311	0.0000	99.9524	39.3756	0.8230	0.8277	5.0000	18.7414	860.0724	94.9537	19.2923	23.3000	0.9300	0.9328	0.6774	0.0000	860.0000	860.2107	1.0285	2.6012	99.8758	38.9955	0.8230	0.8213	5.0000	-9999.0000	-9999.0000	-9999.0000	-9999.0000	-9999.0000	-9999.0000	18.3624	8	0	31.2927	1.0000	99	9	-9999.0000	42570	70504	-9999	2102	2006	-9999	582.6734	3	0.6774	0.6851	-0.0004	94.4297	1.5337	761.6010	337.0723	35.9028	738.6357	92.6389	785.9027	94.2130	793.4157	95.0463	799.1940	95.0926	
30/08/2017	00:29:38	019001	H375143033HLR	L375	S		739.7612	1.0311	0.0000	100.0082	40.8361	0.8230	0.8273	5.0000	17.7413	860.0584	94.9537	19.4124	23.4000	0.9300	0.9327	0.6774	0.0000	860.0000	859.9726	1.0285	2.6095	99.7405	39.0250	0.8230	0.8209	5.0000	-9999.0000	-9999.0000	-9999.0000	-9999.0000	-9999.0000	-9999.0000	18.3322	1	0	31.7744	1.0000	99	9	-9999.0000	42571	70505	-9999	2103	2007	-9999	582.6556	3	0.6774	0.6851	-0.0004	94.4297	1.5337	762.6530	337.7685	35.9028	739.3557	93.1713	787.4990	94.3750	795.0393	95.0926	800.3672	95.0463	
30/08/2017	00:30:09	019001	H375142987HLR	L375	S		738.7366	1.0311	0.0000	99.9928	39.4601	0.8230	0.8247	5.0000	19.2415	860.0444	94.9074	21.7223	23.4000	0.9300	0.9325	0.6762	0.0000	860.0000	862.2507	1.0285	2.5306	99.5851	39.0055	0.8230	0.8208	5.0000	-9999.0000	-9999.0000	-9999.0000	-9999.0000	-9999.0000	-9999.0000	18.2924	2	0	31.2731	1.0000	99	9	-9999.0000	42572	70506	-9999	2104	2008	-9999	582.6377	3	0.6762	0.6853	-0.0004	94.5221	1.5352	759.6652	345.8119	38.0324	736.9917	93.2407	782.3420	94.5370	789.4721	95.0926	794.6312	95.0463	
30/08/2017	00:35:33	019001	H375143054HLR	L375	S		739.8185	1.0311	0.0000	99.9903	39.0273	0.8230	0.8272	5.0000	17.2812	860.0538	94.9074	20.9331	23.5000	0.9300	0.9322	0.6768	0.0000	860.0000	860.1907	1.0285	2.6019	99.9129	39.0253	0.8230	0.8208	5.0000	-9999.0000	-9999.0000	-9999.0000	-9999.0000	-9999.0000	-9999.0000	18.4923	3	0	321.9782	1.0000	99	9	-9999.0000	42573	70507	-9999	2105	2009	-9999	581.5983	3	0.6768	0.6856	-0.0004	94.4810	1.5346	764.3081	344.1337	38.3796	741.4272	93.6343	786.3683	94.7685	794.5973	95.0463	799.2073	95.0926	
30/08/2017	00:36:02	019001	H375143018HLR	L375	S		741.8986	1.0311	0.0000	99.9816	40.5908	0.8230	0.8272	5.0000	18.7719	860.0406	94.9306	19.3021	23.6000	0.9300	0.9321	0.6770	0.0000	860.0000	859.3509	1.0285	2.6310	99.5589	39.0624	0.8230	0.8208	5.0000	-9999.0000	-9999.0000	-9999.0000	-9999.0000	-9999.0000	-9999.0000	18.3615	4	0	30.8737	1.0000	99	9	-9999.0000	42573	70508	-9999	2106	0	-9999	582.1132	3	0.6770	0.6857	-0.0004	94.4631	1.5343	766.1246	332.1983	36.3889	743.4703	94.2824	790.1052	94.6528	797.2396	95.1157	802.0318	95.1157	
30/08/2017	00:36:33	019001	H375143061HLR	L375	S		740.7881	1.0311	0.0000	100.0133	40.0128	0.8230	0.8259	5.0000	17.1222	860.0367	94.9306	20.2719	23.6000	0.9300	0.9320	0.6767	0.0000	860.0000	859.4467	1.0285	2.6277	100.4395	38.9049	0.8230	0.8208	5.0000	-9999.0000	-9999.0000	-9999.0000	-9999.0000	-9999.0000	-9999.0000	18.4727	5	0	30.7937	1.0000	99	9	-9999.0000	42574	70509	-9999	2107	2010	-9999	582.3193	3	0.6767	0.6856	-0.0004	94.5075	1.5350	764.8098	334.6555	38.4259	742.9347	94.1898	786.5905	94.9537	793.7762	94.9537	798.0595	95.0463	
30/08/2017	00:36:58	019001	H375142997HLR	L375	S		743.1774	1.0311	0.0000	99.9551	38.9854	0.8230	0.8265	5.0000	17.3516	860.0342	94.9306	19.2923	23.6000	0.9300	0.9319	0.6766	0.0000	860.0000	859.6242	1.0285	2.6216	99.9862	39.0927	0.8230	0.8212	5.0000	-9999.0000	-9999.0000	-9999.0000	-9999.0000	-9999.0000	-9999.0000	18.2922	6	0	25.5830	1.0000	99	9	-9999.0000	42575	70510	-9999	2108	2011	-9999	582.0375	3	0.6766	0.6919	-0.0008	90.0877	1.4901	770.4963	339.4829	35.8333	748.6685	95.0463	792.4604	94.8380	798.7211	95.0000	803.9247	95.1389	
30/08/2017	00:37:24	019001	H375143058HLR	L375	S		740.5612	1.0311	0.0000	100.0296	40.1675	0.8230	0.8284	5.0000	17.2628	0.0000	0.0000	0.0000	0.0000	0.9300	0.0000	0.0000	0.0000	860.0000	794.6509	1.0285	4.0272	99.8026	39.1840	0.8230	0.8213	5.0000	-9999.0000	-9999.0000	-9999.0000	-9999.0000	-9999.0000	-9999.0000	18.1927	7	1	25.3028	1.0000	99	9	-9999.0000	42576	0	-9999	2109	2011	-9999	0.0000	0	0.0000	0.0000	0.0000	0.0000	0.0000	0.0000	338.1155	37.8935	739.1364	94.9306	786.2520	94.8148	792.3362	95.0463	631.5639	1.1343	
30/08/2017	00:37:57	019001	H375143038HLR	L375	S		741.8854	1.0311	0.0000	99.9971	40.3581	0.8230	0.8261	5.0000	17.2519	860.0428	94.9306	18.8323	23.9000	0.9300	0.9306	0.6768	0.0000	860.0000	858.2076	1.0285	2.6706	99.5094	39.0871	0.8230	0.8205	5.0000	-9999.0000	-9999.0000	-9999.0000	-9999.0000	-9999.0000	-9999.0000	18.3819	8	0	32.9835	1.0000	99	9	-9999.0000	0	70511	-9999	2110	2012	-9999	581.9588	3	0.6768	0.6921	-0.0008	88.9481	1.5343	768.6839	214.4887	37.2685	744.8757	94.9537	793.0974	94.6296	800.3819	95.0926	804.8892	95.0463	
30/08/2017	00:38:33	019001	H375143021HLR	L375	S		742.1710	1.0311	0.0000	100.0286	40.1285	0.8230	0.8259	5.0000	17.0926	860.0431	94.9537	19.3226	23.9000	0.9300	0.9305	0.6768	0.0000	860.0000	859.1065	1.0285	2.6395	99.6522	39.1051	0.8230	0.8207	5.0000	-9999.0000	-9999.0000	-9999.0000	-9999.0000	-9999.0000	-9999.0000	18.3223	1	0	36.2248	1.0000	99	9	-9999.0000	42577	70512	-9999	2111	2013	-9999	582.0880	3	0.6768	0.6907	-0.0007	80.3565	1.9429	767.6688	334.8938	35.7407	744.5088	95.5093	791.2740	94.6759	798.0482	95.1389	802.2337	95.0694	
30/08/2017	00:39:05	019001	H375143011HLR	L375	S		767.4527	1.0311	0.0000	99.9989	39.0349	0.8230	0.8260	5.0000	17.4318	860.0547	95.0694	9.2413	23.9000	0.9300	0.9306	0.6768	0.0000	860.0000	855.9591	1.0285	2.7485	100.4812	39.1604	0.8230	0.8205	5.0000	-9999.0000	-9999.0000	-9999.0000	-9999.0000	-9999.0000	-9999.0000	18.6224	2	0	32.1435	1.0000	99	9	-9999.0000	42578	70513	-9999	2112	2014	-9999	582.1494	3	0.6768	0.6907	-0.0007	80.3565	1.9429	801.2724	347.0491	36.7130	776.7529	95.2083	827.1869	94.6065	833.6776	95.1157	839.0597	95.1389	
30/08/2017	00:39:37	019001	H375143001HLR	L375	S		755.2299	1.0311	0.0000	99.9573	40.0188	0.8230	0.8280	5.0000	17.1827	860.0404	95.0000	13.8219	24.0000	0.9300	0.9309	0.6768	0.0000	860.0000	858.5918	1.0285	2.6573	100.0342	39.0996	0.8230	0.8204	5.0000	-9999.0000	-9999.0000	-9999.0000	-9999.0000	-9999.0000	-9999.0000	18.5617	3	0	32.0037	1.0000	99	9	-9999.0000	42579	70514	-9999	2113	2015	-9999	582.1135	3	0.6768	0.6907	-0.0007	80.3565	1.9429	785.6294	333.6791	38.2870	760.7935	95.2315	810.1356	94.7685	816.5182	95.1852	822.0663	95.2315	
30/08/2017	00:40:07	019001	H375145145HLR	L375	S		739.0978	1.0311	0.0000	100.0219	40.4517	0.8230	0.8260	5.0000	18.1622	860.0550	94.8843	21.0230	23.9000	0.9300	0.9311	0.6770	0.0000	860.0000	859.2431	1.0285	2.6348	100.1466	39.1352	0.8230	0.8206	5.0000	-9999.0000	-9999.0000	-9999.0000	-9999.0000	-9999.0000	-9999.0000	18.6116	4	0	29.6939	1.0000	99	9	-9999.0000	42580	70515	-9999	2114	2016	-9999	582.2748	3	0.6770	0.6924	-0.0008	75.5750	2.1698	765.1351	335.6025	38.6806	741.0309	95.2315	789.1745	94.7222	795.3306	95.0926	800.2162	95.1852	
30/08/2017	00:40:39	019001	H375145144HLR	L375	S		737.6028	1.0311	0.0000	99.9990	39.5970	0.8230	0.8256	5.0000	17.3275	860.0316	94.9537	24.7529	23.8000	0.9300	0.9312	0.6773	0.0000	860.0000	863.4561	1.0285	2.4888	99.7956	39.1958	0.8230	0.8206	5.0000	-9999.0000	-9999.0000	-9999.0000	-9999.0000	-9999.0000	-9999.0000	18.4016	5	0	32.1434	1.0000	99	9	-9999.0000	42581	70516	-9999	2115	2017	-9999	582.2908	3	0.6773	0.6835	-0.0003	63.3987	2.7729	763.2509	338.2836	35.8102	740.4631	95.9259	783.8437	94.7454	788.8845	95.0926	792.6022	95.0926	
30/08/2017	00:41:12	019001	H375143053HLR	L375	S		735.9636	1.0311	0.0000	99.9643	39.5108	0.8230	0.8274	5.0000	17.2618	860.0641	94.9074	20.1117	23.9000	0.9300	0.9311	0.6774	0.0000	860.0000	859.5792	1.0285	2.6231	100.2552	39.1844	0.8230	0.8205	5.0000	-9999.0000	-9999.0000	-9999.0000	-9999.0000	-9999.0000	-9999.0000	18.6419	6	0	32.6641	1.0000	99	9	-9999.0000	42582	70516	-9999	2116	2018	-9999	582.5890	3	0.6774	0.6827	-0.0003	64.8992	2.7036	764.1488	341.7494	36.1343	741.1662	96.0185	785.7642	94.8843	790.5735	95.0463	795.0482	95.1389	
30/08/2017	00:41:43	019001	H375143066HLR	L375	S		737.6465	1.0311	0.0000	99.9363	40.3637	0.8230	0.8269	5.0000	17.2618	860.0679	94.8843	20.5024	23.9000	0.9300	0.9313	0.6774	0.0000	860.0000	859.8991	1.0285	2.6120	100.0888	39.1914	0.8230	0.8204	5.0000	-9999.0000	-9999.0000	-9999.0000	-9999.0000	-9999.0000	-9999.0000	18.7424	7	0	31.0036	1.0000	99	9	-9999.0000	42583	70517	-9999	2117	2019	-9999	582.6385	3	0.6774	0.6825	-0.0003	70.1155	2.4269	766.4021	337.2071	35.6944	743.3879	95.8565	790.1806	94.8148	795.4192	95.0000	799.8460	95.1389	
30/08/2017	00:42:15	019001	H375142998HLR	L375	S		741.7926	1.0311	0.0000	99.9447	39.6539	0.8230	0.8258	5.0000	17.2118	860.0738	94.9306	17.7023	23.9000	0.9300	0.9313	0.6772	0.0000	860.0000	858.9357	1.0285	2.6454	100.0043	39.1972	0.8230	0.8204	5.0000	-9999.0000	-9999.0000	-9999.0000	-9999.0000	-9999.0000	-9999.0000	18.5931	8	0	32.3534	1.0000	99	9	-9999.0000	42584	70518	-9999	2118	2020	-9999	582.6673	3	0.6772	0.6832	-0.0003	70.2014	2.4247	769.3667	332.0150	37.1296	746.8840	95.6019	794.8005	94.7917	801.0767	95.0463	806.4298	95.1157	
30/08/2017	00:42:47	019001	H375142984HLR	L375	S		717.0632	1.0311	0.0000	99.9871	39.5116	0.8230	0.8263	5.0000	19.0921	860.0367	94.9074	20.6323	23.8000	0.9300	0.9313	0.6772	0.0000	860.0000	859.3852	1.0285	2.6298	100.3919	39.2039	0.8230	0.8205	5.0000	-9999.0000	-9999.0000	-9999.0000	-9999.0000	-9999.0000	-9999.0000	18.6027	1	0	32.3037	1.0000	99	9	-9999.0000	42585	70519	-9999	2119	2021	-9999	582.4395	3	0.6772	0.6831	-0.0003	70.5294	2.4100	762.6870	330.8933	37.0833	736.4772	95.6250	789.1726	94.9074	793.9356	95.0231	798.8609	95.1157	
30/08/2017	00:43:21	019001	H375142993HLR	L375	S		741.6294	1.0311	0.0000	99.9435	40.1988	0.8230	0.8271	5.0000	17.1525	860.0739	94.9074	20.5933	23.9000	0.9300	0.9314	0.6772	0.0000	860.0000	860.6747	1.0285	2.5852	100.6227	39.2255	0.8230	0.8205	5.0000	-9999.0000	-9999.0000	-9999.0000	-9999.0000	-9999.0000	-9999.0000	18.5717	2	0	33.3641	1.0000	99	9	-9999.0000	42586	70520	-9999	2119	2022	-9999	582.5251	3	0.6772	0.6830	-0.0003	69.7249	2.4588	765.8443	335.6871	36.1343	742.0691	95.8333	792.6249	94.7685	797.5824	95.0926	801.7361	95.1620	
30/08/2017	00:43:53	019001	H375143017HLR	L375	S		738.8852	1.0311	0.0000	99.9916	39.8627	0.8230	0.8251	5.0000	18.9124	860.0678	94.9306	19.5121	23.9000	0.9300	0.9314	0.6773	0.0000	860.0000	860.0883	1.0285	2.6055	100.6823	39.2242	0.8230	0.8204	5.0000	-9999.0000	-9999.0000	-9999.0000	-9999.0000	-9999.0000	-9999.0000	18.6017	3	0	32.8143	1.0000	99	9	-9999.0000	42587	70521	-9999	2120	2023	-9999	582.5270	3	0.6773	0.6832	-0.0003	78.7006	2.0245	764.8309	329.2227	36.5278	740.4077	95.7639	790.6349	94.7685	796.4503	95.0000	801.8804	95.1389	
30/08/2017	00:44:27	019001	H375143010HLR	L375	S		735.6841	1.0311	0.0000	99.9977	39.4000	0.8230	0.8264	5.0000	17.4122	860.0457	94.8843	20.3618	23.9000	0.9300	0.9313	0.6773	0.0000	860.0000	861.6430	1.0285	2.5516	100.0752	39.1535	0.8230	0.8199	5.0000	-9999.0000	-9999.0000	-9999.0000	-9999.0000	-9999.0000	-9999.0000	20.6519	4	0	34.0734	1.0000	99	9	-9999.0000	42588	70522	-9999	2121	2024	-9999	582.5709	3	0.6773	0.6830	-0.0003	67.1197	2.6093	762.9197	335.0343	36.1111	738.5087	96.0417	786.9605	94.7917	793.4367	95.0694	798.5370	95.1620	
30/08/2017	00:44:59	019001	H375143019HLR	L375	S		731.8263	1.0311	0.0000	99.9699	40.1525	0.8230	0.8274	5.0000	17.0723	860.0808	94.9074	20.8228	23.9000	0.9300	0.9315	0.6773	0.0000	860.0000	862.1541	1.0285	2.5339	100.1339	39.2496	0.8230	0.8204	5.0000	-9999.0000	-9999.0000	-9999.0000	-9999.0000	-9999.0000	-9999.0000	18.6623	5	0	31.2341	1.0000	99	9	-9999.0000	42589	70523	-9999	2122	2025	-9999	582.6284	3	0.6773	0.6831	-0.0003	79.0643	2.0011	763.5883	343.1499	39.7685	741.0491	95.2083	787.6774	94.7685	793.8807	94.9769	799.1094	95.1389	
30/08/2017	00:45:31	019001	H375143060HLR	L375	S		738.6634	1.0311	0.0000	99.9573	40.0465	0.8230	0.8254	5.0000	18.3215	860.0239	94.8843	21.3619	23.8000	0.9300	0.9314	0.6773	0.0000	860.0000	864.1740	1.0285	2.4639	100.4150	39.2478	0.8230	0.8203	5.0000	-9999.0000	-9999.0000	-9999.0000	-9999.0000	-9999.0000	-9999.0000	18.6622	6	0	32.0039	1.0000	99	9	-9999.0000	42590	70524	-9999	2123	2026	-9999	582.5372	3	0.6773	0.6831	-0.0003	79.9257	1.9687	765.4115	331.5053	37.7083	741.3820	95.6481	790.8286	94.9306	796.2261	94.9769	800.8941	95.1157	
30/08/2017	00:46:02	019001	H375143039HLR	L375	S		735.0904	1.0311	0.0000	99.9731	39.3293	0.8230	0.8256	5.0000	18.7718	860.0381	94.9074	21.3316	23.9000	0.9300	0.9315	0.6773	0.0000	860.0000	861.7672	1.0285	2.5473	100.0842	39.1718	0.8230	0.8199	5.0000	-9999.0000	-9999.0000	-9999.0000	-9999.0000	-9999.0000	-9999.0000	20.5327	7	0	31.2038	1.0000	99	9	-9999.0000	42591	70525	-9999	2124	2027	-9999	582.5360	3	0.6773	0.6832	-0.0003	79.0432	2.0256	761.2810	332.5102	38.2870	738.7100	95.6250	784.5161	95.0000	791.4777	95.0694	796.0763	95.1157	
30/08/2017	00:46:32	019001	H375143055HLR	L375	S		733.6132	1.0311	0.0000	99.9810	40.1136	0.8230	0.8274	5.0000	17.3115	860.0639	94.9306	22.0329	23.8000	0.9300	0.9314	0.6772	0.0000	860.0000	861.4942	1.0285	2.5568	100.2107	39.2577	0.8230	0.8204	5.0000	-9999.0000	-9999.0000	-9999.0000	-9999.0000	-9999.0000	-9999.0000	18.6827	8	0	30.5534	1.0000	99	9	-9999.0000	42592	70525	-9999	2125	2028	-9999	582.5274	3	0.6772	0.6833	-0.0003	67.6054	2.6088	759.2562	332.4674	35.0000	734.7120	95.6250	785.1513	94.7222	789.1475	95.0694	793.6581	95.1157	
30/08/2017	00:47:06	019001	H375143036HLR	L375	S		735.6566	1.0311	0.0000	100.0392	40.1729	0.8230	0.8260	5.0000	17.1817	860.0628	94.9306	19.7318	23.9000	0.9300	0.9315	0.6771	0.0000	860.0000	860.2473	1.0285	2.6000	100.4920	39.2771	0.8230	0.8204	5.0000	-9999.0000	-9999.0000	-9999.0000	-9999.0000	-9999.0000	-9999.0000	18.5922	1	0	33.6534	1.0000	99	9	-9999.0000	42593	70526	-9999	2126	2029	-9999	582.4726	3	0.6771	0.6836	-0.0003	66.9546	2.6512	763.0545	330.6745	36.8287	739.3776	95.8333	788.5777	94.8148	795.1656	95.0231	800.4366	95.1620	
30/08/2017	00:47:40	019001	H375143027HLR	L375	S		740.6818	1.0311	0.0000	99.9949	39.3838	0.8230	0.8261	5.0000	17.1619	860.0642	94.9074	19.9926	23.9000	0.9300	0.9314	0.6770	0.0000	860.0000	860.3411	1.0285	2.5967	99.4841	39.2033	0.8230	0.8197	5.0000	-9999.0000	-9999.0000	-9999.0000	-9999.0000	-9999.0000	-9999.0000	20.4526	2	0	33.9346	1.0000	99	9	-9999.0000	42594	70527	-9999	2127	2030	-9999	582.3529	3	0.6770	0.6837	-0.0003	65.7680	2.7292	767.2585	334.6311	38.1481	745.0737	95.4398	790.2018	94.8380	795.4041	95.0231	800.6517	95.1389	
30/08/2017	00:48:12	019001	H375143508HLR	L375	S		739.8137	1.0311	0.0000	100.0532	39.9816	0.8230	0.8272	5.0000	17.3721	860.0794	94.9074	19.6928	23.9000	0.9300	0.9315	0.6770	0.0000	860.0000	860.8377	1.0285	2.5795	99.9329	39.2863	0.8230	0.8203	5.0000	-9999.0000	-9999.0000	-9999.0000	-9999.0000	-9999.0000	-9999.0000	18.6222	3	0	31.7235	1.0000	99	9	-9999.0000	42595	70528	-9999	2128	2031	-9999	582.3369	3	0.6770	0.6837	-0.0003	65.5682	2.7380	769.0065	338.1597	37.8241	746.3367	95.7639	793.3867	94.7454	798.5941	95.1157	804.1395	95.1389	
30/08/2017	00:48:43	019001	H375143024HLR	L375	S		738.7159	1.0311	0.0000	100.0204	40.2553	0.8230	0.8262	5.0000	17.1221	860.0583	94.9074	18.6018	23.9000	0.9300	0.9314	0.6770	0.0000	860.0000	859.6708	1.0285	2.6199	99.9503	39.2706	0.8230	0.8202	5.0000	-9999.0000	-9999.0000	-9999.0000	-9999.0000	-9999.0000	-9999.0000	18.4925	4	0	31.5135	1.0000	99	9	-9999.0000	42596	70529	-9999	2129	2032	-9999	582.2823	3	0.6770	0.6837	-0.0003	65.7093	2.7423	768.4436	335.2359	37.9167	744.3839	95.5093	792.8162	94.9074	798.5846	95.0926	803.5573	95.1157	
30/08/2017	00:49:15	019001	H375143046HLR	L375	S		733.9321	1.0311	0.0000	100.0163	39.4749	0.8230	0.8258	5.0000	17.2724	860.0665	94.9537	22.1530	23.9000	0.9300	0.9316	0.6770	0.0000	860.0000	861.6938	1.0285	2.5499	100.1162	39.2471	0.8230	0.8203	5.0000	-9999.0000	-9999.0000	-9999.0000	-9999.0000	-9999.0000	-9999.0000	18.7327	5	0	31.6442	1.0000	99	9	-9999.0000	42597	70530	-9999	2130	2033	-9999	582.2927	3	0.6770	0.6837	-0.0003	65.6318	2.7439	760.8333	333.1486	36.4352	737.7771	95.9028	784.6497	94.8843	790.0391	95.0231	795.3812	95.1389	
30/08/2017	00:49:48	019001	H375143531HLR	L375	S		733.8590	1.0311	0.0000	99.9933	39.8263	0.8230	0.8270	5.0000	17.3720	860.0613	94.9306	21.9128	23.9000	0.9300	0.9314	0.6770	0.0000	860.0000	861.0704	1.0285	2.5715	100.1321	39.2823	0.8230	0.8203	5.0000	-9999.0000	-9999.0000	-9999.0000	-9999.0000	-9999.0000	-9999.0000	18.6820	6	0	33.2834	1.0000	99	9	-9999.0000	42598	70531	-9999	2131	2034	-9999	582.2883	3	0.6770	0.6836	-0.0003	65.4674	2.7556	760.3013	329.0322	38.4722	736.9454	95.7176	783.6680	94.9537	790.4844	95.0926	795.9071	95.0926	
30/08/2017	00:50:16	019001	H375143520HLR	L375	S		735.1716	1.0311	0.0000	99.9762	40.2671	0.8230	0.8264	5.0000	17.0821	860.0335	94.8843	20.2124	23.9000	0.9300	0.9315	0.6770	0.0000	860.0000	860.2373	1.0285	2.6003	100.2573	39.2903	0.8230	0.8203	5.0000	-9999.0000	-9999.0000	-9999.0000	-9999.0000	-9999.0000	-9999.0000	18.6517	7	0	27.4339	1.0000	99	9	-9999.0000	42599	70532	-9999	2132	2035	-9999	582.2440	3	0.6770	0.6836	-0.0003	66.3530	2.7192	764.4883	329.3310	37.0602	740.9619	95.7176	789.0958	94.9537	794.5885	94.9769	799.5175	95.1157	
30/08/2017	00:50:44	019001	H375143527HLR	L375	S		738.2624	1.0311	0.0000	99.9838	39.6194	0.8230	0.8259	5.0000	17.1623	860.0789	94.9306	19.5023	23.9000	0.9300	0.9314	0.6769	0.0000	860.0000	860.9279	1.0285	2.5764	99.9627	39.2781	0.8230	0.8202	5.0000	-9999.0000	-9999.0000	-9999.0000	-9999.0000	-9999.0000	-9999.0000	18.7216	8	0	28.2327	1.0000	99	9	-9999.0000	42600	70533	-9999	2133	2036	-9999	582.3044	3	0.6769	0.6837	-0.0003	66.0794	2.7357	766.6498	326.9770	37.7778	743.5290	95.5556	791.7948	94.8148	797.9106	95.0463	803.1353	95.1157	
30/08/2017	00:51:15	019001	H375143519HLR	L375	S		737.8685	1.0311	0.0000	99.9381	39.7970	0.8230	0.8264	5.0000	18.2520	860.0372	94.8611	20.1616	23.9000	0.9300	0.9313	0.6769	0.0000	860.0000	860.7263	1.0285	2.5834	99.6678	39.2173	0.8230	0.8198	5.0000	-9999.0000	-9999.0000	-9999.0000	-9999.0000	-9999.0000	-9999.0000	20.6528	1	0	31.4841	1.0000	99	9	-9999.0000	42601	70534	-9999	2134	2037	-9999	582.2249	3	0.6769	0.6837	-0.0003	65.6415	2.7605	765.6166	329.9324	36.8750	742.0514	95.7639	790.3288	94.7917	795.6979	95.0231	801.6881	95.1389	
30/08/2017	00:51:50	019001	H375143523HLR	L375	S		734.0339	1.0311	0.0000	99.9797	40.1892	0.8230	0.8264	5.0000	17.4014	860.0350	94.9074	21.2721	23.9000	0.9300	0.9314	0.6769	0.0000	860.0000	861.2271	1.0285	2.5660	100.0375	39.3265	0.8230	0.8204	5.0000	-9999.0000	-9999.0000	-9999.0000	-9999.0000	-9999.0000	-9999.0000	18.6918	2	0	34.8039	1.0000	99	9	-9999.0000	42602	70535	-9999	2135	2038	-9999	582.1999	3	0.6769	0.6837	-0.0003	65.3249	2.7888	759.6464	330.0322	35.8796	736.1585	95.9954	785.4244	94.6528	791.9522	95.0926	796.8938	95.1389	
30/08/2017	00:52:22	019001	H375144952HLR	L375	S		743.1279	1.0311	0.0000	100.0125	39.7611	0.8230	0.8258	5.0000	17.2217	860.0390	94.9537	15.9618	23.9000	0.9300	0.9312	0.6769	0.0000	860.0000	859.6294	1.0285	2.6214	100.1541	39.3247	0.8230	0.8201	5.0000	-9999.0000	-9999.0000	-9999.0000	-9999.0000	-9999.0000	-9999.0000	18.6225	3	0	32.0234	1.0000	99	9	-9999.0000	42603	70536	-9999	2136	2039	-9999	582.2332	3	0.6769	0.6837	-0.0003	65.3249	2.7888	774.3826	331.5279	36.2500	749.7127	95.9722	801.0541	94.7685	807.5347	95.0694	812.5521	95.1157	
30/08/2017	00:52:55	019001	H375143005HLR	L375	S		738.7040	1.0311	0.0000	99.9824	39.7000	0.8230	0.8261	5.0000	18.5117	860.0258	94.9306	16.1826	23.9000	0.9300	0.9313	0.6769	0.0000	860.0000	859.5444	1.0285	2.6243	100.0724	39.2144	0.8230	0.8197	5.0000	-9999.0000	-9999.0000	-9999.0000	-9999.0000	-9999.0000	-9999.0000	20.1429	4	0	31.6041	1.0000	99	9	-9999.0000	42604	70537	-9999	2137	2040	-9999	582.1752	3	0.6769	0.6836	-0.0003	65.5857	2.7832	773.4263	326.9801	35.2083	748.0367	96.0417	800.0118	94.6528	806.3662	95.1389	811.8941	95.1389	
30/08/2017	00:53:25	019001	H375144953HLR	L375	S		736.6223	1.0311	0.0000	100.0636	40.0830	0.8230	0.8266	5.0000	17.3018	860.0857	94.9074	19.9819	23.9000	0.9300	0.9314	0.6769	0.0000	860.0000	860.6506	1.0285	2.5860	100.2064	39.3047	0.8230	0.8204	5.0000	-9999.0000	-9999.0000	-9999.0000	-9999.0000	-9999.0000	-9999.0000	18.6019	5	0	30.8835	1.0000	99	9	-9999.0000	42605	70538	-9999	2138	2041	-9999	582.2149	3	0.6769	0.6835	-0.0003	63.8831	2.8829	764.7338	332.3216	38.1713	741.2588	95.6250	790.8773	94.8148	796.9947	95.0926	801.8213	95.1389	
30/08/2017	00:53:57	019001	H375143014HLR	L375	S		731.8294	1.0311	0.0000	100.0152	39.9782	0.8230	0.8260	5.0000	17.2314	860.0428	94.9306	22.8230	23.9000	0.9300	0.9314	0.6769	0.0000	860.0000	861.5979	1.0285	2.5532	100.0767	39.3223	0.8230	0.8202	5.0000	-9999.0000	-9999.0000	-9999.0000	-9999.0000	-9999.0000	-9999.0000	18.7317	6	0	32.2042	1.0000	99	9	-9999.0000	42606	70539	-9999	2139	2042	-9999	582.1830	3	0.6769	0.6831	-0.0003	66.4968	2.7661	760.7651	334.0178	38.3333	737.6264	95.5556	784.5792	94.7685	788.9786	95.0231	794.5680	95.1157	
30/08/2017	00:54:28	019001	H375144954HLR	L375	S		737.8390	1.0311	0.0000	100.0005	39.6780	0.8230	0.8262	5.0000	17.2715	860.0716	94.8843	20.5522	23.9000	0.9300	0.9314	0.6769	0.0000	860.0000	860.4886	1.0285	2.5916	100.0489	39.2889	0.8230	0.8201	5.0000	-9999.0000	-9999.0000	-9999.0000	-9999.0000	-9999.0000	-9999.0000	18.6624	7	0	31.5837	1.0000	99	9	-9999.0000	42607	70540	-9999	2140	2043	-9999	582.2574	3	0.6769	0.6829	-0.0003	69.3239	2.6409	764.8653	331.5109	36.0880	740.7208	95.9259	789.0223	94.8148	794.5992	95.0463	798.7968	95.1157	
30/08/2017	00:54:59	019001	H375143015HLR	L375	S		735.9091	1.0311	0.0000	99.9761	40.0415	0.8230	0.8267	5.0000	17.3026	860.0541	94.9306	19.5717	23.9000	0.9300	0.9315	0.6769	0.0000	860.0000	860.4276	1.0285	2.5937	99.9829	39.3015	0.8230	0.8202	5.0000	-9999.0000	-9999.0000	-9999.0000	-9999.0000	-9999.0000	-9999.0000	18.6819	8	0	30.8726	1.0000	99	9	-9999.0000	42608	70541	-9999	2140	2044	-9999	582.2186	3	0.6769	0.6829	-0.0003	68.8221	2.6794	761.3811	346.2262	39.7917	737.0798	95.2778	788.0965	94.8611	794.0058	94.9537	799.5360	95.1389	
30/08/2017	00:55:32	019001	H375144955HLR	L375	S		740.2806	1.0311	0.0000	100.0497	39.9357	0.8230	0.8255	5.0000	18.4524	860.0707	94.9537	19.4124	23.9000	0.9300	0.9314	0.6768	0.0000	860.0000	859.1249	1.0285	2.6389	100.0077	39.3086	0.8230	0.8202	5.0000	-9999.0000	-9999.0000	-9999.0000	-9999.0000	-9999.0000	-9999.0000	18.6819	1	0	33.1349	1.0000	99	9	-9999.0000	42609	70542	-9999	2141	2045	-9999	582.2185	3	0.6768	0.6828	-0.0003	66.7790	2.7883	767.5443	335.9750	37.3611	743.3978	95.7870	790.9110	95.1620	797.6581	94.9769	801.6474	95.0694	
30/08/2017	00:56:05	019001	H375143016HLR	L375	S		736.9536	1.0311	0.0000	100.0689	39.6479	0.8230	0.8262	5.0000	17.2121	860.0719	94.9074	20.1928	23.9000	0.9300	0.9314	0.6768	0.0000	860.0000	859.2374	1.0285	2.6350	100.0523	39.3141	0.8230	0.8202	5.0000	-9999.0000	-9999.0000	-9999.0000	-9999.0000	-9999.0000	-9999.0000	18.6517	2	0	32.4130	1.0000	99	9	-9999.0000	42610	70543	-9999	2142	2046	-9999	582.1459	3	0.6768	0.6827	-0.0003	93.4556	1.4870	763.7024	336.4196	35.6250	739.0764	96.2037	788.9416	94.7685	795.0194	95.0926	798.9708	95.1157	
30/08/2017	00:56:36	019001	H375142841HLR	L375	S		737.1405	1.0311	0.0000	100.0021	39.9938	0.8230	0.8266	5.0000	17.5021	860.0672	94.9306	20.1020	23.9000	0.9300	0.9315	0.6767	0.0000	860.0000	857.5504	1.0285	2.6934	99.9756	39.3241	0.8230	0.8202	5.0000	-9999.0000	-9999.0000	-9999.0000	-9999.0000	-9999.0000	-9999.0000	18.5022	3	0	30.9635	1.0000	14	4	-9999.0000	42611	70544	-9999	2143	2047	-9999	582.1074	3	0.6767	0.6822	-0.0003	93.8063	1.4747	762.7428	332.2159	36.9444	739.4061	95.8102	786.7356	94.8380	792.9453	94.9769	798.3638	95.1157	
30/08/2017	00:57:09	019001	H375142854HLR	L375	S		739.4942	1.0311	0.0000	99.9773	39.9856	0.8230	0.8253	5.0000	19.0121	860.0459	94.9074	18.8919	23.9000	0.9300	0.9315	0.6766	0.0000	860.0000	857.6800	1.0285	2.6889	99.7153	39.2685	0.8230	0.8197	5.0000	-9999.0000	-9999.0000	-9999.0000	-9999.0000	-9999.0000	-9999.0000	20.0220	4	0	33.0439	1.0000	14	4	-9999.0000	42612	70545	-9999	2144	2048	-9999	581.9959	3	0.6766	0.6836	-0.0003	92.7550	1.5201	769.0025	332.3988	36.2037	745.4727	95.8333	793.6700	94.8611	798.2361	95.0000	803.5401	95.1389	
30/08/2017	00:57:41	019001	H375142838HLR	L375	S		736.5255	1.0311	0.0000	99.9677	39.6224	0.8230	0.8260	5.0000	17.3018	860.0801	94.9306	21.6520	23.9000	0.9300	0.9315	0.6766	0.0000	860.0000	858.0748	1.0285	2.6752	100.0998	39.3413	0.8230	0.8202	5.0000	-9999.0000	-9999.0000	-9999.0000	-9999.0000	-9999.0000	-9999.0000	18.6321	5	0	32.5146	1.0000	14	4	-9999.0000	42613	70546	-9999	2145	2049	-9999	582.0343	3	0.6766	0.6838	-0.0004	91.4773	1.5886	761.8511	336.0616	36.3889	738.7774	95.9028	785.1060	94.6991	787.9987	95.0926	791.8929	95.1389	
30/08/2017	00:58:15	019001	H375142835HLR	L375	S		736.1624	1.0311	0.0000	100.0113	39.9846	0.8230	0.8268	5.0000	17.3116	860.0698	94.8843	20.3921	23.9000	0.9300	0.9314	0.6768	0.0000	860.0000	857.9467	1.0285	2.6797	100.0621	39.3351	0.8230	0.8201	5.0000	-9999.0000	-9999.0000	-9999.0000	-9999.0000	-9999.0000	-9999.0000	18.6820	6	0	34.0842	1.0000	14	4	-9999.0000	42614	70547	-9999	2146	2050	-9999	582.0121	3	0.6768	0.6827	-0.0003	85.5366	1.8833	763.9093	335.5980	37.0370	740.9201	95.8796	787.9454	94.8611	793.1745	95.0694	797.2683	95.1157	
30/08/2017	00:58:50	019001	H375142845HLR	L375	S		738.4769	1.0311	0.0000	99.9529	40.0836	0.8230	0.8261	5.0000	17.1915	860.0605	94.9306	19.4515	23.9000	0.9300	0.9315	0.6768	0.0000	860.0000	857.3939	1.0285	2.6988	99.7651	39.2764	0.8230	0.8198	5.0000	-9999.0000	-9999.0000	-9999.0000	-9999.0000	-9999.0000	-9999.0000	19.8227	7	0	34.6632	1.0000	14	4	-9999.0000	42615	70548	-9999	2147	2051	-9999	582.1282	3	0.6768	0.6832	-0.0003	84.1885	1.9441	764.8635	335.8060	37.5694	741.4823	95.7176	788.1464	94.8380	794.3436	95.0926	799.4903	95.1389	
30/08/2017	00:59:26	019001	H375142831HLR	L375	S		735.6444	1.0311	0.0000	100.0020	39.6261	0.8230	0.8257	5.0000	17.9123	860.0361	94.9074	21.0025	23.9000	0.9300	0.9315	0.6768	0.0000	860.0000	858.3167	1.0285	2.6669	100.0499	39.3454	0.8230	0.8201	5.0000	-9999.0000	-9999.0000	-9999.0000	-9999.0000	-9999.0000	-9999.0000	18.7219	8	0	35.7649	1.0000	14	4	-9999.0000	42616	70548	-9999	2148	2052	-9999	582.1220	3	0.6768	0.6829	-0.0003	86.0583	1.8484	762.6468	332.0169	36.5972	738.8701	95.8102	786.6142	94.8611	791.8251	94.9769	796.8061	95.1389	
30/08/2017	00:59:59	019001	H375142821HLR	L375	S		732.4507	1.0311	0.0000	99.9964	39.9317	0.8230	0.8263	5.0000	18.2014	860.0461	94.9306	21.0025	23.9000	0.9300	0.9316	0.6768	0.0000	860.0000	857.5436	1.0285	2.6936	99.9556	39.3191	0.8230	0.8201	5.0000	-9999.0000	-9999.0000	-9999.0000	-9999.0000	-9999.0000	-9999.0000	18.6223	1	0	33.6958	1.0000	14	4	-9999.0000	42617	70549	-9999	2149	2053	-9999	582.1551	3	0.6768	0.6820	-0.0003	88.0974	1.7472	759.1052	327.6736	36.3194	735.8793	95.9722	784.4499	94.9306	789.5080	95.0231	794.4368	95.1157	
30/08/2017	01:00:37	019001	H375142818HLR	L375	S		732.0981	1.0311	0.0000	99.9964	40.1637	0.8230	0.8263	5.0000	17.0617	860.0574	94.9306	22.0729	23.9000	0.9300	0.9315	0.6769	0.0000	860.0000	857.6302	1.0285	2.6906	99.9333	39.3043	0.8230	0.8201	5.0000	-9999.0000	-9999.0000	-9999.0000	-9999.0000	-9999.0000	-9999.0000	18.5323	2	0	37.5323	1.0000	14	4	-9999.0000	42618	70550	-9999	2150	2054	-9999	582.1623	3	0.6769	0.6823	-0.0003	86.8698	1.8018	759.5121	339.9225	35.3472	736.8557	95.5093	781.0853	94.8148	786.2648	95.0463	790.3982	95.0926	
30/08/2017	01:01:13	019001	H375142817HLR	L375	S		725.4673	1.0311	0.0000	99.9982	39.6926	0.8230	0.8260	5.0000	17.0920	860.0855	94.9306	23.2127	23.9000	0.9300	0.9315	0.6769	0.0000	860.0000	858.6767	1.0285	2.6544	100.0797	39.3279	0.8230	0.8202	5.0000	-9999.0000	-9999.0000	-9999.0000	-9999.0000	-9999.0000	-9999.0000	18.7123	3	0	36.5043	1.0000	14	4	-9999.0000	42619	70551	-9999	2151	2055	-9999	582.2241	3	0.6769	0.6821	-0.0003	87.1128	1.7927	753.4421	337.4534	36.3657	729.8166	95.9722	776.1655	94.8148	781.8353	94.9769	787.2434	95.1157	
30/08/2017	01:01:48	019001	H375142811HLR	L375	S		727.6985	1.0311	0.0000	100.0538	39.9381	0.8230	0.8263	5.0000	18.3820	860.0311	94.9306	23.7323	23.9000	0.9300	0.9314	0.6770	0.0000	860.0000	859.9705	1.0285	2.6096	99.9525	39.3136	0.8230	0.8200	5.0000	-9999.0000	-9999.0000	-9999.0000	-9999.0000	-9999.0000	-9999.0000	18.6827	4	0	34.9641	1.0000	14	4	-9999.0000	42620	70552	-9999	2152	2055	-9999	582.2078	3	0.6770	0.6818	-0.0002	87.4064	1.7809	753.5072	332.9076	35.6481	729.9245	96.1343	778.8986	94.8380	784.3512	95.0231	789.8752	95.1157	
30/08/2017	01:02:22	019001	H375142808HLR	L375	S		728.4391	1.0311	0.0000	100.0186	40.0884	0.8230	0.8263	5.0000	17.1223	860.0667	94.9306	22.2224	23.9000	0.9300	0.9315	0.6771	0.0000	860.0000	857.5156	1.0285	2.6946	100.1428	39.3054	0.8230	0.8201	5.0000	-9999.0000	-9999.0000	-9999.0000	-9999.0000	-9999.0000	-9999.0000	18.6828	5	0	33.1738	1.0000	14	4	-9999.0000	42621	70553	-9999	2153	2056	-9999	582.2835	3	0.6771	0.6815	-0.0002	88.2535	1.7326	756.1360	335.3507	36.8981	732.6897	96.0185	780.2149	94.8843	784.6175	94.9769	790.0607	95.1157	
30/08/2017	01:02:55	019001	H375142801HLR	L375	S		724.8037	1.0311	0.0000	100.0010	39.6569	0.8230	0.8255	5.0000	18.8628	860.0526	94.9306	25.5235	23.9000	0.9300	0.9314	0.6771	0.0000	860.0000	859.5103	1.0285	2.6255	100.0391	39.3198	0.8230	0.8201	5.0000	-9999.0000	-9999.0000	-9999.0000	-9999.0000	-9999.0000	-9999.0000	18.7228	6	0	33.8136	1.0000	14	4	-9999.0000	42622	70554	-9999	2154	2057	-9999	582.3639	3	0.6771	0.6795	-0.0001	84.8272	1.9003	752.8879	342.5752	38.9815	730.8752	95.5324	773.4036	95.1852	778.9831	94.9769	782.8426	95.0926	
30/08/2017	01:03:27	019001	H375142805HLR	L375	S		721.8782	1.0311	0.0000	99.9744	39.9705	0.8230	0.8268	5.0000	17.2919	860.0844	94.9537	24.9629	23.9000	0.9300	0.9314	0.6772	0.0000	860.0000	859.2016	1.0285	2.6362	99.8221	39.3314	0.8230	0.8202	5.0000	-9999.0000	-9999.0000	-9999.0000	-9999.0000	-9999.0000	-9999.0000	18.4719	7	0	31.4441	1.0000	14	4	-9999.0000	42623	70555	-9999	2155	2058	-9999	582.4483	3	0.6772	0.6789	-0.0001	82.2967	2.0280	748.8898	326.0770	36.6898	727.1011	96.0185	770.1528	94.8843	777.0685	95.0231	782.0421	95.0926	
30/08/2017	01:04:00	019001	H375142798HLR	L375	S		729.0448	1.0311	0.0000	100.0269	40.0228	0.8230	0.8256	5.0000	18.2519	860.0658	94.9306	22.9832	23.9000	0.9300	0.9314	0.6773	0.0000	860.0000	859.3460	1.0285	2.6312	100.0270	39.3206	0.8230	0.8201	5.0000	-9999.0000	-9999.0000	-9999.0000	-9999.0000	-9999.0000	-9999.0000	18.6526	8	0	33.1541	1.0000	14	4	-9999.0000	42624	70556	-9999	2156	2059	-9999	582.5035	3	0.6773	0.6780	-0.0000	81.8304	2.0518	753.5883	325.3073	36.4815	729.5886	95.8796	779.7404	94.7454	784.8281	95.0000	789.7328	95.1157	
30/08/2017	01:04:35	019001	H375142796HLR	L375	S		731.8830	1.0311	0.0000	99.9975	39.6381	0.8230	0.8262	5.0000	17.2823	860.0593	94.9306	21.6432	23.9000	0.9300	0.9314	0.6774	0.0000	860.0000	858.7233	1.0285	2.6528	100.0378	39.3222	0.8230	0.8202	5.0000	-9999.0000	-9999.0000	-9999.0000	-9999.0000	-9999.0000	-9999.0000	18.6323	1	0	34.6535	1.0000	14	4	-9999.0000	42625	70557	-9999	2157	2060	-9999	582.5895	3	0.6774	0.6773	0.0000	81.5528	2.0647	758.1991	333.6358	37.2917	734.9049	95.6713	782.7005	94.7222	788.2342	95.1620	792.4539	95.0926	
30/08/2017	01:05:09	019001	H375142788HLR	L375	S		731.6811	1.0311	0.0000	100.0313	40.1255	0.8230	0.8265	5.0000	18.0225	860.0704	94.9074	21.8424	23.9000	0.9300	0.9315	0.6774	0.0000	860.0000	859.3687	1.0285	2.6304	100.0496	39.3418	0.8230	0.8201	5.0000	-9999.0000	-9999.0000	-9999.0000	-9999.0000	-9999.0000	-9999.0000	18.6623	2	0	34.4543	1.0000	14	4	-9999.0000	42626	70558	-9999	2158	2061	-9999	582.6431	3	0.6774	0.6770	0.0000	76.7386	2.2956	757.4509	323.4286	38.4954	734.2531	95.2546	781.6870	94.8148	787.7386	95.0000	792.3689	95.1389	
30/08/2017	01:05:40	019001	H375142785HLR	L375	S		734.5192	1.0311	0.0000	99.9679	40.0058	0.8230	0.8258	5.0000	17.1915	860.0768	94.9306	19.9223	23.9000	0.9300	0.9315	0.6774	0.0000	860.0000	858.1131	1.0285	2.6739	99.8212	39.3087	0.8230	0.8200	5.0000	-9999.0000	-9999.0000	-9999.0000	-9999.0000	-9999.0000	-9999.0000	18.6926	3	0	31.2342	1.0000	14	4	-9999.0000	42627	70559	-9999	2159	2062	-9999	582.6602	3	0.6774	0.6770	0.0000	76.2465	2.3247	762.5599	330.3847	35.6481	739.4373	95.9722	787.3195	94.8380	792.9107	95.0000	797.2525	95.1389	
30/08/2017	01:06:11	019001	H375143633HLR	L375	S		733.5385	1.0311	0.0000	99.9900	39.6000	0.8230	0.8262	5.0000	17.2122	860.0678	94.9074	21.1832	23.9000	0.9300	0.9313	0.6775	0.0000	860.0000	859.9300	1.0285	2.6110	100.1266	39.3203	0.8230	0.8201	5.0000	-9999.0000	-9999.0000	-9999.0000	-9999.0000	-9999.0000	-9999.0000	18.6940	4	0	30.8435	1.0000	14	4	-9999.0000	42628	70559	-9999	2160	2063	-9999	582.6818	3	0.6775	0.6771	0.0000	76.5248	2.3141	762.6309	330.1833	36.9907	739.9893	95.6481	784.4026	94.8148	790.5052	95.0231	795.2123	95.1157	
30/08/2017	01:06:43	019001	H375142791HLR	L375	S		729.8670	1.0311	0.0000	100.0255	40.0713	0.8230	0.8268	5.0000	17.3214	860.0748	94.9074	23.1424	23.9000	0.9300	0.9315	0.6775	0.0000	860.0000	860.4236	1.0285	2.5939	99.9313	39.3367	0.8230	0.8201	5.0000	-9999.0000	-9999.0000	-9999.0000	-9999.0000	-9999.0000	-9999.0000	18.6116	5	0	31.7940	1.0000	14	4	-9999.0000	42629	70560	-9999	2161	2064	-9999	582.7413	3	0.6775	0.6771	0.0000	74.6491	2.3998	753.6854	326.1981	38.1481	730.1475	95.4630	779.1597	94.7917	785.1952	95.1389	790.1483	95.1157	
30/08/2017	01:07:15	019001	H375142784HLR	L375	S		736.8117	1.0311	0.0000	99.9857	40.0218	0.8230	0.8253	5.0000	18.6916	860.0461	94.9306	22.5027	23.9000	0.9300	0.9314	0.6776	0.0000	860.0000	860.2904	1.0285	2.5985	99.8914	39.3450	0.8230	0.8200	5.0000	-9999.0000	-9999.0000	-9999.0000	-9999.0000	-9999.0000	-9999.0000	18.7219	6	0	32.1335	1.0000	14	4	-9999.0000	42630	70561	-9999	2162	2065	-9999	582.7470	3	0.6776	0.6771	0.0000	75.7483	2.3511	762.3496	330.6410	36.5741	739.2191	95.9028	787.3972	94.5833	793.0017	95.0926	797.6070	95.1389	
30/08/2017	01:07:46	019001	H375143645HLR	L375	S		736.4541	1.0311	0.0000	100.0456	39.6000	0.8230	0.8261	5.0000	17.2023	860.0528	94.9306	19.7123	23.9000	0.9300	0.9314	0.6777	0.0000	860.0000	858.7216	1.0285	2.6528	100.0762	39.3443	0.8230	0.8201	5.0000	-9999.0000	-9999.0000	-9999.0000	-9999.0000	-9999.0000	-9999.0000	18.6624	7	0	30.4734	1.0000	14	4	-9999.0000	42631	70562	-9999	2163	2066	-9999	582.8341	3	0.6777	0.6770	0.0000	75.9796	2.3423	763.4599	333.6684	36.0648	740.3443	95.8565	788.4876	94.7222	794.0060	95.0231	799.2476	95.1157	
30/08/2017	01:08:19	019001	H375143648HLR	L375	S		737.1346	1.0311	0.0000	99.9461	40.1072	0.8230	0.8268	5.0000	17.2627	860.0493	94.9537	18.8724	23.9000	0.9300	0.9314	0.6777	0.0000	860.0000	857.8852	1.0285	2.6818	99.8907	39.3304	0.8230	0.8200	5.0000	-9999.0000	-9999.0000	-9999.0000	-9999.0000	-9999.0000	-9999.0000	18.7619	8	0	33.1837	1.0000	14	4	-9999.0000	42632	70563	-9999	2164	2067	-9999	582.8765	3	0.6777	0.6772	0.0000	73.3558	2.4607	764.6984	331.4201	35.4167	741.0424	95.9954	791.5303	94.8611	796.9612	95.0694	801.0836	95.1389	
30/08/2017	01:08:52	019001	H375139897HLR	L375	S		734.6159	1.0311	0.0000	99.9392	40.0745	0.8230	0.8259	5.0000	17.2519	860.0366	94.9074	20.3022	23.9000	0.9300	0.9314	0.6777	0.0000	860.0000	858.9389	1.0285	2.6453	100.1298	39.3406	0.8230	0.8201	5.0000	-9999.0000	-9999.0000	-9999.0000	-9999.0000	-9999.0000	-9999.0000	18.7522	1	0	33.3641	1.0000	14	4	-9999.0000	42633	70564	-9999	2165	2068	-9999	582.8770	3	0.6777	0.6776	0.0000	75.4675	2.3548	760.7804	330.5881	37.8009	738.1345	95.6250	785.9635	94.8148	791.6817	95.1157	796.8447	95.0926	
30/08/2017	01:09:20	019001	H375143651HLR	L375	S		732.9476	1.0311	0.0000	99.9969	39.5980	0.8230	0.8259	5.0000	17.1817	860.0681	94.9074	20.1127	23.9000	0.9300	0.9313	0.6778	0.0000	860.0000	858.6784	1.0285	2.6543	100.0258	39.3495	0.8230	0.8200	5.0000	-9999.0000	-9999.0000	-9999.0000	-9999.0000	-9999.0000	-9999.0000	18.7426	2	0	27.8431	1.0000	14	4	-9999.0000	42634	70565	-9999	2166	2068	-9999	582.9354	3	0.6778	0.6782	-0.0000	75.7456	2.3429	761.0192	337.6374	35.6944	738.0202	95.3935	786.4364	94.8380	792.4176	95.0694	797.2230	95.1389	
30/08/2017	01:09:54	019001	H375143639HLR	L375	S		735.4120	1.0311	0.0000	99.9794	39.9858	0.8230	0.8268	5.0000	17.2118	860.0694	94.9306	18.9827	23.9000	0.9300	0.9315	0.6779	0.0000	860.0000	857.8303	1.0285	2.6837	100.1004	39.3378	0.8230	0.8200	5.0000	-9999.0000	-9999.0000	-9999.0000	-9999.0000	-9999.0000	-9999.0000	18.7325	3	0	34.1742	1.0000	14	4	-9999.0000	42635	70566	-9999	2167	2069	-9999	582.9923	3	0.6779	0.6787	-0.0000	76.3447	2.3133	761.6947	328.5868	36.4120	737.9731	95.8796	788.3301	94.7917	794.4536	95.0231	800.1026	95.1157	
30/08/2017	01:10:25	019001	H375143624HLR	L375	S		717.8709	1.0311	0.0000	99.9935	40.1637	0.8230	0.8261	5.0000	17.3515	860.0510	94.9074	21.1920	23.9000	0.9300	0.9315	0.6779	0.0000	860.0000	861.0014	1.0285	2.5739	99.8781	39.3451	0.8230	0.8201	5.0000	-9999.0000	-9999.0000	-9999.0000	-9999.0000	-9999.0000	-9999.0000	18.6830	4	0	31.3036	1.0000	14	4	-9999.0000	42636	70567	-9999	2168	2070	-9999	583.0729	3	0.6779	0.6798	-0.0001	69.6006	2.6253	757.7504	328.0047	34.8148	734.4552	95.4861	784.2333	94.9074	790.8745	95.0000	795.5633	95.1157	
30/08/2017	01:10:55	019001	H375143631HLR	L375	S		732.7665	1.0311	0.0000	99.9625	39.6796	0.8230	0.8258	5.0000	17.3613	860.0682	94.9074	21.8327	23.9000	0.9300	0.9315	0.6780	0.0000	860.0000	860.9525	1.0285	2.5755	100.0143	39.3836	0.8230	0.8200	5.0000	-9999.0000	-9999.0000	-9999.0000	-9999.0000	-9999.0000	-9999.0000	18.6396	5	0	29.6939	1.0000	14	4	-9999.0000	42637	70568	-9999	2169	2071	-9999	583.1325	3	0.6780	0.6821	-0.0002	70.8008	2.5734	756.0987	326.5691	37.6620	731.9955	95.6944	783.4270	94.8611	789.1316	94.9769	794.0940	95.1157	
30/08/2017	01:11:30	019001	H375143640HLR	L375	S		741.3652	1.0311	0.0000	99.9735	39.9315	0.8230	0.8267	5.0000	17.2217	860.0510	94.9537	15.8622	23.9000	0.9300	0.9312	0.6780	0.0000	860.0000	857.8025	1.0285	2.6847	99.8160	39.3386	0.8230	0.8200	5.0000	-9999.0000	-9999.0000	-9999.0000	-9999.0000	-9999.0000	-9999.0000	18.6819	6	0	34.8643	1.0000	14	4	-9999.0000	42637	70569	-9999	2170	2072	-9999	583.1672	3	0.6780	0.6821	-0.0002	70.8008	2.5734	772.8557	328.8199	37.3148	749.1112	95.5324	799.8190	94.8148	806.1706	95.0000	811.4956	95.1389	
30/08/2017	01:12:01	019001	H375143625HLR	L375	S		738.1402	1.0311	0.0000	100.0233	40.1417	0.8230	0.8257	5.0000	18.0626	860.0589	94.9306	22.7029	23.9000	0.9300	0.9314	0.6782	0.0000	860.0000	862.5264	1.0285	2.5210	99.9517	39.3548	0.8230	0.8201	5.0000	-9999.0000	-9999.0000	-9999.0000	-9999.0000	-9999.0000	-9999.0000	18.6614	7	0	31.2538	1.0000	14	4	-9999.0000	42638	70570	-9999	2171	2073	-9999	583.2667	3	0.6782	0.6831	-0.0002	72.3151	2.5004	768.2993	338.4579	38.0787	746.3745	95.3704	788.2754	95.1620	794.0671	95.0000	798.5967	95.0926	
30/08/2017	01:12:35	019001	H375143628HLR	L375	S		737.3800	1.0311	0.0000	99.9690	39.7000	0.8230	0.8254	5.0000	18.1122	860.0459	94.9306	19.4017	23.9000	0.9300	0.9315	0.6782	0.0000	860.0000	858.9299	1.0285	2.6456	100.1500	39.3641	0.8230	0.8199	5.0000	-9999.0000	-9999.0000	-9999.0000	-9999.0000	-9999.0000	-9999.0000	18.8118	8	0	34.0537	1.0000	14	4	-9999.0000	42639	70571	-9999	2172	2074	-9999	583.2933	3	0.6782	0.6832	-0.0002	72.4635	2.4974	769.1465	348.7034	37.3380	748.8108	95.7407	788.6819	94.8611	795.3154	95.0694	800.2417	95.1389	
30/08/2017	01:13:08	019001	H375143604HLR	L375	S		738.0374	1.0311	0.0000	99.9661	39.9637	0.8230	0.8261	5.0000	18.6330	860.0422	94.9074	18.1721	24.0000	0.9300	0.9315	0.6783	0.0000	860.0000	858.1420	1.0285	2.6729	100.0427	39.3400	0.8230	0.8201	5.0000	-9999.0000	-9999.0000	-9999.0000	-9999.0000	-9999.0000	-9999.0000	18.6238	1	0	33.0539	1.0000	14	4	-9999.0000	42640	70572	-9999	2173	2075	-9999	583.2822	3	0.6783	0.6838	-0.0003	75.2329	2.3688	771.6013	340.2253	37.8009	750.3796	95.4630	792.8343	94.9306	798.7124	95.0000	803.8648	95.1157	
30/08/2017	01:13:43	019001	H375143629HLR	L375	S		731.0058	1.0311	0.0000	100.0046	40.1291	0.8230	0.8259	5.0000	17.7023	860.0407	94.9537	22.7927	23.9000	0.9300	0.9315	0.6782	0.0000	860.0000	861.1553	1.0285	2.5685	99.9805	39.3590	0.8230	0.8200	5.0000	-9999.0000	-9999.0000	-9999.0000	-9999.0000	-9999.0000	-9999.0000	18.6820	2	0	34.3537	1.0000	14	4	-9999.0000	42641	70573	-9999	2174	2076	-9999	583.3962	3	0.6782	0.6844	-0.0003	77.2659	2.2728	758.1998	329.4154	38.2407	735.7209	95.5556	781.5390	94.9769	786.9030	95.0000	790.9868	95.1157	
30/08/2017	01:14:20	019001	H375143609HLR	L375	S		732.5678	1.0311	0.0000	99.9590	39.7535	0.8230	0.8258	5.0000	17.2413	860.0619	94.9306	19.4222	23.9000	0.9300	0.9315	0.6783	0.0000	860.0000	858.9508	1.0285	2.6449	100.0687	39.3502	0.8230	0.8200	5.0000	-9999.0000	-9999.0000	-9999.0000	-9999.0000	-9999.0000	-9999.0000	18.6720	3	0	36.8744	1.0000	14	4	-9999.0000	42642	70574	-9999	2175	2077	-9999	583.3733	3	0.6783	0.6845	-0.0003	77.4413	2.2689	761.5160	317.4826	35.1389	737.1402	96.3426	787.5223	94.7917	793.5838	95.0463	798.6322	95.1157	
30/08/2017	01:14:52	019001	H375143620HLR	L375	S		732.8182	1.0311	0.0000	100.0156	39.9741	0.8230	0.8266	5.0000	17.3116	860.0716	94.9306	21.9626	23.9000	0.9300	0.9315	0.6783	0.0000	860.0000	861.1840	1.0285	2.5675	99.9276	39.3527	0.8230	0.8200	5.0000	-9999.0000	-9999.0000	-9999.0000	-9999.0000	-9999.0000	-9999.0000	18.6810	4	0	32.4943	1.0000	14	4	-9999.0000	42643	70575	-9999	2176	2078	-9999	583.4354	3	0.6783	0.6848	-0.0003	78.3913	2.2452	755.3476	319.3337	35.5324	731.3707	96.0417	782.8844	94.8380	788.4825	94.9537	794.3032	95.1389	
30/08/2017	01:15:25	019001	H375143621HLR	L375	S		732.1860	1.0311	0.0000	99.9679	40.0910	0.8230	0.8261	5.0000	17.1319	860.0367	94.9537	21.5627	23.9000	0.9300	0.9314	0.6783	0.0000	860.0000	860.5968	1.0285	2.5879	100.1246	39.3440	0.8230	0.8200	5.0000	-9999.0000	-9999.0000	-9999.0000	-9999.0000	-9999.0000	-9999.0000	18.6614	5	0	33.2236	1.0000	14	4	-9999.0000	42644	70576	-9999	2177	2078	-9999	583.4192	3	0.6783	0.6853	-0.0003	79.6816	2.1969	757.4824	338.6517	37.1296	734.3640	95.9491	782.1879	94.7454	788.1624	95.0926	793.4611	95.1157	
30/08/2017	01:16:00	019001	H375143593HLR	L375	S		731.6629	1.0311	0.0000	100.0179	39.6848	0.8230	0.8255	5.0000	18.5821	860.0766	94.9306	22.2829	23.9000	0.9300	0.9315	0.6783	0.0000	860.0000	859.7483	1.0285	2.6173	99.8692	39.3522	0.8230	0.8201	5.0000	-9999.0000	-9999.0000	-9999.0000	-9999.0000	-9999.0000	-9999.0000	18.5716	6	0	35.1945	1.0000	14	4	-9999.0000	42645	70577	-9999	2178	2079	-9999	583.4409	3	0.6783	0.6854	-0.0003	80.2458	2.1715	756.7116	334.9059	37.6157	734.1591	95.7870	781.0075	94.6759	785.7723	95.0694	790.7521	95.1157	
30/08/2017	01:16:32	019001	H375143599HLR	L375	S		732.8704	1.0311	0.0000	100.0084	39.9894	0.8230	0.8259	5.0000	19.1518	860.0508	94.9306	25.3331	23.9000	0.9300	0.9315	0.6783	0.0000	860.0000	863.4203	1.0285	2.4901	100.0661	39.3619	0.8230	0.8200	5.0000	-9999.0000	-9999.0000	-9999.0000	-9999.0000	-9999.0000	-9999.0000	18.6321	7	0	31.3935	1.0000	14	4	-9999.0000	42646	70578	-9999	2179	2080	-9999	583.4288	3	0.6783	0.6855	-0.0003	80.6993	2.1567	757.8000	328.4032	38.2407	734.7555	95.5093	780.2491	94.7917	785.2672	95.0000	789.6346	95.1389	
30/08/2017	01:17:03	019001	H375143596HLR	L375	S		734.6192	1.0311	0.0000	99.9982	40.0697	0.8230	0.8260	5.0000	17.2814	860.0742	94.9074	20.4624	23.9000	0.9300	0.9314	0.6782	0.0000	860.0000	859.4072	1.0285	2.6291	100.1313	39.3511	0.8230	0.8200	5.0000	-9999.0000	-9999.0000	-9999.0000	-9999.0000	-9999.0000	-9999.0000	18.6422	8	0	30.9938	1.0000	14	4	-9999.0000	42647	70579	-9999	2180	2080	-9999	583.4348	3	0.6782	0.6855	-0.0003	81.3467	2.1323	761.3725	331.7415	38.3333	738.3082	95.6481	785.8484	94.7917	792.0628	95.0000	796.1198	95.1389	
30/08/2017	01:17:33	019001	H375143590HLR	L375	S		731.8110	1.0311	0.0000	99.9858	39.7000	0.8230	0.8261	5.0000	17.2422	860.0534	94.9306	21.7126	23.9000	0.9300	0.9314	0.6783	0.0000	860.0000	859.7474	1.0285	2.6173	99.9114	39.3550	0.8230	0.8201	5.0000	-9999.0000	-9999.0000	-9999.0000	-9999.0000	-9999.0000	-9999.0000	18.4925	1	0	30.5535	1.0000	14	4	-9999.0000	42647	70580	-9999	2181	2081	-9999	583.3879	3	0.6783	0.6854	-0.0003	81.6654	2.1180	758.1310	329.9452	35.6481	735.5471	95.8333	781.7540	94.6296	787.5103	95.1157	792.8253	95.1389	
30/08/2017	01:18:07	019001	H375143571HLR	L375	S		729.7379	1.0311	0.0000	100.0118	39.9924	0.8230	0.8266	5.0000	17.3515	860.0407	94.9074	23.2225	23.9000	0.9300	0.9313	0.6782	0.0000	860.0000	860.8767	1.0285	2.5782	100.0479	39.3807	0.8230	0.8201	5.0000	-9999.0000	-9999.0000	-9999.0000	-9999.0000	-9999.0000	-9999.0000	18.5881	2	0	34.0647	1.0000	14	4	-9999.0000	42648	70581	-9999	2182	2082	-9999	583.3770	3	0.6782	0.6860	-0.0004	81.8195	2.1132	755.9672	330.0509	35.5556	733.2434	95.2778	779.7199	94.7222	785.5364	95.1389	790.1047	95.1157	
30/08/2017	01:18:43	019001	H375143565HLR	L375	S		739.8411	1.0311	0.0000	99.9554	40.0774	0.8230	0.8260	5.0000	17.2315	860.0403	94.9306	19.9125	23.9000	0.9300	0.9315	0.6782	0.0000	860.0000	860.0351	1.0285	2.6073	100.0902	39.3725	0.8230	0.8201	5.0000	-9999.0000	-9999.0000	-9999.0000	-9999.0000	-9999.0000	-9999.0000	18.5819	3	0	35.6342	1.0000	14	4	-9999.0000	42649	70582	-9999	2183	2083	-9999	583.2898	3	0.6782	0.6862	-0.0004	81.4353	2.1327	767.9971	334.5022	35.8333	745.1628	95.3704	788.9939	95.2778	795.2224	94.9306	800.0164	95.0926	
30/08/2017	01:19:13	019001	H375143570HLR	L375	S		729.5674	1.0311	0.0000	100.0089	39.7000	0.8230	0.8259	5.0000	17.4718	860.0629	94.9074	18.9827	23.9000	0.9300	0.9314	0.6782	0.0000	860.0000	858.1596	1.0285	2.6723	100.1274	39.3630	0.8230	0.8200	5.0000	-9999.0000	-9999.0000	-9999.0000	-9999.0000	-9999.0000	-9999.0000	18.5846	4	0	30.2634	1.0000	14	4	-9999.0000	42649	70583	-9999	2184	2084	-9999	583.3081	3	0.6782	0.6864	-0.0004	82.5486	2.0743	763.5282	345.3273	39.1204	742.5252	95.3241	786.6367	94.8380	792.5120	95.0463	798.2948	95.0926	
30/08/2017	01:26:17	019001	H375143578HLR	L375	S		737.4243	1.0311	0.0000	100.0608	39.9804	0.8230	0.8266	5.0000	17.1515	860.0436	94.9074	19.0316	24.0000	0.9300	0.9314	0.6782	0.0000	860.0000	858.8604	1.0285	2.6480	100.0214	39.3491	0.8230	0.8200	5.0000	-9999.0000	-9999.0000	-9999.0000	-9999.0000	-9999.0000	-9999.0000	18.5823	5	0	424.1504	1.0000	14	4	-9999.0000	42650	70584	-9999	2185	2085	-9999	583.3230	3	0.6782	0.6861	-0.0004	82.8047	2.0616	770.0339	339.4260	39.6296	747.6523	95.3241	790.8959	94.8843	795.8490	95.0231	801.5251	95.1389	
30/08/2017	01:26:50	019001	H375143584HLR	L375	S		731.0061	1.0311	0.0000	99.9601	40.0719	0.8230	0.8258	5.0000	17.7589	860.0464	94.9537	22.0925	24.0000	0.9300	0.9315	0.6782	0.0000	860.0000	860.2078	1.0285	2.6013	100.0238	39.3610	0.8230	0.8201	5.0000	-9999.0000	-9999.0000	-9999.0000	-9999.0000	-9999.0000	-9999.0000	18.6020	6	0	32.7843	1.0000	14	4	-9999.0000	42651	70585	-9999	2186	2086	-9999	583.3314	3	0.6782	0.6862	-0.0004	82.6732	2.0676	761.9162	338.3066	38.1944	741.6296	95.5787	781.1331	94.7222	786.6686	95.0926	792.0658	95.1389	
30/08/2017	01:27:21	019001	H375143587HLR	L375	S		729.0098	1.0311	0.0000	99.9971	39.7319	0.8230	0.8259	5.0000	17.2217	860.0474	94.9537	24.1631	23.9000	0.9300	0.9313	0.6782	0.0000	860.0000	861.2757	1.0285	2.5644	100.0598	39.0990	0.8230	0.8202	5.0000	-9999.0000	-9999.0000	-9999.0000	-9999.0000	-9999.0000	-9999.0000	18.5217	7	0	30.8035	1.0000	14	4	-9999.0000	42652	70586	-9999	2187	2087	-9999	583.3111	3	0.6782	0.6875	-0.0004	80.6254	2.1682	756.0159	341.8248	38.0556	734.5716	95.6481	776.5891	94.8380	782.8532	95.0000	787.3601	95.1389	
30/08/2017	01:27:52	019001	H375143555HLR	L375	S		738.9959	1.0311	0.0000	99.9747	39.9868	0.8230	0.8265	5.0000	17.2724	860.0339	94.8843	18.3118	24.0000	0.9300	0.9315	0.6783	0.0000	860.0000	859.2450	1.0285	2.6347	100.0651	39.3001	0.8230	0.8207	5.0000	-9999.0000	-9999.0000	-9999.0000	-9999.0000	-9999.0000	-9999.0000	18.3032	8	0	31.1942	1.0000	14	4	-9999.0000	42653	70587	-9999	2188	2088	-9999	583.3599	3	0.6783	0.6882	-0.0005	81.7093	2.1126	772.0329	347.6486	37.2454	749.6106	95.7870	794.5479	94.8380	798.8456	94.9769	803.8895	95.1389	
30/08/2017	01:28:21	019001	H375143653HLR	L375	S		740.8891	1.0311	0.0000	99.9890	40.0671	0.8230	0.8260	5.0000	17.1027	860.0523	94.9306	19.7826	24.0000	0.9300	0.9314	0.6783	0.0000	860.0000	860.2184	1.0285	2.6010	99.9767	39.3212	0.8230	0.8202	5.0000	-9999.0000	-9999.0000	-9999.0000	-9999.0000	-9999.0000	-9999.0000	18.3419	1	0	29.0340	1.0000	14	4	-9999.0000	42654	70588	-9999	2189	2089	-9999	583.4098	3	0.6783	0.6884	-0.0005	81.5797	2.1209	766.9526	332.0055	37.3843	743.7018	95.7407	790.1061	94.8611	795.5935	95.0694	800.8578	95.1157	
30/08/2017	01:28:50	019001	H375143659HLR	L375	S		739.2866	1.0311	0.0000	100.0004	39.6982	0.8230	0.8258	5.0000	17.2815	860.0845	94.9074	20.7427	23.9000	0.9300	0.9312	0.6783	0.0000	860.0000	861.3864	1.0285	2.5605	100.0275	39.2534	0.8230	0.8201	5.0000	-9999.0000	-9999.0000	-9999.0000	-9999.0000	-9999.0000	-9999.0000	18.3820	2	0	28.4426	1.0000	14	4	-9999.0000	42655	70589	-9999	2189	2090	-9999	583.4562	3	0.6783	0.6880	-0.0005	81.9970	2.1012	767.1154	278.3347	36.7361	744.7167	95.9259	788.8014	95.0231	793.9577	94.9769	798.8553	95.1157	
30/08/2017	01:29:16	019001	H375143656HLR	L375	S		740.4443	1.0311	0.0000	100.0432	39.3822	0.8230	0.8253	5.0000	17.1524	860.0547	94.9306	19.3227	23.9000	0.9300	0.9312	0.6783	0.0000	860.0000	860.1201	1.0285	2.6044	100.0780	39.2677	0.8230	0.8202	5.0000	-9999.0000	-9999.0000	-9999.0000	-9999.0000	-9999.0000	-9999.0000	18.5022	3	0	25.9934	1.0000	14	4	-9999.0000	42656	70590	-9999	2190	2091	-9999	583.4061	3	0.6783	0.6877	-0.0005	81.7849	2.1114	770.4152	351.4948	39.4676	748.8398	95.5093	791.0469	94.8380	796.7875	94.9769	801.6959	95.1157	
30/08/2017	01:29:42	019001	H375143559HLR	L375	S		739.1259	1.0311	0.0000	100.0056	39.8024	0.8230	0.8273	5.0000	17.0821	860.0289	94.9306	19.2426	23.9000	0.9300	0.9312	0.6783	0.0000	860.0000	861.4720	1.0285	2.5576	100.0617	39.3137	0.8230	0.8202	5.0000	-9999.0000	-9999.0000	-9999.0000	-9999.0000	-9999.0000	-9999.0000	18.5422	4	0	26.2629	1.0000	14	4	-9999.0000	42657	70591	-9999	2191	2092	-9999	583.3873	3	0.6783	0.6875	-0.0004	81.8226	2.1095	769.1399	337.8392	36.4352	746.3022	95.9259	790.7272	94.9074	796.9880	95.0231	801.8657	95.1389	
30/08/2017	01:30:07	019001	H375142842HLR	L375	S		744.7442	1.0311	0.0000	100.0626	40.4532	0.8230	0.8253	5.0000	19.0120	860.0925	94.9306	17.4621	23.9000	0.9300	0.9312	0.6783	0.0000	860.0000	858.9482	1.0285	2.6450	100.0578	39.3216	0.8230	0.8201	5.0000	-9999.0000	-9999.0000	-9999.0000	-9999.0000	-9999.0000	-9999.0000	18.6027	5	0	25.0129	1.0000	14	3	-9999.0000	42658	70592	-9999	2192	2093	-9999	583.4385	3	0.6783	0.6874	-0.0004	83.5006	2.0147	775.4308	347.0258	37.2222	753.5346	95.7639	796.5435	94.7917	801.6497	95.0694	806.1697	95.1157	
30/08/2017	01:30:36	019001	H375142855HLR	L375	S		744.1750	1.0311	0.0000	100.0281	39.5918	0.8230	0.8247	5.0000	19.0823	860.0496	94.9306	16.3721	24.0000	0.9300	0.9311	0.6783	0.0000	860.0000	858.0856	1.0285	2.6749	99.9808	39.3385	0.8230	0.8201	5.0000	-9999.0000	-9999.0000	-9999.0000	-9999.0000	-9999.0000	-9999.0000	18.6331	6	0	29.5143	1.0000	14	3	-9999.0000	42659	70593	-9999	2193	2094	-9999	583.3780	3	0.6783	0.6872	-0.0004	83.7756	1.9908	746.9123	345.9637	39.0972	723.6833	95.6019	790.0694	94.9769	800.0710	95.0694	808.4424	95.0926	
30/08/2017	01:31:09	019001	H375142839HLR	L375	S		750.8862	1.0311	0.0000	100.0649	39.5840	0.8230	0.8263	5.0000	17.3224	860.0513	95.0000	14.4715	24.0000	0.9300	0.9313	0.6783	0.0000	860.0000	857.7757	1.0285	2.6856	100.0175	39.3418	0.8230	0.8201	5.0000	-9999.0000	-9999.0000	-9999.0000	-9999.0000	-9999.0000	-9999.0000	18.6819	7	0	32.1532	1.0000	14	3	-9999.0000	42660	70594	-9999	2194	2095	-9999	583.4335	3	0.6783	0.6872	-0.0004	83.7756	1.9908	721.3863	338.1894	38.2176	686.3501	95.5556	806.1089	94.9306	812.9836	95.1157	818.0653	95.1157	
30/08/2017	01:31:42	019001	H375142836HLR	L375	S		750.6618	1.0311	0.0000	100.0380	40.2934	0.8230	0.8266	5.0000	17.3116	860.0394	95.0000	14.2224	24.0000	0.9300	0.9312	0.6783	0.0000	860.0000	857.4697	1.0285	2.6962	99.9430	39.3537	0.8230	0.8200	5.0000	-9999.0000	-9999.0000	-9999.0000	-9999.0000	-9999.0000	-9999.0000	18.6624	8	0	33.3440	1.0000	14	3	-9999.0000	42661	70595	-9999	2195	2096	-9999	583.3838	3	0.6783	0.6869	-0.0004	82.1684	2.0772	786.4647	346.8526	39.5833	764.8641	95.4630	807.7998	95.0231	812.7863	95.3935	818.0786	95.0694	
30/08/2017	01:32:17	019001	H375142844HLR	L375	S		750.5518	1.0311	0.0000	99.9860	40.1772	0.8230	0.8258	5.0000	17.0419	860.0820	94.9537	13.4323	24.0000	0.9300	0.9311	0.6783	0.0000	860.0000	857.3001	1.0285	2.7021	99.8931	39.3250	0.8230	0.8199	5.0000	-9999.0000	-9999.0000	-9999.0000	-9999.0000	-9999.0000	-9999.0000	18.6518	1	0	35.4251	1.0000	14	3	-9999.0000	42662	70596	-9999	2196	2097	-9999	583.4567	3	0.6783	0.6867	-0.0004	80.6103	2.1598	783.0818	330.7249	37.1528	759.3414	95.8333	809.5025	95.0000	816.0662	95.0926	821.5736	95.1389	
30/08/2017	01:32:52	019001	H375142832HLR	L375	S		741.2821	1.0311	0.0000	99.9960	39.5218	0.8230	0.8251	5.0000	18.4426	860.0450	94.9306	17.4621	23.9000	0.9300	0.9312	0.6784	0.0000	860.0000	858.0211	1.0285	2.6771	99.9898	39.3278	0.8230	0.8200	5.0000	-9999.0000	-9999.0000	-9999.0000	-9999.0000	-9999.0000	-9999.0000	18.6720	2	0	34.8537	1.0000	14	3	-9999.0000	42663	70597	-9999	2197	2098	-9999	583.4316	3	0.6784	0.6860	-0.0004	76.4676	2.3340	771.6757	332.0739	36.7361	746.5399	95.9722	795.4147	94.9769	802.2365	95.1157	806.5032	95.1389	
30/08/2017	01:33:20	019001	H375142828HLR	L375	S		732.8129	1.0311	0.0000	99.9222	39.6812	0.8230	0.8266	5.0000	17.1417	860.0474	94.9074	20.6929	23.9000	0.9300	0.9312	0.6784	0.0000	860.0000	859.2305	1.0285	2.6352	99.9280	39.3358	0.8230	0.8200	5.0000	-9999.0000	-9999.0000	-9999.0000	-9999.0000	-9999.0000	-9999.0000	18.6222	3	0	27.9136	1.0000	14	3	-9999.0000	42664	70598	-9999	2198	2099	-9999	583.4757	3	0.6784	0.6858	-0.0004	74.1842	2.4334	758.5795	327.0154	35.0231	734.5121	96.4120	785.9764	94.8380	791.2940	95.0694	797.2418	95.1389	
30/08/2017	01:33:49	019001	H375142825HLR	L375	S		733.3270	1.0311	0.0000	100.0120	40.3637	0.8230	0.8265	5.0000	17.4220	860.0388	94.9306	21.3024	23.9000	0.9300	0.9313	0.6784	0.0000	860.0000	859.2940	1.0285	2.6330	100.0959	39.3356	0.8230	0.8200	5.0000	-9999.0000	-9999.0000	-9999.0000	-9999.0000	-9999.0000	-9999.0000	18.5720	4	0	29.3229	1.0000	14	3	-9999.0000	42665	70599	-9999	2199	2100	-9999	583.5063	3	0.6784	0.6856	-0.0004	73.8128	2.4470	758.7749	325.9929	37.2917	734.5660	95.8796	783.5477	94.7917	788.6162	95.0231	793.7625	95.1157	
30/08/2017	01:34:21	019001	H375142822HLR	L375	S		723.8910	1.0311	0.0000	99.9776	39.9665	0.8230	0.8255	5.0000	17.2814	860.0415	94.9306	23.8730	24.0000	0.9300	0.9314	0.6785	0.0000	860.0000	861.6447	1.0285	2.5516	99.9644	39.3437	0.8230	0.8201	5.0000	-9999.0000	-9999.0000	-9999.0000	-9999.0000	-9999.0000	-9999.0000	18.6320	5	0	31.4647	1.0000	14	3	-9999.0000	42666	70600	-9999	2200	2101	-9999	583.5311	3	0.6785	0.6856	-0.0004	73.5968	2.4588	748.0548	325.6118	36.7361	723.6520	95.9259	775.3923	94.8611	782.0610	94.9537	786.3396	95.1389	
30/08/2017	01:34:53	019001	H375142819HLR	L375	S		724.6103	1.0311	0.0000	100.0191	39.5764	0.8230	0.8260	5.0000	17.8224	860.0672	94.9306	22.7830	23.9000	0.9300	0.9313	0.6786	0.0000	860.0000	860.1273	1.0285	2.6041	99.9255	39.3791	0.8230	0.8200	5.0000	-9999.0000	-9999.0000	-9999.0000	-9999.0000	-9999.0000	-9999.0000	18.5919	6	0	31.7928	1.0000	14	3	-9999.0000	42667	70601	-9999	2200	2102	-9999	583.6532	3	0.6786	0.6854	-0.0003	74.1074	2.4345	753.4810	331.3042	37.6157	728.3232	95.9954	775.7298	94.9074	781.9882	95.0463	787.1458	95.1157	
30/08/2017	01:35:26	019001	H375142786HLR	L375	S		741.0746	1.0311	0.0000	99.9664	40.2731	0.8230	0.8267	5.0000	17.3115	860.0713	94.9537	16.4219	24.0000	0.9300	0.9313	0.6786	0.0000	860.0000	857.9610	1.0285	2.6792	99.9072	39.3485	0.8230	0.8199	5.0000	-9999.0000	-9999.0000	-9999.0000	-9999.0000	-9999.0000	-9999.0000	18.7123	7	0	33.2541	1.0000	14	3	-9999.0000	42668	70602	-9999	2201	2103	-9999	583.7004	3	0.6786	0.6854	-0.0003	72.8267	2.4936	775.0693	337.1731	36.6667	752.5541	95.7870	798.9331	94.8611	804.7635	95.0694	809.8783	95.1389	
30/08/2017	01:36:00	019001	H375142802HLR	L375	S		740.9289	1.0311	0.0000	100.0198	40.0144	0.8230	0.8255	5.0000	17.1622	860.0682	94.9306	17.2619	24.1000	0.9300	0.9314	0.6786	0.0000	860.0000	858.5452	1.0285	2.6589	99.9505	39.3382	0.8230	0.8201	5.0000	-9999.0000	-9999.0000	-9999.0000	-9999.0000	-9999.0000	-9999.0000	18.6920	8	0	34.5247	1.0000	14	3	-9999.0000	42669	70603	-9999	2202	2104	-9999	583.6812	3	0.6786	0.6852	-0.0003	70.6352	2.6172	771.9297	341.3344	36.4583	749.6233	95.1389	796.4520	94.8843	802.4050	95.0463	808.0776	95.1620	
30/08/2017	01:36:28	019001	H375142809HLR	L375	S		734.8231	1.0311	0.0000	100.0345	39.4758	0.8230	0.8257	5.0000	17.3223	860.0517	94.9074	19.9819	24.0000	0.9300	0.9313	0.6786	0.0000	860.0000	860.2835	1.0285	2.5987	99.9528	39.3489	0.8230	0.8199	5.0000	-9999.0000	-9999.0000	-9999.0000	-9999.0000	-9999.0000	-9999.0000	18.6420	1	0	27.8636	1.0000	14	3	-9999.0000	42670	70604	-9999	2203	2105	-9999	583.7053	3	0.6786	0.6850	-0.0003	69.7884	2.6669	762.7090	338.1910	37.1759	740.0610	95.6713	788.0056	94.7685	793.1901	95.1157	798.9666	95.1389	
30/08/2017	01:36:56	019001	H375142812HLR	L375	S		733.7297	1.0311	0.0000	99.9934	40.0511	0.8230	0.8261	5.0000	19.2124	860.0816	94.9306	19.7417	24.0000	0.9300	0.9311	0.6786	0.0000	860.0000	859.2861	1.0285	2.6333	100.1296	39.3373	0.8230	0.8199	5.0000	-9999.0000	-9999.0000	-9999.0000	-9999.0000	-9999.0000	-9999.0000	18.7024	2	0	27.6127	1.0000	14	3	-9999.0000	42671	70605	-9999	2204	2106	-9999	583.7030	3	0.6786	0.6851	-0.0003	70.5764	2.6285	761.1879	329.6034	36.9213	739.0025	95.7639	786.0430	94.8148	792.2480	95.0694	797.7340	95.1620	
30/08/2017	01:37:28	019001	H375142814HLR	L375	S		729.0326	1.0311	0.0000	99.9557	40.2054	0.8230	0.8251	5.0000	18.9223	860.0643	94.9306	21.6530	24.0000	0.9300	0.9314	0.6787	0.0000	860.0000	861.4828	1.0285	2.5572	100.0551	39.3421	0.8230	0.8201	5.0000	-9999.0000	-9999.0000	-9999.0000	-9999.0000	-9999.0000	-9999.0000	18.7317	3	0	32.2982	1.0000	14	3	-9999.0000	42672	70606	-9999	2205	2107	-9999	583.6696	3	0.6787	0.6851	-0.0003	70.9521	2.6147	758.0800	331.1066	38.4028	734.6819	95.6250	783.8451	94.7917	789.3993	95.0926	794.5636	95.1620	
30/08/2017	01:37:56	019001	H375143644HLR	L375	S		729.0705	1.0311	0.0000	99.9782	39.6234	0.8230	0.8256	5.0000	17.2814	860.0434	94.9537	22.4529	24.0000	0.9300	0.9312	0.6787	0.0000	860.0000	860.3970	1.0285	2.5948	99.9988	39.3964	0.8230	0.8201	5.0000	-9999.0000	-9999.0000	-9999.0000	-9999.0000	-9999.0000	-9999.0000	18.5023	4	0	27.8498	1.0000	14	3	-9999.0000	42673	70607	-9999	2206	2108	-9999	583.7542	3	0.6787	0.6851	-0.0003	70.8091	2.6207	756.7724	328.9580	35.5787	733.4718	96.1574	781.2833	94.8380	786.5575	95.0231	791.3449	95.1620	
30/08/2017	01:38:36	019001	H375142806HLR	L375	S		741.3565	1.0311	0.0000	99.9931	39.9609	0.8230	0.8267	5.0000	17.2023	860.0843	94.9537	16.3428	24.0000	0.9300	0.9311	0.6787	0.0000	860.0000	857.9171	1.0285	2.6807	99.8797	39.3666	0.8230	0.8198	5.0000	-9999.0000	-9999.0000	-9999.0000	-9999.0000	-9999.0000	-9999.0000	18.6732	5	0	39.7644	1.0000	14	3	-9999.0000	42674	70608	-9999	2207	2109	-9999	583.7715	3	0.6787	0.6851	-0.0003	70.8091	2.6207	771.8483	332.5967	36.7361	748.2167	95.9028	797.9273	94.8611	804.5360	95.0926	809.5037	95.1157	
30/08/2017	01:39:11	019001	H375142799HLR	L375	S		746.8117	1.0311	0.0000	99.9789	40.1880	0.8230	0.8259	5.0000	17.3028	860.0509	94.9537	15.4921	24.1000	0.9300	0.9313	0.6787	0.0000	860.0000	858.4915	1.0285	2.6608	100.0080	39.3356	0.8230	0.8200	5.0000	-9999.0000	-9999.0000	-9999.0000	-9999.0000	-9999.0000	-9999.0000	18.6722	6	0	35.4242	1.0000	14	3	-9999.0000	42675	70609	-9999	2208	2110	-9999	583.7785	3	0.6787	0.6850	-0.0003	71.0492	2.6165	775.9901	333.2610	37.9861	752.5641	95.4861	802.2045	94.8148	807.9427	95.0463	812.7007	95.1389	
30/08/2017	01:39:42	019001	H375142804HLR	L375	S		741.2157	1.0311	0.0000	99.9861	39.6675	0.8230	0.8255	5.0000	17.3307	860.0745	94.8611	20.8131	24.0000	0.9300	0.9313	0.6787	0.0000	860.0000	861.9134	1.0285	2.5423	100.0238	39.3431	0.8230	0.8198	5.0000	-9999.0000	-9999.0000	-9999.0000	-9999.0000	-9999.0000	-9999.0000	18.6925	7	0	31.0234	1.0000	14	3	-9999.0000	42676	70610	-9999	2209	2110	-9999	583.7975	3	0.6787	0.6851	-0.0003	69.4358	2.7142	767.9167	324.4697	36.0648	745.6585	95.8565	791.8603	94.8148	796.8862	95.0694	802.1505	95.1620	
30/08/2017	01:40:11	019001	H375142846HLR	L375	S		746.9415	1.0311	0.0000	99.9366	39.7767	0.8230	0.8263	5.0000	17.3428	860.0360	94.9306	15.7314	24.1000	0.9300	0.9315	0.6787	0.0000	860.0000	857.0852	1.0285	2.7095	99.9666	39.3272	0.8230	0.8200	5.0000	-9999.0000	-9999.0000	-9999.0000	-9999.0000	-9999.0000	-9999.0000	18.6927	8	0	28.3941	1.0000	14	3	-9999.0000	42677	70611	-9999	2210	2111	-9999	583.7581	3	0.6787	0.6851	-0.0003	69.4358	2.7142	774.1037	334.6472	38.2639	750.0103	95.5556	799.9115	94.7685	806.1078	95.1157	811.1551	95.1620	
30/08/2017	01:40:42	019001	H375139896HLR	L375	S		718.8747	1.0311	0.0000	99.9909	40.2064	0.8230	0.8265	5.0000	17.1729	860.0298	94.9537	28.2231	24.0000	0.9300	0.9313	0.6789	0.0000	860.0000	861.6442	1.0285	2.5516	100.1032	39.3577	0.8230	0.8200	5.0000	-9999.0000	-9999.0000	-9999.0000	-9999.0000	-9999.0000	-9999.0000	18.7023	1	0	31.8132	1.0000	14	3	-9999.0000	42678	70612	-9999	2211	2112	-9999	583.8718	3	0.6789	0.6848	-0.0003	69.1847	2.7397	741.3997	322.8144	37.0139	718.6583	95.8796	765.0272	94.6528	770.5231	95.1389	775.1255	95.1389	
30/08/2017	01:41:08	019001	H375143646HLR	L375	S		724.4389	1.0311	0.0000	99.9907	39.9473	0.8230	0.8257	5.0000	17.2321	860.0733	94.9537	23.4130	24.0000	0.9300	0.9312	0.6789	0.0000	860.0000	861.1778	1.0285	2.5677	99.9904	39.3818	0.8230	0.8200	5.0000	-9999.0000	-9999.0000	-9999.0000	-9999.0000	-9999.0000	-9999.0000	18.6030	2	0	25.7130	1.0000	14	3	-9999.0000	42679	70613	-9999	2212	2113	-9999	583.9524	3	0.6789	0.6850	-0.0003	69.5057	2.7171	750.6646	329.9612	38.0556	726.8941	95.8796	776.4629	94.7222	781.3906	95.0231	786.8784	95.1157	
30/08/2017	01:41:33	019001	H375143632HLR	L375	S		733.2789	1.0311	0.0000	99.9586	39.7820	0.8230	0.8264	5.0000	17.2414	860.0745	94.9306	19.5326	24.1000	0.9300	0.9312	0.6790	0.0000	860.0000	859.6695	1.0285	2.6200	99.9760	39.3720	0.8230	0.8199	5.0000	-9999.0000	-9999.0000	-9999.0000	-9999.0000	-9999.0000	-9999.0000	18.6917	3	0	24.9231	1.0000	14	3	-9999.0000	42679	70614	-9999	2213	2114	-9999	583.9329	3	0.6790	0.6853	-0.0003	68.2914	2.7813	762.6242	325.1363	38.0093	739.0891	95.6250	788.2596	94.6759	794.2179	95.0694	799.8645	95.1157	
30/08/2017	01:42:02	019001	H375142792HLR	L375	S		748.4161	1.0311	0.0000	99.9671	40.1665	0.8230	0.8258	5.0000	18.2198	860.0585	94.9537	16.3418	24.1000	0.9300	0.9313	0.6790	0.0000	860.0000	858.4711	1.0285	2.6615	100.0133	39.3475	0.8230	0.8200	5.0000	-9999.0000	-9999.0000	-9999.0000	-9999.0000	-9999.0000	-9999.0000	18.7023	4	0	29.1138	1.0000	14	3	-9999.0000	42680	70615	-9999	2214	2115	-9999	584.0194	3	0.6790	0.6853	-0.0003	68.2914	2.7813	775.9862	328.5579	36.3194	751.5422	95.7639	801.1659	94.7454	805.9115	95.0694	811.1460	95.1620	
30/08/2017	01:42:33	019001	H375142794HLR	L375	S		734.6719	1.0311	0.0000	100.0069	39.8509	0.8230	0.8255	5.0000	17.6811	860.0693	94.9074	20.3228	24.1000	0.9300	0.9313	0.6789	0.0000	860.0000	861.3132	1.0285	2.5631	99.9027	39.4008	0.8230	0.8201	5.0000	-9999.0000	-9999.0000	-9999.0000	-9999.0000	-9999.0000	-9999.0000	18.7123	5	0	31.1738	1.0000	14	3	-9999.0000	42681	70616	-9999	2215	2116	-9999	583.9951	3	0.6789	0.6845	-0.0003	69.2846	2.7268	762.2375	325.5838	36.7130	738.9094	95.5787	786.8872	94.6296	793.3016	95.1389	798.2678	95.1620	
30/08/2017	01:43:08	019001	H375143623HLR	L375	S		750.9549	1.0311	0.0000	100.0134	39.7160	0.8230	0.8261	5.0000	17.0918	860.0407	95.0231	13.7214	24.1000	0.9300	0.9310	0.6789	0.0000	860.0000	857.3527	1.0285	2.7003	99.8367	39.4119	0.8230	0.8199	5.0000	-9999.0000	-9999.0000	-9999.0000	-9999.0000	-9999.0000	-9999.0000	18.6526	6	0	34.5636	1.0000	14	3	-9999.0000	42682	70617	-9999	2216	2117	-9999	583.9340	3	0.6789	0.6845	-0.0003	69.2846	2.7268	782.9273	336.9122	35.4398	760.5627	95.9028	806.9109	94.9074	813.5487	95.1157	818.5287	95.1389	
30/08/2017	01:43:33	019001	H375143641HLR	L375	S		750.9430	1.0311	0.0000	99.9526	40.1415	0.8230	0.8263	5.0000	17.3116	860.0688	94.9769	12.1919	24.0000	0.9300	0.9311	0.6789	0.0000	860.0000	856.0407	1.0285	2.7457	99.9703	39.3693	0.8230	0.8199	5.0000	-9999.0000	-9999.0000	-9999.0000	-9999.0000	-9999.0000	-9999.0000	18.6212	7	0	25.0138	1.0000	14	3	-9999.0000	42683	70618	-9999	2217	2118	-9999	583.9556	3	0.6789	0.6845	-0.0003	69.3243	2.7312	786.2566	323.7888	34.8148	762.2396	95.2315	812.8243	95.0231	820.0129	95.0463	825.8043	95.1620	
30/08/2017	01:43:59	019001	H375143638HLR	L375	S		741.8686	1.0311	0.0000	100.0129	40.0669	0.8230	0.8257	5.0000	17.4816	860.0555	94.9306	17.1017	24.0000	0.9300	0.9313	0.6790	0.0000	860.0000	860.4078	1.0285	2.5944	100.0909	39.3646	0.8230	0.8199	5.0000	-9999.0000	-9999.0000	-9999.0000	-9999.0000	-9999.0000	-9999.0000	18.6516	8	0	25.6633	1.0000	14	3	-9999.0000	42684	70619	-9999	2218	2119	-9999	584.0049	3	0.6790	0.6845	-0.0003	67.0824	2.8544	774.1044	315.8098	35.3241	750.7812	96.0648	798.4251	94.8380	804.8935	95.1389	810.5400	95.1852	
30/08/2017	01:44:28	019001	H375143634HLR	L375	S		732.8346	1.0311	0.0000	100.0160	39.6972	0.8230	0.8257	5.0000	17.2217	860.0610	94.9306	19.6430	24.0000	0.9300	0.9312	0.6791	0.0000	860.0000	859.8787	1.0285	2.6127	99.9311	39.3587	0.8230	0.8201	5.0000	-9999.0000	-9999.0000	-9999.0000	-9999.0000	-9999.0000	-9999.0000	18.6625	1	0	29.8835	1.0000	14	3	-9999.0000	42685	70620	-9999	2219	2120	-9999	584.0294	3	0.6791	0.6848	-0.0003	67.0369	2.8556	762.0114	321.1220	35.6481	737.9419	95.9722	786.7575	94.8611	792.4645	95.0231	797.4171	95.1620	
30/08/2017	01:45:00	019001	H375143650HLR	L375	S		727.6760	1.0311	0.0000	100.0591	39.8840	0.8230	0.8265	5.0000	17.2920	860.0324	94.9306	22.5633	24.0000	0.9300	0.9314	0.6792	0.0000	860.0000	861.5550	1.0285	2.5547	99.8167	39.4259	0.8230	0.8200	5.0000	-9999.0000	-9999.0000	-9999.0000	-9999.0000	-9999.0000	-9999.0000	18.8020	2	0	31.1934	1.0000	14	3	-9999.0000	42686	70621	-9999	2220	2121	-9999	584.0645	3	0.6792	0.6851	-0.0003	68.1930	2.8061	753.8283	324.1080	36.4120	729.9652	95.9259	777.7205	94.8380	784.5242	95.0926	789.9812	95.1389	
30/08/2017	01:45:31	019001	H375143613HLR	L375	S		753.8835	1.0311	0.0000	100.0209	40.2000	0.8230	0.8260	5.0000	17.1612	860.0724	95.0000	12.5416	24.1000	0.9300	0.9313	0.6792	0.0000	860.0000	856.4262	1.0285	2.7323	100.0226	39.3762	0.8230	0.8194	5.0000	-9999.0000	-9999.0000	-9999.0000	-9999.0000	-9999.0000	-9999.0000	20.4926	3	0	30.9637	1.0000	14	3	-9999.0000	42687	70622	-9999	2221	2122	-9999	584.2154	3	0.6792	0.6851	-0.0003	68.1930	2.8061	785.8289	333.2185	34.7222	761.9272	95.6713	810.7337	94.7685	817.1694	95.0926	823.3175	95.1620	
30/08/2017	01:46:04	019001	H375143627HLR	L375	S		751.7088	1.0311	0.0000	99.9730	39.7830	0.8230	0.8257	5.0000	17.0819	860.0692	95.0000	13.6120	24.1000	0.9300	0.9314	0.6792	0.0000	860.0000	857.8407	1.0285	2.6833	100.0531	39.3918	0.8230	0.8199	5.0000	-9999.0000	-9999.0000	-9999.0000	-9999.0000	-9999.0000	-9999.0000	18.6737	4	0	32.9940	1.0000	14	3	-9999.0000	42687	70623	-9999	2222	2123	-9999	584.2678	3	0.6792	0.6848	-0.0003	67.9924	2.8300	782.2657	317.0679	36.4120	758.6469	95.7407	810.0113	94.9306	816.7090	95.0463	821.5469	95.1852	
30/08/2017	01:56:25	019001	H375143603HLR	L375	S		739.4853	1.0311	0.0000	100.0138	39.7381	0.8230	0.8260	5.0000	17.6925	860.0511	94.9074	18.4016	24.0000	0.9300	0.9313	0.6793	0.0000	860.0000	861.0267	1.0285	2.5730	100.0473	39.3971	0.8230	0.8199	5.0000	-9999.0000	-9999.0000	-9999.0000	-9999.0000	-9999.0000	-9999.0000	18.7025	5	0	621.9246	1.0000	14	3	-9999.0000	42688	70624	-9999	2223	2124	-9999	584.2623	3	0.6793	0.6848	-0.0003	65.7582	2.9791	770.1651	325.7177	35.0000	746.6597	95.5324	795.7596	94.9537	801.8830	95.0463	807.1825	95.1620	
30/08/2017	01:57:01	019001	H375143615HLR	L375	S		729.3453	1.0311	0.0000	100.0272	40.0747	0.8230	0.8265	5.0000	17.3918	860.0542	94.9306	19.1322	24.0000	0.9300	0.9313	0.6794	0.0000	860.0000	860.1048	1.0285	2.6049	99.9837	39.3857	0.8230	0.8198	5.0000	-9999.0000	-9999.0000	-9999.0000	-9999.0000	-9999.0000	-9999.0000	18.6830	6	0	35.3852	1.0000	14	3	-9999.0000	42689	70625	-9999	2224	2125	-9999	584.2909	3	0.6794	0.6852	-0.0003	64.7160	3.0491	755.9894	323.4985	37.5694	730.1811	95.7176	789.3766	94.7685	795.6965	95.0926	801.0746	95.1389	
30/08/2017	01:57:36	019001	H375143605HLR	L375	S		735.6977	1.0311	0.0000	99.9539	40.0868	0.8230	0.8259	5.0000	17.1922	860.0331	94.9306	19.4623	24.0000	0.9300	0.9312	0.6794	0.0000	860.0000	859.5597	1.0285	2.6238	99.9857	39.0531	0.8230	0.8201	5.0000	-9999.0000	-9999.0000	-9999.0000	-9999.0000	-9999.0000	-9999.0000	18.7123	7	0	35.5539	1.0000	14	3	-9999.0000	42690	70626	-9999	2225	2125	-9999	584.3380	3	0.6794	0.6853	-0.0003	64.8260	3.0444	763.5436	324.8769	35.8333	740.1540	95.8796	788.6358	94.8611	793.8958	95.0231	799.1259	95.1157	
30/08/2017	01:58:05	019001	H375143618HLR	L375	S		726.2143	1.0311	0.0000	99.9892	39.6854	0.8230	0.8254	5.0000	18.5424	860.0773	94.9074	21.0025	24.0000	0.9300	0.9312	0.6794	0.0000	860.0000	859.0765	1.0285	2.6405	99.9497	39.2750	0.8230	0.8204	5.0000	-9999.0000	-9999.0000	-9999.0000	-9999.0000	-9999.0000	-9999.0000	18.4425	8	0	29.0835	1.0000	14	3	-9999.0000	42691	70627	-9999	2226	2126	-9999	584.4231	3	0.6794	0.6855	-0.0003	65.5924	3.0070	755.6893	328.5848	35.9491	732.3008	96.0417	780.7496	94.8611	786.9571	95.0231	792.4339	95.1157	
30/08/2017	02:01:50	019001	H375143617HLR	L375	S		726.0118	1.0311	0.0000	100.0226	39.9758	0.8230	0.8265	5.0000	17.3117	860.0520	94.9306	22.6531	24.0000	0.9300	0.9312	0.6793	0.0000	860.0000	861.3975	1.0285	2.5601	100.0057	39.2420	0.8230	0.8199	5.0000	-9999.0000	-9999.0000	-9999.0000	-9999.0000	-9999.0000	-9999.0000	18.5324	1	0	224.5765	1.0000	14	3	-9999.0000	42692	70628	-9999	2227	2127	-9999	584.3519	3	0.6793	0.6857	-0.0003	65.8868	2.9991	753.8639	327.7173	34.7222	730.3027	95.6019	780.9177	94.8611	786.4257	95.0000	790.8256	95.1389	
30/08/2017	02:02:19	019001	H375143610HLR	L375	S		726.5652	1.0311	0.0000	100.0034	40.0926	0.8230	0.8253	5.0000	18.8423	860.0356	94.9074	23.3631	23.9000	0.9300	0.9313	0.6793	0.0000	860.0000	862.2025	1.0285	2.5322	100.0870	39.2015	0.8230	0.8201	5.0000	-9999.0000	-9999.0000	-9999.0000	-9999.0000	-9999.0000	-9999.0000	18.5121	2	0	29.2330	1.0000	14	3	-9999.0000	42693	70629	-9999	2228	2128	-9999	584.2971	3	0.6793	0.6861	-0.0004	65.8313	2.9985	752.2690	247.0161	36.8287	729.0114	95.6481	779.0188	94.6991	786.4376	95.0463	791.3592	95.0926	
30/08/2017	02:02:54	019001	H375143630HLR	L375	S		723.7406	1.0311	0.0000	100.0194	40.4735	0.8230	0.8263	5.0000	17.2824	860.0517	94.9074	24.0625	23.9000	0.9300	0.9312	0.6793	0.0000	860.0000	860.8202	1.0285	2.5801	100.1682	39.2525	0.8230	0.8211	5.0000	-9999.0000	-9999.0000	-9999.0000	-9999.0000	-9999.0000	-9999.0000	19.3530	3	0	34.8848	1.0000	14	3	-9999.0000	42693	70630	-9999	2229	2129	-9999	584.2885	3	0.6793	0.6857	-0.0003	65.4152	3.0331	748.0585	325.2677	35.3935	725.2539	96.0185	771.6937	94.7454	779.2676	95.0463	782.9660	95.0231	
30/08/2017	02:03:27	019001	H375143572HLR	L375	S		744.1483	1.0311	0.0000	99.9788	39.5297	0.8230	0.8255	5.0000	17.1719	860.0686	94.9537	17.1221	24.0000	0.9300	0.9311	0.6793	0.0000	860.0000	860.6225	1.0285	2.5870	99.6804	39.2974	0.8230	0.8204	5.0000	-9999.0000	-9999.0000	-9999.0000	-9999.0000	-9999.0000	-9999.0000	18.5325	4	0	32.7138	1.0000	14	3	-9999.0000	42694	70631	-9999	2230	2130	-9999	584.3180	3	0.6793	0.6857	-0.0003	64.8287	3.0735	773.0182	332.9031	36.8750	749.3789	95.7870	799.8828	94.9306	806.6474	95.0463	810.5572	95.0694	
30/08/2017	02:03:59	019001	H375143582HLR	L375	S		745.9549	1.0311	0.0000	100.0090	39.9074	0.8230	0.8269	5.0000	17.3417	860.0414	94.9306	19.6127	24.0000	0.9300	0.9313	0.6793	0.0000	860.0000	863.5612	1.0285	2.4852	99.5561	39.1965	0.8230	0.8199	5.0000	-9999.0000	-9999.0000	-9999.0000	-9999.0000	-9999.0000	-9999.0000	18.5520	5	0	31.8633	1.0000	14	3	-9999.0000	42695	70632	-9999	2231	2131	-9999	584.2681	3	0.6793	0.6860	-0.0004	64.8880	3.0745	770.6334	330.6327	35.5324	746.3019	95.7870	797.0616	94.6296	803.3397	95.0926	807.9476	95.1157	
30/08/2017	02:04:30	019001	H375143591HLR	L375	S		742.2594	1.0311	0.0000	100.0193	40.2523	0.8230	0.8259	5.0000	17.5216	860.0648	94.9537	17.2227	24.1000	0.9300	0.9313	0.6793	0.0000	860.0000	859.3083	1.0285	2.6325	99.7970	39.1763	0.8230	0.8201	5.0000	-9999.0000	-9999.0000	-9999.0000	-9999.0000	-9999.0000	-9999.0000	18.6516	6	0	30.9117	1.0000	14	3	-9999.0000	42696	70633	-9999	2232	2132	-9999	584.2677	3	0.6793	0.6853	-0.0003	65.1634	3.0570	771.1876	281.0905	36.8750	747.7219	95.8102	797.2426	94.6991	803.6024	95.1157	808.2633	95.0926	
30/08/2017	02:04:58	019001	H375143600HLR	L375	S		723.8824	1.0311	0.0000	99.9871	41.3347	0.8230	0.8275	5.0000	17.2119	860.0518	94.9074	23.3426	24.0000	0.9300	0.9311	0.6793	0.0000	860.0000	861.1941	1.0285	2.5672	100.6704	39.1564	0.8230	0.8197	5.0000	-9999.0000	-9999.0000	-9999.0000	-9999.0000	-9999.0000	-9999.0000	22.1921	7	0	28.1939	1.0000	14	3	-9999.0000	42697	70634	-9999	2233	2133	-9999	584.2918	3	0.6793	0.6852	-0.0003	65.1716	3.0519	751.8954	333.7895	36.7824	729.2748	95.8102	775.3229	94.6296	782.2714	95.0694	786.7785	95.1157	
30/08/2017	02:05:30	019001	H375143575HLR	L375	S		734.4201	1.0311	0.0000	99.9439	40.3972	0.8230	0.8251	5.0000	17.2617	860.0656	94.9074	20.7232	23.9000	0.9300	0.9309	0.6792	0.0000	860.0000	860.1917	1.0285	2.6019	99.6949	39.2873	0.8230	0.8201	5.0000	-9999.0000	-9999.0000	-9999.0000	-9999.0000	-9999.0000	-9999.0000	18.7327	8	0	31.8434	1.0000	14	3	-9999.0000	42698	70635	-9999	2234	2134	-9999	584.3123	3	0.6792	0.6852	-0.0003	64.8327	3.0624	760.9296	333.6530	36.4120	738.5047	95.9491	786.9042	94.8380	791.7827	95.0463	797.1394	95.1157	
30/08/2017	02:06:02	019001	H375143576HLR	L375	S		732.9937	1.0311	0.0000	100.0206	39.2948	0.8230	0.8255	5.0000	17.3017	860.0402	94.8843	20.3618	23.8000	0.9300	0.9307	0.6792	0.0000	860.0000	861.1958	1.0285	2.5671	99.7565	39.2859	0.8230	0.8199	5.0000	-9999.0000	-9999.0000	-9999.0000	-9999.0000	-9999.0000	-9999.0000	18.7326	1	0	32.7236	1.0000	14	3	-9999.0000	42699	70636	-9999	2235	2135	-9999	584.1914	3	0.6792	0.6852	-0.0003	64.7540	3.0653	760.4832	334.5448	37.5000	736.7465	95.6019	785.8451	94.8380	791.4308	95.0000	796.5981	95.0926	
30/08/2017	02:06:35	019001	H375143579HLR	L375	S		736.4306	1.0311	0.0000	99.9769	40.0703	0.8230	0.8269	5.0000	17.9219	860.0911	94.8843	18.9221	23.8000	0.9300	0.9307	0.6792	0.0000	860.0000	860.6124	1.0285	2.5873	99.8154	39.2542	0.8230	0.8199	5.0000	-9999.0000	-9999.0000	-9999.0000	-9999.0000	-9999.0000	-9999.0000	18.7026	2	0	32.4442	1.0000	14	3	-9999.0000	42700	70637	-9999	2236	2136	-9999	584.2644	3	0.6792	0.6852	-0.0003	64.7540	3.0653	762.6605	333.3269	36.2731	739.0176	95.7639	789.7725	94.8843	796.8689	95.0463	801.7800	95.1157	
30/08/2017	02:07:05	019001	H375143586HLR	L375	S		743.0857	1.0311	0.0000	100.0628	40.2228	0.8230	0.8250	5.0000	18.5519	860.0421	94.9537	16.7422	23.7000	0.9300	0.9306	0.6792	0.0000	860.0000	859.9068	1.0285	2.6118	100.1819	39.2523	0.8230	0.8200	5.0000	-9999.0000	-9999.0000	-9999.0000	-9999.0000	-9999.0000	-9999.0000	18.7228	3	0	30.0730	1.0000	14	3	-9999.0000	42701	70638	-9999	2237	2137	-9999	584.2038	3	0.6792	0.6850	-0.0003	65.9764	2.9874	770.7709	333.4051	36.4583	746.7727	95.6944	797.9219	94.9074	803.3692	94.9769	809.1780	95.1157	
30/08/2017	02:07:37	019001	H375143588HLR	L375	S		739.6485	1.0311	0.0000	100.0126	39.3918	0.8230	0.8254	5.0000	17.5518	860.0645	94.9074	19.8324	23.6000	0.9300	0.9306	0.6792	0.0000	860.0000	864.7305	1.0285	2.4447	99.6508	39.2732	0.8230	0.8199	5.0000	-9999.0000	-9999.0000	-9999.0000	-9999.0000	-9999.0000	-9999.0000	18.7219	4	0	32.5739	1.0000	14	3	-9999.0000	42702	70639	-9999	2238	2138	-9999	584.2192	3	0.6792	0.6850	-0.0003	65.8312	2.9963	766.3454	337.3837	35.4167	744.1341	95.8565	789.7625	94.9074	795.3568	95.0231	801.0844	95.0926	
30/08/2017	02:08:07	019001	H375143569HLR	L375	S		732.7591	1.0311	0.0000	100.0316	39.7754	0.8230	0.8270	5.0000	17.1526	860.0585	94.9074	21.2027	23.5000	0.9300	0.9305	0.6792	0.0000	860.0000	864.4799	1.0285	2.4534	99.7119	39.2843	0.8230	0.8199	5.0000	-9999.0000	-9999.0000	-9999.0000	-9999.0000	-9999.0000	-9999.0000	18.7024	5	0	29.6735	1.0000	14	1	-9999.0000	42703	70640	-9999	2239	2139	-9999	584.2394	3	0.6792	0.6849	-0.0003	65.3376	3.0318	760.2289	330.3658	36.8981	737.4669	95.7870	783.0688	94.7222	789.1828	95.0694	794.5456	95.1389	
30/08/2017	02:08:35	019001	H375143566HLR	L375	S		729.2525	1.0311	0.0000	100.0074	40.3238	0.8230	0.8253	5.0000	19.1820	860.0873	94.8843	20.4926	23.4000	0.9300	0.9305	0.6792	0.0000	860.0000	862.9668	1.0285	2.5058	100.0622	39.2921	0.8230	0.8199	5.0000	-9999.0000	-9999.0000	-9999.0000	-9999.0000	-9999.0000	-9999.0000	18.7824	6	0	28.2035	1.0000	14	1	-9999.0000	42704	70641	-9999	2240	2140	-9999	584.2834	3	0.6792	0.6847	-0.0003	64.1561	3.1029	757.3671	330.7784	35.9491	733.4024	95.8102	783.3372	94.7454	789.5146	95.0231	794.5247	95.1389	
30/08/2017	02:09:03	019001	H375143558HLR	L375	S		737.5276	1.0311	0.0000	99.9836	39.6557	0.8230	0.8255	5.0000	17.2324	860.0485	94.8843	18.6223	23.3000	0.9300	0.9305	0.6791	0.0000	860.0000	862.1203	1.0285	2.5351	100.0535	39.2808	0.8230	0.8199	5.0000	-9999.0000	-9999.0000	-9999.0000	-9999.0000	-9999.0000	-9999.0000	18.7914	7	0	27.7531	1.0000	14	1	-9999.0000	42705	70642	-9999	2241	2141	-9999	584.2063	3	0.6791	0.6848	-0.0003	64.3525	3.0912	763.5861	333.4657	37.1991	740.0384	95.6250	790.2075	94.7917	796.4253	95.1157	801.1896	95.1157	
30/08/2017	02:09:33	019001	H375143556HLR	L375	S		731.9377	1.0311	0.0000	99.9556	39.7128	0.8230	0.8265	5.0000	17.6721	860.0740	94.9074	20.5630	23.2000	0.9300	0.9304	0.6790	0.0000	860.0000	863.9044	1.0285	2.4733	99.9991	39.3017	0.8230	0.8199	5.0000	-9999.0000	-9999.0000	-9999.0000	-9999.0000	-9999.0000	-9999.0000	18.8322	8	0	30.4431	1.0000	14	1	-9999.0000	42706	70643	-9999	2242	2142	-9999	584.1146	3	0.6790	0.6848	-0.0003	64.1850	3.1060	756.5128	329.5703	36.8519	733.3016	95.5787	783.3691	94.7454	789.2749	95.0926	794.6410	95.1157	
30/08/2017	02:10:02	019001	H375143560HLR	L375	S		739.5296	1.0311	0.0000	99.9148	40.2543	0.8230	0.8263	5.0000	17.5119	860.0386	94.8611	18.1720	23.2000	0.9300	0.9305	0.6789	0.0000	860.0000	861.8340	1.0285	2.5450	100.6266	39.3091	0.8230	0.8200	5.0000	-9999.0000	-9999.0000	-9999.0000	-9999.0000	-9999.0000	-9999.0000	18.8421	1	0	28.2240	1.0000	14	1	-9999.0000	42707	70644	-9999	2243	2143	-9999	584.0320	3	0.6789	0.6847	-0.0003	64.9929	3.0729	765.1089	334.6581	37.1065	742.1460	95.7407	789.8022	94.8843	796.1112	95.0000	801.6416	95.1157	
30/08/2017	02:10:35	019001	H375143664HLR	L375	S		746.5123	1.0311	0.0000	100.0319	39.8114	0.8230	0.8252	5.0000	18.0929	860.0805	94.9306	16.2118	23.1000	0.9300	0.9306	0.6789	0.0000	860.0000	863.1231	1.0285	2.5004	100.1383	39.3090	0.8230	0.8199	5.0000	-9999.0000	-9999.0000	-9999.0000	-9999.0000	-9999.0000	-9999.0000	18.7218	2	0	32.8632	1.0000	14	1	-9999.0000	42708	70645	-9999	2244	2144	-9999	583.9717	3	0.6789	0.6847	-0.0003	64.9929	3.0729	770.3675	333.3008	36.2963	745.8384	95.6944	799.3127	94.7917	805.3290	95.0926	810.2407	95.1389	
30/08/2017	02:11:02	019001	H375143660HLR	L375	S		746.3158	1.0311	0.0000	100.0095	39.5733	0.8230	0.8261	5.0000	17.3017	860.0446	94.9537	16.2519	23.0000	0.9300	0.9305	0.6789	0.0000	860.0000	862.6424	1.0285	2.5170	100.0508	39.2988	0.8230	0.8199	5.0000	-9999.0000	-9999.0000	-9999.0000	-9999.0000	-9999.0000	-9999.0000	18.8020	3	0	27.9234	1.0000	14	1	-9999.0000	42709	70646	-9999	2245	2145	-9999	583.9398	3	0.6789	0.6853	-0.0003	65.1725	3.0690	770.9024	341.2857	37.3843	746.8240	95.4861	798.0280	94.7917	803.9719	95.0231	808.9661	95.1389	
30/08/2017	02:11:35	019001	H375143655HLR	L375	S		740.0495	1.0311	0.0000	99.9871	40.0820	0.8230	0.8267	5.0000	17.3224	860.0627	94.8843	18.3918	23.0000	0.9300	0.9305	0.6788	0.0000	860.0000	864.2174	1.0285	2.4624	100.9302	39.3230	0.8230	0.8200	5.0000	-9999.0000	-9999.0000	-9999.0000	-9999.0000	-9999.0000	-9999.0000	18.7522	4	0	32.0340	1.0000	14	1	-9999.0000	42710	70647	-9999	2246	2146	-9999	583.8965	3	0.6788	0.6855	-0.0004	64.8340	3.0964	764.0772	341.1293	34.7917	738.9554	95.5787	791.0300	94.8843	796.3111	95.0463	801.5169	95.1157	
30/08/2017	02:12:07	019001	H375143657HLR	L375	S		745.5819	1.0311	0.0000	100.0659	40.1579	0.8230	0.8260	5.0000	17.1015	860.0691	94.9537	16.7022	22.9000	0.9300	0.9305	0.6787	0.0000	860.0000	863.3660	1.0285	2.4919	100.0317	39.2979	0.8230	0.8199	5.0000	-9999.0000	-9999.0000	-9999.0000	-9999.0000	-9999.0000	-9999.0000	18.7122	5	0	32.4734	1.0000	14	1	-9999.0000	42711	70648	-9999	2247	2147	-9999	583.8647	3	0.6787	0.6849	-0.0003	65.7170	3.0598	769.2115	326.1160	35.7407	745.1066	95.9722	797.1711	94.8843	803.0122	95.0926	808.0520	95.1157	
30/08/2017	02:12:37	019001	H375143652HLR	L375	S		732.8350	1.0311	0.0000	100.0160	39.6333	0.8230	0.8258	5.0000	17.1221	860.0543	94.8843	20.9019	22.8000	0.9300	0.9306	0.6786	0.0000	860.0000	866.0590	1.0285	2.3986	100.4831	39.3253	0.8230	0.8198	5.0000	-9999.0000	-9999.0000	-9999.0000	-9999.0000	-9999.0000	-9999.0000	19.0023	6	0	29.9439	1.0000	14	1	-9999.0000	42712	70649	-9999	2248	2148	-9999	583.7388	3	0.6786	0.6844	-0.0003	65.8104	3.0608	756.1297	333.1928	38.1481	732.4646	95.3935	782.6645	94.9537	789.1001	95.0000	794.2937	95.1157	
30/08/2017	02:13:04	019001	H375143666HLR	L375	S		748.6808	1.0311	0.0000	100.0171	39.7912	0.8230	0.8265	5.0000	17.2120	860.0464	94.9306	16.4316	22.8000	0.9300	0.9305	0.6786	0.0000	860.0000	864.7471	1.0285	2.4441	100.5738	39.3083	0.8230	0.8199	5.0000	-9999.0000	-9999.0000	-9999.0000	-9999.0000	-9999.0000	-9999.0000	18.8322	7	0	27.3333	1.0000	14	1	-9999.0000	42713	70650	-9999	2249	2149	-9999	583.7156	3	0.6786	0.6844	-0.0003	65.8104	3.0608	773.4141	338.1967	36.9676	749.3293	95.6713	799.9902	94.8843	806.1415	95.0231	811.2025	95.0926	
30/08/2017	02:13:34	019001	H375143676HLR	L375	S		736.2931	1.0311	0.0000	99.9421	40.1916	0.8230	0.8261	5.0000	17.5713	860.0409	94.9306	20.0824	22.7000	0.9300	0.9306	0.6783	0.0000	860.0000	865.8154	1.0285	2.4071	100.6623	39.3135	0.8230	0.8200	5.0000	-9999.0000	-9999.0000	-9999.0000	-9999.0000	-9999.0000	-9999.0000	18.8224	8	0	29.7329	1.0000	14	1	-9999.0000	42714	70651	-9999	2250	2150	-9999	583.5592	3	0.6783	0.6813	-0.0002	65.7188	3.0711	758.3538	336.9805	36.5509	733.8325	95.7407	784.5162	94.8380	789.8172	95.0463	795.3436	95.1157	
30/08/2017	02:14:04	019001	H375143683HLR	L375	S		733.6301	1.0311	0.0000	100.0051	39.7752	0.8230	0.8257	5.0000	17.1817	860.0532	94.8843	20.9624	22.6000	0.9300	0.9306	0.6781	0.0000	860.0000	866.0372	1.0285	2.3994	100.6278	39.3479	0.8230	0.8201	5.0000	-9999.0000	-9999.0000	-9999.0000	-9999.0000	-9999.0000	-9999.0000	18.8323	1	0	30.1939	1.0000	14	1	-9999.0000	42715	70652	-9999	2251	2151	-9999	583.4158	3	0.6781	0.6816	-0.0002	65.2604	3.1005	753.7336	329.8463	37.3611	730.0477	95.6944	779.0079	94.9074	785.5678	95.1157	789.9188	95.1157	
30/08/2017	02:14:37	019001	H375143670HLR	L375	S		742.5202	1.0311	0.0000	99.9844	39.7000	0.8230	0.8259	5.0000	18.3116	860.0483	94.8843	17.9318	22.6000	0.9300	0.9306	0.6780	0.0000	860.0000	864.3536	1.0285	2.4577	100.6336	39.3517	0.8230	0.8199	5.0000	-9999.0000	-9999.0000	-9999.0000	-9999.0000	-9999.0000	-9999.0000	18.7825	2	0	33.1037	1.0000	14	1	-9999.0000	42716	70653	-9999	2252	2152	-9999	583.2795	3	0.6780	0.6806	-0.0001	65.2487	3.0984	763.6583	335.8206	35.9954	739.4959	95.8796	789.8724	94.8148	795.8730	95.0000	801.3639	95.1157	
30/08/2017	02:15:14	019001	H375143673HLR	L375	S		745.9198	1.0311	0.0000	100.0172	40.1800	0.8230	0.8260	5.0000	18.1018	860.0923	94.9306	15.8524	22.6000	0.9300	0.9308	0.6780	0.0000	860.0000	863.4288	1.0285	2.4898	100.0589	39.2610	0.8230	0.8196	5.0000	-9999.0000	-9999.0000	-9999.0000	-9999.0000	-9999.0000	-9999.0000	21.1527	3	0	37.2347	1.0000	14	1	-9999.0000	42717	70654	-9999	2253	2153	-9999	583.2058	3	0.6780	0.6806	-0.0001	65.2487	3.0984	767.6827	328.1933	36.7593	742.6049	95.6019	796.7626	94.9306	802.6319	95.0000	807.9393	95.1157	
30/08/2017	02:15:47	019001	H375143696HLR	L375	S		742.3672	1.0311	0.0000	100.0167	39.9353	0.8230	0.8256	5.0000	17.3321	860.0655	94.9306	17.7726	22.6000	0.9300	0.9310	0.6776	0.0000	860.0000	864.4779	1.0285	2.4534	100.0630	39.3138	0.8230	0.8196	5.0000	-9999.0000	-9999.0000	-9999.0000	-9999.0000	-9999.0000	-9999.0000	20.5728	4	0	32.4432	1.0000	14	1	-9999.0000	42718	70655	-9999	2254	2154	-9999	583.0635	3	0.6776	0.6792	-0.0001	65.5896	3.0954	764.2856	334.1233	35.0000	739.8312	95.9722	792.5973	94.9074	798.3420	95.0231	803.2770	95.1620	
30/08/2017	02:16:16	019001	H375143692HLR	L375	S		738.0916	1.0311	0.0000	100.0284	39.6575	0.8230	0.8259	5.0000	17.3321	860.0482	94.8843	18.7317	22.8000	0.9300	0.9314	0.6774	0.0000	860.0000	864.7779	1.0285	2.4430	100.1214	39.3473	0.8230	0.8197	5.0000	-9999.0000	-9999.0000	-9999.0000	-9999.0000	-9999.0000	-9999.0000	18.8820	5	0	28.7036	1.0000	14	1	-9999.0000	42719	70656	-9999	2255	2155	-9999	582.8220	3	0.6774	0.6761	0.0001	67.1911	3.0183	762.5039	334.7437	35.1157	737.6173	96.0880	790.6829	94.7222	797.0681	95.1157	802.0596	95.1157	
30/08/2017	02:16:42	019001	H375143688HLR	L375	S		730.3908	1.0311	0.0000	99.9749	39.9922	0.8230	0.8267	5.0000	17.1914	860.0614	94.9074	21.1324	22.9000	0.9300	0.9316	0.6773	0.0000	860.0000	863.9668	1.0285	2.4711	99.5978	39.2548	0.8230	0.8194	5.0000	-9999.0000	-9999.0000	-9999.0000	-9999.0000	-9999.0000	-9999.0000	20.6018	6	0	26.6330	1.0000	14	1	-9999.0000	42720	70657	-9999	2256	2156	-9999	582.6591	3	0.6773	0.6761	0.0001	68.6599	2.9489	755.2057	339.2594	36.8056	731.6578	95.7407	780.1604	94.9074	785.9221	94.9537	791.0734	95.1389	
30/08/2017	02:17:08	019001	H375143681HLR	L375	S		715.4459	1.0311	0.0000	99.9541	40.1204	0.8230	0.8258	5.0000	17.9523	860.0526	94.9306	25.7530	23.0000	0.9300	0.9319	0.6771	0.0000	860.0000	865.9231	1.0285	2.4034	100.6531	39.3627	0.8230	0.8202	5.0000	-9999.0000	-9999.0000	-9999.0000	-9999.0000	-9999.0000	-9999.0000	18.7218	7	0	25.8827	1.0000	14	1	-9999.0000	42721	70658	-9999	2257	2157	-9999	582.5712	3	0.6771	0.6761	0.0001	68.6996	2.9438	746.2371	337.5158	35.7176	723.3677	96.1574	769.0993	94.9537	775.6805	95.0463	780.5415	95.0926	
30/08/2017	02:17:35	019001	H375143679HLR	L375	S		731.6136	1.0311	0.0000	100.0506	39.6774	0.8230	0.8258	5.0000	17.2217	860.0531	94.9074	20.4526	23.2000	0.9300	0.9320	0.6769	0.0000	860.0000	860.9387	1.0285	2.5760	100.2453	39.3910	0.8230	0.8199	5.0000	-9999.0000	-9999.0000	-9999.0000	-9999.0000	-9999.0000	-9999.0000	18.9317	8	0	26.5433	1.0000	14	1	-9999.0000	42722	70659	-9999	2258	2158	-9999	582.4130	3	0.6769	0.6761	0.0001	68.9421	2.9421	761.1943	332.7610	36.9676	736.0274	96.0417	783.1176	94.8380	788.5655	95.0231	793.7506	95.0926	
30/08/2017	02:18:00	019001	H375144985HLR	L375	S		738.6804	1.0311	0.0000	99.9770	40.0415	0.8230	0.8264	5.0000	17.8527	860.0915	94.9306	17.2423	23.3000	0.9300	0.9320	0.6769	0.0000	860.0000	857.3976	1.0285	2.6987	99.7174	39.2758	0.8230	0.8192	5.0000	-9999.0000	-9999.0000	-9999.0000	-9999.0000	-9999.0000	-9999.0000	22.7624	1	0	25.2529	1.0000	14	1	-9999.0000	42723	70660	-9999	2259	2159	-9999	582.2883	3	0.6769	0.6761	0.0001	68.9421	2.9421	766.8867	326.8858	37.4769	742.8733	95.7176	793.7493	94.8380	798.6345	95.0000	804.1317	95.1389	
30/08/2017	02:18:33	019001	H375144974HLR	L375	S		748.1239	1.0311	0.0000	99.9640	40.0772	0.8230	0.8259	5.0000	17.0616	860.0703	94.9769	14.6619	23.4000	0.9300	0.9321	0.6767	0.0000	860.0000	857.9896	1.0285	2.6782	99.9765	39.3451	0.8230	0.8196	5.0000	-9999.0000	-9999.0000	-9999.0000	-9999.0000	-9999.0000	-9999.0000	20.7826	2	0	32.7342	1.0000	14	1	-9999.0000	42724	70661	-9999	2260	2160	-9999	582.1094	3	0.6767	0.6761	0.0001	68.8759	2.9458	778.5705	334.6668	35.5324	755.2113	95.9954	804.6412	94.7685	811.1539	95.0926	816.2302	95.1620	
30/08/2017	02:19:06	019001	H375144991HLR	L375	S		749.1611	1.0311	0.0000	99.9822	39.6681	0.8230	0.8257	5.0000	17.1220	860.1062	95.0000	14.3913	23.5000	0.9300	0.9322	0.6766	0.0000	860.0000	859.1281	1.0285	2.6387	100.1224	39.3942	0.8230	0.8196	5.0000	-9999.0000	-9999.0000	-9999.0000	-9999.0000	-9999.0000	-9999.0000	20.6624	3	0	33.0235	1.0000	14	1	-9999.0000	42725	70662	-9999	2261	2161	-9999	581.9954	3	0.6766	0.6780	-0.0001	65.8936	3.1114	779.3251	332.6477	37.4769	754.7769	95.6250	806.1107	94.8148	811.0214	95.0463	816.7677	95.1620	
30/08/2017	02:19:39	019001	H375144994HLR	L375	S		748.1831	1.0311	0.0000	99.9996	39.8072	0.8230	0.8264	5.0000	17.1113	860.0488	94.9769	13.6422	23.6000	0.9300	0.9321	0.6765	0.0000	860.0000	856.7444	1.0285	2.7213	100.2804	39.3488	0.8230	0.8193	5.0000	-9999.0000	-9999.0000	-9999.0000	-9999.0000	-9999.0000	-9999.0000	20.6419	4	0	33.6142	1.0000	14	1	-9999.0000	42726	70663	-9999	2262	2161	-9999	581.9037	3	0.6765	0.6788	-0.0001	61.6953	3.3461	781.7647	336.3219	35.2315	757.2510	96.0880	807.8299	94.8843	814.1843	95.0694	819.1129	95.1620	
30/08/2017	02:20:10	019001	H375143691HLR	L375	S		747.7387	1.0311	0.0000	99.9577	40.1892	0.8230	0.8264	5.0000	17.0714	860.0593	95.0000	13.7917	23.6000	0.9300	0.9321	0.6765	0.0000	860.0000	855.7779	1.0285	2.7548	99.8824	39.3503	0.8230	0.8198	5.0000	-9999.0000	-9999.0000	-9999.0000	-9999.0000	-9999.0000	-9999.0000	18.7717	5	0	30.6946	1.0000	14	1	-9999.0000	42727	70664	-9999	2262	2162	-9999	581.9144	3	0.6765	0.6816	-0.0003	59.9987	3.4388	780.7768	333.2417	35.2778	756.7538	96.1111	806.1019	95.0231	813.1990	95.1157	818.6731	95.1157	
30/08/2017	02:20:43	019001	H375144987HLR	L375	S		734.8236	1.0311	0.0000	100.0263	39.9832	0.8230	0.8258	5.0000	17.0617	860.0397	94.9074	20.7124	23.6000	0.9300	0.9320	0.6765	0.0000	860.0000	859.5100	1.0285	2.6255	100.1376	39.3718	0.8230	0.8199	5.0000	-9999.0000	-9999.0000	-9999.0000	-9999.0000	-9999.0000	-9999.0000	18.7825	6	0	33.3931	1.0000	14	1	-9999.0000	42728	70665	-9999	2263	2163	-9999	581.8637	3	0.6765	0.6814	-0.0003	59.9202	3.4506	762.7590	332.4620	35.5093	740.0840	96.1111	785.2512	94.9537	791.3656	95.0926	795.3762	95.1389	
30/08/2017	02:21:14	019001	H375144983HLR	L375	S		728.7962	1.0311	0.0000	99.9564	39.6842	0.8230	0.8259	5.0000	17.1622	860.0643	94.9537	21.5523	23.6000	0.9300	0.9318	0.6765	0.0000	860.0000	859.8608	1.0285	2.6134	99.8685	39.3348	0.8230	0.8195	5.0000	-9999.0000	-9999.0000	-9999.0000	-9999.0000	-9999.0000	-9999.0000	20.1527	7	0	30.6940	1.0000	14	1	-9999.0000	42729	70666	-9999	2264	2164	-9999	581.9181	3	0.6765	0.6816	-0.0003	61.8054	3.3525	758.1575	338.7314	36.1574	735.6527	96.2269	782.7964	95.4167	788.8874	94.8611	794.2013	95.1389	
30/08/2017	02:24:42	019001	H375144977HLR	L375	S		727.7202	1.0311	0.0000	100.0477	40.0000	0.8230	0.8262	5.0000	18.3116	860.0743	94.9306	21.6832	23.7000	0.9300	0.9319	0.6766	0.0000	860.0000	859.7516	1.0285	2.6172	99.9478	39.3922	0.8230	0.8199	5.0000	-9999.0000	-9999.0000	-9999.0000	-9999.0000	-9999.0000	-9999.0000	18.8830	8	0	208.3241	1.0000	14	1	-9999.0000	42730	70667	-9999	2265	2164	-9999	581.9086	3	0.6766	0.6839	-0.0004	60.2335	3.4469	754.1401	336.4499	38.3333	730.3153	95.7176	780.3965	94.7917	785.8229	95.0694	790.6716	95.1157	
30/08/2017	02:25:15	019001	H375144973HLR	L375	S		734.7089	1.0311	0.0000	99.9636	40.0898	0.8230	0.8258	5.0000	17.3022	860.0661	94.9306	19.1722	23.7000	0.9300	0.9317	0.6765	0.0000	860.0000	857.2112	1.0285	2.7052	100.1175	39.3730	0.8230	0.8199	5.0000	-9999.0000	-9999.0000	-9999.0000	-9999.0000	-9999.0000	-9999.0000	18.7827	1	0	33.0234	1.0000	14	1	-9999.0000	42731	70668	-9999	2266	2165	-9999	581.9254	3	0.6765	0.6842	-0.0004	60.2326	3.4470	762.3587	329.0417	37.5694	738.6694	95.7870	787.1717	95.0231	793.4037	95.0463	798.3553	95.0926	
30/08/2017	02:25:47	019001	H375144979HLR	L375	S		726.2353	1.0311	0.0000	99.9484	39.6826	0.8230	0.8259	5.0000	17.1319	860.0563	94.9074	21.4224	23.7000	0.9300	0.9317	0.6764	0.0000	860.0000	857.3662	1.0285	2.6998	100.0474	39.1363	0.8230	0.8202	5.0000	-9999.0000	-9999.0000	-9999.0000	-9999.0000	-9999.0000	-9999.0000	18.4524	2	0	31.9638	1.0000	14	1	-9999.0000	42732	70669	-9999	2267	2166	-9999	581.8459	3	0.6764	0.6841	-0.0004	60.4318	3.4364	756.6656	331.1609	36.3194	734.2410	95.8796	780.3527	94.8380	786.1122	95.0463	790.7171	95.0926	
30/08/2017	02:26:16	019001	H375144957HLR	L375	S		734.6582	1.0311	0.0000	99.9478	39.9487	0.8230	0.8265	5.0000	17.3125	860.0454	94.9074	19.1927	23.8000	0.9300	0.9317	0.6763	0.0000	860.0000	858.0321	1.0285	2.6767	100.3579	39.3141	0.8230	0.8205	5.0000	-9999.0000	-9999.0000	-9999.0000	-9999.0000	-9999.0000	-9999.0000	18.5929	3	0	29.1439	1.0000	14	1	-9999.0000	42733	70670	-9999	2268	2167	-9999	581.7934	3	0.6763	0.6836	-0.0004	61.3837	3.3803	764.2962	330.6493	36.7593	740.3291	95.8565	788.2823	95.3704	794.4620	94.8380	799.8783	95.1389	
30/08/2017	02:26:49	019001	H375144963HLR	L375	S		732.8166	1.0311	0.0000	100.0041	40.1625	0.8230	0.8257	5.0000	17.7326	860.0608	94.9306	19.5521	23.8000	0.9300	0.9315	0.6763	0.0000	860.0000	857.7226	1.0285	2.6874	100.1790	39.3181	0.8230	0.8201	5.0000	-9999.0000	-9999.0000	-9999.0000	-9999.0000	-9999.0000	-9999.0000	18.3723	4	0	32.3436	1.0000	14	1	-9999.0000	42733	70671	-9999	2269	2168	-9999	581.7519	3	0.6763	0.6831	-0.0004	61.8127	3.3545	760.5375	328.3763	36.6435	736.6214	95.8333	786.8654	94.8843	792.9841	95.0463	798.3770	95.1157	
30/08/2017	02:27:20	019001	H375144970HLR	L375	S		736.7425	1.0311	0.0000	100.0659	39.6904	0.8230	0.8257	5.0000	17.2119	860.0778	94.9074	21.5621	23.9000	0.9300	0.9319	0.6764	0.0000	860.0000	860.4503	1.0285	2.5929	99.8169	39.2122	0.8230	0.8195	5.0000	-9999.0000	-9999.0000	-9999.0000	-9999.0000	-9999.0000	-9999.0000	20.2719	5	0	31.6736	1.0000	14	1	-9999.0000	42734	70672	-9999	2270	2169	-9999	581.7379	3	0.6764	0.6825	-0.0003	62.2157	3.3320	763.8190	286.9511	36.3426	740.0165	95.8102	788.3079	94.9074	795.7065	95.0463	799.3652	95.0926	
30/08/2017	02:27:46	019001	H375144951HLR	L375	S		737.1927	1.0311	0.0000	99.9832	39.4114	0.8230	0.8254	5.0000	17.2724	860.0410	94.9074	20.0727	23.9000	0.9300	0.9315	0.6765	0.0000	860.0000	858.9628	1.0285	2.6445	100.3554	39.3223	0.8230	0.8201	5.0000	-9999.0000	-9999.0000	-9999.0000	-9999.0000	-9999.0000	-9999.0000	18.6125	6	0	25.4933	1.0000	14	1	-9999.0000	42735	70673	-9999	2271	2170	-9999	581.7863	3	0.6765	0.6826	-0.0003	62.0614	3.3380	764.8990	337.9903	37.0370	741.1935	95.9259	790.3006	94.8611	795.8259	95.0926	800.6666	95.1157	
30/08/2017	02:28:19	019001	H375145049HLR	L375	S		735.3554	1.0311	0.0000	99.9442	39.8874	0.8230	0.8265	5.0000	18.8724	860.0476	94.9306	17.6017	23.9000	0.9300	0.9315	0.6765	0.0000	860.0000	855.7729	1.0285	2.7550	100.0104	39.3068	0.8230	0.8199	5.0000	-9999.0000	-9999.0000	-9999.0000	-9999.0000	-9999.0000	-9999.0000	18.6623	7	0	32.6533	1.0000	14	1	-9999.0000	42736	70674	-9999	2272	2171	-9999	581.8683	3	0.6765	0.6826	-0.0003	63.2736	3.2602	765.2882	336.7135	37.1528	742.2739	95.7176	790.5926	94.9769	797.9408	95.0231	803.3595	95.1157	
30/08/2017	02:29:02	019001	H375142583HLR	L375	S		0.0000	0.0000	0.0000	0.0000	0.0000	0.8230	0.0000	0.0000	0.0000	0.0000	0.0000	0.0000	0.0000	0.9300	0.0000	0.0000	0.0000	0.0000	0.0000	0.0000	0.0000	0.0000	0.0000	0.8230	0.0000	0.0000	0.0000	0.0000	0.0000	0.0000	0.0000	0.0000	0.0000	0	42	32.6533	1.0000	14	1	0.0000	0	0	0	0	0	0	0.0000	0	0.0000	0.0000	0.0000	0.0000	0.0000	0.0000	0.0000	0.0000	0.0000	0.0000	0.0000	0.0000	0.0000	0.0000	0.0000	0.0000	
30/08/2017	02:29:22	019001	H375145090HLR	L375	S		730.6198	1.0311	0.0000	99.9539	40.3854	0.8230	0.8261	5.0000	17.3214	860.0801	94.9074	20.3920	23.9000	0.9300	0.9314	0.6765	0.0000	860.0000	857.3975	1.0285	2.6987	99.8922	39.2497	0.8230	0.8196	5.0000	-9999.0000	-9999.0000	-9999.0000	-9999.0000	-9999.0000	-9999.0000	20.5827	8	0	63.4975	1.0000	14	1	-9999.0000	42737	70675	-9999	2273	2172	-9999	581.9288	3	0.6765	0.6824	-0.0003	63.3473	3.2514	760.3290	336.6827	36.0417	736.3282	95.9722	783.7278	94.8843	789.9825	95.0694	795.0281	95.0926	
30/08/2017	02:29:54	019001	H375145094HLR	L375	S		728.9708	1.0311	0.0000	99.9533	39.6234	0.8230	0.8249	5.0000	18.7621	860.0706	94.8843	20.2016	23.9000	0.9300	0.9314	0.6765	0.0000	860.0000	856.8087	1.0285	2.7191	99.9924	39.3801	0.8230	0.8200	5.0000	-9999.0000	-9999.0000	-9999.0000	-9999.0000	-9999.0000	-9999.0000	18.6419	1	0	31.9737	1.0000	14	1	-9999.0000	42738	70676	-9999	2274	2173	-9999	581.8829	3	0.6765	0.6823	-0.0003	64.3814	3.1835	760.6645	328.6028	36.8750	737.7234	95.8796	784.6500	94.8611	790.3942	95.0694	795.5490	95.1389	
30/08/2017	02:30:58	019001	H375143045HLR	L375	S		729.5692	1.0311	0.0000	100.0279	40.3389	0.8230	0.8261	5.0000	17.9825	860.0647	94.8843	21.1626	23.9000	0.9300	0.9317	0.6767	0.0000	860.0000	860.5600	1.0285	2.5891	99.9410	39.1266	0.8230	0.8201	5.0000	-9999.0000	-9999.0000	-9999.0000	-9999.0000	-9999.0000	-9999.0000	18.5714	3	0	33.2843	1.0000	14	1	-9999.0000	42740	70677	-9999	2276	2174	-9999	581.9645	3	0.6767	0.6825	-0.0003	65.0075	3.1377	757.7368	315.5855	35.4398	734.0444	96.0648	783.5637	94.8148	790.6582	95.0463	796.3394	95.1157	
30/08/2017	02:31:30	019001	H375142978HLR	L375	S		730.9099	1.0311	0.0000	99.9810	39.9749	0.8230	0.8256	5.0000	17.2725	860.0557	94.8843	20.5825	23.9000	0.9300	0.9314	0.6767	0.0000	860.0000	860.9221	1.0285	2.5766	100.2098	39.3717	0.8230	0.8206	5.0000	-9999.0000	-9999.0000	-9999.0000	-9999.0000	-9999.0000	-9999.0000	18.5620	4	0	32.2839	1.0000	14	1	-9999.0000	42741	70678	-9999	2277	2174	-9999	582.0105	3	0.6767	0.6825	-0.0003	65.0666	3.1316	763.2498	331.5218	35.4398	739.8799	95.9491	788.9193	94.8611	794.0510	95.0231	799.1341	95.1157	
30/08/2017	02:32:01	019001	H375143030HLR	L375	S		731.5785	1.0311	0.0000	99.9630	39.6000	0.8230	0.8261	5.0000	17.2715	860.0316	94.8843	20.5024	23.9000	0.9300	0.9317	0.6767	0.0000	860.0000	860.5340	1.0285	2.5900	99.9928	39.3768	0.8230	0.8198	5.0000	-9999.0000	-9999.0000	-9999.0000	-9999.0000	-9999.0000	-9999.0000	18.6720	5	0	30.8342	1.0000	14	1	-9999.0000	42742	70679	-9999	2278	2175	-9999	582.0514	3	0.6767	0.6825	-0.0003	65.0666	3.1316	756.8971	310.6598	36.9907	731.9897	95.8565	785.8849	94.8380	792.5716	95.0231	798.6839	95.1157	
30/08/2017	02:32:32	019001	H375142999HLR	L375	S		738.5073	1.0311	0.0000	100.0486	40.1657	0.8230	0.8257	5.0000	17.1221	860.0525	94.8843	18.4231	24.0000	0.9300	0.9314	0.6768	0.0000	860.0000	860.3275	1.0285	2.5972	100.1174	39.2641	0.8230	0.8199	5.0000	-9999.0000	-9999.0000	-9999.0000	-9999.0000	-9999.0000	-9999.0000	18.5228	6	0	31.0530	1.0000	14	1	-9999.0000	42743	70680	-9999	2279	2176	-9999	582.0721	3	0.6768	0.6825	-0.0003	65.3005	3.1184	766.1627	335.0493	35.7176	741.3181	96.1806	792.8959	94.7917	799.0219	95.0463	804.6301	95.1389	
30/08/2017	02:33:03	019001	H375143035HLR	L375	S		729.6521	1.0311	0.0000	99.9736	39.4000	0.8230	0.8258	5.0000	17.2717	860.0510	94.9306	21.7819	23.9000	0.9300	0.9313	0.6767	0.0000	860.0000	861.0633	1.0285	2.5717	100.1730	39.3106	0.8230	0.8201	5.0000	-9999.0000	-9999.0000	-9999.0000	-9999.0000	-9999.0000	-9999.0000	18.5217	7	0	31.3337	1.0000	14	1	-9999.0000	42744	70681	-9999	2280	2177	-9999	582.1042	3	0.6767	0.6829	-0.0003	64.8768	3.1408	757.6703	333.2987	35.8102	734.2388	96.0185	782.8762	94.9074	789.3896	95.0000	794.5118	95.1157	
