Data	Timp	Nr. masina	Nr. de serie	Tip	Productie	Comentariu	Pre-masurare Q [ml/min]	Pre-masurare Gain	Pre-masurare Offset Master	Pre-masurare P [bar]	Pre-masurare T [°C]	Pre-masurare Densitate fixa [kg/l]	Pre-masurare densitate masurata [kg/l]	Pre-masurare Timp masurare [s]	Pre-masurare Cycle time [s]	rectificare Q Oprire [ml/min]	rectificare P Oprire [bar]	rectificare Timp rectificare [s]	rectificare T [°C]	rectificare Densitate fixa [kg/l]	rectificare densitate masurata [kg/l]	rectificare Factor de masurare la rectificare	rectificare Factor de corectie a debitului	rectificare Target rectificare	Masurare Q [ml/min]	Masurare Gain	Masurare Offset Master	Masurare P [bar]	Masurare T [°C]	Masurare Densitate fixa [kg/l]	Masurare densitate masurata [kg/l]	Masurare Timp masurare [s]	Masurare Q [ml/min]	Masurare Delta Q [ml/min]	Masurare P [bar]	Masurare BP [bar]	Masurare T [°C]	Masurare Timp masurare [s]	Masurare Cycle time [s]	Nest Nr.	Cod de descarcare	Cycle time [s]	Traceability aktiv	EDM Maschine Nr	EDM Spindle Nr	Honing Rate [r	Station Counter Premeasure	Station Counter Grind	Station Counter Blowout 1	Station Counter Wash	Station Counter Measure	Station Counter Blowout 2	RealGrindQStop	Reg Type	Factor 0	Factor 1	Factor 2	Factor 3	Factor 4	G_StartQV	G_StartQV_1	G_StartQV_2	G_StartQV_3	G_StartQV_4	G_StartQV_5	
18/08/2017	00:00:17	019001	H374075766HLR	L374	S		652.9899	1.0311	0.0000	99.9474	39.4500	0.8230	0.8252	5.0000	17.3321	761.0789	94.9537	16.6925	24.4000	0.9300	0.9362	0.6653	-0.0008	761.0000	761.8112	1.0285	-1.0295	100.1504	38.9319	0.8230	0.8185	5.0000	-9999.0000	-9999.0000	-9999.0000	-9999.0000	-9999.0000	-9999.0000	18.4818	2	0	26.5434	1.0000	03	2	-9999.0000	15804	44800	-9999	2536	2492	-9999	496.3614	5	0.6531	0.6653	-0.0008	68.3441	2.3969	664.7412	294.4787	35.5324	644.6417	95.8796	686.9392	94.7685	693.3707	95.1620	698.5830	95.1157	
18/08/2017	00:00:48	019001	H374075759HLR	L374	S		653.8804	1.0311	0.0000	100.0042	39.4493	0.8230	0.8253	5.0000	17.0328	761.0708	94.9537	16.7921	24.3000	0.9300	0.9360	0.6686	-0.0010	761.0000	762.0762	1.0285	-1.0130	100.0166	38.9873	0.8230	0.8192	5.0000	-9999.0000	-9999.0000	-9999.0000	-9999.0000	-9999.0000	-9999.0000	18.4923	3	0	30.1432	1.0000	03	2	-9999.0000	15805	44801	-9999	2537	2492	-9999	496.4764	5	0.6532	0.6686	-0.0010	70.6181	2.2547	666.0310	305.8231	35.9722	645.1098	95.5787	687.2611	94.9074	694.9815	95.1157	699.0890	95.1157	
18/08/2017	00:01:16	019001	H374075777HLR	L374	S		660.2269	1.0311	0.0000	99.9902	39.4500	0.8230	0.8252	5.0000	17.1613	761.0828	94.9306	14.0515	24.3000	0.9300	0.9361	0.6686	-0.0010	761.0000	762.4025	1.0285	-0.9927	100.1089	39.0661	0.8230	0.8193	5.0000	-9999.0000	-9999.0000	-9999.0000	-9999.0000	-9999.0000	-9999.0000	18.4052	4	0	28.4638	1.0000	03	2	-9999.0000	15806	44802	-9999	2538	2493	-9999	498.5441	5	0.6532	0.6686	-0.0010	70.6181	2.2547	673.9677	307.3024	34.8843	652.7861	95.4861	695.6576	94.7454	703.2694	95.2315	708.1621	95.0926	
18/08/2017	00:01:45	019001	H374075769HLR	L374	S		649.7863	1.0311	0.0000	100.0032	39.4334	0.8230	0.8253	5.0000	17.0822	761.1140	95.0000	19.5219	24.3000	0.9300	0.9361	0.6694	-0.0010	761.0000	762.8497	1.0285	-0.9648	99.9812	39.0732	0.8230	0.8189	5.0000	-9999.0000	-9999.0000	-9999.0000	-9999.0000	-9999.0000	-9999.0000	18.6115	5	0	28.9232	1.0000	03	2	-9999.0000	15807	44803	-9999	2539	2494	-9999	494.5119	5	0.6529	0.6694	-0.0010	69.9862	2.2980	654.2250	294.8770	36.6204	632.8242	95.5787	675.4750	95.0463	681.7049	95.0463	685.9606	95.2083	
18/08/2017	00:02:12	019001	H374075778HLR	L374	S		659.6238	1.0311	0.0000	100.0219	39.4446	0.8230	0.8253	5.0000	17.1817	761.1677	94.9306	14.3719	24.3000	0.9300	0.9359	0.6694	-0.0010	761.0000	762.1149	1.0285	-1.0106	100.0309	39.0422	0.8230	0.8189	5.0000	-9999.0000	-9999.0000	-9999.0000	-9999.0000	-9999.0000	-9999.0000	18.5618	6	0	27.4342	1.0000	03	2	-9999.0000	15807	44803	-9999	2540	2495	-9999	498.3773	5	0.6529	0.6694	-0.0010	69.9862	2.2980	670.3061	298.5574	36.4815	649.4089	95.3704	692.9365	94.7917	701.9099	95.2083	706.9738	95.1157	
18/08/2017	00:02:40	019001	H374075786HLR	L374	S		658.2966	1.0311	0.0000	100.0755	39.4391	0.8230	0.8246	5.0000	18.9914	761.0569	94.9537	18.5121	24.3000	0.9300	0.9361	0.6667	-0.0009	761.0000	766.1801	1.0285	-0.7572	99.7555	39.0448	0.8230	0.8189	5.0000	-9999.0000	-9999.0000	-9999.0000	-9999.0000	-9999.0000	-9999.0000	18.6020	7	0	27.2426	1.0000	03	2	-9999.0000	15808	44804	-9999	2541	2496	-9999	494.9050	5	0.6527	0.6667	-0.0009	67.5994	2.4354	665.4448	304.3749	36.6204	645.4610	95.6019	684.7656	94.7454	691.7611	95.1389	697.6342	95.1852	
18/08/2017	00:03:07	019001	H374075779HLR	L374	S		654.8679	1.0311	0.0000	100.0163	39.4456	0.8230	0.8250	5.0000	18.1722	761.0645	94.9537	16.3526	24.3000	0.9300	0.9360	0.6667	-0.0009	761.0000	761.8166	1.0285	-1.0292	99.8167	39.0627	0.8230	0.8190	5.0000	-9999.0000	-9999.0000	-9999.0000	-9999.0000	-9999.0000	-9999.0000	18.4328	8	0	27.7034	1.0000	03	2	-9999.0000	15809	44805	-9999	2542	2497	-9999	496.5992	5	0.6527	0.6667	-0.0009	67.5994	2.4354	666.3138	301.0576	35.9028	645.3853	95.4861	687.1783	94.6991	694.4233	95.2083	699.8212	95.1389	
18/08/2017	00:03:36	019001	H374075784HLR	L374	S		649.4094	1.0311	0.0000	99.9544	39.4965	0.8230	0.8252	5.0000	17.2120	761.0753	94.9537	17.3723	24.3000	0.9300	0.9361	0.6679	-0.0010	761.0000	759.4942	1.0285	-1.1739	100.0735	39.0735	0.8230	0.8190	5.0000	-9999.0000	-9999.0000	-9999.0000	-9999.0000	-9999.0000	-9999.0000	18.4524	1	0	28.2538	1.0000	03	2	-9999.0000	15810	44806	-9999	2543	2498	-9999	495.6420	5	0.6522	0.6679	-0.0010	72.6516	2.1216	658.9188	294.5056	36.2269	638.2807	95.6250	679.5828	94.7222	686.5526	95.1620	692.0993	95.1852	
18/08/2017	00:04:00	019001	error reading	L374	S		0.0000	0.0000	0.0000	0.0000	0.0000	0.8230	0.0000	0.0000	0.0000	0.0000	0.0000	0.0000	0.0000	0.9300	0.0000	0.0000	0.0000	0.0000	0.0000	0.0000	0.0000	0.0000	0.0000	0.8230	0.0000	0.0000	0.0000	0.0000	0.0000	0.0000	0.0000	0.0000	0.0000	0	28	28.2538	1.0000	03	4	0.0000	0	0	0	0	0	0	0.0000	0	0.0000	0.0000	0.0000	0.0000	0.0000	0.0000	0.0000	0.0000	0.0000	0.0000	0.0000	0.0000	0.0000	0.0000	0.0000	0.0000	
18/08/2017	00:06:55	019001	H374075789HLR	L374	S		655.5460	1.0311	0.0000	100.0305	39.4459	0.8230	0.8249	5.0000	18.0323	761.0683	94.8843	15.3114	24.3000	0.9300	0.9361	0.6679	-0.0010	761.0000	761.2119	1.0285	-1.0669	99.9079	39.0699	0.8230	0.8189	5.0000	-9999.0000	-9999.0000	-9999.0000	-9999.0000	-9999.0000	-9999.0000	18.5715	2	0	199.8144	1.0000	03	2	-9999.0000	15811	44807	-9999	2544	2499	-9999	497.1988	5	0.6522	0.6679	-0.0010	72.6516	2.1216	666.8386	292.8957	35.5556	645.3336	95.3935	689.5397	94.8380	697.5296	95.1852	703.2741	95.1620	
18/08/2017	00:07:21	019001	H374075799HLR	L374	S		655.9737	1.0311	0.0000	100.0495	39.4500	0.8230	0.8252	5.0000	17.2217	761.0715	94.9306	15.6914	24.3000	0.9300	0.9359	0.6684	-0.0010	761.0000	761.4577	1.0285	-1.0515	99.9152	39.0691	0.8230	0.8189	5.0000	-9999.0000	-9999.0000	-9999.0000	-9999.0000	-9999.0000	-9999.0000	18.6419	3	0	25.8636	1.0000	03	2	-9999.0000	15812	44808	-9999	2544	2500	-9999	496.9077	5	0.6516	0.6684	-0.0010	72.2526	2.1408	668.3183	306.0811	37.0602	648.3790	95.4167	688.7226	94.8611	696.4457	95.1620	701.3328	95.1389	
18/08/2017	00:07:47	019001	H374075875HLR	L374	S		657.3462	1.0311	0.0000	99.9418	39.4532	0.8230	0.8251	5.0000	17.4220	761.1062	94.9306	15.6015	24.3000	0.9300	0.9360	0.6683	-0.0010	761.0000	761.6870	1.0285	-1.0372	100.1220	38.8466	0.8230	0.8191	5.0000	-9999.0000	-9999.0000	-9999.0000	-9999.0000	-9999.0000	-9999.0000	18.5023	4	0	25.6136	1.0000	03	2	-9999.0000	15813	44809	-9999	2545	2501	-9999	496.9644	5	0.6515	0.6683	-0.0010	72.0304	2.1557	668.7527	298.5614	35.6713	648.1821	95.5093	688.5298	94.8148	695.7871	95.1620	700.8934	95.1389	
18/08/2017	00:08:15	019001	H374075843HLR	L374	S		651.4400	1.0311	0.0000	100.0030	39.4692	0.8230	0.8252	5.0000	17.2718	761.1202	94.9769	16.6925	24.3000	0.9300	0.9361	0.6693	-0.0011	761.0000	760.6346	1.0285	-1.1028	100.0360	38.9565	0.8230	0.8197	5.0000	-9999.0000	-9999.0000	-9999.0000	-9999.0000	-9999.0000	-9999.0000	18.3519	5	0	27.8031	1.0000	03	2	-9999.0000	15814	44810	-9999	2546	2502	-9999	496.3286	5	0.6517	0.6693	-0.0011	73.9788	2.0334	663.6978	312.5926	37.1528	642.8446	95.4630	683.5270	94.9769	691.6516	94.8380	695.6184	95.1620	
18/08/2017	00:08:42	019001	H374075830HLR	L374	S		654.8660	1.0311	0.0000	100.0302	39.4871	0.8230	0.8252	5.0000	17.0718	761.1323	94.8843	15.4120	24.4000	0.9300	0.9361	0.6693	-0.0011	761.0000	760.3212	1.0285	-1.1224	99.9680	39.0525	0.8230	0.8194	5.0000	-9999.0000	-9999.0000	-9999.0000	-9999.0000	-9999.0000	-9999.0000	18.4621	6	0	27.0834	1.0000	03	2	-9999.0000	15815	44811	-9999	2547	2503	-9999	496.9648	5	0.6517	0.6693	-0.0011	73.9788	2.0334	666.8286	293.6142	34.1435	645.2213	95.5093	687.6364	94.7917	695.2838	95.1620	701.1445	95.1620	
18/08/2017	00:09:08	019001	H374074906HLR	L374	S		658.1356	1.0311	0.0000	99.9395	39.4548	0.8230	0.8251	5.0000	17.1818	761.1110	94.9537	14.3318	24.5000	0.9300	0.9363	0.6695	-0.0011	761.0000	761.6395	1.0285	-1.0402	99.7761	39.0457	0.8230	0.8190	5.0000	-9999.0000	-9999.0000	-9999.0000	-9999.0000	-9999.0000	-9999.0000	18.4026	7	0	26.4124	1.0000	03	4	-9999.0000	15816	44812	-9999	2548	2504	-9999	497.8690	5	0.6516	0.6695	-0.0011	72.9350	2.0972	671.3638	297.8610	37.1065	649.6476	96.1343	690.6705	94.9306	698.4061	94.9537	705.1566	95.0694	
18/08/2017	00:09:36	019001	H374074899HLR	L374	S		659.9564	1.0311	0.0000	99.9573	39.2500	0.8230	0.8253	5.0000	17.2229	761.1043	94.9074	13.3024	24.3000	0.9300	0.9361	0.6693	-0.0011	761.0000	760.9909	1.0285	-1.0806	100.1480	39.0108	0.8230	0.8190	5.0000	-9999.0000	-9999.0000	-9999.0000	-9999.0000	-9999.0000	-9999.0000	18.5024	8	0	27.8238	1.0000	03	4	-9999.0000	15817	44813	-9999	2549	2504	-9999	498.6377	5	0.6517	0.6693	-0.0011	72.7872	2.0912	674.2585	298.6227	36.7593	653.3319	95.6019	696.2897	94.8380	704.5437	95.0926	710.1049	95.1389	
18/08/2017	00:10:02	019001	H374074893HLR	L374	S		659.0766	1.0311	0.0000	100.0331	39.3494	0.8230	0.8257	5.0000	17.2892	761.0575	94.9537	16.3018	24.3000	0.9300	0.9361	0.6704	-0.0011	761.0000	764.8308	1.0285	-0.8413	99.9142	39.0122	0.8230	0.8190	5.0000	-9999.0000	-9999.0000	-9999.0000	-9999.0000	-9999.0000	-9999.0000	18.4914	1	0	26.2935	1.0000	03	4	-9999.0000	15818	44814	-9999	2550	2505	-9999	496.2343	5	0.6518	0.6704	-0.0011	74.0988	2.0170	671.9724	298.5239	35.8333	650.9981	95.8102	693.8865	94.8380	701.0648	95.0926	706.7068	95.1620	
18/08/2017	00:10:29	019001	H374074890HLR	L374	S		654.9422	1.0311	0.0000	99.9818	39.4866	0.8230	0.8256	5.0000	17.1818	761.0955	94.8843	15.0116	24.3000	0.9300	0.9361	0.6704	-0.0011	761.0000	761.3607	1.0285	-1.0576	99.9514	39.0366	0.8230	0.8190	5.0000	-9999.0000	-9999.0000	-9999.0000	-9999.0000	-9999.0000	-9999.0000	18.4660	2	0	26.6158	1.0000	03	4	-9999.0000	15819	44815	-9999	2551	2506	-9999	497.4423	5	0.6518	0.6704	-0.0011	74.0988	2.0170	666.0500	300.0836	33.8889	644.8404	95.6944	687.7654	94.8380	696.2358	95.1620	701.1651	95.1157	
18/08/2017	00:10:53	019001	error reading	L374	S		0.0000	0.0000	0.0000	0.0000	0.0000	0.8230	0.0000	0.0000	0.0000	0.0000	0.0000	0.0000	0.0000	0.9300	0.0000	0.0000	0.0000	0.0000	0.0000	0.0000	0.0000	0.0000	0.0000	0.8230	0.0000	0.0000	0.0000	0.0000	0.0000	0.0000	0.0000	0.0000	0.0000	0	28	26.6158	1.0000	03	4	0.0000	0	0	0	0	0	0	0.0000	0	0.0000	0.0000	0.0000	0.0000	0.0000	0.0000	0.0000	0.0000	0.0000	0.0000	0.0000	0.0000	0.0000	0.0000	0.0000	0.0000	
18/08/2017	00:11:15	019001	H374075056HLR	L374	S		657.1109	1.0311	0.0000	100.0161	39.4500	0.8230	0.8251	5.0000	17.3127	761.1014	94.9306	14.9022	24.3000	0.9300	0.9361	0.6613	-0.0005	761.0000	761.2620	1.0285	-1.0637	99.8885	39.0424	0.8230	0.8190	5.0000	-9999.0000	-9999.0000	-9999.0000	-9999.0000	-9999.0000	-9999.0000	18.5823	3	0	46.5728	1.0000	03	4	-9999.0000	15820	44816	-9999	2552	2507	-9999	497.3290	5	0.6523	0.6613	-0.0005	68.8217	2.3661	674.6196	313.0944	36.9676	654.1563	95.4398	696.0830	94.8843	704.1762	95.0694	708.4196	95.1157	
18/08/2017	00:11:42	019001	H374075064HLR	L374	S		653.1554	1.0311	0.0000	100.0306	39.3924	0.8230	0.8248	5.0000	18.4319	761.1204	94.9074	15.7519	24.3000	0.9300	0.9361	0.6640	-0.0007	761.0000	761.7571	1.0285	-1.0329	100.0122	39.0588	0.8230	0.8190	5.0000	-9999.0000	-9999.0000	-9999.0000	-9999.0000	-9999.0000	-9999.0000	18.4426	4	0	26.5733	1.0000	03	4	-9999.0000	15821	44817	-9999	2553	2508	-9999	497.0389	5	0.6525	0.6640	-0.0007	71.8405	2.1818	668.2369	315.3919	37.1528	646.6562	95.3704	689.8231	94.8148	696.8102	95.1157	701.8496	95.1389	
18/08/2017	00:12:08	019001	H374075061HLR	L374	S		655.3331	1.0311	0.0000	99.9581	39.4000	0.8230	0.8254	5.0000	17.2022	761.0812	94.9074	14.7821	24.3000	0.9300	0.9360	0.6640	-0.0007	761.0000	761.6767	1.0285	-1.0379	99.9327	38.9864	0.8230	0.8185	5.0000	-9999.0000	-9999.0000	-9999.0000	-9999.0000	-9999.0000	-9999.0000	18.5324	5	0	25.9729	1.0000	03	4	-9999.0000	15822	44818	-9999	2554	2509	-9999	497.5181	5	0.6527	0.6640	-0.0007	72.9316	2.1016	671.5243	300.1124	36.7130	650.3695	95.4398	694.1535	94.9769	701.3030	95.0231	706.8040	95.1852	
18/08/2017	00:12:35	019001	H374075069HLR	L374	S		657.9072	1.0311	0.0000	99.9649	39.4500	0.8230	0.8253	5.0000	17.2251	761.1001	94.9074	14.5516	24.3000	0.9300	0.9360	0.6630	-0.0006	761.0000	761.6358	1.0285	-1.0404	99.9516	38.9873	0.8230	0.8193	5.0000	-9999.0000	-9999.0000	-9999.0000	-9999.0000	-9999.0000	-9999.0000	18.5422	6	0	26.7836	1.0000	03	4	-9999.0000	15823	44819	-9999	2555	2510	-9999	497.6645	5	0.6528	0.6630	-0.0006	73.2333	2.0961	675.9373	307.8592	37.6157	655.1063	95.3009	697.4028	94.7917	703.9018	95.1620	708.6066	95.1620	
18/08/2017	00:12:59	019001	error reading	L374	S		0.0000	0.0000	0.0000	0.0000	0.0000	0.8230	0.0000	0.0000	0.0000	0.0000	0.0000	0.0000	0.0000	0.9300	0.0000	0.0000	0.0000	0.0000	0.0000	0.0000	0.0000	0.0000	0.0000	0.8230	0.0000	0.0000	0.0000	0.0000	0.0000	0.0000	0.0000	0.0000	0.0000	0	28	26.7836	1.0000	03	4	0.0000	0	0	0	0	0	0	0.0000	0	0.0000	0.0000	0.0000	0.0000	0.0000	0.0000	0.0000	0.0000	0.0000	0.0000	0.0000	0.0000	0.0000	0.0000	0.0000	0.0000	
18/08/2017	00:13:20	019001	H374075073HLR	L374	S		657.5963	1.0311	0.0000	99.9664	39.4500	0.8230	0.8251	5.0000	17.5999	761.0759	94.9074	14.6922	24.4000	0.9300	0.9362	0.6655	-0.0008	761.0000	761.3434	1.0285	-1.0587	99.9732	39.0804	0.8230	0.8192	5.0000	-9999.0000	-9999.0000	-9999.0000	-9999.0000	-9999.0000	-9999.0000	18.6516	7	0	45.5155	1.0000	03	4	-9999.0000	15824	44820	-9999	2556	2511	-9999	497.5408	5	0.6529	0.6655	-0.0008	76.1301	1.8929	674.2218	312.0006	36.5741	653.6286	95.3935	694.3061	94.7917	701.8968	95.1157	706.6685	95.1852	
18/08/2017	00:13:46	019001	H374075086HLR	L374	S		658.1280	1.0311	0.0000	99.9630	39.4500	0.8230	0.8253	5.0000	17.1613	761.1394	94.9306	14.5018	24.5000	0.9300	0.9363	0.6677	-0.0010	761.0000	760.7587	1.0285	-1.0951	99.9561	39.1088	0.8230	0.8190	5.0000	-9999.0000	-9999.0000	-9999.0000	-9999.0000	-9999.0000	-9999.0000	18.5824	8	0	26.2132	1.0000	03	4	-9999.0000	15825	44821	-9999	2556	2512	-9999	497.7246	5	0.6528	0.6677	-0.0010	73.7236	2.0683	671.1825	311.1994	37.8472	650.4683	95.6250	692.3068	94.7454	699.9050	95.1620	705.7123	95.1389	
18/08/2017	00:14:13	019001	H374075099HLR	L374	S		659.2945	1.0311	0.0000	100.0414	39.3956	0.8230	0.8249	5.0000	17.1524	761.0825	94.9074	14.5116	24.4000	0.9300	0.9362	0.6646	-0.0007	761.0000	761.6851	1.0285	-1.0374	100.1463	39.0026	0.8230	0.8184	5.0000	-9999.0000	-9999.0000	-9999.0000	-9999.0000	-9999.0000	-9999.0000	18.4926	1	0	26.1633	1.0000	03	4	-9999.0000	15826	44822	-9999	2557	2513	-9999	497.5818	5	0.6529	0.6646	-0.0007	74.5986	2.0314	675.0699	309.0290	35.5556	654.3152	95.6250	697.2892	94.7222	704.6045	95.1852	710.4974	95.1389	
18/08/2017	00:14:38	019001	H374075097HLR	L374	S		658.0854	1.0311	0.0000	100.0108	39.3500	0.8230	0.8253	5.0000	17.1621	761.1089	94.9074	14.6913	24.4000	0.9300	0.9362	0.6626	-0.0006	761.0000	761.8094	1.0285	-1.0296	99.9138	39.0064	0.8230	0.8191	5.0000	-9999.0000	-9999.0000	-9999.0000	-9999.0000	-9999.0000	-9999.0000	18.4221	2	0	25.6038	1.0000	03	4	-9999.0000	15827	44823	-9999	2558	2514	-9999	497.4829	5	0.6530	0.6626	-0.0006	69.8976	2.3577	675.5308	307.7903	34.6991	654.9475	95.7176	697.4275	94.6991	704.4905	95.2083	709.8081	95.1389	
18/08/2017	00:15:03	019001	H374075082HLR	L374	S		657.8671	1.0311	0.0000	99.9277	39.4835	0.8230	0.8254	5.0000	17.2413	761.0907	94.9306	14.3524	24.4000	0.9300	0.9363	0.6681	-0.0010	761.0000	761.8389	1.0285	-1.0278	99.9090	39.0891	0.8230	0.8192	5.0000	-9999.0000	-9999.0000	-9999.0000	-9999.0000	-9999.0000	-9999.0000	18.5022	3	0	25.2325	1.0000	03	4	-9999.0000	15828	44824	-9999	2559	2515	-9999	497.7473	5	0.6531	0.6681	-0.0010	76.8099	1.8575	670.3864	299.9865	34.8611	649.2108	95.6944	692.9364	94.6991	701.1358	95.1157	706.2797	95.1157	
18/08/2017	00:15:28	019001	error reading	L374	S		0.0000	0.0000	0.0000	0.0000	0.0000	0.8230	0.0000	0.0000	0.0000	0.0000	0.0000	0.0000	0.0000	0.9300	0.0000	0.0000	0.0000	0.0000	0.0000	0.0000	0.0000	0.0000	0.0000	0.8230	0.0000	0.0000	0.0000	0.0000	0.0000	0.0000	0.0000	0.0000	0.0000	0	28	25.2325	1.0000	03	4	0.0000	0	0	0	0	0	0	0.0000	0	0.0000	0.0000	0.0000	0.0000	0.0000	0.0000	0.0000	0.0000	0.0000	0.0000	0.0000	0.0000	0.0000	0.0000	0.0000	0.0000	
18/08/2017	00:20:07	019001	H374075093HLR	L374	S		666.7768	1.0311	0.0000	99.9990	39.5351	0.8230	0.8252	5.0000	17.1612	761.0335	94.9306	13.8416	24.5000	0.9300	0.9361	0.6699	-0.0011	761.0000	762.7245	1.0285	-0.9726	100.0389	39.1116	0.8230	0.8190	5.0000	-9999.0000	-9999.0000	-9999.0000	-9999.0000	-9999.0000	-9999.0000	18.6221	4	0	303.5874	1.0000	03	4	-9999.0000	15829	44825	-9999	2560	2516	-9999	498.1224	5	0.6532	0.6699	-0.0011	68.6989	2.4279	673.8326	308.8843	36.2500	653.3059	95.8102	694.4881	94.7454	702.2843	95.1389	708.3300	95.1620	
18/08/2017	00:20:33	019001	H374075101HLR	L374	S		658.2433	1.0311	0.0000	100.0127	39.3893	0.8230	0.8248	5.0000	17.2824	761.0569	94.9074	14.6825	24.3000	0.9300	0.9361	0.6700	-0.0011	761.0000	761.9674	1.0285	-1.0198	100.0559	39.1037	0.8230	0.8189	5.0000	-9999.0000	-9999.0000	-9999.0000	-9999.0000	-9999.0000	-9999.0000	18.5930	5	0	25.7239	1.0000	03	4	-9999.0000	15830	44826	-9999	2561	2517	-9999	497.4311	5	0.6531	0.6700	-0.0011	69.0802	2.3881	673.1393	313.8527	35.7639	653.7590	95.5787	692.1078	94.7917	700.0919	95.1620	705.0170	95.1620	
18/08/2017	00:20:59	019001	H374075601HLR	L374	S		660.1641	1.0311	0.0000	99.9508	39.3500	0.8230	0.8253	5.0000	17.2422	761.0635	94.9306	13.3923	24.4000	0.9300	0.9360	0.6648	-0.0008	761.0000	760.3852	1.0285	-1.1184	100.0570	38.8196	0.8230	0.8191	5.0000	-9999.0000	-9999.0000	-9999.0000	-9999.0000	-9999.0000	-9999.0000	18.6518	6	0	26.0228	1.0000	03	4	-9999.0000	15831	44827	-9999	2562	2518	-9999	498.0868	5	0.6529	0.6648	-0.0008	34.2301	4.7385	679.0930	311.7783	37.9861	659.0329	95.3241	700.3510	94.8843	707.8167	95.1157	713.0990	95.1852	
18/08/2017	00:21:25	019001	H374075630HLR	L374	S		661.7371	1.0311	0.0000	100.0370	39.4969	0.8230	0.8255	5.0000	17.1221	761.0630	94.8843	12.8414	24.4000	0.9300	0.9362	0.6631	-0.0007	761.0000	760.5547	1.0285	-1.1078	100.0954	38.9509	0.8230	0.8199	5.0000	-9999.0000	-9999.0000	-9999.0000	-9999.0000	-9999.0000	-9999.0000	18.1223	7	0	26.0032	1.0000	03	4	-9999.0000	15832	44828	-9999	2563	2518	-9999	498.2263	5	0.6533	0.6631	-0.0007	40.6730	4.3185	682.1634	309.3414	35.0231	660.6606	95.7407	703.2388	94.7685	711.5998	94.8148	715.9377	95.1852	
18/08/2017	00:21:51	019001	H374075605HLR	L374	S		660.1659	1.0311	0.0000	99.9964	39.5464	0.8230	0.8253	5.0000	17.0918	761.0709	94.9074	12.8815	24.4000	0.9300	0.9362	0.6588	-0.0004	761.0000	759.6048	1.0285	-1.1670	100.0544	39.0452	0.8230	0.8195	5.0000	-9999.0000	-9999.0000	-9999.0000	-9999.0000	-9999.0000	-9999.0000	18.3918	8	0	25.8233	1.0000	03	4	-9999.0000	15833	44829	-9999	2564	2519	-9999	497.7282	5	0.6533	0.6588	-0.0004	43.0181	4.1522	682.7016	298.2372	35.7407	660.0668	95.7176	705.6311	94.8380	713.9916	95.0926	718.8051	95.1389	
18/08/2017	00:22:17	019001	H374075621HLR	L374	S		657.8949	1.0311	0.0000	100.0081	39.4832	0.8230	0.8251	5.0000	17.3028	761.0576	94.9537	14.2322	24.5000	0.9300	0.9363	0.6599	-0.0005	761.0000	760.3708	1.0285	-1.1193	99.9902	39.0364	0.8230	0.8193	5.0000	-9999.0000	-9999.0000	-9999.0000	-9999.0000	-9999.0000	-9999.0000	18.4514	1	0	26.3529	1.0000	03	4	-9999.0000	15834	44830	-9999	2565	2520	-9999	497.3327	5	0.6532	0.6599	-0.0005	40.7422	4.3050	678.1710	280.4544	36.6435	654.8815	96.2037	698.7737	94.7222	706.2933	95.0000	711.0719	95.0463	
18/08/2017	00:22:42	019001	H374075644HLR	L374	S		661.4018	1.0311	0.0000	99.9949	39.2426	0.8230	0.8254	5.0000	17.0822	761.0676	94.9306	13.9216	24.3000	0.9300	0.9360	0.6710	-0.0012	761.0000	762.2910	1.0285	-0.9996	99.9756	39.0104	0.8230	0.8190	5.0000	-9999.0000	-9999.0000	-9999.0000	-9999.0000	-9999.0000	-9999.0000	18.4221	2	0	25.5129	1.0000	03	4	-9999.0000	15835	44831	-9999	2566	2521	-9999	497.9119	5	0.6535	0.6710	-0.0012	63.1474	2.7693	672.7238	311.2021	38.1250	651.5752	95.3472	694.7141	94.9074	702.9065	95.0463	707.5734	95.0926	
18/08/2017	00:23:07	019001	H374075638HLR	L374	S		654.5587	1.0311	0.0000	99.9728	39.3347	0.8230	0.8257	5.0000	17.2715	761.0894	94.9074	14.4617	24.3000	0.9300	0.9359	0.6692	-0.0011	761.0000	761.2775	1.0285	-1.0628	100.0722	39.0112	0.8230	0.8191	5.0000	-9999.0000	-9999.0000	-9999.0000	-9999.0000	-9999.0000	-9999.0000	18.4320	3	0	24.9533	1.0000	03	4	-9999.0000	15836	44832	-9999	2567	2522	-9999	497.4108	5	0.6537	0.6692	-0.0011	65.0214	2.6297	669.3762	315.7824	38.0324	647.4592	95.4167	692.4293	94.8380	699.5972	95.0926	705.1989	95.1620	
18/08/2017	00:23:33	019001	H374075624HLR	L374	S		659.0231	1.0311	0.0000	99.9241	39.4643	0.8230	0.8256	5.0000	17.2217	761.0633	94.9306	13.7615	24.3000	0.9300	0.9358	0.6702	-0.0012	761.0000	761.0901	1.0285	-1.0744	99.9470	39.0219	0.8230	0.8190	5.0000	-9999.0000	-9999.0000	-9999.0000	-9999.0000	-9999.0000	-9999.0000	18.4817	4	0	25.6136	1.0000	03	4	-9999.0000	15837	44833	-9999	2568	2523	-9999	497.9323	5	0.6539	0.6702	-0.0012	67.3652	2.4645	670.0141	312.6726	35.2083	648.2563	95.6481	692.9135	94.8148	701.8915	95.0926	707.2736	95.0926	
18/08/2017	00:23:58	019001	H374075639HLR	L374	S		657.0940	1.0311	0.0000	99.9798	39.4500	0.8230	0.8252	5.0000	17.1915	761.1413	94.9074	14.5213	24.3000	0.9300	0.9360	0.6705	-0.0012	761.0000	762.0156	1.0285	-1.0168	99.9843	39.0412	0.8230	0.8190	5.0000	-9999.0000	-9999.0000	-9999.0000	-9999.0000	-9999.0000	-9999.0000	18.5930	5	0	25.0127	1.0000	03	4	-9999.0000	15837	44834	-9999	2569	2524	-9999	497.3395	5	0.6539	0.6705	-0.0012	67.7283	2.4376	669.1615	319.0334	36.4815	649.0257	95.5556	689.8133	94.8148	697.9338	95.1620	703.7265	95.1389	
18/08/2017	00:24:25	019001	H374075791HLR	L374	S		667.5872	1.0311	0.0000	100.0422	39.4000	0.8230	0.8251	5.0000	17.3126	761.1375	94.8843	12.3208	24.3000	0.9300	0.9359	0.6709	-0.0012	761.0000	762.2734	1.0285	-1.0007	99.8930	39.0560	0.8230	0.8190	5.0000	-9999.0000	-9999.0000	-9999.0000	-9999.0000	-9999.0000	-9999.0000	18.4329	6	0	27.1430	1.0000	03	4	-9999.0000	15838	44835	-9999	2570	2525	-9999	499.2999	5	0.6538	0.6709	-0.0012	66.7897	2.5033	680.1262	313.3298	38.0093	658.4796	95.2315	702.2051	94.9537	710.4472	95.0463	715.8271	95.1157	
18/08/2017	00:24:51	019001	H374075751HLR	L374	S		669.0856	1.0311	0.0000	99.9785	39.4000	0.8230	0.8252	5.0000	17.1623	761.0998	94.8843	12.1119	24.4000	0.9300	0.9360	0.6709	-0.0012	761.0000	762.2653	1.0285	-1.0012	99.9493	39.0595	0.8230	0.8190	5.0000	-9999.0000	-9999.0000	-9999.0000	-9999.0000	-9999.0000	-9999.0000	18.5822	7	0	25.3938	1.0000	03	4	-9999.0000	15839	44836	-9999	2571	2526	-9999	499.4713	5	0.6538	0.6709	-0.0012	65.3497	2.6141	681.5423	310.7129	36.5278	660.6190	95.4861	704.2444	95.0231	712.7999	95.1157	717.8682	95.1620	
18/08/2017	00:25:18	019001	H374075781HLR	L374	S		659.2441	1.0311	0.0000	100.0419	39.4240	0.8230	0.8253	5.0000	17.1016	761.1198	94.9074	13.3015	24.4000	0.9300	0.9361	0.6711	-0.0012	761.0000	761.4324	1.0285	-1.0531	99.9256	39.0680	0.8230	0.8189	5.0000	-9999.0000	-9999.0000	-9999.0000	-9999.0000	-9999.0000	-9999.0000	18.6224	8	0	27.7436	1.0000	03	4	-9999.0000	15840	44837	-9999	2572	2526	-9999	498.3560	5	0.6540	0.6711	-0.0012	61.8004	2.8907	675.2626	316.4805	37.7546	655.8651	95.4398	694.2694	94.9306	702.8826	95.1157	708.8050	95.1620	
18/08/2017	00:25:45	019001	H374075792HLR	L374	S		660.7354	1.0311	0.0000	99.9771	39.4500	0.8230	0.8253	5.0000	17.1623	761.0757	94.8843	13.2311	24.3000	0.9300	0.9362	0.6722	-0.0013	761.0000	761.2825	1.0285	-1.0625	99.9919	39.0670	0.8230	0.8190	5.0000	-9999.0000	-9999.0000	-9999.0000	-9999.0000	-9999.0000	-9999.0000	18.5325	1	0	26.4925	1.0000	03	4	-9999.0000	15841	44838	-9999	2573	2527	-9999	498.3608	5	0.6539	0.6722	-0.0013	60.1385	3.0154	674.3155	319.5853	35.4630	654.1152	95.5556	695.1241	94.8611	703.4934	95.1620	709.0106	95.1620	
18/08/2017	00:26:10	019001	H374075793HLR	L374	S		657.6184	1.0311	0.0000	100.0067	39.4500	0.8230	0.8252	5.0000	17.0528	761.1119	94.9074	15.0810	24.3000	0.9300	0.9361	0.6692	-0.0011	761.0000	761.5765	1.0285	-1.0441	99.8654	39.0780	0.8230	0.8189	5.0000	-9999.0000	-9999.0000	-9999.0000	-9999.0000	-9999.0000	-9999.0000	18.6115	2	0	25.5140	1.0000	03	4	-9999.0000	15842	44839	-9999	2574	2528	-9999	496.7582	5	0.6541	0.6692	-0.0011	48.9514	3.8262	670.1368	306.4345	34.8611	649.6618	95.7870	691.8412	94.6991	699.7021	95.1620	704.5948	95.1620	
18/08/2017	00:26:38	019001	H374075763HLR	L374	S		658.4387	1.0311	0.0000	99.9418	39.4500	0.8230	0.8252	5.0000	17.0313	761.0462	94.9074	13.9226	24.4000	0.9300	0.9361	0.6670	-0.0009	761.0000	761.2601	1.0285	-1.0638	99.9466	39.0744	0.8230	0.8189	5.0000	-9999.0000	-9999.0000	-9999.0000	-9999.0000	-9999.0000	-9999.0000	18.5619	3	0	27.5727	1.0000	03	4	-9999.0000	15843	44840	-9999	2575	2528	-9999	497.6724	5	0.6543	0.6670	-0.0009	39.1592	4.5504	675.2447	307.7753	37.1528	655.1002	95.3935	696.9674	94.8148	704.4111	95.1852	709.6504	95.1620	
18/08/2017	00:27:06	019001	H374075756HLR	L374	S		660.1967	1.0311	0.0000	99.9720	39.4500	0.8230	0.8251	5.0000	17.2219	761.0646	94.9306	13.5612	24.4000	0.9300	0.9363	0.6669	-0.0009	761.0000	760.9983	1.0285	-1.0802	99.8044	39.0834	0.8230	0.8189	5.0000	-9999.0000	-9999.0000	-9999.0000	-9999.0000	-9999.0000	-9999.0000	18.6321	4	0	28.0239	1.0000	03	4	-9999.0000	15844	44841	-9999	2576	2529	-9999	497.8933	5	0.6543	0.6669	-0.0009	40.0227	4.5041	674.7209	299.1984	36.3657	653.0863	95.5556	697.2190	94.8380	705.7958	95.1157	710.5745	95.1389	
18/08/2017	00:27:32	019001	H374075767HLR	L374	S		655.3705	1.0311	0.0000	100.0008	39.4500	0.8230	0.8252	5.0000	17.1817	761.0992	94.9074	14.9716	24.3000	0.9300	0.9362	0.6666	-0.0009	761.0000	760.9881	1.0285	-1.0808	100.0348	39.1009	0.8230	0.8189	5.0000	-9999.0000	-9999.0000	-9999.0000	-9999.0000	-9999.0000	-9999.0000	18.5218	5	0	26.2532	1.0000	03	4	-9999.0000	15845	44842	-9999	2576	2530	-9999	496.9528	5	0.6542	0.6666	-0.0009	39.1530	4.5684	669.3293	295.8821	37.3380	647.7676	95.5324	690.2117	94.9537	698.3078	94.8843	703.0889	95.1157	
18/08/2017	00:28:23	019001	H374075768HLR	L374	S		657.9726	1.0311	0.0000	99.9235	39.4787	0.8230	0.8252	5.0000	17.0715	761.0864	94.9769	16.1016	24.4000	0.9300	0.9365	0.6676	-0.0010	761.0000	760.5023	1.0285	-1.1111	100.0089	38.9629	0.8230	0.8184	5.0000	-9999.0000	-9999.0000	-9999.0000	-9999.0000	-9999.0000	-9999.0000	18.5725	7	0	24.9728	1.0000	03	4	-9999.0000	15847	44843	-9999	2578	2531	-9999	495.8606	5	0.6539	0.6676	-0.0010	43.4099	4.2345	667.3203	307.1608	35.8796	647.4001	95.8796	687.5920	94.7685	695.4982	95.1620	699.7840	95.0926	
18/08/2017	00:28:49	019001	H374075785HLR	L374	S		657.6278	1.0311	0.0000	100.0464	39.4596	0.8230	0.8251	5.0000	17.2922	761.1013	94.9306	15.9121	24.3000	0.9300	0.9362	0.6674	-0.0010	761.0000	759.3692	1.0285	-1.1817	100.0404	38.9946	0.8230	0.8192	5.0000	-9999.0000	-9999.0000	-9999.0000	-9999.0000	-9999.0000	-9999.0000	18.5423	8	0	26.4036	1.0000	03	4	-9999.0000	15848	44844	-9999	2579	2532	-9999	496.1426	5	0.6540	0.6674	-0.0010	31.7943	5.1262	665.7420	299.3035	35.6944	643.5936	95.4630	685.9740	94.7685	693.6022	95.2083	698.6920	95.1389	
18/08/2017	00:29:14	019001	H374075788HLR	L374	S		654.4013	1.0311	0.0000	100.0482	39.4827	0.8230	0.8251	5.0000	17.4924	761.0615	94.9074	14.7723	24.3000	0.9300	0.9361	0.6669	-0.0009	761.0000	761.6436	1.0285	-1.0399	99.9535	39.1134	0.8230	0.8194	5.0000	-9999.0000	-9999.0000	-9999.0000	-9999.0000	-9999.0000	-9999.0000	18.4532	1	0	24.9630	1.0000	03	4	-9999.0000	15849	44845	-9999	2580	2533	-9999	496.9991	5	0.6540	0.6669	-0.0009	47.4683	3.9256	668.5086	294.2995	35.0463	647.1674	95.7639	692.5730	94.7222	700.2138	95.2083	706.0042	95.1620	
18/08/2017	00:35:54	019001	H374075798HLR	L374	S		660.3174	1.0311	0.0000	99.9592	39.4858	0.8230	0.8251	5.0000	17.1417	761.0386	94.9074	13.6413	24.3000	0.9300	0.9362	0.6669	-0.0009	761.0000	761.1176	1.0285	-1.0727	99.9162	39.1352	0.8230	0.8190	5.0000	-9999.0000	-9999.0000	-9999.0000	-9999.0000	-9999.0000	-9999.0000	18.5521	2	0	400.2481	1.0000	03	4	-9999.0000	15850	44846	-9999	2581	2534	-9999	497.7671	5	0.6540	0.6669	-0.0009	47.4683	3.9256	675.9955	313.3422	35.5093	654.9549	95.4398	697.6783	94.7685	704.9649	95.1389	710.7962	95.1852	
18/08/2017	00:36:20	019001	H374075849HLR	L374	S		660.0319	1.0311	0.0000	100.0051	39.4676	0.8230	0.8251	5.0000	17.2521	761.0760	94.9306	13.5114	24.3000	0.9300	0.9360	0.6658	-0.0009	761.0000	760.8138	1.0285	-1.0917	99.9050	39.1014	0.8230	0.8188	5.0000	-9999.0000	-9999.0000	-9999.0000	-9999.0000	-9999.0000	-9999.0000	18.6126	3	0	25.7834	1.0000	03	4	-9999.0000	15851	44847	-9999	2582	2534	-9999	497.8972	5	0.6537	0.6658	-0.0009	48.5668	3.8352	677.5482	315.2780	35.7407	657.4668	95.5787	698.2771	94.8843	706.7958	95.1389	711.9299	95.1157	
18/08/2017	00:36:49	019001	H374075844HLR	L374	S		658.9976	1.0311	0.0000	99.9212	39.4887	0.8230	0.8249	5.0000	18.0616	761.1655	94.9074	14.3719	24.3000	0.9300	0.9363	0.6654	-0.0008	761.0000	762.0148	1.0285	-1.0168	99.8972	38.8116	0.8230	0.8192	5.0000	-9999.0000	-9999.0000	-9999.0000	-9999.0000	-9999.0000	-9999.0000	18.3214	4	0	28.4038	1.0000	03	4	-9999.0000	15852	44848	-9999	2583	2535	-9999	497.5048	5	0.6538	0.6654	-0.0008	72.0939	2.0517	675.9942	314.1464	35.1852	654.4534	95.6944	697.2527	94.9306	704.0018	95.0694	709.6552	95.2083	
18/08/2017	00:37:14	019001	H374075841HLR	L374	S		662.4072	1.0311	0.0000	99.9683	39.5000	0.8230	0.8252	5.0000	17.2023	761.0576	94.8611	12.5816	24.3000	0.9300	0.9361	0.6663	-0.0009	761.0000	760.0366	1.0285	-1.1401	100.0055	38.9281	0.8230	0.8199	5.0000	-9999.0000	-9999.0000	-9999.0000	-9999.0000	-9999.0000	-9999.0000	18.1729	5	0	25.3929	1.0000	03	4	-9999.0000	15853	44849	-9999	2584	2536	-9999	498.5646	5	0.6536	0.6663	-0.0009	84.0130	1.2901	679.6871	308.2943	35.0926	658.9966	95.6250	701.4174	94.8380	710.2870	95.1620	715.3092	95.1389	
18/08/2017	00:37:45	019001	H374075794HLR	L374	S		662.2385	1.0311	0.0000	100.0031	39.5000	0.8230	0.8251	5.0000	17.1321	761.0540	94.9306	13.8513	24.3000	0.9300	0.9362	0.6673	-0.0010	761.0000	762.1359	1.0285	-1.0093	99.9246	39.0388	0.8230	0.8194	5.0000	-9999.0000	-9999.0000	-9999.0000	-9999.0000	-9999.0000	-9999.0000	18.2327	6	0	30.9842	1.0000	03	4	-9999.0000	15854	44850	-9999	2585	2537	-9999	497.6823	5	0.6534	0.6673	-0.0010	91.3040	0.7793	676.5307	316.2622	36.0648	654.7772	95.6019	698.3911	94.7222	705.8656	95.1389	711.1401	95.2083	
18/08/2017	00:38:15	019001	H374075838HLR	L374	S		659.7768	1.0311	0.0000	100.0074	39.4958	0.8230	0.8250	5.0000	17.3918	761.0943	94.9537	14.3025	24.5000	0.9300	0.9346	0.6675	-0.0010	761.0000	761.8050	1.0285	-1.0299	99.9617	39.0088	0.8230	0.8191	5.0000	-9999.0000	-9999.0000	-9999.0000	-9999.0000	-9999.0000	-9999.0000	18.4417	7	0	30.1433	1.0000	03	4	-9999.0000	15855	44851	-9999	2586	2538	-9999	497.4290	5	0.6534	0.6675	-0.0010	88.1006	0.9973	675.9685	286.9886	37.3380	653.3515	96.1574	694.0573	94.9769	701.2268	94.9074	706.6363	95.0694	
18/08/2017	00:38:45	019001	H374075724HLR	L374	S		648.0439	1.0311	0.0000	100.0104	39.2160	0.8230	0.8252	5.0000	18.1818	761.1051	94.9537	16.3419	24.4000	0.9300	0.9346	0.6681	-0.0010	761.0000	756.5112	1.0285	-1.3598	100.0374	38.9988	0.8230	0.8190	5.0000	-9999.0000	-9999.0000	-9999.0000	-9999.0000	-9999.0000	-9999.0000	18.4428	8	0	30.1735	1.0000	03	4	-9999.0000	15856	44852	-9999	2587	2539	-9999	495.8833	5	0.6536	0.6681	-0.0010	82.8362	1.3544	663.1497	310.1341	35.7176	643.5335	95.7870	683.4511	94.7454	690.2084	95.2083	694.0894	95.0926	
18/08/2017	00:39:17	019001	H374075837HLR	L374	S		658.6256	1.0311	0.0000	99.9456	39.3513	0.8230	0.8258	5.0000	17.2629	761.0710	94.9306	13.7517	24.4000	0.9300	0.9351	0.6681	-0.0010	761.0000	759.3785	1.0285	-1.1811	99.9763	38.9815	0.8230	0.8190	5.0000	-9999.0000	-9999.0000	-9999.0000	-9999.0000	-9999.0000	-9999.0000	18.4417	1	0	31.3144	1.0000	03	4	-9999.0000	15857	44852	-9999	2588	2540	-9999	497.8555	5	0.6536	0.6681	-0.0010	82.8362	1.3544	675.0382	312.0329	36.3889	653.9327	95.4630	694.7174	94.8611	702.1839	95.1620	707.3504	95.1157	
18/08/2017	00:39:41	019001	error reading	L374	S		0.0000	0.0000	0.0000	0.0000	0.0000	0.8230	0.0000	0.0000	0.0000	0.0000	0.0000	0.0000	0.0000	0.9300	0.0000	0.0000	0.0000	0.0000	0.0000	0.0000	0.0000	0.0000	0.0000	0.8230	0.0000	0.0000	0.0000	0.0000	0.0000	0.0000	0.0000	0.0000	0.0000	0	28	31.3144	1.0000	03	4	0.0000	0	0	0	0	0	0	0.0000	0	0.0000	0.0000	0.0000	0.0000	0.0000	0.0000	0.0000	0.0000	0.0000	0.0000	0.0000	0.0000	0.0000	0.0000	0.0000	0.0000	
18/08/2017	00:40:02	019001	H374075708HLR	L374	S		641.8575	1.0311	0.0000	99.9985	39.4947	0.8230	0.8255	5.0000	17.3919	761.0647	94.9769	18.8929	24.3000	0.9300	0.9354	0.6653	-0.0008	761.0000	756.3226	1.0285	-1.3716	99.9185	39.0016	0.8230	0.8190	5.0000	-9999.0000	-9999.0000	-9999.0000	-9999.0000	-9999.0000	-9999.0000	18.5423	2	0	45.1548	1.0000	03	4	-9999.0000	15858	44853	-9999	2589	2541	-9999	494.3820	5	0.6534	0.6653	-0.0008	81.1477	1.4499	654.3736	306.2052	35.0231	634.9457	95.6944	673.1770	94.9306	679.8676	95.0694	685.3319	95.1389	
18/08/2017	00:40:31	019001	H374075704HLR	L374	S		643.2892	1.0311	0.0000	99.9300	39.4000	0.8230	0.8253	5.0000	17.0820	761.0978	94.9769	18.5921	24.3000	0.9300	0.9355	0.6654	-0.0008	761.0000	756.6755	1.0285	-1.3496	99.9540	39.0161	0.8230	0.8190	5.0000	-9999.0000	-9999.0000	-9999.0000	-9999.0000	-9999.0000	-9999.0000	18.4623	3	0	28.8737	1.0000	03	4	-9999.0000	15859	44854	-9999	2590	2542	-9999	494.7219	5	0.6536	0.6654	-0.0008	76.0276	1.8050	654.8188	298.7260	34.0046	634.2618	95.4630	674.4066	94.7917	680.7394	95.1157	685.8160	95.1389	
18/08/2017	00:40:59	019001	H374075659HLR	L374	S		646.7224	1.0311	0.0000	99.9880	39.3825	0.8230	0.8252	5.0000	17.2922	761.0855	94.9769	18.1428	24.3000	0.9300	0.9357	0.6593	-0.0004	761.0000	756.1997	1.0285	-1.3792	100.0742	38.9672	0.8230	0.8187	5.0000	-9999.0000	-9999.0000	-9999.0000	-9999.0000	-9999.0000	-9999.0000	18.5823	4	0	28.1939	1.0000	03	4	-9999.0000	15860	44855	-9999	2591	2543	-9999	494.9538	5	0.6540	0.6593	-0.0004	61.5106	2.8643	657.7499	310.0426	35.9722	638.8647	95.3704	675.8404	94.8843	683.0896	95.1389	688.7265	95.1157	
18/08/2017	00:41:24	019001	error reading	L374	S		0.0000	0.0000	0.0000	0.0000	0.0000	0.8230	0.0000	0.0000	0.0000	0.0000	0.0000	0.0000	0.0000	0.9300	0.0000	0.0000	0.0000	0.0000	0.0000	0.0000	0.0000	0.0000	0.0000	0.8230	0.0000	0.0000	0.0000	0.0000	0.0000	0.0000	0.0000	0.0000	0.0000	0	28	28.1939	1.0000	03	4	0.0000	0	0	0	0	0	0	0.0000	0	0.0000	0.0000	0.0000	0.0000	0.0000	0.0000	0.0000	0.0000	0.0000	0.0000	0.0000	0.0000	0.0000	0.0000	0.0000	0.0000	
18/08/2017	00:41:49	019001	error reading	L374	S		0.0000	0.0000	0.0000	0.0000	0.0000	0.8230	0.0000	0.0000	0.0000	0.0000	0.0000	0.0000	0.0000	0.9300	0.0000	0.0000	0.0000	0.0000	0.0000	0.0000	0.0000	0.0000	0.0000	0.8230	0.0000	0.0000	0.0000	0.0000	0.0000	0.0000	0.0000	0.0000	0.0000	0	28	28.1939	1.0000	03	4	0.0000	0	0	0	0	0	0	0.0000	0	0.0000	0.0000	0.0000	0.0000	0.0000	0.0000	0.0000	0.0000	0.0000	0.0000	0.0000	0.0000	0.0000	0.0000	0.0000	0.0000	
18/08/2017	00:43:02	019001	error reading	L374	S		0.0000	0.0000	0.0000	0.0000	0.0000	0.8230	0.0000	0.0000	0.0000	0.0000	0.0000	0.0000	0.0000	0.9300	0.0000	0.0000	0.0000	0.0000	0.0000	0.0000	0.0000	0.0000	0.0000	0.8230	0.0000	0.0000	0.0000	0.0000	0.0000	0.0000	0.0000	0.0000	0.0000	0	28	28.1939	1.0000	03	4	0.0000	0	0	0	0	0	0	0.0000	0	0.0000	0.0000	0.0000	0.0000	0.0000	0.0000	0.0000	0.0000	0.0000	0.0000	0.0000	0.0000	0.0000	0.0000	0.0000	0.0000	
18/08/2017	00:43:24	019001	H374075719HLR	L374	S		640.7110	1.0311	0.0000	99.9831	39.3861	0.8230	0.8251	5.0000	17.7913	761.0785	94.9769	19.8423	24.3000	0.9300	0.9358	0.6559	-0.0001	761.0000	759.9732	1.0285	-1.1440	99.9602	38.9875	0.8230	0.8191	5.0000	-9999.0000	-9999.0000	-9999.0000	-9999.0000	-9999.0000	-9999.0000	18.5120	5	0	145.0771	1.0000	03	4	-9999.0000	15861	44856	-9999	2592	2544	-9999	496.1750	5	0.6540	0.6559	-0.0001	63.7838	2.6978	659.5484	316.7834	36.1574	639.6000	95.5324	677.7838	94.8148	684.7822	95.2315	688.1015	95.0926	
18/08/2017	00:43:55	019001	H374075066HLR	L374	S		659.2224	1.0311	0.0000	99.9904	39.4096	0.8230	0.8252	5.0000	17.5314	761.0850	94.9769	17.2716	24.3000	0.9300	0.9358	0.6558	-0.0001	761.0000	765.2138	1.0285	-0.8175	100.0333	39.0597	0.8230	0.8191	5.0000	-9999.0000	-9999.0000	-9999.0000	-9999.0000	-9999.0000	-9999.0000	18.6126	6	0	31.5838	1.0000	03	4	-9999.0000	15862	44857	-9999	2593	2544	-9999	497.5484	5	0.6542	0.6558	-0.0001	64.8022	2.6300	676.1230	320.8775	36.7593	654.4589	95.2083	697.2774	94.8611	702.6640	95.1157	706.0967	95.1852	
18/08/2017	00:44:20	019001	error reading	L374	S		0.0000	0.0000	0.0000	0.0000	0.0000	0.8230	0.0000	0.0000	0.0000	0.0000	0.0000	0.0000	0.0000	0.9300	0.0000	0.0000	0.0000	0.0000	0.0000	0.0000	0.0000	0.0000	0.0000	0.8230	0.0000	0.0000	0.0000	0.0000	0.0000	0.0000	0.0000	0.0000	0.0000	0	28	31.5838	1.0000	03	4	0.0000	0	0	0	0	0	0	0.0000	0	0.0000	0.0000	0.0000	0.0000	0.0000	0.0000	0.0000	0.0000	0.0000	0.0000	0.0000	0.0000	0.0000	0.0000	0.0000	0.0000	
18/08/2017	00:44:47	019001	H374075059HLR	L374	S		659.1602	1.0311	0.0000	100.0170	39.4414	0.8230	0.8252	5.0000	17.3020	761.0497	95.0000	17.3927	24.4000	0.9300	0.9361	0.6555	-0.0001	761.0000	764.2967	1.0285	-0.8746	100.0481	38.8637	0.8230	0.8190	5.0000	-9999.0000	-9999.0000	-9999.0000	-9999.0000	-9999.0000	-9999.0000	18.6019	7	0	51.8666	1.0000	03	4	-9999.0000	15863	44858	-9999	2594	2545	-9999	497.7001	5	0.6542	0.6555	-0.0001	64.2810	2.6587	672.5184	299.6580	35.4861	648.6347	95.7407	695.6717	94.8380	700.9346	95.1157	704.6463	95.1620	
18/08/2017	00:45:14	019001	H374075067HLR	L374	Q		660.0715	1.0311	0.0000	99.9989	39.3876	0.8230	0.8250	5.0000	17.2922	761.0540	94.9537	16.1025	24.3000	0.9300	0.9360	0.6555	-0.0001	761.0000	762.9554	1.0285	-0.9582	99.9059	38.9880	0.8230	0.8195	5.0000	-9999.0000	-9999.0000	-9999.0000	-9999.0000	-9999.0000	-9999.0000	18.4124	8	0	27.2729	1.0000	03	4	-9999.0000	15864	44859	-9999	2595	2546	-9999	497.9037	5	0.6542	0.6555	-0.0001	64.2810	2.6587	675.7799	307.0992	34.0046	653.3641	95.5787	698.6028	94.7685	704.5041	95.1620	708.8863	95.1157	
18/08/2017	00:45:40	019001	H374075075HLR	L374	S		663.7516	1.0311	0.0000	100.0088	39.3760	0.8230	0.8250	5.0000	18.3616	761.0663	94.9074	15.6220	24.4000	0.9300	0.9361	0.6564	-0.0001	761.0000	712.0508	1.0285	-4.1306	100.0813	38.9192	0.8230	0.8186	5.0000	-9999.0000	-9999.0000	-9999.0000	-9999.0000	-9999.0000	-9999.0000	18.4924	1	1	25.4234	1.0000	03	4	-9999.0000	15865	44860	-9999	2596	2547	-9999	497.9036	5	0.6541	0.6564	-0.0001	62.2158	2.7926	679.5443	305.2450	34.5602	657.8048	95.5787	702.1928	94.7454	709.5883	95.1852	712.6727	95.1389	
18/08/2017	00:46:07	019001	H374075089HLR	L374	Q		654.5858	1.0311	0.0000	99.9613	39.4516	0.8230	0.8254	5.0000	17.3517	761.0648	95.0000	19.4633	24.3000	0.9300	0.9364	0.6556	-0.0001	761.0000	767.8535	1.0285	-0.6529	100.1042	38.9394	0.8230	0.8192	5.0000	-9999.0000	-9999.0000	-9999.0000	-9999.0000	-9999.0000	-9999.0000	18.4123	2	0	26.9033	1.0000	03	4	-9999.0000	15866	44861	-9999	2597	2548	-9999	497.2216	5	0.6533	0.6556	-0.0001	63.0611	2.6880	668.2885	298.5483	36.7593	642.3519	96.2963	687.1927	95.0000	693.7138	94.9769	698.3141	95.0463	
18/08/2017	00:46:31	019001	error reading	L374	S		0.0000	0.0000	0.0000	0.0000	0.0000	0.8230	0.0000	0.0000	0.0000	0.0000	0.0000	0.0000	0.0000	0.9300	0.0000	0.0000	0.0000	0.0000	0.0000	0.0000	0.0000	0.0000	0.0000	0.8230	0.0000	0.0000	0.0000	0.0000	0.0000	0.0000	0.0000	0.0000	0.0000	0	28	26.9033	1.0000	03	4	0.0000	0	0	0	0	0	0	0.0000	0	0.0000	0.0000	0.0000	0.0000	0.0000	0.0000	0.0000	0.0000	0.0000	0.0000	0.0000	0.0000	0.0000	0.0000	0.0000	0.0000	
18/08/2017	00:51:14	019001	H374075078HLR	L374	S		664.2767	1.0311	0.0000	99.9778	39.3000	0.8230	0.8253	5.0000	17.2121	761.0810	94.9306	15.0721	24.3000	0.9300	0.9360	0.6556	-0.0001	761.0000	762.8798	1.0285	-0.9629	99.9304	39.0192	0.8230	0.8194	5.0000	-9999.0000	-9999.0000	-9999.0000	-9999.0000	-9999.0000	-9999.0000	18.3722	3	0	307.2473	1.0000	03	4	-9999.0000	15867	44862	-9999	2598	2549	-9999	497.5244	5	0.6533	0.6556	-0.0001	63.0611	2.6880	682.5020	324.3406	34.9769	661.6199	95.7407	703.8366	94.8148	709.6074	95.1852	713.7542	95.0926	
18/08/2017	00:51:41	019001	H374075648HLR	L374	S		664.7624	1.0311	0.0000	99.9642	39.3978	0.8230	0.8255	5.0000	17.2618	761.1027	94.9074	15.1415	24.4000	0.9300	0.9365	0.6567	-0.0002	761.0000	762.3390	1.0285	-0.9966	99.9447	39.0555	0.8230	0.8191	5.0000	-9999.0000	-9999.0000	-9999.0000	-9999.0000	-9999.0000	-9999.0000	18.5218	4	0	26.5529	1.0000	03	4	-9999.0000	15868	44863	-9999	2599	2550	-9999	497.6229	5	0.6533	0.6567	-0.0002	61.2800	2.7525	680.5505	314.1374	37.6389	658.5633	95.6019	702.3322	94.8148	708.7547	95.0463	713.4005	95.1389	
18/08/2017	00:52:07	019001	H374075646HLR	L374	S		665.7037	1.0311	0.0000	100.0806	39.3319	0.8230	0.8250	5.0000	17.1115	761.0650	94.9537	13.9421	24.3000	0.9300	0.9361	0.6593	-0.0003	761.0000	762.7503	1.0285	-0.9710	99.9557	38.8078	0.8230	0.8192	5.0000	-9999.0000	-9999.0000	-9999.0000	-9999.0000	-9999.0000	-9999.0000	18.5421	5	0	26.3636	1.0000	03	4	-9999.0000	15869	44864	-9999	2600	2551	-9999	498.3308	5	0.6534	0.6593	-0.0003	56.2777	3.0244	683.0464	305.9907	36.4120	661.7145	95.4398	705.7650	95.0000	712.0071	95.0463	716.0651	95.1620	
18/08/2017	00:52:33	019001	H374075610HLR	L374	S		664.1631	1.0311	0.0000	99.9947	39.3000	0.8230	0.8254	5.0000	17.0821	761.1088	94.9074	14.8416	24.3000	0.9300	0.9362	0.6612	-0.0005	761.0000	762.5002	1.0285	-0.9866	100.0603	38.9240	0.8230	0.8198	5.0000	-9999.0000	-9999.0000	-9999.0000	-9999.0000	-9999.0000	-9999.0000	18.3226	6	0	25.5325	1.0000	03	4	-9999.0000	15870	44865	-9999	2601	2552	-9999	497.8728	5	0.6526	0.6612	-0.0005	51.8538	3.2361	677.9837	308.6762	36.5972	657.1950	95.3935	701.1517	94.8380	706.8874	95.1620	711.9520	95.1157	
18/08/2017	00:53:00	019001	H374075102HLR	L374	S		663.5731	1.0311	0.0000	100.0244	39.4287	0.8230	0.8256	5.0000	17.2716	761.1064	94.9074	15.2919	24.3000	0.9300	0.9362	0.6612	-0.0005	761.0000	762.5902	1.0285	-0.9810	99.9967	39.0240	0.8230	0.8196	5.0000	-9999.0000	-9999.0000	-9999.0000	-9999.0000	-9999.0000	-9999.0000	18.3420	7	0	28.0142	1.0000	03	4	-9999.0000	15871	44866	-9999	2602	2553	-9999	497.7055	5	0.6522	0.6612	-0.0005	36.1727	4.0901	677.5612	318.8399	36.3426	656.3581	95.3704	697.5421	94.8611	705.1550	95.1389	708.4015	95.1389	
18/08/2017	00:57:00	019001	H374075607HLR	L374	S		663.8254	1.0311	0.0000	99.9510	39.4928	0.8230	0.8252	5.0000	17.4317	761.0988	94.9537	14.4725	24.4000	0.9300	0.9364	0.6539	-0.0001	761.0000	760.7032	1.0285	-1.0986	100.0575	39.0072	0.8230	0.8191	5.0000	-9999.0000	-9999.0000	-9999.0000	-9999.0000	-9999.0000	-9999.0000	18.4621	8	0	239.2788	1.0000	03	4	-9999.0000	15872	44867	-9999	2603	2554	-9999	496.7037	5	0.6521	0.6539	-0.0001	36.0535	4.0830	685.9417	305.6555	38.4491	661.0083	96.3194	703.6747	94.9074	709.7450	94.9074	714.1690	95.0231	
18/08/2017	00:57:28	019001	H374075611HLR	L374	S		660.5873	1.0311	0.0000	100.0436	39.2340	0.8230	0.8255	5.0000	17.1221	761.0823	94.9306	14.9022	24.3000	0.9300	0.9361	0.6576	-0.0003	761.0000	761.1953	1.0285	-1.0679	99.9705	38.9719	0.8230	0.8191	5.0000	-9999.0000	-9999.0000	-9999.0000	-9999.0000	-9999.0000	-9999.0000	18.3819	1	0	28.5134	1.0000	03	4	-9999.0000	15873	44868	-9999	2604	2555	-9999	496.8154	5	0.6520	0.6576	-0.0003	51.0099	3.1828	679.7714	314.8264	35.6019	658.0557	95.9259	699.6860	94.9074	705.7035	94.9769	711.1276	95.1389	
18/08/2017	00:58:22	019001	H374075615HLR	L374	S		662.6450	1.0311	0.0000	99.9734	39.4498	0.8230	0.8256	5.0000	17.1525	761.0928	94.9306	14.7616	24.4000	0.9300	0.9363	0.6678	-0.0010	761.0000	760.2369	1.0285	-1.1276	100.0573	38.7868	0.8230	0.8192	5.0000	-9999.0000	-9999.0000	-9999.0000	-9999.0000	-9999.0000	-9999.0000	18.5130	3	0	26.8733	1.0000	03	4	-9999.0000	15875	44869	-9999	2606	2556	-9999	497.0899	5	0.6519	0.6678	-0.0010	51.9943	3.1113	669.9387	301.8140	35.6944	648.0926	95.8565	692.8874	95.0694	699.5641	94.9769	705.1750	95.0694	
18/08/2017	00:58:51	019001	H374075616HLR	L374	S		661.3843	1.0311	0.0000	99.9821	39.4270	0.8230	0.8251	5.0000	17.7823	761.0562	94.9074	15.0321	24.3000	0.9300	0.9359	0.6612	-0.0006	761.0000	761.1754	1.0285	-1.0691	100.0749	38.9211	0.8230	0.8200	5.0000	-9999.0000	-9999.0000	-9999.0000	-9999.0000	-9999.0000	-9999.0000	18.0216	4	0	28.7632	1.0000	03	4	-9999.0000	15876	44870	-9999	2606	2557	-9999	496.8169	5	0.6522	0.6612	-0.0006	52.1936	3.0954	677.7741	319.1196	35.0000	658.0089	95.5324	696.4435	94.7917	703.1762	95.0694	709.3539	95.1620	
18/08/2017	00:59:16	019001	error reading	L374	S		0.0000	0.0000	0.0000	0.0000	0.0000	0.8230	0.0000	0.0000	0.0000	0.0000	0.0000	0.0000	0.0000	0.9300	0.0000	0.0000	0.0000	0.0000	0.0000	0.0000	0.0000	0.0000	0.0000	0.8230	0.0000	0.0000	0.0000	0.0000	0.0000	0.0000	0.0000	0.0000	0.0000	0	28	28.7632	1.0000	03	4	0.0000	0	0	0	0	0	0	0.0000	0	0.0000	0.0000	0.0000	0.0000	0.0000	0.0000	0.0000	0.0000	0.0000	0.0000	0.0000	0.0000	0.0000	0.0000	0.0000	0.0000	
18/08/2017	01:01:12	019001	H374075618HLR	L374	S		658.6488	1.0311	0.0000	99.9860	39.3994	0.8230	0.8252	5.0000	17.1719	761.0937	95.0000	17.0216	24.3000	0.9300	0.9362	0.6580	-0.0003	761.0000	762.6856	1.0285	-0.9750	99.9853	39.0142	0.8230	0.8195	5.0000	-9999.0000	-9999.0000	-9999.0000	-9999.0000	-9999.0000	-9999.0000	18.3927	5	0	141.5972	1.0000	03	4	-9999.0000	15877	44871	-9999	2607	2558	-9999	496.3543	5	0.6523	0.6580	-0.0003	52.0650	3.1268	671.4280	299.5905	36.5046	649.2549	96.1111	692.0423	94.6991	698.5111	95.0000	703.1490	95.0463	
18/08/2017	01:01:39	019001	H374075617HLR	L374	S		657.9061	1.0311	0.0000	100.0064	39.2000	0.8230	0.8254	5.0000	17.1924	761.1096	94.9074	14.8319	24.3000	0.9300	0.9360	0.6580	-0.0003	761.0000	760.6153	1.0285	-1.1040	99.9450	38.9265	0.8230	0.8186	5.0000	-9999.0000	-9999.0000	-9999.0000	-9999.0000	-9999.0000	-9999.0000	18.4122	6	0	26.6537	1.0000	03	4	-9999.0000	15878	44872	-9999	2608	2559	-9999	496.9533	5	0.6523	0.6580	-0.0003	52.0650	3.1268	678.8364	316.2763	34.9537	658.6508	95.3935	700.6226	95.0694	705.8684	95.0231	710.6202	95.0926	
18/08/2017	01:02:07	019001	H374075629HLR	L374	S		658.1952	1.0311	0.0000	99.9516	39.3381	0.8230	0.8258	5.0000	17.1721	761.1247	94.9306	15.3612	24.3000	0.9300	0.9360	0.6693	-0.0011	761.0000	759.8510	1.0285	-1.1517	99.9113	38.8158	0.8230	0.8191	5.0000	-9999.0000	-9999.0000	-9999.0000	-9999.0000	-9999.0000	-9999.0000	18.6721	7	0	27.9536	1.0000	03	4	-9999.0000	15879	44873	-9999	2609	2560	-9999	496.5428	5	0.6525	0.6693	-0.0011	52.1368	3.1116	666.8158	312.8112	36.3426	645.9763	95.5093	687.0159	94.7917	694.7038	94.9769	699.5267	95.0694	
18/08/2017	01:02:33	019001	error reading	L374	S		0.0000	0.0000	0.0000	0.0000	0.0000	0.8230	0.0000	0.0000	0.0000	0.0000	0.0000	0.0000	0.0000	0.9300	0.0000	0.0000	0.0000	0.0000	0.0000	0.0000	0.0000	0.0000	0.0000	0.8230	0.0000	0.0000	0.0000	0.0000	0.0000	0.0000	0.0000	0.0000	0.0000	0	28	27.9536	1.0000	03	4	0.0000	0	0	0	0	0	0	0.0000	0	0.0000	0.0000	0.0000	0.0000	0.0000	0.0000	0.0000	0.0000	0.0000	0.0000	0.0000	0.0000	0.0000	0.0000	0.0000	0.0000	
18/08/2017	01:02:56	019001	H374075752HLR	L374	S		655.6934	1.0311	0.0000	99.9899	39.4382	0.8230	0.8255	5.0000	17.1612	761.1075	94.9769	16.6426	24.3000	0.9300	0.9362	0.6654	-0.0009	761.0000	760.4424	1.0285	-1.1148	100.0041	38.9494	0.8230	0.8198	5.0000	-9999.0000	-9999.0000	-9999.0000	-9999.0000	-9999.0000	-9999.0000	18.2726	8	0	48.6152	1.0000	03	4	-9999.0000	15880	44874	-9999	2610	2561	-9999	495.4335	5	0.6527	0.6654	-0.0009	62.7672	2.4019	663.5783	320.2134	37.2222	643.0235	95.2083	682.9548	94.9074	689.8196	95.1620	694.4488	95.1157	
18/08/2017	01:03:24	019001	H374075770HLR	L374	S		656.3077	1.0311	0.0000	99.9778	39.3998	0.8230	0.8250	5.0000	18.0326	761.0664	94.9769	16.7325	24.3000	0.9300	0.9361	0.6659	-0.0009	761.0000	760.6694	1.0285	-1.1007	100.1046	39.0364	0.8230	0.8194	5.0000	-9999.0000	-9999.0000	-9999.0000	-9999.0000	-9999.0000	-9999.0000	18.3723	1	0	28.8432	1.0000	03	4	-9999.0000	15881	44875	-9999	2611	2562	-9999	495.6652	5	0.6528	0.6659	-0.0009	63.9694	2.3383	666.4801	310.8650	35.9028	646.5656	95.3241	685.7373	94.8611	693.4826	95.1620	698.3840	95.1389	
18/08/2017	01:03:53	019001	H374075614HLR	L374	S		663.1033	1.0311	0.0000	100.0227	39.3819	0.8230	0.8253	5.0000	17.0723	761.1362	94.9306	14.5311	24.4000	0.9300	0.9364	0.6659	-0.0009	761.0000	760.4504	1.0285	-1.1143	100.0469	38.8903	0.8230	0.8186	5.0000	-9999.0000	-9999.0000	-9999.0000	-9999.0000	-9999.0000	-9999.0000	18.5121	2	0	28.4341	1.0000	03	4	-9999.0000	15882	44876	-9999	2612	2563	-9999	497.2612	5	0.6528	0.6659	-0.0009	63.9694	2.3383	674.5994	312.2842	38.5417	653.5053	95.9259	693.1594	95.0463	700.4080	94.9537	705.9434	95.0463	
18/08/2017	01:04:21	019001	H374075761HLR	L374	S		654.2384	1.0311	0.0000	99.9640	39.2500	0.8230	0.8254	5.0000	17.2715	761.0560	94.9769	16.4922	24.2000	0.9300	0.9362	0.6671	-0.0009	761.0000	760.2568	1.0285	-1.1264	99.9967	38.9138	0.8230	0.8193	5.0000	-9999.0000	-9999.0000	-9999.0000	-9999.0000	-9999.0000	-9999.0000	18.4124	3	0	27.7329	1.0000	03	4	-9999.0000	15883	44877	-9999	2613	2564	-9999	496.0277	5	0.6527	0.6671	-0.0009	58.8649	2.7118	666.8416	315.6053	35.5556	646.7125	95.6944	686.5041	95.0463	692.8256	95.0231	697.5625	95.1389	
18/08/2017	01:04:45	019001	error reading	L374	S		0.0000	0.0000	0.0000	0.0000	0.0000	0.8230	0.0000	0.0000	0.0000	0.0000	0.0000	0.0000	0.0000	0.9300	0.0000	0.0000	0.0000	0.0000	0.0000	0.0000	0.0000	0.0000	0.0000	0.8230	0.0000	0.0000	0.0000	0.0000	0.0000	0.0000	0.0000	0.0000	0.0000	0	28	27.7329	1.0000	03	4	0.0000	0	0	0	0	0	0	0.0000	0	0.0000	0.0000	0.0000	0.0000	0.0000	0.0000	0.0000	0.0000	0.0000	0.0000	0.0000	0.0000	0.0000	0.0000	0.0000	0.0000	
18/08/2017	01:08:16	019001	H374075753HLR	L374	S		653.4807	1.0311	0.0000	100.0026	39.3478	0.8230	0.8256	5.0000	17.7327	761.0693	95.0000	16.5313	24.2000	0.9300	0.9361	0.6667	-0.0009	761.0000	759.9531	1.0285	-1.1453	100.0322	38.9977	0.8230	0.8193	5.0000	-9999.0000	-9999.0000	-9999.0000	-9999.0000	-9999.0000	-9999.0000	18.4220	4	0	235.7688	1.0000	03	4	-9999.0000	15884	44878	-9999	2614	2564	-9999	495.9134	5	0.6526	0.6667	-0.0009	60.5513	2.6124	664.7343	324.1443	36.6435	643.6692	95.3935	684.6055	94.9074	691.8708	95.1620	696.1303	95.0926	
18/08/2017	01:08:45	019001	H374075758HLR	L374	S		656.4247	1.0311	0.0000	99.9309	39.4396	0.8230	0.8249	5.0000	19.1018	761.1274	95.0000	17.3429	24.3000	0.9300	0.9365	0.6677	-0.0010	761.0000	761.2912	1.0285	-1.0619	100.0474	39.0096	0.8230	0.8192	5.0000	-9999.0000	-9999.0000	-9999.0000	-9999.0000	-9999.0000	-9999.0000	18.4525	5	0	29.0435	1.0000	03	4	-9999.0000	15885	44879	-9999	2615	2565	-9999	495.4733	5	0.6527	0.6677	-0.0010	58.9359	2.7186	629.9273	301.6403	37.7546	607.8873	95.6713	656.3575	94.8148	676.3198	94.9074	689.3839	95.1157	
18/08/2017	01:09:14	019001	H374075795HLR	L374	S		657.7779	1.0311	0.0000	99.9739	39.3278	0.8230	0.8250	5.0000	17.2119	761.0611	94.9537	16.3321	24.3000	0.9300	0.9362	0.6680	-0.0010	761.0000	760.7596	1.0285	-1.0950	100.0253	38.7893	0.8230	0.8193	5.0000	-9999.0000	-9999.0000	-9999.0000	-9999.0000	-9999.0000	-9999.0000	18.6223	6	0	29.0230	1.0000	03	4	-9999.0000	15886	44880	-9999	2616	2566	-9999	496.1301	5	0.6526	0.6680	-0.0010	59.6554	2.6986	665.8839	321.3670	35.8333	645.8322	95.5093	685.3095	94.9074	692.8156	95.1157	697.1055	95.0694	
18/08/2017	01:09:42	019001	H374075847HLR	L374	S		658.5118	1.0311	0.0000	100.0326	39.3000	0.8230	0.8255	5.0000	17.1817	761.0581	94.9537	16.1914	24.3000	0.9300	0.9363	0.6682	-0.0010	761.0000	760.4076	1.0285	-1.1170	100.0873	38.9223	0.8230	0.8198	5.0000	-9999.0000	-9999.0000	-9999.0000	-9999.0000	-9999.0000	-9999.0000	18.2729	7	0	27.3238	1.0000	03	4	-9999.0000	15887	44880	-9999	2616	2567	-9999	496.3382	5	0.6526	0.6682	-0.0010	55.2012	2.9898	665.4121	316.1615	36.1574	644.9736	95.3009	686.6734	94.8148	692.7274	95.1157	698.1188	95.1620	
18/08/2017	01:10:10	019001	H374075774HLR	L374	S		648.2644	1.0311	0.0000	100.0780	39.4000	0.8230	0.8253	5.0000	18.0120	761.0855	94.9769	17.2218	24.2000	0.9300	0.9363	0.6683	-0.0010	761.0000	760.6036	1.0285	-1.1048	99.9854	39.0084	0.8230	0.8195	5.0000	-9999.0000	-9999.0000	-9999.0000	-9999.0000	-9999.0000	-9999.0000	18.2619	8	0	28.4437	1.0000	03	4	-9999.0000	15888	44881	-9999	2617	2568	-9999	495.6957	5	0.6523	0.6683	-0.0010	65.7395	2.3324	661.6192	308.1291	34.9074	641.5655	95.6250	680.6312	94.8611	686.8512	95.1157	691.9516	95.1620	
18/08/2017	01:10:37	019001	H374075776HLR	L374	S		655.2132	1.0311	0.0000	100.0725	39.4448	0.8230	0.8252	5.0000	17.6124	761.0700	95.0000	17.5422	24.3000	0.9300	0.9365	0.6697	-0.0011	761.0000	761.3421	1.0285	-1.0587	100.0601	38.9839	0.8230	0.8192	5.0000	-9999.0000	-9999.0000	-9999.0000	-9999.0000	-9999.0000	-9999.0000	18.1418	1	0	26.5833	1.0000	03	4	-9999.0000	15889	44882	-9999	2618	2569	-9999	495.3730	5	0.6523	0.6697	-0.0011	84.5164	1.1988	660.7409	287.8965	37.2222	635.4177	96.1111	679.6019	94.7222	686.8718	94.9537	692.5687	95.0694	
18/08/2017	01:11:06	019001	H374075846HLR	L374	S		656.5707	1.0311	0.0000	100.0077	39.2000	0.8230	0.8255	5.0000	17.1320	761.0951	94.9537	16.9220	24.2000	0.9300	0.9362	0.6685	-0.0010	761.0000	761.0095	1.0285	-1.0795	99.9484	38.9719	0.8230	0.8190	5.0000	-9999.0000	-9999.0000	-9999.0000	-9999.0000	-9999.0000	-9999.0000	18.4122	2	0	28.8726	1.0000	03	4	-9999.0000	15890	44883	-9999	2619	2570	-9999	495.8859	5	0.6525	0.6685	-0.0010	66.5035	2.2851	662.0611	325.4840	36.6435	640.9711	95.3704	680.9329	94.9306	689.1983	94.9306	693.2076	95.0463	
18/08/2017	01:11:33	019001	H374075840HLR	L374	S		660.4281	1.0311	0.0000	99.9740	39.3376	0.8230	0.8258	5.0000	17.2023	761.1153	94.9537	15.8320	24.3000	0.9300	0.9362	0.6685	-0.0010	761.0000	761.4733	1.0285	-1.0506	99.8878	38.9768	0.8230	0.8192	5.0000	-9999.0000	-9999.0000	-9999.0000	-9999.0000	-9999.0000	-9999.0000	18.3724	3	0	27.3237	1.0000	03	4	-9999.0000	15891	44884	-9999	2620	2571	-9999	496.8672	5	0.6525	0.6685	-0.0010	66.5035	2.2851	667.1431	319.2317	37.1991	646.3979	95.4167	686.2372	94.8380	693.6262	95.1389	698.3711	95.1157	
18/08/2017	01:12:01	019001	H374075738HLR	L374	S		656.1044	1.0311	0.0000	99.9894	39.4208	0.8230	0.8256	5.0000	17.0216	761.0663	94.9769	16.3721	24.3000	0.9300	0.9362	0.6696	-0.0011	761.0000	759.8609	1.0285	-1.1510	99.9923	38.9996	0.8230	0.8191	5.0000	-9999.0000	-9999.0000	-9999.0000	-9999.0000	-9999.0000	-9999.0000	18.5120	4	0	28.5130	1.0000	03	4	-9999.0000	15892	44885	-9999	2621	2572	-9999	496.4836	5	0.6520	0.6696	-0.0011	55.8906	2.9050	665.9676	314.0615	37.9630	647.7418	95.2546	683.9820	94.9306	691.4473	95.1620	696.7699	95.0694	
18/08/2017	01:12:30	019001	H374075739HLR	L374	S		659.3962	1.0311	0.0000	99.9495	39.3951	0.8230	0.8252	5.0000	17.2012	761.0826	94.9074	15.1024	24.3000	0.9300	0.9362	0.6696	-0.0011	761.0000	759.9610	1.0285	-1.1448	99.9169	39.0078	0.8230	0.8192	5.0000	-9999.0000	-9999.0000	-9999.0000	-9999.0000	-9999.0000	-9999.0000	18.3118	5	0	28.5643	1.0000	03	4	-9999.0000	15893	44886	-9999	2622	2572	-9999	497.4652	5	0.6520	0.6696	-0.0011	55.8906	2.9050	668.3249	320.9556	38.6343	648.2337	95.0000	688.6762	94.9769	696.4619	95.1852	701.5614	95.0926	
18/08/2017	01:12:55	019001	error reading	L374	S		0.0000	0.0000	0.0000	0.0000	0.0000	0.8230	0.0000	0.0000	0.0000	0.0000	0.0000	0.0000	0.0000	0.9300	0.0000	0.0000	0.0000	0.0000	0.0000	0.0000	0.0000	0.0000	0.0000	0.8230	0.0000	0.0000	0.0000	0.0000	0.0000	0.0000	0.0000	0.0000	0.0000	0	28	28.5643	1.0000	03	4	0.0000	0	0	0	0	0	0	0.0000	0	0.0000	0.0000	0.0000	0.0000	0.0000	0.0000	0.0000	0.0000	0.0000	0.0000	0.0000	0.0000	0.0000	0.0000	0.0000	0.0000	
18/08/2017	01:13:18	019001	H374075712HLR	L374	S		645.7016	1.0311	0.0000	100.0630	39.3500	0.8230	0.8254	5.0000	17.0616	761.0766	94.9537	16.8018	24.3000	0.9300	0.9363	0.6689	-0.0010	761.0000	756.1373	1.0285	-1.3831	99.9839	39.0178	0.8230	0.8191	5.0000	-9999.0000	-9999.0000	-9999.0000	-9999.0000	-9999.0000	-9999.0000	18.4319	6	0	48.4157	1.0000	03	4	-9999.0000	15894	44887	-9999	2623	2573	-9999	496.1433	5	0.6521	0.6689	-0.0010	56.0646	2.8448	660.0954	319.2370	36.1343	641.0916	95.4861	678.1898	94.8611	685.5014	95.1620	689.7664	95.1389	
18/08/2017	01:15:02	019001	H374075716HLR	L374	S		658.0155	1.0311	0.0000	99.9767	39.3851	0.8230	0.8254	5.0000	17.0918	761.0996	94.9306	15.8525	24.3000	0.9300	0.9362	0.6689	-0.0010	761.0000	759.4612	1.0285	-1.1760	99.9285	39.0214	0.8230	0.8190	5.0000	-9999.0000	-9999.0000	-9999.0000	-9999.0000	-9999.0000	-9999.0000	18.5130	7	0	103.9725	1.0000	03	4	-9999.0000	15895	44888	-9999	2624	2574	-9999	496.8733	5	0.6521	0.6689	-0.0010	56.0646	2.8448	668.1442	316.1856	38.0556	649.1184	95.1389	686.3212	94.9306	693.4745	95.1389	697.8921	95.0463	
18/08/2017	01:15:38	019001	H374075733HLR	L374	S		648.3702	1.0311	0.0000	100.0256	39.4000	0.8230	0.8253	5.0000	17.3722	761.0725	94.9537	16.4620	24.3000	0.9300	0.9363	0.6764	-0.0015	761.0000	757.1582	1.0285	-1.3195	100.0435	38.9523	0.8230	0.8186	5.0000	-9999.0000	-9999.0000	-9999.0000	-9999.0000	-9999.0000	-9999.0000	18.5022	8	0	35.8238	1.0000	03	4	-9999.0000	15896	44889	-9999	2625	2575	-9999	496.5498	5	0.6523	0.6764	-0.0015	64.8408	2.3379	657.4519	315.3602	36.2500	638.7957	95.4398	675.9423	94.7454	683.5466	95.2083	689.1335	95.1157	
18/08/2017	01:16:06	019001	H374075740HLR	L374	S		653.8866	1.0311	0.0000	100.0618	39.4000	0.8230	0.8253	5.0000	17.3712	761.0955	95.0000	17.0822	24.3000	0.9300	0.9362	0.6763	-0.0015	761.0000	761.4997	1.0285	-1.0489	100.0485	38.8388	0.8230	0.8189	5.0000	-9999.0000	-9999.0000	-9999.0000	-9999.0000	-9999.0000	-9999.0000	18.7524	1	0	27.4437	1.0000	03	4	-9999.0000	15897	44890	-9999	2626	2576	-9999	495.8896	5	0.6526	0.6763	-0.0015	64.8506	2.3312	655.6162	309.4088	37.2454	636.2758	95.4167	673.8939	94.9074	682.5767	95.1157	687.7929	95.0926	
18/08/2017	01:16:36	019001	H374075737HLR	L374	S		647.1936	1.0311	0.0000	100.0114	39.4000	0.8230	0.8253	5.0000	17.2823	761.1188	95.0000	19.5522	24.2000	0.9300	0.9363	0.6773	-0.0015	761.0000	759.8375	1.0285	-1.1525	99.9682	39.0070	0.8230	0.8195	5.0000	-9999.0000	-9999.0000	-9999.0000	-9999.0000	-9999.0000	-9999.0000	18.3324	2	0	30.3133	1.0000	03	4	-9999.0000	15898	44891	-9999	2627	2577	-9999	493.1718	5	0.6529	0.6773	-0.0015	62.1493	2.4974	643.7943	311.0841	36.6898	623.9970	95.5324	663.5641	94.8611	671.2385	95.2083	676.5562	95.0926	
18/08/2017	01:17:05	019001	H374075703HLR	L374	S		655.3087	1.0311	0.0000	99.9877	39.4271	0.8230	0.8253	5.0000	17.1828	761.0818	94.9537	16.6514	24.3000	0.9300	0.9365	0.6776	-0.0015	761.0000	759.2096	1.0285	-1.1916	99.9390	39.0321	0.8230	0.8193	5.0000	-9999.0000	-9999.0000	-9999.0000	-9999.0000	-9999.0000	-9999.0000	18.3527	3	0	29.4538	1.0000	03	4	-9999.0000	15899	44892	-9999	2627	2578	-9999	496.4513	5	0.6533	0.6776	-0.0015	36.9580	4.1362	653.4024	310.8821	37.9398	632.8693	95.5556	674.2243	94.9769	682.3290	94.9537	687.3082	95.0694	
18/08/2017	01:17:33	019001	H374075717HLR	L374	S		642.0960	1.0311	0.0000	100.0333	39.3396	0.8230	0.8248	5.0000	18.0725	761.0867	94.9537	18.5921	24.3000	0.9300	0.9364	0.6787	-0.0016	761.0000	756.1800	1.0285	-1.3804	100.0502	39.0307	0.8230	0.8191	5.0000	-9999.0000	-9999.0000	-9999.0000	-9999.0000	-9999.0000	-9999.0000	18.3714	4	0	27.6136	1.0000	03	4	-9999.0000	15900	44893	-9999	2628	2579	-9999	494.2730	5	0.6531	0.6787	-0.0016	39.1073	4.0197	643.6246	289.5287	36.6898	622.3318	96.1343	662.5296	94.7685	670.3775	95.0926	675.9477	95.0463	
18/08/2017	01:18:02	019001	H374075728HLR	L374	S		653.2467	1.0311	0.0000	100.0330	39.2371	0.8230	0.8254	5.0000	17.1321	761.0734	94.9537	15.9219	24.3000	0.9300	0.9362	0.6787	-0.0016	761.0000	758.0261	1.0285	-1.2654	99.9980	39.0054	0.8230	0.8190	5.0000	-9999.0000	-9999.0000	-9999.0000	-9999.0000	-9999.0000	-9999.0000	18.4319	5	0	28.4937	1.0000	03	4	-9999.0000	15901	44894	-9999	2629	2580	-9999	497.3972	5	0.6531	0.6787	-0.0016	39.1073	4.0197	653.7274	304.9603	36.6204	633.5943	95.6481	674.4657	94.8611	682.7360	95.1620	688.9461	95.0694	
18/08/2017	01:18:30	019001	H374075729HLR	L374	S		645.6940	1.0311	0.0000	99.9495	39.4000	0.8230	0.8257	5.0000	17.1320	761.1251	94.9537	18.2620	24.3000	0.9300	0.9363	0.6744	-0.0013	761.0000	758.3898	1.0285	-1.2427	100.0396	39.0172	0.8230	0.8192	5.0000	-9999.0000	-9999.0000	-9999.0000	-9999.0000	-9999.0000	-9999.0000	18.3529	6	0	28.8725	1.0000	03	4	-9999.0000	15902	44895	-9999	2630	2581	-9999	495.2579	5	0.6532	0.6744	-0.0013	55.8518	2.9119	653.9777	312.7918	38.2407	635.4145	95.2778	671.5341	94.9537	679.3396	95.1157	683.6996	95.0926	
18/08/2017	01:18:56	019001	H374074748HLR	L374	S		647.0687	1.0311	0.0000	99.9675	39.4477	0.8230	0.8254	5.0000	17.2119	761.0753	94.9537	17.9719	24.2000	0.9300	0.9362	0.6693	-0.0009	761.0000	758.4698	1.0285	-1.2377	99.9729	39.0388	0.8230	0.8191	5.0000	-9999.0000	-9999.0000	-9999.0000	-9999.0000	-9999.0000	-9999.0000	18.4576	7	0	26.0433	1.0000	14	1	-9999.0000	15903	44896	-9999	2631	2582	-9999	495.8190	5	0.6534	0.6693	-0.0009	49.1386	3.3932	653.4160	314.6252	37.7315	634.6028	95.3704	672.2732	94.7685	679.4548	95.2315	684.3705	95.1157	
18/08/2017	01:19:31	019001	H374074793HLR	L374	S		657.3026	1.0311	0.0000	100.0013	39.4000	0.8230	0.8251	5.0000	17.4015	761.1171	94.9537	15.6015	24.3000	0.9300	0.9362	0.6693	-0.0009	761.0000	761.4647	1.0285	-1.0511	100.0199	39.0395	0.8230	0.8190	5.0000	-9999.0000	-9999.0000	-9999.0000	-9999.0000	-9999.0000	-9999.0000	18.3518	8	0	34.3050	1.0000	14	1	-9999.0000	15904	44897	-9999	2631	2583	-9999	498.2500	5	0.6534	0.6693	-0.0009	49.1386	3.3932	670.4664	316.4011	36.6898	651.9713	95.4630	688.3466	94.9074	695.7293	95.1620	700.2006	95.1157	
18/08/2017	01:19:58	019001	H374074659HLR	L374	S		655.1712	1.0311	0.0000	99.9943	39.4000	0.8230	0.8252	5.0000	17.3615	761.0879	94.9769	16.9923	24.3000	0.9300	0.9363	0.6730	-0.0011	761.0000	764.9999	1.0285	-0.8308	99.9346	39.0426	0.8230	0.8191	5.0000	-9999.0000	-9999.0000	-9999.0000	-9999.0000	-9999.0000	-9999.0000	18.3325	1	0	27.1829	1.0000	14	1	-9999.0000	15905	44898	-9999	2632	2584	-9999	497.5022	5	0.6537	0.6730	-0.0011	54.1050	3.1438	663.7081	308.4270	36.2037	644.1365	95.4398	682.9949	94.8611	691.5586	95.2083	696.3486	95.1157	
18/08/2017	01:20:28	019001	H374074669HLR	L374	S		651.7621	1.0311	0.0000	99.9353	39.4000	0.8230	0.8254	5.0000	17.2521	761.1023	94.9769	16.7725	24.3000	0.9300	0.9364	0.6764	-0.0013	761.0000	760.1901	1.0285	-1.1305	99.9411	39.0424	0.8230	0.8188	5.0000	-9999.0000	-9999.0000	-9999.0000	-9999.0000	-9999.0000	-9999.0000	18.4924	2	0	30.1335	1.0000	14	1	-9999.0000	15906	44899	-9999	2633	2585	-9999	497.8678	5	0.6536	0.6764	-0.0013	56.8305	3.0009	660.3000	310.4682	35.7870	640.7988	95.5324	679.1626	94.7222	687.7795	95.2315	692.0150	95.1157	
18/08/2017	01:20:56	019001	H374074674HLR	L374	S		662.0943	1.0311	0.0000	100.0335	39.4481	0.8230	0.8253	5.0000	17.1579	761.1190	94.9074	14.5115	24.3000	0.9300	0.9363	0.6764	-0.0013	761.0000	765.1060	1.0285	-0.8242	99.8713	39.0299	0.8230	0.8190	5.0000	-9999.0000	-9999.0000	-9999.0000	-9999.0000	-9999.0000	-9999.0000	18.3929	3	0	28.0238	1.0000	14	1	-9999.0000	15907	44900	-9999	2634	2586	-9999	500.4477	5	0.6536	0.6764	-0.0013	56.8305	3.0009	670.1512	308.9337	38.5880	650.2596	95.1157	690.1440	94.9074	698.0033	95.1852	703.3397	95.1389	
18/08/2017	01:21:24	019001	H374074677HLR	L374	S		643.0681	1.0311	0.0000	100.0699	39.4240	0.8230	0.8253	5.0000	17.1319	761.0586	94.9537	22.0124	24.3000	0.9300	0.9365	0.6728	-0.0011	761.0000	763.5575	1.0285	-0.9207	100.0523	39.0649	0.8230	0.8190	5.0000	-9999.0000	-9999.0000	-9999.0000	-9999.0000	-9999.0000	-9999.0000	18.4514	4	0	27.9731	1.0000	14	1	-9999.0000	15908	44901	-9999	2635	2587	-9999	493.4379	5	0.6531	0.6728	-0.0011	62.3355	2.7005	645.4286	313.6183	37.1065	624.8811	95.6481	662.4648	94.9537	669.9079	95.1389	673.9962	95.0926	
18/08/2017	01:21:51	019001	H374074684HLR	L374	S		655.1427	1.0311	0.0000	100.0645	39.4207	0.8230	0.8252	5.0000	17.3517	761.1171	94.9306	15.6611	24.3000	0.9300	0.9364	0.6728	-0.0011	761.0000	761.6478	1.0285	-1.0397	99.8893	39.0638	0.8230	0.8190	5.0000	-9999.0000	-9999.0000	-9999.0000	-9999.0000	-9999.0000	-9999.0000	18.4318	5	0	27.3227	1.0000	14	1	-9999.0000	15909	44902	-9999	2636	2588	-9999	498.6425	5	0.6531	0.6728	-0.0011	62.3355	2.7005	666.4192	289.6192	35.4398	646.6832	95.5556	686.0788	94.7685	692.7573	95.1852	698.1746	95.1620	
18/08/2017	01:22:22	019001	H374074686HLR	L374	S		647.7526	1.0311	0.0000	99.9813	39.4500	0.8230	0.8253	5.0000	17.1125	761.0821	95.0000	18.0823	24.3000	0.9300	0.9362	0.6659	-0.0007	761.0000	759.5483	1.0285	-1.1705	99.9673	39.0748	0.8230	0.8190	5.0000	-9999.0000	-9999.0000	-9999.0000	-9999.0000	-9999.0000	-9999.0000	18.5020	6	0	30.2840	1.0000	14	1	-9999.0000	15910	44903	-9999	2637	2589	-9999	496.5119	5	0.6533	0.6659	-0.0007	64.7919	2.5725	656.9091	315.9587	37.2222	637.8163	95.4167	673.8481	94.8611	681.9393	95.2315	686.4619	95.0926	
18/08/2017	01:22:53	019001	H374074743HLR	L374	S		651.4120	1.0311	0.0000	100.0376	39.4000	0.8230	0.8253	5.0000	17.0821	761.1034	94.9537	16.5616	24.3000	0.9300	0.9363	0.6592	-0.0003	761.0000	759.7721	1.0285	-1.1566	100.0136	39.0770	0.8230	0.8190	5.0000	-9999.0000	-9999.0000	-9999.0000	-9999.0000	-9999.0000	-9999.0000	18.4125	7	0	31.0536	1.0000	14	1	-9999.0000	15911	44904	-9999	2638	2590	-9999	497.7518	5	0.6531	0.6592	-0.0003	65.1583	2.5578	668.8107	317.1688	38.1944	650.2216	95.2778	685.7053	94.8380	692.9839	95.2546	697.0282	95.0694	
18/08/2017	01:23:22	019001	H374074747HLR	L374	S		651.8337	1.0311	0.0000	99.9732	39.4500	0.8230	0.8253	5.0000	17.3214	761.0787	94.9306	15.9629	24.3000	0.9300	0.9362	0.6592	-0.0003	761.0000	759.4066	1.0285	-1.1794	100.0024	39.0714	0.8230	0.8189	5.0000	-9999.0000	-9999.0000	-9999.0000	-9999.0000	-9999.0000	-9999.0000	18.5422	8	0	29.5944	1.0000	14	1	-9999.0000	15912	44905	-9999	2639	2591	-9999	498.1007	5	0.6531	0.6592	-0.0003	65.1583	2.5578	673.6900	313.0987	37.6157	653.1580	95.4398	694.2669	94.8611	700.4913	95.2315	704.9794	95.1389	
18/08/2017	01:23:52	019001	H374074754HLR	L374	S		652.5503	1.0311	0.0000	99.9220	39.4500	0.8230	0.8253	5.0000	17.1914	761.0971	94.9074	15.8320	24.3000	0.9300	0.9362	0.6600	-0.0003	761.0000	759.3507	1.0285	-1.1828	100.0151	39.0627	0.8230	0.8189	5.0000	-9999.0000	-9999.0000	-9999.0000	-9999.0000	-9999.0000	-9999.0000	18.4817	1	0	29.9929	1.0000	14	1	-9999.0000	15913	44906	-9999	2640	2592	-9999	498.2297	5	0.6531	0.6600	-0.0003	66.9397	2.4740	675.1758	316.7328	37.5926	655.9895	95.4630	692.9872	94.8380	698.7828	95.2083	703.6960	95.1389	
18/08/2017	01:24:21	019001	H374075000HLR	L374	S		644.3863	1.0311	0.0000	100.0399	39.4500	0.8230	0.8253	5.0000	17.2324	761.0513	95.0000	18.2327	24.3000	0.9300	0.9363	0.6590	-0.0003	761.0000	759.8827	1.0285	-1.1497	100.0190	39.0683	0.8230	0.8189	5.0000	-9999.0000	-9999.0000	-9999.0000	-9999.0000	-9999.0000	-9999.0000	18.5022	2	0	28.5542	1.0000	14	1	-9999.0000	15914	44907	-9999	2641	2593	-9999	497.4967	5	0.6531	0.6590	-0.0003	69.5162	2.3347	665.8962	316.9177	35.6944	647.2449	95.9028	683.6979	95.0463	690.1626	95.1157	694.3924	95.1620	
18/08/2017	01:24:51	019001	H374074988HLR	L374	S		644.4125	1.0311	0.0000	99.9668	39.4500	0.8230	0.8253	5.0000	17.2217	761.0631	95.0000	19.5522	24.2000	0.9300	0.9362	0.6588	-0.0003	761.0000	761.8600	1.0285	-1.0265	100.0233	39.0758	0.8230	0.8190	5.0000	-9999.0000	-9999.0000	-9999.0000	-9999.0000	-9999.0000	-9999.0000	18.3713	3	0	30.2234	1.0000	14	1	-9999.0000	15915	44908	-9999	2642	2594	-9999	497.2935	5	0.6533	0.6588	-0.0003	71.1620	2.2458	663.4762	315.7277	37.5463	644.9148	95.5093	680.0413	94.8148	686.4901	95.1852	690.4764	95.1620	
18/08/2017	01:25:20	019001	H374074996HLR	L374	S		649.2429	1.0311	0.0000	100.0368	39.4500	0.8230	0.8252	5.0000	17.1016	761.1137	95.0000	17.5422	24.3000	0.9300	0.9361	0.6742	-0.0012	761.0000	761.3182	1.0285	-1.0602	99.9635	39.0762	0.8230	0.8190	5.0000	-9999.0000	-9999.0000	-9999.0000	-9999.0000	-9999.0000	-9999.0000	18.4523	4	0	29.1130	1.0000	14	1	-9999.0000	15916	44909	-9999	2643	2595	-9999	497.9462	5	0.6536	0.6742	-0.0012	70.4952	2.2814	670.1412	318.2182	36.6435	650.6982	95.5324	687.6602	95.0000	694.1251	95.0926	698.3918	95.1389	
18/08/2017	01:25:49	019001	H374074749HLR	L374	S		642.9516	1.0311	0.0000	100.0506	39.4354	0.8230	0.8249	5.0000	18.2921	761.0823	94.9769	18.5023	24.3000	0.9300	0.9363	0.6587	-0.0002	761.0000	757.8488	1.0285	-1.2764	99.8251	39.0796	0.8230	0.8189	5.0000	-9999.0000	-9999.0000	-9999.0000	-9999.0000	-9999.0000	-9999.0000	18.3918	5	0	29.0738	1.0000	14	1	-9999.0000	15917	44910	-9999	2644	2596	-9999	496.0059	5	0.6536	0.6587	-0.0002	71.1139	2.2499	649.2382	310.2726	37.8241	629.9545	95.5324	666.2013	95.0000	673.6085	95.1157	678.8958	95.1389	
18/08/2017	01:26:19	019001	H374074774HLR	L374	S		648.4027	1.0311	0.0000	99.9838	39.4500	0.8230	0.8253	5.0000	17.2619	761.0816	94.9769	16.5020	24.3000	0.9300	0.9362	0.6622	-0.0004	761.0000	759.0426	1.0285	-1.2020	99.9949	39.0766	0.8230	0.8189	5.0000	-9999.0000	-9999.0000	-9999.0000	-9999.0000	-9999.0000	-9999.0000	18.5522	6	0	29.8835	1.0000	14	1	-9999.0000	15918	44911	-9999	2645	2597	-9999	498.3987	5	0.6538	0.6622	-0.0004	62.5793	2.7850	672.3803	316.8921	38.0324	653.1355	95.3241	689.4161	94.8148	696.4826	95.2315	700.6834	95.1389	
18/08/2017	01:26:52	019001	H374074769HLR	L374	Q		647.7248	1.0311	0.0000	99.9572	39.4724	0.8230	0.8251	5.0000	17.4522	761.0693	94.9769	18.7025	24.3000	0.9300	0.9364	0.6620	-0.0004	761.0000	763.0475	1.0285	-0.4836	100.0436	39.0819	0.8230	0.8189	5.0000	-9999.0000	-9999.0000	-9999.0000	-9999.0000	-9999.0000	-9999.0000	18.5532	7	0	33.3038	1.0000	14	1	-9999.0000	15919	44912	-9999	2646	2598	-9999	497.6912	5	0.6538	0.6620	-0.0004	61.8209	2.8441	666.6649	320.5202	36.0648	647.5089	95.8102	683.7046	94.9769	689.8692	95.1852	694.2115	95.1389	
18/08/2017	01:27:19	019001	H374074766HLR	L374	Q		648.4017	1.0311	0.0000	100.0264	39.4500	0.8230	0.8251	5.0000	17.4023	761.0840	95.0000	17.0411	24.3000	0.9300	0.9363	0.6657	-0.0006	761.0000	760.0475	1.0285	-0.6706	99.9762	39.0842	0.8230	0.8189	5.0000	-9999.0000	-9999.0000	-9999.0000	-9999.0000	-9999.0000	-9999.0000	18.5132	8	0	27.0336	1.0000	14	1	-9999.0000	15920	44913	-9999	2647	2599	-9999	498.2107	5	0.6538	0.6657	-0.0006	61.3115	2.8799	668.8770	313.0564	36.7824	649.2971	95.5324	686.6561	94.8380	693.1646	95.1389	698.4929	95.1620	
18/08/2017	01:27:48	019001	H374074762HLR	L374	S		648.5212	1.0311	0.0000	99.9326	39.4500	0.8230	0.8252	5.0000	17.1621	761.0734	94.9769	17.4123	24.3000	0.9300	0.9364	0.6672	-0.0007	761.0000	760.5297	1.0285	-0.6405	100.0889	39.0736	0.8230	0.8188	5.0000	-9999.0000	-9999.0000	-9999.0000	-9999.0000	-9999.0000	-9999.0000	18.5617	1	0	28.6735	1.0000	14	1	-9999.0000	15921	44914	-9999	2648	2600	-9999	498.2243	5	0.6548	0.6672	-0.0007	61.4792	2.8747	662.4960	314.9277	35.5324	642.3037	95.8102	681.9286	94.7222	689.3146	95.2546	694.2035	95.1157	
18/08/2017	01:28:20	019001	H374074758HLR	L374	S		647.0722	1.0311	0.0000	99.9499	39.4500	0.8230	0.8252	5.0000	17.3116	761.0972	94.9769	17.7922	24.3000	0.9300	0.9363	0.6709	-0.0009	761.0000	760.4906	1.0285	-0.6430	100.0501	39.0703	0.8230	0.8189	5.0000	-9999.0000	-9999.0000	-9999.0000	-9999.0000	-9999.0000	-9999.0000	18.6223	2	0	31.8838	1.0000	14	1	-9999.0000	15922	44915	-9999	2649	2601	-9999	498.1432	5	0.6546	0.6709	-0.0009	61.5506	2.8728	660.0457	313.2509	35.0231	640.3069	95.7407	678.9436	94.7685	686.0695	95.2083	690.9905	95.1157	
18/08/2017	01:28:49	019001	H374074779HLR	L374	S		647.0365	1.0311	0.0000	100.0138	39.4500	0.8230	0.8252	5.0000	17.2521	761.0902	94.9537	21.4528	24.3000	0.9300	0.9363	0.6712	-0.0009	761.0000	766.0780	1.0285	-0.2948	99.9541	39.1007	0.8230	0.8189	5.0000	-9999.0000	-9999.0000	-9999.0000	-9999.0000	-9999.0000	-9999.0000	18.4917	3	0	29.5035	1.0000	14	1	-9999.0000	15923	44916	-9999	2650	2602	-9999	495.4735	5	0.6547	0.6712	-0.0009	62.2497	2.8501	656.2203	309.5239	35.6481	635.8356	95.6019	677.9007	94.8148	684.6634	95.1389	687.4329	95.0694	
18/08/2017	01:29:19	019001	H374074785HLR	L374	S		662.1463	1.0311	0.0000	100.0460	39.4836	0.8230	0.8251	5.0000	17.2422	761.0694	94.9074	14.9120	24.3000	0.9300	0.9361	0.6712	-0.0009	761.0000	765.1355	1.0285	-0.3535	99.9586	39.0889	0.8230	0.8187	5.0000	-9999.0000	-9999.0000	-9999.0000	-9999.0000	-9999.0000	-9999.0000	18.5119	4	0	29.5838	1.0000	14	1	-9999.0000	15924	44917	-9999	2651	2603	-9999	500.2223	5	0.6547	0.6712	-0.0009	62.2497	2.8501	669.4559	292.8116	34.7454	647.6211	95.7176	693.1278	94.9074	700.2997	95.0926	705.8274	95.1620	
18/08/2017	01:29:48	019001	H374074788HLR	L374	S		654.8319	1.0311	0.0000	100.1040	39.4500	0.8230	0.8251	5.0000	17.2618	761.0658	95.0000	16.9122	24.3000	0.9300	0.9363	0.6732	-0.0010	761.0000	763.8351	1.0285	-0.4345	100.0340	39.0756	0.8230	0.8188	5.0000	-9999.0000	-9999.0000	-9999.0000	-9999.0000	-9999.0000	-9999.0000	18.5317	5	0	28.9634	1.0000	14	1	-9999.0000	15925	44918	-9999	2652	2604	-9999	498.8528	5	0.6547	0.6732	-0.0010	72.2820	2.3033	659.9787	291.5911	34.1898	637.3475	95.7870	682.7490	94.7222	690.7547	95.2083	695.7584	95.1389	
18/08/2017	01:30:15	019001	H374075151HLR	L374	S		643.6963	1.0311	0.0000	99.9662	39.4500	0.8230	0.8253	5.0000	17.1124	761.0942	94.9769	19.8218	24.3000	0.9300	0.9361	0.6857	-0.0017	761.0000	761.8426	1.0285	-0.5587	99.9226	39.0844	0.8230	0.8189	5.0000	-9999.0000	-9999.0000	-9999.0000	-9999.0000	-9999.0000	-9999.0000	18.4817	6	0	27.3636	1.0000	14	1	-9999.0000	15926	44919	-9999	2653	2605	-9999	496.6795	5	0.6538	0.6857	-0.0017	72.2825	2.3037	646.5477	295.4840	35.6713	625.7814	95.5324	666.5696	95.0694	673.3491	95.0926	678.4296	95.1389	
18/08/2017	01:30:46	019001	H374075147HLR	L374	S		648.4922	1.0311	0.0000	99.9078	39.4881	0.8230	0.8250	5.0000	18.0823	761.1170	94.9537	17.9416	24.3000	0.9300	0.9362	0.6865	-0.0018	761.0000	761.2172	1.0285	-0.5977	99.9858	39.0903	0.8230	0.8189	5.0000	-9999.0000	-9999.0000	-9999.0000	-9999.0000	-9999.0000	-9999.0000	18.5822	7	0	30.3035	1.0000	14	1	-9999.0000	15927	44920	-9999	2654	2606	-9999	498.0926	5	0.6537	0.6865	-0.0018	72.2835	2.3018	643.5225	300.1068	34.8843	624.4470	95.5093	662.9532	95.0231	670.4073	95.0926	676.3248	95.1620	
18/08/2017	01:31:14	019001	H374075145HLR	L374	S		649.6927	1.0311	0.0000	100.0485	39.4925	0.8230	0.8250	5.0000	17.7318	761.0948	95.0000	17.5422	24.3000	0.9300	0.9363	0.6894	-0.0020	761.0000	761.8132	1.0285	-0.5605	99.9266	39.0965	0.8230	0.8190	5.0000	-9999.0000	-9999.0000	-9999.0000	-9999.0000	-9999.0000	-9999.0000	18.4222	8	0	28.8141	1.0000	14	1	-9999.0000	15928	44921	-9999	2655	2607	-9999	498.5447	5	0.6537	0.6894	-0.0020	72.5523	2.2819	645.2249	305.6133	35.3472	625.5267	95.4861	664.6256	94.8148	672.6691	95.1852	678.2221	95.1852	
18/08/2017	01:31:43	019001	H374075140HLR	L374	S		648.6704	1.0311	0.0000	100.0447	39.4500	0.8230	0.8252	5.0000	17.2316	761.0709	94.9769	17.4728	24.3000	0.9300	0.9363	0.6843	-0.0017	761.0000	761.6795	1.0285	-0.5689	99.9865	39.1001	0.8230	0.8188	5.0000	-9999.0000	-9999.0000	-9999.0000	-9999.0000	-9999.0000	-9999.0000	18.5529	1	0	28.8727	1.0000	14	1	-9999.0000	15929	44922	-9999	2656	2608	-9999	498.4838	5	0.6535	0.6843	-0.0017	72.5019	2.2945	641.9790	299.8974	37.4769	622.1435	95.3241	661.9181	94.9537	669.9968	95.1157	676.2487	95.1620	
18/08/2017	01:32:08	019001	error reading	L374	S		0.0000	0.0000	0.0000	0.0000	0.0000	0.8230	0.0000	0.0000	0.0000	0.0000	0.0000	0.0000	0.0000	0.9300	0.0000	0.0000	0.0000	0.0000	0.0000	0.0000	0.0000	0.0000	0.0000	0.8230	0.0000	0.0000	0.0000	0.0000	0.0000	0.0000	0.0000	0.0000	0.0000	0	28	28.8727	1.0000	14	1	0.0000	0	0	0	0	0	0	0.0000	0	0.0000	0.0000	0.0000	0.0000	0.0000	0.0000	0.0000	0.0000	0.0000	0.0000	0.0000	0.0000	0.0000	0.0000	0.0000	0.0000	
18/08/2017	01:32:29	019001	H374073678HLR	L374	S		662.9948	1.0311	0.0000	99.9922	39.4787	0.8230	0.8252	5.0000	17.1817	761.1165	94.8843	15.3417	24.3000	0.9300	0.9362	0.6843	-0.0017	761.0000	768.5671	1.0285	-0.1396	100.0466	39.0834	0.8230	0.8188	5.0000	-9999.0000	-9999.0000	-9999.0000	-9999.0000	-9999.0000	-9999.0000	18.5120	2	0	45.4157	1.0000	14	1	-9999.0000	15930	44923	-9999	2656	2609	-9999	501.1988	5	0.6535	0.6843	-0.0017	72.5019	2.2945	661.9048	306.7314	37.0833	642.3221	95.3241	682.2469	94.7917	689.6925	95.2315	695.3709	95.1620	
18/08/2017	01:32:59	019001	H374075136HLR	L374	S		644.1211	1.0311	0.0000	100.0179	39.4548	0.8230	0.8252	5.0000	17.1113	761.1482	95.0000	18.7923	24.2000	0.9300	0.9362	0.6670	-0.0007	761.0000	761.0115	1.0285	-0.6105	99.9886	39.1020	0.8230	0.8189	5.0000	-9999.0000	-9999.0000	-9999.0000	-9999.0000	-9999.0000	-9999.0000	18.4818	3	0	30.0739	1.0000	14	1	-9999.0000	15931	44924	-9999	2657	2610	-9999	496.7480	5	0.6533	0.6670	-0.0007	57.9690	3.0725	639.8960	309.1108	37.1296	621.3165	95.6713	658.9188	95.0000	666.3912	95.1157	671.9540	95.1620	
18/08/2017	01:33:29	019001	H374075135HLR	L374	S		652.0582	1.0311	0.0000	99.9675	39.4854	0.8230	0.8252	5.0000	17.3127	761.0655	94.9537	16.7425	24.2000	0.9300	0.9362	0.6595	-0.0003	761.0000	761.1024	1.0285	-0.6048	99.9275	39.0307	0.8230	0.8185	5.0000	-9999.0000	-9999.0000	-9999.0000	-9999.0000	-9999.0000	-9999.0000	18.4719	4	0	30.4538	1.0000	14	1	-9999.0000	15932	44925	-9999	2658	2611	-9999	498.2020	5	0.6535	0.6595	-0.0003	57.9365	3.0844	666.1540	313.9988	36.3194	647.4662	95.5556	683.8755	94.7917	691.3787	95.2083	695.7218	95.1389	
18/08/2017	01:33:53	019001	error reading	L374	S		0.0000	0.0000	0.0000	0.0000	0.0000	0.8230	0.0000	0.0000	0.0000	0.0000	0.0000	0.0000	0.0000	0.9300	0.0000	0.0000	0.0000	0.0000	0.0000	0.0000	0.0000	0.0000	0.0000	0.8230	0.0000	0.0000	0.0000	0.0000	0.0000	0.0000	0.0000	0.0000	0.0000	0	28	30.4538	1.0000	14	1	0.0000	0	0	0	0	0	0	0.0000	0	0.0000	0.0000	0.0000	0.0000	0.0000	0.0000	0.0000	0.0000	0.0000	0.0000	0.0000	0.0000	0.0000	0.0000	0.0000	0.0000	
18/08/2017	01:44:51	019001	H374075045HLR	L374	S		649.1841	1.0311	0.0000	100.0410	39.4960	0.8230	0.8251	5.0000	17.2520	761.0480	94.9769	17.3625	24.3000	0.9300	0.9363	0.6535	0.0000	761.0000	761.3918	1.0285	-0.5868	99.9204	39.0424	0.8230	0.8191	5.0000	-9999.0000	-9999.0000	-9999.0000	-9999.0000	-9999.0000	-9999.0000	18.4633	5	0	682.2324	1.0000	14	1	-9999.0000	15933	44926	-9999	2659	2612	-9999	497.9838	5	0.6532	0.6535	0.0000	58.1177	3.0679	669.8846	316.6699	37.4074	650.9640	95.5093	688.0593	94.7917	694.2008	95.2315	698.7053	95.1389	
18/08/2017	01:45:21	019001	H374075111HLR	L374	S		643.3803	1.0311	0.0000	100.0277	39.4500	0.8230	0.8252	5.0000	17.2120	761.0486	95.0000	20.0229	24.2000	0.9300	0.9363	0.6612	-0.0004	761.0000	762.9032	1.0285	-0.4926	99.9265	39.1030	0.8230	0.8190	5.0000	-9999.0000	-9999.0000	-9999.0000	-9999.0000	-9999.0000	-9999.0000	18.5822	6	0	29.7535	1.0000	14	1	-9999.0000	15934	44927	-9999	2660	2613	-9999	497.7513	5	0.6529	0.6612	-0.0004	56.5376	3.1630	670.8870	323.1189	37.7546	652.5114	95.4167	685.6799	94.8148	690.8567	95.2083	695.1419	95.1620	
18/08/2017	01:45:49	019001	H374075120HLR	L374	S		646.7608	1.0311	0.0000	99.9932	39.4851	0.8230	0.8252	5.0000	17.2521	761.0810	94.9769	18.5823	24.3000	0.9300	0.9366	0.6611	-0.0004	761.0000	759.8956	1.0285	-0.6800	100.0178	38.7684	0.8230	0.8193	5.0000	-9999.0000	-9999.0000	-9999.0000	-9999.0000	-9999.0000	-9999.0000	18.5729	7	0	27.7340	1.0000	14	1	-9999.0000	15935	44928	-9999	2661	2614	-9999	496.9792	5	0.6529	0.6611	-0.0004	56.4720	3.1582	663.2743	311.5837	35.6713	643.7705	95.8796	679.3186	94.9537	686.3114	95.1157	691.4956	95.1157	
18/08/2017	01:46:20	019001	H374075128HLR	L374	S		645.2574	1.0311	0.0000	100.0286	39.4288	0.8230	0.8250	5.0000	17.1915	761.0584	95.0000	18.4417	24.3000	0.9300	0.9363	0.6567	-0.0002	761.0000	759.8113	1.0285	-0.6853	99.9319	38.9180	0.8230	0.8199	5.0000	-9999.0000	-9999.0000	-9999.0000	-9999.0000	-9999.0000	-9999.0000	18.1016	8	0	31.2440	1.0000	14	1	-9999.0000	15936	44929	-9999	2662	2615	-9999	496.9824	5	0.6536	0.6567	-0.0002	56.4040	3.1687	663.4092	320.0225	38.4259	644.6241	95.4167	680.7525	94.8843	687.0691	95.1852	691.3755	95.1157	
18/08/2017	01:46:50	019001	H374075116HLR	L374	S		646.8518	1.0311	0.0000	99.9930	39.4000	0.8230	0.8253	5.0000	17.2520	761.0771	94.9769	17.7121	24.3000	0.9300	0.9364	0.6666	-0.0007	761.0000	759.5858	1.0285	-0.6993	100.0909	38.9766	0.8230	0.8194	5.0000	-9999.0000	-9999.0000	-9999.0000	-9999.0000	-9999.0000	-9999.0000	18.1623	1	0	29.6031	1.0000	14	1	-9999.0000	15937	44930	-9999	2663	2616	-9999	497.4789	5	0.6535	0.6666	-0.0007	59.2573	3.0101	669.8384	318.7117	36.6667	649.9016	95.4398	687.7533	94.8148	693.8584	95.2315	697.8013	95.1157	
18/08/2017	01:47:23	019001	H374075008HLR	L374	S		648.2182	1.0311	0.0000	100.0354	39.5000	0.8230	0.8253	5.0000	17.3117	761.0794	95.0000	17.6418	24.3000	0.9300	0.9364	0.6684	-0.0008	761.0000	760.5316	1.0285	-0.6404	100.0482	38.9060	0.8230	0.8191	5.0000	-9999.0000	-9999.0000	-9999.0000	-9999.0000	-9999.0000	-9999.0000	18.3019	2	0	33.6143	1.0000	14	1	-9999.0000	15938	44931	-9999	2664	2617	-9999	497.7556	5	0.6535	0.6684	-0.0008	61.3647	2.8903	660.3404	268.8702	34.9306	634.7660	96.5278	679.0422	94.6759	685.5350	94.9769	690.8678	95.0694	
18/08/2017	01:47:54	019001	H374075012HLR	L374	S		653.7138	1.0311	0.0000	100.0224	39.1947	0.8230	0.8255	5.0000	17.0919	761.0625	94.9537	16.2823	24.2000	0.9300	0.9361	0.6661	-0.0007	761.0000	762.1592	1.0285	-0.5390	99.8995	38.9360	0.8230	0.8192	5.0000	-9999.0000	-9999.0000	-9999.0000	-9999.0000	-9999.0000	-9999.0000	18.4915	3	0	30.7332	1.0000	14	1	-9999.0000	15939	44932	-9999	2665	2618	-9999	498.7484	5	0.6538	0.6661	-0.0007	59.9784	2.9714	664.7683	310.5967	37.6852	644.6106	95.4167	684.4311	94.8843	692.1086	95.0694	696.9753	95.0694	
18/08/2017	01:48:24	019001	H374075020HLR	L374	S		647.2514	1.0311	0.0000	99.9980	39.3000	0.8230	0.8255	5.0000	18.1019	761.0550	94.9769	19.1723	24.2000	0.9300	0.9362	0.6667	-0.0007	761.0000	762.2901	1.0285	-0.5308	100.0444	38.9634	0.8230	0.8191	5.0000	-9999.0000	-9999.0000	-9999.0000	-9999.0000	-9999.0000	-9999.0000	18.4319	4	0	29.9745	1.0000	14	1	-9999.0000	15940	44933	-9999	2666	2619	-9999	497.1518	5	0.6538	0.6667	-0.0007	59.3109	3.0179	656.6262	313.3715	37.0602	636.5154	95.6250	676.6017	94.9537	682.5572	95.0694	686.2119	95.1620	
18/08/2017	01:48:51	019001	H374075032HLR	L374	S		647.9430	1.0311	0.0000	100.0180	39.4000	0.8230	0.8256	5.0000	17.3028	761.0413	94.9769	18.0823	24.2000	0.9300	0.9362	0.6668	-0.0007	761.0000	761.3667	1.0285	-0.5884	99.8848	38.9639	0.8230	0.8191	5.0000	-9999.0000	-9999.0000	-9999.0000	-9999.0000	-9999.0000	-9999.0000	18.4720	5	0	26.4727	1.0000	14	1	-9999.0000	15941	44934	-9999	2667	2620	-9999	497.7304	5	0.6538	0.6668	-0.0007	59.3103	3.0170	658.6092	316.1262	36.3426	637.2361	95.7407	678.8873	94.7917	686.3378	95.1389	690.5192	95.1157	
18/08/2017	01:49:21	019001	H374075028HLR	L374	S		641.7016	1.0311	0.0000	99.9648	39.3911	0.8230	0.8252	5.0000	17.3322	761.0542	94.9769	21.5026	24.1000	0.9300	0.9362	0.6642	-0.0006	761.0000	764.9692	1.0285	-0.3639	99.9934	38.9824	0.8230	0.8191	5.0000	-9999.0000	-9999.0000	-9999.0000	-9999.0000	-9999.0000	-9999.0000	18.5218	6	0	30.8231	1.0000	14	1	-9999.0000	15942	44935	-9999	2668	2621	-9999	495.9246	5	0.6538	0.6642	-0.0006	59.7670	2.9842	650.1885	305.5993	35.7176	629.5139	95.6019	668.7831	94.9537	675.3442	95.0463	679.6133	95.1389	
18/08/2017	02:04:42	019001	H374075040HLR	L374	S		645.2694	1.0311	0.0000	100.0633	39.3000	0.8230	0.8253	5.0000	17.0919	761.1010	95.0000	19.2318	24.1000	0.9300	0.9363	0.6659	-0.0007	761.0000	762.1419	1.0285	-0.5401	99.9463	39.0037	0.8230	0.8192	5.0000	-9999.0000	-9999.0000	-9999.0000	-9999.0000	-9999.0000	-9999.0000	18.5023	7	0	920.6917	1.0000	14	1	-9999.0000	15943	44936	-9999	2669	2622	-9999	497.2409	5	0.6538	0.6659	-0.0007	62.3512	2.8263	655.7698	312.2769	37.4074	635.4382	95.5556	674.9916	94.8148	682.5685	95.1389	687.0111	95.1157	
18/08/2017	02:05:12	019001	H374075034HLR	L374	S		645.7338	1.0311	0.0000	99.9815	39.3500	0.8230	0.8254	5.0000	17.2619	761.0783	94.9769	17.8928	24.2000	0.9300	0.9361	0.6652	-0.0006	761.0000	760.6019	1.0285	-0.6360	100.1031	39.0247	0.8230	0.8190	5.0000	-9999.0000	-9999.0000	-9999.0000	-9999.0000	-9999.0000	-9999.0000	18.5317	8	0	29.7137	1.0000	14	1	-9999.0000	15944	44937	-9999	2670	2623	-9999	497.7520	5	0.6539	0.6652	-0.0006	64.2154	2.7154	656.7488	314.5229	34.9306	636.0241	95.4630	676.7683	94.7685	683.7253	95.1389	689.0505	95.1389	
18/08/2017	02:05:42	019001	H374075024HLR	L374	S		658.8502	1.0311	0.0000	99.9968	39.3819	0.8230	0.8254	5.0000	17.1114	761.0675	94.9306	14.9725	24.2000	0.9300	0.9363	0.6652	-0.0006	761.0000	762.2135	1.0285	-0.5356	99.9205	38.7235	0.8230	0.8194	5.0000	-9999.0000	-9999.0000	-9999.0000	-9999.0000	-9999.0000	-9999.0000	18.5120	1	0	30.0543	1.0000	14	1	-9999.0000	15945	44938	-9999	2671	2624	-9999	499.1525	5	0.6539	0.6652	-0.0006	64.2154	2.7154	670.5220	315.9463	36.9213	649.8254	95.2315	692.6098	94.8148	700.4535	95.2315	705.4258	95.1389	
18/08/2017	02:06:18	019001	H374075044HLR	L374	S		646.4709	1.0311	0.0000	100.0295	39.3944	0.8230	0.8252	5.0000	17.8917	761.0690	95.0000	18.7025	24.2000	0.9300	0.9362	0.6755	-0.0012	761.0000	761.9329	1.0285	-0.5531	99.9209	38.8759	0.8230	0.8200	5.0000	-9999.0000	-9999.0000	-9999.0000	-9999.0000	-9999.0000	-9999.0000	18.1624	2	0	36.0239	1.0000	14	1	-9999.0000	15946	44939	-9999	2672	2625	-9999	497.3698	5	0.6531	0.6755	-0.0012	62.0917	2.8477	654.6046	309.6848	34.8148	633.4198	95.6944	676.5598	94.7685	684.1170	95.2083	689.0236	95.1389	
18/08/2017	02:06:51	019001	H374075050HLR	L374	S		646.6827	1.0311	0.0000	100.0214	39.4000	0.8230	0.8254	5.0000	17.1027	761.1186	95.0000	17.5715	24.2000	0.9300	0.9363	0.6844	-0.0017	761.0000	760.3811	1.0285	-0.6498	100.0251	38.7467	0.8230	0.8190	5.0000	-9999.0000	-9999.0000	-9999.0000	-9999.0000	-9999.0000	-9999.0000	18.1723	3	0	32.9639	1.0000	14	1	-9999.0000	15947	44940	-9999	2673	2625	-9999	498.2393	5	0.6533	0.6844	-0.0017	62.2917	2.8359	651.2979	314.4164	36.1806	631.8880	95.5787	669.8923	94.6991	677.8772	95.2315	683.5825	95.0926	
18/08/2017	02:07:23	019001	H374075054HLR	L374	S		650.9154	1.0311	0.0000	99.9794	39.4048	0.8230	0.8253	5.0000	17.2423	761.0843	95.0231	17.5822	24.1000	0.9300	0.9354	0.6668	-0.0007	761.0000	763.8429	1.0285	-0.4341	100.0097	38.8418	0.8230	0.8194	5.0000	-9999.0000	-9999.0000	-9999.0000	-9999.0000	-9999.0000	-9999.0000	18.4926	4	0	32.2344	1.0000	14	1	-9999.0000	15948	44941	-9999	2674	2626	-9999	498.5843	5	0.6534	0.6668	-0.0007	62.2924	2.8359	645.3640	260.4645	37.4074	620.8384	96.2037	665.8238	94.7685	673.4927	94.9074	679.2457	95.0926	
18/08/2017	02:07:54	019001	H374074792HLR	L374	S		645.5923	1.0311	0.0000	99.9865	39.1486	0.8230	0.8255	5.0000	17.9718	761.0497	94.9537	18.5325	24.2000	0.9300	0.9358	0.6703	-0.0009	761.0000	760.7327	1.0285	-0.6279	99.9133	38.8313	0.8230	0.8188	5.0000	-9999.0000	-9999.0000	-9999.0000	-9999.0000	-9999.0000	-9999.0000	18.3321	5	0	31.3534	1.0000	14	1	-9999.0000	15949	44941	-9999	2675	2627	-9999	497.2398	5	0.6533	0.6703	-0.0009	62.2954	2.8372	655.1541	302.3551	36.2269	634.6508	95.6481	674.5124	94.8843	681.5588	95.0463	685.9660	95.0926	
18/08/2017	02:08:32	019001	H374074658HLR	L374	S		647.7729	1.0311	0.0000	100.0035	39.2983	0.8230	0.8259	5.0000	17.4026	761.0663	94.9306	23.9326	24.1000	0.9300	0.9360	0.6707	-0.0010	761.0000	768.9580	1.0285	-0.1153	100.1073	38.8461	0.8230	0.8194	5.0000	-9999.0000	-9999.0000	-9999.0000	-9999.0000	-9999.0000	-9999.0000	18.3726	6	0	37.4743	1.0000	99	9	-9999.0000	15950	44942	-9999	2676	2628	-9999	493.1584	5	0.6533	0.6707	-0.0010	62.0864	2.8469	647.5953	301.2974	35.5787	626.2471	95.7870	669.4919	94.8148	676.6002	95.0926	680.8371	95.1389	
18/08/2017	02:09:05	019001	H374074655HLR	L374	S		646.4648	1.0311	0.0000	99.9626	39.3661	0.8230	0.8256	5.0000	17.2315	761.0775	94.9537	21.4821	24.1000	0.9300	0.9362	0.6697	-0.0009	761.0000	766.0293	1.0285	-0.2978	99.9987	38.9276	0.8230	0.8193	5.0000	-9999.0000	-9999.0000	-9999.0000	-9999.0000	-9999.0000	-9999.0000	18.3821	7	0	33.1048	1.0000	99	9	-9999.0000	15951	44943	-9999	2677	2629	-9999	494.8856	5	0.6532	0.6697	-0.0009	64.3975	2.7357	644.0391	300.5132	36.3889	623.2087	95.4861	665.5247	94.8148	672.3165	95.0463	676.9788	95.1157	
18/08/2017	02:09:38	019001	H374074651HLR	L374	S		647.7828	1.0311	0.0000	99.9726	39.2708	0.8230	0.8253	5.0000	17.1924	761.1034	95.0000	20.1626	24.2000	0.9300	0.9362	0.6849	-0.0017	761.0000	764.6301	1.0285	-0.3850	99.9878	38.8772	0.8230	0.8191	5.0000	-9999.0000	-9999.0000	-9999.0000	-9999.0000	-9999.0000	-9999.0000	18.3715	8	0	33.1534	1.0000	99	9	-9999.0000	15952	44944	-9999	2678	2630	-9999	495.7574	5	0.6531	0.6849	-0.0017	68.6118	2.5149	648.8022	312.9591	36.9907	628.9047	95.2315	668.7812	94.8148	675.2447	95.0694	680.8247	95.1389	
18/08/2017	02:10:12	019001	H374074668HLR	L374	S		649.9749	1.0311	0.0000	100.0298	39.2660	0.8230	0.8255	5.0000	17.3720	761.0858	95.0000	19.8520	24.1000	0.9300	0.9363	0.6823	-0.0016	761.0000	764.4091	1.0285	-0.3988	100.0096	38.9191	0.8230	0.8193	5.0000	-9999.0000	-9999.0000	-9999.0000	-9999.0000	-9999.0000	-9999.0000	18.3625	1	0	34.1341	1.0000	99	9	-9999.0000	15953	44945	-9999	2679	2631	-9999	495.6166	5	0.6522	0.6823	-0.0016	68.1642	2.5493	639.0935	309.9186	37.2222	619.6547	95.1620	657.7224	95.0694	665.8140	95.0463	671.1171	95.0926	
18/08/2017	02:10:47	019001	H374074801HLR	L374	S		646.5016	1.0311	0.0000	99.9922	39.3286	0.8230	0.8255	5.0000	17.6319	761.0763	94.9306	25.3732	24.1000	0.9300	0.9363	0.6912	-0.0021	761.0000	762.9203	1.0285	-0.4915	100.0764	38.9411	0.8230	0.8192	5.0000	-9999.0000	-9999.0000	-9999.0000	-9999.0000	-9999.0000	-9999.0000	18.3230	2	0	35.0343	1.0000	99	9	-9999.0000	15954	44946	-9999	2680	2632	-9999	488.9892	5	0.6515	0.6912	-0.0021	78.0770	2.0142	635.9744	309.2522	36.4815	616.6795	95.3241	652.4796	94.8380	661.0986	95.1852	665.5294	95.1157	
18/08/2017	02:11:15	019001	H374074664HLR	L374	S		645.4752	1.0311	0.0000	99.9547	39.3500	0.8230	0.8255	5.0000	17.0821	761.0869	94.9769	21.5925	24.1000	0.9300	0.9363	0.6937	-0.0022	761.0000	762.3201	1.0285	-0.5289	99.9232	38.9374	0.8230	0.8191	5.0000	-9999.0000	-9999.0000	-9999.0000	-9999.0000	-9999.0000	-9999.0000	18.4222	3	0	28.0836	1.0000	99	9	-9999.0000	15955	44947	-9999	2681	2633	-9999	492.3173	5	0.6515	0.6937	-0.0022	92.2011	1.2389	624.3229	290.1447	33.8657	603.2691	95.4167	646.3018	94.8148	654.2170	95.1620	659.3663	95.0926	
18/08/2017	02:11:48	019001	H374074661HLR	L374	S		643.5368	1.0311	0.0000	99.9485	39.2914	0.8230	0.8247	5.0000	19.1722	761.0903	95.0000	21.0729	24.2000	0.9300	0.9363	0.6888	-0.0020	761.0000	760.3388	1.0285	-0.6524	99.9930	38.9449	0.8230	0.8191	5.0000	-9999.0000	-9999.0000	-9999.0000	-9999.0000	-9999.0000	-9999.0000	18.3030	4	0	33.1836	1.0000	99	9	-9999.0000	15956	44948	-9999	2682	2634	-9999	492.7805	5	0.6511	0.6888	-0.0020	92.3507	1.2168	622.8978	299.7074	35.1852	603.8579	95.3241	643.3186	95.0463	651.1311	95.0694	656.6092	95.1157	
18/08/2017	02:12:14	019001	H374074671HLR	L374	S		636.1545	1.0311	0.0000	99.9684	39.3303	0.8230	0.8254	5.0000	17.6222	761.0744	95.0000	22.6326	24.1000	0.9300	0.9363	0.6823	-0.0017	761.0000	757.1286	1.0285	-0.8525	99.9957	38.9590	0.8230	0.8194	5.0000	-9999.0000	-9999.0000	-9999.0000	-9999.0000	-9999.0000	-9999.0000	18.3421	5	0	25.1233	1.0000	99	9	-9999.0000	15957	44949	-9999	2683	2635	-9999	490.2579	5	0.6497	0.6823	-0.0017	91.3591	1.2611	617.7725	289.4113	34.6759	598.4757	95.5556	637.2221	94.7917	644.7205	95.1389	650.7372	95.1620	
18/08/2017	02:12:40	019001	H374074676HLR	L374	S		639.2539	1.0311	0.0000	99.9790	39.3628	0.8230	0.8254	5.0000	17.2022	761.0785	94.9769	22.9325	24.1000	0.9300	0.9362	0.6876	-0.0019	761.0000	759.7705	1.0285	-0.6878	100.0025	38.9780	0.8230	0.8191	5.0000	-9999.0000	-9999.0000	-9999.0000	-9999.0000	-9999.0000	-9999.0000	18.4123	6	0	26.5430	1.0000	99	9	-9999.0000	15958	44949	-9999	2684	2636	-9999	490.4497	5	0.6487	0.6876	-0.0019	92.8715	1.1740	628.1248	303.7491	35.1157	608.6551	95.5324	647.0558	94.7917	654.1474	95.1389	659.8349	95.1157	
18/08/2017	02:13:12	019001	H374074673HLR	L374	S		654.3064	1.0311	0.0000	100.0504	39.3455	0.8230	0.8253	5.0000	17.1524	761.0945	94.9537	16.5821	24.2000	0.9300	0.9363	0.6863	-0.0019	761.0000	763.1476	1.0285	-0.4774	99.9776	38.9728	0.8230	0.8192	5.0000	-9999.0000	-9999.0000	-9999.0000	-9999.0000	-9999.0000	-9999.0000	18.4123	7	0	32.4045	1.0000	99	9	-9999.0000	15959	44950	-9999	2685	2637	-9999	499.3006	5	0.6482	0.6863	-0.0019	92.7059	1.1716	645.9188	289.5063	33.8426	627.0927	95.1620	668.6829	94.8611	677.1850	95.1852	682.7807	95.1157	
18/08/2017	02:13:46	019001	H374074683HLR	L374	S		643.5910	1.0311	0.0000	99.9871	39.3255	0.8230	0.8253	5.0000	17.6926	761.0738	95.0000	21.0924	24.1000	0.9300	0.9364	0.6816	-0.0016	761.0000	760.8724	1.0285	-0.6192	100.0055	39.0040	0.8230	0.8192	5.0000	-9999.0000	-9999.0000	-9999.0000	-9999.0000	-9999.0000	-9999.0000	18.4721	8	0	33.5536	1.0000	99	9	-9999.0000	15960	44951	-9999	2686	2638	-9999	492.6887	5	0.6474	0.6816	-0.0016	89.4815	1.3343	629.9768	303.7991	38.2870	610.3049	95.2778	649.4567	94.8611	657.2515	95.2083	662.5326	95.1157	
18/08/2017	02:14:52	019001	H374074742HLR	L374	S		666.4419	1.0311	0.0000	99.9494	39.4207	0.8230	0.8253	5.0000	17.2413	761.0743	94.9074	14.4617	24.3000	0.9300	0.9366	0.6824	-0.0016	761.0000	766.5773	1.0285	-0.2636	100.1124	38.8282	0.8230	0.8186	5.0000	-9999.0000	-9999.0000	-9999.0000	-9999.0000	-9999.0000	-9999.0000	18.4221	2	0	32.7138	1.0000	99	9	-9999.0000	15962	44952	-9999	2688	2639	-9999	501.3058	5	0.6467	0.6824	-0.0016	88.8434	1.3670	661.3665	290.0340	34.0509	639.2946	95.8796	685.7137	94.7685	694.5837	95.1620	700.7511	95.1157	
18/08/2017	02:15:24	019001	H374074744HLR	L374	S		642.9810	1.0311	0.0000	99.9768	39.3500	0.8230	0.8254	5.0000	17.2413	761.1291	95.0231	20.9332	24.1000	0.9300	0.9363	0.6772	-0.0014	761.0000	760.9586	1.0285	-0.6138	99.9819	38.9434	0.8230	0.8195	5.0000	-9999.0000	-9999.0000	-9999.0000	-9999.0000	-9999.0000	-9999.0000	18.3226	3	0	31.5742	1.0000	99	9	-9999.0000	15963	44953	-9999	2689	2640	-9999	492.8938	5	0.6472	0.6772	-0.0014	77.5372	1.8886	638.1990	300.7052	36.5741	618.1109	95.6250	657.6970	94.8148	665.0993	95.1852	669.8323	95.0926	
18/08/2017	02:15:55	019001	H374074752HLR	L374	S		642.8879	1.0311	0.0000	100.0079	39.3899	0.8230	0.8254	5.0000	17.5217	761.0667	94.9769	21.5124	24.1000	0.9300	0.9363	0.6772	-0.0014	761.0000	761.1536	1.0285	-0.6016	100.0404	39.0116	0.8230	0.8192	5.0000	-9999.0000	-9999.0000	-9999.0000	-9999.0000	-9999.0000	-9999.0000	18.3820	4	0	31.1541	1.0000	99	9	-9999.0000	15964	44953	-9999	2690	2641	-9999	492.3644	5	0.6472	0.6772	-0.0014	77.5372	1.8886	639.4024	302.5464	34.3981	619.6814	95.6944	657.5673	94.8380	664.7464	95.1620	669.6114	95.1157	
18/08/2017	02:16:26	019001	H374074990HLR	L374	S		640.4415	1.0311	0.0000	100.0011	39.3875	0.8230	0.8248	5.0000	18.9730	761.0551	94.9537	21.7527	24.1000	0.9300	0.9363	0.6729	-0.0012	761.0000	760.6163	1.0285	-0.6351	100.0630	38.9897	0.8230	0.8191	5.0000	-9999.0000	-9999.0000	-9999.0000	-9999.0000	-9999.0000	-9999.0000	18.4116	5	0	31.0439	1.0000	99	9	-9999.0000	15965	44954	-9999	2691	2642	-9999	492.0814	5	0.6480	0.6729	-0.0012	78.0915	1.8540	634.0128	310.7946	37.8472	613.4714	95.2778	653.9885	94.7917	662.5524	95.1620	666.5682	95.1389	
18/08/2017	02:16:57	019001	H374074992HLR	L374	S		646.2733	1.0311	0.0000	100.0641	39.3970	0.8230	0.8254	5.0000	17.0919	761.1077	94.9769	20.6217	24.1000	0.9300	0.9364	0.6729	-0.0012	761.0000	762.5123	1.0285	-0.5170	99.9743	38.9824	0.8230	0.8190	5.0000	-9999.0000	-9999.0000	-9999.0000	-9999.0000	-9999.0000	-9999.0000	18.4826	6	0	31.5037	1.0000	99	9	-9999.0000	15966	44955	-9999	2692	2643	-9999	493.2490	5	0.6479	0.6729	-0.0012	77.4131	1.8860	643.7621	299.8297	35.8796	623.2708	95.4167	664.5260	95.0000	671.7794	95.0694	676.2910	95.1620	
18/08/2017	02:17:27	019001	H374074994HLR	L374	S		647.5905	1.0311	0.0000	100.0290	39.3775	0.8230	0.8251	5.0000	17.7717	761.0656	95.0000	20.0122	24.2000	0.9300	0.9363	0.6735	-0.0012	761.0000	761.9680	1.0285	-0.5509	99.9417	38.9985	0.8230	0.8191	5.0000	-9999.0000	-9999.0000	-9999.0000	-9999.0000	-9999.0000	-9999.0000	18.4817	7	0	30.0937	1.0000	99	9	-9999.0000	15967	44956	-9999	2693	2644	-9999	493.8119	5	0.6477	0.6735	-0.0012	77.7328	1.8755	644.9289	291.9801	34.3056	624.6732	95.6019	665.2233	94.7454	672.3436	95.1852	677.4352	95.1389	
18/08/2017	02:17:57	019001	H374074995HLR	L374	S		648.6415	1.0311	0.0000	100.0054	39.4000	0.8230	0.8254	5.0000	17.1018	761.0904	95.0000	19.0629	24.2000	0.9300	0.9363	0.6682	-0.0010	761.0000	761.5429	1.0285	-0.5774	99.9915	39.0009	0.8230	0.8191	5.0000	-9999.0000	-9999.0000	-9999.0000	-9999.0000	-9999.0000	-9999.0000	18.4524	8	0	29.6635	1.0000	99	9	-9999.0000	15968	44957	-9999	2694	2645	-9999	494.7760	5	0.6483	0.6682	-0.0010	69.0058	2.2887	648.3164	304.3858	36.2037	628.9171	95.3935	667.9131	94.8611	674.8126	95.0694	680.8489	95.1620	
18/08/2017	02:18:28	019001	H374074680HLR	L374	S		649.1792	1.0311	0.0000	99.9262	39.3995	0.8230	0.8253	5.0000	17.2814	761.0605	94.9769	19.4926	24.2000	0.9300	0.9365	0.6677	-0.0010	761.0000	761.6808	1.0285	-0.5688	100.0550	39.0078	0.8230	0.8191	5.0000	-9999.0000	-9999.0000	-9999.0000	-9999.0000	-9999.0000	-9999.0000	18.4124	1	0	30.7537	1.0000	99	9	-9999.0000	15969	44958	-9999	2695	2646	-9999	494.0522	5	0.6484	0.6677	-0.0010	76.5675	1.9437	651.2870	296.8411	36.1343	629.3368	95.3704	671.3559	95.0231	677.4327	95.0926	682.1706	95.1389	
18/08/2017	02:19:00	019001	H374075001HLR	L374	S		649.8149	1.0311	0.0000	99.9954	39.4000	0.8230	0.8254	5.0000	17.1628	761.0555	94.9769	19.4418	24.1000	0.9300	0.9363	0.6681	-0.0010	761.0000	762.6128	1.0285	-0.5107	99.8917	39.0122	0.8230	0.8192	5.0000	-9999.0000	-9999.0000	-9999.0000	-9999.0000	-9999.0000	-9999.0000	18.5219	2	0	31.8438	1.0000	99	9	-9999.0000	15970	44959	-9999	2696	2647	-9999	494.0593	5	0.6484	0.6681	-0.0010	75.7394	1.9823	655.7145	310.9237	34.6065	635.8894	95.6019	674.9563	95.0463	680.9920	95.0463	685.5904	95.1620	
18/08/2017	02:19:31	019001	H374074763HLR	L374	S		648.0508	1.0311	0.0000	99.9518	39.4000	0.8230	0.8254	5.0000	17.1514	761.1002	94.9769	18.6019	24.2000	0.9300	0.9363	0.6683	-0.0010	761.0000	761.4013	1.0285	-0.5862	100.0908	39.0173	0.8230	0.8190	5.0000	-9999.0000	-9999.0000	-9999.0000	-9999.0000	-9999.0000	-9999.0000	18.4826	3	0	31.6736	1.0000	99	9	-9999.0000	15971	44960	-9999	2697	2648	-9999	494.6352	5	0.6487	0.6683	-0.0010	75.6953	1.9775	652.1168	304.1158	33.9815	631.5857	95.6019	674.5614	94.9306	682.0496	95.0926	686.3020	95.1157	
18/08/2017	02:20:02	019001	H374074767HLR	L374	S		653.9831	1.0311	0.0000	99.9242	39.4000	0.8230	0.8253	5.0000	17.2022	761.0750	94.9537	17.5617	24.2000	0.9300	0.9363	0.6681	-0.0010	761.0000	762.6294	1.0285	-0.5097	99.9887	39.0134	0.8230	0.8190	5.0000	-9999.0000	-9999.0000	-9999.0000	-9999.0000	-9999.0000	-9999.0000	18.4622	4	0	31.1034	1.0000	99	9	-9999.0000	15972	44961	-9999	2698	2649	-9999	495.4619	5	0.6490	0.6681	-0.0010	61.9451	2.6405	656.1303	300.1765	34.7454	634.5697	95.5324	678.3832	95.0694	685.4446	95.0926	690.6106	95.1620	
18/08/2017	02:20:35	019001	H374074771HLR	L374	S		647.4031	1.0311	0.0000	100.0316	39.4000	0.8230	0.8254	5.0000	17.2227	761.1036	95.0000	19.2621	24.2000	0.9300	0.9364	0.6679	-0.0010	761.0000	761.3426	1.0285	-0.5899	99.9906	39.0106	0.8230	0.8190	5.0000	-9999.0000	-9999.0000	-9999.0000	-9999.0000	-9999.0000	-9999.0000	18.4925	5	0	32.3242	1.0000	99	9	-9999.0000	15973	44962	-9999	2699	2650	-9999	494.1544	5	0.6483	0.6679	-0.0010	61.5367	2.6568	650.0486	297.2673	34.3519	628.8360	95.6250	671.9183	95.0000	678.4407	95.0926	683.9054	95.1620	
18/08/2017	02:21:08	019001	H374074780HLR	L374	S		645.6438	1.0311	0.0000	99.9997	39.4000	0.8230	0.8250	5.0000	18.5121	761.0899	94.9769	19.7524	24.2000	0.9300	0.9364	0.6682	-0.0010	761.0000	761.2064	1.0285	-0.5984	99.9755	39.0252	0.8230	0.8190	5.0000	-9999.0000	-9999.0000	-9999.0000	-9999.0000	-9999.0000	-9999.0000	18.4721	6	0	33.7844	1.0000	99	9	-9999.0000	15974	44963	-9999	2700	2651	-9999	493.6584	5	0.6486	0.6682	-0.0010	62.0391	2.6408	650.3806	304.1117	36.6898	629.9642	95.3935	670.5535	94.7685	677.7609	95.2546	682.3130	95.1389	
