Data	Timp	Nr. masina	Nr. de serie	Tip	Productie	Comentariu	Pre-masurare Q [ml/min]	Pre-masurare Gain	Pre-masurare Offset Master	Pre-masurare P [bar]	Pre-masurare T [°C]	Pre-masurare Densitate fixa [kg/l]	Pre-masurare densitate masurata [kg/l]	Pre-masurare Timp masurare [s]	Pre-masurare Cycle time [s]	rectificare Q Oprire [ml/min]	rectificare P Oprire [bar]	rectificare Timp rectificare [s]	rectificare T [°C]	rectificare Densitate fixa [kg/l]	rectificare densitate masurata [kg/l]	rectificare Factor de masurare la rectificare	rectificare Factor de corectie a debitului	rectificare Target rectificare	Masurare Q [ml/min]	Masurare Gain	Masurare Offset Master	Masurare P [bar]	Masurare T [°C]	Masurare Densitate fixa [kg/l]	Masurare densitate masurata [kg/l]	Masurare Timp masurare [s]	Masurare Q [ml/min]	Masurare Delta Q [ml/min]	Masurare P [bar]	Masurare BP [bar]	Masurare T [°C]	Masurare Timp masurare [s]	Masurare Cycle time [s]	Nest Nr.	Cod de descarcare	Cycle time [s]	Traceability aktiv	EDM Maschine Nr	EDM Spindle Nr	Honing Rate [r	Station Counter Premeasure	Station Counter Grind	Station Counter Blowout 1	Station Counter Wash	Station Counter Measure	Station Counter Blowout 2	RealGrindQStop	Reg Type	Factor 0	Factor 1	Factor 2	Factor 3	Factor 4	G_StartQV	G_StartQV_1	G_StartQV_2	G_StartQV_3	G_StartQV_4	G_StartQV_5	
16/08/2017	00:00:02	019001	H421060781HLR	L421	S		693.0598	1.0311	0.0000	99.9496	39.4612	0.8230	0.8249	5.0000	17.2121	815.0797	96.8750	16.2119	25.3000	0.9300	0.9375	0.7004	-0.0010	815.0000	815.7033	1.0285	-1.5915	100.0191	39.0525	0.8230	0.8184	5.0000	-9999.0000	-9999.0000	-9999.0000	-9999.0000	-9999.0000	-9999.0000	18.6018	7	0	26.0237	1.0000	13	2	-9999.0000	11439	40679	-9999	1191	1182	-9999	557.2530	5	0.6835	0.7004	-0.0010	84.1395	2.4598	736.6958	273.0780	31.8981	668.1073	97.7778	726.7849	97.1296	735.8101	97.1991	742.2990	97.0139	
16/08/2017	00:00:28	019001	H421060833HLR	L421	S		697.9205	1.0311	0.0000	99.9653	39.4500	0.8230	0.8249	5.0000	17.1621	815.0958	96.9444	14.2517	25.3000	0.9300	0.9374	0.7093	-0.0016	815.0000	816.8245	1.0285	-1.5978	99.9490	39.0670	0.8230	0.8182	5.0000	-9999.0000	-9999.0000	-9999.0000	-9999.0000	-9999.0000	-9999.0000	18.6516	8	0	26.4728	1.0000	13	2	-9999.0000	11440	40680	-9999	1192	1183	-9999	559.8199	5	0.6837	0.7093	-0.0016	83.8496	2.4762	739.2449	282.3832	32.1065	673.0892	97.7778	728.0429	96.7593	738.2446	96.8519	746.0861	96.9444	
16/08/2017	00:01:20	019001	H421060813HLR	L421	S		698.6491	1.0311	0.0000	99.9909	39.4596	0.8230	0.8249	5.0000	17.2520	815.0781	97.0139	13.9109	25.4000	0.9300	0.9377	0.7045	-0.0013	815.0000	815.8582	1.0285	-1.5924	100.0166	38.9348	0.8230	0.8176	5.0000	-9999.0000	-9999.0000	-9999.0000	-9999.0000	-9999.0000	-9999.0000	18.8031	2	0	25.9230	1.0000	13	2	-9999.0000	11442	40681	-9999	1194	1183	-9999	559.7308	5	0.6837	0.7045	-0.0013	68.2953	3.4715	744.4080	290.2057	33.4028	674.4610	97.2917	732.8973	96.6667	743.4777	96.7593	751.4107	96.9676	
16/08/2017	00:01:48	019001	H421060823HLR	L421	S		699.5031	1.0311	0.0000	100.0057	39.4819	0.8230	0.8249	5.0000	17.2315	815.0779	96.9444	13.8913	25.3000	0.9300	0.9374	0.7065	-0.0014	815.0000	816.8015	1.0285	-1.5977	99.9320	38.9605	0.8230	0.8185	5.0000	-9999.0000	-9999.0000	-9999.0000	-9999.0000	-9999.0000	-9999.0000	18.5823	3	0	27.8131	1.0000	13	2	-9999.0000	11443	40682	-9999	1195	1184	-9999	559.8536	5	0.6836	0.7065	-0.0014	73.9014	3.1169	744.3989	290.9635	33.2176	674.8509	97.5000	733.0668	96.8981	743.5975	96.9676	751.3631	96.9907	
16/08/2017	00:02:14	019001	H421060817HLR	L421	S		696.8730	1.0311	0.0000	99.9712	39.4931	0.8230	0.8250	5.0000	17.0421	815.0816	96.9907	14.9120	25.3000	0.9300	0.9375	0.7016	-0.0011	815.0000	815.9403	1.0285	-1.5928	100.0465	39.0722	0.8230	0.8186	5.0000	-9999.0000	-9999.0000	-9999.0000	-9999.0000	-9999.0000	-9999.0000	18.6126	4	0	25.6933	1.0000	13	2	-9999.0000	11444	40683	-9999	1196	1185	-9999	558.3900	5	0.6838	0.7016	-0.0011	77.5097	2.8914	741.9539	277.9589	31.3889	670.9024	97.8009	730.4113	97.0833	740.9247	97.1759	748.5743	97.0370	
16/08/2017	00:02:41	019001	H421062214HLR	L421	S		703.7523	1.0311	0.0000	100.0578	39.4962	0.8230	0.8249	5.0000	17.0920	815.0580	96.9444	13.9519	25.3000	0.9300	0.9375	0.7016	-0.0011	815.0000	818.3544	1.0285	-1.6064	99.9552	39.0873	0.8230	0.8182	5.0000	-9999.0000	-9999.0000	-9999.0000	-9999.0000	-9999.0000	-9999.0000	18.7028	5	0	27.4829	1.0000	99	9	-9999.0000	11445	40684	-9999	1197	1186	-9999	559.2178	5	0.6838	0.7016	-0.0011	77.5097	2.8914	748.5293	290.2513	33.1250	681.7680	97.6389	738.0146	96.8750	747.6799	96.9676	755.0998	96.9907	
16/08/2017	00:03:07	019001	H421062218HLR	L421	S		705.2601	1.0311	0.0000	100.0653	39.4926	0.8230	0.8247	5.0000	17.3819	815.1004	96.9676	14.3914	25.3000	0.9300	0.9375	0.7015	-0.0011	815.0000	819.2539	1.0285	-1.6114	100.1177	39.0589	0.8230	0.8182	5.0000	-9999.0000	-9999.0000	-9999.0000	-9999.0000	-9999.0000	-9999.0000	18.7230	6	0	26.1037	1.0000	99	9	-9999.0000	11446	40685	-9999	1198	1187	-9999	558.8393	5	0.6841	0.7015	-0.0011	76.7930	2.9259	747.6452	283.3799	31.4352	680.5736	97.9398	739.4382	96.9676	746.9140	97.0370	754.6647	97.0139	
16/08/2017	00:03:36	019001	H421062212HLR	L421	S		696.4786	1.0311	0.0000	100.0048	39.4898	0.8230	0.8249	5.0000	17.2022	815.0987	96.9907	15.7021	25.3000	0.9300	0.9374	0.6999	-0.0010	815.0000	818.0313	1.0285	-1.6046	99.9183	39.0579	0.8230	0.8181	5.0000	-9999.0000	-9999.0000	-9999.0000	-9999.0000	-9999.0000	-9999.0000	18.7521	7	0	28.5532	1.0000	99	9	-9999.0000	11447	40686	-9999	1199	1188	-9999	557.6539	5	0.6843	0.6999	-0.0010	83.2443	2.4765	738.8148	288.5438	31.9676	674.4323	97.5463	728.7718	97.0139	737.8708	97.0833	745.3324	97.0602	
16/08/2017	00:04:01	019001	H421062209HLR	L421	S		702.2187	1.0311	0.0000	100.0471	39.4922	0.8230	0.8248	5.0000	17.3126	815.1261	96.9444	14.1619	25.3000	0.9300	0.9375	0.6995	-0.0010	815.0000	817.8125	1.0285	-1.6033	99.8950	39.0542	0.8230	0.8181	5.0000	-9999.0000	-9999.0000	-9999.0000	-9999.0000	-9999.0000	-9999.0000	18.8225	8	0	25.0431	1.0000	99	9	-9999.0000	11448	40687	-9999	1200	1189	-9999	558.8442	5	0.6843	0.6995	-0.0010	85.0927	2.3345	747.4055	283.9271	32.6620	678.2928	97.8935	737.2426	97.3148	746.5466	97.3380	754.4784	97.0370	
16/08/2017	00:04:28	019001	H421060846HLR	L421	S		696.5071	1.0311	0.0000	100.0293	39.4959	0.8230	0.8247	5.0000	17.5616	815.1268	96.9907	15.3114	25.3000	0.9300	0.9375	0.7026	-0.0012	815.0000	816.2784	1.0285	-1.5947	99.8859	39.0588	0.8230	0.8180	5.0000	-9999.0000	-9999.0000	-9999.0000	-9999.0000	-9999.0000	-9999.0000	18.9827	1	0	26.9232	1.0000	13	2	-9999.0000	11449	40688	-9999	1201	1190	-9999	557.7961	5	0.6843	0.7026	-0.0012	70.1395	3.3398	741.1006	274.5120	33.7500	671.1683	97.7315	730.0842	97.2917	740.0419	97.3380	747.3210	97.0602	
16/08/2017	00:04:54	019001	H421062202HLR	L421	S		702.2576	1.0311	0.0000	100.0146	39.4976	0.8230	0.8248	5.0000	17.2922	815.0731	96.9676	14.5613	25.3000	0.9300	0.9375	0.6980	-0.0009	815.0000	818.6068	1.0285	-1.6078	99.9016	39.0556	0.8230	0.8181	5.0000	-9999.0000	-9999.0000	-9999.0000	-9999.0000	-9999.0000	-9999.0000	18.9622	2	0	26.5228	1.0000	99	9	-9999.0000	11450	40689	-9999	1202	1190	-9999	558.0772	5	0.6841	0.6980	-0.0009	66.2367	3.5753	748.9782	268.9798	30.7870	676.6896	97.9861	738.6291	97.2454	748.1483	97.3148	754.7680	96.9213	
16/08/2017	00:05:21	019001	H421061190HLR	L421	S		695.6691	1.0311	0.0000	100.0245	39.5000	0.8230	0.8249	5.0000	17.1320	815.0667	96.8750	16.3418	25.2000	0.9300	0.9374	0.7000	-0.0011	815.0000	816.3199	1.0285	-1.5949	99.9749	39.0746	0.8230	0.8181	5.0000	-9999.0000	-9999.0000	-9999.0000	-9999.0000	-9999.0000	-9999.0000	18.9221	3	0	27.0941	1.0000	99	9	-9999.0000	11451	40690	-9999	1203	1191	-9999	556.2615	5	0.6838	0.7000	-0.0011	67.9890	3.4468	735.7874	270.0236	32.1991	669.2389	97.9630	726.3128	97.2222	734.9769	97.2685	742.3290	97.0139	
16/08/2017	00:05:46	019001	H421061827HLR	L421	S		706.1285	1.0311	0.0000	100.0325	39.4998	0.8230	0.8247	5.0000	17.4923	815.0705	96.9444	13.2418	25.3000	0.9300	0.9374	0.6956	-0.0008	815.0000	817.1299	1.0285	-1.5995	99.9463	39.0742	0.8230	0.8180	5.0000	-9999.0000	-9999.0000	-9999.0000	-9999.0000	-9999.0000	-9999.0000	18.9417	4	0	24.9524	1.0000	99	9	-9999.0000	11452	40691	-9999	1204	1192	-9999	558.5183	5	0.6839	0.6956	-0.0008	74.9971	2.9493	755.6137	262.1331	31.3426	682.9700	98.0787	746.0639	96.8750	754.8164	96.9213	761.9731	96.9444	
16/08/2017	00:06:12	019001	H421062198HLR	L421	S		703.7839	1.0311	0.0000	99.9962	39.5112	0.8230	0.8247	5.0000	17.3224	815.0994	97.0139	14.7723	25.2000	0.9300	0.9375	0.6981	-0.0010	815.0000	817.1597	1.0285	-1.5997	100.0046	39.0795	0.8230	0.8180	5.0000	-9999.0000	-9999.0000	-9999.0000	-9999.0000	-9999.0000	-9999.0000	19.0423	5	0	25.5432	1.0000	99	9	-9999.0000	11453	40692	-9999	1205	1193	-9999	557.4095	5	0.6838	0.6981	-0.0010	76.3031	2.8536	747.6816	257.4996	30.5324	676.2525	98.2176	737.6462	97.3148	747.0589	97.4074	753.8049	96.7593	
16/08/2017	00:06:37	019001	H421062196HLR	L421	S		702.7072	1.0311	0.0000	100.0068	39.4976	0.8230	0.8248	5.0000	17.3429	815.0830	96.9676	15.0419	25.3000	0.9300	0.9375	0.7042	-0.0014	815.0000	815.9841	1.0285	-1.5931	99.9988	39.0823	0.8230	0.8181	5.0000	-9999.0000	-9999.0000	-9999.0000	-9999.0000	-9999.0000	-9999.0000	18.9123	6	0	25.0332	1.0000	99	9	-9999.0000	11454	40693	-9999	1206	1194	-9999	556.7535	5	0.6837	0.7042	-0.0014	76.7586	2.8093	738.2463	266.8214	31.4120	669.2449	98.2639	728.5769	97.1759	737.4498	97.2222	744.5255	97.0602	
16/08/2017	00:07:02	019001	H421055563HLR	L421	S		699.0821	1.0311	0.0000	99.9999	39.5208	0.8230	0.8248	5.0000	17.2726	815.0800	96.9676	14.9423	25.2000	0.9300	0.9375	0.7013	-0.0012	815.0000	816.3920	1.0285	-1.5954	99.9732	39.1009	0.8230	0.8181	5.0000	-9999.0000	-9999.0000	-9999.0000	-9999.0000	-9999.0000	-9999.0000	18.8723	7	0	25.5128	1.0000	99	9	-9999.0000	11455	40693	-9999	1207	1194	-9999	556.8121	5	0.6833	0.7013	-0.0012	81.7332	2.4423	743.3816	269.3202	30.6481	670.7310	98.3102	733.3558	97.1528	742.4205	97.1991	749.7424	97.0370	
16/08/2017	00:07:29	019001	H421062362HLR	L421	S		706.8719	1.0311	0.0000	100.0224	39.5240	0.8230	0.8246	5.0000	17.7218	815.1086	96.9444	12.4713	25.3000	0.9300	0.9376	0.6932	-0.0007	815.0000	815.8850	1.0285	-1.5925	100.0271	39.0977	0.8230	0.8180	5.0000	-9999.0000	-9999.0000	-9999.0000	-9999.0000	-9999.0000	-9999.0000	19.0423	8	0	26.3237	1.0000	99	9	-9999.0000	11456	40694	-9999	1208	1195	-9999	557.9627	5	0.6830	0.6932	-0.0007	69.8209	3.2210	760.1783	259.3796	32.7083	686.2268	98.1713	750.6442	96.9444	759.4367	97.0139	766.7025	96.9676	
16/08/2017	00:07:54	019001	H421062359HLR	L421	S		710.4524	1.0311	0.0000	100.0312	39.5191	0.8230	0.8248	5.0000	17.1795	815.1359	96.8519	11.0511	25.3000	0.9300	0.9376	0.6925	-0.0007	815.0000	813.8123	1.0285	-1.5809	99.8314	39.0998	0.8230	0.8180	5.0000	-9999.0000	-9999.0000	-9999.0000	-9999.0000	-9999.0000	-9999.0000	19.2523	1	0	25.5830	1.0000	99	9	-9999.0000	11457	40695	-9999	1209	1196	-9999	558.2651	5	0.6821	0.6925	-0.0007	76.4042	2.8573	768.2175	281.2560	31.9444	700.7570	98.2870	757.4389	97.2222	767.4933	97.2917	774.5639	97.0370	
16/08/2017	00:08:20	019001	H421062347HLR	L421	S		707.0843	1.0311	0.0000	100.0588	39.5112	0.8230	0.8247	5.0000	17.4718	815.0902	96.8519	11.4516	25.3000	0.9300	0.9377	0.6927	-0.0007	815.0000	814.8872	1.0285	-1.5869	99.9688	39.1054	0.8230	0.8180	5.0000	-9999.0000	-9999.0000	-9999.0000	-9999.0000	-9999.0000	-9999.0000	19.0414	2	0	25.9232	1.0000	99	9	-9999.0000	11458	40696	-9999	1210	1197	-9999	558.1318	5	0.6822	0.6927	-0.0007	76.6076	2.8338	767.1295	274.8507	33.8426	698.4413	98.1250	756.0870	97.3148	766.3010	97.4074	773.1865	96.9676	
16/08/2017	00:08:46	019001	H421062343HLR	L421	S		704.0100	1.0311	0.0000	99.9728	39.5351	0.8230	0.8249	5.0000	17.0615	815.0802	96.8981	12.5113	25.3000	0.9300	0.9376	0.6927	-0.0007	815.0000	815.2007	1.0285	-1.5887	99.9128	39.1011	0.8230	0.8180	5.0000	-9999.0000	-9999.0000	-9999.0000	-9999.0000	-9999.0000	-9999.0000	19.1028	3	0	25.5626	1.0000	99	9	-9999.0000	11459	40697	-9999	1211	1198	-9999	557.4590	5	0.6822	0.6927	-0.0007	78.3447	2.7036	759.6225	261.5580	32.8704	691.4480	98.3796	751.4072	97.2917	758.9677	97.3843	765.5644	97.0833	
16/08/2017	00:09:11	019001	H421055546HLR	L421	S		698.1676	1.0311	0.0000	99.9421	39.5429	0.8230	0.8247	5.0000	17.4220	815.0668	96.9213	14.8514	25.3000	0.9300	0.9376	0.6927	-0.0007	815.0000	815.9122	1.0285	-1.5927	99.9789	39.1040	0.8230	0.8180	5.0000	-9999.0000	-9999.0000	-9999.0000	-9999.0000	-9999.0000	-9999.0000	19.0411	4	0	25.3135	1.0000	99	9	-9999.0000	11460	40698	-9999	1212	1199	-9999	556.1119	5	0.6826	0.6927	-0.0007	76.1979	2.8349	749.5857	254.7782	32.2685	680.8725	98.6343	739.8146	97.4537	748.7988	97.5926	755.7773	97.0139	
16/08/2017	00:09:37	019001	H421062369HLR	L421	S		710.7956	1.0311	0.0000	100.0249	39.5415	0.8230	0.8248	5.0000	17.1417	815.0635	96.8750	11.6215	25.3000	0.9300	0.9376	0.6958	-0.0009	815.0000	815.9674	1.0285	-1.5930	99.9521	39.1099	0.8230	0.8180	5.0000	-9999.0000	-9999.0000	-9999.0000	-9999.0000	-9999.0000	-9999.0000	19.1820	5	0	25.5529	1.0000	99	9	-9999.0000	11461	40699	-9999	1213	1200	-9999	558.5038	5	0.6833	0.6958	-0.0009	74.0759	2.7136	764.0076	251.4502	33.0324	694.9877	98.0556	753.6971	96.7824	763.2054	96.9213	770.7550	96.9907	
16/08/2017	00:10:02	019001	H421062354HLR	L421	S		707.3148	1.0311	0.0000	100.0315	39.5444	0.8230	0.8248	5.0000	17.2013	815.0791	96.9907	14.4119	25.3000	0.9300	0.9376	0.6936	-0.0008	815.0000	818.2959	1.0285	-1.6060	99.9416	39.1175	0.8230	0.8180	5.0000	-9999.0000	-9999.0000	-9999.0000	-9999.0000	-9999.0000	-9999.0000	19.1127	6	0	24.9836	1.0000	99	9	-9999.0000	11462	40700	-9999	1214	1201	-9999	556.3968	5	0.6836	0.6936	-0.0008	77.8949	2.4669	755.2075	246.8153	32.6620	692.6719	97.9167	746.8210	96.7824	754.4589	96.9444	761.4989	97.0139	
16/08/2017	00:10:27	019001	H421062364HLR	L421	S		709.1088	1.0311	0.0000	99.9855	39.5318	0.8230	0.8248	5.0000	17.1524	815.0739	96.8750	11.1010	25.3000	0.9300	0.9376	0.6936	-0.0008	815.0000	813.2158	1.0285	-1.5775	99.9493	39.1241	0.8230	0.8180	5.0000	-9999.0000	-9999.0000	-9999.0000	-9999.0000	-9999.0000	-9999.0000	19.0531	7	0	25.5432	1.0000	99	9	-9999.0000	11462	40701	-9999	1215	1202	-9999	558.4239	5	0.6836	0.6936	-0.0008	79.4456	2.3778	766.1521	262.1064	33.2407	700.0678	98.0556	755.4875	97.1528	765.3341	97.2685	772.2217	97.1065	
16/08/2017	00:10:52	019001	H421062373HLR	L421	S		701.2346	1.0311	0.0000	99.9867	39.5430	0.8230	0.8248	5.0000	17.2714	815.0846	96.9213	13.7712	25.3000	0.9300	0.9377	0.6950	-0.0009	815.0000	815.4207	1.0285	-1.5899	99.9594	39.1126	0.8230	0.8179	5.0000	-9999.0000	-9999.0000	-9999.0000	-9999.0000	-9999.0000	-9999.0000	19.1721	8	0	25.1729	1.0000	99	9	-9999.0000	11463	40702	-9999	1216	1203	-9999	556.7530	5	0.6833	0.6950	-0.0009	76.6888	2.6148	751.4947	276.3880	35.6944	686.7190	98.0093	742.2951	97.2222	750.6448	97.2917	758.0682	97.1296	
16/08/2017	00:11:18	019001	H421062492HLR	L421	S		704.4318	1.0311	0.0000	100.0631	39.5463	0.8230	0.8248	5.0000	17.1416	815.1366	96.9213	13.1813	25.3000	0.9300	0.9376	0.6933	-0.0008	815.0000	814.9118	1.0285	-1.5870	99.9228	39.1151	0.8230	0.8180	5.0000	-9999.0000	-9999.0000	-9999.0000	-9999.0000	-9999.0000	-9999.0000	19.0922	1	0	25.4923	1.0000	99	9	-9999.0000	11464	40703	-9999	1217	1204	-9999	557.1155	5	0.6835	0.6933	-0.0008	74.5845	2.7564	757.1914	295.4420	35.0694	697.4660	97.7315	747.4698	96.9907	756.5144	97.1065	763.3064	97.1065	
16/08/2017	00:11:43	019001	H421062377HLR	L421	S		709.5344	1.0311	0.0000	100.0255	39.5367	0.8230	0.8247	5.0000	17.0822	815.0900	96.8519	11.6108	25.3000	0.9300	0.9376	0.6937	-0.0008	815.0000	814.9377	1.0285	-1.5872	99.9788	39.1110	0.8230	0.8179	5.0000	-9999.0000	-9999.0000	-9999.0000	-9999.0000	-9999.0000	-9999.0000	19.3627	2	0	24.9532	1.0000	99	9	-9999.0000	11465	40704	-9999	1218	1204	-9999	558.0929	5	0.6831	0.6937	-0.0008	76.3843	2.5956	764.6843	304.2489	36.1806	705.0662	97.4537	754.7821	96.8056	763.8217	96.9213	771.5812	97.1065	
16/08/2017	00:12:09	019001	H421062381HLR	L421	S		706.3845	1.0311	0.0000	99.9962	39.5367	0.8230	0.8247	5.0000	17.2520	815.0736	96.8981	11.7915	25.3000	0.9300	0.9376	0.6969	-0.0010	815.0000	814.7967	1.0285	-1.5864	99.9238	39.1177	0.8230	0.8179	5.0000	-9999.0000	-9999.0000	-9999.0000	-9999.0000	-9999.0000	-9999.0000	19.2317	3	0	26.0034	1.0000	99	9	-9999.0000	11466	40705	-9999	1219	1205	-9999	558.2913	5	0.6836	0.6969	-0.0010	73.9046	2.7909	761.0349	301.5824	36.8519	698.1517	97.4769	750.7166	96.8287	760.0188	96.9676	768.0488	97.1296	
16/08/2017	00:12:35	019001	H421062695HLR	L421	S		702.2918	1.0311	0.0000	99.9348	39.5335	0.8230	0.8248	5.0000	17.1221	815.0744	96.9444	13.6520	25.3000	0.9300	0.9377	0.6955	-0.0009	815.0000	814.9373	1.0285	-1.5872	99.9742	39.1215	0.8230	0.8180	5.0000	-9999.0000	-9999.0000	-9999.0000	-9999.0000	-9999.0000	-9999.0000	19.2133	4	0	25.8731	1.0000	99	9	-9999.0000	11467	40706	-9999	1220	1206	-9999	556.6738	5	0.6836	0.6955	-0.0009	64.7893	3.5622	751.7910	297.5914	34.0278	690.0704	97.8935	741.8416	97.1991	750.8207	97.2917	758.2250	97.1528	
16/08/2017	00:24:49	019001	H421062388HLR	L421	S		702.6751	1.0311	0.0000	99.9859	39.5367	0.8230	0.8246	5.0000	17.5628	815.1211	96.9213	12.8414	25.3000	0.9300	0.9376	0.6994	-0.0012	815.0000	814.8004	1.0285	-1.5864	99.9636	39.1271	0.8230	0.8179	5.0000	-9999.0000	-9999.0000	-9999.0000	-9999.0000	-9999.0000	-9999.0000	19.2718	5	0	734.5296	1.0000	99	9	-9999.0000	11468	40707	-9999	1221	1207	-9999	557.3123	5	0.6838	0.6994	-0.0012	64.0990	3.6157	752.7943	272.2340	34.6296	684.6031	97.7315	742.0693	97.0370	751.8989	97.1296	759.6890	97.1528	
16/08/2017	00:25:15	019001	H421062389HLR	L421	S		708.8372	1.0311	0.0000	100.0571	39.5382	0.8230	0.8247	5.0000	17.4024	815.0605	96.8519	11.6616	25.3000	0.9300	0.9376	0.6975	-0.0011	815.0000	814.7618	1.0285	-1.5862	99.8580	39.1289	0.8230	0.8180	5.0000	-9999.0000	-9999.0000	-9999.0000	-9999.0000	-9999.0000	-9999.0000	19.0423	6	0	25.4025	1.0000	99	9	-9999.0000	11469	40708	-9999	1222	1208	-9999	558.3817	5	0.6839	0.6975	-0.0011	62.5414	3.7217	760.9507	276.6107	32.0833	690.0949	97.8241	747.7032	96.9907	760.0194	97.0370	768.7891	97.1528	
16/08/2017	00:25:41	019001	H421062537HLR	L421	S		703.2892	1.0311	0.0000	99.9802	39.5372	0.8230	0.8244	5.0000	18.1318	815.1125	96.9213	13.7917	25.2000	0.9300	0.9376	0.6961	-0.0010	815.0000	815.2914	1.0285	-1.5892	99.9884	38.7614	0.8230	0.8184	5.0000	-9999.0000	-9999.0000	-9999.0000	-9999.0000	-9999.0000	-9999.0000	18.7827	7	0	26.9740	1.0000	99	9	-9999.0000	11470	40709	-9999	1223	1209	-9999	556.5815	5	0.6838	0.6961	-0.0010	71.6582	3.0107	751.9110	278.2355	33.3796	684.0796	97.8704	741.7075	97.1296	751.0291	97.2454	758.3973	97.0833	
16/08/2017	00:26:08	019001	H421062524HLR	L421	S		693.3212	1.0311	0.0000	100.0502	39.5492	0.8230	0.8249	5.0000	17.0821	815.1164	96.9213	14.3220	25.2000	0.9300	0.9376	0.6971	-0.0010	815.0000	817.6593	1.0285	-1.6025	99.9583	38.8792	0.8230	0.8192	5.0000	-9999.0000	-9999.0000	-9999.0000	-9999.0000	-9999.0000	-9999.0000	18.3711	8	0	26.8831	1.0000	99	9	-9999.0000	11471	40710	-9999	1223	1209	-9999	556.1836	5	0.6836	0.6971	-0.0010	64.6096	3.5673	750.6866	272.4304	32.5463	683.1765	97.8704	740.0803	96.9444	749.7079	97.0370	757.5020	97.1065	
16/08/2017	00:26:35	019001	H421062526HLR	L421	S		707.6464	1.0311	0.0000	99.9990	39.5500	0.8230	0.8247	5.0000	17.2414	815.0579	96.8981	12.8922	25.3000	0.9300	0.9376	0.6987	-0.0012	815.0000	815.5423	1.0285	-1.5906	100.0654	38.9769	0.8230	0.8188	5.0000	-9999.0000	-9999.0000	-9999.0000	-9999.0000	-9999.0000	-9999.0000	18.4622	1	0	26.5930	1.0000	99	9	-9999.0000	11472	40711	-9999	1224	1210	-9999	557.4728	5	0.6836	0.6987	-0.0012	64.0620	3.6091	753.1496	271.5533	32.9630	689.0591	97.6620	743.1707	96.9213	752.2796	96.9907	759.6179	97.1065	
16/08/2017	00:27:02	019001	H421062530HLR	L421	S		702.5984	1.0311	0.0000	99.9821	39.5389	0.8230	0.8246	5.0000	17.5312	815.1282	96.9907	13.8620	25.2000	0.9300	0.9378	0.6985	-0.0011	815.0000	816.4012	1.0285	-1.5954	99.9805	38.9675	0.8230	0.8185	5.0000	-9999.0000	-9999.0000	-9999.0000	-9999.0000	-9999.0000	-9999.0000	18.4523	2	0	26.7230	1.0000	99	9	-9999.0000	11473	40712	-9999	1225	1211	-9999	556.6630	5	0.6840	0.6985	-0.0011	64.0587	3.6037	747.2306	231.7401	34.1435	679.2363	96.8750	736.7286	96.0880	746.2779	96.0417	754.1898	97.2222	
16/08/2017	00:27:29	019001	H421062540HLR	L421	S		700.1849	1.0311	0.0000	100.0028	39.2076	0.8230	0.8244	5.0000	19.1419	815.1092	96.9676	14.8016	25.1000	0.9300	0.9376	0.6991	-0.0012	815.0000	816.9874	1.0285	-1.5987	100.0568	38.9468	0.8230	0.8183	5.0000	-9999.0000	-9999.0000	-9999.0000	-9999.0000	-9999.0000	-9999.0000	18.6224	3	0	27.4330	1.0000	99	9	-9999.0000	11474	40713	-9999	1226	1212	-9999	555.6837	5	0.6838	0.6991	-0.0012	68.1171	3.2748	744.7464	286.9078	36.0185	682.9803	97.6157	735.3079	97.0833	743.6037	96.9907	750.7882	97.0833	
16/08/2017	00:27:55	019001	H421062215HLR	L421	S		699.3167	1.0311	0.0000	99.9780	39.3286	0.8230	0.8253	5.0000	17.8214	815.0618	96.9676	15.3720	25.1000	0.9300	0.9376	0.6991	-0.0012	815.0000	819.6340	1.0285	-1.6135	100.0102	38.9565	0.8230	0.8184	5.0000	-9999.0000	-9999.0000	-9999.0000	-9999.0000	-9999.0000	-9999.0000	18.5023	4	0	25.4738	1.0000	99	9	-9999.0000	11474	40714	-9999	1227	1213	-9999	555.0893	5	0.6839	0.6991	-0.0012	68.2668	3.2654	743.3540	277.8295	34.8611	678.4954	97.9630	732.6318	96.9444	742.4081	96.9676	750.6367	97.0602	
16/08/2017	00:28:21	019001	H421062223HLR	L421	S		696.0957	1.0311	0.0000	99.9833	39.4819	0.8230	0.8252	5.0000	17.3116	815.1294	96.9444	14.4715	25.1000	0.9300	0.9376	0.6987	-0.0012	815.0000	815.5619	1.0285	-1.5907	100.0777	38.9725	0.8230	0.8185	5.0000	-9999.0000	-9999.0000	-9999.0000	-9999.0000	-9999.0000	-9999.0000	18.4125	5	0	26.4926	1.0000	99	9	-9999.0000	11475	40715	-9999	1228	1214	-9999	556.0160	5	0.6836	0.6987	-0.0012	70.3286	3.0907	742.8420	292.9701	36.2731	680.9993	97.7546	730.5300	97.3611	741.9878	97.4074	749.3363	97.1759	
16/08/2017	00:28:47	019001	H421062219HLR	L421	S		697.5060	1.0311	0.0000	100.0036	39.4335	0.8230	0.8249	5.0000	17.2217	815.1282	96.9444	15.1815	25.1000	0.9300	0.9376	0.6984	-0.0011	815.0000	816.5534	1.0285	-1.5963	99.8498	38.9782	0.8230	0.8184	5.0000	-9999.0000	-9999.0000	-9999.0000	-9999.0000	-9999.0000	-9999.0000	18.5324	6	0	25.4836	1.0000	99	9	-9999.0000	11476	40716	-9999	1229	1215	-9999	555.3537	5	0.6835	0.6984	-0.0011	71.0569	3.0264	741.8014	294.0383	36.4352	679.5986	97.6157	730.2112	97.2685	740.7425	97.3148	748.4848	97.1528	
16/08/2017	00:29:12	019001	H421062213HLR	L421	S		691.8040	1.0311	0.0000	99.9347	39.3708	0.8230	0.8249	5.0000	17.2921	815.1152	96.9907	15.3515	25.2000	0.9300	0.9377	0.7035	-0.0016	815.0000	814.2799	1.0285	-1.5835	100.0141	38.9991	0.8230	0.8184	5.0000	-9999.0000	-9999.0000	-9999.0000	-9999.0000	-9999.0000	-9999.0000	18.6818	7	0	25.5527	1.0000	99	9	-9999.0000	11477	40717	-9999	1230	1216	-9999	554.0659	5	0.6831	0.7035	-0.0016	69.1773	3.1856	736.1211	299.4646	37.6157	676.0052	97.4074	725.4524	96.9213	735.2702	96.9907	742.8979	97.1065	
16/08/2017	00:29:39	019001	H421062210HLR	L421	S		701.3546	1.0311	0.0000	99.9803	39.3978	0.8230	0.8249	5.0000	17.3711	815.0963	96.9213	13.9118	25.2000	0.9300	0.9377	0.7083	-0.0019	815.0000	816.8773	1.0285	-1.5981	100.0395	39.0065	0.8230	0.8184	5.0000	-9999.0000	-9999.0000	-9999.0000	-9999.0000	-9999.0000	-9999.0000	18.5530	8	0	26.8140	1.0000	99	9	-9999.0000	11478	40718	-9999	1231	1217	-9999	555.6179	5	0.6824	0.7083	-0.0019	66.2014	3.4380	739.9792	290.2473	36.3426	680.0629	97.5000	728.6280	97.1296	738.9503	97.1991	747.0331	97.1296	
16/08/2017	00:30:04	019001	H421062197HLR	L421	S		697.7863	1.0311	0.0000	99.9339	39.4280	0.8230	0.8245	5.0000	18.6323	815.1287	96.9213	14.3719	25.2000	0.9300	0.9377	0.7085	-0.0019	815.0000	815.8676	1.0285	-1.5924	100.0559	39.0262	0.8230	0.8184	5.0000	-9999.0000	-9999.0000	-9999.0000	-9999.0000	-9999.0000	-9999.0000	18.5822	1	0	25.6123	1.0000	99	9	-9999.0000	11479	40719	-9999	1232	1218	-9999	555.1010	5	0.6821	0.7085	-0.0019	58.6578	4.0005	738.5098	285.7041	35.7176	678.5821	97.5694	726.9352	97.0833	737.4752	97.1991	745.3679	97.1296	
16/08/2017	00:30:30	019001	H421062199HLR	L421	S		700.6122	1.0311	0.0000	99.9201	39.4431	0.8230	0.8248	5.0000	17.6622	815.0931	96.9213	13.9617	25.2000	0.9300	0.9377	0.7069	-0.0018	815.0000	815.8950	1.0285	-1.5926	99.9041	39.0262	0.8230	0.8182	5.0000	-9999.0000	-9999.0000	-9999.0000	-9999.0000	-9999.0000	-9999.0000	18.7424	2	0	25.0530	1.0000	99	9	-9999.0000	11480	40720	-9999	1232	1219	-9999	555.7076	5	0.6818	0.7069	-0.0018	59.4117	3.9507	741.1216	288.9260	35.3935	682.1856	97.5694	729.9415	96.8287	740.3477	96.9213	748.2108	97.0602	
16/08/2017	00:30:55	019001	H421061826HLR	L421	S		696.0332	1.0311	0.0000	100.0255	39.4660	0.8230	0.8248	5.0000	17.6525	815.0863	96.9444	13.3112	25.2000	0.9300	0.9377	0.7032	-0.0015	815.0000	817.1638	1.0285	-1.5997	99.8815	39.0259	0.8230	0.8182	5.0000	-9999.0000	-9999.0000	-9999.0000	-9999.0000	-9999.0000	-9999.0000	18.6418	3	0	25.5539	1.0000	99	9	-9999.0000	11481	40721	-9999	1233	1220	-9999	556.6502	5	0.6814	0.7032	-0.0015	52.7019	4.4357	746.8927	292.7626	36.8981	682.6048	97.3611	734.9390	97.1065	745.8466	97.1759	753.9595	97.1296	
16/08/2017	00:31:21	019001	H421061210HLR	L421	S		695.3079	1.0311	0.0000	99.9897	39.4468	0.8230	0.8247	5.0000	17.7630	815.0907	96.9676	15.3222	25.2000	0.9300	0.9377	0.7046	-0.0016	815.0000	813.1584	1.0285	-1.5772	100.0807	39.0352	0.8230	0.8183	5.0000	-9999.0000	-9999.0000	-9999.0000	-9999.0000	-9999.0000	-9999.0000	18.7924	4	0	25.9924	1.0000	99	9	-9999.0000	11481	40722	-9999	1234	1221	-9999	553.8424	5	0.6809	0.7046	-0.0016	42.9792	5.0901	734.4099	293.2120	34.4907	672.3346	97.3611	723.1637	97.0833	733.4964	97.1759	741.4473	97.1296	
16/08/2017	00:31:48	019001	H421062206HLR	L421	S		701.3991	1.0311	0.0000	100.0452	39.4500	0.8230	0.8250	5.0000	17.0823	815.1220	96.9213	13.2711	25.3000	0.9300	0.9377	0.7028	-0.0015	815.0000	816.2701	1.0285	-1.5947	100.0808	39.0464	0.8230	0.8182	5.0000	-9999.0000	-9999.0000	-9999.0000	-9999.0000	-9999.0000	-9999.0000	18.8129	5	0	26.9135	1.0000	99	9	-9999.0000	11482	40723	-9999	1235	1222	-9999	556.3772	5	0.6806	0.7028	-0.0015	47.9708	4.7990	748.6444	279.5085	36.0880	681.1078	97.5000	737.0048	96.9907	747.6758	97.0602	755.4584	97.1065	
16/08/2017	00:32:15	019001	H421062361HLR	L421	S		699.2074	1.0311	0.0000	100.0404	39.4692	0.8230	0.8249	5.0000	17.1719	815.1196	96.9213	13.5212	25.2000	0.9300	0.9377	0.7018	-0.0015	815.0000	815.9919	1.0285	-1.5931	99.9138	39.0452	0.8230	0.8181	5.0000	-9999.0000	-9999.0000	-9999.0000	-9999.0000	-9999.0000	-9999.0000	18.9818	6	0	26.5929	1.0000	99	9	-9999.0000	11483	40724	-9999	1236	1223	-9999	556.0777	5	0.6807	0.7018	-0.0015	47.4460	4.8168	747.4085	277.4292	32.6620	678.9531	97.5463	735.4839	97.0602	746.2979	97.1528	754.4949	97.1065	
16/08/2017	00:32:41	019001	H421062344HLR	L421	S		694.9998	1.0311	0.0000	99.9226	39.4438	0.8230	0.8245	5.0000	18.4016	815.1017	96.9213	12.9020	25.2000	0.9300	0.9376	0.6884	-0.0005	815.0000	815.2776	1.0285	-1.5891	99.8843	39.0484	0.8230	0.8181	5.0000	-9999.0000	-9999.0000	-9999.0000	-9999.0000	-9999.0000	-9999.0000	18.8323	7	0	26.7532	1.0000	99	9	-9999.0000	11484	40725	-9999	1237	1224	-9999	555.6113	5	0.6805	0.6884	-0.0005	60.8050	3.9122	758.3471	282.9203	35.0463	687.1873	97.6620	746.7513	97.0370	757.3987	97.0833	765.0348	97.1065	
16/08/2017	00:33:07	019001	H421055544HLR	L421	S		699.3174	1.0311	0.0000	99.9962	39.4692	0.8230	0.8247	5.0000	17.8820	815.0758	96.9213	14.4520	25.2000	0.9300	0.9377	0.6843	-0.0002	815.0000	814.9546	1.0285	-1.5873	100.0073	39.0535	0.8230	0.8182	5.0000	-9999.0000	-9999.0000	-9999.0000	-9999.0000	-9999.0000	-9999.0000	18.7013	8	0	25.5939	1.0000	99	9	-9999.0000	11485	40726	-9999	1238	1225	-9999	554.9059	5	0.6804	0.6843	-0.0002	97.0813	1.4588	756.7196	267.9860	34.2130	691.2661	97.7546	747.7416	96.8287	756.0989	96.9676	761.8160	97.0602	
16/08/2017	00:33:34	019001	H421055571HLR	L421	S		693.3306	1.0311	0.0000	100.0654	39.5000	0.8230	0.8250	5.0000	17.1621	815.0876	96.9444	14.7625	25.2000	0.9300	0.9376	0.6856	-0.0003	815.0000	814.5594	1.0285	-1.5851	99.9395	39.0602	0.8230	0.8182	5.0000	-9999.0000	-9999.0000	-9999.0000	-9999.0000	-9999.0000	-9999.0000	18.7024	1	0	27.4926	1.0000	99	9	-9999.0000	11486	40727	-9999	1239	1226	-9999	554.9364	5	0.6805	0.6856	-0.0003	81.0241	2.5489	752.2853	276.7325	33.5417	686.0760	97.7315	742.5035	96.8750	751.5011	96.9676	758.2046	97.0833	
16/08/2017	00:33:59	019001	H421062193HLR	L421	S		694.4021	1.0311	0.0000	100.0344	39.4935	0.8230	0.8247	5.0000	17.4122	815.0766	96.9676	15.0712	25.2000	0.9300	0.9376	0.6864	-0.0004	815.0000	814.8959	1.0285	-1.5870	100.0129	39.0632	0.8230	0.8182	5.0000	-9999.0000	-9999.0000	-9999.0000	-9999.0000	-9999.0000	-9999.0000	18.7122	2	0	25.0031	1.0000	99	9	-9999.0000	11487	40728	-9999	1240	1227	-9999	554.8519	5	0.6809	0.6864	-0.0004	91.3932	1.8499	748.2390	281.7767	35.1620	684.5130	97.5463	739.0673	96.7593	747.4470	96.8519	754.2327	97.0833	
16/08/2017	00:34:25	019001	H421062490HLR	L421	S		698.1442	1.0311	0.0000	99.9958	39.4540	0.8230	0.8245	5.0000	18.2219	815.0594	96.9444	14.6219	25.2000	0.9300	0.9376	0.6876	-0.0005	815.0000	816.1578	1.0285	-1.5940	99.9476	39.0660	0.8230	0.8182	5.0000	-9999.0000	-9999.0000	-9999.0000	-9999.0000	-9999.0000	-9999.0000	18.7122	3	0	25.5539	1.0000	99	9	-9999.0000	11488	40729	-9999	1241	1228	-9999	554.8432	5	0.6809	0.6876	-0.0005	107.4717	0.7490	753.8853	287.0247	33.8889	688.9045	97.6157	744.5786	96.9444	753.0341	97.0139	759.4324	97.1065	
16/08/2017	00:34:50	019001	H421062365HLR	L421	S		700.2162	1.0311	0.0000	100.0503	39.4740	0.8230	0.8247	5.0000	17.7522	815.0648	96.9213	14.0622	25.2000	0.9300	0.9377	0.6867	-0.0004	815.0000	816.1305	1.0285	-1.5939	100.0077	39.0618	0.8230	0.8182	5.0000	-9999.0000	-9999.0000	-9999.0000	-9999.0000	-9999.0000	-9999.0000	18.7023	4	0	25.3828	1.0000	99	9	-9999.0000	11489	40730	-9999	1242	1229	-9999	555.1632	5	0.6810	0.6867	-0.0004	111.9416	0.4013	755.5741	304.8125	34.7454	695.6648	97.5926	746.0261	96.9907	754.6553	97.0602	762.1311	97.1065	
16/08/2017	00:35:17	019001	H421062355HLR	L421	S		692.8447	1.0311	0.0000	100.0257	39.4998	0.8230	0.8248	5.0000	17.5724	815.1282	96.9907	15.4013	25.2000	0.9300	0.9377	0.6845	-0.0002	815.0000	816.3862	1.0285	-1.5953	99.9857	39.0732	0.8230	0.8182	5.0000	-9999.0000	-9999.0000	-9999.0000	-9999.0000	-9999.0000	-9999.0000	18.8323	5	0	26.3129	1.0000	99	9	-9999.0000	11490	40731	-9999	1243	1230	-9999	555.0281	5	0.6811	0.6845	-0.0002	118.5412	-0.0681	751.5629	301.4702	34.9769	690.1102	97.6157	742.3985	97.0833	750.7772	97.1296	757.5695	97.1296	
16/08/2017	00:35:42	019001	H421062368HLR	L421	S		701.0412	1.0311	0.0000	100.0145	39.4983	0.8230	0.8247	5.0000	17.5518	815.0759	96.9213	12.3413	25.3000	0.9300	0.9377	0.6845	-0.0002	815.0000	813.8420	1.0285	-1.5810	100.0440	39.0792	0.8230	0.8183	5.0000	-9999.0000	-9999.0000	-9999.0000	-9999.0000	-9999.0000	-9999.0000	18.7123	6	0	25.0126	1.0000	99	9	-9999.0000	11491	40732	-9999	1244	1231	-9999	555.6226	5	0.6811	0.6845	-0.0002	113.1819	0.3525	764.2495	301.3836	37.0602	703.4262	97.2222	754.4919	96.7593	763.5315	96.8519	770.4975	97.0139	
16/08/2017	00:36:07	019001	H421062376HLR	L421	S		697.1946	1.0311	0.0000	99.9870	39.4964	0.8230	0.8247	5.0000	17.4014	815.0620	96.9213	13.4616	25.3000	0.9300	0.9377	0.6843	-0.0002	815.0000	814.0925	1.0285	-1.5824	99.9637	39.0776	0.8230	0.8181	5.0000	-9999.0000	-9999.0000	-9999.0000	-9999.0000	-9999.0000	-9999.0000	18.8322	7	0	25.4436	1.0000	99	9	-9999.0000	11492	40733	-9999	1245	1232	-9999	555.4125	5	0.6811	0.6843	-0.0002	113.4395	0.3330	758.1049	297.1443	35.4861	698.4306	97.5694	748.2459	96.8981	757.2945	96.9907	764.1993	97.0833	
16/08/2017	00:36:35	019001	H421062380HLR	L421	S		690.9919	1.0311	0.0000	100.0287	39.4930	0.8230	0.8248	5.0000	17.5118	815.0795	96.9444	13.8308	25.2000	0.9300	0.9377	0.6845	-0.0002	815.0000	814.9735	1.0285	-1.5874	99.9330	39.0730	0.8230	0.8181	5.0000	-9999.0000	-9999.0000	-9999.0000	-9999.0000	-9999.0000	-9999.0000	19.0315	8	0	27.4731	1.0000	99	9	-9999.0000	11493	40734	-9999	1246	1233	-9999	555.3115	5	0.6810	0.6845	-0.0002	114.3239	0.2749	757.9933	296.7024	35.4861	695.9045	97.5000	748.4405	97.0370	757.1115	97.1065	763.8152	97.1065	
16/08/2017	00:37:03	019001	H421062385HLR	L421	S		695.2830	1.0311	0.0000	100.0375	39.5000	0.8230	0.8249	5.0000	17.1418	815.1070	96.9676	14.1609	25.2000	0.9300	0.9377	0.6871	-0.0004	815.0000	816.0474	1.0285	-1.5934	99.9511	39.0895	0.8230	0.8182	5.0000	-9999.0000	-9999.0000	-9999.0000	-9999.0000	-9999.0000	-9999.0000	18.7728	1	0	28.6040	1.0000	99	9	-9999.0000	11494	40735	-9999	1247	1234	-9999	555.1687	5	0.6809	0.6871	-0.0004	92.4561	1.8001	753.5856	302.5195	36.8750	695.4565	97.3380	744.3423	96.6667	752.8569	96.7824	759.5976	97.0370	
16/08/2017	00:37:30	019001	H421062383HLR	L421	S		702.4590	1.0311	0.0000	99.9683	39.4905	0.8230	0.8244	5.0000	18.4720	815.0760	96.9444	12.7711	25.3000	0.9300	0.9377	0.6910	-0.0007	815.0000	814.8490	1.0285	-1.5867	99.9397	39.0904	0.8230	0.8180	5.0000	-9999.0000	-9999.0000	-9999.0000	-9999.0000	-9999.0000	-9999.0000	18.9222	2	0	27.0033	1.0000	99	9	-9999.0000	11495	40736	-9999	1248	1235	-9999	555.8914	5	0.6810	0.6910	-0.0007	78.8241	2.7628	758.1479	299.1421	37.8241	699.9076	97.1759	748.6911	96.8056	757.2570	96.8750	764.6342	97.0602	
16/08/2017	00:37:56	019001	H421062390HLR	L421	S		699.6368	1.0311	0.0000	100.0033	39.5000	0.8230	0.8247	5.0000	17.6514	815.0838	96.9444	12.2417	25.3000	0.9300	0.9377	0.6918	-0.0008	815.0000	814.3618	1.0285	-1.5840	99.9175	39.0807	0.8230	0.8181	5.0000	-9999.0000	-9999.0000	-9999.0000	-9999.0000	-9999.0000	-9999.0000	18.7921	3	0	25.5430	1.0000	99	9	-9999.0000	11496	40737	-9999	1249	1236	-9999	556.3493	5	0.6811	0.6918	-0.0008	82.4255	2.5248	758.9802	284.4921	34.6759	695.7667	97.6389	748.7464	96.7361	758.1837	96.8287	764.7379	97.0602	
16/08/2017	00:38:23	019001	H421062541HLR	L421	S		693.0935	1.0311	0.0000	100.0709	39.5032	0.8230	0.8248	5.0000	17.5118	815.0581	96.9444	15.9414	25.2000	0.9300	0.9377	0.6919	-0.0008	815.0000	815.3306	1.0285	-1.5894	100.0334	39.0740	0.8230	0.8181	5.0000	-9999.0000	-9999.0000	-9999.0000	-9999.0000	-9999.0000	-9999.0000	18.9415	4	0	27.2535	1.0000	99	9	-9999.0000	11497	40738	-9999	1250	1237	-9999	554.0405	5	0.6811	0.6919	-0.0008	90.3998	2.0147	744.0953	300.7034	37.3148	682.5614	97.4306	733.7902	97.2222	743.1784	97.2917	749.7491	97.0139	
16/08/2017	00:38:50	019001	H421062538HLR	L421	S		691.7618	1.0311	0.0000	100.0584	39.5192	0.8230	0.8249	5.0000	17.2423	815.0790	96.9213	16.5518	25.2000	0.9300	0.9377	0.6932	-0.0009	815.0000	815.3504	1.0285	-1.5895	100.0001	39.0920	0.8230	0.8182	5.0000	-9999.0000	-9999.0000	-9999.0000	-9999.0000	-9999.0000	-9999.0000	18.9123	5	0	27.0823	1.0000	99	9	-9999.0000	11498	40739	-9999	1251	1238	-9999	553.4685	5	0.6810	0.6932	-0.0009	78.4338	2.8314	738.6735	290.9666	36.8981	679.3109	97.3611	728.9608	97.0370	737.7526	97.1065	744.4531	97.0833	
16/08/2017	00:39:16	019001	H421062536HLR	L421	S		697.2040	1.0311	0.0000	100.0449	39.5144	0.8230	0.8248	5.0000	17.1817	815.1232	96.9676	15.4521	25.2000	0.9300	0.9377	0.6933	-0.0009	815.0000	815.5402	1.0285	-1.5906	99.9116	39.1029	0.8230	0.8181	5.0000	-9999.0000	-9999.0000	-9999.0000	-9999.0000	-9999.0000	-9999.0000	18.9125	6	0	26.3538	1.0000	99	9	-9999.0000	11499	40740	-9999	1252	1239	-9999	554.2746	5	0.6811	0.6933	-0.0009	71.7317	3.3156	746.1903	294.9556	34.9306	687.2135	97.5000	736.6823	96.8750	745.4594	96.9444	751.5613	97.0602	
16/08/2017	00:39:42	019001	H421062531HLR	L421	S		697.5083	1.0311	0.0000	99.9891	39.4978	0.8230	0.8248	5.0000	17.0420	815.1296	96.9213	13.3815	25.3000	0.9300	0.9377	0.6954	-0.0010	815.0000	815.1146	1.0285	-1.5882	99.9400	39.0983	0.8230	0.8181	5.0000	-9999.0000	-9999.0000	-9999.0000	-9999.0000	-9999.0000	-9999.0000	18.8919	7	0	25.8731	1.0000	99	9	-9999.0000	11500	40741	-9999	1253	1240	-9999	555.7618	5	0.6813	0.6954	-0.0010	77.5556	2.9147	751.3428	287.3760	35.2315	689.0397	97.4769	740.4730	96.7361	750.3643	96.8287	758.2449	97.0370	
16/08/2017	00:40:09	019001	H421063088HLR	L421	S		694.2532	1.0311	0.0000	99.9686	39.4997	0.8230	0.8248	5.0000	17.1912	815.1025	96.9676	15.7324	25.2000	0.9300	0.9377	0.6954	-0.0010	815.0000	814.4135	1.0285	-1.5843	99.9437	39.0984	0.8230	0.8182	5.0000	-9999.0000	-9999.0000	-9999.0000	-9999.0000	-9999.0000	-9999.0000	18.7423	8	0	26.2534	1.0000	99	9	-9999.0000	11501	40742	-9999	1254	1241	-9999	553.7306	5	0.6812	0.6954	-0.0010	80.0856	2.7260	741.7647	288.5215	36.8750	681.5380	97.3611	731.5015	97.0370	740.7961	97.1528	747.4562	97.1065	
16/08/2017	00:40:35	019001	H421062899HLR	L421	S		697.0680	1.0311	0.0000	100.0164	39.5000	0.8230	0.8249	5.0000	17.1221	815.1058	96.9676	15.0018	25.2000	0.9300	0.9377	0.6945	-0.0010	815.0000	814.6033	1.0285	-1.5853	99.9469	39.1007	0.8230	0.8182	5.0000	-9999.0000	-9999.0000	-9999.0000	-9999.0000	-9999.0000	-9999.0000	18.7425	1	0	26.8330	1.0000	99	9	-9999.0000	11502	40743	-9999	1255	1242	-9999	554.5521	5	0.6810	0.6945	-0.0010	82.2610	2.5709	745.5888	294.9604	34.3056	684.4654	97.5694	734.6711	96.9907	744.7868	97.0602	751.2149	97.1065	
16/08/2017	00:41:02	019001	H421062506HLR	L421	S		699.6587	1.0311	0.0000	100.0497	39.5422	0.8230	0.8248	5.0000	17.2324	815.1226	96.9676	14.8114	25.2000	0.9300	0.9377	0.6947	-0.0010	815.0000	815.6125	1.0285	-1.5910	99.9206	39.0998	0.8230	0.8181	5.0000	-9999.0000	-9999.0000	-9999.0000	-9999.0000	-9999.0000	-9999.0000	19.0521	2	0	26.4729	1.0000	99	9	-9999.0000	11503	40744	-9999	1256	1242	-9999	554.7191	5	0.6810	0.6947	-0.0010	85.2660	2.3544	746.5223	292.5509	37.2685	686.3267	97.2222	737.7222	96.7593	745.6767	96.8519	752.3323	97.0370	
16/08/2017	00:41:29	019001	H421062498HLR	L421	S		700.9737	1.0311	0.0000	100.0013	39.5080	0.8230	0.8247	5.0000	17.3722	815.1062	96.9444	13.7409	25.2000	0.9300	0.9377	0.6948	-0.0010	815.0000	816.2247	1.0285	-1.5944	99.9874	39.1063	0.8230	0.8181	5.0000	-9999.0000	-9999.0000	-9999.0000	-9999.0000	-9999.0000	-9999.0000	18.9426	3	0	27.3832	1.0000	99	9	-9999.0000	11504	40745	-9999	1257	1243	-9999	555.5432	5	0.6812	0.6948	-0.0010	86.8819	2.2146	752.2353	293.4431	36.5509	691.3776	97.2454	742.1751	96.7361	751.3986	96.8287	758.8504	97.0139	
16/08/2017	00:41:56	019001	H421063304HLR	L421	S		697.9210	1.0311	0.0000	100.0295	39.5000	0.8230	0.8248	5.0000	17.3525	815.0748	96.9444	14.7323	25.2000	0.9300	0.9377	0.6946	-0.0010	815.0000	815.6683	1.0285	-1.5913	99.9701	39.1024	0.8230	0.8180	5.0000	-9999.0000	-9999.0000	-9999.0000	-9999.0000	-9999.0000	-9999.0000	19.2123	4	0	26.3528	1.0000	99	9	-9999.0000	11505	40746	-9999	1257	1244	-9999	554.7927	5	0.6809	0.6946	-0.0010	90.5306	1.9526	746.7713	296.5559	37.1759	688.1656	97.2685	736.4628	96.9907	745.9720	97.0833	752.9920	97.1065	
16/08/2017	00:42:23	019001	H421062518HLR	L421	S		697.9870	1.0311	0.0000	100.0475	39.5224	0.8230	0.8246	5.0000	17.9318	815.0812	96.9444	14.7020	25.2000	0.9300	0.9377	0.6941	-0.0009	815.0000	816.7884	1.0285	-1.5976	100.0658	39.1118	0.8230	0.8180	5.0000	-9999.0000	-9999.0000	-9999.0000	-9999.0000	-9999.0000	-9999.0000	19.0920	5	0	27.7145	1.0000	99	9	-9999.0000	11506	40747	-9999	1258	1244	-9999	554.8278	5	0.6808	0.6941	-0.0009	92.6192	1.8114	747.9447	288.4891	36.1574	686.5928	97.3148	737.9578	97.0602	747.0765	97.1991	754.5017	97.0370	
16/08/2017	00:42:49	019001	H421062514HLR	L421	S		697.7852	1.0311	0.0000	100.0164	39.5426	0.8230	0.8248	5.0000	17.2921	815.0618	96.9213	14.9709	25.2000	0.9300	0.9377	0.6941	-0.0009	815.0000	817.2007	1.0285	-1.5999	100.0039	39.1178	0.8230	0.8181	5.0000	-9999.0000	-9999.0000	-9999.0000	-9999.0000	-9999.0000	-9999.0000	18.8919	6	0	25.7822	1.0000	99	9	-9999.0000	11507	40748	-9999	1259	1245	-9999	554.5568	5	0.6806	0.6941	-0.0009	89.8306	1.9509	748.7836	279.7517	33.6111	685.4489	97.6157	738.1848	96.8981	747.9534	96.9907	755.1241	97.0833	
16/08/2017	00:43:16	019001	H421063109HLR	L421	S		697.1428	1.0311	0.0000	100.0071	39.5399	0.8230	0.8248	5.0000	17.2519	815.1228	96.9444	15.1122	25.2000	0.9300	0.9377	0.6939	-0.0009	815.0000	816.1609	1.0285	-1.5941	99.9689	39.1123	0.8230	0.8179	5.0000	-9999.0000	-9999.0000	-9999.0000	-9999.0000	-9999.0000	-9999.0000	19.3119	7	0	26.4934	1.0000	99	9	-9999.0000	11508	40749	-9999	1259	1246	-9999	554.5129	5	0.6807	0.6939	-0.0009	87.2492	2.0955	746.1639	274.9427	33.1481	679.2412	97.7315	735.8799	97.0602	745.4514	97.1528	752.0989	97.1296	
16/08/2017	00:43:41	019001	H421063106HLR	L421	S		695.9269	1.0311	0.0000	100.0747	39.5015	0.8230	0.8247	5.0000	17.4221	815.0828	96.9444	14.8411	25.2000	0.9300	0.9377	0.6940	-0.0009	815.0000	814.9699	1.0285	-1.5874	99.8454	39.1110	0.8230	0.8181	5.0000	-9999.0000	-9999.0000	-9999.0000	-9999.0000	-9999.0000	-9999.0000	18.9523	8	0	25.2130	1.0000	99	9	-9999.0000	11509	40750	-9999	1260	1247	-9999	554.6586	5	0.6805	0.6940	-0.0009	90.8666	1.8594	744.3726	274.8652	35.8565	678.4087	97.5000	734.3083	96.8056	743.5535	96.8981	750.6706	97.0370	
16/08/2017	00:44:07	019001	H421063104HLR	L421	S		694.9691	1.0311	0.0000	100.0451	39.5208	0.8230	0.8247	5.0000	17.4922	815.0702	96.9676	15.5312	25.2000	0.9300	0.9377	0.6909	-0.0007	815.0000	816.1600	1.0285	-1.5941	99.9590	39.1239	0.8230	0.8180	5.0000	-9999.0000	-9999.0000	-9999.0000	-9999.0000	-9999.0000	-9999.0000	19.0726	1	0	26.3736	1.0000	99	9	-9999.0000	11510	40751	-9999	1261	1248	-9999	554.0725	5	0.6801	0.6909	-0.0007	82.9723	2.3776	746.1708	271.8525	34.2361	677.2667	97.6620	735.1673	96.8981	745.2777	97.0139	752.2971	97.0833	
16/08/2017	00:44:34	019001	H421063095HLR	L421	S		700.4327	1.0311	0.0000	100.0118	39.5431	0.8230	0.8247	5.0000	17.6115	815.0787	96.9213	14.2214	25.3000	0.9300	0.9377	0.6911	-0.0007	815.0000	815.0337	1.0285	-1.5877	100.0435	39.1264	0.8230	0.8180	5.0000	-9999.0000	-9999.0000	-9999.0000	-9999.0000	-9999.0000	-9999.0000	19.0824	2	0	26.6828	1.0000	99	9	-9999.0000	11511	40752	-9999	1261	1249	-9999	554.7653	5	0.6800	0.6911	-0.0007	86.6037	2.1300	752.1119	275.4077	33.1481	684.8800	97.6852	741.7180	96.7824	751.2649	96.8750	758.4090	97.0370	
16/08/2017	00:45:01	019001	H421063092HLR	L421	S		698.5668	1.0311	0.0000	99.9805	39.5474	0.8230	0.8248	5.0000	17.1221	815.1133	96.9213	14.3318	25.2000	0.9300	0.9377	0.6918	-0.0008	815.0000	815.7475	1.0285	-1.5917	99.9763	39.1331	0.8230	0.8181	5.0000	-9999.0000	-9999.0000	-9999.0000	-9999.0000	-9999.0000	-9999.0000	18.9125	3	0	27.5131	1.0000	99	9	-9999.0000	11512	40753	-9999	1262	1250	-9999	554.6879	5	0.6800	0.6918	-0.0008	97.7919	1.3686	751.3845	269.1678	33.3333	685.6500	97.6620	741.3593	97.0602	750.4927	97.1759	757.5646	97.0602	
16/08/2017	00:45:27	019001	H421063128HLR	L421	S		703.0048	1.0311	0.0000	99.9653	39.5223	0.8230	0.8248	5.0000	17.1016	815.1040	96.9444	13.6726	25.3000	0.9300	0.9377	0.6920	-0.0008	815.0000	815.8642	1.0285	-1.5924	100.0101	39.1322	0.8230	0.8180	5.0000	-9999.0000	-9999.0000	-9999.0000	-9999.0000	-9999.0000	-9999.0000	18.9621	4	0	25.8839	1.0000	99	9	-9999.0000	11513	40754	-9999	1263	1251	-9999	555.1788	5	0.6801	0.6920	-0.0008	88.8597	1.9811	755.2627	276.8542	32.7315	689.9002	97.6852	744.9134	96.9444	754.4440	97.0139	762.0552	97.0602	
16/08/2017	00:45:53	019001	H421063130HLR	L421	S		699.5646	1.0311	0.0000	99.9830	39.5208	0.8230	0.8249	5.0000	17.0724	815.0496	96.9444	14.2322	25.3000	0.9300	0.9377	0.6889	-0.0006	815.0000	814.7715	1.0285	-1.5863	100.0425	39.1305	0.8230	0.8180	5.0000	-9999.0000	-9999.0000	-9999.0000	-9999.0000	-9999.0000	-9999.0000	18.9317	5	0	25.5929	1.0000	99	9	-9999.0000	11514	40755	-9999	1264	1252	-9999	554.5131	5	0.6798	0.6889	-0.0006	77.2809	2.7611	753.4751	271.7370	32.7083	689.0127	97.8009	743.2087	97.0370	752.7357	97.1296	759.5643	97.0833	
16/08/2017	00:46:18	019001	H421063098HLR	L421	S		698.4081	1.0311	0.0000	100.0187	39.5490	0.8230	0.8249	5.0000	17.1320	815.1205	96.9676	15.1024	25.2000	0.9300	0.9377	0.6942	-0.0010	815.0000	815.3050	1.0285	-1.5893	99.9041	39.1257	0.8230	0.8180	5.0000	-9999.0000	-9999.0000	-9999.0000	-9999.0000	-9999.0000	-9999.0000	18.9526	6	0	24.9826	1.0000	99	9	-9999.0000	11515	40756	-9999	1265	1253	-9999	554.0255	5	0.6799	0.6942	-0.0010	65.6519	3.5407	745.9903	292.3172	34.4907	681.2445	97.6157	735.8276	96.9213	745.1870	97.0139	752.1285	97.1065	
16/08/2017	00:46:43	019001	H421063114HLR	L421	S		694.6769	1.0311	0.0000	100.0415	39.5478	0.8230	0.8248	5.0000	17.2228	815.0955	96.9676	15.3915	25.2000	0.9300	0.9377	0.6950	-0.0010	815.0000	815.1737	1.0285	-1.5885	99.9624	39.1356	0.8230	0.8182	5.0000	-9999.0000	-9999.0000	-9999.0000	-9999.0000	-9999.0000	-9999.0000	18.8322	7	0	25.5029	1.0000	99	9	-9999.0000	11516	40757	-9999	1266	1254	-9999	553.6132	5	0.6798	0.6950	-0.0010	71.1535	3.2091	741.6061	282.9399	35.5324	677.3178	97.5926	731.8288	96.9676	740.7374	97.0370	748.3974	97.1065	
16/08/2017	00:47:44	019001	H421063137HLR	L421	S		699.3442	1.0311	0.0000	100.0192	39.5430	0.8230	0.8247	5.0000	17.2519	815.1403	96.9213	14.3513	25.3000	0.9300	0.9377	0.6936	-0.0009	815.0000	817.1991	1.0285	-1.5999	100.0236	39.1356	0.8230	0.8181	5.0000	-9999.0000	-9999.0000	-9999.0000	-9999.0000	-9999.0000	-9999.0000	18.9925	8	0	60.4675	1.0000	99	9	-9999.0000	11517	40758	-9999	1267	1254	-9999	554.4779	5	0.6799	0.6936	-0.0009	58.1938	4.0674	754.1781	281.1557	36.1806	691.3539	97.3148	743.6785	96.8287	753.4276	96.9213	760.6742	97.0139	
16/08/2017	00:48:12	019001	H421063124HLR	L421	S		706.1420	1.0311	0.0000	99.9883	39.5367	0.8230	0.8247	5.0000	17.3623	815.1544	96.9213	12.5416	25.3000	0.9300	0.9377	0.6948	-0.0010	815.0000	813.3845	1.0285	-1.5785	99.9482	39.1452	0.8230	0.8181	5.0000	-9999.0000	-9999.0000	-9999.0000	-9999.0000	-9999.0000	-9999.0000	18.8214	1	0	27.8940	1.0000	99	9	-9999.0000	11518	40759	-9999	1268	1255	-9999	556.0417	5	0.6799	0.6948	-0.0010	49.7122	4.6313	756.9353	298.4303	35.5556	698.3484	97.3611	747.3656	96.8056	755.8917	96.8750	763.5892	97.0370	
16/08/2017	00:48:37	019001	H421062525HLR	L421	S		703.8764	1.0311	0.0000	100.0441	39.5399	0.8230	0.8248	5.0000	17.0723	815.1043	96.9676	13.2516	25.3000	0.9300	0.9377	0.6946	-0.0010	815.0000	813.7969	1.0285	-1.5808	99.9575	38.9661	0.8230	0.8175	5.0000	-9999.0000	-9999.0000	-9999.0000	-9999.0000	-9999.0000	-9999.0000	19.0120	2	0	24.9522	1.0000	99	9	-9999.0000	11519	40760	-9999	1269	1255	-9999	555.3790	5	0.6798	0.6946	-0.0010	53.9258	4.3323	753.8963	295.5937	36.1806	695.3709	97.4306	744.6317	97.0370	753.0752	97.1296	760.0336	97.1065	
16/08/2017	00:49:02	019001	H421062513HLR	L421	S		703.1410	1.0311	0.0000	100.0414	39.5465	0.8230	0.8248	5.0000	17.1925	815.0915	96.9444	13.1315	25.3000	0.9300	0.9377	0.6945	-0.0010	815.0000	812.4637	1.0285	-1.5733	100.0281	39.0412	0.8230	0.8185	5.0000	-9999.0000	-9999.0000	-9999.0000	-9999.0000	-9999.0000	-9999.0000	18.7425	3	0	25.4336	1.0000	99	9	-9999.0000	11520	40761	-9999	1270	1256	-9999	555.4841	5	0.6798	0.6945	-0.0010	51.8151	4.4736	754.9771	301.4185	35.0000	697.9671	97.6389	745.7414	96.8981	754.2442	96.9444	760.8344	97.0833	
16/08/2017	00:49:26	019001	H421063093HLR	L421	S		668.1201	1.0311	0.0000	99.9916	39.5422	0.8230	0.8248	5.0000	17.5616	815.0484	96.9444	13.4616	25.3000	0.9300	0.9377	0.6939	-0.0010	815.0000	814.5259	1.0285	-1.5849	100.0541	39.1405	0.8230	0.8185	5.0000	-9999.0000	-9999.0000	-9999.0000	-9999.0000	-9999.0000	-9999.0000	18.9812	4	0	24.1523	1.0000	99	9	-9999.0000	11521	40762	-9999	1271	1257	-9999	555.1673	5	0.6798	0.6939	-0.0010	57.3674	4.0947	742.9519	296.9428	36.1806	672.3326	97.6620	729.3209	96.8750	741.8300	96.9213	749.6225	97.1296	
16/08/2017	00:49:52	019001	H421063054HLR	L421	S		701.6448	1.0311	0.0000	100.0042	39.5500	0.8230	0.8247	5.0000	17.4112	815.0794	96.9676	14.3816	25.3000	0.9300	0.9379	0.6931	-0.0009	815.0000	813.9568	1.0285	-1.5817	99.9470	39.1642	0.8230	0.8182	5.0000	-9999.0000	-9999.0000	-9999.0000	-9999.0000	-9999.0000	-9999.0000	18.7825	5	0	25.5734	1.0000	99	9	-9999.0000	11522	40763	-9999	1272	1258	-9999	554.4852	5	0.6802	0.6931	-0.0009	48.5609	4.7035	749.5088	300.4515	35.1852	689.3236	97.8935	739.7651	96.9907	748.7357	97.0602	754.9035	97.0602	
16/08/2017	00:50:42	019001	H421063105HLR	L421	S		710.0755	1.0311	0.0000	100.0017	39.3000	0.8230	0.8247	5.0000	17.2218	815.1293	96.9213	12.7018	25.3000	0.9300	0.9380	0.7051	-0.0017	815.0000	816.9443	1.0285	-1.5985	99.9179	39.0045	0.8230	0.8175	5.0000	-9999.0000	-9999.0000	-9999.0000	-9999.0000	-9999.0000	-9999.0000	18.8821	7	0	25.5140	1.0000	99	9	-9999.0000	11523	40764	-9999	1273	1259	-9999	557.0296	5	0.6808	0.7051	-0.0017	45.2048	4.9257	753.4761	296.3497	36.0185	693.2357	97.6620	742.6443	96.9444	752.1855	96.9907	760.9642	97.0139	
16/08/2017	00:51:07	019001	H421063129HLR	L421	S		705.9738	1.0311	0.0000	100.0059	39.4359	0.8230	0.8253	5.0000	17.2710	815.1514	96.9213	12.6617	25.2000	0.9300	0.9377	0.7047	-0.0017	815.0000	815.7570	1.0285	-1.5918	99.9264	39.0160	0.8230	0.8184	5.0000	-9999.0000	-9999.0000	-9999.0000	-9999.0000	-9999.0000	-9999.0000	18.6224	8	0	24.9423	1.0000	99	9	-9999.0000	11524	40765	-9999	1274	1260	-9999	557.0172	5	0.6809	0.7047	-0.0017	46.8205	4.8123	750.7554	298.2031	35.9028	687.9607	97.6389	739.8099	97.0833	749.9063	97.0833	757.5459	97.1065	
16/08/2017	00:51:58	019001	H421062496HLR	L421	S		704.2785	1.0311	0.0000	100.0158	39.5902	0.8230	0.8248	5.0000	17.3019	815.1460	96.9213	12.2818	25.4000	0.9300	0.9380	0.7036	-0.0016	815.0000	815.5417	1.0285	-1.5906	99.9242	39.0312	0.8230	0.8177	5.0000	-9999.0000	-9999.0000	-9999.0000	-9999.0000	-9999.0000	-9999.0000	18.6223	2	0	24.9435	1.0000	99	9	-9999.0000	11526	40766	-9999	1276	1261	-9999	557.5599	5	0.6811	0.7036	-0.0016	51.6209	4.4287	754.2266	301.8840	34.7454	689.8047	97.5926	743.6794	97.1065	753.3011	97.1296	760.8352	97.0833	
16/08/2017	00:52:23	019001	H421063306HLR	L421	S		708.6471	1.0311	0.0000	100.0654	39.4984	0.8230	0.8246	5.0000	17.2812	815.1237	96.9213	12.0112	25.2000	0.9300	0.9378	0.7020	-0.0015	815.0000	815.2174	1.0285	-1.5888	99.9887	39.0172	0.8230	0.8184	5.0000	-9999.0000	-9999.0000	-9999.0000	-9999.0000	-9999.0000	-9999.0000	18.5919	3	0	25.5932	1.0000	99	9	-9999.0000	11527	40767	-9999	1277	1262	-9999	557.7735	5	0.6812	0.7020	-0.0015	49.8039	4.5406	755.7225	298.6682	34.9306	694.7725	97.7083	745.1853	96.8981	754.7275	96.9676	763.0780	97.0370	
16/08/2017	00:52:48	019001	H421062508HLR	L421	S		709.0283	1.0311	0.0000	100.0649	39.4802	0.8230	0.8248	5.0000	17.2013	815.0834	96.9444	12.3911	25.3000	0.9300	0.9379	0.7010	-0.0014	815.0000	815.7886	1.0285	-1.5920	99.8908	39.1025	0.8230	0.8185	5.0000	-9999.0000	-9999.0000	-9999.0000	-9999.0000	-9999.0000	-9999.0000	18.6820	4	0	24.9017	1.0000	99	9	-9999.0000	11528	40768	-9999	1278	1263	-9999	557.1470	5	0.6814	0.7010	-0.0014	54.5572	4.2054	756.3786	290.7591	35.1157	695.7908	97.6620	746.3305	97.1296	755.4708	97.1991	763.5663	97.0602	
16/08/2017	00:53:14	019001	H421063131HLR	L421	S		707.5385	1.0311	0.0000	100.0552	39.5080	0.8230	0.8248	5.0000	17.2217	815.1256	96.9444	12.5914	25.3000	0.9300	0.9379	0.7010	-0.0014	815.0000	815.9361	1.0285	-1.5928	99.9601	39.1227	0.8230	0.8181	5.0000	-9999.0000	-9999.0000	-9999.0000	-9999.0000	-9999.0000	-9999.0000	19.1626	5	0	25.5139	1.0000	99	9	-9999.0000	11529	40769	-9999	1279	1264	-9999	556.9572	5	0.6814	0.7010	-0.0014	54.5572	4.2054	755.3964	298.9846	34.9537	695.1439	97.5926	744.2355	97.1065	754.5598	97.1296	761.3918	97.0833	
16/08/2017	00:53:39	019001	H421063138HLR	L421	S		708.2344	1.0311	0.0000	99.9811	39.5493	0.8230	0.8249	5.0000	17.0927	815.1240	96.9213	12.1509	25.3000	0.9300	0.9378	0.7005	-0.0014	815.0000	815.5114	1.0285	-1.5904	99.9915	39.1077	0.8230	0.8181	5.0000	-9999.0000	-9999.0000	-9999.0000	-9999.0000	-9999.0000	-9999.0000	18.8919	6	0	24.8829	1.0000	99	9	-9999.0000	11530	40770	-9999	1280	1265	-9999	557.4516	5	0.6819	0.7005	-0.0014	59.1918	3.9087	756.9253	293.1001	35.7407	697.2079	97.3380	746.6691	96.6898	756.0924	96.8056	764.2087	97.0139	
16/08/2017	00:54:06	019001	H421063117HLR	L421	S		703.8663	1.0311	0.0000	100.0541	39.5462	0.8230	0.8248	5.0000	17.2025	815.0649	96.9213	13.4421	25.3000	0.9300	0.9378	0.6988	-0.0012	815.0000	814.8508	1.0285	-1.5867	99.9313	39.0996	0.8230	0.8180	5.0000	-9999.0000	-9999.0000	-9999.0000	-9999.0000	-9999.0000	-9999.0000	19.1820	7	0	25.6125	1.0000	99	9	-9999.0000	11531	40771	-9999	1281	1266	-9999	556.1037	5	0.6824	0.6988	-0.0012	70.6573	3.0109	750.3202	295.0995	37.4074	691.2579	97.2917	741.3198	96.7361	749.4995	96.8056	756.6592	97.0139	
16/08/2017	00:54:31	019001	H421063094HLR	L421	S		707.8079	1.0311	0.0000	99.9743	39.5213	0.8230	0.8243	5.0000	18.4817	815.0800	96.9444	12.6910	25.3000	0.9300	0.9378	0.6980	-0.0012	815.0000	815.2359	1.0285	-1.5889	99.9210	39.1005	0.8230	0.8181	5.0000	-9999.0000	-9999.0000	-9999.0000	-9999.0000	-9999.0000	-9999.0000	19.0326	8	0	24.9835	1.0000	99	9	-9999.0000	11532	40772	-9999	1282	1266	-9999	556.8189	5	0.6828	0.6980	-0.0012	75.3099	2.5822	754.6706	274.3616	34.2593	689.4274	97.7083	744.9179	96.6435	753.6232	96.7824	761.2964	96.9907	
16/08/2017	00:54:56	019001	H421063305HLR	L421	S		651.2601	1.0311	0.0000	100.0866	39.5176	0.8230	0.8251	5.0000	17.1825	0.0000	0.0000	0.0000	0.0000	0.9300	0.0000	0.0000	0.0000	0.0000	710.0302	1.0285	-2.8500	99.9162	39.1352	0.8230	0.8189	5.0000	-9999.0000	-9999.0000	-9999.0000	-9999.0000	-9999.0000	-9999.0000	18.6115	1	7	25.7834	1.0000	99	9	-9999.0000	11533	0	-9999	1283	1267	-9999	0.0000	0	0.0000	0.0000	0.0000	0.0000	0.0000	0.0000	0.0000	0.0000	0.0000	0.0000	0.0000	0.0000	0.0000	0.0000	0.0000	0.0000	
16/08/2017	00:55:21	019001	H421062495HLR	L421	S		705.5479	1.0311	0.0000	100.0750	39.5500	0.8230	0.8248	5.0000	17.3614	815.1093	96.9444	12.9215	25.4000	0.9300	0.9381	0.6972	-0.0011	815.0000	814.4854	1.0285	-1.5847	99.9796	39.1223	0.8230	0.8180	5.0000	-9999.0000	-9999.0000	-9999.0000	-9999.0000	-9999.0000	-9999.0000	19.0628	2	0	24.9425	1.0000	99	9	-9999.0000	11534	40773	-9999	1284	1268	-9999	556.4922	5	0.6828	0.6972	-0.0011	77.7903	2.4005	755.3494	284.1499	35.5556	685.9242	97.8472	744.5569	96.8056	754.4481	96.8750	761.4560	97.0370	
16/08/2017	00:55:47	019001	H421063103HLR	L421	S		704.4944	1.0311	0.0000	100.0243	39.5490	0.8230	0.8247	5.0000	17.4318	815.1006	96.8981	13.3219	25.2000	0.9300	0.9377	0.6971	-0.0011	815.0000	815.1224	1.0285	-1.5882	99.9736	39.1031	0.8230	0.8180	5.0000	-9999.0000	-9999.0000	-9999.0000	-9999.0000	-9999.0000	-9999.0000	19.0921	3	0	25.4728	1.0000	99	9	-9999.0000	11535	40774	-9999	1285	1269	-9999	556.0767	5	0.6827	0.6971	-0.0011	78.8392	2.3458	753.3427	275.5463	34.6528	685.1918	97.7778	743.1715	97.1065	752.5163	97.1528	759.3612	97.0833	
16/08/2017	00:56:09	019001	H421063121HLR	L421	S		703.7324	1.0311	0.0000	100.0513	39.5435	0.8230	0.8248	5.0000	17.2325	815.1093	96.9213	13.2418	25.3000	0.9300	0.9378	0.6962	-0.0010	815.0000	814.8195	1.0285	-1.5865	100.0031	39.1128	0.8230	0.8181	5.0000	-9999.0000	-9999.0000	-9999.0000	-9999.0000	-9999.0000	-9999.0000	18.9624	4	0	22.4930	1.0000	99	9	-9999.0000	11536	40775	-9999	1286	1270	-9999	556.2683	5	0.6828	0.6962	-0.0010	78.1306	2.3889	753.6093	298.7836	35.3472	688.5294	97.7546	743.5620	96.8750	752.8069	96.9444	760.2366	97.0833	
16/08/2017	00:56:27	019001	H421063110HLR	L421	S		702.2022	1.0311	0.0000	99.9894	39.5462	0.8230	0.8248	5.0000	17.2314	815.0681	96.9213	13.5925	25.2000	0.9300	0.9378	0.6962	-0.0010	815.0000	815.2905	1.0285	-1.5892	99.9769	39.1273	0.8230	0.8180	5.0000	-9999.0000	-9999.0000	-9999.0000	-9999.0000	-9999.0000	-9999.0000	19.2220	5	0	17.2520	1.0000	99	9	-9999.0000	11537	40776	-9999	1287	1271	-9999	555.9386	5	0.6828	0.6962	-0.0010	78.1306	2.3889	752.7699	292.8358	36.6204	691.1878	97.6157	742.5526	97.2454	752.0729	97.2685	759.0677	97.1296	
16/08/2017	01:17:02	019001	H340058297HLR	L340	S		581.3942	1.0311	0.0000	100.0665	39.1500	0.8230	0.8256	5.0000	17.1916	675.1687	95.0694	5.6706	25.2000	0.9300	0.9365	0.6610	-0.0060	675.0000	674.9656	1.0285	2.0269	100.0492	38.7482	0.8230	0.8197	5.0000	-9999.0000	-9999.0000	-9999.0000	-9999.0000	-9999.0000	-9999.0000	18.2491	7	0	17.9424	1.0000	03	1	-9999.0000	11538	40777	-9999	1288	1272	-9999	423.3426	5	0.6275	0.6610	-0.0060	46.2558	8.4619	658.8967	215.8093	33.5185	592.5079	94.6759	644.6911	95.1620	657.6207	95.1852	668.2329	95.0926	
16/08/2017	01:18:26	019001	H340058307HLR	L340	S		580.0987	1.0311	0.0000	99.9964	39.1437	0.8230	0.8253	5.0000	17.2695	675.1185	94.8380	5.7907	25.2000	0.9300	0.9369	0.6613	-0.0060	675.0000	676.2701	1.0285	1.7660	100.0206	38.7278	0.8230	0.8195	5.0000	-9999.0000	-9999.0000	-9999.0000	-9999.0000	-9999.0000	-9999.0000	18.1116	3	0	17.7826	1.0000	03	1	-9999.0000	11539	40778	-9999	1289	1273	-9999	423.0456	5	0.6272	0.6613	-0.0060	46.2546	8.4617	668.2902	316.2723	36.6204	602.4998	97.0139	647.2464	97.1528	661.4795	97.0833	670.4587	94.7454	
16/08/2017	01:19:50	019001	H340058284HLR	L340	S		580.4230	1.0311	0.0000	99.9983	39.1500	0.8230	0.8254	5.0000	17.0119	675.2126	94.9074	5.6706	25.2000	0.9300	0.9367	0.6609	-0.0060	675.0000	673.9621	1.0285	2.2276	99.9633	38.7426	0.8230	0.8194	5.0000	-9999.0000	-9999.0000	-9999.0000	-9999.0000	-9999.0000	-9999.0000	18.2325	7	0	18.1528	1.0000	03	1	-9999.0000	11540	40779	-9999	1290	1274	-9999	423.2934	5	0.6264	0.6609	-0.0060	46.2760	8.4656	661.5651	336.8490	37.3611	602.7500	95.2546	645.0192	95.4630	660.2014	95.5093	669.5972	94.8843	
16/08/2017	01:21:23	019001	H340058292HLR	L340	S		577.1701	1.0311	0.0000	100.0038	39.1500	0.8230	0.8254	5.0000	17.1223	675.1571	94.9769	6.0007	25.2000	0.9300	0.9367	0.6613	-0.0060	675.0000	674.7508	1.0285	2.0698	100.0446	38.7422	0.8230	0.8194	5.0000	-9999.0000	-9999.0000	-9999.0000	-9999.0000	-9999.0000	-9999.0000	18.3116	3	0	25.5939	1.0000	03	1	-9999.0000	11541	40780	-9999	1291	1275	-9999	422.2053	5	0.6269	0.6613	-0.0060	46.2642	8.4634	655.9058	314.3689	37.2685	595.0024	95.2546	641.1747	95.3241	654.5692	95.3472	665.3983	94.9537	
16/08/2017	01:22:10	019001	H340058301HLR	L340	S		580.7753	1.0311	0.0000	99.9909	39.3000	0.8230	0.8258	5.0000	17.0624	675.1388	95.0231	6.0105	25.2000	0.9300	0.9365	0.6613	-0.0060	675.0000	675.3966	1.0285	1.9407	99.9490	38.8885	0.8230	0.8197	5.0000	-9999.0000	-9999.0000	-9999.0000	-9999.0000	-9999.0000	-9999.0000	18.0921	5	0	25.6435	1.0000	03	1	-9999.0000	11542	40781	-9999	1292	1276	-9999	422.1720	5	0.6269	0.6613	-0.0060	46.2642	8.4634	656.1423	317.7090	36.9907	591.3154	95.0463	641.0264	95.1852	654.7206	95.3009	664.9540	94.7917	
16/08/2017	01:22:56	019001	H340058317HLR	L340	S		582.3185	1.0311	0.0000	99.9909	39.3000	0.8230	0.8254	5.0000	17.1318	675.1756	95.0000	5.0504	25.2000	0.9300	0.9366	0.6614	-0.0060	675.0000	675.3741	1.0285	1.9452	99.9908	38.8541	0.8230	0.8194	5.0000	-9999.0000	-9999.0000	-9999.0000	-9999.0000	-9999.0000	-9999.0000	18.0219	7	0	25.5929	1.0000	03	1	-9999.0000	11543	40782	-9999	1293	1277	-9999	426.1570	5	0.6266	0.6614	-0.0060	46.2620	8.4630	665.1942	305.2721	36.5278	602.4217	94.9074	650.3692	94.7917	663.7728	94.9769	674.7636	95.0000	
16/08/2017	01:23:43	019001	H340058304HLR	L340	S		579.8530	1.0311	0.0000	99.9748	39.2500	0.8230	0.8254	5.0000	17.2617	675.1453	94.9769	5.2506	25.2000	0.9300	0.9366	0.6628	-0.0063	675.0000	673.7336	1.0285	2.2733	100.0129	38.8583	0.8230	0.8195	5.0000	-9999.0000	-9999.0000	-9999.0000	-9999.0000	-9999.0000	-9999.0000	17.9319	1	0	25.6631	1.0000	03	1	-9999.0000	11544	40783	-9999	1294	1278	-9999	425.4012	5	0.6263	0.6628	-0.0063	54.0110	7.0497	662.0136	319.3515	37.3380	602.5380	94.7685	646.4577	94.8843	660.5449	94.9769	672.4672	94.9769	
16/08/2017	01:24:34	019001	H340058311HLR	L340	S		577.9339	1.0311	0.0000	99.9630	39.3000	0.8230	0.8254	5.0000	17.3224	675.1916	95.0000	6.0212	25.2000	0.9300	0.9367	0.6613	-0.0060	675.0000	674.8930	1.0285	2.0414	99.9540	38.8744	0.8230	0.8194	5.0000	-9999.0000	-9999.0000	-9999.0000	-9999.0000	-9999.0000	-9999.0000	18.0021	3	0	25.5638	1.0000	03	1	-9999.0000	11545	40784	-9999	1295	1279	-9999	422.2350	5	0.6271	0.6613	-0.0060	75.7467	3.3301	656.4434	326.2706	39.0046	597.7202	94.7454	641.3953	95.0926	655.0664	95.0926	664.6983	94.9074	
16/08/2017	01:24:59	019001	H340058321HLR	L340	S		579.2020	1.0311	0.0000	100.0118	39.2535	0.8230	0.8256	5.0000	17.1181	675.1180	95.0463	5.9001	25.1000	0.9300	0.9366	0.6613	-0.0060	675.0000	675.7311	1.0285	1.8738	99.9048	38.8951	0.8230	0.8196	5.0000	-9999.0000	-9999.0000	-9999.0000	-9999.0000	-9999.0000	-9999.0000	18.9328	4	0	25.0028	1.0000	03	1	-9999.0000	11546	40785	-9999	1296	1280	-9999	422.6785	5	0.6271	0.6613	-0.0060	75.7467	3.3301	656.9882	334.6874	38.5648	599.1650	94.5833	642.0834	95.0231	655.5721	95.0926	665.5577	94.9306	
16/08/2017	01:25:24	019001	H340058324HLR	L340	S		580.0491	1.0311	0.0000	100.0156	39.3891	0.8230	0.8258	5.0000	17.1516	675.1656	95.0000	5.9802	25.1000	0.9300	0.9365	0.6659	-0.0068	675.0000	675.7169	1.0285	1.8766	99.9337	38.9975	0.8230	0.8201	5.0000	-9999.0000	-9999.0000	-9999.0000	-9999.0000	-9999.0000	-9999.0000	17.8918	5	0	25.5129	1.0000	03	1	-9999.0000	11547	40786	-9999	1297	1281	-9999	422.3457	5	0.6277	0.6659	-0.0068	77.4528	3.0461	653.7261	320.3610	36.5278	597.6180	94.3287	639.3220	94.3287	652.2299	94.6759	664.3793	94.9769	
16/08/2017	01:25:49	019001	H340056084HLR	L340	S		580.7711	1.0311	0.0000	100.0242	39.4000	0.8230	0.8256	5.0000	17.1526	675.1387	94.9537	5.5808	25.1000	0.9300	0.9364	0.6659	-0.0068	675.0000	675.7605	1.0285	1.8679	100.0297	38.9802	0.8230	0.8191	5.0000	-9999.0000	-9999.0000	-9999.0000	-9999.0000	-9999.0000	-9999.0000	18.9221	6	0	24.9533	1.0000	03	1	-9999.0000	11548	40787	-9999	1298	1282	-9999	424.1419	5	0.6277	0.6659	-0.0068	77.4528	3.0461	658.3787	326.7359	36.8750	600.8803	94.5139	642.7281	94.6991	656.9615	94.8380	668.4794	95.0463	
16/08/2017	01:26:15	019001	H340056096HLR	L340	S		580.0084	1.0311	0.0000	99.9878	39.4000	0.8230	0.8254	5.0000	17.3322	675.1606	94.9769	5.6804	25.1000	0.9300	0.9367	0.6640	-0.0064	675.0000	675.7871	1.0285	1.8626	99.9859	38.9241	0.8230	0.8195	5.0000	-9999.0000	-9999.0000	-9999.0000	-9999.0000	-9999.0000	-9999.0000	18.2228	7	0	25.5529	1.0000	03	1	-9999.0000	11549	40788	-9999	1299	1282	-9999	423.7416	5	0.6274	0.6640	-0.0064	75.1074	3.4904	657.5216	326.3576	36.4352	602.4466	94.4213	642.9806	94.6759	655.8908	94.9074	667.4377	95.0000	
16/08/2017	01:26:40	019001	H340056106HLR	L340	S		580.4494	1.0311	0.0000	100.0588	39.3707	0.8230	0.8253	5.0000	17.1923	675.1385	94.9074	5.5407	25.1000	0.9300	0.9365	0.6652	-0.0067	675.0000	675.0699	1.0285	2.0060	100.0199	38.9836	0.8230	0.8198	5.0000	-9999.0000	-9999.0000	-9999.0000	-9999.0000	-9999.0000	-9999.0000	18.0325	8	0	24.9726	1.0000	03	1	-9999.0000	11550	40789	-9999	1300	1283	-9999	424.3198	5	0.6272	0.6652	-0.0067	72.4735	4.0781	658.0339	327.5474	38.2870	603.4453	94.4213	642.8950	94.6065	656.5847	94.9074	668.5818	95.0463	
16/08/2017	01:27:05	019001	H340056090HLR	L340	S		578.2686	1.0311	0.0000	100.0406	39.3707	0.8230	0.8254	5.0000	17.3321	675.1309	94.9306	5.5300	25.1000	0.9300	0.9366	0.6658	-0.0068	675.0000	674.6612	1.0285	2.0878	100.0198	39.0064	0.8230	0.8196	5.0000	-9999.0000	-9999.0000	-9999.0000	-9999.0000	-9999.0000	-9999.0000	18.1829	1	0	25.5529	1.0000	03	1	-9999.0000	11551	40790	-9999	1301	1284	-9999	424.3479	5	0.6270	0.6658	-0.0068	74.7796	3.5644	659.6361	326.5314	38.2870	601.2169	94.4444	644.0401	94.8843	658.1457	95.0694	669.2940	94.9306	
16/08/2017	01:27:30	019001	H340056094HLR	L340	S		579.3134	1.0311	0.0000	99.9644	39.4000	0.8230	0.8255	5.0000	17.1515	675.1371	94.9306	5.7907	25.1000	0.9300	0.9366	0.6654	-0.0067	675.0000	675.5329	1.0285	1.9134	99.9604	39.0096	0.8230	0.8196	5.0000	-9999.0000	-9999.0000	-9999.0000	-9999.0000	-9999.0000	-9999.0000	18.2122	2	0	24.9134	1.0000	03	1	-9999.0000	11552	40791	-9999	1302	1285	-9999	423.1429	5	0.6271	0.6654	-0.0067	71.3871	4.2757	655.6285	306.7368	37.0602	594.9353	94.4444	639.7131	94.6991	654.1409	94.9074	666.0899	95.0000	
16/08/2017	01:27:56	019001	H340056109HLR	L340	S		583.6212	1.0311	0.0000	100.0227	39.4000	0.8230	0.8254	5.0000	17.1624	675.1814	94.9769	4.8004	25.1000	0.9300	0.9367	0.6614	-0.0060	675.0000	675.1244	1.0285	1.9951	100.0185	39.0154	0.8230	0.8195	5.0000	-9999.0000	-9999.0000	-9999.0000	-9999.0000	-9999.0000	-9999.0000	18.3117	3	0	25.5526	1.0000	03	1	-9999.0000	11553	40792	-9999	1303	1286	-9999	427.1723	5	0.6272	0.6614	-0.0060	71.4846	4.2593	668.1662	320.1390	36.2037	609.5085	94.5139	651.9003	94.6991	666.5490	94.8380	677.3432	89.0046	
16/08/2017	01:28:21	019001	H340056120HLR	L340	S		578.9887	1.0311	0.0000	99.9651	39.4000	0.8230	0.8254	5.0000	17.1721	675.1101	94.9306	5.4509	25.1000	0.9300	0.9366	0.6616	-0.0061	675.0000	675.7732	1.0285	1.8654	100.0588	39.0217	0.8230	0.8195	5.0000	-9999.0000	-9999.0000	-9999.0000	-9999.0000	-9999.0000	-9999.0000	18.3215	4	0	24.9436	1.0000	03	1	-9999.0000	11554	40793	-9999	1304	1287	-9999	424.4632	5	0.6273	0.6616	-0.0061	71.4561	4.2518	660.9115	308.9106	35.4398	600.8071	94.5370	645.5897	94.8611	659.4729	94.9074	670.5905	95.0000	
16/08/2017	01:28:46	019001	H340056131HLR	L340	S		589.6353	1.0311	0.0000	100.0501	39.4000	0.8230	0.8254	5.0000	17.0821	675.1919	94.9537	4.6910	25.1000	0.9300	0.9365	0.6666	-0.0069	675.0000	677.6751	1.0285	1.4850	99.9236	39.0283	0.8230	0.8194	5.0000	-9999.0000	-9999.0000	-9999.0000	-9999.0000	-9999.0000	-9999.0000	18.2823	5	0	25.5332	1.0000	03	1	-9999.0000	11555	40794	-9999	1305	1287	-9999	428.3272	5	0.6276	0.6666	-0.0069	78.0217	3.0528	668.5454	304.6141	34.3750	606.9643	94.6991	653.1842	94.7454	666.9383	94.8611	679.1767	54.8611	
16/08/2017	01:29:11	019001	H340058426HLR	L340	S		586.2375	1.0311	0.0000	99.9721	39.4000	0.8230	0.8254	5.0000	17.2122	675.1675	95.0463	4.3404	25.1000	0.9300	0.9365	0.6668	-0.0069	675.0000	677.4304	1.0285	1.5339	100.0239	39.0294	0.8230	0.8195	5.0000	-9999.0000	-9999.0000	-9999.0000	-9999.0000	-9999.0000	-9999.0000	18.2122	6	0	24.9630	1.0000	03	1	-9999.0000	11556	40795	-9999	1306	1288	-9999	429.9398	5	0.6277	0.6668	-0.0069	72.1528	4.1265	672.8070	315.3435	37.4074	603.6218	94.6991	655.8777	94.9306	671.2518	95.0463	657.4276	18.5648	
16/08/2017	01:29:37	019001	H340056123HLR	L340	Q		571.2029	1.0311	0.0000	99.9929	39.4000	0.8230	0.8253	5.0000	17.4512	675.2273	95.0000	5.4508	25.2000	0.9300	0.9367	0.6659	-0.0068	675.0000	676.3502	1.0285	1.7500	99.9704	39.0462	0.8230	0.8194	5.0000	-9999.0000	-9999.0000	-9999.0000	-9999.0000	-9999.0000	-9999.0000	18.3225	7	0	25.4923	1.0000	03	1	-9999.0000	11557	40796	-9999	1307	1288	-9999	424.7641	5	0.6279	0.6659	-0.0068	70.6942	4.3684	659.3210	314.2488	35.9491	596.3688	94.7685	643.7826	94.9537	657.8021	94.9306	669.8014	95.0000	
16/08/2017	01:30:02	019001	H340058436HLR	L340	Q		587.7175	1.0311	0.0000	100.0173	39.4303	0.8230	0.8254	5.0000	17.2814	677.7806	94.8611	4.1499	25.1000	0.9300	0.0000	0.6639	-0.0065	675.0000	677.3035	1.0285	1.5593	99.9816	39.0545	0.8230	0.8195	5.0000	-9999.0000	-9999.0000	-9999.0000	-9999.0000	-9999.0000	-9999.0000	18.1419	8	0	25.0333	1.0000	03	1	-9999.0000	11558	40797	-9999	1308	1289	-9999	431.7681	5	0.6276	0.6639	-0.0065	69.9277	4.4985	677.5327	321.9720	36.1343	614.5980	94.6759	660.7902	94.7454	676.0403	94.9074	0.0000	0.0000	
16/08/2017	01:30:27	019001	H340058446HLR	L340	S		583.1703	1.0311	0.0000	100.0349	39.4500	0.8230	0.8253	5.0000	17.2814	675.2243	94.9074	4.4410	25.1000	0.9300	0.9365	0.6639	-0.0065	675.0000	676.3124	1.0285	1.7575	99.9722	39.0569	0.8230	0.8194	5.0000	-9999.0000	-9999.0000	-9999.0000	-9999.0000	-9999.0000	-9999.0000	18.1615	1	0	25.5130	1.0000	03	1	-9999.0000	11559	40798	-9999	1309	1290	-9999	428.9074	5	0.6282	0.6639	-0.0065	70.0757	4.4741	671.5413	316.5699	35.5093	609.3439	94.8380	655.6025	94.8843	670.0607	94.8843	675.6077	27.1991	
16/08/2017	01:30:52	019001	H340058469HLR	L340	S		579.2504	1.0311	0.0000	100.0317	39.4064	0.8230	0.8252	5.0000	17.5822	675.1409	94.9306	5.0602	25.1000	0.9300	0.9367	0.6595	-0.0057	675.0000	676.8853	1.0285	1.6429	99.9093	39.0589	0.8230	0.8195	5.0000	-9999.0000	-9999.0000	-9999.0000	-9999.0000	-9999.0000	-9999.0000	18.0724	2	0	24.8935	1.0000	03	1	-9999.0000	11560	40799	-9999	1310	1291	-9999	425.8649	5	0.6291	0.6595	-0.0057	72.7442	4.0376	665.4709	309.9949	37.2454	606.6500	94.6759	650.8671	94.9769	664.2096	94.9306	674.6910	94.9306	
16/08/2017	01:31:18	019001	H340058458HLR	L340	S		578.5401	1.0311	0.0000	100.0558	39.4160	0.8230	0.8253	5.0000	17.2920	675.1872	95.0000	4.9606	25.1000	0.9300	0.9366	0.6589	-0.0056	675.0000	676.8442	1.0285	1.6512	99.9431	39.0599	0.8230	0.8194	5.0000	-9999.0000	-9999.0000	-9999.0000	-9999.0000	-9999.0000	-9999.0000	18.2620	3	0	25.5433	1.0000	03	1	-9999.0000	11561	40800	-9999	1310	1292	-9999	426.2725	5	0.6294	0.6589	-0.0056	69.8094	4.6097	666.7829	323.6729	36.4352	610.8477	94.8843	651.7360	94.8843	665.2743	94.9537	675.7339	95.0000	
16/08/2017	01:31:43	019001	H340058429HLR	L340	S		578.6875	1.0311	0.0000	100.0668	39.4500	0.8230	0.8253	5.0000	17.3224	675.1675	94.9537	4.8707	25.1000	0.9300	0.9367	0.6612	-0.0060	675.0000	676.9574	1.0285	1.6285	99.9643	39.0618	0.8230	0.8194	5.0000	-9999.0000	-9999.0000	-9999.0000	-9999.0000	-9999.0000	-9999.0000	18.1624	4	0	24.9727	1.0000	03	1	-9999.0000	11562	40801	-9999	1311	1293	-9999	426.7941	5	0.6303	0.6612	-0.0060	70.7728	4.4535	668.0147	327.9552	39.0278	610.4965	94.7454	652.9958	94.9306	666.7564	95.0000	676.6015	92.9630	
16/08/2017	01:32:33	019001	H340058466HLR	L340	S		580.9227	1.0311	0.0000	100.0125	39.4500	0.8230	0.8254	5.0000	17.0723	675.1993	95.0231	4.5611	25.2000	0.9300	0.9368	0.6609	-0.0060	675.0000	675.9470	1.0285	1.8306	99.9565	38.9501	0.8230	0.8188	5.0000	-9999.0000	-9999.0000	-9999.0000	-9999.0000	-9999.0000	-9999.0000	18.3832	6	0	25.0030	1.0000	03	1	-9999.0000	11564	40802	-9999	1312	1294	-9999	427.9265	5	0.6311	0.6609	-0.0060	69.3366	4.9471	670.3304	334.7882	39.5370	610.8690	95.0463	655.2202	95.3241	669.0050	95.3472	680.0272	36.7824	
16/08/2017	01:32:59	019001	H340058443HLR	L340	S		580.5422	1.0311	0.0000	99.9641	39.4500	0.8230	0.8253	5.0000	17.0821	675.1924	95.0000	5.0406	25.2000	0.9300	0.9368	0.6624	-0.0063	675.0000	677.2483	1.0285	1.5703	99.9760	38.9687	0.8230	0.8196	5.0000	-9999.0000	-9999.0000	-9999.0000	-9999.0000	-9999.0000	-9999.0000	18.2220	7	0	25.4826	1.0000	03	1	-9999.0000	11565	40803	-9999	1313	1295	-9999	425.7767	5	0.6312	0.6624	-0.0063	64.5805	6.1036	665.3338	327.8116	36.6667	610.4200	94.7685	651.5776	94.9306	664.0173	94.9074	674.8709	95.0000	
16/08/2017	01:33:23	019001	H340058432HLR	L340	S		577.4936	1.0311	0.0000	100.0393	39.4414	0.8230	0.8253	5.0000	17.1924	675.1589	94.9769	4.7506	25.1000	0.9300	0.9366	0.6645	-0.0068	675.0000	675.3044	1.0285	1.9591	99.9935	39.0847	0.8230	0.8199	5.0000	-9999.0000	-9999.0000	-9999.0000	-9999.0000	-9999.0000	-9999.0000	18.1527	8	0	24.9229	1.0000	03	1	-9999.0000	11566	40804	-9999	1314	1296	-9999	426.8893	5	0.6316	0.6645	-0.0068	51.7598	9.0074	668.3252	304.3996	35.5324	605.6964	94.6528	652.1665	94.9074	666.7242	94.9306	678.0262	75.5556	
16/08/2017	01:33:49	019001	H340058441HLR	L340	S		582.3172	1.0311	0.0000	100.0022	39.4500	0.8230	0.8253	5.0000	17.3126	675.1601	94.9537	4.5806	25.1000	0.9300	0.9367	0.6645	-0.0068	675.0000	676.5111	1.0285	1.7178	100.0225	39.1116	0.8230	0.8195	5.0000	-9999.0000	-9999.0000	-9999.0000	-9999.0000	-9999.0000	-9999.0000	18.3322	1	0	25.4933	1.0000	03	1	-9999.0000	11566	40805	-9999	1315	1297	-9999	427.6739	5	0.6316	0.6645	-0.0068	51.7598	9.0074	670.2126	312.4709	37.5231	607.7435	94.6065	653.5845	94.9306	668.7172	94.9537	680.6683	40.0463	
16/08/2017	01:34:14	019001	H340058494HLR	L340	S		580.2880	1.0311	0.0000	99.9692	39.4500	0.8230	0.8253	5.0000	17.2921	675.1679	94.8611	5.3102	25.2000	0.9300	0.9368	0.6639	-0.0067	675.0000	676.8497	1.0285	1.6501	100.0330	39.0935	0.8230	0.8194	5.0000	-9999.0000	-9999.0000	-9999.0000	-9999.0000	-9999.0000	-9999.0000	18.1622	2	0	25.0030	1.0000	03	1	-9999.0000	11567	40805	-9999	1316	1298	-9999	424.2228	5	0.6317	0.6639	-0.0067	42.6569	11.3005	662.4073	332.3688	37.7778	604.8551	94.8148	645.8526	95.1852	660.8563	95.1852	672.3343	94.8148	
16/08/2017	01:34:39	019001	H340058515HLR	L340	S		584.3793	1.0311	0.0000	100.0329	39.4500	0.8230	0.8253	5.0000	17.2725	675.2455	95.0000	4.5005	25.1000	0.9300	0.9366	0.6705	-0.0082	675.0000	676.3185	1.0285	1.7563	99.9709	39.0846	0.8230	0.8193	5.0000	-9999.0000	-9999.0000	-9999.0000	-9999.0000	-9999.0000	-9999.0000	18.3126	3	0	25.4728	1.0000	03	1	-9999.0000	11568	40806	-9999	1317	1299	-9999	427.9184	5	0.6318	0.6705	-0.0082	45.4620	10.6426	670.3563	303.3468	35.3472	605.2912	94.8380	652.6137	94.9537	668.7357	94.9769	679.6488	33.4722	
16/08/2017	01:35:04	019001	H340058512HLR	L340	S		582.6492	1.0311	0.0000	99.9812	39.4500	0.8230	0.8253	5.0000	17.3022	675.2129	94.9074	4.5103	25.1000	0.9300	0.9365	0.6736	-0.0088	675.0000	676.5411	1.0285	1.7118	99.9725	39.0811	0.8230	0.8193	5.0000	-9999.0000	-9999.0000	-9999.0000	-9999.0000	-9999.0000	-9999.0000	18.3224	4	0	24.9835	1.0000	03	1	-9999.0000	11569	40807	-9999	1318	1300	-9999	428.0041	5	0.6318	0.6736	-0.0088	44.1913	10.9766	670.2578	311.9709	37.2222	603.2219	94.6991	652.2489	94.9074	668.5597	94.9306	680.3617	32.2685	
16/08/2017	01:35:30	019001	H340056119HLR	L340	S		439.9604	1.0311	3.1661	99.9554	39.4072	0.8230	0.8257	5.0000	17.1416	0.0000	0.0000	0.0000	0.0000	0.9300	0.0000	0.0000	0.0000	0.0000	448.7222	1.0285	3.2821	99.9735	39.0333	0.8230	0.8202	5.0000	-9999.0000	-9999.0000	-9999.0000	-9999.0000	-9999.0000	-9999.0000	17.7011	5	7	25.5334	1.0000	03	1	-9999.0000	11570	0	-9999	1319	1301	-9999	0.0000	0	0.0000	0.0000	0.0000	0.0000	0.0000	0.0000	0.0000	0.0000	0.0000	0.0000	0.0000	0.0000	0.0000	0.0000	0.0000	0.0000	
16/08/2017	01:35:55	019001	H340058504HLR	L340	S		578.6784	1.0311	0.0000	100.0245	39.5000	0.8230	0.8253	5.0000	17.2920	675.2688	94.9306	4.7203	25.1000	0.9300	0.9367	0.6737	-0.0089	675.0000	675.7676	1.0285	1.8665	100.0425	39.1472	0.8230	0.8194	5.0000	-9999.0000	-9999.0000	-9999.0000	-9999.0000	-9999.0000	-9999.0000	18.2825	6	0	24.9827	1.0000	03	1	-9999.0000	11571	40808	-9999	1320	1302	-9999	426.8048	5	0.6314	0.6737	-0.0089	62.8676	6.9047	667.2991	313.1138	36.3889	601.7885	94.8843	649.9287	95.0000	665.7091	94.8843	679.6231	65.6944	
16/08/2017	01:36:21	019001	H340058477HLR	L340	S		584.7669	1.0311	0.0000	100.0099	39.4955	0.8230	0.8253	5.0000	17.0822	684.6455	94.7454	4.1509	25.1000	0.9300	0.0000	0.6694	-0.0080	675.0000	682.4716	1.0285	0.5257	99.9731	39.0937	0.8230	0.8191	5.0000	-9999.0000	-9999.0000	-9999.0000	-9999.0000	-9999.0000	-9999.0000	18.4417	7	2	25.5432	1.0000	03	1	-9999.0000	11572	40809	-9999	1321	1303	-9999	435.6300	5	0.6309	0.6694	-0.0080	67.4031	5.9517	684.3889	310.6177	34.8380	615.1184	94.7222	665.7392	94.8148	682.8141	94.7454	0.0000	0.0000	
16/08/2017	01:36:48	019001	H340058507HLR	L340	S		585.6424	1.0311	0.0000	100.0180	39.4500	0.8230	0.8252	5.0000	17.2724	684.0950	95.0463	4.1499	25.1000	0.9300	0.0000	0.6665	-0.0074	675.0000	680.4861	1.0285	0.9228	99.8966	39.0887	0.8230	0.8192	5.0000	-9999.0000	-9999.0000	-9999.0000	-9999.0000	-9999.0000	-9999.0000	18.4719	8	0	27.3432	1.0000	03	1	-9999.0000	11573	40810	-9999	1322	1304	-9999	434.9399	5	0.6308	0.6665	-0.0074	68.7572	5.6798	683.8311	328.5344	38.5648	617.2596	94.8380	665.6815	95.0926	682.1558	95.0694	0.0000	0.0000	
16/08/2017	01:37:13	019001	H340058519HLR	L340	S		589.2467	1.0311	0.0000	99.9586	39.4500	0.8230	0.8253	5.0000	17.1015	684.5222	94.8148	4.1509	25.1000	0.9300	0.0000	0.6665	-0.0074	675.0000	682.4176	1.0285	0.5365	99.8626	39.0955	0.8230	0.8193	5.0000	-9999.0000	-9999.0000	-9999.0000	-9999.0000	-9999.0000	-9999.0000	18.4018	1	2	25.6631	1.0000	03	1	-9999.0000	11574	40811	-9999	1323	1305	-9999	435.2235	5	0.6308	0.6665	-0.0074	68.7572	5.6798	684.2262	309.5918	36.0417	617.1984	94.9306	667.0516	94.7685	682.4637	94.8148	0.0000	0.0000	
16/08/2017	01:37:38	019001	H340058509HLR	L340	S		590.6643	1.0311	0.0000	100.0300	39.5000	0.8230	0.8253	5.0000	17.2618	686.0209	94.9074	4.1499	25.1000	0.9300	0.0000	0.6671	-0.0076	675.0000	683.1058	1.0285	0.3988	99.9610	39.1079	0.8230	0.8192	5.0000	-9999.0000	-9999.0000	-9999.0000	-9999.0000	-9999.0000	-9999.0000	18.3063	2	2	24.9835	1.0000	03	1	-9999.0000	11575	40812	-9999	1324	1306	-9999	436.2084	5	0.6310	0.6671	-0.0076	70.6932	5.2990	685.7563	326.6703	35.9954	618.3910	94.8380	668.2813	94.8148	684.2011	94.9306	0.0000	0.0000	
16/08/2017	01:38:05	019001	H340058500HLR	L340	S		590.5894	1.0311	0.0000	100.0548	39.5000	0.8230	0.8253	5.0000	17.0918	682.3889	94.7917	4.1499	25.1000	0.9300	0.0000	0.6674	-0.0076	675.0000	682.2879	1.0285	0.5624	99.9561	39.0963	0.8230	0.8192	5.0000	-9999.0000	-9999.0000	-9999.0000	-9999.0000	-9999.0000	-9999.0000	18.4417	3	2	25.5431	1.0000	03	1	-9999.0000	11576	40813	-9999	1325	1307	-9999	433.9136	5	0.6318	0.6674	-0.0076	85.3343	2.2455	682.1524	313.1993	34.6065	613.7768	94.8148	664.5385	94.6528	680.6194	94.7685	0.0000	0.0000	
16/08/2017	01:38:31	019001	H340058480HLR	L340	S		583.7695	1.0311	0.0000	100.0106	39.4628	0.8230	0.8252	5.0000	17.2717	677.2126	94.9769	4.1509	25.1000	0.9300	0.0000	0.6784	-0.0099	675.0000	680.3752	1.0285	0.9450	99.9799	39.1140	0.8230	0.8193	5.0000	-9999.0000	-9999.0000	-9999.0000	-9999.0000	-9999.0000	-9999.0000	18.5021	4	0	25.9632	1.0000	03	1	-9999.0000	11577	40814	-9999	1325	1308	-9999	431.7430	5	0.6325	0.6784	-0.0099	87.4875	1.7427	676.9277	322.6787	37.9167	611.8877	94.8380	658.7498	94.9769	675.2341	95.0000	0.0000	0.0000	
16/08/2017	01:38:57	019001	H340060189HLR	L340	S		594.4661	1.0311	0.0000	100.0521	39.4899	0.8230	0.8253	5.0000	17.0919	700.6274	95.0463	4.1509	25.1000	0.9300	0.0000	0.6792	-0.0100	675.0000	692.8328	1.0285	-1.5466	99.9413	39.1230	0.8230	0.8192	5.0000	-9999.0000	-9999.0000	-9999.0000	-9999.0000	-9999.0000	-9999.0000	18.4318	5	2	25.5430	1.0000	03	1	-9999.0000	11578	40815	-9999	1326	1309	-9999	446.7733	5	0.6329	0.6792	-0.0100	84.7386	2.3109	700.2813	333.4173	39.3519	627.2792	94.8843	679.0398	95.1157	698.2184	95.0463	0.0000	0.0000	
16/08/2017	01:42:28	019001	H340060212HLR	L340	S		591.7202	1.0311	0.0000	100.0832	39.5000	0.8230	0.8253	5.0000	17.0767	684.1116	94.9537	4.1509	25.1000	0.9300	0.0000	0.6811	-0.0104	675.0000	683.2826	1.0285	0.3635	99.9876	39.1214	0.8230	0.8192	5.0000	-9999.0000	-9999.0000	-9999.0000	-9999.0000	-9999.0000	-9999.0000	18.4025	6	2	212.2758	1.0000	03	1	-9999.0000	11579	40816	-9999	1326	1310	-9999	436.4133	5	0.6339	0.6811	-0.0104	82.7527	2.6920	683.7405	319.4628	35.6944	613.7452	94.9537	662.0981	94.8611	681.5213	94.9306	0.0000	0.0000	
16/08/2017	01:42:54	019001	H340058516HLR	L340	S		586.3640	1.0311	0.0000	99.9524	39.4856	0.8230	0.8252	5.0000	17.4816	676.2005	94.9306	4.1509	25.1000	0.9300	0.0000	0.6798	-0.0102	675.0000	679.5859	1.0285	1.1028	99.9986	39.1223	0.8230	0.8192	5.0000	-9999.0000	-9999.0000	-9999.0000	-9999.0000	-9999.0000	-9999.0000	18.4319	7	0	25.6331	1.0000	03	1	-9999.0000	11580	40817	-9999	1327	1311	-9999	431.1427	5	0.6342	0.6798	-0.0102	78.8182	3.3713	675.8765	314.7064	35.4167	608.1567	94.8843	656.9007	94.9537	673.8886	94.9537	0.0000	0.0000	
16/08/2017	01:43:15	019001	H340060210HLR	L340	S		593.6074	1.0311	0.0000	100.0461	39.4930	0.8230	0.8253	5.0000	17.1415	685.3399	94.8611	4.1509	25.1000	0.9300	0.0000	0.6766	-0.0095	675.0000	684.9478	1.0285	0.0304	99.9211	38.8653	0.8230	0.8193	5.0000	-9999.0000	-9999.0000	-9999.0000	-9999.0000	-9999.0000	-9999.0000	18.4622	8	2	21.1520	1.0000	03	1	-9999.0000	11581	40818	-9999	1328	1312	-9999	436.7194	5	0.6345	0.6766	-0.0095	85.5368	2.0507	685.0369	313.7599	37.3380	615.8910	94.9074	666.7915	94.7454	683.2579	94.8611	0.0000	0.0000	
16/08/2017	01:43:33	019001	H340058488HLR	L340	S		589.8648	1.0311	0.0000	100.0231	39.5000	0.8230	0.8253	5.0000	17.2022	683.1694	95.0463	4.1509	25.1000	0.9300	0.0000	0.6879	-0.0121	675.0000	681.7318	1.0285	0.6736	99.9274	38.9975	0.8230	0.8202	5.0000	-9999.0000	-9999.0000	-9999.0000	-9999.0000	-9999.0000	-9999.0000	17.8721	1	0	17.2618	1.0000	03	1	-9999.0000	11582	40818	-9999	1329	1313	-9999	435.7210	5	0.6360	0.6879	-0.0121	92.3718	0.5212	682.8138	304.3116	37.3843	605.8924	95.0231	659.8883	95.1157	680.6600	95.0694	0.0000	0.0000	
16/08/2017	01:45:06	019001	H340060169HLR	L340	S		588.8898	1.0311	0.0000	99.9852	39.2353	0.8230	0.8254	5.0000	17.2119	684.9421	94.3519	4.1509	25.2000	0.9300	0.0000	0.6802	-0.0103	675.0000	679.9538	1.0285	1.0292	100.0436	38.8089	0.8230	0.8191	5.0000	-9999.0000	-9999.0000	-9999.0000	-9999.0000	-9999.0000	-9999.0000	18.3019	5	0	25.5834	1.0000	03	1	-9999.0000	11583	40819	-9999	1330	1313	-9999	436.7243	5	0.6377	0.6802	-0.0103	-651.3296	179.3658	684.5914	270.9819	34.8611	610.0357	94.5833	663.5259	94.5370	682.5437	94.3981	0.0000	0.0000	
16/08/2017	01:45:54	019001	H340060182HLR	L340	S		591.1418	1.0311	0.0000	100.0047	39.4000	0.8230	0.8256	5.0000	17.1525	700.4800	95.3241	4.1509	25.1000	0.9300	0.0000	0.6802	-0.0103	675.0000	691.1352	1.0285	-1.2070	99.9514	38.9724	0.8230	0.8193	5.0000	-9999.0000	-9999.0000	-9999.0000	-9999.0000	-9999.0000	-9999.0000	18.3517	7	2	25.6731	1.0000	03	1	-9999.0000	11584	40820	-9999	1331	1314	-9999	446.6326	5	0.6377	0.6802	-0.0103	-651.3296	179.3658	700.1534	326.5341	35.8333	622.2702	95.7639	679.1184	95.4167	698.1140	95.3704	0.0000	0.0000	
16/08/2017	01:46:41	019001	H340055910HLR	L340	S		580.9234	1.0311	0.0000	100.0186	39.3387	0.8230	0.8252	5.0000	17.2618	675.2537	95.1852	4.4410	25.2000	0.9300	0.9368	0.6802	-0.0103	675.0000	675.0703	1.0285	2.0059	100.0439	38.9403	0.8230	0.8192	5.0000	-9999.0000	-9999.0000	-9999.0000	-9999.0000	-9999.0000	-9999.0000	18.3713	1	0	25.6037	1.0000	03	1	-9999.0000	11585	40821	-9999	1332	1315	-9999	428.5438	5	0.6381	0.6802	-0.0103	-1105.4126	288.5569	670.3166	335.6194	37.1296	600.1600	95.7639	649.9613	95.7176	668.3213	95.6481	674.2443	26.5509	
16/08/2017	01:47:28	019001	H340055911HLR	L340	S		580.9687	1.0311	0.0000	99.9554	39.3029	0.8230	0.8254	5.0000	17.1612	676.1406	94.9074	4.1509	25.1000	0.9300	0.0000	0.6802	-0.0103	675.0000	677.3268	1.0285	1.5546	100.0761	38.9383	0.8230	0.8192	5.0000	-9999.0000	-9999.0000	-9999.0000	-9999.0000	-9999.0000	-9999.0000	18.2921	3	0	25.6027	1.0000	03	1	-9999.0000	11586	40822	-9999	1333	1315	-9999	431.1055	5	0.6387	0.6802	-0.0103	-5517.0330	1351.6253	675.8186	304.0536	34.3287	601.5658	95.1620	656.4051	95.0463	673.8809	94.9306	0.0000	0.0000	
16/08/2017	01:48:15	019001	H340060207HLR	L340	S		588.5781	1.0311	0.0000	99.9698	39.3500	0.8230	0.8253	5.0000	17.1612	675.2310	94.9537	4.7203	25.2000	0.9300	0.9367	0.6936	-0.0132	675.0000	670.1083	1.0285	2.9983	100.0248	38.9487	0.8230	0.8193	5.0000	-9999.0000	-9999.0000	-9999.0000	-9999.0000	-9999.0000	-9999.0000	18.1917	5	0	25.6223	1.0000	03	1	-9999.0000	11587	40823	-9999	1334	1316	-9999	426.2956	5	0.6382	0.6936	-0.0132	57.5822	8.2335	664.0018	302.0355	36.7593	585.5945	95.0231	641.2690	95.2083	661.8449	95.1157	680.1712	62.1991	
16/08/2017	01:49:02	019001	H340060203HLR	L340	S		587.5706	1.0311	0.0000	99.9855	39.3500	0.8230	0.8253	5.0000	17.0518	675.2299	94.9306	4.6207	25.2000	0.9300	0.9368	0.6939	-0.0133	675.0000	675.2908	1.0285	1.9618	100.0471	38.9507	0.8230	0.8193	5.0000	-9999.0000	-9999.0000	-9999.0000	-9999.0000	-9999.0000	-9999.0000	18.0919	7	0	25.6222	1.0000	03	4	-9999.0000	11588	40824	-9999	1335	1317	-9999	427.1645	5	0.6382	0.6939	-0.0133	93.2468	0.2026	666.3446	317.4340	37.0602	592.1125	95.1852	644.9432	95.4398	664.1865	95.3472	682.2872	47.8472	
16/08/2017	01:49:49	019001	H340060185HLR	L340	S		582.6690	1.0311	0.0000	99.9381	39.3500	0.8230	0.8253	5.0000	17.1222	675.1276	94.9769	5.3610	25.2000	0.9300	0.9367	0.6696	-0.0074	675.0000	677.0530	1.0285	1.6094	100.0866	38.9490	0.8230	0.8192	5.0000	-9999.0000	-9999.0000	-9999.0000	-9999.0000	-9999.0000	-9999.0000	18.2717	1	0	25.5832	1.0000	03	4	-9999.0000	11589	40825	-9999	1336	1318	-9999	425.5317	5	0.6384	0.6696	-0.0074	164.2474	-16.9000	661.1849	314.5077	38.6111	600.8405	94.9769	645.4325	95.2083	659.8287	95.0926	671.5656	94.9537	
16/08/2017	01:50:36	019001	H340060205HLR	L340	S		584.5557	1.0311	0.0000	99.9947	39.3495	0.8230	0.8252	5.0000	17.3117	675.1521	95.0000	5.2311	25.2000	0.9300	0.9367	0.6745	-0.0087	675.0000	674.7905	1.0285	2.0619	99.9524	38.9512	0.8230	0.8192	5.0000	-9999.0000	-9999.0000	-9999.0000	-9999.0000	-9999.0000	-9999.0000	18.1720	3	0	25.5237	1.0000	03	4	-9999.0000	11590	40826	-9999	1337	1319	-9999	424.8406	5	0.6373	0.6745	-0.0087	152.7138	-14.2527	660.8247	317.0323	38.0324	597.0885	94.8843	642.1263	95.1157	658.9418	95.0231	672.3553	95.0231	
16/08/2017	01:51:23	019001	H340060183HLR	L340	S		584.7861	1.0311	0.0000	100.0044	39.3540	0.8230	0.8253	5.0000	17.0919	675.2303	94.8148	5.3512	25.2000	0.9300	0.9367	0.6720	-0.0081	675.0000	674.0239	1.0285	-0.1848	99.9524	38.9504	0.8230	0.8193	5.0000	-9999.0000	-9999.0000	-9999.0000	-9999.0000	-9999.0000	-9999.0000	17.9521	5	0	25.6035	1.0000	03	4	-9999.0000	11591	40827	-9999	1338	1320	-9999	424.5025	5	0.6362	0.6720	-0.0081	159.6609	-15.7875	660.9449	318.3938	36.6435	599.0396	95.2083	644.1021	95.3241	659.2314	95.4398	671.4849	94.7222	
16/08/2017	01:52:10	019001	H340059923HLR	L340	S		580.3269	1.0311	0.0000	100.0226	39.3486	0.8230	0.8253	5.0000	17.1016	675.2249	94.9537	5.1999	25.2000	0.9300	0.9367	0.6766	-0.0090	675.0000	674.1313	1.0285	-0.2063	100.0404	38.9523	0.8230	0.8193	5.0000	-9999.0000	-9999.0000	-9999.0000	-9999.0000	-9999.0000	-9999.0000	17.9319	7	0	25.6532	1.0000	03	4	-9999.0000	11592	40828	-9999	1339	1321	-9999	425.2764	5	0.6356	0.6766	-0.0090	101.8759	-2.2143	661.7437	320.7172	38.1944	598.7158	94.8380	643.2138	95.0926	660.0934	95.0463	672.8946	94.9537	
16/08/2017	01:52:57	019001	H340059957HLR	L340	S		578.2455	1.0311	0.0000	100.0426	39.3541	0.8230	0.8253	5.0000	17.0918	675.1921	94.9306	5.5612	25.2000	0.9300	0.9368	0.6763	-0.0089	675.0000	673.0006	1.0285	0.0199	99.9964	38.9514	0.8230	0.8192	5.0000	-9999.0000	-9999.0000	-9999.0000	-9999.0000	-9999.0000	-9999.0000	18.1720	1	0	25.5726	1.0000	03	4	-9999.0000	11593	40829	-9999	1340	1322	-9999	423.3716	5	0.6348	0.6763	-0.0089	104.2539	-2.7133	656.2731	323.9841	36.8287	592.5237	94.9769	639.9118	95.1620	654.5475	95.1620	668.1379	94.8843	
16/08/2017	01:53:44	019001	H340059949HLR	L340	S		580.4311	1.0311	0.0000	99.9988	39.3500	0.8230	0.8253	5.0000	17.1524	675.1829	94.8380	5.0905	25.2000	0.9300	0.9367	0.6761	-0.0088	675.0000	673.3665	1.0285	-0.0533	99.9819	38.9552	0.8230	0.8193	5.0000	-9999.0000	-9999.0000	-9999.0000	-9999.0000	-9999.0000	-9999.0000	18.0726	3	0	25.5430	1.0000	03	4	-9999.0000	11594	40830	-9999	1341	1323	-9999	426.2707	5	0.6340	0.6761	-0.0088	102.7380	-2.2614	662.4212	330.2242	37.8704	598.7352	94.9306	644.0055	95.2315	660.6274	95.2315	674.1857	94.8380	
16/08/2017	01:54:30	019001	H340059921HLR	L340	S		584.4841	1.0311	0.0000	100.0066	39.3500	0.8230	0.8253	5.0000	17.1015	675.1513	94.8611	5.2106	25.2000	0.9300	0.9368	0.6600	-0.0057	675.0000	672.7602	1.0285	0.0680	100.0227	38.9546	0.8230	0.8193	5.0000	-9999.0000	-9999.0000	-9999.0000	-9999.0000	-9999.0000	-9999.0000	18.0822	5	0	25.5832	1.0000	03	4	-9999.0000	11595	40831	-9999	1342	1324	-9999	425.7020	5	0.6328	0.6600	-0.0057	101.4207	-1.8189	664.0521	329.6536	37.7315	609.6296	95.0000	649.4308	95.1620	662.7807	95.1620	673.0601	94.8380	
16/08/2017	01:55:18	019001	H340059968HLR	L340	S		580.6821	1.0311	0.0000	99.9685	39.3445	0.8230	0.8252	5.0000	17.6818	675.1368	94.9074	5.4108	25.2000	0.9300	0.9368	0.6598	-0.0056	675.0000	674.4027	1.0285	-0.2605	100.0046	38.9560	0.8230	0.8192	5.0000	-9999.0000	-9999.0000	-9999.0000	-9999.0000	-9999.0000	-9999.0000	18.1916	7	0	25.6623	1.0000	03	4	-9999.0000	11596	40832	-9999	1343	1325	-9999	425.0562	5	0.6320	0.6598	-0.0056	93.0732	-0.1912	662.8038	334.0119	38.8194	607.3535	94.8611	647.6443	95.2315	661.4052	95.2315	671.6034	94.8611	
16/08/2017	01:56:05	019001	H340059941HLR	L340	S		592.1313	1.0311	0.0000	99.9729	39.3926	0.8230	0.8252	5.0000	17.2022	675.1588	94.7454	4.2808	25.1000	0.9300	0.9367	0.6602	-0.0056	675.0000	675.0245	1.0285	-0.3849	100.0219	38.9543	0.8230	0.8192	5.0000	-9999.0000	-9999.0000	-9999.0000	-9999.0000	-9999.0000	-9999.0000	18.2024	1	0	25.6124	1.0000	03	4	-9999.0000	11597	40833	-9999	1344	1326	-9999	429.5900	5	0.6318	0.6602	-0.0056	41.6424	9.4811	673.6110	320.3293	38.3796	618.1866	94.5833	659.4870	94.7917	672.3802	94.7685	638.1554	15.6944	
16/08/2017	01:56:52	019001	H340059925HLR	L340	S		584.5576	1.0311	0.0000	100.0060	39.3500	0.8230	0.8253	5.0000	17.0419	675.2087	94.9306	5.0504	25.2000	0.9300	0.9367	0.6636	-0.0063	675.0000	673.5039	1.0285	-0.0808	100.0772	38.9556	0.8230	0.8193	5.0000	-9999.0000	-9999.0000	-9999.0000	-9999.0000	-9999.0000	-9999.0000	18.0315	3	0	25.6330	1.0000	03	4	-9999.0000	11598	40834	-9999	1345	1327	-9999	426.8572	5	0.6312	0.6636	-0.0063	39.9375	9.8232	665.1149	329.2970	38.8889	608.7027	94.6296	648.9923	95.1389	663.7615	95.0463	674.7613	94.9537	
16/08/2017	01:57:39	019001	H340059931HLR	L340	S		587.0919	1.0311	0.0000	99.9497	39.3516	0.8230	0.8253	5.0000	17.2119	675.1287	94.9306	4.9811	25.2000	0.9300	0.9366	0.6590	-0.0054	675.0000	674.4735	1.0285	-0.2747	100.0075	38.9567	0.8230	0.8193	5.0000	-9999.0000	-9999.0000	-9999.0000	-9999.0000	-9999.0000	-9999.0000	18.0422	5	0	25.7031	1.0000	03	4	-9999.0000	11599	40835	-9999	1346	1328	-9999	426.8206	5	0.6313	0.6590	-0.0054	48.6785	8.2162	667.5129	321.2970	37.4537	613.0110	94.6296	653.4248	94.9306	666.2427	94.8148	675.4050	94.9306	
16/08/2017	01:58:26	019001	H340059953HLR	L340	S		594.7426	1.0311	0.0000	99.9960	39.3500	0.8230	0.8253	5.0000	17.1915	675.2012	94.8380	4.3111	25.1000	0.9300	0.9365	0.6641	-0.0063	675.0000	675.0485	1.0285	-0.3897	100.0013	38.9547	0.8230	0.8194	5.0000	-9999.0000	-9999.0000	-9999.0000	-9999.0000	-9999.0000	-9999.0000	18.2122	7	0	25.6232	1.0000	03	4	-9999.0000	11600	40836	-9999	1347	1329	-9999	430.1026	5	0.6314	0.6641	-0.0063	44.7228	8.9338	673.1249	317.0038	37.1991	614.1581	94.7454	658.0316	94.9306	671.6494	94.8611	649.0013	17.9630	
16/08/2017	01:59:13	019001	H340059939HLR	L340	S		590.0245	1.0311	0.0000	100.0145	39.3551	0.8230	0.8253	5.0000	17.1016	675.1848	94.9074	4.6803	25.2000	0.9300	0.9367	0.6626	-0.0060	675.0000	674.2121	1.0285	-0.2224	99.9794	38.9529	0.8230	0.8192	5.0000	-9999.0000	-9999.0000	-9999.0000	-9999.0000	-9999.0000	-9999.0000	18.2022	1	0	25.5931	1.0000	03	4	-9999.0000	11601	40837	-9999	1348	1330	-9999	428.5391	5	0.6318	0.6626	-0.0060	44.9724	8.8003	669.2382	309.1347	37.6389	609.4155	94.8148	653.9118	95.0231	667.8963	94.9306	678.4787	55.4861	
16/08/2017	02:03:54	019001	H340059951HLR	L340	S		582.2665	1.0311	0.0000	100.0595	39.3500	0.8230	0.8252	5.0000	17.3020	675.1950	94.9537	4.9108	25.2000	0.9300	0.9368	0.6628	-0.0060	675.0000	674.3174	1.0285	-0.2435	100.0134	38.9508	0.8230	0.8192	5.0000	-9999.0000	-9999.0000	-9999.0000	-9999.0000	-9999.0000	-9999.0000	18.1829	3	0	259.1417	1.0000	03	4	-9999.0000	11602	40838	-9999	1349	1330	-9999	427.7505	5	0.6326	0.6628	-0.0060	38.6180	10.0295	666.9558	328.6386	38.8194	613.4560	94.6296	652.5807	95.0463	665.5921	95.0000	676.3027	94.9769	
16/08/2017	02:04:41	019001	H340058564HLR	L340	S		585.0346	1.0311	0.0000	100.0054	39.3500	0.8230	0.8252	5.0000	17.2919	675.1574	94.9537	5.7400	25.2000	0.9300	0.9368	0.6626	-0.0059	675.0000	675.8790	1.0285	-0.5558	99.8927	38.8100	0.8230	0.8195	5.0000	-9999.0000	-9999.0000	-9999.0000	-9999.0000	-9999.0000	-9999.0000	18.3918	5	0	25.5626	1.0000	03	4	-9999.0000	11603	40839	-9999	1350	1331	-9999	424.5551	5	0.6332	0.6626	-0.0059	32.8149	11.1751	659.0216	309.4699	35.0000	601.4314	94.8843	644.9401	95.0926	657.7849	95.0926	667.7808	94.8843	
16/08/2017	02:05:28	019001	H340059932HLR	L340	S		584.6985	1.0311	0.0000	99.9887	39.3500	0.8230	0.8253	5.0000	17.2022	675.1724	94.9306	5.2809	25.2000	0.9300	0.9367	0.6621	-0.0058	675.0000	674.4056	1.0285	-0.2611	99.9764	38.9226	0.8230	0.8196	5.0000	-9999.0000	-9999.0000	-9999.0000	-9999.0000	-9999.0000	-9999.0000	18.1419	7	0	25.5527	1.0000	03	4	-9999.0000	11604	40840	-9999	1351	1332	-9999	426.5213	5	0.6336	0.6621	-0.0058	36.4340	10.4991	664.1590	315.9878	36.1111	604.1891	95.0231	649.8416	95.1157	662.7855	95.1620	672.6934	94.9074	
16/08/2017	02:06:15	019001	H340058543HLR	L340	S		584.9919	1.0311	0.0000	100.0273	39.2000	0.8230	0.8256	5.0000	17.2217	675.1888	94.9769	5.0504	25.5000	0.9300	0.9348	0.6624	-0.0058	675.0000	673.4398	1.0285	-0.0680	100.0142	38.8931	0.8230	0.8193	5.0000	-9999.0000	-9999.0000	-9999.0000	-9999.0000	-9999.0000	-9999.0000	18.2025	1	0	25.5734	1.0000	03	4	-9999.0000	11605	40841	-9999	1352	1333	-9999	427.4416	5	0.6335	0.6624	-0.0058	47.1978	8.2365	664.6467	317.2479	36.2037	602.7059	95.1852	650.3207	95.1389	663.3951	95.0694	674.8026	94.9537	
16/08/2017	02:07:02	019001	H340058572HLR	L340	S		582.2746	1.0311	0.0000	100.0319	39.3560	0.8230	0.8255	5.0000	17.2725	675.1887	94.9537	5.1901	25.3000	0.9300	0.9352	0.6618	-0.0057	675.0000	674.9890	1.0285	-0.3778	100.0170	38.9023	0.8230	0.8193	5.0000	-9999.0000	-9999.0000	-9999.0000	-9999.0000	-9999.0000	-9999.0000	18.2324	3	0	25.5737	1.0000	03	4	-9999.0000	11606	40842	-9999	1353	1334	-9999	426.9870	5	0.6334	0.6618	-0.0057	48.5735	7.8053	664.0439	314.1357	36.0648	606.3207	94.9074	650.6954	94.9769	662.8360	94.8843	672.8355	94.9306	
16/08/2017	02:07:49	019001	H340058571HLR	L340	S		579.9826	1.0311	0.0000	99.9747	39.3000	0.8230	0.8253	5.0000	17.2726	675.1632	94.9537	6.0603	25.3000	0.9300	0.9358	0.6620	-0.0057	675.0000	674.8398	1.0285	-0.3480	99.9591	38.9197	0.8230	0.8194	5.0000	-9999.0000	-9999.0000	-9999.0000	-9999.0000	-9999.0000	-9999.0000	18.1123	5	0	25.5734	1.0000	03	4	-9999.0000	11607	40843	-9999	1354	1335	-9999	423.6465	5	0.6336	0.6620	-0.0057	46.3526	8.3130	656.7894	320.1336	35.2083	600.1556	95.2083	642.3846	95.3241	655.5199	95.3472	665.0267	94.8380	
16/08/2017	02:08:36	019001	H340058549HLR	L340	S		576.0860	1.0311	0.0000	100.0191	39.3000	0.8230	0.8250	5.0000	18.7923	675.1171	94.9537	6.5213	25.3000	0.9300	0.9364	0.6559	-0.0044	675.0000	675.1118	1.0285	-0.4024	100.0012	38.9221	0.8230	0.8194	5.0000	-9999.0000	-9999.0000	-9999.0000	-9999.0000	-9999.0000	-9999.0000	18.0822	7	0	25.6233	1.0000	03	4	-9999.0000	11608	40844	-9999	1355	1336	-9999	423.4313	5	0.6338	0.6559	-0.0044	47.9190	7.9919	654.4374	334.7169	35.9028	602.8746	94.8611	641.7117	95.1852	653.2333	95.2315	661.9638	94.8611	
16/08/2017	02:09:23	019001	H340060181HLR	L340	S		592.9845	1.0311	0.0000	100.0241	39.3500	0.8230	0.8254	5.0000	17.1017	682.3081	94.8380	4.1509	25.2000	0.9300	0.0000	0.6610	-0.0054	675.0000	681.5247	1.0285	-1.6849	100.0652	38.9223	0.8230	0.8193	5.0000	-9999.0000	-9999.0000	-9999.0000	-9999.0000	-9999.0000	-9999.0000	18.1927	1	0	25.5929	1.0000	03	4	-9999.0000	11609	40845	-9999	1356	1337	-9999	435.6251	5	0.6329	0.6610	-0.0054	50.4470	7.4113	682.0845	310.3361	36.6667	623.0599	94.9537	667.8396	94.6759	680.7276	94.8380	0.0000	0.0000	
16/08/2017	02:10:10	019001	H340058568HLR	L340	S		581.5510	1.0311	0.0000	100.0639	39.3046	0.8230	0.8253	5.0000	17.1221	675.1769	94.9306	6.0906	25.2000	0.9300	0.9366	0.6622	-0.0057	675.0000	675.3234	1.0285	-0.4447	100.0276	38.9232	0.8230	0.8192	5.0000	-9999.0000	-9999.0000	-9999.0000	-9999.0000	-9999.0000	-9999.0000	18.2630	3	0	25.6135	1.0000	03	4	-9999.0000	11610	40846	-9999	1357	1338	-9999	423.6719	5	0.6323	0.6622	-0.0057	47.6520	7.8454	654.9029	317.8032	35.9491	601.6206	94.8611	641.2971	95.0463	653.6609	94.9306	663.9177	94.9769	
16/08/2017	02:10:58	019001	H340058570HLR	L340	S		582.6637	1.0311	0.0000	100.0029	39.3491	0.8230	0.8254	5.0000	17.1523	675.1233	94.9306	6.8407	25.2000	0.9300	0.9365	0.6629	-0.0058	675.0000	678.9592	1.0285	-1.1718	99.9439	38.9233	0.8230	0.8192	5.0000	-9999.0000	-9999.0000	-9999.0000	-9999.0000	-9999.0000	-9999.0000	18.2522	5	0	25.6535	1.0000	03	4	-9999.0000	11611	40847	-9999	1358	1339	-9999	420.8318	5	0.6328	0.6629	-0.0058	58.6622	6.0303	644.5679	335.1873	38.2407	576.6277	95.0463	623.2123	95.2778	643.0037	95.3935	654.4526	94.7454	
16/08/2017	02:11:45	019001	H340058530HLR	L340	S		580.0525	1.0311	0.0000	100.0327	39.3460	0.8230	0.8253	5.0000	17.2522	675.1554	95.0000	5.9304	25.2000	0.9300	0.9365	0.6637	-0.0060	675.0000	674.0477	1.0285	-0.1895	99.9369	38.9226	0.8230	0.8192	5.0000	-9999.0000	-9999.0000	-9999.0000	-9999.0000	-9999.0000	-9999.0000	18.3013	7	0	25.6329	1.0000	03	4	-9999.0000	11612	40848	-9999	1359	1340	-9999	424.3635	5	0.6318	0.6637	-0.0060	66.5990	4.6198	656.6110	295.8400	35.3935	593.7419	94.8148	640.9861	94.6991	655.3477	94.7917	665.7422	94.9769	
16/08/2017	02:12:32	019001	H340058537HLR	L340	S		577.9165	1.0311	0.0000	100.0582	39.3462	0.8230	0.8254	5.0000	17.1114	675.1976	94.9306	6.5506	25.2000	0.9300	0.9366	0.6643	-0.0061	675.0000	674.4833	1.0285	-0.2767	99.9862	38.9271	0.8230	0.8195	5.0000	-9999.0000	-9999.0000	-9999.0000	-9999.0000	-9999.0000	-9999.0000	18.2521	1	0	25.6633	1.0000	03	4	-9999.0000	11613	40849	-9999	1360	1341	-9999	421.8521	5	0.6303	0.6643	-0.0061	72.9051	3.5285	649.7225	317.6433	34.8611	591.1560	95.0926	635.5265	95.0926	648.5602	95.1389	658.7321	94.9074	
16/08/2017	02:13:19	019001	H340060000HLR	L340	S		574.9541	1.0311	0.0000	99.9843	39.3439	0.8230	0.8254	5.0000	17.1622	675.2198	94.9306	6.8905	25.1000	0.9300	0.9366	0.6627	-0.0057	675.0000	674.5471	1.0285	-0.2894	100.0674	38.9261	0.8230	0.8193	5.0000	-9999.0000	-9999.0000	-9999.0000	-9999.0000	-9999.0000	-9999.0000	18.1123	3	0	25.5831	1.0000	03	4	-9999.0000	11614	40850	-9999	1361	1342	-9999	420.9940	5	0.6298	0.6627	-0.0057	70.9062	3.8465	647.9300	310.7861	34.9537	586.4256	94.7454	633.2816	94.7685	646.8928	94.8148	656.3554	95.0000	
16/08/2017	02:14:06	019001	H340058527HLR	L340	S		575.2077	1.0311	0.0000	100.0090	39.3419	0.8230	0.8254	5.0000	17.2022	675.1275	94.9074	6.7909	25.1000	0.9300	0.9366	0.6621	-0.0056	675.0000	674.3979	1.0285	-0.2596	100.0274	38.9229	0.8230	0.8193	5.0000	-9999.0000	-9999.0000	-9999.0000	-9999.0000	-9999.0000	-9999.0000	18.1321	5	0	25.5431	1.0000	03	4	-9999.0000	11615	40851	-9999	1362	1343	-9999	421.5483	5	0.6295	0.6621	-0.0056	70.9503	3.8877	648.0585	306.7661	36.8519	578.4001	94.8380	634.1947	94.8380	646.6168	94.8380	657.1322	95.0000	
16/08/2017	02:14:53	019001	H340060008HLR	L340	S		575.0947	1.0311	0.0000	99.9743	39.3442	0.8230	0.8254	5.0000	17.1026	675.1322	94.9074	6.4207	25.1000	0.9300	0.9366	0.6618	-0.0055	675.0000	675.4045	1.0285	-0.4609	99.9872	38.9242	0.8230	0.8193	5.0000	-9999.0000	-9999.0000	-9999.0000	-9999.0000	-9999.0000	-9999.0000	18.0930	7	0	25.6125	1.0000	03	4	-9999.0000	11616	40852	-9999	1363	1343	-9999	423.0407	5	0.6287	0.6618	-0.0055	70.8163	3.9776	651.6025	307.4773	34.7917	593.0165	94.8380	637.1907	94.8380	650.1815	94.9074	660.4141	95.0463	
16/08/2017	02:15:40	019001	H340060012HLR	L340	S		569.5132	1.0311	0.0000	99.9328	39.3409	0.8230	0.8254	5.0000	17.1719	675.1754	94.8611	6.6707	25.1000	0.9300	0.9367	0.6604	-0.0053	675.0000	674.6308	1.0285	-0.3062	100.0319	38.9223	0.8230	0.8194	5.0000	-9999.0000	-9999.0000	-9999.0000	-9999.0000	-9999.0000	-9999.0000	18.0216	1	0	25.5941	1.0000	03	4	-9999.0000	11617	40853	-9999	1364	1344	-9999	422.2404	5	0.6277	0.6604	-0.0053	72.6939	3.7328	650.0596	328.5284	37.6157	594.1181	94.8148	636.4968	94.9769	648.6854	95.0000	658.8715	95.0231	
16/08/2017	02:16:27	019001	H340059986HLR	L340	S		575.5793	1.0311	0.0000	99.9649	39.3431	0.8230	0.8253	5.0000	17.3029	675.2007	94.8611	6.3601	25.1000	0.9300	0.9367	0.6612	-0.0054	675.0000	674.8911	1.0285	-0.3582	99.9755	38.9229	0.8230	0.8193	5.0000	-9999.0000	-9999.0000	-9999.0000	-9999.0000	-9999.0000	-9999.0000	18.1320	3	0	25.6534	1.0000	03	4	-9999.0000	11618	40854	-9999	1365	1345	-9999	423.3768	5	0.6270	0.6612	-0.0054	71.2781	3.9970	652.9495	312.9152	36.8056	594.5209	94.8148	638.5649	94.8843	651.5738	94.9306	662.3599	95.0694	
16/08/2017	02:17:14	019001	H340058528HLR	L340	S		577.5761	1.0311	0.0000	99.9786	39.3344	0.8230	0.8254	5.0000	17.2413	675.2187	94.8843	6.7215	25.1000	0.9300	0.9368	0.6613	-0.0054	675.0000	674.3074	1.0285	-0.2415	100.0079	38.9239	0.8230	0.8193	5.0000	-9999.0000	-9999.0000	-9999.0000	-9999.0000	-9999.0000	-9999.0000	18.2024	5	0	25.5929	1.0000	03	4	-9999.0000	11619	40855	-9999	1366	1346	-9999	422.2104	5	0.6268	0.6613	-0.0054	70.4534	4.2061	649.6308	317.6441	38.1019	592.0240	94.9769	635.4307	95.1620	648.3887	95.1620	658.0940	94.9769	
16/08/2017	02:18:01	019001	H340059982HLR	L340	S		574.7156	1.0311	0.0000	100.0139	39.3405	0.8230	0.8253	5.0000	17.1720	675.1588	94.9074	6.5408	25.1000	0.9300	0.9369	0.6616	-0.0054	675.0000	676.3735	1.0285	-0.6547	99.8499	38.9254	0.8230	0.8193	5.0000	-9999.0000	-9999.0000	-9999.0000	-9999.0000	-9999.0000	-9999.0000	18.1721	7	0	25.5431	1.0000	03	4	-9999.0000	11620	40856	-9999	1367	1347	-9999	422.7406	5	0.6269	0.6616	-0.0054	70.4027	4.2467	651.5221	333.5080	37.4769	597.7705	94.9306	637.7402	95.0926	650.4169	95.1620	659.6448	94.9537	
16/08/2017	02:18:48	019001	H340059998HLR	L340	S		576.8820	1.0311	0.0000	99.9759	39.3464	0.8230	0.8254	5.0000	17.1622	675.1289	94.9306	6.0808	25.1000	0.9300	0.9368	0.6561	-0.0046	675.0000	675.5879	1.0285	-0.4976	99.9277	38.9282	0.8230	0.8194	5.0000	-9999.0000	-9999.0000	-9999.0000	-9999.0000	-9999.0000	-9999.0000	18.0421	1	0	25.5236	1.0000	03	4	-9999.0000	11621	40857	-9999	1368	1348	-9999	424.2399	5	0.6258	0.6561	-0.0046	66.6438	4.7545	656.8338	316.1605	36.0880	601.9626	94.6759	643.5364	94.7917	655.7952	94.8148	664.8355	95.0000	
