Data	Timp	Nr. masina	Nr. de serie	Tip	Productie	Comentariu	Pre-masurare Q [ml/min]	Pre-masurare Gain	Pre-masurare Offset Master	Pre-masurare P [bar]	Pre-masurare T [°C]	Pre-masurare Densitate fixa [kg/l]	Pre-masurare densitate masurata [kg/l]	Pre-masurare Timp masurare [s]	Pre-masurare Cycle time [s]	rectificare Q Oprire [ml/min]	rectificare P Oprire [bar]	rectificare Timp rectificare [s]	rectificare T [°C]	rectificare Densitate fixa [kg/l]	rectificare densitate masurata [kg/l]	rectificare Factor de masurare la rectificare	rectificare Factor de corectie a debitului	rectificare Target rectificare	Masurare Q [ml/min]	Masurare Gain	Masurare Offset Master	Masurare P [bar]	Masurare T [°C]	Masurare Densitate fixa [kg/l]	Masurare densitate masurata [kg/l]	Masurare Timp masurare [s]	Masurare Q [ml/min]	Masurare Delta Q [ml/min]	Masurare P [bar]	Masurare BP [bar]	Masurare T [°C]	Masurare Timp masurare [s]	Masurare Cycle time [s]	Nest Nr.	Cod de descarcare	Cycle time [s]	Traceability aktiv	EDM Maschine Nr	EDM Spindle Nr	Honing Rate [r	Station Counter Premeasure	Station Counter Grind	Station Counter Blowout 1	Station Counter Wash	Station Counter Measure	Station Counter Blowout 2	RealGrindQStop	Reg Type	Factor 0	Factor 1	Factor 2	Factor 3	Factor 4	G_StartQV	G_StartQV_1	G_StartQV_2	G_StartQV_3	G_StartQV_4	G_StartQV_5	
13/08/2017	01:00:34	019001	G523039202HLR	L523	S		437.2386	1.0311	3.3016	99.9958	39.3000	0.8230	0.8262	5.0000	17.1916	508.0422	94.9306	17.3517	25.0000	0.9300	0.9381	0.5924	-0.0004	508.0000	509.8375	1.0285	10.4420	99.9832	38.6807	0.8230	0.8206	5.0000	-9999.0000	-9999.0000	-9999.0000	-9999.0000	-9999.0000	-9999.0000	18.2424	7	0	27.6333	1.0000	99	9	-9999.0000	6607	36028	-9999	2093	2048	-9999	297.6669	5	0.5853	0.5924	-0.0004	-2811.3273	210.8369	469.7517	286.0743	38.1019	458.8092	96.4583	465.2921	95.7639	469.2079	95.5787	472.6272	95.0694	
13/08/2017	01:02:10	019001	G523039203HLR	L523	S		436.8354	1.0311	3.3216	100.0737	39.3000	0.8230	0.8259	5.0000	17.1817	508.0317	94.9769	16.0820	25.1000	0.9300	0.9382	0.5881	-0.0002	508.0000	510.9221	1.0285	10.5691	100.0286	38.6620	0.8230	0.8208	5.0000	-9999.0000	-9999.0000	-9999.0000	-9999.0000	-9999.0000	-9999.0000	18.0021	3	0	28.3734	1.0000	99	9	-9999.0000	6608	36029	-9999	2094	2049	-9999	297.4954	5	0.5851	0.5881	-0.0002	52.8909	1.2154	473.5012	378.3833	38.9583	460.1666	96.0185	468.8031	95.6713	473.0801	95.4630	476.6755	94.9074	
13/08/2017	01:03:46	019001	G523039204HLR	L523	S		437.0030	1.0311	3.3133	100.0337	39.3000	0.8230	0.8256	5.0000	18.6125	508.0396	94.9769	16.9327	25.0000	0.9300	0.9381	0.5881	-0.0002	508.0000	509.1305	1.0285	10.3592	100.0679	38.6720	0.8230	0.8208	5.0000	-9999.0000	-9999.0000	-9999.0000	-9999.0000	-9999.0000	-9999.0000	17.9025	7	0	29.0631	1.0000	99	9	-9999.0000	6609	36030	-9999	2095	2050	-9999	297.4392	5	0.5847	0.5881	-0.0002	57.7712	0.9617	471.2757	382.0413	39.3519	456.5653	95.8796	466.9887	95.6944	470.8614	95.5093	474.1549	94.7222	
13/08/2017	01:05:34	019001	G523039212HLR	L523	S		440.6688	1.0311	3.1309	100.0122	39.3000	0.8230	0.8258	5.0000	17.4430	508.0270	94.9537	17.5314	25.0000	0.9300	0.9381	0.5881	-0.0002	508.0000	513.5496	1.0285	10.8769	99.9791	38.6601	0.8230	0.8207	5.0000	-9999.0000	-9999.0000	-9999.0000	-9999.0000	-9999.0000	-9999.0000	18.0617	3	2	42.4858	1.0000	99	9	-9999.0000	6610	36031	-9999	2096	2051	-9999	297.3724	5	0.5847	0.5881	-0.0002	53.5369	1.1886	472.9327	374.4394	39.8843	461.7547	95.8565	468.1786	95.6019	472.6483	95.4167	475.5133	94.8611	
13/08/2017	01:07:12	019001	G523039208HLR	L523	S		436.7272	1.0311	3.3270	100.0171	39.3000	0.8230	0.8258	5.0000	17.8819	17.6741	94.9769	31.0038	25.4000	0.9300	0.9370	0.5881	-0.0002	508.0000	454.4562	1.0285	3.9539	100.0208	38.6967	0.8230	0.8208	5.0000	-9999.0000	-9999.0000	-9999.0000	-9999.0000	-9999.0000	-9999.0000	17.8820	7	34	29.8738	1.0000	99	9	-9999.0000	6611	36032	-9999	2097	2052	-9999	10.3128	5	0.5842	0.5881	-0.0002	51.3161	1.2871	3.1891	372.4564	38.7731	452.3101	103.7037	5.7621	102.9861	4.9358	102.3380	4.8864	100.8796	
13/08/2017	01:08:54	019001	G523039215HLR	L523	S		438.0951	1.0311	3.2590	100.0508	39.2609	0.8230	0.8259	5.0000	17.1323	508.0270	94.9769	18.4524	25.0000	0.9300	0.9378	0.5881	-0.0002	508.0000	509.8519	1.0285	10.4437	100.0182	38.6989	0.8230	0.8207	5.0000	-9999.0000	-9999.0000	-9999.0000	-9999.0000	-9999.0000	-9999.0000	17.9621	3	0	28.1129	1.0000	99	9	-9999.0000	6612	36033	-9999	2098	2053	-9999	297.2937	5	0.5833	0.5881	-0.0002	51.9305	1.2568	433.7374	390.7403	40.9259	435.8165	73.5880	422.0458	73.2870	421.9638	73.3102	452.6867	93.0556	
13/08/2017	01:09:41	019001	G523039217HLR	L523	S		437.7310	1.0311	3.2771	100.0374	39.3933	0.8230	0.8261	5.0000	18.5424	508.0177	94.9537	18.1624	25.0000	0.9300	0.9378	0.5881	-0.0002	508.0000	510.0769	1.0285	10.4701	99.9751	38.6545	0.8230	0.8199	5.0000	-9999.0000	-9999.0000	-9999.0000	-9999.0000	-9999.0000	-9999.0000	17.7022	5	0	24.9729	1.0000	99	9	-9999.0000	6613	36034	-9999	2099	2054	-9999	297.3068	5	0.5833	0.5881	-0.0002	51.9305	1.2568	460.3762	384.6350	39.5139	457.0677	90.7407	457.0509	90.8565	459.9207	90.9028	467.4238	94.8843	
13/08/2017	01:10:19	019001	G523039218HLR	L523	S		438.1766	1.0311	3.2549	99.9798	39.4500	0.8230	0.8260	5.0000	17.3224	508.0370	94.9769	16.7315	24.9000	0.9300	0.9377	0.5881	-0.0002	508.0000	511.6555	1.0285	10.6550	99.9702	38.8000	0.8230	0.8205	5.0000	-9999.0000	-9999.0000	-9999.0000	-9999.0000	-9999.0000	-9999.0000	17.8128	7	0	16.6430	1.0000	99	9	-9999.0000	6614	36035	-9999	2100	2055	-9999	297.4449	5	0.5830	0.5881	-0.0002	66.4388	0.4213	465.8281	385.8329	38.1250	459.8077	91.8056	462.0859	91.6898	465.3248	91.7130	471.7896	94.8380	
13/08/2017	01:13:01	019001	G523039219HLR	L523	S		439.5733	1.0311	3.1854	100.0132	39.2500	0.8230	0.8260	5.0000	17.6720	508.0337	94.9537	16.1621	25.0000	0.9300	0.9382	0.5881	-0.0002	508.0000	510.3815	1.0285	10.5058	99.9626	38.7333	0.8230	0.8205	5.0000	-9999.0000	-9999.0000	-9999.0000	-9999.0000	-9999.0000	-9999.0000	18.0626	5	0	42.4554	1.0000	99	9	-9999.0000	6615	36036	-9999	2101	2056	-9999	297.4931	5	0.5823	0.5881	-0.0002	87.1811	-0.8313	467.5869	372.3068	40.4167	459.9314	92.2917	464.2491	91.9676	467.2548	91.9907	474.2929	94.5833	
13/08/2017	01:13:48	019001	G523039220HLR	L523	S		437.9048	1.0311	3.2684	99.9340	39.4026	0.8230	0.8264	5.0000	17.1525	508.0415	94.9306	15.9218	25.0000	0.9300	0.9380	0.5881	-0.0002	508.0000	506.7998	1.0285	10.0862	100.0812	38.6333	0.8230	0.8201	5.0000	-9999.0000	-9999.0000	-9999.0000	-9999.0000	-9999.0000	-9999.0000	17.8421	7	0	25.0538	1.0000	99	9	-9999.0000	6616	36037	-9999	2102	2057	-9999	297.5077	5	0.5823	0.5881	-0.0002	87.1811	-0.8313	468.0077	393.4716	39.1204	460.9397	92.8704	463.8861	92.8704	467.4214	92.9167	472.7870	95.3241	
13/08/2017	01:14:26	019001	G523039221HLR	L523	S		437.1271	1.0311	3.3071	100.0111	39.4000	0.8230	0.8259	5.0000	17.3918	447.6829	95.0000	31.0038	24.9000	0.9300	0.9378	0.5881	-0.0002	508.0000	515.8299	1.0285	10.8518	100.0875	38.8333	0.8230	0.8205	5.0000	-9999.0000	-9999.0000	-9999.0000	-9999.0000	-9999.0000	-9999.0000	17.7023	1	2	16.6417	1.0000	99	9	-9999.0000	6617	36038	-9999	2103	2058	-9999	261.0936	5	0.5822	0.5881	-0.0002	88.0728	-0.8788	328.5542	394.5799	39.8148	458.8598	93.2870	329.1215	93.8889	327.6830	93.7500	336.2294	95.0926	
13/08/2017	06:16:06	019001	G523041291HLR	L523	S		426.5783	1.0311	3.8319	99.9944	39.2000	0.8230	0.8269	5.0000	17.2619	508.0569	94.9074	18.3528	24.6000	0.9300	0.9395	0.5955	-0.0007	508.0000	509.5707	1.0285	10.4108	100.0818	38.6333	0.8230	0.8211	5.0000	-9999.0000	-9999.0000	-9999.0000	-9999.0000	-9999.0000	-9999.0000	18.2520	3	0	30.8242	1.0000	06	1	-9999.0000	6618	36039	-9999	2104	2059	-9999	295.7014	5	0.5755	0.5955	-0.0007	64.0047	0.4719	460.1663	319.2842	39.2824	450.5964	94.7222	455.9984	95.1389	459.6764	94.9074	464.1537	95.0694	
13/08/2017	06:16:58	019001	G523041287HLR	L523	S		428.1165	1.0311	3.7554	99.9264	39.3500	0.8230	0.8270	5.0000	17.3517	508.0592	94.9537	22.0427	24.5000	0.9300	0.9391	0.5955	-0.0007	508.0000	508.5489	1.0285	10.2911	100.0298	38.5273	0.8230	0.8205	5.0000	-9999.0000	-9999.0000	-9999.0000	-9999.0000	-9999.0000	-9999.0000	17.9317	5	0	30.8548	1.0000	06	1	-9999.0000	6619	36040	-9999	2105	2060	-9999	294.3260	5	0.5755	0.5955	-0.0007	64.0047	0.4719	450.5696	396.8792	40.9259	445.7340	94.3287	446.6553	93.9815	450.3311	93.8657	454.4077	95.0000	
13/08/2017	06:17:50	019001	G523041055HLR	L523	S		430.9835	1.0311	3.6128	99.9687	39.3500	0.8230	0.8266	5.0000	17.0713	508.0367	94.9306	18.7132	24.5000	0.9300	0.9391	0.5939	-0.0007	508.0000	509.3130	1.0285	10.3806	100.0013	38.6000	0.8230	0.8204	5.0000	-9999.0000	-9999.0000	-9999.0000	-9999.0000	-9999.0000	-9999.0000	17.9621	7	0	31.4138	1.0000	06	1	-9999.0000	6620	36041	-9999	2106	2061	-9999	294.7029	5	0.5803	0.5939	-0.0007	64.1036	0.4726	458.4302	399.0701	39.3056	445.8873	94.6528	453.8716	94.3981	457.8803	94.2130	462.3501	94.7454	
13/08/2017	06:18:43	019001	G523041042HLR	L523	S		431.0906	1.0311	3.6074	99.9181	39.3000	0.8230	0.8267	5.0000	17.3017	508.0773	94.9306	18.7523	24.5000	0.9300	0.9392	0.5945	-0.0007	508.0000	507.6659	1.0285	10.1876	100.0099	38.6333	0.8230	0.8205	5.0000	-9999.0000	-9999.0000	-9999.0000	-9999.0000	-9999.0000	-9999.0000	17.9318	1	0	31.2244	1.0000	06	1	-9999.0000	6621	36042	-9999	2107	2062	-9999	295.0375	5	0.5795	0.5945	-0.0007	64.0708	0.4724	457.0440	397.3045	39.0046	446.1393	94.7454	452.0948	94.3981	456.5330	94.3519	461.2331	94.8380	
13/08/2017	07:07:39	019001	G523041283HLR	L523	S		433.2537	1.0311	3.4998	99.9827	39.3500	0.8230	0.8267	5.0000	17.6720	508.0593	94.9306	19.3021	24.5000	0.9300	0.9393	0.5938	-0.0007	508.0000	508.8946	1.0285	10.3316	99.9884	38.6482	0.8230	0.8205	5.0000	-9999.0000	-9999.0000	-9999.0000	-9999.0000	-9999.0000	-9999.0000	17.9317	3	0	234.9977	1.0000	06	1	-9999.0000	6622	36043	-9999	2108	2063	-9999	294.4727	5	0.5792	0.5938	-0.0007	64.1091	0.4727	456.5602	396.2140	40.3472	447.7575	94.6528	452.3391	94.4444	456.1985	94.3519	460.3279	94.8380	
13/08/2017	07:08:50	019001	G523041286HLR	L523	Q		430.3099	1.0311	3.6463	99.9920	39.3500	0.8230	0.8267	5.0000	17.2217	508.0332	94.9306	19.0921	24.5000	0.9300	0.9392	0.5941	-0.0007	508.0000	507.0889	1.0285	10.1200	99.6790	38.3941	0.8230	0.8216	5.0000	-9999.0000	-9999.0000	-9999.0000	-9999.0000	-9999.0000	-9999.0000	17.3917	5	0	48.4655	1.0000	06	1	-9999.0000	6623	36044	-9999	2109	2064	-9999	294.6890	5	0.5797	0.5941	-0.0007	64.0939	0.4726	456.4372	376.7891	38.5880	440.5929	94.6528	451.4703	94.3750	455.9498	94.3056	460.5473	94.8380	
13/08/2017	08:25:36	019001	G523041302HLR	L523	Q		443.1094	1.0311	3.0095	100.0335	39.3837	0.8230	0.8267	5.0000	18.8822	508.0730	94.9769	18.0724	23.8000	0.9300	0.9399	0.5864	-0.0004	508.0000	511.9088	1.0285	10.6847	99.9311	38.3848	0.8230	0.8219	5.0000	-9999.0000	-9999.0000	-9999.0000	-9999.0000	-9999.0000	-9999.0000	17.6114	7	0	32.8839	1.0000	06	1	-9999.0000	6625	36044	-9999	2111	2066	-9999	294.7276	5	0.5795	0.5864	-0.0004	73.4040	0.2707	427.5822	301.2498	40.3935	413.3182	70.3935	403.1545	70.4167	404.3957	70.3009	439.3836	93.5880	
13/08/2017	08:26:28	019001	G523041296HLR	L523	S		427.5581	1.0311	3.7832	99.9708	39.1500	0.8230	0.8279	5.0000	17.1318	0.0000	0.0000	0.0000	0.0000	0.9300	0.0000	0.0000	0.0000	508.0000	431.3271	1.0285	1.2442	99.9913	38.5847	0.8230	0.8212	5.0000	-9999.0000	-9999.0000	-9999.0000	-9999.0000	-9999.0000	-9999.0000	18.2727	1	1	26.6732	1.0000	06	1	-9999.0000	6626	0	-9999	2112	2066	-9999	0.0000	0	0.0000	0.0000	0.0000	0.0000	0.0000	0.0000	0.0000	0.0000	0.0000	0.0000	0.0000	0.0000	0.0000	0.0000	0.0000	0.0000	
13/08/2017	08:26:56	019001	G523041292HLR	L523	S		-9999.0000	0.0000	0.0000	-9999.0000	-9999.0000	0.8230	-9999.0000	0.0000	0.0000	508.0222	95.0231	14.6912	24.8000	0.9300	0.9394	0.5852	-0.0004	508.0000	508.6067	1.0285	10.2979	99.9587	38.7667	0.8230	0.8214	5.0000	-9999.0000	-9999.0000	-9999.0000	-9999.0000	-9999.0000	-9999.0000	18.8518	2	0	28.7935	1.0000	06	1	-9999.0000	0	36045	-9999	2113	2067	-9999	294.6705	5	0.5786	0.5852	-0.0004	68.5468	0.3785	466.4875	286.1514	35.8565	437.1310	92.5694	461.2152	91.9444	465.9065	91.9213	474.9850	94.2824	
13/08/2017	08:27:22	019001	G523041303HLR	L523	S		429.3333	1.0311	3.6949	100.0140	39.3808	0.8230	0.8281	5.0000	17.1827	508.0437	94.9769	20.6422	24.4000	0.9300	0.9388	0.5852	-0.0004	508.0000	507.6043	1.0285	10.1804	100.0317	38.6805	0.8230	0.8210	5.0000	-9999.0000	-9999.0000	-9999.0000	-9999.0000	-9999.0000	-9999.0000	17.5821	3	0	25.7638	1.0000	06	1	-9999.0000	6627	36046	-9999	2114	2068	-9999	293.6406	5	0.5786	0.5852	-0.0004	68.5468	0.3785	457.5073	347.5277	37.9398	449.9122	95.3472	453.4043	94.4676	457.1127	94.4213	461.0557	94.8148	
13/08/2017	08:28:13	019001	G523041295HLR	L523	S		439.4755	1.0311	3.1903	99.9198	39.2000	0.8230	0.8268	5.0000	17.3027	508.0295	94.9769	14.3523	24.5000	0.9300	0.9390	0.5852	-0.0004	508.0000	508.2802	1.0285	10.2596	100.1835	38.5472	0.8230	0.8206	5.0000	-9999.0000	-9999.0000	-9999.0000	-9999.0000	-9999.0000	-9999.0000	18.1027	5	0	25.6039	1.0000	06	1	-9999.0000	6628	36047	-9999	2115	2069	-9999	294.7477	5	0.5786	0.5852	-0.0004	68.5468	0.3785	476.4110	355.2522	38.4722	467.3616	95.2546	471.5421	94.8611	475.9325	94.7222	478.6925	94.8843	
13/08/2017	08:28:42	019001	G523041284HLR	L523	S		434.7455	1.0311	3.4256	99.9961	39.1654	0.8230	0.8272	5.0000	17.1319	508.0582	94.9537	17.2423	24.4000	0.9300	0.9390	0.5852	-0.0004	508.0000	508.6493	1.0285	10.3028	99.8938	38.7128	0.8230	0.8216	5.0000	-9999.0000	-9999.0000	-9999.0000	-9999.0000	-9999.0000	-9999.0000	17.7414	6	0	29.4536	1.0000	06	1	-9999.0000	6629	36048	-9999	2116	2070	-9999	294.1383	5	0.5788	0.5852	-0.0004	68.5505	0.3785	467.6459	335.9024	37.7315	455.1671	94.6528	462.9554	94.4213	467.1083	94.3519	470.7619	94.7685	
13/08/2017	08:29:10	019001	G523041063HLR	L523	S		431.2334	1.0311	3.6003	100.0428	39.3187	0.8230	0.8275	5.0000	17.3117	345.9563	95.3009	4.2603	24.4000	0.9300	0.9385	0.5852	-0.0004	508.0000	463.1973	1.0285	4.9779	100.3314	38.7331	0.8230	0.8205	5.0000	-9999.0000	-9999.0000	-9999.0000	-9999.0000	-9999.0000	-9999.0000	17.5227	7	32	27.7230	1.0000	06	1	-9999.0000	6630	36049	-9999	2117	2071	-9999	195.1343	5	0.5788	0.5852	-0.0004	68.5505	0.3785	396.4883	335.6582	37.1296	448.0107	94.0046	455.0737	93.2176	437.9207	95.7176	210.8449	5.2315	
13/08/2017	08:30:02	019001	G523041078HLR	L523	S		436.6627	1.0311	3.3302	100.0203	39.4000	0.8230	0.8264	5.0000	17.3818	508.0456	94.9074	12.8521	24.6000	0.9300	0.9394	0.5812	-0.0001	508.0000	507.6228	1.0285	10.1826	100.4404	38.6667	0.8230	0.8209	5.0000	-9999.0000	-9999.0000	-9999.0000	-9999.0000	-9999.0000	-9999.0000	17.9621	1	0	27.1136	1.0000	06	1	-9999.0000	6631	36050	-9999	2118	2072	-9999	294.6369	5	0.5790	0.5812	-0.0001	46.7299	1.5466	479.0067	324.9015	36.3657	460.3250	93.8657	473.1755	93.6111	478.6391	93.6574	482.1096	94.6296	
13/08/2017	08:30:31	019001	G523041065HLR	L523	S		435.6434	1.0311	3.3809	99.9888	39.2174	0.8230	0.8266	5.0000	17.1017	508.0491	94.9769	17.8928	24.4000	0.9300	0.9393	0.5817	-0.0002	508.0000	508.1590	1.0285	10.2454	100.7790	38.7919	0.8230	0.8216	5.0000	-9999.0000	-9999.0000	-9999.0000	-9999.0000	-9999.0000	-9999.0000	17.5713	2	0	29.0341	1.0000	06	1	-9999.0000	6632	36051	-9999	2119	2073	-9999	294.1184	5	0.5789	0.5817	-0.0002	47.0617	1.5353	466.9964	348.2469	38.0787	458.0199	93.9583	464.1840	93.4259	466.4945	93.4954	471.2292	95.0463	
13/08/2017	08:31:02	019001	G523040092HLR	L523	S		439.2259	1.0311	3.2027	99.9328	39.2535	0.8230	0.8268	5.0000	17.9826	508.0673	94.9306	15.4521	24.3000	0.9300	0.9390	0.5817	-0.0002	508.0000	509.1412	1.0285	10.3605	100.1365	38.7333	0.8230	0.8203	5.0000	-9999.0000	-9999.0000	-9999.0000	-9999.0000	-9999.0000	-9999.0000	17.6525	3	0	31.4928	1.0000	06	1	-9999.0000	6633	36052	-9999	2120	2074	-9999	294.3370	5	0.5789	0.5817	-0.0002	47.0617	1.5353	472.7138	331.3509	38.0556	461.8084	93.9815	468.8798	93.6806	472.2556	93.6574	476.0072	94.8843	
13/08/2017	08:31:58	019001	G523040108HLR	L523	S		438.9639	1.0311	3.2157	100.0424	39.4233	0.8230	0.8267	5.0000	17.0820	508.0474	94.9074	14.7918	24.5000	0.9300	0.9392	0.5833	-0.0002	508.0000	509.4349	1.0285	10.3949	100.3485	38.7117	0.8230	0.8208	5.0000	-9999.0000	-9999.0000	-9999.0000	-9999.0000	-9999.0000	-9999.0000	17.6222	5	0	30.2438	1.0000	06	1	-9999.0000	6634	36053	-9999	2121	2075	-9999	294.4911	5	0.5791	0.5833	-0.0002	55.0142	1.0822	473.5929	325.0929	35.2083	454.9316	94.5602	468.0395	94.0972	473.0112	94.0972	476.9239	94.7454	
13/08/2017	08:32:28	019001	G523041312HLR	L523	S		431.5992	1.0311	3.5821	99.9874	39.2799	0.8230	0.8266	5.0000	17.2520	508.0546	94.9537	17.5021	24.4000	0.9300	0.9392	0.5825	-0.0002	508.0000	506.1720	1.0285	10.0126	100.5343	38.8046	0.8230	0.8214	5.0000	-9999.0000	-9999.0000	-9999.0000	-9999.0000	-9999.0000	-9999.0000	17.5422	6	0	30.9735	1.0000	06	1	-9999.0000	6635	36054	-9999	2122	2076	-9999	294.1499	5	0.5790	0.5825	-0.0002	54.7949	1.0528	465.4989	320.9654	37.1528	452.6363	94.3287	462.3889	93.6574	465.1122	93.6806	469.3861	95.0463	
13/08/2017	08:32:57	019001	G523041326HLR	L523	S		429.9133	1.0311	3.6660	100.0562	39.2838	0.8230	0.8270	5.0000	17.3927	508.0412	94.9306	19.1625	24.3000	0.9300	0.9389	0.5825	-0.0002	508.0000	507.4013	1.0285	10.1566	99.9070	38.8245	0.8230	0.8203	5.0000	-9999.0000	-9999.0000	-9999.0000	-9999.0000	-9999.0000	-9999.0000	17.7126	7	0	28.9236	1.0000	06	1	-9999.0000	6636	36055	-9999	2123	2077	-9999	293.9001	5	0.5790	0.5825	-0.0002	54.7949	1.0528	461.9311	316.5427	34.9537	453.5968	94.6065	458.8568	93.5880	461.5001	93.6574	466.1474	95.2546	
13/08/2017	08:33:53	019001	G523041314HLR	L523	S		434.6242	1.0311	3.4316	100.0038	39.4000	0.8230	0.8266	5.0000	17.1016	508.0592	94.9769	17.9817	24.5000	0.9300	0.9393	0.5824	-0.0002	508.0000	507.9500	1.0285	10.2209	100.4884	38.7170	0.8230	0.8207	5.0000	-9999.0000	-9999.0000	-9999.0000	-9999.0000	-9999.0000	-9999.0000	17.9621	1	0	30.0837	1.0000	06	1	-9999.0000	6637	36056	-9999	2124	2078	-9999	294.0148	5	0.5789	0.5824	-0.0002	56.2017	0.9653	468.1413	332.6241	38.2870	453.7185	94.6528	464.4840	94.3750	467.6720	94.4444	471.2247	94.8380	
13/08/2017	08:34:23	019001	G523041324HLR	L523	S		430.7172	1.0311	3.6260	100.0404	39.2500	0.8230	0.8266	5.0000	17.3722	508.0306	94.9537	19.4516	24.4000	0.9300	0.9392	0.5812	-0.0001	508.0000	507.8854	1.0285	10.2134	100.0174	38.8219	0.8230	0.8213	5.0000	-9999.0000	-9999.0000	-9999.0000	-9999.0000	-9999.0000	-9999.0000	18.1527	2	0	31.0632	1.0000	06	1	-9999.0000	6638	36057	-9999	2125	2079	-9999	293.7828	5	0.5792	0.5812	-0.0001	52.4505	1.2312	463.5511	351.6865	36.1574	453.1090	95.3009	460.0047	94.7917	463.1085	94.7917	466.8867	94.9537	
13/08/2017	08:34:54	019001	G523041322HLR	L523	S		432.6775	1.0311	3.5285	99.9785	39.3107	0.8230	0.8272	5.0000	17.0822	508.0325	94.9306	16.6827	24.3000	0.9300	0.9390	0.5812	-0.0001	508.0000	506.5166	1.0285	10.0530	99.8946	38.8816	0.8230	0.8205	5.0000	-9999.0000	-9999.0000	-9999.0000	-9999.0000	-9999.0000	-9999.0000	17.7317	3	0	30.3037	1.0000	06	1	-9999.0000	6639	36058	-9999	2126	2080	-9999	294.2191	5	0.5792	0.5812	-0.0001	52.4505	1.2312	472.0857	342.2891	34.4444	455.5847	95.1157	468.6983	94.6296	471.5393	94.7222	474.9654	94.9306	
13/08/2017	08:35:50	019001	G523041289HLR	L523	S		431.5482	1.0311	3.5847	100.0313	39.4000	0.8230	0.8264	5.0000	17.6917	508.0571	94.9769	17.8625	24.5000	0.9300	0.9395	0.5813	-0.0001	508.0000	506.1632	1.0285	10.0116	99.7929	38.7064	0.8230	0.8205	5.0000	-9999.0000	-9999.0000	-9999.0000	-9999.0000	-9999.0000	-9999.0000	17.8916	5	0	30.8933	1.0000	06	1	-9999.0000	6640	36059	-9999	2127	2081	-9999	294.1658	5	0.5791	0.5813	-0.0001	52.4886	1.2218	468.9244	337.7727	36.8287	452.5127	95.1620	464.1960	95.0231	468.5208	95.0000	471.8864	94.9306	
13/08/2017	08:36:11	019001	G523041299HLR	L523	S		432.3103	1.0311	3.5468	100.0163	39.2500	0.8230	0.8266	5.0000	17.4826	508.0597	94.9537	19.5219	24.4000	0.9300	0.9394	0.5809	-0.0001	508.0000	508.5092	1.0285	10.2864	99.9651	38.8191	0.8230	0.8213	5.0000	-9999.0000	-9999.0000	-9999.0000	-9999.0000	-9999.0000	-9999.0000	17.5725	6	0	21.2731	1.0000	06	1	-9999.0000	6641	36060	-9999	2128	2082	-9999	294.0393	5	0.5792	0.5809	-0.0001	54.7439	1.1038	466.6122	351.3255	37.4769	449.0019	95.1852	462.1738	95.0926	466.1808	95.0926	469.1482	94.9537	
13/08/2017	08:36:41	019001	G523041306HLR	L523	S		433.6219	1.0311	3.4815	99.9754	39.3241	0.8230	0.8271	5.0000	17.0919	508.0327	95.0000	18.0725	24.4000	0.9300	0.9391	0.5809	-0.0001	508.0000	509.0353	1.0285	10.3481	99.5680	38.9000	0.8230	0.8205	5.0000	-9999.0000	-9999.0000	-9999.0000	-9999.0000	-9999.0000	-9999.0000	17.9718	7	0	29.8239	1.0000	06	1	-9999.0000	6642	36061	-9999	2129	2082	-9999	294.1978	5	0.5792	0.5809	-0.0001	54.7439	1.1038	468.7218	346.9382	37.3843	458.9768	95.0926	465.7700	94.5602	468.1378	94.6528	471.8007	94.8843	
13/08/2017	08:37:36	019001	G523041310HLR	L523	S		431.2252	1.0311	3.6007	100.0354	39.4000	0.8230	0.8264	5.0000	17.4315	508.0308	94.9537	18.6624	24.6000	0.9300	0.9396	0.5787	0.0000	508.0000	507.8629	1.0285	10.2107	99.9530	38.7667	0.8230	0.8205	5.0000	-9999.0000	-9999.0000	-9999.0000	-9999.0000	-9999.0000	-9999.0000	18.0619	1	0	30.2137	1.0000	06	1	-9999.0000	6643	36062	-9999	2130	2083	-9999	294.3818	5	0.5793	0.5787	0.0000	48.3351	1.4572	467.7902	364.8946	35.8333	455.5404	95.0694	463.3894	95.1389	467.2440	95.1620	471.0598	94.8611	
13/08/2017	08:38:37	019001	G523041308HLR	L523	S		431.6021	1.0311	3.5820	100.0225	39.3745	0.8230	0.8271	5.0000	17.2218	508.0435	94.9537	17.5724	24.5000	0.9300	0.9394	0.5785	0.0000	508.0000	506.3822	1.0285	10.0372	99.8437	38.8000	0.8230	0.8205	5.0000	-9999.0000	-9999.0000	-9999.0000	-9999.0000	-9999.0000	-9999.0000	18.0023	3	0	30.7537	1.0000	06	1	-9999.0000	6645	36063	-9999	2132	2084	-9999	294.1757	5	0.5792	0.5785	0.0000	48.3966	1.4726	470.5146	345.6530	35.6019	452.8155	94.8611	465.7788	94.6528	469.8092	94.6759	473.3118	94.8611	
13/08/2017	08:39:32	019001	G523041320HLR	L523	S		432.7266	1.0311	3.5260	100.0566	39.4500	0.8230	0.8266	5.0000	17.1016	508.0527	95.0000	17.9123	24.5000	0.9300	0.9395	0.5961	-0.0009	508.0000	507.5986	1.0285	10.1798	100.1002	38.7667	0.8230	0.8205	5.0000	-9999.0000	-9999.0000	-9999.0000	-9999.0000	-9999.0000	-9999.0000	17.6319	5	0	29.7437	1.0000	06	1	-9999.0000	6646	36064	-9999	2133	2085	-9999	294.6459	5	0.5793	0.5961	-0.0009	50.2012	1.3845	458.6590	333.9824	35.7407	438.4244	94.4907	453.3429	94.3287	457.9661	94.3981	462.8574	94.7917	
13/08/2017	08:39:56	019001	error reading	L523	S		0.0000	0.0000	0.0000	0.0000	0.0000	0.8230	0.0000	0.0000	0.0000	0.0000	0.0000	0.0000	0.0000	0.9300	0.0000	0.0000	0.0000	0.0000	0.0000	0.0000	0.0000	0.0000	0.0000	0.8230	0.0000	0.0000	0.0000	0.0000	0.0000	0.0000	0.0000	0.0000	0.0000	0	28	29.7437	1.0000	06	1	0.0000	0	0	0	0	0	0	0.0000	0	0.0000	0.0000	0.0000	0.0000	0.0000	0.0000	0.0000	0.0000	0.0000	0.0000	0.0000	0.0000	0.0000	0.0000	0.0000	0.0000	
13/08/2017	08:40:17	019001	G523041317HLR	L523	S		431.8403	1.0311	3.5701	100.0159	39.3000	0.8230	0.8266	5.0000	17.2220	508.0621	94.9537	19.2318	24.4000	0.9300	0.9393	0.5978	-0.0010	508.0000	509.1564	1.0285	10.3623	100.0785	38.8434	0.8230	0.8212	5.0000	-9999.0000	-9999.0000	-9999.0000	-9999.0000	-9999.0000	-9999.0000	17.7315	6	0	44.8661	1.0000	06	1	-9999.0000	6647	36065	-9999	2134	2086	-9999	294.0544	5	0.5796	0.5978	-0.0010	52.9334	1.2405	456.0943	347.2674	34.7685	443.8914	94.9537	451.1119	94.5833	455.4870	94.6759	459.8729	94.9306	
13/08/2017	08:40:49	019001	G523041327HLR	L523	S		433.1076	1.0311	3.5071	100.0581	39.3326	0.8230	0.8269	5.0000	17.5920	508.0596	94.9537	18.4223	24.4000	0.9300	0.9391	0.5978	-0.0010	508.0000	508.3393	1.0285	10.2665	100.2862	38.9545	0.8230	0.8208	5.0000	-9999.0000	-9999.0000	-9999.0000	-9999.0000	-9999.0000	-9999.0000	17.7621	7	0	31.6833	1.0000	06	1	-9999.0000	6648	36066	-9999	2134	2087	-9999	294.5000	5	0.5796	0.5978	-0.0010	52.9334	1.2405	457.2012	350.1478	35.7639	441.4223	94.7917	453.4107	94.1667	456.6914	94.2593	460.7853	94.9306	
13/08/2017	08:41:46	019001	G523041234HLR	L523	S		432.9090	1.0311	3.5170	99.9483	39.4043	0.8230	0.8265	5.0000	17.0420	508.0606	95.0000	17.5021	24.5000	0.9300	0.9394	0.5997	-0.0011	508.0000	507.5157	1.0285	10.1700	100.0480	38.7333	0.8230	0.8206	5.0000	-9999.0000	-9999.0000	-9999.0000	-9999.0000	-9999.0000	-9999.0000	17.8225	1	0	32.3330	1.0000	06	1	-9999.0000	6649	36067	-9999	2135	2088	-9999	294.9327	5	0.5794	0.5997	-0.0011	52.9266	1.2358	459.0348	343.7200	37.1759	443.8079	94.3056	452.8839	94.2824	458.4445	94.3981	462.3408	94.8148	
13/08/2017	08:42:16	019001	G523041309HLR	L523	S		428.8608	1.0311	3.7184	100.0520	39.2872	0.8230	0.8266	5.0000	17.5119	508.0593	94.9537	21.2926	24.4000	0.9300	0.9393	0.6049	-0.0014	508.0000	507.1075	1.0285	10.1222	99.7647	38.8496	0.8230	0.8214	5.0000	-9999.0000	-9999.0000	-9999.0000	-9999.0000	-9999.0000	-9999.0000	17.4621	2	0	30.2134	1.0000	06	1	-9999.0000	6650	36068	-9999	2136	2089	-9999	292.7533	5	0.5794	0.6049	-0.0014	53.7739	1.1909	449.4915	349.9790	36.8981	433.3001	94.6759	444.0361	94.6296	449.0336	94.7685	452.7046	94.9769	
13/08/2017	08:42:40	019001	error reading	L523	S		0.0000	0.0000	0.0000	0.0000	0.0000	0.8230	0.0000	0.0000	0.0000	0.0000	0.0000	0.0000	0.0000	0.9300	0.0000	0.0000	0.0000	0.0000	0.0000	0.0000	0.0000	0.0000	0.0000	0.8230	0.0000	0.0000	0.0000	0.0000	0.0000	0.0000	0.0000	0.0000	0.0000	0	28	30.2134	1.0000	06	1	0.0000	0	0	0	0	0	0	0.0000	0	0.0000	0.0000	0.0000	0.0000	0.0000	0.0000	0.0000	0.0000	0.0000	0.0000	0.0000	0.0000	0.0000	0.0000	0.0000	0.0000	
13/08/2017	08:43:05	019001	error reading	L523	S		0.0000	0.0000	0.0000	0.0000	0.0000	0.8230	0.0000	0.0000	0.0000	0.0000	0.0000	0.0000	0.0000	0.9300	0.0000	0.0000	0.0000	0.0000	0.0000	0.0000	0.0000	0.0000	0.0000	0.8230	0.0000	0.0000	0.0000	0.0000	0.0000	0.0000	0.0000	0.0000	0.0000	0	28	30.2134	1.0000	06	1	0.0000	0	0	0	0	0	0	0.0000	0	0.0000	0.0000	0.0000	0.0000	0.0000	0.0000	0.0000	0.0000	0.0000	0.0000	0.0000	0.0000	0.0000	0.0000	0.0000	0.0000	
13/08/2017	08:43:51	019001	G523041232HLR	L523	Q		432.5431	1.0311	3.5352	99.9849	39.3668	0.8230	0.8270	5.0000	17.5820	508.0525	94.9769	19.3314	24.4000	0.9300	0.9392	0.6049	-0.0014	508.0000	508.5825	1.0285	10.2950	99.5059	38.9201	0.8230	0.8203	5.0000	-9999.0000	-9999.0000	-9999.0000	-9999.0000	-9999.0000	-9999.0000	17.7219	3	0	94.4118	1.0000	06	1	-9999.0000	6651	36069	-9999	2137	2090	-9999	293.9230	5	0.5794	0.6049	-0.0014	53.7739	1.1909	448.0259	324.8005	36.0648	428.9053	94.6296	441.9788	94.4213	447.5151	94.5139	452.7960	94.8611	
13/08/2017	08:44:46	019001	G523041241HLR	L523	S		432.5891	1.0311	3.5329	100.0116	39.3579	0.8230	0.8262	5.0000	17.2824	508.0671	94.9769	20.0024	24.5000	0.9300	0.9395	0.6009	-0.0012	508.0000	507.5490	1.0285	10.1739	99.9002	38.7333	0.8230	0.8208	5.0000	-9999.0000	-9999.0000	-9999.0000	-9999.0000	-9999.0000	-9999.0000	18.3723	5	0	30.2840	1.0000	06	1	-9999.0000	6652	36070	-9999	2138	2091	-9999	293.3269	5	0.5794	0.6009	-0.0012	57.5749	0.9746	445.1145	339.3916	35.3472	427.9639	94.3981	439.1863	94.1435	444.3456	94.3287	449.5499	94.8611	
13/08/2017	08:45:15	019001	G523041244HLR	L523	S		432.7247	1.0311	3.5261	100.0138	39.2000	0.8230	0.8266	5.0000	17.2423	508.0434	95.0000	18.5823	24.4000	0.9300	0.9393	0.6100	-0.0017	508.0000	509.7117	1.0285	10.4273	99.4451	38.8813	0.8230	0.8214	5.0000	-9999.0000	-9999.0000	-9999.0000	-9999.0000	-9999.0000	-9999.0000	17.4829	6	0	29.3130	1.0000	06	1	-9999.0000	6653	36071	-9999	2139	2092	-9999	294.4623	5	0.5790	0.6100	-0.0017	58.3849	0.9312	455.5007	345.1325	36.1574	439.8834	94.3519	449.8572	94.2824	454.9853	94.4676	458.8441	94.8843	
13/08/2017	08:45:50	019001	G523041238HLR	L523	S		433.3775	1.0311	3.4937	99.9995	39.4000	0.8230	0.8272	5.0000	17.3115	508.0427	95.0000	17.5021	24.4000	0.9300	0.9392	0.6100	-0.0017	508.0000	509.8379	1.0285	10.4421	99.8509	38.9229	0.8230	0.8204	5.0000	-9999.0000	-9999.0000	-9999.0000	-9999.0000	-9999.0000	-9999.0000	17.5421	7	0	34.9544	1.0000	06	1	-9999.0000	6654	36072	-9999	2140	2093	-9999	295.2556	5	0.5790	0.6100	-0.0017	58.3849	0.9312	453.1573	330.7991	35.0000	431.6724	94.6296	446.5943	94.3981	452.4369	94.5370	457.1310	94.9074	
13/08/2017	08:46:14	019001	error reading	L523	S		0.0000	0.0000	0.0000	0.0000	0.0000	0.8230	0.0000	0.0000	0.0000	0.0000	0.0000	0.0000	0.0000	0.9300	0.0000	0.0000	0.0000	0.0000	0.0000	0.0000	0.0000	0.0000	0.0000	0.8230	0.0000	0.0000	0.0000	0.0000	0.0000	0.0000	0.0000	0.0000	0.0000	0	28	34.9544	1.0000	06	1	0.0000	0	0	0	0	0	0	0.0000	0	0.0000	0.0000	0.0000	0.0000	0.0000	0.0000	0.0000	0.0000	0.0000	0.0000	0.0000	0.0000	0.0000	0.0000	0.0000	0.0000	
13/08/2017	08:47:02	019001	G523041236HLR	L523	S		425.0247	1.0311	3.9092	100.0593	39.1517	0.8230	0.8267	5.0000	17.1426	508.0644	95.0000	17.9621	24.6000	0.9300	0.9398	0.6078	-0.0015	508.0000	507.9595	1.0285	10.2220	100.0865	38.7493	0.8230	0.8205	5.0000	-9999.0000	-9999.0000	-9999.0000	-9999.0000	-9999.0000	-9999.0000	18.1524	1	0	27.7436	1.0000	06	1	-9999.0000	6655	36073	-9999	2141	2094	-9999	294.8214	5	0.5790	0.6078	-0.0015	57.7332	0.9710	452.3004	334.5945	35.5093	430.7356	93.7731	446.4028	93.2639	451.7547	93.4491	456.5591	95.1852	
13/08/2017	08:47:32	019001	G523041252HLR	L523	S		433.9737	1.0311	3.4640	100.0193	39.2597	0.8230	0.8274	5.0000	17.3820	508.0601	95.0000	17.4621	24.4000	0.9300	0.9393	0.5969	-0.0010	508.0000	508.4445	1.0285	10.2789	100.1490	38.8667	0.8230	0.8208	5.0000	-9999.0000	-9999.0000	-9999.0000	-9999.0000	-9999.0000	-9999.0000	17.7217	2	0	29.7235	1.0000	06	1	-9999.0000	6656	36074	-9999	2142	2095	-9999	295.2310	5	0.5789	0.5969	-0.0010	57.6600	0.9707	454.2340	349.0126	36.0417	438.2311	94.0278	448.1902	93.6111	453.6410	93.8657	458.7326	94.9074	
13/08/2017	08:48:05	019001	G523041264HLR	L523	S		430.2991	1.0311	3.6468	99.9914	39.5231	0.8230	0.8276	5.0000	17.3320	508.0737	95.0000	22.6121	24.4000	0.9300	0.9391	0.5969	-0.0010	508.0000	508.4610	1.0285	10.2808	100.1407	38.9107	0.8230	0.8210	5.0000	-9999.0000	-9999.0000	-9999.0000	-9999.0000	-9999.0000	-9999.0000	17.4823	3	0	32.8641	1.0000	06	1	-9999.0000	6657	36075	-9999	2143	2096	-9999	292.3079	5	0.5789	0.5969	-0.0010	57.6600	0.9707	447.8101	339.4867	34.0278	431.1474	95.0694	442.9853	94.3519	447.2862	94.5833	451.4741	94.9769	
13/08/2017	08:48:59	019001	G523041247HLR	L523	Q		440.0478	1.0311	3.1618	99.9681	39.3881	0.8230	0.8257	5.0000	17.5020	508.0420	94.9306	15.4218	24.6000	0.9300	0.9395	0.5963	-0.0009	508.0000	509.9390	1.0285	10.4539	99.8794	38.7667	0.8230	0.8199	5.0000	-9999.0000	-9999.0000	-9999.0000	-9999.0000	-9999.0000	-9999.0000	19.8715	5	0	29.2232	1.0000	06	1	-9999.0000	6658	36076	-9999	2144	2097	-9999	295.7094	5	0.5789	0.5963	-0.0009	64.5212	0.6125	465.8065	324.1614	33.2639	445.8053	94.1435	459.9071	93.8889	465.4159	94.0741	470.2920	94.8611	
13/08/2017	08:49:29	019001	G523041248HLR	L523	S		434.5862	1.0311	3.4335	100.0278	39.2452	0.8230	0.8270	5.0000	17.2951	508.0562	95.0231	18.0325	24.4000	0.9300	0.9393	0.5975	-0.0010	508.0000	508.4059	1.0285	10.2743	100.1162	38.8621	0.8230	0.8211	5.0000	-9999.0000	-9999.0000	-9999.0000	-9999.0000	-9999.0000	-9999.0000	17.7120	6	0	29.8144	1.0000	06	1	-9999.0000	6659	36077	-9999	2145	2098	-9999	294.4913	5	0.5786	0.5975	-0.0010	64.4601	0.6072	458.3001	335.7664	35.5556	443.0510	94.4213	452.8886	94.0046	457.6191	94.2824	462.3286	94.9074	
13/08/2017	08:50:05	019001	G523041263HLR	L523	S		433.2491	1.0311	3.5000	100.0431	39.3636	0.8230	0.8274	5.0000	17.5325	508.0656	95.0000	18.7718	24.4000	0.9300	0.9391	0.5975	-0.0010	508.0000	509.2294	1.0285	10.3708	100.0720	39.0000	0.8230	0.8207	5.0000	-9999.0000	-9999.0000	-9999.0000	-9999.0000	-9999.0000	-9999.0000	17.8216	7	0	36.0343	1.0000	06	1	-9999.0000	6660	36078	-9999	2146	2099	-9999	294.1952	5	0.5786	0.5975	-0.0010	64.4601	0.6072	455.0550	340.2774	33.5648	436.5820	94.7917	449.1494	93.9815	454.3873	94.1898	459.5391	94.9537	
13/08/2017	08:51:04	019001	G523041261HLR	L523	S		434.9383	1.0311	3.4160	99.9460	39.5014	0.8230	0.8261	5.0000	17.2628	508.0383	94.9769	16.8917	24.5000	0.9300	0.9395	0.5923	-0.0007	508.0000	507.2891	1.0285	10.1435	100.1566	38.7667	0.8230	0.8202	5.0000	-9999.0000	-9999.0000	-9999.0000	-9999.0000	-9999.0000	-9999.0000	19.5920	1	0	34.5041	1.0000	06	1	-9999.0000	6661	36079	-9999	2147	2100	-9999	294.8052	5	0.5785	0.5923	-0.0007	57.8612	0.9324	462.0617	326.6246	33.0324	440.7328	94.3750	456.4694	93.8889	461.4929	94.1204	466.2996	94.9074	
13/08/2017	08:51:31	019001	G523041301HLR	L523	S		432.5869	1.0311	3.5330	100.0477	39.2500	0.8230	0.8263	5.0000	17.2520	508.0513	95.0231	18.2620	24.4000	0.9300	0.9392	0.5934	-0.0008	508.0000	508.0679	1.0285	10.2347	99.9891	38.8802	0.8230	0.8213	5.0000	-9999.0000	-9999.0000	-9999.0000	-9999.0000	-9999.0000	-9999.0000	17.3820	2	0	27.0238	1.0000	06	4	-9999.0000	6662	36080	-9999	2148	2101	-9999	294.1577	5	0.5785	0.5934	-0.0008	58.8075	0.8814	459.2684	333.9342	33.8194	442.5888	94.9306	453.4490	94.0741	458.5361	94.3287	464.0946	94.9769	
13/08/2017	08:52:11	019001	G523041293HLR	L523	S		421.7231	1.0311	4.0735	99.9751	39.3009	0.8230	0.8271	5.0000	17.1114	508.0533	95.0000	23.7128	24.3000	0.9300	0.9390	0.5934	-0.0008	508.0000	505.9156	1.0285	9.9826	100.2700	38.9625	0.8230	0.8203	5.0000	-9999.0000	-9999.0000	-9999.0000	-9999.0000	-9999.0000	-9999.0000	17.6925	3	0	40.0145	1.0000	06	4	-9999.0000	6663	36081	-9999	2149	2102	-9999	291.8823	5	0.5785	0.5934	-0.0008	58.8075	0.8814	445.1156	343.5627	36.1574	431.2984	94.9537	439.8950	94.3750	444.7032	94.5833	448.8132	95.0463	
13/08/2017	08:53:02	019001	G523041056HLR	L523	S		426.7562	1.0311	3.8231	99.9962	39.4818	0.8230	0.8262	5.0000	17.2422	508.0212	95.0000	22.1931	24.5000	0.9300	0.9394	0.5952	-0.0009	508.0000	505.0237	1.0285	9.8781	100.1905	38.7667	0.8230	0.8204	5.0000	-9999.0000	-9999.0000	-9999.0000	-9999.0000	-9999.0000	-9999.0000	17.7521	5	0	25.6633	1.0000	06	4	-9999.0000	6664	36082	-9999	2150	2102	-9999	292.4200	5	0.5790	0.5952	-0.0009	55.4704	1.0732	446.5281	354.3862	35.6250	431.9363	94.5833	441.7842	93.9120	446.1902	94.0972	450.8359	94.9306	
13/08/2017	08:53:39	019001	G523041281HLR	L523	S		436.9526	1.0311	3.3158	100.0374	39.2500	0.8230	0.8263	5.0000	17.3116	508.0539	94.9537	15.4618	24.4000	0.9300	0.9390	0.5908	-0.0006	508.0000	510.1529	1.0285	10.4790	99.9038	38.8886	0.8230	0.8211	5.0000	-9999.0000	-9999.0000	-9999.0000	-9999.0000	-9999.0000	-9999.0000	17.6328	6	0	36.5640	1.0000	06	4	-9999.0000	6665	36083	-9999	2151	2103	-9999	295.4230	5	0.5789	0.5908	-0.0006	49.8524	1.3826	465.1916	344.7639	34.3981	447.3031	94.7454	459.7032	93.9120	464.6276	94.0972	469.6651	94.9769	
13/08/2017	08:54:13	019001	G523041297HLR	L523	S		419.5313	1.0311	4.1825	100.0340	39.3647	0.8230	0.8271	5.0000	17.1524	508.0332	94.9769	27.6938	24.3000	0.9300	0.9391	0.5908	-0.0006	508.0000	506.5652	1.0285	10.0587	100.0235	39.0191	0.8230	0.8211	5.0000	-9999.0000	-9999.0000	-9999.0000	-9999.0000	-9999.0000	-9999.0000	17.7315	7	0	34.8849	1.0000	06	4	-9999.0000	6666	36083	-9999	2152	2104	-9999	291.2184	5	0.5789	0.5908	-0.0006	49.8524	1.3826	437.3593	337.4497	34.0046	421.9726	95.4398	432.4343	94.3287	436.7996	94.5370	441.2806	95.0694	
13/08/2017	08:55:38	019001	G523041041HLR	L523	S		424.3430	1.0311	3.9431	100.0149	39.2389	0.8230	0.8264	5.0000	17.0928	508.0439	95.0000	24.9825	24.5000	0.9300	0.9398	0.5863	-0.0004	508.0000	506.5094	1.0285	10.0521	100.0562	38.7478	0.8230	0.8207	5.0000	-9999.0000	-9999.0000	-9999.0000	-9999.0000	-9999.0000	-9999.0000	17.8322	2	0	31.1943	1.0000	06	4	-9999.0000	6668	36084	-9999	2154	2105	-9999	292.6842	5	0.5782	0.5863	-0.0004	51.3653	1.2770	446.0728	335.1735	35.0463	430.5952	94.8843	441.4949	93.7500	445.4972	93.8426	449.5650	95.1852	
13/08/2017	08:56:03	019001	G523041052HLR	L523	S		427.1348	1.0311	3.8042	100.0140	39.3072	0.8230	0.8270	5.0000	17.4912	508.0382	95.0000	22.5623	24.4000	0.9300	0.9392	0.5863	-0.0004	508.0000	507.9185	1.0285	10.2172	100.0735	38.9237	0.8230	0.8214	5.0000	-9999.0000	-9999.0000	-9999.0000	-9999.0000	-9999.0000	-9999.0000	17.5715	3	0	25.7324	1.0000	06	4	-9999.0000	6669	36085	-9999	2155	2106	-9999	293.2298	5	0.5782	0.5863	-0.0004	51.3653	1.2770	453.6700	339.1031	33.6574	437.9991	95.5556	448.1362	94.4213	453.0736	94.5370	457.1553	95.0463	
13/08/2017	08:56:57	019001	G523041257HLR	L523	S		435.6247	1.0311	3.3819	100.0071	39.4419	0.8230	0.8260	5.0000	17.4317	508.0444	94.9306	15.6513	24.6000	0.9300	0.9394	0.5852	-0.0003	508.0000	506.0777	1.0285	10.0016	100.1028	38.8333	0.8230	0.8201	5.0000	-9999.0000	-9999.0000	-9999.0000	-9999.0000	-9999.0000	-9999.0000	17.7120	5	0	28.9927	1.0000	06	4	-9999.0000	6670	36086	-9999	2156	2107	-9999	294.6606	5	0.5785	0.5852	-0.0003	51.5397	1.2728	469.4990	333.9608	33.2407	453.9777	95.2546	464.9209	94.2361	468.9177	94.4444	473.6044	95.0694	
13/08/2017	08:57:22	019001	G523041245HLR	L523	S		430.7711	1.0311	3.6233	100.0677	39.2500	0.8230	0.8264	5.0000	17.2521	508.0348	95.0231	19.5922	24.5000	0.9300	0.9394	0.5854	-0.0003	508.0000	507.2241	1.0285	10.1359	99.8305	38.8556	0.8230	0.8208	5.0000	-9999.0000	-9999.0000	-9999.0000	-9999.0000	-9999.0000	-9999.0000	17.4924	6	0	24.4336	1.0000	06	4	-9999.0000	6671	36087	-9999	2157	2108	-9999	293.9930	5	0.5782	0.5854	-0.0003	52.6513	1.2301	461.3954	361.2766	36.3889	445.2780	95.2315	456.3327	94.3981	460.8719	94.5833	464.8179	95.0463	
13/08/2017	08:57:47	019001	G523041237HLR	L523	S		443.2361	1.0311	3.0032	100.0858	39.3531	0.8230	0.8270	5.0000	17.5215	508.0274	95.0000	12.8316	24.4000	0.9300	0.9391	0.5854	-0.0003	508.0000	508.3474	1.0285	10.2675	99.7273	38.9963	0.8230	0.8209	5.0000	-9999.0000	-9999.0000	-9999.0000	-9999.0000	-9999.0000	-9999.0000	17.5616	7	0	25.7423	1.0000	06	4	-9999.0000	6672	36088	-9999	2158	2109	-9999	295.1757	5	0.5782	0.5854	-0.0003	52.6513	1.2301	481.0265	334.5043	35.4398	460.7999	95.3935	475.6771	94.6991	480.2909	94.9074	484.7482	95.1852	
13/08/2017	08:58:50	019001	G523041043HLR	L523	S		434.7962	1.0311	3.4231	99.9756	39.5167	0.8230	0.8264	5.0000	17.2812	508.0366	95.0000	16.6924	24.6000	0.9300	0.9395	0.5881	-0.0005	508.0000	507.7202	1.0285	10.1940	99.9935	38.8667	0.8230	0.8201	5.0000	-9999.0000	-9999.0000	-9999.0000	-9999.0000	-9999.0000	-9999.0000	17.6719	1	0	37.2036	1.0000	06	4	-9999.0000	6673	36089	-9999	2159	2110	-9999	294.7692	5	0.5787	0.5881	-0.0005	51.8303	1.2646	467.8021	358.0760	36.5741	446.7139	95.1157	462.5052	94.3981	467.5879	94.5833	471.8218	95.0926	
13/08/2017	08:59:14	019001	G523041253HLR	L523	S		442.3877	1.0311	3.0454	99.9492	39.3500	0.8230	0.8263	5.0000	17.0919	508.0618	95.0231	12.8609	24.5000	0.9300	0.9393	0.5881	-0.0005	508.0000	508.1349	1.0285	10.2426	100.0821	38.8847	0.8230	0.8207	5.0000	-9999.0000	-9999.0000	-9999.0000	-9999.0000	-9999.0000	-9999.0000	17.5619	2	0	24.3037	1.0000	06	4	-9999.0000	6674	36090	-9999	2160	2111	-9999	295.8845	5	0.5787	0.5881	-0.0005	51.8303	1.2646	478.3672	354.5466	34.6065	459.2585	95.0694	472.8957	94.5833	477.6402	94.7454	482.0466	95.1157	
13/08/2017	08:59:40	019001	G523041243HLR	L523	S		442.4077	1.0311	3.0444	99.9908	39.3731	0.8230	0.8268	5.0000	17.2120	508.0434	95.0000	12.5308	24.5000	0.9300	0.9392	0.5860	-0.0004	508.0000	507.7476	1.0285	10.1972	99.9439	38.9667	0.8230	0.8205	5.0000	-9999.0000	-9999.0000	-9999.0000	-9999.0000	-9999.0000	-9999.0000	17.7414	3	0	25.7230	1.0000	06	4	-9999.0000	6675	36091	-9999	2161	2112	-9999	295.4159	5	0.5787	0.5860	-0.0004	49.7139	1.3590	480.1841	352.9166	35.2083	462.8944	95.4861	474.7259	94.7454	479.6447	94.9306	483.3410	95.1620	
13/08/2017	09:00:30	019001	G523041316HLR	L523	S		425.2106	1.0311	3.9000	100.0372	39.5000	0.8230	0.8266	5.0000	17.4014	508.0554	95.0231	24.9337	24.5000	0.9300	0.9395	0.5869	-0.0004	508.0000	508.1311	1.0285	10.2421	99.9854	38.8667	0.8230	0.8202	5.0000	-9999.0000	-9999.0000	-9999.0000	-9999.0000	-9999.0000	-9999.0000	17.8820	5	0	25.9730	1.0000	06	4	-9999.0000	6676	36092	-9999	2162	2113	-9999	293.1722	5	0.5794	0.5869	-0.0004	49.1137	1.3666	450.3078	363.5433	36.2500	434.2976	95.4861	446.3121	94.6528	449.6389	94.7917	453.3404	95.1389	
13/08/2017	09:00:55	019001	G523041318HLR	L523	S		443.4410	1.0311	2.9930	100.0906	39.4000	0.8230	0.8264	5.0000	17.4317	508.0468	95.0231	12.7515	24.4000	0.9300	0.9389	0.5869	-0.0004	508.0000	509.4233	1.0285	10.3935	99.9762	38.9000	0.8230	0.8208	5.0000	-9999.0000	-9999.0000	-9999.0000	-9999.0000	-9999.0000	-9999.0000	17.5128	6	0	24.5636	1.0000	06	4	-9999.0000	6677	36093	-9999	2163	2114	-9999	295.6534	5	0.5794	0.5869	-0.0004	49.1137	1.3666	480.7035	335.3092	33.9815	458.9797	95.6481	474.5250	94.6296	479.7984	94.7685	485.0587	95.1157	
13/08/2017	09:01:22	019001	G523041298HLR	L523	S		445.5429	1.0311	2.8884	100.0342	39.4500	0.8230	0.8265	5.0000	17.7814	508.0481	95.0000	12.8013	24.4000	0.9300	0.9390	0.5870	-0.0004	508.0000	510.1722	1.0285	10.4813	100.1484	39.0162	0.8230	0.8209	5.0000	-9999.0000	-9999.0000	-9999.0000	-9999.0000	-9999.0000	-9999.0000	17.6524	7	0	26.7834	1.0000	06	4	-9999.0000	6678	36094	-9999	2164	2115	-9999	295.6110	5	0.5797	0.5870	-0.0004	48.1922	1.4143	480.6586	348.3573	32.5463	461.0962	95.4861	475.4188	94.6528	480.0808	94.9306	484.3132	95.1620	
13/08/2017	09:02:13	019001	G523041307HLR	L523	S		441.4954	1.0311	3.0898	99.9852	39.4500	0.8230	0.8261	5.0000	18.5519	508.0240	95.0000	13.6911	24.6000	0.9300	0.9393	0.5875	-0.0004	508.0000	509.3236	1.0285	10.3818	99.7988	38.8847	0.8230	0.8199	5.0000	-9999.0000	-9999.0000	-9999.0000	-9999.0000	-9999.0000	-9999.0000	17.7618	1	0	26.0127	1.0000	06	4	-9999.0000	6679	36095	-9999	2165	2116	-9999	295.5309	5	0.5794	0.5875	-0.0004	47.8496	1.4207	475.9924	345.0091	33.5185	451.0938	95.6944	470.0321	94.5370	475.3022	94.7685	479.7210	95.1157	
13/08/2017	09:02:38	019001	G523041288HLR	L523	S		443.3140	1.0311	2.9993	99.9935	39.3741	0.8230	0.8262	5.0000	18.9427	508.0472	95.0231	12.7916	24.5000	0.9300	0.9393	0.5861	-0.0004	508.0000	509.1528	1.0285	10.3618	100.1777	38.8955	0.8230	0.8207	5.0000	-9999.0000	-9999.0000	-9999.0000	-9999.0000	-9999.0000	-9999.0000	17.6514	2	0	24.9434	1.0000	06	4	-9999.0000	6680	36096	-9999	2166	2117	-9999	295.5218	5	0.5800	0.5861	-0.0004	47.7147	1.4298	480.1383	350.3474	33.5417	460.3705	95.4398	474.6762	94.7685	479.6732	94.9537	484.1800	95.1157	
13/08/2017	09:03:03	019001	G523041321HLR	L523	S		439.4098	1.0311	3.1935	99.9121	39.4046	0.8230	0.8269	5.0000	17.2219	508.0317	94.9306	14.4715	24.5000	0.9300	0.9392	0.5857	-0.0003	508.0000	509.8664	1.0285	10.4454	99.9561	39.0140	0.8230	0.8209	5.0000	-9999.0000	-9999.0000	-9999.0000	-9999.0000	-9999.0000	-9999.0000	17.6623	3	0	25.5736	1.0000	06	4	-9999.0000	6680	36097	-9999	2167	2118	-9999	295.0702	5	0.5801	0.5857	-0.0003	45.3006	1.5885	476.1975	356.0729	34.7917	456.5853	95.8565	471.0141	94.9306	475.7558	95.2083	479.8428	95.0694	
13/08/2017	09:03:28	019001	G523041313HLR	L523	S		443.8161	1.0311	2.9743	99.9892	39.5123	0.8230	0.8268	5.0000	17.6315	508.0517	95.0231	12.5220	24.5000	0.9300	0.9391	0.5857	-0.0003	508.0000	509.5965	1.0285	10.4138	99.9218	39.0557	0.8230	0.8207	5.0000	-9999.0000	-9999.0000	-9999.0000	-9999.0000	-9999.0000	-9999.0000	17.9327	4	0	24.8924	1.0000	06	4	-9999.0000	6681	36098	-9999	2168	2119	-9999	295.4264	5	0.5801	0.5857	-0.0003	45.3006	1.5885	480.6926	361.0139	36.6667	458.0774	95.3009	475.8800	94.7917	480.1845	94.9306	484.8137	95.1157	
13/08/2017	09:03:54	019001	G523041315HLR	L523	S		442.1357	1.0311	3.0579	99.9847	39.5500	0.8230	0.8266	5.0000	17.4717	508.0376	95.0231	13.7116	24.5000	0.9300	0.9391	0.5849	-0.0003	508.0000	509.6143	1.0285	10.4159	99.9079	39.0333	0.8230	0.8205	5.0000	-9999.0000	-9999.0000	-9999.0000	-9999.0000	-9999.0000	-9999.0000	17.6429	5	0	25.6634	1.0000	06	4	-9999.0000	6682	36099	-9999	2169	2120	-9999	295.1585	5	0.5804	0.5849	-0.0003	44.2908	1.6688	478.1924	374.4395	36.4352	456.7484	95.4630	473.6046	94.4907	477.6368	94.6759	481.6900	95.0926	
13/08/2017	09:04:19	019001	G523041044HLR	L523	S		442.7830	1.0311	3.0257	99.9544	39.5000	0.8230	0.8266	5.0000	17.3116	508.0505	95.0000	12.5718	24.5000	0.9300	0.9390	0.5845	-0.0003	508.0000	508.2103	1.0285	10.2514	99.8296	39.0180	0.8230	0.8204	5.0000	-9999.0000	-9999.0000	-9999.0000	-9999.0000	-9999.0000	-9999.0000	17.6211	6	0	24.8231	1.0000	06	4	-9999.0000	6683	36100	-9999	2170	2121	-9999	295.2070	5	0.5802	0.5845	-0.0003	46.7716	1.4869	481.4103	353.5321	33.1481	459.7197	95.6250	476.1145	94.9769	480.7821	95.2083	484.6702	95.0694	
13/08/2017	09:05:21	019001	G523041054HLR	L523	S		442.4197	1.0311	3.0438	100.0002	39.4730	0.8230	0.8265	5.0000	17.4121	508.0624	95.0463	11.7416	24.6000	0.9300	0.9393	0.5842	-0.0003	508.0000	506.9242	1.0285	10.1007	99.9095	38.9000	0.8230	0.8199	5.0000	-9999.0000	-9999.0000	-9999.0000	-9999.0000	-9999.0000	-9999.0000	18.0724	8	0	36.3538	1.0000	06	4	-9999.0000	6685	36101	-9999	2172	2122	-9999	295.1779	5	0.5801	0.5842	-0.0003	42.3478	1.8422	481.8025	353.4901	35.3935	458.7633	95.6019	476.1448	94.8380	481.1864	95.0463	485.8904	95.1157	
13/08/2017	09:05:48	019001	G523041060HLR	L523	S		442.6316	1.0311	3.0333	100.0065	39.5047	0.8230	0.8265	5.0000	17.6623	508.0599	95.0694	11.6918	24.6000	0.9300	0.9394	0.5841	-0.0003	508.0000	507.8238	1.0285	10.2061	99.7819	38.9225	0.8230	0.8207	5.0000	-9999.0000	-9999.0000	-9999.0000	-9999.0000	-9999.0000	-9999.0000	17.5322	1	0	27.5736	1.0000	06	4	-9999.0000	6686	36102	-9999	2173	2123	-9999	295.0575	5	0.5799	0.5841	-0.0003	34.3786	2.4544	484.1777	362.0318	36.2963	469.6065	95.4861	480.0167	95.0000	483.4786	95.2083	487.5290	95.0231	
13/08/2017	09:06:13	019001	G523041073HLR	L523	S		442.4501	1.0311	3.0423	100.0075	39.4984	0.8230	0.8264	5.0000	17.8420	508.0393	95.0231	12.5816	24.6000	0.9300	0.9392	0.5838	-0.0003	508.0000	507.6259	1.0285	10.1830	100.0347	39.0255	0.8230	0.8205	5.0000	-9999.0000	-9999.0000	-9999.0000	-9999.0000	-9999.0000	-9999.0000	17.6623	2	0	24.9024	1.0000	06	4	-9999.0000	6687	36103	-9999	2174	2124	-9999	294.8370	5	0.5798	0.5838	-0.0003	35.1767	2.3985	483.1967	373.2515	37.6389	466.0133	95.3704	479.3712	95.0000	482.6449	95.1157	486.3455	95.0694	
13/08/2017	09:06:48	019001	G523041064HLR	L523	S		441.8471	1.0311	3.0723	100.0216	39.4819	0.8230	0.8265	5.0000	17.4920	508.0510	94.9769	12.6617	24.5000	0.9300	0.9392	0.5838	-0.0003	508.0000	507.7434	1.0285	10.1967	99.8740	39.0000	0.8230	0.8204	5.0000	-9999.0000	-9999.0000	-9999.0000	-9999.0000	-9999.0000	-9999.0000	17.6222	3	0	34.7347	1.0000	06	4	-9999.0000	6688	36104	-9999	2175	2125	-9999	294.8237	5	0.5798	0.5838	-0.0003	35.1767	2.3985	481.7626	362.8587	36.1806	461.5568	95.6019	475.8781	95.1157	481.1479	95.3241	485.1601	95.0000	
13/08/2017	09:07:13	019001	G523041068HLR	L523	S		439.7105	1.0311	3.1786	100.1476	39.4706	0.8230	0.8266	5.0000	17.0822	508.0357	95.0694	24.8028	24.5000	0.9300	0.9391	0.5921	-0.0009	508.0000	515.3684	1.0285	10.9074	99.9530	39.0198	0.8230	0.8206	5.0000	-9999.0000	-9999.0000	-9999.0000	-9999.0000	-9999.0000	-9999.0000	17.5618	4	2	25.4231	1.0000	06	4	-9999.0000	6689	36105	-9999	2176	2126	-9999	293.0073	5	0.5802	0.5921	-0.0009	47.8650	1.4235	379.7108	360.4987	35.6713	350.0666	97.2222	363.7140	95.6944	378.0733	95.6250	392.7369	95.0231	
13/08/2017	09:07:40	019001	G523040121HLR	L523	S		441.6749	1.0311	3.0808	100.0383	39.4946	0.8230	0.8266	5.0000	17.2107	508.0918	94.9769	12.8511	24.4000	0.9300	0.9388	0.5921	-0.0009	508.0000	510.1831	1.0285	10.4825	100.0109	39.0032	0.8230	0.8202	5.0000	-9999.0000	-9999.0000	-9999.0000	-9999.0000	-9999.0000	-9999.0000	17.5929	5	0	26.6231	1.0000	06	4	-9999.0000	6690	36106	-9999	2177	2127	-9999	294.8605	5	0.5802	0.5921	-0.0009	47.8650	1.4235	475.9757	339.3945	35.3472	459.1862	95.3935	470.2789	94.9306	475.3620	95.1620	480.0831	95.1620	
13/08/2017	09:08:04	019001	error reading	L523	S		0.0000	0.0000	0.0000	0.0000	0.0000	0.8230	0.0000	0.0000	0.0000	0.0000	0.0000	0.0000	0.0000	0.9300	0.0000	0.0000	0.0000	0.0000	0.0000	0.0000	0.0000	0.0000	0.0000	0.8230	0.0000	0.0000	0.0000	0.0000	0.0000	0.0000	0.0000	0.0000	0.0000	0	28	26.6231	1.0000	06	4	0.0000	0	0	0	0	0	0	0.0000	0	0.0000	0.0000	0.0000	0.0000	0.0000	0.0000	0.0000	0.0000	0.0000	0.0000	0.0000	0.0000	0.0000	0.0000	0.0000	0.0000	
13/08/2017	09:08:24	019001	G523040115HLR	L523	S		444.0237	1.0311	2.9640	100.0930	39.5303	0.8230	0.8262	5.0000	17.8431	508.0381	95.0000	12.9322	24.5000	0.9300	0.9390	0.5925	-0.0010	508.0000	509.5218	1.0285	10.4051	99.7719	39.0000	0.8230	0.8204	5.0000	-9999.0000	-9999.0000	-9999.0000	-9999.0000	-9999.0000	-9999.0000	17.5723	6	0	44.3453	1.0000	06	4	-9999.0000	6691	36107	-9999	2178	2128	-9999	294.8012	5	0.5803	0.5925	-0.0010	47.5373	1.4410	476.4196	355.0359	37.1759	460.7053	95.1157	469.7786	94.4444	475.5571	94.7454	480.8234	95.1620	
13/08/2017	09:08:50	019001	G523041050HLR	L523	S		422.5099	1.0311	4.0343	100.0384	39.4245	0.8230	0.8265	5.0000	17.2617	508.0492	95.0231	22.4529	24.5000	0.9300	0.9391	0.5930	-0.0010	508.0000	503.1232	1.0285	9.6554	99.8329	39.0333	0.8230	0.8205	5.0000	-9999.0000	-9999.0000	-9999.0000	-9999.0000	-9999.0000	-9999.0000	17.6623	7	0	25.7629	1.0000	06	4	-9999.0000	6692	36108	-9999	2179	2129	-9999	290.1375	5	0.5795	0.5930	-0.0010	49.9072	1.2565	447.8010	356.9013	38.1713	433.9673	95.3009	442.2618	94.8843	447.2317	95.1852	451.2246	95.0694	
13/08/2017	09:09:15	019001	G523041086HLR	L523	S		440.4339	1.0311	3.1426	100.0938	39.4484	0.8230	0.8267	5.0000	17.0421	508.0578	94.9769	13.8513	24.5000	0.9300	0.9390	0.5930	-0.0010	508.0000	508.3696	1.0285	10.2701	99.7408	38.9667	0.8230	0.8199	5.0000	-9999.0000	-9999.0000	-9999.0000	-9999.0000	-9999.0000	-9999.0000	17.7914	8	0	25.1132	1.0000	06	4	-9999.0000	6693	36109	-9999	2180	2130	-9999	294.3836	5	0.5795	0.5930	-0.0010	49.9072	1.2565	472.7216	363.7048	37.8704	455.9868	95.0463	467.5523	94.7685	472.1169	94.8843	476.7158	95.1620	
13/08/2017	09:09:41	019001	G523040466HLR	L523	S		439.0528	1.0311	3.2113	99.9799	39.5500	0.8230	0.8264	5.0000	18.0920	508.0333	94.9074	14.3416	24.5000	0.9300	0.9392	0.5930	-0.0010	508.0000	508.5960	1.0285	10.2966	99.8483	38.9572	0.8230	0.8205	5.0000	-9999.0000	-9999.0000	-9999.0000	-9999.0000	-9999.0000	-9999.0000	17.7815	1	0	26.0334	1.0000	06	4	-9999.0000	6694	36110	-9999	2181	2131	-9999	294.1019	5	0.5793	0.5930	-0.0010	41.7476	1.9331	470.9519	362.1092	36.4120	448.7071	95.3935	465.5601	94.9306	470.2277	95.2546	475.3886	95.0000	
13/08/2017	09:10:06	019001	G523040094HLR	L523	S		441.2918	1.0311	3.0999	99.9681	39.4768	0.8230	0.8264	5.0000	17.4727	508.0370	95.0231	12.5513	24.5000	0.9300	0.9391	0.5927	-0.0010	508.0000	508.8179	1.0285	10.3226	99.8235	39.0474	0.8230	0.8207	5.0000	-9999.0000	-9999.0000	-9999.0000	-9999.0000	-9999.0000	-9999.0000	17.8420	2	0	24.8526	1.0000	06	4	-9999.0000	6695	36111	-9999	2182	2132	-9999	294.9217	5	0.5793	0.5927	-0.0010	55.2280	0.8276	476.8843	353.1362	36.6204	460.1763	95.0926	470.8732	94.5833	476.3734	94.8611	480.5122	95.1620	
13/08/2017	09:10:32	019001	G523040097HLR	L523	S		442.4738	1.0311	3.0411	100.0260	39.4714	0.8230	0.8265	5.0000	17.1719	508.0648	95.0694	12.2417	24.6000	0.9300	0.9392	0.5929	-0.0010	508.0000	508.7957	1.0285	10.3200	99.8557	39.0938	0.8230	0.8205	5.0000	-9999.0000	-9999.0000	-9999.0000	-9999.0000	-9999.0000	-9999.0000	17.9015	3	0	25.6329	1.0000	06	4	-9999.0000	6696	36112	-9999	2183	2133	-9999	295.1217	5	0.5790	0.5929	-0.0010	46.8646	1.4994	475.9532	354.4829	36.2037	453.6238	95.0463	469.3522	94.4213	475.3781	94.6065	480.2959	95.0694	
13/08/2017	09:10:57	019001	G523040083HLR	L523	S		440.2425	1.0311	3.1521	100.0210	39.5236	0.8230	0.8262	5.0000	17.7413	508.0417	94.9769	13.4225	24.6000	0.9300	0.9393	0.5929	-0.0010	508.0000	507.8826	1.0285	10.2130	99.8917	39.0667	0.8230	0.8203	5.0000	-9999.0000	-9999.0000	-9999.0000	-9999.0000	-9999.0000	-9999.0000	17.8615	4	0	25.3331	1.0000	06	4	-9999.0000	6697	36113	-9999	2184	2134	-9999	294.5254	5	0.5790	0.5929	-0.0010	46.9047	1.4994	474.8399	350.8385	35.2778	453.0238	95.5556	468.7384	94.6991	474.4115	94.8843	478.5615	95.1389	
13/08/2017	09:11:23	019001	G523040460HLR	L523	S		438.8254	1.0311	3.2226	99.9489	39.4000	0.8230	0.8263	5.0000	17.6113	508.0575	95.0000	13.7722	24.6000	0.9300	0.9392	0.5926	-0.0010	508.0000	506.4871	1.0285	10.0495	100.0228	39.0667	0.8230	0.8203	5.0000	-9999.0000	-9999.0000	-9999.0000	-9999.0000	-9999.0000	-9999.0000	17.8321	5	0	26.1633	1.0000	06	4	-9999.0000	6698	36114	-9999	2185	2135	-9999	294.2802	5	0.5787	0.5926	-0.0010	47.3473	1.4883	471.9031	341.7050	34.3519	451.5121	95.6481	466.1111	94.7917	471.3156	95.0000	475.9845	95.0694	
13/08/2017	09:12:14	019001	G523040447HLR	L523	S		442.5854	1.0311	3.0356	99.9829	39.5374	0.8230	0.8268	5.0000	17.2315	508.0317	95.0231	12.2710	24.7000	0.9300	0.9393	0.5914	-0.0009	508.0000	506.6902	1.0285	10.0733	100.0392	38.9157	0.8230	0.8196	5.0000	-9999.0000	-9999.0000	-9999.0000	-9999.0000	-9999.0000	-9999.0000	19.5726	7	0	25.6837	1.0000	06	4	-9999.0000	6700	36115	-9999	2187	2136	-9999	294.7292	5	0.5783	0.5914	-0.0009	48.2892	1.4414	477.1011	328.6090	34.1204	453.3091	95.3241	470.3486	94.4907	476.4995	94.7222	481.4766	95.1157	
13/08/2017	09:12:39	019001	G523040437HLR	L523	S		441.0114	1.0311	3.1139	99.9624	39.5668	0.8230	0.8266	5.0000	17.3212	508.0366	94.9537	13.7917	24.6000	0.9300	0.9393	0.5879	-0.0007	508.0000	508.1738	1.0285	10.2471	99.9563	38.9547	0.8230	0.8206	5.0000	-9999.0000	-9999.0000	-9999.0000	-9999.0000	-9999.0000	-9999.0000	17.6622	8	0	24.8624	1.0000	06	4	-9999.0000	6701	36116	-9999	2188	2137	-9999	294.1111	5	0.5782	0.5879	-0.0007	48.8222	1.4145	476.0681	346.3415	34.5370	455.6400	95.8102	471.0013	95.1157	475.4026	95.3704	479.5954	95.0000	
13/08/2017	09:13:29	019001	G523040423HLR	L523	S		442.8419	1.0311	3.0228	99.9970	39.4892	0.8230	0.8262	5.0000	17.8516	508.0635	95.1157	11.2816	24.7000	0.9300	0.9392	0.5830	-0.0003	508.0000	506.0571	1.0285	9.9992	100.0606	38.9740	0.8230	0.8199	5.0000	-9999.0000	-9999.0000	-9999.0000	-9999.0000	-9999.0000	-9999.0000	18.1320	2	0	24.9737	1.0000	06	4	-9999.0000	6703	36117	-9999	2189	2137	-9999	294.6326	5	0.5783	0.5830	-0.0003	49.0861	1.3985	483.3795	349.5602	36.2500	460.2817	95.0231	478.2187	94.4213	482.8029	94.5602	487.8455	95.0463	
13/08/2017	09:13:55	019001	G523040420HLR	L523	S		447.7290	1.0311	2.7797	99.9520	39.4879	0.8230	0.8264	5.0000	17.4523	508.0290	95.0463	9.7814	24.7000	0.9300	0.9393	0.5838	-0.0003	508.0000	505.7761	1.0285	9.9662	99.8448	38.9580	0.8230	0.8204	5.0000	-9999.0000	-9999.0000	-9999.0000	-9999.0000	-9999.0000	-9999.0000	17.5724	3	0	25.8625	1.0000	06	4	-9999.0000	6704	36118	-9999	2190	2138	-9999	294.9981	5	0.5793	0.5838	-0.0003	48.3954	1.4351	489.5911	357.3207	36.1574	470.1033	95.3704	484.1778	94.8843	489.2036	95.1389	493.1685	95.0463	
13/08/2017	09:14:46	019001	G523039667HLR	L523	S		442.8179	1.0311	3.0240	99.9266	39.5500	0.8230	0.8263	5.0000	18.2826	508.0508	95.1389	11.0804	24.7000	0.9300	0.9392	0.5842	-0.0003	508.0000	506.6425	1.0285	10.0677	100.0722	38.9627	0.8230	0.8200	5.0000	-9999.0000	-9999.0000	-9999.0000	-9999.0000	-9999.0000	-9999.0000	17.8919	5	0	25.6524	1.0000	06	4	-9999.0000	6706	36119	-9999	2192	2139	-9999	294.9034	5	0.5794	0.5842	-0.0003	47.4754	1.4782	484.1280	350.9700	35.1157	467.8571	95.2546	478.3296	94.5833	483.3270	94.8148	488.2737	95.1157	
13/08/2017	09:15:12	019001	G523040450HLR	L523	S		440.8373	1.0311	3.1225	99.9991	39.5080	0.8230	0.8263	5.0000	17.8827	508.0570	94.9769	13.1617	24.6000	0.9300	0.9392	0.5857	-0.0004	508.0000	508.6449	1.0285	10.3023	99.9939	38.9579	0.8230	0.8205	5.0000	-9999.0000	-9999.0000	-9999.0000	-9999.0000	-9999.0000	-9999.0000	17.8421	6	0	26.5033	1.0000	06	4	-9999.0000	6707	36120	-9999	2193	2140	-9999	294.7301	5	0.5798	0.5857	-0.0004	47.2450	1.4958	479.2206	364.8740	35.6944	460.2923	95.4167	473.5436	94.6991	478.6586	94.9074	483.1194	95.1157	
13/08/2017	09:15:44	019001	G523039651HLR	L523	S		441.0833	1.0311	3.1103	100.0377	39.5087	0.8230	0.8265	5.0000	17.1513	508.0609	94.9769	13.6013	24.6000	0.9300	0.9390	0.5936	-0.0010	508.0000	508.1058	1.0285	10.2392	100.0327	39.0593	0.8230	0.8207	5.0000	-9999.0000	-9999.0000	-9999.0000	-9999.0000	-9999.0000	-9999.0000	17.9620	7	0	32.0135	1.0000	06	4	-9999.0000	6708	36121	-9999	2194	2141	-9999	294.4116	5	0.5803	0.5936	-0.0010	38.4242	2.1571	474.2398	342.4519	33.2176	451.9421	95.8102	467.9770	94.8611	473.4468	95.1157	478.2482	95.1157	
13/08/2017	09:16:09	019001	G523039644HLR	L523	S		441.1297	1.0311	3.1080	99.9816	39.5150	0.8230	0.8265	5.0000	17.0723	508.0855	95.0463	13.5212	24.5000	0.9300	0.9389	0.5936	-0.0010	508.0000	508.3533	1.0285	10.2682	100.0023	39.1000	0.8230	0.8204	5.0000	-9999.0000	-9999.0000	-9999.0000	-9999.0000	-9999.0000	-9999.0000	17.8820	8	0	24.9835	1.0000	06	3	-9999.0000	6709	36122	-9999	2195	2142	-9999	294.4667	5	0.5803	0.5936	-0.0010	38.4242	2.1571	472.8235	342.3241	33.7037	450.0252	95.6481	467.1354	94.3981	472.3003	94.6528	476.5955	95.0694	
13/08/2017	09:16:35	019001	G523040440HLR	L523	S		441.8511	1.0311	3.0721	100.0180	39.5229	0.8230	0.8265	5.0000	17.2618	508.0402	95.0000	12.6314	24.5000	0.9300	0.9389	0.5938	-0.0011	508.0000	507.6216	1.0285	10.1824	99.9433	39.0333	0.8230	0.8201	5.0000	-9999.0000	-9999.0000	-9999.0000	-9999.0000	-9999.0000	-9999.0000	17.8224	1	0	25.5628	1.0000	06	4	-9999.0000	6709	36123	-9999	2196	2143	-9999	294.8821	5	0.5806	0.5938	-0.0011	39.2330	2.1110	475.7381	345.0831	34.4444	452.1090	95.6481	469.4236	94.9537	475.0117	95.1620	479.4364	95.0463	
13/08/2017	09:17:00	019001	G523039645HLR	L523	S		437.1971	1.0311	3.3036	100.0658	39.5000	0.8230	0.8263	5.0000	18.0119	508.0372	94.8843	14.9715	24.5000	0.9300	0.9389	0.5929	-0.0010	508.0000	505.8801	1.0285	9.9784	99.9552	39.0000	0.8230	0.8203	5.0000	-9999.0000	-9999.0000	-9999.0000	-9999.0000	-9999.0000	-9999.0000	17.7424	2	0	25.7638	1.0000	06	3	-9999.0000	6710	36124	-9999	2197	2144	-9999	293.7454	5	0.5808	0.5929	-0.0010	38.8565	2.1484	470.0604	360.3502	35.3704	449.8000	95.4630	464.5206	94.8148	469.4506	95.0463	474.3352	95.0926	
13/08/2017	09:17:29	019001	G523039683HLR	L523	S		428.8395	1.0311	3.7194	100.0481	39.5000	0.8230	0.8265	5.0000	17.6329	508.0550	95.0694	19.7524	24.5000	0.9300	0.9389	0.5941	-0.0011	508.0000	503.6342	1.0285	9.7153	100.1360	39.0545	0.8230	0.8205	5.0000	-9999.0000	-9999.0000	-9999.0000	-9999.0000	-9999.0000	-9999.0000	17.7014	3	0	28.3627	1.0000	06	3	-9999.0000	6711	36125	-9999	2197	2145	-9999	291.3165	5	0.5807	0.5941	-0.0011	45.1390	1.6338	455.0226	351.8457	36.5972	433.9505	95.6481	449.1174	95.0463	454.3889	95.1620	458.7375	95.0926	
13/08/2017	09:17:57	019001	G523039648HLR	L523	S		443.6164	1.0311	2.9843	100.0009	39.5318	0.8230	0.8264	5.0000	17.6915	508.0611	95.1157	11.3813	24.5000	0.9300	0.9387	0.5941	-0.0011	508.0000	508.9112	1.0285	10.3335	99.9174	39.0677	0.8230	0.8204	5.0000	-9999.0000	-9999.0000	-9999.0000	-9999.0000	-9999.0000	-9999.0000	17.7617	4	0	28.0833	1.0000	06	4	-9999.0000	6712	36126	-9999	2198	2146	-9999	295.6584	5	0.5807	0.5941	-0.0011	45.1390	1.6338	479.3123	354.9102	34.9306	460.0636	95.5093	473.2415	94.8843	478.6603	95.0231	484.0665	95.1389	
13/08/2017	09:18:56	019001	G523039641HLR	L523	S		439.8590	1.0311	3.1712	99.9661	39.5000	0.8230	0.8264	5.0000	17.1320	508.0461	94.9074	14.2117	24.6000	0.9300	0.9392	0.5948	-0.0011	508.0000	509.4068	1.0285	10.3916	100.1158	38.9000	0.8230	0.8197	5.0000	-9999.0000	-9999.0000	-9999.0000	-9999.0000	-9999.0000	-9999.0000	17.9620	6	0	30.4928	1.0000	06	3	-9999.0000	6714	36127	-9999	2200	2147	-9999	294.0033	5	0.5807	0.5948	-0.0011	47.3706	1.4454	469.9146	355.1386	35.8796	452.4698	95.1852	464.0573	94.5139	469.3525	94.7685	474.2091	95.1389	
13/08/2017	09:19:23	019001	G523039658HLR	L523	S		435.4429	1.0311	3.3909	100.0902	39.5000	0.8230	0.8264	5.0000	17.3721	508.0310	94.9306	16.1113	24.6000	0.9300	0.9392	0.5866	-0.0005	508.0000	507.9689	1.0285	10.2231	99.9839	38.9635	0.8230	0.8205	5.0000	-9999.0000	-9999.0000	-9999.0000	-9999.0000	-9999.0000	-9999.0000	17.9221	7	0	27.5434	1.0000	06	3	-9999.0000	6715	36128	-9999	2201	2148	-9999	294.2065	5	0.5807	0.5866	-0.0005	49.6856	1.2740	470.4798	349.3836	35.1620	454.7105	95.6250	465.0222	95.0000	470.1088	95.2546	474.2311	95.0000	
13/08/2017	09:27:26	019001	G523039640HLR	L523	S		435.3084	1.0311	3.3976	100.0368	39.5000	0.8230	0.8265	5.0000	17.0822	508.0371	94.9769	16.5323	24.5000	0.9300	0.9389	0.5866	-0.0005	508.0000	507.9000	1.0285	10.2151	99.8880	39.0667	0.8230	0.8205	5.0000	-9999.0000	-9999.0000	-9999.0000	-9999.0000	-9999.0000	-9999.0000	17.8919	8	0	480.8781	1.0000	06	3	-9999.0000	6716	36129	-9999	2202	2149	-9999	294.2238	5	0.5807	0.5866	-0.0005	49.6856	1.2740	470.6340	348.5799	36.6667	454.5196	95.3935	464.8398	95.0231	470.2603	95.2778	473.0851	95.0231	
13/08/2017	09:27:55	019001	G523039637HLR	L523	S		436.3296	1.0311	3.3468	100.0431	39.5468	0.8230	0.8265	5.0000	17.2618	508.0397	94.9306	16.2217	24.5000	0.9300	0.9388	0.5865	-0.0005	508.0000	508.1422	1.0285	10.2434	100.0541	39.0667	0.8230	0.8204	5.0000	-9999.0000	-9999.0000	-9999.0000	-9999.0000	-9999.0000	-9999.0000	17.6719	1	0	30.3837	1.0000	06	3	-9999.0000	6717	36130	-9999	2203	2150	-9999	294.2919	5	0.5802	0.5865	-0.0005	50.9086	1.2074	469.5702	362.7877	37.3611	455.3780	95.1389	464.6669	94.8380	469.0396	95.0463	473.1265	95.0926	
13/08/2017	09:28:26	019001	G523040429HLR	L523	S		432.7414	1.0311	3.5253	100.0011	39.5063	0.8230	0.8264	5.0000	17.2121	508.0374	95.0231	18.9622	24.5000	0.9300	0.9389	0.5846	-0.0003	508.0000	507.5361	1.0285	10.1724	100.0217	38.7333	0.8230	0.8205	5.0000	-9999.0000	-9999.0000	-9999.0000	-9999.0000	-9999.0000	-9999.0000	18.2922	2	0	31.1444	1.0000	06	3	-9999.0000	6718	36131	-9999	2204	2151	-9999	293.4347	5	0.5798	0.5846	-0.0003	50.6488	1.2420	463.0452	358.8734	35.2315	450.9843	95.5093	458.6832	94.8611	462.5776	95.0694	466.0782	95.0694	
13/08/2017	09:28:56	019001	G523040426HLR	L523	S		435.7705	1.0311	3.3746	99.9653	39.5000	0.8230	0.8264	5.0000	17.2121	508.0535	94.8843	15.2811	24.5000	0.9300	0.9388	0.5846	-0.0003	508.0000	506.9417	1.0285	10.1028	99.9610	38.9000	0.8230	0.8211	5.0000	-9999.0000	-9999.0000	-9999.0000	-9999.0000	-9999.0000	-9999.0000	17.6819	3	0	29.7935	1.0000	06	3	-9999.0000	6719	36131	-9999	2205	2152	-9999	294.3972	5	0.5798	0.5846	-0.0003	50.6488	1.2420	473.5916	361.7342	35.8102	454.5642	95.4167	468.4299	94.9074	473.0010	95.0694	476.9348	95.1620	
13/08/2017	09:29:52	019001	G523039652HLR	L523	S		436.3392	1.0311	3.3463	99.9549	39.5190	0.8230	0.8264	5.0000	17.4815	508.0273	95.0694	18.1018	24.8000	0.9300	0.9386	0.5849	-0.0003	508.0000	507.8468	1.0285	10.2088	100.0970	38.7233	0.8230	0.8200	5.0000	-9999.0000	-9999.0000	-9999.0000	-9999.0000	-9999.0000	-9999.0000	17.7520	5	0	29.0640	1.0000	06	3	-9999.0000	6721	36132	-9999	2207	2153	-9999	294.0515	5	0.5793	0.5849	-0.0003	50.2649	1.3004	463.9316	310.4660	34.1898	447.0391	94.4444	459.4530	93.2407	463.5967	93.2407	468.7659	95.5787	
13/08/2017	09:30:18	019001	G523040433HLR	L523	S		429.1219	1.0311	3.7054	99.9028	39.3000	0.8230	0.8268	5.0000	17.3528	508.0240	95.0231	19.6225	24.6000	0.9300	0.9380	0.5855	-0.0004	508.0000	506.3647	1.0285	10.0352	99.9221	38.8338	0.8230	0.8210	5.0000	-9999.0000	-9999.0000	-9999.0000	-9999.0000	-9999.0000	-9999.0000	17.5422	6	0	26.4231	1.0000	06	3	-9999.0000	6722	36133	-9999	2207	2154	-9999	293.7521	5	0.5795	0.5855	-0.0004	50.9298	1.2703	461.0151	333.0209	34.1667	442.6206	95.9259	456.6847	94.7685	460.6196	94.9537	464.6093	95.2083	
13/08/2017	09:30:49	019001	G523040449HLR	L523	S		434.2935	1.0311	3.4481	100.0502	39.3609	0.8230	0.8269	5.0000	17.1915	508.0534	95.0463	17.5324	24.6000	0.9300	0.9382	0.5855	-0.0004	508.0000	508.0562	1.0285	10.2334	99.9204	38.9857	0.8230	0.8208	5.0000	-9999.0000	-9999.0000	-9999.0000	-9999.0000	-9999.0000	-9999.0000	17.6319	7	0	30.6630	1.0000	06	3	-9999.0000	6723	36134	-9999	2208	2155	-9999	294.1898	5	0.5795	0.5855	-0.0004	50.9298	1.2703	467.6016	323.9968	32.9167	449.1514	96.1806	462.5118	95.3472	467.0147	95.5556	471.1084	95.0231	
13/08/2017	09:31:14	019001	G523040446HLR	L523	S		437.0345	1.0311	3.3117	100.0622	39.4736	0.8230	0.8268	5.0000	17.5519	508.0577	94.9074	15.3720	24.6000	0.9300	0.9382	0.5855	-0.0004	508.0000	507.1425	1.0285	10.1263	99.9504	38.9826	0.8230	0.8205	5.0000	-9999.0000	-9999.0000	-9999.0000	-9999.0000	-9999.0000	-9999.0000	17.6819	8	0	25.2530	1.0000	06	3	-9999.0000	6724	36135	-9999	2209	2156	-9999	294.6047	5	0.5795	0.5855	-0.0004	50.9298	1.2703	473.2463	333.3417	35.2778	453.9629	95.6250	467.1839	95.0463	472.7491	95.3472	476.6650	95.1157	
13/08/2017	09:31:41	019001	G523040436HLR	L523	S		434.0445	1.0311	3.4605	99.9472	39.4692	0.8230	0.8266	5.0000	17.2121	508.0477	94.9306	16.7823	24.6000	0.9300	0.9383	0.5848	-0.0003	508.0000	507.7833	1.0285	10.2014	99.9988	38.9333	0.8230	0.8202	5.0000	-9999.0000	-9999.0000	-9999.0000	-9999.0000	-9999.0000	-9999.0000	17.7218	1	0	27.3235	1.0000	06	3	-9999.0000	6725	36136	-9999	2210	2157	-9999	294.3475	5	0.5792	0.5848	-0.0003	52.3239	1.2022	469.9196	350.1528	37.2685	451.1922	95.4398	463.9406	95.0463	469.4280	95.2546	473.5804	95.0694	
13/08/2017	09:32:08	019001	G523040454HLR	L523	S		435.6616	1.0311	3.3800	100.0152	39.4193	0.8230	0.8264	5.0000	17.2814	508.0415	94.9074	14.9012	24.6000	0.9300	0.9383	0.5848	-0.0003	508.0000	509.0828	1.0285	10.3536	100.0598	38.9468	0.8230	0.8204	5.0000	-9999.0000	-9999.0000	-9999.0000	-9999.0000	-9999.0000	-9999.0000	17.6417	2	0	27.0530	1.0000	06	3	-9999.0000	6726	36137	-9999	2211	2158	-9999	294.6151	5	0.5792	0.5848	-0.0003	52.3239	1.2022	474.9377	361.2590	37.5000	459.1578	95.1852	469.6098	94.9769	474.5888	95.1620	477.6624	95.1157	
13/08/2017	09:32:36	019001	G523040457HLR	L523	S		431.9400	1.0311	3.5652	100.0185	39.4230	0.8230	0.8264	5.0000	17.6915	508.0516	95.0231	18.4817	24.6000	0.9300	0.9384	0.5875	-0.0005	508.0000	508.0665	1.0285	10.2346	99.9001	38.9893	0.8230	0.8204	5.0000	-9999.0000	-9999.0000	-9999.0000	-9999.0000	-9999.0000	-9999.0000	17.8927	3	0	27.4437	1.0000	06	3	-9999.0000	6727	36138	-9999	2212	2159	-9999	293.9969	5	0.5793	0.5875	-0.0005	50.7319	1.3153	465.8552	349.4086	35.1620	454.4324	95.6944	460.2033	95.1389	465.1285	95.3472	469.4472	95.0231	
13/08/2017	09:33:05	019001	G523040430HLR	L523	S		439.7458	1.0311	3.1768	100.0177	39.4227	0.8230	0.8264	5.0000	17.6017	508.0472	95.0000	13.7214	24.5000	0.9300	0.9383	0.5875	-0.0005	508.0000	508.5535	1.0285	10.2916	99.8544	39.0000	0.8230	0.8203	5.0000	-9999.0000	-9999.0000	-9999.0000	-9999.0000	-9999.0000	-9999.0000	17.8917	4	0	29.1930	1.0000	06	3	-9999.0000	6728	36138	-9999	2213	2160	-9999	295.1847	5	0.5793	0.5875	-0.0005	50.7319	1.3153	478.0115	361.8492	37.9861	461.1746	95.2315	470.5704	94.8380	477.3396	94.9769	480.8939	95.1389	
13/08/2017	09:33:37	019001	G523040463HLR	L523	S		433.8778	1.0311	3.4688	99.9806	39.4725	0.8230	0.8265	5.0000	17.4316	508.0310	94.8843	15.1122	24.5000	0.9300	0.9385	0.5868	-0.0004	508.0000	508.9147	1.0285	10.3339	99.9482	39.0000	0.8230	0.8203	5.0000	-9999.0000	-9999.0000	-9999.0000	-9999.0000	-9999.0000	-9999.0000	17.6721	5	0	32.5742	1.0000	06	3	-9999.0000	6729	36139	-9999	2214	2161	-9999	294.8092	5	0.5795	0.5868	-0.0004	51.9250	1.2415	474.5800	346.9118	33.9583	455.6240	95.6944	470.2671	94.9537	474.2259	95.1852	477.1612	95.0000	
13/08/2017	09:34:06	019001	G523040458HLR	L523	S		437.8129	1.0311	3.2730	99.9540	39.4500	0.8230	0.8264	5.0000	17.3820	508.0453	94.9074	15.5722	24.5000	0.9300	0.9385	0.5832	-0.0002	508.0000	509.1451	1.0285	10.3609	99.9740	39.0000	0.8230	0.8202	5.0000	-9999.0000	-9999.0000	-9999.0000	-9999.0000	-9999.0000	-9999.0000	17.7023	6	0	28.9039	1.0000	06	3	-9999.0000	6730	36140	-9999	2215	2162	-9999	294.5657	5	0.5795	0.5832	-0.0002	54.3017	1.1044	475.8675	353.4201	34.0046	449.0183	95.7407	471.5866	94.9537	475.2723	95.1389	479.0537	95.1157	
13/08/2017	09:34:32	019001	G523040087HLR	L523	S		439.6646	1.0311	3.1809	100.0042	39.4691	0.8230	0.8264	5.0000	17.4414	508.0550	94.8843	15.2020	24.5000	0.9300	0.9385	0.5848	-0.0003	508.0000	509.6592	1.0285	10.4212	100.0860	38.9667	0.8230	0.8201	5.0000	-9999.0000	-9999.0000	-9999.0000	-9999.0000	-9999.0000	-9999.0000	17.6222	7	0	25.7932	1.0000	06	3	-9999.0000	6731	36141	-9999	2216	2163	-9999	294.7018	5	0.5794	0.5848	-0.0003	54.9026	1.0790	475.5238	342.2496	33.2870	452.9598	95.6944	470.1279	94.8843	474.9957	95.0926	478.5097	95.1157	
13/08/2017	09:35:02	019001	G523041273HLR	L523	S		430.9277	1.0311	3.6155	99.9982	39.4691	0.8230	0.8264	5.0000	17.7316	508.0544	95.0000	17.6418	24.5000	0.9300	0.9386	0.5827	-0.0002	508.0000	507.1911	1.0285	10.1320	99.9497	38.9667	0.8230	0.8203	5.0000	-9999.0000	-9999.0000	-9999.0000	-9999.0000	-9999.0000	-9999.0000	17.6519	8	0	29.9237	1.0000	06	3	-9999.0000	6732	36142	-9999	2217	2164	-9999	294.2913	5	0.5797	0.5827	-0.0002	55.6182	1.0584	466.6219	357.0269	35.5556	450.4161	95.5324	460.6181	94.9306	466.0508	95.0926	469.8351	95.0926	
13/08/2017	09:35:32	019001	G523041305HLR	L523	S		431.2766	1.0311	3.5982	100.0055	39.4719	0.8230	0.8264	5.0000	17.6026	508.0451	95.0000	20.3120	24.5000	0.9300	0.9386	0.5810	-0.0001	508.0000	509.4321	1.0285	10.3946	99.9191	39.0000	0.8230	0.8203	5.0000	-9999.0000	-9999.0000	-9999.0000	-9999.0000	-9999.0000	-9999.0000	18.4121	1	0	29.4933	1.0000	06	3	-9999.0000	6733	36143	-9999	2218	2165	-9999	294.1484	5	0.5794	0.5810	-0.0001	55.6547	1.0551	463.8399	348.9252	35.2778	447.7804	95.6019	458.9311	95.2315	463.2636	95.4167	466.0403	94.9537	
13/08/2017	09:35:58	019001	G523040109HLR	L523	S		437.5225	1.0311	3.2874	100.1401	39.5000	0.8230	0.8265	5.0000	17.0821	508.0413	94.9769	17.3322	24.5000	0.9300	0.9385	0.5796	-0.0000	508.0000	508.7270	1.0285	10.3119	100.1441	39.0333	0.8230	0.8203	5.0000	-9999.0000	-9999.0000	-9999.0000	-9999.0000	-9999.0000	-9999.0000	17.9425	2	0	26.6925	1.0000	06	3	-9999.0000	6734	36144	-9999	2219	2166	-9999	294.3606	5	0.5794	0.5796	-0.0000	47.4804	1.5250	471.5019	365.6641	35.6250	458.2803	95.0463	466.1982	94.8380	471.0593	94.9306	474.2939	95.1389	
13/08/2017	09:36:30	019001	G523040111HLR	L523	S		439.4234	1.0311	3.1929	99.9796	39.5000	0.8230	0.8262	5.0000	17.7424	508.0598	95.0000	13.5212	24.5000	0.9300	0.9385	0.5796	-0.0000	508.0000	509.5602	1.0285	10.4096	99.9606	39.0000	0.8230	0.8202	5.0000	-9999.0000	-9999.0000	-9999.0000	-9999.0000	-9999.0000	-9999.0000	17.9122	3	0	32.1435	1.0000	06	3	-9999.0000	6735	36145	-9999	2220	2167	-9999	294.3934	5	0.5794	0.5796	-0.0000	47.4804	1.5250	480.1784	360.0412	38.6574	462.7920	94.8380	475.5386	94.7454	479.6304	94.9074	484.2287	95.1620	
13/08/2017	09:36:56	019001	G523040110HLR	L523	S		433.7337	1.0311	3.4759	100.0161	39.4404	0.8230	0.8263	5.0000	17.8316	508.0445	95.0463	18.4124	24.5000	0.9300	0.9386	0.5836	-0.0003	508.0000	508.5537	1.0285	10.2916	99.7737	39.0000	0.8230	0.8203	5.0000	-9999.0000	-9999.0000	-9999.0000	-9999.0000	-9999.0000	-9999.0000	17.8527	4	0	26.0432	1.0000	06	3	-9999.0000	6736	36146	-9999	2221	2167	-9999	294.2618	5	0.5792	0.5836	-0.0003	49.6038	1.4341	468.3085	355.2191	36.8750	457.0238	95.3009	463.8149	94.8148	467.8171	95.0231	471.9818	95.0694	
13/08/2017	09:37:22	019001	G523041271HLR	L523	S		435.7726	1.0311	3.3745	99.9729	39.4245	0.8230	0.8265	5.0000	17.4221	508.0637	94.9769	17.2921	24.5000	0.9300	0.9385	0.5828	-0.0002	508.0000	507.2280	1.0285	10.1363	99.8441	39.0000	0.8230	0.8201	5.0000	-9999.0000	-9999.0000	-9999.0000	-9999.0000	-9999.0000	-9999.0000	18.0119	5	0	25.5431	1.0000	06	3	-9999.0000	6737	36147	-9999	2222	2168	-9999	294.1820	5	0.5790	0.5828	-0.0002	53.1008	1.2294	469.1941	341.3496	35.6944	451.2985	95.3241	464.8606	94.9306	468.5643	95.0694	472.5639	95.0463	
13/08/2017	09:38:05	019001	G523041242HLR	L523	S		436.8550	1.0311	3.3206	100.0510	39.5027	0.8230	0.8266	5.0000	17.1026	508.0442	94.8843	15.1717	24.5000	0.9300	0.9385	0.5828	-0.0002	508.0000	506.2561	1.0285	10.0225	99.9335	39.0000	0.8230	0.8203	5.0000	-9999.0000	-9999.0000	-9999.0000	-9999.0000	-9999.0000	-9999.0000	17.6818	6	0	42.5559	1.0000	06	3	-9999.0000	6738	36148	-9999	2223	2169	-9999	294.3273	5	0.5790	0.5828	-0.0002	53.1008	1.2294	474.5284	338.3186	35.0694	456.3356	95.3241	468.7158	94.4907	473.9938	94.7454	478.3241	95.0926	
13/08/2017	09:38:42	019001	G523041239HLR	L523	S		432.7079	1.0311	3.5270	100.0393	39.5000	0.8230	0.8264	5.0000	17.2919	508.0381	95.0231	19.9526	24.5000	0.9300	0.9387	0.5810	-0.0001	508.0000	508.9111	1.0285	10.3335	99.9958	39.0333	0.8230	0.8204	5.0000	-9999.0000	-9999.0000	-9999.0000	-9999.0000	-9999.0000	-9999.0000	17.7121	7	0	37.4538	1.0000	06	3	-9999.0000	6739	36149	-9999	2224	2170	-9999	293.7998	5	0.5788	0.5810	-0.0001	51.7958	1.2855	465.9754	345.1185	35.5787	447.6382	95.4630	460.4130	94.8611	465.3162	95.0694	469.1261	95.1157	
13/08/2017	09:39:18	019001	G523041246HLR	L523	S		436.4653	1.0311	3.3400	100.0095	39.4647	0.8230	0.8263	5.0000	17.4122	508.0502	94.9306	14.5115	24.5000	0.9300	0.9386	0.5810	-0.0001	508.0000	505.4980	1.0285	9.9337	100.0853	38.9659	0.8230	0.8198	5.0000	-9999.0000	-9999.0000	-9999.0000	-9999.0000	-9999.0000	-9999.0000	17.8323	8	0	36.0346	1.0000	06	3	-9999.0000	6740	36150	-9999	2225	2171	-9999	294.2144	5	0.5788	0.5810	-0.0001	51.7958	1.2855	476.6393	333.0858	35.1389	454.9340	95.3241	471.4597	94.4907	476.0591	94.6991	480.0057	95.0694	
13/08/2017	09:39:45	019001	G523041256HLR	L523	S		442.2234	1.0311	3.0536	100.0456	39.5000	0.8230	0.8264	5.0000	17.1318	508.0390	95.0000	13.2409	24.5000	0.9300	0.9387	0.5807	-0.0001	508.0000	506.9437	1.0285	10.1030	99.9951	38.9333	0.8230	0.8201	5.0000	-9999.0000	-9999.0000	-9999.0000	-9999.0000	-9999.0000	-9999.0000	17.7718	1	0	26.7336	1.0000	06	3	-9999.0000	6741	36151	-9999	2226	2172	-9999	294.3164	5	0.5789	0.5807	-0.0001	53.6272	1.1572	481.7896	349.3762	33.6574	462.8423	95.6019	477.5312	94.8380	481.2552	95.0231	485.3916	95.1157	
13/08/2017	09:40:21	019001	G523041262HLR	L523	S		438.6469	1.0311	3.2315	100.0427	39.4500	0.8230	0.8264	5.0000	17.4814	369.1397	95.0000	31.0037	24.5000	0.9300	0.9384	0.5818	-0.0002	508.0000	511.5263	1.0285	10.6399	99.9621	38.9953	0.8230	0.8202	5.0000	-9999.0000	-9999.0000	-9999.0000	-9999.0000	-9999.0000	-9999.0000	17.8721	2	0	36.6041	1.0000	06	3	-9999.0000	6742	36152	-9999	2227	2173	-9999	213.3488	5	0.5788	0.5818	-0.0002	51.1272	1.2752	241.9472	328.8056	34.8380	466.7612	95.5556	474.6380	96.5509	234.5359	97.3611	241.2036	94.7222	
13/08/2017	09:40:58	019001	G523041290HLR	L523	S		425.5176	1.0311	3.8847	99.9871	39.4500	0.8230	0.8265	5.0000	17.0215	508.0463	95.0000	25.2931	24.5000	0.9300	0.9385	0.5855	-0.0004	508.0000	508.3638	1.0285	10.2694	99.9402	39.0000	0.8230	0.8204	5.0000	-9999.0000	-9999.0000	-9999.0000	-9999.0000	-9999.0000	-9999.0000	17.9017	3	0	36.2348	1.0000	06	3	-9999.0000	6743	36153	-9999	2228	2174	-9999	293.3088	5	0.5791	0.5855	-0.0004	49.9610	1.3346	446.4019	341.8195	35.9954	435.5241	92.6620	442.1496	92.3148	446.0356	92.4306	451.9146	95.3241	
13/08/2017	09:41:34	019001	G523041323HLR	L523	S		423.9005	1.0311	3.9652	100.0061	39.5426	0.8230	0.8263	5.0000	17.1524	508.0334	95.0231	24.5030	24.5000	0.9300	0.9386	0.5884	-0.0005	508.0000	506.9809	1.0285	10.1074	99.9238	39.0000	0.8230	0.8200	5.0000	-9999.0000	-9999.0000	-9999.0000	-9999.0000	-9999.0000	-9999.0000	17.9123	4	0	35.9937	1.0000	06	3	-9999.0000	6744	36154	-9999	2228	2175	-9999	292.8553	5	0.5794	0.5884	-0.0005	46.5895	1.5187	445.9590	336.6002	34.1898	433.3000	93.4954	441.4750	92.6389	445.7293	92.7083	451.0915	95.5787	
13/08/2017	09:42:12	019001	G523041233HLR	L523	S		439.9225	1.0311	3.1680	99.9319	39.4500	0.8230	0.8261	5.0000	17.5822	508.0610	94.9074	14.5213	24.5000	0.9300	0.9385	0.5884	-0.0005	508.0000	508.3741	1.0285	10.2706	99.9460	38.9667	0.8230	0.8200	5.0000	-9999.0000	-9999.0000	-9999.0000	-9999.0000	-9999.0000	-9999.0000	17.7716	5	0	38.8055	1.0000	06	3	-9999.0000	6745	36155	-9999	2229	2176	-9999	295.1292	5	0.5794	0.5884	-0.0005	46.5895	1.5187	470.7659	323.5799	34.4444	451.1202	93.6343	465.6656	93.0093	470.3529	93.1481	476.1048	95.5787	
13/08/2017	09:42:37	019001	G523041235HLR	L523	S		425.4155	1.0311	3.8898	99.9752	39.4197	0.8230	0.8264	5.0000	17.3115	508.0459	95.0000	25.1524	24.5000	0.9300	0.9388	0.5851	-0.0003	508.0000	506.0014	1.0285	9.9926	100.0113	38.9667	0.8230	0.8202	5.0000	-9999.0000	-9999.0000	-9999.0000	-9999.0000	-9999.0000	-9999.0000	17.6321	6	0	24.9423	1.0000	06	3	-9999.0000	6746	36156	-9999	2230	2177	-9999	292.1891	5	0.5645	0.5851	-0.0003	49.0348	1.3421	444.8215	362.5272	37.3148	429.5858	94.0509	440.6424	93.6343	444.6074	93.7963	448.6214	94.8611	
13/08/2017	09:43:05	019001	G523041319HLR	L523	S		426.4412	1.0311	3.8387	100.0639	39.4424	0.8230	0.8266	5.0000	17.1513	508.0255	94.9769	24.0136	24.5000	0.9300	0.9386	0.5848	-0.0003	508.0000	507.8352	1.0285	10.2075	99.9478	38.9667	0.8230	0.8200	5.0000	-9999.0000	-9999.0000	-9999.0000	-9999.0000	-9999.0000	-9999.0000	17.9523	7	0	27.5834	1.0000	06	3	-9999.0000	6747	36157	-9999	2231	2178	-9999	293.1750	5	0.5643	0.5848	-0.0003	48.5270	1.3842	451.5295	339.2703	35.8565	437.1505	94.2824	446.4242	94.0046	450.9581	94.1204	455.1825	94.9306	
13/08/2017	09:43:38	019001	G523041300HLR	L523	S		425.2969	1.0311	3.8957	100.0512	39.5500	0.8230	0.8265	5.0000	17.3118	508.0411	95.0000	24.4825	24.5000	0.9300	0.9386	0.5861	-0.0004	508.0000	507.7433	1.0285	10.1967	99.9431	38.9861	0.8230	0.8204	5.0000	-9999.0000	-9999.0000	-9999.0000	-9999.0000	-9999.0000	-9999.0000	17.7326	8	0	32.9239	1.0000	06	3	-9999.0000	6748	36158	-9999	2232	2178	-9999	293.2796	5	0.5647	0.5861	-0.0004	47.2835	1.4411	449.8849	327.1801	34.5602	436.0776	94.7222	445.4748	94.1667	449.5086	94.3056	453.5299	94.9769	
13/08/2017	09:44:15	019001	G523041304HLR	L523	S		421.5983	1.0311	4.0797	99.9707	39.4615	0.8230	0.8262	5.0000	17.1417	508.0552	94.9769	26.6126	24.5000	0.9300	0.9386	0.5859	-0.0003	508.0000	506.8759	1.0285	10.0951	99.9944	39.0333	0.8230	0.8204	5.0000	-9999.0000	-9999.0000	-9999.0000	-9999.0000	-9999.0000	-9999.0000	17.8431	1	0	37.0045	1.0000	06	3	-9999.0000	6749	36159	-9999	2233	2179	-9999	292.8377	5	0.5645	0.5859	-0.0003	48.2857	1.3685	443.3349	354.9544	37.7778	435.0802	94.5139	439.2311	94.2824	442.9429	94.3519	446.2223	94.9537	
13/08/2017	09:44:43	019001	G523041272HLR	L523	S		443.1271	1.0311	3.0086	100.0316	39.4500	0.8230	0.8262	5.0000	17.5819	508.0331	95.0463	12.3316	24.5000	0.9300	0.9384	0.5859	-0.0003	508.0000	507.4595	1.0285	10.1635	99.9930	39.0233	0.8230	0.8200	5.0000	-9999.0000	-9999.0000	-9999.0000	-9999.0000	-9999.0000	-9999.0000	17.8419	2	0	28.7134	1.0000	06	3	-9999.0000	6750	36160	-9999	2234	2180	-9999	295.5077	5	0.5645	0.5859	-0.0003	48.2857	1.3685	479.1351	347.6078	34.7222	463.9858	94.4907	473.3512	93.9815	478.3258	94.0972	483.2005	94.9306	
13/08/2017	09:45:13	019001	G523041083HLR	L523	S		437.2902	1.0311	3.2990	99.9968	39.4500	0.8230	0.8264	5.0000	17.2520	508.0586	94.9074	15.3817	24.6000	0.9300	0.9387	0.5860	-0.0004	508.0000	509.1251	1.0285	10.3586	99.8077	38.9667	0.8230	0.8199	5.0000	-9999.0000	-9999.0000	-9999.0000	-9999.0000	-9999.0000	-9999.0000	17.9621	3	0	29.2438	1.0000	06	3	-9999.0000	6751	36161	-9999	2235	2181	-9999	294.9803	5	0.5643	0.5860	-0.0004	48.5270	1.3711	471.4567	339.6657	35.7870	453.6146	94.6296	467.4614	94.1204	471.2095	94.3056	476.1312	94.9769	
13/08/2017	09:45:38	019001	G523041311HLR	L523	S		428.8249	1.0311	3.7202	100.0074	39.4173	0.8230	0.8265	5.0000	17.2423	508.0398	95.0000	21.3727	24.6000	0.9300	0.9388	0.5850	-0.0003	508.0000	506.1548	1.0285	10.0106	99.8598	39.0000	0.8230	0.8202	5.0000	-9999.0000	-9999.0000	-9999.0000	-9999.0000	-9999.0000	-9999.0000	17.9122	4	0	24.9631	1.0000	06	3	-9999.0000	6752	36162	-9999	2236	2182	-9999	293.8645	5	0.5640	0.5850	-0.0003	47.7086	1.4027	457.7831	352.0097	36.5741	446.1660	94.9306	453.2808	94.4213	457.4281	94.6065	460.8433	95.0231	
13/08/2017	09:46:03	019001	G523041325HLR	L523	S		422.5641	1.0311	4.0316	99.9658	39.4700	0.8230	0.8266	5.0000	17.2423	508.0528	95.0000	24.7930	24.6000	0.9300	0.9387	0.5851	-0.0003	508.0000	507.1623	1.0285	10.1286	99.8685	39.0376	0.8230	0.8202	5.0000	-9999.0000	-9999.0000	-9999.0000	-9999.0000	-9999.0000	-9999.0000	17.8723	5	0	25.5127	1.0000	06	3	-9999.0000	6753	36163	-9999	2237	2183	-9999	293.4618	5	0.5642	0.5851	-0.0003	46.4059	1.4538	450.9281	342.3874	35.3472	438.2789	95.2778	445.4627	94.7454	450.5304	94.9074	453.7820	95.1389	
13/08/2017	09:46:29	019001	error reading	L523	S		0.0000	0.0000	0.0000	0.0000	0.0000	0.8230	0.0000	0.0000	0.0000	0.0000	0.0000	0.0000	0.0000	0.9300	0.0000	0.0000	0.0000	0.0000	0.0000	0.0000	0.0000	0.0000	0.0000	0.8230	0.0000	0.0000	0.0000	0.0000	0.0000	0.0000	0.0000	0.0000	0.0000	0	28	25.5127	1.0000	06	3	0.0000	0	0	0	0	0	0	0.0000	0	0.0000	0.0000	0.0000	0.0000	0.0000	0.0000	0.0000	0.0000	0.0000	0.0000	0.0000	0.0000	0.0000	0.0000	0.0000	0.0000	
13/08/2017	09:47:23	019001	G523041084HLR	L523	S		435.4873	1.0311	3.3887	100.0579	39.5500	0.8230	0.8263	5.0000	17.4817	508.0413	95.0000	17.1622	24.6000	0.9300	0.9385	0.5848	-0.0003	508.0000	508.2179	1.0285	10.2523	99.9866	39.0575	0.8230	0.8202	5.0000	-9999.0000	-9999.0000	-9999.0000	-9999.0000	-9999.0000	-9999.0000	17.7921	6	0	80.2801	1.0000	06	3	-9999.0000	6754	36164	-9999	2238	2184	-9999	294.6263	5	0.5641	0.5848	-0.0003	48.6431	1.3663	468.3028	328.2915	34.5139	447.9204	95.0463	463.1068	94.4676	467.7248	94.6296	471.4387	95.0231	
13/08/2017	09:47:52	019001	G523040122HLR	L523	S		436.2382	1.0311	3.3513	99.9965	39.5000	0.8230	0.8261	5.0000	17.2921	508.0379	94.9537	17.1027	24.6000	0.9300	0.9386	0.5853	-0.0003	508.0000	508.8589	1.0285	10.3274	99.9856	39.0667	0.8230	0.8202	5.0000	-9999.0000	-9999.0000	-9999.0000	-9999.0000	-9999.0000	-9999.0000	17.6916	7	0	28.4734	1.0000	06	3	-9999.0000	6755	36165	-9999	2239	2185	-9999	294.5720	5	0.5788	0.5853	-0.0003	47.3943	1.4190	468.9528	352.0639	35.0926	448.1254	95.1157	463.7136	94.3981	468.4157	94.5833	472.8119	95.0463	
13/08/2017	09:48:18	019001	G523041048HLR	L523	S		441.0035	1.0311	3.1143	100.0595	39.4323	0.8230	0.8262	5.0000	17.5021	508.0492	95.0000	13.0211	24.6000	0.9300	0.9386	0.5853	-0.0003	508.0000	508.2952	1.0285	10.2614	99.9987	38.8333	0.8230	0.8198	5.0000	-9999.0000	-9999.0000	-9999.0000	-9999.0000	-9999.0000	-9999.0000	18.1420	8	0	26.3526	1.0000	06	3	-9999.0000	6756	36166	-9999	2240	2185	-9999	295.3477	5	0.5788	0.5853	-0.0003	47.3943	1.4190	478.8726	347.7567	34.5833	459.3701	95.0000	474.0123	94.2824	478.3912	94.5602	482.5795	95.0694	
13/08/2017	09:49:10	019001	G523041040HLR	L523	S		440.8363	1.0311	3.1226	100.0623	39.5035	0.8230	0.8266	5.0000	17.2423	508.0558	95.0463	12.9918	24.7000	0.9300	0.9389	0.5848	-0.0003	508.0000	507.9893	1.0285	10.2255	99.8574	38.9354	0.8230	0.8200	5.0000	-9999.0000	-9999.0000	-9999.0000	-9999.0000	-9999.0000	-9999.0000	18.0216	2	0	25.7337	1.0000	06	3	-9999.0000	6758	36167	-9999	2242	2186	-9999	295.3122	5	0.5791	0.5848	-0.0003	48.3855	1.3875	478.4448	367.1120	35.9259	456.3050	94.7454	473.1188	94.0046	478.0701	94.1435	482.4229	94.9306	
13/08/2017	09:49:35	019001	G523041058HLR	L523	S		437.7686	1.0311	3.2752	100.0328	39.5584	0.8230	0.8265	5.0000	17.2227	508.0456	94.9769	16.2822	24.8000	0.9300	0.9392	0.5843	-0.0003	508.0000	508.6900	1.0285	10.3076	100.0332	38.9803	0.8230	0.8204	5.0000	-9999.0000	-9999.0000	-9999.0000	-9999.0000	-9999.0000	-9999.0000	17.6915	3	0	25.6230	1.0000	06	3	-9999.0000	6759	36168	-9999	2243	2187	-9999	294.7410	5	0.5793	0.5843	-0.0003	50.2852	1.3045	469.6789	335.4879	34.1435	449.7108	95.0463	464.2855	94.2130	469.3181	94.4213	473.7445	95.0231	
13/08/2017	09:50:00	019001	G523040125HLR	L523	S		439.6418	1.0311	3.1820	100.0457	39.3273	0.8230	0.8257	5.0000	17.1622	508.0698	94.8843	14.8319	24.7000	0.9300	0.9388	0.5843	-0.0003	508.0000	507.3278	1.0285	10.1480	99.9430	39.0615	0.8230	0.8205	5.0000	-9999.0000	-9999.0000	-9999.0000	-9999.0000	-9999.0000	-9999.0000	17.6221	4	0	24.9425	1.0000	06	3	-9999.0000	6760	36169	-9999	2244	2187	-9999	294.9920	5	0.5793	0.5843	-0.0003	50.2852	1.3045	476.1943	329.2558	32.8704	456.5907	95.6019	470.5524	94.6296	475.6010	94.8843	479.9308	95.1389	
13/08/2017	09:50:27	019001	G523040363HLR	L523	S		440.9834	1.0311	3.1153	100.0022	39.2984	0.8230	0.8265	5.0000	17.6721	508.0356	94.9769	12.7515	24.6000	0.9300	0.9386	0.5843	-0.0003	508.0000	507.3473	1.0285	10.1503	100.0201	39.0698	0.8230	0.8202	5.0000	-9999.0000	-9999.0000	-9999.0000	-9999.0000	-9999.0000	-9999.0000	17.7523	5	0	27.1635	1.0000	11	2	-9999.0000	6761	36170	-9999	2245	2188	-9999	295.2176	5	0.5793	0.5843	-0.0003	50.2852	1.3045	480.6908	343.3041	35.5787	460.7271	95.1852	475.2519	94.6528	480.2974	94.9537	484.9440	95.1157	
13/08/2017	09:50:52	019001	G523040364HLR	L523	S		440.2937	1.0311	3.1496	100.0338	39.4661	0.8230	0.8269	5.0000	17.9015	508.0661	94.9537	14.1814	24.6000	0.9300	0.9385	0.5843	-0.0002	508.0000	510.4861	1.0285	10.5180	99.9538	39.0607	0.8230	0.8200	5.0000	-9999.0000	-9999.0000	-9999.0000	-9999.0000	-9999.0000	-9999.0000	17.8624	6	0	24.8427	1.0000	11	2	-9999.0000	6762	36171	-9999	2245	2189	-9999	295.1054	5	0.5797	0.5843	-0.0002	49.9487	1.3273	479.5984	349.0645	34.7222	457.7190	95.3935	473.5011	94.6528	479.3020	94.9074	482.1243	95.1389	
13/08/2017	09:51:18	019001	G523040362HLR	L523	S		442.8329	1.0311	3.0232	100.0568	39.6113	0.8230	0.8266	5.0000	18.0813	508.0379	95.0694	11.1215	24.6000	0.9300	0.9384	0.5838	-0.0002	508.0000	507.8027	1.0285	10.2037	99.8670	39.0333	0.8230	0.8200	5.0000	-9999.0000	-9999.0000	-9999.0000	-9999.0000	-9999.0000	-9999.0000	17.7013	7	0	25.5831	1.0000	11	2	-9999.0000	6763	36172	-9999	2246	2190	-9999	295.3724	5	0.5799	0.5838	-0.0002	48.7441	1.3927	485.5879	364.6015	36.6667	466.9323	95.1852	479.9090	94.6296	485.1632	94.8148	489.3771	95.1157	
13/08/2017	09:51:43	019001	G523040334HLR	L523	S		444.9258	1.0311	2.9191	99.9948	39.6000	0.8230	0.8262	5.0000	17.5226	508.0500	95.1157	11.4711	24.6000	0.9300	0.9385	0.5838	-0.0002	508.0000	508.4904	1.0285	10.2842	99.9706	39.0376	0.8230	0.8201	5.0000	-9999.0000	-9999.0000	-9999.0000	-9999.0000	-9999.0000	-9999.0000	17.8126	8	0	24.9036	1.0000	11	2	-9999.0000	6763	36173	-9999	2247	2191	-9999	295.3918	5	0.5803	0.5838	-0.0002	47.3240	1.4723	484.0374	366.0317	35.6250	466.7724	95.2083	479.0846	94.6528	483.4214	94.8611	488.3948	95.1157	
13/08/2017	09:52:08	019001	G523041285HLR	L523	S		439.2319	1.0311	3.2024	99.9365	39.5277	0.8230	0.8260	5.0000	17.4621	508.0407	94.8843	14.9823	24.7000	0.9300	0.9386	0.5836	-0.0002	508.0000	509.1422	1.0285	10.3606	99.8453	39.0667	0.8230	0.8201	5.0000	-9999.0000	-9999.0000	-9999.0000	-9999.0000	-9999.0000	-9999.0000	17.8626	1	0	25.5128	1.0000	06	3	-9999.0000	6764	36174	-9999	2248	2192	-9999	294.9770	5	0.5802	0.5836	-0.0002	50.6382	1.2646	476.6259	353.5728	35.8796	456.2130	95.4167	471.1653	94.8611	476.1102	95.1157	480.0656	95.0000	
13/08/2017	09:52:59	019001	G523040373HLR	L523	S		440.6015	1.0311	3.1343	99.9876	39.4633	0.8230	0.8263	5.0000	17.4912	436.9182	95.0463	4.4810	24.8000	0.9300	0.9383	0.5843	-0.0003	508.0000	479.1396	1.0285	6.8456	99.8671	38.9333	0.8230	0.8196	5.0000	-9999.0000	-9999.0000	-9999.0000	-9999.0000	-9999.0000	-9999.0000	18.0421	3	32	25.7832	1.0000	11	2	-9999.0000	6766	36175	-9999	2250	2193	-9999	251.7692	5	0.5802	0.5843	-0.0003	48.4125	1.4311	479.7433	340.6747	34.2593	454.1232	95.1852	475.5988	94.3750	479.7292	95.6481	389.8195	32.3380	
13/08/2017	09:53:25	019001	G523040372HLR	L523	S		445.7440	1.0311	2.8784	100.0381	39.5295	0.8230	0.8264	5.0000	17.4630	508.0397	95.1157	11.6205	24.8000	0.9300	0.9388	0.5861	-0.0004	508.0000	507.9644	1.0285	10.2226	100.0018	38.9696	0.8230	0.8202	5.0000	-9999.0000	-9999.0000	-9999.0000	-9999.0000	-9999.0000	-9999.0000	17.9317	4	0	25.9036	1.0000	11	2	-9999.0000	6767	36176	-9999	2251	2194	-9999	295.5021	5	0.5805	0.5861	-0.0004	49.4846	1.3429	482.1390	332.8483	34.0046	458.4993	95.1620	476.2171	94.3750	481.4600	94.6296	486.0670	95.0463	
13/08/2017	09:53:53	019001	G523040360HLR	L523	S		444.8698	1.0311	2.9219	100.0388	39.5500	0.8230	0.8263	5.0000	17.4923	508.0435	95.0463	10.6517	24.7000	0.9300	0.9387	0.5868	-0.0005	508.0000	506.3892	1.0285	10.0381	99.9520	39.0870	0.8230	0.8205	5.0000	-9999.0000	-9999.0000	-9999.0000	-9999.0000	-9999.0000	-9999.0000	17.7924	5	0	28.2933	1.0000	11	2	-9999.0000	6768	36177	-9999	2252	2195	-9999	295.6997	5	0.5804	0.5868	-0.0005	49.7668	1.3249	485.9598	340.5329	32.9398	467.6802	95.4861	481.6831	94.6991	485.3872	94.9074	490.0637	95.0926	
13/08/2017	09:54:43	019001	G523040384HLR	L523	S		441.9335	1.0311	3.0680	99.9023	39.5500	0.8230	0.8261	5.0000	17.6925	508.0484	95.0000	13.5915	24.8000	0.9300	0.9388	0.5868	-0.0005	508.0000	508.1470	1.0285	10.2440	99.9433	38.9319	0.8230	0.8194	5.0000	-9999.0000	-9999.0000	-9999.0000	-9999.0000	-9999.0000	-9999.0000	18.0821	7	0	25.5031	1.0000	11	2	-9999.0000	6770	36178	-9999	2254	2196	-9999	295.0338	5	0.5804	0.5868	-0.0005	49.7668	1.3249	475.9200	357.8603	34.6759	453.7102	95.1620	469.9869	94.3287	475.4754	94.4444	479.5766	94.9769	
13/08/2017	09:55:08	019001	G523040379HLR	L523	S		440.4240	1.0311	3.1431	100.0666	39.5302	0.8230	0.8262	5.0000	17.3223	508.0285	94.9537	13.4811	24.7000	0.9300	0.9387	0.5867	-0.0004	508.0000	508.1174	1.0285	10.2405	99.9976	38.9519	0.8230	0.8202	5.0000	-9999.0000	-9999.0000	-9999.0000	-9999.0000	-9999.0000	-9999.0000	17.9825	8	0	24.8732	1.0000	11	2	-9999.0000	6771	36179	-9999	2255	2197	-9999	295.0563	5	0.5807	0.5867	-0.0004	47.5282	1.4660	477.4294	350.0642	35.8565	455.3487	95.4630	471.9556	94.9074	476.7473	95.1852	481.3974	95.0231	
13/08/2017	09:55:34	019001	G523040390HLR	L523	S		445.7754	1.0311	2.8768	99.9955	39.5422	0.8230	0.8261	5.0000	17.3722	508.0699	94.9769	12.5113	24.7000	0.9300	0.9385	0.5885	-0.0006	508.0000	509.4113	1.0285	10.3921	99.7924	39.0834	0.8230	0.8205	5.0000	-9999.0000	-9999.0000	-9999.0000	-9999.0000	-9999.0000	-9999.0000	17.9026	1	0	26.0031	1.0000	11	2	-9999.0000	6772	36180	-9999	2256	2198	-9999	295.4135	5	0.5810	0.5885	-0.0006	45.4242	1.6054	480.2968	325.7025	32.3380	458.1721	95.3704	474.6439	94.9074	479.8358	95.2315	484.5590	95.0000	
13/08/2017	09:56:03	019001	G523040331HLR	L523	S		442.6019	1.0311	3.0347	100.0500	39.5067	0.8230	0.8262	5.0000	17.3017	508.0473	94.9769	12.1714	24.7000	0.9300	0.9384	0.5885	-0.0006	508.0000	508.2619	1.0285	10.2575	99.9308	39.1159	0.8230	0.8202	5.0000	-9999.0000	-9999.0000	-9999.0000	-9999.0000	-9999.0000	-9999.0000	17.8917	2	0	28.4926	1.0000	11	2	-9999.0000	6773	36181	-9999	2257	2199	-9999	295.4869	5	0.5810	0.5885	-0.0006	45.4242	1.6054	480.7588	343.7747	36.3657	458.5002	95.2778	477.2089	94.8380	480.4132	95.1389	484.5810	95.0463	
13/08/2017	09:56:30	019001	G523040399HLR	L523	S		447.2982	1.0311	2.8011	99.9876	39.5283	0.8230	0.8261	5.0000	17.7219	508.0660	95.0694	11.8813	24.7000	0.9300	0.9384	0.5884	-0.0006	508.0000	509.6786	1.0285	10.4234	99.9516	39.1000	0.8230	0.8199	5.0000	-9999.0000	-9999.0000	-9999.0000	-9999.0000	-9999.0000	-9999.0000	17.8625	3	0	27.1535	1.0000	11	2	-9999.0000	6774	36182	-9999	2258	2200	-9999	295.5598	5	0.5809	0.5884	-0.0006	45.2748	1.5988	482.6195	355.8837	35.4398	462.7676	95.2315	477.1951	94.7917	482.0498	95.0231	486.0129	95.0926	
13/08/2017	09:56:55	019001	G523040398HLR	L523	S		441.7142	1.0311	3.0789	99.9079	39.5000	0.8230	0.8261	5.0000	17.8419	508.0411	94.9769	13.2408	24.7000	0.9300	0.9385	0.5895	-0.0007	508.0000	507.9926	1.0285	10.2259	99.8639	39.0667	0.8230	0.8199	5.0000	-9999.0000	-9999.0000	-9999.0000	-9999.0000	-9999.0000	-9999.0000	17.8019	4	0	24.9230	1.0000	11	2	-9999.0000	6775	36183	-9999	2259	2201	-9999	295.1026	5	0.5811	0.5895	-0.0007	44.1055	1.7020	477.6730	364.0010	34.7917	458.4616	95.4861	472.2576	94.8148	477.1382	95.0463	481.1688	95.0694	
13/08/2017	09:57:20	019001	G523040389HLR	L523	S		437.7559	1.0311	3.2758	100.0194	39.5209	0.8230	0.8263	5.0000	17.1124	508.0581	94.9306	13.7712	24.7000	0.9300	0.9385	0.5916	-0.0009	508.0000	509.4030	1.0285	10.3911	99.9358	39.0541	0.8230	0.8199	5.0000	-9999.0000	-9999.0000	-9999.0000	-9999.0000	-9999.0000	-9999.0000	17.8528	5	0	25.5528	1.0000	11	2	-9999.0000	6776	36184	-9999	2260	2202	-9999	294.6680	5	0.5809	0.5916	-0.0009	41.1251	1.9351	473.5949	329.8612	35.8102	451.7892	95.4630	467.4143	94.9074	472.9828	95.2083	477.5356	95.0231	
13/08/2017	09:57:45	019001	G523040381HLR	L523	S		437.9965	1.0311	3.2639	100.0427	39.5500	0.8230	0.8263	5.0000	17.5422	508.0449	94.9074	14.1619	24.7000	0.9300	0.9384	0.5876	-0.0005	508.0000	508.5104	1.0285	10.2866	100.0188	39.0667	0.8230	0.8201	5.0000	-9999.0000	-9999.0000	-9999.0000	-9999.0000	-9999.0000	-9999.0000	17.7921	6	0	24.8828	1.0000	11	2	-9999.0000	6777	36185	-9999	2261	2203	-9999	294.6954	5	0.5808	0.5876	-0.0005	41.7598	1.8899	476.0399	339.9088	35.2083	455.3134	95.3472	470.7754	94.8380	475.3749	95.1389	479.9399	95.0463	
13/08/2017	09:58:11	019001	G523040407HLR	L523	S		437.1395	1.0311	3.3065	99.9604	39.5500	0.8230	0.8262	5.0000	17.3624	508.0349	94.9769	13.1110	24.7000	0.9300	0.9384	0.5870	-0.0005	508.0000	507.1805	1.0285	10.1308	99.8587	39.0993	0.8230	0.8201	5.0000	-9999.0000	-9999.0000	-9999.0000	-9999.0000	-9999.0000	-9999.0000	17.8616	7	0	25.5138	1.0000	11	2	-9999.0000	6778	36186	-9999	2262	2204	-9999	294.9403	5	0.5810	0.5870	-0.0005	42.6646	1.7887	476.6404	346.1161	33.3333	456.7162	95.5093	470.9544	94.5833	476.1781	94.8843	480.6786	95.1157	
13/08/2017	09:58:37	019001	G523040406HLR	L523	S		443.2743	1.0311	3.0013	100.0409	39.5500	0.8230	0.8261	5.0000	17.3917	508.0681	95.0231	12.6715	24.7000	0.9300	0.9384	0.5865	-0.0005	508.0000	507.2157	1.0285	10.1349	99.9105	39.1000	0.8230	0.8200	5.0000	-9999.0000	-9999.0000	-9999.0000	-9999.0000	-9999.0000	-9999.0000	17.8519	8	0	26.3226	1.0000	11	2	-9999.0000	6779	36187	-9999	2263	2205	-9999	295.1058	5	0.5809	0.5865	-0.0005	39.9969	1.9835	480.5994	362.9429	35.8565	462.2917	95.2546	475.6675	94.7222	480.1487	94.9306	484.2732	95.1157	
13/08/2017	09:59:04	019001	G523040408HLR	L523	S		442.9346	1.0311	3.0182	99.9107	39.5032	0.8230	0.8261	5.0000	17.4327	508.0524	95.0231	12.6216	24.7000	0.9300	0.9384	0.5893	-0.0007	508.0000	508.0611	1.0285	10.2339	99.9966	39.1000	0.8230	0.8200	5.0000	-9999.0000	-9999.0000	-9999.0000	-9999.0000	-9999.0000	-9999.0000	17.7721	1	0	26.7035	1.0000	11	2	-9999.0000	6780	36188	-9999	2264	2206	-9999	295.2599	5	0.5807	0.5893	-0.0007	37.7030	2.1676	479.7359	354.1765	35.7870	461.6112	95.2083	474.7443	94.7454	479.1056	94.9769	483.2965	95.0694	
13/08/2017	09:59:29	019001	G523040409HLR	L523	S		443.3838	1.0311	2.9958	100.1187	39.5000	0.8230	0.8262	5.0000	17.3126	508.0535	94.9769	13.1617	24.7000	0.9300	0.9383	0.5931	-0.0010	508.0000	509.8968	1.0285	10.4490	99.9926	39.1000	0.8230	0.8199	5.0000	-9999.0000	-9999.0000	-9999.0000	-9999.0000	-9999.0000	-9999.0000	17.7218	2	0	24.9326	1.0000	11	2	-9999.0000	6781	36189	-9999	2265	2207	-9999	294.8655	5	0.5807	0.5931	-0.0010	31.2955	2.7076	475.2628	340.6665	35.4398	452.1846	95.3935	469.8577	94.7685	474.6006	94.9769	479.5427	95.0926	
13/08/2017	09:59:54	019001	G523041091HLR	L523	S		442.6614	1.0311	3.0318	99.9682	39.5357	0.8230	0.8262	5.0000	17.7413	508.0489	95.0000	12.0210	24.7000	0.9300	0.9383	0.5934	-0.0010	508.0000	505.0743	1.0285	9.8840	100.0122	39.1000	0.8230	0.8199	5.0000	-9999.0000	-9999.0000	-9999.0000	-9999.0000	-9999.0000	-9999.0000	17.8213	3	0	25.5030	1.0000	11	2	-9999.0000	6782	36190	-9999	2266	2208	-9999	295.5188	5	0.5807	0.5934	-0.0010	31.4447	2.7278	477.9058	342.6813	35.3472	455.4514	95.3472	471.7324	94.8380	477.1221	95.0926	481.6072	95.0000	
13/08/2017	10:00:19	019001	G523041100HLR	L523	S		439.6952	1.0311	3.1793	99.9980	39.5474	0.8230	0.8262	5.0000	17.5216	508.0426	94.8611	14.7821	24.7000	0.9300	0.9383	0.5872	-0.0005	508.0000	508.3428	1.0285	10.2669	99.8863	39.0966	0.8230	0.8199	5.0000	-9999.0000	-9999.0000	-9999.0000	-9999.0000	-9999.0000	-9999.0000	17.8118	4	0	25.3331	1.0000	11	2	-9999.0000	6783	36191	-9999	2267	2209	-9999	294.5328	5	0.5805	0.5872	-0.0005	21.7278	3.4362	474.7031	344.4024	35.3009	460.6457	95.3935	470.8606	94.9769	473.9857	95.2546	478.7490	94.8843	
13/08/2017	10:00:46	019001	G523041104HLR	L523	S		441.4146	1.0311	3.0938	99.9953	39.5500	0.8230	0.8261	5.0000	17.7918	508.0708	95.0231	12.8717	24.6000	0.9300	0.9383	0.5885	-0.0006	508.0000	506.5972	1.0285	10.0624	99.9205	39.1000	0.8230	0.8200	5.0000	-9999.0000	-9999.0000	-9999.0000	-9999.0000	-9999.0000	-9999.0000	17.7922	5	0	26.1838	1.0000	11	2	-9999.0000	6784	36192	-9999	2268	2210	-9999	295.0438	5	0.5805	0.5885	-0.0006	18.1905	3.7270	478.5460	350.0471	35.3935	461.9143	95.2315	473.0054	94.6065	478.0577	94.8148	482.1036	95.0926	
13/08/2017	10:01:10	019001	error reading	L523	S		0.0000	0.0000	0.0000	0.0000	0.0000	0.8230	0.0000	0.0000	0.0000	0.0000	0.0000	0.0000	0.0000	0.9300	0.0000	0.0000	0.0000	0.0000	0.0000	0.0000	0.0000	0.0000	0.0000	0.8230	0.0000	0.0000	0.0000	0.0000	0.0000	0.0000	0.0000	0.0000	0.0000	0	28	26.1838	1.0000	11	2	0.0000	0	0	0	0	0	0	0.0000	0	0.0000	0.0000	0.0000	0.0000	0.0000	0.0000	0.0000	0.0000	0.0000	0.0000	0.0000	0.0000	0.0000	0.0000	0.0000	0.0000	
13/08/2017	10:01:31	019001	G523041103HLR	L523	S		439.8256	1.0311	3.1729	99.9642	39.5500	0.8230	0.8261	5.0000	17.3515	508.0777	95.0000	12.6519	24.6000	0.9300	0.9382	0.5903	-0.0008	508.0000	507.0522	1.0285	10.1157	100.1031	39.1000	0.8230	0.8199	5.0000	-9999.0000	-9999.0000	-9999.0000	-9999.0000	-9999.0000	-9999.0000	18.0313	6	0	45.6354	1.0000	11	2	-9999.0000	6785	36193	-9999	2269	2211	-9999	295.0136	5	0.5803	0.5903	-0.0008	17.3320	3.7916	477.0166	334.3827	35.5787	456.0080	95.1157	470.9720	94.6528	476.5866	94.9306	480.6477	95.1157	
13/08/2017	10:01:57	019001	G523041102HLR	L523	S		444.4114	1.0311	2.9447	99.9944	39.5455	0.8230	0.8259	5.0000	18.2120	508.0875	95.0000	11.8208	24.7000	0.9300	0.9383	0.5954	-0.0011	508.0000	507.3475	1.0285	10.1503	99.9283	39.1000	0.8230	0.8199	5.0000	-9999.0000	-9999.0000	-9999.0000	-9999.0000	-9999.0000	-9999.0000	17.8818	7	0	25.6927	1.0000	11	2	-9999.0000	6786	36194	-9999	2270	2212	-9999	295.6990	5	0.5808	0.5954	-0.0011	18.0887	3.7256	479.4914	342.8370	34.9769	458.2131	95.5556	472.8461	95.0926	478.8574	95.4167	483.1595	94.9074	
13/08/2017	10:02:22	019001	G523041129HLR	L523	S		438.2781	1.0311	3.2498	99.9114	39.5000	0.8230	0.8260	5.0000	17.9513	508.0520	94.9537	13.8015	24.7000	0.9300	0.9384	0.5908	-0.0008	508.0000	505.4797	1.0285	9.9315	100.0258	39.0000	0.8230	0.8194	5.0000	-9999.0000	-9999.0000	-9999.0000	-9999.0000	-9999.0000	-9999.0000	17.9426	8	0	24.8935	1.0000	11	2	-9999.0000	6787	36195	-9999	2271	2213	-9999	294.6320	5	0.5806	0.5908	-0.0008	13.0575	4.1137	473.8201	340.7144	35.9259	455.3381	95.3009	468.8925	94.6991	473.3397	95.0000	478.3901	95.0926	
13/08/2017	10:02:47	019001	G523041413HLR	L523	S		436.8991	1.0311	3.3185	100.0846	39.5228	0.8230	0.8263	5.0000	17.2813	508.0681	94.9306	13.9812	24.7000	0.9300	0.9384	0.6049	-0.0018	508.0000	506.9085	1.0285	10.0989	100.0474	39.0000	0.8230	0.8200	5.0000	-9999.0000	-9999.0000	-9999.0000	-9999.0000	-9999.0000	-9999.0000	17.9719	1	0	25.5226	1.0000	11	2	-9999.0000	6788	36196	-9999	2272	2214	-9999	294.5050	5	0.5808	0.6049	-0.0018	13.2715	4.0577	465.9856	322.1406	36.0648	446.4555	95.2083	460.3203	94.8148	465.4573	95.1157	470.4392	95.0000	
13/08/2017	10:03:12	019001	G523041132HLR	L523	S		441.0433	1.0311	3.1123	100.0997	39.5500	0.8230	0.8262	5.0000	17.6114	508.0695	95.0926	12.3413	24.7000	0.9300	0.9384	0.6047	-0.0018	508.0000	507.4611	1.0285	10.1636	99.9404	39.0967	0.8230	0.8202	5.0000	-9999.0000	-9999.0000	-9999.0000	-9999.0000	-9999.0000	-9999.0000	17.8323	2	0	24.8332	1.0000	11	2	-9999.0000	6789	36197	-9999	2273	2215	-9999	295.9881	5	0.5809	0.6047	-0.0018	11.4832	4.2542	472.7953	361.1485	36.4815	453.1538	95.2315	466.2395	94.7454	472.0373	94.9537	476.8948	95.0926	
13/08/2017	10:03:38	019001	G523041131HLR	L523	S		450.5667	1.0311	2.6385	99.9498	39.5500	0.8230	0.8261	5.0000	17.5421	508.0669	95.0463	9.8010	24.8000	0.9300	0.9384	0.5974	-0.0012	508.0000	508.9210	1.0285	10.3347	99.9896	39.1333	0.8230	0.8201	5.0000	-9999.0000	-9999.0000	-9999.0000	-9999.0000	-9999.0000	-9999.0000	17.9415	3	0	25.4530	1.0000	11	2	-9999.0000	6790	36198	-9999	2274	2216	-9999	297.4287	5	0.5814	0.5974	-0.0012	32.2666	2.6124	484.4648	324.8088	35.7639	463.0720	94.7222	477.5976	94.3519	483.8171	94.5370	489.1126	95.0463	
13/08/2017	10:04:03	019001	G523041122HLR	L523	S		442.3413	1.0311	3.0477	99.9492	39.5500	0.8230	0.8257	5.0000	17.5724	508.0572	94.9769	12.5513	24.8000	0.9300	0.9386	0.5961	-0.0011	508.0000	507.5967	1.0285	10.1795	99.9791	39.1254	0.8230	0.8199	5.0000	-9999.0000	-9999.0000	-9999.0000	-9999.0000	-9999.0000	-9999.0000	17.8713	4	0	25.3030	1.0000	11	2	-9999.0000	6791	36199	-9999	2275	2217	-9999	295.8317	5	0.5817	0.5961	-0.0011	38.9300	2.0526	475.6081	329.3791	33.4491	454.9796	95.3935	468.5171	94.6759	475.1556	94.9074	480.0145	95.0463	
13/08/2017	10:04:33	019001	G523041400HLR	L523	S		0.0000	0.0000	0.0000	0.0000	0.0000	0.8230	0.0000	0.0000	0.0000	0.0000	0.0000	0.0000	0.0000	0.9300	0.0000	0.0000	0.0000	0.0000	0.0000	0.0000	0.0000	0.0000	0.0000	0.8230	0.0000	0.0000	0.0000	0.0000	0.0000	0.0000	0.0000	0.0000	0.0000	0	42	25.3030	1.0000	11	2	0.0000	0	0	0	0	0	0	0.0000	0	0.0000	0.0000	0.0000	0.0000	0.0000	0.0000	0.0000	0.0000	0.0000	0.0000	0.0000	0.0000	0.0000	0.0000	0.0000	0.0000	
