Data	Timp	Nr. masina	Nr. de serie	Tip	Productie	Comentariu	Pre-masurare Q [ml/min]	Pre-masurare Gain	Pre-masurare Offset Master	Pre-masurare P [bar]	Pre-masurare T [°C]	Pre-masurare Densitate fixa [kg/l]	Pre-masurare densitate masurata [kg/l]	Pre-masurare Timp masurare [s]	Pre-masurare Cycle time [s]	rectificare Q Oprire [ml/min]	rectificare P Oprire [bar]	rectificare Timp rectificare [s]	rectificare T [°C]	rectificare Densitate fixa [kg/l]	rectificare densitate masurata [kg/l]	rectificare Factor de masurare la rectificare	rectificare Factor de corectie a debitului	rectificare Target rectificare	Masurare Q [ml/min]	Masurare Gain	Masurare Offset Master	Masurare P [bar]	Masurare T [°C]	Masurare Densitate fixa [kg/l]	Masurare densitate masurata [kg/l]	Masurare Timp masurare [s]	Masurare Q [ml/min]	Masurare Delta Q [ml/min]	Masurare P [bar]	Masurare BP [bar]	Masurare T [°C]	Masurare Timp masurare [s]	Masurare Cycle time [s]	Nest Nr.	Cod de descarcare	Cycle time [s]	Traceability aktiv	EDM Maschine Nr	EDM Spindle Nr	Honing Rate [r	Station Counter Premeasure	Station Counter Grind	Station Counter Blowout 1	Station Counter Wash	Station Counter Measure	Station Counter Blowout 2	RealGrindQStop	Reg Type	Factor 0	Factor 1	Factor 2	Factor 3	Factor 4	G_StartQV	G_StartQV_1	G_StartQV_2	G_StartQV_3	G_StartQV_4	G_StartQV_5	
14/08/2017	06:03:47	019001	G523044636HLR	L523	S		440.8568	1.0311	3.1216	100.0141	39.5278	0.8230	0.8259	5.0000	17.3310	508.0593	94.9769	13.2311	25.4000	0.9300	0.9375	0.5924	-0.0004	508.0000	505.6421	1.0285	9.9505	99.9142	38.6333	0.8230	0.8211	5.0000	-9999.0000	-9999.0000	-9999.0000	-9999.0000	-9999.0000	-9999.0000	18.2823	1	0	17.2013	1.0000	04	3	-9999.0000	7930	37307	-9999	502	480	-9999	298.3379	5	0.5876	0.5924	-0.0004	45.7676	1.6597	477.2973	323.3015	34.4676	456.8444	94.4213	472.0971	94.0509	476.8398	94.2130	480.9682	94.9537	
14/08/2017	06:18:38	019001	G523044655HLR	L523	S		437.3902	1.0311	3.2940	100.0093	39.5255	0.8230	0.8272	5.0000	17.6854	508.0339	95.0000	17.8127	24.6000	0.9300	0.9390	0.5923	-0.0004	508.0000	510.1916	1.0285	10.4835	100.0148	38.6314	0.8230	0.8210	5.0000	-9999.0000	-9999.0000	-9999.0000	-9999.0000	-9999.0000	-9999.0000	18.2315	2	0	25.5929	1.0000	04	2	-9999.0000	7931	37308	-9999	503	481	-9999	297.7036	5	0.5881	0.5923	-0.0004	46.2186	1.5644	462.0806	313.0646	35.6713	449.0664	93.6111	458.1275	92.7546	461.5922	92.9630	467.7450	95.5093	
14/08/2017	06:19:08	019001	G523044640HLR	L523	S		436.4162	1.0311	3.3425	99.9785	39.3457	0.8230	0.8273	5.0000	17.4024	508.0504	95.0000	18.2219	24.5000	0.9300	0.9385	0.5923	-0.0004	508.0000	510.8924	1.0285	10.5656	99.9329	38.7333	0.8230	0.8208	5.0000	-9999.0000	-9999.0000	-9999.0000	-9999.0000	-9999.0000	-9999.0000	17.6222	3	0	30.0036	1.0000	04	2	-9999.0000	7932	37309	-9999	504	482	-9999	297.6529	5	0.5881	0.5923	-0.0004	46.2186	1.5644	464.0512	334.4920	34.8611	446.7504	95.0926	458.7258	94.3750	463.5713	94.5833	467.9252	95.1157	
14/08/2017	06:19:33	019001	G523044850HLR	L523	S		436.7350	1.0311	3.3266	100.0574	39.3890	0.8230	0.8280	5.0000	17.0919	508.0629	94.9769	18.9925	24.4000	0.9300	0.9383	0.5923	-0.0004	508.0000	511.8185	1.0285	10.6741	99.9879	38.6661	0.8230	0.8209	5.0000	-9999.0000	-9999.0000	-9999.0000	-9999.0000	-9999.0000	-9999.0000	18.7717	4	0	25.0332	1.0000	04	2	-9999.0000	7933	37310	-9999	505	483	-9999	297.5139	5	0.5881	0.5923	-0.0004	46.2186	1.5644	461.3317	334.2688	36.0417	443.7617	94.8148	456.6079	94.3981	460.8162	94.6296	465.8638	95.1389	
14/08/2017	06:20:02	019001	G523044846HLR	L523	S		435.4113	1.0311	3.3925	100.0128	39.4870	0.8230	0.8282	5.0000	17.1827	508.0407	94.9769	17.9426	24.4000	0.9300	0.9383	0.5932	-0.0004	508.0000	509.5512	1.0285	10.4085	100.0151	38.7233	0.8230	0.8203	5.0000	-9999.0000	-9999.0000	-9999.0000	-9999.0000	-9999.0000	-9999.0000	17.7921	5	0	29.3131	1.0000	04	2	-9999.0000	7934	37310	-9999	506	484	-9999	297.6925	5	0.5878	0.5932	-0.0004	47.7819	1.4117	462.9084	337.4042	35.9028	447.3496	94.8843	458.0895	94.5139	462.5022	94.7454	466.8419	95.1852	
14/08/2017	06:20:28	019001	G523044841HLR	L523	S		436.6117	1.0311	3.3328	100.0005	39.5405	0.8230	0.8280	5.0000	17.2823	508.0472	94.9769	14.0720	24.4000	0.9300	0.9383	0.5932	-0.0004	508.0000	513.7649	1.0285	10.9022	99.9026	38.6659	0.8230	0.8210	5.0000	-9999.0000	-9999.0000	-9999.0000	-9999.0000	-9999.0000	-9999.0000	17.7325	6	2	26.0139	1.0000	04	2	-9999.0000	7935	37311	-9999	507	485	-9999	298.2992	5	0.5878	0.5932	-0.0004	47.7819	1.4117	473.9031	331.9335	36.8519	450.8858	94.8148	467.2312	94.6296	473.0852	94.9074	478.7121	95.2315	
14/08/2017	06:20:54	019001	G523044829HLR	L523	S		438.1299	1.0311	3.2572	99.9457	39.5272	0.8230	0.8273	5.0000	18.2218	508.0411	94.9537	17.8723	24.4000	0.9300	0.9385	0.5962	-0.0007	508.0000	510.6126	1.0285	10.5329	99.9248	38.7548	0.8230	0.8204	5.0000	-9999.0000	-9999.0000	-9999.0000	-9999.0000	-9999.0000	-9999.0000	17.8322	7	0	25.5823	1.0000	04	2	-9999.0000	7936	37312	-9999	508	486	-9999	297.0884	5	0.5867	0.5962	-0.0007	47.2372	1.4563	465.5587	337.5044	34.6991	447.3136	95.1852	460.1799	95.0926	465.0557	95.4398	468.4033	94.8843	
14/08/2017	06:21:36	019001	G523044821HLR	L523	S		444.5425	1.0311	2.9382	99.9842	39.4229	0.8230	0.8276	5.0000	17.2121	508.0697	94.9769	11.5912	24.4000	0.9300	0.9384	0.5962	-0.0007	508.0000	511.9205	1.0285	10.6861	100.0634	38.7127	0.8230	0.8210	5.0000	-9999.0000	-9999.0000	-9999.0000	-9999.0000	-9999.0000	-9999.0000	17.8322	8	0	42.5958	1.0000	04	2	-9999.0000	7937	37313	-9999	509	487	-9999	298.9708	5	0.5867	0.5962	-0.0007	47.2372	1.4563	481.3164	314.2121	34.3287	457.8780	94.8843	474.7627	94.6296	480.7357	94.9306	485.5413	95.2315	
14/08/2017	06:22:00	019001	G523044819HLR	L523	S		436.5039	1.0311	3.3381	100.0362	39.4474	0.8230	0.8278	5.0000	17.3721	508.0632	94.9306	17.1222	24.4000	0.9300	0.9386	0.5972	-0.0008	508.0000	508.5395	1.0285	10.2900	99.9426	38.8333	0.8230	0.8210	5.0000	-9999.0000	-9999.0000	-9999.0000	-9999.0000	-9999.0000	-9999.0000	17.6526	1	0	23.4122	1.0000	04	2	-9999.0000	7938	37314	-9999	510	488	-9999	296.8574	5	0.5858	0.5972	-0.0008	45.5092	1.5765	464.5291	316.5052	33.9815	442.8374	95.4167	457.7173	95.3704	463.8555	95.6481	467.5492	94.9074	
14/08/2017	06:22:25	019001	G523045343HLR	L523	S		441.7930	1.0311	3.0750	100.0157	39.4625	0.8230	0.8277	5.0000	17.7619	508.0530	94.9306	14.5017	24.4000	0.9300	0.9385	0.5972	-0.0008	508.0000	513.6081	1.0285	10.8838	99.9986	38.7333	0.8230	0.8207	5.0000	-9999.0000	-9999.0000	-9999.0000	-9999.0000	-9999.0000	-9999.0000	17.8626	2	2	25.0232	1.0000	04	2	-9999.0000	7939	37315	-9999	511	489	-9999	297.8878	5	0.5858	0.5972	-0.0008	45.5092	1.5765	472.0406	307.2326	34.6296	449.4327	95.2778	465.8258	95.2315	471.4148	95.4630	475.8877	94.9306	
14/08/2017	06:23:15	019001	G523045342HLR	L523	S		435.8519	1.0311	3.3706	100.0194	39.5388	0.8230	0.8282	5.0000	17.4015	417.2582	95.0000	31.0037	24.4000	0.9300	0.9387	0.5921	-0.0005	508.0000	515.6762	1.0285	10.8703	100.0389	38.8333	0.8230	0.8207	5.0000	-9999.0000	-9999.0000	-9999.0000	-9999.0000	-9999.0000	-9999.0000	17.7617	4	2	24.9131	1.0000	04	2	-9999.0000	7941	37316	-9999	513	491	-9999	239.8271	5	0.5840	0.5921	-0.0005	56.0703	0.9714	291.1847	334.0532	36.0417	441.9228	94.9306	458.3746	94.9074	337.4690	96.6667	301.2750	94.4907	
14/08/2017	06:24:33	019001	G523045322HLR	L523	Q		440.5781	1.0311	3.1354	99.9975	39.4970	0.8230	0.8266	5.0000	17.5919	508.0453	95.0463	11.4320	24.6000	0.9300	0.9389	0.5823	0.0000	508.0000	508.7439	1.0285	10.3139	100.0521	38.7000	0.8230	0.8206	5.0000	-9999.0000	-9999.0000	-9999.0000	-9999.0000	-9999.0000	-9999.0000	17.9025	7	0	25.5530	1.0000	04	2	-9999.0000	7944	37317	-9999	516	492	-9999	295.9636	5	0.5833	0.5823	0.0000	53.6664	1.1059	481.7920	334.0832	36.3194	464.0449	93.2176	476.7284	93.1944	481.2409	93.3565	485.8418	95.1157	
14/08/2017	06:25:00	019001	G523045326HLR	L523	Q		444.0861	1.0311	2.9609	100.0284	39.3737	0.8230	0.8271	5.0000	17.1317	508.0461	95.0463	10.6106	24.5000	0.9300	0.9389	0.5817	0.0001	508.0000	507.8213	1.0285	10.2058	99.9472	38.8480	0.8230	0.8213	5.0000	-9999.0000	-9999.0000	-9999.0000	-9999.0000	-9999.0000	-9999.0000	17.8624	8	0	27.8527	1.0000	04	2	-9999.0000	7945	37318	-9999	517	493	-9999	295.8236	5	0.5729	0.5817	0.0001	62.4806	0.5957	487.9950	342.0314	36.7824	469.5070	93.9352	481.3365	94.1204	487.3876	94.3981	491.9275	94.9537	
14/08/2017	06:25:51	019001	G523045595HLR	L523	S		439.2529	1.0311	3.2013	100.0385	39.5357	0.8230	0.8277	5.0000	17.9827	508.0421	94.9074	15.0721	24.6000	0.9300	0.9390	0.5817	0.0001	508.0000	510.3343	1.0285	10.5003	99.9764	38.6667	0.8230	0.8202	5.0000	-9999.0000	-9999.0000	-9999.0000	-9999.0000	-9999.0000	-9999.0000	17.8918	2	0	24.8731	1.0000	04	2	-9999.0000	7947	37319	-9999	519	494	-9999	295.9365	5	0.5729	0.5817	0.0001	62.4806	0.5957	474.7570	326.6230	36.1343	455.5272	93.9815	469.5733	94.0278	474.4132	94.2130	478.3867	94.9306	
14/08/2017	06:26:17	019001	G523045596HLR	L523	S		444.5111	1.0311	2.9397	99.9519	39.5821	0.8230	0.8279	5.0000	17.3126	508.0151	94.9769	11.8411	24.5000	0.9300	0.9388	0.5813	0.0001	508.0000	508.4292	1.0285	10.2771	100.0232	38.7904	0.8230	0.8213	5.0000	-9999.0000	-9999.0000	-9999.0000	-9999.0000	-9999.0000	-9999.0000	17.7022	3	0	25.5529	1.0000	04	2	-9999.0000	7948	37320	-9999	520	495	-9999	295.7072	5	0.5728	0.5813	0.0001	61.8879	0.6279	485.8060	336.7900	36.5278	470.0613	94.4676	480.0939	94.5602	485.3633	94.8380	489.4541	95.0463	
14/08/2017	06:26:41	019001	G523044059HLR	L523	S		438.5731	1.0311	3.2352	100.0117	39.5824	0.8230	0.8276	5.0000	17.2823	508.0424	94.8843	16.3223	24.5000	0.9300	0.9387	0.5820	0.0000	508.0000	508.2004	1.0285	10.2503	99.9811	38.9535	0.8230	0.8212	5.0000	-9999.0000	-9999.0000	-9999.0000	-9999.0000	-9999.0000	-9999.0000	17.7725	4	0	24.9131	1.0000	04	2	-9999.0000	7949	37321	-9999	521	496	-9999	295.8865	5	0.5729	0.5820	0.0000	60.3681	0.6971	474.5533	315.6963	34.5833	453.0921	94.5833	469.9712	94.7222	474.0014	94.9306	477.7634	95.0463	
14/08/2017	06:27:07	019001	G523045316HLR	L523	S		443.3101	1.0311	2.9995	99.9859	39.5223	0.8230	0.8271	5.0000	17.7423	508.0414	94.9306	12.1811	24.4000	0.9300	0.9386	0.5820	0.0000	508.0000	510.4959	1.0285	10.5192	100.0032	38.8333	0.8230	0.8206	5.0000	-9999.0000	-9999.0000	-9999.0000	-9999.0000	-9999.0000	-9999.0000	17.7227	5	0	25.4825	1.0000	04	2	-9999.0000	7949	37322	-9999	522	497	-9999	295.8353	5	0.5729	0.5820	0.0000	60.3681	0.6971	484.1704	312.5847	35.2083	458.5946	94.7222	478.5000	94.7917	483.8747	94.9537	487.7308	95.0463	
14/08/2017	06:27:32	019001	G523045312HLR	L523	S		441.0873	1.0311	3.1101	100.0221	39.4505	0.8230	0.8274	5.0000	17.3518	508.0261	94.8843	12.4517	24.4000	0.9300	0.9386	0.5811	0.0001	508.0000	510.0496	1.0285	10.4669	99.8601	38.8917	0.8230	0.8209	5.0000	-9999.0000	-9999.0000	-9999.0000	-9999.0000	-9999.0000	-9999.0000	17.8918	6	0	24.9629	1.0000	04	2	-9999.0000	7950	37323	-9999	523	497	-9999	295.7011	5	0.5728	0.5811	0.0001	60.4316	0.6762	483.7998	310.8894	34.8380	463.6298	94.7917	478.4637	94.8148	483.2981	95.0926	487.2521	94.9537	
14/08/2017	06:28:01	019001	G523045629HLR	L523	S		439.7066	1.0311	3.1788	100.0093	39.4521	0.8230	0.8274	5.0000	17.8526	508.0146	94.9306	12.8316	24.4000	0.9300	0.9386	0.5827	-0.0001	508.0000	506.6012	1.0285	10.0629	100.0265	38.9239	0.8230	0.8205	5.0000	-9999.0000	-9999.0000	-9999.0000	-9999.0000	-9999.0000	-9999.0000	17.5129	7	0	28.7242	1.0000	04	2	-9999.0000	7951	37324	-9999	524	498	-9999	295.6060	5	0.5726	0.5827	-0.0001	58.5350	0.7523	481.8850	326.5208	34.6296	465.3777	94.8843	476.7837	94.6759	481.2130	94.9074	485.5465	95.0926	
14/08/2017	06:28:26	019001	G523045623HLR	L523	S		441.0031	1.0311	3.1143	100.0842	39.4561	0.8230	0.8277	5.0000	17.3624	508.0602	94.8611	13.1412	24.4000	0.9300	0.9386	0.5825	-0.0000	508.0000	508.5294	1.0285	10.2888	99.9293	38.8333	0.8230	0.8205	5.0000	-9999.0000	-9999.0000	-9999.0000	-9999.0000	-9999.0000	-9999.0000	17.7823	8	0	24.9826	1.0000	04	2	-9999.0000	7952	37325	-9999	525	498	-9999	295.7364	5	0.5730	0.5825	-0.0000	58.6417	0.7287	481.2788	335.8623	35.8102	461.7166	94.5833	476.2918	94.6528	480.9466	94.9306	484.6459	95.0926	
14/08/2017	06:28:53	019001	G523045335HLR	L523	S		444.9189	1.0311	2.9195	100.0368	39.5087	0.8230	0.8278	5.0000	17.1427	508.0520	94.9769	9.9807	24.5000	0.9300	0.9386	0.5813	0.0000	508.0000	507.4664	1.0285	10.1643	99.9563	38.9212	0.8230	0.8209	5.0000	-9999.0000	-9999.0000	-9999.0000	-9999.0000	-9999.0000	-9999.0000	17.6621	1	0	27.3030	1.0000	04	2	-9999.0000	7953	37326	-9999	526	499	-9999	295.5354	5	0.5727	0.5813	0.0000	58.4754	0.7269	480.1081	339.3277	36.9444	457.5068	94.5602	473.5475	94.7454	479.4862	95.0000	480.6588	94.9306	
14/08/2017	06:29:18	019001	G523045631HLR	L523	S		439.7272	1.0311	3.1778	100.0057	39.5264	0.8230	0.8276	5.0000	17.3018	508.0240	94.9074	13.3815	24.5000	0.9300	0.9387	0.5813	0.0000	508.0000	508.8219	1.0285	10.3231	99.9612	38.9667	0.8230	0.8207	5.0000	-9999.0000	-9999.0000	-9999.0000	-9999.0000	-9999.0000	-9999.0000	17.5918	2	0	24.9227	1.0000	04	2	-9999.0000	7954	37327	-9999	527	500	-9999	295.5630	5	0.5724	0.5813	0.0000	58.9066	0.7096	480.1639	337.6640	36.0648	463.1780	94.4676	474.6056	94.6296	479.8445	94.8611	483.7653	95.0926	
14/08/2017	06:29:43	019001	G523045497HLR	L523	S		437.0113	1.0311	3.3129	100.0418	39.5051	0.8230	0.8276	5.0000	17.1122	508.0528	94.9074	16.6416	24.5000	0.9300	0.9387	0.5823	-0.0001	508.0000	510.2211	1.0285	10.4870	99.9446	38.9000	0.8230	0.8205	5.0000	-9999.0000	-9999.0000	-9999.0000	-9999.0000	-9999.0000	-9999.0000	17.7218	3	0	25.4631	1.0000	04	2	-9999.0000	7955	37328	-9999	528	501	-9999	295.0932	5	0.5727	0.5823	-0.0001	58.1856	0.7153	473.1708	344.4398	35.1620	458.3336	94.6991	468.1729	94.9306	472.7281	95.2315	476.4251	94.9537	
14/08/2017	06:30:37	019001	G523045499HLR	L523	S		435.6004	1.0311	3.3831	100.0558	39.5075	0.8230	0.8276	5.0000	17.2422	508.0366	94.9074	15.1717	24.6000	0.9300	0.9388	0.5833	-0.0001	508.0000	507.8103	1.0285	10.2046	99.9675	38.8623	0.8230	0.8203	5.0000	-9999.0000	-9999.0000	-9999.0000	-9999.0000	-9999.0000	-9999.0000	17.8516	5	0	28.3843	1.0000	04	2	-9999.0000	7957	37329	-9999	529	502	-9999	295.2744	5	0.5815	0.5833	-0.0001	51.9526	1.1889	471.8792	325.5023	34.9537	452.6468	94.3056	466.9327	94.2361	471.3148	94.4676	475.9882	95.0463	
14/08/2017	06:31:54	019001	G523045523HLR	L523	S		441.1714	1.0311	3.1059	100.0360	39.5702	0.8230	0.8274	5.0000	17.1915	508.0603	94.9769	13.9616	24.6000	0.9300	0.9390	0.5849	-0.0003	508.0000	505.7471	1.0285	9.9628	99.9406	38.7667	0.8230	0.8204	5.0000	-9999.0000	-9999.0000	-9999.0000	-9999.0000	-9999.0000	-9999.0000	17.8917	8	0	26.5628	1.0000	04	2	-9999.0000	7960	37330	-9999	532	503	-9999	295.1233	5	0.5810	0.5849	-0.0003	47.5236	1.5454	475.5963	330.7003	34.7917	459.4639	94.2130	470.8581	94.0741	474.9962	94.2130	479.2989	95.0000	
14/08/2017	06:32:22	019001	G523045533HLR	L523	S		438.0931	1.0311	3.2590	100.0272	39.5113	0.8230	0.8275	5.0000	17.2217	508.0586	94.9074	16.2519	24.5000	0.9300	0.9388	0.5837	-0.0002	508.0000	507.9557	1.0285	10.2216	99.9471	38.8900	0.8230	0.8212	5.0000	-9999.0000	-9999.0000	-9999.0000	-9999.0000	-9999.0000	-9999.0000	17.7119	1	0	28.1832	1.0000	04	2	-9999.0000	7961	37331	-9999	533	504	-9999	295.0344	5	0.5812	0.5837	-0.0002	47.9848	1.5114	473.7839	332.7839	35.9722	464.0603	94.9769	469.0496	95.0694	473.4160	95.2778	476.7610	94.9537	
14/08/2017	06:32:49	019001	G523046344HLR	L523	S		440.2245	1.0311	3.1530	100.0517	39.4962	0.8230	0.8275	5.0000	17.1720	508.0518	94.9074	13.2417	24.4000	0.9300	0.9384	0.5837	-0.0002	508.0000	509.4680	1.0285	10.3988	100.0676	39.0170	0.8230	0.8210	5.0000	-9999.0000	-9999.0000	-9999.0000	-9999.0000	-9999.0000	-9999.0000	17.9122	2	0	27.0940	1.0000	04	2	-9999.0000	7962	37332	-9999	534	504	-9999	295.3190	5	0.5812	0.5837	-0.0002	47.9848	1.5114	480.7967	320.5024	36.2963	463.7661	94.9306	477.3128	95.0463	480.1669	95.2315	484.3013	94.9769	
14/08/2017	06:33:15	019001	G523046327HLR	L523	S		443.0081	1.0311	3.0145	99.9574	39.5076	0.8230	0.8276	5.0000	17.1417	508.0571	94.9074	12.8912	24.4000	0.9300	0.9384	0.5837	-0.0002	508.0000	508.6367	1.0285	10.3014	99.8438	38.9535	0.8230	0.8204	5.0000	-9999.0000	-9999.0000	-9999.0000	-9999.0000	-9999.0000	-9999.0000	17.9719	3	0	26.1731	1.0000	04	2	-9999.0000	7963	37333	-9999	535	505	-9999	295.3569	5	0.5812	0.5837	-0.0002	47.9848	1.5114	481.1262	323.2543	33.6343	461.4816	94.7454	476.0317	94.7222	480.5558	95.0000	484.3709	95.0000	
14/08/2017	06:33:42	019001	G523045490HLR	L523	S		439.7362	1.0311	3.1773	99.9988	39.4772	0.8230	0.8276	5.0000	17.1621	508.0470	94.9074	15.0116	24.4000	0.9300	0.9385	0.5835	-0.0002	508.0000	508.0297	1.0285	10.2303	100.0111	38.9493	0.8230	0.8206	5.0000	-9999.0000	-9999.0000	-9999.0000	-9999.0000	-9999.0000	-9999.0000	17.9318	4	0	26.1729	1.0000	04	2	-9999.0000	7964	37334	-9999	536	506	-9999	295.2757	5	0.5813	0.5835	-0.0002	50.5388	1.3093	476.1796	321.8623	32.9861	455.0438	94.8843	471.6003	94.7222	475.6883	95.0231	479.7563	95.0463	
14/08/2017	06:34:07	019001	G523046303HLR	L523	S		433.7619	1.0311	3.4745	99.9714	39.4912	0.8230	0.8276	5.0000	17.2421	508.0286	94.8611	16.0127	24.4000	0.9300	0.9385	0.5859	-0.0003	508.0000	507.6302	1.0285	10.1835	99.9604	38.9828	0.8230	0.8207	5.0000	-9999.0000	-9999.0000	-9999.0000	-9999.0000	-9999.0000	-9999.0000	17.8419	5	0	25.5724	1.0000	04	2	-9999.0000	7965	37335	-9999	537	507	-9999	294.9556	5	0.5812	0.5859	-0.0003	50.1707	1.3431	472.6147	316.3979	33.0556	455.4215	95.0000	466.9246	94.8611	471.8373	95.1157	475.1612	94.9769	
14/08/2017	06:34:35	019001	G523045531HLR	L523	S		433.9797	1.0311	3.4637	99.9876	39.5220	0.8230	0.8276	5.0000	17.3126	508.0433	94.8843	15.5419	24.4000	0.9300	0.9384	0.5859	-0.0003	508.0000	507.8627	1.0285	10.2107	99.9266	39.0000	0.8230	0.8206	5.0000	-9999.0000	-9999.0000	-9999.0000	-9999.0000	-9999.0000	-9999.0000	17.8625	6	0	27.3637	1.0000	04	2	-9999.0000	7966	37336	-9999	538	508	-9999	294.9758	5	0.5812	0.5859	-0.0003	50.1707	1.3431	473.2022	324.9718	33.2870	449.3099	94.7454	467.5655	94.6296	472.5326	94.8843	476.3323	95.1157	
14/08/2017	06:35:00	019001	G523045529HLR	L523	S		441.9886	1.0311	3.0652	100.0700	39.5465	0.8230	0.8276	5.0000	17.2823	508.0311	94.9537	14.0017	24.4000	0.9300	0.9384	0.5863	-0.0004	508.0000	508.8762	1.0285	10.3294	99.9512	39.0000	0.8230	0.8206	5.0000	-9999.0000	-9999.0000	-9999.0000	-9999.0000	-9999.0000	-9999.0000	17.8615	7	0	25.6027	1.0000	04	2	-9999.0000	7967	37337	-9999	539	509	-9999	295.2795	5	0.5813	0.5863	-0.0004	48.2455	1.4501	478.2716	342.1383	35.9028	453.3603	94.7454	472.5658	94.7454	477.8571	95.0231	481.4588	95.0000	
14/08/2017	06:35:27	019001	G523046313HLR	L523	S		434.4995	1.0311	3.4378	99.9767	39.5800	0.8230	0.8266	5.0000	20.2523	508.0310	94.9306	14.6219	24.4000	0.9300	0.9385	0.5845	-0.0002	508.0000	506.9251	1.0285	10.1008	99.9914	39.0000	0.8230	0.8205	5.0000	-9999.0000	-9999.0000	-9999.0000	-9999.0000	-9999.0000	-9999.0000	17.6621	8	0	26.5832	1.0000	04	2	-9999.0000	7968	37338	-9999	540	510	-9999	295.1523	5	0.5811	0.5845	-0.0002	48.8937	1.3869	476.4421	351.6811	38.2639	458.2845	94.7685	471.4522	94.7222	476.0181	95.0000	480.3159	95.0694	
14/08/2017	06:35:51	019001	error reading	L523	S		0.0000	0.0000	0.0000	0.0000	0.0000	0.8230	0.0000	0.0000	0.0000	0.0000	0.0000	0.0000	0.0000	0.9300	0.0000	0.0000	0.0000	0.0000	0.0000	0.0000	0.0000	0.0000	0.0000	0.8230	0.0000	0.0000	0.0000	0.0000	0.0000	0.0000	0.0000	0.0000	0.0000	0	28	26.5832	1.0000	04	2	0.0000	0	0	0	0	0	0	0.0000	0	0.0000	0.0000	0.0000	0.0000	0.0000	0.0000	0.0000	0.0000	0.0000	0.0000	0.0000	0.0000	0.0000	0.0000	0.0000	0.0000	
14/08/2017	06:36:12	019001	G523046307HLR	L523	S		443.5423	1.0311	2.9879	100.0192	39.4952	0.8230	0.8274	5.0000	17.2519	508.0684	94.9769	11.6313	24.4000	0.9300	0.9385	0.5839	-0.0002	508.0000	507.5597	1.0285	10.1752	99.9171	39.0000	0.8230	0.8205	5.0000	-9999.0000	-9999.0000	-9999.0000	-9999.0000	-9999.0000	-9999.0000	17.8517	1	0	45.3355	1.0000	04	2	-9999.0000	7969	37339	-9999	541	511	-9999	295.5169	5	0.5810	0.5839	-0.0002	47.0407	1.5354	484.1981	338.4964	35.9259	462.5443	94.6065	478.7707	94.7685	483.6401	94.9537	487.2400	95.0463	
14/08/2017	06:36:38	019001	G523046311HLR	L523	S		434.9165	1.0311	3.4171	100.0104	39.5246	0.8230	0.8277	5.0000	17.0820	508.0439	94.8843	15.8417	24.4000	0.9300	0.9386	0.5839	-0.0002	508.0000	507.4410	1.0285	10.1613	99.9279	39.0000	0.8230	0.8205	5.0000	-9999.0000	-9999.0000	-9999.0000	-9999.0000	-9999.0000	-9999.0000	17.8819	2	0	25.6838	1.0000	04	2	-9999.0000	7970	37340	-9999	542	512	-9999	295.0623	5	0.5808	0.5839	-0.0002	39.5943	2.0302	474.9523	344.9380	35.5787	456.9142	94.7917	469.2401	94.6991	474.2378	95.0231	478.0771	95.0463	
14/08/2017	06:37:06	019001	G523046314HLR	L523	S		439.9790	1.0311	3.1652	100.0776	39.5347	0.8230	0.8276	5.0000	17.1114	508.0389	94.9769	11.6811	24.4000	0.9300	0.9385	0.5839	-0.0002	508.0000	507.0076	1.0285	10.1105	100.0270	38.9267	0.8230	0.8201	5.0000	-9999.0000	-9999.0000	-9999.0000	-9999.0000	-9999.0000	-9999.0000	18.0120	3	0	28.2231	1.0000	04	2	-9999.0000	7971	37341	-9999	543	513	-9999	295.4940	5	0.5808	0.5839	-0.0002	39.5943	2.0302	484.3661	332.4576	35.9259	463.3822	94.6528	478.3527	94.7917	483.7510	95.0463	488.1300	94.9769	
14/08/2017	06:37:33	019001	G523046294HLR	L523	S		439.6862	1.0311	3.1798	100.0570	39.5473	0.8230	0.8275	5.0000	17.3522	508.0385	94.8843	15.0613	24.4000	0.9300	0.9385	0.5839	-0.0002	508.0000	507.6445	1.0285	10.1851	99.8555	38.9285	0.8230	0.8206	5.0000	-9999.0000	-9999.0000	-9999.0000	-9999.0000	-9999.0000	-9999.0000	17.8322	4	0	27.2328	1.0000	04	2	-9999.0000	7972	37342	-9999	544	514	-9999	295.1419	5	0.5812	0.5839	-0.0002	39.6021	2.0539	475.4677	341.1349	36.0880	459.5511	94.6528	469.9486	94.7685	475.0299	94.9769	478.7047	95.0463	
14/08/2017	06:38:03	019001	G523046295HLR	L523	S		435.2982	1.0311	3.3981	100.0451	39.5170	0.8230	0.8275	5.0000	17.3223	508.0544	94.8843	15.0223	24.4000	0.9300	0.9385	0.5828	-0.0001	508.0000	507.9792	1.0285	10.2243	100.0154	39.0313	0.8230	0.8208	5.0000	-9999.0000	-9999.0000	-9999.0000	-9999.0000	-9999.0000	-9999.0000	17.7823	5	0	30.2439	1.0000	04	2	-9999.0000	7973	37343	-9999	545	515	-9999	295.2732	5	0.5812	0.5828	-0.0001	41.7643	1.8943	476.3523	332.5559	36.2037	461.2646	94.7685	470.8492	94.7685	475.6299	95.0694	479.3812	95.0694	
14/08/2017	06:38:31	019001	G523046263HLR	L523	S		435.2093	1.0311	3.4025	99.9728	39.5213	0.8230	0.8276	5.0000	17.0419	508.0348	94.9537	14.1218	24.5000	0.9300	0.9387	0.5828	-0.0001	508.0000	505.9433	1.0285	9.9858	100.0089	39.0333	0.8230	0.8206	5.0000	-9999.0000	-9999.0000	-9999.0000	-9999.0000	-9999.0000	-9999.0000	17.7121	6	0	27.6439	1.0000	04	2	-9999.0000	7974	37344	-9999	546	516	-9999	295.3110	5	0.5810	0.5828	-0.0001	42.4135	1.8789	475.6967	310.9785	34.1667	451.6139	94.4907	470.0195	94.3287	475.1093	94.5139	479.8606	95.0463	
14/08/2017	06:38:57	019001	G523046267HLR	L523	S		431.9630	1.0311	3.5640	100.0109	39.6131	0.8230	0.8274	5.0000	17.1514	508.0217	94.8611	16.0517	24.5000	0.9300	0.9388	0.5850	-0.0003	508.0000	506.8831	1.0285	10.0959	100.0146	39.0000	0.8230	0.8203	5.0000	-9999.0000	-9999.0000	-9999.0000	-9999.0000	-9999.0000	-9999.0000	17.9424	7	0	26.0629	1.0000	04	2	-9999.0000	7975	37345	-9999	547	517	-9999	295.1294	5	0.5814	0.5850	-0.0003	43.0589	1.8398	473.8277	336.9979	36.9213	455.7226	94.7454	468.3801	94.9537	473.2991	95.1852	476.9745	95.0000	
14/08/2017	06:39:23	019001	G523046273HLR	L523	S		434.6693	1.0311	3.4294	100.0291	39.5386	0.8230	0.8275	5.0000	17.2316	508.0317	94.8611	15.7118	24.5000	0.9300	0.9386	0.5863	-0.0003	508.0000	507.6588	1.0285	10.1868	100.0016	39.0000	0.8230	0.8204	5.0000	-9999.0000	-9999.0000	-9999.0000	-9999.0000	-9999.0000	-9999.0000	17.8323	8	0	26.0031	1.0000	04	2	-9999.0000	7976	37346	-9999	548	518	-9999	295.2398	5	0.5815	0.5863	-0.0003	43.6776	1.8226	473.3670	336.4863	34.3056	457.2853	94.8611	467.8630	94.6991	472.6186	94.9074	476.4484	95.1157	
14/08/2017	06:39:49	019001	G523046278HLR	L523	S		429.1752	1.0311	3.7027	99.9906	39.5158	0.8230	0.8275	5.0000	17.1317	508.0717	94.9769	18.0920	24.4000	0.9300	0.9387	0.5863	-0.0003	508.0000	508.4480	1.0285	10.2793	100.0138	39.0176	0.8230	0.8205	5.0000	-9999.0000	-9999.0000	-9999.0000	-9999.0000	-9999.0000	-9999.0000	17.9230	1	0	26.0225	1.0000	04	2	-9999.0000	7977	37347	-9999	549	519	-9999	294.9122	5	0.5817	0.5863	-0.0003	42.9552	1.9109	466.6353	335.7621	35.1852	452.2747	94.9769	460.8047	94.9537	465.9647	95.2083	469.7550	94.9769	
14/08/2017	06:40:17	019001	G523046286HLR	L523	S		431.3000	1.0311	3.5970	99.9650	39.5500	0.8230	0.8259	5.0000	22.2028	508.0443	94.8843	16.1513	24.4000	0.9300	0.9386	0.5852	-0.0002	508.0000	508.7058	1.0285	10.3095	100.0235	39.0333	0.8230	0.8205	5.0000	-9999.0000	-9999.0000	-9999.0000	-9999.0000	-9999.0000	-9999.0000	17.8928	2	0	28.2934	1.0000	04	2	-9999.0000	7978	37348	-9999	550	520	-9999	295.2471	5	0.5818	0.5852	-0.0002	41.7317	2.0063	470.8108	330.1799	37.4074	454.4772	94.6296	465.2718	94.7917	470.2288	95.0463	474.2239	95.0231	
14/08/2017	06:40:43	019001	G523046279HLR	L523	S		435.3689	1.0311	3.3946	100.0252	39.4999	0.8230	0.8276	5.0000	17.2921	508.0434	94.9306	13.9519	24.4000	0.9300	0.9386	0.5852	-0.0002	508.0000	506.7699	1.0285	10.0827	100.0562	39.0472	0.8230	0.8205	5.0000	-9999.0000	-9999.0000	-9999.0000	-9999.0000	-9999.0000	-9999.0000	17.9621	3	0	25.5734	1.0000	04	2	-9999.0000	7979	37349	-9999	551	521	-9999	295.6747	5	0.5818	0.5852	-0.0002	41.7317	2.0063	477.1270	340.6810	37.5463	459.9454	94.5370	471.6079	94.7917	476.6035	95.0231	481.0967	95.0694	
14/08/2017	06:41:11	019001	G523046287HLR	L523	S		436.4045	1.0311	3.3431	100.0245	39.5814	0.8230	0.8277	5.0000	17.3116	508.0462	94.9074	14.5213	24.4000	0.9300	0.9386	0.5848	-0.0002	508.0000	507.3326	1.0285	10.1486	99.9187	39.0333	0.8230	0.8204	5.0000	-9999.0000	-9999.0000	-9999.0000	-9999.0000	-9999.0000	-9999.0000	17.8418	4	0	27.9634	1.0000	04	2	-9999.0000	7980	37350	-9999	552	522	-9999	295.6517	5	0.5819	0.5848	-0.0002	42.7967	1.9187	476.4543	334.4609	37.1296	459.5485	94.5139	471.9261	94.7454	476.0036	94.9769	480.2776	95.0231	
14/08/2017	06:41:39	019001	G523045438HLR	L523	S		440.9559	1.0311	3.1166	99.9648	39.5873	0.8230	0.8276	5.0000	17.0528	508.0617	94.9306	13.8718	24.4000	0.9300	0.9386	0.5867	-0.0003	508.0000	509.3965	1.0285	10.3904	100.0329	39.0272	0.8230	0.8204	5.0000	-9999.0000	-9999.0000	-9999.0000	-9999.0000	-9999.0000	-9999.0000	17.7726	5	0	28.2133	1.0000	04	2	-9999.0000	7981	37351	-9999	553	523	-9999	295.7844	5	0.5819	0.5867	-0.0003	41.3617	2.0578	477.6609	330.4657	35.1852	459.7335	94.7685	472.3808	94.7917	477.0663	95.0463	481.3019	94.9769	
14/08/2017	06:42:05	019001	G523045437HLR	L523	S		432.9988	1.0311	3.5125	100.0022	39.5499	0.8230	0.8274	5.0000	17.1220	508.0589	94.8843	16.8018	24.5000	0.9300	0.9387	0.5901	-0.0005	508.0000	508.0842	1.0285	10.2366	100.0213	39.0333	0.8230	0.8204	5.0000	-9999.0000	-9999.0000	-9999.0000	-9999.0000	-9999.0000	-9999.0000	17.9523	6	0	26.1439	1.0000	04	2	-9999.0000	7982	37352	-9999	554	524	-9999	295.1700	5	0.5818	0.5901	-0.0005	44.5289	1.8846	469.3819	320.6584	33.6574	453.5256	94.8148	463.6082	94.7454	468.7547	94.9537	473.0549	95.0926	
14/08/2017	06:42:56	019001	G523046300HLR	L523	S		438.5077	1.0311	3.2384	99.9614	39.5598	0.8230	0.8275	5.0000	17.6513	508.0504	94.8843	16.3926	24.6000	0.9300	0.9389	0.5917	-0.0006	508.0000	507.1127	1.0285	10.1228	99.8954	38.8929	0.8230	0.8197	5.0000	-9999.0000	-9999.0000	-9999.0000	-9999.0000	-9999.0000	-9999.0000	19.4426	8	0	25.5031	1.0000	04	2	-9999.0000	7984	37353	-9999	556	525	-9999	295.3020	5	0.5817	0.5917	-0.0006	37.8992	2.3045	466.5064	319.4332	34.9306	449.3304	94.4676	461.1801	94.3056	466.1315	94.5139	470.6297	95.0463	
14/08/2017	06:43:24	019001	G523046296HLR	L523	S		435.4690	1.0311	3.3896	100.0462	39.5738	0.8230	0.8277	5.0000	17.2227	508.0456	94.8611	15.9423	24.5000	0.9300	0.9387	0.5919	-0.0007	508.0000	508.4940	1.0285	10.2846	99.9811	38.9333	0.8230	0.8207	5.0000	-9999.0000	-9999.0000	-9999.0000	-9999.0000	-9999.0000	-9999.0000	17.9719	1	0	27.7034	1.0000	04	2	-9999.0000	7985	37354	-9999	557	526	-9999	295.3828	5	0.5817	0.5919	-0.0007	39.5156	2.1912	470.4902	321.0172	34.5139	454.3656	95.0694	464.6382	95.0231	469.8617	95.1620	473.9851	94.9074	
14/08/2017	06:43:50	019001	G523046333HLR	L523	S		441.5668	1.0311	3.0862	99.9764	39.6109	0.8230	0.8275	5.0000	17.2920	508.0360	94.8843	14.6219	24.4000	0.9300	0.9385	0.5919	-0.0007	508.0000	507.8148	1.0285	10.2051	100.0231	39.0667	0.8230	0.8209	5.0000	-9999.0000	-9999.0000	-9999.0000	-9999.0000	-9999.0000	-9999.0000	17.9121	2	0	26.1936	1.0000	04	4	-9999.0000	7986	37355	-9999	558	527	-9999	295.8525	5	0.5817	0.5919	-0.0007	39.5156	2.1912	473.3188	297.8442	34.8611	453.4199	94.8611	467.1094	94.9306	472.7252	95.1389	476.7904	94.9537	
14/08/2017	06:44:17	019001	G523046334HLR	L523	S		439.7377	1.0311	3.1772	100.0520	39.5539	0.8230	0.8274	5.0000	17.0420	508.0541	94.9306	13.1813	24.5000	0.9300	0.9386	0.5919	-0.0007	508.0000	509.1490	1.0285	10.3614	99.8893	39.0966	0.8230	0.8204	5.0000	-9999.0000	-9999.0000	-9999.0000	-9999.0000	-9999.0000	-9999.0000	17.9415	3	0	27.1526	1.0000	04	4	-9999.0000	7987	37356	-9999	559	528	-9999	296.3466	5	0.5817	0.5919	-0.0007	39.5156	2.1912	475.9400	309.2354	34.4213	455.2320	94.9306	470.8434	94.9537	475.5083	95.1852	479.7207	94.9306	
14/08/2017	06:44:43	019001	G523046332HLR	L523	S		443.2589	1.0311	3.0020	100.0072	39.5105	0.8230	0.8273	5.0000	17.1925	508.0568	94.9306	13.9812	24.5000	0.9300	0.9386	0.5952	-0.0008	508.0000	510.3387	1.0285	10.5008	100.0961	39.0333	0.8230	0.8203	5.0000	-9999.0000	-9999.0000	-9999.0000	-9999.0000	-9999.0000	-9999.0000	17.9122	4	0	25.4630	1.0000	04	4	-9999.0000	7988	37357	-9999	560	529	-9999	296.4602	5	0.5818	0.5952	-0.0008	39.2772	2.2054	475.0488	320.4805	35.5324	452.4633	94.5602	469.6090	94.6991	474.4022	94.9769	478.8839	95.0463	
14/08/2017	06:45:08	019001	G523046338HLR	L523	S		443.3834	1.0311	2.9958	99.9941	39.4941	0.8230	0.8274	5.0000	17.1816	508.0515	94.9074	13.1217	24.5000	0.9300	0.9386	0.5902	-0.0005	508.0000	509.4842	1.0285	10.4007	100.0101	39.0181	0.8230	0.8204	5.0000	-9999.0000	-9999.0000	-9999.0000	-9999.0000	-9999.0000	-9999.0000	17.6622	5	0	25.5334	1.0000	04	4	-9999.0000	7989	37358	-9999	561	530	-9999	296.2452	5	0.5815	0.5902	-0.0005	38.7331	2.2230	479.5282	322.8028	34.7685	460.2087	94.9074	474.7625	94.8843	479.1706	95.1389	482.9130	94.9769	
14/08/2017	06:45:36	019001	G523046339HLR	L523	S		440.3702	1.0311	3.1458	100.0403	39.5024	0.8230	0.8276	5.0000	17.0822	508.0659	94.9074	14.6619	24.5000	0.9300	0.9387	0.5944	-0.0008	508.0000	507.6127	1.0285	10.1814	99.9288	39.0257	0.8230	0.8204	5.0000	-9999.0000	-9999.0000	-9999.0000	-9999.0000	-9999.0000	-9999.0000	17.8714	6	0	27.8530	1.0000	04	4	-9999.0000	7990	37359	-9999	562	531	-9999	296.0147	5	0.5816	0.5944	-0.0008	37.2000	2.3057	472.0492	331.9947	36.6204	453.3022	94.6759	466.3131	94.7222	471.0757	95.0000	475.2491	95.0231	
14/08/2017	06:46:04	019001	G523046291HLR	L523	S		434.8681	1.0311	3.4195	99.9701	39.5345	0.8230	0.8277	5.0000	17.0420	508.0503	94.8843	15.0418	24.5000	0.9300	0.9386	0.5888	-0.0005	508.0000	507.4221	1.0285	10.1591	99.9249	39.0333	0.8230	0.8205	5.0000	-9999.0000	-9999.0000	-9999.0000	-9999.0000	-9999.0000	-9999.0000	17.9124	7	0	27.3635	1.0000	04	2	-9999.0000	7991	37360	-9999	563	532	-9999	295.5988	5	0.5816	0.5888	-0.0005	41.1792	2.0253	473.1591	328.6310	37.0602	457.0028	94.8148	468.5359	94.9537	472.5141	95.1852	476.3104	94.9537	
14/08/2017	06:46:28	019001	G523046330HLR	L523	S		440.6817	1.0311	3.1303	100.0228	39.5501	0.8230	0.8275	5.0000	17.2716	508.0397	94.9306	13.9118	24.4000	0.9300	0.9385	0.5861	-0.0003	508.0000	505.9480	1.0285	9.9864	99.9620	39.0503	0.8230	0.8204	5.0000	-9999.0000	-9999.0000	-9999.0000	-9999.0000	-9999.0000	-9999.0000	17.8323	8	0	24.9434	1.0000	04	4	-9999.0000	7992	37361	-9999	564	533	-9999	295.7052	5	0.5817	0.5861	-0.0003	44.5222	1.7690	477.5864	337.1914	35.7639	460.3611	94.5833	471.5916	94.7222	476.9828	94.9537	480.5472	95.0463	
14/08/2017	06:46:54	019001	G523046328HLR	L523	S		443.0037	1.0311	3.0147	100.0121	39.5580	0.8230	0.8274	5.0000	17.3624	508.0805	94.9769	11.4916	24.4000	0.9300	0.9385	0.5835	-0.0001	508.0000	506.4520	1.0285	10.0454	99.9824	39.0333	0.8230	0.8203	5.0000	-9999.0000	-9999.0000	-9999.0000	-9999.0000	-9999.0000	-9999.0000	17.9122	1	0	25.5628	1.0000	04	4	-9999.0000	7993	37362	-9999	565	534	-9999	295.8401	5	0.5818	0.5835	-0.0001	48.6060	1.4404	487.2426	339.8417	37.4306	467.9201	94.6065	481.4369	94.7917	486.5819	95.0694	489.4169	95.0000	
14/08/2017	06:47:21	019001	G523046329HLR	L523	S		438.0209	1.0311	3.2626	100.0632	39.5332	0.8230	0.8275	5.0000	17.2120	508.0387	94.8843	16.2920	24.4000	0.9300	0.9385	0.5820	-0.0000	508.0000	509.5692	1.0285	10.4106	100.0329	39.0333	0.8230	0.8204	5.0000	-9999.0000	-9999.0000	-9999.0000	-9999.0000	-9999.0000	-9999.0000	17.8721	2	0	27.4230	1.0000	04	4	-9999.0000	7994	37363	-9999	566	535	-9999	295.5626	5	0.5818	0.5820	-0.0000	44.7935	1.6669	474.2197	340.5921	34.8148	460.2773	94.7222	470.2121	94.7222	473.8315	95.0231	478.9170	95.0231	
14/08/2017	06:47:48	019001	G523046336HLR	L523	S		440.9555	1.0311	3.1166	100.0389	39.5473	0.8230	0.8273	5.0000	17.5422	508.0646	94.8843	15.2323	24.4000	0.9300	0.9386	0.5820	-0.0000	508.0000	507.8836	1.0285	10.2131	100.1020	39.0619	0.8230	0.8205	5.0000	-9999.0000	-9999.0000	-9999.0000	-9999.0000	-9999.0000	-9999.0000	17.8213	3	0	26.6633	1.0000	04	4	-9999.0000	7995	37364	-9999	567	536	-9999	295.6139	5	0.5818	0.5820	-0.0000	44.7935	1.6669	476.8978	337.0819	36.0648	463.5851	94.8843	472.0392	94.9074	476.1933	95.1389	480.9393	95.0000	
14/08/2017	06:48:14	019001	G523046337HLR	L523	S		443.2044	1.0311	3.0048	99.9953	39.5517	0.8230	0.8274	5.0000	17.2218	508.0335	94.9074	12.5914	24.4000	0.9300	0.9385	0.5853	-0.0002	508.0000	509.5799	1.0285	10.4119	99.9748	39.0667	0.8230	0.8204	5.0000	-9999.0000	-9999.0000	-9999.0000	-9999.0000	-9999.0000	-9999.0000	17.9220	4	0	25.6232	1.0000	04	4	-9999.0000	7996	37365	-9999	568	537	-9999	296.0040	5	0.5821	0.5853	-0.0002	41.4472	1.8706	482.5144	338.7694	36.2731	462.5099	94.6065	477.3934	94.6991	481.7314	95.0000	486.2881	95.0231	
14/08/2017	06:48:41	019001	G523046325HLR	L523	S		442.7330	1.0311	3.0282	100.0550	39.5512	0.8230	0.8275	5.0000	17.2920	508.0586	94.9074	12.9615	24.4000	0.9300	0.9386	0.5869	-0.0003	508.0000	508.1750	1.0285	10.2473	100.0346	39.0418	0.8230	0.8203	5.0000	-9999.0000	-9999.0000	-9999.0000	-9999.0000	-9999.0000	-9999.0000	17.8723	5	0	26.7835	1.0000	04	4	-9999.0000	7997	37366	-9999	569	538	-9999	296.1556	5	0.5825	0.5869	-0.0003	47.4307	1.4312	480.3936	330.7445	37.1759	462.2615	94.4676	474.5221	94.7222	479.7116	95.0000	484.0105	94.9769	
14/08/2017	06:49:05	019001	G523046326HLR	L523	S		437.7885	1.0311	3.2742	99.9879	39.5308	0.8230	0.8274	5.0000	17.3117	508.0579	94.8843	15.9423	24.5000	0.9300	0.9387	0.5895	-0.0005	508.0000	508.3393	1.0285	10.2665	99.9463	39.0514	0.8230	0.8204	5.0000	-9999.0000	-9999.0000	-9999.0000	-9999.0000	-9999.0000	-9999.0000	17.6926	6	0	24.9629	1.0000	04	4	-9999.0000	7998	37367	-9999	570	539	-9999	295.3364	5	0.5823	0.5895	-0.0005	47.7643	1.3910	469.5788	338.5524	36.2963	457.1794	94.6065	464.4501	94.7917	469.0683	95.1157	472.7439	94.9306	
14/08/2017	06:49:32	019001	G523046348HLR	L523	S		423.0542	1.0311	4.0073	100.0520	39.5176	0.8230	0.8275	5.0000	17.1610	508.0849	94.9074	14.5516	24.5000	0.9300	0.9387	0.5895	-0.0005	508.0000	512.8277	1.0285	10.7924	100.0029	39.0659	0.8230	0.8204	5.0000	-9999.0000	-9999.0000	-9999.0000	-9999.0000	-9999.0000	-9999.0000	17.6514	7	0	26.6331	1.0000	04	4	-9999.0000	7999	37368	-9999	571	540	-9999	295.8311	5	0.5823	0.5895	-0.0005	47.7643	1.3910	468.8740	343.8983	35.4167	451.5014	94.7917	461.8699	94.7917	468.1823	94.9769	474.2105	95.0694	
14/08/2017	06:49:57	019001	G523046350HLR	L523	S		439.7125	1.0311	3.1785	100.0006	39.5656	0.8230	0.8275	5.0000	17.3322	508.0366	94.9074	14.0720	24.5000	0.9300	0.9386	0.5872	-0.0004	508.0000	508.9708	1.0285	10.3405	100.0539	39.0562	0.8230	0.8203	5.0000	-9999.0000	-9999.0000	-9999.0000	-9999.0000	-9999.0000	-9999.0000	17.9123	8	0	24.9026	1.0000	04	4	-9999.0000	8000	37369	-9999	572	540	-9999	295.7704	5	0.5822	0.5872	-0.0004	48.1973	1.3813	475.9439	332.0491	36.4583	456.2406	94.5139	469.7443	94.7222	475.1120	94.9537	479.8818	95.0463	
14/08/2017	06:50:23	019001	G523046349HLR	L523	S		422.3856	1.0311	4.0405	100.0153	39.5435	0.8230	0.8275	5.0000	17.2423	508.0345	94.8843	14.6414	24.5000	0.9300	0.9387	0.5878	-0.0004	508.0000	507.5298	1.0285	10.1717	99.9986	39.0667	0.8230	0.8203	5.0000	-9999.0000	-9999.0000	-9999.0000	-9999.0000	-9999.0000	-9999.0000	17.9717	1	0	25.5732	1.0000	04	4	-9999.0000	8001	37370	-9999	573	541	-9999	295.6888	5	0.5822	0.5878	-0.0004	46.6215	1.4657	469.0034	340.1636	36.5972	446.7953	94.7454	458.8059	94.8148	467.6013	94.9306	475.2618	95.0463	
14/08/2017	06:50:49	019001	G523046322HLR	L523	S		443.1093	1.0311	3.0095	99.9660	39.5547	0.8230	0.8273	5.0000	17.5021	508.0249	94.9074	12.9117	24.5000	0.9300	0.9387	0.5889	-0.0005	508.0000	509.0043	1.0285	10.3444	100.0064	39.0667	0.8230	0.8203	5.0000	-9999.0000	-9999.0000	-9999.0000	-9999.0000	-9999.0000	-9999.0000	17.9216	2	0	26.4536	1.0000	04	4	-9999.0000	8002	37371	-9999	574	542	-9999	296.1273	5	0.5822	0.5889	-0.0005	45.9447	1.5186	480.0052	333.0253	35.4167	464.8281	94.8148	476.3620	94.7454	479.5707	95.0463	483.6594	95.0231	
14/08/2017	06:51:15	019001	G523046341HLR	L523	S		441.4808	1.0311	3.0905	99.9671	39.5355	0.8230	0.8273	5.0000	17.3116	508.0536	94.8843	14.4920	24.5000	0.9300	0.9387	0.5903	-0.0006	508.0000	507.4709	1.0285	10.1648	99.9817	39.0667	0.8230	0.8203	5.0000	-9999.0000	-9999.0000	-9999.0000	-9999.0000	-9999.0000	-9999.0000	17.8722	3	0	25.5224	1.0000	04	4	-9999.0000	8003	37372	-9999	575	543	-9999	295.8056	5	0.5819	0.5903	-0.0006	45.4842	1.5537	474.3349	328.2794	36.0880	456.6769	94.8148	468.6685	94.8380	473.6399	95.0694	478.1499	95.0000	
14/08/2017	06:51:39	019001	G523046321HLR	L523	S		442.5879	1.0311	3.0354	100.0854	39.5198	0.8230	0.8274	5.0000	17.1222	508.0545	94.9306	13.0621	24.4000	0.9300	0.9386	0.5900	-0.0006	508.0000	508.6018	1.0285	10.2973	99.9784	39.0667	0.8230	0.8203	5.0000	-9999.0000	-9999.0000	-9999.0000	-9999.0000	-9999.0000	-9999.0000	17.9621	4	0	24.9033	1.0000	04	4	-9999.0000	8004	37373	-9999	576	544	-9999	296.0115	5	0.5817	0.5900	-0.0006	45.3456	1.5920	478.2467	334.4880	36.1111	460.2310	94.5602	472.0784	94.6991	477.7190	94.9769	482.1801	95.0463	
14/08/2017	06:52:06	019001	G523046318HLR	L523	S		443.2870	1.0311	3.0006	100.0054	39.5569	0.8230	0.8273	5.0000	17.7118	508.0563	95.0231	11.7914	24.4000	0.9300	0.9385	0.5904	-0.0006	508.0000	508.6723	1.0285	10.3055	100.0707	39.0667	0.8230	0.8203	5.0000	-9999.0000	-9999.0000	-9999.0000	-9999.0000	-9999.0000	-9999.0000	17.8917	5	0	26.5130	1.0000	04	4	-9999.0000	8005	37374	-9999	577	545	-9999	296.4342	5	0.5817	0.5904	-0.0006	46.7937	1.4642	481.0613	342.9057	37.5000	463.7765	94.4444	474.3570	94.6759	480.7053	94.9769	485.7575	95.0463	
14/08/2017	06:52:31	019001	G523046317HLR	L523	S		439.8225	1.0311	3.1730	100.0023	39.5355	0.8230	0.8275	5.0000	17.1612	508.0663	94.8843	14.9315	24.5000	0.9300	0.9386	0.5889	-0.0005	508.0000	507.8431	1.0285	10.2084	100.0625	39.0667	0.8230	0.8203	5.0000	-9999.0000	-9999.0000	-9999.0000	-9999.0000	-9999.0000	-9999.0000	17.9024	6	0	24.9132	1.0000	04	4	-9999.0000	8006	37375	-9999	578	546	-9999	295.3567	5	0.5814	0.5889	-0.0005	47.0088	1.4683	474.8783	352.4689	36.0648	457.8329	94.6528	467.6988	94.6991	474.6940	94.9769	477.2562	95.0926	
14/08/2017	06:52:57	019001	G523046316HLR	L523	S		443.0286	1.0311	3.0135	100.0107	39.5635	0.8230	0.8274	5.0000	17.3321	508.0479	94.9074	13.1607	24.4000	0.9300	0.9386	0.5856	-0.0003	508.0000	508.3760	1.0285	10.2708	99.9352	39.0762	0.8230	0.8203	5.0000	-9999.0000	-9999.0000	-9999.0000	-9999.0000	-9999.0000	-9999.0000	17.9122	7	0	26.4826	1.0000	04	4	-9999.0000	8007	37376	-9999	579	547	-9999	295.6290	5	0.5813	0.5856	-0.0003	48.7585	1.3277	480.5287	341.2700	37.7315	466.1756	94.6296	475.3299	94.8148	480.0472	95.0694	483.9345	94.9537	
14/08/2017	06:53:23	019001	G523046304HLR	L523	S		443.2582	1.0311	3.0021	99.9546	39.5653	0.8230	0.8273	5.0000	17.4624	508.0370	95.0000	11.6713	24.5000	0.9300	0.9386	0.5827	-0.0001	508.0000	507.9145	1.0285	10.2168	99.9665	39.0667	0.8230	0.8203	5.0000	-9999.0000	-9999.0000	-9999.0000	-9999.0000	-9999.0000	-9999.0000	17.9426	8	0	25.3732	1.0000	04	4	-9999.0000	8008	37377	-9999	580	548	-9999	295.6999	5	0.5815	0.5827	-0.0001	52.4069	1.0520	484.4692	340.9826	37.8241	469.5999	94.3981	479.3472	94.6991	483.8522	94.9306	488.2363	95.0231	
14/08/2017	06:53:48	019001	G523046305HLR	L523	S		442.0953	1.0311	3.0599	100.0032	39.5364	0.8230	0.8273	5.0000	17.3115	508.0499	94.8843	14.3914	24.5000	0.9300	0.9387	0.5848	-0.0002	508.0000	507.9778	1.0285	10.2242	99.9180	39.0816	0.8230	0.8203	5.0000	-9999.0000	-9999.0000	-9999.0000	-9999.0000	-9999.0000	-9999.0000	18.0120	1	0	25.6839	1.0000	04	4	-9999.0000	8009	37378	-9999	581	548	-9999	295.6006	5	0.5816	0.5848	-0.0002	50.4154	1.2219	477.6976	336.8187	34.2593	463.8076	94.9306	472.2049	94.9074	477.1494	95.1389	480.9086	94.9537	
14/08/2017	06:54:13	019001	G523046309HLR	L523	S		441.7690	1.0311	3.0762	99.9613	39.5497	0.8230	0.8271	5.0000	18.0529	508.0681	94.9074	13.2613	24.4000	0.9300	0.9386	0.5862	-0.0003	508.0000	507.1720	1.0285	10.1298	100.0562	39.0667	0.8230	0.8203	5.0000	-9999.0000	-9999.0000	-9999.0000	-9999.0000	-9999.0000	-9999.0000	17.8321	2	0	24.9024	1.0000	04	4	-9999.0000	8010	37379	-9999	582	549	-9999	295.8459	5	0.5816	0.5862	-0.0003	50.4467	1.2069	479.9016	333.8982	36.9213	466.5478	94.6991	474.3837	94.8611	479.3269	95.0463	483.1296	95.0000	
14/08/2017	06:54:40	019001	G523046323HLR	L523	S		440.5370	1.0311	3.1375	100.0306	39.5391	0.8230	0.8274	5.0000	17.4221	508.0361	94.8843	14.3513	24.4000	0.9300	0.9386	0.5851	-0.0002	508.0000	506.9722	1.0285	10.1064	99.9524	39.0804	0.8230	0.8203	5.0000	-9999.0000	-9999.0000	-9999.0000	-9999.0000	-9999.0000	-9999.0000	17.9317	3	0	26.1838	1.0000	04	4	-9999.0000	8011	37380	-9999	583	550	-9999	295.5890	5	0.5815	0.5851	-0.0002	50.3727	1.2090	476.7370	332.8248	36.7130	457.4341	94.7685	472.0380	94.8148	476.2824	95.0694	480.0828	95.0231	
14/08/2017	06:55:04	019001	G523046256HLR	L523	S		442.4868	1.0311	3.0405	99.9674	39.5526	0.8230	0.8273	5.0000	17.7424	508.0571	94.9306	13.8718	24.4000	0.9300	0.9386	0.5831	-0.0001	508.0000	509.2876	1.0285	10.3776	99.9366	39.0876	0.8230	0.8203	5.0000	-9999.0000	-9999.0000	-9999.0000	-9999.0000	-9999.0000	-9999.0000	17.9523	4	0	24.9327	1.0000	04	4	-9999.0000	8012	37381	-9999	584	551	-9999	295.7370	5	0.5816	0.5831	-0.0001	54.6202	0.8749	479.9019	341.6460	36.2731	464.6974	94.4907	475.2060	94.6759	479.3716	94.9306	483.7387	95.0231	
14/08/2017	06:55:31	019001	G523046255HLR	L523	S		440.5994	1.0311	3.1344	99.9988	39.5557	0.8230	0.8275	5.0000	17.2315	508.0593	94.9074	13.5016	24.5000	0.9300	0.9386	0.5832	-0.0001	508.0000	506.5841	1.0285	10.0609	99.8947	39.0897	0.8230	0.8203	5.0000	-9999.0000	-9999.0000	-9999.0000	-9999.0000	-9999.0000	-9999.0000	17.9425	5	0	26.6632	1.0000	04	4	-9999.0000	8013	37382	-9999	585	552	-9999	295.7408	5	0.5820	0.5832	-0.0001	56.3884	0.7292	480.0286	337.9448	34.4676	461.3230	94.7685	474.6465	94.7454	479.3491	94.9769	483.5152	95.0231	
14/08/2017	06:55:55	019001	error reading	L523	S		0.0000	0.0000	0.0000	0.0000	0.0000	0.8230	0.0000	0.0000	0.0000	0.0000	0.0000	0.0000	0.0000	0.9300	0.0000	0.0000	0.0000	0.0000	0.0000	0.0000	0.0000	0.0000	0.0000	0.8230	0.0000	0.0000	0.0000	0.0000	0.0000	0.0000	0.0000	0.0000	0.0000	0	28	26.6632	1.0000	04	4	0.0000	0	0	0	0	0	0	0.0000	0	0.0000	0.0000	0.0000	0.0000	0.0000	0.0000	0.0000	0.0000	0.0000	0.0000	0.0000	0.0000	0.0000	0.0000	0.0000	0.0000	
14/08/2017	06:58:51	019001	G523046301HLR	L523	S		441.2365	1.0311	3.1027	100.0230	39.5879	0.8230	0.8272	5.0000	17.6817	508.0243	94.9074	14.0310	24.6000	0.9300	0.9389	0.5826	-0.0000	508.0000	506.4558	1.0285	10.0459	99.9787	38.9333	0.8230	0.8197	5.0000	-9999.0000	-9999.0000	-9999.0000	-9999.0000	-9999.0000	-9999.0000	18.0421	7	0	25.6330	1.0000	04	4	-9999.0000	8015	37383	-9999	587	553	-9999	295.8339	5	0.5823	0.5826	-0.0000	59.7922	0.4466	477.8413	328.4691	35.6944	454.9433	94.2824	472.3902	94.2130	477.3511	94.4907	481.2208	95.0000	
14/08/2017	06:59:17	019001	G523046315HLR	L523	S		440.9745	1.0311	3.1157	99.9966	39.5575	0.8230	0.8274	5.0000	17.1914	508.0489	94.9074	13.1012	24.5000	0.9300	0.9388	0.5835	-0.0001	508.0000	505.9529	1.0285	9.9870	99.8623	38.8202	0.8230	0.8205	5.0000	-9999.0000	-9999.0000	-9999.0000	-9999.0000	-9999.0000	-9999.0000	18.2228	8	0	25.7335	1.0000	04	4	-9999.0000	8016	37384	-9999	588	554	-9999	295.8522	5	0.5822	0.5835	-0.0001	57.7515	0.6079	481.2534	322.3074	34.9769	464.5783	94.9306	475.8907	94.8611	480.6915	95.0926	484.5634	95.0000	
14/08/2017	06:59:44	019001	G523046268HLR	L523	S		439.4957	1.0311	3.1893	100.0644	39.5569	0.8230	0.8273	5.0000	17.3722	508.0446	94.8611	14.5125	24.5000	0.9300	0.9387	0.5845	-0.0002	508.0000	509.1575	1.0285	10.3624	99.9991	38.9329	0.8230	0.8211	5.0000	-9999.0000	-9999.0000	-9999.0000	-9999.0000	-9999.0000	-9999.0000	17.7922	1	0	26.7933	1.0000	04	4	-9999.0000	8017	37385	-9999	589	555	-9999	295.7441	5	0.5823	0.5845	-0.0002	56.9071	0.6758	476.8329	313.8747	34.6759	456.2264	95.0694	471.8354	94.9769	476.3231	95.1620	480.5655	94.9306	
14/08/2017	07:00:07	019001	error reading	L523	S		0.0000	0.0000	0.0000	0.0000	0.0000	0.8230	0.0000	0.0000	0.0000	0.0000	0.0000	0.0000	0.0000	0.9300	0.0000	0.0000	0.0000	0.0000	0.0000	0.0000	0.0000	0.0000	0.0000	0.8230	0.0000	0.0000	0.0000	0.0000	0.0000	0.0000	0.0000	0.0000	0.0000	0	28	26.7933	1.0000	04	4	0.0000	0	0	0	0	0	0	0.0000	0	0.0000	0.0000	0.0000	0.0000	0.0000	0.0000	0.0000	0.0000	0.0000	0.0000	0.0000	0.0000	0.0000	0.0000	0.0000	0.0000	
14/08/2017	07:00:33	019001	error reading	L523	S		0.0000	0.0000	0.0000	0.0000	0.0000	0.8230	0.0000	0.0000	0.0000	0.0000	0.0000	0.0000	0.0000	0.9300	0.0000	0.0000	0.0000	0.0000	0.0000	0.0000	0.0000	0.0000	0.0000	0.8230	0.0000	0.0000	0.0000	0.0000	0.0000	0.0000	0.0000	0.0000	0.0000	0	28	26.7933	1.0000	04	4	0.0000	0	0	0	0	0	0	0.0000	0	0.0000	0.0000	0.0000	0.0000	0.0000	0.0000	0.0000	0.0000	0.0000	0.0000	0.0000	0.0000	0.0000	0.0000	0.0000	0.0000	
14/08/2017	07:00:51	019001	G523046264HLR	L523	S		443.8039	1.0311	2.9749	99.9883	39.5433	0.8230	0.8272	5.0000	17.3829	508.0454	95.0231	11.4818	24.5000	0.9300	0.9386	0.5845	-0.0002	508.0000	507.5914	1.0285	10.1789	99.9961	39.0510	0.8230	0.8209	5.0000	-9999.0000	-9999.0000	-9999.0000	-9999.0000	-9999.0000	-9999.0000	17.7219	2	0	67.2873	1.0000	04	4	-9999.0000	8018	37386	-9999	590	556	-9999	296.0134	5	0.5823	0.5845	-0.0002	56.9071	0.6758	484.3367	346.2940	37.7315	465.6360	94.4907	479.1401	94.6296	483.7851	94.8611	488.0175	95.0926	
14/08/2017	07:01:45	019001	G523046265HLR	L523	S		440.9041	1.0311	3.1192	100.0139	39.5223	0.8230	0.8269	5.0000	17.6426	508.0322	94.9306	14.2117	24.7000	0.9300	0.9390	0.5854	-0.0002	508.0000	506.6011	1.0285	10.0629	99.9691	38.7434	0.8230	0.8204	5.0000	-9999.0000	-9999.0000	-9999.0000	-9999.0000	-9999.0000	-9999.0000	18.1319	4	0	27.2328	1.0000	04	4	-9999.0000	8020	37387	-9999	592	557	-9999	295.9713	5	0.5827	0.5854	-0.0002	54.7094	0.8180	474.0283	306.7431	33.4722	454.3612	94.0509	469.3779	93.5185	473.5203	93.6343	477.8661	94.9769	
14/08/2017	07:02:12	019001	G523046269HLR	L523	S		441.2713	1.0311	3.1009	100.0132	39.4120	0.8230	0.8275	5.0000	17.2314	508.0560	94.8843	14.6121	24.5000	0.9300	0.9387	0.5860	-0.0003	508.0000	507.9373	1.0285	10.2194	99.9622	38.9174	0.8230	0.8212	5.0000	-9999.0000	-9999.0000	-9999.0000	-9999.0000	-9999.0000	-9999.0000	17.6013	5	0	26.8333	1.0000	04	4	-9999.0000	8021	37388	-9999	593	558	-9999	295.8979	5	0.5826	0.5860	-0.0003	57.8407	0.5766	477.1934	335.0523	35.8333	458.8799	94.7685	472.2619	94.7685	476.6258	95.0231	480.5662	95.0231	
14/08/2017	07:02:37	019001	G523046254HLR	L523	S		442.3640	1.0311	3.0466	100.0456	39.4742	0.8230	0.8277	5.0000	17.2036	508.0424	94.9537	12.8609	24.5000	0.9300	0.9384	0.5865	-0.0003	508.0000	509.2819	1.0285	10.3770	100.0712	39.0333	0.8230	0.8209	5.0000	-9999.0000	-9999.0000	-9999.0000	-9999.0000	-9999.0000	-9999.0000	17.5627	6	0	24.9728	1.0000	04	4	-9999.0000	8022	37389	-9999	594	559	-9999	296.1969	5	0.5828	0.5865	-0.0003	55.9363	0.7159	480.3047	333.0164	36.0185	457.4444	94.8148	474.6382	94.7685	479.7008	95.0694	483.8042	95.0694	
14/08/2017	07:03:01	019001	error reading	L523	S		0.0000	0.0000	0.0000	0.0000	0.0000	0.8230	0.0000	0.0000	0.0000	0.0000	0.0000	0.0000	0.0000	0.9300	0.0000	0.0000	0.0000	0.0000	0.0000	0.0000	0.0000	0.0000	0.0000	0.8230	0.0000	0.0000	0.0000	0.0000	0.0000	0.0000	0.0000	0.0000	0.0000	0	28	24.9728	1.0000	04	4	0.0000	0	0	0	0	0	0	0.0000	0	0.0000	0.0000	0.0000	0.0000	0.0000	0.0000	0.0000	0.0000	0.0000	0.0000	0.0000	0.0000	0.0000	0.0000	0.0000	0.0000	
14/08/2017	07:09:22	019001	G523046270HLR	L523	S		441.2905	1.0311	3.1000	100.0138	39.5538	0.8230	0.8278	5.0000	17.1417	508.0493	94.8611	14.3718	24.6000	0.9300	0.9389	0.5865	-0.0003	508.0000	509.3334	1.0285	10.3830	100.0465	39.0201	0.8230	0.8205	5.0000	-9999.0000	-9999.0000	-9999.0000	-9999.0000	-9999.0000	-9999.0000	17.6222	7	0	405.4489	1.0000	04	4	-9999.0000	8023	37390	-9999	595	560	-9999	295.9958	5	0.5828	0.5865	-0.0003	55.9363	0.7159	475.8531	306.5363	34.0972	455.5446	94.6991	470.0731	94.5139	475.2187	94.7454	479.4464	95.0231	
14/08/2017	07:09:49	019001	G523046272HLR	L523	S		440.1420	1.0311	3.1571	99.9958	39.6740	0.8230	0.8260	5.0000	19.7825	508.0554	94.8380	15.7119	24.5000	0.9300	0.9387	0.5884	-0.0004	508.0000	508.3903	1.0285	10.2725	99.9465	38.9910	0.8230	0.8203	5.0000	-9999.0000	-9999.0000	-9999.0000	-9999.0000	-9999.0000	-9999.0000	17.8420	8	0	27.4535	1.0000	04	4	-9999.0000	8024	37391	-9999	596	561	-9999	295.7477	5	0.5830	0.5884	-0.0004	53.8424	0.8689	473.3804	329.8790	34.9074	456.1084	95.0926	468.2046	95.0694	472.7662	95.3009	476.1020	95.0000	
14/08/2017	07:10:15	019001	G523046276HLR	L523	S		440.2115	1.0311	3.1537	100.0239	39.4645	0.8230	0.8269	5.0000	17.9522	508.0289	94.8843	14.7117	24.4000	0.9300	0.9384	0.5884	-0.0004	508.0000	508.7538	1.0285	10.3151	99.9045	38.7333	0.8230	0.8207	5.0000	-9999.0000	-9999.0000	-9999.0000	-9999.0000	-9999.0000	-9999.0000	18.1320	1	0	25.6332	1.0000	04	4	-9999.0000	8025	37392	-9999	597	562	-9999	296.0478	5	0.5830	0.5884	-0.0004	53.8424	0.8689	475.2873	330.0663	36.8519	462.8208	94.8380	470.7097	94.9537	474.6967	95.1852	478.2534	95.0000	
14/08/2017	07:10:40	019001	G523046277HLR	L523	S		448.2229	1.0311	2.7551	99.9935	39.4624	0.8230	0.8274	5.0000	17.3419	508.0410	95.0000	10.1809	24.4000	0.9300	0.9383	0.5859	-0.0002	508.0000	509.2851	1.0285	10.3773	99.9345	38.8846	0.8230	0.8212	5.0000	-9999.0000	-9999.0000	-9999.0000	-9999.0000	-9999.0000	-9999.0000	17.8518	2	0	24.9822	1.0000	04	4	-9999.0000	8026	37393	-9999	598	563	-9999	296.5532	5	0.5829	0.5859	-0.0002	54.8352	0.8135	490.7112	331.2010	35.1389	470.1292	94.8380	484.6338	94.8611	490.0968	95.1389	493.9507	94.9306	
14/08/2017	07:11:07	019001	G523046266HLR	L523	S		323.6528	1.0311	4.0145	100.0235	39.5304	0.8230	0.8271	5.0000	19.4526	0.0000	0.0000	0.0000	0.0000	0.9300	0.0000	0.0000	0.0000	0.0000	446.4743	1.0285	3.0187	99.9453	38.9000	0.8230	0.8205	5.0000	-9999.0000	-9999.0000	-9999.0000	-9999.0000	-9999.0000	-9999.0000	17.8018	3	7	27.4536	1.0000	04	4	-9999.0000	8027	0	-9999	599	564	-9999	0.0000	0	0.0000	0.0000	0.0000	0.0000	0.0000	0.0000	0.0000	0.0000	0.0000	0.0000	0.0000	0.0000	0.0000	0.0000	0.0000	0.0000	
14/08/2017	07:11:33	019001	G523046284HLR	L523	S		440.3636	1.0311	3.1461	100.0041	39.5510	0.8230	0.8275	5.0000	17.3614	508.0295	94.8843	15.9218	24.6000	0.9300	0.9389	0.5882	-0.0004	508.0000	507.6308	1.0285	10.1835	99.9953	38.8333	0.8230	0.8205	5.0000	-9999.0000	-9999.0000	-9999.0000	-9999.0000	-9999.0000	-9999.0000	17.8313	4	0	25.7931	1.0000	04	4	-9999.0000	8028	37394	-9999	599	565	-9999	295.6673	5	0.5826	0.5882	-0.0004	51.1157	1.1194	466.1800	334.6860	36.7593	451.6344	93.6806	461.5694	93.2176	465.6379	93.2870	471.0164	95.4861	
14/08/2017	07:12:01	019001	G523046283HLR	L523	S		449.1562	1.0311	2.7086	99.9807	39.5358	0.8230	0.8270	5.0000	17.1817	508.0496	95.0000	9.9612	24.5000	0.9300	0.9384	0.5882	-0.0004	508.0000	508.5949	1.0285	10.2965	99.8900	38.9000	0.8230	0.8207	5.0000	-9999.0000	-9999.0000	-9999.0000	-9999.0000	-9999.0000	-9999.0000	17.8215	5	0	27.3430	1.0000	04	4	-9999.0000	8029	37395	-9999	600	566	-9999	296.8393	5	0.5826	0.5882	-0.0004	51.1157	1.1194	488.4786	350.8748	35.3241	468.6620	94.6759	483.2881	94.4676	487.9953	94.7917	492.8155	95.1620	
14/08/2017	07:12:26	019001	G523046292HLR	L523	S		441.8901	1.0311	3.0701	99.9256	39.4217	0.8230	0.8270	5.0000	18.3420	508.0538	94.9537	13.2516	24.5000	0.9300	0.9383	0.5849	-0.0002	508.0000	508.6343	1.0285	10.3011	100.0083	38.9333	0.8230	0.8206	5.0000	-9999.0000	-9999.0000	-9999.0000	-9999.0000	-9999.0000	-9999.0000	17.6016	6	0	25.1936	1.0000	04	4	-9999.0000	8030	37396	-9999	601	567	-9999	295.9249	5	0.5824	0.5849	-0.0002	48.1182	1.3410	480.0036	344.0457	33.7037	464.3250	95.0000	475.1379	94.8380	479.4029	95.0926	483.1866	95.0463	
14/08/2017	07:12:51	019001	G523046298HLR	L523	S		440.2610	1.0311	3.1512	99.9444	39.3939	0.8230	0.8275	5.0000	17.8624	508.0376	94.8611	15.3417	24.5000	0.9300	0.9384	0.5849	-0.0002	508.0000	507.6495	1.0285	10.1857	99.9626	38.8667	0.8230	0.8204	5.0000	-9999.0000	-9999.0000	-9999.0000	-9999.0000	-9999.0000	-9999.0000	17.7629	7	0	25.5330	1.0000	04	4	-9999.0000	8031	37397	-9999	602	568	-9999	295.6854	5	0.5824	0.5849	-0.0002	48.1182	1.3410	475.5701	341.3381	36.1806	455.8082	95.0463	470.1650	95.0694	475.1096	95.3241	478.6867	94.9769	
14/08/2017	07:13:16	019001	G523046288HLR	L523	S		440.2283	1.0311	3.1528	100.0111	39.5055	0.8230	0.8275	5.0000	18.5714	508.0360	94.9074	14.2322	24.4000	0.9300	0.9382	0.5836	-0.0001	508.0000	509.6883	1.0285	10.4246	100.0032	38.9141	0.8230	0.8207	5.0000	-9999.0000	-9999.0000	-9999.0000	-9999.0000	-9999.0000	-9999.0000	17.8528	8	0	24.9328	1.0000	04	4	-9999.0000	8032	37398	-9999	603	569	-9999	295.7563	5	0.5822	0.5836	-0.0001	50.3783	1.1681	478.9637	326.5411	33.3796	455.4538	95.1852	473.7426	95.0000	478.4364	95.3241	482.1749	94.9537	
14/08/2017	07:13:42	019001	G523046289HLR	L523	S		440.5373	1.0311	3.1374	100.0162	39.5482	0.8230	0.8279	5.0000	17.3516	508.0472	94.8611	15.1815	24.4000	0.9300	0.9383	0.5847	-0.0002	508.0000	508.4195	1.0285	10.2759	100.0114	38.9667	0.8230	0.8207	5.0000	-9999.0000	-9999.0000	-9999.0000	-9999.0000	-9999.0000	-9999.0000	17.7618	1	0	25.5334	1.0000	04	4	-9999.0000	8033	37399	-9999	604	570	-9999	295.7923	5	0.5825	0.5847	-0.0002	47.8639	1.3200	477.4648	338.4005	36.7130	458.9967	94.8843	472.3976	95.1389	477.1003	95.3472	479.8195	94.8843	
14/08/2017	07:14:07	019001	G523046280HLR	L523	S		439.7431	1.0311	3.1770	100.0636	39.5622	0.8230	0.8279	5.0000	17.2119	508.0595	94.9306	13.4918	24.4000	0.9300	0.9383	0.5840	-0.0001	508.0000	509.4732	1.0285	10.3994	99.8848	38.9720	0.8230	0.8205	5.0000	-9999.0000	-9999.0000	-9999.0000	-9999.0000	-9999.0000	-9999.0000	17.8322	2	0	24.8829	1.0000	04	4	-9999.0000	8034	37400	-9999	605	571	-9999	295.8667	5	0.5823	0.5840	-0.0001	47.4841	1.3527	480.1818	327.3225	34.5602	463.6343	95.2315	475.0139	95.1389	479.5982	95.3935	483.3742	94.7685	
14/08/2017	07:14:32	019001	G523044623HLR	L523	S		444.3215	1.0311	2.9492	100.0155	39.5371	0.8230	0.8274	5.0000	17.1924	508.0621	94.9769	9.3917	24.5000	0.9300	0.9383	0.5838	-0.0001	508.0000	506.8336	1.0285	10.0901	99.9991	38.9805	0.8230	0.8204	5.0000	-9999.0000	-9999.0000	-9999.0000	-9999.0000	-9999.0000	-9999.0000	17.8322	3	0	25.5428	1.0000	04	2	-9999.0000	8035	37401	-9999	606	572	-9999	296.0732	5	0.5822	0.5838	-0.0001	47.8395	1.3278	491.5080	325.8324	32.7778	468.3082	94.8843	486.4827	94.9537	490.9292	95.2546	496.3052	94.9306	
14/08/2017	07:14:57	019001	G523044628HLR	L523	S		440.6128	1.0311	3.1337	100.0540	39.4525	0.8230	0.8274	5.0000	17.1220	508.0908	94.9074	13.3512	24.5000	0.9300	0.9384	0.5839	-0.0001	508.0000	508.2935	1.0285	10.2612	99.9699	38.9889	0.8230	0.8204	5.0000	-9999.0000	-9999.0000	-9999.0000	-9999.0000	-9999.0000	-9999.0000	17.8623	4	0	24.9232	1.0000	04	2	-9999.0000	8036	37402	-9999	607	573	-9999	295.7678	5	0.5819	0.5839	-0.0001	47.4926	1.3777	480.4762	330.2597	33.6806	466.3506	95.2083	475.4335	95.1389	480.1583	95.3704	483.4777	94.9306	
14/08/2017	07:15:48	019001	G523044641HLR	L523	S		445.5111	1.0311	2.8900	100.0169	39.4615	0.8230	0.8275	5.0000	17.4923	508.0640	95.0000	9.2706	24.6000	0.9300	0.9386	0.5836	-0.0001	508.0000	507.1042	1.0285	10.1218	100.0865	38.8667	0.8230	0.8199	5.0000	-9999.0000	-9999.0000	-9999.0000	-9999.0000	-9999.0000	-9999.0000	17.8419	6	0	24.8926	1.0000	04	2	-9999.0000	8038	37403	-9999	609	574	-9999	295.9928	5	0.5819	0.5836	-0.0001	47.6648	1.3639	492.9498	326.2528	34.7454	470.3070	94.8148	486.9509	94.6991	492.3084	94.9537	496.1710	95.0463	
14/08/2017	07:16:13	019001	G523044631HLR	L523	S		445.4631	1.0311	2.8924	100.0335	39.5037	0.8230	0.8278	5.0000	17.2920	508.0286	94.9769	11.8715	24.6000	0.9300	0.9388	0.5858	-0.0003	508.0000	508.5382	1.0285	10.2898	99.9434	38.8909	0.8230	0.8206	5.0000	-9999.0000	-9999.0000	-9999.0000	-9999.0000	-9999.0000	-9999.0000	17.8428	7	0	25.5537	1.0000	04	2	-9999.0000	8039	37404	-9999	610	575	-9999	295.9736	5	0.5822	0.5858	-0.0003	49.4085	1.2567	484.9367	331.8251	36.5972	461.5200	95.0231	479.5461	95.1389	484.5217	95.3009	487.7774	94.8843	
14/08/2017	07:16:38	019001	G523044647HLR	L523	S		447.2282	1.0311	2.8046	100.0106	39.5375	0.8230	0.8277	5.0000	17.2422	508.0230	95.0000	9.0714	24.6000	0.9300	0.9386	0.5858	-0.0003	508.0000	507.4759	1.0285	10.1654	99.9604	38.9906	0.8230	0.8209	5.0000	-9999.0000	-9999.0000	-9999.0000	-9999.0000	-9999.0000	-9999.0000	17.6718	8	0	24.9522	1.0000	04	2	-9999.0000	8040	37405	-9999	611	576	-9999	296.3422	5	0.5822	0.5858	-0.0003	49.7219	1.2407	493.4532	330.8546	34.8380	473.6903	95.2778	487.3836	95.0463	492.7280	95.3241	496.4811	94.8148	
14/08/2017	07:17:04	019001	G523044644HLR	L523	S		445.8768	1.0311	2.8718	100.0001	39.5581	0.8230	0.8272	5.0000	18.0519	508.0619	94.9537	8.8009	24.6000	0.9300	0.9386	0.5858	-0.0003	508.0000	506.3341	1.0285	10.0316	99.9091	39.0333	0.8230	0.8206	5.0000	-9999.0000	-9999.0000	-9999.0000	-9999.0000	-9999.0000	-9999.0000	17.6223	1	0	25.5831	1.0000	04	2	-9999.0000	8041	37406	-9999	612	577	-9999	296.4153	5	0.5822	0.5858	-0.0003	49.7219	1.2407	492.9185	323.7626	35.4167	472.3812	94.9537	487.1722	94.9537	492.2018	95.2315	496.8649	94.9074	
14/08/2017	07:17:28	019001	G523044851HLR	L523	S		444.5598	1.0311	2.9373	100.0118	39.5012	0.8230	0.8273	5.0000	17.4220	508.0492	94.9537	10.0618	24.6000	0.9300	0.9386	0.5868	-0.0003	508.0000	507.2869	1.0285	10.1432	99.9277	39.0000	0.8230	0.8204	5.0000	-9999.0000	-9999.0000	-9999.0000	-9999.0000	-9999.0000	-9999.0000	17.9220	2	0	24.8829	1.0000	04	2	-9999.0000	8042	37407	-9999	613	578	-9999	296.4072	5	0.5823	0.5868	-0.0003	51.2959	1.1346	489.3301	332.5450	34.8148	468.6810	94.8611	482.6935	94.8611	488.8563	95.1389	492.4667	94.9769	
14/08/2017	07:17:54	019001	G523044853HLR	L523	S		445.5578	1.0311	2.8877	100.0597	39.4844	0.8230	0.8274	5.0000	17.4121	508.0271	95.0000	11.1908	24.5000	0.9300	0.9386	0.5877	-0.0004	508.0000	507.8650	1.0285	10.2110	99.9819	39.0000	0.8230	0.8204	5.0000	-9999.0000	-9999.0000	-9999.0000	-9999.0000	-9999.0000	-9999.0000	17.6426	3	0	25.4737	1.0000	04	2	-9999.0000	8043	37408	-9999	614	579	-9999	296.1218	5	0.5823	0.5877	-0.0004	48.8448	1.3318	485.4301	331.2519	35.6944	466.8149	94.9537	479.7462	95.0463	484.7468	95.3009	488.5521	94.8611	
14/08/2017	07:18:19	019001	G523044633HLR	L523	S		447.5827	1.0311	2.7869	100.0226	39.4884	0.8230	0.8274	5.0000	17.6817	508.0590	94.9306	8.2207	24.6000	0.9300	0.9385	0.5877	-0.0004	508.0000	506.7236	1.0285	10.0772	100.0467	39.0000	0.8230	0.8204	5.0000	-9999.0000	-9999.0000	-9999.0000	-9999.0000	-9999.0000	-9999.0000	17.8713	4	0	24.9327	1.0000	04	2	-9999.0000	8044	37409	-9999	615	580	-9999	296.8114	5	0.5823	0.5877	-0.0004	49.8562	1.2642	494.4686	336.4842	37.1528	473.4991	94.6528	488.2255	94.7685	493.9798	95.0694	498.5116	94.9769	
14/08/2017	07:18:44	019001	G523044630HLR	L523	S		444.5949	1.0311	2.9356	100.0125	39.5027	0.8230	0.8277	5.0000	17.4123	508.0381	95.0231	11.3207	24.6000	0.9300	0.9386	0.5886	-0.0005	508.0000	507.6398	1.0285	10.1846	99.9575	39.0000	0.8230	0.8204	5.0000	-9999.0000	-9999.0000	-9999.0000	-9999.0000	-9999.0000	-9999.0000	17.9815	5	0	25.5930	1.0000	04	2	-9999.0000	8045	37410	-9999	616	581	-9999	296.2046	5	0.5826	0.5886	-0.0005	49.5129	1.2860	484.4447	342.6512	34.8611	464.2529	94.6065	478.2963	94.8611	483.9962	95.0463	487.4620	95.0000	
14/08/2017	07:19:35	019001	G523044837HLR	L523	S		442.4781	1.0311	3.0409	100.0152	39.5933	0.8230	0.8275	5.0000	17.4121	508.0510	95.0000	10.2708	24.6000	0.9300	0.9387	0.5895	-0.0006	508.0000	506.4746	1.0285	10.0481	100.0670	38.8805	0.8230	0.8199	5.0000	-9999.0000	-9999.0000	-9999.0000	-9999.0000	-9999.0000	-9999.0000	17.9318	7	0	25.5830	1.0000	04	2	-9999.0000	8047	37411	-9999	618	582	-9999	296.5328	5	0.5831	0.5895	-0.0006	48.9569	1.3238	484.9357	325.5173	34.0741	460.1880	94.6065	478.2803	94.4444	484.0656	94.6296	489.0910	95.0463	
14/08/2017	07:20:00	019001	G523044650HLR	L523	S		444.3287	1.0311	2.9488	100.0395	39.5721	0.8230	0.8273	5.0000	17.5715	508.0822	94.9537	11.6420	24.6000	0.9300	0.9388	0.5917	-0.0008	508.0000	507.8644	1.0285	10.2109	99.9337	38.9000	0.8230	0.8206	5.0000	-9999.0000	-9999.0000	-9999.0000	-9999.0000	-9999.0000	-9999.0000	17.7823	8	0	24.9630	1.0000	04	2	-9999.0000	8048	37412	-9999	619	583	-9999	296.0476	5	0.5835	0.5917	-0.0008	46.4095	1.5833	481.5290	315.3345	34.9306	459.7308	95.0000	475.8312	94.9537	480.8053	95.1389	485.6747	94.9074	
14/08/2017	07:20:25	019001	G523044830HLR	L523	S		443.9819	1.0311	2.9661	100.0330	39.5204	0.8230	0.8272	5.0000	17.3223	508.0416	94.9537	11.8217	24.5000	0.9300	0.9386	0.5910	-0.0007	508.0000	508.5742	1.0285	10.2940	100.0105	39.0084	0.8230	0.8208	5.0000	-9999.0000	-9999.0000	-9999.0000	-9999.0000	-9999.0000	-9999.0000	17.6417	1	0	25.5431	1.0000	04	2	-9999.0000	8049	37413	-9999	620	584	-9999	296.0615	5	0.5838	0.5910	-0.0007	49.1544	1.2770	482.2606	318.8266	35.6713	462.1694	94.8380	476.4407	94.9306	481.4758	95.1157	485.3248	94.9306	
14/08/2017	07:20:50	019001	G523044827HLR	L523	S		443.4696	1.0311	2.9916	100.0400	39.4807	0.8230	0.8273	5.0000	17.2120	508.0375	94.9537	10.0315	24.5000	0.9300	0.9385	0.5910	-0.0007	508.0000	507.5723	1.0285	10.1767	100.0294	39.0440	0.8230	0.8206	5.0000	-9999.0000	-9999.0000	-9999.0000	-9999.0000	-9999.0000	-9999.0000	17.7521	2	0	24.9131	1.0000	04	2	-9999.0000	8050	37414	-9999	621	585	-9999	296.7001	5	0.5838	0.5910	-0.0007	49.1544	1.2770	487.7150	346.8003	35.1389	466.4217	94.6991	481.4489	94.7454	487.1621	95.0000	490.8662	95.0694	
14/08/2017	07:21:16	019001	G523044822HLR	L523	S		444.2433	1.0311	2.9531	99.9943	39.4773	0.8230	0.8274	5.0000	17.2823	508.0840	94.9769	10.6107	24.5000	0.9300	0.9385	0.5914	-0.0007	508.0000	508.0511	1.0285	10.2328	100.1078	39.0333	0.8230	0.8203	5.0000	-9999.0000	-9999.0000	-9999.0000	-9999.0000	-9999.0000	-9999.0000	17.8322	3	0	25.5031	1.0000	04	2	-9999.0000	8051	37415	-9999	622	586	-9999	296.5923	5	0.5839	0.5914	-0.0007	48.5206	1.3420	485.6532	341.9513	36.8519	466.9088	94.6065	480.7383	94.8380	485.2279	95.0231	489.2579	95.0231	
14/08/2017	07:21:41	019001	G523045304HLR	L523	S		454.1106	1.0311	2.4622	100.0045	39.5070	0.8230	0.8275	5.0000	17.3515	508.0841	94.9306	8.0713	24.6000	0.9300	0.9385	0.5921	-0.0008	508.0000	511.0589	1.0285	10.5851	99.9148	39.0000	0.8230	0.8203	5.0000	-9999.0000	-9999.0000	-9999.0000	-9999.0000	-9999.0000	-9999.0000	17.8029	4	0	24.8731	1.0000	04	2	-9999.0000	8052	37416	-9999	623	586	-9999	297.5894	5	0.5840	0.5921	-0.0008	51.5083	1.0261	494.4037	341.5991	35.7176	474.4218	94.4907	488.2236	94.6528	494.0709	94.8843	498.3661	95.0463	
14/08/2017	07:22:06	019001	G523045318HLR	L523	S		444.0430	1.0311	2.9630	99.9357	39.5298	0.8230	0.8276	5.0000	17.3116	508.0292	94.9306	11.8012	24.5000	0.9300	0.9386	0.5932	-0.0009	508.0000	509.5543	1.0285	10.4089	100.0782	39.0000	0.8230	0.8204	5.0000	-9999.0000	-9999.0000	-9999.0000	-9999.0000	-9999.0000	-9999.0000	17.9025	5	0	25.5637	1.0000	04	2	-9999.0000	8053	37417	-9999	624	587	-9999	295.9836	5	0.5838	0.5932	-0.0009	50.1777	1.1560	480.2100	334.9564	35.9259	462.7807	94.9074	474.5324	95.0000	479.6618	95.2546	483.7250	94.9074	
14/08/2017	07:22:31	019001	G523044833HLR	L523	S		446.9667	1.0311	2.8176	100.0475	39.5419	0.8230	0.8275	5.0000	17.1515	508.0517	95.0231	11.0209	24.5000	0.9300	0.9386	0.5931	-0.0009	508.0000	508.9157	1.0285	10.3341	99.9042	39.0000	0.8230	0.8204	5.0000	-9999.0000	-9999.0000	-9999.0000	-9999.0000	-9999.0000	-9999.0000	17.9718	6	0	24.9326	1.0000	04	2	-9999.0000	8054	37418	-9999	625	587	-9999	296.4376	5	0.5841	0.5931	-0.0009	49.6867	1.2312	483.2717	332.2044	37.3380	463.7411	94.6759	477.2897	94.7917	482.7647	95.0694	487.3298	94.9769	
14/08/2017	07:22:57	019001	G523045314HLR	L523	S		441.5979	1.0311	3.0847	99.9731	39.5519	0.8230	0.8272	5.0000	17.8117	508.0472	94.9306	12.2212	24.5000	0.9300	0.9385	0.5934	-0.0009	508.0000	511.3287	1.0285	10.6167	99.9462	39.0246	0.8230	0.8204	5.0000	-9999.0000	-9999.0000	-9999.0000	-9999.0000	-9999.0000	-9999.0000	17.8624	7	0	25.5627	1.0000	04	2	-9999.0000	8055	37419	-9999	626	588	-9999	295.8771	5	0.5841	0.5934	-0.0009	50.8436	1.1454	479.0797	331.0518	34.3519	455.3573	94.8843	472.0104	94.7685	478.4659	95.0231	482.6433	95.0000	
14/08/2017	07:23:22	019001	G523045324HLR	L523	S		443.7358	1.0311	2.9783	100.0411	39.5125	0.8230	0.8274	5.0000	17.2227	508.0485	95.0000	10.5911	24.5000	0.9300	0.9385	0.5935	-0.0009	508.0000	509.9430	1.0285	10.4544	99.9168	39.0260	0.8230	0.8204	5.0000	-9999.0000	-9999.0000	-9999.0000	-9999.0000	-9999.0000	-9999.0000	17.8928	8	0	24.9227	1.0000	04	2	-9999.0000	8056	37420	-9999	627	589	-9999	296.6381	5	0.5838	0.5935	-0.0009	47.2192	1.4747	484.2528	335.0070	33.5880	463.5418	94.8611	478.9282	94.6991	483.5627	94.9537	488.3212	95.0463	
14/08/2017	07:23:47	019001	G523045333HLR	L523	S		444.6075	1.0311	2.9350	100.0135	39.5173	0.8230	0.8274	5.0000	17.2424	508.0615	94.9537	11.5805	24.5000	0.9300	0.9385	0.5950	-0.0011	508.0000	509.6096	1.0285	10.4153	99.9820	39.0312	0.8230	0.8204	5.0000	-9999.0000	-9999.0000	-9999.0000	-9999.0000	-9999.0000	-9999.0000	17.7316	1	0	25.5335	1.0000	04	2	-9999.0000	8057	37421	-9999	628	590	-9999	296.1164	5	0.5834	0.5950	-0.0011	46.0581	1.5853	479.4930	326.0751	33.4722	455.8964	94.7685	473.8270	94.7222	478.8444	94.9074	483.8681	94.9769	
14/08/2017	07:24:12	019001	G523045309HLR	L523	S		446.5558	1.0311	2.8380	100.0238	39.5187	0.8230	0.8272	5.0000	17.6212	508.0652	95.0000	11.4018	24.5000	0.9300	0.9385	0.5958	-0.0011	508.0000	507.5110	1.0285	10.1695	100.0132	39.0333	0.8230	0.8204	5.0000	-9999.0000	-9999.0000	-9999.0000	-9999.0000	-9999.0000	-9999.0000	17.8916	2	0	24.9930	1.0000	04	2	-9999.0000	8058	37422	-9999	629	591	-9999	296.1315	5	0.5834	0.5958	-0.0011	45.8562	1.6040	479.8284	348.0238	36.3657	458.7036	94.6528	474.0093	94.6759	479.1385	94.9537	484.3680	95.0231	
14/08/2017	07:24:38	019001	G523045328HLR	L523	S		442.6571	1.0311	3.0320	100.0346	39.5055	0.8230	0.8274	5.0000	17.3622	508.0933	94.9537	11.7016	24.5000	0.9300	0.9385	0.6079	-0.0023	508.0000	508.7331	1.0285	10.3127	100.0140	39.0333	0.8230	0.8204	5.0000	-9999.0000	-9999.0000	-9999.0000	-9999.0000	-9999.0000	-9999.0000	17.6417	3	0	25.5734	1.0000	04	2	-9999.0000	8059	37423	-9999	630	592	-9999	295.5559	5	0.5827	0.6079	-0.0023	42.0038	1.9850	471.7357	315.8686	35.0926	448.0127	94.6991	464.7149	94.6991	471.0433	94.9537	476.4004	94.9306	
14/08/2017	07:25:03	019001	G523045319HLR	L523	S		445.7733	1.0311	2.8770	100.0177	39.5060	0.8230	0.8274	5.0000	17.3223	508.0832	95.0000	11.2611	24.5000	0.9300	0.9385	0.6057	-0.0021	508.0000	506.8284	1.0285	10.0895	100.0171	39.0333	0.8230	0.8204	5.0000	-9999.0000	-9999.0000	-9999.0000	-9999.0000	-9999.0000	-9999.0000	17.8125	4	0	24.8828	1.0000	04	2	-9999.0000	8060	37424	-9999	630	593	-9999	295.8796	5	0.5825	0.6057	-0.0021	41.8095	2.0528	475.1904	339.7286	36.0880	454.5246	94.6296	468.5873	94.7222	474.5348	95.0231	479.2448	94.9537	
14/08/2017	07:25:28	019001	G523045597HLR	L523	S		441.7953	1.0311	3.0749	99.9555	39.5047	0.8230	0.8274	5.0000	17.2618	508.0222	94.9074	12.9322	24.5000	0.9300	0.9386	0.5902	-0.0007	508.0000	505.8353	1.0285	9.9732	99.8752	39.0333	0.8230	0.8203	5.0000	-9999.0000	-9999.0000	-9999.0000	-9999.0000	-9999.0000	-9999.0000	17.9319	5	0	25.6027	1.0000	04	2	-9999.0000	8061	37425	-9999	631	594	-9999	295.0485	5	0.5821	0.5902	-0.0007	41.3354	2.0778	478.0948	337.8777	36.6204	462.6409	94.6528	473.2450	94.8380	477.5507	95.0694	481.4702	94.9537	
14/08/2017	07:26:19	019001	G523045592HLR	L523	S		443.7851	1.0311	2.9759	100.0084	39.5507	0.8230	0.8274	5.0000	17.4415	508.0494	95.0000	10.9613	24.6000	0.9300	0.9387	0.5913	-0.0008	508.0000	506.6492	1.0285	10.0685	99.9950	38.9000	0.8230	0.8198	5.0000	-9999.0000	-9999.0000	-9999.0000	-9999.0000	-9999.0000	-9999.0000	17.9620	7	0	25.5530	1.0000	04	2	-9999.0000	8062	37426	-9999	633	595	-9999	295.7428	5	0.5820	0.5913	-0.0008	39.9244	2.2130	482.3120	325.4219	37.1528	462.0350	94.5370	475.6351	94.5370	481.7869	94.7917	485.7462	95.0231	
14/08/2017	07:26:44	019001	G523045340HLR	L523	S		446.5667	1.0311	2.8375	100.0064	39.5411	0.8230	0.8274	5.0000	17.0518	508.0398	94.9537	8.5313	24.6000	0.9300	0.9388	0.5882	-0.0006	508.0000	507.1908	1.0285	10.1320	100.0013	38.9243	0.8230	0.8205	5.0000	-9999.0000	-9999.0000	-9999.0000	-9999.0000	-9999.0000	-9999.0000	17.9123	8	0	24.9630	1.0000	04	2	-9999.0000	8063	37427	-9999	634	596	-9999	296.4168	5	0.5820	0.5882	-0.0006	38.2642	2.3070	493.1993	333.2282	35.6944	471.8663	94.9074	487.3684	94.7917	492.6356	95.0694	496.7996	94.9769	
14/08/2017	07:27:09	019001	G523045617HLR	L523	S		446.3637	1.0311	2.8476	100.0063	39.5557	0.8230	0.8272	5.0000	17.7122	508.0680	94.9306	8.6211	24.6000	0.9300	0.9387	0.5833	-0.0001	508.0000	505.5212	1.0285	9.9364	99.8645	39.0323	0.8230	0.8207	5.0000	-9999.0000	-9999.0000	-9999.0000	-9999.0000	-9999.0000	-9999.0000	17.8321	1	0	25.5233	1.0000	04	2	-9999.0000	8064	37428	-9999	635	597	-9999	295.8990	5	0.5819	0.5833	-0.0001	42.2281	1.9037	494.0558	337.5495	37.3148	476.6717	94.6759	488.6606	94.6759	493.4715	94.9769	497.4214	95.0463	
14/08/2017	07:27:34	019001	G523044058HLR	L523	S		443.8684	1.0311	2.9717	99.9481	39.5156	0.8230	0.8273	5.0000	17.4024	508.0418	94.9306	11.4809	24.6000	0.9300	0.9388	0.5833	-0.0001	508.0000	507.6524	1.0285	10.1861	99.9651	39.0667	0.8230	0.8205	5.0000	-9999.0000	-9999.0000	-9999.0000	-9999.0000	-9999.0000	-9999.0000	17.7219	2	0	24.9727	1.0000	04	2	-9999.0000	8065	37429	-9999	636	598	-9999	295.6948	5	0.5819	0.5833	-0.0001	42.2281	1.9037	486.3641	339.2891	34.5602	470.8378	95.0694	480.7972	94.9769	485.7374	95.1620	489.2615	94.9537	
14/08/2017	07:28:00	019001	G523045331HLR	L523	S		441.8516	1.0311	3.0721	100.0038	39.5542	0.8230	0.8270	5.0000	18.5225	508.0360	94.8843	12.4321	24.6000	0.9300	0.9388	0.5906	-0.0007	508.0000	507.8068	1.0285	10.2041	100.0521	39.0667	0.8230	0.8203	5.0000	-9999.0000	-9999.0000	-9999.0000	-9999.0000	-9999.0000	-9999.0000	17.8722	3	0	25.5431	1.0000	04	2	-9999.0000	8066	37430	-9999	637	599	-9999	295.3772	5	0.5820	0.5906	-0.0007	48.9085	1.3277	480.1607	341.5550	35.2083	459.7747	94.7685	474.5383	94.8843	479.4352	95.1389	483.7009	94.9537	
14/08/2017	07:28:25	019001	G523045511HLR	L523	S		441.9699	1.0311	3.0662	100.0083	39.5197	0.8230	0.8272	5.0000	17.7627	508.0246	94.8611	13.2613	24.5000	0.9300	0.9386	0.5901	-0.0007	508.0000	507.9104	1.0285	10.2163	99.9139	39.0553	0.8230	0.8203	5.0000	-9999.0000	-9999.0000	-9999.0000	-9999.0000	-9999.0000	-9999.0000	17.9524	4	0	25.0324	1.0000	04	2	-9999.0000	8067	37431	-9999	638	600	-9999	295.1892	5	0.5824	0.5901	-0.0007	50.8464	1.1453	478.5607	345.9053	37.4074	459.4646	94.7454	472.8465	94.7454	477.9025	95.0231	482.2487	95.0000	
14/08/2017	07:28:50	019001	G523045514HLR	L523	S		447.2003	1.0311	2.8060	99.9276	39.5387	0.8230	0.8274	5.0000	17.3322	508.0542	95.0000	11.6616	24.5000	0.9300	0.9385	0.5919	-0.0008	508.0000	508.3149	1.0285	10.2637	100.0038	39.0665	0.8230	0.8204	5.0000	-9999.0000	-9999.0000	-9999.0000	-9999.0000	-9999.0000	-9999.0000	17.8921	5	0	25.5235	1.0000	04	2	-9999.0000	8068	37432	-9999	639	601	-9999	295.7824	5	0.5827	0.5919	-0.0008	48.3858	1.3743	481.5992	342.8147	37.3843	462.1455	94.5139	476.0466	94.7685	481.0715	95.0231	485.0841	94.9537	
14/08/2017	07:29:14	019001	error reading	L523	S		0.0000	0.0000	0.0000	0.0000	0.0000	0.8230	0.0000	0.0000	0.0000	0.0000	0.0000	0.0000	0.0000	0.9300	0.0000	0.0000	0.0000	0.0000	0.0000	0.0000	0.0000	0.0000	0.0000	0.8230	0.0000	0.0000	0.0000	0.0000	0.0000	0.0000	0.0000	0.0000	0.0000	0	28	25.5235	1.0000	04	2	0.0000	0	0	0	0	0	0	0.0000	0	0.0000	0.0000	0.0000	0.0000	0.0000	0.0000	0.0000	0.0000	0.0000	0.0000	0.0000	0.0000	0.0000	0.0000	0.0000	0.0000	
14/08/2017	07:29:35	019001	G523045584HLR	L523	S		449.5672	1.0311	2.6882	100.0347	39.5503	0.8230	0.8272	5.0000	17.5811	460.0292	97.2454	7.1405	24.6000	0.9300	0.9384	0.5899	-0.0006	508.0000	504.9283	1.0285	9.8669	99.9258	39.0641	0.8230	0.8203	5.0000	-9999.0000	-9999.0000	-9999.0000	-9999.0000	-9999.0000	-9999.0000	17.8516	6	32	44.3256	1.0000	04	2	-9999.0000	8069	37433	-9999	640	602	-9999	260.3085	5	0.5830	0.5899	-0.0006	51.1506	1.0794	494.9255	334.1901	34.8148	474.3409	94.5370	488.0012	94.6296	494.1323	94.8380	499.0508	95.0231	
14/08/2017	07:30:00	019001	G523045520HLR	L523	S		445.7655	1.0311	2.8773	100.0001	39.5253	0.8230	0.8272	5.0000	17.6417	508.0529	95.0231	11.5014	24.6000	0.9300	0.9386	0.5908	-0.0007	508.0000	508.2690	1.0285	10.2583	99.9671	39.0667	0.8230	0.8204	5.0000	-9999.0000	-9999.0000	-9999.0000	-9999.0000	-9999.0000	-9999.0000	17.9221	7	0	25.6232	1.0000	04	2	-9999.0000	8070	37434	-9999	641	603	-9999	296.1058	5	0.5830	0.5908	-0.0007	48.9715	1.2635	482.5713	336.8637	38.1944	460.6338	94.5139	477.1545	94.6759	481.7388	95.0463	485.9738	95.0231	
14/08/2017	07:30:25	019001	G523046320HLR	L523	S		442.1963	1.0311	3.0549	100.0306	39.5052	0.8230	0.8274	5.0000	17.1621	508.0385	94.8843	13.4518	24.6000	0.9300	0.9387	0.5911	-0.0007	508.0000	507.6284	1.0285	10.1832	100.0405	38.9679	0.8230	0.8199	5.0000	-9999.0000	-9999.0000	-9999.0000	-9999.0000	-9999.0000	-9999.0000	17.8321	8	0	24.9229	1.0000	04	2	-9999.0000	8071	37435	-9999	642	604	-9999	295.4466	5	0.5830	0.5911	-0.0007	48.8430	1.2636	476.6131	335.7366	34.6528	456.5013	94.6528	470.8188	94.7685	476.3092	95.0463	480.5369	94.9537	
14/08/2017	07:30:52	019001	G523046319HLR	L523	S		446.0207	1.0311	2.8646	100.0078	39.5511	0.8230	0.8274	5.0000	17.4425	508.0864	94.9769	11.5717	24.5000	0.9300	0.9386	0.5911	-0.0007	508.0000	508.8944	1.0285	10.3316	100.0013	38.9725	0.8230	0.8204	5.0000	-9999.0000	-9999.0000	-9999.0000	-9999.0000	-9999.0000	-9999.0000	17.8214	1	0	26.5130	1.0000	04	2	-9999.0000	8072	37436	-9999	643	605	-9999	296.0858	5	0.5828	0.5911	-0.0007	49.1277	1.2372	481.6957	335.6577	35.7176	462.6597	94.6296	476.0504	94.6991	481.1219	94.9769	485.8126	95.0231	
14/08/2017	07:31:16	019001	error reading	L523	S		0.0000	0.0000	0.0000	0.0000	0.0000	0.8230	0.0000	0.0000	0.0000	0.0000	0.0000	0.0000	0.0000	0.9300	0.0000	0.0000	0.0000	0.0000	0.0000	0.0000	0.0000	0.0000	0.0000	0.8230	0.0000	0.0000	0.0000	0.0000	0.0000	0.0000	0.0000	0.0000	0.0000	0	28	26.5130	1.0000	04	2	0.0000	0	0	0	0	0	0	0.0000	0	0.0000	0.0000	0.0000	0.0000	0.0000	0.0000	0.0000	0.0000	0.0000	0.0000	0.0000	0.0000	0.0000	0.0000	0.0000	0.0000	
14/08/2017	07:31:36	019001	G523046324HLR	L523	S		443.9053	1.0311	2.9699	100.0673	39.5565	0.8230	0.8274	5.0000	17.4024	508.0750	94.9769	11.1713	24.5000	0.9300	0.9386	0.5911	-0.0007	508.0000	508.3667	1.0285	10.2697	99.9685	39.0561	0.8230	0.8206	5.0000	-9999.0000	-9999.0000	-9999.0000	-9999.0000	-9999.0000	-9999.0000	17.9718	2	0	43.8755	1.0000	04	2	-9999.0000	8073	37437	-9999	644	606	-9999	296.2149	5	0.5828	0.5911	-0.0007	49.1277	1.2372	481.9116	328.7655	35.2778	464.0671	94.8380	476.5101	94.6296	481.2129	94.8843	485.3797	95.0463	
14/08/2017	07:32:01	019001	G523046331HLR	L523	S		444.1618	1.0311	2.9571	99.9901	39.5623	0.8230	0.8273	5.0000	17.4718	508.0418	95.0231	11.7612	24.6000	0.9300	0.9387	0.5912	-0.0007	508.0000	507.6075	1.0285	10.1808	100.0796	39.1000	0.8230	0.8205	5.0000	-9999.0000	-9999.0000	-9999.0000	-9999.0000	-9999.0000	-9999.0000	17.9122	3	0	25.7324	1.0000	04	2	-9999.0000	8074	37438	-9999	645	607	-9999	296.0058	5	0.5830	0.5912	-0.0007	49.4039	1.1833	479.8152	344.0031	37.2917	457.6827	94.3056	473.4880	94.3750	479.0933	94.5370	483.4200	95.0000	
14/08/2017	07:32:26	019001	G523046302HLR	L523	S		444.4331	1.0311	2.9436	99.9965	39.6389	0.8230	0.8269	5.0000	17.9221	508.0401	94.9306	11.9809	24.6000	0.9300	0.9387	0.5905	-0.0007	508.0000	507.7604	1.0285	10.1987	100.0924	38.9667	0.8230	0.8198	5.0000	-9999.0000	-9999.0000	-9999.0000	-9999.0000	-9999.0000	-9999.0000	17.9523	4	0	24.8829	1.0000	04	2	-9999.0000	8075	37439	-9999	646	608	-9999	295.9349	5	0.5828	0.5905	-0.0007	49.6644	1.1775	480.7106	343.4043	34.7685	465.5058	94.8380	474.9966	94.7917	480.1109	95.0231	484.9337	95.0231	
14/08/2017	07:32:52	019001	G523046275HLR	L523	S		440.5757	1.0311	3.1355	100.0149	39.5355	0.8230	0.8272	5.0000	17.5713	508.0685	94.8843	14.3611	24.5000	0.9300	0.9386	0.5911	-0.0007	508.0000	506.6684	1.0285	10.0708	99.9393	38.9619	0.8230	0.8204	5.0000	-9999.0000	-9999.0000	-9999.0000	-9999.0000	-9999.0000	-9999.0000	17.8926	5	0	25.5236	1.0000	04	2	-9999.0000	8076	37440	-9999	647	609	-9999	294.9480	5	0.5827	0.5911	-0.0007	49.0698	1.2377	475.1278	330.7600	34.3519	456.0530	94.9537	469.9219	94.8611	474.8077	95.1157	477.8284	94.9074	
14/08/2017	07:33:16	019001	error reading	L523	S		0.0000	0.0000	0.0000	0.0000	0.0000	0.8230	0.0000	0.0000	0.0000	0.0000	0.0000	0.0000	0.0000	0.9300	0.0000	0.0000	0.0000	0.0000	0.0000	0.0000	0.0000	0.0000	0.0000	0.8230	0.0000	0.0000	0.0000	0.0000	0.0000	0.0000	0.0000	0.0000	0.0000	0	28	25.5236	1.0000	04	2	0.0000	0	0	0	0	0	0	0.0000	0	0.0000	0.0000	0.0000	0.0000	0.0000	0.0000	0.0000	0.0000	0.0000	0.0000	0.0000	0.0000	0.0000	0.0000	0.0000	0.0000	
14/08/2017	07:34:25	019001	G523045440HLR	L523	S		449.3546	1.0311	2.6988	99.9737	39.5319	0.8230	0.8273	5.0000	17.4220	508.0521	94.9769	9.7512	24.5000	0.9300	0.9385	0.5904	-0.0007	508.0000	508.4351	1.0285	10.2777	99.9605	39.0565	0.8230	0.8207	5.0000	-9999.0000	-9999.0000	-9999.0000	-9999.0000	-9999.0000	-9999.0000	17.8917	6	0	92.9410	1.0000	04	2	-9999.0000	8077	37441	-9999	648	610	-9999	296.5301	5	0.5826	0.5904	-0.0007	49.3827	1.2184	488.1093	332.2088	35.7176	465.8612	94.6991	482.6433	94.7685	487.4113	94.9537	492.1184	95.0000	
14/08/2017	07:34:50	019001	G523045444HLR	L523	S		449.5911	1.0311	2.6870	99.9963	39.5471	0.8230	0.8274	5.0000	17.1926	508.0534	94.9769	9.2111	24.6000	0.9300	0.9387	0.5916	-0.0008	508.0000	507.5743	1.0285	10.1769	100.0417	39.1000	0.8230	0.8205	5.0000	-9999.0000	-9999.0000	-9999.0000	-9999.0000	-9999.0000	-9999.0000	17.8820	7	0	25.6437	1.0000	04	2	-9999.0000	8078	37442	-9999	649	611	-9999	296.9382	5	0.5825	0.5916	-0.0008	47.2310	1.3928	487.9858	332.9324	35.7176	469.8291	94.3519	482.1692	94.3750	487.4179	94.6528	492.3989	95.0231	
14/08/2017	07:35:15	019001	G523045449HLR	L523	S		453.5587	1.0311	2.4896	99.9767	39.6441	0.8230	0.8272	5.0000	17.1720	508.0408	94.9537	5.7810	24.7000	0.9300	0.9387	0.5877	-0.0005	508.0000	502.7659	1.0285	9.6136	99.9367	38.8127	0.8230	0.8201	5.0000	-9999.0000	-9999.0000	-9999.0000	-9999.0000	-9999.0000	-9999.0000	19.0715	8	1	24.9121	1.0000	04	2	-9999.0000	8079	37443	-9999	650	612	-9999	297.2881	5	0.5822	0.5877	-0.0005	47.5028	1.3645	501.2625	330.5705	34.8148	478.8185	94.7917	495.7977	94.8380	500.5602	95.0000	504.9282	95.0463	
14/08/2017	07:35:41	019001	G523047156HLR	L523	S		443.1353	1.0311	3.0082	99.9914	39.5549	0.8230	0.8273	5.0000	17.3223	508.0405	95.0000	11.3519	24.6000	0.9300	0.9388	0.5853	-0.0003	508.0000	508.6574	1.0285	10.3038	100.0500	38.9772	0.8230	0.8211	5.0000	-9999.0000	-9999.0000	-9999.0000	-9999.0000	-9999.0000	-9999.0000	17.8819	1	0	26.2531	1.0000	04	2	-9999.0000	8080	37444	-9999	651	613	-9999	295.9392	5	0.5822	0.5853	-0.0003	48.9069	1.2328	484.8076	339.7794	36.8519	465.9009	94.5833	479.1764	94.8611	484.1647	95.1389	488.3179	94.9306	
14/08/2017	07:36:06	019001	G523047154HLR	L523	S		445.2838	1.0311	2.9013	99.9584	39.5205	0.8230	0.8272	5.0000	17.4914	508.0381	94.9074	12.3013	24.6000	0.9300	0.9387	0.5859	-0.0003	508.0000	507.8922	1.0285	10.2141	99.9241	39.1032	0.8230	0.8210	5.0000	-9999.0000	-9999.0000	-9999.0000	-9999.0000	-9999.0000	-9999.0000	17.8614	2	0	24.9131	1.0000	04	2	-9999.0000	8081	37445	-9999	652	614	-9999	295.8497	5	0.5823	0.5859	-0.0003	44.9301	1.5285	482.2377	347.9367	36.7824	468.4892	94.7454	476.9635	94.9074	481.5868	95.1620	485.9334	94.9537	
14/08/2017	07:36:57	019001	G523045459HLR	L523	S		454.5213	1.0311	2.4417	99.9499	39.7015	0.8230	0.8268	5.0000	17.3516	508.0606	95.1157	6.1502	24.8000	0.9300	0.9388	0.5856	-0.0003	508.0000	503.3282	1.0285	9.6795	99.9214	38.9000	0.8230	0.8197	5.0000	-9999.0000	-9999.0000	-9999.0000	-9999.0000	-9999.0000	-9999.0000	18.0920	4	0	24.8427	1.0000	04	2	-9999.0000	8083	37446	-9999	654	615	-9999	296.7775	5	0.5835	0.5856	-0.0003	43.9193	1.6073	499.6177	318.7552	34.8380	477.8384	94.0046	494.2462	93.8889	499.1067	94.0509	503.0066	94.8843	
14/08/2017	07:37:22	019001	G523044828HLR	L523	S		437.2246	1.0311	3.3023	99.9555	39.4902	0.8230	0.8270	5.0000	17.1015	508.0716	94.9074	14.0612	24.6000	0.9300	0.9389	0.5858	-0.0003	508.0000	506.9612	1.0285	10.1051	100.0135	38.9070	0.8230	0.8205	5.0000	-9999.0000	-9999.0000	-9999.0000	-9999.0000	-9999.0000	-9999.0000	17.9426	5	0	25.4727	1.0000	04	3	-9999.0000	8084	37447	-9999	655	616	-9999	295.7180	5	0.5835	0.5858	-0.0003	45.0102	1.5437	476.4632	329.2422	33.6574	451.1995	94.9537	471.0583	94.7685	475.8919	95.0694	479.7794	94.9769	
14/08/2017	07:37:47	019001	G523044825HLR	L523	S		443.2704	1.0311	3.0015	100.0683	39.4350	0.8230	0.8272	5.0000	17.1514	508.0343	94.9306	12.0708	24.5000	0.9300	0.9386	0.5848	-0.0002	508.0000	508.2494	1.0285	10.2560	100.0546	39.0264	0.8230	0.8209	5.0000	-9999.0000	-9999.0000	-9999.0000	-9999.0000	-9999.0000	-9999.0000	17.7216	6	0	24.8937	1.0000	04	3	-9999.0000	8085	37448	-9999	656	617	-9999	295.9698	5	0.5835	0.5848	-0.0002	39.6337	1.9946	484.0572	316.9180	35.3704	461.2632	94.8611	478.6455	94.9074	483.4477	95.1389	487.6298	94.9769	
14/08/2017	07:39:28	019001	G523045344HLR	L523	S		439.9583	1.0311	3.1663	99.9976	39.6534	0.8230	0.8274	5.0000	17.2811	508.0697	95.0000	9.8215	24.7000	0.9300	0.9390	0.5947	-0.0010	508.0000	511.2985	1.0285	10.6132	100.0343	38.8000	0.8230	0.8203	5.0000	-9999.0000	-9999.0000	-9999.0000	-9999.0000	-9999.0000	-9999.0000	18.0529	2	0	24.9726	1.0000	04	3	-9999.0000	8089	37449	-9999	660	618	-9999	297.3624	5	0.5842	0.5947	-0.0010	34.7979	2.4535	483.5013	337.2027	36.2269	448.8998	94.0278	476.5020	93.8889	482.7855	94.0509	488.7615	94.9537	
14/08/2017	07:39:55	019001	G523047153HLR	L523	S		445.9105	1.0311	2.8701	100.0448	39.6268	0.8230	0.8272	5.0000	17.2618	508.0478	94.9306	11.8422	24.6000	0.9300	0.9389	0.5947	-0.0010	508.0000	509.6676	1.0285	10.4221	99.9980	38.9545	0.8230	0.8211	5.0000	-9999.0000	-9999.0000	-9999.0000	-9999.0000	-9999.0000	-9999.0000	17.7422	3	0	27.4437	1.0000	04	2	-9999.0000	8090	37450	-9999	661	619	-9999	296.3282	5	0.5842	0.5947	-0.0010	34.7979	2.4535	479.9234	341.8711	37.2685	458.1234	94.8380	474.2054	95.0231	479.2686	95.3009	483.9084	94.9306	
14/08/2017	07:40:20	019001	G523045305HLR	L523	S		446.2140	1.0311	2.8550	100.0183	39.5425	0.8230	0.8270	5.0000	17.0117	508.0428	94.9537	9.8606	24.6000	0.9300	0.9386	0.5947	-0.0010	508.0000	511.1549	1.0285	10.5964	100.0196	39.0881	0.8230	0.8210	5.0000	-9999.0000	-9999.0000	-9999.0000	-9999.0000	-9999.0000	-9999.0000	17.7414	4	0	24.9825	1.0000	04	3	-9999.0000	8091	37451	-9999	662	620	-9999	297.2981	5	0.5842	0.5947	-0.0010	34.7979	2.4535	486.7693	341.4050	38.4491	466.6261	94.7685	480.3815	95.0000	486.1795	95.2778	490.5293	94.9537	
14/08/2017	07:40:47	019001	G523045307HLR	L523	S		446.8205	1.0311	2.8249	100.0456	39.4967	0.8230	0.8271	5.0000	17.2521	508.0582	95.0000	11.6909	24.5000	0.9300	0.9386	0.5947	-0.0010	508.0000	508.4697	1.0285	10.2818	99.9768	39.0667	0.8230	0.8204	5.0000	-9999.0000	-9999.0000	-9999.0000	-9999.0000	-9999.0000	-9999.0000	17.9621	5	0	26.7836	1.0000	04	3	-9999.0000	8092	37452	-9999	663	621	-9999	296.4309	5	0.5842	0.5947	-0.0010	34.7979	2.4535	480.0348	346.3565	35.7407	461.5545	95.0231	473.7405	94.9537	479.2784	95.1852	483.9109	95.0463	
14/08/2017	07:41:12	019001	G523045317HLR	L523	S		445.4606	1.0311	2.8925	99.9800	39.4695	0.8230	0.8272	5.0000	17.3224	508.0289	94.8843	12.0317	24.5000	0.9300	0.9386	0.5939	-0.0009	508.0000	510.8136	1.0285	10.5564	99.9663	39.0191	0.8230	0.8202	5.0000	-9999.0000	-9999.0000	-9999.0000	-9999.0000	-9999.0000	-9999.0000	17.9826	6	0	24.9035	1.0000	04	3	-9999.0000	8093	37453	-9999	664	622	-9999	296.0988	5	0.5841	0.5939	-0.0009	36.0654	2.3156	479.5845	327.7713	37.5000	461.1424	94.8611	473.3367	95.0463	479.0107	95.2315	483.3207	94.9537	
14/08/2017	07:41:38	019001	G523044823HLR	L523	S		436.6362	1.0311	3.3315	100.0010	39.4973	0.8230	0.8276	5.0000	17.1429	508.0616	94.8843	15.3221	24.5000	0.9300	0.9386	0.5967	-0.0012	508.0000	506.4904	1.0285	10.0499	100.0479	39.0000	0.8230	0.8203	5.0000	-9999.0000	-9999.0000	-9999.0000	-9999.0000	-9999.0000	-9999.0000	17.8724	7	0	25.5528	1.0000	04	3	-9999.0000	8094	37454	-9999	665	623	-9999	293.4953	5	0.5840	0.5967	-0.0012	34.1250	2.5453	465.3471	331.8108	36.6898	446.3911	94.8611	459.0445	94.9537	464.6486	95.1620	469.6168	94.9537	
14/08/2017	07:42:02	019001	G523044818HLR	L523	S		442.0416	1.0311	3.0626	100.0102	39.5610	0.8230	0.8276	5.0000	17.2520	508.0609	94.8611	13.4616	24.5000	0.9300	0.9385	0.5967	-0.0013	508.0000	507.5258	1.0285	10.1712	100.0391	39.0213	0.8230	0.8204	5.0000	-9999.0000	-9999.0000	-9999.0000	-9999.0000	-9999.0000	-9999.0000	17.8722	8	0	24.8828	1.0000	04	3	-9999.0000	8095	37455	-9999	666	624	-9999	294.6101	5	0.5839	0.5967	-0.0013	34.6357	2.5023	471.6882	327.6651	35.9259	448.0766	94.9537	465.6477	94.7454	471.2591	95.0231	475.9405	95.0463	
14/08/2017	07:42:28	019001	G523044820HLR	L523	S		436.7275	1.0311	3.3270	99.9970	39.5917	0.8230	0.8275	5.0000	17.2617	508.0448	94.8611	14.6121	24.5000	0.9300	0.9385	0.5953	-0.0011	508.0000	506.2093	1.0285	10.0170	99.9460	39.0333	0.8230	0.8204	5.0000	-9999.0000	-9999.0000	-9999.0000	-9999.0000	-9999.0000	-9999.0000	17.9219	1	0	25.5334	1.0000	04	3	-9999.0000	8096	37456	-9999	667	625	-9999	294.3515	5	0.5837	0.5953	-0.0011	35.9170	2.3975	468.5755	307.8775	34.3287	446.7529	95.2083	462.9797	94.9306	468.0158	95.1389	472.6283	95.0231	
14/08/2017	07:42:53	019001	G523045313HLR	L523	S		441.3563	1.0311	3.0967	99.9935	39.5730	0.8230	0.8272	5.0000	17.4923	508.0500	94.8843	12.6617	24.5000	0.9300	0.9385	0.5953	-0.0011	508.0000	509.9269	1.0285	10.4525	99.9651	39.0354	0.8230	0.8204	5.0000	-9999.0000	-9999.0000	-9999.0000	-9999.0000	-9999.0000	-9999.0000	17.7121	2	0	24.9823	1.0000	04	3	-9999.0000	8097	37457	-9999	668	626	-9999	295.4507	5	0.5826	0.5953	-0.0011	40.2183	2.0673	474.4485	316.4652	35.5324	455.0748	94.8148	468.6087	94.6759	473.7646	94.9074	479.1360	95.1157	
14/08/2017	07:43:18	019001	G523045323HLR	L523	S		448.7859	1.0311	2.7271	100.0181	39.5509	0.8230	0.8272	5.0000	17.3223	508.0664	95.0000	9.5314	24.5000	0.9300	0.9385	0.5833	-0.0001	508.0000	506.1179	1.0285	10.0063	99.9945	39.0376	0.8230	0.8203	5.0000	-9999.0000	-9999.0000	-9999.0000	-9999.0000	-9999.0000	-9999.0000	17.9025	3	0	25.4934	1.0000	04	3	-9999.0000	8098	37458	-9999	669	627	-9999	295.7741	5	0.5824	0.5833	-0.0001	38.6951	2.1250	494.2917	335.1056	35.2083	472.8093	94.8148	488.6524	94.7685	493.4955	95.0000	497.7065	95.0463	
14/08/2017	07:43:43	019001	G523045310HLR	L523	S		443.0532	1.0311	3.0123	99.9877	39.5209	0.8230	0.8272	5.0000	17.5313	508.0196	94.9769	12.0620	24.5000	0.9300	0.9386	0.5841	-0.0002	508.0000	508.1280	1.0285	10.2418	99.9199	39.0565	0.8230	0.8204	5.0000	-9999.0000	-9999.0000	-9999.0000	-9999.0000	-9999.0000	-9999.0000	17.8030	4	0	24.9423	1.0000	04	3	-9999.0000	8099	37459	-9999	670	628	-9999	295.4158	5	0.5822	0.5841	-0.0002	39.0783	2.0933	483.4464	343.3880	37.5463	463.6778	94.5370	479.0787	94.7454	483.0300	95.0231	487.2435	95.0000	
14/08/2017	07:44:09	019001	G523045332HLR	L523	S		443.8973	1.0311	2.9703	100.0398	39.5269	0.8230	0.8274	5.0000	17.3321	508.0602	94.9769	10.1818	24.5000	0.9300	0.9386	0.5836	-0.0002	508.0000	507.5096	1.0285	10.1693	99.9658	39.0667	0.8230	0.8203	5.0000	-9999.0000	-9999.0000	-9999.0000	-9999.0000	-9999.0000	-9999.0000	17.9521	5	0	25.5333	1.0000	04	3	-9999.0000	8100	37460	-9999	671	629	-9999	295.6532	5	0.5815	0.5836	-0.0002	48.0115	1.4151	490.4586	340.7045	37.3380	470.0821	94.6528	484.4314	94.9074	489.7607	95.1389	493.6785	94.9537	
14/08/2017	07:44:34	019001	G523045327HLR	L523	S		442.6073	1.0311	3.0345	99.9940	39.5467	0.8230	0.8274	5.0000	17.3916	508.0421	94.9769	11.0013	24.5000	0.9300	0.9386	0.5850	-0.0003	508.0000	506.9614	1.0285	10.1051	99.9293	39.0667	0.8230	0.8203	5.0000	-9999.0000	-9999.0000	-9999.0000	-9999.0000	-9999.0000	-9999.0000	18.0020	6	0	24.8536	1.0000	04	3	-9999.0000	8101	37461	-9999	672	630	-9999	295.4532	5	0.5811	0.5850	-0.0003	53.1913	1.0296	485.6332	344.1697	37.9630	466.7077	94.6296	479.1936	94.8380	485.0593	95.0694	489.5396	95.0231	
14/08/2017	07:44:59	019001	G523045346HLR	L523	S		442.5918	1.0311	3.0352	100.0173	39.5539	0.8230	0.8274	5.0000	17.1123	508.0523	95.0000	11.4516	24.6000	0.9300	0.9386	0.5870	-0.0005	508.0000	507.5755	1.0285	10.1770	99.9749	39.0667	0.8230	0.8203	5.0000	-9999.0000	-9999.0000	-9999.0000	-9999.0000	-9999.0000	-9999.0000	17.9524	7	0	25.4924	1.0000	04	3	-9999.0000	8102	37462	-9999	673	631	-9999	295.4906	5	0.5813	0.5870	-0.0005	48.4235	1.3857	483.9987	340.7569	34.9769	463.8767	94.7917	476.9596	94.7685	483.1228	95.0000	487.9229	95.0000	
14/08/2017	07:45:24	019001	G523045320HLR	L523	S		442.7280	1.0311	3.0285	99.9817	39.5679	0.8230	0.8273	5.0000	17.3819	508.0919	95.0000	11.2914	24.6000	0.9300	0.9386	0.5881	-0.0006	508.0000	507.4106	1.0285	10.1577	99.9252	39.0881	0.8230	0.8203	5.0000	-9999.0000	-9999.0000	-9999.0000	-9999.0000	-9999.0000	-9999.0000	17.9718	8	0	24.8937	1.0000	04	3	-9999.0000	8103	37463	-9999	674	632	-9999	295.6710	5	0.5812	0.5881	-0.0006	42.6447	1.8091	484.2548	328.9802	34.0278	462.5311	94.9306	478.4444	94.7454	483.5213	95.0463	487.9730	94.9537	
14/08/2017	07:45:50	019001	G523045330HLR	L523	S		444.5988	1.0311	2.9354	99.9839	39.5553	0.8230	0.8273	5.0000	17.0723	508.0448	94.9769	11.1713	24.6000	0.9300	0.9386	0.5882	-0.0006	508.0000	507.3015	1.0285	10.1449	99.9102	39.0989	0.8230	0.8203	5.0000	-9999.0000	-9999.0000	-9999.0000	-9999.0000	-9999.0000	-9999.0000	17.9220	1	0	26.2130	1.0000	04	3	-9999.0000	8104	37464	-9999	675	633	-9999	295.6723	5	0.5814	0.5882	-0.0006	46.8080	1.5118	484.4120	315.0482	35.0694	462.1265	95.0000	478.5890	94.9306	483.7810	95.0926	488.0151	94.9537	
14/08/2017	07:46:15	019001	G523045336HLR	L523	S		441.7442	1.0311	3.0774	99.9997	39.5415	0.8230	0.8273	5.0000	17.0714	508.0386	94.8843	12.2319	24.5000	0.9300	0.9386	0.5899	-0.0007	508.0000	507.2694	1.0285	10.1412	99.9401	39.0971	0.8230	0.8203	5.0000	-9999.0000	-9999.0000	-9999.0000	-9999.0000	-9999.0000	-9999.0000	17.9523	2	0	24.9326	1.0000	04	3	-9999.0000	8105	37465	-9999	676	634	-9999	295.4590	5	0.5815	0.5899	-0.0007	44.0584	1.7178	480.7218	324.3424	33.8426	457.5056	95.0231	475.9050	94.7222	480.0927	95.0231	484.0382	95.0231	
14/08/2017	07:46:41	019001	G523045329HLR	L523	S		444.8998	1.0311	2.9204	99.9647	39.5547	0.8230	0.8272	5.0000	17.5822	508.0406	94.9537	11.9712	24.5000	0.9300	0.9386	0.5902	-0.0007	508.0000	507.6312	1.0285	10.1836	99.9325	39.0948	0.8230	0.8202	5.0000	-9999.0000	-9999.0000	-9999.0000	-9999.0000	-9999.0000	-9999.0000	17.9220	3	0	25.5227	1.0000	04	3	-9999.0000	8106	37466	-9999	677	635	-9999	295.5404	5	0.5814	0.5902	-0.0007	50.2872	1.2773	480.9982	325.3244	36.0648	454.8324	94.7222	475.1350	94.8148	480.3695	95.0463	484.7834	94.9769	
14/08/2017	07:47:06	019001	G523045339HLR	L523	S		441.5029	1.0311	3.0894	100.1027	39.5314	0.8230	0.8273	5.0000	17.4014	508.0392	94.9306	12.1724	24.5000	0.9300	0.9385	0.5906	-0.0007	508.0000	508.2135	1.0285	10.2518	99.9246	39.0853	0.8230	0.8202	5.0000	-9999.0000	-9999.0000	-9999.0000	-9999.0000	-9999.0000	-9999.0000	17.9122	4	0	24.9133	1.0000	04	3	-9999.0000	8107	37467	-9999	678	635	-9999	295.5652	5	0.5817	0.5906	-0.0007	50.3193	1.2785	480.1691	339.4470	35.7870	460.6759	94.6759	474.3064	94.7222	479.5641	94.9537	483.5757	95.0463	
14/08/2017	07:47:31	019001	G523045337HLR	L523	S		437.5608	1.0311	3.2855	99.9549	39.5459	0.8230	0.8274	5.0000	17.1915	508.0746	94.9074	14.0720	24.5000	0.9300	0.9385	0.5940	-0.0010	508.0000	509.3027	1.0285	10.3794	99.8410	39.0982	0.8230	0.8203	5.0000	-9999.0000	-9999.0000	-9999.0000	-9999.0000	-9999.0000	-9999.0000	17.9424	5	0	25.5030	1.0000	04	3	-9999.0000	8108	37468	-9999	679	636	-9999	294.5742	5	0.5820	0.5940	-0.0010	49.5930	1.3231	473.5522	331.2631	34.3519	455.5072	94.9769	467.3809	94.8148	472.9806	95.1157	477.2747	94.9537	
14/08/2017	07:47:56	019001	G523045338HLR	L523	S		444.1983	1.0311	2.9553	99.9446	39.5846	0.8230	0.8273	5.0000	17.6719	508.0455	94.8843	12.5513	24.5000	0.9300	0.9385	0.5890	-0.0006	508.0000	507.4941	1.0285	10.1675	99.9710	39.1000	0.8230	0.8203	5.0000	-9999.0000	-9999.0000	-9999.0000	-9999.0000	-9999.0000	-9999.0000	17.9318	6	0	24.9736	1.0000	04	3	-9999.0000	8109	37469	-9999	680	637	-9999	295.5912	5	0.5822	0.5890	-0.0006	47.8843	1.4783	479.8212	325.6424	35.6944	460.8262	94.8380	474.8988	94.8380	479.1886	95.0694	483.6671	94.9537	
14/08/2017	07:48:22	019001	G523045345HLR	L523	S		444.4718	1.0311	2.9417	99.9547	39.5951	0.8230	0.8272	5.0000	17.7620	508.0729	94.9074	12.3013	24.5000	0.9300	0.9385	0.5917	-0.0008	508.0000	506.3985	1.0285	10.0392	100.0151	39.1000	0.8230	0.8203	5.0000	-9999.0000	-9999.0000	-9999.0000	-9999.0000	-9999.0000	-9999.0000	17.8615	7	0	25.4922	1.0000	04	3	-9999.0000	8110	37470	-9999	681	638	-9999	295.5891	5	0.5823	0.5917	-0.0008	37.6992	2.3209	479.5205	330.8023	34.4907	459.7988	94.7454	473.7354	94.7222	478.7654	94.9769	483.1698	95.0000	
14/08/2017	07:49:13	019001	G523043971HLR	L523	S		441.8398	1.0311	3.0726	100.0443	39.5593	0.8230	0.8273	5.0000	17.1417	508.0665	95.0000	9.2609	24.7000	0.9300	0.9387	0.5879	-0.0005	508.0000	508.0700	1.0285	10.2350	99.9070	38.9657	0.8230	0.8197	5.0000	-9999.0000	-9999.0000	-9999.0000	-9999.0000	-9999.0000	-9999.0000	17.8819	1	0	25.5130	1.0000	04	3	-9999.0000	8111	37471	-9999	683	639	-9999	296.4330	5	0.5819	0.5879	-0.0005	41.2521	2.0387	489.1775	313.9859	32.9398	465.5200	94.6296	482.4684	94.3981	488.4054	94.6296	492.7417	94.9769	
14/08/2017	07:49:38	019001	G523041433HLR	L523	S		444.1122	1.0311	2.9596	99.9437	39.5576	0.8230	0.8272	5.0000	17.3614	508.0336	94.9074	11.7416	24.6000	0.9300	0.9389	0.5852	-0.0002	508.0000	507.4987	1.0285	10.1680	99.9677	38.9804	0.8230	0.8204	5.0000	-9999.0000	-9999.0000	-9999.0000	-9999.0000	-9999.0000	-9999.0000	17.8917	2	0	24.9431	1.0000	04	3	-9999.0000	8112	37472	-9999	683	640	-9999	295.9056	5	0.5820	0.5852	-0.0002	59.2025	0.4401	484.8664	331.7874	34.7454	468.6539	95.1389	479.8212	95.0000	484.2454	95.2083	488.6062	94.8611	
14/08/2017	07:50:03	019001	G523045591HLR	L523	S		442.3563	1.0311	3.0470	100.0133	39.5798	0.8230	0.8268	5.0000	18.7219	508.0667	94.9537	10.0315	24.6000	0.9300	0.9387	0.5867	-0.0004	508.0000	506.8666	1.0285	10.0940	99.9904	39.0923	0.8230	0.8207	5.0000	-9999.0000	-9999.0000	-9999.0000	-9999.0000	-9999.0000	-9999.0000	17.9523	3	0	25.4630	1.0000	04	3	-9999.0000	8113	37473	-9999	684	641	-9999	296.2749	5	0.5821	0.5867	-0.0004	65.6198	-0.1293	489.3358	339.8719	36.9907	469.8633	94.7222	484.3377	94.8611	488.6649	94.9769	493.3804	95.0463	
14/08/2017	07:50:28	019001	G523045585HLR	L523	S		439.6841	1.0311	3.1799	99.9556	39.5435	0.8230	0.8272	5.0000	17.7021	508.0641	94.9074	14.0222	24.6000	0.9300	0.9386	0.5867	-0.0004	508.0000	509.0148	1.0285	10.3457	100.0106	39.1281	0.8230	0.8205	5.0000	-9999.0000	-9999.0000	-9999.0000	-9999.0000	-9999.0000	-9999.0000	17.8323	4	0	25.2727	1.0000	04	3	-9999.0000	8114	37474	-9999	685	642	-9999	295.5343	5	0.5821	0.5867	-0.0004	65.6198	-0.1293	477.4954	323.1899	35.5787	458.9736	94.8843	472.0949	94.8148	476.6357	95.0694	480.0666	95.0000	
14/08/2017	07:50:52	019001	error reading	L523	S		0.0000	0.0000	0.0000	0.0000	0.0000	0.8230	0.0000	0.0000	0.0000	0.0000	0.0000	0.0000	0.0000	0.9300	0.0000	0.0000	0.0000	0.0000	0.0000	0.0000	0.0000	0.0000	0.0000	0.8230	0.0000	0.0000	0.0000	0.0000	0.0000	0.0000	0.0000	0.0000	0.0000	0	28	25.2727	1.0000	04	3	0.0000	0	0	0	0	0	0	0.0000	0	0.0000	0.0000	0.0000	0.0000	0.0000	0.0000	0.0000	0.0000	0.0000	0.0000	0.0000	0.0000	0.0000	0.0000	0.0000	0.0000	
14/08/2017	07:51:13	019001	G523045587HLR	L523	S		442.0827	1.0311	3.0606	99.9658	39.5684	0.8230	0.8273	5.0000	17.5820	508.0458	94.8611	13.3317	24.5000	0.9300	0.9386	0.5870	-0.0004	508.0000	506.2269	1.0285	10.0190	100.0560	39.1000	0.8230	0.8203	5.0000	-9999.0000	-9999.0000	-9999.0000	-9999.0000	-9999.0000	-9999.0000	17.9123	5	0	44.6956	1.0000	04	3	-9999.0000	8115	37475	-9999	686	643	-9999	295.6140	5	0.5822	0.5870	-0.0004	59.7012	0.4285	478.9131	313.3496	33.1019	460.1750	95.2546	473.2856	95.0000	478.3654	95.2315	481.7075	94.9306	
14/08/2017	07:51:38	019001	G523045586HLR	L523	S		441.4865	1.0311	3.0902	99.9733	39.5608	0.8230	0.8273	5.0000	17.2413	508.0586	94.9074	12.6714	24.5000	0.9300	0.9384	0.5867	-0.0003	508.0000	508.3721	1.0285	10.2704	99.9945	39.0959	0.8230	0.8202	5.0000	-9999.0000	-9999.0000	-9999.0000	-9999.0000	-9999.0000	-9999.0000	17.8623	6	0	25.0227	1.0000	04	3	-9999.0000	8116	37476	-9999	687	644	-9999	295.8659	5	0.5823	0.5867	-0.0003	71.8312	-0.6645	481.0644	324.2875	36.4583	460.5566	94.6759	475.5787	94.7454	480.7204	95.0231	484.2675	95.0231	
14/08/2017	07:52:04	019001	G523045593HLR	L523	S		440.9973	1.0311	3.1146	99.9894	39.5595	0.8230	0.8272	5.0000	17.4014	508.0432	94.9074	12.7212	24.5000	0.9300	0.9384	0.5883	-0.0005	508.0000	507.6938	1.0285	10.1909	99.9868	38.9947	0.8230	0.8198	5.0000	-9999.0000	-9999.0000	-9999.0000	-9999.0000	-9999.0000	-9999.0000	17.9717	7	0	25.4629	1.0000	04	3	-9999.0000	8117	37477	-9999	688	645	-9999	295.8656	5	0.5825	0.5883	-0.0005	70.6949	-0.5777	480.2436	336.4239	36.7593	461.1328	94.6528	475.9541	94.5833	479.7843	94.8380	483.5907	95.0694	
14/08/2017	07:52:27	019001	error reading	L523	S		0.0000	0.0000	0.0000	0.0000	0.0000	0.8230	0.0000	0.0000	0.0000	0.0000	0.0000	0.0000	0.0000	0.9300	0.0000	0.0000	0.0000	0.0000	0.0000	0.0000	0.0000	0.0000	0.0000	0.8230	0.0000	0.0000	0.0000	0.0000	0.0000	0.0000	0.0000	0.0000	0.0000	0	28	25.4629	1.0000	04	3	0.0000	0	0	0	0	0	0	0.0000	0	0.0000	0.0000	0.0000	0.0000	0.0000	0.0000	0.0000	0.0000	0.0000	0.0000	0.0000	0.0000	0.0000	0.0000	0.0000	0.0000	
14/08/2017	07:52:52	019001	error reading	L523	S		0.0000	0.0000	0.0000	0.0000	0.0000	0.8230	0.0000	0.0000	0.0000	0.0000	0.0000	0.0000	0.0000	0.9300	0.0000	0.0000	0.0000	0.0000	0.0000	0.0000	0.0000	0.0000	0.0000	0.8230	0.0000	0.0000	0.0000	0.0000	0.0000	0.0000	0.0000	0.0000	0.0000	0	28	25.4629	1.0000	04	3	0.0000	0	0	0	0	0	0	0.0000	0	0.0000	0.0000	0.0000	0.0000	0.0000	0.0000	0.0000	0.0000	0.0000	0.0000	0.0000	0.0000	0.0000	0.0000	0.0000	0.0000	
14/08/2017	07:58:12	019001	G523045347HLR	L523	S		438.5559	1.0311	3.2360	99.9806	39.5447	0.8230	0.8272	5.0000	17.3125	508.0696	94.8611	13.7516	24.5000	0.9300	0.9384	0.5920	-0.0008	508.0000	507.7994	1.0285	10.2033	100.0057	38.9922	0.8230	0.8204	5.0000	-9999.0000	-9999.0000	-9999.0000	-9999.0000	-9999.0000	-9999.0000	17.8517	8	0	368.7347	1.0000	04	3	-9999.0000	8118	37478	-9999	689	646	-9999	295.2506	5	0.5822	0.5920	-0.0008	54.4749	0.9157	473.2406	327.0299	34.0741	456.0253	95.0000	467.5635	94.7222	472.7459	94.9769	477.2350	95.0231	
14/08/2017	07:58:38	019001	G523045598HLR	L523	S		438.1961	1.0311	3.2539	100.0752	39.5425	0.8230	0.8273	5.0000	17.3927	508.0410	94.8380	14.3318	24.5000	0.9300	0.9385	0.5910	-0.0007	508.0000	509.0366	1.0285	10.3482	99.9803	39.0877	0.8230	0.8206	5.0000	-9999.0000	-9999.0000	-9999.0000	-9999.0000	-9999.0000	-9999.0000	17.9223	1	0	25.6536	1.0000	04	3	-9999.0000	8119	37479	-9999	690	647	-9999	295.1444	5	0.5824	0.5910	-0.0007	56.7506	0.6995	474.2834	315.9247	34.8843	455.4114	94.9537	469.0902	94.8611	473.6844	95.0694	478.0741	94.9537	
14/08/2017	07:59:03	019001	G523045599HLR	L523	S		443.1381	1.0311	3.0081	99.9963	39.5519	0.8230	0.8273	5.0000	17.5119	508.0403	95.0463	10.7816	24.6000	0.9300	0.9385	0.5913	-0.0007	508.0000	508.7560	1.0285	10.3153	100.0532	38.7628	0.8230	0.8205	5.0000	-9999.0000	-9999.0000	-9999.0000	-9999.0000	-9999.0000	-9999.0000	18.2122	2	0	24.9629	1.0000	04	3	-9999.0000	8120	37480	-9999	691	648	-9999	296.4431	5	0.5824	0.5913	-0.0007	56.4625	0.7651	483.6290	319.3587	34.8380	462.5780	94.5139	477.7516	94.4676	482.9660	94.7222	488.4785	95.0231	
