Data	Timp	Nr. masina	Nr. de serie	Tip	Productie	Comentariu	Pre-masurare Q [ml/min]	Pre-masurare Gain	Pre-masurare Offset Master	Pre-masurare P [bar]	Pre-masurare T [°C]	Pre-masurare Densitate fixa [kg/l]	Pre-masurare densitate masurata [kg/l]	Pre-masurare Timp masurare [s]	Pre-masurare Cycle time [s]	rectificare Q Oprire [ml/min]	rectificare P Oprire [bar]	rectificare Timp rectificare [s]	rectificare T [°C]	rectificare Densitate fixa [kg/l]	rectificare densitate masurata [kg/l]	rectificare Factor de masurare la rectificare	rectificare Factor de corectie a debitului	rectificare Target rectificare	Masurare Q [ml/min]	Masurare Gain	Masurare Offset Master	Masurare P [bar]	Masurare T [°C]	Masurare Densitate fixa [kg/l]	Masurare densitate masurata [kg/l]	Masurare Timp masurare [s]	Masurare Q [ml/min]	Masurare Delta Q [ml/min]	Masurare P [bar]	Masurare BP [bar]	Masurare T [°C]	Masurare Timp masurare [s]	Masurare Cycle time [s]	Nest Nr.	Cod de descarcare	Cycle time [s]	Traceability aktiv	EDM Maschine Nr	EDM Spindle Nr	Honing Rate [r	Station Counter Premeasure	Station Counter Grind	Station Counter Blowout 1	Station Counter Wash	Station Counter Measure	Station Counter Blowout 2	RealGrindQStop	Reg Type	Factor 0	Factor 1	Factor 2	Factor 3	Factor 4	G_StartQV	G_StartQV_1	G_StartQV_2	G_StartQV_3	G_StartQV_4	G_StartQV_5	
12/08/2017	00:00:09	019001	G523031853HLR	L523	S		430.8152	1.0311	3.6211	100.0077	39.5473	0.8230	0.8249	5.0000	17.1621	508.0326	94.9306	17.6115	24.3000	0.9300	0.9369	0.5825	-0.0004	508.0000	507.3869	1.0285	10.7323	99.9628	39.1333	0.8230	0.8188	5.0000	-9999.0000	-9999.0000	-9999.0000	-9999.0000	-9999.0000	-9999.0000	17.7524	8	0	47.1160	1.0000	99	9	-9999.0000	4581	34081	-9999	115	114	-9999	292.2119	5	0.5753	0.5825	-0.0004	41.7539	2.0194	467.4940	372.6724	36.2500	451.5535	95.5556	462.2791	95.0926	466.8302	95.1852	470.7074	95.0231	
12/08/2017	00:00:39	019001	G523031840HLR	L523	S		432.5926	1.0311	3.5327	99.9385	39.5113	0.8230	0.8248	5.0000	17.0617	508.0791	94.9306	17.0421	24.3000	0.9300	0.9368	0.5786	-0.0002	508.0000	507.3158	1.0285	10.7236	100.0120	39.1333	0.8230	0.8188	5.0000	-9999.0000	-9999.0000	-9999.0000	-9999.0000	-9999.0000	-9999.0000	17.8216	1	0	30.4539	1.0000	99	9	-9999.0000	4582	34082	-9999	116	115	-9999	292.3791	5	0.5751	0.5786	-0.0002	37.1766	2.2757	466.6138	379.0246	35.6944	453.4654	95.7407	461.8563	94.9769	466.1158	95.1157	470.7901	95.1157	
12/08/2017	00:01:10	019001	G523031843HLR	L523	S		428.8725	1.0311	3.7178	100.0012	39.5020	0.8230	0.8248	5.0000	17.4318	508.0512	94.9074	18.2923	24.2000	0.9300	0.9368	0.5781	-0.0002	508.0000	507.0777	1.0285	10.6944	99.9570	39.0599	0.8230	0.8184	5.0000	-9999.0000	-9999.0000	-9999.0000	-9999.0000	-9999.0000	-9999.0000	17.8823	2	0	30.5732	1.0000	99	9	-9999.0000	4583	34083	-9999	117	116	-9999	292.1500	5	0.5753	0.5781	-0.0002	38.3726	2.1875	466.9753	379.1455	36.1343	451.8059	95.4630	462.9388	94.8148	466.4048	94.8843	470.0524	95.0463	
12/08/2017	00:01:40	019001	G523031831HLR	L523	S		435.0813	1.0311	3.4089	99.9678	39.5000	0.8230	0.8249	5.0000	17.2424	508.0546	94.9537	16.5616	24.2000	0.9300	0.9368	0.5745	0.0001	508.0000	507.0126	1.0285	10.6865	100.1011	39.0667	0.8230	0.8189	5.0000	-9999.0000	-9999.0000	-9999.0000	-9999.0000	-9999.0000	-9999.0000	17.8022	3	0	30.3834	1.0000	99	9	-9999.0000	4584	34083	-9999	118	117	-9999	292.4443	5	0.5754	0.5745	0.0001	40.4573	2.0575	471.2126	377.0182	37.0602	459.5037	95.3935	466.7399	94.7454	470.6716	94.8611	474.3645	95.0231	
12/08/2017	00:02:11	019001	G523031833HLR	L523	S		429.1971	1.0311	3.7016	100.0364	39.5327	0.8230	0.8249	5.0000	17.1124	508.0300	94.9074	19.2426	24.2000	0.9300	0.9369	0.5946	-0.0011	508.0000	508.9459	1.0285	10.9229	100.1055	39.1333	0.8230	0.8190	5.0000	-9999.0000	-9999.0000	-9999.0000	-9999.0000	-9999.0000	-9999.0000	17.7924	4	0	31.0547	1.0000	99	9	-9999.0000	4585	34084	-9999	119	118	-9999	292.5851	5	0.5756	0.5946	-0.0011	39.1309	2.1248	468.2249	394.8755	39.3287	455.2755	95.0231	463.7276	94.7222	467.6224	94.8148	471.2927	95.0000	
12/08/2017	00:02:39	019001	G523031830HLR	L523	S		427.4978	1.0311	3.7862	100.0414	39.5161	0.8230	0.8249	5.0000	17.1719	508.0516	94.8843	19.0026	24.3000	0.9300	0.9370	0.5844	-0.0005	508.0000	506.6890	1.0285	10.6469	99.9611	39.1333	0.8230	0.8188	5.0000	-9999.0000	-9999.0000	-9999.0000	-9999.0000	-9999.0000	-9999.0000	17.8224	5	0	27.4730	1.0000	99	9	-9999.0000	4586	34085	-9999	120	119	-9999	291.7115	5	0.5759	0.5844	-0.0005	37.0809	2.2490	453.2879	379.9399	39.3981	439.8685	95.1620	448.3099	94.8380	452.4553	94.9306	457.6207	95.0463	
12/08/2017	00:03:09	019001	G523031823HLR	L523	S		429.5395	1.0311	3.6846	99.9636	39.4957	0.8230	0.8246	5.0000	17.1018	508.0570	94.9074	18.5726	24.2000	0.9300	0.9368	0.5824	-0.0004	508.0000	507.4999	1.0285	10.7461	100.0161	39.1333	0.8230	0.8188	5.0000	-9999.0000	-9999.0000	-9999.0000	-9999.0000	-9999.0000	-9999.0000	17.8224	6	0	29.8338	1.0000	99	9	-9999.0000	4587	34086	-9999	121	120	-9999	292.3417	5	0.5760	0.5824	-0.0004	36.0361	2.2935	462.4413	386.3335	38.5417	455.7864	95.1852	457.5427	94.7917	461.8344	94.9306	466.0029	95.0463	
12/08/2017	00:03:34	019001	G523031810HLR	L523	S		429.5069	1.0311	3.6862	99.9735	39.4110	0.8230	0.8249	5.0000	17.1622	508.0379	94.8843	19.0023	24.2000	0.9300	0.9369	0.5857	-0.0006	508.0000	508.2413	1.0285	10.8367	100.0038	39.1333	0.8230	0.8189	5.0000	-9999.0000	-9999.0000	-9999.0000	-9999.0000	-9999.0000	-9999.0000	17.5823	7	0	25.3831	1.0000	99	9	-9999.0000	4588	34087	-9999	122	121	-9999	292.3960	5	0.5760	0.5857	-0.0006	38.9651	2.1339	462.8523	402.5748	38.5417	452.4155	95.2546	457.9479	94.8380	462.2072	94.9306	465.9956	95.0694	
12/08/2017	00:04:06	019001	G523031812HLR	L523	S		428.6977	1.0311	3.7265	100.0073	39.5069	0.8230	0.8251	5.0000	17.1915	508.0498	94.8843	19.0219	24.2000	0.9300	0.9369	0.5843	-0.0005	508.0000	508.2726	1.0285	10.8406	99.9699	39.1333	0.8230	0.8188	5.0000	-9999.0000	-9999.0000	-9999.0000	-9999.0000	-9999.0000	-9999.0000	17.7629	8	0	31.6934	1.0000	99	9	-9999.0000	4589	34088	-9999	123	122	-9999	292.2197	5	0.5760	0.5843	-0.0005	39.6577	2.0936	461.2205	392.0268	38.1713	450.2185	95.2083	456.5377	94.6528	460.5562	94.8148	464.7612	94.9769	
12/08/2017	00:04:30	019001	error reading	L523	S		0.0000	0.0000	0.0000	0.0000	0.0000	0.8230	0.0000	0.0000	0.0000	0.0000	0.0000	0.0000	0.0000	0.9300	0.0000	0.0000	0.0000	0.0000	0.0000	0.0000	0.0000	0.0000	0.0000	0.8230	0.0000	0.0000	0.0000	0.0000	0.0000	0.0000	0.0000	0.0000	0.0000	0	28	31.6934	1.0000	99	9	0.0000	0	0	0	0	0	0	0.0000	0	0.0000	0.0000	0.0000	0.0000	0.0000	0.0000	0.0000	0.0000	0.0000	0.0000	0.0000	0.0000	0.0000	0.0000	0.0000	0.0000	
12/08/2017	00:09:09	019001	G523031849HLR	L523	S		433.9103	1.0311	3.4672	100.0563	39.5578	0.8230	0.8250	5.0000	17.0920	508.0331	94.9769	16.0918	24.3000	0.9300	0.9368	0.5832	-0.0004	508.0000	508.8573	1.0285	10.9121	100.0099	39.1333	0.8230	0.8189	5.0000	-9999.0000	-9999.0000	-9999.0000	-9999.0000	-9999.0000	-9999.0000	17.8831	1	0	303.2177	1.0000	99	9	-9999.0000	4590	34089	-9999	124	123	-9999	293.0270	5	0.5760	0.5832	-0.0004	32.6951	2.4627	468.8725	396.3811	39.9306	459.5593	94.8611	464.1374	94.6991	468.2540	94.7917	472.2526	95.0000	
12/08/2017	00:09:59	019001	G523031828HLR	L523	Q		432.3501	1.0311	3.5448	99.9881	39.5236	0.8230	0.8247	5.0000	17.3722	508.0559	94.9074	17.7922	24.2000	0.9300	0.9369	0.5844	-0.0005	508.0000	509.5797	1.0285	11.0004	99.9703	39.1565	0.8230	0.8187	5.0000	-9999.0000	-9999.0000	-9999.0000	-9999.0000	-9999.0000	-9999.0000	18.0023	2	0	48.4052	1.0000	99	9	-9999.0000	4591	34090	-9999	125	124	-9999	292.6947	5	0.5760	0.5844	-0.0005	30.6343	2.5631	467.2032	396.3448	38.5880	457.7245	95.2315	463.5092	94.8380	466.6525	94.9769	470.5382	95.0694	
12/08/2017	00:11:03	019001	G523031809HLR	L523	S		441.6052	1.0311	3.0843	99.9419	39.4963	0.8230	0.8248	5.0000	17.3322	508.0433	95.0000	13.9812	24.3000	0.9300	0.9369	0.5844	-0.0005	508.0000	510.0580	1.0285	11.0589	99.9037	38.8667	0.8230	0.8189	5.0000	-9999.0000	-9999.0000	-9999.0000	-9999.0000	-9999.0000	-9999.0000	18.7229	3	0	65.2384	1.0000	99	9	-9999.0000	4592	34091	-9999	126	125	-9999	293.5873	5	0.5760	0.5844	-0.0005	30.6343	2.5631	475.6079	392.5540	39.0972	463.7598	94.9769	471.2391	94.8843	475.0446	94.9537	478.7606	95.0694	
12/08/2017	00:11:32	019001	G523031748HLR	L523	S		434.4109	1.0311	3.4422	100.0019	39.5140	0.8230	0.8249	5.0000	17.2920	508.0413	94.9074	19.6128	24.3000	0.9300	0.9369	0.5829	-0.0004	508.0000	508.4692	1.0285	10.8646	100.1213	39.0000	0.8230	0.8191	5.0000	-9999.0000	-9999.0000	-9999.0000	-9999.0000	-9999.0000	-9999.0000	17.8418	4	0	29.1336	1.0000	99	9	-9999.0000	4593	34092	-9999	127	126	-9999	292.1597	5	0.5758	0.5829	-0.0004	47.0703	1.6853	445.0715	388.3141	39.7222	439.4746	95.3935	441.5113	95.1389	444.5435	95.2546	448.2241	95.1157	
12/08/2017	00:12:00	019001	G523031750HLR	L523	S		430.8405	1.0311	3.6199	100.0156	39.5075	0.8230	0.8249	5.0000	17.6223	508.0380	94.8843	18.1614	24.2000	0.9300	0.9369	0.5821	-0.0004	508.0000	507.8668	1.0285	10.7910	99.9325	38.8698	0.8230	0.8187	5.0000	-9999.0000	-9999.0000	-9999.0000	-9999.0000	-9999.0000	-9999.0000	17.9926	5	0	28.0930	1.0000	99	9	-9999.0000	4594	34093	-9999	128	127	-9999	292.5371	5	0.5756	0.5821	-0.0004	47.9698	1.6389	464.7443	378.7351	36.1111	449.7032	95.0000	459.7835	95.1157	464.0946	95.1852	468.0589	95.0694	
12/08/2017	00:13:25	019001	G523031739HLR	L523	S		434.8763	1.0311	3.4191	100.0050	39.5500	0.8230	0.8248	5.0000	17.2121	508.0414	94.9074	17.8030	24.3000	0.9300	0.9371	0.5778	-0.0001	508.0000	509.5242	1.0285	10.9936	99.9589	38.9947	0.8230	0.8195	5.0000	-9999.0000	-9999.0000	-9999.0000	-9999.0000	-9999.0000	-9999.0000	17.6227	6	0	83.1401	1.0000	99	9	-9999.0000	4595	34094	-9999	129	128	-9999	292.5425	5	0.5756	0.5778	-0.0001	39.6776	2.0836	465.5518	376.0715	40.8102	453.8848	95.3704	461.0519	95.2546	464.9690	95.2083	468.5856	95.0694	
12/08/2017	00:13:50	019001	G523031741HLR	L523	S		431.1854	1.0311	3.6027	99.9764	39.3073	0.8230	0.8250	5.0000	17.2552	508.0364	94.9306	16.8624	24.3000	0.9300	0.9369	0.5786	-0.0002	508.0000	507.1009	1.0285	10.6973	100.0440	39.1000	0.8230	0.8194	5.0000	-9999.0000	-9999.0000	-9999.0000	-9999.0000	-9999.0000	-9999.0000	17.5916	7	0	27.2339	1.0000	99	9	-9999.0000	4596	34095	-9999	130	129	-9999	292.5085	5	0.5754	0.5786	-0.0002	39.4629	2.0917	471.5614	375.6215	36.1343	456.7579	95.6019	466.8007	95.0231	470.9464	95.0231	474.7759	95.0694	
12/08/2017	00:14:19	019001	G523031730HLR	L523	S		435.4835	1.0311	3.3889	99.9695	39.4498	0.8230	0.8251	5.0000	17.1721	508.0475	94.9074	16.8126	24.3000	0.9300	0.9365	0.5775	-0.0001	508.0000	508.7709	1.0285	10.9015	99.9333	38.8333	0.8230	0.8188	5.0000	-9999.0000	-9999.0000	-9999.0000	-9999.0000	-9999.0000	-9999.0000	17.8517	8	0	29.3131	1.0000	99	9	-9999.0000	4597	34096	-9999	131	130	-9999	292.4590	5	0.5753	0.5775	-0.0001	50.6193	1.4942	471.4529	372.9194	38.1481	459.7074	95.7639	467.3983	95.1620	470.7211	95.1620	474.4167	95.0926	
12/08/2017	00:14:48	019001	G523031716HLR	L523	S		432.4792	1.0311	3.5383	99.9587	39.3340	0.8230	0.8247	5.0000	17.1330	508.0789	94.9306	16.7022	24.1000	0.9300	0.9363	0.5770	-0.0001	508.0000	508.1687	1.0285	10.8279	99.8636	39.0074	0.8230	0.8196	5.0000	-9999.0000	-9999.0000	-9999.0000	-9999.0000	-9999.0000	-9999.0000	17.6624	1	0	28.9635	1.0000	99	9	-9999.0000	4598	34097	-9999	132	131	-9999	292.4477	5	0.5753	0.5770	-0.0001	41.2307	1.9871	472.1076	400.3166	37.6389	462.7999	95.4861	468.5166	95.1389	471.5909	95.1852	474.8343	95.1389	
12/08/2017	00:15:17	019001	G523031728HLR	L523	S		434.3895	1.0311	3.4433	100.0230	39.3307	0.8230	0.8252	5.0000	17.1213	508.0381	94.9306	16.8321	24.2000	0.9300	0.9367	0.5784	-0.0002	508.0000	508.3806	1.0285	10.8538	99.9294	39.1333	0.8230	0.8194	5.0000	-9999.0000	-9999.0000	-9999.0000	-9999.0000	-9999.0000	-9999.0000	17.6214	2	0	28.6938	1.0000	99	9	-9999.0000	4599	34098	-9999	133	132	-9999	292.3535	5	0.5754	0.5784	-0.0002	52.6574	1.3755	470.8066	396.9829	39.9769	460.7867	95.0000	466.2622	94.7917	470.2887	94.9306	474.2270	95.0463	
12/08/2017	00:15:44	019001	G523031731HLR	L523	S		436.9323	1.0311	3.3168	100.1156	39.5000	0.8230	0.8254	5.0000	17.2414	508.0506	94.9306	15.8623	24.3000	0.9300	0.9364	0.5783	-0.0002	508.0000	511.0214	1.0285	11.1767	100.0606	39.1000	0.8230	0.8189	5.0000	-9999.0000	-9999.0000	-9999.0000	-9999.0000	-9999.0000	-9999.0000	17.7718	3	0	27.1635	1.0000	99	9	-9999.0000	4600	34099	-9999	134	133	-9999	292.5108	5	0.5753	0.5783	-0.0002	44.7271	1.7733	474.9790	392.4409	38.5185	461.0900	95.6713	471.2754	95.0926	474.4562	95.1157	478.4568	95.0926	
12/08/2017	00:16:11	019001	G523031755HLR	L523	S		434.7012	1.0311	3.4278	99.9773	39.2279	0.8230	0.8245	5.0000	17.1417	508.0613	94.9074	17.3127	24.1000	0.9300	0.9359	0.5788	-0.0002	508.0000	509.0832	1.0285	10.9397	99.9172	39.0667	0.8230	0.8188	5.0000	-9999.0000	-9999.0000	-9999.0000	-9999.0000	-9999.0000	-9999.0000	17.6526	4	0	26.9540	1.0000	99	9	-9999.0000	4601	34100	-9999	135	134	-9999	292.3084	5	0.5753	0.5788	-0.0002	43.2541	1.8745	470.0191	402.3211	39.5602	460.6863	95.2083	466.3378	94.9537	469.6021	95.0231	473.5319	95.0694	
12/08/2017	00:16:39	019001	G523031737HLR	L523	S		429.6929	1.0311	3.6770	99.9828	39.3000	0.8230	0.8254	5.0000	17.3126	508.0277	94.9074	17.6418	24.2000	0.9300	0.9366	0.5789	-0.0002	508.0000	509.4378	1.0285	10.9831	99.9971	39.0900	0.8230	0.8189	5.0000	-9999.0000	-9999.0000	-9999.0000	-9999.0000	-9999.0000	-9999.0000	17.8419	5	0	27.9521	1.0000	99	9	-9999.0000	4602	34101	-9999	136	135	-9999	292.2179	5	0.5753	0.5789	-0.0002	52.6862	1.2959	469.1916	409.6388	39.8380	457.4214	95.1852	464.5779	95.3472	468.5921	95.3935	471.5465	94.8380	
12/08/2017	00:17:05	019001	G523031752HLR	L523	S		435.4769	1.0311	3.3892	100.0333	39.5500	0.8230	0.8255	5.0000	17.3517	508.0605	94.9074	16.6221	24.2000	0.9300	0.9368	0.5783	-0.0002	508.0000	510.8593	1.0285	11.1569	99.9840	39.1000	0.8230	0.8190	5.0000	-9999.0000	-9999.0000	-9999.0000	-9999.0000	-9999.0000	-9999.0000	17.8625	6	0	25.8940	1.0000	99	9	-9999.0000	4603	34102	-9999	137	136	-9999	292.3325	5	0.5750	0.5783	-0.0002	51.4774	1.3626	471.7897	403.9130	40.6944	462.8119	94.8843	467.8553	94.8843	471.2331	94.9074	475.3456	95.0463	
12/08/2017	00:17:33	019001	G523031732HLR	L523	S		433.7588	1.0311	3.4747	100.0574	39.5949	0.8230	0.8250	5.0000	17.2218	508.0614	94.9306	15.7822	24.2000	0.9300	0.9368	0.5769	-0.0001	508.0000	507.8285	1.0285	10.7863	99.9323	39.1138	0.8230	0.8189	5.0000	-9999.0000	-9999.0000	-9999.0000	-9999.0000	-9999.0000	-9999.0000	17.8713	7	0	28.4527	1.0000	99	9	-9999.0000	4604	34103	-9999	137	137	-9999	292.3760	5	0.5749	0.5769	-0.0001	57.1425	1.0083	474.0568	405.4492	38.5185	464.4140	95.2778	469.8877	94.8611	473.6569	94.9537	477.1923	95.0694	
12/08/2017	00:18:01	019001	G523031734HLR	L523	S		437.5035	1.0311	3.2884	100.0280	39.4675	0.8230	0.8246	5.0000	17.3322	508.0526	94.9537	14.9715	24.2000	0.9300	0.9368	0.5769	-0.0001	508.0000	506.8746	1.0285	10.6696	99.9435	39.1164	0.8230	0.8189	5.0000	-9999.0000	-9999.0000	-9999.0000	-9999.0000	-9999.0000	-9999.0000	17.7727	8	0	27.4036	1.0000	99	9	-9999.0000	4605	34104	-9999	138	138	-9999	292.3079	5	0.5749	0.5769	-0.0001	57.1425	1.0083	475.4670	400.3215	38.0093	467.3330	95.1620	470.9769	94.6759	474.8559	94.8380	478.5382	95.0231	
12/08/2017	00:18:28	019001	G523031722HLR	L523	S		433.5375	1.0311	3.4857	100.0230	39.4075	0.8230	0.8249	5.0000	17.2316	508.0272	94.9306	16.5723	24.2000	0.9300	0.9368	0.5735	0.0001	508.0000	507.9837	1.0285	10.8052	100.0354	39.1329	0.8230	0.8188	5.0000	-9999.0000	-9999.0000	-9999.0000	-9999.0000	-9999.0000	-9999.0000	17.9815	1	0	26.7338	1.0000	99	9	-9999.0000	4606	34105	-9999	139	139	-9999	291.9816	5	0.5745	0.5735	0.0001	56.3835	1.1036	474.5972	404.9576	39.1898	464.6240	95.0926	470.4481	94.8148	474.1335	94.9306	477.2282	95.0694	
12/08/2017	00:18:54	019001	G523030844HLR	L523	S		439.4784	1.0311	3.1901	99.9118	39.4592	0.8230	0.8251	5.0000	17.2521	508.0399	94.9537	13.8513	24.2000	0.9300	0.9368	0.5735	0.0001	508.0000	506.7642	1.0285	10.6561	100.0021	39.1202	0.8230	0.8188	5.0000	-9999.0000	-9999.0000	-9999.0000	-9999.0000	-9999.0000	-9999.0000	17.9221	2	0	26.4125	1.0000	99	9	-9999.0000	4607	34106	-9999	140	140	-9999	291.9046	5	0.5745	0.5735	0.0001	56.3835	1.1036	479.8683	405.5438	40.0231	468.4716	94.9074	475.9148	94.8148	479.2831	94.9074	483.1776	95.0231	
12/08/2017	00:19:24	019001	G523030835HLR	L523	S		436.3891	1.0311	3.3438	100.0115	39.5500	0.8230	0.8250	5.0000	17.1818	508.0412	94.9306	17.0724	24.2000	0.9300	0.9369	0.5925	-0.0011	508.0000	508.7558	1.0285	10.8997	99.9467	39.1325	0.8230	0.8189	5.0000	-9999.0000	-9999.0000	-9999.0000	-9999.0000	-9999.0000	-9999.0000	17.7520	3	0	29.7935	1.0000	99	9	-9999.0000	4608	34107	-9999	141	141	-9999	291.9177	5	0.5748	0.5925	-0.0011	31.9605	2.5770	469.4287	400.2530	39.5602	458.4870	95.0926	464.5219	94.8148	468.8312	95.0000	471.9509	95.0694	
12/08/2017	00:19:50	019001	G523030833HLR	L523	S		438.8799	1.0311	3.2199	100.0166	39.5197	0.8230	0.8249	5.0000	17.3321	508.0759	94.9306	15.3417	24.2000	0.9300	0.9368	0.5925	-0.0011	508.0000	510.7731	1.0285	11.1464	99.9127	39.1333	0.8230	0.8189	5.0000	-9999.0000	-9999.0000	-9999.0000	-9999.0000	-9999.0000	-9999.0000	17.7317	4	0	26.0833	1.0000	99	9	-9999.0000	4609	34108	-9999	142	142	-9999	292.8987	5	0.5748	0.5925	-0.0011	31.9605	2.5770	467.2619	370.5782	38.6343	451.2349	95.2083	461.7016	94.7454	466.6925	94.8611	471.2694	95.0000	
12/08/2017	00:20:16	019001	G523031717HLR	L523	S		439.7380	1.0311	3.1772	99.9729	39.5125	0.8230	0.8248	5.0000	17.2618	508.0632	94.9306	15.4013	24.3000	0.9300	0.9369	0.5926	-0.0011	508.0000	510.6277	1.0285	11.1286	99.9381	39.1333	0.8230	0.8188	5.0000	-9999.0000	-9999.0000	-9999.0000	-9999.0000	-9999.0000	-9999.0000	17.7815	5	0	26.1536	1.0000	99	9	-9999.0000	4610	34109	-9999	143	143	-9999	292.8252	5	0.5746	0.5926	-0.0011	32.7881	2.5215	467.2031	383.3439	38.8194	458.7883	95.0926	461.9722	94.6759	466.5017	94.8380	470.8945	95.0463	
12/08/2017	00:20:44	019001	G523030824HLR	L523	S		439.6642	1.0311	3.1809	99.9572	39.5000	0.8230	0.8249	5.0000	17.1622	508.0769	94.9306	14.3719	24.3000	0.9300	0.9369	0.5857	-0.0007	508.0000	507.9011	1.0285	10.7951	99.9403	39.1333	0.8230	0.8188	5.0000	-9999.0000	-9999.0000	-9999.0000	-9999.0000	-9999.0000	-9999.0000	17.7824	6	0	27.7439	1.0000	99	9	-9999.0000	4611	34110	-9999	144	144	-9999	292.7660	5	0.5747	0.5857	-0.0007	29.2422	2.7515	473.5689	380.8624	36.3657	459.9016	95.6019	468.9649	94.9769	473.0438	95.0694	477.3105	95.0694	
12/08/2017	00:21:10	019001	G523030819HLR	L523	S		427.9733	1.0311	3.7625	99.9790	39.5000	0.8230	0.8250	5.0000	17.1915	508.0475	94.9074	18.3626	24.3000	0.9300	0.9369	0.5852	-0.0007	508.0000	508.2830	1.0285	10.8419	99.9547	39.1519	0.8230	0.8189	5.0000	-9999.0000	-9999.0000	-9999.0000	-9999.0000	-9999.0000	-9999.0000	17.7024	7	0	25.9424	1.0000	99	9	-9999.0000	4612	34111	-9999	145	144	-9999	291.1980	5	0.5743	0.5852	-0.0007	32.8976	2.5124	461.2592	392.0999	38.1481	451.8059	95.3704	456.5800	94.8380	460.7840	94.9537	464.3631	95.0694	
12/08/2017	00:21:37	019001	G523030832HLR	L523	S		441.7012	1.0311	3.0795	99.9820	39.5143	0.8230	0.8249	5.0000	17.2218	508.0262	94.9769	13.9812	24.3000	0.9300	0.9369	0.5852	-0.0007	508.0000	509.3085	1.0285	10.9673	99.9935	39.1667	0.8230	0.8189	5.0000	-9999.0000	-9999.0000	-9999.0000	-9999.0000	-9999.0000	-9999.0000	17.6526	8	0	27.5338	1.0000	99	9	-9999.0000	4613	34112	-9999	146	145	-9999	292.5634	5	0.5743	0.5852	-0.0007	32.8976	2.5124	474.4372	388.2799	39.1667	464.7304	94.8611	469.8847	94.6991	473.8565	94.7917	477.9788	95.0463	
12/08/2017	00:22:03	019001	G523030842HLR	L523	S		438.0338	1.0311	3.2620	99.9905	39.5500	0.8230	0.8249	5.0000	17.2814	508.0381	94.9537	14.7811	24.3000	0.9300	0.9370	0.5846	-0.0006	508.0000	507.6908	1.0285	10.7694	100.0374	39.1545	0.8230	0.8188	5.0000	-9999.0000	-9999.0000	-9999.0000	-9999.0000	-9999.0000	-9999.0000	17.6428	1	0	25.5030	1.0000	99	9	-9999.0000	4614	34113	-9999	147	146	-9999	292.3011	5	0.5744	0.5846	-0.0006	31.4964	2.5897	471.8147	400.9608	40.1620	459.3049	94.9537	466.6155	94.8843	471.3226	95.0000	475.8438	95.0463	
12/08/2017	00:22:30	019001	G523030831HLR	L523	S		434.9262	1.0311	3.4166	100.0134	39.5024	0.8230	0.8248	5.0000	17.2022	508.0520	94.9537	15.7519	24.3000	0.9300	0.9370	0.5873	-0.0008	508.0000	507.2288	1.0285	10.7129	99.9740	39.1667	0.8230	0.8188	5.0000	-9999.0000	-9999.0000	-9999.0000	-9999.0000	-9999.0000	-9999.0000	17.9327	2	0	27.2436	1.0000	99	9	-9999.0000	4615	34114	-9999	148	147	-9999	292.0374	5	0.5746	0.5873	-0.0008	25.7831	2.9696	467.9567	393.8870	40.6019	460.2199	94.8148	462.6719	94.7454	467.2402	94.9306	471.6389	95.1157	
12/08/2017	00:22:56	019001	G523030851HLR	L523	S		438.9201	1.0311	3.2179	99.9877	39.5077	0.8230	0.8249	5.0000	17.0625	508.0554	94.9306	14.5818	24.3000	0.9300	0.9370	0.5873	-0.0008	508.0000	507.9946	1.0285	10.8066	100.0492	39.1661	0.8230	0.8188	5.0000	-9999.0000	-9999.0000	-9999.0000	-9999.0000	-9999.0000	-9999.0000	17.9924	3	0	25.7933	1.0000	99	9	-9999.0000	4616	34115	-9999	149	148	-9999	292.5091	5	0.5746	0.5873	-0.0008	25.7831	2.9696	471.9532	394.9113	38.5880	464.1601	95.2083	466.8613	94.9074	471.2853	95.0000	475.3626	95.0463	
12/08/2017	00:23:21	019001	G523031837HLR	L523	S		436.2806	1.0311	3.3492	100.0496	39.5500	0.8230	0.8249	5.0000	17.1817	508.0434	94.9537	15.4921	24.3000	0.9300	0.9370	0.5845	-0.0006	508.0000	507.7049	1.0285	10.7711	99.9302	39.1667	0.8230	0.8188	5.0000	-9999.0000	-9999.0000	-9999.0000	-9999.0000	-9999.0000	-9999.0000	17.8323	4	0	25.6330	1.0000	99	9	-9999.0000	4617	34116	-9999	150	149	-9999	292.0871	5	0.5748	0.5845	-0.0006	26.4795	2.9250	470.1967	393.9842	39.1667	458.8897	95.0926	465.3417	94.7685	469.5042	94.9769	473.8382	95.1389	
12/08/2017	00:23:46	019001	G523030827HLR	L523	S		437.2769	1.0311	3.2997	99.9431	39.5321	0.8230	0.8248	5.0000	17.3212	508.0410	94.9537	14.1121	24.3000	0.9300	0.9369	0.5845	-0.0006	508.0000	505.8843	1.0285	10.5485	99.8499	39.1667	0.8230	0.8188	5.0000	-9999.0000	-9999.0000	-9999.0000	-9999.0000	-9999.0000	-9999.0000	17.8527	5	0	24.9826	1.0000	99	9	-9999.0000	4618	34117	-9999	151	150	-9999	292.4882	5	0.5748	0.5845	-0.0006	26.8123	2.8946	473.3339	389.9170	38.4491	461.6621	95.2315	468.3760	94.8148	472.6366	94.9306	476.8708	95.0694	
12/08/2017	00:24:13	019001	G523030828HLR	L523	S		437.1324	1.0311	3.3068	100.0301	39.5484	0.8230	0.8249	5.0000	17.2520	508.0271	94.9306	15.1913	24.3000	0.9300	0.9370	0.5836	-0.0006	508.0000	506.1472	1.0285	10.5806	99.9330	39.1667	0.8230	0.8188	5.0000	-9999.0000	-9999.0000	-9999.0000	-9999.0000	-9999.0000	-9999.0000	17.9122	6	0	26.8333	1.0000	99	9	-9999.0000	4619	34118	-9999	152	151	-9999	292.1056	5	0.5747	0.5836	-0.0006	27.2071	2.8734	472.7919	400.0982	39.7917	459.8373	94.9306	467.4210	95.2083	472.1762	95.3704	475.5767	94.8611	
12/08/2017	00:24:40	019001	G523030839HLR	L523	S		437.4279	1.0311	3.2921	100.0195	39.5205	0.8230	0.8249	5.0000	17.0723	508.0777	94.9306	14.4217	24.3000	0.9300	0.9370	0.5847	-0.0006	508.0000	506.9900	1.0285	10.6837	99.9214	39.1667	0.8230	0.8188	5.0000	-9999.0000	-9999.0000	-9999.0000	-9999.0000	-9999.0000	-9999.0000	17.8216	7	0	26.8830	1.0000	99	9	-9999.0000	4620	34119	-9999	152	152	-9999	292.4364	5	0.5748	0.5847	-0.0006	26.6265	2.9146	472.4051	389.7488	36.7361	460.2759	95.4630	467.2443	94.8380	471.7651	94.9074	475.6546	95.0694	
12/08/2017	00:25:07	019001	G523030848HLR	L523	S		439.9038	1.0311	3.1690	100.0669	39.5500	0.8230	0.8249	5.0000	17.2921	508.0647	94.9306	13.5017	24.3000	0.9300	0.9370	0.5846	-0.0006	508.0000	507.5814	1.0285	10.7560	100.0303	39.1911	0.8230	0.8188	5.0000	-9999.0000	-9999.0000	-9999.0000	-9999.0000	-9999.0000	-9999.0000	17.8820	8	0	26.4837	1.0000	99	9	-9999.0000	4621	34120	-9999	153	153	-9999	292.7201	5	0.5747	0.5846	-0.0006	26.0959	2.9439	476.1254	379.2537	37.4074	461.3311	95.2546	471.6822	94.6528	475.4520	94.7917	479.8487	95.0231	
12/08/2017	00:25:32	019001	G523031847HLR	L523	S		439.7020	1.0311	3.1790	100.0232	39.5473	0.8230	0.8249	5.0000	17.1221	508.0561	94.9537	12.9215	24.3000	0.9300	0.9370	0.5867	-0.0008	508.0000	506.6795	1.0285	10.6458	99.8781	39.1667	0.8230	0.8187	5.0000	-9999.0000	-9999.0000	-9999.0000	-9999.0000	-9999.0000	-9999.0000	17.8919	1	0	25.4826	1.0000	99	9	-9999.0000	4622	34121	-9999	153	154	-9999	293.1407	5	0.5752	0.5867	-0.0008	27.0969	2.8828	477.4122	385.3821	36.9444	464.1947	95.6019	471.6821	94.8611	476.6994	94.9306	480.6417	94.9769	
12/08/2017	00:26:00	019001	G523031846HLR	L523	S		434.2166	1.0311	3.4519	100.0338	39.5500	0.8230	0.8249	5.0000	17.2823	508.0685	94.8611	14.8026	24.3000	0.9300	0.9370	0.5890	-0.0009	508.0000	507.1690	1.0285	10.7056	99.9465	39.1667	0.8230	0.8190	5.0000	-9999.0000	-9999.0000	-9999.0000	-9999.0000	-9999.0000	-9999.0000	17.8929	2	0	27.5835	1.0000	99	9	-9999.0000	4623	34122	-9999	154	155	-9999	292.7200	5	0.5755	0.5890	-0.0009	33.3378	2.4548	470.3376	366.6371	36.6898	452.5039	95.5324	464.8774	95.0926	469.7778	95.1852	473.5447	95.1157	
12/08/2017	00:26:25	019001	G523031836HLR	L523	S		436.3137	1.0311	3.3476	99.9867	39.5500	0.8230	0.8249	5.0000	17.1514	508.0814	94.9306	15.5019	24.3000	0.9300	0.9370	0.5903	-0.0009	508.0000	508.8457	1.0285	10.9107	100.0555	39.1752	0.8230	0.8189	5.0000	-9999.0000	-9999.0000	-9999.0000	-9999.0000	-9999.0000	-9999.0000	17.8918	3	0	24.9531	1.0000	99	9	-9999.0000	4623	34123	-9999	155	156	-9999	292.5274	5	0.5758	0.5903	-0.0009	35.3044	2.3252	467.3647	383.8845	38.4954	455.3695	95.1157	462.7428	94.8148	466.5680	94.9769	471.5004	95.0463	
12/08/2017	00:26:51	019001	G523031817HLR	L523	S		435.9526	1.0311	3.3655	100.0584	39.5500	0.8230	0.8249	5.0000	17.1914	508.0888	94.9306	14.4217	24.3000	0.9300	0.9370	0.5886	-0.0008	508.0000	508.2789	1.0285	10.8413	100.0774	39.1999	0.8230	0.8190	5.0000	-9999.0000	-9999.0000	-9999.0000	-9999.0000	-9999.0000	-9999.0000	17.7824	4	0	26.4938	1.0000	99	9	-9999.0000	4624	34124	-9999	155	157	-9999	292.9679	5	0.5759	0.5886	-0.0008	39.5930	2.0460	471.2497	385.7937	37.3611	457.8554	95.3009	466.3926	94.8611	470.5140	95.0000	474.6496	95.0694	
12/08/2017	00:27:18	019001	G523031835HLR	L523	S		437.3693	1.0311	3.2951	99.9852	39.5500	0.8230	0.8249	5.0000	17.0713	508.0545	94.9537	14.1023	24.3000	0.9300	0.9369	0.5884	-0.0008	508.0000	506.6604	1.0285	10.6434	100.0158	39.1667	0.8230	0.8190	5.0000	-9999.0000	-9999.0000	-9999.0000	-9999.0000	-9999.0000	-9999.0000	17.8528	5	0	26.4728	1.0000	99	9	-9999.0000	4625	34125	-9999	156	158	-9999	293.1034	5	0.5764	0.5884	-0.0008	43.2630	1.7970	471.6964	392.1398	37.2454	457.2952	95.3935	466.6276	94.7685	471.0771	94.8843	475.5246	95.0463	
12/08/2017	00:27:45	019001	G523031811HLR	L523	S		437.9157	1.0311	3.2679	99.9854	39.5500	0.8230	0.8249	5.0000	17.1319	508.0401	94.9306	15.5419	24.3000	0.9300	0.9369	0.5896	-0.0009	508.0000	507.7363	1.0285	10.7750	99.9364	39.1890	0.8230	0.8188	5.0000	-9999.0000	-9999.0000	-9999.0000	-9999.0000	-9999.0000	-9999.0000	17.9220	6	0	27.1936	1.0000	99	9	-9999.0000	4626	34126	-9999	157	159	-9999	292.5687	5	0.5767	0.5896	-0.0009	43.8084	1.7671	467.8755	387.4941	38.9815	452.2224	95.0694	462.6882	94.9306	467.3794	95.0694	471.3865	95.0926	
12/08/2017	00:28:11	019001	G523031832HLR	L523	S		441.2307	1.0311	3.1030	99.9936	39.5500	0.8230	0.8249	5.0000	17.2921	508.0526	94.9537	13.5319	24.3000	0.9300	0.9369	0.5910	-0.0010	508.0000	509.8564	1.0285	11.0343	99.9376	39.1949	0.8230	0.8188	5.0000	-9999.0000	-9999.0000	-9999.0000	-9999.0000	-9999.0000	-9999.0000	17.6612	7	0	26.5835	1.0000	99	9	-9999.0000	4627	34127	-9999	158	159	-9999	293.5332	5	0.5766	0.5910	-0.0010	41.4683	1.9408	473.5033	393.7041	39.5833	461.9272	94.9074	468.6709	94.8611	472.8737	95.0231	477.1357	95.0463	
12/08/2017	00:28:38	019001	G523031824HLR	L523	S		436.4463	1.0311	3.3410	100.0074	39.5500	0.8230	0.8249	5.0000	17.1818	508.1265	94.9306	14.4725	24.3000	0.9300	0.9369	0.5917	-0.0010	508.0000	507.0681	1.0285	10.6933	99.8987	39.1741	0.8230	0.8187	5.0000	-9999.0000	-9999.0000	-9999.0000	-9999.0000	-9999.0000	-9999.0000	17.9317	8	0	26.9827	1.0000	99	9	-9999.0000	4628	34128	-9999	159	160	-9999	293.1094	5	0.5767	0.5917	-0.0010	42.4655	1.8785	469.1945	389.4374	38.2407	456.6493	95.2546	463.7455	94.7685	468.5722	94.9306	473.0399	95.0463	
12/08/2017	00:29:04	019001	G523031834HLR	L523	S		435.3417	1.0311	3.3959	100.0222	39.5500	0.8230	0.8249	5.0000	17.1319	508.0325	94.9074	15.1122	24.3000	0.9300	0.9369	0.5927	-0.0011	508.0000	507.9517	1.0285	10.8013	99.9599	39.1667	0.8230	0.8187	5.0000	-9999.0000	-9999.0000	-9999.0000	-9999.0000	-9999.0000	-9999.0000	18.0324	1	0	25.6634	1.0000	99	9	-9999.0000	4629	34129	-9999	160	161	-9999	292.7701	5	0.5769	0.5927	-0.0011	41.5146	1.9563	467.1623	386.1291	39.0741	454.3257	94.9769	462.4990	94.8611	466.5805	94.9537	470.9374	95.0463	
12/08/2017	00:29:31	019001	G523031844HLR	L523	S		436.5800	1.0311	3.3343	100.0273	39.5500	0.8230	0.8248	5.0000	17.3818	508.0779	94.9306	15.1220	24.3000	0.9300	0.9369	0.5901	-0.0009	508.0000	508.5753	1.0285	10.8776	99.9584	39.1730	0.8230	0.8188	5.0000	-9999.0000	-9999.0000	-9999.0000	-9999.0000	-9999.0000	-9999.0000	17.9719	2	0	26.6136	1.0000	99	9	-9999.0000	4630	34130	-9999	161	161	-9999	292.9290	5	0.5770	0.5901	-0.0009	46.0187	1.6446	468.0712	392.9351	38.8889	460.4968	95.0231	463.3859	94.6759	467.4189	94.7685	471.9470	95.0231	
12/08/2017	00:29:59	019001	G523031820HLR	L523	S		438.5897	1.0311	3.2343	100.0671	39.5500	0.8230	0.8249	5.0000	17.1718	508.0561	94.9074	15.2616	24.3000	0.9300	0.9369	0.5859	-0.0006	508.0000	509.9315	1.0285	11.0435	99.9296	39.1857	0.8230	0.8188	5.0000	-9999.0000	-9999.0000	-9999.0000	-9999.0000	-9999.0000	-9999.0000	17.9329	3	0	27.9027	1.0000	99	9	-9999.0000	4631	34131	-9999	162	162	-9999	292.8127	5	0.5768	0.5859	-0.0006	46.8505	1.5961	471.0841	388.2904	38.5880	460.7266	95.2315	466.3842	95.0000	470.5921	95.0926	474.5731	95.0926	
12/08/2017	00:30:25	019001	G523031821HLR	L523	S		438.9929	1.0311	3.2143	100.0168	39.5500	0.8230	0.8248	5.0000	17.3019	508.0412	94.9306	14.9422	24.3000	0.9300	0.9370	0.5872	-0.0007	508.0000	509.8102	1.0285	11.0286	99.9752	39.1971	0.8230	0.8188	5.0000	-9999.0000	-9999.0000	-9999.0000	-9999.0000	-9999.0000	-9999.0000	17.7922	4	0	26.2336	1.0000	99	9	-9999.0000	4632	34132	-9999	163	163	-9999	292.9085	5	0.5769	0.5872	-0.0007	35.8298	2.4010	471.4875	377.8512	36.9444	455.0181	95.4398	466.4708	95.0926	470.9173	95.1852	474.8200	94.9769	
12/08/2017	00:30:50	019001	G523031829HLR	L523	S		438.7222	1.0311	3.2277	100.0580	39.5500	0.8230	0.8248	5.0000	17.3819	508.0345	94.9537	14.2518	24.3000	0.9300	0.9370	0.5872	-0.0007	508.0000	507.1780	1.0285	10.7067	99.9056	39.1667	0.8230	0.8187	5.0000	-9999.0000	-9999.0000	-9999.0000	-9999.0000	-9999.0000	-9999.0000	17.7521	5	0	25.7034	1.0000	99	9	-9999.0000	4633	34133	-9999	164	164	-9999	293.1505	5	0.5768	0.5872	-0.0007	33.4279	2.5895	472.6866	371.4137	36.8056	459.9034	95.5556	468.1403	95.0463	472.0758	95.1620	476.1999	95.0231	
12/08/2017	00:31:18	019001	G523031819HLR	L523	S		438.2418	1.0311	3.2517	100.0550	39.5500	0.8230	0.8248	5.0000	17.3029	508.0713	94.9306	14.5916	24.3000	0.9300	0.9370	0.5918	-0.0010	508.0000	506.5261	1.0285	10.6270	99.9975	39.1667	0.8230	0.8188	5.0000	-9999.0000	-9999.0000	-9999.0000	-9999.0000	-9999.0000	-9999.0000	17.9826	6	0	27.4635	1.0000	99	9	-9999.0000	4634	34134	-9999	165	165	-9999	293.1496	5	0.5768	0.5918	-0.0010	36.5525	2.3702	468.8633	371.7664	37.0833	457.5240	95.4861	463.7508	94.8148	468.3345	94.9306	472.5292	95.0231	
12/08/2017	00:31:43	019001	G523031808HLR	L523	S		435.4523	1.0311	3.3904	100.0665	39.5500	0.8230	0.8249	5.0000	17.0626	508.0574	94.9306	16.1016	24.3000	0.9300	0.9370	0.5910	-0.0010	508.0000	507.6117	1.0285	10.7597	99.9965	39.1868	0.8230	0.8188	5.0000	-9999.0000	-9999.0000	-9999.0000	-9999.0000	-9999.0000	-9999.0000	17.8918	7	0	24.9726	1.0000	99	9	-9999.0000	4635	34135	-9999	166	166	-9999	292.0496	5	0.5761	0.5910	-0.0010	43.5917	1.8630	461.1371	387.0312	38.9120	447.2100	95.1852	455.8163	94.8611	460.5286	94.9769	465.3964	95.0694	
12/08/2017	00:32:09	019001	G523031714HLR	L523	S		442.2395	1.0311	3.0528	100.0359	39.5500	0.8230	0.8249	5.0000	17.1721	508.0588	94.9769	14.1912	24.3000	0.9300	0.9370	0.5910	-0.0010	508.0000	510.7755	1.0285	11.1467	99.9465	39.2000	0.8230	0.8188	5.0000	-9999.0000	-9999.0000	-9999.0000	-9999.0000	-9999.0000	-9999.0000	17.7423	8	0	26.2132	1.0000	99	9	-9999.0000	4636	34136	-9999	167	167	-9999	293.0624	5	0.5761	0.5910	-0.0010	43.5917	1.8630	471.7411	389.7857	37.8241	458.1413	95.1852	466.3597	94.6296	471.0118	94.7685	475.4425	95.0000	
12/08/2017	00:32:34	019001	G523031712HLR	L523	S		439.5107	1.0311	3.1885	100.0177	39.5500	0.8230	0.8248	5.0000	17.3321	508.0248	94.9306	14.3211	24.3000	0.9300	0.9370	0.5929	-0.0011	508.0000	510.1755	1.0285	11.0733	100.0098	39.1677	0.8230	0.8188	5.0000	-9999.0000	-9999.0000	-9999.0000	-9999.0000	-9999.0000	-9999.0000	17.7920	1	0	25.0029	1.0000	99	9	-9999.0000	4637	34137	-9999	168	168	-9999	293.0853	5	0.5764	0.5929	-0.0011	41.5892	1.9879	470.3341	390.1388	37.0833	455.3101	94.8380	465.0728	94.6991	469.5383	94.8380	474.0086	95.0231	
12/08/2017	00:33:01	019001	G523031756HLR	L523	S		438.4313	1.0311	3.2422	100.0386	39.5436	0.8230	0.8248	5.0000	17.3418	508.0995	94.9537	15.4814	24.3000	0.9300	0.9370	0.6104	-0.0023	508.0000	509.7052	1.0285	11.0158	99.8042	39.1989	0.8230	0.8188	5.0000	-9999.0000	-9999.0000	-9999.0000	-9999.0000	-9999.0000	-9999.0000	17.7521	2	0	27.4135	1.0000	99	9	-9999.0000	4638	34138	-9999	168	169	-9999	292.3360	5	0.5766	0.6104	-0.0023	45.5801	1.6788	456.4825	382.4624	40.4398	446.2270	94.8843	450.6028	94.8380	455.7181	94.9537	461.2495	95.0694	
12/08/2017	00:33:26	019001	G523031740HLR	L523	S		443.0538	1.0311	3.0123	100.0271	39.5500	0.8230	0.8249	5.0000	17.3117	508.0497	94.9769	13.0914	24.3000	0.9300	0.9369	0.5898	-0.0009	508.0000	509.6275	1.0285	11.0063	99.8971	39.1977	0.8230	0.8188	5.0000	-9999.0000	-9999.0000	-9999.0000	-9999.0000	-9999.0000	-9999.0000	17.6828	3	0	24.9534	1.0000	99	9	-9999.0000	4639	34139	-9999	169	170	-9999	293.6888	5	0.5763	0.5898	-0.0009	47.6937	1.5319	475.1009	392.6232	39.1898	462.3457	94.9769	470.1895	94.7454	474.4867	94.8843	479.0044	95.0463	
12/08/2017	00:33:52	019001	G523031749HLR	L523	S		439.0043	1.0311	3.2137	99.9799	39.5543	0.8230	0.8248	5.0000	17.2618	508.0440	94.9537	14.1717	24.3000	0.9300	0.9370	0.5843	-0.0006	508.0000	508.7259	1.0285	10.8960	100.0166	39.2000	0.8230	0.8187	5.0000	-9999.0000	-9999.0000	-9999.0000	-9999.0000	-9999.0000	-9999.0000	17.8322	4	0	25.6622	1.0000	99	9	-9999.0000	4640	34140	-9999	170	171	-9999	292.8919	5	0.5761	0.5843	-0.0006	42.1307	1.9131	474.6175	386.3457	38.6343	463.4705	95.2083	469.2268	94.8380	473.8985	95.0231	478.1576	95.0463	
12/08/2017	00:34:17	019001	G523031727HLR	L523	S		438.8074	1.0311	3.2235	99.9722	39.5500	0.8230	0.8248	5.0000	17.1925	508.0638	94.9537	13.3317	24.3000	0.9300	0.9370	0.5863	-0.0007	508.0000	509.1658	1.0285	10.9498	99.9512	39.1667	0.8230	0.8189	5.0000	-9999.0000	-9999.0000	-9999.0000	-9999.0000	-9999.0000	-9999.0000	17.7620	5	0	24.9230	1.0000	99	9	-9999.0000	4641	34141	-9999	171	172	-9999	293.2099	5	0.5760	0.5863	-0.0007	40.7463	2.0101	477.1315	394.9301	39.2130	465.7979	95.1389	471.9893	94.8843	476.5122	95.0694	480.6895	95.0694	
12/08/2017	00:34:43	019001	G523031729HLR	L523	S		436.8863	1.0311	3.3191	100.0627	39.5500	0.8230	0.8249	5.0000	17.1222	508.0286	94.9306	15.3720	24.3000	0.9300	0.9370	0.5854	-0.0007	508.0000	508.0154	1.0285	10.8091	100.0170	39.1947	0.8230	0.8188	5.0000	-9999.0000	-9999.0000	-9999.0000	-9999.0000	-9999.0000	-9999.0000	17.9223	6	0	26.4935	1.0000	99	9	-9999.0000	4641	34142	-9999	172	173	-9999	292.2460	5	0.5755	0.5854	-0.0007	40.3577	2.0250	471.1103	389.3273	38.2870	459.8064	95.3472	466.5504	94.9769	470.5737	95.1389	475.0367	95.0926	
12/08/2017	00:35:11	019001	G523031715HLR	L523	S		439.6572	1.0311	3.1812	99.9577	39.5500	0.8230	0.8247	5.0000	18.2523	508.0525	94.9769	12.5220	24.3000	0.9300	0.9370	0.5841	-0.0006	508.0000	506.8922	1.0285	10.6718	99.8570	39.2000	0.8230	0.8188	5.0000	-9999.0000	-9999.0000	-9999.0000	-9999.0000	-9999.0000	-9999.0000	17.9622	7	0	27.4343	1.0000	99	9	-9999.0000	4642	34143	-9999	173	174	-9999	293.0402	5	0.5755	0.5841	-0.0006	40.2072	2.0200	480.5673	394.6400	40.1852	468.6851	94.7917	475.9448	94.7454	480.0248	94.8611	483.8830	95.0463	
12/08/2017	00:36:02	019001	G523031744HLR	L523	S		440.6236	1.0311	3.1332	99.9674	39.5500	0.8230	0.8248	5.0000	17.2421	508.0656	94.9537	12.8717	24.4000	0.9300	0.9372	0.5829	-0.0005	508.0000	508.1051	1.0285	10.8201	99.9608	39.0333	0.8230	0.8182	5.0000	-9999.0000	-9999.0000	-9999.0000	-9999.0000	-9999.0000	-9999.0000	18.0919	1	0	25.3729	1.0000	99	9	-9999.0000	4644	34144	-9999	175	175	-9999	292.8429	5	0.5757	0.5829	-0.0005	48.8661	1.4381	480.1173	386.0194	37.6157	466.4304	95.5787	475.0467	95.0000	479.4644	95.1157	483.4787	95.0463	
12/08/2017	00:36:29	019001	G523031725HLR	L523	S		437.4023	1.0311	3.2934	99.9822	39.5500	0.8230	0.8248	5.0000	17.2121	508.0754	94.9537	14.4715	24.3000	0.9300	0.9372	0.5819	-0.0004	508.0000	508.4541	1.0285	10.8628	100.0275	39.0665	0.8230	0.8190	5.0000	-9999.0000	-9999.0000	-9999.0000	-9999.0000	-9999.0000	-9999.0000	17.9232	2	0	27.2231	1.0000	99	9	-9999.0000	4645	34145	-9999	176	176	-9999	292.4972	5	0.5757	0.5819	-0.0004	48.8551	1.4365	476.2472	388.4181	38.6574	463.8833	95.1852	471.9850	94.9074	475.6882	95.0231	479.2224	95.0463	
12/08/2017	00:36:56	019001	G523031724HLR	L523	S		438.0297	1.0311	3.2622	99.9668	39.5500	0.8230	0.8248	5.0000	17.1115	508.0621	94.9306	16.0820	24.3000	0.9300	0.9370	0.5854	-0.0007	508.0000	506.7715	1.0285	10.6570	99.9748	39.1908	0.8230	0.8193	5.0000	-9999.0000	-9999.0000	-9999.0000	-9999.0000	-9999.0000	-9999.0000	17.8625	3	0	26.4435	1.0000	99	9	-9999.0000	4646	34146	-9999	177	177	-9999	291.8961	5	0.5757	0.5854	-0.0007	49.5305	1.3982	468.5085	387.5243	38.6806	458.5213	95.2546	464.1686	95.0000	467.7835	95.1389	471.7165	95.0694	
12/08/2017	00:37:49	019001	G523032220HLR	L523	S		437.3420	1.0311	3.2964	100.0910	39.5500	0.8230	0.8248	5.0000	17.1720	508.0553	94.9537	14.0017	24.4000	0.9300	0.9372	0.5859	-0.0007	508.0000	505.8836	1.0285	10.5484	100.0082	39.0394	0.8230	0.8182	5.0000	-9999.0000	-9999.0000	-9999.0000	-9999.0000	-9999.0000	-9999.0000	17.9925	5	0	26.1536	1.0000	99	9	-9999.0000	4648	34147	-9999	179	178	-9999	292.4672	5	0.5755	0.5859	-0.0007	49.5789	1.4043	473.9936	363.7985	35.9028	455.0925	95.9954	468.8289	95.1157	473.4804	95.1852	477.6899	95.0463	
12/08/2017	00:38:18	019001	G523031721HLR	L523	S		434.5888	1.0311	3.4334	100.0712	39.5500	0.8230	0.8248	5.0000	17.4025	508.0765	94.9537	15.2021	24.3000	0.9300	0.9371	0.5902	-0.0011	508.0000	506.7073	1.0285	10.6491	100.1169	39.0603	0.8230	0.8190	5.0000	-9999.0000	-9999.0000	-9999.0000	-9999.0000	-9999.0000	-9999.0000	17.8430	6	0	28.3833	1.0000	99	9	-9999.0000	4649	34148	-9999	179	179	-9999	291.7625	5	0.5755	0.5902	-0.0011	48.5160	1.4908	468.7644	363.5715	37.1296	454.3827	95.6481	464.4329	94.9074	468.1889	95.0231	472.6863	95.0463	
12/08/2017	00:38:43	019001	G523031710HLR	L523	S		434.9248	1.0311	3.4167	100.0618	39.5500	0.8230	0.8248	5.0000	17.3020	508.0876	94.9306	14.4715	24.3000	0.9300	0.9370	0.5863	-0.0008	508.0000	504.5877	1.0285	10.3899	99.8767	39.1566	0.8230	0.8192	5.0000	-9999.0000	-9999.0000	-9999.0000	-9999.0000	-9999.0000	-9999.0000	17.6417	7	0	25.3429	1.0000	99	9	-9999.0000	4650	34149	-9999	180	179	-9999	292.3718	5	0.5757	0.5863	-0.0008	48.5297	1.4997	472.1661	386.8498	39.2361	458.3044	95.1157	467.1163	94.9769	471.4655	95.0463	475.7495	95.0926	
12/08/2017	00:39:11	019001	G523031745HLR	L523	S		437.1379	1.0311	3.3066	100.0897	39.5597	0.8230	0.8249	5.0000	17.2814	508.0603	94.9306	15.7324	24.3000	0.9300	0.9371	0.5863	-0.0008	508.0000	507.6932	1.0285	10.7697	99.9180	39.2000	0.8230	0.8189	5.0000	-9999.0000	-9999.0000	-9999.0000	-9999.0000	-9999.0000	-9999.0000	17.8723	8	0	27.6137	1.0000	99	9	-9999.0000	4651	34150	-9999	181	180	-9999	291.8556	5	0.5757	0.5863	-0.0008	48.5297	1.4997	469.4391	377.5479	38.8194	454.6634	95.0926	464.2328	94.7917	468.6849	94.9306	473.2050	95.0463	
12/08/2017	00:39:38	019001	G523031708HLR	L523	S		435.8132	1.0311	3.3725	100.0770	39.5500	0.8230	0.8248	5.0000	17.2824	508.0624	94.9306	14.7518	24.3000	0.9300	0.9370	0.5806	-0.0003	508.0000	508.5125	1.0285	10.8699	99.8753	39.1637	0.8230	0.8188	5.0000	-9999.0000	-9999.0000	-9999.0000	-9999.0000	-9999.0000	-9999.0000	17.8221	1	0	27.7233	1.0000	99	9	-9999.0000	4652	34151	-9999	182	181	-9999	292.4742	5	0.5760	0.5806	-0.0003	48.1227	1.5089	475.0917	385.2961	39.8843	464.8969	95.0000	470.1173	94.8611	474.3733	95.0926	478.4098	95.0926	
12/08/2017	00:40:06	019001	G523031709HLR	L523	S		436.2708	1.0311	3.3497	99.9817	39.5500	0.8230	0.8248	5.0000	17.2922	508.0630	94.9306	16.3623	24.3000	0.9300	0.9370	0.5827	-0.0005	508.0000	507.6943	1.0285	10.7698	99.9466	39.1513	0.8230	0.8188	5.0000	-9999.0000	-9999.0000	-9999.0000	-9999.0000	-9999.0000	-9999.0000	17.7025	2	0	27.2933	1.0000	99	9	-9999.0000	4653	34152	-9999	183	182	-9999	292.3438	5	0.5766	0.5827	-0.0005	48.1996	1.5253	471.1513	382.6771	36.7130	461.2341	95.4398	467.1329	94.7454	470.6435	94.9074	474.4828	95.0231	
12/08/2017	00:40:33	019001	G523032093HLR	L523	S		437.3485	1.0311	3.2961	99.9696	39.5500	0.8230	0.8248	5.0000	17.3419	508.0347	94.9537	13.9714	24.3000	0.9300	0.9370	0.5827	-0.0005	508.0000	508.4418	1.0285	10.8613	99.9595	39.1513	0.8230	0.8188	5.0000	-9999.0000	-9999.0000	-9999.0000	-9999.0000	-9999.0000	-9999.0000	17.9223	3	0	27.0130	1.0000	99	9	-9999.0000	4654	34153	-9999	184	183	-9999	292.8535	5	0.5766	0.5827	-0.0005	48.1996	1.5253	476.2627	390.9131	37.8241	465.1612	95.2083	471.9694	94.7454	475.7597	94.8611	479.6104	95.0231	
12/08/2017	00:40:59	019001	G523031735HLR	L523	S		436.9550	1.0311	3.3157	100.0461	39.5500	0.8230	0.8248	5.0000	17.3430	508.0563	94.9306	15.6425	24.2000	0.9300	0.9370	0.5845	-0.0006	508.0000	510.1443	1.0285	11.0695	100.0069	39.1647	0.8230	0.8189	5.0000	-9999.0000	-9999.0000	-9999.0000	-9999.0000	-9999.0000	-9999.0000	17.7228	4	0	26.4436	1.0000	99	9	-9999.0000	4655	34154	-9999	185	184	-9999	292.4897	5	0.5765	0.5845	-0.0006	52.1817	1.2321	472.1055	399.5612	39.8611	459.7492	94.9306	467.1744	94.8611	471.5747	95.0231	475.4069	95.0463	
12/08/2017	00:41:25	019001	G523032094HLR	L523	S		436.9016	1.0311	3.3183	99.9848	39.5500	0.8230	0.8249	5.0000	17.1826	508.0268	94.9306	16.3516	24.2000	0.9300	0.9370	0.5849	-0.0006	508.0000	507.5351	1.0285	10.7504	99.9140	39.1667	0.8230	0.8189	5.0000	-9999.0000	-9999.0000	-9999.0000	-9999.0000	-9999.0000	-9999.0000	17.9524	5	0	25.7629	1.0000	99	9	-9999.0000	4656	34155	-9999	186	185	-9999	292.1490	5	0.5764	0.5849	-0.0006	53.4244	1.0986	466.7259	393.6825	37.9861	457.1487	95.3009	462.4490	94.8843	466.2792	95.0000	470.2874	95.0694	
12/08/2017	00:41:51	019001	G523030795HLR	L523	S		436.9830	1.0311	3.3143	100.0726	39.5500	0.8230	0.8249	5.0000	17.2520	508.0366	94.9306	15.3427	24.3000	0.9300	0.9370	0.5849	-0.0006	508.0000	508.1418	1.0285	10.8246	100.0559	39.1667	0.8230	0.8188	5.0000	-9999.0000	-9999.0000	-9999.0000	-9999.0000	-9999.0000	-9999.0000	17.8527	6	0	25.8236	1.0000	99	9	-9999.0000	4657	34156	-9999	187	186	-9999	292.6629	5	0.5764	0.5849	-0.0006	53.4244	1.0986	471.5695	396.6795	39.7917	458.7423	94.9769	466.5903	94.7917	471.0766	94.9769	475.0493	95.0463	
12/08/2017	00:42:18	019001	G523030774HLR	L523	S		435.9768	1.0311	3.3643	100.0235	39.5500	0.8230	0.8249	5.0000	17.1318	508.0417	94.8843	15.6416	24.2000	0.9300	0.9370	0.5874	-0.0008	508.0000	506.6255	1.0285	10.6391	99.9035	39.1667	0.8230	0.8189	5.0000	-9999.0000	-9999.0000	-9999.0000	-9999.0000	-9999.0000	-9999.0000	17.8321	7	0	27.4427	1.0000	99	9	-9999.0000	4658	34157	-9999	188	187	-9999	292.5095	5	0.5759	0.5874	-0.0008	66.3331	0.3078	473.2360	395.4211	39.0278	462.2646	95.0463	468.6089	95.0231	472.3883	95.1389	476.5128	95.0000	
12/08/2017	00:42:44	019001	G523030804HLR	L523	S		435.1001	1.0311	3.4080	100.0231	39.5500	0.8230	0.8249	5.0000	17.0725	508.0859	94.9306	14.4520	24.2000	0.9300	0.9370	0.5874	-0.0008	508.0000	505.6924	1.0285	10.5250	99.9810	39.1667	0.8230	0.8189	5.0000	-9999.0000	-9999.0000	-9999.0000	-9999.0000	-9999.0000	-9999.0000	17.8820	8	0	25.5636	1.0000	99	9	-9999.0000	4659	34158	-9999	189	188	-9999	292.8935	5	0.5759	0.5874	-0.0008	66.3331	0.3078	471.5913	397.6718	38.1481	460.6153	95.2315	466.9813	94.7685	470.7628	94.9074	475.3704	95.0694	
12/08/2017	00:43:15	019001	G523030814HLR	L523	S		437.3561	1.0311	3.2957	100.0263	39.5500	0.8230	0.8248	5.0000	17.3118	508.0592	94.9306	14.4510	24.3000	0.9300	0.9370	0.5880	-0.0008	508.0000	508.6680	1.0285	10.8889	99.8763	39.1667	0.8230	0.8188	5.0000	-9999.0000	-9999.0000	-9999.0000	-9999.0000	-9999.0000	-9999.0000	18.0218	1	0	31.2040	1.0000	99	9	-9999.0000	4660	34159	-9999	190	189	-9999	292.9975	5	0.5760	0.5880	-0.0008	67.7037	0.2094	472.6575	395.9676	39.3750	459.7609	95.0231	467.8045	94.7917	472.0050	94.9074	476.0734	95.0694	
12/08/2017	00:43:43	019001	G523028231HLR	L523	S		440.0635	1.0311	3.1610	100.0635	39.5500	0.8230	0.8249	5.0000	17.2121	508.0466	94.9537	13.8415	24.3000	0.9300	0.9370	0.5898	-0.0009	508.0000	506.6397	1.0285	10.6409	99.8819	39.1667	0.8230	0.8188	5.0000	-9999.0000	-9999.0000	-9999.0000	-9999.0000	-9999.0000	-9999.0000	17.8129	2	0	27.7827	1.0000	99	9	-9999.0000	4661	34160	-9999	191	190	-9999	293.2799	5	0.5760	0.5898	-0.0009	64.0777	0.4635	472.6398	382.5227	38.2176	459.8019	95.2778	467.6528	94.7454	472.1309	94.9074	476.4414	95.0463	
12/08/2017	00:44:10	019001	G523030802HLR	L523	S		431.0585	1.0311	3.6090	100.0945	39.5500	0.8230	0.8249	5.0000	17.0723	508.0465	94.9306	16.0713	24.2000	0.9300	0.9371	0.5909	-0.0010	508.0000	506.5336	1.0285	10.6279	99.9189	39.1667	0.8230	0.8187	5.0000	-9999.0000	-9999.0000	-9999.0000	-9999.0000	-9999.0000	-9999.0000	17.8323	3	0	27.0835	1.0000	99	9	-9999.0000	4662	34161	-9999	192	191	-9999	292.4830	5	0.5762	0.5909	-0.0010	69.4881	0.0920	474.0698	375.4485	36.3426	463.7350	95.6019	469.9251	95.1620	473.7392	95.3009	477.0272	94.8380	
12/08/2017	00:45:01	019001	G523030803HLR	L523	S		428.5268	1.0311	3.7350	100.0107	39.5549	0.8230	0.8248	5.0000	17.3313	508.0582	94.9074	19.8120	24.3000	0.9300	0.9373	0.5886	-0.0008	508.0000	507.8509	1.0285	10.7890	99.8986	39.0251	0.8230	0.8184	5.0000	-9999.0000	-9999.0000	-9999.0000	-9999.0000	-9999.0000	-9999.0000	17.9317	5	0	25.9133	1.0000	99	9	-9999.0000	4663	34162	-9999	194	192	-9999	292.2889	5	0.5763	0.5886	-0.0008	71.8864	-0.0421	464.7544	372.2342	37.8704	450.5167	95.6481	459.9375	95.2083	464.0462	95.2546	467.5669	95.0694	
12/08/2017	00:45:29	019001	G523030773HLR	L523	S		438.0112	1.0311	3.2631	100.0005	39.5500	0.8230	0.8248	5.0000	17.1026	508.0470	94.9537	15.8125	24.2000	0.9300	0.9371	0.5874	-0.0007	508.0000	507.6128	1.0285	10.7599	100.0099	39.0644	0.8230	0.8192	5.0000	-9999.0000	-9999.0000	-9999.0000	-9999.0000	-9999.0000	-9999.0000	17.9621	6	0	27.1732	1.0000	99	9	-9999.0000	4664	34163	-9999	195	193	-9999	292.5350	5	0.5765	0.5874	-0.0007	70.2906	0.0553	467.7428	374.4828	37.6389	456.1609	95.3704	463.2433	94.7454	467.1951	94.8380	472.9157	95.0231	
12/08/2017	00:45:53	019001	G523030782HLR	L523	S		436.7391	1.0311	3.3264	100.0283	39.5559	0.8230	0.8247	5.0000	17.3516	508.0424	94.9306	15.6923	24.3000	0.9300	0.9371	0.5874	-0.0007	508.0000	507.0992	1.0285	10.6971	99.9131	39.1885	0.8230	0.8193	5.0000	-9999.0000	-9999.0000	-9999.0000	-9999.0000	-9999.0000	-9999.0000	17.7825	7	0	24.9728	1.0000	99	9	-9999.0000	4665	34164	-9999	196	194	-9999	292.7791	5	0.5765	0.5874	-0.0007	70.2906	0.0553	467.5959	382.3128	37.0370	455.4685	95.5787	462.7276	94.8148	467.0632	94.9306	471.7718	95.0231	
12/08/2017	00:46:19	019001	G523030780HLR	L523	S		439.5182	1.0311	3.1881	100.0309	39.5157	0.8230	0.8248	5.0000	17.3518	508.0590	94.9537	13.5524	24.3000	0.9300	0.9371	0.5874	-0.0007	508.0000	507.0510	1.0285	10.6912	99.9173	39.2000	0.8230	0.8190	5.0000	-9999.0000	-9999.0000	-9999.0000	-9999.0000	-9999.0000	-9999.0000	17.7326	8	0	25.5531	1.0000	99	9	-9999.0000	4666	34165	-9999	197	195	-9999	293.5699	5	0.5765	0.5874	-0.0007	70.2906	0.0553	472.6940	391.4897	38.8889	461.3623	94.9537	467.6013	94.6991	472.1805	94.8380	477.0112	95.0231	
12/08/2017	00:46:44	019001	G523030790HLR	L523	S		437.8474	1.0311	3.2713	99.9932	39.5190	0.8230	0.8249	5.0000	17.2520	508.0868	94.9537	14.5721	24.3000	0.9300	0.9371	0.5818	-0.0003	508.0000	507.1201	1.0285	10.6996	99.9331	39.1667	0.8230	0.8188	5.0000	-9999.0000	-9999.0000	-9999.0000	-9999.0000	-9999.0000	-9999.0000	17.7823	1	0	24.9629	1.0000	99	9	-9999.0000	4667	34166	-9999	198	196	-9999	293.1775	5	0.5765	0.5818	-0.0003	46.3913	1.6496	475.2002	394.3507	39.8380	462.0563	94.9537	469.9232	95.1157	474.5170	95.2315	478.5452	94.9537	
12/08/2017	00:47:11	019001	G523030781HLR	L523	S		434.3945	1.0311	3.4431	99.9691	39.5500	0.8230	0.8249	5.0000	17.4112	508.0502	94.9306	15.1923	24.3000	0.9300	0.9372	0.5836	-0.0004	508.0000	506.9789	1.0285	10.6824	100.0382	39.1667	0.8230	0.8188	5.0000	-9999.0000	-9999.0000	-9999.0000	-9999.0000	-9999.0000	-9999.0000	17.7824	2	0	27.2533	1.0000	99	9	-9999.0000	4668	34167	-9999	199	197	-9999	293.1022	5	0.5765	0.5836	-0.0004	43.6834	1.7875	473.2150	391.4064	38.7500	453.9787	95.1852	468.4425	94.9306	472.6247	95.0231	476.2842	95.0694	
12/08/2017	00:47:38	019001	G523030800HLR	L523	S		439.9476	1.0311	3.1668	100.0173	39.5500	0.8230	0.8249	5.0000	17.3624	508.0606	94.9537	13.2809	24.3000	0.9300	0.9372	0.5842	-0.0005	508.0000	508.1674	1.0285	10.8277	99.9924	39.1667	0.8230	0.8189	5.0000	-9999.0000	-9999.0000	-9999.0000	-9999.0000	-9999.0000	-9999.0000	17.7520	3	0	26.8734	1.0000	99	9	-9999.0000	4668	34168	-9999	200	198	-9999	293.7470	5	0.5769	0.5842	-0.0005	43.0892	1.8045	477.3758	388.3217	40.1157	464.2501	94.8611	472.6324	94.7454	476.8199	94.8843	481.0174	95.0231	
12/08/2017	00:48:04	019001	G523030793HLR	L523	S		439.4337	1.0311	3.1924	100.0467	39.5586	0.8230	0.8249	5.0000	17.3019	508.0343	95.0000	12.4810	24.3000	0.9300	0.9372	0.5855	-0.0005	508.0000	508.2323	1.0285	10.8356	99.9199	39.1667	0.8230	0.8188	5.0000	-9999.0000	-9999.0000	-9999.0000	-9999.0000	-9999.0000	-9999.0000	17.7215	4	0	25.5832	1.0000	99	9	-9999.0000	4669	34169	-9999	201	199	-9999	294.1621	5	0.5773	0.5855	-0.0005	42.4010	1.8615	479.7763	389.9145	38.7269	464.6219	95.0231	474.9863	94.6759	479.0560	94.8148	483.1404	95.0231	
12/08/2017	00:50:16	019001	G523030812HLR	L523	S		439.8697	1.0311	3.1707	100.0483	39.5500	0.8230	0.8249	5.0000	17.1814	508.0735	94.9537	13.2018	24.3000	0.9300	0.9371	0.5868	-0.0006	508.0000	510.5307	1.0285	11.1167	100.0387	39.1667	0.8230	0.8188	5.0000	-9999.0000	-9999.0000	-9999.0000	-9999.0000	-9999.0000	-9999.0000	18.0216	5	0	132.7164	1.0000	99	9	-9999.0000	4670	34170	-9999	202	200	-9999	294.2663	5	0.5775	0.5868	-0.0006	42.2157	1.8699	478.1341	395.0280	39.2593	466.8056	95.2083	472.8157	94.9074	477.5262	95.0926	481.5255	95.0463	
12/08/2017	00:50:43	019001	G523030770HLR	L523	S		434.5215	1.0311	3.4367	100.0978	39.5500	0.8230	0.8249	5.0000	17.2219	508.0817	94.9306	15.3212	24.3000	0.9300	0.9372	0.5867	-0.0006	508.0000	508.7691	1.0285	10.9013	99.9894	39.1665	0.8230	0.8189	5.0000	-9999.0000	-9999.0000	-9999.0000	-9999.0000	-9999.0000	-9999.0000	17.8516	6	0	26.7230	1.0000	99	9	-9999.0000	4671	34171	-9999	203	201	-9999	293.6832	5	0.5776	0.5867	-0.0006	42.5646	1.8685	471.1500	390.0002	38.1019	461.8008	95.2546	466.8714	94.7685	470.6002	94.9306	474.9888	95.0694	
12/08/2017	00:51:09	019001	G523030808HLR	L523	S		434.1468	1.0311	3.4554	100.0127	39.5500	0.8230	0.8250	5.0000	17.0322	508.0547	94.8611	15.4824	24.3000	0.9300	0.9372	0.5854	-0.0005	508.0000	507.9844	1.0285	10.8053	100.0060	38.9333	0.8230	0.8190	5.0000	-9999.0000	-9999.0000	-9999.0000	-9999.0000	-9999.0000	-9999.0000	17.9925	7	0	25.5539	1.0000	99	9	-9999.0000	4672	34172	-9999	204	202	-9999	293.4948	5	0.5775	0.5854	-0.0005	43.0120	1.8382	471.6680	374.6139	36.5509	455.1639	95.6713	467.2837	94.7917	471.0657	94.8843	474.8512	95.0694	
12/08/2017	00:51:36	019001	G523030807HLR	L523	S		440.2659	1.0311	3.1509	99.9714	39.5643	0.8230	0.8249	5.0000	17.2017	508.0490	94.9306	13.2516	24.3000	0.9300	0.9372	0.5850	-0.0005	508.0000	508.2447	1.0285	10.8372	99.9828	39.0651	0.8230	0.8196	5.0000	-9999.0000	-9999.0000	-9999.0000	-9999.0000	-9999.0000	-9999.0000	17.7120	8	0	27.2134	1.0000	99	9	-9999.0000	4673	34173	-9999	205	203	-9999	294.0140	5	0.5777	0.5850	-0.0005	45.3529	1.6895	477.3984	370.5320	38.2639	463.1568	95.3241	472.4905	94.7917	476.8055	94.9074	481.4494	95.0694	
12/08/2017	00:52:04	019001	G523030799HLR	L523	S		440.2200	1.0311	3.1532	100.0070	39.5500	0.8230	0.8249	5.0000	17.0215	508.0338	94.9306	14.3318	24.3000	0.9300	0.9371	0.5846	-0.0005	508.0000	509.4389	1.0285	10.9832	99.9040	39.1667	0.8230	0.8194	5.0000	-9999.0000	-9999.0000	-9999.0000	-9999.0000	-9999.0000	-9999.0000	17.8118	1	0	27.7025	1.0000	99	9	-9999.0000	4674	34174	-9999	206	204	-9999	293.6982	5	0.5775	0.5846	-0.0005	48.6070	1.5072	475.5746	392.3607	38.8426	462.6351	95.1157	470.6627	94.8148	475.0072	94.9769	479.0725	95.0463	
12/08/2017	00:52:30	019001	G523030779HLR	L523	S		440.0069	1.0311	3.1638	100.0173	39.5500	0.8230	0.8247	5.0000	18.1122	508.0468	94.9074	14.7625	24.5000	0.9300	0.9373	0.5846	-0.0005	508.0000	508.4324	1.0285	10.8601	99.9338	39.1667	0.8230	0.8190	5.0000	-9999.0000	-9999.0000	-9999.0000	-9999.0000	-9999.0000	-9999.0000	17.8127	2	0	26.1733	1.0000	99	9	-9999.0000	4675	34175	-9999	207	205	-9999	293.5606	5	0.5775	0.5846	-0.0005	49.3609	1.4564	474.6998	384.3521	40.2083	465.7884	95.5324	469.4796	95.5093	474.0134	95.5324	477.7842	94.9074	
12/08/2017	00:52:59	019001	G523030907HLR	L523	S		435.0530	1.0311	3.4103	100.0016	39.3289	0.8230	0.8251	5.0000	17.2120	508.0861	94.9306	14.1717	24.3000	0.9300	0.9369	0.5847	-0.0005	508.0000	507.5702	1.0285	10.7547	100.0149	39.1000	0.8230	0.8188	5.0000	-9999.0000	-9999.0000	-9999.0000	-9999.0000	-9999.0000	-9999.0000	17.9514	3	0	27.6039	1.0000	99	9	-9999.0000	4676	34176	-9999	208	205	-9999	293.7351	5	0.5777	0.5847	-0.0005	54.0494	1.1371	476.5450	399.5513	39.3519	466.6775	95.3472	471.8738	95.0000	475.9958	95.1157	480.0712	95.1157	
12/08/2017	00:53:24	019001	G523030869HLR	L523	S		438.1579	1.0311	3.2558	100.0008	39.4292	0.8230	0.8255	5.0000	17.2716	508.0738	94.9074	15.2421	24.3000	0.9300	0.9369	0.5838	-0.0004	508.0000	508.1770	1.0285	10.8289	99.8543	39.1000	0.8230	0.8189	5.0000	-9999.0000	-9999.0000	-9999.0000	-9999.0000	-9999.0000	-9999.0000	17.9024	4	0	26.7035	1.0000	99	9	-9999.0000	4676	34177	-9999	209	206	-9999	293.5744	5	0.5779	0.5838	-0.0004	48.0339	1.5710	471.7802	395.8924	38.8657	462.2567	95.3472	467.3871	94.9074	471.1501	95.0694	475.0665	95.0926	
12/08/2017	00:53:51	019001	G523030768HLR	L523	S		434.6865	1.0311	3.4285	100.0550	39.5598	0.8230	0.8255	5.0000	17.3517	508.0289	94.9074	16.3721	24.3000	0.9300	0.9371	0.5815	-0.0003	508.0000	508.8192	1.0285	10.9074	100.0171	39.1244	0.8230	0.8189	5.0000	-9999.0000	-9999.0000	-9999.0000	-9999.0000	-9999.0000	-9999.0000	17.9220	5	0	27.2024	1.0000	99	9	-9999.0000	4677	34178	-9999	210	207	-9999	293.2974	5	0.5777	0.5815	-0.0003	47.3118	1.6222	471.4578	395.5917	38.3565	459.7803	95.4167	466.9128	94.9769	470.8754	95.0463	474.5628	95.0463	
12/08/2017	00:54:17	019001	G523030788HLR	L523	S		433.2872	1.0311	3.4982	100.0507	39.6114	0.8230	0.8251	5.0000	17.1622	508.0277	94.9306	14.1717	24.3000	0.9300	0.9371	0.5815	-0.0003	508.0000	507.4505	1.0285	10.7400	100.0320	39.1286	0.8230	0.8189	5.0000	-9999.0000	-9999.0000	-9999.0000	-9999.0000	-9999.0000	-9999.0000	18.0129	6	0	26.1233	1.0000	99	9	-9999.0000	4678	34178	-9999	211	208	-9999	293.5667	5	0.5777	0.5815	-0.0003	47.3118	1.6222	476.0529	381.0406	38.3102	459.5453	95.3241	471.4854	95.0926	475.6050	95.1852	480.5518	95.0926	
12/08/2017	00:54:44	019001	G523030769HLR	L523	S		435.2185	1.0311	3.4021	100.0105	39.5352	0.8230	0.8248	5.0000	17.1015	508.0431	94.8843	16.2618	24.3000	0.9300	0.9371	0.5839	-0.0004	508.0000	509.1481	1.0285	10.9476	99.9793	39.1333	0.8230	0.8189	5.0000	-9999.0000	-9999.0000	-9999.0000	-9999.0000	-9999.0000	-9999.0000	17.8517	7	0	26.4437	1.0000	99	9	-9999.0000	4679	34179	-9999	212	209	-9999	293.3048	5	0.5777	0.5839	-0.0004	50.6230	1.3965	472.9611	373.0045	36.0880	458.2431	95.6019	468.1325	94.9306	472.1583	95.0463	475.3724	95.0463	
12/08/2017	00:55:11	019001	G523030899HLR	L523	S		438.1645	1.0311	3.2555	99.9654	39.4505	0.8230	0.8248	5.0000	17.1017	508.0535	95.0000	14.7020	24.3000	0.9300	0.9370	0.5839	-0.0004	508.0000	508.3642	1.0285	10.8518	99.9865	39.1333	0.8230	0.8189	5.0000	-9999.0000	-9999.0000	-9999.0000	-9999.0000	-9999.0000	-9999.0000	17.8917	8	0	27.2437	1.0000	99	9	-9999.0000	4680	34180	-9999	213	210	-9999	293.5838	5	0.5777	0.5839	-0.0004	50.6230	1.3965	473.7786	378.3064	38.1713	457.5104	95.2315	469.6928	94.8380	473.3096	94.9306	477.7148	95.0694	
12/08/2017	00:55:37	019001	G523030908HLR	L523	S		435.3031	1.0311	3.3979	99.9219	39.4872	0.8230	0.8251	5.0000	17.1221	508.0401	94.9074	15.7822	24.3000	0.9300	0.9371	0.5847	-0.0005	508.0000	510.0383	1.0285	11.0565	99.8386	39.1333	0.8230	0.8190	5.0000	-9999.0000	-9999.0000	-9999.0000	-9999.0000	-9999.0000	-9999.0000	17.8819	1	0	26.3625	1.0000	99	9	-9999.0000	4681	34181	-9999	214	211	-9999	293.2171	5	0.5776	0.5847	-0.0005	50.6054	1.4117	472.4308	369.4488	37.9167	458.4516	95.2315	467.6759	95.1157	471.9668	95.2315	474.9655	94.9306	
12/08/2017	00:56:05	019001	G523030888HLR	L523	S		438.9607	1.0311	3.2159	100.0245	39.5485	0.8230	0.8251	5.0000	17.0420	508.0498	94.9306	14.1521	24.3000	0.9300	0.9371	0.5837	-0.0004	508.0000	509.3392	1.0285	10.9710	99.9885	39.1418	0.8230	0.8189	5.0000	-9999.0000	-9999.0000	-9999.0000	-9999.0000	-9999.0000	-9999.0000	18.0120	2	0	27.9741	1.0000	99	9	-9999.0000	4682	34182	-9999	215	212	-9999	293.6154	5	0.5775	0.5837	-0.0004	51.3259	1.3808	476.5243	373.0636	35.9954	461.4432	95.4630	471.7739	94.8611	475.9023	94.9769	480.4038	95.0694	
12/08/2017	00:56:32	019001	G523030879HLR	L523	S		435.6790	1.0311	3.3792	99.9681	39.5500	0.8230	0.8250	5.0000	17.1622	508.0520	94.9306	15.0721	24.3000	0.9300	0.9370	0.5883	-0.0007	508.0000	508.9632	1.0285	10.9250	99.9557	39.1525	0.8230	0.8189	5.0000	-9999.0000	-9999.0000	-9999.0000	-9999.0000	-9999.0000	-9999.0000	17.8616	3	0	26.7425	1.0000	99	9	-9999.0000	4683	34183	-9999	216	213	-9999	293.4089	5	0.5775	0.5883	-0.0007	47.3708	1.6374	469.9328	373.7438	36.0880	453.6822	95.4630	466.6948	94.5833	469.3154	94.7454	474.1471	95.0231	
12/08/2017	00:56:59	019001	G523030889HLR	L523	S		438.2702	1.0311	3.2502	99.9574	39.5119	0.8230	0.8249	5.0000	17.3224	508.0561	94.9306	15.2421	24.2000	0.9300	0.9371	0.5882	-0.0007	508.0000	508.1234	1.0285	10.8223	99.9680	39.1606	0.8230	0.8189	5.0000	-9999.0000	-9999.0000	-9999.0000	-9999.0000	-9999.0000	-9999.0000	17.9017	4	0	26.8139	1.0000	99	9	-9999.0000	4684	34184	-9999	217	214	-9999	293.3217	5	0.5775	0.5882	-0.0007	46.8082	1.6486	469.5364	383.0780	37.6389	455.3464	95.3935	465.3622	94.6991	468.8494	94.8843	473.6288	95.0463	
12/08/2017	00:57:25	019001	G523030870HLR	L523	S		434.6156	1.0311	3.4321	99.9769	39.5140	0.8230	0.8250	5.0000	17.0421	508.0573	94.9306	15.0116	24.2000	0.9300	0.9370	0.5905	-0.0009	508.0000	506.9423	1.0285	10.6779	99.9848	39.1376	0.8230	0.8189	5.0000	-9999.0000	-9999.0000	-9999.0000	-9999.0000	-9999.0000	-9999.0000	17.8213	5	0	25.6426	1.0000	99	9	-9999.0000	4685	34185	-9999	218	215	-9999	293.2955	5	0.5772	0.5905	-0.0009	45.7276	1.7224	468.6880	395.2214	36.4583	452.6558	94.8611	463.7812	95.0231	468.1446	95.1157	472.1392	95.0000	
12/08/2017	01:25:10	019001	G523030797HLR	L523	S		0.0000	0.0000	0.0000	0.0000	0.0000	0.8230	0.0000	0.0000	0.0000	0.0000	0.0000	0.0000	0.0000	0.9300	0.0000	0.0000	0.0000	0.0000	0.0000	0.0000	0.0000	0.0000	0.0000	0.8230	0.0000	0.0000	0.0000	0.0000	0.0000	0.0000	0.0000	0.0000	0.0000	0	42	25.6426	1.0000	99	9	0.0000	0	0	0	0	0	0	0.0000	0	0.0000	0.0000	0.0000	0.0000	0.0000	0.0000	0.0000	0.0000	0.0000	0.0000	0.0000	0.0000	0.0000	0.0000	0.0000	0.0000	
12/08/2017	01:25:37	019001	G523030880HLR	L523	S		435.6689	1.0311	3.3797	99.9905	39.5435	0.8230	0.8250	5.0000	17.1525	508.0605	94.9306	16.0322	24.2000	0.9300	0.9371	0.5913	-0.0009	508.0000	510.0608	1.0285	11.0593	99.9556	39.1631	0.8230	0.8189	5.0000	-9999.0000	-9999.0000	-9999.0000	-9999.0000	-9999.0000	-9999.0000	17.9426	6	0	1692.2870	1.0000	99	9	-9999.0000	4686	34186	-9999	219	216	-9999	292.8026	5	0.5770	0.5913	-0.0009	53.4890	1.2416	468.0910	371.5169	38.4722	454.5156	95.1620	463.0306	95.0000	467.2874	95.2546	471.6899	94.8843	
12/08/2017	01:26:04	019001	G523030890HLR	L523	S		436.4431	1.0311	3.3411	100.0358	39.5344	0.8230	0.8250	5.0000	17.3311	508.0671	94.9306	15.3827	24.2000	0.9300	0.9370	0.5913	-0.0009	508.0000	507.4718	1.0285	10.7426	100.0050	39.1667	0.8230	0.8190	5.0000	-9999.0000	-9999.0000	-9999.0000	-9999.0000	-9999.0000	-9999.0000	17.6125	7	0	27.1429	1.0000	99	9	-9999.0000	4687	34187	-9999	220	217	-9999	293.0849	5	0.5770	0.5913	-0.0009	53.4890	1.2416	466.4892	367.7510	35.9954	451.0336	95.3472	462.1315	94.9074	465.9570	94.9769	470.6102	95.0463	
12/08/2017	01:26:32	019001	G523030910HLR	L523	S		439.3866	1.0311	3.1947	99.9717	39.5500	0.8230	0.8250	5.0000	17.1515	508.0547	94.9306	14.8124	24.2000	0.9300	0.9370	0.5916	-0.0010	508.0000	507.6575	1.0285	10.7653	99.9562	38.7333	0.8230	0.8198	5.0000	-9999.0000	-9999.0000	-9999.0000	-9999.0000	-9999.0000	-9999.0000	18.0813	8	0	27.8333	1.0000	99	9	-9999.0000	4688	34188	-9999	221	218	-9999	293.4060	5	0.5770	0.5916	-0.0010	57.2103	0.9989	468.9217	382.8162	37.6620	458.7436	95.0463	464.2988	94.5833	468.1949	94.7222	472.4847	94.9769	
12/08/2017	01:26:58	019001	G523030881HLR	L523	S		437.4035	1.0311	3.2934	100.0983	39.5229	0.8230	0.8249	5.0000	17.2921	508.0451	94.9537	14.2722	24.2000	0.9300	0.9370	0.5898	-0.0008	508.0000	507.5394	1.0285	10.7509	100.0724	38.8864	0.8230	0.8202	5.0000	-9999.0000	-9999.0000	-9999.0000	-9999.0000	-9999.0000	-9999.0000	18.4024	1	0	26.0735	1.0000	99	9	-9999.0000	4689	34189	-9999	222	219	-9999	293.6150	5	0.5770	0.5898	-0.0008	51.1572	1.3850	472.2171	393.3970	37.5231	461.7978	95.1620	467.2657	94.6296	471.4380	94.8148	476.2987	95.0231	
12/08/2017	01:27:26	019001	G523030900HLR	L523	S		436.0906	1.0311	3.3587	100.0138	39.5259	0.8230	0.8250	5.0000	17.1428	508.0425	94.9306	15.0917	24.2000	0.9300	0.9371	0.5930	-0.0011	508.0000	507.3171	1.0285	10.7237	100.0547	38.8603	0.8230	0.8197	5.0000	-9999.0000	-9999.0000	-9999.0000	-9999.0000	-9999.0000	-9999.0000	17.3515	2	0	28.6031	1.0000	99	9	-9999.0000	4690	34190	-9999	223	220	-9999	293.1124	5	0.5766	0.5930	-0.0011	47.0964	1.6687	467.8281	389.5792	38.4259	455.9358	95.0231	462.7353	94.7222	467.2778	94.7917	471.3643	95.0231	
12/08/2017	01:27:51	019001	G523030871HLR	L523	S		437.4983	1.0311	3.2886	100.0231	39.5500	0.8230	0.8250	5.0000	17.1828	508.0881	94.9306	15.2919	24.2000	0.9300	0.9374	0.5969	-0.0013	508.0000	509.3697	1.0285	10.9747	100.0436	38.9000	0.8230	0.8197	5.0000	-9999.0000	-9999.0000	-9999.0000	-9999.0000	-9999.0000	-9999.0000	17.8021	3	0	25.0734	1.0000	99	9	-9999.0000	4691	34191	-9999	224	220	-9999	293.0342	5	0.5768	0.5969	-0.0013	50.6047	1.4319	462.9001	292.9362	37.5463	449.3345	95.5787	458.1473	94.7222	462.1240	94.6065	467.1622	95.0694	
12/08/2017	01:28:17	019001	G523030912HLR	L523	S		438.4576	1.0311	3.2409	100.0035	39.2086	0.8230	0.8256	5.0000	17.2414	508.0477	94.9074	15.8515	24.0000	0.9300	0.9371	0.5966	-0.0013	508.0000	508.7966	1.0285	10.9047	99.8995	38.8555	0.8230	0.8196	5.0000	-9999.0000	-9999.0000	-9999.0000	-9999.0000	-9999.0000	-9999.0000	17.6915	4	0	25.5334	1.0000	99	9	-9999.0000	4692	34192	-9999	225	221	-9999	292.6628	5	0.5767	0.5966	-0.0013	34.4491	2.4527	463.0792	373.6543	38.5417	452.6034	95.0231	457.6029	94.8843	462.4193	95.0000	467.3047	95.1157	
12/08/2017	01:28:43	019001	G523030905HLR	L523	S		439.6208	1.0311	3.1830	99.9393	39.2756	0.8230	0.8259	5.0000	17.2715	508.0531	94.9306	14.7020	24.0000	0.9300	0.9370	0.6056	-0.0019	508.0000	508.7720	1.0285	10.9016	99.9475	38.9149	0.8230	0.8199	5.0000	-9999.0000	-9999.0000	-9999.0000	-9999.0000	-9999.0000	-9999.0000	17.5420	5	0	26.0834	1.0000	99	9	-9999.0000	4693	34193	-9999	226	222	-9999	293.5440	5	0.5770	0.6056	-0.0019	35.0528	2.4235	460.5755	370.5987	38.3565	447.2448	95.0926	454.9578	94.7685	459.8038	94.8843	464.9789	95.0694	
12/08/2017	01:29:10	019001	G523030906HLR	L523	S		434.2524	1.0311	3.4501	100.0548	39.4000	0.8230	0.8259	5.0000	17.3015	508.0714	94.9074	16.5919	24.0000	0.9300	0.9371	0.6022	-0.0017	508.0000	360.7514	1.0285	-2.7392	100.0182	38.8591	0.8230	0.8193	5.0000	-9999.0000	-9999.0000	-9999.0000	-9999.0000	-9999.0000	-9999.0000	17.7425	6	1	26.9232	1.0000	99	9	-9999.0000	4694	34194	-9999	227	222	-9999	291.7892	5	0.5770	0.6022	-0.0017	42.6654	1.9053	454.2262	379.0625	37.5000	441.3118	95.2546	448.9851	94.6296	453.7292	94.7917	458.6092	95.0463	
12/08/2017	01:29:37	019001	G523030884HLR	L523	S		445.3286	1.0311	2.8991	100.0132	39.4500	0.8230	0.8255	5.0000	17.1321	508.0487	95.0231	11.9819	24.0000	0.9300	0.9371	0.6022	-0.0017	508.0000	513.2586	1.0285	11.4503	99.8885	38.8927	0.8230	0.8196	5.0000	-9999.0000	-9999.0000	-9999.0000	-9999.0000	-9999.0000	-9999.0000	17.5626	7	2	27.1332	1.0000	99	9	-9999.0000	4694	34195	-9999	228	223	-9999	295.8218	5	0.5770	0.6022	-0.0017	42.6654	1.9053	474.2310	373.6960	40.0231	456.1349	94.7454	468.5232	95.0000	473.4811	95.0926	478.6377	95.0694	
12/08/2017	01:30:18	019001	G523030896HLR	L523	S		0.0000	0.0000	0.0000	0.0000	0.0000	0.8230	0.0000	0.0000	0.0000	0.0000	0.0000	0.0000	0.0000	0.9300	0.0000	0.0000	0.0000	0.0000	0.0000	0.0000	0.0000	0.0000	0.0000	0.8230	0.0000	0.0000	0.0000	0.0000	0.0000	0.0000	0.0000	0.0000	0.0000	0	42	27.1332	1.0000	99	9	0.0000	0	0	0	0	0	0	0.0000	0	0.0000	0.0000	0.0000	0.0000	0.0000	0.0000	0.0000	0.0000	0.0000	0.0000	0.0000	0.0000	0.0000	0.0000	0.0000	0.0000	
12/08/2017	01:31:07	019001	G523030893HLR	L523	S		439.1064	1.0311	3.2086	99.9917	39.3500	0.8230	0.8253	5.0000	17.1026	508.0821	94.9537	14.6815	24.1000	0.9300	0.9375	0.6125	-0.0023	508.0000	509.2745	1.0285	10.9631	100.0470	38.8333	0.8230	0.8192	5.0000	-9999.0000	-9999.0000	-9999.0000	-9999.0000	-9999.0000	-9999.0000	18.0227	1	0	29.0135	1.0000	99	9	-9999.0000	4696	34196	-9999	229	224	-9999	293.7418	5	0.5769	0.6125	-0.0023	41.6443	1.9248	458.5432	361.1328	37.6389	444.1559	95.6019	451.5715	95.2083	457.8829	95.2778	463.3705	95.0694	
12/08/2017	01:31:34	019001	G523030857HLR	L523	S		438.8025	1.0311	3.2238	100.0227	39.3595	0.8230	0.8254	5.0000	17.2921	508.0691	94.9306	14.9422	24.0000	0.9300	0.9374	0.6128	-0.0024	508.0000	509.8500	1.0285	11.0335	99.9032	38.8333	0.8230	0.8193	5.0000	-9999.0000	-9999.0000	-9999.0000	-9999.0000	-9999.0000	-9999.0000	17.8918	2	0	27.5237	1.0000	99	9	-9999.0000	4697	34197	-9999	230	225	-9999	293.4056	5	0.5772	0.6128	-0.0024	40.6576	1.9995	456.8306	367.9355	37.3843	443.6202	95.3241	450.5494	94.9074	456.1409	95.0694	461.2609	95.1389	
12/08/2017	01:32:04	019001	G523030856HLR	L523	S		435.6117	1.0311	3.3825	99.9797	39.4000	0.8230	0.8255	5.0000	17.0419	508.0736	94.8843	15.7421	24.0000	0.9300	0.9373	0.6114	-0.0023	508.0000	508.9710	1.0285	10.9260	99.8228	38.9260	0.8230	0.8199	5.0000	-9999.0000	-9999.0000	-9999.0000	-9999.0000	-9999.0000	-9999.0000	17.6018	3	0	29.4929	1.0000	99	9	-9999.0000	4698	34198	-9999	230	226	-9999	292.3848	5	0.5769	0.6114	-0.0023	53.4913	1.1427	453.6496	365.2941	37.8009	390.5353	96.3426	424.5404	94.9074	452.8063	95.0000	459.1099	95.0926	
12/08/2017	01:32:30	019001	G523030826HLR	L523	S		431.4475	1.0311	3.5897	99.9608	39.4150	0.8230	0.8255	5.0000	17.1828	508.0777	94.9306	16.2119	24.0000	0.9300	0.9372	0.5805	-0.0002	508.0000	509.1380	1.0285	10.9464	99.9198	39.0178	0.8230	0.8198	5.0000	-9999.0000	-9999.0000	-9999.0000	-9999.0000	-9999.0000	-9999.0000	17.5821	4	0	25.6730	1.0000	99	9	-9999.0000	4699	34199	-9999	231	227	-9999	291.8404	5	0.5772	0.5805	-0.0002	58.0748	0.8154	451.9537	362.9082	36.2963	437.5156	95.0231	446.0840	94.6296	451.2664	94.7917	456.7570	95.0463	
12/08/2017	01:32:56	019001	G523030914HLR	L523	S		435.5783	1.0311	3.3842	100.0884	39.4145	0.8230	0.8254	5.0000	17.1124	508.0261	94.9074	17.6516	24.1000	0.9300	0.9376	0.5813	-0.0003	508.0000	510.6847	1.0285	11.1356	99.9203	39.0106	0.8230	0.8195	5.0000	-9999.0000	-9999.0000	-9999.0000	-9999.0000	-9999.0000	-9999.0000	17.5520	5	0	26.3236	1.0000	99	9	-9999.0000	4700	34200	-9999	232	228	-9999	292.8150	5	0.5770	0.5813	-0.0003	58.2615	0.8055	466.1280	383.2007	37.0370	449.9945	95.2315	461.6251	94.9074	465.4284	95.0231	470.0625	95.0694	
12/08/2017	01:33:26	019001	G523030882HLR	L523	S		435.4531	1.0311	3.3904	100.0876	39.3118	0.8230	0.8249	5.0000	17.1817	508.0330	94.9537	15.5918	24.0000	0.9300	0.9373	0.6086	-0.0021	508.0000	510.0954	1.0285	11.0635	100.0742	39.0000	0.8230	0.8195	5.0000	-9999.0000	-9999.0000	-9999.0000	-9999.0000	-9999.0000	-9999.0000	17.8323	6	0	29.7342	1.0000	99	9	-9999.0000	4701	34201	-9999	233	229	-9999	292.8891	5	0.5766	0.6086	-0.0021	55.3165	1.0358	473.0162	392.4742	38.5185	462.5174	95.2315	469.0479	94.8611	472.4637	94.9306	476.2273	95.0694	
12/08/2017	01:33:54	019001	G523030252HLR	L523	S		430.8660	1.0311	3.6186	99.9992	39.2760	0.8230	0.8255	5.0000	17.2911	508.0502	94.9074	18.1321	24.0000	0.9300	0.9373	0.6082	-0.0021	508.0000	504.8042	1.0285	10.4164	99.9456	39.0000	0.8230	0.8195	5.0000	-9999.0000	-9999.0000	-9999.0000	-9999.0000	-9999.0000	-9999.0000	17.6925	7	0	28.0726	1.0000	99	9	-9999.0000	4702	34202	-9999	234	230	-9999	289.4923	5	0.5760	0.6082	-0.0021	48.8438	1.4937	446.0666	373.0850	37.4537	432.4542	95.6019	440.0942	94.8843	445.3167	95.0231	450.0548	95.0694	
12/08/2017	01:34:23	019001	G523030892HLR	L523	S		403.0511	1.0311	4.9994	99.9980	39.4000	0.8230	0.8258	5.0000	17.2314	0.0000	0.0000	0.0000	0.0000	0.9300	0.0000	0.0000	0.0000	0.0000	402.3498	1.0285	-2.1134	100.1355	39.0000	0.8230	0.8195	5.0000	-9999.0000	-9999.0000	-9999.0000	-9999.0000	-9999.0000	-9999.0000	17.5920	8	7	29.1335	1.0000	99	9	-9999.0000	4703	0	-9999	235	231	-9999	0.0000	0	0.0000	0.0000	0.0000	0.0000	0.0000	0.0000	0.0000	0.0000	0.0000	0.0000	0.0000	0.0000	0.0000	0.0000	0.0000	0.0000	
12/08/2017	01:34:50	019001	G523030272HLR	L523	Q		433.8092	1.0311	3.4722	100.0104	39.5484	0.8230	0.8255	5.0000	17.1104	508.0731	94.9306	14.9510	24.1000	0.9300	0.9374	0.5862	-0.0007	508.0000	505.9123	1.0285	10.5519	99.9763	39.0273	0.8230	0.8194	5.0000	-9999.0000	-9999.0000	-9999.0000	-9999.0000	-9999.0000	-9999.0000	17.5022	1	0	27.6137	1.0000	99	9	-9999.0000	4704	34203	-9999	236	232	-9999	292.4273	5	0.5755	0.5862	-0.0007	49.1350	1.4774	470.6809	388.7928	37.0833	457.3738	94.9769	465.4648	95.0000	469.9616	95.1157	474.1755	95.0926	
12/08/2017	01:35:17	019001	G523030263HLR	L523	Q		432.0724	1.0311	3.5586	100.0002	39.4534	0.8230	0.8252	5.0000	17.2413	508.0545	94.9074	17.7619	24.0000	0.9300	0.9373	0.5854	-0.0007	508.0000	507.7757	1.0285	10.7798	100.0026	39.0000	0.8230	0.8193	5.0000	-9999.0000	-9999.0000	-9999.0000	-9999.0000	-9999.0000	-9999.0000	17.5824	2	0	26.9533	1.0000	99	9	-9999.0000	4705	34204	-9999	237	233	-9999	291.3293	5	0.5752	0.5854	-0.0007	51.8108	1.3286	464.0396	383.3773	38.5185	449.9993	95.2546	458.8049	94.8843	463.4262	95.0463	467.4912	95.0926	
12/08/2017	01:35:46	019001	G523030725HLR	L523	S		432.7372	1.0311	3.5255	99.9943	39.4000	0.8230	0.8252	5.0000	17.1719	508.0355	94.9074	16.7120	24.0000	0.9300	0.9372	0.5854	-0.0007	508.0000	509.1885	1.0285	10.9526	99.8144	39.0000	0.8230	0.8194	5.0000	-9999.0000	-9999.0000	-9999.0000	-9999.0000	-9999.0000	-9999.0000	17.8624	3	0	28.5435	1.0000	99	9	-9999.0000	4706	34205	-9999	238	234	-9999	291.6988	5	0.5752	0.5854	-0.0007	51.8108	1.3286	466.0468	399.4912	39.4213	457.4186	95.0231	461.6089	94.8380	465.3983	94.9306	469.2867	95.0926	
12/08/2017	01:36:12	019001	G523030723HLR	L523	S		433.7557	1.0311	3.4748	99.9997	39.4039	0.8230	0.8254	5.0000	17.0712	508.0577	94.9074	17.1417	24.0000	0.9300	0.9373	0.5855	-0.0007	508.0000	508.2685	1.0285	10.8401	100.0208	39.0333	0.8230	0.8195	5.0000	-9999.0000	-9999.0000	-9999.0000	-9999.0000	-9999.0000	-9999.0000	17.7229	4	0	25.6124	1.0000	99	9	-9999.0000	4707	34206	-9999	239	235	-9999	291.5715	5	0.5753	0.5855	-0.0007	53.7476	1.2136	464.1950	390.8815	39.7917	455.7970	94.9074	458.9019	94.9074	463.6388	95.0000	467.7232	95.1157	
12/08/2017	01:36:38	019001	G523030237HLR	L523	S		434.4173	1.0311	3.4419	99.9360	39.4500	0.8230	0.8254	5.0000	17.1924	508.0785	94.9306	16.2618	24.0000	0.9300	0.9373	0.5827	-0.0005	508.0000	508.7963	1.0285	10.9046	100.0611	39.0333	0.8230	0.8194	5.0000	-9999.0000	-9999.0000	-9999.0000	-9999.0000	-9999.0000	-9999.0000	17.6124	5	0	26.6938	1.0000	99	9	-9999.0000	4708	34207	-9999	240	236	-9999	291.9364	5	0.5749	0.5827	-0.0005	53.2703	1.2342	467.3983	388.9295	37.3843	460.6456	95.3704	462.5613	94.8148	466.7116	95.0000	471.3103	95.0694	
12/08/2017	01:37:07	019001	G523030246HLR	L523	S		436.1146	1.0311	3.3575	99.9716	39.4500	0.8230	0.8254	5.0000	17.0519	508.0285	94.9306	15.0213	24.0000	0.9300	0.9373	0.5827	-0.0005	508.0000	508.2687	1.0285	10.8401	99.9470	39.0333	0.8230	0.8194	5.0000	-9999.0000	-9999.0000	-9999.0000	-9999.0000	-9999.0000	-9999.0000	17.5419	6	0	28.3930	1.0000	99	9	-9999.0000	4709	34208	-9999	241	237	-9999	292.0754	5	0.5749	0.5827	-0.0005	53.2703	1.2342	472.0351	396.7766	37.9398	459.4558	95.2778	467.2045	94.7454	471.4635	94.9306	475.1502	95.0463	
12/08/2017	01:37:34	019001	G523030264HLR	L523	Q		434.1468	1.0311	3.4554	100.0252	39.4500	0.8230	0.8253	5.0000	17.1124	508.0487	94.8843	17.1720	24.0000	0.9300	0.9374	0.5799	-0.0004	508.0000	508.5063	1.0285	10.8692	99.9899	39.0624	0.8230	0.8194	5.0000	-9999.0000	-9999.0000	-9999.0000	-9999.0000	-9999.0000	-9999.0000	17.5323	7	0	27.2534	1.0000	99	9	-9999.0000	4710	34209	-9999	242	238	-9999	291.4611	5	0.5742	0.5799	-0.0004	59.4414	0.9044	462.1824	387.1232	38.5880	450.5437	95.2083	456.7465	94.7685	461.5669	95.0000	465.8667	95.0694	
12/08/2017	01:38:29	019001	G523030254HLR	L523	Q		433.4643	1.0311	3.4893	100.0448	39.4090	0.8230	0.8253	5.0000	17.3526	508.0394	94.9537	15.3114	24.1000	0.9300	0.9376	0.5779	-0.0002	508.0000	507.3880	1.0285	10.7324	99.8069	38.9667	0.8230	0.8189	5.0000	-9999.0000	-9999.0000	-9999.0000	-9999.0000	-9999.0000	-9999.0000	17.6612	1	0	27.5630	1.0000	99	9	-9999.0000	4712	34210	-9999	244	240	-9999	291.6883	5	0.5741	0.5779	-0.0002	64.5582	0.6038	474.3668	388.5185	39.8148	460.8811	95.4630	469.8930	95.3472	473.8425	95.4167	477.5538	94.7917	
12/08/2017	01:38:58	019001	G523030274HLR	L523	S		432.5106	1.0311	3.5368	99.9781	39.4149	0.8230	0.8255	5.0000	17.0211	508.0313	94.9074	16.4424	24.0000	0.9300	0.9375	0.5796	-0.0004	508.0000	507.6052	1.0285	10.7590	99.8927	38.9667	0.8230	0.8195	5.0000	-9999.0000	-9999.0000	-9999.0000	-9999.0000	-9999.0000	-9999.0000	17.7520	2	0	28.6332	1.0000	99	9	-9999.0000	4713	34211	-9999	245	241	-9999	291.5389	5	0.5741	0.5796	-0.0004	60.8824	0.8070	470.8746	395.8185	40.2315	461.2266	94.9537	466.3065	94.8843	470.4282	95.0231	474.3556	95.0694	
12/08/2017	01:39:24	019001	G523030249HLR	L523	S		432.1929	1.0311	3.5526	99.9994	39.4634	0.8230	0.8255	5.0000	17.1124	508.0595	94.9306	15.8721	24.0000	0.9300	0.9373	0.5796	-0.0004	508.0000	508.4770	1.0285	10.8656	99.8901	39.0598	0.8230	0.8196	5.0000	-9999.0000	-9999.0000	-9999.0000	-9999.0000	-9999.0000	-9999.0000	17.7414	3	0	26.2228	1.0000	99	9	-9999.0000	4714	34212	-9999	246	242	-9999	291.6756	5	0.5741	0.5796	-0.0004	60.8824	0.8070	469.6668	389.3959	38.3102	459.5587	95.1620	465.6529	94.7454	469.0016	94.8843	473.2815	95.0231	
12/08/2017	01:39:52	019001	G523030257HLR	L523	S		434.3808	1.0311	3.4437	100.0784	39.5000	0.8230	0.8253	5.0000	17.1516	508.0390	94.9306	15.5322	24.0000	0.9300	0.9374	0.5811	-0.0004	508.0000	506.3661	1.0285	10.6074	99.8003	39.1000	0.8230	0.8194	5.0000	-9999.0000	-9999.0000	-9999.0000	-9999.0000	-9999.0000	-9999.0000	17.9719	4	0	28.4839	1.0000	99	9	-9999.0000	4715	34213	-9999	247	243	-9999	291.7175	5	0.5742	0.5811	-0.0004	60.8824	0.8070	471.5286	392.5038	37.4074	460.4192	95.3704	466.8777	94.7222	470.9779	94.8611	474.9862	95.0231	
12/08/2017	01:40:21	019001	G523030268HLR	L523	S		431.5344	1.0311	3.5854	99.9858	39.4500	0.8230	0.8253	5.0000	17.2022	508.0349	94.9306	16.1817	24.0000	0.9300	0.9374	0.5815	-0.0005	508.0000	506.6221	1.0285	10.6387	99.9664	39.0667	0.8230	0.8194	5.0000	-9999.0000	-9999.0000	-9999.0000	-9999.0000	-9999.0000	-9999.0000	17.7915	5	0	29.1736	1.0000	99	9	-9999.0000	4716	34214	-9999	247	244	-9999	291.6478	5	0.5742	0.5815	-0.0005	60.6644	0.8250	469.7231	389.7726	38.8889	452.7308	95.2546	465.0961	94.7222	469.3509	94.9074	473.1919	95.0231	
12/08/2017	01:40:52	019001	G523030258HLR	L523	S		435.0241	1.0311	3.4117	100.0300	39.4500	0.8230	0.8253	5.0000	17.1016	508.0556	94.9074	16.6221	24.0000	0.9300	0.9375	0.5820	-0.0005	508.0000	507.2729	1.0285	10.7183	99.9261	39.0847	0.8230	0.8193	5.0000	-9999.0000	-9999.0000	-9999.0000	-9999.0000	-9999.0000	-9999.0000	17.7121	6	0	30.3737	1.0000	99	9	-9999.0000	4717	34215	-9999	248	245	-9999	291.6187	5	0.5743	0.5820	-0.0005	57.8368	1.0199	469.1231	378.7158	36.4352	456.6294	95.6250	465.4518	94.7454	468.5139	94.9074	472.1809	95.0463	
12/08/2017	01:41:20	019001	G523030266HLR	L523	S		423.5077	1.0311	3.9847	99.9660	39.4514	0.8230	0.8254	5.0000	17.3215	508.0490	94.9306	14.8524	24.0000	0.9300	0.9374	0.5820	-0.0005	508.0000	508.2400	1.0285	10.8366	99.9543	39.0667	0.8230	0.8192	5.0000	-9999.0000	-9999.0000	-9999.0000	-9999.0000	-9999.0000	-9999.0000	17.9623	7	0	28.4536	1.0000	99	9	-9999.0000	4718	34216	-9999	249	246	-9999	291.9800	5	0.5743	0.5820	-0.0005	57.8368	1.0199	471.8573	371.9559	35.3704	421.2302	95.3009	465.4995	94.7917	471.1879	94.9074	476.1218	95.0694	
12/08/2017	01:41:50	019001	G523030269HLR	L523	S		433.5594	1.0311	3.4846	100.0812	39.5000	0.8230	0.8254	5.0000	17.2520	508.0501	94.9074	16.4825	24.0000	0.9300	0.9374	0.5879	-0.0008	508.0000	506.9782	1.0285	10.6823	100.0760	39.0667	0.8230	0.8193	5.0000	-9999.0000	-9999.0000	-9999.0000	-9999.0000	-9999.0000	-9999.0000	17.8528	8	0	29.8337	1.0000	99	9	-9999.0000	4719	34217	-9999	250	246	-9999	291.6123	5	0.5743	0.5879	-0.0008	56.9733	1.0789	467.2253	369.5488	36.4815	452.1528	95.7176	462.2265	95.1389	466.6251	95.2315	470.4541	95.0463	
12/08/2017	01:42:21	019001	G523030318HLR	L523	S		430.8779	1.0311	3.6180	99.9680	39.4642	0.8230	0.8253	5.0000	17.1509	508.0424	94.8843	17.7922	24.0000	0.9300	0.9374	0.5853	-0.0007	508.0000	506.7748	1.0285	10.6574	100.0638	39.0667	0.8230	0.8193	5.0000	-9999.0000	-9999.0000	-9999.0000	-9999.0000	-9999.0000	-9999.0000	17.8820	1	0	30.9738	1.0000	99	9	-9999.0000	4720	34218	-9999	251	247	-9999	291.0640	5	0.5745	0.5853	-0.0007	62.6198	0.7041	460.5688	384.7177	37.0833	447.0189	95.3935	456.2298	94.7222	460.0194	94.8380	463.7269	95.0463	
12/08/2017	01:42:50	019001	G523030306HLR	L523	S		432.6280	1.0311	3.5309	100.0118	39.4946	0.8230	0.8253	5.0000	17.2520	508.0657	94.8611	18.3821	24.0000	0.9300	0.9374	0.5817	-0.0004	508.0000	508.2497	1.0285	10.8378	99.9453	39.0857	0.8230	0.8193	5.0000	-9999.0000	-9999.0000	-9999.0000	-9999.0000	-9999.0000	-9999.0000	17.8021	2	0	29.3835	1.0000	99	9	-9999.0000	4721	34219	-9999	252	248	-9999	291.1418	5	0.5745	0.5817	-0.0004	62.0021	0.7445	460.7798	392.0075	38.4028	449.2100	95.2546	455.6063	94.6759	460.1998	94.8611	464.1448	95.0463	
12/08/2017	01:43:20	019001	G523030287HLR	L523	S		433.4519	1.0311	3.4900	99.9921	39.4681	0.8230	0.8253	5.0000	17.1113	508.0366	94.9074	17.0724	24.0000	0.9300	0.9374	0.5793	-0.0003	508.0000	508.5858	1.0285	10.8789	99.9510	39.0667	0.8230	0.8192	5.0000	-9999.0000	-9999.0000	-9999.0000	-9999.0000	-9999.0000	-9999.0000	17.8929	3	0	29.3640	1.0000	99	9	-9999.0000	4722	34220	-9999	253	249	-9999	291.6467	5	0.5747	0.5793	-0.0003	63.5137	0.6412	467.5189	392.2321	38.3102	454.2391	95.1852	462.9792	95.0000	466.9701	95.0694	471.1189	95.0926	
12/08/2017	01:43:49	019001	G523030326HLR	L523	S		433.0973	1.0311	3.5076	100.0938	39.4695	0.8230	0.8253	5.0000	17.2822	508.0494	94.8843	17.8215	24.0000	0.9300	0.9374	0.5798	-0.0003	508.0000	508.7465	1.0285	10.8985	99.9079	39.0667	0.8230	0.8193	5.0000	-9999.0000	-9999.0000	-9999.0000	-9999.0000	-9999.0000	-9999.0000	17.7316	4	0	29.0836	1.0000	99	9	-9999.0000	4723	34221	-9999	254	250	-9999	291.7401	5	0.5747	0.5798	-0.0003	64.2156	0.6137	467.1549	387.6857	39.6528	455.3971	94.9769	463.0203	94.8148	466.7340	94.8843	470.4926	95.0694	
12/08/2017	01:44:14	019001	G523030282HLR	L523	S		429.1336	1.0311	3.7048	99.9970	39.4617	0.8230	0.8253	5.0000	17.0919	508.0531	94.8843	19.6323	24.0000	0.9300	0.9375	0.5820	-0.0004	508.0000	509.1594	1.0285	10.9490	100.0652	39.1000	0.8230	0.8193	5.0000	-9999.0000	-9999.0000	-9999.0000	-9999.0000	-9999.0000	-9999.0000	17.9417	5	0	25.2625	1.0000	99	9	-9999.0000	4724	34222	-9999	255	251	-9999	291.4514	5	0.5746	0.5820	-0.0004	63.1762	0.6808	461.2131	388.1320	39.2130	450.0846	95.0463	456.7739	94.7222	460.7256	94.8611	464.6800	95.0463	
12/08/2017	01:44:43	019001	G523030305HLR	L523	S		427.9439	1.0311	3.7640	99.9680	39.5000	0.8230	0.8254	5.0000	17.1222	508.0694	94.9074	17.4318	24.0000	0.9300	0.9374	0.5834	-0.0005	508.0000	508.9094	1.0285	10.9185	99.9744	39.1000	0.8230	0.8193	5.0000	-9999.0000	-9999.0000	-9999.0000	-9999.0000	-9999.0000	-9999.0000	17.8418	6	0	28.9430	1.0000	99	9	-9999.0000	4725	34222	-9999	256	252	-9999	291.7455	5	0.5745	0.5834	-0.0005	61.4198	0.7851	466.2704	390.4503	40.0231	457.1755	94.9306	461.4406	94.7222	465.7544	94.8611	469.4484	95.0694	
12/08/2017	01:45:13	019001	G523030296HLR	L523	S		430.3501	1.0311	3.6443	100.0114	39.4989	0.8230	0.8252	5.0000	17.1221	508.0492	94.8611	17.9719	24.0000	0.9300	0.9375	0.5842	-0.0006	508.0000	508.1816	1.0285	10.8294	99.9956	39.0986	0.8230	0.8193	5.0000	-9999.0000	-9999.0000	-9999.0000	-9999.0000	-9999.0000	-9999.0000	17.9025	7	0	29.9940	1.0000	99	9	-9999.0000	4726	34223	-9999	256	253	-9999	291.4995	5	0.5744	0.5842	-0.0006	59.2616	0.9071	462.4034	385.2542	38.3333	455.4918	95.2315	458.0475	94.7685	461.8285	94.9074	466.1627	95.0694	
12/08/2017	01:45:39	019001	G523030304HLR	L523	S		429.6548	1.0311	3.6789	99.9936	39.4580	0.8230	0.8252	5.0000	17.4015	508.0520	94.9074	17.1320	24.0000	0.9300	0.9375	0.5906	-0.0009	508.0000	507.6247	1.0285	10.7613	100.0372	39.1000	0.8230	0.8193	5.0000	-9999.0000	-9999.0000	-9999.0000	-9999.0000	-9999.0000	-9999.0000	17.9222	8	0	25.5636	1.0000	99	9	-9999.0000	4727	34224	-9999	257	254	-9999	291.7121	5	0.5743	0.5906	-0.0009	45.3554	1.7144	464.3156	364.1087	38.5185	448.6041	95.2546	459.4925	94.8380	463.6618	94.9306	468.0689	95.0694	
12/08/2017	01:46:12	019001	G523030315HLR	L523	S		441.7183	1.0311	3.0787	100.0108	39.5000	0.8230	0.8253	5.0000	17.1621	508.0556	94.9537	13.8923	24.0000	0.9300	0.9375	0.5906	-0.0009	508.0000	508.6241	1.0285	10.8836	99.9146	39.1000	0.8230	0.8192	5.0000	-9999.0000	-9999.0000	-9999.0000	-9999.0000	-9999.0000	-9999.0000	17.9113	1	0	33.1934	1.0000	99	9	-9999.0000	4728	34225	-9999	258	255	-9999	293.4261	5	0.5743	0.5906	-0.0009	45.3554	1.7144	471.8632	380.6038	37.0833	456.8004	95.3704	466.3831	94.6528	471.2483	94.9074	476.0714	95.0694	
12/08/2017	01:46:39	019001	G523030320HLR	L523	S		430.1505	1.0311	3.6542	99.9807	39.5000	0.8230	0.8253	5.0000	17.3018	508.0418	94.9074	17.0021	24.0000	0.9300	0.9375	0.5834	-0.0006	508.0000	507.4668	1.0285	10.7420	99.9688	39.1000	0.8230	0.8193	5.0000	-9999.0000	-9999.0000	-9999.0000	-9999.0000	-9999.0000	-9999.0000	17.7327	2	0	27.4839	1.0000	99	9	-9999.0000	4729	34226	-9999	259	256	-9999	291.7282	5	0.5738	0.5834	-0.0006	37.9428	2.1349	465.7147	383.9442	38.7731	452.5655	95.3009	460.7976	94.8611	465.0538	95.0694	469.0857	95.0694	
12/08/2017	01:47:08	019001	G523030310HLR	L523	S		431.8542	1.0311	3.5694	100.0538	39.4872	0.8230	0.8253	5.0000	17.1318	508.0504	94.8380	18.6029	24.0000	0.9300	0.9375	0.5829	-0.0005	508.0000	509.0506	1.0285	10.9357	99.9687	39.1000	0.8230	0.8193	5.0000	-9999.0000	-9999.0000	-9999.0000	-9999.0000	-9999.0000	-9999.0000	17.7823	3	0	28.7934	1.0000	99	9	-9999.0000	4730	34227	-9999	260	257	-9999	291.1988	5	0.5738	0.5829	-0.0005	51.0690	1.4471	461.4847	368.8958	36.9213	452.8390	95.5556	457.0508	94.7685	460.7581	95.0000	465.1639	95.0231	
12/08/2017	01:48:04	019001	G523030299HLR	L523	S		425.8725	1.0311	3.8670	100.0401	39.5065	0.8230	0.8253	5.0000	17.1320	508.0686	94.9537	21.8425	24.1000	0.9300	0.9377	0.5881	-0.0008	508.0000	506.4473	1.0285	10.6173	99.9420	38.9655	0.8230	0.8188	5.0000	-9999.0000	-9999.0000	-9999.0000	-9999.0000	-9999.0000	-9999.0000	17.9816	5	0	27.5736	1.0000	99	9	-9999.0000	4732	34228	-9999	262	258	-9999	289.8134	5	0.5740	0.5881	-0.0008	40.8065	2.0350	449.1561	378.7208	37.7315	441.8684	95.7407	444.6460	95.0000	448.6261	95.1620	452.9401	95.1157	
12/08/2017	01:48:29	019001	G523030805HLR	L523	S		434.0834	1.0311	3.4585	99.9657	39.4607	0.8230	0.8252	5.0000	17.3722	508.0687	94.9537	15.5312	24.0000	0.9300	0.9375	0.5881	-0.0008	508.0000	508.3194	1.0285	10.2642	100.1209	39.0254	0.8230	0.8196	5.0000	-9999.0000	-9999.0000	-9999.0000	-9999.0000	-9999.0000	-9999.0000	17.7619	6	0	25.5735	1.0000	99	9	-9999.0000	4733	34229	-9999	263	259	-9999	292.4547	5	0.5740	0.5881	-0.0008	40.8065	2.0350	466.5022	384.1783	40.1157	455.7848	94.8148	461.6014	94.6528	465.9110	94.7685	470.4730	95.0000	
12/08/2017	01:48:58	019001	G523030783HLR	L523	S		431.0792	1.0311	3.6080	99.9969	39.5145	0.8230	0.8252	5.0000	17.2120	508.0531	94.9074	17.4025	24.0000	0.9300	0.9376	0.5890	-0.0009	508.0000	507.2889	1.0285	10.1435	100.0091	39.1214	0.8230	0.8196	5.0000	-9999.0000	-9999.0000	-9999.0000	-9999.0000	-9999.0000	-9999.0000	17.6828	7	0	28.7936	1.0000	99	9	-9999.0000	4734	34230	-9999	264	260	-9999	291.5796	5	0.5738	0.5890	-0.0009	43.8964	1.8596	462.7759	386.7651	38.5185	449.8696	95.3472	457.6003	95.0231	462.0667	95.2083	466.2411	95.0694	
12/08/2017	01:49:28	019001	G523030772HLR	L523	S		433.4293	1.0311	3.4911	100.0306	39.5000	0.8230	0.8253	5.0000	17.0823	508.1001	94.9537	16.1524	24.0000	0.9300	0.9375	0.5852	-0.0006	508.0000	507.8297	1.0285	10.2068	99.9355	39.1333	0.8230	0.8194	5.0000	-9999.0000	-9999.0000	-9999.0000	-9999.0000	-9999.0000	-9999.0000	17.9025	8	0	29.6735	1.0000	99	9	-9999.0000	4735	34231	-9999	265	261	-9999	292.1726	5	0.5737	0.5852	-0.0006	63.7045	0.7788	466.0068	380.4971	38.1250	453.2289	95.2083	460.6836	94.9074	465.4969	95.0694	469.8755	95.1157	
12/08/2017	01:49:57	019001	G523030811HLR	L523	S		434.5953	1.0311	3.4331	99.9865	39.5000	0.8230	0.8253	5.0000	17.3419	508.0352	94.9306	16.1719	24.0000	0.9300	0.9375	0.5860	-0.0007	508.0000	507.7146	1.0285	10.1933	99.9996	39.1085	0.8230	0.8192	5.0000	-9999.0000	-9999.0000	-9999.0000	-9999.0000	-9999.0000	-9999.0000	17.8418	1	0	28.7029	1.0000	99	9	-9999.0000	4736	34232	-9999	266	262	-9999	292.0292	5	0.5739	0.5860	-0.0007	62.3552	0.8566	468.2924	389.6467	38.5185	456.8983	95.2315	463.6538	94.9306	467.7519	95.0463	471.9937	95.0694	
12/08/2017	01:50:52	019001	G523030813HLR	L523	S		433.3138	1.0311	3.4968	100.0287	39.5000	0.8230	0.8252	5.0000	17.3624	508.0748	94.9074	17.4221	24.1000	0.9300	0.9377	0.5858	-0.0007	508.0000	505.7625	1.0285	9.9646	99.9519	38.9333	0.8230	0.8188	5.0000	-9999.0000	-9999.0000	-9999.0000	-9999.0000	-9999.0000	-9999.0000	17.8517	3	0	30.1833	1.0000	99	9	-9999.0000	4738	34233	-9999	268	263	-9999	291.6998	5	0.5743	0.5858	-0.0007	60.5757	0.9353	461.5707	373.3958	38.0787	451.3191	95.4630	456.5268	94.9306	460.8060	95.0463	465.0819	95.0926	
12/08/2017	01:51:21	019001	G523030300HLR	L523	S		432.4309	1.0311	3.5408	100.0640	39.5000	0.8230	0.8253	5.0000	17.3019	508.0604	94.9074	17.7121	24.0000	0.9300	0.9375	0.5845	-0.0006	508.0000	508.1191	1.0285	10.2407	100.1167	38.9995	0.8230	0.8197	5.0000	-9999.0000	-9999.0000	-9999.0000	-9999.0000	-9999.0000	-9999.0000	17.7424	4	0	28.3736	1.0000	99	9	-9999.0000	4739	34234	-9999	269	264	-9999	291.7170	5	0.5745	0.5845	-0.0006	53.8917	1.2820	464.5990	381.9927	40.0926	454.7728	94.9306	459.9978	94.8148	464.0723	94.9074	467.9775	95.0694	
12/08/2017	01:51:48	019001	G523030887HLR	L523	S		431.4280	1.0311	3.5906	100.0753	39.5156	0.8230	0.8253	5.0000	17.2725	508.0627	94.9074	17.3322	24.0000	0.9300	0.9375	0.5845	-0.0006	508.0000	508.0836	1.0285	10.2366	99.9302	39.1333	0.8230	0.8196	5.0000	-9999.0000	-9999.0000	-9999.0000	-9999.0000	-9999.0000	-9999.0000	17.6721	5	0	27.7037	1.0000	99	9	-9999.0000	4740	34235	-9999	270	265	-9999	291.9669	5	0.5745	0.5845	-0.0006	53.8917	1.2820	464.2916	385.2629	39.6296	455.8891	94.9769	459.8959	94.8611	463.8002	95.0000	468.0312	95.0694	
12/08/2017	01:52:41	019001	G523030789HLR	L523	S		429.6784	1.0311	3.6777	99.9804	39.4981	0.8230	0.8251	5.0000	18.1417	508.0196	94.8843	18.7923	24.1000	0.9300	0.9378	0.5843	-0.0006	508.0000	507.1649	1.0285	10.1289	99.9792	38.9367	0.8230	0.8187	5.0000	-9999.0000	-9999.0000	-9999.0000	-9999.0000	-9999.0000	-9999.0000	17.7620	7	0	26.7228	1.0000	99	9	-9999.0000	4742	34236	-9999	272	266	-9999	291.5547	5	0.5748	0.5843	-0.0006	57.2382	1.0703	461.5693	379.0346	38.8426	448.8724	95.5093	456.9960	95.0694	461.0207	95.1852	465.3896	95.0926	
12/08/2017	01:53:09	019001	G523030771HLR	L523	S		432.0523	1.0311	3.5596	99.9829	39.4733	0.8230	0.8253	5.0000	17.2521	508.0358	94.9537	16.4327	24.0000	0.9300	0.9375	0.5836	-0.0005	508.0000	507.2823	1.0285	10.1427	99.9024	38.9923	0.8230	0.8196	5.0000	-9999.0000	-9999.0000	-9999.0000	-9999.0000	-9999.0000	-9999.0000	17.6720	8	0	28.5729	1.0000	99	9	-9999.0000	4743	34237	-9999	273	267	-9999	292.2225	5	0.5745	0.5836	-0.0005	57.7852	1.0470	466.9344	380.8048	40.3009	453.9263	94.8380	462.4167	94.6991	466.1796	94.8611	470.1036	95.0694	
12/08/2017	01:53:39	019001	G523030876HLR	L523	S		434.4052	1.0311	3.4425	100.0065	39.5500	0.8230	0.8253	5.0000	17.2521	508.0397	94.9306	16.3526	24.0000	0.9300	0.9375	0.5836	-0.0005	508.0000	508.0605	1.0285	10.2339	100.0107	39.1201	0.8230	0.8197	5.0000	-9999.0000	-9999.0000	-9999.0000	-9999.0000	-9999.0000	-9999.0000	17.7326	1	0	29.9245	1.0000	99	9	-9999.0000	4744	34238	-9999	274	268	-9999	292.2022	5	0.5745	0.5836	-0.0005	57.7852	1.0470	470.4135	386.1355	38.1713	460.2767	95.3241	464.7779	94.9074	469.7632	95.0694	473.7039	95.0926	
12/08/2017	01:54:08	019001	G523028230HLR	L523	S		437.6346	1.0311	3.2819	100.0506	39.5153	0.8230	0.8251	5.0000	17.3625	508.0654	94.9537	12.8414	24.0000	0.9300	0.9375	0.5836	-0.0005	508.0000	506.2541	1.0285	10.0222	99.9986	39.1333	0.8230	0.8193	5.0000	-9999.0000	-9999.0000	-9999.0000	-9999.0000	-9999.0000	-9999.0000	17.7425	2	0	28.7027	1.0000	99	9	-9999.0000	4745	34239	-9999	275	269	-9999	293.1515	5	0.5745	0.5836	-0.0005	57.7852	1.0470	477.0546	397.9235	39.0741	463.4316	95.0694	471.8499	94.7454	476.3050	94.9074	480.2167	95.0463	
12/08/2017	01:54:39	019001	G523030897HLR	L523	S		0.0000	0.0000	0.0000	0.0000	0.0000	0.8230	0.0000	0.0000	0.0000	0.0000	0.0000	0.0000	0.0000	0.9300	0.0000	0.0000	0.0000	0.0000	0.0000	0.0000	0.0000	0.0000	0.0000	0.8230	0.0000	0.0000	0.0000	0.0000	0.0000	0.0000	0.0000	0.0000	0.0000	0	42	28.7027	1.0000	99	9	0.0000	0	0	0	0	0	0	0.0000	0	0.0000	0.0000	0.0000	0.0000	0.0000	0.0000	0.0000	0.0000	0.0000	0.0000	0.0000	0.0000	0.0000	0.0000	0.0000	0.0000	
12/08/2017	01:54:59	019001	G523030877HLR	L523	S		434.8763	1.0311	3.4191	99.9814	39.5000	0.8230	0.8252	5.0000	17.0724	508.0367	94.9537	15.3622	24.0000	0.9300	0.9375	0.5832	-0.0005	508.0000	507.1210	1.0285	10.1238	99.8199	39.1000	0.8230	0.8191	5.0000	-9999.0000	-9999.0000	-9999.0000	-9999.0000	-9999.0000	-9999.0000	17.7523	3	0	50.7769	1.0000	99	9	-9999.0000	4746	34240	-9999	276	270	-9999	292.4688	5	0.5745	0.5832	-0.0005	57.0859	1.0800	471.7639	394.7214	38.5417	460.7493	95.3472	466.8568	95.1389	470.9798	95.3009	475.0376	95.1157	
12/08/2017	01:55:28	019001	G523030767HLR	L523	S		432.2016	1.0311	3.5522	100.0506	39.5000	0.8230	0.8253	5.0000	17.1924	508.0433	94.9306	16.6124	24.0000	0.9300	0.9374	0.5834	-0.0005	508.0000	507.2924	1.0285	10.1439	100.0639	39.0667	0.8230	0.8192	5.0000	-9999.0000	-9999.0000	-9999.0000	-9999.0000	-9999.0000	-9999.0000	17.5617	4	0	29.0738	1.0000	99	9	-9999.0000	4747	34241	-9999	277	271	-9999	292.2568	5	0.5752	0.5834	-0.0005	55.1574	1.1829	467.1430	387.0616	37.4769	455.8378	95.4167	461.9994	94.8380	466.5822	95.0463	470.5827	95.0926	
12/08/2017	01:55:55	019001	G523030878HLR	L523	S		430.9174	1.0311	3.6160	100.0765	39.5079	0.8230	0.8253	5.0000	17.3019	508.0404	94.8843	18.5824	24.0000	0.9300	0.9374	0.5803	-0.0003	508.0000	508.0729	1.0285	10.2353	100.0123	38.9889	0.8230	0.8188	5.0000	-9999.0000	-9999.0000	-9999.0000	-9999.0000	-9999.0000	-9999.0000	17.9621	5	0	27.5530	1.0000	99	9	-9999.0000	4748	34242	-9999	278	272	-9999	291.6566	5	0.5756	0.5803	-0.0003	49.3685	1.5148	463.0153	394.4036	38.9120	457.6985	95.1852	457.7047	94.9306	462.2438	95.0694	466.3552	95.0926	
12/08/2017	01:56:21	019001	G523030809HLR	L523	S		433.2495	1.0311	3.5000	100.0093	39.5500	0.8230	0.8253	5.0000	17.0921	508.0486	94.9306	16.7726	24.0000	0.9300	0.9375	0.5880	-0.0007	508.0000	508.4274	1.0285	10.2768	100.0333	39.0227	0.8230	0.8195	5.0000	-9999.0000	-9999.0000	-9999.0000	-9999.0000	-9999.0000	-9999.0000	17.8019	6	0	26.1829	1.0000	99	9	-9999.0000	4749	34243	-9999	279	273	-9999	292.2381	5	0.5758	0.5880	-0.0007	49.3877	1.4990	470.0253	387.2017	40.0926	461.4789	94.7917	465.2641	94.7454	469.4273	94.8843	473.0332	95.0463	
12/08/2017	01:56:52	019001	G523030868HLR	L523	S		431.9809	1.0311	3.5631	100.0474	39.5143	0.8230	0.8252	5.0000	17.1320	508.0420	94.9074	16.8820	24.0000	0.9300	0.9375	0.5881	-0.0007	508.0000	507.0093	1.0285	10.1107	99.9387	39.1000	0.8230	0.8196	5.0000	-9999.0000	-9999.0000	-9999.0000	-9999.0000	-9999.0000	-9999.0000	17.6418	7	0	30.4443	1.0000	99	9	-9999.0000	4750	34244	-9999	280	274	-9999	292.3495	5	0.5758	0.5881	-0.0007	49.0192	1.5265	464.8902	393.9472	38.1481	454.8439	95.2083	462.0007	94.8380	464.3068	94.9537	468.2453	95.0694	
12/08/2017	01:57:21	019001	G523030898HLR	L523	S		432.5241	1.0311	3.5361	99.9944	39.4690	0.8230	0.8252	5.0000	17.2417	508.0476	94.9074	17.0519	24.1000	0.9300	0.9377	0.5889	-0.0008	508.0000	507.1581	1.0285	10.1281	99.9782	39.1333	0.8230	0.8194	5.0000	-9999.0000	-9999.0000	-9999.0000	-9999.0000	-9999.0000	-9999.0000	17.7825	8	0	29.6226	1.0000	99	9	-9999.0000	4751	34245	-9999	281	275	-9999	292.3697	5	0.5757	0.5889	-0.0008	49.4582	1.4891	463.8729	382.2852	39.8843	452.6137	95.1620	458.3736	94.8843	463.2560	95.0231	467.7137	95.0463	
12/08/2017	01:57:47	019001	G523030909HLR	L523	S		433.9222	1.0311	3.4666	99.9668	39.4703	0.8230	0.8250	5.0000	17.2825	508.0653	94.9306	16.1719	24.0000	0.9300	0.9375	0.5896	-0.0008	508.0000	507.7686	1.0285	10.1997	99.9849	39.1000	0.8230	0.8191	5.0000	-9999.0000	-9999.0000	-9999.0000	-9999.0000	-9999.0000	-9999.0000	17.7217	1	0	25.4836	1.0000	99	9	-9999.0000	4752	34246	-9999	282	276	-9999	292.7739	5	0.5755	0.5896	-0.0008	49.5034	1.4908	466.8802	388.8595	38.1713	456.1813	95.3009	461.7330	94.8843	466.3172	95.0231	470.6161	95.0694	
12/08/2017	01:58:13	019001	G523030904HLR	L523	S		440.9670	1.0311	3.1161	100.0545	39.4000	0.8230	0.8252	5.0000	17.2715	508.0165	94.9306	14.2615	24.0000	0.9300	0.9374	0.5896	-0.0008	508.0000	510.8786	1.0285	10.5640	99.8588	39.0667	0.8230	0.8192	5.0000	-9999.0000	-9999.0000	-9999.0000	-9999.0000	-9999.0000	-9999.0000	17.6622	2	0	26.0628	1.0000	99	9	-9999.0000	4753	34247	-9999	283	277	-9999	293.4233	5	0.5755	0.5896	-0.0008	49.5034	1.4908	472.5150	386.6954	37.6157	459.4350	95.3009	466.9389	94.7454	471.7763	94.9074	475.8001	95.0463	
12/08/2017	01:58:39	019001	G523030883HLR	L523	S		428.1364	1.0311	3.7544	100.0064	39.4681	0.8230	0.8256	5.0000	17.0421	508.0340	94.9074	19.0824	24.0000	0.9300	0.9375	0.5883	-0.0007	508.0000	507.8529	1.0285	10.2095	100.0214	39.0949	0.8230	0.8194	5.0000	-9999.0000	-9999.0000	-9999.0000	-9999.0000	-9999.0000	-9999.0000	17.6028	3	0	25.5733	1.0000	99	9	-9999.0000	4754	34248	-9999	284	278	-9999	291.5591	5	0.5760	0.5883	-0.0007	49.4406	1.4999	458.2951	388.6433	38.6343	448.8768	95.3935	452.9314	94.9306	457.6177	95.1157	461.8951	95.0694	
12/08/2017	01:59:04	019001	G523030858HLR	L523	S		431.2593	1.0311	3.5990	100.0812	39.5500	0.8230	0.8255	5.0000	17.0128	508.0245	94.9074	17.6926	24.0000	0.9300	0.9373	0.5896	-0.0008	508.0000	507.7087	1.0285	10.1926	99.9383	39.1239	0.8230	0.8194	5.0000	-9999.0000	-9999.0000	-9999.0000	-9999.0000	-9999.0000	-9999.0000	17.7218	4	0	25.5547	1.0000	99	9	-9999.0000	4755	34249	-9999	285	279	-9999	292.2170	5	0.5761	0.5896	-0.0008	49.0806	1.5308	461.7732	386.5110	39.0046	450.2369	95.1157	456.2459	94.8148	461.0741	94.9537	465.2889	95.0694	
12/08/2017	01:59:29	019001	G523030572HLR	L523	S		440.3828	1.0311	3.1451	100.0177	39.5599	0.8230	0.8252	5.0000	17.1018	508.0592	94.9537	14.1111	24.0000	0.9300	0.9374	0.5896	-0.0008	508.0000	512.9020	1.0285	10.8011	100.0076	39.1333	0.8230	0.8193	5.0000	-9999.0000	-9999.0000	-9999.0000	-9999.0000	-9999.0000	-9999.0000	17.7326	5	0	24.9916	1.0000	99	9	-9999.0000	4756	34250	-9999	286	280	-9999	293.6940	5	0.5761	0.5896	-0.0008	49.0806	1.5308	471.4847	388.3782	37.6852	459.4187	95.1157	465.8756	94.6296	470.3974	94.7685	474.6386	95.0231	
12/08/2017	01:59:57	019001	G523030570HLR	L523	S		442.4890	1.0311	3.0403	99.9942	39.4784	0.8230	0.8250	5.0000	17.2814	508.0452	94.9306	14.1023	24.0000	0.9300	0.9374	0.5869	-0.0007	508.0000	510.5099	1.0285	10.5208	99.9380	39.1329	0.8230	0.8192	5.0000	-9999.0000	-9999.0000	-9999.0000	-9999.0000	-9999.0000	-9999.0000	17.7423	6	0	27.6137	1.0000	99	9	-9999.0000	4757	34251	-9999	286	281	-9999	293.4127	5	0.5760	0.5869	-0.0007	48.0251	1.5859	473.9369	393.6844	39.4444	461.8769	95.0694	468.6245	94.8611	473.1663	95.0463	477.7016	95.0694	
12/08/2017	02:00:26	019001	G523030500HLR	L523	S		442.0105	1.0311	3.0642	100.0512	39.4500	0.8230	0.8252	5.0000	17.4123	508.0422	94.9537	14.1814	24.0000	0.9300	0.9374	0.5894	-0.0008	508.0000	511.6410	1.0285	10.6533	99.9624	39.1315	0.8230	0.8192	5.0000	-9999.0000	-9999.0000	-9999.0000	-9999.0000	-9999.0000	-9999.0000	17.7718	7	0	29.0729	1.0000	99	9	-9999.0000	4758	34252	-9999	287	282	-9999	293.6885	5	0.5759	0.5894	-0.0008	46.0603	1.7164	472.4267	388.8821	39.1898	462.1639	95.0000	467.3842	94.7222	471.7571	94.9537	475.4550	95.0463	
12/08/2017	02:00:51	019001	G523030508HLR	L523	S		443.7138	1.0311	2.9794	100.0442	39.5000	0.8230	0.8254	5.0000	17.4016	508.0701	94.9769	12.7115	24.0000	0.9300	0.9375	0.5893	-0.0008	508.0000	511.4762	1.0285	10.6340	99.9128	39.1333	0.8230	0.8191	5.0000	-9999.0000	-9999.0000	-9999.0000	-9999.0000	-9999.0000	-9999.0000	17.8323	8	0	25.6633	1.0000	99	9	-9999.0000	4759	34253	-9999	288	283	-9999	294.3184	5	0.5755	0.5893	-0.0008	42.3362	1.9421	476.6060	386.3717	39.0972	467.0815	95.1157	471.4441	94.8611	475.8826	95.0231	481.0327	95.0463	
12/08/2017	02:01:16	019001	G523030510HLR	L523	S		444.0391	1.0311	2.9632	99.9660	39.5500	0.8230	0.8253	5.0000	17.5313	508.0729	94.9537	12.5709	24.0000	0.9300	0.9375	0.5893	-0.0008	508.0000	510.6571	1.0285	10.5381	99.9664	39.1011	0.8230	0.8191	5.0000	-9999.0000	-9999.0000	-9999.0000	-9999.0000	-9999.0000	-9999.0000	17.6016	1	0	25.0031	1.0000	99	9	-9999.0000	4760	34254	-9999	289	284	-9999	294.3700	5	0.5752	0.5893	-0.0008	47.4988	1.6363	478.5906	389.5306	38.4722	467.2250	95.2778	472.9658	94.9537	477.7413	95.1620	482.2168	95.0694	
12/08/2017	02:01:42	019001	G523030661HLR	L523	S		435.9156	1.0311	3.3674	99.9880	39.5500	0.8230	0.8252	5.0000	17.2823	508.0745	94.9537	15.6513	24.0000	0.9300	0.9376	0.5893	-0.0008	508.0000	509.9930	1.0285	10.4603	99.9151	39.1000	0.8230	0.8194	5.0000	-9999.0000	-9999.0000	-9999.0000	-9999.0000	-9999.0000	-9999.0000	17.7521	2	0	25.5637	1.0000	99	9	-9999.0000	4761	34255	-9999	290	285	-9999	293.1460	5	0.5750	0.5893	-0.0008	41.3011	2.0009	467.2928	383.4067	37.4769	461.5955	94.9537	461.8911	94.9537	466.6096	95.1389	470.8572	95.0463	
12/08/2017	02:02:07	019001	G523028198HLR	L523	S		435.8712	1.0311	3.3696	100.0095	39.5224	0.8230	0.8251	5.0000	17.2825	508.0382	94.9074	17.7219	24.0000	0.9300	0.9375	0.5893	-0.0008	508.0000	508.3837	1.0285	10.2717	100.1190	39.1333	0.8230	0.8193	5.0000	-9999.0000	-9999.0000	-9999.0000	-9999.0000	-9999.0000	-9999.0000	17.8920	3	0	25.1924	1.0000	99	9	-9999.0000	4762	34256	-9999	291	286	-9999	292.2702	5	0.5751	0.5893	-0.0008	42.1709	1.9427	461.3468	383.3146	40.3704	448.6886	94.9306	456.4307	95.2546	460.6033	95.3472	464.7521	94.9306	
12/08/2017	02:02:34	019001	G523030132HLR	L523	S		445.3518	1.0311	2.8979	100.0505	39.5258	0.8230	0.8252	5.0000	17.1125	508.0540	94.9537	12.8121	24.0000	0.9300	0.9375	0.5893	-0.0008	508.0000	511.8666	1.0285	10.6798	99.9378	39.1513	0.8230	0.8193	5.0000	-9999.0000	-9999.0000	-9999.0000	-9999.0000	-9999.0000	-9999.0000	17.7427	4	0	27.1332	1.0000	99	9	-9999.0000	4763	34257	-9999	292	287	-9999	294.2575	5	0.5751	0.5893	-0.0008	42.1709	1.9427	476.8507	392.0662	40.2778	467.1879	94.6528	471.8952	94.5833	476.3142	94.6991	480.2269	95.0231	
