Data	Timp	Nr. masina	Nr. de serie	Tip	Productie	Comentariu	Pre-masurare Q [ml/min]	Pre-masurare Gain	Pre-masurare Offset Master	Pre-masurare P [bar]	Pre-masurare T [°C]	Pre-masurare Densitate fixa [kg/l]	Pre-masurare densitate masurata [kg/l]	Pre-masurare Timp masurare [s]	Pre-masurare Cycle time [s]	rectificare Q Oprire [ml/min]	rectificare P Oprire [bar]	rectificare Timp rectificare [s]	rectificare T [°C]	rectificare Densitate fixa [kg/l]	rectificare densitate masurata [kg/l]	rectificare Factor de masurare la rectificare	rectificare Factor de corectie a debitului	rectificare Target rectificare	Masurare Q [ml/min]	Masurare Gain	Masurare Offset Master	Masurare P [bar]	Masurare T [°C]	Masurare Densitate fixa [kg/l]	Masurare densitate masurata [kg/l]	Masurare Timp masurare [s]	Masurare Q [ml/min]	Masurare Delta Q [ml/min]	Masurare P [bar]	Masurare BP [bar]	Masurare T [°C]	Masurare Timp masurare [s]	Masurare Cycle time [s]	Nest Nr.	Cod de descarcare	Cycle time [s]	Traceability aktiv	EDM Maschine Nr	EDM Spindle Nr	Honing Rate [r	Station Counter Premeasure	Station Counter Grind	Station Counter Blowout 1	Station Counter Wash	Station Counter Measure	Station Counter Blowout 2	RealGrindQStop	Reg Type	Factor 0	Factor 1	Factor 2	Factor 3	Factor 4	G_StartQV	G_StartQV_1	G_StartQV_2	G_StartQV_3	G_StartQV_4	G_StartQV_5	
09/08/2017	02:21:16	019001	G523014312HLR	L523	S		427.3468	1.0311	3.7937	99.9897	39.1521	0.8230	0.8279	5.0000	17.1017	508.0730	94.9306	16.2617	24.8000	0.9300	0.9412	0.6039	-0.0026	508.0000	498.1434	1.0285	9.8270	99.9789	38.6333	0.8230	0.8224	5.0000	-9999.0000	-9999.0000	-9999.0000	-9999.0000	-9999.0000	-9999.0000	17.9218	2	1	25.5538	1.0000	06	1	-9999.0000	51799	27831	-9999	2773	2680	-9999	285.0412	5	0.5745	0.6039	-0.0026	44.9187	1.5904	450.7900	281.9687	39.6528	432.4177	96.6898	442.0642	96.1343	447.9916	96.0648	452.8419	94.6991	
09/08/2017	02:29:32	019001	G523015121HLR	L523	S		451.4913	1.0311	2.5925	99.9546	39.1599	0.8230	0.8281	5.0000	17.3523	508.0679	95.0463	8.9415	24.7000	0.9300	0.9408	0.6039	-0.0026	508.0000	517.3445	1.0285	11.7660	99.9540	38.7382	0.8230	0.8221	5.0000	-9999.0000	-9999.0000	-9999.0000	-9999.0000	-9999.0000	-9999.0000	17.3623	3	2	496.2693	1.0000	06	1	-9999.0000	51800	27832	-9999	2774	2681	-9999	294.8690	5	0.5745	0.6039	-0.0026	44.9187	1.5904	480.3158	374.6634	39.7917	458.7380	94.6296	474.1779	94.0972	479.7749	93.9583	485.8052	94.8611	
09/08/2017	02:30:07	019001	G523015122HLR	L523	S		427.6153	1.0311	3.7803	100.0440	39.3622	0.8230	0.8285	5.0000	17.1719	508.0751	94.9074	17.0323	24.6000	0.9300	0.9406	0.6039	-0.0026	508.0000	501.3080	1.0285	10.2209	99.9526	38.6798	0.8230	0.8224	5.0000	-9999.0000	-9999.0000	-9999.0000	-9999.0000	-9999.0000	-9999.0000	17.3223	4	1	34.2941	1.0000	06	1	-9999.0000	51801	27833	-9999	2775	2682	-9999	283.9971	5	0.5745	0.6039	-0.0026	44.9187	1.5904	443.9611	374.3169	38.4722	429.1565	95.2546	437.3028	95.0231	443.2597	94.9769	448.7012	94.9306	
09/08/2017	02:31:17	019001	G523015091HLR	L523	S		420.7518	1.0311	4.1218	100.1112	39.4000	0.8230	0.8282	5.0000	17.0420	508.0584	94.9537	18.8118	24.5000	0.9300	0.9404	0.6040	-0.0027	508.0000	495.2284	1.0285	9.4641	99.9953	38.6572	0.8230	0.8224	5.0000	-9999.0000	-9999.0000	-9999.0000	-9999.0000	-9999.0000	-9999.0000	17.9923	5	1	70.6286	1.0000	06	1	-9999.0000	51802	27834	-9999	2776	2683	-9999	281.6040	5	0.5744	0.6040	-0.0027	44.8569	1.5900	434.5185	378.8669	40.2546	423.4325	94.9537	428.9153	94.4444	433.7987	94.3287	439.2609	94.8380	
09/08/2017	02:32:16	019001	G523015032HLR	L523	Q		439.4905	1.0311	3.1895	99.9828	39.3616	0.8230	0.8276	5.0000	17.7023	508.0330	94.9306	12.8316	24.6000	0.9300	0.9407	0.5825	-0.0007	508.0000	507.2928	1.0285	10.9659	99.9730	38.6257	0.8230	0.8226	5.0000	-9999.0000	-9999.0000	-9999.0000	-9999.0000	-9999.0000	-9999.0000	17.6221	7	0	30.2136	1.0000	06	1	-9999.0000	51804	27835	-9999	2778	2685	-9999	291.2237	5	0.5743	0.5825	-0.0007	45.0652	1.5592	474.7370	367.1597	39.3287	459.4094	94.7454	470.3399	94.4213	474.0761	94.3287	478.3688	94.8611	
09/08/2017	02:32:43	019001	G523015119HLR	L523	S		419.8943	1.0311	4.1645	99.9175	39.3000	0.8230	0.8277	5.0000	17.5616	508.0418	94.9769	22.2722	24.7000	0.9300	0.9412	0.5840	-0.0009	508.0000	502.7994	1.0285	10.4066	100.0120	38.8285	0.8230	0.8227	5.0000	-9999.0000	-9999.0000	-9999.0000	-9999.0000	-9999.0000	-9999.0000	17.4720	8	1	26.3438	1.0000	06	1	-9999.0000	51805	27836	-9999	2779	2686	-9999	285.9856	5	0.5732	0.5840	-0.0009	43.3149	1.6946	441.2455	344.8237	37.5926	423.3876	96.4352	436.4501	95.3704	440.7998	95.0926	445.1293	95.1389	
09/08/2017	02:33:30	019001	G523015086HLR	L523	Q		427.4956	1.0311	3.7863	100.0343	39.2000	0.8230	0.8280	5.0000	17.3516	508.0372	94.9537	20.6226	24.5000	0.9300	0.9405	0.5840	-0.0009	508.0000	505.5385	1.0285	10.7475	99.9963	38.7333	0.8230	0.8223	5.0000	-9999.0000	-9999.0000	-9999.0000	-9999.0000	-9999.0000	-9999.0000	17.4316	1	0	47.5655	1.0000	06	1	-9999.0000	51806	27837	-9999	2780	2687	-9999	287.5141	5	0.5732	0.5840	-0.0009	43.3149	1.6946	449.2062	396.5253	38.6111	430.4245	95.7176	441.9065	94.9074	448.5432	94.7222	453.3186	94.9074	
09/08/2017	02:37:23	019001	G523015097HLR	L523	S		431.6601	1.0311	3.5791	99.9573	39.2936	0.8230	0.8283	5.0000	17.3723	508.1039	94.9074	16.9327	24.6000	0.9300	0.9410	0.5823	-0.0008	508.0000	504.1521	1.0285	10.5749	100.0211	38.8252	0.8230	0.8224	5.0000	-9999.0000	-9999.0000	-9999.0000	-9999.0000	-9999.0000	-9999.0000	17.4317	2	0	230.7569	1.0000	06	1	-9999.0000	51807	27838	-9999	2781	2688	-9999	289.2176	5	0.5727	0.5823	-0.0008	43.5093	1.7049	459.3429	387.1355	39.3981	440.8426	95.6713	454.0447	95.3009	458.7490	95.1389	463.1152	94.9769	
09/08/2017	02:37:54	019001	G523015096HLR	L523	S		426.0321	1.0311	3.8591	99.9805	39.2609	0.8230	0.8275	5.0000	17.2620	508.0528	94.9306	18.7923	24.6000	0.9300	0.9408	0.5805	-0.0006	508.0000	506.9449	1.0285	10.9226	99.9928	38.7333	0.8230	0.8220	5.0000	-9999.0000	-9999.0000	-9999.0000	-9999.0000	-9999.0000	-9999.0000	17.5931	3	0	32.9142	1.0000	06	1	-9999.0000	51808	27839	-9999	2782	0	-9999	288.6550	5	0.5724	0.5805	-0.0006	43.0905	1.7605	456.6146	389.4703	38.0787	441.5014	95.5787	451.8419	94.9306	456.1384	94.9074	460.0117	94.9769	
09/08/2017	02:38:20	019001	G523015045HLR	L523	S		441.6368	1.0311	3.0827	99.9379	39.1839	0.8230	0.8279	5.0000	17.3117	508.0794	94.9306	14.1423	24.5000	0.9300	0.9406	0.5805	-0.0006	508.0000	511.1597	1.0285	11.4473	100.0227	38.6667	0.8230	0.8223	5.0000	-9999.0000	-9999.0000	-9999.0000	-9999.0000	-9999.0000	-9999.0000	17.9719	4	0	25.6437	1.0000	06	1	-9999.0000	51809	27840	-9999	2783	2689	-9999	290.8047	5	0.5724	0.5805	-0.0006	43.0905	1.7605	473.8713	398.5263	40.5556	459.0322	95.1157	469.3842	94.7685	473.1109	94.6991	477.3165	94.9306	
09/08/2017	02:38:44	019001	G523015113HLR	L523	S		424.5044	1.0311	3.9351	100.0635	39.3216	0.8230	0.8283	5.0000	17.3320	58.1207	94.9537	31.0037	24.8000	0.9300	0.9399	0.5792	-0.0005	508.0000	435.7912	1.0285	2.0653	99.9722	38.8280	0.8230	0.8226	5.0000	-9999.0000	-9999.0000	-9999.0000	-9999.0000	-9999.0000	-9999.0000	17.4122	5	34	24.9130	1.0000	06	1	-9999.0000	51810	27841	-9999	2784	2690	-9999	32.7259	5	0.5717	0.5792	-0.0005	44.7659	1.6525	25.6456	386.9966	39.7222	65.0846	105.3472	29.4702	103.1250	46.1321	100.1620	26.9912	98.4954	
09/08/2017	02:39:19	019001	G523015104HLR	L523	S		442.8145	1.0311	3.0242	100.0869	39.4171	0.8230	0.8280	5.0000	17.7218	0.0000	0.0000	0.0000	0.0000	0.9300	0.0000	0.0000	0.0000	508.0000	450.4131	1.0285	3.8854	100.0031	38.7863	0.8230	0.8224	5.0000	-9999.0000	-9999.0000	-9999.0000	-9999.0000	-9999.0000	-9999.0000	17.4621	6	1	34.3537	1.0000	06	1	-9999.0000	51811	0	-9999	2785	2690	-9999	0.0000	0	0.0000	0.0000	0.0000	0.0000	0.0000	0.0000	0.0000	0.0000	0.0000	0.0000	0.0000	0.0000	0.0000	0.0000	0.0000	0.0000	
09/08/2017	02:39:52	019001	G523015103HLR	L523	S		429.1550	1.0311	3.7037	100.0112	39.3573	0.8230	0.8275	5.0000	17.1426	508.0537	94.9769	21.4528	24.8000	0.9300	0.9405	0.5748	-0.0003	508.0000	506.3476	1.0285	10.8482	100.0045	38.8333	0.8230	0.8220	5.0000	-9999.0000	-9999.0000	-9999.0000	-9999.0000	-9999.0000	-9999.0000	17.3517	7	0	32.8439	1.0000	06	1	-9999.0000	0	27842	-9999	2786	2691	-9999	288.9490	5	0.5705	0.5748	-0.0003	47.7897	1.4915	424.3637	308.7954	38.4028	429.3221	80.0694	419.7577	80.6481	421.6795	80.4167	443.5015	93.3796	
09/08/2017	02:40:26	019001	G523015053HLR	L523	Q		439.9949	1.0311	3.1644	99.9689	39.2000	0.8230	0.8277	5.0000	18.5618	508.0309	94.9306	12.0923	24.6000	0.9300	0.9402	0.5748	-0.0003	508.0000	506.3098	1.0285	10.8435	99.9950	38.7387	0.8230	0.8220	5.0000	-9999.0000	-9999.0000	-9999.0000	-9999.0000	-9999.0000	-9999.0000	17.5226	8	0	34.7238	1.0000	06	1	-9999.0000	51812	27843	-9999	2786	2692	-9999	290.3805	5	0.5705	0.5748	-0.0003	47.7897	1.4915	474.8681	396.6127	38.6806	454.5230	91.6204	471.4030	91.2037	474.5121	91.0648	482.4406	94.5139	
09/08/2017	02:40:53	019001	G523015124HLR	L523	Q		437.1765	1.0311	3.3047	99.9860	39.3000	0.8230	0.8284	5.0000	17.1622	508.0413	95.0000	9.3908	24.6000	0.9300	0.9401	0.5742	-0.0002	508.0000	504.6190	1.0285	10.6331	99.9641	38.8333	0.8230	0.8221	5.0000	-9999.0000	-9999.0000	-9999.0000	-9999.0000	-9999.0000	-9999.0000	17.5813	1	0	26.5539	1.0000	06	1	-9999.0000	51813	27844	-9999	2787	2692	-9999	290.6021	5	0.5696	0.5742	-0.0002	52.6986	1.2073	472.8170	398.9226	37.7546	454.8696	92.8472	462.7372	92.2685	471.3739	92.0833	491.4018	95.1620	
09/08/2017	02:41:28	019001	G523015046HLR	L523	S		425.8150	1.0311	3.8699	99.9450	39.3764	0.8230	0.8283	5.0000	17.1320	508.0392	94.9769	22.3034	24.6000	0.9300	0.9405	0.5728	-0.0002	508.0000	506.4461	1.0285	10.8605	99.9639	38.8269	0.8230	0.8221	5.0000	-9999.0000	-9999.0000	-9999.0000	-9999.0000	-9999.0000	-9999.0000	17.5216	2	0	34.6136	1.0000	06	1	-9999.0000	51814	27845	-9999	2788	2693	-9999	289.0422	5	0.5695	0.5728	-0.0002	54.9552	1.0641	451.0965	393.6301	40.0926	439.6870	93.1481	446.8961	93.1713	450.5899	93.2176	455.0933	94.8611	
09/08/2017	02:41:52	019001	G523015056HLR	L523	S		428.0101	1.0311	3.7607	99.9390	39.4069	0.8230	0.8280	5.0000	17.2520	508.0246	94.9537	21.4928	24.5000	0.9300	0.9403	0.5774	-0.0004	508.0000	507.0231	1.0285	10.9323	99.9788	38.8989	0.8230	0.8219	5.0000	-9999.0000	-9999.0000	-9999.0000	-9999.0000	-9999.0000	-9999.0000	19.3725	3	0	24.9727	1.0000	06	1	-9999.0000	51815	27846	-9999	2789	2694	-9999	289.2808	5	0.5700	0.5774	-0.0004	51.8539	1.2330	452.8636	393.9216	39.0741	444.1844	93.1713	449.2171	93.0093	452.5974	92.9167	457.9294	95.3704	
09/08/2017	02:42:24	019001	G523015068HLR	L523	S		424.1431	1.0311	3.9531	100.0604	39.4000	0.8230	0.8277	5.0000	17.0519	508.0359	94.9769	22.6629	24.5000	0.9300	0.9404	0.5797	-0.0005	508.0000	506.2625	1.0285	10.8376	100.0265	38.8667	0.8230	0.8220	5.0000	-9999.0000	-9999.0000	-9999.0000	-9999.0000	-9999.0000	-9999.0000	17.4914	4	0	31.6446	1.0000	06	1	-9999.0000	51816	27847	-9999	2790	2695	-9999	288.8630	5	0.5710	0.5797	-0.0005	51.8202	1.2287	446.6208	394.0237	38.9352	438.6827	93.6806	443.3166	93.2870	446.1750	93.1481	451.1232	95.3241	
09/08/2017	02:42:55	019001	G523015291HLR	L523	S		438.5567	1.0311	3.2360	100.0578	39.3000	0.8230	0.8276	5.0000	17.3117	508.0504	94.9074	15.1610	24.5000	0.9300	0.9404	0.5797	-0.0005	508.0000	509.8576	1.0285	11.2852	100.0006	38.9000	0.8230	0.8221	5.0000	-9999.0000	-9999.0000	-9999.0000	-9999.0000	-9999.0000	-9999.0000	18.7718	5	0	30.7037	1.0000	06	1	-9999.0000	51816	27848	-9999	2791	2696	-9999	290.8145	5	0.5710	0.5797	-0.0005	51.8202	1.2287	468.2223	382.4853	39.4676	458.3238	93.6806	464.8112	93.5648	467.7765	93.4722	473.4417	95.1852	
09/08/2017	02:43:34	019001	G523013679HLR	L523	S		426.6481	1.0311	3.8285	100.0199	39.3500	0.8230	0.8279	5.0000	17.0918	508.0455	94.9537	22.5027	24.5000	0.9300	0.9406	0.5784	-0.0004	508.0000	509.0945	1.0285	11.1902	99.9624	38.9000	0.8230	0.8218	5.0000	-9999.0000	-9999.0000	-9999.0000	-9999.0000	-9999.0000	-9999.0000	19.0629	6	0	39.0847	1.0000	06	1	-9999.0000	51817	27849	-9999	2792	2697	-9999	289.3747	5	0.5707	0.5784	-0.0004	50.1054	1.3456	450.4055	389.2498	40.5093	442.6826	94.0278	446.3664	94.1435	449.7112	94.1204	453.9174	94.7685	
09/08/2017	02:44:30	019001	G523015708HLR	L523	S		428.8017	1.0311	3.7213	99.9506	39.4036	0.8230	0.8278	5.0000	17.3214	508.0563	94.9769	19.5824	24.6000	0.9300	0.9410	0.5770	-0.0003	508.0000	508.0159	1.0285	11.0559	99.9900	38.7000	0.8230	0.8218	5.0000	-9999.0000	-9999.0000	-9999.0000	-9999.0000	-9999.0000	-9999.0000	17.6927	8	0	26.9428	1.0000	06	1	-9999.0000	51819	27850	-9999	2794	2698	-9999	290.2982	5	0.5710	0.5770	-0.0003	50.0509	1.3599	456.3188	374.8723	40.1852	447.9244	94.3056	452.3126	93.9583	455.7566	93.8889	460.5235	94.9769	
09/08/2017	02:45:01	019001	G523015650HLR	L523	S		421.2495	1.0311	4.0970	99.9437	39.3500	0.8230	0.8278	5.0000	17.2316	508.0224	94.9306	19.3422	24.5000	0.9300	0.9409	0.5765	-0.0003	508.0000	506.7358	1.0285	10.8966	99.9732	38.8874	0.8230	0.8227	5.0000	-9999.0000	-9999.0000	-9999.0000	-9999.0000	-9999.0000	-9999.0000	17.5722	1	0	31.0036	1.0000	06	1	-9999.0000	51820	27851	-9999	2795	2699	-9999	290.2491	5	0.5704	0.5765	-0.0003	53.4022	1.2081	458.3660	383.3637	38.2176	443.7764	94.7685	453.8918	94.3981	457.8117	94.3056	461.8532	94.8148	
09/08/2017	02:45:27	019001	G523015279HLR	L523	S		429.6828	1.0311	3.6775	100.0615	39.4000	0.8230	0.8278	5.0000	17.3418	508.0382	95.0000	27.0228	24.5000	0.9300	0.9407	0.5765	-0.0003	508.0000	511.6746	1.0285	11.5114	99.9800	38.9604	0.8230	0.8218	5.0000	-9999.0000	-9999.0000	-9999.0000	-9999.0000	-9999.0000	-9999.0000	18.4621	2	0	26.5431	1.0000	06	1	-9999.0000	51821	27852	-9999	2796	2700	-9999	288.8220	5	0.5704	0.5765	-0.0003	53.4022	1.2081	404.3961	365.4372	36.6898	378.9714	95.5787	398.2581	94.3056	403.5933	94.2361	409.1487	95.1389	
09/08/2017	02:45:57	019001	G523015314HLR	L523	S		425.7439	1.0311	3.8734	99.9751	39.4000	0.8230	0.8275	5.0000	18.7620	508.0698	94.9074	17.2316	24.4000	0.9300	0.9405	0.5785	-0.0004	508.0000	509.1510	1.0285	11.1972	99.9756	38.8656	0.8230	0.8219	5.0000	-9999.0000	-9999.0000	-9999.0000	-9999.0000	-9999.0000	-9999.0000	17.5726	3	0	30.1638	1.0000	06	1	-9999.0000	51822	27853	-9999	2797	2701	-9999	290.3532	5	0.5707	0.5785	-0.0004	54.4154	1.1736	461.0917	370.7100	37.3843	431.8024	95.0000	443.9472	94.2593	457.7406	93.9120	468.6301	95.1852	
09/08/2017	02:46:29	019001	G523015710HLR	L523	S		435.4965	1.0311	3.3882	99.9233	39.4000	0.8230	0.8277	5.0000	17.4425	508.0331	94.9074	14.8514	24.5000	0.9300	0.9407	0.5785	-0.0004	508.0000	509.0921	1.0285	11.1899	99.9769	38.9241	0.8230	0.8223	5.0000	-9999.0000	-9999.0000	-9999.0000	-9999.0000	-9999.0000	-9999.0000	17.4414	4	0	32.1738	1.0000	06	1	-9999.0000	51823	27854	-9999	2798	2702	-9999	291.1158	5	0.5707	0.5785	-0.0004	54.4154	1.1736	472.5229	388.2343	38.0093	457.9441	95.1157	468.1326	94.5833	472.1094	94.5370	475.9324	94.8611	
09/08/2017	02:46:57	019001	G523015700HLR	L523	S		429.2974	1.0311	3.6966	100.0051	39.3596	0.8230	0.8274	5.0000	19.2619	508.0469	94.9537	19.5522	24.5000	0.9300	0.9408	0.5795	-0.0004	508.0000	509.6976	1.0285	11.2653	100.0125	38.9024	0.8230	0.8215	5.0000	-9999.0000	-9999.0000	-9999.0000	-9999.0000	-9999.0000	-9999.0000	17.5216	5	0	27.9741	1.0000	06	1	-9999.0000	51824	27855	-9999	2798	2703	-9999	290.3377	5	0.5709	0.5795	-0.0004	55.3846	1.1277	457.7773	381.8405	38.0556	444.1317	95.3472	454.1193	94.7454	457.1229	94.7454	461.4930	94.9306	
09/08/2017	02:47:26	019001	G523015622HLR	L523	S		441.3975	1.0311	3.0947	99.9514	39.3938	0.8230	0.8278	5.0000	18.1016	508.0301	94.9306	14.4617	24.5000	0.9300	0.9408	0.5795	-0.0004	508.0000	512.2994	1.0285	11.5891	99.9567	38.8667	0.8230	0.8219	5.0000	-9999.0000	-9999.0000	-9999.0000	-9999.0000	-9999.0000	-9999.0000	17.8117	6	0	28.2231	1.0000	06	1	-9999.0000	51825	27856	-9999	2799	2704	-9999	291.2086	5	0.5709	0.5795	-0.0004	55.3846	1.1277	473.6390	366.8372	36.5046	456.4565	95.2083	468.4420	94.3981	473.2042	94.3750	477.2867	94.9537	
09/08/2017	02:47:55	019001	G523015658HLR	L523	S		430.9931	1.0311	3.6123	99.9790	39.4528	0.8230	0.8280	5.0000	17.0117	508.0452	94.9537	18.7620	24.5000	0.9300	0.9408	0.5732	-0.0001	508.0000	508.4169	1.0285	11.1058	99.9304	38.9382	0.8230	0.8222	5.0000	-9999.0000	-9999.0000	-9999.0000	-9999.0000	-9999.0000	-9999.0000	17.6525	7	0	29.8735	1.0000	06	1	-9999.0000	51826	27857	-9999	2800	2705	-9999	290.1864	5	0.5702	0.5732	-0.0001	59.3262	0.9538	460.5619	384.1808	38.5648	448.0864	95.4167	456.1689	94.9769	459.9748	94.9769	463.7258	95.0231	
09/08/2017	02:48:26	019001	G523015713HLR	L523	S		425.8007	1.0311	3.8706	99.9005	39.4246	0.8230	0.8277	5.0000	17.4217	508.0603	94.9537	20.0727	24.5000	0.9300	0.9408	0.5782	-0.0004	508.0000	510.3689	1.0285	11.3488	99.9552	38.9667	0.8230	0.8218	5.0000	-9999.0000	-9999.0000	-9999.0000	-9999.0000	-9999.0000	-9999.0000	17.5529	8	0	30.1238	1.0000	06	1	-9999.0000	51827	27858	-9999	2801	2706	-9999	290.0061	5	0.5701	0.5782	-0.0004	65.6190	0.7121	460.6592	388.3332	37.6852	449.5319	95.0926	456.2546	95.0231	460.0872	94.9769	463.6679	95.0231	
09/08/2017	02:48:58	019001	G523015712HLR	L523	S		432.3220	1.0311	3.5462	99.9502	39.4000	0.8230	0.8275	5.0000	17.9816	508.0508	94.9074	16.5528	24.5000	0.9300	0.9407	0.5757	-0.0003	508.0000	510.4512	1.0285	11.3591	99.9832	38.9000	0.8230	0.8218	5.0000	-9999.0000	-9999.0000	-9999.0000	-9999.0000	-9999.0000	-9999.0000	17.8226	1	0	32.0935	1.0000	06	1	-9999.0000	51828	27859	-9999	2802	2707	-9999	290.3611	5	0.5699	0.5757	-0.0003	60.5637	0.9570	466.3054	365.5795	36.0417	448.6848	95.5324	462.3787	94.8148	465.7560	94.7454	470.4116	94.9537	
09/08/2017	02:49:32	019001	G523015950HLR	L523	S		434.6189	1.0311	3.4319	99.9713	39.4000	0.8230	0.8278	5.0000	17.1114	508.0474	94.9074	16.1318	24.5000	0.9300	0.9408	0.5743	-0.0002	508.0000	508.5721	1.0285	11.1252	99.9413	38.9628	0.8230	0.8221	5.0000	-9999.0000	-9999.0000	-9999.0000	-9999.0000	-9999.0000	-9999.0000	17.5920	2	0	34.1643	1.0000	06	1	-9999.0000	51829	27860	-9999	2803	2708	-9999	290.0690	5	0.5699	0.5743	-0.0002	59.6983	0.9958	469.5935	361.9528	38.8426	458.5692	95.2778	466.0492	94.7685	469.0722	94.7685	472.9867	94.9537	
09/08/2017	02:50:05	019001	G523015705HLR	L523	S		433.6873	1.0311	3.4782	99.9947	39.4000	0.8230	0.8279	5.0000	17.1524	508.0313	94.9537	18.4827	24.5000	0.9300	0.9408	0.5794	-0.0005	508.0000	509.2668	1.0285	11.2116	99.9669	38.9698	0.8230	0.8219	5.0000	-9999.0000	-9999.0000	-9999.0000	-9999.0000	-9999.0000	-9999.0000	17.5626	3	0	32.8233	1.0000	06	1	-9999.0000	51830	27861	-9999	2804	2709	-9999	289.7489	5	0.5697	0.5794	-0.0005	64.4564	0.8037	464.9035	365.9715	36.9213	446.7539	95.6250	461.1775	94.7454	464.4104	94.6759	467.9086	94.9074	
09/08/2017	02:50:36	019001	G523015940HLR	L523	S		430.7971	1.0311	3.6220	99.9498	39.4000	0.8230	0.8279	5.0000	17.2021	508.0491	94.9537	18.0324	24.5000	0.9300	0.9408	0.5769	-0.0004	508.0000	511.6820	1.0285	11.5123	99.9716	38.9504	0.8230	0.8218	5.0000	-9999.0000	-9999.0000	-9999.0000	-9999.0000	-9999.0000	-9999.0000	17.6320	4	0	31.3837	1.0000	06	1	-9999.0000	51831	27862	-9999	2805	2710	-9999	289.8506	5	0.5698	0.5769	-0.0004	64.2085	0.8209	461.8648	360.8676	37.2917	443.2908	95.4398	457.3130	94.7917	461.3913	94.6991	464.7938	94.9537	
09/08/2017	02:54:08	019001	G523016766HLR	L523	S		0.0000	0.0000	0.0000	0.0000	0.0000	0.8230	0.0000	0.0000	0.0000	0.0000	0.0000	0.0000	0.0000	0.9300	0.0000	0.0000	0.0000	0.0000	0.0000	0.0000	0.0000	0.0000	0.0000	0.8230	0.0000	0.0000	0.0000	0.0000	0.0000	0.0000	0.0000	0.0000	0.0000	0	42	31.3837	1.0000	06	1	0.0000	0	0	0	0	0	0	0.0000	0	0.0000	0.0000	0.0000	0.0000	0.0000	0.0000	0.0000	0.0000	0.0000	0.0000	0.0000	0.0000	0.0000	0.0000	0.0000	0.0000	
09/08/2017	02:54:30	019001	G523014310HLR	L523	S		431.5263	1.0311	3.5858	99.9279	39.4420	0.8230	0.8278	5.0000	17.3517	508.0748	94.9769	20.7027	24.5000	0.9300	0.9408	0.5773	-0.0004	508.0000	509.7632	1.0285	11.2734	99.9588	38.9429	0.8230	0.8218	5.0000	-9999.0000	-9999.0000	-9999.0000	-9999.0000	-9999.0000	-9999.0000	17.5617	5	0	233.9187	1.0000	06	1	-9999.0000	51832	27863	-9999	2806	2711	-9999	289.1496	5	0.5696	0.5773	-0.0004	42.1918	2.0849	456.3075	370.1667	37.8241	445.6354	95.7407	453.5427	94.9306	455.8067	94.8843	460.1369	94.9769	
09/08/2017	02:54:57	019001	G523015681HLR	L523	S		424.0576	1.0311	3.9573	99.9421	39.4014	0.8230	0.8278	5.0000	17.1025	508.0452	94.9769	22.0925	24.4000	0.9300	0.9408	0.5776	-0.0005	508.0000	508.5135	1.0285	11.1179	99.9820	38.9657	0.8230	0.8219	5.0000	-9999.0000	-9999.0000	-9999.0000	-9999.0000	-9999.0000	-9999.0000	17.5617	6	0	26.6526	1.0000	06	1	-9999.0000	51833	27864	-9999	2807	2712	-9999	288.6181	5	0.5693	0.5776	-0.0005	62.2981	0.8518	452.1566	372.3709	37.6852	438.4996	95.6250	448.9026	95.0926	451.6608	95.0000	455.3705	95.0000	
09/08/2017	02:55:26	019001	G523015955HLR	L523	S		426.3519	1.0311	3.8432	99.9280	39.4000	0.8230	0.8277	5.0000	17.3917	508.0417	94.9769	21.4733	24.4000	0.9300	0.9408	0.5734	-0.0002	508.0000	507.6192	1.0285	11.0065	99.9452	38.7333	0.8230	0.8221	5.0000	-9999.0000	-9999.0000	-9999.0000	-9999.0000	-9999.0000	-9999.0000	17.9221	7	0	29.3335	1.0000	06	1	-9999.0000	51834	27865	-9999	2808	2713	-9999	288.5054	5	0.5694	0.5734	-0.0002	47.3579	1.7459	454.2217	377.9462	39.6991	441.1332	95.4630	449.9665	94.9306	453.8188	94.8611	457.6735	94.9306	
09/08/2017	02:55:54	019001	G523015954HLR	L523	S		429.8063	1.0311	3.6713	99.9875	39.4033	0.8230	0.8278	5.0000	17.0118	508.0292	94.9537	19.3021	24.4000	0.9300	0.9407	0.5750	-0.0003	508.0000	508.3131	1.0285	11.0929	99.9341	38.8883	0.8230	0.8227	5.0000	-9999.0000	-9999.0000	-9999.0000	-9999.0000	-9999.0000	-9999.0000	17.5616	8	0	27.9136	1.0000	06	1	-9999.0000	51835	27866	-9999	2809	2714	-9999	289.1336	5	0.5691	0.5750	-0.0003	51.9368	1.4277	461.6624	383.8202	39.5370	444.0002	95.3704	457.8405	94.8611	461.0809	94.7685	465.1789	94.9306	
09/08/2017	02:56:24	019001	G523015943HLR	L523	S		433.6378	1.0311	3.4807	100.0986	39.4000	0.8230	0.8278	5.0000	17.3224	508.0651	94.9537	17.8119	24.4000	0.9300	0.9408	0.5725	-0.0002	508.0000	508.6300	1.0285	11.1324	100.0543	38.8927	0.8230	0.8215	5.0000	-9999.0000	-9999.0000	-9999.0000	-9999.0000	-9999.0000	-9999.0000	17.5518	1	0	29.9634	1.0000	06	1	-9999.0000	51836	27867	-9999	2810	2715	-9999	289.2031	5	0.5687	0.5725	-0.0002	49.5493	1.5601	464.2537	367.9969	37.1296	447.6617	95.8102	459.7383	94.9537	463.6247	94.8843	467.8261	94.9769	
09/08/2017	02:56:54	019001	G523015919HLR	L523	S		435.2422	1.0311	3.4009	99.9967	39.4000	0.8230	0.8278	5.0000	17.0616	508.0420	94.9306	14.4724	24.7000	0.9300	0.9415	0.5725	-0.0002	508.0000	505.6256	1.0285	10.7584	99.9256	38.8223	0.8230	0.8220	5.0000	-9999.0000	-9999.0000	-9999.0000	-9999.0000	-9999.0000	-9999.0000	17.6017	2	0	30.5341	1.0000	06	1	-9999.0000	51837	27868	-9999	2811	2716	-9999	289.3658	5	0.5687	0.5725	-0.0002	49.5493	1.5601	474.9996	363.6686	37.1296	458.0019	96.3657	469.5479	95.5787	474.4858	95.3935	478.5703	94.9074	
09/08/2017	02:57:22	019001	G523015960HLR	L523	S		431.2644	1.0311	3.5988	99.9781	39.2500	0.8230	0.8278	5.0000	17.1221	508.0523	94.9306	17.9621	24.5000	0.9300	0.9411	0.5752	-0.0003	508.0000	505.7941	1.0285	10.7793	100.0450	38.9195	0.8230	0.8223	5.0000	-9999.0000	-9999.0000	-9999.0000	-9999.0000	-9999.0000	-9999.0000	17.5520	3	0	27.4436	1.0000	06	1	-9999.0000	51838	27869	-9999	2812	2717	-9999	288.9551	5	0.5686	0.5752	-0.0003	55.0328	1.2599	466.7888	369.6842	37.3380	455.7827	95.9259	463.2907	95.0926	466.4168	95.1620	470.2202	95.0231	
09/08/2017	02:57:55	019001	G523016765HLR	L523	S		427.7685	1.0311	3.7727	100.0524	39.2634	0.8230	0.8283	5.0000	17.2023	508.0488	94.9306	15.8027	24.5000	0.9300	0.9408	0.5745	-0.0003	508.0000	512.9812	1.0285	11.6740	99.9822	38.8957	0.8230	0.8214	5.0000	-9999.0000	-9999.0000	-9999.0000	-9999.0000	-9999.0000	-9999.0000	17.6125	4	0	32.9531	1.0000	06	1	-9999.0000	51839	27870	-9999	2813	2718	-9999	289.5242	5	0.5684	0.5745	-0.0003	53.3284	1.3416	470.4599	373.2058	37.5694	450.1648	95.7870	465.4949	95.1389	469.8553	95.1389	474.3649	95.0694	
09/08/2017	02:58:20	019001	G523016742HLR	L523	S		423.6014	1.0311	3.9800	99.9416	39.4172	0.8230	0.8284	5.0000	17.3321	508.0581	94.9537	18.6224	24.5000	0.9300	0.9408	0.5774	-0.0005	508.0000	510.6445	1.0285	11.3831	99.9468	38.8508	0.8230	0.8220	5.0000	-9999.0000	-9999.0000	-9999.0000	-9999.0000	-9999.0000	-9999.0000	17.5519	5	0	24.9835	1.0000	06	1	-9999.0000	51840	27871	-9999	2814	2719	-9999	288.9556	5	0.5688	0.5774	-0.0005	50.7570	1.4407	462.4636	386.8710	38.3796	448.1568	95.8565	458.2978	94.9769	461.8535	95.0463	465.8712	95.0463	
09/08/2017	02:58:50	019001	G523016750HLR	L523	S		419.9560	1.0311	4.1614	99.9653	39.4567	0.8230	0.8279	5.0000	17.7730	508.0705	94.9537	18.4924	24.5000	0.9300	0.9408	0.5793	-0.0006	508.0000	510.1087	1.0285	11.3164	99.9892	38.9555	0.8230	0.8221	5.0000	-9999.0000	-9999.0000	-9999.0000	-9999.0000	-9999.0000	-9999.0000	17.5617	6	0	30.5036	1.0000	06	1	-9999.0000	51841	27872	-9999	2815	2720	-9999	289.0455	5	0.5690	0.5793	-0.0006	47.3570	1.5892	459.6217	367.3708	36.7824	438.7954	95.9028	454.4612	94.8611	459.0064	94.9074	463.4068	94.9769	
09/08/2017	02:59:19	019001	G523016759HLR	L523	S		438.3003	1.0311	3.2487	99.9546	39.4000	0.8230	0.8277	5.0000	17.1520	508.0403	94.9306	16.0620	24.5000	0.9300	0.9408	0.5793	-0.0006	508.0000	509.3524	1.0285	11.2223	99.9776	38.9709	0.8230	0.8221	5.0000	-9999.0000	-9999.0000	-9999.0000	-9999.0000	-9999.0000	-9999.0000	17.3625	7	0	28.7331	1.0000	06	1	-9999.0000	51842	27873	-9999	2816	2721	-9999	289.8802	5	0.5684	0.5793	-0.0006	45.9564	1.6583	467.7466	370.2178	37.1296	447.3930	95.7176	462.7199	95.0000	467.0579	94.9769	471.5177	94.9769	
09/08/2017	02:59:45	019001	G523017322HLR	L523	S		420.1161	1.0311	4.1534	100.0082	39.3502	0.8230	0.8277	5.0000	17.3829	508.0394	94.9769	20.8717	24.4000	0.9300	0.9408	0.5729	-0.0003	508.0000	509.6039	1.0285	11.2536	99.9776	38.9505	0.8230	0.8215	5.0000	-9999.0000	-9999.0000	-9999.0000	-9999.0000	-9999.0000	-9999.0000	17.5518	8	0	26.3038	1.0000	06	1	-9999.0000	51843	27874	-9999	2817	2722	-9999	288.5257	5	0.5681	0.5729	-0.0003	57.3137	1.1538	453.6773	386.0824	37.2222	444.0902	95.8796	449.7218	95.0000	452.8787	95.0463	457.4192	94.9769	
09/08/2017	03:00:41	019001	G523017321HLR	L523	S		429.6973	1.0311	3.6768	100.0505	39.4404	0.8230	0.8279	5.0000	17.1914	508.0548	94.9537	18.3831	24.6000	0.9300	0.9412	0.5736	-0.0003	508.0000	507.8028	1.0285	11.0294	100.0421	38.8333	0.8230	0.8216	5.0000	-9999.0000	-9999.0000	-9999.0000	-9999.0000	-9999.0000	-9999.0000	17.7316	2	0	28.2437	1.0000	06	1	-9999.0000	51845	27875	-9999	2819	2723	-9999	288.8088	5	0.5683	0.5736	-0.0003	42.2241	1.8721	463.6949	383.0979	39.4213	450.9650	95.6713	459.3531	95.2546	463.1386	95.1620	467.4179	95.0231	
09/08/2017	03:01:09	019001	G523015081HLR	L523	S		432.7919	1.0311	3.5228	100.0780	39.4000	0.8230	0.8278	5.0000	17.2122	508.0296	94.9074	17.3917	24.5000	0.9300	0.9410	0.5755	-0.0004	508.0000	507.1949	1.0285	10.9537	99.9242	38.9269	0.8230	0.8221	5.0000	-9999.0000	-9999.0000	-9999.0000	-9999.0000	-9999.0000	-9999.0000	18.6818	3	0	27.9827	1.0000	06	1	-9999.0000	51846	27876	-9999	2820	2724	-9999	288.9492	5	0.5682	0.5755	-0.0004	41.2500	2.0899	468.3807	392.6535	38.9352	454.8308	95.5556	464.1656	95.1389	468.0091	95.0694	471.2389	95.0694	
09/08/2017	03:01:38	019001	G523016758HLR	L523	S		441.2018	1.0311	3.1044	100.0069	39.4190	0.8230	0.8277	5.0000	17.4620	508.0507	94.9306	14.2419	24.5000	0.9300	0.9409	0.5755	-0.0004	508.0000	508.0060	1.0285	11.0547	99.9711	39.0333	0.8230	0.8221	5.0000	-9999.0000	-9999.0000	-9999.0000	-9999.0000	-9999.0000	-9999.0000	18.5726	4	0	28.2437	1.0000	06	1	-9999.0000	51847	27877	-9999	2821	2725	-9999	289.5434	5	0.5682	0.5755	-0.0004	41.2500	2.0899	475.7550	363.0827	37.6852	456.3853	95.6481	471.0348	94.8380	475.1149	94.8611	478.8695	95.0000	
09/08/2017	03:02:03	019001	G523015944HLR	L523	S		434.8071	1.0311	3.4225	99.9129	39.4043	0.8230	0.8276	5.0000	18.1223	508.0700	94.9074	16.6114	24.5000	0.9300	0.9410	0.5799	-0.0006	508.0000	510.5659	1.0285	11.3734	99.9774	39.0000	0.8230	0.8219	5.0000	-9999.0000	-9999.0000	-9999.0000	-9999.0000	-9999.0000	-9999.0000	17.4726	5	0	24.9133	1.0000	06	4	-9999.0000	51848	27878	-9999	2822	2726	-9999	289.0872	5	0.5682	0.5799	-0.0006	32.5547	2.6247	467.8999	376.0383	37.9861	454.5531	95.6481	463.9540	95.0000	467.3120	95.0231	471.8967	95.0463	
09/08/2017	03:02:31	019001	G523015935HLR	L523	S		436.4578	1.0311	3.3404	99.9590	39.4029	0.8230	0.8279	5.0000	17.1015	508.0529	94.8843	16.1816	24.5000	0.9300	0.9410	0.5799	-0.0006	508.0000	507.4039	1.0285	10.9797	99.9425	39.0000	0.8230	0.8218	5.0000	-9999.0000	-9999.0000	-9999.0000	-9999.0000	-9999.0000	-9999.0000	17.6524	6	0	28.2727	1.0000	06	4	-9999.0000	51849	27879	-9999	2823	2727	-9999	289.3664	5	0.5682	0.5799	-0.0006	32.5547	2.6247	466.7289	368.7224	36.9444	449.7358	95.8333	462.3619	94.9769	466.2309	94.9769	470.2042	95.0000	
09/08/2017	03:03:01	019001	G523015925HLR	L523	S		435.1415	1.0311	3.4059	99.9709	39.4500	0.8230	0.8279	5.0000	17.0226	508.0722	94.9074	16.5313	24.5000	0.9300	0.9409	0.5800	-0.0007	508.0000	507.7147	1.0285	11.0184	99.9909	38.9972	0.8230	0.8219	5.0000	-9999.0000	-9999.0000	-9999.0000	-9999.0000	-9999.0000	-9999.0000	17.4720	7	0	29.8639	1.0000	06	4	-9999.0000	51850	27880	-9999	2824	2728	-9999	289.5515	5	0.5685	0.5800	-0.0007	24.8494	3.0530	462.5384	390.0126	37.3148	449.0063	95.1157	457.9811	94.6991	462.0418	94.7222	466.7400	94.9537	
09/08/2017	03:03:29	019001	G523015953HLR	L523	S		434.6938	1.0311	3.4282	99.9418	39.4500	0.8230	0.8277	5.0000	17.4024	508.0590	94.9074	16.1914	24.5000	0.9300	0.9409	0.5744	-0.0004	508.0000	510.9377	1.0285	11.4196	99.9644	39.0000	0.8230	0.8218	5.0000	-9999.0000	-9999.0000	-9999.0000	-9999.0000	-9999.0000	-9999.0000	17.6115	8	0	28.3432	1.0000	06	4	-9999.0000	51851	27881	-9999	2825	2729	-9999	289.2959	5	0.5679	0.5744	-0.0004	18.0945	3.4477	466.6644	385.5562	38.8889	450.4334	95.5787	461.6789	94.9306	466.0489	94.9074	470.4001	94.9769	
09/08/2017	03:03:58	019001	G523017325HLR	L523	S		418.7756	1.0311	4.2201	99.9703	39.4007	0.8230	0.8278	5.0000	17.2921	0.0000	0.0000	0.0000	0.0000	0.9300	0.0000	0.0000	0.0000	0.0000	418.7423	1.0285	-0.0570	99.9639	38.9989	0.8230	0.8219	5.0000	-9999.0000	-9999.0000	-9999.0000	-9999.0000	-9999.0000	-9999.0000	17.4426	1	7	29.4832	1.0000	06	1	-9999.0000	51852	0	-9999	2826	2730	-9999	0.0000	0	0.0000	0.0000	0.0000	0.0000	0.0000	0.0000	0.0000	0.0000	0.0000	0.0000	0.0000	0.0000	0.0000	0.0000	0.0000	0.0000	
09/08/2017	03:04:27	019001	G523015929HLR	L523	S		433.0662	1.0311	3.5091	99.9575	39.4342	0.8230	0.8278	5.0000	17.2822	508.0464	94.8843	16.1719	24.6000	0.9300	0.9412	0.5802	-0.0007	508.0000	505.4587	1.0285	10.7376	100.0088	39.0000	0.8230	0.8216	5.0000	-9999.0000	-9999.0000	-9999.0000	-9999.0000	-9999.0000	-9999.0000	18.6224	2	0	28.3733	1.0000	06	4	-9999.0000	51853	27882	-9999	2827	2731	-9999	288.8565	5	0.5684	0.5802	-0.0007	11.8611	3.7411	466.5268	366.0025	38.3796	450.9157	95.8102	461.8462	94.9537	466.0410	94.9537	470.0816	95.0231	
09/08/2017	03:04:56	019001	G523015928HLR	L523	S		432.4254	1.0311	3.5410	100.0248	39.4120	0.8230	0.8279	5.0000	17.1026	508.0355	94.9537	18.4719	24.6000	0.9300	0.9412	0.5775	-0.0005	508.0000	506.7678	1.0285	10.9006	99.9185	39.0000	0.8230	0.8218	5.0000	-9999.0000	-9999.0000	-9999.0000	-9999.0000	-9999.0000	-9999.0000	17.6017	3	0	28.8043	1.0000	06	4	-9999.0000	51854	27883	-9999	2828	2732	-9999	288.4014	5	0.5684	0.5775	-0.0005	18.1343	3.3587	459.4085	379.2477	39.8380	445.6562	95.3472	454.7857	94.8148	458.8974	94.8380	462.8563	95.0000	
09/08/2017	03:05:26	019001	G523015918HLR	L523	S		435.1424	1.0311	3.4058	99.9659	39.4500	0.8230	0.8278	5.0000	17.1913	508.0544	94.9306	16.2812	24.5000	0.9300	0.9409	0.5775	-0.0005	508.0000	506.4042	1.0285	10.8553	99.9725	39.0011	0.8230	0.8218	5.0000	-9999.0000	-9999.0000	-9999.0000	-9999.0000	-9999.0000	-9999.0000	17.5919	4	0	29.8728	1.0000	06	4	-9999.0000	51855	27884	-9999	2829	2733	-9999	289.0492	5	0.5684	0.5775	-0.0005	18.1343	3.3587	467.6583	368.2567	36.8981	456.7270	95.8796	463.3285	95.0000	467.2050	94.9769	471.5705	95.0463	
09/08/2017	03:05:57	019001	G523015946HLR	L523	S		432.2500	1.0311	3.5498	99.9453	39.4500	0.8230	0.8277	5.0000	17.2520	508.0427	94.9537	18.1321	24.5000	0.9300	0.9409	0.5782	-0.0005	508.0000	508.0302	1.0285	11.0577	99.9494	39.0000	0.8230	0.8218	5.0000	-9999.0000	-9999.0000	-9999.0000	-9999.0000	-9999.0000	-9999.0000	17.6124	5	0	31.1939	1.0000	06	4	-9999.0000	51856	27885	-9999	2830	2734	-9999	288.5358	5	0.5689	0.5782	-0.0005	19.1641	3.2874	463.7600	369.5269	37.4537	448.5899	95.6944	458.9208	94.8843	463.1330	94.9769	467.2007	95.0231	
09/08/2017	03:06:22	019001	G523015913HLR	L523	S		432.1458	1.0311	3.5549	100.0336	39.4126	0.8230	0.8277	5.0000	17.4123	508.0682	94.9074	16.2812	24.5000	0.9300	0.9409	0.5781	-0.0005	508.0000	510.2000	1.0285	11.3278	99.9754	39.0000	0.8230	0.8218	5.0000	-9999.0000	-9999.0000	-9999.0000	-9999.0000	-9999.0000	-9999.0000	17.6417	6	0	25.6232	1.0000	06	4	-9999.0000	51857	27886	-9999	2831	2735	-9999	289.3089	5	0.5689	0.5781	-0.0005	38.1197	2.1131	466.9387	386.2876	39.2593	452.3958	95.5093	462.2082	94.9306	466.4245	94.9074	470.2580	94.9769	
09/08/2017	03:06:47	019001	G523015933HLR	L523	S		432.4000	1.0311	3.5423	100.0273	39.4500	0.8230	0.8278	5.0000	17.2022	508.0423	94.9306	17.4220	24.5000	0.9300	0.9409	0.5756	-0.0003	508.0000	508.6405	1.0285	11.1337	100.0004	39.0000	0.8230	0.8217	5.0000	-9999.0000	-9999.0000	-9999.0000	-9999.0000	-9999.0000	-9999.0000	17.6028	7	0	24.8528	1.0000	06	4	-9999.0000	51858	27887	-9999	2831	2736	-9999	289.0805	5	0.5693	0.5756	-0.0003	30.4300	2.5585	465.3466	368.8942	38.0556	447.0498	95.6713	459.7268	94.9769	464.8948	95.0463	468.7874	95.0000	
09/08/2017	03:07:16	019001	G523015927HLR	L523	S		434.0596	1.0311	3.4597	100.0588	39.4500	0.8230	0.8278	5.0000	17.3225	508.0359	94.9537	17.7619	24.5000	0.9300	0.9409	0.5759	-0.0004	508.0000	508.3385	1.0285	11.0961	100.0154	39.0000	0.8230	0.8219	5.0000	-9999.0000	-9999.0000	-9999.0000	-9999.0000	-9999.0000	-9999.0000	17.5822	8	0	28.5236	1.0000	06	4	-9999.0000	51859	27888	-9999	2832	2737	-9999	289.3373	5	0.5692	0.5759	-0.0004	40.1004	1.9598	465.2288	387.0187	38.4491	453.4500	95.6250	460.3049	94.8611	464.6637	94.8843	468.1321	95.0000	
09/08/2017	03:07:42	019001	G523016767HLR	L523	S		428.6323	1.0311	3.7297	99.9398	39.4500	0.8230	0.8278	5.0000	17.4317	508.0615	95.0000	19.8119	24.5000	0.9300	0.9409	0.5751	-0.0004	508.0000	508.6012	1.0285	11.1288	100.0132	39.0333	0.8230	0.8220	5.0000	-9999.0000	-9999.0000	-9999.0000	-9999.0000	-9999.0000	-9999.0000	17.5216	1	0	26.2825	1.0000	06	4	-9999.0000	51860	27889	-9999	2833	2738	-9999	288.7523	5	0.5690	0.5751	-0.0004	44.4905	1.7380	458.6212	359.7215	36.2731	440.3434	95.9491	454.7837	94.9537	458.0362	94.9306	462.0392	95.0000	
09/08/2017	03:08:12	019001	G523016917HLR	L523	S		443.4966	1.0311	2.9902	99.9743	39.4500	0.8230	0.8277	5.0000	17.6319	508.0380	94.9074	12.9215	24.4000	0.9300	0.9408	0.5751	-0.0004	508.0000	511.7114	1.0285	11.5159	99.9378	39.0545	0.8230	0.8217	5.0000	-9999.0000	-9999.0000	-9999.0000	-9999.0000	-9999.0000	-9999.0000	17.5518	2	0	29.5143	1.0000	06	4	-9999.0000	51861	27890	-9999	2834	2739	-9999	289.8055	5	0.5690	0.5751	-0.0004	44.4905	1.7380	480.4849	365.1354	35.4861	460.1824	95.9028	475.7796	94.9769	479.9290	94.9074	483.9832	94.9769	
09/08/2017	03:08:36	019001	G523016923HLR	L523	S		440.8202	1.0311	3.1234	100.0071	39.4500	0.8230	0.8277	5.0000	17.0518	508.0404	94.9074	12.9713	24.5000	0.9300	0.9408	0.5750	-0.0004	508.0000	509.9828	1.0285	11.3008	100.0055	39.0333	0.8230	0.8217	5.0000	-9999.0000	-9999.0000	-9999.0000	-9999.0000	-9999.0000	-9999.0000	17.6226	3	0	24.9228	1.0000	06	4	-9999.0000	51862	27891	-9999	2835	2740	-9999	289.7550	5	0.5688	0.5750	-0.0004	60.1210	0.8412	480.8034	367.5592	36.1806	469.8772	95.9259	476.0923	95.1389	480.2670	95.2083	483.9679	95.0463	
09/08/2017	03:09:06	019001	G523016913HLR	L523	S		434.0661	1.0311	3.4594	99.9384	39.4153	0.8230	0.8277	5.0000	17.3526	508.0473	94.9306	16.3818	24.5000	0.9300	0.9409	0.5779	-0.0005	508.0000	507.4325	1.0285	10.9833	99.9621	39.0323	0.8230	0.8217	5.0000	-9999.0000	-9999.0000	-9999.0000	-9999.0000	-9999.0000	-9999.0000	17.5021	4	0	29.4540	1.0000	06	4	-9999.0000	51863	27892	-9999	2836	2741	-9999	289.4502	5	0.5688	0.5779	-0.0005	52.6845	1.2873	466.2282	376.4616	37.9861	449.2595	95.6019	461.1889	94.8148	465.5626	94.9306	469.8475	94.9769	
09/08/2017	03:09:34	019001	G523016932HLR	L523	S		429.1063	1.0311	3.7062	99.9732	39.4245	0.8230	0.8278	5.0000	17.2315	508.0558	94.9306	14.8914	24.5000	0.9300	0.9409	0.5779	-0.0005	508.0000	512.5460	1.0285	11.6198	99.9791	39.0128	0.8230	0.8216	5.0000	-9999.0000	-9999.0000	-9999.0000	-9999.0000	-9999.0000	-9999.0000	18.9720	5	0	28.0724	1.0000	06	4	-9999.0000	51864	27893	-9999	2837	2742	-9999	289.7696	5	0.5688	0.5779	-0.0005	52.6845	1.2873	470.4233	382.8114	36.9444	456.3701	95.7639	466.2064	94.8611	469.9941	94.9306	473.8297	94.9769	
09/08/2017	03:10:04	019001	G523016905HLR	L523	S		424.2717	1.0311	3.9467	100.0589	39.5000	0.8230	0.8278	5.0000	17.1222	508.0450	94.9537	17.2921	24.5000	0.9300	0.9410	0.5779	-0.0005	508.0000	511.2048	1.0285	11.4529	99.9354	39.0513	0.8230	0.8218	5.0000	-9999.0000	-9999.0000	-9999.0000	-9999.0000	-9999.0000	-9999.0000	17.5919	6	0	29.6442	1.0000	06	4	-9999.0000	51865	27894	-9999	2838	2743	-9999	289.1311	5	0.5686	0.5779	-0.0005	50.0625	1.4263	464.7123	384.6694	36.9676	452.6352	95.8333	459.9917	95.0000	463.9856	95.0694	468.0486	95.0231	
09/08/2017	03:10:30	019001	G523016897HLR	L523	S		446.8764	1.0311	2.8221	100.0041	39.4775	0.8230	0.8276	5.0000	17.2520	508.0273	94.9769	10.1213	24.5000	0.9300	0.9409	0.5779	-0.0005	508.0000	511.9778	1.0285	11.5491	100.0293	39.0333	0.8230	0.8217	5.0000	-9999.0000	-9999.0000	-9999.0000	-9999.0000	-9999.0000	-9999.0000	17.6018	7	0	26.8128	1.0000	06	4	-9999.0000	51866	27895	-9999	2838	2744	-9999	290.9880	5	0.5686	0.5779	-0.0005	50.0625	1.4263	487.0916	377.1316	39.5602	469.4226	95.2778	482.5606	94.6991	486.4866	94.7454	490.5193	94.9306	
09/08/2017	03:10:56	019001	G523016904HLR	L523	S		424.3332	1.0311	3.9436	100.0569	39.4500	0.8230	0.8276	5.0000	17.6428	508.0479	94.9537	17.3820	24.5000	0.9300	0.9410	0.5779	-0.0005	508.0000	511.0177	1.0285	11.4296	99.9007	39.0148	0.8230	0.8216	5.0000	-9999.0000	-9999.0000	-9999.0000	-9999.0000	-9999.0000	-9999.0000	17.5921	8	0	25.9533	1.0000	06	4	-9999.0000	51867	27896	-9999	2839	2745	-9999	289.1197	5	0.5682	0.5779	-0.0005	48.6861	1.5231	463.1715	387.7790	39.8611	451.9861	95.7407	458.1650	95.2315	462.5886	95.3472	466.9317	95.0000	
09/08/2017	03:11:23	019001	G523016902HLR	L523	S		433.5072	1.0311	3.4872	99.9696	39.4000	0.8230	0.8277	5.0000	17.2823	508.0576	94.9074	16.6719	24.5000	0.9300	0.9410	0.5779	-0.0005	508.0000	508.9354	1.0285	11.1704	99.9695	39.0191	0.8230	0.8218	5.0000	-9999.0000	-9999.0000	-9999.0000	-9999.0000	-9999.0000	-9999.0000	17.5421	1	0	26.9330	1.0000	06	4	-9999.0000	51868	27897	-9999	2840	2746	-9999	289.3083	5	0.5677	0.5779	-0.0005	49.4049	1.5067	465.2036	367.1493	36.4352	443.0920	95.7870	460.5962	94.8148	464.8784	94.8611	468.8671	94.9769	
09/08/2017	03:11:50	019001	G523016743HLR	L523	S		434.0560	1.0311	3.4599	100.1043	39.4633	0.8230	0.8278	5.0000	17.0724	508.0567	94.9306	17.6017	24.5000	0.9300	0.9410	0.5670	0.0000	508.0000	508.8034	1.0285	11.1540	99.9609	39.0333	0.8230	0.8218	5.0000	-9999.0000	-9999.0000	-9999.0000	-9999.0000	-9999.0000	-9999.0000	17.5919	2	0	26.9728	1.0000	06	4	-9999.0000	51869	27898	-9999	2841	2747	-9999	289.0750	5	0.5677	0.5670	0.0000	49.4730	1.5156	464.6639	383.7361	37.9398	451.5312	95.5787	459.7738	95.0000	464.2076	95.0231	467.8528	95.0000	
09/08/2017	03:12:19	019001	G523016739HLR	L523	S		433.1418	1.0311	3.5054	99.9286	39.4744	0.8230	0.8277	5.0000	17.5118	508.0373	94.9306	15.4325	24.5000	0.9300	0.9409	0.5670	0.0000	508.0000	507.4559	1.0285	10.9862	99.9761	39.0649	0.8230	0.8218	5.0000	-9999.0000	-9999.0000	-9999.0000	-9999.0000	-9999.0000	-9999.0000	17.6319	3	0	29.0435	1.0000	06	4	-9999.0000	51870	27899	-9999	2842	2748	-9999	288.4460	5	0.5677	0.5670	0.0000	49.4730	1.5156	474.4092	366.2644	38.3333	458.2917	95.4861	469.8510	94.7917	473.9710	94.8148	478.1795	94.9769	
09/08/2017	03:12:50	019001	G523016786HLR	L523	S		437.7997	1.0311	3.2736	99.9866	39.4500	0.8230	0.8277	5.0000	17.0724	508.0405	94.9537	13.7321	24.5000	0.9300	0.9410	0.5674	0.0000	508.0000	505.5904	1.0285	10.7540	100.0332	39.0450	0.8230	0.8217	5.0000	-9999.0000	-9999.0000	-9999.0000	-9999.0000	-9999.0000	-9999.0000	17.6819	4	0	30.2741	1.0000	06	4	-9999.0000	51871	27900	-9999	2843	2749	-9999	288.3789	5	0.5676	0.5674	0.0000	49.6279	1.4804	479.8653	388.7014	39.7685	463.5490	95.2778	474.6120	94.9074	479.4469	94.9537	483.2003	95.0000	
09/08/2017	03:13:19	019001	G523016887HLR	L523	S		441.9214	1.0311	3.0686	99.9183	39.4437	0.8230	0.8277	5.0000	17.2715	508.0696	94.9306	11.7114	24.5000	0.9300	0.9410	0.5676	0.0000	508.0000	507.5180	1.0285	10.9939	99.9687	39.0333	0.8230	0.8217	5.0000	-9999.0000	-9999.0000	-9999.0000	-9999.0000	-9999.0000	-9999.0000	17.6622	5	0	29.1638	1.0000	06	4	-9999.0000	51872	27901	-9999	2844	2749	-9999	288.4266	5	0.5676	0.5676	0.0000	49.7351	1.4760	485.7186	378.4170	37.9861	468.2574	95.5324	481.5262	94.9537	485.3165	95.0231	488.8331	95.0231	
09/08/2017	03:13:48	019001	G523016895HLR	L523	S		431.1112	1.0311	3.6064	100.0377	39.4500	0.8230	0.8278	5.0000	17.3916	508.0382	94.9306	14.8719	24.5000	0.9300	0.9410	0.5680	-0.0000	508.0000	507.6451	1.0285	11.0098	99.9869	39.0323	0.8230	0.8217	5.0000	-9999.0000	-9999.0000	-9999.0000	-9999.0000	-9999.0000	-9999.0000	17.6623	6	0	28.7330	1.0000	06	4	-9999.0000	51873	27902	-9999	2845	2750	-9999	288.3443	5	0.5675	0.5680	-0.0000	49.3906	1.5050	475.0012	371.1757	36.4120	457.2810	95.9028	470.5078	95.3241	474.2320	95.3935	478.0384	94.7222	
09/08/2017	03:14:13	019001	G523016740HLR	L523	S		425.0243	1.0311	3.9092	99.9680	39.4698	0.8230	0.8278	5.0000	17.3916	508.0292	94.9306	17.6720	24.5000	0.9300	0.9410	0.5710	-0.0002	508.0000	509.6461	1.0285	11.2588	99.9728	39.0333	0.8230	0.8217	5.0000	-9999.0000	-9999.0000	-9999.0000	-9999.0000	-9999.0000	-9999.0000	17.6526	7	0	25.9130	1.0000	06	4	-9999.0000	51874	27903	-9999	2846	2751	-9999	288.2744	5	0.5680	0.5710	-0.0002	40.9209	2.2451	468.0531	369.1073	35.9954	454.4062	95.9259	464.2713	94.9537	467.3570	95.0231	471.5009	95.0000	
09/08/2017	03:14:39	019001	G523016753HLR	L523	S		425.3461	1.0311	3.8932	100.0192	39.4793	0.8230	0.8278	5.0000	17.1115	508.0403	94.9537	18.2121	24.5000	0.9300	0.9409	0.5708	-0.0002	508.0000	509.8616	1.0285	11.2857	99.9917	39.0333	0.8230	0.8217	5.0000	-9999.0000	-9999.0000	-9999.0000	-9999.0000	-9999.0000	-9999.0000	17.5919	8	0	25.9133	1.0000	06	4	-9999.0000	51875	27904	-9999	2847	2752	-9999	288.2951	5	0.5680	0.5708	-0.0002	39.6028	2.3299	464.6073	367.0199	38.0324	445.2279	95.5787	459.8134	94.8380	463.7811	94.8148	467.8181	94.9769	
09/08/2017	03:15:06	019001	G523016745HLR	L523	S		422.7568	1.0311	4.0221	99.9840	39.4645	0.8230	0.8277	5.0000	17.2413	508.0696	94.9306	17.7219	24.4000	0.9300	0.9409	0.5714	-0.0002	508.0000	510.3173	1.0285	11.3424	99.9686	39.0333	0.8230	0.8218	5.0000	-9999.0000	-9999.0000	-9999.0000	-9999.0000	-9999.0000	-9999.0000	17.5519	1	0	27.0227	1.0000	06	4	-9999.0000	51876	27904	-9999	2848	2753	-9999	288.3731	5	0.5677	0.5714	-0.0002	38.0312	2.4972	465.6137	365.2753	35.9722	447.4613	95.8796	461.4947	94.8611	464.9246	94.8148	469.4889	95.0000	
09/08/2017	03:15:32	019001	G523016760HLR	L523	S		427.6095	1.0311	3.7806	99.9484	39.4500	0.8230	0.8276	5.0000	17.3419	508.0380	94.9074	16.7120	24.4000	0.9300	0.9409	0.5726	-0.0003	508.0000	510.4886	1.0285	11.3637	99.9461	39.0633	0.8230	0.8218	5.0000	-9999.0000	-9999.0000	-9999.0000	-9999.0000	-9999.0000	-9999.0000	17.6426	2	0	25.5635	1.0000	06	4	-9999.0000	51877	27905	-9999	2849	2754	-9999	288.2461	5	0.5677	0.5726	-0.0003	35.4648	2.6385	468.6609	387.2085	38.7037	452.1097	95.5787	464.0431	94.9769	467.9778	95.0000	472.4899	95.0000	
09/08/2017	03:15:58	019001	G523016772HLR	L523	S		438.6674	1.0311	3.2305	99.9727	39.4500	0.8230	0.8277	5.0000	17.1221	508.0499	94.9537	14.4715	24.4000	0.9300	0.9409	0.5726	-0.0003	508.0000	505.6633	1.0285	10.7631	99.9718	39.0667	0.8230	0.8216	5.0000	-9999.0000	-9999.0000	-9999.0000	-9999.0000	-9999.0000	-9999.0000	18.9622	3	0	25.8526	1.0000	06	4	-9999.0000	51878	27906	-9999	2850	2755	-9999	288.6056	5	0.5677	0.5726	-0.0003	35.4648	2.6385	475.2190	392.2928	37.1296	459.4966	95.6944	470.5867	94.7685	474.5937	94.8380	478.7291	94.9769	
09/08/2017	03:16:27	019001	G523015071HLR	L523	S		435.5618	1.0311	3.3850	100.0207	39.4500	0.8230	0.8278	5.0000	17.0821	508.0657	94.9306	13.8220	24.5000	0.9300	0.9409	0.5728	-0.0003	508.0000	507.4868	1.0285	10.9901	99.9966	39.0655	0.8230	0.8218	5.0000	-9999.0000	-9999.0000	-9999.0000	-9999.0000	-9999.0000	-9999.0000	17.5925	4	0	29.2243	1.0000	06	4	-9999.0000	51879	27907	-9999	2851	2756	-9999	288.7295	5	0.5677	0.5728	-0.0003	36.7602	2.5257	475.7315	389.0576	39.3056	458.6755	95.5324	471.9163	94.8611	474.9549	94.9537	479.2522	94.9769	
09/08/2017	03:16:56	019001	G523016779HLR	L523	S		438.8183	1.0311	3.2230	99.9610	39.4500	0.8230	0.8277	5.0000	17.2922	508.0437	94.9306	15.4921	24.5000	0.9300	0.9410	0.5766	-0.0006	508.0000	507.8308	1.0285	11.0329	99.9639	39.0667	0.8230	0.8217	5.0000	-9999.0000	-9999.0000	-9999.0000	-9999.0000	-9999.0000	-9999.0000	17.5521	5	0	28.9027	1.0000	06	4	-9999.0000	51880	27908	-9999	2852	2757	-9999	288.4863	5	0.5673	0.5766	-0.0006	27.1090	3.1546	470.6672	381.8749	38.1944	456.8905	95.7639	465.2513	95.0231	470.1688	95.1620	474.1600	95.0231	
09/08/2017	03:17:23	019001	G523016776HLR	L523	S		446.2150	1.0311	2.8550	99.9214	39.4713	0.8230	0.8277	5.0000	17.4229	508.0287	94.9537	11.2514	24.5000	0.9300	0.9409	0.5766	-0.0006	508.0000	510.6414	1.0285	11.3828	100.0218	39.0667	0.8230	0.8216	5.0000	-9999.0000	-9999.0000	-9999.0000	-9999.0000	-9999.0000	-9999.0000	17.6319	6	0	27.1634	1.0000	06	4	-9999.0000	51881	27909	-9999	2853	2758	-9999	289.6260	5	0.5673	0.5766	-0.0006	27.8745	3.1073	483.8477	357.1514	35.6019	462.6854	95.3704	478.7142	94.7222	483.3478	94.8380	487.1037	94.9306	
09/08/2017	03:17:49	019001	G523016783HLR	L523	S		438.7297	1.0311	3.2274	100.0568	39.4786	0.8230	0.8277	5.0000	17.3516	508.0282	94.9306	14.3416	24.5000	0.9300	0.9409	0.5789	-0.0007	508.0000	507.0619	1.0285	10.9372	99.9402	39.0333	0.8230	0.8214	5.0000	-9999.0000	-9999.0000	-9999.0000	-9999.0000	-9999.0000	-9999.0000	18.7923	7	0	26.3930	1.0000	06	4	-9999.0000	51882	27910	-9999	2854	2759	-9999	288.8728	5	0.5675	0.5789	-0.0007	23.6312	3.3692	472.0463	380.8729	37.6620	459.0945	95.8102	467.6247	95.0000	471.5889	95.1620	476.1926	95.0463	
09/08/2017	03:18:18	019001	G523016774HLR	L523	S		426.0493	1.0311	3.8582	100.0274	39.4500	0.8230	0.8277	5.0000	17.0722	508.0414	94.9306	17.1622	24.5000	0.9300	0.9409	0.5857	-0.0011	508.0000	509.2095	1.0285	11.2045	99.9608	39.0539	0.8230	0.8218	5.0000	-9999.0000	-9999.0000	-9999.0000	-9999.0000	-9999.0000	-9999.0000	17.6124	8	0	28.3236	1.0000	06	4	-9999.0000	51883	27911	-9999	2855	2760	-9999	287.5653	5	0.5675	0.5857	-0.0011	20.8437	3.5741	457.9461	371.4886	38.5880	444.5709	95.4630	452.6358	94.8611	457.3979	94.9769	462.4339	95.0000	
09/08/2017	03:18:46	019001	G523017313HLR	L523	S		431.8016	1.0311	3.5721	99.9999	39.4537	0.8230	0.8277	5.0000	17.3116	508.0517	94.9074	17.4328	24.4000	0.9300	0.9409	0.5749	-0.0005	508.0000	505.7128	1.0285	10.7692	99.9773	39.0876	0.8230	0.8218	5.0000	-9999.0000	-9999.0000	-9999.0000	-9999.0000	-9999.0000	-9999.0000	17.6223	1	0	28.1536	1.0000	06	4	-9999.0000	51884	27912	-9999	2856	2761	-9999	287.4088	5	0.5672	0.5749	-0.0005	27.7629	3.2463	456.6555	364.7517	37.5694	439.1643	95.7407	451.2246	94.9306	455.9967	94.9769	460.6308	95.0231	
09/08/2017	03:19:15	019001	G523017323HLR	L523	S		437.5590	1.0311	3.2856	100.0252	39.5000	0.8230	0.8277	5.0000	17.1124	508.0544	94.9537	15.0819	24.4000	0.9300	0.9409	0.5749	-0.0005	508.0000	508.4153	1.0285	11.1056	99.9562	39.0667	0.8230	0.8213	5.0000	-9999.0000	-9999.0000	-9999.0000	-9999.0000	-9999.0000	-9999.0000	19.4223	2	0	29.2332	1.0000	06	4	-9999.0000	51885	27913	-9999	2857	2762	-9999	288.2188	5	0.5672	0.5749	-0.0005	27.7629	3.2463	471.5741	372.2731	37.7083	454.1380	95.6250	466.7016	94.7917	471.2121	94.8380	475.0709	94.9537	
09/08/2017	03:19:40	019001	G523017326HLR	L523	S		436.8591	1.0311	3.3204	99.9798	39.4512	0.8230	0.8277	5.0000	17.2520	508.0346	94.9074	15.0018	24.5000	0.9300	0.9409	0.5855	-0.0011	508.0000	505.6996	1.0285	10.7676	99.9871	39.0667	0.8230	0.8217	5.0000	-9999.0000	-9999.0000	-9999.0000	-9999.0000	-9999.0000	-9999.0000	17.6815	3	0	25.2733	1.0000	06	4	-9999.0000	51886	27914	-9999	2858	2763	-9999	288.8100	5	0.5674	0.5855	-0.0011	20.9873	3.5510	467.0324	359.6915	36.0417	450.6760	95.5556	461.5306	94.9537	466.4645	95.0463	470.5587	95.0463	
09/08/2017	03:20:09	019001	G523017320HLR	L523	S		434.2814	1.0311	3.4487	100.0707	39.4500	0.8230	0.8277	5.0000	17.4521	508.0377	94.9074	16.2725	24.5000	0.9300	0.9409	0.5770	-0.0006	508.0000	504.9439	1.0285	10.6735	99.9233	39.0667	0.8230	0.8217	5.0000	-9999.0000	-9999.0000	-9999.0000	-9999.0000	-9999.0000	-9999.0000	17.5216	4	0	29.0435	1.0000	06	4	-9999.0000	51887	27915	-9999	2859	2764	-9999	288.0356	5	0.5673	0.5770	-0.0006	23.8275	3.2897	461.6939	358.6746	35.9491	447.7459	95.9722	455.7772	95.0463	460.9541	95.1620	465.4229	95.0231	
09/08/2017	03:20:36	019001	G523016781HLR	L523	S		427.4289	1.0311	3.7896	100.0255	39.4500	0.8230	0.8278	5.0000	16.9717	508.0379	94.9074	16.8018	24.5000	0.9300	0.9409	0.5770	-0.0006	508.0000	509.3516	1.0285	11.2222	100.0353	39.0649	0.8230	0.8217	5.0000	-9999.0000	-9999.0000	-9999.0000	-9999.0000	-9999.0000	-9999.0000	17.6418	5	0	26.2631	1.0000	06	4	-9999.0000	51888	27916	-9999	2860	2765	-9999	287.9006	5	0.5673	0.5770	-0.0006	23.8275	3.2897	464.9683	383.7220	39.8380	449.3478	95.4398	459.0070	95.1620	464.2596	95.2546	468.1959	94.9537	
09/08/2017	03:21:37	019001	G523017302HLR	L523	S		439.0351	1.0311	3.2122	100.0124	39.5000	0.8230	0.8274	5.0000	18.3226	508.0895	94.9306	13.8923	24.6000	0.9300	0.9412	0.5752	-0.0005	508.0000	507.9635	1.0285	11.0494	99.9830	38.9142	0.8230	0.8212	5.0000	-9999.0000	-9999.0000	-9999.0000	-9999.0000	-9999.0000	-9999.0000	17.7727	7	0	31.2245	1.0000	06	4	-9999.0000	51890	27917	-9999	2862	2766	-9999	288.9694	5	0.5680	0.5752	-0.0005	33.9279	2.5087	475.9709	373.1024	38.4259	458.0457	95.6713	470.5012	94.8843	475.3666	94.8843	479.5104	94.9537	
09/08/2017	03:22:07	019001	G523017303HLR	L523	S		427.1366	1.0311	3.8042	99.9536	39.4513	0.8230	0.8277	5.0000	17.1720	508.0225	94.9074	16.9825	24.5000	0.9300	0.9412	0.5721	-0.0003	508.0000	510.2402	1.0285	11.3328	100.0053	38.9826	0.8230	0.8219	5.0000	-9999.0000	-9999.0000	-9999.0000	-9999.0000	-9999.0000	-9999.0000	17.6017	8	0	30.0934	1.0000	06	4	-9999.0000	51891	27918	-9999	2862	2767	-9999	288.7639	5	0.5680	0.5721	-0.0003	49.9105	1.3229	470.7368	372.8165	38.7269	452.0180	95.6019	465.4152	95.3704	470.1686	95.4167	473.6871	94.8843	
09/08/2017	03:22:34	019001	G523017310HLR	L523	S		432.6652	1.0311	3.5291	100.0357	39.4500	0.8230	0.8276	5.0000	17.7318	508.0577	94.9306	14.8817	24.5000	0.9300	0.9409	0.5721	-0.0003	508.0000	509.8289	1.0285	11.2816	100.0319	39.0667	0.8230	0.8219	5.0000	-9999.0000	-9999.0000	-9999.0000	-9999.0000	-9999.0000	-9999.0000	17.4924	1	0	27.2230	1.0000	06	4	-9999.0000	51892	27919	-9999	2863	2768	-9999	288.6911	5	0.5680	0.5721	-0.0003	49.9105	1.3229	473.3488	367.9447	36.3657	453.3982	95.7870	468.5074	94.8611	472.9586	94.8611	476.8680	94.9769	
09/08/2017	03:23:00	019001	G523017309HLR	L523	S		430.0450	1.0311	3.6595	99.9935	39.5000	0.8230	0.8278	5.0000	17.2022	508.0560	94.9537	17.8820	24.5000	0.9300	0.9410	0.5721	-0.0003	508.0000	506.4658	1.0285	10.8630	100.0061	39.0589	0.8230	0.8217	5.0000	-9999.0000	-9999.0000	-9999.0000	-9999.0000	-9999.0000	-9999.0000	17.5821	2	0	25.5030	1.0000	06	4	-9999.0000	51893	27920	-9999	2864	2769	-9999	288.2821	5	0.5680	0.5721	-0.0003	48.8408	1.3833	465.7743	382.2628	39.1204	453.7093	95.4861	459.8513	95.2315	465.3788	95.3241	466.5156	94.8611	
09/08/2017	03:23:27	019001	G523017304HLR	L523	S		429.3859	1.0311	3.6922	100.0041	39.4745	0.8230	0.8277	5.0000	17.1925	508.0630	94.9769	19.7826	24.5000	0.9300	0.9409	0.5733	-0.0004	508.0000	506.1680	1.0285	10.8259	99.9918	39.0333	0.8230	0.8217	5.0000	-9999.0000	-9999.0000	-9999.0000	-9999.0000	-9999.0000	-9999.0000	17.5312	3	0	27.0735	1.0000	06	4	-9999.0000	51894	27921	-9999	2865	2770	-9999	288.0407	5	0.5678	0.5733	-0.0004	28.7795	2.8950	460.6563	369.1228	38.0093	448.1482	95.5556	456.3300	95.0231	460.2036	95.0694	464.0033	95.0000	
09/08/2017	03:23:54	019001	G523017307HLR	L523	S		430.1876	1.0311	3.6524	100.0307	39.5000	0.8230	0.8276	5.0000	17.6115	508.0594	94.9537	18.0119	24.5000	0.9300	0.9409	0.5810	-0.0008	508.0000	506.4079	1.0285	10.8558	99.9661	39.0494	0.8230	0.8218	5.0000	-9999.0000	-9999.0000	-9999.0000	-9999.0000	-9999.0000	-9999.0000	17.5617	4	0	27.8236	1.0000	06	4	-9999.0000	51895	27922	-9999	2866	2771	-9999	288.0535	5	0.5677	0.5810	-0.0008	18.6920	3.5544	464.6271	383.0096	38.5417	451.4809	95.4398	459.0486	95.2315	464.0455	95.2083	468.0733	94.9769	
09/08/2017	03:24:19	019001	G523017294HLR	L523	S		431.9723	1.0311	3.5636	100.0802	39.4600	0.8230	0.8276	5.0000	17.3320	508.0432	94.9306	15.8115	24.5000	0.9300	0.9409	0.5736	-0.0004	508.0000	504.2067	1.0285	10.5817	99.9685	39.0667	0.8230	0.8215	5.0000	-9999.0000	-9999.0000	-9999.0000	-9999.0000	-9999.0000	-9999.0000	19.4027	5	0	24.9424	1.0000	06	4	-9999.0000	51896	27923	-9999	2867	2772	-9999	288.4089	5	0.5677	0.5736	-0.0004	31.8673	2.7033	463.1287	361.6616	38.9583	446.9544	95.2315	459.0900	94.5370	462.5628	94.5370	467.2683	94.9537	
09/08/2017	03:24:45	019001	G523017318HLR	L523	S		417.8627	1.0311	4.2655	100.0432	39.4500	0.8230	0.8278	5.0000	17.0425	0.0000	0.0000	0.0000	0.0000	0.9300	0.0000	0.0000	0.0000	0.0000	417.8857	1.0285	-0.1636	99.9616	39.0667	0.8230	0.8219	5.0000	-9999.0000	-9999.0000	-9999.0000	-9999.0000	-9999.0000	-9999.0000	17.2822	6	7	25.5127	1.0000	06	4	-9999.0000	51897	0	-9999	2868	2773	-9999	0.0000	0	0.0000	0.0000	0.0000	0.0000	0.0000	0.0000	0.0000	0.0000	0.0000	0.0000	0.0000	0.0000	0.0000	0.0000	0.0000	0.0000	
09/08/2017	03:25:10	019001	G523017299HLR	L523	S		435.9307	1.0311	3.3666	100.0338	39.4516	0.8230	0.8277	5.0000	17.7013	508.0363	94.9306	15.6523	24.6000	0.9300	0.9412	0.5669	0.0001	508.0000	504.3642	1.0285	10.6014	99.9958	39.0967	0.8230	0.8217	5.0000	-9999.0000	-9999.0000	-9999.0000	-9999.0000	-9999.0000	-9999.0000	17.5918	7	0	24.8537	1.0000	06	4	-9999.0000	51898	27924	-9999	2869	2774	-9999	288.6442	5	0.5682	0.5669	0.0001	49.7494	1.5089	474.3153	362.9306	37.9630	457.1583	95.7176	470.6469	94.8843	473.7377	94.8843	477.4484	94.9537	
09/08/2017	03:25:36	019001	G523017293HLR	L523	S		427.8160	1.0311	3.7703	100.0663	39.4500	0.8230	0.8278	5.0000	17.2921	508.0694	94.9074	15.7812	24.5000	0.9300	0.9411	0.5669	0.0001	508.0000	510.6972	1.0285	11.3897	99.9666	39.0667	0.8230	0.8216	5.0000	-9999.0000	-9999.0000	-9999.0000	-9999.0000	-9999.0000	-9999.0000	17.6417	8	0	25.9922	1.0000	06	4	-9999.0000	51899	27925	-9999	2870	2775	-9999	288.6835	5	0.5682	0.5669	0.0001	49.7494	1.5089	474.7461	390.5541	39.4907	458.2731	95.4167	469.6754	95.0463	474.0027	95.1157	478.0411	95.0000	
09/08/2017	03:26:01	019001	G523016927HLR	L523	S		445.3118	1.0311	2.8999	100.0491	39.5028	0.8230	0.8278	5.0000	17.0419	508.0564	94.9537	11.2416	24.5000	0.9300	0.9409	0.5701	-0.0001	508.0000	508.9636	1.0285	11.1739	99.9402	39.0667	0.8230	0.8215	5.0000	-9999.0000	-9999.0000	-9999.0000	-9999.0000	-9999.0000	-9999.0000	18.9827	1	0	24.8332	1.0000	06	4	-9999.0000	51900	27926	-9999	2871	2775	-9999	289.2216	5	0.5687	0.5701	-0.0001	51.0603	1.4378	486.9959	388.3894	40.0231	468.5670	95.0694	482.2196	94.8611	486.3603	94.9537	488.9667	95.0000	
09/08/2017	03:26:30	019001	G523016930HLR	L523	S		444.7307	1.0311	2.9288	100.0530	39.5000	0.8230	0.8276	5.0000	17.7119	508.0769	94.9306	10.2913	24.6000	0.9300	0.9409	0.5701	-0.0001	508.0000	504.3690	1.0285	10.6019	99.9780	39.0720	0.8230	0.8218	5.0000	-9999.0000	-9999.0000	-9999.0000	-9999.0000	-9999.0000	-9999.0000	17.6221	2	0	29.7438	1.0000	06	4	-9999.0000	51901	27927	-9999	2872	2776	-9999	289.2636	5	0.5687	0.5701	-0.0001	51.0603	1.4378	489.0660	373.5030	38.4491	472.5773	95.3935	484.4750	94.9769	488.5228	95.1157	492.4469	94.9769	
09/08/2017	03:26:55	019001	G523016929HLR	L523	S		444.0872	1.0311	2.9608	100.0222	39.4500	0.8230	0.8273	5.0000	18.4112	508.0626	94.9306	11.2416	24.6000	0.9300	0.9410	0.5699	-0.0001	508.0000	504.9852	1.0285	10.6787	99.9693	39.0951	0.8230	0.8217	5.0000	-9999.0000	-9999.0000	-9999.0000	-9999.0000	-9999.0000	-9999.0000	17.7318	3	0	24.8731	1.0000	06	4	-9999.0000	51902	27928	-9999	2873	2777	-9999	289.1983	5	0.5687	0.5699	-0.0001	52.1223	1.3642	485.8805	374.1895	35.9722	469.4063	95.9028	480.5754	95.0000	485.4505	95.1157	488.7698	95.0000	
09/08/2017	03:27:21	019001	G523016933HLR	L523	S		438.4540	1.0311	3.2411	100.0116	39.4500	0.8230	0.8278	5.0000	17.0810	508.0418	94.9306	13.9421	24.6000	0.9300	0.9411	0.5675	0.0000	508.0000	505.8271	1.0285	10.7835	99.9812	39.0667	0.8230	0.8215	5.0000	-9999.0000	-9999.0000	-9999.0000	-9999.0000	-9999.0000	-9999.0000	17.6417	4	0	25.5029	1.0000	06	4	-9999.0000	51903	27929	-9999	2874	2778	-9999	288.6541	5	0.5682	0.5675	0.0000	58.3834	1.0871	480.8311	372.4842	36.1574	466.0751	95.8333	475.7877	94.8380	480.2788	95.0231	483.6097	95.0000	
09/08/2017	03:27:46	019001	G523016934HLR	L523	S		442.4760	1.0311	3.0410	100.0439	39.5000	0.8230	0.8278	5.0000	17.0616	508.0416	94.9074	12.5611	24.5000	0.9300	0.9410	0.5674	0.0001	508.0000	506.5132	1.0285	10.8689	100.0407	39.0333	0.8230	0.8216	5.0000	-9999.0000	-9999.0000	-9999.0000	-9999.0000	-9999.0000	-9999.0000	17.6320	5	0	24.8828	1.0000	06	4	-9999.0000	51904	27930	-9999	2875	2779	-9999	288.7381	5	0.5686	0.5674	0.0001	47.4287	1.6598	483.3083	379.6159	36.6435	468.0157	95.6250	479.7285	94.8148	482.8763	94.9537	487.2269	95.0000	
09/08/2017	03:28:11	019001	G523016920HLR	L523	S		432.7211	1.0311	3.5263	100.0138	39.5000	0.8230	0.8277	5.0000	17.1914	508.0344	94.9537	17.7121	24.5000	0.9300	0.9410	0.5745	-0.0003	508.0000	506.6239	1.0285	10.8826	100.0349	39.0667	0.8230	0.8215	5.0000	-9999.0000	-9999.0000	-9999.0000	-9999.0000	-9999.0000	-9999.0000	19.1517	6	0	25.6134	1.0000	06	4	-9999.0000	51905	27931	-9999	2876	2780	-9999	288.8343	5	0.5697	0.5745	-0.0003	41.0285	1.9476	466.2857	388.6845	36.9676	453.8562	95.2315	462.0548	94.8843	465.6992	94.9537	470.3251	95.0000	
09/08/2017	03:28:36	019001	G523016925HLR	L523	S		444.8080	1.0311	2.9250	100.0927	39.4788	0.8230	0.8275	5.0000	17.5324	508.0598	94.9306	10.9613	24.5000	0.9300	0.9409	0.5745	-0.0003	508.0000	510.7741	1.0285	11.3993	99.9226	39.0904	0.8230	0.8218	5.0000	-9999.0000	-9999.0000	-9999.0000	-9999.0000	-9999.0000	-9999.0000	17.5725	7	0	24.8430	1.0000	06	4	-9999.0000	51905	27932	-9999	2877	2781	-9999	290.1755	5	0.5697	0.5745	-0.0003	41.0285	1.9476	485.4568	366.6859	35.9954	464.9822	95.7407	481.4051	94.7685	484.7412	94.8148	489.3093	94.9537	
09/08/2017	03:29:02	019001	G523016921HLR	L523	S		442.2437	1.0311	3.0526	100.0445	39.4863	0.8230	0.8275	5.0000	17.7716	508.0472	94.9537	13.1813	24.5000	0.9300	0.9410	0.5783	-0.0005	508.0000	507.8140	1.0285	11.0308	99.9580	39.1000	0.8230	0.8217	5.0000	-9999.0000	-9999.0000	-9999.0000	-9999.0000	-9999.0000	-9999.0000	17.6320	8	0	25.5333	1.0000	06	4	-9999.0000	51906	27933	-9999	2878	2782	-9999	290.6478	5	0.5701	0.5783	-0.0005	40.2959	1.9384	478.3777	362.6091	38.9352	465.7943	95.4630	472.9369	95.1620	477.8546	95.3241	481.4146	94.9306	
09/08/2017	03:29:27	019001	G523016922HLR	L523	S		443.0227	1.0311	3.0138	99.9578	39.4500	0.8230	0.8274	5.0000	18.4817	508.0698	94.9306	11.0619	24.5000	0.9300	0.9410	0.5748	-0.0003	508.0000	507.2068	1.0285	10.9552	99.9670	39.0865	0.8230	0.8216	5.0000	-9999.0000	-9999.0000	-9999.0000	-9999.0000	-9999.0000	-9999.0000	17.6330	1	0	24.9922	1.0000	06	4	-9999.0000	51907	27934	-9999	2879	2783	-9999	290.3670	5	0.5702	0.5748	-0.0003	40.9344	1.8747	484.2447	366.2681	36.5972	465.2599	95.6481	479.7137	94.7685	483.7796	94.9074	488.2946	95.0000	
09/08/2017	03:29:53	019001	G523016907HLR	L523	S		443.5907	1.0311	2.9855	100.0149	39.4631	0.8230	0.8278	5.0000	17.1612	508.0430	94.9074	11.6010	24.6000	0.9300	0.9409	0.5746	-0.0003	508.0000	511.2752	1.0285	11.4616	99.9766	39.0720	0.8230	0.8216	5.0000	-9999.0000	-9999.0000	-9999.0000	-9999.0000	-9999.0000	-9999.0000	17.5724	2	0	26.7736	1.0000	06	4	-9999.0000	51907	27935	-9999	2880	2783	-9999	290.2565	5	0.5703	0.5746	-0.0003	39.5727	1.9796	484.3764	387.9913	37.6620	473.5523	95.5787	480.0274	94.8843	483.6967	95.0463	487.8046	94.9769	
09/08/2017	03:30:18	019001	G523016896HLR	L523	S		441.8055	1.0311	3.0744	100.0409	39.5133	0.8230	0.8277	5.0000	17.5822	508.0474	94.8843	12.6910	24.6000	0.9300	0.9411	0.5716	-0.0001	508.0000	510.4941	1.0285	11.3644	100.0245	39.0741	0.8230	0.8217	5.0000	-9999.0000	-9999.0000	-9999.0000	-9999.0000	-9999.0000	-9999.0000	17.6222	3	0	24.8525	1.0000	06	4	-9999.0000	51908	27936	-9999	2881	2784	-9999	289.8453	5	0.5702	0.5716	-0.0001	43.4640	1.7114	483.3153	372.0168	37.8472	463.5012	95.4630	478.4034	95.0463	483.0097	95.1852	486.0936	94.9537	
09/08/2017	03:30:44	019001	G523016911HLR	L523	S		442.2196	1.0311	3.0537	100.0147	39.5000	0.8230	0.8276	5.0000	17.7121	508.0615	94.9074	12.2710	24.6000	0.9300	0.9410	0.5728	-0.0002	508.0000	506.5137	1.0285	10.8689	99.9508	39.0891	0.8230	0.8216	5.0000	-9999.0000	-9999.0000	-9999.0000	-9999.0000	-9999.0000	-9999.0000	17.6223	4	0	25.5335	1.0000	06	4	-9999.0000	51909	27937	-9999	2882	2784	-9999	289.9596	5	0.5703	0.5728	-0.0002	44.0893	1.6408	483.0907	365.3245	37.4306	463.6639	95.4861	478.0190	94.6759	482.4651	94.7917	486.2958	94.9537	
09/08/2017	03:31:09	019001	G523016906HLR	L523	S		442.7754	1.0311	3.0261	99.9844	39.4742	0.8230	0.8276	5.0000	17.2824	508.0717	94.8843	12.4917	24.5000	0.9300	0.9410	0.5749	-0.0003	508.0000	510.8483	1.0285	11.4085	100.0182	39.0667	0.8230	0.8216	5.0000	-9999.0000	-9999.0000	-9999.0000	-9999.0000	-9999.0000	-9999.0000	18.3723	5	0	24.8632	1.0000	06	4	-9999.0000	51910	27938	-9999	2883	2785	-9999	290.0830	5	0.5704	0.5749	-0.0003	44.5316	1.6396	481.9293	386.4438	38.3333	465.4536	95.4630	476.2211	95.1389	481.5217	95.2083	485.2575	94.9537	
09/08/2017	03:31:38	019001	G523016900HLR	L523	S		439.2803	1.0311	3.2000	99.9486	39.4856	0.8230	0.8276	5.0000	17.5226	508.0298	94.9306	14.7323	24.5000	0.9300	0.9410	0.5716	-0.0001	508.0000	507.8547	1.0285	11.0359	99.9874	39.0970	0.8230	0.8217	5.0000	-9999.0000	-9999.0000	-9999.0000	-9999.0000	-9999.0000	-9999.0000	17.6613	6	0	29.1334	1.0000	06	4	-9999.0000	51911	27939	-9999	2884	2786	-9999	289.8285	5	0.5706	0.5716	-0.0001	45.8268	1.5637	477.2756	385.2294	37.6389	465.2011	95.4630	472.2930	95.1389	476.7644	95.2315	480.5561	94.9537	
09/08/2017	03:32:03	019001	G523016915HLR	L523	S		442.8651	1.0311	3.0216	100.0317	39.4968	0.8230	0.8277	5.0000	17.0918	508.0471	94.9074	11.9116	24.5000	0.9300	0.9409	0.5728	-0.0002	508.0000	510.0266	1.0285	11.3062	99.9837	39.1000	0.8230	0.8217	5.0000	-9999.0000	-9999.0000	-9999.0000	-9999.0000	-9999.0000	-9999.0000	17.5626	7	0	24.9534	1.0000	06	4	-9999.0000	51912	27940	-9999	2885	2787	-9999	290.0062	5	0.5706	0.5728	-0.0002	46.2827	1.5553	482.9710	387.0072	38.5648	470.6557	95.1852	478.8190	94.5602	482.4653	94.6759	486.5800	94.9074	
09/08/2017	03:32:29	019001	G523016903HLR	L523	S		446.8847	1.0311	2.8217	99.9669	39.5000	0.8230	0.8273	5.0000	18.7425	508.0586	94.9537	9.7014	24.6000	0.9300	0.9409	0.5710	-0.0000	508.0000	509.5471	1.0285	11.2465	99.9491	39.0804	0.8230	0.8215	5.0000	-9999.0000	-9999.0000	-9999.0000	-9999.0000	-9999.0000	-9999.0000	17.6524	8	0	25.9629	1.0000	06	4	-9999.0000	51913	27941	-9999	2886	2788	-9999	289.9444	5	0.5705	0.5710	-0.0000	48.3711	1.4030	491.5105	389.2580	38.2176	474.6742	95.4398	487.1377	94.8611	490.9398	94.9537	495.1461	95.0000	
09/08/2017	03:32:53	019001	G523016741HLR	L523	S		442.8384	1.0311	3.0230	100.0311	39.4613	0.8230	0.8277	5.0000	17.2423	508.0533	94.9074	12.5210	24.5000	0.9300	0.9409	0.5710	-0.0000	508.0000	510.4992	1.0285	11.3650	99.9590	39.0637	0.8230	0.8216	5.0000	-9999.0000	-9999.0000	-9999.0000	-9999.0000	-9999.0000	-9999.0000	17.9220	1	0	24.8527	1.0000	06	4	-9999.0000	51914	27942	-9999	2887	2789	-9999	289.8828	5	0.5700	0.5710	-0.0000	51.0855	1.2335	484.2317	368.0579	39.0972	463.4470	95.3009	478.9314	94.8380	483.6227	94.9769	486.4247	94.9537	
09/08/2017	03:33:20	019001	G523016751HLR	L523	S		442.4669	1.0311	3.0414	100.0842	39.5000	0.8230	0.8277	5.0000	17.5120	508.0427	94.9074	12.4810	24.5000	0.9300	0.9409	0.5710	-0.0000	508.0000	510.3978	1.0285	11.3524	100.0002	39.0869	0.8230	0.8217	5.0000	-9999.0000	-9999.0000	-9999.0000	-9999.0000	-9999.0000	-9999.0000	17.6320	2	0	26.5129	1.0000	06	4	-9999.0000	51915	27943	-9999	2888	2790	-9999	289.8749	5	0.5700	0.5710	-0.0000	51.2443	1.2229	485.0377	371.2939	36.0648	469.1132	95.1852	479.4974	95.0926	484.5140	95.1852	487.5871	94.9306	
09/08/2017	03:33:46	019001	G523016748HLR	L523	S		441.6301	1.0311	3.0831	100.0153	39.5000	0.8230	0.8277	5.0000	17.2422	508.0368	94.8843	12.8609	24.5000	0.9300	0.9409	0.5710	-0.0000	508.0000	506.2906	1.0285	10.8412	99.9762	39.0989	0.8230	0.8217	5.0000	-9999.0000	-9999.0000	-9999.0000	-9999.0000	-9999.0000	-9999.0000	17.6320	3	0	26.2033	1.0000	06	4	-9999.0000	51916	27944	-9999	2888	2791	-9999	289.8689	5	0.5699	0.5710	-0.0000	52.6482	1.1527	482.0859	376.8696	38.1481	468.7206	95.5093	476.9940	94.7222	481.5685	94.8148	484.5662	94.9769	
09/08/2017	03:34:14	019001	G523016755HLR	L523	S		440.7351	1.0311	3.1276	100.0242	39.5000	0.8230	0.8275	5.0000	17.7618	508.0336	94.9306	13.9108	24.5000	0.9300	0.9410	0.5710	-0.0000	508.0000	507.5816	1.0285	11.0019	99.9552	39.1000	0.8230	0.8217	5.0000	-9999.0000	-9999.0000	-9999.0000	-9999.0000	-9999.0000	-9999.0000	17.5518	4	0	27.8237	1.0000	06	4	-9999.0000	51917	27945	-9999	2889	2792	-9999	289.8384	5	0.5698	0.5710	-0.0000	53.9629	1.0185	480.8870	367.6532	37.6852	462.4763	95.5787	475.8285	95.2315	480.3047	95.3009	483.5871	94.9306	
09/08/2017	03:34:39	019001	G523015061HLR	L523	S		442.1995	1.0311	3.0548	100.0276	39.4500	0.8230	0.8275	5.0000	17.4827	508.0507	94.9074	13.1520	24.5000	0.9300	0.9410	0.5710	-0.0000	508.0000	509.3951	1.0285	11.2276	100.0177	39.0667	0.8230	0.8215	5.0000	-9999.0000	-9999.0000	-9999.0000	-9999.0000	-9999.0000	-9999.0000	18.4221	5	0	24.9024	1.0000	06	4	-9999.0000	51918	27946	-9999	2890	2793	-9999	289.8753	5	0.5698	0.5710	-0.0000	52.9384	1.1034	481.8302	369.4806	38.6111	468.9953	95.2315	477.3511	94.6528	481.2506	94.7454	484.9521	94.9306	
09/08/2017	03:35:04	019001	G523016780HLR	L523	S		437.1122	1.0311	3.3079	100.0086	39.4500	0.8230	0.8277	5.0000	17.1320	508.0465	94.9074	14.4217	24.5000	0.9300	0.9410	0.5728	-0.0004	508.0000	504.6139	1.0285	10.6324	99.9797	39.0667	0.8230	0.8217	5.0000	-9999.0000	-9999.0000	-9999.0000	-9999.0000	-9999.0000	-9999.0000	17.5917	6	0	25.5028	1.0000	06	4	-9999.0000	51919	27947	-9999	2891	2794	-9999	288.1702	5	0.5693	0.5728	-0.0004	50.3234	1.3557	474.6502	380.3617	39.6065	459.4975	95.1157	469.7639	95.0463	474.0980	95.1620	478.6230	94.9074	
09/08/2017	03:35:29	019001	G523016782HLR	L523	S		436.2045	1.0311	3.3530	99.9302	39.5000	0.8230	0.8278	5.0000	17.3213	508.0614	94.9074	14.7820	24.4000	0.9300	0.9409	0.5728	-0.0004	508.0000	504.4404	1.0285	10.6108	100.0167	39.0901	0.8230	0.8217	5.0000	-9999.0000	-9999.0000	-9999.0000	-9999.0000	-9999.0000	-9999.0000	17.9220	7	0	24.8733	1.0000	06	4	-9999.0000	51920	27948	-9999	2892	2795	-9999	288.1044	5	0.5693	0.5728	-0.0004	54.7032	0.9934	473.8640	390.8220	39.9306	460.7672	95.0694	468.5636	95.0926	473.2429	95.1620	477.1033	94.9074	
09/08/2017	03:35:57	019001	G523016747HLR	L523	S		442.7395	1.0311	3.0279	99.9991	39.5094	0.8230	0.8277	5.0000	17.3115	508.0676	94.9306	15.7421	24.4000	0.9300	0.9409	0.5728	-0.0004	508.0000	510.2374	1.0285	11.3325	99.9531	39.1000	0.8230	0.8217	5.0000	-9999.0000	-9999.0000	-9999.0000	-9999.0000	-9999.0000	-9999.0000	17.7921	8	0	27.6730	1.0000	06	4	-9999.0000	51921	27949	-9999	2893	2796	-9999	287.9145	5	0.5696	0.5728	-0.0004	54.0315	1.0049	467.6739	383.4500	39.1898	445.2480	95.1389	461.6500	94.8843	466.6950	94.9537	471.3035	94.9769	
09/08/2017	03:36:22	019001	G523016744HLR	L523	S		445.9610	1.0311	2.8676	100.0072	39.5000	0.8230	0.8275	5.0000	17.4913	508.0519	94.9537	10.5911	24.4000	0.9300	0.9408	0.5728	-0.0004	508.0000	508.5067	1.0285	11.1170	99.9681	39.1000	0.8230	0.8217	5.0000	-9999.0000	-9999.0000	-9999.0000	-9999.0000	-9999.0000	-9999.0000	17.6319	1	0	24.8636	1.0000	06	4	-9999.0000	51922	27950	-9999	2894	2797	-9999	288.9214	5	0.5697	0.5728	-0.0004	53.8530	1.0029	487.3448	385.0579	36.7593	469.7144	95.4398	481.6546	94.9306	486.7487	95.0000	491.0522	95.0000	
09/08/2017	03:36:47	019001	G523017510HLR	L523	S		443.6850	1.0311	2.9808	99.9586	39.4863	0.8230	0.8274	5.0000	17.9122	508.0376	94.9306	11.3822	24.5000	0.9300	0.9409	0.5728	-0.0004	508.0000	507.7749	1.0285	11.0259	99.9804	39.1000	0.8230	0.8216	5.0000	-9999.0000	-9999.0000	-9999.0000	-9999.0000	-9999.0000	-9999.0000	17.6210	2	0	25.5427	1.0000	06	4	-9999.0000	51923	27951	-9999	2895	2798	-9999	288.7554	5	0.5696	0.5728	-0.0004	56.2211	0.8305	484.4623	367.0388	36.2731	472.8299	95.6944	479.5661	94.7222	483.8756	94.8843	487.7928	94.9537	
09/08/2017	03:37:13	019001	G523017292HLR	L523	S		445.9156	1.0311	2.8699	99.9542	39.4500	0.8230	0.8276	5.0000	17.8322	508.0536	94.9537	9.9817	24.5000	0.9300	0.9409	0.5728	-0.0004	508.0000	508.1508	1.0285	11.0727	100.0271	39.0805	0.8230	0.8215	5.0000	-9999.0000	-9999.0000	-9999.0000	-9999.0000	-9999.0000	-9999.0000	18.5929	3	0	25.4131	1.0000	06	4	-9999.0000	51924	27952	-9999	2896	2799	-9999	289.0544	5	0.5699	0.5728	-0.0004	55.3704	0.8803	488.8169	366.9316	38.0324	475.7491	95.3241	484.1163	94.8380	488.3849	94.9306	492.0941	95.0000	
09/08/2017	03:37:45	019001	G523017508HLR	L523	S		0.0000	0.0000	0.0000	0.0000	0.0000	0.8230	0.0000	0.0000	0.0000	0.0000	0.0000	0.0000	0.0000	0.9300	0.0000	0.0000	0.0000	0.0000	0.0000	0.0000	0.0000	0.0000	0.0000	0.8230	0.0000	0.0000	0.0000	0.0000	0.0000	0.0000	0.0000	0.0000	0.0000	0	42	25.4131	1.0000	06	4	0.0000	0	0	0	0	0	0	0.0000	0	0.0000	0.0000	0.0000	0.0000	0.0000	0.0000	0.0000	0.0000	0.0000	0.0000	0.0000	0.0000	0.0000	0.0000	0.0000	0.0000	
09/08/2017	03:38:06	019001	G523017284HLR	L523	S		435.7617	1.0311	3.3750	100.0153	39.4840	0.8230	0.8278	5.0000	17.2119	508.0715	94.9306	15.6220	24.5000	0.9300	0.9410	0.5728	-0.0004	508.0000	504.6942	1.0285	10.6424	99.9985	39.1000	0.8230	0.8217	5.0000	-9999.0000	-9999.0000	-9999.0000	-9999.0000	-9999.0000	-9999.0000	18.2323	4	0	53.4058	1.0000	06	4	-9999.0000	51925	27953	-9999	2897	2800	-9999	287.9504	5	0.5692	0.5728	-0.0004	53.8113	0.9542	472.3286	368.2758	37.9630	459.7722	95.6250	466.9829	95.1620	471.6824	95.2778	475.2169	94.9769	
09/08/2017	03:38:57	019001	G523017324HLR	L523	S		445.5415	1.0311	2.8885	100.0404	39.5500	0.8230	0.8274	5.0000	18.1915	508.0336	94.9537	9.9709	24.6000	0.9300	0.9411	0.5728	-0.0004	508.0000	508.2709	1.0285	11.0877	99.9884	38.8333	0.8230	0.8213	5.0000	-9999.0000	-9999.0000	-9999.0000	-9999.0000	-9999.0000	-9999.0000	17.7811	6	0	25.5430	1.0000	06	4	-9999.0000	51927	27954	-9999	2899	2801	-9999	289.0282	5	0.5692	0.5728	-0.0004	54.0329	0.9358	488.3165	379.9355	38.4259	471.7899	95.3472	482.6236	94.8380	487.6913	94.9306	491.9720	94.9769	
09/08/2017	03:39:21	019001	G523017520HLR	L523	S		436.4702	1.0311	3.3398	99.9774	39.4500	0.8230	0.8276	5.0000	17.2021	508.0412	94.9306	13.9909	24.6000	0.9300	0.9413	0.5728	-0.0004	508.0000	503.5461	1.0285	10.4995	99.9546	38.9692	0.8230	0.8223	5.0000	-9999.0000	-9999.0000	-9999.0000	-9999.0000	-9999.0000	-9999.0000	17.4814	7	0	24.8536	1.0000	06	4	-9999.0000	51928	27955	-9999	2900	2802	-9999	288.2417	5	0.5693	0.5728	-0.0004	51.2132	1.1191	476.5149	383.9333	38.6806	470.2070	95.5093	471.5161	95.1852	476.0160	95.3009	479.9794	94.9306	
09/08/2017	03:39:47	019001	G523017289HLR	L523	S		438.7728	1.0311	3.2252	100.0431	39.4723	0.8230	0.8276	5.0000	17.5421	508.0539	94.9074	11.8510	24.5000	0.9300	0.9411	0.5728	-0.0004	508.0000	507.8595	1.0285	11.0365	99.9740	39.1206	0.8230	0.8223	5.0000	-9999.0000	-9999.0000	-9999.0000	-9999.0000	-9999.0000	-9999.0000	17.5918	8	0	25.5031	1.0000	06	4	-9999.0000	51929	27956	-9999	2901	2803	-9999	288.6832	5	0.5695	0.5728	-0.0004	50.0175	1.2133	482.4039	361.5040	37.0370	463.1053	95.5787	476.0857	95.0463	481.8829	95.1157	485.8113	94.9537	
09/08/2017	03:40:17	019001	G523017527HLR	L523	S		446.6906	1.0311	2.8313	99.9595	39.5000	0.8230	0.8276	5.0000	17.5822	508.0583	94.9769	8.9913	24.6000	0.9300	0.9412	0.5728	-0.0004	508.0000	507.9878	1.0285	11.0524	100.0047	39.1304	0.8230	0.8218	5.0000	-9999.0000	-9999.0000	-9999.0000	-9999.0000	-9999.0000	-9999.0000	17.5324	1	0	29.5436	1.0000	06	4	-9999.0000	51930	27957	-9999	2902	2804	-9999	289.2513	5	0.5695	0.5728	-0.0004	50.0175	1.2133	490.2533	384.0473	39.2593	474.3636	95.4398	484.6620	94.7685	489.6742	94.8611	494.6303	94.9306	
09/08/2017	03:41:07	019001	G523017486HLR	L523	S		443.4783	1.0311	2.9911	99.9083	39.3500	0.8230	0.8275	5.0000	17.4416	508.0300	94.9769	10.1311	24.7000	0.9300	0.9413	0.5728	-0.0004	508.0000	507.6303	1.0285	11.0079	99.9646	38.8993	0.8230	0.8211	5.0000	-9999.0000	-9999.0000	-9999.0000	-9999.0000	-9999.0000	-9999.0000	17.7218	3	0	24.8221	1.0000	06	4	-9999.0000	51932	27958	-9999	2904	2805	-9999	289.0065	5	0.5692	0.5728	-0.0004	50.4947	1.1881	488.8825	382.7807	39.2824	473.1780	95.5093	484.3320	95.0463	488.2221	95.0694	492.9107	94.9769	
09/08/2017	03:41:32	019001	G523017502HLR	L523	S		445.2387	1.0311	2.9035	99.9886	39.4102	0.8230	0.8278	5.0000	18.0616	508.0517	94.9537	9.7414	24.6000	0.9300	0.9413	0.5728	-0.0004	508.0000	505.4846	1.0285	10.7408	99.9367	38.9349	0.8230	0.8220	5.0000	-9999.0000	-9999.0000	-9999.0000	-9999.0000	-9999.0000	-9999.0000	17.5917	4	0	25.5236	1.0000	06	4	-9999.0000	51933	27959	-9999	2905	2806	-9999	289.1039	5	0.5691	0.5728	-0.0004	50.4874	1.1860	489.3280	369.5286	39.3056	469.1777	95.4398	483.2302	95.0926	488.8180	95.2083	492.3463	94.9306	
09/08/2017	03:41:57	019001	G523017317HLR	L523	S		429.0550	1.0311	3.7087	99.9449	39.5085	0.8230	0.8280	5.0000	17.3126	508.0514	94.9537	18.1418	24.5000	0.9300	0.9412	0.5728	-0.0004	508.0000	505.3513	1.0285	10.7242	99.9715	39.0805	0.8230	0.8220	5.0000	-9999.0000	-9999.0000	-9999.0000	-9999.0000	-9999.0000	-9999.0000	19.0520	5	0	24.8829	1.0000	06	4	-9999.0000	51934	27960	-9999	2906	2807	-9999	287.4306	5	0.5690	0.5728	-0.0004	50.6250	1.1780	463.9428	391.7608	37.2917	453.9687	95.7870	458.8317	95.1620	463.2721	95.3009	467.3506	94.9306	
09/08/2017	03:42:23	019001	G523017495HLR	L523	S		446.2634	1.0311	2.8526	99.9353	39.5639	0.8230	0.8277	5.0000	17.6017	508.0530	94.9769	9.3605	24.5000	0.9300	0.9409	0.5728	-0.0004	508.0000	508.0397	1.0285	11.0589	99.9628	39.1275	0.8230	0.8218	5.0000	-9999.0000	-9999.0000	-9999.0000	-9999.0000	-9999.0000	-9999.0000	18.4924	6	0	25.5431	1.0000	06	4	-9999.0000	51935	27960	-9999	2907	2808	-9999	289.1771	5	0.5690	0.5728	-0.0004	50.6250	1.1780	490.3586	387.3197	37.8704	468.6195	95.1852	484.7676	94.7917	489.6917	94.8148	493.5839	94.9769	
09/08/2017	03:42:49	019001	G523017506HLR	L523	S		438.8497	1.0311	3.2214	100.0214	39.5417	0.8230	0.8275	5.0000	17.0820	508.0660	94.9306	11.2914	24.5000	0.9300	0.9410	0.5728	-0.0004	508.0000	509.9956	1.0285	11.3024	99.9130	39.1000	0.8230	0.8216	5.0000	-9999.0000	-9999.0000	-9999.0000	-9999.0000	-9999.0000	-9999.0000	18.2922	7	0	25.9025	1.0000	06	4	-9999.0000	51936	27961	-9999	2908	2809	-9999	288.8030	5	0.5688	0.5728	-0.0004	52.4308	1.0186	483.5835	374.6667	38.1713	467.0522	95.6019	477.8213	94.8380	482.9816	94.9306	486.7468	94.9537	
09/08/2017	03:43:18	019001	G523017483HLR	L523	S		447.5960	1.0311	2.7863	99.9814	39.4016	0.8230	0.8273	5.0000	17.5117	508.0734	94.9537	9.4513	24.6000	0.9300	0.9411	0.5728	-0.0004	508.0000	508.8534	1.0285	11.1602	99.9511	39.0751	0.8230	0.8216	5.0000	-9999.0000	-9999.0000	-9999.0000	-9999.0000	-9999.0000	-9999.0000	17.5918	8	0	28.9040	1.0000	06	4	-9999.0000	51937	27962	-9999	2909	2810	-9999	289.1895	5	0.5696	0.5728	-0.0004	50.8063	1.1596	491.0335	365.6869	37.4074	469.0424	95.4630	485.3184	94.9769	490.5348	95.0926	494.6071	95.0000	
09/08/2017	03:43:43	019001	G523017548HLR	L523	S		434.5303	1.0311	3.4363	99.9920	39.4000	0.8230	0.8276	5.0000	17.7413	508.0693	94.9306	11.5112	24.6000	0.9300	0.9410	0.5687	0.0001	508.0000	510.0697	1.0285	11.3116	99.9479	39.0667	0.8230	0.8216	5.0000	-9999.0000	-9999.0000	-9999.0000	-9999.0000	-9999.0000	-9999.0000	17.6114	1	0	24.9130	1.0000	06	4	-9999.0000	51938	27963	-9999	2910	2811	-9999	289.2945	5	0.5696	0.5687	0.0001	47.5991	1.5020	485.4101	393.8854	39.4444	472.9389	95.2315	480.9228	94.6296	485.0090	94.7454	488.0534	94.9306	
09/08/2017	03:44:08	019001	G523017496HLR	L523	S		444.7769	1.0311	2.9265	100.0545	39.4803	0.8230	0.8278	5.0000	17.3820	508.0502	94.9306	10.5413	24.6000	0.9300	0.9410	0.5688	0.0001	508.0000	508.0211	1.0285	11.0566	99.9658	39.0461	0.8230	0.8216	5.0000	-9999.0000	-9999.0000	-9999.0000	-9999.0000	-9999.0000	-9999.0000	17.6213	2	0	25.5929	1.0000	06	4	-9999.0000	51939	27964	-9999	2911	2812	-9999	289.3531	5	0.5697	0.5688	0.0001	47.7261	1.4988	490.3361	392.9983	39.4907	475.6721	95.2083	484.2491	95.1852	489.8449	95.2315	492.7058	94.9074	
09/08/2017	03:44:33	019001	G523017550HLR	L523	S		438.2192	1.0311	3.2528	99.9732	39.5316	0.8230	0.8278	5.0000	17.2121	508.0532	94.9306	14.4617	24.5000	0.9300	0.9410	0.5688	0.0001	508.0000	505.7401	1.0285	10.7726	100.0102	39.0333	0.8230	0.8216	5.0000	-9999.0000	-9999.0000	-9999.0000	-9999.0000	-9999.0000	-9999.0000	18.6028	3	0	24.9533	1.0000	06	4	-9999.0000	51940	27965	-9999	2912	2813	-9999	289.3957	5	0.5694	0.5688	0.0001	48.5806	1.4704	478.7576	374.6816	38.9120	462.5821	95.4398	473.4626	95.0463	478.2167	95.1620	481.8015	94.9306	
09/08/2017	03:44:59	019001	G523017559HLR	L523	S		441.5341	1.0311	3.0879	99.9462	39.5357	0.8230	0.8276	5.0000	17.2216	508.0595	94.8843	13.0015	24.5000	0.9300	0.9410	0.5693	-0.0000	508.0000	508.8866	1.0285	11.1643	100.0293	39.0827	0.8230	0.8218	5.0000	-9999.0000	-9999.0000	-9999.0000	-9999.0000	-9999.0000	-9999.0000	17.5118	4	0	25.5334	1.0000	06	4	-9999.0000	51941	27966	-9999	2913	2814	-9999	289.0498	5	0.5692	0.5693	-0.0000	46.3763	1.6343	483.3053	395.3672	38.8657	464.7138	95.1157	477.6324	95.0000	482.6840	95.0694	485.9692	94.9769	
09/08/2017	03:45:23	019001	G523017577HLR	L523	S		438.9813	1.0311	3.2149	99.9369	39.4936	0.8230	0.8275	5.0000	17.2715	508.0584	94.9306	11.2719	24.5000	0.9300	0.9409	0.5692	-0.0000	508.0000	510.0227	1.0285	11.3057	99.9218	39.1000	0.8230	0.8217	5.0000	-9999.0000	-9999.0000	-9999.0000	-9999.0000	-9999.0000	-9999.0000	17.6124	5	0	24.7930	1.0000	06	4	-9999.0000	51942	27967	-9999	2914	2815	-9999	289.0541	5	0.5691	0.5692	-0.0000	46.9414	1.6423	485.1719	380.4179	36.3426	464.7115	95.6944	480.2692	94.8380	484.7031	94.9306	488.7536	94.9537	
09/08/2017	03:45:49	019001	G523017574HLR	L523	S		448.4197	1.0311	2.7453	99.9938	39.4500	0.8230	0.8274	5.0000	18.1115	508.0534	94.9537	9.4005	24.6000	0.9300	0.9410	0.5701	-0.0001	508.0000	508.6102	1.0285	11.1299	100.0472	39.0946	0.8230	0.8216	5.0000	-9999.0000	-9999.0000	-9999.0000	-9999.0000	-9999.0000	-9999.0000	17.6915	6	0	25.5627	1.0000	06	4	-9999.0000	51943	27968	-9999	2915	2816	-9999	289.1269	5	0.5688	0.5701	-0.0001	20.7620	4.3070	492.8053	393.8245	39.4213	477.2355	95.0926	487.3642	95.0000	492.2412	95.0694	495.6654	95.0000	
09/08/2017	03:46:14	019001	G523017881HLR	L523	S		430.7410	1.0311	3.6248	99.9582	39.4217	0.8230	0.8277	5.0000	17.2519	508.0330	94.9074	13.1412	24.5000	0.9300	0.9410	0.5695	-0.0000	508.0000	511.3875	1.0285	11.4756	100.0124	39.0667	0.8230	0.8216	5.0000	-9999.0000	-9999.0000	-9999.0000	-9999.0000	-9999.0000	-9999.0000	17.6017	7	0	24.8230	1.0000	06	4	-9999.0000	51944	27969	-9999	2916	2817	-9999	289.0422	5	0.5692	0.5695	-0.0000	46.6304	1.5853	480.3545	396.9241	39.7917	463.7538	95.1157	474.9553	95.0231	479.7872	95.1389	483.5117	94.9537	
09/08/2017	03:46:39	019001	G523017533HLR	L523	S		443.5847	1.0311	2.9858	99.9493	39.5000	0.8230	0.8278	5.0000	17.3312	508.0414	94.9074	11.8715	24.5000	0.9300	0.9410	0.5691	-0.0000	508.0000	508.0336	1.0285	11.0581	100.0044	39.0741	0.8230	0.8217	5.0000	-9999.0000	-9999.0000	-9999.0000	-9999.0000	-9999.0000	-9999.0000	17.6622	8	0	25.5530	1.0000	06	4	-9999.0000	51945	27970	-9999	2917	2818	-9999	289.0512	5	0.5691	0.5691	-0.0000	46.3183	1.6086	484.2567	371.8965	37.6852	468.7393	95.3472	479.3468	95.0000	483.5804	95.0694	487.8448	94.9537	
09/08/2017	03:47:04	019001	G523017546HLR	L523	S		444.6519	1.0311	2.9327	99.9820	39.5175	0.8230	0.8278	5.0000	17.1027	508.0246	94.9537	10.4114	24.5000	0.9300	0.9409	0.5683	0.0000	508.0000	508.4583	1.0285	11.1110	99.9811	39.0698	0.8230	0.8215	5.0000	-9999.0000	-9999.0000	-9999.0000	-9999.0000	-9999.0000	-9999.0000	18.4816	1	0	24.8623	1.0000	06	4	-9999.0000	51946	27971	-9999	2918	2819	-9999	288.9047	5	0.5688	0.5683	0.0000	46.5099	1.6161	490.3251	372.8914	38.6343	472.1648	95.2546	484.6643	94.7454	489.7922	94.8611	493.0683	94.9537	
09/08/2017	03:47:32	019001	G523017544HLR	L523	S		444.7357	1.0311	2.9286	100.0598	39.5000	0.8230	0.8273	5.0000	18.7327	508.0696	94.9074	11.3910	24.5000	0.9300	0.9410	0.5683	0.0000	508.0000	505.7450	1.0285	10.7732	100.0128	39.0898	0.8230	0.8217	5.0000	-9999.0000	-9999.0000	-9999.0000	-9999.0000	-9999.0000	-9999.0000	17.6428	2	0	28.1536	1.0000	06	4	-9999.0000	51947	27972	-9999	2919	2820	-9999	288.9642	5	0.5685	0.5683	0.0000	45.6424	1.6491	485.8986	368.0623	37.7778	469.6276	95.4861	483.0272	94.5833	485.6294	94.7454	489.3281	94.9306	
09/08/2017	03:47:58	019001	G523017542HLR	L523	S		439.6157	1.0311	3.1833	99.9202	39.4500	0.8230	0.8275	5.0000	17.4718	508.0952	94.9306	11.0111	24.5000	0.9300	0.9410	0.5751	-0.0007	508.0000	509.2369	1.0285	11.2079	99.9872	39.0916	0.8230	0.8216	5.0000	-9999.0000	-9999.0000	-9999.0000	-9999.0000	-9999.0000	-9999.0000	17.6317	3	0	25.3137	1.0000	06	4	-9999.0000	51948	27973	-9999	2920	2821	-9999	288.4616	5	0.5682	0.5751	-0.0007	39.7783	2.4734	483.5656	385.5835	36.4815	465.8851	95.1157	477.3417	95.0694	482.8041	95.1389	486.4848	94.9769	
09/08/2017	03:48:23	019001	G523015663HLR	L523	S		442.9099	1.0311	3.0194	99.9953	39.4989	0.8230	0.8276	5.0000	17.8927	508.0389	94.9306	10.6820	24.5000	0.9300	0.9411	0.5716	-0.0003	508.0000	507.1309	1.0285	10.9458	99.9581	39.0667	0.8230	0.8216	5.0000	-9999.0000	-9999.0000	-9999.0000	-9999.0000	-9999.0000	-9999.0000	17.6319	4	0	25.5226	1.0000	06	3	-9999.0000	51949	27974	-9999	2921	2822	-9999	288.5862	5	0.5681	0.5716	-0.0003	42.9406	2.1511	487.3439	359.0495	37.5231	454.0443	95.4398	481.4176	94.9074	486.5210	95.0463	490.8383	94.9537	
09/08/2017	03:48:48	019001	G523015633HLR	L523	S		437.3074	1.0311	3.2981	100.0284	39.5000	0.8230	0.8277	5.0000	17.4716	508.0331	94.8843	12.9010	24.5000	0.9300	0.9410	0.5732	-0.0005	508.0000	502.8837	1.0285	10.4171	99.9933	39.0593	0.8230	0.8216	5.0000	-9999.0000	-9999.0000	-9999.0000	-9999.0000	-9999.0000	-9999.0000	17.6320	5	1	25.2227	1.0000	06	3	-9999.0000	51950	27975	-9999	2922	2823	-9999	288.1104	5	0.5683	0.5732	-0.0005	48.4350	1.4025	478.8048	381.4353	37.7083	462.3658	95.5093	473.8672	95.1157	478.3045	95.1389	482.1541	94.9537	
09/08/2017	03:49:14	019001	G523015643HLR	L523	S		436.6982	1.0311	3.3284	99.9552	39.5000	0.8230	0.8274	5.0000	18.4123	508.0461	94.9074	16.1015	24.5000	0.9300	0.9411	0.5675	0.0001	508.0000	506.2331	1.0285	10.8340	100.0279	39.0667	0.8230	0.8217	5.0000	-9999.0000	-9999.0000	-9999.0000	-9999.0000	-9999.0000	-9999.0000	17.6223	6	0	25.6329	1.0000	06	3	-9999.0000	51951	27976	-9999	2923	2824	-9999	289.0577	5	0.5685	0.5675	0.0001	50.9045	1.2235	475.4705	371.1247	37.9398	461.1457	95.3472	471.9752	94.6528	474.9426	94.7917	478.1912	94.9537	
09/08/2017	03:49:40	019001	G523015639HLR	L523	S		442.5428	1.0311	3.0377	99.9498	39.4853	0.8230	0.8275	5.0000	17.8722	508.0779	94.9306	11.2211	24.5000	0.9300	0.9409	0.5675	0.0001	508.0000	504.7401	1.0285	10.6481	100.0265	39.0943	0.8230	0.8216	5.0000	-9999.0000	-9999.0000	-9999.0000	-9999.0000	-9999.0000	-9999.0000	18.5521	7	0	25.9632	1.0000	06	3	-9999.0000	51952	27977	-9999	2924	2825	-9999	288.8822	5	0.5685	0.5675	0.0001	50.9045	1.2235	486.8374	388.8138	36.7824	469.2704	95.4167	481.8844	94.6759	486.4518	94.7685	489.8625	94.9306	
09/08/2017	03:50:07	019001	G523015619HLR	L523	S		442.2482	1.0311	3.0523	100.0020	39.5000	0.8230	0.8274	5.0000	18.3929	508.0459	94.9074	11.4809	24.5000	0.9300	0.9409	0.5675	0.0001	508.0000	508.2756	1.0285	11.0882	99.9643	39.0991	0.8230	0.8217	5.0000	-9999.0000	-9999.0000	-9999.0000	-9999.0000	-9999.0000	-9999.0000	17.6115	8	0	27.3137	1.0000	06	3	-9999.0000	51953	27978	-9999	2925	2826	-9999	288.8654	5	0.5685	0.5675	0.0001	48.9721	1.4572	486.6341	373.2568	37.9398	463.4485	95.4630	481.7904	94.8148	486.1444	94.9537	489.8116	94.9769	
09/08/2017	03:50:32	019001	G523015648HLR	L523	S		436.9782	1.0311	3.3145	99.9751	39.4771	0.8230	0.8277	5.0000	17.2822	508.0679	94.9537	13.8210	24.5000	0.9300	0.9410	0.5695	-0.0001	508.0000	508.2790	1.0285	11.0887	99.9945	39.0990	0.8230	0.8216	5.0000	-9999.0000	-9999.0000	-9999.0000	-9999.0000	-9999.0000	-9999.0000	17.6719	1	0	24.9328	1.0000	06	3	-9999.0000	51954	27979	-9999	2926	2827	-9999	288.6442	5	0.5685	0.5695	-0.0001	49.4001	1.3865	478.6058	367.3958	35.6944	464.6303	95.8796	475.0613	94.9306	478.0950	95.0463	481.9897	94.9769	
09/08/2017	03:50:58	019001	G523015630HLR	L523	S		436.9987	1.0311	3.3135	100.0670	39.5000	0.8230	0.8277	5.0000	17.1622	508.0484	94.9306	13.6012	24.5000	0.9300	0.9409	0.5695	-0.0001	508.0000	507.3163	1.0285	10.9688	99.9725	39.0667	0.8230	0.8216	5.0000	-9999.0000	-9999.0000	-9999.0000	-9999.0000	-9999.0000	-9999.0000	17.6523	2	0	25.8331	1.0000	06	3	-9999.0000	51955	27980	-9999	2927	2828	-9999	288.6315	5	0.5688	0.5695	-0.0001	52.4132	1.0771	479.5865	369.0540	35.9259	461.1501	95.7176	474.8506	94.6991	479.1229	94.7917	483.1427	94.9306	
09/08/2017	03:51:24	019001	G523015640HLR	L523	S		437.9891	1.0311	3.2642	99.9773	39.5000	0.8230	0.8277	5.0000	17.2120	508.0312	94.8843	13.5710	24.5000	0.9300	0.9409	0.5695	-0.0001	508.0000	506.3945	1.0285	10.8541	99.9240	39.0667	0.8230	0.8217	5.0000	-9999.0000	-9999.0000	-9999.0000	-9999.0000	-9999.0000	-9999.0000	17.6818	3	0	26.0431	1.0000	06	3	-9999.0000	51956	27981	-9999	2928	2829	-9999	288.6164	5	0.5693	0.5695	-0.0001	49.8812	1.2162	478.3793	369.8136	37.5463	463.3018	95.4398	473.8220	94.6296	477.5861	94.7222	482.0500	94.9537	
09/08/2017	03:52:01	019001	G523015641HLR	L523	S		437.2457	1.0311	3.3012	100.0746	39.4888	0.8230	0.8275	5.0000	17.6919	508.0622	94.9074	15.2518	24.5000	0.9300	0.9410	0.5695	-0.0001	508.0000	508.6896	1.0285	11.1398	100.0103	39.0889	0.8230	0.8217	5.0000	-9999.0000	-9999.0000	-9999.0000	-9999.0000	-9999.0000	-9999.0000	17.5919	4	0	36.6041	1.0000	06	3	-9999.0000	51957	27982	-9999	2929	2829	-9999	288.5593	5	0.5693	0.5695	-0.0001	51.9964	1.0696	474.3135	368.7170	36.1111	453.2955	95.7639	469.2736	94.7917	473.5998	94.8380	477.5523	94.9769	
09/08/2017	03:52:27	019001	G523015621HLR	L523	S		442.9115	1.0311	3.0193	99.9950	39.4792	0.8230	0.8277	5.0000	17.1222	508.0616	94.9306	12.4117	24.5000	0.9300	0.9409	0.5695	-0.0001	508.0000	509.7381	1.0285	11.2703	99.9951	39.0956	0.8230	0.8217	5.0000	-9999.0000	-9999.0000	-9999.0000	-9999.0000	-9999.0000	-9999.0000	17.6526	5	0	26.0538	1.0000	06	3	-9999.0000	51958	27983	-9999	2930	2830	-9999	288.7157	5	0.5695	0.5695	-0.0001	50.9643	1.2023	483.2205	371.3570	37.5694	464.5740	95.5093	479.5632	94.5602	482.3527	94.6759	486.9714	94.9537	
09/08/2017	03:52:54	019001	G523015638HLR	L523	S		436.0007	1.0311	3.3632	100.0131	39.5000	0.8230	0.8277	5.0000	17.0518	508.0691	94.9306	13.7321	24.5000	0.9300	0.9409	0.5695	-0.0001	508.0000	507.8473	1.0285	11.0349	99.9631	39.0333	0.8230	0.8214	5.0000	-9999.0000	-9999.0000	-9999.0000	-9999.0000	-9999.0000	-9999.0000	17.6925	6	0	26.7825	1.0000	06	3	-9999.0000	51959	27984	-9999	2930	2830	-9999	288.6497	5	0.5695	0.5695	-0.0001	50.2823	1.3163	478.1007	372.4895	38.6574	462.5074	95.6019	473.5803	94.8148	477.4851	94.9306	482.0431	95.0000	
09/08/2017	03:53:36	019001	G523015127HLR	L523	S		419.9176	1.0311	4.1633	100.0202	39.4500	0.8230	0.8277	5.0000	17.2813	508.0731	94.9074	14.6424	24.5000	0.9300	0.9409	0.5695	-0.0001	508.0000	508.2147	1.0285	11.0807	99.9534	39.0052	0.8230	0.8217	5.0000	-9999.0000	-9999.0000	-9999.0000	-9999.0000	-9999.0000	-9999.0000	17.6718	7	0	42.4153	1.0000	06	3	-9999.0000	51960	27985	-9999	2931	2831	-9999	288.6041	5	0.5697	0.5695	-0.0001	50.4175	1.3095	478.4963	386.3956	37.3843	461.2267	95.6481	472.9952	95.1620	477.9714	95.2546	481.2829	94.9769	
09/08/2017	03:54:02	019001	G523014303HLR	L523	S		419.5881	1.0311	4.1797	100.0172	39.4904	0.8230	0.8278	5.0000	17.1211	508.0594	95.0463	24.5029	24.4000	0.9300	0.9410	0.5700	-0.0001	508.0000	510.3721	1.0285	11.3492	99.9956	39.0667	0.8230	0.8219	5.0000	-9999.0000	-9999.0000	-9999.0000	-9999.0000	-9999.0000	-9999.0000	17.6014	8	0	25.6836	1.0000	06	3	-9999.0000	51961	27986	-9999	2932	2832	-9999	289.7008	5	0.5693	0.5700	-0.0001	47.8781	1.5160	454.3788	365.1667	35.9722	441.0324	96.1574	449.5647	95.0000	453.9065	95.1157	457.2654	95.0231	
09/08/2017	03:54:27	019001	G523015670HLR	L523	S		438.6552	1.0311	3.2311	99.9756	39.5000	0.8230	0.8277	5.0000	17.1319	508.0631	94.9074	14.6609	24.4000	0.9300	0.9407	0.5700	-0.0001	508.0000	509.2059	1.0285	11.2041	100.0167	39.0000	0.8230	0.8213	5.0000	-9999.0000	-9999.0000	-9999.0000	-9999.0000	-9999.0000	-9999.0000	17.7922	1	0	25.8029	1.0000	06	3	-9999.0000	51962	27987	-9999	2933	2833	-9999	289.2023	5	0.5693	0.5700	-0.0001	47.8781	1.5160	477.3718	381.6416	37.1991	459.0696	95.5787	471.7908	95.1389	476.7528	95.0463	479.7039	94.9769	
09/08/2017	03:54:55	019001	G523015703HLR	L523	S		435.4661	1.0311	3.3897	100.0738	39.5000	0.8230	0.8274	5.0000	17.4718	508.0367	94.9074	14.7117	24.4000	0.9300	0.9408	0.5710	-0.0001	508.0000	506.5992	1.0285	10.8796	99.9518	38.9989	0.8230	0.8218	5.0000	-9999.0000	-9999.0000	-9999.0000	-9999.0000	-9999.0000	-9999.0000	17.6915	2	0	27.2232	1.0000	06	3	-9999.0000	51962	27988	-9999	2934	2834	-9999	289.0824	5	0.5692	0.5710	-0.0001	47.2181	1.5868	476.0730	366.2156	37.2917	458.0499	95.5556	470.5370	95.0000	475.6141	95.0694	479.1288	94.9769	
09/08/2017	03:55:21	019001	G523015687HLR	L523	S		437.8274	1.0311	3.2723	100.0139	39.4000	0.8230	0.8276	5.0000	17.1220	456.1862	95.0000	31.0037	24.4000	0.9300	0.9407	0.5688	-0.0001	508.0000	507.7369	1.0285	11.0212	100.0058	39.0775	0.8230	0.8220	5.0000	-9999.0000	-9999.0000	-9999.0000	-9999.0000	-9999.0000	-9999.0000	17.6125	3	0	25.9434	1.0000	06	3	-9999.0000	51963	27989	-9999	2935	2835	-9999	259.9097	5	0.5685	0.5688	-0.0001	42.7214	1.9695	291.0397	370.6106	38.6111	328.5477	98.7269	282.7238	96.6204	288.0304	96.3889	292.2221	94.5370	
09/08/2017	03:55:47	019001	G523015706HLR	L523	S		439.5260	1.0311	3.1878	100.0510	39.4500	0.8230	0.8277	5.0000	17.7022	508.0277	94.9306	13.5514	24.4000	0.9300	0.9407	0.5688	-0.0001	508.0000	505.1059	1.0285	10.6937	100.0568	39.1000	0.8230	0.8218	5.0000	-9999.0000	-9999.0000	-9999.0000	-9999.0000	-9999.0000	-9999.0000	17.6613	4	0	26.7532	1.0000	06	3	-9999.0000	51964	27990	-9999	2936	2836	-9999	288.6585	5	0.5685	0.5688	-0.0001	42.7214	1.9695	475.6204	362.0980	37.7083	459.7951	94.1898	471.8328	93.5648	475.3356	93.4722	480.5539	95.3935	
09/08/2017	03:56:12	019001	G523015696HLR	L523	S		439.5713	1.0311	3.1855	100.0025	39.5464	0.8230	0.8276	5.0000	17.2119	508.0369	94.9306	14.4216	24.5000	0.9300	0.9410	0.5689	-0.0001	508.0000	508.3786	1.0285	11.1011	99.9051	39.0847	0.8230	0.8216	5.0000	-9999.0000	-9999.0000	-9999.0000	-9999.0000	-9999.0000	-9999.0000	17.7120	5	0	24.8719	1.0000	06	3	-9999.0000	51965	27991	-9999	2937	2837	-9999	288.6359	5	0.5681	0.5689	-0.0001	43.7711	1.9065	476.6117	372.1949	37.4537	458.4569	94.6065	472.1469	93.8889	475.8418	93.9120	479.5122	95.0463	
09/08/2017	03:56:41	019001	G523015695HLR	L523	S		438.7176	1.0311	3.2280	99.9478	39.4000	0.8230	0.8275	5.0000	17.2022	508.0567	94.9074	15.1717	24.5000	0.9300	0.9410	0.5690	-0.0001	508.0000	507.7392	1.0285	11.0215	99.9991	39.0667	0.8230	0.8216	5.0000	-9999.0000	-9999.0000	-9999.0000	-9999.0000	-9999.0000	-9999.0000	17.6124	6	0	28.4136	1.0000	06	3	-9999.0000	51966	27992	-9999	2938	2838	-9999	288.6929	5	0.5683	0.5690	-0.0001	43.3653	1.9245	474.6962	361.7635	38.0093	460.9431	94.8148	471.0554	94.0972	474.3507	94.1667	478.2117	94.9769	
09/08/2017	03:57:09	019001	G523015932HLR	L523	S		437.0482	1.0311	3.3110	99.9871	39.4000	0.8230	0.8278	5.0000	17.2422	508.0361	94.9074	14.5623	24.5000	0.9300	0.9410	0.5692	-0.0001	508.0000	505.7884	1.0285	10.7786	99.9778	39.0667	0.8230	0.8217	5.0000	-9999.0000	-9999.0000	-9999.0000	-9999.0000	-9999.0000	-9999.0000	17.7022	7	0	28.1939	1.0000	06	3	-9999.0000	51967	27993	-9999	2939	2839	-9999	288.7636	5	0.5625	0.5692	-0.0001	42.5835	1.9580	475.5771	368.5253	36.5509	455.9495	95.1389	470.6323	94.4213	475.1194	94.5602	479.3390	94.8611	
09/08/2017	03:57:36	019001	G523015952HLR	L523	S		436.6328	1.0311	3.3317	100.0080	39.5000	0.8230	0.8278	5.0000	17.6613	508.0299	94.9074	14.7010	24.5000	0.9300	0.9410	0.5700	-0.0001	508.0000	509.0885	1.0285	11.1894	99.9757	39.0972	0.8230	0.8216	5.0000	-9999.0000	-9999.0000	-9999.0000	-9999.0000	-9999.0000	-9999.0000	17.6720	8	0	27.3431	1.0000	06	3	-9999.0000	51968	27994	-9999	2940	2840	-9999	288.8944	5	0.5627	0.5700	-0.0001	41.0884	2.0230	475.1578	366.1597	38.0324	459.9729	95.0463	471.2091	94.3056	474.5699	94.3981	478.8285	94.9074	
09/08/2017	03:58:29	019001	G523015941HLR	L523	S		438.6834	1.0311	3.2297	99.9253	39.5266	0.8230	0.8275	5.0000	17.8917	508.0511	94.9074	14.3718	24.7000	0.9300	0.9412	0.5684	-0.0000	508.0000	504.7495	1.0285	10.6493	99.9982	38.9227	0.8230	0.8212	5.0000	-9999.0000	-9999.0000	-9999.0000	-9999.0000	-9999.0000	-9999.0000	17.7413	2	0	27.1039	1.0000	06	3	-9999.0000	51970	27995	-9999	2942	2841	-9999	288.6442	5	0.5626	0.5684	-0.0000	40.4322	2.0385	476.6077	360.2416	35.9028	459.7089	95.6713	472.1647	94.5139	476.2384	94.5602	479.8397	94.8843	
09/08/2017	03:58:56	019001	G523014302HLR	L523	S		426.4302	1.0311	3.8393	100.0586	39.4500	0.8230	0.8276	5.0000	17.1224	508.0371	94.9306	16.7921	24.6000	0.9300	0.9412	0.5959	-0.0018	508.0000	506.1008	1.0285	10.8175	100.0128	38.9629	0.8230	0.8220	5.0000	-9999.0000	-9999.0000	-9999.0000	-9999.0000	-9999.0000	-9999.0000	17.5616	3	0	27.5530	1.0000	06	3	-9999.0000	51971	27996	-9999	2943	2842	-9999	288.9137	5	0.5630	0.5959	-0.0018	38.1022	2.1549	469.2929	361.7614	36.7130	448.0912	95.4398	464.6969	94.5833	468.7570	94.6991	472.4107	94.9074	
09/08/2017	03:59:22	019001	G523016098HLR	L523	S		436.2126	1.0311	3.3526	100.1156	39.5000	0.8230	0.8277	5.0000	17.1612	508.0962	94.9306	15.3222	24.6000	0.9300	0.9411	0.5959	-0.0018	508.0000	504.7494	1.0285	10.6493	99.9964	39.1000	0.8230	0.8221	5.0000	-9999.0000	-9999.0000	-9999.0000	-9999.0000	-9999.0000	-9999.0000	17.6924	4	0	25.8431	1.0000	06	3	-9999.0000	51972	27997	-9999	2944	2843	-9999	288.4539	5	0.5630	0.5959	-0.0018	38.1022	2.1549	458.8288	350.7392	37.7546	437.7179	95.3241	453.8466	94.6065	458.3956	94.6065	463.0319	94.9306	
09/08/2017	03:59:48	019001	G523015936HLR	L523	S		438.0091	1.0311	3.2632	99.9582	39.5000	0.8230	0.8277	5.0000	17.3222	508.0726	94.9306	13.9919	24.6000	0.9300	0.9410	0.5959	-0.0018	508.0000	509.4028	1.0285	11.2286	100.0695	39.1000	0.8230	0.8217	5.0000	-9999.0000	-9999.0000	-9999.0000	-9999.0000	-9999.0000	-9999.0000	17.6123	5	0	26.2932	1.0000	06	3	-9999.0000	51973	27998	-9999	2945	2844	-9999	289.6901	5	0.5630	0.5959	-0.0018	38.1022	2.1549	463.8018	356.0840	36.2500	442.4654	95.6481	457.8038	94.6991	463.1495	94.7917	468.4482	94.9306	
09/08/2017	04:00:19	019001	G523015947HLR	L523	S		436.7500	1.0311	3.3259	99.9612	39.4550	0.8230	0.8277	5.0000	17.2120	508.0680	94.9074	15.0721	24.6000	0.9300	0.9410	0.5984	-0.0020	508.0000	507.5399	1.0285	10.9967	100.0237	39.0667	0.8230	0.8216	5.0000	-9999.0000	-9999.0000	-9999.0000	-9999.0000	-9999.0000	-9999.0000	17.6515	6	0	30.6336	1.0000	06	3	-9999.0000	51974	27999	-9999	2946	2845	-9999	288.8483	5	0.5633	0.5984	-0.0020	37.1587	2.1946	458.8728	368.2606	38.6111	441.8893	95.2083	452.5310	94.7685	458.0605	94.8843	463.7048	95.0000	
09/08/2017	04:00:46	019001	G523015939HLR	L523	S		434.0992	1.0311	3.4578	99.9294	39.4500	0.8230	0.8277	5.0000	17.3820	508.0607	94.9074	16.1220	24.6000	0.9300	0.9411	0.5705	-0.0000	508.0000	509.7894	1.0285	11.2767	100.0485	39.0651	0.8230	0.8217	5.0000	-9999.0000	-9999.0000	-9999.0000	-9999.0000	-9999.0000	-9999.0000	17.7521	7	0	26.5734	1.0000	06	3	-9999.0000	51975	28000	-9999	2947	2846	-9999	289.4415	5	0.5639	0.5705	-0.0000	9.1322	4.1045	471.8367	385.6496	37.8009	456.8242	95.6019	468.0885	94.7685	471.3099	94.7917	475.5268	94.9306	
09/08/2017	04:01:13	019001	G523015920HLR	L523	S		439.9391	1.0311	3.1672	99.9693	39.5000	0.8230	0.8277	5.0000	17.6720	508.0471	94.9537	13.8015	24.6000	0.9300	0.9410	0.5705	-0.0000	508.0000	506.4560	1.0285	10.8617	99.9892	39.0525	0.8230	0.8215	5.0000	-9999.0000	-9999.0000	-9999.0000	-9999.0000	-9999.0000	-9999.0000	17.7619	8	0	27.3832	1.0000	06	3	-9999.0000	51976	28001	-9999	2948	2847	-9999	289.7663	5	0.5639	0.5705	-0.0000	9.1322	4.1045	479.6819	364.4625	37.8241	463.5352	95.3472	475.5068	94.6528	479.0582	94.6991	482.9799	94.9074	
09/08/2017	04:01:39	019001	G523015921HLR	L523	S		438.9003	1.0311	3.2189	100.0568	39.5000	0.8230	0.8277	5.0000	17.3324	508.0317	94.9074	14.9217	24.7000	0.9300	0.9411	0.5705	-0.0000	508.0000	506.1815	1.0285	10.8276	100.0126	39.0333	0.8230	0.8217	5.0000	-9999.0000	-9999.0000	-9999.0000	-9999.0000	-9999.0000	-9999.0000	17.6124	1	0	25.5928	1.0000	06	3	-9999.0000	51977	28002	-9999	2949	2848	-9999	289.7386	5	0.5637	0.5705	-0.0000	67.9841	0.1014	476.7862	365.9297	35.4398	460.2011	96.0417	472.5234	94.8611	476.4806	94.9537	480.2061	95.0231	
09/08/2017	04:02:06	019001	G523015956HLR	L523	S		431.3483	1.0311	3.5946	99.9563	39.4968	0.8230	0.8276	5.0000	17.4621	508.0488	94.9769	18.6028	24.7000	0.9300	0.9411	0.5705	-0.0000	508.0000	507.4275	1.0285	10.9827	100.0111	39.0667	0.8230	0.8218	5.0000	-9999.0000	-9999.0000	-9999.0000	-9999.0000	-9999.0000	-9999.0000	17.6914	2	0	27.0737	1.0000	06	3	-9999.0000	51978	28003	-9999	2950	2849	-9999	289.7321	5	0.5694	0.5705	-0.0000	15.3895	3.7016	466.0080	369.1702	38.0093	449.6203	95.6019	462.4467	94.7685	465.5805	94.8380	469.0539	95.0000	
09/08/2017	04:02:32	019001	G523015923HLR	L523	S		433.3129	1.0311	3.4969	100.0189	39.4779	0.8230	0.8276	5.0000	17.7424	508.0340	94.9074	15.1415	24.7000	0.9300	0.9411	0.5705	-0.0000	508.0000	509.3886	1.0285	11.2268	99.9495	39.0667	0.8230	0.8217	5.0000	-9999.0000	-9999.0000	-9999.0000	-9999.0000	-9999.0000	-9999.0000	17.6925	3	0	26.6924	1.0000	06	3	-9999.0000	51979	28004	-9999	2951	2850	-9999	289.7457	5	0.5694	0.5705	-0.0000	15.3895	3.7016	473.8562	366.6270	36.3889	452.4402	95.9259	469.5396	94.8611	473.4197	94.8148	477.2262	94.9769	
09/08/2017	04:02:58	019001	G523015945HLR	L523	S		436.7355	1.0311	3.3266	100.0250	39.5000	0.8230	0.8277	5.0000	17.3419	508.0796	94.9074	15.3017	24.7000	0.9300	0.9411	0.5755	-0.0004	508.0000	510.2272	1.0285	11.3312	99.9501	39.0773	0.8230	0.8217	5.0000	-9999.0000	-9999.0000	-9999.0000	-9999.0000	-9999.0000	-9999.0000	17.6524	4	0	25.5431	1.0000	06	3	-9999.0000	51980	28005	-9999	2952	2851	-9999	289.5112	5	0.5698	0.5755	-0.0004	15.4769	3.6961	471.5716	369.4726	35.9722	454.3889	96.0417	467.4534	94.8380	470.9966	94.9074	475.0848	94.9769	
09/08/2017	04:03:23	019001	G523015926HLR	L523	S		438.7167	1.0311	3.2280	99.9512	39.4667	0.8230	0.8277	5.0000	17.4317	508.0270	94.9537	14.1912	24.7000	0.9300	0.9410	0.5757	-0.0004	508.0000	506.9605	1.0285	10.9245	99.9543	39.0667	0.8230	0.8217	5.0000	-9999.0000	-9999.0000	-9999.0000	-9999.0000	-9999.0000	-9999.0000	17.6622	5	0	24.8233	1.0000	06	3	-9999.0000	51981	28006	-9999	2953	2852	-9999	289.9256	5	0.5702	0.5757	-0.0004	14.1016	3.7843	475.5368	359.2966	35.5324	457.4684	96.0185	471.1665	94.7222	475.0389	94.8611	478.3167	94.9769	
09/08/2017	04:03:49	019001	G523015916HLR	L523	S		438.5161	1.0311	3.2380	99.9732	39.4969	0.8230	0.8273	5.0000	19.1418	508.0462	94.9306	15.0418	24.7000	0.9300	0.9411	0.5698	0.0000	508.0000	506.1084	1.0285	10.8185	99.9838	39.0667	0.8230	0.8218	5.0000	-9999.0000	-9999.0000	-9999.0000	-9999.0000	-9999.0000	-9999.0000	17.6221	6	0	26.1936	1.0000	06	3	-9999.0000	51982	28007	-9999	2954	2853	-9999	289.7690	5	0.5702	0.5698	0.0000	36.2536	2.2899	477.1670	367.7531	37.2917	460.7123	95.8333	473.2097	94.8843	476.6482	94.9769	480.6643	95.0231	
