Data	Timp	Nr. masina	Nr. de serie	Tip	Productie	Comentariu	Pre-masurare Q [ml/min]	Pre-masurare Gain	Pre-masurare Offset Master	Pre-masurare P [bar]	Pre-masurare T [°C]	Pre-masurare Densitate fixa [kg/l]	Pre-masurare densitate masurata [kg/l]	Pre-masurare Timp masurare [s]	Pre-masurare Cycle time [s]	rectificare Q Oprire [ml/min]	rectificare P Oprire [bar]	rectificare Timp rectificare [s]	rectificare T [°C]	rectificare Densitate fixa [kg/l]	rectificare densitate masurata [kg/l]	rectificare Factor de masurare la rectificare	rectificare Factor de corectie a debitului	rectificare Target rectificare	Masurare Q [ml/min]	Masurare Gain	Masurare Offset Master	Masurare P [bar]	Masurare T [°C]	Masurare Densitate fixa [kg/l]	Masurare densitate masurata [kg/l]	Masurare Timp masurare [s]	Masurare Q [ml/min]	Masurare Delta Q [ml/min]	Masurare P [bar]	Masurare BP [bar]	Masurare T [°C]	Masurare Timp masurare [s]	Masurare Cycle time [s]	Nest Nr.	Cod de descarcare	Cycle time [s]	Traceability aktiv	EDM Maschine Nr	EDM Spindle Nr	Honing Rate [r	Station Counter Premeasure	Station Counter Grind	Station Counter Blowout 1	Station Counter Wash	Station Counter Measure	Station Counter Blowout 2	RealGrindQStop	Reg Type	Factor 0	Factor 1	Factor 2	Factor 3	Factor 4	G_StartQV	G_StartQV_1	G_StartQV_2	G_StartQV_3	G_StartQV_4	G_StartQV_5	
25/08/2017	00:00:27	019001	G523106375HLR	L523	S		432.1998	1.0311	3.5522	100.0580	39.7275	0.8230	0.8259	5.0000	17.1623	508.0272	94.9306	22.2625	23.9000	0.9300	0.9323	0.6095	-0.0002	508.0000	509.4012	1.0285	11.2284	99.9049	39.3000	0.8230	0.8212	5.0000	-9999.0000	-9999.0000	-9999.0000	-9999.0000	-9999.0000	-9999.0000	17.5323	2	0	29.7440	1.0000	04	3	-9999.0000	31319	59831	-9999	2678	2653	-9999	307.3242	5	0.6048	0.6095	-0.0002	59.3472	0.7838	467.1895	332.0736	36.1806	454.5191	95.2546	462.9235	94.9537	466.9014	94.8611	469.1267	94.9306	
25/08/2017	00:00:55	019001	G523106368HLR	L523	S		436.0979	1.0311	3.3583	99.9863	39.4000	0.8230	0.8267	5.0000	17.1319	508.0375	94.8843	19.4819	23.9000	0.9300	0.9323	0.6088	-0.0002	508.0000	509.7096	1.0285	11.2668	99.9873	39.3000	0.8230	0.8212	5.0000	-9999.0000	-9999.0000	-9999.0000	-9999.0000	-9999.0000	-9999.0000	17.5619	3	0	27.9136	1.0000	04	3	-9999.0000	31320	59832	-9999	2679	2654	-9999	307.2766	5	0.6047	0.6088	-0.0002	53.2670	1.0737	470.4323	343.7654	38.3796	456.3743	95.3472	466.8175	94.7454	470.1252	94.7222	472.6680	94.8380	
25/08/2017	00:01:20	019001	G523106370HLR	L523	S		433.8070	1.0311	3.4723	100.0080	40.0475	0.8230	0.8279	5.0000	17.2327	508.0255	94.8843	18.7025	23.9000	0.9300	0.9323	0.6106	-0.0003	508.0000	507.8511	1.0285	11.0354	100.0345	39.3000	0.8230	0.8212	5.0000	-9999.0000	-9999.0000	-9999.0000	-9999.0000	-9999.0000	-9999.0000	17.5714	4	0	25.0224	1.0000	04	3	-9999.0000	31321	59833	-9999	2680	2655	-9999	307.3230	5	0.6047	0.6106	-0.0003	55.3899	0.9528	470.4996	334.9127	38.9815	458.6271	95.3472	466.2809	95.0926	470.1789	95.0694	473.2047	94.9074	
25/08/2017	00:01:55	019001	G523106365HLR	L523	S		433.7424	1.0311	3.4755	99.9764	40.4000	0.8230	0.8269	5.0000	17.1515	508.0590	94.8843	20.0630	23.9000	0.9300	0.9323	0.6104	-0.0003	508.0000	507.7230	1.0285	11.0195	100.0343	39.3000	0.8230	0.8213	5.0000	-9999.0000	-9999.0000	-9999.0000	-9999.0000	-9999.0000	-9999.0000	17.5628	5	0	34.5951	1.0000	04	3	-9999.0000	31322	59834	-9999	2681	2656	-9999	307.1684	5	0.6048	0.6104	-0.0003	55.5193	0.9439	465.9173	328.6424	37.0833	453.4940	95.7870	462.8795	94.8843	465.2072	94.8380	468.5585	94.8843	
25/08/2017	00:02:26	019001	G523106372HLR	L523	S		437.6622	1.0311	3.2805	99.9780	39.8006	0.8230	0.8258	5.0000	17.7630	508.0452	94.9074	18.0413	23.9000	0.9300	0.9322	0.6101	-0.0003	508.0000	508.1635	1.0285	11.0743	100.0570	39.3476	0.8230	0.8213	5.0000	-9999.0000	-9999.0000	-9999.0000	-9999.0000	-9999.0000	-9999.0000	17.8517	6	0	31.6433	1.0000	04	3	-9999.0000	31323	59835	-9999	2682	2657	-9999	307.4861	5	0.6046	0.6101	-0.0003	52.6796	1.0746	471.1667	324.1395	37.7778	457.9876	95.6019	467.2545	94.7222	470.7142	94.6528	474.1910	94.8843	
25/08/2017	00:02:53	019001	G523106357HLR	L523	S		438.2413	1.0311	3.2517	100.0168	39.4000	0.8230	0.8265	5.0000	17.1914	508.0225	94.9537	15.9414	23.9000	0.9300	0.9322	0.6098	-0.0003	508.0000	507.5093	1.0285	10.9929	99.9427	39.3250	0.8230	0.8210	5.0000	-9999.0000	-9999.0000	-9999.0000	-9999.0000	-9999.0000	-9999.0000	17.5725	7	0	27.0932	1.0000	04	3	-9999.0000	31324	59836	-9999	2683	2658	-9999	307.6689	5	0.6044	0.6098	-0.0003	54.5477	0.9902	475.7696	323.6002	37.3148	462.3035	95.8102	471.9821	94.9306	475.3157	94.9074	478.6455	94.9306	
25/08/2017	00:03:24	019001	G523107063HLR	L523	S		442.8995	1.0311	3.0199	99.9724	39.8880	0.8230	0.8278	5.0000	17.2521	508.0299	95.0463	11.1517	23.9000	0.9300	0.9322	0.6098	-0.0003	508.0000	507.2956	1.0285	10.9663	99.9021	39.2924	0.8230	0.8211	5.0000	-9999.0000	-9999.0000	-9999.0000	-9999.0000	-9999.0000	-9999.0000	17.5421	8	0	30.6334	1.0000	04	3	-9999.0000	31325	59837	-9999	2684	2659	-9999	308.2777	5	0.6044	0.6098	-0.0003	54.5477	0.9902	488.8973	331.8107	37.1065	472.2928	95.7870	483.2621	95.2315	488.0791	95.2315	491.6527	94.8380	
25/08/2017	00:03:55	019001	G523106347HLR	L523	S		431.7845	1.0311	3.5729	100.0333	40.3890	0.8230	0.8274	5.0000	17.1719	508.0182	94.9306	22.6326	23.9000	0.9300	0.9325	0.6102	-0.0003	508.0000	508.4624	1.0285	11.1115	99.9482	39.3000	0.8230	0.8213	5.0000	-9999.0000	-9999.0000	-9999.0000	-9999.0000	-9999.0000	-9999.0000	17.7628	1	0	30.9736	1.0000	04	3	-9999.0000	31326	59838	-9999	2685	2660	-9999	306.7655	5	0.6045	0.6102	-0.0003	41.2856	1.6275	463.3757	346.2697	40.5093	453.9857	95.4167	459.6826	95.1157	462.8509	95.1852	466.3275	94.9306	
25/08/2017	00:04:25	019001	G523106355HLR	L523	S		432.0356	1.0311	3.5604	99.9696	40.0273	0.8230	0.8262	5.0000	17.3019	508.0391	94.8843	20.1626	23.9000	0.9300	0.9323	0.6127	-0.0004	508.0000	507.3208	1.0285	10.9694	100.0336	39.3500	0.8230	0.8212	5.0000	-9999.0000	-9999.0000	-9999.0000	-9999.0000	-9999.0000	-9999.0000	17.6027	2	0	29.7038	1.0000	04	3	-9999.0000	31326	59839	-9999	2686	2661	-9999	307.0948	5	0.6046	0.6127	-0.0004	47.3629	1.3168	465.5512	342.7733	39.1435	456.0770	95.3935	462.3340	94.9537	465.0520	94.8611	468.3670	94.8843	
25/08/2017	00:04:57	019001	G523106344HLR	L523	S		440.1322	1.0311	3.1576	99.9698	39.4138	0.8230	0.8258	5.0000	18.6928	508.0517	94.9769	15.1220	23.9000	0.9300	0.9322	0.6127	-0.0004	508.0000	508.4400	1.0285	11.1087	99.8537	39.3047	0.8230	0.8210	5.0000	-9999.0000	-9999.0000	-9999.0000	-9999.0000	-9999.0000	-9999.0000	17.5823	3	0	31.7939	1.0000	04	3	-9999.0000	31327	59840	-9999	2687	2662	-9999	308.1575	5	0.6046	0.6127	-0.0004	47.3629	1.3168	478.7066	330.0543	36.8750	462.0682	95.7870	475.0998	95.0000	478.3463	95.0231	481.6286	94.9537	
25/08/2017	00:05:27	019001	G523106438HLR	L523	S		435.4734	1.0311	3.3894	100.0105	39.6431	0.8230	0.8276	5.0000	17.1925	508.0611	94.8843	19.1625	23.9000	0.9300	0.9323	0.6120	-0.0004	508.0000	508.7546	1.0285	11.1479	99.9003	39.3000	0.8230	0.8211	5.0000	-9999.0000	-9999.0000	-9999.0000	-9999.0000	-9999.0000	-9999.0000	17.6018	4	0	30.7242	1.0000	04	3	-9999.0000	31328	59841	-9999	2688	2663	-9999	307.3067	5	0.6047	0.6120	-0.0004	51.4402	1.1173	468.4339	329.4525	38.7037	453.3728	95.5324	464.9516	94.8843	468.0452	94.8611	472.2316	94.9306	
25/08/2017	00:06:00	019001	G523106439HLR	L523	S		435.4462	1.0311	3.3907	99.9765	40.2942	0.8230	0.8278	5.0000	17.1319	508.0392	94.8611	18.9925	23.9000	0.9300	0.9323	0.6120	-0.0004	508.0000	508.0113	1.0285	11.0553	100.0186	39.3325	0.8230	0.8212	5.0000	-9999.0000	-9999.0000	-9999.0000	-9999.0000	-9999.0000	-9999.0000	17.6516	5	0	33.0734	1.0000	04	3	-9999.0000	31329	59842	-9999	2689	2664	-9999	307.3332	5	0.6049	0.6120	-0.0004	51.6626	1.1212	468.7396	325.1704	36.8287	455.7631	96.0880	464.2952	95.3472	468.1075	95.3472	472.0377	94.8611	
25/08/2017	00:06:26	019001	G523106342HLR	L523	S		438.3203	1.0311	3.2477	99.9849	40.2874	0.8230	0.8264	5.0000	17.2325	508.0350	94.8843	18.2317	23.9000	0.9300	0.9323	0.6119	-0.0004	508.0000	509.0705	1.0285	11.1872	100.0192	39.3000	0.8230	0.8211	5.0000	-9999.0000	-9999.0000	-9999.0000	-9999.0000	-9999.0000	-9999.0000	17.5921	6	0	25.4335	1.0000	04	3	-9999.0000	31330	59843	-9999	2690	2665	-9999	307.5383	5	0.6050	0.6119	-0.0004	51.2479	1.1484	471.2357	330.8098	37.6157	458.0789	95.7407	466.5216	95.2546	470.9259	95.2315	473.9642	94.8611	
25/08/2017	00:06:53	019001	G523106349HLR	L523	S		435.5406	1.0311	3.3860	99.9375	39.6473	0.8230	0.8259	5.0000	17.2021	508.0472	94.8843	19.8130	23.9000	0.9300	0.9324	0.6116	-0.0004	508.0000	507.0683	1.0285	10.9380	99.9687	39.3000	0.8230	0.8211	5.0000	-9999.0000	-9999.0000	-9999.0000	-9999.0000	-9999.0000	-9999.0000	17.5518	7	0	27.6829	1.0000	04	3	-9999.0000	31331	59844	-9999	2691	2666	-9999	307.1986	5	0.6051	0.6116	-0.0004	51.6551	1.1218	467.2645	333.5783	37.8241	454.3655	95.7176	462.8733	95.0463	466.5103	95.0231	469.3174	94.9537	
25/08/2017	00:07:23	019001	G523106435HLR	L523	S		436.0663	1.0311	3.3599	99.9881	39.4018	0.8230	0.8269	5.0000	17.0616	508.0443	94.8843	19.0326	24.0000	0.9300	0.9324	0.6116	-0.0003	508.0000	507.7380	1.0285	11.0213	99.9651	39.3000	0.8230	0.8212	5.0000	-9999.0000	-9999.0000	-9999.0000	-9999.0000	-9999.0000	-9999.0000	17.6319	8	0	29.0631	1.0000	04	3	-9999.0000	31332	59845	-9999	2692	2667	-9999	307.3481	5	0.6053	0.6116	-0.0003	51.8897	1.0997	468.3165	330.1974	36.8056	456.6166	95.7870	463.8837	95.1157	467.9184	95.1157	471.3984	94.9306	
25/08/2017	00:07:49	019001	G523106427HLR	L523	S		433.7022	1.0311	3.4775	100.0049	40.1230	0.8230	0.8280	5.0000	17.1017	508.0397	94.9074	21.1119	24.0000	0.9300	0.9324	0.6116	-0.0004	508.0000	507.1747	1.0285	10.9512	99.9093	39.3596	0.8230	0.8212	5.0000	-9999.0000	-9999.0000	-9999.0000	-9999.0000	-9999.0000	-9999.0000	17.6017	1	0	26.7739	1.0000	04	3	-9999.0000	31333	59846	-9999	2693	2668	-9999	306.9953	5	0.6052	0.6116	-0.0004	51.8422	1.0949	463.8046	333.4351	38.4722	453.5104	95.5093	460.0029	94.9074	463.4292	94.9074	467.2862	94.9074	
25/08/2017	00:08:23	019001	G523106428HLR	L523	S		442.3145	1.0311	3.0490	99.9931	40.4224	0.8230	0.8268	5.0000	17.1017	508.0282	95.0231	13.9519	24.0000	0.9300	0.9323	0.6116	-0.0004	508.0000	506.6810	1.0285	10.8897	99.9011	39.3500	0.8230	0.8211	5.0000	-9999.0000	-9999.0000	-9999.0000	-9999.0000	-9999.0000	-9999.0000	17.5126	2	0	33.5332	1.0000	04	3	-9999.0000	31334	59847	-9999	2694	2669	-9999	308.2060	5	0.6052	0.6116	-0.0004	51.8422	1.0949	480.9716	327.9177	37.5926	464.0616	95.4630	475.4075	94.9769	480.6750	94.9306	483.1861	94.9074	
25/08/2017	00:08:51	019001	G523106421HLR	L523	S		437.7326	1.0311	3.2770	99.9655	39.8208	0.8230	0.8259	5.0000	17.1915	508.0402	94.9537	15.6914	24.0000	0.9300	0.9324	0.6114	-0.0003	508.0000	508.4824	1.0285	11.1140	99.9297	39.3000	0.8230	0.8211	5.0000	-9999.0000	-9999.0000	-9999.0000	-9999.0000	-9999.0000	-9999.0000	17.6719	3	0	28.1538	1.0000	04	3	-9999.0000	31335	59848	-9999	2695	2670	-9999	307.9052	5	0.6053	0.6114	-0.0003	52.2884	1.0603	476.8258	330.4855	37.7083	461.8183	95.5556	471.5153	95.0694	476.5134	95.0694	478.6914	94.9306	
25/08/2017	00:09:19	019001	G523106422HLR	L523	S		437.9783	1.0311	3.2648	99.9536	39.3425	0.8230	0.8262	5.0000	17.2522	508.0250	94.9306	17.5822	24.0000	0.9300	0.9323	0.6108	-0.0003	508.0000	508.2921	1.0285	11.0903	99.9378	39.3346	0.8230	0.8211	5.0000	-9999.0000	-9999.0000	-9999.0000	-9999.0000	-9999.0000	-9999.0000	17.7716	4	0	28.1334	1.0000	04	3	-9999.0000	31336	59849	-9999	2696	2671	-9999	307.6062	5	0.6052	0.6108	-0.0003	52.7273	1.0277	473.0757	330.8065	37.3611	459.2497	95.6713	469.1819	94.8611	472.2575	94.8611	475.4084	94.9074	
25/08/2017	00:09:46	019001	G523106425HLR	L523	S		438.0769	1.0311	3.2599	100.0754	39.6218	0.8230	0.8276	5.0000	17.8724	508.0476	95.0000	14.8016	24.0000	0.9300	0.9323	0.6108	-0.0003	508.0000	507.4517	1.0285	10.9857	99.9305	39.3000	0.8230	0.8211	5.0000	-9999.0000	-9999.0000	-9999.0000	-9999.0000	-9999.0000	-9999.0000	17.5119	5	0	26.4728	1.0000	04	3	-9999.0000	31337	59849	-9999	2697	2672	-9999	308.0744	5	0.6052	0.6108	-0.0003	52.7273	1.0277	478.8878	334.2275	35.9722	463.1144	95.2083	473.6589	94.9074	478.4324	94.8843	481.9655	94.9074	
25/08/2017	00:10:18	019001	G523106413HLR	L523	S		431.0444	1.0311	3.6097	99.9781	40.3962	0.8230	0.8278	5.0000	17.1819	508.0605	94.8843	21.8425	24.0000	0.9300	0.9325	0.6071	-0.0001	508.0000	506.5256	1.0285	10.8704	99.9445	39.3500	0.8230	0.8212	5.0000	-9999.0000	-9999.0000	-9999.0000	-9999.0000	-9999.0000	-9999.0000	17.4814	6	0	32.3545	1.0000	04	3	-9999.0000	31338	59850	-9999	2698	2673	-9999	306.9427	5	0.6055	0.6071	-0.0001	51.4188	1.0923	462.4699	331.1777	38.3565	448.1184	95.7176	457.5234	95.2315	461.8528	95.2778	465.0214	94.8611	
25/08/2017	00:10:48	019001	G523106415HLR	L523	S		433.6877	1.0311	3.4782	99.9800	40.3000	0.8230	0.8265	5.0000	17.3019	508.0673	94.9537	16.2022	24.0000	0.9300	0.9323	0.6104	-0.0003	508.0000	507.1743	1.0285	10.9512	100.1113	39.3500	0.8230	0.8212	5.0000	-9999.0000	-9999.0000	-9999.0000	-9999.0000	-9999.0000	-9999.0000	17.5120	7	0	30.4138	1.0000	04	3	-9999.0000	31339	59850	-9999	2699	2674	-9999	307.6663	5	0.6055	0.6104	-0.0003	57.8295	0.7385	476.9748	338.1609	37.9398	461.7894	95.5324	471.5528	95.1157	476.4800	95.0231	479.3718	94.9306	
25/08/2017	00:11:21	019001	G523106418HLR	L523	S		440.0181	1.0311	3.1633	99.9745	39.6780	0.8230	0.8258	5.0000	17.1719	508.0310	94.9537	16.6319	24.0000	0.9300	0.9324	0.6125	-0.0004	508.0000	507.9111	1.0285	11.0429	99.9894	39.3055	0.8230	0.8210	5.0000	-9999.0000	-9999.0000	-9999.0000	-9999.0000	-9999.0000	-9999.0000	17.5224	8	0	32.7833	1.0000	04	3	-9999.0000	31340	59851	-9999	2700	2675	-9999	307.7714	5	0.6056	0.6125	-0.0004	60.9139	0.5802	474.6447	345.3763	39.9537	466.1632	95.0926	470.8413	94.8611	474.3617	94.8148	476.9230	94.9074	
25/08/2017	00:11:56	019001	G523106409HLR	L523	S		436.9554	1.0311	3.3157	99.9107	39.4000	0.8230	0.8266	5.0000	17.2716	508.0463	95.0231	14.5223	24.0000	0.9300	0.9324	0.6125	-0.0004	508.0000	506.8553	1.0285	10.9114	99.8844	39.3000	0.8230	0.8211	5.0000	-9999.0000	-9999.0000	-9999.0000	-9999.0000	-9999.0000	-9999.0000	17.4923	1	0	34.8648	1.0000	04	3	-9999.0000	31341	59852	-9999	2701	2676	-9999	308.3330	5	0.6056	0.6125	-0.0004	60.9139	0.5802	479.0106	344.0594	37.9167	465.2498	95.5324	473.5219	95.1389	478.7378	95.1157	481.6539	94.9074	
25/08/2017	00:12:26	019001	G523106419HLR	L523	S		432.6791	1.0311	3.5284	99.9805	39.8695	0.8230	0.8279	5.0000	17.2315	508.0385	94.9074	20.8824	24.0000	0.9300	0.9324	0.6103	-0.0002	508.0000	506.8803	1.0285	10.9146	100.0731	39.3046	0.8230	0.8211	5.0000	-9999.0000	-9999.0000	-9999.0000	-9999.0000	-9999.0000	-9999.0000	17.6624	2	0	30.4237	1.0000	04	3	-9999.0000	31342	59853	-9999	2702	2677	-9999	307.4302	5	0.6059	0.6103	-0.0002	60.4746	0.6085	466.5625	337.2730	39.1204	452.3160	95.5787	461.5478	95.3241	466.0242	95.3472	469.0010	94.8148	
25/08/2017	00:12:56	019001	G523105800HLR	L523	S		434.5507	1.0311	3.4353	100.0013	40.3527	0.8230	0.8274	5.0000	17.3215	508.0395	94.8843	18.4817	24.0000	0.9300	0.9323	0.6100	-0.0002	508.0000	507.3436	1.0285	10.9722	99.9806	39.3000	0.8230	0.8210	5.0000	-9999.0000	-9999.0000	-9999.0000	-9999.0000	-9999.0000	-9999.0000	17.6420	3	0	29.6637	1.0000	04	3	-9999.0000	31343	59854	-9999	2703	2678	-9999	307.7792	5	0.6061	0.6100	-0.0002	55.0952	0.8887	471.0414	325.9108	36.4120	458.1368	95.8565	466.3530	94.9306	470.6461	94.8843	473.5464	94.8843	
25/08/2017	00:13:27	019001	G523106395HLR	L523	S		431.6103	1.0311	3.5816	99.9825	40.0122	0.8230	0.8261	5.0000	17.0822	508.0420	94.8843	21.3424	24.0000	0.9300	0.9323	0.6116	-0.0003	508.0000	508.1110	1.0285	11.0678	99.9584	39.3000	0.8230	0.8212	5.0000	-9999.0000	-9999.0000	-9999.0000	-9999.0000	-9999.0000	-9999.0000	17.5529	4	0	31.0337	1.0000	04	3	-9999.0000	31344	59855	-9999	2704	2679	-9999	307.5327	5	0.6063	0.6116	-0.0003	56.7993	0.8135	465.9155	329.8570	37.4074	453.0770	95.7176	461.8066	94.8611	465.4651	94.8380	468.1372	94.9074	
25/08/2017	00:13:55	019001	G523106399HLR	L523	S		429.8262	1.0311	3.6703	99.9931	39.4265	0.8230	0.8261	5.0000	17.1124	508.0242	94.9537	22.8729	23.9000	0.9300	0.9322	0.6105	-0.0002	508.0000	507.8619	1.0285	11.0368	100.0065	39.3500	0.8230	0.8212	5.0000	-9999.0000	-9999.0000	-9999.0000	-9999.0000	-9999.0000	-9999.0000	17.6526	5	0	28.2136	1.0000	04	3	-9999.0000	31345	59856	-9999	2705	2680	-9999	307.1622	5	0.6065	0.6105	-0.0002	58.4656	0.7410	460.0019	336.2665	36.4120	448.8435	96.0185	456.2821	94.9074	459.4412	94.8380	462.7312	94.9074	
25/08/2017	00:14:25	019001	G523105839HLR	L523	S		437.8627	1.0311	3.2705	99.9988	39.6439	0.8230	0.8276	5.0000	17.2024	508.0287	94.8843	18.9525	24.0000	0.9300	0.9323	0.6100	-0.0002	508.0000	509.7533	1.0285	11.2722	99.9345	39.3425	0.8230	0.8211	5.0000	-9999.0000	-9999.0000	-9999.0000	-9999.0000	-9999.0000	-9999.0000	17.5217	6	0	29.5434	1.0000	04	3	-9999.0000	31346	59857	-9999	2706	2681	-9999	307.9376	5	0.6066	0.6100	-0.0002	58.3137	0.7703	470.6435	332.9017	38.8426	459.4709	95.4398	466.3338	95.0231	470.1820	94.9769	473.7144	94.9306	
25/08/2017	00:14:53	019001	G523105840HLR	L523	S		433.0615	1.0311	3.5094	99.9955	40.4349	0.8230	0.8274	5.0000	17.2315	508.0216	94.9306	17.6721	24.0000	0.9300	0.9323	0.6091	-0.0002	508.0000	507.7944	1.0285	11.0283	100.0724	39.3000	0.8230	0.8212	5.0000	-9999.0000	-9999.0000	-9999.0000	-9999.0000	-9999.0000	-9999.0000	17.5919	7	0	28.5729	1.0000	04	3	-9999.0000	31347	59858	-9999	2707	2682	-9999	308.1293	5	0.6063	0.6091	-0.0002	57.5454	0.8257	471.9113	336.7905	38.4491	459.2101	95.5324	468.4902	94.7454	471.5812	94.6991	474.8650	94.9074	
25/08/2017	00:15:25	019001	G523105838HLR	L523	S		435.3521	1.0311	3.3954	99.9746	40.0792	0.8230	0.8262	5.0000	17.2413	508.0459	94.8843	19.5131	24.0000	0.9300	0.9324	0.6107	-0.0002	508.0000	508.0181	1.0285	11.0562	99.9730	39.3421	0.8230	0.8212	5.0000	-9999.0000	-9999.0000	-9999.0000	-9999.0000	-9999.0000	-9999.0000	17.6322	8	0	31.5946	1.0000	04	3	-9999.0000	31348	59859	-9999	2708	2683	-9999	307.9249	5	0.6062	0.6107	-0.0002	55.0542	0.9601	470.3670	326.9404	38.6806	457.9545	95.6481	465.5652	95.2546	469.9104	95.2546	472.3961	94.9306	
25/08/2017	00:15:53	019001	G523105836HLR	L523	S		435.0703	1.0311	3.4094	99.9714	39.4593	0.8230	0.8259	5.0000	17.3624	508.0303	94.9537	16.2520	24.0000	0.9300	0.9324	0.6110	-0.0003	508.0000	507.5409	1.0285	10.9968	100.0295	39.3193	0.8230	0.8211	5.0000	-9999.0000	-9999.0000	-9999.0000	-9999.0000	-9999.0000	-9999.0000	17.5619	1	0	28.5232	1.0000	04	3	-9999.0000	31349	59860	-9999	2709	2684	-9999	308.2906	5	0.6061	0.6110	-0.0003	55.6949	0.9284	475.3203	334.2326	36.4120	462.1607	95.9491	469.6898	95.1620	474.8905	95.1389	477.5855	94.9306	
25/08/2017	00:16:21	019001	G523105829HLR	L523	S		434.7549	1.0311	3.4251	99.9870	39.5491	0.8230	0.8274	5.0000	17.2716	508.0420	94.9074	18.0520	24.0000	0.9300	0.9325	0.6113	-0.0003	508.0000	508.2555	1.0285	11.0857	100.0954	39.3032	0.8230	0.8211	5.0000	-9999.0000	-9999.0000	-9999.0000	-9999.0000	-9999.0000	-9999.0000	17.6719	2	0	27.8831	1.0000	04	3	-9999.0000	31350	59861	-9999	2710	2685	-9999	308.0806	5	0.6061	0.6113	-0.0003	57.3368	0.8582	471.0607	338.1752	36.9444	460.5207	95.7639	466.7194	95.0231	470.6782	95.0694	474.0727	94.9537	
25/08/2017	00:16:48	019001	G523105832HLR	L523	S		435.7398	1.0311	3.3761	99.9538	40.2385	0.8230	0.8278	5.0000	17.2919	508.0569	94.9306	16.6124	24.0000	0.9300	0.9324	0.6119	-0.0003	508.0000	509.0183	1.0285	11.1807	99.9714	39.3063	0.8230	0.8212	5.0000	-9999.0000	-9999.0000	-9999.0000	-9999.0000	-9999.0000	-9999.0000	17.6321	3	0	26.8136	1.0000	04	3	-9999.0000	31351	59862	-9999	2711	2686	-9999	308.3378	5	0.6061	0.6119	-0.0003	56.7185	0.8843	475.3025	326.4473	36.8287	460.2184	95.8565	471.2549	95.0000	474.9820	95.0231	478.2182	94.9537	
25/08/2017	00:17:13	019001	G523105826HLR	L523	S		433.9711	1.0311	3.4641	99.9533	40.3000	0.8230	0.8266	5.0000	17.1124	508.0536	94.8843	20.1021	24.0000	0.9300	0.9325	0.6143	-0.0004	508.0000	506.6151	1.0285	10.8815	100.0233	39.3500	0.8230	0.8213	5.0000	-9999.0000	-9999.0000	-9999.0000	-9999.0000	-9999.0000	-9999.0000	17.5313	4	0	24.9524	1.0000	04	3	-9999.0000	31352	59863	-9999	2712	2687	-9999	307.8217	5	0.6062	0.6143	-0.0004	55.8297	0.9264	466.4387	333.0327	37.1759	454.9626	95.9259	462.2591	95.1620	466.2272	95.2083	469.3688	94.8843	
25/08/2017	00:17:39	019001	G523105828HLR	L523	S		437.2895	1.0311	3.2990	100.0498	39.7495	0.8230	0.8259	5.0000	17.1515	508.0677	94.9306	16.5421	24.0000	0.9300	0.9324	0.6142	-0.0004	508.0000	508.2631	1.0285	11.0867	99.9218	39.3500	0.8230	0.8211	5.0000	-9999.0000	-9999.0000	-9999.0000	-9999.0000	-9999.0000	-9999.0000	17.5216	5	0	25.4034	1.0000	04	3	-9999.0000	31353	59864	-9999	2713	2688	-9999	308.6283	5	0.6062	0.6142	-0.0004	58.5544	0.8024	473.1923	328.4690	36.9676	459.6547	95.7870	468.9002	94.8380	472.6047	94.8148	475.8299	94.8843	
25/08/2017	00:18:08	019001	G523105824HLR	L523	S		433.9093	1.0311	3.4672	99.9751	39.4000	0.8230	0.8266	5.0000	17.1817	508.0501	94.9306	16.3926	24.0000	0.9300	0.9323	0.6115	-0.0003	508.0000	507.4080	1.0285	10.9803	99.9561	39.3500	0.8230	0.8212	5.0000	-9999.0000	-9999.0000	-9999.0000	-9999.0000	-9999.0000	-9999.0000	17.5422	6	0	29.0532	1.0000	04	3	-9999.0000	31354	59865	-9999	2714	2689	-9999	308.6130	5	0.6060	0.6115	-0.0003	61.2006	0.6729	472.0167	331.7311	38.3102	458.1900	95.5324	466.9374	94.9306	471.4495	94.9537	475.0564	94.9306	
25/08/2017	00:18:37	019001	G523105813HLR	L523	S		437.6818	1.0311	3.2795	99.9673	39.8970	0.8230	0.8278	5.0000	17.1115	508.0454	95.0231	14.8915	24.0000	0.9300	0.9323	0.6115	-0.0003	508.0000	507.6389	1.0285	11.0090	99.9722	39.3500	0.8230	0.8212	5.0000	-9999.0000	-9999.0000	-9999.0000	-9999.0000	-9999.0000	-9999.0000	17.5931	7	0	29.8739	1.0000	04	3	-9999.0000	31355	59866	-9999	2715	2690	-9999	308.5854	5	0.6060	0.6115	-0.0003	61.2006	0.6729	478.9676	349.3773	40.3241	466.3138	95.0926	474.8099	94.7685	478.5550	94.8148	482.2279	94.9074	
25/08/2017	00:19:04	019001	G523105544HLR	L523	S		443.1526	1.0311	3.0073	100.0275	40.3866	0.8230	0.8273	5.0000	17.1219	508.0522	95.0231	11.8110	24.0000	0.9300	0.9323	0.6125	-0.0003	508.0000	508.1734	1.0285	11.0755	100.1013	39.3500	0.8230	0.8211	5.0000	-9999.0000	-9999.0000	-9999.0000	-9999.0000	-9999.0000	-9999.0000	17.5725	8	0	26.7033	1.0000	04	1	-9999.0000	31356	59867	-9999	2716	2691	-9999	309.2128	5	0.6061	0.6125	-0.0003	61.2577	0.6647	485.6937	345.7832	38.6343	472.9563	95.4630	480.9235	95.3704	485.1830	95.3472	488.9411	94.8380	
25/08/2017	00:19:30	019001	G523106387HLR	L523	S		444.2200	1.0311	2.9542	100.0529	40.0000	0.8230	0.8261	5.0000	17.3419	508.0335	95.0463	11.5512	24.0000	0.9300	0.9323	0.6137	-0.0004	508.0000	508.8680	1.0285	11.1620	99.9094	39.3368	0.8230	0.8211	5.0000	-9999.0000	-9999.0000	-9999.0000	-9999.0000	-9999.0000	-9999.0000	17.6125	1	0	25.4534	1.0000	04	1	-9999.0000	31357	59868	-9999	2717	2692	-9999	309.5046	5	0.6061	0.6137	-0.0004	59.9149	0.7335	487.2966	334.0307	36.6898	470.1393	95.8102	481.9718	95.0694	486.7691	95.1157	490.2468	94.8843	
25/08/2017	00:19:55	019001	G523102573HLR	L523	S		438.0140	1.0311	3.2630	99.9928	39.5000	0.8230	0.8260	5.0000	17.1221	508.0574	94.9306	17.5519	24.0000	0.9300	0.9324	0.6145	-0.0004	508.0000	507.4270	1.0285	10.9826	100.0164	39.3160	0.8230	0.8212	5.0000	-9999.0000	-9999.0000	-9999.0000	-9999.0000	-9999.0000	-9999.0000	17.5723	2	0	24.9727	1.0000	04	1	-9999.0000	31358	59869	-9999	2718	2692	-9999	308.3501	5	0.6067	0.6145	-0.0004	68.1575	0.2525	472.6621	333.2890	37.0370	460.0926	95.8796	467.7697	95.3935	472.1088	95.4167	474.8333	94.8148	
25/08/2017	00:20:20	019001	G523102574HLR	L523	S		435.9891	1.0311	3.3637	99.9719	39.4090	0.8230	0.8270	5.0000	17.2725	508.0378	94.8843	17.8928	24.0000	0.9300	0.9324	0.6127	-0.0003	508.0000	508.9787	1.0285	11.1758	99.9155	39.3500	0.8230	0.8213	5.0000	-9999.0000	-9999.0000	-9999.0000	-9999.0000	-9999.0000	-9999.0000	17.5626	3	0	25.4229	1.0000	04	1	-9999.0000	31359	59870	-9999	2719	2693	-9999	308.2336	5	0.6072	0.6127	-0.0003	56.7236	0.9056	469.3927	329.8671	38.1019	459.5844	95.5556	464.7516	94.8611	468.6942	94.8843	473.0675	94.9074	
25/08/2017	00:20:45	019001	G523102575HLR	L523	S		437.6895	1.0311	3.2791	99.9102	40.0962	0.8230	0.8279	5.0000	17.1828	508.0707	95.0000	15.2020	24.0000	0.9300	0.9322	0.6127	-0.0003	508.0000	509.2596	1.0285	11.2107	99.9994	39.3930	0.8230	0.8213	5.0000	-9999.0000	-9999.0000	-9999.0000	-9999.0000	-9999.0000	-9999.0000	17.5322	4	0	24.9328	1.0000	04	1	-9999.0000	31360	59871	-9999	2720	2694	-9999	308.7447	5	0.6072	0.6127	-0.0003	56.7236	0.9056	476.8486	327.2868	36.6435	462.8532	95.6944	471.6273	95.0000	476.6277	95.0231	479.3664	94.9074	
25/08/2017	00:21:10	019001	G523106380HLR	L523	S		443.4358	1.0311	2.9932	100.0214	40.4399	0.8230	0.8269	5.0000	17.1015	508.0549	95.0694	11.0013	24.0000	0.9300	0.9322	0.6112	-0.0002	508.0000	508.3324	1.0285	11.0953	99.8166	39.3708	0.8230	0.8211	5.0000	-9999.0000	-9999.0000	-9999.0000	-9999.0000	-9999.0000	-9999.0000	17.6524	5	0	25.3634	1.0000	04	1	-9999.0000	31361	59872	-9999	2721	2695	-9999	309.2224	5	0.6073	0.6112	-0.0002	53.9383	1.0472	488.3597	344.7954	40.1157	475.6401	94.9537	484.0412	94.7685	487.9224	94.7685	491.2816	94.8611	
25/08/2017	00:21:35	019001	G523106373HLR	L523	S		440.8879	1.0311	3.1200	99.9493	39.9263	0.8230	0.8259	5.0000	17.6525	508.0378	95.0463	12.8013	24.1000	0.9300	0.9324	0.6102	-0.0002	508.0000	508.1913	1.0285	11.0778	100.0174	39.3500	0.8230	0.8212	5.0000	-9999.0000	-9999.0000	-9999.0000	-9999.0000	-9999.0000	-9999.0000	17.5436	6	0	24.9931	1.0000	04	1	-9999.0000	31362	59873	-9999	2722	2696	-9999	308.9782	5	0.6075	0.6102	-0.0002	53.2061	1.0877	485.0120	332.1025	38.2639	469.0874	95.3935	481.0074	95.1157	484.6890	95.1620	487.8353	94.8843	
25/08/2017	00:22:01	019001	G523106361HLR	L523	S		444.4024	1.0311	2.9452	99.9737	39.4160	0.8230	0.8260	5.0000	17.3320	508.0454	95.0231	13.3815	24.1000	0.9300	0.9325	0.6108	-0.0002	508.0000	508.0127	1.0285	11.0555	100.0584	39.3628	0.8230	0.8212	5.0000	-9999.0000	-9999.0000	-9999.0000	-9999.0000	-9999.0000	-9999.0000	17.5225	7	0	25.4025	1.0000	04	1	-9999.0000	31363	59874	-9999	2723	2697	-9999	308.8688	5	0.6073	0.6108	-0.0002	52.9285	1.0964	483.9255	336.7915	37.5231	468.8145	95.6019	479.1648	94.8148	483.5326	94.8611	486.1018	94.8843	
25/08/2017	00:22:26	019001	G523106345HLR	L523	S		443.3005	1.0311	3.0000	99.9933	39.4363	0.8230	0.8272	5.0000	17.1328	508.0429	95.0463	11.6420	24.0000	0.9300	0.9324	0.6101	-0.0002	508.0000	508.3855	1.0285	11.1019	99.9965	39.3818	0.8230	0.8212	5.0000	-9999.0000	-9999.0000	-9999.0000	-9999.0000	-9999.0000	-9999.0000	17.6721	8	0	25.2335	1.0000	04	1	-9999.0000	31364	59875	-9999	2724	2698	-9999	308.9730	5	0.6073	0.6101	-0.0002	54.0499	1.0319	488.2442	329.8399	38.3565	472.3632	95.4398	483.3197	95.1852	487.6689	95.1852	490.4244	94.8148	
25/08/2017	00:22:53	019001	G523106353HLR	L523	Q		442.5638	1.0311	3.0366	99.9506	40.0938	0.8230	0.8280	5.0000	17.2823	508.0401	95.0231	12.1011	24.1000	0.9300	0.9324	0.6094	-0.0001	508.0000	508.4033	1.0285	11.1041	100.0116	39.3905	0.8230	0.8211	5.0000	-9999.0000	-9999.0000	-9999.0000	-9999.0000	-9999.0000	-9999.0000	17.5821	1	0	26.9730	1.0000	04	1	-9999.0000	31365	59876	-9999	2725	2699	-9999	309.0249	5	0.6076	0.6094	-0.0001	53.7116	1.0350	487.4956	338.9199	38.5880	473.6121	95.3704	481.9455	95.2778	486.9365	95.2546	490.0843	94.8380	
25/08/2017	00:23:26	019001	G523106351HLR	L523	Q		444.8463	1.0311	2.9231	99.9409	40.4315	0.8230	0.8271	5.0000	17.2135	508.0683	95.0694	10.7513	24.1000	0.9300	0.9324	0.6096	-0.0001	508.0000	508.4211	1.0285	11.1064	99.9158	39.3500	0.8230	0.8211	5.0000	-9999.0000	-9999.0000	-9999.0000	-9999.0000	-9999.0000	-9999.0000	17.6925	2	0	33.1046	1.0000	04	1	-9999.0000	31366	59877	-9999	2726	2700	-9999	309.1326	5	0.6076	0.6096	-0.0001	49.6849	1.3525	491.4640	343.0355	37.9861	476.4387	95.3472	486.2733	94.9769	490.7997	95.0231	493.7664	94.8843	
25/08/2017	00:24:23	019001	G523106430HLR	L523	S		442.4430	1.0311	3.0426	100.0901	39.5701	0.8230	0.8258	5.0000	17.3019	508.0383	95.0463	13.7614	24.2000	0.9300	0.9329	0.6115	-0.0003	508.0000	506.1598	1.0285	10.8249	99.9271	39.1676	0.8230	0.8206	5.0000	-9999.0000	-9999.0000	-9999.0000	-9999.0000	-9999.0000	-9999.0000	17.7716	4	0	27.6440	1.0000	04	1	-9999.0000	31368	59878	-9999	2728	2701	-9999	308.7300	5	0.6076	0.6115	-0.0003	50.4079	1.2765	481.7460	318.0832	38.3333	466.7608	95.5787	477.4424	95.0926	481.2994	95.1157	484.2662	94.8843	
25/08/2017	00:24:52	019001	G523106411HLR	L523	S		437.0599	1.0311	3.3105	99.9951	39.3968	0.8230	0.8268	5.0000	17.0419	508.0426	95.0000	15.0018	24.1000	0.9300	0.9327	0.6131	-0.0004	508.0000	507.1702	1.0285	10.9507	99.9525	39.2971	0.8230	0.8215	5.0000	-9999.0000	-9999.0000	-9999.0000	-9999.0000	-9999.0000	-9999.0000	17.5217	5	0	28.6627	1.0000	04	1	-9999.0000	31369	59879	-9999	2729	2702	-9999	308.2961	5	0.6076	0.6131	-0.0004	49.6533	1.3427	477.8920	334.9857	37.2454	464.6222	95.9259	473.1266	95.3472	477.6099	95.3009	481.0726	94.8380	
25/08/2017	00:25:21	019001	G523106407HLR	L523	S		432.7443	1.0311	3.5252	99.9756	39.8621	0.8230	0.8279	5.0000	17.1318	508.0435	94.8843	21.5827	24.0000	0.9300	0.9324	0.6125	-0.0004	508.0000	507.0278	1.0285	10.9329	99.9640	39.4460	0.8230	0.8213	5.0000	-9999.0000	-9999.0000	-9999.0000	-9999.0000	-9999.0000	-9999.0000	18.3224	6	0	29.5944	1.0000	04	1	-9999.0000	31370	59880	-9999	2730	2703	-9999	307.0007	5	0.6076	0.6125	-0.0004	49.4911	1.3538	461.8605	338.0308	36.6667	449.5575	96.0880	458.1396	95.0231	461.2838	95.0231	465.3035	94.9074	
25/08/2017	00:25:53	019001	G523106405HLR	L523	S		433.4799	1.0311	3.4886	100.0418	40.4321	0.8230	0.8275	5.0000	17.0929	508.0378	94.9306	17.3517	24.0000	0.9300	0.9321	0.6116	-0.0003	508.0000	508.8613	1.0285	11.1612	100.0027	39.3999	0.8230	0.8211	5.0000	-9999.0000	-9999.0000	-9999.0000	-9999.0000	-9999.0000	-9999.0000	17.5021	7	0	32.1133	1.0000	04	1	-9999.0000	31371	59881	-9999	2731	2704	-9999	307.8229	5	0.6077	0.6116	-0.0003	52.4218	1.0642	471.5692	333.2747	38.2639	458.5336	95.4167	467.2698	94.7222	471.0379	94.6296	473.8337	94.9074	
25/08/2017	00:26:21	019001	G523106406HLR	L523	S		441.0367	1.0311	3.1126	100.0340	40.0287	0.8230	0.8261	5.0000	17.1817	508.0314	94.9306	16.1729	24.0000	0.9300	0.9323	0.6120	-0.0003	508.0000	510.6095	1.0285	11.3788	99.9572	39.3000	0.8230	0.8210	5.0000	-9999.0000	-9999.0000	-9999.0000	-9999.0000	-9999.0000	-9999.0000	17.6722	8	0	27.8941	1.0000	04	1	-9999.0000	31371	59882	-9999	2732	2705	-9999	308.2125	5	0.6078	0.6120	-0.0003	49.5389	1.3626	477.6198	345.3818	40.7176	464.0316	94.9537	472.4886	95.0694	477.1186	95.0694	480.1200	94.8843	
25/08/2017	00:26:49	019001	G523106408HLR	L523	S		438.1674	1.0311	3.2554	99.9799	39.4261	0.8230	0.8260	5.0000	17.2316	508.0624	94.9074	16.6915	24.0000	0.9300	0.9323	0.6109	-0.0002	508.0000	508.4671	1.0285	11.1121	99.9654	39.3000	0.8230	0.8211	5.0000	-9999.0000	-9999.0000	-9999.0000	-9999.0000	-9999.0000	-9999.0000	17.5723	1	0	27.8129	1.0000	04	1	-9999.0000	31372	59883	-9999	2733	2706	-9999	308.1409	5	0.6077	0.6109	-0.0002	53.4602	0.9938	474.1148	337.7331	40.3935	463.8197	95.0000	470.0548	95.0231	473.6737	95.0000	476.7386	94.9537	
25/08/2017	00:27:18	019001	G523106401HLR	L523	S		433.1781	1.0311	3.5036	99.9819	39.4822	0.8230	0.8273	5.0000	17.3516	508.0461	94.8843	18.0920	24.0000	0.9300	0.9323	0.6109	-0.0002	508.0000	508.7179	1.0285	11.1433	99.9553	39.3382	0.8230	0.8212	5.0000	-9999.0000	-9999.0000	-9999.0000	-9999.0000	-9999.0000	-9999.0000	17.4924	2	0	28.6433	1.0000	04	1	-9999.0000	31373	59884	-9999	2734	2707	-9999	308.1376	5	0.6076	0.6109	-0.0002	52.8864	1.0336	471.9556	333.3847	39.7222	459.4738	95.0926	466.6455	94.9306	471.4962	94.9306	474.8624	94.9074	
25/08/2017	00:27:45	019001	G523106343HLR	L523	S		432.8500	1.0311	3.5199	100.0018	40.2407	0.8230	0.8280	5.0000	17.0918	508.0289	94.9074	20.0825	24.0000	0.9300	0.9324	0.6110	-0.0003	508.0000	508.6249	1.0285	11.1317	99.9114	39.3500	0.8230	0.8212	5.0000	-9999.0000	-9999.0000	-9999.0000	-9999.0000	-9999.0000	-9999.0000	17.6614	3	0	27.4338	1.0000	04	1	-9999.0000	31374	59885	-9999	2735	2708	-9999	307.9297	5	0.6072	0.6110	-0.0003	51.9342	1.0979	467.0705	333.2096	37.9861	454.9634	95.5556	462.1529	95.2315	466.5884	95.1852	469.7679	94.8380	
25/08/2017	00:28:17	019001	G523105812HLR	L523	S		441.2370	1.0311	3.1026	100.0034	40.4000	0.8230	0.8266	5.0000	17.3820	508.0393	94.9306	16.4122	24.0000	0.9300	0.9323	0.6121	-0.0003	508.0000	510.1924	1.0285	11.3268	99.9594	39.3500	0.8230	0.8211	5.0000	-9999.0000	-9999.0000	-9999.0000	-9999.0000	-9999.0000	-9999.0000	17.5618	4	0	32.2334	1.0000	04	1	-9999.0000	31375	59886	-9999	2736	2709	-9999	308.3404	5	0.6070	0.6121	-0.0003	51.5658	1.1102	476.2728	338.3033	39.7454	464.2467	94.9074	472.0059	94.7454	475.7192	94.6759	478.5710	94.8380	
25/08/2017	00:28:46	019001	G523106393HLR	L523	S		436.9986	1.0311	3.3135	100.0328	39.8263	0.8230	0.8259	5.0000	17.1331	508.0733	94.9306	15.8213	24.0000	0.9300	0.9324	0.6116	-0.0003	508.0000	506.9431	1.0285	10.9224	99.9701	39.3500	0.8230	0.8211	5.0000	-9999.0000	-9999.0000	-9999.0000	-9999.0000	-9999.0000	-9999.0000	17.6925	5	0	28.9137	1.0000	04	1	-9999.0000	31376	59887	-9999	2737	2710	-9999	308.2583	5	0.6067	0.6116	-0.0003	50.0205	1.2756	474.9335	332.8526	39.2130	461.9319	95.1620	470.2893	94.9074	474.7353	94.9306	478.2610	94.9306	
25/08/2017	00:29:12	019001	G523106397HLR	L523	S		433.6892	1.0311	3.4781	100.0064	39.4000	0.8230	0.8263	5.0000	17.2619	508.0487	94.9074	17.1525	24.0000	0.9300	0.9324	0.6116	-0.0003	508.0000	507.5543	1.0285	10.9985	99.9894	39.3430	0.8230	0.8210	5.0000	-9999.0000	-9999.0000	-9999.0000	-9999.0000	-9999.0000	-9999.0000	17.6730	6	0	25.6732	1.0000	04	1	-9999.0000	31377	59888	-9999	2738	2711	-9999	307.9736	5	0.6065	0.6116	-0.0003	49.9797	1.2768	472.4462	329.6160	36.1343	459.5768	95.8565	468.1381	94.6528	471.9559	94.6991	475.7242	94.8843	
25/08/2017	00:29:37	019001	G523105811HLR	L523	S		435.4384	1.0311	3.3911	100.0332	39.7162	0.8230	0.8277	5.0000	17.0811	508.0368	94.9769	15.4716	24.0000	0.9300	0.9324	0.6117	-0.0003	508.0000	507.7169	1.0285	11.0187	99.9509	39.3240	0.8230	0.8212	5.0000	-9999.0000	-9999.0000	-9999.0000	-9999.0000	-9999.0000	-9999.0000	17.5820	7	0	25.4132	1.0000	04	1	-9999.0000	31378	59889	-9999	2739	2712	-9999	308.2701	5	0.6062	0.6117	-0.0003	49.4296	1.2855	475.6125	334.3473	37.2917	460.4908	95.6481	471.9285	94.9306	475.1060	94.9537	478.8779	94.9074	
25/08/2017	00:30:06	019001	G523105809HLR	L523	S		433.2086	1.0311	3.5021	99.9396	40.3665	0.8230	0.8276	5.0000	17.1515	508.0468	94.8843	20.7623	24.0000	0.9300	0.9324	0.6134	-0.0004	508.0000	506.9937	1.0285	10.9287	99.8850	39.3500	0.8230	0.8212	5.0000	-9999.0000	-9999.0000	-9999.0000	-9999.0000	-9999.0000	-9999.0000	17.7120	8	0	28.6432	1.0000	04	1	-9999.0000	31379	59890	-9999	2740	2713	-9999	307.2626	5	0.6062	0.6134	-0.0004	48.0012	1.3708	466.4493	332.0873	39.0278	451.7538	95.4861	462.4141	94.9769	465.9918	95.0000	468.5146	94.9074	
25/08/2017	00:30:38	019001	G523107541HLR	L523	S		432.4445	1.0311	3.5401	100.0577	40.2000	0.8230	0.8264	5.0000	17.1417	508.0446	94.9074	16.9620	24.0000	0.9300	0.9324	0.6096	-0.0002	508.0000	507.0533	1.0285	10.9361	99.8198	39.3818	0.8230	0.8212	5.0000	-9999.0000	-9999.0000	-9999.0000	-9999.0000	-9999.0000	-9999.0000	17.4924	1	0	31.6444	1.0000	04	1	-9999.0000	31380	59891	-9999	2741	2714	-9999	308.0404	5	0.6059	0.6096	-0.0002	54.4966	1.0265	471.3223	328.7849	37.8935	457.2164	95.5324	466.3490	95.0000	470.6195	94.9769	474.0484	94.9306	
25/08/2017	00:31:08	019001	G523107571HLR	L523	S		437.9514	1.0311	3.2661	99.9632	39.6004	0.8230	0.8259	5.0000	17.3028	508.0160	95.0000	14.1814	24.0000	0.9300	0.9323	0.6096	-0.0002	508.0000	506.8740	1.0285	10.9138	100.0466	39.3880	0.8230	0.8211	5.0000	-9999.0000	-9999.0000	-9999.0000	-9999.0000	-9999.0000	-9999.0000	17.6216	2	0	30.1236	1.0000	04	1	-9999.0000	31381	59892	-9999	2742	2715	-9999	308.1725	5	0.6059	0.6096	-0.0002	54.4966	1.0265	480.9150	329.2150	37.5463	466.1191	95.5787	476.1148	94.7685	480.7039	94.7685	482.4811	94.8611	
25/08/2017	00:32:06	019001	G523107585HLR	L523	S		433.6948	1.0311	3.4779	100.0498	40.0078	0.8230	0.8280	5.0000	17.2521	508.0291	94.9306	17.1427	24.2000	0.9300	0.9328	0.6106	-0.0002	508.0000	506.8096	1.0285	10.9058	100.0275	39.1500	0.8230	0.8208	5.0000	-9999.0000	-9999.0000	-9999.0000	-9999.0000	-9999.0000	-9999.0000	17.7218	4	0	27.3626	1.0000	04	1	-9999.0000	31383	59893	-9999	2744	2715	-9999	307.8386	5	0.6061	0.6106	-0.0002	55.9761	0.9517	475.1547	317.4954	38.4491	462.5118	95.5787	470.1118	95.0926	474.9801	95.1389	477.0575	94.9074	
25/08/2017	00:32:52	019001	G523106606HLR	L523	S		0.0000	0.0000	0.0000	0.0000	0.0000	0.8230	0.0000	0.0000	0.0000	0.0000	0.0000	0.0000	0.0000	0.9300	0.0000	0.0000	0.0000	0.0000	0.0000	0.0000	0.0000	0.0000	0.0000	0.8230	0.0000	0.0000	0.0000	0.0000	0.0000	0.0000	0.0000	0.0000	0.0000	0	42	27.3626	1.0000	04	1	0.0000	0	0	0	0	0	0	0.0000	0	0.0000	0.0000	0.0000	0.0000	0.0000	0.0000	0.0000	0.0000	0.0000	0.0000	0.0000	0.0000	0.0000	0.0000	0.0000	0.0000	
25/08/2017	00:34:52	019001	G523106636HLR	L523	S		0.0000	0.0000	0.0000	0.0000	0.0000	0.8230	0.0000	0.0000	0.0000	0.0000	0.0000	0.0000	0.0000	0.9300	0.0000	0.0000	0.0000	0.0000	0.0000	0.0000	0.0000	0.0000	0.0000	0.8230	0.0000	0.0000	0.0000	0.0000	0.0000	0.0000	0.0000	0.0000	0.0000	0	42	27.3626	1.0000	04	1	0.0000	0	0	0	0	0	0	0.0000	0	0.0000	0.0000	0.0000	0.0000	0.0000	0.0000	0.0000	0.0000	0.0000	0.0000	0.0000	0.0000	0.0000	0.0000	0.0000	0.0000	
25/08/2017	00:35:11	019001	G523107557HLR	L523	S		427.0143	1.0311	3.8102	99.9923	40.4293	0.8230	0.8273	5.0000	17.2422	508.0549	94.8843	19.6518	24.1000	0.9300	0.9326	0.6124	-0.0003	508.0000	507.1137	1.0285	10.9436	99.9825	39.3000	0.8230	0.8215	5.0000	-9999.0000	-9999.0000	-9999.0000	-9999.0000	-9999.0000	-9999.0000	17.5723	5	0	185.0928	1.0000	04	1	-9999.0000	31384	59894	-9999	2745	2716	-9999	307.8245	5	0.6065	0.6124	-0.0003	56.0368	0.9554	467.3590	341.3065	38.5417	456.1130	95.6713	463.2584	94.9537	466.8256	94.9537	470.3934	94.9306	
25/08/2017	00:35:47	019001	G523107567HLR	L523	S		434.7058	1.0311	3.4276	100.0272	40.0651	0.8230	0.8261	5.0000	17.3012	508.0199	94.9074	18.6419	24.0000	0.9300	0.9323	0.6124	-0.0003	508.0000	507.6853	1.0285	11.0148	99.9112	39.4112	0.8230	0.8214	5.0000	-9999.0000	-9999.0000	-9999.0000	-9999.0000	-9999.0000	-9999.0000	17.5316	6	0	36.2740	1.0000	04	1	-9999.0000	31385	59895	-9999	2746	2717	-9999	307.9309	5	0.6065	0.6124	-0.0003	56.0368	0.9554	469.5185	327.9356	38.7500	454.5534	95.5556	466.0424	94.7917	469.1737	94.7454	471.6398	94.8843	
25/08/2017	00:36:18	019001	G523106609HLR	L523	S		430.2260	1.0311	3.6504	99.9229	39.4599	0.8230	0.8260	5.0000	17.0919	508.0343	94.8843	18.7122	24.0000	0.9300	0.9322	0.6132	-0.0004	508.0000	507.4571	1.0285	10.9864	99.9785	39.1000	0.8230	0.8212	5.0000	-9999.0000	-9999.0000	-9999.0000	-9999.0000	-9999.0000	-9999.0000	18.0727	7	0	30.6140	1.0000	04	1	-9999.0000	31386	59896	-9999	2747	2718	-9999	307.9512	5	0.6067	0.6132	-0.0004	56.7019	0.9326	468.5967	334.5753	38.2639	455.6938	95.7870	464.6218	94.9306	468.2008	94.9074	471.8723	94.9074	
25/08/2017	00:36:46	019001	G523106590HLR	L523	S		436.0345	1.0311	3.3615	99.9536	39.5802	0.8230	0.8274	5.0000	17.0975	508.0554	94.9537	15.8721	24.0000	0.9300	0.9322	0.6125	-0.0003	508.0000	508.6074	1.0285	11.1296	99.8733	39.3000	0.8230	0.8216	5.0000	-9999.0000	-9999.0000	-9999.0000	-9999.0000	-9999.0000	-9999.0000	17.5419	8	0	28.0132	1.0000	04	1	-9999.0000	31387	59897	-9999	2748	2719	-9999	308.5894	5	0.6068	0.6125	-0.0003	53.6127	1.1219	474.9291	333.1861	39.2361	459.4275	95.4167	470.5730	95.0000	474.3785	94.9537	478.2816	94.9074	
25/08/2017	00:37:19	019001	G523106612HLR	L523	S		423.3495	1.0311	3.9926	100.0455	40.3006	0.8230	0.8278	5.0000	17.3019	508.0384	94.8843	21.6423	23.9000	0.9300	0.9323	0.6117	-0.0003	508.0000	508.1731	1.0285	11.0755	100.0937	39.3000	0.8230	0.8212	5.0000	-9999.0000	-9999.0000	-9999.0000	-9999.0000	-9999.0000	-9999.0000	17.7727	1	0	33.7748	1.0000	04	1	-9999.0000	31388	59898	-9999	2749	2720	-9999	307.7726	5	0.6069	0.6117	-0.0003	54.9966	1.0292	463.5080	337.7271	40.6481	442.7232	95.3704	454.8999	95.0926	463.0012	95.0926	465.9503	94.9537	
25/08/2017	00:37:56	019001	G523106640HLR	L523	S		427.0748	1.0311	3.8072	100.0744	40.2892	0.8230	0.8266	5.0000	17.1320	508.0529	94.9537	24.7725	24.1000	0.9300	0.9330	0.6117	-0.0003	508.0000	507.1114	1.0285	10.9433	99.8310	39.2500	0.8230	0.8212	5.0000	-9999.0000	-9999.0000	-9999.0000	-9999.0000	-9999.0000	-9999.0000	17.4710	2	0	36.2337	1.0000	04	1	-9999.0000	31389	59899	-9999	2750	2721	-9999	307.5193	5	0.6071	0.6117	-0.0003	52.3010	1.2295	457.2733	298.9435	38.6574	445.9253	96.4815	453.1693	95.7407	456.5832	95.6481	459.8189	95.0694	
25/08/2017	00:38:35	019001	G523107563HLR	L523	S		439.4289	1.0311	3.1926	99.9718	39.3046	0.8230	0.8262	5.0000	17.0519	508.0271	94.9074	18.6624	24.0000	0.9300	0.9323	0.6105	-0.0002	508.0000	510.1977	1.0285	11.3275	100.0203	39.2500	0.8230	0.8212	5.0000	-9999.0000	-9999.0000	-9999.0000	-9999.0000	-9999.0000	-9999.0000	17.5023	3	0	38.9851	1.0000	04	1	-9999.0000	31390	59900	-9999	2751	2722	-9999	308.2975	5	0.6070	0.6105	-0.0002	43.8006	1.7862	473.2615	338.6025	37.1528	459.9186	96.3889	468.9939	95.3009	472.7916	95.2083	475.9805	94.9537	
25/08/2017	00:39:01	019001	G523106651HLR	L523	S		437.5409	1.0311	3.2865	99.9670	39.7088	0.8230	0.8282	5.0000	17.0314	508.0420	94.9306	16.5616	23.9000	0.9300	0.9322	0.6113	-0.0002	508.0000	509.7072	1.0285	11.2665	99.9878	39.2486	0.8230	0.8211	5.0000	-9999.0000	-9999.0000	-9999.0000	-9999.0000	-9999.0000	-9999.0000	17.4924	4	0	26.0434	1.0000	04	1	-9999.0000	31391	59901	-9999	2752	2723	-9999	308.5021	5	0.6069	0.6113	-0.0002	39.7922	2.0438	477.1006	336.9137	39.0278	455.1383	95.8565	471.8178	95.5093	476.6959	95.5093	479.6541	94.9074	
25/08/2017	00:39:26	019001	G523106680HLR	L523	S		429.4349	1.0311	3.6898	100.0101	40.5449	0.8230	0.8276	5.0000	17.4923	508.0260	94.9074	21.7927	23.9000	0.9300	0.9323	0.6102	-0.0002	508.0000	508.7534	1.0285	11.1477	99.8299	39.2386	0.8230	0.8211	5.0000	-9999.0000	-9999.0000	-9999.0000	-9999.0000	-9999.0000	-9999.0000	17.5322	5	0	25.6523	1.0000	04	1	-9999.0000	31392	59902	-9999	2753	2724	-9999	307.8561	5	0.6068	0.6102	-0.0002	54.4121	1.1293	463.7434	336.9538	38.7500	453.3692	95.9259	459.9423	95.2778	463.1478	95.2778	466.6291	94.9769	
25/08/2017	00:39:54	019001	G523105888HLR	L523	S		0.0000	0.0000	0.0000	0.0000	0.0000	0.8230	0.0000	0.0000	0.0000	0.0000	0.0000	0.0000	0.0000	0.9300	0.0000	0.0000	0.0000	0.0000	0.0000	0.0000	0.0000	0.0000	0.0000	0.8230	0.0000	0.0000	0.0000	0.0000	0.0000	0.0000	0.0000	0.0000	0.0000	0	42	25.6523	1.0000	04	1	0.0000	0	0	0	0	0	0	0.0000	0	0.0000	0.0000	0.0000	0.0000	0.0000	0.0000	0.0000	0.0000	0.0000	0.0000	0.0000	0.0000	0.0000	0.0000	0.0000	0.0000	
25/08/2017	00:40:15	019001	G523106663HLR	L523	S		427.6937	1.0311	3.7764	99.9609	40.1240	0.8230	0.8262	5.0000	17.0607	508.0350	94.9769	24.7237	23.9000	0.9300	0.9322	0.6100	-0.0002	508.0000	507.9382	1.0285	11.0462	99.9071	39.2500	0.8230	0.8214	5.0000	-9999.0000	-9999.0000	-9999.0000	-9999.0000	-9999.0000	-9999.0000	17.4425	6	0	49.0266	1.0000	04	1	-9999.0000	31393	59903	-9999	2754	2725	-9999	307.7689	5	0.6066	0.6100	-0.0002	51.8485	1.2708	457.4247	328.0496	38.0556	448.4811	95.8796	454.3332	94.9769	457.0977	94.9074	460.6927	94.8843	
25/08/2017	00:40:41	019001	G523106644HLR	L523	S		423.7448	1.0311	3.9729	100.0093	39.4164	0.8230	0.8259	5.0000	17.2423	508.0320	95.0000	26.9935	23.8000	0.9300	0.9322	0.6086	-0.0001	508.0000	507.4258	1.0285	10.9825	99.9194	39.3302	0.8230	0.8215	5.0000	-9999.0000	-9999.0000	-9999.0000	-9999.0000	-9999.0000	-9999.0000	17.7618	7	0	25.5332	1.0000	04	1	-9999.0000	31394	59904	-9999	2755	2726	-9999	307.6527	5	0.6064	0.6086	-0.0001	50.9265	1.3084	451.4577	333.8752	36.0648	442.0212	95.6250	448.4959	94.9074	451.0432	94.7222	453.8127	94.9537	
25/08/2017	00:41:10	019001	G523106653HLR	L523	S		442.1086	1.0311	3.0593	99.9767	39.6457	0.8230	0.8277	5.0000	17.3018	508.0533	95.0231	14.5721	23.9000	0.9300	0.9321	0.6086	-0.0001	508.0000	508.5512	1.0285	11.1226	99.9563	39.1895	0.8230	0.8207	5.0000	-9999.0000	-9999.0000	-9999.0000	-9999.0000	-9999.0000	-9999.0000	17.6330	8	0	29.4929	1.0000	04	1	-9999.0000	31395	59905	-9999	2756	2727	-9999	308.4237	5	0.6064	0.6086	-0.0001	50.9265	1.3084	480.2155	326.6608	37.9167	466.4910	95.3472	475.9366	95.0463	479.6375	94.9306	483.3547	94.8611	
25/08/2017	00:41:42	019001	G523106652HLR	L523	S		437.4551	1.0311	3.2908	99.9756	40.5000	0.8230	0.8272	5.0000	17.2921	508.0724	95.0694	13.6921	23.9000	0.9300	0.9324	0.6075	-0.0001	508.0000	506.7061	1.0285	10.8929	99.9861	39.1847	0.8230	0.8214	5.0000	-9999.0000	-9999.0000	-9999.0000	-9999.0000	-9999.0000	-9999.0000	17.5323	1	0	32.0343	1.0000	04	1	-9999.0000	31396	59906	-9999	2756	2728	-9999	308.2311	5	0.6061	0.6075	-0.0001	52.2164	1.2432	482.0459	346.6287	39.1898	468.1295	95.2546	476.9080	94.9074	481.5482	94.9537	486.0626	94.9074	
25/08/2017	00:42:16	019001	G523105861HLR	L523	S		433.2555	1.0311	3.4997	99.9672	40.0000	0.8230	0.8261	5.0000	17.1425	508.0201	94.9074	17.2121	24.0000	0.9300	0.9325	0.6057	0.0000	508.0000	508.9596	1.0285	11.1734	99.9085	39.3500	0.8230	0.8215	5.0000	-9999.0000	-9999.0000	-9999.0000	-9999.0000	-9999.0000	-9999.0000	17.9913	2	0	33.4140	1.0000	04	1	-9999.0000	31397	59907	-9999	2757	2729	-9999	307.9381	5	0.6059	0.6057	0.0000	55.3467	1.0299	476.0385	343.5676	40.9259	463.3456	95.1389	472.0298	95.2083	475.5904	95.2315	478.6443	94.9074	
25/08/2017	00:42:43	019001	G523108030HLR	L523	S		436.6507	1.0311	3.3308	99.9681	39.4375	0.8230	0.8259	5.0000	17.2824	508.0475	95.0231	12.8717	24.0000	0.9300	0.9325	0.6057	0.0000	508.0000	504.5546	1.0285	10.6251	99.8818	39.3201	0.8230	0.8211	5.0000	-9999.0000	-9999.0000	-9999.0000	-9999.0000	-9999.0000	-9999.0000	17.4621	3	0	27.6031	1.0000	04	1	-9999.0000	31398	59908	-9999	2758	2730	-9999	307.8351	5	0.6059	0.6057	0.0000	55.3467	1.0299	482.5221	322.8065	37.0833	469.3500	95.7407	478.5038	94.9537	482.1666	94.9537	485.7327	94.9074	
25/08/2017	00:43:13	019001	G523107998HLR	L523	S		436.9505	1.0311	3.3159	99.9503	40.0283	0.8230	0.8281	5.0000	17.2520	508.0368	94.9074	18.0120	24.0000	0.9300	0.9326	0.6064	-0.0000	508.0000	507.4462	1.0285	10.9850	99.9159	39.2500	0.8230	0.8210	5.0000	-9999.0000	-9999.0000	-9999.0000	-9999.0000	-9999.0000	-9999.0000	17.5518	4	0	29.3140	1.0000	04	1	-9999.0000	31399	59909	-9999	2759	2731	-9999	307.8764	5	0.6061	0.6064	-0.0000	52.6542	1.1413	476.2660	339.2801	36.8287	463.2566	96.1343	471.2603	95.4861	475.8191	95.4630	477.9794	94.8380	
25/08/2017	00:43:43	019001	G523108018HLR	L523	S		436.8301	1.0311	3.3219	99.9777	40.4224	0.8230	0.8273	5.0000	17.3019	508.0256	94.9074	20.0532	23.9000	0.9300	0.9324	0.6064	-0.0000	508.0000	510.1119	1.0285	11.3168	99.9798	39.2964	0.8230	0.8213	5.0000	-9999.0000	-9999.0000	-9999.0000	-9999.0000	-9999.0000	-9999.0000	17.5022	5	0	29.8737	1.0000	04	1	-9999.0000	31400	59910	-9999	2760	2732	-9999	307.8732	5	0.6059	0.6064	-0.0000	52.9001	1.1357	472.2868	335.6742	37.8704	457.3787	95.6481	469.1829	94.9074	471.8998	94.8843	474.2418	94.9074	
25/08/2017	00:44:11	019001	G523108019HLR	L523	S		433.8902	1.0311	3.4681	99.9363	39.9848	0.8230	0.8261	5.0000	17.1611	508.0706	94.9537	21.8825	23.9000	0.9300	0.9323	0.6086	-0.0001	508.0000	508.5766	1.0285	11.1257	99.8376	39.3500	0.8230	0.8213	5.0000	-9999.0000	-9999.0000	-9999.0000	-9999.0000	-9999.0000	-9999.0000	17.4522	6	0	28.4527	1.0000	04	1	-9999.0000	31401	59911	-9999	2761	2733	-9999	307.8979	5	0.6063	0.6086	-0.0001	53.3960	1.1073	465.4865	329.2268	38.5880	456.6478	95.4398	461.4127	94.8148	465.1544	94.6991	468.5122	94.9074	
25/08/2017	00:44:40	019001	G523108015HLR	L523	S		436.0784	1.0311	3.3593	99.9781	39.3982	0.8230	0.8262	5.0000	17.0313	508.0364	94.9769	15.6425	23.9000	0.9300	0.9322	0.6092	-0.0002	508.0000	508.8161	1.0285	11.1555	100.0522	39.3000	0.8230	0.8211	5.0000	-9999.0000	-9999.0000	-9999.0000	-9999.0000	-9999.0000	-9999.0000	17.6018	7	0	29.0338	1.0000	04	1	-9999.0000	31402	59912	-9999	2762	2734	-9999	308.2431	5	0.6063	0.6092	-0.0002	52.2611	1.1532	476.9862	332.8793	36.6435	463.8944	95.6713	472.5120	94.8843	476.6650	94.7917	480.1998	94.8843	
25/08/2017	00:45:09	019001	G523108033HLR	L523	S		434.5909	1.0311	3.4333	99.9678	39.7383	0.8230	0.8278	5.0000	17.1330	508.0105	94.9306	17.8420	23.9000	0.9300	0.9323	0.6094	-0.0002	508.0000	508.6455	1.0285	11.1343	100.0555	39.3000	0.8230	0.8212	5.0000	-9999.0000	-9999.0000	-9999.0000	-9999.0000	-9999.0000	-9999.0000	17.5618	8	0	28.4840	1.0000	04	1	-9999.0000	31403	59913	-9999	2763	2735	-9999	308.0691	5	0.6063	0.6094	-0.0002	52.6375	1.1371	473.5763	335.0967	39.0972	461.8767	95.2546	469.1554	94.7917	473.0662	94.8148	476.0423	94.8843	
25/08/2017	00:45:41	019001	G523105855HLR	L523	S		435.2870	1.0311	3.3987	99.9919	40.3862	0.8230	0.8277	5.0000	17.3223	508.0316	94.9074	17.8918	23.9000	0.9300	0.9323	0.6099	-0.0002	508.0000	508.4112	1.0285	11.1051	100.0632	39.3064	0.8230	0.8213	5.0000	-9999.0000	-9999.0000	-9999.0000	-9999.0000	-9999.0000	-9999.0000	17.5226	1	0	32.0636	1.0000	04	3	-9999.0000	31404	59914	-9999	2764	2736	-9999	308.0879	5	0.6063	0.6099	-0.0002	52.6404	1.1171	472.2817	332.1963	38.0787	460.8151	95.5324	467.4727	94.7685	471.7855	94.7454	474.4322	94.9074	
25/08/2017	00:46:12	019001	G523105875HLR	L523	S		437.6629	1.0311	3.2805	99.9443	40.1343	0.8230	0.8261	5.0000	18.0022	508.0286	94.9306	16.9220	23.9000	0.9300	0.9323	0.6093	-0.0002	508.0000	508.4744	1.0285	11.1130	100.0676	39.3128	0.8230	0.8212	5.0000	-9999.0000	-9999.0000	-9999.0000	-9999.0000	-9999.0000	-9999.0000	17.5724	2	0	31.4142	1.0000	04	3	-9999.0000	31405	59915	-9999	2765	2737	-9999	308.2396	5	0.6063	0.6093	-0.0002	54.0986	1.0410	474.1202	330.7828	36.5509	460.9909	95.9259	470.0785	94.8843	473.7412	94.8611	476.5663	94.9074	
25/08/2017	00:46:39	019001	G523105865HLR	L523	S		440.3142	1.0311	3.1485	100.0042	39.4808	0.8230	0.8259	5.0000	17.1123	508.0447	94.9074	17.0421	23.9000	0.9300	0.9324	0.6100	-0.0002	508.0000	508.9840	1.0285	11.1764	100.0798	39.3000	0.8230	0.8211	5.0000	-9999.0000	-9999.0000	-9999.0000	-9999.0000	-9999.0000	-9999.0000	17.5617	3	0	26.7432	1.0000	04	3	-9999.0000	31406	59916	-9999	2766	2738	-9999	308.1888	5	0.6063	0.6100	-0.0002	54.6004	1.0190	475.5221	334.1609	36.3194	462.4947	95.9028	471.3802	95.1620	474.9171	95.1389	478.0737	94.9306	
25/08/2017	00:47:07	019001	G523105846HLR	L523	S		434.6859	1.0311	3.4286	99.9662	39.4178	0.8230	0.8272	5.0000	17.2023	508.0501	94.9306	17.0421	23.9000	0.9300	0.9324	0.6144	-0.0005	508.0000	509.0896	1.0285	11.1896	99.8061	39.3000	0.8230	0.8211	5.0000	-9999.0000	-9999.0000	-9999.0000	-9999.0000	-9999.0000	-9999.0000	17.5129	4	0	28.1831	1.0000	04	3	-9999.0000	31407	59917	-9999	2767	2739	-9999	308.1148	5	0.6063	0.6144	-0.0005	58.6316	0.7737	475.4408	338.3030	38.2870	458.7978	95.5324	470.5895	95.1620	474.9975	95.1157	477.6910	94.9306	
25/08/2017	00:47:38	019001	G523105845HLR	L523	S		437.3154	1.0311	3.2977	99.9842	40.1960	0.8230	0.8282	5.0000	17.1125	508.0511	94.9074	20.0825	23.9000	0.9300	0.9326	0.6154	-0.0005	508.0000	509.9897	1.0285	11.3016	100.0571	39.3000	0.8230	0.8213	5.0000	-9999.0000	-9999.0000	-9999.0000	-9999.0000	-9999.0000	-9999.0000	17.5726	5	0	31.3641	1.0000	04	3	-9999.0000	31408	59918	-9999	2768	2740	-9999	307.2899	5	0.6062	0.6154	-0.0005	60.6563	0.6640	466.0587	331.7815	37.2454	454.2361	95.8333	462.2173	94.8148	465.5250	94.8148	469.2500	94.9074	
25/08/2017	00:48:06	019001	G523105874HLR	L523	S		436.9989	1.0311	3.3135	99.9999	40.5000	0.8230	0.8269	5.0000	17.3018	508.0477	94.9074	19.9116	23.9000	0.9300	0.9325	0.6145	-0.0005	508.0000	509.3939	1.0285	11.2275	99.9185	39.3500	0.8230	0.8213	5.0000	-9999.0000	-9999.0000	-9999.0000	-9999.0000	-9999.0000	-9999.0000	17.5227	6	0	28.1637	1.0000	04	3	-9999.0000	31409	59919	-9999	2769	2741	-9999	307.3005	5	0.6060	0.6145	-0.0005	60.6769	0.6517	465.5923	325.3403	36.4352	453.5615	95.9722	461.1423	94.9074	464.9638	94.8843	468.4718	94.9306	
25/08/2017	00:48:36	019001	G523105873HLR	L523	S		438.0083	1.0311	3.2633	100.0196	39.8944	0.8230	0.8259	5.0000	17.2013	508.0396	95.0231	14.7723	24.0000	0.9300	0.9324	0.6145	-0.0005	508.0000	508.7338	1.0285	11.1453	99.9195	39.3016	0.8230	0.8210	5.0000	-9999.0000	-9999.0000	-9999.0000	-9999.0000	-9999.0000	-9999.0000	17.4924	7	0	29.8435	1.0000	04	3	-9999.0000	31410	59920	-9999	2770	2742	-9999	308.5565	5	0.6060	0.6145	-0.0005	60.6769	0.6517	477.4763	325.3279	37.1296	463.8885	95.7639	472.1589	95.2546	476.7514	95.2315	480.7892	94.8843	
25/08/2017	00:49:07	019001	G523105854HLR	L523	S		435.9064	1.0311	3.3678	100.0268	39.3371	0.8230	0.8264	5.0000	17.0528	508.0282	94.9537	16.7120	24.0000	0.9300	0.9325	0.6093	-0.0002	508.0000	508.7234	1.0285	11.1440	99.8440	39.3000	0.8230	0.8212	5.0000	-9999.0000	-9999.0000	-9999.0000	-9999.0000	-9999.0000	-9999.0000	17.5517	8	0	30.9928	1.0000	04	3	-9999.0000	31411	59921	-9999	2771	2743	-9999	308.0622	5	0.6053	0.6093	-0.0002	65.4635	0.3907	472.9958	327.8214	38.0556	458.7611	95.6250	468.3407	94.9537	472.1974	95.0463	476.0127	94.9074	
25/08/2017	00:49:40	019001	G523105853HLR	L523	S		436.6499	1.0311	3.3309	99.9888	39.6703	0.8230	0.8278	5.0000	17.2921	508.0405	94.9074	19.4027	24.0000	0.9300	0.9326	0.6183	-0.0007	508.0000	509.2784	1.0285	11.2131	100.0047	39.3428	0.8230	0.8212	5.0000	-9999.0000	-9999.0000	-9999.0000	-9999.0000	-9999.0000	-9999.0000	17.5226	1	0	32.2148	1.0000	04	3	-9999.0000	31412	59922	-9999	2772	2744	-9999	307.5320	5	0.6049	0.6183	-0.0007	67.5873	0.2866	471.9438	341.4986	38.1944	460.1507	95.4398	468.0664	94.9769	471.5110	94.9306	474.3333	94.9769	
25/08/2017	00:50:10	019001	G523105882HLR	L523	S		435.4928	1.0311	3.3884	99.9136	40.4094	0.8230	0.8277	5.0000	17.2824	508.0747	94.9306	16.6817	24.0000	0.9300	0.9324	0.6139	-0.0005	508.0000	507.7001	1.0285	11.0166	99.9034	39.3000	0.8230	0.8211	5.0000	-9999.0000	-9999.0000	-9999.0000	-9999.0000	-9999.0000	-9999.0000	17.5021	2	0	30.5828	1.0000	04	3	-9999.0000	31413	59923	-9999	2773	2745	-9999	307.8767	5	0.6052	0.6139	-0.0005	65.5352	0.3908	469.3919	327.6588	37.3843	456.1345	95.8102	464.9754	94.8611	468.9294	94.8148	472.6306	94.8843	
25/08/2017	00:50:42	019001	G523105841HLR	L523	S		431.9026	1.0311	3.5670	99.9350	40.2000	0.8230	0.8263	5.0000	17.2618	508.0641	94.9074	17.8517	23.9000	0.9300	0.9324	0.6166	-0.0007	508.0000	508.2294	1.0285	11.0825	99.9990	39.3000	0.8230	0.8211	5.0000	-9999.0000	-9999.0000	-9999.0000	-9999.0000	-9999.0000	-9999.0000	17.5823	3	0	32.0644	1.0000	04	3	-9999.0000	31414	59924	-9999	2774	2746	-9999	307.4862	5	0.6052	0.6166	-0.0007	68.0363	0.2489	469.9862	330.5709	38.5185	456.0623	95.5556	465.4128	95.0926	469.3309	95.1157	473.0642	94.9537	
25/08/2017	00:51:14	019001	G523105842HLR	L523	S		438.2874	1.0311	3.2494	99.9815	39.5653	0.8230	0.8259	5.0000	17.0723	508.0259	94.9074	19.5424	23.9000	0.9300	0.9323	0.6179	-0.0007	508.0000	508.7073	1.0285	11.1420	99.8729	39.3000	0.8230	0.8212	5.0000	-9999.0000	-9999.0000	-9999.0000	-9999.0000	-9999.0000	-9999.0000	17.5920	4	0	31.7841	1.0000	04	3	-9999.0000	31415	59925	-9999	2775	2746	-9999	306.7679	5	0.6051	0.6179	-0.0007	66.7311	0.3144	464.7711	328.4104	37.3843	451.4522	95.8102	461.1037	94.7222	464.0849	94.7917	468.6216	94.8843	
25/08/2017	00:51:47	019001	G523105852HLR	L523	S		432.0519	1.0311	3.5596	99.9684	39.4042	0.8230	0.8270	5.0000	17.1818	508.0384	94.8843	20.2622	23.9000	0.9300	0.9323	0.6185	-0.0008	508.0000	506.2865	1.0285	10.8406	99.9386	39.3190	0.8230	0.8211	5.0000	-9999.0000	-9999.0000	-9999.0000	-9999.0000	-9999.0000	-9999.0000	17.5628	5	0	32.9435	1.0000	04	3	-9999.0000	31416	59926	-9999	2776	2747	-9999	306.4902	5	0.6051	0.6185	-0.0008	67.0466	0.2895	461.1800	326.9700	36.5741	447.7755	96.0880	456.1860	95.2778	460.6861	95.3009	464.4053	94.8843	
25/08/2017	00:52:18	019001	G523105862HLR	L523	S		430.6761	1.0311	3.6281	100.0583	40.2411	0.8230	0.8276	5.0000	19.0725	508.0393	94.8843	19.1127	23.9000	0.9300	0.9323	0.6189	-0.0008	508.0000	506.2869	1.0285	10.8407	99.9470	39.3000	0.8230	0.8212	5.0000	-9999.0000	-9999.0000	-9999.0000	-9999.0000	-9999.0000	-9999.0000	17.5218	6	0	30.7742	1.0000	04	3	-9999.0000	31417	59927	-9999	2777	2748	-9999	306.8872	5	0.6050	0.6189	-0.0008	67.0953	0.2879	462.7165	324.7158	39.2593	449.4365	95.4398	457.9035	94.9537	461.9825	94.8843	465.7693	94.9074	
25/08/2017	00:52:45	019001	G523107987HLR	L523	S		433.4061	1.0311	3.4922	99.9680	40.4000	0.8230	0.8268	5.0000	17.1515	508.0398	94.8843	20.1226	23.9000	0.9300	0.9324	0.6185	-0.0008	508.0000	505.3737	1.0285	10.7270	100.0110	39.3000	0.8230	0.8211	5.0000	-9999.0000	-9999.0000	-9999.0000	-9999.0000	-9999.0000	-9999.0000	17.5726	7	0	27.2426	1.0000	04	3	-9999.0000	31418	59928	-9999	2778	2749	-9999	306.4359	5	0.6047	0.6185	-0.0008	70.0120	0.1255	460.4060	332.0531	37.9861	446.9933	95.6481	456.0028	94.8843	459.9940	94.8843	463.1615	94.9306	
25/08/2017	00:53:12	019001	G523107991HLR	L523	S		433.6390	1.0311	3.4806	99.9857	39.7942	0.8230	0.8259	5.0000	17.2617	508.0377	94.8843	20.2730	23.9000	0.9300	0.9323	0.6184	-0.0008	508.0000	506.0977	1.0285	10.8171	100.0074	39.3000	0.8230	0.8212	5.0000	-9999.0000	-9999.0000	-9999.0000	-9999.0000	-9999.0000	-9999.0000	17.6525	8	0	26.8939	1.0000	04	3	-9999.0000	31419	59929	-9999	2779	2750	-9999	306.3065	5	0.6047	0.6184	-0.0008	70.4542	0.1285	460.2241	320.6732	37.0370	447.3416	95.9491	456.4290	94.8611	459.7602	94.7917	463.4321	94.9306	
25/08/2017	00:53:41	019001	G523108028HLR	L523	S		434.0321	1.0311	3.4611	99.9838	39.4000	0.8230	0.8266	5.0000	17.2120	508.0492	94.9074	21.0319	23.9000	0.9300	0.9324	0.6161	-0.0006	508.0000	506.2064	1.0285	10.8307	100.0059	39.3016	0.8230	0.8213	5.0000	-9999.0000	-9999.0000	-9999.0000	-9999.0000	-9999.0000	-9999.0000	17.5119	1	0	29.0533	1.0000	04	3	-9999.0000	31420	59930	-9999	2780	2751	-9999	306.0216	5	0.6048	0.6161	-0.0006	67.7043	0.2797	459.6845	331.5414	38.9583	446.7404	95.5556	455.7948	95.0231	459.3933	94.9537	462.2012	94.9306	
25/08/2017	00:54:08	019001	G523107988HLR	L523	S		432.7652	1.0311	3.5241	100.0725	39.9357	0.8230	0.8279	5.0000	17.2315	508.0400	94.8843	19.3021	23.9000	0.9300	0.9323	0.6120	-0.0004	508.0000	507.1749	1.0285	10.9512	99.9953	39.3500	0.8230	0.8213	5.0000	-9999.0000	-9999.0000	-9999.0000	-9999.0000	-9999.0000	-9999.0000	17.4924	2	0	27.3334	1.0000	04	3	-9999.0000	31421	59931	-9999	2781	2752	-9999	306.9439	5	0.6051	0.6120	-0.0004	68.5899	0.2292	463.3621	327.8239	38.4954	452.0162	95.6250	458.9962	94.9074	463.0574	94.8611	466.8430	94.9074	
25/08/2017	00:54:35	019001	G523107993HLR	L523	S		437.4652	1.0311	3.2903	100.0057	40.4876	0.8230	0.8269	5.0000	17.3224	508.0626	95.0231	15.2821	23.9000	0.9300	0.9323	0.6120	-0.0004	508.0000	507.8640	1.0285	11.0370	100.0168	39.3500	0.8230	0.8211	5.0000	-9999.0000	-9999.0000	-9999.0000	-9999.0000	-9999.0000	-9999.0000	17.5725	3	0	26.6632	1.0000	04	3	-9999.0000	31422	59932	-9999	2782	2753	-9999	308.0942	5	0.6051	0.6120	-0.0004	68.5899	0.2292	475.0310	329.7448	38.9352	462.3708	95.4398	470.7770	94.8611	474.4473	94.8611	478.4161	94.9306	
25/08/2017	00:55:05	019001	G523108001HLR	L523	S		438.1538	1.0311	3.2560	99.9957	39.8579	0.8230	0.8260	5.0000	17.1719	508.0414	94.9769	15.4013	23.9000	0.9300	0.9323	0.6095	-0.0002	508.0000	505.5853	1.0285	10.7534	99.9650	39.3000	0.8230	0.8212	5.0000	-9999.0000	-9999.0000	-9999.0000	-9999.0000	-9999.0000	-9999.0000	17.5020	4	0	30.0036	1.0000	04	3	-9999.0000	31423	59933	-9999	2783	2754	-9999	307.9853	5	0.6051	0.6095	-0.0002	72.9604	-0.0288	477.1258	327.8911	36.8981	465.1608	95.9954	473.3273	95.1157	476.6667	95.1389	480.2636	94.9769	
25/08/2017	00:55:39	019001	G523108021HLR	L523	S		437.3588	1.0311	3.2956	99.9712	39.4000	0.8230	0.8261	5.0000	18.0519	508.0408	94.9306	17.0724	23.9000	0.9300	0.9325	0.6101	-0.0003	508.0000	507.2711	1.0285	10.9632	99.9227	39.3468	0.8230	0.8213	5.0000	-9999.0000	-9999.0000	-9999.0000	-9999.0000	-9999.0000	-9999.0000	17.4620	5	0	33.8840	1.0000	04	3	-9999.0000	31424	59934	-9999	2784	2755	-9999	307.7360	5	0.6051	0.6101	-0.0003	81.1289	-0.4065	475.4190	341.9928	38.5880	461.6550	95.6713	469.8370	95.3472	475.1765	95.3241	477.6220	94.9769	
25/08/2017	00:56:08	019001	G523108024HLR	L523	S		436.3372	1.0311	3.3464	99.9879	39.6004	0.8230	0.8276	5.0000	17.2120	508.0366	94.9769	15.8720	24.0000	0.9300	0.9324	0.6107	-0.0003	508.0000	508.4845	1.0285	11.1143	100.0385	39.3500	0.8230	0.8211	5.0000	-9999.0000	-9999.0000	-9999.0000	-9999.0000	-9999.0000	-9999.0000	17.7423	6	0	29.7136	1.0000	04	3	-9999.0000	31425	59934	-9999	2785	2756	-9999	307.9318	5	0.6054	0.6107	-0.0003	69.4625	0.1862	476.5487	334.1084	37.0139	463.4952	95.9491	471.9271	94.9769	475.8793	94.9537	479.8941	94.9306	
25/08/2017	00:56:36	019001	G523108031HLR	L523	S		436.7164	1.0311	3.3275	100.0685	40.3551	0.8230	0.8279	5.0000	17.1125	508.0331	95.0000	14.6824	24.0000	0.9300	0.9325	0.6107	-0.0003	508.0000	507.3540	1.0285	10.9735	99.8794	39.3000	0.8230	0.8210	5.0000	-9999.0000	-9999.0000	-9999.0000	-9999.0000	-9999.0000	-9999.0000	17.5021	7	0	27.3832	1.0000	04	3	-9999.0000	31426	59935	-9999	2786	2757	-9999	308.2662	5	0.6054	0.6107	-0.0003	69.4625	0.1862	479.0628	337.7654	37.8009	464.7541	95.7407	474.6347	94.9769	478.6041	94.9769	481.9976	94.9537	
25/08/2017	00:57:04	019001	G523108007HLR	L523	S		436.6815	1.0311	3.3293	100.0290	40.3000	0.8230	0.8266	5.0000	17.1221	508.0489	94.9074	18.5423	24.0000	0.9300	0.9325	0.6137	-0.0004	508.0000	507.9653	1.0285	11.0496	99.8519	39.3000	0.8230	0.8212	5.0000	-9999.0000	-9999.0000	-9999.0000	-9999.0000	-9999.0000	-9999.0000	17.6124	8	0	28.2232	1.0000	04	3	-9999.0000	31427	59936	-9999	2787	2758	-9999	307.7292	5	0.6058	0.6137	-0.0004	57.7221	0.7544	470.6723	349.1417	38.2870	458.7972	95.7407	466.3557	95.1620	469.9673	95.1852	473.4939	94.9769	
25/08/2017	00:57:34	019001	G523108013HLR	L523	S		428.0419	1.0311	3.7591	100.0110	39.7246	0.8230	0.8259	5.0000	17.6722	508.0824	94.9074	21.9021	23.9000	0.9300	0.9324	0.6105	-0.0003	508.0000	506.4898	1.0285	10.8659	99.9157	39.3500	0.8230	0.8213	5.0000	-9999.0000	-9999.0000	-9999.0000	-9999.0000	-9999.0000	-9999.0000	17.5019	1	0	30.3336	1.0000	04	3	-9999.0000	31428	59937	-9999	2788	2759	-9999	307.2379	5	0.6061	0.6105	-0.0003	59.9626	0.6598	461.3553	325.7551	38.8657	450.6180	95.7176	458.3494	94.9769	461.1006	95.0000	463.9004	94.9769	
25/08/2017	00:58:01	019001	G523108034HLR	L523	S		436.2906	1.0311	3.3487	100.0142	39.4000	0.8230	0.8266	5.0000	17.1417	508.0795	94.9074	18.1917	23.9000	0.9300	0.9322	0.6127	-0.0004	508.0000	505.3650	1.0285	10.7259	99.8102	39.3500	0.8230	0.8212	5.0000	-9999.0000	-9999.0000	-9999.0000	-9999.0000	-9999.0000	-9999.0000	17.5421	2	0	26.6732	1.0000	04	3	-9999.0000	31429	59938	-9999	2789	2760	-9999	307.8963	5	0.6063	0.6127	-0.0004	62.4725	0.5182	470.3425	326.6419	38.0093	459.2481	95.5787	465.6111	95.0000	469.7795	94.9306	473.3749	94.9306	
25/08/2017	00:58:30	019001	G523108026HLR	L523	S		439.3779	1.0311	3.1951	99.9731	40.0289	0.8230	0.8279	5.0000	17.0821	508.0466	94.9537	15.4716	23.9000	0.9300	0.9322	0.6122	-0.0003	508.0000	509.3720	1.0285	11.2247	99.9637	39.3433	0.8230	0.8210	5.0000	-9999.0000	-9999.0000	-9999.0000	-9999.0000	-9999.0000	-9999.0000	17.6720	3	0	28.5240	1.0000	04	3	-9999.0000	31430	59939	-9999	2790	2761	-9999	308.4486	5	0.6063	0.6122	-0.0003	66.3913	0.2769	476.9482	329.9461	37.1759	464.1637	95.6713	472.6250	94.9306	476.5266	94.9074	480.3439	94.9306	
25/08/2017	00:58:57	019001	G523107996HLR	L523	S		440.8067	1.0311	3.1240	99.9784	40.4032	0.8230	0.8270	5.0000	17.3126	508.0392	94.9306	16.7716	23.9000	0.9300	0.9324	0.6119	-0.0003	508.0000	508.1008	1.0285	11.0665	99.8405	39.3000	0.8230	0.8212	5.0000	-9999.0000	-9999.0000	-9999.0000	-9999.0000	-9999.0000	-9999.0000	17.5313	4	0	27.4936	1.0000	04	3	-9999.0000	31431	59940	-9999	2791	2762	-9999	308.1099	5	0.6063	0.6119	-0.0003	57.8308	0.7848	473.9997	325.6991	36.8056	459.4435	95.9259	469.8974	95.1389	473.5198	95.1620	477.0287	94.9306	
25/08/2017	00:59:30	019001	G523107995HLR	L523	S		438.4859	1.0311	3.2395	99.9829	39.9174	0.8230	0.8259	5.0000	17.7228	508.0594	94.8843	18.3518	23.9000	0.9300	0.9323	0.6114	-0.0003	508.0000	509.8991	1.0285	11.2903	100.0287	39.3532	0.8230	0.8212	5.0000	-9999.0000	-9999.0000	-9999.0000	-9999.0000	-9999.0000	-9999.0000	17.8723	5	0	32.6134	1.0000	04	3	-9999.0000	31432	59941	-9999	2792	2763	-9999	307.9086	5	0.6067	0.6114	-0.0003	56.8047	0.8348	471.5360	334.7115	38.8426	458.9274	95.5093	468.2332	95.0463	471.4260	95.0231	475.4938	94.9537	
25/08/2017	01:00:00	019001	G523108025HLR	L523	S		436.7205	1.0311	3.3273	100.0098	39.4000	0.8230	0.8262	5.0000	17.1114	508.0458	95.0000	15.2118	23.9000	0.9300	0.9322	0.6114	-0.0003	508.0000	508.9934	1.0285	11.1776	99.9292	39.3500	0.8230	0.8211	5.0000	-9999.0000	-9999.0000	-9999.0000	-9999.0000	-9999.0000	-9999.0000	17.8216	6	0	30.1735	1.0000	04	3	-9999.0000	31433	59942	-9999	2793	2764	-9999	308.5249	5	0.6067	0.6114	-0.0003	56.8047	0.8348	477.2432	327.8956	37.1528	461.3588	95.7639	471.7908	94.9769	476.7954	95.0000	480.3009	94.9537	
25/08/2017	01:00:26	019001	G523108036HLR	L523	S		441.0076	1.0311	3.1141	99.9655	39.6884	0.8230	0.8276	5.0000	17.3321	508.0296	94.9537	16.5215	23.9000	0.9300	0.9323	0.6075	-0.0000	508.0000	509.0531	1.0285	11.1850	100.0290	39.3500	0.8230	0.8210	5.0000	-9999.0000	-9999.0000	-9999.0000	-9999.0000	-9999.0000	-9999.0000	17.5519	7	0	26.5638	1.0000	04	3	-9999.0000	31434	59943	-9999	2793	2765	-9999	308.2755	5	0.6069	0.6075	-0.0000	55.2636	0.9074	477.2853	327.7436	38.7037	464.9039	95.4861	473.2620	95.1157	476.6763	95.1389	479.9619	94.9537	
25/08/2017	01:00:55	019001	G523108016HLR	L523	S		437.8891	1.0311	3.2692	99.9601	40.3106	0.8230	0.8278	5.0000	17.1015	508.0319	94.9306	16.0019	23.9000	0.9300	0.9322	0.6086	-0.0001	508.0000	507.6169	1.0285	11.0063	99.9662	39.3000	0.8230	0.8211	5.0000	-9999.0000	-9999.0000	-9999.0000	-9999.0000	-9999.0000	-9999.0000	17.5626	8	0	28.5328	1.0000	04	3	-9999.0000	31435	59944	-9999	2794	2766	-9999	308.3133	5	0.6066	0.6086	-0.0001	54.2264	0.9550	477.7782	332.0767	36.0880	464.0550	95.3704	473.0079	95.1157	477.1362	95.1157	480.2654	94.9306	
25/08/2017	01:01:25	019001	G523108022HLR	L523	S		433.7403	1.0311	3.4756	100.0185	40.2114	0.8230	0.8265	5.0000	17.0919	508.0272	94.8843	20.6431	23.9000	0.9300	0.9324	0.6063	-0.0000	508.0000	507.8895	1.0285	11.0402	99.8648	39.3441	0.8230	0.8212	5.0000	-9999.0000	-9999.0000	-9999.0000	-9999.0000	-9999.0000	-9999.0000	17.5119	1	0	29.6540	1.0000	04	3	-9999.0000	31436	59945	-9999	2794	2767	-9999	307.9774	5	0.6063	0.6063	-0.0000	73.4461	-0.1741	468.3021	338.0340	38.4954	457.1478	95.6713	464.3385	95.1852	467.8212	95.2083	470.4986	94.9074	
25/08/2017	01:01:53	019001	G523108039HLR	L523	S		437.9110	1.0311	3.2681	99.9453	39.7000	0.8230	0.8260	5.0000	17.0920	508.0231	94.9074	18.7122	23.9000	0.9300	0.9323	0.6050	0.0001	508.0000	509.3564	1.0285	11.2228	99.9996	39.3994	0.8230	0.8212	5.0000	-9999.0000	-9999.0000	-9999.0000	-9999.0000	-9999.0000	-9999.0000	17.5219	2	0	28.2230	1.0000	04	3	-9999.0000	31437	59946	-9999	2794	2768	-9999	307.9971	5	0.6062	0.6050	0.0001	57.9264	0.7622	473.5937	337.8759	37.3380	460.0418	95.7407	469.7291	94.9074	473.0644	94.8611	476.4239	94.9074	
25/08/2017	01:02:20	019001	G523108073HLR	L523	S		442.1033	1.0311	3.0595	99.9226	39.4401	0.8230	0.8269	5.0000	17.2228	508.0600	95.0463	14.6014	23.9000	0.9300	0.9322	0.6050	0.0001	508.0000	506.9907	1.0285	10.9283	99.9127	39.3500	0.8230	0.8210	5.0000	-9999.0000	-9999.0000	-9999.0000	-9999.0000	-9999.0000	-9999.0000	17.6527	3	0	26.8431	1.0000	04	3	-9999.0000	31438	59947	-9999	2795	2769	-9999	307.8516	5	0.6062	0.6050	0.0001	57.9264	0.7622	482.1539	334.6932	38.3102	468.7139	95.4861	478.2666	94.8380	481.8173	94.8148	485.7287	94.8843	
25/08/2017	01:02:47	019001	G523108060HLR	L523	S		437.9820	1.0311	3.2646	99.9900	40.0471	0.8230	0.8279	5.0000	17.0723	508.0345	94.9074	17.0626	23.9000	0.9300	0.9323	0.6054	0.0000	508.0000	508.7330	1.0285	11.1452	100.0014	39.3000	0.8230	0.8211	5.0000	-9999.0000	-9999.0000	-9999.0000	-9999.0000	-9999.0000	-9999.0000	17.5518	4	0	27.7641	1.0000	04	3	-9999.0000	31439	59948	-9999	2796	2770	-9999	308.0942	5	0.6063	0.6054	0.0000	51.4443	1.1039	476.7719	332.3197	37.4306	462.6607	95.9491	472.6001	95.3472	476.5514	95.3704	478.6149	94.8843	
25/08/2017	01:03:15	019001	G523108050HLR	L523	S		440.0034	1.0311	3.1640	100.0245	40.3780	0.8230	0.8272	5.0000	17.1923	508.0279	94.9074	17.7424	23.9000	0.9300	0.9323	0.6057	0.0000	508.0000	509.5722	1.0285	11.2497	99.9131	39.3500	0.8230	0.8212	5.0000	-9999.0000	-9999.0000	-9999.0000	-9999.0000	-9999.0000	-9999.0000	17.6820	5	0	27.7730	1.0000	04	3	-9999.0000	31440	59949	-9999	2797	2771	-9999	307.9825	5	0.6062	0.6057	0.0000	51.4983	1.1010	477.9665	338.5425	37.0370	463.1765	95.7870	472.2172	95.0463	477.5142	95.0694	480.4881	94.9306	
25/08/2017	01:03:43	019001	G523108037HLR	L523	S		437.4573	1.0311	3.2907	100.0379	39.9443	0.8230	0.8261	5.0000	17.2823	508.0346	94.9537	16.7227	23.9000	0.9300	0.9322	0.6086	-0.0001	508.0000	507.7839	1.0285	11.0270	100.0720	39.3627	0.8230	0.8212	5.0000	-9999.0000	-9999.0000	-9999.0000	-9999.0000	-9999.0000	-9999.0000	17.5215	6	0	27.8539	1.0000	04	3	-9999.0000	31441	59950	-9999	2798	2772	-9999	307.9211	5	0.6062	0.6086	-0.0001	53.3553	0.9611	477.8168	332.3572	36.4352	464.0655	95.9028	472.6536	94.9769	477.3778	94.9537	479.5653	94.9306	
25/08/2017	01:04:10	019001	G523108040HLR	L523	S		437.7326	1.0311	3.2770	100.0236	39.4104	0.8230	0.8262	5.0000	17.1425	508.0367	94.9769	14.8827	24.0000	0.9300	0.9323	0.6086	-0.0001	508.0000	508.0510	1.0285	11.0603	100.0245	39.3500	0.8230	0.8211	5.0000	-9999.0000	-9999.0000	-9999.0000	-9999.0000	-9999.0000	-9999.0000	17.5522	7	0	27.2132	1.0000	04	3	-9999.0000	31442	59951	-9999	2799	2773	-9999	308.1469	5	0.6062	0.6086	-0.0001	53.3553	0.9611	479.5431	326.0425	37.6157	464.9849	95.6944	474.6798	95.0463	479.1776	95.0694	482.0069	94.9074	
25/08/2017	01:04:38	019001	G523108071HLR	L523	S		442.8874	1.0311	3.0205	99.9834	39.6453	0.8230	0.8276	5.0000	17.3215	508.0301	94.9537	16.3516	24.0000	0.9300	0.9323	0.6183	-0.0007	508.0000	510.1815	1.0285	11.3255	99.9740	39.3500	0.8230	0.8211	5.0000	-9999.0000	-9999.0000	-9999.0000	-9999.0000	-9999.0000	-9999.0000	17.5324	8	0	28.0034	1.0000	04	3	-9999.0000	31443	59952	-9999	2800	2774	-9999	307.8938	5	0.6058	0.6183	-0.0007	42.4840	1.5456	476.3427	331.4576	36.8287	461.0459	95.7639	472.2842	94.9306	475.9656	94.9769	479.3987	94.9306	
25/08/2017	01:05:07	019001	G523108072HLR	L523	S		436.7025	1.0311	3.3282	99.9841	40.2699	0.8230	0.8279	5.0000	17.0919	508.0241	94.9769	15.8320	23.9000	0.9300	0.9322	0.6183	-0.0008	508.0000	508.5662	1.0285	11.1244	100.0751	39.3500	0.8230	0.8212	5.0000	-9999.0000	-9999.0000	-9999.0000	-9999.0000	-9999.0000	-9999.0000	17.5920	1	0	29.1228	1.0000	04	3	-9999.0000	31444	59953	-9999	2801	2775	-9999	308.0842	5	0.6058	0.6183	-0.0008	49.4593	1.1942	472.5473	336.7476	37.9630	454.7170	95.6481	465.8627	95.1157	471.9024	95.1389	475.4911	94.9074	
25/08/2017	01:05:36	019001	G523108083HLR	L523	S		441.5987	1.0311	3.0846	100.0707	40.3000	0.8230	0.8267	5.0000	17.1018	508.0436	94.9306	16.3624	24.0000	0.9300	0.9323	0.6158	-0.0006	508.0000	507.9218	1.0285	11.0442	99.9705	39.3500	0.8230	0.8211	5.0000	-9999.0000	-9999.0000	-9999.0000	-9999.0000	-9999.0000	-9999.0000	17.6223	2	0	28.6342	1.0000	04	3	-9999.0000	31445	59954	-9999	2802	2776	-9999	307.9077	5	0.6060	0.6158	-0.0006	56.4317	0.8182	473.1961	342.0945	38.4954	461.5733	95.4398	468.4892	95.1620	472.8155	95.2083	476.0132	94.9074	
25/08/2017	01:06:04	019001	G523108041HLR	L523	S		436.0803	1.0311	3.3592	100.0382	39.7369	0.8230	0.8259	5.0000	17.7317	508.0522	94.9769	15.2626	23.9000	0.9300	0.9322	0.6158	-0.0006	508.0000	508.0581	1.0285	11.0612	99.8997	39.3500	0.8230	0.8211	5.0000	-9999.0000	-9999.0000	-9999.0000	-9999.0000	-9999.0000	-9999.0000	17.5619	3	0	27.7328	1.0000	04	3	-9999.0000	31446	59955	-9999	2803	2777	-9999	308.2517	5	0.6060	0.6158	-0.0006	56.4317	0.8182	473.4213	332.6369	37.1065	458.9413	95.8102	469.2633	95.1157	473.0450	95.1852	476.8609	94.9306	
25/08/2017	01:06:32	019001	G523108051HLR	L523	S		441.4883	1.0311	3.0901	99.9801	39.4000	0.8230	0.8265	5.0000	17.1515	508.0379	94.9074	16.5020	23.9000	0.9300	0.9322	0.6161	-0.0006	508.0000	508.3670	1.0285	11.0996	99.9918	39.3500	0.8230	0.8211	5.0000	-9999.0000	-9999.0000	-9999.0000	-9999.0000	-9999.0000	-9999.0000	17.6114	4	0	28.7135	1.0000	04	3	-9999.0000	31447	59956	-9999	2804	2778	-9999	307.8254	5	0.6058	0.6161	-0.0006	54.4935	0.9266	473.8920	335.6319	39.3981	459.6723	95.3472	468.8280	95.0926	473.4865	95.0926	476.5574	94.9306	
25/08/2017	01:07:03	019001	G523108075HLR	L523	S		438.9520	1.0311	3.2163	100.0010	39.7936	0.8230	0.8278	5.0000	17.2217	508.0611	94.9074	17.2013	23.9000	0.9300	0.9323	0.6155	-0.0006	508.0000	508.2775	1.0285	11.0885	99.9826	39.3500	0.8230	0.8212	5.0000	-9999.0000	-9999.0000	-9999.0000	-9999.0000	-9999.0000	-9999.0000	17.5324	5	0	30.3240	1.0000	04	3	-9999.0000	31448	59957	-9999	2805	2779	-9999	307.6030	5	0.6057	0.6155	-0.0006	51.8553	1.0558	469.9473	330.7844	36.4352	458.1297	95.9028	466.1301	94.8611	469.5280	94.8611	473.1584	94.8843	
25/08/2017	01:07:28	019001	G523108076HLR	L523	S		437.3432	1.0311	3.2964	100.0325	40.3882	0.8230	0.8275	5.0000	17.0421	508.0287	94.9074	17.1721	23.9000	0.9300	0.9322	0.6157	-0.0006	508.0000	508.0871	1.0285	11.0648	99.9702	39.3500	0.8230	0.8211	5.0000	-9999.0000	-9999.0000	-9999.0000	-9999.0000	-9999.0000	-9999.0000	17.5518	6	0	25.0031	1.0000	04	3	-9999.0000	31449	59958	-9999	2806	2780	-9999	307.5649	5	0.6057	0.6157	-0.0006	61.2746	0.5086	470.0185	331.0634	36.6667	455.4800	95.8796	464.8642	95.0000	469.3908	95.0463	473.1449	94.9074	
25/08/2017	01:07:56	019001	G523108061HLR	L523	S		437.2590	1.0311	3.3005	99.9644	40.1000	0.8230	0.8262	5.0000	17.1524	508.0575	94.9769	15.8027	23.9000	0.9300	0.9323	0.6169	-0.0007	508.0000	508.8966	1.0285	11.1656	99.9973	39.3500	0.8230	0.8211	5.0000	-9999.0000	-9999.0000	-9999.0000	-9999.0000	-9999.0000	-9999.0000	17.6622	7	0	28.2632	1.0000	04	3	-9999.0000	31450	59959	-9999	2807	2781	-9999	308.0765	5	0.6058	0.6169	-0.0007	65.2781	0.2354	473.0083	328.2236	38.9352	459.3256	95.2778	467.7613	94.9074	472.6117	94.8611	476.4718	94.9306	
25/08/2017	01:28:14	019001	G523108161HLR	L523	S		0.0000	0.0000	0.0000	0.0000	0.0000	0.8230	0.0000	0.0000	0.0000	0.0000	0.0000	0.0000	0.0000	0.9300	0.0000	0.0000	0.0000	0.0000	0.0000	0.0000	0.0000	0.0000	0.0000	0.8230	0.0000	0.0000	0.0000	0.0000	0.0000	0.0000	0.0000	0.0000	0.0000	0	42	28.2632	1.0000	12	4	0.0000	0	0	0	0	0	0	0.0000	0	0.0000	0.0000	0.0000	0.0000	0.0000	0.0000	0.0000	0.0000	0.0000	0.0000	0.0000	0.0000	0.0000	0.0000	0.0000	0.0000	
25/08/2017	01:29:22	019001	G523108186HLR	L523	S		0.0000	0.0000	0.0000	0.0000	0.0000	0.8230	0.0000	0.0000	0.0000	0.0000	0.0000	0.0000	0.0000	0.9300	0.0000	0.0000	0.0000	0.0000	0.0000	0.0000	0.0000	0.0000	0.0000	0.8230	0.0000	0.0000	0.0000	0.0000	0.0000	0.0000	0.0000	0.0000	0.0000	0	42	28.2632	1.0000	12	4	0.0000	0	0	0	0	0	0	0.0000	0	0.0000	0.0000	0.0000	0.0000	0.0000	0.0000	0.0000	0.0000	0.0000	0.0000	0.0000	0.0000	0.0000	0.0000	0.0000	0.0000	
25/08/2017	01:29:41	019001	G523108044HLR	L523	S		437.7839	1.0311	3.2744	99.9317	39.5208	0.8230	0.8260	5.0000	17.0921	508.0440	94.9074	17.2423	23.9000	0.9300	0.9323	0.6164	-0.0006	508.0000	507.5154	1.0285	10.9936	99.9279	39.3484	0.8230	0.8212	5.0000	-9999.0000	-9999.0000	-9999.0000	-9999.0000	-9999.0000	-9999.0000	17.5118	8	0	1305.1182	1.0000	04	3	-9999.0000	31451	59960	-9999	2808	2782	-9999	307.5324	5	0.6056	0.6164	-0.0006	79.6841	-0.6152	468.6934	338.9097	37.2685	457.8993	95.1389	465.1005	95.0231	468.2021	95.0231	472.1268	94.9074	
25/08/2017	01:30:07	019001	G523108043HLR	L523	S		436.4074	1.0311	3.3429	100.0286	39.4271	0.8230	0.8272	5.0000	17.1124	508.0284	94.8843	18.3919	23.9000	0.9300	0.9323	0.6168	-0.0007	508.0000	507.1787	1.0285	10.9517	99.9820	39.3835	0.8230	0.8212	5.0000	-9999.0000	-9999.0000	-9999.0000	-9999.0000	-9999.0000	-9999.0000	17.6427	1	0	25.5928	1.0000	04	3	-9999.0000	31452	59960	-9999	2809	2783	-9999	307.1238	5	0.6056	0.6168	-0.0007	79.1746	-0.5850	467.1133	327.8754	39.0278	455.9023	95.5093	462.8387	95.2315	466.6015	95.2083	470.2676	94.9074	
25/08/2017	01:30:33	019001	G523108157HLR	L523	S		445.9797	1.0311	2.8667	99.9487	40.2092	0.8230	0.8279	5.0000	17.8819	508.0570	95.0694	12.0913	23.9000	0.9300	0.9321	0.6168	-0.0007	508.0000	509.0562	1.0285	11.1854	99.9287	38.9500	0.8230	0.8216	5.0000	-9999.0000	-9999.0000	-9999.0000	-9999.0000	-9999.0000	-9999.0000	17.8321	2	0	26.9632	1.0000	12	4	-9999.0000	31453	59961	-9999	2810	2783	-9999	309.2686	5	0.6056	0.6168	-0.0007	79.1746	-0.5850	483.3291	321.8687	38.7963	466.3343	95.1852	477.7357	94.9306	482.7280	94.9537	486.1693	94.9306	
25/08/2017	01:30:59	019001	G523108138HLR	L523	S		439.3282	1.0311	3.1976	99.9915	40.4605	0.8230	0.8269	5.0000	17.2725	508.0349	94.9537	16.3321	24.0000	0.9300	0.9324	0.6131	-0.0004	508.0000	508.5712	1.0285	11.1251	99.9740	39.1377	0.8230	0.8221	5.0000	-9999.0000	-9999.0000	-9999.0000	-9999.0000	-9999.0000	-9999.0000	17.2810	3	0	25.5137	1.0000	12	4	-9999.0000	31454	59962	-9999	2811	2784	-9999	307.8135	5	0.6056	0.6131	-0.0004	83.9217	-0.8711	472.9788	333.6578	39.1204	458.9618	95.3935	468.3392	94.9074	472.4454	94.9537	476.3770	94.9074	
25/08/2017	01:31:24	019001	G523108167HLR	L523	S		445.7600	1.0311	2.8776	100.0141	39.9431	0.8230	0.8259	5.0000	17.8224	508.0425	95.0463	12.1822	23.9000	0.9300	0.9322	0.6131	-0.0004	508.0000	508.3567	1.0285	11.0983	99.9513	39.2500	0.8230	0.8218	5.0000	-9999.0000	-9999.0000	-9999.0000	-9999.0000	-9999.0000	-9999.0000	17.1418	4	0	25.0528	1.0000	12	4	-9999.0000	31455	59963	-9999	2812	2785	-9999	308.7379	5	0.6056	0.6131	-0.0004	83.9217	-0.8711	483.2317	333.7379	36.4120	467.6547	95.7639	478.8970	94.7917	482.6722	94.8148	486.2195	94.8843	
25/08/2017	01:31:51	019001	G523108145HLR	L523	S		443.6389	1.0311	2.9831	100.0300	39.4138	0.8230	0.8261	5.0000	17.2423	508.0522	95.0694	13.6110	24.1000	0.9300	0.9327	0.6095	-0.0002	508.0000	509.0083	1.0285	11.1795	99.9577	39.1500	0.8230	0.8213	5.0000	-9999.0000	-9999.0000	-9999.0000	-9999.0000	-9999.0000	-9999.0000	17.0432	5	0	26.6829	1.0000	12	4	-9999.0000	31456	59964	-9999	2813	2786	-9999	308.1017	5	0.6055	0.6095	-0.0002	75.9491	-0.3687	480.1854	278.5078	38.7963	467.9303	94.7222	475.2884	94.9537	479.5629	94.7454	484.7591	94.9306	
25/08/2017	01:32:17	019001	G523108146HLR	L523	S		441.7877	1.0311	3.0752	99.9870	39.4721	0.8230	0.8280	5.0000	18.1516	508.0453	94.9537	15.4814	24.0000	0.9300	0.9324	0.6118	-0.0004	508.0000	510.1665	1.0285	11.3236	99.9604	39.1080	0.8230	0.8212	5.0000	-9999.0000	-9999.0000	-9999.0000	-9999.0000	-9999.0000	-9999.0000	18.1814	6	0	26.4330	1.0000	12	4	-9999.0000	31457	59965	-9999	2814	2787	-9999	307.9981	5	0.6059	0.6118	-0.0004	52.3126	1.0207	478.8988	347.1368	41.5972	467.4791	95.0463	473.6588	95.3241	478.1641	95.3935	481.3045	94.8148	
25/08/2017	01:32:43	019001	G523107116HLR	L523	S		445.3980	1.0311	2.8956	100.0175	40.2579	0.8230	0.8286	5.0000	17.1221	508.0361	95.0463	12.1714	23.9000	0.9300	0.9321	0.6118	-0.0004	508.0000	509.3021	1.0285	11.2160	99.9659	39.1500	0.8230	0.8215	5.0000	-9999.0000	-9999.0000	-9999.0000	-9999.0000	-9999.0000	-9999.0000	17.5422	7	0	25.5029	1.0000	12	4	-9999.0000	31458	59966	-9999	2815	2788	-9999	308.5952	5	0.6059	0.6118	-0.0004	52.3126	1.0207	484.8159	359.4228	38.8889	471.4540	95.2778	479.3806	94.9306	484.2119	94.9306	488.3287	94.9306	
25/08/2017	01:33:11	019001	G523107126HLR	L523	S		445.1107	1.0311	2.9099	100.0208	40.4000	0.8230	0.8269	5.0000	17.1114	508.0132	95.0463	13.4313	23.9000	0.9300	0.9321	0.6118	-0.0004	508.0000	509.0602	1.0285	11.1859	100.0443	39.2000	0.8230	0.8215	5.0000	-9999.0000	-9999.0000	-9999.0000	-9999.0000	-9999.0000	-9999.0000	17.5919	8	0	28.3941	1.0000	12	4	-9999.0000	31459	59967	-9999	2815	2789	-9999	308.3045	5	0.6060	0.6118	-0.0004	46.8144	1.3255	481.5551	348.1824	38.9352	470.4536	95.5093	476.9519	95.3241	480.9489	95.4167	483.8688	94.8380	
25/08/2017	01:33:38	019001	G523107124HLR	L523	S		439.6749	1.0311	3.1804	99.9931	39.6788	0.8230	0.8255	5.0000	18.5919	508.0320	95.0231	14.7625	23.9000	0.9300	0.9322	0.6106	-0.0003	508.0000	507.7157	1.0285	11.0186	99.9605	39.2000	0.8230	0.8214	5.0000	-9999.0000	-9999.0000	-9999.0000	-9999.0000	-9999.0000	-9999.0000	17.1125	1	0	26.8832	1.0000	12	4	-9999.0000	31460	59968	-9999	2816	2790	-9999	307.9491	5	0.6058	0.6106	-0.0003	47.2231	1.3025	480.2632	333.0712	38.6343	469.2744	95.4861	475.8886	95.2546	479.7098	95.3009	482.7357	94.8148	
25/08/2017	01:34:04	019001	G523107115HLR	L523	S		439.5432	1.0311	3.1869	99.9705	39.1000	0.8230	0.8263	5.0000	17.0718	508.0197	94.9537	14.9422	23.9000	0.9300	0.9321	0.6102	-0.0003	508.0000	508.9867	1.0285	11.1768	100.0332	39.1882	0.8230	0.8213	5.0000	-9999.0000	-9999.0000	-9999.0000	-9999.0000	-9999.0000	-9999.0000	17.4313	2	0	26.2033	1.0000	12	4	-9999.0000	31461	59969	-9999	2817	2791	-9999	307.8142	5	0.6057	0.6102	-0.0003	46.9735	1.3405	478.9645	341.5293	39.9074	466.8126	95.2315	475.2128	95.3009	478.5346	95.3704	480.9630	94.7917	
25/08/2017	01:34:32	019001	G523107114HLR	L523	S		444.3474	1.0311	2.9479	100.0178	39.4667	0.8230	0.8281	5.0000	17.0714	508.0429	95.0231	12.4322	23.9000	0.9300	0.9322	0.6094	-0.0002	508.0000	508.4305	1.0285	11.1075	100.0464	39.1724	0.8230	0.8214	5.0000	-9999.0000	-9999.0000	-9999.0000	-9999.0000	-9999.0000	-9999.0000	17.1828	3	0	27.9828	1.0000	12	4	-9999.0000	31462	59970	-9999	2818	2792	-9999	308.1066	5	0.6057	0.6094	-0.0002	47.2553	1.3263	485.6798	343.1809	39.9306	473.0638	94.9769	480.4876	95.0694	484.8727	95.0694	488.6899	94.8380	
25/08/2017	01:34:58	019001	G523107113HLR	L523	S		437.6289	1.0311	3.2821	99.9849	40.3940	0.8230	0.8285	5.0000	17.2023	508.0464	94.9306	16.9317	23.9000	0.9300	0.9323	0.6091	-0.0002	508.0000	509.3930	1.0285	11.2273	99.9285	39.2000	0.8230	0.8215	5.0000	-9999.0000	-9999.0000	-9999.0000	-9999.0000	-9999.0000	-9999.0000	17.2326	4	0	25.6732	1.0000	12	4	-9999.0000	31463	59971	-9999	2819	2793	-9999	307.5449	5	0.6059	0.6091	-0.0002	47.3701	1.3130	474.7671	347.5585	38.5417	462.6450	95.3472	469.9722	95.1157	474.2645	95.1852	477.4672	94.8843	
25/08/2017	01:35:25	019001	G523107105HLR	L523	S		441.7786	1.0311	3.0757	99.9780	40.4000	0.8230	0.8267	5.0000	17.2232	508.0516	95.0000	14.9227	23.9000	0.9300	0.9322	0.6091	-0.0002	508.0000	509.7193	1.0285	11.2680	99.9813	39.2398	0.8230	0.8213	5.0000	-9999.0000	-9999.0000	-9999.0000	-9999.0000	-9999.0000	-9999.0000	17.7014	5	0	26.7640	1.0000	12	4	-9999.0000	31464	59972	-9999	2820	2794	-9999	307.8372	5	0.6059	0.6091	-0.0002	47.3701	1.3130	480.8135	348.0804	37.9861	467.3280	95.2083	474.6288	94.7917	479.9399	94.7685	482.7095	94.8843	
25/08/2017	01:35:50	019001	G523107110HLR	L523	S		440.1671	1.0311	3.1559	100.0623	39.7020	0.8230	0.8258	5.0000	17.3322	508.0517	95.0000	14.7118	23.9000	0.9300	0.9322	0.6101	-0.0003	508.0000	507.0404	1.0285	10.9345	99.9304	39.2000	0.8230	0.8213	5.0000	-9999.0000	-9999.0000	-9999.0000	-9999.0000	-9999.0000	-9999.0000	17.5313	6	0	25.0127	1.0000	12	4	-9999.0000	31465	59973	-9999	2821	2795	-9999	307.7345	5	0.6058	0.6101	-0.0003	46.5037	1.3906	478.4134	338.8075	39.5602	469.4676	95.0000	474.4537	94.7222	477.8944	94.7454	481.6849	94.8611	
25/08/2017	01:36:18	019001	G523107101HLR	L523	S		437.6083	1.0311	3.2832	99.9739	39.2000	0.8230	0.8264	5.0000	17.2021	508.0748	94.9306	16.0713	23.9000	0.9300	0.9323	0.6126	-0.0005	508.0000	507.4897	1.0285	10.9904	99.9719	39.2473	0.8230	0.8214	5.0000	-9999.0000	-9999.0000	-9999.0000	-9999.0000	-9999.0000	-9999.0000	17.4925	7	0	28.4829	1.0000	12	4	-9999.0000	31466	59974	-9999	2822	2796	-9999	307.2381	5	0.6054	0.6126	-0.0005	42.4870	1.7000	474.7384	340.6186	38.8889	463.6298	95.2546	469.6300	95.0463	474.0623	95.0926	477.8437	94.9074	
25/08/2017	01:36:43	019001	G523107098HLR	L523	S		441.1268	1.0311	3.1081	100.0588	39.5419	0.8230	0.8281	5.0000	17.0820	508.0479	95.0000	14.1618	23.9000	0.9300	0.9323	0.6126	-0.0005	508.0000	508.1834	1.0285	11.0768	99.8908	39.2500	0.8230	0.8213	5.0000	-9999.0000	-9999.0000	-9999.0000	-9999.0000	-9999.0000	-9999.0000	17.6026	8	0	25.0429	1.0000	12	4	-9999.0000	31467	59975	-9999	2823	2797	-9999	307.4600	5	0.6054	0.6126	-0.0005	42.4870	1.7000	478.8929	337.0558	37.4074	466.9400	95.4398	474.3061	94.6991	478.7111	94.7222	482.3995	94.8843	
25/08/2017	01:37:11	019001	G523107093HLR	L523	S		440.8174	1.0311	3.1235	99.9852	40.4295	0.8230	0.8281	5.0000	17.1926	508.0647	94.9769	14.7820	23.9000	0.9300	0.9324	0.6139	-0.0006	508.0000	507.3528	1.0285	10.9734	99.9275	39.2500	0.8230	0.8213	5.0000	-9999.0000	-9999.0000	-9999.0000	-9999.0000	-9999.0000	-9999.0000	17.6017	1	0	28.3736	1.0000	12	4	-9999.0000	31468	59976	-9999	2824	2798	-9999	307.3072	5	0.6053	0.6139	-0.0006	41.1697	1.8018	475.5434	338.2288	39.9537	465.8388	95.0694	470.9153	94.8843	475.3968	94.9306	478.7987	94.8843	
25/08/2017	01:37:40	019001	G523107140HLR	L523	S		441.2110	1.0311	3.1039	99.9826	40.3000	0.8230	0.8266	5.0000	17.1319	508.0753	95.0231	13.3913	23.9000	0.9300	0.9323	0.6128	-0.0006	508.0000	507.5824	1.0285	11.0020	99.9794	39.2419	0.8230	0.8213	5.0000	-9999.0000	-9999.0000	-9999.0000	-9999.0000	-9999.0000	-9999.0000	17.9328	2	0	28.7837	1.0000	12	4	-9999.0000	31469	59977	-9999	2825	2799	-9999	307.6182	5	0.6053	0.6128	-0.0006	42.3996	1.7145	480.2066	334.8863	36.5972	466.8165	95.6944	475.4703	95.1620	479.7184	95.2083	482.9290	94.8380	
25/08/2017	01:38:09	019001	G523107184HLR	L523	S		436.0767	1.0311	3.3594	100.0289	39.6419	0.8230	0.8259	5.0000	17.1719	508.0302	94.9074	16.4815	23.9000	0.9300	0.9324	0.6103	-0.0003	508.0000	508.0081	1.0285	11.0549	100.0498	39.2500	0.8230	0.8214	5.0000	-9999.0000	-9999.0000	-9999.0000	-9999.0000	-9999.0000	-9999.0000	17.4526	3	0	29.2438	1.0000	12	4	-9999.0000	31470	59978	-9999	2826	2800	-9999	307.1125	5	0.6054	0.6103	-0.0003	43.9072	1.6279	473.0417	344.0120	39.2824	461.2747	95.1620	469.0120	95.0000	472.6561	95.0463	476.2651	94.9074	
25/08/2017	01:38:38	019001	G523107695HLR	L523	S		442.5935	1.0311	3.0351	99.9982	39.2000	0.8230	0.8265	5.0000	17.2921	508.0206	95.0463	13.4020	23.9000	0.9300	0.9323	0.6103	-0.0003	508.0000	507.4743	1.0285	10.9885	99.9801	39.2500	0.8230	0.8211	5.0000	-9999.0000	-9999.0000	-9999.0000	-9999.0000	-9999.0000	-9999.0000	18.1525	4	0	28.8833	1.0000	12	4	-9999.0000	31471	59979	-9999	2827	2801	-9999	307.7275	5	0.6054	0.6103	-0.0003	43.9072	1.6279	480.1505	331.0785	38.0556	467.0857	95.1852	476.5134	94.5139	479.3889	94.4907	482.8939	94.8843	
25/08/2017	01:39:07	019001	G523107694HLR	L523	S		436.1838	1.0311	3.3540	99.9772	39.6908	0.8230	0.8282	5.0000	17.2315	508.0284	94.9074	16.4219	23.9000	0.9300	0.9324	0.6115	-0.0004	508.0000	507.3993	1.0285	10.9792	100.0750	39.2500	0.8230	0.8213	5.0000	-9999.0000	-9999.0000	-9999.0000	-9999.0000	-9999.0000	-9999.0000	17.5819	5	0	28.2534	1.0000	12	4	-9999.0000	31472	59980	-9999	2828	2802	-9999	307.2311	5	0.6054	0.6115	-0.0004	44.1716	1.6089	475.2350	339.4150	37.5000	460.4790	95.6713	469.2315	95.0926	474.9041	95.1852	476.6722	94.9074	
25/08/2017	01:39:34	019001	G523107717HLR	L523	S		437.1215	1.0311	3.3074	100.0478	40.4078	0.8230	0.8281	5.0000	17.3225	508.0469	94.9074	17.3029	23.9000	0.9300	0.9323	0.6114	-0.0004	508.0000	508.5167	1.0285	11.1183	99.9676	39.2457	0.8230	0.8210	5.0000	-9999.0000	-9999.0000	-9999.0000	-9999.0000	-9999.0000	-9999.0000	19.2729	6	0	27.3833	1.0000	12	4	-9999.0000	31473	59981	-9999	2829	2803	-9999	307.0548	5	0.6052	0.6114	-0.0004	42.5920	1.7212	471.7352	323.6339	37.9630	457.5215	95.3704	468.0572	94.8843	471.4859	94.8843	475.0161	94.9074	
25/08/2017	01:40:01	019001	G523107724HLR	L523	S		436.6760	1.0311	3.3296	99.9511	40.2000	0.8230	0.8264	5.0000	17.2013	508.0374	94.8843	17.2619	23.9000	0.9300	0.9323	0.6121	-0.0005	508.0000	507.8902	1.0285	11.0403	99.8796	39.2500	0.8230	0.8213	5.0000	-9999.0000	-9999.0000	-9999.0000	-9999.0000	-9999.0000	-9999.0000	17.7921	7	0	27.1520	1.0000	12	4	-9999.0000	31474	59982	-9999	2830	2803	-9999	306.9731	5	0.6054	0.6121	-0.0005	41.8169	1.7597	472.5076	324.0526	38.3796	459.3652	95.3241	468.8814	94.9537	472.1938	94.9769	475.3394	94.9074	
25/08/2017	01:40:33	019001	G523107731HLR	L523	S		437.0794	1.0311	3.3095	99.9554	39.5242	0.8230	0.8259	5.0000	17.1925	508.0570	94.8843	17.3918	23.8000	0.9300	0.9322	0.6123	-0.0005	508.0000	508.6730	1.0285	11.1377	100.0139	39.3000	0.8230	0.8213	5.0000	-9999.0000	-9999.0000	-9999.0000	-9999.0000	-9999.0000	-9999.0000	17.4620	8	0	31.9844	1.0000	12	4	-9999.0000	31475	59983	-9999	2831	2804	-9999	306.9839	5	0.6053	0.6123	-0.0005	39.5230	1.9111	472.0971	333.0381	37.8935	456.0470	95.3472	466.5568	94.9074	471.5811	94.9074	474.9043	94.9074	
25/08/2017	01:41:05	019001	G523107734HLR	L523	S		438.7673	1.0311	3.2255	100.0066	39.2723	0.8230	0.8271	5.0000	17.0916	508.0365	94.9074	16.2823	23.8000	0.9300	0.9322	0.6123	-0.0005	508.0000	508.4641	1.0285	11.1117	99.9369	39.2500	0.8230	0.8212	5.0000	-9999.0000	-9999.0000	-9999.0000	-9999.0000	-9999.0000	-9999.0000	17.4816	1	0	31.7841	1.0000	12	4	-9999.0000	31476	59984	-9999	2832	2805	-9999	307.2863	5	0.6053	0.6123	-0.0005	39.5230	1.9111	472.6135	337.8969	39.7222	461.1635	95.0463	468.0437	94.9306	472.1193	94.9074	476.1803	94.9074	
25/08/2017	01:42:05	019001	G523107344HLR	L523	S		0.0000	0.0000	0.0000	0.0000	0.0000	0.8230	0.0000	0.0000	0.0000	0.0000	0.0000	0.0000	0.0000	0.9300	0.0000	0.0000	0.0000	0.0000	0.0000	0.0000	0.0000	0.0000	0.0000	0.8230	0.0000	0.0000	0.0000	0.0000	0.0000	0.0000	0.0000	0.0000	0.0000	0	42	31.7841	1.0000	12	4	0.0000	0	0	0	0	0	0	0.0000	0	0.0000	0.0000	0.0000	0.0000	0.0000	0.0000	0.0000	0.0000	0.0000	0.0000	0.0000	0.0000	0.0000	0.0000	0.0000	0.0000	
25/08/2017	01:42:26	019001	G523107729HLR	L523	S		439.6967	1.0311	3.1793	100.0430	40.0589	0.8230	0.8282	5.0000	17.8224	508.0499	94.9537	15.9521	23.9000	0.9300	0.9323	0.6126	-0.0005	508.0000	508.5452	1.0285	11.1218	99.9573	39.2500	0.8230	0.8212	5.0000	-9999.0000	-9999.0000	-9999.0000	-9999.0000	-9999.0000	-9999.0000	17.5421	2	0	81.3994	1.0000	12	4	-9999.0000	31477	59985	-9999	2833	2806	-9999	307.3932	5	0.6054	0.6126	-0.0005	43.2996	1.6499	474.2591	335.3503	37.7778	462.7753	94.7917	469.5817	94.7454	473.7605	94.7685	477.3784	94.8611	
25/08/2017	01:42:52	019001	G523107736HLR	L523	S		440.3641	1.0311	3.1461	100.0104	40.4846	0.8230	0.8273	5.0000	17.3018	508.0516	94.9306	15.1718	23.9000	0.9300	0.9323	0.6126	-0.0005	508.0000	508.1792	1.0285	11.0762	99.9474	39.2500	0.8230	0.8212	5.0000	-9999.0000	-9999.0000	-9999.0000	-9999.0000	-9999.0000	-9999.0000	17.4221	3	0	25.6135	1.0000	12	4	-9999.0000	31478	59986	-9999	2834	2807	-9999	307.6369	5	0.6054	0.6126	-0.0005	43.2996	1.6499	476.5298	332.6193	38.0787	461.9095	95.5556	472.0056	95.2083	476.1368	95.2315	479.5510	94.9074	
25/08/2017	01:43:17	019001	G523107313HLR	L523	S		433.1824	1.0311	3.5034	100.0041	39.9467	0.8230	0.8261	5.0000	17.2920	508.0610	94.8843	20.5132	23.8000	0.9300	0.9324	0.6133	-0.0005	508.0000	509.0844	1.0285	11.1889	100.1382	39.0366	0.8230	0.8212	5.0000	-9999.0000	-9999.0000	-9999.0000	-9999.0000	-9999.0000	-9999.0000	17.7023	4	0	24.9523	1.0000	12	4	-9999.0000	31479	59987	-9999	2835	2808	-9999	306.1809	5	0.6049	0.6133	-0.0005	44.6077	1.5648	463.6814	338.7742	39.6991	452.4088	95.2546	459.7293	95.0463	462.7477	95.0694	466.8514	94.9306	
25/08/2017	01:43:42	019001	G523107316HLR	L523	S		432.5374	1.0311	3.5355	99.9738	39.3313	0.8230	0.8261	5.0000	17.1113	508.0656	94.8843	19.6225	23.8000	0.9300	0.9323	0.6142	-0.0006	508.0000	507.8345	1.0285	11.0333	99.9629	39.2166	0.8230	0.8219	5.0000	-9999.0000	-9999.0000	-9999.0000	-9999.0000	-9999.0000	-9999.0000	17.4827	5	0	25.5334	1.0000	12	4	-9999.0000	31480	59988	-9999	2836	2809	-9999	306.3092	5	0.6049	0.6142	-0.0006	41.4217	1.7304	463.7258	326.3131	39.5370	448.6926	95.1157	458.6266	95.0926	463.1033	94.9537	467.2735	94.9306	
25/08/2017	01:44:10	019001	G523107335HLR	L523	S		440.5986	1.0311	3.1344	99.9415	39.5565	0.8230	0.8278	5.0000	17.1827	508.0330	94.9537	15.5321	23.8000	0.9300	0.9322	0.6142	-0.0006	508.0000	509.5626	1.0285	11.2485	100.0461	39.4000	0.8230	0.8218	5.0000	-9999.0000	-9999.0000	-9999.0000	-9999.0000	-9999.0000	-9999.0000	17.4922	6	0	27.5334	1.0000	12	4	-9999.0000	31481	59989	-9999	2836	2810	-9999	307.4067	5	0.6048	0.6142	-0.0006	42.4790	1.6686	474.5183	301.0210	37.6852	459.8717	95.3241	470.1589	94.9074	473.8490	94.8611	477.7510	94.8843	
25/08/2017	01:44:35	019001	G523107343HLR	L523	S		445.8148	1.0311	2.8749	99.9367	40.4397	0.8230	0.8279	5.0000	17.1625	508.0352	95.0000	12.4615	24.1000	0.9300	0.9330	0.6142	-0.0006	508.0000	508.3065	1.0285	11.0921	99.9631	39.3376	0.8230	0.8210	5.0000	-9999.0000	-9999.0000	-9999.0000	-9999.0000	-9999.0000	-9999.0000	18.9515	7	0	25.5129	1.0000	12	4	-9999.0000	31482	59990	-9999	2837	2811	-9999	308.3040	5	0.6048	0.6142	-0.0006	42.4790	1.6686	482.3856	329.8244	37.9398	467.7232	95.8796	477.8488	95.2083	481.7056	95.1852	486.3594	94.9769	
25/08/2017	01:48:06	019001	G523107350HLR	L523	S		441.8167	1.0311	3.0738	100.0326	39.2014	0.8230	0.8261	5.0000	17.6223	508.0776	95.0463	13.3522	24.0000	0.9300	0.9327	0.6158	-0.0007	508.0000	506.9275	1.0285	10.9204	100.0259	39.2500	0.8230	0.8211	5.0000	-9999.0000	-9999.0000	-9999.0000	-9999.0000	-9999.0000	-9999.0000	17.4621	8	0	210.7853	1.0000	12	4	-9999.0000	31483	59991	-9999	2838	2812	-9999	308.2081	5	0.6044	0.6158	-0.0007	43.9957	1.5726	479.6592	329.6115	37.6157	465.4950	95.9491	474.3082	95.3935	479.0638	95.3935	483.2149	94.9306	
25/08/2017	01:48:32	019001	G523107352HLR	L523	S		442.0394	1.0311	3.0627	99.9760	39.3146	0.8230	0.8278	5.0000	17.1720	508.0298	95.0000	13.1520	23.9000	0.9300	0.9324	0.6148	-0.0006	508.0000	507.6472	1.0285	11.0100	100.0133	39.2500	0.8230	0.8213	5.0000	-9999.0000	-9999.0000	-9999.0000	-9999.0000	-9999.0000	-9999.0000	17.8322	1	0	26.2239	1.0000	12	4	-9999.0000	31484	59992	-9999	2839	2813	-9999	308.1809	5	0.6042	0.6148	-0.0006	42.4210	1.6746	481.0450	349.6363	41.2037	466.8337	95.1852	476.2972	95.4398	480.5044	95.4167	483.7471	94.8611	
25/08/2017	01:48:59	019001	G523107358HLR	L523	S		438.6696	1.0311	3.2304	100.0357	40.2124	0.8230	0.8288	5.0000	17.1524	508.0425	94.9306	16.0420	23.9000	0.9300	0.9325	0.6136	-0.0006	508.0000	508.6465	1.0285	11.1344	99.9789	39.0500	0.8230	0.8214	5.0000	-9999.0000	-9999.0000	-9999.0000	-9999.0000	-9999.0000	-9999.0000	18.1419	2	0	26.3930	1.0000	12	4	-9999.0000	31485	59993	-9999	2840	1	-9999	307.1887	5	0.6039	0.6136	-0.0006	44.8696	1.5323	474.4126	341.9944	37.9167	461.2799	95.0231	471.0621	95.0926	474.0373	95.1389	476.7878	94.9074	
25/08/2017	01:49:24	019001	G523107374HLR	L523	S		443.6047	1.0311	2.9848	100.0167	40.6503	0.8230	0.8272	5.0000	17.5617	508.0467	95.0231	12.8414	23.9000	0.9300	0.9323	0.6135	-0.0006	508.0000	508.2012	1.0285	11.0790	99.8954	39.2161	0.8230	0.8219	5.0000	-9999.0000	-9999.0000	-9999.0000	-9999.0000	-9999.0000	-9999.0000	17.6418	3	0	25.2933	1.0000	12	4	-9999.0000	31486	59994	-9999	1	2	-9999	308.0816	5	0.6040	0.6135	-0.0006	41.9889	1.6977	482.2593	343.6198	40.0926	471.0103	95.0231	477.4994	95.1852	481.9232	95.1620	485.9684	94.8611	
25/08/2017	01:49:50	019001	G523107371HLR	L523	S		442.4903	1.0311	3.0403	99.9864	40.0928	0.8230	0.8260	5.0000	17.1319	508.0539	94.9537	14.6717	23.9000	0.9300	0.9323	0.6142	-0.0006	508.0000	509.5163	1.0285	11.2427	99.8449	39.3500	0.8230	0.8215	5.0000	-9999.0000	-9999.0000	-9999.0000	-9999.0000	-9999.0000	-9999.0000	18.2219	4	0	25.3728	1.0000	12	4	-9999.0000	31487	59995	-9999	2	3	-9999	307.6144	5	0.6045	0.6142	-0.0006	44.1135	1.5709	477.0671	327.1830	38.3333	463.3220	95.3704	472.4500	95.0000	476.4857	95.0463	480.2324	94.9074	
25/08/2017	01:50:14	019001	G523107378HLR	L523	S		443.3793	1.0311	2.9961	99.9599	39.4100	0.8230	0.8256	5.0000	17.8323	508.0493	95.0000	13.4508	24.2000	0.9300	0.9325	0.6154	-0.0007	508.0000	507.9482	1.0285	11.0475	100.0101	39.2904	0.8230	0.8212	5.0000	-9999.0000	-9999.0000	-9999.0000	-9999.0000	-9999.0000	-9999.0000	17.4631	5	0	25.0129	1.0000	12	4	-9999.0000	31488	59996	-9999	3	4	-9999	308.0981	5	0.6047	0.6154	-0.0007	44.1658	1.5687	478.2369	306.2155	38.0324	463.5177	96.0880	474.9704	95.4398	477.8242	95.4167	480.6175	95.0000	
25/08/2017	01:50:41	019001	G523107380HLR	L523	S		422.2505	1.0311	4.0472	100.0678	40.4289	0.8230	0.8284	5.0000	17.0615	508.0590	94.9769	14.4412	24.0000	0.9300	0.9322	0.6153	-0.0007	508.0000	508.9896	1.0285	11.1771	99.8803	39.2000	0.8230	0.8212	5.0000	-9999.0000	-9999.0000	-9999.0000	-9999.0000	-9999.0000	-9999.0000	17.4924	6	0	26.8234	1.0000	12	4	-9999.0000	31489	59997	-9999	4	5	-9999	307.7580	5	0.6048	0.6153	-0.0007	44.2085	1.5690	470.0171	348.4702	37.3380	448.9932	96.2963	462.4559	95.5093	469.5563	95.6019	472.7625	94.9769	
25/08/2017	01:52:03	019001	G523107365HLR	L523	S		440.3813	1.0311	3.1452	100.0062	39.2000	0.8230	0.8264	5.0000	17.3321	508.0173	95.0231	11.9018	24.1000	0.9300	0.9327	0.6148	-0.0006	508.0000	507.7036	1.0285	11.0171	100.0069	39.0000	0.8230	0.8212	5.0000	-9999.0000	-9999.0000	-9999.0000	-9999.0000	-9999.0000	-9999.0000	17.6427	1	0	29.8034	1.0000	12	4	-9999.0000	31492	59998	-9999	7	6	-9999	308.4358	5	0.6050	0.6148	-0.0006	43.8937	1.5898	483.2813	322.6223	38.8657	468.5465	95.6944	478.2623	95.1157	482.7354	95.1389	486.8060	94.9537	
25/08/2017	01:52:33	019001	G523107366HLR	L523	S		437.4369	1.0311	3.2917	99.9403	39.5567	0.8230	0.8280	5.0000	17.2725	508.0374	94.9537	14.8123	24.0000	0.9300	0.9324	0.6149	-0.0007	508.0000	506.4083	1.0285	10.8558	99.9632	39.2094	0.8230	0.8220	5.0000	-9999.0000	-9999.0000	-9999.0000	-9999.0000	-9999.0000	-9999.0000	17.5421	2	0	30.5633	1.0000	12	4	-9999.0000	31493	59999	-9999	8	7	-9999	307.4420	5	0.6053	0.6149	-0.0007	42.5772	1.6817	477.7851	339.7575	38.2639	462.2071	95.7407	472.8291	95.2083	477.5175	95.3472	480.0765	94.8843	
25/08/2017	01:53:00	019001	G523107376HLR	L523	S		437.0581	1.0311	3.3105	100.0090	40.3116	0.8230	0.8283	5.0000	17.1116	508.0434	94.9769	14.7713	23.9000	0.9300	0.9320	0.6149	-0.0007	508.0000	506.5666	1.0285	10.8755	100.0038	39.4000	0.8230	0.8216	5.0000	-9999.0000	-9999.0000	-9999.0000	-9999.0000	-9999.0000	-9999.0000	17.7219	3	0	26.9740	1.0000	12	4	-9999.0000	31494	60000	-9999	8	8	-9999	307.4693	5	0.6053	0.6149	-0.0007	42.5772	1.6817	474.0893	339.0278	37.5694	461.7853	95.6019	471.3405	94.7917	473.8078	94.8611	477.5726	94.9074	
25/08/2017	01:53:29	019001	G523104427HLR	L523	S		445.6404	1.0311	2.8836	99.9330	40.4000	0.8230	0.8267	5.0000	17.0918	508.0268	95.0231	11.9008	23.9000	0.9300	0.9320	0.6149	-0.0007	508.0000	509.2447	1.0285	11.2089	99.9713	39.2425	0.8230	0.8209	5.0000	-9999.0000	-9999.0000	-9999.0000	-9999.0000	-9999.0000	-9999.0000	17.7911	4	0	28.4333	1.0000	12	4	-9999.0000	31495	60001	-9999	9	9	-9999	308.4143	5	0.6053	0.6149	-0.0007	42.5772	1.6817	484.9286	347.8931	39.9306	471.4478	95.0231	478.4631	95.0463	484.3645	95.0926	485.9275	94.9074	
25/08/2017	01:53:54	019001	G523108549HLR	L523	S		432.9148	1.0311	3.5167	99.9860	39.7285	0.8230	0.8259	5.0000	17.2824	508.0329	94.9074	18.2825	23.9000	0.9300	0.9322	0.6179	-0.0009	508.0000	506.2063	1.0285	10.8307	100.0243	39.1769	0.8230	0.8210	5.0000	-9999.0000	-9999.0000	-9999.0000	-9999.0000	-9999.0000	-9999.0000	19.3632	5	0	25.3428	1.0000	12	4	-9999.0000	31496	60002	-9999	10	10	-9999	305.2872	5	0.6061	0.6179	-0.0009	39.1256	1.9432	461.0500	341.3723	38.5648	451.5800	95.4398	457.1752	94.7917	460.5196	94.9074	464.8990	94.8843	
25/08/2017	01:54:25	019001	G523108561HLR	L523	S		433.7888	1.0311	3.4732	99.9477	39.3000	0.8230	0.8266	5.0000	17.1515	508.0518	94.8611	18.5814	23.9000	0.9300	0.9321	0.6173	-0.0008	508.0000	506.4798	1.0285	10.8647	99.8708	39.3000	0.8230	0.8216	5.0000	-9999.0000	-9999.0000	-9999.0000	-9999.0000	-9999.0000	-9999.0000	17.4522	6	0	31.0038	1.0000	12	4	-9999.0000	31497	60003	-9999	11	10	-9999	305.7958	5	0.6062	0.6173	-0.0008	40.8568	1.8443	464.3456	345.3267	38.2176	454.5246	94.7685	459.8504	95.0000	463.8873	94.9769	467.5746	94.9074	
25/08/2017	01:54:52	019001	G523107379HLR	L523	S		436.3513	1.0311	3.3457	99.9921	39.6944	0.8230	0.8280	5.0000	17.1827	508.0316	94.9537	15.5116	23.8000	0.9300	0.9320	0.6173	-0.0008	508.0000	506.4453	1.0285	10.8604	100.0449	39.3000	0.8230	0.8214	5.0000	-9999.0000	-9999.0000	-9999.0000	-9999.0000	-9999.0000	-9999.0000	17.2823	7	0	26.9436	1.0000	12	4	-9999.0000	31498	60004	-9999	12	11	-9999	307.3407	5	0.6062	0.6173	-0.0008	40.8568	1.8443	470.6565	346.7577	40.0463	460.2876	94.8148	465.8112	94.8380	470.1967	94.7917	474.4388	94.8380	
25/08/2017	01:55:19	019001	G523107383HLR	L523	S		438.1161	1.0311	3.2579	100.0107	40.4784	0.8230	0.8277	5.0000	17.2217	508.0390	94.9074	16.5127	23.8000	0.9300	0.9322	0.6134	-0.0005	508.0000	508.8399	1.0285	11.1585	100.0487	39.2500	0.8230	0.8211	5.0000	-9999.0000	-9999.0000	-9999.0000	-9999.0000	-9999.0000	-9999.0000	17.5715	8	0	27.0630	1.0000	12	4	-9999.0000	31499	60005	-9999	13	12	-9999	307.1355	5	0.6059	0.6134	-0.0005	44.9438	1.5696	474.1306	353.4584	38.3102	463.2046	94.6065	468.2520	95.0231	473.5923	94.9769	475.5939	94.9074	
