Data	Timp	Nr. masina	Nr. de serie	Tip	Productie	Comentariu	Pre-masurare Q [ml/min]	Pre-masurare Gain	Pre-masurare Offset Master	Pre-masurare P [bar]	Pre-masurare T [°C]	Pre-masurare Densitate fixa [kg/l]	Pre-masurare densitate masurata [kg/l]	Pre-masurare Timp masurare [s]	Pre-masurare Cycle time [s]	rectificare Q Oprire [ml/min]	rectificare P Oprire [bar]	rectificare Timp rectificare [s]	rectificare T [°C]	rectificare Densitate fixa [kg/l]	rectificare densitate masurata [kg/l]	rectificare Factor de masurare la rectificare	rectificare Factor de corectie a debitului	rectificare Target rectificare	Masurare Q [ml/min]	Masurare Gain	Masurare Offset Master	Masurare P [bar]	Masurare T [°C]	Masurare Densitate fixa [kg/l]	Masurare densitate masurata [kg/l]	Masurare Timp masurare [s]	Masurare Q [ml/min]	Masurare Delta Q [ml/min]	Masurare P [bar]	Masurare BP [bar]	Masurare T [°C]	Masurare Timp masurare [s]	Masurare Cycle time [s]	Nest Nr.	Cod de descarcare	Cycle time [s]	Traceability aktiv	EDM Maschine Nr	EDM Spindle Nr	Honing Rate [r	Station Counter Premeasure	Station Counter Grind	Station Counter Blowout 1	Station Counter Wash	Station Counter Measure	Station Counter Blowout 2	RealGrindQStop	Reg Type	Factor 0	Factor 1	Factor 2	Factor 3	Factor 4	G_StartQV	G_StartQV_1	G_StartQV_2	G_StartQV_3	G_StartQV_4	G_StartQV_5	
10/08/2017	02:32:29	019001	G523022206HLR	L523	Q		434.0485	1.0311	3.4603	99.9919	39.1500	0.8230	0.8261	5.0000	18.0519	508.0696	94.9537	19.2425	24.8000	0.9300	0.9401	0.5835	-0.0004	508.0000	509.9527	1.0285	11.2970	99.7234	38.6597	0.8230	0.8206	5.0000	-9999.0000	-9999.0000	-9999.0000	-9999.0000	-9999.0000	-9999.0000	18.1621	3	0	31.4539	1.0000	04	2	-9999.0000	2	29600	-9999	1488	1450	-9999	292.6226	5	0.5766	0.5835	-0.0004	49.0963	1.4367	465.1006	265.6614	36.2500	448.9059	96.5278	458.7763	96.2269	462.4583	96.0417	466.5614	94.7685	
10/08/2017	02:32:59	019001	G523022195HLR	L523	S		435.6292	1.0311	3.3816	99.9577	39.1468	0.8230	0.8266	5.0000	17.0419	508.0598	94.9537	17.4123	24.6000	0.9300	0.9396	0.5835	-0.0004	508.0000	512.1244	1.0285	11.5673	100.5006	38.8199	0.8230	0.8210	5.0000	-9999.0000	-9999.0000	-9999.0000	-9999.0000	-9999.0000	-9999.0000	17.4728	4	0	30.4736	1.0000	04	2	-9999.0000	3	29601	-9999	1489	1451	-9999	292.9777	5	0.5766	0.5835	-0.0004	49.0963	1.4367	463.4558	358.9186	36.7361	444.3985	94.8148	460.4986	93.9815	462.8007	93.7500	467.2590	95.0926	
10/08/2017	02:33:29	019001	G523022194HLR	L523	S		433.2751	1.0311	3.4988	99.9795	39.4197	0.8230	0.8270	5.0000	17.2022	508.0506	94.9537	18.6419	24.6000	0.9300	0.9395	0.5835	-0.0004	508.0000	510.8542	1.0285	11.4092	99.9955	38.7317	0.8230	0.8204	5.0000	-9999.0000	-9999.0000	-9999.0000	-9999.0000	-9999.0000	-9999.0000	17.4924	5	0	30.0932	1.0000	04	2	-9999.0000	4	29602	-9999	1490	1452	-9999	292.7188	5	0.5766	0.5835	-0.0004	49.0963	1.4367	460.0011	382.4645	39.2593	444.9130	94.8843	456.0910	94.2361	459.4212	94.1435	463.6167	95.0000	
10/08/2017	02:34:02	019001	G523022231HLR	L523	Q		437.5301	1.0311	3.2871	100.0279	39.4698	0.8230	0.8263	5.0000	17.3320	508.0418	94.9537	15.4911	24.6000	0.9300	0.9395	0.5835	-0.0004	508.0000	511.2286	1.0285	11.4558	99.4488	38.7961	0.8230	0.8201	5.0000	-9999.0000	-9999.0000	-9999.0000	-9999.0000	-9999.0000	-9999.0000	17.4720	6	0	32.4240	1.0000	04	2	-9999.0000	5	29603	-9999	1491	1453	-9999	293.3551	5	0.5766	0.5835	-0.0004	49.0963	1.4367	468.7527	388.5822	39.0509	457.0261	95.0000	464.4813	94.3519	468.2253	94.1898	472.4631	94.9306	
10/08/2017	02:34:27	019001	G523022212HLR	L523	S		434.1832	1.0311	3.4536	99.9670	39.3618	0.8230	0.8260	5.0000	17.1720	508.0448	94.9537	19.3529	24.6000	0.9300	0.9396	0.5870	-0.0006	508.0000	510.9673	1.0285	11.4233	100.1132	38.7530	0.8230	0.8205	5.0000	-9999.0000	-9999.0000	-9999.0000	-9999.0000	-9999.0000	-9999.0000	17.5424	7	0	25.7334	1.0000	04	2	-9999.0000	6	29604	-9999	1492	1454	-9999	292.3563	5	0.5759	0.5870	-0.0006	57.5924	0.9833	458.4451	377.5145	39.3750	445.9324	95.2778	454.2632	94.6759	457.9371	94.6991	461.8980	94.9537	
10/08/2017	02:34:57	019001	G523022888HLR	L523	Q		432.0402	1.0311	3.5602	100.0072	39.3000	0.8230	0.8261	5.0000	17.1120	508.0391	94.9306	19.1019	24.6000	0.9300	0.9395	0.5959	-0.0011	508.0000	510.7856	1.0285	11.4007	99.5012	38.7659	0.8230	0.8197	5.0000	-9999.0000	-9999.0000	-9999.0000	-9999.0000	-9999.0000	-9999.0000	17.5519	8	0	29.0631	1.0000	04	2	-9999.0000	7	29605	-9999	1493	1455	-9999	292.2971	5	0.5755	0.5959	-0.0011	56.0510	1.0772	456.9017	375.5388	37.6852	442.6805	95.3472	452.3808	94.6759	456.3377	94.6296	460.5043	94.9074	
10/08/2017	02:35:27	019001	G523022887HLR	L523	S		435.2926	1.0311	3.3984	100.1132	39.3500	0.8230	0.8264	5.0000	17.3321	508.0672	94.9769	18.0022	24.6000	0.9300	0.9396	0.5743	0.0000	508.0000	511.1553	1.0285	11.4467	100.0738	38.7458	0.8230	0.8205	5.0000	-9999.0000	-9999.0000	-9999.0000	-9999.0000	-9999.0000	-9999.0000	17.3820	1	0	30.4440	1.0000	04	2	-9999.0000	8	29606	-9999	1494	1456	-9999	292.6180	5	0.5751	0.5743	0.0000	62.1987	0.7506	455.1407	358.6003	35.7639	439.3943	95.1852	451.4712	94.4676	454.5609	94.3750	459.1316	95.0231	
10/08/2017	02:35:56	019001	G523022210HLR	L523	S		430.0708	1.0311	3.6582	99.9664	39.4000	0.8230	0.8264	5.0000	17.1818	508.0490	94.9537	21.0221	24.6000	0.9300	0.9397	0.5784	-0.0002	508.0000	510.9715	1.0285	11.4238	99.5625	38.8667	0.8230	0.8203	5.0000	-9999.0000	-9999.0000	-9999.0000	-9999.0000	-9999.0000	-9999.0000	17.5617	2	0	28.5836	1.0000	04	2	-9999.0000	9	29607	-9999	1495	1457	-9999	292.2941	5	0.5748	0.5784	-0.0002	62.4245	0.7462	462.4664	387.3437	36.5741	452.2404	95.6944	458.5131	94.9306	461.7818	94.8843	465.2683	95.0000	
10/08/2017	02:36:25	019001	G523022220HLR	L523	S		438.3961	1.0311	3.2440	100.0453	39.4000	0.8230	0.8262	5.0000	17.3625	508.0382	94.8843	12.6216	24.6000	0.9300	0.9396	0.5784	-0.0002	508.0000	510.3207	1.0285	11.3428	99.8120	38.8000	0.8230	0.8203	5.0000	-9999.0000	-9999.0000	-9999.0000	-9999.0000	-9999.0000	-9999.0000	17.5423	3	0	29.6235	1.0000	04	2	-9999.0000	10	29608	-9999	1496	1458	-9999	292.5988	5	0.5748	0.5784	-0.0002	62.4245	0.7462	479.8232	385.1073	38.1250	465.9218	95.3009	474.6493	94.7917	479.3037	94.6528	483.5485	94.9306	
10/08/2017	02:36:56	019001	G523022202HLR	L523	S		433.0409	1.0311	3.5104	100.0583	39.4000	0.8230	0.8261	5.0000	17.2717	508.0349	94.9769	17.5714	24.6000	0.9300	0.9397	0.5759	-0.0001	508.0000	508.7895	1.0285	11.1522	99.6754	38.9000	0.8230	0.8205	5.0000	-9999.0000	-9999.0000	-9999.0000	-9999.0000	-9999.0000	-9999.0000	17.4825	4	0	31.0233	1.0000	04	2	-9999.0000	11	29609	-9999	1497	1459	-9999	291.8789	5	0.5738	0.5759	-0.0001	61.9600	0.7760	465.7775	385.1317	37.1759	453.4168	95.9259	461.4841	95.1852	465.2037	95.2315	469.1065	94.9769	
10/08/2017	02:37:26	019001	G523022849HLR	L523	S		433.5050	1.0311	3.4873	100.0038	39.3500	0.8230	0.8262	5.0000	17.2822	508.0340	94.9537	18.2923	24.6000	0.9300	0.9397	0.5772	-0.0002	508.0000	509.6505	1.0285	11.2594	99.6064	38.9000	0.8230	0.8202	5.0000	-9999.0000	-9999.0000	-9999.0000	-9999.0000	-9999.0000	-9999.0000	17.6223	5	0	29.3834	1.0000	04	2	-9999.0000	12	29610	-9999	1498	1460	-9999	291.4287	5	0.5736	0.5772	-0.0002	55.6995	1.1373	466.7011	379.9264	36.9213	449.8571	95.5787	461.6716	95.1389	466.1271	95.1157	469.6770	94.9306	
10/08/2017	02:37:55	019001	G523022858HLR	L523	S		433.3983	1.0311	3.4926	99.9305	39.4000	0.8230	0.8263	5.0000	17.3116	508.0403	94.9769	17.1622	24.6000	0.9300	0.9396	0.5757	-0.0002	508.0000	508.8583	1.0285	11.1608	99.7182	38.9000	0.8230	0.8200	5.0000	-9999.0000	-9999.0000	-9999.0000	-9999.0000	-9999.0000	-9999.0000	17.4523	6	0	29.4636	1.0000	04	2	-9999.0000	13	29611	-9999	1499	1461	-9999	291.1436	5	0.5732	0.5757	-0.0002	59.1191	0.9633	467.0442	375.7705	37.0602	452.9061	95.5556	463.1851	94.7917	466.4433	94.6759	470.6743	94.9537	
10/08/2017	02:38:22	019001	G523022857HLR	L523	S		434.2208	1.0311	3.4517	99.9693	39.4000	0.8230	0.8262	5.0000	17.1426	508.0498	94.9769	17.4816	24.6000	0.9300	0.9397	0.5759	-0.0002	508.0000	508.5604	1.0285	11.1237	100.0639	38.8871	0.8230	0.8202	5.0000	-9999.0000	-9999.0000	-9999.0000	-9999.0000	-9999.0000	-9999.0000	17.5520	7	0	26.6739	1.0000	04	2	-9999.0000	14	29612	-9999	1500	1462	-9999	291.0256	5	0.5729	0.5759	-0.0002	59.2782	0.9573	467.4927	365.1307	37.3843	450.0757	95.7176	463.4806	94.9306	466.9824	94.8843	470.3585	95.0231	
10/08/2017	02:38:48	019001	G523022848HLR	L523	S		432.9293	1.0311	3.5160	100.0115	39.4000	0.8230	0.8262	5.0000	17.2422	508.0413	94.9537	19.6225	24.6000	0.9300	0.9398	0.5763	-0.0002	508.0000	508.9115	1.0285	11.1674	100.0804	38.9333	0.8230	0.8204	5.0000	-9999.0000	-9999.0000	-9999.0000	-9999.0000	-9999.0000	-9999.0000	17.5322	8	0	26.4331	1.0000	04	2	-9999.0000	15	29613	-9999	1501	1463	-9999	290.8897	5	0.5727	0.5763	-0.0002	58.4400	1.0100	463.2897	371.3495	36.9213	450.7266	95.6944	459.5594	94.9769	462.7788	94.9306	466.7599	95.0463	
10/08/2017	02:39:17	019001	G523022867HLR	L523	S		434.5578	1.0311	3.4349	99.9793	39.4000	0.8230	0.8262	5.0000	17.1719	508.0471	94.9537	17.1515	24.6000	0.9300	0.9399	0.5762	-0.0002	508.0000	508.2978	1.0285	11.0910	100.0882	38.9629	0.8230	0.8203	5.0000	-9999.0000	-9999.0000	-9999.0000	-9999.0000	-9999.0000	-9999.0000	17.5615	1	0	29.0736	1.0000	04	2	-9999.0000	16	29614	-9999	1502	1464	-9999	291.0306	5	0.5727	0.5762	-0.0002	58.1816	1.0180	467.7464	390.8713	38.2870	455.6436	95.5787	464.1899	94.9306	467.1281	94.8380	471.7147	95.0000	
10/08/2017	02:39:42	019001	G523022862HLR	L523	S		430.4193	1.0311	3.6408	99.9988	39.4000	0.8230	0.8262	5.0000	17.2617	508.0236	94.9537	18.1018	24.6000	0.9300	0.9398	0.5757	-0.0002	508.0000	508.7830	1.0285	11.1514	99.8272	38.9667	0.8230	0.8202	5.0000	-9999.0000	-9999.0000	-9999.0000	-9999.0000	-9999.0000	-9999.0000	17.4620	2	0	24.9023	1.0000	04	2	-9999.0000	17	29615	-9999	1503	1465	-9999	290.9077	5	0.5726	0.5757	-0.0002	62.4216	0.7490	464.6510	393.7288	39.3981	456.2150	95.5093	461.6193	95.0463	464.1653	95.0000	467.9478	95.0463	
10/08/2017	02:40:15	019001	G523022864HLR	L523	S		435.6080	1.0311	3.3827	99.9769	39.4000	0.8230	0.8262	5.0000	17.1222	508.0855	94.9537	14.5418	24.6000	0.9300	0.9398	0.5757	-0.0002	508.0000	509.0564	1.0285	11.1854	100.0039	38.9667	0.8230	0.8200	5.0000	-9999.0000	-9999.0000	-9999.0000	-9999.0000	-9999.0000	-9999.0000	17.9924	3	0	33.3244	1.0000	04	2	-9999.0000	18	29616	-9999	1504	1466	-9999	291.2123	5	0.5726	0.5757	-0.0002	62.4216	0.7490	477.1299	393.5597	40.3241	463.5428	95.2546	472.2842	95.1389	476.5481	95.0926	479.9696	94.9769	
10/08/2017	02:40:43	019001	G523022865HLR	L523	S		433.8702	1.0311	3.4691	100.0084	39.4000	0.8230	0.8262	5.0000	17.2822	508.0354	94.9537	14.9014	24.7000	0.9300	0.9398	0.5754	-0.0002	508.0000	508.4615	1.0285	11.1114	100.1887	38.9667	0.8230	0.8202	5.0000	-9999.0000	-9999.0000	-9999.0000	-9999.0000	-9999.0000	-9999.0000	17.9914	4	0	27.1732	1.0000	04	2	-9999.0000	19	29617	-9999	1505	1467	-9999	291.0410	5	0.5724	0.5754	-0.0002	59.8192	0.9043	475.6108	395.6939	37.3843	461.0862	95.8102	470.8503	95.3472	474.9037	95.3241	478.4419	94.8380	
10/08/2017	02:41:15	019001	G523022930HLR	L523	S		0.0000	0.0000	0.0000	0.0000	0.0000	0.8230	0.0000	0.0000	0.0000	0.0000	0.0000	0.0000	0.0000	0.9300	0.0000	0.0000	0.0000	0.0000	0.0000	0.0000	0.0000	0.0000	0.0000	0.8230	0.0000	0.0000	0.0000	0.0000	0.0000	0.0000	0.0000	0.0000	0.0000	0	42	27.1732	1.0000	04	2	0.0000	0	0	0	0	0	0	0.0000	0	0.0000	0.0000	0.0000	0.0000	0.0000	0.0000	0.0000	0.0000	0.0000	0.0000	0.0000	0.0000	0.0000	0.0000	0.0000	0.0000	
10/08/2017	02:41:37	019001	G523022866HLR	L523	S		434.6529	1.0311	3.4302	100.0286	39.4000	0.8230	0.8262	5.0000	17.3515	508.0589	94.9537	16.8419	24.6000	0.9300	0.9399	0.5758	-0.0002	508.0000	509.2492	1.0285	11.2094	100.0465	38.9667	0.8230	0.8200	5.0000	-9999.0000	-9999.0000	-9999.0000	-9999.0000	-9999.0000	-9999.0000	17.6221	5	0	54.1460	1.0000	04	2	-9999.0000	20	29618	-9999	1506	1468	-9999	290.8964	5	0.5724	0.5758	-0.0002	59.1765	0.9390	470.6123	371.8829	36.6667	457.5685	95.6481	467.0465	94.9074	469.9795	94.9306	473.7623	95.0463	
10/08/2017	02:42:37	019001	G523022872HLR	L523	S		427.4121	1.0311	3.7904	100.0235	39.4500	0.8230	0.8263	5.0000	17.1016	508.0432	94.9769	21.0719	24.7000	0.9300	0.9401	0.5756	-0.0002	508.0000	508.0334	1.0285	11.0581	100.0523	38.7667	0.8230	0.8200	5.0000	-9999.0000	-9999.0000	-9999.0000	-9999.0000	-9999.0000	-9999.0000	17.7522	7	0	28.3530	1.0000	04	2	-9999.0000	22	29619	-9999	1508	1469	-9999	290.4617	5	0.5724	0.5756	-0.0002	64.5914	0.6135	460.0119	358.6475	37.5926	442.3754	95.9259	455.6676	95.0463	459.7917	95.0231	463.2248	94.9769	
10/08/2017	02:43:03	019001	G523022863HLR	L523	S		431.8708	1.0311	3.5686	99.9807	39.4000	0.8230	0.8262	5.0000	17.1114	508.0809	94.9769	15.6415	24.6000	0.9300	0.9398	0.5740	-0.0001	508.0000	508.8050	1.0285	11.1541	100.0659	38.9304	0.8230	0.8207	5.0000	-9999.0000	-9999.0000	-9999.0000	-9999.0000	-9999.0000	-9999.0000	17.4326	8	0	25.7835	1.0000	04	2	-9999.0000	23	29620	-9999	1509	1470	-9999	290.8924	5	0.5722	0.5740	-0.0001	66.9611	0.4680	472.8944	378.4296	39.1667	455.6537	95.4167	468.0985	95.0000	472.2688	94.9306	476.2429	95.0231	
10/08/2017	02:43:34	019001	G523022842HLR	L523	S		433.9733	1.0311	3.4640	100.0185	39.4500	0.8230	0.8261	5.0000	17.1123	508.0759	94.9769	16.6417	24.7000	0.9300	0.9398	0.5740	-0.0001	508.0000	507.2239	1.0285	10.9573	99.7160	39.0000	0.8230	0.8204	5.0000	-9999.0000	-9999.0000	-9999.0000	-9999.0000	-9999.0000	-9999.0000	17.5117	1	0	31.1336	1.0000	04	2	-9999.0000	24	29621	-9999	1510	1471	-9999	290.7084	5	0.5722	0.5740	-0.0001	66.9611	0.4680	471.0356	376.1610	35.9954	456.5667	95.9954	466.4943	95.0463	470.4145	95.0463	473.8988	95.0231	
10/08/2017	02:44:03	019001	G523022871HLR	L523	S		429.6678	1.0311	3.6782	99.9656	39.4000	0.8230	0.8261	5.0000	17.0822	508.0498	94.9769	20.4126	24.8000	0.9300	0.9401	0.5737	-0.0001	508.0000	507.7488	1.0285	11.0227	99.8776	39.0000	0.8230	0.8202	5.0000	-9999.0000	-9999.0000	-9999.0000	-9999.0000	-9999.0000	-9999.0000	17.3614	2	0	29.1441	1.0000	04	2	-9999.0000	25	29621	-9999	1511	1472	-9999	290.4585	5	0.5720	0.5737	-0.0001	60.0020	0.8970	461.5497	387.6687	39.7222	448.3010	95.7639	457.0244	95.4167	461.0216	95.3472	464.8232	94.8843	
10/08/2017	02:44:32	019001	G523022861HLR	L523	S		433.8197	1.0311	3.4717	99.9795	39.4065	0.8230	0.8259	5.0000	17.0926	508.0468	94.9537	16.2324	24.6000	0.9300	0.9398	0.5732	-0.0001	508.0000	507.8096	1.0285	11.0302	100.0209	38.9784	0.8230	0.8200	5.0000	-9999.0000	-9999.0000	-9999.0000	-9999.0000	-9999.0000	-9999.0000	17.5314	3	0	29.1226	1.0000	04	2	-9999.0000	26	29622	-9999	1512	1473	-9999	290.7081	5	0.5719	0.5732	-0.0001	62.2355	0.7852	472.4691	399.3048	40.5093	461.6134	95.2315	468.1842	95.1852	472.1174	95.1157	475.4724	95.0000	
10/08/2017	02:45:02	019001	G523022931HLR	L523	S		437.3409	1.0311	3.2965	100.0212	39.3213	0.8230	0.8262	5.0000	17.0820	508.0323	94.9537	14.3318	24.6000	0.9300	0.9397	0.5732	-0.0001	508.0000	508.7253	1.0285	11.1442	100.0531	38.9667	0.8230	0.8200	5.0000	-9999.0000	-9999.0000	-9999.0000	-9999.0000	-9999.0000	-9999.0000	17.6818	4	0	30.3542	1.0000	04	2	-9999.0000	27	29623	-9999	1513	1474	-9999	290.7075	5	0.5719	0.5732	-0.0001	62.2355	0.7852	478.8985	396.8896	40.0000	464.8752	95.3935	473.8729	95.1157	478.2883	95.1389	482.0548	94.9769	
10/08/2017	02:45:31	019001	G523022850HLR	L523	S		430.6955	1.0311	3.6271	99.9811	39.4000	0.8230	0.8265	5.0000	17.3514	508.0521	94.9769	19.0228	24.7000	0.9300	0.9399	0.5731	-0.0001	508.0000	508.1913	1.0285	11.0778	100.0056	38.9826	0.8230	0.8201	5.0000	-9999.0000	-9999.0000	-9999.0000	-9999.0000	-9999.0000	-9999.0000	17.7316	5	0	28.9828	1.0000	04	2	-9999.0000	28	29624	-9999	1514	1475	-9999	290.5754	5	0.5720	0.5731	-0.0001	61.7404	0.8123	466.3452	394.0856	41.0648	459.0976	95.3009	461.6856	95.1389	465.8430	95.1620	469.1334	95.0231	
10/08/2017	02:46:00	019001	G523022876HLR	L523	S		433.7186	1.0311	3.4767	99.9938	39.4622	0.8230	0.8264	5.0000	17.1914	508.0464	94.9537	17.7922	24.7000	0.9300	0.9398	0.5731	-0.0001	508.0000	507.8059	1.0285	11.0298	99.7785	39.0000	0.8230	0.8201	5.0000	-9999.0000	-9999.0000	-9999.0000	-9999.0000	-9999.0000	-9999.0000	17.6318	6	0	29.1335	1.0000	04	2	-9999.0000	29	29625	-9999	1515	1476	-9999	290.6256	5	0.5721	0.5731	-0.0001	59.7081	0.9348	467.7063	392.0707	40.2315	454.5452	95.3009	463.7970	94.8380	467.2008	94.7917	470.8595	94.9537	
10/08/2017	02:46:29	019001	G523022860HLR	L523	S		433.3431	1.0311	3.4954	100.0391	39.5000	0.8230	0.8261	5.0000	17.2717	508.0484	94.9769	16.9620	24.6000	0.9300	0.9399	0.5723	-0.0000	508.0000	507.4532	1.0285	10.9859	99.9372	39.0000	0.8230	0.8200	5.0000	-9999.0000	-9999.0000	-9999.0000	-9999.0000	-9999.0000	-9999.0000	17.7472	7	0	28.8539	1.0000	04	2	-9999.0000	30	29626	-9999	1516	1477	-9999	290.7040	5	0.5720	0.5723	-0.0000	57.9857	1.0380	469.4777	368.2975	37.8472	460.1493	95.6250	465.9844	94.8380	468.8712	94.8148	472.6334	94.9537	
10/08/2017	02:46:58	019001	G523022870HLR	L523	S		431.5992	1.0311	3.5821	99.9782	39.4144	0.8230	0.8260	5.0000	17.2920	508.0449	94.9769	18.9622	24.6000	0.9300	0.9398	0.5724	-0.0000	508.0000	508.3387	1.0285	11.0961	99.7686	39.0000	0.8230	0.8200	5.0000	-9999.0000	-9999.0000	-9999.0000	-9999.0000	-9999.0000	-9999.0000	17.6320	8	0	28.3033	1.0000	04	2	-9999.0000	31	29626	-9999	1517	1478	-9999	290.5961	5	0.5720	0.5724	-0.0000	58.3476	1.0032	466.8705	374.8422	38.2639	451.9711	95.6481	462.5732	94.9537	466.2866	94.9537	469.5699	95.0231	
10/08/2017	02:47:26	019001	G523022911HLR	L523	S		434.1912	1.0311	3.4532	100.0507	39.4000	0.8230	0.8261	5.0000	17.1622	508.0405	94.9537	15.9717	24.6000	0.9300	0.9398	0.5723	-0.0000	508.0000	506.5443	1.0285	10.8727	100.1826	39.0000	0.8230	0.8201	5.0000	-9999.0000	-9999.0000	-9999.0000	-9999.0000	-9999.0000	-9999.0000	17.5423	1	0	27.9936	1.0000	04	2	-9999.0000	32	29627	-9999	1518	1479	-9999	290.6358	5	0.5720	0.5723	-0.0000	57.2936	1.0442	472.7756	387.8642	36.0417	461.4365	95.3704	468.7989	94.9769	472.1909	94.9306	475.2945	95.0000	
10/08/2017	02:47:55	019001	G523022898HLR	L523	S		433.5447	1.0311	3.4853	100.0074	39.4340	0.8230	0.8262	5.0000	17.1426	508.0429	94.9769	17.7521	24.7000	0.9300	0.9398	0.5722	-0.0000	508.0000	508.1124	1.0285	11.0679	99.8590	39.0000	0.8230	0.8200	5.0000	-9999.0000	-9999.0000	-9999.0000	-9999.0000	-9999.0000	-9999.0000	17.6212	2	0	28.9733	1.0000	04	2	-9999.0000	33	29628	-9999	1519	1480	-9999	290.6355	5	0.5721	0.5722	-0.0000	53.3729	1.2436	469.2698	371.9363	36.2269	451.9038	95.7639	465.4762	94.8843	468.6960	94.8611	472.2361	94.9769	
10/08/2017	02:48:24	019001	G523022919HLR	L523	S		433.7122	1.0311	3.4770	99.9830	39.4500	0.8230	0.8262	5.0000	17.2572	508.0638	94.9769	16.7012	24.7000	0.9300	0.9399	0.5730	-0.0000	508.0000	507.4842	1.0285	10.9897	99.9163	39.0197	0.8230	0.8200	5.0000	-9999.0000	-9999.0000	-9999.0000	-9999.0000	-9999.0000	-9999.0000	17.5423	3	0	29.7436	1.0000	04	2	-9999.0000	34	29629	-9999	1520	1481	-9999	290.6864	5	0.5721	0.5730	-0.0000	52.3730	1.2912	472.6671	379.7641	37.8009	459.4271	95.4630	468.9911	95.0000	472.1925	94.9074	475.8972	95.0231	
10/08/2017	02:48:52	019001	G523022920HLR	L523	S		433.1576	1.0311	3.5046	99.9513	39.4500	0.8230	0.8262	5.0000	17.2920	508.0577	94.9537	16.9425	24.7000	0.9300	0.9399	0.5736	-0.0001	508.0000	506.9173	1.0285	10.9192	99.9172	39.0181	0.8230	0.8200	5.0000	-9999.0000	-9999.0000	-9999.0000	-9999.0000	-9999.0000	-9999.0000	17.5919	4	0	27.2329	1.0000	04	2	-9999.0000	35	29630	-9999	1521	1482	-9999	290.7161	5	0.5723	0.5736	-0.0001	53.8869	1.1933	470.9324	391.5939	38.3565	461.6493	95.5556	465.9319	95.2778	470.2969	95.2315	473.8084	94.8148	
10/08/2017	02:49:20	019001	G523022921HLR	L523	S		432.8718	1.0311	3.5188	100.0353	39.4500	0.8230	0.8261	5.0000	17.3126	508.0543	94.9537	15.8622	24.6000	0.9300	0.9398	0.5790	-0.0004	508.0000	508.8257	1.0285	11.1567	99.7713	39.0000	0.8230	0.8199	5.0000	-9999.0000	-9999.0000	-9999.0000	-9999.0000	-9999.0000	-9999.0000	17.7120	5	0	28.0035	1.0000	04	2	-9999.0000	36	29631	-9999	1522	1483	-9999	290.8501	5	0.5723	0.5790	-0.0004	53.9669	1.1853	474.3888	397.3926	40.0463	463.1084	95.2778	469.8573	95.0463	474.1108	95.0000	477.2148	95.0231	
10/08/2017	02:49:48	019001	G523022896HLR	L523	S		431.6702	1.0311	3.5786	100.0408	39.4500	0.8230	0.8261	5.0000	17.1211	508.0454	94.9769	17.5822	24.6000	0.9300	0.9397	0.5784	-0.0003	508.0000	506.4783	1.0285	10.8645	100.0111	39.0251	0.8230	0.8200	5.0000	-9999.0000	-9999.0000	-9999.0000	-9999.0000	-9999.0000	-9999.0000	17.9924	6	0	28.8492	1.0000	04	2	-9999.0000	37	29632	-9999	1523	1484	-9999	290.8917	5	0.5723	0.5784	-0.0003	54.2622	1.1713	464.9400	391.9906	39.9537	455.9166	95.3241	461.2633	94.9537	464.5186	94.9306	468.3028	95.0000	
10/08/2017	02:50:18	019001	G523022905HLR	L523	S		432.0664	1.0311	3.5589	100.0155	39.4500	0.8230	0.8261	5.0000	17.1220	508.0480	94.9537	17.6623	24.6000	0.9300	0.9397	0.5823	-0.0006	508.0000	506.8509	1.0285	10.9109	99.9660	39.0333	0.8230	0.8201	5.0000	-9999.0000	-9999.0000	-9999.0000	-9999.0000	-9999.0000	-9999.0000	17.7121	7	0	30.0882	1.0000	04	2	-9999.0000	38	29633	-9999	1524	1485	-9999	290.8602	5	0.5725	0.5823	-0.0006	53.8449	1.1940	465.2506	387.6330	40.3241	453.4394	95.2315	460.7931	95.1157	464.6472	95.0463	468.8639	95.0463	
10/08/2017	02:50:45	019001	G523022906HLR	L523	S		433.0010	1.0311	3.5124	99.9883	39.4532	0.8230	0.8261	5.0000	17.0821	508.0605	94.9537	15.8828	24.6000	0.9300	0.9398	0.5740	-0.0001	508.0000	509.4958	1.0285	11.2401	99.9319	39.0333	0.8230	0.8199	5.0000	-9999.0000	-9999.0000	-9999.0000	-9999.0000	-9999.0000	-9999.0000	17.8518	8	0	27.0130	1.0000	04	2	-9999.0000	39	29634	-9999	1525	1486	-9999	291.3682	5	0.5724	0.5740	-0.0001	53.0473	1.2356	468.5501	386.9821	40.0000	454.2554	95.2546	463.1671	95.0000	468.1761	94.9537	471.6797	95.0000	
10/08/2017	02:51:16	019001	G523022895HLR	L523	S		435.2334	1.0311	3.4013	100.0490	39.4500	0.8230	0.8261	5.0000	17.1417	508.0310	94.9537	15.8515	24.6000	0.9300	0.9399	0.5841	-0.0007	508.0000	508.3380	1.0285	11.0960	99.9428	39.0333	0.8230	0.8198	5.0000	-9999.0000	-9999.0000	-9999.0000	-9999.0000	-9999.0000	-9999.0000	17.9426	1	0	30.1833	1.0000	04	2	-9999.0000	40	29635	-9999	1526	1487	-9999	290.8727	5	0.5726	0.5841	-0.0007	48.6548	1.4845	472.9570	371.4152	38.7037	457.2360	95.3704	469.2940	94.7685	472.4897	94.7454	476.0516	95.0000	
10/08/2017	02:51:43	019001	G523022922HLR	L523	S		433.8214	1.0311	3.4716	99.9513	39.4500	0.8230	0.8261	5.0000	17.1417	508.0589	94.9769	17.2823	24.6000	0.9300	0.9398	0.5774	-0.0003	508.0000	507.5845	1.0285	11.0022	99.9775	39.0327	0.8230	0.8199	5.0000	-9999.0000	-9999.0000	-9999.0000	-9999.0000	-9999.0000	-9999.0000	17.9328	2	0	27.5932	1.0000	04	2	-9999.0000	41	29636	-9999	1527	1488	-9999	291.0280	5	0.5729	0.5774	-0.0003	50.9732	1.3478	463.4946	389.2728	36.9907	451.1374	95.8565	459.1068	95.0694	462.7878	95.1157	466.0450	95.0231	
10/08/2017	02:52:16	019001	G523022902HLR	L523	S		434.2211	1.0311	3.4517	100.0796	39.4500	0.8230	0.8262	5.0000	17.0918	508.0424	94.9769	17.9816	24.6000	0.9300	0.9398	0.5727	0.0000	508.0000	510.7651	1.0285	11.3981	100.1437	39.0386	0.8230	0.8199	5.0000	-9999.0000	-9999.0000	-9999.0000	-9999.0000	-9999.0000	-9999.0000	17.9114	3	0	32.7247	1.0000	04	2	-9999.0000	42	29637	-9999	1528	1489	-9999	290.9647	5	0.5728	0.5727	0.0000	50.3440	1.3874	466.8293	371.3792	37.7315	452.3606	95.6019	462.9884	95.0000	466.2013	94.9537	469.9592	95.0231	
10/08/2017	02:52:44	019001	G523022903HLR	L523	S		435.4726	1.0311	3.3894	100.0047	39.4952	0.8230	0.8261	5.0000	17.2725	508.0267	94.9537	15.5810	24.6000	0.9300	0.9398	0.5727	0.0000	508.0000	507.9571	1.0285	11.0486	99.8863	39.0333	0.8230	0.8199	5.0000	-9999.0000	-9999.0000	-9999.0000	-9999.0000	-9999.0000	-9999.0000	17.8421	4	0	27.9137	1.0000	04	2	-9999.0000	43	29638	-9999	1529	1490	-9999	291.0320	5	0.5728	0.5727	0.0000	50.3440	1.3874	473.9493	391.4499	37.4306	460.2187	95.5787	470.3410	94.9306	473.4466	94.9074	477.5076	94.9769	
10/08/2017	02:53:12	019001	G523022926HLR	L523	S		432.7778	1.0311	3.5235	100.0477	39.4530	0.8230	0.8261	5.0000	17.1319	508.0499	94.9769	18.1116	24.7000	0.9300	0.9400	0.5713	0.0001	508.0000	509.8299	1.0285	11.2817	99.7824	39.0333	0.8230	0.8197	5.0000	-9999.0000	-9999.0000	-9999.0000	-9999.0000	-9999.0000	-9999.0000	17.8527	5	0	28.5432	1.0000	04	2	-9999.0000	44	29639	-9999	1530	1491	-9999	291.0705	5	0.5729	0.5713	0.0001	56.0229	1.0517	470.6696	386.7809	39.3519	459.9434	95.4167	466.9543	94.9306	470.2244	94.8611	473.5087	94.9769	
10/08/2017	02:53:44	019001	G523022927HLR	L523	S		433.9208	1.0311	3.4666	100.0004	39.4500	0.8230	0.8261	5.0000	17.2423	508.0470	94.9769	16.2422	24.7000	0.9300	0.9399	0.5713	0.0001	508.0000	508.4289	1.0285	11.1073	99.9735	39.0291	0.8230	0.8200	5.0000	-9999.0000	-9999.0000	-9999.0000	-9999.0000	-9999.0000	-9999.0000	17.7824	6	0	32.0733	1.0000	04	2	-9999.0000	45	29640	-9999	1531	1492	-9999	290.9888	5	0.5725	0.5713	0.0001	74.1084	0.0341	473.1837	392.6681	39.2361	461.5792	95.5093	469.4188	94.9074	472.5972	94.8611	476.1383	94.9769	
10/08/2017	02:54:16	019001	G523022936HLR	L523	S		428.9864	1.0311	3.7121	99.9642	39.4548	0.8230	0.8261	5.0000	17.3019	508.0531	94.9769	20.5230	24.7000	0.9300	0.9400	0.5713	0.0001	508.0000	508.7405	1.0285	11.1461	100.0364	39.0535	0.8230	0.8200	5.0000	-9999.0000	-9999.0000	-9999.0000	-9999.0000	-9999.0000	-9999.0000	17.7717	7	0	31.9939	1.0000	04	2	-9999.0000	46	29641	-9999	1532	1493	-9999	291.1735	5	0.5726	0.5713	0.0001	57.0521	0.9970	464.3674	386.3258	38.1250	454.4363	95.6250	460.3533	94.8843	463.8180	94.8611	467.1078	94.9769	
10/08/2017	02:54:48	019001	G523022925HLR	L523	S		432.9082	1.0311	3.5170	100.0308	39.4745	0.8230	0.8261	5.0000	17.3419	508.0449	94.9537	16.5020	24.7000	0.9300	0.9398	0.5721	0.0000	508.0000	508.6603	1.0285	11.1361	100.0757	39.0333	0.8230	0.8198	5.0000	-9999.0000	-9999.0000	-9999.0000	-9999.0000	-9999.0000	-9999.0000	17.8216	8	0	31.2333	1.0000	04	2	-9999.0000	47	29642	-9999	1533	1494	-9999	290.9894	5	0.5725	0.5721	0.0000	55.0176	1.1503	473.5358	374.4823	36.0880	461.0397	95.9028	469.3705	95.1389	473.0089	95.0231	477.1549	95.0231	
10/08/2017	02:55:13	019001	G523022935HLR	L523	S		433.5362	1.0311	3.4858	100.0439	39.5000	0.8230	0.8260	5.0000	17.3420	508.0177	94.9537	16.4522	24.7000	0.9300	0.9399	0.5728	-0.0000	508.0000	507.3035	1.0285	10.9672	99.9186	39.0245	0.8230	0.8198	5.0000	-9999.0000	-9999.0000	-9999.0000	-9999.0000	-9999.0000	-9999.0000	17.8723	1	0	25.6837	1.0000	04	2	-9999.0000	48	29643	-9999	1534	1495	-9999	290.8698	5	0.5723	0.5728	-0.0000	62.4835	0.7386	472.9340	371.6390	35.9722	458.0787	95.8796	468.7867	94.8843	472.4074	94.8611	475.7517	95.0000	
10/08/2017	02:55:42	019001	G523022892HLR	L523	S		428.6254	1.0311	3.7301	100.0365	39.4500	0.8230	0.8260	5.0000	17.1720	508.0358	94.9769	20.6529	24.7000	0.9300	0.9398	0.5735	-0.0001	508.0000	508.5516	1.0285	11.1226	99.8374	39.0319	0.8230	0.8198	5.0000	-9999.0000	-9999.0000	-9999.0000	-9999.0000	-9999.0000	-9999.0000	18.0021	2	0	28.8834	1.0000	04	2	-9999.0000	49	29644	-9999	1535	1496	-9999	290.7726	5	0.5724	0.5735	-0.0001	51.5425	1.3629	462.2346	388.4421	37.8472	450.8827	95.7870	458.5702	95.1157	461.7503	95.1389	465.0767	95.0463	
10/08/2017	02:56:08	019001	G523022934HLR	L523	S		430.1658	1.0311	3.6534	99.9959	39.4500	0.8230	0.8261	5.0000	17.3216	508.0390	94.9769	19.8627	24.6000	0.9300	0.9398	0.5737	-0.0001	508.0000	508.5078	1.0285	11.1171	99.9854	39.0333	0.8230	0.8200	5.0000	-9999.0000	-9999.0000	-9999.0000	-9999.0000	-9999.0000	-9999.0000	17.7522	3	0	25.6134	1.0000	04	2	-9999.0000	50	29645	-9999	1536	1497	-9999	290.8018	5	0.5722	0.5737	-0.0001	54.4970	1.2153	463.9317	367.7520	38.6574	450.4508	95.4630	459.7670	94.8611	463.6375	94.7454	466.8361	94.9306	
10/08/2017	02:56:35	019001	G523022923HLR	L523	S		430.2707	1.0311	3.6482	99.9644	39.5000	0.8230	0.8261	5.0000	17.1221	508.0442	94.9769	19.7817	24.6000	0.9300	0.9398	0.5754	-0.0002	508.0000	508.7277	1.0285	11.1445	100.0508	39.0667	0.8230	0.8199	5.0000	-9999.0000	-9999.0000	-9999.0000	-9999.0000	-9999.0000	-9999.0000	17.9121	4	0	27.3049	1.0000	04	2	-9999.0000	51	29646	-9999	1537	1498	-9999	290.6424	5	0.5721	0.5754	-0.0002	51.5418	1.3807	463.8007	384.1487	38.7500	451.8308	95.6250	459.7769	94.9769	463.2257	94.9306	467.2393	94.9769	
10/08/2017	02:57:01	019001	G523023158HLR	L523	S		440.2921	1.0311	3.1496	99.9299	39.4688	0.8230	0.8260	5.0000	17.1124	508.0278	94.9074	12.0415	24.6000	0.9300	0.9397	0.5754	-0.0002	508.0000	507.8103	1.0285	11.0303	99.7894	39.0643	0.8230	0.8199	5.0000	-9999.0000	-9999.0000	-9999.0000	-9999.0000	-9999.0000	-9999.0000	17.7922	5	0	25.6809	1.0000	04	3	-9999.0000	52	29647	-9999	1538	1499	-9999	291.1964	5	0.5721	0.5754	-0.0002	51.5418	1.3807	483.9942	367.8043	37.2917	465.6310	95.6019	478.2852	95.0463	483.4850	95.0000	486.7157	95.0231	
10/08/2017	02:57:27	019001	G523023159HLR	L523	S		433.9879	1.0311	3.4633	100.0360	39.4500	0.8230	0.8260	5.0000	17.1016	508.0325	94.9769	17.4328	24.7000	0.9300	0.9399	0.5756	-0.0002	508.0000	507.7208	1.0285	11.0192	99.8560	39.0667	0.8230	0.8199	5.0000	-9999.0000	-9999.0000	-9999.0000	-9999.0000	-9999.0000	-9999.0000	17.8525	6	0	25.7432	1.0000	04	3	-9999.0000	53	29648	-9999	1539	1500	-9999	290.7467	5	0.5721	0.5756	-0.0002	52.2328	1.3370	468.4048	375.0452	37.6157	457.0816	95.9491	464.7988	95.1389	467.9815	95.1620	471.8119	95.0694	
10/08/2017	02:57:53	019001	G523023154HLR	L523	S		440.3575	1.0311	3.1464	100.1005	39.4407	0.8230	0.8260	5.0000	17.5518	508.0348	94.8843	12.2417	24.7000	0.9300	0.9398	0.5756	-0.0002	508.0000	508.2888	1.0285	11.0899	99.8376	39.0667	0.8230	0.8199	5.0000	-9999.0000	-9999.0000	-9999.0000	-9999.0000	-9999.0000	-9999.0000	17.8020	7	0	26.6831	1.0000	04	3	-9999.0000	54	29649	-9999	1540	1501	-9999	291.2657	5	0.5721	0.5756	-0.0002	52.2328	1.3370	482.9935	368.7562	37.6389	464.9493	95.4861	478.2666	94.9306	482.1973	94.9074	485.8470	94.9769	
10/08/2017	02:58:20	019001	G523023155HLR	L523	S		436.0163	1.0311	3.3624	100.0055	39.5000	0.8230	0.8262	5.0000	17.3322	508.0462	94.9537	15.9023	24.7000	0.9300	0.9399	0.5759	-0.0002	508.0000	507.2413	1.0285	10.9595	99.9347	39.0667	0.8230	0.8199	5.0000	-9999.0000	-9999.0000	-9999.0000	-9999.0000	-9999.0000	-9999.0000	17.8722	8	0	27.0531	1.0000	04	3	-9999.0000	55	29650	-9999	1541	1502	-9999	290.8884	5	0.5722	0.5759	-0.0002	50.3008	1.4288	473.5467	371.8053	37.9861	464.0751	95.8102	470.2784	95.3704	472.9054	95.4630	476.0484	94.7685	
10/08/2017	02:58:46	019001	G523023153HLR	L523	S		439.4777	1.0311	3.1902	100.0281	39.5000	0.8230	0.8261	5.0000	17.2618	508.0503	94.9074	13.5016	24.6000	0.9300	0.9399	0.5759	-0.0002	508.0000	505.9140	1.0285	10.7943	99.9327	39.0667	0.8230	0.8198	5.0000	-9999.0000	-9999.0000	-9999.0000	-9999.0000	-9999.0000	-9999.0000	17.9221	1	0	25.5830	1.0000	04	3	-9999.0000	56	29651	-9999	1542	1503	-9999	291.1898	5	0.5722	0.5759	-0.0002	50.3008	1.4288	478.0149	388.7408	38.1481	466.1557	95.5787	473.3967	95.1157	477.4433	95.1157	481.9777	95.0463	
10/08/2017	02:59:12	019001	G523023144HLR	L523	S		435.9591	1.0311	3.3652	99.9953	39.5000	0.8230	0.8260	5.0000	17.3322	508.0319	94.9537	14.3513	24.7000	0.9300	0.9398	0.5757	-0.0002	508.0000	508.4258	1.0285	11.1069	99.9050	39.0667	0.8230	0.8198	5.0000	-9999.0000	-9999.0000	-9999.0000	-9999.0000	-9999.0000	-9999.0000	17.9015	2	0	26.4838	1.0000	04	3	-9999.0000	57	29652	-9999	1543	1504	-9999	291.0708	5	0.5722	0.5757	-0.0002	51.2961	1.3841	477.9875	386.8013	38.3565	464.0842	95.5556	473.2520	95.1852	477.2821	95.2083	481.5824	94.9537	
10/08/2017	02:59:39	019001	G523023147HLR	L523	S		437.2545	1.0311	3.3008	100.0689	39.4500	0.8230	0.8260	5.0000	17.1318	508.0658	94.9537	14.5916	24.7000	0.9300	0.9399	0.5753	-0.0002	508.0000	506.7116	1.0285	10.8936	99.9153	39.0667	0.8230	0.8199	5.0000	-9999.0000	-9999.0000	-9999.0000	-9999.0000	-9999.0000	-9999.0000	17.8115	3	0	26.5929	1.0000	04	3	-9999.0000	58	29653	-9999	1544	1505	-9999	291.0827	5	0.5724	0.5753	-0.0002	50.4853	1.4178	476.5300	389.8705	37.5000	465.9458	95.7176	471.9440	95.0926	475.9766	95.1157	479.6161	94.9537	
10/08/2017	03:00:04	019001	G523023146HLR	L523	S		436.8881	1.0311	3.3190	99.9688	39.4500	0.8230	0.8260	5.0000	17.3526	508.0356	94.9537	15.6425	24.7000	0.9300	0.9399	0.5757	-0.0002	508.0000	508.7777	1.0285	11.1507	100.0429	39.0868	0.8230	0.8198	5.0000	-9999.0000	-9999.0000	-9999.0000	-9999.0000	-9999.0000	-9999.0000	17.9730	4	0	24.8634	1.0000	04	3	-9999.0000	59	29654	-9999	1545	1506	-9999	291.0276	5	0.5725	0.5757	-0.0002	50.4891	1.4170	473.6360	368.2633	35.9722	458.9026	95.7870	468.5795	95.0463	472.8943	95.0463	476.5504	95.0000	
10/08/2017	03:00:35	019001	G523023148HLR	L523	S		438.1233	1.0311	3.2575	99.9387	39.5000	0.8230	0.8261	5.0000	17.1222	508.0500	94.8843	12.7515	24.7000	0.9300	0.9398	0.5769	-0.0003	508.0000	508.6733	1.0285	11.1378	99.9752	39.0794	0.8230	0.8198	5.0000	-9999.0000	-9999.0000	-9999.0000	-9999.0000	-9999.0000	-9999.0000	17.9229	5	0	30.6931	1.0000	04	3	-9999.0000	59	29655	-9999	1546	1507	-9999	291.4897	5	0.5728	0.5769	-0.0003	50.6043	1.4057	481.1345	371.2224	37.5000	464.6296	95.5324	475.9921	94.9769	480.6650	94.9769	484.6447	95.0000	
10/08/2017	03:01:01	019001	G523023152HLR	L523	S		437.6294	1.0311	3.2821	99.9942	39.5000	0.8230	0.8260	5.0000	17.1417	508.0337	94.9306	15.1414	24.7000	0.9300	0.9399	0.5766	-0.0002	508.0000	508.5531	1.0285	11.1228	100.0342	39.0742	0.8230	0.8199	5.0000	-9999.0000	-9999.0000	-9999.0000	-9999.0000	-9999.0000	-9999.0000	17.8820	6	0	26.8333	1.0000	04	3	-9999.0000	60	29656	-9999	1546	1508	-9999	291.1707	5	0.5729	0.5766	-0.0002	50.5905	1.4048	474.9108	384.8546	37.9861	463.0825	95.5556	470.1511	95.0926	474.3477	95.1620	477.9789	95.0000	
10/08/2017	03:01:29	019001	G523023145HLR	L523	S		438.3298	1.0311	3.2473	99.9930	39.4697	0.8230	0.8260	5.0000	17.1914	508.0394	94.9306	14.5320	24.7000	0.9300	0.9399	0.5772	-0.0003	508.0000	506.6182	1.0285	10.8819	99.8595	39.0794	0.8230	0.8197	5.0000	-9999.0000	-9999.0000	-9999.0000	-9999.0000	-9999.0000	-9999.0000	17.9426	7	0	27.3236	1.0000	04	3	-9999.0000	61	29657	-9999	1547	1509	-9999	291.3105	5	0.5730	0.5772	-0.0003	49.1095	1.4633	475.5598	368.2480	36.3194	459.2582	95.6250	470.7791	94.8843	474.9505	94.9074	478.5955	95.0231	
10/08/2017	03:01:55	019001	G523023142HLR	L523	S		437.9545	1.0311	3.2659	99.9509	39.4776	0.8230	0.8260	5.0000	17.1622	508.0863	94.8843	12.4712	24.7000	0.9300	0.9399	0.5770	-0.0003	508.0000	508.7600	1.0285	11.1486	99.9227	39.0667	0.8230	0.8198	5.0000	-9999.0000	-9999.0000	-9999.0000	-9999.0000	-9999.0000	-9999.0000	17.8815	8	0	25.9133	1.0000	04	3	-9999.0000	62	29658	-9999	1548	1510	-9999	291.5514	5	0.5730	0.5770	-0.0003	49.7710	1.4161	481.9602	385.2653	37.0139	465.4926	95.6250	476.8744	95.0000	481.4318	95.0694	485.4349	95.0000	
10/08/2017	03:02:20	019001	G523023141HLR	L523	S		433.3012	1.0311	3.4975	99.9804	39.5000	0.8230	0.8261	5.0000	17.1826	508.0363	95.0463	18.5628	24.7000	0.9300	0.9399	0.5745	-0.0001	508.0000	508.8019	1.0285	11.1538	100.0856	39.0667	0.8230	0.8199	5.0000	-9999.0000	-9999.0000	-9999.0000	-9999.0000	-9999.0000	-9999.0000	18.0216	1	0	25.5324	1.0000	04	3	-9999.0000	63	29659	-9999	1549	1511	-9999	290.6878	5	0.5733	0.5745	-0.0001	55.2808	1.0410	466.3812	394.6224	38.0324	455.3031	95.6481	462.5443	95.0231	465.8949	95.1389	469.9584	95.0231	
10/08/2017	03:02:47	019001	G523023138HLR	L523	S		435.6165	1.0311	3.3823	99.9803	39.4968	0.8230	0.8260	5.0000	17.0918	508.0645	94.9537	15.4120	24.7000	0.9300	0.9399	0.5745	-0.0001	508.0000	508.4325	1.0285	11.1078	99.8714	39.0973	0.8230	0.8199	5.0000	-9999.0000	-9999.0000	-9999.0000	-9999.0000	-9999.0000	-9999.0000	17.9826	2	0	26.7640	1.0000	04	3	-9999.0000	64	29659	-9999	1550	1512	-9999	291.0734	5	0.5733	0.5745	-0.0001	55.2808	1.0410	473.6353	368.1570	36.2731	459.1112	95.6944	469.3597	94.9074	473.0846	94.8843	476.8776	94.9769	
10/08/2017	03:03:14	019001	G523022337HLR	L523	S		436.7311	1.0311	3.3268	100.0587	39.5000	0.8230	0.8260	5.0000	17.1915	508.0326	94.9306	15.2518	24.7000	0.9300	0.9399	0.5756	-0.0002	508.0000	507.7241	1.0285	11.0196	99.9473	39.1000	0.8230	0.8199	5.0000	-9999.0000	-9999.0000	-9999.0000	-9999.0000	-9999.0000	-9999.0000	17.9415	3	0	27.4826	1.0000	04	3	-9999.0000	65	29660	-9999	1551	1513	-9999	291.2068	5	0.5734	0.5756	-0.0002	55.2358	1.0320	474.0478	390.7817	38.9120	460.9295	95.3241	469.4771	94.9074	473.4160	94.9306	477.6172	95.0231	
10/08/2017	03:03:41	019001	G523022338HLR	L523	S		438.4535	1.0311	3.2411	100.0301	39.4512	0.8230	0.8260	5.0000	17.2009	508.0541	94.9306	14.5310	24.7000	0.9300	0.9399	0.5738	-0.0000	508.0000	506.5175	1.0285	10.8694	100.0105	39.1000	0.8230	0.8198	5.0000	-9999.0000	-9999.0000	-9999.0000	-9999.0000	-9999.0000	-9999.0000	17.8819	4	0	26.5240	1.0000	04	3	-9999.0000	66	29661	-9999	1552	1514	-9999	291.2962	5	0.5734	0.5738	-0.0000	61.5023	0.6071	477.2389	378.3319	36.4120	463.4122	95.6944	472.6553	94.8843	476.5847	94.9306	480.3309	94.9769	
10/08/2017	03:04:07	019001	G523022331HLR	L523	S		438.4929	1.0311	3.2392	100.0726	39.4776	0.8230	0.8260	5.0000	17.1525	508.0519	94.9074	12.5415	24.7000	0.9300	0.9399	0.5766	-0.0003	508.0000	507.8225	1.0285	11.0318	99.9619	39.1000	0.8230	0.8197	5.0000	-9999.0000	-9999.0000	-9999.0000	-9999.0000	-9999.0000	-9999.0000	17.9216	5	0	26.3427	1.0000	04	3	-9999.0000	67	29662	-9999	1553	1514	-9999	291.3073	5	0.5733	0.5766	-0.0003	57.6055	0.8952	481.0441	370.4446	36.2269	463.7359	95.6944	476.1282	94.9537	480.3631	95.0000	484.9718	95.0000	
10/08/2017	03:04:32	019001	G523022334HLR	L523	S		438.2507	1.0311	3.2512	100.0356	39.5000	0.8230	0.8261	5.0000	17.0919	508.0566	94.9074	15.3714	24.7000	0.9300	0.9400	0.5767	-0.0003	508.0000	507.6703	1.0285	11.0129	99.9629	39.0876	0.8230	0.8198	5.0000	-9999.0000	-9999.0000	-9999.0000	-9999.0000	-9999.0000	-9999.0000	17.8517	6	0	24.9424	1.0000	04	3	-9999.0000	68	29663	-9999	1554	1515	-9999	290.7926	5	0.5732	0.5767	-0.0003	57.2920	0.9373	474.2509	386.8298	37.8704	461.3582	95.6250	469.9481	94.9537	473.6936	95.0000	477.2887	95.0000	
10/08/2017	03:05:00	019001	G523022339HLR	L523	S		436.5330	1.0311	3.3367	100.0449	39.5000	0.8230	0.8260	5.0000	17.2824	508.0316	94.9537	15.3710	24.7000	0.9300	0.9399	0.5767	-0.0003	508.0000	506.8500	1.0285	10.9108	99.9620	39.0984	0.8230	0.8198	5.0000	-9999.0000	-9999.0000	-9999.0000	-9999.0000	-9999.0000	-9999.0000	17.8722	7	0	27.8238	1.0000	04	3	-9999.0000	69	29664	-9999	1555	1516	-9999	290.7994	5	0.5730	0.5767	-0.0003	59.9609	0.7718	473.8985	370.0128	36.1574	456.9242	95.7870	469.5901	94.8843	473.2317	94.9306	476.5115	94.9769	
10/08/2017	03:05:28	019001	G523022327HLR	L523	S		437.9201	1.0311	3.2677	100.0151	39.5000	0.8230	0.8260	5.0000	17.2521	508.0319	94.9537	15.1014	24.7000	0.9300	0.9398	0.5784	-0.0004	508.0000	507.0790	1.0285	10.9393	100.0747	39.1000	0.8230	0.8199	5.0000	-9999.0000	-9999.0000	-9999.0000	-9999.0000	-9999.0000	-9999.0000	17.7619	8	0	28.1429	1.0000	04	3	-9999.0000	70	29665	-9999	1556	1516	-9999	291.1618	5	0.5732	0.5784	-0.0004	58.0534	0.8669	473.1024	369.5472	36.0880	455.2523	95.7639	468.9780	95.0463	472.6549	95.0926	476.5232	95.0231	
10/08/2017	03:05:55	019001	G523022324HLR	L523	S		436.1828	1.0311	3.3541	99.9940	39.5000	0.8230	0.8260	5.0000	17.2410	508.0567	94.9537	14.2517	24.7000	0.9300	0.9398	0.5773	-0.0003	508.0000	509.0341	1.0285	11.1827	99.8374	39.1000	0.8230	0.8197	5.0000	-9999.0000	-9999.0000	-9999.0000	-9999.0000	-9999.0000	-9999.0000	17.8927	1	0	26.8733	1.0000	04	3	-9999.0000	71	29666	-9999	1557	1517	-9999	291.0589	5	0.5732	0.5773	-0.0003	58.9056	0.8238	477.1169	386.8761	39.3519	464.7617	95.3704	472.1536	95.0463	476.6281	95.0926	480.2456	95.0463	
10/08/2017	03:06:22	019001	G523022320HLR	L523	S		439.9526	1.0311	3.1665	100.0402	39.4905	0.8230	0.8260	5.0000	17.2618	508.0466	94.8843	13.0611	24.7000	0.9300	0.9399	0.5772	-0.0003	508.0000	510.0106	1.0285	11.3042	99.9944	39.1000	0.8230	0.8197	5.0000	-9999.0000	-9999.0000	-9999.0000	-9999.0000	-9999.0000	-9999.0000	17.9220	2	0	26.8137	1.0000	04	3	-9999.0000	72	29667	-9999	1558	1518	-9999	291.3767	5	0.5732	0.5772	-0.0003	59.5238	0.7618	477.8421	385.3509	40.1389	457.9977	95.2778	472.8998	94.7917	477.2540	94.8611	481.7640	94.9769	
10/08/2017	03:06:47	019001	G523022329HLR	L523	S		436.5141	1.0311	3.3376	100.0657	39.5000	0.8230	0.8260	5.0000	17.4221	508.0425	94.9537	15.7412	24.7000	0.9300	0.9399	0.5785	-0.0003	508.0000	507.6762	1.0285	11.0136	99.9573	39.1000	0.8230	0.8198	5.0000	-9999.0000	-9999.0000	-9999.0000	-9999.0000	-9999.0000	-9999.0000	18.0422	3	0	25.5226	1.0000	04	3	-9999.0000	73	29668	-9999	1559	1519	-9999	291.1233	5	0.5735	0.5785	-0.0003	57.7757	0.8491	472.5310	395.7006	40.3009	458.2147	95.3704	467.2643	95.0000	471.7740	95.0926	474.8131	95.0231	
10/08/2017	03:07:12	019001	G523022333HLR	L523	S		435.6007	1.0311	3.3830	100.0190	39.5000	0.8230	0.8261	5.0000	17.0216	508.0340	94.9537	16.7413	24.7000	0.9300	0.9398	0.5772	-0.0003	508.0000	509.7240	1.0285	11.2686	99.9746	39.1000	0.8230	0.8198	5.0000	-9999.0000	-9999.0000	-9999.0000	-9999.0000	-9999.0000	-9999.0000	17.8322	4	0	25.1535	1.0000	04	3	-9999.0000	74	29669	-9999	1560	1520	-9999	291.0672	5	0.5732	0.5772	-0.0003	59.6359	0.7584	469.1860	389.0345	39.3287	457.4093	95.3472	464.6212	94.7222	468.6804	94.7917	472.2898	94.9306	
10/08/2017	03:07:40	019001	G523022314HLR	L523	S		439.6236	1.0311	3.1829	99.9830	39.5292	0.8230	0.8260	5.0000	17.2920	508.0765	94.9537	14.8016	24.7000	0.9300	0.9398	0.5772	-0.0003	508.0000	509.1537	1.0285	11.1976	100.0523	39.1000	0.8230	0.8198	5.0000	-9999.0000	-9999.0000	-9999.0000	-9999.0000	-9999.0000	-9999.0000	17.8820	5	0	27.3226	1.0000	04	3	-9999.0000	75	29670	-9999	1561	1521	-9999	291.2576	5	0.5732	0.5772	-0.0003	59.6359	0.7584	475.4384	387.1638	39.8148	461.1040	95.2083	471.2357	94.6528	474.9228	94.6991	478.5123	94.9306	
10/08/2017	03:08:05	019001	G523022315HLR	L523	S		436.1650	1.0311	3.3550	99.9617	39.5000	0.8230	0.8259	5.0000	17.3118	508.0473	94.9537	15.4120	24.7000	0.9300	0.9398	0.5759	-0.0002	508.0000	506.5565	1.0285	10.8743	99.8879	39.1021	0.8230	0.8198	5.0000	-9999.0000	-9999.0000	-9999.0000	-9999.0000	-9999.0000	-9999.0000	17.8819	6	0	24.8731	1.0000	04	3	-9999.0000	76	29671	-9999	1562	1522	-9999	291.1068	5	0.5730	0.5759	-0.0002	57.3797	0.9011	473.0917	369.9440	37.9630	459.8990	95.5556	469.3930	94.8380	472.5622	94.9306	476.6216	95.0231	
10/08/2017	03:08:31	019001	G523022311HLR	L523	S		436.5820	1.0311	3.3342	100.0343	39.4664	0.8230	0.8260	5.0000	17.2119	508.0321	94.9074	13.1519	24.7000	0.9300	0.9398	0.5759	-0.0002	508.0000	507.5413	1.0285	10.9968	99.9502	39.1160	0.8230	0.8197	5.0000	-9999.0000	-9999.0000	-9999.0000	-9999.0000	-9999.0000	-9999.0000	18.0119	7	0	26.2239	1.0000	04	3	-9999.0000	76	29672	-9999	1563	1523	-9999	291.3159	5	0.5732	0.5759	-0.0002	64.9677	0.3665	480.0464	374.4111	36.0185	462.0833	95.8102	474.9828	94.9769	479.5568	94.9769	483.0373	95.0231	
10/08/2017	03:08:56	019001	G523022308HLR	L523	S		438.9391	1.0311	3.2170	99.9311	39.5000	0.8230	0.8261	5.0000	17.2217	508.0342	94.9306	13.7018	24.7000	0.9300	0.9398	0.5734	-0.0000	508.0000	509.1717	1.0285	11.1998	99.9263	39.1000	0.8230	0.8197	5.0000	-9999.0000	-9999.0000	-9999.0000	-9999.0000	-9999.0000	-9999.0000	17.9015	8	0	24.8828	1.0000	04	3	-9999.0000	77	29673	-9999	1564	1524	-9999	291.2317	5	0.5731	0.5734	-0.0000	61.4081	0.6128	481.7970	371.2798	37.9398	463.1012	95.6713	476.8391	95.2083	481.1866	95.2546	484.3449	94.9074	
10/08/2017	03:09:22	019001	G523022306HLR	L523	S		436.2662	1.0311	3.3499	100.0055	39.5000	0.8230	0.8261	5.0000	17.2413	508.0507	94.9306	15.2118	24.7000	0.9300	0.9397	0.5741	-0.0001	508.0000	507.0930	1.0285	10.9410	99.9595	39.1000	0.8230	0.8198	5.0000	-9999.0000	-9999.0000	-9999.0000	-9999.0000	-9999.0000	-9999.0000	17.9524	1	0	25.9631	1.0000	04	3	-9999.0000	78	29674	-9999	1565	1525	-9999	291.0905	5	0.5729	0.5741	-0.0001	62.3515	0.5349	475.1288	385.1832	37.0833	460.7990	95.6944	470.3013	94.8148	474.4780	94.8843	478.3344	94.9769	
10/08/2017	03:09:47	019001	G523022299HLR	L523	S		442.1008	1.0311	3.0597	100.0433	39.5000	0.8230	0.8260	5.0000	17.1817	508.0353	94.8843	13.0816	24.7000	0.9300	0.9397	0.5721	0.0001	508.0000	508.4407	1.0285	11.1088	99.9575	39.1000	0.8230	0.8198	5.0000	-9999.0000	-9999.0000	-9999.0000	-9999.0000	-9999.0000	-9999.0000	17.8224	2	0	24.9131	1.0000	04	3	-9999.0000	79	29675	-9999	1566	1526	-9999	291.0463	5	0.5729	0.5721	0.0001	66.2081	0.2680	483.5157	370.9060	37.1296	467.8466	95.6481	480.2431	94.8611	483.1944	94.8611	486.1499	94.9769	
10/08/2017	03:10:13	019001	G523022293HLR	L523	S		438.6216	1.0311	3.2328	100.0160	39.5145	0.8230	0.8260	5.0000	17.1123	508.0541	94.9306	14.0818	24.7000	0.9300	0.9398	0.5721	0.0001	508.0000	506.8055	1.0285	10.9053	99.9406	39.1085	0.8230	0.8198	5.0000	-9999.0000	-9999.0000	-9999.0000	-9999.0000	-9999.0000	-9999.0000	17.9221	3	0	26.1126	1.0000	04	3	-9999.0000	80	29676	-9999	1567	1527	-9999	291.1021	5	0.5729	0.5721	0.0001	70.7685	-0.0223	480.1299	367.9952	37.4537	463.3834	95.7407	475.3517	95.2083	479.6511	95.2546	483.1511	94.8843	
10/08/2017	03:11:08	019001	G523022292HLR	L523	S		440.9514	1.0311	3.1168	100.0693	39.5000	0.8230	0.8260	5.0000	17.2824	508.0484	94.9074	13.8718	24.9000	0.9300	0.9401	0.5721	0.0001	508.0000	507.5397	1.0285	10.9966	99.8890	38.9749	0.8230	0.8192	5.0000	-9999.0000	-9999.0000	-9999.0000	-9999.0000	-9999.0000	-9999.0000	18.1116	5	0	26.7933	1.0000	04	3	-9999.0000	82	29677	-9999	1569	1528	-9999	291.1002	5	0.5729	0.5721	0.0001	70.6293	-0.0110	480.8345	368.8818	38.8657	466.0415	95.7639	476.6565	95.2778	480.2149	95.3009	483.7762	94.9537	
10/08/2017	03:12:02	019001	G523022389HLR	L523	S		438.3697	1.0311	3.2453	100.0152	39.5000	0.8230	0.8259	5.0000	17.3722	508.0577	94.9306	14.0417	24.9000	0.9300	0.9402	0.5721	0.0001	508.0000	506.1719	1.0285	10.8264	100.0103	38.9667	0.8230	0.8196	5.0000	-9999.0000	-9999.0000	-9999.0000	-9999.0000	-9999.0000	-9999.0000	18.0314	7	0	26.7035	1.0000	04	3	-9999.0000	84	29678	-9999	1571	1529	-9999	291.1325	5	0.5729	0.5721	0.0001	54.8736	1.0547	480.3664	367.2298	38.0324	462.1228	95.8796	475.2547	95.3009	479.9691	95.2778	483.2231	94.9769	
10/08/2017	03:12:33	019001	G523022387HLR	L523	S		435.7531	1.0311	3.3755	99.9730	39.5000	0.8230	0.8260	5.0000	17.0820	508.0259	94.9769	16.6719	24.8000	0.9300	0.9401	0.5755	-0.0002	508.0000	508.0800	1.0285	11.0639	100.0583	39.0257	0.8230	0.8201	5.0000	-9999.0000	-9999.0000	-9999.0000	-9999.0000	-9999.0000	-9999.0000	17.9416	8	0	30.4635	1.0000	04	3	-9999.0000	85	29679	-9999	1572	1530	-9999	291.1735	5	0.5732	0.5755	-0.0002	37.8890	2.1378	473.4397	377.0364	37.8935	461.1273	95.7639	469.2509	94.8843	472.9937	94.9537	476.5819	95.0000	
10/08/2017	03:12:58	019001	G523022294HLR	L523	S		435.0904	1.0311	3.4084	100.0492	39.5000	0.8230	0.8260	5.0000	17.2521	508.0802	94.9306	14.6922	24.7000	0.9300	0.9398	0.5755	-0.0002	508.0000	509.3445	1.0285	11.2213	99.9781	39.1000	0.8230	0.8201	5.0000	-9999.0000	-9999.0000	-9999.0000	-9999.0000	-9999.0000	-9999.0000	17.9526	1	0	25.5627	1.0000	04	3	-9999.0000	86	29680	-9999	1573	1531	-9999	291.2544	5	0.5732	0.5755	-0.0002	37.8890	2.1378	475.1252	371.5756	35.2083	458.4611	95.9259	471.2103	94.8148	474.5495	94.7917	479.5156	94.9537	
10/08/2017	03:13:24	019001	G523022298HLR	L523	S		431.2838	1.0311	3.5978	100.0147	39.5000	0.8230	0.8260	5.0000	17.1523	508.0406	94.9537	16.6221	24.7000	0.9300	0.9398	0.5776	-0.0003	508.0000	508.1867	1.0285	11.0772	100.0111	39.1000	0.8230	0.8197	5.0000	-9999.0000	-9999.0000	-9999.0000	-9999.0000	-9999.0000	-9999.0000	17.9024	2	0	26.0733	1.0000	04	3	-9999.0000	87	29681	-9999	1574	1532	-9999	291.0744	5	0.5733	0.5776	-0.0003	36.8192	2.2127	471.1273	385.8021	36.5046	456.1243	95.5324	467.0687	94.9769	470.6643	95.0000	474.2594	95.0000	
10/08/2017	03:13:52	019001	G523022297HLR	L523	S		438.0434	1.0311	3.2615	99.9739	39.5000	0.8230	0.8259	5.0000	17.2715	508.0782	94.9306	14.5818	24.7000	0.9300	0.9397	0.5776	-0.0003	508.0000	508.9947	1.0285	11.1778	99.9868	39.0667	0.8230	0.8197	5.0000	-9999.0000	-9999.0000	-9999.0000	-9999.0000	-9999.0000	-9999.0000	17.9523	3	0	27.8433	1.0000	04	3	-9999.0000	88	29681	-9999	1575	1533	-9999	291.3157	5	0.5733	0.5776	-0.0003	36.8192	2.2127	476.4973	370.5903	36.9907	458.7238	95.6713	473.1853	94.9306	475.9298	94.9769	479.6644	95.0231	
10/08/2017	03:14:17	019001	G523022291HLR	L523	S		433.6942	1.0311	3.4779	99.9717	39.5000	0.8230	0.8260	5.0000	17.3214	508.0373	94.9769	19.0629	24.7000	0.9300	0.9398	0.5722	0.0001	508.0000	510.2162	1.0285	11.3298	99.9401	39.0914	0.8230	0.8198	5.0000	-9999.0000	-9999.0000	-9999.0000	-9999.0000	-9999.0000	-9999.0000	17.9025	4	0	24.9833	1.0000	04	3	-9999.0000	89	29682	-9999	1576	1534	-9999	291.6202	5	0.5735	0.5722	0.0001	50.8643	1.2945	469.3705	382.5261	38.2176	456.1265	95.7176	465.6551	95.2546	468.8564	95.2778	472.2709	94.9074	
10/08/2017	03:14:43	019001	G523022388HLR	L523	S		438.4491	1.0311	3.2413	100.0082	39.5000	0.8230	0.8260	5.0000	17.3624	508.0600	94.8843	12.9410	24.7000	0.9300	0.9397	0.5722	0.0001	508.0000	507.7395	1.0285	11.0215	99.8774	39.1000	0.8230	0.8198	5.0000	-9999.0000	-9999.0000	-9999.0000	-9999.0000	-9999.0000	-9999.0000	17.8324	5	0	25.7326	1.0000	04	3	-9999.0000	90	29683	-9999	1577	1535	-9999	291.3581	5	0.5735	0.5722	0.0001	50.8643	1.2945	482.5302	391.1270	37.2917	467.4877	95.4398	477.8945	94.7685	481.9247	94.7222	485.5425	94.9537	
10/08/2017	03:15:08	019001	G523022295HLR	L523	S		434.5048	1.0311	3.4376	100.0364	39.5160	0.8230	0.8260	5.0000	17.1328	508.0406	94.9537	14.6512	24.8000	0.9300	0.9398	0.5747	-0.0001	508.0000	507.8631	1.0285	11.0369	99.8510	39.0947	0.8230	0.8198	5.0000	-9999.0000	-9999.0000	-9999.0000	-9999.0000	-9999.0000	-9999.0000	17.9619	6	0	24.8429	1.0000	04	3	-9999.0000	91	29684	-9999	1577	1536	-9999	291.2985	5	0.5733	0.5747	-0.0001	42.3863	1.9252	476.2787	387.8931	38.4259	462.5458	95.6481	471.6186	95.1157	475.7422	95.1389	479.6939	95.0694	
10/08/2017	03:15:34	019001	G523022386HLR	L523	S		437.2914	1.0311	3.2989	99.9519	39.5000	0.8230	0.8260	5.0000	17.0615	508.0387	94.9769	15.7617	24.8000	0.9300	0.9398	0.5774	-0.0003	508.0000	507.8215	1.0285	11.0317	99.9494	39.1000	0.8230	0.8198	5.0000	-9999.0000	-9999.0000	-9999.0000	-9999.0000	-9999.0000	-9999.0000	17.8818	7	0	25.8936	1.0000	04	3	-9999.0000	92	29685	-9999	1578	1537	-9999	291.1978	5	0.5731	0.5774	-0.0003	43.9032	1.7205	475.1512	393.4856	37.4537	460.9863	95.5324	470.7593	94.8380	474.6703	94.8843	478.5650	94.9769	
10/08/2017	03:16:01	019001	G523022383HLR	L523	S		437.5026	1.0311	3.2884	100.0036	39.5000	0.8230	0.8260	5.0000	17.2022	508.0329	94.9537	13.5817	24.8000	0.9300	0.9398	0.5774	-0.0003	508.0000	508.3224	1.0285	11.0941	99.9300	39.1000	0.8230	0.8197	5.0000	-9999.0000	-9999.0000	-9999.0000	-9999.0000	-9999.0000	-9999.0000	17.9220	8	0	27.7934	1.0000	04	3	-9999.0000	93	29686	-9999	1579	1538	-9999	291.4197	5	0.5731	0.5774	-0.0003	43.9032	1.7205	477.8440	377.5151	37.1759	462.3464	95.6944	473.4492	94.8148	477.2987	94.7917	481.4566	94.9537	
10/08/2017	03:16:28	019001	G523022385HLR	L523	S		439.8532	1.0311	3.1715	99.9979	39.5000	0.8230	0.8260	5.0000	17.3722	508.0437	94.9306	13.5817	24.7000	0.9300	0.9397	0.5775	-0.0003	508.0000	507.8180	1.0285	11.0313	100.0810	39.1000	0.8230	0.8198	5.0000	-9999.0000	-9999.0000	-9999.0000	-9999.0000	-9999.0000	-9999.0000	17.8127	1	0	26.9535	1.0000	04	3	-9999.0000	94	29687	-9999	1580	1539	-9999	291.3982	5	0.5731	0.5775	-0.0003	46.1350	1.6126	478.5850	383.0234	38.8657	462.5857	95.5556	474.2247	95.0926	477.9750	95.1389	481.9571	95.0000	
10/08/2017	03:16:55	019001	G523022381HLR	L523	S		439.7004	1.0311	3.1791	100.0377	39.5000	0.8230	0.8260	5.0000	17.1418	508.0384	94.9074	12.4009	24.7000	0.9300	0.9397	0.5789	-0.0004	508.0000	508.7495	1.0285	11.1472	100.0011	39.1000	0.8230	0.8196	5.0000	-9999.0000	-9999.0000	-9999.0000	-9999.0000	-9999.0000	-9999.0000	18.0022	2	0	26.2025	1.0000	04	3	-9999.0000	95	29688	-9999	1581	1540	-9999	291.7812	5	0.5732	0.5789	-0.0004	48.4237	1.5323	482.1307	363.6998	38.0093	462.5071	95.5556	476.6618	95.0694	481.4386	95.1157	485.3828	94.9769	
10/08/2017	03:17:21	019001	G523022380HLR	L523	S		435.6779	1.0311	3.3792	100.0326	39.5000	0.8230	0.8261	5.0000	17.1914	508.0587	94.9306	13.7917	24.8000	0.9300	0.9398	0.5782	-0.0003	508.0000	508.8397	1.0285	11.1585	99.8932	39.0889	0.8230	0.8197	5.0000	-9999.0000	-9999.0000	-9999.0000	-9999.0000	-9999.0000	-9999.0000	17.9717	3	0	26.4630	1.0000	04	3	-9999.0000	96	29689	-9999	1582	1541	-9999	291.4704	5	0.5731	0.5782	-0.0003	50.2283	1.4127	477.1434	367.8132	37.4074	460.6724	95.7176	472.7443	94.9306	476.7763	95.0000	480.6907	94.9769	
10/08/2017	03:17:48	019001	G523022375HLR	L523	S		436.4397	1.0311	3.3413	100.0265	39.5000	0.8230	0.8261	5.0000	17.1016	508.0589	94.9537	16.3916	24.8000	0.9300	0.9398	0.5774	-0.0003	508.0000	508.0694	1.0285	11.0626	99.9472	39.1000	0.8230	0.8198	5.0000	-9999.0000	-9999.0000	-9999.0000	-9999.0000	-9999.0000	-9999.0000	17.8420	4	0	27.1740	1.0000	04	3	-9999.0000	97	29690	-9999	1583	1542	-9999	291.0122	5	0.5730	0.5774	-0.0003	53.8950	1.2071	470.4648	391.0277	39.7222	459.3869	95.3009	466.2924	94.8611	470.0314	94.8611	474.0777	95.0000	
10/08/2017	03:18:14	019001	G523022376HLR	L523	S		436.8913	1.0311	3.3188	100.0552	39.5000	0.8230	0.8259	5.0000	17.3126	508.0669	94.9537	14.9217	24.7000	0.9300	0.9397	0.5774	-0.0003	508.0000	506.6738	1.0285	10.8889	99.8934	39.1000	0.8230	0.8198	5.0000	-9999.0000	-9999.0000	-9999.0000	-9999.0000	-9999.0000	-9999.0000	17.8117	5	0	25.6527	1.0000	04	3	-9999.0000	98	29691	-9999	1584	1543	-9999	291.2279	5	0.5730	0.5774	-0.0003	53.8950	1.2071	474.5467	392.3698	37.8935	460.4580	95.5787	469.7350	94.7917	474.0440	94.8148	477.7903	95.0000	
10/08/2017	03:18:42	019001	G523022373HLR	L523	S		437.9234	1.0311	3.2675	99.9409	39.5000	0.8230	0.8259	5.0000	17.4620	508.0404	94.9074	14.7811	24.7000	0.9300	0.9397	0.5774	-0.0003	508.0000	509.3755	1.0285	11.2252	99.9683	39.1000	0.8230	0.8197	5.0000	-9999.0000	-9999.0000	-9999.0000	-9999.0000	-9999.0000	-9999.0000	18.0323	6	0	27.6936	1.0000	04	3	-9999.0000	99	29692	-9999	1585	1544	-9999	291.1641	5	0.5730	0.5774	-0.0003	52.7791	1.2976	475.5561	374.1180	37.6157	457.8537	95.5556	470.9721	94.7917	474.8836	94.9306	479.1830	95.0231	
10/08/2017	03:19:11	019001	G523022379HLR	L523	S		438.7103	1.0311	3.2283	100.0956	39.5000	0.8230	0.8260	5.0000	17.1416	508.0240	94.9306	14.3123	24.7000	0.9300	0.9397	0.5772	-0.0003	508.0000	507.3204	1.0285	10.9693	99.9322	39.1000	0.8230	0.8198	5.0000	-9999.0000	-9999.0000	-9999.0000	-9999.0000	-9999.0000	-9999.0000	17.8918	7	0	29.7633	1.0000	04	3	-9999.0000	100	29693	-9999	1586	1545	-9999	291.2285	5	0.5731	0.5772	-0.0003	53.8138	1.2270	477.8069	390.6312	37.5694	463.1968	95.5556	473.3147	94.9537	477.2534	95.0463	480.7700	95.0000	
10/08/2017	03:19:39	019001	G523022201HLR	L523	S		436.6479	1.0311	3.3310	100.0395	39.5000	0.8230	0.8261	5.0000	17.0918	508.0821	94.9537	15.7724	24.7000	0.9300	0.9397	0.5773	-0.0003	508.0000	506.6759	1.0285	10.8891	99.9398	39.1000	0.8230	0.8197	5.0000	-9999.0000	-9999.0000	-9999.0000	-9999.0000	-9999.0000	-9999.0000	17.8818	8	0	27.5532	1.0000	04	3	-9999.0000	101	29694	-9999	1587	1546	-9999	291.0748	5	0.5734	0.5773	-0.0003	57.1771	0.9514	471.8367	379.8190	39.0046	458.8400	95.4398	467.9704	94.7917	471.4076	94.8843	474.9784	95.0000	
10/08/2017	03:20:11	019001	G523022221HLR	L523	S		440.1818	1.0311	3.1551	99.9657	39.5000	0.8230	0.8260	5.0000	17.2852	508.0551	94.8843	12.4214	24.7000	0.9300	0.9397	0.5773	-0.0003	508.0000	508.8250	1.0285	11.1566	100.0094	39.1000	0.8230	0.8196	5.0000	-9999.0000	-9999.0000	-9999.0000	-9999.0000	-9999.0000	-9999.0000	17.9123	1	0	31.7537	1.0000	04	3	-9999.0000	102	29695	-9999	1588	1547	-9999	291.6058	5	0.5734	0.5773	-0.0003	57.1771	0.9514	481.8492	375.3795	38.3565	466.9875	95.5093	476.9420	94.7685	481.4538	94.8611	485.5867	94.9537	
10/08/2017	03:20:38	019001	G523022211HLR	L523	S		437.4115	1.0311	3.2930	99.9824	39.5000	0.8230	0.8260	5.0000	17.1525	508.0398	94.9769	16.2920	24.7000	0.9300	0.9399	0.5750	-0.0001	508.0000	509.0863	1.0285	11.1892	99.9439	39.0921	0.8230	0.8197	5.0000	-9999.0000	-9999.0000	-9999.0000	-9999.0000	-9999.0000	-9999.0000	18.0121	2	0	27.0129	1.0000	04	3	-9999.0000	103	29696	-9999	1589	1548	-9999	291.1951	5	0.5734	0.5750	-0.0001	62.8307	0.5331	474.1439	370.5601	36.8981	457.1885	95.9722	469.7173	95.3241	473.5790	95.3704	476.5238	94.7917	
10/08/2017	03:21:03	019001	G523022200HLR	L523	S		432.2238	1.0311	3.5511	100.0279	39.5000	0.8230	0.8260	5.0000	17.2014	508.0348	94.9769	17.6222	24.7000	0.9300	0.9398	0.5735	-0.0000	508.0000	507.9344	1.0285	11.0458	99.8843	39.0919	0.8230	0.8196	5.0000	-9999.0000	-9999.0000	-9999.0000	-9999.0000	-9999.0000	-9999.0000	17.8917	3	0	25.5735	1.0000	04	3	-9999.0000	104	29697	-9999	1590	1549	-9999	291.1577	5	0.5735	0.5735	-0.0000	64.0826	0.4226	468.4089	364.3039	35.8102	453.2256	95.8796	463.9702	94.7454	467.8866	94.7222	471.5088	94.9537	
10/08/2017	03:21:33	019001	G523022190HLR	L523	S		435.2632	1.0311	3.3998	100.0293	39.5000	0.8230	0.8260	5.0000	17.1622	508.0577	94.9537	16.1621	24.7000	0.9300	0.9397	0.5726	0.0001	508.0000	508.7755	1.0285	11.1505	100.0011	39.0667	0.8230	0.8198	5.0000	-9999.0000	-9999.0000	-9999.0000	-9999.0000	-9999.0000	-9999.0000	17.9220	4	0	29.9537	1.0000	04	3	-9999.0000	105	29698	-9999	1591	1550	-9999	291.4015	5	0.5734	0.5726	0.0001	62.4106	0.5345	473.1245	384.8121	37.8241	457.6845	95.6250	468.5247	94.7685	472.7822	94.8611	476.8671	94.9769	
10/08/2017	03:21:59	019001	G523022885HLR	L523	S		430.3742	1.0311	3.6431	100.0255	39.5000	0.8230	0.8260	5.0000	17.2116	508.0245	94.9769	19.6030	24.7000	0.9300	0.9398	0.5749	-0.0001	508.0000	509.5969	1.0285	11.2527	99.9341	39.1000	0.8230	0.8198	5.0000	-9999.0000	-9999.0000	-9999.0000	-9999.0000	-9999.0000	-9999.0000	17.8712	5	0	25.5929	1.0000	04	3	-9999.0000	106	29699	-9999	1592	1551	-9999	291.5279	5	0.5733	0.5749	-0.0001	60.3189	0.6694	466.1676	372.3615	36.9213	454.8757	95.8565	461.7538	95.2083	465.6380	95.2778	469.2871	94.9769	
10/08/2017	03:22:24	019001	G523022847HLR	L523	S		435.5878	1.0311	3.3837	100.0651	39.4840	0.8230	0.8260	5.0000	17.0713	508.0446	94.9306	15.5917	24.7000	0.9300	0.9397	0.5749	-0.0001	508.0000	508.7757	1.0285	11.1505	99.9181	39.1000	0.8230	0.8196	5.0000	-9999.0000	-9999.0000	-9999.0000	-9999.0000	-9999.0000	-9999.0000	17.9424	6	0	25.2130	1.0000	04	3	-9999.0000	107	29700	-9999	1593	1552	-9999	291.2272	5	0.5733	0.5749	-0.0001	60.3189	0.6694	474.6370	373.8492	36.3426	459.7045	95.7407	469.1797	95.1620	474.0566	95.1389	478.0335	95.0000	
10/08/2017	03:22:50	019001	G523022868HLR	L523	S		436.8890	1.0311	3.3190	99.9527	39.5000	0.8230	0.8260	5.0000	17.1719	508.0398	94.9306	13.3522	24.7000	0.9300	0.9397	0.5741	-0.0001	508.0000	509.2482	1.0285	11.2093	99.9352	39.0920	0.8230	0.8198	5.0000	-9999.0000	-9999.0000	-9999.0000	-9999.0000	-9999.0000	-9999.0000	17.9123	7	0	25.7532	1.0000	04	3	-9999.0000	108	29701	-9999	1594	1553	-9999	291.3007	5	0.5732	0.5741	-0.0001	58.4898	0.8208	480.9786	392.8194	39.6296	468.6765	95.2083	475.9260	94.7222	480.3176	94.7685	483.8622	94.9537	
10/08/2017	03:23:15	019001	G523022878HLR	L523	S		431.1828	1.0311	3.6028	99.9001	39.4857	0.8230	0.8260	5.0000	17.3614	508.0680	94.9769	18.5921	24.7000	0.9300	0.9398	0.5759	-0.0002	508.0000	507.3788	1.0285	10.9766	100.0419	39.1000	0.8230	0.8198	5.0000	-9999.0000	-9999.0000	-9999.0000	-9999.0000	-9999.0000	-9999.0000	18.0020	8	0	25.4533	1.0000	04	3	-9999.0000	109	29702	-9999	1595	1554	-9999	291.1371	5	0.5731	0.5759	-0.0002	46.5264	1.6089	465.9011	369.5230	36.0417	450.8064	95.9028	461.1378	95.0231	465.3733	95.0694	469.1013	95.0000	
10/08/2017	03:23:42	019001	G523022879HLR	L523	S		436.6832	1.0311	3.3292	100.0079	39.4953	0.8230	0.8260	5.0000	17.1612	508.0332	94.9537	13.5212	24.7000	0.9300	0.9397	0.5759	-0.0002	508.0000	509.7534	1.0285	11.2722	100.0467	39.1000	0.8230	0.8198	5.0000	-9999.0000	-9999.0000	-9999.0000	-9999.0000	-9999.0000	-9999.0000	17.9513	1	0	26.6925	1.0000	04	3	-9999.0000	110	29703	-9999	1596	1555	-9999	291.3880	5	0.5731	0.5759	-0.0002	46.5264	1.6089	479.2393	369.7073	38.2639	460.5572	95.4861	474.5721	94.8148	478.7264	94.7454	482.9046	94.9306	
10/08/2017	03:24:08	019001	G523022877HLR	L523	S		437.1686	1.0311	3.3050	100.0170	39.5420	0.8230	0.8260	5.0000	17.0820	508.0762	94.9537	13.8610	24.7000	0.9300	0.9398	0.5756	-0.0002	508.0000	508.7867	1.0285	11.1519	99.9412	39.1000	0.8230	0.8197	5.0000	-9999.0000	-9999.0000	-9999.0000	-9999.0000	-9999.0000	-9999.0000	17.9523	2	0	26.3235	1.0000	04	3	-9999.0000	111	29704	-9999	1597	1556	-9999	291.3449	5	0.5730	0.5756	-0.0002	46.8584	1.6091	478.5235	373.7591	37.0370	462.3687	95.6944	474.2987	94.7685	478.0656	94.8380	481.9155	94.9769	
10/08/2017	03:24:36	019001	G523022875HLR	L523	S		441.0721	1.0311	3.1108	100.0739	39.5000	0.8230	0.8259	5.0000	17.1621	508.0462	94.9306	13.6520	24.7000	0.9300	0.9398	0.5736	-0.0001	508.0000	507.7644	1.0285	11.0246	100.0551	39.1000	0.8230	0.8197	5.0000	-9999.0000	-9999.0000	-9999.0000	-9999.0000	-9999.0000	-9999.0000	17.8116	3	0	28.3530	1.0000	04	3	-9999.0000	112	29705	-9999	1598	1557	-9999	291.0654	5	0.5728	0.5736	-0.0001	50.1562	1.4279	480.5712	384.7461	37.9398	467.0791	95.6019	475.4092	95.0694	479.9642	95.1620	483.3971	95.0000	
10/08/2017	03:25:04	019001	G523023140HLR	L523	S		435.2708	1.0311	3.3995	100.0402	39.4516	0.8230	0.8260	5.0000	17.3613	508.0265	94.9537	14.0017	24.7000	0.9300	0.9399	0.5732	-0.0000	508.0000	508.9155	1.0285	11.1679	100.0206	39.1000	0.8230	0.8197	5.0000	-9999.0000	-9999.0000	-9999.0000	-9999.0000	-9999.0000	-9999.0000	17.9816	4	0	27.1440	1.0000	04	3	-9999.0000	113	29706	-9999	1599	1558	-9999	291.1409	5	0.5730	0.5732	-0.0000	50.8643	1.3786	480.7900	385.7609	37.4537	468.9169	95.6250	475.6472	95.0463	480.0906	95.1620	483.5699	94.9769	
10/08/2017	03:25:30	019001	G523022874HLR	L523	S		436.6868	1.0311	3.3290	100.0136	39.5000	0.8230	0.8261	5.0000	17.2315	508.0382	94.9769	14.6219	24.7000	0.9300	0.9399	0.5713	0.0001	508.0000	505.7505	1.0285	10.7739	99.9760	39.1000	0.8230	0.8197	5.0000	-9999.0000	-9999.0000	-9999.0000	-9999.0000	-9999.0000	-9999.0000	17.9817	5	0	26.4933	1.0000	04	3	-9999.0000	114	29707	-9999	1600	1559	-9999	290.9391	5	0.5728	0.5713	0.0001	55.9341	1.0978	478.3944	388.1087	38.9120	468.9910	95.4398	473.6540	95.0463	478.0180	95.1852	481.3405	95.0000	
10/08/2017	03:25:58	019001	G523023040HLR	L523	S		437.3065	1.0311	3.2982	100.0470	39.5218	0.8230	0.8260	5.0000	17.3818	508.0301	94.9074	14.8924	24.7000	0.9300	0.9398	0.5713	0.0001	508.0000	507.2706	1.0285	10.9631	100.0057	39.1000	0.8230	0.8197	5.0000	-9999.0000	-9999.0000	-9999.0000	-9999.0000	-9999.0000	-9999.0000	18.0529	6	0	27.9830	1.0000	04	3	-9999.0000	115	29708	-9999	1601	1560	-9999	290.8781	5	0.5726	0.5713	0.0001	56.5335	1.0820	478.6081	388.8720	39.9537	467.8454	95.0926	474.4521	94.9537	478.1240	95.0694	481.1894	95.0000	
10/08/2017	03:26:28	019001	G523022844HLR	L523	S		433.0591	1.0311	3.5095	100.0431	39.5164	0.8230	0.8259	5.0000	17.3917	508.0415	94.9537	16.2022	24.7000	0.9300	0.9399	0.5713	0.0001	508.0000	506.8929	1.0285	10.9161	99.9938	39.1000	0.8230	0.8197	5.0000	-9999.0000	-9999.0000	-9999.0000	-9999.0000	-9999.0000	-9999.0000	18.0023	7	0	30.1735	1.0000	04	3	-9999.0000	116	29709	-9999	1601	1561	-9999	290.9327	5	0.5726	0.5713	0.0001	60.4157	0.8724	474.3848	374.7581	37.5926	466.5591	95.6019	470.0572	94.9537	473.9145	95.0694	477.3523	95.0231	
10/08/2017	03:27:00	019001	G523022846HLR	L523	S		437.4174	1.0311	3.2927	100.0642	39.5000	0.8230	0.8259	5.0000	17.3125	508.0868	94.9537	15.7519	24.7000	0.9300	0.9398	0.5713	0.0001	508.0000	507.6849	1.0285	11.0147	100.0075	39.1000	0.8230	0.8197	5.0000	-9999.0000	-9999.0000	-9999.0000	-9999.0000	-9999.0000	-9999.0000	17.9914	8	0	31.8544	1.0000	04	3	-9999.0000	117	29710	-9999	1602	1562	-9999	290.9660	5	0.5726	0.5713	0.0001	60.4157	0.8724	475.3069	371.5791	37.1759	461.9656	95.4861	470.7325	94.8611	474.9025	94.9537	478.3206	95.0463	
10/08/2017	03:27:28	019001	G523022856HLR	L523	S		434.2570	1.0311	3.4499	99.9936	39.5000	0.8230	0.8259	5.0000	17.1017	508.0300	94.9306	14.4617	24.7000	0.9300	0.9398	0.5711	0.0001	508.0000	508.3100	1.0285	11.0925	99.9307	39.1000	0.8230	0.8196	5.0000	-9999.0000	-9999.0000	-9999.0000	-9999.0000	-9999.0000	-9999.0000	17.9721	1	0	28.1225	1.0000	04	3	-9999.0000	118	29711	-9999	1603	1563	-9999	290.8867	5	0.5728	0.5711	0.0001	55.2952	1.1568	478.6037	379.0668	37.8935	462.9440	95.4630	474.4462	94.7454	478.3377	94.7685	481.0844	94.9769	
10/08/2017	03:27:54	019001	G523022855HLR	L523	S		435.7389	1.0311	3.3762	100.0190	39.5000	0.8230	0.8260	5.0000	17.2022	508.0247	94.9306	16.5723	24.7000	0.9300	0.9398	0.5717	0.0001	508.0000	508.4409	1.0285	11.1088	99.9080	39.0794	0.8230	0.8196	5.0000	-9999.0000	-9999.0000	-9999.0000	-9999.0000	-9999.0000	-9999.0000	17.9220	2	0	25.7033	1.0000	04	3	-9999.0000	119	29712	-9999	1604	1564	-9999	291.0651	5	0.5730	0.5717	0.0001	58.2917	0.9318	474.5775	391.8725	38.5417	463.7597	95.5556	470.7266	95.1389	474.3217	95.1620	477.3942	95.0463	
10/08/2017	03:28:20	019001	G523022881HLR	L523	S		432.8363	1.0311	3.5206	100.0369	39.5000	0.8230	0.8260	5.0000	17.3127	508.0497	94.9537	18.1223	24.7000	0.9300	0.9399	0.5717	0.0001	508.0000	509.0226	1.0285	11.1812	99.9054	39.0667	0.8230	0.8197	5.0000	-9999.0000	-9999.0000	-9999.0000	-9999.0000	-9999.0000	-9999.0000	17.9524	3	0	26.0031	1.0000	04	3	-9999.0000	120	29712	-9999	1605	1565	-9999	291.1505	5	0.5731	0.5717	0.0001	59.2644	0.8398	468.6780	371.8212	36.4815	460.2168	95.7870	465.3069	95.0463	468.2331	95.0231	472.8088	95.0463	
10/08/2017	03:28:47	019001	G523022854HLR	L523	S		429.3219	1.0311	3.6954	100.0242	39.5000	0.8230	0.8260	5.0000	17.0713	508.0200	94.9537	20.4527	24.7000	0.9300	0.9398	0.5717	0.0001	508.0000	509.0730	1.0285	11.1875	99.9935	39.1000	0.8230	0.8199	5.0000	-9999.0000	-9999.0000	-9999.0000	-9999.0000	-9999.0000	-9999.0000	17.9319	4	0	26.8031	1.0000	04	3	-9999.0000	121	29713	-9999	1606	1566	-9999	291.2044	5	0.5731	0.5717	0.0001	57.9435	0.9324	464.0414	372.2971	38.1481	454.4569	95.5787	460.0893	94.7917	463.5814	94.8148	467.0284	94.9306	
10/08/2017	03:29:13	019001	G523022853HLR	L523	S		433.9876	1.0311	3.4633	99.9996	39.5046	0.8230	0.8259	5.0000	17.2814	508.0313	94.9537	16.0127	24.6000	0.9300	0.9397	0.5717	0.0001	508.0000	508.1897	1.0285	11.0776	99.9644	39.1212	0.8230	0.8198	5.0000	-9999.0000	-9999.0000	-9999.0000	-9999.0000	-9999.0000	-9999.0000	17.9015	5	0	26.4933	1.0000	04	3	-9999.0000	122	29714	-9999	1607	1567	-9999	291.0517	5	0.5730	0.5717	0.0001	65.0236	0.4426	475.2598	369.0028	38.0093	460.9465	95.4630	471.2313	95.0694	474.8886	95.0463	477.8776	95.0000	
10/08/2017	03:29:42	019001	G523022852HLR	L523	S		434.6782	1.0311	3.4289	100.0420	39.5000	0.8230	0.8259	5.0000	17.2519	508.0479	94.9769	14.3015	24.7000	0.9300	0.9397	0.5717	0.0001	508.0000	507.6906	1.0285	11.0154	99.9730	39.1064	0.8230	0.8197	5.0000	-9999.0000	-9999.0000	-9999.0000	-9999.0000	-9999.0000	-9999.0000	17.8820	6	0	28.6638	1.0000	04	3	-9999.0000	123	29715	-9999	1608	1568	-9999	291.0115	5	0.5730	0.5717	0.0001	65.0236	0.4426	478.4680	378.4904	37.2222	460.8751	95.5556	474.0443	94.6759	477.9455	94.7454	481.7951	94.9537	
10/08/2017	03:30:10	019001	G523022880HLR	L523	S		436.4270	1.0311	3.3419	100.0000	39.4504	0.8230	0.8259	5.0000	17.1719	508.0435	94.9306	13.8718	24.7000	0.9300	0.9398	0.5744	-0.0001	508.0000	508.3093	1.0285	11.0924	99.9729	39.1000	0.8230	0.8197	5.0000	-9999.0000	-9999.0000	-9999.0000	-9999.0000	-9999.0000	-9999.0000	17.8830	7	0	27.9135	1.0000	04	3	-9999.0000	124	29716	-9999	1609	1569	-9999	291.1811	5	0.5730	0.5744	-0.0001	53.7779	1.1837	480.3663	384.4730	39.7685	463.2712	95.3009	473.7837	95.2778	479.7715	95.3472	482.6550	94.8611	
10/08/2017	03:30:38	019001	G523022851HLR	L523	S		436.4181	1.0311	3.3424	100.0745	39.4696	0.8230	0.8262	5.0000	17.2413	508.0809	94.9306	15.3915	24.7000	0.9300	0.9398	0.5754	-0.0002	508.0000	508.4280	1.0285	11.1072	99.9296	39.1000	0.8230	0.8196	5.0000	-9999.0000	-9999.0000	-9999.0000	-9999.0000	-9999.0000	-9999.0000	17.8915	8	0	27.8127	1.0000	04	3	-9999.0000	125	29717	-9999	1610	1570	-9999	291.1440	5	0.5730	0.5754	-0.0002	41.1834	1.9103	475.4433	366.7653	37.7315	462.1253	95.4630	471.1046	95.0694	475.0572	95.2083	478.3469	94.9306	
10/08/2017	03:31:04	019001	G523022897HLR	L523	S		438.6592	1.0311	3.2309	100.0085	39.5089	0.8230	0.8261	5.0000	17.1915	508.0304	94.9537	14.3816	24.7000	0.9300	0.9398	0.5753	-0.0002	508.0000	508.7708	1.0285	11.1499	99.9276	39.1000	0.8230	0.8196	5.0000	-9999.0000	-9999.0000	-9999.0000	-9999.0000	-9999.0000	-9999.0000	17.9123	1	0	26.6536	1.0000	04	3	-9999.0000	126	29718	-9999	1611	1571	-9999	291.1462	5	0.5729	0.5753	-0.0002	52.8773	1.2715	477.8510	383.9742	37.3611	462.8701	95.5324	472.1536	95.0000	477.2691	95.0926	480.8037	95.0000	
10/08/2017	03:31:33	019001	G523022929HLR	L523	S		432.7706	1.0311	3.5239	99.9643	39.5500	0.8230	0.8260	5.0000	17.1123	508.0601	94.9769	17.3314	24.7000	0.9300	0.9398	0.5755	-0.0002	508.0000	507.9231	1.0285	11.0444	99.9438	39.1000	0.8230	0.8197	5.0000	-9999.0000	-9999.0000	-9999.0000	-9999.0000	-9999.0000	-9999.0000	17.8713	2	0	28.3735	1.0000	04	3	-9999.0000	127	29719	-9999	1612	1572	-9999	290.9307	5	0.5728	0.5755	-0.0002	55.3464	1.1402	469.1319	384.5789	37.3148	456.1317	95.5787	464.3996	94.9537	468.4365	95.0694	472.1664	94.9769	
10/08/2017	03:31:59	019001	G523022840HLR	L523	S		435.9018	1.0311	3.3681	100.0638	39.5000	0.8230	0.8259	5.0000	17.1732	508.0788	94.9537	15.8222	24.6000	0.9300	0.9397	0.5751	-0.0002	508.0000	508.5414	1.0285	11.1213	99.9614	39.1000	0.8230	0.8198	5.0000	-9999.0000	-9999.0000	-9999.0000	-9999.0000	-9999.0000	-9999.0000	17.7825	3	0	26.3431	1.0000	04	3	-9999.0000	128	29720	-9999	1613	1573	-9999	291.0734	5	0.5727	0.5751	-0.0002	56.5337	1.0752	472.5958	367.8981	37.4769	456.8967	95.4630	468.1977	94.6991	472.0102	94.7685	475.6950	94.9769	
10/08/2017	03:32:25	019001	G523022841HLR	L523	S		434.6739	1.0311	3.4292	100.0248	39.5000	0.8230	0.8259	5.0000	17.2712	508.0686	94.9537	16.3926	24.6000	0.9300	0.9397	0.5745	-0.0001	508.0000	508.4832	1.0285	11.1141	99.9607	39.1000	0.8230	0.8197	5.0000	-9999.0000	-9999.0000	-9999.0000	-9999.0000	-9999.0000	-9999.0000	18.0227	4	0	26.2335	1.0000	04	3	-9999.0000	129	29720	-9999	1613	1574	-9999	290.9459	5	0.5726	0.5745	-0.0001	54.9018	1.1644	471.6419	371.3663	36.3426	458.0263	95.7870	468.2720	95.0000	471.1915	95.0694	474.3572	95.0463	
10/08/2017	03:32:56	019001	G523022932HLR	L523	S		434.2856	1.0311	3.4485	100.0054	39.5000	0.8230	0.8260	5.0000	17.2022	508.0595	94.9306	14.6316	24.6000	0.9300	0.9397	0.5745	-0.0001	508.0000	507.9969	1.0285	11.0536	100.0130	39.1000	0.8230	0.8198	5.0000	-9999.0000	-9999.0000	-9999.0000	-9999.0000	-9999.0000	-9999.0000	17.7921	5	0	31.1932	1.0000	04	3	-9999.0000	130	29721	-9999	1614	1575	-9999	291.0055	5	0.5726	0.5745	-0.0001	54.9018	1.1644	475.9050	390.5069	38.1019	463.6654	95.3704	471.9785	94.7917	475.0623	94.8843	479.0019	95.0000	
10/08/2017	03:33:22	019001	G523022904HLR	L523	S		433.4562	1.0311	3.4897	100.0658	39.5000	0.8230	0.8260	5.0000	17.2921	508.0438	95.0000	16.9815	24.7000	0.9300	0.9399	0.5746	-0.0001	508.0000	507.7409	1.0285	11.0217	99.9903	39.1000	0.8230	0.8198	5.0000	-9999.0000	-9999.0000	-9999.0000	-9999.0000	-9999.0000	-9999.0000	17.9416	6	0	25.5431	1.0000	04	3	-9999.0000	131	29722	-9999	1615	1576	-9999	290.8589	5	0.5725	0.5746	-0.0001	53.3233	1.2595	470.3230	392.4604	39.1898	458.8555	95.3241	466.5001	95.1157	469.7843	95.2083	473.2984	94.9306	
10/08/2017	03:33:51	019001	G523022937HLR	L523	S		434.7139	1.0311	3.4272	99.9886	39.5000	0.8230	0.8260	5.0000	17.1328	508.0551	94.9537	14.2918	24.7000	0.9300	0.9399	0.5746	-0.0001	508.0000	507.8080	1.0285	11.0300	99.9026	39.1000	0.8230	0.8196	5.0000	-9999.0000	-9999.0000	-9999.0000	-9999.0000	-9999.0000	-9999.0000	17.9714	7	0	28.8931	1.0000	04	3	-9999.0000	132	29723	-9999	1616	1577	-9999	291.0453	5	0.5725	0.5746	-0.0001	53.3233	1.2595	476.9670	370.3046	38.5185	459.1876	95.1852	471.7794	94.9074	476.3159	94.9769	480.1610	95.0000	
10/08/2017	03:34:20	019001	G523022917HLR	L523	S		434.9193	1.0311	3.4170	100.0529	39.5000	0.8230	0.8260	5.0000	17.1925	508.0401	94.9306	14.8016	24.7000	0.9300	0.9399	0.5745	-0.0001	508.0000	509.0205	1.0285	11.1810	100.0055	39.0897	0.8230	0.8198	5.0000	-9999.0000	-9999.0000	-9999.0000	-9999.0000	-9999.0000	-9999.0000	18.0226	8	0	29.6942	1.0000	04	3	-9999.0000	133	29724	-9999	1617	1578	-9999	290.9768	5	0.5725	0.5745	-0.0001	53.2720	1.2705	478.1836	386.9490	37.0833	463.7167	95.1389	473.1870	95.0000	477.5972	95.0694	481.0132	94.9306	
10/08/2017	03:34:48	019001	G523022916HLR	L523	S		431.8194	1.0311	3.5712	100.0102	39.5000	0.8230	0.8260	5.0000	17.1925	508.0596	94.9769	19.1019	24.7000	0.9300	0.9399	0.5733	-0.0000	508.0000	508.1543	1.0285	11.0731	100.0401	39.1000	0.8230	0.8197	5.0000	-9999.0000	-9999.0000	-9999.0000	-9999.0000	-9999.0000	-9999.0000	18.0422	1	0	27.8127	1.0000	04	3	-9999.0000	133	29725	-9999	1618	1578	-9999	290.7570	5	0.5727	0.5733	-0.0000	59.8721	0.8555	465.7396	364.3445	39.1204	455.5916	95.2315	460.9947	94.8843	465.2381	94.9769	469.1816	95.0231	
10/08/2017	03:35:16	019001	G523022915HLR	L523	S		435.1839	1.0311	3.4038	99.9889	39.5000	0.8230	0.8260	5.0000	17.2617	508.0420	94.9537	14.1814	24.6000	0.9300	0.9398	0.5733	-0.0000	508.0000	508.0393	1.0285	11.0588	100.0165	39.1000	0.8230	0.8197	5.0000	-9999.0000	-9999.0000	-9999.0000	-9999.0000	-9999.0000	-9999.0000	17.9229	2	0	27.6235	1.0000	04	3	-9999.0000	134	29726	-9999	1619	1579	-9999	291.0091	5	0.5727	0.5733	-0.0000	59.8721	0.8555	477.2841	371.6470	35.6713	461.2441	95.1157	472.3307	94.7917	476.7834	94.7917	481.0006	95.0000	
10/08/2017	03:35:41	019001	G523023185HLR	L523	S		438.0460	1.0311	3.2614	100.0057	39.5174	0.8230	0.8260	5.0000	17.1910	508.0392	94.9306	15.0321	24.7000	0.9300	0.9398	0.5740	-0.0001	508.0000	507.1392	1.0285	10.9468	99.8861	39.1000	0.8230	0.8197	5.0000	-9999.0000	-9999.0000	-9999.0000	-9999.0000	-9999.0000	-9999.0000	17.9913	3	0	25.4743	1.0000	04	3	-9999.0000	135	29727	-9999	1620	1580	-9999	290.9998	5	0.5727	0.5740	-0.0001	61.6334	0.7435	475.8820	369.7954	35.6019	462.8038	95.4398	472.7261	94.8380	475.4335	94.8843	478.6970	94.9769	
10/08/2017	03:36:06	019001	G523022900HLR	L523	S		433.2583	1.0311	3.4996	100.0331	39.4761	0.8230	0.8260	5.0000	17.3019	508.0413	94.9769	18.2620	24.7000	0.9300	0.9399	0.5731	-0.0000	508.0000	508.5172	1.0285	11.1183	99.9950	39.1000	0.8230	0.8197	5.0000	-9999.0000	-9999.0000	-9999.0000	-9999.0000	-9999.0000	-9999.0000	17.8818	4	0	25.0924	1.0000	04	3	-9999.0000	136	29728	-9999	1621	1581	-9999	290.9193	5	0.5725	0.5731	-0.0000	60.7498	0.8057	468.6052	377.7763	37.8704	456.2674	95.5324	464.5029	94.7685	467.9716	94.8148	471.5316	95.0000	
10/08/2017	03:36:32	019001	G523022924HLR	L523	S		432.8461	1.0311	3.5201	99.9790	39.5000	0.8230	0.8260	5.0000	17.2921	508.0639	94.9537	15.7324	24.7000	0.9300	0.9399	0.5731	-0.0000	508.0000	508.3091	1.0285	11.0924	99.9508	39.1000	0.8230	0.8198	5.0000	-9999.0000	-9999.0000	-9999.0000	-9999.0000	-9999.0000	-9999.0000	17.8821	5	0	25.5323	1.0000	04	3	-9999.0000	137	29729	-9999	1621	1582	-9999	290.9370	5	0.5725	0.5731	-0.0000	60.7498	0.8057	473.6023	367.3089	38.1713	458.8729	95.3704	469.1551	94.6065	473.0819	94.6065	476.6657	94.9537	
10/08/2017	03:36:57	019001	G523022890HLR	L523	S		435.9670	1.0311	3.3648	100.0069	39.5016	0.8230	0.8260	5.0000	17.2618	508.0719	94.9537	16.2520	24.7000	0.9300	0.9398	0.5746	-0.0001	508.0000	509.3362	1.0285	11.2203	99.9153	39.1000	0.8230	0.8198	5.0000	-9999.0000	-9999.0000	-9999.0000	-9999.0000	-9999.0000	-9999.0000	17.7825	6	0	24.9033	1.0000	04	3	-9999.0000	138	29730	-9999	1622	1583	-9999	290.9225	5	0.5727	0.5746	-0.0001	64.5236	0.5959	474.1262	388.2079	38.8889	463.0937	95.4398	470.0284	94.9769	473.6542	95.0231	477.4243	95.0231	
10/08/2017	03:37:48	019001	G523023184HLR	L523	S		439.5165	1.0311	3.1882	100.0631	39.5000	0.8230	0.8260	5.0000	17.3213	508.0588	94.9537	13.7116	24.8000	0.9300	0.9402	0.5752	-0.0002	508.0000	507.9144	1.0285	11.0433	99.8602	38.9942	0.8230	0.8191	5.0000	-9999.0000	-9999.0000	-9999.0000	-9999.0000	-9999.0000	-9999.0000	18.0618	8	0	24.9530	1.0000	04	3	-9999.0000	140	29731	-9999	1624	1584	-9999	291.1433	5	0.5726	0.5752	-0.0002	64.9716	0.5644	478.9877	366.8589	37.8935	463.0538	95.7176	474.1134	94.8843	478.5057	94.9306	481.4425	94.9769	
10/08/2017	03:38:15	019001	G523023187HLR	L523	S		441.2897	1.0311	3.1000	100.1084	39.5000	0.8230	0.8260	5.0000	17.0920	508.0816	94.9074	11.9809	24.7000	0.9300	0.9402	0.5752	-0.0002	508.0000	508.3034	1.0285	11.0917	99.9464	39.0000	0.8230	0.8199	5.0000	-9999.0000	-9999.0000	-9999.0000	-9999.0000	-9999.0000	-9999.0000	17.8918	1	0	27.1431	1.0000	04	3	-9999.0000	141	29732	-9999	1625	1585	-9999	291.2989	5	0.5726	0.5752	-0.0002	65.5384	0.5446	484.5442	374.6549	36.4583	468.0391	95.7407	478.7610	95.1852	483.8590	95.2778	488.2827	94.9306	
10/08/2017	03:38:40	019001	G523023180HLR	L523	S		440.7207	1.0311	3.1283	100.0285	39.5000	0.8230	0.8260	5.0000	17.0822	508.0448	94.9074	12.0015	24.7000	0.9300	0.9399	0.5751	-0.0002	508.0000	507.6753	1.0285	11.0135	99.9711	39.1000	0.8230	0.8201	5.0000	-9999.0000	-9999.0000	-9999.0000	-9999.0000	-9999.0000	-9999.0000	17.9923	2	0	25.0138	1.0000	04	3	-9999.0000	142	29733	-9999	1626	1586	-9999	291.2502	5	0.5725	0.5751	-0.0002	65.5505	0.5434	484.2334	369.3290	36.8750	465.0377	95.8333	479.6038	94.9537	483.7070	95.0694	487.6820	95.0231	
10/08/2017	03:39:08	019001	G523023182HLR	L523	S		439.5994	1.0311	3.1841	100.0495	39.5000	0.8230	0.8260	5.0000	17.2219	508.0308	94.9537	14.3513	24.7000	0.9300	0.9400	0.5751	-0.0002	508.0000	508.7049	1.0285	11.1417	99.8488	39.1333	0.8230	0.8199	5.0000	-9999.0000	-9999.0000	-9999.0000	-9999.0000	-9999.0000	-9999.0000	17.8820	3	0	27.6331	1.0000	04	3	-9999.0000	143	29734	-9999	1627	1587	-9999	291.0428	5	0.5725	0.5751	-0.0002	65.5505	0.5434	478.0932	366.9665	38.1713	457.8576	95.7407	473.6032	94.9537	477.5262	95.0694	481.1019	95.0000	
10/08/2017	03:39:37	019001	G523023177HLR	L523	S		438.7223	1.0311	3.2277	100.0574	39.5000	0.8230	0.8259	5.0000	17.4014	508.0417	94.8843	12.7720	24.7000	0.9300	0.9400	0.5754	-0.0002	508.0000	507.1536	1.0285	10.9486	99.9201	39.1000	0.8230	0.8198	5.0000	-9999.0000	-9999.0000	-9999.0000	-9999.0000	-9999.0000	-9999.0000	17.8224	4	0	29.1626	1.0000	04	3	-9999.0000	144	29735	-9999	1628	1588	-9999	291.2129	5	0.5725	0.5754	-0.0002	58.3882	0.9444	481.4006	386.9709	40.0694	466.3589	95.1620	476.9645	95.0926	481.0672	95.1852	484.9106	94.9537	
10/08/2017	03:40:03	019001	G523023090HLR	L523	S		438.2196	1.0311	3.2528	99.9489	39.5000	0.8230	0.8260	5.0000	17.1515	508.0446	94.9306	15.1014	24.7000	0.9300	0.9399	0.5753	-0.0002	508.0000	507.3766	1.0285	10.9763	99.9951	39.1000	0.8230	0.8196	5.0000	-9999.0000	-9999.0000	-9999.0000	-9999.0000	-9999.0000	-9999.0000	17.9826	5	0	25.5831	1.0000	04	3	-9999.0000	145	29736	-9999	1629	1589	-9999	290.9638	5	0.5726	0.5753	-0.0002	54.1221	1.1989	475.9044	379.9417	37.8704	463.1776	95.5787	470.8816	95.1389	475.2485	95.2778	479.1639	94.9306	
10/08/2017	03:40:31	019001	G523023168HLR	L523	S		443.8783	1.0311	2.9712	99.9808	39.5000	0.8230	0.8259	5.0000	17.2120	508.0588	94.9306	9.6408	24.7000	0.9300	0.9398	0.5757	-0.0002	508.0000	507.1560	1.0285	10.9489	99.9207	39.0667	0.8230	0.8196	5.0000	-9999.0000	-9999.0000	-9999.0000	-9999.0000	-9999.0000	-9999.0000	17.9316	6	0	28.4636	1.0000	04	3	-9999.0000	146	29737	-9999	1630	1590	-9999	291.5513	5	0.5726	0.5757	-0.0002	51.5254	1.3306	491.0660	388.5005	39.7454	474.7924	95.1389	485.2785	95.0000	490.5755	95.0463	494.5209	95.0231	
10/08/2017	03:40:59	019001	G523022901HLR	L523	S		435.7727	1.0311	3.3745	99.9775	39.5000	0.8230	0.8260	5.0000	17.2422	508.0368	94.9306	15.5819	24.7000	0.9300	0.9400	0.5757	-0.0002	508.0000	507.4142	1.0285	10.9810	99.9878	39.0667	0.8230	0.8198	5.0000	-9999.0000	-9999.0000	-9999.0000	-9999.0000	-9999.0000	-9999.0000	17.8420	7	0	28.0736	1.0000	04	3	-9999.0000	147	29738	-9999	1631	1591	-9999	290.9269	5	0.5727	0.5757	-0.0002	50.5213	1.3615	473.1667	398.3550	37.8704	461.4735	95.7176	467.9363	95.2315	472.5891	95.2778	476.4097	94.9537	
10/08/2017	03:41:25	019001	G523023169HLR	L523	S		433.0155	1.0311	3.5117	100.0080	39.5000	0.8230	0.8259	5.0000	17.3820	508.0661	95.0000	17.7824	24.7000	0.9300	0.9399	0.5772	-0.0003	508.0000	507.5118	1.0285	10.9932	99.9366	39.1000	0.8230	0.8198	5.0000	-9999.0000	-9999.0000	-9999.0000	-9999.0000	-9999.0000	-9999.0000	17.7921	8	0	25.9035	1.0000	04	3	-9999.0000	148	29739	-9999	1632	1592	-9999	290.5696	5	0.5729	0.5772	-0.0003	50.6926	1.3278	466.8861	382.9239	36.5509	454.1073	95.1852	461.7507	95.0926	466.2911	95.1389	470.4270	94.9769	
10/08/2017	03:41:53	019001	G523023174HLR	L523	S		440.0303	1.0311	3.1627	100.0537	39.5000	0.8230	0.8259	5.0000	17.3320	508.0835	94.9306	13.1012	24.7000	0.9300	0.9398	0.5772	-0.0003	508.0000	509.2575	1.0285	11.2105	99.9823	39.1000	0.8230	0.8197	5.0000	-9999.0000	-9999.0000	-9999.0000	-9999.0000	-9999.0000	-9999.0000	17.9015	1	0	27.9732	1.0000	04	3	-9999.0000	149	29740	-9999	1633	1593	-9999	291.3578	5	0.5729	0.5772	-0.0003	50.6926	1.3278	479.6350	379.7749	36.9213	465.5066	95.4167	474.5521	94.5139	478.9202	94.5370	482.6897	94.9306	
10/08/2017	03:42:19	019001	G523023175HLR	L523	S		433.8031	1.0311	3.4725	99.9771	39.5000	0.8230	0.8259	5.0000	17.2715	508.0498	94.9537	17.0826	24.7000	0.9300	0.9399	0.5784	-0.0004	508.0000	506.8339	1.0285	10.9088	100.0248	39.0794	0.8230	0.8197	5.0000	-9999.0000	-9999.0000	-9999.0000	-9999.0000	-9999.0000	-9999.0000	17.9826	2	0	25.7432	1.0000	04	3	-9999.0000	150	29741	-9999	1634	1594	-9999	290.6027	5	0.5732	0.5784	-0.0004	50.5835	1.3396	469.5624	371.3708	38.8889	456.9829	95.4167	465.5539	95.2778	469.1738	95.3241	472.1963	94.9074	
10/08/2017	03:42:46	019001	G523022372HLR	L523	S		436.3855	1.0311	3.3440	100.0213	39.4713	0.8230	0.8260	5.0000	17.1621	508.0333	94.9074	16.0420	24.7000	0.9300	0.9398	0.5772	-0.0003	508.0000	508.9228	1.0285	11.1688	100.0209	39.1000	0.8230	0.8198	5.0000	-9999.0000	-9999.0000	-9999.0000	-9999.0000	-9999.0000	-9999.0000	17.9631	3	0	27.2729	1.0000	04	3	-9999.0000	151	29742	-9999	1634	1595	-9999	290.7650	5	0.5732	0.5772	-0.0003	50.5597	1.3416	471.0795	386.4452	39.4213	458.8764	95.0231	465.7446	94.9306	470.8209	94.9769	474.5039	95.0000	
10/08/2017	03:43:17	019001	G523022374HLR	L523	S		439.4105	1.0311	3.1935	100.0022	39.5000	0.8230	0.8260	5.0000	17.3116	508.0402	94.9306	14.5721	24.7000	0.9300	0.9398	0.5772	-0.0003	508.0000	507.4115	1.0285	10.9807	99.9170	39.1000	0.8230	0.8198	5.0000	-9999.0000	-9999.0000	-9999.0000	-9999.0000	-9999.0000	-9999.0000	17.9728	4	0	30.6637	1.0000	04	3	-9999.0000	152	29743	-9999	1635	1596	-9999	291.1834	5	0.5732	0.5772	-0.0003	50.5597	1.3416	474.9798	385.0591	39.7454	461.0309	95.1157	470.2105	95.0000	474.4199	95.0694	478.4286	94.9769	
10/08/2017	03:43:43	019001	G523022369HLR	L523	S		436.8598	1.0311	3.3204	100.0175	39.5000	0.8230	0.8260	5.0000	17.2414	508.0475	94.9537	15.9414	24.7000	0.9300	0.9398	0.5757	-0.0002	508.0000	508.6532	1.0285	11.1353	100.0254	39.1000	0.8230	0.8198	5.0000	-9999.0000	-9999.0000	-9999.0000	-9999.0000	-9999.0000	-9999.0000	17.8625	5	0	26.6429	1.0000	04	3	-9999.0000	153	29744	-9999	1636	1597	-9999	291.0405	5	0.5733	0.5757	-0.0002	51.6516	1.2659	472.6273	367.6176	36.3657	456.5193	95.6250	467.6884	94.9074	472.1844	95.0000	475.7151	95.0000	
10/08/2017	03:44:08	019001	G523022366HLR	L523	S		436.0703	1.0311	3.3597	99.9619	39.5000	0.8230	0.8260	5.0000	17.3322	508.0203	94.9769	14.3123	24.7000	0.9300	0.9398	0.5757	-0.0002	508.0000	508.5345	1.0285	11.1205	99.9850	39.0921	0.8230	0.8196	5.0000	-9999.0000	-9999.0000	-9999.0000	-9999.0000	-9999.0000	-9999.0000	17.8126	6	0	24.8937	1.0000	04	3	-9999.0000	154	29745	-9999	1637	1598	-9999	291.2421	5	0.5733	0.5757	-0.0002	51.6516	1.2659	476.6575	371.5762	36.0185	458.9514	95.7407	472.4173	94.7454	476.1951	94.7685	480.2291	94.9537	
10/08/2017	03:44:34	019001	G523022367HLR	L523	S		436.3224	1.0311	3.3471	100.0459	39.5000	0.8230	0.8260	5.0000	17.3224	508.0459	94.9306	15.2118	24.7000	0.9300	0.9398	0.5767	-0.0002	508.0000	507.6515	1.0285	11.0106	99.9576	39.0667	0.8230	0.8197	5.0000	-9999.0000	-9999.0000	-9999.0000	-9999.0000	-9999.0000	-9999.0000	17.9029	7	0	26.0030	1.0000	04	3	-9999.0000	155	29746	-9999	1638	1599	-9999	291.1456	5	0.5731	0.5767	-0.0002	51.3091	1.2917	475.0111	383.9873	39.5602	457.4324	95.1620	469.1216	94.9537	474.6421	95.0463	477.3183	94.9769	
10/08/2017	03:45:00	019001	G523020887HLR	L523	S		431.4598	1.0311	3.5891	100.0004	39.5000	0.8230	0.8260	5.0000	17.3820	508.0581	94.9769	19.2631	24.7000	0.9300	0.9399	0.5776	-0.0003	508.0000	507.4960	1.0285	10.9912	99.9548	39.0919	0.8230	0.8199	5.0000	-9999.0000	-9999.0000	-9999.0000	-9999.0000	-9999.0000	-9999.0000	17.8723	8	0	26.0129	1.0000	04	3	-9999.0000	156	29747	-9999	1639	1600	-9999	290.8825	5	0.5731	0.5776	-0.0003	51.1264	1.2976	463.4034	372.2819	37.7778	453.7891	95.5556	458.8997	95.0463	463.0065	95.1389	466.3078	95.0000	
10/08/2017	03:45:31	019001	G523022357HLR	L523	S		437.4894	1.0311	3.2891	99.9716	39.5000	0.8230	0.8260	5.0000	17.2227	508.0568	94.9537	14.5916	24.7000	0.9300	0.9398	0.5776	-0.0003	508.0000	507.1262	1.0285	10.9452	99.9488	39.1000	0.8230	0.8198	5.0000	-9999.0000	-9999.0000	-9999.0000	-9999.0000	-9999.0000	-9999.0000	17.9025	1	0	30.3337	1.0000	04	3	-9999.0000	157	29748	-9999	1640	1601	-9999	291.4689	5	0.5731	0.5776	-0.0003	51.1264	1.2976	474.0795	378.0027	37.5000	464.3187	95.3935	469.7684	94.9074	473.7092	94.8843	476.9303	95.0000	
10/08/2017	03:45:58	019001	G523022349HLR	L523	S		437.6177	1.0311	3.2827	100.0042	39.5034	0.8230	0.8259	5.0000	17.2021	508.0413	94.9074	12.3911	24.7000	0.9300	0.9398	0.5766	-0.0002	508.0000	508.1532	1.0285	11.0730	100.0463	39.1000	0.8230	0.8198	5.0000	-9999.0000	-9999.0000	-9999.0000	-9999.0000	-9999.0000	-9999.0000	17.8715	2	0	27.7231	1.0000	04	3	-9999.0000	158	29749	-9999	1641	1602	-9999	291.4649	5	0.5730	0.5766	-0.0002	50.5437	1.3337	482.4545	387.3987	39.6065	464.1713	95.0463	476.3747	94.9074	482.0744	95.0000	485.3140	94.9769	
10/08/2017	03:46:26	019001	G523022347HLR	L523	S		439.7853	1.0311	3.1749	100.0481	39.4626	0.8230	0.8259	5.0000	17.5117	508.0495	94.9537	13.8610	24.7000	0.9300	0.9399	0.5766	-0.0002	508.0000	506.6787	1.0285	10.8895	99.9782	39.1000	0.8230	0.8196	5.0000	-9999.0000	-9999.0000	-9999.0000	-9999.0000	-9999.0000	-9999.0000	17.9230	3	0	27.2531	1.0000	04	3	-9999.0000	159	29750	-9999	1642	1603	-9999	291.3025	5	0.5730	0.5766	-0.0002	51.0127	1.3198	477.9444	365.7587	38.4259	462.0367	95.4630	473.1918	95.1389	477.3086	95.2083	481.4633	94.9306	
10/08/2017	03:46:51	019001	G523022346HLR	L523	S		437.7448	1.0311	3.2764	100.0077	39.4678	0.8230	0.8260	5.0000	17.2520	508.0454	94.9306	14.3914	24.7000	0.9300	0.9399	0.5721	0.0000	508.0000	507.6321	1.0285	11.0081	100.0000	39.0667	0.8230	0.8197	5.0000	-9999.0000	-9999.0000	-9999.0000	-9999.0000	-9999.0000	-9999.0000	17.9015	4	0	25.4837	1.0000	04	3	-9999.0000	160	29751	-9999	1643	1604	-9999	291.0345	5	0.5728	0.5721	0.0000	54.3180	1.1200	478.2733	370.6101	36.6435	463.5524	95.6250	474.3350	94.8611	477.9232	94.9306	481.6405	94.9769	
10/08/2017	03:47:18	019001	G523022363HLR	L523	S		432.9668	1.0311	3.5141	100.0347	39.5000	0.8230	0.8260	5.0000	17.8723	508.0154	94.9769	18.2424	24.7000	0.9300	0.9398	0.5736	-0.0000	508.0000	510.0189	1.0285	11.3053	99.8812	39.0979	0.8230	0.8198	5.0000	-9999.0000	-9999.0000	-9999.0000	-9999.0000	-9999.0000	-9999.0000	17.7922	5	0	26.9825	1.0000	04	3	-9999.0000	161	29752	-9999	1644	1605	-9999	291.0562	5	0.5731	0.5736	-0.0000	57.4855	0.9217	468.2579	366.4870	35.9954	454.5997	95.7639	464.3199	94.7454	467.7424	94.8611	471.9593	95.0000	
10/08/2017	03:47:46	019001	G523022365HLR	L523	S		433.8187	1.0311	3.4717	100.0208	39.5197	0.8230	0.8260	5.0000	17.3214	508.0398	94.9306	16.3223	24.6000	0.9300	0.9399	0.5762	-0.0002	508.0000	507.3622	1.0285	10.9745	99.9157	39.1000	0.8230	0.8198	5.0000	-9999.0000	-9999.0000	-9999.0000	-9999.0000	-9999.0000	-9999.0000	17.8625	6	0	27.9838	1.0000	04	3	-9999.0000	161	29753	-9999	1645	1606	-9999	291.1682	5	0.5733	0.5762	-0.0002	47.8180	1.4883	471.2263	382.0437	37.7778	459.0302	95.3472	466.1614	94.7917	470.6799	94.8611	474.2007	94.9769	
10/08/2017	03:48:13	019001	G523022362HLR	L523	S		436.9175	1.0311	3.3175	100.0372	39.5500	0.8230	0.8259	5.0000	17.3223	508.0453	94.9306	15.1825	24.7000	0.9300	0.9398	0.5762	-0.0002	508.0000	507.6356	1.0285	11.0086	99.9831	39.1000	0.8230	0.8198	5.0000	-9999.0000	-9999.0000	-9999.0000	-9999.0000	-9999.0000	-9999.0000	17.9112	7	0	26.8129	1.0000	04	3	-9999.0000	162	29754	-9999	1646	1607	-9999	291.3456	5	0.5733	0.5762	-0.0002	47.8180	1.4883	473.9551	381.8177	36.8519	460.4857	95.5093	468.2012	94.7222	473.4117	94.7917	477.1855	94.9537	
10/08/2017	03:48:39	019001	G523022350HLR	L523	S		434.4790	1.0311	3.4389	99.9754	39.4563	0.8230	0.8259	5.0000	17.1817	508.0636	94.9537	14.1120	24.7000	0.9300	0.9398	0.5766	-0.0002	508.0000	507.8052	1.0285	11.0297	99.9142	39.1000	0.8230	0.8197	5.0000	-9999.0000	-9999.0000	-9999.0000	-9999.0000	-9999.0000	-9999.0000	17.9025	8	0	26.4034	1.0000	04	3	-9999.0000	163	29755	-9999	1647	1608	-9999	291.4506	5	0.5733	0.5766	-0.0002	48.7087	1.4410	476.0190	388.5882	38.4954	459.1977	95.2778	472.4969	94.6991	475.3023	94.7685	479.9693	94.9306	
10/08/2017	03:49:05	019001	G523022345HLR	L523	S		438.3594	1.0311	3.2458	100.0073	39.4535	0.8230	0.8260	5.0000	17.0821	508.0199	94.9306	14.9725	24.7000	0.9300	0.9398	0.5782	-0.0003	508.0000	507.7158	1.0285	11.0186	99.9767	39.1000	0.8230	0.8197	5.0000	-9999.0000	-9999.0000	-9999.0000	-9999.0000	-9999.0000	-9999.0000	17.9316	1	0	25.5832	1.0000	04	3	-9999.0000	164	29756	-9999	1648	1609	-9999	291.3056	5	0.5733	0.5782	-0.0003	51.7104	1.2827	474.7932	385.2351	39.4676	458.1724	95.2778	469.4111	95.0000	474.0691	95.0694	477.7220	95.0000	
10/08/2017	03:49:32	019001	G523022340HLR	L523	S		435.9026	1.0311	3.3680	99.9939	39.5000	0.8230	0.8261	5.0000	17.3418	508.0405	94.9306	16.4024	24.7000	0.9300	0.9399	0.5771	-0.0002	508.0000	509.8555	1.0285	11.2849	99.9589	39.1000	0.8230	0.8198	5.0000	-9999.0000	-9999.0000	-9999.0000	-9999.0000	-9999.0000	-9999.0000	17.9220	2	0	26.6028	1.0000	04	3	-9999.0000	164	29757	-9999	1649	1610	-9999	291.1451	5	0.5735	0.5771	-0.0002	52.5273	1.2518	470.7875	366.6584	37.9167	449.2222	95.5093	466.0192	95.0000	470.3307	95.0694	474.2049	95.0000	
10/08/2017	03:49:58	019001	G523022341HLR	L523	S		437.2983	1.0311	3.2986	100.0502	39.5292	0.8230	0.8260	5.0000	17.3312	508.0686	94.9306	14.6815	24.7000	0.9300	0.9399	0.5771	-0.0002	508.0000	506.6601	1.0285	10.8871	99.9433	39.1000	0.8230	0.8198	5.0000	-9999.0000	-9999.0000	-9999.0000	-9999.0000	-9999.0000	-9999.0000	17.9620	3	0	26.1635	1.0000	04	3	-9999.0000	165	29758	-9999	1650	1611	-9999	291.5119	5	0.5735	0.5771	-0.0002	52.5273	1.2518	474.8558	384.0267	39.8148	461.3183	95.0231	470.2099	94.7685	474.4372	94.8380	478.2726	94.9769	
10/08/2017	03:50:23	019001	G523022342HLR	L523	S		438.5864	1.0311	3.2345	100.0609	39.5030	0.8230	0.8260	5.0000	17.0518	508.0564	94.9306	14.9120	24.7000	0.9300	0.9399	0.5756	-0.0001	508.0000	509.4639	1.0285	11.2362	99.9607	39.1000	0.8230	0.8198	5.0000	-9999.0000	-9999.0000	-9999.0000	-9999.0000	-9999.0000	-9999.0000	17.9425	4	0	25.2627	1.0000	04	3	-9999.0000	166	29759	-9999	1651	1611	-9999	291.6066	5	0.5736	0.5756	-0.0001	53.2280	1.2101	476.2781	379.7588	37.3843	461.2113	95.5556	472.2397	94.9074	475.7300	95.0231	479.3181	95.0231	
10/08/2017	03:50:50	019001	G523023233HLR	L523	S		435.5555	1.0311	3.3853	100.0943	39.5000	0.8230	0.8259	5.0000	17.3115	508.0667	94.8843	13.5016	24.7000	0.9300	0.9398	0.5756	-0.0001	508.0000	508.2472	1.0285	11.0847	100.0099	39.1000	0.8230	0.8197	5.0000	-9999.0000	-9999.0000	-9999.0000	-9999.0000	-9999.0000	-9999.0000	17.9522	5	0	26.7337	1.0000	04	3	-9999.0000	167	29760	-9999	1652	1612	-9999	291.7061	5	0.5736	0.5756	-0.0001	52.7959	1.2283	479.4173	365.1501	37.1065	464.4730	95.5556	474.9735	94.8380	478.8999	94.9769	482.5533	95.0463	
10/08/2017	03:51:18	019001	G523023236HLR	L523	S		437.8440	1.0311	3.2714	99.9425	39.4776	0.8230	0.8260	5.0000	17.3417	508.0689	94.9306	15.1522	24.7000	0.9300	0.9399	0.5828	-0.0006	508.0000	507.5257	1.0285	10.9949	99.8424	39.1000	0.8230	0.8198	5.0000	-9999.0000	-9999.0000	-9999.0000	-9999.0000	-9999.0000	-9999.0000	17.9522	6	0	28.1636	1.0000	04	3	-9999.0000	168	29761	-9999	1653	1613	-9999	291.3426	5	0.5734	0.5828	-0.0006	40.8069	1.9899	471.4079	365.4962	38.1481	453.1448	95.4398	466.2858	95.0231	470.6801	95.1852	474.7186	94.9537	
10/08/2017	03:51:44	019001	G523023229HLR	L523	S		433.9498	1.0311	3.4652	99.9567	39.4968	0.8230	0.8260	5.0000	17.3517	508.0758	94.9306	14.0818	24.7000	0.9300	0.9398	0.5828	-0.0006	508.0000	508.5175	1.0285	11.1184	99.9961	39.1000	0.8230	0.8197	5.0000	-9999.0000	-9999.0000	-9999.0000	-9999.0000	-9999.0000	-9999.0000	17.8821	7	0	26.4730	1.0000	04	3	-9999.0000	169	29762	-9999	1654	1614	-9999	291.7095	5	0.5735	0.5828	-0.0006	50.5218	1.3872	474.1728	362.7411	36.4352	454.6258	95.6481	467.0778	94.9537	473.2820	95.0463	477.9294	95.0463	
10/08/2017	03:52:11	019001	G523023230HLR	L523	S		440.5251	1.0311	3.1381	100.0568	39.5185	0.8230	0.8261	5.0000	17.1719	508.0861	94.9537	13.8610	24.7000	0.9300	0.9398	0.5866	-0.0009	508.0000	509.0908	1.0285	11.1897	99.9688	39.1000	0.8230	0.8197	5.0000	-9999.0000	-9999.0000	-9999.0000	-9999.0000	-9999.0000	-9999.0000	17.9118	8	0	26.2327	1.0000	04	3	-9999.0000	170	29763	-9999	1655	1615	-9999	291.9727	5	0.5733	0.5866	-0.0009	36.8526	2.2307	473.0917	371.5789	39.6759	456.7598	95.1620	467.7032	94.8148	472.5952	94.9306	476.2038	95.0231	
10/08/2017	03:52:39	019001	G523023232HLR	L523	S		437.8327	1.0311	3.2720	100.0616	39.5000	0.8230	0.8260	5.0000	17.2120	508.0658	94.9306	14.6522	24.7000	0.9300	0.9398	0.5843	-0.0007	508.0000	506.8474	1.0285	10.9105	99.9622	39.1000	0.8230	0.8197	5.0000	-9999.0000	-9999.0000	-9999.0000	-9999.0000	-9999.0000	-9999.0000	17.9328	1	0	28.3236	1.0000	04	3	-9999.0000	171	29764	-9999	1656	1616	-9999	291.4881	5	0.5732	0.5843	-0.0007	52.1179	1.3001	471.3085	382.2528	37.3148	459.4791	95.0231	465.8600	95.0926	470.6836	95.1852	474.6344	94.9769	
10/08/2017	03:53:04	019001	G523023227HLR	L523	S		435.5288	1.0311	3.3866	99.9957	39.5000	0.8230	0.8260	5.0000	17.3213	508.0442	94.9769	16.7921	24.7000	0.9300	0.9398	0.5736	0.0000	508.0000	508.3386	1.0285	11.0961	99.9668	39.1000	0.8230	0.8198	5.0000	-9999.0000	-9999.0000	-9999.0000	-9999.0000	-9999.0000	-9999.0000	17.9923	2	0	24.8136	1.0000	04	3	-9999.0000	172	29765	-9999	1657	1617	-9999	290.7217	5	0.5736	0.5736	0.0000	71.3026	0.0332	464.6480	381.0419	38.6806	452.5536	95.3241	459.6127	95.1389	464.2422	95.2083	468.9978	94.9537	
10/08/2017	03:53:31	019001	G523023222HLR	L523	S		439.7702	1.0311	3.1756	100.0400	39.5000	0.8230	0.8260	5.0000	17.1318	508.0643	94.9537	14.4119	24.7000	0.9300	0.9398	0.5736	0.0000	508.0000	509.9323	1.0285	11.2945	99.9802	39.1000	0.8230	0.8197	5.0000	-9999.0000	-9999.0000	-9999.0000	-9999.0000	-9999.0000	-9999.0000	18.0810	3	0	27.0930	1.0000	04	3	-9999.0000	173	29766	-9999	1658	1618	-9999	291.6107	5	0.5736	0.5736	0.0000	71.3026	0.0332	478.4749	388.4927	38.5185	468.0031	95.2083	473.6649	94.9074	477.9710	94.9537	481.6148	95.0000	
10/08/2017	03:53:57	019001	G523023208HLR	L523	S		434.9051	1.0311	3.4177	100.0122	39.5000	0.8230	0.8260	5.0000	17.0513	508.0436	94.9537	14.8514	24.7000	0.9300	0.9398	0.5828	-0.0006	508.0000	509.3099	1.0285	11.2170	99.8823	39.1000	0.8230	0.8198	5.0000	-9999.0000	-9999.0000	-9999.0000	-9999.0000	-9999.0000	-9999.0000	17.9220	4	0	26.3431	1.0000	04	3	-9999.0000	174	29767	-9999	1659	1619	-9999	291.3665	5	0.5736	0.5828	-0.0006	73.4377	-0.1502	471.4227	388.1103	37.9861	456.6561	95.3472	466.1898	94.8380	470.6492	94.9537	474.9659	95.0000	
10/08/2017	03:54:26	019001	G523023218HLR	L523	S		436.7986	1.0311	3.3235	100.0168	39.5000	0.8230	0.8260	5.0000	17.1622	508.0803	94.9074	16.3018	24.7000	0.9300	0.9398	0.5853	-0.0008	508.0000	509.3990	1.0285	11.2281	99.9832	39.1202	0.8230	0.8197	5.0000	-9999.0000	-9999.0000	-9999.0000	-9999.0000	-9999.0000	-9999.0000	17.9621	5	0	28.9428	1.0000	04	3	-9999.0000	175	29768	-9999	1660	1620	-9999	290.9387	5	0.5735	0.5853	-0.0008	42.8074	1.8196	466.7818	365.3436	36.8750	455.5538	95.5324	462.0593	94.6759	466.1833	94.7454	470.0329	94.9537	
10/08/2017	03:55:19	019001	G523023223HLR	L523	S		436.2896	1.0311	3.3488	100.0255	39.5198	0.8230	0.8260	5.0000	17.3213	508.0397	94.9306	15.0418	24.8000	0.9300	0.9401	0.5841	-0.0007	508.0000	505.9211	1.0285	10.7952	99.9611	38.9520	0.8230	0.8192	5.0000	-9999.0000	-9999.0000	-9999.0000	-9999.0000	-9999.0000	-9999.0000	18.1222	7	0	26.4232	1.0000	04	3	-9999.0000	177	29769	-9999	1662	1621	-9999	291.1837	5	0.5733	0.5841	-0.0007	59.7632	0.7559	468.8522	363.4050	36.6204	453.5822	95.8565	463.3690	95.0000	468.3423	95.0463	472.9209	94.9769	
10/08/2017	03:55:47	019001	G523023216HLR	L523	S		435.3372	1.0311	3.3962	100.0072	39.5000	0.8230	0.8260	5.0000	17.2121	508.0553	94.9306	14.9823	24.7000	0.9300	0.9401	0.5812	-0.0005	508.0000	507.0570	1.0285	10.9366	100.0123	39.0000	0.8230	0.8201	5.0000	-9999.0000	-9999.0000	-9999.0000	-9999.0000	-9999.0000	-9999.0000	17.9327	8	0	27.1427	1.0000	04	3	-9999.0000	178	29770	-9999	1663	1622	-9999	291.2596	5	0.5734	0.5812	-0.0005	67.0407	0.2794	472.1019	383.4346	36.5972	466.5940	95.6713	467.4241	94.9074	471.5543	95.0231	475.4067	95.0000	
10/08/2017	03:56:12	019001	G523023210HLR	L523	S		435.5573	1.0311	3.3852	100.0352	39.5000	0.8230	0.8260	5.0000	17.2715	508.0535	94.9306	16.8819	24.7000	0.9300	0.9399	0.5833	-0.0007	508.0000	509.3216	1.0285	11.2185	99.9498	39.1185	0.8230	0.8202	5.0000	-9999.0000	-9999.0000	-9999.0000	-9999.0000	-9999.0000	-9999.0000	17.8615	1	0	25.9338	1.0000	04	3	-9999.0000	179	29771	-9999	1664	1623	-9999	290.3908	5	0.5730	0.5833	-0.0007	65.9016	0.3783	465.4670	369.2272	36.6204	451.4444	95.7176	459.4866	95.1157	464.7557	95.2315	468.7441	94.9306	
10/08/2017	03:56:38	019001	G523023213HLR	L523	S		420.3011	1.0311	4.1442	100.0151	39.5000	0.8230	0.8260	5.0000	17.3223	508.0584	94.9537	15.5517	24.7000	0.9300	0.9398	0.5833	-0.0007	508.0000	507.4543	1.0285	10.9860	99.9719	39.1333	0.8230	0.8198	5.0000	-9999.0000	-9999.0000	-9999.0000	-9999.0000	-9999.0000	-9999.0000	17.8624	2	0	25.5831	1.0000	04	3	-9999.0000	180	29772	-9999	1665	1624	-9999	290.8572	5	0.5730	0.5833	-0.0007	65.9016	0.3783	463.7116	382.7926	39.2824	444.3320	95.2315	452.7001	95.0000	462.8221	94.9537	469.0777	95.0000	
10/08/2017	03:57:05	019001	G523023205HLR	L523	S		438.9380	1.0311	3.2170	100.0249	39.5000	0.8230	0.8260	5.0000	17.0616	508.0366	94.9537	14.4617	24.6000	0.9300	0.9398	0.5830	-0.0007	508.0000	508.8050	1.0285	11.1541	99.9611	39.1000	0.8230	0.8197	5.0000	-9999.0000	-9999.0000	-9999.0000	-9999.0000	-9999.0000	-9999.0000	18.0518	3	0	27.2632	1.0000	04	3	-9999.0000	181	29772	-9999	1666	1625	-9999	291.4012	5	0.5733	0.5830	-0.0007	66.0919	0.3565	472.6249	385.8886	37.8935	460.4781	95.3704	467.1447	94.8843	472.0403	94.9306	475.8968	94.9769	
10/08/2017	03:57:32	019001	G523023203HLR	L523	S		435.8704	1.0311	3.3696	99.9667	39.5000	0.8230	0.8260	5.0000	17.3019	508.0778	94.9537	15.7822	24.7000	0.9300	0.9398	0.5878	-0.0010	508.0000	508.9852	1.0285	11.1766	99.9696	39.1000	0.8230	0.8197	5.0000	-9999.0000	-9999.0000	-9999.0000	-9999.0000	-9999.0000	-9999.0000	17.9718	4	0	26.7530	1.0000	04	3	-9999.0000	182	29773	-9999	1667	1626	-9999	291.0550	5	0.5729	0.5878	-0.0010	48.3469	1.4872	468.0895	392.2794	39.6991	459.3452	95.1389	463.1091	95.1389	467.8143	95.2083	471.7843	94.9537	
10/08/2017	03:58:00	019001	G523023201HLR	L523	S		436.3032	1.0311	3.3481	100.0429	39.5000	0.8230	0.8260	5.0000	17.2412	508.0619	94.9537	13.9011	24.7000	0.9300	0.9398	0.5878	-0.0010	508.0000	509.7042	1.0285	11.2661	99.8738	39.1000	0.8230	0.8197	5.0000	-9999.0000	-9999.0000	-9999.0000	-9999.0000	-9999.0000	-9999.0000	18.0723	5	0	27.8238	1.0000	04	3	-9999.0000	183	29774	-9999	1668	1627	-9999	291.7342	5	0.5729	0.5878	-0.0010	48.3469	1.4872	471.5032	384.6135	39.0046	454.8427	95.2083	465.2327	95.0463	470.6382	95.0926	476.1685	94.9769	
10/08/2017	03:58:25	019001	G523023221HLR	L523	S		437.4229	1.0311	3.2924	99.9942	39.5000	0.8230	0.8260	5.0000	17.1622	508.0902	94.9537	14.2312	24.7000	0.9300	0.9399	0.5886	-0.0010	508.0000	508.9920	1.0285	11.1774	99.9885	39.1000	0.8230	0.8198	5.0000	-9999.0000	-9999.0000	-9999.0000	-9999.0000	-9999.0000	-9999.0000	17.8624	6	0	24.9629	1.0000	04	3	-9999.0000	184	29775	-9999	1669	1628	-9999	291.6953	5	0.5729	0.5886	-0.0010	48.2701	1.4918	469.7326	373.9875	37.7778	454.6420	95.3241	463.9837	94.7222	469.1664	94.8611	474.4556	94.9537	
10/08/2017	03:58:52	019001	G523023196HLR	L523	S		436.6171	1.0311	3.3325	100.0878	39.5000	0.8230	0.8260	5.0000	17.3419	508.0575	94.9306	15.1923	24.7000	0.9300	0.9399	0.5894	-0.0011	508.0000	509.2669	1.0285	11.2116	99.9556	39.1000	0.8230	0.8197	5.0000	-9999.0000	-9999.0000	-9999.0000	-9999.0000	-9999.0000	-9999.0000	17.9426	7	0	27.1331	1.0000	04	3	-9999.0000	185	29776	-9999	1670	1629	-9999	291.1696	5	0.5728	0.5894	-0.0011	49.3242	1.4251	465.5074	357.6671	37.6852	446.2272	95.4398	461.1230	94.5833	464.8682	94.6759	469.9368	94.9074	
