Data	Timp	Nr. masina	Nr. de serie	Tip	Productie	Comentariu	Pre-masurare Q [ml/min]	Pre-masurare Gain	Pre-masurare Offset Master	Pre-masurare P [bar]	Pre-masurare T [°C]	Pre-masurare Densitate fixa [kg/l]	Pre-masurare densitate masurata [kg/l]	Pre-masurare Timp masurare [s]	Pre-masurare Cycle time [s]	rectificare Q Oprire [ml/min]	rectificare P Oprire [bar]	rectificare Timp rectificare [s]	rectificare T [°C]	rectificare Densitate fixa [kg/l]	rectificare densitate masurata [kg/l]	rectificare Factor de masurare la rectificare	rectificare Factor de corectie a debitului	rectificare Target rectificare	Masurare Q [ml/min]	Masurare Gain	Masurare Offset Master	Masurare P [bar]	Masurare T [°C]	Masurare Densitate fixa [kg/l]	Masurare densitate masurata [kg/l]	Masurare Timp masurare [s]	Masurare Q [ml/min]	Masurare Delta Q [ml/min]	Masurare P [bar]	Masurare BP [bar]	Masurare T [°C]	Masurare Timp masurare [s]	Masurare Cycle time [s]	Nest Nr.	Cod de descarcare	Cycle time [s]	Traceability aktiv	EDM Maschine Nr	EDM Spindle Nr	Honing Rate [r	Station Counter Premeasure	Station Counter Grind	Station Counter Blowout 1	Station Counter Wash	Station Counter Measure	Station Counter Blowout 2	RealGrindQStop	Reg Type	Factor 0	Factor 1	Factor 2	Factor 3	Factor 4	G_StartQV	G_StartQV_1	G_StartQV_2	G_StartQV_3	G_StartQV_4	G_StartQV_5	
07/08/2017	06:19:50	019001	G523009640HLR	L523	S		438.1731	1.0311	3.2551	99.9761	39.2017	0.8230	0.8277	5.0000	17.2121	508.0374	94.9537	16.0225	24.9000	0.9300	0.9421	0.5780	-0.0003	508.0000	510.6933	1.0285	11.8074	100.0556	38.6804	0.8230	0.8217	5.0000	-9999.0000	-9999.0000	-9999.0000	-9999.0000	-9999.0000	-9999.0000	18.2423	5	0	25.2434	1.0000	99	9	-9999.0000	48669	24904	-9999	2625	2537	-9999	290.9916	5	0.5728	0.5780	-0.0003	48.3681	1.6018	472.4073	302.3655	36.4815	453.9538	97.2917	466.6758	96.1111	471.0340	95.9491	474.8675	95.0463	
07/08/2017	06:21:18	019001	G523009633HLR	L523	S		439.6698	1.0311	3.1806	100.0982	39.2500	0.8230	0.8274	5.0000	17.1526	508.0829	94.9537	13.8513	25.0000	0.9300	0.9421	0.5751	-0.0003	508.0000	508.0822	1.0285	11.4729	100.0110	38.6557	0.8230	0.8217	5.0000	-9999.0000	-9999.0000	-9999.0000	-9999.0000	-9999.0000	-9999.0000	17.7922	1	0	22.1121	1.0000	99	9	-9999.0000	48670	24905	-9999	2626	2538	-9999	289.9176	5	0.5698	0.5751	-0.0003	48.4963	1.6060	475.7713	395.9373	39.0972	461.6471	95.5093	471.3394	95.0694	475.3174	94.8380	479.3033	94.9537	
07/08/2017	06:22:46	019001	G523009646HLR	L523	S		447.0757	1.0311	2.8122	100.0888	39.3000	0.8230	0.8275	5.0000	17.1523	508.0436	94.9537	10.7913	25.0000	0.9300	0.9421	0.5751	-0.0003	508.0000	507.7894	1.0285	11.4354	100.0036	38.6637	0.8230	0.8216	5.0000	-9999.0000	-9999.0000	-9999.0000	-9999.0000	-9999.0000	-9999.0000	17.8517	5	0	21.5632	1.0000	99	9	-9999.0000	48671	24906	-9999	2627	2539	-9999	290.4285	5	0.5702	0.5751	-0.0003	48.4984	1.6061	484.5971	400.9510	38.8194	469.2335	95.0000	480.1449	94.6991	484.1416	94.4676	488.2853	94.7917	
07/08/2017	06:24:17	019001	G523009630HLR	L523	S		447.9911	1.0311	2.7666	100.0188	39.3000	0.8230	0.8275	5.0000	17.2717	508.0540	94.9074	10.1712	25.0000	0.9300	0.9420	0.5753	-0.0003	508.0000	508.1395	1.0285	11.4803	99.9386	38.6989	0.8230	0.8214	5.0000	-9999.0000	-9999.0000	-9999.0000	-9999.0000	-9999.0000	-9999.0000	17.8012	1	0	25.1027	1.0000	99	9	-9999.0000	48672	24907	-9999	2628	2540	-9999	290.5985	5	0.5708	0.5753	-0.0003	48.4949	1.6060	488.1555	393.2136	40.5787	466.7524	95.0926	483.0637	95.1852	487.7069	94.9537	491.4160	94.9306	
07/08/2017	06:25:51	019001	G523009619HLR	L523	S		442.2283	1.0311	3.0533	99.9565	39.2574	0.8230	0.8273	5.0000	17.9214	508.0604	94.9537	13.7517	25.0000	0.9300	0.9421	0.5752	-0.0003	508.0000	508.7404	1.0285	11.5572	100.1350	38.7000	0.8230	0.8214	5.0000	-9999.0000	-9999.0000	-9999.0000	-9999.0000	-9999.0000	-9999.0000	17.8420	5	0	27.7328	1.0000	99	9	-9999.0000	48673	24908	-9999	2629	2541	-9999	289.9970	5	0.5711	0.5752	-0.0003	48.4966	1.6060	478.3084	397.2866	37.7778	463.7851	95.0926	473.8162	95.3009	477.8118	95.1620	480.9926	94.9074	
07/08/2017	06:29:16	019001	G523009569HLR	L523	S		0.0000	0.0000	0.0000	0.0000	0.0000	0.8230	0.0000	0.0000	0.0000	0.0000	0.0000	0.0000	0.0000	0.9300	0.0000	0.0000	0.0000	0.0000	0.0000	0.0000	0.0000	0.0000	0.0000	0.8230	0.0000	0.0000	0.0000	0.0000	0.0000	0.0000	0.0000	0.0000	0.0000	0	42	21.6825	1.0000	99	9	0.0000	0	0	-9999	0	0	-9999	0.0000	0	0.0000	0.0000	0.0000	0.0000	0.0000	0.0000	0.0000	0.0000	0.0000	0.0000	0.0000	0.0000	0.0000	0.0000	0.0000	0.0000	
07/08/2017	06:29:35	019001	G523009614HLR	L523	S		434.9543	1.0311	3.4152	99.9358	39.2623	0.8230	0.8274	5.0000	17.3116	508.0629	94.9537	16.3516	25.0000	0.9300	0.9420	0.5760	-0.0004	508.0000	506.2576	1.0285	11.2392	99.9817	38.7000	0.8230	0.8215	5.0000	-9999.0000	-9999.0000	-9999.0000	-9999.0000	-9999.0000	-9999.0000	17.8030	1	0	155.6495	1.0000	99	9	-9999.0000	48674	24909	-9999	2630	2542	-9999	289.4086	5	0.5709	0.5760	-0.0004	37.7663	2.1605	466.8877	393.7467	38.3102	458.1674	95.1852	463.3815	94.8611	466.2809	94.7917	470.6405	94.9537	
07/08/2017	06:31:28	019001	G523009644HLR	L523	S		435.3109	1.0311	3.3975	99.9952	39.2562	0.8230	0.8274	5.0000	17.3820	508.0416	94.9537	16.2227	24.9000	0.9300	0.9420	0.5760	-0.0004	508.0000	507.6338	1.0285	11.4155	100.0143	38.7315	0.8230	0.8217	5.0000	-9999.0000	-9999.0000	-9999.0000	-9999.0000	-9999.0000	-9999.0000	17.8421	5	0	24.9628	1.0000	99	9	-9999.0000	48675	24910	-9999	2631	2543	-9999	289.4031	5	0.5710	0.5760	-0.0004	39.5019	2.0088	468.7449	396.8366	39.6991	454.7074	95.1620	464.6071	94.9306	468.1500	94.7917	472.3387	94.9537	
07/08/2017	06:31:55	019001	G523009636HLR	L523	S		431.2558	1.0311	3.5992	99.9503	39.1715	0.8230	0.8277	5.0000	17.4318	508.0413	94.9537	18.9525	24.9000	0.9300	0.9421	0.5760	-0.0004	508.0000	508.0060	1.0285	11.4632	100.0635	38.8752	0.8230	0.8221	5.0000	-9999.0000	-9999.0000	-9999.0000	-9999.0000	-9999.0000	-9999.0000	17.5920	6	0	27.0638	1.0000	99	9	-9999.0000	48676	24911	-9999	2632	2544	-9999	288.8506	5	0.5710	0.5760	-0.0004	39.5019	2.0088	459.3766	396.0535	38.3796	449.9448	95.6250	454.4731	95.3935	458.9073	95.0231	462.5330	95.0231	
07/08/2017	06:32:22	019001	G523009634HLR	L523	S		437.8419	1.0311	3.2715	99.9532	39.2500	0.8230	0.8279	5.0000	17.6515	508.0457	94.9537	16.4024	24.8000	0.9300	0.9416	0.5760	-0.0004	508.0000	510.0146	1.0285	11.7205	100.0640	38.9000	0.8230	0.8214	5.0000	-9999.0000	-9999.0000	-9999.0000	-9999.0000	-9999.0000	-9999.0000	17.5119	7	0	26.7230	1.0000	99	9	-9999.0000	48677	24912	-9999	2632	2545	-9999	289.3777	5	0.5710	0.5760	-0.0004	39.5019	2.0088	463.0832	414.6022	39.3056	450.7328	95.6250	455.9946	95.3009	462.5684	95.0231	467.2046	94.9306	
07/08/2017	06:32:47	019001	G523009977HLR	L523	Q		432.6727	1.0311	3.5287	99.9319	39.3654	0.8230	0.8282	5.0000	17.2119	508.0365	94.9074	16.8917	24.8000	0.9300	0.9415	0.5754	-0.0003	508.0000	509.2549	1.0285	11.6231	99.9739	38.8138	0.8230	0.8214	5.0000	-9999.0000	-9999.0000	-9999.0000	-9999.0000	-9999.0000	-9999.0000	17.6222	8	0	25.6830	1.0000	99	9	-9999.0000	48678	24913	-9999	2633	2546	-9999	289.2623	5	0.5709	0.5754	-0.0003	39.3164	2.0250	466.7302	414.2443	38.4491	456.8447	95.4167	462.1022	95.0694	466.2265	94.9074	470.5710	94.9537	
07/08/2017	06:33:46	019001	G523009726HLR	L523	Q		437.2535	1.0311	3.3008	99.9147	39.4570	0.8230	0.8277	5.0000	17.3319	508.0488	95.0000	15.0321	24.9000	0.9300	0.9417	0.5757	-0.0004	508.0000	507.5928	1.0285	11.4102	100.0139	38.8667	0.8230	0.8212	5.0000	-9999.0000	-9999.0000	-9999.0000	-9999.0000	-9999.0000	-9999.0000	17.5631	2	0	29.6735	1.0000	99	9	-9999.0000	48680	24914	-9999	2635	2548	-9999	289.6982	5	0.5706	0.5757	-0.0004	40.1999	1.9537	471.4274	405.2607	37.5231	461.1966	95.1389	466.9258	95.0926	470.9521	94.9306	475.0012	94.9306	
07/08/2017	06:38:35	019001	G523010008HLR	L523	Q		437.8538	1.0311	3.2710	100.0000	39.4000	0.8230	0.8275	5.0000	17.2218	508.0572	94.9074	15.3417	24.8000	0.9300	0.9417	0.5757	-0.0004	508.0000	510.2343	1.0285	11.7486	99.9086	38.8819	0.8230	0.8216	5.0000	-9999.0000	-9999.0000	-9999.0000	-9999.0000	-9999.0000	-9999.0000	17.5218	3	0	287.4049	1.0000	99	9	-9999.0000	48681	24915	-9999	2636	2549	-9999	289.6477	5	0.5702	0.5757	-0.0004	40.2214	1.9515	466.7959	406.3702	41.0185	399.0011	95.3704	456.1897	95.0000	465.9439	94.8148	471.6573	94.9074	
07/08/2017	06:39:33	019001	G523007504HLR	L523	S		427.8977	1.0311	3.7663	99.9699	39.4345	0.8230	0.8276	5.0000	17.8321	508.0568	94.9769	17.6623	24.9000	0.9300	0.9419	0.5762	-0.0004	508.0000	509.7155	1.0285	11.6822	99.9585	38.7333	0.8230	0.8216	5.0000	-9999.0000	-9999.0000	-9999.0000	-9999.0000	-9999.0000	-9999.0000	17.9720	5	0	28.6539	1.0000	99	9	-9999.0000	48683	24916	-9999	2638	2550	-9999	289.0681	5	0.5701	0.5762	-0.0004	40.1325	1.9634	463.6846	403.5377	40.1157	450.1990	95.4630	458.9320	95.2315	463.1760	95.0463	467.1929	94.9537	
07/08/2017	06:40:02	019001	G523009802HLR	L523	S		432.5856	1.0311	3.5331	100.0888	39.4388	0.8230	0.8276	5.0000	17.2717	508.0339	94.9537	17.6926	24.8000	0.9300	0.9417	0.5763	-0.0004	508.0000	509.3199	1.0285	11.6315	99.9251	38.8976	0.8230	0.8221	5.0000	-9999.0000	-9999.0000	-9999.0000	-9999.0000	-9999.0000	-9999.0000	17.5716	6	0	28.2437	1.0000	99	9	-9999.0000	48684	24917	-9999	2639	2551	-9999	289.0693	5	0.5698	0.5763	-0.0004	39.7433	1.9926	464.4652	408.4759	39.5833	454.6520	95.3472	459.6734	95.1620	464.0358	94.9769	467.2191	94.9769	
07/08/2017	06:40:29	019001	G523009803HLR	L523	S		434.9434	1.0311	3.4158	99.9285	39.4500	0.8230	0.8276	5.0000	17.2320	0.0000	0.0000	0.0000	0.0000	0.9300	0.0000	0.0000	0.0000	508.0000	440.5596	1.0285	2.8233	99.9447	38.9315	0.8230	0.8216	5.0000	-9999.0000	-9999.0000	-9999.0000	-9999.0000	-9999.0000	-9999.0000	17.4425	7	1	27.6634	1.0000	99	9	-9999.0000	48685	0	-9999	2640	2552	-9999	0.0000	0	0.0000	0.0000	0.0000	0.0000	0.0000	0.0000	0.0000	0.0000	0.0000	0.0000	0.0000	0.0000	0.0000	0.0000	0.0000	0.0000	
07/08/2017	06:40:56	019001	G523009762HLR	L523	S		431.1426	1.0311	3.6048	99.9805	39.4018	0.8230	0.8275	5.0000	17.1321	508.0365	94.9537	19.0629	24.9000	0.9300	0.9418	0.5765	-0.0005	508.0000	509.4309	1.0285	11.6457	99.9625	38.8661	0.8230	0.8214	5.0000	-9999.0000	-9999.0000	-9999.0000	-9999.0000	-9999.0000	-9999.0000	17.6127	8	0	27.3227	1.0000	99	9	-9999.0000	0	24918	-9999	2641	2553	-9999	288.6240	5	0.5693	0.5765	-0.0005	40.2506	1.9753	458.0626	258.8903	38.2639	420.3934	95.0926	453.8863	94.5139	457.6916	94.2130	462.0415	94.7454	
07/08/2017	06:41:26	019001	G523009775HLR	L523	S		434.5990	1.0311	3.4329	99.9504	39.2629	0.8230	0.8277	5.0000	17.2618	508.0342	94.9306	17.2726	24.8000	0.9300	0.9415	0.5769	-0.0005	508.0000	508.6058	1.0285	11.5400	99.9139	38.9000	0.8230	0.8216	5.0000	-9999.0000	-9999.0000	-9999.0000	-9999.0000	-9999.0000	-9999.0000	17.5519	1	0	29.5934	1.0000	99	9	-9999.0000	48686	24919	-9999	2642	2554	-9999	288.8952	5	0.5689	0.5769	-0.0005	36.9458	2.2117	464.8699	403.9477	39.8148	453.5138	95.2083	460.5218	95.0231	464.3716	94.7917	468.2613	94.9537	
07/08/2017	06:41:58	019001	G523009784HLR	L523	S		435.1980	1.0311	3.4031	99.9687	39.3500	0.8230	0.8281	5.0000	17.1113	508.0483	94.9537	16.2227	24.8000	0.9300	0.9414	0.5769	-0.0005	508.0000	508.3573	1.0285	11.5082	99.9990	38.9667	0.8230	0.8215	5.0000	-9999.0000	-9999.0000	-9999.0000	-9999.0000	-9999.0000	-9999.0000	17.5423	2	0	32.1944	1.0000	99	9	-9999.0000	48687	24920	-9999	2643	2555	-9999	289.1008	5	0.5689	0.5769	-0.0005	36.9458	2.2117	467.3640	398.3789	39.3056	459.6450	95.1157	462.8598	94.9537	466.7642	94.7454	470.6866	94.9306	
07/08/2017	06:42:29	019001	G523009774HLR	L523	S		433.9704	1.0311	3.4642	99.9674	39.4356	0.8230	0.8280	5.0000	17.1221	508.0627	94.9074	16.2813	24.8000	0.9300	0.9414	0.5797	-0.0007	508.0000	507.7512	1.0285	11.4305	99.9118	38.9667	0.8230	0.8214	5.0000	-9999.0000	-9999.0000	-9999.0000	-9999.0000	-9999.0000	-9999.0000	17.5325	3	0	30.9434	1.0000	99	9	-9999.0000	48688	24921	-9999	2644	2556	-9999	289.1070	5	0.5686	0.5797	-0.0007	41.8019	1.9265	467.3913	399.3106	40.0694	455.2265	95.1620	462.6883	95.0926	466.7965	94.9306	470.4350	94.9769	
07/08/2017	06:42:59	019001	G523008639HLR	L523	S		430.9761	1.0311	3.6131	100.0083	39.4500	0.8230	0.8277	5.0000	17.1819	508.0413	94.8843	12.3716	24.8000	0.9300	0.9414	0.5797	-0.0007	508.0000	511.2732	1.0285	11.8817	99.9800	38.9344	0.8230	0.8212	5.0000	-9999.0000	-9999.0000	-9999.0000	-9999.0000	-9999.0000	-9999.0000	17.5226	4	0	29.4038	1.0000	99	9	-9999.0000	48689	24922	-9999	2645	2557	-9999	290.3932	5	0.5686	0.5797	-0.0007	41.8019	1.9265	479.4031	397.2935	39.7917	464.2389	95.0694	474.1277	94.8611	478.9625	94.7917	482.5804	94.9537	
07/08/2017	06:43:24	019001	error reading	L523	S		0.0000	0.0000	0.0000	0.0000	0.0000	0.8230	0.0000	0.0000	0.0000	0.0000	0.0000	0.0000	0.0000	0.9300	0.0000	0.0000	0.0000	0.0000	0.0000	0.0000	0.0000	0.0000	0.0000	0.8230	0.0000	0.0000	0.0000	0.0000	0.0000	0.0000	0.0000	0.0000	0.0000	0	28	29.4038	1.0000	99	9	0.0000	0	0	0	0	0	0	0.0000	0	0.0000	0.0000	0.0000	0.0000	0.0000	0.0000	0.0000	0.0000	0.0000	0.0000	0.0000	0.0000	0.0000	0.0000	0.0000	0.0000	
07/08/2017	06:44:37	019001	G523010664HLR	L523	S		433.6315	1.0311	3.4810	99.9384	39.4000	0.8230	0.8275	5.0000	17.2922	508.0765	94.9537	18.2219	24.8000	0.9300	0.9416	0.5742	-0.0004	508.0000	509.1833	1.0285	11.6140	100.0236	38.9590	0.8230	0.8213	5.0000	-9999.0000	-9999.0000	-9999.0000	-9999.0000	-9999.0000	-9999.0000	17.5119	5	0	98.0919	1.0000	99	9	-9999.0000	48690	24923	-9999	2646	2558	-9999	288.3713	5	0.5681	0.5742	-0.0004	45.1717	1.7285	462.9968	393.2949	40.7407	452.1513	95.3241	458.5939	95.1852	462.6066	95.0926	466.2196	94.9306	
07/08/2017	06:45:04	019001	G523010645HLR	L523	S		425.8982	1.0311	3.8658	99.9645	39.4000	0.8230	0.8275	5.0000	17.5824	508.0498	94.9306	20.2027	24.8000	0.9300	0.9416	0.5833	-0.0009	508.0000	508.3119	1.0285	11.5024	99.9816	38.9667	0.8230	0.8214	5.0000	-9999.0000	-9999.0000	-9999.0000	-9999.0000	-9999.0000	-9999.0000	17.5313	6	0	27.7436	1.0000	99	9	-9999.0000	48691	24924	-9999	2647	2559	-9999	287.9770	5	0.5681	0.5833	-0.0009	42.7536	1.8800	458.5630	394.9548	41.1806	448.3863	94.9537	453.3232	95.0926	458.0315	94.9537	461.6097	95.0000	
07/08/2017	06:45:35	019001	G523010610HLR	L523	S		422.6456	1.0311	4.0276	99.9607	39.4000	0.8230	0.8276	5.0000	17.0820	508.0496	94.9537	19.6020	24.8000	0.9300	0.9415	0.5846	-0.0010	508.0000	511.2213	1.0285	11.8750	99.9598	38.7891	0.8230	0.8213	5.0000	-9999.0000	-9999.0000	-9999.0000	-9999.0000	-9999.0000	-9999.0000	17.7521	7	0	30.8738	1.0000	99	9	-9999.0000	48692	24925	-9999	2648	2560	-9999	287.4731	5	0.5682	0.5846	-0.0010	41.3915	1.9859	452.6838	390.2090	39.3981	439.8963	95.3009	447.8104	94.9769	452.0898	94.7685	456.5474	94.9306	
07/08/2017	06:46:06	019001	G523009765HLR	L523	S		432.5369	1.0311	3.5355	99.9907	39.4500	0.8230	0.8276	5.0000	17.1221	508.0705	94.9769	17.4025	24.8000	0.9300	0.9415	0.5842	-0.0009	508.0000	508.3054	1.0285	11.5015	99.9704	38.9269	0.8230	0.8220	5.0000	-9999.0000	-9999.0000	-9999.0000	-9999.0000	-9999.0000	-9999.0000	17.5121	8	0	30.6238	1.0000	99	9	-9999.0000	48693	24926	-9999	2649	2561	-9999	288.5410	5	0.5680	0.5842	-0.0009	45.5448	1.7017	459.5588	398.8716	40.1852	453.3282	95.1620	455.3508	94.8611	458.8963	94.7222	463.0710	94.9074	
07/08/2017	06:46:34	019001	G523010823HLR	L523	S		427.9225	1.0311	3.7651	99.9542	39.4292	0.8230	0.8275	5.0000	17.2618	508.0328	94.9306	17.1818	24.8000	0.9300	0.9416	0.5724	-0.0003	508.0000	507.7678	1.0285	11.4326	99.9257	39.0333	0.8230	0.8216	5.0000	-9999.0000	-9999.0000	-9999.0000	-9999.0000	-9999.0000	-9999.0000	17.6735	1	0	28.5328	1.0000	99	9	-9999.0000	48694	24927	-9999	2650	2562	-9999	288.5501	5	0.5676	0.5724	-0.0003	41.4690	1.9661	460.7657	390.0825	38.9815	455.6230	95.3935	456.1779	95.1389	460.2084	94.9769	464.3242	95.0000	
07/08/2017	06:47:01	019001	G523004614HLR	L523	S		434.3696	1.0311	3.4443	100.0322	39.4000	0.8230	0.8275	5.0000	17.1914	508.0430	94.9537	15.7216	25.0000	0.9300	0.9421	0.5807	-0.0007	508.0000	508.4388	1.0285	11.5186	99.9485	38.9989	0.8230	0.8212	5.0000	-9999.0000	-9999.0000	-9999.0000	-9999.0000	-9999.0000	-9999.0000	17.6418	2	0	26.5930	1.0000	99	9	-9999.0000	48695	24927	-9999	2651	2563	-9999	288.5804	5	0.5671	0.5807	-0.0007	31.5863	2.5634	470.8378	391.6595	38.9815	463.7006	95.8333	466.4008	95.4167	470.2954	95.1620	474.2792	94.9769	
07/08/2017	06:47:29	019001	G523010855HLR	L523	S		429.6655	1.0311	3.6783	99.9624	39.2316	0.8230	0.8273	5.0000	17.0421	508.0433	94.9306	19.5121	24.9000	0.9300	0.9418	0.5802	-0.0007	508.0000	507.7756	1.0285	11.4337	99.9519	38.9667	0.8230	0.8213	5.0000	-9999.0000	-9999.0000	-9999.0000	-9999.0000	-9999.0000	-9999.0000	17.6321	3	0	28.1440	1.0000	99	9	-9999.0000	48696	24928	-9999	2652	2564	-9999	287.7258	5	0.5672	0.5802	-0.0007	38.6812	2.1106	458.3013	408.2698	40.0694	449.2838	95.6944	454.9496	95.4398	457.9146	95.3009	461.3460	94.8843	
07/08/2017	06:47:57	019001	G523010677HLR	L523	S		432.8765	1.0311	3.5186	99.9546	39.2780	0.8230	0.8279	5.0000	17.1526	508.0354	94.9769	18.6419	24.8000	0.9300	0.9417	0.5804	-0.0007	508.0000	508.6994	1.0285	11.5520	99.9421	39.0000	0.8230	0.8214	5.0000	-9999.0000	-9999.0000	-9999.0000	-9999.0000	-9999.0000	-9999.0000	17.5823	4	0	27.4428	1.0000	99	9	-9999.0000	48697	24929	-9999	2653	2565	-9999	288.0851	5	0.5672	0.5804	-0.0007	37.3351	2.2205	459.1431	400.0935	37.4769	449.6818	95.6250	455.4731	94.8843	458.5571	94.6991	462.8099	94.9537	
07/08/2017	06:48:22	019001	G523010822HLR	L523	S		428.1293	1.0311	3.7548	99.9752	39.4909	0.8230	0.8281	5.0000	17.2825	508.0337	94.9537	17.1720	24.8000	0.9300	0.9416	0.5724	-0.0003	508.0000	507.6639	1.0285	11.4193	99.9822	39.0000	0.8230	0.8213	5.0000	-9999.0000	-9999.0000	-9999.0000	-9999.0000	-9999.0000	-9999.0000	17.5117	5	0	25.7131	1.0000	99	9	-9999.0000	48698	24930	-9999	2654	2566	-9999	288.6407	5	0.5673	0.5724	-0.0003	33.9784	2.4561	462.3938	408.2727	37.9861	448.6645	95.8333	457.4685	95.4167	461.8278	95.2083	466.0984	94.8611	
07/08/2017	06:48:48	019001	G523010902HLR	L523	S		434.9378	1.0311	3.4160	100.0333	39.5500	0.8230	0.8275	5.0000	17.7122	508.0473	94.9537	14.5819	24.8000	0.9300	0.9416	0.5724	-0.0003	508.0000	507.4056	1.0285	11.3863	99.9794	39.0000	0.8230	0.8213	5.0000	-9999.0000	-9999.0000	-9999.0000	-9999.0000	-9999.0000	-9999.0000	17.6320	6	0	26.0334	1.0000	99	9	-9999.0000	48699	24931	-9999	2655	2567	-9999	288.8248	5	0.5673	0.5724	-0.0003	33.9784	2.4561	474.9488	401.3213	39.1667	463.4821	95.4167	471.0084	95.0000	474.3262	94.8380	478.5105	94.9537	
07/08/2017	06:49:15	019001	G523010894HLR	L523	S		434.5852	1.0311	3.4336	100.0144	39.4500	0.8230	0.8273	5.0000	17.4015	508.0432	94.9537	16.7726	24.8000	0.9300	0.9416	0.5720	-0.0003	508.0000	507.3414	1.0285	11.3780	99.9783	39.0085	0.8230	0.8213	5.0000	-9999.0000	-9999.0000	-9999.0000	-9999.0000	-9999.0000	-9999.0000	17.4919	7	0	26.9633	1.0000	99	9	-9999.0000	48700	24932	-9999	2656	2568	-9999	288.4583	5	0.5669	0.5720	-0.0003	43.8468	1.8811	468.5978	402.5909	40.0694	456.9987	95.4861	464.3333	95.3241	468.0355	95.2315	471.4800	94.8611	
07/08/2017	06:49:43	019001	G523010895HLR	L523	S		434.5873	1.0311	3.4335	99.9435	39.4000	0.8230	0.8274	5.0000	17.2619	508.0578	94.9769	15.4716	24.8000	0.9300	0.9416	0.5715	-0.0002	508.0000	505.7204	1.0285	11.1704	99.9481	39.0321	0.8230	0.8213	5.0000	-9999.0000	-9999.0000	-9999.0000	-9999.0000	-9999.0000	-9999.0000	17.5724	8	0	27.3333	1.0000	99	9	-9999.0000	48701	24933	-9999	2656	2569	-9999	288.5389	5	0.5669	0.5715	-0.0002	70.5960	0.4551	471.7249	410.9545	40.6481	459.9506	95.2778	467.2304	95.1620	471.2332	95.0231	475.3591	94.9769	
07/08/2017	06:50:08	019001	G523010899HLR	L523	S		438.5123	1.0311	3.2382	99.9730	39.4293	0.8230	0.8276	5.0000	17.2918	508.0428	94.9537	14.3416	24.8000	0.9300	0.9416	0.5715	-0.0002	508.0000	505.9609	1.0285	11.2012	99.9717	39.0333	0.8230	0.8213	5.0000	-9999.0000	-9999.0000	-9999.0000	-9999.0000	-9999.0000	-9999.0000	17.4620	1	0	25.7629	1.0000	99	9	-9999.0000	48702	24934	-9999	2657	2570	-9999	288.6161	5	0.5669	0.5715	-0.0002	70.5960	0.4551	474.9272	408.2267	40.4630	465.2729	95.1389	471.5936	95.1389	474.5024	95.0231	478.7360	94.9769	
07/08/2017	06:50:34	019001	G523010861HLR	L523	S		439.5746	1.0311	3.1853	99.8986	39.4634	0.8230	0.8276	5.0000	17.1915	508.0400	94.9306	14.0417	24.8000	0.9300	0.9417	0.5762	-0.0005	508.0000	507.4253	1.0285	11.3888	99.9637	39.0333	0.8230	0.8212	5.0000	-9999.0000	-9999.0000	-9999.0000	-9999.0000	-9999.0000	-9999.0000	17.3117	2	0	25.5138	1.0000	99	9	-9999.0000	48703	24935	-9999	2658	2571	-9999	289.2330	5	0.5670	0.5762	-0.0005	48.6322	1.6445	474.9884	402.0336	40.6250	464.2579	95.2546	470.1462	95.1620	474.4312	95.0231	478.1954	94.9769	
07/08/2017	06:51:01	019001	G523010890HLR	L523	S		436.2617	1.0311	3.3502	99.9369	39.4505	0.8230	0.8275	5.0000	17.5119	508.0465	94.9537	15.5722	24.9000	0.9300	0.9416	0.5789	-0.0006	508.0000	508.2376	1.0285	11.4928	100.0313	39.0333	0.8230	0.8212	5.0000	-9999.0000	-9999.0000	-9999.0000	-9999.0000	-9999.0000	-9999.0000	17.3820	3	0	27.4029	1.0000	99	9	-9999.0000	48704	24936	-9999	2659	2572	-9999	288.9476	5	0.5676	0.5789	-0.0006	42.1591	2.0023	469.2988	395.3073	39.8843	460.2237	95.2778	464.9215	95.0926	468.7107	95.0000	473.1200	95.0000	
07/08/2017	06:51:26	019001	error reading	L523	S		0.0000	0.0000	0.0000	0.0000	0.0000	0.8230	0.0000	0.0000	0.0000	0.0000	0.0000	0.0000	0.0000	0.9300	0.0000	0.0000	0.0000	0.0000	0.0000	0.0000	0.0000	0.0000	0.0000	0.8230	0.0000	0.0000	0.0000	0.0000	0.0000	0.0000	0.0000	0.0000	0.0000	0	28	27.4029	1.0000	99	9	0.0000	0	0	0	0	0	0	0.0000	0	0.0000	0.0000	0.0000	0.0000	0.0000	0.0000	0.0000	0.0000	0.0000	0.0000	0.0000	0.0000	0.0000	0.0000	0.0000	0.0000	
07/08/2017	06:51:48	019001	G523010865HLR	L523	S		432.7943	1.0311	3.5227	100.0663	39.4500	0.8230	0.8275	5.0000	17.3029	508.0464	94.9306	15.3212	24.8000	0.9300	0.9416	0.5804	-0.0007	508.0000	508.6255	1.0285	11.5425	100.0150	39.0397	0.8230	0.8213	5.0000	-9999.0000	-9999.0000	-9999.0000	-9999.0000	-9999.0000	-9999.0000	17.5120	4	0	46.7555	1.0000	99	9	-9999.0000	48705	24937	-9999	2660	2573	-9999	289.2070	5	0.5683	0.5804	-0.0007	47.2357	1.6398	469.6523	396.8809	40.0231	445.4958	95.4167	455.7994	95.0231	468.9933	94.9306	472.8401	94.9537	
07/08/2017	06:52:17	019001	G523010901HLR	L523	S		441.6421	1.0311	3.0825	99.9542	39.4744	0.8230	0.8274	5.0000	17.5617	508.0344	94.9306	14.3914	24.8000	0.9300	0.9416	0.5804	-0.0007	508.0000	508.9940	1.0285	11.5897	100.0268	39.0591	0.8230	0.8212	5.0000	-9999.0000	-9999.0000	-9999.0000	-9999.0000	-9999.0000	-9999.0000	17.4620	5	0	29.3737	1.0000	99	9	-9999.0000	48706	24938	-9999	2661	2574	-9999	289.6465	5	0.5683	0.5804	-0.0007	47.2357	1.6398	472.2679	404.7736	38.2407	464.6012	95.4861	468.5595	95.0000	471.5287	94.9306	475.7322	94.9537	
07/08/2017	06:52:46	019001	G523010876HLR	L523	S		432.0987	1.0311	3.5573	99.9535	39.4778	0.8230	0.8275	5.0000	17.3018	508.0625	94.8843	13.1510	24.8000	0.9300	0.9416	0.5796	-0.0007	508.0000	508.0960	1.0285	11.4747	99.9853	38.9517	0.8230	0.8207	5.0000	-9999.0000	-9999.0000	-9999.0000	-9999.0000	-9999.0000	-9999.0000	17.7629	6	0	28.8531	1.0000	99	9	-9999.0000	48707	24939	-9999	2662	2575	-9999	290.0440	5	0.5686	0.5796	-0.0007	44.4280	1.7761	476.7378	404.0686	40.8102	466.1709	95.1157	472.7704	95.0000	476.0997	94.9306	480.3131	94.9769	
07/08/2017	06:53:14	019001	G523010879HLR	L523	S		434.4961	1.0311	3.4380	100.0458	39.4675	0.8230	0.8275	5.0000	17.3322	508.0446	94.9537	16.0117	24.9000	0.9300	0.9417	0.5795	-0.0007	508.0000	506.5532	1.0285	11.2771	99.9420	38.9667	0.8230	0.8213	5.0000	-9999.0000	-9999.0000	-9999.0000	-9999.0000	-9999.0000	-9999.0000	17.4222	7	0	27.2533	1.0000	99	9	-9999.0000	48708	24940	-9999	2663	2576	-9999	288.9907	5	0.5687	0.5795	-0.0007	46.1908	1.6337	467.3009	399.2892	40.7639	457.5658	95.2778	462.9391	95.1620	466.7294	95.0926	471.0792	94.9537	
07/08/2017	06:53:39	019001	G523010888HLR	L523	S		435.1747	1.0311	3.4042	100.0316	39.4679	0.8230	0.8275	5.0000	17.0919	508.0436	94.9769	15.7519	24.8000	0.9300	0.9416	0.5791	-0.0007	508.0000	507.0627	1.0285	11.3423	99.9635	39.0333	0.8230	0.8214	5.0000	-9999.0000	-9999.0000	-9999.0000	-9999.0000	-9999.0000	-9999.0000	17.4625	8	0	25.5236	1.0000	99	9	-9999.0000	48709	24941	-9999	2664	2577	-9999	289.1021	5	0.5690	0.5791	-0.0007	41.2211	1.9587	467.3082	396.9805	39.8148	457.4186	95.1620	462.1021	94.6296	466.8971	94.5833	470.7209	94.8843	
07/08/2017	06:54:04	019001	G523010883HLR	L523	S		433.6092	1.0311	3.4821	99.9708	39.5000	0.8230	0.8275	5.0000	17.1515	508.0663	94.9769	17.9621	24.9000	0.9300	0.9418	0.5774	-0.0005	508.0000	508.0738	1.0285	11.4718	100.0260	39.0667	0.8230	0.8213	5.0000	-9999.0000	-9999.0000	-9999.0000	-9999.0000	-9999.0000	-9999.0000	17.5717	1	0	24.9425	1.0000	99	9	-9999.0000	48710	24941	-9999	2664	2578	-9999	288.3280	5	0.5694	0.5774	-0.0005	30.9401	2.6813	461.5561	389.7831	40.7407	453.7747	95.5324	456.8062	95.3009	461.0174	95.1852	464.9628	94.9537	
07/08/2017	06:54:30	019001	G523010875HLR	L523	S		436.9551	1.0311	3.3157	100.0398	39.4683	0.8230	0.8271	5.0000	17.2119	508.0448	94.9769	16.8224	24.8000	0.9300	0.9416	0.5762	-0.0004	508.0000	509.3808	1.0285	11.6393	99.9669	39.0595	0.8230	0.8212	5.0000	-9999.0000	-9999.0000	-9999.0000	-9999.0000	-9999.0000	-9999.0000	17.5117	2	0	25.6936	1.0000	99	9	-9999.0000	48711	24942	-9999	2665	2579	-9999	288.8455	5	0.5696	0.5762	-0.0004	56.0609	1.0069	467.8375	405.0092	39.1898	459.0618	95.3009	463.8280	95.0694	467.3623	94.9537	471.5104	95.0231	
07/08/2017	06:54:55	019001	G523010873HLR	L523	S		437.2804	1.0311	3.2995	99.9547	39.4000	0.8230	0.8273	5.0000	17.1319	508.0773	94.9306	15.8720	24.8000	0.9300	0.9415	0.5757	-0.0004	508.0000	510.6328	1.0285	11.7997	99.9496	39.0667	0.8230	0.8210	5.0000	-9999.0000	-9999.0000	-9999.0000	-9999.0000	-9999.0000	-9999.0000	19.3324	3	0	25.2033	1.0000	99	9	-9999.0000	48712	24943	-9999	2666	2580	-9999	289.2395	5	0.5697	0.5757	-0.0004	34.7170	2.3286	469.5628	397.9955	39.5139	458.6699	95.3704	466.4936	95.0000	469.1906	94.8380	472.9608	94.9306	
07/08/2017	06:55:20	019001	G523010892HLR	L523	S		443.8458	1.0311	2.9728	99.8796	39.4292	0.8230	0.8276	5.0000	17.3917	508.0555	94.9074	13.1422	24.8000	0.9300	0.9415	0.5757	-0.0004	508.0000	511.2261	1.0285	11.8757	99.9963	39.0844	0.8230	0.8213	5.0000	-9999.0000	-9999.0000	-9999.0000	-9999.0000	-9999.0000	-9999.0000	17.3528	4	0	25.5334	1.0000	99	9	-9999.0000	48713	24944	-9999	2667	2581	-9999	289.8808	5	0.5697	0.5757	-0.0004	34.7170	2.3286	478.8930	397.5475	38.3333	467.1594	95.4630	474.3802	95.0463	478.4063	94.9074	482.3789	94.9537	
07/08/2017	06:55:48	019001	G523010871HLR	L523	S		445.2299	1.0311	2.9040	99.9796	39.5000	0.8230	0.8276	5.0000	17.4416	508.0648	94.9074	12.6617	24.8000	0.9300	0.9416	0.5778	-0.0005	508.0000	508.8705	1.0285	11.5739	99.9693	39.0958	0.8230	0.8211	5.0000	-9999.0000	-9999.0000	-9999.0000	-9999.0000	-9999.0000	-9999.0000	17.6319	5	0	27.4124	1.0000	99	9	-9999.0000	48714	24945	-9999	2668	2582	-9999	290.1403	5	0.5696	0.5778	-0.0005	40.2359	1.9722	479.9885	390.2565	37.6389	467.4292	95.3935	475.2077	95.2778	479.3748	95.1620	482.9137	94.9306	
07/08/2017	06:56:13	019001	G523010860HLR	L523	S		443.2211	1.0311	3.0039	100.0863	39.5000	0.8230	0.8275	5.0000	17.1719	508.0751	94.9769	13.6921	24.8000	0.9300	0.9416	0.5798	-0.0007	508.0000	509.4208	1.0285	11.6444	99.9664	39.0667	0.8230	0.8211	5.0000	-9999.0000	-9999.0000	-9999.0000	-9999.0000	-9999.0000	-9999.0000	17.5918	6	0	25.5832	1.0000	99	9	-9999.0000	48715	24946	-9999	2669	2583	-9999	289.8167	5	0.5693	0.5798	-0.0007	41.8056	1.8619	474.0963	389.9743	38.2176	450.2335	95.6481	469.8793	95.1389	473.4649	95.0463	478.0674	94.9769	
07/08/2017	06:56:39	019001	G523010882HLR	L523	S		441.4011	1.0311	3.0945	99.9876	39.5000	0.8230	0.8274	5.0000	17.2822	508.0725	94.9306	13.8415	24.8000	0.9300	0.9417	0.5797	-0.0007	508.0000	508.0964	1.0285	11.4747	100.0317	39.0667	0.8230	0.8211	5.0000	-9999.0000	-9999.0000	-9999.0000	-9999.0000	-9999.0000	-9999.0000	17.5918	7	0	25.9934	1.0000	99	9	-9999.0000	48716	24947	-9999	2670	2584	-9999	289.6757	5	0.5689	0.5797	-0.0007	45.0707	1.6858	473.9401	394.2084	39.6759	462.5450	95.4167	469.2503	95.2315	473.4190	95.1157	477.5526	94.9306	
07/08/2017	06:57:05	019001	G523010701HLR	L523	S		441.5166	1.0311	3.0887	99.9851	39.4684	0.8230	0.8273	5.0000	17.2725	508.0647	94.9074	12.6910	24.8000	0.9300	0.9417	0.5742	-0.0004	508.0000	507.6408	1.0285	11.4164	99.9654	39.0641	0.8230	0.8211	5.0000	-9999.0000	-9999.0000	-9999.0000	-9999.0000	-9999.0000	-9999.0000	17.6212	8	0	25.6027	1.0000	99	9	-9999.0000	48717	24948	-9999	2671	2585	-9999	289.4298	5	0.5686	0.5742	-0.0004	47.0307	1.5627	479.7657	374.9336	38.2639	464.9081	95.4861	474.8742	95.1157	479.1456	95.0231	483.4402	94.9537	
07/08/2017	06:57:32	019001	G523010700HLR	L523	S		437.0041	1.0311	3.3132	100.0113	39.4504	0.8230	0.8274	5.0000	17.0919	508.0491	94.9306	16.0420	24.8000	0.9300	0.9417	0.5747	-0.0004	508.0000	509.3150	1.0285	11.6309	99.9639	39.0667	0.8230	0.8211	5.0000	-9999.0000	-9999.0000	-9999.0000	-9999.0000	-9999.0000	-9999.0000	17.5822	1	0	26.8939	1.0000	99	9	-9999.0000	48718	24949	-9999	2671	2586	-9999	288.8165	5	0.5688	0.5747	-0.0004	39.4089	2.0065	470.6766	387.2037	37.2685	459.8915	95.7176	466.5391	95.2546	470.2025	95.1620	473.9272	94.9074	
07/08/2017	06:58:00	019001	G523010674HLR	L523	S		442.5505	1.0311	3.0373	99.9558	39.4968	0.8230	0.8275	5.0000	17.2217	508.0690	94.8843	11.9722	24.8000	0.9300	0.9417	0.5747	-0.0004	508.0000	507.1921	1.0285	11.3589	100.0138	39.0688	0.8230	0.8212	5.0000	-9999.0000	-9999.0000	-9999.0000	-9999.0000	-9999.0000	-9999.0000	17.5022	2	0	28.4029	1.0000	99	9	-9999.0000	48719	24950	-9999	2672	2587	-9999	289.6371	5	0.5688	0.5747	-0.0004	39.4089	2.0065	482.1649	401.9368	39.3287	470.0437	95.2546	477.5305	95.0000	481.6698	94.8380	485.5241	94.9537	
07/08/2017	06:58:25	019001	G523010667HLR	L523	S		439.8211	1.0311	3.1731	100.0619	39.5000	0.8230	0.8274	5.0000	17.3017	508.1013	94.9537	14.6219	24.8000	0.9300	0.9417	0.5754	-0.0004	508.0000	507.9527	1.0285	11.4563	99.9307	39.0890	0.8230	0.8211	5.0000	-9999.0000	-9999.0000	-9999.0000	-9999.0000	-9999.0000	-9999.0000	17.5618	3	0	24.9835	1.0000	99	9	-9999.0000	48720	24951	-9999	2673	2588	-9999	289.2053	5	0.5689	0.5754	-0.0004	39.4707	2.0060	474.6204	401.7404	40.5324	468.4024	95.3241	470.6208	95.1389	474.1022	95.0926	477.7901	94.9769	
07/08/2017	06:58:51	019001	G523010665HLR	L523	S		441.5221	1.0311	3.0885	99.9689	39.4800	0.8230	0.8273	5.0000	17.4815	508.0412	94.9074	12.2212	24.8000	0.9300	0.9417	0.5748	-0.0004	508.0000	506.9181	1.0285	11.3238	100.0398	39.0667	0.8230	0.8210	5.0000	-9999.0000	-9999.0000	-9999.0000	-9999.0000	-9999.0000	-9999.0000	17.5020	4	0	25.6537	1.0000	99	9	-9999.0000	48721	24952	-9999	2674	2589	-9999	289.5761	5	0.5688	0.5748	-0.0004	41.0608	1.9080	480.8468	395.3855	38.0093	468.0832	95.4167	475.9491	95.0463	480.2838	94.9769	484.5740	94.9537	
07/08/2017	06:59:18	019001	G523010686HLR	L523	S		437.1905	1.0311	3.3040	99.9647	39.4644	0.8230	0.8274	5.0000	17.2315	508.0542	94.9306	15.4423	24.9000	0.9300	0.9418	0.5788	-0.0007	508.0000	507.8524	1.0285	11.4435	100.0313	39.0667	0.8230	0.8211	5.0000	-9999.0000	-9999.0000	-9999.0000	-9999.0000	-9999.0000	-9999.0000	17.5020	5	0	26.6622	1.0000	99	9	-9999.0000	48722	24953	-9999	2675	2590	-9999	288.7260	5	0.5686	0.5788	-0.0007	42.2873	1.8242	471.2946	402.2069	40.7407	465.9658	95.3472	466.5298	95.2083	470.8412	95.1157	474.5024	94.9537	
07/08/2017	06:59:44	019001	G523010684HLR	L523	S		437.8064	1.0311	3.2733	99.9949	39.5000	0.8230	0.8274	5.0000	17.4415	508.0441	94.9537	16.3018	24.8000	0.9300	0.9418	0.5815	-0.0009	508.0000	509.3303	1.0285	11.6328	99.9565	39.0899	0.8230	0.8212	5.0000	-9999.0000	-9999.0000	-9999.0000	-9999.0000	-9999.0000	-9999.0000	17.5119	6	0	26.0940	1.0000	99	9	-9999.0000	48723	24954	-9999	2676	2591	-9999	288.3125	5	0.5688	0.5815	-0.0009	40.7883	1.9284	468.2692	388.9412	40.4398	460.8397	95.3704	465.8776	95.1852	467.9263	95.0926	471.4495	94.9306	
07/08/2017	07:00:09	019001	G523010685HLR	L523	S		438.2951	1.0311	3.2490	99.9597	39.5000	0.8230	0.8274	5.0000	17.5020	508.0883	94.9074	12.9313	24.8000	0.9300	0.9417	0.5815	-0.0009	508.0000	507.3272	1.0285	11.3762	99.9821	39.1000	0.8230	0.8211	5.0000	-9999.0000	-9999.0000	-9999.0000	-9999.0000	-9999.0000	-9999.0000	17.5614	7	0	25.5129	1.0000	99	9	-9999.0000	48724	24955	-9999	2677	2592	-9999	289.6863	5	0.5688	0.5815	-0.0009	40.7883	1.9284	474.7919	399.5759	38.7731	463.0454	95.4630	469.2964	95.0463	474.0450	94.9537	478.3363	94.9769	
07/08/2017	07:00:35	019001	G523010696HLR	L523	S		439.5796	1.0311	3.1851	99.9822	39.5000	0.8230	0.8274	5.0000	17.0616	508.0474	94.8843	13.0113	24.9000	0.9300	0.9418	0.5834	-0.0010	508.0000	507.8886	1.0285	11.4481	99.9375	39.0780	0.8230	0.8211	5.0000	-9999.0000	-9999.0000	-9999.0000	-9999.0000	-9999.0000	-9999.0000	17.4415	8	0	25.7131	1.0000	99	9	-9999.0000	48725	24956	-9999	2678	2593	-9999	289.6835	5	0.5692	0.5834	-0.0010	40.1335	1.9918	474.7199	390.1158	39.0278	466.8139	95.4398	469.2833	95.1157	474.1047	95.0694	478.4573	94.9537	
07/08/2017	07:01:03	019001	G523010695HLR	L523	S		436.2296	1.0311	3.3518	99.9769	39.4564	0.8230	0.8273	5.0000	17.5420	508.0526	94.9306	15.2724	24.9000	0.9300	0.9418	0.5807	-0.0008	508.0000	506.6235	1.0285	11.2861	99.9757	39.0868	0.8230	0.8211	5.0000	-9999.0000	-9999.0000	-9999.0000	-9999.0000	-9999.0000	-9999.0000	17.3418	1	0	27.6334	1.0000	99	9	-9999.0000	48726	24957	-9999	2679	2593	-9999	288.7365	5	0.5694	0.5807	-0.0008	43.0159	1.7703	468.1438	397.9218	38.3565	459.6739	95.6713	463.4239	95.2083	467.5903	95.1620	471.9122	94.8843	
07/08/2017	07:01:28	019001	G523010668HLR	L523	S		441.0712	1.0311	3.1109	100.0679	39.5000	0.8230	0.8273	5.0000	17.9425	508.0501	94.9306	13.9411	24.9000	0.9300	0.9418	0.5828	-0.0010	508.0000	507.7404	1.0285	11.4291	99.9417	39.1000	0.8230	0.8211	5.0000	-9999.0000	-9999.0000	-9999.0000	-9999.0000	-9999.0000	-9999.0000	17.5422	2	0	25.6926	1.0000	99	9	-9999.0000	48727	24958	-9999	2680	2594	-9999	289.2569	5	0.5693	0.5828	-0.0010	42.6805	1.7828	471.5532	395.0832	39.8611	461.3178	95.1620	466.6082	94.8380	470.9697	94.7454	475.1723	94.9306	
07/08/2017	07:01:53	019001	G523010687HLR	L523	S		441.7662	1.0311	3.0763	99.9052	39.5153	0.8230	0.8274	5.0000	17.3514	508.0640	94.9537	14.1511	24.9000	0.9300	0.9418	0.5838	-0.0010	508.0000	507.9227	1.0285	11.4525	100.0108	39.1000	0.8230	0.8211	5.0000	-9999.0000	-9999.0000	-9999.0000	-9999.0000	-9999.0000	-9999.0000	17.5820	3	0	24.9639	1.0000	99	9	-9999.0000	48728	24959	-9999	2681	2595	-9999	289.2273	5	0.5694	0.5838	-0.0010	45.2503	1.6211	467.9301	400.9577	39.0741	458.1467	95.0463	461.2580	95.2315	467.1580	95.0926	472.6711	94.9537	
07/08/2017	07:02:19	019001	G523010706HLR	L523	S		442.0773	1.0311	3.0608	99.9136	39.5388	0.8230	0.8273	5.0000	17.5421	508.0853	94.9074	11.9809	24.9000	0.9300	0.9418	0.5839	-0.0010	508.0000	507.8540	1.0285	11.4437	100.0265	39.0989	0.8230	0.8211	5.0000	-9999.0000	-9999.0000	-9999.0000	-9999.0000	-9999.0000	-9999.0000	17.5518	4	0	25.6222	1.0000	99	9	-9999.0000	48729	24960	-9999	2682	2596	-9999	290.4169	5	0.5695	0.5839	-0.0010	47.0771	1.5172	478.1681	400.5476	39.8611	465.6170	95.1852	472.5010	95.0926	477.6101	95.0231	482.2155	94.9769	
07/08/2017	07:02:45	019001	G523010699HLR	L523	S		440.3274	1.0311	3.1479	99.9808	39.5000	0.8230	0.8272	5.0000	17.9622	508.0525	95.0463	12.7418	24.9000	0.9300	0.9417	0.5827	-0.0009	508.0000	507.2889	1.0285	11.3713	99.9585	39.1000	0.8230	0.8211	5.0000	-9999.0000	-9999.0000	-9999.0000	-9999.0000	-9999.0000	-9999.0000	17.4717	5	0	25.7335	1.0000	99	9	-9999.0000	48729	24961	-9999	2683	2597	-9999	289.9792	5	0.5695	0.5827	-0.0009	46.3823	1.5694	476.5559	400.0875	41.1111	466.3172	95.2083	471.2327	95.1620	475.9561	95.1157	480.0873	94.9074	
07/08/2017	07:03:10	019001	G523010689HLR	L523	S		440.8205	1.0311	3.1234	99.9736	39.5000	0.8230	0.8274	5.0000	17.1017	508.0538	94.8843	13.1725	24.9000	0.9300	0.9417	0.5833	-0.0010	508.0000	508.2319	1.0285	11.4921	100.0010	39.1000	0.8230	0.8211	5.0000	-9999.0000	-9999.0000	-9999.0000	-9999.0000	-9999.0000	-9999.0000	17.5520	6	0	25.7834	1.0000	99	9	-9999.0000	48730	24962	-9999	2684	2598	-9999	289.8145	5	0.5694	0.5833	-0.0010	47.8378	1.4696	474.2781	396.5794	40.7639	466.6962	95.0463	469.6529	94.8380	473.6384	94.7917	477.5210	94.9306	
07/08/2017	07:03:35	019001	G523010678HLR	L523	S		441.9637	1.0311	3.0665	99.9492	39.5500	0.8230	0.8273	5.0000	17.3624	508.0356	94.8843	12.5416	24.9000	0.9300	0.9417	0.5807	-0.0008	508.0000	508.2798	1.0285	11.4982	99.9757	39.1000	0.8230	0.8210	5.0000	-9999.0000	-9999.0000	-9999.0000	-9999.0000	-9999.0000	-9999.0000	17.4219	7	0	24.8429	1.0000	99	9	-9999.0000	48731	24963	-9999	2685	2599	-9999	290.0559	5	0.5697	0.5807	-0.0008	48.6164	1.3888	478.5417	395.7548	39.1667	470.5746	95.3472	474.3754	95.0000	478.0394	94.9306	482.0429	94.9306	
07/08/2017	07:04:01	019001	G523010815HLR	L523	S		440.6107	1.0311	3.1338	99.9678	39.5000	0.8230	0.8273	5.0000	17.2119	508.0603	94.8843	12.6011	24.9000	0.9300	0.9417	0.5824	-0.0009	508.0000	507.4672	1.0285	11.3941	99.9662	39.1000	0.8230	0.8210	5.0000	-9999.0000	-9999.0000	-9999.0000	-9999.0000	-9999.0000	-9999.0000	17.5919	8	0	26.1233	1.0000	99	9	-9999.0000	48732	24964	-9999	2686	2600	-9999	290.1611	5	0.5698	0.5824	-0.0009	51.0516	1.2266	476.8162	389.9841	38.2407	464.9018	95.6019	471.1822	95.1389	476.1909	95.0694	480.6793	94.9306	
07/08/2017	07:04:28	019001	G523010859HLR	L523	S		441.8445	1.0311	3.0724	99.9862	39.5000	0.8230	0.8273	5.0000	17.7521	508.0736	94.9306	14.3816	24.9000	0.9300	0.9417	0.5833	-0.0010	508.0000	508.3721	1.0285	11.5101	100.0024	39.1000	0.8230	0.8211	5.0000	-9999.0000	-9999.0000	-9999.0000	-9999.0000	-9999.0000	-9999.0000	17.5627	1	0	26.9524	1.0000	99	9	-9999.0000	48733	24965	-9999	2687	2601	-9999	289.3472	5	0.5700	0.5833	-0.0010	50.3670	1.2924	470.7459	396.3547	39.3750	463.3683	95.3241	466.6705	94.9769	470.1133	94.9074	474.5547	94.9769	
07/08/2017	07:04:54	019001	G523010857HLR	L523	S		438.7786	1.0311	3.2249	100.0108	39.5000	0.8230	0.8274	5.0000	17.3225	508.0606	94.8843	13.3414	24.9000	0.9300	0.9416	0.5856	-0.0011	508.0000	507.6195	1.0285	11.4137	99.9537	39.1000	0.8230	0.8210	5.0000	-9999.0000	-9999.0000	-9999.0000	-9999.0000	-9999.0000	-9999.0000	17.6026	2	0	25.6232	1.0000	99	9	-9999.0000	48734	24966	-9999	2688	2602	-9999	289.8394	5	0.5699	0.5856	-0.0011	49.6782	1.3510	472.5294	397.2111	38.6111	460.9889	95.4398	467.0778	95.0926	471.9593	95.0231	476.8430	94.9537	
07/08/2017	07:05:22	019001	G523010848HLR	L523	S		441.1344	1.0311	3.1077	99.9795	39.5083	0.8230	0.8274	5.0000	17.1526	508.0800	94.9074	12.8219	24.9000	0.9300	0.9416	0.5877	-0.0013	508.0000	508.2373	1.0285	11.4928	99.9932	39.1000	0.8230	0.8210	5.0000	-9999.0000	-9999.0000	-9999.0000	-9999.0000	-9999.0000	-9999.0000	17.4523	3	0	28.2136	1.0000	99	9	-9999.0000	48735	24967	-9999	2689	2603	-9999	290.0981	5	0.5701	0.5877	-0.0013	49.6074	1.3523	472.9451	392.4596	38.6343	459.2530	95.4630	467.7604	95.1389	472.2913	95.0694	477.1144	94.9306	
07/08/2017	07:05:48	019001	G523010817HLR	L523	S		440.9821	1.0311	3.1153	99.9490	39.5293	0.8230	0.8274	5.0000	17.1525	508.0842	94.9074	13.9314	24.9000	0.9300	0.9416	0.5859	-0.0012	508.0000	507.5863	1.0285	11.4094	100.0108	39.1000	0.8230	0.8211	5.0000	-9999.0000	-9999.0000	-9999.0000	-9999.0000	-9999.0000	-9999.0000	17.6417	4	0	25.7737	1.0000	99	9	-9999.0000	48735	24968	-9999	2690	2604	-9999	289.4782	5	0.5707	0.5859	-0.0012	55.9273	0.8652	470.6031	394.5989	40.6481	460.9902	95.3241	465.5901	95.2083	469.9572	95.1852	474.2525	94.9074	
07/08/2017	07:06:13	019001	G523010837HLR	L523	S		435.4210	1.0311	3.3920	99.9117	39.5000	0.8230	0.8273	5.0000	17.3321	508.0485	94.9306	15.5722	24.9000	0.9300	0.9416	0.5822	-0.0009	508.0000	506.8879	1.0285	11.3199	99.9740	39.1000	0.8230	0.8210	5.0000	-9999.0000	-9999.0000	-9999.0000	-9999.0000	-9999.0000	-9999.0000	17.5021	5	0	25.0731	1.0000	99	9	-9999.0000	48736	24969	-9999	2691	2605	-9999	288.5082	5	0.5705	0.5822	-0.0009	65.6050	0.0842	463.8491	394.6627	40.5324	452.9449	95.2546	458.3735	95.0463	463.2147	94.9306	467.4169	94.9769	
07/08/2017	07:06:39	019001	G523010836HLR	L523	S		440.3091	1.0311	3.1488	99.9531	39.5000	0.8230	0.8274	5.0000	17.0519	508.0793	94.8843	13.2614	24.9000	0.9300	0.9416	0.5822	-0.0009	508.0000	507.8545	1.0285	11.4438	100.0042	39.1000	0.8230	0.8211	5.0000	-9999.0000	-9999.0000	-9999.0000	-9999.0000	-9999.0000	-9999.0000	17.5422	6	0	25.8831	1.0000	99	9	-9999.0000	48737	24970	-9999	2692	2606	-9999	289.9763	5	0.5705	0.5822	-0.0009	65.6050	0.0842	475.2262	397.8609	38.4491	466.0168	95.4167	469.8382	95.0926	474.6711	95.0463	478.7418	94.9537	
07/08/2017	07:07:04	019001	G523010839HLR	L523	S		439.0022	1.0311	3.2138	99.9937	39.5000	0.8230	0.8273	5.0000	17.4719	508.0616	94.9306	14.6219	24.9000	0.9300	0.9416	0.5857	-0.0011	508.0000	507.1543	1.0285	11.3541	99.9892	39.1000	0.8230	0.8211	5.0000	-9999.0000	-9999.0000	-9999.0000	-9999.0000	-9999.0000	-9999.0000	17.4318	7	0	24.9326	1.0000	99	9	-9999.0000	48738	24971	-9999	2693	2607	-9999	289.0932	5	0.5706	0.5857	-0.0011	66.5909	0.0089	468.5162	393.1833	41.1806	459.0786	95.0000	463.2610	95.2546	467.7819	95.2083	472.3123	94.8611	
07/08/2017	07:07:33	019001	G523010854HLR	L523	S		440.4393	1.0311	3.1423	99.9580	39.5000	0.8230	0.8274	5.0000	17.2120	508.0634	94.8843	13.6315	24.9000	0.9300	0.9416	0.5846	-0.0011	508.0000	508.7470	1.0285	11.5581	100.0185	39.1000	0.8230	0.8211	5.0000	-9999.0000	-9999.0000	-9999.0000	-9999.0000	-9999.0000	-9999.0000	17.6221	8	0	29.2733	1.0000	99	9	-9999.0000	48739	24972	-9999	2694	2608	-9999	289.7265	5	0.5707	0.5846	-0.0011	66.7301	-0.0022	472.4129	402.1216	39.1898	462.3444	95.3704	467.4598	95.0926	471.8820	95.0463	476.4458	94.9074	
07/08/2017	07:07:59	019001	G523010844HLR	L523	S		439.2076	1.0311	3.2036	99.9390	39.5096	0.8230	0.8272	5.0000	17.9923	508.0738	94.9306	13.7116	24.9000	0.9300	0.9416	0.5813	-0.0008	508.0000	508.5536	1.0285	11.5333	99.9945	39.1000	0.8230	0.8211	5.0000	-9999.0000	-9999.0000	-9999.0000	-9999.0000	-9999.0000	-9999.0000	17.4923	1	0	26.4932	1.0000	99	9	-9999.0000	48740	24973	-9999	2695	2609	-9999	289.8160	5	0.5707	0.5813	-0.0008	63.5734	0.2524	473.7875	395.5800	40.8333	460.1958	95.2546	469.0959	95.0231	473.1304	94.9769	477.4608	94.9537	
07/08/2017	07:08:25	019001	G523010842HLR	L523	Q		442.5593	1.0311	3.0369	99.9459	39.5000	0.8230	0.8273	5.0000	17.1319	508.0488	94.8843	13.7116	24.8000	0.9300	0.9416	0.5811	-0.0008	508.0000	509.1550	1.0285	11.6104	99.9803	39.1000	0.8230	0.8209	5.0000	-9999.0000	-9999.0000	-9999.0000	-9999.0000	-9999.0000	-9999.0000	17.5422	2	0	25.6330	1.0000	99	9	-9999.0000	48741	24974	-9999	2696	2610	-9999	289.8093	5	0.5706	0.5811	-0.0008	46.2700	1.6166	473.5115	396.5421	40.9954	465.2087	95.0694	469.0960	94.8380	473.0429	94.8148	477.0800	94.9306	
07/08/2017	07:08:53	019001	G523009382HLR	L523	S		437.1837	1.0311	3.3043	99.9288	39.5000	0.8230	0.8274	5.0000	17.3019	508.0418	94.8843	13.1119	24.8000	0.9300	0.9416	0.5794	-0.0007	508.0000	508.1413	1.0285	11.4805	99.9682	39.0951	0.8230	0.8210	5.0000	-9999.0000	-9999.0000	-9999.0000	-9999.0000	-9999.0000	-9999.0000	17.5528	3	0	27.6940	1.0000	99	9	-9999.0000	48742	24975	-9999	2697	2611	-9999	290.0118	5	0.5704	0.5794	-0.0007	63.8936	0.2494	476.7006	396.6390	40.3472	464.2839	95.2083	471.5526	95.0694	475.9912	95.0463	480.1142	94.9769	
07/08/2017	07:09:20	019001	G523010834HLR	L523	S		423.5185	1.0311	3.9842	100.0392	39.5086	0.8230	0.8274	5.0000	17.3723	508.0642	94.9769	17.1623	24.9000	0.9300	0.9416	0.5811	-0.0008	508.0000	507.8196	1.0285	11.4393	99.9697	39.1000	0.8230	0.8210	5.0000	-9999.0000	-9999.0000	-9999.0000	-9999.0000	-9999.0000	-9999.0000	17.5919	4	0	26.8732	1.0000	99	9	-9999.0000	48743	24976	-9999	2698	2612	-9999	288.6022	5	0.5703	0.5811	-0.0008	54.9028	0.9555	463.7094	396.5158	39.4907	454.6410	95.3935	459.7645	94.9306	463.1874	94.8843	466.7812	94.9306	
07/08/2017	07:09:45	019001	G523010852HLR	L523	S		440.8389	1.0311	3.1224	99.9860	39.5230	0.8230	0.8273	5.0000	17.0821	508.0459	94.9074	15.1620	24.8000	0.9300	0.9416	0.5811	-0.0008	508.0000	509.6552	1.0285	11.6744	100.1048	39.1000	0.8230	0.8210	5.0000	-9999.0000	-9999.0000	-9999.0000	-9999.0000	-9999.0000	-9999.0000	17.5627	5	0	24.8527	1.0000	99	9	-9999.0000	48744	24977	-9999	2699	2613	-9999	289.2125	5	0.5703	0.5811	-0.0008	54.9028	0.9555	468.8503	397.3110	40.9954	459.3837	95.1157	464.7188	95.0231	468.2413	94.9306	472.2526	95.0000	
07/08/2017	07:10:12	019001	G523010833HLR	L523	Q		430.0459	1.0311	3.6594	100.0540	39.5500	0.8230	0.8273	5.0000	17.2216	508.0283	94.9074	12.5416	24.8000	0.9300	0.9416	0.5787	-0.0006	508.0000	507.6575	1.0285	11.4185	99.9526	39.1000	0.8230	0.8210	5.0000	-9999.0000	-9999.0000	-9999.0000	-9999.0000	-9999.0000	-9999.0000	17.4718	6	0	27.8637	1.0000	99	9	-9999.0000	48745	24978	-9999	2700	2614	-9999	290.0437	5	0.5700	0.5787	-0.0006	54.4353	0.9786	478.6737	397.8437	38.7037	466.2316	95.3241	473.9660	94.9769	478.1532	94.8611	482.7353	94.9537	
07/08/2017	07:10:39	019001	G523010812HLR	L523	S		435.2569	1.0311	3.4002	100.0406	39.5000	0.8230	0.8272	5.0000	17.3429	508.0488	94.9537	16.3624	24.9000	0.9300	0.9417	0.5780	-0.0006	508.0000	507.7336	1.0285	11.4283	99.9528	39.1000	0.8230	0.8210	5.0000	-9999.0000	-9999.0000	-9999.0000	-9999.0000	-9999.0000	-9999.0000	17.5421	7	0	26.3234	1.0000	99	9	-9999.0000	48746	24979	-9999	2701	2615	-9999	288.9372	5	0.5699	0.5780	-0.0006	54.9258	0.9744	466.7916	397.7094	38.2176	457.7476	95.6481	462.4937	95.1620	466.1271	95.0926	470.2655	95.0000	
07/08/2017	07:11:06	019001	G523010811HLR	L523	S		439.6303	1.0311	3.1826	100.0118	39.4713	0.8230	0.8273	5.0000	17.1719	508.0531	94.9306	14.7313	24.8000	0.9300	0.9417	0.5780	-0.0006	508.0000	508.6697	1.0285	11.5482	100.0891	39.1000	0.8230	0.8210	5.0000	-9999.0000	-9999.0000	-9999.0000	-9999.0000	-9999.0000	-9999.0000	17.4521	8	0	27.7827	1.0000	99	9	-9999.0000	48747	24980	-9999	2702	2616	-9999	289.4740	5	0.5699	0.5780	-0.0006	54.9258	0.9744	471.6859	402.3713	40.3935	459.9159	95.1389	466.6789	95.1157	471.1443	95.0694	475.2100	94.9769	
07/08/2017	07:11:32	019001	G523010851HLR	L523	S		441.4403	1.0311	3.0925	99.9793	39.5150	0.8230	0.8274	5.0000	17.1330	508.0584	94.9074	12.6314	24.9000	0.9300	0.9417	0.5774	-0.0005	508.0000	511.4793	1.0285	11.9081	99.9723	39.1000	0.8230	0.8210	5.0000	-9999.0000	-9999.0000	-9999.0000	-9999.0000	-9999.0000	-9999.0000	17.6016	1	0	25.8734	1.0000	99	9	-9999.0000	48748	24981	-9999	2703	2617	-9999	289.9766	5	0.5696	0.5774	-0.0005	58.7143	0.7012	480.3642	406.7959	38.6111	469.2019	95.3704	476.2551	95.1389	479.9227	95.0694	483.4005	94.9769	
07/08/2017	07:12:00	019001	G523010841HLR	L523	S		436.5726	1.0311	3.3347	99.9921	39.5500	0.8230	0.8274	5.0000	17.1220	508.0281	94.9769	15.7324	24.9000	0.9300	0.9417	0.5778	-0.0006	508.0000	507.5345	1.0285	11.4028	100.0307	39.1000	0.8230	0.8210	5.0000	-9999.0000	-9999.0000	-9999.0000	-9999.0000	-9999.0000	-9999.0000	17.5020	2	0	27.6830	1.0000	99	9	-9999.0000	48749	24982	-9999	2704	2618	-9999	289.0582	5	0.5697	0.5778	-0.0006	55.8147	0.9281	468.2278	397.2523	38.8194	457.5940	95.3009	463.5555	94.8611	467.6349	94.8611	471.6824	94.9306	
07/08/2017	07:12:28	019001	G523010840HLR	L523	S		441.3021	1.0311	3.0994	99.9727	39.5000	0.8230	0.8273	5.0000	17.0822	508.0636	94.9306	14.8924	24.9000	0.9300	0.9417	0.5778	-0.0006	508.0000	509.1486	1.0285	11.6095	99.9643	39.1000	0.8230	0.8210	5.0000	-9999.0000	-9999.0000	-9999.0000	-9999.0000	-9999.0000	-9999.0000	17.5119	3	0	28.1438	1.0000	99	9	-9999.0000	48750	24983	-9999	2705	2619	-9999	289.3743	5	0.5697	0.5778	-0.0006	55.8147	0.9281	473.5781	402.2790	40.2778	464.1138	95.2778	469.3758	95.0231	472.9488	94.9074	477.1181	94.9306	
07/08/2017	07:12:55	019001	G523010820HLR	L523	S		437.9224	1.0311	3.2675	100.0011	39.5000	0.8230	0.8273	5.0000	17.1624	508.0403	94.9306	15.6718	24.9000	0.9300	0.9417	0.5766	-0.0005	508.0000	508.7009	1.0285	11.5522	100.0042	39.1000	0.8230	0.8210	5.0000	-9999.0000	-9999.0000	-9999.0000	-9999.0000	-9999.0000	-9999.0000	17.5121	4	0	27.0629	1.0000	99	9	-9999.0000	48751	24984	-9999	2706	2620	-9999	289.0473	5	0.5692	0.5766	-0.0005	63.9875	0.3933	470.0618	392.0450	40.2083	460.5763	95.3009	465.7044	95.0231	469.5926	94.9537	473.3327	95.0000	
07/08/2017	07:13:22	019001	G523010810HLR	L523	S		439.2633	1.0311	3.2008	99.9322	39.5000	0.8230	0.8273	5.0000	17.1418	508.0769	94.9074	14.4812	24.9000	0.9300	0.9417	0.5766	-0.0005	508.0000	507.3920	1.0285	11.3845	100.0007	39.1000	0.8230	0.8210	5.0000	-9999.0000	-9999.0000	-9999.0000	-9999.0000	-9999.0000	-9999.0000	17.5617	5	0	26.8335	1.0000	99	9	-9999.0000	48752	24985	-9999	2707	2621	-9999	289.3217	5	0.5692	0.5766	-0.0005	63.9875	0.3933	472.9685	397.0230	39.6759	464.2435	95.4630	468.0837	95.2546	472.4166	95.1389	476.3323	94.9074	
07/08/2017	07:13:48	019001	G523010909HLR	L523	S		438.4201	1.0311	3.2428	99.9901	39.5000	0.8230	0.8273	5.0000	17.1017	508.0572	94.9074	15.5214	24.9000	0.9300	0.9417	0.5747	-0.0004	508.0000	508.7414	1.0285	11.5574	99.9452	39.1000	0.8230	0.8210	5.0000	-9999.0000	-9999.0000	-9999.0000	-9999.0000	-9999.0000	-9999.0000	17.5021	6	0	26.0431	1.0000	99	9	-9999.0000	48753	24986	-9999	2708	2622	-9999	289.1401	5	0.5690	0.5747	-0.0004	71.4177	-0.0961	470.9463	398.9641	40.3935	461.0768	95.1389	466.3402	95.0463	470.2687	95.1389	474.6871	94.9769	
07/08/2017	07:14:14	019001	G523010898HLR	L523	S		435.5618	1.0311	3.3850	99.9492	39.5000	0.8230	0.8273	5.0000	17.2716	508.0357	94.9306	16.7921	24.9000	0.9300	0.9417	0.5757	-0.0004	508.0000	507.5553	1.0285	11.4054	99.9287	39.1000	0.8230	0.8211	5.0000	-9999.0000	-9999.0000	-9999.0000	-9999.0000	-9999.0000	-9999.0000	17.5520	7	0	26.3333	1.0000	99	9	-9999.0000	48754	24987	-9999	2709	2623	-9999	288.7770	5	0.5689	0.5757	-0.0004	74.1657	-0.2495	467.4301	396.0509	40.2546	460.7112	95.1389	463.2610	94.9769	466.7693	94.8843	471.0356	95.0926	
07/08/2017	07:14:41	019001	G523010904HLR	L523	S		435.2220	1.0311	3.4019	99.9519	39.5000	0.8230	0.8274	5.0000	17.2619	508.0777	94.9074	14.9520	24.9000	0.9300	0.9417	0.5757	-0.0004	508.0000	506.0288	1.0285	11.2099	100.0244	39.1000	0.8230	0.8211	5.0000	-9999.0000	-9999.0000	-9999.0000	-9999.0000	-9999.0000	-9999.0000	17.4728	8	0	26.2434	1.0000	99	9	-9999.0000	48755	24988	-9999	2710	2624	-9999	289.1694	5	0.5689	0.5757	-0.0004	74.1657	-0.2495	471.6088	400.8447	40.9028	462.6789	95.1389	467.6396	94.9537	471.1008	94.7917	474.9521	94.9074	
07/08/2017	07:15:07	019001	G523010869HLR	L523	S		439.0234	1.0311	3.2128	100.0046	39.5000	0.8230	0.8274	5.0000	17.0517	508.0315	94.9306	15.4921	24.9000	0.9300	0.9417	0.5726	-0.0002	508.0000	508.7684	1.0285	11.5608	100.0425	39.1213	0.8230	0.8210	5.0000	-9999.0000	-9999.0000	-9999.0000	-9999.0000	-9999.0000	-9999.0000	17.5233	1	0	26.8227	1.0000	99	9	-9999.0000	48756	24989	-9999	2711	2625	-9999	289.0213	5	0.5689	0.5726	-0.0002	58.5684	0.7475	472.5664	398.1449	39.8380	464.3754	95.3935	468.4826	95.2546	472.0019	95.1389	475.7537	94.9769	
07/08/2017	07:15:34	019001	G523010886HLR	L523	S		439.8099	1.0311	3.1736	99.9240	39.5000	0.8230	0.8273	5.0000	17.1523	508.0813	94.9537	13.9011	24.9000	0.9300	0.9418	0.5726	-0.0002	508.0000	506.7914	1.0285	11.3076	99.9648	39.1000	0.8230	0.8210	5.0000	-9999.0000	-9999.0000	-9999.0000	-9999.0000	-9999.0000	-9999.0000	17.5823	2	0	26.6135	1.0000	99	9	-9999.0000	48757	24990	-9999	2712	2626	-9999	289.2227	5	0.5689	0.5726	-0.0002	58.5684	0.7475	477.4373	402.3783	39.7222	467.0215	95.2546	473.2789	94.9306	476.8731	94.8148	480.3544	94.9306	
07/08/2017	07:16:01	019001	G523010889HLR	L523	S		438.4038	1.0311	3.2436	99.9833	39.5000	0.8230	0.8274	5.0000	17.2120	508.0640	94.9074	14.9618	24.9000	0.9300	0.9418	0.5726	-0.0002	508.0000	509.1452	1.0285	11.6091	99.9692	39.1000	0.8230	0.8210	5.0000	-9999.0000	-9999.0000	-9999.0000	-9999.0000	-9999.0000	-9999.0000	17.5022	3	0	27.3637	1.0000	99	9	-9999.0000	48758	24991	-9999	2713	2627	-9999	289.1798	5	0.5690	0.5726	-0.0002	55.9487	0.9329	474.7019	396.0405	39.8843	463.1065	95.3472	470.6304	95.1389	474.2221	95.0926	478.2872	95.0000	
07/08/2017	07:16:28	019001	G523010893HLR	L523	S		440.8819	1.0311	3.1203	100.0974	39.5000	0.8230	0.8274	5.0000	17.1719	508.0384	94.9306	14.1208	24.9000	0.9300	0.9418	0.5726	-0.0002	508.0000	507.5667	1.0285	11.4069	99.9710	39.1000	0.8230	0.8210	5.0000	-9999.0000	-9999.0000	-9999.0000	-9999.0000	-9999.0000	-9999.0000	17.5715	4	0	26.4134	1.0000	99	9	-9999.0000	48759	24992	-9999	2714	2628	-9999	289.2647	5	0.5690	0.5726	-0.0002	41.8008	1.8404	477.7410	398.0554	40.4167	466.3956	95.1852	473.6029	95.1620	477.3625	95.0926	481.3146	94.9537	
07/08/2017	07:16:54	019001	G523010896HLR	L523	S		438.9746	1.0311	3.2152	99.9816	39.5197	0.8230	0.8274	5.0000	17.0518	508.0439	94.9306	15.4120	24.9000	0.9300	0.9418	0.5726	-0.0002	508.0000	509.4687	1.0285	11.6505	100.0238	39.1084	0.8230	0.8210	5.0000	-9999.0000	-9999.0000	-9999.0000	-9999.0000	-9999.0000	-9999.0000	17.4922	5	0	25.7931	1.0000	99	9	-9999.0000	48760	24993	-9999	2715	2629	-9999	289.1249	5	0.5689	0.5726	-0.0002	44.3146	1.6675	474.2896	402.9917	39.7917	464.1396	95.3935	469.5967	95.2083	473.7470	95.1620	477.0949	94.9306	
07/08/2017	07:17:22	019001	G523010884HLR	L523	S		437.2293	1.0311	3.3020	99.9724	39.5388	0.8230	0.8273	5.0000	17.3820	508.0458	94.9074	14.5115	24.9000	0.9300	0.9418	0.5810	-0.0008	508.0000	506.4904	1.0285	11.2690	99.9878	39.1000	0.8230	0.8210	5.0000	-9999.0000	-9999.0000	-9999.0000	-9999.0000	-9999.0000	-9999.0000	17.6418	6	0	28.0034	1.0000	99	9	-9999.0000	48761	24994	-9999	2716	2630	-9999	289.5644	5	0.5691	0.5810	-0.0008	41.4234	1.8478	471.4318	395.4793	41.2037	463.6554	95.0231	467.3770	94.9074	470.8286	94.8148	474.9105	94.9537	
07/08/2017	07:17:51	019001	G523010885HLR	L523	S		436.9533	1.0311	3.3158	99.9129	39.5080	0.8230	0.8273	5.0000	17.3322	508.0579	94.9537	16.0322	24.9000	0.9300	0.9417	0.5812	-0.0008	508.0000	510.5332	1.0285	11.7869	99.9549	39.1096	0.8230	0.8210	5.0000	-9999.0000	-9999.0000	-9999.0000	-9999.0000	-9999.0000	-9999.0000	17.8919	7	0	28.9333	1.0000	99	9	-9999.0000	48762	24995	-9999	2717	2631	-9999	288.9269	5	0.5692	0.5812	-0.0008	40.7891	1.8923	468.1065	398.0860	39.4676	458.1120	95.2546	463.9463	95.0000	467.5584	94.9306	471.7967	95.0000	
07/08/2017	07:18:22	019001	G523010874HLR	L523	S		437.5415	1.0311	3.2865	100.0576	39.5000	0.8230	0.8273	5.0000	17.2022	508.0531	94.9537	14.2820	24.9000	0.9300	0.9416	0.5812	-0.0008	508.0000	507.2031	1.0285	11.3603	100.0095	39.1233	0.8230	0.8210	5.0000	-9999.0000	-9999.0000	-9999.0000	-9999.0000	-9999.0000	-9999.0000	17.7122	8	0	30.9835	1.0000	99	9	-9999.0000	48763	24996	-9999	2718	2632	-9999	289.5264	5	0.5692	0.5812	-0.0008	40.7891	1.8923	471.2859	398.0071	39.0509	461.3338	95.3704	466.6587	94.9537	470.6808	94.8843	475.1170	94.9537	
07/08/2017	07:18:51	019001	G523010867HLR	L523	S		439.0917	1.0311	3.2094	99.9368	39.5468	0.8230	0.8274	5.0000	17.1524	508.0442	94.9306	14.4422	24.9000	0.9300	0.9417	0.5829	-0.0009	508.0000	510.1361	1.0285	11.7360	100.0182	39.1000	0.8230	0.8209	5.0000	-9999.0000	-9999.0000	-9999.0000	-9999.0000	-9999.0000	-9999.0000	17.7519	1	0	29.8040	1.0000	99	9	-9999.0000	48764	24997	-9999	2719	2633	-9999	289.4744	5	0.5691	0.5829	-0.0009	41.0366	1.8860	470.3091	389.1241	38.4259	459.7603	95.5787	465.2696	95.1852	469.9425	95.0694	474.0838	94.9769	
07/08/2017	07:19:21	019001	G523010623HLR	L523	S		433.3419	1.0311	3.4954	100.0478	39.5047	0.8230	0.8273	5.0000	17.2218	508.0723	94.9306	15.8525	24.9000	0.9300	0.9418	0.5901	-0.0014	508.0000	507.5762	1.0285	11.4081	99.9773	39.1000	0.8230	0.8209	5.0000	-9999.0000	-9999.0000	-9999.0000	-9999.0000	-9999.0000	-9999.0000	17.6914	2	0	29.5632	1.0000	99	9	-9999.0000	48765	24998	-9999	2720	2634	-9999	288.9483	5	0.5691	0.5901	-0.0014	39.6515	2.0025	464.4391	372.7677	36.5741	448.4925	95.8102	459.3736	95.2546	463.7946	95.1157	468.0996	94.9306	
07/08/2017	07:19:52	019001	G523010621HLR	L523	S		429.4535	1.0311	3.6889	99.9823	39.5000	0.8230	0.8274	5.0000	17.1925	508.0612	94.9769	17.5822	24.9000	0.9300	0.9417	0.5919	-0.0015	508.0000	505.9623	1.0285	11.2014	99.9869	39.1000	0.8230	0.8210	5.0000	-9999.0000	-9999.0000	-9999.0000	-9999.0000	-9999.0000	-9999.0000	17.5725	3	0	30.6835	1.0000	99	9	-9999.0000	48766	24999	-9999	2721	2635	-9999	287.3758	5	0.5693	0.5919	-0.0015	41.6725	1.8815	455.6215	373.7470	37.7778	447.4302	95.6481	450.7127	95.2083	455.0682	95.0926	459.2912	95.0000	
07/08/2017	07:20:22	019001	G523010614HLR	L523	S		423.4405	1.0311	3.9880	99.9410	39.5038	0.8230	0.8274	5.0000	17.1915	508.0598	94.9769	18.8421	24.9000	0.9300	0.9417	0.6004	-0.0021	508.0000	507.6547	1.0285	11.4182	100.0203	39.1000	0.8230	0.8209	5.0000	-9999.0000	-9999.0000	-9999.0000	-9999.0000	-9999.0000	-9999.0000	17.7121	4	0	30.2038	1.0000	99	9	-9999.0000	48767	25000	-9999	2722	2636	-9999	286.2905	5	0.5692	0.6004	-0.0021	34.6698	2.3780	448.9175	388.0498	39.5833	438.4279	95.3009	443.6896	95.0694	448.3086	94.9306	452.3736	94.9769	
07/08/2017	07:20:48	019001	G523010613HLR	L523	S		423.8430	1.0311	3.9680	100.0536	39.5202	0.8230	0.8274	5.0000	17.1621	508.0482	95.0000	18.4222	24.8000	0.9300	0.9416	0.5944	-0.0017	508.0000	505.0959	1.0285	11.0904	99.9707	39.1000	0.8230	0.8209	5.0000	-9999.0000	-9999.0000	-9999.0000	-9999.0000	-9999.0000	-9999.0000	17.6018	5	0	25.9728	1.0000	99	9	-9999.0000	48768	25001	-9999	2723	2637	-9999	285.2498	5	0.5690	0.5944	-0.0017	29.5403	2.7313	444.0282	376.0559	38.1019	435.3606	95.5324	438.2810	95.1157	443.3313	94.9769	448.0887	95.0231	
07/08/2017	07:21:17	019001	G523010615HLR	L523	S		429.3786	1.0311	3.6926	99.9875	39.5117	0.8230	0.8273	5.0000	17.0518	508.0919	94.9537	17.4220	24.9000	0.9300	0.9416	0.5827	-0.0009	508.0000	505.7324	1.0285	11.1719	99.9084	39.0889	0.8230	0.8210	5.0000	-9999.0000	-9999.0000	-9999.0000	-9999.0000	-9999.0000	-9999.0000	17.5529	6	0	29.6237	1.0000	99	9	-9999.0000	48769	25002	-9999	2724	2638	-9999	286.9131	5	0.5690	0.5827	-0.0009	32.1390	2.5660	451.7720	396.6596	41.0417	440.4678	95.1620	446.2316	95.0694	451.1599	94.9306	455.8343	94.9537	
07/08/2017	07:21:44	019001	G523010630HLR	L523	S		426.7828	1.0311	3.8217	100.0504	39.5000	0.8230	0.8273	5.0000	17.3615	508.0307	94.9537	19.3119	24.8000	0.9300	0.9416	0.5856	-0.0011	508.0000	509.0619	1.0285	11.5984	99.9951	39.0984	0.8230	0.8211	5.0000	-9999.0000	-9999.0000	-9999.0000	-9999.0000	-9999.0000	-9999.0000	17.5612	7	0	27.0931	1.0000	99	9	-9999.0000	48770	25003	-9999	2725	2639	-9999	287.1223	5	0.5683	0.5856	-0.0011	24.7420	3.0704	454.8766	375.3608	37.2454	441.1123	95.6713	449.3360	95.1852	454.2969	95.0694	458.8697	94.9769	
07/08/2017	07:22:13	019001	G523010631HLR	L523	S		429.6620	1.0311	3.6785	99.9088	39.5000	0.8230	0.8274	5.0000	17.2423	508.0680	94.9769	18.1018	24.8000	0.9300	0.9416	0.5868	-0.0012	508.0000	506.9374	1.0285	11.3263	99.9931	39.1000	0.8230	0.8210	5.0000	-9999.0000	-9999.0000	-9999.0000	-9999.0000	-9999.0000	-9999.0000	17.5222	8	0	28.6745	1.0000	99	9	-9999.0000	48771	25004	-9999	2726	2640	-9999	287.3516	5	0.5680	0.5868	-0.0012	24.6691	3.0745	456.4120	399.6477	37.6389	448.2593	95.3935	451.0233	95.1852	456.0524	95.0463	459.3725	95.0000	
07/08/2017	07:22:40	019001	G523010652HLR	L523	S		436.4456	1.0311	3.3410	99.9905	39.5134	0.8230	0.8274	5.0000	17.2823	508.0784	94.9306	14.6111	24.8000	0.9300	0.9416	0.5868	-0.0012	508.0000	508.1637	1.0285	11.4834	99.9749	39.1000	0.8230	0.8210	5.0000	-9999.0000	-9999.0000	-9999.0000	-9999.0000	-9999.0000	-9999.0000	17.5519	1	0	27.2024	1.0000	99	9	-9999.0000	48772	25005	-9999	2727	2640	-9999	289.4119	5	0.5680	0.5868	-0.0012	24.6691	3.0745	466.8363	391.7101	39.4444	453.7725	95.3704	461.6080	95.0463	466.2792	94.9537	470.8829	94.9769	
07/08/2017	07:23:09	019001	G523010636HLR	L523	S		430.9758	1.0311	3.6131	100.0415	39.5000	0.8230	0.8272	5.0000	17.9123	508.0593	94.9769	17.5314	24.8000	0.9300	0.9417	0.5900	-0.0013	508.0000	506.9805	1.0285	11.3318	99.9988	39.1000	0.8230	0.8210	5.0000	-9999.0000	-9999.0000	-9999.0000	-9999.0000	-9999.0000	-9999.0000	17.5616	2	0	28.3639	1.0000	99	9	-9999.0000	48773	25006	-9999	2728	2641	-9999	287.7238	5	0.5673	0.5900	-0.0013	31.6857	2.6440	457.4997	387.0810	38.8657	452.1383	95.4167	452.7672	95.2083	456.8891	95.0926	461.4781	94.9769	
07/08/2017	07:23:39	019001	G523010638HLR	L523	S		436.7024	1.0311	3.3282	99.8980	39.5000	0.8230	0.8274	5.0000	17.2311	508.0753	94.9306	15.7119	24.8000	0.9300	0.9417	0.5844	-0.0010	508.0000	510.0922	1.0285	11.7304	100.0222	39.1000	0.8230	0.8210	5.0000	-9999.0000	-9999.0000	-9999.0000	-9999.0000	-9999.0000	-9999.0000	17.5423	3	0	29.8531	1.0000	99	9	-9999.0000	48774	25007	-9999	2729	2642	-9999	289.0556	5	0.5668	0.5844	-0.0010	34.0907	2.4945	462.2799	386.8653	40.6481	450.1587	95.1157	457.6265	95.0231	461.8091	94.8611	466.2789	94.9537	
07/08/2017	07:24:07	019001	G523010654HLR	L523	S		434.0420	1.0311	3.4606	99.9701	39.5500	0.8230	0.8274	5.0000	17.1514	508.0805	94.9306	16.5421	24.8000	0.9300	0.9417	0.5867	-0.0011	508.0000	508.7686	1.0285	11.5608	100.0070	39.1000	0.8230	0.8210	5.0000	-9999.0000	-9999.0000	-9999.0000	-9999.0000	-9999.0000	-9999.0000	17.7326	4	0	28.3738	1.0000	99	9	-9999.0000	48775	25007	-9999	2730	2643	-9999	288.3201	5	0.5672	0.5867	-0.0011	36.3543	2.3680	462.3581	397.2459	40.9028	451.0714	95.0463	457.6963	95.1852	461.7607	95.0926	466.8124	94.9306	
07/08/2017	07:24:34	019001	G523010646HLR	L523	S		436.0144	1.0311	3.3625	100.0112	39.5000	0.8230	0.8274	5.0000	17.0314	508.0670	94.9537	15.7724	24.9000	0.9300	0.9417	0.5844	-0.0010	508.0000	508.0210	1.0285	11.4651	99.9334	39.1000	0.8230	0.8209	5.0000	-9999.0000	-9999.0000	-9999.0000	-9999.0000	-9999.0000	-9999.0000	17.7022	5	0	26.9533	1.0000	99	9	-9999.0000	48776	25008	-9999	2731	2644	-9999	288.9199	5	0.5669	0.5844	-0.0010	37.1664	2.3152	463.3192	385.7205	39.4444	450.2968	95.3241	457.8029	94.9306	462.7540	94.7917	466.9302	94.9537	
07/08/2017	07:26:02	019001	G523010644HLR	L523	S		434.9747	1.0311	3.4142	99.9851	39.5000	0.8230	0.8274	5.0000	17.1319	508.0534	94.9074	16.3028	24.9000	0.9300	0.9418	0.5865	-0.0011	508.0000	509.0433	1.0285	11.5960	100.0052	39.1000	0.8230	0.8210	5.0000	-9999.0000	-9999.0000	-9999.0000	-9999.0000	-9999.0000	-9999.0000	17.6417	6	0	88.2812	1.0000	99	9	-9999.0000	48777	25009	-9999	2732	2645	-9999	288.5473	5	0.5668	0.5865	-0.0011	35.8316	2.3886	464.3299	392.0182	40.0463	454.4130	95.3472	458.9664	95.1620	463.5972	95.0926	467.9678	95.0000	
07/08/2017	07:26:31	019001	G523010648HLR	L523	S		435.1174	1.0311	3.4071	100.0147	39.5000	0.8230	0.8274	5.0000	17.0617	508.0521	94.9306	16.2823	24.9000	0.9300	0.9418	0.5840	-0.0010	508.0000	508.4684	1.0285	11.5224	99.8663	39.1000	0.8230	0.8210	5.0000	-9999.0000	-9999.0000	-9999.0000	-9999.0000	-9999.0000	-9999.0000	17.6427	7	0	28.3726	1.0000	99	9	-9999.0000	48778	25010	-9999	2733	2646	-9999	288.6242	5	0.5665	0.5840	-0.0010	34.0791	2.4823	461.5578	387.8792	39.0046	451.4284	95.4398	456.5905	95.0694	461.0779	94.9769	465.4146	95.0000	
07/08/2017	07:27:00	019001	G523010680HLR	L523	S		434.7045	1.0311	3.4276	99.9659	39.5013	0.8230	0.8274	5.0000	17.1623	508.0522	94.9537	16.2217	24.9000	0.9300	0.9418	0.5852	-0.0011	508.0000	508.6220	1.0285	11.5421	99.9459	38.8847	0.8230	0.8208	5.0000	-9999.0000	-9999.0000	-9999.0000	-9999.0000	-9999.0000	-9999.0000	17.7825	8	0	29.3239	1.0000	99	9	-9999.0000	48779	25011	-9999	2734	2647	-9999	288.4684	5	0.5666	0.5852	-0.0011	32.0097	2.6018	463.7597	367.1753	37.2685	446.4703	95.7176	458.5959	95.1852	463.2839	95.0926	467.5973	95.0000	
07/08/2017	07:27:27	019001	G523010660HLR	L523	S		434.8475	1.0311	3.4205	100.0385	39.5500	0.8230	0.8274	5.0000	17.3625	508.0752	94.9306	15.5712	24.9000	0.9300	0.9418	0.5831	-0.0010	508.0000	508.1456	1.0285	11.4810	99.9739	39.0271	0.8230	0.8216	5.0000	-9999.0000	-9999.0000	-9999.0000	-9999.0000	-9999.0000	-9999.0000	17.5518	1	0	27.3736	1.0000	99	9	-9999.0000	48780	25012	-9999	2735	2648	-9999	288.8344	5	0.5669	0.5831	-0.0010	36.0507	2.3454	464.9469	380.7465	38.4954	449.0352	95.5324	459.7731	95.1389	464.4942	95.0231	468.9599	95.0000	
07/08/2017	07:27:55	019001	G523010659HLR	L523	S		435.9066	1.0311	3.3678	99.8943	39.5000	0.8230	0.8273	5.0000	17.2715	508.0620	94.9306	16.1621	24.9000	0.9300	0.9417	0.5817	-0.0009	508.0000	508.0467	1.0285	11.4684	99.9467	39.1333	0.8230	0.8214	5.0000	-9999.0000	-9999.0000	-9999.0000	-9999.0000	-9999.0000	-9999.0000	17.3527	2	0	27.9329	1.0000	99	9	-9999.0000	48781	25013	-9999	2736	2649	-9999	288.4533	5	0.5672	0.5817	-0.0009	47.9367	1.6123	464.0023	378.4950	39.2593	451.2241	95.4861	458.8780	95.2778	463.2998	95.1620	467.8421	94.8843	
07/08/2017	07:28:23	019001	G523010658HLR	L523	S		434.7803	1.0311	3.4239	100.0148	39.5000	0.8230	0.8274	5.0000	17.2823	508.0458	94.9306	17.0216	25.0000	0.9300	0.9422	0.5820	-0.0009	508.0000	507.8407	1.0285	11.4420	99.9725	39.1000	0.8230	0.8210	5.0000	-9999.0000	-9999.0000	-9999.0000	-9999.0000	-9999.0000	-9999.0000	17.5529	3	0	27.7241	1.0000	99	9	-9999.0000	48782	25014	-9999	2737	2650	-9999	288.0895	5	0.5672	0.5820	-0.0009	48.7059	1.5638	462.5897	391.5788	41.3426	451.4767	95.5093	457.4247	95.4630	461.9460	95.3009	465.9626	94.8611	
07/08/2017	07:30:23	019001	G523010690HLR	L523	S		433.9275	1.0311	3.4663	100.0585	39.3094	0.8230	0.8270	5.0000	17.2521	508.0331	95.0000	17.2121	24.9000	0.9300	0.9418	0.5780	-0.0006	508.0000	508.3183	1.0285	11.5032	99.9334	39.0667	0.8230	0.8210	5.0000	-9999.0000	-9999.0000	-9999.0000	-9999.0000	-9999.0000	-9999.0000	17.3614	4	0	119.6845	1.0000	99	9	-9999.0000	48783	25015	-9999	2738	2651	-9999	287.9113	5	0.5676	0.5780	-0.0006	49.1965	1.5366	462.7390	404.9097	40.7870	454.1053	95.3009	459.1237	95.0231	462.2718	94.9306	466.1734	94.9769	
07/08/2017	07:30:50	019001	G523010702HLR	L523	S		436.1891	1.0311	3.3538	99.9646	39.3115	0.8230	0.8278	5.0000	16.9815	508.0472	94.9306	16.0420	24.8000	0.9300	0.9417	0.5813	-0.0008	508.0000	507.6623	1.0285	11.4191	99.9596	39.0667	0.8230	0.8210	5.0000	-9999.0000	-9999.0000	-9999.0000	-9999.0000	-9999.0000	-9999.0000	17.5821	5	0	27.1233	1.0000	99	9	-9999.0000	48784	25016	-9999	2739	2652	-9999	288.4949	5	0.5677	0.5813	-0.0008	50.7723	1.4337	467.3197	401.1154	40.5093	456.0994	95.3009	462.3175	95.2315	466.7489	95.0926	470.7871	95.0463	
07/08/2017	07:31:18	019001	G523010672HLR	L523	S		436.8917	1.0311	3.3188	100.0569	39.5500	0.8230	0.8280	5.0000	17.3322	508.0424	94.8380	15.8310	24.8000	0.9300	0.9417	0.5735	-0.0004	508.0000	507.7940	1.0285	11.4360	99.9672	38.8983	0.8230	0.8212	5.0000	-9999.0000	-9999.0000	-9999.0000	-9999.0000	-9999.0000	-9999.0000	17.8819	6	0	28.7535	1.0000	99	9	-9999.0000	48785	25017	-9999	2740	2653	-9999	288.5553	5	0.5675	0.5735	-0.0004	48.0013	1.5842	466.8389	405.0808	41.0417	458.2546	95.2083	462.1875	95.3241	466.2541	95.2315	469.8190	94.8611	
07/08/2017	07:31:46	019001	G523010670HLR	L523	S		434.1494	1.0311	3.4553	99.9861	39.6000	0.8230	0.8277	5.0000	17.0021	508.0770	94.9769	16.3623	24.9000	0.9300	0.9417	0.5829	-0.0009	508.0000	508.3668	1.0285	11.5094	99.9420	39.0168	0.8230	0.8217	5.0000	-9999.0000	-9999.0000	-9999.0000	-9999.0000	-9999.0000	-9999.0000	17.4417	7	0	27.9527	1.0000	99	9	-9999.0000	48786	25018	-9999	2741	2654	-9999	288.3564	5	0.5674	0.5829	-0.0009	62.2502	0.6948	468.9594	411.8963	39.1898	459.4874	95.5324	465.4437	94.8611	468.3968	94.8380	472.8023	94.9306	
07/08/2017	07:32:13	019001	G523010682HLR	L523	S		434.5627	1.0311	3.4347	99.9280	39.5500	0.8230	0.8272	5.0000	17.1515	508.0642	94.9306	16.5821	24.8000	0.9300	0.9417	0.5880	-0.0013	508.0000	507.9673	1.0285	11.4582	99.9449	39.1000	0.8230	0.8214	5.0000	-9999.0000	-9999.0000	-9999.0000	-9999.0000	-9999.0000	-9999.0000	17.3821	8	0	26.8038	1.0000	99	9	-9999.0000	48787	25019	-9999	2742	2655	-9999	288.1691	5	0.5675	0.5880	-0.0013	56.1723	1.0467	462.4864	398.9097	38.9583	451.5899	95.4398	457.6737	95.2546	461.9209	95.1852	466.3368	94.9769	
07/08/2017	07:32:40	019001	G523010703HLR	L523	S		438.0538	1.0311	3.2610	99.9991	39.4500	0.8230	0.8272	5.0000	17.1915	508.0554	94.9074	15.7519	25.0000	0.9300	0.9423	0.5876	-0.0012	508.0000	507.7430	1.0285	11.4295	100.0985	39.0667	0.8230	0.8210	5.0000	-9999.0000	-9999.0000	-9999.0000	-9999.0000	-9999.0000	-9999.0000	17.4925	1	0	27.1127	1.0000	99	9	-9999.0000	48788	25020	-9999	2743	2656	-9999	288.7313	5	0.5677	0.5876	-0.0012	56.1723	1.0467	461.6234	384.6081	40.5556	449.8136	95.6019	457.1503	95.3704	460.9701	95.1620	465.4100	94.9769	
07/08/2017	07:33:09	019001	G523010673HLR	L523	S		434.5378	1.0311	3.4359	99.9281	39.3000	0.8230	0.8274	5.0000	17.2520	508.0524	94.9306	16.6622	24.9000	0.9300	0.9419	0.5861	-0.0011	508.0000	508.4081	1.0285	11.5147	100.0139	39.0333	0.8230	0.8210	5.0000	-9999.0000	-9999.0000	-9999.0000	-9999.0000	-9999.0000	-9999.0000	17.4524	2	0	29.1942	1.0000	99	9	-9999.0000	48789	25021	-9999	2744	2657	-9999	288.2079	5	0.5675	0.5861	-0.0011	54.5599	1.1377	460.7963	393.4378	39.6065	452.8225	95.3935	455.6667	95.0231	460.1423	94.8843	463.9317	94.9769	
07/08/2017	07:33:37	019001	G523010675HLR	L523	S		435.0493	1.0311	3.4105	100.0264	39.3513	0.8230	0.8279	5.0000	17.1416	508.0448	94.9306	16.6221	24.9000	0.9300	0.9417	0.5885	-0.0013	508.0000	506.9579	1.0285	11.3289	100.0851	39.0472	0.8230	0.8211	5.0000	-9999.0000	-9999.0000	-9999.0000	-9999.0000	-9999.0000	-9999.0000	17.5725	3	0	27.6331	1.0000	99	9	-9999.0000	48790	25022	-9999	2745	2658	-9999	288.1694	5	0.5676	0.5885	-0.0013	53.8056	1.1769	460.3966	403.7153	40.0231	455.5536	95.3241	456.5111	95.0694	459.8267	94.9306	464.3922	95.0000	
07/08/2017	07:34:06	019001	G523010663HLR	L523	S		440.0249	1.0311	3.1629	100.0631	39.5500	0.8230	0.8279	5.0000	17.6017	508.0510	94.9306	14.7410	24.9000	0.9300	0.9417	0.5885	-0.0013	508.0000	508.4311	1.0285	11.5176	99.9719	39.0667	0.8230	0.8210	5.0000	-9999.0000	-9999.0000	-9999.0000	-9999.0000	-9999.0000	-9999.0000	17.4729	4	0	29.0229	1.0000	99	9	-9999.0000	48791	25023	-9999	2746	2659	-9999	289.4203	5	0.5676	0.5885	-0.0013	53.8056	1.1769	466.2788	402.6321	39.0509	454.6614	95.3935	461.0450	95.1852	465.4610	95.0926	470.0074	95.0000	
07/08/2017	07:34:33	019001	G523010666HLR	L523	S		437.0185	1.0311	3.3125	99.9653	39.5500	0.8230	0.8275	5.0000	17.1817	508.0669	94.9537	15.7519	24.9000	0.9300	0.9417	0.5885	-0.0013	508.0000	507.9786	1.0285	11.4597	99.9415	39.0637	0.8230	0.8211	5.0000	-9999.0000	-9999.0000	-9999.0000	-9999.0000	-9999.0000	-9999.0000	17.4730	5	0	26.8042	1.0000	99	9	-9999.0000	48792	25024	-9999	2747	2660	-9999	288.7757	5	0.5676	0.5885	-0.0013	28.7873	2.6672	463.5037	397.7503	40.3704	456.4739	95.3009	458.6704	95.1157	462.7991	95.0694	467.4405	95.0000	
07/08/2017	07:35:02	019001	G523010704HLR	L523	S		434.4009	1.0311	3.4427	99.9166	39.5000	0.8230	0.8272	5.0000	17.2317	508.0562	94.9537	17.1212	24.8000	0.9300	0.9417	0.5883	-0.0013	508.0000	507.6288	1.0285	11.4149	99.9434	39.0667	0.8230	0.8210	5.0000	-9999.0000	-9999.0000	-9999.0000	-9999.0000	-9999.0000	-9999.0000	17.6817	6	0	29.6128	1.0000	99	9	-9999.0000	48793	25025	-9999	2748	2661	-9999	287.9049	5	0.5676	0.5883	-0.0013	30.6598	2.5463	457.6822	394.0744	41.0880	451.7332	95.0694	453.3846	94.8380	456.9801	94.8148	461.4271	94.9306	
07/08/2017	07:35:30	019001	G523010705HLR	L523	S		434.7758	1.0311	3.4241	99.9889	39.4500	0.8230	0.8273	5.0000	17.2520	508.0617	94.9537	16.2627	24.9000	0.9300	0.9417	0.5855	-0.0011	508.0000	508.3052	1.0285	11.5015	99.9760	39.0667	0.8230	0.8211	5.0000	-9999.0000	-9999.0000	-9999.0000	-9999.0000	-9999.0000	-9999.0000	17.4124	7	0	27.8337	1.0000	99	9	-9999.0000	48794	25026	-9999	2749	2662	-9999	288.5120	5	0.5678	0.5855	-0.0011	31.6701	2.4831	460.6298	377.9305	38.8426	449.1555	95.4861	455.5379	95.1620	460.0538	95.0231	464.5498	95.0231	
07/08/2017	07:35:55	019001	error reading	L523	S		0.0000	0.0000	0.0000	0.0000	0.0000	0.8230	0.0000	0.0000	0.0000	0.0000	0.0000	0.0000	0.0000	0.9300	0.0000	0.0000	0.0000	0.0000	0.0000	0.0000	0.0000	0.0000	0.0000	0.8230	0.0000	0.0000	0.0000	0.0000	0.0000	0.0000	0.0000	0.0000	0.0000	0	28	27.8337	1.0000	99	9	0.0000	0	0	0	0	0	0	0.0000	0	0.0000	0.0000	0.0000	0.0000	0.0000	0.0000	0.0000	0.0000	0.0000	0.0000	0.0000	0.0000	0.0000	0.0000	0.0000	0.0000	
07/08/2017	07:36:14	019001	G523010679HLR	L523	S		435.8512	1.0311	3.3706	100.0506	39.4500	0.8230	0.8275	5.0000	17.0822	508.0417	94.9306	16.9425	24.9000	0.9300	0.9417	0.5872	-0.0012	508.0000	508.0193	1.0285	11.4649	100.0127	39.0667	0.8230	0.8210	5.0000	-9999.0000	-9999.0000	-9999.0000	-9999.0000	-9999.0000	-9999.0000	17.5627	8	0	44.1750	1.0000	99	9	-9999.0000	48795	25027	-9999	2750	2663	-9999	288.1242	5	0.5679	0.5872	-0.0012	30.0655	2.5862	460.3792	398.2610	40.2546	450.4332	95.1389	455.8561	95.0694	459.9050	94.9769	464.2185	94.9769	
07/08/2017	07:36:43	019001	G523010697HLR	L523	S		436.8868	1.0311	3.3191	100.0255	39.5000	0.8230	0.8275	5.0000	17.0421	508.0572	94.9306	15.4618	24.9000	0.9300	0.9417	0.5872	-0.0012	508.0000	507.5761	1.0285	11.4081	99.9311	39.0667	0.8230	0.8210	5.0000	-9999.0000	-9999.0000	-9999.0000	-9999.0000	-9999.0000	-9999.0000	17.5618	1	0	28.4839	1.0000	99	9	-9999.0000	48796	25028	-9999	2751	2664	-9999	288.9650	5	0.5679	0.5872	-0.0012	30.0655	2.5862	463.7664	401.9436	39.8380	452.6439	95.3241	458.9514	95.0694	463.0713	94.9769	467.6674	94.9769	
07/08/2017	07:37:12	019001	G523010669HLR	L523	S		433.3302	1.0311	3.4960	100.0800	39.5000	0.8230	0.8275	5.0000	17.1622	508.0505	94.9537	17.5021	24.9000	0.9300	0.9417	0.5843	-0.0010	508.0000	508.3212	1.0285	11.5035	100.0138	39.0000	0.8230	0.8206	5.0000	-9999.0000	-9999.0000	-9999.0000	-9999.0000	-9999.0000	-9999.0000	18.1926	2	0	28.8435	1.0000	99	9	-9999.0000	48797	25029	-9999	2752	2665	-9999	287.8964	5	0.5679	0.5843	-0.0010	31.7384	2.4906	460.4279	400.8265	38.8889	451.3291	95.2315	456.4113	95.2315	459.9345	95.1620	463.7171	94.9306	
07/08/2017	07:37:41	019001	G523010707HLR	L523	S		435.8202	1.0311	3.3721	99.9591	39.5000	0.8230	0.8274	5.0000	17.0723	508.0613	94.9306	16.4815	24.9000	0.9300	0.9417	0.5842	-0.0010	508.0000	507.7241	1.0285	11.4270	99.9248	39.0208	0.8230	0.8212	5.0000	-9999.0000	-9999.0000	-9999.0000	-9999.0000	-9999.0000	-9999.0000	17.5521	3	0	29.1138	1.0000	99	9	-9999.0000	48798	25030	-9999	2753	2666	-9999	288.3895	5	0.5678	0.5842	-0.0010	36.3787	2.1956	461.9117	397.8641	39.6296	454.3128	95.2315	457.0796	94.9306	461.4357	94.8148	465.7901	94.9306	
07/08/2017	07:38:10	019001	G523010816HLR	L523	S		436.0722	1.0311	3.3596	100.0553	39.5000	0.8230	0.8274	5.0000	17.1622	508.0486	94.9306	15.7314	24.9000	0.9300	0.9417	0.5854	-0.0011	508.0000	506.7633	1.0285	11.3040	99.9558	39.0985	0.8230	0.8212	5.0000	-9999.0000	-9999.0000	-9999.0000	-9999.0000	-9999.0000	-9999.0000	17.5129	4	0	29.3727	1.0000	99	9	-9999.0000	48799	25031	-9999	2754	2667	-9999	288.7764	5	0.5680	0.5854	-0.0011	38.2472	2.0709	463.9993	394.0592	38.4491	452.5804	95.3009	459.0219	94.9537	463.4230	94.7917	467.9356	94.9537	
07/08/2017	07:38:38	019001	G523010847HLR	L523	S		433.4988	1.0311	3.4876	100.0039	39.4888	0.8230	0.8274	5.0000	17.0314	508.0520	94.9306	17.1320	24.9000	0.9300	0.9419	0.5860	-0.0011	508.0000	507.9200	1.0285	11.4521	100.0460	39.1000	0.8230	0.8211	5.0000	-9999.0000	-9999.0000	-9999.0000	-9999.0000	-9999.0000	-9999.0000	17.4415	5	0	27.3237	1.0000	99	9	-9999.0000	48800	25032	-9999	2755	2668	-9999	288.0952	5	0.5679	0.5860	-0.0011	37.2641	2.1285	459.5177	389.5582	40.5556	452.6567	95.3472	454.5254	95.2083	458.9631	95.0694	463.6407	95.0000	
07/08/2017	07:39:07	019001	G523010849HLR	L523	S		433.4176	1.0311	3.4917	100.0024	39.5000	0.8230	0.8272	5.0000	17.3527	508.0609	94.9306	16.7520	24.9000	0.9300	0.9418	0.5855	-0.0011	508.0000	507.9196	1.0285	11.4521	99.9542	39.0667	0.8230	0.8209	5.0000	-9999.0000	-9999.0000	-9999.0000	-9999.0000	-9999.0000	-9999.0000	17.7120	6	0	29.0738	1.0000	99	9	-9999.0000	48801	25033	-9999	2756	2669	-9999	288.2946	5	0.5679	0.5855	-0.0011	39.0922	2.0201	461.7522	373.8663	39.1667	453.4865	95.3704	456.5014	95.2083	460.9987	95.0694	465.4636	95.0000	
07/08/2017	07:39:35	019001	G523010856HLR	L523	S		431.6593	1.0311	3.5791	99.8894	39.4000	0.8230	0.8273	5.0000	17.3419	508.0338	94.9537	17.7629	24.9000	0.9300	0.9417	0.5867	-0.0011	508.0000	507.0963	1.0285	11.3466	99.8982	39.0667	0.8230	0.8210	5.0000	-9999.0000	-9999.0000	-9999.0000	-9999.0000	-9999.0000	-9999.0000	17.6212	7	0	28.1130	1.0000	99	9	-9999.0000	48802	25034	-9999	2757	2670	-9999	287.7320	5	0.5681	0.5867	-0.0011	39.9138	1.9585	457.1897	400.8065	39.4444	449.2473	95.4167	452.7491	95.0231	456.6352	94.9074	461.2737	94.9769	
07/08/2017	07:40:02	019001	G523010818HLR	L523	S		434.1152	1.0311	3.4570	99.9924	39.4622	0.8230	0.8276	5.0000	17.2021	508.0489	94.9306	17.2824	24.8000	0.9300	0.9417	0.5860	-0.0011	508.0000	508.3801	1.0285	11.5111	99.9690	39.0837	0.8230	0.8210	5.0000	-9999.0000	-9999.0000	-9999.0000	-9999.0000	-9999.0000	-9999.0000	17.6527	8	0	27.1731	1.0000	99	9	-9999.0000	48803	25035	-9999	2758	2671	-9999	288.0669	5	0.5680	0.5860	-0.0011	37.5152	2.1184	458.3605	399.0698	38.6806	449.6089	95.3704	453.7008	94.8380	457.8757	94.7222	462.0478	94.9306	
07/08/2017	07:40:30	019001	G523010853HLR	L523	S		436.4943	1.0311	3.3386	99.9074	39.5500	0.8230	0.8275	5.0000	17.2216	508.0917	94.9306	15.9219	24.9000	0.9300	0.9417	0.5881	-0.0012	508.0000	508.2101	1.0285	11.4893	100.0884	39.0826	0.8230	0.8210	5.0000	-9999.0000	-9999.0000	-9999.0000	-9999.0000	-9999.0000	-9999.0000	17.7219	1	0	27.8539	1.0000	99	9	-9999.0000	48804	25036	-9999	2759	2672	-9999	288.8397	5	0.5679	0.5881	-0.0012	39.0950	2.0348	464.0992	393.0518	38.1944	451.1422	95.6713	458.8598	95.2315	463.3928	95.1389	467.5800	94.9769	
07/08/2017	07:41:00	019001	G523010897HLR	L523	S		435.2864	1.0311	3.3987	99.9589	39.5051	0.8230	0.8273	5.0000	17.1416	508.0536	94.9074	16.9718	24.9000	0.9300	0.9417	0.5898	-0.0013	508.0000	507.6158	1.0285	11.4132	99.9645	39.0961	0.8230	0.8210	5.0000	-9999.0000	-9999.0000	-9999.0000	-9999.0000	-9999.0000	-9999.0000	17.5216	2	0	30.5339	1.0000	99	9	-9999.0000	48805	25037	-9999	2760	2673	-9999	288.2106	5	0.5678	0.5898	-0.0013	39.3068	2.0251	458.5852	381.3198	39.3519	448.9011	95.3704	453.6359	95.0231	457.9276	94.9074	462.3709	95.0231	
07/08/2017	07:41:27	019001	G523010828HLR	L523	S		433.7862	1.0311	3.4733	99.9679	39.4500	0.8230	0.8270	5.0000	18.7415	508.0384	94.9306	16.7725	24.9000	0.9300	0.9417	0.5907	-0.0014	508.0000	507.8929	1.0285	11.4487	99.9987	39.1000	0.8230	0.8210	5.0000	-9999.0000	-9999.0000	-9999.0000	-9999.0000	-9999.0000	-9999.0000	17.6625	3	0	26.9027	1.0000	99	9	-9999.0000	48806	25038	-9999	2761	2674	-9999	288.3459	5	0.5677	0.5907	-0.0014	37.7908	2.1209	458.2545	394.7994	40.7870	447.3909	95.3472	453.8034	95.0926	457.8161	95.0231	462.1713	95.0231	
07/08/2017	07:41:53	019001	G523010825HLR	L523	S		440.0333	1.0311	3.1625	99.9868	39.4936	0.8230	0.8275	5.0000	17.2823	508.0572	94.9306	15.1122	24.8000	0.9300	0.9417	0.5907	-0.0014	508.0000	508.4438	1.0285	11.5192	100.0164	39.0677	0.8230	0.8208	5.0000	-9999.0000	-9999.0000	-9999.0000	-9999.0000	-9999.0000	-9999.0000	18.4027	4	0	25.6535	1.0000	99	9	-9999.0000	48807	25039	-9999	2762	2675	-9999	289.5139	5	0.5677	0.5907	-0.0014	37.7908	2.1209	463.9582	384.6411	38.4259	455.7606	95.5787	458.8137	95.1157	463.2508	95.0231	467.8333	95.0000	
07/08/2017	07:42:20	019001	G523010835HLR	L523	S		433.8045	1.0311	3.4724	99.9198	39.5373	0.8230	0.8275	5.0000	17.3516	508.0725	94.9306	16.4717	24.9000	0.9300	0.9417	0.5889	-0.0013	508.0000	508.4667	1.0285	11.5222	100.0026	39.0688	0.8230	0.8211	5.0000	-9999.0000	-9999.0000	-9999.0000	-9999.0000	-9999.0000	-9999.0000	17.6027	5	0	26.9828	1.0000	99	9	-9999.0000	48808	25040	-9999	2763	2676	-9999	288.5591	5	0.5678	0.5889	-0.0013	36.8257	2.1749	459.2841	389.7399	39.2824	446.9397	95.4167	453.8887	95.2546	458.6602	95.1620	463.5433	94.9074	
07/08/2017	07:42:46	019001	G523010845HLR	L523	S		431.8189	1.0311	3.5712	99.9864	39.5000	0.8230	0.8274	5.0000	17.2716	508.0708	94.9769	18.4622	24.8000	0.9300	0.9417	0.5895	-0.0013	508.0000	507.0408	1.0285	11.3395	99.9365	39.1000	0.8230	0.8211	5.0000	-9999.0000	-9999.0000	-9999.0000	-9999.0000	-9999.0000	-9999.0000	17.6723	6	0	26.2737	1.0000	99	9	-9999.0000	48809	25041	-9999	2764	2677	-9999	287.4039	5	0.5677	0.5895	-0.0013	35.7920	2.2388	453.5275	389.8447	38.9352	441.1618	95.3704	448.7241	94.9537	452.9151	94.8380	457.2148	94.9769	
07/08/2017	07:43:11	019001	G523010843HLR	L523	S		437.6544	1.0311	3.2809	100.0356	39.5000	0.8230	0.8275	5.0000	17.3722	508.0482	94.9306	15.5419	24.8000	0.9300	0.9417	0.5895	-0.0013	508.0000	508.0970	1.0285	11.4748	99.9814	39.1000	0.8230	0.8210	5.0000	-9999.0000	-9999.0000	-9999.0000	-9999.0000	-9999.0000	-9999.0000	17.5918	7	0	25.2230	1.0000	99	9	-9999.0000	48810	25042	-9999	2765	2678	-9999	289.2864	5	0.5677	0.5895	-0.0013	35.7920	2.2388	462.4853	389.0720	39.1667	449.3538	95.3704	457.4156	94.9769	461.9221	94.7917	466.2697	94.9537	
07/08/2017	07:44:02	019001	G523010832HLR	L523	S		426.4327	1.0311	3.8392	99.9838	39.5000	0.8230	0.8274	5.0000	17.3626	508.0785	94.9306	15.6015	25.0000	0.9300	0.9420	0.5800	-0.0007	508.0000	507.1658	1.0285	11.3555	99.9726	38.9738	0.8230	0.8205	5.0000	-9999.0000	-9999.0000	-9999.0000	-9999.0000	-9999.0000	-9999.0000	17.7814	1	0	25.0333	1.0000	99	9	-9999.0000	48812	25042	-9999	2767	2679	-9999	289.0503	5	0.5676	0.5800	-0.0007	42.9159	1.8180	465.0527	369.7312	39.4907	450.8231	95.6250	460.1086	95.0694	464.3916	94.9537	468.5836	94.9769	
07/08/2017	07:44:28	019001	G523010831HLR	L523	S		425.3162	1.0311	3.8947	99.9674	39.5000	0.8230	0.8272	5.0000	18.7621	508.0537	94.9537	14.1922	24.9000	0.9300	0.9419	0.5800	-0.0007	508.0000	507.8737	1.0285	11.4462	99.9676	39.0000	0.8230	0.8212	5.0000	-9999.0000	-9999.0000	-9999.0000	-9999.0000	-9999.0000	-9999.0000	17.6124	2	0	25.8324	1.0000	99	9	-9999.0000	48813	25043	-9999	2767	2680	-9999	289.4399	5	0.5676	0.5800	-0.0007	42.9159	1.8180	473.2430	386.3228	37.9167	460.0025	95.6250	468.7525	95.0694	472.6282	95.0000	476.9652	95.0000	
07/08/2017	07:44:53	019001	G523008756HLR	L523	S		427.1509	1.0311	3.8034	100.0196	39.5096	0.8230	0.8275	5.0000	17.4913	508.0572	94.9537	13.8620	24.9000	0.9300	0.9418	0.5815	-0.0008	508.0000	508.5204	1.0285	11.5291	99.9384	39.1000	0.8230	0.8214	5.0000	-9999.0000	-9999.0000	-9999.0000	-9999.0000	-9999.0000	-9999.0000	17.5324	3	0	24.9034	1.0000	99	9	-9999.0000	48814	25044	-9999	2768	2681	-9999	289.7298	5	0.5679	0.5815	-0.0008	40.0618	1.9787	472.6831	377.9949	39.1667	458.3252	95.5787	468.0893	95.1157	472.0914	95.0694	476.5132	95.0000	
07/08/2017	07:45:21	019001	G523009643HLR	L523	S		440.4296	1.0311	3.1428	99.9869	39.5500	0.8230	0.8274	5.0000	17.1817	508.0552	94.9306	12.9918	24.9000	0.9300	0.9418	0.5815	-0.0008	508.0000	509.5337	1.0285	11.6589	100.0798	39.1333	0.8230	0.8212	5.0000	-9999.0000	-9999.0000	-9999.0000	-9999.0000	-9999.0000	-9999.0000	17.6621	4	0	28.4233	1.0000	99	9	-9999.0000	48815	25045	-9999	2769	2682	-9999	290.0883	5	0.5679	0.5815	-0.0008	40.0618	1.9787	476.2425	398.4906	39.6528	463.8643	95.3009	471.6450	95.0000	475.5420	94.9769	479.4716	95.0000	
07/08/2017	07:45:46	019001	G523009639HLR	L523	S		441.7522	1.0311	3.0770	100.0062	39.5229	0.8230	0.8273	5.0000	17.3418	508.0607	94.9306	13.1412	24.9000	0.9300	0.9418	0.5832	-0.0009	508.0000	510.4580	1.0285	11.7773	99.9909	39.1032	0.8230	0.8210	5.0000	-9999.0000	-9999.0000	-9999.0000	-9999.0000	-9999.0000	-9999.0000	17.4317	5	0	25.2032	1.0000	99	9	-9999.0000	48816	25046	-9999	2770	2683	-9999	290.2563	5	0.5681	0.5832	-0.0009	39.9976	1.9729	475.7312	397.1369	39.1898	465.1108	95.4398	471.0035	95.3009	475.0492	95.2546	478.9421	94.8380	
07/08/2017	07:46:13	019001	G523009623HLR	L523	S		439.2426	1.0311	3.2019	99.9711	39.5000	0.8230	0.8273	5.0000	17.0821	508.0793	94.9306	13.7810	24.9000	0.9300	0.9418	0.5829	-0.0009	508.0000	510.5986	1.0285	11.7953	100.0383	39.1000	0.8230	0.8209	5.0000	-9999.0000	-9999.0000	-9999.0000	-9999.0000	-9999.0000	-9999.0000	17.6610	6	0	26.4036	1.0000	99	9	-9999.0000	48816	25047	-9999	2771	2684	-9999	289.9381	5	0.5683	0.5829	-0.0009	41.1648	1.9001	473.9286	394.1973	38.4028	464.1643	95.5324	468.3414	95.2315	473.2730	95.1852	477.3009	94.9306	
07/08/2017	07:46:38	019001	G523009649HLR	L523	S		443.2946	1.0311	3.0003	100.0500	39.5000	0.8230	0.8273	5.0000	17.4924	508.0354	94.9074	12.2720	24.9000	0.9300	0.9417	0.5804	-0.0007	508.0000	510.3293	1.0285	11.7608	99.9698	39.0897	0.8230	0.8210	5.0000	-9999.0000	-9999.0000	-9999.0000	-9999.0000	-9999.0000	-9999.0000	17.6125	7	0	24.9024	1.0000	99	9	-9999.0000	48817	25048	-9999	2772	2684	-9999	290.2533	5	0.5687	0.5804	-0.0007	99.0855	-1.5030	478.9407	381.8575	37.5000	469.4449	95.3935	474.5670	94.6065	478.4706	94.5833	482.8640	94.9074	
07/08/2017	07:47:03	019001	G523009369HLR	L523	S		432.2071	1.0311	3.5519	100.0196	39.5000	0.8230	0.8274	5.0000	17.0713	508.0515	94.9769	16.3711	24.9000	0.9300	0.9417	0.5762	-0.0005	508.0000	508.6416	1.0285	11.5446	99.9705	39.1000	0.8230	0.8211	5.0000	-9999.0000	-9999.0000	-9999.0000	-9999.0000	-9999.0000	-9999.0000	17.5920	8	0	25.8332	1.0000	99	9	-9999.0000	48818	25049	-9999	2773	2685	-9999	288.7502	5	0.5688	0.5762	-0.0005	68.5252	0.3857	466.2276	409.4727	38.4722	458.4716	95.6713	461.5746	95.0463	465.6503	95.0000	469.3652	94.9769	
07/08/2017	07:47:28	019001	G523009626HLR	L523	S		439.4591	1.0311	3.1911	99.9515	39.5000	0.8230	0.8274	5.0000	17.2121	508.0860	94.9537	13.8318	24.9000	0.9300	0.9417	0.5762	-0.0005	508.0000	509.6095	1.0285	11.6686	99.9817	39.1000	0.8230	0.8210	5.0000	-9999.0000	-9999.0000	-9999.0000	-9999.0000	-9999.0000	-9999.0000	17.4815	1	0	24.9532	1.0000	99	9	-9999.0000	48819	25050	-9999	2774	2686	-9999	289.4177	5	0.5688	0.5762	-0.0005	68.5252	0.3857	475.8328	399.6959	37.4074	463.3259	95.3009	471.1213	95.0231	475.2288	94.9769	479.3958	95.0000	
07/08/2017	07:47:54	019001	G523009618HLR	L523	S		442.0466	1.0311	3.0624	99.9720	39.5500	0.8230	0.8274	5.0000	17.2314	508.0369	94.9074	12.4117	24.9000	0.9300	0.9417	0.5744	-0.0004	508.0000	509.4541	1.0285	11.6487	99.9179	39.1000	0.8230	0.8210	5.0000	-9999.0000	-9999.0000	-9999.0000	-9999.0000	-9999.0000	-9999.0000	17.5128	2	0	25.5628	1.0000	99	9	-9999.0000	48820	25051	-9999	2775	2687	-9999	289.5115	5	0.5689	0.5744	-0.0004	53.5525	1.1962	480.9351	403.9303	38.6111	471.5353	95.4630	476.7101	95.0463	480.4803	95.0231	484.5785	95.0000	
07/08/2017	07:48:19	019001	G523009637HLR	L523	S		439.6617	1.0311	3.1810	99.9878	39.5000	0.8230	0.8273	5.0000	17.3322	508.0359	94.9306	13.2917	24.9000	0.9300	0.9417	0.5732	-0.0003	508.0000	509.1925	1.0285	11.6152	100.0302	39.1000	0.8230	0.8210	5.0000	-9999.0000	-9999.0000	-9999.0000	-9999.0000	-9999.0000	-9999.0000	17.5627	3	0	25.0139	1.0000	99	9	-9999.0000	48821	25052	-9999	2776	2688	-9999	289.2089	5	0.5688	0.5732	-0.0003	52.8756	1.3048	478.8679	403.7295	41.1574	467.1791	95.1389	474.2665	94.8611	478.1682	94.8843	481.7235	94.9537	
07/08/2017	07:48:45	019001	G523009635HLR	L523	S		437.9968	1.0311	3.2638	99.9493	39.5000	0.8230	0.8274	5.0000	17.3117	508.0630	94.9306	13.7917	24.9000	0.9300	0.9417	0.5730	-0.0003	508.0000	509.8353	1.0285	11.6975	100.0155	39.1117	0.8230	0.8210	5.0000	-9999.0000	-9999.0000	-9999.0000	-9999.0000	-9999.0000	-9999.0000	17.7023	4	0	25.9824	1.0000	99	9	-9999.0000	48822	25053	-9999	2777	2689	-9999	289.1544	5	0.5688	0.5730	-0.0003	53.9930	1.3293	478.4213	396.8549	38.2407	468.6513	95.5324	474.0191	94.8380	477.8043	94.8380	481.6094	94.9306	
07/08/2017	07:51:02	019001	G523009998HLR	L523	S		439.6603	1.0311	3.1811	99.9514	39.5000	0.8230	0.8274	5.0000	17.1624	508.0468	94.9074	11.9018	24.9000	0.9300	0.9416	0.5687	0.0000	508.0000	508.0350	1.0285	11.4669	99.9107	39.1321	0.8230	0.8210	5.0000	-9999.0000	-9999.0000	-9999.0000	-9999.0000	-9999.0000	-9999.0000	17.6525	5	0	136.9170	1.0000	99	9	-9999.0000	48823	25054	-9999	2778	2690	-9999	289.0681	5	0.5689	0.5687	0.0000	39.1676	2.2787	485.7389	405.7765	39.3981	476.6993	95.2778	481.2317	95.3009	485.2182	95.2546	488.5936	94.9074	
07/08/2017	07:51:28	019001	G523010003HLR	L523	S		440.1802	1.0311	3.1552	99.9503	39.5500	0.8230	0.8273	5.0000	17.6720	508.0447	94.9074	13.2614	24.9000	0.9300	0.9416	0.5685	0.0000	508.0000	508.9194	1.0285	11.5802	99.9544	39.1333	0.8230	0.8210	5.0000	-9999.0000	-9999.0000	-9999.0000	-9999.0000	-9999.0000	-9999.0000	17.6721	6	0	25.7326	1.0000	99	9	-9999.0000	48824	25055	-9999	2779	2691	-9999	289.0154	5	0.5688	0.5685	0.0000	39.1050	2.2828	483.0966	386.0912	39.5602	475.9029	95.4398	479.0522	95.1852	482.5587	95.1852	485.9394	95.0000	
07/08/2017	07:51:52	019001	G523009994HLR	L523	S		443.8086	1.0311	2.9747	99.9659	39.5405	0.8230	0.8273	5.0000	17.1016	508.0391	94.9306	11.1312	24.9000	0.9300	0.9417	0.5713	-0.0002	508.0000	507.3582	1.0285	11.3802	99.9405	38.9000	0.8230	0.8211	5.0000	-9999.0000	-9999.0000	-9999.0000	-9999.0000	-9999.0000	-9999.0000	17.8917	7	0	24.8829	1.0000	99	9	-9999.0000	48825	25056	-9999	2780	2692	-9999	289.0948	5	0.5686	0.5713	-0.0002	39.1467	2.2801	485.9578	403.2525	37.4537	475.3836	95.5556	481.8586	94.7454	485.5068	94.7454	490.0506	94.9306	
07/08/2017	07:52:19	019001	G523009988HLR	L523	S		437.7844	1.0311	3.2744	99.9970	39.5468	0.8230	0.8273	5.0000	17.2218	508.0432	94.9537	13.8611	24.9000	0.9300	0.9417	0.5717	-0.0003	508.0000	509.3538	1.0285	11.6358	99.9295	39.0120	0.8230	0.8218	5.0000	-9999.0000	-9999.0000	-9999.0000	-9999.0000	-9999.0000	-9999.0000	16.5020	8	0	26.7739	1.0000	99	9	-9999.0000	48826	25057	-9999	2781	2692	-9999	288.6834	5	0.5683	0.5717	-0.0003	38.9851	2.3001	478.9190	390.2246	38.3565	464.5758	95.6944	475.0145	95.1852	478.2071	95.0926	481.9194	95.0463	
07/08/2017	07:53:39	019001	G523009975HLR	L523	S		435.9702	1.0311	3.3647	100.0062	39.5064	0.8230	0.8273	5.0000	17.6719	508.0410	94.9074	12.6217	24.9000	0.9300	0.9416	0.5726	-0.0003	508.0000	504.3481	1.0285	10.9946	100.0829	39.1203	0.8230	0.8215	5.0000	-9999.0000	-9999.0000	-9999.0000	-9999.0000	-9999.0000	-9999.0000	17.4620	1	0	80.2294	1.0000	99	9	-9999.0000	48827	25058	-9999	2782	2693	-9999	288.8575	5	0.5683	0.5726	-0.0003	39.1844	2.2859	480.3344	388.8814	39.8380	468.0983	95.4630	475.8969	94.9769	479.8041	94.9306	483.4858	94.9537	
07/08/2017	07:54:48	019001	G523009974HLR	L523	S		438.3661	1.0311	3.2455	100.0452	39.5229	0.8230	0.8274	5.0000	17.1426	508.0513	94.9537	13.4118	25.1000	0.9300	0.9420	0.5765	-0.0006	508.0000	508.6993	1.0285	11.5520	100.1029	39.1000	0.8230	0.8211	5.0000	-9999.0000	-9999.0000	-9999.0000	-9999.0000	-9999.0000	-9999.0000	17.5225	2	0	68.9890	1.0000	99	9	-9999.0000	48828	25059	-9999	2782	2693	-9999	288.5839	5	0.5681	0.5765	-0.0006	38.9271	2.2976	476.7479	389.4253	40.0694	464.2756	95.8102	472.3229	95.4861	476.3067	95.3472	479.9971	94.8380	
07/08/2017	07:55:13	019001	G523009734HLR	L523	S		441.0729	1.0311	3.1108	99.9863	39.3000	0.8230	0.8275	5.0000	17.1817	508.0355	94.9074	12.6216	24.9000	0.9300	0.9417	0.5781	-0.0008	508.0000	506.1262	1.0285	11.2224	99.9255	38.8333	0.8230	0.8208	5.0000	-9999.0000	-9999.0000	-9999.0000	-9999.0000	-9999.0000	-9999.0000	17.8419	3	0	25.0322	1.0000	99	9	-9999.0000	48829	25060	-9999	2783	2694	-9999	288.8352	5	0.5682	0.5781	-0.0008	38.4581	2.3383	477.6135	405.0216	39.6296	469.6840	95.4861	473.2105	94.8611	476.9749	94.8611	481.5468	94.9306	
07/08/2017	07:55:39	019001	G523009733HLR	L523	S		437.7868	1.0311	3.2743	100.0006	39.3823	0.8230	0.8280	5.0000	17.0713	508.0661	94.9537	13.0514	24.9000	0.9300	0.9415	0.5799	-0.0009	508.0000	505.7598	1.0285	11.1754	100.0147	38.9000	0.8230	0.8208	5.0000	-9999.0000	-9999.0000	-9999.0000	-9999.0000	-9999.0000	-9999.0000	17.7522	4	0	25.5528	1.0000	99	9	-9999.0000	48830	25061	-9999	2784	2695	-9999	288.6159	5	0.5681	0.5799	-0.0009	38.4141	2.3422	475.2873	408.7398	40.2315	465.9189	95.4167	470.4132	94.9306	474.5860	94.9537	478.9531	94.9537	
07/08/2017	07:56:04	019001	G523009735HLR	L523	S		436.6939	1.0311	3.3287	100.0718	39.5500	0.8230	0.8280	5.0000	17.1816	508.0729	94.9306	14.8114	24.9000	0.9300	0.9416	0.5796	-0.0009	508.0000	505.1926	1.0285	11.1028	99.9855	38.9603	0.8230	0.8216	5.0000	-9999.0000	-9999.0000	-9999.0000	-9999.0000	-9999.0000	-9999.0000	17.5117	5	0	25.3842	1.0000	99	9	-9999.0000	48831	25062	-9999	2785	2696	-9999	287.8346	5	0.5685	0.5796	-0.0009	39.0767	2.2987	470.1730	385.4662	37.1991	460.7716	95.9491	464.9035	95.2083	469.5746	95.1620	473.5195	95.0231	
07/08/2017	07:56:31	019001	G523009744HLR	L523	S		441.5929	1.0311	3.0849	99.9542	39.6000	0.8230	0.8275	5.0000	17.5519	508.0557	94.9074	12.5718	25.1000	0.9300	0.9419	0.5801	-0.0009	508.0000	506.6145	1.0285	11.2849	99.9337	39.0947	0.8230	0.8216	5.0000	-9999.0000	-9999.0000	-9999.0000	-9999.0000	-9999.0000	-9999.0000	17.5022	6	0	26.9121	1.0000	99	9	-9999.0000	48832	25063	-9999	2785	2697	-9999	288.8132	5	0.5684	0.5801	-0.0009	33.8230	2.7004	475.3865	369.9017	37.4306	460.9513	96.0648	470.6342	95.2778	474.8536	95.0926	478.9838	95.0000	
07/08/2017	07:56:57	019001	G523009743HLR	L523	S		440.4557	1.0311	3.1415	99.9608	39.2909	0.8230	0.8270	5.0000	17.0812	508.0671	94.9306	11.9311	25.0000	0.9300	0.9417	0.5810	-0.0010	508.0000	504.9944	1.0285	11.0774	99.9603	39.1000	0.8230	0.8212	5.0000	-9999.0000	-9999.0000	-9999.0000	-9999.0000	-9999.0000	-9999.0000	17.4221	7	0	26.2132	1.0000	99	9	-9999.0000	48833	25064	-9999	2786	2698	-9999	289.1159	5	0.5687	0.5810	-0.0010	31.1571	2.9125	477.9043	393.4836	38.5880	463.5353	95.8796	472.5155	95.4630	477.1371	95.3241	481.8560	94.8148	
07/08/2017	07:57:24	019001	G523009739HLR	L523	S		441.8948	1.0311	3.0699	99.9789	39.4553	0.8230	0.8274	5.0000	17.3516	508.0489	94.9074	12.6509	24.9000	0.9300	0.9416	0.5812	-0.0010	508.0000	506.1380	1.0285	11.2239	99.9475	39.0837	0.8230	0.8210	5.0000	-9999.0000	-9999.0000	-9999.0000	-9999.0000	-9999.0000	-9999.0000	17.5314	8	0	26.4535	1.0000	99	9	-9999.0000	48834	25065	-9999	2787	2699	-9999	288.7534	5	0.5689	0.5812	-0.0010	30.7483	2.9294	477.5741	409.4881	38.8426	463.8209	95.7639	471.6083	95.4398	476.9520	95.3935	480.2634	94.7685	
07/08/2017	07:57:50	019001	G523009738HLR	L523	S		440.1319	1.0311	3.1576	99.9398	39.4000	0.8230	0.8274	5.0000	17.7921	508.0302	94.9537	14.0115	24.9000	0.9300	0.9414	0.5773	-0.0006	508.0000	507.8220	1.0285	11.4396	100.0155	39.0656	0.8230	0.8210	5.0000	-9999.0000	-9999.0000	-9999.0000	-9999.0000	-9999.0000	-9999.0000	17.4310	1	0	25.8233	1.0000	99	9	-9999.0000	48835	25066	-9999	2788	2700	-9999	288.7487	5	0.5691	0.5773	-0.0006	44.5173	1.8408	474.4317	415.1344	38.9583	466.6107	95.5787	470.7058	94.8611	473.9588	94.8611	477.7526	94.9306	
07/08/2017	07:58:15	019001	G523009736HLR	L523	S		438.1665	1.0311	3.2554	99.9589	39.4357	0.8230	0.8277	5.0000	17.1818	508.0583	94.9074	14.8524	24.9000	0.9300	0.9416	0.5760	-0.0005	508.0000	509.2383	1.0285	11.6210	100.0744	39.0667	0.8230	0.8211	5.0000	-9999.0000	-9999.0000	-9999.0000	-9999.0000	-9999.0000	-9999.0000	17.5421	2	0	25.6429	1.0000	99	9	-9999.0000	48836	25067	-9999	2789	2701	-9999	288.8062	5	0.5694	0.5760	-0.0005	46.2119	1.6691	473.0544	405.1782	39.9769	460.2431	95.3241	468.2434	95.0926	472.5359	95.0000	476.4273	94.9769	
07/08/2017	07:58:41	019001	G523009722HLR	L523	S		443.1579	1.0311	3.0071	100.0337	39.5324	0.8230	0.8276	5.0000	17.3419	508.0541	94.9074	11.9507	24.9000	0.9300	0.9415	0.5817	-0.0009	508.0000	509.8888	1.0285	11.7043	99.9963	39.0816	0.8230	0.8211	5.0000	-9999.0000	-9999.0000	-9999.0000	-9999.0000	-9999.0000	-9999.0000	17.4522	3	0	25.3135	1.0000	99	9	-9999.0000	48837	25068	-9999	2790	2702	-9999	289.9533	5	0.5698	0.5817	-0.0009	39.3334	2.1732	478.1886	406.7819	38.4491	467.4930	95.3009	473.1869	94.6759	477.6639	94.6759	482.3624	94.8843	
07/08/2017	07:59:06	019001	G523009729HLR	L523	S		437.2937	1.0311	3.2988	99.9714	39.5500	0.8230	0.8274	5.0000	17.0713	508.0767	94.9769	14.4217	24.9000	0.9300	0.9416	0.5809	-0.0008	508.0000	508.4812	1.0285	11.5240	100.0750	39.0989	0.8230	0.8211	5.0000	-9999.0000	-9999.0000	-9999.0000	-9999.0000	-9999.0000	-9999.0000	17.5519	4	0	25.6234	1.0000	99	9	-9999.0000	48838	25069	-9999	2791	2703	-9999	289.0128	5	0.5700	0.5809	-0.0008	39.3870	2.1412	471.8423	411.2216	39.4213	463.5059	95.5556	467.2051	95.1157	471.6455	95.1620	474.9826	95.0000	
07/08/2017	07:59:32	019001	G523010010HLR	L523	S		436.5865	1.0311	3.3340	100.0542	39.5000	0.8230	0.8272	5.0000	17.3511	508.0648	94.9074	14.4715	24.9000	0.9300	0.9416	0.5986	-0.0022	508.0000	507.7045	1.0285	11.4245	100.0508	39.1000	0.8230	0.8211	5.0000	-9999.0000	-9999.0000	-9999.0000	-9999.0000	-9999.0000	-9999.0000	17.5117	5	0	25.2325	1.0000	99	9	-9999.0000	48839	25070	-9999	2792	2704	-9999	287.9851	5	0.5699	0.5986	-0.0022	41.6196	1.9508	460.5433	389.0772	40.7176	446.5482	95.1852	454.3856	94.9537	459.6574	94.9306	464.5366	94.9537	
07/08/2017	08:00:01	019001	G523009712HLR	L523	S		440.0808	1.0311	3.1602	100.0000	39.4500	0.8230	0.8273	5.0000	17.0713	508.0389	94.9074	13.2213	24.9000	0.9300	0.9415	0.5900	-0.0015	508.0000	510.3907	1.0285	11.7686	99.9522	39.1000	0.8230	0.8210	5.0000	-9999.0000	-9999.0000	-9999.0000	-9999.0000	-9999.0000	-9999.0000	17.6125	6	0	29.3036	1.0000	99	9	-9999.0000	48840	25071	-9999	2793	2705	-9999	289.6014	5	0.5699	0.5900	-0.0015	42.6475	1.8540	470.7358	395.0791	40.5324	458.4708	95.1852	465.6143	95.0463	470.0242	94.9769	475.4098	95.0000	
07/08/2017	08:00:26	019001	G523009716HLR	L523	S		436.5729	1.0311	3.3347	100.0502	39.4737	0.8230	0.8274	5.0000	17.2217	508.0406	94.9306	13.9421	24.9000	0.9300	0.9416	0.5822	-0.0010	508.0000	508.3910	1.0285	11.5125	100.0023	39.1000	0.8230	0.8211	5.0000	-9999.0000	-9999.0000	-9999.0000	-9999.0000	-9999.0000	-9999.0000	17.5724	7	0	25.0135	1.0000	99	9	-9999.0000	48840	25072	-9999	2794	2706	-9999	289.0442	5	0.5695	0.5822	-0.0010	44.2207	1.7318	471.9908	401.3441	37.8704	460.8289	95.7407	466.5791	95.2778	471.3585	95.2315	475.8684	94.9074	
07/08/2017	08:00:52	019001	G523009750HLR	L523	S		441.6936	1.0311	3.0799	99.9745	39.5000	0.8230	0.8274	5.0000	17.2218	508.0707	94.9074	12.9010	24.9000	0.9300	0.9416	0.5861	-0.0012	508.0000	509.4460	1.0285	11.6476	99.9450	39.1000	0.8230	0.8209	5.0000	-9999.0000	-9999.0000	-9999.0000	-9999.0000	-9999.0000	-9999.0000	17.7618	8	0	25.9426	1.0000	99	9	-9999.0000	48841	25073	-9999	2795	2707	-9999	289.8092	5	0.5697	0.5861	-0.0012	41.7389	1.9153	474.1470	395.6337	38.6111	460.1673	95.4398	468.8835	95.1852	473.5706	95.1157	478.0221	94.9074	
07/08/2017	08:01:17	019001	G523009727HLR	L523	S		438.3259	1.0311	3.2475	99.9245	39.5000	0.8230	0.8274	5.0000	17.0821	508.0505	94.9537	13.8415	24.9000	0.9300	0.9416	0.5845	-0.0011	508.0000	509.1982	1.0285	11.6159	99.9511	39.0960	0.8230	0.8210	5.0000	-9999.0000	-9999.0000	-9999.0000	-9999.0000	-9999.0000	-9999.0000	17.5821	1	0	25.3937	1.0000	99	9	-9999.0000	48842	25074	-9999	2796	2708	-9999	289.0997	5	0.5693	0.5845	-0.0011	40.8774	2.0005	471.0345	392.3261	38.6574	458.1032	95.5324	465.9089	94.7685	470.4725	94.7454	474.8357	94.9074	
07/08/2017	08:01:43	019001	G523007487HLR	L523	S		428.3399	1.0311	3.7443	100.0124	39.5000	0.8230	0.8274	5.0000	17.1621	508.0952	94.9537	17.2619	24.9000	0.9300	0.9416	0.5893	-0.0015	508.0000	507.6336	1.0285	11.4155	99.9308	39.1000	0.8230	0.8211	5.0000	-9999.0000	-9999.0000	-9999.0000	-9999.0000	-9999.0000	-9999.0000	17.6829	2	0	25.5529	1.0000	99	9	-9999.0000	48843	25075	-9999	2797	2709	-9999	287.4037	5	0.5689	0.5893	-0.0015	36.7994	2.3550	461.7771	397.7650	38.7731	447.9785	95.6019	456.9038	95.3009	461.2307	95.1852	464.9639	94.8843	
07/08/2017	08:02:08	019001	G523009806HLR	L523	S		439.0494	1.0311	3.2115	100.0631	39.5000	0.8230	0.8273	5.0000	17.3829	508.0542	94.9074	13.0817	24.9000	0.9300	0.9415	0.5893	-0.0015	508.0000	506.6252	1.0285	11.2863	99.9081	39.1000	0.8230	0.8210	5.0000	-9999.0000	-9999.0000	-9999.0000	-9999.0000	-9999.0000	-9999.0000	17.6018	3	0	25.6124	1.0000	99	9	-9999.0000	48844	25076	-9999	2798	2710	-9999	289.4946	5	0.5689	0.5893	-0.0015	36.7994	2.3550	470.6792	395.8961	40.3704	454.6665	95.2315	464.8390	95.0231	469.8521	94.8843	474.7204	94.9769	
07/08/2017	08:02:35	019001	G523009805HLR	L523	S		437.6028	1.0311	3.2834	99.9283	39.5000	0.8230	0.8273	5.0000	17.4014	508.0580	94.9537	13.8913	24.9000	0.9300	0.9416	0.5801	-0.0009	508.0000	509.1796	1.0285	11.6135	99.9896	39.1127	0.8230	0.8210	5.0000	-9999.0000	-9999.0000	-9999.0000	-9999.0000	-9999.0000	-9999.0000	17.5723	4	0	26.9740	1.0000	99	9	-9999.0000	48845	25077	-9999	2799	2711	-9999	288.7518	5	0.5688	0.5801	-0.0009	39.4914	2.1728	472.6712	394.9419	37.5000	459.8842	95.5787	467.7533	94.7917	472.2594	94.7685	476.1819	94.9074	
07/08/2017	08:03:01	019001	G523009798HLR	L523	S		439.7731	1.0311	3.1755	99.8934	39.4866	0.8230	0.8270	5.0000	18.6722	508.0264	94.9306	14.0017	24.9000	0.9300	0.9416	0.5768	-0.0006	508.0000	508.9384	1.0285	11.5826	99.9927	39.1000	0.8230	0.8210	5.0000	-9999.0000	-9999.0000	-9999.0000	-9999.0000	-9999.0000	-9999.0000	17.3517	5	0	25.5529	1.0000	99	9	-9999.0000	48846	25078	-9999	2800	2712	-9999	288.6146	5	0.5683	0.5768	-0.0006	44.5071	1.8360	474.9462	387.8279	36.4583	459.6683	95.3241	470.4197	95.1620	474.4731	95.0694	478.4550	94.9537	
