Data	Timp	Nr. masina	Nr. de serie	Tip	Productie	Comentariu	Pre-masurare Q [ml/min]	Pre-masurare Gain	Pre-masurare Offset Master	Pre-masurare P [bar]	Pre-masurare T [°C]	Pre-masurare Densitate fixa [kg/l]	Pre-masurare densitate masurata [kg/l]	Pre-masurare Timp masurare [s]	Pre-masurare Cycle time [s]	rectificare Q Oprire [ml/min]	rectificare P Oprire [bar]	rectificare Timp rectificare [s]	rectificare T [°C]	rectificare Densitate fixa [kg/l]	rectificare densitate masurata [kg/l]	rectificare Factor de masurare la rectificare	rectificare Factor de corectie a debitului	rectificare Target rectificare	Masurare Q [ml/min]	Masurare Gain	Masurare Offset Master	Masurare P [bar]	Masurare T [°C]	Masurare Densitate fixa [kg/l]	Masurare densitate masurata [kg/l]	Masurare Timp masurare [s]	Masurare Q [ml/min]	Masurare Delta Q [ml/min]	Masurare P [bar]	Masurare BP [bar]	Masurare T [°C]	Masurare Timp masurare [s]	Masurare Cycle time [s]	Nest Nr.	Cod de descarcare	Cycle time [s]	Traceability aktiv	EDM Maschine Nr	EDM Spindle Nr	Honing Rate [r	Station Counter Premeasure	Station Counter Grind	Station Counter Blowout 1	Station Counter Wash	Station Counter Measure	Station Counter Blowout 2	RealGrindQStop	Reg Type	Factor 0	Factor 1	Factor 2	Factor 3	Factor 4	G_StartQV	G_StartQV_1	G_StartQV_2	G_StartQV_3	G_StartQV_4	G_StartQV_5	
26/08/2017	00:00:46	019001	H421117456HLR	L421	S		693.4273	1.0311	0.0000	99.9678	39.6739	0.8230	0.8252	5.0000	18.4330	815.0800	96.8981	19.2621	24.5000	0.9300	0.9324	0.6950	-0.0001	815.0000	815.2167	1.0285	2.3312	100.0285	39.2128	0.8230	0.8192	5.0000	-9999.0000	-9999.0000	-9999.0000	-9999.0000	-9999.0000	-9999.0000	18.4124	7	0	31.6132	1.0000	99	9	-9999.0000	33880	62337	-9999	2330	2311	-9999	565.1216	5	0.6933	0.6950	-0.0001	47.9084	3.8834	715.6924	328.6172	35.1852	694.6289	98.1481	738.4867	96.8287	745.0290	96.8056	750.0182	97.0139	
26/08/2017	00:01:49	019001	H421121099HLR	L421	S		692.6239	1.0311	0.0000	99.9724	39.6828	0.8230	0.8252	5.0000	17.4923	815.0708	96.9213	19.8423	24.5000	0.9300	0.9323	0.7020	-0.0005	815.0000	814.9229	1.0285	2.3485	100.0225	39.2003	0.8230	0.8192	5.0000	-9999.0000	-9999.0000	-9999.0000	-9999.0000	-9999.0000	-9999.0000	18.4223	1	0	32.7843	1.0000	99	9	-9999.0000	33881	62338	-9999	2331	2312	-9999	564.9042	5	0.6936	0.7020	-0.0005	63.0988	3.0636	706.3658	319.3385	36.8750	685.4005	97.7315	730.1538	96.6898	736.5328	96.8981	741.9081	97.0139	
26/08/2017	00:02:53	019001	H421121111HLR	L421	S		693.5538	1.0311	0.0000	99.9858	39.7683	0.8230	0.8252	5.0000	18.7220	815.0440	96.9213	19.4926	24.5000	0.9300	0.9324	0.7025	-0.0005	815.0000	815.3332	1.0285	2.3243	99.9437	39.1570	0.8230	0.8192	5.0000	-9999.0000	-9999.0000	-9999.0000	-9999.0000	-9999.0000	-9999.0000	18.4124	3	0	31.5841	1.0000	99	9	-9999.0000	33882	62339	-9999	2332	2313	-9999	565.0295	5	0.6938	0.7025	-0.0005	66.8050	2.8636	709.6494	303.3192	36.0648	689.1735	97.8935	731.7842	96.5741	738.9974	96.8750	745.7935	97.0139	
26/08/2017	00:03:23	019001	H421121120HLR	L421	S		693.4512	1.0311	0.0000	99.9542	39.7000	0.8230	0.8254	5.0000	17.1416	815.0794	96.9444	18.5423	24.5000	0.9300	0.9321	0.7040	-0.0006	815.0000	814.3360	1.0285	2.3832	99.9701	39.2743	0.8230	0.8198	5.0000	-9999.0000	-9999.0000	-9999.0000	-9999.0000	-9999.0000	-9999.0000	18.3126	4	0	29.7935	1.0000	99	9	-9999.0000	33883	62340	-9999	2333	2314	-9999	565.4246	5	0.6938	0.7040	-0.0006	73.8321	2.4848	710.9536	341.0180	38.8657	690.8703	97.3611	732.3159	96.6435	738.9563	96.8981	744.9761	96.9907	
26/08/2017	00:03:57	019001	H421121122HLR	L421	S		690.6033	1.0311	0.0000	99.9752	39.7000	0.8230	0.8255	5.0000	17.3517	815.0852	96.9213	20.7320	24.5000	0.9300	0.9322	0.7040	-0.0006	815.0000	814.5543	1.0285	2.3703	100.1129	39.3469	0.8230	0.8196	5.0000	-9999.0000	-9999.0000	-9999.0000	-9999.0000	-9999.0000	-9999.0000	18.3527	5	0	33.8138	1.0000	99	9	-9999.0000	33884	62341	-9999	2334	2315	-9999	564.5945	5	0.6938	0.7040	-0.0006	73.8321	2.4848	708.5781	343.8308	40.1852	689.9882	97.0602	728.3949	96.7593	736.3398	96.8056	742.5207	97.1065	
26/08/2017	00:04:29	019001	H421121100HLR	L421	S		689.3341	1.0311	0.0000	99.9761	39.6882	0.8230	0.8250	5.0000	18.5714	815.0635	96.9213	21.4821	24.5000	0.9300	0.9323	0.7081	-0.0008	815.0000	814.5324	1.0285	2.3716	99.9845	39.2923	0.8230	0.8194	5.0000	-9999.0000	-9999.0000	-9999.0000	-9999.0000	-9999.0000	-9999.0000	18.3530	6	0	31.9539	1.0000	99	9	-9999.0000	33885	62342	-9999	2335	2316	-9999	564.2041	5	0.6935	0.7081	-0.0008	80.7160	2.1202	705.4492	343.5901	39.3750	686.9124	97.2685	723.5637	96.7593	729.5847	96.8287	735.6389	97.0370	
26/08/2017	00:05:00	019001	H421121145HLR	L421	S		691.1536	1.0311	0.0000	99.9829	39.6956	0.8230	0.8250	5.0000	18.6527	815.1016	96.9444	19.4624	24.6000	0.9300	0.9322	0.7084	-0.0008	815.0000	814.7718	1.0285	2.3575	99.9134	39.2859	0.8230	0.8194	5.0000	-9999.0000	-9999.0000	-9999.0000	-9999.0000	-9999.0000	-9999.0000	18.4623	7	0	30.8037	1.0000	99	9	-9999.0000	33886	62343	-9999	2336	2317	-9999	565.1417	5	0.6939	0.7084	-0.0008	87.2432	1.7875	705.0351	336.8636	40.2083	685.7253	97.0370	725.4986	96.7824	733.0104	96.8519	738.8694	97.0139	
26/08/2017	00:05:30	019001	H421121093HLR	L421	S		694.1193	1.0311	0.0000	99.9133	39.7293	0.8230	0.8251	5.0000	18.2230	815.0629	96.9444	18.2825	24.6000	0.9300	0.9322	0.7068	-0.0007	815.0000	814.8130	1.0285	2.3550	99.9462	39.3031	0.8230	0.8195	5.0000	-9999.0000	-9999.0000	-9999.0000	-9999.0000	-9999.0000	-9999.0000	18.4621	8	0	30.4840	1.0000	99	9	-9999.0000	33887	62344	-9999	2337	2318	-9999	565.8884	5	0.6939	0.7068	-0.0007	94.6095	1.4110	707.9285	341.0580	39.8148	688.5370	97.1296	728.6439	96.7130	735.4418	96.8750	741.7908	97.0370	
26/08/2017	00:06:01	019001	H421121148HLR	L421	S		688.2610	1.0311	0.0000	99.9863	39.7000	0.8230	0.8255	5.0000	17.1318	815.0618	96.9213	21.7527	24.5000	0.9300	0.9321	0.7052	-0.0006	815.0000	815.4810	1.0285	2.3155	100.0749	39.3290	0.8230	0.8195	5.0000	-9999.0000	-9999.0000	-9999.0000	-9999.0000	-9999.0000	-9999.0000	18.3821	1	0	30.6132	1.0000	99	9	-9999.0000	33888	62345	-9999	2338	2319	-9999	563.9980	5	0.6938	0.7052	-0.0006	92.8130	1.5015	701.1322	334.6828	38.0324	680.9011	97.4306	722.0817	96.6204	728.4554	97.0139	734.0113	96.9676	
26/08/2017	00:06:31	019001	H421121141HLR	L421	S		686.7932	1.0311	0.0000	99.9850	39.7064	0.8230	0.8254	5.0000	17.3418	815.0939	96.9213	20.4517	24.5000	0.9300	0.9321	0.7051	-0.0006	815.0000	815.0937	1.0285	2.3384	100.0793	39.3225	0.8230	0.8194	5.0000	-9999.0000	-9999.0000	-9999.0000	-9999.0000	-9999.0000	-9999.0000	18.5612	2	0	30.0241	1.0000	99	9	-9999.0000	33889	62346	-9999	2339	2320	-9999	564.9785	5	0.6937	0.7051	-0.0006	91.2522	1.5781	701.0641	324.7697	36.4120	680.5444	97.4769	724.4811	96.8287	733.6864	96.9676	739.1668	97.0370	
26/08/2017	00:07:00	019001	H421121154HLR	L421	S		692.3677	1.0311	0.0000	99.9979	39.7525	0.8230	0.8254	5.0000	17.4523	815.0894	96.9444	18.7425	24.6000	0.9300	0.9321	0.7050	-0.0006	815.0000	815.0947	1.0285	2.3384	99.9874	39.3339	0.8230	0.8194	5.0000	-9999.0000	-9999.0000	-9999.0000	-9999.0000	-9999.0000	-9999.0000	18.5424	3	0	29.0836	1.0000	99	9	-9999.0000	33890	62347	-9999	2340	2321	-9999	565.7464	5	0.6937	0.7050	-0.0006	94.7569	1.4082	706.4717	331.7287	36.2500	685.8206	97.7315	729.1062	96.8519	737.0383	96.8981	742.7149	97.0139	
26/08/2017	00:07:30	019001	H421121152HLR	L421	S		691.4587	1.0311	0.0000	99.9302	39.6986	0.8230	0.8253	5.0000	17.7122	815.0445	96.9213	18.9818	24.5000	0.9300	0.9321	0.7053	-0.0006	815.0000	815.1508	1.0285	2.3351	100.0923	39.3425	0.8230	0.8194	5.0000	-9999.0000	-9999.0000	-9999.0000	-9999.0000	-9999.0000	-9999.0000	18.4923	4	0	29.5535	1.0000	99	9	-9999.0000	33891	62348	-9999	2341	2322	-9999	565.5824	5	0.6933	0.7053	-0.0006	91.5234	1.5805	706.1574	326.0036	36.8287	685.3298	97.7315	730.2816	96.4815	737.9075	97.0370	743.1195	97.0139	
26/08/2017	00:08:02	019001	H421121170HLR	L421	S		692.6463	1.0311	0.0000	100.0565	39.7834	0.8230	0.8254	5.0000	17.5314	815.0797	96.9213	18.6126	24.6000	0.9300	0.9322	0.7057	-0.0006	815.0000	815.4337	1.0285	2.3183	99.9762	39.3560	0.8230	0.8195	5.0000	-9999.0000	-9999.0000	-9999.0000	-9999.0000	-9999.0000	-9999.0000	18.4427	5	0	32.3133	1.0000	99	9	-9999.0000	33892	62349	-9999	2342	2323	-9999	565.7234	5	0.6932	0.7057	-0.0006	91.1032	1.6028	706.4060	331.8288	36.1343	685.2322	97.8935	730.2458	96.5046	737.9905	96.9676	743.1940	96.9907	
26/08/2017	00:08:33	019001	H421121184HLR	L421	S		694.1277	1.0311	0.0000	99.9415	39.7449	0.8230	0.8252	5.0000	17.6118	815.0505	96.9444	18.5228	24.6000	0.9300	0.9323	0.7051	-0.0006	815.0000	814.6038	1.0285	2.3674	99.9710	39.3560	0.8230	0.8194	5.0000	-9999.0000	-9999.0000	-9999.0000	-9999.0000	-9999.0000	-9999.0000	18.5121	6	0	30.9844	1.0000	99	9	-9999.0000	33893	62350	-9999	2343	2324	-9999	565.8210	5	0.6933	0.7051	-0.0006	93.1920	1.5098	706.2625	337.0739	38.0093	685.0097	97.6389	730.4634	96.7130	738.2498	96.9213	744.7893	97.0139	
26/08/2017	00:09:07	019001	H421121162HLR	L421	S		696.7238	1.0311	0.0000	99.9915	39.7000	0.8230	0.8253	5.0000	17.6622	815.1065	96.9444	16.9718	24.6000	0.9300	0.9320	0.7043	-0.0005	815.0000	814.3185	1.0285	2.3842	99.9677	39.3526	0.8230	0.8193	5.0000	-9999.0000	-9999.0000	-9999.0000	-9999.0000	-9999.0000	-9999.0000	18.4625	7	0	33.8936	1.0000	99	9	-9999.0000	33894	62351	-9999	2344	2325	-9999	566.6787	5	0.6934	0.7043	-0.0005	93.1522	1.5399	715.4929	352.6883	39.3287	696.2644	97.2917	736.4605	96.6898	744.1593	96.8750	751.0915	97.1296	
26/08/2017	00:09:39	019001	H421121182HLR	L421	S		695.2246	1.0311	0.0000	99.9800	39.7611	0.8230	0.8251	5.0000	18.6721	815.0949	96.9907	18.0422	24.6000	0.9300	0.9320	0.7038	-0.0005	815.0000	814.6309	1.0285	2.3658	100.0238	39.3431	0.8230	0.8194	5.0000	-9999.0000	-9999.0000	-9999.0000	-9999.0000	-9999.0000	-9999.0000	18.5229	8	0	32.1339	1.0000	99	9	-9999.0000	33895	62352	-9999	2345	2326	-9999	566.1407	5	0.6935	0.7038	-0.0005	94.7445	1.4743	713.8899	348.8990	38.3333	694.1664	97.5694	733.8738	96.7361	740.7250	96.8750	746.2685	97.0370	
26/08/2017	00:10:13	019001	H421121176HLR	L421	S		690.6239	1.0311	0.0000	99.9668	39.7603	0.8230	0.8249	5.0000	19.0228	815.0757	96.9676	20.2222	24.6000	0.9300	0.9321	0.7040	-0.0005	815.0000	815.3912	1.0285	2.3209	100.0505	39.3558	0.8230	0.8194	5.0000	-9999.0000	-9999.0000	-9999.0000	-9999.0000	-9999.0000	-9999.0000	18.4818	1	0	33.7443	1.0000	99	9	-9999.0000	33896	62353	-9999	2346	2327	-9999	565.1519	5	0.6935	0.7040	-0.0005	94.2102	1.4995	707.7918	345.7353	37.8241	688.6881	97.7083	729.3159	96.7593	735.5653	96.8750	741.5580	97.0602	
26/08/2017	00:10:44	019001	H421121155HLR	L421	S		692.6399	1.0311	0.0000	100.0174	39.7745	0.8230	0.8252	5.0000	17.5226	815.0508	96.9676	19.4828	24.5000	0.9300	0.9320	0.7083	-0.0008	815.0000	815.5709	1.0285	2.3102	99.9712	39.3530	0.8230	0.8194	5.0000	-9999.0000	-9999.0000	-9999.0000	-9999.0000	-9999.0000	-9999.0000	18.5121	2	0	31.8437	1.0000	99	9	-9999.0000	33897	62354	-9999	2347	2328	-9999	565.4696	5	0.6938	0.7083	-0.0008	86.6773	1.8891	711.7381	338.4637	37.5231	692.8031	97.8009	729.7394	96.6667	736.0832	96.9676	742.2640	97.0139	
26/08/2017	00:11:17	019001	H421121186HLR	L421	S		687.7312	1.0311	0.0000	100.0050	39.7098	0.8230	0.8253	5.0000	17.7014	815.0798	96.9213	21.8220	24.5000	0.9300	0.9320	0.7101	-0.0008	815.0000	816.8882	1.0285	2.2324	100.0993	39.3571	0.8230	0.8193	5.0000	-9999.0000	-9999.0000	-9999.0000	-9999.0000	-9999.0000	-9999.0000	18.5728	3	0	32.7941	1.0000	99	9	-9999.0000	33898	62355	-9999	2348	2329	-9999	564.0203	5	0.6940	0.7101	-0.0008	63.9431	3.1172	700.8288	344.8369	37.4074	681.9209	97.7546	721.0644	96.7361	727.8648	96.8750	734.7818	97.0833	
26/08/2017	00:11:46	019001	H421121548HLR	L421	S		689.4276	1.0311	0.0000	99.9448	39.7483	0.8230	0.8253	5.0000	17.7024	815.0631	96.9676	20.6324	24.5000	0.9300	0.9321	0.7100	-0.0008	815.0000	816.6862	1.0285	2.2443	99.9259	39.3580	0.8230	0.8193	5.0000	-9999.0000	-9999.0000	-9999.0000	-9999.0000	-9999.0000	-9999.0000	18.5323	4	0	29.0338	1.0000	99	9	-9999.0000	33899	62356	-9999	2349	2330	-9999	564.5875	5	0.6940	0.7100	-0.0008	79.2910	2.2794	702.5394	330.7699	39.3981	683.0173	97.2917	723.4756	96.6667	730.2053	96.9444	735.9190	97.0602	
26/08/2017	00:12:17	019001	H421121568HLR	L421	S		685.5591	1.0311	0.0000	99.9801	39.7884	0.8230	0.8253	5.0000	17.7716	815.0626	96.9213	21.6628	24.5000	0.9300	0.9321	0.7102	-0.0009	815.0000	815.1690	1.0285	2.3340	99.9870	39.3649	0.8230	0.8194	5.0000	-9999.0000	-9999.0000	-9999.0000	-9999.0000	-9999.0000	-9999.0000	18.5326	5	0	31.0242	1.0000	99	9	-9999.0000	33900	62356	-9999	2350	2331	-9999	563.9081	5	0.6938	0.7102	-0.0009	80.4164	2.2167	694.8157	329.8637	39.0972	675.8501	97.3611	715.3251	96.8287	722.7604	96.8519	729.0695	97.0602	
26/08/2017	00:12:47	019001	H421121578HLR	L421	S		690.5193	1.0311	0.0000	100.0010	39.7000	0.8230	0.8254	5.0000	17.2813	815.0571	96.9213	20.3833	24.6000	0.9300	0.9322	0.7097	-0.0008	815.0000	815.8939	1.0285	2.2911	99.9914	39.3617	0.8230	0.8194	5.0000	-9999.0000	-9999.0000	-9999.0000	-9999.0000	-9999.0000	-9999.0000	18.5520	6	0	30.0329	1.0000	99	9	-9999.0000	33901	62357	-9999	2351	2332	-9999	564.7441	5	0.6937	0.7097	-0.0008	75.9338	2.4586	701.3420	322.0487	38.1019	680.2758	97.5694	724.9016	96.7361	732.7021	97.0139	738.5380	97.0370	
26/08/2017	00:13:19	019001	H421121560HLR	L421	S		690.7940	1.0311	0.0000	99.9941	39.8000	0.8230	0.8253	5.0000	17.7921	815.0589	96.9676	20.7232	24.5000	0.9300	0.9320	0.7156	-0.0011	815.0000	816.0347	1.0285	2.2828	99.9428	39.3898	0.8230	0.8194	5.0000	-9999.0000	-9999.0000	-9999.0000	-9999.0000	-9999.0000	-9999.0000	18.5024	7	0	31.9942	1.0000	99	9	-9999.0000	33902	62358	-9999	2351	2333	-9999	564.5461	5	0.6936	0.7156	-0.0011	76.7257	2.4133	699.0858	322.6561	36.8981	678.3150	97.7315	721.5662	96.7130	729.8097	96.9444	736.3987	97.0833	
26/08/2017	00:13:50	019001	H421121552HLR	L421	S		694.7766	1.0311	0.0000	99.9320	39.7289	0.8230	0.8251	5.0000	17.9511	815.0759	96.9676	17.5314	24.5000	0.9300	0.9320	0.7136	-0.0010	815.0000	815.5610	1.0285	2.3108	100.0781	39.3694	0.8230	0.8194	5.0000	-9999.0000	-9999.0000	-9999.0000	-9999.0000	-9999.0000	-9999.0000	18.5120	8	0	30.9733	1.0000	99	9	-9999.0000	33903	62359	-9999	2352	2334	-9999	566.9060	5	0.6933	0.7136	-0.0010	74.9303	2.5041	702.0754	314.3494	37.1296	681.5080	97.5926	724.7214	96.5741	732.8911	96.9676	740.2464	97.0833	
26/08/2017	00:14:21	019001	H421121551HLR	L421	S		691.9095	1.0311	0.0000	100.0192	39.7325	0.8230	0.8251	5.0000	18.5218	815.0900	96.9213	18.9222	24.5000	0.9300	0.9320	0.7138	-0.0011	815.0000	814.7136	1.0285	2.3609	99.9074	39.3752	0.8230	0.8193	5.0000	-9999.0000	-9999.0000	-9999.0000	-9999.0000	-9999.0000	-9999.0000	18.5325	1	0	31.0536	1.0000	99	9	-9999.0000	33904	62360	-9999	2353	2335	-9999	565.6651	5	0.6932	0.7138	-0.0011	71.4785	2.6548	698.5788	324.9831	37.6157	678.0174	97.4306	721.1881	96.6667	729.7873	97.0139	735.5819	97.0370	
26/08/2017	00:14:52	019001	H421121572HLR	L421	S		694.3242	1.0311	0.0000	99.9991	39.7741	0.8230	0.8250	5.0000	18.7523	815.0975	96.9676	18.5218	24.6000	0.9300	0.9322	0.7149	-0.0011	815.0000	815.3066	1.0285	2.3259	99.9531	39.3631	0.8230	0.8194	5.0000	-9999.0000	-9999.0000	-9999.0000	-9999.0000	-9999.0000	-9999.0000	18.5520	2	0	31.1639	1.0000	99	9	-9999.0000	33905	62361	-9999	2354	2336	-9999	565.9988	5	0.6930	0.7149	-0.0011	72.5515	2.5888	702.2427	318.8960	37.7083	681.6955	97.5231	725.2750	96.8519	732.6198	96.8519	738.9720	97.1065	
26/08/2017	00:15:22	019001	H421121555HLR	L421	S		681.9197	1.0311	0.0000	99.9316	39.7731	0.8230	0.8251	5.0000	18.1418	815.0584	96.9676	19.9429	24.5000	0.9300	0.9320	0.7145	-0.0011	815.0000	813.2882	1.0285	2.4451	99.9682	39.3882	0.8230	0.8194	5.0000	-9999.0000	-9999.0000	-9999.0000	-9999.0000	-9999.0000	-9999.0000	18.4443	3	0	29.8943	1.0000	99	9	-9999.0000	33906	62362	-9999	2355	2337	-9999	564.7352	5	0.6930	0.7145	-0.0011	75.5376	2.4555	691.2917	332.2303	38.8426	672.3366	97.4769	711.0910	96.7593	721.2151	97.0139	728.7435	97.0602	
26/08/2017	00:15:53	019001	H421121577HLR	L421	S		691.3937	1.0311	0.0000	100.0399	39.7206	0.8230	0.8249	5.0000	18.7124	815.0728	96.9444	19.5327	24.5000	0.9300	0.9322	0.7142	-0.0011	815.0000	814.5644	1.0285	2.3697	100.0864	39.3802	0.8230	0.8194	5.0000	-9999.0000	-9999.0000	-9999.0000	-9999.0000	-9999.0000	-9999.0000	18.5519	4	0	30.9335	1.0000	99	9	-9999.0000	33907	62363	-9999	2356	2338	-9999	565.0282	5	0.6929	0.7142	-0.0011	79.3539	2.2744	696.5786	320.5770	36.6898	676.1344	97.9167	721.1107	96.5741	727.6096	97.0139	734.0859	97.0602	
26/08/2017	00:16:26	019001	H421121670HLR	L421	S		691.9318	1.0311	0.0000	99.9715	39.7944	0.8230	0.8253	5.0000	17.7023	815.0651	96.9213	19.0228	24.5000	0.9300	0.9321	0.7140	-0.0011	815.0000	814.8658	1.0285	2.3519	99.9479	39.3798	0.8230	0.8194	5.0000	-9999.0000	-9999.0000	-9999.0000	-9999.0000	-9999.0000	-9999.0000	18.5324	5	0	33.0440	1.0000	99	9	-9999.0000	33908	62364	-9999	2357	2339	-9999	565.5798	5	0.6928	0.7140	-0.0011	80.8615	2.2013	698.9857	319.9870	37.4306	679.1618	97.6620	721.3946	96.6204	729.1473	96.9676	735.7891	97.0833	
26/08/2017	00:16:56	019001	H421121587HLR	L421	S		691.9797	1.0311	0.0000	99.9811	39.7936	0.8230	0.8253	5.0000	17.3115	815.0802	96.9676	19.6723	24.5000	0.9300	0.9320	0.7137	-0.0010	815.0000	814.7627	1.0285	2.3580	99.9175	39.3965	0.8230	0.8194	5.0000	-9999.0000	-9999.0000	-9999.0000	-9999.0000	-9999.0000	-9999.0000	18.5228	6	0	29.3934	1.0000	99	9	-9999.0000	33909	62365	-9999	2358	2340	-9999	564.9692	5	0.6929	0.7137	-0.0010	81.0843	2.1948	698.5311	317.1695	35.6944	678.0845	97.9630	720.4416	96.6898	727.5405	96.9676	733.0883	97.0602	
26/08/2017	00:17:28	019001	H421121684HLR	L421	S		688.9574	1.0311	0.0000	100.0424	39.7287	0.8230	0.8252	5.0000	17.9316	815.0674	96.9444	17.8713	24.6000	0.9300	0.9322	0.7139	-0.0011	815.0000	814.9536	1.0285	2.3467	99.9622	39.3830	0.8230	0.8193	5.0000	-9999.0000	-9999.0000	-9999.0000	-9999.0000	-9999.0000	-9999.0000	18.5726	7	0	32.3242	1.0000	99	9	-9999.0000	33910	62366	-9999	2359	2341	-9999	566.5071	5	0.6929	0.7139	-0.0011	81.2326	2.1880	700.9212	319.1306	35.9491	679.7758	98.0093	723.8151	96.5509	732.3429	97.0602	738.7142	97.0139	
26/08/2017	00:17:58	019001	H421121685HLR	L421	S		687.9017	1.0311	0.0000	100.0092	39.8000	0.8230	0.8255	5.0000	17.2118	815.0909	96.9444	19.4526	24.5000	0.9300	0.9320	0.7125	-0.0010	815.0000	814.6351	1.0285	2.3655	100.0553	39.3701	0.8230	0.8194	5.0000	-9999.0000	-9999.0000	-9999.0000	-9999.0000	-9999.0000	-9999.0000	18.5518	8	0	30.1541	1.0000	99	9	-9999.0000	33911	62367	-9999	2360	2342	-9999	565.2628	5	0.6933	0.7125	-0.0010	82.0318	2.1466	696.2827	317.3516	36.4815	675.4360	97.8009	718.8104	96.5509	726.6179	96.9907	733.4005	97.0833	
26/08/2017	00:18:28	019001	H421121686HLR	L421	S		689.7260	1.0311	0.0000	100.0135	39.7934	0.8230	0.8252	5.0000	17.5616	815.0869	96.9444	21.0328	24.5000	0.9300	0.9321	0.7111	-0.0009	815.0000	815.0797	1.0285	2.3393	100.0398	39.4049	0.8230	0.8194	5.0000	-9999.0000	-9999.0000	-9999.0000	-9999.0000	-9999.0000	-9999.0000	18.5328	1	0	30.2428	1.0000	99	9	-9999.0000	33912	62368	-9999	2361	2343	-9999	564.0556	5	0.6935	0.7111	-0.0009	84.4849	2.0060	696.1336	318.6615	37.9861	675.2257	97.5231	720.5537	96.6898	727.8665	97.0370	733.6705	97.0602	
26/08/2017	00:19:00	019001	H421121687HLR	L421	S		698.0058	1.0311	0.0000	100.0663	39.7513	0.8230	0.8252	5.0000	17.6730	815.0674	96.9676	17.9026	24.5000	0.9300	0.9320	0.7136	-0.0010	815.0000	815.7938	1.0285	2.2971	100.0733	39.3799	0.8230	0.8194	5.0000	-9999.0000	-9999.0000	-9999.0000	-9999.0000	-9999.0000	-9999.0000	18.4926	2	0	31.5439	1.0000	99	9	-9999.0000	33913	62369	-9999	2362	2344	-9999	566.4904	5	0.6938	0.7136	-0.0010	93.5639	1.5273	707.0890	329.0958	36.4815	687.2553	97.2454	728.0714	96.7361	735.8451	96.8519	743.0410	97.1528	
26/08/2017	00:19:32	019001	H421121646HLR	L421	S		690.5555	1.0311	0.0000	99.9820	39.7780	0.8230	0.8251	5.0000	18.6226	815.0546	96.9676	20.2720	24.5000	0.9300	0.9319	0.7086	-0.0008	815.0000	815.3256	1.0285	2.3247	99.9950	39.3993	0.8230	0.8194	5.0000	-9999.0000	-9999.0000	-9999.0000	-9999.0000	-9999.0000	-9999.0000	18.5921	3	0	31.9941	1.0000	99	9	-9999.0000	33914	62370	-9999	2363	2345	-9999	564.5572	5	0.6940	0.7086	-0.0008	94.8076	1.4680	698.2909	327.7629	38.4722	678.6149	97.4537	719.2125	96.8287	727.2300	96.8750	733.6272	97.0833	
26/08/2017	00:20:02	019001	H421121544HLR	L421	S		696.1689	1.0311	0.0000	100.0472	39.7709	0.8230	0.8251	5.0000	18.1917	815.0666	96.8981	18.6224	24.5000	0.9300	0.9321	0.7108	-0.0009	815.0000	815.6929	1.0285	2.3030	100.0188	39.4059	0.8230	0.8193	5.0000	-9999.0000	-9999.0000	-9999.0000	-9999.0000	-9999.0000	-9999.0000	18.5922	4	0	29.5933	1.0000	99	9	-9999.0000	33915	62371	-9999	2363	2346	-9999	566.0230	5	0.6940	0.7108	-0.0009	96.8417	1.3543	706.8693	326.6638	36.2269	686.2294	98.1019	730.4710	96.4583	738.2439	97.1296	744.1326	97.0370	
26/08/2017	00:20:32	019001	H421121661HLR	L421	S		691.6076	1.0311	0.0000	99.9858	39.7798	0.8230	0.8251	5.0000	18.0119	815.0827	96.9213	18.2229	24.5000	0.9300	0.9322	0.7112	-0.0009	815.0000	815.7998	1.0285	2.2967	100.0088	39.3885	0.8230	0.8193	5.0000	-9999.0000	-9999.0000	-9999.0000	-9999.0000	-9999.0000	-9999.0000	18.5815	5	0	30.2341	1.0000	99	9	-9999.0000	33916	62372	-9999	2363	2347	-9999	566.3226	5	0.6939	0.7112	-0.0009	86.2993	1.9076	706.3949	324.4693	37.0833	686.0236	97.8009	729.7733	96.5278	737.4577	97.1065	744.8167	97.0602	
26/08/2017	00:21:02	019001	H421121660HLR	L421	S		686.4077	1.0311	0.0000	99.9290	39.7655	0.8230	0.8253	5.0000	17.5118	815.0721	96.9444	20.0816	24.5000	0.9300	0.9322	0.7105	-0.0009	815.0000	814.3169	1.0285	2.3843	100.0636	39.3930	0.8230	0.8194	5.0000	-9999.0000	-9999.0000	-9999.0000	-9999.0000	-9999.0000	-9999.0000	18.6029	6	0	30.3230	1.0000	99	9	-9999.0000	33917	62373	-9999	2364	2348	-9999	564.9692	5	0.6938	0.7105	-0.0009	79.9492	2.2152	697.6712	324.0596	37.0602	677.4634	97.9167	721.1265	96.6667	728.8439	97.0602	734.9590	97.0370	
26/08/2017	00:21:34	019001	H421121669HLR	L421	S		690.8274	1.0311	0.0000	99.9984	39.7822	0.8230	0.8252	5.0000	17.7616	815.0894	96.9444	19.9624	24.5000	0.9300	0.9322	0.7096	-0.0008	815.0000	815.5159	1.0285	2.3135	100.0175	39.4164	0.8230	0.8194	5.0000	-9999.0000	-9999.0000	-9999.0000	-9999.0000	-9999.0000	-9999.0000	18.5422	7	0	32.2843	1.0000	99	9	-9999.0000	33918	62373	-9999	2365	2349	-9999	565.0287	5	0.6937	0.7096	-0.0008	84.5565	2.0028	699.9164	321.5988	35.8102	679.7572	97.9398	722.6093	96.5509	729.8389	97.0370	736.3306	97.0833	
26/08/2017	00:22:04	019001	H421121133HLR	L421	S		696.1008	1.0311	0.0000	100.0453	39.7916	0.8230	0.8252	5.0000	17.7023	815.0621	96.9444	18.1126	24.6000	0.9300	0.9322	0.7097	-0.0008	815.0000	816.3144	1.0285	2.2663	100.0459	39.4103	0.8230	0.8193	5.0000	-9999.0000	-9999.0000	-9999.0000	-9999.0000	-9999.0000	-9999.0000	18.5317	8	0	29.6734	1.0000	99	9	-9999.0000	33919	62374	-9999	2366	2350	-9999	566.2649	5	0.6937	0.7097	-0.0008	102.6607	1.0791	704.6784	318.8287	35.7639	682.6312	98.0556	728.2760	96.6204	737.3703	97.0833	743.1976	97.0139	
26/08/2017	00:22:34	019001	H421120545HLR	L421	S		697.8642	1.0311	0.0000	99.9497	39.7816	0.8230	0.8251	5.0000	17.8712	815.1158	96.9444	18.1731	24.5000	0.9300	0.9321	0.7087	-0.0008	815.0000	815.2453	1.0285	2.3295	100.0712	39.4001	0.8230	0.8193	5.0000	-9999.0000	-9999.0000	-9999.0000	-9999.0000	-9999.0000	-9999.0000	18.5619	1	0	29.5036	1.0000	99	9	-9999.0000	33920	62375	-9999	2367	2351	-9999	566.2031	5	0.6937	0.7087	-0.0008	96.7656	1.4070	706.8037	318.0731	35.1620	686.7124	97.4537	728.2835	96.9676	735.8736	96.9213	740.8895	97.0370	
26/08/2017	00:23:02	019001	H421121114HLR	L421	S		696.3945	1.0311	0.0000	99.9904	39.7729	0.8230	0.8252	5.0000	17.8018	815.0812	96.8981	18.8627	24.5000	0.9300	0.9320	0.7094	-0.0008	815.0000	815.1210	1.0285	2.3368	100.0001	39.3971	0.8230	0.8193	5.0000	-9999.0000	-9999.0000	-9999.0000	-9999.0000	-9999.0000	-9999.0000	18.5921	2	0	28.8034	1.0000	99	9	-9999.0000	33921	62376	-9999	2368	2352	-9999	565.7303	5	0.6936	0.7094	-0.0008	97.6235	1.3656	708.1178	315.7583	38.1250	687.5611	97.5000	729.8633	96.7130	736.8259	97.0370	742.8489	97.0833	
26/08/2017	00:23:33	019001	H421121124HLR	L421	S		697.1629	1.0311	0.0000	100.0296	39.8000	0.8230	0.8253	5.0000	17.3625	815.1106	96.9213	20.2622	24.5000	0.9300	0.9321	0.7082	-0.0008	815.0000	815.6485	1.0285	2.3056	100.0169	39.4179	0.8230	0.8194	5.0000	-9999.0000	-9999.0000	-9999.0000	-9999.0000	-9999.0000	-9999.0000	18.6028	3	0	30.8641	1.0000	99	9	-9999.0000	33922	62377	-9999	2369	2353	-9999	564.7581	5	0.6936	0.7082	-0.0008	91.7996	1.6658	705.7780	319.3031	35.4167	684.5030	97.9167	728.7772	96.6204	734.7162	97.0370	739.5925	97.0370	
26/08/2017	00:24:03	019001	H421121107HLR	L421	S		699.1332	1.0311	0.0000	100.0217	39.7868	0.8230	0.8250	5.0000	18.5518	815.0869	96.9213	18.1819	24.5000	0.9300	0.9321	0.7067	-0.0007	815.0000	815.8084	1.0285	2.2962	100.0810	39.4217	0.8230	0.8194	5.0000	-9999.0000	-9999.0000	-9999.0000	-9999.0000	-9999.0000	-9999.0000	18.5726	4	0	30.2136	1.0000	99	9	-9999.0000	33923	62378	-9999	2370	2354	-9999	565.8815	5	0.6936	0.7067	-0.0007	71.6665	2.6631	710.5612	323.2681	35.1389	688.9075	97.6852	734.4581	96.5972	741.3152	97.0139	747.7312	97.0833	
26/08/2017	00:24:34	019001	H421121097HLR	L421	S		699.2369	1.0311	0.0000	100.0134	39.7729	0.8230	0.8250	5.0000	18.4515	815.1054	96.9676	17.4914	24.5000	0.9300	0.9320	0.7090	-0.0008	815.0000	816.0286	1.0285	2.2832	99.9912	39.4150	0.8230	0.8193	5.0000	-9999.0000	-9999.0000	-9999.0000	-9999.0000	-9999.0000	-9999.0000	18.5423	5	0	30.9539	1.0000	99	9	-9999.0000	33924	62379	-9999	2371	2355	-9999	566.3335	5	0.6936	0.7090	-0.0008	70.3858	2.6898	712.0989	324.2509	36.2731	690.9138	97.9630	734.1266	96.6435	742.6329	97.0602	748.4706	97.0370	
26/08/2017	00:25:03	019001	H421117455HLR	L421	S		700.0237	1.0311	0.0000	99.9645	39.7990	0.8230	0.8252	5.0000	17.5217	815.0703	96.9213	17.3029	24.5000	0.9300	0.9321	0.7074	-0.0007	815.0000	815.7996	1.0285	2.2967	99.9885	39.4091	0.8230	0.8193	5.0000	-9999.0000	-9999.0000	-9999.0000	-9999.0000	-9999.0000	-9999.0000	18.5725	6	0	28.3834	1.0000	99	9	-9999.0000	33925	62380	-9999	2372	2356	-9999	566.5346	5	0.6936	0.7074	-0.0007	69.5849	2.7273	710.9211	319.4032	37.3380	689.6831	97.5694	733.8153	97.0139	742.6021	96.8981	747.5383	97.0370	
26/08/2017	00:25:33	019001	H421121089HLR	L421	S		695.4166	1.0311	0.0000	100.0188	39.8000	0.8230	0.8252	5.0000	17.5820	815.0407	96.9213	18.7923	24.4000	0.9300	0.9321	0.7057	-0.0006	815.0000	816.3638	1.0285	2.2634	99.9799	39.4203	0.8230	0.8193	5.0000	-9999.0000	-9999.0000	-9999.0000	-9999.0000	-9999.0000	-9999.0000	18.6027	7	0	30.5037	1.0000	99	9	-9999.0000	33926	62381	-9999	2373	2357	-9999	565.5078	5	0.6935	0.7057	-0.0006	69.4845	2.7171	704.8366	324.0419	37.0370	683.8453	97.7778	728.7959	96.7824	736.3788	97.0602	742.3496	97.0370	
26/08/2017	00:26:02	019001	H421121112HLR	L421	S		698.1094	1.0311	0.0000	100.0135	39.7838	0.8230	0.8250	5.0000	18.2922	815.0333	96.9213	18.7327	24.5000	0.9300	0.9321	0.7025	-0.0005	815.0000	816.8008	1.0285	2.2375	99.9476	39.4199	0.8230	0.8194	5.0000	-9999.0000	-9999.0000	-9999.0000	-9999.0000	-9999.0000	-9999.0000	18.5715	8	0	28.4839	1.0000	99	9	-9999.0000	33927	62382	-9999	2374	2358	-9999	565.4604	5	0.6937	0.7025	-0.0005	67.5067	2.8234	711.7091	333.8564	38.0324	691.0427	97.6157	734.7238	96.6435	743.3641	96.9907	748.1378	97.0139	
26/08/2017	00:26:33	019001	H421121121HLR	L421	S		699.2831	1.0311	0.0000	99.9521	39.8000	0.8230	0.8253	5.0000	17.4016	815.0496	96.9213	18.8822	24.5000	0.9300	0.9320	0.7028	-0.0005	815.0000	817.9004	1.0285	2.1726	99.9999	39.4252	0.8230	0.8193	5.0000	-9999.0000	-9999.0000	-9999.0000	-9999.0000	-9999.0000	-9999.0000	18.6322	1	0	31.5828	1.0000	99	9	-9999.0000	33928	62383	-9999	2375	2359	-9999	565.4152	5	0.6938	0.7028	-0.0005	65.7916	2.9166	715.6513	325.9885	37.8704	694.2881	97.7083	738.5296	96.5509	745.4883	97.0833	751.3544	97.0833	
26/08/2017	00:27:02	019001	H421121123HLR	L421	S		700.3831	1.0311	0.0000	99.9761	39.7982	0.8230	0.8252	5.0000	17.7326	815.0633	96.9444	16.9220	24.5000	0.9300	0.9321	0.7028	-0.0005	815.0000	816.4786	1.0285	2.2566	100.0250	39.4169	0.8230	0.8193	5.0000	-9999.0000	-9999.0000	-9999.0000	-9999.0000	-9999.0000	-9999.0000	18.5822	2	0	28.3237	1.0000	99	9	-9999.0000	33929	62384	-9999	2376	2360	-9999	566.2063	5	0.6936	0.7028	-0.0005	54.2719	3.5290	716.7911	325.9287	36.2269	695.3246	97.9630	740.7233	96.7130	747.5475	96.9213	753.4571	97.0833	
26/08/2017	00:27:32	019001	H421121092HLR	L421	S		697.5749	1.0311	0.0000	100.0135	39.8000	0.8230	0.8252	5.0000	17.6622	815.0566	96.9213	18.4427	24.5000	0.9300	0.9322	0.7051	-0.0006	815.0000	815.9154	1.0285	2.2899	100.0457	39.4179	0.8230	0.8192	5.0000	-9999.0000	-9999.0000	-9999.0000	-9999.0000	-9999.0000	-9999.0000	18.7220	3	0	30.5135	1.0000	99	9	-9999.0000	33930	62385	-9999	2377	2361	-9999	565.4870	5	0.6935	0.7051	-0.0006	65.0442	2.9224	714.9937	331.5419	36.7130	694.3567	97.8241	735.7494	96.7824	743.1295	97.0370	748.6130	97.0602	
26/08/2017	00:28:03	019001	H421121101HLR	L421	S		696.8526	1.0311	0.0000	99.9811	39.8000	0.8230	0.8254	5.0000	17.0919	815.0775	96.9444	17.0216	24.6000	0.9300	0.9322	0.7079	-0.0008	815.0000	814.8408	1.0285	2.3534	100.0365	39.4228	0.8230	0.8194	5.0000	-9999.0000	-9999.0000	-9999.0000	-9999.0000	-9999.0000	-9999.0000	18.5825	4	0	30.9636	1.0000	99	9	-9999.0000	33931	62386	-9999	2378	2361	-9999	566.1121	5	0.6933	0.7079	-0.0008	84.0749	1.8406	713.0794	328.9932	37.2685	691.7498	97.7315	735.4289	96.5741	744.8658	97.0833	750.5873	97.0602	
26/08/2017	00:28:33	019001	H421121102HLR	L421	S		697.8008	1.0311	0.0000	100.0402	39.8120	0.8230	0.8251	5.0000	17.8713	815.0559	96.9444	19.5219	24.6000	0.9300	0.9322	0.7046	-0.0006	815.0000	815.2190	1.0285	2.3310	100.0697	39.4425	0.8230	0.8195	5.0000	-9999.0000	-9999.0000	-9999.0000	-9999.0000	-9999.0000	-9999.0000	18.5727	5	0	29.4344	1.0000	99	9	-9999.0000	33932	62387	-9999	2379	2362	-9999	564.5287	5	0.6933	0.7046	-0.0006	90.4350	1.4906	708.3580	332.1521	37.7315	686.8885	97.7315	729.4033	96.7130	737.1146	96.9213	741.5596	97.0139	
26/08/2017	00:29:02	019001	H421121149HLR	L421	S		697.9145	1.0311	0.0000	100.0206	39.7786	0.8230	0.8252	5.0000	17.5226	815.0735	96.9444	16.8516	24.6000	0.9300	0.9321	0.7038	-0.0006	815.0000	814.1039	1.0285	2.3969	100.0162	39.4173	0.8230	0.8193	5.0000	-9999.0000	-9999.0000	-9999.0000	-9999.0000	-9999.0000	-9999.0000	18.6116	6	0	28.9633	1.0000	99	9	-9999.0000	33933	62388	-9999	2380	2363	-9999	565.9357	5	0.6932	0.7038	-0.0006	90.0724	1.5171	713.8828	324.0256	38.4491	692.4062	97.5694	736.4722	96.6898	744.0166	96.9213	751.2378	97.1296	
26/08/2017	00:29:32	019001	H421121168HLR	L421	S		696.2300	1.0311	0.0000	99.9887	39.8359	0.8230	0.8252	5.0000	17.9524	815.0574	96.9213	18.4319	24.6000	0.9300	0.9321	0.7076	-0.0008	815.0000	814.4556	1.0285	2.3761	100.0082	39.4189	0.8230	0.8193	5.0000	-9999.0000	-9999.0000	-9999.0000	-9999.0000	-9999.0000	-9999.0000	18.6428	7	0	30.4541	1.0000	99	9	-9999.0000	33934	62389	-9999	2381	2363	-9999	565.0404	5	0.6932	0.7076	-0.0008	101.7210	0.8799	711.1455	326.3315	36.4120	690.9442	97.9167	733.1586	96.5278	740.3376	97.1065	746.1524	97.0139	
26/08/2017	00:30:03	019001	H421121140HLR	L421	S		697.0960	1.0311	0.0000	99.9937	39.7854	0.8230	0.8252	5.0000	17.6916	815.0609	96.9213	19.4926	24.5000	0.9300	0.9321	0.7108	-0.0010	815.0000	814.7310	1.0285	2.3599	99.9494	39.4370	0.8230	0.8193	5.0000	-9999.0000	-9999.0000	-9999.0000	-9999.0000	-9999.0000	-9999.0000	18.6625	8	0	30.6627	1.0000	99	9	-9999.0000	33935	62389	-9999	2382	2364	-9999	564.2767	5	0.6932	0.7108	-0.0010	100.8031	0.9280	714.1971	337.2242	38.5880	694.9620	97.5463	732.4804	96.5972	736.5367	97.0833	741.7211	97.0370	
26/08/2017	00:30:32	019001	H421121144HLR	L421	S		697.7975	1.0311	0.0000	100.0303	39.8064	0.8230	0.8251	5.0000	18.1115	815.0862	96.9444	17.4123	24.6000	0.9300	0.9323	0.7146	-0.0012	815.0000	814.6518	1.0285	2.3646	100.0321	39.4279	0.8230	0.8192	5.0000	-9999.0000	-9999.0000	-9999.0000	-9999.0000	-9999.0000	-9999.0000	18.6926	1	0	28.9440	1.0000	99	9	-9999.0000	33936	62390	-9999	2383	2365	-9999	565.7638	5	0.6934	0.7146	-0.0012	92.3847	1.3977	709.9644	332.8924	36.7593	690.4992	97.7778	731.5712	96.7824	736.9180	96.9213	743.5955	97.1065	
26/08/2017	00:31:01	019001	H421121153HLR	L421	S		696.9851	1.0311	0.0000	100.0275	39.8000	0.8230	0.8252	5.0000	17.7013	815.0553	96.9676	17.4718	24.6000	0.9300	0.9321	0.7121	-0.0010	815.0000	814.5132	1.0285	2.3727	100.0495	39.4193	0.8230	0.8195	5.0000	-9999.0000	-9999.0000	-9999.0000	-9999.0000	-9999.0000	-9999.0000	18.6018	2	0	28.9731	1.0000	99	9	-9999.0000	33937	62391	-9999	2384	2366	-9999	565.8888	5	0.6934	0.7121	-0.0010	93.1110	1.3607	703.5924	323.9982	37.5463	682.9881	97.7546	727.0424	96.7361	734.4468	96.9213	740.8570	97.1065	
26/08/2017	00:31:30	019001	H421121171HLR	L421	S		695.9288	1.0311	0.0000	99.9657	39.8000	0.8230	0.8253	5.0000	17.5628	815.0908	96.9444	18.4319	24.5000	0.9300	0.9321	0.7097	-0.0009	815.0000	814.5086	1.0285	2.3730	99.9858	39.4292	0.8230	0.8194	5.0000	-9999.0000	-9999.0000	-9999.0000	-9999.0000	-9999.0000	-9999.0000	18.5628	3	0	29.3835	1.0000	99	9	-9999.0000	33938	62391	-9999	2385	2367	-9999	564.9801	5	0.6932	0.7097	-0.0009	106.2959	0.6366	703.5839	322.2078	37.0602	682.3244	97.7778	725.2483	96.6204	732.8831	97.0833	738.6480	97.0370	
26/08/2017	00:31:58	019001	H421121163HLR	L421	S		693.3523	1.0311	0.0000	99.9647	39.8110	0.8230	0.8252	5.0000	17.8927	815.0552	96.8981	19.1420	24.5000	0.9300	0.9321	0.7112	-0.0010	815.0000	816.1559	1.0285	2.2757	99.9733	39.4463	0.8230	0.8193	5.0000	-9999.0000	-9999.0000	-9999.0000	-9999.0000	-9999.0000	-9999.0000	18.6019	4	0	28.4040	1.0000	99	9	-9999.0000	33939	62392	-9999	2386	2368	-9999	564.4571	5	0.6934	0.7112	-0.0010	107.5741	0.5519	701.7536	320.7774	36.1574	680.5268	97.9167	725.9491	96.5278	733.4674	97.0833	739.9437	97.0602	
26/08/2017	00:32:28	019001	H421121185HLR	L421	S		699.0770	1.0311	0.0000	100.0332	39.8475	0.8230	0.8253	5.0000	17.4317	815.0944	96.9676	16.9425	24.5000	0.9300	0.9321	0.7115	-0.0010	815.0000	815.4349	1.0285	2.3183	99.9832	39.4368	0.8230	0.8193	5.0000	-9999.0000	-9999.0000	-9999.0000	-9999.0000	-9999.0000	-9999.0000	18.5920	5	0	29.9233	1.0000	99	9	-9999.0000	33940	62393	-9999	2387	2369	-9999	566.4194	5	0.6936	0.7115	-0.0010	108.9623	0.4724	707.8283	326.1570	37.7778	686.4672	97.6620	732.0260	96.8287	739.6923	96.8981	746.5805	97.1065	
26/08/2017	00:32:59	019001	H421121183HLR	L421	S		696.9185	1.0311	0.0000	100.0527	39.7713	0.8230	0.8250	5.0000	18.3422	815.0731	96.9444	17.4523	24.6000	0.9300	0.9322	0.7113	-0.0010	815.0000	814.8395	1.0285	2.3535	99.9651	39.4326	0.8230	0.8193	5.0000	-9999.0000	-9999.0000	-9999.0000	-9999.0000	-9999.0000	-9999.0000	18.5825	6	0	30.9239	1.0000	99	9	-9999.0000	33941	62394	-9999	2387	2370	-9999	566.1336	5	0.6938	0.7113	-0.0010	109.4839	0.4447	707.0786	325.6004	37.3843	686.4276	97.7315	729.2363	96.8287	738.5936	97.0370	744.8908	97.0602	
26/08/2017	00:33:29	019001	H421121167HLR	L421	S		699.0840	1.0311	0.0000	99.9926	39.8000	0.8230	0.8253	5.0000	17.6426	815.0777	96.9907	17.4221	24.5000	0.9300	0.9322	0.7113	-0.0010	815.0000	815.8098	1.0285	2.2961	99.8801	39.4485	0.8230	0.8193	5.0000	-9999.0000	-9999.0000	-9999.0000	-9999.0000	-9999.0000	-9999.0000	18.5324	7	0	30.2232	1.0000	99	9	-9999.0000	33942	62395	-9999	2388	2371	-9999	566.1727	5	0.6936	0.7113	-0.0010	112.3739	0.2912	706.0400	326.5888	37.6852	684.7545	97.6620	730.3298	96.6435	737.5521	96.9676	743.8520	97.1065	
26/08/2017	00:33:58	019001	H421121156HLR	L421	S		698.6089	1.0311	0.0000	100.0446	39.8884	0.8230	0.8253	5.0000	17.2519	815.0644	96.9213	16.9523	24.5000	0.9300	0.9320	0.7104	-0.0009	815.0000	816.6801	1.0285	2.2447	99.9041	39.4203	0.8230	0.8192	5.0000	-9999.0000	-9999.0000	-9999.0000	-9999.0000	-9999.0000	-9999.0000	18.6818	8	0	28.7740	1.0000	99	9	-9999.0000	33943	62396	-9999	2389	2372	-9999	566.5424	5	0.6938	0.7104	-0.0009	110.6128	0.3787	709.6416	325.2831	36.4583	688.1544	97.8241	732.7626	96.6898	740.7478	97.0370	746.6606	97.0602	
26/08/2017	00:34:28	019001	H421121187HLR	L421	S		697.0457	1.0311	0.0000	99.9584	39.7737	0.8230	0.8252	5.0000	17.3820	815.0724	96.9676	17.8928	24.5000	0.9300	0.9322	0.7114	-0.0010	815.0000	814.8091	1.0285	2.3553	99.9516	39.4250	0.8230	0.8194	5.0000	-9999.0000	-9999.0000	-9999.0000	-9999.0000	-9999.0000	-9999.0000	18.5617	1	0	29.6541	1.0000	99	9	-9999.0000	33944	62397	-9999	2390	2373	-9999	565.7893	5	0.6938	0.7114	-0.0010	109.4422	0.4425	706.1585	331.8215	37.4769	685.8050	97.8241	730.7124	96.7361	737.0845	96.8981	743.0660	97.1065	
26/08/2017	00:34:57	019001	H421121549HLR	L421	S		693.9427	1.0311	0.0000	100.0216	39.8000	0.8230	0.8252	5.0000	17.7824	815.0652	96.8981	19.4223	24.5000	0.9300	0.9322	0.7098	-0.0009	815.0000	814.6380	1.0285	2.3654	99.9617	39.4456	0.8230	0.8194	5.0000	-9999.0000	-9999.0000	-9999.0000	-9999.0000	-9999.0000	-9999.0000	18.5626	2	0	28.7729	1.0000	99	9	-9999.0000	33945	62398	-9999	2391	2374	-9999	564.6484	5	0.6939	0.7098	-0.0009	93.1074	1.3758	701.3413	318.9380	36.8287	680.9174	97.7546	725.4293	96.5741	732.7841	97.0139	738.5069	97.1065	
26/08/2017	00:35:27	019001	H421121569HLR	L421	S		697.6725	1.0311	0.0000	100.0175	39.8940	0.8230	0.8252	5.0000	17.6623	815.0834	96.9444	18.2122	24.6000	0.9300	0.9321	0.7079	-0.0008	815.0000	815.2429	1.0285	2.3296	100.0191	39.4482	0.8230	0.8193	5.0000	-9999.0000	-9999.0000	-9999.0000	-9999.0000	-9999.0000	-9999.0000	18.5520	3	0	30.1033	1.0000	99	9	-9999.0000	33946	62399	-9999	2392	2375	-9999	565.5712	5	0.6938	0.7079	-0.0008	110.3431	0.4050	709.7265	325.3985	37.7083	689.4036	97.7546	731.0809	96.5278	737.6400	97.0370	743.8896	97.0833	
26/08/2017	00:35:58	019001	H421121579HLR	L421	S		695.1872	1.0311	0.0000	100.0279	39.7693	0.8230	0.8251	5.0000	17.6916	815.0630	96.9444	17.2824	24.6000	0.9300	0.9322	0.7096	-0.0009	815.0000	815.0315	1.0285	2.3421	99.9804	39.4384	0.8230	0.8193	5.0000	-9999.0000	-9999.0000	-9999.0000	-9999.0000	-9999.0000	-9999.0000	18.5322	4	0	31.0340	1.0000	99	9	-9999.0000	33947	62400	-9999	2393	2376	-9999	566.0979	5	0.6939	0.7096	-0.0009	111.3325	0.3475	709.5427	338.8929	37.9398	689.6068	97.7546	732.8636	96.7824	740.5033	97.0602	746.9204	97.0370	
26/08/2017	00:36:28	019001	H421121561HLR	L421	S		696.4025	1.0311	0.0000	100.0695	39.8000	0.8230	0.8254	5.0000	17.1417	815.1109	96.9213	17.6721	24.6000	0.9300	0.9321	0.7041	-0.0006	815.0000	814.6226	1.0285	2.3663	99.9618	39.4493	0.8230	0.8193	5.0000	-9999.0000	-9999.0000	-9999.0000	-9999.0000	-9999.0000	-9999.0000	18.5424	5	0	29.9041	1.0000	99	9	-9999.0000	33948	62401	-9999	2394	2377	-9999	565.8644	5	0.6939	0.7041	-0.0006	90.9248	1.5155	706.5680	329.1584	38.3796	685.2356	97.6389	730.3864	96.6667	737.7359	97.0833	744.0385	97.0370	
26/08/2017	00:36:56	019001	H421121553HLR	L421	S		695.3676	1.0311	0.0000	99.9886	39.8854	0.8230	0.8252	5.0000	18.0119	815.0817	96.9213	17.2921	24.6000	0.9300	0.9322	0.7045	-0.0006	815.0000	814.7567	1.0285	2.3584	99.9501	39.4400	0.8230	0.8193	5.0000	-9999.0000	-9999.0000	-9999.0000	-9999.0000	-9999.0000	-9999.0000	18.5531	6	0	28.9031	1.0000	99	9	-9999.0000	33949	62402	-9999	2395	2378	-9999	566.0754	5	0.6938	0.7045	-0.0006	92.1467	1.4479	714.7784	336.7799	38.5417	694.9942	97.5463	735.6796	96.6204	742.1299	97.0139	748.2551	97.0602	
26/08/2017	00:37:26	019001	H421121541HLR	L421	S		695.7704	1.0311	0.0000	99.9651	39.7972	0.8230	0.8252	5.0000	17.1320	815.0914	96.9444	18.0715	24.6000	0.9300	0.9322	0.7039	-0.0006	815.0000	815.6017	1.0285	2.3084	99.9937	39.4367	0.8230	0.8193	5.0000	-9999.0000	-9999.0000	-9999.0000	-9999.0000	-9999.0000	-9999.0000	18.6018	7	0	29.5741	1.0000	99	9	-9999.0000	33950	62403	-9999	2396	2379	-9999	565.6936	5	0.6938	0.7039	-0.0006	93.1422	1.4053	713.3653	345.7900	37.6852	693.5344	97.6157	733.3447	96.5972	741.7136	97.0370	748.1642	97.0833	
26/08/2017	00:37:56	019001	H421121556HLR	L421	S		694.8611	1.0311	0.0000	100.0073	39.7976	0.8230	0.8252	5.0000	17.7628	815.0456	96.8981	19.5327	24.6000	0.9300	0.9322	0.7035	-0.0005	815.0000	816.8336	1.0285	2.2356	99.9555	39.4482	0.8230	0.8194	5.0000	-9999.0000	-9999.0000	-9999.0000	-9999.0000	-9999.0000	-9999.0000	18.5717	8	0	29.7631	1.0000	99	9	-9999.0000	33951	62404	-9999	2397	2380	-9999	564.9884	5	0.6939	0.7035	-0.0005	90.1266	1.5869	711.3780	345.7533	37.5694	692.7692	97.7315	731.0308	96.8287	738.5838	96.8750	745.6563	97.1065	
26/08/2017	00:38:26	019001	H421121585HLR	L421	S		698.8500	1.0311	0.0000	100.0157	39.8930	0.8230	0.8252	5.0000	17.7921	815.1029	96.9676	17.9123	24.6000	0.9300	0.9321	0.7044	-0.0006	815.0000	815.0020	1.0285	2.3439	99.9625	39.4571	0.8230	0.8193	5.0000	-9999.0000	-9999.0000	-9999.0000	-9999.0000	-9999.0000	-9999.0000	18.6625	1	0	30.3834	1.0000	99	9	-9999.0000	33952	62405	-9999	2398	2381	-9999	565.8293	5	0.6942	0.7044	-0.0006	100.9813	0.9775	715.5562	333.4090	38.6574	695.0683	97.8009	735.6307	96.8750	741.9534	96.9444	747.7942	97.0833	
26/08/2017	00:38:56	019001	H421121565HLR	L421	S		698.9313	1.0311	0.0000	100.0056	39.7874	0.8230	0.8252	5.0000	17.5421	815.0644	96.9213	17.4025	24.6000	0.9300	0.9322	0.7045	-0.0006	815.0000	814.5445	1.0285	2.3709	100.0606	39.4503	0.8230	0.8193	5.0000	-9999.0000	-9999.0000	-9999.0000	-9999.0000	-9999.0000	-9999.0000	18.6019	2	0	29.4743	1.0000	99	9	-9999.0000	33953	62406	-9999	2399	2382	-9999	566.0659	5	0.6941	0.7045	-0.0006	103.9037	0.8273	714.7298	329.0523	37.0370	693.8281	97.8472	736.8077	96.5972	744.2750	97.0602	749.8597	97.0602	
26/08/2017	00:39:26	019001	H421121584HLR	L421	S		693.2297	1.0311	0.0000	99.9569	39.7637	0.8230	0.8249	5.0000	19.1928	815.0450	96.9213	17.5324	24.6000	0.9300	0.9321	0.7084	-0.0008	815.0000	814.3627	1.0285	2.3816	99.8905	39.4485	0.8230	0.8193	5.0000	-9999.0000	-9999.0000	-9999.0000	-9999.0000	-9999.0000	-9999.0000	18.6517	3	0	29.8738	1.0000	99	9	-9999.0000	33954	62407	-9999	2400	2383	-9999	565.9417	5	0.6938	0.7084	-0.0008	97.2168	1.2125	711.9664	331.0672	38.6574	692.1732	97.7083	734.7867	96.7130	742.3523	96.9907	747.7567	97.0370	
26/08/2017	00:39:51	019001	H421121564HLR	L421	S		692.2832	1.0311	0.0000	100.0143	39.8952	0.8230	0.8251	5.0000	18.4417	815.0625	96.9444	18.2620	24.6000	0.9300	0.9322	0.7082	-0.0008	815.0000	814.5419	1.0285	2.3710	100.0126	39.4525	0.8230	0.8193	5.0000	-9999.0000	-9999.0000	-9999.0000	-9999.0000	-9999.0000	-9999.0000	18.5324	4	0	25.0325	1.0000	99	9	-9999.0000	33955	62408	-9999	2401	2384	-9999	565.4465	5	0.6939	0.7082	-0.0008	99.0766	1.1045	709.2297	336.6753	36.8750	689.3380	97.9630	728.8700	96.8287	735.6297	96.9213	742.0108	97.0833	
26/08/2017	00:40:21	019001	H421121557HLR	L421	S		690.6014	1.0311	0.0000	99.9553	39.8471	0.8230	0.8250	5.0000	17.8224	815.0773	96.9213	18.3323	24.6000	0.9300	0.9321	0.7190	-0.0014	815.0000	814.2223	1.0285	2.3899	100.0904	39.4558	0.8230	0.8194	5.0000	-9999.0000	-9999.0000	-9999.0000	-9999.0000	-9999.0000	-9999.0000	18.5123	5	0	30.4840	1.0000	99	9	-9999.0000	33956	62409	-9999	2402	2385	-9999	565.6016	5	0.6940	0.7190	-0.0014	91.7930	1.4892	706.7285	334.1755	38.7963	686.5017	97.6389	727.8782	96.7361	735.9748	96.9444	742.2927	97.0139	
26/08/2017	00:40:50	019001	H421121671HLR	L421	S		696.9646	1.0311	0.0000	100.0402	39.7689	0.8230	0.8252	5.0000	17.6418	815.1224	96.9444	17.9719	24.6000	0.9300	0.9322	0.7179	-0.0013	815.0000	816.5076	1.0285	2.2549	99.8616	39.4459	0.8230	0.8193	5.0000	-9999.0000	-9999.0000	-9999.0000	-9999.0000	-9999.0000	-9999.0000	18.7123	6	0	29.1736	1.0000	99	9	-9999.0000	33957	62410	-9999	2403	2385	-9999	565.7854	5	0.6940	0.7179	-0.0013	97.9097	1.1744	702.1142	326.0865	39.9306	682.0272	97.4306	723.1154	96.8287	730.9304	96.9444	738.2020	97.0833	
26/08/2017	00:41:21	019001	H421121586HLR	L421	S		696.8463	1.0311	0.0000	99.9986	39.8952	0.8230	0.8251	5.0000	18.2219	815.0705	96.9213	17.8918	24.5000	0.9300	0.9320	0.7190	-0.0014	815.0000	815.5947	1.0285	2.3088	99.9530	39.4722	0.8230	0.8192	5.0000	-9999.0000	-9999.0000	-9999.0000	-9999.0000	-9999.0000	-9999.0000	18.7520	7	0	30.3741	1.0000	99	9	-9999.0000	33958	62411	-9999	2404	2386	-9999	565.8536	5	0.6941	0.7190	-0.0014	93.8585	1.4165	703.2053	324.9170	38.1250	683.2886	97.6389	723.7668	96.6204	732.3922	97.0833	738.2530	97.0370	
26/08/2017	00:42:23	019001	H421121576HLR	L421	S		697.1894	1.0311	0.0000	99.9819	39.7962	0.8230	0.8251	5.0000	17.9718	815.0987	96.9213	18.4817	24.6000	0.9300	0.9323	0.7190	-0.0014	815.0000	816.4722	1.0285	2.2570	99.9703	39.2619	0.8230	0.8189	5.0000	-9999.0000	-9999.0000	-9999.0000	-9999.0000	-9999.0000	-9999.0000	18.7328	1	0	31.2840	1.0000	99	9	-9999.0000	33960	62412	-9999	2406	2387	-9999	565.3578	5	0.6941	0.7190	-0.0014	80.3918	2.1891	703.5350	304.1936	36.9907	681.9476	98.0556	725.8039	96.8287	733.7464	96.9213	740.5948	97.0602	
26/08/2017	00:42:55	019001	H421121647HLR	L421	S		697.3058	1.0311	0.0000	100.0505	39.8752	0.8230	0.8250	5.0000	18.4122	815.1003	96.9213	17.6623	24.5000	0.9300	0.9322	0.7188	-0.0014	815.0000	815.6672	1.0285	2.3045	100.0123	39.4249	0.8230	0.8198	5.0000	-9999.0000	-9999.0000	-9999.0000	-9999.0000	-9999.0000	-9999.0000	18.5725	2	0	31.9834	1.0000	99	9	-9999.0000	33961	62413	-9999	2407	2388	-9999	566.1862	5	0.6940	0.7188	-0.0014	81.6490	2.1198	698.1597	316.4243	35.1620	677.0757	98.3102	721.6029	96.7824	730.7322	97.0370	738.0531	97.0602	
26/08/2017	00:43:25	019001	H421121545HLR	L421	S		698.3270	1.0311	0.0000	100.0519	39.8745	0.8230	0.8250	5.0000	18.3419	815.0834	96.9213	18.3519	24.5000	0.9300	0.9319	0.7188	-0.0014	815.0000	815.7236	1.0285	2.3012	99.9194	39.5093	0.8230	0.8194	5.0000	-9999.0000	-9999.0000	-9999.0000	-9999.0000	-9999.0000	-9999.0000	18.6224	3	0	29.8435	1.0000	99	9	-9999.0000	33962	62414	-9999	2408	2389	-9999	565.3544	5	0.6940	0.7188	-0.0014	81.6490	2.1198	698.8233	314.8503	35.8796	677.7715	98.0324	721.9377	96.7824	729.8569	96.9907	735.6765	97.0370	
26/08/2017	00:43:54	019001	H421121678HLR	L421	S		689.8619	1.0311	0.0000	100.0814	39.7820	0.8230	0.8252	5.0000	17.5626	815.0597	96.9213	19.8227	24.5000	0.9300	0.9321	0.7212	-0.0015	815.0000	814.7857	1.0285	2.3566	99.9624	39.4158	0.8230	0.8192	5.0000	-9999.0000	-9999.0000	-9999.0000	-9999.0000	-9999.0000	-9999.0000	18.5930	4	0	28.6539	1.0000	99	9	-9999.0000	33963	62415	-9999	2409	2390	-9999	563.6624	5	0.6938	0.7212	-0.0015	78.3036	2.2876	690.8332	316.4306	38.1481	669.7546	97.6852	715.1004	96.7361	723.4341	97.0139	731.3237	97.1065	
26/08/2017	00:44:24	019001	H421121676HLR	L421	S		688.2586	1.0311	0.0000	100.0104	39.8908	0.8230	0.8253	5.0000	17.7619	815.0792	96.9213	19.2631	24.5000	0.9300	0.9321	0.7205	-0.0015	815.0000	816.2637	1.0285	2.2693	100.0549	39.4145	0.8230	0.8194	5.0000	-9999.0000	-9999.0000	-9999.0000	-9999.0000	-9999.0000	-9999.0000	18.5731	5	0	30.0339	1.0000	99	9	-9999.0000	33964	62416	-9999	2410	2391	-9999	564.1277	5	0.6938	0.7205	-0.0015	77.3081	2.3389	692.0354	316.9888	38.0324	671.1120	97.5694	717.2237	96.5972	727.3547	96.9907	733.9098	97.0139	
26/08/2017	00:44:53	019001	H421121677HLR	L421	S		683.0302	1.0311	0.0000	100.1040	39.8134	0.8230	0.8249	5.0000	18.6225	815.0932	96.9444	20.4820	24.5000	0.9300	0.9322	0.7253	-0.0017	815.0000	812.5705	1.0285	2.4876	99.9376	39.4573	0.8230	0.8194	5.0000	-9999.0000	-9999.0000	-9999.0000	-9999.0000	-9999.0000	-9999.0000	18.6320	6	0	29.7634	1.0000	99	9	-9999.0000	33965	62417	-9999	2411	2392	-9999	562.6993	5	0.6939	0.7253	-0.0017	67.7441	2.8608	685.6374	323.2753	38.4259	665.2426	97.5694	709.1568	96.7361	716.9556	97.0370	722.6043	97.0370	
26/08/2017	00:45:23	019001	H421121679HLR	L421	S		697.8953	1.0311	0.0000	100.0352	39.7982	0.8230	0.8252	5.0000	17.7716	815.0600	96.9444	17.8225	24.5000	0.9300	0.9321	0.7165	-0.0013	815.0000	815.6547	1.0285	2.3053	99.9649	39.4540	0.8230	0.8192	5.0000	-9999.0000	-9999.0000	-9999.0000	-9999.0000	-9999.0000	-9999.0000	18.7842	7	0	29.3436	1.0000	99	9	-9999.0000	33966	62418	-9999	2412	2393	-9999	565.8327	5	0.6937	0.7165	-0.0013	67.7791	2.8780	694.3998	319.2735	37.1528	674.3289	97.7083	717.0540	96.6667	725.6618	97.0370	733.0763	97.0602	
26/08/2017	00:45:52	019001	H421121573HLR	L421	S		696.1778	1.0311	0.0000	99.9921	39.9369	0.8230	0.8254	5.0000	17.1614	815.0960	96.9444	17.1525	24.5000	0.9300	0.9321	0.7194	-0.0014	815.0000	816.1261	1.0285	2.2774	99.9451	39.4417	0.8230	0.8192	5.0000	-9999.0000	-9999.0000	-9999.0000	-9999.0000	-9999.0000	-9999.0000	18.6926	8	0	28.9936	1.0000	99	9	-9999.0000	33967	62418	-9999	2413	2394	-9999	566.5289	5	0.6933	0.7194	-0.0014	62.3144	3.2132	703.6836	334.1160	37.4537	683.3125	97.6389	724.9089	96.8519	734.0582	96.8981	740.9641	97.0833	
26/08/2017	00:46:22	019001	H421121659HLR	L421	S		696.7922	1.0311	0.0000	100.0024	39.7796	0.8230	0.8251	5.0000	17.4415	815.1102	96.9676	18.0217	24.5000	0.9300	0.9321	0.7085	-0.0008	815.0000	815.8696	1.0285	2.2926	99.9884	39.4449	0.8230	0.8193	5.0000	-9999.0000	-9999.0000	-9999.0000	-9999.0000	-9999.0000	-9999.0000	18.6420	1	0	30.0339	1.0000	99	9	-9999.0000	33968	62419	-9999	2414	2395	-9999	565.5793	5	0.6931	0.7085	-0.0008	48.5983	3.9441	697.2393	330.4450	38.4259	676.5460	97.4537	720.5284	96.7361	728.5794	97.0139	734.7420	97.0602	
26/08/2017	00:46:52	019001	H421121668HLR	L421	S		696.8525	1.0311	0.0000	100.0090	39.7946	0.8230	0.8253	5.0000	17.7726	815.0467	96.9213	18.2727	24.6000	0.9300	0.9322	0.7080	-0.0008	815.0000	814.4916	1.0285	2.3740	99.9411	39.4533	0.8230	0.8193	5.0000	-9999.0000	-9999.0000	-9999.0000	-9999.0000	-9999.0000	-9999.0000	18.5326	2	0	29.8132	1.0000	99	9	-9999.0000	33969	62420	-9999	2414	2396	-9999	565.1832	5	0.6930	0.7080	-0.0008	45.4122	4.0967	706.9403	326.1573	35.0694	685.1304	97.5926	729.7466	96.8519	737.6377	96.9907	743.3937	97.0602	
26/08/2017	00:47:22	019001	H421120519HLR	L421	S		694.5613	1.0311	0.0000	99.9938	39.9679	0.8230	0.8253	5.0000	17.6924	815.0598	96.9213	17.3517	24.6000	0.9300	0.9321	0.7142	-0.0012	815.0000	814.4727	1.0285	2.3751	99.9626	39.4518	0.8230	0.8193	5.0000	-9999.0000	-9999.0000	-9999.0000	-9999.0000	-9999.0000	-9999.0000	18.6721	3	0	30.6739	1.0000	99	9	-9999.0000	33970	62421	-9999	2415	2397	-9999	565.7251	5	0.6930	0.7142	-0.0012	53.1016	3.6805	708.9619	325.1394	37.5463	688.2585	97.6157	733.7660	96.9213	741.4794	96.9676	746.6684	97.0602	
26/08/2017	00:47:53	019001	H421120550HLR	L421	S		693.6312	1.0311	0.0000	99.9515	39.7717	0.8230	0.8250	5.0000	17.7726	815.0581	96.9444	17.4923	24.6000	0.9300	0.9321	0.7145	-0.0012	815.0000	814.1072	1.0285	2.3967	100.0002	39.4459	0.8230	0.8194	5.0000	-9999.0000	-9999.0000	-9999.0000	-9999.0000	-9999.0000	-9999.0000	18.9343	4	0	30.9539	1.0000	99	9	-9999.0000	33971	62422	-9999	2416	2398	-9999	565.6616	5	0.6930	0.7145	-0.0012	51.9197	3.7386	702.7556	320.5739	37.2222	681.6203	97.7083	726.9015	96.5741	735.4273	97.0602	740.6395	97.0833	
26/08/2017	00:48:24	019001	H421120549HLR	L421	S		688.7382	1.0311	0.0000	100.0341	39.7788	0.8230	0.8253	5.0000	17.8018	815.0675	96.9676	17.9123	24.5000	0.9300	0.9322	0.7139	-0.0011	815.0000	816.7551	1.0285	2.2402	100.0365	39.4561	0.8230	0.8193	5.0000	-9999.0000	-9999.0000	-9999.0000	-9999.0000	-9999.0000	-9999.0000	18.6516	5	0	31.1033	1.0000	99	9	-9999.0000	33972	62423	-9999	2417	2399	-9999	565.3179	5	0.6930	0.7139	-0.0011	49.8201	3.8367	704.9018	339.6557	38.2639	684.2295	97.4769	725.5832	96.7593	734.7185	97.0139	741.7817	97.0602	
26/08/2017	00:48:56	019001	H421120517HLR	L421	S		691.0137	1.0311	0.0000	100.0012	39.9870	0.8230	0.8254	5.0000	17.3322	815.0870	96.9213	18.3323	24.5000	0.9300	0.9321	0.7144	-0.0012	815.0000	814.6926	1.0285	2.3621	99.9395	39.4516	0.8230	0.8193	5.0000	-9999.0000	-9999.0000	-9999.0000	-9999.0000	-9999.0000	-9999.0000	18.6617	6	0	31.3144	1.0000	99	9	-9999.0000	33973	62424	-9999	2418	2400	-9999	564.9967	5	0.6932	0.7144	-0.0012	58.5223	3.4036	701.2025	335.0238	38.4259	681.2104	97.5231	722.7931	96.6667	731.7600	96.9907	738.0602	97.0370	
26/08/2017	00:49:29	019001	H421120516HLR	L421	S		690.6585	1.0311	0.0000	99.9802	39.8140	0.8230	0.8251	5.0000	17.2422	815.0997	96.9213	18.6722	24.5000	0.9300	0.9322	0.7127	-0.0011	815.0000	813.1100	1.0285	2.4557	99.9337	39.4451	0.8230	0.8193	5.0000	-9999.0000	-9999.0000	-9999.0000	-9999.0000	-9999.0000	-9999.0000	18.7024	7	0	32.9141	1.0000	99	9	-9999.0000	33974	62425	-9999	2419	2401	-9999	564.7396	5	0.6933	0.7127	-0.0011	63.4105	3.1547	698.6338	324.7249	35.5093	678.0400	97.8009	721.5225	96.7593	729.4383	96.9907	736.1919	97.0602	
26/08/2017	00:50:01	019001	H421120509HLR	L421	S		693.1114	1.0311	0.0000	99.9984	39.7064	0.8230	0.8254	5.0000	17.3125	815.0645	96.8981	19.4633	24.6000	0.9300	0.9322	0.7090	-0.0009	815.0000	816.0112	1.0285	2.2842	100.0658	39.4546	0.8230	0.8193	5.0000	-9999.0000	-9999.0000	-9999.0000	-9999.0000	-9999.0000	-9999.0000	18.7121	8	0	32.3839	1.0000	99	9	-9999.0000	33975	62426	-9999	2420	2401	-9999	564.1512	5	0.6932	0.7090	-0.0009	68.5915	2.9294	703.7672	319.0295	36.2037	682.7006	97.8935	725.4644	96.5509	734.6632	97.0602	739.8172	97.0370	
26/08/2017	00:50:33	019001	H421120511HLR	L421	S		690.9444	1.0311	0.0000	100.0289	39.9858	0.8230	0.8253	5.0000	17.9621	815.0742	96.8981	19.1019	24.6000	0.9300	0.9323	0.7074	-0.0008	815.0000	815.7120	1.0285	2.3019	99.9917	39.4478	0.8230	0.8192	5.0000	-9999.0000	-9999.0000	-9999.0000	-9999.0000	-9999.0000	-9999.0000	18.6917	1	0	32.3437	1.0000	99	9	-9999.0000	33976	62427	-9999	2421	2402	-9999	564.5633	5	0.6934	0.7074	-0.0008	61.0820	3.3527	705.3920	329.5786	36.3426	685.4272	98.0324	726.9354	96.5509	734.9355	97.0602	741.3673	96.9907	
26/08/2017	00:51:06	019001	H421120552HLR	L421	S		686.2189	1.0311	0.0000	99.9524	39.7952	0.8230	0.8250	5.0000	17.7820	815.0746	96.8981	19.8432	24.6000	0.9300	0.9322	0.7034	-0.0005	815.0000	813.5863	1.0285	2.4275	100.0487	39.4379	0.8230	0.8193	5.0000	-9999.0000	-9999.0000	-9999.0000	-9999.0000	-9999.0000	-9999.0000	18.7025	2	0	32.6837	1.0000	99	9	-9999.0000	33977	62428	-9999	2422	2403	-9999	564.2775	5	0.6937	0.7034	-0.0005	67.6477	2.9630	701.3568	316.4167	36.1111	681.1026	97.9167	721.8098	96.6435	729.4200	97.0370	735.5484	97.0602	
26/08/2017	00:51:37	019001	H421120523HLR	L421	S		681.6552	1.0311	0.0000	99.9823	39.7000	0.8230	0.8253	5.0000	17.7522	815.0476	96.9213	20.8522	24.5000	0.9300	0.9321	0.7134	-0.0011	815.0000	814.7965	1.0285	2.3560	100.0412	39.4492	0.8230	0.8193	5.0000	-9999.0000	-9999.0000	-9999.0000	-9999.0000	-9999.0000	-9999.0000	18.6416	3	0	31.3340	1.0000	99	9	-9999.0000	33978	62429	-9999	2423	2404	-9999	564.3721	5	0.6936	0.7134	-0.0011	92.9564	1.5263	698.2841	333.0871	35.2778	677.0130	97.6620	722.8690	96.6204	729.4289	96.9444	735.8959	97.0602	
26/08/2017	00:52:09	019001	H421120512HLR	L421	S		683.4946	1.0311	0.0000	100.0314	39.9902	0.8230	0.8251	5.0000	18.6819	815.0903	96.9213	20.8834	24.6000	0.9300	0.9323	0.7148	-0.0012	815.0000	811.9467	1.0285	2.5244	99.9577	39.4478	0.8230	0.8192	5.0000	-9999.0000	-9999.0000	-9999.0000	-9999.0000	-9999.0000	-9999.0000	18.7525	4	0	31.5635	1.0000	99	9	-9999.0000	33979	62430	-9999	2424	2404	-9999	562.8837	5	0.6934	0.7148	-0.0012	89.7574	1.7456	690.7644	321.5130	38.5185	670.2575	97.4769	714.8807	96.7130	723.0420	97.0139	728.1795	97.0833	
26/08/2017	00:52:40	019001	H421121135HLR	L421	S		683.1232	1.0311	0.0000	100.0453	39.7597	0.8230	0.8250	5.0000	17.8215	815.0806	96.9444	20.3326	24.6000	0.9300	0.9323	0.7077	-0.0008	815.0000	812.7782	1.0285	2.4753	99.9953	39.4496	0.8230	0.8193	5.0000	-9999.0000	-9999.0000	-9999.0000	-9999.0000	-9999.0000	-9999.0000	18.7123	5	0	31.0835	1.0000	99	9	-9999.0000	33980	62431	-9999	2425	2405	-9999	563.1907	5	0.6934	0.7077	-0.0008	72.9789	2.6625	692.4935	331.1889	38.8194	672.4814	97.3843	714.2773	96.6435	722.4969	97.0602	729.2072	97.0602	
26/08/2017	00:53:11	019001	H421120533HLR	L421	S		680.0190	1.0311	0.0000	100.0467	39.7822	0.8230	0.8252	5.0000	18.8323	815.0346	96.9213	21.2125	24.6000	0.9300	0.9321	0.7042	-0.0006	815.0000	812.7210	1.0285	2.4787	100.0664	39.4557	0.8230	0.8193	5.0000	-9999.0000	-9999.0000	-9999.0000	-9999.0000	-9999.0000	-9999.0000	18.6224	6	0	31.4346	1.0000	99	9	-9999.0000	33981	62432	-9999	2426	2406	-9999	563.4235	5	0.6933	0.7042	-0.0006	61.5945	3.3090	691.1219	320.4295	36.5509	670.0242	97.8009	716.5416	97.0602	724.9142	96.8056	729.8557	97.0370	
26/08/2017	00:53:44	019001	H421121126HLR	L421	S		679.6425	1.0311	0.0000	99.9638	39.9794	0.8230	0.8252	5.0000	18.1320	815.0771	96.8981	19.3022	24.6000	0.9300	0.9323	0.7013	-0.0004	815.0000	813.1573	1.0285	2.4529	99.9599	39.4520	0.8230	0.8193	5.0000	-9999.0000	-9999.0000	-9999.0000	-9999.0000	-9999.0000	-9999.0000	18.6320	7	0	32.4239	1.0000	99	9	-9999.0000	33982	62433	-9999	2427	2407	-9999	565.0215	5	0.6933	0.7013	-0.0004	72.9653	2.7053	699.2037	325.3865	37.0602	678.2120	97.6620	724.8382	96.6898	734.2618	97.0139	740.5561	97.0602	
26/08/2017	00:54:11	019001	H421121116HLR	L421	S		684.8386	1.0311	0.0000	99.9918	39.7341	0.8230	0.8250	5.0000	17.7414	815.0619	96.9213	20.0630	24.6000	0.9300	0.9321	0.6984	-0.0003	815.0000	815.2512	1.0285	2.3291	99.9173	39.4516	0.8230	0.8193	5.0000	-9999.0000	-9999.0000	-9999.0000	-9999.0000	-9999.0000	-9999.0000	18.7425	8	0	27.0432	1.0000	99	9	-9999.0000	33983	62434	-9999	2428	2408	-9999	564.8498	5	0.6931	0.6984	-0.0003	67.0384	3.0291	702.7705	323.8181	37.8009	682.1604	97.5231	728.5843	96.6898	736.8006	97.0139	741.9393	97.0139	
26/08/2017	00:54:42	019001	H421121105HLR	L421	S		687.8354	1.0311	0.0000	100.0208	39.8000	0.8230	0.8256	5.0000	17.0714	815.0661	96.8981	19.0619	24.6000	0.9300	0.9323	0.6916	0.0001	815.0000	814.3126	1.0285	2.3846	99.9632	39.4522	0.8230	0.8193	5.0000	-9999.0000	-9999.0000	-9999.0000	-9999.0000	-9999.0000	-9999.0000	18.6224	1	0	30.7636	1.0000	99	9	-9999.0000	33984	62435	-9999	2429	2409	-9999	565.0244	5	0.6929	0.6916	0.0001	56.8383	3.5496	710.5215	327.3062	37.0833	689.8609	97.6389	733.6539	96.6204	742.1403	97.0370	747.7421	97.0370	
26/08/2017	00:55:14	019001	H421121095HLR	L421	S		686.4709	1.0311	0.0000	100.0101	39.9729	0.8230	0.8252	5.0000	17.6320	815.0746	96.9213	19.9321	24.6000	0.9300	0.9322	0.6995	-0.0003	815.0000	814.3277	1.0285	2.3837	100.0413	39.4531	0.8230	0.8194	5.0000	-9999.0000	-9999.0000	-9999.0000	-9999.0000	-9999.0000	-9999.0000	18.6927	2	0	32.3535	1.0000	99	9	-9999.0000	33985	62436	-9999	2430	2410	-9999	564.8528	5	0.6932	0.6995	-0.0003	57.7108	3.5099	714.2381	322.8142	37.7083	693.2035	97.6389	737.4317	96.9213	743.9206	97.0370	748.9517	97.0602	
26/08/2017	00:55:44	019001	H421121130HLR	L421	S		688.6580	1.0311	0.0000	99.9998	39.7000	0.8230	0.8250	5.0000	18.1719	815.0576	96.9213	20.4224	24.6000	0.9300	0.9321	0.7012	-0.0004	815.0000	814.0055	1.0285	2.4027	99.9091	39.4866	0.8230	0.8193	5.0000	-9999.0000	-9999.0000	-9999.0000	-9999.0000	-9999.0000	-9999.0000	18.7825	3	0	30.4539	1.0000	99	9	-9999.0000	33986	62437	-9999	2431	2411	-9999	565.0655	5	0.6931	0.7012	-0.0004	44.7435	4.1609	709.5578	328.6588	37.6157	688.6043	97.5926	732.2434	96.8750	737.5786	97.0139	742.4270	97.0370	
26/08/2017	00:56:15	019001	H421118238HLR	L421	S		699.2509	1.0311	0.0000	99.9699	39.9000	0.8230	0.8254	5.0000	17.6026	815.0772	96.9444	15.5214	24.6000	0.9300	0.9322	0.7012	-0.0004	815.0000	813.9347	1.0285	2.4069	100.0422	39.4470	0.8230	0.8192	5.0000	-9999.0000	-9999.0000	-9999.0000	-9999.0000	-9999.0000	-9999.0000	18.7015	4	0	30.8836	1.0000	99	9	-9999.0000	33987	62438	-9999	2432	2412	-9999	566.5787	5	0.6931	0.7012	-0.0004	44.7435	4.1609	722.1772	342.7751	38.7731	701.1121	97.1065	746.2418	96.7130	754.0115	97.0370	760.5645	97.0833	
26/08/2017	00:56:48	019001	H421121088HLR	L421	S		688.3007	1.0311	0.0000	99.9533	39.8687	0.8230	0.8247	5.0000	19.2523	815.0844	96.9213	18.7826	24.6000	0.9300	0.9323	0.7023	-0.0004	815.0000	813.5735	1.0285	2.4283	100.0131	39.4480	0.8230	0.8193	5.0000	-9999.0000	-9999.0000	-9999.0000	-9999.0000	-9999.0000	-9999.0000	18.7727	5	0	32.7844	1.0000	99	9	-9999.0000	33988	62439	-9999	2433	2413	-9999	565.0322	5	0.6933	0.7023	-0.0004	63.3265	3.2643	718.4740	343.7650	39.3519	698.3285	97.2685	741.0540	96.9213	747.7555	96.9907	753.4212	97.0602	
26/08/2017	00:57:19	019001	H421121119HLR	L421	S		688.1335	1.0311	0.0000	100.0243	39.7000	0.8230	0.8251	5.0000	17.5321	815.0599	96.9213	20.8629	24.6000	0.9300	0.9321	0.7047	-0.0006	815.0000	816.4733	1.0285	2.2569	99.9568	39.4641	0.8230	0.8193	5.0000	-9999.0000	-9999.0000	-9999.0000	-9999.0000	-9999.0000	-9999.0000	18.7221	6	0	30.7743	1.0000	99	9	-9999.0000	33989	62440	-9999	2434	2414	-9999	564.9129	5	0.6935	0.7047	-0.0006	94.1611	1.7409	704.4936	330.8392	35.8333	683.5311	97.9630	727.7330	96.5741	735.3317	96.7130	739.6181	97.1296	
26/08/2017	00:57:53	019001	H421121128HLR	L421	S		689.8314	1.0311	0.0000	100.0350	39.9948	0.8230	0.8254	5.0000	17.7023	815.0827	96.8981	18.4622	24.6000	0.9300	0.9322	0.7048	-0.0006	815.0000	814.2393	1.0285	2.3889	99.9022	39.4531	0.8230	0.8192	5.0000	-9999.0000	-9999.0000	-9999.0000	-9999.0000	-9999.0000	-9999.0000	18.7220	7	0	34.6536	1.0000	99	9	-9999.0000	33990	62441	-9999	2435	2415	-9999	566.0924	5	0.6938	0.7048	-0.0006	69.7695	2.9459	706.5195	325.7418	37.4769	685.6806	97.7778	730.8284	96.7130	739.5355	97.0602	745.5876	97.0602	
26/08/2017	00:58:25	019001	H421121109HLR	L421	S		686.5967	1.0311	0.0000	100.0817	39.7974	0.8230	0.8246	5.0000	19.3022	815.0644	96.8981	19.3930	24.6000	0.9300	0.9321	0.7044	-0.0005	815.0000	814.9862	1.0285	2.3448	99.9777	39.4436	0.8230	0.8193	5.0000	-9999.0000	-9999.0000	-9999.0000	-9999.0000	-9999.0000	-9999.0000	18.6819	8	0	31.6833	1.0000	99	9	-9999.0000	33991	62442	-9999	2436	2416	-9999	565.6665	5	0.6939	0.7044	-0.0005	70.5368	2.8855	704.3771	327.3390	37.7083	683.5885	97.5926	728.7965	96.8981	736.5666	96.9213	741.9496	97.0370	
26/08/2017	00:58:57	019001	H421121146HLR	L421	S		687.1864	1.0311	0.0000	99.9926	39.7000	0.8230	0.8254	5.0000	17.2629	815.0848	96.8981	20.7731	24.6000	0.9300	0.9323	0.7056	-0.0006	815.0000	815.8608	1.0285	2.2931	99.9700	39.4495	0.8230	0.8192	5.0000	-9999.0000	-9999.0000	-9999.0000	-9999.0000	-9999.0000	-9999.0000	18.8617	1	0	31.7540	1.0000	99	9	-9999.0000	33992	62443	-9999	2437	2417	-9999	565.1410	5	0.6938	0.7056	-0.0006	70.6186	2.8805	703.5613	323.4542	36.8981	682.7409	97.7778	726.8095	96.7130	734.5150	97.0602	739.4910	97.0602	
26/08/2017	00:59:29	019001	H421121091HLR	L421	S		687.5257	1.0311	0.0000	99.9903	40.0000	0.8230	0.8252	5.0000	18.5618	815.0867	96.8981	19.3031	24.6000	0.9300	0.9323	0.7060	-0.0006	815.0000	814.3641	1.0285	2.3816	99.9490	39.4426	0.8230	0.8193	5.0000	-9999.0000	-9999.0000	-9999.0000	-9999.0000	-9999.0000	-9999.0000	18.7523	2	0	31.7040	1.0000	99	9	-9999.0000	33993	62444	-9999	2438	2418	-9999	565.7008	5	0.6940	0.7060	-0.0006	71.6375	2.8287	702.5198	319.9125	38.1944	680.8630	97.5926	727.1761	96.7361	734.7926	97.0602	741.0760	97.0833	
26/08/2017	01:00:01	019001	H421121113HLR	L421	S		685.2138	1.0311	0.0000	99.9728	39.7788	0.8230	0.8250	5.0000	17.6212	815.0773	96.8981	22.6522	24.6000	0.9300	0.9321	0.7068	-0.0007	815.0000	817.3193	1.0285	2.2069	100.0709	39.4670	0.8230	0.8193	5.0000	-9999.0000	-9999.0000	-9999.0000	-9999.0000	-9999.0000	-9999.0000	18.7316	3	0	32.3242	1.0000	99	9	-9999.0000	33994	62445	-9999	2439	2419	-9999	564.0986	5	0.6941	0.7068	-0.0007	75.5517	2.6418	699.6121	338.5470	37.8704	678.9652	97.5231	722.5105	96.7361	729.2821	96.9213	734.6811	97.0370	
26/08/2017	01:00:33	019001	H421121139HLR	L421	S		686.3403	1.0311	0.0000	100.0078	39.7371	0.8230	0.8253	5.0000	18.0518	815.0460	96.8981	20.1118	24.6000	0.9300	0.9321	0.7074	-0.0007	815.0000	814.8562	1.0285	2.3525	100.0002	39.4560	0.8230	0.8192	5.0000	-9999.0000	-9999.0000	-9999.0000	-9999.0000	-9999.0000	-9999.0000	18.7121	4	0	31.9042	1.0000	99	9	-9999.0000	33995	62446	-9999	2439	2420	-9999	565.2978	5	0.6939	0.7074	-0.0007	77.8214	2.4960	699.5478	321.5935	36.0417	678.8382	97.8009	722.4521	96.7130	730.6870	96.9907	736.8901	97.0602	
26/08/2017	01:01:05	019001	H421121158HLR	L421	S		687.3230	1.0311	0.0000	99.9944	40.0000	0.8230	0.8254	5.0000	17.1612	815.0732	96.8981	19.7925	24.5000	0.9300	0.9321	0.7069	-0.0007	815.0000	815.2386	1.0285	2.3299	99.9606	39.4452	0.8230	0.8192	5.0000	-9999.0000	-9999.0000	-9999.0000	-9999.0000	-9999.0000	-9999.0000	18.7230	5	0	32.6435	1.0000	99	9	-9999.0000	33996	62447	-9999	2440	2421	-9999	565.3751	5	0.6941	0.7069	-0.0007	98.8733	1.4315	698.0162	318.6988	36.0185	675.8400	97.7778	723.0500	96.7593	732.0658	97.0139	737.5620	97.0370	
26/08/2017	01:01:37	019001	H421121142HLR	L421	S		685.4788	1.0311	0.0000	100.0484	39.7124	0.8230	0.8250	5.0000	17.6818	815.0604	96.8981	20.2017	24.5000	0.9300	0.9321	0.7173	-0.0012	815.0000	815.1819	1.0285	2.3332	100.0041	39.4439	0.8230	0.8192	5.0000	-9999.0000	-9999.0000	-9999.0000	-9999.0000	-9999.0000	-9999.0000	18.9720	6	0	32.0538	1.0000	99	9	-9999.0000	33997	62448	-9999	2441	2422	-9999	565.2918	5	0.6937	0.7173	-0.0012	94.9023	1.6325	698.6439	322.9005	37.5000	677.3577	97.6157	723.0583	96.8056	731.4265	97.0602	736.9658	97.0602	
26/08/2017	01:02:11	019001	H421121178HLR	L421	S		684.7138	1.0311	0.0000	100.0085	39.8000	0.8230	0.8256	5.0000	17.1525	815.0911	96.8750	20.3433	24.5000	0.9300	0.9322	0.7172	-0.0012	815.0000	814.9896	1.0285	2.3446	100.0446	39.4586	0.8230	0.8192	5.0000	-9999.0000	-9999.0000	-9999.0000	-9999.0000	-9999.0000	-9999.0000	18.8021	7	0	33.4240	1.0000	99	9	-9999.0000	33998	62449	-9999	2442	2423	-9999	564.9651	5	0.6937	0.7172	-0.0012	94.7673	1.6422	688.5816	318.2042	37.1991	667.7229	97.6389	713.9647	96.5972	722.5725	97.0370	728.3155	97.0370	
26/08/2017	01:02:41	019001	H421121151HLR	L421	S		683.5267	1.0311	0.0000	99.9905	39.9655	0.8230	0.8248	5.0000	18.9916	815.0528	96.8981	20.4224	24.5000	0.9300	0.9322	0.7175	-0.0012	815.0000	814.7870	1.0285	2.3566	99.9662	39.4557	0.8230	0.8193	5.0000	-9999.0000	-9999.0000	-9999.0000	-9999.0000	-9999.0000	-9999.0000	18.6723	8	0	30.2538	1.0000	99	9	-9999.0000	33999	62450	-9999	2443	2424	-9999	564.9147	5	0.6937	0.7175	-0.0012	95.2403	1.6272	688.6571	318.8832	35.2778	668.2966	97.9861	712.3417	96.7361	720.5243	97.0602	727.5006	97.0833	
26/08/2017	01:03:13	019001	H421121161HLR	L421	S		684.0135	1.0311	0.0000	99.9923	39.6994	0.8230	0.8250	5.0000	17.7424	815.1018	96.9213	20.6226	24.5000	0.9300	0.9322	0.7174	-0.0012	815.0000	814.4569	1.0285	2.3761	99.9147	39.4523	0.8230	0.8193	5.0000	-9999.0000	-9999.0000	-9999.0000	-9999.0000	-9999.0000	-9999.0000	18.6329	1	0	31.5643	1.0000	99	9	-9999.0000	34000	62451	-9999	2444	2425	-9999	564.6569	5	0.6934	0.7174	-0.0012	95.2286	1.6353	686.6390	314.7242	34.9306	665.7028	97.5000	711.8885	96.9676	719.4865	96.9444	725.7483	97.0370	
26/08/2017	01:03:44	019001	H421121181HLR	L421	S		684.6273	1.0311	0.0000	99.9439	39.9000	0.8230	0.8254	5.0000	17.8820	815.0654	96.8750	20.5728	24.6000	0.9300	0.9322	0.7183	-0.0012	815.0000	814.7259	1.0285	2.3602	100.0406	39.4490	0.8230	0.8193	5.0000	-9999.0000	-9999.0000	-9999.0000	-9999.0000	-9999.0000	-9999.0000	18.7222	2	0	31.6530	1.0000	99	9	-9999.0000	34001	62452	-9999	2445	2426	-9999	564.6949	5	0.6933	0.7183	-0.0012	97.1822	1.5525	686.9451	319.6862	36.3889	666.5268	97.8935	713.1764	96.6667	721.6568	97.0833	727.2505	97.0370	
26/08/2017	01:04:17	019001	H421121173HLR	L421	S		686.5299	1.0311	0.0000	99.9466	39.8675	0.8230	0.8247	5.0000	19.0023	815.1454	96.8981	21.4225	24.6000	0.9300	0.9323	0.7176	-0.0012	815.0000	815.9900	1.0285	2.2855	100.0249	39.4584	0.8230	0.8192	5.0000	-9999.0000	-9999.0000	-9999.0000	-9999.0000	-9999.0000	-9999.0000	18.8522	3	0	32.5245	1.0000	99	9	-9999.0000	34002	62452	-9999	2446	2427	-9999	563.9699	5	0.6934	0.7176	-0.0012	94.2685	1.7149	690.0055	319.6539	36.2269	669.0618	97.7778	713.0972	96.6435	721.6585	97.0370	727.3503	97.0833	
26/08/2017	01:04:49	019001	H421121174HLR	L421	S		688.4068	1.0311	0.0000	99.9490	39.7000	0.8230	0.8252	5.0000	17.7921	815.1329	96.9213	18.7718	24.6000	0.9300	0.9323	0.7184	-0.0012	815.0000	815.1344	1.0285	2.3360	99.8719	39.4564	0.8230	0.8192	5.0000	-9999.0000	-9999.0000	-9999.0000	-9999.0000	-9999.0000	-9999.0000	18.7631	4	0	31.8740	1.0000	99	9	-9999.0000	34003	62453	-9999	2447	2428	-9999	566.6483	5	0.6932	0.7184	-0.0012	101.3140	1.3795	693.9925	316.8165	36.0648	673.4347	97.6852	719.2096	97.0139	728.0205	96.8519	733.7079	97.0370	
26/08/2017	01:05:22	019001	H421121165HLR	L421	S		687.5832	1.0311	0.0000	100.0791	40.0000	0.8230	0.8255	5.0000	17.4719	815.0586	96.8981	19.5923	24.6000	0.9300	0.9322	0.7200	-0.0013	815.0000	815.0862	1.0285	2.3389	99.9595	39.4505	0.8230	0.8192	5.0000	-9999.0000	-9999.0000	-9999.0000	-9999.0000	-9999.0000	-9999.0000	18.7922	5	0	32.8936	1.0000	99	9	-9999.0000	34004	62454	-9999	2448	2429	-9999	565.8610	5	0.6931	0.7200	-0.0013	99.8602	1.4513	689.7896	316.4592	38.2176	667.8651	97.4537	714.5037	96.8750	723.5650	96.9676	730.0710	97.0602	
26/08/2017	01:05:55	019001	H421121166HLR	L421	S		686.4127	1.0311	0.0000	99.9867	39.7824	0.8230	0.8248	5.0000	18.2716	815.0745	96.9213	20.1724	24.6000	0.9300	0.9322	0.7205	-0.0013	815.0000	815.2785	1.0285	2.3275	99.9031	39.4533	0.8230	0.8193	5.0000	-9999.0000	-9999.0000	-9999.0000	-9999.0000	-9999.0000	-9999.0000	18.6322	6	0	33.0636	1.0000	99	9	-9999.0000	34005	62455	-9999	2449	2430	-9999	565.3563	5	0.6930	0.7205	-0.0013	102.7071	1.3119	686.4457	319.7083	38.0324	664.9719	97.8009	712.6483	96.7593	720.3750	97.0833	727.1753	97.0833	
26/08/2017	01:06:26	019001	H421121177HLR	L421	S		684.2926	1.0311	0.0000	100.0078	39.7619	0.8230	0.8253	5.0000	17.8127	815.1160	96.9213	20.5230	24.5000	0.9300	0.9321	0.7196	-0.0013	815.0000	814.9656	1.0285	2.3460	99.9099	39.4503	0.8230	0.8193	5.0000	-9999.0000	-9999.0000	-9999.0000	-9999.0000	-9999.0000	-9999.0000	18.7923	7	0	31.3340	1.0000	99	9	-9999.0000	34006	62456	-9999	2450	2431	-9999	564.9994	5	0.6930	0.7196	-0.0013	103.3105	1.2851	684.6057	318.5312	36.1111	663.0447	97.7778	709.1053	96.5509	718.5393	97.0139	724.6634	97.0370	
26/08/2017	01:06:56	019001	H421121539HLR	L421	S		683.7203	1.0311	0.0000	99.9854	39.9966	0.8230	0.8253	5.0000	17.9923	815.0795	96.9213	20.3921	24.5000	0.9300	0.9322	0.7158	-0.0011	815.0000	814.0991	1.0285	2.3972	99.9776	39.4521	0.8230	0.8193	5.0000	-9999.0000	-9999.0000	-9999.0000	-9999.0000	-9999.0000	-9999.0000	18.6722	8	0	30.2741	1.0000	99	9	-9999.0000	34007	62457	-9999	2451	2432	-9999	565.0678	5	0.6934	0.7158	-0.0011	91.9493	1.8492	684.9316	315.4569	37.6852	664.6062	97.5694	709.0426	96.5509	716.9083	97.0602	723.4510	97.1065	
26/08/2017	01:07:29	019001	H421121559HLR	L421	S		685.4541	1.0311	0.0000	99.9436	39.7649	0.8230	0.8251	5.0000	17.6015	815.0749	96.8519	20.8932	24.5000	0.9300	0.9321	0.7158	-0.0011	815.0000	815.3917	1.0285	2.3208	99.9753	39.4571	0.8230	0.8193	5.0000	-9999.0000	-9999.0000	-9999.0000	-9999.0000	-9999.0000	-9999.0000	18.6321	1	0	32.4737	1.0000	99	9	-9999.0000	34008	62458	-9999	2452	2433	-9999	564.7271	5	0.6934	0.7158	-0.0011	82.1557	2.3441	692.2297	329.9789	36.6204	672.6843	97.1528	712.9281	96.7593	721.8325	97.0370	727.1969	97.0602	
26/08/2017	01:08:00	019001	H421121581HLR	L421	S		683.0133	1.0311	0.0000	100.0120	39.8000	0.8230	0.8255	5.0000	17.4122	815.0593	96.8981	21.5827	24.5000	0.9300	0.9322	0.7158	-0.0011	815.0000	815.7442	1.0285	2.3000	100.0314	39.4642	0.8230	0.8194	5.0000	-9999.0000	-9999.0000	-9999.0000	-9999.0000	-9999.0000	-9999.0000	18.5824	2	0	31.5840	1.0000	99	9	-9999.0000	34009	62459	-9999	2453	2434	-9999	564.0681	5	0.6934	0.7158	-0.0011	82.8335	2.3174	687.7266	321.9073	38.4954	667.0904	97.4769	711.1091	96.7361	718.2964	97.0833	724.8139	97.0139	
26/08/2017	01:08:32	019001	H421121571HLR	L421	S		690.3047	1.0311	0.0000	99.9775	39.9914	0.8230	0.8254	5.0000	17.3224	815.1441	96.8981	19.3217	24.6000	0.9300	0.9321	0.7157	-0.0011	815.0000	815.6253	1.0285	2.3070	100.0134	39.4602	0.8230	0.8193	5.0000	-9999.0000	-9999.0000	-9999.0000	-9999.0000	-9999.0000	-9999.0000	18.5724	3	0	31.8643	1.0000	99	9	-9999.0000	34010	62460	-9999	2454	2435	-9999	566.2168	5	0.6934	0.7157	-0.0011	82.3338	2.3436	698.5201	322.9295	37.4306	677.9080	97.6852	721.3129	96.7361	730.0849	96.9907	736.5933	97.0139	
26/08/2017	01:09:06	019001	H421121543HLR	L421	S		687.4635	1.0311	0.0000	99.9696	39.7371	0.8230	0.8251	5.0000	17.6623	815.0729	96.8981	18.7728	24.6000	0.9300	0.9322	0.7163	-0.0011	815.0000	814.8741	1.0285	2.3514	99.9799	39.4499	0.8230	0.8193	5.0000	-9999.0000	-9999.0000	-9999.0000	-9999.0000	-9999.0000	-9999.0000	18.6332	4	0	33.5039	1.0000	99	9	-9999.0000	34011	62461	-9999	2455	2436	-9999	566.6252	5	0.6934	0.7163	-0.0011	95.8728	1.6576	699.1355	334.0731	36.6204	678.5325	97.3611	719.1194	96.6435	727.4031	97.0602	734.7621	97.0833	
26/08/2017	01:09:38	019001	H421121540HLR	L421	S		685.7122	1.0311	0.0000	99.9653	39.8900	0.8230	0.8254	5.0000	17.7423	815.0860	96.8981	20.4224	24.5000	0.9300	0.9322	0.7205	-0.0013	815.0000	815.5575	1.0285	2.3110	99.9841	39.4555	0.8230	0.8193	5.0000	-9999.0000	-9999.0000	-9999.0000	-9999.0000	-9999.0000	-9999.0000	18.8324	5	0	32.1132	1.0000	99	9	-9999.0000	34012	62462	-9999	2456	2437	-9999	565.1614	5	0.6932	0.7205	-0.0013	89.9754	1.9477	690.7225	326.2818	38.4491	670.9955	97.5463	714.2471	96.8287	723.1120	96.8981	728.2812	97.0370	
26/08/2017	01:10:09	019001	H421121563HLR	L421	S		688.4990	1.0311	0.0000	99.9609	39.9527	0.8230	0.8250	5.0000	18.0919	815.1222	96.8981	20.0620	24.5000	0.9300	0.9323	0.7193	-0.0013	815.0000	815.6215	1.0285	2.3072	100.0122	39.4509	0.8230	0.8193	5.0000	-9999.0000	-9999.0000	-9999.0000	-9999.0000	-9999.0000	-9999.0000	18.6723	6	0	31.5040	1.0000	99	9	-9999.0000	34013	62462	-9999	2457	2438	-9999	565.5303	5	0.6933	0.7193	-0.0013	86.8481	2.0867	690.5403	334.1250	38.2407	670.4334	97.5694	714.1345	96.8981	722.0252	97.0370	726.8691	97.0370	
26/08/2017	01:10:41	019001	H421121546HLR	L421	S		683.7632	1.0311	0.0000	100.0860	39.6942	0.8230	0.8248	5.0000	19.0326	815.0854	96.9213	19.7426	24.5000	0.9300	0.9322	0.7199	-0.0013	815.0000	814.6015	1.0285	2.3675	99.9954	39.4435	0.8230	0.8193	5.0000	-9999.0000	-9999.0000	-9999.0000	-9999.0000	-9999.0000	-9999.0000	18.6331	7	0	31.8836	1.0000	99	9	-9999.0000	34014	62463	-9999	2458	2439	-9999	565.7476	5	0.6935	0.7199	-0.0013	92.4370	1.8131	690.3831	335.1961	38.1944	670.6569	97.6620	712.6922	96.6667	720.8427	96.9907	727.9304	97.0833	
26/08/2017	01:11:12	019001	H421121681HLR	L421	S		685.2643	1.0311	0.0000	99.9707	39.9000	0.8230	0.8252	5.0000	18.6930	815.0988	96.8519	22.0222	24.5000	0.9300	0.9321	0.7192	-0.0013	815.0000	816.3344	1.0285	2.2651	99.9936	39.4490	0.8230	0.8193	5.0000	-9999.0000	-9999.0000	-9999.0000	-9999.0000	-9999.0000	-9999.0000	18.7124	8	0	30.5438	1.0000	99	9	-9999.0000	34015	62464	-9999	2459	2440	-9999	563.2807	5	0.6937	0.7192	-0.0013	87.8062	2.0585	690.7692	329.8043	37.4306	671.9446	97.6852	711.1112	96.8981	719.3622	96.8981	726.5297	97.1065	
26/08/2017	01:11:41	019001	H421121682HLR	L421	S		686.2144	1.0311	0.0000	100.0307	39.9273	0.8230	0.8249	5.0000	18.5627	815.0960	96.9213	20.0923	24.5000	0.9300	0.9320	0.7191	-0.0013	815.0000	815.5180	1.0285	2.3134	99.9826	39.4482	0.8230	0.8193	5.0000	-9999.0000	-9999.0000	-9999.0000	-9999.0000	-9999.0000	-9999.0000	18.7220	1	0	29.7135	1.0000	99	9	-9999.0000	34016	62465	-9999	2460	2441	-9999	565.3654	5	0.6935	0.7191	-0.0013	79.5265	2.4504	691.7863	333.5361	38.4491	672.0496	97.5926	713.0451	96.7130	721.4817	96.8981	727.3926	97.0370	
26/08/2017	01:12:11	019001	H421121566HLR	L421	S		686.8757	1.0311	0.0000	100.0185	39.7000	0.8230	0.8251	5.0000	17.8722	815.0560	96.8981	20.0220	24.5000	0.9300	0.9322	0.7197	-0.0013	815.0000	816.9972	1.0285	2.2259	99.9899	39.4525	0.8230	0.8193	5.0000	-9999.0000	-9999.0000	-9999.0000	-9999.0000	-9999.0000	-9999.0000	18.6917	2	0	29.2938	1.0000	99	9	-9999.0000	34017	62466	-9999	2461	2442	-9999	565.4016	5	0.6935	0.7197	-0.0013	87.7378	2.0604	692.0528	318.7934	36.1574	671.3440	97.8472	712.8665	96.7361	722.7942	97.0602	730.2142	97.0602	
26/08/2017	01:12:41	019001	H421121645HLR	L421	S		685.4118	1.0311	0.0000	100.0665	39.9631	0.8230	0.8256	5.0000	17.3224	815.0767	96.8981	19.8931	24.5000	0.9300	0.9321	0.7229	-0.0015	815.0000	814.5804	1.0285	2.3688	100.0646	39.4494	0.8230	0.8193	5.0000	-9999.0000	-9999.0000	-9999.0000	-9999.0000	-9999.0000	-9999.0000	18.9319	3	0	30.0035	1.0000	99	9	-9999.0000	34018	62467	-9999	2462	2443	-9999	565.6407	5	0.6932	0.7229	-0.0015	96.6821	1.6160	689.4879	318.6309	37.3843	668.6650	97.8009	712.5704	96.5972	721.2442	97.1296	728.1671	97.0602	
26/08/2017	01:13:10	019001	H421121583HLR	L421	S		685.9023	1.0311	0.0000	99.9738	39.8563	0.8230	0.8251	5.0000	17.6221	815.1098	96.8750	19.0726	24.5000	0.9300	0.9322	0.7232	-0.0015	815.0000	815.3870	1.0285	2.3211	99.9059	39.4609	0.8230	0.8193	5.0000	-9999.0000	-9999.0000	-9999.0000	-9999.0000	-9999.0000	-9999.0000	18.7521	4	0	28.8140	1.0000	99	9	-9999.0000	34019	62468	-9999	2463	2444	-9999	566.6408	5	0.6932	0.7232	-0.0015	96.9089	1.6002	686.8035	319.2855	36.3426	666.5284	97.8472	710.7472	96.5509	720.5451	97.0602	727.6954	97.0602	
26/08/2017	01:13:40	019001	H421120530HLR	L421	S		682.2136	1.0311	0.0000	99.9676	39.7365	0.8230	0.8254	5.0000	17.2314	815.0917	96.9213	17.7121	24.6000	0.9300	0.9323	0.7231	-0.0015	815.0000	816.2461	1.0285	2.2703	99.9631	39.4587	0.8230	0.8193	5.0000	-9999.0000	-9999.0000	-9999.0000	-9999.0000	-9999.0000	-9999.0000	18.7923	5	0	30.0134	1.0000	99	9	-9999.0000	34020	62469	-9999	2464	2445	-9999	568.2221	5	0.6930	0.7231	-0.0015	97.6943	1.5627	691.8363	321.4310	36.8519	671.1567	97.8241	718.3023	96.5972	727.4505	97.1065	734.7272	97.0833	
26/08/2017	01:14:09	019001	H421120522HLR	L421	S		691.4217	1.0311	0.0000	100.0190	39.9754	0.8230	0.8255	5.0000	17.0518	815.0788	96.9213	17.7717	24.6000	0.9300	0.9323	0.7244	-0.0015	815.0000	817.9383	1.0285	2.1703	99.8736	39.4570	0.8230	0.8193	5.0000	-9999.0000	-9999.0000	-9999.0000	-9999.0000	-9999.0000	-9999.0000	18.7328	6	0	29.2731	1.0000	99	9	-9999.0000	34021	62470	-9999	2465	2446	-9999	567.9874	5	0.6932	0.7244	-0.0015	97.5339	1.5763	693.7331	319.3144	37.6852	672.2164	97.6620	721.0103	96.7130	729.4872	97.0833	735.6952	97.0370	
26/08/2017	01:14:38	019001	H421120521HLR	L421	S		688.7605	1.0311	0.0000	100.0279	39.8451	0.8230	0.8252	5.0000	17.1515	815.0528	96.9444	17.9416	24.6000	0.9300	0.9323	0.7260	-0.0016	815.0000	817.2335	1.0285	2.2120	99.9785	39.4633	0.8230	0.8193	5.0000	-9999.0000	-9999.0000	-9999.0000	-9999.0000	-9999.0000	-9999.0000	18.7621	7	0	29.6139	1.0000	99	9	-9999.0000	34022	62471	-9999	2466	2447	-9999	567.9051	5	0.6935	0.7260	-0.0016	109.7663	0.9733	689.4347	314.5180	38.4722	668.6660	97.5000	715.5382	96.8056	724.9742	97.0370	732.3901	97.0833	
26/08/2017	01:15:07	019001	H421120548HLR	L421	S		695.0167	1.0311	0.0000	99.9876	39.7539	0.8230	0.8253	5.0000	17.1417	815.0799	96.9213	17.3419	24.6000	0.9300	0.9322	0.7230	-0.0015	815.0000	816.8257	1.0285	2.2361	100.0962	39.4591	0.8230	0.8193	5.0000	-9999.0000	-9999.0000	-9999.0000	-9999.0000	-9999.0000	-9999.0000	18.8219	8	0	28.7438	1.0000	99	9	-9999.0000	34023	62472	-9999	2467	2448	-9999	568.8704	5	0.6937	0.7230	-0.0015	113.0093	0.8211	695.3320	318.5264	37.4769	674.2711	97.6157	719.6421	96.8981	727.9855	96.9444	733.1546	97.0602	
26/08/2017	01:15:37	019001	H421120527HLR	L421	S		692.3122	1.0311	0.0000	100.0379	39.9541	0.8230	0.8254	5.0000	17.5021	815.0693	96.9213	18.0120	24.6000	0.9300	0.9324	0.7178	-0.0012	815.0000	817.1650	1.0285	2.2160	100.0032	39.4636	0.8230	0.8193	5.0000	-9999.0000	-9999.0000	-9999.0000	-9999.0000	-9999.0000	-9999.0000	18.7631	1	0	30.2136	1.0000	99	9	-9999.0000	34024	62473	-9999	2468	2449	-9999	567.6536	5	0.6936	0.7178	-0.0012	110.9474	0.9238	694.1450	319.1287	35.5093	673.2016	98.0556	719.4011	96.6898	727.6034	97.0833	734.4209	97.0602	
26/08/2017	01:16:07	019001	H421120551HLR	L421	S		690.0363	1.0311	0.0000	100.0338	39.8447	0.8230	0.8250	5.0000	17.9319	815.0980	96.9444	17.7824	24.5000	0.9300	0.9322	0.7156	-0.0011	815.0000	816.6653	1.0285	2.2456	99.9219	39.4642	0.8230	0.8193	5.0000	-9999.0000	-9999.0000	-9999.0000	-9999.0000	-9999.0000	-9999.0000	18.7327	2	0	29.4040	1.0000	99	9	-9999.0000	34025	62474	-9999	2469	2450	-9999	567.3842	5	0.6938	0.7156	-0.0011	113.8000	0.7915	697.8590	323.4029	37.2222	676.3753	97.6852	722.1503	96.6435	730.3008	97.0370	737.0243	97.0602	
26/08/2017	01:16:37	019001	H421120542HLR	L421	S		690.9689	1.0311	0.0000	99.9546	39.7691	0.8230	0.8252	5.0000	17.8421	815.0683	96.9213	17.6018	24.5000	0.9300	0.9321	0.7164	-0.0012	815.0000	816.9517	1.0285	2.2286	100.0244	39.4655	0.8230	0.8193	5.0000	-9999.0000	-9999.0000	-9999.0000	-9999.0000	-9999.0000	-9999.0000	18.6323	3	0	29.8034	1.0000	99	9	-9999.0000	34026	62475	-9999	2470	2451	-9999	567.2594	5	0.6941	0.7164	-0.0012	113.4930	0.8123	700.5912	319.1190	38.1250	678.7554	97.5694	725.5387	96.9676	733.7842	96.9907	740.1616	97.0602	
26/08/2017	01:17:06	019001	H421120544HLR	L421	S		691.8465	1.0311	0.0000	99.9301	39.9128	0.8230	0.8255	5.0000	17.2124	815.0763	96.8981	17.2619	24.5000	0.9300	0.9322	0.7163	-0.0012	815.0000	816.0342	1.0285	2.2829	100.0612	39.4576	0.8230	0.8193	5.0000	-9999.0000	-9999.0000	-9999.0000	-9999.0000	-9999.0000	-9999.0000	18.8323	4	0	28.9538	1.0000	99	9	-9999.0000	34027	62476	-9999	2471	2452	-9999	567.6293	5	0.6941	0.7163	-0.0012	101.3943	1.3957	700.2060	322.3844	35.3704	679.4050	97.4769	725.7159	96.6667	733.3533	97.0370	740.0487	97.0602	
26/08/2017	01:17:35	019001	H421120554HLR	L421	S		690.1877	1.0311	0.0000	99.9382	39.8567	0.8230	0.8251	5.0000	17.5823	815.0652	96.8981	18.1419	24.5000	0.9300	0.9322	0.7112	-0.0009	815.0000	818.5149	1.0285	2.1362	99.9552	39.4670	0.8230	0.8193	5.0000	-9999.0000	-9999.0000	-9999.0000	-9999.0000	-9999.0000	-9999.0000	18.6721	5	0	29.7534	1.0000	99	9	-9999.0000	34028	62477	-9999	2472	2453	-9999	566.6151	5	0.6946	0.7112	-0.0009	93.1443	1.8383	699.8224	325.3275	38.2176	678.4735	97.6620	724.1402	96.6204	733.2798	97.1296	740.7980	97.0602	
26/08/2017	01:18:04	019001	H421121136HLR	L421	S		689.8647	1.0311	0.0000	99.9673	39.7822	0.8230	0.8254	5.0000	17.1319	815.0790	96.9213	17.9016	24.5000	0.9300	0.9322	0.7093	-0.0008	815.0000	815.2249	1.0285	2.3307	100.0510	39.4715	0.8230	0.8193	5.0000	-9999.0000	-9999.0000	-9999.0000	-9999.0000	-9999.0000	-9999.0000	18.7023	6	0	28.9332	1.0000	99	9	-9999.0000	34029	62478	-9999	2473	2454	-9999	566.7156	5	0.6947	0.7093	-0.0008	91.5186	1.9359	708.3487	331.0929	37.0370	688.3192	97.6852	729.1165	96.5741	736.4997	97.1528	742.4429	97.0602	
26/08/2017	01:18:35	019001	H421121137HLR	L421	S		689.5250	1.0311	0.0000	100.0712	39.9000	0.8230	0.8253	5.0000	17.9825	815.0787	96.9213	17.7815	24.5000	0.9300	0.9323	0.7015	-0.0004	815.0000	816.0263	1.0285	2.2833	100.0560	39.4728	0.8230	0.8194	5.0000	-9999.0000	-9999.0000	-9999.0000	-9999.0000	-9999.0000	-9999.0000	18.5985	7	0	30.5439	1.0000	99	9	-9999.0000	34030	62479	-9999	2474	2455	-9999	566.6489	5	0.6951	0.7015	-0.0004	87.7603	2.1411	703.8560	320.8568	36.9676	682.4330	97.7315	728.0894	96.8519	737.0427	97.0602	743.7843	97.0602	
26/08/2017	01:19:04	019001	H421121127HLR	L421	S		691.2393	1.0311	0.0000	100.0628	39.8605	0.8230	0.8252	5.0000	17.7325	815.1064	96.9213	17.4426	24.5000	0.9300	0.9322	0.7091	-0.0008	815.0000	815.6459	1.0285	2.3058	99.8974	39.4634	0.8230	0.8192	5.0000	-9999.0000	-9999.0000	-9999.0000	-9999.0000	-9999.0000	-9999.0000	18.8822	8	0	29.1635	1.0000	99	9	-9999.0000	34031	62480	-9999	2475	2456	-9999	566.7588	5	0.6949	0.7091	-0.0008	66.5921	3.3413	715.9759	340.3186	38.0556	695.8676	97.6157	737.2511	96.7593	745.3126	97.0139	750.9099	97.1065	
26/08/2017	01:19:30	019001	H421121117HLR	L421	S		689.3034	1.0311	0.0000	100.0244	39.8000	0.8230	0.8254	5.0000	17.1622	815.0928	96.9213	17.6623	24.5000	0.9300	0.9323	0.7368	-0.0024	815.0000	814.7904	1.0285	2.3564	99.9317	39.4677	0.8230	0.8193	5.0000	-9999.0000	-9999.0000	-9999.0000	-9999.0000	-9999.0000	-9999.0000	18.7632	1	0	25.6526	1.0000	99	9	-9999.0000	34032	62481	-9999	2476	2457	-9999	566.6391	5	0.6949	0.7368	-0.0024	39.9527	4.8503	708.4958	337.5484	39.3981	688.2537	97.3611	728.8679	96.6435	737.4062	97.0139	743.3427	97.1065	
26/08/2017	01:19:58	019001	H421121104HLR	L421	S		691.3168	1.0311	0.0000	99.9745	39.9000	0.8230	0.8254	5.0000	17.3820	815.1121	96.9444	17.4318	24.5000	0.9300	0.9322	0.7406	-0.0026	815.0000	816.0868	1.0285	2.2797	100.0736	39.4696	0.8230	0.8194	5.0000	-9999.0000	-9999.0000	-9999.0000	-9999.0000	-9999.0000	-9999.0000	18.5824	2	0	28.1441	1.0000	99	9	-9999.0000	34033	62482	-9999	2477	2458	-9999	567.1502	5	0.6947	0.7406	-0.0026	44.4205	4.6230	683.6992	310.8860	37.9398	663.5020	97.7546	707.2234	96.6667	715.5150	96.9907	724.7774	97.0602	
26/08/2017	01:20:29	019001	H421121094HLR	L421	S		688.8236	1.0311	0.0000	100.0578	39.8715	0.8230	0.8252	5.0000	17.5617	815.0914	96.9213	18.5218	24.4000	0.9300	0.9322	0.7341	-0.0022	815.0000	814.6540	1.0285	2.3644	99.9921	39.4741	0.8230	0.8194	5.0000	-9999.0000	-9999.0000	-9999.0000	-9999.0000	-9999.0000	-9999.0000	18.7415	3	0	31.2137	1.0000	99	9	-9999.0000	34034	62483	-9999	2478	2459	-9999	564.7056	5	0.6948	0.7341	-0.0022	35.7005	5.1132	678.8154	323.0378	37.5463	659.4927	97.7083	700.6340	96.8287	709.0826	97.0370	717.2067	97.0833	
26/08/2017	01:20:57	019001	H421117464HLR	L421	S		692.3335	1.0311	0.0000	100.0289	39.7836	0.8230	0.8252	5.0000	17.7326	815.1060	96.9213	17.6916	24.5000	0.9300	0.9323	0.7398	-0.0025	815.0000	816.6439	1.0285	2.2468	99.9478	39.4995	0.8230	0.8193	5.0000	-9999.0000	-9999.0000	-9999.0000	-9999.0000	-9999.0000	-9999.0000	18.7825	4	0	28.4126	1.0000	99	9	-9999.0000	34035	62484	-9999	2479	2460	-9999	566.4510	5	0.6948	0.7398	-0.0025	49.1990	4.3314	687.0309	314.2648	36.6435	666.3996	97.7778	709.5439	96.8750	719.1252	97.0139	726.8312	97.0833	
26/08/2017	01:21:59	019001	H421121110HLR	L421	S		692.9422	1.0311	0.0000	99.9609	39.8884	0.8230	0.8252	5.0000	17.5724	815.1068	96.9213	16.6417	24.6000	0.9300	0.9325	0.7251	-0.0017	815.0000	815.1504	1.0285	2.3351	99.9830	39.2819	0.8230	0.8189	5.0000	-9999.0000	-9999.0000	-9999.0000	-9999.0000	-9999.0000	-9999.0000	18.8616	6	0	30.0145	1.0000	99	9	-9999.0000	34037	62485	-9999	2481	2461	-9999	567.1357	5	0.6945	0.7251	-0.0017	40.7101	4.8217	710.8181	324.1932	38.9352	690.8804	97.6852	733.7267	96.8750	742.9102	96.9213	749.7362	97.0833	
26/08/2017	01:22:28	019001	H421121118HLR	L421	S		689.6737	1.0311	0.0000	100.0255	39.7902	0.8230	0.8250	5.0000	18.0315	815.1008	96.9213	19.1322	24.6000	0.9300	0.9324	0.7261	-0.0018	815.0000	816.4624	1.0285	2.2575	99.9855	39.4338	0.8230	0.8198	5.0000	-9999.0000	-9999.0000	-9999.0000	-9999.0000	-9999.0000	-9999.0000	18.6527	7	0	29.3229	1.0000	99	9	-9999.0000	34038	62486	-9999	2481	2462	-9999	564.3271	5	0.6944	0.7261	-0.0018	91.0583	1.9376	695.0257	338.6259	39.4444	674.7481	97.7546	716.1384	96.9213	724.9936	96.8519	731.8892	97.0833	
26/08/2017	01:22:57	019001	H421121108HLR	L421	S		692.8142	1.0311	0.0000	99.9954	39.8858	0.8230	0.8251	5.0000	18.3821	815.1015	96.9213	16.9220	24.5000	0.9300	0.9323	0.7261	-0.0018	815.0000	816.5803	1.0285	2.2506	99.9460	39.5405	0.8230	0.8195	5.0000	-9999.0000	-9999.0000	-9999.0000	-9999.0000	-9999.0000	-9999.0000	18.5424	8	0	28.7536	1.0000	99	9	-9999.0000	34039	62487	-9999	2482	2463	-9999	567.3520	5	0.6944	0.7261	-0.0018	91.0583	1.9376	696.3200	320.1424	37.2454	674.8837	98.1019	720.9113	96.7824	728.8029	96.9213	736.1181	97.0833	
26/08/2017	01:23:27	019001	H421120513HLR	L421	S		698.3192	1.0311	0.0000	99.9813	39.8754	0.8230	0.8249	5.0000	18.7327	815.0679	96.8981	19.2328	24.5000	0.9300	0.9322	0.7226	-0.0016	815.0000	815.8920	1.0285	2.2913	99.9226	39.4613	0.8230	0.8192	5.0000	-9999.0000	-9999.0000	-9999.0000	-9999.0000	-9999.0000	-9999.0000	18.6518	1	0	30.5037	1.0000	99	9	-9999.0000	34040	62488	-9999	2483	2464	-9999	563.9404	5	0.6945	0.7226	-0.0016	71.9982	3.0177	696.8557	331.5745	37.7546	677.7874	97.8704	715.4872	96.8056	723.2187	96.8981	728.9364	97.0833	
26/08/2017	01:23:56	019001	H421121090HLR	L421	S		689.3225	1.0311	0.0000	100.0010	39.7874	0.8230	0.8251	5.0000	17.8323	815.1024	96.9213	18.5325	24.5000	0.9300	0.9323	0.7277	-0.0019	815.0000	815.1995	1.0285	2.3322	100.0329	39.4364	0.8230	0.8194	5.0000	-9999.0000	-9999.0000	-9999.0000	-9999.0000	-9999.0000	-9999.0000	18.5218	2	0	29.0141	1.0000	99	9	-9999.0000	34041	62489	-9999	2484	2465	-9999	565.0658	5	0.6941	0.7277	-0.0019	94.3298	1.7338	695.4915	332.7918	37.7315	676.2246	97.8935	717.2167	96.7361	725.9520	96.9444	733.5454	97.0833	
26/08/2017	01:24:27	019001	H421121147HLR	L421	S		690.5063	1.0311	0.0000	99.9834	39.9541	0.8230	0.8254	5.0000	17.3321	815.0950	96.9444	17.2619	24.5000	0.9300	0.9321	0.7224	-0.0016	815.0000	815.7611	1.0285	2.2990	99.8368	39.4662	0.8230	0.8193	5.0000	-9999.0000	-9999.0000	-9999.0000	-9999.0000	-9999.0000	-9999.0000	18.7825	3	0	31.0233	1.0000	99	9	-9999.0000	34042	62490	-9999	2485	2466	-9999	566.7103	5	0.6943	0.7224	-0.0016	99.6892	1.4235	694.4808	336.3398	38.7731	674.7308	97.5694	715.1909	96.7593	723.9445	96.9444	732.0485	97.0602	
26/08/2017	01:24:56	019001	H421121103HLR	L421	S		689.8827	1.0311	0.0000	100.0714	39.8689	0.8230	0.8252	5.0000	17.2520	815.1278	96.8981	17.2326	24.5000	0.9300	0.9321	0.7254	-0.0018	815.0000	814.8641	1.0285	2.3520	100.1109	39.4607	0.8230	0.8193	5.0000	-9999.0000	-9999.0000	-9999.0000	-9999.0000	-9999.0000	-9999.0000	18.8626	4	0	29.0646	1.0000	99	9	-9999.0000	34043	62491	-9999	2486	2467	-9999	566.6782	5	0.6939	0.7254	-0.0018	97.3061	1.5569	698.2242	335.4377	38.3796	678.2220	97.5231	719.2751	96.9213	728.7483	96.9907	735.5375	97.0602	
26/08/2017	01:25:27	019001	H421121098HLR	L421	S		688.2629	1.0311	0.0000	100.0488	39.7794	0.8230	0.8250	5.0000	18.5824	815.1145	96.9213	18.5325	24.5000	0.9300	0.9323	0.7245	-0.0017	815.0000	813.7765	1.0285	2.4163	100.0307	39.4580	0.8230	0.8193	5.0000	-9999.0000	-9999.0000	-9999.0000	-9999.0000	-9999.0000	-9999.0000	18.8628	5	0	31.0627	1.0000	99	9	-9999.0000	34044	62492	-9999	2487	2468	-9999	564.7123	5	0.6938	0.7245	-0.0017	99.3523	1.4359	691.8327	332.7415	38.3333	673.0008	97.7315	713.0054	96.6898	719.9117	96.9444	727.1237	97.1065	
26/08/2017	01:25:57	019001	H421121159HLR	L421	S		691.3015	1.0311	0.0000	100.0071	39.9693	0.8230	0.8255	5.0000	17.1818	815.0553	96.9213	17.5217	24.6000	0.9300	0.9324	0.7237	-0.0017	815.0000	814.2935	1.0285	2.3857	99.8425	39.4462	0.8230	0.8191	5.0000	-9999.0000	-9999.0000	-9999.0000	-9999.0000	-9999.0000	-9999.0000	19.5519	6	0	29.3835	1.0000	99	9	-9999.0000	34045	62493	-9999	2488	2469	-9999	566.0995	5	0.6938	0.7237	-0.0017	100.4518	1.3797	692.9636	315.7690	36.8056	672.0077	97.9398	717.3431	96.8519	727.0169	96.9676	734.1916	97.0602	
26/08/2017	01:26:26	019001	H421121138HLR	L421	S		689.5176	1.0311	0.0000	100.0728	39.8756	0.8230	0.8251	5.0000	17.6621	815.1462	96.8981	19.0023	24.6000	0.9300	0.9324	0.7240	-0.0017	815.0000	814.0756	1.0285	2.3986	99.9707	39.4738	0.8230	0.8193	5.0000	-9999.0000	-9999.0000	-9999.0000	-9999.0000	-9999.0000	-9999.0000	18.8528	7	0	29.8142	1.0000	99	9	-9999.0000	34046	62494	-9999	2489	2470	-9999	564.1216	5	0.6938	0.7240	-0.0017	102.0909	1.2891	691.4682	315.4145	36.6435	670.7456	97.9398	717.2701	96.7593	723.0750	96.9213	729.8463	97.0833	
26/08/2017	01:26:55	019001	H421121143HLR	L421	S		689.5949	1.0311	0.0000	100.0130	39.7481	0.8230	0.8252	5.0000	17.8624	815.0898	96.9444	17.3918	24.6000	0.9300	0.9322	0.7221	-0.0016	815.0000	814.8902	1.0285	2.3505	100.0827	39.4647	0.8230	0.8193	5.0000	-9999.0000	-9999.0000	-9999.0000	-9999.0000	-9999.0000	-9999.0000	18.7729	8	0	28.8229	1.0000	99	9	-9999.0000	34047	62495	-9999	2490	2471	-9999	566.2215	5	0.6937	0.7221	-0.0016	102.5207	1.2601	691.9569	320.7501	37.5463	670.7624	97.8704	717.2057	96.8056	726.7394	96.8981	734.4065	97.0833	
26/08/2017	01:27:25	019001	H421121179HLR	L421	S		690.3606	1.0311	0.0000	100.0441	39.9844	0.8230	0.8253	5.0000	17.9515	815.0652	96.8981	19.0424	24.6000	0.9300	0.9324	0.7234	-0.0017	815.0000	814.6434	1.0285	2.3650	99.9620	39.4649	0.8230	0.8193	5.0000	-9999.0000	-9999.0000	-9999.0000	-9999.0000	-9999.0000	-9999.0000	18.8725	1	0	29.9039	1.0000	99	9	-9999.0000	34048	62496	-9999	2491	2472	-9999	564.0764	5	0.6939	0.7234	-0.0017	99.4041	1.4239	692.1215	325.6900	37.8704	670.7193	97.7546	715.7030	96.5972	723.8885	97.0370	730.2848	97.0833	
26/08/2017	01:27:54	019001	H421121150HLR	L421	S		686.8643	1.0311	0.0000	99.9636	39.8758	0.8230	0.8252	5.0000	17.1016	815.1291	96.9444	17.8625	24.6000	0.9300	0.9323	0.7217	-0.0015	815.0000	814.3074	1.0285	2.3849	99.9513	39.4714	0.8230	0.8193	5.0000	-9999.0000	-9999.0000	-9999.0000	-9999.0000	-9999.0000	-9999.0000	18.8832	2	0	29.0231	1.0000	99	9	-9999.0000	34049	62497	-9999	2492	2473	-9999	565.7047	5	0.6938	0.7217	-0.0015	104.6870	1.1187	690.3429	320.4305	35.4861	669.0532	98.0093	715.2001	96.8519	725.1557	96.9444	732.2614	97.0602	
26/08/2017	01:28:25	019001	H421121160HLR	L421	S		688.5609	1.0311	0.0000	99.9421	39.8000	0.8230	0.8253	5.0000	17.4122	815.1000	96.9213	17.8323	24.5000	0.9300	0.9322	0.7227	-0.0016	815.0000	815.2123	1.0285	2.3314	99.9307	39.4836	0.8230	0.8193	5.0000	-9999.0000	-9999.0000	-9999.0000	-9999.0000	-9999.0000	-9999.0000	18.8128	3	0	30.9345	1.0000	99	9	-9999.0000	34050	62498	-9999	2493	2474	-9999	565.8210	5	0.6937	0.7227	-0.0016	111.9580	0.7313	692.0682	318.8588	36.7361	670.3700	97.7546	716.7610	96.5972	726.3263	96.9907	733.2998	97.0139	
26/08/2017	01:28:54	019001	H421121180HLR	L421	S		688.8168	1.0311	0.0000	100.0202	39.9321	0.8230	0.8253	5.0000	17.6720	815.0681	96.8981	17.3224	24.5000	0.9300	0.9321	0.7193	-0.0014	815.0000	815.7906	1.0285	2.2972	100.0388	39.4766	0.8230	0.8194	5.0000	-9999.0000	-9999.0000	-9999.0000	-9999.0000	-9999.0000	-9999.0000	18.7122	4	0	28.5435	1.0000	99	9	-9999.0000	34051	62499	-9999	2494	2475	-9999	566.4987	5	0.6939	0.7193	-0.0014	121.1437	0.2018	694.9641	313.0903	36.2731	674.7601	97.8472	719.2714	96.6204	728.0830	97.0602	735.4829	97.0370	
26/08/2017	01:29:23	019001	H421121172HLR	L421	S		691.2179	1.0311	0.0000	100.0767	39.8537	0.8230	0.8250	5.0000	18.1017	815.0986	96.8981	17.9123	24.5000	0.9300	0.9321	0.7223	-0.0016	815.0000	816.4862	1.0285	2.2561	100.0505	39.4726	0.8230	0.8193	5.0000	-9999.0000	-9999.0000	-9999.0000	-9999.0000	-9999.0000	-9999.0000	18.7220	5	0	29.4633	1.0000	99	9	-9999.0000	34052	62500	-9999	2495	2476	-9999	565.8372	5	0.6939	0.7223	-0.0016	127.4332	-0.1280	698.5924	323.6783	37.5694	677.5080	97.5694	722.6838	96.8981	731.2379	96.9907	737.9819	97.0602	
26/08/2017	01:29:52	019001	H421121164HLR	L421	S		689.2516	1.0311	0.0000	100.0572	39.7820	0.8230	0.8250	5.0000	18.7131	815.0860	96.9213	17.5129	24.5000	0.9300	0.9323	0.7187	-0.0014	815.0000	814.6795	1.0285	2.3629	99.8695	39.4702	0.8230	0.8194	5.0000	-9999.0000	-9999.0000	-9999.0000	-9999.0000	-9999.0000	-9999.0000	18.6721	6	0	28.4527	1.0000	99	9	-9999.0000	34053	62501	-9999	2496	2477	-9999	566.4963	5	0.6941	0.7187	-0.0014	129.0993	-0.2097	695.3546	317.3094	37.2454	674.9628	97.6389	718.5351	96.5972	727.3543	96.9676	734.5664	97.1296	
26/08/2017	01:30:21	019001	H421121157HLR	L421	S		687.5326	1.0311	0.0000	99.9859	39.9806	0.8230	0.8254	5.0000	17.3223	815.0623	96.9213	18.3421	24.5000	0.9300	0.9323	0.7163	-0.0012	815.0000	815.1711	1.0285	2.3339	100.0422	39.4878	0.8230	0.8194	5.0000	-9999.0000	-9999.0000	-9999.0000	-9999.0000	-9999.0000	-9999.0000	18.7219	7	0	29.5945	1.0000	99	9	-9999.0000	34054	62502	-9999	2497	2477	-9999	565.4703	5	0.6943	0.7163	-0.0012	134.7980	-0.5214	695.8822	320.1334	38.4491	675.3245	97.6157	718.7340	96.7593	727.9978	96.8981	734.6904	97.0139	
26/08/2017	01:30:50	019001	H421121538HLR	L421	S		688.9542	1.0311	0.0000	99.9835	39.8391	0.8230	0.8249	5.0000	18.3615	815.0752	96.9213	17.0519	24.6000	0.9300	0.9323	0.7172	-0.0013	815.0000	815.2084	1.0285	2.3317	99.9892	39.4762	0.8230	0.8193	5.0000	-9999.0000	-9999.0000	-9999.0000	-9999.0000	-9999.0000	-9999.0000	18.7814	8	0	28.7536	1.0000	99	9	-9999.0000	34055	62503	-9999	2498	2478	-9999	566.8079	5	0.6941	0.7172	-0.0013	136.6464	-0.6214	701.4523	334.3489	37.6157	681.4929	97.6389	724.4688	96.7130	732.8761	97.0370	739.3029	97.0370	
26/08/2017	01:31:19	019001	H421121558HLR	L421	S		690.4008	1.0311	0.0000	100.0455	39.7914	0.8230	0.8253	5.0000	17.7121	815.0749	96.9444	16.7921	24.6000	0.9300	0.9323	0.7173	-0.0013	815.0000	815.0659	1.0285	2.3401	99.9009	39.4813	0.8230	0.8192	5.0000	-9999.0000	-9999.0000	-9999.0000	-9999.0000	-9999.0000	-9999.0000	19.0120	1	0	28.9634	1.0000	99	9	-9999.0000	34056	62504	-9999	2499	2479	-9999	567.0674	5	0.6941	0.7173	-0.0013	141.4796	-0.8816	703.6521	325.7262	36.6898	683.7126	97.8241	725.1133	96.8287	733.7321	96.9676	740.9399	97.0833	
26/08/2017	01:31:48	019001	H421121580HLR	L421	S		690.3056	1.0311	0.0000	100.0030	39.9900	0.8230	0.8255	5.0000	17.2119	815.1258	96.9213	17.0021	24.6000	0.9300	0.9323	0.7187	-0.0014	815.0000	815.2259	1.0285	2.3306	100.0259	39.4736	0.8230	0.8194	5.0000	-9999.0000	-9999.0000	-9999.0000	-9999.0000	-9999.0000	-9999.0000	18.8225	2	0	29.2827	1.0000	99	9	-9999.0000	34057	62504	-9999	2500	2480	-9999	566.9223	5	0.6941	0.7187	-0.0014	136.6965	-0.6112	704.1729	335.2407	40.2083	684.9008	97.2917	725.0363	96.8287	733.4741	96.9213	740.6213	97.0833	
26/08/2017	01:32:18	019001	H421121570HLR	L421	S		687.7814	1.0311	0.0000	99.9773	39.8479	0.8230	0.8248	5.0000	18.4721	815.0950	96.9444	17.6223	24.5000	0.9300	0.9322	0.7174	-0.0013	815.0000	815.1090	1.0285	2.3375	99.8563	39.4728	0.8230	0.8193	5.0000	-9999.0000	-9999.0000	-9999.0000	-9999.0000	-9999.0000	-9999.0000	18.9524	3	0	30.2937	1.0000	99	9	-9999.0000	34058	62505	-9999	2501	2481	-9999	566.2268	5	0.6941	0.7174	-0.0013	141.5502	-0.8778	700.0573	336.5562	36.8519	680.9885	97.3843	719.9904	96.6898	728.7515	96.9676	736.1163	97.0833	
26/08/2017	01:32:47	019001	H421121542HLR	L421	S		687.7698	1.0311	0.0000	99.9838	39.7747	0.8230	0.8253	5.0000	17.2921	815.0669	96.9213	17.2218	24.5000	0.9300	0.9322	0.7191	-0.0014	815.0000	815.1130	1.0285	2.3373	99.9552	39.4731	0.8230	0.8193	5.0000	-9999.0000	-9999.0000	-9999.0000	-9999.0000	-9999.0000	-9999.0000	18.9818	4	0	28.5339	1.0000	99	9	-9999.0000	34059	62506	-9999	2502	2482	-9999	566.5599	5	0.6944	0.7191	-0.0014	122.6058	0.1943	697.7991	325.5558	36.7361	677.4271	98.0556	721.2994	96.8519	730.2912	96.9213	738.0516	97.0833	
26/08/2017	01:33:17	019001	H421121550HLR	L421	S		689.6152	1.0311	0.0000	100.0243	39.9884	0.8230	0.8253	5.0000	18.0324	815.0903	96.9213	16.9923	24.6000	0.9300	0.9322	0.7191	-0.0014	815.0000	814.7783	1.0285	2.3571	99.8812	39.4811	0.8230	0.8193	5.0000	-9999.0000	-9999.0000	-9999.0000	-9999.0000	-9999.0000	-9999.0000	18.8117	5	0	29.8131	1.0000	99	9	-9999.0000	34060	62507	-9999	2503	2483	-9999	566.9066	5	0.6944	0.7191	-0.0014	120.5501	0.3089	695.7513	323.1007	35.9028	674.5740	97.9398	721.8248	96.7130	731.5224	96.8750	737.7847	97.0370	
26/08/2017	01:33:48	019001	H421121562HLR	L421	S		689.1896	1.0311	0.0000	100.0022	39.8435	0.8230	0.8248	5.0000	18.5119	815.0822	96.9213	17.7522	24.5000	0.9300	0.9323	0.7163	-0.0012	815.0000	814.8400	1.0285	2.3534	99.9262	39.4767	0.8230	0.8194	5.0000	-9999.0000	-9999.0000	-9999.0000	-9999.0000	-9999.0000	-9999.0000	18.7523	6	0	31.3848	1.0000	99	9	-9999.0000	34061	62508	-9999	2504	2484	-9999	566.0400	5	0.6946	0.7163	-0.0012	99.2502	1.5424	696.0054	318.3416	35.8796	674.8915	98.0324	720.6381	96.6435	729.5038	97.0602	735.8351	97.1065	
26/08/2017	01:34:17	019001	H421121554HLR	L421	S		688.7801	1.0311	0.0000	99.9750	39.7579	0.8230	0.8250	5.0000	18.7327	815.1023	96.9213	18.2718	24.5000	0.9300	0.9322	0.7181	-0.0013	815.0000	814.8524	1.0285	2.3527	99.9471	39.4868	0.8230	0.8193	5.0000	-9999.0000	-9999.0000	-9999.0000	-9999.0000	-9999.0000	-9999.0000	18.8423	7	0	29.0726	1.0000	99	9	-9999.0000	34062	62509	-9999	2505	2485	-9999	565.6195	5	0.6947	0.7181	-0.0013	105.0700	1.2135	695.5153	316.9704	35.3472	674.5068	97.9398	721.4539	96.6435	730.1529	97.0602	735.9461	97.0602	
26/08/2017	01:34:46	019001	H421121547HLR	L421	S		689.1376	1.0311	0.0000	100.0472	40.0000	0.8230	0.8255	5.0000	17.1621	815.0564	96.8981	17.0617	24.5000	0.9300	0.9323	0.7176	-0.0013	815.0000	815.2843	1.0285	2.3272	99.8854	39.4513	0.8230	0.8190	5.0000	-9999.0000	-9999.0000	-9999.0000	-9999.0000	-9999.0000	-9999.0000	19.8822	8	0	29.1940	1.0000	99	9	-9999.0000	34063	62510	-9999	2506	2486	-9999	566.7701	5	0.6948	0.7176	-0.0013	102.4720	1.3602	697.0492	323.7996	37.2685	675.5581	97.8009	721.1248	96.6898	730.6797	97.0139	737.9200	97.0370	
26/08/2017	01:35:17	019001	H421121574HLR	L421	S		688.3854	1.0311	0.0000	99.9902	39.8906	0.8230	0.8252	5.0000	17.0518	815.0760	96.9213	17.7717	24.5000	0.9300	0.9324	0.7173	-0.0013	815.0000	814.6128	1.0285	2.3669	99.9654	39.4796	0.8230	0.8194	5.0000	-9999.0000	-9999.0000	-9999.0000	-9999.0000	-9999.0000	-9999.0000	18.8617	1	0	30.6131	1.0000	99	9	-9999.0000	34064	62511	-9999	2507	2487	-9999	566.0782	5	0.6949	0.7173	-0.0013	104.2898	1.2425	695.2042	323.1730	36.0648	672.9857	97.9167	721.7410	96.6898	729.2512	97.0602	736.1009	97.0139	
26/08/2017	01:35:47	019001	H421121575HLR	L421	S		684.6221	1.0311	0.0000	100.0281	39.7018	0.8230	0.8252	5.0000	17.6319	815.0607	96.8981	19.8921	24.5000	0.9300	0.9323	0.7156	-0.0012	815.0000	813.6774	1.0285	2.4221	100.0285	39.4997	0.8230	0.8194	5.0000	-9999.0000	-9999.0000	-9999.0000	-9999.0000	-9999.0000	-9999.0000	18.8420	2	0	30.3046	1.0000	99	9	-9999.0000	34065	62512	-9999	2508	2488	-9999	563.8847	5	0.6950	0.7156	-0.0012	105.0050	1.2000	689.8934	325.1537	36.3657	669.5186	97.8009	712.7628	96.6435	721.8097	97.0602	727.5650	97.0370	
