Data	Timp	Nr. masina	Nr. de serie	Tip	Productie	Comentariu	Pre-masurare Q [ml/min]	Pre-masurare Gain	Pre-masurare Offset Master	Pre-masurare P [bar]	Pre-masurare T [°C]	Pre-masurare Densitate fixa [kg/l]	Pre-masurare densitate masurata [kg/l]	Pre-masurare Timp masurare [s]	Pre-masurare Cycle time [s]	rectificare Q Oprire [ml/min]	rectificare P Oprire [bar]	rectificare Timp rectificare [s]	rectificare T [°C]	rectificare Densitate fixa [kg/l]	rectificare densitate masurata [kg/l]	rectificare Factor de masurare la rectificare	rectificare Factor de corectie a debitului	rectificare Target rectificare	Masurare Q [ml/min]	Masurare Gain	Masurare Offset Master	Masurare P [bar]	Masurare T [°C]	Masurare Densitate fixa [kg/l]	Masurare densitate masurata [kg/l]	Masurare Timp masurare [s]	Masurare Q [ml/min]	Masurare Delta Q [ml/min]	Masurare P [bar]	Masurare BP [bar]	Masurare T [°C]	Masurare Timp masurare [s]	Masurare Cycle time [s]	Nest Nr.	Cod de descarcare	Cycle time [s]	Traceability aktiv	EDM Maschine Nr	EDM Spindle Nr	Honing Rate [r	Station Counter Premeasure	Station Counter Grind	Station Counter Blowout 1	Station Counter Wash	Station Counter Measure	Station Counter Blowout 2	RealGrindQStop	Reg Type	Factor 0	Factor 1	Factor 2	Factor 3	Factor 4	G_StartQV	G_StartQV_1	G_StartQV_2	G_StartQV_3	G_StartQV_4	G_StartQV_5	
17/08/2017	00:00:03	019001	H421070080HLR	L421	S		690.7013	1.0311	0.0000	100.0294	39.6335	0.8230	0.8249	5.0000	17.2920	815.0597	96.9444	16.9015	25.3000	0.9300	0.9369	0.6836	-0.0001	815.0000	815.0662	1.0285	-1.5879	99.9216	38.9463	0.8230	0.8190	5.0000	-9999.0000	-9999.0000	-9999.0000	-9999.0000	-9999.0000	-9999.0000	18.4329	7	0	28.9038	1.0000	13	1	-9999.0000	13731	42871	-9999	546	539	-9999	556.2682	5	0.6822	0.6836	-0.0001	97.6333	1.5345	735.8408	293.1546	34.2824	681.5872	97.9630	734.6712	96.8519	742.9501	97.1065	748.8118	97.1528	
17/08/2017	00:00:32	019001	H421070106HLR	L421	S		694.5091	1.0311	0.0000	100.0443	39.6334	0.8230	0.8249	5.0000	17.2716	815.0497	96.8519	15.5820	25.3000	0.9300	0.9367	0.6836	-0.0001	815.0000	816.4679	1.0285	-1.5958	99.9447	39.0237	0.8230	0.8185	5.0000	-9999.0000	-9999.0000	-9999.0000	-9999.0000	-9999.0000	-9999.0000	18.5618	8	0	28.9840	1.0000	13	1	-9999.0000	13732	42872	-9999	547	540	-9999	556.1762	5	0.6822	0.6836	-0.0001	97.6333	1.5345	646.6060	286.0922	33.4722	590.2351	97.9167	645.1890	97.7083	654.2018	97.1528	659.4103	97.0370	
17/08/2017	00:01:00	019001	H421070109HLR	L421	S		689.6205	1.0311	0.0000	99.9944	39.6285	0.8230	0.8250	5.0000	17.1418	815.0599	96.9676	17.2218	25.1000	0.9300	0.9369	0.6951	-0.0008	815.0000	817.2167	1.0285	-1.6000	100.0296	38.9920	0.8230	0.8183	5.0000	-9999.0000	-9999.0000	-9999.0000	-9999.0000	-9999.0000	-9999.0000	18.5921	1	0	28.1528	1.0000	13	1	-9999.0000	13733	42873	-9999	548	541	-9999	555.9758	5	0.6821	0.6951	-0.0008	92.4816	1.8599	730.3894	278.8625	36.2963	675.5727	98.4954	728.9616	97.3380	738.0943	96.9907	745.1272	97.0370	
17/08/2017	00:01:31	019001	H421070117HLR	L421	S		691.6866	1.0311	0.0000	99.9750	39.4866	0.8230	0.8248	5.0000	17.2324	815.1176	96.9444	18.1819	25.1000	0.9300	0.9366	0.6837	-0.0001	815.0000	814.9240	1.0285	-1.5871	99.9791	38.9884	0.8230	0.8183	5.0000	-9999.0000	-9999.0000	-9999.0000	-9999.0000	-9999.0000	-9999.0000	18.5921	2	0	31.5342	1.0000	13	1	-9999.0000	13734	42874	-9999	549	542	-9999	555.5169	5	0.6820	0.6837	-0.0001	92.5954	1.8773	725.5947	291.9758	33.5648	674.1388	98.2176	724.3985	97.0602	732.3066	97.0139	739.0708	97.1296	
17/08/2017	00:01:59	019001	H421070102HLR	L421	S		689.0914	1.0311	0.0000	100.0084	39.4753	0.8230	0.8252	5.0000	17.2423	815.0797	96.9444	17.2521	25.1000	0.9300	0.9368	0.6837	-0.0001	815.0000	816.3185	1.0285	-1.5949	99.9062	39.0002	0.8230	0.8184	5.0000	-9999.0000	-9999.0000	-9999.0000	-9999.0000	-9999.0000	-9999.0000	18.5823	3	0	27.4232	1.0000	13	1	-9999.0000	13735	42874	-9999	550	543	-9999	556.1183	5	0.6819	0.6837	-0.0001	93.3887	1.8282	737.3496	291.0219	35.6944	682.1407	97.8935	736.1436	96.9213	743.9850	97.0370	750.2723	97.1296	
17/08/2017	00:02:28	019001	H421070107HLR	L421	S		690.7938	1.0311	0.0000	99.9142	39.5852	0.8230	0.8244	5.0000	18.8626	815.0666	96.9444	16.8116	25.1000	0.9300	0.9368	0.6837	-0.0001	815.0000	815.0978	1.0285	-1.5881	100.0327	39.0112	0.8230	0.8182	5.0000	-9999.0000	-9999.0000	-9999.0000	-9999.0000	-9999.0000	-9999.0000	18.7630	4	0	29.3933	1.0000	13	1	-9999.0000	13736	42875	-9999	550	544	-9999	556.1468	5	0.6816	0.6837	-0.0001	93.2536	1.8427	739.8766	295.3769	32.8009	680.9302	97.7778	738.5976	96.9213	746.0785	97.0833	752.1429	97.1296	
17/08/2017	00:02:58	019001	H421070098HLR	L421	S		693.6981	1.0311	0.0000	100.0608	39.6237	0.8230	0.8251	5.0000	17.3019	815.0687	96.9444	16.6720	25.2000	0.9300	0.9369	0.6880	-0.0003	815.0000	816.2850	1.0285	-1.5948	99.9607	39.0042	0.8230	0.8183	5.0000	-9999.0000	-9999.0000	-9999.0000	-9999.0000	-9999.0000	-9999.0000	18.7025	5	0	29.5240	1.0000	13	1	-9999.0000	13737	42876	-9999	551	545	-9999	556.1376	5	0.6816	0.6880	-0.0003	93.2536	1.8427	741.4850	290.1880	33.3565	689.3171	98.0324	740.2299	97.0602	748.0304	97.1296	753.4167	97.1065	
17/08/2017	00:03:26	019001	H421070114HLR	L421	S		686.5984	1.0311	0.0000	100.0317	39.5915	0.8230	0.8250	5.0000	17.2316	815.0824	96.8981	19.4526	25.1000	0.9300	0.9369	0.6873	-0.0003	815.0000	813.7142	1.0285	-1.5803	99.9359	39.0321	0.8230	0.8183	5.0000	-9999.0000	-9999.0000	-9999.0000	-9999.0000	-9999.0000	-9999.0000	18.7523	6	0	28.8228	1.0000	13	1	-9999.0000	13738	42877	-9999	552	546	-9999	555.3128	5	0.6815	0.6873	-0.0003	93.1748	1.8484	726.4515	291.0112	34.5833	673.2159	98.0093	725.2119	96.9213	732.4589	97.1296	738.9582	97.1296	
17/08/2017	00:03:54	019001	H421070116HLR	L421	Q		691.5225	1.0311	0.0000	99.9450	39.5553	0.8230	0.8250	5.0000	17.1123	815.1031	96.9676	15.9424	25.2000	0.9300	0.9369	0.6873	-0.0003	815.0000	812.2360	1.0285	-1.5720	99.9481	39.0402	0.8230	0.8183	5.0000	-9999.0000	-9999.0000	-9999.0000	-9999.0000	-9999.0000	-9999.0000	18.7327	7	0	27.7741	1.0000	13	1	-9999.0000	13739	42878	-9999	553	547	-9999	555.9615	5	0.6815	0.6873	-0.0003	93.1748	1.8484	738.3202	286.4252	34.2824	684.1654	98.0093	737.0430	96.8750	745.8239	97.0833	752.3852	97.1296	
17/08/2017	00:04:22	019001	H421070115HLR	L421	Q		689.4730	1.0311	0.0000	100.1545	39.5803	0.8230	0.8251	5.0000	17.1223	815.0831	96.9444	17.3224	25.2000	0.9300	0.9369	0.6873	-0.0003	815.0000	815.7256	1.0285	-1.5916	100.0503	39.0396	0.8230	0.8182	5.0000	-9999.0000	-9999.0000	-9999.0000	-9999.0000	-9999.0000	-9999.0000	18.8519	8	0	28.2132	1.0000	13	1	-9999.0000	13740	42879	-9999	554	548	-9999	555.5893	5	0.6815	0.6873	-0.0003	92.9998	1.8549	733.7304	286.2963	32.8935	680.1825	97.6852	732.3985	96.9444	740.5263	97.1065	746.9241	97.1296	
17/08/2017	00:04:51	019001	H421070118HLR	L421	S		689.6658	1.0311	0.0000	99.9574	39.5803	0.8230	0.8249	5.0000	17.6222	815.0891	96.9676	18.0520	25.2000	0.9300	0.9369	0.6814	0.0000	815.0000	812.9714	1.0285	-1.5762	99.9067	39.0503	0.8230	0.8183	5.0000	-9999.0000	-9999.0000	-9999.0000	-9999.0000	-9999.0000	-9999.0000	18.7726	1	0	29.0632	1.0000	13	1	-9999.0000	13741	42880	-9999	555	549	-9999	555.2830	5	0.6815	0.6814	0.0000	102.0666	1.3222	729.9051	284.9447	35.4167	677.2497	97.8472	728.6966	97.0139	737.8872	97.1528	743.8198	97.1528	
17/08/2017	00:05:17	019001	H421070119HLR	L421	S		690.3539	1.0311	0.0000	100.1275	39.5926	0.8230	0.8252	5.0000	17.1417	815.0772	96.9444	16.7218	25.2000	0.9300	0.9369	0.6814	0.0000	815.0000	815.3345	1.0285	-1.5894	99.9743	39.0550	0.8230	0.8182	5.0000	-9999.0000	-9999.0000	-9999.0000	-9999.0000	-9999.0000	-9999.0000	18.9026	2	0	25.6038	1.0000	13	1	-9999.0000	13742	42881	-9999	556	550	-9999	555.5716	5	0.6820	0.6814	0.0000	100.6980	1.3787	741.2980	286.4772	33.2176	686.8684	98.0093	740.1349	96.7593	748.6234	97.0602	755.4752	97.1528	
17/08/2017	00:05:43	019001	H421070124HLR	L421	S		690.3455	1.0311	0.0000	100.0403	39.6255	0.8230	0.8250	5.0000	17.3116	815.0449	96.9444	16.3116	25.2000	0.9300	0.9369	0.6814	0.0000	815.0000	815.0135	1.0285	-1.5876	99.8737	39.0609	0.8230	0.8182	5.0000	-9999.0000	-9999.0000	-9999.0000	-9999.0000	-9999.0000	-9999.0000	18.7024	3	0	25.6027	1.0000	13	1	-9999.0000	13743	42882	-9999	557	551	-9999	555.5428	5	0.6820	0.6814	0.0000	100.6980	1.3787	742.9254	289.0305	33.4722	686.5195	98.0324	741.5698	96.7824	750.3263	97.1296	756.0323	97.1296	
17/08/2017	00:06:14	019001	H421070129HLR	L421	S		693.4267	1.0311	0.0000	100.0751	39.5899	0.8230	0.8248	5.0000	17.4816	815.0557	96.9213	16.0723	25.2000	0.9300	0.9369	0.6814	0.0000	815.0000	814.8456	1.0285	-1.5867	99.9715	39.0680	0.8230	0.8184	5.0000	-9999.0000	-9999.0000	-9999.0000	-9999.0000	-9999.0000	-9999.0000	18.5229	4	0	31.4343	1.0000	13	1	-9999.0000	13744	42883	-9999	557	552	-9999	555.5672	5	0.6819	0.6814	0.0000	100.4044	1.4075	744.0890	282.1726	34.5139	689.7944	97.9398	742.8213	96.9444	751.0268	97.1065	757.9281	97.1528	
17/08/2017	00:06:40	019001	H421070133HLR	L421	S		689.7976	1.0311	0.0000	100.0021	39.5818	0.8230	0.8251	5.0000	17.2022	815.0696	96.9676	17.5119	25.2000	0.9300	0.9369	0.6814	0.0000	815.0000	816.3979	1.0285	-1.5954	99.9464	39.0798	0.8230	0.8184	5.0000	-9999.0000	-9999.0000	-9999.0000	-9999.0000	-9999.0000	-9999.0000	18.6222	5	0	25.6126	1.0000	13	1	-9999.0000	13745	42884	-9999	558	553	-9999	555.5836	5	0.6819	0.6814	0.0000	106.7451	1.0362	740.3186	298.3753	34.8843	686.0711	97.8935	738.8765	97.1528	747.6436	97.1528	753.7079	97.1528	
17/08/2017	00:07:07	019001	H421070146HLR	L421	S		699.4110	1.0311	0.0000	100.0365	39.6175	0.8230	0.8251	5.0000	17.1623	815.0909	96.8519	13.4723	25.3000	0.9300	0.9369	0.6814	0.0000	815.0000	814.3005	1.0285	-1.5836	99.9194	39.0768	0.8230	0.8180	5.0000	-9999.0000	-9999.0000	-9999.0000	-9999.0000	-9999.0000	-9999.0000	18.8323	6	0	27.4134	1.0000	13	1	-9999.0000	13746	42885	-9999	559	554	-9999	555.5638	5	0.6819	0.6814	0.0000	106.7451	1.0362	754.5522	290.3574	34.4213	701.8192	97.8704	753.2675	96.8056	762.2934	97.1065	767.7614	97.1759	
17/08/2017	00:07:32	019001	H421069950HLR	L421	S		700.7723	1.0311	0.0000	100.0062	39.6270	0.8230	0.8249	5.0000	17.3019	815.0431	96.8750	14.0720	25.2000	0.9300	0.9369	0.6814	0.0000	815.0000	814.8262	1.0285	-1.5866	99.9649	39.0601	0.8230	0.8183	5.0000	-9999.0000	-9999.0000	-9999.0000	-9999.0000	-9999.0000	-9999.0000	18.6515	7	0	25.0625	1.0000	13	1	-9999.0000	13747	42886	-9999	559	555	-9999	555.5131	5	0.6820	0.6814	0.0000	108.2682	0.9379	754.1567	312.3352	36.9213	706.7920	97.5463	753.1206	97.0833	762.1553	97.1296	768.2708	97.1528	
17/08/2017	00:07:59	019001	H421070034HLR	L421	S		682.8252	1.0311	0.0000	99.9872	39.5866	0.8230	0.8252	5.0000	17.2120	815.0370	96.9213	19.3520	25.2000	0.9300	0.9368	0.6814	0.0000	815.0000	815.4988	1.0285	-1.5903	100.0008	39.0788	0.8230	0.8183	5.0000	-9999.0000	-9999.0000	-9999.0000	-9999.0000	-9999.0000	-9999.0000	18.8625	8	0	26.5541	1.0000	13	1	-9999.0000	13748	42887	-9999	560	556	-9999	555.5547	5	0.6820	0.6814	0.0000	99.9649	1.4198	730.8248	304.7587	36.3889	687.7422	97.6620	729.7092	96.9907	737.4435	97.1296	743.7386	97.1759	
17/08/2017	00:08:25	019001	H421070035HLR	L421	S		697.6889	1.0311	0.0000	100.0479	39.5883	0.8230	0.8250	5.0000	17.3627	815.1102	96.8519	14.1521	25.3000	0.9300	0.9369	0.6814	0.0000	815.0000	811.3481	1.0285	-1.5670	99.9817	39.0841	0.8230	0.8183	5.0000	-9999.0000	-9999.0000	-9999.0000	-9999.0000	-9999.0000	-9999.0000	18.7924	1	0	26.0432	1.0000	13	1	-9999.0000	13749	42888	-9999	561	557	-9999	555.5950	5	0.6820	0.6814	0.0000	99.9649	1.4198	751.3591	300.8111	34.6065	705.1473	97.3148	750.2760	96.8519	757.5367	97.0602	764.0012	97.1759	
17/08/2017	00:08:52	019001	H421069962HLR	L421	S		697.0610	1.0311	0.0000	100.0023	39.6318	0.8230	0.8247	5.0000	17.6417	815.0917	96.9676	15.3114	25.2000	0.9300	0.9368	0.6822	-0.0000	815.0000	815.9103	1.0285	-1.5927	100.0014	39.0995	0.8230	0.8182	5.0000	-9999.0000	-9999.0000	-9999.0000	-9999.0000	-9999.0000	-9999.0000	18.7825	2	0	26.8624	1.0000	13	1	-9999.0000	13750	42889	-9999	562	558	-9999	555.8672	5	0.6820	0.6822	-0.0000	88.9085	2.0516	749.1164	303.5974	35.3472	701.7700	97.8241	747.9333	97.1759	755.5455	97.0833	762.0871	97.1759	
17/08/2017	00:09:18	019001	H421069955HLR	L421	S		701.9434	1.0311	0.0000	99.9721	39.5883	0.8230	0.8251	5.0000	17.0713	815.0831	96.8519	13.1412	25.2000	0.9300	0.9368	0.6819	-0.0000	815.0000	814.4329	1.0285	-1.5844	99.9828	39.0891	0.8230	0.8181	5.0000	-9999.0000	-9999.0000	-9999.0000	-9999.0000	-9999.0000	-9999.0000	19.0227	3	0	26.9037	1.0000	13	1	-9999.0000	13751	42890	-9999	563	559	-9999	555.9010	5	0.6820	0.6819	-0.0000	83.1669	2.3811	757.5538	304.5350	35.5787	704.9076	97.6157	756.1845	97.1991	764.4925	97.0139	769.4488	97.1528	
17/08/2017	00:09:44	019001	H421069968HLR	L421	S		698.3546	1.0311	0.0000	99.9742	39.6087	0.8230	0.8247	5.0000	17.7522	815.1012	96.8981	14.4314	25.2000	0.9300	0.9369	0.6847	-0.0002	815.0000	815.3823	1.0285	-1.5897	100.0170	39.0951	0.8230	0.8182	5.0000	-9999.0000	-9999.0000	-9999.0000	-9999.0000	-9999.0000	-9999.0000	18.8324	4	0	25.5930	1.0000	13	1	-9999.0000	13752	42891	-9999	564	560	-9999	555.8801	5	0.6819	0.6847	-0.0002	69.9441	3.2466	750.2347	286.4889	36.2731	694.4830	97.6157	748.9995	97.0139	757.0127	97.1296	762.7553	97.1296	
17/08/2017	00:10:09	019001	H421069951HLR	L421	S		701.0224	1.0311	0.0000	99.9916	39.5879	0.8230	0.8251	5.0000	17.1720	815.0532	96.9213	14.5819	25.2000	0.9300	0.9369	0.6847	-0.0002	815.0000	816.2169	1.0285	-1.5944	99.9588	39.0974	0.8230	0.8181	5.0000	-9999.0000	-9999.0000	-9999.0000	-9999.0000	-9999.0000	-9999.0000	18.8724	5	0	24.9533	1.0000	13	1	-9999.0000	13753	42892	-9999	565	561	-9999	555.8075	5	0.6819	0.6847	-0.0002	69.1329	3.2771	749.5622	288.0200	35.9259	697.2879	97.5694	748.3465	96.7593	757.0072	97.1065	763.2508	97.1759	
17/08/2017	00:10:34	019001	H421069980HLR	L421	S		696.5652	1.0311	0.0000	100.0108	39.6146	0.8230	0.8251	5.0000	17.2520	815.0940	96.9444	14.7323	25.2000	0.9300	0.9369	0.6843	-0.0002	815.0000	815.1506	1.0285	-1.5884	99.9204	39.0968	0.8230	0.8182	5.0000	-9999.0000	-9999.0000	-9999.0000	-9999.0000	-9999.0000	-9999.0000	18.9125	6	0	25.5032	1.0000	13	1	-9999.0000	13754	42893	-9999	566	562	-9999	555.7636	5	0.6819	0.6843	-0.0002	69.0404	3.2768	746.7064	282.8562	35.6944	693.4439	97.6157	745.5171	96.7593	753.7758	97.1065	761.1780	97.1991	
17/08/2017	00:11:01	019001	H421069973HLR	L421	S		696.9944	1.0311	0.0000	100.0304	39.6116	0.8230	0.8251	5.0000	17.2725	815.1008	96.9444	15.4423	25.2000	0.9300	0.9370	0.6852	-0.0002	815.0000	815.3354	1.0285	-1.5894	99.9620	39.1039	0.8230	0.8182	5.0000	-9999.0000	-9999.0000	-9999.0000	-9999.0000	-9999.0000	-9999.0000	18.8118	7	0	26.8627	1.0000	13	1	-9999.0000	13755	42894	-9999	567	563	-9999	555.7306	5	0.6819	0.6852	-0.0002	67.8257	3.3685	744.2295	284.0432	35.5324	691.6925	97.6852	743.1069	96.9444	751.8865	97.1296	757.7643	97.1528	
17/08/2017	00:11:29	019001	H421069983HLR	L421	S		707.9101	1.0311	0.0000	100.0141	39.6286	0.8230	0.8249	5.0000	17.3625	815.0804	96.8056	12.3306	25.2000	0.9300	0.9369	0.6851	-0.0002	815.0000	816.7002	1.0285	-1.5971	99.9883	39.1038	0.8230	0.8181	5.0000	-9999.0000	-9999.0000	-9999.0000	-9999.0000	-9999.0000	-9999.0000	19.0133	8	0	28.0737	1.0000	13	1	-9999.0000	13756	42895	-9999	568	564	-9999	556.2423	5	0.6819	0.6851	-0.0002	68.8250	3.2996	760.0427	288.6237	36.3426	703.0155	97.4769	758.6000	96.9213	767.9102	97.1065	774.8554	97.1528	
17/08/2017	00:11:57	019001	H421069986HLR	L421	S		709.7812	1.0311	0.0000	100.0177	39.6270	0.8230	0.8249	5.0000	17.3518	815.0698	96.8287	11.3510	25.3000	0.9300	0.9369	0.6848	-0.0002	815.0000	815.0690	1.0285	-1.5879	99.9948	39.1000	0.8230	0.8180	5.0000	-9999.0000	-9999.0000	-9999.0000	-9999.0000	-9999.0000	-9999.0000	19.1018	1	0	27.4134	1.0000	13	1	-9999.0000	13757	42896	-9999	569	565	-9999	556.2812	5	0.6819	0.6848	-0.0002	68.1966	3.3188	764.0769	309.6287	36.3657	708.7276	97.5463	762.8421	96.8981	771.8166	97.1065	778.2886	97.1528	
17/08/2017	00:12:24	019001	H421069959HLR	L421	S		706.3440	1.0311	0.0000	100.0193	39.6067	0.8230	0.8250	5.0000	17.3526	815.0719	96.8287	11.4210	25.3000	0.9300	0.9369	0.6853	-0.0002	815.0000	814.2524	1.0285	-1.5833	99.8768	39.1000	0.8230	0.8181	5.0000	-9999.0000	-9999.0000	-9999.0000	-9999.0000	-9999.0000	-9999.0000	18.8918	2	0	27.5932	1.0000	13	1	-9999.0000	13757	42897	-9999	570	566	-9999	556.3469	5	0.6819	0.6853	-0.0002	68.8061	3.2914	763.6078	304.8849	36.4815	708.5386	97.5694	762.2547	97.1991	771.8911	97.0833	776.9848	97.1759	
17/08/2017	00:12:51	019001	H421069991HLR	L421	S		697.0700	1.0311	0.0000	100.0432	39.6074	0.8230	0.8251	5.0000	17.2119	815.0486	96.9444	15.3222	25.2000	0.9300	0.9370	0.6844	-0.0002	815.0000	816.1087	1.0285	-1.5938	99.9338	39.0916	0.8230	0.8181	5.0000	-9999.0000	-9999.0000	-9999.0000	-9999.0000	-9999.0000	-9999.0000	19.0423	3	0	26.9838	1.0000	13	1	-9999.0000	13758	42898	-9999	571	567	-9999	555.6215	5	0.6820	0.6844	-0.0002	69.3282	3.2454	747.8431	295.4760	35.7639	691.8947	97.8009	746.4349	97.0370	754.6556	97.1528	760.2858	97.1528	
17/08/2017	00:13:19	019001	H421071361HLR	L421	S		692.7847	1.0311	0.0000	99.9582	39.6157	0.8230	0.8251	5.0000	17.3420	815.0821	96.9676	15.9824	25.2000	0.9300	0.9371	0.6824	-0.0001	815.0000	814.6650	1.0285	-1.5857	100.0108	39.0981	0.8230	0.8181	5.0000	-9999.0000	-9999.0000	-9999.0000	-9999.0000	-9999.0000	-9999.0000	18.9625	4	0	27.5727	1.0000	13	1	-9999.0000	13759	42899	-9999	572	567	-9999	555.5313	5	0.6819	0.6824	-0.0001	67.3539	3.3625	743.8302	287.1427	33.6111	690.8324	98.1250	742.6816	96.8750	750.0605	97.1296	755.2813	97.1528	
17/08/2017	00:13:45	019001	H421071366HLR	L421	S		693.1278	1.0311	0.0000	100.0233	39.6319	0.8230	0.8250	5.0000	17.2422	815.1028	96.9444	15.9316	25.2000	0.9300	0.9370	0.6835	-0.0001	815.0000	813.8593	1.0285	-1.5811	100.0188	39.1020	0.8230	0.8182	5.0000	-9999.0000	-9999.0000	-9999.0000	-9999.0000	-9999.0000	-9999.0000	18.9221	5	0	25.7932	1.0000	13	1	-9999.0000	13760	42900	-9999	573	568	-9999	555.5487	5	0.6819	0.6835	-0.0001	67.2242	3.3745	741.9260	287.3698	33.2176	689.4099	97.6852	740.8091	96.9444	748.7727	97.1065	755.0108	97.1759	
17/08/2017	00:14:11	019001	H421071355HLR	L421	S		695.4616	1.0311	0.0000	99.9872	39.6302	0.8230	0.8247	5.0000	17.8322	815.0894	96.9676	15.4921	25.2000	0.9300	0.9370	0.6865	-0.0003	815.0000	814.2262	1.0285	-1.5832	99.9949	39.1050	0.8230	0.8181	5.0000	-9999.0000	-9999.0000	-9999.0000	-9999.0000	-9999.0000	-9999.0000	18.9018	6	0	25.9740	1.0000	13	1	-9999.0000	13761	42901	-9999	574	569	-9999	555.4043	5	0.6821	0.6865	-0.0003	71.0807	3.1069	741.1729	308.5116	37.0370	689.6207	97.6620	739.9484	97.3380	748.9474	97.0833	754.5375	97.0833	
17/08/2017	00:14:36	019001	H421071351HLR	L421	S		695.6138	1.0311	0.0000	100.0250	39.6160	0.8230	0.8251	5.0000	17.1719	815.1106	96.9444	15.4716	25.2000	0.9300	0.9370	0.6868	-0.0004	815.0000	814.8212	1.0285	-1.5865	100.0083	39.0995	0.8230	0.8181	5.0000	-9999.0000	-9999.0000	-9999.0000	-9999.0000	-9999.0000	-9999.0000	19.2122	7	0	24.9424	1.0000	13	1	-9999.0000	13762	42902	-9999	575	570	-9999	555.3374	5	0.6818	0.6868	-0.0004	70.6588	3.1500	742.6193	290.5077	34.0972	689.8226	97.8472	741.2041	96.8287	750.1195	97.1065	756.4295	97.1759	
17/08/2017	00:15:05	019001	H421069996HLR	L421	S		694.2759	1.0311	0.0000	100.0389	39.6175	0.8230	0.8242	5.0000	18.8821	815.0661	96.9444	15.3817	25.2000	0.9300	0.9370	0.6857	-0.0003	815.0000	815.0535	1.0285	-1.5878	99.9509	39.1029	0.8230	0.8180	5.0000	-9999.0000	-9999.0000	-9999.0000	-9999.0000	-9999.0000	-9999.0000	19.3325	8	0	28.8833	1.0000	13	1	-9999.0000	13763	42903	-9999	576	571	-9999	555.4928	5	0.6818	0.6857	-0.0003	69.6187	3.2322	744.0440	304.4482	35.1620	694.5137	97.7546	742.9145	96.7593	750.8529	97.0833	757.3162	97.1759	
17/08/2017	00:15:30	019001	H421071373HLR	L421	S		696.6780	1.0311	0.0000	100.0518	39.6226	0.8230	0.8251	5.0000	17.2617	815.0743	96.8287	14.3221	25.2000	0.9300	0.9370	0.6842	-0.0002	815.0000	815.2083	1.0285	-1.5887	100.0046	39.1090	0.8230	0.8182	5.0000	-9999.0000	-9999.0000	-9999.0000	-9999.0000	-9999.0000	-9999.0000	18.9416	1	0	25.6038	1.0000	13	1	-9999.0000	13764	42904	-9999	577	572	-9999	555.8022	5	0.6818	0.6842	-0.0002	69.6223	3.2256	749.3145	298.1245	37.1296	696.9550	97.4769	748.0717	96.8750	757.0513	97.1065	763.4506	97.1991	
17/08/2017	00:15:57	019001	H421071372HLR	L421	S		696.0036	1.0311	0.0000	100.0261	39.6414	0.8230	0.8250	5.0000	17.1915	815.0724	96.8750	13.8913	25.2000	0.9300	0.9370	0.6840	-0.0001	815.0000	811.2413	1.0285	-1.5664	99.9330	39.1152	0.8230	0.8180	5.0000	-9999.0000	-9999.0000	-9999.0000	-9999.0000	-9999.0000	-9999.0000	18.9719	2	0	26.6623	1.0000	13	1	-9999.0000	13765	42905	-9999	578	573	-9999	555.8773	5	0.6819	0.6840	-0.0001	69.5868	3.2117	749.2649	291.6531	33.2870	693.2321	98.1250	748.0369	96.8519	756.4917	97.1296	763.8814	97.1528	
17/08/2017	00:16:23	019001	H421071354HLR	L421	S		699.0265	1.0311	0.0000	99.9722	39.6223	0.8230	0.8250	5.0000	17.2715	815.0808	96.8519	13.2516	25.2000	0.9300	0.9370	0.6844	-0.0002	815.0000	811.0895	1.0285	-1.5656	99.9459	39.0953	0.8230	0.8181	5.0000	-9999.0000	-9999.0000	-9999.0000	-9999.0000	-9999.0000	-9999.0000	19.0922	3	0	25.8237	1.0000	13	1	-9999.0000	13766	42906	-9999	579	574	-9999	556.0715	5	0.6819	0.6844	-0.0002	69.8269	3.2043	751.9744	290.2643	34.0046	697.1324	98.0787	750.7603	96.8750	760.1749	97.1065	767.0201	97.1759	
17/08/2017	00:16:49	019001	H421069994HLR	L421	S		694.7872	1.0311	0.0000	100.0207	39.5954	0.8230	0.8250	5.0000	17.3420	815.0372	96.9213	16.8019	25.2000	0.9300	0.9370	0.6842	-0.0002	815.0000	814.7997	1.0285	-1.5864	99.9701	39.1057	0.8230	0.8181	5.0000	-9999.0000	-9999.0000	-9999.0000	-9999.0000	-9999.0000	-9999.0000	19.0617	4	0	26.5636	1.0000	13	1	-9999.0000	13767	42907	-9999	579	575	-9999	555.5206	5	0.6819	0.6842	-0.0002	69.3955	3.2590	744.3293	285.9792	34.8843	693.4461	97.9861	743.4742	97.3611	750.5508	97.0139	755.5949	97.1296	
17/08/2017	00:17:16	019001	H421069992HLR	L421	S		696.4925	1.0311	0.0000	99.9407	39.6081	0.8230	0.8251	5.0000	17.3215	815.1205	96.8750	14.0916	25.2000	0.9300	0.9371	0.6842	-0.0002	815.0000	811.7860	1.0285	-1.5695	99.9401	39.1222	0.8230	0.8182	5.0000	-9999.0000	-9999.0000	-9999.0000	-9999.0000	-9999.0000	-9999.0000	18.9913	5	0	26.8929	1.0000	13	1	-9999.0000	13768	42908	-9999	580	576	-9999	555.9847	5	0.6819	0.6842	-0.0002	69.3955	3.2590	750.6170	290.2107	35.3472	695.0781	97.8241	749.4019	96.8981	757.9279	97.1065	764.6411	97.1528	
17/08/2017	00:17:42	019001	H421071362HLR	L421	S		695.0503	1.0311	0.0000	99.9999	39.6430	0.8230	0.8251	5.0000	17.1730	815.1083	96.8750	14.5115	25.2000	0.9300	0.9370	0.6854	-0.0002	815.0000	812.1021	1.0285	-1.5713	100.0293	39.1230	0.8230	0.8181	5.0000	-9999.0000	-9999.0000	-9999.0000	-9999.0000	-9999.0000	-9999.0000	19.1723	6	0	26.3030	1.0000	13	1	-9999.0000	13769	42909	-9999	581	577	-9999	555.9981	5	0.6823	0.6854	-0.0002	71.4507	3.1314	745.7978	288.1138	34.5370	690.6633	97.8704	744.5388	96.8981	753.1975	97.1296	759.9609	97.1759	
17/08/2017	00:18:11	019001	H421071350HLR	L421	S		695.6501	1.0311	0.0000	100.0085	39.6203	0.8230	0.8251	5.0000	17.1524	815.1540	96.9213	14.3719	25.2000	0.9300	0.9370	0.6918	-0.0006	815.0000	812.7709	1.0285	-1.5750	99.8706	39.1204	0.8230	0.8181	5.0000	-9999.0000	-9999.0000	-9999.0000	-9999.0000	-9999.0000	-9999.0000	19.0424	7	0	28.6735	1.0000	13	1	-9999.0000	13770	42910	-9999	582	578	-9999	556.6452	5	0.6826	0.6918	-0.0006	74.0010	2.9587	742.8041	285.9118	34.2593	687.8140	98.0556	741.4428	96.8519	750.3375	97.1296	757.8606	97.1528	
17/08/2017	00:18:41	019001	H421069987HLR	L421	S		697.3807	1.0311	0.0000	100.0397	39.6212	0.8230	0.8251	5.0000	17.1017	815.0821	96.8981	14.4617	25.2000	0.9300	0.9370	0.6987	-0.0011	815.0000	813.2573	1.0285	-1.5778	99.9377	39.1142	0.8230	0.8180	5.0000	-9999.0000	-9999.0000	-9999.0000	-9999.0000	-9999.0000	-9999.0000	19.2017	8	0	29.8140	1.0000	13	1	-9999.0000	13771	42911	-9999	583	579	-9999	556.9887	5	0.6824	0.6987	-0.0011	81.5350	2.4500	737.3945	285.2956	33.2870	683.1667	98.1250	735.9529	96.9907	745.3524	97.1528	752.9726	97.1296	
17/08/2017	00:19:10	019001	H421069989HLR	L421	S		695.0654	1.0311	0.0000	100.0666	39.6183	0.8230	0.8251	5.0000	17.1720	815.0715	96.9907	15.4110	25.2000	0.9300	0.9371	0.7014	-0.0012	815.0000	814.2933	1.0285	-1.5836	99.9346	39.1172	0.8230	0.8180	5.0000	-9999.0000	-9999.0000	-9999.0000	-9999.0000	-9999.0000	-9999.0000	19.2223	1	0	28.9928	1.0000	13	1	-9999.0000	13772	42912	-9999	584	580	-9999	556.4062	5	0.6828	0.7014	-0.0012	78.9294	2.6184	733.3238	288.4971	33.3333	680.2303	98.0787	732.0178	96.8750	740.7366	97.1296	748.4651	97.1528	
17/08/2017	00:19:38	019001	H421071356HLR	L421	S		695.5479	1.0311	0.0000	99.9211	39.6334	0.8230	0.8249	5.0000	17.6018	815.1156	96.8750	14.1824	25.3000	0.9300	0.9370	0.7023	-0.0013	815.0000	813.8823	1.0285	-1.5813	99.9328	39.1027	0.8230	0.8180	5.0000	-9999.0000	-9999.0000	-9999.0000	-9999.0000	-9999.0000	-9999.0000	19.1225	2	0	28.4038	1.0000	13	1	-9999.0000	13773	42913	-9999	585	581	-9999	557.7909	5	0.6831	0.7023	-0.0013	73.7112	2.9711	735.0223	293.3533	33.9815	684.6604	97.5231	733.6571	96.9907	743.6299	97.1296	751.0083	97.1528	
17/08/2017	00:20:07	019001	H421069949HLR	L421	S		690.7264	1.0311	0.0000	100.0342	39.6329	0.8230	0.8251	5.0000	17.1427	815.1353	96.9444	17.2023	25.2000	0.9300	0.9370	0.7052	-0.0015	815.0000	811.7404	1.0285	-1.5693	100.0056	39.1075	0.8230	0.8181	5.0000	-9999.0000	-9999.0000	-9999.0000	-9999.0000	-9999.0000	-9999.0000	18.9221	3	0	28.5835	1.0000	13	3	-9999.0000	13774	42914	-9999	586	582	-9999	554.2834	5	0.6836	0.7052	-0.0015	67.1714	3.4392	721.3191	277.7016	35.0231	667.5844	97.9167	719.9773	97.0370	728.7319	97.1528	735.7660	97.1991	
17/08/2017	00:20:36	019001	H421069960HLR	L421	S		690.5655	1.0311	0.0000	99.9751	39.6372	0.8230	0.8251	5.0000	17.1516	815.0634	96.9444	17.7023	25.2000	0.9300	0.9370	0.7011	-0.0011	815.0000	811.7869	1.0285	-1.5695	99.9506	39.1185	0.8230	0.8181	5.0000	-9999.0000	-9999.0000	-9999.0000	-9999.0000	-9999.0000	-9999.0000	18.7914	4	0	29.5134	1.0000	13	3	-9999.0000	13775	42915	-9999	587	583	-9999	553.8215	5	0.6838	0.7011	-0.0011	66.0390	3.5195	719.8119	272.7771	34.9769	665.0142	98.0787	718.5778	96.9907	726.8830	97.1065	734.1050	97.1528	
17/08/2017	00:21:06	019001	H421069953HLR	L421	S		694.5729	1.0311	0.0000	99.9697	39.6366	0.8230	0.8248	5.0000	17.4620	815.1066	96.9676	17.5021	25.2000	0.9300	0.9369	0.7015	-0.0012	815.0000	812.8404	1.0285	-1.5754	99.9413	39.1117	0.8230	0.8181	5.0000	-9999.0000	-9999.0000	-9999.0000	-9999.0000	-9999.0000	-9999.0000	18.9526	5	0	29.6540	1.0000	13	3	-9999.0000	13776	42916	-9999	588	583	-9999	555.2305	5	0.6842	0.7015	-0.0012	89.1681	1.9110	722.6193	279.8903	35.3241	670.6200	98.0324	721.2701	97.3611	729.9900	97.0833	736.5788	97.1296	
17/08/2017	00:21:36	019001	H421069958HLR	L421	S		695.3954	1.0311	0.0000	100.0657	39.6208	0.8230	0.8250	5.0000	17.1320	815.1278	96.9444	16.2725	25.2000	0.9300	0.9369	0.7015	-0.0012	815.0000	813.6457	1.0285	-1.5799	100.0318	39.1054	0.8230	0.8181	5.0000	-9999.0000	-9999.0000	-9999.0000	-9999.0000	-9999.0000	-9999.0000	18.8832	6	0	30.2138	1.0000	13	3	-9999.0000	13777	42917	-9999	589	584	-9999	556.4078	5	0.6842	0.7015	-0.0012	89.1681	1.9110	728.4873	281.9694	35.0926	674.2459	97.8241	727.2575	96.8750	735.5845	97.0833	742.7580	97.1991	
17/08/2017	00:22:02	019001	H421069964HLR	L421	S		696.0871	1.0311	0.0000	100.0086	39.6318	0.8230	0.8248	5.0000	17.6816	815.0926	96.9444	17.0128	25.2000	0.9300	0.9369	0.6957	-0.0008	815.0000	812.6651	1.0285	-1.5744	99.9003	39.1039	0.8230	0.8181	5.0000	-9999.0000	-9999.0000	-9999.0000	-9999.0000	-9999.0000	-9999.0000	18.7728	7	0	26.2930	1.0000	13	3	-9999.0000	13778	42918	-9999	590	585	-9999	555.9325	5	0.6840	0.6957	-0.0008	94.2072	1.5538	725.6302	283.9516	35.7639	675.8181	97.8241	724.2144	97.0833	733.3675	97.1759	739.1751	97.1065	
17/08/2017	00:22:32	019001	H421069967HLR	L421	S		686.5928	1.0311	0.0000	99.9879	39.6317	0.8230	0.8245	5.0000	18.5921	815.1008	96.9213	17.4015	25.2000	0.9300	0.9369	0.6951	-0.0007	815.0000	813.6738	1.0285	-1.5801	99.9944	39.1022	0.8230	0.8181	5.0000	-9999.0000	-9999.0000	-9999.0000	-9999.0000	-9999.0000	-9999.0000	18.7026	8	0	29.1033	1.0000	13	3	-9999.0000	13779	42918	-9999	591	586	-9999	556.3974	5	0.6838	0.6951	-0.0007	99.3022	1.2270	729.8251	300.8946	36.5509	682.3206	97.6389	728.5556	97.1991	737.0473	97.0602	742.3590	97.1528	
17/08/2017	00:23:01	019001	H421069976HLR	L421	S		691.3201	1.0311	0.0000	99.9950	39.6431	0.8230	0.8251	5.0000	17.2825	815.1136	96.9676	18.2122	25.2000	0.9300	0.9369	0.6948	-0.0007	815.0000	813.5237	1.0285	-1.5793	100.0496	39.1004	0.8230	0.8182	5.0000	-9999.0000	-9999.0000	-9999.0000	-9999.0000	-9999.0000	-9999.0000	18.9319	1	0	29.6138	1.0000	13	3	-9999.0000	13780	42919	-9999	592	587	-9999	556.0677	5	0.6840	0.6948	-0.0007	101.6194	1.0640	727.3739	306.2773	36.8287	678.9847	97.6389	726.1576	97.2685	733.5723	97.1065	737.8403	97.1296	
17/08/2017	00:23:32	019001	H421069971HLR	L421	S		691.7348	1.0311	0.0000	100.0132	39.6478	0.8230	0.8249	5.0000	17.2822	815.0849	96.9676	18.1321	25.2000	0.9300	0.9369	0.6945	-0.0007	815.0000	814.7041	1.0285	-1.5859	99.9632	39.1176	0.8230	0.8181	5.0000	-9999.0000	-9999.0000	-9999.0000	-9999.0000	-9999.0000	-9999.0000	18.9515	2	0	30.3435	1.0000	13	3	-9999.0000	13781	42920	-9999	593	588	-9999	556.1644	5	0.6839	0.6945	-0.0007	106.8450	0.7228	727.2010	303.4164	37.1065	679.3677	97.5694	726.1414	97.3843	734.7142	96.9907	739.9234	97.1296	
17/08/2017	00:24:00	019001	H421069972HLR	L421	S		698.0139	1.0311	0.0000	100.1145	39.6240	0.8230	0.8249	5.0000	17.2520	815.0862	96.9213	14.7811	25.2000	0.9300	0.9369	0.6945	-0.0007	815.0000	814.6410	1.0285	-1.5855	99.9912	39.1022	0.8230	0.8181	5.0000	-9999.0000	-9999.0000	-9999.0000	-9999.0000	-9999.0000	-9999.0000	18.8920	3	0	27.9838	1.0000	13	3	-9999.0000	13782	42921	-9999	594	589	-9999	558.0994	5	0.6839	0.6945	-0.0007	106.8450	0.7228	741.5198	302.9917	34.7454	692.0642	97.1991	740.3034	97.1528	748.3230	97.0370	754.7676	97.1528	
17/08/2017	00:24:27	019001	H421069985HLR	L421	S		696.0497	1.0311	0.0000	99.9681	39.6066	0.8230	0.8244	5.0000	18.4426	815.0835	96.9676	17.0421	25.2000	0.9300	0.9369	0.6920	-0.0005	815.0000	814.6621	1.0285	-1.5856	99.9420	39.0888	0.8230	0.8180	5.0000	-9999.0000	-9999.0000	-9999.0000	-9999.0000	-9999.0000	-9999.0000	19.1126	4	0	27.8531	1.0000	13	3	-9999.0000	13783	42922	-9999	595	590	-9999	557.0702	5	0.6837	0.6920	-0.0005	102.9883	0.9841	732.2328	307.5055	37.9861	685.8497	97.2917	731.1461	97.0139	739.3586	97.1065	745.5438	97.1528	
17/08/2017	00:24:55	019001	H421069993HLR	L421	S		693.8195	1.0311	0.0000	100.0148	39.6066	0.8230	0.8252	5.0000	17.1818	815.0697	96.9444	18.1223	25.2000	0.9300	0.9370	0.6918	-0.0005	815.0000	814.5941	1.0285	-1.5853	99.9099	39.0961	0.8230	0.8181	5.0000	-9999.0000	-9999.0000	-9999.0000	-9999.0000	-9999.0000	-9999.0000	19.0520	5	0	27.5628	1.0000	13	3	-9999.0000	13784	42923	-9999	596	591	-9999	556.6895	5	0.6835	0.6918	-0.0005	104.1265	0.9443	729.6464	307.5287	36.1574	684.7365	97.5926	728.5382	96.8750	736.2330	97.1065	742.1524	97.1759	
17/08/2017	00:25:26	019001	H421069997HLR	L421	S		694.0878	1.0311	0.0000	99.9816	39.6476	0.8230	0.8250	5.0000	17.3918	815.0742	96.9444	18.2425	25.2000	0.9300	0.9369	0.6944	-0.0006	815.0000	815.2556	1.0285	-1.5890	99.9467	39.1074	0.8230	0.8181	5.0000	-9999.0000	-9999.0000	-9999.0000	-9999.0000	-9999.0000	-9999.0000	18.9526	6	0	30.6141	1.0000	13	3	-9999.0000	13785	42924	-9999	597	592	-9999	556.6128	5	0.6837	0.6944	-0.0006	98.8184	1.2494	730.7095	284.9949	33.7500	678.9963	97.8935	729.5678	96.7361	737.4865	97.0370	743.0761	97.1759	
17/08/2017	00:25:54	019001	H421071349HLR	L421	S		698.5783	1.0311	0.0000	99.9443	39.6339	0.8230	0.8244	5.0000	18.2521	815.0633	96.9444	16.4522	25.3000	0.9300	0.9369	0.6944	-0.0006	815.0000	814.4395	1.0285	-1.5844	99.9765	39.1126	0.8230	0.8181	5.0000	-9999.0000	-9999.0000	-9999.0000	-9999.0000	-9999.0000	-9999.0000	18.9525	7	0	28.9332	1.0000	13	3	-9999.0000	13786	42925	-9999	598	593	-9999	557.5003	5	0.6837	0.6944	-0.0006	98.8184	1.2494	732.6147	280.3655	32.5231	677.9261	98.0093	731.4532	96.7824	739.8052	97.1065	745.8628	97.1759	
17/08/2017	00:26:22	019001	H421071353HLR	L421	S		698.8294	1.0311	0.0000	100.0035	39.6271	0.8230	0.8249	5.0000	17.4524	815.0611	96.9444	15.7314	25.3000	0.9300	0.9369	0.6945	-0.0006	815.0000	814.1203	1.0285	-1.5826	99.9797	39.1117	0.8230	0.8180	5.0000	-9999.0000	-9999.0000	-9999.0000	-9999.0000	-9999.0000	-9999.0000	18.8530	8	0	27.9440	1.0000	13	3	-9999.0000	13787	42926	-9999	599	594	-9999	557.8983	5	0.6835	0.6945	-0.0006	89.8727	1.7425	736.5679	283.7175	34.0509	679.6400	97.9167	735.3845	96.9444	743.8673	97.1065	750.4540	97.1759	
17/08/2017	00:26:50	019001	H421071357HLR	L421	S		695.7508	1.0311	0.0000	100.0948	39.6286	0.8230	0.8250	5.0000	17.3518	815.0748	96.9444	16.0625	25.3000	0.9300	0.9369	0.6935	-0.0006	815.0000	814.4230	1.0285	-1.5843	99.9668	39.1011	0.8230	0.8182	5.0000	-9999.0000	-9999.0000	-9999.0000	-9999.0000	-9999.0000	-9999.0000	18.6916	1	0	27.4729	1.0000	13	3	-9999.0000	13788	42927	-9999	600	595	-9999	557.7998	5	0.6836	0.6935	-0.0006	90.6876	1.6860	735.2068	296.8658	36.1574	686.7556	97.7083	734.1983	96.8056	742.7258	97.1065	749.6239	97.1991	
17/08/2017	00:27:18	019001	H421071360HLR	L421	S		691.3929	1.0311	0.0000	99.9983	39.6367	0.8230	0.8251	5.0000	17.2228	815.0665	96.9676	18.5423	25.2000	0.9300	0.9369	0.6937	-0.0006	815.0000	814.9170	1.0285	-1.5871	100.0100	39.1001	0.8230	0.8181	5.0000	-9999.0000	-9999.0000	-9999.0000	-9999.0000	-9999.0000	-9999.0000	18.9025	2	0	28.3239	1.0000	13	3	-9999.0000	13789	42928	-9999	601	596	-9999	556.6584	5	0.6837	0.6937	-0.0006	87.5922	1.8520	727.5901	299.8757	36.6204	680.4555	97.6852	726.4687	97.2222	734.4098	97.1065	740.2421	97.1296	
17/08/2017	00:27:45	019001	H421071375HLR	L421	S		693.8195	1.0311	0.0000	100.0165	39.6334	0.8230	0.8250	5.0000	17.3516	815.1024	96.9444	17.4924	25.2000	0.9300	0.9369	0.6958	-0.0007	815.0000	815.1965	1.0285	-1.5886	99.9812	39.1106	0.8230	0.8182	5.0000	-9999.0000	-9999.0000	-9999.0000	-9999.0000	-9999.0000	-9999.0000	18.8020	3	0	27.0531	1.0000	13	3	-9999.0000	13790	42929	-9999	602	597	-9999	557.2515	5	0.6839	0.6958	-0.0007	82.1074	2.1561	731.0199	289.2157	34.8148	679.8380	97.9167	729.7339	96.9444	738.1637	97.0833	744.6816	97.1528	
17/08/2017	00:28:15	019001	H421070088HLR	L421	S		692.1369	1.0311	0.0000	100.0115	39.6335	0.8230	0.8247	5.0000	17.7726	815.0647	96.9444	15.8320	25.3000	0.9300	0.9369	0.6958	-0.0007	815.0000	814.5567	1.0285	-1.5851	99.9747	39.1199	0.8230	0.8181	5.0000	-9999.0000	-9999.0000	-9999.0000	-9999.0000	-9999.0000	-9999.0000	18.9222	4	0	29.4536	1.0000	13	3	-9999.0000	13791	42930	-9999	603	597	-9999	558.2196	5	0.6839	0.6958	-0.0007	82.1074	2.1561	734.4058	305.7391	36.1806	686.1759	97.6389	733.3136	97.0370	741.8139	97.1296	748.8943	97.1296	
17/08/2017	00:28:43	019001	H421069957HLR	L421	S		693.5227	1.0311	0.0000	100.0362	39.6270	0.8230	0.8250	5.0000	17.2618	815.0661	96.9676	15.9619	25.3000	0.9300	0.9369	0.6963	-0.0007	815.0000	814.5214	1.0285	-1.5849	99.9930	39.1085	0.8230	0.8181	5.0000	-9999.0000	-9999.0000	-9999.0000	-9999.0000	-9999.0000	-9999.0000	18.9513	5	0	28.0337	1.0000	13	3	-9999.0000	13792	42931	-9999	604	598	-9999	558.1835	5	0.6840	0.6963	-0.0007	86.4325	1.9390	733.7382	306.8274	36.8981	685.6546	97.5463	732.5202	96.8981	740.3963	97.1065	746.8059	97.1528	
17/08/2017	00:29:11	019001	H421069963HLR	L421	S		692.6550	1.0311	0.0000	99.9368	39.6335	0.8230	0.8246	5.0000	18.1125	815.0588	96.9444	16.2617	25.2000	0.9300	0.9369	0.6959	-0.0007	815.0000	815.0312	1.0285	-1.5877	100.0300	39.1083	0.8230	0.8180	5.0000	-9999.0000	-9999.0000	-9999.0000	-9999.0000	-9999.0000	-9999.0000	19.2024	6	0	28.5729	1.0000	13	3	-9999.0000	13793	42932	-9999	605	599	-9999	557.9860	5	0.6839	0.6959	-0.0007	84.7807	2.0309	733.5993	299.5769	37.4537	685.8256	97.4769	732.3995	96.9213	740.4184	97.1296	747.2248	97.1528	
17/08/2017	00:29:38	019001	H421069969HLR	L421	S		694.5858	1.0311	0.0000	100.0456	39.6382	0.8230	0.8249	5.0000	17.6017	815.1166	96.9444	15.5615	25.2000	0.9300	0.9369	0.6967	-0.0008	815.0000	815.9794	1.0285	-1.5930	99.9487	39.1054	0.8230	0.8181	5.0000	-9999.0000	-9999.0000	-9999.0000	-9999.0000	-9999.0000	-9999.0000	18.8820	7	0	26.2336	1.0000	13	3	-9999.0000	13794	42932	-9999	606	600	-9999	558.4918	5	0.6839	0.6967	-0.0008	84.9438	2.0260	737.3551	289.3735	34.2361	683.4983	97.8935	736.0108	97.0370	745.1237	97.1528	752.3652	97.1528	
17/08/2017	00:30:06	019001	H421069975HLR	L421	S		691.6609	1.0311	0.0000	100.0170	39.6412	0.8230	0.8246	5.0000	18.2022	815.0604	96.9676	17.3527	25.2000	0.9300	0.9370	0.6992	-0.0009	815.0000	815.0894	1.0285	-1.5880	99.9551	39.1133	0.8230	0.8181	5.0000	-9999.0000	-9999.0000	-9999.0000	-9999.0000	-9999.0000	-9999.0000	18.9232	8	0	28.2331	1.0000	13	3	-9999.0000	13795	42933	-9999	607	601	-9999	557.4190	5	0.6842	0.6992	-0.0009	96.3206	1.3860	726.4934	282.6801	33.1481	673.4586	98.0556	725.3467	96.8287	733.9614	97.1065	741.1164	97.1759	
17/08/2017	00:30:35	019001	H421069990HLR	L421	S		691.0166	1.0311	0.0000	100.0208	39.6334	0.8230	0.8248	5.0000	17.8615	815.0670	96.9213	16.5518	25.3000	0.9300	0.9370	0.6992	-0.0009	815.0000	814.4964	1.0285	-1.5847	99.9345	39.1119	0.8230	0.8181	5.0000	-9999.0000	-9999.0000	-9999.0000	-9999.0000	-9999.0000	-9999.0000	19.0521	1	0	29.2339	1.0000	13	3	-9999.0000	13796	42934	-9999	608	602	-9999	558.0214	5	0.6842	0.6992	-0.0009	96.3206	1.3860	727.8522	277.0847	32.8241	670.8651	98.1713	726.5083	96.8750	735.3536	97.1065	743.4660	97.1296	
17/08/2017	00:31:04	019001	H421069952HLR	L421	S		693.4692	1.0311	0.0000	100.0287	39.6441	0.8230	0.8250	5.0000	17.3224	815.1043	96.9213	16.3819	25.2000	0.9300	0.9370	0.6989	-0.0009	815.0000	816.2763	1.0285	-1.5947	99.9484	39.1249	0.8230	0.8181	5.0000	-9999.0000	-9999.0000	-9999.0000	-9999.0000	-9999.0000	-9999.0000	18.9418	2	0	29.4732	1.0000	13	3	-9999.0000	13797	42935	-9999	609	603	-9999	558.1681	5	0.6843	0.6989	-0.0009	101.8505	1.0949	732.6359	281.9012	33.2407	676.4296	98.1019	731.3126	96.8750	740.1126	97.1296	747.0479	97.1296	
17/08/2017	00:31:33	019001	H421069974HLR	L421	S		696.9087	1.0311	0.0000	100.0392	39.6382	0.8230	0.8250	5.0000	17.1318	815.0693	96.9213	14.7616	25.3000	0.9300	0.9370	0.7014	-0.0010	815.0000	815.7416	1.0285	-1.5917	99.9468	39.1095	0.8230	0.8180	5.0000	-9999.0000	-9999.0000	-9999.0000	-9999.0000	-9999.0000	-9999.0000	19.0823	3	0	28.1831	1.0000	13	3	-9999.0000	13798	42936	-9999	610	604	-9999	559.4651	5	0.6844	0.7014	-0.0010	105.6629	0.8955	735.2156	285.2837	33.0093	677.5080	98.1481	733.8010	97.1296	743.1950	97.1065	750.4819	97.1065	
17/08/2017	00:32:00	019001	H421071358HLR	L421	S		695.3483	1.0311	0.0000	100.0255	39.6319	0.8230	0.8250	5.0000	17.3028	815.1048	96.9444	16.1426	25.2000	0.9300	0.9370	0.6983	-0.0008	815.0000	815.3390	1.0285	-1.5894	99.9835	39.1008	0.8230	0.8180	5.0000	-9999.0000	-9999.0000	-9999.0000	-9999.0000	-9999.0000	-9999.0000	19.1927	4	0	27.6840	1.0000	13	3	-9999.0000	13799	42937	-9999	611	605	-9999	558.3417	5	0.6845	0.6983	-0.0008	102.6039	1.1197	731.5544	286.3883	33.1944	678.2863	98.0324	730.2464	96.8287	738.9256	97.1065	746.4292	97.1991	
17/08/2017	00:32:29	019001	H421071359HLR	L421	S		693.2514	1.0311	0.0000	100.0289	39.6160	0.8230	0.8249	5.0000	17.5822	815.1073	96.9213	17.7232	25.2000	0.9300	0.9370	0.6962	-0.0007	815.0000	815.9607	1.0285	-1.5929	99.9786	39.1104	0.8230	0.8181	5.0000	-9999.0000	-9999.0000	-9999.0000	-9999.0000	-9999.0000	-9999.0000	18.8723	5	0	29.1833	1.0000	13	3	-9999.0000	13800	42938	-9999	612	606	-9999	557.3369	5	0.6844	0.6962	-0.0007	112.9867	0.5698	727.6372	286.2245	35.6019	673.6745	97.8241	726.3940	96.9444	733.7692	97.1296	740.8388	97.1759	
17/08/2017	00:32:59	019001	H421071352HLR	L421	S		692.6524	1.0311	0.0000	100.0414	39.6414	0.8230	0.8250	5.0000	17.5313	815.0560	96.9676	17.3019	25.2000	0.9300	0.9370	0.6965	-0.0007	815.0000	814.5761	1.0285	-1.5852	99.9673	39.1221	0.8230	0.8182	5.0000	-9999.0000	-9999.0000	-9999.0000	-9999.0000	-9999.0000	-9999.0000	18.6527	6	0	29.8640	1.0000	13	3	-9999.0000	13801	42939	-9999	613	607	-9999	557.5016	5	0.6845	0.6965	-0.0007	107.5856	0.8835	726.6976	298.9595	35.0926	679.5129	97.9861	725.4419	96.9907	733.8483	97.1296	740.5229	97.1296	
17/08/2017	00:33:28	019001	H421071374HLR	L421	S		693.6807	1.0311	0.0000	99.9854	39.6465	0.8230	0.8250	5.0000	17.2824	815.0792	96.9213	16.6817	25.2000	0.9300	0.9370	0.6965	-0.0007	815.0000	815.2332	1.0285	-1.5889	99.9326	39.1099	0.8230	0.8180	5.0000	-9999.0000	-9999.0000	-9999.0000	-9999.0000	-9999.0000	-9999.0000	18.9731	7	0	28.9929	1.0000	13	3	-9999.0000	13802	42940	-9999	614	608	-9999	557.8886	5	0.6845	0.6965	-0.0007	107.5856	0.8835	730.0802	300.8216	35.4861	681.6589	97.8241	728.9307	96.9444	737.9745	97.1296	744.6297	97.1296	
17/08/2017	00:33:59	019001	H421071347HLR	L421	S		697.0458	1.0311	0.0000	99.9629	39.6367	0.8230	0.8249	5.0000	17.3223	815.1197	96.9444	15.6220	25.2000	0.9300	0.9370	0.6971	-0.0008	815.0000	814.3002	1.0285	-1.5836	99.9421	39.1008	0.8230	0.8180	5.0000	-9999.0000	-9999.0000	-9999.0000	-9999.0000	-9999.0000	-9999.0000	18.8726	8	0	30.3641	1.0000	13	3	-9999.0000	13803	42941	-9999	615	609	-9999	558.5732	5	0.6847	0.6971	-0.0008	101.2426	1.2663	732.9240	305.9062	37.0139	684.9920	97.5926	731.8220	96.9213	740.3906	97.1065	747.1335	97.1759	
17/08/2017	00:34:29	019001	H421069978HLR	L421	S		693.8061	1.0311	0.0000	99.9733	39.6176	0.8230	0.8249	5.0000	17.5217	815.0556	96.9676	17.7024	25.2000	0.9300	0.9370	0.6962	-0.0007	815.0000	815.4288	1.0285	-1.5899	99.9741	39.0947	0.8230	0.8181	5.0000	-9999.0000	-9999.0000	-9999.0000	-9999.0000	-9999.0000	-9999.0000	19.0326	1	0	29.8735	1.0000	13	3	-9999.0000	13804	42942	-9999	616	610	-9999	557.0932	5	0.6845	0.6962	-0.0007	101.2028	1.2558	726.0901	308.8499	37.3380	681.4055	97.6157	724.8198	97.0602	732.5296	97.1528	739.2509	97.1528	
17/08/2017	00:34:58	019001	H421069988HLR	L421	S		690.3074	1.0311	0.0000	99.9758	39.6271	0.8230	0.8251	5.0000	17.3319	815.0937	96.9676	17.7815	25.2000	0.9300	0.9370	0.6956	-0.0007	815.0000	815.7433	1.0285	-1.5917	99.9537	39.0980	0.8230	0.8180	5.0000	-9999.0000	-9999.0000	-9999.0000	-9999.0000	-9999.0000	-9999.0000	18.9916	2	0	29.6540	1.0000	13	3	-9999.0000	13805	42943	-9999	617	611	-9999	557.2229	5	0.6844	0.6956	-0.0007	101.8958	1.2114	726.9342	303.5219	37.0833	680.2581	97.7546	725.6740	97.3843	734.7119	97.0833	740.9794	97.1296	
17/08/2017	00:35:25	019001	H421071348HLR	L421	S		691.6928	1.0311	0.0000	100.0031	39.6462	0.8230	0.8250	5.0000	17.3721	815.1105	96.9213	17.4719	25.2000	0.9300	0.9370	0.6972	-0.0008	815.0000	815.4720	1.0285	-1.5902	99.9934	39.0961	0.8230	0.8181	5.0000	-9999.0000	-9999.0000	-9999.0000	-9999.0000	-9999.0000	-9999.0000	18.9123	3	0	26.5034	1.0000	13	3	-9999.0000	13806	42943	-9999	618	612	-9999	557.4092	5	0.6846	0.6972	-0.0008	97.3210	1.4695	728.0022	289.6023	35.5556	675.0711	97.8472	726.6460	96.9907	734.6299	97.1296	741.1059	97.1296	
17/08/2017	00:35:55	019001	H421069970HLR	L421	S		691.5961	1.0311	0.0000	99.9713	39.6351	0.8230	0.8251	5.0000	17.0626	815.0852	96.9444	18.2317	25.2000	0.9300	0.9370	0.6998	-0.0009	815.0000	815.8554	1.0285	-1.5923	99.9594	39.0989	0.8230	0.8181	5.0000	-9999.0000	-9999.0000	-9999.0000	-9999.0000	-9999.0000	-9999.0000	18.9320	4	0	30.3131	1.0000	13	3	-9999.0000	13807	42944	-9999	619	613	-9999	556.9070	5	0.6844	0.6998	-0.0009	97.3113	1.4492	724.5137	280.6899	34.6759	674.9168	98.0324	723.3181	97.0370	731.8689	97.1759	737.4429	97.1296	
17/08/2017	00:36:24	019001	H421069948HLR	L421	S		689.1906	1.0311	0.0000	100.0374	39.6028	0.8230	0.8249	5.0000	17.4924	815.1204	96.9213	18.3821	25.2000	0.9300	0.9370	0.7007	-0.0010	815.0000	815.0575	1.0285	-1.5879	99.9680	39.1014	0.8230	0.8182	5.0000	-9999.0000	-9999.0000	-9999.0000	-9999.0000	-9999.0000	-9999.0000	18.9426	5	0	29.1138	1.0000	13	3	-9999.0000	13808	42945	-9999	620	614	-9999	556.6524	5	0.6844	0.7007	-0.0010	92.9828	1.7148	721.1879	284.1530	33.6343	669.8930	98.1250	720.1523	96.8750	728.2882	97.1065	735.1774	97.1528	
17/08/2017	00:36:55	019001	H421069966HLR	L421	S		692.3109	1.0311	0.0000	100.0078	39.6175	0.8230	0.8249	5.0000	17.5422	815.1266	96.9676	17.5617	25.2000	0.9300	0.9370	0.7002	-0.0010	815.0000	814.8718	1.0285	-1.5868	99.9517	39.1114	0.8230	0.8181	5.0000	-9999.0000	-9999.0000	-9999.0000	-9999.0000	-9999.0000	-9999.0000	18.9828	6	0	30.6433	1.0000	13	3	-9999.0000	13809	42946	-9999	621	615	-9999	557.1967	5	0.6842	0.7002	-0.0010	90.7827	1.8386	723.1482	282.3308	33.9583	671.2242	97.9630	721.7913	96.9444	730.2758	97.1296	736.6439	97.1759	
17/08/2017	00:37:24	019001	H421069979HLR	L421	S		695.9400	1.0311	0.0000	100.0140	39.6319	0.8230	0.8250	5.0000	17.3225	815.0737	96.9676	15.0409	25.2000	0.9300	0.9370	0.7002	-0.0010	815.0000	816.0193	1.0285	-1.5933	100.0294	39.0985	0.8230	0.8181	5.0000	-9999.0000	-9999.0000	-9999.0000	-9999.0000	-9999.0000	-9999.0000	18.8322	7	0	29.6737	1.0000	13	3	-9999.0000	13810	42947	-9999	622	616	-9999	559.0474	5	0.6842	0.7002	-0.0010	90.7827	1.8386	735.3883	287.2736	35.3935	681.7834	97.7778	733.9965	97.1528	743.2625	97.1065	749.7969	97.1528	
17/08/2017	00:37:55	019001	H421069981HLR	L421	S		694.1764	1.0311	0.0000	100.0600	39.6367	0.8230	0.8250	5.0000	17.2316	815.0626	96.8981	18.2229	25.2000	0.9300	0.9369	0.7034	-0.0011	815.0000	815.7503	1.0285	-1.5918	99.9256	39.0987	0.8230	0.8182	5.0000	-9999.0000	-9999.0000	-9999.0000	-9999.0000	-9999.0000	-9999.0000	18.7230	8	0	30.6032	1.0000	13	3	-9999.0000	13811	42948	-9999	623	617	-9999	556.4334	5	0.6838	0.7034	-0.0011	76.8548	2.6350	720.8301	284.3629	33.8194	673.9497	98.0324	719.5521	97.0139	727.0569	97.1528	733.2153	97.1528	
17/08/2017	00:38:24	019001	H421069984HLR	L421	S		693.1973	1.0311	0.0000	100.0729	39.6132	0.8230	0.8250	5.0000	17.3223	815.0641	96.9676	17.6223	25.2000	0.9300	0.9370	0.7046	-0.0012	815.0000	815.4158	1.0285	-1.5899	100.0066	39.0985	0.8230	0.8182	5.0000	-9999.0000	-9999.0000	-9999.0000	-9999.0000	-9999.0000	-9999.0000	18.7018	1	0	29.4039	1.0000	13	3	-9999.0000	13812	42949	-9999	624	618	-9999	556.9934	5	0.6837	0.7046	-0.0012	74.3722	2.7691	722.4089	297.7190	36.2500	674.1454	97.6157	721.1161	96.9676	729.7904	97.1296	736.3398	97.1528	
17/08/2017	00:38:52	019001	H421069961HLR	L421	S		690.6798	1.0311	0.0000	100.0691	39.6350	0.8230	0.8249	5.0000	17.5128	815.0664	96.9213	18.5130	25.2000	0.9300	0.9369	0.7042	-0.0012	815.0000	814.3945	1.0285	-1.5841	100.0567	39.0953	0.8230	0.8181	5.0000	-9999.0000	-9999.0000	-9999.0000	-9999.0000	-9999.0000	-9999.0000	18.7523	2	0	28.0241	1.0000	13	3	-9999.0000	13813	42950	-9999	625	619	-9999	556.2640	5	0.6839	0.7042	-0.0012	86.6636	2.0804	714.7484	286.1666	35.7176	665.1180	97.8009	713.4880	97.2685	723.0060	97.0370	729.2715	97.1065	
17/08/2017	00:39:20	019001	H421070038HLR	L421	S		691.7873	1.0311	0.0000	100.0045	39.6318	0.8230	0.8251	5.0000	17.1017	815.0878	96.9213	18.2024	25.2000	0.9300	0.9371	0.7053	-0.0012	815.0000	815.0601	1.0285	-1.5879	100.0384	39.0933	0.8230	0.8181	5.0000	-9999.0000	-9999.0000	-9999.0000	-9999.0000	-9999.0000	-9999.0000	18.8529	3	0	27.4829	1.0000	13	3	-9999.0000	13814	42951	-9999	626	620	-9999	556.6263	5	0.6837	0.7053	-0.0012	91.9343	1.7653	715.5655	294.8268	34.8380	668.4656	97.7778	714.2126	97.0833	723.3842	97.1759	728.9762	97.1528	
17/08/2017	00:39:49	019001	H421069954HLR	L421	S		690.6846	1.0311	0.0000	99.9429	39.6312	0.8230	0.8246	5.0000	18.0120	815.1050	96.9213	18.5120	25.2000	0.9300	0.9371	0.7006	-0.0010	815.0000	814.1094	1.0285	-1.5825	99.9788	39.0993	0.8230	0.8182	5.0000	-9999.0000	-9999.0000	-9999.0000	-9999.0000	-9999.0000	-9999.0000	18.7726	4	0	29.0737	1.0000	13	3	-9999.0000	13815	42952	-9999	627	621	-9999	556.2074	5	0.6835	0.7006	-0.0010	91.8580	1.7631	717.7988	293.6974	37.7083	670.8034	97.3843	716.5046	96.8981	725.2246	97.1065	732.7542	97.1528	
17/08/2017	00:40:14	019001	H421069965HLR	L421	S		691.9926	1.0311	0.0000	99.9470	39.6112	0.8230	0.8244	5.0000	18.6214	815.0899	96.9676	17.9426	25.2000	0.9300	0.9370	0.6956	-0.0007	815.0000	815.4687	1.0285	-1.5902	100.0620	39.1038	0.8230	0.8182	5.0000	-9999.0000	-9999.0000	-9999.0000	-9999.0000	-9999.0000	-9999.0000	18.8714	5	0	24.9825	1.0000	13	3	-9999.0000	13816	42953	-9999	628	622	-9999	556.7580	5	0.6832	0.6956	-0.0007	102.2402	1.1813	723.1445	302.1584	36.8750	674.7006	97.5231	721.7601	97.0370	730.2285	97.1528	737.3688	97.1296	
17/08/2017	00:40:44	019001	H421071370HLR	L421	S		698.6615	1.0311	0.0000	100.0268	39.6382	0.8230	0.8251	5.0000	17.1320	815.1140	97.0139	15.8613	25.2000	0.9300	0.9369	0.6956	-0.0007	815.0000	814.9791	1.0285	-1.5874	100.0867	39.1004	0.8230	0.8181	5.0000	-9999.0000	-9999.0000	-9999.0000	-9999.0000	-9999.0000	-9999.0000	19.0022	6	0	29.9539	1.0000	13	3	-9999.0000	13817	42954	-9999	629	623	-9999	558.0475	5	0.6832	0.6956	-0.0007	102.2402	1.1813	736.0183	303.1790	34.7222	688.6803	97.1528	734.6165	96.7361	743.0102	97.1296	749.2948	97.1528	
17/08/2017	00:41:15	019001	H421071371HLR	L421	S		696.2178	1.0311	0.0000	100.0190	39.6367	0.8230	0.8250	5.0000	17.1428	815.0567	96.9676	15.9824	25.2000	0.9300	0.9370	0.6956	-0.0007	815.0000	815.4796	1.0285	-1.5902	99.9927	39.0953	0.8230	0.8182	5.0000	-9999.0000	-9999.0000	-9999.0000	-9999.0000	-9999.0000	-9999.0000	19.0120	7	0	30.9443	1.0000	13	3	-9999.0000	13818	42955	-9999	630	624	-9999	557.9091	5	0.6832	0.6956	-0.0007	102.5974	1.1667	732.9135	300.8451	35.6019	682.4068	97.6620	731.7525	96.8056	741.3780	97.1991	748.5443	97.1528	
17/08/2017	00:41:45	019001	H421071368HLR	L421	S		690.1348	1.0311	0.0000	99.9583	39.6137	0.8230	0.8250	5.0000	17.3623	815.0964	96.9676	16.9728	25.2000	0.9300	0.9370	0.6951	-0.0007	815.0000	816.9419	1.0285	-1.5984	99.9138	39.1136	0.8230	0.8181	5.0000	-9999.0000	-9999.0000	-9999.0000	-9999.0000	-9999.0000	-9999.0000	18.9429	8	0	30.4636	1.0000	13	3	-9999.0000	13819	42955	-9999	631	625	-9999	557.4295	5	0.6832	0.6951	-0.0007	104.2068	1.0511	729.4386	290.5452	34.4907	677.5704	97.9861	728.1044	97.1065	737.3185	97.1065	744.4501	97.1296	
17/08/2017	00:42:15	019001	H421071369HLR	L421	S		700.3595	1.0311	0.0000	100.0212	39.6158	0.8230	0.8251	5.0000	17.2628	815.0723	96.8287	13.4118	25.3000	0.9300	0.9370	0.6951	-0.0007	815.0000	814.8642	1.0285	-1.5868	99.9094	39.0940	0.8230	0.8180	5.0000	-9999.0000	-9999.0000	-9999.0000	-9999.0000	-9999.0000	-9999.0000	18.9126	1	0	29.9927	1.0000	13	3	-9999.0000	13820	42956	-9999	632	626	-9999	559.3104	5	0.6832	0.6951	-0.0007	104.2068	1.0511	744.3150	284.8397	34.1898	689.3601	97.9861	742.7832	96.9907	752.5873	97.1065	759.7131	97.1528	
17/08/2017	00:42:44	019001	H421068213HLR	L421	S		687.6164	1.0311	0.0000	99.9756	39.6334	0.8230	0.8251	5.0000	17.1719	815.0617	96.9676	17.8625	25.2000	0.9300	0.9370	0.6950	-0.0007	815.0000	814.4279	1.0285	-1.5843	99.9420	39.0864	0.8230	0.8181	5.0000	-9999.0000	-9999.0000	-9999.0000	-9999.0000	-9999.0000	-9999.0000	18.9124	2	0	28.6841	1.0000	13	3	-9999.0000	13821	42957	-9999	633	627	-9999	556.9184	5	0.6835	0.6950	-0.0007	92.7647	1.6725	725.5815	286.4802	35.7870	671.7510	97.9630	724.1852	97.1759	733.5030	97.1065	739.2584	97.1296	
17/08/2017	00:43:14	019001	H421068208HLR	L421	S		685.2562	1.0311	0.0000	100.0386	39.6043	0.8230	0.8243	5.0000	19.1726	815.0836	96.9213	19.4330	25.2000	0.9300	0.9370	0.6949	-0.0007	815.0000	814.7511	1.0285	-1.5861	100.0145	39.0929	0.8230	0.8182	5.0000	-9999.0000	-9999.0000	-9999.0000	-9999.0000	-9999.0000	-9999.0000	18.8216	3	0	29.9033	1.0000	13	3	-9999.0000	13822	42958	-9999	634	628	-9999	556.0488	5	0.6833	0.6949	-0.0007	98.0832	1.3651	720.1218	288.6248	33.2407	666.9232	98.1019	719.1315	96.9444	726.2027	97.1296	730.9668	97.1528	
17/08/2017	00:43:41	019001	H421068223HLR	L421	S		687.9067	1.0311	0.0000	100.0610	39.6414	0.8230	0.8250	5.0000	17.4122	815.0594	96.9444	18.3616	25.2000	0.9300	0.9370	0.6958	-0.0007	815.0000	814.5565	1.0285	-1.5851	99.9777	39.1006	0.8230	0.8182	5.0000	-9999.0000	-9999.0000	-9999.0000	-9999.0000	-9999.0000	-9999.0000	18.9222	4	0	27.4631	1.0000	13	3	-9999.0000	13823	42959	-9999	635	629	-9999	556.5035	5	0.6835	0.6958	-0.0007	90.2731	1.8118	725.1565	285.7672	33.3333	671.4224	98.1713	723.9705	97.3148	732.7323	96.9907	738.5271	97.1296	
17/08/2017	00:44:11	019001	H421070229HLR	L421	S		689.4827	1.0311	0.0000	100.0409	39.6493	0.8230	0.8250	5.0000	17.3421	815.0703	96.9444	18.4622	25.2000	0.9300	0.9370	0.6949	-0.0007	815.0000	813.7894	1.0285	-1.5807	100.0016	39.1023	0.8230	0.8182	5.0000	-9999.0000	-9999.0000	-9999.0000	-9999.0000	-9999.0000	-9999.0000	18.7219	5	0	29.5241	1.0000	05	2	-9999.0000	13824	42960	-9999	636	630	-9999	556.4379	5	0.6837	0.6949	-0.0007	90.2345	1.8148	722.6636	289.9528	34.5370	672.3630	97.9167	721.5576	96.9444	730.5879	97.1065	736.8382	97.1759	
17/08/2017	00:44:41	019001	H421070150HLR	L421	S		693.9676	1.0311	0.0000	99.9874	39.6287	0.8230	0.8248	5.0000	17.4718	815.0612	96.9444	16.6222	25.2000	0.9300	0.9369	0.6946	-0.0006	815.0000	814.8647	1.0285	-1.5868	100.0312	39.0996	0.8230	0.8182	5.0000	-9999.0000	-9999.0000	-9999.0000	-9999.0000	-9999.0000	-9999.0000	18.7123	6	0	30.3836	1.0000	05	2	-9999.0000	13825	42961	-9999	637	631	-9999	557.5756	5	0.6836	0.6946	-0.0006	83.2307	2.2763	733.2783	301.9715	35.5787	683.5426	97.6852	732.3342	96.8287	739.7099	97.0833	745.9547	97.1759	
17/08/2017	00:45:12	019001	H421070152HLR	L421	S		692.5701	1.0311	0.0000	100.0206	39.6119	0.8230	0.8251	5.0000	17.1114	815.0713	96.9444	18.4124	25.2000	0.9300	0.9369	0.6946	-0.0006	815.0000	814.4367	1.0285	-1.5844	100.0141	39.0990	0.8230	0.8181	5.0000	-9999.0000	-9999.0000	-9999.0000	-9999.0000	-9999.0000	-9999.0000	18.8726	7	0	30.9941	1.0000	05	2	-9999.0000	13826	42962	-9999	638	631	-9999	556.7514	5	0.6836	0.6946	-0.0006	81.0263	2.4292	725.5361	292.4515	34.5833	677.3620	97.8935	724.4841	96.8750	732.5858	97.1296	739.5913	97.1296	
17/08/2017	00:45:44	019001	H421070246HLR	L421	S		696.6727	1.0311	0.0000	100.0240	39.6319	0.8230	0.8250	5.0000	17.3517	815.0866	96.9676	15.3915	25.2000	0.9300	0.9370	0.6946	-0.0006	815.0000	815.3658	1.0285	-1.5896	99.9803	39.0945	0.8230	0.8182	5.0000	-9999.0000	-9999.0000	-9999.0000	-9999.0000	-9999.0000	-9999.0000	18.7823	8	0	31.3338	1.0000	05	2	-9999.0000	13827	42963	-9999	639	632	-9999	558.3142	5	0.6836	0.6946	-0.0006	81.0263	2.4292	738.4304	308.1576	34.6759	689.3378	97.9630	737.2728	97.1991	744.2525	97.1296	750.3448	97.0602	
17/08/2017	00:46:13	019001	H421070149HLR	L421	S		688.6464	1.0311	0.0000	100.0374	39.6382	0.8230	0.8250	5.0000	17.4522	815.0639	96.9676	18.0325	25.2000	0.9300	0.9370	0.6942	-0.0006	815.0000	813.6927	1.0285	-1.5802	100.0186	39.0885	0.8230	0.8181	5.0000	-9999.0000	-9999.0000	-9999.0000	-9999.0000	-9999.0000	-9999.0000	18.9926	1	0	29.5135	1.0000	05	2	-9999.0000	13828	42964	-9999	640	633	-9999	557.0362	5	0.6838	0.6942	-0.0006	78.8395	2.5715	726.3514	308.4308	36.4352	678.2459	97.5926	725.1022	97.0370	734.2053	97.1296	740.3634	97.1296	
17/08/2017	00:46:42	019001	H421070247HLR	L421	S		686.9885	1.0311	0.0000	99.9456	39.6176	0.8230	0.8249	5.0000	17.6515	815.0932	96.9444	18.2815	25.2000	0.9300	0.9371	0.6937	-0.0006	815.0000	813.6490	1.0285	-1.5800	99.9679	39.0911	0.8230	0.8181	5.0000	-9999.0000	-9999.0000	-9999.0000	-9999.0000	-9999.0000	-9999.0000	18.9125	2	0	28.9733	1.0000	05	2	-9999.0000	13829	42965	-9999	641	634	-9999	556.9196	5	0.6839	0.6937	-0.0006	80.6394	2.4532	725.3419	302.7807	36.8981	678.7965	97.5463	724.1175	96.9444	732.5831	97.1065	739.0402	97.1296	
17/08/2017	00:47:13	019001	H421070248HLR	L421	S		691.4182	1.0311	0.0000	99.9912	39.6296	0.8230	0.8246	5.0000	18.1418	815.1141	96.9444	19.5717	25.2000	0.9300	0.9370	0.6932	-0.0005	815.0000	815.4506	1.0285	-1.5901	99.9237	39.0985	0.8230	0.8182	5.0000	-9999.0000	-9999.0000	-9999.0000	-9999.0000	-9999.0000	-9999.0000	18.8225	3	0	30.5338	1.0000	05	2	-9999.0000	13830	42965	-9999	642	635	-9999	556.5271	5	0.6839	0.6932	-0.0005	82.2571	2.3812	723.9408	301.4839	36.3889	674.9234	97.6852	722.7403	96.8750	730.6533	97.1065	736.5620	97.1759	
17/08/2017	00:47:44	019001	H421070240HLR	L421	S		689.5510	1.0311	0.0000	100.0126	39.6258	0.8230	0.8243	5.0000	18.7922	815.0592	96.8750	19.1830	25.2000	0.9300	0.9370	0.6934	-0.0005	815.0000	816.6750	1.0285	-1.5969	100.0114	39.1024	0.8230	0.8182	5.0000	-9999.0000	-9999.0000	-9999.0000	-9999.0000	-9999.0000	-9999.0000	18.8117	4	0	31.2040	1.0000	05	2	-9999.0000	13831	42966	-9999	643	636	-9999	556.6357	5	0.6839	0.6934	-0.0005	82.9899	2.3462	726.1360	282.7735	33.6574	670.7545	98.1250	724.9439	96.8750	733.3164	97.1065	739.9267	97.1528	
17/08/2017	00:48:16	019001	H421070238HLR	L421	S		688.2176	1.0311	0.0000	99.9793	39.6398	0.8230	0.8251	5.0000	17.2726	815.1208	96.9907	18.0227	25.2000	0.9300	0.9370	0.6932	-0.0005	815.0000	814.9640	1.0285	-1.5873	99.9653	39.0973	0.8230	0.8181	5.0000	-9999.0000	-9999.0000	-9999.0000	-9999.0000	-9999.0000	-9999.0000	18.8323	5	0	32.6836	1.0000	05	2	-9999.0000	13832	42967	-9999	644	637	-9999	557.3313	5	0.6841	0.6932	-0.0005	80.5311	2.4959	728.4635	283.9409	35.6250	672.2507	97.8009	727.2550	97.2917	736.6842	97.0139	742.4654	97.1528	
17/08/2017	00:48:47	019001	H421070243HLR	L421	S		690.3662	1.0311	0.0000	99.9251	39.6377	0.8230	0.8246	5.0000	18.0118	815.0707	96.9213	16.8321	25.2000	0.9300	0.9370	0.6930	-0.0005	815.0000	811.2425	1.0285	-1.5665	99.9611	39.0907	0.8230	0.8182	5.0000	-9999.0000	-9999.0000	-9999.0000	-9999.0000	-9999.0000	-9999.0000	18.8324	6	0	30.5244	1.0000	05	2	-9999.0000	13833	42968	-9999	645	638	-9999	557.9271	5	0.6837	0.6930	-0.0005	88.5525	1.9932	733.9239	284.7431	33.5417	683.7135	98.0556	732.7264	97.2222	741.6424	97.1065	746.5057	97.1065	
17/08/2017	00:49:19	019001	H421070239HLR	L421	S		690.4501	1.0311	0.0000	100.0809	39.6088	0.8230	0.8245	5.0000	18.5128	815.0962	96.8981	19.0424	25.2000	0.9300	0.9369	0.6944	-0.0006	815.0000	815.0911	1.0285	-1.5881	99.9207	39.0830	0.8230	0.8181	5.0000	-9999.0000	-9999.0000	-9999.0000	-9999.0000	-9999.0000	-9999.0000	18.8217	7	0	31.6631	1.0000	05	2	-9999.0000	13834	42969	-9999	646	639	-9999	556.9395	5	0.6835	0.6944	-0.0006	86.4380	2.1006	725.1951	285.7589	35.1389	673.5916	97.8009	723.9612	97.2685	732.4897	97.0602	738.9869	97.1296	
17/08/2017	00:49:49	019001	H421070233HLR	L421	Q		688.0716	1.0311	0.0000	100.0581	39.6323	0.8230	0.8252	5.0000	17.2117	815.0894	96.8981	19.1019	25.2000	0.9300	0.9370	0.6931	-0.0005	815.0000	815.6875	1.0285	-1.5914	99.9186	39.0768	0.8230	0.8182	5.0000	-9999.0000	-9999.0000	-9999.0000	-9999.0000	-9999.0000	-9999.0000	18.8426	8	0	30.7743	1.0000	05	2	-9999.0000	13835	42970	-9999	647	640	-9999	556.7514	5	0.6837	0.6931	-0.0005	91.6571	1.8077	722.8929	290.2093	36.0880	673.4869	97.5463	721.6172	97.2917	730.5021	96.9907	735.7248	97.1065	
17/08/2017	00:50:21	019001	H421070234HLR	L421	Q		690.5159	1.0311	0.0000	99.9607	39.6459	0.8230	0.8251	5.0000	17.0624	815.0875	96.8981	21.1823	25.2000	0.9300	0.9369	0.6947	-0.0006	815.0000	816.4595	1.0285	-1.5957	99.9842	39.0901	0.8230	0.8181	5.0000	-9999.0000	-9999.0000	-9999.0000	-9999.0000	-9999.0000	-9999.0000	18.8617	1	0	31.2040	1.0000	05	2	-9999.0000	13836	42971	-9999	648	641	-9999	556.0164	5	0.6841	0.6947	-0.0006	91.4602	1.7994	724.0159	289.9196	33.6806	676.7490	97.8009	723.0846	96.7361	730.4799	97.0833	736.9056	97.1528	
17/08/2017	00:50:52	019001	H421070236HLR	L421	S		688.1268	1.0311	0.0000	100.0642	39.6319	0.8230	0.8249	5.0000	17.2218	815.0994	96.9213	18.3919	25.2000	0.9300	0.9370	0.6946	-0.0006	815.0000	815.3777	1.0285	-1.5897	99.9859	39.0886	0.8230	0.8182	5.0000	-9999.0000	-9999.0000	-9999.0000	-9999.0000	-9999.0000	-9999.0000	18.6723	2	0	31.2236	1.0000	05	2	-9999.0000	13837	42972	-9999	649	642	-9999	557.2377	5	0.6840	0.6946	-0.0006	92.9510	1.7111	725.3382	284.2224	35.9722	674.6968	97.4769	723.7720	96.6898	732.7577	97.0833	739.3083	97.1528	
17/08/2017	00:51:23	019001	H421070232HLR	L421	S		689.1326	1.0311	0.0000	99.9768	39.6065	0.8230	0.8248	5.0000	17.6213	815.0996	96.8981	20.1626	25.2000	0.9300	0.9370	0.7203	-0.0020	815.0000	816.3924	1.0285	-1.5954	100.0358	39.0859	0.8230	0.8182	5.0000	-9999.0000	-9999.0000	-9999.0000	-9999.0000	-9999.0000	-9999.0000	18.8020	3	0	30.9830	1.0000	05	2	-9999.0000	13838	42973	-9999	650	643	-9999	556.3468	5	0.6839	0.7203	-0.0020	91.4354	1.8107	720.6860	304.8929	35.3241	676.9484	97.7315	719.5890	97.1991	728.3587	97.0602	733.7657	97.1296	
17/08/2017	00:51:53	019001	H421070228HLR	L421	S		685.0597	1.0311	0.0000	100.0532	39.6069	0.8230	0.8252	5.0000	17.0920	815.1143	96.9444	18.7328	25.2000	0.9300	0.9370	0.7110	-0.0015	815.0000	814.6864	1.0285	-1.5858	99.9509	39.0449	0.8230	0.8177	5.0000	-9999.0000	-9999.0000	-9999.0000	-9999.0000	-9999.0000	-9999.0000	20.6226	4	0	30.3945	1.0000	05	2	-9999.0000	13839	42974	-9999	650	644	-9999	557.0771	5	0.6836	0.7110	-0.0015	100.4061	1.3190	701.2141	291.9152	35.8565	653.3030	97.6157	699.8639	96.8981	709.8355	97.1065	717.3466	97.1528	
17/08/2017	00:52:23	019001	H421070230HLR	L421	S		690.0323	1.0311	0.0000	99.9469	39.6368	0.8230	0.8246	5.0000	18.1224	815.1025	96.8750	19.7319	25.2000	0.9300	0.9370	0.7100	-0.0014	815.0000	814.2356	1.0285	-1.5833	99.9650	39.1030	0.8230	0.8183	5.0000	-9999.0000	-9999.0000	-9999.0000	-9999.0000	-9999.0000	-9999.0000	18.7416	5	0	29.8129	1.0000	05	2	-9999.0000	13840	42975	-9999	651	645	-9999	556.0753	5	0.6835	0.7100	-0.0014	130.6600	-0.2369	706.9138	296.6446	36.2037	660.5221	97.5926	705.4914	97.0139	714.7783	97.1296	721.7563	97.1296	
17/08/2017	00:53:00	019001	H421070224HLR	L421	S		689.3171	1.0311	0.0000	100.0155	39.6302	0.8230	0.8251	5.0000	17.1026	815.1164	96.8981	19.1527	25.2000	0.9300	0.9370	0.7025	-0.0010	815.0000	815.6818	1.0285	-1.5914	100.0474	39.0953	0.8230	0.8181	5.0000	-9999.0000	-9999.0000	-9999.0000	-9999.0000	-9999.0000	-9999.0000	18.7628	6	0	30.4842	1.0000	05	2	-9999.0000	13841	42976	-9999	652	646	-9999	556.7090	5	0.6832	0.7025	-0.0010	131.3955	-0.2577	708.8569	290.1805	34.3056	660.1213	97.8704	707.3201	96.7824	716.7008	97.1065	723.5036	97.1296	
17/08/2017	00:53:25	019001	H421070223HLR	L421	S		690.7011	1.0311	0.0000	100.0537	39.6319	0.8230	0.8250	5.0000	17.3127	815.0757	96.8981	19.4623	25.2000	0.9300	0.9370	0.7015	-0.0010	815.0000	814.8420	1.0285	-1.5867	100.0258	39.0861	0.8230	0.8182	5.0000	-9999.0000	-9999.0000	-9999.0000	-9999.0000	-9999.0000	-9999.0000	18.9125	7	0	31.9239	1.0000	05	2	-9999.0000	13842	42976	-9999	653	647	-9999	556.3373	5	0.6831	0.7015	-0.0010	134.4072	-0.3980	716.0468	284.3873	36.4120	667.7216	97.6389	714.7615	97.1296	722.8165	97.1296	728.8699	97.1065	
17/08/2017	00:53:56	019001	H421070225HLR	L421	S		686.8487	1.0311	0.0000	99.9303	39.6132	0.8230	0.8246	5.0000	18.0128	815.1161	96.9213	18.2727	25.1000	0.9300	0.9369	0.7008	-0.0009	815.0000	815.5046	1.0285	-1.5904	100.0055	39.0947	0.8230	0.8182	5.0000	-9999.0000	-9999.0000	-9999.0000	-9999.0000	-9999.0000	-9999.0000	18.7425	8	0	30.5534	1.0000	05	2	-9999.0000	13843	42977	-9999	654	648	-9999	557.3133	5	0.6831	0.7008	-0.0009	135.0750	-0.4323	719.2515	287.6137	33.6574	668.0157	97.9398	718.0933	96.7593	726.5814	97.0602	734.2663	97.1528	
17/08/2017	00:54:27	019001	H421070221HLR	L421	S		684.6924	1.0311	0.0000	100.0822	39.6102	0.8230	0.8252	5.0000	17.0713	815.0815	96.9444	18.3421	25.1000	0.9300	0.9369	0.7010	-0.0009	815.0000	814.2040	1.0285	-1.5831	99.8875	39.0857	0.8230	0.8181	5.0000	-9999.0000	-9999.0000	-9999.0000	-9999.0000	-9999.0000	-9999.0000	18.8325	1	0	31.0340	1.0000	05	2	-9999.0000	13844	42978	-9999	655	649	-9999	557.2548	5	0.6832	0.7010	-0.0009	135.5087	-0.4614	719.3436	295.6742	34.7917	671.1017	97.7778	717.8721	96.8287	727.1051	97.0833	734.0916	97.1528	
17/08/2017	00:54:57	019001	H421070217HLR	L421	S		685.5749	1.0311	0.0000	99.9816	39.6286	0.8230	0.8250	5.0000	17.4922	815.0765	96.9444	18.3919	25.1000	0.9300	0.9370	0.7099	-0.0014	815.0000	814.5262	1.0285	-1.5849	100.0049	39.0806	0.8230	0.8182	5.0000	-9999.0000	-9999.0000	-9999.0000	-9999.0000	-9999.0000	-9999.0000	18.7220	2	0	30.3630	1.0000	05	2	-9999.0000	13845	42979	-9999	656	650	-9999	557.2467	5	0.6831	0.7099	-0.0014	116.4184	0.4928	717.8708	306.1635	34.8148	670.1521	97.8704	716.6176	96.8519	725.7552	97.0602	732.8566	97.1528	
17/08/2017	00:55:27	019001	H421070215HLR	L421	S		689.8930	1.0311	0.0000	99.9875	39.6271	0.8230	0.8251	5.0000	17.1525	815.0670	96.9213	20.4419	25.1000	0.9300	0.9370	0.7001	-0.0009	815.0000	817.0473	1.0285	-1.5990	100.0096	39.0868	0.8230	0.8182	5.0000	-9999.0000	-9999.0000	-9999.0000	-9999.0000	-9999.0000	-9999.0000	18.7730	3	0	29.7243	1.0000	05	2	-9999.0000	13846	42980	-9999	657	651	-9999	555.3800	5	0.6827	0.7001	-0.0009	143.6272	-0.8820	708.6487	284.3340	34.4907	656.7711	97.9861	707.6120	96.8750	715.7677	97.1296	722.7839	97.1759	
17/08/2017	00:55:57	019001	H421070216HLR	L421	S		690.3193	1.0311	0.0000	100.0104	39.6303	0.8230	0.8248	5.0000	17.7120	815.0928	96.9444	18.4427	25.1000	0.9300	0.9370	0.7018	-0.0010	815.0000	815.6790	1.0285	-1.5914	99.9749	39.0854	0.8230	0.8182	5.0000	-9999.0000	-9999.0000	-9999.0000	-9999.0000	-9999.0000	-9999.0000	18.7815	4	0	29.6337	1.0000	05	2	-9999.0000	13847	42981	-9999	658	652	-9999	557.1761	5	0.6828	0.7018	-0.0010	150.0545	-1.1923	721.4295	284.0055	34.8148	668.9925	97.9167	720.1631	96.8519	728.5195	97.0833	734.5335	97.1528	
17/08/2017	00:56:22	019001	H421070211HLR	L421	S		686.4969	1.0311	0.0000	99.9736	39.6240	0.8230	0.8251	5.0000	17.1221	815.0615	96.8981	19.5327	25.1000	0.9300	0.9370	0.7030	-0.0010	815.0000	816.3929	1.0285	-1.5954	99.9748	39.0841	0.8230	0.8184	5.0000	-9999.0000	-9999.0000	-9999.0000	-9999.0000	-9999.0000	-9999.0000	18.8118	5	0	24.9823	1.0000	05	2	-9999.0000	13848	42982	-9999	659	653	-9999	556.3815	5	0.6830	0.7030	-0.0010	151.7913	-1.2804	716.9267	286.2271	33.2870	665.3480	98.1019	715.5146	96.9213	724.4805	97.1296	731.2959	97.1528	
17/08/2017	00:56:53	019001	H421071846HLR	L421	S		692.7735	1.0311	0.0000	100.0773	39.6087	0.8230	0.8245	5.0000	18.2716	815.0622	96.9213	18.2522	25.1000	0.9300	0.9370	0.7094	-0.0014	815.0000	815.9282	1.0285	-1.5928	100.0713	39.0863	0.8230	0.8182	5.0000	-9999.0000	-9999.0000	-9999.0000	-9999.0000	-9999.0000	-9999.0000	18.8127	6	0	30.9939	1.0000	05	2	-9999.0000	13849	42983	-9999	660	654	-9999	557.5153	5	0.6829	0.7094	-0.0014	153.9922	-1.3948	720.5128	282.3707	33.7269	669.1053	98.1713	719.2013	97.0602	728.2055	97.1296	734.2193	97.1065	
17/08/2017	00:57:21	019001	H421071845HLR	L421	S		686.8655	1.0311	0.0000	99.9369	39.6208	0.8230	0.8246	5.0000	18.3226	815.0992	96.9444	18.2424	25.1000	0.9300	0.9370	0.7091	-0.0014	815.0000	815.2795	1.0285	-1.5891	99.9368	39.0834	0.8230	0.8183	5.0000	-9999.0000	-9999.0000	-9999.0000	-9999.0000	-9999.0000	-9999.0000	18.7923	7	0	28.5738	1.0000	05	2	-9999.0000	13850	42984	-9999	661	655	-9999	557.7018	5	0.6828	0.7091	-0.0014	150.7918	-1.2350	711.2789	284.5397	32.8935	657.7415	98.1713	709.9607	96.9676	719.0727	97.1296	725.9300	97.1528	
17/08/2017	00:57:49	019001	H421071844HLR	L421	S		687.2673	1.0311	0.0000	99.9596	39.6350	0.8230	0.8249	5.0000	17.6515	815.0708	96.9444	17.4719	25.1000	0.9300	0.9370	0.7137	-0.0016	815.0000	815.4135	1.0285	-1.5899	99.9594	39.1009	0.8230	0.8181	5.0000	-9999.0000	-9999.0000	-9999.0000	-9999.0000	-9999.0000	-9999.0000	18.8030	8	0	27.8736	1.0000	05	2	-9999.0000	13851	42985	-9999	662	656	-9999	558.5178	5	0.6828	0.7137	-0.0016	151.5787	-1.2689	715.1285	275.1208	33.1481	661.3624	98.1250	713.6275	97.1759	723.9404	97.1296	731.5553	97.1065	
17/08/2017	00:58:49	019001	H421070206HLR	L421	S		687.2175	1.0311	0.0000	99.9928	39.6563	0.8230	0.8252	5.0000	17.1719	815.1271	96.9213	18.9115	25.1000	0.9300	0.9372	0.7152	-0.0017	815.0000	815.7469	1.0285	-1.5917	100.0328	38.9479	0.8230	0.8178	5.0000	-9999.0000	-9999.0000	-9999.0000	-9999.0000	-9999.0000	-9999.0000	18.6817	2	0	30.7332	1.0000	05	2	-9999.0000	13853	42986	-9999	664	657	-9999	556.7274	5	0.6829	0.7152	-0.0017	133.3037	-0.3182	710.7670	276.8993	34.3519	658.5531	98.2870	709.3707	97.0602	718.6754	97.1065	725.3745	97.1296	
17/08/2017	00:59:19	019001	H421071840HLR	L421	S		687.5720	1.0311	0.0000	99.9908	39.6267	0.8230	0.8251	5.0000	17.2618	815.1147	96.9444	17.0822	25.1000	0.9300	0.9371	0.7144	-0.0017	815.0000	815.9746	1.0285	-1.5930	99.9073	39.0100	0.8230	0.8186	5.0000	-9999.0000	-9999.0000	-9999.0000	-9999.0000	-9999.0000	-9999.0000	18.5620	3	0	29.9039	1.0000	05	2	-9999.0000	13854	42986	-9999	665	658	-9999	559.1998	5	0.6832	0.7144	-0.0017	134.6359	-0.3686	712.3933	295.3118	35.9028	661.1237	97.7778	711.1343	96.9907	720.9581	97.1065	728.2046	97.1296	
17/08/2017	00:59:48	019001	H421071837HLR	L421	S		692.9405	1.0311	0.0000	99.9323	39.6233	0.8230	0.8247	5.0000	17.6516	815.1233	96.9444	15.7724	25.1000	0.9300	0.9370	0.7144	-0.0017	815.0000	818.6312	1.0285	-1.6079	99.9652	39.0985	0.8230	0.8184	5.0000	-9999.0000	-9999.0000	-9999.0000	-9999.0000	-9999.0000	-9999.0000	18.5631	4	0	29.3533	1.0000	05	2	-9999.0000	13855	42987	-9999	666	659	-9999	560.8830	5	0.6832	0.7144	-0.0017	134.6359	-0.3686	720.0693	289.7236	34.6759	670.4769	97.8241	718.7866	96.8287	727.8939	97.0833	736.5404	97.1528	
17/08/2017	01:00:17	019001	H421071836HLR	L421	S		689.2326	1.0311	0.0000	100.0407	39.5943	0.8230	0.8250	5.0000	17.2519	815.1102	96.9444	17.3224	25.1000	0.9300	0.9371	0.7156	-0.0018	815.0000	816.6545	1.0285	-1.5968	99.9930	39.0757	0.8230	0.8182	5.0000	-9999.0000	-9999.0000	-9999.0000	-9999.0000	-9999.0000	-9999.0000	18.7026	5	0	29.4636	1.0000	05	2	-9999.0000	13856	42988	-9999	667	660	-9999	558.7381	5	0.6831	0.7156	-0.0018	130.8023	-0.1247	714.2355	299.5457	37.6389	664.8459	97.5463	712.9484	96.9907	723.0483	97.1528	730.4473	97.1296	
17/08/2017	01:00:47	019001	H421071835HLR	L421	S		689.9186	1.0311	0.0000	100.0509	39.6113	0.8230	0.8251	5.0000	17.3018	815.0975	96.8981	18.5921	25.1000	0.9300	0.9371	0.7149	-0.0017	815.0000	815.9378	1.0285	-1.5928	99.9195	39.0630	0.8230	0.8182	5.0000	-9999.0000	-9999.0000	-9999.0000	-9999.0000	-9999.0000	-9999.0000	18.7620	6	0	29.9135	1.0000	05	2	-9999.0000	13857	42989	-9999	668	661	-9999	556.8361	5	0.6833	0.7149	-0.0017	129.6890	-0.0737	706.9341	290.4651	35.5787	660.5988	97.8241	705.6058	96.9444	714.9689	97.1528	721.8979	97.1759	
17/08/2017	01:01:16	019001	H421071833HLR	L421	S		688.7806	1.0311	0.0000	100.0272	39.6303	0.8230	0.8251	5.0000	17.2119	815.0847	96.9444	18.3821	25.1000	0.9300	0.9371	0.7142	-0.0017	815.0000	815.0977	1.0285	-1.5881	100.0005	39.0673	0.8230	0.8182	5.0000	-9999.0000	-9999.0000	-9999.0000	-9999.0000	-9999.0000	-9999.0000	18.8917	7	0	28.6833	1.0000	05	2	-9999.0000	13858	42990	-9999	669	662	-9999	557.1891	5	0.6834	0.7142	-0.0017	120.8527	0.3867	710.2994	304.1829	34.9306	663.9642	97.9398	709.0888	97.1991	717.3578	97.1296	723.6983	97.1065	
17/08/2017	01:01:47	019001	H421071815HLR	L421	S		693.8406	1.0311	0.0000	100.0663	39.6319	0.8230	0.8250	5.0000	17.3018	815.0851	96.9213	17.3224	25.1000	0.9300	0.9371	0.7132	-0.0016	815.0000	815.7808	1.0285	-1.5919	100.0238	39.0696	0.8230	0.8182	5.0000	-9999.0000	-9999.0000	-9999.0000	-9999.0000	-9999.0000	-9999.0000	18.8127	8	0	30.5740	1.0000	05	2	-9999.0000	13859	42991	-9999	670	663	-9999	558.5159	5	0.6834	0.7132	-0.0016	121.4588	0.3285	713.5547	296.8869	35.8796	667.8789	97.7083	712.2849	96.8981	720.8689	97.1065	727.7824	97.1759	
17/08/2017	01:02:16	019001	H421070213HLR	L421	S		688.8331	1.0311	0.0000	100.0001	39.6076	0.8230	0.8248	5.0000	17.8021	815.0752	96.9444	17.9817	25.1000	0.9300	0.9370	0.7112	-0.0015	815.0000	815.3584	1.0285	-1.5896	99.9502	39.0732	0.8230	0.8183	5.0000	-9999.0000	-9999.0000	-9999.0000	-9999.0000	-9999.0000	-9999.0000	18.7219	1	0	29.0534	1.0000	05	2	-9999.0000	13860	42992	-9999	671	664	-9999	557.5246	5	0.6836	0.7112	-0.0015	118.4330	0.4948	711.3211	310.3064	37.0370	663.7829	97.6157	710.0525	97.1528	718.8662	97.1296	726.3640	97.1296	
17/08/2017	01:02:46	019001	H421071806HLR	L421	S		694.6553	1.0311	0.0000	100.0369	39.6100	0.8230	0.8251	5.0000	17.2520	815.0802	96.9676	17.8127	25.1000	0.9300	0.9370	0.7045	-0.0012	815.0000	816.1949	1.0285	-1.5942	100.0048	39.0702	0.8230	0.8182	5.0000	-9999.0000	-9999.0000	-9999.0000	-9999.0000	-9999.0000	-9999.0000	18.8337	2	0	29.9040	1.0000	05	2	-9999.0000	13861	42993	-9999	672	665	-9999	557.6679	5	0.6837	0.7045	-0.0012	117.3870	0.5599	715.2433	298.0632	36.4120	668.1267	97.6157	714.0024	96.9907	722.3385	97.1065	729.2729	97.1065	
17/08/2017	01:03:14	019001	H421071805HLR	L421	S		692.1508	1.0311	0.0000	100.0025	39.6302	0.8230	0.8250	5.0000	17.3616	815.0841	96.9676	17.2013	25.1000	0.9300	0.9370	0.7019	-0.0010	815.0000	816.3159	1.0285	-1.5949	99.9318	39.0706	0.8230	0.8182	5.0000	-9999.0000	-9999.0000	-9999.0000	-9999.0000	-9999.0000	-9999.0000	18.7718	3	0	28.1029	1.0000	05	2	-9999.0000	13862	42994	-9999	673	666	-9999	558.0956	5	0.6840	0.7019	-0.0010	121.5506	0.2864	721.3160	302.4650	36.2037	673.5822	97.7083	720.0540	97.2222	730.0148	97.0833	736.3055	97.1065	
17/08/2017	01:03:42	019001	H421071842HLR	L421	S		690.2095	1.0311	0.0000	99.9879	39.6318	0.8230	0.8249	5.0000	17.5724	815.0584	96.9213	18.4730	25.1000	0.9300	0.9370	0.7015	-0.0010	815.0000	816.7685	1.0285	-1.5975	99.9372	39.0731	0.8230	0.8181	5.0000	-9999.0000	-9999.0000	-9999.0000	-9999.0000	-9999.0000	-9999.0000	18.9331	4	0	27.9330	1.0000	05	2	-9999.0000	13863	42995	-9999	674	667	-9999	556.9830	5	0.6840	0.7015	-0.0010	119.4187	0.4294	721.1678	304.4500	36.8287	672.4265	97.5231	719.6706	96.8287	729.0964	97.1065	736.6516	97.1528	
17/08/2017	01:04:12	019001	H421071841HLR	L421	S		695.9735	1.0311	0.0000	99.9763	39.6284	0.8230	0.8251	5.0000	17.1720	815.0461	96.9444	17.6418	25.1000	0.9300	0.9370	0.7024	-0.0010	815.0000	815.7508	1.0285	-1.5918	99.9508	39.0739	0.8230	0.8182	5.0000	-9999.0000	-9999.0000	-9999.0000	-9999.0000	-9999.0000	-9999.0000	19.0023	5	0	29.9938	1.0000	05	2	-9999.0000	13864	42996	-9999	675	668	-9999	557.6649	5	0.6840	0.7024	-0.0010	120.4332	0.3331	723.7583	289.1593	33.1713	625.2207	98.0556	722.8295	96.8287	731.4585	97.1065	737.6869	97.1528	
17/08/2017	01:04:41	019001	H421071827HLR	L421	S		694.3523	1.0311	0.0000	99.9988	39.6302	0.8230	0.8250	5.0000	17.3722	815.0844	96.9907	17.7717	25.1000	0.9300	0.9369	0.7003	-0.0009	815.0000	815.4320	1.0285	-1.5900	99.8995	39.0855	0.8230	0.8182	5.0000	-9999.0000	-9999.0000	-9999.0000	-9999.0000	-9999.0000	-9999.0000	19.0521	6	0	29.7938	1.0000	05	2	-9999.0000	13865	42997	-9999	676	669	-9999	557.4798	5	0.6838	0.7003	-0.0009	116.5226	0.5249	721.7524	286.1010	35.6944	668.4732	97.7083	720.5081	96.8519	729.2935	97.0833	737.1725	97.1528	
17/08/2017	01:05:10	019001	H421071820HLR	L421	S		694.4157	1.0311	0.0000	99.9613	39.6067	0.8230	0.8251	5.0000	17.0821	815.0755	96.8981	16.6221	25.1000	0.9300	0.9370	0.7003	-0.0009	815.0000	815.4074	1.0285	-1.5898	100.0506	39.0931	0.8230	0.8181	5.0000	-9999.0000	-9999.0000	-9999.0000	-9999.0000	-9999.0000	-9999.0000	19.0325	7	0	29.0131	1.0000	05	2	-9999.0000	13866	42998	-9999	677	670	-9999	558.2228	5	0.6838	0.7003	-0.0009	116.5226	0.5249	727.7692	282.6489	33.4722	671.0398	98.2176	726.4098	97.1528	735.5354	97.1065	742.2144	97.1296	
17/08/2017	01:05:41	019001	H421071800HLR	L421	S		691.4126	1.0311	0.0000	100.0339	39.6253	0.8230	0.8248	5.0000	17.7921	815.0620	96.9213	15.7812	25.2000	0.9300	0.9370	0.7023	-0.0010	815.0000	815.2611	1.0285	-1.5890	100.0360	39.0871	0.8230	0.8181	5.0000	-9999.0000	-9999.0000	-9999.0000	-9999.0000	-9999.0000	-9999.0000	18.9019	8	0	30.8143	1.0000	05	2	-9999.0000	13867	42999	-9999	678	671	-9999	558.9635	5	0.6838	0.7023	-0.0010	123.1176	0.1662	728.9757	284.3953	32.8935	673.6776	98.1250	727.6071	96.9907	737.0365	97.1296	744.5202	97.1065	
17/08/2017	01:06:12	019001	H421071819HLR	L421	S		691.0710	1.0311	0.0000	100.0537	39.6145	0.8230	0.8251	5.0000	17.3928	815.1108	96.9676	18.4925	25.1000	0.9300	0.9371	0.7052	-0.0012	815.0000	815.9257	1.0285	-1.5927	100.0524	39.0913	0.8230	0.8182	5.0000	-9999.0000	-9999.0000	-9999.0000	-9999.0000	-9999.0000	-9999.0000	18.8725	1	0	30.5838	1.0000	05	2	-9999.0000	13868	43000	-9999	679	672	-9999	556.6841	5	0.6835	0.7052	-0.0012	78.0036	2.5803	719.9601	283.1811	34.0972	666.0119	98.0324	718.6455	96.8287	727.0916	97.1065	734.0059	97.1528	
17/08/2017	01:06:42	019001	H421071818HLR	L421	S		691.3939	1.0311	0.0000	100.0311	39.6260	0.8230	0.8251	5.0000	17.3020	815.0830	96.9213	17.6926	25.1000	0.9300	0.9370	0.7021	-0.0010	815.0000	815.6117	1.0285	-1.5910	99.9583	39.0935	0.8230	0.8182	5.0000	-9999.0000	-9999.0000	-9999.0000	-9999.0000	-9999.0000	-9999.0000	18.8226	2	0	30.1639	1.0000	05	2	-9999.0000	13869	43001	-9999	680	673	-9999	557.3220	5	0.6835	0.7021	-0.0010	70.9720	2.9571	717.8831	286.7354	32.7083	665.0029	97.7778	716.6218	97.0139	725.4036	97.1296	732.7401	97.1528	
17/08/2017	01:07:10	019001	H421071767HLR	L421	S		693.2951	1.0311	0.0000	100.0162	39.6366	0.8230	0.8249	5.0000	17.5324	815.1133	96.9676	17.5324	25.1000	0.9300	0.9370	0.7012	-0.0010	815.0000	815.0000	1.0285	-1.5875	99.9693	39.0810	0.8230	0.8183	5.0000	-9999.0000	-9999.0000	-9999.0000	-9999.0000	-9999.0000	-9999.0000	19.0228	3	0	27.8529	1.0000	05	2	-9999.0000	13870	43002	-9999	681	674	-9999	557.4510	5	0.6838	0.7012	-0.0010	102.2237	1.2028	722.7637	301.2484	35.7407	674.2698	97.8009	721.4316	96.8750	730.2298	97.1296	737.1035	97.1528	
17/08/2017	01:07:42	019001	H421071748HLR	L421	S		690.2929	1.0311	0.0000	100.0132	39.6287	0.8230	0.8251	5.0000	17.2716	815.0867	96.9213	18.6917	25.1000	0.9300	0.9370	0.7045	-0.0012	815.0000	814.7313	1.0285	-1.5860	99.9807	39.0845	0.8230	0.8181	5.0000	-9999.0000	-9999.0000	-9999.0000	-9999.0000	-9999.0000	-9999.0000	19.0424	4	0	31.8242	1.0000	05	2	-9999.0000	13871	43003	-9999	682	675	-9999	556.5191	5	0.6837	0.7045	-0.0012	106.4522	0.9513	718.5556	285.0918	34.7685	667.5591	97.9167	717.3933	96.9676	724.4669	97.1065	731.9841	97.1528	
17/08/2017	01:08:07	019001	H421071747HLR	L421	S		694.4268	1.0311	0.0000	100.0233	39.6239	0.8230	0.8250	5.0000	17.3117	815.0653	96.8750	19.1127	25.1000	0.9300	0.9370	0.7045	-0.0012	815.0000	816.1502	1.0285	-1.5940	100.0004	39.0986	0.8230	0.8183	5.0000	-9999.0000	-9999.0000	-9999.0000	-9999.0000	-9999.0000	-9999.0000	18.8820	5	0	25.0030	1.0000	05	2	-9999.0000	13872	43004	-9999	683	676	-9999	555.7479	5	0.6836	0.7045	-0.0012	107.1913	0.9219	715.4243	281.2391	35.3704	663.9818	97.9167	714.1830	97.2222	722.9729	97.1528	729.5746	97.1065	
17/08/2017	01:08:38	019001	H421071797HLR	L421	S		691.5742	1.0311	0.0000	100.0032	39.6334	0.8230	0.8251	5.0000	17.2618	815.0614	96.9213	18.0022	25.2000	0.9300	0.9370	0.7050	-0.0012	815.0000	815.3858	1.0285	-1.5897	99.9497	39.0989	0.8230	0.8180	5.0000	-9999.0000	-9999.0000	-9999.0000	-9999.0000	-9999.0000	-9999.0000	18.9222	6	0	31.5840	1.0000	05	2	-9999.0000	13873	43005	-9999	684	677	-9999	556.7561	5	0.6836	0.7050	-0.0012	110.6494	0.6960	716.1062	286.1728	35.6713	663.5793	97.7546	714.7598	96.8981	724.6461	97.0602	731.9851	97.1296	
17/08/2017	01:09:03	019001	H421071798HLR	L421	S		691.2040	1.0311	0.0000	99.9438	39.6319	0.8230	0.8249	5.0000	17.6321	815.0927	96.9213	16.3624	25.2000	0.9300	0.9371	0.7050	-0.0012	815.0000	815.2716	1.0285	-1.5891	99.9817	39.0814	0.8230	0.8182	5.0000	-9999.0000	-9999.0000	-9999.0000	-9999.0000	-9999.0000	-9999.0000	18.9223	7	0	25.0029	1.0000	05	2	-9999.0000	13874	43006	-9999	685	678	-9999	558.3934	5	0.6836	0.7050	-0.0012	110.6494	0.6960	723.6396	283.2820	33.1713	669.2679	98.2176	722.1506	97.1759	732.9929	97.0833	739.5525	97.1065	
17/08/2017	01:09:32	019001	H421067519HLR	L421	S		689.6391	1.0311	0.0000	99.9906	39.6176	0.8230	0.8251	5.0000	17.1720	815.0687	96.9213	19.6821	25.1000	0.9300	0.9370	0.7059	-0.0013	815.0000	814.3441	1.0285	-1.5839	99.9206	39.1094	0.8230	0.8181	5.0000	-9999.0000	-9999.0000	-9999.0000	-9999.0000	-9999.0000	-9999.0000	18.9428	8	0	28.8337	1.0000	05	1	-9999.0000	13875	43007	-9999	686	679	-9999	555.3366	5	0.6833	0.7059	-0.0013	113.5318	0.5265	714.9075	287.9012	32.7546	663.8232	98.1481	713.6266	96.9907	721.4166	97.1065	728.7276	97.1528	
17/08/2017	01:10:00	019001	H421067506HLR	L421	S		-0.0453	1.0311	-0.0006	100.0031	39.1276	0.8230	0.8256	5.0000	17.0919	0.0000	0.0000	0.0000	0.0000	0.9300	0.0000	0.0000	0.0000	0.0000	0.1995	1.0285	-0.0015	99.8711	38.9162	0.8230	0.8193	5.0000	-9999.0000	-9999.0000	-9999.0000	-9999.0000	-9999.0000	-9999.0000	16.4617	1	18	27.7630	1.0000	05	1	-9999.0000	13876	0	-9999	687	680	-9999	0.0000	0	0.0000	0.0000	0.0000	0.0000	0.0000	0.0000	0.0000	0.0000	0.0000	0.0000	0.0000	0.0000	0.0000	0.0000	0.0000	0.0000	
17/08/2017	01:10:29	019001	H421067515HLR	L421	S		687.2248	1.0311	0.0000	99.9356	39.6521	0.8230	0.8247	5.0000	18.6125	815.0791	96.9213	19.4819	25.1000	0.9300	0.9372	0.7046	-0.0012	815.0000	814.4821	1.0285	-1.5846	99.8670	39.0309	0.8230	0.8179	5.0000	-9999.0000	-9999.0000	-9999.0000	-9999.0000	-9999.0000	-9999.0000	18.8723	2	0	29.2333	1.0000	05	1	-9999.0000	13877	43008	-9999	688	681	-9999	555.3612	5	0.6835	0.7046	-0.0012	123.0743	0.0062	712.0880	283.5830	34.9074	660.7857	98.2870	710.8621	97.5231	719.6919	96.9907	725.0339	97.0833	
17/08/2017	01:11:28	019001	H421067585HLR	L421	S		693.8360	1.0311	0.0000	99.9622	39.6192	0.8230	0.8249	5.0000	17.2618	815.0990	96.9444	16.5821	25.2000	0.9300	0.9374	0.7023	-0.0011	815.0000	818.7446	1.0285	-1.6086	99.9247	38.9597	0.8230	0.8179	5.0000	-9999.0000	-9999.0000	-9999.0000	-9999.0000	-9999.0000	-9999.0000	18.8118	4	0	29.9636	1.0000	05	1	-9999.0000	13879	43009	-9999	690	682	-9999	558.1466	5	0.6834	0.7023	-0.0011	120.3778	0.2190	731.0815	284.0871	35.2315	676.8395	98.0556	729.8100	97.3148	739.4209	97.0602	745.1851	97.0602	
17/08/2017	01:12:00	019001	H421065815HLR	L421	S		693.3129	1.0311	0.0000	99.9872	39.5484	0.8230	0.8251	5.0000	17.3418	815.0946	96.9444	16.2315	25.2000	0.9300	0.9371	0.7023	-0.0011	815.0000	817.9780	1.0285	-1.6043	99.9926	39.0384	0.8230	0.8186	5.0000	-9999.0000	-9999.0000	-9999.0000	-9999.0000	-9999.0000	-9999.0000	18.6128	5	0	32.0136	1.0000	05	1	-9999.0000	13880	43010	-9999	691	683	-9999	558.4455	5	0.6834	0.7023	-0.0011	120.3778	0.2190	730.6377	283.0415	34.5833	681.3229	97.8009	729.1564	97.0602	738.9625	97.0833	746.0936	97.1065	
17/08/2017	01:12:28	019001	H421067561HLR	L421	S		694.1347	1.0311	0.0000	99.8911	39.6074	0.8230	0.8244	5.0000	18.8626	815.0591	96.9213	17.1622	25.2000	0.9300	0.9371	0.7018	-0.0010	815.0000	818.9507	1.0285	-1.6097	100.0278	39.1140	0.8230	0.8184	5.0000	-9999.0000	-9999.0000	-9999.0000	-9999.0000	-9999.0000	-9999.0000	18.8225	6	0	28.1235	1.0000	05	1	-9999.0000	13881	43011	-9999	692	684	-9999	557.6090	5	0.6831	0.7018	-0.0010	120.3822	0.2188	729.6615	296.0550	34.9074	676.2031	97.6389	728.3762	96.6435	737.5612	97.2454	744.5149	97.1296	
17/08/2017	01:12:55	019001	H421067581HLR	L421	S		692.8594	1.0311	0.0000	99.9939	39.6468	0.8230	0.8253	5.0000	17.1720	815.0975	96.9907	17.9026	25.1000	0.9300	0.9371	0.7011	-0.0010	815.0000	814.1222	1.0285	-1.5826	100.0141	39.0865	0.8230	0.8181	5.0000	-9999.0000	-9999.0000	-9999.0000	-9999.0000	-9999.0000	-9999.0000	18.7121	7	0	26.7641	1.0000	05	1	-9999.0000	13882	43012	-9999	693	685	-9999	557.0265	5	0.6827	0.7011	-0.0010	122.4515	0.1048	721.1040	301.4153	37.1528	676.9397	97.5231	719.7991	96.8981	728.2962	97.1065	734.9644	97.1296	
17/08/2017	01:13:21	019001	H421067583HLR	L421	S		693.8407	1.0311	0.0000	99.9724	39.6656	0.8230	0.8249	5.0000	17.4816	815.0855	96.9676	17.8821	25.1000	0.9300	0.9370	0.6920	-0.0005	815.0000	815.7081	1.0285	-1.5915	99.9244	39.0639	0.8230	0.8182	5.0000	-9999.0000	-9999.0000	-9999.0000	-9999.0000	-9999.0000	-9999.0000	18.6915	8	0	26.2931	1.0000	05	1	-9999.0000	13883	43013	-9999	694	686	-9999	556.9963	5	0.6827	0.6920	-0.0005	125.6765	-0.0823	721.1940	300.6911	35.6019	677.3731	97.6620	719.9847	96.9444	728.3412	97.1065	734.5472	97.1065	
17/08/2017	01:13:47	019001	H421067582HLR	L421	S		690.5045	1.0311	0.0000	99.9961	39.6132	0.8230	0.8250	5.0000	17.1027	815.0552	96.9213	20.5123	25.1000	0.9300	0.9370	0.6894	-0.0004	815.0000	815.3525	1.0285	-1.5895	100.0634	39.0763	0.8230	0.8184	5.0000	-9999.0000	-9999.0000	-9999.0000	-9999.0000	-9999.0000	-9999.0000	18.7024	1	0	25.8322	1.0000	05	1	-9999.0000	13884	43014	-9999	695	687	-9999	555.4696	5	0.6825	0.6894	-0.0004	124.8672	-0.0237	724.4555	291.2551	36.3889	675.0391	97.5694	723.1553	96.8750	730.9349	97.0833	736.4427	97.1528	
17/08/2017	01:14:14	019001	H421065845HLR	L421	S		694.0481	1.0311	0.0000	100.0635	39.6098	0.8230	0.8248	5.0000	17.6926	815.0482	96.9213	16.0019	25.2000	0.9300	0.9371	0.6894	-0.0004	815.0000	815.1705	1.0285	-1.5885	99.9226	39.0928	0.8230	0.8183	5.0000	-9999.0000	-9999.0000	-9999.0000	-9999.0000	-9999.0000	-9999.0000	18.8216	2	0	26.2337	1.0000	05	1	-9999.0000	13885	43015	-9999	696	688	-9999	556.9226	5	0.6825	0.6894	-0.0004	124.8672	-0.0237	740.8896	305.5824	37.3843	693.9119	97.3611	739.5880	96.7593	748.1141	97.1296	754.6901	97.1528	
17/08/2017	01:14:40	019001	H421067586HLR	L421	S		694.9330	1.0311	0.0000	99.9992	39.6383	0.8230	0.8249	5.0000	17.6721	815.0479	96.9444	15.2919	25.2000	0.9300	0.9371	0.6888	-0.0003	815.0000	813.7656	1.0285	-1.5806	99.9567	39.0985	0.8230	0.8183	5.0000	-9999.0000	-9999.0000	-9999.0000	-9999.0000	-9999.0000	-9999.0000	18.8217	3	0	26.1829	1.0000	05	1	-9999.0000	13886	43016	-9999	697	689	-9999	557.0976	5	0.6825	0.6888	-0.0003	124.9192	-0.0257	742.3720	311.8257	35.2778	692.6694	97.6852	741.0464	96.9213	749.5268	97.1296	756.0297	97.1759	
17/08/2017	01:15:05	019001	H421065820HLR	L421	S		697.2345	1.0311	0.0000	99.9982	39.6271	0.8230	0.8251	5.0000	17.1514	815.0687	96.8981	14.1316	25.2000	0.9300	0.9371	0.6895	-0.0004	815.0000	813.3863	1.0285	-1.5785	100.0188	39.0967	0.8230	0.8182	5.0000	-9999.0000	-9999.0000	-9999.0000	-9999.0000	-9999.0000	-9999.0000	18.9730	4	0	25.5928	1.0000	05	1	-9999.0000	13887	43017	-9999	698	690	-9999	557.5237	5	0.6825	0.6895	-0.0004	128.3969	-0.2639	746.8619	310.1666	36.8750	693.8508	97.3843	745.4904	96.8287	753.9359	97.1296	760.7434	97.1759	
17/08/2017	01:15:35	019001	H421067567HLR	L421	S		696.9700	1.0311	0.0000	99.9769	39.6270	0.8230	0.8251	5.0000	17.3517	815.0682	96.8750	14.2810	25.2000	0.9300	0.9371	0.6875	-0.0003	815.0000	813.6629	1.0285	-1.5800	100.0133	39.0930	0.8230	0.8182	5.0000	-9999.0000	-9999.0000	-9999.0000	-9999.0000	-9999.0000	-9999.0000	19.0121	5	0	30.0837	1.0000	05	1	-9999.0000	13888	43018	-9999	699	691	-9999	557.1380	5	0.6825	0.6875	-0.0003	123.4792	0.0591	748.1057	294.1501	35.2315	693.3187	97.7315	746.7468	96.7593	755.4357	97.1065	761.8250	97.1759	
17/08/2017	01:16:04	019001	H421065855HLR	L421	S		696.9703	1.0311	0.0000	100.1017	39.6226	0.8230	0.8252	5.0000	17.2823	815.0869	96.9444	14.1414	25.2000	0.9300	0.9371	0.6877	-0.0003	815.0000	813.1124	1.0285	-1.5769	100.0733	39.0972	0.8230	0.8182	5.0000	-9999.0000	-9999.0000	-9999.0000	-9999.0000	-9999.0000	-9999.0000	18.9222	6	0	28.3443	1.0000	05	1	-9999.0000	13889	43019	-9999	699	692	-9999	557.1742	5	0.6826	0.6877	-0.0003	116.3011	0.4317	748.0164	291.2761	34.1898	692.6981	98.0556	746.6294	96.9213	755.2401	97.1528	761.4936	97.1528	
17/08/2017	01:16:31	019001	H421067568HLR	L421	S		694.4849	1.0311	0.0000	100.0164	39.6287	0.8230	0.8249	5.0000	17.7120	815.0854	96.9213	14.6815	25.2000	0.9300	0.9371	0.6893	-0.0004	815.0000	813.5704	1.0285	-1.5795	99.9712	39.1052	0.8230	0.8181	5.0000	-9999.0000	-9999.0000	-9999.0000	-9999.0000	-9999.0000	-9999.0000	18.9221	7	0	26.9926	1.0000	05	1	-9999.0000	13890	43020	-9999	700	693	-9999	557.3248	5	0.6825	0.6893	-0.0004	108.2363	0.8564	744.1759	289.4237	34.9306	689.2772	97.9167	742.7103	97.0370	751.5893	97.1528	757.4344	97.1065	
17/08/2017	01:17:30	019001	H421068865HLR	L421	S		685.7015	1.0311	0.0000	99.9639	39.6334	0.8230	0.8246	5.0000	18.4114	815.0885	96.9676	18.5628	25.1000	0.9300	0.9373	0.6934	-0.0006	815.0000	814.2255	1.0285	-1.5832	100.0049	38.9706	0.8230	0.8177	5.0000	-9999.0000	-9999.0000	-9999.0000	-9999.0000	-9999.0000	-9999.0000	18.8420	1	0	31.0839	1.0000	05	1	-9999.0000	13892	43021	-9999	702	694	-9999	556.0344	5	0.6835	0.6934	-0.0006	97.9079	1.3287	727.2301	286.9839	36.3657	676.3976	98.0324	726.0008	97.5000	735.1044	96.9907	739.3290	97.0833	
17/08/2017	01:17:44	019001	G523058919HLR	L421	S		0.0000	0.0000	0.0000	0.0000	0.0000	0.8230	0.0000	0.0000	0.0000	0.0000	0.0000	0.0000	0.0000	0.9300	0.0000	0.0000	0.0000	0.0000	0.0000	0.0000	0.0000	0.0000	0.0000	0.8230	0.0000	0.0000	0.0000	0.0000	0.0000	0.0000	0.0000	0.0000	0.0000	0	27	31.0839	1.0000	05	1	0.0000	0	0	0	0	0	0	0.0000	0	0.0000	0.0000	0.0000	0.0000	0.0000	0.0000	0.0000	0.0000	0.0000	0.0000	0.0000	0.0000	0.0000	0.0000	0.0000	0.0000	
17/08/2017	01:18:03	019001	H421067542HLR	L421	S		692.2182	1.0311	0.0000	100.0073	39.6255	0.8230	0.8250	5.0000	17.6818	815.0597	96.9213	16.2617	25.1000	0.9300	0.9371	0.6934	-0.0006	815.0000	814.4780	1.0285	-1.5846	100.0057	39.0177	0.8230	0.8185	5.0000	-9999.0000	-9999.0000	-9999.0000	-9999.0000	-9999.0000	-9999.0000	18.7826	2	0	32.8233	1.0000	05	1	-9999.0000	13893	43021	-9999	702	695	-9999	557.3478	5	0.6835	0.6934	-0.0006	97.9079	1.3287	733.8422	310.1442	36.3889	684.6546	97.5463	732.5472	96.8981	741.2590	97.0370	748.1523	97.1296	
17/08/2017	01:18:29	019001	H421068808HLR	L421	S		693.5386	1.0311	0.0000	100.0291	39.6453	0.8230	0.8251	5.0000	17.1123	815.1016	96.9676	15.4921	25.1000	0.9300	0.9371	0.6941	-0.0006	815.0000	815.4320	1.0285	-1.5900	100.0683	39.1078	0.8230	0.8183	5.0000	-9999.0000	-9999.0000	-9999.0000	-9999.0000	-9999.0000	-9999.0000	18.9028	3	0	26.3938	1.0000	05	1	-9999.0000	13894	43022	-9999	703	696	-9999	557.9114	5	0.6837	0.6941	-0.0006	98.9742	1.2766	737.0111	291.1201	35.2546	682.3980	97.8704	735.4900	97.0370	744.6456	97.1296	750.6554	97.1296	
17/08/2017	01:18:59	019001	H421068810HLR	L421	S		694.0693	1.0311	0.0000	100.0203	39.6335	0.8230	0.8250	5.0000	17.2022	815.1336	96.9444	16.1025	25.1000	0.9300	0.9371	0.6941	-0.0006	815.0000	813.7411	1.0285	-1.5805	99.9161	39.0842	0.8230	0.8181	5.0000	-9999.0000	-9999.0000	-9999.0000	-9999.0000	-9999.0000	-9999.0000	18.7522	4	0	30.3034	1.0000	05	1	-9999.0000	13895	43023	-9999	704	697	-9999	557.6319	5	0.6837	0.6941	-0.0006	98.9742	1.2766	734.8424	285.1046	34.3519	682.5913	97.9861	733.6105	96.8981	742.1661	97.0833	749.2147	97.1528	
17/08/2017	01:19:42	019001	H421068885HLR	L421	S		685.2494	1.0311	0.0000	100.0079	39.6023	0.8230	0.8252	5.0000	17.1221	815.0784	96.8981	19.6020	25.1000	0.9300	0.9370	0.6937	-0.0006	815.0000	814.2966	1.0285	-1.5836	99.9157	39.0587	0.8230	0.8183	5.0000	-9999.0000	-9999.0000	-9999.0000	-9999.0000	-9999.0000	-9999.0000	18.8323	5	0	42.4750	1.0000	05	1	-9999.0000	13896	43024	-9999	705	698	-9999	555.9208	5	0.6839	0.6937	-0.0006	96.4965	1.4682	717.0839	289.4873	34.0278	671.2459	98.0556	716.2825	96.9444	723.8194	97.1065	729.2200	97.1296	
17/08/2017	01:20:10	019001	H421068878HLR	L421	S		692.6730	1.0311	0.0000	100.0099	39.6303	0.8230	0.8251	5.0000	17.3418	815.0609	96.8519	20.7125	25.1000	0.9300	0.9370	0.6935	-0.0006	815.0000	823.9408	1.0285	-1.6377	99.9774	39.0818	0.8230	0.8181	5.0000	-9999.0000	-9999.0000	-9999.0000	-9999.0000	-9999.0000	-9999.0000	18.8724	6	0	28.1937	1.0000	05	1	-9999.0000	13897	43025	-9999	706	699	-9999	555.3437	5	0.6841	0.6935	-0.0006	76.6201	2.7926	674.1485	291.1290	35.8796	623.1004	98.1713	671.2908	97.2222	691.4148	97.0833	701.4816	97.0602	
17/08/2017	01:20:37	019001	H421068812HLR	L421	S		695.8692	1.0311	0.0000	99.9664	39.6431	0.8230	0.8250	5.0000	17.3224	815.1127	96.9213	14.8817	25.1000	0.9300	0.9370	0.6935	-0.0006	815.0000	813.6832	1.0285	-1.5802	100.0791	39.0306	0.8230	0.8179	5.0000	-9999.0000	-9999.0000	-9999.0000	-9999.0000	-9999.0000	-9999.0000	18.8723	7	0	27.1733	1.0000	05	1	-9999.0000	13898	43026	-9999	707	700	-9999	558.2132	5	0.6841	0.6935	-0.0006	76.6201	2.7926	740.4573	303.6920	35.1157	687.7844	97.8704	739.1131	97.0370	748.2090	97.0833	753.3696	97.1296	
17/08/2017	01:21:06	019001	H421065831HLR	L421	S		692.2933	1.0311	0.0000	100.0451	39.6286	0.8230	0.8250	5.0000	17.1819	815.0770	96.9676	18.1926	25.1000	0.9300	0.9370	0.6919	-0.0005	815.0000	816.2777	1.0285	-1.5947	99.9055	39.0321	0.8230	0.8184	5.0000	-9999.0000	-9999.0000	-9999.0000	-9999.0000	-9999.0000	-9999.0000	18.7231	8	0	28.2330	1.0000	05	1	-9999.0000	13899	43027	-9999	708	701	-9999	556.8392	5	0.6844	0.6919	-0.0005	82.1410	2.4393	729.4812	286.6978	33.4491	676.9940	97.9861	728.1990	97.0833	736.2147	97.1065	741.9262	97.1759	
17/08/2017	01:21:32	019001	G523058919HLR	L421	S		438.1750	1.0311	3.2550	100.0960	39.4500	0.8230	0.8260	5.0000	17.4425	504.8438	96.9444	31.0038	25.0000	0.9300	0.9362	0.6919	-0.0005	815.0000	549.3497	1.0285	6.8133	99.9844	39.0953	0.8230	0.8202	5.0000	-9999.0000	-9999.0000	-9999.0000	-9999.0000	-9999.0000	-9999.0000	17.8722	1	27	26.5833	1.0000	05	1	-9999.0000	13900	43028	-9999	709	702	-9999	341.8955	5	0.6836	0.6919	-0.0005	84.0797	2.3155	427.1616	283.1147	36.4583	409.4727	100.0694	424.0425	99.0972	427.4224	96.7130	428.8108	97.1065	
17/08/2017	01:22:04	019001	H421068827HLR	L421	S		697.5856	1.0311	0.0000	100.0283	39.6915	0.8230	0.8250	5.0000	17.4913	815.0849	96.9213	16.1016	25.0000	0.9300	0.9366	0.6919	-0.0005	815.0000	816.7357	1.0285	-1.5973	99.9751	39.1267	0.8230	0.8180	5.0000	-9999.0000	-9999.0000	-9999.0000	-9999.0000	-9999.0000	-9999.0000	18.8724	2	0	32.2939	1.0000	05	1	-9999.0000	13901	43029	-9999	710	703	-9999	557.8115	5	0.6836	0.6919	-0.0005	84.0797	2.3155	735.1161	304.9267	34.6296	670.0918	95.0694	734.0696	94.3056	745.0674	96.6667	753.5355	97.1065	
17/08/2017	01:22:31	019001	H421070187HLR	L421	S		692.2812	1.0311	0.0000	99.9842	39.6398	0.8230	0.8248	5.0000	17.2218	815.0590	96.9444	15.5917	25.1000	0.9300	0.9370	0.6922	-0.0005	815.0000	814.4177	1.0285	-1.5843	100.0224	39.0709	0.8230	0.8182	5.0000	-9999.0000	-9999.0000	-9999.0000	-9999.0000	-9999.0000	-9999.0000	18.7122	3	0	26.9936	1.0000	05	1	-9999.0000	13902	43030	-9999	711	704	-9999	558.0796	5	0.6836	0.6922	-0.0005	84.2229	2.3059	734.2025	292.7851	34.1204	684.7902	95.8333	732.8816	95.3472	742.0064	97.2685	750.8291	96.9907	
17/08/2017	01:22:59	019001	H421068848HLR	L421	S		695.3673	1.0311	0.0000	99.9523	39.5463	0.8230	0.8250	5.0000	17.2228	815.0898	96.9213	16.1416	25.1000	0.9300	0.9371	0.6941	-0.0006	815.0000	816.5940	1.0285	-1.5965	99.9051	39.0707	0.8230	0.8181	5.0000	-9999.0000	-9999.0000	-9999.0000	-9999.0000	-9999.0000	-9999.0000	18.7523	4	0	28.1136	1.0000	05	1	-9999.0000	13903	43031	-9999	712	705	-9999	557.9120	5	0.6834	0.6941	-0.0006	85.6903	2.2107	734.5227	290.2331	34.8380	685.0590	96.0880	733.0926	95.3935	742.5654	97.2917	751.3644	97.1065	
17/08/2017	01:23:31	019001	H421068844HLR	L421	S		696.6130	1.0311	0.0000	100.0083	39.5787	0.8230	0.8253	5.0000	17.2022	815.0591	96.9213	15.1122	25.1000	0.9300	0.9371	0.6941	-0.0006	815.0000	814.5738	1.0285	-1.5852	99.9487	39.0696	0.8230	0.8183	5.0000	-9999.0000	-9999.0000	-9999.0000	-9999.0000	-9999.0000	-9999.0000	18.7415	5	0	31.4835	1.0000	05	1	-9999.0000	13904	43032	-9999	713	706	-9999	558.3897	5	0.6834	0.6941	-0.0006	85.6903	2.2107	737.1039	308.4827	35.0926	687.6610	96.4352	735.7752	95.6019	744.8967	97.3380	752.5645	97.0370	
17/08/2017	01:24:02	019001	H421070191HLR	L421	S		688.5685	1.0311	0.0000	100.0618	39.6429	0.8230	0.8253	5.0000	17.3421	815.0824	96.8981	20.1822	25.1000	0.9300	0.9371	0.6953	-0.0007	815.0000	815.7160	1.0285	-1.5916	99.9434	39.0938	0.8230	0.8183	5.0000	-9999.0000	-9999.0000	-9999.0000	-9999.0000	-9999.0000	-9999.0000	18.8324	6	0	30.7645	1.0000	05	1	-9999.0000	13905	43033	-9999	714	707	-9999	555.7697	5	0.6832	0.6953	-0.0007	86.3366	2.1721	719.0935	308.4466	35.9028	671.6164	96.5741	717.7549	96.0880	726.7790	97.1065	733.8238	97.1759	
17/08/2017	01:24:29	019001	H421068850HLR	L421	S		695.9801	1.0311	0.0000	100.0854	39.6426	0.8230	0.8251	5.0000	17.2519	815.0774	96.9444	15.5116	25.2000	0.9300	0.9371	0.6953	-0.0007	815.0000	815.1811	1.0285	-1.5886	99.9479	39.0876	0.8230	0.8180	5.0000	-9999.0000	-9999.0000	-9999.0000	-9999.0000	-9999.0000	-9999.0000	19.1021	7	0	27.7026	1.0000	05	1	-9999.0000	13906	43034	-9999	715	708	-9999	558.2817	5	0.6832	0.6953	-0.0007	86.3366	2.1721	735.2139	292.8084	33.8889	685.2914	96.9444	734.0602	95.9954	742.5101	97.3148	750.6426	97.1065	
17/08/2017	01:25:03	019001	H421070196HLR	L421	S		692.7781	1.0311	0.0000	100.0219	39.6125	0.8230	0.8243	5.0000	18.7619	815.0732	96.9444	15.9922	25.1000	0.9300	0.9370	0.6950	-0.0007	815.0000	814.2826	1.0285	-1.5835	99.9763	39.0772	0.8230	0.8181	5.0000	-9999.0000	-9999.0000	-9999.0000	-9999.0000	-9999.0000	-9999.0000	19.1020	8	0	33.3340	1.0000	05	1	-9999.0000	13907	43035	-9999	716	709	-9999	557.8688	5	0.6832	0.6950	-0.0007	87.7065	2.0781	730.0434	308.9301	35.0694	685.1042	97.1991	729.2710	96.3657	736.7247	96.9213	745.7185	97.1991	
17/08/2017	01:25:30	019001	H421070174HLR	L421	S		689.1499	1.0311	0.0000	99.9418	39.5851	0.8230	0.8253	5.0000	17.1514	815.0472	96.8750	19.9927	25.1000	0.9300	0.9371	0.6966	-0.0008	815.0000	814.8602	1.0285	-1.5868	99.9886	39.0910	0.8230	0.8182	5.0000	-9999.0000	-9999.0000	-9999.0000	-9999.0000	-9999.0000	-9999.0000	18.9624	1	0	27.4633	1.0000	05	1	-9999.0000	13908	43036	-9999	717	710	-9999	555.5849	5	0.6830	0.6966	-0.0008	86.7527	2.0917	718.6299	296.2905	34.8611	669.3141	97.3611	717.3781	96.5278	725.1347	97.0370	732.0471	97.2222	
17/08/2017	01:25:58	019001	H421070151HLR	L421	S		686.9575	1.0311	0.0000	99.9319	39.6225	0.8230	0.8247	5.0000	18.4320	815.0525	96.9444	18.6116	25.1000	0.9300	0.9371	0.6961	-0.0007	815.0000	814.5804	1.0285	-1.5852	99.9792	39.0915	0.8230	0.8180	5.0000	-9999.0000	-9999.0000	-9999.0000	-9999.0000	-9999.0000	-9999.0000	19.0931	2	0	28.1843	1.0000	05	1	-9999.0000	13909	43037	-9999	718	711	-9999	556.3784	5	0.6830	0.6961	-0.0007	87.1969	2.0713	720.8091	289.7132	33.4954	668.5660	97.6620	719.5377	96.4120	728.2380	97.1528	736.2064	97.1528	
17/08/2017	01:26:26	019001	H421070166HLR	L421	S		691.9107	1.0311	0.0000	99.9803	39.6466	0.8230	0.8252	5.0000	17.1915	815.0906	96.9444	15.9219	25.2000	0.9300	0.9371	0.6961	-0.0007	815.0000	814.9790	1.0285	-1.5874	99.9880	39.0755	0.8230	0.8181	5.0000	-9999.0000	-9999.0000	-9999.0000	-9999.0000	-9999.0000	-9999.0000	18.9319	3	0	27.6927	1.0000	05	1	-9999.0000	13910	43038	-9999	719	712	-9999	557.9741	5	0.6830	0.6961	-0.0007	87.1969	2.0713	732.8856	293.5137	35.8102	679.8059	97.4306	731.6504	96.5278	740.3760	97.2685	747.4077	97.1296	
17/08/2017	01:26:55	019001	H421070177HLR	L421	S		680.9307	1.0311	0.0000	99.9466	39.6399	0.8230	0.8251	5.0000	17.3616	815.0940	96.9213	21.2233	25.1000	0.9300	0.9371	0.6975	-0.0008	815.0000	813.4244	1.0285	-1.5787	99.9475	39.1060	0.8230	0.8183	5.0000	-9999.0000	-9999.0000	-9999.0000	-9999.0000	-9999.0000	-9999.0000	18.7423	4	0	28.5338	1.0000	05	1	-9999.0000	13911	43039	-9999	720	713	-9999	554.2557	5	0.6838	0.6975	-0.0008	95.5172	1.5505	712.9976	290.0825	33.9815	665.1969	97.8009	711.7295	96.8287	718.9546	97.0833	724.8869	97.1528	
17/08/2017	01:27:26	019001	H421070242HLR	L421	S		693.7883	1.0311	0.0000	99.9214	39.6051	0.8230	0.8251	5.0000	17.2921	815.0952	96.8981	15.9424	25.2000	0.9300	0.9371	0.6975	-0.0008	815.0000	815.1324	1.0285	-1.5883	100.0439	39.1108	0.8230	0.8182	5.0000	-9999.0000	-9999.0000	-9999.0000	-9999.0000	-9999.0000	-9999.0000	18.7814	5	0	31.3641	1.0000	05	1	-9999.0000	13912	43040	-9999	721	714	-9999	558.1018	5	0.6838	0.6975	-0.0008	95.5172	1.5505	732.2076	305.8448	35.7176	683.1554	97.4769	731.0669	96.6435	740.3280	97.0139	747.2693	97.1528	
17/08/2017	01:27:57	019001	H421070222HLR	L421	S		694.0653	1.0311	0.0000	100.0543	39.6414	0.8230	0.8250	5.0000	17.3223	815.1026	96.9213	16.1016	25.2000	0.9300	0.9370	0.6967	-0.0008	815.0000	814.8457	1.0285	-1.5867	99.9668	39.1029	0.8230	0.8181	5.0000	-9999.0000	-9999.0000	-9999.0000	-9999.0000	-9999.0000	-9999.0000	18.7923	6	0	30.5536	1.0000	05	1	-9999.0000	13913	43041	-9999	722	715	-9999	558.0161	5	0.6835	0.6967	-0.0008	95.2458	1.5897	726.3308	291.8649	36.1343	674.2390	97.6389	724.8351	96.8981	734.9282	97.1065	741.7745	97.1065	
17/08/2017	01:28:26	019001	H421070205HLR	L421	S		692.4044	1.0311	0.0000	99.9426	39.6176	0.8230	0.8250	5.0000	17.5616	815.0702	96.9444	16.1914	25.1000	0.9300	0.9370	0.6970	-0.0008	815.0000	815.0029	1.0285	-1.5876	99.9855	39.0927	0.8230	0.8181	5.0000	-9999.0000	-9999.0000	-9999.0000	-9999.0000	-9999.0000	-9999.0000	18.8120	7	0	29.2428	1.0000	05	1	-9999.0000	13914	43042	-9999	723	716	-9999	558.0891	5	0.6838	0.6970	-0.0008	96.5240	1.5331	732.3571	291.4108	34.9537	680.6495	97.5694	731.1932	96.7593	739.4726	97.0833	746.2554	97.1759	
17/08/2017	01:28:56	019001	H421070203HLR	L421	S		692.5026	1.0311	0.0000	99.9453	39.6334	0.8230	0.8251	5.0000	17.3018	815.0652	96.8981	16.4120	25.2000	0.9300	0.9370	0.6963	-0.0007	815.0000	816.2435	1.0285	-1.5945	99.9618	39.0847	0.8230	0.8181	5.0000	-9999.0000	-9999.0000	-9999.0000	-9999.0000	-9999.0000	-9999.0000	18.8821	8	0	30.0739	1.0000	05	1	-9999.0000	13915	43043	-9999	724	717	-9999	557.9584	5	0.6836	0.6963	-0.0007	93.3106	1.7499	731.7061	302.6831	36.2037	681.5089	97.5000	730.3634	96.7824	738.9463	97.1296	745.9768	97.1759	
