Data	Timp	Nr. masina	Nr. de serie	Tip	Productie	Comentariu	Pre-masurare Q [ml/min]	Pre-masurare Gain	Pre-masurare Offset Master	Pre-masurare P [bar]	Pre-masurare T [°C]	Pre-masurare Densitate fixa [kg/l]	Pre-masurare densitate masurata [kg/l]	Pre-masurare Timp masurare [s]	Pre-masurare Cycle time [s]	rectificare Q Oprire [ml/min]	rectificare P Oprire [bar]	rectificare Timp rectificare [s]	rectificare T [°C]	rectificare Densitate fixa [kg/l]	rectificare densitate masurata [kg/l]	rectificare Factor de masurare la rectificare	rectificare Factor de corectie a debitului	rectificare Target rectificare	Masurare Q [ml/min]	Masurare Gain	Masurare Offset Master	Masurare P [bar]	Masurare T [°C]	Masurare Densitate fixa [kg/l]	Masurare densitate masurata [kg/l]	Masurare Timp masurare [s]	Masurare Q [ml/min]	Masurare Delta Q [ml/min]	Masurare P [bar]	Masurare BP [bar]	Masurare T [°C]	Masurare Timp masurare [s]	Masurare Cycle time [s]	Nest Nr.	Cod de descarcare	Cycle time [s]	Traceability aktiv	EDM Maschine Nr	EDM Spindle Nr	Honing Rate [r	Station Counter Premeasure	Station Counter Grind	Station Counter Blowout 1	Station Counter Wash	Station Counter Measure	Station Counter Blowout 2	RealGrindQStop	Reg Type	Factor 0	Factor 1	Factor 2	Factor 3	Factor 4	G_StartQV	G_StartQV_1	G_StartQV_2	G_StartQV_3	G_StartQV_4	G_StartQV_5	
06/08/2017	00:04:39	019001	H340008539HLR	L340	S		570.4272	1.0311	0.0000	100.0108	39.6978	0.8230	0.8257	5.0000	17.4412	675.1523	94.9769	6.3611	25.8000	0.9300	0.9405	0.6319	-0.0031	675.0000	675.5540	1.0285	1.9092	99.9361	39.3265	0.8230	0.8194	5.0000	-9999.0000	-9999.0000	-9999.0000	-9999.0000	-9999.0000	-9999.0000	18.3324	2	0	396.7281	1.0000	99	9	-9999.0000	46752	23010	-9999	741	692	-9999	413.5336	5	0.6115	0.6319	-0.0031	48.8422	6.9147	656.1050	382.8041	38.2870	605.2113	95.4398	644.8767	95.0463	655.0609	95.1157	663.6644	95.0694	
06/08/2017	00:05:04	019001	H340008519HLR	L340	S		581.6205	1.0311	0.0000	100.0129	39.7000	0.8230	0.8259	5.0000	17.3018	675.1249	95.0231	6.9305	25.8000	0.9300	0.9404	0.6316	-0.0031	675.0000	675.7107	1.0285	1.8779	99.9131	39.3305	0.8230	0.8195	5.0000	-9999.0000	-9999.0000	-9999.0000	-9999.0000	-9999.0000	-9999.0000	18.1418	3	0	25.0429	1.0000	99	9	-9999.0000	46753	23011	-9999	742	693	-9999	412.1378	5	0.6118	0.6316	-0.0031	61.5119	5.0444	649.8957	362.6989	35.3704	594.5870	95.3935	637.8466	94.9537	648.7336	94.9769	657.3813	95.0463	
06/08/2017	00:05:30	019001	H340008516HLR	L340	S		584.2728	1.0311	0.0000	99.9816	39.7464	0.8230	0.8258	5.0000	17.0918	675.1262	95.0000	6.0507	25.8000	0.9300	0.9404	0.6298	-0.0028	675.0000	678.5571	1.0285	1.3086	99.8509	38.9916	0.8230	0.8197	5.0000	-9999.0000	-9999.0000	-9999.0000	-9999.0000	-9999.0000	-9999.0000	18.2316	4	0	25.6838	1.0000	99	9	-9999.0000	46754	23012	-9999	743	694	-9999	413.7247	5	0.6120	0.6298	-0.0028	73.6360	3.3127	659.9051	368.0292	36.7593	604.6057	95.3009	648.3110	95.0926	658.9567	95.1157	666.5306	95.0463	
06/08/2017	00:08:12	019001	H340008526HLR	L340	S		580.9169	1.0311	0.0000	99.9605	39.7000	0.8230	0.8257	5.0000	17.2324	675.1053	95.0000	6.5311	25.7000	0.9300	0.9403	0.6299	-0.0029	675.0000	675.2402	1.0285	1.9720	99.9451	39.1000	0.8230	0.8206	5.0000	-9999.0000	-9999.0000	-9999.0000	-9999.0000	-9999.0000	-9999.0000	17.7121	5	0	162.6498	1.0000	99	9	-9999.0000	46755	23013	-9999	744	695	-9999	412.5689	5	0.6118	0.6299	-0.0029	73.7771	3.4203	652.9467	391.6458	38.4028	602.0802	95.3935	641.8105	94.8380	651.9319	94.8843	660.9797	95.0000	
06/08/2017	00:08:38	019001	H340008507HLR	L340	S		582.9249	1.0311	0.0000	100.0535	39.7000	0.8230	0.8258	5.0000	17.0919	675.1821	95.0694	5.7009	25.8000	0.9300	0.9403	0.6302	-0.0029	675.0000	675.6755	1.0285	1.8849	100.0751	39.2223	0.8230	0.8203	5.0000	-9999.0000	-9999.0000	-9999.0000	-9999.0000	-9999.0000	-9999.0000	17.9620	6	0	25.7934	1.0000	99	9	-9999.0000	46756	23014	-9999	745	696	-9999	414.2426	5	0.6118	0.6302	-0.0029	72.2793	3.8865	660.7844	390.7387	38.3796	609.6415	95.2778	648.5523	94.7685	659.5022	94.8148	668.4236	95.0000	
06/08/2017	00:09:03	019001	H340008535HLR	L340	S		579.6209	1.0311	0.0000	100.0373	39.7000	0.8230	0.8259	5.0000	17.0919	675.1369	94.9537	6.0906	25.9000	0.9300	0.9404	0.6320	-0.0033	675.0000	676.9336	1.0285	1.6333	99.9644	38.9930	0.8230	0.8197	5.0000	-9999.0000	-9999.0000	-9999.0000	-9999.0000	-9999.0000	-9999.0000	18.2824	7	0	24.9823	1.0000	99	9	-9999.0000	46757	23015	-9999	746	697	-9999	413.3987	5	0.6117	0.6320	-0.0033	73.4194	3.6854	656.4872	333.6624	36.9444	600.6966	95.9028	644.1283	95.3472	655.2684	95.1389	664.8559	95.0000	
06/08/2017	00:09:29	019001	H340008505HLR	L340	S		579.6426	1.0311	0.0000	99.9578	39.4500	0.8230	0.8261	5.0000	17.1224	675.1486	95.0000	5.4098	25.8000	0.9300	0.9403	0.6315	-0.0032	675.0000	675.3473	1.0285	1.9505	99.9215	39.1000	0.8230	0.8205	5.0000	-9999.0000	-9999.0000	-9999.0000	-9999.0000	-9999.0000	-9999.0000	17.7823	8	0	25.6838	1.0000	99	9	-9999.0000	46758	23016	-9999	747	698	-9999	414.7372	5	0.6116	0.6315	-0.0032	76.0282	3.1280	663.3736	399.8349	38.8657	610.5598	95.6250	650.7737	95.1389	662.2255	95.1620	671.2678	95.0694	
06/08/2017	00:09:54	019001	H340008495HLR	L340	S		584.9500	1.0311	0.0000	100.0896	39.5322	0.8230	0.8264	5.0000	17.4415	675.1016	95.0000	6.1111	25.8000	0.9300	0.9403	0.6313	-0.0032	675.0000	675.9700	1.0285	1.8260	100.0270	39.2000	0.8230	0.8204	5.0000	-9999.0000	-9999.0000	-9999.0000	-9999.0000	-9999.0000	-9999.0000	17.7718	1	0	24.9025	1.0000	99	9	-9999.0000	46759	23017	-9999	748	699	-9999	413.1663	5	0.6115	0.6313	-0.0032	77.6374	2.7465	657.1843	396.5764	39.2361	605.8771	95.5093	644.4102	95.1157	655.9302	95.1389	665.1168	95.0000	
06/08/2017	00:10:20	019001	H340008587HLR	L340	S		588.2030	1.0311	0.0000	99.9520	39.6931	0.8230	0.8261	5.0000	18.1124	675.1148	95.0000	5.3307	25.9000	0.9300	0.9403	0.6313	-0.0032	675.0000	675.3471	1.0285	1.9506	100.0250	39.2000	0.8230	0.8200	5.0000	-9999.0000	-9999.0000	-9999.0000	-9999.0000	-9999.0000	-9999.0000	17.8116	2	0	25.6837	1.0000	99	9	-9999.0000	46760	23018	-9999	749	700	-9999	414.8334	5	0.6117	0.6313	-0.0032	75.3235	3.1871	664.0986	375.2951	37.9861	608.6190	95.5556	651.2842	94.9537	662.8740	94.7917	671.8796	94.9537	
06/08/2017	00:10:44	019001	H340008554HLR	L340	S		588.3855	1.0311	0.0000	99.9742	39.5500	0.8230	0.8261	5.0000	17.3321	675.1431	95.0231	5.7204	25.8000	0.9300	0.9404	0.6295	-0.0029	675.0000	675.9787	1.0285	1.8243	99.9723	39.1786	0.8230	0.8197	5.0000	-9999.0000	-9999.0000	-9999.0000	-9999.0000	-9999.0000	-9999.0000	18.0423	3	0	24.8829	1.0000	99	9	-9999.0000	46761	23019	-9999	750	701	-9999	413.7114	5	0.6113	0.6295	-0.0029	80.8560	2.4389	661.5544	400.5955	38.1944	612.7080	95.5324	650.0724	95.0231	660.4138	95.0694	669.1787	95.0231	
06/08/2017	00:11:35	019001	H340008549HLR	L340	S		586.7294	1.0311	0.0000	100.0037	39.6410	0.8230	0.8262	5.0000	17.8215	675.1691	95.0231	5.5300	25.8000	0.9300	0.9403	0.6271	-0.0025	675.0000	675.1549	1.0285	1.9890	99.9927	39.0637	0.8230	0.8192	5.0000	-9999.0000	-9999.0000	-9999.0000	-9999.0000	-9999.0000	-9999.0000	18.0520	5	0	24.9334	1.0000	99	9	-9999.0000	46763	23020	-9999	752	702	-9999	414.0293	5	0.6116	0.6271	-0.0025	102.2916	-1.2307	663.5815	365.4798	37.8009	611.0106	95.4630	651.7127	94.8843	662.4296	94.8843	671.0773	94.9769	
06/08/2017	00:12:26	019001	H340008571HLR	L340	S		583.6909	1.0311	0.0000	99.9672	39.6490	0.8230	0.8259	5.0000	17.2617	675.1907	95.0231	5.6003	25.8000	0.9300	0.9403	0.6273	-0.0025	675.0000	675.4523	1.0285	1.9295	99.9422	39.0820	0.8230	0.8196	5.0000	-9999.0000	-9999.0000	-9999.0000	-9999.0000	-9999.0000	-9999.0000	17.9220	7	0	24.9629	1.0000	99	9	-9999.0000	46765	23021	-9999	754	703	-9999	414.0045	5	0.6118	0.6273	-0.0025	69.4625	4.0160	662.3750	372.7599	37.5463	608.0260	95.5093	650.7656	94.9074	661.1964	94.9074	669.7728	94.9769	
06/08/2017	00:12:51	019001	H340008570HLR	L340	S		579.9876	1.0311	0.0000	99.9821	39.6016	0.8230	0.8259	5.0000	17.1016	675.0915	95.0000	6.0506	25.8000	0.9300	0.9404	0.6273	-0.0025	675.0000	676.1931	1.0285	1.7814	99.9048	39.1132	0.8230	0.8199	5.0000	-9999.0000	-9999.0000	-9999.0000	-9999.0000	-9999.0000	-9999.0000	18.6419	8	0	25.6937	1.0000	99	9	-9999.0000	46766	23022	-9999	755	704	-9999	413.1562	5	0.6118	0.6273	-0.0025	69.4625	4.0160	659.0121	394.4499	39.5833	609.2040	95.3472	647.4223	95.0000	657.7916	95.0463	666.8572	95.0231	
06/08/2017	00:13:16	019001	H340008562HLR	L340	S		587.6627	1.0311	0.0000	100.0453	39.5905	0.8230	0.8260	5.0000	17.1417	675.0993	95.0231	6.7313	25.7000	0.9300	0.9403	0.6285	-0.0028	675.0000	675.3803	1.0285	1.9439	99.8549	39.2000	0.8230	0.8202	5.0000	-9999.0000	-9999.0000	-9999.0000	-9999.0000	-9999.0000	-9999.0000	17.9320	1	0	24.9533	1.0000	99	9	-9999.0000	46767	23023	-9999	756	705	-9999	411.7721	5	0.6120	0.6285	-0.0028	71.8298	3.4128	653.9407	371.3077	38.1250	601.5241	95.4398	642.0451	95.1620	652.8123	95.1852	660.8382	95.0463	
06/08/2017	00:13:42	019001	H340008580HLR	L340	S		584.7274	1.0311	0.0000	99.9219	39.6334	0.8230	0.8256	5.0000	18.4804	675.1358	95.0000	6.0212	25.8000	0.9300	0.9403	0.6285	-0.0028	675.0000	676.3853	1.0285	1.7429	99.9737	39.2289	0.8230	0.8199	5.0000	-9999.0000	-9999.0000	-9999.0000	-9999.0000	-9999.0000	-9999.0000	17.9729	2	0	25.6230	1.0000	99	9	-9999.0000	46768	23024	-9999	757	706	-9999	413.1475	5	0.6120	0.6285	-0.0028	71.8298	3.4128	659.3648	386.1800	39.2824	604.4468	95.3241	646.2064	95.1620	658.1028	95.1620	666.5209	95.0463	
06/08/2017	00:14:07	019001	H340008305HLR	L340	S		578.2330	1.0311	0.0000	100.0090	39.6359	0.8230	0.8260	5.0000	17.3917	675.1460	95.0231	6.6815	25.7000	0.9300	0.9403	0.6396	-0.0048	675.0000	674.7044	1.0285	2.0791	100.0568	39.2000	0.8230	0.8198	5.0000	-9999.0000	-9999.0000	-9999.0000	-9999.0000	-9999.0000	-9999.0000	17.7227	3	0	24.8927	1.0000	99	9	-9999.0000	46769	23025	-9999	758	707	-9999	410.5162	5	0.6123	0.6396	-0.0048	64.4894	4.7093	649.1902	364.2617	37.6620	590.0710	95.4167	634.5975	94.9769	647.6828	95.0463	656.9963	95.0463	
06/08/2017	00:14:33	019001	H340008583HLR	L340	S		577.8603	1.0311	0.0000	99.9799	39.6837	0.8230	0.8261	5.0000	17.1917	675.2013	95.0694	5.6999	25.8000	0.9300	0.9403	0.6376	-0.0044	675.0000	676.2494	1.0285	1.7701	99.9889	39.1965	0.8230	0.8198	5.0000	-9999.0000	-9999.0000	-9999.0000	-9999.0000	-9999.0000	-9999.0000	17.8919	4	0	25.7033	1.0000	99	9	-9999.0000	46770	23026	-9999	759	708	-9999	413.7470	5	0.6124	0.6376	-0.0044	62.7906	5.0420	658.5395	370.0423	36.0185	600.8424	95.4630	645.0746	94.7222	657.1700	94.7917	667.1028	95.0231	
06/08/2017	00:14:57	019001	H340008309HLR	L340	S		578.4995	1.0311	0.0000	99.9677	39.6532	0.8230	0.8260	5.0000	17.2315	675.1634	95.0000	6.3005	25.8000	0.9300	0.9403	0.6329	-0.0036	675.0000	674.1206	1.0285	2.1959	100.1211	39.1955	0.8230	0.8198	5.0000	-9999.0000	-9999.0000	-9999.0000	-9999.0000	-9999.0000	-9999.0000	17.8821	5	0	24.9630	1.0000	99	9	-9999.0000	46771	23027	-9999	760	709	-9999	412.3058	5	0.6122	0.6329	-0.0036	89.3185	0.3786	654.0548	391.3812	39.9537	605.3798	95.2315	640.5611	94.9769	652.8064	95.0231	662.6826	95.0463	
06/08/2017	00:15:23	019001	H340008548HLR	L340	S		403.1464	1.0311	4.9977	99.9499	39.5559	0.8230	0.8264	5.0000	17.1329	0.0000	0.0000	0.0000	0.0000	0.9300	0.0000	0.0000	0.0000	0.0000	593.7913	1.0285	1.5374	99.9644	39.2000	0.8230	0.8201	5.0000	-9999.0000	-9999.0000	-9999.0000	-9999.0000	-9999.0000	-9999.0000	17.9124	6	7	25.6731	1.0000	99	9	-9999.0000	46772	0	-9999	761	710	-9999	0.0000	0	0.0000	0.0000	0.0000	0.0000	0.0000	0.0000	0.0000	0.0000	0.0000	0.0000	0.0000	0.0000	0.0000	0.0000	0.0000	0.0000	
06/08/2017	00:15:48	019001	H340008563HLR	L340	S		586.3243	1.0311	0.0000	99.9920	39.6829	0.8230	0.8260	5.0000	17.2725	675.1041	95.0463	6.3406	25.8000	0.9300	0.9404	0.6370	-0.0043	675.0000	674.0242	1.0285	2.2152	99.8936	39.2238	0.8230	0.8198	5.0000	-9999.0000	-9999.0000	-9999.0000	-9999.0000	-9999.0000	-9999.0000	17.9621	7	0	24.9232	1.0000	99	9	-9999.0000	46773	23028	-9999	762	710	-9999	411.7780	5	0.6118	0.6370	-0.0043	80.0174	1.9139	651.5552	355.5348	38.2870	594.3994	95.4398	638.4993	94.8611	650.1680	94.8380	660.8511	94.9769	
06/08/2017	00:16:14	019001	H340008276HLR	L340	S		580.9826	1.0311	0.0000	100.0093	39.6644	0.8230	0.8259	5.0000	17.3225	675.1131	95.0000	6.1306	25.8000	0.9300	0.9404	0.6332	-0.0036	675.0000	673.9290	1.0285	2.2342	100.0071	39.2170	0.8230	0.8196	5.0000	-9999.0000	-9999.0000	-9999.0000	-9999.0000	-9999.0000	-9999.0000	18.3723	8	0	25.6826	1.0000	99	9	-9999.0000	46774	23029	-9999	763	711	-9999	412.5018	5	0.6115	0.6332	-0.0036	70.6672	3.5160	655.2248	369.0752	36.6435	601.1059	95.5787	642.6324	94.8148	653.9246	94.8843	664.1460	95.0231	
06/08/2017	00:16:39	019001	H340008285HLR	L340	S		584.4577	1.0311	0.0000	99.9599	39.6441	0.8230	0.8259	5.0000	17.2617	675.1898	95.0231	6.4012	25.7000	0.9300	0.9403	0.6314	-0.0033	675.0000	674.8947	1.0285	2.0411	100.0318	39.2130	0.8230	0.8196	5.0000	-9999.0000	-9999.0000	-9999.0000	-9999.0000	-9999.0000	-9999.0000	18.6525	1	0	24.9738	1.0000	99	9	-9999.0000	46775	23030	-9999	764	712	-9999	412.0408	5	0.6116	0.6314	-0.0033	65.5479	4.4795	654.2499	368.9826	36.5278	600.6232	95.5324	641.8726	94.8611	653.1310	94.9537	662.4555	95.0231	
06/08/2017	00:17:04	019001	H340008284HLR	L340	S		580.2670	1.0311	0.0000	100.0216	39.6499	0.8230	0.8260	5.0000	17.2228	675.1317	95.0000	6.8309	25.7000	0.9300	0.9404	0.6314	-0.0033	675.0000	675.3424	1.0285	1.9515	100.0529	39.2273	0.8230	0.8196	5.0000	-9999.0000	-9999.0000	-9999.0000	-9999.0000	-9999.0000	-9999.0000	18.4318	2	0	25.6623	1.0000	99	9	-9999.0000	46776	23031	-9999	765	713	-9999	411.0320	5	0.6116	0.6314	-0.0033	65.5479	4.4795	650.6976	364.3634	37.3611	594.7218	95.4398	638.3204	95.0694	649.3098	95.1389	658.2656	95.0231	
06/08/2017	00:17:29	019001	H340008273HLR	L340	S		585.1201	1.0311	0.0000	100.0229	39.6476	0.8230	0.8260	5.0000	17.1123	675.1642	95.0463	6.4608	25.7000	0.9300	0.9404	0.6289	-0.0029	675.0000	675.8663	1.0285	1.8467	99.8375	39.2213	0.8230	0.8193	5.0000	-9999.0000	-9999.0000	-9999.0000	-9999.0000	-9999.0000	-9999.0000	19.4125	3	0	24.9834	1.0000	99	9	-9999.0000	46777	23032	-9999	766	714	-9999	412.0235	5	0.6112	0.6289	-0.0029	88.3364	0.6235	655.4064	368.0923	35.8333	602.2952	95.4398	642.5167	94.8148	654.2050	94.8611	662.6220	95.0231	
06/08/2017	00:17:55	019001	H340008303HLR	L340	S		583.6455	1.0311	0.0000	99.9847	39.6532	0.8230	0.8259	5.0000	17.3321	675.1542	95.0000	6.2215	25.7000	0.9300	0.9404	0.6295	-0.0030	675.0000	675.2059	1.0285	1.9788	100.0579	39.2471	0.8230	0.8198	5.0000	-9999.0000	-9999.0000	-9999.0000	-9999.0000	-9999.0000	-9999.0000	17.9523	4	0	25.6730	1.0000	99	9	-9999.0000	46778	23033	-9999	767	715	-9999	412.5594	5	0.6113	0.6295	-0.0030	95.7561	-0.5031	656.1626	370.3983	35.9491	604.1608	95.5556	644.4760	94.8611	654.9226	94.9537	663.9955	95.0694	
06/08/2017	00:18:20	019001	H340008272HLR	L340	S		581.6078	1.0311	0.0000	100.0357	39.6500	0.8230	0.8260	5.0000	17.2327	675.1111	95.0000	6.9100	25.7000	0.9300	0.9404	0.6284	-0.0028	675.0000	675.6306	1.0285	1.8939	100.0558	39.2464	0.8230	0.8197	5.0000	-9999.0000	-9999.0000	-9999.0000	-9999.0000	-9999.0000	-9999.0000	18.0725	5	0	24.9835	1.0000	99	9	-9999.0000	46779	23034	-9999	767	716	-9999	411.2379	5	0.6110	0.6284	-0.0028	114.8845	-3.5574	651.5840	391.3902	39.0972	602.7968	95.1852	640.3630	94.9306	650.5033	95.0000	658.3557	95.0926	
06/08/2017	00:18:46	019001	H340008297HLR	L340	S		581.9836	1.0311	0.0000	100.1204	39.6644	0.8230	0.8260	5.0000	17.2622	675.1554	95.0231	6.4510	25.7000	0.9300	0.9404	0.6289	-0.0029	675.0000	674.4060	1.0285	2.1388	100.0166	39.2265	0.8230	0.8196	5.0000	-9999.0000	-9999.0000	-9999.0000	-9999.0000	-9999.0000	-9999.0000	18.3421	6	0	25.7532	1.0000	99	9	-9999.0000	46780	23035	-9999	768	717	-9999	412.0474	5	0.6105	0.6289	-0.0029	115.3103	-3.4924	653.8217	393.4413	37.8472	604.4122	95.2778	641.4794	94.8843	652.6358	94.9306	661.5487	95.0231	
06/08/2017	00:19:11	019001	H340008278HLR	L340	S		580.8214	1.0311	0.0000	100.0282	39.6500	0.8230	0.8259	5.0000	17.4125	675.1008	95.0231	5.3708	25.8000	0.9300	0.9404	0.6300	-0.0031	675.0000	674.3623	1.0285	2.1475	100.0222	39.2315	0.8230	0.8198	5.0000	-9999.0000	-9999.0000	-9999.0000	-9999.0000	-9999.0000	-9999.0000	17.9622	7	0	24.9522	1.0000	99	9	-9999.0000	46780	23036	-9999	769	718	-9999	414.2241	5	0.6104	0.6300	-0.0031	111.9209	-3.0308	664.6807	385.3152	37.1759	611.9259	95.2315	652.1147	94.9074	663.7207	94.9769	672.2945	95.0231	
06/08/2017	00:19:36	019001	H340008267HLR	L340	S		585.1483	1.0311	0.0000	100.0549	39.6708	0.8230	0.8260	5.0000	17.1525	675.1341	95.0463	6.4314	25.8000	0.9300	0.9405	0.6316	-0.0033	675.0000	674.7007	1.0285	2.0799	100.0030	39.2556	0.8230	0.8198	5.0000	-9999.0000	-9999.0000	-9999.0000	-9999.0000	-9999.0000	-9999.0000	17.8821	8	0	25.6233	1.0000	99	9	-9999.0000	46781	23037	-9999	770	719	-9999	412.0276	5	0.6105	0.6316	-0.0033	95.7729	-0.4443	654.0663	384.9288	39.4213	602.0274	95.1852	642.2698	95.0231	653.0067	95.0463	662.1489	95.0463	
06/08/2017	00:20:06	019001	H340008271HLR	L340	S		571.9836	1.0311	0.0000	99.9601	39.6500	0.8230	0.8259	5.0000	17.4623	675.1796	95.0231	6.6707	25.7000	0.9300	0.9405	0.6355	-0.0039	675.0000	676.1808	1.0285	1.7838	99.9863	39.2493	0.8230	0.8197	5.0000	-9999.0000	-9999.0000	-9999.0000	-9999.0000	-9999.0000	-9999.0000	17.9221	1	0	29.5244	1.0000	99	9	-9999.0000	46782	23038	-9999	771	720	-9999	411.5250	5	0.6103	0.6355	-0.0039	94.8157	-0.2450	649.8998	365.5957	37.5463	594.3811	95.3472	636.8321	94.8843	648.7065	94.9306	658.8188	95.0231	
06/08/2017	00:20:32	019001	H340006718HLR	L340	S		589.5493	1.0311	0.0000	99.9759	39.6755	0.8230	0.8260	5.0000	17.2121	675.1568	95.1389	4.1704	25.7000	0.9300	0.9404	0.6315	-0.0033	675.0000	672.6273	1.0285	2.4945	100.0125	39.2455	0.8230	0.8197	5.0000	-9999.0000	-9999.0000	-9999.0000	-9999.0000	-9999.0000	-9999.0000	18.0930	2	0	25.6922	1.0000	99	9	-9999.0000	46783	23039	-9999	772	721	-9999	417.2210	5	0.6106	0.6315	-0.0033	101.8121	-1.4089	674.7522	367.2368	38.3565	613.2597	95.0231	659.8581	95.1389	673.4560	95.1389	0.0000	0.0000	
06/08/2017	00:20:56	019001	H340006705HLR	L340	S		590.9588	1.0311	0.0000	99.8916	39.6755	0.8230	0.8259	5.0000	17.4221	675.1401	95.0000	4.4703	25.8000	0.9300	0.9403	0.6350	-0.0038	675.0000	676.5732	1.0285	1.7054	99.9064	39.2402	0.8230	0.8195	5.0000	-9999.0000	-9999.0000	-9999.0000	-9999.0000	-9999.0000	-9999.0000	18.0325	3	0	24.9133	1.0000	99	9	-9999.0000	46784	23040	-9999	773	722	-9999	417.2806	5	0.6108	0.6350	-0.0038	89.6606	0.4406	672.0174	362.1280	36.0880	612.8599	95.2778	657.9411	95.0694	670.7772	95.0231	674.8377	25.2546	
06/08/2017	00:21:22	019001	H340006717HLR	L340	S		582.9651	1.0311	0.0000	99.9526	39.6755	0.8230	0.8259	5.0000	17.2217	675.1078	94.7917	4.4205	25.8000	0.9300	0.9404	0.6347	-0.0038	675.0000	674.4461	1.0285	2.1308	100.0488	39.2089	0.8230	0.8192	5.0000	-9999.0000	-9999.0000	-9999.0000	-9999.0000	-9999.0000	-9999.0000	19.4017	4	0	25.7227	1.0000	99	9	-9999.0000	46785	23041	-9999	774	723	-9999	417.3414	5	0.6107	0.6347	-0.0038	88.6937	0.4900	672.2191	386.3473	36.7130	617.7710	95.1157	659.4315	94.8148	670.8137	94.7685	669.8571	21.3657	
06/08/2017	00:21:47	019001	H340006716HLR	L340	S		584.5723	1.0311	0.0000	99.9042	39.6659	0.8230	0.8260	5.0000	17.1514	675.1407	95.0926	18.1516	25.6000	0.9300	0.9404	0.6377	-0.0043	675.0000	712.0517	1.0285	-2.7605	100.0142	39.2299	0.8230	0.8198	5.0000	-9999.0000	-9999.0000	-9999.0000	-9999.0000	-9999.0000	-9999.0000	18.2218	5	2	24.9436	1.0000	99	9	-9999.0000	46786	23042	-9999	775	724	-9999	381.2185	5	0.6113	0.6377	-0.0043	70.3595	3.3613	520.9876	379.7000	37.0139	488.3043	96.8750	503.6399	95.9954	519.4519	95.9491	531.5007	94.9306	
06/08/2017	00:22:13	019001	H340006682HLR	L340	S		585.4827	1.0311	0.0000	99.9903	39.6805	0.8230	0.8260	5.0000	17.1624	675.1754	95.0463	5.2907	25.6000	0.9300	0.9402	0.6377	-0.0043	675.0000	679.5755	1.0285	1.1049	99.9608	39.2580	0.8230	0.8197	5.0000	-9999.0000	-9999.0000	-9999.0000	-9999.0000	-9999.0000	-9999.0000	18.0520	6	0	25.6827	1.0000	99	9	-9999.0000	46787	23043	-9999	776	725	-9999	415.4413	5	0.6113	0.6377	-0.0043	70.3595	3.3613	664.0254	385.2541	36.6435	607.2901	95.0231	649.6748	95.1157	662.6828	94.9306	672.2565	95.0231	
06/08/2017	00:22:38	019001	H340006712HLR	L340	S		591.8850	1.0311	0.0000	100.0356	39.6997	0.8230	0.8258	5.0000	17.3721	675.1667	95.0463	4.6304	25.7000	0.9300	0.9402	0.6353	-0.0039	675.0000	676.3960	1.0285	1.7408	100.0854	39.2507	0.8230	0.8197	5.0000	-9999.0000	-9999.0000	-9999.0000	-9999.0000	-9999.0000	-9999.0000	17.9924	7	0	24.9436	1.0000	99	9	-9999.0000	46788	23044	-9999	777	726	-9999	416.8468	5	0.6119	0.6353	-0.0039	70.2373	3.4135	669.8248	374.4413	37.7315	608.0663	95.0694	654.6798	95.2083	668.4195	95.1157	679.0674	46.1343	
06/08/2017	00:23:03	019001	H340006710HLR	L340	S		593.9370	1.0311	0.0000	99.9952	39.6486	0.8230	0.8258	5.0000	17.4621	675.1722	94.9306	5.0114	25.8000	0.9300	0.9405	0.6364	-0.0041	675.0000	677.3162	1.0285	1.5568	99.9971	39.2424	0.8230	0.8197	5.0000	-9999.0000	-9999.0000	-9999.0000	-9999.0000	-9999.0000	-9999.0000	18.0814	8	0	25.6925	1.0000	99	9	-9999.0000	46789	23045	-9999	778	727	-9999	416.0286	5	0.6129	0.6364	-0.0041	75.8553	2.5787	666.5505	371.5168	36.9213	608.6233	95.0463	653.2345	94.8843	665.2823	94.8611	675.1722	94.9306	
06/08/2017	00:23:28	019001	H340006715HLR	L340	S		592.7641	1.0311	0.0000	100.0110	39.6435	0.8230	0.8259	5.0000	17.4415	675.1089	95.0000	4.7105	25.8000	0.9300	0.9404	0.6370	-0.0041	675.0000	676.2383	1.0285	1.7723	100.0076	39.2316	0.8230	0.8198	5.0000	-9999.0000	-9999.0000	-9999.0000	-9999.0000	-9999.0000	-9999.0000	17.9221	1	0	24.9531	1.0000	99	9	-9999.0000	46790	23046	-9999	779	728	-9999	416.9142	5	0.6132	0.6370	-0.0041	74.6194	2.8516	668.9913	387.6607	36.7593	611.7532	95.1157	654.7790	95.1620	667.7390	95.0463	678.1838	55.7176	
06/08/2017	00:23:54	019001	H340007932HLR	L340	S		584.4736	1.0311	0.0000	99.9649	39.6612	0.8230	0.8260	5.0000	17.2314	675.1320	95.0000	5.6608	25.8000	0.9300	0.9404	0.6368	-0.0041	675.0000	676.3430	1.0285	1.7514	100.0475	39.2451	0.8230	0.8197	5.0000	-9999.0000	-9999.0000	-9999.0000	-9999.0000	-9999.0000	-9999.0000	17.9719	2	0	25.6840	1.0000	99	9	-9999.0000	46791	23047	-9999	780	729	-9999	414.1498	5	0.6133	0.6368	-0.0041	73.4410	3.2817	659.3783	368.7858	37.0833	601.6515	95.2083	645.8840	94.7685	658.0962	94.7917	668.4380	94.9074	
06/08/2017	00:24:19	019001	H340007943HLR	L340	S		587.6808	1.0311	0.0000	99.9612	39.6830	0.8230	0.8260	5.0000	17.1829	675.1592	94.9537	5.6608	25.8000	0.9300	0.9405	0.6368	-0.0042	675.0000	676.8595	1.0285	1.6481	100.0399	39.2315	0.8230	0.8195	5.0000	-9999.0000	-9999.0000	-9999.0000	-9999.0000	-9999.0000	-9999.0000	18.7729	3	0	24.9327	1.0000	99	9	-9999.0000	46792	23048	-9999	781	730	-9999	413.8908	5	0.6141	0.6368	-0.0042	69.2673	4.0210	659.9489	368.4384	38.4028	601.3666	95.0463	645.6761	95.1852	658.5939	95.1620	668.8346	94.9769	
06/08/2017	00:24:45	019001	H340007896HLR	L340	S		589.3601	1.0311	0.0000	99.9887	39.6802	0.8230	0.8259	5.0000	17.1467	675.1571	94.9306	4.9410	25.8000	0.9300	0.9404	0.6377	-0.0045	675.0000	676.1813	1.0285	1.7837	99.9286	39.2569	0.8230	0.8198	5.0000	-9999.0000	-9999.0000	-9999.0000	-9999.0000	-9999.0000	-9999.0000	17.8419	4	0	25.6827	1.0000	99	9	-9999.0000	46793	23049	-9999	782	731	-9999	415.7190	5	0.6145	0.6377	-0.0045	64.7036	4.8734	666.5188	385.7719	36.8287	610.8646	95.2083	653.5119	94.7222	665.0586	94.7917	675.7709	94.9306	
06/08/2017	00:25:10	019001	H340007913HLR	L340	S		591.1880	1.0311	0.0000	100.0257	39.6500	0.8230	0.8258	5.0000	17.3525	675.1986	94.9769	4.8805	25.8000	0.9300	0.9404	0.6378	-0.0045	675.0000	676.0325	1.0285	1.8135	99.9555	39.2547	0.8230	0.8196	5.0000	-9999.0000	-9999.0000	-9999.0000	-9999.0000	-9999.0000	-9999.0000	18.1525	5	0	24.9835	1.0000	99	9	-9999.0000	46794	23050	-9999	783	732	-9999	415.8788	5	0.6147	0.6378	-0.0045	71.5403	2.8407	666.9660	385.0778	37.5926	610.7496	95.0926	652.2665	94.9769	665.5410	95.0000	676.4677	94.9074	
06/08/2017	00:25:35	019001	H340007892HLR	L340	S		593.6273	1.0311	0.0000	99.9981	39.6692	0.8230	0.8254	5.0000	18.6516	675.1862	94.9537	4.7506	25.8000	0.9300	0.9404	0.6401	-0.0050	675.0000	676.0332	1.0285	1.8134	100.1149	39.2422	0.8230	0.8197	5.0000	-9999.0000	-9999.0000	-9999.0000	-9999.0000	-9999.0000	-9999.0000	17.9113	6	0	25.6427	1.0000	99	9	-9999.0000	46795	23051	-9999	784	733	-9999	416.1952	5	0.6150	0.6401	-0.0050	57.0470	6.3709	668.3032	387.3901	37.5231	611.9868	95.2083	652.5012	95.0463	667.0108	94.9769	677.9293	64.1898	
06/08/2017	00:26:00	019001	H340007900HLR	L340	S		586.2770	1.0311	0.0000	99.9369	39.6612	0.8230	0.8256	5.0000	18.2620	675.1429	94.9306	4.7213	25.8000	0.9300	0.9403	0.6436	-0.0058	675.0000	673.2861	1.0285	2.3628	100.0167	39.2323	0.8230	0.8198	5.0000	-9999.0000	-9999.0000	-9999.0000	-9999.0000	-9999.0000	-9999.0000	17.8928	7	0	24.9434	1.0000	99	9	-9999.0000	46795	23052	-9999	785	733	-9999	416.2305	5	0.6153	0.6436	-0.0058	67.0954	4.0107	668.0436	386.5022	37.5694	613.8878	95.3009	653.5870	94.9537	666.4131	94.9537	678.2861	57.9167	
06/08/2017	00:26:26	019001	H340007906HLR	L340	S		596.7748	1.0311	0.0000	100.0970	39.6932	0.8230	0.8259	5.0000	17.3518	675.1807	95.0000	4.6509	25.8000	0.9300	0.9404	0.6426	-0.0056	675.0000	675.9885	1.0285	1.8223	99.9538	39.2394	0.8230	0.8199	5.0000	-9999.0000	-9999.0000	-9999.0000	-9999.0000	-9999.0000	-9999.0000	18.1613	8	0	25.6926	1.0000	99	9	-9999.0000	46796	23053	-9999	786	734	-9999	416.4178	5	0.6147	0.6426	-0.0056	68.7002	3.7346	669.4391	363.0510	36.0185	609.5746	95.4861	653.3946	95.1852	668.0503	95.1157	679.6347	46.0417	
06/08/2017	00:26:51	019001	H340007912HLR	L340	S		599.9245	1.0311	0.0000	100.0218	39.6947	0.8230	0.8258	5.0000	17.3323	675.1856	94.8843	4.1704	25.7000	0.9300	0.9403	0.6437	-0.0058	675.0000	677.1399	1.0285	1.5920	99.9965	39.2324	0.8230	0.8198	5.0000	-9999.0000	-9999.0000	-9999.0000	-9999.0000	-9999.0000	-9999.0000	17.9222	1	0	24.9328	1.0000	99	9	-9999.0000	46797	23054	-9999	787	735	-9999	418.4346	5	0.6145	0.6437	-0.0058	65.5905	4.2251	674.5425	374.3310	38.6343	615.6469	94.7917	659.2451	94.8380	672.6902	94.8611	0.0000	0.0000	
06/08/2017	00:27:17	019001	H340007922HLR	L340	S		591.7048	1.0311	0.0000	99.9659	39.6500	0.8230	0.8258	5.0000	17.3516	675.1323	94.7685	4.7008	25.8000	0.9300	0.9404	0.6424	-0.0056	675.0000	676.3283	1.0285	1.7543	99.9437	39.2492	0.8230	0.8197	5.0000	-9999.0000	-9999.0000	-9999.0000	-9999.0000	-9999.0000	-9999.0000	18.0324	2	0	25.7032	1.0000	99	9	-9999.0000	46798	23055	-9999	788	736	-9999	416.0988	5	0.6141	0.6424	-0.0056	60.2001	5.1725	668.7170	382.4744	37.7546	613.2358	95.1620	653.1585	94.7222	667.2407	94.6065	678.6719	60.0000	
06/08/2017	00:27:41	019001	H340007914HLR	L340	S		589.7372	1.0311	0.0000	99.9687	39.6438	0.8230	0.8259	5.0000	17.2422	675.5642	95.1389	4.1499	25.7000	0.9300	0.0000	0.6380	-0.0047	675.0000	676.4431	1.0285	1.7314	100.0421	39.2418	0.8230	0.8198	5.0000	-9999.0000	-9999.0000	-9999.0000	-9999.0000	-9999.0000	-9999.0000	17.8918	3	0	24.9337	1.0000	99	9	-9999.0000	46799	23056	-9999	789	737	-9999	417.9609	5	0.6146	0.6380	-0.0047	50.3853	7.1943	675.3175	361.4810	37.5231	613.2278	95.0463	659.7542	95.2778	673.9105	95.1620	0.0000	0.0000	
06/08/2017	00:28:07	019001	H340007909HLR	L340	S		587.9891	1.0311	0.0000	100.0293	39.6724	0.8230	0.8260	5.0000	17.2413	675.1073	94.8611	4.6500	25.8000	0.9300	0.9404	0.6379	-0.0047	675.0000	676.3782	1.0285	1.7444	99.9305	39.2543	0.8230	0.8197	5.0000	-9999.0000	-9999.0000	-9999.0000	-9999.0000	-9999.0000	-9999.0000	18.0413	4	0	25.7133	1.0000	99	9	-9999.0000	46800	23057	-9999	790	738	-9999	416.0754	5	0.6151	0.6379	-0.0047	48.9718	7.3215	669.8181	386.6864	36.8750	612.7782	95.5093	655.5030	94.8843	668.4719	94.8148	679.1418	46.1111	
06/08/2017	00:28:32	019001	H340007899HLR	L340	S		593.3689	1.0311	0.0000	99.9131	39.6850	0.8230	0.8257	5.0000	17.8322	675.1278	94.9769	4.1997	25.7000	0.9300	0.9404	0.6353	-0.0041	675.0000	674.6641	1.0285	2.0872	99.9964	39.2439	0.8230	0.8197	5.0000	-9999.0000	-9999.0000	-9999.0000	-9999.0000	-9999.0000	-9999.0000	18.0617	5	0	24.9228	1.0000	99	9	-9999.0000	46801	23058	-9999	790	739	-9999	417.2983	5	0.6152	0.6353	-0.0041	41.9688	8.6473	674.2731	363.9960	36.9907	612.3890	95.1620	659.2187	94.9537	672.7190	94.9769	0.0000	0.0000	
06/08/2017	00:28:58	019001	H340007918HLR	L340	S		591.6181	1.0311	0.0000	99.9893	39.6844	0.8230	0.8259	5.0000	17.2121	675.1091	95.0000	4.5904	25.8000	0.9300	0.9405	0.6349	-0.0041	675.0000	676.7480	1.0285	1.6704	99.9023	39.2513	0.8230	0.8197	5.0000	-9999.0000	-9999.0000	-9999.0000	-9999.0000	-9999.0000	-9999.0000	18.1322	6	0	25.7424	1.0000	99	9	-9999.0000	46802	23059	-9999	791	740	-9999	416.1560	5	0.6153	0.6349	-0.0041	42.8409	8.5632	670.1807	387.1311	36.9907	612.8052	95.3241	656.8192	95.1157	668.8244	95.0463	679.3565	38.3102	
06/08/2017	00:29:23	019001	H340007905HLR	L340	S		588.1926	1.0311	0.0000	100.0057	39.6856	0.8230	0.8259	5.0000	17.1721	675.1187	94.9769	4.8609	25.8000	0.9300	0.9405	0.6334	-0.0037	675.0000	676.4885	1.0285	1.7223	100.0709	39.2464	0.8230	0.8196	5.0000	-9999.0000	-9999.0000	-9999.0000	-9999.0000	-9999.0000	-9999.0000	18.2122	7	0	25.0032	1.0000	99	9	-9999.0000	46803	23060	-9999	792	741	-9999	415.4429	5	0.6155	0.6334	-0.0037	51.1114	6.9622	668.1991	368.5732	37.7778	608.6858	95.3241	654.9509	95.0926	666.8290	95.0463	676.6188	93.2176	
06/08/2017	00:29:48	019001	H340185015GLR	L340	S		587.5623	1.0311	0.0000	99.9245	39.6708	0.8230	0.8259	5.0000	17.2520	675.2084	94.7454	4.3609	25.7000	0.9300	0.9403	0.6354	-0.0042	675.0000	676.8929	1.0285	1.6414	99.9478	39.2538	0.8230	0.8197	5.0000	-9999.0000	-9999.0000	-9999.0000	-9999.0000	-9999.0000	-9999.0000	18.0115	8	0	25.6632	1.0000	99	9	-9999.0000	46804	23061	-9999	793	742	-9999	416.7698	5	0.6158	0.6354	-0.0042	61.8010	4.8384	672.6043	370.4986	38.4722	610.2541	95.0000	658.3459	94.7917	671.2713	94.7454	657.1671	18.1713	
06/08/2017	00:30:13	019001	H340007929HLR	L340	S		591.4577	1.0311	0.0000	100.0282	39.6612	0.8230	0.8260	5.0000	17.0518	675.1462	95.1389	4.3912	25.8000	0.9300	0.9405	0.6341	-0.0039	675.0000	675.0830	1.0285	2.0034	99.9016	39.2505	0.8230	0.8197	5.0000	-9999.0000	-9999.0000	-9999.0000	-9999.0000	-9999.0000	-9999.0000	18.1222	1	0	24.9338	1.0000	99	9	-9999.0000	46805	23062	-9999	794	743	-9999	416.6669	5	0.6165	0.6341	-0.0039	58.4933	5.5286	672.6074	366.7818	37.4769	613.7670	95.0000	657.9303	95.4167	671.4033	95.2083	663.7368	20.6481	
06/08/2017	00:30:39	019001	H340008383HLR	L340	S		591.1268	1.0311	0.0000	100.0133	39.6839	0.8230	0.8260	5.0000	17.2121	675.1372	94.9769	4.7701	25.8000	0.9300	0.9404	0.6374	-0.0047	675.0000	674.3152	1.0285	2.1570	99.9469	39.2529	0.8230	0.8197	5.0000	-9999.0000	-9999.0000	-9999.0000	-9999.0000	-9999.0000	-9999.0000	18.1018	2	0	25.6926	1.0000	99	9	-9999.0000	46806	23063	-9999	795	744	-9999	415.4150	5	0.6165	0.6374	-0.0047	62.1521	4.7372	667.9409	370.5927	37.4537	607.5374	95.2778	653.6416	95.0926	666.5838	95.0463	677.5921	74.8380	
06/08/2017	00:31:04	019001	H340007895HLR	L340	S		589.8860	1.0311	0.0000	100.0485	39.6832	0.8230	0.8259	5.0000	17.1525	675.1855	94.8843	4.7105	25.8000	0.9300	0.9403	0.6404	-0.0054	675.0000	675.6126	1.0285	1.8975	99.9916	39.2557	0.8230	0.8197	5.0000	-9999.0000	-9999.0000	-9999.0000	-9999.0000	-9999.0000	-9999.0000	18.1232	3	0	24.9628	1.0000	99	9	-9999.0000	46807	23064	-9999	796	745	-9999	415.4653	5	0.6164	0.6404	-0.0054	53.1212	6.8039	669.1813	367.2429	38.1944	606.0025	95.0694	654.2273	94.8611	667.7030	94.8148	678.5953	57.9398	
06/08/2017	00:31:30	019001	H340008401HLR	L340	S		591.1729	1.0311	0.0000	100.0143	39.6770	0.8230	0.8258	5.0000	17.4312	676.5167	94.9537	4.1499	25.7000	0.9300	0.0000	0.6406	-0.0054	675.0000	675.9740	1.0285	1.8252	99.9709	39.2563	0.8230	0.8196	5.0000	-9999.0000	-9999.0000	-9999.0000	-9999.0000	-9999.0000	-9999.0000	18.2122	4	0	25.6839	1.0000	99	9	-9999.0000	46808	23065	-9999	797	746	-9999	418.1694	5	0.6164	0.6406	-0.0054	56.6259	6.2752	676.2377	383.2088	38.3565	613.3223	95.0231	659.9646	95.0000	674.5665	95.0000	0.0000	0.0000	
06/08/2017	00:31:56	019001	H340008371HLR	L340	S		589.2154	1.0311	0.0000	99.9640	39.6564	0.8230	0.8259	5.0000	17.2315	675.1565	95.1620	4.3706	25.7000	0.9300	0.9403	0.6412	-0.0056	675.0000	674.7109	1.0285	2.0778	99.9355	39.2548	0.8230	0.8197	5.0000	-9999.0000	-9999.0000	-9999.0000	-9999.0000	-9999.0000	-9999.0000	18.0725	5	0	26.0723	1.0000	99	9	-9999.0000	46809	23066	-9999	798	747	-9999	416.6083	5	0.6163	0.6412	-0.0056	57.8856	5.9451	672.2055	363.7038	37.4306	608.4425	95.2083	655.2546	95.4398	670.7941	95.2315	657.8795	19.2593	
06/08/2017	00:32:22	019001	H340008372HLR	L340	S		584.6533	1.0311	0.0000	99.9625	39.6771	0.8230	0.8259	5.0000	17.3116	675.1217	94.9074	4.9108	25.7000	0.9300	0.9403	0.6404	-0.0054	675.0000	675.8497	1.0285	1.8501	100.0642	39.2594	0.8230	0.8197	5.0000	-9999.0000	-9999.0000	-9999.0000	-9999.0000	-9999.0000	-9999.0000	18.0323	6	0	25.7033	1.0000	99	9	-9999.0000	46810	23067	-9999	799	748	-9999	414.5915	5	0.6163	0.6404	-0.0054	59.0582	5.7376	666.2955	371.2039	35.8565	606.1899	95.5556	650.8435	94.8843	664.8895	94.8148	676.1961	94.8611	
06/08/2017	00:32:46	019001	H340008354HLR	L340	S		588.1713	1.0311	0.0000	100.0166	39.6825	0.8230	0.8259	5.0000	17.3918	675.1302	95.0463	4.5699	25.7000	0.9300	0.9404	0.6400	-0.0053	675.0000	675.0280	1.0285	2.0144	99.9388	39.2553	0.8230	0.8196	5.0000	-9999.0000	-9999.0000	-9999.0000	-9999.0000	-9999.0000	-9999.0000	18.3127	7	0	24.9835	1.0000	99	9	-9999.0000	46811	23068	-9999	800	749	-9999	415.8426	5	0.6160	0.6400	-0.0053	76.1791	2.0746	669.7550	366.7730	37.3148	605.0713	95.2778	653.8605	95.1852	668.1593	95.1389	680.1860	38.4259	
06/08/2017	00:33:12	019001	H340008377HLR	L340	S		589.3904	1.0311	0.0000	99.9390	39.6961	0.8230	0.8257	5.0000	17.8322	675.1172	94.9769	5.1305	25.8000	0.9300	0.9405	0.6416	-0.0056	675.0000	673.9704	1.0285	2.2259	100.0393	39.2563	0.8230	0.8197	5.0000	-9999.0000	-9999.0000	-9999.0000	-9999.0000	-9999.0000	-9999.0000	17.9818	8	0	25.6927	1.0000	99	9	-9999.0000	46812	23069	-9999	801	749	-9999	413.7102	5	0.6163	0.6416	-0.0056	74.1646	2.5559	664.3185	384.0500	37.1065	606.4950	95.5093	649.0831	95.2315	662.9205	95.1620	673.8486	95.0000	
06/08/2017	00:33:37	019001	H340008399HLR	L340	S		587.9925	1.0311	0.0000	100.0440	39.6770	0.8230	0.8258	5.0000	17.7824	675.1882	94.9306	4.6607	25.8000	0.9300	0.9405	0.6472	-0.0069	675.0000	675.1200	1.0285	1.9960	99.9308	39.2565	0.8230	0.8197	5.0000	-9999.0000	-9999.0000	-9999.0000	-9999.0000	-9999.0000	-9999.0000	18.0520	1	0	25.0128	1.0000	99	9	-9999.0000	46813	23070	-9999	802	750	-9999	415.5274	5	0.6163	0.6472	-0.0069	66.8236	4.1371	668.2757	383.2429	39.5833	605.6548	95.0694	650.2969	94.9769	666.4363	95.0231	679.9067	49.0046	
06/08/2017	00:34:05	019001	H340008369HLR	L340	S		584.3318	1.0311	0.0000	100.0233	39.6856	0.8230	0.8259	5.0000	17.4220	675.2268	95.1157	4.4107	25.8000	0.9300	0.9406	0.6473	-0.0069	675.0000	673.8705	1.0285	2.2459	99.9666	39.2595	0.8230	0.8196	5.0000	-9999.0000	-9999.0000	-9999.0000	-9999.0000	-9999.0000	-9999.0000	18.2521	2	0	27.7035	1.0000	99	9	-9999.0000	46814	23071	-9999	803	751	-9999	416.7645	5	0.6161	0.6473	-0.0069	58.4666	6.0054	670.5486	364.8063	35.8102	605.4462	95.4398	652.7614	95.2546	668.5909	95.1620	669.3640	20.8102	
06/08/2017	00:34:30	019001	H340008380HLR	L340	S		585.3437	1.0311	0.0000	100.0372	39.6954	0.8230	0.8259	5.0000	17.2823	675.1697	94.8148	4.4703	25.8000	0.9300	0.9404	0.6470	-0.0068	675.0000	674.6270	1.0285	2.0946	100.0966	39.2607	0.8230	0.8198	5.0000	-9999.0000	-9999.0000	-9999.0000	-9999.0000	-9999.0000	-9999.0000	17.9522	3	0	24.9533	1.0000	99	9	-9999.0000	46815	23072	-9999	804	752	-9999	416.4241	5	0.6159	0.6470	-0.0068	67.3820	4.1330	670.0995	362.2543	36.5046	604.9703	95.2778	652.9330	94.8611	668.2741	94.7917	677.2561	28.2407	
06/08/2017	00:34:56	019001	H340008355HLR	L340	S		586.5500	1.0311	0.0000	99.9673	39.6802	0.8230	0.8259	5.0000	17.2315	675.2189	94.9537	4.8902	25.8000	0.9300	0.9404	0.6395	-0.0051	675.0000	675.0674	1.0285	2.0065	99.9326	39.2593	0.8230	0.8196	5.0000	-9999.0000	-9999.0000	-9999.0000	-9999.0000	-9999.0000	-9999.0000	18.1123	4	0	25.6633	1.0000	99	9	-9999.0000	46816	23073	-9999	804	753	-9999	414.9626	5	0.6158	0.6395	-0.0051	79.7814	1.3911	666.9826	373.6746	38.1019	604.7517	95.0463	651.5288	94.9537	665.5598	94.8843	676.6277	94.7222	
06/08/2017	00:35:20	019001	H340008387HLR	L340	S		590.4990	1.0311	0.0000	100.0840	39.6490	0.8230	0.8259	5.0000	17.3019	675.2058	94.9769	5.3210	25.8000	0.9300	0.9404	0.6389	-0.0050	675.0000	675.0908	1.0285	2.0018	99.9629	39.2473	0.8230	0.8196	5.0000	-9999.0000	-9999.0000	-9999.0000	-9999.0000	-9999.0000	-9999.0000	18.2229	5	0	24.9228	1.0000	99	9	-9999.0000	46817	23074	-9999	805	754	-9999	413.5664	5	0.6159	0.6389	-0.0050	83.8567	0.4597	661.9534	367.0096	38.2407	601.8081	95.0926	647.7388	94.8380	660.6697	94.8380	671.5313	94.9537	
06/08/2017	00:35:46	019001	H340008388HLR	L340	S		593.2028	1.0311	0.0000	100.0633	39.6803	0.8230	0.8260	5.0000	17.2119	675.1874	95.0000	4.9508	25.8000	0.9300	0.9404	0.6418	-0.0056	675.0000	673.8822	1.0285	2.2436	100.0160	39.2591	0.8230	0.8197	5.0000	-9999.0000	-9999.0000	-9999.0000	-9999.0000	-9999.0000	-9999.0000	18.1320	6	0	25.6528	1.0000	99	9	-9999.0000	46818	23075	-9999	806	755	-9999	414.7975	5	0.6162	0.6418	-0.0056	82.5670	0.7521	665.0655	366.2194	37.2917	602.3831	95.3009	649.1323	95.0694	663.4906	95.1157	675.8487	94.9769	
06/08/2017	00:36:11	019001	H340008367HLR	L340	S		588.1624	1.0311	0.0000	100.0042	39.6915	0.8230	0.8259	5.0000	17.4317	675.1155	94.9306	5.2301	25.8000	0.9300	0.9404	0.6427	-0.0057	675.0000	674.2064	1.0285	2.1787	99.9224	39.2611	0.8230	0.8197	5.0000	-9999.0000	-9999.0000	-9999.0000	-9999.0000	-9999.0000	-9999.0000	18.1322	7	0	24.9832	1.0000	99	9	-9999.0000	46819	23076	-9999	807	756	-9999	413.6845	5	0.6162	0.6427	-0.0057	88.9341	-0.4822	662.5380	367.3039	37.8009	598.5438	95.0926	645.9490	95.2546	660.9596	95.2315	672.9185	94.9769	
06/08/2017	00:36:37	019001	H340008358HLR	L340	S		596.9133	1.0311	0.0000	100.0064	39.7000	0.8230	0.8258	5.0000	17.3721	675.1476	95.0000	4.8414	25.8000	0.9300	0.9404	0.6431	-0.0059	675.0000	674.2617	1.0285	2.1677	100.0351	39.2633	0.8230	0.8197	5.0000	-9999.0000	-9999.0000	-9999.0000	-9999.0000	-9999.0000	-9999.0000	18.0021	8	0	25.6731	1.0000	99	9	-9999.0000	46819	23077	-9999	808	757	-9999	415.1566	5	0.6160	0.6431	-0.0059	81.0577	1.3522	666.8731	370.1705	37.8704	604.1628	95.1852	650.8976	94.9769	665.2367	95.0000	677.3980	91.1111	
06/08/2017	00:37:02	019001	H340008366HLR	L340	S		594.4550	1.0311	0.0000	99.9498	39.6500	0.8230	0.8258	5.0000	17.4024	675.1184	95.0463	4.7008	25.8000	0.9300	0.9404	0.6409	-0.0054	675.0000	673.4458	1.0285	2.3308	100.0667	39.2614	0.8230	0.8198	5.0000	-9999.0000	-9999.0000	-9999.0000	-9999.0000	-9999.0000	-9999.0000	18.0724	1	0	24.9835	1.0000	99	9	-9999.0000	46820	23078	-9999	809	758	-9999	415.7566	5	0.6158	0.6409	-0.0054	91.1807	-0.8556	668.3898	364.1922	38.4954	604.2343	94.9769	652.4887	95.3009	666.8870	95.2083	677.9773	55.1157	
06/08/2017	00:37:27	019001	H340008074HLR	L340	S		583.7610	1.0311	0.0000	99.9286	39.6753	0.8230	0.8259	5.0000	17.2423	675.1669	94.9537	5.1998	25.8000	0.9300	0.9404	0.6407	-0.0053	675.0000	674.5388	1.0285	2.1122	100.0847	39.2601	0.8230	0.8196	5.0000	-9999.0000	-9999.0000	-9999.0000	-9999.0000	-9999.0000	-9999.0000	18.1429	2	0	25.7327	1.0000	99	9	-9999.0000	46821	23079	-9999	810	759	-9999	414.1261	5	0.6155	0.6407	-0.0053	104.7807	-3.7520	663.1457	369.3692	37.0602	600.0005	95.0231	647.8364	94.7685	661.5663	94.7454	672.8450	94.9306	
06/08/2017	00:41:48	019001	H340008050HLR	L340	S		596.0661	1.0311	0.0000	100.0052	39.6910	0.8230	0.8260	5.0000	17.0821	675.1393	94.9537	4.9010	25.8000	0.9300	0.9404	0.6402	-0.0052	675.0000	674.6779	1.0285	2.0844	100.1277	39.2623	0.8230	0.8197	5.0000	-9999.0000	-9999.0000	-9999.0000	-9999.0000	-9999.0000	-9999.0000	18.0520	3	0	260.9216	1.0000	99	9	-9999.0000	46822	23080	-9999	811	759	-9999	415.2309	5	0.6151	0.6402	-0.0052	109.0059	-4.5059	665.9020	364.0810	36.1343	606.3925	95.4861	651.2654	94.8380	664.2975	94.9074	676.4691	94.9537	
06/08/2017	00:42:14	019001	H340008062HLR	L340	S		587.3496	1.0311	0.0000	99.9573	39.6903	0.8230	0.8259	5.0000	17.2520	675.1466	94.9306	5.6814	25.7000	0.9300	0.9404	0.6402	-0.0051	675.0000	-9999.0000	0.0000	0.0000	-9999.0000	-9999.0000	0.8230	-9999.0000	0.0000	-9999.0000	-9999.0000	-9999.0000	-9999.0000	-9999.0000	-9999.0000	0.0000	4	0	25.6836	1.0000	99	9	-9999.0000	46823	23081	-9999	812	0	-9999	412.6376	5	0.6153	0.6402	-0.0051	109.5979	-4.6868	657.7704	364.1080	37.9630	598.8430	95.0463	641.3728	95.3704	656.2455	95.2778	667.3749	94.9074	
06/08/2017	00:42:41	019001	H340008071HLR	L340	S		589.3047	1.0311	0.0000	99.9527	39.6500	0.8230	0.8259	5.0000	17.1426	675.1282	95.0000	5.5300	25.7000	0.9300	0.9404	0.6431	-0.0057	675.0000	675.4130	1.0285	1.9374	100.1154	38.9805	0.8230	0.8199	5.0000	-9999.0000	-9999.0000	-9999.0000	-9999.0000	-9999.0000	-9999.0000	18.1623	5	0	24.9826	1.0000	99	9	-9999.0000	46824	23082	-9999	813	760	-9999	413.0356	5	0.6154	0.6431	-0.0057	112.2556	-5.2042	658.5096	357.0490	37.0833	598.7411	95.2546	643.6700	94.8380	657.0252	94.8843	668.7428	94.9537	
06/08/2017	00:43:06	019001	H340008049HLR	L340	S		592.2149	1.0311	0.0000	99.9399	39.6789	0.8230	0.8259	5.0000	17.2425	675.1686	95.0000	5.3005	25.7000	0.9300	0.9404	0.6423	-0.0055	675.0000	675.7858	1.0285	1.8628	99.9724	39.0954	0.8230	0.8201	5.0000	-9999.0000	-9999.0000	-9999.0000	-9999.0000	-9999.0000	-9999.0000	19.1720	6	0	25.6537	1.0000	99	9	-9999.0000	46825	23083	-9999	814	761	-9999	414.0255	5	0.6155	0.6423	-0.0055	104.4081	-3.5024	661.5247	363.6944	38.5417	599.9599	95.0000	646.2007	94.9537	659.8680	94.9769	672.1167	95.0000	
06/08/2017	00:43:31	019001	H340008068HLR	L340	S		587.7799	1.0311	0.0000	100.0182	39.6876	0.8230	0.8260	5.0000	17.2425	675.1591	95.0000	5.2399	25.7000	0.9300	0.9404	0.6440	-0.0058	675.0000	675.3349	1.0285	1.9530	100.1036	39.1972	0.8230	0.8202	5.0000	-9999.0000	-9999.0000	-9999.0000	-9999.0000	-9999.0000	-9999.0000	18.8216	7	0	24.8428	1.0000	99	9	-9999.0000	46826	23084	-9999	815	762	-9999	414.2681	5	0.6154	0.6440	-0.0058	89.7434	-1.0727	661.5862	366.7445	36.1806	597.4325	95.2083	645.5804	95.0000	659.9870	95.0463	672.5807	95.0231	
06/08/2017	00:43:57	019001	H340008067HLR	L340	S		-9999.0000	0.0000	0.0000	-9999.0000	-9999.0000	0.8230	-9999.0000	0.0000	0.0000	675.2186	95.0000	5.5905	25.8000	0.9300	0.9403	0.6440	-0.0058	675.0000	676.6465	1.0285	1.6907	100.0307	39.2117	0.8230	0.8201	5.0000	-9999.0000	-9999.0000	-9999.0000	-9999.0000	-9999.0000	-9999.0000	17.7824	8	0	25.6730	1.0000	99	9	-9999.0000	0	23085	-9999	816	763	-9999	412.9501	5	0.6154	0.6440	-0.0058	89.7434	-1.0727	658.0831	332.5164	36.0185	597.2356	95.9259	644.7046	95.1620	656.6778	94.9537	667.9193	94.9306	
06/08/2017	00:44:22	019001	H340008047HLR	L340	S		594.5930	1.0311	0.0000	100.0166	39.4500	0.8230	0.8260	5.0000	17.2717	675.1661	95.0231	4.9908	25.8000	0.9300	0.9402	0.6437	-0.0058	675.0000	674.1967	1.0285	2.1807	100.0305	39.1804	0.8230	0.8198	5.0000	-9999.0000	-9999.0000	-9999.0000	-9999.0000	-9999.0000	-9999.0000	17.8812	1	0	24.8829	1.0000	99	9	-9999.0000	46827	23085	-9999	817	764	-9999	415.2194	5	0.6148	0.6437	-0.0058	64.1440	3.9677	664.9413	375.5157	36.6204	603.5738	95.7407	650.4933	95.0463	663.4076	95.0463	675.3938	95.0231	
06/08/2017	00:44:44	019001	H340008065HLR	L340	S		582.9198	1.0311	0.0000	99.9516	39.4986	0.8230	0.8265	5.0000	17.1817	675.1455	95.0000	6.1707	25.7000	0.9300	0.9403	0.6478	-0.0066	675.0000	673.1586	1.0285	2.3883	99.9897	39.1600	0.8230	0.8198	5.0000	-9999.0000	-9999.0000	-9999.0000	-9999.0000	-9999.0000	-9999.0000	17.8117	2	0	21.9031	1.0000	99	9	-9999.0000	46828	23086	-9999	818	765	-9999	410.0749	5	0.6143	0.6478	-0.0066	24.9463	11.2277	649.8283	367.9134	36.8287	589.0423	95.7870	633.8672	95.1389	648.0655	95.0926	660.4517	95.0231	
06/08/2017	00:45:00	019001	H340008056HLR	L340	S		580.7749	1.0311	0.0000	99.9114	39.6334	0.8230	0.8265	5.0000	17.3215	675.1547	95.0231	5.6608	25.8000	0.9300	0.9403	0.6491	-0.0068	675.0000	674.0396	1.0285	2.2121	99.8845	39.1626	0.8230	0.8199	5.0000	-9999.0000	-9999.0000	-9999.0000	-9999.0000	-9999.0000	-9999.0000	17.9220	3	0	16.5421	1.0000	99	9	-9999.0000	46829	23087	-9999	819	766	-9999	412.2923	5	0.6142	0.6491	-0.0068	19.1517	12.4867	654.3360	364.4363	38.2407	590.2894	95.2778	637.2801	94.9306	652.5212	94.9537	666.1911	95.0000	
06/08/2017	00:48:27	019001	H340005580HLR	L340	S		571.3734	1.0311	0.0000	99.9759	39.4500	0.8230	0.8259	5.0000	17.1719	675.1710	95.0463	6.5409	25.8000	0.9300	0.9404	0.6444	-0.0059	675.0000	674.6365	1.0285	2.0927	99.8957	38.9559	0.8230	0.8199	5.0000	-9999.0000	-9999.0000	-9999.0000	-9999.0000	-9999.0000	-9999.0000	18.1915	6	0	25.6429	1.0000	99	9	-9999.0000	46829	23088	-9999	820	767	-9999	409.3006	5	0.6132	0.6444	-0.0059	34.0213	9.6744	648.6679	355.0783	36.7593	592.0374	95.9954	634.9714	95.1389	647.2904	94.9769	658.0396	94.9537	
06/08/2017	00:48:52	019001	H340005572HLR	L340	S		571.5957	1.0311	0.0000	100.0205	39.4302	0.8230	0.8264	5.0000	17.2912	675.2521	94.9769	6.4002	25.7000	0.9300	0.9405	0.6444	-0.0059	675.0000	673.7747	1.0285	2.2651	99.9929	39.0667	0.8230	0.8207	5.0000	-9999.0000	-9999.0000	-9999.0000	-9999.0000	-9999.0000	-9999.0000	17.7823	7	0	24.9727	1.0000	99	9	-9999.0000	46830	23089	-9999	821	768	-9999	409.9064	5	0.6132	0.6444	-0.0059	34.0213	9.6744	650.1048	389.0202	36.7130	591.5324	95.8102	635.2252	95.1852	648.7037	95.2315	659.6325	95.0231	
06/08/2017	00:49:17	019001	H340004612HLR	L340	S		577.5107	1.0311	0.0000	99.9420	39.5391	0.8230	0.8267	5.0000	17.2316	675.1633	95.0694	5.7312	25.7000	0.9300	0.9403	0.6444	-0.0059	675.0000	673.6644	1.0285	2.2871	99.9601	39.1879	0.8230	0.8205	5.0000	-9999.0000	-9999.0000	-9999.0000	-9999.0000	-9999.0000	-9999.0000	17.7824	8	0	25.6731	1.0000	99	9	-9999.0000	46831	23090	-9999	822	769	-9999	412.4786	5	0.6132	0.6444	-0.0059	34.0213	9.6744	656.7078	360.7228	35.9722	594.8440	95.4630	641.2848	94.8843	655.2989	95.0231	666.9156	95.0000	
06/08/2017	00:49:42	019001	H340004531HLR	L340	S		575.6632	1.0311	0.0000	99.9108	39.6481	0.8230	0.8264	5.0000	17.3723	675.1281	94.9769	5.0807	25.7000	0.9300	0.9403	0.6444	-0.0059	675.0000	674.4133	1.0285	2.1373	99.9852	39.1720	0.8230	0.8200	5.0000	-9999.0000	-9999.0000	-9999.0000	-9999.0000	-9999.0000	-9999.0000	17.9225	1	0	24.9933	1.0000	99	9	-9999.0000	46832	23091	-9999	823	770	-9999	415.0066	5	0.6132	0.6444	-0.0059	34.0213	9.6744	664.6121	363.5170	36.2037	603.8702	95.0463	648.9903	95.1620	663.0990	95.1852	674.4487	94.9769	
06/08/2017	00:50:08	019001	H340004530HLR	L340	S		570.0237	1.0311	0.0000	99.9832	39.6959	0.8230	0.8261	5.0000	17.3517	675.1331	95.0463	6.9110	25.7000	0.9300	0.9404	0.6413	-0.0053	675.0000	673.0951	1.0285	2.4010	100.0298	39.1375	0.8230	0.8201	5.0000	-9999.0000	-9999.0000	-9999.0000	-9999.0000	-9999.0000	-9999.0000	17.8117	2	0	25.6632	1.0000	99	9	-9999.0000	46833	23092	-9999	824	771	-9999	408.3374	5	0.6121	0.6413	-0.0053	-863.2762	359.8464	645.4902	386.3075	36.6435	589.9855	95.3704	631.8497	94.9306	644.1420	95.0000	654.7455	95.0000	
06/08/2017	00:50:33	019001	H340005584HLR	L340	S		566.9489	1.0311	0.0000	100.0674	39.6000	0.8230	0.8259	5.0000	17.3321	675.1505	95.0231	6.7205	25.7000	0.9300	0.9404	0.6399	-0.0050	675.0000	674.5675	1.0285	2.1065	100.1564	39.1309	0.8230	0.8200	5.0000	-9999.0000	-9999.0000	-9999.0000	-9999.0000	-9999.0000	-9999.0000	17.7913	3	0	24.9134	1.0000	99	9	-9999.0000	46834	23093	-9999	825	772	-9999	409.2636	5	0.6115	0.6399	-0.0050	1814.9673	-122.9264	648.0242	384.7246	36.6204	592.8404	95.5787	634.9650	94.8148	646.6911	94.8843	657.1325	95.0231	
06/08/2017	00:50:59	019001	H340005556HLR	L340	S		578.7728	1.0311	0.0000	99.9822	39.5500	0.8230	0.8260	5.0000	17.2229	675.1076	95.0000	6.2908	25.7000	0.9300	0.9404	0.6394	-0.0049	675.0000	672.0726	1.0285	2.6055	100.0452	39.1567	0.8230	0.8200	5.0000	-9999.0000	-9999.0000	-9999.0000	-9999.0000	-9999.0000	-9999.0000	17.8525	4	0	25.6825	1.0000	99	9	-9999.0000	46835	23094	-9999	826	773	-9999	410.8107	5	0.6112	0.6394	-0.0049	12.2787	13.8211	652.2445	383.6639	37.4537	598.0541	95.3472	638.3670	94.9537	651.0837	95.0231	661.7939	95.0463	
06/08/2017	00:51:23	019001	H340005594HLR	L340	S		576.1190	1.0311	0.0000	100.0576	39.5749	0.8230	0.8261	5.0000	17.3517	675.1082	95.0231	6.5008	25.7000	0.9300	0.9404	0.6413	-0.0052	675.0000	675.8527	1.0285	1.8495	99.9698	39.1549	0.8230	0.8196	5.0000	-9999.0000	-9999.0000	-9999.0000	-9999.0000	-9999.0000	-9999.0000	18.7424	5	0	24.9728	1.0000	99	9	-9999.0000	46836	23095	-9999	827	774	-9999	410.0732	5	0.6116	0.6413	-0.0052	28.3874	11.2409	649.7572	383.7682	38.8194	597.0258	95.2083	636.0419	94.8843	648.4446	94.9537	658.9633	95.0694	
06/08/2017	00:51:49	019001	H340005567HLR	L340	S		570.7402	1.0311	0.0000	99.9894	39.6286	0.8230	0.8261	5.0000	17.4416	675.1443	94.9769	6.3904	25.7000	0.9300	0.9405	0.6399	-0.0050	675.0000	675.3704	1.0285	1.9459	100.0239	39.1805	0.8230	0.8200	5.0000	-9999.0000	-9999.0000	-9999.0000	-9999.0000	-9999.0000	-9999.0000	17.9221	6	0	25.6536	1.0000	99	9	-9999.0000	46837	23096	-9999	828	775	-9999	410.7381	5	0.6110	0.6399	-0.0050	35.7892	9.9903	652.1320	361.6869	36.5278	596.1363	95.3704	638.6882	94.9074	650.7232	95.0000	661.0046	95.0463	
06/08/2017	00:52:17	019001	H340005618HLR	L340	S		580.4145	1.0311	0.0000	100.0057	39.6349	0.8230	0.8261	5.0000	17.2012	675.2185	95.0463	6.3709	25.7000	0.9300	0.9404	0.6415	-0.0052	675.0000	676.0196	1.0285	1.8161	99.9836	39.1883	0.8230	0.8197	5.0000	-9999.0000	-9999.0000	-9999.0000	-9999.0000	-9999.0000	-9999.0000	18.3617	7	0	27.9134	1.0000	99	9	-9999.0000	46838	23097	-9999	829	776	-9999	410.9413	5	0.6103	0.6415	-0.0052	37.0832	9.9342	651.6737	363.6119	38.1481	597.3053	95.3009	638.3616	94.7685	650.3036	94.8611	660.8512	95.0000	
06/08/2017	00:52:43	019001	H340005630HLR	L340	S		572.0003	1.0311	0.0000	99.9801	39.6342	0.8230	0.8260	5.0000	17.2023	675.1702	95.0000	6.4012	25.7000	0.9300	0.9405	0.6415	-0.0052	675.0000	672.3589	1.0285	2.5482	100.0281	39.1922	0.8230	0.8199	5.0000	-9999.0000	-9999.0000	-9999.0000	-9999.0000	-9999.0000	-9999.0000	17.8429	8	0	25.6829	1.0000	99	9	-9999.0000	46839	23098	-9999	830	777	-9999	410.8836	5	0.6104	0.6415	-0.0052	35.1110	10.1200	650.2854	384.2258	38.9815	595.4795	95.2315	636.7098	94.8843	648.9357	95.0231	660.1363	95.0000	
06/08/2017	00:53:08	019001	H340005631HLR	L340	S		577.6779	1.0311	0.0000	100.0365	39.5997	0.8230	0.8260	5.0000	17.1719	675.1382	95.0231	5.6911	25.7000	0.9300	0.9404	0.6416	-0.0052	675.0000	673.0199	1.0285	2.4160	99.9356	39.1887	0.8230	0.8198	5.0000	-9999.0000	-9999.0000	-9999.0000	-9999.0000	-9999.0000	-9999.0000	17.9026	1	0	25.0031	1.0000	99	9	-9999.0000	46840	23099	-9999	831	778	-9999	413.2871	5	0.6095	0.6416	-0.0052	40.8098	9.2182	657.4645	365.7527	37.2685	597.3132	95.3472	642.9743	94.9074	656.1297	94.9769	667.4777	95.0231	
06/08/2017	00:53:33	019001	H340005614HLR	L340	S		580.3333	1.0311	0.0000	100.0241	39.6271	0.8230	0.8260	5.0000	17.3928	675.2039	95.0000	5.9607	25.7000	0.9300	0.9405	0.6416	-0.0052	675.0000	674.0645	1.0285	2.2071	100.0403	39.1816	0.8230	0.8198	5.0000	-9999.0000	-9999.0000	-9999.0000	-9999.0000	-9999.0000	-9999.0000	17.8820	2	0	25.6633	1.0000	99	9	-9999.0000	46841	23100	-9999	832	779	-9999	412.4114	5	0.6094	0.6416	-0.0052	65.8654	5.5314	656.0566	366.8371	35.8102	597.6180	95.3472	642.0703	95.0000	654.6344	95.0926	665.0750	95.0231	
06/08/2017	00:53:58	019001	H340005621HLR	L340	S		589.0152	1.0311	0.0000	99.9836	39.6379	0.8230	0.8260	5.0000	17.2824	675.2183	94.9769	6.0408	25.7000	0.9300	0.9404	0.6426	-0.0054	675.0000	672.7948	1.0285	2.4610	99.9729	39.1851	0.8230	0.8195	5.0000	-9999.0000	-9999.0000	-9999.0000	-9999.0000	-9999.0000	-9999.0000	19.1722	3	0	24.9532	1.0000	99	9	-9999.0000	46842	23101	-9999	833	780	-9999	412.1435	5	0.6090	0.6426	-0.0054	74.9551	4.0706	654.7062	366.1303	36.7130	599.0949	95.3935	640.7617	94.9769	653.3133	95.0463	664.5325	95.0231	
06/08/2017	00:54:24	019001	H340005613HLR	L340	S		578.8076	1.0311	0.0000	99.9483	39.6332	0.8230	0.8261	5.0000	17.0626	675.1720	94.9769	6.1004	25.7000	0.9300	0.9404	0.6416	-0.0051	675.0000	677.6360	1.0285	1.4928	99.9422	39.2011	0.8230	0.8199	5.0000	-9999.0000	-9999.0000	-9999.0000	-9999.0000	-9999.0000	-9999.0000	18.0022	4	0	25.6829	1.0000	99	9	-9999.0000	46843	23102	-9999	834	781	-9999	412.0884	5	0.6094	0.6416	-0.0051	76.3206	3.8070	655.4200	358.1667	38.5185	594.3611	95.0463	641.4913	95.0000	654.0925	95.0463	664.6609	95.0463	
06/08/2017	00:54:49	019001	H340005608HLR	L340	S		576.3493	1.0311	0.0000	99.9487	39.6400	0.8230	0.8260	5.0000	17.3126	675.2020	95.0463	6.7909	25.7000	0.9300	0.9404	0.6434	-0.0054	675.0000	675.8836	1.0285	1.8433	100.0302	39.2214	0.8230	0.8199	5.0000	-9999.0000	-9999.0000	-9999.0000	-9999.0000	-9999.0000	-9999.0000	17.7921	5	0	24.9326	1.0000	99	9	-9999.0000	46844	23103	-9999	835	782	-9999	409.8256	5	0.6100	0.6434	-0.0054	72.9887	4.2622	646.7448	367.4578	38.7037	588.9752	95.0694	633.7185	94.7917	645.2349	94.8843	656.1174	95.0231	
06/08/2017	00:55:15	019001	H340005544HLR	L340	S		573.3499	1.0311	0.0000	100.0775	39.5992	0.8230	0.8260	5.0000	17.3215	675.1148	95.0231	7.6601	25.6000	0.9300	0.9405	0.6443	-0.0055	675.0000	672.8997	1.0285	2.4401	99.9541	39.2085	0.8230	0.8198	5.0000	-9999.0000	-9999.0000	-9999.0000	-9999.0000	-9999.0000	-9999.0000	17.8421	6	0	25.6536	1.0000	99	9	-9999.0000	46845	23104	-9999	836	783	-9999	406.5716	5	0.6100	0.6443	-0.0055	70.9158	4.5399	639.4429	365.1230	37.8704	583.2431	95.1620	626.2583	94.9537	638.2742	95.0463	648.3996	95.0694	
06/08/2017	00:55:40	019001	H340006433HLR	L340	S		569.7590	1.0311	0.0000	99.9897	39.6191	0.8230	0.8261	5.0000	17.2921	675.1389	94.9537	8.0713	25.6000	0.9300	0.9404	0.6533	-0.0069	675.0000	670.2960	1.0285	2.9608	100.0944	39.1959	0.8230	0.8197	5.0000	-9999.0000	-9999.0000	-9999.0000	-9999.0000	-9999.0000	-9999.0000	18.3418	7	0	24.9727	1.0000	99	9	-9999.0000	46846	23105	-9999	837	784	-9999	403.5953	5	0.6097	0.6533	-0.0069	20.5058	12.2501	629.9634	356.5035	38.3333	571.9720	95.4398	615.6089	95.2083	628.7408	95.2546	639.0750	95.0231	
06/08/2017	00:56:05	019001	H340002658HLR	L340	S		572.6949	1.0311	0.0000	100.0013	39.6468	0.8230	0.8261	5.0000	17.3927	180.3596	94.5370	5.3297	25.9000	0.9300	0.9397	0.6555	-0.0073	675.0000	654.0311	1.0285	6.2138	99.9169	39.2000	0.8230	0.8200	5.0000	-9999.0000	-9999.0000	-9999.0000	-9999.0000	-9999.0000	-9999.0000	17.8318	8	32	25.6038	1.0000	99	9	-9999.0000	46847	23106	-9999	838	785	-9999	108.3396	5	0.6098	0.6555	-0.0073	12.0433	13.6899	218.2666	383.2615	39.1898	523.4459	105.0463	202.7542	99.7917	173.8894	99.1898	221.3834	95.3472	
06/08/2017	00:56:31	019001	H340006445HLR	L340	S		576.4388	1.0311	0.0000	99.9111	39.6397	0.8230	0.8260	5.0000	17.1416	675.1567	95.1157	7.0009	25.7000	0.9300	0.9400	0.6546	-0.0072	675.0000	675.4226	1.0285	1.9355	99.9522	39.2138	0.8230	0.8198	5.0000	-9999.0000	-9999.0000	-9999.0000	-9999.0000	-9999.0000	-9999.0000	17.9025	1	0	25.6427	1.0000	99	9	-9999.0000	46848	23107	-9999	839	786	-9999	408.2034	5	0.6098	0.6546	-0.0072	59.9296	5.9936	630.1647	374.9590	37.8009	584.6601	90.9722	616.0548	90.8796	628.7468	90.9028	645.0628	94.3750	
06/08/2017	00:56:56	019001	H340006466HLR	L340	S		590.9080	1.0311	0.0000	100.0004	39.6494	0.8230	0.8257	5.0000	17.8312	675.2255	94.4676	5.1803	25.7000	0.9300	0.9400	0.6409	-0.0050	675.0000	676.1367	1.0285	1.7927	100.0844	39.2138	0.8230	0.8198	5.0000	-9999.0000	-9999.0000	-9999.0000	-9999.0000	-9999.0000	-9999.0000	17.9026	2	0	25.6730	1.0000	99	9	-9999.0000	46849	23108	-9999	840	787	-9999	415.5726	5	0.6091	0.6409	-0.0050	81.2228	2.6594	657.8726	383.4412	37.0139	609.6352	91.6898	645.2997	91.3889	656.8093	91.4352	670.8268	94.6296	
06/08/2017	00:57:47	019001	H340006463HLR	L340	S		590.5317	1.0311	0.0000	99.9883	39.6723	0.8230	0.8260	5.0000	17.2218	675.2290	95.1157	4.8404	25.8000	0.9300	0.9400	0.6387	-0.0046	675.0000	677.1516	1.0285	1.5897	99.8481	39.0862	0.8230	0.8191	5.0000	-9999.0000	-9999.0000	-9999.0000	-9999.0000	-9999.0000	-9999.0000	18.1720	4	0	25.5832	1.0000	99	9	-9999.0000	46851	23109	-9999	842	788	-9999	416.5150	5	0.6087	0.6387	-0.0046	85.6636	1.9344	666.6092	361.2244	37.7546	610.7521	92.2454	654.0295	92.0139	665.3508	92.0139	679.1147	91.1111	
06/08/2017	00:58:13	019001	H340006474HLR	L340	S		593.4424	1.0311	0.0000	99.9305	39.6627	0.8230	0.8259	5.0000	17.2324	675.2925	94.8148	5.1110	25.7000	0.9300	0.9403	0.6402	-0.0048	675.0000	676.9961	1.0285	1.6208	99.9553	39.1000	0.8230	0.8201	5.0000	-9999.0000	-9999.0000	-9999.0000	-9999.0000	-9999.0000	-9999.0000	17.7716	5	0	26.1927	1.0000	99	9	-9999.0000	46852	23110	-9999	843	789	-9999	415.9369	5	0.6083	0.6402	-0.0048	83.5175	2.1751	662.0517	369.3465	36.1806	608.3750	93.0324	649.4408	92.6157	660.8589	92.6157	673.0014	95.0231	
06/08/2017	00:58:39	019001	H340006456HLR	L340	S		586.6689	1.0311	0.0000	99.9768	39.6441	0.8230	0.8260	5.0000	17.1621	675.2056	94.9306	5.6501	25.7000	0.9300	0.9402	0.6397	-0.0047	675.0000	678.3248	1.0285	1.3550	100.1104	39.2170	0.8230	0.8202	5.0000	-9999.0000	-9999.0000	-9999.0000	-9999.0000	-9999.0000	-9999.0000	17.9123	6	0	25.6937	1.0000	99	9	-9999.0000	46853	23111	-9999	843	790	-9999	413.9665	5	0.6090	0.6397	-0.0047	67.9376	4.3374	654.7616	360.6750	37.4537	598.8993	93.3102	642.3747	93.0093	653.3723	93.0787	665.1695	95.3472	
06/08/2017	00:59:04	019001	H340006458HLR	L340	S		590.7257	1.0311	0.0000	99.9931	39.6406	0.8230	0.8259	5.0000	17.3722	675.1278	94.6065	4.8912	25.7000	0.9300	0.9402	0.6397	-0.0047	675.0000	680.9561	1.0285	0.8288	99.9843	39.2332	0.8230	0.8199	5.0000	-9999.0000	-9999.0000	-9999.0000	-9999.0000	-9999.0000	-9999.0000	17.8313	7	0	24.9327	1.0000	99	9	-9999.0000	46854	23112	-9999	844	791	-9999	416.3639	5	0.6090	0.6397	-0.0047	67.9376	4.3374	667.3521	370.9438	38.6806	608.8313	93.4954	653.7115	93.7963	666.0958	93.7500	676.5833	94.2824	
06/08/2017	00:59:29	019001	H340006438HLR	L340	S		587.1135	1.0311	0.0000	99.9678	39.6382	0.8230	0.8254	5.0000	18.8723	675.2379	95.2546	5.4401	25.7000	0.9300	0.9404	0.6380	-0.0047	675.0000	677.6837	1.0285	1.4833	100.0132	39.2000	0.8230	0.8198	5.0000	-9999.0000	-9999.0000	-9999.0000	-9999.0000	-9999.0000	-9999.0000	17.9125	8	0	25.6533	1.0000	99	9	-9999.0000	46855	23113	-9999	844	792	-9999	413.5683	5	0.6151	0.6380	-0.0047	85.8002	1.9375	659.6086	389.1564	36.8750	605.0041	94.2593	646.9506	93.8426	658.3838	93.8194	668.9615	95.0231	
06/08/2017	00:59:56	019001	H340006468HLR	L340	S		591.1404	1.0311	0.0000	99.9813	39.6312	0.8230	0.8261	5.0000	17.2423	675.1554	95.0000	7.9307	25.7000	0.9300	0.9405	0.6383	-0.0047	675.0000	696.6747	1.0285	-2.3149	100.0547	39.1969	0.8230	0.8197	5.0000	-9999.0000	-9999.0000	-9999.0000	-9999.0000	-9999.0000	-9999.0000	17.9621	1	2	24.9426	1.0000	99	9	-9999.0000	46856	23114	-9999	845	793	-9999	405.7247	5	0.6147	0.6383	-0.0047	84.7179	2.0582	625.2660	364.8282	36.2269	537.2117	94.9769	609.2832	94.0972	623.5732	94.0972	636.6989	94.9306	
06/08/2017	01:00:21	019001	H340006482HLR	L340	S		585.8851	1.0311	0.0000	100.0237	39.6786	0.8230	0.8261	5.0000	17.2921	675.6204	94.2361	4.1509	25.7000	0.9300	0.0000	0.6379	-0.0047	675.0000	677.4592	1.0285	1.5282	99.9981	39.1999	0.8230	0.8199	5.0000	-9999.0000	-9999.0000	-9999.0000	-9999.0000	-9999.0000	-9999.0000	17.8626	2	0	25.6935	1.0000	99	9	-9999.0000	46857	23115	-9999	846	794	-9999	417.7464	5	0.6133	0.6379	-0.0047	79.3280	2.8011	675.4253	388.8348	38.0787	618.3130	94.2361	661.5712	94.2824	674.2962	94.2361	0.0000	0.0000	
06/08/2017	01:00:47	019001	H340006434HLR	L340	S		471.5353	1.0311	1.5953	99.9733	39.6000	0.8230	0.8263	5.0000	17.1016	0.0000	0.0000	0.0000	0.0000	0.9300	0.0000	0.0000	0.0000	0.0000	485.4817	1.0285	8.5778	100.0799	39.1791	0.8230	0.8204	5.0000	-9999.0000	-9999.0000	-9999.0000	-9999.0000	-9999.0000	-9999.0000	17.6213	3	7	24.9727	1.0000	99	9	-9999.0000	46858	0	-9999	847	795	-9999	0.0000	0	0.0000	0.0000	0.0000	0.0000	0.0000	0.0000	0.0000	0.0000	0.0000	0.0000	0.0000	0.0000	0.0000	0.0000	0.0000	0.0000	
06/08/2017	01:01:12	019001	H340006484HLR	L340	S		583.8118	1.0311	0.0000	99.9131	39.6500	0.8230	0.8260	5.0000	17.2822	682.8025	94.3287	4.1509	25.7000	0.9300	0.0000	0.6387	-0.0051	675.0000	678.7675	1.0285	1.2665	100.0696	39.2488	0.8230	0.8198	5.0000	-9999.0000	-9999.0000	-9999.0000	-9999.0000	-9999.0000	-9999.0000	17.8926	4	0	25.6027	1.0000	99	9	-9999.0000	46859	23116	-9999	848	796	-9999	421.7928	5	0.6123	0.6387	-0.0051	63.0146	5.0245	682.6161	355.2914	35.6713	618.3251	94.7222	666.0435	94.5139	681.3589	94.3287	0.0000	0.0000	
06/08/2017	01:01:37	019001	H340006487HLR	L340	S		581.8838	1.0311	0.0000	99.9445	39.6431	0.8230	0.8260	5.0000	17.1828	675.2413	94.5602	4.6607	25.8000	0.9300	0.9405	0.6572	-0.0087	675.0000	678.5327	1.0285	1.3135	100.0560	39.2032	0.8230	0.8197	5.0000	-9999.0000	-9999.0000	-9999.0000	-9999.0000	-9999.0000	-9999.0000	17.9326	5	0	24.8937	1.0000	99	9	-9999.0000	46860	23117	-9999	849	797	-9999	416.6318	5	0.6117	0.6572	-0.0087	56.9501	6.1496	667.5320	358.4380	37.5000	600.1726	94.4213	649.9584	94.4444	665.6395	94.3750	680.3266	50.3009	
06/08/2017	01:01:59	019001	H340006498HLR	L340	S		594.1735	1.0311	0.0000	100.0169	39.6500	0.8230	0.8259	5.0000	17.3228	686.9488	94.5602	4.1499	25.7000	0.9300	0.0000	0.6460	-0.0066	675.0000	684.8097	1.0285	0.0581	99.9643	39.2042	0.8230	0.8198	5.0000	-9999.0000	-9999.0000	-9999.0000	-9999.0000	-9999.0000	-9999.0000	17.8420	6	2	21.9421	1.0000	99	9	-9999.0000	46861	23118	-9999	850	798	-9999	425.0430	5	0.6125	0.6460	-0.0066	76.6606	2.4981	686.6777	364.6485	38.6574	618.6025	94.0278	669.8912	94.6528	685.0411	94.5833	0.0000	0.0000	
06/08/2017	01:02:15	019001	H340006489HLR	L340	S		583.3844	1.0311	0.0000	99.9529	39.6437	0.8230	0.8259	5.0000	17.3116	675.2619	95.0231	5.3610	25.8000	0.9300	0.9405	0.6460	-0.0066	675.0000	672.3706	1.0285	2.5459	100.0683	39.2032	0.8230	0.8199	5.0000	-9999.0000	-9999.0000	-9999.0000	-9999.0000	-9999.0000	-9999.0000	17.9221	7	0	16.5724	1.0000	99	9	-9999.0000	46862	23119	-9999	851	799	-9999	412.4428	5	0.6125	0.6460	-0.0066	76.6606	2.4981	660.0209	363.4397	36.8519	598.0570	95.1620	645.1465	94.6296	658.3739	94.5602	670.8061	94.9074	
06/08/2017	01:05:13	019001	G523003402HLR	L523	S		0.0000	0.0000	0.0000	0.0000	0.0000	0.8230	0.0000	0.0000	0.0000	0.0000	0.0000	0.0000	0.0000	0.9300	0.0000	0.0000	0.0000	0.0000	0.0000	0.0000	0.0000	0.0000	0.0000	0.8230	0.0000	0.0000	0.0000	0.0000	0.0000	0.0000	0.0000	0.0000	0.0000	0	42	7.7812	1.0000	99	9	0.0000	0	0	-9999	0	0	-9999	0.0000	0	0.0000	0.0000	0.0000	0.0000	0.0000	0.0000	0.0000	0.0000	0.0000	0.0000	0.0000	0.0000	0.0000	0.0000	0.0000	0.0000	
06/08/2017	01:07:52	019001	G523003429HLR	L523	S		435.1717	1.0311	3.4044	100.0514	39.3766	0.8230	0.8265	5.0000	17.2413	508.0842	94.9769	12.2915	25.6000	0.9300	0.9399	0.5920	-0.0024	508.0000	496.4836	1.0285	9.9872	100.0199	38.9000	0.8230	0.8206	5.0000	-9999.0000	-9999.0000	-9999.0000	-9999.0000	-9999.0000	-9999.0000	17.9426	1	1	25.0635	1.0000	99	9	-9999.0000	46863	23120	-9999	852	800	-9999	285.8597	5	0.5674	0.5920	-0.0024	31.3911	3.1836	473.7276	350.0037	36.9444	457.9036	98.7731	464.7613	96.5741	470.2852	96.4120	474.6148	94.9074	
06/08/2017	01:09:27	019001	G523003419HLR	L523	S		439.8023	1.0311	3.1740	100.0308	39.3912	0.8230	0.8261	5.0000	17.5724	508.1108	94.9537	13.7018	25.6000	0.9300	0.9400	0.6053	-0.0024	508.0000	508.3057	1.0285	11.5016	100.1422	38.8631	0.8230	0.8204	5.0000	-9999.0000	-9999.0000	-9999.0000	-9999.0000	-9999.0000	-9999.0000	17.8321	5	0	25.0429	1.0000	99	9	-9999.0000	46864	23121	-9999	853	801	-9999	290.8985	5	0.5758	0.6053	-0.0024	31.0353	3.1475	461.5731	358.3305	36.7824	443.0161	96.8981	455.5253	95.0000	460.9099	94.9074	465.9982	94.9537	
06/08/2017	01:11:00	019001	G523003426HLR	L523	S		437.9625	1.0311	3.2655	100.0077	39.3696	0.8230	0.8261	5.0000	17.7619	508.0772	94.9306	13.6618	25.6000	0.9300	0.9400	0.6052	-0.0024	508.0000	506.4777	1.0285	11.2674	100.0578	38.8547	0.8230	0.8204	5.0000	-9999.0000	-9999.0000	-9999.0000	-9999.0000	-9999.0000	-9999.0000	17.8322	1	0	22.5530	1.0000	99	9	-9999.0000	46865	23122	-9999	854	802	-9999	290.8871	5	0.5735	0.6052	-0.0024	31.0413	3.1481	461.8589	357.5594	37.4074	444.7001	96.6435	455.8179	94.8611	461.1968	94.7917	466.5760	94.9306	
06/08/2017	01:12:38	019001	G523003406HLR	L523	Q		445.0539	1.0311	2.9127	100.0502	39.3707	0.8230	0.8261	5.0000	17.3927	508.0634	95.0000	11.1713	25.6000	0.9300	0.9400	0.6060	-0.0024	508.0000	510.9068	1.0285	11.8348	100.0193	38.8333	0.8230	0.8205	5.0000	-9999.0000	-9999.0000	-9999.0000	-9999.0000	-9999.0000	-9999.0000	17.5020	5	0	28.1733	1.0000	99	9	-9999.0000	46866	23123	-9999	855	803	-9999	294.2855	5	0.5738	0.6060	-0.0024	31.0236	3.1463	472.0409	355.9326	35.6250	448.1561	96.1343	466.0007	94.8148	471.4431	94.6991	476.9190	94.8843	
06/08/2017	01:14:14	019001	G523004341HLR	L523	S		431.9923	1.0311	3.5626	99.9908	39.3902	0.8230	0.8263	5.0000	17.0517	508.1052	94.9306	16.7716	25.6000	0.9300	0.9401	0.6051	-0.0024	508.0000	504.6605	1.0285	11.0346	99.9890	38.8333	0.8230	0.8205	5.0000	-9999.0000	-9999.0000	-9999.0000	-9999.0000	-9999.0000	-9999.0000	17.8419	1	0	26.3139	1.0000	99	9	-9999.0000	46867	23124	-9999	856	804	-9999	287.0525	5	0.5744	0.6051	-0.0024	31.0470	3.1487	448.7990	359.7283	39.0278	429.9754	96.5741	443.2056	95.1620	448.1344	95.0694	453.3819	95.0000	
06/08/2017	01:15:54	019001	G523004343HLR	L523	Q		433.9217	1.0311	3.4666	99.9562	39.3512	0.8230	0.8262	5.0000	17.2920	508.0565	94.9537	14.8924	25.6000	0.9300	0.9400	0.5915	-0.0013	508.0000	504.0993	1.0285	10.9627	100.0249	38.8333	0.8230	0.8205	5.0000	-9999.0000	-9999.0000	-9999.0000	-9999.0000	-9999.0000	-9999.0000	17.7824	5	0	29.5632	1.0000	99	9	-9999.0000	46868	23125	-9999	857	805	-9999	290.4026	5	0.5733	0.5915	-0.0013	51.9559	1.2236	464.0307	364.7469	36.2269	448.3552	96.8287	459.6307	94.9769	463.5886	94.8611	468.4106	94.9537	
06/08/2017	01:17:28	019001	G523004351HLR	L523	S		432.6958	1.0311	3.5276	100.0018	39.3640	0.8230	0.8263	5.0000	17.2022	508.0436	94.9306	18.1819	25.6000	0.9300	0.9401	0.5897	-0.0012	508.0000	508.2691	1.0285	11.4969	99.9029	38.8333	0.8230	0.8205	5.0000	-9999.0000	-9999.0000	-9999.0000	-9999.0000	-9999.0000	-9999.0000	17.6526	1	0	26.4231	1.0000	99	9	-9999.0000	46869	23126	-9999	858	806	-9999	288.7789	5	0.5737	0.5897	-0.0012	50.0896	1.3469	457.6262	370.2919	38.3565	442.1433	96.5278	452.5143	95.1852	456.9728	95.0694	461.3413	95.0000	
06/08/2017	01:19:22	019001	G523004352HLR	L523	S		433.9507	1.0311	3.4651	99.9708	39.3488	0.8230	0.8263	5.0000	17.1222	508.0700	94.9537	15.0516	25.6000	0.9300	0.9401	0.5900	-0.0012	508.0000	506.7027	1.0285	11.2962	99.8813	38.8333	0.8230	0.8206	5.0000	-9999.0000	-9999.0000	-9999.0000	-9999.0000	-9999.0000	-9999.0000	17.9427	5	0	27.7836	1.0000	99	9	-9999.0000	46870	23127	-9999	859	807	-9999	290.6446	5	0.5728	0.5900	-0.0012	50.0862	1.3471	465.0583	375.1379	38.3102	448.4249	96.4583	460.4158	95.1620	464.7347	95.0463	468.8504	95.0231	
06/08/2017	01:19:55	019001	G523004362HLR	L523	S		431.0980	1.0311	3.6071	100.0365	39.2745	0.8230	0.8266	5.0000	17.3019	508.0629	94.9306	18.4417	25.4000	0.9300	0.9398	0.5900	-0.0012	508.0000	507.7235	1.0285	11.4270	99.9935	39.0000	0.8230	0.8213	5.0000	-9999.0000	-9999.0000	-9999.0000	-9999.0000	-9999.0000	-9999.0000	17.5217	6	0	33.1148	1.0000	99	9	-9999.0000	46871	23128	-9999	860	808	-9999	288.5644	5	0.5728	0.5900	-0.0012	50.0862	1.3471	455.5665	386.0213	38.7500	442.9872	95.9259	451.0030	95.1852	455.0093	95.1620	459.3399	95.0463	
06/08/2017	01:24:47	019001	G523004364HLR	L523	S		439.0489	1.0311	3.2115	99.9607	39.4681	0.8230	0.8271	5.0000	17.3117	508.0583	94.9537	14.0017	25.4000	0.9300	0.9397	0.5900	-0.0012	508.0000	509.8883	1.0285	11.7043	99.9034	39.0959	0.8230	0.8210	5.0000	-9999.0000	-9999.0000	-9999.0000	-9999.0000	-9999.0000	-9999.0000	17.5423	7	0	290.8144	1.0000	99	9	-9999.0000	46872	23129	-9999	861	809	-9999	291.2842	5	0.5728	0.5900	-0.0012	50.0862	1.3471	469.5485	390.6636	37.9398	450.5991	95.8333	463.8147	95.0926	468.9102	95.0000	473.7581	95.0000	
06/08/2017	01:25:16	019001	G523004361HLR	L523	S		431.1363	1.0311	3.6052	99.9788	39.6308	0.8230	0.8268	5.0000	17.3125	508.0618	94.9306	18.2620	25.4000	0.9300	0.9399	0.5899	-0.0012	508.0000	-9999.0000	0.0000	0.0000	-9999.0000	-9999.0000	0.8230	-9999.0000	0.0000	-9999.0000	-9999.0000	-9999.0000	-9999.0000	-9999.0000	-9999.0000	0.0000	8	0	30.0242	1.0000	99	9	-9999.0000	46873	23130	-9999	862	0	-9999	288.6751	5	0.5729	0.5899	-0.0012	49.8389	1.3965	455.2966	403.3654	38.2639	442.7990	96.0417	450.7286	94.9537	454.7144	94.9306	459.2309	94.9769	
06/08/2017	01:25:45	019001	G523004346HLR	L523	S		433.2646	1.0311	3.4993	99.9619	39.5500	0.8230	0.8263	5.0000	17.1416	508.0579	94.9074	16.3829	25.4000	0.9300	0.9398	0.5898	-0.0012	508.0000	506.8360	1.0285	11.3133	99.9807	38.8333	0.8230	0.8209	5.0000	-9999.0000	-9999.0000	-9999.0000	-9999.0000	-9999.0000	-9999.0000	17.8919	1	0	29.3034	1.0000	99	9	-9999.0000	46874	23131	-9999	863	810	-9999	289.9916	5	0.5724	0.5898	-0.0012	48.6713	1.4803	460.4828	410.3836	40.6944	448.6474	95.1620	455.5913	94.9306	459.8503	94.8148	464.1862	95.0000	
06/08/2017	01:26:12	019001	G523004355HLR	L523	S		431.8221	1.0311	3.5710	99.9749	39.4695	0.8230	0.8263	5.0000	17.1418	508.0779	94.9537	17.7414	25.4000	0.9300	0.9398	0.5890	-0.0011	508.0000	508.3946	1.0285	11.5129	100.0156	38.9938	0.8230	0.8213	5.0000	-9999.0000	-9999.0000	-9999.0000	-9999.0000	-9999.0000	-9999.0000	17.6028	2	0	26.5931	1.0000	99	9	-9999.0000	46875	23131	-9999	864	811	-9999	289.1979	5	0.5722	0.5890	-0.0011	49.4845	1.4420	457.7916	403.3254	39.4676	448.7551	95.4630	453.1455	94.9537	457.2361	94.8380	461.2797	94.9537	
06/08/2017	01:26:42	019001	G523004368HLR	L523	S		442.6357	1.0311	3.0330	99.9999	39.4500	0.8230	0.8264	5.0000	17.2824	0.0000	0.0000	0.0000	0.0000	0.9300	0.0000	0.0000	0.0000	508.0000	450.0427	1.0285	4.0381	100.0197	39.0465	0.8230	0.8210	5.0000	-9999.0000	-9999.0000	-9999.0000	-9999.0000	-9999.0000	-9999.0000	17.4815	3	1	30.3542	1.0000	99	9	-9999.0000	46876	0	-9999	865	812	-9999	0.0000	0	0.0000	0.0000	0.0000	0.0000	0.0000	0.0000	0.0000	0.0000	0.0000	0.0000	0.0000	0.0000	0.0000	0.0000	0.0000	0.0000	
06/08/2017	01:27:09	019001	G523004375HLR	L523	S		-9999.0000	0.0000	0.0000	-9999.0000	-9999.0000	0.8230	-9999.0000	0.0000	0.0000	508.0879	94.9537	17.9416	25.6000	0.9300	0.9401	0.5882	-0.0011	508.0000	507.6337	1.0285	11.4155	99.9741	39.0344	0.8230	0.8206	5.0000	-9999.0000	-9999.0000	-9999.0000	-9999.0000	-9999.0000	-9999.0000	18.0813	4	0	27.6127	1.0000	99	9	-9999.0000	0	23132	-9999	866	813	-9999	289.0183	5	0.5720	0.5882	-0.0011	49.3950	1.4521	454.4171	348.2844	39.0972	435.5899	95.7870	449.5949	94.6065	453.9316	94.4444	458.6067	95.0000	
06/08/2017	01:27:36	019001	G523004349HLR	L523	S		430.8253	1.0311	3.6206	99.9739	39.3035	0.8230	0.8266	5.0000	17.1817	508.0422	94.9306	17.9329	25.4000	0.9300	0.9397	0.5896	-0.0011	508.0000	508.1667	1.0285	11.4837	99.9713	39.0333	0.8230	0.8206	5.0000	-9999.0000	-9999.0000	-9999.0000	-9999.0000	-9999.0000	-9999.0000	17.4425	5	0	26.9233	1.0000	99	9	-9999.0000	46877	23133	-9999	867	814	-9999	289.1565	5	0.5717	0.5896	-0.0011	49.2627	1.4763	457.0259	397.8216	39.3981	445.8198	95.9028	452.7976	95.0231	456.5835	94.8843	461.2299	94.9769	
06/08/2017	01:28:07	019001	G523004388HLR	L523	S		436.5955	1.0311	3.3336	99.9528	39.4000	0.8230	0.8271	5.0000	17.1719	508.0958	94.9306	14.4911	25.4000	0.9300	0.9396	0.5896	-0.0011	508.0000	509.6682	1.0285	11.6761	100.1336	39.0211	0.8230	0.8206	5.0000	-9999.0000	-9999.0000	-9999.0000	-9999.0000	-9999.0000	-9999.0000	17.4621	6	0	31.0740	1.0000	99	9	-9999.0000	46878	23134	-9999	867	815	-9999	291.1787	5	0.5717	0.5896	-0.0011	49.2627	1.4763	468.2658	375.7442	37.8241	455.5200	95.8102	463.3327	95.0231	467.7146	94.9537	472.3482	95.0000	
06/08/2017	01:28:35	019001	G523004369HLR	L523	S		429.0368	1.0311	3.7096	100.0863	39.5500	0.8230	0.8270	5.0000	17.3624	508.0435	94.9074	18.9818	25.4000	0.9300	0.9396	0.5887	-0.0011	508.0000	508.5085	1.0285	11.5275	99.8451	39.0333	0.8230	0.8203	5.0000	-9999.0000	-9999.0000	-9999.0000	-9999.0000	-9999.0000	-9999.0000	19.5024	7	0	27.0932	1.0000	99	9	-9999.0000	46879	23135	-9999	868	816	-9999	288.4998	5	0.5712	0.5887	-0.0011	50.1314	1.4286	453.6162	392.2389	38.5417	440.8591	95.8565	448.6129	95.0463	452.9493	95.0000	457.1164	95.0231	
06/08/2017	01:29:05	019001	G523004379HLR	L523	S		431.0270	1.0311	3.6106	99.9534	39.5500	0.8230	0.8266	5.0000	17.2217	508.0609	94.9769	15.4814	25.4000	0.9300	0.9396	0.6029	-0.0019	508.0000	506.1727	1.0285	11.2283	99.9666	39.0969	0.8230	0.8204	5.0000	-9999.0000	-9999.0000	-9999.0000	-9999.0000	-9999.0000	-9999.0000	19.0326	8	0	30.1335	1.0000	99	9	-9999.0000	46880	23136	-9999	869	817	-9999	290.5096	5	0.5705	0.6029	-0.0019	49.7712	1.4632	464.3536	391.7956	38.1019	454.9504	95.7407	460.2040	94.8148	463.6683	94.7454	468.0811	94.9769	
06/08/2017	01:29:31	019001	G523004389HLR	L523	S		433.5889	1.0311	3.4831	99.9744	39.5000	0.8230	0.8263	5.0000	17.2922	508.0415	94.9306	15.5615	25.4000	0.9300	0.9397	0.5888	-0.0011	508.0000	507.4008	1.0285	11.3856	100.0019	39.1000	0.8230	0.8206	5.0000	-9999.0000	-9999.0000	-9999.0000	-9999.0000	-9999.0000	-9999.0000	17.9523	1	0	26.4740	1.0000	99	9	-9999.0000	46881	23137	-9999	870	818	-9999	291.3405	5	0.5707	0.5888	-0.0011	52.4260	1.3257	457.7644	368.4480	39.0278	428.2326	95.6944	452.9030	95.1157	457.2598	95.0926	462.2322	95.0231	
06/08/2017	01:29:59	019001	G523004431HLR	L523	S		428.6679	1.0311	3.7280	100.0574	39.4500	0.8230	0.8265	5.0000	17.1720	508.0552	94.9074	18.9916	25.4000	0.9300	0.9397	0.5831	-0.0008	508.0000	507.5976	1.0285	11.4108	99.9655	39.1000	0.8230	0.8204	5.0000	-9999.0000	-9999.0000	-9999.0000	-9999.0000	-9999.0000	-9999.0000	17.6516	2	0	27.6029	1.0000	99	9	-9999.0000	46882	23138	-9999	871	819	-9999	288.5976	5	0.5699	0.5831	-0.0008	52.2235	1.3606	453.6586	374.1555	37.9167	442.5479	96.0185	448.8720	95.0231	452.9737	94.9537	457.4470	95.0231	
06/08/2017	01:30:28	019001	G523004394HLR	L523	S		433.3399	1.0311	3.4955	99.9592	39.4500	0.8230	0.8266	5.0000	17.3225	508.0599	94.9306	15.7422	25.4000	0.9300	0.9397	0.5831	-0.0008	508.0000	508.3257	1.0285	11.5041	100.1091	39.0667	0.8230	0.8205	5.0000	-9999.0000	-9999.0000	-9999.0000	-9999.0000	-9999.0000	-9999.0000	17.4718	3	0	28.9138	1.0000	99	9	-9999.0000	46883	23139	-9999	872	820	-9999	289.9096	5	0.5699	0.5831	-0.0008	52.2235	1.3606	466.5348	400.1659	37.7546	454.6912	96.0417	461.1853	95.2546	465.9788	95.1389	470.0308	95.0463	
06/08/2017	01:30:56	019001	G523004391HLR	L523	S		430.7238	1.0311	3.6257	99.9762	39.5500	0.8230	0.8266	5.0000	17.2423	508.0676	94.9306	18.0120	25.4000	0.9300	0.9398	0.5886	-0.0011	508.0000	508.0182	1.0285	11.4647	99.9308	39.1000	0.8230	0.8205	5.0000	-9999.0000	-9999.0000	-9999.0000	-9999.0000	-9999.0000	-9999.0000	17.7219	4	0	28.0737	1.0000	99	9	-9999.0000	46884	23140	-9999	873	821	-9999	289.1652	5	0.5705	0.5886	-0.0011	52.6533	1.3591	456.7592	383.4936	38.4028	446.1663	95.8565	452.5582	94.9769	456.1239	94.8843	460.3687	94.9769	
06/08/2017	01:31:22	019001	G523004398HLR	L523	S		434.4776	1.0311	3.4389	99.9368	39.5020	0.8230	0.8265	5.0000	17.2325	508.0684	94.9537	15.1024	25.4000	0.9300	0.9398	0.5886	-0.0011	508.0000	508.9523	1.0285	11.5844	99.9674	39.1000	0.8230	0.8205	5.0000	-9999.0000	-9999.0000	-9999.0000	-9999.0000	-9999.0000	-9999.0000	17.6720	5	0	26.4026	1.0000	99	9	-9999.0000	46885	23141	-9999	874	822	-9999	290.8015	5	0.5705	0.5886	-0.0011	52.6533	1.3591	465.1470	395.6756	38.0787	451.4148	95.9028	460.2069	95.0926	464.6208	95.0231	469.1546	95.0000	
06/08/2017	01:31:50	019001	G523004404HLR	L523	S		436.6296	1.0311	3.3319	99.9720	39.5071	0.8230	0.8266	5.0000	17.2520	508.0676	94.9306	15.5019	25.4000	0.9300	0.9399	0.5915	-0.0012	508.0000	509.7048	1.0285	11.6808	99.9473	39.1000	0.8230	0.8205	5.0000	-9999.0000	-9999.0000	-9999.0000	-9999.0000	-9999.0000	-9999.0000	17.4718	6	0	27.8638	1.0000	99	9	-9999.0000	46886	23142	-9999	875	823	-9999	290.5765	5	0.5705	0.5915	-0.0012	53.6546	1.3246	465.3825	393.7042	39.0046	454.8771	95.5787	460.0961	95.1620	464.8383	95.0926	469.9558	95.0463	
06/08/2017	01:32:18	019001	G523004405HLR	L523	S		432.7142	1.0311	3.5267	99.9787	39.5000	0.8230	0.8265	5.0000	17.0919	508.0582	94.9306	17.5119	25.4000	0.9300	0.9399	0.5878	-0.0010	508.0000	508.4790	1.0285	11.5238	100.0532	39.1000	0.8230	0.8205	5.0000	-9999.0000	-9999.0000	-9999.0000	-9999.0000	-9999.0000	-9999.0000	17.6515	7	0	27.6831	1.0000	99	9	-9999.0000	46887	23143	-9999	876	824	-9999	289.5354	5	0.5702	0.5878	-0.0010	54.6004	1.2760	456.5962	369.1956	36.2269	442.7509	96.3657	451.5519	94.9769	456.0678	94.8843	460.5187	94.9769	
06/08/2017	01:32:47	019001	G523004407HLR	L523	S		433.8485	1.0311	3.4702	99.9600	39.5198	0.8230	0.8266	5.0000	17.1212	508.0607	94.9306	16.0420	25.4000	0.9300	0.9399	0.5819	-0.0007	508.0000	506.3974	1.0285	11.2571	99.8459	39.1000	0.8230	0.8205	5.0000	-9999.0000	-9999.0000	-9999.0000	-9999.0000	-9999.0000	-9999.0000	17.6722	8	0	28.9937	1.0000	99	9	-9999.0000	46888	23144	-9999	877	825	-9999	290.1876	5	0.5704	0.5819	-0.0007	55.0089	1.2604	463.3662	376.9763	38.1019	451.2399	95.8565	458.8391	94.9306	462.7564	94.7917	467.1248	94.9537	
06/08/2017	01:33:14	019001	G523004432HLR	L523	S		435.7738	1.0311	3.3744	99.9548	39.5500	0.8230	0.8265	5.0000	17.2822	508.0517	94.9537	15.0116	25.4000	0.9300	0.9400	0.5819	-0.0007	508.0000	509.1449	1.0285	11.6091	100.0463	39.1000	0.8230	0.8205	5.0000	-9999.0000	-9999.0000	-9999.0000	-9999.0000	-9999.0000	-9999.0000	17.9320	1	0	27.1636	1.0000	99	9	-9999.0000	46889	23145	-9999	877	826	-9999	290.1961	5	0.5704	0.5819	-0.0007	55.0089	1.2604	469.7458	380.6838	35.9954	454.8821	95.6481	465.8646	94.8611	469.2563	94.7685	473.1775	94.9769	
06/08/2017	01:33:42	019001	G523004426HLR	L523	S		432.5879	1.0311	3.5329	100.0128	39.5262	0.8230	0.8264	5.0000	17.2522	508.0642	94.9306	15.7627	25.4000	0.9300	0.9399	0.5814	-0.0007	508.0000	506.2766	1.0285	11.2416	99.9168	39.1011	0.8230	0.8205	5.0000	-9999.0000	-9999.0000	-9999.0000	-9999.0000	-9999.0000	-9999.0000	17.5626	2	0	28.3333	1.0000	99	9	-9999.0000	46890	23146	-9999	878	827	-9999	289.8700	5	0.5705	0.5814	-0.0007	54.3206	1.2878	467.5640	380.5356	39.1667	451.1339	95.7176	462.5946	95.2546	466.9317	95.2083	470.8061	95.0231	
06/08/2017	01:34:10	019001	G523004409HLR	L523	S		429.3635	1.0311	3.6934	99.9674	39.5000	0.8230	0.8264	5.0000	17.3918	508.0639	94.8843	16.2520	25.4000	0.9300	0.9399	0.5906	-0.0012	508.0000	505.7009	1.0285	11.1679	99.9459	39.1000	0.8230	0.8205	5.0000	-9999.0000	-9999.0000	-9999.0000	-9999.0000	-9999.0000	-9999.0000	17.5618	3	0	28.2535	1.0000	99	9	-9999.0000	46891	23147	-9999	879	828	-9999	289.6918	5	0.5707	0.5906	-0.0012	52.7472	1.3684	466.7520	373.9188	38.5185	452.2891	95.9259	461.8635	95.1157	466.3427	95.0231	470.4277	95.0000	
06/08/2017	01:34:40	019001	G523004439HLR	L523	S		432.4347	1.0311	3.5406	100.0502	39.5500	0.8230	0.8266	5.0000	17.2122	508.0747	94.8843	16.9220	25.4000	0.9300	0.9399	0.5846	-0.0008	508.0000	506.8335	1.0285	11.3130	99.9575	39.1084	0.8230	0.8205	5.0000	-9999.0000	-9999.0000	-9999.0000	-9999.0000	-9999.0000	-9999.0000	17.5823	4	0	29.3132	1.0000	99	9	-9999.0000	46892	23148	-9999	880	829	-9999	289.8746	5	0.5710	0.5846	-0.0008	54.7584	1.2414	460.1721	390.3760	39.1435	449.0773	95.7639	454.9186	95.0926	459.6432	95.0000	463.7871	95.0463	
06/08/2017	01:35:12	019001	G523004400HLR	L523	S		433.2251	1.0311	3.5012	99.9412	39.5500	0.8230	0.8265	5.0000	17.0616	508.0502	94.9306	15.7822	25.4000	0.9300	0.9398	0.5830	-0.0008	508.0000	507.4303	1.0285	11.3894	99.8916	39.1223	0.8230	0.8204	5.0000	-9999.0000	-9999.0000	-9999.0000	-9999.0000	-9999.0000	-9999.0000	17.6722	5	0	31.8340	1.0000	99	9	-9999.0000	46893	23149	-9999	881	830	-9999	290.2915	5	0.5709	0.5830	-0.0008	53.1759	1.3267	467.5184	380.2630	36.8750	455.2397	96.1111	462.8029	95.0694	466.9344	95.0000	470.8107	95.0231	
06/08/2017	01:35:41	019001	G523004438HLR	L523	S		433.4030	1.0311	3.4924	99.9676	39.5500	0.8230	0.8264	5.0000	17.2228	508.0538	94.9074	16.2217	25.4000	0.9300	0.9399	0.5808	-0.0006	508.0000	507.6445	1.0285	11.4169	99.9716	39.1042	0.8230	0.8204	5.0000	-9999.0000	-9999.0000	-9999.0000	-9999.0000	-9999.0000	-9999.0000	17.5812	6	0	29.3130	1.0000	99	9	-9999.0000	46894	23149	-9999	882	831	-9999	290.0340	5	0.5707	0.5808	-0.0006	53.6702	1.3061	465.6882	378.6810	36.6667	451.9012	96.2500	461.2546	94.9537	465.0529	94.8611	469.0839	95.0000	
06/08/2017	01:36:12	019001	G523004419HLR	L523	S		436.8584	1.0311	3.3205	100.0763	39.5000	0.8230	0.8264	5.0000	17.3322	508.0764	94.8843	16.8917	25.4000	0.9300	0.9399	0.5781	-0.0004	508.0000	509.7854	1.0285	11.6911	100.0184	39.1000	0.8230	0.8203	5.0000	-9999.0000	-9999.0000	-9999.0000	-9999.0000	-9999.0000	-9999.0000	18.3225	7	0	31.5342	1.0000	99	9	-9999.0000	46895	23150	-9999	883	832	-9999	289.6793	5	0.5710	0.5781	-0.0004	57.5629	1.0529	466.1439	381.6754	37.5694	457.4688	96.0880	461.9509	95.0463	465.4851	94.9769	469.5054	95.0000	
06/08/2017	01:36:41	019001	G523004420HLR	L523	S		433.3696	1.0311	3.4940	99.9885	39.5469	0.8230	0.8265	5.0000	17.2824	508.0242	94.8843	17.2121	25.4000	0.9300	0.9399	0.5798	-0.0005	508.0000	508.3153	1.0285	11.5028	99.9857	39.1000	0.8230	0.8205	5.0000	-9999.0000	-9999.0000	-9999.0000	-9999.0000	-9999.0000	-9999.0000	17.6623	8	0	28.9234	1.0000	99	9	-9999.0000	46896	23151	-9999	884	833	-9999	289.8947	5	0.5712	0.5798	-0.0005	56.7557	1.0968	466.6695	382.3140	38.2176	456.8386	95.9491	463.1279	94.9769	466.1884	94.8843	469.7112	95.0000	
06/08/2017	01:37:12	019001	G523004578HLR	L523	S		430.7732	1.0311	3.6232	99.9263	39.5500	0.8230	0.8265	5.0000	17.3321	508.0657	94.9537	20.4527	25.4000	0.9300	0.9399	0.5703	0.0001	508.0000	509.9063	1.0285	11.7066	100.0053	39.1333	0.8230	0.8204	5.0000	-9999.0000	-9999.0000	-9999.0000	-9999.0000	-9999.0000	-9999.0000	17.5618	1	0	31.0438	1.0000	99	9	-9999.0000	46897	23152	-9999	885	834	-9999	289.1286	5	0.5715	0.5703	0.0001	61.7264	0.7769	459.1490	383.2057	38.3333	448.2717	96.0648	455.6480	95.3704	458.4987	95.2315	462.5363	95.0926	
06/08/2017	01:37:43	019001	G523004579HLR	L523	S		432.5539	1.0311	3.5346	100.0187	39.5500	0.8230	0.8265	5.0000	17.0812	508.0324	94.9306	17.2521	25.4000	0.9300	0.9399	0.5801	-0.0006	508.0000	508.6619	1.0285	11.5472	100.0313	39.1000	0.8230	0.8205	5.0000	-9999.0000	-9999.0000	-9999.0000	-9999.0000	-9999.0000	-9999.0000	17.5717	2	0	30.8836	1.0000	99	9	-9999.0000	46898	23153	-9999	886	835	-9999	290.4333	5	0.5711	0.5801	-0.0006	61.4098	0.7775	470.4274	384.7754	36.5046	458.9599	96.4120	466.1288	95.1620	470.0699	95.0231	473.6252	95.0231	
06/08/2017	01:38:13	019001	G523004588HLR	L523	S		430.0668	1.0311	3.6584	99.9836	39.5500	0.8230	0.8264	5.0000	17.2323	508.0567	94.9769	20.1421	25.4000	0.9300	0.9400	0.5890	-0.0011	508.0000	509.2975	1.0285	11.6286	100.0364	39.1064	0.8230	0.8204	5.0000	-9999.0000	-9999.0000	-9999.0000	-9999.0000	-9999.0000	-9999.0000	17.4816	3	0	30.2243	1.0000	99	9	-9999.0000	46899	23154	-9999	887	836	-9999	289.1297	5	0.5712	0.5890	-0.0011	61.4601	0.7812	459.0078	380.3951	36.6435	445.0877	96.4583	454.8747	95.2083	458.4584	95.0694	462.2009	95.0463	
06/08/2017	01:38:43	019001	G523004589HLR	L523	S		432.2505	1.0311	3.5497	99.9860	39.5032	0.8230	0.8265	5.0000	17.1415	508.0541	94.9074	16.8224	25.4000	0.9300	0.9399	0.5881	-0.0010	508.0000	507.1385	1.0285	11.3520	99.8943	39.1000	0.8230	0.8204	5.0000	-9999.0000	-9999.0000	-9999.0000	-9999.0000	-9999.0000	-9999.0000	17.6215	4	0	29.6036	1.0000	99	9	-9999.0000	46900	23155	-9999	888	837	-9999	290.0400	5	0.5709	0.5881	-0.0010	57.0791	1.0492	460.3975	379.1330	37.3148	450.9614	96.0185	456.0391	94.9074	459.8683	94.8148	464.0159	94.9769	
06/08/2017	01:39:14	019001	G523004598HLR	L523	S		429.6275	1.0311	3.6802	99.9581	39.5500	0.8230	0.8266	5.0000	17.1016	508.0673	94.9306	19.7026	25.4000	0.9300	0.9399	0.5907	-0.0012	508.0000	508.2527	1.0285	11.4948	99.8954	39.1000	0.8230	0.8205	5.0000	-9999.0000	-9999.0000	-9999.0000	-9999.0000	-9999.0000	-9999.0000	17.6116	5	0	30.5336	1.0000	99	9	-9999.0000	46901	23156	-9999	889	838	-9999	288.6229	5	0.5707	0.5907	-0.0012	57.4631	1.0430	453.3427	397.3940	39.0741	442.9378	95.9028	448.7567	95.1157	452.8523	95.0000	456.6192	95.0231	
06/08/2017	01:39:45	019001	G523004599HLR	L523	S		429.2532	1.0311	3.6988	100.0226	39.5500	0.8230	0.8265	5.0000	17.3518	508.0400	94.9074	18.8119	25.4000	0.9300	0.9399	0.5902	-0.0011	508.0000	506.7653	1.0285	11.3042	99.9900	39.1233	0.8230	0.8205	5.0000	-9999.0000	-9999.0000	-9999.0000	-9999.0000	-9999.0000	-9999.0000	17.6330	6	0	31.9034	1.0000	99	9	-9999.0000	46902	23157	-9999	889	839	-9999	289.0934	5	0.5705	0.5902	-0.0011	55.4721	1.1608	453.0251	400.3027	40.4167	444.1409	95.5787	448.3193	95.0926	452.3435	94.9306	456.4649	95.0000	
06/08/2017	01:40:16	019001	G523004608HLR	L523	S		430.0098	1.0311	3.6612	100.0026	39.5500	0.8230	0.8264	5.0000	17.6019	508.0871	94.9074	18.8714	25.4000	0.9300	0.9400	0.5902	-0.0011	508.0000	507.5787	1.0285	11.4084	99.8970	39.1212	0.8230	0.8204	5.0000	-9999.0000	-9999.0000	-9999.0000	-9999.0000	-9999.0000	-9999.0000	17.6927	7	0	30.5935	1.0000	99	9	-9999.0000	46903	23158	-9999	889	840	-9999	289.1433	5	0.5705	0.5902	-0.0011	55.5199	1.1577	453.6402	378.0141	38.8889	442.5262	95.9028	448.3260	95.0926	453.0666	94.9537	456.9896	95.0000	
06/08/2017	01:43:06	019001	G523003403HLR	L523	S		0.0000	0.0000	0.0000	0.0000	0.0000	0.8230	0.0000	0.0000	0.0000	0.0000	0.0000	0.0000	0.0000	0.9300	0.0000	0.0000	0.0000	0.0000	0.0000	0.0000	0.0000	0.0000	0.0000	0.8230	0.0000	0.0000	0.0000	0.0000	0.0000	0.0000	0.0000	0.0000	0.0000	0	42	30.5935	1.0000	99	9	0.0000	0	0	0	0	0	0	0.0000	0	0.0000	0.0000	0.0000	0.0000	0.0000	0.0000	0.0000	0.0000	0.0000	0.0000	0.0000	0.0000	0.0000	0.0000	0.0000	0.0000	
06/08/2017	01:43:27	019001	G523004609HLR	L523	S		431.1885	1.0311	3.6026	99.9971	39.5500	0.8230	0.8264	5.0000	17.1915	508.0638	94.9306	17.4826	25.4000	0.9300	0.9399	0.5899	-0.0011	508.0000	507.4554	1.0285	11.3926	99.9529	39.1000	0.8230	0.8202	5.0000	-9999.0000	-9999.0000	-9999.0000	-9999.0000	-9999.0000	-9999.0000	18.5521	8	0	190.8934	1.0000	99	9	-9999.0000	46904	23159	-9999	890	841	-9999	289.9108	5	0.5700	0.5899	-0.0011	54.3983	1.2205	457.5672	369.6997	37.9861	443.6230	96.0185	452.1019	95.1157	456.7665	94.9769	462.0052	94.9769	
06/08/2017	01:43:55	019001	G523004582HLR	L523	S		428.9935	1.0311	3.7118	100.0490	39.5500	0.8230	0.8265	5.0000	17.2921	508.0527	94.9074	19.1723	25.4000	0.9300	0.9401	0.5889	-0.0011	508.0000	507.4237	1.0285	11.3886	100.0238	39.1201	0.8230	0.8204	5.0000	-9999.0000	-9999.0000	-9999.0000	-9999.0000	-9999.0000	-9999.0000	18.4524	1	0	27.6332	1.0000	99	9	-9999.0000	46905	23160	-9999	890	842	-9999	288.9208	5	0.5698	0.5889	-0.0011	55.2388	1.1811	453.2553	373.4562	36.7361	441.0677	96.3657	448.2425	95.1389	452.5591	95.0231	456.7586	95.0231	
06/08/2017	01:44:23	019001	G523004592HLR	L523	S		428.9092	1.0311	3.7160	100.0377	39.5500	0.8230	0.8265	5.0000	17.1329	508.0319	94.9306	19.7925	25.4000	0.9300	0.9400	0.5892	-0.0011	508.0000	507.1797	1.0285	11.3573	100.0781	38.9000	0.8230	0.8206	5.0000	-9999.0000	-9999.0000	-9999.0000	-9999.0000	-9999.0000	-9999.0000	17.9122	2	0	28.3443	1.0000	99	9	-9999.0000	46906	23161	-9999	891	843	-9999	288.5589	5	0.5696	0.5892	-0.0011	53.4139	1.2805	452.3721	374.3495	37.2685	440.8749	96.2500	447.4369	95.2083	451.9056	95.0926	456.2489	95.0231	
06/08/2017	01:44:50	019001	G523004622HLR	L523	S		428.8460	1.0311	3.7191	99.9414	39.5500	0.8230	0.8264	5.0000	17.3118	508.0508	94.9074	19.2123	25.4000	0.9300	0.9399	0.5922	-0.0012	508.0000	507.2829	1.0285	11.3705	99.9872	39.0305	0.8230	0.8212	5.0000	-9999.0000	-9999.0000	-9999.0000	-9999.0000	-9999.0000	-9999.0000	17.5421	3	0	27.1330	1.0000	99	9	-9999.0000	46907	23162	-9999	892	844	-9999	289.0074	5	0.5696	0.5922	-0.0012	55.1139	1.1894	452.5502	379.7859	39.3750	444.3620	95.7639	448.0691	95.0926	452.2193	94.9769	456.0696	95.0000	
06/08/2017	01:45:19	019001	G523004602HLR	L523	S		428.5273	1.0311	3.7350	99.9590	39.5500	0.8230	0.8264	5.0000	17.2423	508.0391	94.9306	19.6518	25.4000	0.9300	0.9400	0.5920	-0.0012	508.0000	507.6065	1.0285	11.4120	99.8564	39.1333	0.8230	0.8209	5.0000	-9999.0000	-9999.0000	-9999.0000	-9999.0000	-9999.0000	-9999.0000	17.6819	4	0	28.7232	1.0000	99	9	-9999.0000	46908	23163	-9999	893	845	-9999	288.7561	5	0.5697	0.5920	-0.0012	54.8500	1.2065	450.4001	375.7240	38.0556	442.7778	96.0648	446.4755	95.0463	449.8212	94.9074	453.6022	95.0000	
06/08/2017	01:45:47	019001	G523004607HLR	L523	S		434.3920	1.0311	3.4432	100.0461	39.5500	0.8230	0.8264	5.0000	17.3916	508.0852	94.9074	16.2715	25.6000	0.9300	0.9404	0.5929	-0.0012	508.0000	506.8344	1.0285	11.3131	100.0066	39.1000	0.8230	0.8206	5.0000	-9999.0000	-9999.0000	-9999.0000	-9999.0000	-9999.0000	-9999.0000	17.6318	5	0	27.9136	1.0000	99	9	-9999.0000	46909	23164	-9999	894	846	-9999	290.9067	5	0.5695	0.5929	-0.0012	57.0526	1.0908	461.9534	359.6248	39.4907	451.6285	96.2963	457.4252	95.3704	461.3557	95.1852	465.3803	95.0000	
06/08/2017	01:46:16	019001	G523004620HLR	L523	S		433.2631	1.0311	3.4994	99.8928	39.4000	0.8230	0.8266	5.0000	17.4015	508.0687	94.9074	16.2520	25.5000	0.9300	0.9400	0.5910	-0.0011	508.0000	506.8854	1.0285	11.3196	99.9497	39.0869	0.8230	0.8205	5.0000	-9999.0000	-9999.0000	-9999.0000	-9999.0000	-9999.0000	-9999.0000	17.4817	6	0	28.9430	1.0000	99	9	-9999.0000	46910	23165	-9999	895	847	-9999	291.0297	5	0.5698	0.5910	-0.0011	56.0277	1.1493	461.9366	381.0062	37.6157	446.4048	96.5046	456.6781	95.3009	461.2170	95.1852	465.5420	95.0463	
06/08/2017	01:46:44	019001	G523003431HLR	L523	S		438.8715	1.0311	3.2203	99.9801	39.4049	0.8230	0.8269	5.0000	17.2121	508.0410	94.9537	15.7822	25.4000	0.9300	0.9399	0.5924	-0.0012	508.0000	511.8445	1.0285	11.9549	100.0579	39.0752	0.8230	0.8205	5.0000	-9999.0000	-9999.0000	-9999.0000	-9999.0000	-9999.0000	-9999.0000	17.6028	7	0	28.1841	1.0000	99	9	-9999.0000	46911	23166	-9999	896	848	-9999	291.1968	5	0.5696	0.5924	-0.0012	54.2510	1.2435	464.4935	388.8881	37.0370	448.7749	96.2037	459.2280	95.1157	463.7653	95.0926	468.1816	95.0463	
06/08/2017	01:47:09	019001	G523003421HLR	L523	S		433.5718	1.0311	3.4840	99.9647	39.5500	0.8230	0.8270	5.0000	17.0920	508.0815	94.9306	16.6915	25.4000	0.9300	0.9398	0.5947	-0.0013	508.0000	506.4033	1.0285	11.2579	99.8370	39.1000	0.8230	0.8202	5.0000	-9999.0000	-9999.0000	-9999.0000	-9999.0000	-9999.0000	-9999.0000	19.4321	8	0	25.7032	1.0000	99	9	-9999.0000	46912	23167	-9999	897	849	-9999	290.8407	5	0.5702	0.5947	-0.0013	52.6245	1.3289	461.2997	384.7702	39.2824	448.0552	95.9028	455.8116	95.2083	460.6312	95.1157	464.6200	95.0694	
06/08/2017	01:47:38	019001	G523003427HLR	L523	S		434.6496	1.0311	3.4304	100.0273	39.6000	0.8230	0.8267	5.0000	17.1217	508.0616	94.9074	16.5313	25.4000	0.9300	0.9398	0.5987	-0.0015	508.0000	509.8396	1.0285	11.6980	100.0085	39.1000	0.8230	0.8205	5.0000	-9999.0000	-9999.0000	-9999.0000	-9999.0000	-9999.0000	-9999.0000	17.6126	1	0	28.2827	1.0000	99	9	-9999.0000	46913	23168	-9999	898	850	-9999	291.1127	5	0.5704	0.5987	-0.0015	49.1604	1.5093	458.8394	377.6072	39.5833	427.3077	95.7639	454.3314	95.0694	458.2046	95.0000	463.1678	95.0463	
06/08/2017	01:48:04	019001	G523003409HLR	L523	S		435.7810	1.0311	3.3741	99.9640	39.5500	0.8230	0.8264	5.0000	17.1514	508.0528	94.9074	16.8224	25.4000	0.9300	0.9398	0.5978	-0.0015	508.0000	511.2408	1.0285	11.8775	99.9617	39.1085	0.8230	0.8206	5.0000	-9999.0000	-9999.0000	-9999.0000	-9999.0000	-9999.0000	-9999.0000	17.4719	2	0	26.3237	1.0000	99	9	-9999.0000	46914	23169	-9999	899	851	-9999	291.1647	5	0.5705	0.5978	-0.0015	48.9288	1.5260	457.4788	373.7599	38.9120	442.3898	95.9954	451.5078	95.1389	456.7517	95.0463	461.1373	95.0000	
06/08/2017	01:48:32	019001	G523003418HLR	L523	S		437.7368	1.0311	3.2768	99.9902	39.5000	0.8230	0.8264	5.0000	17.2121	508.0445	94.9074	16.7823	25.4000	0.9300	0.9398	0.5978	-0.0015	508.0000	512.4274	1.0285	12.0295	99.8842	39.1000	0.8230	0.8204	5.0000	-9999.0000	-9999.0000	-9999.0000	-9999.0000	-9999.0000	-9999.0000	17.6816	3	0	28.1537	1.0000	99	9	-9999.0000	46915	23170	-9999	900	852	-9999	291.2118	5	0.5705	0.5978	-0.0015	48.9288	1.5260	457.7274	383.9856	39.1435	443.5500	95.7407	452.3493	95.0694	457.1046	94.9769	461.5458	95.0000	
06/08/2017	01:49:24	019001	G523003393HLR	L523	S		422.5972	1.0311	4.0300	99.9649	39.5355	0.8230	0.8266	5.0000	17.2022	508.0488	94.9074	16.9113	25.5000	0.9300	0.9401	0.5874	-0.0009	508.0000	507.6702	1.0285	11.4201	99.9725	38.9688	0.8230	0.8200	5.0000	-9999.0000	-9999.0000	-9999.0000	-9999.0000	-9999.0000	-9999.0000	17.7325	5	0	25.8432	1.0000	99	9	-9999.0000	46917	23171	-9999	902	853	-9999	291.1966	5	0.5709	0.5874	-0.0009	48.3450	1.5538	456.2110	387.8513	40.2546	447.0768	95.7639	451.4166	95.2546	455.5314	95.1852	460.6900	95.0463	
06/08/2017	01:49:52	019001	G523003389HLR	L523	S		437.0814	1.0311	3.3094	99.9494	39.5500	0.8230	0.8265	5.0000	17.4317	508.0415	94.9769	14.1912	25.4000	0.9300	0.9399	0.5874	-0.0009	508.0000	506.9433	1.0285	11.3270	99.9672	39.0166	0.8230	0.8208	5.0000	-9999.0000	-9999.0000	-9999.0000	-9999.0000	-9999.0000	-9999.0000	17.6115	6	0	27.6525	1.0000	99	9	-9999.0000	46918	23172	-9999	903	854	-9999	291.7545	5	0.5709	0.5874	-0.0009	48.3450	1.5538	471.3555	374.6466	36.4352	460.1181	96.2500	466.3313	95.0463	470.8934	94.9769	474.7088	95.0463	
06/08/2017	01:50:19	019001	G523003397HLR	L523	S		435.4016	1.0311	3.3930	99.9146	39.5500	0.8230	0.8264	5.0000	17.2313	508.0439	94.9074	16.7520	25.4000	0.9300	0.9399	0.5844	-0.0008	508.0000	509.7032	1.0285	11.6806	99.9870	39.1307	0.8230	0.8209	5.0000	-9999.0000	-9999.0000	-9999.0000	-9999.0000	-9999.0000	-9999.0000	17.6622	7	0	27.3335	1.0000	99	9	-9999.0000	46919	23173	-9999	904	855	-9999	290.3111	5	0.5708	0.5844	-0.0008	48.9836	1.5165	464.8637	385.3776	36.1343	454.1363	95.7639	459.7160	95.2083	464.2633	95.1389	468.2499	95.0231	
06/08/2017	01:50:47	019001	G523003396HLR	L523	S		437.3553	1.0311	3.2958	99.9280	39.5212	0.8230	0.8264	5.0000	17.0822	508.0340	95.0000	14.1218	25.4000	0.9300	0.9398	0.5844	-0.0008	508.0000	508.5628	1.0285	11.5345	99.8688	39.1667	0.8230	0.8206	5.0000	-9999.0000	-9999.0000	-9999.0000	-9999.0000	-9999.0000	-9999.0000	17.4318	8	0	27.5932	1.0000	99	9	-9999.0000	46920	23174	-9999	905	856	-9999	291.3413	5	0.5708	0.5844	-0.0008	48.9836	1.5165	471.4893	379.8771	37.2685	455.9102	95.9722	466.7885	94.9537	471.0183	94.8843	475.7616	94.9769	
06/08/2017	01:51:12	019001	G523003387HLR	L523	S		436.1949	1.0311	3.3535	100.0488	39.5500	0.8230	0.8265	5.0000	17.1416	508.1185	94.9769	14.4715	25.4000	0.9300	0.9398	0.5854	-0.0008	508.0000	506.6339	1.0285	11.2874	100.0233	39.1064	0.8230	0.8204	5.0000	-9999.0000	-9999.0000	-9999.0000	-9999.0000	-9999.0000	-9999.0000	17.3614	1	0	25.0030	1.0000	99	9	-9999.0000	46921	23175	-9999	906	857	-9999	291.4734	5	0.5713	0.5854	-0.0008	47.0437	1.6340	471.0445	387.0658	39.2130	457.3009	95.6944	466.2045	95.1157	470.4622	95.0000	474.5909	94.9769	
06/08/2017	01:51:41	019001	G523004342HLR	L523	S		435.6850	1.0311	3.3789	99.9332	39.5500	0.8230	0.8264	5.0000	17.6018	508.0744	94.9306	15.5322	25.4000	0.9300	0.9399	0.5956	-0.0014	508.0000	509.3383	1.0285	11.6338	100.0202	39.1000	0.8230	0.8204	5.0000	-9999.0000	-9999.0000	-9999.0000	-9999.0000	-9999.0000	-9999.0000	17.4521	2	0	28.6744	1.0000	99	9	-9999.0000	46922	23176	-9999	907	858	-9999	291.2969	5	0.5720	0.5956	-0.0014	44.0678	1.8148	465.2138	378.7760	37.9398	453.8269	95.9722	460.6090	94.9769	464.7040	94.9537	468.5593	95.0000	
06/08/2017	01:52:08	019001	G523004353HLR	L523	S		435.8344	1.0311	3.3714	99.9551	39.5500	0.8230	0.8265	5.0000	17.2522	508.0733	94.9306	15.9619	25.4000	0.9300	0.9399	0.5885	-0.0010	508.0000	507.4762	1.0285	11.3953	100.0056	39.1000	0.8230	0.8205	5.0000	-9999.0000	-9999.0000	-9999.0000	-9999.0000	-9999.0000	-9999.0000	17.6418	3	0	27.5824	1.0000	99	9	-9999.0000	46923	23177	-9999	908	859	-9999	290.9160	5	0.5719	0.5885	-0.0010	48.8061	1.5352	460.6969	379.8833	37.1065	446.7031	96.1806	456.2993	95.1620	460.1340	95.0926	464.3782	95.0231	
06/08/2017	01:52:35	019001	G523003395HLR	L523	S		438.4067	1.0311	3.2434	100.0099	39.5500	0.8230	0.8265	5.0000	17.4123	508.0595	94.9306	15.4721	25.4000	0.9300	0.9399	0.5933	-0.0013	508.0000	511.2456	1.0285	11.8782	99.8600	39.1333	0.8230	0.8204	5.0000	-9999.0000	-9999.0000	-9999.0000	-9999.0000	-9999.0000	-9999.0000	17.6115	4	0	26.7435	1.0000	99	9	-9999.0000	46924	23178	-9999	909	860	-9999	290.8859	5	0.5720	0.5933	-0.0013	47.3157	1.6269	466.0094	379.6073	37.3611	451.0175	96.0648	460.8730	94.9769	465.4083	94.9074	469.7748	94.9769	
06/08/2017	01:53:01	019001	G523004374HLR	L523	S		442.3501	1.0311	3.0473	100.0224	39.5500	0.8230	0.8264	5.0000	17.3917	508.0742	94.9537	12.6910	25.4000	0.9300	0.9399	0.5933	-0.0013	508.0000	510.8452	1.0285	11.8269	99.9718	39.1128	0.8230	0.8204	5.0000	-9999.0000	-9999.0000	-9999.0000	-9999.0000	-9999.0000	-9999.0000	17.7423	5	0	26.2133	1.0000	99	9	-9999.0000	46925	23179	-9999	910	861	-9999	292.8165	5	0.5720	0.5933	-0.0013	47.3157	1.6269	473.3012	390.7672	38.8194	456.3049	95.5787	468.1519	95.0231	472.7045	94.9769	477.3802	95.0000	
06/08/2017	01:53:28	019001	G523004381HLR	L523	S		434.6096	1.0311	3.4324	100.0407	39.5500	0.8230	0.8265	5.0000	17.1318	508.0732	94.9074	16.5919	25.4000	0.9300	0.9400	0.5976	-0.0016	508.0000	509.8735	1.0285	11.7024	100.0498	39.1106	0.8230	0.8205	5.0000	-9999.0000	-9999.0000	-9999.0000	-9999.0000	-9999.0000	-9999.0000	17.6429	6	0	27.2532	1.0000	99	9	-9999.0000	46926	23180	-9999	911	862	-9999	290.2608	5	0.5722	0.5976	-0.0016	46.1383	1.7101	460.0233	369.1434	37.0370	445.1972	96.1343	454.2056	95.2546	459.3285	95.2083	463.7141	95.0463	
06/08/2017	01:53:54	019001	G523004382HLR	L523	S		434.5325	1.0311	3.4362	99.9480	39.5500	0.8230	0.8265	5.0000	17.2414	508.0623	94.9074	16.2120	25.4000	0.9300	0.9399	0.5960	-0.0015	508.0000	507.7957	1.0285	11.4362	100.1085	39.1333	0.8230	0.8206	5.0000	-9999.0000	-9999.0000	-9999.0000	-9999.0000	-9999.0000	-9999.0000	17.5617	7	0	25.7737	1.0000	99	9	-9999.0000	46927	23181	-9999	912	863	-9999	290.3617	5	0.5720	0.5960	-0.0015	47.4410	1.6218	457.8651	367.0044	38.8657	444.7424	95.7407	452.9298	94.9537	457.2763	94.8380	461.5688	94.9537	
06/08/2017	01:54:21	019001	G523004383HLR	L523	S		435.0937	1.0311	3.4083	100.0041	39.5500	0.8230	0.8265	5.0000	17.1823	508.0457	95.0000	14.6620	25.4000	0.9300	0.9399	0.5960	-0.0015	508.0000	507.3395	1.0285	11.3778	100.0093	39.1333	0.8230	0.8205	5.0000	-9999.0000	-9999.0000	-9999.0000	-9999.0000	-9999.0000	-9999.0000	17.5528	8	0	27.1126	1.0000	99	9	-9999.0000	46928	23182	-9999	913	864	-9999	291.4117	5	0.5720	0.5960	-0.0015	47.4410	1.6218	464.4890	377.8921	36.9213	450.6023	95.9954	458.9918	94.9769	463.9673	94.8843	468.6378	95.0000	
06/08/2017	01:54:51	019001	G523004347HLR	L523	S		435.2992	1.0311	3.3981	99.9579	39.5500	0.8230	0.8264	5.0000	17.2119	508.0340	94.9537	14.8221	25.4000	0.9300	0.9400	0.5867	-0.0009	508.0000	506.4324	1.0285	11.2616	100.0763	39.1333	0.8230	0.8202	5.0000	-9999.0000	-9999.0000	-9999.0000	-9999.0000	-9999.0000	-9999.0000	19.0325	1	0	29.8541	1.0000	99	9	-9999.0000	46929	23183	-9999	914	865	-9999	291.0165	5	0.5723	0.5867	-0.0009	49.8905	1.4577	468.6696	371.6208	37.3843	456.1658	95.9491	463.4901	95.1852	468.0883	95.1157	472.2566	95.0231	
06/08/2017	01:55:18	019001	G523004356HLR	L523	S		436.1582	1.0311	3.3553	99.9883	39.5500	0.8230	0.8264	5.0000	17.2324	508.0616	94.9537	15.1522	25.4000	0.9300	0.9400	0.5858	-0.0009	508.0000	507.9985	1.0285	11.4622	100.0392	39.1570	0.8230	0.8205	5.0000	-9999.0000	-9999.0000	-9999.0000	-9999.0000	-9999.0000	-9999.0000	17.4717	2	0	26.8333	1.0000	99	9	-9999.0000	46930	23184	-9999	915	866	-9999	290.9060	5	0.5724	0.5858	-0.0009	48.6364	1.5477	468.1680	383.4232	36.4120	457.3298	96.1806	464.0298	94.9306	467.4669	94.8380	471.4652	94.9769	
06/08/2017	01:55:44	019001	G523004357HLR	L523	S		437.4797	1.0311	3.2896	99.9946	39.5500	0.8230	0.8265	5.0000	17.2521	508.0730	94.9306	14.4217	25.4000	0.9300	0.9400	0.5901	-0.0012	508.0000	506.6412	1.0285	11.2883	100.0048	39.1471	0.8230	0.8203	5.0000	-9999.0000	-9999.0000	-9999.0000	-9999.0000	-9999.0000	-9999.0000	17.4023	3	0	25.7728	1.0000	99	9	-9999.0000	46931	23185	-9999	916	867	-9999	291.2464	5	0.5722	0.5901	-0.0012	49.1483	1.5103	468.8796	370.6419	36.9444	454.4845	96.1111	463.2412	95.1620	468.3514	95.1157	472.4441	95.0000	
06/08/2017	01:56:11	019001	G523004366HLR	L523	S		436.6543	1.0311	3.3306	100.0023	39.5500	0.8230	0.8265	5.0000	17.2520	508.0398	94.9769	15.0018	25.4000	0.9300	0.9400	0.5885	-0.0011	508.0000	508.1571	1.0285	11.4825	100.0396	39.1257	0.8230	0.8203	5.0000	-9999.0000	-9999.0000	-9999.0000	-9999.0000	-9999.0000	-9999.0000	17.6124	4	0	26.9037	1.0000	99	9	-9999.0000	46932	23186	-9999	917	867	-9999	290.8255	5	0.5721	0.5885	-0.0011	50.6848	1.4222	467.5937	373.5861	36.9907	456.0364	96.0185	463.2993	95.1157	467.0548	95.0463	471.3902	95.0000	
