Data	Timp	Nr. masina	Nr. de serie	Tip	Productie	Comentariu	Pre-masurare Q [ml/min]	Pre-masurare Gain	Pre-masurare Offset Master	Pre-masurare P [bar]	Pre-masurare T [°C]	Pre-masurare Densitate fixa [kg/l]	Pre-masurare densitate masurata [kg/l]	Pre-masurare Timp masurare [s]	Pre-masurare Cycle time [s]	rectificare Q Oprire [ml/min]	rectificare P Oprire [bar]	rectificare Timp rectificare [s]	rectificare T [°C]	rectificare Densitate fixa [kg/l]	rectificare densitate masurata [kg/l]	rectificare Factor de masurare la rectificare	rectificare Factor de corectie a debitului	rectificare Target rectificare	Masurare Q [ml/min]	Masurare Gain	Masurare Offset Master	Masurare P [bar]	Masurare T [°C]	Masurare Densitate fixa [kg/l]	Masurare densitate masurata [kg/l]	Masurare Timp masurare [s]	Masurare Q [ml/min]	Masurare Delta Q [ml/min]	Masurare P [bar]	Masurare BP [bar]	Masurare T [°C]	Masurare Timp masurare [s]	Masurare Cycle time [s]	Nest Nr.	Cod de descarcare	Cycle time [s]	Traceability aktiv	EDM Maschine Nr	EDM Spindle Nr	Honing Rate [r	Station Counter Premeasure	Station Counter Grind	Station Counter Blowout 1	Station Counter Wash	Station Counter Measure	Station Counter Blowout 2	RealGrindQStop	Reg Type	Factor 0	Factor 1	Factor 2	Factor 3	Factor 4	G_StartQV	G_StartQV_1	G_StartQV_2	G_StartQV_3	G_StartQV_4	G_StartQV_5	
23/08/2017	01:37:04	019001	G523095343HLR	L523	S		439.5539	1.0311	3.1864	100.0422	39.9058	0.8230	0.8285	5.0000	17.2423	508.0397	94.9537	14.7117	24.6000	0.9300	0.9317	0.6035	-0.0002	508.0000	501.8992	1.0285	9.9049	100.0593	40.4745	0.8230	0.8235	5.0000	-9999.0000	-9999.0000	-9999.0000	-9999.0000	-9999.0000	-9999.0000	18.1515	8	1	27.8637	1.0000	06	2	-9999.0000	26652	55351	-9999	687	699	-9999	305.0425	5	0.6022	0.6035	-0.0002	44.7755	1.4702	475.4333	260.4837	35.5324	465.9998	95.6713	474.7125	95.5787	478.0783	95.0694	481.4595	94.8843	
23/08/2017	01:37:29	019001	G523095341HLR	L523	S		439.8936	1.0311	3.1695	99.9152	40.1126	0.8230	0.8285	5.0000	17.8612	508.0531	94.9537	14.6727	24.3000	0.9300	0.9316	0.6035	-0.0002	508.0000	504.0790	1.0285	10.1683	100.0833	40.4896	0.8230	0.8236	5.0000	-9999.0000	-9999.0000	-9999.0000	-9999.0000	-9999.0000	-9999.0000	17.6820	1	0	25.7133	1.0000	06	2	-9999.0000	26653	55352	-9999	688	700	-9999	305.0592	5	0.6022	0.6035	-0.0002	44.7755	1.4702	474.9351	334.8477	39.0046	465.5931	95.3472	474.7224	94.6991	477.7370	95.0231	481.8429	95.0926	
23/08/2017	01:37:59	019001	G523095334HLR	L523	S		429.7916	1.0311	3.6721	100.1326	40.0281	0.8230	0.8287	5.0000	17.1514	508.0631	94.9306	14.3621	24.2000	0.9300	0.9317	0.6035	-0.0002	508.0000	503.7761	1.0285	10.1317	99.8348	40.5019	0.8230	0.8235	5.0000	-9999.0000	-9999.0000	-9999.0000	-9999.0000	-9999.0000	-9999.0000	18.4327	2	0	29.4331	1.0000	06	2	-9999.0000	26654	55353	-9999	689	701	-9999	305.0934	5	0.6022	0.6035	-0.0002	44.7755	1.4702	460.7155	343.0052	39.1667	448.1558	95.3704	460.0842	94.8148	470.9059	95.0694	475.1844	95.0000	
23/08/2017	01:38:27	019001	G523095340HLR	L523	S		439.7229	1.0311	3.1780	99.9796	40.0409	0.8230	0.8286	5.0000	17.2011	508.0507	94.9306	16.1123	24.1000	0.9300	0.9321	0.6109	-0.0002	508.0000	504.9449	1.0285	10.2729	99.8095	40.5049	0.8230	0.8236	5.0000	-9999.0000	-9999.0000	-9999.0000	-9999.0000	-9999.0000	-9999.0000	17.7316	3	0	28.1539	1.0000	06	2	-9999.0000	26655	55354	-9999	690	702	-9999	304.9028	5	0.6078	0.6109	-0.0002	44.5067	1.4614	472.4938	341.9415	38.7731	463.6015	95.5324	472.1051	94.9306	475.6247	95.0926	479.1879	95.0463	
23/08/2017	01:38:52	019001	G523095333HLR	L523	S		440.6600	1.0311	3.1313	100.0396	40.0521	0.8230	0.8287	5.0000	17.0615	508.0273	94.9537	16.4024	24.1000	0.9300	0.9323	0.6096	-0.0002	508.0000	511.8962	1.0285	11.1129	99.8803	40.4900	0.8230	0.8235	5.0000	-9999.0000	-9999.0000	-9999.0000	-9999.0000	-9999.0000	-9999.0000	18.3918	4	0	24.9727	1.0000	06	2	-9999.0000	26656	55355	-9999	691	703	-9999	308.6086	5	0.6064	0.6096	-0.0002	44.5573	1.4631	469.8747	338.7759	37.7546	460.3944	95.6944	469.5494	95.0926	472.8405	95.0926	476.5890	94.9769	
23/08/2017	01:39:19	019001	G523095331HLR	L523	S		449.5883	1.0311	2.6871	100.0181	40.0048	0.8230	0.8287	5.0000	17.2217	508.0655	94.8843	12.3013	24.0000	0.9300	0.9325	0.6096	-0.0002	508.0000	510.5795	1.0285	10.9538	99.9684	40.4784	0.8230	0.8237	5.0000	-9999.0000	-9999.0000	-9999.0000	-9999.0000	-9999.0000	-9999.0000	17.4110	5	0	26.9338	1.0000	06	2	-9999.0000	26657	55356	-9999	692	704	-9999	308.4007	5	0.6064	0.6096	-0.0002	44.5573	1.4631	480.8811	336.4452	38.4028	470.8910	95.4398	480.4755	95.0694	484.1355	95.0463	487.4162	94.9769	
23/08/2017	01:39:47	019001	G523095330HLR	L523	S		439.9777	1.0311	3.1653	99.9732	39.9539	0.8230	0.8287	5.0000	17.2519	508.0395	94.9537	17.9621	24.0000	0.9300	0.9328	0.6088	-0.0002	508.0000	510.0745	1.0285	10.8928	100.0124	40.4667	0.8230	0.8238	5.0000	-9999.0000	-9999.0000	-9999.0000	-9999.0000	-9999.0000	-9999.0000	17.4219	6	0	28.2231	1.0000	06	2	-9999.0000	26658	55357	-9999	693	705	-9999	307.6151	5	0.6055	0.6088	-0.0002	44.5164	1.4617	468.9087	346.4456	37.1296	461.3315	95.6250	468.5859	95.2778	472.6955	95.1157	476.1866	94.8611	
23/08/2017	01:40:16	019001	G523095339HLR	L523	S		441.2998	1.0311	3.0995	99.9577	39.9435	0.8230	0.8286	5.0000	17.6916	508.0314	94.9306	15.9121	23.9000	0.9300	0.9329	0.6088	-0.0002	508.0000	510.5339	1.0285	10.9483	99.9841	40.4478	0.8230	0.8237	5.0000	-9999.0000	-9999.0000	-9999.0000	-9999.0000	-9999.0000	-9999.0000	17.6319	7	0	28.5229	1.0000	06	2	-9999.0000	26659	55358	-9999	694	706	-9999	307.5568	5	0.6055	0.6088	-0.0002	44.5164	1.4617	470.7627	345.3394	37.7778	461.4778	95.4167	470.4718	94.9769	473.7024	95.0231	477.1749	95.0000	
23/08/2017	01:41:15	019001	G523095312HLR	L523	S		447.1702	1.0311	2.8075	99.9747	39.7826	0.8230	0.8288	5.0000	17.2314	508.0425	94.9537	14.7215	24.0000	0.9300	0.9336	0.6100	-0.0003	508.0000	510.5116	1.0285	10.9456	99.9584	40.3572	0.8230	0.8237	5.0000	-9999.0000	-9999.0000	-9999.0000	-9999.0000	-9999.0000	-9999.0000	17.5521	1	0	30.5837	1.0000	06	2	-9999.0000	26661	55359	-9999	696	707	-9999	307.3014	5	0.6048	0.6100	-0.0003	39.5379	1.7572	475.4062	332.1768	38.4722	463.1746	95.6944	474.9266	95.0926	479.0453	95.1157	481.6832	95.0000	
23/08/2017	01:41:43	019001	G523095328HLR	L523	S		441.5424	1.0311	3.0874	99.9367	39.7026	0.8230	0.8287	5.0000	17.3614	508.0468	94.9537	16.7325	23.9000	0.9300	0.9337	0.6113	-0.0005	508.0000	508.3387	1.0285	10.6830	99.8821	40.3427	0.8230	0.8237	5.0000	-9999.0000	-9999.0000	-9999.0000	-9999.0000	-9999.0000	-9999.0000	17.8214	2	0	28.2134	1.0000	06	2	-9999.0000	26662	55360	-9999	697	708	-9999	306.8033	5	0.6043	0.6113	-0.0005	40.1357	1.7160	469.5291	347.5600	39.5370	460.1272	95.3704	469.2458	95.2546	472.6007	95.1620	475.7025	94.9537	
23/08/2017	02:08:16	019001	G523095300HLR	L523	S		439.9121	1.0311	3.1686	100.0508	39.5675	0.8230	0.8287	5.0000	17.0419	508.0685	94.9306	16.3321	23.8000	0.9300	0.9336	0.6113	-0.0005	508.0000	508.2983	1.0285	10.6781	99.8899	40.3072	0.8230	0.8236	5.0000	-9999.0000	-9999.0000	-9999.0000	-9999.0000	-9999.0000	-9999.0000	17.7120	3	0	1591.0722	1.0000	06	2	-9999.0000	26663	55361	-9999	698	709	-9999	306.7740	5	0.6043	0.6113	-0.0005	40.1357	1.7160	468.5896	338.4682	36.5972	458.6754	95.9028	468.3906	94.9769	471.1714	95.0463	475.4963	95.0000	
23/08/2017	02:31:45	019001	G523095310HLR	L523	S		437.6628	1.0311	3.2805	99.9932	39.4238	0.8230	0.8287	5.0000	17.2520	508.0644	94.9306	17.2013	23.8000	0.9300	0.9336	0.6094	-0.0004	508.0000	510.4356	1.0285	10.9364	99.7702	40.3000	0.8230	0.8237	5.0000	-9999.0000	-9999.0000	-9999.0000	-9999.0000	-9999.0000	-9999.0000	17.4720	4	0	1409.2088	1.0000	06	2	-9999.0000	26664	55362	-9999	699	710	-9999	306.5646	5	0.6040	0.6094	-0.0004	37.3639	1.8604	463.2552	346.3800	36.9444	456.4140	96.0880	462.8560	95.0000	467.0300	95.0694	470.9265	94.9537	
23/08/2017	02:32:15	019001	G523095327HLR	L523	S		435.7175	1.0311	3.3772	99.9421	39.2471	0.8230	0.8287	5.0000	17.4014	508.0275	94.9306	18.3020	23.8000	0.9300	0.9336	0.6092	-0.0003	508.0000	507.4731	1.0285	10.5784	99.9661	40.4397	0.8230	0.8235	5.0000	-9999.0000	-9999.0000	-9999.0000	-9999.0000	-9999.0000	-9999.0000	17.8824	5	0	31.5235	1.0000	06	2	-9999.0000	26665	55363	-9999	700	711	-9999	306.2801	5	0.6040	0.6092	-0.0003	38.1515	1.7853	463.9346	353.2487	40.4398	459.5654	95.2083	463.5989	95.1620	467.2428	95.0694	471.0515	94.9769	
23/08/2017	02:32:42	019001	G523095486HLR	L523	S		440.5649	1.0311	3.1361	99.9916	38.9521	0.8230	0.8288	5.0000	17.0616	508.0595	94.9306	16.7423	23.8000	0.9300	0.9337	0.6075	-0.0002	508.0000	508.3369	1.0285	10.6828	99.9686	40.4160	0.8230	0.8236	5.0000	-9999.0000	-9999.0000	-9999.0000	-9999.0000	-9999.0000	-9999.0000	17.7922	6	0	27.7727	1.0000	06	2	-9999.0000	26666	55364	-9999	701	712	-9999	306.6148	5	0.6036	0.6075	-0.0002	39.6559	1.7180	468.7591	348.1463	39.5139	461.4170	95.2546	468.3113	95.1852	472.1275	95.0463	475.4131	94.9769	
23/08/2017	02:36:20	019001	G523095304HLR	L523	S		438.5251	1.0311	3.2376	100.0403	38.5134	0.8230	0.8288	5.0000	17.8117	508.0448	94.9537	17.2120	23.7000	0.9300	0.9336	0.6059	-0.0002	508.0000	508.8591	1.0285	10.7459	100.0756	40.4370	0.8230	0.8236	5.0000	-9999.0000	-9999.0000	-9999.0000	-9999.0000	-9999.0000	-9999.0000	17.6225	7	0	217.4471	1.0000	06	2	-9999.0000	26667	55364	-9999	702	713	-9999	306.4786	5	0.6031	0.6059	-0.0002	40.6869	1.7022	468.7189	344.2522	37.1759	462.4423	95.5556	468.5855	94.8148	472.3913	95.0231	475.6009	95.0000	
23/08/2017	02:36:49	019001	G523095314HLR	L523	S		439.1552	1.0311	3.2062	99.9743	37.8000	0.8230	0.8295	5.0000	17.0712	508.0388	95.0000	16.9620	24.4000	0.9300	0.9327	0.6037	-0.0000	508.0000	506.8549	1.0285	10.5037	99.8853	40.4449	0.8230	0.8237	5.0000	-9999.0000	-9999.0000	-9999.0000	-9999.0000	-9999.0000	-9999.0000	17.4015	8	0	28.9731	1.0000	06	2	-9999.0000	26668	55365	-9999	703	714	-9999	306.4370	5	0.6030	0.6037	-0.0000	37.1886	1.8978	474.2098	302.8597	40.2546	468.4106	96.2037	473.7685	95.8565	477.7060	95.1157	479.6677	95.0000	
23/08/2017	02:37:18	019001	G523095487HLR	L523	S		437.3813	1.0311	3.2945	99.9529	34.7461	0.8230	0.8266	5.0000	17.1719	508.0464	94.9769	19.3324	24.3000	0.9300	0.9330	0.6037	-0.0000	508.0000	509.3682	1.0285	10.8074	99.9710	40.3454	0.8230	0.8234	5.0000	-9999.0000	-9999.0000	-9999.0000	-9999.0000	-9999.0000	-9999.0000	18.1623	1	0	29.3238	1.0000	06	2	-9999.0000	26669	55366	-9999	704	715	-9999	306.4466	5	0.6029	0.6037	-0.0000	37.9733	1.8556	469.1045	318.7210	41.1806	466.3956	96.1111	468.9523	95.8796	471.2601	95.1157	473.7251	95.0231	
23/08/2017	02:37:44	019001	G523095479HLR	L523	S		442.3859	1.0311	3.0455	99.9755	37.7675	0.8230	0.8301	5.0000	17.2618	508.0441	94.9769	16.3320	24.0000	0.9300	0.9320	0.6044	-0.0001	508.0000	508.2549	1.0285	10.6729	99.8087	40.3730	0.8230	0.8235	5.0000	-9999.0000	-9999.0000	-9999.0000	-9999.0000	-9999.0000	-9999.0000	17.8724	2	0	26.2727	1.0000	06	2	-9999.0000	26670	55367	-9999	705	716	-9999	306.4809	5	0.6028	0.6044	-0.0001	37.6928	1.8593	475.3932	373.5497	40.3472	469.2539	95.5787	475.1855	95.3472	477.7534	95.0463	480.7233	95.0000	
23/08/2017	02:38:13	019001	G523095478HLR	L523	S		436.2884	1.0311	3.3488	99.9585	38.0000	0.8230	0.8289	5.0000	17.1328	508.0406	94.9537	19.9516	23.9000	0.9300	0.9322	0.6044	-0.0001	508.0000	510.4194	1.0285	10.9344	99.8097	40.3780	0.8230	0.8236	5.0000	-9999.0000	-9999.0000	-9999.0000	-9999.0000	-9999.0000	-9999.0000	17.4123	3	0	28.5338	1.0000	06	2	-9999.0000	26671	55368	-9999	706	717	-9999	306.1647	5	0.6029	0.6044	-0.0001	33.9479	2.0661	464.7476	360.0342	38.7037	456.6384	95.8333	464.5189	95.2778	468.0758	95.1620	470.9352	94.9537	
23/08/2017	02:38:44	019001	G523095317HLR	L523	S		440.4829	1.0311	3.1402	99.9543	37.0701	0.8230	0.8296	5.0000	17.1817	508.0411	94.9769	17.4523	24.0000	0.9300	0.9341	0.6037	-0.0001	508.0000	509.2522	1.0285	10.7934	99.8221	40.3989	0.8230	0.8236	5.0000	-9999.0000	-9999.0000	-9999.0000	-9999.0000	-9999.0000	-9999.0000	17.4220	4	0	31.2136	1.0000	06	2	-9999.0000	26672	55369	-9999	706	718	-9999	306.2802	5	0.6028	0.6037	-0.0001	38.4742	1.7965	469.8898	326.6436	38.7269	461.6259	95.8333	469.3562	95.4861	473.9010	94.9074	475.4650	94.9074	
23/08/2017	02:40:59	019001	G523095325HLR	L523	S		436.6386	1.0311	3.3314	99.9487	39.8200	0.8230	0.8257	5.0000	17.3818	508.0435	94.9537	17.1417	23.8000	0.9300	0.9336	0.6047	-0.0001	508.0000	508.4346	1.0285	10.6946	100.0403	38.2788	0.8230	0.8237	5.0000	-9999.0000	-9999.0000	-9999.0000	-9999.0000	-9999.0000	-9999.0000	17.3722	5	0	134.5856	1.0000	06	2	-9999.0000	26673	55370	-9999	707	719	-9999	306.2700	5	0.6028	0.6047	-0.0001	33.3140	2.0697	469.5863	358.5546	38.8889	462.1596	95.3935	469.4211	95.0926	472.7905	95.0000	475.8783	95.0231	
23/08/2017	02:41:29	019001	G523095326HLR	L523	S		441.6259	1.0311	3.0833	99.9994	38.7774	0.8230	0.8260	5.0000	17.1927	508.0267	94.9306	14.8016	23.7000	0.9300	0.9335	0.6047	-0.0001	508.0000	507.6234	1.0285	10.5966	99.9432	37.0379	0.8230	0.8255	5.0000	-9999.0000	-9999.0000	-9999.0000	-9999.0000	-9999.0000	-9999.0000	17.4124	6	6	30.5240	1.0000	06	2	-9999.0000	26674	55371	-9999	708	720	-9999	306.4159	5	0.6028	0.6047	-0.0001	33.3140	2.0697	473.6125	370.0337	38.5185	465.9944	95.4398	473.3298	94.9074	477.2487	95.0000	481.1453	95.0000	
23/08/2017	02:41:59	019001	G523095488HLR	L523	S		440.3723	1.0311	3.1457	99.9419	39.3204	0.8230	0.8279	5.0000	17.1318	508.0518	94.9769	16.3516	23.7000	0.9300	0.9337	0.6152	-0.0007	508.0000	511.7033	1.0285	11.0896	99.9257	39.5353	0.8230	0.8244	5.0000	-9999.0000	-9999.0000	-9999.0000	-9999.0000	-9999.0000	-9999.0000	18.0421	7	0	30.2041	1.0000	06	2	-9999.0000	26675	55372	-9999	709	721	-9999	306.6744	5	0.6024	0.6152	-0.0007	38.1200	1.7992	466.6641	348.8971	39.8843	459.4163	95.1852	466.3904	95.2083	470.0806	95.0926	473.3255	94.8380	
23/08/2017	02:42:28	019001	G523095484HLR	L523	S		435.5975	1.0311	3.3832	99.9317	40.1271	0.8230	0.8275	5.0000	17.1728	508.0136	94.9537	19.7221	23.7000	0.9300	0.9337	0.6142	-0.0007	508.0000	510.5389	1.0285	10.9489	99.7709	39.2349	0.8230	0.8214	5.0000	-9999.0000	-9999.0000	-9999.0000	-9999.0000	-9999.0000	-9999.0000	17.4423	8	0	28.8626	1.0000	06	2	-9999.0000	26676	55373	-9999	710	722	-9999	305.2330	5	0.6023	0.6142	-0.0007	38.3294	1.7958	456.7886	351.7199	40.1852	451.1851	95.0463	456.4438	94.7917	459.7687	95.0463	464.6079	95.0000	
23/08/2017	02:42:54	019001	G523095480HLR	L523	S		442.9231	1.0311	3.0188	99.9146	39.3713	0.8230	0.8260	5.0000	17.5919	508.0426	94.9306	16.4121	23.7000	0.9300	0.9336	0.6142	-0.0007	508.0000	510.9750	1.0285	11.0016	99.8562	38.8000	0.8230	0.8218	5.0000	-9999.0000	-9999.0000	-9999.0000	-9999.0000	-9999.0000	-9999.0000	18.4426	1	0	26.0833	1.0000	06	2	-9999.0000	26677	55374	-9999	711	723	-9999	306.4288	5	0.6023	0.6142	-0.0007	38.3294	1.7958	466.4103	347.9010	40.2083	459.0528	94.8611	465.9909	94.6991	469.8386	95.0000	473.6373	95.0000	
23/08/2017	02:43:20	019001	G523095297HLR	L523	S		438.6974	1.0311	3.2290	99.9056	38.8553	0.8230	0.8269	5.0000	17.2327	508.0387	94.9537	18.9925	23.8000	0.9300	0.9347	0.6139	-0.0007	508.0000	512.7759	1.0285	11.2192	99.8821	39.0996	0.8230	0.8233	5.0000	-9999.0000	-9999.0000	-9999.0000	-9999.0000	-9999.0000	-9999.0000	17.4513	2	0	25.8331	1.0000	06	2	-9999.0000	26678	55375	-9999	711	724	-9999	305.5322	5	0.6022	0.6139	-0.0007	40.9572	1.6493	457.6997	323.8103	38.0787	448.3916	95.7870	457.1584	95.5093	461.4308	94.6991	464.8648	95.0000	
23/08/2017	02:43:46	019001	G523095302HLR	L523	S		438.6988	1.0311	3.2289	99.9862	39.8403	0.8230	0.8276	5.0000	17.3017	508.0353	94.9306	18.0315	23.7000	0.9300	0.9340	0.6191	-0.0010	508.0000	512.3934	1.0285	11.1730	99.8944	39.2855	0.8230	0.8229	5.0000	-9999.0000	-9999.0000	-9999.0000	-9999.0000	-9999.0000	-9999.0000	17.5117	3	0	26.3030	1.0000	06	2	-9999.0000	26679	55376	-9999	711	725	-9999	305.9054	5	0.6016	0.6191	-0.0010	38.9948	1.7666	461.9525	361.0952	40.6250	457.2972	95.1620	461.7396	94.9306	466.3170	95.0000	470.4467	94.9769	
23/08/2017	02:44:15	019001	G523095335HLR	L523	S		441.3711	1.0311	3.0960	99.9370	39.3152	0.8230	0.8263	5.0000	17.2119	508.0340	94.9306	17.4025	23.6000	0.9300	0.9339	0.6128	-0.0006	508.0000	511.2652	1.0285	11.0366	100.0281	39.2000	0.8230	0.8224	5.0000	-9999.0000	-9999.0000	-9999.0000	-9999.0000	-9999.0000	-9999.0000	17.3829	4	0	28.7340	1.0000	06	2	-9999.0000	26680	55377	-9999	712	725	-9999	306.0268	5	0.6013	0.6128	-0.0006	40.7315	1.6774	461.2104	351.2584	40.0000	455.0689	95.0000	460.8268	94.6991	465.5334	95.0000	469.0819	95.0000	
23/08/2017	02:44:45	019001	G523094955HLR	L523	S		444.4141	1.0311	2.9446	99.9390	39.0457	0.8230	0.8270	5.0000	17.2921	508.0405	94.9306	13.9216	23.6000	0.9300	0.9339	0.6128	-0.0006	508.0000	510.1206	1.0285	10.8983	100.0886	39.1286	0.8230	0.8224	5.0000	-9999.0000	-9999.0000	-9999.0000	-9999.0000	-9999.0000	-9999.0000	17.4817	5	0	29.4634	1.0000	06	2	-9999.0000	26681	55378	-9999	713	726	-9999	306.8005	5	0.6013	0.6128	-0.0006	40.7315	1.6774	472.7661	356.8205	39.4676	465.0773	95.0000	472.5549	94.6296	476.3785	95.0231	480.6524	95.0000	
23/08/2017	02:45:13	019001	G523094954HLR	L523	S		443.4524	1.0311	2.9924	100.0496	39.8000	0.8230	0.8276	5.0000	17.4219	508.0364	94.9306	14.3416	23.6000	0.9300	0.9339	0.6153	-0.0008	508.0000	511.8137	1.0285	11.1029	99.8894	39.1500	0.8230	0.8225	5.0000	-9999.0000	-9999.0000	-9999.0000	-9999.0000	-9999.0000	-9999.0000	17.5325	6	0	27.9038	1.0000	06	2	-9999.0000	26682	55379	-9999	714	727	-9999	306.6705	5	0.6007	0.6153	-0.0008	38.5680	1.8004	468.8018	345.1473	38.4722	458.4091	95.3241	468.4230	94.7222	473.1249	95.0231	477.4875	94.9769	
23/08/2017	02:45:44	019001	G523095305HLR	L523	S		443.2855	1.0311	3.0007	99.9021	39.7196	0.8230	0.8264	5.0000	17.9319	508.0515	94.9074	14.0720	23.6000	0.9300	0.9339	0.6118	-0.0007	508.0000	509.8065	1.0285	10.8604	99.8248	39.1898	0.8230	0.8225	5.0000	-9999.0000	-9999.0000	-9999.0000	-9999.0000	-9999.0000	-9999.0000	17.7424	7	0	31.7029	1.0000	06	2	-9999.0000	26683	55380	-9999	715	728	-9999	306.1471	5	0.5999	0.6118	-0.0007	41.5393	1.6619	472.1473	347.9966	39.5833	461.4735	95.1157	471.6076	94.7222	477.3510	95.0000	480.9904	95.0000	
23/08/2017	02:46:11	019001	G523095577HLR	L523	S		439.3939	1.0311	3.1943	99.9261	39.0687	0.8230	0.8262	5.0000	17.3321	508.0504	94.9306	17.2726	23.6000	0.9300	0.9340	0.6094	-0.0006	508.0000	509.2263	1.0285	10.7903	99.9831	39.2000	0.8230	0.8225	5.0000	-9999.0000	-9999.0000	-9999.0000	-9999.0000	-9999.0000	-9999.0000	17.4414	8	0	26.8335	1.0000	06	2	-9999.0000	26684	55381	-9999	716	729	-9999	304.8879	5	0.5994	0.6094	-0.0006	44.5089	1.5236	462.3352	341.7448	38.1713	455.4772	95.4861	462.1278	94.7917	466.2140	95.0463	470.5781	94.9769	
23/08/2017	02:46:40	019001	G523095295HLR	L523	S		439.0917	1.0311	3.2094	99.9089	39.2170	0.8230	0.8273	5.0000	17.1719	508.0499	94.9306	17.2726	23.6000	0.9300	0.9340	0.6095	-0.0006	508.0000	510.9699	1.0285	11.0009	99.9972	39.2000	0.8230	0.8224	5.0000	-9999.0000	-9999.0000	-9999.0000	-9999.0000	-9999.0000	-9999.0000	17.4512	1	0	29.2534	1.0000	06	2	-9999.0000	26685	55382	-9999	717	730	-9999	304.6213	5	0.5994	0.6095	-0.0006	46.1432	1.4456	464.1908	348.2212	38.8657	456.9979	95.2546	463.9152	94.8611	467.5443	95.0231	471.5601	95.0000	
23/08/2017	02:47:09	019001	G523095576HLR	L523	S		436.9022	1.0311	3.3183	99.9460	40.0064	0.8230	0.8274	5.0000	17.3321	508.0691	94.9306	16.4014	23.6000	0.9300	0.9338	0.6099	-0.0007	508.0000	509.5526	1.0285	10.8297	99.8116	39.1500	0.8230	0.8224	5.0000	-9999.0000	-9999.0000	-9999.0000	-9999.0000	-9999.0000	-9999.0000	17.4924	2	0	28.9235	1.0000	06	2	-9999.0000	26686	55383	-9999	718	731	-9999	304.6760	5	0.5993	0.6099	-0.0007	45.6090	1.4934	464.5215	356.4321	39.2130	460.1635	95.2315	464.1655	94.9306	468.9611	95.0000	472.1328	94.9537	
23/08/2017	02:47:39	019001	G523095544HLR	L523	S		433.9755	1.0311	3.4639	99.9952	39.4407	0.8230	0.8260	5.0000	17.7922	508.0382	94.9537	19.5317	23.6000	0.9300	0.9339	0.6101	-0.0007	508.0000	507.9484	1.0285	10.6359	99.8339	39.2224	0.8230	0.8224	5.0000	-9999.0000	-9999.0000	-9999.0000	-9999.0000	-9999.0000	-9999.0000	17.4642	3	0	29.8942	1.0000	06	2	-9999.0000	26687	55384	-9999	719	732	-9999	303.3722	5	0.5989	0.6101	-0.0007	46.0075	1.4535	458.6147	349.7926	39.1204	454.9348	95.2546	458.3121	94.8611	462.6638	95.0231	466.1060	95.0231	
23/08/2017	02:48:08	019001	G523095566HLR	L523	S		440.9467	1.0311	3.1171	100.0436	39.0060	0.8230	0.8266	5.0000	17.3721	508.0362	94.9306	15.4218	23.6000	0.9300	0.9338	0.6105	-0.0007	508.0000	510.5705	1.0285	10.9527	100.0399	39.2048	0.8230	0.8223	5.0000	-9999.0000	-9999.0000	-9999.0000	-9999.0000	-9999.0000	-9999.0000	17.4816	4	0	28.4427	1.0000	06	2	-9999.0000	26688	55385	-9999	720	733	-9999	304.7142	5	0.5985	0.6105	-0.0007	45.4226	1.4842	467.8176	340.5597	36.7130	460.8456	95.5556	467.4666	94.7685	471.6904	95.0000	475.6601	94.9769	
23/08/2017	02:48:37	019001	G523095574HLR	L523	S		438.8488	1.0311	3.2215	99.9340	39.8457	0.8230	0.8277	5.0000	17.2315	508.0270	94.9537	17.0216	23.6000	0.9300	0.9340	0.6130	-0.0009	508.0000	507.1682	1.0285	10.5416	100.0673	39.2000	0.8230	0.8223	5.0000	-9999.0000	-9999.0000	-9999.0000	-9999.0000	-9999.0000	-9999.0000	17.4424	5	0	29.0241	1.0000	06	2	-9999.0000	26689	55386	-9999	720	734	-9999	304.0098	5	0.5986	0.6130	-0.0009	46.2405	1.4496	464.8803	338.9714	38.1250	456.7930	95.4398	464.4448	94.8148	467.8860	95.0231	471.8070	94.9769	
23/08/2017	02:49:06	019001	G523095565HLR	L523	S		437.4030	1.0311	3.2934	100.0130	39.8651	0.8230	0.8265	5.0000	17.1113	508.0541	94.9306	17.4621	23.6000	0.9300	0.9341	0.6108	-0.0007	508.0000	508.5994	1.0285	10.7145	100.0913	39.2000	0.8230	0.8224	5.0000	-9999.0000	-9999.0000	-9999.0000	-9999.0000	-9999.0000	-9999.0000	17.5217	6	0	29.1830	1.0000	06	2	-9999.0000	26690	55387	-9999	721	735	-9999	303.6512	5	0.5983	0.6108	-0.0007	47.4790	1.3830	461.8185	338.5360	37.2222	451.0848	95.5787	461.3863	94.9537	464.6255	94.9769	469.0610	94.9769	
23/08/2017	02:49:37	019001	G523095555HLR	L523	S		433.7150	1.0311	3.4769	100.0065	39.1046	0.8230	0.8261	5.0000	17.1816	508.0392	94.9306	17.6916	23.6000	0.9300	0.9341	0.6085	-0.0006	508.0000	509.8493	1.0285	10.8655	100.0121	39.2484	0.8230	0.8223	5.0000	-9999.0000	-9999.0000	-9999.0000	-9999.0000	-9999.0000	-9999.0000	17.4923	7	0	31.4541	1.0000	06	2	-9999.0000	26691	55388	-9999	722	736	-9999	303.6288	5	0.5984	0.6085	-0.0006	48.3782	1.3317	460.4802	350.0841	37.8704	453.2576	95.4398	460.0530	95.1389	463.9604	95.0231	468.2821	94.9769	
23/08/2017	02:50:07	019001	G523095583HLR	L523	S		431.9118	1.0311	3.5666	100.0058	39.4000	0.8230	0.8274	5.0000	17.2023	508.0342	94.9074	16.9522	23.6000	0.9300	0.9341	0.6078	-0.0006	508.0000	508.8037	1.0285	10.7392	99.8855	39.2112	0.8230	0.8222	5.0000	-9999.0000	-9999.0000	-9999.0000	-9999.0000	-9999.0000	-9999.0000	17.4728	8	0	29.8533	1.0000	06	2	-9999.0000	26692	55389	-9999	723	737	-9999	303.8799	5	0.5986	0.6078	-0.0006	50.0580	1.2029	462.8553	340.4044	38.2407	458.4921	95.3704	462.5253	95.0926	466.2642	95.0231	469.8425	94.9769	
23/08/2017	02:50:33	019001	G523095572HLR	L523	S		434.5974	1.0311	3.4330	99.9922	40.0571	0.8230	0.8271	5.0000	17.1720	508.0436	94.9306	16.8223	23.6000	0.9300	0.9341	0.6086	-0.0006	508.0000	509.8323	1.0285	10.8635	99.9381	39.2048	0.8230	0.8222	5.0000	-9999.0000	-9999.0000	-9999.0000	-9999.0000	-9999.0000	-9999.0000	17.5227	1	0	25.7432	1.0000	06	2	-9999.0000	26693	55390	-9999	724	738	-9999	304.0318	5	0.5984	0.6086	-0.0006	49.4209	1.2503	465.0596	353.2487	39.7222	457.6364	95.0694	464.6271	95.0000	468.9060	94.9769	472.7060	94.9769	
23/08/2017	02:50:58	019001	G523095580HLR	L523	S		430.9105	1.0311	3.6164	99.9987	39.4156	0.8230	0.8260	5.0000	17.3214	508.0388	94.9306	17.6828	23.6000	0.9300	0.9341	0.6068	-0.0005	508.0000	509.8059	1.0285	10.8603	99.9202	39.2336	0.8230	0.8223	5.0000	-9999.0000	-9999.0000	-9999.0000	-9999.0000	-9999.0000	-9999.0000	17.5421	2	0	24.9434	1.0000	06	2	-9999.0000	26694	55391	-9999	725	739	-9999	303.6555	5	0.5979	0.6068	-0.0005	50.6625	1.1977	460.2240	347.7377	37.7778	454.9787	95.3704	459.8543	94.7685	464.5793	94.9769	468.3538	94.9769	
23/08/2017	02:51:28	019001	G523095569HLR	L523	S		432.7863	1.0311	3.5231	99.9801	39.1098	0.8230	0.8268	5.0000	17.3819	508.0494	94.9537	19.2923	23.6000	0.9300	0.9341	0.6066	-0.0005	508.0000	506.7357	1.0285	10.4893	99.9430	39.2500	0.8230	0.8223	5.0000	-9999.0000	-9999.0000	-9999.0000	-9999.0000	-9999.0000	-9999.0000	17.5224	3	0	30.1434	1.0000	06	2	-9999.0000	26695	55392	-9999	726	740	-9999	303.0722	5	0.5977	0.6066	-0.0005	48.9731	1.3205	459.0254	341.7173	39.0509	453.4131	95.1620	458.6609	94.8148	462.8041	94.9769	465.9381	94.9537	
23/08/2017	02:51:53	019001	G523095568HLR	L523	S		433.4034	1.0311	3.4924	99.9980	39.9084	0.8230	0.8276	5.0000	17.3820	508.0323	94.9306	18.3821	23.6000	0.9300	0.9341	0.5980	-0.0000	508.0000	510.2746	1.0285	10.9169	99.8703	39.2500	0.8230	0.8223	5.0000	-9999.0000	-9999.0000	-9999.0000	-9999.0000	-9999.0000	-9999.0000	17.5724	4	0	24.9533	1.0000	06	2	-9999.0000	26696	55393	-9999	727	741	-9999	303.2803	5	0.5973	0.5980	-0.0000	58.2779	0.8267	461.4405	342.8334	39.0741	455.1904	95.1852	460.9823	94.8611	465.3403	94.9769	468.7790	94.9537	
23/08/2017	02:52:19	019001	G523095573HLR	L523	S		442.6330	1.0311	3.0332	99.8974	39.7583	0.8230	0.8262	5.0000	17.2423	508.0482	94.9306	13.1715	23.6000	0.9300	0.9341	0.5980	-0.0000	508.0000	505.9225	1.0285	10.3911	99.8406	39.2564	0.8230	0.8221	5.0000	-9999.0000	-9999.0000	-9999.0000	-9999.0000	-9999.0000	-9999.0000	17.5021	5	0	26.2931	1.0000	06	2	-9999.0000	26697	55394	-9999	728	742	-9999	303.5455	5	0.5973	0.5980	-0.0000	58.2779	0.8267	479.3722	345.9662	35.9954	470.7767	95.1157	479.1588	94.9074	482.5934	95.0000	485.8860	94.9769	
23/08/2017	02:52:44	019001	G523095567HLR	L523	S		443.9907	1.0311	2.9656	99.9217	39.0962	0.8230	0.8262	5.0000	17.2022	508.0752	94.9074	12.4722	23.6000	0.9300	0.9342	0.5989	-0.0001	508.0000	505.8138	1.0285	10.3779	100.0555	39.2434	0.8230	0.8221	5.0000	-9999.0000	-9999.0000	-9999.0000	-9999.0000	-9999.0000	-9999.0000	17.5821	6	0	25.0625	1.0000	06	2	-9999.0000	26698	55395	-9999	729	743	-9999	303.5941	5	0.5970	0.5989	-0.0001	55.1465	1.0626	480.8042	367.1689	38.8657	474.9245	95.2778	480.4095	95.0694	484.9594	95.0926	487.7483	94.9306	
23/08/2017	02:53:10	019001	G523095546HLR	L523	S		434.3012	1.0311	3.4477	99.9440	39.4936	0.8230	0.8274	5.0000	17.0517	508.0348	94.9306	17.9016	23.6000	0.9300	0.9344	0.5964	0.0000	508.0000	509.9044	1.0285	10.8722	100.0292	39.2564	0.8230	0.8222	5.0000	-9999.0000	-9999.0000	-9999.0000	-9999.0000	-9999.0000	-9999.0000	17.4023	7	0	25.7835	1.0000	06	2	-9999.0000	26699	55396	-9999	730	744	-9999	303.4023	5	0.5968	0.5964	0.0000	58.2869	0.8973	469.5362	365.5129	37.8935	462.6079	95.6713	469.2997	95.1157	472.5107	95.0926	475.6357	94.9306	
23/08/2017	02:53:35	019001	G523095578HLR	L523	S		441.3890	1.0311	3.0951	99.9919	40.0699	0.8230	0.8272	5.0000	17.1114	508.0372	94.9074	13.0416	23.6000	0.9300	0.9342	0.5964	0.0000	508.0000	505.5432	1.0285	10.3452	100.0390	39.3000	0.8230	0.8222	5.0000	-9999.0000	-9999.0000	-9999.0000	-9999.0000	-9999.0000	-9999.0000	17.3623	8	0	24.9531	1.0000	06	2	-9999.0000	26700	55397	-9999	731	745	-9999	303.1635	5	0.5968	0.5964	0.0000	58.2869	0.8973	479.2351	360.2733	38.0093	473.5139	95.2546	478.9747	94.8611	483.4269	94.9537	486.7204	94.9537	
23/08/2017	02:54:01	019001	G523095553HLR	L523	S		441.5990	1.0311	3.0846	99.9842	39.5309	0.8230	0.8260	5.0000	17.1622	508.0668	94.9306	14.0915	23.6000	0.9300	0.9342	0.6078	-0.0006	508.0000	507.9599	1.0285	10.6372	100.0601	39.3000	0.8230	0.8221	5.0000	-9999.0000	-9999.0000	-9999.0000	-9999.0000	-9999.0000	-9999.0000	17.5527	1	0	26.0627	1.0000	06	2	-9999.0000	26701	55398	-9999	732	746	-9999	304.2454	5	0.5971	0.6078	-0.0006	36.5031	2.1507	473.0898	349.4205	37.4074	464.8161	95.5324	472.5486	94.9306	476.3683	95.0694	480.2624	94.9306	
23/08/2017	02:54:26	019001	G523095554HLR	L523	S		434.7168	1.0311	3.4270	99.9715	39.0659	0.8230	0.8264	5.0000	17.1827	508.0443	94.9306	11.9614	23.6000	0.9300	0.9342	0.6087	-0.0007	508.0000	508.7026	1.0285	10.7270	99.9983	39.2500	0.8230	0.8221	5.0000	-9999.0000	-9999.0000	-9999.0000	-9999.0000	-9999.0000	-9999.0000	17.5918	2	0	24.9132	1.0000	06	2	-9999.0000	26702	55399	-9999	733	747	-9999	305.1282	5	0.5974	0.6087	-0.0007	33.7318	2.3081	479.5594	355.5039	38.1713	471.9395	95.4630	479.1028	95.1389	482.9526	95.0926	486.8993	94.9074	
23/08/2017	02:54:52	019001	G523095157HLR	L523	S		442.8887	1.0311	3.0205	99.9294	39.6776	0.8230	0.8275	5.0000	17.3116	508.0526	94.9306	13.5817	23.6000	0.9300	0.9343	0.6122	-0.0009	508.0000	506.0071	1.0285	10.4013	100.1230	39.2883	0.8230	0.8222	5.0000	-9999.0000	-9999.0000	-9999.0000	-9999.0000	-9999.0000	-9999.0000	17.5919	3	0	25.7032	1.0000	06	1	-9999.0000	26703	55400	-9999	734	748	-9999	304.6150	5	0.5969	0.6122	-0.0009	31.7165	2.4715	471.7944	350.3316	40.9954	465.2605	95.0694	471.5449	95.0463	474.9564	95.0694	479.2104	94.9306	
23/08/2017	02:55:17	019001	G523095158HLR	L523	S		443.2847	1.0311	3.0008	99.9707	40.1216	0.8230	0.8269	5.0000	17.2521	508.0321	94.8843	12.8717	23.6000	0.9300	0.9342	0.6122	-0.0009	508.0000	509.2704	1.0285	10.7956	100.0283	39.3000	0.8230	0.8221	5.0000	-9999.0000	-9999.0000	-9999.0000	-9999.0000	-9999.0000	-9999.0000	17.5118	4	0	25.0723	1.0000	06	1	-9999.0000	26704	55401	-9999	735	749	-9999	304.8594	5	0.5972	0.6122	-0.0009	27.4578	2.7856	473.8024	341.5105	36.2500	463.8182	95.2315	473.5105	95.0231	477.7799	95.0694	481.7766	94.9537	
23/08/2017	02:55:44	019001	G523095365HLR	L523	S		442.7668	1.0311	3.0265	99.9948	39.5635	0.8230	0.8259	5.0000	17.2920	508.0584	94.9074	13.8425	23.6000	0.9300	0.9342	0.6123	-0.0010	508.0000	509.3313	1.0285	10.8030	99.9430	39.3000	0.8230	0.8220	5.0000	-9999.0000	-9999.0000	-9999.0000	-9999.0000	-9999.0000	-9999.0000	17.5723	5	0	26.9339	1.0000	06	1	-9999.0000	26705	55402	-9999	736	749	-9999	304.4443	5	0.5976	0.6123	-0.0010	26.9376	2.8205	470.5353	337.8104	39.1204	461.6737	95.2546	470.1713	94.8611	473.3134	95.0694	477.9909	94.9769	
23/08/2017	02:56:08	019001	G523095342HLR	L523	S		445.9636	1.0311	2.8675	99.9699	39.1335	0.8230	0.8264	5.0000	17.1925	508.0214	94.9074	11.9507	23.6000	0.9300	0.9342	0.6123	-0.0010	508.0000	509.1704	1.0285	10.7835	99.9849	39.2975	0.8230	0.8220	5.0000	-9999.0000	-9999.0000	-9999.0000	-9999.0000	-9999.0000	-9999.0000	17.5920	6	0	24.9327	1.0000	06	1	-9999.0000	26706	55403	-9999	737	750	-9999	305.2572	5	0.5978	0.6123	-0.0010	27.8868	2.7404	476.9287	340.1730	37.6620	466.3158	95.5093	476.5939	95.1620	481.1283	95.1157	484.4556	94.8843	
23/08/2017	02:56:36	019001	G523095332HLR	L523	S		449.0871	1.0311	2.7121	99.9909	39.6363	0.8230	0.8274	5.0000	17.1916	508.0398	94.9306	11.4115	23.6000	0.9300	0.9342	0.6120	-0.0009	508.0000	509.2515	1.0285	10.7933	100.0850	39.3000	0.8230	0.8221	5.0000	-9999.0000	-9999.0000	-9999.0000	-9999.0000	-9999.0000	-9999.0000	17.5517	7	0	27.1234	1.0000	06	1	-9999.0000	26707	55404	-9999	737	751	-9999	305.4870	5	0.5984	0.6120	-0.0009	28.8743	2.6331	478.9221	340.7733	38.2870	469.9037	95.3472	478.5787	94.8843	482.7162	95.0463	487.1699	94.9537	
23/08/2017	02:57:01	019001	G523095323HLR	L523	S		442.2417	1.0311	3.0527	99.9822	40.0419	0.8230	0.8269	5.0000	17.1427	508.0595	94.9074	13.6217	23.7000	0.9300	0.9344	0.6113	-0.0009	508.0000	507.4143	1.0285	10.5713	99.9241	39.3000	0.8230	0.8220	5.0000	-9999.0000	-9999.0000	-9999.0000	-9999.0000	-9999.0000	-9999.0000	17.5919	8	0	25.1428	1.0000	06	1	-9999.0000	26708	55405	-9999	738	752	-9999	304.3153	5	0.5987	0.6113	-0.0009	36.4056	2.1066	472.1392	346.4936	37.8704	464.2966	95.4398	471.4739	95.2778	475.1522	95.1157	478.7364	94.8611	
23/08/2017	02:58:56	019001	G523095338HLR	L523	S		0.0000	0.0000	0.0000	0.0000	0.0000	0.8230	0.0000	0.0000	0.0000	0.0000	0.0000	0.0000	0.0000	0.9300	0.0000	0.0000	0.0000	0.0000	0.0000	0.0000	0.0000	0.0000	0.0000	0.8230	0.0000	0.0000	0.0000	0.0000	0.0000	0.0000	0.0000	0.0000	0.0000	0	42	25.1428	1.0000	06	1	0.0000	0	0	0	0	0	0	0.0000	0	0.0000	0.0000	0.0000	0.0000	0.0000	0.0000	0.0000	0.0000	0.0000	0.0000	0.0000	0.0000	0.0000	0.0000	0.0000	0.0000	
23/08/2017	02:59:16	019001	G523095329HLR	L523	S		440.7130	1.0311	3.1287	99.9742	39.5731	0.8230	0.8260	5.0000	17.1818	508.0452	94.9306	14.7322	23.6000	0.9300	0.9344	0.6110	-0.0009	508.0000	505.9155	1.0285	10.3902	99.9209	39.3000	0.8230	0.8220	5.0000	-9999.0000	-9999.0000	-9999.0000	-9999.0000	-9999.0000	-9999.0000	17.6828	1	0	134.9261	1.0000	06	1	-9999.0000	26709	55406	-9999	739	753	-9999	303.7340	5	0.5986	0.6110	-0.0009	31.7475	2.4522	469.2453	343.4127	38.0093	460.8831	95.3704	469.0866	94.9537	472.8794	95.0694	477.0182	94.9537	
23/08/2017	02:59:41	019001	G523095322HLR	L523	S		449.8242	1.0311	2.6754	100.0764	39.1908	0.8230	0.8264	5.0000	17.1114	508.0271	94.9769	10.4710	23.6000	0.9300	0.9342	0.6099	-0.0008	508.0000	508.4574	1.0285	10.6974	100.0272	39.3000	0.8230	0.8220	5.0000	-9999.0000	-9999.0000	-9999.0000	-9999.0000	-9999.0000	-9999.0000	17.5820	2	0	25.7433	1.0000	06	1	-9999.0000	26710	55407	-9999	740	754	-9999	305.5668	5	0.5991	0.6099	-0.0008	34.8803	2.2477	482.8411	340.0688	37.5926	474.7149	95.4861	482.5833	94.8380	486.1174	95.0000	490.3872	94.9769	
23/08/2017	03:00:12	019001	G523095321HLR	L523	S		440.2671	1.0311	3.1509	99.9728	39.7000	0.8230	0.8274	5.0000	17.1623	508.0321	94.9074	14.9120	23.7000	0.9300	0.9345	0.6091	-0.0008	508.0000	505.4395	1.0285	10.3327	99.8006	39.1408	0.8230	0.8220	5.0000	-9999.0000	-9999.0000	-9999.0000	-9999.0000	-9999.0000	-9999.0000	18.0527	3	0	30.4636	1.0000	06	1	-9999.0000	26711	55408	-9999	741	755	-9999	303.6045	5	0.5991	0.6091	-0.0008	34.6756	2.2704	469.1223	347.3836	36.9907	462.4675	95.7407	468.7120	94.9306	472.8369	95.0694	476.9087	94.9306	
23/08/2017	03:00:40	019001	G523095313HLR	L523	S		443.6877	1.0311	2.9807	100.0108	40.0389	0.8230	0.8268	5.0000	17.3420	508.0479	94.9306	13.6315	23.6000	0.9300	0.9343	0.6086	-0.0007	508.0000	508.2319	1.0285	10.6701	99.8661	39.2500	0.8230	0.8222	5.0000	-9999.0000	-9999.0000	-9999.0000	-9999.0000	-9999.0000	-9999.0000	18.7922	4	0	27.9633	1.0000	06	1	-9999.0000	26712	55409	-9999	742	756	-9999	304.2230	5	0.5991	0.6086	-0.0007	35.3080	2.2319	472.0735	347.4383	36.2269	462.9616	95.7639	471.8338	94.7917	475.6393	95.0231	480.1956	94.9769	
23/08/2017	03:01:11	019001	G523095336HLR	L523	S		440.9362	1.0311	3.1176	99.9574	39.4970	0.8230	0.8259	5.0000	17.3019	508.0447	94.9074	14.8514	23.6000	0.9300	0.9343	0.6003	-0.0001	508.0000	506.0336	1.0285	10.4045	99.9964	39.3500	0.8230	0.8222	5.0000	-9999.0000	-9999.0000	-9999.0000	-9999.0000	-9999.0000	-9999.0000	17.4427	5	0	30.7234	1.0000	06	1	-9999.0000	26713	55410	-9999	743	757	-9999	304.5594	5	0.5996	0.6003	-0.0001	45.0148	1.4694	476.2658	352.8150	37.2685	470.0645	95.6250	476.1106	94.8843	479.5711	95.0463	482.7197	94.9769	
23/08/2017	03:01:36	019001	G523095308HLR	L523	S		442.3075	1.0311	3.0494	99.9941	39.2016	0.8230	0.8265	5.0000	17.0214	508.0537	94.9306	14.2214	23.8000	0.9300	0.9350	0.6027	-0.0002	508.0000	508.3620	1.0285	10.6858	99.9871	39.2548	0.8230	0.8218	5.0000	-9999.0000	-9999.0000	-9999.0000	-9999.0000	-9999.0000	-9999.0000	17.3819	6	0	25.0335	1.0000	06	1	-9999.0000	26714	55411	-9999	744	758	-9999	304.5247	5	0.5998	0.6027	-0.0002	40.8860	1.7717	475.4156	321.1234	39.4444	464.8003	96.0185	474.7638	95.7176	478.2571	94.6528	480.2572	94.9074	
23/08/2017	03:02:03	019001	G523095318HLR	L523	S		437.0635	1.0311	3.3103	100.0114	39.8251	0.8230	0.8271	5.0000	17.4326	508.0367	94.9537	18.2620	23.7000	0.9300	0.9346	0.6008	-0.0001	508.0000	509.2079	1.0285	10.7880	99.9110	39.2000	0.8230	0.8217	5.0000	-9999.0000	-9999.0000	-9999.0000	-9999.0000	-9999.0000	-9999.0000	17.5022	7	0	27.2834	1.0000	06	1	-9999.0000	26715	55412	-9999	745	759	-9999	304.7990	5	0.5998	0.6008	-0.0001	43.9196	1.5110	470.5432	364.2893	40.5093	465.0035	95.5093	470.2510	95.3241	474.6253	95.1157	476.4285	94.9306	
23/08/2017	03:02:32	019001	G523095311HLR	L523	S		439.4906	1.0311	3.1895	99.9526	39.5641	0.8230	0.8264	5.0000	17.3926	508.0351	94.9306	16.4717	23.6000	0.9300	0.9343	0.5991	0.0000	508.0000	508.2719	1.0285	10.6749	99.9319	39.2377	0.8230	0.8220	5.0000	-9999.0000	-9999.0000	-9999.0000	-9999.0000	-9999.0000	-9999.0000	17.5128	8	0	28.9135	1.0000	06	1	-9999.0000	26716	55413	-9999	746	760	-9999	304.6086	5	0.5998	0.5991	0.0000	45.1320	1.4212	472.9700	360.6590	39.0741	469.3539	95.5556	472.4738	95.1157	475.3422	95.0231	479.3729	95.0000	
23/08/2017	03:02:57	019001	G523095585HLR	L523	S		438.7770	1.0311	3.2250	99.9351	39.3293	0.8230	0.8267	5.0000	17.2921	508.0425	94.9306	18.5521	23.6000	0.9300	0.9342	0.6001	-0.0000	508.0000	510.3654	1.0285	10.9279	99.7739	39.3000	0.8230	0.8220	5.0000	-9999.0000	-9999.0000	-9999.0000	-9999.0000	-9999.0000	-9999.0000	17.4521	1	0	25.7023	1.0000	06	1	-9999.0000	26717	55414	-9999	747	761	-9999	304.8743	5	0.5998	0.6001	-0.0000	43.7499	1.5135	469.9005	362.7647	37.8009	465.2073	95.6481	469.5060	95.0694	473.1546	95.0694	476.0492	94.9306	
23/08/2017	03:03:24	019001	G523095307HLR	L523	S		445.2155	1.0311	2.9047	100.0564	39.7174	0.8230	0.8271	5.0000	17.2725	508.0397	94.9074	12.4820	23.6000	0.9300	0.9341	0.6001	-0.0000	508.0000	508.1747	1.0285	10.6632	99.8896	39.3000	0.8230	0.8217	5.0000	-9999.0000	-9999.0000	-9999.0000	-9999.0000	-9999.0000	-9999.0000	17.5819	2	0	26.7835	1.0000	06	1	-9999.0000	26718	55415	-9999	748	762	-9999	304.7732	5	0.5998	0.6001	-0.0000	43.7499	1.5135	481.5676	357.2761	37.7778	474.2332	95.4167	481.1501	94.9074	485.1002	94.9537	488.4125	94.9306	
23/08/2017	03:03:51	019001	G523095320HLR	L523	S		440.4044	1.0311	3.1441	100.0071	39.7257	0.8230	0.8264	5.0000	17.2715	508.0369	94.9306	15.0819	23.6000	0.9300	0.9342	0.6018	-0.0001	508.0000	508.7982	1.0285	10.7385	99.8138	39.2500	0.8230	0.8218	5.0000	-9999.0000	-9999.0000	-9999.0000	-9999.0000	-9999.0000	-9999.0000	17.5021	3	0	27.1537	1.0000	06	1	-9999.0000	26719	55416	-9999	748	763	-9999	304.6885	5	0.5999	0.6018	-0.0001	42.4836	1.5978	474.4418	365.8302	38.0556	465.6280	95.5093	474.3642	94.9074	478.5816	95.0463	481.6659	94.9537	
23/08/2017	03:04:19	019001	G523095482HLR	L523	S		436.5473	1.0311	3.3360	99.9896	39.2701	0.8230	0.8263	5.0000	17.2627	508.0401	94.9306	17.4425	23.6000	0.9300	0.9343	0.6045	-0.0003	508.0000	508.3930	1.0285	10.6896	99.8503	39.3000	0.8230	0.8219	5.0000	-9999.0000	-9999.0000	-9999.0000	-9999.0000	-9999.0000	-9999.0000	17.5117	4	0	27.9526	1.0000	06	1	-9999.0000	26720	55417	-9999	749	763	-9999	304.4611	5	0.5996	0.6045	-0.0003	42.1680	1.6086	468.4525	344.0049	38.6343	461.2368	95.3472	468.2365	95.0000	471.7100	95.0463	474.9839	94.9074	
23/08/2017	03:04:45	019001	G523095490HLR	L523	S		443.8102	1.0311	2.9746	100.0460	39.5000	0.8230	0.8272	5.0000	17.2326	508.0230	94.9074	12.1011	23.6000	0.9300	0.9342	0.6045	-0.0003	508.0000	507.6890	1.0285	10.6045	100.1978	39.3000	0.8230	0.8219	5.0000	-9999.0000	-9999.0000	-9999.0000	-9999.0000	-9999.0000	-9999.0000	17.5822	5	0	25.7032	1.0000	06	1	-9999.0000	26721	55418	-9999	750	764	-9999	305.1047	5	0.5996	0.6045	-0.0003	42.1680	1.6086	479.4441	356.5380	40.1620	472.6930	94.9537	479.2928	94.7685	483.4318	95.0000	487.1563	94.9306	
23/08/2017	03:05:12	019001	G523095301HLR	L523	S		441.9216	1.0311	3.0686	99.9102	39.9503	0.8230	0.8269	5.0000	17.2822	508.0469	94.9306	15.2919	23.6000	0.9300	0.9342	0.6038	-0.0003	508.0000	507.9607	1.0285	10.6373	100.1331	39.3000	0.8230	0.8218	5.0000	-9999.0000	-9999.0000	-9999.0000	-9999.0000	-9999.0000	-9999.0000	17.5215	6	0	26.9632	1.0000	06	1	-9999.0000	26722	55419	-9999	751	765	-9999	304.5739	5	0.5995	0.6038	-0.0003	42.4410	1.6046	473.2572	354.0952	38.7500	465.7378	95.3241	473.0881	94.8843	476.1705	95.0694	479.5628	94.9537	
23/08/2017	03:05:41	019001	G523095298HLR	L523	S		442.1616	1.0311	3.0566	100.0108	39.5495	0.8230	0.8261	5.0000	17.0822	508.0107	94.9074	14.9920	23.6000	0.9300	0.9342	0.6038	-0.0003	508.0000	508.9064	1.0285	10.7516	99.9459	39.3000	0.8230	0.8218	5.0000	-9999.0000	-9999.0000	-9999.0000	-9999.0000	-9999.0000	-9999.0000	17.5615	7	0	28.9439	1.0000	06	1	-9999.0000	26723	55419	-9999	752	766	-9999	304.4369	5	0.5995	0.6038	-0.0003	42.4410	1.6046	475.6018	356.4042	39.4213	469.4511	95.1852	475.3503	94.9074	478.4782	95.0231	482.3582	94.9306	
23/08/2017	03:06:08	019001	G523094953HLR	L523	S		441.7915	1.0311	3.0750	99.9629	39.2212	0.8230	0.8265	5.0000	17.2618	508.0377	94.9074	15.8525	23.6000	0.9300	0.9343	0.6036	-0.0003	508.0000	509.4737	1.0285	10.8202	99.8253	39.3000	0.8230	0.8218	5.0000	-9999.0000	-9999.0000	-9999.0000	-9999.0000	-9999.0000	-9999.0000	17.5423	8	0	27.2328	1.0000	06	1	-9999.0000	26724	55420	-9999	753	767	-9999	304.3021	5	0.5993	0.6036	-0.0003	45.1930	1.4604	472.7133	338.0213	36.6204	462.7436	95.5556	472.2570	94.8843	476.2606	95.0231	479.5134	94.9537	
23/08/2017	03:06:38	019001	G523094952HLR	L523	S		448.2268	1.0311	2.7549	100.0401	39.8000	0.8230	0.8273	5.0000	17.1123	508.0332	95.0000	11.1107	23.6000	0.9300	0.9342	0.6036	-0.0003	508.0000	506.0621	1.0285	10.4079	99.8260	39.3000	0.8230	0.8218	5.0000	-9999.0000	-9999.0000	-9999.0000	-9999.0000	-9999.0000	-9999.0000	17.4922	1	0	29.5144	1.0000	06	1	-9999.0000	26725	55421	-9999	754	768	-9999	305.0137	5	0.5993	0.6036	-0.0003	45.1930	1.4604	483.8218	339.7584	37.4074	474.3228	95.3935	483.3137	95.0000	487.4159	95.0463	490.8088	94.9537	
23/08/2017	03:07:04	019001	G523095545HLR	L523	S		442.6471	1.0311	3.0325	99.9952	39.9567	0.8230	0.8265	5.0000	17.2717	508.0316	94.9074	15.4726	23.6000	0.9300	0.9345	0.6040	-0.0003	508.0000	508.2474	1.0285	10.6720	100.1274	39.3000	0.8230	0.8218	5.0000	-9999.0000	-9999.0000	-9999.0000	-9999.0000	-9999.0000	-9999.0000	17.5215	2	0	26.2531	1.0000	06	1	-9999.0000	26726	55422	-9999	755	769	-9999	304.4919	5	0.5991	0.6040	-0.0003	45.8240	1.4213	471.9251	335.5508	38.6111	460.9246	95.4630	471.5112	94.9074	475.6956	95.0694	479.1495	94.9306	
23/08/2017	03:07:32	019001	G523095557HLR	L523	S		439.7391	1.0311	3.1772	100.0049	39.3607	0.8230	0.8260	5.0000	17.1114	508.0607	94.9306	16.7217	23.6000	0.9300	0.9344	0.6043	-0.0003	508.0000	509.2278	1.0285	10.7904	100.1897	39.3000	0.8230	0.8218	5.0000	-9999.0000	-9999.0000	-9999.0000	-9999.0000	-9999.0000	-9999.0000	17.5625	3	0	28.2134	1.0000	06	1	-9999.0000	26727	55423	-9999	756	770	-9999	304.2063	5	0.5989	0.6043	-0.0003	45.7471	1.4207	471.8154	353.1794	38.7731	463.6144	95.3935	471.4702	94.9537	474.6322	95.0463	477.8468	94.9306	
23/08/2017	03:07:59	019001	G523095581HLR	L523	S		441.5185	1.0311	3.0886	99.9548	39.3218	0.8230	0.8269	5.0000	17.1717	508.0437	94.9306	15.7617	23.6000	0.9300	0.9343	0.6074	-0.0005	508.0000	509.0131	1.0285	10.7645	100.0666	39.3000	0.8230	0.8218	5.0000	-9999.0000	-9999.0000	-9999.0000	-9999.0000	-9999.0000	-9999.0000	17.6720	4	0	26.8333	1.0000	06	1	-9999.0000	26728	55424	-9999	757	771	-9999	304.2974	5	0.5993	0.6074	-0.0005	43.1438	1.5759	471.7755	338.8098	38.4722	464.0306	95.3009	471.3402	94.7917	477.2309	95.0694	479.1478	95.0000	
23/08/2017	03:08:27	019001	G523095552HLR	L523	S		434.3199	1.0311	3.4468	100.0163	40.0132	0.8230	0.8273	5.0000	17.1221	508.0272	94.9306	17.3224	23.6000	0.9300	0.9344	0.6077	-0.0006	508.0000	509.5953	1.0285	10.8348	99.9456	39.3000	0.8230	0.8218	5.0000	-9999.0000	-9999.0000	-9999.0000	-9999.0000	-9999.0000	-9999.0000	17.5323	5	0	27.6332	1.0000	06	1	-9999.0000	26729	55425	-9999	758	772	-9999	303.8264	5	0.5993	0.6077	-0.0006	42.1037	1.6299	461.9919	351.1807	37.4769	455.9920	95.6250	461.6282	94.9537	466.1619	95.0463	469.9587	94.9537	
23/08/2017	03:08:54	019001	G523095579HLR	L523	S		439.0714	1.0311	3.2104	99.9909	39.7743	0.8230	0.8262	5.0000	17.0520	508.0312	94.9074	14.7918	23.6000	0.9300	0.9343	0.6077	-0.0006	508.0000	507.7329	1.0285	10.6098	100.0537	39.3000	0.8230	0.8218	5.0000	-9999.0000	-9999.0000	-9999.0000	-9999.0000	-9999.0000	-9999.0000	17.4825	6	0	27.6030	1.0000	06	1	-9999.0000	26730	55426	-9999	759	773	-9999	304.4837	5	0.5993	0.6077	-0.0006	42.1037	1.6299	471.2861	350.0760	38.5185	461.5162	95.4398	470.9726	95.0463	474.6952	95.0231	478.1531	94.9537	
23/08/2017	03:09:25	019001	G523095563HLR	L523	S		439.9476	1.0311	3.1668	99.9892	39.2259	0.8230	0.8263	5.0000	17.1124	508.0457	94.9306	15.9922	23.6000	0.9300	0.9344	0.6106	-0.0008	508.0000	507.9361	1.0285	10.6344	100.0906	39.3000	0.8230	0.8218	5.0000	-9999.0000	-9999.0000	-9999.0000	-9999.0000	-9999.0000	-9999.0000	17.5920	7	0	30.9539	1.0000	06	1	-9999.0000	26731	55427	-9999	760	774	-9999	304.0410	5	0.5991	0.6106	-0.0008	38.2291	1.8786	467.7974	337.8216	36.0185	456.2465	95.2778	467.4443	94.9537	471.2895	95.0463	474.6610	94.9537	
23/08/2017	03:09:51	019001	G523095570HLR	L523	S		438.3777	1.0311	3.2449	99.9849	39.6000	0.8230	0.8273	5.0000	17.2619	508.0760	94.9306	15.3319	23.6000	0.9300	0.9343	0.6118	-0.0009	508.0000	507.8803	1.0285	10.6276	99.7998	39.3000	0.8230	0.8217	5.0000	-9999.0000	-9999.0000	-9999.0000	-9999.0000	-9999.0000	-9999.0000	17.5313	8	0	26.2131	1.0000	06	1	-9999.0000	26732	55428	-9999	761	775	-9999	304.2604	5	0.5988	0.6118	-0.0009	33.8979	2.1332	468.6351	352.5434	38.8426	459.6689	95.3935	468.8490	94.8843	471.1908	95.0231	475.0212	94.9769	
23/08/2017	03:10:18	019001	G523095559HLR	L523	S		441.3624	1.0311	3.0964	99.9507	40.0653	0.8230	0.8268	5.0000	17.3018	508.0380	94.9074	15.4618	23.6000	0.9300	0.9343	0.6130	-0.0009	508.0000	508.3889	1.0285	10.6891	99.9100	39.3000	0.8230	0.8216	5.0000	-9999.0000	-9999.0000	-9999.0000	-9999.0000	-9999.0000	-9999.0000	17.5919	1	0	26.5628	1.0000	06	1	-9999.0000	26733	55429	-9999	762	776	-9999	304.0927	5	0.5989	0.6130	-0.0009	38.3912	1.8825	468.1131	346.5644	39.3056	460.0595	95.2778	467.8389	94.9074	472.1446	95.0231	475.8010	94.9537	
23/08/2017	03:10:44	019001	G523095551HLR	L523	S		438.2065	1.0311	3.2534	99.9595	39.5665	0.8230	0.8260	5.0000	17.2218	508.0549	94.9306	16.1123	23.6000	0.9300	0.9343	0.6142	-0.0010	508.0000	507.3381	1.0285	10.5621	99.6749	39.3000	0.8230	0.8217	5.0000	-9999.0000	-9999.0000	-9999.0000	-9999.0000	-9999.0000	-9999.0000	17.7326	2	0	25.6036	1.0000	06	1	-9999.0000	26734	55430	-9999	763	777	-9999	303.7558	5	0.5987	0.6142	-0.0010	34.9368	2.0612	464.2581	339.6019	39.3750	455.8594	95.3241	463.9825	94.8843	467.9855	95.0463	471.8770	94.9537	
23/08/2017	03:11:10	019001	G523095549HLR	L523	S		432.0595	1.0311	3.5592	99.9759	39.2253	0.8230	0.8265	5.0000	17.2318	508.0415	94.9537	18.7825	23.6000	0.9300	0.9344	0.6141	-0.0010	508.0000	506.6863	1.0285	10.4833	100.0236	39.3000	0.8230	0.8218	5.0000	-9999.0000	-9999.0000	-9999.0000	-9999.0000	-9999.0000	-9999.0000	17.4317	3	0	26.8128	1.0000	06	1	-9999.0000	26735	55431	-9999	764	778	-9999	302.4213	5	0.5986	0.6141	-0.0010	35.4485	2.0603	454.4711	343.3446	38.4259	449.7595	95.5556	454.1229	94.9769	459.1751	95.0231	462.9473	94.9306	
23/08/2017	03:11:36	019001	G523095539HLR	L523	S		438.8649	1.0311	3.2207	100.0434	39.8198	0.8230	0.8274	5.0000	17.0616	508.0463	94.8843	14.7215	23.6000	0.9300	0.9342	0.6141	-0.0010	508.0000	508.2481	1.0285	10.6721	100.1374	39.3336	0.8230	0.8218	5.0000	-9999.0000	-9999.0000	-9999.0000	-9999.0000	-9999.0000	-9999.0000	17.7325	4	0	26.1038	1.0000	06	1	-9999.0000	26736	55432	-9999	765	779	-9999	304.4842	5	0.5986	0.6141	-0.0010	35.4485	2.0603	467.1041	332.5414	39.1898	459.0753	95.2546	466.7695	94.8611	470.9801	95.0231	475.3104	94.9769	
23/08/2017	03:12:03	019001	G523096015HLR	L523	S		443.8442	1.0311	2.9729	99.9893	39.9118	0.8230	0.8263	5.0000	17.1720	508.0472	94.9074	14.3718	23.6000	0.9300	0.9343	0.6143	-0.0010	508.0000	508.9768	1.0285	10.7601	100.1313	39.3175	0.8230	0.8217	5.0000	-9999.0000	-9999.0000	-9999.0000	-9999.0000	-9999.0000	-9999.0000	17.6330	5	0	26.6330	1.0000	06	1	-9999.0000	26737	55433	-9999	766	780	-9999	304.6941	5	0.5986	0.6143	-0.0010	34.7459	2.0795	470.3546	338.0132	39.4213	459.9952	95.2315	469.8071	94.9537	473.5809	95.0463	477.4110	94.9537	
23/08/2017	03:12:29	019001	G523096016HLR	L523	S		442.1304	1.0311	3.0582	99.9641	39.2958	0.8230	0.8260	5.0000	17.1620	508.0353	94.9074	14.1413	23.6000	0.9300	0.9344	0.6139	-0.0010	508.0000	509.0563	1.0285	10.7697	99.9258	39.3000	0.8230	0.8217	5.0000	-9999.0000	-9999.0000	-9999.0000	-9999.0000	-9999.0000	-9999.0000	17.5323	6	0	25.8367	1.0000	06	1	-9999.0000	26738	55434	-9999	767	781	-9999	304.8564	5	0.5987	0.6139	-0.0010	34.3775	2.1040	470.3366	323.0351	38.1944	461.3517	95.4861	470.1684	95.0231	474.2182	95.0463	478.7030	94.9306	
23/08/2017	03:12:57	019001	G523096017HLR	L523	S		444.6963	1.0311	2.9305	100.0015	39.4000	0.8230	0.8270	5.0000	17.2715	508.0558	94.9074	14.6316	23.6000	0.9300	0.9344	0.6181	-0.0012	508.0000	509.3371	1.0285	10.8036	100.2211	39.3302	0.8230	0.8218	5.0000	-9999.0000	-9999.0000	-9999.0000	-9999.0000	-9999.0000	-9999.0000	17.5819	7	0	28.1992	1.0000	06	1	-9999.0000	26739	55435	-9999	768	782	-9999	304.8016	5	0.5982	0.6181	-0.0012	30.0099	2.3771	467.5010	329.8298	37.1991	457.1708	95.6713	467.3859	95.0000	471.5379	95.0926	475.7245	94.9306	
23/08/2017	03:13:23	019001	G523096025HLR	L523	S		441.8276	1.0311	3.0733	99.9664	40.0120	0.8230	0.8273	5.0000	17.1317	508.0438	94.8843	14.5818	23.6000	0.9300	0.9343	0.6102	-0.0007	508.0000	509.1029	1.0285	10.7754	99.9950	39.3317	0.8230	0.8217	5.0000	-9999.0000	-9999.0000	-9999.0000	-9999.0000	-9999.0000	-9999.0000	17.6621	8	0	26.0833	1.0000	06	1	-9999.0000	26740	55436	-9999	769	783	-9999	304.5204	5	0.5982	0.6102	-0.0007	42.4008	1.7006	471.1918	337.7440	37.2917	459.6336	95.6713	470.8747	94.9306	475.0416	95.0463	478.2536	94.9306	
23/08/2017	03:13:51	019001	G523096036HLR	L523	S		441.2417	1.0311	3.1024	99.9757	39.8399	0.8230	0.8262	5.0000	17.1729	508.0513	94.9074	14.4021	23.6000	0.9300	0.9344	0.6082	-0.0006	508.0000	508.0639	1.0285	10.6498	99.9772	39.3401	0.8230	0.8217	5.0000	-9999.0000	-9999.0000	-9999.0000	-9999.0000	-9999.0000	-9999.0000	17.5517	1	0	27.5139	1.0000	06	1	-9999.0000	26741	55437	-9999	770	783	-9999	304.4834	5	0.5983	0.6082	-0.0006	38.8446	1.9187	472.1029	343.2226	38.9120	463.8301	95.3935	471.6705	94.9769	475.6408	95.0694	479.4927	94.9306	
23/08/2017	03:14:17	019001	G523095995HLR	L523	S		443.4319	1.0311	2.9934	99.9167	39.2802	0.8230	0.8261	5.0000	17.1622	508.0780	94.8843	14.3620	23.6000	0.9300	0.9344	0.6073	-0.0006	508.0000	509.3714	1.0285	10.8078	100.0855	39.3000	0.8230	0.8217	5.0000	-9999.0000	-9999.0000	-9999.0000	-9999.0000	-9999.0000	-9999.0000	17.5820	2	0	25.8733	1.0000	06	1	-9999.0000	26742	55438	-9999	771	784	-9999	304.4832	5	0.5984	0.6073	-0.0006	39.8086	1.8797	475.0356	341.0104	39.7685	467.0224	95.2315	474.5306	95.0694	478.1555	95.0694	481.7088	94.9306	
23/08/2017	03:14:43	019001	G523096050HLR	L523	S		441.0044	1.0311	3.1142	99.9418	39.4297	0.8230	0.8271	5.0000	17.1618	508.0259	94.8843	15.9511	23.6000	0.9300	0.9344	0.6040	-0.0004	508.0000	509.1748	1.0285	10.7840	99.9528	39.3417	0.8230	0.8217	5.0000	-9999.0000	-9999.0000	-9999.0000	-9999.0000	-9999.0000	-9999.0000	17.6124	3	0	26.5822	1.0000	06	1	-9999.0000	26743	55439	-9999	772	785	-9999	304.0247	5	0.5985	0.6040	-0.0004	40.8728	1.7702	470.6809	337.4382	36.7593	459.6771	95.7639	470.4627	94.9074	474.4573	95.0463	477.8121	94.9537	
23/08/2017	03:15:11	019001	G523096079HLR	L523	S		442.1965	1.0311	3.0549	100.0043	40.0319	0.8230	0.8272	5.0000	17.2118	508.0278	94.9074	14.5516	23.6000	0.9300	0.9343	0.6040	-0.0004	508.0000	507.6138	1.0285	10.5954	100.1169	39.3495	0.8230	0.8218	5.0000	-9999.0000	-9999.0000	-9999.0000	-9999.0000	-9999.0000	-9999.0000	17.6124	4	0	27.7642	1.0000	06	1	-9999.0000	26744	55439	-9999	773	786	-9999	304.2103	5	0.5985	0.6040	-0.0004	40.8728	1.7702	474.0976	334.2426	37.3611	466.0043	95.6944	473.9259	95.0694	477.5326	95.0694	481.5088	94.9074	
23/08/2017	03:15:41	019001	G523096058HLR	L523	S		442.2490	1.0311	3.0523	100.0247	39.7663	0.8230	0.8261	5.0000	17.1016	508.0643	94.9074	15.2811	23.6000	0.9300	0.9344	0.6047	-0.0004	508.0000	509.5384	1.0285	10.8280	99.9757	39.3500	0.8230	0.8217	5.0000	-9999.0000	-9999.0000	-9999.0000	-9999.0000	-9999.0000	-9999.0000	17.6518	5	0	30.5437	1.0000	06	1	-9999.0000	26745	55440	-9999	774	787	-9999	304.1290	5	0.5985	0.6047	-0.0004	40.7231	1.7927	475.7487	339.6243	37.6852	465.0321	95.5324	475.8741	94.9537	477.9720	95.0694	481.0457	94.9306	
23/08/2017	03:16:07	019001	G523096077HLR	L523	S		441.2281	1.0311	3.1031	99.9502	39.2475	0.8230	0.8262	5.0000	17.2820	508.0328	94.9074	14.3816	23.6000	0.9300	0.9344	0.6039	-0.0004	508.0000	508.0442	1.0285	10.6474	99.9671	39.3479	0.8230	0.8216	5.0000	-9999.0000	-9999.0000	-9999.0000	-9999.0000	-9999.0000	-9999.0000	17.5726	6	0	25.5031	1.0000	06	1	-9999.0000	26746	55441	-9999	775	788	-9999	304.1815	5	0.5984	0.6039	-0.0004	40.1557	1.8150	474.9945	353.3483	38.5417	467.0744	95.4167	474.9898	95.0000	478.2897	95.0694	481.6091	94.9537	
23/08/2017	03:16:35	019001	G523096067HLR	L523	S		440.4935	1.0311	3.1396	99.9617	39.6078	0.8230	0.8272	5.0000	17.1924	508.0777	94.9074	14.3513	23.6000	0.9300	0.9344	0.6044	-0.0004	508.0000	506.7842	1.0285	10.4952	100.0766	39.3143	0.8230	0.8216	5.0000	-9999.0000	-9999.0000	-9999.0000	-9999.0000	-9999.0000	-9999.0000	17.8225	7	0	27.8434	1.0000	06	1	-9999.0000	26747	55442	-9999	776	789	-9999	304.2085	5	0.5983	0.6044	-0.0004	40.5646	1.7904	473.6029	343.2886	37.3380	466.5455	95.6713	473.2087	94.9537	477.1669	95.0463	480.9960	94.9537	
23/08/2017	03:17:00	019001	G523096068HLR	L523	S		438.5806	1.0311	3.2348	100.0323	40.0463	0.8230	0.8269	5.0000	17.2324	508.0461	94.9074	16.2422	23.6000	0.9300	0.9345	0.6155	-0.0012	508.0000	509.9436	1.0285	10.8769	99.8845	39.3000	0.8230	0.8217	5.0000	-9999.0000	-9999.0000	-9999.0000	-9999.0000	-9999.0000	-9999.0000	17.6524	8	0	24.9820	1.0000	06	1	-9999.0000	26748	55443	-9999	777	790	-9999	303.7462	5	0.5984	0.6155	-0.0012	49.1135	1.1931	468.7652	332.9483	36.5741	459.9738	95.8796	468.4106	94.9537	472.3917	95.0694	475.6810	94.9537	
23/08/2017	03:17:25	019001	G523096078HLR	L523	S		434.0330	1.0311	3.4610	99.9688	39.6627	0.8230	0.8261	5.0000	17.1114	508.0447	94.9306	18.3421	23.6000	0.9300	0.9344	0.6157	-0.0012	508.0000	505.3195	1.0285	10.3182	99.8319	39.3500	0.8230	0.8217	5.0000	-9999.0000	-9999.0000	-9999.0000	-9999.0000	-9999.0000	-9999.0000	17.6526	1	0	25.6635	1.0000	06	1	-9999.0000	26749	55444	-9999	778	791	-9999	301.8683	5	0.5983	0.6157	-0.0012	50.4242	1.0977	456.0635	332.7208	38.0093	447.1938	95.7407	455.8226	95.0000	459.2838	95.0926	463.2591	94.9306	
23/08/2017	03:17:54	019001	G523096049HLR	L523	S		441.2201	1.0311	3.1035	100.0159	39.2547	0.8230	0.8266	5.0000	17.4218	508.0574	94.9074	13.9812	23.6000	0.9300	0.9343	0.6157	-0.0012	508.0000	509.3659	1.0285	10.8071	99.9689	39.3500	0.8230	0.8217	5.0000	-9999.0000	-9999.0000	-9999.0000	-9999.0000	-9999.0000	-9999.0000	17.6514	2	0	28.3030	1.0000	06	1	-9999.0000	26750	55445	-9999	779	792	-9999	304.4405	5	0.5983	0.6157	-0.0012	50.4242	1.0977	468.5931	345.4074	38.6806	458.6816	95.3241	468.4514	94.9769	472.2354	95.0231	476.2386	94.9537	
23/08/2017	03:18:21	019001	G523096080HLR	L523	S		438.9403	1.0311	3.2169	99.9871	39.8283	0.8230	0.8273	5.0000	17.1222	508.0639	94.8843	15.6415	23.6000	0.9300	0.9345	0.6225	-0.0016	508.0000	509.8356	1.0285	10.8639	99.8501	39.3500	0.8230	0.8217	5.0000	-9999.0000	-9999.0000	-9999.0000	-9999.0000	-9999.0000	-9999.0000	17.5824	3	0	26.8831	1.0000	06	1	-9999.0000	26751	55446	-9999	780	792	-9999	303.4294	5	0.5982	0.6225	-0.0016	39.2971	1.8611	461.0725	342.4015	37.4769	454.0303	95.6481	461.0546	95.1157	465.5862	95.0694	469.7593	94.9074	
23/08/2017	03:18:53	019001	G523095390HLR	L523	S		447.4637	1.0311	2.7928	100.0164	39.9485	0.8230	0.8265	5.0000	17.4718	508.0377	94.9306	12.0815	23.6000	0.9300	0.9344	0.6225	-0.0016	508.0000	511.3338	1.0285	11.0449	100.0642	39.3500	0.8230	0.8216	5.0000	-9999.0000	-9999.0000	-9999.0000	-9999.0000	-9999.0000	-9999.0000	17.5725	4	0	32.4844	1.0000	06	4	-9999.0000	26752	55447	-9999	781	793	-9999	306.2420	5	0.5982	0.6225	-0.0016	39.2971	1.8611	473.3849	344.5729	39.8380	461.2084	95.1157	472.8925	94.9306	477.9966	95.0463	481.9107	94.9537	
23/08/2017	03:19:22	019001	G523095382HLR	L523	S		445.9130	1.0311	2.8700	99.9988	39.4142	0.8230	0.8260	5.0000	17.2823	508.0846	94.8843	12.5611	23.7000	0.9300	0.9345	0.6226	-0.0016	508.0000	511.0445	1.0285	11.0100	99.9768	39.3500	0.8230	0.8216	5.0000	-9999.0000	-9999.0000	-9999.0000	-9999.0000	-9999.0000	-9999.0000	17.7023	5	0	28.4438	1.0000	06	4	-9999.0000	26753	55448	-9999	781	794	-9999	305.9016	5	0.5981	0.6226	-0.0016	48.8808	1.2165	472.0711	332.4871	38.0093	460.6823	95.5093	471.6045	95.2083	476.1681	95.1389	479.9472	94.8843	
23/08/2017	03:19:53	019001	G523095360HLR	L523	S		437.9831	1.0311	3.2645	100.0206	39.3459	0.8230	0.8268	5.0000	17.3516	508.0663	94.9306	16.8517	23.7000	0.9300	0.9345	0.6079	-0.0007	508.0000	508.7965	1.0285	10.7383	100.2026	39.3369	0.8230	0.8216	5.0000	-9999.0000	-9999.0000	-9999.0000	-9999.0000	-9999.0000	-9999.0000	17.6524	6	0	31.5039	1.0000	06	4	-9999.0000	26754	55449	-9999	782	795	-9999	303.3665	5	0.5976	0.6079	-0.0007	47.7438	1.2815	466.4030	347.1226	40.2546	458.4102	95.3935	466.0955	95.0926	468.9925	95.0926	472.5745	94.9306	
23/08/2017	03:20:19	019001	G523095371HLR	L523	S		440.5894	1.0311	3.1349	100.0097	39.9589	0.8230	0.8273	5.0000	17.2013	508.0424	94.9074	14.6609	23.6000	0.9300	0.9343	0.6079	-0.0007	508.0000	507.4859	1.0285	10.5800	99.9767	39.3000	0.8230	0.8216	5.0000	-9999.0000	-9999.0000	-9999.0000	-9999.0000	-9999.0000	-9999.0000	17.6722	7	0	25.7423	1.0000	06	4	-9999.0000	26755	55450	-9999	783	796	-9999	303.8282	5	0.5976	0.6079	-0.0007	47.7438	1.2815	470.2786	341.0470	38.1481	462.7986	95.4630	469.8163	94.9306	473.9413	95.0000	478.3587	94.9537	
23/08/2017	03:20:44	019001	G523095351HLR	L523	S		427.3924	1.0311	3.7914	99.9653	39.9319	0.8230	0.8263	5.0000	17.2921	508.0414	94.9769	20.9625	23.6000	0.9300	0.9344	0.6048	-0.0005	508.0000	505.3044	1.0285	10.3164	99.9480	39.3500	0.8230	0.8216	5.0000	-9999.0000	-9999.0000	-9999.0000	-9999.0000	-9999.0000	-9999.0000	17.5617	8	0	24.9738	1.0000	06	4	-9999.0000	26756	55451	-9999	784	797	-9999	302.1349	5	0.5979	0.6048	-0.0005	48.7543	1.2765	455.6988	331.6912	37.7083	447.3723	95.7176	455.3979	95.0926	459.3137	95.0694	462.8933	94.9306	
23/08/2017	03:21:09	019001	G523095380HLR	L523	S		439.0589	1.0311	3.2110	99.9458	39.3469	0.8230	0.8260	5.0000	17.1515	508.0604	94.9074	16.2119	23.6000	0.9300	0.9342	0.6054	-0.0005	508.0000	508.8961	1.0285	10.7504	99.9092	39.3446	0.8230	0.8217	5.0000	-9999.0000	-9999.0000	-9999.0000	-9999.0000	-9999.0000	-9999.0000	17.5800	1	0	25.6827	1.0000	06	4	-9999.0000	26757	55452	-9999	785	798	-9999	303.4324	5	0.5975	0.6054	-0.0005	48.5944	1.3074	468.9698	332.4380	36.8287	460.0083	95.7407	468.7795	94.8611	472.4668	95.0000	476.1163	94.9074	
23/08/2017	03:21:39	019001	G523095388HLR	L523	S		431.2982	1.0311	3.5971	99.9779	39.6000	0.8230	0.8271	5.0000	17.1622	508.0353	94.9537	19.9819	23.6000	0.9300	0.9343	0.6052	-0.0005	508.0000	506.6812	1.0285	10.4827	99.7345	39.3500	0.8230	0.8217	5.0000	-9999.0000	-9999.0000	-9999.0000	-9999.0000	-9999.0000	-9999.0000	17.7119	2	0	29.1637	1.0000	06	4	-9999.0000	26758	55453	-9999	786	799	-9999	302.1498	5	0.5977	0.6052	-0.0005	48.1493	1.3396	457.1016	338.0553	36.8287	448.1148	95.8333	456.8461	94.9074	461.5794	95.0926	465.0964	94.9537	
23/08/2017	03:22:04	019001	G523095377HLR	L523	S		444.0587	1.0311	2.9623	99.9757	40.0309	0.8230	0.8268	5.0000	17.3017	508.0329	94.9074	12.4419	23.6000	0.9300	0.9342	0.6052	-0.0005	508.0000	508.5705	1.0285	10.7110	99.9769	39.3500	0.8230	0.8217	5.0000	-9999.0000	-9999.0000	-9999.0000	-9999.0000	-9999.0000	-9999.0000	17.6429	3	0	25.7630	1.0000	06	4	-9999.0000	26759	55454	-9999	787	800	-9999	304.3235	5	0.5977	0.6052	-0.0005	48.1493	1.3396	478.6597	342.2938	36.9676	472.1132	94.9769	478.1404	94.9306	482.3042	94.9769	486.9361	94.9537	
23/08/2017	03:22:29	019001	G523095387HLR	L523	S		442.8625	1.0311	3.0218	100.0200	39.4838	0.8230	0.8260	5.0000	17.3516	508.0170	94.9074	13.1910	23.6000	0.9300	0.9342	0.6011	-0.0002	508.0000	508.2967	1.0285	10.6779	99.8065	39.3500	0.8230	0.8215	5.0000	-9999.0000	-9999.0000	-9999.0000	-9999.0000	-9999.0000	-9999.0000	17.6017	4	0	24.9325	1.0000	06	4	-9999.0000	26760	55455	-9999	788	801	-9999	303.9060	5	0.5976	0.6011	-0.0002	46.4198	1.4681	479.4788	345.9491	39.1204	470.2448	95.2546	479.0879	94.8611	482.6549	95.0694	485.7791	94.9537	
23/08/2017	03:22:55	019001	G523095357HLR	L523	S		442.6710	1.0311	3.0313	99.9501	39.3096	0.8230	0.8266	5.0000	17.0806	508.0608	94.9074	12.7916	23.7000	0.9300	0.9343	0.6003	-0.0002	508.0000	507.7802	1.0285	10.6155	99.9657	39.3160	0.8230	0.8216	5.0000	-9999.0000	-9999.0000	-9999.0000	-9999.0000	-9999.0000	-9999.0000	17.6124	5	0	25.6838	1.0000	06	4	-9999.0000	26761	55456	-9999	789	802	-9999	303.7623	5	0.5972	0.6003	-0.0002	47.0109	1.4358	480.8351	339.9007	37.6852	471.1676	95.6019	480.5649	95.2083	484.5633	95.0694	487.7311	94.8843	
23/08/2017	03:23:21	019001	G523095627HLR	L523	S		437.5977	1.0311	3.2837	99.9692	39.8186	0.8230	0.8273	5.0000	17.2119	508.0410	94.9537	17.7228	23.7000	0.9300	0.9344	0.6012	-0.0002	508.0000	510.5266	1.0285	10.9474	100.1392	39.3500	0.8230	0.8217	5.0000	-9999.0000	-9999.0000	-9999.0000	-9999.0000	-9999.0000	-9999.0000	17.5423	6	0	25.8528	1.0000	06	4	-9999.0000	26762	55457	-9999	790	803	-9999	303.3519	5	0.5974	0.6012	-0.0002	46.1947	1.4841	471.1886	351.9338	39.3056	462.8040	95.3935	471.0521	95.0463	474.3706	95.0926	477.7385	94.9306	
23/08/2017	03:23:50	019001	G523095347HLR	L523	S		444.6465	1.0311	2.9330	99.9543	40.0429	0.8230	0.8265	5.0000	17.2823	508.0310	94.9306	11.6918	23.6000	0.9300	0.9341	0.6012	-0.0002	508.0000	507.2501	1.0285	10.5515	99.9659	39.3692	0.8230	0.8217	5.0000	-9999.0000	-9999.0000	-9999.0000	-9999.0000	-9999.0000	-9999.0000	17.6027	7	0	29.4842	1.0000	06	4	-9999.0000	26763	55458	-9999	791	804	-9999	304.0055	5	0.5974	0.6012	-0.0002	46.1947	1.4841	482.4260	348.3488	38.7731	474.0952	95.2315	482.1928	94.9074	486.0937	95.0000	489.3730	94.9537	
23/08/2017	03:24:15	019001	G523095375HLR	L523	S		444.5780	1.0311	2.9364	99.9394	39.4539	0.8230	0.8259	5.0000	17.2521	508.0404	94.8843	12.3413	23.6000	0.9300	0.9343	0.6012	-0.0002	508.0000	508.3945	1.0285	10.6898	99.9479	39.3500	0.8230	0.8216	5.0000	-9999.0000	-9999.0000	-9999.0000	-9999.0000	-9999.0000	-9999.0000	17.5920	8	0	24.9324	1.0000	06	4	-9999.0000	26764	55459	-9999	792	805	-9999	303.9369	5	0.5974	0.6012	-0.0002	46.5324	1.4415	481.4019	342.1768	38.3796	469.2596	95.5556	481.2381	95.0231	484.8407	95.0926	488.2661	94.9306	
23/08/2017	03:24:41	019001	G523095368HLR	L523	S		441.1630	1.0311	3.1063	99.9553	39.3202	0.8230	0.8267	5.0000	17.0928	508.0502	94.9074	13.2223	23.7000	0.9300	0.9344	0.6028	-0.0004	508.0000	508.0734	1.0285	10.6510	99.8863	39.3500	0.8230	0.8215	5.0000	-9999.0000	-9999.0000	-9999.0000	-9999.0000	-9999.0000	-9999.0000	17.5724	1	0	25.6330	1.0000	06	4	-9999.0000	26765	55460	-9999	793	806	-9999	303.9382	5	0.5977	0.6028	-0.0004	46.6511	1.4351	477.8162	337.3341	37.0370	470.4161	95.6481	477.6223	94.9537	481.8461	95.0694	485.1151	94.9306	
23/08/2017	03:25:06	019001	G523095367HLR	L523	S		440.7923	1.0311	3.1248	99.9478	39.9064	0.8230	0.8273	5.0000	17.1416	508.0451	94.9306	14.3513	23.7000	0.9300	0.9344	0.6022	-0.0003	508.0000	508.3340	1.0285	10.6824	99.8091	39.3000	0.8230	0.8216	5.0000	-9999.0000	-9999.0000	-9999.0000	-9999.0000	-9999.0000	-9999.0000	17.6418	2	0	25.0031	1.0000	06	4	-9999.0000	26766	55461	-9999	794	807	-9999	303.6998	5	0.5973	0.6022	-0.0003	45.5580	1.5142	476.0035	349.1683	39.7685	470.1127	95.2315	476.0202	95.0694	479.8113	95.0926	483.1409	94.9537	
23/08/2017	03:25:31	019001	G523095611HLR	L523	S		436.8464	1.0311	3.3211	99.9981	40.0140	0.8230	0.8264	5.0000	17.5118	508.0588	94.9306	17.2521	23.7000	0.9300	0.9344	0.6014	-0.0003	508.0000	508.4502	1.0285	10.6965	99.9453	39.3500	0.8230	0.8217	5.0000	-9999.0000	-9999.0000	-9999.0000	-9999.0000	-9999.0000	-9999.0000	17.5018	3	0	25.6827	1.0000	06	4	-9999.0000	26767	55462	-9999	795	808	-9999	303.2864	5	0.5975	0.6014	-0.0003	44.5564	1.5715	469.9368	339.6623	39.3981	463.6885	95.3472	469.8068	95.1157	472.6141	95.0926	476.2836	94.9537	
23/08/2017	03:26:24	019001	G523095620HLR	L523	S		442.6967	1.0311	3.0300	99.9778	39.4000	0.8230	0.8268	5.0000	17.0917	508.0529	94.9537	11.2514	23.8000	0.9300	0.9345	0.6024	-0.0003	508.0000	507.0805	1.0285	10.5310	99.8953	39.2277	0.8230	0.8211	5.0000	-9999.0000	-9999.0000	-9999.0000	-9999.0000	-9999.0000	-9999.0000	17.8821	5	0	27.4232	1.0000	06	4	-9999.0000	26769	55463	-9999	797	809	-9999	304.1859	5	0.5975	0.6024	-0.0003	44.9787	1.5549	482.0440	335.3465	37.3380	468.1986	95.6481	481.5369	95.0463	485.9597	95.0231	489.6210	94.9306	
23/08/2017	03:26:49	019001	G523095364HLR	L523	S		438.3792	1.0311	3.2448	100.0089	39.9158	0.8230	0.8272	5.0000	17.1719	508.0509	94.9074	12.4507	23.7000	0.9300	0.9345	0.6058	-0.0006	508.0000	508.0282	1.0285	10.6455	99.8882	39.2199	0.8230	0.8217	5.0000	-9999.0000	-9999.0000	-9999.0000	-9999.0000	-9999.0000	-9999.0000	17.6720	6	0	24.9729	1.0000	06	4	-9999.0000	26770	55464	-9999	798	809	-9999	304.0842	5	0.5974	0.6058	-0.0006	45.5428	1.5153	474.9461	345.0462	38.0556	462.6642	95.7639	474.6689	95.1852	479.3530	95.0926	484.4683	94.8611	
23/08/2017	03:27:16	019001	G523095597HLR	L523	S		442.0535	1.0311	3.0620	99.9542	39.9369	0.8230	0.8263	5.0000	17.1730	445.2116	95.5787	7.3310	23.8000	0.9300	0.9343	0.6033	-0.0004	508.0000	490.1579	1.0285	8.4862	99.9895	39.4000	0.8230	0.8220	5.0000	-9999.0000	-9999.0000	-9999.0000	-9999.0000	-9999.0000	-9999.0000	17.5020	7	32	26.5430	1.0000	06	4	-9999.0000	26771	55465	-9999	799	810	-9999	262.3052	5	0.5975	0.6033	-0.0004	45.4731	1.5211	476.7084	349.6745	38.7037	468.3607	95.4630	476.8247	95.0694	480.8834	95.0926	483.8831	94.9074	
23/08/2017	03:27:42	019001	G523095614HLR	L523	S		441.1327	1.0311	3.1078	99.9735	39.4220	0.8230	0.8260	5.0000	17.2520	508.0481	94.9306	13.7214	23.8000	0.9300	0.9345	0.6033	-0.0004	508.0000	506.8635	1.0285	10.5048	100.0409	39.4000	0.8230	0.8216	5.0000	-9999.0000	-9999.0000	-9999.0000	-9999.0000	-9999.0000	-9999.0000	17.5926	8	0	26.5835	1.0000	06	4	-9999.0000	26772	55466	-9999	800	811	-9999	303.7752	5	0.5975	0.6033	-0.0004	45.4731	1.5211	475.3447	327.4533	36.3194	465.9651	95.8333	475.2120	95.0231	479.5546	95.1620	482.5798	94.8843	
23/08/2017	03:28:09	019001	G523095613HLR	L523	S		439.9115	1.0311	3.1686	99.9571	39.4000	0.8230	0.8268	5.0000	17.1622	508.0587	94.9074	15.1913	23.7000	0.9300	0.9344	0.6088	-0.0008	508.0000	507.7556	1.0285	10.6125	99.9268	39.3396	0.8230	0.8214	5.0000	-9999.0000	-9999.0000	-9999.0000	-9999.0000	-9999.0000	-9999.0000	17.6223	1	0	26.8440	1.0000	06	4	-9999.0000	26773	55467	-9999	801	812	-9999	303.0194	5	0.5978	0.6088	-0.0008	45.1313	1.5556	470.2978	333.4050	39.1204	460.2284	95.4398	469.9743	95.0694	474.2876	95.0694	478.2731	94.9306	
23/08/2017	03:28:36	019001	G523096040HLR	L523	S		441.9155	1.0311	3.0689	99.9937	39.9649	0.8230	0.8272	5.0000	17.1319	508.0452	94.8843	12.7408	23.6000	0.9300	0.9342	0.6091	-0.0008	508.0000	507.1038	1.0285	10.5338	99.9845	39.3000	0.8230	0.8215	5.0000	-9999.0000	-9999.0000	-9999.0000	-9999.0000	-9999.0000	-9999.0000	17.5116	2	0	26.7130	1.0000	06	4	-9999.0000	26774	55468	-9999	802	813	-9999	304.0585	5	0.5978	0.6091	-0.0008	45.9847	1.5022	474.4644	343.4218	37.5000	468.6665	95.4861	473.9660	94.8380	478.2854	95.0000	482.4629	94.9537	
23/08/2017	03:29:02	019001	G523095603HLR	L523	S		441.0438	1.0311	3.1122	99.9628	39.9066	0.8230	0.8262	5.0000	17.3214	508.0491	94.9074	14.3220	23.7000	0.9300	0.9343	0.6091	-0.0008	508.0000	508.7427	1.0285	10.7318	99.8999	39.3191	0.8230	0.8216	5.0000	-9999.0000	-9999.0000	-9999.0000	-9999.0000	-9999.0000	-9999.0000	17.6018	3	0	25.8127	1.0000	06	4	-9999.0000	26775	55469	-9999	803	813	-9999	303.4016	5	0.5978	0.6091	-0.0008	45.9847	1.5022	472.8295	347.0577	38.0093	463.8377	95.5324	472.5843	94.9306	476.8708	95.0926	480.6618	94.9306	
23/08/2017	03:29:29	019001	G523095609HLR	L523	S		437.8308	1.0311	3.2721	100.0509	39.3818	0.8230	0.8260	5.0000	17.1220	508.0251	94.9074	15.0712	23.6000	0.9300	0.9342	0.6062	-0.0006	508.0000	508.4128	1.0285	10.6920	99.9612	39.3500	0.8230	0.8216	5.0000	-9999.0000	-9999.0000	-9999.0000	-9999.0000	-9999.0000	-9999.0000	17.5724	4	0	27.1429	1.0000	06	4	-9999.0000	26776	55470	-9999	804	814	-9999	303.3852	5	0.5980	0.6062	-0.0006	46.1501	1.4881	470.4780	350.3936	38.2407	462.0119	95.5093	470.2376	95.0694	474.5512	95.0694	477.8235	94.9306	
23/08/2017	03:29:54	019001	G523095594HLR	L523	S		439.6290	1.0311	3.1826	100.0566	39.4156	0.8230	0.8268	5.0000	17.3223	508.0320	94.9074	14.5809	23.6000	0.9300	0.9341	0.6070	-0.0007	508.0000	507.6191	1.0285	10.5961	100.1023	39.3500	0.8230	0.8216	5.0000	-9999.0000	-9999.0000	-9999.0000	-9999.0000	-9999.0000	-9999.0000	17.6027	5	0	25.6730	1.0000	06	4	-9999.0000	26777	55471	-9999	805	815	-9999	303.4820	5	0.5978	0.6070	-0.0007	46.7015	1.4450	471.8329	343.3143	38.1250	463.3301	95.4861	471.5430	94.9537	475.0978	95.0463	479.2844	94.9537	
23/08/2017	03:30:21	019001	G523096022HLR	L523	S		437.7655	1.0311	3.2753	99.9221	40.0000	0.8230	0.8271	5.0000	17.1515	508.0350	94.8843	15.2421	23.6000	0.9300	0.9342	0.6057	-0.0006	508.0000	508.6169	1.0285	10.7166	100.1020	39.3500	0.8230	0.8215	5.0000	-9999.0000	-9999.0000	-9999.0000	-9999.0000	-9999.0000	-9999.0000	17.6916	6	0	26.5638	1.0000	06	4	-9999.0000	26778	55472	-9999	806	816	-9999	303.4914	5	0.5983	0.6057	-0.0006	48.3128	1.3273	471.0648	336.2121	39.3287	459.2850	95.3704	470.6734	95.1620	474.8833	95.0694	477.6550	94.8843	
23/08/2017	03:30:48	019001	G523096031HLR	L523	S		443.2604	1.0311	3.0020	99.9989	39.8587	0.8230	0.8262	5.0000	17.1416	508.0427	94.9074	13.2418	23.6000	0.9300	0.9342	0.6060	-0.0006	508.0000	508.2631	1.0285	10.6739	100.0092	39.3350	0.8230	0.8215	5.0000	-9999.0000	-9999.0000	-9999.0000	-9999.0000	-9999.0000	-9999.0000	17.5616	7	0	27.5130	1.0000	06	4	-9999.0000	26779	55473	-9999	807	817	-9999	303.9894	5	0.5980	0.6060	-0.0006	49.2538	1.2668	475.9758	338.8110	39.4444	467.2317	95.1852	475.7034	94.9306	480.4220	95.0231	484.6548	94.9306	
23/08/2017	03:31:15	019001	G523096021HLR	L523	S		440.6601	1.0311	3.1313	99.9606	39.3467	0.8230	0.8261	5.0000	17.3210	508.0528	94.9074	15.6621	23.7000	0.9300	0.9342	0.6073	-0.0007	508.0000	509.0308	1.0285	10.7666	100.1242	39.3500	0.8230	0.8216	5.0000	-9999.0000	-9999.0000	-9999.0000	-9999.0000	-9999.0000	-9999.0000	17.6721	8	0	26.9732	1.0000	06	4	-9999.0000	26780	55474	-9999	808	818	-9999	302.9703	5	0.5979	0.6073	-0.0007	49.1553	1.2888	468.0301	336.9705	38.8194	460.0770	95.3704	467.5612	95.1852	472.6768	95.0463	475.5098	94.8843	
23/08/2017	03:31:42	019001	G523096011HLR	L523	S		442.9854	1.0311	3.0157	99.9562	39.5000	0.8230	0.8269	5.0000	17.2920	508.0513	94.9074	12.7515	23.7000	0.9300	0.9343	0.6073	-0.0007	508.0000	508.4434	1.0285	10.6957	100.0290	39.3500	0.8230	0.8215	5.0000	-9999.0000	-9999.0000	-9999.0000	-9999.0000	-9999.0000	-9999.0000	17.6721	1	0	26.1439	1.0000	06	4	-9999.0000	26781	55475	-9999	809	819	-9999	304.2551	5	0.5979	0.6073	-0.0007	49.1553	1.2888	476.0412	347.6094	37.3380	467.1021	95.4398	475.6425	94.8380	479.9283	95.0000	483.9439	94.9537	
23/08/2017	03:32:07	019001	G523096100HLR	L523	S		438.8228	1.0311	3.2227	100.0338	40.0216	0.8230	0.8270	5.0000	17.2218	508.0340	94.9074	15.0721	23.7000	0.9300	0.9344	0.6075	-0.0007	508.0000	508.5830	1.0285	10.7125	99.9349	39.3500	0.8230	0.8215	5.0000	-9999.0000	-9999.0000	-9999.0000	-9999.0000	-9999.0000	-9999.0000	17.5818	2	0	25.0028	1.0000	06	4	-9999.0000	26782	55476	-9999	810	820	-9999	303.4321	5	0.5978	0.6075	-0.0007	49.5599	1.2876	471.1057	337.6300	39.0046	463.7447	95.3472	470.8262	95.0231	475.3209	95.0926	478.7492	94.8611	
23/08/2017	03:32:32	019001	G523096101HLR	L523	S		439.1099	1.0311	3.2085	100.0117	39.7663	0.8230	0.8261	5.0000	17.2922	508.0613	94.9074	15.2919	23.7000	0.9300	0.9344	0.6089	-0.0008	508.0000	508.0751	1.0285	10.6512	99.9376	39.3500	0.8230	0.8215	5.0000	-9999.0000	-9999.0000	-9999.0000	-9999.0000	-9999.0000	-9999.0000	17.7229	3	0	25.7133	1.0000	06	4	-9999.0000	26783	55477	-9999	810	821	-9999	303.2037	5	0.5980	0.6089	-0.0008	49.1555	1.3137	469.3638	351.6373	39.7454	461.3048	95.1157	469.1003	94.9306	472.8365	95.0231	476.5978	94.9769	
23/08/2017	03:32:59	019001	G523096121HLR	L523	S		436.3327	1.0311	3.3466	99.9936	39.3371	0.8230	0.8262	5.0000	17.2920	508.0541	94.8843	15.5116	23.7000	0.9300	0.9343	0.6128	-0.0011	508.0000	505.9407	1.0285	10.3933	99.9597	39.3500	0.8230	0.8216	5.0000	-9999.0000	-9999.0000	-9999.0000	-9999.0000	-9999.0000	-9999.0000	17.6426	4	0	26.7215	1.0000	06	4	-9999.0000	26784	55478	-9999	811	822	-9999	302.9364	5	0.5975	0.6128	-0.0011	43.8093	1.6583	465.5556	346.3433	37.2222	457.8878	95.6713	465.1381	94.8843	468.7211	95.0694	472.1212	94.9306	
23/08/2017	03:33:27	019001	G523096130HLR	L523	S		441.2621	1.0311	3.1014	100.0243	39.6267	0.8230	0.8273	5.0000	17.1613	508.0406	94.9306	13.8913	23.6000	0.9300	0.9342	0.6128	-0.0011	508.0000	509.1270	1.0285	10.7783	99.8969	39.3500	0.8230	0.8216	5.0000	-9999.0000	-9999.0000	-9999.0000	-9999.0000	-9999.0000	-9999.0000	17.4729	5	0	28.0434	1.0000	06	4	-9999.0000	26785	55479	-9999	812	823	-9999	303.7780	5	0.5975	0.6128	-0.0011	43.8093	1.6583	470.5767	335.5232	36.4120	460.6309	95.7176	470.3996	94.9074	474.3248	95.0231	478.4857	94.9537	
23/08/2017	03:33:54	019001	G523093851HLR	L523	S		449.1845	1.0311	2.7072	100.0048	40.0214	0.8230	0.8268	5.0000	17.1318	508.0493	94.9769	10.0510	23.7000	0.9300	0.9341	0.6116	-0.0010	508.0000	508.3944	1.0285	10.6897	99.8875	39.3500	0.8230	0.8215	5.0000	-9999.0000	-9999.0000	-9999.0000	-9999.0000	-9999.0000	-9999.0000	17.5614	6	0	27.4135	1.0000	06	4	-9999.0000	26786	55480	-9999	813	824	-9999	305.6600	5	0.5972	0.6116	-0.0010	43.4295	1.6996	481.8878	332.6177	37.2685	470.2931	95.5093	481.4117	94.9769	486.5260	95.0694	490.2467	94.9306	
23/08/2017	03:34:24	019001	G523096094HLR	L523	S		441.7320	1.0311	3.0780	99.9737	39.6341	0.8230	0.8260	5.0000	17.1817	508.0464	94.9074	13.0211	23.7000	0.9300	0.9344	0.6114	-0.0010	508.0000	507.8222	1.0285	10.6206	99.8974	39.3500	0.8230	0.8215	5.0000	-9999.0000	-9999.0000	-9999.0000	-9999.0000	-9999.0000	-9999.0000	17.6413	7	0	29.3536	1.0000	06	4	-9999.0000	26787	55481	-9999	814	825	-9999	304.1471	5	0.5972	0.6114	-0.0010	42.0270	1.8061	474.7126	339.0547	37.5694	464.4704	95.5787	474.5898	95.0231	479.3781	95.0926	482.9173	94.9074	
23/08/2017	03:34:49	019001	G523096124HLR	L523	S		440.3622	1.0311	3.1462	99.9624	39.3303	0.8230	0.8264	5.0000	17.1621	508.0568	94.9074	15.2215	23.7000	0.9300	0.9343	0.6073	-0.0007	508.0000	507.2725	1.0285	10.5542	99.9315	39.3454	0.8230	0.8215	5.0000	-9999.0000	-9999.0000	-9999.0000	-9999.0000	-9999.0000	-9999.0000	17.5724	8	0	25.4930	1.0000	06	4	-9999.0000	26788	55482	-9999	814	826	-9999	303.1990	5	0.5972	0.6073	-0.0007	42.5576	1.7638	471.1393	349.0824	40.1389	463.5791	95.2778	470.9286	95.0926	475.4136	95.0694	477.8432	94.9074	
23/08/2017	03:35:17	019001	G523096123HLR	L523	S		439.5056	1.0311	3.1888	100.0028	39.7000	0.8230	0.8271	5.0000	17.1427	508.0283	94.8843	15.7919	23.7000	0.9300	0.9343	0.6100	-0.0009	508.0000	508.0345	1.0285	10.6463	100.0175	39.3500	0.8230	0.8215	5.0000	-9999.0000	-9999.0000	-9999.0000	-9999.0000	-9999.0000	-9999.0000	17.6916	1	0	28.0335	1.0000	06	4	-9999.0000	26789	55483	-9999	815	827	-9999	302.9696	5	0.5976	0.6100	-0.0009	40.8196	1.8759	468.7801	347.5476	38.4722	462.0122	95.3935	468.4183	94.9537	472.4373	95.0463	476.0664	94.9769	
23/08/2017	03:35:45	019001	G523096097HLR	L523	S		436.3124	1.0311	3.3476	99.9617	40.0242	0.8230	0.8266	5.0000	17.3212	508.0366	94.9306	15.9121	23.7000	0.9300	0.9343	0.6106	-0.0009	508.0000	506.1770	1.0285	10.4218	99.7649	39.3461	0.8230	0.8216	5.0000	-9999.0000	-9999.0000	-9999.0000	-9999.0000	-9999.0000	-9999.0000	17.5811	2	0	27.8130	1.0000	06	4	-9999.0000	26790	55484	-9999	816	828	-9999	302.7209	5	0.5977	0.6106	-0.0009	41.2659	1.8527	466.2691	340.4773	36.8981	457.1556	95.7176	465.9299	95.0463	470.0076	95.0694	473.5395	94.9306	
23/08/2017	03:36:15	019001	G523096116HLR	L523	S		436.0310	1.0311	3.3616	99.9920	39.5042	0.8230	0.8259	5.0000	17.7023	508.0476	94.9537	17.1515	23.6000	0.9300	0.9342	0.6102	-0.0009	508.0000	507.0059	1.0285	10.5220	100.0717	39.3500	0.8230	0.8216	5.0000	-9999.0000	-9999.0000	-9999.0000	-9999.0000	-9999.0000	-9999.0000	17.6828	3	0	29.5934	1.0000	06	4	-9999.0000	26791	55485	-9999	817	829	-9999	302.0850	5	0.5978	0.6102	-0.0009	43.5456	1.6614	462.8633	344.4801	39.5833	455.0485	95.2083	462.4937	95.0000	467.2935	95.0463	470.0675	94.9537	
23/08/2017	03:36:46	019001	G523096104HLR	L523	S		440.8034	1.0311	3.1242	99.9694	39.3361	0.8230	0.8266	5.0000	17.3623	508.0276	94.9306	14.0017	23.6000	0.9300	0.9342	0.6102	-0.0009	508.0000	507.8749	1.0285	10.6270	100.2261	39.3500	0.8230	0.8215	5.0000	-9999.0000	-9999.0000	-9999.0000	-9999.0000	-9999.0000	-9999.0000	17.6916	4	0	31.0946	1.0000	06	4	-9999.0000	26792	55486	-9999	817	830	-9999	303.5927	5	0.5978	0.6102	-0.0009	43.5456	1.6614	471.1465	344.7553	38.1019	463.3747	95.3935	470.8919	94.8843	474.8622	95.0000	479.3071	94.9537	
23/08/2017	03:37:15	019001	G523096146HLR	L523	S		436.6636	1.0311	3.3302	100.0116	39.9573	0.8230	0.8271	5.0000	17.1515	508.0675	94.9074	15.7920	23.7000	0.9300	0.9343	0.6071	-0.0006	508.0000	507.1961	1.0285	10.5449	99.9683	39.3500	0.8230	0.8215	5.0000	-9999.0000	-9999.0000	-9999.0000	-9999.0000	-9999.0000	-9999.0000	17.6515	5	0	29.4234	1.0000	06	4	-9999.0000	26793	55487	-9999	818	831	-9999	302.9340	5	0.5979	0.6071	-0.0006	50.7171	1.1866	467.6536	345.8592	39.6296	459.9915	95.2315	467.0548	95.2083	471.2209	95.1157	474.3072	94.9537	
23/08/2017	03:37:43	019001	G523096176HLR	L523	S		435.6034	1.0311	3.3829	99.9091	39.9114	0.8230	0.8263	5.0000	17.2410	508.0537	94.9306	16.3428	23.7000	0.9300	0.9343	0.6078	-0.0007	508.0000	507.6594	1.0285	10.6009	99.8725	39.3233	0.8230	0.8214	5.0000	-9999.0000	-9999.0000	-9999.0000	-9999.0000	-9999.0000	-9999.0000	17.5218	6	0	27.5534	1.0000	06	4	-9999.0000	26794	55488	-9999	819	832	-9999	303.1265	5	0.5977	0.6078	-0.0007	44.6407	1.5762	467.5289	332.1481	36.8056	459.7824	95.6944	467.1812	94.8843	471.2581	95.0231	474.4185	94.9769	
23/08/2017	03:38:08	019001	G523096155HLR	L523	S		437.1181	1.0311	3.3076	99.9942	39.3866	0.8230	0.8260	5.0000	17.1719	508.0380	94.9306	17.3615	23.7000	0.9300	0.9343	0.6077	-0.0007	508.0000	507.7807	1.0285	10.6156	100.0832	39.3096	0.8230	0.8215	5.0000	-9999.0000	-9999.0000	-9999.0000	-9999.0000	-9999.0000	-9999.0000	17.5421	7	0	25.6728	1.0000	06	4	-9999.0000	26795	55489	-9999	820	833	-9999	302.7215	5	0.5978	0.6077	-0.0007	51.5930	1.1211	464.9562	330.8428	39.2824	454.1391	95.3935	464.7314	95.0000	468.4721	95.0463	471.6506	94.9306	
23/08/2017	03:38:35	019001	G523096154HLR	L523	S		431.2440	1.0311	3.5998	100.0188	39.5092	0.8230	0.8269	5.0000	17.3614	508.0380	94.9769	19.5522	23.6000	0.9300	0.9342	0.6074	-0.0006	508.0000	507.9059	1.0285	10.6307	99.9743	39.3500	0.8230	0.8216	5.0000	-9999.0000	-9999.0000	-9999.0000	-9999.0000	-9999.0000	-9999.0000	17.6318	8	0	26.9828	1.0000	06	4	-9999.0000	26796	55490	-9999	821	834	-9999	301.9959	5	0.5979	0.6074	-0.0006	44.5795	1.5795	460.9803	332.4328	36.5509	454.0206	95.7870	460.7856	94.9074	464.5335	95.0231	467.7446	94.9537	
23/08/2017	03:39:04	019001	G523096118HLR	L523	S		434.2043	1.0311	3.4525	100.0459	40.0253	0.8230	0.8269	5.0000	17.3216	508.0399	94.9306	17.2023	23.6000	0.9300	0.9341	0.6074	-0.0007	508.0000	507.1048	1.0285	10.5339	100.1260	39.3500	0.8230	0.8216	5.0000	-9999.0000	-9999.0000	-9999.0000	-9999.0000	-9999.0000	-9999.0000	17.6320	1	0	28.2739	1.0000	06	4	-9999.0000	26797	55491	-9999	822	835	-9999	302.9228	5	0.5977	0.6074	-0.0007	43.5039	1.6591	464.5499	346.0584	39.6296	455.5868	95.2315	464.4239	94.9537	468.3364	95.0000	472.5071	94.9306	
23/08/2017	03:39:32	019001	G523096168HLR	L523	S		437.9209	1.0311	3.2676	100.0030	39.5810	0.8230	0.8260	5.0000	17.3518	508.0255	94.9074	16.0420	23.6000	0.9300	0.9342	0.6079	-0.0007	508.0000	508.2369	1.0285	10.6707	99.8236	39.3500	0.8230	0.8215	5.0000	-9999.0000	-9999.0000	-9999.0000	-9999.0000	-9999.0000	-9999.0000	17.8019	2	0	27.8531	1.0000	06	4	-9999.0000	26798	55492	-9999	823	836	-9999	303.2362	5	0.5976	0.6079	-0.0007	44.0240	1.6039	467.8709	335.9402	37.6389	459.7712	95.5556	467.7872	94.7685	471.7755	95.0926	475.8770	94.9769	
23/08/2017	03:40:26	019001	G523096148HLR	L523	S		438.1720	1.0311	3.2551	99.9500	39.9134	0.8230	0.8272	5.0000	17.2725	508.0496	94.9074	15.4716	23.8000	0.9300	0.9346	0.6065	-0.0006	508.0000	507.9139	1.0285	10.6317	99.9891	39.1707	0.8230	0.8210	5.0000	-9999.0000	-9999.0000	-9999.0000	-9999.0000	-9999.0000	-9999.0000	17.7716	4	0	28.4431	1.0000	06	4	-9999.0000	26800	55493	-9999	825	837	-9999	303.4890	5	0.5968	0.6065	-0.0006	41.5890	1.7676	468.8611	317.9772	38.3565	460.1972	95.5556	468.5327	94.9306	472.6683	95.0463	476.8989	94.9537	
23/08/2017	03:40:52	019001	G523096157HLR	L523	S		438.2937	1.0311	3.2491	100.0470	39.9639	0.8230	0.8264	5.0000	17.2023	508.0519	94.9306	16.0420	23.7000	0.9300	0.9345	0.6061	-0.0006	508.0000	507.6216	1.0285	10.5964	99.9351	39.2128	0.8230	0.8218	5.0000	-9999.0000	-9999.0000	-9999.0000	-9999.0000	-9999.0000	-9999.0000	17.5724	5	0	26.0234	1.0000	06	4	-9999.0000	26801	55494	-9999	826	838	-9999	303.3659	5	0.5967	0.6061	-0.0006	43.4305	1.6705	469.6208	343.2655	38.7269	459.6293	95.6019	469.2281	95.1157	472.4693	95.0926	475.6496	94.9074	
23/08/2017	03:41:23	019001	G523096167HLR	L523	S		436.6771	1.0311	3.3295	99.9869	39.4142	0.8230	0.8259	5.0000	17.2422	508.0433	94.9074	16.3526	23.7000	0.9300	0.9343	0.6061	-0.0006	508.0000	507.6435	1.0285	10.5990	99.9614	39.4000	0.8230	0.8219	5.0000	-9999.0000	-9999.0000	-9999.0000	-9999.0000	-9999.0000	-9999.0000	17.5117	6	0	30.4833	1.0000	06	4	-9999.0000	26802	55495	-9999	827	839	-9999	303.2054	5	0.5967	0.6061	-0.0006	43.4305	1.6705	467.6455	332.6503	37.4306	457.9966	95.8333	467.3451	94.9074	471.3753	95.0231	475.0007	94.9537	
23/08/2017	03:41:48	019001	G523095389HLR	L523	S		443.3285	1.0311	2.9986	100.0275	39.4224	0.8230	0.8268	5.0000	17.1024	508.0678	94.9769	13.7116	23.6000	0.9300	0.9341	0.6061	-0.0006	508.0000	507.7005	1.0285	10.6059	100.0066	39.3926	0.8230	0.8215	5.0000	-9999.0000	-9999.0000	-9999.0000	-9999.0000	-9999.0000	-9999.0000	17.6524	7	0	25.6937	1.0000	06	3	-9999.0000	26803	55495	-9999	828	840	-9999	304.0179	5	0.5967	0.6061	-0.0006	43.4305	1.6705	446.4818	337.7270	39.0741	437.0806	95.7870	445.8367	95.0926	450.0407	95.0694	453.5361	94.9306	
23/08/2017	03:42:15	019001	G523095392HLR	L523	S		433.0224	1.0311	3.5113	99.9596	40.0114	0.8230	0.8270	5.0000	17.1319	508.0281	94.9306	16.9913	23.6000	0.9300	0.9342	0.6067	-0.0006	508.0000	505.3479	1.0285	10.3216	100.1251	39.3000	0.8230	0.8213	5.0000	-9999.0000	-9999.0000	-9999.0000	-9999.0000	-9999.0000	-9999.0000	17.5721	8	0	26.7628	1.0000	06	3	-9999.0000	26804	55496	-9999	829	841	-9999	303.0589	5	0.5968	0.6067	-0.0006	44.3776	1.6189	465.1447	354.0306	39.7454	457.6606	95.3472	464.8977	95.0463	468.7060	95.0926	472.5982	94.9306	
23/08/2017	03:42:47	019001	G523095361HLR	L523	S		442.0896	1.0311	3.0602	99.9863	39.8018	0.8230	0.8261	5.0000	17.1719	508.0658	94.9306	13.7712	23.6000	0.9300	0.9341	0.6067	-0.0006	508.0000	509.0153	1.0285	10.7648	99.9253	39.2883	0.8230	0.8215	5.0000	-9999.0000	-9999.0000	-9999.0000	-9999.0000	-9999.0000	-9999.0000	17.5519	1	0	32.0937	1.0000	06	3	-9999.0000	26805	55497	-9999	830	842	-9999	304.0841	5	0.5968	0.6067	-0.0006	44.3776	1.6189	475.2402	350.0476	37.9630	466.3469	95.5093	474.9271	94.9537	478.6158	95.0231	481.9556	94.9769	
23/08/2017	03:43:16	019001	G523095374HLR	L523	S		431.3510	1.0311	3.5945	99.9523	39.3122	0.8230	0.8261	5.0000	17.1613	508.0289	94.9537	18.9818	23.6000	0.9300	0.9342	0.6088	-0.0007	508.0000	506.0522	1.0285	10.4067	99.9999	39.3484	0.8230	0.8217	5.0000	-9999.0000	-9999.0000	-9999.0000	-9999.0000	-9999.0000	-9999.0000	17.4826	2	0	28.4636	1.0000	06	3	-9999.0000	26806	55498	-9999	831	843	-9999	302.5352	5	0.5970	0.6088	-0.0007	39.2746	1.9268	462.0938	339.4448	39.5139	451.9863	95.4398	461.9193	95.0694	465.4063	95.1157	467.6128	94.9306	
23/08/2017	03:43:45	019001	G523096158HLR	L523	S		411.5758	1.0311	4.5783	99.9279	39.5305	0.8230	0.8271	5.0000	17.2120	0.0000	0.0000	0.0000	0.0000	0.9300	0.0000	0.0000	0.0000	0.0000	411.5833	1.0285	-1.0083	100.1829	39.3021	0.8230	0.8216	5.0000	-9999.0000	-9999.0000	-9999.0000	-9999.0000	-9999.0000	-9999.0000	17.6829	3	7	29.7341	1.0000	06	4	-9999.0000	26807	0	-9999	832	844	-9999	0.0000	0	0.0000	0.0000	0.0000	0.0000	0.0000	0.0000	0.0000	0.0000	0.0000	0.0000	0.0000	0.0000	0.0000	0.0000	0.0000	0.0000	
23/08/2017	03:44:12	019001	G523095376HLR	L523	S		436.3760	1.0311	3.3445	100.0533	40.0621	0.8230	0.8268	5.0000	17.2119	508.0802	94.9074	15.2518	23.8000	0.9300	0.9346	0.6085	-0.0007	508.0000	506.7705	1.0285	10.4935	99.7564	39.3000	0.8230	0.8215	5.0000	-9999.0000	-9999.0000	-9999.0000	-9999.0000	-9999.0000	-9999.0000	17.6014	4	0	27.1525	1.0000	06	3	-9999.0000	26808	55499	-9999	833	845	-9999	303.7905	5	0.5973	0.6085	-0.0007	38.3096	1.9800	469.3477	327.7242	38.1713	459.2096	95.6019	468.7361	95.0694	472.7066	95.0463	476.5874	94.9306	
23/08/2017	03:44:56	019001	G523095358HLR	L523	S		432.0246	1.0311	3.5610	99.9507	39.6248	0.8230	0.8259	5.0000	17.4620	508.0566	94.9769	19.8325	23.6000	0.9300	0.9345	0.6019	-0.0003	508.0000	506.2336	1.0285	10.4286	99.9785	39.3000	0.8230	0.8215	5.0000	-9999.0000	-9999.0000	-9999.0000	-9999.0000	-9999.0000	-9999.0000	17.6923	5	0	43.2552	1.0000	06	3	-9999.0000	26809	55500	-9999	834	846	-9999	302.3888	5	0.5975	0.6019	-0.0003	44.0548	1.6487	459.6498	335.9203	38.7269	454.9221	95.6019	459.2765	95.1389	463.1529	95.0926	466.7975	94.9306	
23/08/2017	03:45:28	019001	G523095359HLR	L523	S		435.0576	1.0311	3.4101	99.9575	39.3232	0.8230	0.8264	5.0000	17.1123	508.0322	94.9537	16.9327	23.6000	0.9300	0.9342	0.6019	-0.0003	508.0000	507.8945	1.0285	10.6293	99.9577	39.3064	0.8230	0.8216	5.0000	-9999.0000	-9999.0000	-9999.0000	-9999.0000	-9999.0000	-9999.0000	17.5714	6	0	32.3643	1.0000	06	3	-9999.0000	26810	55501	-9999	835	846	-9999	303.4824	5	0.5975	0.6019	-0.0003	44.0548	1.6487	468.4239	348.5731	38.9815	461.5219	95.4167	468.3460	94.9769	471.6249	95.0000	474.6771	94.9537	
23/08/2017	03:46:00	019001	G523095370HLR	L523	S		434.3240	1.0311	3.4466	99.9660	39.8503	0.8230	0.8271	5.0000	17.1321	508.0614	94.9306	17.5119	23.6000	0.9300	0.9342	0.5991	-0.0001	508.0000	508.4906	1.0285	10.7014	100.0682	39.2739	0.8230	0.8212	5.0000	-9999.0000	-9999.0000	-9999.0000	-9999.0000	-9999.0000	-9999.0000	17.6721	7	0	32.2442	1.0000	06	3	-9999.0000	26811	55502	-9999	836	847	-9999	303.4238	5	0.5979	0.5991	-0.0001	46.4237	1.5054	467.3654	340.8182	38.6111	458.9379	95.4861	467.1570	95.0231	471.3988	95.0694	474.3744	94.9537	
23/08/2017	03:46:33	019001	G523095386HLR	L523	S		438.4054	1.0311	3.2435	99.8972	39.8687	0.8230	0.8263	5.0000	17.0518	508.0286	94.9306	15.6122	23.6000	0.9300	0.9342	0.5994	-0.0001	508.0000	507.9978	1.0285	10.6418	99.7093	39.2500	0.8230	0.8215	5.0000	-9999.0000	-9999.0000	-9999.0000	-9999.0000	-9999.0000	-9999.0000	17.7218	8	0	32.5839	1.0000	06	3	-9999.0000	26812	55503	-9999	837	848	-9999	303.7479	5	0.5979	0.5994	-0.0001	49.2512	1.3130	474.0046	346.9511	36.6435	465.8598	95.7639	473.9540	94.8843	476.9188	95.0694	480.3113	94.9537	
23/08/2017	03:47:04	019001	G523095379HLR	L523	S		430.6181	1.0311	3.6309	100.0281	39.3435	0.8230	0.8261	5.0000	17.2122	424.9398	95.0000	31.0037	23.6000	0.9300	0.9340	0.5997	-0.0001	508.0000	505.4626	1.0285	10.3355	99.8020	39.3486	0.8230	0.8216	5.0000	-9999.0000	-9999.0000	-9999.0000	-9999.0000	-9999.0000	-9999.0000	17.6418	1	0	31.2733	1.0000	06	3	-9999.0000	26813	55503	-9999	838	849	-9999	253.4920	5	0.5980	0.5997	-0.0001	47.6582	1.4149	350.5293	337.7915	37.4074	370.4860	97.8704	347.8978	96.3426	351.3484	94.6065	353.5731	95.0000	
23/08/2017	03:47:35	019001	G523095348HLR	L523	S		430.6404	1.0311	3.6298	99.9975	39.5228	0.8230	0.8269	5.0000	17.7814	508.0196	94.9537	20.8728	23.6000	0.9300	0.9340	0.6005	-0.0002	508.0000	508.4561	1.0285	10.6972	99.8900	39.3000	0.8230	0.8214	5.0000	-9999.0000	-9999.0000	-9999.0000	-9999.0000	-9999.0000	-9999.0000	17.6420	2	0	31.0840	1.0000	06	3	-9999.0000	26814	55504	-9999	839	850	-9999	303.4979	5	0.5980	0.6005	-0.0002	45.3155	1.5590	459.5931	340.1068	37.4537	452.9761	94.3981	459.3482	93.7963	463.6709	95.2546	467.7226	94.7917	
23/08/2017	03:48:05	019001	G523095355HLR	L523	S		432.2803	1.0311	3.5482	100.0271	39.8974	0.8230	0.8263	5.0000	17.1114	508.0306	94.9306	20.0132	23.6000	0.9300	0.9342	0.6006	-0.0002	508.0000	508.1130	1.0285	10.6557	100.0914	39.3000	0.8230	0.8214	5.0000	-9999.0000	-9999.0000	-9999.0000	-9999.0000	-9999.0000	-9999.0000	17.6730	3	0	30.1139	1.0000	06	3	-9999.0000	26815	55505	-9999	840	850	-9999	303.5074	5	0.5980	0.6006	-0.0002	46.2746	1.5141	461.3551	339.7959	37.0139	455.3868	94.8843	461.0206	94.0046	466.3625	95.2778	470.8749	94.8843	
23/08/2017	03:48:35	019001	G523095369HLR	L523	S		430.5493	1.0311	3.6344	99.9745	39.2764	0.8230	0.8262	5.0000	17.0918	508.0433	94.9537	21.0523	23.6000	0.9300	0.9343	0.6007	-0.0002	508.0000	508.7390	1.0285	10.7314	99.8155	39.3000	0.8230	0.8215	5.0000	-9999.0000	-9999.0000	-9999.0000	-9999.0000	-9999.0000	-9999.0000	17.5528	4	0	29.4635	1.0000	06	3	-9999.0000	26816	55506	-9999	841	851	-9999	303.4340	5	0.5889	0.6007	-0.0002	45.6081	1.5448	459.3277	338.5859	38.4259	452.9312	94.8148	459.2127	94.2824	463.1364	95.2315	467.3963	94.9306	
23/08/2017	03:49:01	019001	G523095616HLR	L523	S		434.1651	1.0311	3.4545	99.9419	39.7000	0.8230	0.8271	5.0000	17.8128	508.0385	94.9306	19.0121	23.6000	0.9300	0.9343	0.6007	-0.0002	508.0000	508.9217	1.0285	10.7534	99.9404	39.3000	0.8230	0.8215	5.0000	-9999.0000	-9999.0000	-9999.0000	-9999.0000	-9999.0000	-9999.0000	17.4122	5	0	25.7728	1.0000	06	3	-9999.0000	26817	55506	-9999	842	852	-9999	303.6436	5	0.5887	0.6007	-0.0002	48.8623	1.3711	464.5666	338.2718	37.4306	457.3845	95.1389	464.4142	94.3519	467.9346	95.0463	472.0592	94.9769	
23/08/2017	03:49:27	019001	G523095606HLR	L523	S		432.2670	1.0311	3.5489	99.9887	39.9453	0.8230	0.8264	5.0000	17.1024	508.0404	94.9074	19.5727	23.6000	0.9300	0.9341	0.5991	-0.0001	508.0000	508.4401	1.0285	10.6953	100.0006	39.3000	0.8230	0.8215	5.0000	-9999.0000	-9999.0000	-9999.0000	-9999.0000	-9999.0000	-9999.0000	17.4317	6	0	26.5032	1.0000	06	3	-9999.0000	26818	55507	-9999	843	853	-9999	303.5369	5	0.5886	0.5991	-0.0001	49.2543	1.3439	462.8246	338.8082	38.0324	454.5606	95.1389	462.3731	94.4907	466.1350	95.1620	470.1022	95.0231	
23/08/2017	03:49:59	019001	G523095600HLR	L523	S		434.5648	1.0311	3.4346	100.0793	39.3263	0.8230	0.8261	5.0000	17.0919	508.0342	94.9306	17.8918	23.6000	0.9300	0.9341	0.6023	-0.0003	508.0000	508.2537	1.0285	10.6727	99.8414	39.3000	0.8230	0.8216	5.0000	-9999.0000	-9999.0000	-9999.0000	-9999.0000	-9999.0000	-9999.0000	17.5022	7	0	32.3534	1.0000	06	3	-9999.0000	26819	55508	-9999	844	854	-9999	303.5468	5	0.5885	0.6023	-0.0003	50.3558	1.2964	467.6826	360.5267	39.6065	459.2985	94.9306	467.5871	94.7222	471.2709	94.9306	474.7809	94.9769	
23/08/2017	03:50:28	019001	G523095608HLR	L523	S		435.3534	1.0311	3.3954	99.9795	39.5381	0.8230	0.8270	5.0000	17.2120	508.0429	94.9306	17.9924	23.6000	0.9300	0.9343	0.6027	-0.0003	508.0000	508.7831	1.0285	10.7367	99.8743	39.3500	0.8230	0.8215	5.0000	-9999.0000	-9999.0000	-9999.0000	-9999.0000	-9999.0000	-9999.0000	17.8713	8	0	28.3335	1.0000	06	3	-9999.0000	26820	55509	-9999	845	855	-9999	303.6290	5	0.5884	0.6027	-0.0003	50.3536	1.2967	465.3698	350.2337	40.2083	461.5720	94.9537	465.2298	94.8843	469.6053	94.9769	472.5996	94.9306	
23/08/2017	03:50:55	019001	G523095599HLR	L523	S		445.2348	1.0311	2.9037	99.9860	40.0230	0.8230	0.8267	5.0000	17.1223	508.0395	94.9769	11.7612	23.6000	0.9300	0.9341	0.6027	-0.0003	508.0000	508.6921	1.0285	10.7257	99.7879	39.3266	0.8230	0.8214	5.0000	-9999.0000	-9999.0000	-9999.0000	-9999.0000	-9999.0000	-9999.0000	17.5120	1	0	26.9837	1.0000	06	3	-9999.0000	26821	55510	-9999	846	856	-9999	304.4862	5	0.5884	0.6027	-0.0003	50.3536	1.2967	482.0091	357.1054	39.0972	475.0039	94.9306	481.7507	94.6528	485.1669	94.9769	489.3624	94.9769	
23/08/2017	03:51:25	019001	G523095619HLR	L523	S		437.6524	1.0311	3.2810	99.9911	39.4852	0.8230	0.8259	5.0000	17.3515	508.0714	94.9306	14.9921	23.7000	0.9300	0.9343	0.6003	-0.0002	508.0000	505.3839	1.0285	10.3260	99.8842	39.3000	0.8230	0.8215	5.0000	-9999.0000	-9999.0000	-9999.0000	-9999.0000	-9999.0000	-9999.0000	17.4113	2	0	30.2437	1.0000	06	3	-9999.0000	26822	55511	-9999	847	857	-9999	303.7529	5	0.5882	0.6003	-0.0002	49.3620	1.3491	471.6961	353.7808	38.4722	466.4241	95.3935	471.3785	94.8611	476.1708	95.0694	479.7495	94.9306	
23/08/2017	03:51:56	019001	G523095354HLR	L523	S		431.5475	1.0311	3.5847	99.9809	39.2493	0.8230	0.8265	5.0000	17.1320	508.0124	94.9537	20.1323	23.6000	0.9300	0.9344	0.5999	-0.0002	508.0000	507.6106	1.0285	10.5950	99.9091	39.3000	0.8230	0.8216	5.0000	-9999.0000	-9999.0000	-9999.0000	-9999.0000	-9999.0000	-9999.0000	17.5021	3	0	31.1835	1.0000	06	3	-9999.0000	26823	55512	-9999	848	858	-9999	303.2129	5	0.5882	0.5999	-0.0002	46.8541	1.4826	463.2227	360.8734	41.8519	461.4148	94.8380	462.9843	95.0000	466.5830	95.0463	469.6886	94.9074	
23/08/2017	03:52:28	019001	G523096033HLR	L523	S		436.6014	1.0311	3.3333	99.9780	39.8295	0.8230	0.8272	5.0000	17.0313	508.0494	94.9306	16.8126	23.6000	0.9300	0.9342	0.6009	-0.0002	508.0000	510.2123	1.0285	10.9094	99.8494	39.3500	0.8230	0.8215	5.0000	-9999.0000	-9999.0000	-9999.0000	-9999.0000	-9999.0000	-9999.0000	17.4817	4	0	32.1240	1.0000	06	3	-9999.0000	26824	55513	-9999	849	859	-9999	303.5037	5	0.5883	0.6009	-0.0002	44.9477	1.5801	472.0630	352.5806	39.2130	465.7543	95.0694	471.8066	94.8380	476.0611	94.9769	478.9739	94.9537	
23/08/2017	03:52:55	019001	G523095615HLR	L523	S		440.7430	1.0311	3.1272	99.9882	39.9218	0.8230	0.8262	5.0000	17.2716	508.0456	94.9306	14.7918	23.6000	0.9300	0.9343	0.6009	-0.0002	508.0000	508.5818	1.0285	10.7124	100.0420	39.3000	0.8230	0.8214	5.0000	-9999.0000	-9999.0000	-9999.0000	-9999.0000	-9999.0000	-9999.0000	17.5227	5	0	26.3930	1.0000	06	3	-9999.0000	26825	55514	-9999	850	860	-9999	303.8079	5	0.5883	0.6009	-0.0002	44.9477	1.5801	475.5023	351.9110	40.6944	469.3274	94.9769	475.0895	95.0694	479.1439	95.0231	482.1274	94.9537	
23/08/2017	03:53:22	019001	G523095623HLR	L523	S		432.6600	1.0311	3.5294	100.0164	39.3028	0.8230	0.8260	5.0000	17.1222	508.0239	94.9306	18.7523	23.6000	0.9300	0.9343	0.6005	-0.0002	508.0000	507.1989	1.0285	10.5453	100.0729	39.3000	0.8230	0.8215	5.0000	-9999.0000	-9999.0000	-9999.0000	-9999.0000	-9999.0000	-9999.0000	17.5128	6	0	27.3030	1.0000	06	3	-9999.0000	26826	55515	-9999	851	861	-9999	303.3516	5	0.5975	0.6005	-0.0002	44.7514	1.5814	464.8178	357.0209	38.2407	460.5507	95.3935	464.3605	95.0000	467.9546	95.0463	471.7655	94.9306	
23/08/2017	03:53:48	019001	G523095604HLR	L523	S		434.0358	1.0311	3.4609	99.9738	39.4361	0.8230	0.8270	5.0000	17.4121	508.0445	94.9306	18.9222	23.6000	0.9300	0.9342	0.6005	-0.0002	508.0000	507.4770	1.0285	10.5789	99.9119	39.3000	0.8230	0.8216	5.0000	-9999.0000	-9999.0000	-9999.0000	-9999.0000	-9999.0000	-9999.0000	17.5022	7	0	25.7932	1.0000	06	3	-9999.0000	26827	55516	-9999	852	862	-9999	303.3803	5	0.5973	0.6005	-0.0002	45.0717	1.5675	464.5490	351.9679	40.2083	461.3139	95.0926	464.2904	94.9769	467.7432	94.9769	471.0155	94.9537	
23/08/2017	03:54:14	019001	G523095592HLR	L523	S		431.7470	1.0311	3.5748	99.9729	40.0826	0.8230	0.8269	5.0000	17.0724	508.0207	94.9306	20.6724	23.6000	0.9300	0.9343	0.6004	-0.0002	508.0000	507.8667	1.0285	10.6260	100.0481	39.3500	0.8230	0.8216	5.0000	-9999.0000	-9999.0000	-9999.0000	-9999.0000	-9999.0000	-9999.0000	17.4219	8	0	25.9131	1.0000	06	3	-9999.0000	26828	55517	-9999	853	863	-9999	303.1656	5	0.5973	0.6004	-0.0002	44.2167	1.6127	462.1823	350.5830	38.5880	458.6629	95.3009	461.8426	94.8611	465.0512	94.9769	468.9167	94.9537	
23/08/2017	03:54:42	019001	G523096003HLR	L523	S		440.9724	1.0311	3.1158	99.9691	39.5798	0.8230	0.8259	5.0000	17.3526	508.0594	94.9537	14.1511	23.6000	0.9300	0.9342	0.6004	-0.0002	508.0000	507.3072	1.0285	10.5584	99.9556	39.3446	0.8230	0.8215	5.0000	-9999.0000	-9999.0000	-9999.0000	-9999.0000	-9999.0000	-9999.0000	17.5117	1	0	28.0435	1.0000	06	3	-9999.0000	26829	55518	-9999	854	864	-9999	303.7690	5	0.5973	0.6004	-0.0002	44.2167	1.6127	475.1031	355.9213	40.9954	466.6008	94.8148	474.8064	94.8148	478.6953	94.9769	482.1208	94.9769	
23/08/2017	03:55:12	019001	G523096010HLR	L523	S		438.0519	1.0311	3.2611	100.0000	39.3176	0.8230	0.8266	5.0000	17.3624	508.0433	94.9306	15.8320	23.6000	0.9300	0.9343	0.5996	-0.0001	508.0000	507.2083	1.0285	10.5464	99.8529	39.3064	0.8230	0.8215	5.0000	-9999.0000	-9999.0000	-9999.0000	-9999.0000	-9999.0000	-9999.0000	17.4728	2	0	30.0132	1.0000	06	3	-9999.0000	26830	55519	-9999	855	865	-9999	303.6153	5	0.5976	0.5996	-0.0001	44.7256	1.5822	472.0416	349.1992	38.0787	466.2765	94.8843	471.9735	94.9537	475.5050	95.0463	479.6069	94.9306	
23/08/2017	03:55:37	019001	G523096041HLR	L523	S		444.3948	1.0311	2.9455	100.0248	39.9008	0.8230	0.8272	5.0000	17.2120	508.0500	94.9537	12.8121	23.6000	0.9300	0.9343	0.5996	-0.0001	508.0000	507.2207	1.0285	10.5479	100.1773	39.3160	0.8230	0.8215	5.0000	-9999.0000	-9999.0000	-9999.0000	-9999.0000	-9999.0000	-9999.0000	17.4622	3	0	25.7532	1.0000	06	3	-9999.0000	26831	55520	-9999	856	866	-9999	303.8669	5	0.5976	0.5996	-0.0001	44.7256	1.5822	479.8647	342.8698	37.6389	472.6051	95.3472	479.5959	94.8148	483.7012	95.0000	487.1378	94.9537	
23/08/2017	03:56:04	019001	G523096020HLR	L523	S		440.7107	1.0311	3.1288	99.9854	39.9607	0.8230	0.8263	5.0000	17.1318	508.0430	94.9306	14.4519	23.6000	0.9300	0.9343	0.5996	-0.0001	508.0000	507.5497	1.0285	10.5877	99.9948	39.3000	0.8230	0.8214	5.0000	-9999.0000	-9999.0000	-9999.0000	-9999.0000	-9999.0000	-9999.0000	17.5020	4	0	26.5432	1.0000	06	3	-9999.0000	26832	55521	-9999	857	867	-9999	303.7524	5	0.5976	0.5996	-0.0001	46.0954	1.4934	476.2872	341.0714	38.6343	470.0959	95.3241	475.8926	95.2083	480.2643	95.1157	482.8697	94.9074	
23/08/2017	03:56:30	019001	G523096024HLR	L523	S		436.8174	1.0311	3.3225	100.0209	39.3790	0.8230	0.8259	5.0000	17.0724	508.0362	94.9306	15.8418	23.6000	0.9300	0.9344	0.6006	-0.0002	508.0000	508.1858	1.0285	10.6645	99.8563	39.3000	0.8230	0.8216	5.0000	-9999.0000	-9999.0000	-9999.0000	-9999.0000	-9999.0000	-9999.0000	17.4414	5	0	25.7532	1.0000	06	3	-9999.0000	26833	55522	-9999	858	868	-9999	303.8003	5	0.5979	0.6006	-0.0002	45.5267	1.4987	471.9032	354.5520	39.7454	466.2996	95.1389	471.5059	94.9074	474.9401	95.0463	478.8053	94.9769	
23/08/2017	03:56:55	019001	G523096110HLR	L523	S		434.5859	1.0311	3.4335	100.0067	39.4000	0.8230	0.8267	5.0000	18.0324	508.0614	94.9074	18.5022	23.6000	0.9300	0.9344	0.6020	-0.0002	508.0000	508.4298	1.0285	10.6940	99.9576	39.3500	0.8230	0.8216	5.0000	-9999.0000	-9999.0000	-9999.0000	-9999.0000	-9999.0000	-9999.0000	17.5715	6	0	25.0335	1.0000	06	3	-9999.0000	26833	55523	-9999	859	868	-9999	303.7118	5	0.5980	0.6020	-0.0002	43.2660	1.6261	467.3483	357.7213	40.0463	460.8580	95.2083	467.0129	94.9306	470.3323	95.0694	473.2349	94.9769	
23/08/2017	03:57:21	019001	G523096111HLR	L523	S		448.2644	1.0311	2.7530	99.9852	40.0028	0.8230	0.8271	5.0000	17.3116	508.0536	95.0231	9.5812	23.6000	0.9300	0.9342	0.6020	-0.0002	508.0000	507.4857	1.0285	10.5799	99.9732	39.3500	0.8230	0.8215	5.0000	-9999.0000	-9999.0000	-9999.0000	-9999.0000	-9999.0000	-9999.0000	17.5920	7	0	26.4629	1.0000	06	3	-9999.0000	26834	55524	-9999	860	869	-9999	304.7664	5	0.5980	0.6020	-0.0002	43.2660	1.6261	487.2891	348.8134	38.1944	479.7863	95.3704	486.8695	94.9306	492.0908	94.9769	495.1861	94.9306	
23/08/2017	03:57:50	019001	G523096119HLR	L523	S		441.4017	1.0311	3.0944	99.9810	39.7711	0.8230	0.8260	5.0000	17.3915	508.0186	94.9074	15.0516	23.7000	0.9300	0.9345	0.6020	-0.0002	508.0000	508.3844	1.0285	10.6885	99.9857	39.3160	0.8230	0.8216	5.0000	-9999.0000	-9999.0000	-9999.0000	-9999.0000	-9999.0000	-9999.0000	17.4328	8	0	28.5532	1.0000	06	3	-9999.0000	26835	55525	-9999	861	870	-9999	304.0924	5	0.5977	0.6020	-0.0002	43.2667	1.6260	473.1416	346.3515	39.7222	467.4685	95.2778	473.1918	95.0926	477.3218	95.0926	480.2539	94.9074	
23/08/2017	03:58:19	019001	G523096099HLR	L523	S		445.6194	1.0311	2.8846	100.0019	39.2503	0.8230	0.8260	5.0000	17.8213	508.0271	94.9537	11.9516	23.7000	0.9300	0.9344	0.6014	-0.0002	508.0000	507.8413	1.0285	10.6229	99.9814	39.3460	0.8230	0.8215	5.0000	-9999.0000	-9999.0000	-9999.0000	-9999.0000	-9999.0000	-9999.0000	17.6426	1	0	28.8238	1.0000	06	3	-9999.0000	26836	55526	-9999	862	871	-9999	304.3107	5	0.5978	0.6014	-0.0002	43.6505	1.6203	481.5980	354.9821	40.5324	473.9036	95.0926	481.4620	94.9537	486.3826	95.0231	489.6814	94.9537	
23/08/2017	03:58:46	019001	G523093852HLR	L523	S		441.8146	1.0311	3.0739	99.9694	39.5553	0.8230	0.8271	5.0000	17.0420	508.0244	94.9306	13.0719	23.7000	0.9300	0.9344	0.6016	-0.0002	508.0000	509.7817	1.0285	10.8574	99.9884	39.3300	0.8230	0.8215	5.0000	-9999.0000	-9999.0000	-9999.0000	-9999.0000	-9999.0000	-9999.0000	17.5217	2	0	27.4839	1.0000	06	3	-9999.0000	26836	55527	-9999	863	872	-9999	304.2246	5	0.5980	0.6016	-0.0002	43.4786	1.6199	478.6158	340.8187	38.7269	470.8350	95.4398	478.1377	95.0000	481.9493	95.0926	485.6265	94.9537	
