Data	Timp	Nr. masina	Nr. de serie	Tip	Productie	Comentariu	Pre-masurare Q [ml/min]	Pre-masurare Gain	Pre-masurare Offset Master	Pre-masurare P [bar]	Pre-masurare T [°C]	Pre-masurare Densitate fixa [kg/l]	Pre-masurare densitate masurata [kg/l]	Pre-masurare Timp masurare [s]	Pre-masurare Cycle time [s]	rectificare Q Oprire [ml/min]	rectificare P Oprire [bar]	rectificare Timp rectificare [s]	rectificare T [°C]	rectificare Densitate fixa [kg/l]	rectificare densitate masurata [kg/l]	rectificare Factor de masurare la rectificare	rectificare Factor de corectie a debitului	rectificare Target rectificare	Masurare Q [ml/min]	Masurare Gain	Masurare Offset Master	Masurare P [bar]	Masurare T [°C]	Masurare Densitate fixa [kg/l]	Masurare densitate masurata [kg/l]	Masurare Timp masurare [s]	Masurare Q [ml/min]	Masurare Delta Q [ml/min]	Masurare P [bar]	Masurare BP [bar]	Masurare T [°C]	Masurare Timp masurare [s]	Masurare Cycle time [s]	Nest Nr.	Cod de descarcare	Cycle time [s]	Traceability aktiv	EDM Maschine Nr	EDM Spindle Nr	Honing Rate [r	Station Counter Premeasure	Station Counter Grind	Station Counter Blowout 1	Station Counter Wash	Station Counter Measure	Station Counter Blowout 2	RealGrindQStop	Reg Type	Factor 0	Factor 1	Factor 2	Factor 3	Factor 4	G_StartQV	G_StartQV_1	G_StartQV_2	G_StartQV_3	G_StartQV_4	G_StartQV_5	
22/08/2017	00:01:45	019001	G523088933HLR	L523	S		411.5118	1.0311	4.5815	99.9717	39.3081	0.8230	0.8270	5.0000	17.1417	0.0000	0.0000	0.0000	0.0000	0.9300	0.0000	0.0000	0.0000	0.0000	410.8860	1.0285	-1.1506	99.9187	38.6191	0.8230	0.8212	5.0000	-9999.0000	-9999.0000	-9999.0000	-9999.0000	-9999.0000	-9999.0000	17.8918	2	7	17.3322	1.0000	99	9	-9999.0000	24119	0	-9999	1279	1246	-9999	0.0000	0	0.0000	0.0000	0.0000	0.0000	0.0000	0.0000	0.0000	0.0000	0.0000	0.0000	0.0000	0.0000	0.0000	0.0000	0.0000	0.0000	
22/08/2017	00:28:49	019001	H375093816HLR	L375	S		737.6900	1.0311	0.0000	99.9430	39.5013	0.8230	0.8241	5.0000	18.3821	860.0941	95.0231	15.5321	26.4000	0.9300	0.9362	0.6803	-0.0009	860.0000	847.1347	1.0285	0.4448	100.0226	38.6378	0.8230	0.8192	5.0000	-9999.0000	-9999.0000	-9999.0000	-9999.0000	-9999.0000	-9999.0000	18.4719	1	1	29.2741	1.0000	99	9	-9999.0000	24120	52888	-9999	1280	1247	-9999	572.7623	5	0.6664	0.6803	-0.0009	82.3970	2.3097	793.1160	250.6076	36.2269	739.7165	93.2639	784.8142	93.0324	792.5100	92.7083	800.5390	95.0000	
22/08/2017	00:30:30	019001	H375093811HLR	L375	S		723.2789	1.0311	0.0000	99.9977	39.6796	0.8230	0.8239	5.0000	18.5726	860.0667	95.0231	17.7521	26.4000	0.9300	0.9363	0.6905	-0.0009	860.0000	855.9081	1.0285	-0.0738	100.1838	38.6176	0.8230	0.8190	5.0000	-9999.0000	-9999.0000	-9999.0000	-9999.0000	-9999.0000	-9999.0000	18.3821	5	0	30.8036	1.0000	99	9	-9999.0000	24121	52889	-9999	1281	1248	-9999	579.7937	5	0.6761	0.6905	-0.0009	81.7807	2.2925	782.1463	308.2915	37.3148	730.5931	93.9120	774.6563	93.1481	781.4819	92.9630	788.7836	95.1620	
22/08/2017	00:32:09	019001	H375093820HLR	L375	Q		735.5393	1.0311	0.0000	99.9269	39.5575	0.8230	0.8237	5.0000	19.0022	860.0891	94.9306	19.2924	26.4000	0.9300	0.9363	0.6924	-0.0009	860.0000	857.7126	1.0285	-0.1804	100.0021	38.6263	0.8230	0.8189	5.0000	-9999.0000	-9999.0000	-9999.0000	-9999.0000	-9999.0000	-9999.0000	18.6016	1	0	29.0640	1.0000	99	9	-9999.0000	24122	52890	-9999	1282	1249	-9999	580.2115	5	0.6768	0.6924	-0.0009	81.6711	2.2894	777.5787	325.4697	37.4306	727.1791	94.5139	768.4713	94.2824	777.0438	94.0741	782.8209	94.7917	
22/08/2017	00:34:03	019001	H375092643HLR	L375	Q		733.0215	1.0311	0.0000	100.0679	39.6643	0.8230	0.8248	5.0000	17.2812	860.0556	95.0000	17.5724	26.4000	0.9300	0.9363	0.6767	0.0000	860.0000	857.4781	1.0285	-0.1666	100.1039	38.6345	0.8230	0.8190	5.0000	-9999.0000	-9999.0000	-9999.0000	-9999.0000	-9999.0000	-9999.0000	18.3616	5	0	29.9137	1.0000	99	9	-9999.0000	24123	52891	-9999	1283	1250	-9999	582.0422	3	0.6767	0.6932	-0.0009	81.6308	2.2882	797.5702	334.2152	36.2731	741.8254	94.7917	789.8132	93.8426	797.0467	93.7037	802.4405	95.2315	
22/08/2017	00:35:05	019001	H375093815HLR	L375	S		736.8061	1.0311	0.0000	99.9845	39.5542	0.8230	0.8255	5.0000	17.3820	860.0645	94.9306	19.8227	26.4000	0.9300	0.9360	0.6767	0.0000	860.0000	860.4104	1.0285	-0.3399	100.1312	38.7438	0.8230	0.8188	5.0000	-9999.0000	-9999.0000	-9999.0000	-9999.0000	-9999.0000	-9999.0000	18.3321	7	0	30.1442	1.0000	99	9	-9999.0000	24124	52892	-9999	1283	1251	-9999	582.0689	3	0.6767	0.6932	-0.0009	81.6308	2.2882	792.6386	348.8392	38.9583	742.6021	94.4676	785.1678	93.9815	792.0958	93.8657	797.1463	95.1389	
22/08/2017	00:35:38	019001	H375093775HLR	L375	S		739.5420	1.0311	0.0000	100.0323	39.4273	0.8230	0.8261	5.0000	17.0927	860.0504	94.9769	18.8324	26.3000	0.9300	0.9356	0.6773	0.0000	860.0000	859.0259	1.0285	-0.2580	99.9734	38.7976	0.8230	0.8193	5.0000	-9999.0000	-9999.0000	-9999.0000	-9999.0000	-9999.0000	-9999.0000	18.3518	8	0	32.5341	1.0000	99	9	-9999.0000	24125	52892	-9999	1284	1252	-9999	582.0543	3	0.6773	0.6937	-0.0009	81.5985	2.2873	793.9948	355.0493	37.7083	744.3000	94.5370	787.8914	94.0972	793.4582	93.9815	797.5619	95.4167	
22/08/2017	00:36:08	019001	H375093776HLR	L375	S		737.8494	1.0311	0.0000	99.9751	39.5833	0.8230	0.8253	5.0000	18.1818	860.0513	95.0231	18.4324	26.3000	0.9300	0.9356	0.6773	0.0000	860.0000	857.9531	1.0285	-0.1946	100.0188	38.8108	0.8230	0.8186	5.0000	-9999.0000	-9999.0000	-9999.0000	-9999.0000	-9999.0000	-9999.0000	18.4621	1	0	30.6034	1.0000	99	9	-9999.0000	24126	52892	-9999	1285	1253	-9999	582.5293	3	0.6773	0.6937	-0.0009	81.5985	2.2873	795.3922	350.7401	37.6389	742.9007	94.7222	788.6953	94.3056	794.9853	94.1898	799.0430	95.0926	
22/08/2017	00:36:38	019001	H375093807HLR	L375	S		739.2905	1.0311	0.0000	99.9441	39.6562	0.8230	0.8255	5.0000	17.7824	860.0609	94.9537	19.7719	26.3000	0.9300	0.9356	0.6771	0.0000	860.0000	861.6025	1.0285	-0.4103	99.9033	38.7885	0.8230	0.8190	5.0000	-9999.0000	-9999.0000	-9999.0000	-9999.0000	-9999.0000	-9999.0000	18.5119	2	0	29.3931	1.0000	99	9	-9999.0000	24127	52893	-9999	1286	1254	-9999	582.5360	3	0.6771	0.6794	-0.0001	84.8788	2.1019	793.1089	334.7882	35.7407	740.8175	95.1157	786.6560	94.1667	792.5327	94.0972	797.3537	95.3472	
22/08/2017	00:37:07	019001	H375093790HLR	L375	S		737.9952	1.0311	0.0000	100.0318	39.6113	0.8230	0.8248	5.0000	18.6735	860.0477	95.0231	18.6722	26.3000	0.9300	0.9356	0.6772	0.0000	860.0000	859.3754	1.0285	-0.2787	99.9810	38.8605	0.8230	0.8191	5.0000	-9999.0000	-9999.0000	-9999.0000	-9999.0000	-9999.0000	-9999.0000	18.5022	3	0	28.8942	1.0000	99	9	-9999.0000	24128	52894	-9999	1287	1255	-9999	582.3778	3	0.6772	0.6928	-0.0008	173.4929	-2.6339	793.8508	343.6029	37.3611	742.3175	95.0000	786.6413	94.4907	793.2762	94.4213	798.1489	94.9306	
22/08/2017	00:37:38	019001	H375093800HLR	L375	S		734.5978	1.0311	0.0000	99.9773	39.6203	0.8230	0.8258	5.0000	17.2921	860.0381	94.9074	20.2817	26.3000	0.9300	0.9356	0.6774	0.0000	860.0000	861.3189	1.0285	-0.3936	100.0542	38.8213	0.8230	0.8184	5.0000	-9999.0000	-9999.0000	-9999.0000	-9999.0000	-9999.0000	-9999.0000	18.5822	4	0	31.3835	1.0000	99	9	-9999.0000	24129	52895	-9999	1288	1256	-9999	582.4472	3	0.6774	0.6946	-0.0009	161.2644	-2.0347	790.9690	344.6753	39.3519	739.2068	94.6759	783.9800	94.5370	790.5683	94.4213	794.4181	94.9537	
22/08/2017	00:38:11	019001	H375093782HLR	L375	S		739.7302	1.0311	0.0000	100.0400	39.6280	0.8230	0.8258	5.0000	17.3820	860.0530	94.9769	19.1224	26.4000	0.9300	0.9356	0.6773	0.0000	860.0000	861.6339	1.0285	-0.4122	100.0821	38.8263	0.8230	0.8191	5.0000	-9999.0000	-9999.0000	-9999.0000	-9999.0000	-9999.0000	-9999.0000	18.4318	5	0	33.0841	1.0000	99	9	-9999.0000	24130	52896	-9999	1289	1257	-9999	582.6819	3	0.6773	0.6965	-0.0010	159.2831	-1.9137	797.4048	333.0139	36.9907	744.6337	95.1389	790.1874	94.9769	796.8698	94.8148	800.7514	94.9769	
22/08/2017	00:38:42	019001	H375093792HLR	L375	S		743.3503	1.0311	0.0000	99.9691	39.6113	0.8230	0.8247	5.0000	18.7439	860.0756	95.0231	17.1525	26.4000	0.9300	0.9356	0.6773	0.0000	860.0000	859.7455	1.0285	-0.3006	100.1956	38.9064	0.8230	0.8190	5.0000	-9999.0000	-9999.0000	-9999.0000	-9999.0000	-9999.0000	-9999.0000	18.5121	6	0	30.6736	1.0000	99	9	-9999.0000	24131	52897	-9999	1290	1258	-9999	582.5700	3	0.6773	0.6965	-0.0010	155.2095	-1.7170	801.8948	332.9155	36.6667	747.1012	95.0926	795.7007	94.4676	801.3730	94.3750	805.9143	95.1157	
22/08/2017	00:39:14	019001	H375095191HLR	L375	S		741.9402	1.0311	0.0000	100.0082	39.5971	0.8230	0.8248	5.0000	18.7824	860.0410	95.0463	17.4123	26.4000	0.9300	0.9356	0.6772	0.0000	860.0000	859.7710	1.0285	-0.3021	99.8883	38.9066	0.8230	0.8188	5.0000	-9999.0000	-9999.0000	-9999.0000	-9999.0000	-9999.0000	-9999.0000	18.4924	7	0	31.8632	1.0000	99	9	-9999.0000	24132	52898	-9999	1291	1259	-9999	582.5739	3	0.6772	0.6953	-0.0010	57.8135	3.3379	800.8163	339.2538	37.1065	747.1772	95.1620	793.5124	94.5370	799.9553	94.5139	805.0428	95.0231	
22/08/2017	00:39:48	019001	H375095194HLR	L375	S		731.9571	1.0311	0.0000	99.9819	39.6154	0.8230	0.8258	5.0000	17.5313	860.0863	94.9769	19.1322	26.4000	0.9300	0.9356	0.6772	0.0000	860.0000	859.4358	1.0285	-0.2823	99.8523	38.8983	0.8230	0.8187	5.0000	-9999.0000	-9999.0000	-9999.0000	-9999.0000	-9999.0000	-9999.0000	18.6322	8	0	33.9749	1.0000	99	9	-9999.0000	24133	52899	-9999	1292	1260	-9999	582.5166	3	0.6772	0.6954	-0.0010	62.8707	3.0781	791.7127	338.6864	37.6852	740.0327	95.2315	783.7945	94.6991	790.9579	94.6296	796.2529	95.0463	
22/08/2017	00:40:24	019001	H375095193HLR	L375	S		735.1271	1.0311	0.0000	99.9254	39.6426	0.8230	0.8260	5.0000	17.1926	860.0471	94.9537	21.6325	26.4000	0.9300	0.9356	0.6772	0.0000	860.0000	863.8644	1.0285	-0.5440	99.8281	38.9183	0.8230	0.8187	5.0000	-9999.0000	-9999.0000	-9999.0000	-9999.0000	-9999.0000	-9999.0000	18.5219	1	0	36.0845	1.0000	99	9	-9999.0000	24134	52900	-9999	1293	1260	-9999	582.4750	3	0.6772	0.6974	-0.0011	70.0565	2.7023	790.0990	342.9733	38.7963	737.5383	95.1157	782.3245	94.9074	789.7288	94.8611	794.5474	94.9537	
22/08/2017	00:40:56	019001	H375095195HLR	L375	S		741.2169	1.0311	0.0000	99.9828	39.6527	0.8230	0.8256	5.0000	17.3924	860.0464	95.0231	18.4426	26.4000	0.9300	0.9356	0.6773	0.0000	860.0000	860.4403	1.0285	-0.3416	99.9194	38.9189	0.8230	0.8187	5.0000	-9999.0000	-9999.0000	-9999.0000	-9999.0000	-9999.0000	-9999.0000	18.5519	2	0	31.7829	1.0000	99	9	-9999.0000	24135	52901	-9999	1293	1261	-9999	582.4828	3	0.6773	0.6900	-0.0007	72.1967	2.5927	798.1890	338.7893	38.7731	746.9865	95.0694	791.9770	94.9306	797.8312	94.8843	802.1007	94.9537	
22/08/2017	00:41:28	019001	H375095201HLR	L375	S		739.3146	1.0311	0.0000	99.9927	39.6414	0.8230	0.8255	5.0000	17.4717	860.0615	94.9306	20.4028	26.4000	0.9300	0.9356	0.6772	0.0000	860.0000	860.8704	1.0285	-0.3670	99.9838	38.9110	0.8230	0.8186	5.0000	-9999.0000	-9999.0000	-9999.0000	-9999.0000	-9999.0000	-9999.0000	18.6222	3	0	32.1846	1.0000	99	9	-9999.0000	24136	52902	-9999	1294	1262	-9999	582.5887	3	0.6772	0.6875	-0.0005	71.5797	2.6266	791.2675	334.2340	36.5046	741.2863	95.4398	784.4582	95.0000	790.7228	95.0000	795.3913	94.9769	
22/08/2017	00:42:00	019001	H375095205HLR	L375	S		727.3602	1.0311	0.0000	99.9688	39.6186	0.8230	0.8253	5.0000	17.9825	860.0672	94.9306	21.7524	26.4000	0.9300	0.9355	0.6770	0.0000	860.0000	859.6644	1.0285	-0.2958	100.0767	38.9233	0.8230	0.8188	5.0000	-9999.0000	-9999.0000	-9999.0000	-9999.0000	-9999.0000	-9999.0000	18.5217	4	0	32.1335	1.0000	99	9	-9999.0000	24137	52903	-9999	1295	1263	-9999	582.5449	3	0.6770	0.6917	-0.0008	69.8893	2.7203	782.4253	347.3276	38.9352	730.8238	95.6481	776.4219	94.7222	781.8986	94.6759	787.3593	94.9769	
22/08/2017	00:42:36	019001	H375095207HLR	L375	S		729.7795	1.0311	0.0000	100.0106	39.6344	0.8230	0.8258	5.0000	17.3721	860.0540	94.9537	24.5938	26.4000	0.9300	0.9355	0.6770	0.0000	860.0000	862.1440	1.0285	-0.4423	99.8966	38.9486	0.8230	0.8187	5.0000	-9999.0000	-9999.0000	-9999.0000	-9999.0000	-9999.0000	-9999.0000	18.5228	5	0	35.7045	1.0000	99	9	-9999.0000	24138	52904	-9999	1296	1264	-9999	582.3298	3	0.6770	0.6908	-0.0007	69.4809	2.7453	780.5276	324.7700	36.5278	722.3370	95.6944	773.1593	95.2778	780.1656	95.1389	784.4032	95.0463	
22/08/2017	00:43:08	019001	H375095208HLR	L375	S		737.8899	1.0311	0.0000	100.0576	39.6788	0.8230	0.8259	5.0000	17.0615	860.0874	94.9769	19.5619	26.4000	0.9300	0.9355	0.6767	0.0000	860.0000	859.2574	1.0285	-0.2717	100.0351	38.9465	0.8230	0.8187	5.0000	-9999.0000	-9999.0000	-9999.0000	-9999.0000	-9999.0000	-9999.0000	18.4827	6	0	32.1738	1.0000	99	9	-9999.0000	24139	52905	-9999	1297	1265	-9999	582.3108	3	0.6767	0.6864	-0.0005	71.1091	2.6519	794.4384	320.5110	36.0880	736.4477	95.5787	786.4499	94.8611	793.9862	94.6759	798.4669	94.9306	
22/08/2017	00:43:43	019001	H375095231HLR	L375	S		729.4358	1.0311	0.0000	100.0349	39.6730	0.8230	0.8255	5.0000	17.4424	860.0467	94.9537	20.6724	26.4000	0.9300	0.9356	0.6769	0.0000	860.0000	858.2145	1.0285	-0.2101	100.0323	38.9339	0.8230	0.8186	5.0000	-9999.0000	-9999.0000	-9999.0000	-9999.0000	-9999.0000	-9999.0000	18.5618	7	0	35.2640	1.0000	99	9	-9999.0000	24140	52906	-9999	1298	1266	-9999	582.0696	3	0.6769	0.6824	-0.0003	63.9707	3.0607	787.2003	322.6525	35.4398	729.2147	95.6019	779.4655	94.6296	786.8458	94.5602	790.9351	95.1389	
22/08/2017	00:44:19	019001	H375095232HLR	L375	S		730.3584	1.0311	0.0000	100.0014	39.6271	0.8230	0.8254	5.0000	17.6916	860.0639	94.9537	19.8325	26.5000	0.9300	0.9356	0.6767	0.0000	860.0000	858.3731	1.0285	-0.2194	100.0865	38.9358	0.8230	0.8187	5.0000	-9999.0000	-9999.0000	-9999.0000	-9999.0000	-9999.0000	-9999.0000	18.6518	8	0	36.3141	1.0000	99	9	-9999.0000	24141	52907	-9999	1299	1267	-9999	582.2387	3	0.6767	0.6821	-0.0003	77.2767	2.3516	789.2203	313.6844	36.3194	731.3517	95.6713	781.5987	95.1620	788.4573	95.0463	794.9224	95.0000	
22/08/2017	00:44:53	019001	H375095233HLR	L375	S		726.8245	1.0311	0.0000	100.0149	39.6362	0.8230	0.8258	5.0000	17.3419	860.0414	94.9306	24.2129	26.5000	0.9300	0.9356	0.6768	0.0000	860.0000	861.9822	1.0285	-0.4328	100.1490	38.9490	0.8230	0.8187	5.0000	-9999.0000	-9999.0000	-9999.0000	-9999.0000	-9999.0000	-9999.0000	18.5424	1	0	33.3644	1.0000	99	9	-9999.0000	24142	52908	-9999	1300	1268	-9999	582.0125	3	0.6768	0.6824	-0.0003	78.0027	2.2760	781.4045	313.6844	34.6759	722.6425	95.9954	773.3083	95.0231	780.9346	95.0000	785.3992	95.0000	
22/08/2017	00:45:23	019001	H375095234HLR	L375	S		733.6394	1.0311	0.0000	100.0210	39.6727	0.8230	0.8255	5.0000	17.5918	860.0610	94.9537	19.9419	26.5000	0.9300	0.9356	0.6770	0.0000	860.0000	858.6350	1.0285	-0.2349	100.0495	38.9433	0.8230	0.8186	5.0000	-9999.0000	-9999.0000	-9999.0000	-9999.0000	-9999.0000	-9999.0000	18.5218	2	0	30.3835	1.0000	99	9	-9999.0000	24143	52909	-9999	1301	1269	-9999	582.1619	3	0.6770	0.6823	-0.0003	76.9518	2.3685	790.3456	332.5316	38.7500	734.9916	95.1852	781.9994	95.0926	789.7973	94.8611	794.2263	95.0000	
22/08/2017	00:45:58	019001	H375095227HLR	L375	S		723.3567	1.0311	0.0000	99.9715	39.6773	0.8230	0.8255	5.0000	17.5519	860.0506	94.9537	23.7929	26.5000	0.9300	0.9356	0.6771	0.0000	860.0000	859.0084	1.0285	-0.2570	100.0409	38.9445	0.8230	0.8186	5.0000	-9999.0000	-9999.0000	-9999.0000	-9999.0000	-9999.0000	-9999.0000	18.7121	3	0	34.6037	1.0000	99	9	-9999.0000	24144	52910	-9999	1302	1270	-9999	582.3240	3	0.6771	0.6833	-0.0003	81.6233	2.1692	777.9907	331.2809	37.2685	727.1300	95.5324	771.6924	94.9769	777.4096	94.8611	781.9916	95.0231	
22/08/2017	00:46:28	019001	H375095217HLR	L375	S		720.2811	1.0311	0.0000	99.9613	39.6415	0.8230	0.8258	5.0000	17.1818	860.0813	94.9537	24.0927	26.5000	0.9300	0.9355	0.6769	0.0000	860.0000	859.0247	1.0285	-0.2580	99.9915	38.9609	0.8230	0.8188	5.0000	-9999.0000	-9999.0000	-9999.0000	-9999.0000	-9999.0000	-9999.0000	18.5219	4	0	30.7743	1.0000	99	9	-9999.0000	24145	52911	-9999	1303	1271	-9999	582.4128	3	0.6769	0.6859	-0.0004	83.6652	2.0859	777.1333	319.2173	34.6296	722.0182	96.0417	769.8682	95.0000	776.5046	94.8148	780.7540	94.9769	
22/08/2017	00:46:59	019001	H375095211HLR	L375	S		727.4869	1.0311	0.0000	99.9816	39.6607	0.8230	0.8257	5.0000	17.2325	860.0821	94.9537	21.8933	26.5000	0.9300	0.9356	0.6769	0.0000	860.0000	860.1389	1.0285	-0.3238	100.0179	38.9627	0.8230	0.8186	5.0000	-9999.0000	-9999.0000	-9999.0000	-9999.0000	-9999.0000	-9999.0000	18.6018	5	0	30.8435	1.0000	99	9	-9999.0000	24146	52912	-9999	1303	1272	-9999	582.2157	3	0.6769	0.6863	-0.0004	78.1573	2.3264	785.9026	319.8509	36.6435	730.0409	95.7176	778.6628	94.8148	785.4165	94.7222	789.1959	95.1157	
22/08/2017	00:47:28	019001	H375095221HLR	L375	S		734.5473	1.0311	0.0000	99.9871	39.6434	0.8230	0.8246	5.0000	18.9719	860.0478	95.0000	18.1721	26.6000	0.9300	0.9356	0.6772	0.0000	860.0000	857.3000	1.0285	-0.1560	100.0608	38.9522	0.8230	0.8186	5.0000	-9999.0000	-9999.0000	-9999.0000	-9999.0000	-9999.0000	-9999.0000	18.7826	6	0	28.8931	1.0000	99	9	-9999.0000	24147	52913	-9999	1304	1273	-9999	582.1918	3	0.6772	0.6838	-0.0003	75.3704	2.4674	796.3502	333.9717	36.5509	742.3106	95.6481	788.9998	94.7685	795.5898	94.6759	800.7875	95.0926	
22/08/2017	00:47:58	019001	H375095237HLR	L375	S		725.3911	1.0311	0.0000	100.0367	39.6639	0.8230	0.8257	5.0000	17.2921	860.0410	94.9306	23.1122	26.5000	0.9300	0.9356	0.6773	0.0000	860.0000	860.2016	1.0285	-0.3275	99.8822	38.9775	0.8230	0.8187	5.0000	-9999.0000	-9999.0000	-9999.0000	-9999.0000	-9999.0000	-9999.0000	18.6525	7	0	29.5240	1.0000	99	9	-9999.0000	24148	52914	-9999	1305	1274	-9999	582.4768	3	0.6773	0.6840	-0.0003	74.6015	2.5303	782.7434	327.1851	37.4769	728.2031	95.7407	775.5828	95.1620	782.3007	95.1157	786.2327	95.0694	
22/08/2017	00:48:28	019001	H375094896HLR	L375	S		738.5031	1.0311	0.0000	100.0745	39.6655	0.8230	0.8258	5.0000	17.1514	860.0547	95.0000	18.5120	26.6000	0.9300	0.9355	0.6773	0.0000	860.0000	860.1924	1.0285	-0.3270	100.0334	38.9886	0.8230	0.8187	5.0000	-9999.0000	-9999.0000	-9999.0000	-9999.0000	-9999.0000	-9999.0000	18.5716	8	0	30.2136	1.0000	99	9	-9999.0000	24149	52915	-9999	1306	1275	-9999	582.5890	3	0.6773	0.6851	-0.0004	79.8466	2.3342	798.8745	317.3451	35.0000	742.0618	96.0880	791.1696	95.3009	798.4689	95.0694	803.0005	95.0463	
22/08/2017	00:48:56	019001	H375094906HLR	L375	S		738.6916	1.0311	0.0000	99.9912	39.6809	0.8230	0.8257	5.0000	17.1516	860.0499	94.9769	19.3529	26.6000	0.9300	0.9356	0.6775	0.0000	860.0000	860.2737	1.0285	-0.3318	100.0354	38.9895	0.8230	0.8186	5.0000	-9999.0000	-9999.0000	-9999.0000	-9999.0000	-9999.0000	-9999.0000	18.8226	1	0	27.9333	1.0000	99	9	-9999.0000	24150	52916	-9999	1307	1276	-9999	582.5954	3	0.6775	0.6861	-0.0004	80.7743	2.2851	796.4044	315.2649	35.1852	739.9286	95.9954	790.1227	94.9074	796.1905	94.8843	800.7095	95.0000	
22/08/2017	00:49:27	019001	H375094919HLR	L375	S		744.0891	1.0311	0.0000	100.0139	39.6575	0.8230	0.8258	5.0000	17.1124	860.0379	94.9306	16.6612	26.6000	0.9300	0.9356	0.6776	0.0000	860.0000	859.6061	1.0285	-0.2923	100.0504	38.9964	0.8230	0.8186	5.0000	-9999.0000	-9999.0000	-9999.0000	-9999.0000	-9999.0000	-9999.0000	18.5930	2	0	31.2135	1.0000	99	9	-9999.0000	24151	52917	-9999	1308	1277	-9999	582.6958	3	0.6776	0.6836	-0.0003	75.8382	2.5376	804.4738	317.6609	36.9213	743.1207	95.6250	797.5534	94.8611	803.8108	94.7917	809.2001	95.0231	
22/08/2017	00:49:56	019001	H375094936HLR	L375	S		737.2060	1.0311	0.0000	99.9852	39.6414	0.8230	0.8254	5.0000	17.7726	860.0538	94.9537	18.0617	26.6000	0.9300	0.9356	0.6776	0.0000	860.0000	859.1346	1.0285	-0.2645	100.0177	38.9965	0.8230	0.8187	5.0000	-9999.0000	-9999.0000	-9999.0000	-9999.0000	-9999.0000	-9999.0000	18.6417	3	0	28.9743	1.0000	99	9	-9999.0000	24152	52918	-9999	1309	1278	-9999	582.8653	3	0.6776	0.6825	-0.0002	76.5510	2.5111	798.0304	317.9286	35.9722	740.5755	95.9722	789.7571	95.3241	797.4409	95.2315	803.2419	95.1157	
22/08/2017	00:50:24	019001	H375094910HLR	L375	S		737.9866	1.0311	0.0000	100.0981	39.6323	0.8230	0.8260	5.0000	17.0919	860.0519	94.9769	17.9826	26.6000	0.9300	0.9356	0.6775	0.0000	860.0000	859.3225	1.0285	-0.2756	99.9297	39.0051	0.8230	0.8185	5.0000	-9999.0000	-9999.0000	-9999.0000	-9999.0000	-9999.0000	-9999.0000	18.8324	4	0	28.2231	1.0000	99	9	-9999.0000	24153	52919	-9999	1310	1279	-9999	582.8188	3	0.6775	0.6816	-0.0002	73.3640	2.6426	799.6909	312.6389	37.1065	738.5925	95.6944	791.2870	95.3009	799.0892	95.1852	803.3734	95.0694	
22/08/2017	00:50:51	019001	H375094897HLR	L375	S		740.6691	1.0311	0.0000	100.0700	39.6719	0.8230	0.8256	5.0000	17.4924	860.0577	94.9074	16.4717	26.6000	0.9300	0.9357	0.6775	0.0000	860.0000	858.2435	1.0285	-0.2118	99.8661	38.9963	0.8230	0.8186	5.0000	-9999.0000	-9999.0000	-9999.0000	-9999.0000	-9999.0000	-9999.0000	18.7219	5	0	26.8527	1.0000	99	9	-9999.0000	24154	52920	-9999	1311	1280	-9999	582.7630	3	0.6775	0.6794	-0.0001	69.4191	2.8102	805.1564	328.4661	37.5231	745.4353	95.5556	796.8030	95.2546	804.8073	95.1852	809.4924	95.0926	
22/08/2017	00:51:20	019001	H375094937HLR	L375	S		737.1937	1.0311	0.0000	100.0258	39.6685	0.8230	0.8258	5.0000	17.1925	860.0542	94.9537	18.9915	26.6000	0.9300	0.9356	0.6778	0.0000	860.0000	859.6886	1.0285	-0.2972	100.1768	39.0185	0.8230	0.8187	5.0000	-9999.0000	-9999.0000	-9999.0000	-9999.0000	-9999.0000	-9999.0000	18.6428	6	0	28.7437	1.0000	99	9	-9999.0000	24155	52921	-9999	1312	1281	-9999	582.7027	3	0.6778	0.6793	-0.0001	68.6243	2.8692	795.2500	332.3861	38.3333	738.8494	95.3704	788.2473	94.9537	794.7018	94.9074	799.7310	95.0000	
22/08/2017	00:51:48	019001	H375094929HLR	L375	S		741.3994	1.0311	0.0000	99.9377	39.6312	0.8230	0.8251	5.0000	18.2412	860.0556	94.9769	17.4718	26.6000	0.9300	0.9356	0.6778	0.0000	860.0000	860.3297	1.0285	-0.3351	99.9979	39.0221	0.8230	0.8186	5.0000	-9999.0000	-9999.0000	-9999.0000	-9999.0000	-9999.0000	-9999.0000	18.7522	7	0	28.0932	1.0000	99	9	-9999.0000	24156	52922	-9999	1313	1282	-9999	582.9789	3	0.6778	0.6795	-0.0001	69.9528	2.8181	800.9774	332.0439	35.5324	743.9899	95.3241	793.7186	94.9537	800.5088	94.9306	805.4026	95.0231	
22/08/2017	00:52:16	019001	H375094905HLR	L375	S		742.4300	1.0311	0.0000	100.0512	39.6700	0.8230	0.8259	5.0000	17.1514	860.0599	94.9306	15.9912	26.7000	0.9300	0.9356	0.6778	0.0000	860.0000	857.6952	1.0285	-0.1794	100.0013	39.0291	0.8230	0.8185	5.0000	-9999.0000	-9999.0000	-9999.0000	-9999.0000	-9999.0000	-9999.0000	18.8821	8	0	28.2535	1.0000	99	9	-9999.0000	24157	52923	-9999	1314	1283	-9999	583.0119	3	0.6778	0.6795	-0.0001	69.9528	2.8181	805.2041	334.8994	38.4491	748.5129	95.3472	796.9685	95.2546	804.7157	95.1620	809.6162	95.0694	
22/08/2017	00:52:43	019001	H375094923HLR	L375	S		744.3852	1.0311	0.0000	100.0288	39.6780	0.8230	0.8257	5.0000	17.3526	860.0582	94.9306	15.4023	26.7000	0.9300	0.9357	0.6779	0.0000	860.0000	858.6974	1.0285	-0.2386	100.1269	39.0226	0.8230	0.8185	5.0000	-9999.0000	-9999.0000	-9999.0000	-9999.0000	-9999.0000	-9999.0000	18.8436	1	0	27.2933	1.0000	99	9	-9999.0000	24158	52924	-9999	1315	1284	-9999	583.0909	3	0.6779	0.6810	-0.0002	71.2523	2.7858	808.4594	337.2192	38.5185	753.2787	95.3704	800.2588	95.3704	807.8543	95.2315	812.4969	95.0694	
22/08/2017	00:53:12	019001	H375094938HLR	L375	S		741.0842	1.0311	0.0000	99.9329	39.6591	0.8230	0.8255	5.0000	17.5726	860.0618	94.9306	16.5127	26.7000	0.9300	0.9356	0.6780	0.0000	860.0000	858.2800	1.0285	-0.2139	99.9290	39.0318	0.8230	0.8185	5.0000	-9999.0000	-9999.0000	-9999.0000	-9999.0000	-9999.0000	-9999.0000	18.7415	2	0	28.9840	1.0000	99	9	-9999.0000	24159	52925	-9999	1316	1285	-9999	583.0804	3	0.6780	0.6819	-0.0002	70.7495	2.7778	803.9286	339.9069	37.2917	749.1482	95.4861	796.4627	94.8611	803.4016	94.8148	808.5309	95.0000	
22/08/2017	00:53:40	019001	H375094887HLR	L375	S		744.0749	1.0311	0.0000	100.0234	39.6434	0.8230	0.8259	5.0000	17.1320	860.0604	94.8843	16.6417	26.7000	0.9300	0.9356	0.6780	0.0000	860.0000	860.0996	1.0285	-0.3215	100.0325	39.0350	0.8230	0.8185	5.0000	-9999.0000	-9999.0000	-9999.0000	-9999.0000	-9999.0000	-9999.0000	18.9427	3	0	27.9428	1.0000	99	9	-9999.0000	24160	52926	-9999	1317	1286	-9999	583.1366	3	0.6780	0.6832	-0.0003	72.4394	2.6675	805.2744	322.9957	36.5741	744.6799	95.6250	796.7359	95.2546	804.7322	95.1389	809.7204	95.0694	
22/08/2017	00:54:08	019001	H375094851HLR	L375	S		743.8455	1.0311	0.0000	99.9774	39.6750	0.8230	0.8256	5.0000	17.4522	860.0731	94.9306	16.0322	26.7000	0.9300	0.9356	0.6780	0.0000	860.0000	858.9209	1.0285	-0.2518	99.9745	39.0486	0.8230	0.8185	5.0000	-9999.0000	-9999.0000	-9999.0000	-9999.0000	-9999.0000	-9999.0000	18.7824	4	0	28.1539	1.0000	99	9	-9999.0000	24161	52927	-9999	1318	1287	-9999	583.2127	3	0.6780	0.6832	-0.0003	72.4394	2.6675	805.6298	324.1115	37.2454	747.7108	95.5787	796.8443	95.2315	805.2913	95.1620	809.8284	95.0694	
22/08/2017	00:54:36	019001	H375094857HLR	L375	S		743.3870	1.0311	0.0000	100.0226	39.6715	0.8230	0.8251	5.0000	18.2824	860.0560	94.9306	15.7919	26.7000	0.9300	0.9356	0.6782	0.0000	860.0000	858.3909	1.0285	-0.2205	100.0028	39.0432	0.8230	0.8185	5.0000	-9999.0000	-9999.0000	-9999.0000	-9999.0000	-9999.0000	-9999.0000	18.8616	5	0	28.0033	1.0000	99	9	-9999.0000	24162	52928	-9999	1319	1288	-9999	583.3653	3	0.6782	0.6868	-0.0005	78.6992	2.3126	805.9488	333.8508	35.4861	747.9805	95.8102	797.3889	95.1620	805.4215	95.0926	811.2140	95.0694	
22/08/2017	00:55:05	019001	H375094847HLR	L375	S		745.2247	1.0311	0.0000	100.0741	39.6687	0.8230	0.8258	5.0000	17.3518	860.0524	94.9537	16.7520	26.7000	0.9300	0.9356	0.6785	0.0000	860.0000	859.8699	1.0285	-0.3079	100.1292	39.0408	0.8230	0.8185	5.0000	-9999.0000	-9999.0000	-9999.0000	-9999.0000	-9999.0000	-9999.0000	18.9222	6	0	28.9830	1.0000	99	9	-9999.0000	24163	52929	-9999	1320	1289	-9999	583.5355	3	0.6785	0.6855	-0.0004	74.0185	2.5886	805.0940	318.8966	37.1759	748.6608	95.5556	797.1867	95.0926	804.6375	95.0926	808.8588	95.0694	
22/08/2017	00:55:38	019001	H375094942HLR	L375	S		742.4515	1.0311	0.0000	99.8978	39.6690	0.8230	0.8251	5.0000	18.3224	860.0658	94.9074	16.4717	26.7000	0.9300	0.9356	0.6785	0.0000	860.0000	860.3093	1.0285	-0.3339	99.8365	39.0538	0.8230	0.8185	5.0000	-9999.0000	-9999.0000	-9999.0000	-9999.0000	-9999.0000	-9999.0000	18.8323	7	0	33.0841	1.0000	99	9	-9999.0000	24164	52930	-9999	1321	1290	-9999	583.6014	3	0.6785	0.6855	-0.0004	74.0185	2.5886	804.0295	339.3555	38.5648	747.6111	95.3009	796.0970	95.3009	803.4114	95.1389	809.3212	95.0694	
22/08/2017	00:56:09	019001	H375094869HLR	L375	S		745.0251	1.0311	0.0000	99.9492	39.6827	0.8230	0.8255	5.0000	17.6818	860.0839	94.9074	15.9326	26.7000	0.9300	0.9357	0.6786	0.0000	860.0000	860.4351	1.0285	-0.3413	99.9666	39.0595	0.8230	0.8184	5.0000	-9999.0000	-9999.0000	-9999.0000	-9999.0000	-9999.0000	-9999.0000	18.9019	8	0	30.0436	1.0000	99	9	-9999.0000	24165	52931	-9999	1322	1291	-9999	583.7235	3	0.6786	0.6861	-0.0004	74.0191	2.5947	806.9980	314.3274	35.9722	749.5538	95.6250	799.2769	94.9074	806.5145	94.9074	811.0322	95.0231	
22/08/2017	00:56:37	019001	H375094860HLR	L375	S		742.7401	1.0311	0.0000	99.9568	39.6836	0.8230	0.8254	5.0000	17.7619	860.0864	94.9074	16.5625	26.7000	0.9300	0.9356	0.6787	0.0000	860.0000	860.1910	1.0285	-0.3269	99.9055	39.0507	0.8230	0.8183	5.0000	-9999.0000	-9999.0000	-9999.0000	-9999.0000	-9999.0000	-9999.0000	18.7719	1	0	28.5533	1.0000	99	9	-9999.0000	24166	52932	-9999	1323	1292	-9999	583.8280	3	0.6787	0.6874	-0.0005	76.3435	2.4489	804.5435	318.4630	36.8750	745.7335	95.6481	795.5638	95.2546	803.9401	95.1620	808.4666	95.0463	
22/08/2017	00:57:08	019001	H375094878HLR	L375	S		744.2280	1.0311	0.0000	99.9907	39.6643	0.8230	0.8248	5.0000	18.7425	860.0642	94.9306	16.7725	26.7000	0.9300	0.9356	0.6787	0.0000	860.0000	859.9008	1.0285	-0.3097	100.0047	39.0403	0.8230	0.8184	5.0000	-9999.0000	-9999.0000	-9999.0000	-9999.0000	-9999.0000	-9999.0000	18.7913	2	0	31.3143	1.0000	99	9	-9999.0000	24167	52933	-9999	1324	1293	-9999	583.8453	3	0.6787	0.6877	-0.0005	78.1259	2.3357	803.4069	316.7421	35.7639	746.3114	95.7407	796.0440	94.8843	803.0411	94.8611	807.8718	95.0000	
22/08/2017	00:57:38	019001	H375094855HLR	L375	S		733.7661	1.0311	0.0000	100.0209	39.6719	0.8230	0.8257	5.0000	17.5527	860.0573	94.9769	21.6022	26.7000	0.9300	0.9356	0.6788	0.0000	860.0000	861.9823	1.0285	-0.4328	99.8782	39.0518	0.8230	0.8184	5.0000	-9999.0000	-9999.0000	-9999.0000	-9999.0000	-9999.0000	-9999.0000	18.8801	3	0	30.0633	1.0000	99	9	-9999.0000	24168	52934	-9999	1325	1294	-9999	583.7732	3	0.6788	0.6920	-0.0008	78.3870	2.3202	789.5529	323.2093	37.2917	733.0042	95.5093	782.5580	94.9769	789.0548	94.9769	793.7716	95.0231	
22/08/2017	00:58:07	019001	H375094888HLR	L375	S		738.5250	1.0311	0.0000	100.0014	39.6892	0.8230	0.8253	5.0000	18.0616	860.1189	94.9769	17.8019	26.7000	0.9300	0.9355	0.6789	0.0000	860.0000	859.4426	1.0285	-0.2827	99.7589	39.0591	0.8230	0.8184	5.0000	-9999.0000	-9999.0000	-9999.0000	-9999.0000	-9999.0000	-9999.0000	18.7827	4	0	28.1234	1.0000	99	9	-9999.0000	24169	52935	-9999	1326	1295	-9999	583.9028	3	0.6789	0.6888	-0.0006	72.9566	2.6648	798.6488	325.5560	35.6019	742.9290	95.6944	791.3291	94.6759	798.0267	94.6065	802.8798	95.1852	
22/08/2017	00:58:38	019001	H375093810HLR	L375	S		735.5970	1.0311	0.0000	99.9409	39.6930	0.8230	0.8253	5.0000	17.7316	860.0809	94.9769	17.1026	26.7000	0.9300	0.9356	0.6788	0.0000	860.0000	858.8419	1.0285	-0.2472	100.0406	39.0491	0.8230	0.8184	5.0000	-9999.0000	-9999.0000	-9999.0000	-9999.0000	-9999.0000	-9999.0000	18.9621	5	0	31.6142	1.0000	99	9	-9999.0000	24170	52936	-9999	1327	1296	-9999	583.9589	3	0.6788	0.6851	-0.0004	91.1649	1.5176	802.0217	322.6912	37.4306	741.3369	95.6250	793.4481	95.3704	801.4171	95.2315	805.8764	95.1157	
22/08/2017	00:59:10	019001	H375093819HLR	L375	S		734.9725	1.0311	0.0000	99.9772	39.6873	0.8230	0.8258	5.0000	17.1612	860.0619	94.9537	19.0423	26.7000	0.9300	0.9355	0.6786	0.0000	860.0000	860.5586	1.0285	-0.3486	99.7939	39.0564	0.8230	0.8185	5.0000	-9999.0000	-9999.0000	-9999.0000	-9999.0000	-9999.0000	-9999.0000	18.8118	6	0	31.5135	1.0000	99	9	-9999.0000	24171	52937	-9999	1328	1297	-9999	583.8599	3	0.6786	0.6837	-0.0003	78.8503	2.2752	793.9562	323.7498	37.0833	735.6351	95.6250	785.1220	94.9074	793.2294	94.8843	799.0818	95.0000	
22/08/2017	00:59:40	019001	H375093735HLR	L375	S		735.6993	1.0311	0.0000	99.9567	39.6773	0.8230	0.8257	5.0000	17.3321	860.0499	95.0000	18.6126	26.7000	0.9300	0.9356	0.6786	0.0000	860.0000	860.2813	1.0285	-0.3322	99.8629	39.0657	0.8230	0.8184	5.0000	-9999.0000	-9999.0000	-9999.0000	-9999.0000	-9999.0000	-9999.0000	18.7023	7	0	30.6434	1.0000	99	9	-9999.0000	24172	52938	-9999	1329	1298	-9999	583.7029	3	0.6786	0.6831	-0.0003	77.9000	2.3349	795.2254	321.1522	36.8981	734.1604	95.7639	787.4835	94.9537	794.6290	94.9537	798.9779	95.0463	
22/08/2017	01:00:12	019001	H375092644HLR	L375	S		736.5498	1.0311	0.0000	99.9701	39.6819	0.8230	0.8257	5.0000	17.3321	860.0930	94.9306	15.8916	26.7000	0.9300	0.9355	0.6786	0.0000	860.0000	858.3045	1.0285	-0.2154	99.8755	39.0473	0.8230	0.8184	5.0000	-9999.0000	-9999.0000	-9999.0000	-9999.0000	-9999.0000	-9999.0000	18.8323	8	0	31.5340	1.0000	99	9	-9999.0000	24173	52939	-9999	1330	1299	-9999	583.7482	3	0.6786	0.6831	-0.0003	77.9000	2.3349	803.0012	323.8277	36.5509	742.3804	95.6944	795.0739	95.0231	802.3452	95.0000	807.8011	95.0463	
22/08/2017	01:00:43	019001	H375093814HLR	L375	S		734.3861	1.0311	0.0000	99.9321	39.6850	0.8230	0.8255	5.0000	17.6914	860.0459	94.9537	20.1421	26.7000	0.9300	0.9356	0.6788	0.0000	860.0000	861.7560	1.0285	-0.4194	99.8028	39.0450	0.8230	0.8184	5.0000	-9999.0000	-9999.0000	-9999.0000	-9999.0000	-9999.0000	-9999.0000	18.9525	1	0	31.0341	1.0000	99	9	-9999.0000	24174	52940	-9999	1331	1300	-9999	583.8702	3	0.6788	0.6833	-0.0003	76.0456	2.4886	794.9856	322.4525	34.7685	737.4282	96.0185	786.4304	95.1157	794.2353	95.1389	799.5683	95.0926	
22/08/2017	01:01:14	019001	H375093794HLR	L375	S		735.7576	1.0311	0.0000	100.0122	39.6790	0.8230	0.8256	5.0000	17.5217	860.0634	94.9537	19.2621	26.7000	0.9300	0.9355	0.6787	0.0000	860.0000	859.7871	1.0285	-0.3030	99.7998	39.0567	0.8230	0.8184	5.0000	-9999.0000	-9999.0000	-9999.0000	-9999.0000	-9999.0000	-9999.0000	18.7719	2	0	31.4734	1.0000	99	9	-9999.0000	24175	52941	-9999	1332	1301	-9999	583.8322	3	0.6787	0.6823	-0.0002	75.0451	2.5645	794.7811	320.0308	36.4583	737.8876	95.7870	788.5609	95.0926	794.2449	95.0694	799.8474	95.0926	
22/08/2017	01:01:46	019001	H375093789HLR	L375	S		736.1124	1.0311	0.0000	99.9946	39.6888	0.8230	0.8252	5.0000	17.9620	860.0583	94.9769	19.1527	26.7000	0.9300	0.9355	0.6788	0.0000	860.0000	860.2207	1.0285	-0.3286	100.0224	39.0524	0.8230	0.8184	5.0000	-9999.0000	-9999.0000	-9999.0000	-9999.0000	-9999.0000	-9999.0000	18.7826	3	0	31.7539	1.0000	99	9	-9999.0000	24176	52942	-9999	1333	1302	-9999	583.7483	3	0.6788	0.6841	-0.0003	83.8659	2.1115	795.3953	324.2546	35.7870	736.2469	95.7870	788.5627	94.9074	794.9553	94.8611	800.4584	95.0463	
22/08/2017	01:02:17	019001	H375093805HLR	L375	S		735.7001	1.0311	0.0000	99.9374	39.6899	0.8230	0.8254	5.0000	17.6720	860.0674	94.9537	19.3217	26.7000	0.9300	0.9355	0.6787	0.0000	860.0000	859.6396	1.0285	-0.2943	99.9770	39.0492	0.8230	0.8184	5.0000	-9999.0000	-9999.0000	-9999.0000	-9999.0000	-9999.0000	-9999.0000	18.8227	4	0	31.1847	1.0000	99	9	-9999.0000	24177	52943	-9999	1334	1303	-9999	583.8817	3	0.6787	0.6857	-0.0004	83.7690	2.1287	794.0546	333.8271	35.1389	738.6639	95.4630	786.8941	95.1620	793.5802	95.1157	798.4440	95.0926	
22/08/2017	01:02:42	019001	H375093779HLR	L375	S		734.6721	1.0311	0.0000	99.9865	39.6867	0.8230	0.8257	5.0000	17.2718	860.0548	94.9769	19.5024	26.7000	0.9300	0.9355	0.6788	0.0000	860.0000	860.0578	1.0285	-0.3190	99.8830	39.0490	0.8230	0.8184	5.0000	-9999.0000	-9999.0000	-9999.0000	-9999.0000	-9999.0000	-9999.0000	18.8226	5	0	25.0028	1.0000	99	9	-9999.0000	24178	52944	-9999	1335	1304	-9999	583.7965	3	0.6788	0.6869	-0.0004	90.7426	1.7689	793.3314	319.7159	34.3750	734.7417	95.5787	786.5096	94.9537	792.6617	94.9306	797.1474	95.0231	
22/08/2017	01:03:14	019001	H375093799HLR	L375	S		733.8489	1.0311	0.0000	100.0361	39.6882	0.8230	0.8257	5.0000	17.2815	860.0594	94.9769	19.2924	26.7000	0.9300	0.9355	0.6788	0.0000	860.0000	860.1078	1.0285	-0.3220	99.9532	39.0432	0.8230	0.8183	5.0000	-9999.0000	-9999.0000	-9999.0000	-9999.0000	-9999.0000	-9999.0000	18.9824	6	0	31.6032	1.0000	99	9	-9999.0000	24179	52945	-9999	1336	1305	-9999	583.8491	3	0.6788	0.6882	-0.0005	102.2144	1.1920	794.2514	333.4208	36.5278	739.1797	95.7407	787.0023	95.1157	793.7059	95.0926	798.8909	95.0694	
22/08/2017	01:03:44	019001	H375093793HLR	L375	S		734.5638	1.0311	0.0000	99.9580	39.6806	0.8230	0.8257	5.0000	17.1622	860.0551	94.9537	20.3130	26.8000	0.9300	0.9355	0.6788	0.0000	860.0000	860.9709	1.0285	-0.3730	99.7987	39.0454	0.8230	0.8185	5.0000	-9999.0000	-9999.0000	-9999.0000	-9999.0000	-9999.0000	-9999.0000	18.7827	7	0	30.1336	1.0000	99	9	-9999.0000	24180	52946	-9999	1337	1306	-9999	583.8516	3	0.6788	0.6889	-0.0005	102.8334	1.1523	793.0788	331.3178	38.1250	738.4029	95.4630	784.9832	95.3472	792.4001	95.2315	797.2752	95.0926	
22/08/2017	01:04:17	019001	H375093786HLR	L375	S		737.7564	1.0311	0.0000	99.9344	39.6776	0.8230	0.8250	5.0000	18.3117	860.0470	94.9537	18.9525	26.8000	0.9300	0.9355	0.6790	0.0000	860.0000	859.6716	1.0285	-0.2962	99.9390	39.0616	0.8230	0.8182	5.0000	-9999.0000	-9999.0000	-9999.0000	-9999.0000	-9999.0000	-9999.0000	19.0629	8	0	32.6143	1.0000	99	9	-9999.0000	24181	52947	-9999	1338	1307	-9999	583.8472	3	0.6790	0.6881	-0.0005	104.2139	1.0724	794.7681	318.3947	36.0417	738.2538	95.7176	787.3337	94.7685	794.2903	94.7222	799.0126	95.0694	
22/08/2017	01:05:23	019001	H375093783HLR	L375	S		732.6023	1.0311	0.0000	100.0243	39.7686	0.8230	0.8258	5.0000	17.1416	860.0453	94.9769	19.3617	26.9000	0.9300	0.9360	0.6787	0.0000	860.0000	858.8421	1.0285	-0.2472	100.0941	38.8947	0.8230	0.8180	5.0000	-9999.0000	-9999.0000	-9999.0000	-9999.0000	-9999.0000	-9999.0000	19.0424	2	0	32.9434	1.0000	99	9	-9999.0000	24183	52948	-9999	1340	1308	-9999	583.9410	3	0.6787	0.6872	-0.0004	104.1112	1.0934	794.4039	307.1825	36.0880	734.8179	96.0185	786.0703	95.6019	794.1760	95.3472	799.3739	95.0694	
22/08/2017	01:05:57	019001	H375095192HLR	L375	S		741.1210	1.0311	0.0000	99.9871	39.6840	0.8230	0.8251	5.0000	17.9719	860.0386	94.9537	18.6917	26.8000	0.9300	0.9356	0.6788	0.0000	860.0000	859.7033	1.0285	-0.2981	99.8753	39.0037	0.8230	0.8188	5.0000	-9999.0000	-9999.0000	-9999.0000	-9999.0000	-9999.0000	-9999.0000	18.7925	3	0	33.3947	1.0000	99	9	-9999.0000	24184	52949	-9999	1341	1309	-9999	583.7778	3	0.6788	0.6872	-0.0004	103.2771	1.1197	797.4459	324.9917	36.1806	741.3733	95.7407	790.2679	94.9769	796.9496	94.9074	802.2448	95.0231	
22/08/2017	01:06:31	019001	H375095196HLR	L375	S		732.1486	1.0311	0.0000	99.9465	39.6399	0.8230	0.8256	5.0000	17.2823	860.0473	94.9306	20.4126	26.8000	0.9300	0.9355	0.6788	0.0000	860.0000	860.5459	1.0285	-0.3479	99.9524	39.0617	0.8230	0.8186	5.0000	-9999.0000	-9999.0000	-9999.0000	-9999.0000	-9999.0000	-9999.0000	18.6519	4	0	34.6838	1.0000	99	9	-9999.0000	24185	52950	-9999	1342	1310	-9999	583.8424	3	0.6788	0.6872	-0.0004	103.2771	1.1197	790.7326	320.2970	36.0648	736.0521	95.7639	783.0750	95.1620	790.3936	95.1620	794.3448	95.0463	
22/08/2017	01:07:05	019001	H375095202HLR	L375	S		729.1573	1.0311	0.0000	99.9281	39.6730	0.8230	0.8259	5.0000	17.1318	860.0529	94.9537	22.1228	26.8000	0.9300	0.9355	0.6789	0.0000	860.0000	860.4285	1.0285	-0.3409	99.9990	39.0345	0.8230	0.8184	5.0000	-9999.0000	-9999.0000	-9999.0000	-9999.0000	-9999.0000	-9999.0000	18.7122	5	0	33.3839	1.0000	99	9	-9999.0000	24186	52951	-9999	1343	1311	-9999	583.8415	3	0.6789	0.6876	-0.0005	102.2106	1.1797	783.4533	325.7645	38.0556	732.2708	95.4861	777.5452	95.0000	783.1208	94.9537	789.0361	95.0000	
22/08/2017	01:07:40	019001	H375095216HLR	L375	S		730.3177	1.0311	0.0000	99.9325	39.6930	0.8230	0.8256	5.0000	17.4317	860.0481	94.9306	20.7320	26.8000	0.9300	0.9354	0.6788	0.0000	860.0000	859.9536	1.0285	-0.3129	99.8120	39.0124	0.8230	0.8183	5.0000	-9999.0000	-9999.0000	-9999.0000	-9999.0000	-9999.0000	-9999.0000	18.8225	6	0	35.1742	1.0000	99	9	-9999.0000	24187	52952	-9999	1344	1312	-9999	583.9743	3	0.6788	0.6939	-0.0008	57.5591	3.4592	787.0676	326.4294	37.5926	734.1461	95.3241	780.1556	94.5833	786.5111	94.5370	791.8738	95.2083	
22/08/2017	01:08:15	019001	H375095235HLR	L375	S		725.7402	1.0311	0.0000	99.9629	39.6892	0.8230	0.8252	5.0000	17.8918	860.0551	94.9306	21.9226	26.8000	0.9300	0.9354	0.6789	0.0000	860.0000	859.1664	1.0285	-0.2663	100.0738	39.0213	0.8230	0.8185	5.0000	-9999.0000	-9999.0000	-9999.0000	-9999.0000	-9999.0000	-9999.0000	18.6829	7	0	35.5942	1.0000	99	9	-9999.0000	24188	52953	-9999	1345	1313	-9999	583.8932	3	0.6789	0.6883	-0.0005	55.6829	3.5552	785.8041	318.7896	36.0648	727.6488	95.8565	778.0767	95.0463	785.3946	95.0000	790.2820	95.0694	
22/08/2017	01:08:51	019001	H375095144HLR	L375	S		724.9201	1.0311	0.0000	99.9674	39.6851	0.8230	0.8256	5.0000	17.2923	860.0828	95.0000	22.4524	26.8000	0.9300	0.9354	0.6789	0.0000	860.0000	859.8199	1.0285	-0.3050	99.8196	39.0189	0.8230	0.8183	5.0000	-9999.0000	-9999.0000	-9999.0000	-9999.0000	-9999.0000	-9999.0000	18.9017	8	0	36.0346	1.0000	99	9	-9999.0000	24189	52954	-9999	1346	1314	-9999	583.9819	3	0.6789	0.6833	-0.0002	69.7473	2.8227	782.6183	335.9915	38.1944	731.9070	95.3472	775.2077	94.8380	782.0658	94.7685	787.1371	95.0463	
22/08/2017	01:09:23	019001	H375093781HLR	L375	S		731.2736	1.0311	0.0000	99.9889	39.6883	0.8230	0.8257	5.0000	17.0919	860.0982	94.9074	21.8825	26.8000	0.9300	0.9355	0.6789	0.0000	860.0000	861.8199	1.0285	-0.4232	100.0220	39.0158	0.8230	0.8184	5.0000	-9999.0000	-9999.0000	-9999.0000	-9999.0000	-9999.0000	-9999.0000	18.7039	1	0	31.8242	1.0000	99	9	-9999.0000	24190	52955	-9999	1347	1315	-9999	583.9567	3	0.6789	0.6826	-0.0002	66.0985	3.0117	787.9434	317.8281	36.8750	730.5674	95.7176	780.5275	94.8843	787.4510	94.7917	792.9231	95.0463	
22/08/2017	01:09:56	019001	H375095228HLR	L375	S		722.0266	1.0311	0.0000	99.9416	39.6883	0.8230	0.8254	5.0000	17.6221	860.0636	94.9769	22.9823	26.8000	0.9300	0.9354	0.6790	0.0000	860.0000	859.2544	1.0285	-0.2715	100.0481	39.0141	0.8230	0.8184	5.0000	-9999.0000	-9999.0000	-9999.0000	-9999.0000	-9999.0000	-9999.0000	18.6933	2	0	32.3935	1.0000	99	9	-9999.0000	24191	52956	-9999	1348	1316	-9999	583.9629	3	0.6790	0.6807	-0.0001	61.7441	3.2342	779.3397	327.1276	37.8009	727.5265	95.6481	772.4772	95.0694	778.7996	94.9537	783.7847	95.0463	
22/08/2017	01:10:25	019001	H375095218HLR	L375	S		718.8227	1.0311	0.0000	99.9444	39.6835	0.8230	0.8257	5.0000	17.2314	860.0499	94.9074	24.1230	26.8000	0.9300	0.9354	0.6790	0.0000	860.0000	860.1556	1.0285	-0.3248	100.0159	38.9857	0.8230	0.8180	5.0000	-9999.0000	-9999.0000	-9999.0000	-9999.0000	-9999.0000	-9999.0000	20.2925	3	0	29.7342	1.0000	99	9	-9999.0000	24192	52957	-9999	1349	1317	-9999	583.9721	3	0.6790	0.6793	-0.0000	59.1228	3.3608	776.1206	316.6513	37.0602	719.9282	95.9028	769.2537	95.1620	775.9642	95.0694	780.2900	95.0694	
22/08/2017	01:10:56	019001	H375095212HLR	L375	S		719.7446	1.0311	0.0000	100.0394	39.6914	0.8230	0.8255	5.0000	17.4025	860.0518	94.9306	23.8330	26.8000	0.9300	0.9354	0.6789	0.0000	860.0000	860.2465	1.0285	-0.3302	100.0100	39.0529	0.8230	0.8186	5.0000	-9999.0000	-9999.0000	-9999.0000	-9999.0000	-9999.0000	-9999.0000	18.7129	4	0	30.5328	1.0000	99	9	-9999.0000	24193	52958	-9999	1350	1318	-9999	584.0294	3	0.6789	0.6814	-0.0001	57.6754	3.4098	778.1959	324.6692	36.2037	728.8069	95.9722	771.8348	95.0463	777.4847	94.9306	782.7873	95.0000	
22/08/2017	01:11:25	019001	H375095222HLR	L375	S		730.6583	1.0311	0.0000	99.9664	39.6804	0.8230	0.8252	5.0000	18.1623	860.0412	94.9537	20.3521	26.8000	0.9300	0.9354	0.6790	0.0000	860.0000	592.2636	1.0285	1.6429	100.0925	38.9871	0.8230	0.8182	5.0000	-9999.0000	-9999.0000	-9999.0000	-9999.0000	-9999.0000	-9999.0000	21.8424	5	1	29.2936	1.0000	99	9	-9999.0000	24194	52959	-9999	1351	1319	-9999	583.9024	3	0.6790	0.6799	-0.0000	56.9862	3.4580	789.4434	332.8010	37.9861	737.0621	95.5787	783.3746	95.0000	788.9859	94.8611	794.1078	95.0231	
22/08/2017	01:11:56	019001	H375095215HLR	L375	S		729.8807	1.0311	0.0000	99.9509	39.6899	0.8230	0.8256	5.0000	17.2423	860.0582	94.9537	20.1919	26.8000	0.9300	0.9355	0.6790	0.0000	860.0000	859.8272	1.0285	-0.3054	100.0345	39.0885	0.8230	0.8186	5.0000	-9999.0000	-9999.0000	-9999.0000	-9999.0000	-9999.0000	-9999.0000	18.6225	6	0	30.7537	1.0000	99	9	-9999.0000	24195	52960	-9999	1352	1320	-9999	584.0417	3	0.6790	0.6799	-0.0000	62.8143	3.2081	790.3426	328.8595	37.6389	738.1099	95.5787	783.2698	95.0231	789.7638	94.9537	794.1879	95.0463	
22/08/2017	01:12:25	019001	H375094907HLR	L375	S		736.8233	1.0311	0.0000	99.9785	39.6899	0.8230	0.8256	5.0000	17.3321	860.0575	94.9769	18.2522	26.9000	0.9300	0.9355	0.6789	0.0000	860.0000	859.6242	1.0285	-0.2934	100.0096	39.0529	0.8230	0.8183	5.0000	-9999.0000	-9999.0000	-9999.0000	-9999.0000	-9999.0000	-9999.0000	18.9016	7	0	29.4538	1.0000	99	9	-9999.0000	24196	52961	-9999	1353	1321	-9999	584.0343	3	0.6789	0.6782	0.0000	45.5765	3.9717	798.1216	335.8182	37.9630	744.3101	95.5556	789.1550	95.3935	797.5467	95.3241	802.3289	95.1389	
22/08/2017	01:12:57	019001	H375094911HLR	L375	S		736.1318	1.0311	0.0000	99.9223	39.6849	0.8230	0.8253	5.0000	17.7922	860.0368	94.9769	18.3225	26.9000	0.9300	0.9356	0.6789	0.0000	860.0000	859.5624	1.0285	-0.2897	100.0669	39.0390	0.8230	0.8183	5.0000	-9999.0000	-9999.0000	-9999.0000	-9999.0000	-9999.0000	-9999.0000	18.8520	8	0	32.0439	1.0000	99	9	-9999.0000	24197	52962	-9999	1354	1322	-9999	583.9159	3	0.6789	0.6782	0.0000	45.5765	3.9717	798.0058	332.4431	36.8519	742.7655	95.6019	789.9529	95.2083	797.3401	95.1620	802.7849	95.1157	
22/08/2017	01:13:28	019001	H375094916HLR	L375	S		737.9024	1.0311	0.0000	100.0120	39.6736	0.8230	0.8258	5.0000	17.1428	860.0775	94.9769	17.8225	26.9000	0.9300	0.9355	0.6793	0.0000	860.0000	859.0202	1.0285	-0.2577	99.9309	39.0431	0.8230	0.8184	5.0000	-9999.0000	-9999.0000	-9999.0000	-9999.0000	-9999.0000	-9999.0000	19.0122	1	0	30.6638	1.0000	99	9	-9999.0000	24198	52963	-9999	1355	1323	-9999	584.2509	3	0.6793	0.6799	-0.0000	50.1553	3.7724	799.5130	329.5851	37.7083	745.6601	95.5556	792.9015	95.0231	799.1896	94.9769	803.6372	95.0694	
22/08/2017	01:14:01	019001	H375094920HLR	L375	S		733.9735	1.0311	0.0000	99.9973	39.6866	0.8230	0.8254	5.0000	17.6321	860.0602	94.9537	18.5716	26.9000	0.9300	0.9355	0.6794	0.0000	860.0000	858.9427	1.0285	-0.2531	100.1141	39.0559	0.8230	0.8184	5.0000	-9999.0000	-9999.0000	-9999.0000	-9999.0000	-9999.0000	-9999.0000	18.7925	2	0	32.5636	1.0000	99	9	-9999.0000	24199	52964	-9999	1356	1324	-9999	584.3197	3	0.6794	0.6804	-0.0001	66.0037	3.0958	794.4419	323.7355	36.0185	739.9055	95.6944	786.6409	94.8611	793.9104	94.8611	798.8933	95.0694	
22/08/2017	01:14:32	019001	H375094898HLR	L375	S		736.5776	1.0311	0.0000	99.9958	39.6821	0.8230	0.8257	5.0000	17.3118	860.0575	94.9769	17.9826	26.9000	0.9300	0.9355	0.6794	0.0000	860.0000	859.4918	1.0285	-0.2856	99.9153	39.0478	0.8230	0.8184	5.0000	-9999.0000	-9999.0000	-9999.0000	-9999.0000	-9999.0000	-9999.0000	18.7728	3	0	31.6349	1.0000	99	9	-9999.0000	24200	52965	-9999	1357	1325	-9999	584.3864	3	0.6794	0.6804	-0.0001	67.7389	3.0244	797.7250	312.1102	35.2315	735.1943	96.1343	789.3854	95.1157	797.1398	95.1620	802.9548	95.1157	
22/08/2017	01:15:04	019001	H375094927HLR	L375	S		732.4376	1.0311	0.0000	99.9632	39.6866	0.8230	0.8256	5.0000	17.3721	860.0411	94.9537	19.8022	26.9000	0.9300	0.9355	0.6795	0.0000	860.0000	859.5079	1.0285	-0.2865	99.9688	39.0398	0.8230	0.8183	5.0000	-9999.0000	-9999.0000	-9999.0000	-9999.0000	-9999.0000	-9999.0000	19.1722	4	0	31.8034	1.0000	99	9	-9999.0000	24201	52966	-9999	1357	1326	-9999	584.3946	3	0.6795	0.6807	-0.0001	66.4886	3.0907	790.0869	309.8630	36.4815	732.0964	95.7639	782.5374	94.8611	789.7188	94.8843	793.9173	95.0231	
22/08/2017	01:15:35	019001	H375094930HLR	L375	S		733.2997	1.0311	0.0000	100.0266	39.6775	0.8230	0.8258	5.0000	17.2316	860.0582	94.9537	19.1517	26.9000	0.9300	0.9355	0.6796	0.0000	860.0000	860.0779	1.0285	-0.3202	99.9923	39.0490	0.8230	0.8184	5.0000	-9999.0000	-9999.0000	-9999.0000	-9999.0000	-9999.0000	-9999.0000	18.8120	5	0	31.3740	1.0000	99	9	-9999.0000	24202	52967	-9999	1358	1327	-9999	584.4601	3	0.6796	0.6823	-0.0001	66.8128	3.0883	793.3790	309.1521	36.1574	736.3141	95.9028	786.1700	95.0694	792.8239	95.0463	797.4842	95.0694	
22/08/2017	01:16:08	019001	H375094914HLR	L375	S		729.7986	1.0311	0.0000	99.9839	39.6840	0.8230	0.8257	5.0000	17.1719	860.0553	94.9306	20.3726	26.9000	0.9300	0.9354	0.6799	0.0000	860.0000	859.7425	1.0285	-0.3004	99.9997	39.0516	0.8230	0.8184	5.0000	-9999.0000	-9999.0000	-9999.0000	-9999.0000	-9999.0000	-9999.0000	18.7622	6	0	32.8935	1.0000	99	9	-9999.0000	24203	52968	-9999	1359	1328	-9999	584.5517	3	0.6799	0.6822	-0.0001	67.3832	3.0637	788.9983	325.1286	36.4815	734.5360	95.8565	781.3163	95.0694	788.4143	95.0926	793.4404	95.0694	
22/08/2017	01:16:39	019001	H375094924HLR	L375	S		734.4647	1.0311	0.0000	100.0278	39.6819	0.8230	0.8255	5.0000	17.5420	860.0558	94.9306	20.1128	26.9000	0.9300	0.9355	0.6799	0.0000	860.0000	862.3379	1.0285	-0.4538	99.9474	39.0515	0.8230	0.8184	5.0000	-9999.0000	-9999.0000	-9999.0000	-9999.0000	-9999.0000	-9999.0000	18.7326	7	0	30.3336	1.0000	99	9	-9999.0000	24204	52969	-9999	1360	1329	-9999	584.7743	3	0.6799	0.6827	-0.0002	66.5630	3.1025	795.0772	318.6777	36.5278	737.3827	95.8796	785.8931	95.3704	794.5365	95.2778	799.5591	95.1157	
22/08/2017	01:17:09	019001	H375094939HLR	L375	S		731.9406	1.0311	0.0000	99.9157	39.6840	0.8230	0.8254	5.0000	17.7023	860.0882	94.9769	19.5424	26.9000	0.9300	0.9354	0.6800	0.0000	860.0000	860.3785	1.0285	-0.3380	100.0396	39.0480	0.8230	0.8183	5.0000	-9999.0000	-9999.0000	-9999.0000	-9999.0000	-9999.0000	-9999.0000	18.9624	8	0	30.1931	1.0000	99	9	-9999.0000	24205	52970	-9999	1361	1330	-9999	584.8406	3	0.6800	0.6827	-0.0002	66.5375	3.1091	792.5647	311.5729	37.3148	735.6558	95.5324	785.0237	94.9306	791.9577	94.9306	796.0736	95.0231	
22/08/2017	01:17:40	019001	H375094867HLR	L375	S		733.3870	1.0311	0.0000	99.9392	39.6866	0.8230	0.8257	5.0000	17.2325	860.0582	94.9537	19.9331	26.9000	0.9300	0.9354	0.6801	0.0000	860.0000	860.8007	1.0285	-0.3629	100.0039	39.0539	0.8230	0.8184	5.0000	-9999.0000	-9999.0000	-9999.0000	-9999.0000	-9999.0000	-9999.0000	18.7440	1	0	31.2138	1.0000	99	9	-9999.0000	24206	52971	-9999	1362	1331	-9999	584.8754	3	0.6801	0.6811	-0.0001	64.4986	3.2182	792.0685	323.5000	35.9491	737.0380	95.8796	783.9706	95.1620	791.4662	95.1620	796.6814	95.0926	
22/08/2017	01:18:11	019001	H375094858HLR	L375	S		731.0313	1.0311	0.0000	99.9717	39.6883	0.8230	0.8256	5.0000	17.2618	860.0487	94.9306	20.6422	26.9000	0.9300	0.9354	0.6796	0.0000	860.0000	860.8923	1.0285	-0.3683	100.0359	39.0615	0.8230	0.8184	5.0000	-9999.0000	-9999.0000	-9999.0000	-9999.0000	-9999.0000	-9999.0000	18.8323	2	0	30.5241	1.0000	99	9	-9999.0000	24207	52972	-9999	1363	1332	-9999	584.9581	3	0.6796	0.6836	-0.0002	67.3377	3.0623	788.1320	324.1675	38.4491	734.8698	95.4398	780.2855	95.1620	787.5151	95.1389	793.0610	95.0694	
22/08/2017	01:18:42	019001	H375094852HLR	L375	S		734.5170	1.0311	0.0000	100.0064	39.6705	0.8230	0.8249	5.0000	18.4826	860.0480	94.9769	18.8324	26.9000	0.9300	0.9354	0.6796	0.0000	860.0000	859.9678	1.0285	-0.3137	99.8690	39.0587	0.8230	0.8183	5.0000	-9999.0000	-9999.0000	-9999.0000	-9999.0000	-9999.0000	-9999.0000	18.9018	3	0	30.9940	1.0000	99	9	-9999.0000	24208	52973	-9999	1364	1333	-9999	584.5287	3	0.6796	0.6801	-0.0000	68.1468	3.0218	794.2753	316.7841	35.7639	739.1263	95.7407	787.2644	94.8148	793.7790	94.8611	798.8320	95.0463	
22/08/2017	01:19:12	019001	H375094848HLR	L375	S		737.1878	1.0311	0.0000	100.0468	39.6866	0.8230	0.8256	5.0000	17.2823	860.0632	94.9537	17.9226	26.9000	0.9300	0.9354	0.6796	0.0000	860.0000	859.9773	1.0285	-0.3143	99.9555	39.0579	0.8230	0.8184	5.0000	-9999.0000	-9999.0000	-9999.0000	-9999.0000	-9999.0000	-9999.0000	18.7926	4	0	30.3339	1.0000	99	9	-9999.0000	24209	52974	-9999	1365	1334	-9999	584.5903	3	0.6796	0.6816	-0.0001	71.3733	2.8508	797.7597	328.2970	37.8472	742.4011	95.4630	789.9194	94.8843	797.0581	94.8611	801.9094	95.0463	
22/08/2017	01:19:41	019001	H375094943HLR	L375	S		733.2049	1.0311	0.0000	99.9857	39.6931	0.8230	0.8256	5.0000	17.3419	860.0340	94.9769	19.7221	26.9000	0.9300	0.9355	0.6797	0.0000	860.0000	860.3104	1.0285	-0.3339	99.9199	39.0567	0.8230	0.8183	5.0000	-9999.0000	-9999.0000	-9999.0000	-9999.0000	-9999.0000	-9999.0000	18.8518	5	0	29.1030	1.0000	99	9	-9999.0000	24210	52975	-9999	1366	1335	-9999	584.5436	3	0.6797	0.6832	-0.0002	73.1885	2.7563	791.8896	314.1907	37.2454	735.3124	95.6019	784.6288	95.0231	791.2410	95.0231	796.4367	95.0694	
22/08/2017	01:20:11	019001	H375094861HLR	L375	S		730.8515	1.0311	0.0000	99.9553	39.6850	0.8230	0.8257	5.0000	17.2314	860.0548	94.9537	18.3323	26.9000	0.9300	0.9355	0.6796	0.0000	860.0000	858.7794	1.0285	-0.2435	99.9928	39.0612	0.8230	0.8184	5.0000	-9999.0000	-9999.0000	-9999.0000	-9999.0000	-9999.0000	-9999.0000	18.6723	6	0	29.8336	1.0000	99	9	-9999.0000	24211	52976	-9999	1367	1336	-9999	584.5942	3	0.6796	0.6824	-0.0001	79.1863	2.4559	798.3436	328.0464	35.8796	743.7521	95.8796	791.2773	95.2083	798.0072	95.1852	802.7274	95.1157	
22/08/2017	01:20:41	019001	H375094870HLR	L375	S		733.9936	1.0311	0.0000	100.0336	39.6707	0.8230	0.8249	5.0000	18.5120	860.0300	94.9537	19.5219	26.9000	0.9300	0.9354	0.6796	0.0000	860.0000	860.9458	1.0285	-0.3715	99.9682	39.0640	0.8230	0.8185	5.0000	-9999.0000	-9999.0000	-9999.0000	-9999.0000	-9999.0000	-9999.0000	18.6517	7	0	29.8739	1.0000	99	9	-9999.0000	24212	52977	-9999	1368	1337	-9999	584.5263	3	0.6796	0.6810	-0.0001	77.2130	2.5540	794.1863	316.3515	35.8565	737.2247	95.7176	786.5388	94.9537	793.6142	94.9537	798.4955	95.0231	
22/08/2017	01:21:12	019001	H375094879HLR	L375	S		737.7779	1.0311	0.0000	99.9321	39.6731	0.8230	0.8250	5.0000	18.5024	860.0447	94.9769	18.1223	26.9000	0.9300	0.9354	0.6795	0.0000	860.0000	858.9178	1.0285	-0.2516	99.8898	39.0643	0.8230	0.8184	5.0000	-9999.0000	-9999.0000	-9999.0000	-9999.0000	-9999.0000	-9999.0000	18.8929	8	0	31.0741	1.0000	99	9	-9999.0000	24213	52978	-9999	1369	1338	-9999	584.5080	3	0.6795	0.6806	-0.0000	78.7459	2.4732	798.9921	320.8546	37.4537	747.4230	95.4861	791.3067	94.9074	798.2602	94.9074	803.6488	95.0926	
22/08/2017	01:21:42	019001	H375094856HLR	L375	S		737.4921	1.0311	0.0000	100.0276	39.7045	0.8230	0.8258	5.0000	17.1719	860.0521	94.9769	17.5920	26.9000	0.9300	0.9354	0.6796	0.0000	860.0000	859.0184	1.0285	-0.2576	100.1643	39.0638	0.8230	0.8184	5.0000	-9999.0000	-9999.0000	-9999.0000	-9999.0000	-9999.0000	-9999.0000	18.8420	1	0	30.1930	1.0000	99	9	-9999.0000	24214	52979	-9999	1370	1339	-9999	584.4795	3	0.6796	0.6810	-0.0001	78.7579	2.4789	798.9601	323.2438	37.5000	746.0705	95.3935	792.3176	95.0000	798.3050	94.9769	803.7957	95.0694	
22/08/2017	01:22:13	019001	H375094889HLR	L375	S		737.5940	1.0311	0.0000	100.0577	39.7025	0.8230	0.8255	5.0000	17.4025	860.0745	94.9537	17.6115	26.9000	0.9300	0.9354	0.6795	0.0000	860.0000	859.0534	1.0285	-0.2597	99.9446	39.0623	0.8230	0.8184	5.0000	-9999.0000	-9999.0000	-9999.0000	-9999.0000	-9999.0000	-9999.0000	18.7621	2	0	30.9735	1.0000	99	9	-9999.0000	24215	52980	-9999	1371	1340	-9999	584.5715	3	0.6795	0.6812	-0.0001	77.1691	2.5537	798.9806	323.0480	38.4028	745.1964	95.3935	790.4824	95.1620	798.4796	95.1389	803.7866	95.0926	
22/08/2017	01:22:43	019001	H375094874HLR	L375	S		734.9035	1.0311	0.0000	99.9954	39.6783	0.8230	0.8251	5.0000	17.9913	860.0637	94.9537	18.4231	26.9000	0.9300	0.9354	0.6796	0.0000	860.0000	859.1088	1.0285	-0.2629	99.9920	39.0600	0.8230	0.8184	5.0000	-9999.0000	-9999.0000	-9999.0000	-9999.0000	-9999.0000	-9999.0000	18.8314	3	0	30.2936	1.0000	99	9	-9999.0000	24216	52980	-9999	1372	1341	-9999	584.4872	3	0.6796	0.6894	-0.0005	79.4655	2.4283	797.0803	326.2697	38.7500	741.9116	95.2778	788.4859	95.1157	796.5507	95.0926	801.2539	95.0694	
22/08/2017	01:23:20	019001	H375094893HLR	L375	S		735.5260	1.0311	0.0000	100.0079	39.6792	0.8230	0.8256	5.0000	17.5021	860.0479	94.9769	18.7923	26.9000	0.9300	0.9354	0.6798	0.0000	860.0000	859.6041	1.0285	-0.2922	100.0136	39.0647	0.8230	0.8184	5.0000	-9999.0000	-9999.0000	-9999.0000	-9999.0000	-9999.0000	-9999.0000	18.7425	4	0	36.3443	1.0000	99	9	-9999.0000	24217	52981	-9999	1373	1342	-9999	584.5309	3	0.6798	0.6872	-0.0004	75.3178	2.6414	795.9416	325.1536	37.4074	743.7450	95.5556	788.8857	95.0463	795.4316	95.0000	801.1562	95.0463	
22/08/2017	01:23:54	019001	H375094882HLR	L375	S		726.2859	1.0311	0.0000	100.0378	39.6883	0.8230	0.8256	5.0000	17.4730	860.0580	94.9537	18.7025	26.9000	0.9300	0.9354	0.6799	0.0000	860.0000	859.8053	1.0285	-0.3041	100.0695	39.0608	0.8230	0.8186	5.0000	-9999.0000	-9999.0000	-9999.0000	-9999.0000	-9999.0000	-9999.0000	18.8314	5	0	34.7845	1.0000	99	9	-9999.0000	24218	52982	-9999	1374	1343	-9999	584.7303	3	0.6799	0.6877	-0.0004	75.1497	2.6444	795.1533	324.1563	36.1111	744.1614	95.8102	788.0819	95.0694	794.6103	95.0694	800.0864	95.0694	
22/08/2017	01:24:29	019001	H375095142HLR	L375	S		733.1803	1.0311	0.0000	99.9847	39.6679	0.8230	0.8246	5.0000	19.1420	860.0507	94.9537	18.7728	26.9000	0.9300	0.9354	0.6800	0.0000	860.0000	859.9007	1.0285	-0.3097	99.8642	39.0502	0.8230	0.8182	5.0000	-9999.0000	-9999.0000	-9999.0000	-9999.0000	-9999.0000	-9999.0000	18.7825	6	0	34.7942	1.0000	99	9	-9999.0000	24219	52983	-9999	1375	1344	-9999	584.7799	3	0.6800	0.6880	-0.0004	74.5002	2.6842	793.9772	318.7094	38.6806	741.4018	95.2315	786.8627	95.0231	793.3056	95.0000	798.6650	95.0231	
22/08/2017	01:25:04	019001	H375095153HLR	L375	S		735.0841	1.0311	0.0000	99.9935	39.6833	0.8230	0.8258	5.0000	17.2013	860.0724	94.9537	18.7923	26.9000	0.9300	0.9354	0.6800	0.0000	860.0000	859.3212	1.0285	-0.2755	99.9393	39.0401	0.8230	0.8184	5.0000	-9999.0000	-9999.0000	-9999.0000	-9999.0000	-9999.0000	-9999.0000	18.6927	7	0	34.7845	1.0000	99	9	-9999.0000	24220	52984	-9999	1376	1345	-9999	584.8864	3	0.6800	0.6906	-0.0006	74.4896	2.6793	794.3476	319.4610	36.4120	740.9096	95.6481	786.2189	95.1389	793.6251	95.1620	798.9633	95.0926	
22/08/2017	01:25:39	019001	H375093809HLR	L375	S		730.4708	1.0311	0.0000	99.9913	39.6946	0.8230	0.8257	5.0000	17.2715	860.0601	94.9306	24.1133	26.9000	0.9300	0.9354	0.6801	0.0000	860.0000	864.9235	1.0285	-0.6066	100.0581	39.0406	0.8230	0.8183	5.0000	-9999.0000	-9999.0000	-9999.0000	-9999.0000	-9999.0000	-9999.0000	18.7219	8	0	34.8041	1.0000	99	9	-9999.0000	24221	52985	-9999	1377	1346	-9999	584.9125	3	0.6801	0.6898	-0.0005	75.0849	2.6429	784.4295	321.6839	38.3333	731.2652	95.3472	777.0041	94.9306	783.8142	94.9769	788.8282	95.0463	
22/08/2017	01:26:11	019001	H375093817HLR	L375	S		733.1337	1.0311	0.0000	99.9696	39.6899	0.8230	0.8255	5.0000	17.5020	860.0507	94.9306	23.2733	26.9000	0.9300	0.9354	0.6801	0.0000	860.0000	864.1540	1.0285	-0.5611	99.9336	39.0389	0.8230	0.8183	5.0000	-9999.0000	-9999.0000	-9999.0000	-9999.0000	-9999.0000	-9999.0000	18.9329	1	0	32.1836	1.0000	99	9	-9999.0000	24222	52986	-9999	1378	1347	-9999	584.9409	3	0.6801	0.6897	-0.0005	70.7112	2.8783	787.7552	323.0305	37.3380	736.3892	95.5324	779.8712	95.2083	787.3186	95.0463	791.6623	95.0694	
22/08/2017	01:26:44	019001	H375093751HLR	L375	S		736.5746	1.0311	0.0000	99.9694	39.6963	0.8230	0.8255	5.0000	17.2619	860.0564	94.9769	22.5633	26.9000	0.9300	0.9354	0.6802	0.0000	860.0000	863.8886	1.0285	-0.5454	100.0314	39.0370	0.8230	0.8183	5.0000	-9999.0000	-9999.0000	-9999.0000	-9999.0000	-9999.0000	-9999.0000	18.9019	2	0	33.2538	1.0000	99	9	-9999.0000	24223	52987	-9999	1379	1348	-9999	584.9632	3	0.6802	0.6854	-0.0003	69.1045	2.9719	787.4374	321.7265	36.2963	735.5935	95.6250	782.0906	94.7454	786.9584	94.6991	791.8157	95.1157	
22/08/2017	01:27:18	019001	H375092645HLR	L375	S		731.3096	1.0311	0.0000	99.9438	39.6915	0.8230	0.8256	5.0000	17.2013	860.0532	94.9769	23.2831	26.9000	0.9300	0.9354	0.6798	0.0000	860.0000	864.3161	1.0285	-0.5707	99.9028	39.0436	0.8230	0.8183	5.0000	-9999.0000	-9999.0000	-9999.0000	-9999.0000	-9999.0000	-9999.0000	18.9525	3	0	33.9640	1.0000	99	9	-9999.0000	24224	52988	-9999	1380	1349	-9999	585.0601	3	0.6798	0.6927	-0.0007	86.4732	2.0170	786.7250	309.8559	35.0694	733.9049	95.3472	780.0859	94.8380	785.9349	94.7454	790.8713	95.1157	
22/08/2017	01:27:51	019001	H375093813HLR	L375	S		731.4745	1.0311	0.0000	100.0056	39.6883	0.8230	0.8256	5.0000	17.0616	860.0567	94.9074	22.5525	26.9000	0.9300	0.9353	0.6796	0.0000	860.0000	863.0916	1.0285	-0.4983	99.9374	39.0508	0.8230	0.8184	5.0000	-9999.0000	-9999.0000	-9999.0000	-9999.0000	-9999.0000	-9999.0000	18.7026	4	0	32.7247	1.0000	99	9	-9999.0000	24225	52989	-9999	1381	1350	-9999	584.7251	3	0.6796	0.6933	-0.0007	89.5359	1.8360	787.7052	321.6148	37.8935	734.4891	95.3935	780.4169	95.0463	787.2946	94.9537	791.6211	95.0926	
22/08/2017	01:28:23	019001	H375093795HLR	L375	S		742.4069	1.0311	0.0000	99.9704	39.6898	0.8230	0.8255	5.0000	17.1719	860.0629	94.9306	20.6822	26.9000	0.9300	0.9354	0.6793	0.0000	860.0000	864.5112	1.0285	-0.5822	100.0348	39.0357	0.8230	0.8183	5.0000	-9999.0000	-9999.0000	-9999.0000	-9999.0000	-9999.0000	-9999.0000	18.8323	5	0	31.6435	1.0000	99	9	-9999.0000	24226	52990	-9999	1382	1351	-9999	584.5675	3	0.6793	0.6934	-0.0007	92.6112	1.6806	795.3437	320.2339	35.6713	740.5010	95.2315	788.5204	94.8148	794.7068	94.7685	799.6915	95.0926	
22/08/2017	01:28:57	019001	H375093788HLR	L375	S		735.7366	1.0311	0.0000	99.9969	39.6898	0.8230	0.8254	5.0000	17.3819	860.0511	94.9306	21.0328	26.9000	0.9300	0.9354	0.6790	0.0000	860.0000	861.8506	1.0285	-0.4250	100.0078	39.0380	0.8230	0.8184	5.0000	-9999.0000	-9999.0000	-9999.0000	-9999.0000	-9999.0000	-9999.0000	18.8225	6	0	34.3536	1.0000	99	9	-9999.0000	24227	52990	-9999	1383	1352	-9999	584.2684	3	0.6790	0.6933	-0.0007	93.4973	1.6467	793.4696	322.8639	36.0880	740.4815	95.2315	786.1514	95.0000	792.9071	95.0000	796.4851	95.0694	
22/08/2017	01:29:28	019001	H375093804HLR	L375	S		735.0629	1.0311	0.0000	100.0037	39.6883	0.8230	0.8255	5.0000	17.3116	860.0434	94.9306	22.4422	26.9000	0.9300	0.9354	0.6787	0.0000	860.0000	862.6265	1.0285	-0.4708	99.9413	39.0483	0.8230	0.8184	5.0000	-9999.0000	-9999.0000	-9999.0000	-9999.0000	-9999.0000	-9999.0000	18.7028	7	0	31.2840	1.0000	99	9	-9999.0000	24228	52991	-9999	1384	1353	-9999	583.9891	3	0.6787	0.6932	-0.0007	94.5803	1.6088	789.5059	322.1861	38.9815	738.0394	95.3704	782.9623	95.2083	788.9865	95.1852	793.4349	95.0926	
22/08/2017	01:30:03	019001	H375093778HLR	L375	S		737.1991	1.0311	0.0000	100.0153	39.6899	0.8230	0.8255	5.0000	17.3820	860.0584	94.9537	20.5328	26.9000	0.9300	0.9354	0.6782	0.0000	860.0000	861.0096	1.0285	-0.3753	99.9616	39.0424	0.8230	0.8183	5.0000	-9999.0000	-9999.0000	-9999.0000	-9999.0000	-9999.0000	-9999.0000	18.7220	8	0	34.9447	1.0000	99	9	-9999.0000	24229	52992	-9999	1385	1354	-9999	583.7252	3	0.6782	0.6931	-0.0007	93.7391	1.6368	794.1083	308.6499	36.4352	740.1434	95.6250	787.5536	94.8611	793.7794	94.8611	798.0921	95.0463	
22/08/2017	01:30:35	019001	H375093798HLR	L375	S		736.9673	1.0311	0.0000	99.9807	39.6899	0.8230	0.8255	5.0000	17.3419	860.0793	94.9306	20.1128	27.0000	0.9300	0.9354	0.6780	0.0000	860.0000	860.9358	1.0285	-0.3709	100.1566	39.0435	0.8230	0.8185	5.0000	-9999.0000	-9999.0000	-9999.0000	-9999.0000	-9999.0000	-9999.0000	18.5628	1	0	31.7734	1.0000	99	9	-9999.0000	24230	52993	-9999	1386	1355	-9999	583.3939	3	0.6780	0.6933	-0.0007	93.0284	1.6458	796.7788	326.0611	37.4306	743.5981	95.4861	789.7454	95.2778	796.2811	95.2315	800.8479	95.1620	
22/08/2017	01:31:06	019001	H375093784HLR	L375	S		735.7876	1.0311	0.0000	99.9915	39.6898	0.8230	0.8253	5.0000	17.6027	860.0350	94.9306	22.1824	26.9000	0.9300	0.9354	0.6777	0.0000	860.0000	862.0470	1.0285	-0.4366	100.1388	39.0414	0.8230	0.8183	5.0000	-9999.0000	-9999.0000	-9999.0000	-9999.0000	-9999.0000	-9999.0000	18.6539	2	0	31.3838	1.0000	99	9	-9999.0000	24231	52994	-9999	1387	1355	-9999	583.1623	3	0.6777	0.6937	-0.0007	92.8867	1.6372	789.8886	319.0208	37.5000	737.7887	95.4398	784.9380	94.7917	789.5076	94.7917	794.1815	95.1157	
22/08/2017	01:31:43	019001	H375093802HLR	L375	S		738.5626	1.0311	0.0000	99.9578	39.6820	0.8230	0.8251	5.0000	18.0119	860.0487	94.9769	19.7827	27.0000	0.9300	0.9354	0.6775	0.0000	860.0000	860.4780	1.0285	-0.3439	99.9170	39.0283	0.8230	0.8184	5.0000	-9999.0000	-9999.0000	-9999.0000	-9999.0000	-9999.0000	-9999.0000	18.7523	3	0	36.8646	1.0000	99	9	-9999.0000	24232	52995	-9999	1388	1356	-9999	582.8917	3	0.6775	0.6874	-0.0005	76.7839	2.3389	796.9794	316.1268	37.1528	742.5390	95.4630	789.2057	94.8148	796.2380	94.7454	801.2522	95.1157	
22/08/2017	01:32:22	019001	H375093772HLR	L375	S		733.1683	1.0311	0.0000	99.9427	39.6829	0.8230	0.8249	5.0000	18.3116	860.0609	94.9537	22.7528	26.9000	0.9300	0.9354	0.6772	0.0000	860.0000	861.9418	1.0285	-0.4304	99.9525	39.0431	0.8230	0.8184	5.0000	-9999.0000	-9999.0000	-9999.0000	-9999.0000	-9999.0000	-9999.0000	18.9029	4	0	38.7244	1.0000	99	9	-9999.0000	24233	52996	-9999	1389	1357	-9999	582.7111	3	0.6772	0.6855	-0.0004	65.3141	2.8479	788.7963	313.5367	39.4676	738.2421	95.3009	782.4810	95.0000	788.2155	95.0231	793.2815	95.0926	
22/08/2017	01:32:58	019001	H375093785HLR	L375	S		740.0638	1.0311	0.0000	99.9949	39.6912	0.8230	0.8257	5.0000	17.1123	860.0646	94.9306	20.2925	27.0000	0.9300	0.9354	0.6772	0.0000	860.0000	860.8176	1.0285	-0.3639	100.0188	39.0285	0.8230	0.8182	5.0000	-9999.0000	-9999.0000	-9999.0000	-9999.0000	-9999.0000	-9999.0000	18.8529	5	0	35.9146	1.0000	99	9	-9999.0000	24234	52997	-9999	1390	1358	-9999	582.4462	3	0.6772	0.6840	-0.0003	68.3318	2.6959	796.7427	319.4170	36.2731	743.8293	95.7176	790.1300	94.8611	796.2611	94.8380	800.4740	95.0694	
22/08/2017	01:33:37	019001	H375095197HLR	L375	S		738.6147	1.0311	0.0000	100.0137	39.6995	0.8230	0.8255	5.0000	17.1817	860.0690	94.9537	19.1625	27.0000	0.9300	0.9354	0.6772	0.0000	860.0000	859.6160	1.0285	-0.2929	99.8690	39.0079	0.8230	0.8182	5.0000	-9999.0000	-9999.0000	-9999.0000	-9999.0000	-9999.0000	-9999.0000	18.9411	6	0	38.8649	1.0000	99	9	-9999.0000	24234	52998	-9999	1391	1359	-9999	582.4614	3	0.6772	0.6815	-0.0002	69.0253	2.6652	797.9472	311.5997	35.7176	740.5480	95.9722	791.4830	95.1389	797.3266	95.0463	802.9814	95.0926	
22/08/2017	01:34:12	019001	H375095203HLR	L375	S		728.5508	1.0311	0.0000	99.9628	39.6802	0.8230	0.8254	5.0000	17.4525	860.0293	94.9537	25.3624	26.9000	0.9300	0.9353	0.6771	0.0000	860.0000	861.6183	1.0285	-0.4112	99.9666	39.0189	0.8230	0.8184	5.0000	-9999.0000	-9999.0000	-9999.0000	-9999.0000	-9999.0000	-9999.0000	18.7923	7	0	35.7641	1.0000	99	9	-9999.0000	24235	52999	-9999	1392	1360	-9999	582.4649	3	0.6771	0.6829	-0.0003	68.0546	2.7145	782.8634	310.1549	34.9306	723.0447	96.2269	774.1423	95.0231	782.3851	95.0000	786.3319	95.0694	
22/08/2017	01:34:47	019001	H375095226HLR	L375	S		726.7276	1.0311	0.0000	99.9847	39.6749	0.8230	0.8257	5.0000	17.2617	860.0449	94.9769	26.4934	26.9000	0.9300	0.9353	0.6771	0.0000	860.0000	861.5168	1.0285	-0.4052	99.8643	39.0161	0.8230	0.8182	5.0000	-9999.0000	-9999.0000	-9999.0000	-9999.0000	-9999.0000	-9999.0000	18.8628	8	0	34.4946	1.0000	99	9	-9999.0000	24236	53000	-9999	1393	1361	-9999	582.3876	3	0.6771	0.6822	-0.0002	70.4663	2.5801	777.3939	304.3986	35.0694	721.3948	96.1806	771.3490	95.0463	777.1035	94.9537	781.5399	95.0926	
22/08/2017	01:35:18	019001	H375095209HLR	L375	S		727.4186	1.0311	0.0000	99.9665	39.6994	0.8230	0.8255	5.0000	17.3322	860.0530	94.9306	24.4434	26.9000	0.9300	0.9353	0.6771	0.0000	860.0000	859.3769	1.0285	-0.2788	100.0245	39.0135	0.8230	0.8183	5.0000	-9999.0000	-9999.0000	-9999.0000	-9999.0000	-9999.0000	-9999.0000	18.8931	1	0	31.3738	1.0000	99	9	-9999.0000	24237	53001	-9999	1394	1362	-9999	582.3671	3	0.6771	0.6840	-0.0003	80.5790	2.0930	783.0873	310.9419	36.7361	724.0983	95.9954	776.1941	95.2546	782.4781	95.0926	786.8425	95.1157	
22/08/2017	01:35:57	019001	H375095229HLR	L375	S		723.9852	1.0311	0.0000	100.0260	39.6758	0.8230	0.8247	5.0000	18.5218	860.0718	95.0000	26.6028	26.9000	0.9300	0.9353	0.6771	0.0000	860.0000	861.1891	1.0285	-0.3859	100.0553	39.0281	0.8230	0.8185	5.0000	-9999.0000	-9999.0000	-9999.0000	-9999.0000	-9999.0000	-9999.0000	18.6927	2	0	38.6140	1.0000	99	9	-9999.0000	24238	53002	-9999	1395	1363	-9999	582.4117	3	0.6771	0.6833	-0.0003	84.0995	1.9382	776.8110	311.7618	37.1528	722.8079	95.8565	769.9680	95.1852	776.0436	95.0926	780.6133	95.1157	
22/08/2017	01:36:25	019001	H375095219HLR	L375	S		721.4918	1.0311	0.0000	100.0640	39.6835	0.8230	0.8258	5.0000	17.0713	860.0601	94.9306	24.2432	26.9000	0.9300	0.9353	0.6769	0.0000	860.0000	857.9476	1.0285	-0.1943	100.0121	39.0382	0.8230	0.8185	5.0000	-9999.0000	-9999.0000	-9999.0000	-9999.0000	-9999.0000	-9999.0000	18.6623	3	0	28.6938	1.0000	99	9	-9999.0000	24239	53003	-9999	1396	1364	-9999	582.3954	3	0.6769	0.6822	-0.0002	84.9890	1.8907	781.8748	320.5240	37.6620	726.5826	95.9028	775.7602	95.2083	781.4389	95.0694	786.3676	95.0694	
22/08/2017	01:36:58	019001	H375095213HLR	L375	S		727.4555	1.0311	0.0000	99.9896	39.6865	0.8230	0.8246	5.0000	18.7220	860.0620	94.9537	22.3230	27.0000	0.9300	0.9353	0.6769	0.0000	860.0000	858.8710	1.0285	-0.2489	100.1004	39.0156	0.8230	0.8182	5.0000	-9999.0000	-9999.0000	-9999.0000	-9999.0000	-9999.0000	-9999.0000	18.7317	4	0	32.1835	1.0000	99	9	-9999.0000	24240	53003	-9999	1397	1365	-9999	582.2135	3	0.6769	0.6816	-0.0002	83.5451	1.9539	787.9314	324.2111	35.9028	731.9881	95.9028	780.5165	95.0926	787.5353	95.0000	791.9235	95.0926	
22/08/2017	01:37:27	019001	H375095223HLR	L375	S		737.1775	1.0311	0.0000	99.9990	39.6882	0.8230	0.8255	5.0000	17.3625	860.0525	94.9537	19.8725	27.0000	0.9300	0.9354	0.6768	0.0000	860.0000	860.1256	1.0285	-0.3230	99.8995	39.0111	0.8230	0.8185	5.0000	-9999.0000	-9999.0000	-9999.0000	-9999.0000	-9999.0000	-9999.0000	18.8020	5	0	29.0036	1.0000	99	9	-9999.0000	24241	53004	-9999	1398	1366	-9999	582.2541	3	0.6768	0.6807	-0.0002	81.4066	2.0533	798.0134	315.5091	34.7222	738.1023	96.1806	789.7448	95.1852	797.5251	95.1852	801.8974	95.1389	
22/08/2017	01:38:00	019001	H375093791HLR	L375	S		723.6864	1.0311	0.0000	100.0888	39.6898	0.8230	0.8257	5.0000	17.1221	860.0233	94.9769	26.4231	27.0000	0.9300	0.9353	0.6769	0.0000	860.0000	858.6525	1.0285	-0.2360	100.0466	39.0560	0.8230	0.8185	5.0000	-9999.0000	-9999.0000	-9999.0000	-9999.0000	-9999.0000	-9999.0000	18.7234	6	0	32.8642	1.0000	99	9	-9999.0000	24242	53005	-9999	1399	1367	-9999	582.0785	3	0.6769	0.6801	-0.0002	79.3845	2.1334	776.2364	314.1447	36.5509	719.4179	95.7176	769.3304	94.9769	775.7146	94.9537	780.2356	95.0694	
22/08/2017	01:38:30	019001	H375094899HLR	L375	S		745.0891	1.0311	0.0000	100.0432	39.6524	0.8230	0.8245	5.0000	19.0521	860.0350	94.9306	17.2121	27.0000	0.9300	0.9354	0.6770	0.0000	860.0000	860.1210	1.0285	-0.3228	100.1077	39.0488	0.8230	0.8184	5.0000	-9999.0000	-9999.0000	-9999.0000	-9999.0000	-9999.0000	-9999.0000	18.8118	7	0	30.1931	1.0000	99	9	-9999.0000	24243	53006	-9999	1400	1368	-9999	582.2014	3	0.6770	0.6801	-0.0001	80.2149	2.1103	806.9966	317.8570	34.6759	747.5743	96.0880	799.2402	94.8148	806.4016	94.7454	811.1196	95.1620	
22/08/2017	01:39:02	019001	H375095200HLR	L375	S		740.7866	1.0311	0.0000	99.9754	39.6978	0.8230	0.8254	5.0000	17.4015	860.0503	94.9306	19.9927	27.0000	0.9300	0.9354	0.6770	0.0000	860.0000	860.3652	1.0285	-0.3372	99.8889	39.0448	0.8230	0.8183	5.0000	-9999.0000	-9999.0000	-9999.0000	-9999.0000	-9999.0000	-9999.0000	18.8420	8	0	32.2647	1.0000	99	9	-9999.0000	24244	53007	-9999	1401	1369	-9999	582.3395	3	0.6770	0.6797	-0.0001	81.6118	2.0567	796.4971	330.5219	35.6250	744.4634	95.3009	790.8560	94.9769	795.8514	95.0231	801.4400	95.1157	
22/08/2017	01:39:31	019001	H375094908HLR	L375	S		742.1171	1.0311	0.0000	99.9960	39.6851	0.8230	0.8256	5.0000	17.3125	860.0549	94.9306	17.5725	27.0000	0.9300	0.9354	0.6772	0.0000	860.0000	858.7298	1.0285	-0.2405	100.0205	39.0410	0.8230	0.8184	5.0000	-9999.0000	-9999.0000	-9999.0000	-9999.0000	-9999.0000	-9999.0000	18.9113	1	0	29.1031	1.0000	99	9	-9999.0000	24245	53008	-9999	1402	1370	-9999	582.2869	3	0.6772	0.6786	-0.0001	82.4495	2.0218	803.2639	329.8362	38.7963	745.7970	95.2778	794.8444	95.0926	802.6978	95.0694	807.5725	95.1157	
22/08/2017	01:40:00	019001	H375094912HLR	L375	S		735.6301	1.0311	0.0000	99.9996	39.6818	0.8230	0.8254	5.0000	17.5929	860.0404	94.9769	20.6324	27.0000	0.9300	0.9354	0.6772	0.0000	860.0000	860.1324	1.0285	-0.3234	100.0472	39.0563	0.8230	0.8184	5.0000	-9999.0000	-9999.0000	-9999.0000	-9999.0000	-9999.0000	-9999.0000	18.7217	2	0	29.1334	1.0000	99	9	-9999.0000	24246	53009	-9999	1403	1371	-9999	582.4367	3	0.6772	0.6782	-0.0000	81.0474	2.0820	794.1324	316.5899	36.5741	736.3865	95.8796	787.3532	94.9769	793.6030	94.9769	799.1500	95.0694	
22/08/2017	01:40:31	019001	H375094926HLR	L375	S		741.1242	1.0311	0.0000	99.9856	39.6784	0.8230	0.8257	5.0000	17.2013	860.0463	94.9306	18.7220	27.0000	0.9300	0.9354	0.6771	0.0000	860.0000	860.9435	1.0285	-0.3714	100.0349	39.0528	0.8230	0.8184	5.0000	-9999.0000	-9999.0000	-9999.0000	-9999.0000	-9999.0000	-9999.0000	18.8018	3	0	30.4236	1.0000	99	9	-9999.0000	24247	53010	-9999	1404	1372	-9999	582.4559	3	0.6771	0.6775	-0.0000	77.9692	2.2015	802.0781	313.4521	35.0926	742.0725	96.1574	795.1211	95.0000	801.5703	95.0231	806.7668	95.0926	
22/08/2017	01:41:00	019001	H375094921HLR	L375	S		736.0126	1.0311	0.0000	99.9754	39.6975	0.8230	0.8253	5.0000	17.6622	860.0721	94.9306	20.0727	27.0000	0.9300	0.9353	0.6773	0.0000	860.0000	860.2968	1.0285	-0.3331	100.1404	39.0641	0.8230	0.8184	5.0000	-9999.0000	-9999.0000	-9999.0000	-9999.0000	-9999.0000	-9999.0000	18.9125	4	0	28.9937	1.0000	99	9	-9999.0000	24248	53011	-9999	1405	1373	-9999	582.4310	3	0.6773	0.6778	-0.0000	77.3147	2.2438	796.5323	317.7686	35.2546	737.2445	96.0185	790.4035	95.0694	795.9520	95.0694	801.3945	95.0926	
22/08/2017	01:41:28	019001	H375094931HLR	L375	S		744.8962	1.0311	0.0000	99.9927	39.6899	0.8230	0.8256	5.0000	17.1718	860.0453	94.9769	17.6017	27.0000	0.9300	0.9353	0.6774	0.0000	860.0000	861.4289	1.0285	-0.4001	99.9351	39.0647	0.8230	0.8184	5.0000	-9999.0000	-9999.0000	-9999.0000	-9999.0000	-9999.0000	-9999.0000	18.7824	5	0	28.1938	1.0000	99	9	-9999.0000	24249	53012	-9999	1406	1374	-9999	582.5663	3	0.6774	0.6778	-0.0000	76.1994	2.3059	805.5137	318.9636	35.6481	746.5358	95.9722	797.8597	94.9769	804.9023	94.9537	810.0116	95.0694	
22/08/2017	01:41:59	019001	H375094928HLR	L375	S		743.3924	1.0311	0.0000	99.9939	39.6533	0.8230	0.8244	5.0000	19.1721	860.0578	94.9074	16.9317	27.1000	0.9300	0.9354	0.6773	0.0000	860.0000	858.9605	1.0285	-0.2542	99.9392	39.0572	0.8230	0.8184	5.0000	-9999.0000	-9999.0000	-9999.0000	-9999.0000	-9999.0000	-9999.0000	18.7123	6	35	30.7733	1.0000	99	9	-9999.0000	24250	53013	-9999	1407	1375	-9999	582.6974	3	0.6773	0.6778	-0.0000	76.3917	2.2999	806.5902	329.5315	37.1065	748.7102	95.5556	799.3163	95.0926	806.1866	95.0463	810.9494	95.0926	
22/08/2017	01:46:27	019001	H375094915HLR	L375	S		739.1807	1.0311	0.0000	99.9524	39.6728	0.8230	0.8258	5.0000	17.2120	860.0684	94.9306	18.9417	27.1000	0.9300	0.9354	0.6774	0.0000	860.0000	860.9474	1.0285	-0.3716	100.1070	39.0631	0.8230	0.8185	5.0000	-9999.0000	-9999.0000	-9999.0000	-9999.0000	-9999.0000	-9999.0000	18.7520	7	35	268.5521	1.0000	99	9	-9999.0000	24251	53014	-9999	1408	1376	-9999	582.5941	3	0.6774	0.6778	-0.0000	62.7712	3.0438	800.0719	316.5214	35.5324	742.9660	95.9722	792.8758	95.0231	799.4971	95.0694	804.5541	95.0926	
22/08/2017	01:48:00	019001	H375094933HLR	L375	S		744.8476	1.0311	0.0000	99.9684	39.6995	0.8230	0.8256	5.0000	17.2628	860.0824	94.9074	16.7921	27.1000	0.9300	0.9353	0.6771	0.0000	860.0000	860.4221	1.0285	-0.3405	100.1430	39.0680	0.8230	0.8183	5.0000	-9999.0000	-9999.0000	-9999.0000	-9999.0000	-9999.0000	-9999.0000	18.7824	8	35	93.0913	1.0000	99	9	-9999.0000	24252	53015	-9999	1409	1377	-9999	582.6735	3	0.6771	0.6778	-0.0000	62.4172	3.0653	807.3672	330.9316	36.7130	751.8382	95.6481	799.2463	95.0694	806.7883	95.0463	812.4175	95.0926	
22/08/2017	01:49:05	019001	H375094940HLR	L375	S		744.3260	1.0311	0.0000	99.9294	39.6929	0.8230	0.8252	5.0000	17.7422	860.0374	94.9306	16.7315	27.1000	0.9300	0.9354	0.6771	0.0000	860.0000	858.9708	1.0285	-0.2548	99.9953	38.8011	0.8230	0.8187	5.0000	-9999.0000	-9999.0000	-9999.0000	-9999.0000	-9999.0000	-9999.0000	18.7121	1	35	65.1387	1.0000	99	9	-9999.0000	24253	53016	-9999	1410	1378	-9999	582.4214	3	0.6771	0.6778	-0.0000	62.4172	3.0653	806.3512	326.8153	36.1806	753.9632	95.7176	799.8200	94.9537	805.8500	94.9306	811.0165	95.0926	
22/08/2017	01:50:25	019001	H375094944HLR	L375	S		744.1217	1.0311	0.0000	99.9840	39.6811	0.8230	0.8257	5.0000	17.1027	860.0903	94.9074	18.6126	27.1000	0.9300	0.9354	0.6771	0.0000	860.0000	861.1429	1.0285	-0.3831	100.1453	38.7561	0.8230	0.8185	5.0000	-9999.0000	-9999.0000	-9999.0000	-9999.0000	-9999.0000	-9999.0000	18.5522	2	35	78.2985	1.0000	99	9	-9999.0000	24254	53017	-9999	1411	1379	-9999	582.4698	3	0.6771	0.6778	-0.0000	62.4172	3.0653	804.0778	333.3000	36.8750	752.2481	95.5556	797.9818	94.9537	803.4909	94.9769	808.0901	95.0926	
22/08/2017	01:50:56	019001	H375094877HLR	L375	S		748.6661	1.0311	0.0000	99.9298	39.6611	0.8230	0.8247	5.0000	18.8518	860.0408	94.9769	14.5818	27.1000	0.9300	0.9354	0.6771	0.0000	860.0000	858.8745	1.0285	-0.2491	99.9720	38.8381	0.8230	0.8184	5.0000	-9999.0000	-9999.0000	-9999.0000	-9999.0000	-9999.0000	-9999.0000	18.4124	3	35	32.1143	1.0000	99	9	-9999.0000	24255	53018	-9999	1412	1380	-9999	582.4219	3	0.6771	0.6778	-0.0000	62.4172	3.0653	814.3243	330.4231	36.7361	760.1423	95.6019	807.2524	95.2778	813.9913	95.2778	818.9846	95.1389	
22/08/2017	01:51:23	019001	H375094853HLR	L375	S		750.2079	1.0311	0.0000	100.0822	39.6882	0.8230	0.8255	5.0000	17.4025	860.0847	95.0000	15.4120	27.2000	0.9300	0.9362	0.6771	0.0000	860.0000	859.5214	1.0285	-0.2873	99.9681	38.7865	0.8230	0.8184	5.0000	-9999.0000	-9999.0000	-9999.0000	-9999.0000	-9999.0000	-9999.0000	18.5519	4	35	27.1038	1.0000	99	9	-9999.0000	24256	53019	-9999	1413	1381	-9999	582.4658	3	0.6771	0.6778	-0.0000	62.4172	3.0653	812.8530	281.3090	38.1019	748.7598	96.3426	803.9069	95.9954	812.2839	95.7176	816.8136	95.0000	
22/08/2017	01:51:49	019001	H375094859HLR	L375	S		745.3751	1.0311	0.0000	99.9828	39.6199	0.8230	0.8248	5.0000	17.1719	860.0721	94.9537	24.6934	22.4000	0.9300	0.9247	0.6771	0.0000	860.0000	887.5406	1.0285	-1.9433	99.9533	38.9020	0.8230	0.8189	5.0000	-9999.0000	-9999.0000	-9999.0000	-9999.0000	-9999.0000	-9999.0000	18.4523	5	35	25.0128	1.0000	99	9	-9999.0000	24257	53019	-9999	1414	1382	-9999	582.4650	3	0.6771	0.6778	-0.0000	62.4172	3.0653	790.1044	328.5919	37.8009	738.0423	95.1389	785.0235	94.5833	789.8022	94.3519	790.5504	94.8148	
22/08/2017	01:52:22	019001	H375094880HLR	L375	S		742.9636	1.0311	0.0000	99.9560	39.7319	0.8230	0.8249	5.0000	17.1622	860.0341	94.9306	21.3327	22.8000	0.9300	0.9298	0.6771	0.0000	860.0000	881.4108	1.0285	-1.5810	99.8876	38.9658	0.8230	0.8187	5.0000	-9999.0000	-9999.0000	-9999.0000	-9999.0000	-9999.0000	-9999.0000	18.5823	6	35	32.9434	1.0000	99	9	-9999.0000	24258	53020	-9999	1415	1383	-9999	582.4125	3	0.6771	0.6778	-0.0000	62.4172	3.0653	784.5622	336.1262	39.4907	732.6534	94.7917	778.8679	94.4676	784.2010	94.2824	787.1270	95.0231	
22/08/2017	01:52:52	019001	H375094849HLR	L375	S		745.1858	1.0311	0.0000	100.0124	39.6158	0.8230	0.8242	5.0000	18.9125	860.0520	94.9306	19.7924	23.2000	0.9300	0.9331	0.6771	0.0000	860.0000	879.5359	1.0285	-1.4702	99.9470	38.9843	0.8230	0.8186	5.0000	-9999.0000	-9999.0000	-9999.0000	-9999.0000	-9999.0000	-9999.0000	18.5824	7	2	30.5838	1.0000	99	9	-9999.0000	24259	53021	-9999	1416	1384	-9999	582.4419	3	0.6771	0.6778	-0.0000	62.4172	3.0653	788.5064	310.6664	37.3380	729.9495	95.1389	781.6988	94.6065	788.0695	94.4444	792.4766	94.8611	
22/08/2017	01:54:08	019001	H375094871HLR	L375	S		741.5145	1.0311	0.0000	99.9923	39.4832	0.8230	0.8245	5.0000	17.3214	860.0550	94.9306	20.6529	23.6000	0.9300	0.9351	0.6762	0.0000	860.0000	876.9435	1.0285	-1.3170	100.0564	38.7589	0.8230	0.8183	5.0000	-9999.0000	-9999.0000	-9999.0000	-9999.0000	-9999.0000	-9999.0000	18.8421	2	2	25.6330	1.0000	99	9	-9999.0000	24260	53021	-9999	1417	1385	-9999	582.4532	3	0.6762	0.6778	-0.0000	79.3920	2.1336	787.1810	307.7119	34.6991	727.0798	95.3009	780.0029	94.6528	786.7886	94.5602	791.3592	94.9306	
22/08/2017	01:54:40	019001	H375094862HLR	L375	S		743.0321	1.0311	0.0000	99.9427	39.3747	0.8230	0.8249	5.0000	18.4925	860.0680	94.9306	19.0716	23.8000	0.9300	0.9356	0.6762	0.0000	860.0000	874.4160	1.0285	-1.1676	99.9377	38.9046	0.8230	0.8193	5.0000	-9999.0000	-9999.0000	-9999.0000	-9999.0000	-9999.0000	-9999.0000	18.3615	3	2	32.5948	1.0000	99	9	-9999.0000	24261	53022	-9999	1418	1386	-9999	581.6395	3	0.6762	0.6778	-0.0000	79.3920	2.1336	791.0814	335.4670	34.9537	728.7170	95.6944	784.1206	94.6528	790.3572	94.5602	795.7918	95.0000	
22/08/2017	01:56:13	019001	H375094864HLR	L375	S		738.9078	1.0311	0.0000	99.9552	39.5544	0.8230	0.8237	5.0000	17.7814	860.0639	94.8843	20.9420	24.0000	0.9300	0.9359	0.6743	0.0000	860.0000	872.3071	1.0285	-1.0430	100.0624	38.7633	0.8230	0.8185	5.0000	-9999.0000	-9999.0000	-9999.0000	-9999.0000	-9999.0000	-9999.0000	18.6927	7	2	17.5628	1.0000	99	9	-9999.0000	24262	53023	-9999	1419	1387	-9999	579.9502	3	0.6743	0.6969	-0.0012	70.8641	2.5896	788.9152	290.1957	38.4491	721.1519	95.5324	781.8760	95.0926	788.5068	94.9537	793.6187	95.0000	
22/08/2017	01:57:32	019001	H375094890HLR	L375	S		739.0916	1.0311	0.0000	100.0328	39.7717	0.8230	0.8258	5.0000	17.0528	860.0680	94.9306	19.6030	24.1000	0.9300	0.9359	0.6731	0.0000	860.0000	870.2473	1.0285	-0.9212	99.9992	38.7879	0.8230	0.8182	5.0000	-9999.0000	-9999.0000	-9999.0000	-9999.0000	-9999.0000	-9999.0000	18.6429	2	2	21.8133	1.0000	99	9	-9999.0000	24263	53024	-9999	1420	1388	-9999	579.9654	3	0.6731	0.7117	-0.0020	47.3820	3.9566	793.8121	315.7807	35.1389	727.0702	96.3426	785.0390	95.2778	793.3017	95.2083	797.3734	95.0463	
22/08/2017	01:59:27	019001	H375094875HLR	L375	S		745.8753	1.0311	0.0000	100.0397	39.6602	0.8230	0.8248	5.0000	17.2120	860.0472	94.9306	17.7121	24.1000	0.9300	0.9358	0.6721	0.0000	860.0000	869.5515	1.0285	-0.8801	99.8637	38.7865	0.8230	0.8184	5.0000	-9999.0000	-9999.0000	-9999.0000	-9999.0000	-9999.0000	-9999.0000	18.5121	5	2	25.0529	1.0000	99	9	-9999.0000	24264	53025	-9999	1421	1389	-9999	578.9891	3	0.6721	0.7208	-0.0025	38.6710	4.4832	797.6478	309.8185	34.5370	732.9847	96.3657	790.4081	94.8148	797.2046	94.7222	801.8146	94.9769	
22/08/2017	02:00:25	019001	H375094894HLR	L375	S		739.5270	1.0311	0.0000	99.9775	39.6608	0.8230	0.8252	5.0000	17.7921	860.0741	94.9074	19.5922	24.1000	0.9300	0.9359	0.6721	0.0000	860.0000	868.3788	1.0285	-0.8108	99.9554	38.7747	0.8230	0.8184	5.0000	-9999.0000	-9999.0000	-9999.0000	-9999.0000	-9999.0000	-9999.0000	18.3927	7	0	31.6843	1.0000	99	9	-9999.0000	24265	53026	-9999	1422	1390	-9999	578.0890	3	0.6721	0.7208	-0.0025	38.6710	4.4832	792.4960	318.2039	36.4583	727.9808	95.9491	785.6173	94.9537	791.9000	94.9074	796.4985	95.0000	
22/08/2017	02:00:55	019001	H375094883HLR	L375	S		738.3283	1.0311	0.0000	99.9566	39.5326	0.8230	0.8260	5.0000	17.1125	860.0584	94.9074	20.4224	24.1000	0.9300	0.9356	0.6721	0.0000	860.0000	868.5961	1.0285	-0.8236	99.9440	38.8770	0.8230	0.8193	5.0000	-9999.0000	-9999.0000	-9999.0000	-9999.0000	-9999.0000	-9999.0000	18.3919	8	0	30.5040	1.0000	99	9	-9999.0000	24266	53027	-9999	1423	1391	-9999	578.0898	3	0.6721	0.7208	-0.0025	38.6710	4.4832	789.7066	352.0128	39.1898	732.9479	95.3009	781.5776	94.9769	789.2494	94.8843	793.1313	95.0231	
22/08/2017	02:02:27	019001	H375095154HLR	L375	S		739.5996	1.0311	0.0000	99.9670	39.6643	0.8230	0.8245	5.0000	17.3926	860.0573	94.9537	19.3920	24.1000	0.9300	0.9356	0.6681	0.0000	860.0000	866.5745	1.0285	-0.7042	99.9891	38.7440	0.8230	0.8184	5.0000	-9999.0000	-9999.0000	-9999.0000	-9999.0000	-9999.0000	-9999.0000	18.5823	3	0	31.5038	1.0000	99	9	-9999.0000	24268	53028	-9999	1425	1392	-9999	575.7762	3	0.6681	0.6721	-0.0003	53.4761	3.8556	795.5053	178.3151	38.9352	737.2928	95.6250	786.9576	95.0463	794.6721	94.9537	798.6977	95.0000	
22/08/2017	02:02:57	019001	H375095147HLR	L375	S		738.4343	1.0311	0.0000	99.9467	39.4240	0.8230	0.8253	5.0000	17.2423	860.0504	94.9306	18.3724	24.2000	0.9300	0.9355	0.6681	0.0000	860.0000	863.8722	1.0285	-0.5445	99.9328	38.9100	0.8230	0.8192	5.0000	-9999.0000	-9999.0000	-9999.0000	-9999.0000	-9999.0000	-9999.0000	18.4329	4	0	29.9733	1.0000	99	9	-9999.0000	24269	53029	-9999	1426	1393	-9999	574.6449	3	0.6681	0.6721	-0.0003	53.4761	3.8556	794.9592	350.0623	36.3657	737.3518	95.9259	788.2201	94.9769	794.4496	94.8843	800.4071	95.0231	
22/08/2017	02:03:26	019001	H375093808HLR	L375	S		735.1660	1.0311	0.0000	100.0423	39.5801	0.8230	0.8261	5.0000	17.2619	860.0455	94.9074	18.9515	24.2000	0.9300	0.9354	0.6681	0.0000	860.0000	859.8171	1.0285	-0.3048	99.9559	38.9930	0.8230	0.8188	5.0000	-9999.0000	-9999.0000	-9999.0000	-9999.0000	-9999.0000	-9999.0000	18.4926	5	0	28.5240	1.0000	99	9	-9999.0000	24270	53030	-9999	1427	1394	-9999	574.6318	3	0.6681	0.6721	-0.0003	53.4761	3.8556	792.9007	345.5038	36.9213	732.1026	95.8333	787.9169	94.9769	792.4875	94.9537	796.0785	95.0463	
22/08/2017	02:03:56	019001	H375093818HLR	L375	S		738.9859	1.0311	0.0000	99.9942	39.7542	0.8230	0.8253	5.0000	18.2219	860.0732	94.9306	17.9914	24.2000	0.9300	0.9354	0.6665	0.0000	860.0000	861.4273	1.0285	-0.4000	99.9647	38.9554	0.8230	0.8185	5.0000	-9999.0000	-9999.0000	-9999.0000	-9999.0000	-9999.0000	-9999.0000	18.5812	6	0	29.8935	1.0000	99	9	-9999.0000	24271	53031	-9999	1428	1395	-9999	574.6686	3	0.6665	0.6713	-0.0003	47.4811	4.1858	796.4743	334.1889	36.4583	734.8001	95.7639	787.7888	94.8380	795.7391	94.7917	800.9745	95.0694	
22/08/2017	02:04:25	019001	H375093741HLR	L375	S		735.1687	1.0311	0.0000	100.0142	39.6746	0.8230	0.8244	5.0000	19.0827	860.0365	94.9306	20.0132	24.1000	0.9300	0.9353	0.6651	0.0000	860.0000	861.0680	1.0285	-0.3787	99.9713	38.9489	0.8230	0.8185	5.0000	-9999.0000	-9999.0000	-9999.0000	-9999.0000	-9999.0000	-9999.0000	18.8127	7	0	29.7836	1.0000	99	9	-9999.0000	24272	53032	-9999	1429	1396	-9999	573.2469	3	0.6651	0.6702	-0.0003	67.7585	3.1738	790.4308	337.8993	35.0926	729.2579	96.0185	783.2451	94.8843	789.7183	94.9074	794.7305	95.0231	
22/08/2017	02:04:55	019001	H375093812HLR	L375	S		735.9213	1.0311	0.0000	100.0696	39.6273	0.8230	0.8258	5.0000	17.1320	860.0578	94.9306	17.7619	24.2000	0.9300	0.9353	0.6657	0.0000	860.0000	857.6058	1.0285	-0.1741	99.9548	38.9665	0.8230	0.8186	5.0000	-9999.0000	-9999.0000	-9999.0000	-9999.0000	-9999.0000	-9999.0000	18.6927	8	0	29.8337	1.0000	99	9	-9999.0000	24273	53033	-9999	1430	1397	-9999	572.0467	3	0.6657	0.6696	-0.0002	65.6346	3.2487	798.1652	331.2797	35.9028	734.5814	95.8333	791.1606	94.8843	797.7419	94.8611	802.5300	95.0231	
22/08/2017	02:05:24	019001	H375095141HLR	L375	S		740.5203	1.0311	0.0000	100.0199	39.6590	0.8230	0.8257	5.0000	17.1221	860.0574	94.9074	17.0929	24.2000	0.9300	0.9353	0.6659	0.0000	860.0000	860.9698	1.0285	-0.3729	99.8693	38.9784	0.8230	0.8186	5.0000	-9999.0000	-9999.0000	-9999.0000	-9999.0000	-9999.0000	-9999.0000	18.6419	1	0	29.0728	1.0000	99	9	-9999.0000	24274	53033	-9999	1431	1398	-9999	572.5591	3	0.6659	0.6730	-0.0004	66.5169	3.1800	802.3870	338.2630	36.9213	734.5681	95.7639	793.0797	95.3472	801.6128	95.2315	807.1011	95.1157	
22/08/2017	02:05:53	019001	H375093797HLR	L375	S		737.5785	1.0311	0.0000	99.9390	39.6444	0.8230	0.8247	5.0000	18.9222	860.0599	94.9074	17.6721	24.2000	0.9300	0.9352	0.6660	0.0000	860.0000	858.2262	1.0285	-0.2108	99.9374	38.9898	0.8230	0.8186	5.0000	-9999.0000	-9999.0000	-9999.0000	-9999.0000	-9999.0000	-9999.0000	18.5023	2	0	28.4438	1.0000	99	9	-9999.0000	24275	53034	-9999	1432	1399	-9999	572.8093	3	0.6660	0.6731	-0.0004	70.1388	2.9588	797.7172	355.2987	36.9444	737.5483	95.6481	790.3863	94.9306	797.1231	94.9074	801.7997	95.0694	
22/08/2017	02:06:22	019001	H375093787HLR	L375	S		738.4097	1.0311	0.0000	99.9555	39.6416	0.8230	0.8249	5.0000	18.7327	860.0676	94.9306	18.2825	24.2000	0.9300	0.9353	0.6662	0.0000	860.0000	859.4660	1.0285	-0.2840	100.1070	38.9947	0.8230	0.8187	5.0000	-9999.0000	-9999.0000	-9999.0000	-9999.0000	-9999.0000	-9999.0000	18.4817	3	0	29.3836	1.0000	99	9	-9999.0000	24276	53035	-9999	1432	1400	-9999	572.8523	3	0.6662	0.6736	-0.0004	73.1167	2.7857	797.5184	348.5768	35.1852	739.0514	95.3935	791.3132	94.9306	797.0371	94.9306	801.8448	95.0463	
22/08/2017	02:06:51	019001	H375093803HLR	L375	S		743.6407	1.0311	0.0000	99.9738	39.6825	0.8230	0.8257	5.0000	17.4514	860.0596	94.9306	17.6320	24.2000	0.9300	0.9353	0.6660	0.0000	860.0000	861.3446	1.0285	-0.3951	99.9027	38.9994	0.8230	0.8186	5.0000	-9999.0000	-9999.0000	-9999.0000	-9999.0000	-9999.0000	-9999.0000	18.5920	4	0	28.5639	1.0000	99	9	-9999.0000	24277	53036	-9999	1432	1401	-9999	573.0014	3	0.6660	0.6689	-0.0002	75.4263	2.6478	802.9131	358.8413	37.5926	746.7607	95.5093	796.8390	94.8843	802.4212	94.8843	807.3416	95.0463	
22/08/2017	02:07:19	019001	H375093777HLR	L375	S		738.7259	1.0311	0.0000	99.9748	39.6882	0.8230	0.8259	5.0000	17.2920	860.0420	94.9306	17.5519	24.2000	0.9300	0.9352	0.6662	0.0000	860.0000	859.1744	1.0285	-0.2668	99.9727	39.0120	0.8230	0.8185	5.0000	-9999.0000	-9999.0000	-9999.0000	-9999.0000	-9999.0000	-9999.0000	18.5403	5	0	28.1225	1.0000	99	9	-9999.0000	24278	53037	-9999	1433	1402	-9999	572.8604	3	0.6662	0.6723	-0.0003	68.8733	2.9875	799.3359	348.3502	36.4583	741.8533	95.6713	790.4046	95.2546	798.8711	95.1852	803.4555	95.1620	
22/08/2017	02:07:48	019001	H375093796HLR	L375	S		745.0289	1.0311	0.0000	99.9466	39.6807	0.8230	0.8256	5.0000	17.2726	860.0705	94.9306	16.2617	24.2000	0.9300	0.9352	0.6663	0.0000	860.0000	859.2863	1.0285	-0.2734	100.0330	39.0132	0.8230	0.8185	5.0000	-9999.0000	-9999.0000	-9999.0000	-9999.0000	-9999.0000	-9999.0000	18.6126	6	0	29.3941	1.0000	99	9	-9999.0000	24279	53038	-9999	1434	1403	-9999	573.0336	3	0.6663	0.6728	-0.0004	72.8112	2.7500	803.3429	347.1836	37.3843	748.6250	95.3704	795.1084	94.7685	803.0493	94.7454	806.7264	95.0926	
22/08/2017	02:08:17	019001	H375093774HLR	L375	S		739.6787	1.0311	0.0000	99.9927	39.6718	0.8230	0.8257	5.0000	17.2921	860.0765	94.9074	17.9328	24.1000	0.9300	0.9352	0.6662	0.0000	860.0000	859.1556	1.0285	-0.2657	99.8399	39.0142	0.8230	0.8185	5.0000	-9999.0000	-9999.0000	-9999.0000	-9999.0000	-9999.0000	-9999.0000	18.7025	7	0	28.7437	1.0000	99	9	-9999.0000	24280	53039	-9999	1435	1404	-9999	573.1090	3	0.6662	0.6682	-0.0001	75.9630	2.5552	797.7479	346.1701	37.2917	743.5236	95.5093	790.4795	95.1157	797.0892	95.0463	801.7692	95.1157	
22/08/2017	02:08:46	019001	H375095204HLR	L375	S		742.1410	1.0311	0.0000	99.9489	39.6718	0.8230	0.8257	5.0000	17.2920	860.0835	94.9074	16.4317	24.2000	0.9300	0.9353	0.6664	0.0000	860.0000	858.2431	1.0285	-0.2118	100.0268	39.0178	0.8230	0.8184	5.0000	-9999.0000	-9999.0000	-9999.0000	-9999.0000	-9999.0000	-9999.0000	18.9124	8	0	28.7730	1.0000	99	9	-9999.0000	24281	53040	-9999	1436	1405	-9999	573.0744	3	0.6664	0.6682	-0.0001	82.4040	2.1935	803.6290	348.2824	37.3380	746.7820	95.5093	796.7189	95.2315	803.1983	95.2083	807.6883	95.1620	
22/08/2017	02:09:18	019001	H375095198HLR	L375	S		740.9042	1.0311	0.0000	99.9621	39.6778	0.8230	0.8256	5.0000	17.3500	860.0642	94.9306	16.7022	24.3000	0.9300	0.9354	0.6666	0.0000	860.0000	857.7124	1.0285	-0.1804	100.1333	39.0197	0.8230	0.8185	5.0000	-9999.0000	-9999.0000	-9999.0000	-9999.0000	-9999.0000	-9999.0000	18.7316	1	0	31.7940	1.0000	99	9	-9999.0000	24282	53041	-9999	1437	1406	-9999	573.2641	3	0.6666	0.6673	-0.0000	70.0269	2.8432	800.7336	344.2272	35.8102	746.7457	95.1389	793.1679	94.8843	800.1083	94.8843	805.3061	95.0463	
22/08/2017	02:09:49	019001	H375093771HLR	L375	S		741.3452	1.0311	0.0000	99.9660	39.6716	0.8230	0.8258	5.0000	17.0920	860.0874	94.9074	17.2023	24.2000	0.9300	0.9353	0.6665	0.0000	860.0000	858.6885	1.0285	-0.2381	100.0104	39.0307	0.8230	0.8185	5.0000	-9999.0000	-9999.0000	-9999.0000	-9999.0000	-9999.0000	-9999.0000	18.6927	2	0	31.5236	1.0000	99	9	-9999.0000	24283	53042	-9999	1438	1407	-9999	573.4051	3	0.6665	0.6703	-0.0002	71.6979	2.7340	802.1499	347.7880	36.4583	744.7589	95.7639	793.2163	95.2778	801.3756	95.2546	805.2077	95.1389	
22/08/2017	02:10:22	019001	H375093773HLR	L375	S		741.0914	1.0311	0.0000	99.9399	39.6717	0.8230	0.8254	5.0000	17.7023	860.0565	94.9074	17.2912	24.3000	0.9300	0.9354	0.6665	0.0000	860.0000	858.8662	1.0285	-0.2486	100.0301	39.0283	0.8230	0.8183	5.0000	-9999.0000	-9999.0000	-9999.0000	-9999.0000	-9999.0000	-9999.0000	18.8724	3	0	32.9040	1.0000	99	9	-9999.0000	24284	53042	-9999	1439	1408	-9999	573.2570	3	0.6665	0.6730	-0.0004	70.8800	2.7672	799.3110	344.4028	36.2731	742.6520	95.5556	792.3265	94.9537	798.9887	95.0231	803.7958	95.0694	
22/08/2017	02:10:58	019001	H375093801HLR	L375	S		744.4212	1.0311	0.0000	100.0222	39.6756	0.8230	0.8257	5.0000	17.2218	860.0664	94.9074	16.5918	24.3000	0.9300	0.9354	0.6668	0.0000	860.0000	859.2499	1.0285	-0.2713	100.0415	39.0205	0.8230	0.8184	5.0000	-9999.0000	-9999.0000	-9999.0000	-9999.0000	-9999.0000	-9999.0000	18.7921	4	0	35.8540	1.0000	99	9	-9999.0000	24285	53043	-9999	1440	1409	-9999	573.3186	3	0.6668	0.6743	-0.0004	70.8800	2.7672	803.7868	329.3386	36.6204	741.7935	95.6019	796.4426	94.8611	803.3344	94.8843	807.6571	95.0463	
22/08/2017	02:11:29	019001	H375095225HLR	L375	S		730.5431	1.0311	0.0000	100.0411	39.6781	0.8230	0.8256	5.0000	17.4815	860.0389	94.9074	20.3325	24.3000	0.9300	0.9353	0.6669	0.0000	860.0000	859.3528	1.0285	-0.2774	100.0192	39.0227	0.8230	0.8184	5.0000	-9999.0000	-9999.0000	-9999.0000	-9999.0000	-9999.0000	-9999.0000	18.6430	5	0	30.9743	1.0000	99	9	-9999.0000	24286	53044	-9999	1441	1410	-9999	573.5142	3	0.6669	0.6753	-0.0005	67.9316	2.9201	786.9075	342.9244	38.1481	731.4711	95.5093	780.5026	94.9306	786.3953	94.9769	790.9193	95.0926	
22/08/2017	02:12:02	019001	H375095210HLR	L375	S		733.2608	1.0311	0.0000	100.1346	39.6763	0.8230	0.8258	5.0000	17.1622	860.0693	94.9074	19.3627	24.3000	0.9300	0.9353	0.6671	0.0000	860.0000	857.9827	1.0285	-0.1964	100.0700	39.0132	0.8230	0.8184	5.0000	-9999.0000	-9999.0000	-9999.0000	-9999.0000	-9999.0000	-9999.0000	18.6420	6	0	32.7539	1.0000	99	9	-9999.0000	24287	53044	-9999	1442	1411	-9999	573.6035	3	0.6671	0.6766	-0.0005	66.0342	3.0125	790.2968	342.3872	36.3657	736.0108	95.7407	784.9406	94.9769	789.9405	94.9537	793.9457	95.0231	
22/08/2017	02:12:34	019001	H375095230HLR	L375	S		728.5769	1.0311	0.0000	99.9382	39.6867	0.8230	0.8256	5.0000	17.3224	860.0533	94.9769	21.4235	24.2000	0.9300	0.9352	0.6671	0.0000	860.0000	859.6423	1.0285	-0.2945	99.9091	39.0135	0.8230	0.8184	5.0000	-9999.0000	-9999.0000	-9999.0000	-9999.0000	-9999.0000	-9999.0000	18.8625	7	0	32.6935	1.0000	99	9	-9999.0000	24288	53045	-9999	1443	1412	-9999	573.8156	3	0.6671	0.6750	-0.0004	65.5439	3.0245	783.9707	346.7929	38.4028	731.3208	95.4167	778.3527	95.0694	783.6952	95.1157	787.8537	95.1157	
22/08/2017	02:13:07	019001	H375095220HLR	L375	S		722.0008	1.0311	0.0000	100.0217	39.6834	0.8230	0.8256	5.0000	17.3114	860.0496	94.9537	23.6630	24.2000	0.9300	0.9352	0.6672	0.0000	860.0000	860.4992	1.0285	-0.3451	99.9490	39.0348	0.8230	0.8184	5.0000	-9999.0000	-9999.0000	-9999.0000	-9999.0000	-9999.0000	-9999.0000	18.7025	8	0	32.5243	1.0000	99	9	-9999.0000	24289	53046	-9999	1444	1413	-9999	573.7827	3	0.6672	0.6684	-0.0001	58.5457	3.4378	776.3913	337.8475	35.8565	722.4317	95.7639	770.0824	95.0000	775.8081	94.9769	780.3182	95.0694	
22/08/2017	02:13:37	019001	H375094909HLR	L375	S		732.7864	1.0311	0.0000	100.0144	39.6834	0.8230	0.8256	5.0000	17.2628	860.0403	94.9306	19.2025	24.3000	0.9300	0.9353	0.6675	0.0000	860.0000	859.9647	1.0285	-0.3135	100.1409	39.0203	0.8230	0.8184	5.0000	-9999.0000	-9999.0000	-9999.0000	-9999.0000	-9999.0000	-9999.0000	18.7924	1	0	30.5136	1.0000	99	9	-9999.0000	24290	53047	-9999	1445	1414	-9999	573.8577	3	0.6675	0.6662	0.0001	59.2694	3.4008	789.7748	338.6204	38.2870	735.5719	95.3009	782.6866	94.7222	789.2632	94.6528	794.1210	95.2315	
22/08/2017	02:14:08	019001	H375095214HLR	L375	S		731.6804	1.0311	0.0000	100.0376	39.6882	0.8230	0.8257	5.0000	17.1123	860.0626	94.9306	20.5425	24.3000	0.9300	0.9353	0.6676	0.0000	860.0000	860.6833	1.0285	-0.3560	99.8195	39.0193	0.8230	0.8183	5.0000	-9999.0000	-9999.0000	-9999.0000	-9999.0000	-9999.0000	-9999.0000	18.7925	2	0	30.7633	1.0000	99	9	-9999.0000	24291	53048	-9999	1446	1415	-9999	574.1633	3	0.6676	0.6671	0.0000	61.1002	3.2835	786.8489	340.0266	36.9213	732.9271	95.5093	780.5172	94.9769	786.1248	95.0463	790.7327	95.1157	
22/08/2017	02:14:39	019001	H375095199HLR	L375	S		728.3305	1.0311	0.0000	99.9913	39.6802	0.8230	0.8257	5.0000	17.2120	860.0866	94.9537	21.1627	24.3000	0.9300	0.9353	0.6676	0.0000	860.0000	861.0303	1.0285	-0.3765	100.0113	39.0243	0.8230	0.8184	5.0000	-9999.0000	-9999.0000	-9999.0000	-9999.0000	-9999.0000	-9999.0000	18.9017	3	0	30.5340	1.0000	99	9	-9999.0000	24292	53049	-9999	1447	1416	-9999	574.2383	3	0.6676	0.6692	-0.0001	62.0531	3.2326	785.5678	345.3963	38.4259	730.0887	95.5093	778.2762	95.3935	785.0331	95.3009	789.8529	95.1389	
22/08/2017	02:15:10	019001	H375094900HLR	L375	S		734.6080	1.0311	0.0000	100.0022	39.6595	0.8230	0.8247	5.0000	18.6721	860.0596	94.9306	20.3130	24.3000	0.9300	0.9352	0.6676	0.0000	860.0000	860.8600	1.0285	-0.3664	100.0163	39.0384	0.8230	0.8184	5.0000	-9999.0000	-9999.0000	-9999.0000	-9999.0000	-9999.0000	-9999.0000	18.7124	4	0	31.3242	1.0000	99	9	-9999.0000	24293	53050	-9999	1447	1417	-9999	574.2248	3	0.6676	0.6695	-0.0001	62.4203	3.2241	785.3671	334.5780	36.0648	733.3425	95.7870	778.3298	95.1620	784.7094	95.1389	789.4904	95.0926	
22/08/2017	02:15:39	019001	H375094913HLR	L375	S		737.3449	1.0311	0.0000	100.0252	39.6855	0.8230	0.8254	5.0000	17.6819	860.0598	94.9306	19.0521	24.3000	0.9300	0.9353	0.6675	0.0000	860.0000	861.3182	1.0285	-0.3935	100.0402	39.0330	0.8230	0.8184	5.0000	-9999.0000	-9999.0000	-9999.0000	-9999.0000	-9999.0000	-9999.0000	18.7231	5	0	28.7429	1.0000	99	9	-9999.0000	24294	53051	-9999	1448	1418	-9999	574.2337	3	0.6675	0.6697	-0.0001	61.1922	3.2809	792.4787	336.5964	35.6481	737.0775	95.8102	784.9702	95.0231	791.8111	95.0000	797.6726	95.0694	
22/08/2017	02:16:10	019001	H375094917HLR	L375	S		736.0723	1.0311	0.0000	99.9908	39.6994	0.8230	0.8255	5.0000	17.4826	860.0508	94.9306	18.5521	24.3000	0.9300	0.9352	0.6674	0.0000	860.0000	859.0032	1.0285	-0.2567	100.0550	39.0350	0.8230	0.8184	5.0000	-9999.0000	-9999.0000	-9999.0000	-9999.0000	-9999.0000	-9999.0000	18.8020	6	0	31.5641	1.0000	99	9	-9999.0000	24295	53052	-9999	1449	1418	-9999	574.1689	3	0.6674	0.6690	-0.0001	59.3028	3.3905	793.9163	340.3026	37.5000	737.3637	95.3472	786.5343	94.9306	793.5307	94.9537	798.0722	95.0463	
22/08/2017	02:16:40	019001	H375094922HLR	L375	S		735.0212	1.0311	0.0000	99.9770	39.6835	0.8230	0.8256	5.0000	17.2413	860.0661	94.9306	19.0922	24.3000	0.9300	0.9353	0.6673	0.0000	860.0000	860.2615	1.0285	-0.3311	99.8607	39.0429	0.8230	0.8185	5.0000	-9999.0000	-9999.0000	-9999.0000	-9999.0000	-9999.0000	-9999.0000	18.6822	7	0	29.8240	1.0000	99	9	-9999.0000	24296	53053	-9999	1450	1419	-9999	574.0511	3	0.6673	0.6685	-0.0001	60.2413	3.3374	792.6069	341.2166	36.9444	735.2999	95.5093	784.0463	94.8611	792.0197	94.8611	796.1765	95.0463	
22/08/2017	02:17:09	019001	H375094932HLR	L375	S		733.0696	1.0311	0.0000	99.9994	39.6718	0.8230	0.8257	5.0000	17.1016	860.0538	94.9074	18.9720	24.3000	0.9300	0.9352	0.6672	0.0000	860.0000	859.2241	1.0285	-0.2697	99.9346	39.0415	0.8230	0.8182	5.0000	-9999.0000	-9999.0000	-9999.0000	-9999.0000	-9999.0000	-9999.0000	19.0823	8	0	29.0633	1.0000	99	9	-9999.0000	24297	53053	-9999	1451	1420	-9999	573.9887	3	0.6672	0.6678	-0.0000	60.8922	3.3074	792.0560	341.6871	38.4722	732.8176	95.5093	784.1928	95.0463	791.4934	95.0000	795.8670	95.1157	
22/08/2017	02:17:37	019001	H375094925HLR	L375	S		742.5996	1.0311	0.0000	99.9670	39.6808	0.8230	0.8256	5.0000	17.1911	860.0471	94.9306	17.2619	24.3000	0.9300	0.9353	0.6674	0.0000	860.0000	859.7423	1.0285	-0.3004	99.8330	39.0458	0.8230	0.8184	5.0000	-9999.0000	-9999.0000	-9999.0000	-9999.0000	-9999.0000	-9999.0000	18.7317	1	0	28.3930	1.0000	99	9	-9999.0000	24298	53054	-9999	1452	1421	-9999	573.9156	3	0.6674	0.6688	-0.0001	65.6890	3.0789	799.6369	348.0543	37.0602	742.0800	95.6250	793.0855	95.0000	799.1702	95.0000	803.8876	95.0463	
22/08/2017	02:18:06	019001	H375094941HLR	L375	S		736.9028	1.0311	0.0000	99.9922	39.6561	0.8230	0.8245	5.0000	19.2620	860.0436	94.9306	19.2523	24.3000	0.9300	0.9352	0.6674	0.0000	860.0000	861.7008	1.0285	-0.4161	99.8094	39.0542	0.8230	0.8184	5.0000	-9999.0000	-9999.0000	-9999.0000	-9999.0000	-9999.0000	-9999.0000	18.6829	2	0	28.6137	1.0000	99	9	-9999.0000	24299	53054	-9999	1453	1422	-9999	574.0173	3	0.6674	0.6685	-0.0001	67.0110	3.0179	792.9337	346.9266	35.9954	736.6420	95.7407	786.3836	94.9306	792.3355	94.9306	797.4617	95.0694	
22/08/2017	02:18:36	019001	H375094934HLR	L375	S		736.8940	1.0311	0.0000	100.0375	39.6750	0.8230	0.8258	5.0000	17.2920	860.0762	94.9306	18.3421	24.3000	0.9300	0.9352	0.6673	0.0000	860.0000	860.3924	1.0285	-0.3388	99.8073	39.0563	0.8230	0.8184	5.0000	-9999.0000	-9999.0000	-9999.0000	-9999.0000	-9999.0000	-9999.0000	18.7714	3	0	29.5231	1.0000	99	9	-9999.0000	24300	53055	-9999	1454	1423	-9999	574.0352	3	0.6673	0.6687	-0.0001	70.2826	2.8734	794.9384	341.3731	37.4537	736.0205	95.5787	787.4899	95.4167	794.4691	95.2778	799.6113	95.1157	
22/08/2017	02:19:06	019001	H375094850HLR	L375	S		741.6475	1.0311	0.0000	99.9486	39.6978	0.8230	0.8256	5.0000	17.2020	860.0623	94.9074	16.8019	24.3000	0.9300	0.9353	0.6673	0.0000	860.0000	859.5203	1.0285	-0.2873	99.7509	39.0591	0.8230	0.8184	5.0000	-9999.0000	-9999.0000	-9999.0000	-9999.0000	-9999.0000	-9999.0000	18.7621	4	0	29.9138	1.0000	99	9	-9999.0000	24301	53056	-9999	1455	1424	-9999	573.9958	3	0.6673	0.6695	-0.0001	64.5400	3.1534	802.3097	342.7134	37.7778	743.2942	95.4630	794.1281	95.1620	801.6925	95.1389	806.0301	95.1157	
22/08/2017	02:19:33	019001	H375094945HLR	L375	S		741.4427	1.0311	0.0000	100.0000	39.6762	0.8230	0.8250	5.0000	18.0618	860.0653	94.9306	16.9024	24.3000	0.9300	0.9352	0.6673	0.0000	860.0000	860.0772	1.0285	-0.3202	99.9677	39.0586	0.8230	0.8183	5.0000	-9999.0000	-9999.0000	-9999.0000	-9999.0000	-9999.0000	-9999.0000	18.8118	5	0	27.6540	1.0000	99	9	-9999.0000	24302	53057	-9999	1455	1425	-9999	573.9943	3	0.6673	0.6703	-0.0002	57.6282	3.5138	801.5173	342.8854	37.3843	743.0029	95.4398	792.8936	95.2546	801.0884	95.1620	805.6020	95.1157	
22/08/2017	02:20:01	019001	H375094868HLR	L375	S		741.7077	1.0311	0.0000	100.0575	39.6682	0.8230	0.8258	5.0000	17.1125	860.0818	94.9537	16.2920	24.3000	0.9300	0.9353	0.6673	0.0000	860.0000	859.3032	1.0285	-0.2744	100.0179	39.0555	0.8230	0.8184	5.0000	-9999.0000	-9999.0000	-9999.0000	-9999.0000	-9999.0000	-9999.0000	18.8615	6	0	27.8733	1.0000	99	9	-9999.0000	24303	53058	-9999	1456	1426	-9999	573.9513	3	0.6673	0.6703	-0.0002	57.6282	3.5138	801.2810	338.0220	38.2176	745.6229	95.1157	793.9997	94.7685	800.5448	94.8148	805.3905	95.0231	
