Data	Timp	Nr. masina	Nr. de serie	Tip	Productie	Comentariu	Pre-masurare Q [ml/min]	Pre-masurare Gain	Pre-masurare Offset Master	Pre-masurare P [bar]	Pre-masurare T [°C]	Pre-masurare Densitate fixa [kg/l]	Pre-masurare densitate masurata [kg/l]	Pre-masurare Timp masurare [s]	Pre-masurare Cycle time [s]	rectificare Q Oprire [ml/min]	rectificare P Oprire [bar]	rectificare Timp rectificare [s]	rectificare T [°C]	rectificare Densitate fixa [kg/l]	rectificare densitate masurata [kg/l]	rectificare Factor de masurare la rectificare	rectificare Factor de corectie a debitului	rectificare Target rectificare	Masurare Q [ml/min]	Masurare Gain	Masurare Offset Master	Masurare P [bar]	Masurare T [°C]	Masurare Densitate fixa [kg/l]	Masurare densitate masurata [kg/l]	Masurare Timp masurare [s]	Masurare Q [ml/min]	Masurare Delta Q [ml/min]	Masurare P [bar]	Masurare BP [bar]	Masurare T [°C]	Masurare Timp masurare [s]	Masurare Cycle time [s]	Nest Nr.	Cod de descarcare	Cycle time [s]	Traceability aktiv	EDM Maschine Nr	EDM Spindle Nr	Honing Rate [r	Station Counter Premeasure	Station Counter Grind	Station Counter Blowout 1	Station Counter Wash	Station Counter Measure	Station Counter Blowout 2	RealGrindQStop	Reg Type	Factor 0	Factor 1	Factor 2	Factor 3	Factor 4	G_StartQV	G_StartQV_1	G_StartQV_2	G_StartQV_3	G_StartQV_4	G_StartQV_5	
11/08/2017	00:00:23	019001	H421040222HLR	L421	S		696.2024	1.0311	0.0000	100.0454	39.7000	0.8230	0.8241	5.0000	17.4015	815.1081	96.9213	12.8316	25.9000	0.9300	0.9392	0.7008	-0.0015	815.0000	816.1477	1.0285	-2.0000	100.0668	39.2925	0.8230	0.8166	5.0000	-9999.0000	-9999.0000	-9999.0000	-9999.0000	-9999.0000	-9999.0000	20.3324	4	0	24.9336	1.0000	99	9	-9999.0000	2237	31834	-9999	737	729	-9999	555.1163	5	0.6793	0.7008	-0.0015	80.4031	3.0009	746.2577	337.2562	37.2685	681.7216	97.4074	734.0339	96.9676	745.2478	97.0139	753.8379	97.1065	
11/08/2017	00:00:50	019001	H421040226HLR	L421	S		697.0982	1.0311	0.0000	99.9831	39.6977	0.8230	0.8241	5.0000	17.4221	815.1255	96.8981	12.5015	25.9000	0.9300	0.9392	0.7015	-0.0016	815.0000	814.4449	1.0285	-2.0000	99.9305	39.2935	0.8230	0.8165	5.0000	-9999.0000	-9999.0000	-9999.0000	-9999.0000	-9999.0000	-9999.0000	20.4128	5	0	27.1829	1.0000	99	9	-9999.0000	2238	31835	-9999	738	730	-9999	555.5439	5	0.6804	0.7015	-0.0016	77.9022	3.1993	746.4403	335.6208	36.4352	681.0868	97.5926	734.5754	97.0370	745.3678	97.1065	754.4459	97.0602	
11/08/2017	00:01:43	019001	H421040242HLR	L421	S		696.7559	1.0311	0.0000	99.9276	39.6901	0.8230	0.8235	5.0000	19.0921	815.1000	96.8750	12.7613	25.9000	0.9300	0.9393	0.7019	-0.0016	815.0000	815.2489	1.0285	-2.0000	99.9826	39.1456	0.8230	0.8160	5.0000	-9999.0000	-9999.0000	-9999.0000	-9999.0000	-9999.0000	-9999.0000	20.2223	7	0	27.5825	1.0000	99	9	-9999.0000	2240	31836	-9999	739	731	-9999	555.2475	5	0.6802	0.7019	-0.0016	76.4347	3.3107	746.1257	342.7912	36.2731	684.3260	97.8704	734.2948	97.1296	744.8963	97.1759	753.8600	97.0833	
11/08/2017	00:02:11	019001	H421040253HLR	L421	S		698.1270	1.0311	0.0000	100.1526	39.6958	0.8230	0.8242	5.0000	17.3117	815.0974	96.9444	12.7516	25.8000	0.9300	0.9390	0.7016	-0.0016	815.0000	815.4631	1.0285	-2.0000	99.9843	39.1838	0.8230	0.8170	5.0000	-9999.0000	-9999.0000	-9999.0000	-9999.0000	-9999.0000	-9999.0000	20.0024	8	0	27.9839	1.0000	99	9	-9999.0000	2241	31837	-9999	739	732	-9999	555.1768	5	0.6802	0.7016	-0.0016	82.7797	2.8072	744.5229	347.6044	36.0648	683.1903	97.6620	732.2353	96.7824	743.3946	96.8519	752.1164	97.0370	
11/08/2017	00:02:38	019001	H421040263HLR	L421	S		694.6702	1.0311	0.0000	100.0366	39.7064	0.8230	0.8242	5.0000	17.2922	815.0776	96.9907	15.1513	25.8000	0.9300	0.9393	0.7019	-0.0016	815.0000	814.9425	1.0285	-2.0000	99.9912	39.2927	0.8230	0.8169	5.0000	-9999.0000	-9999.0000	-9999.0000	-9999.0000	-9999.0000	-9999.0000	20.2818	1	0	27.4331	1.0000	13	3	-9999.0000	2242	31838	-9999	740	733	-9999	552.0353	5	0.6805	0.7019	-0.0016	78.9142	3.1126	733.0498	333.8157	36.8287	670.0330	97.7546	722.2091	97.2454	732.4604	97.2685	738.3836	97.0139	
11/08/2017	00:03:03	019001	H421040237HLR	L421	S		698.7977	1.0311	0.0000	100.0459	39.7000	0.8230	0.8241	5.0000	17.4621	815.1504	96.9444	14.1814	25.8000	0.9300	0.9392	0.7019	-0.0016	815.0000	815.9111	1.0285	-2.0000	99.9847	39.2955	0.8230	0.8166	5.0000	-9999.0000	-9999.0000	-9999.0000	-9999.0000	-9999.0000	-9999.0000	20.0023	2	0	25.2434	1.0000	13	3	-9999.0000	2242	31839	-9999	741	734	-9999	553.3921	5	0.6805	0.7019	-0.0016	78.9142	3.1126	737.4926	338.9542	35.0231	676.9367	97.8241	726.5490	96.8519	736.5018	96.9213	744.4901	97.0139	
11/08/2017	00:03:31	019001	H421040252HLR	L421	S		699.7987	1.0311	0.0000	100.0029	39.6978	0.8230	0.8240	5.0000	17.3125	815.0832	97.0139	15.5126	25.8000	0.9300	0.9391	0.7026	-0.0017	815.0000	816.6709	1.0285	-2.0000	99.9691	39.2552	0.8230	0.8165	5.0000	-9999.0000	-9999.0000	-9999.0000	-9999.0000	-9999.0000	-9999.0000	20.1117	3	0	27.6830	1.0000	13	3	-9999.0000	2243	31840	-9999	741	735	-9999	551.4527	5	0.6806	0.7026	-0.0017	91.3296	2.1161	733.9426	321.1473	35.6481	673.0268	97.8241	722.5327	97.1296	733.0073	97.1296	740.8064	97.0602	
11/08/2017	00:03:58	019001	H421042447HLR	L421	S		693.2392	1.0311	0.0000	99.9482	39.6955	0.8230	0.8242	5.0000	17.2824	815.0767	96.8750	16.6417	25.8000	0.9300	0.9391	0.7039	-0.0018	815.0000	813.3254	1.0285	-2.0000	99.9655	39.2442	0.8230	0.8166	5.0000	-9999.0000	-9999.0000	-9999.0000	-9999.0000	-9999.0000	-9999.0000	20.4927	4	0	27.3938	1.0000	13	3	-9999.0000	2244	31841	-9999	742	736	-9999	549.4905	5	0.6805	0.7039	-0.0018	112.3737	0.4570	722.2034	323.4067	34.4676	659.9018	98.0556	712.1249	97.1296	721.4794	97.1296	728.9138	97.0602	
11/08/2017	00:04:27	019001	H421040219HLR	L421	S		694.9492	1.0311	0.0000	99.9818	39.7000	0.8230	0.8240	5.0000	17.4816	815.1017	97.0139	15.4023	25.8000	0.9300	0.9390	0.7019	-0.0016	815.0000	815.6532	1.0285	-2.0000	99.9963	39.2577	0.8230	0.8165	5.0000	-9999.0000	-9999.0000	-9999.0000	-9999.0000	-9999.0000	-9999.0000	20.7722	5	0	28.1734	1.0000	13	3	-9999.0000	2245	31842	-9999	743	737	-9999	551.7337	5	0.6804	0.7019	-0.0016	110.0335	0.6442	731.3331	337.2733	36.3194	670.0900	97.5463	720.6904	96.9213	730.3438	96.9444	739.0074	97.0139	
11/08/2017	00:04:53	019001	H421040233HLR	L421	S		668.2985	1.0311	0.0000	100.0911	39.7000	0.8230	0.8243	5.0000	17.0919	815.1171	96.9213	13.8210	25.8000	0.9300	0.9391	0.7021	-0.0017	815.0000	815.0621	1.0285	-2.0000	99.9948	39.2621	0.8230	0.8166	5.0000	-9999.0000	-9999.0000	-9999.0000	-9999.0000	-9999.0000	-9999.0000	20.1225	6	0	26.2435	1.0000	99	9	-9999.0000	2246	31843	-9999	744	738	-9999	553.7647	5	0.6801	0.7021	-0.0017	112.2751	0.4654	741.5377	324.9789	34.3519	675.5209	97.7546	730.6338	96.8750	740.6629	96.8519	748.8189	97.0370	
11/08/2017	00:05:22	019001	H421042437HLR	L421	S		695.3532	1.0311	0.0000	99.9818	39.7000	0.8230	0.8242	5.0000	17.0813	815.1164	96.9907	15.6220	25.8000	0.9300	0.9391	0.7044	-0.0018	815.0000	814.5610	1.0285	-2.0000	99.9845	39.2460	0.8230	0.8165	5.0000	-9999.0000	-9999.0000	-9999.0000	-9999.0000	-9999.0000	-9999.0000	20.7221	7	0	28.8228	1.0000	13	3	-9999.0000	2247	31844	-9999	745	739	-9999	551.0032	5	0.6795	0.7044	-0.0018	116.7525	0.1141	728.0558	340.9733	36.0417	666.1216	97.7083	717.1364	97.1296	727.0739	97.1528	734.6597	97.0602	
11/08/2017	00:05:48	019001	H421042445HLR	L421	S		692.4386	1.0311	0.0000	100.0841	39.6950	0.8230	0.8242	5.0000	17.1826	815.1072	96.9444	15.9727	25.8000	0.9300	0.9391	0.7017	-0.0016	815.0000	814.3900	1.0285	-2.0000	99.9892	39.2557	0.8230	0.8167	5.0000	-9999.0000	-9999.0000	-9999.0000	-9999.0000	-9999.0000	-9999.0000	20.1020	8	0	25.9836	1.0000	13	3	-9999.0000	2247	31845	-9999	746	740	-9999	550.9015	5	0.6789	0.7017	-0.0016	114.3008	0.3026	726.7134	343.0227	37.0833	665.2600	97.3611	716.1161	96.8287	725.8599	96.9444	733.7693	97.0370	
11/08/2017	00:06:16	019001	H421042440HLR	L421	S		697.2931	1.0311	0.0000	100.0051	39.7000	0.8230	0.8241	5.0000	17.4416	815.0661	96.9213	16.1524	25.8000	0.9300	0.9391	0.7019	-0.0016	815.0000	815.8505	1.0285	-2.0000	100.0629	39.2574	0.8230	0.8165	5.0000	-9999.0000	-9999.0000	-9999.0000	-9999.0000	-9999.0000	-9999.0000	20.5826	1	0	28.1431	1.0000	13	3	-9999.0000	2248	31846	-9999	747	741	-9999	550.5776	5	0.6789	0.7019	-0.0016	112.8516	0.4182	729.5924	343.8078	35.2083	668.5732	97.7546	718.3384	96.8056	728.7400	96.8981	736.1650	97.0602	
11/08/2017	00:06:44	019001	H421042428HLR	L421	S		700.7567	1.0311	0.0000	100.0306	39.7000	0.8230	0.8242	5.0000	17.2315	815.1116	96.9907	14.8915	25.9000	0.9300	0.9391	0.7013	-0.0016	815.0000	816.4152	1.0285	-2.0000	99.9912	39.2539	0.8230	0.8166	5.0000	-9999.0000	-9999.0000	-9999.0000	-9999.0000	-9999.0000	-9999.0000	20.3921	2	0	28.1040	1.0000	13	3	-9999.0000	2249	31847	-9999	747	742	-9999	552.3176	5	0.6787	0.7013	-0.0016	112.2833	0.4536	735.5388	326.5881	34.4676	669.0235	97.8935	724.3251	97.0370	734.7770	97.0139	742.5267	97.0602	
11/08/2017	00:07:14	019001	H421042423HLR	L421	S		693.4338	1.0311	0.0000	100.0867	39.7000	0.8230	0.8242	5.0000	17.1025	815.0956	96.8750	16.7618	25.8000	0.9300	0.9391	0.7020	-0.0016	815.0000	814.1292	1.0285	-2.0000	100.0375	39.2704	0.8230	0.8166	5.0000	-9999.0000	-9999.0000	-9999.0000	-9999.0000	-9999.0000	-9999.0000	20.1127	3	0	29.7233	1.0000	13	3	-9999.0000	2250	31848	-9999	748	743	-9999	549.8307	5	0.6783	0.7020	-0.0016	110.0425	0.5934	725.0178	317.2801	35.6713	662.3074	97.7083	714.2050	96.9676	724.1779	97.1065	731.1057	97.0833	
11/08/2017	00:07:41	019001	H421042403HLR	L421	S		701.1062	1.0311	0.0000	99.9919	39.6979	0.8230	0.8241	5.0000	17.3918	815.1375	96.9444	14.6122	25.9000	0.9300	0.9391	0.6994	-0.0015	815.0000	816.1051	1.0285	-2.0000	99.8962	39.2600	0.8230	0.8165	5.0000	-9999.0000	-9999.0000	-9999.0000	-9999.0000	-9999.0000	-9999.0000	20.3324	4	0	27.3530	1.0000	13	3	-9999.0000	2251	31849	-9999	749	744	-9999	552.8200	5	0.6777	0.6994	-0.0015	108.0788	0.7475	737.4592	321.4140	36.6435	671.9229	97.4537	727.1796	97.0139	736.5319	96.8981	744.5357	97.0370	
11/08/2017	00:08:09	019001	H421034854HLR	L421	S		690.0643	1.0311	0.0000	99.9849	39.6938	0.8230	0.8239	5.0000	17.8722	815.0969	96.9444	16.0820	25.8000	0.9300	0.9391	0.6999	-0.0015	815.0000	813.8113	1.0285	-2.0000	99.9832	39.2458	0.8230	0.8165	5.0000	-9999.0000	-9999.0000	-9999.0000	-9999.0000	-9999.0000	-9999.0000	20.6020	5	0	28.1636	1.0000	13	3	-9999.0000	2252	31850	-9999	750	745	-9999	550.8231	5	0.6771	0.6999	-0.0015	106.5748	0.8229	727.8970	337.8517	37.5694	653.9788	97.5231	714.7762	96.9676	727.0224	97.0370	734.2268	97.0602	
11/08/2017	00:08:34	019001	H421042407HLR	L421	S		691.8708	1.0311	0.0000	99.9423	39.6958	0.8230	0.8242	5.0000	17.4318	815.0746	96.8519	16.7120	25.8000	0.9300	0.9391	0.6981	-0.0014	815.0000	814.1064	1.0285	-2.0000	100.0605	39.2466	0.8230	0.8166	5.0000	-9999.0000	-9999.0000	-9999.0000	-9999.0000	-9999.0000	-9999.0000	20.6626	6	0	24.9035	1.0000	13	3	-9999.0000	2253	31851	-9999	751	746	-9999	550.0461	5	0.6767	0.6981	-0.0014	96.4062	1.4542	726.3353	340.0072	35.4630	664.8424	97.8009	715.9212	97.1065	725.5057	97.1528	733.1933	97.0833	
11/08/2017	00:09:01	019001	H421042413HLR	L421	S		691.6349	1.0311	0.0000	99.8993	39.7000	0.8230	0.8241	5.0000	17.4112	815.0967	96.8519	17.6819	25.8000	0.9300	0.9390	0.6958	-0.0012	815.0000	814.0122	1.0285	-2.0000	100.0310	39.2736	0.8230	0.8167	5.0000	-9999.0000	-9999.0000	-9999.0000	-9999.0000	-9999.0000	-9999.0000	20.1430	7	0	26.5432	1.0000	13	3	-9999.0000	2254	31852	-9999	751	747	-9999	549.2372	5	0.6765	0.6958	-0.0012	93.5406	1.6220	728.8602	335.9100	35.0463	672.5576	97.5694	718.7736	96.6435	727.9509	96.7361	734.9563	97.0139	
11/08/2017	00:22:23	019001	H421042417HLR	L421	S		694.3947	1.0311	0.0000	100.0596	39.7000	0.8230	0.8241	5.0000	17.3820	815.0820	97.0139	15.9824	25.9000	0.9300	0.9391	0.6947	-0.0012	815.0000	814.1012	1.0285	-2.0000	100.0176	39.2672	0.8230	0.8167	5.0000	-9999.0000	-9999.0000	-9999.0000	-9999.0000	-9999.0000	-9999.0000	20.2827	8	0	802.8577	1.0000	13	3	-9999.0000	2255	31853	-9999	752	748	-9999	550.9533	5	0.6764	0.6947	-0.0012	77.7934	2.5503	732.6226	316.0777	33.8657	671.3705	97.9398	722.5321	97.0139	731.8437	96.8750	738.8601	97.0602	
11/08/2017	00:22:52	019001	H421042401HLR	L421	S		698.5414	1.0311	0.0000	99.9673	39.7000	0.8230	0.8241	5.0000	17.2119	815.0867	96.9213	16.1318	25.9000	0.9300	0.9391	0.6882	-0.0008	815.0000	817.3546	1.0285	-2.0000	100.0432	39.2667	0.8230	0.8165	5.0000	-9999.0000	-9999.0000	-9999.0000	-9999.0000	-9999.0000	-9999.0000	20.7624	1	0	28.5531	1.0000	13	3	-9999.0000	2256	31854	-9999	753	749	-9999	551.0749	5	0.6765	0.6882	-0.0008	78.5893	2.5804	742.5154	325.7806	35.1852	677.4731	97.7778	732.5333	96.9907	741.7310	97.0139	748.7690	97.0602	
11/08/2017	00:23:18	019001	H421039888HLR	L421	S		703.7379	1.0311	0.0000	100.0457	39.6898	0.8230	0.8240	5.0000	17.4415	815.0913	96.8981	12.3316	25.9000	0.9300	0.9391	0.6879	-0.0007	815.0000	814.0213	1.0285	-2.0000	100.0469	38.8327	0.8230	0.8174	5.0000	-9999.0000	-9999.0000	-9999.0000	-9999.0000	-9999.0000	-9999.0000	18.9221	2	0	25.7629	1.0000	13	3	-9999.0000	2257	31855	-9999	754	750	-9999	553.3725	5	0.6765	0.6879	-0.0007	72.0126	3.0196	757.9294	327.3025	35.3241	692.5338	97.7083	746.7714	96.9444	757.1654	96.9676	763.8368	97.0370	
11/08/2017	00:23:44	019001	H421042410HLR	L421	S		698.3192	1.0311	0.0000	99.9522	39.6982	0.8230	0.8241	5.0000	17.2813	815.1130	96.9213	14.4920	25.9000	0.9300	0.9391	0.6888	-0.0008	815.0000	814.8461	1.0285	-2.0000	100.0369	38.9760	0.8230	0.8180	5.0000	-9999.0000	-9999.0000	-9999.0000	-9999.0000	-9999.0000	-9999.0000	18.6125	3	0	26.8333	1.0000	13	3	-9999.0000	2258	31856	-9999	755	751	-9999	552.2202	5	0.6764	0.6888	-0.0008	78.9407	2.5416	746.1995	347.3894	36.4583	686.1646	97.6157	735.7625	97.1065	745.3642	97.1759	753.1360	96.9907	
11/08/2017	00:24:10	019001	H421039882HLR	L421	S		701.4579	1.0311	0.0000	100.0497	39.6930	0.8230	0.8240	5.0000	17.8321	815.1123	96.9213	13.3923	25.9000	0.9300	0.9391	0.6891	-0.0008	815.0000	815.1760	1.0285	-2.0000	99.8780	39.0625	0.8230	0.8178	5.0000	-9999.0000	-9999.0000	-9999.0000	-9999.0000	-9999.0000	-9999.0000	18.5920	4	0	25.6936	1.0000	13	3	-9999.0000	2259	31857	-9999	756	752	-9999	552.9972	5	0.6761	0.6891	-0.0008	78.8191	2.5470	751.0206	341.4928	37.7083	687.6035	97.1991	740.3631	96.7824	750.1239	96.8981	757.7070	97.0370	
11/08/2017	00:24:38	019001	H421039881HLR	L421	S		689.4283	1.0311	0.0000	100.1043	39.6983	0.8230	0.8242	5.0000	17.3116	815.0925	96.9444	16.4923	25.5000	0.9300	0.9380	0.6887	-0.0008	815.0000	815.1263	1.0285	-2.0000	99.9036	39.0593	0.8230	0.8174	5.0000	-9999.0000	-9999.0000	-9999.0000	-9999.0000	-9999.0000	-9999.0000	18.7425	5	0	27.8833	1.0000	13	3	-9999.0000	2260	31858	-9999	757	753	-9999	550.8042	5	0.6759	0.6887	-0.0008	77.4262	2.5936	733.6432	329.3496	37.9630	673.7857	98.1944	723.5515	97.2454	732.8293	97.1065	739.8249	97.0602	
11/08/2017	00:25:03	019001	H421039916HLR	L421	S		697.5607	1.0311	0.0000	100.0361	39.4438	0.8230	0.8242	5.0000	17.1417	815.1281	96.9907	14.3719	25.7000	0.9300	0.9387	0.6911	-0.0009	815.0000	815.1621	1.0285	-2.0000	100.0328	39.0327	0.8230	0.8173	5.0000	-9999.0000	-9999.0000	-9999.0000	-9999.0000	-9999.0000	-9999.0000	18.8920	6	0	24.9231	1.0000	13	3	-9999.0000	2261	31859	-9999	758	754	-9999	552.4142	5	0.6762	0.6911	-0.0009	80.6197	2.3831	742.6601	349.9371	36.9444	678.0524	98.2870	733.1682	97.0602	741.7125	96.8981	749.2562	97.0602	
11/08/2017	00:25:30	019001	H421039912HLR	L421	S		697.8101	1.0311	0.0000	100.0352	39.4883	0.8230	0.8246	5.0000	17.3722	815.0748	96.9907	14.7518	25.7000	0.9300	0.9389	0.6909	-0.0009	815.0000	816.0453	1.0285	-2.0000	99.8951	39.0392	0.8230	0.8172	5.0000	-9999.0000	-9999.0000	-9999.0000	-9999.0000	-9999.0000	-9999.0000	19.0726	7	0	26.5832	1.0000	13	3	-9999.0000	2262	31860	-9999	759	755	-9999	552.2432	5	0.6765	0.6909	-0.0009	80.9636	2.3807	743.5492	366.1173	36.6898	681.4273	98.4028	732.9781	97.5231	742.6938	97.4306	750.3037	97.0833	
11/08/2017	00:25:56	019001	H421039870HLR	L421	S		699.7394	1.0311	0.0000	99.9975	39.5880	0.8230	0.8248	5.0000	17.1418	815.0708	96.9676	14.3318	25.8000	0.9300	0.9389	0.6907	-0.0009	815.0000	815.9380	1.0285	-2.0000	99.9544	39.0525	0.8230	0.8174	5.0000	-9999.0000	-9999.0000	-9999.0000	-9999.0000	-9999.0000	-9999.0000	18.8627	8	0	26.0431	1.0000	13	3	-9999.0000	2263	31861	-9999	760	756	-9999	552.5755	5	0.6767	0.6907	-0.0009	82.1860	2.3189	744.9343	367.1394	37.2454	682.4019	98.0787	734.2223	97.2454	744.0762	97.2917	751.5010	97.0602	
11/08/2017	00:26:24	019001	H421039891HLR	L421	S		691.2351	1.0311	0.0000	99.9855	39.6350	0.8230	0.8244	5.0000	17.4328	815.0770	96.9907	15.8711	25.7000	0.9300	0.9389	0.6906	-0.0009	815.0000	813.3446	1.0285	-2.0000	99.9570	39.0770	0.8230	0.8172	5.0000	-9999.0000	-9999.0000	-9999.0000	-9999.0000	-9999.0000	-9999.0000	19.1225	1	0	28.6832	1.0000	13	3	-9999.0000	2264	31862	-9999	761	757	-9999	551.4366	5	0.6767	0.6906	-0.0009	79.2134	2.5483	736.9972	350.5047	36.9444	675.9378	97.9630	727.8406	96.9444	736.2471	96.9907	743.6033	96.9907	
11/08/2017	00:26:50	019001	H421039959HLR	L421	S		698.4298	1.0311	0.0000	100.0555	39.5851	0.8230	0.8243	5.0000	17.2716	698.9521	99.2130	4.5904	25.9000	0.9300	0.9386	0.6906	-0.0009	815.0000	754.2467	1.0285	-2.4520	99.9833	39.1074	0.8230	0.8177	5.0000	-9999.0000	-9999.0000	-9999.0000	-9999.0000	-9999.0000	-9999.0000	18.9720	2	32	25.8637	1.0000	13	3	-9999.0000	2265	31862	-9999	762	758	-9999	469.1823	5	0.6768	0.6906	-0.0009	79.9359	2.5371	743.7073	359.3298	35.7870	682.7400	97.8472	733.0645	97.0139	742.7331	97.0602	453.1855	39.5833	
11/08/2017	00:27:21	019001	H421039885HLR	L421	S		699.7209	1.0311	0.0000	100.1008	39.5723	0.8230	0.8243	5.0000	17.2228	815.0725	96.9444	14.5018	25.8000	0.9300	0.9391	0.6906	-0.0009	815.0000	814.9261	1.0285	-2.0000	99.9502	39.0907	0.8230	0.8170	5.0000	-9999.0000	-9999.0000	-9999.0000	-9999.0000	-9999.0000	-9999.0000	19.2827	3	0	31.1933	1.0000	13	3	-9999.0000	2266	31863	-9999	763	759	-9999	552.3738	5	0.6767	0.6906	-0.0009	82.0788	2.3813	745.0166	341.3582	36.5509	684.3141	98.4722	734.3827	97.3148	744.1207	97.3611	751.5131	97.0370	
11/08/2017	00:27:48	019001	H421039874HLR	L421	S		697.9155	1.0311	0.0000	99.9608	39.5619	0.8230	0.8239	5.0000	18.3723	815.0739	96.9444	14.6717	25.7000	0.9300	0.9389	0.6904	-0.0009	815.0000	814.9647	1.0285	-2.0000	99.9402	39.0782	0.8230	0.8172	5.0000	-9999.0000	-9999.0000	-9999.0000	-9999.0000	-9999.0000	-9999.0000	19.1528	4	0	26.8332	1.0000	13	3	-9999.0000	2267	31864	-9999	764	760	-9999	552.1686	5	0.6769	0.6904	-0.0009	82.6599	2.3388	743.0136	354.6119	36.8287	680.1669	97.7546	731.6591	97.1991	742.1076	97.1528	749.6234	97.0833	
11/08/2017	00:28:15	019001	H421039895HLR	L421	S		686.9250	1.0311	0.0000	100.0004	39.5870	0.8230	0.8247	5.0000	16.9727	815.0680	96.8981	16.6016	25.7000	0.9300	0.9390	0.6904	-0.0009	815.0000	807.2629	1.0285	-2.0000	99.9716	39.1022	0.8230	0.8170	5.0000	-9999.0000	-9999.0000	-9999.0000	-9999.0000	-9999.0000	-9999.0000	19.2825	5	0	26.5032	1.0000	13	3	-9999.0000	2268	31865	-9999	765	761	-9999	550.7787	5	0.6772	0.6904	-0.0009	73.4764	3.0009	738.2160	351.6401	37.7778	678.5283	97.4306	727.5945	96.9444	737.4189	96.9907	744.4849	97.0370	
11/08/2017	00:28:42	019001	H421039904HLR	L421	Q		699.3643	1.0311	0.0000	100.0365	39.6334	0.8230	0.8244	5.0000	17.2619	815.1120	96.9676	14.5115	25.8000	0.9300	0.9391	0.6904	-0.0009	815.0000	816.2816	1.0285	-2.0000	99.9391	39.0953	0.8230	0.8171	5.0000	-9999.0000	-9999.0000	-9999.0000	-9999.0000	-9999.0000	-9999.0000	19.2416	6	0	26.8540	1.0000	13	3	-9999.0000	2269	31866	-9999	766	762	-9999	552.3346	5	0.6772	0.6904	-0.0009	73.4764	3.0009	746.2219	333.1756	35.8333	681.4262	97.6852	735.5390	96.9444	745.4169	96.9676	752.6632	97.0139	
11/08/2017	00:29:08	019001	H421039940HLR	L421	Q		694.7638	1.0311	0.0000	99.9858	39.6096	0.8230	0.8242	5.0000	17.2422	815.0859	97.0139	15.4120	25.8000	0.9300	0.9391	0.6915	-0.0010	815.0000	814.0603	1.0285	-2.0000	99.9716	39.1174	0.8230	0.8171	5.0000	-9999.0000	-9999.0000	-9999.0000	-9999.0000	-9999.0000	-9999.0000	19.3919	7	0	26.1730	1.0000	13	3	-9999.0000	2270	31867	-9999	767	763	-9999	551.5693	5	0.6773	0.6915	-0.0010	65.9262	3.5415	737.1839	346.2225	35.7639	674.8018	97.6157	726.5741	96.8519	736.4731	96.9444	743.4101	97.0370	
11/08/2017	00:29:35	019001	H421039934HLR	L421	S		696.0913	1.0311	0.0000	100.0740	39.5866	0.8230	0.8243	5.0000	17.2227	815.1180	97.0139	15.4423	25.8000	0.9300	0.9391	0.6913	-0.0009	815.0000	814.4999	1.0285	-2.0000	99.9675	39.1326	0.8230	0.8171	5.0000	-9999.0000	-9999.0000	-9999.0000	-9999.0000	-9999.0000	-9999.0000	19.2825	8	0	27.3529	1.0000	13	3	-9999.0000	2271	31868	-9999	768	764	-9999	551.6382	5	0.6777	0.6913	-0.0009	65.5146	3.5649	739.9921	337.6453	35.0463	676.2620	97.8241	728.5272	97.0370	739.0639	96.9907	746.1366	97.0833	
11/08/2017	00:30:05	019001	H421039929HLR	L421	S		694.5328	1.0311	0.0000	100.0557	39.6335	0.8230	0.8243	5.0000	17.1514	815.1635	96.9676	14.4715	25.8000	0.9300	0.9390	0.6880	-0.0007	815.0000	814.0876	1.0285	-2.0000	99.9659	39.1325	0.8230	0.8171	5.0000	-9999.0000	-9999.0000	-9999.0000	-9999.0000	-9999.0000	-9999.0000	19.2328	1	0	29.6941	1.0000	13	3	-9999.0000	2272	31869	-9999	769	765	-9999	552.4236	5	0.6778	0.6880	-0.0007	61.9207	3.7988	744.2385	352.8799	37.2222	682.4365	97.3843	734.0979	96.9676	743.4641	96.9676	750.7315	97.0370	
11/08/2017	00:30:32	019001	H421039923HLR	L421	S		689.5534	1.0311	0.0000	99.9974	39.6064	0.8230	0.8242	5.0000	17.4111	815.1398	97.0139	15.5019	25.8000	0.9300	0.9390	0.6859	-0.0006	815.0000	815.4823	1.0285	-2.0000	100.0643	39.1327	0.8230	0.8170	5.0000	-9999.0000	-9999.0000	-9999.0000	-9999.0000	-9999.0000	-9999.0000	19.3324	2	0	27.0325	1.0000	13	3	-9999.0000	2273	31870	-9999	770	766	-9999	551.8247	5	0.6777	0.6859	-0.0006	61.9900	3.7973	742.5934	351.9796	37.1065	684.0986	97.3843	732.6083	96.9213	741.8008	97.0370	748.5929	97.0602	
11/08/2017	00:30:59	019001	H421039920HLR	L421	S		700.5669	1.0311	0.0000	100.0666	39.6123	0.8230	0.8244	5.0000	17.0616	815.0708	96.9444	14.1121	25.8000	0.9300	0.9390	0.6859	-0.0006	815.0000	814.3125	1.0285	-2.0000	99.9762	39.1301	0.8230	0.8170	5.0000	-9999.0000	-9999.0000	-9999.0000	-9999.0000	-9999.0000	-9999.0000	19.3226	3	0	27.4633	1.0000	13	3	-9999.0000	2274	31871	-9999	771	767	-9999	552.4094	5	0.6776	0.6859	-0.0006	56.4016	4.1564	748.9621	357.2720	36.2963	692.1221	97.4074	738.8686	96.7361	748.0903	96.8287	754.5792	96.9907	
11/08/2017	00:31:26	019001	H421039897HLR	L421	S		697.4030	1.0311	0.0000	100.0389	39.6254	0.8230	0.8243	5.0000	17.2921	815.0912	97.0139	15.0126	25.7000	0.9300	0.9390	0.6859	-0.0006	815.0000	814.8191	1.0285	-2.0000	99.9819	39.1255	0.8230	0.8171	5.0000	-9999.0000	-9999.0000	-9999.0000	-9999.0000	-9999.0000	-9999.0000	19.3421	4	0	26.9837	1.0000	13	3	-9999.0000	2275	31872	-9999	772	768	-9999	552.0274	5	0.6778	0.6859	-0.0006	85.3548	2.1768	743.9564	354.6966	37.7315	681.5976	97.3611	733.7241	96.8981	743.2012	97.0139	750.2038	97.0602	
11/08/2017	00:31:54	019001	H421039926HLR	L421	S		689.2019	1.0311	0.0000	100.0262	39.6176	0.8230	0.8243	5.0000	17.2920	815.1000	96.8750	17.6223	25.7000	0.9300	0.9390	0.6783	-0.0001	815.0000	815.7951	1.0285	-2.0000	99.9336	39.1444	0.8230	0.8171	5.0000	-9999.0000	-9999.0000	-9999.0000	-9999.0000	-9999.0000	-9999.0000	19.3324	5	0	28.0932	1.0000	13	3	-9999.0000	2275	31873	-9999	773	769	-9999	550.7521	5	0.6779	0.6783	-0.0001	85.0322	2.2003	732.9024	351.7682	36.0880	672.9556	97.6157	722.8293	97.0370	732.1619	97.1065	737.9345	97.1065	
11/08/2017	00:32:20	019001	H421039943HLR	L421	S		695.3257	1.0311	0.0000	100.0641	39.6366	0.8230	0.8243	5.0000	17.3020	815.0972	97.0370	15.6318	25.8000	0.9300	0.9390	0.6783	-0.0001	815.0000	814.7362	1.0285	-2.0000	99.9823	39.1517	0.8230	0.8171	5.0000	-9999.0000	-9999.0000	-9999.0000	-9999.0000	-9999.0000	-9999.0000	19.2231	6	0	25.9634	1.0000	13	3	-9999.0000	2276	31874	-9999	774	770	-9999	552.2543	5	0.6779	0.6783	-0.0001	85.0322	2.2003	746.8785	331.9070	35.1852	686.2442	97.5926	737.7204	96.6667	746.1863	96.7130	752.3072	96.9676	
11/08/2017	00:32:48	019001	H421039952HLR	L421	S		692.8423	1.0311	0.0000	100.0011	39.6399	0.8230	0.8243	5.0000	17.2921	815.1318	97.0370	15.4023	25.8000	0.9300	0.9390	0.6836	-0.0004	815.0000	814.5838	1.0285	-2.0000	99.9183	39.1450	0.8230	0.8169	5.0000	-9999.0000	-9999.0000	-9999.0000	-9999.0000	-9999.0000	-9999.0000	19.3625	7	0	27.5334	1.0000	13	3	-9999.0000	2277	31875	-9999	775	771	-9999	552.2842	5	0.6780	0.6836	-0.0004	74.3569	2.9233	743.5130	350.9330	37.3611	682.7141	97.3380	733.1161	96.8519	742.9529	96.9213	749.2636	97.0370	
11/08/2017	00:33:19	019001	H421039964HLR	L421	S		695.0495	1.0311	0.0000	100.0269	39.6271	0.8230	0.8243	5.0000	17.1720	815.0647	96.9676	15.6015	25.8000	0.9300	0.9391	0.6899	-0.0008	815.0000	814.7012	1.0285	-2.0000	99.9638	39.1372	0.8230	0.8170	5.0000	-9999.0000	-9999.0000	-9999.0000	-9999.0000	-9999.0000	-9999.0000	19.7123	8	0	31.4041	1.0000	13	3	-9999.0000	2278	31875	-9999	776	772	-9999	551.8688	5	0.6779	0.6899	-0.0008	84.0883	2.2274	738.3264	326.2765	35.1389	675.0042	97.7546	728.5449	96.9444	737.7401	96.9444	744.0804	97.0833	
11/08/2017	00:33:49	019001	H421039950HLR	L421	S		693.5148	1.0311	0.0000	100.0547	39.6318	0.8230	0.8244	5.0000	17.1818	815.0645	96.9444	16.0615	25.8000	0.9300	0.9390	0.6909	-0.0009	815.0000	815.1512	1.0285	-2.0000	99.9724	39.1547	0.8230	0.8169	5.0000	-9999.0000	-9999.0000	-9999.0000	-9999.0000	-9999.0000	-9999.0000	19.7028	1	0	29.6931	1.0000	13	3	-9999.0000	2279	31876	-9999	777	773	-9999	551.4934	5	0.6777	0.6909	-0.0009	74.5491	2.8970	736.3336	332.5634	36.4815	676.0549	97.4769	725.6980	96.9444	735.5380	96.9676	742.4458	97.0370	
11/08/2017	00:34:17	019001	H421039956HLR	L421	S		694.5674	1.0311	0.0000	99.9520	39.6351	0.8230	0.8242	5.0000	17.3722	815.0764	96.9444	14.5818	25.8000	0.9300	0.9391	0.6907	-0.0009	815.0000	814.2887	1.0285	-2.0000	99.9453	39.1485	0.8230	0.8168	5.0000	-9999.0000	-9999.0000	-9999.0000	-9999.0000	-9999.0000	-9999.0000	19.5521	2	0	28.1235	1.0000	13	3	-9999.0000	2280	31877	-9999	778	773	-9999	552.6736	5	0.6777	0.6907	-0.0009	74.6629	2.8857	741.8599	345.8950	35.1852	678.9196	97.6620	731.0840	96.8981	740.9288	96.9213	748.6328	97.0602	
11/08/2017	00:34:46	019001	H421039965HLR	L421	S		692.1460	1.0311	0.0000	100.0026	39.6414	0.8230	0.8242	5.0000	17.3722	815.1385	97.0139	15.5019	25.7000	0.9300	0.9390	0.6904	-0.0009	815.0000	813.6991	1.0285	-2.0000	99.9682	39.1311	0.8230	0.8169	5.0000	-9999.0000	-9999.0000	-9999.0000	-9999.0000	-9999.0000	-9999.0000	19.6721	3	0	28.7940	1.0000	13	3	-9999.0000	2281	31878	-9999	779	774	-9999	552.1257	5	0.6774	0.6904	-0.0009	69.9623	3.2098	736.6524	343.5672	37.4074	675.5775	97.2917	726.4085	96.8519	735.9947	96.9213	743.0675	97.0139	
11/08/2017	00:35:15	019001	H421042657HLR	L421	S		686.3078	1.0311	0.0000	100.0366	39.6335	0.8230	0.8244	5.0000	17.1418	815.0701	96.8519	20.0122	25.7000	0.9300	0.9391	0.6926	-0.0010	815.0000	816.9792	1.0285	-2.0000	99.9443	39.1472	0.8230	0.8170	5.0000	-9999.0000	-9999.0000	-9999.0000	-9999.0000	-9999.0000	-9999.0000	19.3324	4	0	29.0228	1.0000	13	3	-9999.0000	2282	31879	-9999	780	775	-9999	548.6048	5	0.6773	0.6926	-0.0010	62.2573	3.6659	723.5090	344.6842	35.5556	665.7922	97.7315	712.9921	96.9444	722.6906	97.0370	728.9431	97.0833	
11/08/2017	00:35:45	019001	H421042654HLR	L421	S		685.9656	1.0311	0.0000	100.0428	39.6398	0.8230	0.8244	5.0000	17.1827	815.1415	96.9213	17.6623	25.8000	0.9300	0.9392	0.6934	-0.0010	815.0000	815.2251	1.0285	-2.0000	99.9419	39.1584	0.8230	0.8170	5.0000	-9999.0000	-9999.0000	-9999.0000	-9999.0000	-9999.0000	-9999.0000	19.3133	5	0	29.8737	1.0000	13	3	-9999.0000	2283	31880	-9999	781	776	-9999	550.4487	5	0.6775	0.6934	-0.0010	76.4803	2.8506	726.7285	339.4483	37.6852	667.2066	97.3380	717.6520	96.7824	725.9641	96.7824	732.8591	96.9907	
11/08/2017	00:36:13	019001	H421042678HLR	L421	S		692.7427	1.0311	0.0000	100.0448	39.6446	0.8230	0.8242	5.0000	17.1515	815.0885	96.8750	16.7521	25.8000	0.9300	0.9390	0.6934	-0.0010	815.0000	815.0800	1.0285	-2.0000	99.9443	39.1554	0.8230	0.8170	5.0000	-9999.0000	-9999.0000	-9999.0000	-9999.0000	-9999.0000	-9999.0000	19.3821	6	0	28.6635	1.0000	13	3	-9999.0000	2284	31881	-9999	782	777	-9999	551.1438	5	0.6775	0.6934	-0.0010	76.4803	2.8506	730.6840	327.6866	36.9444	669.2782	97.4074	722.1259	97.0370	729.9193	96.9907	736.4297	97.0370	
11/08/2017	00:36:39	019001	H421042675HLR	L421	S		692.1343	1.0311	0.0000	99.9900	39.6171	0.8230	0.8240	5.0000	17.8821	815.1044	96.8750	16.7120	25.8000	0.9300	0.9390	0.6932	-0.0010	815.0000	814.6943	1.0285	-2.0000	99.9627	39.1540	0.8230	0.8169	5.0000	-9999.0000	-9999.0000	-9999.0000	-9999.0000	-9999.0000	-9999.0000	19.3616	7	0	25.5734	1.0000	13	3	-9999.0000	2285	31882	-9999	783	778	-9999	551.2757	5	0.6775	0.6932	-0.0010	72.1255	3.1157	730.4298	331.7591	34.8148	668.7526	97.7778	720.3569	96.8750	729.5733	96.9444	736.4747	97.0370	
11/08/2017	00:37:04	019001	H421042672HLR	L421	S		688.3475	1.0311	0.0000	100.0971	39.6239	0.8230	0.8245	5.0000	17.0724	815.0753	96.8981	17.6418	25.7000	0.9300	0.9390	0.6978	-0.0013	815.0000	813.9462	1.0285	-2.0000	99.9064	39.1430	0.8230	0.8169	5.0000	-9999.0000	-9999.0000	-9999.0000	-9999.0000	-9999.0000	-9999.0000	19.6723	8	0	24.7931	1.0000	13	3	-9999.0000	2286	31883	-9999	784	779	-9999	550.1334	5	0.6766	0.6978	-0.0013	81.6069	2.5217	722.0957	336.0059	35.8565	662.6688	97.6620	711.4544	96.9907	721.2741	97.0370	728.1788	97.0833	
11/08/2017	00:37:31	019001	H421042665HLR	L421	S		686.3873	1.0311	0.0000	99.9789	39.6492	0.8230	0.8243	5.0000	17.2922	815.1102	96.8750	17.8225	25.8000	0.9300	0.9391	0.6986	-0.0013	815.0000	814.2980	1.0285	-2.0000	100.0254	39.1591	0.8230	0.8171	5.0000	-9999.0000	-9999.0000	-9999.0000	-9999.0000	-9999.0000	-9999.0000	19.3822	1	0	26.8628	1.0000	13	3	-9999.0000	2287	31884	-9999	785	780	-9999	550.0290	5	0.6765	0.6986	-0.0013	84.8946	2.3216	719.3746	342.9126	36.8056	660.1517	97.5000	709.1114	96.6667	718.4092	96.7593	725.7638	97.0139	
11/08/2017	00:37:58	019001	H421042661HLR	L421	S		689.0731	1.0311	0.0000	100.0345	39.6431	0.8230	0.8242	5.0000	17.3017	815.1044	96.8981	17.2521	25.7000	0.9300	0.9391	0.6987	-0.0013	815.0000	814.0119	1.0285	-2.0000	99.9832	39.1733	0.8230	0.8171	5.0000	-9999.0000	-9999.0000	-9999.0000	-9999.0000	-9999.0000	-9999.0000	19.5219	2	0	27.3537	1.0000	13	3	-9999.0000	2288	31885	-9999	786	781	-9999	550.6514	5	0.6767	0.6987	-0.0013	86.1731	2.2276	722.0294	339.5331	35.7176	664.6231	97.5694	712.8137	96.7361	721.1563	96.8750	728.3200	97.0370	
11/08/2017	00:38:26	019001	H421042668HLR	L421	S		709.2184	1.0311	0.0000	99.9995	39.6335	0.8230	0.8241	5.0000	17.3613	815.0740	96.8750	12.0913	25.8000	0.9300	0.9390	0.6987	-0.0013	815.0000	821.5826	1.0285	-2.0000	99.9614	39.1768	0.8230	0.8168	5.0000	-9999.0000	-9999.0000	-9999.0000	-9999.0000	-9999.0000	-9999.0000	19.8119	3	0	27.7934	1.0000	13	1	-9999.0000	2289	31886	-9999	787	782	-9999	556.3210	5	0.6767	0.6987	-0.0013	86.1731	2.2276	753.7747	325.6252	33.7500	684.8938	97.2685	742.0799	96.8519	752.9425	96.7824	761.5039	97.0139	
11/08/2017	00:38:51	019001	H421042663HLR	L421	S		720.6613	1.0311	0.0000	99.9564	39.6414	0.8230	0.8241	5.0000	17.3321	815.1276	96.8750	9.9211	25.9000	0.9300	0.9391	0.6978	-0.0013	815.0000	823.6055	1.0285	-2.0000	99.9851	39.1625	0.8230	0.8167	5.0000	-9999.0000	-9999.0000	-9999.0000	-9999.0000	-9999.0000	-9999.0000	20.0018	4	0	24.8625	1.0000	13	1	-9999.0000	2290	31887	-9999	788	782	-9999	558.5027	5	0.6765	0.6978	-0.0013	88.4023	2.0962	767.9457	334.5602	36.6898	699.2991	97.3611	756.1482	96.5972	767.0624	96.6435	775.2807	97.0139	
11/08/2017	00:39:16	019001	H421042670HLR	L421	S		696.5924	1.0311	0.0000	99.9998	39.6367	0.8230	0.8243	5.0000	17.2724	815.1101	96.9907	14.8416	25.7000	0.9300	0.9391	0.6974	-0.0013	815.0000	819.8687	1.0285	-2.0000	99.9457	39.1655	0.8230	0.8169	5.0000	-9999.0000	-9999.0000	-9999.0000	-9999.0000	-9999.0000	-9999.0000	19.6625	5	0	25.5430	1.0000	13	1	-9999.0000	2291	31888	-9999	789	783	-9999	553.3133	5	0.6762	0.6974	-0.0013	84.5581	2.3411	739.0464	321.7261	36.9907	671.5763	97.7083	727.0694	97.2454	738.1462	97.3148	745.9147	96.9676	
11/08/2017	00:39:44	019001	H421042652HLR	L421	S		689.7928	1.0311	0.0000	100.0161	39.6409	0.8230	0.8245	5.0000	17.0919	815.0803	96.9907	15.9922	25.7000	0.9300	0.9391	0.6978	-0.0013	815.0000	817.7396	1.0285	-2.0000	99.9327	39.1687	0.8230	0.8169	5.0000	-9999.0000	-9999.0000	-9999.0000	-9999.0000	-9999.0000	-9999.0000	19.8119	6	0	27.7935	1.0000	13	1	-9999.0000	2292	31889	-9999	790	784	-9999	552.2413	5	0.6761	0.6978	-0.0013	87.2515	2.1832	729.8239	335.6561	37.3611	668.0537	97.4306	718.8347	96.8287	728.9451	96.9444	736.5919	97.0370	
11/08/2017	00:40:09	019001	H421042650HLR	L421	S		690.3204	1.0311	0.0000	100.0118	39.6489	0.8230	0.8244	5.0000	17.0724	815.1047	97.0139	15.7422	25.8000	0.9300	0.9391	0.6988	-0.0013	815.0000	817.1102	1.0285	-2.0000	100.0517	39.1857	0.8230	0.8169	5.0000	-9999.0000	-9999.0000	-9999.0000	-9999.0000	-9999.0000	-9999.0000	19.8421	7	0	25.5139	1.0000	13	1	-9999.0000	2293	31890	-9999	791	784	-9999	552.6563	5	0.6762	0.6988	-0.0013	84.7168	2.3401	729.7782	335.1065	34.5602	665.9270	97.3611	718.1653	96.9676	728.8835	97.0602	736.3741	97.0833	
11/08/2017	00:40:34	019001	H421039946HLR	L421	S		696.1865	1.0311	0.0000	100.0407	39.6415	0.8230	0.8242	5.0000	17.3109	815.1376	96.9444	13.0514	25.8000	0.9300	0.9392	0.6810	-0.0003	815.0000	814.8410	1.0285	-2.0000	99.9905	39.1828	0.8230	0.8168	5.0000	-9999.0000	-9999.0000	-9999.0000	-9999.0000	-9999.0000	-9999.0000	20.0220	8	0	24.8430	1.0000	13	1	-9999.0000	2294	31891	-9999	792	785	-9999	552.1467	5	0.6761	0.6810	-0.0003	77.6487	2.7495	756.8023	343.4018	36.6204	693.2957	97.5231	744.8735	97.0602	755.8298	97.0833	763.2094	97.0602	
11/08/2017	00:41:00	019001	H421039962HLR	L421	S		699.5124	1.0311	0.0000	100.0622	39.6350	0.8230	0.8242	5.0000	17.3420	815.0699	96.9213	12.6920	25.8000	0.9300	0.9391	0.6804	-0.0003	815.0000	815.4223	1.0285	-2.0000	99.9334	39.1774	0.8230	0.8169	5.0000	-9999.0000	-9999.0000	-9999.0000	-9999.0000	-9999.0000	-9999.0000	19.7524	1	0	25.5031	1.0000	13	1	-9999.0000	2295	31892	-9999	793	786	-9999	551.9313	5	0.6757	0.6804	-0.0003	79.0887	2.6760	759.8090	326.4824	35.8796	696.4130	97.5926	749.0836	97.0833	758.9778	97.0833	765.8825	97.0602	
11/08/2017	00:41:25	019001	H421039948HLR	L421	S		701.8114	1.0311	0.0000	100.0528	39.6335	0.8230	0.8243	5.0000	17.1622	815.0826	96.8750	12.0015	25.8000	0.9300	0.9391	0.6803	-0.0003	815.0000	814.8499	1.0285	-2.0000	99.9540	39.1927	0.8230	0.8169	5.0000	-9999.0000	-9999.0000	-9999.0000	-9999.0000	-9999.0000	-9999.0000	19.7425	2	0	24.8222	1.0000	13	1	-9999.0000	2296	31893	-9999	794	787	-9999	551.9934	5	0.6761	0.6803	-0.0003	77.2264	2.8391	761.7553	343.0769	35.1389	699.2326	97.8241	750.7177	96.9907	761.1431	97.1065	768.4711	97.0602	
11/08/2017	00:41:50	019001	H421039954HLR	L421	S		699.3454	1.0311	0.0000	99.9945	39.6480	0.8230	0.8244	5.0000	17.0616	815.0953	96.8981	12.4419	25.8000	0.9300	0.9392	0.6802	-0.0002	815.0000	816.0445	1.0285	-2.0000	99.9195	39.2028	0.8230	0.8169	5.0000	-9999.0000	-9999.0000	-9999.0000	-9999.0000	-9999.0000	-9999.0000	19.5727	3	0	25.5031	1.0000	13	1	-9999.0000	2297	31894	-9999	795	788	-9999	551.9616	5	0.6762	0.6802	-0.0002	79.1088	2.7373	760.8834	332.5677	37.0602	694.0782	97.5000	749.9921	96.8287	759.9923	96.9444	767.4496	97.0370	
11/08/2017	00:42:15	019001	H421039945HLR	L421	S		700.3269	1.0311	0.0000	99.9903	39.6553	0.8230	0.8240	5.0000	17.6515	815.0948	96.8981	12.6412	25.8000	0.9300	0.9392	0.6807	-0.0003	815.0000	815.2860	1.0285	-2.0000	99.9092	39.1999	0.8230	0.8169	5.0000	-9999.0000	-9999.0000	-9999.0000	-9999.0000	-9999.0000	-9999.0000	19.6517	4	0	25.0431	1.0000	13	1	-9999.0000	2298	31895	-9999	796	789	-9999	552.0549	5	0.6764	0.6807	-0.0003	80.7751	2.6855	758.7921	344.7838	36.7130	693.1904	97.5231	748.0246	97.0833	757.8580	97.0139	764.8787	97.0602	
11/08/2017	00:43:05	019001	H421039936HLR	L421	S		694.6699	1.0311	0.0000	100.0651	39.6445	0.8230	0.8243	5.0000	17.3419	815.1149	96.9213	12.8209	25.9000	0.9300	0.9394	0.6811	-0.0003	815.0000	813.5390	1.0285	-2.0000	99.9206	39.0835	0.8230	0.8164	5.0000	-9999.0000	-9999.0000	-9999.0000	-9999.0000	-9999.0000	-9999.0000	19.4418	6	0	24.9122	1.0000	13	1	-9999.0000	2300	31896	-9999	798	790	-9999	552.0092	5	0.6766	0.6811	-0.0003	77.1660	2.9950	757.5750	328.5463	36.9676	690.5029	97.7778	746.3091	97.3380	756.6922	97.2685	763.6636	97.0602	
11/08/2017	00:43:31	019001	H421039877HLR	L421	S		697.0830	1.0311	0.0000	100.0427	39.6588	0.8230	0.8244	5.0000	17.1017	815.0587	96.9213	12.6422	25.7000	0.9300	0.9390	0.6809	-0.0003	815.0000	813.6886	1.0285	-2.0000	99.9474	39.1028	0.8230	0.8172	5.0000	-9999.0000	-9999.0000	-9999.0000	-9999.0000	-9999.0000	-9999.0000	19.2619	7	0	25.4836	1.0000	13	1	-9999.0000	2301	31897	-9999	799	791	-9999	551.8449	5	0.6766	0.6809	-0.0003	67.2441	3.8105	758.1481	345.5275	35.0926	694.3311	97.8704	747.5135	96.9444	757.2950	96.9907	764.1636	97.0602	
11/08/2017	00:43:56	019001	H421039938HLR	L421	S		694.7128	1.0311	0.0000	100.0005	39.6498	0.8230	0.8242	5.0000	17.4220	815.1071	96.9444	13.6921	25.8000	0.9300	0.9392	0.6822	-0.0004	815.0000	814.8676	1.0285	-2.0000	100.0203	39.2018	0.8230	0.8173	5.0000	-9999.0000	-9999.0000	-9999.0000	-9999.0000	-9999.0000	-9999.0000	19.4817	8	0	24.8830	1.0000	13	1	-9999.0000	2302	31898	-9999	800	792	-9999	551.5568	5	0.6767	0.6822	-0.0004	67.0441	3.8154	751.6464	334.3063	34.2593	685.1777	98.1250	740.8986	97.1991	750.7289	97.1296	758.4118	97.0833	
11/08/2017	00:44:21	019001	H421039932HLR	L421	S		698.6333	1.0311	0.0000	99.9815	39.6491	0.8230	0.8242	5.0000	17.4123	815.1102	96.9213	13.0416	25.8000	0.9300	0.9392	0.6822	-0.0004	815.0000	816.3801	1.0285	-2.0000	99.9337	39.2210	0.8230	0.8170	5.0000	-9999.0000	-9999.0000	-9999.0000	-9999.0000	-9999.0000	-9999.0000	19.7729	1	0	25.4131	1.0000	13	1	-9999.0000	2303	31899	-9999	801	793	-9999	551.7641	5	0.6767	0.6822	-0.0004	67.0441	3.8154	757.4560	348.6964	35.0926	693.5737	97.8472	746.8410	97.0370	756.6202	97.0370	764.2572	97.0602	
11/08/2017	00:45:12	019001	H421039918HLR	L421	S		705.0678	1.0311	0.0000	100.0312	39.6740	0.8230	0.8242	5.0000	17.3721	815.0891	96.8750	11.2816	25.9000	0.9300	0.9394	0.6843	-0.0005	815.0000	814.1052	1.0285	-2.0000	99.9581	39.0669	0.8230	0.8163	5.0000	-9999.0000	-9999.0000	-9999.0000	-9999.0000	-9999.0000	-9999.0000	19.7122	3	0	25.9231	1.0000	13	1	-9999.0000	2305	31900	-9999	803	794	-9999	552.7707	5	0.6769	0.6843	-0.0005	73.3520	3.4038	763.7752	349.2109	37.6852	701.5521	97.5000	752.5007	96.8519	762.9474	96.8981	771.0208	97.0139	
11/08/2017	00:45:37	019001	H421039960HLR	L421	S		696.5443	1.0311	0.0000	100.0867	39.6522	0.8230	0.8243	5.0000	17.1115	815.1153	96.8981	13.4616	25.7000	0.9300	0.9390	0.6831	-0.0004	815.0000	816.0053	1.0285	-2.0000	99.9101	39.0857	0.8230	0.8172	5.0000	-9999.0000	-9999.0000	-9999.0000	-9999.0000	-9999.0000	-9999.0000	19.2728	4	0	24.8235	1.0000	13	1	-9999.0000	2306	31901	-9999	804	795	-9999	551.9269	5	0.6771	0.6831	-0.0004	72.7805	3.4524	753.0166	348.3448	36.8056	689.2908	97.6389	742.0755	97.0833	752.0715	97.0833	760.3485	97.0602	
11/08/2017	00:46:02	019001	H421039925HLR	L421	S		630.7732	1.0311	0.0000	99.9851	39.6447	0.8230	0.8243	5.0000	17.8528	0.0000	0.0000	0.0000	0.0000	0.9300	0.0000	0.0000	0.0000	0.0000	645.7233	1.0285	5.8123	100.0121	39.2255	0.8230	0.8187	5.0000	-9999.0000	-9999.0000	-9999.0000	-9999.0000	-9999.0000	-9999.0000	18.4530	5	7	25.4920	1.0000	13	1	-9999.0000	2307	0	-9999	805	796	-9999	0.0000	0	0.0000	0.0000	0.0000	0.0000	0.0000	0.0000	0.0000	0.0000	0.0000	0.0000	0.0000	0.0000	0.0000	0.0000	0.0000	0.0000	
11/08/2017	00:46:27	019001	H421039876HLR	L421	S		701.4011	1.0311	0.0000	100.0505	39.6504	0.8230	0.8243	5.0000	17.3517	815.0983	96.8981	12.0718	25.9000	0.9300	0.9395	0.6807	-0.0003	815.0000	814.8270	1.0285	-2.0000	99.9351	39.2257	0.8230	0.8169	5.0000	-9999.0000	-9999.0000	-9999.0000	-9999.0000	-9999.0000	-9999.0000	19.6927	6	0	24.8731	1.0000	13	1	-9999.0000	2308	31902	-9999	806	797	-9999	552.2034	5	0.6771	0.6807	-0.0003	72.5123	3.4731	762.3548	332.1529	36.9213	696.2697	97.7083	751.0778	97.1759	761.5118	97.1065	768.8118	97.0602	
11/08/2017	00:46:53	019001	H421039883HLR	L421	S		696.3269	1.0311	0.0000	100.0282	39.6724	0.8230	0.8242	5.0000	17.4023	815.1247	96.9213	13.8620	25.7000	0.9300	0.9391	0.6869	-0.0007	815.0000	815.7432	1.0285	-2.0000	99.9281	39.1850	0.8230	0.8169	5.0000	-9999.0000	-9999.0000	-9999.0000	-9999.0000	-9999.0000	-9999.0000	19.3118	7	0	25.4631	1.0000	13	1	-9999.0000	2309	31903	-9999	807	798	-9999	551.4987	5	0.6774	0.6869	-0.0007	56.0248	4.7585	750.3571	349.7172	37.5463	686.7608	97.4306	739.0982	97.0602	749.6774	97.0370	756.7430	97.0602	
11/08/2017	00:47:17	019001	H421039899HLR	L421	S		699.7880	1.0311	0.0000	99.9815	39.6628	0.8230	0.8242	5.0000	17.4318	815.1160	96.8981	12.4312	25.8000	0.9300	0.9393	0.6884	-0.0009	815.0000	814.8268	1.0285	-2.0000	99.9623	39.1690	0.8230	0.8169	5.0000	-9999.0000	-9999.0000	-9999.0000	-9999.0000	-9999.0000	-9999.0000	19.7318	8	0	24.8439	1.0000	13	1	-9999.0000	2310	31904	-9999	808	798	-9999	552.3012	5	0.6773	0.6884	-0.0009	58.3151	4.5652	754.8397	333.6389	34.3981	690.4570	97.8704	743.1729	96.9444	754.1098	96.9676	761.5483	97.0833	
11/08/2017	00:47:43	019001	H421039913HLR	L421	S		704.8650	1.0311	0.0000	99.9859	39.6734	0.8230	0.8243	5.0000	17.0529	815.1207	96.8750	11.8413	25.8000	0.9300	0.9393	0.6884	-0.0009	815.0000	816.1841	1.0285	-2.0000	99.9419	39.1840	0.8230	0.8169	5.0000	-9999.0000	-9999.0000	-9999.0000	-9999.0000	-9999.0000	-9999.0000	19.6418	1	0	25.5628	1.0000	13	1	-9999.0000	2311	31905	-9999	809	799	-9999	552.7358	5	0.6773	0.6884	-0.0009	58.3151	4.5652	758.4285	333.3032	36.7130	692.4447	97.5231	746.7113	97.1065	757.5378	97.0833	765.6351	97.0833	
11/08/2017	00:48:08	019001	H421039931HLR	L421	S		655.8240	1.0311	0.0000	100.0039	39.6459	0.8230	0.8244	5.0000	17.2725	0.0000	0.0000	0.0000	0.0000	0.9300	0.0000	0.0000	0.0000	0.0000	667.8265	1.0285	3.4547	99.9301	39.2233	0.8230	0.8182	5.0000	-9999.0000	-9999.0000	-9999.0000	-9999.0000	-9999.0000	-9999.0000	18.6019	2	7	24.8427	1.0000	13	1	-9999.0000	2312	0	-9999	810	800	-9999	0.0000	0	0.0000	0.0000	0.0000	0.0000	0.0000	0.0000	0.0000	0.0000	0.0000	0.0000	0.0000	0.0000	0.0000	0.0000	0.0000	0.0000	
11/08/2017	00:48:33	019001	H421039909HLR	L421	S		701.4319	1.0311	0.0000	99.9033	39.6612	0.8230	0.8242	5.0000	17.3018	815.0975	96.9213	12.4420	25.8000	0.9300	0.9394	0.6897	-0.0010	815.0000	815.2310	1.0285	-2.0000	99.9643	39.2026	0.8230	0.8167	5.0000	-9999.0000	-9999.0000	-9999.0000	-9999.0000	-9999.0000	-9999.0000	19.8417	3	0	25.4934	1.0000	13	1	-9999.0000	2313	31906	-9999	811	801	-9999	552.3519	5	0.6772	0.6897	-0.0010	63.9153	4.1187	754.9725	327.6472	36.0648	689.6732	97.9167	742.8942	97.1065	754.1546	97.1528	761.6715	97.0370	
11/08/2017	00:48:58	019001	H421039917HLR	L421	S		703.2226	1.0311	0.0000	99.9581	39.6548	0.8230	0.8242	5.0000	17.4112	815.0634	96.8750	12.2613	25.7000	0.9300	0.9391	0.6907	-0.0010	815.0000	816.7338	1.0285	-2.0000	99.9288	39.1767	0.8230	0.8169	5.0000	-9999.0000	-9999.0000	-9999.0000	-9999.0000	-9999.0000	-9999.0000	19.6722	4	0	24.8429	1.0000	13	1	-9999.0000	2314	31907	-9999	812	802	-9999	552.6118	5	0.6774	0.6907	-0.0010	61.1010	4.3210	755.3038	350.6282	37.4537	694.3219	97.3843	744.5682	96.9907	754.5260	96.9907	761.8494	97.0370	
11/08/2017	00:49:26	019001	H421039893HLR	L421	S		700.3826	1.0311	0.0000	100.0402	39.6708	0.8230	0.8242	5.0000	17.3116	815.0859	96.8981	12.2417	25.8000	0.9300	0.9393	0.6891	-0.0009	815.0000	815.1594	1.0285	-2.0000	99.9477	39.1970	0.8230	0.8169	5.0000	-9999.0000	-9999.0000	-9999.0000	-9999.0000	-9999.0000	-9999.0000	19.6725	5	0	27.5736	1.0000	13	1	-9999.0000	2315	31908	-9999	813	803	-9999	552.5505	5	0.6774	0.6891	-0.0009	59.2157	4.4708	755.2479	351.4430	37.3380	690.7206	97.4769	743.2323	97.0139	754.3421	97.0370	762.1361	97.0833	
11/08/2017	00:49:51	019001	H421039908HLR	L421	S		706.3539	1.0311	0.0000	99.9662	39.6755	0.8230	0.8243	5.0000	17.0616	815.0788	96.8519	10.6312	25.8000	0.9300	0.9393	0.6891	-0.0009	815.0000	815.2629	1.0285	-2.0000	99.9154	39.1986	0.8230	0.8168	5.0000	-9999.0000	-9999.0000	-9999.0000	-9999.0000	-9999.0000	-9999.0000	20.2418	6	0	24.8626	1.0000	13	1	-9999.0000	2316	31909	-9999	814	804	-9999	553.7505	5	0.6774	0.6891	-0.0009	59.2157	4.4708	765.5648	343.5124	37.1296	699.1512	97.4074	753.3376	96.9213	764.7276	96.9213	772.1085	97.0370	
11/08/2017	00:50:17	019001	H421039890HLR	L421	S		699.8899	1.0311	0.0000	100.0791	39.6676	0.8230	0.8243	5.0000	17.1924	815.1196	96.8519	11.8110	25.8000	0.9300	0.9393	0.6891	-0.0009	815.0000	811.5582	1.0285	-2.0000	99.9267	39.2138	0.8230	0.8168	5.0000	-9999.0000	-9999.0000	-9999.0000	-9999.0000	-9999.0000	-9999.0000	19.7729	7	0	26.3438	1.0000	13	1	-9999.0000	2317	31910	-9999	815	805	-9999	552.8310	5	0.6773	0.6891	-0.0009	58.1835	4.5359	756.6468	329.5568	34.9537	691.9694	97.9398	746.1427	96.9444	755.8103	97.0139	763.6993	97.0833	
11/08/2017	00:50:42	019001	H421039880HLR	L421	S		695.0402	1.0311	0.0000	99.9241	39.6473	0.8230	0.8242	5.0000	17.3624	815.1104	96.8981	12.6119	25.8000	0.9300	0.9393	0.6881	-0.0009	815.0000	813.6805	1.0285	-2.0000	99.9467	39.2025	0.8230	0.8169	5.0000	-9999.0000	-9999.0000	-9999.0000	-9999.0000	-9999.0000	-9999.0000	19.5728	8	0	24.8528	1.0000	13	1	-9999.0000	2318	31911	-9999	816	806	-9999	552.0409	5	0.6771	0.6881	-0.0009	59.0966	4.4490	755.6541	333.3631	36.5046	690.6169	97.4769	743.7896	96.9907	754.5274	96.9907	763.2463	97.0602	
11/08/2017	00:51:07	019001	H421039872HLR	L421	S		706.9172	1.0311	0.0000	99.9805	39.6691	0.8230	0.8242	5.0000	17.3526	815.0907	96.8519	11.0619	25.8000	0.9300	0.9393	0.6903	-0.0010	815.0000	816.2096	1.0285	-2.0000	99.9651	39.2070	0.8230	0.8168	5.0000	-9999.0000	-9999.0000	-9999.0000	-9999.0000	-9999.0000	-9999.0000	19.9019	1	0	25.5529	1.0000	13	1	-9999.0000	2319	31912	-9999	817	807	-9999	553.3741	5	0.6772	0.6903	-0.0010	58.5665	4.5039	760.8747	332.8183	34.0278	696.6364	97.4306	750.0498	97.0139	759.9311	96.9676	767.3393	97.0602	
11/08/2017	00:51:32	019001	H421039879HLR	L421	S		702.7585	1.0311	0.0000	99.9407	39.6802	0.8230	0.8242	5.0000	17.4112	815.0755	96.8981	12.3013	25.8000	0.9300	0.9393	0.6903	-0.0010	815.0000	817.0275	1.0285	-2.0000	99.9632	39.2058	0.8230	0.8169	5.0000	-9999.0000	-9999.0000	-9999.0000	-9999.0000	-9999.0000	-9999.0000	19.7827	2	0	25.0126	1.0000	13	1	-9999.0000	2320	31913	-9999	817	808	-9999	552.4404	5	0.6775	0.6903	-0.0010	67.7304	3.7654	755.9920	342.7328	36.2037	690.9810	97.6852	744.0218	97.1296	754.9743	97.1296	763.0289	97.0139	
11/08/2017	00:52:01	019001	H421042412HLR	L421	S		694.0234	1.0311	0.0000	99.9656	39.6835	0.8230	0.8242	5.0000	17.2824	815.0873	96.9213	14.3025	25.7000	0.9300	0.9393	0.6896	-0.0010	815.0000	814.8853	1.0285	-2.0000	99.9580	39.2213	0.8230	0.8169	5.0000	-9999.0000	-9999.0000	-9999.0000	-9999.0000	-9999.0000	-9999.0000	19.6722	3	0	28.3541	1.0000	13	1	-9999.0000	2321	31914	-9999	818	809	-9999	550.8048	5	0.6777	0.6896	-0.0010	69.6634	3.6134	742.5408	329.7936	36.2731	678.8349	97.6852	731.7830	97.1296	741.6266	97.1296	749.0215	97.1065	
11/08/2017	00:52:26	019001	H421039868HLR	L421	S		709.1917	1.0311	0.0000	100.0971	39.6467	0.8230	0.8242	5.0000	17.3116	815.1435	96.8519	10.6615	25.8000	0.9300	0.9393	0.6884	-0.0009	815.0000	816.7533	1.0285	-2.0000	99.9189	39.2138	0.8230	0.8168	5.0000	-9999.0000	-9999.0000	-9999.0000	-9999.0000	-9999.0000	-9999.0000	19.7722	4	0	24.8332	1.0000	13	1	-9999.0000	2322	31915	-9999	819	810	-9999	553.5898	5	0.6779	0.6884	-0.0009	71.6004	3.4560	766.4032	360.0479	36.4352	704.2079	97.4537	754.4952	96.5046	765.2690	96.5509	773.2982	96.9676	
11/08/2017	00:53:19	019001	H421042405HLR	L421	S		698.8336	1.0311	0.0000	100.0049	39.6835	0.8230	0.8242	5.0000	17.4219	815.0613	96.9444	13.5817	25.8000	0.9300	0.9394	0.6867	-0.0007	815.0000	815.6172	1.0285	-2.0000	99.9231	39.0838	0.8230	0.8164	5.0000	-9999.0000	-9999.0000	-9999.0000	-9999.0000	-9999.0000	-9999.0000	19.4828	6	0	26.8627	1.0000	13	1	-9999.0000	2324	31916	-9999	821	811	-9999	551.5654	5	0.6780	0.6867	-0.0007	70.5889	3.5295	751.5945	323.1540	34.6065	687.5443	98.4028	740.2458	97.3148	750.8171	97.2685	757.1843	96.9907	
11/08/2017	00:53:49	019001	H421034855HLR	L421	S		688.9930	1.0311	0.0000	100.0057	39.6818	0.8230	0.8242	5.0000	17.3711	815.1090	96.9444	16.3526	25.7000	0.9300	0.9391	0.6868	-0.0008	815.0000	814.4950	1.0285	-2.0000	100.0272	39.1167	0.8230	0.8172	5.0000	-9999.0000	-9999.0000	-9999.0000	-9999.0000	-9999.0000	-9999.0000	19.3625	7	0	29.8943	1.0000	13	1	-9999.0000	2325	31917	-9999	821	812	-9999	549.7296	5	0.6778	0.6868	-0.0008	71.6990	3.4254	734.3990	351.9561	37.4769	675.6117	97.5000	723.6884	97.2685	733.5453	97.0833	739.9224	97.1065	
11/08/2017	00:54:14	019001	H421042442HLR	L421	S		697.0547	1.0311	0.0000	100.0113	39.6500	0.8230	0.8242	5.0000	17.2921	815.1332	96.8981	13.4518	25.8000	0.9300	0.9393	0.6859	-0.0007	815.0000	815.3292	1.0285	-2.0000	100.0142	39.2206	0.8230	0.8172	5.0000	-9999.0000	-9999.0000	-9999.0000	-9999.0000	-9999.0000	-9999.0000	19.7318	8	0	25.0129	1.0000	13	1	-9999.0000	2326	31918	-9999	822	813	-9999	551.7093	5	0.6779	0.6859	-0.0007	70.8523	3.4977	750.5201	328.1044	34.8380	683.6904	97.8704	739.9971	96.9444	749.6062	97.0139	757.0677	97.0139	
11/08/2017	00:54:44	019001	H421042426HLR	L421	S		692.4963	1.0311	0.0000	100.1173	39.6644	0.8230	0.8242	5.0000	17.3526	815.1045	96.9444	14.7215	25.7000	0.9300	0.9393	0.6859	-0.0007	815.0000	814.5863	1.0285	-2.0000	99.9889	39.2261	0.8230	0.8168	5.0000	-9999.0000	-9999.0000	-9999.0000	-9999.0000	-9999.0000	-9999.0000	19.6226	1	0	29.6834	1.0000	13	1	-9999.0000	2327	31919	-9999	823	814	-9999	550.9825	5	0.6779	0.6859	-0.0007	70.8523	3.4977	743.3427	357.1943	36.9444	680.9312	97.5694	732.9669	96.8287	742.5543	96.8981	749.5955	97.0370	
11/08/2017	00:55:09	019001	H421042425HLR	L421	S		688.5749	1.0311	0.0000	99.9529	39.6441	0.8230	0.8244	5.0000	17.0918	815.0810	97.0370	15.4726	25.8000	0.9300	0.9393	0.6861	-0.0007	815.0000	814.0121	1.0285	-2.0000	99.9362	39.1937	0.8230	0.8169	5.0000	-9999.0000	-9999.0000	-9999.0000	-9999.0000	-9999.0000	-9999.0000	19.6322	2	0	25.2031	1.0000	13	1	-9999.0000	2328	31920	-9999	824	815	-9999	550.3517	5	0.6777	0.6861	-0.0007	72.5186	3.3571	737.0996	350.0268	37.4074	678.6557	97.5231	725.1419	97.1065	736.0411	97.1296	743.9331	97.0833	
11/08/2017	00:55:37	019001	H421042409HLR	L421	S		680.9213	1.0311	0.0000	100.0783	39.6786	0.8230	0.8242	5.0000	17.7023	815.1633	96.9213	17.9026	25.7000	0.9300	0.9392	0.6849	-0.0006	815.0000	814.6392	1.0285	-2.0000	99.8599	39.1961	0.8230	0.8168	5.0000	-9999.0000	-9999.0000	-9999.0000	-9999.0000	-9999.0000	-9999.0000	19.6117	3	0	28.1636	1.0000	13	1	-9999.0000	2329	31921	-9999	825	816	-9999	549.3693	5	0.6774	0.6849	-0.0006	75.1482	3.1420	730.9321	338.9830	36.4352	666.1152	97.6389	719.9025	97.1296	730.0876	97.1296	736.7131	97.0833	
11/08/2017	00:56:02	019001	H421042415HLR	L421	S		694.1147	1.0311	0.0000	100.0338	39.6867	0.8230	0.8243	5.0000	17.2422	815.1174	96.9444	13.6521	25.8000	0.9300	0.9392	0.6849	-0.0006	815.0000	813.2555	1.0285	-2.0000	99.9090	39.1872	0.8230	0.8170	5.0000	-9999.0000	-9999.0000	-9999.0000	-9999.0000	-9999.0000	-9999.0000	19.4515	4	0	24.8331	1.0000	13	1	-9999.0000	2330	31922	-9999	826	816	-9999	551.4904	5	0.6774	0.6849	-0.0006	75.1482	3.1420	749.1040	352.3422	35.7870	687.6643	97.5231	738.5846	96.5509	748.2961	96.6204	754.8899	96.9676	
11/08/2017	00:56:29	019001	H421042421HLR	L421	S		685.9844	1.0311	0.0000	100.0168	39.6692	0.8230	0.8242	5.0000	17.2619	815.1159	96.8750	17.6623	25.7000	0.9300	0.9391	0.6828	-0.0005	815.0000	815.8030	1.0285	-2.0000	99.9230	39.2020	0.8230	0.8168	5.0000	-9999.0000	-9999.0000	-9999.0000	-9999.0000	-9999.0000	-9999.0000	19.6819	5	0	26.9234	1.0000	13	1	-9999.0000	2331	31923	-9999	827	817	-9999	549.8092	5	0.6767	0.6828	-0.0005	69.4045	3.6008	731.0321	351.9494	38.2639	675.9603	97.3843	721.8357	96.8287	730.1644	96.8981	736.9867	97.0370	
11/08/2017	00:56:55	019001	H421042435HLR	L421	S		699.9092	1.0311	0.0000	100.0068	39.6399	0.8230	0.8242	5.0000	17.2922	815.1208	96.9444	13.8015	25.7000	0.9300	0.9392	0.6828	-0.0005	815.0000	817.0837	1.0285	-2.0000	99.9258	39.1875	0.8230	0.8168	5.0000	-9999.0000	-9999.0000	-9999.0000	-9999.0000	-9999.0000	-9999.0000	20.1018	6	0	26.6232	1.0000	13	1	-9999.0000	2332	31924	-9999	828	818	-9999	551.4767	5	0.6767	0.6828	-0.0005	69.4045	3.6008	755.0411	331.5871	35.9722	687.8448	97.6389	744.5669	97.0139	754.2656	96.9676	761.4181	97.0370	
11/08/2017	00:57:21	019001	H421042439HLR	L421	S		684.9541	1.0311	0.0000	99.9901	39.6803	0.8230	0.8241	5.0000	17.7629	815.0985	96.9444	16.1524	25.7000	0.9300	0.9391	0.6831	-0.0005	815.0000	814.4072	1.0285	-2.0000	99.9735	39.2075	0.8230	0.8168	5.0000	-9999.0000	-9999.0000	-9999.0000	-9999.0000	-9999.0000	-9999.0000	19.9125	7	0	25.4533	1.0000	13	1	-9999.0000	2333	31925	-9999	829	819	-9999	550.4942	5	0.6763	0.6831	-0.0005	69.6172	3.5847	738.3904	335.5836	35.8796	674.0036	97.9398	728.1628	97.2454	737.6701	97.0833	744.5717	97.0833	
11/08/2017	00:57:49	019001	H421040228HLR	L421	S		696.9637	1.0311	0.0000	100.0753	39.6596	0.8230	0.8243	5.0000	17.4114	815.0692	96.8981	13.3717	25.7000	0.9300	0.9392	0.6823	-0.0004	815.0000	814.7251	1.0285	-2.0000	100.0130	39.2007	0.8230	0.8168	5.0000	-9999.0000	-9999.0000	-9999.0000	-9999.0000	-9999.0000	-9999.0000	20.0426	8	0	27.9739	1.0000	13	1	-9999.0000	2334	31926	-9999	830	820	-9999	551.4733	5	0.6763	0.6823	-0.0004	69.7267	3.5791	753.2284	328.6673	34.5139	688.5931	97.8935	741.8193	96.9444	752.4366	96.8981	759.3452	97.0370	
11/08/2017	00:58:16	019001	H421042449HLR	L421	S		690.8387	1.0311	0.0000	100.0052	39.6867	0.8230	0.8242	5.0000	17.3821	815.1396	97.0370	14.9315	25.7000	0.9300	0.9391	0.6833	-0.0005	815.0000	815.2148	1.0285	-2.0000	100.0077	39.2050	0.8230	0.8169	5.0000	-9999.0000	-9999.0000	-9999.0000	-9999.0000	-9999.0000	-9999.0000	19.7025	1	0	27.0622	1.0000	13	1	-9999.0000	2335	31927	-9999	831	821	-9999	550.9542	5	0.6760	0.6833	-0.0005	72.8251	3.3247	745.0264	331.9549	35.6713	680.9207	97.8241	735.0850	97.1759	744.3181	97.1528	751.0998	97.0833	
11/08/2017	00:58:44	019001	H421040243HLR	L421	S		687.2277	1.0311	0.0000	99.9869	39.6500	0.8230	0.8241	5.0000	17.6523	815.0525	97.0370	15.2616	25.7000	0.9300	0.9391	0.6834	-0.0005	815.0000	816.0589	1.0285	-2.0000	99.9303	39.2105	0.8230	0.8167	5.0000	-9999.0000	-9999.0000	-9999.0000	-9999.0000	-9999.0000	-9999.0000	19.9125	2	0	27.9133	1.0000	13	1	-9999.0000	2336	31928	-9999	832	822	-9999	550.7435	5	0.6759	0.6834	-0.0005	72.1770	3.3533	744.7869	352.6498	38.1944	683.7382	97.2454	734.2599	97.0602	743.8822	97.0833	751.0739	97.0833	
11/08/2017	00:59:11	019001	H421040047HLR	L421	S		699.9544	1.0311	0.0000	99.9916	39.6675	0.8230	0.8243	5.0000	17.2423	815.0845	96.9444	12.0317	25.7000	0.9300	0.9391	0.6843	-0.0006	815.0000	814.2325	1.0285	-2.0000	99.9862	39.2050	0.8230	0.8168	5.0000	-9999.0000	-9999.0000	-9999.0000	-9999.0000	-9999.0000	-9999.0000	19.6421	3	0	27.3734	1.0000	13	1	-9999.0000	2337	31929	-9999	833	823	-9999	552.3923	5	0.6758	0.6843	-0.0006	71.8889	3.3946	758.6923	330.3785	35.9491	692.8763	97.5231	747.8477	96.6204	757.7486	96.6898	765.4955	96.9444	
11/08/2017	00:59:39	019001	H421040048HLR	L421	S		693.2091	1.0311	0.0000	99.9538	39.6819	0.8230	0.8242	5.0000	17.3517	815.1154	96.9213	14.0417	25.7000	0.9300	0.9392	0.6857	-0.0006	815.0000	815.5742	1.0285	-2.0000	99.9924	39.2042	0.8230	0.8168	5.0000	-9999.0000	-9999.0000	-9999.0000	-9999.0000	-9999.0000	-9999.0000	19.6428	4	0	27.7535	1.0000	13	1	-9999.0000	2338	31930	-9999	834	824	-9999	551.6863	5	0.6758	0.6857	-0.0006	73.8916	3.2753	749.1571	353.0443	37.6157	684.7003	97.4537	736.6239	97.1528	748.4658	97.1528	754.6671	97.0602	
11/08/2017	01:00:06	019001	H421040236HLR	L421	S		693.3594	1.0311	0.0000	100.0409	39.6596	0.8230	0.8242	5.0000	17.3916	815.0605	97.0139	15.0419	25.7000	0.9300	0.9392	0.6853	-0.0006	815.0000	816.3361	1.0285	-2.0000	99.9057	39.1993	0.8230	0.8168	5.0000	-9999.0000	-9999.0000	-9999.0000	-9999.0000	-9999.0000	-9999.0000	19.6624	5	0	27.4636	1.0000	13	1	-9999.0000	2339	31931	-9999	835	825	-9999	551.1113	5	0.6759	0.6853	-0.0006	68.7135	3.6669	749.4898	346.0181	38.3796	689.4269	97.2454	738.2509	96.8981	748.4742	96.9676	755.7166	97.0602	
11/08/2017	01:00:34	019001	H421040261HLR	L421	S		681.8994	1.0311	0.0000	99.9321	39.6628	0.8230	0.8241	5.0000	17.7023	815.0671	96.9444	16.5020	25.6000	0.9300	0.9392	0.6852	-0.0006	815.0000	815.4507	1.0285	-2.0000	99.9804	39.2007	0.8230	0.8168	5.0000	-9999.0000	-9999.0000	-9999.0000	-9999.0000	-9999.0000	-9999.0000	19.8930	6	0	27.8830	1.0000	13	1	-9999.0000	2340	31932	-9999	836	826	-9999	550.3048	5	0.6757	0.6852	-0.0006	69.2365	3.6321	737.0801	352.3105	35.5787	676.1663	97.6852	725.7745	96.8287	736.1858	96.9213	743.0395	97.0602	
11/08/2017	01:01:00	019001	H421040223HLR	L421	S		686.8133	1.0311	0.0000	100.0058	39.6676	0.8230	0.8243	5.0000	17.1416	815.1011	97.0139	15.3417	25.7000	0.9300	0.9392	0.6867	-0.0007	815.0000	814.6320	1.0285	-2.0000	99.9736	39.2081	0.8230	0.8169	5.0000	-9999.0000	-9999.0000	-9999.0000	-9999.0000	-9999.0000	-9999.0000	19.6724	7	0	25.4731	1.0000	13	1	-9999.0000	2341	31933	-9999	837	827	-9999	550.9920	5	0.6759	0.6867	-0.0007	72.5245	3.4257	739.6962	345.3321	36.1343	677.5372	97.6157	727.8885	97.1065	738.7716	97.1065	746.0604	97.0833	
11/08/2017	01:01:27	019001	H421040217HLR	L421	S		690.3052	1.0311	0.0000	99.9519	39.6771	0.8230	0.8242	5.0000	17.3928	815.0706	97.0139	15.2118	25.7000	0.9300	0.9392	0.6859	-0.0007	815.0000	812.5249	1.0285	-2.0000	99.9378	39.2047	0.8230	0.8167	5.0000	-9999.0000	-9999.0000	-9999.0000	-9999.0000	-9999.0000	-9999.0000	20.1224	8	0	27.3839	1.0000	13	4	-9999.0000	2342	31934	-9999	838	828	-9999	550.8895	5	0.6760	0.6859	-0.0007	74.2860	3.3216	740.7418	340.4742	36.1574	682.0191	97.6620	730.6053	96.9213	739.9334	96.9907	747.2032	97.0370	
11/08/2017	01:01:56	019001	H421040218HLR	L421	S		694.5243	1.0311	0.0000	99.9693	39.6411	0.8230	0.8237	5.0000	18.5725	815.0902	96.9907	15.4413	25.7000	0.9300	0.9392	0.6868	-0.0007	815.0000	815.1451	1.0285	-2.0000	99.9702	39.2051	0.8230	0.8169	5.0000	-9999.0000	-9999.0000	-9999.0000	-9999.0000	-9999.0000	-9999.0000	19.8618	1	0	28.8932	1.0000	13	4	-9999.0000	2343	31935	-9999	839	828	-9999	550.6420	5	0.6761	0.6868	-0.0007	74.5088	3.2963	746.1084	343.5261	36.2963	684.0595	97.5000	736.0502	96.9444	745.3031	96.9676	752.0810	97.0370	
11/08/2017	01:02:25	019001	H421042436HLR	L421	S		687.7733	1.0311	0.0000	100.0552	39.6708	0.8230	0.8239	5.0000	18.2025	815.0918	96.8750	16.5225	25.6000	0.9300	0.9391	0.6860	-0.0007	815.0000	812.5556	1.0285	-2.0000	99.9534	39.2189	0.8230	0.8168	5.0000	-9999.0000	-9999.0000	-9999.0000	-9999.0000	-9999.0000	-9999.0000	20.0024	2	0	28.8435	1.0000	13	4	-9999.0000	2344	31936	-9999	840	829	-9999	549.9795	5	0.6757	0.6860	-0.0007	68.4750	3.7496	735.6364	328.7478	34.6296	671.0507	97.9861	725.2011	97.0370	734.8019	97.0602	741.7929	97.0602	
11/08/2017	01:03:20	019001	H421042431HLR	L421	S		692.6208	1.0311	0.0000	100.0071	39.6914	0.8230	0.8239	5.0000	17.7629	815.1051	96.9676	15.9424	25.7000	0.9300	0.9393	0.6858	-0.0007	815.0000	814.0327	1.0285	-2.0000	99.9765	39.0610	0.8230	0.8164	5.0000	-9999.0000	-9999.0000	-9999.0000	-9999.0000	-9999.0000	-9999.0000	19.4018	4	0	28.2534	1.0000	13	4	-9999.0000	2346	31937	-9999	842	830	-9999	550.6642	5	0.6763	0.6858	-0.0007	64.0988	4.0819	740.4833	320.3815	34.8380	674.3426	98.1481	729.8603	96.8056	739.5047	96.9213	746.6879	97.0139	
11/08/2017	01:03:48	019001	H421042406HLR	L421	S		685.0389	1.0311	0.0000	100.0564	39.6490	0.8230	0.8241	5.0000	17.6019	815.0892	96.8750	16.8527	25.6000	0.9300	0.9391	0.6876	-0.0008	815.0000	813.5547	1.0285	-2.0000	99.9778	39.1177	0.8230	0.8173	5.0000	-9999.0000	-9999.0000	-9999.0000	-9999.0000	-9999.0000	-9999.0000	19.2220	5	0	28.0436	1.0000	13	4	-9999.0000	2347	31938	-9999	843	831	-9999	549.6883	5	0.6762	0.6876	-0.0008	66.8536	3.8603	733.7004	326.4655	34.6296	672.9465	97.9167	722.8847	97.0139	732.9066	97.0139	739.7763	97.0833	
11/08/2017	01:04:13	019001	H421042416HLR	L421	S		693.7197	1.0311	0.0000	99.9769	39.6644	0.8230	0.8243	5.0000	17.1915	815.0942	96.8750	17.4426	25.7000	0.9300	0.9393	0.6850	-0.0006	815.0000	817.2380	1.0285	-2.0000	99.9932	39.2276	0.8230	0.8172	5.0000	-9999.0000	-9999.0000	-9999.0000	-9999.0000	-9999.0000	-9999.0000	19.5228	6	0	24.8330	1.0000	13	4	-9999.0000	2348	31939	-9999	844	832	-9999	550.0312	5	0.6762	0.6850	-0.0006	76.5889	3.1684	739.5684	327.4485	36.4583	679.0881	97.4306	729.3392	96.8750	738.7443	96.9444	745.4146	97.0602	
11/08/2017	01:04:43	019001	H421042422HLR	L421	S		695.3646	1.0311	0.0000	99.9872	39.6866	0.8230	0.8243	5.0000	17.0528	815.0798	96.9907	15.2118	25.7000	0.9300	0.9392	0.6850	-0.0006	815.0000	814.3109	1.0285	-2.0000	99.9326	39.2269	0.8230	0.8170	5.0000	-9999.0000	-9999.0000	-9999.0000	-9999.0000	-9999.0000	-9999.0000	19.2523	7	0	29.6530	1.0000	13	4	-9999.0000	2349	31940	-9999	845	833	-9999	551.1243	5	0.6762	0.6850	-0.0006	76.5889	3.1684	744.5102	356.1035	36.4352	679.4422	97.5694	733.8604	96.8056	743.7948	96.8750	750.0624	97.0370	
11/08/2017	01:05:13	019001	H421042427HLR	L421	S		689.7511	1.0311	0.0000	100.0350	39.6500	0.8230	0.8242	5.0000	17.1113	815.0465	96.8981	16.8624	25.7000	0.9300	0.9392	0.6843	-0.0005	815.0000	815.1771	1.0285	-2.0000	99.9450	39.1924	0.8230	0.8169	5.0000	-9999.0000	-9999.0000	-9999.0000	-9999.0000	-9999.0000	-9999.0000	19.7620	8	0	30.0440	1.0000	13	4	-9999.0000	2350	31941	-9999	846	834	-9999	550.4948	5	0.6763	0.6843	-0.0005	81.0095	2.8296	736.6928	350.4532	35.5324	679.4185	97.7778	726.7881	97.0370	735.9867	97.1065	742.6293	97.1065	
11/08/2017	01:05:43	019001	H421042432HLR	L421	S		692.9274	1.0311	0.0000	100.0947	39.6473	0.8230	0.8243	5.0000	17.3019	815.1151	96.9676	16.0724	25.7000	0.9300	0.9392	0.6840	-0.0005	815.0000	814.5010	1.0285	-2.0000	100.0325	39.2036	0.8230	0.8169	5.0000	-9999.0000	-9999.0000	-9999.0000	-9999.0000	-9999.0000	-9999.0000	19.3723	1	0	30.5836	1.0000	13	4	-9999.0000	2351	31942	-9999	847	835	-9999	551.0683	5	0.6764	0.6840	-0.0005	81.7605	2.7414	741.2635	352.1580	38.4259	684.6431	97.1296	730.8587	96.8519	740.4691	96.9676	747.0557	97.0602	
11/08/2017	01:06:12	019001	H421040016HLR	L421	S		707.1712	1.0311	0.0000	99.9927	39.6771	0.8230	0.8242	5.0000	17.1817	815.0948	96.8519	11.7114	25.8000	0.9300	0.9392	0.6857	-0.0006	815.0000	813.2269	1.0285	-2.0000	100.0557	39.1787	0.8230	0.8168	5.0000	-9999.0000	-9999.0000	-9999.0000	-9999.0000	-9999.0000	-9999.0000	19.6020	2	0	28.7631	1.0000	13	4	-9999.0000	2352	31943	-9999	847	836	-9999	553.0386	5	0.6758	0.6857	-0.0006	101.1371	1.4789	761.1104	349.4773	36.1806	700.5157	97.3148	750.5788	96.5741	760.1524	96.6667	768.0876	96.9676	
11/08/2017	01:06:41	019001	H421042444HLR	L421	S		693.3966	1.0311	0.0000	99.9948	39.6740	0.8230	0.8242	5.0000	17.3722	815.0773	96.8750	17.5920	25.7000	0.9300	0.9393	0.6952	-0.0012	815.0000	817.0644	1.0285	-2.0000	99.9701	39.1736	0.8230	0.8168	5.0000	-9999.0000	-9999.0000	-9999.0000	-9999.0000	-9999.0000	-9999.0000	19.4925	3	0	29.1335	1.0000	13	4	-9999.0000	2353	31944	-9999	847	837	-9999	549.6826	5	0.6759	0.6952	-0.0012	88.4075	2.2413	734.2887	346.3475	37.0370	677.4809	97.6620	724.4094	97.0602	733.4131	97.1528	739.8639	97.1296	
11/08/2017	01:07:06	019001	H421042402HLR	L421	S		687.0622	1.0311	0.0000	100.0127	39.6446	0.8230	0.8243	5.0000	17.3917	815.0819	96.8750	18.6224	25.7000	0.9300	0.9392	0.6865	-0.0006	815.0000	814.4421	1.0285	-2.0000	99.9404	39.1810	0.8230	0.8170	5.0000	-9999.0000	-9999.0000	-9999.0000	-9999.0000	-9999.0000	-9999.0000	19.4428	4	0	24.9932	1.0000	13	4	-9999.0000	2354	31945	-9999	847	838	-9999	548.5333	5	0.6761	0.6865	-0.0006	84.0983	2.4113	724.0205	339.3277	35.9722	667.1205	97.7778	713.8727	97.2685	723.3441	97.1991	730.2393	97.0833	
11/08/2017	01:07:34	019001	H421039898HLR	L421	S		687.5475	1.0311	0.0000	99.9744	39.6931	0.8230	0.8243	5.0000	17.2920	815.1082	96.8519	18.5521	25.7000	0.9300	0.9392	0.6899	-0.0008	815.0000	816.6020	1.0285	-2.0000	99.9519	39.1884	0.8230	0.8169	5.0000	-9999.0000	-9999.0000	-9999.0000	-9999.0000	-9999.0000	-9999.0000	19.5727	5	0	28.0837	1.0000	13	4	-9999.0000	2355	31946	-9999	848	839	-9999	550.0806	5	0.6764	0.6899	-0.0008	61.5689	3.7977	731.5452	342.7446	36.7361	676.9389	97.4769	721.9597	96.8981	730.8936	96.9907	737.6353	97.0370	
11/08/2017	01:08:01	019001	H421042411HLR	L421	S		687.2181	1.0311	0.0000	100.0277	39.6660	0.8230	0.8242	5.0000	17.2813	815.1172	96.8981	17.3820	25.7000	0.9300	0.9392	0.6929	-0.0011	815.0000	814.3867	1.0285	-2.0000	99.9689	39.1913	0.8230	0.8170	5.0000	-9999.0000	-9999.0000	-9999.0000	-9999.0000	-9999.0000	-9999.0000	19.5131	6	0	27.0736	1.0000	13	4	-9999.0000	2356	31947	-9999	849	840	-9999	550.5246	5	0.6759	0.6929	-0.0011	67.3695	3.3888	729.7357	348.5934	37.9861	673.9295	97.2454	720.4972	97.1991	729.0007	97.1065	736.1877	97.0833	
11/08/2017	01:08:29	019001	H421042420HLR	L421	S		686.6816	1.0311	0.0000	100.0176	39.6430	0.8230	0.8243	5.0000	17.0723	815.0959	96.8750	17.1115	25.7000	0.9300	0.9392	0.6929	-0.0011	815.0000	812.0934	1.0285	-2.0000	99.9477	39.2038	0.8230	0.8168	5.0000	-9999.0000	-9999.0000	-9999.0000	-9999.0000	-9999.0000	-9999.0000	19.8618	7	0	27.9026	1.0000	13	4	-9999.0000	2357	31948	-9999	850	840	-9999	550.0239	5	0.6759	0.6929	-0.0011	67.3695	3.3888	726.8297	347.5238	37.3380	672.6238	97.3843	717.2974	96.9213	725.9838	97.0139	733.4160	97.0602	
11/08/2017	01:08:57	019001	H421039892HLR	L421	S		702.2620	1.0311	0.0000	100.0415	39.6431	0.8230	0.8243	5.0000	17.2130	815.1038	96.9213	13.5915	25.8000	0.9300	0.9392	0.6921	-0.0010	815.0000	815.8990	1.0285	-2.0000	99.9262	39.1914	0.8230	0.8168	5.0000	-9999.0000	-9999.0000	-9999.0000	-9999.0000	-9999.0000	-9999.0000	19.8529	8	0	27.5932	1.0000	13	4	-9999.0000	2358	31949	-9999	851	841	-9999	553.1528	5	0.6757	0.6921	-0.0010	71.1034	3.1309	748.1193	342.2975	36.5741	685.6568	97.3148	737.9548	96.7593	747.1286	96.8519	754.9830	97.0370	
11/08/2017	01:09:25	019001	H421039869HLR	L421	S		692.0197	1.0311	0.0000	100.0173	39.6500	0.8230	0.8243	5.0000	17.2717	815.0983	96.9676	16.0928	25.7000	0.9300	0.9391	0.6917	-0.0010	815.0000	814.4323	1.0285	-2.0000	100.0083	39.1971	0.8230	0.8168	5.0000	-9999.0000	-9999.0000	-9999.0000	-9999.0000	-9999.0000	-9999.0000	19.8714	1	0	27.7837	1.0000	13	4	-9999.0000	2359	31950	-9999	852	842	-9999	551.0988	5	0.6754	0.6917	-0.0010	71.0247	3.1207	735.0668	324.0711	34.1435	674.6411	98.0324	724.6036	97.0833	734.2585	97.1065	741.6648	97.1065	
11/08/2017	01:09:53	019001	H421039915HLR	L421	S		691.6453	1.0311	0.0000	100.1173	39.6440	0.8230	0.8244	5.0000	17.2422	815.1150	97.0139	15.7021	25.8000	0.9300	0.9392	0.6910	-0.0009	815.0000	813.5829	1.0285	-2.0000	99.9705	39.2028	0.8230	0.8169	5.0000	-9999.0000	-9999.0000	-9999.0000	-9999.0000	-9999.0000	-9999.0000	19.5119	2	0	28.1734	1.0000	13	4	-9999.0000	2360	31951	-9999	853	843	-9999	551.5242	5	0.6753	0.6910	-0.0009	70.1994	3.1794	738.0924	324.3728	34.3519	673.4850	97.9167	727.3375	96.9444	737.1063	97.0139	743.8337	97.1065	
11/08/2017	01:10:22	019001	H421039901HLR	L421	S		690.2094	1.0311	0.0000	100.0025	39.6883	0.8230	0.8243	5.0000	17.1612	815.0665	96.9907	15.8613	25.7000	0.9300	0.9391	0.6916	-0.0010	815.0000	813.2163	1.0285	-2.0000	99.9261	39.2019	0.8230	0.8168	5.0000	-9999.0000	-9999.0000	-9999.0000	-9999.0000	-9999.0000	-9999.0000	19.5932	3	0	28.6334	1.0000	13	4	-9999.0000	2361	31952	-9999	854	844	-9999	551.2515	5	0.6755	0.6916	-0.0010	70.0598	3.1692	734.6722	321.4993	36.1806	672.2597	97.6389	722.6227	97.0139	733.7472	97.1065	741.4025	97.0833	
11/08/2017	01:10:49	019001	H421039911HLR	L421	S		688.1336	1.0311	0.0000	99.9920	39.6580	0.8230	0.8242	5.0000	17.3322	815.0613	96.9676	16.2022	25.8000	0.9300	0.9392	0.6905	-0.0009	815.0000	812.8325	1.0285	-2.0000	99.9502	39.1873	0.8230	0.8167	5.0000	-9999.0000	-9999.0000	-9999.0000	-9999.0000	-9999.0000	-9999.0000	20.2318	4	0	27.0738	1.0000	13	4	-9999.0000	2362	31953	-9999	855	845	-9999	551.0373	5	0.6760	0.6905	-0.0009	69.7350	3.2082	733.4047	326.9973	36.3194	669.4673	97.6157	721.9697	97.0139	732.5239	97.0833	740.1501	97.1065	
11/08/2017	01:11:17	019001	H421039906HLR	L421	S		687.7870	1.0311	0.0000	99.9603	39.6469	0.8230	0.8243	5.0000	17.0812	815.0912	97.0370	15.7412	25.7000	0.9300	0.9391	0.6906	-0.0009	815.0000	812.1212	1.0285	-2.0000	99.9621	39.2066	0.8230	0.8169	5.0000	-9999.0000	-9999.0000	-9999.0000	-9999.0000	-9999.0000	-9999.0000	19.5825	5	0	27.8932	1.0000	13	4	-9999.0000	2363	31954	-9999	856	846	-9999	551.5399	5	0.6760	0.6906	-0.0009	69.7809	3.2088	734.6795	330.4435	36.2500	672.2645	97.5000	723.6193	96.9444	733.6944	96.9676	741.4584	97.0833	
11/08/2017	01:11:45	019001	H421039886HLR	L421	S		686.4592	1.0311	0.0000	99.9774	39.6500	0.8230	0.8242	5.0000	17.3820	815.1169	96.8981	16.7716	25.7000	0.9300	0.9391	0.6908	-0.0009	815.0000	813.0535	1.0285	-2.0000	100.0222	39.2098	0.8230	0.8170	5.0000	-9999.0000	-9999.0000	-9999.0000	-9999.0000	-9999.0000	-9999.0000	19.4321	6	0	28.1936	1.0000	13	4	-9999.0000	2364	31955	-9999	857	847	-9999	550.9435	5	0.6762	0.6908	-0.0009	70.7502	3.1484	730.4718	343.1907	35.1852	670.0319	97.7778	719.7453	97.1065	729.6920	97.0833	737.1527	97.0833	
11/08/2017	01:12:13	019001	H421039875HLR	L421	S		688.1322	1.0311	0.0000	100.0645	39.6644	0.8230	0.8242	5.0000	17.4123	815.0794	96.8981	16.6016	25.7000	0.9300	0.9391	0.6912	-0.0009	815.0000	812.4178	1.0285	-2.0000	99.9853	39.2043	0.8230	0.8168	5.0000	-9999.0000	-9999.0000	-9999.0000	-9999.0000	-9999.0000	-9999.0000	19.7024	7	0	28.1139	1.0000	13	4	-9999.0000	2365	31956	-9999	858	848	-9999	551.1075	5	0.6764	0.6912	-0.0009	71.3619	3.1238	732.0439	345.3616	36.4352	673.7585	97.5231	721.5842	96.9213	731.1812	96.9444	738.1575	97.0602	
11/08/2017	01:12:40	019001	H421039896HLR	L421	S		690.4775	1.0311	0.0000	100.0176	39.6691	0.8230	0.8239	5.0000	17.9914	815.1010	97.0139	15.7119	25.7000	0.9300	0.9392	0.7025	-0.0016	815.0000	814.1755	1.0285	-2.0000	99.9897	39.1957	0.8230	0.8168	5.0000	-9999.0000	-9999.0000	-9999.0000	-9999.0000	-9999.0000	-9999.0000	19.8821	8	0	26.7727	1.0000	13	4	-9999.0000	2366	31957	-9999	859	848	-9999	552.7912	5	0.6761	0.7025	-0.0016	91.8632	1.9482	726.8628	345.5614	36.9676	668.5679	97.3843	715.5473	96.9444	726.0621	96.9907	734.1843	97.0602	
11/08/2017	01:13:08	019001	H421039905HLR	L421	S		691.5242	1.0311	0.0000	100.0537	39.6692	0.8230	0.8240	5.0000	17.9417	815.0798	96.9907	15.9121	25.7000	0.9300	0.9391	0.6959	-0.0012	815.0000	814.9088	1.0285	-2.0000	99.9251	39.1962	0.8230	0.8167	5.0000	-9999.0000	-9999.0000	-9999.0000	-9999.0000	-9999.0000	-9999.0000	20.1526	1	0	28.6236	1.0000	13	4	-9999.0000	2367	31958	-9999	860	849	-9999	552.3101	5	0.6768	0.6959	-0.0012	92.7414	1.9215	733.8827	341.5511	35.8796	677.4819	97.4074	722.9288	96.8750	733.0492	96.9676	740.3622	97.0602	
11/08/2017	01:13:35	019001	H421039941HLR	L421	S		687.9451	1.0311	0.0000	100.0435	39.6600	0.8230	0.8244	5.0000	17.0616	815.1040	96.8750	16.8321	25.7000	0.9300	0.9392	0.6936	-0.0010	815.0000	813.5925	1.0285	-2.0000	99.9534	39.2109	0.8230	0.8169	5.0000	-9999.0000	-9999.0000	-9999.0000	-9999.0000	-9999.0000	-9999.0000	19.7631	2	0	26.8335	1.0000	13	4	-9999.0000	2368	31959	-9999	861	850	-9999	551.7504	5	0.6772	0.6936	-0.0010	76.4591	2.9101	728.3591	346.3341	35.6250	674.0684	97.5694	717.8109	96.9907	727.5677	97.0602	734.3080	97.0833	
11/08/2017	01:14:04	019001	H421039935HLR	L421	S		688.1183	1.0311	0.0000	100.0338	39.6851	0.8230	0.8240	5.0000	17.8820	815.1040	96.9907	16.0918	25.7000	0.9300	0.9392	0.6826	-0.0003	815.0000	813.2876	1.0285	-2.0000	100.0816	39.2148	0.8230	0.8168	5.0000	-9999.0000	-9999.0000	-9999.0000	-9999.0000	-9999.0000	-9999.0000	19.8324	3	0	28.5736	1.0000	13	4	-9999.0000	2369	31960	-9999	862	851	-9999	552.4743	5	0.6777	0.6826	-0.0003	68.0612	3.4309	739.3777	349.8928	38.5417	683.4284	97.0139	729.7207	96.6898	738.5326	96.7824	745.5427	97.0139	
11/08/2017	01:14:33	019001	H421039924HLR	L421	S		677.1861	1.0311	0.0000	99.9707	39.6500	0.8230	0.8243	5.0000	17.2921	815.0988	97.0139	15.4023	25.7000	0.9300	0.9392	0.6807	-0.0002	815.0000	813.6403	1.0285	-2.0000	99.9449	39.2006	0.8230	0.8168	5.0000	-9999.0000	-9999.0000	-9999.0000	-9999.0000	-9999.0000	-9999.0000	19.9028	4	0	28.9636	1.0000	13	4	-9999.0000	2370	31961	-9999	863	852	-9999	552.7585	5	0.6780	0.6807	-0.0002	67.6531	3.4731	745.6916	347.2132	36.5972	687.0193	97.4306	735.3915	96.9213	744.7461	96.9907	751.4302	97.0833	
11/08/2017	01:15:01	019001	H421039930HLR	L421	S		682.3092	1.0311	0.0000	100.0378	39.6628	0.8230	0.8241	5.0000	17.6125	815.0906	96.9213	16.6124	25.7000	0.9300	0.9392	0.6782	-0.0000	815.0000	814.0981	1.0285	-2.0000	99.9370	39.2083	0.8230	0.8168	5.0000	-9999.0000	-9999.0000	-9999.0000	-9999.0000	-9999.0000	-9999.0000	19.7425	5	0	28.0229	1.0000	13	4	-9999.0000	2371	31962	-9999	864	853	-9999	552.6672	5	0.6780	0.6782	-0.0000	62.1155	3.8359	741.3372	342.0816	35.6944	681.8195	97.6389	731.9239	96.8287	740.4911	96.9213	747.6412	97.0370	
11/08/2017	01:15:29	019001	H421039921HLR	L421	S		692.3188	1.0311	0.0000	100.0257	39.6692	0.8230	0.8243	5.0000	17.1525	815.0936	97.0139	15.4325	25.7000	0.9300	0.9392	0.6828	-0.0003	815.0000	813.6498	1.0285	-2.0000	100.0003	39.2008	0.8230	0.8168	5.0000	-9999.0000	-9999.0000	-9999.0000	-9999.0000	-9999.0000	-9999.0000	19.6722	6	0	28.6138	1.0000	13	4	-9999.0000	2372	31963	-9999	865	854	-9999	552.9426	5	0.6780	0.6828	-0.0003	84.0175	2.4765	744.6418	344.8553	35.1852	684.0010	97.7083	735.3031	96.9213	743.9302	96.9213	750.2093	97.0833	
11/08/2017	01:16:02	019001	H421039955HLR	L421	S		687.5432	1.0311	0.0000	100.0623	39.6802	0.8230	0.8242	5.0000	17.4327	815.0606	96.9213	16.4923	25.7000	0.9300	0.9391	0.6850	-0.0004	815.0000	813.6310	1.0285	-2.0000	99.9391	39.1953	0.8230	0.8168	5.0000	-9999.0000	-9999.0000	-9999.0000	-9999.0000	-9999.0000	-9999.0000	19.8031	7	0	32.8936	1.0000	13	4	-9999.0000	2373	31964	-9999	866	855	-9999	552.7958	5	0.6783	0.6850	-0.0004	85.7765	2.3853	736.0201	343.4282	35.1620	677.7098	97.8009	725.7479	96.9907	735.0090	97.1065	741.6338	97.1065	
11/08/2017	01:16:32	019001	H421039961HLR	L421	S		686.3863	1.0311	0.0000	100.0137	39.6454	0.8230	0.8243	5.0000	17.1427	815.1020	96.8750	17.5617	25.7000	0.9300	0.9392	0.6916	-0.0008	815.0000	814.3800	1.0285	-2.0000	99.9265	39.2040	0.8230	0.8169	5.0000	-9999.0000	-9999.0000	-9999.0000	-9999.0000	-9999.0000	-9999.0000	19.6822	8	0	30.0437	1.0000	13	4	-9999.0000	2374	31965	-9999	867	856	-9999	552.1276	5	0.6785	0.6916	-0.0008	92.3138	1.9900	727.8734	321.4806	34.9306	665.5138	97.8472	718.4011	97.0370	727.1513	97.0602	733.6891	97.1065	
11/08/2017	01:17:01	019001	H421039944HLR	L421	S		692.9028	1.0311	0.0000	100.0368	39.6628	0.8230	0.8243	5.0000	17.2922	815.0800	96.9907	16.0225	25.7000	0.9300	0.9392	0.6916	-0.0008	815.0000	815.0150	1.0285	-2.0000	99.9313	39.1912	0.8230	0.8167	5.0000	-9999.0000	-9999.0000	-9999.0000	-9999.0000	-9999.0000	-9999.0000	19.8130	1	0	28.4841	1.0000	13	4	-9999.0000	2375	31966	-9999	868	857	-9999	553.2786	5	0.6785	0.6916	-0.0008	96.0771	1.7651	735.5467	331.7458	35.2546	671.6533	97.7315	724.7342	96.9907	734.7693	96.9444	741.6608	97.0370	
11/08/2017	01:17:29	019001	H421039927HLR	L421	S		687.5409	1.0311	0.0000	100.0771	39.6580	0.8230	0.8242	5.0000	17.3625	815.0429	96.8519	17.2316	25.7000	0.9300	0.9392	0.6935	-0.0009	815.0000	815.6707	1.0285	-2.0000	99.9343	39.1782	0.8230	0.8168	5.0000	-9999.0000	-9999.0000	-9999.0000	-9999.0000	-9999.0000	-9999.0000	19.5422	2	0	28.1831	1.0000	13	4	-9999.0000	2376	31967	-9999	869	858	-9999	552.4933	5	0.6787	0.6935	-0.0009	84.2900	2.4808	728.3222	339.3517	36.5278	671.4601	97.5000	718.3942	96.8981	727.3663	96.9213	734.7799	97.0602	
11/08/2017	01:17:57	019001	H421039907HLR	L421	S		682.7612	1.0311	0.0000	100.1049	39.6516	0.8230	0.8243	5.0000	17.3625	815.0638	96.8981	20.8727	25.7000	0.9300	0.9392	0.6897	-0.0007	815.0000	817.3478	1.0285	-2.0000	99.9709	39.1952	0.8230	0.8169	5.0000	-9999.0000	-9999.0000	-9999.0000	-9999.0000	-9999.0000	-9999.0000	19.6723	3	0	28.6733	1.0000	13	4	-9999.0000	2377	31968	-9999	870	859	-9999	550.4363	5	0.6788	0.6897	-0.0007	81.4399	2.6495	721.9582	340.0992	36.7130	665.8194	97.6157	713.4395	97.1065	721.3781	97.1065	727.8568	97.1065	
11/08/2017	01:18:27	019001	H421039951HLR	L421	S		688.4157	1.0311	0.0000	99.9838	39.6644	0.8230	0.8243	5.0000	17.3018	815.0819	96.8519	18.7122	25.7000	0.9300	0.9393	0.6888	-0.0006	815.0000	816.5795	1.0285	-2.0000	99.9224	39.2009	0.8230	0.8168	5.0000	-9999.0000	-9999.0000	-9999.0000	-9999.0000	-9999.0000	-9999.0000	19.9124	4	0	30.0339	1.0000	13	4	-9999.0000	2378	31969	-9999	871	860	-9999	552.1076	5	0.6788	0.6888	-0.0006	77.5341	2.8849	731.0282	342.7422	35.2546	675.7710	97.8241	723.7877	96.9907	730.1476	96.9676	735.7971	97.0370	
11/08/2017	01:18:57	019001	H421039957HLR	L421	S		688.6180	1.0311	0.0000	100.0156	39.6740	0.8230	0.8241	5.0000	17.4221	815.1116	96.9676	16.4415	25.7000	0.9300	0.9392	0.6888	-0.0006	815.0000	814.4395	1.0285	-2.0000	99.9248	39.1994	0.8230	0.8167	5.0000	-9999.0000	-9999.0000	-9999.0000	-9999.0000	-9999.0000	-9999.0000	20.0328	5	0	29.3737	1.0000	13	4	-9999.0000	2379	31970	-9999	872	861	-9999	553.3481	5	0.6788	0.6888	-0.0006	77.5341	2.8849	735.1909	348.8828	36.1806	676.4808	97.5694	724.4922	96.9907	734.3661	96.9444	741.3183	97.0139	
11/08/2017	01:19:28	019001	H421039966HLR	L421	S		671.4731	1.0311	0.0000	100.0285	39.6431	0.8230	0.8242	5.0000	17.3925	815.1115	96.8519	16.8321	25.7000	0.9300	0.9392	0.6917	-0.0008	815.0000	816.6727	1.0285	-2.0000	99.9630	39.1993	0.8230	0.8168	5.0000	-9999.0000	-9999.0000	-9999.0000	-9999.0000	-9999.0000	-9999.0000	19.5521	6	0	31.1835	1.0000	13	4	-9999.0000	2380	31971	-9999	873	862	-9999	553.0437	5	0.6787	0.6917	-0.0008	71.2507	3.2676	736.9856	337.4586	34.5602	677.4675	97.8472	728.0088	96.8519	736.3301	96.9444	743.3301	97.0370	
11/08/2017	01:19:58	019001	H421042658HLR	L421	S		692.3603	1.0311	0.0000	100.0269	39.6478	0.8230	0.8243	5.0000	17.3420	815.1252	96.8981	16.6016	25.7000	0.9300	0.9392	0.6972	-0.0011	815.0000	816.2313	1.0285	-2.0000	99.9627	39.1912	0.8230	0.8168	5.0000	-9999.0000	-9999.0000	-9999.0000	-9999.0000	-9999.0000	-9999.0000	19.5823	7	0	29.6433	1.0000	13	4	-9999.0000	2381	31972	-9999	874	863	-9999	553.1588	5	0.6782	0.6972	-0.0011	87.8997	2.2779	728.5218	339.6113	37.6852	667.4395	97.3611	717.6809	96.9444	727.5323	97.0139	735.0498	97.0370	
11/08/2017	01:20:26	019001	H421042655HLR	L421	S		685.9991	1.0311	0.0000	100.0427	39.6500	0.8230	0.8243	5.0000	17.3029	815.0789	96.8750	18.6624	25.7000	0.9300	0.9392	0.6975	-0.0011	815.0000	815.8310	1.0285	-2.0000	99.9912	39.1859	0.8230	0.8168	5.0000	-9999.0000	-9999.0000	-9999.0000	-9999.0000	-9999.0000	-9999.0000	19.6928	8	0	28.2837	1.0000	13	4	-9999.0000	2382	31972	-9999	875	864	-9999	551.2370	5	0.6781	0.6975	-0.0011	90.2399	2.1290	720.5926	321.9016	36.1806	658.6317	97.6389	710.4633	97.1065	719.7205	97.0833	726.7500	97.1065	
11/08/2017	01:20:55	019001	H421042679HLR	L421	S		689.0603	1.0311	0.0000	100.0351	39.6770	0.8230	0.8244	5.0000	17.1319	815.1121	96.8981	17.3820	25.7000	0.9300	0.9392	0.6980	-0.0012	815.0000	815.5111	1.0285	-2.0000	99.9766	39.1862	0.8230	0.8169	5.0000	-9999.0000	-9999.0000	-9999.0000	-9999.0000	-9999.0000	-9999.0000	19.5619	1	0	29.1736	1.0000	13	4	-9999.0000	2383	31973	-9999	876	864	-9999	552.4745	5	0.6778	0.6980	-0.0012	90.2399	2.1290	725.4130	318.9765	36.8287	663.8176	97.3380	716.1599	96.9676	724.5440	96.9444	731.6539	97.0602	
11/08/2017	01:21:25	019001	H421042676HLR	L421	S		691.9229	1.0311	0.0000	99.9725	39.6564	0.8230	0.8242	5.0000	17.3516	815.0996	96.8519	19.7632	25.7000	0.9300	0.9392	0.6972	-0.0011	815.0000	818.2700	1.0285	-2.0000	99.9301	39.1903	0.8230	0.8168	5.0000	-9999.0000	-9999.0000	-9999.0000	-9999.0000	-9999.0000	-9999.0000	19.6624	2	0	30.1236	1.0000	13	4	-9999.0000	2384	31974	-9999	877	865	-9999	550.1459	5	0.6777	0.6972	-0.0011	87.1824	2.2751	727.4145	317.6554	33.7731	666.8476	97.4769	717.6106	96.9907	726.6751	97.0602	730.4104	97.0833	
11/08/2017	01:21:56	019001	H421042673HLR	L421	S		690.9543	1.0311	0.0000	99.9865	39.6471	0.8230	0.8242	5.0000	17.3721	815.0929	96.9213	17.6115	25.8000	0.9300	0.9393	0.6979	-0.0012	815.0000	815.7956	1.0285	-2.0000	99.9798	39.2023	0.8230	0.8169	5.0000	-9999.0000	-9999.0000	-9999.0000	-9999.0000	-9999.0000	-9999.0000	19.5025	3	0	30.3934	1.0000	13	4	-9999.0000	2385	31975	-9999	878	866	-9999	552.1048	5	0.6773	0.6979	-0.0012	89.4670	2.1557	724.5712	330.5551	37.7315	665.7057	97.4074	713.5656	97.0139	723.6528	97.0139	731.4135	97.0370	
11/08/2017	01:22:24	019001	H421042666HLR	L421	S		692.2475	1.0311	0.0000	100.0180	39.6496	0.8230	0.8243	5.0000	17.0920	815.0813	96.9213	16.8927	25.8000	0.9300	0.9393	0.6979	-0.0012	815.0000	815.6943	1.0285	-2.0000	100.0182	39.1896	0.8230	0.8168	5.0000	-9999.0000	-9999.0000	-9999.0000	-9999.0000	-9999.0000	-9999.0000	19.6928	4	0	28.7536	1.0000	13	4	-9999.0000	2386	31975	-9999	879	867	-9999	552.7583	5	0.6773	0.6979	-0.0012	89.4670	2.1557	725.6987	318.7084	34.2361	664.4859	97.9167	715.0083	96.9907	724.9275	96.9907	731.8606	97.0370	
11/08/2017	01:22:55	019001	H421042662HLR	L421	S		694.1973	1.0311	0.0000	99.9974	39.6479	0.8230	0.8242	5.0000	17.3516	815.0778	96.8519	17.1417	25.8000	0.9300	0.9393	0.6963	-0.0011	815.0000	818.3553	1.0285	-2.0000	99.9199	39.1842	0.8230	0.8168	5.0000	-9999.0000	-9999.0000	-9999.0000	-9999.0000	-9999.0000	-9999.0000	19.6518	5	0	30.7644	1.0000	13	4	-9999.0000	2387	31976	-9999	880	868	-9999	552.3563	5	0.6771	0.6963	-0.0011	87.3735	2.2612	733.9719	322.6222	33.6574	670.4911	98.1019	723.1444	97.0602	732.9922	97.0370	740.6801	97.0602	
11/08/2017	01:23:24	019001	H421042692HLR	L421	S		683.0433	1.0311	0.0000	100.0129	39.6440	0.8230	0.8244	5.0000	17.0820	815.0685	96.8750	18.7328	25.8000	0.9300	0.9393	0.6951	-0.0010	815.0000	814.5057	1.0285	-2.0000	99.9340	39.1870	0.8230	0.8169	5.0000	-9999.0000	-9999.0000	-9999.0000	-9999.0000	-9999.0000	-9999.0000	19.6022	6	0	28.9732	1.0000	13	4	-9999.0000	2388	31977	-9999	881	869	-9999	550.8926	5	0.6764	0.6951	-0.0010	96.5864	1.7127	719.6073	335.7539	34.5602	661.6117	98.0556	709.2634	96.8056	718.7030	96.8981	725.6606	97.0370	
11/08/2017	01:23:50	019001	H421042697HLR	L421	S		685.8100	1.0311	0.0000	99.9528	39.6500	0.8230	0.8242	5.0000	17.3819	815.0708	96.8981	18.3226	25.8000	0.9300	0.9392	0.6947	-0.0010	815.0000	815.9568	1.0285	-2.0000	99.9510	39.1785	0.8230	0.8166	5.0000	-9999.0000	-9999.0000	-9999.0000	-9999.0000	-9999.0000	-9999.0000	20.2827	7	0	26.0833	1.0000	13	4	-9999.0000	2389	31978	-9999	881	870	-9999	551.2067	5	0.6764	0.6947	-0.0010	91.6118	1.9621	722.4006	316.6187	33.7500	660.1412	98.1019	712.1305	97.0370	721.5410	97.0602	728.7226	97.0602	
11/08/2017	01:24:15	019001	H421042689HLR	L421	S		687.6435	1.0311	0.0000	100.0293	39.6596	0.8230	0.8242	5.0000	17.4121	815.0701	96.8750	17.3722	25.9000	0.9300	0.9394	0.6947	-0.0010	815.0000	814.3636	1.0285	-2.0000	99.9563	39.1831	0.8230	0.8168	5.0000	-9999.0000	-9999.0000	-9999.0000	-9999.0000	-9999.0000	-9999.0000	20.0327	8	0	24.8927	1.0000	13	4	-9999.0000	2390	31979	-9999	882	871	-9999	551.9625	5	0.6764	0.6947	-0.0010	91.6118	1.9621	725.6865	321.4291	34.3287	666.0458	97.9398	715.5316	96.5278	724.7673	96.5972	732.0888	96.9676	
11/08/2017	01:24:42	019001	H421042686HLR	L421	S		686.5981	1.0311	0.0000	100.0050	39.6500	0.8230	0.8243	5.0000	17.1514	815.1412	96.8519	18.7230	25.8000	0.9300	0.9392	0.6940	-0.0010	815.0000	814.5048	1.0285	-2.0000	99.9164	39.2013	0.8230	0.8170	5.0000	-9999.0000	-9999.0000	-9999.0000	-9999.0000	-9999.0000	-9999.0000	19.7231	1	0	26.5032	1.0000	13	4	-9999.0000	2391	31980	-9999	883	872	-9999	550.3320	5	0.6766	0.6940	-0.0010	95.8258	1.7234	717.3099	316.9000	33.6111	656.5032	98.1944	707.3996	97.1296	716.6148	97.1759	723.1020	97.1065	
11/08/2017	01:25:07	019001	H421042682HLR	L421	S		687.0324	1.0311	0.0000	99.9499	39.6465	0.8230	0.8243	5.0000	17.1515	815.0601	96.8981	17.5422	25.8000	0.9300	0.9391	0.6940	-0.0010	815.0000	815.1326	1.0285	-2.0000	100.0263	39.2138	0.8230	0.8169	5.0000	-9999.0000	-9999.0000	-9999.0000	-9999.0000	-9999.0000	-9999.0000	19.9116	2	0	25.8732	1.0000	13	4	-9999.0000	2392	31981	-9999	884	873	-9999	551.8907	5	0.6766	0.6940	-0.0010	95.8258	1.7234	727.4566	315.2977	34.2593	666.1826	98.0787	716.5131	97.1065	726.7402	97.0833	733.0967	97.0833	
11/08/2017	01:25:34	019001	H421042448HLR	L421	S		691.3769	1.0311	0.0000	99.9581	39.6500	0.8230	0.8242	5.0000	17.3223	815.0949	96.9907	14.0017	25.9000	0.9300	0.9391	0.6914	-0.0008	815.0000	814.0005	1.0285	-2.0000	99.9708	39.2191	0.8230	0.8168	5.0000	-9999.0000	-9999.0000	-9999.0000	-9999.0000	-9999.0000	-9999.0000	19.9019	3	0	26.5229	1.0000	13	2	-9999.0000	2393	31982	-9999	885	874	-9999	554.1182	5	0.6762	0.6914	-0.0008	60.1809	3.7707	743.3393	317.0579	35.0000	675.8355	97.7083	732.6247	96.4815	742.5829	96.5972	749.8148	96.9907	
11/08/2017	01:26:00	019001	H421040227HLR	L421	S		697.5124	1.0311	0.0000	100.0640	39.6446	0.8230	0.8243	5.0000	17.0725	815.1477	96.9444	12.7115	25.9000	0.9300	0.9391	0.6940	-0.0010	815.0000	816.0776	1.0285	-2.0000	99.9577	39.2106	0.8230	0.8168	5.0000	-9999.0000	-9999.0000	-9999.0000	-9999.0000	-9999.0000	-9999.0000	19.8529	4	0	26.2432	1.0000	13	2	-9999.0000	2394	31983	-9999	886	875	-9999	555.7183	5	0.6763	0.6940	-0.0010	61.4611	3.7056	751.3851	318.5482	34.3287	684.1581	98.0556	739.3004	97.0602	750.3646	97.0139	759.1415	97.0833	
11/08/2017	01:26:26	019001	H421042438HLR	L421	S		692.2210	1.0311	0.0000	99.9679	39.6415	0.8230	0.8244	5.0000	17.2023	815.1700	96.9444	14.4822	25.8000	0.9300	0.9391	0.6973	-0.0012	815.0000	816.7749	1.0285	-2.0000	99.9576	39.2100	0.8230	0.8168	5.0000	-9999.0000	-9999.0000	-9999.0000	-9999.0000	-9999.0000	-9999.0000	20.0316	5	0	25.5930	1.0000	13	2	-9999.0000	2395	31984	-9999	887	876	-9999	554.9140	5	0.6761	0.6973	-0.0012	66.1813	3.4165	741.0446	332.0571	34.6528	677.9898	98.0324	729.6007	97.1065	739.9229	97.1759	748.0987	97.1065	
11/08/2017	01:26:54	019001	H421042446HLR	L421	S		692.2455	1.0311	0.0000	100.0593	39.6444	0.8230	0.8243	5.0000	17.4622	815.1421	96.9676	14.4822	25.8000	0.9300	0.9391	0.6949	-0.0010	815.0000	816.1287	1.0285	-2.0000	100.0283	39.2108	0.8230	0.8168	5.0000	-9999.0000	-9999.0000	-9999.0000	-9999.0000	-9999.0000	-9999.0000	19.9223	6	0	28.6041	1.0000	13	2	-9999.0000	2396	31985	-9999	888	877	-9999	554.5100	5	0.6762	0.6949	-0.0010	76.9175	2.8185	740.9332	326.4474	34.7917	675.8232	97.8472	729.6381	97.0602	740.1007	97.0833	747.9482	97.0833	
11/08/2017	01:27:21	019001	H421042434HLR	L421	S		692.5046	1.0311	0.0000	99.9965	39.6723	0.8230	0.8243	5.0000	17.3117	815.0754	96.9444	14.5526	25.8000	0.9300	0.9391	0.6954	-0.0010	815.0000	816.2437	1.0285	-2.0000	99.9849	39.2136	0.8230	0.8168	5.0000	-9999.0000	-9999.0000	-9999.0000	-9999.0000	-9999.0000	-9999.0000	20.0024	7	0	26.1926	1.0000	13	2	-9999.0000	2397	31986	-9999	889	878	-9999	554.4654	5	0.6765	0.6954	-0.0010	104.6370	1.2466	739.9983	343.5145	38.2639	678.1216	97.1296	728.9613	96.7361	739.0241	96.8750	747.1325	97.0602	
11/08/2017	01:27:47	019001	H421034853HLR	L421	S		692.4953	1.0311	0.0000	99.9566	39.6692	0.8230	0.8241	5.0000	17.6828	815.0894	96.9676	14.8915	25.8000	0.9300	0.9392	0.6931	-0.0009	815.0000	816.6993	1.0285	-2.0000	99.9776	39.2233	0.8230	0.8168	5.0000	-9999.0000	-9999.0000	-9999.0000	-9999.0000	-9999.0000	-9999.0000	19.6526	8	0	26.0140	1.0000	13	2	-9999.0000	2397	31987	-9999	890	879	-9999	553.7789	5	0.6774	0.6931	-0.0009	97.1959	1.6925	740.5442	346.7955	37.6157	682.4285	97.3148	729.4930	96.8750	739.6157	97.0139	746.9501	97.1065	
11/08/2017	01:28:12	019001	H421042408HLR	L421	S		696.5394	1.0311	0.0000	100.0800	39.6628	0.8230	0.8243	5.0000	17.2618	815.1360	96.9213	13.1012	25.8000	0.9300	0.9391	0.6927	-0.0009	815.0000	814.7620	1.0285	-2.0000	99.9501	39.2034	0.8230	0.8168	5.0000	-9999.0000	-9999.0000	-9999.0000	-9999.0000	-9999.0000	-9999.0000	19.8921	1	0	25.5128	1.0000	13	2	-9999.0000	2398	31988	-9999	891	880	-9999	555.1162	5	0.6776	0.6927	-0.0009	99.1579	1.6055	748.0347	327.9369	34.6065	686.6230	97.7546	736.5097	96.9444	747.1112	96.9907	755.6638	97.0602	
11/08/2017	01:28:37	019001	H421042414HLR	L421	S		693.9496	1.0311	0.0000	100.0294	39.6496	0.8230	0.8244	5.0000	17.0324	815.0482	96.8750	17.2521	25.8000	0.9300	0.9391	0.6924	-0.0009	815.0000	817.3395	1.0285	-2.0000	99.9584	39.2088	0.8230	0.8169	5.0000	-9999.0000	-9999.0000	-9999.0000	-9999.0000	-9999.0000	-9999.0000	19.9419	2	0	24.8830	1.0000	13	2	-9999.0000	2399	31989	-9999	892	881	-9999	551.9691	5	0.6778	0.6924	-0.0009	100.1243	1.5752	731.9619	344.7601	36.2037	678.3059	97.7546	723.8458	96.8981	731.3535	97.0602	737.3429	97.1296	
11/08/2017	01:29:04	019001	H421042429HLR	L421	S		693.0896	1.0311	0.0000	99.9814	39.6628	0.8230	0.8242	5.0000	17.5021	815.1071	96.9907	14.1814	25.8000	0.9300	0.9391	0.6917	-0.0008	815.0000	816.3046	1.0285	-2.0000	99.9814	39.2223	0.8230	0.8169	5.0000	-9999.0000	-9999.0000	-9999.0000	-9999.0000	-9999.0000	-9999.0000	19.8628	3	0	26.9330	1.0000	13	2	-9999.0000	2400	31990	-9999	893	882	-9999	554.1957	5	0.6782	0.6917	-0.0008	99.8996	1.6142	742.9685	340.4434	35.7870	682.5805	97.6157	732.3389	96.6898	742.1128	96.7593	750.2294	96.9907	
11/08/2017	01:29:30	019001	H421042441HLR	L421	S		691.0447	1.0311	0.0000	100.0103	39.6818	0.8230	0.8242	5.0000	17.3416	815.1281	96.9444	14.6219	25.8000	0.9300	0.9391	0.6923	-0.0009	815.0000	815.5784	1.0285	-2.0000	99.9269	39.2219	0.8230	0.8168	5.0000	-9999.0000	-9999.0000	-9999.0000	-9999.0000	-9999.0000	-9999.0000	20.4428	4	0	25.6236	1.0000	13	2	-9999.0000	2401	31991	-9999	894	883	-9999	553.8405	5	0.6784	0.6923	-0.0009	103.4899	1.3831	739.8413	318.9399	33.3565	675.5370	98.2407	728.9202	97.1065	738.9133	97.1296	747.1646	97.0833	
11/08/2017	01:29:56	019001	H421039878HLR	L421	S		700.0405	1.0311	0.0000	100.0548	39.6500	0.8230	0.8243	5.0000	17.2423	815.1372	96.8287	11.7817	25.8000	0.9300	0.9391	0.6923	-0.0009	815.0000	815.1332	1.0285	-2.0000	100.0623	39.2343	0.8230	0.8169	5.0000	-9999.0000	-9999.0000	-9999.0000	-9999.0000	-9999.0000	-9999.0000	19.8314	5	0	26.7830	1.0000	13	2	-9999.0000	2402	31992	-9999	895	884	-9999	556.0114	5	0.6790	0.6923	-0.0009	104.9982	1.2726	756.4681	319.2389	35.4398	685.8728	97.7315	744.4704	96.8981	755.4911	96.9213	764.4952	97.0833	
11/08/2017	01:30:21	019001	H421042400HLR	L421	S		695.5871	1.0311	0.0000	99.9397	39.6422	0.8230	0.8237	5.0000	18.6223	815.1033	96.8981	13.4811	25.8000	0.9300	0.9392	0.6939	-0.0010	815.0000	815.3090	1.0285	-2.0000	99.9125	39.2283	0.8230	0.8169	5.0000	-9999.0000	-9999.0000	-9999.0000	-9999.0000	-9999.0000	-9999.0000	19.7121	6	0	25.1028	1.0000	13	2	-9999.0000	2403	31993	-9999	895	885	-9999	554.7030	5	0.6787	0.6939	-0.0010	102.3162	1.4245	747.1711	324.1845	34.7222	676.9372	98.1250	735.5872	97.1528	746.2069	97.1991	754.0986	97.0370	
11/08/2017	01:30:47	019001	H421042404HLR	L421	S		691.7740	1.0311	0.0000	99.9815	39.6546	0.8230	0.8245	5.0000	17.1320	815.0868	97.0139	14.9217	25.7000	0.9300	0.9390	0.6953	-0.0011	815.0000	815.7718	1.0285	-2.0000	99.9354	39.2247	0.8230	0.8168	5.0000	-9999.0000	-9999.0000	-9999.0000	-9999.0000	-9999.0000	-9999.0000	19.9428	7	0	25.5635	1.0000	13	2	-9999.0000	2404	31994	-9999	896	885	-9999	553.3809	5	0.6791	0.6953	-0.0011	102.8119	1.4443	737.7147	321.3843	36.3889	670.5310	97.6620	726.4315	97.1296	736.8737	97.1296	744.9426	97.1065	
11/08/2017	01:31:12	019001	H421042418HLR	L421	S		694.3039	1.0311	0.0000	100.0447	39.6914	0.8230	0.8243	5.0000	17.3027	815.1325	96.9213	14.2625	25.7000	0.9300	0.9391	0.7004	-0.0015	815.0000	816.3019	1.0285	-2.0000	99.9373	39.2243	0.8230	0.8169	5.0000	-9999.0000	-9999.0000	-9999.0000	-9999.0000	-9999.0000	-9999.0000	19.7122	8	0	24.9231	1.0000	13	2	-9999.0000	2404	31995	-9999	897	886	-9999	554.1232	5	0.6793	0.7004	-0.0015	81.3276	2.9383	736.6355	327.5717	35.7870	673.8720	97.6157	726.6202	97.1065	735.6267	97.0370	744.7114	97.0833	
11/08/2017	01:31:37	019001	H421042424HLR	L421	S		693.4419	1.0311	0.0000	100.0705	39.6851	0.8230	0.8242	5.0000	17.1719	815.0770	96.9213	14.7713	25.7000	0.9300	0.9391	0.6972	-0.0013	815.0000	815.8685	1.0285	-2.0000	99.9689	39.2247	0.8230	0.8167	5.0000	-9999.0000	-9999.0000	-9999.0000	-9999.0000	-9999.0000	-9999.0000	20.3022	1	0	25.5528	1.0000	13	2	-9999.0000	2405	31996	-9999	898	887	-9999	553.2586	5	0.6794	0.6972	-0.0013	77.2341	3.2153	737.6226	327.9901	35.1157	677.1486	97.7083	727.5552	96.9907	736.8111	97.0139	744.4963	97.1065	
11/08/2017	01:32:04	019001	H421042430HLR	L421	S		692.3428	1.0311	0.0000	100.0289	39.6443	0.8230	0.8243	5.0000	17.1320	815.0701	96.9213	13.7321	25.7000	0.9300	0.9391	0.6977	-0.0013	815.0000	815.6776	1.0285	-2.0000	100.0027	39.2255	0.8230	0.8168	5.0000	-9999.0000	-9999.0000	-9999.0000	-9999.0000	-9999.0000	-9999.0000	20.3627	2	0	26.2726	1.0000	13	2	-9999.0000	2406	31997	-9999	899	888	-9999	554.3578	5	0.6794	0.6977	-0.0013	75.1016	3.3548	740.3773	342.0188	36.7361	682.1698	97.4769	727.8949	96.8750	739.5774	96.9907	747.2375	97.0602	
11/08/2017	01:32:31	019001	H421039889HLR	L421	S		701.6439	1.0311	0.0000	99.9303	39.6500	0.8230	0.8242	5.0000	17.4123	815.1496	96.9444	12.7613	25.7000	0.9300	0.9391	0.6977	-0.0013	815.0000	820.0301	1.0285	-2.0000	100.0002	39.2365	0.8230	0.8168	5.0000	-9999.0000	-9999.0000	-9999.0000	-9999.0000	-9999.0000	-9999.0000	19.8530	3	0	26.8636	1.0000	13	2	-9999.0000	2407	31998	-9999	900	889	-9999	555.4226	5	0.6793	0.6977	-0.0013	77.3057	3.1810	748.4555	346.7887	36.9676	686.1124	97.2685	736.7214	96.6204	747.4719	96.7361	756.4235	96.9907	
11/08/2017	01:32:56	019001	H421039871HLR	L421	S		698.2269	1.0311	0.0000	99.9368	39.6676	0.8230	0.8243	5.0000	17.2911	815.0944	96.9213	12.6617	25.8000	0.9300	0.9392	0.6977	-0.0013	815.0000	815.8723	1.0285	-2.0000	99.8835	39.2394	0.8230	0.8168	5.0000	-9999.0000	-9999.0000	-9999.0000	-9999.0000	-9999.0000	-9999.0000	19.7122	4	0	25.4632	1.0000	13	2	-9999.0000	2408	31999	-9999	901	890	-9999	555.4120	5	0.6792	0.6977	-0.0013	78.0277	3.1187	748.9051	345.0110	37.8241	687.0372	97.2454	736.9891	97.0370	747.8600	97.0833	756.1780	97.0602	
11/08/2017	01:33:22	019001	H421039914HLR	L421	S		694.3884	1.0311	0.0000	100.0461	39.6898	0.8230	0.8243	5.0000	17.3224	815.1209	96.8981	13.1618	25.7000	0.9300	0.9392	0.6976	-0.0013	815.0000	814.3393	1.0285	-2.0000	99.9504	39.2326	0.8230	0.8168	5.0000	-9999.0000	-9999.0000	-9999.0000	-9999.0000	-9999.0000	-9999.0000	19.6430	5	0	25.9132	1.0000	13	2	-9999.0000	2409	32000	-9999	901	891	-9999	554.8173	5	0.6791	0.6976	-0.0013	79.9717	2.9633	743.4184	340.3475	36.1111	681.9707	97.6389	732.7968	96.7593	742.4243	96.8287	750.3022	97.0370	
11/08/2017	01:33:47	019001	H421039910HLR	L421	S		693.9204	1.0311	0.0000	99.8910	39.6692	0.8230	0.8241	5.0000	17.6222	815.1504	96.9676	14.9217	25.7000	0.9300	0.9393	0.6974	-0.0013	815.0000	817.7756	1.0285	-2.0000	99.9284	39.2307	0.8230	0.8169	5.0000	-9999.0000	-9999.0000	-9999.0000	-9999.0000	-9999.0000	-9999.0000	19.5219	6	0	24.9328	1.0000	13	2	-9999.0000	2410	32001	-9999	902	892	-9999	552.9910	5	0.6792	0.6974	-0.0013	80.5788	2.9359	743.6430	342.9378	36.8750	682.9166	97.5000	733.4112	96.9907	742.9126	97.0833	749.8289	97.1065	
11/08/2017	01:34:12	019001	H421039884HLR	L421	S		693.3897	1.0311	0.0000	100.0802	39.6500	0.8230	0.8242	5.0000	17.4426	815.1168	96.9213	13.1618	25.7000	0.9300	0.9392	0.6968	-0.0012	815.0000	814.9301	1.0285	-2.0000	99.9374	39.2327	0.8230	0.8168	5.0000	-9999.0000	-9999.0000	-9999.0000	-9999.0000	-9999.0000	-9999.0000	19.8325	7	0	25.5335	1.0000	13	2	-9999.0000	2411	32002	-9999	903	893	-9999	554.7113	5	0.6788	0.6968	-0.0012	82.2879	2.8238	745.6993	346.8537	35.7176	684.3234	97.5463	733.2622	97.0139	744.8198	97.0139	752.5354	97.0602	
11/08/2017	01:34:37	019001	H421039873HLR	L421	S		693.4680	1.0311	0.0000	100.0190	39.6883	0.8230	0.8241	5.0000	17.8419	815.0920	96.8981	14.0916	25.7000	0.9300	0.9393	0.6963	-0.0012	815.0000	815.8309	1.0285	-2.0000	100.0109	39.2351	0.8230	0.8169	5.0000	-9999.0000	-9999.0000	-9999.0000	-9999.0000	-9999.0000	-9999.0000	19.6117	8	0	24.9432	1.0000	13	2	-9999.0000	2412	32003	-9999	904	894	-9999	553.7351	5	0.6794	0.6963	-0.0012	81.4390	2.8668	741.8201	346.6854	36.3657	685.4300	97.6620	729.8865	97.1528	740.9745	97.2454	748.7786	96.9444	
11/08/2017	01:35:06	019001	H421039894HLR	L421	S		692.8749	1.0311	0.0000	100.0082	39.6882	0.8230	0.8242	5.0000	17.4923	815.1191	96.9213	13.9021	25.7000	0.9300	0.9392	0.6967	-0.0012	815.0000	815.3682	1.0285	-2.0000	99.9517	39.2351	0.8230	0.8168	5.0000	-9999.0000	-9999.0000	-9999.0000	-9999.0000	-9999.0000	-9999.0000	19.8626	1	0	28.6431	1.0000	13	2	-9999.0000	2413	32004	-9999	905	895	-9999	554.0148	5	0.6796	0.6967	-0.0012	83.3509	2.7203	742.5329	346.3892	37.7315	683.1049	97.3148	730.6749	96.7361	741.5186	96.8750	749.5836	97.0370	
11/08/2017	01:35:31	019001	H421039903HLR	L421	S		695.4592	1.0311	0.0000	99.9839	39.6596	0.8230	0.8241	5.0000	17.4816	815.1515	96.9213	12.8111	25.7000	0.9300	0.9393	0.6974	-0.0013	815.0000	814.7080	1.0285	-2.0000	99.9888	39.2237	0.8230	0.8167	5.0000	-9999.0000	-9999.0000	-9999.0000	-9999.0000	-9999.0000	-9999.0000	20.5426	2	0	24.9729	1.0000	13	2	-9999.0000	2414	32005	-9999	906	896	-9999	555.1349	5	0.6793	0.6974	-0.0013	84.1412	2.6557	744.2441	342.8996	36.6898	684.5746	97.4537	732.7651	96.9213	743.4202	96.9907	751.9196	97.0370	
11/08/2017	01:35:57	019001	H421039900HLR	L421	S		698.0785	1.0311	0.0000	99.9398	39.6644	0.8230	0.8242	5.0000	17.3322	815.0934	96.8981	12.6119	25.7000	0.9300	0.9392	0.7014	-0.0016	815.0000	814.9879	1.0285	-2.0000	99.9978	39.2424	0.8230	0.8168	5.0000	-9999.0000	-9999.0000	-9999.0000	-9999.0000	-9999.0000	-9999.0000	19.6528	3	0	25.5928	1.0000	13	2	-9999.0000	2415	32006	-9999	907	897	-9999	555.5894	5	0.6792	0.7014	-0.0016	88.6081	2.3511	746.0937	340.1827	38.7037	660.7414	97.1296	733.6375	96.8981	745.1242	96.9676	753.3025	97.0602	
11/08/2017	01:36:21	019001	H421039958HLR	L421	S		695.4089	1.0311	0.0000	99.9625	39.6724	0.8230	0.8243	5.0000	17.3116	815.1530	96.8750	13.4215	25.8000	0.9300	0.9393	0.7023	-0.0017	815.0000	815.6058	1.0285	-2.0000	99.9432	39.2237	0.8230	0.8168	5.0000	-9999.0000	-9999.0000	-9999.0000	-9999.0000	-9999.0000	-9999.0000	20.0121	4	0	24.8734	1.0000	13	2	-9999.0000	2416	32007	-9999	908	898	-9999	554.5225	5	0.6790	0.7023	-0.0017	90.0592	2.2641	742.1072	348.1245	38.0324	680.8595	97.3611	728.9896	96.8750	740.9673	96.9444	750.1689	97.0602	
11/08/2017	01:36:47	019001	H421039919HLR	L421	S		693.8410	1.0311	0.0000	99.9882	39.6850	0.8230	0.8242	5.0000	17.3711	815.1494	96.9213	13.4020	25.7000	0.9300	0.9392	0.7006	-0.0015	815.0000	813.6092	1.0285	-2.0000	99.9661	39.2291	0.8230	0.8168	5.0000	-9999.0000	-9999.0000	-9999.0000	-9999.0000	-9999.0000	-9999.0000	20.1225	5	0	25.5429	1.0000	13	2	-9999.0000	2417	32008	-9999	909	899	-9999	554.5317	5	0.6791	0.7006	-0.0015	91.2343	2.1939	739.5482	340.1350	38.7500	683.0708	97.1296	728.5512	96.8519	738.6725	96.9213	747.9422	97.0370	
11/08/2017	01:37:12	019001	H421039928HLR	L421	S		690.2864	1.0311	0.0000	100.0821	39.6592	0.8230	0.8243	5.0000	17.3117	815.1502	96.9213	13.3014	25.8000	0.9300	0.9393	0.7051	-0.0019	815.0000	813.6364	1.0285	-2.0000	100.0018	39.2407	0.8230	0.8169	5.0000	-9999.0000	-9999.0000	-9999.0000	-9999.0000	-9999.0000	-9999.0000	19.8324	6	0	24.9230	1.0000	13	2	-9999.0000	2418	32009	-9999	910	900	-9999	554.7284	5	0.6794	0.7051	-0.0019	90.0196	2.2868	736.8432	341.9235	36.2037	672.7746	97.7083	724.9252	96.7361	735.7925	96.8287	744.6082	97.0139	
11/08/2017	01:37:40	019001	H421039922HLR	L421	S		672.1698	1.0311	0.0000	99.9804	39.6514	0.8230	0.8236	5.0000	19.1321	815.0906	96.9444	12.9615	25.7000	0.9300	0.9392	0.7051	-0.0019	815.0000	814.3423	1.0285	-2.0000	99.9326	39.2524	0.8230	0.8169	5.0000	-9999.0000	-9999.0000	-9999.0000	-9999.0000	-9999.0000	-9999.0000	19.6029	7	0	27.7339	1.0000	13	2	-9999.0000	2419	32010	-9999	911	901	-9999	555.2405	5	0.6798	0.7051	-0.0019	79.8622	3.0417	740.0760	338.9122	37.5694	675.6822	97.4306	727.7839	96.8750	739.0074	96.9907	747.9079	97.0602	
11/08/2017	01:38:05	019001	H421039939HLR	L421	S		691.7449	1.0311	0.0000	100.0993	39.6469	0.8230	0.8244	5.0000	17.2813	815.0876	96.8981	13.4313	25.7000	0.9300	0.9393	0.7090	-0.0022	815.0000	813.6952	1.0285	-2.0000	99.9836	39.2333	0.8230	0.8167	5.0000	-9999.0000	-9999.0000	-9999.0000	-9999.0000	-9999.0000	-9999.0000	20.3120	8	0	24.9327	1.0000	13	2	-9999.0000	2420	32011	-9999	912	902	-9999	554.3631	5	0.6798	0.7090	-0.0022	82.3619	2.8368	733.7827	334.0910	37.3611	669.5369	97.5926	720.4331	97.0602	732.5874	97.1528	742.1117	97.0370	
11/08/2017	01:38:31	019001	H421039933HLR	L421	S		691.9547	1.0311	0.0000	99.9353	39.7000	0.8230	0.8241	5.0000	17.8117	815.1248	96.9444	13.1715	25.7000	0.9300	0.9393	0.7089	-0.0021	815.0000	813.7667	1.0285	-2.0000	99.9458	39.2331	0.8230	0.8167	5.0000	-9999.0000	-9999.0000	-9999.0000	-9999.0000	-9999.0000	-9999.0000	20.1319	1	0	26.1830	1.0000	13	2	-9999.0000	2421	32012	-9999	913	903	-9999	554.9498	5	0.6802	0.7089	-0.0021	82.7202	2.8061	735.3124	342.2131	38.2176	670.3245	97.3380	723.0601	96.8519	734.3251	96.9444	743.6463	97.0370	
