Data	Timp	Nr. masina	Nr. de serie	Tip	Productie	Comentariu	Pre-masurare Q [ml/min]	Pre-masurare Gain	Pre-masurare Offset Master	Pre-masurare P [bar]	Pre-masurare T [°C]	Pre-masurare Densitate fixa [kg/l]	Pre-masurare densitate masurata [kg/l]	Pre-masurare Timp masurare [s]	Pre-masurare Cycle time [s]	rectificare Q Oprire [ml/min]	rectificare P Oprire [bar]	rectificare Timp rectificare [s]	rectificare T [°C]	rectificare Densitate fixa [kg/l]	rectificare densitate masurata [kg/l]	rectificare Factor de masurare la rectificare	rectificare Factor de corectie a debitului	rectificare Target rectificare	Masurare Q [ml/min]	Masurare Gain	Masurare Offset Master	Masurare P [bar]	Masurare T [°C]	Masurare Densitate fixa [kg/l]	Masurare densitate masurata [kg/l]	Masurare Timp masurare [s]	Masurare Q [ml/min]	Masurare Delta Q [ml/min]	Masurare P [bar]	Masurare BP [bar]	Masurare T [°C]	Masurare Timp masurare [s]	Masurare Cycle time [s]	Nest Nr.	Cod de descarcare	Cycle time [s]	Traceability aktiv	EDM Maschine Nr	EDM Spindle Nr	Honing Rate [r	Station Counter Premeasure	Station Counter Grind	Station Counter Blowout 1	Station Counter Wash	Station Counter Measure	Station Counter Blowout 2	RealGrindQStop	Reg Type	Factor 0	Factor 1	Factor 2	Factor 3	Factor 4	G_StartQV	G_StartQV_1	G_StartQV_2	G_StartQV_3	G_StartQV_4	G_StartQV_5	
01/08/2017	01:49:11	019001	H340187592GLR	L340	S		579.3696	1.0311	0.0000	99.9652	39.2580	0.8230	0.8266	5.0000	17.3614	675.1625	94.5370	7.0409	25.4000	0.9300	0.9420	0.6385	-0.0044	675.0000	672.3138	1.0285	1.2100	99.9701	38.7479	0.8230	0.8207	5.0000	-9999.0000	-9999.0000	-9999.0000	-9999.0000	-9999.0000	-9999.0000	18.2823	1	0	25.7033	1.0000	99	9	-9999.0000	44098	20474	-9999	1124	1094	-9999	410.2192	5	0.6162	0.6385	-0.0044	87.1485	1.6769	644.6010	289.6338	37.5463	587.4565	95.4167	633.7076	94.2593	643.4643	94.0278	653.2926	94.9769	
01/08/2017	01:49:57	019001	H340187587GLR	L340	S		582.9768	1.0311	0.0000	99.9542	39.3886	0.8230	0.8268	5.0000	17.4219	675.1459	95.0926	6.2703	25.4000	0.9300	0.9417	0.6385	-0.0044	675.0000	672.3972	1.0285	1.1974	99.9821	38.8751	0.8230	0.8207	5.0000	-9999.0000	-9999.0000	-9999.0000	-9999.0000	-9999.0000	-9999.0000	17.9717	3	0	25.6235	1.0000	99	9	-9999.0000	44099	20475	-9999	1125	1095	-9999	412.5292	5	0.6162	0.6385	-0.0044	87.1485	1.6769	652.1950	373.4392	36.8981	589.3181	95.6250	637.9169	94.8843	650.8581	94.5602	660.6367	94.7454	
01/08/2017	01:50:44	019001	H340187680GLR	L340	S		574.2768	1.0311	0.0000	99.9350	39.4000	0.8230	0.8264	5.0000	17.4328	675.1301	95.0000	8.1113	25.4000	0.9300	0.9419	0.6355	-0.0038	675.0000	673.4928	1.0285	1.0314	99.9685	38.8525	0.8230	0.8205	5.0000	-9999.0000	-9999.0000	-9999.0000	-9999.0000	-9999.0000	-9999.0000	17.9827	5	0	25.7229	1.0000	99	9	-9999.0000	44100	20476	-9999	1126	1096	-9999	408.2857	5	0.6161	0.6355	-0.0038	87.1872	1.6708	638.7676	373.3184	35.7407	584.7557	95.3935	626.8736	94.8148	637.7329	94.6065	646.3393	94.8380	
01/08/2017	01:51:37	019001	H340187676GLR	L340	S		576.7225	1.0311	0.0000	100.0419	39.3500	0.8230	0.8265	5.0000	17.2715	675.1484	95.0231	7.7314	25.4000	0.9300	0.9419	0.6358	-0.0039	675.0000	672.2051	1.0285	1.2265	99.9605	38.8583	0.8230	0.8206	5.0000	-9999.0000	-9999.0000	-9999.0000	-9999.0000	-9999.0000	-9999.0000	17.8928	7	0	25.6535	1.0000	99	9	-9999.0000	44101	20477	-9999	1127	1097	-9999	409.1552	5	0.6162	0.6358	-0.0039	86.1298	1.8879	640.2267	382.6105	36.9444	584.1618	95.1389	627.3520	94.7917	638.9696	94.6065	648.8160	94.8843	
01/08/2017	01:52:24	019001	H340187672GLR	L340	S		575.2510	1.0311	0.0000	100.0380	39.3989	0.8230	0.8266	5.0000	17.2227	675.1243	95.0231	8.0010	25.4000	0.9300	0.9420	0.6343	-0.0036	675.0000	673.0166	1.0285	1.1035	99.9334	38.8535	0.8230	0.8204	5.0000	-9999.0000	-9999.0000	-9999.0000	-9999.0000	-9999.0000	-9999.0000	18.0226	1	0	25.6524	1.0000	99	9	-9999.0000	44102	20478	-9999	1128	1098	-9999	408.9955	5	0.6159	0.6343	-0.0036	87.8711	1.4839	639.5897	405.1014	39.6065	585.6255	94.8843	626.0658	94.9769	638.3168	94.8380	646.2134	94.9769	
01/08/2017	01:53:12	019001	H340187668GLR	L340	Q		583.3070	1.0311	0.0000	100.0583	39.4000	0.8230	0.8265	5.0000	17.2823	675.1408	95.0000	6.9217	25.4000	0.9300	0.9419	0.6334	-0.0034	675.0000	676.0480	1.0285	0.6442	99.9701	38.8876	0.8230	0.8205	5.0000	-9999.0000	-9999.0000	-9999.0000	-9999.0000	-9999.0000	-9999.0000	17.9619	3	0	25.6536	1.0000	99	9	-9999.0000	44103	20479	-9999	1129	1099	-9999	411.8610	5	0.6156	0.6334	-0.0034	89.1297	1.2129	649.2237	400.5068	38.7037	594.0262	94.9769	637.1638	94.5602	648.0668	94.6759	656.8773	94.9074	
01/08/2017	01:54:02	019001	H340187662GLR	L340	Q		583.8277	1.0311	0.0000	99.9724	39.4000	0.8230	0.8265	5.0000	17.3820	675.1515	95.0463	5.3698	25.4000	0.9300	0.9418	0.6330	-0.0033	675.0000	676.8824	1.0285	0.5178	99.9491	38.9211	0.8230	0.8204	5.0000	-9999.0000	-9999.0000	-9999.0000	-9999.0000	-9999.0000	-9999.0000	17.8713	5	0	25.5823	1.0000	99	9	-9999.0000	44105	20480	-9999	1131	1101	-9999	415.4444	5	0.6153	0.6330	-0.0033	89.6707	1.1169	664.3712	407.1251	36.8287	608.1434	95.3241	651.8771	94.3287	663.0437	94.4444	672.3539	94.9074	
01/08/2017	01:54:27	019001	H340187658GLR	L340	S		586.3037	1.0311	0.0000	99.9142	39.3920	0.8230	0.8267	5.0000	17.3516	675.0913	94.9769	5.2506	25.4000	0.9300	0.9420	0.6330	-0.0033	675.0000	676.8824	1.0285	0.5178	99.9618	38.9128	0.8230	0.8208	5.0000	-9999.0000	-9999.0000	-9999.0000	-9999.0000	-9999.0000	-9999.0000	17.8322	6	0	24.9738	1.0000	99	9	-9999.0000	44106	20481	-9999	1132	1102	-9999	415.6660	5	0.6153	0.6330	-0.0033	89.6707	1.1169	664.4536	412.9849	36.8981	608.7828	95.1620	651.8887	94.5833	663.2016	94.7454	672.7884	94.9074	
01/08/2017	01:54:53	019001	H340187664GLR	L340	S		585.9921	1.0311	0.0000	99.9833	39.4854	0.8230	0.8267	5.0000	17.2415	675.1423	94.8611	4.8609	25.4000	0.9300	0.9419	0.6332	-0.0033	675.0000	676.4236	1.0285	0.5873	100.0102	38.9908	0.8230	0.8207	5.0000	-9999.0000	-9999.0000	-9999.0000	-9999.0000	-9999.0000	-9999.0000	18.5725	7	0	25.6924	1.0000	99	9	-9999.0000	44107	20482	-9999	1133	1103	-9999	416.6076	5	0.6151	0.6332	-0.0033	90.2765	0.9233	667.0849	408.9325	38.6111	611.0444	95.0694	656.3933	94.5833	665.8168	94.6759	676.5026	93.5417	
01/08/2017	01:55:18	019001	H340187652GLR	L340	S		589.5801	1.0311	0.0000	99.9610	39.4758	0.8230	0.8265	5.0000	17.4014	675.1135	94.9769	4.8404	25.4000	0.9300	0.9420	0.6332	-0.0033	675.0000	676.7287	1.0285	0.5411	99.9989	39.0159	0.8230	0.8207	5.0000	-9999.0000	-9999.0000	-9999.0000	-9999.0000	-9999.0000	-9999.0000	17.8820	8	0	25.0031	1.0000	99	9	-9999.0000	44108	20483	-9999	1134	1104	-9999	416.6422	5	0.6151	0.6332	-0.0033	90.2765	0.9233	668.2989	413.1875	38.1481	613.2886	95.2778	656.1722	94.8843	666.9878	95.0000	676.7287	91.9676	
01/08/2017	01:55:43	019001	H340187648GLR	L340	S		579.1051	1.0311	0.0000	99.9739	39.4821	0.8230	0.8265	5.0000	17.1915	675.1947	95.0231	5.2702	25.4000	0.9300	0.9420	0.6331	-0.0033	675.0000	677.0054	1.0285	0.4992	99.9549	38.9616	0.8230	0.8205	5.0000	-9999.0000	-9999.0000	-9999.0000	-9999.0000	-9999.0000	-9999.0000	17.9017	1	0	25.6438	1.0000	99	9	-9999.0000	44109	20484	-9999	1135	1105	-9999	415.6731	5	0.6150	0.6331	-0.0033	89.9688	0.9281	664.4944	397.9510	36.6898	604.9904	95.5556	652.2381	94.8611	663.2845	94.8843	672.8087	94.9769	
01/08/2017	01:56:08	019001	H340187636GLR	L340	S		579.7960	1.0311	0.0000	100.0074	39.4472	0.8230	0.8265	5.0000	17.2218	675.1513	95.0231	7.2509	25.4000	0.9300	0.9421	0.6330	-0.0033	675.0000	674.8497	1.0285	0.8258	99.9885	39.0000	0.8230	0.8207	5.0000	-9999.0000	-9999.0000	-9999.0000	-9999.0000	-9999.0000	-9999.0000	17.9114	2	0	24.9327	1.0000	99	9	-9999.0000	44110	20485	-9999	1136	1106	-9999	411.1722	5	0.6151	0.6330	-0.0033	89.7724	0.9184	646.9748	407.2033	39.1898	595.9703	95.3935	635.3371	94.7685	645.6235	94.9537	654.8257	94.9769	
01/08/2017	01:56:34	019001	H340187641GLR	L340	S		582.1755	1.0311	0.0000	99.8886	39.4497	0.8230	0.8264	5.0000	17.6320	675.1514	94.9769	6.8905	25.4000	0.9300	0.9421	0.6328	-0.0033	675.0000	676.1026	1.0285	0.6360	100.0094	39.0315	0.8230	0.8207	5.0000	-9999.0000	-9999.0000	-9999.0000	-9999.0000	-9999.0000	-9999.0000	17.8820	3	0	25.6731	1.0000	99	9	-9999.0000	44111	20486	-9999	1137	1107	-9999	411.9973	5	0.6151	0.6328	-0.0033	89.3566	0.9372	651.4252	404.4677	38.9120	599.3105	95.4167	639.2070	94.9306	650.1895	95.0694	658.7851	94.9769	
01/08/2017	01:56:59	019001	H340187635GLR	L340	S		582.8897	1.0311	0.0000	99.9326	39.4824	0.8230	0.8265	5.0000	17.4219	675.1333	95.0463	5.7106	25.4000	0.9300	0.9420	0.6326	-0.0033	675.0000	677.4531	1.0285	0.4313	99.9418	39.0492	0.8230	0.8206	5.0000	-9999.0000	-9999.0000	-9999.0000	-9999.0000	-9999.0000	-9999.0000	17.8722	4	0	24.9327	1.0000	99	9	-9999.0000	44112	20487	-9999	1138	1108	-9999	414.5952	5	0.6151	0.6326	-0.0033	88.7567	0.9942	661.4102	392.7423	39.0046	604.2357	95.3241	650.1633	94.7222	660.0386	94.8611	669.0181	95.0000	
01/08/2017	01:57:25	019001	H340188760GLR	L340	S		575.6718	1.0311	0.0000	99.9991	39.4957	0.8230	0.8264	5.0000	17.5119	675.1398	94.9537	6.3904	25.4000	0.9300	0.9421	0.6326	-0.0033	675.0000	677.2056	1.0285	0.4688	100.0623	39.0461	0.8230	0.8206	5.0000	-9999.0000	-9999.0000	-9999.0000	-9999.0000	-9999.0000	-9999.0000	17.8312	5	0	25.7238	1.0000	99	9	-9999.0000	44113	20488	-9999	1139	1109	-9999	413.0420	5	0.6150	0.6326	-0.0033	88.6368	1.0275	655.5586	390.3586	35.9722	595.4966	95.4398	642.8187	94.9306	654.2198	95.0463	663.1250	94.9769	
01/08/2017	01:57:50	019001	H340188747GLR	L340	S		576.7161	1.0311	0.0000	99.9761	39.4942	0.8230	0.8265	5.0000	17.2921	675.1224	94.9769	6.7313	25.4000	0.9300	0.9421	0.6324	-0.0032	675.0000	677.1032	1.0285	0.4844	100.0061	39.0483	0.8230	0.8205	5.0000	-9999.0000	-9999.0000	-9999.0000	-9999.0000	-9999.0000	-9999.0000	17.9014	6	0	25.0030	1.0000	99	9	-9999.0000	44114	20489	-9999	1140	1110	-9999	412.2890	5	0.6147	0.6324	-0.0032	88.9163	0.9732	651.7775	392.4790	37.5000	598.8640	95.5556	640.4327	94.7454	650.5070	94.8611	659.6602	95.0231	
01/08/2017	01:58:15	019001	H340188773GLR	L340	S		578.4566	1.0311	0.0000	99.9565	39.4982	0.8230	0.8264	5.0000	17.3018	675.1417	94.9769	6.6502	25.4000	0.9300	0.9420	0.6326	-0.0033	675.0000	678.8271	1.0285	0.2232	99.9598	39.0573	0.8230	0.8205	5.0000	-9999.0000	-9999.0000	-9999.0000	-9999.0000	-9999.0000	-9999.0000	18.0216	7	0	25.6233	1.0000	99	9	-9999.0000	44115	20490	-9999	1141	1111	-9999	412.4853	5	0.6146	0.6326	-0.0033	89.0609	0.9237	654.8855	404.6840	39.1667	605.6921	95.3704	644.1742	94.7454	653.9677	94.8843	661.4379	95.0463	
01/08/2017	01:58:43	019001	H340188759GLR	L340	S		579.2786	1.0311	0.0000	99.9450	39.4932	0.8230	0.8264	5.0000	17.2823	675.1592	94.9306	6.3904	25.4000	0.9300	0.9421	0.6326	-0.0033	675.0000	676.9073	1.0285	0.5140	100.0308	39.0606	0.8230	0.8205	5.0000	-9999.0000	-9999.0000	-9999.0000	-9999.0000	-9999.0000	-9999.0000	17.8917	8	0	27.6430	1.0000	99	9	-9999.0000	44116	20491	-9999	1142	1112	-9999	413.0177	5	0.6145	0.6326	-0.0033	89.0577	0.8928	655.0240	407.3117	36.7361	600.6000	95.3241	643.6111	94.9074	653.7234	95.0000	662.9443	95.0463	
01/08/2017	01:59:08	019001	H340188777GLR	L340	S		586.2532	1.0311	0.0000	99.9559	39.5000	0.8230	0.8264	5.0000	17.2716	675.0946	94.9537	4.8805	25.4000	0.9300	0.9420	0.6327	-0.0033	675.0000	676.0462	1.0285	0.6445	99.9072	39.0694	0.8230	0.8202	5.0000	-9999.0000	-9999.0000	-9999.0000	-9999.0000	-9999.0000	-9999.0000	18.5716	1	0	25.6830	1.0000	99	9	-9999.0000	44117	20492	-9999	1143	1113	-9999	416.2970	5	0.6144	0.6327	-0.0033	88.6551	0.9675	667.8193	406.5066	38.3333	609.4702	95.3704	654.6765	94.9769	666.6746	95.0694	676.0571	94.6528	
01/08/2017	01:59:33	019001	H340188767GLR	L340	S		591.8065	1.0311	0.0000	99.9784	39.5000	0.8230	0.8266	5.0000	17.3224	675.1707	94.8843	4.5904	25.4000	0.9300	0.9420	0.6329	-0.0033	675.0000	676.9132	1.0285	0.5132	100.0016	39.0847	0.8230	0.8204	5.0000	-9999.0000	-9999.0000	-9999.0000	-9999.0000	-9999.0000	-9999.0000	18.0422	2	0	24.9628	1.0000	99	9	-9999.0000	44118	20493	-9999	1144	1114	-9999	417.0278	5	0.6143	0.6329	-0.0033	88.2992	1.0855	670.8764	397.3267	38.1944	613.0331	95.3935	659.1607	94.7454	669.5745	94.8611	679.7175	39.9537	
01/08/2017	01:59:59	019001	H340188756GLR	L340	S		589.3441	1.0311	0.0000	99.9307	39.5129	0.8230	0.8264	5.0000	17.2119	675.1308	94.9306	4.2906	25.4000	0.9300	0.9421	0.6326	-0.0033	675.0000	675.6022	1.0285	0.7118	99.8890	39.0729	0.8230	0.8205	5.0000	-9999.0000	-9999.0000	-9999.0000	-9999.0000	-9999.0000	-9999.0000	17.8926	3	0	25.6134	1.0000	99	9	-9999.0000	44119	20494	-9999	1145	1115	-9999	417.5791	5	0.6139	0.6326	-0.0033	87.5686	1.2182	673.5042	409.2836	39.8611	619.2835	95.4167	661.0845	94.9769	672.3118	94.9769	633.8068	14.3750	
01/08/2017	02:00:24	019001	H340188743GLR	L340	S		593.2050	1.0311	0.0000	99.9168	39.5240	0.8230	0.8263	5.0000	17.4121	675.0905	95.1157	4.4009	25.4000	0.9300	0.9419	0.6328	-0.0034	675.0000	676.6501	1.0285	0.5530	99.9787	39.0744	0.8230	0.8200	5.0000	-9999.0000	-9999.0000	-9999.0000	-9999.0000	-9999.0000	-9999.0000	19.2815	4	0	24.8829	1.0000	99	9	-9999.0000	44120	20495	-9999	1146	1116	-9999	417.2587	5	0.6138	0.6328	-0.0034	87.4871	1.2239	673.0130	409.0869	37.6389	617.8045	95.0926	659.7553	95.2546	672.0412	95.1852	663.1897	20.0231	
01/08/2017	02:00:50	019001	H340188735GLR	L340	S		586.7364	1.0311	0.0000	99.9848	39.5272	0.8230	0.8264	5.0000	17.2715	675.1207	94.8380	4.3306	25.4000	0.9300	0.9419	0.6316	-0.0032	675.0000	675.8163	1.0285	0.6793	99.9787	39.0971	0.8230	0.8205	5.0000	-9999.0000	-9999.0000	-9999.0000	-9999.0000	-9999.0000	-9999.0000	18.0227	5	0	25.5547	1.0000	99	9	-9999.0000	44121	20496	-9999	1147	1117	-9999	417.1486	5	0.6136	0.6316	-0.0032	87.0291	1.2789	673.4931	403.6784	37.9861	613.7141	95.3704	660.3172	94.8148	672.5009	94.8611	644.6824	17.4074	
01/08/2017	02:01:15	019001	H340188733GLR	L340	S		586.1621	1.0311	0.0000	99.9354	39.5404	0.8230	0.8264	5.0000	17.1221	675.1324	94.8843	4.7105	25.4000	0.9300	0.9419	0.6296	-0.0029	675.0000	676.5764	1.0285	0.5642	99.9848	39.1000	0.8230	0.8204	5.0000	-9999.0000	-9999.0000	-9999.0000	-9999.0000	-9999.0000	-9999.0000	18.0421	6	0	24.9721	1.0000	99	9	-9999.0000	44122	20497	-9999	1148	1118	-9999	415.9612	5	0.6134	0.6296	-0.0029	85.5102	1.4860	670.3199	388.6073	38.5417	612.0093	95.3241	659.6512	94.7917	669.1634	94.7685	678.0113	57.6852	
01/08/2017	02:01:40	019001	H340188883GLR	L340	S		578.7819	1.0311	0.0000	99.9616	39.5000	0.8230	0.8264	5.0000	17.1728	675.0980	94.9769	5.4098	25.4000	0.9300	0.9420	0.6298	-0.0029	675.0000	678.4116	1.0285	1.3377	100.0358	39.0997	0.8230	0.8204	5.0000	-9999.0000	-9999.0000	-9999.0000	-9999.0000	-9999.0000	-9999.0000	17.9913	7	0	25.7022	1.0000	99	9	-9999.0000	44123	20498	-9999	1149	1119	-9999	414.5878	5	0.6133	0.6298	-0.0029	83.4220	1.7726	664.2441	401.9185	38.6806	605.1698	95.4398	652.0886	94.9769	663.1951	95.0463	671.7219	94.9537	
01/08/2017	02:02:05	019001	H340188887GLR	L340	S		583.2169	1.0311	0.0000	99.9458	39.5000	0.8230	0.8264	5.0000	17.3214	675.1024	95.0000	4.7310	25.4000	0.9300	0.9420	0.6294	-0.0029	675.0000	676.6959	1.0285	1.6808	99.9916	39.0975	0.8230	0.8204	5.0000	-9999.0000	-9999.0000	-9999.0000	-9999.0000	-9999.0000	-9999.0000	18.0723	8	0	24.9036	1.0000	99	9	-9999.0000	44124	20499	-9999	1150	1120	-9999	415.8498	5	0.6131	0.6294	-0.0029	81.9055	1.9663	670.3178	406.5195	36.8750	612.2826	95.3704	657.5478	95.0694	669.2031	95.1157	677.3861	59.2593	
01/08/2017	02:02:31	019001	H340188908GLR	L340	S		584.8359	1.0311	0.0000	99.9422	39.5386	0.8230	0.8265	5.0000	17.2326	675.1939	94.8843	4.6109	25.3000	0.9300	0.9419	0.6298	-0.0029	675.0000	677.3550	1.0285	1.5490	99.9821	39.0976	0.8230	0.8202	5.0000	-9999.0000	-9999.0000	-9999.0000	-9999.0000	-9999.0000	-9999.0000	18.5521	1	0	25.5928	1.0000	99	9	-9999.0000	44125	20500	-9999	1151	1121	-9999	416.2647	5	0.6132	0.6298	-0.0029	80.6379	2.1670	671.1365	389.5745	38.7037	612.2860	95.3704	660.1828	94.9074	670.1102	94.8611	678.5496	41.5972	
01/08/2017	02:02:56	019001	H340188919GLR	L340	S		591.4770	1.0311	0.0000	100.0174	39.5452	0.8230	0.8265	5.0000	17.1621	675.1553	94.8611	4.1802	25.3000	0.9300	0.9420	0.6291	-0.0028	675.0000	676.1272	1.0285	1.7946	99.9705	39.1096	0.8230	0.8204	5.0000	-9999.0000	-9999.0000	-9999.0000	-9999.0000	-9999.0000	-9999.0000	18.0929	2	0	24.9532	1.0000	99	9	-9999.0000	44126	20501	-9999	1152	1122	-9999	416.8676	5	0.6130	0.6291	-0.0028	80.5258	2.1824	674.7163	381.9286	37.8704	614.3255	95.3704	663.6676	94.8380	673.6189	94.8611	0.0000	0.0000	
01/08/2017	02:03:21	019001	H340188897GLR	L340	S		589.6638	1.0311	0.0000	99.9361	39.5436	0.8230	0.8264	5.0000	17.1523	675.3517	94.7917	4.1509	25.3000	0.9300	0.0000	0.6285	-0.0027	675.0000	676.2825	1.0285	1.7635	99.9449	39.1240	0.8230	0.8204	5.0000	-9999.0000	-9999.0000	-9999.0000	-9999.0000	-9999.0000	-9999.0000	17.9522	3	0	25.6428	1.0000	99	9	-9999.0000	44127	20502	-9999	1153	1123	-9999	416.8306	5	0.6127	0.6285	-0.0027	79.8935	2.3006	675.1550	392.4774	36.3426	616.0974	95.7639	664.0361	94.8843	673.8638	94.8148	0.0000	0.0000	
01/08/2017	02:03:46	019001	H340188879GLR	L340	S		594.4321	1.0311	0.0000	99.9043	39.5374	0.8230	0.8262	5.0000	17.4426	677.4955	95.1620	4.1509	25.3000	0.9300	0.0000	0.6277	-0.0026	675.0000	676.6015	1.0285	1.6997	100.0372	39.1243	0.8230	0.8203	5.0000	-9999.0000	-9999.0000	-9999.0000	-9999.0000	-9999.0000	-9999.0000	18.0226	4	0	25.0030	1.0000	99	9	-9999.0000	44128	20503	-9999	1154	1124	-9999	417.9425	5	0.6125	0.6277	-0.0026	79.6834	2.3375	677.3317	392.8318	38.6111	616.7003	95.3472	665.9101	95.2083	676.3812	95.1852	0.0000	0.0000	
01/08/2017	02:04:12	019001	H340188890GLR	L340	S		586.2867	1.0311	0.0000	99.9584	39.5359	0.8230	0.8264	5.0000	17.1611	675.1388	94.8843	4.6011	25.4000	0.9300	0.9421	0.6275	-0.0026	675.0000	676.3360	1.0285	1.7528	99.9485	39.1219	0.8230	0.8203	5.0000	-9999.0000	-9999.0000	-9999.0000	-9999.0000	-9999.0000	-9999.0000	18.1225	5	0	25.5832	1.0000	99	9	-9999.0000	44129	20504	-9999	1155	1125	-9999	415.6492	5	0.6126	0.6275	-0.0026	79.4677	2.3924	670.8464	393.3347	37.9630	610.4991	95.5324	659.9556	94.8843	669.6374	94.8843	678.0842	41.7361	
01/08/2017	02:04:37	019001	H340188900GLR	L340	S		587.1159	1.0311	0.0000	100.0323	39.5426	0.8230	0.8264	5.0000	17.3722	675.1092	95.0694	4.5308	25.4000	0.9300	0.9421	0.6277	-0.0026	675.0000	675.7582	1.0285	1.8684	100.0154	39.1251	0.8230	0.8203	5.0000	-9999.0000	-9999.0000	-9999.0000	-9999.0000	-9999.0000	-9999.0000	18.0118	6	0	25.0129	1.0000	99	9	-9999.0000	44130	20505	-9999	1156	1126	-9999	415.8305	5	0.6128	0.6277	-0.0026	77.9250	2.6217	671.9000	391.8028	38.7037	612.8043	95.3241	659.2831	95.2083	670.5359	95.1389	677.3399	31.6435	
01/08/2017	02:05:02	019001	H340188912GLR	L340	S		589.6324	1.0311	0.0000	99.9722	39.5500	0.8230	0.8264	5.0000	17.4521	675.1369	94.8380	4.5210	25.3000	0.9300	0.9421	0.6275	-0.0026	675.0000	675.8075	1.0285	1.8585	99.9330	39.1248	0.8230	0.8203	5.0000	-9999.0000	-9999.0000	-9999.0000	-9999.0000	-9999.0000	-9999.0000	18.0627	7	0	25.5939	1.0000	99	9	-9999.0000	44131	20506	-9999	1157	1127	-9999	415.7993	5	0.6128	0.6275	-0.0026	76.7175	2.7978	671.8240	391.4458	38.6343	613.0399	95.4861	662.3560	94.9074	671.0920	94.8380	676.9634	30.4167	
01/08/2017	02:05:27	019001	H340188920GLR	L340	S		587.1557	1.0311	0.0000	100.0958	39.5493	0.8230	0.8264	5.0000	17.2023	675.1367	95.0463	4.4908	25.3000	0.9300	0.9421	0.6280	-0.0027	675.0000	676.2034	1.0285	1.7793	100.0075	39.1279	0.8230	0.8204	5.0000	-9999.0000	-9999.0000	-9999.0000	-9999.0000	-9999.0000	-9999.0000	17.9415	8	0	24.9825	1.0000	99	9	-9999.0000	44132	20507	-9999	1158	1128	-9999	416.0042	5	0.6129	0.6280	-0.0027	74.8664	3.0651	672.0320	390.1652	37.3148	612.3209	95.5093	660.6717	95.0000	671.0855	95.0694	676.5856	29.4444	
01/08/2017	02:05:53	019001	H340188923GLR	L340	S		585.0222	1.0311	0.0000	99.9450	39.5500	0.8230	0.8264	5.0000	17.1916	675.1273	95.0231	4.3501	25.3000	0.9300	0.9421	0.6280	-0.0027	675.0000	675.2583	1.0285	1.9683	100.0270	39.1283	0.8230	0.8203	5.0000	-9999.0000	-9999.0000	-9999.0000	-9999.0000	-9999.0000	-9999.0000	18.0118	1	0	25.6028	1.0000	99	9	-9999.0000	44133	20508	-9999	1159	1129	-9999	416.1817	5	0.6130	0.6280	-0.0027	74.5316	3.1553	673.3935	405.9211	37.0833	613.8090	95.6713	662.0994	95.0231	672.2837	95.0463	649.6119	16.8519	
01/08/2017	02:06:18	019001	H340188925GLR	L340	S		589.0640	1.0311	0.0000	100.0146	39.5500	0.8230	0.8264	5.0000	17.1512	675.0895	94.8843	4.4507	25.4000	0.9300	0.9420	0.6280	-0.0027	675.0000	676.3893	1.0285	1.7421	99.9916	39.1289	0.8230	0.8203	5.0000	-9999.0000	-9999.0000	-9999.0000	-9999.0000	-9999.0000	-9999.0000	18.0021	2	0	25.0235	1.0000	99	9	-9999.0000	44134	20509	-9999	1160	1130	-9999	415.9301	5	0.6131	0.6280	-0.0027	74.2132	3.2422	672.3029	391.8169	38.0093	611.4926	95.5787	659.9132	94.9769	670.9087	94.9306	670.9694	24.9306	
01/08/2017	02:06:44	019001	H340188894GLR	L340	S		585.2229	1.0311	0.0000	99.9485	39.5500	0.8230	0.8263	5.0000	17.2922	675.1062	94.9769	4.3999	25.4000	0.9300	0.9421	0.6279	-0.0027	675.0000	675.0790	1.0285	2.0042	100.0557	39.1439	0.8230	0.8204	5.0000	-9999.0000	-9999.0000	-9999.0000	-9999.0000	-9999.0000	-9999.0000	17.9123	3	0	25.6428	1.0000	99	9	-9999.0000	44135	20510	-9999	1161	1131	-9999	416.0279	5	0.6134	0.6279	-0.0027	73.0961	3.4465	672.6829	414.0399	37.2917	617.2744	95.6944	661.2324	95.0694	671.4348	95.0231	660.8845	19.6296	
01/08/2017	02:07:09	019001	H340188928GLR	L340	Q		592.3754	1.0311	0.0000	99.9925	39.5500	0.8230	0.8263	5.0000	17.2315	675.0907	94.8611	4.3208	25.3000	0.9300	0.9421	0.6283	-0.0028	675.0000	675.6019	1.0285	1.8996	99.9059	39.1315	0.8230	0.8203	5.0000	-9999.0000	-9999.0000	-9999.0000	-9999.0000	-9999.0000	-9999.0000	18.0823	4	0	24.9933	1.0000	99	9	-9999.0000	44136	20511	-9999	1162	1132	-9999	416.1762	5	0.6136	0.6283	-0.0028	71.5571	3.7736	673.2698	402.5685	37.0833	618.3238	95.7176	662.2915	94.9537	672.0699	94.8843	644.2471	14.2130	
01/08/2017	02:07:34	019001	H340188939GLR	L340	Q		585.4453	1.0311	0.0000	100.0698	39.5490	0.8230	0.8262	5.0000	18.0322	675.1148	95.0000	4.9606	25.4000	0.9300	0.9421	0.6291	-0.0029	675.0000	676.3263	1.0285	1.7547	99.9612	39.1349	0.8230	0.8203	5.0000	-9999.0000	-9999.0000	-9999.0000	-9999.0000	-9999.0000	-9999.0000	18.1018	5	0	25.6133	1.0000	99	9	-9999.0000	44137	20512	-9999	1163	1133	-9999	414.9758	5	0.6139	0.6291	-0.0029	69.0121	4.3217	668.1148	414.7880	39.5370	612.2659	95.5787	656.4810	95.0926	667.0066	95.0463	675.5250	95.0231	
01/08/2017	02:07:59	019001	H340188895GLR	L340	S		583.9796	1.0311	0.0000	100.0275	39.5500	0.8230	0.8263	5.0000	17.4817	675.0909	95.0000	4.9899	25.4000	0.9300	0.9421	0.6291	-0.0030	675.0000	677.4981	1.0285	1.5204	100.0287	39.1452	0.8230	0.8203	5.0000	-9999.0000	-9999.0000	-9999.0000	-9999.0000	-9999.0000	-9999.0000	18.0813	6	0	25.0030	1.0000	99	9	-9999.0000	44138	20513	-9999	1164	1133	-9999	414.8478	5	0.6141	0.6291	-0.0030	63.7794	5.4302	668.4712	410.1891	38.7037	614.9871	95.6019	656.1635	95.0694	667.2737	95.1157	675.2407	95.0000	
01/08/2017	02:08:25	019001	H340188950GLR	L340	S		580.8010	1.0311	0.0000	100.0539	39.5564	0.8230	0.8264	5.0000	17.0918	675.1548	94.9769	5.2907	25.4000	0.9300	0.9421	0.6292	-0.0030	675.0000	677.2530	1.0285	1.5694	99.9800	39.1545	0.8230	0.8203	5.0000	-9999.0000	-9999.0000	-9999.0000	-9999.0000	-9999.0000	-9999.0000	18.1126	7	0	25.5929	1.0000	99	9	-9999.0000	44139	20514	-9999	1165	1134	-9999	414.2844	5	0.6142	0.6292	-0.0030	65.2950	5.1304	666.0146	409.8569	37.8935	607.1168	95.7870	655.0630	95.0694	664.9126	95.0463	673.0406	95.0000	
01/08/2017	02:27:24	019001	H340187599GLR	L340	S		581.0267	1.0311	0.0000	100.1965	39.3362	0.8230	0.8275	5.0000	17.2325	675.1041	94.8148	8.1309	24.3000	0.9300	0.9358	0.6310	-0.0034	675.0000	677.8279	1.0285	1.4544	99.9682	38.7333	0.8230	0.8215	5.0000	-9999.0000	-9999.0000	-9999.0000	-9999.0000	-9999.0000	-9999.0000	17.0421	1	0	25.6427	1.0000	99	9	-9999.0000	44145	20520	-9999	1168	1136	-9999	407.2034	5	0.6145	0.6310	-0.0034	61.2230	6.0733	598.1659	346.7353	35.3935	574.5764	68.9120	567.2923	69.3287	570.3602	69.2361	608.8939	92.8241	
01/08/2017	02:28:10	019001	H340187583GLR	L340	S		585.3200	1.0311	0.0000	99.9417	39.3958	0.8230	0.8271	5.0000	17.1925	675.2279	94.5833	5.4001	24.5000	0.9300	0.9379	0.6310	-0.0034	675.0000	681.2403	1.0285	0.7719	99.7657	38.8507	0.8230	0.8211	5.0000	-9999.0000	-9999.0000	-9999.0000	-9999.0000	-9999.0000	-9999.0000	17.8820	3	0	25.6828	1.0000	99	9	-9999.0000	44146	20521	-9999	1169	1137	-9999	413.6776	5	0.6145	0.6310	-0.0034	61.2230	6.0733	658.4898	386.0278	37.3380	605.6081	92.6157	647.3436	92.1759	657.3796	92.1065	667.5905	95.1389	
01/08/2017	02:28:57	019001	H340187678GLR	L340	S		574.6391	1.0311	0.0000	99.8327	39.3500	0.8230	0.8267	5.0000	17.6720	675.0853	94.6991	5.7107	24.5000	0.9300	0.9394	0.6287	-0.0034	675.0000	679.8061	1.0285	1.0588	99.7956	38.8352	0.8230	0.8208	5.0000	-9999.0000	-9999.0000	-9999.0000	-9999.0000	-9999.0000	-9999.0000	17.9122	5	0	25.6330	1.0000	99	9	-9999.0000	44147	20522	-9999	1170	1138	-9999	411.2531	5	0.6007	0.6287	-0.0034	61.3512	6.0860	655.5578	387.9108	35.5787	602.6988	93.0093	644.1205	92.6620	654.3329	92.5926	665.1179	94.9537	
01/08/2017	02:29:44	019001	H340187674GLR	L340	S		579.8152	1.0311	0.0000	100.0519	39.3596	0.8230	0.8269	5.0000	17.3821	675.3480	95.2083	5.1999	24.5000	0.9300	0.9404	0.6274	-0.0034	675.0000	679.1893	1.0285	1.1821	100.4987	38.8570	0.8230	0.8210	5.0000	-9999.0000	-9999.0000	-9999.0000	-9999.0000	-9999.0000	-9999.0000	17.7815	7	0	25.6437	1.0000	99	9	-9999.0000	44148	20523	-9999	1171	1139	-9999	411.7869	5	0.6038	0.6274	-0.0034	61.4241	6.0932	662.0717	388.8967	37.9167	608.8652	93.5648	650.5988	92.7546	660.8436	92.8009	671.9143	95.2083	
01/08/2017	02:30:31	019001	H340187670GLR	L340	S		577.0597	1.0311	0.0000	99.9076	39.3972	0.8230	0.8269	5.0000	17.1329	675.1595	94.8843	6.0613	24.6000	0.9300	0.9414	0.6264	-0.0034	675.0000	677.4882	1.0285	1.5224	100.0657	38.8650	0.8230	0.8209	5.0000	-9999.0000	-9999.0000	-9999.0000	-9999.0000	-9999.0000	-9999.0000	17.8117	1	0	25.6437	1.0000	99	9	-9999.0000	44149	20524	-9999	1172	1140	-9999	408.9450	5	0.6042	0.6264	-0.0034	61.4723	6.0980	653.3362	394.8282	37.8935	599.4814	94.0972	642.6383	93.3565	652.4860	93.3796	662.4328	95.3009	
01/08/2017	02:31:17	019001	H340187660GLR	L340	S		578.6438	1.0311	0.0000	100.0695	39.3895	0.8230	0.8268	5.0000	17.1115	675.1853	95.0694	5.6511	24.7000	0.9300	0.9419	0.6259	-0.0034	675.0000	676.4190	1.0285	1.7362	100.1540	38.8895	0.8230	0.8208	5.0000	-9999.0000	-9999.0000	-9999.0000	-9999.0000	-9999.0000	-9999.0000	17.7921	3	0	25.6527	1.0000	99	9	-9999.0000	44150	20525	-9999	1173	1141	-9999	409.5584	5	0.6047	0.6259	-0.0034	61.5083	6.1016	656.4394	385.2236	38.4259	600.2299	94.3750	646.2379	93.6343	655.4762	93.6574	665.7797	95.2546	
01/08/2017	02:32:04	019001	H340187650GLR	L340	S		577.4533	1.0311	0.0000	100.0429	39.4000	0.8230	0.8269	5.0000	17.0919	675.2156	95.0694	5.2809	24.8000	0.9300	0.9423	0.6168	-0.0020	675.0000	676.2372	1.0285	1.7726	100.5343	38.8930	0.8230	0.8209	5.0000	-9999.0000	-9999.0000	-9999.0000	-9999.0000	-9999.0000	-9999.0000	17.6622	5	0	25.6025	1.0000	99	9	-9999.0000	44151	20526	-9999	1174	1142	-9999	409.4339	5	0.6045	0.6168	-0.0020	104.9973	-0.9134	665.5858	387.6699	38.3796	609.2216	94.6759	655.4138	93.9583	664.3918	93.9583	672.4403	94.9537	
01/08/2017	02:32:57	019001	H340187644GLR	L340	S		571.2557	1.0311	0.0000	100.0655	39.4000	0.8230	0.8268	5.0000	17.1025	675.1808	95.0231	5.9704	24.9000	0.9300	0.9426	0.6168	-0.0020	675.0000	673.9427	1.0285	2.2315	100.0987	38.8952	0.8230	0.8208	5.0000	-9999.0000	-9999.0000	-9999.0000	-9999.0000	-9999.0000	-9999.0000	17.8127	7	0	25.6136	1.0000	99	9	-9999.0000	44152	20527	-9999	1175	1142	-9999	408.4436	5	0.6047	0.6168	-0.0020	103.3934	-0.7249	660.0097	405.4947	38.4028	607.1332	95.0000	649.0415	94.5370	658.8342	94.5602	666.7021	94.7917	
01/08/2017	02:33:43	019001	H340187642GLR	L340	S		568.5383	1.0311	0.0000	100.0700	39.4000	0.8230	0.8268	5.0000	17.1113	675.1582	94.9537	5.3805	24.9000	0.9300	0.9426	0.6161	-0.0019	675.0000	674.5077	1.0285	2.1185	100.0730	38.8875	0.8230	0.8206	5.0000	-9999.0000	-9999.0000	-9999.0000	-9999.0000	-9999.0000	-9999.0000	17.7521	1	0	25.6232	1.0000	99	9	-9999.0000	44153	20528	-9999	1176	1143	-9999	409.1085	5	0.6048	0.6161	-0.0019	102.6898	-0.6289	664.8607	417.6281	39.9769	610.8814	94.8380	653.3025	94.7685	663.8266	94.6528	671.9686	94.8611	
01/08/2017	02:34:30	019001	H340187653GLR	L340	S		581.7293	1.0311	0.0000	100.0125	39.4000	0.8230	0.8267	5.0000	17.2011	681.3584	94.6759	4.1499	25.0000	0.9300	0.0000	0.6162	-0.0019	675.0000	675.3712	1.0285	1.9458	100.4231	38.9160	0.8230	0.8209	5.0000	-9999.0000	-9999.0000	-9999.0000	-9999.0000	-9999.0000	-9999.0000	17.5920	3	0	25.6134	1.0000	99	9	-9999.0000	44154	20529	-9999	1177	1144	-9999	414.5386	5	0.6050	0.6162	-0.0019	103.0337	-0.5866	681.1927	419.1514	37.8935	626.4397	95.0463	669.2079	94.7685	680.1995	94.6991	0.0000	0.0000	
01/08/2017	02:35:16	019001	H340188774GLR	L340	S		585.7745	1.0311	0.0000	100.0151	39.4000	0.8230	0.8266	5.0000	17.2620	679.3453	94.7222	4.1509	25.0000	0.9300	0.0000	0.6166	-0.0020	675.0000	673.7720	1.0285	2.2656	100.4388	38.9199	0.8230	0.8208	5.0000	-9999.0000	-9999.0000	-9999.0000	-9999.0000	-9999.0000	-9999.0000	17.5725	5	0	25.6328	1.0000	99	9	-9999.0000	44155	20530	-9999	1178	1145	-9999	413.4080	5	0.6051	0.6166	-0.0020	106.3115	-1.0380	679.2165	418.0288	40.8796	624.9609	94.8148	667.8305	94.9074	678.2229	94.7222	0.0000	0.0000	
01/08/2017	02:36:04	019001	H340188768GLR	L340	S		584.2387	1.0311	0.0000	99.8773	39.4000	0.8230	0.8267	5.0000	17.2814	679.1828	94.7222	4.1499	25.1000	0.9300	0.0000	0.6166	-0.0020	675.0000	672.7921	1.0285	2.4616	100.0813	38.9207	0.8230	0.8207	5.0000	-9999.0000	-9999.0000	-9999.0000	-9999.0000	-9999.0000	-9999.0000	17.6925	7	0	25.5929	1.0000	99	9	-9999.0000	44156	20531	-9999	1179	1146	-9999	413.3317	5	0.6061	0.6166	-0.0020	96.6029	0.5428	679.0077	422.5749	40.0463	625.4822	94.9537	667.1770	94.8611	677.8892	94.7454	0.0000	0.0000	
01/08/2017	02:36:51	019001	H340188779GLR	L340	S		581.6829	1.0311	0.0000	99.9159	39.4000	0.8230	0.8266	5.0000	17.3516	675.2202	94.8843	4.7711	25.1000	0.9300	0.9424	0.6360	-0.0054	675.0000	675.0336	1.0285	2.0133	99.9871	38.9209	0.8230	0.8207	5.0000	-9999.0000	-9999.0000	-9999.0000	-9999.0000	-9999.0000	-9999.0000	17.6525	1	0	25.6428	1.0000	99	9	-9999.0000	44157	20532	-9999	1180	1147	-9999	412.0904	5	0.6068	0.6360	-0.0054	66.5294	6.0754	667.3169	405.7867	39.0278	608.3941	95.1620	651.5445	95.0926	665.8450	94.9074	678.0778	76.8287	
01/08/2017	02:37:41	019001	H340188737GLR	L340	S		582.7555	1.0311	0.0000	99.9768	39.4000	0.8230	0.8266	5.0000	17.3516	675.8663	94.9306	4.1509	25.1000	0.9300	0.0000	0.6367	-0.0055	675.0000	674.7959	1.0285	2.0608	100.2474	38.9257	0.8230	0.8208	5.0000	-9999.0000	-9999.0000	-9999.0000	-9999.0000	-9999.0000	-9999.0000	17.5822	3	0	25.5734	1.0000	99	9	-9999.0000	44158	20533	-9999	1181	1148	-9999	414.8385	5	0.6074	0.6367	-0.0055	62.9434	6.6470	675.6208	408.2584	40.6944	619.7509	94.9074	659.9187	95.0926	674.1780	94.9306	0.0000	0.0000	
01/08/2017	02:38:06	019001	H340188775GLR	L340	S		583.0052	1.0311	0.0000	100.0957	39.3564	0.8230	0.8269	5.0000	17.0127	-6.3173	96.5278	5.0006	25.2000	0.9300	0.0000	0.6367	-0.0055	675.0000	593.0338	1.0285	1.6443	100.5974	38.9436	0.8230	0.8215	5.0000	-9999.0000	-9999.0000	-9999.0000	-9999.0000	-9999.0000	-9999.0000	17.4815	4	1	24.9034	1.0000	99	9	-9999.0000	44159	20534	-9999	1182	1149	-9999	-4.2208	5	0.6074	0.6367	-0.0055	62.9434	6.6470	-1.0000	410.4125	43.7963	44.9111	110.5324	-2.1213	110.1620	-2.6617	109.9306	-6.5198	96.5278	
01/08/2017	02:38:31	019001	H340188762GLR	L340	S		579.9302	1.0311	0.0000	99.8656	39.4706	0.8230	0.8270	5.0000	17.3419	675.1431	94.7685	4.2603	25.1000	0.9300	0.9422	0.6369	-0.0056	675.0000	674.1247	1.0285	2.1951	100.0930	39.0545	0.8230	0.8212	5.0000	-9999.0000	-9999.0000	-9999.0000	-9999.0000	-9999.0000	-9999.0000	17.5019	5	0	25.6332	1.0000	99	9	-9999.0000	44160	20535	-9999	1183	1150	-9999	414.0570	5	0.6077	0.6369	-0.0056	62.2973	6.7047	673.5333	406.3157	40.6713	616.8042	95.2083	657.7922	94.7454	671.8346	94.7917	621.6969	4.4676	
01/08/2017	02:38:56	019001	H340188754GLR	L340	S		583.4748	1.0311	0.0000	99.9662	39.4822	0.8230	0.8269	5.0000	17.1818	675.1152	95.0000	4.2007	25.1000	0.9300	0.9422	0.6369	-0.0056	675.0000	673.9378	1.0285	2.2324	99.8979	39.0370	0.8230	0.8207	5.0000	-9999.0000	-9999.0000	-9999.0000	-9999.0000	-9999.0000	-9999.0000	18.0119	6	0	25.0332	1.0000	99	9	-9999.0000	44161	20536	-9999	1184	1151	-9999	414.2559	5	0.6077	0.6369	-0.0056	62.2973	6.7047	674.3236	416.7367	40.7407	616.8208	95.0231	658.2143	95.2778	672.8294	95.0463	0.0000	0.0000	
01/08/2017	02:39:22	019001	H340188741GLR	L340	S		576.4279	1.0311	0.0000	100.1163	39.5326	0.8230	0.8267	5.0000	17.2920	675.1807	94.8611	4.9508	25.1000	0.9300	0.9423	0.6376	-0.0057	675.0000	674.2833	1.0285	2.1633	100.2204	39.0301	0.8230	0.8209	5.0000	-9999.0000	-9999.0000	-9999.0000	-9999.0000	-9999.0000	-9999.0000	17.6721	7	0	25.5931	1.0000	99	9	-9999.0000	44162	20537	-9999	1185	1152	-9999	411.5202	5	0.6082	0.6376	-0.0057	63.7299	6.5163	665.2488	418.9777	38.7963	609.5544	95.2315	649.9991	94.7917	663.8304	94.7917	675.7563	94.8843	
01/08/2017	02:39:47	019001	H340188734GLR	L340	S		577.0798	1.0311	0.0000	99.9315	39.4900	0.8230	0.8266	5.0000	17.3116	675.1547	94.9537	4.7203	25.1000	0.9300	0.9423	0.6376	-0.0057	675.0000	674.2784	1.0285	2.1643	99.8352	39.0287	0.8230	0.8207	5.0000	-9999.0000	-9999.0000	-9999.0000	-9999.0000	-9999.0000	-9999.0000	17.9316	8	0	24.9628	1.0000	99	9	-9999.0000	44163	20538	-9999	1186	1153	-9999	412.4152	5	0.6082	0.6376	-0.0057	63.7299	6.5163	667.8277	416.8959	40.4861	612.3087	95.0463	651.4221	95.0231	666.2020	95.0463	678.3363	61.8750	
01/08/2017	02:40:13	019001	H340188731GLR	L340	S		572.6061	1.0311	0.0000	99.9845	39.4500	0.8230	0.8267	5.0000	17.0323	675.2131	94.9306	5.3210	25.2000	0.9300	0.9423	0.6380	-0.0058	675.0000	673.9541	1.0285	2.2292	99.7137	39.0482	0.8230	0.8206	5.0000	-9999.0000	-9999.0000	-9999.0000	-9999.0000	-9999.0000	-9999.0000	18.1321	1	0	25.6927	1.0000	99	9	-9999.0000	44164	20539	-9999	1187	1154	-9999	410.1791	5	0.6086	0.6380	-0.0058	65.1867	6.2899	661.4239	413.4889	38.8657	601.9292	95.3009	645.5854	94.9769	659.9051	95.0231	671.7546	94.8843	
01/08/2017	02:40:38	019001	H340188752GLR	L340	S		578.6250	1.0311	0.0000	100.0819	39.4787	0.8230	0.8267	5.0000	17.2715	675.2006	94.9537	5.2301	25.2000	0.9300	0.9423	0.6385	-0.0059	675.0000	673.7323	1.0285	2.2735	100.4229	39.0626	0.8230	0.8208	5.0000	-9999.0000	-9999.0000	-9999.0000	-9999.0000	-9999.0000	-9999.0000	17.8820	2	0	24.9335	1.0000	99	9	-9999.0000	44165	20540	-9999	1188	1155	-9999	410.5434	5	0.6090	0.6385	-0.0059	64.6411	6.3743	662.6570	409.3479	37.9630	604.8145	95.4630	646.4689	94.9074	661.0747	94.9306	672.7606	94.9537	
01/08/2017	02:41:03	019001	H340188885GLR	L340	S		584.1933	1.0311	0.0000	99.9747	39.4925	0.8230	0.8266	5.0000	17.3526	675.1352	94.8843	4.6812	25.2000	0.9300	0.9422	0.6383	-0.0058	675.0000	674.0412	1.0285	2.2118	100.6124	39.0645	0.8230	0.8207	5.0000	-9999.0000	-9999.0000	-9999.0000	-9999.0000	-9999.0000	-9999.0000	17.9318	3	0	25.5529	1.0000	99	9	-9999.0000	44166	20541	-9999	1189	1156	-9999	412.7280	5	0.6091	0.6383	-0.0058	64.6416	6.4029	668.0374	406.3157	37.5926	608.6261	95.3935	651.7747	94.8148	666.4065	94.8843	678.8676	49.9769	
01/08/2017	02:41:28	019001	H340188751GLR	L340	S		585.6787	1.0311	0.0000	99.9340	39.5000	0.8230	0.8266	5.0000	17.2918	675.1617	94.7454	4.2407	25.2000	0.9300	0.9422	0.6385	-0.0058	675.0000	677.8249	1.0285	1.4550	100.0515	39.0625	0.8230	0.8206	5.0000	-9999.0000	-9999.0000	-9999.0000	-9999.0000	-9999.0000	-9999.0000	18.2218	4	0	24.9427	1.0000	99	9	-9999.0000	44167	20542	-9999	1190	1157	-9999	414.5172	5	0.6092	0.6385	-0.0058	65.2714	6.3023	673.7805	384.6684	37.3843	603.6170	95.4167	657.8009	94.7917	672.1719	94.7685	614.8974	4.5139	
01/08/2017	02:42:19	019001	H340188761GLR	L340	S		592.7115	1.0311	0.0000	100.0123	39.5472	0.8230	0.8264	5.0000	17.8421	681.7843	94.6065	4.1499	25.2000	0.9300	0.0000	0.6378	-0.0056	675.0000	678.7632	1.0285	1.2674	99.8169	38.9640	0.8230	0.8199	5.0000	-9999.0000	-9999.0000	-9999.0000	-9999.0000	-9999.0000	-9999.0000	18.1720	6	0	24.9436	1.0000	99	9	-9999.0000	44169	20543	-9999	1192	1158	-9999	418.9177	5	0.6092	0.6378	-0.0056	65.0679	6.3408	681.5558	374.9185	37.4074	614.8220	95.3009	665.5812	94.6991	680.0564	94.6065	0.0000	0.0000	
01/08/2017	02:42:44	019001	H340188888GLR	L340	S		570.7509	1.0311	0.0000	99.9599	39.5224	0.8230	0.8266	5.0000	17.2424	675.1598	95.0000	4.8102	25.2000	0.9300	0.9423	0.6379	-0.0057	675.0000	674.2143	1.0285	2.1771	99.9463	38.9964	0.8230	0.8208	5.0000	-9999.0000	-9999.0000	-9999.0000	-9999.0000	-9999.0000	-9999.0000	18.0422	7	0	25.6427	1.0000	99	9	-9999.0000	44170	20544	-9999	1193	1159	-9999	412.4163	5	0.6094	0.6379	-0.0057	63.9160	6.5260	667.0676	382.3797	36.8519	600.1704	95.5787	651.7532	95.2546	665.7654	95.2083	677.8778	88.8889	
01/08/2017	02:43:09	019001	H340188909GLR	L340	S		584.8484	1.0311	0.0000	100.0109	39.5191	0.8230	0.8265	5.0000	17.4123	675.1177	94.7454	4.4009	25.2000	0.9300	0.9421	0.6372	-0.0055	675.0000	675.5682	1.0285	1.9064	99.7992	39.0986	0.8230	0.8210	5.0000	-9999.0000	-9999.0000	-9999.0000	-9999.0000	-9999.0000	-9999.0000	17.9721	8	0	25.0628	1.0000	99	9	-9999.0000	44171	20545	-9999	1194	1160	-9999	413.8272	5	0.6095	0.6372	-0.0055	64.2500	6.4623	671.8305	386.7014	35.7639	607.6272	95.6481	657.6041	94.7685	670.2428	94.7222	663.7578	22.3611	
01/08/2017	02:43:35	019001	H340188917GLR	L340	S		586.2644	1.0311	0.0000	99.9285	39.5176	0.8230	0.8266	5.0000	17.0919	675.1140	94.7222	4.3999	25.2000	0.9300	0.9421	0.6372	-0.0055	675.0000	675.2265	1.0285	1.9747	99.7611	39.1251	0.8230	0.8206	5.0000	-9999.0000	-9999.0000	-9999.0000	-9999.0000	-9999.0000	-9999.0000	18.1223	1	0	25.6328	1.0000	99	9	-9999.0000	44172	20546	-9999	1195	1161	-9999	413.8188	5	0.6095	0.6372	-0.0055	64.2500	6.4623	672.2409	391.4599	37.6157	606.4336	95.5324	657.2704	94.7685	670.6425	94.7222	663.3921	20.9028	
01/08/2017	02:43:51	019001	H421189177GLR	L340	S		0.0000	0.0000	0.0000	0.0000	0.0000	0.8230	0.0000	0.0000	0.0000	0.0000	0.0000	0.0000	0.0000	0.9300	0.0000	0.0000	0.0000	0.0000	0.0000	0.0000	0.0000	0.0000	0.0000	0.8230	0.0000	0.0000	0.0000	0.0000	0.0000	0.0000	0.0000	0.0000	0.0000	0	27	25.6328	1.0000	99	9	0.0000	0	0	0	0	0	0	0.0000	0	0.0000	0.0000	0.0000	0.0000	0.0000	0.0000	0.0000	0.0000	0.0000	0.0000	0.0000	0.0000	0.0000	0.0000	0.0000	0.0000	
01/08/2017	02:44:00	019001	H340188881GLR	L340	S		586.2286	1.0311	0.0000	99.8590	39.5351	0.8230	0.8262	5.0000	18.3724	675.2006	94.8843	4.2808	25.2000	0.9300	0.9421	0.6379	-0.0057	675.0000	673.8772	1.0285	2.2446	100.1988	39.0992	0.8230	0.8205	5.0000	-9999.0000	-9999.0000	-9999.0000	-9999.0000	-9999.0000	-9999.0000	18.1115	2	0	24.9435	1.0000	99	9	-9999.0000	44173	20547	-9999	1196	1162	-9999	414.4506	5	0.6098	0.6379	-0.0057	62.1543	6.8479	673.3322	385.9439	36.2037	606.0032	95.5324	658.2297	94.9074	671.8463	94.9306	628.8607	5.0231	
01/08/2017	02:44:26	019001	H340188902GLR	L340	S		579.1286	1.0311	0.0000	100.0777	39.5345	0.8230	0.8266	5.0000	17.3722	675.2270	94.9306	4.6812	25.2000	0.9300	0.9421	0.6381	-0.0057	675.0000	674.6746	1.0285	2.0851	100.0447	39.0945	0.8230	0.8204	5.0000	-9999.0000	-9999.0000	-9999.0000	-9999.0000	-9999.0000	-9999.0000	18.2521	3	0	25.6731	1.0000	99	9	-9999.0000	44174	20548	-9999	1197	1163	-9999	412.9697	5	0.6099	0.6381	-0.0057	62.5953	6.8198	668.2769	379.7687	38.6574	602.6415	95.5324	653.8388	95.0000	666.6743	94.9306	679.0189	51.6204	
01/08/2017	02:44:51	019001	H340188892GLR	L340	S		579.9471	1.0311	0.0000	99.9536	39.5457	0.8230	0.8266	5.0000	17.3419	675.1227	94.9537	4.6109	25.2000	0.9300	0.9422	0.6378	-0.0056	675.0000	674.3431	1.0285	2.1514	100.4127	39.0989	0.8230	0.8206	5.0000	-9999.0000	-9999.0000	-9999.0000	-9999.0000	-9999.0000	-9999.0000	18.1926	4	0	24.9726	1.0000	99	9	-9999.0000	44175	20549	-9999	1198	1164	-9999	413.1351	5	0.6100	0.6378	-0.0056	62.0292	6.9111	669.5009	389.0691	38.7500	604.5497	95.4630	654.8626	95.0000	667.9707	94.9769	680.1227	41.2963	
01/08/2017	02:45:16	019001	H340188878GLR	L340	S		408.5473	1.0311	4.7290	99.9830	39.4602	0.8230	0.8270	5.0000	17.1925	0.0000	0.0000	0.0000	0.0000	0.9300	0.0000	0.0000	0.0000	0.0000	602.5398	1.0285	1.4940	99.9087	39.1000	0.8230	0.8208	5.0000	-9999.0000	-9999.0000	-9999.0000	-9999.0000	-9999.0000	-9999.0000	17.9817	5	7	25.6037	1.0000	99	9	-9999.0000	44176	0	-9999	1198	1165	-9999	0.0000	0	0.0000	0.0000	0.0000	0.0000	0.0000	0.0000	0.0000	0.0000	0.0000	0.0000	0.0000	0.0000	0.0000	0.0000	0.0000	0.0000	
01/08/2017	02:45:41	019001	H340188914GLR	L340	S		587.5222	1.0311	0.0000	99.9554	39.5500	0.8230	0.8263	5.0000	17.9816	675.1794	94.8380	4.2905	25.3000	0.9300	0.9421	0.6383	-0.0057	675.0000	674.6618	1.0285	2.0876	100.4815	39.1249	0.8230	0.8206	5.0000	-9999.0000	-9999.0000	-9999.0000	-9999.0000	-9999.0000	-9999.0000	17.9916	6	0	24.9825	1.0000	99	9	-9999.0000	44177	20550	-9999	1199	1166	-9999	414.4665	5	0.6103	0.6383	-0.0057	59.7158	7.3266	673.3616	392.6075	37.9167	606.4782	95.6481	659.5051	94.9306	671.8912	94.8380	631.2960	15.1620	
01/08/2017	02:46:07	019001	H340188921GLR	L340	S		580.3461	1.0311	0.0000	100.0005	39.5489	0.8230	0.8266	5.0000	17.1015	675.1568	95.0231	4.7203	25.3000	0.9300	0.9423	0.6384	-0.0057	675.0000	673.6229	1.0285	2.2954	99.8350	39.1138	0.8230	0.8205	5.0000	-9999.0000	-9999.0000	-9999.0000	-9999.0000	-9999.0000	-9999.0000	18.0118	7	0	25.6331	1.0000	99	9	-9999.0000	44178	20551	-9999	1200	1167	-9999	412.8222	5	0.6103	0.6384	-0.0057	59.8978	7.3031	668.2406	383.2980	38.7963	600.1664	95.3935	652.5651	95.2315	666.6404	95.1852	678.3883	58.9583	
01/08/2017	02:46:35	019001	H340188916GLR	L340	S		580.0065	1.0311	0.0000	100.0736	39.5457	0.8230	0.8265	5.0000	17.4025	675.1626	94.9306	4.6402	25.3000	0.9300	0.9421	0.6385	-0.0058	675.0000	675.2821	1.0285	1.9636	100.2616	39.1191	0.8230	0.8206	5.0000	-9999.0000	-9999.0000	-9999.0000	-9999.0000	-9999.0000	-9999.0000	17.9416	8	0	28.0140	1.0000	99	9	-9999.0000	44179	20552	-9999	1201	1168	-9999	413.1402	5	0.6104	0.6385	-0.0058	59.9796	7.2976	669.5197	385.8903	36.9907	602.5278	95.7639	654.9464	94.9769	667.9497	94.9537	679.3741	48.1019	
01/08/2017	02:47:01	019001	H421189177GLR	L340	S		583.9049	1.0311	0.0000	99.9633	39.5461	0.8230	0.8265	5.0000	17.1719	675.1327	94.9537	4.5904	25.3000	0.9300	0.9422	0.6385	-0.0058	675.0000	674.8821	1.0285	2.0436	100.0483	39.1253	0.8230	0.8205	5.0000	-9999.0000	-9999.0000	-9999.0000	-9999.0000	-9999.0000	-9999.0000	18.0215	1	27	25.7133	1.0000	99	9	-9999.0000	44180	20553	-9999	1202	1169	-9999	413.3309	5	0.6104	0.6385	-0.0058	59.9796	7.2976	669.2261	383.2530	38.7037	602.7307	95.3009	654.3190	94.9769	667.5608	95.0000	680.0411	38.8426	
01/08/2017	02:47:26	019001	H340188904GLR	L340	S		580.5413	1.0311	0.0000	99.9918	39.5476	0.8230	0.8265	5.0000	17.2921	675.2010	95.1620	4.4097	25.3000	0.9300	0.9421	0.6387	-0.0058	675.0000	674.1779	1.0285	2.1844	100.4343	39.1257	0.8230	0.8205	5.0000	-9999.0000	-9999.0000	-9999.0000	-9999.0000	-9999.0000	-9999.0000	17.9025	2	0	24.9629	1.0000	99	9	-9999.0000	44181	20554	-9999	1203	1170	-9999	414.1197	5	0.6106	0.6387	-0.0058	58.7972	7.5071	671.9110	385.4833	37.2685	602.8941	95.4861	656.0554	95.3009	670.4654	95.2315	665.7518	22.0602	
01/08/2017	02:47:51	019001	H340188930GLR	L340	S		583.0947	1.0311	0.0000	99.9829	39.5500	0.8230	0.8265	5.0000	17.2120	675.1570	94.9306	4.5904	25.3000	0.9300	0.9422	0.6389	-0.0058	675.0000	673.9570	1.0285	2.2286	99.8766	39.1052	0.8230	0.8205	5.0000	-9999.0000	-9999.0000	-9999.0000	-9999.0000	-9999.0000	-9999.0000	17.8928	3	0	25.5529	1.0000	99	9	-9999.0000	44182	20555	-9999	1204	1171	-9999	413.4284	5	0.6109	0.6389	-0.0058	58.7353	7.5103	669.4743	400.9649	37.2454	606.9680	95.6250	654.5216	94.9537	668.0367	94.9537	680.2491	42.1296	
01/08/2017	02:48:16	019001	H340188949GLR	L340	S		583.2815	1.0311	0.0000	99.9683	39.5500	0.8230	0.8265	5.0000	17.1719	675.1682	94.9074	4.5503	25.3000	0.9300	0.9422	0.6388	-0.0058	675.0000	674.7493	1.0285	2.0701	99.9219	39.1244	0.8230	0.8205	5.0000	-9999.0000	-9999.0000	-9999.0000	-9999.0000	-9999.0000	-9999.0000	18.0225	4	0	24.9532	1.0000	99	9	-9999.0000	44183	20555	-9999	1205	1172	-9999	413.5774	5	0.6111	0.6388	-0.0058	58.0299	7.6876	669.9317	384.6067	35.6019	604.2002	95.5556	655.1944	94.9769	668.3884	94.9074	679.1881	33.5185	
01/08/2017	02:48:42	019001	H340188905GLR	L340	S		579.2374	1.0311	0.0000	99.9024	39.5500	0.8230	0.8267	5.0000	17.2619	675.1340	95.0463	4.4205	25.3000	0.9300	0.9421	0.6388	-0.0058	675.0000	674.2963	1.0285	2.1607	100.3400	39.1432	0.8230	0.8205	5.0000	-9999.0000	-9999.0000	-9999.0000	-9999.0000	-9999.0000	-9999.0000	18.0823	5	0	25.6123	1.0000	99	9	-9999.0000	44184	20556	-9999	1206	1173	-9999	414.0569	5	0.6111	0.6388	-0.0058	58.0299	7.6876	671.5628	406.4195	40.3241	610.3767	95.3472	655.9558	95.0926	670.1170	95.0926	670.0261	21.7130	
01/08/2017	02:49:07	019001	H340188969GLR	L340	S		581.5136	1.0311	0.0000	99.9309	39.5934	0.8230	0.8266	5.0000	17.3030	675.2128	95.0000	4.4507	25.3000	0.9300	0.9422	0.6385	-0.0057	675.0000	674.9143	1.0285	2.0371	99.7142	39.1316	0.8230	0.8204	5.0000	-9999.0000	-9999.0000	-9999.0000	-9999.0000	-9999.0000	-9999.0000	18.1925	6	0	24.9836	1.0000	99	9	-9999.0000	44185	20557	-9999	1207	1174	-9999	414.0418	5	0.6114	0.6385	-0.0057	60.2990	7.1921	670.9780	407.4275	40.1389	611.0680	95.4861	656.6642	95.0926	669.2634	95.0231	673.6396	23.9352	
01/08/2017	02:49:32	019001	H340188970GLR	L340	S		584.3185	1.0311	0.0000	100.1032	39.5874	0.8230	0.8267	5.0000	17.2217	675.2027	95.0463	4.2612	25.3000	0.9300	0.9422	0.6381	-0.0056	675.0000	674.3063	1.0285	2.1587	100.0941	39.1482	0.8230	0.8206	5.0000	-9999.0000	-9999.0000	-9999.0000	-9999.0000	-9999.0000	-9999.0000	17.8115	7	0	25.6533	1.0000	99	9	-9999.0000	44186	20558	-9999	1208	1175	-9999	414.8224	5	0.6116	0.6381	-0.0056	60.4020	7.1398	673.6535	378.6691	36.0648	604.8396	95.5787	658.2810	95.0694	672.1751	95.0463	622.6704	4.5833	
01/08/2017	02:49:57	019001	H340188934GLR	L340	S		580.5840	1.0311	0.0000	99.9283	39.5845	0.8230	0.8267	5.0000	17.2120	675.1573	94.9074	4.4615	25.3000	0.9300	0.9422	0.6373	-0.0054	675.0000	674.6990	1.0285	2.0802	100.2981	39.1433	0.8230	0.8204	5.0000	-9999.0000	-9999.0000	-9999.0000	-9999.0000	-9999.0000	-9999.0000	18.2023	8	0	24.9728	1.0000	99	9	-9999.0000	44187	20559	-9999	1208	1176	-9999	414.0349	5	0.6119	0.6373	-0.0054	56.8892	7.9103	671.0751	387.1179	36.1343	607.4580	95.7870	657.1711	94.9537	669.5279	94.9306	675.9927	24.0972	
01/08/2017	02:50:23	019001	H340188942GLR	L340	S		585.1143	1.0311	0.0000	100.0070	39.5925	0.8230	0.8266	5.0000	17.3829	675.1182	95.0000	4.1509	25.3000	0.9300	0.0000	0.6358	-0.0051	675.0000	675.7492	1.0285	1.8702	99.9272	39.1471	0.8230	0.8204	5.0000	-9999.0000	-9999.0000	-9999.0000	-9999.0000	-9999.0000	-9999.0000	18.0119	1	0	25.6126	1.0000	99	9	-9999.0000	44188	20560	-9999	1209	1177	-9999	415.0734	5	0.6122	0.6358	-0.0051	54.2962	8.5280	674.9043	401.1946	37.7778	614.5183	95.5556	661.5034	95.0231	673.5713	95.0000	0.0000	0.0000	
01/08/2017	02:50:48	019001	H340188954GLR	L340	S		585.8348	1.0311	0.0000	99.9870	39.5877	0.8230	0.8266	5.0000	17.2121	675.1863	94.9537	4.9000	25.4000	0.9300	0.9422	0.6355	-0.0050	675.0000	677.3845	1.0285	1.5431	100.1789	39.1575	0.8230	0.8205	5.0000	-9999.0000	-9999.0000	-9999.0000	-9999.0000	-9999.0000	-9999.0000	17.8918	2	0	25.0430	1.0000	99	9	-9999.0000	44189	20561	-9999	1210	1178	-9999	412.6133	5	0.6124	0.6355	-0.0050	53.9318	8.6261	667.6991	394.7360	38.6574	610.0525	95.5324	655.1313	95.0000	666.4061	94.9769	676.3376	94.8843	
01/08/2017	02:51:13	019001	H340188953GLR	L340	S		584.3762	1.0311	0.0000	99.9685	39.5918	0.8230	0.8266	5.0000	17.2520	675.1670	94.9769	4.3306	25.3000	0.9300	0.9422	0.6378	-0.0055	675.0000	674.8008	1.0285	2.0598	100.0460	39.1572	0.8230	0.8204	5.0000	-9999.0000	-9999.0000	-9999.0000	-9999.0000	-9999.0000	-9999.0000	18.0119	3	0	25.5733	1.0000	99	9	-9999.0000	44190	20562	-9999	1211	1179	-9999	414.6210	5	0.6127	0.6378	-0.0055	47.1394	10.1479	672.7338	390.4687	36.2037	607.4475	95.8102	657.8725	95.0231	671.1827	95.0000	645.5472	15.8796	
01/08/2017	02:51:38	019001	H340188972GLR	L340	S		582.2622	1.0311	0.0000	99.9689	39.5855	0.8230	0.8267	5.0000	17.2120	675.1857	95.0231	4.2505	25.3000	0.9300	0.9420	0.6363	-0.0052	675.0000	673.7774	1.0285	2.2645	99.9545	39.1597	0.8230	0.8205	5.0000	-9999.0000	-9999.0000	-9999.0000	-9999.0000	-9999.0000	-9999.0000	17.8116	4	0	24.9727	1.0000	99	9	-9999.0000	44191	20563	-9999	1212	1180	-9999	414.8931	5	0.6130	0.6363	-0.0052	53.8780	8.6270	673.7639	404.8620	38.4028	610.8040	95.4861	658.5669	95.0694	672.1985	95.0463	616.2573	5.1852	
01/08/2017	02:52:04	019001	H340188946GLR	L340	S		583.4692	1.0311	0.0000	99.9057	39.5951	0.8230	0.8264	5.0000	17.7717	675.1904	94.9074	4.4107	25.3000	0.9300	0.9421	0.6366	-0.0052	675.0000	674.9438	1.0285	2.0312	99.7705	39.1575	0.8230	0.8204	5.0000	-9999.0000	-9999.0000	-9999.0000	-9999.0000	-9999.0000	-9999.0000	17.9523	5	0	25.6039	1.0000	99	9	-9999.0000	44192	20563	-9999	1213	1181	-9999	414.3514	5	0.6130	0.6366	-0.0052	52.0569	9.0106	672.1694	395.1564	36.8519	607.2626	95.7176	658.0036	94.9769	670.8902	94.9306	669.3287	20.0926	
01/08/2017	02:52:29	019001	H340188957GLR	L340	S		585.7568	1.0311	0.0000	99.8926	39.6000	0.8230	0.8262	5.0000	18.5022	675.1884	94.8843	4.3404	25.3000	0.9300	0.9422	0.6379	-0.0055	675.0000	674.9738	1.0285	2.0252	100.1205	39.1589	0.8230	0.8205	5.0000	-9999.0000	-9999.0000	-9999.0000	-9999.0000	-9999.0000	-9999.0000	17.8518	6	0	24.9726	1.0000	99	9	-9999.0000	44193	20564	-9999	1214	1182	-9999	414.6711	5	0.6129	0.6379	-0.0055	56.3911	8.0251	672.6239	387.9299	37.8241	601.4704	95.7407	650.7749	95.0694	671.1250	94.8843	651.4266	17.3611	
01/08/2017	02:52:55	019001	H340188780GLR	L340	S		587.7824	1.0311	0.0000	100.0469	39.6197	0.8230	0.8267	5.0000	17.4219	675.1267	95.0231	5.2008	25.4000	0.9300	0.9423	0.6385	-0.0056	675.0000	676.4133	1.0285	1.7373	99.8939	39.1602	0.8230	0.8204	5.0000	-9999.0000	-9999.0000	-9999.0000	-9999.0000	-9999.0000	-9999.0000	17.9125	7	0	25.5236	1.0000	99	9	-9999.0000	44194	20565	-9999	1215	1183	-9999	411.3935	5	0.6129	0.6385	-0.0056	57.0318	7.8863	664.0399	386.1216	38.7500	602.2875	95.7407	650.1198	95.2083	662.4752	95.1389	673.1660	95.0463	
01/08/2017	02:53:20	019001	H340188781GLR	L340	S		589.4001	1.0311	0.0000	99.9570	39.6318	0.8230	0.8266	5.0000	17.2218	675.2339	95.0463	4.6705	25.4000	0.9300	0.9422	0.6387	-0.0057	675.0000	674.1660	1.0285	2.1868	99.9745	39.1570	0.8230	0.8204	5.0000	-9999.0000	-9999.0000	-9999.0000	-9999.0000	-9999.0000	-9999.0000	18.1815	8	0	25.0226	1.0000	99	9	-9999.0000	44195	20566	-9999	1216	1184	-9999	413.5177	5	0.6130	0.6387	-0.0057	56.7957	7.9608	669.0270	388.5207	36.3657	606.3771	95.8333	653.8150	95.0694	667.5444	95.1389	679.3627	48.4028	
01/08/2017	02:53:45	019001	H340187588GLR	L340	S		583.7880	1.0311	0.0000	100.0374	39.5998	0.8230	0.8265	5.0000	17.2520	686.0398	95.2083	4.1499	25.3000	0.9300	0.0000	0.6395	-0.0058	675.0000	681.5962	1.0285	0.7008	99.9162	39.1619	0.8230	0.8203	5.0000	-9999.0000	-9999.0000	-9999.0000	-9999.0000	-9999.0000	-9999.0000	18.0919	1	0	25.5529	1.0000	99	9	-9999.0000	44196	20567	-9999	1217	1185	-9999	422.2117	5	0.6130	0.6395	-0.0058	55.1170	8.3057	685.7924	388.8422	37.0833	616.4046	95.5324	668.4377	95.3704	684.3216	95.2083	0.0000	0.0000	
01/08/2017	02:54:10	019001	H340187582GLR	L340	S		580.0131	1.0311	0.0000	99.9018	39.5859	0.8230	0.8265	5.0000	17.4015	675.3549	94.8611	4.1509	25.3000	0.9300	0.0000	0.6397	-0.0059	675.0000	675.6877	1.0285	1.8825	100.0867	39.1632	0.8230	0.8205	5.0000	-9999.0000	-9999.0000	-9999.0000	-9999.0000	-9999.0000	-9999.0000	17.9524	2	0	24.9932	1.0000	99	9	-9999.0000	44197	20568	-9999	1218	1186	-9999	415.6789	5	0.6130	0.6397	-0.0059	52.1757	8.9136	675.0712	383.4116	36.2731	604.2096	95.8102	658.3218	94.9537	673.2873	94.8843	0.0000	0.0000	
01/08/2017	02:54:36	019001	H340187584GLR	L340	S		580.3739	1.0311	0.0000	99.9319	39.5862	0.8230	0.8266	5.0000	17.2423	678.2128	95.1620	4.1499	25.3000	0.9300	0.0000	0.6414	-0.0062	675.0000	678.2602	1.0285	1.3680	99.8067	39.1624	0.8230	0.8203	5.0000	-9999.0000	-9999.0000	-9999.0000	-9999.0000	-9999.0000	-9999.0000	18.0617	3	0	25.6330	1.0000	99	9	-9999.0000	44198	20569	-9999	1219	1187	-9999	417.5421	5	0.6128	0.6414	-0.0062	55.6099	8.1271	677.9494	384.5422	37.1528	604.7114	95.5093	660.4135	95.3009	676.3334	95.2083	0.0000	0.0000	
01/08/2017	02:55:01	019001	H340187677GLR	L340	S		579.3736	1.0311	0.0000	99.9223	39.5893	0.8230	0.8267	5.0000	17.1913	675.2288	94.8611	4.5005	25.3000	0.9300	0.9421	0.6409	-0.0061	675.0000	676.9038	1.0285	1.6392	100.0060	39.1629	0.8230	0.8205	5.0000	-9999.0000	-9999.0000	-9999.0000	-9999.0000	-9999.0000	-9999.0000	17.7325	4	0	24.9329	1.0000	99	9	-9999.0000	44199	20570	-9999	1220	1188	-9999	414.2776	5	0.6129	0.6409	-0.0061	61.3448	6.7834	670.2048	408.0795	38.1019	604.1533	95.5556	653.3968	94.9306	668.2839	94.8611	677.0553	30.3704	
01/08/2017	02:55:26	019001	H340187673GLR	L340	S		582.9740	1.0311	0.0000	100.0898	39.6091	0.8230	0.8266	5.0000	17.3115	675.1945	94.8611	4.1499	25.3000	0.9300	0.0000	0.6408	-0.0061	675.0000	676.2680	1.0285	1.7664	100.1199	39.1640	0.8230	0.8204	5.0000	-9999.0000	-9999.0000	-9999.0000	-9999.0000	-9999.0000	-9999.0000	17.9728	5	0	25.6034	1.0000	99	9	-9999.0000	44200	20571	-9999	1221	1189	-9999	415.6938	5	0.6131	0.6408	-0.0061	67.8692	5.3311	674.9279	402.4461	38.1944	607.9241	95.5556	658.9616	94.9769	673.2823	94.8843	0.0000	0.0000	
01/08/2017	02:55:51	019001	H340187669GLR	L340	S		578.3136	1.0311	0.0000	100.0021	39.5870	0.8230	0.8265	5.0000	17.4230	675.1303	95.1389	4.2300	25.3000	0.9300	0.9422	0.6408	-0.0061	675.0000	674.8947	1.0285	2.0411	99.9565	39.1657	0.8230	0.8204	5.0000	-9999.0000	-9999.0000	-9999.0000	-9999.0000	-9999.0000	-9999.0000	17.8724	6	0	24.9630	1.0000	99	9	-9999.0000	44201	20572	-9999	1222	1190	-9999	415.3371	5	0.6133	0.6408	-0.0061	82.8450	1.9871	673.8454	385.2041	36.5741	603.0161	95.5787	656.1355	95.1620	672.1916	95.1389	604.3750	5.0231	
01/08/2017	02:56:17	019001	H340187665GLR	L340	S		578.6084	1.0311	0.0000	100.0179	39.5877	0.8230	0.8266	5.0000	17.3213	675.2391	95.0926	4.2202	25.3000	0.9300	0.9421	0.6434	-0.0067	675.0000	676.1274	1.0285	1.7945	99.9865	39.1764	0.8230	0.8204	5.0000	-9999.0000	-9999.0000	-9999.0000	-9999.0000	-9999.0000	-9999.0000	17.9523	7	0	25.6028	1.0000	99	9	-9999.0000	44202	20573	-9999	1223	1191	-9999	415.5399	5	0.6135	0.6434	-0.0067	93.6316	-0.4102	673.8971	407.6324	38.0787	607.2092	95.7176	656.3002	95.1620	672.2175	95.1389	0.0000	0.0000	
01/08/2017	02:56:42	019001	H340187659GLR	L340	S		582.0835	1.0311	0.0000	99.9985	39.5898	0.8230	0.8267	5.0000	17.1728	675.1725	94.9074	4.4605	25.3000	0.9300	0.9422	0.6437	-0.0068	675.0000	677.7764	1.0285	1.4647	100.0394	39.1724	0.8230	0.8204	5.0000	-9999.0000	-9999.0000	-9999.0000	-9999.0000	-9999.0000	-9999.0000	18.0021	8	0	24.8935	1.0000	99	9	-9999.0000	44203	20574	-9999	1224	1192	-9999	414.3705	5	0.6135	0.6437	-0.0068	90.4628	0.3724	670.0224	401.3415	38.7963	605.5641	95.6250	653.1956	95.0463	668.1547	94.9537	675.8972	26.2269	
01/08/2017	02:57:07	019001	H340187656GLR	L340	S		576.9437	1.0311	0.0000	100.0121	39.6021	0.8230	0.8266	5.0000	17.2013	675.1978	94.8611	4.2603	25.3000	0.9300	0.9422	0.6426	-0.0065	675.0000	675.2143	1.0285	1.9771	100.0067	39.1766	0.8230	0.8204	5.0000	-9999.0000	-9999.0000	-9999.0000	-9999.0000	-9999.0000	-9999.0000	17.9727	1	0	25.6028	1.0000	99	9	-9999.0000	44204	20575	-9999	1225	1193	-9999	415.2201	5	0.6136	0.6426	-0.0065	91.7735	0.0885	673.5980	402.0891	39.5602	604.0092	95.4630	655.9290	94.9306	672.2017	94.8843	620.6259	4.7917	
01/08/2017	02:57:32	019001	H340187654GLR	L340	S		584.1776	1.0311	0.0000	99.9368	39.5926	0.8230	0.8266	5.0000	17.1915	676.0722	94.9769	4.1509	25.3000	0.9300	0.0000	0.6419	-0.0064	675.0000	676.0480	1.0285	1.8104	100.1123	39.1698	0.8230	0.8204	5.0000	-9999.0000	-9999.0000	-9999.0000	-9999.0000	-9999.0000	-9999.0000	17.9416	2	0	24.9835	1.0000	99	9	-9999.0000	44205	20576	-9999	1226	1194	-9999	416.1992	5	0.6136	0.6419	-0.0064	99.5550	-1.5841	675.7917	388.2969	38.7500	603.2211	95.4861	657.5915	95.0463	673.9563	95.0000	0.0000	0.0000	
01/08/2017	02:57:58	019001	H340187649GLR	L340	S		576.4848	1.0311	0.0000	100.0211	39.5888	0.8230	0.8266	5.0000	17.1318	677.5556	95.1620	4.1509	25.3000	0.9300	0.0000	0.6424	-0.0065	675.0000	676.5694	1.0285	1.7061	99.8654	39.1805	0.8230	0.8204	5.0000	-9999.0000	-9999.0000	-9999.0000	-9999.0000	-9999.0000	-9999.0000	17.8032	3	0	25.5931	1.0000	99	9	-9999.0000	44206	20577	-9999	1227	1195	-9999	417.1051	5	0.6137	0.6424	-0.0065	106.4464	-3.1312	677.2264	398.9719	38.0556	608.7345	95.5324	658.7323	95.2778	675.2623	95.1852	0.0000	0.0000	
01/08/2017	02:58:23	019001	H340187638GLR	L340	S		583.2095	1.0311	0.0000	100.0287	39.5898	0.8230	0.8266	5.0000	17.2022	675.2510	94.9074	4.5103	25.3000	0.9300	0.9421	0.6426	-0.0065	675.0000	675.8855	1.0285	1.8429	99.9649	39.1628	0.8230	0.8203	5.0000	-9999.0000	-9999.0000	-9999.0000	-9999.0000	-9999.0000	-9999.0000	18.1625	4	0	24.9728	1.0000	99	9	-9999.0000	44207	20578	-9999	1228	1196	-9999	414.1466	5	0.6137	0.6426	-0.0065	106.8050	-3.1706	669.7516	392.1534	37.5231	600.7113	95.7407	652.4109	95.0231	667.8530	94.9537	679.0095	31.2037	
01/08/2017	02:58:48	019001	H340188790GLR	L340	S		592.3529	1.0311	0.0000	100.0308	39.6015	0.8230	0.8265	5.0000	17.3831	684.3399	94.9769	4.1499	25.3000	0.9300	0.0000	0.6426	-0.0065	675.0000	682.1387	1.0285	0.5923	100.1364	39.1813	0.8230	0.8203	5.0000	-9999.0000	-9999.0000	-9999.0000	-9999.0000	-9999.0000	-9999.0000	18.0423	5	2	25.5734	1.0000	99	9	-9999.0000	44208	20579	-9999	1229	1196	-9999	421.3409	5	0.6137	0.6426	-0.0065	109.8481	-3.7775	684.0458	390.1605	36.6435	615.6374	95.5093	666.5177	95.0926	682.2982	95.0231	0.0000	0.0000	
01/08/2017	02:59:13	019001	H340188778GLR	L340	S		581.5212	1.0311	0.0000	100.0258	39.5857	0.8230	0.8266	5.0000	17.1114	675.1339	94.9074	4.4908	25.3000	0.9300	0.9422	0.6425	-0.0065	675.0000	676.8451	1.0285	1.6510	99.9669	39.1836	0.8230	0.8203	5.0000	-9999.0000	-9999.0000	-9999.0000	-9999.0000	-9999.0000	-9999.0000	18.1330	6	0	24.9824	1.0000	99	9	-9999.0000	44209	20580	-9999	1230	1197	-9999	414.1784	5	0.6137	0.6425	-0.0065	110.1770	-3.8291	670.5689	379.9522	36.5509	600.0000	95.7176	653.6210	95.0000	668.8423	94.9306	677.9667	29.8380	
01/08/2017	02:59:39	019001	H340188749GLR	L340	S		586.6173	1.0311	0.0000	99.9677	39.5945	0.8230	0.8266	5.0000	17.1523	680.0972	95.2315	4.1509	25.3000	0.9300	0.0000	0.6435	-0.0067	675.0000	679.7039	1.0285	1.0792	99.9951	39.1875	0.8230	0.8203	5.0000	-9999.0000	-9999.0000	-9999.0000	-9999.0000	-9999.0000	-9999.0000	18.0325	7	0	25.5735	1.0000	99	9	-9999.0000	44210	20581	-9999	1231	1198	-9999	418.7561	5	0.6139	0.6435	-0.0067	115.9467	-5.1192	679.8222	380.7084	37.9630	608.0826	95.3704	662.0094	95.3241	678.2033	95.2546	0.0000	0.0000	
01/08/2017	03:00:04	019001	H340188772GLR	L340	S		583.7486	1.0311	0.0000	100.0592	39.5940	0.8230	0.8265	5.0000	17.3916	675.1945	94.8611	4.4214	25.3000	0.9300	0.9423	0.6439	-0.0068	675.0000	677.0097	1.0285	1.6181	99.9116	39.1762	0.8230	0.8204	5.0000	-9999.0000	-9999.0000	-9999.0000	-9999.0000	-9999.0000	-9999.0000	17.8321	8	0	24.9727	1.0000	99	9	-9999.0000	44211	20582	-9999	1232	1199	-9999	414.5146	5	0.6139	0.6439	-0.0068	117.0344	-5.3865	671.4017	384.9866	37.4074	606.0294	95.6481	654.4788	94.9537	669.7084	94.9074	670.9462	22.7546	
01/08/2017	03:00:29	019001	H340188757GLR	L340	S		590.4337	1.0311	0.0000	99.9528	39.5953	0.8230	0.8265	5.0000	17.3126	676.5035	94.8611	4.1509	25.3000	0.9300	0.0000	0.6448	-0.0070	675.0000	676.9830	1.0285	1.6234	99.9708	39.1861	0.8230	0.8203	5.0000	-9999.0000	-9999.0000	-9999.0000	-9999.0000	-9999.0000	-9999.0000	17.9923	1	0	25.6038	1.0000	99	9	-9999.0000	44212	20583	-9999	1232	1200	-9999	416.5945	5	0.6140	0.6448	-0.0070	116.2200	-5.1893	676.2037	384.6293	37.2917	608.3373	95.6944	657.9185	94.9537	674.3814	94.8843	0.0000	0.0000	
01/08/2017	03:00:54	019001	H340188765GLR	L340	S		581.2609	1.0311	0.0000	100.0026	39.5897	0.8230	0.8266	5.0000	17.2022	675.1818	95.1157	4.4908	25.3000	0.9300	0.9423	0.6460	-0.0073	675.0000	674.4473	1.0285	2.1305	99.8317	39.1718	0.8230	0.8203	5.0000	-9999.0000	-9999.0000	-9999.0000	-9999.0000	-9999.0000	-9999.0000	17.9415	2	0	24.9521	1.0000	99	9	-9999.0000	44213	20584	-9999	1233	1201	-9999	414.1219	5	0.6140	0.6460	-0.0073	117.0681	-5.3744	670.4942	388.3279	35.9722	605.6892	95.4630	653.5402	95.3009	668.8388	95.2546	677.8758	26.8981	
01/08/2017	03:01:20	019001	H340188764GLR	L340	S		585.1642	1.0311	0.0000	99.9284	39.5958	0.8230	0.8266	5.0000	17.1525	675.2111	94.9769	4.3912	25.3000	0.9300	0.9423	0.6460	-0.0073	675.0000	677.0055	1.0285	1.6189	100.0046	39.1829	0.8230	0.8203	5.0000	-9999.0000	-9999.0000	-9999.0000	-9999.0000	-9999.0000	-9999.0000	17.8917	3	0	25.5833	1.0000	99	9	-9999.0000	44214	20585	-9999	1234	1202	-9999	414.6612	5	0.6141	0.6460	-0.0073	118.0705	-5.6449	671.8046	390.7806	37.5463	604.7940	95.6713	653.4781	95.1157	670.1665	95.0231	665.3630	21.1111	
01/08/2017	03:01:45	019001	H340188763GLR	L340	S		580.8131	1.0311	0.0000	100.0424	39.5967	0.8230	0.8265	5.0000	17.3723	675.1717	94.9306	4.6207	25.3000	0.9300	0.9422	0.6463	-0.0074	675.0000	676.7417	1.0285	1.6717	100.0720	39.1879	0.8230	0.8203	5.0000	-9999.0000	-9999.0000	-9999.0000	-9999.0000	-9999.0000	-9999.0000	17.9718	4	0	24.9738	1.0000	99	9	-9999.0000	44215	20586	-9999	1235	1203	-9999	413.4364	5	0.6140	0.6463	-0.0074	118.2649	-5.6937	668.1090	385.0908	37.4537	600.1774	95.6713	650.5294	95.0000	666.3135	94.9537	680.9037	44.4907	
01/08/2017	03:02:11	019001	H340188753GLR	L340	S		583.3633	1.0311	0.0000	99.9356	39.6033	0.8230	0.8266	5.0000	17.2121	675.2650	94.9537	4.6099	25.3000	0.9300	0.9422	0.6469	-0.0075	675.0000	677.9378	1.0285	1.4324	100.0124	39.1897	0.8230	0.8203	5.0000	-9999.0000	-9999.0000	-9999.0000	-9999.0000	-9999.0000	-9999.0000	17.9014	5	0	25.6027	1.0000	99	9	-9999.0000	44216	20587	-9999	1236	1204	-9999	413.4864	5	0.6141	0.6469	-0.0075	113.9275	-4.7398	668.3528	396.4827	36.5509	602.6637	95.7407	651.9416	95.0231	666.6921	94.9769	680.9166	40.7176	
01/08/2017	03:02:36	019001	H340188740GLR	L340	S		584.2954	1.0311	0.0000	100.0078	39.6030	0.8230	0.8266	5.0000	17.1622	675.2622	95.0926	4.1802	25.3000	0.9300	0.9422	0.6467	-0.0075	675.0000	676.8920	1.0285	1.6416	99.8304	39.1876	0.8230	0.8203	5.0000	-9999.0000	-9999.0000	-9999.0000	-9999.0000	-9999.0000	-9999.0000	17.9926	6	0	24.9824	1.0000	99	9	-9999.0000	44217	20588	-9999	1237	1205	-9999	415.6939	5	0.6141	0.6467	-0.0075	113.2792	-4.5765	674.4847	381.0098	35.7407	603.9569	95.7870	655.3271	95.2083	672.5121	95.1157	0.0000	0.0000	
01/08/2017	03:03:01	019001	H340188744GLR	L340	S		588.9422	1.0311	0.0000	99.9870	39.6175	0.8230	0.8263	5.0000	17.7619	675.1829	94.9769	4.1802	25.3000	0.9300	0.9422	0.6473	-0.0076	675.0000	677.0572	1.0285	1.6086	99.9599	39.1905	0.8230	0.8203	5.0000	-9999.0000	-9999.0000	-9999.0000	-9999.0000	-9999.0000	-9999.0000	17.9826	7	0	25.5539	1.0000	99	9	-9999.0000	44218	20589	-9999	1238	1206	-9999	415.6357	5	0.6141	0.6473	-0.0076	113.5249	-4.6649	674.3641	398.4565	36.6667	608.7548	95.6250	655.9650	95.0694	672.4324	95.0000	0.0000	0.0000	
01/08/2017	03:03:16	019001	H421189178GLR	L340	S		0.0000	0.0000	0.0000	0.0000	0.0000	0.8230	0.0000	0.0000	0.0000	0.0000	0.0000	0.0000	0.0000	0.9300	0.0000	0.0000	0.0000	0.0000	0.0000	0.0000	0.0000	0.0000	0.0000	0.8230	0.0000	0.0000	0.0000	0.0000	0.0000	0.0000	0.0000	0.0000	0.0000	0	27	25.5539	1.0000	99	9	0.0000	0	0	0	0	0	0	0.0000	0	0.0000	0.0000	0.0000	0.0000	0.0000	0.0000	0.0000	0.0000	0.0000	0.0000	0.0000	0.0000	0.0000	0.0000	0.0000	0.0000	
01/08/2017	03:03:26	019001	H340188730GLR	L340	S		587.8898	1.0311	0.0000	100.0400	39.5935	0.8230	0.8265	5.0000	17.2716	675.1491	95.0231	4.1499	25.3000	0.9300	0.0000	0.6484	-0.0079	675.0000	677.2924	1.0285	1.5615	99.9924	39.1893	0.8230	0.8203	5.0000	-9999.0000	-9999.0000	-9999.0000	-9999.0000	-9999.0000	-9999.0000	18.0920	8	0	24.9825	1.0000	99	9	-9999.0000	44219	20590	-9999	1239	1207	-9999	415.7188	5	0.6140	0.6484	-0.0079	111.2856	-4.1267	674.8938	375.8342	35.9259	604.4986	95.7407	657.2057	95.0694	673.2606	95.0231	0.0000	0.0000	
01/08/2017	03:03:52	019001	H340188886GLR	L340	S		588.0349	1.0311	0.0000	99.9318	39.6204	0.8230	0.8265	5.0000	17.2218	675.3069	94.9769	4.2398	25.3000	0.9300	0.9422	0.6495	-0.0082	675.0000	676.3892	1.0285	1.7422	100.0920	39.1902	0.8230	0.8203	5.0000	-9999.0000	-9999.0000	-9999.0000	-9999.0000	-9999.0000	-9999.0000	18.1019	1	0	25.6437	1.0000	99	9	-9999.0000	44220	20591	-9999	1240	1208	-9999	415.3812	5	0.6138	0.6495	-0.0082	111.3852	-4.0933	673.4121	400.3609	37.5463	605.7573	95.6019	654.1766	95.0231	671.3714	95.0000	0.0000	0.0000	
01/08/2017	03:04:17	019001	H340188884GLR	L340	S		579.9532	1.0311	0.0000	99.9304	39.5990	0.8230	0.8266	5.0000	17.1123	675.2476	94.9769	4.3404	25.3000	0.9300	0.9423	0.6491	-0.0081	675.0000	676.5194	1.0285	1.7161	99.8809	39.1921	0.8230	0.8203	5.0000	-9999.0000	-9999.0000	-9999.0000	-9999.0000	-9999.0000	-9999.0000	17.9025	2	0	24.9327	1.0000	99	9	-9999.0000	44221	20591	-9999	1241	1209	-9999	414.7329	5	0.6138	0.6491	-0.0081	110.5979	-3.9391	672.3238	396.4704	39.9306	607.1957	95.4861	653.8429	95.0926	670.4320	95.0231	654.4990	16.8750	
01/08/2017	03:04:42	019001	H340188899GLR	L340	S		584.4352	1.0311	0.0000	99.9976	39.6270	0.8230	0.8261	5.0000	18.4621	676.7303	95.1620	4.1499	25.3000	0.9300	0.0000	0.6492	-0.0081	675.0000	679.8463	1.0285	1.0507	99.9843	39.1900	0.8230	0.8203	5.0000	-9999.0000	-9999.0000	-9999.0000	-9999.0000	-9999.0000	-9999.0000	17.9620	3	0	25.6232	1.0000	99	9	-9999.0000	44222	20592	-9999	1242	1210	-9999	416.6496	5	0.6138	0.6492	-0.0081	110.0847	-3.8348	676.4258	379.2183	38.4491	607.6763	95.3704	657.3465	95.2546	674.5934	95.1852	0.0000	0.0000	
01/08/2017	03:04:57	019001	H421189179GLR	L340	S		0.0000	0.0000	0.0000	0.0000	0.0000	0.8230	0.0000	0.0000	0.0000	0.0000	0.0000	0.0000	0.0000	0.9300	0.0000	0.0000	0.0000	0.0000	0.0000	0.0000	0.0000	0.0000	0.0000	0.8230	0.0000	0.0000	0.0000	0.0000	0.0000	0.0000	0.0000	0.0000	0.0000	0	27	25.6232	1.0000	99	9	0.0000	0	0	0	0	0	0	0.0000	0	0.0000	0.0000	0.0000	0.0000	0.0000	0.0000	0.0000	0.0000	0.0000	0.0000	0.0000	0.0000	0.0000	0.0000	0.0000	0.0000	
01/08/2017	03:05:07	019001	H340188927GLR	L340	S		576.1787	1.0311	0.0000	100.0394	39.5913	0.8230	0.8265	5.0000	17.4014	679.7808	94.9074	4.1509	25.3000	0.9300	0.0000	0.6476	-0.0078	675.0000	679.3244	1.0285	1.1551	99.9269	39.1885	0.8230	0.8203	5.0000	-9999.0000	-9999.0000	-9999.0000	-9999.0000	-9999.0000	-9999.0000	18.0119	4	0	24.9826	1.0000	99	9	-9999.0000	44223	20593	-9999	1243	1211	-9999	418.4356	5	0.6140	0.6476	-0.0078	107.7521	-3.3477	679.5366	401.1682	39.2824	609.1657	95.3241	660.3409	95.0000	677.9387	94.9306	0.0000	0.0000	
01/08/2017	03:05:33	019001	H340188889GLR	L340	S		584.9601	1.0311	0.0000	100.0290	39.6325	0.8230	0.8265	5.0000	17.3224	675.1715	94.9769	4.2105	25.3000	0.9300	0.9423	0.6472	-0.0077	675.0000	674.8537	1.0285	2.0493	100.0213	39.1894	0.8230	0.8202	5.0000	-9999.0000	-9999.0000	-9999.0000	-9999.0000	-9999.0000	-9999.0000	18.2619	5	0	25.6232	1.0000	99	9	-9999.0000	44224	20594	-9999	1244	1212	-9999	415.3135	5	0.6140	0.6472	-0.0077	106.3212	-3.0377	673.8333	383.3898	37.6620	602.5322	95.5556	654.6974	95.0463	671.7542	95.0000	602.7849	3.0556	
01/08/2017	03:05:58	019001	H340188893GLR	L340	S		581.3593	1.0311	0.0000	99.9857	39.6262	0.8230	0.8265	5.0000	17.3030	675.2973	94.9074	4.1900	25.3000	0.9300	0.9422	0.6465	-0.0075	675.0000	676.5702	1.0285	1.7060	99.9923	39.1912	0.8230	0.8202	5.0000	-9999.0000	-9999.0000	-9999.0000	-9999.0000	-9999.0000	-9999.0000	18.2414	6	0	24.9630	1.0000	99	9	-9999.0000	44225	20595	-9999	1245	1213	-9999	415.4128	5	0.6139	0.6465	-0.0075	107.1768	-3.1843	674.3321	383.7968	38.6343	603.0802	95.4861	655.7955	95.0463	672.4323	94.9537	0.0000	0.0000	
01/08/2017	03:06:23	019001	H421189178GLR	L340	S		585.7137	1.0311	0.0000	99.9908	39.6255	0.8230	0.8265	5.0000	17.1417	679.9498	95.0000	4.1499	25.3000	0.9300	0.0000	0.6456	-0.0073	675.0000	678.9224	1.0285	1.2355	99.8447	39.1955	0.8230	0.8203	5.0000	-9999.0000	-9999.0000	-9999.0000	-9999.0000	-9999.0000	-9999.0000	17.9918	7	27	25.5236	1.0000	99	9	-9999.0000	44226	20596	-9999	1246	1214	-9999	418.3278	5	0.6138	0.6456	-0.0073	107.6575	-3.2643	679.6898	397.0010	38.5417	609.8209	95.4398	662.5175	95.1157	678.1420	95.0231	0.0000	0.0000	
01/08/2017	03:06:48	019001	H340188915GLR	L340	S		564.5668	1.0311	0.0000	100.0365	39.5914	0.8230	0.8266	5.0000	17.1320	678.1865	95.0694	4.1509	25.3000	0.9300	0.0000	0.6461	-0.0075	675.0000	678.3873	1.0285	1.3425	99.9212	39.1958	0.8230	0.8203	5.0000	-9999.0000	-9999.0000	-9999.0000	-9999.0000	-9999.0000	-9999.0000	18.0725	8	0	24.9728	1.0000	99	9	-9999.0000	44227	20597	-9999	1247	1215	-9999	417.2649	5	0.6139	0.6461	-0.0075	111.3578	-4.0148	677.8865	383.0370	36.2269	598.0937	95.5787	658.0634	95.0926	675.9629	95.0926	0.0000	0.0000	
01/08/2017	03:07:14	019001	H340188911GLR	L340	S		583.6387	1.0311	0.0000	99.9889	39.6079	0.8230	0.8265	5.0000	17.3722	679.7422	95.1157	4.1499	25.3000	0.9300	0.0000	0.6531	-0.0091	675.0000	679.0819	1.0285	1.2036	99.9116	39.1953	0.8230	0.8202	5.0000	-9999.0000	-9999.0000	-9999.0000	-9999.0000	-9999.0000	-9999.0000	17.9923	1	0	25.6133	1.0000	99	9	-9999.0000	44228	20598	-9999	1248	1216	-9999	418.3757	5	0.6141	0.6531	-0.0091	94.6031	-0.1397	679.4157	396.2577	38.5880	603.0009	95.3472	658.2553	95.3009	677.3746	95.1157	0.0000	0.0000	
01/08/2017	03:07:39	019001	H340188903GLR	L340	S		581.5472	1.0311	0.0000	99.9998	39.6111	0.8230	0.8266	5.0000	17.2521	675.2623	95.0000	4.2105	25.3000	0.9300	0.9423	0.6558	-0.0098	675.0000	675.7574	1.0285	1.8685	100.0343	39.1936	0.8230	0.8203	5.0000	-9999.0000	-9999.0000	-9999.0000	-9999.0000	-9999.0000	-9999.0000	18.0324	2	0	24.9631	1.0000	99	9	-9999.0000	44229	20599	-9999	1249	1217	-9999	415.2604	5	0.6142	0.6558	-0.0098	83.8306	2.4203	673.8670	379.2791	38.5185	598.2543	95.4630	653.6456	95.0694	671.7371	95.0231	0.0000	0.0000	
01/08/2017	03:08:05	019001	H421189179GLR	L340	S		583.0210	1.0311	0.0000	99.9313	39.6333	0.8230	0.8265	5.0000	17.2920	675.2532	94.9537	4.4498	25.3000	0.9300	0.9422	0.6558	-0.0098	675.0000	676.3232	1.0285	1.7554	99.9149	39.1957	0.8230	0.8203	5.0000	-9999.0000	-9999.0000	-9999.0000	-9999.0000	-9999.0000	-9999.0000	17.9720	3	27	26.1624	1.0000	99	9	-9999.0000	44230	20600	-9999	1250	1218	-9999	413.6652	5	0.6142	0.6558	-0.0098	83.8306	2.4203	669.6911	390.3131	38.8194	597.3237	95.4630	648.8989	95.0463	667.5841	94.9769	676.3561	24.4444	
01/08/2017	03:08:30	019001	H340188926GLR	L340	S		581.5523	1.0311	0.0000	99.9605	39.6250	0.8230	0.8265	5.0000	17.2412	675.2608	95.1852	4.3208	25.3000	0.9300	0.9423	0.6549	-0.0095	675.0000	676.3197	1.0285	1.7561	99.9038	39.1972	0.8230	0.8203	5.0000	-9999.0000	-9999.0000	-9999.0000	-9999.0000	-9999.0000	-9999.0000	18.0119	4	0	25.0332	1.0000	99	9	-9999.0000	44231	20601	-9999	1251	1219	-9999	414.5102	5	0.6140	0.6549	-0.0095	80.1995	3.2310	671.9157	378.3821	37.9398	595.5680	95.4630	650.2676	95.3472	669.7609	95.2546	648.9630	16.3194	
01/08/2017	03:08:56	019001	H340188931GLR	L340	S		588.5042	1.0311	0.0000	99.9918	39.6318	0.8230	0.8265	5.0000	17.3421	675.9133	95.0231	4.1509	25.3000	0.9300	0.0000	0.6558	-0.0098	675.0000	677.0750	1.0285	1.6050	100.0179	39.1954	0.8230	0.8202	5.0000	-9999.0000	-9999.0000	-9999.0000	-9999.0000	-9999.0000	-9999.0000	18.1420	5	0	25.6439	1.0000	99	9	-9999.0000	44232	20602	-9999	1252	1220	-9999	416.0145	5	0.6141	0.6558	-0.0098	79.7439	3.3326	675.5466	379.4473	38.5648	601.0943	95.3009	655.0490	95.0926	673.3651	95.0231	0.0000	0.0000	
01/08/2017	03:09:21	019001	H340188948GLR	L340	S		581.1376	1.0311	0.0000	99.9744	39.6027	0.8230	0.8268	5.0000	17.1124	678.6388	94.8380	4.1509	25.3000	0.9300	0.0000	0.6552	-0.0096	675.0000	678.2200	1.0285	1.3760	100.0950	39.1943	0.8230	0.8203	5.0000	-9999.0000	-9999.0000	-9999.0000	-9999.0000	-9999.0000	-9999.0000	18.0530	6	0	25.0127	1.0000	99	9	-9999.0000	44233	20603	-9999	1253	1221	-9999	417.6733	5	0.6140	0.6552	-0.0096	75.1038	4.3718	678.2751	375.9362	37.0602	603.4947	95.5787	657.2367	94.9306	676.0457	94.8380	0.0000	0.0000	
01/08/2017	03:09:46	019001	H340188906GLR	L340	S		586.9965	1.0311	0.0000	99.9974	39.6283	0.8230	0.8266	5.0000	17.1125	675.2205	94.7685	4.2408	25.3000	0.9300	0.9422	0.6552	-0.0096	675.0000	677.0009	1.0285	1.6198	99.8733	39.1969	0.8230	0.8203	5.0000	-9999.0000	-9999.0000	-9999.0000	-9999.0000	-9999.0000	-9999.0000	18.0117	7	0	25.5929	1.0000	99	9	-9999.0000	44234	20604	-9999	1254	1222	-9999	415.0181	5	0.6140	0.6552	-0.0096	75.1038	4.3718	673.2238	382.2811	36.2963	601.3427	95.6481	653.9643	94.8148	670.9919	94.7917	0.0000	0.0000	
01/08/2017	03:10:11	019001	H340188935GLR	L340	S		589.5626	1.0311	0.0000	99.9390	39.6266	0.8230	0.8266	5.0000	17.1818	676.4849	94.8843	4.1499	25.3000	0.9300	0.0000	0.6556	-0.0097	675.0000	677.4476	1.0285	1.5305	100.0094	39.1977	0.8230	0.8203	5.0000	-9999.0000	-9999.0000	-9999.0000	-9999.0000	-9999.0000	-9999.0000	17.9523	8	0	24.9424	1.0000	99	9	-9999.0000	44235	20605	-9999	1255	1223	-9999	416.3284	5	0.6141	0.6556	-0.0097	77.6798	3.7444	676.1433	377.3078	35.9722	598.5911	95.7176	654.8897	94.9537	673.9815	94.9306	0.0000	0.0000	
01/08/2017	03:10:37	019001	H340188968GLR	L340	S		586.1074	1.0311	0.0000	99.9512	39.6271	0.8230	0.8265	5.0000	17.2217	676.9570	95.0463	4.1509	25.3000	0.9300	0.0000	0.6553	-0.0097	675.0000	678.0045	1.0285	1.4191	99.9797	39.2000	0.8230	0.8203	5.0000	-9999.0000	-9999.0000	-9999.0000	-9999.0000	-9999.0000	-9999.0000	18.0424	1	0	25.5433	1.0000	99	9	-9999.0000	44236	20606	-9999	1256	1224	-9999	416.6009	5	0.6140	0.6553	-0.0097	73.8591	4.5999	676.6083	386.0568	37.0602	601.2587	95.6713	655.5305	95.1852	674.5716	95.0926	0.0000	0.0000	
01/08/2017	03:11:02	019001	H340188960GLR	L340	S		585.9023	1.0311	0.0000	100.0105	39.6118	0.8230	0.8265	5.0000	17.4221	678.5915	95.0694	4.1509	25.3000	0.9300	0.0000	0.6556	-0.0097	675.0000	678.3010	1.0285	1.3598	99.8625	39.1982	0.8230	0.8202	5.0000	-9999.0000	-9999.0000	-9999.0000	-9999.0000	-9999.0000	-9999.0000	18.1321	2	0	25.0030	1.0000	99	9	-9999.0000	44237	20607	-9999	1256	1225	-9999	417.6066	5	0.6141	0.6556	-0.0097	76.1003	4.0816	678.2560	390.4519	38.4954	606.0014	95.5093	656.5190	95.2546	676.2277	95.0926	0.0000	0.0000	
01/08/2017	03:11:27	019001	H340188941GLR	L340	S		587.5100	1.0311	0.0000	99.9946	39.6301	0.8230	0.8265	5.0000	17.2324	678.2049	95.2083	4.1499	25.3000	0.9300	0.0000	0.6552	-0.0097	675.0000	677.9925	1.0285	1.4215	99.9493	39.1997	0.8230	0.8202	5.0000	-9999.0000	-9999.0000	-9999.0000	-9999.0000	-9999.0000	-9999.0000	18.0521	3	0	25.5832	1.0000	99	9	-9999.0000	44238	20608	-9999	1257	1226	-9999	417.3257	5	0.6140	0.6552	-0.0097	72.5322	4.8446	677.8746	397.4927	39.4444	605.1061	95.3241	656.3530	95.4398	675.8391	95.2546	0.0000	0.0000	
01/08/2017	03:11:52	019001	H340188944GLR	L340	S		590.6471	1.0311	0.0000	99.9277	39.6313	0.8230	0.8265	5.0000	17.2618	677.3791	95.0231	4.1509	25.3000	0.9300	0.0000	0.6535	-0.0092	675.0000	678.2521	1.0285	1.3696	100.0648	39.1977	0.8230	0.8202	5.0000	-9999.0000	-9999.0000	-9999.0000	-9999.0000	-9999.0000	-9999.0000	18.0918	4	0	24.9931	1.0000	99	9	-9999.0000	44239	20609	-9999	1258	1227	-9999	416.7839	5	0.6141	0.6535	-0.0092	70.5747	5.2507	677.0338	391.9857	38.4028	606.3490	95.3935	657.0465	95.2315	675.0160	95.0694	0.0000	0.0000	
01/08/2017	03:12:18	019001	H340188943GLR	L340	S		588.9996	1.0311	0.0000	99.9568	39.6329	0.8230	0.8265	5.0000	17.2423	677.5254	94.8380	4.1509	25.3000	0.9300	0.0000	0.6530	-0.0091	675.0000	678.3195	1.0285	1.3561	99.9999	39.1990	0.8230	0.8202	5.0000	-9999.0000	-9999.0000	-9999.0000	-9999.0000	-9999.0000	-9999.0000	18.1917	5	0	25.5334	1.0000	99	9	-9999.0000	44240	20610	-9999	1259	1228	-9999	416.8282	5	0.6141	0.6530	-0.0091	67.2049	5.9673	677.1777	385.2078	37.7546	603.5604	95.3704	656.2791	94.9074	675.0984	94.8611	0.0000	0.0000	
01/08/2017	03:12:43	019001	H340188971GLR	L340	S		592.7117	1.0311	0.0000	100.0203	39.6334	0.8230	0.8264	5.0000	17.4416	678.9350	94.6991	4.1499	25.3000	0.9300	0.0000	0.6530	-0.0091	675.0000	679.3273	1.0285	1.1545	100.0523	39.2000	0.8230	0.8203	5.0000	-9999.0000	-9999.0000	-9999.0000	-9999.0000	-9999.0000	-9999.0000	17.9426	6	0	25.0432	1.0000	99	9	-9999.0000	44241	20611	-9999	1260	1229	-9999	417.6937	5	0.6141	0.6530	-0.0091	69.3754	5.4816	678.5854	381.0684	38.7037	603.1299	95.2778	658.7690	94.7917	676.4538	94.7222	0.0000	0.0000	
01/08/2017	03:13:09	019001	H340188945GLR	L340	S		584.9939	1.0311	0.0000	99.9632	39.6285	0.8230	0.8266	5.0000	17.1319	675.3186	94.8843	4.2700	25.3000	0.9300	0.9422	0.6525	-0.0090	675.0000	676.6031	1.0285	1.6994	100.0036	39.2000	0.8230	0.8202	5.0000	-9999.0000	-9999.0000	-9999.0000	-9999.0000	-9999.0000	-9999.0000	18.1319	7	0	25.6331	1.0000	99	9	-9999.0000	44242	20611	-9999	1261	1230	-9999	414.7396	5	0.6141	0.6525	-0.0090	60.0360	7.5702	672.8711	395.0741	37.9167	600.6786	95.5324	653.1027	94.9769	670.8970	94.8843	625.9327	14.6296	
01/08/2017	03:13:34	019001	H340188947GLR	L340	S		590.7225	1.0311	0.0000	99.9983	39.6354	0.8230	0.8264	5.0000	17.2822	676.6191	94.9769	4.1499	25.3000	0.9300	0.0000	0.6546	-0.0095	675.0000	677.9082	1.0285	1.4384	100.0783	39.2000	0.8230	0.8202	5.0000	-9999.0000	-9999.0000	-9999.0000	-9999.0000	-9999.0000	-9999.0000	18.0724	8	0	24.9727	1.0000	99	9	-9999.0000	44243	20612	-9999	1262	1231	-9999	416.2186	5	0.6141	0.6546	-0.0095	52.9204	9.2077	676.2682	395.3990	38.7500	601.5620	95.4630	655.2750	95.0694	674.0487	94.9769	0.0000	0.0000	
01/08/2017	03:13:59	019001	H340188975GLR	L340	S		591.2082	1.0311	0.0000	99.9114	39.6340	0.8230	0.8265	5.0000	17.2823	678.9624	94.9769	4.1509	25.3000	0.9300	0.0000	0.6539	-0.0094	675.0000	678.9605	1.0285	1.2279	99.9757	39.2029	0.8230	0.8202	5.0000	-9999.0000	-9999.0000	-9999.0000	-9999.0000	-9999.0000	-9999.0000	18.1125	1	0	25.5832	1.0000	99	9	-9999.0000	44244	20613	-9999	1263	1232	-9999	417.5987	5	0.6140	0.6539	-0.0094	52.2652	9.3542	678.6109	388.2327	37.0602	605.9717	95.5787	658.2535	95.0463	676.6110	95.0000	0.0000	0.0000	
01/08/2017	03:14:24	019001	H340188976GLR	L340	S		581.3657	1.0311	0.0000	99.9849	39.6317	0.8230	0.8265	5.0000	17.2922	675.2899	95.0694	4.4800	25.4000	0.9300	0.9423	0.6547	-0.0096	675.0000	673.8351	1.0285	2.2530	100.0032	39.2000	0.8230	0.8203	5.0000	-9999.0000	-9999.0000	-9999.0000	-9999.0000	-9999.0000	-9999.0000	18.0423	2	0	24.9628	1.0000	99	9	-9999.0000	44245	20614	-9999	1264	1233	-9999	413.2486	5	0.6141	0.6547	-0.0096	53.3188	9.0873	669.1737	377.3795	37.7546	592.4227	95.6481	649.9593	95.2083	667.2095	95.1389	677.1694	27.1528	
01/08/2017	03:14:53	019001	H340187609GLR	L340	S		564.8556	1.0311	0.0000	99.9776	39.6208	0.8230	0.8265	5.0000	17.3819	675.1919	94.9769	5.1500	25.4000	0.9300	0.9423	0.6541	-0.0095	675.0000	672.7712	1.0285	2.4658	99.9377	39.2000	0.8230	0.8202	5.0000	-9999.0000	-9999.0000	-9999.0000	-9999.0000	-9999.0000	-9999.0000	19.3217	3	0	28.6636	1.0000	99	9	-9999.0000	44246	20615	-9999	1265	1234	-9999	408.8718	5	0.6140	0.6541	-0.0095	50.0450	9.8153	659.6744	395.3523	38.9352	587.8983	95.6481	639.8632	95.1389	657.9875	95.0694	673.0516	94.9769	
01/08/2017	03:15:18	019001	H340187637GLR	L340	S		582.7126	1.0311	0.0000	99.9736	39.6348	0.8230	0.8267	5.0000	17.2120	675.1443	95.0463	4.8307	25.4000	0.9300	0.9423	0.6532	-0.0093	675.0000	672.8455	1.0285	2.4509	99.9396	39.2117	0.8230	0.8203	5.0000	-9999.0000	-9999.0000	-9999.0000	-9999.0000	-9999.0000	-9999.0000	18.0821	4	0	25.0228	1.0000	99	9	-9999.0000	44247	20616	-9999	1266	1235	-9999	410.9095	5	0.6141	0.6532	-0.0093	47.1433	10.4721	664.6096	382.8252	38.6806	593.5715	95.4630	646.9729	95.1852	662.8778	95.1620	677.7903	88.1944	
01/08/2017	03:15:43	019001	H340187586GLR	L340	S		578.1403	1.0311	0.0000	100.0217	39.6362	0.8230	0.8265	5.0000	17.2923	675.1770	95.0231	4.7301	25.4000	0.9300	0.9423	0.6544	-0.0096	675.0000	672.6069	1.0285	2.4986	100.0085	39.2138	0.8230	0.8200	5.0000	-9999.0000	-9999.0000	-9999.0000	-9999.0000	-9999.0000	-9999.0000	18.2132	5	0	25.5732	1.0000	99	9	-9999.0000	44248	20617	-9999	1267	1236	-9999	411.4412	5	0.6141	0.6544	-0.0096	47.6658	10.3542	666.1349	376.3159	37.3148	590.0054	95.6713	645.9579	95.0463	664.3061	95.0694	679.2487	65.1389	
01/08/2017	03:16:08	019001	H340187679GLR	L340	S		583.1672	1.0311	0.0000	100.0034	39.6223	0.8230	0.8265	5.0000	17.3518	675.1781	94.9769	4.7701	25.4000	0.9300	0.9422	0.6519	-0.0090	675.0000	673.1647	1.0285	2.3871	99.9449	39.1903	0.8230	0.8201	5.0000	-9999.0000	-9999.0000	-9999.0000	-9999.0000	-9999.0000	-9999.0000	18.0616	6	0	24.9631	1.0000	99	9	-9999.0000	44249	20618	-9999	1268	1237	-9999	411.4398	5	0.6140	0.6519	-0.0090	48.9414	10.0498	665.1255	381.7161	38.0556	593.4123	95.6019	646.4215	95.0694	663.1136	95.0463	678.8336	73.3102	
01/08/2017	03:16:34	019001	H340187675GLR	L340	S		582.0043	1.0311	0.0000	99.9759	39.6415	0.8230	0.8260	5.0000	18.7014	675.2120	94.9537	4.8707	25.4000	0.9300	0.9422	0.6458	-0.0075	675.0000	673.2684	1.0285	2.3663	100.0089	39.1969	0.8230	0.8203	5.0000	-9999.0000	-9999.0000	-9999.0000	-9999.0000	-9999.0000	-9999.0000	18.1516	7	0	25.5830	1.0000	99	9	-9999.0000	44250	20619	-9999	1269	1238	-9999	411.5140	5	0.6139	0.6458	-0.0075	27.8016	15.0757	665.1509	383.1662	37.3380	596.3303	95.7407	648.3333	95.0231	663.4602	95.0231	677.1714	94.3287	
01/08/2017	03:16:59	019001	H340187671GLR	L340	S		579.2064	1.0311	0.0000	99.9945	39.6240	0.8230	0.8265	5.0000	17.3223	675.1715	94.9537	5.1012	25.4000	0.9300	0.9422	0.6435	-0.0070	675.0000	673.7147	1.0285	2.2771	99.9057	39.1991	0.8230	0.8201	5.0000	-9999.0000	-9999.0000	-9999.0000	-9999.0000	-9999.0000	-9999.0000	18.5619	8	0	24.9630	1.0000	99	9	-9999.0000	44251	20620	-9999	1270	1239	-9999	410.6479	5	0.6139	0.6435	-0.0070	69.8595	5.1200	662.3623	401.0498	39.2824	597.2995	95.5093	645.7367	95.0694	660.8008	95.0463	674.0469	94.9769	
01/08/2017	03:17:24	019001	H340187667GLR	L340	S		574.7568	1.0311	0.0000	100.0049	39.6500	0.8230	0.8264	5.0000	17.4330	675.1930	94.9537	5.2301	25.4000	0.9300	0.9423	0.6413	-0.0064	675.0000	673.4838	1.0285	2.3232	100.0502	39.2050	0.8230	0.8200	5.0000	-9999.0000	-9999.0000	-9999.0000	-9999.0000	-9999.0000	-9999.0000	19.0326	1	0	25.5930	1.0000	99	9	-9999.0000	44252	20621	-9999	1271	1240	-9999	410.4582	5	0.6139	0.6413	-0.0064	68.4815	5.4399	661.6634	400.7722	36.9676	598.7247	95.8796	645.9476	95.1852	660.0511	95.1389	672.6799	94.9769	
01/08/2017	03:17:49	019001	H340187661GLR	L340	S		575.6806	1.0311	0.0000	100.0691	39.5947	0.8230	0.8264	5.0000	17.2824	675.1677	94.9769	5.1813	25.4000	0.9300	0.9422	0.6408	-0.0063	675.0000	674.0427	1.0285	2.2115	100.1141	39.2074	0.8230	0.8203	5.0000	-9999.0000	-9999.0000	-9999.0000	-9999.0000	-9999.0000	-9999.0000	18.0155	2	0	24.9737	1.0000	99	9	-9999.0000	44253	20622	-9999	1272	1241	-9999	410.7601	5	0.6138	0.6408	-0.0063	83.9573	1.7426	662.7451	397.8613	39.3287	599.4612	95.5556	647.3165	95.0694	661.3193	95.0231	673.1143	94.9769	
01/08/2017	03:18:17	019001	H340187657GLR	L340	S		574.4108	1.0311	0.0000	100.0390	39.5948	0.8230	0.8265	5.0000	17.4417	675.1766	95.0000	5.4216	25.3000	0.9300	0.9423	0.6398	-0.0060	675.0000	673.2218	1.0285	2.3756	99.9929	39.2199	0.8230	0.8202	5.0000	-9999.0000	-9999.0000	-9999.0000	-9999.0000	-9999.0000	-9999.0000	18.0715	3	0	27.2826	1.0000	99	9	-9999.0000	44254	20623	-9999	1273	1242	-9999	409.9845	5	0.6137	0.6398	-0.0060	86.5761	1.1565	660.3383	388.4328	37.1296	598.9473	95.7870	646.0211	95.0694	658.9603	95.0694	670.4930	95.0000	
01/08/2017	03:18:42	019001	H340187663GLR	L340	S		575.7419	1.0311	0.0000	99.9856	39.6219	0.8230	0.8266	5.0000	17.2316	675.1510	94.8611	5.4606	25.3000	0.9300	0.9423	0.6394	-0.0059	675.0000	674.2551	1.0285	2.1690	100.0678	39.1991	0.8230	0.8201	5.0000	-9999.0000	-9999.0000	-9999.0000	-9999.0000	-9999.0000	-9999.0000	18.2121	4	0	25.0031	1.0000	99	9	-9999.0000	44255	20624	-9999	1274	1243	-9999	409.9236	5	0.6136	0.6394	-0.0059	77.5676	3.3191	662.7762	404.6552	37.5926	603.4116	95.6944	646.5890	95.6250	661.4378	95.4861	671.1267	94.8611	
01/08/2017	03:19:07	019001	H340187651GLR	L340	S		574.7243	1.0311	0.0000	100.0244	39.6388	0.8230	0.8265	5.0000	17.4622	675.1909	94.9537	5.5905	25.3000	0.9300	0.9423	0.6382	-0.0056	675.0000	673.6248	1.0285	2.2950	100.0363	39.2074	0.8230	0.8201	5.0000	-9999.0000	-9999.0000	-9999.0000	-9999.0000	-9999.0000	-9999.0000	18.1017	5	0	25.6037	1.0000	99	9	-9999.0000	44256	20625	-9999	1275	1244	-9999	409.6847	5	0.6134	0.6382	-0.0056	72.0723	4.6410	659.1429	398.6202	39.0046	600.3784	95.5556	644.0910	95.0926	657.6531	95.0694	668.9837	95.0000	
01/08/2017	03:19:32	019001	H340187645GLR	L340	S		583.2028	1.0311	0.0000	99.9877	39.6328	0.8230	0.8265	5.0000	17.1321	675.1718	94.9769	4.9108	25.3000	0.9300	0.9422	0.6374	-0.0055	675.0000	675.1622	1.0285	1.9876	100.0510	39.2000	0.8230	0.8203	5.0000	-9999.0000	-9999.0000	-9999.0000	-9999.0000	-9999.0000	-9999.0000	17.9514	6	0	24.9630	1.0000	99	9	-9999.0000	44257	20626	-9999	1276	1244	-9999	412.3844	5	0.6133	0.6374	-0.0055	68.8101	5.3619	666.2251	397.7893	36.9213	605.0671	95.5556	651.4906	95.0694	664.5756	95.1157	676.2472	94.8843	
01/08/2017	03:19:58	019001	H340187640GLR	L340	S		565.8228	1.0311	0.0000	100.0011	39.6033	0.8230	0.8265	5.0000	17.2812	675.1394	94.9769	6.3103	25.3000	0.9300	0.9423	0.6365	-0.0052	675.0000	673.5107	1.0285	2.3179	100.0057	39.2074	0.8230	0.8202	5.0000	-9999.0000	-9999.0000	-9999.0000	-9999.0000	-9999.0000	-9999.0000	18.1711	7	0	25.5832	1.0000	99	9	-9999.0000	44258	20627	-9999	1277	1245	-9999	407.5217	5	0.6132	0.6365	-0.0052	66.2954	5.8917	650.6952	383.7397	38.4491	587.5116	95.6481	637.1167	95.0926	649.1884	95.0463	660.3872	94.9537	
01/08/2017	03:20:23	019001	H340187634GLR	L340	S		564.8810	1.0311	0.0000	99.9732	39.5960	0.8230	0.8266	5.0000	17.2734	675.1719	94.9537	7.3808	25.3000	0.9300	0.9423	0.6360	-0.0051	675.0000	670.4012	1.0285	2.9398	100.0765	39.2000	0.8230	0.8203	5.0000	-9999.0000	-9999.0000	-9999.0000	-9999.0000	-9999.0000	-9999.0000	18.0421	8	0	25.0128	1.0000	99	9	-9999.0000	44259	20628	-9999	1278	1245	-9999	403.9326	5	0.6129	0.6360	-0.0051	65.3853	6.0278	641.5126	386.7296	36.7593	586.5554	95.9028	627.8440	95.3009	640.1117	95.3241	650.2953	95.0694	
01/08/2017	03:20:48	019001	H340188770GLR	L340	S		581.7277	1.0311	0.0000	100.0419	39.6423	0.8230	0.8266	5.0000	17.1111	675.3743	95.0000	4.1509	25.3000	0.9300	0.0000	0.6351	-0.0049	675.0000	675.7505	1.0285	1.8699	99.9170	39.2114	0.8230	0.8201	5.0000	-9999.0000	-9999.0000	-9999.0000	-9999.0000	-9999.0000	-9999.0000	18.2825	1	0	25.6232	1.0000	99	9	-9999.0000	44260	20629	-9999	1279	1246	-9999	415.1668	5	0.6127	0.6351	-0.0049	65.7159	5.9663	675.1661	391.7860	38.4028	613.4591	95.1389	660.5507	95.0231	673.8578	95.0000	0.0000	0.0000	
01/08/2017	03:21:13	019001	H340188758GLR	L340	S		578.3605	1.0311	0.0000	100.1128	39.6320	0.8230	0.8265	5.0000	17.1319	675.2116	94.9537	4.1606	25.3000	0.9300	0.9421	0.6352	-0.0050	675.0000	674.7822	1.0285	2.0636	99.9601	39.2064	0.8230	0.8202	5.0000	-9999.0000	-9999.0000	-9999.0000	-9999.0000	-9999.0000	-9999.0000	18.0225	2	0	24.9534	1.0000	99	9	-9999.0000	44261	20630	-9999	1280	1247	-9999	415.1022	5	0.6125	0.6352	-0.0050	65.1481	6.0167	674.8567	401.7637	37.5694	613.8506	95.5324	659.7902	95.0463	673.4746	94.9769	0.0000	0.0000	
01/08/2017	03:21:39	019001	H340188748GLR	L340	S		578.3767	1.0311	0.0000	99.8955	39.6000	0.8230	0.8264	5.0000	17.3018	676.1581	95.1157	4.1509	25.3000	0.9300	0.0000	0.6343	-0.0048	675.0000	675.6415	1.0285	1.8917	99.9217	39.2137	0.8230	0.8202	5.0000	-9999.0000	-9999.0000	-9999.0000	-9999.0000	-9999.0000	-9999.0000	18.0724	3	0	25.5723	1.0000	99	9	-9999.0000	44262	20631	-9999	1281	1248	-9999	415.6063	5	0.6122	0.6343	-0.0048	61.4021	6.8469	675.9431	387.8225	38.3102	610.5681	95.1620	661.0206	95.2778	674.5457	95.1620	0.0000	0.0000	
01/08/2017	03:22:04	019001	H340188769GLR	L340	S		581.9647	1.0311	0.0000	100.0545	39.5987	0.8230	0.8265	5.0000	17.3116	677.2505	94.9769	4.1499	25.3000	0.9300	0.0000	0.6340	-0.0047	675.0000	675.8457	1.0285	1.8509	99.9812	39.2064	0.8230	0.8202	5.0000	-9999.0000	-9999.0000	-9999.0000	-9999.0000	-9999.0000	-9999.0000	18.1723	4	0	24.9534	1.0000	99	9	-9999.0000	44263	20632	-9999	1282	1249	-9999	416.2318	5	0.6118	0.6340	-0.0047	64.9315	6.0332	677.0253	387.6840	36.8287	613.7591	95.4167	662.2655	95.0926	675.5661	95.0000	0.0000	0.0000	
01/08/2017	03:22:30	019001	H340188776GLR	L340	S		588.1817	1.0311	0.0000	100.0186	39.6385	0.8230	0.8265	5.0000	17.3820	682.0347	94.9306	4.1509	25.3000	0.9300	0.0000	0.6338	-0.0047	675.0000	679.2642	1.0285	1.1672	99.9900	39.2135	0.8230	0.8202	5.0000	-9999.0000	-9999.0000	-9999.0000	-9999.0000	-9999.0000	-9999.0000	18.1916	5	0	25.5930	1.0000	99	9	-9999.0000	44264	20633	-9999	1283	1250	-9999	419.1449	5	0.6118	0.6338	-0.0047	65.0633	6.0059	681.8174	389.1828	36.8056	617.5096	95.3704	667.1464	95.1620	680.6397	94.9537	0.0000	0.0000	
01/08/2017	03:22:55	019001	H340188766GLR	L340	S		591.7033	1.0311	0.0000	99.9897	39.6400	0.8230	0.8265	5.0000	17.2823	687.4790	94.9537	4.1509	25.3000	0.9300	0.0000	0.6342	-0.0047	675.0000	681.9542	1.0285	0.6292	99.9785	39.2064	0.8230	0.8202	5.0000	-9999.0000	-9999.0000	-9999.0000	-9999.0000	-9999.0000	-9999.0000	18.1017	6	0	25.0028	1.0000	99	9	-9999.0000	44265	20634	-9999	1283	1251	-9999	422.5701	5	0.6119	0.6342	-0.0047	65.6415	5.8942	687.2464	402.6199	39.0741	624.7192	94.8148	671.9389	95.2083	685.8362	94.9769	0.0000	0.0000	
01/08/2017	03:23:20	019001	H340188746GLR	L340	S		591.3220	1.0311	0.0000	99.9936	39.6365	0.8230	0.8265	5.0000	17.2123	689.0592	94.7685	4.1499	25.3000	0.9300	0.0000	0.6346	-0.0048	675.0000	683.1121	1.0285	0.3976	99.9103	39.2106	0.8230	0.8201	5.0000	-9999.0000	-9999.0000	-9999.0000	-9999.0000	-9999.0000	-9999.0000	18.1624	7	2	25.6038	1.0000	99	9	-9999.0000	44266	20635	-9999	1284	1252	-9999	423.5818	5	0.6119	0.6346	-0.0048	67.4390	5.6114	688.8198	383.5776	38.4722	621.1700	95.1389	674.0920	94.8843	687.3708	94.7917	0.0000	0.0000	
01/08/2017	03:23:45	019001	H340188755GLR	L340	S		596.0084	1.0311	0.0000	99.9915	39.6270	0.8230	0.8266	5.0000	17.3821	691.6208	94.8611	4.1499	25.3000	0.9300	0.0000	0.6346	-0.0048	675.0000	685.1442	1.0285	-0.0088	99.9177	39.2096	0.8230	0.8201	5.0000	-9999.0000	-9999.0000	-9999.0000	-9999.0000	-9999.0000	-9999.0000	18.1731	8	2	24.9327	1.0000	99	9	-9999.0000	44267	20636	-9999	1284	1253	-9999	425.1502	5	0.6119	0.6346	-0.0048	66.9948	5.6871	691.4134	383.3799	35.7870	625.2435	95.3241	676.1660	95.0463	690.1360	94.8843	0.0000	0.0000	
01/08/2017	03:24:11	019001	H340188742GLR	L340	S		588.6678	1.0311	0.0000	100.0787	39.6270	0.8230	0.8264	5.0000	17.4719	680.4961	95.0926	4.1509	25.3000	0.9300	0.0000	0.6350	-0.0049	675.0000	677.7117	1.0285	1.4777	100.0369	39.2193	0.8230	0.8201	5.0000	-9999.0000	-9999.0000	-9999.0000	-9999.0000	-9999.0000	-9999.0000	18.2023	1	0	25.6028	1.0000	99	9	-9999.0000	44268	20637	-9999	1285	1254	-9999	418.3890	5	0.6120	0.6350	-0.0049	67.2994	5.6433	680.2515	405.7644	38.0324	621.8967	95.2083	664.7909	95.3241	678.8054	95.1389	0.0000	0.0000	
01/08/2017	03:24:36	019001	H340188745GLR	L340	S		591.7804	1.0311	0.0000	99.9625	39.6344	0.8230	0.8264	5.0000	17.4318	680.4214	94.9537	4.1509	25.3000	0.9300	0.0000	0.6352	-0.0049	675.0000	678.2963	1.0285	1.3607	99.9817	39.2181	0.8230	0.8202	5.0000	-9999.0000	-9999.0000	-9999.0000	-9999.0000	-9999.0000	-9999.0000	18.0226	2	0	24.9935	1.0000	99	9	-9999.0000	44269	20638	-9999	1286	1255	-9999	418.3619	5	0.6122	0.6352	-0.0049	68.0322	5.4815	680.1809	383.5913	37.4769	616.5439	95.2083	665.6217	95.1852	678.8581	95.0000	0.0000	0.0000	
01/08/2017	03:25:01	019001	H340188732GLR	L340	S		589.1965	1.0311	0.0000	99.9749	39.6495	0.8230	0.8262	5.0000	18.1223	680.5624	95.0463	4.1509	25.3000	0.9300	0.0000	0.6353	-0.0049	675.0000	677.4176	1.0285	1.5365	99.9744	39.2217	0.8230	0.8201	5.0000	-9999.0000	-9999.0000	-9999.0000	-9999.0000	-9999.0000	-9999.0000	18.2523	3	0	25.6426	1.0000	99	9	-9999.0000	44270	20639	-9999	1287	1256	-9999	418.4658	5	0.6123	0.6353	-0.0049	67.9629	5.4940	680.3429	389.6166	36.8750	614.8757	95.2315	664.9598	95.3241	678.9824	95.0926	0.0000	0.0000	
01/08/2017	03:25:26	019001	H340188898GLR	L340	S		594.5198	1.0311	0.0000	100.0674	39.6353	0.8230	0.8266	5.0000	17.1124	680.3377	94.8843	4.1509	25.3000	0.9300	0.0000	0.6349	-0.0049	675.0000	679.7545	1.0285	1.0691	100.0450	39.2197	0.8230	0.8201	5.0000	-9999.0000	-9999.0000	-9999.0000	-9999.0000	-9999.0000	-9999.0000	18.2713	4	0	24.9932	1.0000	99	9	-9999.0000	44271	20640	-9999	1288	1257	-9999	418.2714	5	0.6124	0.6349	-0.0049	67.2249	5.6256	680.0960	378.5583	37.4537	617.2070	95.3009	665.2833	94.9537	678.6382	94.8843	0.0000	0.0000	
01/08/2017	03:25:52	019001	H340188918GLR	L340	S		591.2410	1.0311	0.0000	100.0694	39.6433	0.8230	0.8265	5.0000	17.2325	678.5260	95.0926	4.1509	25.3000	0.9300	0.0000	0.6347	-0.0048	675.0000	678.0420	1.0285	1.4116	99.9521	39.2243	0.8230	0.8202	5.0000	-9999.0000	-9999.0000	-9999.0000	-9999.0000	-9999.0000	-9999.0000	18.1418	5	0	25.5637	1.0000	99	9	-9999.0000	44272	20640	-9999	1289	1258	-9999	417.1334	5	0.6125	0.6347	-0.0048	66.8513	5.6896	678.2789	383.5103	35.9491	613.9704	95.4167	663.5002	95.3241	676.8018	95.1157	0.0000	0.0000	
01/08/2017	03:26:05	019001	H421189180GLR	L340	S		0.0000	0.0000	0.0000	0.0000	0.0000	0.8230	0.0000	0.0000	0.0000	0.0000	0.0000	0.0000	0.0000	0.9300	0.0000	0.0000	0.0000	0.0000	0.0000	0.0000	0.0000	0.0000	0.0000	0.8230	0.0000	0.0000	0.0000	0.0000	0.0000	0.0000	0.0000	0.0000	0.0000	0	27	25.5637	1.0000	99	9	0.0000	0	0	0	0	0	0	0.0000	0	0.0000	0.0000	0.0000	0.0000	0.0000	0.0000	0.0000	0.0000	0.0000	0.0000	0.0000	0.0000	0.0000	0.0000	0.0000	0.0000	
01/08/2017	03:26:17	019001	H340188907GLR	L340	S		595.8766	1.0311	0.0000	100.1034	39.6337	0.8230	0.8265	5.0000	17.0821	680.5641	94.9769	4.1499	25.3000	0.9300	0.0000	0.6364	-0.0051	675.0000	678.9833	1.0285	1.2233	100.0480	39.2206	0.8230	0.8201	5.0000	-9999.0000	-9999.0000	-9999.0000	-9999.0000	-9999.0000	-9999.0000	18.3029	6	0	24.9631	1.0000	99	9	-9999.0000	44273	20641	-9999	1290	1259	-9999	418.6613	5	0.6125	0.6364	-0.0051	66.6323	5.7272	680.3512	385.6663	35.9954	617.5258	95.2778	665.6457	95.2083	679.0042	95.0000	0.0000	0.0000	
01/08/2017	03:26:42	019001	H340188880GLR	L340	S		592.4836	1.0311	0.0000	99.9986	39.6330	0.8230	0.8265	5.0000	17.1516	679.7023	94.7685	4.1509	25.3000	0.9300	0.0000	0.6381	-0.0055	675.0000	678.4385	1.0285	1.3323	99.9772	39.2219	0.8230	0.8202	5.0000	-9999.0000	-9999.0000	-9999.0000	-9999.0000	-9999.0000	-9999.0000	18.0725	7	0	25.5625	1.0000	99	9	-9999.0000	44274	20641	-9999	1291	1260	-9999	418.3249	5	0.6126	0.6381	-0.0055	66.3227	5.7938	679.4663	383.2622	36.2037	612.7011	95.5324	664.3430	94.8843	677.9513	94.7917	0.0000	0.0000	
01/08/2017	03:27:07	019001	H340188901GLR	L340	S		591.3515	1.0311	0.0000	99.9137	39.6288	0.8230	0.8265	5.0000	17.1416	676.5306	95.0231	4.1509	25.3000	0.9300	0.0000	0.6387	-0.0056	675.0000	675.9901	1.0285	1.8220	100.0246	39.2235	0.8230	0.8202	5.0000	-9999.0000	-9999.0000	-9999.0000	-9999.0000	-9999.0000	-9999.0000	18.1222	8	0	24.9533	1.0000	99	9	-9999.0000	44275	20642	-9999	1292	1261	-9999	416.4525	5	0.6127	0.6387	-0.0056	66.1068	5.8303	676.2920	396.0311	38.3796	610.8242	95.1852	660.1736	95.3009	674.8024	95.0463	0.0000	0.0000	
01/08/2017	03:27:33	019001	H340188891GLR	L340	S		590.7069	1.0311	0.0000	99.9731	39.6402	0.8230	0.8265	5.0000	17.2316	678.3049	94.9306	4.1499	25.3000	0.9300	0.0000	0.6384	-0.0055	675.0000	676.8800	1.0285	1.6440	100.0643	39.2207	0.8230	0.8201	5.0000	-9999.0000	-9999.0000	-9999.0000	-9999.0000	-9999.0000	-9999.0000	18.2014	1	0	25.5432	1.0000	99	9	-9999.0000	44276	20643	-9999	1293	1262	-9999	417.5165	5	0.6127	0.6384	-0.0055	65.1012	6.0178	678.0738	389.2547	38.6111	612.6139	95.2083	662.4602	95.0231	676.7112	94.9537	0.0000	0.0000	
01/08/2017	03:27:58	019001	H340188913GLR	L340	S		591.7819	1.0311	0.0000	100.0451	39.6387	0.8230	0.8264	5.0000	17.3615	679.1001	95.0000	4.1499	25.3000	0.9300	0.0000	0.6403	-0.0059	675.0000	677.3520	1.0285	1.5496	99.9748	39.2221	0.8230	0.8202	5.0000	-9999.0000	-9999.0000	-9999.0000	-9999.0000	-9999.0000	-9999.0000	18.1126	2	0	24.9422	1.0000	99	9	-9999.0000	44277	20644	-9999	1294	1263	-9999	418.2912	5	0.6128	0.6403	-0.0059	64.4603	6.1300	678.8188	387.4775	38.7037	603.2298	95.2083	662.0627	95.1389	677.0997	95.0463	0.0000	0.0000	
01/08/2017	03:28:23	019001	H340188910GLR	L340	S		594.0410	1.0311	0.0000	100.0347	39.6332	0.8230	0.8265	5.0000	17.1319	676.6620	94.7917	4.1499	25.3000	0.9300	0.0000	0.6411	-0.0061	675.0000	677.1400	1.0285	1.5920	100.0774	39.2232	0.8230	0.8201	5.0000	-9999.0000	-9999.0000	-9999.0000	-9999.0000	-9999.0000	-9999.0000	18.2628	3	0	25.5637	1.0000	99	9	-9999.0000	44278	20645	-9999	1295	1264	-9999	416.8948	5	0.6129	0.6411	-0.0061	64.0512	6.2221	676.4011	398.6456	38.5185	613.6755	95.2778	661.6276	94.8843	674.8585	94.8148	0.0000	0.0000	
01/08/2017	03:28:48	019001	H340188922GLR	L340	S		587.6328	1.0311	0.0000	99.9548	39.6290	0.8230	0.8265	5.0000	17.1524	675.2552	95.1157	4.1607	25.3000	0.9300	0.9422	0.6413	-0.0061	675.0000	675.7307	1.0285	1.8739	99.9858	39.2236	0.8230	0.8202	5.0000	-9999.0000	-9999.0000	-9999.0000	-9999.0000	-9999.0000	-9999.0000	18.1526	4	0	24.9728	1.0000	99	9	-9999.0000	44279	20646	-9999	1296	1265	-9999	416.0659	5	0.6130	0.6413	-0.0061	62.6170	6.4589	674.8596	395.8407	39.4444	609.4743	95.2083	658.3122	95.3704	673.2462	95.1389	0.0000	0.0000	
01/08/2017	03:29:14	019001	H421189180GLR	L340	S		594.3654	1.0311	0.0000	100.0113	39.6391	0.8230	0.8265	5.0000	17.2120	677.2421	94.9074	4.1509	25.3000	0.9300	0.0000	0.6412	-0.0060	675.0000	677.8427	1.0285	1.4515	99.9789	39.2237	0.8230	0.8201	5.0000	-9999.0000	-9999.0000	-9999.0000	-9999.0000	-9999.0000	-9999.0000	18.2825	5	27	25.5931	1.0000	99	9	-9999.0000	44280	20647	-9999	1297	1266	-9999	417.3412	5	0.6133	0.6412	-0.0060	62.2859	6.4614	677.0013	376.3690	38.4722	606.7227	95.0694	661.5123	94.9769	675.5221	94.9074	0.0000	0.0000	
01/08/2017	03:29:39	019001	H340188924GLR	L340	S		591.3454	1.0311	0.0000	99.8592	39.6361	0.8230	0.8264	5.0000	17.3722	677.4987	94.9769	4.1509	25.3000	0.9300	0.0000	0.6418	-0.0061	675.0000	677.2821	1.0285	1.5636	100.0191	39.2242	0.8230	0.8202	5.0000	-9999.0000	-9999.0000	-9999.0000	-9999.0000	-9999.0000	-9999.0000	18.1624	6	0	24.9231	1.0000	99	9	-9999.0000	44281	20648	-9999	1298	1267	-9999	417.6558	5	0.6135	0.6418	-0.0061	61.1274	6.7048	677.2608	378.6222	36.1574	609.2648	95.4167	661.0190	95.1620	675.8543	95.0000	0.0000	0.0000	
01/08/2017	03:30:04	019001	H340188929GLR	L340	S		591.8669	1.0311	0.0000	99.9784	39.6462	0.8230	0.8260	5.0000	18.4728	676.7367	94.9074	4.1499	25.3000	0.9300	0.0000	0.6416	-0.0061	675.0000	676.3435	1.0285	1.7513	100.0269	39.2255	0.8230	0.8202	5.0000	-9999.0000	-9999.0000	-9999.0000	-9999.0000	-9999.0000	-9999.0000	17.9123	7	0	25.5939	1.0000	99	9	-9999.0000	44282	20649	-9999	1299	1268	-9999	417.1756	5	0.6136	0.6416	-0.0061	60.1411	6.8623	676.5087	380.6494	37.4769	608.1853	95.3241	660.3210	95.0000	675.0081	94.9306	0.0000	0.0000	
01/08/2017	03:30:29	019001	H340188938GLR	L340	S		593.5153	1.0311	0.0000	100.0397	39.6327	0.8230	0.8265	5.0000	17.2120	676.8536	94.9537	4.1509	25.3000	0.9300	0.0000	0.6412	-0.0060	675.0000	676.9292	1.0285	1.6342	99.8859	39.2229	0.8230	0.8202	5.0000	-9999.0000	-9999.0000	-9999.0000	-9999.0000	-9999.0000	-9999.0000	18.1222	8	0	24.9327	1.0000	99	9	-9999.0000	44283	20650	-9999	1300	1269	-9999	417.2344	5	0.6138	0.6412	-0.0060	59.5603	7.0029	676.5851	383.3829	37.1991	608.2452	95.4398	661.5605	95.0000	674.9780	94.9769	0.0000	0.0000	
01/08/2017	03:30:55	019001	H340188896GLR	L340	S		593.0378	1.0311	0.0000	100.0749	39.6601	0.8230	0.8265	5.0000	17.2522	676.0026	95.0231	4.1509	25.3000	0.9300	0.0000	0.6412	-0.0060	675.0000	676.1742	1.0285	1.7852	99.9426	39.2243	0.8230	0.8201	5.0000	-9999.0000	-9999.0000	-9999.0000	-9999.0000	-9999.0000	-9999.0000	18.1926	1	0	25.5528	1.0000	99	9	-9999.0000	44284	20651	-9999	1301	1270	-9999	416.6979	5	0.6138	0.6412	-0.0060	59.5603	7.0029	675.7738	379.8633	38.8889	607.0066	95.1157	659.6933	95.1157	674.3775	95.0463	0.0000	0.0000	
01/08/2017	03:31:20	019001	H340188958GLR	L340	S		591.8735	1.0311	0.0000	99.9968	39.6405	0.8230	0.8264	5.0000	17.3222	677.1395	94.7685	4.1509	25.3000	0.9300	0.0000	0.6413	-0.0060	675.0000	677.5038	1.0285	1.5192	99.9908	39.2244	0.8230	0.8202	5.0000	-9999.0000	-9999.0000	-9999.0000	-9999.0000	-9999.0000	-9999.0000	18.1525	2	0	24.9437	1.0000	99	9	-9999.0000	44285	20652	-9999	1302	1271	-9999	417.4573	5	0.6140	0.6413	-0.0060	58.7037	7.1891	676.8702	397.6962	38.6343	615.2573	95.3241	661.7012	94.8611	675.2095	94.7917	0.0000	0.0000	
