Data	Timp	Nr. masina	Nr. de serie	Tip	Productie	Comentariu	Pre-masurare Q [ml/min]	Pre-masurare Gain	Pre-masurare Offset Master	Pre-masurare P [bar]	Pre-masurare T [°C]	Pre-masurare Densitate fixa [kg/l]	Pre-masurare densitate masurata [kg/l]	Pre-masurare Timp masurare [s]	Pre-masurare Cycle time [s]	rectificare Q Oprire [ml/min]	rectificare P Oprire [bar]	rectificare Timp rectificare [s]	rectificare T [°C]	rectificare Densitate fixa [kg/l]	rectificare densitate masurata [kg/l]	rectificare Factor de masurare la rectificare	rectificare Factor de corectie a debitului	rectificare Target rectificare	Masurare Q [ml/min]	Masurare Gain	Masurare Offset Master	Masurare P [bar]	Masurare T [°C]	Masurare Densitate fixa [kg/l]	Masurare densitate masurata [kg/l]	Masurare Timp masurare [s]	Masurare Q [ml/min]	Masurare Delta Q [ml/min]	Masurare P [bar]	Masurare BP [bar]	Masurare T [°C]	Masurare Timp masurare [s]	Masurare Cycle time [s]	Nest Nr.	Cod de descarcare	Cycle time [s]	Traceability aktiv	EDM Maschine Nr	EDM Spindle Nr	Honing Rate [r	Station Counter Premeasure	Station Counter Grind	Station Counter Blowout 1	Station Counter Wash	Station Counter Measure	Station Counter Blowout 2	RealGrindQStop	Reg Type	Factor 0	Factor 1	Factor 2	Factor 3	Factor 4	G_StartQV	G_StartQV_1	G_StartQV_2	G_StartQV_3	G_StartQV_4	G_StartQV_5	
05/08/2017	15:11:57	019001	H340005578HLR	L340	S		574.1668	1.0311	0.0000	99.9385	39.3970	0.8230	0.8260	5.0000	17.8722	675.2270	94.7222	6.8514	26.6000	0.9300	0.9402	0.6330	-0.0044	675.0000	664.5670	1.0285	4.1066	100.1993	38.8396	0.8230	0.8206	5.0000	-9999.0000	-9999.0000	-9999.0000	-9999.0000	-9999.0000	-9999.0000	17.3322	1	1	25.6421	1.0000	99	9	-9999.0000	45841	22137	-9999	2821	2756	-9999	407.0456	5	0.6063	0.6330	-0.0044	95.4519	-0.3742	606.6000	172.3669	33.0556	566.8298	68.7037	569.0517	68.7500	573.9818	68.6574	616.6066	92.7315	
05/08/2017	15:12:43	019001	H340005570HLR	L340	S		579.3443	1.0311	0.0000	99.9615	39.3914	0.8230	0.8263	5.0000	17.0820	0.0000	0.0000	0.0000	0.0000	0.9300	0.0000	0.0000	0.0000	675.0000	586.6976	1.0285	2.5384	100.2061	38.9535	0.8230	0.8206	5.0000	-9999.0000	-9999.0000	-9999.0000	-9999.0000	-9999.0000	-9999.0000	17.5324	3	1	25.5732	1.0000	99	9	-9999.0000	45842	0	-9999	2822	2757	-9999	0.0000	0	0.0000	0.0000	0.0000	0.0000	0.0000	0.0000	0.0000	0.0000	0.0000	0.0000	0.0000	0.0000	0.0000	0.0000	0.0000	0.0000	
05/08/2017	15:15:05	019001	H340005582HLR	L340	S		567.4118	1.0311	0.0000	99.9835	39.3982	0.8230	0.8265	5.0000	17.0723	625.7861	96.2500	6.6307	26.0000	0.9300	0.9408	0.6428	-0.0044	675.0000	676.7551	1.0285	1.6690	100.1152	38.9476	0.8230	0.8200	5.0000	-9999.0000	-9999.0000	-9999.0000	-9999.0000	-9999.0000	-9999.0000	17.7717	5	32	17.2717	1.0000	99	9	-9999.0000	45843	22138	-9999	2823	2758	-9999	377.0246	5	0.6125	0.6428	-0.0044	94.7143	-0.3713	646.0155	285.8550	39.4213	594.6461	92.9861	633.4557	92.8704	645.0198	92.4769	659.3665	95.5324	
05/08/2017	15:21:42	019001	H340005592HLR	L340	S		573.7697	1.0311	0.0000	99.9181	39.4000	0.8230	0.8258	5.0000	18.4017	675.1634	94.9769	28.1734	25.4000	0.9300	0.9412	0.6428	-0.0044	675.0000	714.8786	1.0285	-2.7038	100.0188	38.8499	0.8230	0.8200	5.0000	-9999.0000	-9999.0000	-9999.0000	-9999.0000	-9999.0000	-9999.0000	18.0421	7	2	25.6635	1.0000	99	9	-9999.0000	45844	22139	-9999	2824	2759	-9999	349.8729	5	0.6125	0.6428	-0.0044	94.7143	-0.3713	423.7829	356.8285	36.0648	404.0992	102.3380	378.3608	96.6435	412.5858	96.2269	426.2010	94.6991	
05/08/2017	15:22:38	019001	H340005555HLR	L340	S		576.6849	1.0311	0.0000	100.0055	39.5500	0.8230	0.8262	5.0000	17.2228	-0.5522	96.3426	5.0006	25.8000	0.9300	0.0000	0.6428	-0.0044	675.0000	595.9659	1.0285	1.2306	99.8648	38.9815	0.8230	0.8205	5.0000	-9999.0000	-9999.0000	-9999.0000	-9999.0000	-9999.0000	-9999.0000	17.7414	1	1	32.9238	1.0000	99	9	-9999.0000	45845	22140	-9999	2825	2760	-9999	-0.6222	5	0.6125	0.6428	-0.0044	94.7143	-0.3713	-1.0000	384.6340	38.7500	159.0652	109.6065	1.5964	109.0046	1.9142	108.4954	-0.7033	96.3426	
05/08/2017	15:25:03	019001	H340005564HLR	L340	S		578.6019	1.0311	0.0000	100.0010	39.5500	0.8230	0.8263	5.0000	17.1621	675.1626	94.9537	20.7525	25.5000	0.9300	0.9411	0.6424	-0.0044	675.0000	688.5785	1.0285	-0.6957	99.9297	38.8531	0.8230	0.8199	5.0000	-9999.0000	-9999.0000	-9999.0000	-9999.0000	-9999.0000	-9999.0000	18.3918	5	2	25.7434	1.0000	99	9	-9999.0000	45847	22141	-9999	2827	2761	-9999	371.8400	5	0.6107	0.6424	-0.0044	94.7542	-0.3714	444.9919	367.2200	40.8102	300.6007	100.9954	378.4258	95.6713	431.9790	94.0509	491.8191	95.3241	
05/08/2017	15:25:50	019001	H340005565HLR	L340	S		574.8077	1.0311	0.0000	100.0788	39.5000	0.8230	0.8261	5.0000	17.1223	675.2191	95.0231	6.7010	25.6000	0.9300	0.9410	0.6424	-0.0044	675.0000	677.0764	1.0285	1.6047	99.7023	38.8539	0.8230	0.8198	5.0000	-9999.0000	-9999.0000	-9999.0000	-9999.0000	-9999.0000	-9999.0000	18.1818	7	0	25.6936	1.0000	99	9	-9999.0000	45848	22142	-9999	2828	2762	-9999	413.8466	5	0.6107	0.6424	-0.0044	94.7542	-0.3714	645.1875	383.9299	36.9907	594.7169	94.0972	631.7001	93.6806	644.0711	93.4259	654.2599	94.8611	
05/08/2017	15:26:37	019001	H340005644HLR	L340	S		576.3783	1.0311	0.0000	100.0358	39.5080	0.8230	0.8263	5.0000	17.1417	675.1745	94.9537	7.3017	25.7000	0.9300	0.9412	0.6376	-0.0044	675.0000	672.8036	1.0285	2.4593	100.2450	39.0146	0.8230	0.8202	5.0000	-9999.0000	-9999.0000	-9999.0000	-9999.0000	-9999.0000	-9999.0000	17.8721	1	0	25.6535	1.0000	99	9	-9999.0000	45849	22143	-9999	2829	2763	-9999	408.7470	5	0.5782	0.6376	-0.0044	95.1928	-0.3731	640.4570	388.6755	38.7500	588.9639	95.1157	627.2972	94.0046	639.2521	93.7963	649.3355	94.6759	
05/08/2017	15:27:15	019001	H340005557HLR	L340	S		571.2700	1.0311	0.0000	100.0217	39.3500	0.8230	0.8259	5.0000	17.3626	675.1649	95.0694	6.8709	25.7000	0.9300	0.9409	0.6390	-0.0044	675.0000	676.4248	1.0285	1.7350	99.9118	38.9892	0.8230	0.8198	5.0000	-9999.0000	-9999.0000	-9999.0000	-9999.0000	-9999.0000	-9999.0000	17.8118	3	0	17.4015	1.0000	99	9	-9999.0000	45850	22144	-9999	2830	2764	-9999	410.9859	5	0.5920	0.6390	-0.0044	95.0700	-0.3727	644.0563	401.3053	38.2639	590.5271	94.4907	632.3728	93.1481	642.7392	93.1481	654.2012	95.3472	
05/08/2017	15:30:36	019001	H340005643HLR	L340	S		576.2015	1.0311	0.0000	100.1204	39.4500	0.8230	0.8264	5.0000	17.1720	675.1273	94.9537	7.2704	25.7000	0.9300	0.9412	0.6446	-0.0051	675.0000	676.9255	1.0285	1.6349	100.0489	38.8489	0.8230	0.8192	5.0000	-9999.0000	-9999.0000	-9999.0000	-9999.0000	-9999.0000	-9999.0000	21.5825	5	0	25.7024	1.0000	99	9	-9999.0000	45851	22145	-9999	2831	2765	-9999	410.4904	5	0.5992	0.6446	-0.0051	93.7130	0.8045	640.3422	361.0229	36.7593	586.2358	96.7130	627.4488	93.9352	639.0583	93.8194	649.6621	94.7685	
05/08/2017	15:31:23	019001	H340005615HLR	L340	S		571.4566	1.0311	0.0000	99.9679	39.5500	0.8230	0.8265	5.0000	17.3819	675.1131	94.9537	6.6209	25.7000	0.9300	0.9409	0.6446	-0.0051	675.0000	677.7618	1.0285	1.4676	100.0685	39.0420	0.8230	0.8201	5.0000	-9999.0000	-9999.0000	-9999.0000	-9999.0000	-9999.0000	-9999.0000	17.6818	7	0	25.7326	1.0000	99	9	-9999.0000	45852	22146	-9999	2832	2766	-9999	412.6696	5	0.5992	0.6446	-0.0051	93.7130	0.8045	646.8721	388.9023	35.6481	589.8060	95.1620	632.8829	93.6574	645.3134	93.6343	656.1120	95.0694	
05/08/2017	15:32:09	019001	H340005633HLR	L340	S		578.0169	1.0311	0.0000	99.8887	39.5500	0.8230	0.8260	5.0000	17.4816	675.1449	94.9769	7.4609	25.7000	0.9300	0.9410	0.6442	-0.0050	675.0000	675.6422	1.0285	1.8916	99.7719	38.9711	0.8230	0.8197	5.0000	-9999.0000	-9999.0000	-9999.0000	-9999.0000	-9999.0000	-9999.0000	17.9731	1	0	25.6429	1.0000	99	9	-9999.0000	45853	22147	-9999	2833	2767	-9999	409.6200	5	0.6005	0.6442	-0.0050	94.8904	0.7482	639.9292	387.4972	35.9491	588.7230	96.5509	627.8000	93.9120	638.6494	93.9583	649.2166	94.8611	
05/08/2017	15:32:56	019001	H340005632HLR	L340	S		570.7894	1.0311	0.0000	99.9363	39.5000	0.8230	0.8261	5.0000	17.3724	675.1459	94.9769	7.5908	25.6000	0.9300	0.9410	0.6436	-0.0050	675.0000	674.7643	1.0285	2.0671	99.9410	38.9933	0.8230	0.8199	5.0000	-9999.0000	-9999.0000	-9999.0000	-9999.0000	-9999.0000	-9999.0000	17.8323	3	0	25.6829	1.0000	99	9	-9999.0000	45854	22148	-9999	2834	2768	-9999	408.9447	5	0.6018	0.6436	-0.0050	96.4237	0.6659	637.4324	382.9410	35.8565	585.9297	95.4630	625.0392	94.0278	636.1957	94.0509	646.7788	94.8611	
05/08/2017	15:34:29	019001	H340005634HLR	L340	S		572.1441	1.0311	0.0000	99.9473	39.5755	0.8230	0.8261	5.0000	17.3322	675.1368	95.0463	6.4315	25.7000	0.9300	0.9411	0.6436	-0.0050	675.0000	675.5481	1.0285	1.9104	99.5874	38.8893	0.8230	0.8198	5.0000	-9999.0000	-9999.0000	-9999.0000	-9999.0000	-9999.0000	-9999.0000	18.0822	7	0	25.6633	1.0000	99	9	-9999.0000	45856	22149	-9999	2836	2769	-9999	412.9123	5	0.6029	0.6436	-0.0050	96.1365	0.6794	648.4931	380.3012	37.2917	594.4674	97.4074	635.6584	94.3519	647.2111	94.3750	658.0945	94.8148	
05/08/2017	15:35:16	019001	H340005611HLR	L340	Q		592.2508	1.0311	0.0000	99.9528	39.5462	0.8230	0.8260	5.0000	17.3019	675.1259	94.3056	4.3101	25.7000	0.9300	0.9408	0.6436	-0.0050	675.0000	677.7061	1.0285	1.4788	100.0643	39.0262	0.8230	0.8201	5.0000	-9999.0000	-9999.0000	-9999.0000	-9999.0000	-9999.0000	-9999.0000	17.8322	1	0	25.7336	1.0000	99	9	-9999.0000	45857	22150	-9999	2836	2770	-9999	420.0613	5	0.6029	0.6436	-0.0050	96.1365	0.6794	673.1147	388.9751	37.3611	614.1888	96.0417	660.4416	94.2130	671.6944	94.2593	641.5240	16.6667	
05/08/2017	15:36:07	019001	H340005616HLR	L340	Q		571.0667	1.0311	0.0000	99.9226	39.5197	0.8230	0.8264	5.0000	17.4425	675.1830	95.0231	6.7411	25.7000	0.9300	0.9411	0.6432	-0.0050	675.0000	674.0469	1.0285	2.2106	99.4839	39.0550	0.8230	0.8198	5.0000	-9999.0000	-9999.0000	-9999.0000	-9999.0000	-9999.0000	-9999.0000	18.2219	3	0	25.6729	1.0000	99	9	-9999.0000	45859	22151	-9999	2838	2772	-9999	411.7091	5	0.6031	0.6432	-0.0050	98.2985	0.5653	647.0169	382.3034	38.8426	587.5243	96.5741	633.5240	94.6759	645.8364	94.6991	655.9227	94.8843	
05/08/2017	15:36:32	019001	H340005610HLR	L340	S		580.4674	1.0311	0.0000	99.9093	39.5806	0.8230	0.8266	5.0000	17.2023	675.1912	94.9769	6.3709	25.7000	0.9300	0.9410	0.6432	-0.0050	675.0000	673.9960	1.0285	2.2208	99.8754	39.0513	0.8230	0.8203	5.0000	-9999.0000	-9999.0000	-9999.0000	-9999.0000	-9999.0000	-9999.0000	17.6516	4	0	24.9835	1.0000	99	9	-9999.0000	45860	22152	-9999	2839	2773	-9999	412.9501	5	0.6031	0.6432	-0.0050	98.2985	0.5653	650.5307	392.6692	37.9167	590.4705	95.3472	636.1352	94.8380	649.1531	94.8380	659.4563	94.9537	
05/08/2017	15:36:58	019001	H340005645HLR	L340	S		583.2249	1.0311	0.0000	99.9332	39.6832	0.8230	0.8263	5.0000	17.3418	675.1801	94.9769	5.8904	25.6000	0.9300	0.9410	0.6425	-0.0049	675.0000	676.3452	1.0285	1.7510	100.7374	39.1000	0.8230	0.8204	5.0000	-9999.0000	-9999.0000	-9999.0000	-9999.0000	-9999.0000	-9999.0000	17.7626	5	0	25.7727	1.0000	99	9	-9999.0000	45861	22153	-9999	2840	2773	-9999	414.3551	5	0.6049	0.6425	-0.0049	95.3203	0.7898	656.8828	413.7809	39.5370	605.6659	94.9537	643.5756	94.7917	655.7016	94.8380	666.2262	94.9769	
05/08/2017	15:38:30	019001	H340005542HLR	L340	S		0.0000	0.0000	0.0000	0.0000	0.0000	0.8230	0.0000	0.0000	0.0000	0.0000	0.0000	0.0000	0.0000	0.9300	0.0000	0.0000	0.0000	0.0000	0.0000	0.0000	0.0000	0.0000	0.0000	0.8230	0.0000	0.0000	0.0000	0.0000	0.0000	0.0000	0.0000	0.0000	0.0000	0	42	25.7727	1.0000	99	9	0.0000	0	0	0	0	0	0	0.0000	0	0.0000	0.0000	0.0000	0.0000	0.0000	0.0000	0.0000	0.0000	0.0000	0.0000	0.0000	0.0000	0.0000	0.0000	0.0000	0.0000	
05/08/2017	15:38:50	019001	H340005600HLR	L340	S		588.0703	1.0311	0.0000	100.0144	39.5879	0.8230	0.8261	5.0000	17.1016	675.1065	94.9769	6.8709	25.6000	0.9300	0.9410	0.6425	-0.0049	675.0000	673.4390	1.0285	2.3322	100.5609	39.1286	0.8230	0.8203	5.0000	-9999.0000	-9999.0000	-9999.0000	-9999.0000	-9999.0000	-9999.0000	17.7726	6	0	111.8741	1.0000	99	9	-9999.0000	45862	22154	-9999	2841	2774	-9999	411.0518	5	0.6049	0.6425	-0.0049	95.3203	0.7898	646.4162	411.5716	37.8935	595.8540	95.6481	633.5974	94.6991	645.1697	94.7222	655.2681	94.9306	
05/08/2017	15:40:52	019001	H340006444HLR	L340	S		0.0000	0.0000	0.0000	0.0000	0.0000	0.8230	0.0000	0.0000	0.0000	0.0000	0.0000	0.0000	0.0000	0.9300	0.0000	0.0000	0.0000	0.0000	0.0000	0.0000	0.0000	0.0000	0.0000	0.8230	0.0000	0.0000	0.0000	0.0000	0.0000	0.0000	0.0000	0.0000	0.0000	0	42	111.8741	1.0000	99	9	0.0000	0	0	0	0	0	0	0.0000	0	0.0000	0.0000	0.0000	0.0000	0.0000	0.0000	0.0000	0.0000	0.0000	0.0000	0.0000	0.0000	0.0000	0.0000	0.0000	0.0000	
05/08/2017	15:41:13	019001	H340005599HLR	L340	S		577.6189	1.0311	0.0000	99.9032	39.5855	0.8230	0.8261	5.0000	17.1721	675.1292	94.9537	7.2509	25.6000	0.9300	0.9410	0.6385	-0.0043	675.0000	673.4923	1.0285	2.3215	100.0988	39.1306	0.8230	0.8201	5.0000	-9999.0000	-9999.0000	-9999.0000	-9999.0000	-9999.0000	-9999.0000	17.7317	7	0	142.9274	1.0000	99	9	-9999.0000	45863	22155	-9999	2842	2775	-9999	410.1348	5	0.6095	0.6385	-0.0043	133.1904	-4.4459	644.6020	408.5233	38.9352	595.3596	95.3241	632.0431	94.9074	643.2450	94.9537	652.8784	94.9769	
05/08/2017	15:41:38	019001	H340006430HLR	L340	S		587.3381	1.0311	0.0000	99.9508	39.5755	0.8230	0.8262	5.0000	17.1016	675.1221	94.9769	6.9804	25.6000	0.9300	0.9410	0.6389	-0.0044	675.0000	672.6827	1.0285	2.4835	100.2867	38.9450	0.8230	0.8200	5.0000	-9999.0000	-9999.0000	-9999.0000	-9999.0000	-9999.0000	-9999.0000	18.2315	8	0	25.2531	1.0000	99	9	-9999.0000	45864	22156	-9999	2843	2776	-9999	410.9009	5	0.6097	0.6389	-0.0044	69.3888	4.5058	648.9417	396.4729	37.1991	595.7973	95.4861	635.1824	94.8148	647.7188	94.8380	656.2097	95.0000	
05/08/2017	15:42:04	019001	H340006440HLR	L340	S		590.1430	1.0311	0.0000	99.9370	39.5961	0.8230	0.8261	5.0000	17.4924	675.1137	94.9769	7.1210	25.6000	0.9300	0.9410	0.6387	-0.0043	675.0000	672.9138	1.0285	2.4372	99.8011	38.9258	0.8230	0.8200	5.0000	-9999.0000	-9999.0000	-9999.0000	-9999.0000	-9999.0000	-9999.0000	18.0022	1	0	25.7728	1.0000	99	9	-9999.0000	45865	22157	-9999	2844	2777	-9999	410.3862	5	0.6102	0.6387	-0.0043	64.0025	5.3671	646.2455	387.1980	38.9352	595.3005	94.9769	633.8586	94.8843	645.1424	94.9306	654.1158	94.9769	
05/08/2017	15:42:29	019001	H340006441HLR	L340	S		587.4604	1.0311	0.0000	100.0041	39.6222	0.8230	0.8263	5.0000	17.1828	675.1338	94.9769	6.8807	25.6000	0.9300	0.9409	0.6383	-0.0042	675.0000	674.8002	1.0285	2.0600	100.0049	39.0482	0.8230	0.8208	5.0000	-9999.0000	-9999.0000	-9999.0000	-9999.0000	-9999.0000	-9999.0000	17.6622	2	0	24.9834	1.0000	99	9	-9999.0000	45866	22158	-9999	2845	2778	-9999	411.3408	5	0.6105	0.6383	-0.0042	65.5546	4.9375	648.2421	387.3184	37.1528	593.4433	95.5556	636.1754	94.8611	647.0616	94.9306	656.6806	94.9537	
05/08/2017	15:42:54	019001	H340006450HLR	L340	S		591.7388	1.0311	0.0000	100.0795	39.6370	0.8230	0.8261	5.0000	17.3116	675.1804	94.9306	4.9000	25.8000	0.9300	0.9409	0.6372	-0.0040	675.0000	682.1536	1.0285	0.5893	100.5662	39.1577	0.8230	0.8204	5.0000	-9999.0000	-9999.0000	-9999.0000	-9999.0000	-9999.0000	-9999.0000	17.9318	3	2	25.7231	1.0000	99	9	-9999.0000	45866	22159	-9999	2846	2779	-9999	416.9956	5	0.6107	0.6372	-0.0040	68.2801	4.3999	668.2796	388.8560	37.5694	611.4036	97.9861	656.0348	95.0694	667.0978	94.6296	676.2981	94.9537	
05/08/2017	15:43:19	019001	H340002647HLR	L340	S		575.7653	1.0311	0.0000	99.9557	39.3980	0.8230	0.8260	5.0000	17.3019	675.1177	94.8843	6.0711	25.7000	0.9300	0.9410	0.6369	-0.0039	675.0000	676.2125	1.0285	1.7775	99.9537	39.1435	0.8230	0.8200	5.0000	-9999.0000	-9999.0000	-9999.0000	-9999.0000	-9999.0000	-9999.0000	17.8830	4	0	25.1630	1.0000	99	9	-9999.0000	45867	22160	-9999	2846	2780	-9999	413.9523	5	0.6109	0.6369	-0.0039	70.4531	3.7328	656.6377	374.2044	38.6111	597.8989	98.7963	643.4544	95.4630	655.3189	95.1620	664.7723	95.0463	
05/08/2017	15:43:45	019001	H340006442HLR	L340	S		568.7090	1.0311	0.0000	100.0442	39.3803	0.8230	0.8262	5.0000	17.3819	-8.5847	96.8981	5.0006	25.9000	0.9300	0.0000	0.6354	-0.0037	675.0000	583.4413	1.0285	2.9979	99.9123	39.1000	0.8230	0.8203	5.0000	-9999.0000	-9999.0000	-9999.0000	-9999.0000	-9999.0000	-9999.0000	17.6223	5	1	25.7433	1.0000	99	9	-9999.0000	45868	22161	-9999	2847	2781	-9999	-5.7172	5	0.6113	0.6354	-0.0037	76.3217	2.5971	-1.0000	396.6287	37.6620	54.6769	112.4306	-1.4801	112.0139	-2.0374	111.7130	-8.8168	96.5972	
05/08/2017	15:44:10	019001	H340006437HLR	L340	S		569.3242	1.0311	0.0000	100.0409	39.4800	0.8230	0.8266	5.0000	17.9826	675.1324	95.0000	7.4013	25.6000	0.9300	0.9408	0.6345	-0.0035	675.0000	674.8502	1.0285	2.0500	99.7967	39.1253	0.8230	0.8197	5.0000	-9999.0000	-9999.0000	-9999.0000	-9999.0000	-9999.0000	-9999.0000	18.4220	6	0	24.9827	1.0000	99	9	-9999.0000	45868	22162	-9999	2848	2782	-9999	410.8855	5	0.6116	0.6345	-0.0035	87.4332	0.6064	645.8047	398.7840	40.9954	596.5925	96.1343	634.5292	95.1389	644.6759	95.1157	653.3798	95.0463	
05/08/2017	15:44:36	019001	H340006436HLR	L340	S		567.0526	1.0311	0.0000	100.0206	39.6381	0.8230	0.8268	5.0000	17.3624	675.1002	94.9769	10.0012	25.5000	0.9300	0.9408	0.6347	-0.0035	675.0000	669.4966	1.0285	3.1207	99.9316	39.1305	0.8230	0.8201	5.0000	-9999.0000	-9999.0000	-9999.0000	-9999.0000	-9999.0000	-9999.0000	17.6124	7	0	25.7530	1.0000	99	9	-9999.0000	45869	22163	-9999	2849	2783	-9999	404.6904	5	0.6117	0.6347	-0.0035	87.0351	0.4526	624.2717	407.9210	37.3380	584.4273	95.6481	614.3561	94.9306	623.2285	94.9306	631.4612	94.9769	
05/08/2017	15:45:01	019001	H340006462HLR	L340	S		572.0248	1.0311	0.0000	99.9863	39.6890	0.8230	0.8263	5.0000	17.3623	675.1254	95.0231	7.4804	25.5000	0.9300	0.9408	0.6277	-0.0025	675.0000	679.2135	1.0285	1.1773	100.1292	39.1450	0.8230	0.8200	5.0000	-9999.0000	-9999.0000	-9999.0000	-9999.0000	-9999.0000	-9999.0000	17.7121	8	0	25.2931	1.0000	99	9	-9999.0000	45870	22164	-9999	2850	2784	-9999	411.1279	5	0.6109	0.6277	-0.0025	107.7178	-2.4862	649.7845	391.1346	37.3380	596.9265	95.3009	639.0616	95.0231	648.5362	94.9769	656.2853	95.0231	
05/08/2017	15:45:27	019001	H340006454HLR	L340	S		570.2078	1.0311	0.0000	100.0112	39.6064	0.8230	0.8260	5.0000	17.4513	675.0932	94.9769	7.5507	25.6000	0.9300	0.9410	0.6277	-0.0025	675.0000	673.7983	1.0285	2.2603	100.0534	39.1585	0.8230	0.8200	5.0000	-9999.0000	-9999.0000	-9999.0000	-9999.0000	-9999.0000	-9999.0000	17.6516	1	0	25.7434	1.0000	99	9	-9999.0000	45871	22165	-9999	2851	2785	-9999	410.9785	5	0.6109	0.6277	-0.0025	107.7178	-2.4862	648.7896	390.4928	36.7130	597.8181	95.6019	637.0367	95.2315	647.5560	95.0000	655.5998	95.0000	
05/08/2017	15:45:52	019001	H340006473HLR	L340	S		574.7085	1.0311	0.0000	100.0349	39.5500	0.8230	0.8261	5.0000	17.2011	675.0980	94.9769	8.7013	25.6000	0.9300	0.9410	0.6280	-0.0026	675.0000	678.5989	1.0285	1.3002	99.7570	39.1575	0.8230	0.8198	5.0000	-9999.0000	-9999.0000	-9999.0000	-9999.0000	-9999.0000	-9999.0000	18.0618	2	0	24.9836	1.0000	99	9	-9999.0000	45872	22166	-9999	2852	2786	-9999	408.9107	5	0.6107	0.6280	-0.0026	96.1751	-0.6993	642.2916	388.8122	37.5926	595.7087	95.2778	632.4636	94.9306	641.3084	94.9537	648.1619	95.0231	
05/08/2017	15:46:18	019001	H340006464HLR	L340	S		570.0214	1.0311	0.0000	99.9108	39.5627	0.8230	0.8263	5.0000	17.2727	675.0775	95.0000	7.5908	25.6000	0.9300	0.9409	0.6238	-0.0020	675.0000	675.8536	1.0285	1.8493	99.8831	39.1585	0.8230	0.8195	5.0000	-9999.0000	-9999.0000	-9999.0000	-9999.0000	-9999.0000	-9999.0000	19.2016	3	0	25.7326	1.0000	99	9	-9999.0000	45873	22167	-9999	2853	2787	-9999	411.1213	5	0.6099	0.6238	-0.0020	78.5027	2.0636	650.0355	404.7413	39.1204	602.7162	94.9306	639.7349	95.0926	649.1190	95.0000	656.1614	94.9537	
05/08/2017	15:46:43	019001	H340006467HLR	L340	S		574.0143	1.0311	0.0000	99.9609	39.5947	0.8230	0.8262	5.0000	17.4414	675.1328	94.9769	7.7011	25.6000	0.9300	0.9409	0.6209	-0.0016	675.0000	674.9424	1.0285	2.0315	99.8963	39.1966	0.8230	0.8201	5.0000	-9999.0000	-9999.0000	-9999.0000	-9999.0000	-9999.0000	-9999.0000	17.7217	4	0	24.9629	1.0000	99	9	-9999.0000	45874	22168	-9999	2854	2788	-9999	410.8831	5	0.6092	0.6209	-0.0016	75.3744	2.6475	649.4130	390.6769	38.3796	602.7063	95.3241	639.7371	95.2083	648.0951	95.0694	655.7554	95.0231	
05/08/2017	15:47:08	019001	H340006448HLR	L340	S		581.0990	1.0311	0.0000	99.9747	39.6339	0.8230	0.8262	5.0000	17.1817	675.0784	95.0000	6.7909	25.6000	0.9300	0.9410	0.6205	-0.0016	675.0000	673.8348	1.0285	2.2530	99.8818	39.1989	0.8230	0.8198	5.0000	-9999.0000	-9999.0000	-9999.0000	-9999.0000	-9999.0000	-9999.0000	17.9719	5	0	25.7835	1.0000	99	9	-9999.0000	45875	22169	-9999	2855	2789	-9999	411.7877	5	0.6092	0.6205	-0.0016	76.8962	2.6930	656.9320	404.5703	37.4306	611.3506	95.1852	646.4169	95.2315	656.0073	95.0694	662.5423	94.9769	
05/08/2017	15:47:33	019001	H340006477HLR	L340	S		580.7271	1.0311	0.0000	100.0443	39.6339	0.8230	0.8264	5.0000	17.1418	675.1159	94.9537	6.8915	25.6000	0.9300	0.9410	0.6218	-0.0018	675.0000	673.8280	1.0285	2.2544	100.1208	39.1940	0.8230	0.8198	5.0000	-9999.0000	-9999.0000	-9999.0000	-9999.0000	-9999.0000	-9999.0000	18.0528	6	0	24.9728	1.0000	99	9	-9999.0000	45876	22170	-9999	2856	2790	-9999	411.6352	5	0.6086	0.6218	-0.0018	75.3753	2.9780	655.7072	392.1639	38.4259	607.8096	95.1620	645.4777	95.1157	654.7126	95.0231	661.9309	94.9769	
05/08/2017	15:47:59	019001	H340004400HLR	L340	S		569.4595	1.0311	0.0000	100.0171	39.6000	0.8230	0.8261	5.0000	17.4415	675.3300	94.5833	4.1509	25.6000	0.9300	0.0000	0.6213	-0.0017	675.0000	672.3061	1.0285	2.5588	99.9773	39.1972	0.8230	0.8198	5.0000	-9999.0000	-9999.0000	-9999.0000	-9999.0000	-9999.0000	-9999.0000	17.9523	7	0	25.7335	1.0000	99	9	-9999.0000	45877	22171	-9999	2857	2790	-9999	414.8029	5	0.6083	0.6213	-0.0017	80.2736	2.6872	675.1619	395.3345	38.4259	621.2462	94.6296	664.2966	94.5370	674.1082	94.5833	0.0000	0.0000	
05/08/2017	15:48:24	019001	H340006439HLR	L340	S		586.9853	1.0311	0.0000	99.9607	39.6159	0.8230	0.8258	5.0000	18.2521	675.1377	95.0000	6.6707	25.6000	0.9300	0.9411	0.6209	-0.0017	675.0000	675.3163	1.0285	1.9567	99.8209	39.1901	0.8230	0.8195	5.0000	-9999.0000	-9999.0000	-9999.0000	-9999.0000	-9999.0000	-9999.0000	19.4222	8	0	24.9250	1.0000	99	9	-9999.0000	45878	22172	-9999	2858	2791	-9999	411.7715	5	0.6082	0.6209	-0.0017	84.0407	2.3569	657.5257	388.9009	37.7083	607.0276	95.5093	647.5181	95.0463	656.7586	94.9537	663.3330	94.9769	
05/08/2017	15:48:50	019001	H340006469HLR	L340	S		580.2036	1.0311	0.0000	99.9475	39.6349	0.8230	0.8262	5.0000	17.3115	675.1081	95.0231	7.2812	25.6000	0.9300	0.9412	0.6218	-0.0018	675.0000	674.1228	1.0285	2.1954	100.0438	39.2063	0.8230	0.8198	5.0000	-9999.0000	-9999.0000	-9999.0000	-9999.0000	-9999.0000	-9999.0000	18.1623	1	0	25.6906	1.0000	99	9	-9999.0000	45879	22173	-9999	2859	2792	-9999	411.1702	5	0.6083	0.6218	-0.0018	83.8949	2.3844	652.8689	411.7231	38.7269	606.4624	95.1157	642.8509	95.2083	651.8146	95.1389	658.8118	94.9769	
05/08/2017	15:49:15	019001	H340006488HLR	L340	S		574.4493	1.0311	0.0000	99.9564	39.6462	0.8230	0.8262	5.0000	17.3123	675.1433	94.9537	8.1904	25.6000	0.9300	0.9412	0.6244	-0.0020	675.0000	675.2915	1.0285	1.9617	99.8228	39.2262	0.8230	0.8198	5.0000	-9999.0000	-9999.0000	-9999.0000	-9999.0000	-9999.0000	-9999.0000	17.8421	2	0	24.9631	1.0000	99	9	-9999.0000	45880	22174	-9999	2860	2793	-9999	410.5128	5	0.6084	0.6244	-0.0020	89.6472	1.5991	646.2211	388.0984	36.2037	597.2389	95.6944	635.6967	95.0694	645.2189	95.0694	652.1831	94.9306	
05/08/2017	15:49:40	019001	H340006503HLR	L340	S		570.2318	1.0311	0.0000	99.9517	39.6474	0.8230	0.8260	5.0000	17.3721	675.1210	94.9769	8.1612	25.6000	0.9300	0.9411	0.6260	-0.0022	675.0000	676.1485	1.0285	1.7903	99.7423	39.2126	0.8230	0.8193	5.0000	-9999.0000	-9999.0000	-9999.0000	-9999.0000	-9999.0000	-9999.0000	19.2425	3	0	25.6729	1.0000	99	9	-9999.0000	45881	22175	-9999	2860	2794	-9999	410.3698	5	0.6088	0.6260	-0.0022	101.8560	0.1870	646.0971	391.6630	36.8519	595.3547	95.4630	635.8190	95.1852	645.3521	95.0463	652.1308	95.0231	
05/08/2017	15:50:05	019001	H340006523HLR	L340	S		579.7221	1.0311	0.0000	99.9448	39.6348	0.8230	0.8260	5.0000	17.3517	675.1787	95.0231	5.2204	25.7000	0.9300	0.9411	0.6260	-0.0023	675.0000	675.3504	1.0285	1.9499	100.1330	39.2200	0.8230	0.8198	5.0000	-9999.0000	-9999.0000	-9999.0000	-9999.0000	-9999.0000	-9999.0000	17.9416	4	0	24.9737	1.0000	99	9	-9999.0000	45882	22176	-9999	2861	2795	-9999	414.7487	5	0.6089	0.6260	-0.0023	91.9323	1.1185	666.4646	390.0237	37.7315	614.5821	95.0000	655.4825	94.8148	665.2936	94.7917	673.3173	94.9769	
05/08/2017	15:50:31	019001	H340006516HLR	L340	S		575.6067	1.0311	0.0000	99.9307	39.6387	0.8230	0.8260	5.0000	17.4220	675.1144	94.9769	5.2411	25.7000	0.9300	0.9411	0.6289	-0.0027	675.0000	675.7080	1.0285	1.8784	99.8573	39.2285	0.8230	0.8197	5.0000	-9999.0000	-9999.0000	-9999.0000	-9999.0000	-9999.0000	-9999.0000	17.9923	5	0	25.6926	1.0000	99	9	-9999.0000	45883	22177	-9999	2862	2796	-9999	415.0302	5	0.6094	0.6289	-0.0027	88.3838	1.4963	666.2081	382.7041	36.2963	609.1780	95.6713	653.7931	95.0926	665.0498	95.0000	673.1723	94.9769	
05/08/2017	15:50:56	019001	H340006506HLR	L340	S		580.8639	1.0311	0.0000	99.9925	39.6369	0.8230	0.8260	5.0000	17.4124	675.1001	94.9537	6.4099	25.7000	0.9300	0.9411	0.6264	-0.0023	675.0000	676.1344	1.0285	1.7931	99.8901	39.2194	0.8230	0.8194	5.0000	-9999.0000	-9999.0000	-9999.0000	-9999.0000	-9999.0000	-9999.0000	18.8120	6	0	24.9835	1.0000	99	9	-9999.0000	45884	22178	-9999	2863	2797	-9999	413.1957	5	0.6096	0.6264	-0.0023	86.9490	1.5872	658.0691	405.0965	39.6065	611.5349	95.0694	648.0533	95.0926	657.2287	94.9769	664.7418	95.0000	
05/08/2017	15:51:23	019001	H340006512HLR	L340	S		571.3896	1.0311	0.0000	99.9568	39.6429	0.8230	0.8261	5.0000	17.3917	675.0968	95.0000	8.4102	25.6000	0.9300	0.9411	0.6268	-0.0024	675.0000	676.0102	1.0285	1.8180	100.1933	39.2302	0.8230	0.8198	5.0000	-9999.0000	-9999.0000	-9999.0000	-9999.0000	-9999.0000	-9999.0000	18.0021	7	0	26.7436	1.0000	99	9	-9999.0000	45884	22179	-9999	2864	2798	-9999	409.7858	5	0.6093	0.6268	-0.0024	38.9289	7.8504	644.1282	407.6449	38.8194	597.5706	95.3472	634.6799	94.9537	643.1857	94.9769	649.9851	95.0000	
05/08/2017	15:51:48	019001	H340006673HLR	L340	S		584.6690	1.0311	0.0000	99.9443	39.6469	0.8230	0.8260	5.0000	17.6016	675.1617	94.6065	4.3013	25.7000	0.9300	0.9409	0.6265	-0.0023	675.0000	675.0388	1.0285	2.0122	99.9584	39.2267	0.8230	0.8194	5.0000	-9999.0000	-9999.0000	-9999.0000	-9999.0000	-9999.0000	-9999.0000	18.9427	8	0	24.9123	1.0000	99	9	-9999.0000	45885	22180	-9999	2865	2799	-9999	416.3440	5	0.6104	0.6265	-0.0023	90.0834	1.1374	673.7269	410.9601	40.1389	627.4211	94.5139	664.0346	94.6065	672.7743	94.5602	634.2525	15.4861	
05/08/2017	15:52:13	019001	H340006514HLR	L340	S		567.2204	1.0311	0.0000	99.9918	39.6410	0.8230	0.8262	5.0000	17.0918	675.1171	95.0231	7.5117	25.6000	0.9300	0.9411	0.6262	-0.0023	675.0000	678.0669	1.0285	1.4066	99.9234	39.2400	0.8230	0.8194	5.0000	-9999.0000	-9999.0000	-9999.0000	-9999.0000	-9999.0000	-9999.0000	18.9123	1	0	25.6535	1.0000	99	9	-9999.0000	45886	22181	-9999	2866	2800	-9999	411.3556	5	0.6110	0.6262	-0.0023	95.9493	0.2172	651.0952	405.2809	39.5139	604.9292	95.7176	640.2169	95.3241	650.3048	95.1852	656.6478	94.9537	
05/08/2017	15:52:38	019001	H340006518HLR	L340	S		577.5201	1.0311	0.0000	99.9402	39.6484	0.8230	0.8260	5.0000	17.3115	675.1262	95.0463	4.9303	25.7000	0.9300	0.9410	0.6263	-0.0023	675.0000	674.5740	1.0285	2.1052	99.7995	39.2504	0.8230	0.8198	5.0000	-9999.0000	-9999.0000	-9999.0000	-9999.0000	-9999.0000	-9999.0000	17.8224	2	0	24.9728	1.0000	99	9	-9999.0000	45887	22182	-9999	2867	2800	-9999	415.2601	5	0.6113	0.6263	-0.0023	98.3937	-0.2816	669.2585	386.7108	37.2917	614.4424	95.7176	657.0830	95.0463	668.4320	95.0000	675.8013	95.0231	
05/08/2017	15:53:04	019001	H340006500HLR	L340	S		578.9543	1.0311	0.0000	99.9791	39.6563	0.8230	0.8261	5.0000	17.1816	675.1448	94.9537	5.7107	25.7000	0.9300	0.9410	0.6267	-0.0024	675.0000	677.2786	1.0285	1.5643	99.7852	39.2585	0.8230	0.8197	5.0000	-9999.0000	-9999.0000	-9999.0000	-9999.0000	-9999.0000	-9999.0000	17.8624	3	0	25.6436	1.0000	99	9	-9999.0000	45888	22183	-9999	2868	2801	-9999	413.9934	5	0.6108	0.6267	-0.0024	92.8187	0.7831	663.6504	386.5505	38.9120	610.2647	95.1620	652.1288	95.1157	662.5832	95.0463	669.9925	95.0000	
05/08/2017	15:53:29	019001	H340006921HLR	L340	S		574.4925	1.0311	0.0000	100.0420	39.6482	0.8230	0.8261	5.0000	17.1419	675.1167	94.9769	6.2908	25.7000	0.9300	0.9411	0.6274	-0.0025	675.0000	676.2641	1.0285	1.7672	100.0060	39.2482	0.8230	0.8197	5.0000	-9999.0000	-9999.0000	-9999.0000	-9999.0000	-9999.0000	-9999.0000	17.8723	4	0	24.9328	1.0000	99	9	-9999.0000	45889	22184	-9999	2869	2802	-9999	412.9444	5	0.6114	0.6274	-0.0025	88.0786	1.5094	659.0336	382.0432	38.6806	603.2589	95.1852	646.8353	95.3472	657.9579	95.1852	665.5081	94.9306	
05/08/2017	15:53:54	019001	H340006930HLR	L340	S		581.2300	1.0311	0.0000	99.9516	39.6771	0.8230	0.8260	5.0000	17.2923	675.1177	94.9769	6.9608	25.6000	0.9300	0.9410	0.6272	-0.0025	675.0000	675.9533	1.0285	1.8293	99.9063	39.2465	0.8230	0.8197	5.0000	-9999.0000	-9999.0000	-9999.0000	-9999.0000	-9999.0000	-9999.0000	17.8518	5	0	25.6633	1.0000	99	9	-9999.0000	45890	22185	-9999	2870	2803	-9999	411.8486	5	0.6104	0.6272	-0.0025	79.2330	2.8640	653.7509	381.7167	38.7963	603.2665	95.3009	643.1118	95.1620	652.8043	95.1157	660.3113	95.0231	
05/08/2017	15:54:19	019001	H340006925HLR	L340	S		579.4996	1.0311	0.0000	99.9545	39.6500	0.8230	0.8257	5.0000	18.2718	675.0975	94.9537	6.9911	25.7000	0.9300	0.9410	0.6276	-0.0025	675.0000	674.8746	1.0285	2.0451	100.0663	39.2354	0.8230	0.8194	5.0000	-9999.0000	-9999.0000	-9999.0000	-9999.0000	-9999.0000	-9999.0000	18.9428	6	0	24.9424	1.0000	99	9	-9999.0000	45891	22186	-9999	2871	2803	-9999	411.8310	5	0.6110	0.6276	-0.0025	81.8416	2.6594	653.0949	387.6290	38.1713	600.7867	95.3241	642.0071	95.0231	651.9821	95.0231	659.4436	95.0000	
05/08/2017	15:54:45	019001	H340006926HLR	L340	S		579.7669	1.0311	0.0000	100.0226	39.6500	0.8230	0.8261	5.0000	17.3322	677.9748	94.7685	4.1499	25.7000	0.9300	0.0000	0.6278	-0.0026	675.0000	676.4631	1.0285	1.7274	99.9774	39.2631	0.8230	0.8198	5.0000	-9999.0000	-9999.0000	-9999.0000	-9999.0000	-9999.0000	-9999.0000	17.8225	7	0	25.6842	1.0000	99	9	-9999.0000	45892	22187	-9999	2872	2804	-9999	418.4393	5	0.6111	0.6278	-0.0026	81.2489	2.8748	677.8028	404.6824	39.7222	622.9728	94.5602	666.0069	94.7685	676.7497	94.7685	0.0000	0.0000	
05/08/2017	15:55:10	019001	H340006961HLR	L340	S		583.4940	1.0311	0.0000	100.0442	39.6848	0.8230	0.8261	5.0000	17.3614	687.1177	94.9306	4.1509	25.7000	0.9300	0.0000	0.6279	-0.0027	675.0000	682.0832	1.0285	0.6034	100.0709	39.2627	0.8230	0.8196	5.0000	-9999.0000	-9999.0000	-9999.0000	-9999.0000	-9999.0000	-9999.0000	18.1626	8	2	24.9918	1.0000	99	9	-9999.0000	45893	22188	-9999	2873	2804	-9999	423.9444	5	0.6114	0.6279	-0.0027	79.0249	3.3501	686.9404	380.8628	37.8009	627.4768	95.3935	674.4401	95.2546	685.9031	94.9306	0.0000	0.0000	
05/08/2017	15:55:36	019001	H340006942HLR	L340	S		585.6342	1.0311	0.0000	99.9386	39.6873	0.8230	0.8261	5.0000	17.0821	691.7743	94.8148	4.1509	25.7000	0.9300	0.0000	0.6289	-0.0028	675.0000	684.7218	1.0285	0.0756	99.9647	39.2448	0.8230	0.8191	5.0000	-9999.0000	-9999.0000	-9999.0000	-9999.0000	-9999.0000	-9999.0000	19.4826	1	2	25.6838	1.0000	99	9	-9999.0000	45894	22189	-9999	2874	2805	-9999	426.9883	5	0.6116	0.6289	-0.0028	80.5767	2.9806	691.5788	382.1601	36.5972	631.1472	95.9028	678.3731	95.0463	690.3684	94.8380	0.0000	0.0000	
05/08/2017	15:56:01	019001	H340006933HLR	L340	S		572.8715	1.0311	0.0000	100.0827	39.6500	0.8230	0.8260	5.0000	17.2521	675.1191	94.9769	6.7606	25.7000	0.9300	0.9411	0.6283	-0.0027	675.0000	674.8874	1.0285	2.0425	100.0569	39.2623	0.8230	0.8198	5.0000	-9999.0000	-9999.0000	-9999.0000	-9999.0000	-9999.0000	-9999.0000	18.0314	2	0	24.9730	1.0000	99	9	-9999.0000	45895	22190	-9999	2875	2806	-9999	411.8542	5	0.6112	0.6283	-0.0027	82.0975	2.6433	654.1963	387.6367	38.0787	600.8286	96.5509	643.4489	95.1389	653.1989	95.0694	661.1267	95.0000	
05/08/2017	15:56:28	019001	H340006943HLR	L340	S		571.0634	1.0311	0.0000	100.0178	39.6500	0.8230	0.8261	5.0000	17.2522	675.2065	95.0000	7.1210	25.7000	0.9300	0.9411	0.6294	-0.0029	675.0000	673.6659	1.0285	2.2868	100.0237	39.2730	0.8230	0.8197	5.0000	-9999.0000	-9999.0000	-9999.0000	-9999.0000	-9999.0000	-9999.0000	18.0119	3	0	26.9631	1.0000	99	9	-9999.0000	45896	22191	-9999	2876	2807	-9999	411.2390	5	0.6117	0.6294	-0.0029	83.4618	2.4035	651.5404	385.6738	38.4028	597.1254	95.6481	640.4243	95.2778	650.5185	95.2315	658.5051	94.9537	
05/08/2017	15:56:53	019001	H340006929HLR	L340	S		576.5486	1.0311	0.0000	100.0410	39.6708	0.8230	0.8260	5.0000	17.3321	682.1591	94.6759	4.1509	25.7000	0.9300	0.0000	0.6307	-0.0031	675.0000	678.0844	1.0285	1.4031	99.8512	39.2640	0.8230	0.8195	5.0000	-9999.0000	-9999.0000	-9999.0000	-9999.0000	-9999.0000	-9999.0000	18.1828	4	0	24.9728	1.0000	99	9	-9999.0000	45897	22192	-9999	2877	2808	-9999	421.6192	5	0.6126	0.6307	-0.0031	88.2466	1.6973	681.9820	384.9779	37.3843	621.0366	95.4861	669.9266	94.6759	680.9247	94.6759	0.0000	0.0000	
05/08/2017	15:57:18	019001	H340006957HLR	L340	S		575.8277	1.0311	0.0000	99.9613	39.6859	0.8230	0.8261	5.0000	17.1924	675.1557	94.9769	6.8612	25.7000	0.9300	0.9411	0.6346	-0.0037	675.0000	674.6889	1.0285	2.0822	100.0680	39.2603	0.8230	0.8196	5.0000	-9999.0000	-9999.0000	-9999.0000	-9999.0000	-9999.0000	-9999.0000	18.1212	5	0	25.6437	1.0000	99	9	-9999.0000	45898	22193	-9999	2878	2809	-9999	411.3815	5	0.6141	0.6346	-0.0037	100.8696	-0.6590	651.7458	376.3869	37.4074	595.7623	96.8056	639.2096	95.1852	650.5637	95.1157	658.6488	95.0000	
05/08/2017	15:57:43	019001	H340006626HLR	L340	S		574.4665	1.0311	0.0000	99.9767	39.6675	0.8230	0.8260	5.0000	17.2814	675.0987	94.9769	6.7010	25.7000	0.9300	0.9411	0.6362	-0.0039	675.0000	674.2964	1.0285	2.1607	99.9426	39.2612	0.8230	0.8197	5.0000	-9999.0000	-9999.0000	-9999.0000	-9999.0000	-9999.0000	-9999.0000	17.7716	6	0	24.9024	1.0000	99	9	-9999.0000	45899	22194	-9999	2878	2810	-9999	411.8532	5	0.6134	0.6362	-0.0039	96.8386	0.2669	651.7679	377.8330	36.6898	595.6231	96.4815	638.3735	95.4398	650.4737	95.3009	659.2738	94.9306	
05/08/2017	15:58:09	019001	H340006959HLR	L340	S		569.6587	1.0311	0.0000	99.9293	39.6500	0.8230	0.8261	5.0000	17.0831	675.1533	95.0000	7.5507	25.7000	0.9300	0.9410	0.6351	-0.0037	675.0000	674.2633	1.0285	2.1673	100.0790	39.2583	0.8230	0.8194	5.0000	-9999.0000	-9999.0000	-9999.0000	-9999.0000	-9999.0000	-9999.0000	18.9026	7	0	25.7239	1.0000	99	9	-9999.0000	45900	22195	-9999	2879	2811	-9999	410.0654	5	0.6137	0.6351	-0.0037	95.8191	0.4945	644.6134	386.9007	38.3102	590.4401	95.8102	632.4607	95.3704	643.4200	95.2315	652.3955	94.9537	
05/08/2017	15:58:34	019001	H340006947HLR	L340	S		569.3380	1.0311	0.0000	99.9927	39.6771	0.8230	0.8260	5.0000	17.4025	675.1346	95.0000	7.0907	25.7000	0.9300	0.9410	0.6375	-0.0040	675.0000	673.8132	1.0285	2.2574	99.9862	39.2667	0.8230	0.8197	5.0000	-9999.0000	-9999.0000	-9999.0000	-9999.0000	-9999.0000	-9999.0000	17.9318	8	0	24.8927	1.0000	99	9	-9999.0000	45900	22196	-9999	2880	2812	-9999	411.2090	5	0.6143	0.6375	-0.0040	98.9166	0.0314	647.9082	375.8051	36.3426	590.6604	96.2269	634.8455	95.3009	646.7836	95.1852	655.4420	94.9074	
05/08/2017	15:59:24	019001	H340006954HLR	L340	S		577.8043	1.0311	0.0000	99.9295	39.6786	0.8230	0.8260	5.0000	17.1915	675.1033	94.9769	7.6015	25.7000	0.9300	0.9411	0.6396	-0.0043	675.0000	676.3026	1.0285	1.7595	99.9972	39.1643	0.8230	0.8190	5.0000	-9999.0000	-9999.0000	-9999.0000	-9999.0000	-9999.0000	-9999.0000	18.0227	2	0	24.9238	1.0000	99	9	-9999.0000	45902	22197	-9999	2882	2813	-9999	409.8147	5	0.6141	0.6396	-0.0043	99.1057	-0.0285	644.3446	386.3354	39.7222	595.6209	96.6204	633.2521	95.0000	643.2665	95.0231	652.5357	95.0000	
05/08/2017	15:59:50	019001	H340006616HLR	L340	S		576.1554	1.0311	0.0000	99.9332	39.6692	0.8230	0.8260	5.0000	17.2520	675.1658	94.9769	6.8114	25.7000	0.9300	0.9410	0.6395	-0.0042	675.0000	676.1470	1.0285	1.7906	100.0087	39.1667	0.8230	0.8198	5.0000	-9999.0000	-9999.0000	-9999.0000	-9999.0000	-9999.0000	-9999.0000	17.8820	3	0	25.5932	1.0000	99	9	-9999.0000	45903	22198	-9999	2883	2814	-9999	412.4603	5	0.6140	0.6395	-0.0042	95.4862	0.7752	649.6250	398.6374	39.5370	597.7530	95.6713	637.2649	95.2546	648.4518	95.1852	657.8567	95.0694	
05/08/2017	16:00:15	019001	H340006619HLR	L340	S		581.5026	1.0311	0.0000	99.9866	39.6755	0.8230	0.8260	5.0000	17.4513	675.1843	94.9769	6.9110	25.7000	0.9300	0.9409	0.6386	-0.0041	675.0000	675.4792	1.0285	1.9242	100.0812	39.2667	0.8230	0.8200	5.0000	-9999.0000	-9999.0000	-9999.0000	-9999.0000	-9999.0000	-9999.0000	17.9922	4	0	24.9424	1.0000	99	9	-9999.0000	45904	22199	-9999	2884	2815	-9999	412.2355	5	0.6140	0.6386	-0.0041	93.5762	1.2328	650.1331	377.9342	37.8704	595.3869	95.5324	637.1432	95.3241	648.9626	95.1852	657.6506	94.9306	
05/08/2017	16:00:41	019001	H340006609HLR	L340	S		577.2422	1.0311	0.0000	99.9570	39.6898	0.8230	0.8261	5.0000	17.1914	675.1521	94.9306	6.7909	25.7000	0.9300	0.9410	0.6386	-0.0041	675.0000	675.7602	1.0285	1.8680	99.9360	39.2965	0.8230	0.8198	5.0000	-9999.0000	-9999.0000	-9999.0000	-9999.0000	-9999.0000	-9999.0000	17.9525	5	0	25.5637	1.0000	99	9	-9999.0000	45905	22200	-9999	2885	2816	-9999	412.5369	5	0.6140	0.6386	-0.0041	93.5762	1.2328	650.2575	380.9209	37.4074	594.8251	95.6250	637.0701	95.2083	649.1401	95.0694	657.9792	95.0231	
05/08/2017	16:01:31	019001	H340006606HLR	L340	S		576.0776	1.0311	0.0000	99.9615	39.6922	0.8230	0.8260	5.0000	17.2717	675.1041	94.9769	7.1112	25.8000	0.9300	0.9411	0.6409	-0.0045	675.0000	675.8642	1.0285	1.8472	99.9012	39.1493	0.8230	0.8190	5.0000	-9999.0000	-9999.0000	-9999.0000	-9999.0000	-9999.0000	-9999.0000	17.9522	7	0	25.6926	1.0000	99	9	-9999.0000	45907	22201	-9999	2887	2817	-9999	411.3872	5	0.6117	0.6409	-0.0045	98.5610	0.4002	645.9899	376.4145	38.3565	592.3737	97.1296	633.0197	95.2546	644.7878	95.1157	654.7585	94.9769	
05/08/2017	16:01:56	019001	H340006603HLR	L340	S		568.6767	1.0311	0.0000	99.9605	39.6862	0.8230	0.8260	5.0000	17.3223	675.1233	95.0000	7.2812	25.7000	0.9300	0.9411	0.6390	-0.0042	675.0000	674.7880	1.0285	2.0624	99.9270	39.1609	0.8230	0.8199	5.0000	-9999.0000	-9999.0000	-9999.0000	-9999.0000	-9999.0000	-9999.0000	17.7219	8	0	24.8936	1.0000	99	9	-9999.0000	45908	22202	-9999	2888	2818	-9999	410.9571	5	0.6107	0.6390	-0.0042	100.8994	-0.0100	645.8070	379.4507	37.9861	589.1386	95.9259	632.7358	95.2778	644.5032	95.1389	653.4371	95.0000	
05/08/2017	16:02:22	019001	H340006936HLR	L340	S		548.2505	1.0311	0.0000	99.9963	39.6724	0.8230	0.8257	5.0000	18.3529	0.0000	0.0000	0.0000	0.0000	0.9300	0.0000	0.0000	0.0000	0.0000	561.4992	1.0285	6.0940	99.9010	39.2333	0.8230	0.8204	5.0000	-9999.0000	-9999.0000	-9999.0000	-9999.0000	-9999.0000	-9999.0000	17.5217	1	7	25.6330	1.0000	99	9	-9999.0000	45909	0	-9999	2889	2819	-9999	0.0000	0	0.0000	0.0000	0.0000	0.0000	0.0000	0.0000	0.0000	0.0000	0.0000	0.0000	0.0000	0.0000	0.0000	0.0000	0.0000	0.0000	
05/08/2017	16:02:47	019001	H340006595HLR	L340	S		577.5806	1.0311	0.0000	100.0130	39.6835	0.8230	0.8261	5.0000	17.1815	675.1240	94.9074	11.7016	25.7000	0.9300	0.9411	0.6390	-0.0042	675.0000	686.7632	1.0285	-0.3326	99.7925	39.2976	0.8230	0.8197	5.0000	-9999.0000	-9999.0000	-9999.0000	-9999.0000	-9999.0000	-9999.0000	17.8820	2	2	24.9728	1.0000	99	9	-9999.0000	45910	22203	-9999	2890	2820	-9999	398.5116	5	0.6107	0.6390	-0.0042	100.5868	-0.0354	594.5777	362.9228	37.5926	552.7522	99.0278	578.3820	95.7639	593.0674	95.4861	604.4840	95.0000	
05/08/2017	16:03:12	019001	H340006623HLR	L340	S		575.2065	1.0311	0.0000	100.0556	39.7000	0.8230	0.8260	5.0000	17.4124	675.1545	95.0231	6.9501	25.6000	0.9300	0.9409	0.6395	-0.0043	675.0000	674.6657	1.0285	2.0869	100.1767	39.2644	0.8230	0.8196	5.0000	-9999.0000	-9999.0000	-9999.0000	-9999.0000	-9999.0000	-9999.0000	17.9220	3	0	25.6136	1.0000	99	9	-9999.0000	45911	22204	-9999	2891	2820	-9999	411.7864	5	0.6105	0.6395	-0.0043	104.9422	-0.8157	647.1009	393.1263	36.9907	597.8961	95.4167	634.9912	94.6528	645.8049	94.5833	655.5545	94.8843	
05/08/2017	16:03:37	019001	H340006613HLR	L340	S		564.5919	1.0311	0.0000	99.9998	39.6953	0.8230	0.8259	5.0000	17.4025	675.1462	95.0231	7.6611	25.7000	0.9300	0.9410	0.6298	-0.0029	675.0000	674.4182	1.0285	2.1364	99.9370	39.2589	0.8230	0.8196	5.0000	-9999.0000	-9999.0000	-9999.0000	-9999.0000	-9999.0000	-9999.0000	17.8713	4	0	24.9826	1.0000	99	9	-9999.0000	45912	22205	-9999	2892	2821	-9999	410.4983	5	0.6093	0.6298	-0.0029	50.4599	7.1753	646.6740	379.0439	37.7083	597.7950	95.2546	635.0402	95.3472	645.5594	95.1852	653.1097	94.9537	
05/08/2017	16:04:03	019001	H340006588HLR	L340	S		577.9181	1.0311	0.0000	100.0998	39.6983	0.8230	0.8259	5.0000	17.2618	675.1344	95.0000	5.8406	25.7000	0.9300	0.9410	0.6298	-0.0029	675.0000	674.0098	1.0285	2.2180	100.0560	39.2631	0.8230	0.8196	5.0000	-9999.0000	-9999.0000	-9999.0000	-9999.0000	-9999.0000	-9999.0000	18.1428	5	0	25.6730	1.0000	99	9	-9999.0000	45913	22206	-9999	2892	2822	-9999	413.9910	5	0.6093	0.6298	-0.0029	50.4599	7.1753	660.3508	380.2332	37.5463	610.5932	95.1389	649.0917	94.9537	659.3678	94.8611	667.9024	95.0231	
05/08/2017	16:04:28	019001	H340006598HLR	L340	S		541.4961	1.0311	0.0000	99.8953	39.6500	0.8230	0.8259	5.0000	17.5919	0.0000	0.0000	0.0000	0.0000	0.9300	0.0000	0.0000	0.0000	0.0000	555.9783	1.0285	6.8730	100.0359	39.2613	0.8230	0.8201	5.0000	-9999.0000	-9999.0000	-9999.0000	-9999.0000	-9999.0000	-9999.0000	17.5715	6	7	24.9630	1.0000	99	9	-9999.0000	45914	0	-9999	2893	2823	-9999	0.0000	0	0.0000	0.0000	0.0000	0.0000	0.0000	0.0000	0.0000	0.0000	0.0000	0.0000	0.0000	0.0000	0.0000	0.0000	0.0000	0.0000	
05/08/2017	16:04:54	019001	H340006590HLR	L340	S		580.2850	1.0311	0.0000	99.9615	39.6936	0.8230	0.8259	5.0000	17.4220	675.1969	95.0000	6.2107	25.8000	0.9300	0.9410	0.6535	-0.0062	675.0000	676.0396	1.0285	1.8121	99.8686	39.2905	0.8230	0.8196	5.0000	-9999.0000	-9999.0000	-9999.0000	-9999.0000	-9999.0000	-9999.0000	17.8722	7	0	25.6330	1.0000	99	9	-9999.0000	45915	22207	-9999	2893	2824	-9999	415.2615	5	0.6073	0.6535	-0.0062	86.3945	1.9961	650.8132	358.8264	38.4954	590.6258	96.5046	635.4430	94.9537	649.3000	94.9537	660.8823	94.9306	
05/08/2017	16:05:19	019001	H340006600HLR	L340	S		573.2333	1.0311	0.0000	100.0410	39.6994	0.8230	0.8260	5.0000	17.3022	675.1986	94.9537	6.7010	25.7000	0.9300	0.9410	0.6532	-0.0062	675.0000	674.9938	1.0285	2.0212	99.7382	39.2662	0.8230	0.8195	5.0000	-9999.0000	-9999.0000	-9999.0000	-9999.0000	-9999.0000	-9999.0000	17.8918	8	0	24.9737	1.0000	99	9	-9999.0000	45916	22208	-9999	2894	2825	-9999	413.1760	5	0.6073	0.6532	-0.0062	85.6844	2.1407	645.1436	370.8427	37.6620	586.2228	95.7407	629.7797	95.1157	643.7651	95.0000	654.9041	95.0000	
05/08/2017	16:05:44	019001	H340006583HLR	L340	S		570.3000	1.0311	0.0000	99.9360	39.7000	0.8230	0.8259	5.0000	17.3928	675.1044	94.9769	7.2011	25.7000	0.9300	0.9409	0.6360	-0.0038	675.0000	674.4076	1.0285	2.1385	99.8949	39.2667	0.8230	0.8196	5.0000	-9999.0000	-9999.0000	-9999.0000	-9999.0000	-9999.0000	-9999.0000	17.8916	1	0	25.6927	1.0000	99	9	-9999.0000	45917	22209	-9999	2895	2826	-9999	411.2315	5	0.6077	0.6360	-0.0038	83.9374	2.1405	646.7509	376.7015	37.8009	596.6175	95.2546	634.2310	95.1852	645.6043	95.0694	654.5097	94.9769	
05/08/2017	16:06:09	019001	H340006529HLR	L340	S		568.2370	1.0311	0.0000	99.9337	39.6995	0.8230	0.8259	5.0000	17.3518	675.1765	94.9769	7.1405	25.7000	0.9300	0.9409	0.6360	-0.0038	675.0000	673.6402	1.0285	2.2920	99.9353	39.2708	0.8230	0.8196	5.0000	-9999.0000	-9999.0000	-9999.0000	-9999.0000	-9999.0000	-9999.0000	17.8820	2	0	24.9533	1.0000	99	9	-9999.0000	45918	22210	-9999	2896	2827	-9999	411.4180	5	0.6077	0.6360	-0.0038	83.9374	2.1405	647.0691	375.0953	37.6157	592.9288	95.3241	634.6957	95.1389	646.0840	95.0000	655.0507	95.0463	
05/08/2017	16:06:35	019001	H340006620HLR	L340	S		569.3903	1.0311	0.0000	99.9652	39.7000	0.8230	0.8259	5.0000	17.3321	675.1355	94.9537	6.6307	25.7000	0.9300	0.9409	0.6355	-0.0036	675.0000	674.9190	1.0285	2.0362	99.9220	39.2897	0.8230	0.8196	5.0000	-9999.0000	-9999.0000	-9999.0000	-9999.0000	-9999.0000	-9999.0000	17.9523	3	0	25.6934	1.0000	99	9	-9999.0000	45918	22211	-9999	2897	2828	-9999	412.8630	5	0.6086	0.6355	-0.0036	50.9464	7.1796	652.1713	387.7919	37.6389	603.5574	95.1157	639.4172	95.1389	651.0732	94.9769	660.6058	95.0231	
05/08/2017	16:07:00	019001	H340006572HLR	L340	S		572.4058	1.0311	0.0000	100.1292	39.7000	0.8230	0.8259	5.0000	17.3517	675.1386	94.9769	7.6904	25.7000	0.9300	0.9409	0.6364	-0.0037	675.0000	674.3666	1.0285	2.1467	99.9131	39.2894	0.8230	0.8196	5.0000	-9999.0000	-9999.0000	-9999.0000	-9999.0000	-9999.0000	-9999.0000	17.9514	4	0	24.9827	1.0000	99	9	-9999.0000	45919	22212	-9999	2898	2829	-9999	410.3569	5	0.6088	0.6364	-0.0037	52.2382	7.0287	642.4657	370.5146	37.6389	593.5326	95.6019	630.7157	95.0694	641.3488	95.0231	650.5890	95.0000	
05/08/2017	16:07:25	019001	H340006559HLR	L340	S		573.0786	1.0311	0.0000	99.9566	39.7000	0.8230	0.8259	5.0000	17.2617	675.1200	94.9769	7.3505	25.6000	0.9300	0.9409	0.6362	-0.0037	675.0000	674.4288	1.0285	2.1342	100.0514	39.2894	0.8230	0.8196	5.0000	-9999.0000	-9999.0000	-9999.0000	-9999.0000	-9999.0000	-9999.0000	17.9825	5	0	25.6231	1.0000	99	9	-9999.0000	45920	22213	-9999	2899	2830	-9999	411.2673	5	0.6087	0.6362	-0.0037	50.7788	7.3631	646.2399	389.8470	36.7824	596.0501	95.5093	634.8664	94.9769	645.2100	94.9537	653.8801	94.9537	
05/08/2017	16:07:50	019001	H340006549HLR	L340	S		571.7732	1.0311	0.0000	100.0185	39.7000	0.8230	0.8260	5.0000	17.2716	675.1763	94.9769	7.7011	25.6000	0.9300	0.9409	0.6360	-0.0036	675.0000	674.5308	1.0285	2.1138	99.9294	39.2861	0.8230	0.8193	5.0000	-9999.0000	-9999.0000	-9999.0000	-9999.0000	-9999.0000	-9999.0000	18.7219	6	0	24.9836	1.0000	99	9	-9999.0000	45921	22214	-9999	2900	2831	-9999	410.5805	5	0.6088	0.6360	-0.0036	50.2749	7.5191	643.3814	370.9720	36.7361	592.6667	95.5324	631.4814	95.1389	642.3012	95.0694	650.8448	95.0000	
05/08/2017	16:08:16	019001	H340006540HLR	L340	S		566.3511	1.0311	0.0000	100.0395	39.7000	0.8230	0.8259	5.0000	17.4522	675.1131	94.9769	8.1709	25.6000	0.9300	0.9409	0.6351	-0.0035	675.0000	674.5892	1.0285	2.1022	100.0405	39.2980	0.8230	0.8196	5.0000	-9999.0000	-9999.0000	-9999.0000	-9999.0000	-9999.0000	-9999.0000	17.9728	7	0	25.6330	1.0000	99	9	-9999.0000	45922	22215	-9999	2901	2832	-9999	409.5982	5	0.6091	0.6351	-0.0035	50.7299	7.5770	640.3025	390.1497	38.2870	588.7378	95.0463	628.0554	95.1157	639.2955	95.0000	647.5020	95.0000	
05/08/2017	16:08:41	019001	H340006582HLR	L340	S		579.9318	1.0311	0.0000	100.0238	39.7000	0.8230	0.8259	5.0000	17.3711	675.1587	94.9769	6.3709	25.7000	0.9300	0.9408	0.6340	-0.0033	675.0000	676.0540	1.0285	1.8092	100.1294	39.3078	0.8230	0.8196	5.0000	-9999.0000	-9999.0000	-9999.0000	-9999.0000	-9999.0000	-9999.0000	18.0118	8	0	24.9824	1.0000	99	9	-9999.0000	45923	22216	-9999	2902	2833	-9999	413.8739	5	0.6090	0.6340	-0.0033	86.8455	2.1912	655.3366	371.2486	37.3843	602.9705	94.8148	643.9588	94.8611	654.2236	94.8380	662.1851	94.9537	
05/08/2017	16:09:07	019001	H340006554HLR	L340	S		572.3164	1.0311	0.0000	100.0540	39.7000	0.8230	0.8260	5.0000	17.2423	675.1020	94.9769	7.5204	25.7000	0.9300	0.9409	0.6338	-0.0033	675.0000	674.7150	1.0285	2.0770	99.9069	39.2858	0.8230	0.8190	5.0000	-9999.0000	-9999.0000	-9999.0000	-9999.0000	-9999.0000	-9999.0000	19.4829	1	0	25.7533	1.0000	99	9	-9999.0000	45924	22217	-9999	2903	2834	-9999	411.2792	5	0.6110	0.6338	-0.0033	66.5201	5.1273	646.3749	369.7743	36.2731	593.6555	95.5556	634.4792	95.0231	645.2436	95.0231	653.3599	94.9769	
05/08/2017	16:09:32	019001	H340006534HLR	L340	S		572.8653	1.0311	0.0000	99.9000	39.7000	0.8230	0.8259	5.0000	17.3615	675.1258	95.0000	7.7216	25.7000	0.9300	0.9409	0.6337	-0.0033	675.0000	674.2373	1.0285	2.1725	99.9758	39.3000	0.8230	0.8197	5.0000	-9999.0000	-9999.0000	-9999.0000	-9999.0000	-9999.0000	-9999.0000	17.8528	2	0	25.0030	1.0000	99	9	-9999.0000	45925	22218	-9999	2904	2835	-9999	410.9076	5	0.6108	0.6337	-0.0033	71.3522	4.4266	644.4011	374.4773	37.7315	594.3209	94.9769	632.4003	94.9306	643.3222	94.9306	651.6085	94.9537	
05/08/2017	16:09:57	019001	H340006535HLR	L340	S		576.1415	1.0311	0.0000	99.9235	39.7000	0.8230	0.8259	5.0000	17.4219	675.0915	95.0231	7.5810	25.6000	0.9300	0.9409	0.6332	-0.0032	675.0000	676.2047	1.0285	1.7791	100.0861	39.3210	0.8230	0.8195	5.0000	-9999.0000	-9999.0000	-9999.0000	-9999.0000	-9999.0000	-9999.0000	17.9719	3	0	25.6328	1.0000	99	9	-9999.0000	45926	22219	-9999	2905	2836	-9999	411.2221	5	0.6107	0.6332	-0.0032	73.1165	4.1187	647.9252	369.7392	37.8935	598.9796	94.9074	636.7516	95.0926	646.8363	94.9769	654.7991	94.9769	
05/08/2017	16:10:22	019001	H340006564HLR	L340	S		567.8557	1.0311	0.0000	100.0707	39.7000	0.8230	0.8260	5.0000	17.2326	675.1539	94.9537	7.3407	25.6000	0.9300	0.9409	0.6331	-0.0032	675.0000	674.6393	1.0285	2.0921	99.9622	39.2965	0.8230	0.8194	5.0000	-9999.0000	-9999.0000	-9999.0000	-9999.0000	-9999.0000	-9999.0000	18.1624	4	0	24.9337	1.0000	99	9	-9999.0000	45927	22220	-9999	2906	2837	-9999	411.7712	5	0.6105	0.6331	-0.0032	71.0468	4.3794	647.5254	389.0555	37.8472	600.2286	95.3009	636.5028	94.8148	646.4958	94.8148	654.8537	94.9769	
05/08/2017	16:10:48	019001	H340006544HLR	L340	S		573.6582	1.0311	0.0000	99.9350	39.7000	0.8230	0.8259	5.0000	17.4027	675.1546	94.9769	7.2909	25.6000	0.9300	0.9409	0.6313	-0.0029	675.0000	674.3416	1.0285	2.1517	99.9124	39.3009	0.8230	0.8195	5.0000	-9999.0000	-9999.0000	-9999.0000	-9999.0000	-9999.0000	-9999.0000	18.0423	5	0	25.6526	1.0000	99	9	-9999.0000	45928	22221	-9999	2907	2838	-9999	411.8630	5	0.6100	0.6313	-0.0029	81.7463	2.9250	648.1504	397.5695	40.5093	604.2400	94.4444	637.6689	94.6528	647.0139	94.6528	655.2369	94.9074	
05/08/2017	16:11:13	019001	H340006568HLR	L340	S		577.4212	1.0311	0.0000	99.9593	39.7000	0.8230	0.8261	5.0000	17.1827	675.0982	94.9769	6.7108	25.7000	0.9300	0.9409	0.6297	-0.0027	675.0000	676.6267	1.0285	1.6947	99.8763	39.3137	0.8230	0.8195	5.0000	-9999.0000	-9999.0000	-9999.0000	-9999.0000	-9999.0000	-9999.0000	18.0618	6	0	24.9836	1.0000	99	9	-9999.0000	45929	22222	-9999	2908	2838	-9999	412.9011	5	0.6098	0.6297	-0.0027	83.6178	2.6208	655.6231	392.9439	39.6528	604.0507	94.5370	644.1773	95.0694	654.5787	94.9769	662.2380	95.0231	
05/08/2017	16:11:39	019001	H340006536HLR	L340	S		576.6990	1.0311	0.0000	99.9728	39.7000	0.8230	0.8259	5.0000	17.3214	675.1091	94.9769	6.9608	25.7000	0.9300	0.9410	0.6303	-0.0028	675.0000	676.3848	1.0285	1.7430	99.8574	39.3148	0.8230	0.8194	5.0000	-9999.0000	-9999.0000	-9999.0000	-9999.0000	-9999.0000	-9999.0000	18.1015	7	0	25.6230	1.0000	99	9	-9999.0000	45930	22223	-9999	2909	2839	-9999	412.4273	5	0.6096	0.6303	-0.0028	77.8579	3.2859	653.3877	377.4659	37.8241	600.1984	95.0000	641.7459	95.1852	652.2570	95.0926	659.7435	94.9769	
05/08/2017	16:12:04	019001	H340006557HLR	L340	S		571.8653	1.0311	0.0000	99.9490	39.7000	0.8230	0.8259	5.0000	17.2813	675.0907	94.9537	6.6004	25.7000	0.9300	0.9409	0.6300	-0.0028	675.0000	675.7951	1.0285	1.8610	99.9181	39.3122	0.8230	0.8195	5.0000	-9999.0000	-9999.0000	-9999.0000	-9999.0000	-9999.0000	-9999.0000	18.1124	8	0	24.9826	1.0000	99	9	-9999.0000	45931	22224	-9999	2910	2840	-9999	413.0991	5	0.6096	0.6300	-0.0028	73.6518	3.8527	655.0109	372.7335	37.7315	600.4451	94.9306	643.4205	95.0000	653.9971	94.9537	662.1654	95.0000	
05/08/2017	16:13:20	019001	H340006566HLR	L340	S		574.3293	1.0311	0.0000	99.9881	39.7000	0.8230	0.8259	5.0000	17.4015	675.1208	95.0000	7.0106	25.7000	0.9300	0.9410	0.6308	-0.0029	675.0000	674.4420	1.0285	2.1316	99.9204	39.3187	0.8230	0.8194	5.0000	-9999.0000	-9999.0000	-9999.0000	-9999.0000	-9999.0000	-9999.0000	18.3323	1	0	76.8600	1.0000	99	9	-9999.0000	45932	22225	-9999	2911	2841	-9999	412.4436	5	0.6095	0.6308	-0.0029	68.5046	4.3742	651.4503	370.7718	37.7778	597.2909	95.2083	639.7070	95.0926	650.3891	95.0463	658.4150	95.0000	
05/08/2017	16:17:26	019001	error reading	L340	S		0.0000	0.0000	0.0000	0.0000	0.0000	0.8230	0.0000	0.0000	0.0000	0.0000	0.0000	0.0000	0.0000	0.9300	0.0000	0.0000	0.0000	0.0000	0.0000	0.0000	0.0000	0.0000	0.0000	0.8230	0.0000	0.0000	0.0000	0.0000	0.0000	0.0000	0.0000	0.0000	0.0000	0	28	76.8600	1.0000	99	9	0.0000	0	0	0	0	0	0	0.0000	0	0.0000	0.0000	0.0000	0.0000	0.0000	0.0000	0.0000	0.0000	0.0000	0.0000	0.0000	0.0000	0.0000	0.0000	0.0000	0.0000	
05/08/2017	16:17:48	019001	H340006576HLR	L340	S		569.9236	1.0311	0.0000	99.9709	39.7000	0.8230	0.8259	5.0000	17.3020	675.1502	95.0000	7.6005	25.7000	0.9300	0.9410	0.6277	-0.0024	675.0000	674.7618	1.0285	2.0676	100.0574	39.3213	0.8230	0.8195	5.0000	-9999.0000	-9999.0000	-9999.0000	-9999.0000	-9999.0000	-9999.0000	18.0217	2	0	267.6322	1.0000	99	9	-9999.0000	45933	22226	-9999	2912	2842	-9999	411.3314	5	0.6096	0.6277	-0.0024	67.4990	4.5595	649.0756	366.5319	37.3611	598.8805	95.1852	637.9888	95.1389	648.0546	95.0000	655.6181	95.0000	
05/08/2017	16:18:14	019001	H340008473HLR	L340	S		573.5094	1.0311	0.0000	100.0319	39.7000	0.8230	0.8259	5.0000	17.3721	675.1280	95.0231	7.3505	25.6000	0.9300	0.9410	0.6264	-0.0023	675.0000	675.3264	1.0285	1.9547	99.9572	39.0918	0.8230	0.8190	5.0000	-9999.0000	-9999.0000	-9999.0000	-9999.0000	-9999.0000	-9999.0000	18.1925	3	0	25.7835	1.0000	99	9	-9999.0000	45934	22227	-9999	2913	2843	-9999	411.6369	5	0.6096	0.6264	-0.0023	68.5639	4.4131	649.9112	365.2136	36.0648	600.3701	95.5324	640.1213	94.6296	648.8987	94.6528	656.9590	94.9306	
05/08/2017	16:18:39	019001	H340008464HLR	L340	S		574.9296	1.0311	0.0000	99.9868	39.7000	0.8230	0.8258	5.0000	17.3822	675.1139	94.9769	6.3211	25.7000	0.9300	0.9410	0.6262	-0.0023	675.0000	674.0643	1.0285	2.2071	100.2021	39.0217	0.8230	0.8197	5.0000	-9999.0000	-9999.0000	-9999.0000	-9999.0000	-9999.0000	-9999.0000	18.2024	4	0	24.9327	1.0000	99	9	-9999.0000	45935	22228	-9999	2914	2844	-9999	413.2159	5	0.6099	0.6262	-0.0023	69.9866	4.3642	658.7071	372.9229	36.1343	604.3402	95.4861	647.4842	95.1157	657.7430	95.0463	665.5974	95.0000	
05/08/2017	16:20:42	019001	H340006548HLR	L340	S		576.9268	1.0311	0.0000	100.0183	39.7000	0.8230	0.8259	5.0000	17.2327	675.1039	95.0000	6.8016	25.7000	0.9300	0.9411	0.6240	-0.0019	675.0000	675.0834	1.0285	2.0033	99.8704	39.1333	0.8230	0.8205	5.0000	-9999.0000	-9999.0000	-9999.0000	-9999.0000	-9999.0000	-9999.0000	17.6124	5	0	123.0052	1.0000	99	9	-9999.0000	45936	22229	-9999	2915	2845	-9999	412.5393	5	0.6103	0.6240	-0.0019	75.7614	3.3896	655.8833	365.0746	37.8704	606.0290	95.1389	645.3303	94.9769	654.8655	95.0000	661.8255	94.9769	
05/08/2017	16:22:37	019001	H340008454HLR	L340	S		568.2965	1.0311	0.0000	99.9640	39.7000	0.8230	0.8259	5.0000	17.4414	675.0933	95.0000	7.3007	25.9000	0.9300	0.9411	0.6214	-0.0016	675.0000	676.1118	1.0285	1.7976	99.9538	39.2323	0.8230	0.8197	5.0000	-9999.0000	-9999.0000	-9999.0000	-9999.0000	-9999.0000	-9999.0000	19.2631	6	0	115.3734	1.0000	99	9	-9999.0000	45937	22230	-9999	2916	2846	-9999	411.8943	5	0.6101	0.6214	-0.0016	79.6541	2.9093	654.0341	355.3993	37.0139	602.1746	98.3796	643.8656	95.1620	653.0164	95.0694	659.5963	95.0231	
05/08/2017	16:23:03	019001	H340006547HLR	L340	S		576.0808	1.0311	0.0000	99.9080	39.5230	0.8230	0.8254	5.0000	17.3116	675.0946	94.8843	7.5615	25.8000	0.9300	0.9409	0.6218	-0.0016	675.0000	675.7780	1.0285	1.8644	99.9051	39.0197	0.8230	0.8196	5.0000	-9999.0000	-9999.0000	-9999.0000	-9999.0000	-9999.0000	-9999.0000	18.3419	7	0	25.8333	1.0000	99	9	-9999.0000	45938	22231	-9999	2917	2847	-9999	411.5462	5	0.6101	0.6218	-0.0016	85.5906	2.0587	652.0349	365.5150	37.8241	606.2504	100.8796	642.1347	95.2546	651.1591	95.1852	657.6924	95.0463	
05/08/2017	16:23:28	019001	H340006931HLR	L340	S		575.7995	1.0311	0.0000	99.9348	39.5000	0.8230	0.8260	5.0000	17.2121	680.5367	94.9537	4.1509	25.7000	0.9300	0.0000	0.6276	-0.0024	675.0000	677.0945	1.0285	1.6011	99.9567	38.9915	0.8230	0.8196	5.0000	-9999.0000	-9999.0000	-9999.0000	-9999.0000	-9999.0000	-9999.0000	18.1515	8	0	24.9629	1.0000	99	9	-9999.0000	45939	22232	-9999	2918	2848	-9999	420.2957	5	0.6104	0.6276	-0.0024	87.0496	1.8686	680.3764	391.3344	38.1713	622.8098	96.3194	668.4438	95.1389	679.4055	94.9769	0.0000	0.0000	
05/08/2017	16:26:20	019001	H340006960HLR	L340	S		578.7000	1.0311	0.0000	99.9495	39.5390	0.8230	0.8266	5.0000	17.2724	675.0817	94.9769	6.6307	25.8000	0.9300	0.9408	0.6246	-0.0020	675.0000	674.6199	1.0285	2.0960	99.9305	39.1297	0.8230	0.8205	5.0000	-9999.0000	-9999.0000	-9999.0000	-9999.0000	-9999.0000	-9999.0000	17.6819	1	0	172.2418	1.0000	99	9	-9999.0000	45940	22233	-9999	2919	2849	-9999	412.8579	5	0.6107	0.6246	-0.0020	71.7977	4.1657	657.3610	382.6976	36.6435	604.9092	96.8750	647.0349	95.1389	656.3115	95.0694	663.2552	95.0231	
05/08/2017	16:26:45	019001	H340006950HLR	L340	S		582.8143	1.0311	0.0000	99.9575	39.6767	0.8230	0.8265	5.0000	17.3527	675.0966	94.9537	7.0614	26.0000	0.9300	0.9409	0.6265	-0.0023	675.0000	675.3293	1.0285	1.9541	99.8960	39.2325	0.8230	0.8202	5.0000	-9999.0000	-9999.0000	-9999.0000	-9999.0000	-9999.0000	-9999.0000	17.7620	2	0	24.9825	1.0000	99	9	-9999.0000	45941	22234	-9999	2920	2850	-9999	412.1893	5	0.6106	0.6265	-0.0023	74.0944	3.8205	654.2292	357.6212	36.7361	601.8994	99.5602	643.9015	95.3704	653.2075	95.1157	660.1647	95.0463	
05/08/2017	16:27:11	019001	H340006940HLR	L340	S		574.7457	1.0311	0.0000	100.1076	39.4287	0.8230	0.8262	5.0000	17.2121	675.0929	94.9769	7.0009	25.9000	0.9300	0.9405	0.6281	-0.0025	675.0000	676.2706	1.0285	1.7659	99.9199	38.9970	0.8230	0.8196	5.0000	-9999.0000	-9999.0000	-9999.0000	-9999.0000	-9999.0000	-9999.0000	18.2923	3	0	25.7228	1.0000	99	9	-9999.0000	45942	22235	-9999	2921	2851	-9999	412.2210	5	0.6104	0.6281	-0.0025	81.5075	2.7407	652.2622	360.3599	37.0833	605.7003	98.9815	642.5689	94.8380	651.3331	94.6991	658.8278	94.9306	
05/08/2017	16:27:36	019001	H340006952HLR	L340	S		580.6491	1.0311	0.0000	100.0132	39.3954	0.8230	0.8257	5.0000	17.2313	685.1220	94.9306	4.1499	25.7000	0.9300	0.0000	0.6345	-0.0034	675.0000	683.4303	1.0285	0.3339	100.0045	39.1000	0.8230	0.8204	5.0000	-9999.0000	-9999.0000	-9999.0000	-9999.0000	-9999.0000	-9999.0000	17.7516	4	2	24.9239	1.0000	99	9	-9999.0000	45943	22236	-9999	2922	2851	-9999	425.0898	5	0.6114	0.6345	-0.0034	98.1974	0.4814	684.9514	370.9787	37.6620	624.9340	95.4861	672.4628	95.0926	683.8965	94.9306	0.0000	0.0000	
05/08/2017	16:28:01	019001	H340006944HLR	L340	S		576.1621	1.0311	0.0000	99.9958	39.4689	0.8230	0.8266	5.0000	17.3215	678.7847	95.0926	4.1499	25.7000	0.9300	0.0000	0.6345	-0.0034	675.0000	678.2528	1.0285	1.3694	100.0568	39.2289	0.8230	0.8203	5.0000	-9999.0000	-9999.0000	-9999.0000	-9999.0000	-9999.0000	-9999.0000	17.6115	5	0	25.6127	1.0000	99	9	-9999.0000	45944	22237	-9999	2923	2852	-9999	421.2026	5	0.6117	0.6345	-0.0034	96.6741	0.6704	678.5864	376.1164	37.7778	618.8300	95.6481	665.1542	95.3472	677.3958	95.1157	0.0000	0.0000	
05/08/2017	16:35:18	019001	H340006928HLR	L340	S		559.0191	1.0311	0.0000	99.9781	39.6723	0.8230	0.8267	5.0000	17.4015	675.1567	94.9306	8.0215	25.9000	0.9300	0.9408	0.6348	-0.0034	675.0000	675.2781	1.0285	1.9644	99.9988	39.2199	0.8230	0.8198	5.0000	-9999.0000	-9999.0000	-9999.0000	-9999.0000	-9999.0000	-9999.0000	17.8421	6	0	436.9437	1.0000	99	9	-9999.0000	45945	22238	-9999	2924	2852	-9999	410.1059	5	0.6116	0.6348	-0.0034	96.1961	0.5706	641.7486	350.9685	37.1528	590.4281	101.6204	630.3970	95.0463	640.5180	94.9769	648.9525	94.9769	
05/08/2017	16:35:44	019001	H340006958HLR	L340	S		572.0091	1.0311	0.0000	99.9631	39.5500	0.8230	0.8262	5.0000	17.2219	676.6424	94.9769	4.1499	25.8000	0.9300	0.0000	0.6350	-0.0035	675.0000	676.7043	1.0285	1.6791	99.8908	39.1924	0.8230	0.8197	5.0000	-9999.0000	-9999.0000	-9999.0000	-9999.0000	-9999.0000	-9999.0000	17.6818	7	0	25.7826	1.0000	99	9	-9999.0000	45946	22239	-9999	2925	2853	-9999	419.9685	5	0.6114	0.6350	-0.0035	96.3229	0.5800	676.4387	401.3025	38.6343	616.8559	95.4630	662.8143	95.1157	675.2722	94.9769	0.0000	0.0000	
05/08/2017	16:36:35	019001	H340006949HLR	L340	S		579.0000	1.0311	0.0000	99.9239	39.6391	0.8230	0.8265	5.0000	17.2013	679.4415	94.6065	4.1509	25.8000	0.9300	0.0000	0.6362	-0.0037	675.0000	677.7012	1.0285	1.4798	100.0405	38.9199	0.8230	0.8198	5.0000	-9999.0000	-9999.0000	-9999.0000	-9999.0000	-9999.0000	-9999.0000	17.9218	1	0	25.7433	1.0000	99	9	-9999.0000	45948	22240	-9999	2927	2854	-9999	421.9543	5	0.6135	0.6362	-0.0037	106.8616	-1.2307	679.2761	369.9227	38.6574	618.5623	97.0139	667.2197	95.1157	678.2265	94.6296	0.0000	0.0000	
05/08/2017	16:37:00	019001	H340006948HLR	L340	S		581.1787	1.0311	0.0000	100.0551	39.6920	0.8230	0.8262	5.0000	17.3516	679.8534	94.9074	4.1499	25.8000	0.9300	0.0000	0.6362	-0.0037	675.0000	678.1196	1.0285	1.3961	100.0063	39.0283	0.8230	0.8206	5.0000	-9999.0000	-9999.0000	-9999.0000	-9999.0000	-9999.0000	-9999.0000	17.5421	2	0	24.9825	1.0000	99	9	-9999.0000	45949	22241	-9999	2928	2855	-9999	422.2784	5	0.6129	0.6362	-0.0037	106.4660	-1.1496	679.6003	386.7079	38.7731	620.5870	95.5324	664.6285	95.0694	677.9961	94.9074	0.0000	0.0000	
05/08/2017	16:37:25	019001	H340006937HLR	L340	S		569.9700	1.0311	0.0000	99.9811	39.6500	0.8230	0.8260	5.0000	17.1515	677.3188	94.9074	4.1499	26.0000	0.9300	0.0000	0.6359	-0.0036	675.0000	677.2024	1.0285	1.5795	99.8645	39.1376	0.8230	0.8204	5.0000	-9999.0000	-9999.0000	-9999.0000	-9999.0000	-9999.0000	-9999.0000	17.7022	3	0	25.6331	1.0000	99	9	-9999.0000	45950	22242	-9999	2929	2856	-9999	420.6276	5	0.6139	0.6359	-0.0036	107.5521	-1.2258	677.1090	348.7955	36.7593	601.9017	101.3889	664.4231	95.1389	675.7755	94.9306	0.0000	0.0000	
05/08/2017	16:37:50	019001	H340006955HLR	L340	S		581.5391	1.0311	0.0000	99.9973	39.4335	0.8230	0.8260	5.0000	17.3516	679.8959	94.6991	4.1499	25.8000	0.9300	0.0000	0.6359	-0.0036	675.0000	679.9865	1.0285	1.0227	100.0156	39.1482	0.8230	0.8200	5.0000	-9999.0000	-9999.0000	-9999.0000	-9999.0000	-9999.0000	-9999.0000	17.7023	4	0	24.9834	1.0000	99	9	-9999.0000	45951	22243	-9999	2930	2857	-9999	422.2201	5	0.6139	0.6359	-0.0036	107.5521	-1.2258	679.7094	402.7125	38.4259	623.3118	98.1019	668.2921	95.2315	678.6252	94.7222	0.0000	0.0000	
05/08/2017	16:39:08	019001	H340006615HLR	L340	S		577.8669	1.0311	0.0000	99.9912	39.4603	0.8230	0.8265	5.0000	17.2403	676.8363	94.8380	4.1509	25.8000	0.9300	0.0000	0.6367	-0.0037	675.0000	677.3234	1.0285	1.5553	100.0127	39.1233	0.8230	0.8198	5.0000	-9999.0000	-9999.0000	-9999.0000	-9999.0000	-9999.0000	-9999.0000	17.7922	5	0	77.9588	1.0000	99	9	-9999.0000	45952	22244	-9999	2931	2858	-9999	420.5511	5	0.6152	0.6367	-0.0037	107.5359	-1.3970	676.6230	395.5298	38.9815	618.9248	96.5741	663.9816	94.9074	675.4064	94.8380	0.0000	0.0000	
05/08/2017	16:39:33	019001	H340006618HLR	L340	S		579.0657	1.0311	0.0000	100.0535	39.6065	0.8230	0.8266	5.0000	17.3321	678.5399	95.1389	4.1499	25.8000	0.9300	0.0000	0.6375	-0.0039	675.0000	677.9098	1.0285	1.4380	99.8846	39.1170	0.8230	0.8198	5.0000	-9999.0000	-9999.0000	-9999.0000	-9999.0000	-9999.0000	-9999.0000	17.7219	6	0	24.9932	1.0000	99	9	-9999.0000	45953	22245	-9999	2932	2859	-9999	421.8018	5	0.6166	0.6375	-0.0039	107.9748	-1.6646	678.3371	375.7939	38.8657	614.8168	96.5278	664.5760	95.1852	677.0381	95.1620	0.0000	0.0000	
05/08/2017	16:39:59	019001	H340006608HLR	L340	S		578.8478	1.0311	0.0000	99.9459	39.6849	0.8230	0.8263	5.0000	17.2814	675.2694	94.9537	5.0905	25.8000	0.9300	0.9407	0.6377	-0.0039	675.0000	685.7147	1.0285	-0.1229	100.0948	38.9373	0.8230	0.8194	5.0000	-9999.0000	-9999.0000	-9999.0000	-9999.0000	-9999.0000	-9999.0000	17.8917	7	2	25.6730	1.0000	99	9	-9999.0000	45954	22246	-9999	2933	2860	-9999	417.4454	5	0.6166	0.6377	-0.0039	110.1722	-1.9543	664.2350	395.1697	38.2870	596.7912	96.8519	649.6800	95.4398	662.8548	95.2083	674.1533	94.9537	
05/08/2017	16:40:24	019001	H340006625HLR	L340	S		566.0855	1.0311	0.0000	100.0252	39.6095	0.8230	0.8258	5.0000	17.7630	676.5816	95.1389	4.1499	25.8000	0.9300	0.0000	0.6374	-0.0038	675.0000	678.6983	1.0285	1.2803	99.9425	39.0601	0.8230	0.8204	5.0000	-9999.0000	-9999.0000	-9999.0000	-9999.0000	-9999.0000	-9999.0000	17.7025	8	0	24.9434	1.0000	99	9	-9999.0000	45955	22247	-9999	2934	2861	-9999	420.5313	5	0.6175	0.6374	-0.0038	108.3158	-1.6234	676.4688	394.5918	39.7222	617.6922	95.3472	664.8260	95.2546	675.7518	95.1620	0.0000	0.0000	
05/08/2017	16:40:50	019001	H340006597HLR	L340	S		558.2986	1.0311	0.0000	99.9910	39.5500	0.8230	0.8260	5.0000	17.2520	679.1228	95.0694	4.1509	25.8000	0.9300	0.0000	0.6373	-0.0038	675.0000	678.7371	1.0285	1.2726	100.0041	39.1961	0.8230	0.8203	5.0000	-9999.0000	-9999.0000	-9999.0000	-9999.0000	-9999.0000	-9999.0000	17.6620	1	0	25.6928	1.0000	99	9	-9999.0000	45956	22248	-9999	2934	2862	-9999	422.0812	5	0.6187	0.6373	-0.0038	90.0656	2.6396	678.8969	389.4022	38.2407	615.9685	95.6019	664.6627	95.1620	677.5080	95.0926	0.0000	0.0000	
05/08/2017	16:41:15	019001	H340006605HLR	L340	S		581.1909	1.0311	0.0000	100.0221	39.5767	0.8230	0.8261	5.0000	17.0918	675.9994	94.9769	4.1499	25.8000	0.9300	0.0000	0.6368	-0.0037	675.0000	678.4745	1.0285	1.3251	100.1170	39.1971	0.8230	0.8199	5.0000	-9999.0000	-9999.0000	-9999.0000	-9999.0000	-9999.0000	-9999.0000	17.6524	2	0	24.9737	1.0000	99	9	-9999.0000	45957	22249	-9999	2935	2863	-9999	420.2217	5	0.6200	0.6368	-0.0037	83.9044	4.0334	675.7914	363.4697	38.7500	612.7262	97.4074	661.9285	95.2778	674.4293	94.9769	0.0000	0.0000	
05/08/2017	16:41:40	019001	H340006604HLR	L340	S		567.2687	1.0311	0.0000	99.9342	39.4456	0.8230	0.8256	5.0000	17.1123	675.1861	94.9769	6.3006	25.7000	0.9300	0.9406	0.6368	-0.0037	675.0000	678.0353	1.0285	1.4129	100.0305	39.1623	0.8230	0.8197	5.0000	-9999.0000	-9999.0000	-9999.0000	-9999.0000	-9999.0000	-9999.0000	17.7219	3	0	25.6230	1.0000	99	9	-9999.0000	45958	22250	-9999	2936	2864	-9999	414.4187	5	0.6190	0.6368	-0.0037	82.8921	4.2124	655.6998	366.5019	38.6574	599.0230	96.3657	643.3534	95.3472	654.5912	95.1852	663.0475	95.0000	
05/08/2017	16:42:07	019001	H340006594HLR	L340	S		578.4670	1.0311	0.0000	99.9375	39.4080	0.8230	0.8262	5.0000	17.1916	677.2189	95.0694	4.1499	25.7000	0.9300	0.0000	0.6364	-0.0036	675.0000	677.7561	1.0285	1.4688	99.7870	39.1466	0.8230	0.8193	5.0000	-9999.0000	-9999.0000	-9999.0000	-9999.0000	-9999.0000	-9999.0000	18.8224	4	0	27.1929	1.0000	99	9	-9999.0000	45959	22251	-9999	2937	2865	-9999	420.8408	5	0.6188	0.6364	-0.0036	82.4477	4.2708	677.0394	372.7383	37.9398	615.5219	95.5093	663.2976	95.2546	675.9415	95.0926	0.0000	0.0000	
05/08/2017	16:42:33	019001	H340006585HLR	L340	S		567.0724	1.0311	0.0000	99.9310	39.5983	0.8230	0.8267	5.0000	17.1816	675.3378	94.9769	5.6306	25.8000	0.9300	0.9407	0.6772	-0.0134	675.0000	667.2670	1.0285	3.5666	100.0401	39.1664	0.8230	0.8198	5.0000	-9999.0000	-9999.0000	-9999.0000	-9999.0000	-9999.0000	-9999.0000	17.9123	5	1	25.6828	1.0000	99	9	-9999.0000	45959	22252	-9999	2938	2866	-9999	406.3840	5	0.6204	0.6772	-0.0134	77.9179	5.6857	646.7060	354.5845	37.2222	574.8704	96.1343	623.8749	95.2778	644.3992	95.2083	663.2200	94.9769	
05/08/2017	16:42:58	019001	H340006587HLR	L340	S		576.2453	1.0311	0.0000	99.9646	39.7164	0.8230	0.8263	5.0000	17.3820	675.2385	94.8843	4.1499	25.8000	0.9300	0.0000	0.6766	-0.0133	675.0000	677.7857	1.0285	1.4629	99.8588	39.1904	0.8230	0.8196	5.0000	-9999.0000	-9999.0000	-9999.0000	-9999.0000	-9999.0000	-9999.0000	17.9718	6	0	24.9532	1.0000	99	9	-9999.0000	45960	22253	-9999	2939	2867	-9999	419.6516	5	0.6203	0.6766	-0.0133	60.4471	9.1194	674.8364	366.3086	38.5648	596.5244	95.2083	650.7531	94.8380	672.3782	94.8843	0.0000	0.0000	
05/08/2017	16:43:24	019001	H340006591HLR	L340	S		567.8030	1.0311	0.0000	99.9603	39.6954	0.8230	0.8259	5.0000	17.4026	675.1895	95.0000	5.6608	25.8000	0.9300	0.9407	0.6442	-0.0056	675.0000	675.5397	1.0285	1.9121	100.0156	39.1738	0.8230	0.8197	5.0000	-9999.0000	-9999.0000	-9999.0000	-9999.0000	-9999.0000	-9999.0000	17.7317	7	0	25.5431	1.0000	99	9	-9999.0000	45961	22254	-9999	2940	2868	-9999	413.6820	5	0.6191	0.6442	-0.0056	75.3585	5.7392	657.7059	355.8195	37.0370	595.6630	95.6944	641.8408	95.1389	656.1179	95.0000	667.4065	94.9769	
05/08/2017	16:44:14	019001	H340006541HLR	L340	S		567.6081	1.0311	0.0000	99.9346	39.5835	0.8230	0.8260	5.0000	17.2425	675.2547	94.9306	5.5602	25.8000	0.9300	0.9408	0.6581	-0.0090	675.0000	670.5168	1.0285	2.9166	100.0523	39.0805	0.8230	0.8192	5.0000	-9999.0000	-9999.0000	-9999.0000	-9999.0000	-9999.0000	-9999.0000	18.0713	1	0	25.6330	1.0000	99	9	-9999.0000	45963	22255	-9999	2942	2868	-9999	410.6935	5	0.6178	0.6581	-0.0090	76.6234	5.3412	653.8366	364.2509	36.8519	589.1898	97.5463	634.8214	95.2546	652.0603	95.1389	667.1884	94.9769	
05/08/2017	16:44:41	019001	H340006589HLR	L340	S		563.8869	1.0311	0.0000	100.0106	39.6000	0.8230	0.8256	5.0000	18.6418	675.1603	94.9769	5.4304	25.8000	0.9300	0.9409	0.6571	-0.0088	675.0000	670.7839	1.0285	2.8632	99.9506	39.1000	0.8230	0.8199	5.0000	-9999.0000	-9999.0000	-9999.0000	-9999.0000	-9999.0000	-9999.0000	17.8430	2	0	26.9134	1.0000	99	9	-9999.0000	45964	22256	-9999	2943	2869	-9999	411.4038	5	0.6177	0.6571	-0.0088	78.9900	4.9068	656.0630	355.1062	38.3796	588.4796	95.6481	636.7310	95.3009	654.2434	95.1620	669.1754	95.0000	
05/08/2017	16:45:07	019001	H340006610HLR	L340	S		563.6117	1.0311	0.0000	100.0107	39.6262	0.8230	0.8261	5.0000	17.3419	675.2150	94.9537	5.6501	25.8000	0.9300	0.9408	0.6431	-0.0055	675.0000	673.4826	1.0285	2.3235	100.1447	39.1995	0.8230	0.8201	5.0000	-9999.0000	-9999.0000	-9999.0000	-9999.0000	-9999.0000	-9999.0000	17.8313	3	0	25.6330	1.0000	99	9	-9999.0000	45965	22257	-9999	2944	2870	-9999	413.2714	5	0.6167	0.6431	-0.0055	78.1826	5.1034	657.8087	363.6786	37.8472	596.3292	95.5787	642.3330	95.1157	656.3784	95.0694	667.7983	95.0000	
05/08/2017	16:45:32	019001	H340006571HLR	L340	S		572.9998	1.0311	0.0000	99.9230	39.6532	0.8230	0.8260	5.0000	17.3918	675.2148	95.0000	5.2506	25.8000	0.9300	0.9408	0.6431	-0.0055	675.0000	675.1773	1.0285	1.9845	100.1388	39.2233	0.8230	0.8198	5.0000	-9999.0000	-9999.0000	-9999.0000	-9999.0000	-9999.0000	-9999.0000	17.7423	4	0	24.9326	1.0000	99	9	-9999.0000	45966	22258	-9999	2945	2871	-9999	414.7602	5	0.6167	0.6431	-0.0055	78.1826	5.1034	662.4305	364.1470	36.0648	599.4928	95.7639	645.2392	94.9074	660.6808	94.9537	672.4463	95.0000	
05/08/2017	16:45:57	019001	H340006560HLR	L340	S		564.8367	1.0311	0.0000	99.9897	39.6500	0.8230	0.8260	5.0000	17.1017	675.1899	95.0231	5.3210	25.8000	0.9300	0.9409	0.6409	-0.0050	675.0000	674.4795	1.0285	2.1241	99.9394	39.1952	0.8230	0.8196	5.0000	-9999.0000	-9999.0000	-9999.0000	-9999.0000	-9999.0000	-9999.0000	17.8118	5	0	25.5940	1.0000	99	9	-9999.0000	45967	22259	-9999	2946	2872	-9999	414.6960	5	0.6157	0.6409	-0.0050	99.2776	1.2245	662.9896	368.0350	35.9259	602.7084	95.8796	646.8844	95.1157	661.5995	94.9537	671.6594	95.0231	
05/08/2017	16:46:48	019001	H340006530HLR	L340	S		559.3444	1.0311	0.0000	99.9720	39.6389	0.8230	0.8260	5.0000	17.3116	675.1968	95.0463	6.7108	25.8000	0.9300	0.9409	0.6404	-0.0049	675.0000	673.7502	1.0285	2.2700	100.0631	39.0868	0.8230	0.8191	5.0000	-9999.0000	-9999.0000	-9999.0000	-9999.0000	-9999.0000	-9999.0000	17.9621	7	0	25.6135	1.0000	99	9	-9999.0000	45969	22260	-9999	2948	2873	-9999	410.2785	5	0.6154	0.6404	-0.0049	78.5272	4.9898	647.5972	360.6968	36.7130	590.6324	97.3148	633.8053	95.2315	646.3386	95.1852	656.6078	94.9306	
05/08/2017	16:47:13	019001	H340006579HLR	L340	S		558.7648	1.0311	0.0000	100.0176	39.6500	0.8230	0.8260	5.0000	17.1427	675.2249	94.9769	6.4803	25.8000	0.9300	0.9409	0.6382	-0.0046	675.0000	673.9192	1.0285	2.2362	100.0590	39.1000	0.8230	0.8199	5.0000	-9999.0000	-9999.0000	-9999.0000	-9999.0000	-9999.0000	-9999.0000	17.7120	8	0	24.9231	1.0000	99	9	-9999.0000	45970	22261	-9999	2949	2874	-9999	411.0668	5	0.6147	0.6382	-0.0046	78.7256	4.8769	651.1095	371.4150	35.8333	594.0012	96.2037	637.0974	95.2083	649.7338	95.1620	660.0906	95.0000	
05/08/2017	16:47:38	019001	H340006581HLR	L340	S		564.5458	1.0311	0.0000	100.0241	39.6475	0.8230	0.8258	5.0000	17.5519	675.1862	94.9769	6.1013	25.7000	0.9300	0.9407	0.6380	-0.0044	675.0000	674.1027	1.0285	2.1995	100.0521	39.2000	0.8230	0.8201	5.0000	-9999.0000	-9999.0000	-9999.0000	-9999.0000	-9999.0000	-9999.0000	17.7023	1	0	25.5833	1.0000	99	9	-9999.0000	45971	22262	-9999	2950	2875	-9999	412.5957	5	0.6142	0.6380	-0.0044	81.5596	4.4853	654.8553	385.9125	36.8519	600.2099	94.5602	640.5356	94.9537	653.6074	95.0231	663.7082	95.0231	
05/08/2017	16:48:04	019001	H340006553HLR	L340	S		566.7363	1.0311	0.0000	99.9868	39.6343	0.8230	0.8260	5.0000	17.2014	675.1827	94.9769	5.4001	25.8000	0.9300	0.9409	0.6380	-0.0044	675.0000	675.4400	1.0285	1.9320	99.9472	39.2219	0.8230	0.8195	5.0000	-9999.0000	-9999.0000	-9999.0000	-9999.0000	-9999.0000	-9999.0000	18.7717	2	0	25.9327	1.0000	99	9	-9999.0000	45972	22263	-9999	2951	2876	-9999	414.6864	5	0.6142	0.6380	-0.0044	81.5596	4.4853	662.1512	388.3667	36.7130	607.1258	95.8333	647.9354	95.0694	660.6701	95.0463	671.2994	94.9537	
05/08/2017	16:48:30	019001	H340006533HLR	L340	S		573.8187	1.0311	0.0000	99.9642	39.6474	0.8230	0.8260	5.0000	17.2218	675.1406	94.9769	5.1598	25.8000	0.9300	0.9409	0.6380	-0.0044	675.0000	673.8448	1.0285	2.2510	99.9658	39.2227	0.8230	0.8197	5.0000	-9999.0000	-9999.0000	-9999.0000	-9999.0000	-9999.0000	-9999.0000	17.8225	3	0	25.5637	1.0000	99	9	-9999.0000	45973	22264	-9999	2952	2877	-9999	415.3626	5	0.6140	0.6380	-0.0044	78.4688	5.1183	664.8223	371.2577	38.3565	607.1209	94.9537	650.2202	95.1852	663.4445	95.0694	673.6778	94.9769	
05/08/2017	16:49:20	019001	H340006563HLR	L340	S		564.4734	1.0311	0.0000	100.0626	39.6821	0.8230	0.8260	5.0000	17.4122	675.1738	94.9769	5.3903	25.9000	0.9300	0.9409	0.6347	-0.0038	675.0000	674.8437	1.0285	2.0513	99.8767	39.0901	0.8230	0.8190	5.0000	-9999.0000	-9999.0000	-9999.0000	-9999.0000	-9999.0000	-9999.0000	17.9623	5	0	25.6330	1.0000	99	9	-9999.0000	45975	22265	-9999	2954	2878	-9999	414.6784	5	0.6131	0.6347	-0.0038	76.8083	5.5599	663.2130	364.1376	36.9213	605.3123	96.9907	649.3288	95.2083	661.9204	95.0694	671.8260	95.0231	
05/08/2017	16:49:45	019001	H340006550HLR	L340	S		571.0072	1.0311	0.0000	99.9951	39.6787	0.8230	0.8259	5.0000	17.3516	675.1608	95.0463	4.9410	25.9000	0.9300	0.9408	0.6333	-0.0036	675.0000	673.9040	1.0285	2.2392	99.8404	39.1000	0.8230	0.8199	5.0000	-9999.0000	-9999.0000	-9999.0000	-9999.0000	-9999.0000	-9999.0000	17.6427	6	0	24.9338	1.0000	99	9	-9999.0000	45976	22266	-9999	2955	2879	-9999	415.6789	5	0.6126	0.6333	-0.0036	71.6704	6.4498	667.7882	371.3139	35.8565	610.5816	96.1343	653.9592	95.1852	666.5046	95.0463	675.8750	95.0463	
05/08/2017	16:50:11	019001	H340006543HLR	L340	S		566.9062	1.0311	0.0000	99.9988	39.6493	0.8230	0.8259	5.0000	17.3321	675.1153	95.0000	5.1803	25.8000	0.9300	0.9408	0.6352	-0.0039	675.0000	674.8067	1.0285	2.0587	100.0152	39.2170	0.8230	0.8201	5.0000	-9999.0000	-9999.0000	-9999.0000	-9999.0000	-9999.0000	-9999.0000	17.8420	7	0	25.6526	1.0000	99	9	-9999.0000	45977	22267	-9999	2955	2879	-9999	415.3073	5	0.6130	0.6352	-0.0039	65.0243	7.5234	664.7796	370.6019	37.8935	604.0215	95.2315	650.4732	95.1620	663.4894	95.0231	673.2992	95.0000	
05/08/2017	16:50:36	019001	H340006558HLR	L340	S		567.1899	1.0311	0.0000	100.0116	39.6500	0.8230	0.8260	5.0000	17.2218	675.1982	95.0000	4.6314	25.8000	0.9300	0.9408	0.6352	-0.0039	675.0000	674.9258	1.0285	2.0348	99.8862	39.2440	0.8230	0.8198	5.0000	-9999.0000	-9999.0000	-9999.0000	-9999.0000	-9999.0000	-9999.0000	17.7620	8	0	24.9034	1.0000	99	9	-9999.0000	45978	22268	-9999	2956	2880	-9999	416.8165	5	0.6130	0.6352	-0.0039	65.0243	7.5234	670.3554	388.6734	36.7361	609.4784	94.7222	655.7319	95.0463	668.9766	94.9537	679.0925	43.7731	
05/08/2017	16:51:02	019001	H340006537HLR	L340	S		571.7487	1.0311	0.0000	99.9118	39.6546	0.8230	0.8259	5.0000	17.4122	675.1497	94.9769	4.6002	25.8000	0.9300	0.9408	0.6357	-0.0040	675.0000	675.4827	1.0285	1.9235	99.9125	39.2263	0.8230	0.8196	5.0000	-9999.0000	-9999.0000	-9999.0000	-9999.0000	-9999.0000	-9999.0000	17.7219	1	0	25.7031	1.0000	99	9	-9999.0000	45979	22269	-9999	2956	2881	-9999	416.9986	5	0.6132	0.6357	-0.0040	71.2519	6.5969	670.4358	370.5685	37.5463	608.8009	95.7407	656.1919	95.0926	669.2340	94.9769	678.9739	42.6620	
05/08/2017	16:51:27	019001	H340006555HLR	L340	S		569.9849	1.0311	0.0000	100.0377	39.6580	0.8230	0.8259	5.0000	17.3624	675.1925	95.0000	6.2303	25.8000	0.9300	0.9409	0.6373	-0.0042	675.0000	674.8351	1.0285	2.0530	100.0202	39.2018	0.8230	0.8193	5.0000	-9999.0000	-9999.0000	-9999.0000	-9999.0000	-9999.0000	-9999.0000	18.7824	2	0	24.9729	1.0000	99	9	-9999.0000	45980	22270	-9999	2957	2882	-9999	412.6840	5	0.6135	0.6373	-0.0042	69.9816	6.8061	655.3383	370.9703	38.3565	588.6673	95.6250	642.0988	95.1620	654.1296	95.0694	663.3649	94.9537	
05/08/2017	16:51:52	019001	H340006567HLR	L340	S		569.2444	1.0311	0.0000	99.9713	39.6859	0.8230	0.8259	5.0000	17.4620	675.1502	94.9769	5.3913	25.8000	0.9300	0.9408	0.6373	-0.0042	675.0000	675.0959	1.0285	2.0008	100.1115	39.2238	0.8230	0.8197	5.0000	-9999.0000	-9999.0000	-9999.0000	-9999.0000	-9999.0000	-9999.0000	17.7823	3	0	25.7033	1.0000	99	9	-9999.0000	45981	22271	-9999	2958	2883	-9999	415.0302	5	0.6137	0.6373	-0.0042	72.2582	6.4261	662.6422	368.5297	38.3565	604.8856	95.3472	648.1890	95.1157	661.2847	95.0694	671.5544	95.0231	
05/08/2017	16:52:17	019001	H340006573HLR	L340	S		566.1687	1.0311	0.0000	99.9496	39.6676	0.8230	0.8259	5.0000	17.3421	675.2009	94.9769	5.6403	25.8000	0.9300	0.9408	0.6371	-0.0042	675.0000	674.9458	1.0285	2.0308	100.0248	39.2267	0.8230	0.8196	5.0000	-9999.0000	-9999.0000	-9999.0000	-9999.0000	-9999.0000	-9999.0000	17.9229	4	0	24.9628	1.0000	99	9	-9999.0000	45982	22272	-9999	2959	2884	-9999	414.3363	5	0.6141	0.6371	-0.0042	84.1266	4.5314	659.7333	386.8291	38.4028	603.1684	95.7639	646.2916	94.9306	658.4554	95.0231	668.7408	95.0000	
05/08/2017	16:52:43	019001	H340006577HLR	L340	S		558.4091	1.0311	0.0000	99.9956	39.6500	0.8230	0.8260	5.0000	17.1221	675.1718	94.9537	6.2508	25.8000	0.9300	0.9408	0.6367	-0.0041	675.0000	674.6861	1.0285	2.0828	99.9001	39.2271	0.8230	0.8196	5.0000	-9999.0000	-9999.0000	-9999.0000	-9999.0000	-9999.0000	-9999.0000	17.8525	5	0	25.5627	1.0000	99	9	-9999.0000	45982	22273	-9999	2960	2885	-9999	412.6472	5	0.6143	0.6367	-0.0041	81.0692	4.9915	654.0390	365.7044	38.4259	597.2616	95.2778	640.0349	95.2546	652.7986	95.1389	663.0171	95.0000	
05/08/2017	16:53:08	019001	H340008474HLR	L340	S		571.4353	1.0311	0.0000	99.9803	39.6500	0.8230	0.8259	5.0000	17.3222	675.1145	94.9769	4.7799	25.8000	0.9300	0.9408	0.6359	-0.0039	675.0000	674.9933	1.0285	2.0213	100.0346	39.2261	0.8230	0.8197	5.0000	-9999.0000	-9999.0000	-9999.0000	-9999.0000	-9999.0000	-9999.0000	17.8117	6	0	24.9631	1.0000	99	9	-9999.0000	45983	22274	-9999	2961	2886	-9999	416.6597	5	0.6146	0.6359	-0.0039	87.6493	3.6213	668.3678	370.8969	37.4074	609.7717	95.2546	654.3587	95.0000	667.0370	94.8843	677.3278	78.3796	
05/08/2017	16:53:33	019001	H340008465HLR	L340	S		565.0398	1.0311	0.0000	99.9982	39.6676	0.8230	0.8260	5.0000	17.2315	675.1501	94.9769	4.4312	25.8000	0.9300	0.9408	0.6347	-0.0037	675.0000	674.5670	1.0285	2.1066	100.0135	39.2287	0.8230	0.8196	5.0000	-9999.0000	-9999.0000	-9999.0000	-9999.0000	-9999.0000	-9999.0000	18.0325	7	0	25.6436	1.0000	99	9	-9999.0000	45984	22275	-9999	2962	2887	-9999	417.4905	5	0.6150	0.6347	-0.0037	97.2310	1.7134	672.0176	374.2877	37.4306	612.8117	95.3241	657.7903	95.1852	670.6754	94.9769	669.4084	23.8426	
05/08/2017	16:53:58	019001	H340008463HLR	L340	S		570.3890	1.0311	0.0000	100.0631	39.6838	0.8230	0.8259	5.0000	17.3534	675.1950	95.0000	5.1207	25.8000	0.9300	0.9408	0.6349	-0.0037	675.0000	676.9549	1.0285	1.6290	100.0208	39.2289	0.8230	0.8193	5.0000	-9999.0000	-9999.0000	-9999.0000	-9999.0000	-9999.0000	-9999.0000	18.7427	8	0	24.9026	1.0000	99	9	-9999.0000	45985	22276	-9999	2963	2888	-9999	415.8282	5	0.6152	0.6349	-0.0037	99.5568	1.2721	665.8465	373.9749	38.3102	611.7083	95.1389	651.9584	95.0926	664.6793	94.9306	674.0141	94.9769	
05/08/2017	16:54:24	019001	H340008455HLR	L340	S		570.2024	1.0311	0.0000	100.0877	39.6755	0.8230	0.8259	5.0000	17.1318	675.1424	95.0000	4.9811	25.8000	0.9300	0.9408	0.6345	-0.0037	675.0000	675.8732	1.0285	1.8454	99.8964	39.2566	0.8230	0.8196	5.0000	-9999.0000	-9999.0000	-9999.0000	-9999.0000	-9999.0000	-9999.0000	17.9122	1	0	25.6633	1.0000	99	9	-9999.0000	45986	22277	-9999	2964	2889	-9999	416.1313	5	0.6150	0.6345	-0.0037	86.4474	3.8302	667.0568	396.1616	39.7454	616.2722	95.1620	653.7049	94.8843	665.6932	94.9306	675.4230	94.9769	
05/08/2017	16:54:49	019001	H340006546HLR	L340	S		571.5818	1.0311	0.0000	99.9558	39.6500	0.8230	0.8258	5.0000	17.3820	675.1234	95.0231	4.7213	25.8000	0.9300	0.9408	0.6349	-0.0037	675.0000	675.9135	1.0285	1.8373	99.8803	39.2556	0.8230	0.8195	5.0000	-9999.0000	-9999.0000	-9999.0000	-9999.0000	-9999.0000	-9999.0000	18.0521	2	0	24.9230	1.0000	99	9	-9999.0000	45987	22278	-9999	2965	2890	-9999	416.8135	5	0.6151	0.6349	-0.0037	82.9170	4.6212	669.1298	392.0841	39.8843	619.0324	95.1852	656.4093	95.0926	667.8742	95.0926	677.8069	60.3704	
05/08/2017	16:55:14	019001	H340006924HLR	L340	S		588.8150	1.0311	0.0000	100.0647	39.6824	0.8230	0.8259	5.0000	17.2228	687.0778	94.8380	4.1509	25.8000	0.9300	0.0000	0.6356	-0.0039	675.0000	683.7596	1.0285	0.2681	99.9319	39.2557	0.8230	0.8195	5.0000	-9999.0000	-9999.0000	-9999.0000	-9999.0000	-9999.0000	-9999.0000	17.9417	3	2	25.6133	1.0000	99	9	-9999.0000	45988	22279	-9999	2966	2891	-9999	425.7688	5	0.6155	0.6356	-0.0039	98.2815	1.6161	686.8868	369.3436	37.4306	629.9863	95.6944	674.3132	94.9306	685.7085	94.8380	0.0000	0.0000	
05/08/2017	16:55:39	019001	H340006951HLR	L340	S		579.8609	1.0311	0.0000	100.0010	39.6861	0.8230	0.8259	5.0000	17.2219	685.5140	94.8611	4.1499	25.8000	0.9300	0.0000	0.6348	-0.0037	675.0000	681.1152	1.0285	0.7970	100.1535	39.2500	0.8230	0.8195	5.0000	-9999.0000	-9999.0000	-9999.0000	-9999.0000	-9999.0000	-9999.0000	18.1321	4	0	24.8928	1.0000	99	9	-9999.0000	45989	22280	-9999	2967	2892	-9999	424.6481	5	0.6153	0.6348	-0.0037	100.0814	1.3387	685.3205	373.8546	36.7593	625.8818	95.5787	671.1569	95.0000	684.1803	94.8611	0.0000	0.0000	
05/08/2017	16:58:48	019001	H340006941HLR	L340	S		580.3839	1.0311	0.0000	99.9756	39.6894	0.8230	0.8258	5.0000	17.3126	687.3241	94.8611	4.1499	25.8000	0.9300	0.0000	0.6349	-0.0037	675.0000	680.4787	1.0285	0.9243	99.9079	39.2594	0.8230	0.8196	5.0000	-9999.0000	-9999.0000	-9999.0000	-9999.0000	-9999.0000	-9999.0000	17.9219	5	0	188.4928	1.0000	99	9	-9999.0000	45990	22281	-9999	2968	2893	-9999	425.7838	5	0.6153	0.6349	-0.0037	102.5276	0.7832	687.1106	375.5800	35.9722	626.8799	96.2269	673.0072	94.9306	685.7781	94.8611	0.0000	0.0000	
05/08/2017	16:59:29	019001	H340006932HLR	L340	S		587.2078	1.0311	0.0000	100.0071	39.6596	0.8230	0.8259	5.0000	17.1114	690.9695	94.9074	4.1499	25.8000	0.9300	0.0000	0.6342	-0.0036	675.0000	686.4848	1.0285	-0.2770	100.0522	39.2589	0.8230	0.8194	5.0000	-9999.0000	-9999.0000	-9999.0000	-9999.0000	-9999.0000	-9999.0000	18.1720	6	2	41.0556	1.0000	99	9	-9999.0000	45991	22282	-9999	2969	2894	-9999	427.8648	5	0.6152	0.6342	-0.0036	104.1431	0.3165	690.7432	369.7021	35.8333	629.9511	96.2269	676.9209	94.9769	689.4192	94.9074	0.0000	0.0000	
05/08/2017	16:59:55	019001	H340006920HLR	L340	S		584.2995	1.0311	0.0000	99.9281	39.6724	0.8230	0.8259	5.0000	17.1915	695.9739	94.8843	4.1499	25.8000	0.9300	0.0000	0.6345	-0.0037	675.0000	687.3663	1.0285	-0.4533	100.0165	39.0064	0.8230	0.8195	5.0000	-9999.0000	-9999.0000	-9999.0000	-9999.0000	-9999.0000	-9999.0000	18.3224	7	2	25.6623	1.0000	99	9	-9999.0000	45992	22283	-9999	2970	2895	-9999	431.0016	5	0.6155	0.6345	-0.0037	62.5216	8.4612	695.7596	374.8799	35.9491	634.9167	96.1343	681.7538	95.1389	694.4356	94.9074	0.0000	0.0000	
05/08/2017	17:00:57	019001	H340006923HLR	L340	S		575.8038	1.0311	0.0000	99.9587	39.6803	0.8230	0.8258	5.0000	17.5421	686.5306	95.0000	4.1499	25.8000	0.9300	0.0000	0.6418	-0.0050	675.0000	684.0913	1.0285	0.2017	100.0556	39.1310	0.8230	0.8193	5.0000	-9999.0000	-9999.0000	-9999.0000	-9999.0000	-9999.0000	-9999.0000	19.1929	8	2	62.0184	1.0000	99	9	-9999.0000	45993	22284	-9999	2971	2896	-9999	426.3198	5	0.6167	0.6418	-0.0050	69.1572	7.2580	686.3197	366.6417	35.8102	625.4769	96.5972	671.0706	95.2315	685.0557	95.0231	0.0000	0.0000	
05/08/2017	17:01:22	019001	H340006935HLR	L340	S		589.8417	1.0311	0.0000	99.9977	39.6878	0.8230	0.8259	5.0000	17.3819	695.6338	94.8611	4.1499	25.8000	0.9300	0.0000	0.6459	-0.0058	675.0000	688.7427	1.0285	-0.7285	99.9254	39.1643	0.8230	0.8200	5.0000	-9999.0000	-9999.0000	-9999.0000	-9999.0000	-9999.0000	-9999.0000	17.8020	1	2	25.7327	1.0000	99	9	-9999.0000	45994	22285	-9999	2972	2897	-9999	432.6272	5	0.6177	0.6459	-0.0058	68.1783	7.5082	695.3950	361.9624	36.1111	628.8799	96.2500	678.3846	95.0463	693.8834	94.8843	0.0000	0.0000	
05/08/2017	17:16:57	019001	H340006927HLR	L340	S		582.0427	1.0311	0.0000	99.9656	39.5366	0.8230	0.8259	5.0000	17.1320	682.2768	95.1389	4.1509	25.9000	0.9300	0.0000	0.6663	-0.0103	675.0000	683.0585	1.0285	0.4083	100.0174	38.9716	0.8230	0.8194	5.0000	-9999.0000	-9999.0000	-9999.0000	-9999.0000	-9999.0000	-9999.0000	18.0520	3	2	25.7435	1.0000	99	9	-9999.0000	45996	22286	-9999	2974	2898	-9999	425.6058	5	0.6200	0.6663	-0.0103	76.1355	5.9023	681.9538	338.4394	37.5694	607.0085	100.3241	661.2285	95.3935	679.9498	95.1620	0.0000	0.0000	
05/08/2017	17:33:34	019001	H340006624HLR	L340	S		578.7222	1.0311	0.0000	100.1201	39.5964	0.8230	0.8262	5.0000	17.2618	681.8027	95.2546	4.1509	25.9000	0.9300	0.0000	0.6664	-0.0103	675.0000	682.2729	1.0285	0.5654	100.0122	38.8867	0.8230	0.8200	5.0000	-9999.0000	-9999.0000	-9999.0000	-9999.0000	-9999.0000	-9999.0000	18.0022	4	2	996.6314	1.0000	99	9	-9999.0000	45997	22287	-9999	2975	2899	-9999	425.3059	5	0.6206	0.6664	-0.0103	75.1744	6.1379	681.4957	382.4581	36.8519	611.6533	96.7593	661.8585	95.5324	679.5854	95.2778	0.0000	0.0000	
05/08/2017	17:34:01	019001	H340006939HLR	L340	S		585.6811	1.0311	0.0000	99.9924	39.6208	0.8230	0.8262	5.0000	17.2123	675.7049	94.9074	4.1499	25.9000	0.9300	0.0000	0.6700	-0.0110	675.0000	680.4460	1.0285	0.9308	99.9807	38.9998	0.8230	0.8206	5.0000	-9999.0000	-9999.0000	-9999.0000	-9999.0000	-9999.0000	-9999.0000	17.5822	5	0	25.7629	1.0000	99	9	-9999.0000	45998	22288	-9999	2975	2900	-9999	422.0325	5	0.6213	0.6700	-0.0110	73.1079	6.5534	675.3673	359.1095	36.5972	598.5653	98.2870	654.7408	95.0463	673.3141	94.9537	0.0000	0.0000	
05/08/2017	17:34:26	019001	H340006946HLR	L340	S		585.5545	1.0311	0.0000	99.9634	39.5666	0.8230	0.8255	5.0000	17.3224	679.0936	95.0231	4.1501	25.9000	0.9300	0.0000	0.6700	-0.0110	675.0000	681.2646	1.0285	0.7671	99.8506	38.8434	0.8230	0.8199	5.0000	-9999.0000	-9999.0000	-9999.0000	-9999.0000	-9999.0000	-9999.0000	18.2015	6	0	24.9836	1.0000	99	9	-9999.0000	45999	22289	-9999	2976	2901	-9999	424.1531	5	0.6213	0.6700	-0.0110	73.1079	6.5534	678.7395	376.6198	37.3843	605.9299	96.7130	656.7695	95.1852	676.5950	95.0463	0.0000	0.0000	
05/08/2017	17:34:52	019001	H340006938HLR	L340	S		566.2642	1.0311	0.0000	99.9535	39.4500	0.8230	0.8259	5.0000	17.3615	675.2024	95.0926	4.3804	25.9000	0.9300	0.9406	0.6685	-0.0107	675.0000	680.1644	1.0285	0.9871	99.9711	38.9620	0.8230	0.8207	5.0000	-9999.0000	-9999.0000	-9999.0000	-9999.0000	-9999.0000	-9999.0000	17.5322	7	0	25.6135	1.0000	99	9	-9999.0000	46000	22290	-9999	2977	2902	-9999	419.7299	5	0.6224	0.6685	-0.0107	73.8075	6.4238	670.7642	315.1987	39.5602	595.3080	100.9028	650.3906	95.2778	668.6760	95.1389	663.0865	19.4676	
05/08/2017	17:35:17	019001	H340006953HLR	L340	S		588.7037	1.0311	0.0000	99.9684	39.4287	0.8230	0.8260	5.0000	17.2715	684.1990	94.7222	4.1509	25.8000	0.9300	0.0000	0.6707	-0.0114	675.0000	686.9876	1.0285	-0.3775	100.0169	39.0631	0.8230	0.8205	5.0000	-9999.0000	-9999.0000	-9999.0000	-9999.0000	-9999.0000	-9999.0000	17.4923	8	2	24.8623	1.0000	99	9	-9999.0000	46001	22291	-9999	2978	2903	-9999	426.4987	5	0.6233	0.6707	-0.0114	76.6856	5.8554	683.8341	384.3852	39.1898	612.7843	98.3102	663.8183	95.3704	681.6834	94.7222	0.0000	0.0000	
05/08/2017	17:35:44	019001	H340006614HLR	L340	S		585.4319	1.0311	0.0000	100.0631	39.4581	0.8230	0.8264	5.0000	17.3626	684.9636	95.1389	4.1499	25.9000	0.9300	0.0000	0.6707	-0.0114	675.0000	685.6407	1.0285	-0.1081	99.9569	39.0595	0.8230	0.8199	5.0000	-9999.0000	-9999.0000	-9999.0000	-9999.0000	-9999.0000	-9999.0000	17.9719	1	2	28.3140	1.0000	99	9	-9999.0000	46002	22292	-9999	2979	2904	-9999	426.9872	5	0.6239	0.6707	-0.0114	-959.8793	255.4761	684.5966	308.6246	38.7731	610.6923	98.3796	661.7271	95.3009	682.3011	95.1620	0.0000	0.0000	
05/08/2017	17:36:01	019001	H340006945HLR	L340	S		559.1209	1.0311	0.0000	99.9567	39.3818	0.8230	0.8261	5.0000	17.3116	685.4464	94.5370	4.1509	25.8000	0.9300	0.0000	0.6707	-0.0114	675.0000	684.2026	1.0285	0.1795	100.0611	39.0450	0.8230	0.8200	5.0000	-9999.0000	-9999.0000	-9999.0000	-9999.0000	-9999.0000	-9999.0000	17.6112	2	2	16.5421	1.0000	99	9	-9999.0000	46003	22293	-9999	2980	2905	-9999	427.2803	5	0.6238	0.6707	-0.0114	-10708.3253	2604.3329	685.1051	361.1100	37.1065	606.0390	100.0694	664.9794	95.3241	682.9799	94.5602	0.0000	0.0000	
05/08/2017	17:45:35	019001	H340006607HLR	L340	S		586.1563	1.0311	0.0000	100.0115	39.4229	0.8230	0.8264	5.0000	17.4122	689.6724	95.6713	4.1509	26.1000	0.9300	0.0000	0.7308	-0.0260	675.0000	683.8634	1.0285	0.2473	99.9539	38.8519	0.8230	0.8199	5.0000	-9999.0000	-9999.0000	-9999.0000	-9999.0000	-9999.0000	-9999.0000	18.1222	7	2	24.9728	1.0000	99	9	-9999.0000	46005	22294	-9999	2	1	-9999	429.9218	5	0.6224	0.7308	-0.0260	-155.7167	61.5531	689.0367	325.3044	37.4769	582.7019	99.8611	647.6069	96.2963	684.9926	95.6944	0.0000	0.0000	
05/08/2017	17:46:21	019001	H340006596HLR	L340	S		584.6569	1.0311	0.0000	99.9900	39.6224	0.8230	0.8260	5.0000	17.2717	709.6643	95.5093	4.7105	26.0000	0.9300	0.0000	0.7308	-0.0260	675.0000	688.8538	1.0285	-0.7508	99.8835	38.9582	0.8230	0.8199	5.0000	-9999.0000	-9999.0000	-9999.0000	-9999.0000	-9999.0000	-9999.0000	17.8322	1	2	24.8937	1.0000	99	9	-9999.0000	46006	22295	-9999	3	2	-9999	432.0493	5	0.6224	0.7308	-0.0260	-155.7167	61.5531	709.0200	350.0250	38.4028	581.3499	99.4213	649.4586	97.6157	685.2791	97.3148	718.9904	59.8380	
05/08/2017	17:48:24	019001	H340006599HLR	L340	S		588.0257	1.0311	0.0000	100.0167	39.4926	0.8230	0.8257	5.0000	17.2423	685.1404	94.9074	4.1509	26.0000	0.9300	0.0000	0.7276	-0.0252	675.0000	683.5340	1.0285	0.3132	99.8882	38.9398	0.8230	0.8197	5.0000	-9999.0000	-9999.0000	-9999.0000	-9999.0000	-9999.0000	-9999.0000	17.9123	3	2	24.9328	1.0000	99	9	-9999.0000	46007	22296	-9999	4	3	-9999	426.9813	5	0.6229	0.7276	-0.0252	-176.8854	66.3870	684.5170	344.6309	37.8472	586.7153	96.6898	648.4739	95.1852	680.7379	94.9306	0.0000	0.0000	
05/08/2017	17:49:42	019001	H340006617HLR	L340	S		569.9512	1.0311	0.0000	99.9149	39.5000	0.8230	0.8261	5.0000	17.3516	679.7412	94.6528	4.1509	26.0000	0.9300	0.0000	0.7276	-0.0252	675.0000	676.7556	1.0285	1.6689	99.8668	38.8645	0.8230	0.8200	5.0000	-9999.0000	-9999.0000	-9999.0000	-9999.0000	-9999.0000	-9999.0000	17.7316	5	0	24.8732	1.0000	99	9	-9999.0000	46008	22297	-9999	5	4	-9999	423.5951	5	0.6228	0.7276	-0.0252	20.7133	18.9919	679.1099	344.2142	39.0741	580.8289	95.6713	642.5877	94.8843	675.4637	94.6528	0.0000	0.0000	
05/08/2017	17:51:16	019001	H340006602HLR	L340	S		587.3019	1.0311	0.0000	100.0242	39.3516	0.8230	0.8260	5.0000	17.1720	675.5674	94.7454	4.1597	25.9000	0.9300	0.9400	0.7276	-0.0252	675.0000	678.0030	1.0285	1.4194	99.9533	38.8619	0.8230	0.8200	5.0000	-9999.0000	-9999.0000	-9999.0000	-9999.0000	-9999.0000	-9999.0000	18.0529	1	0	24.9329	1.0000	99	9	-9999.0000	46010	22298	-9999	7	5	-9999	420.9116	5	0.6233	0.7276	-0.0252	-197.4885	71.0884	642.8088	319.8609	36.6667	576.5962	98.1250	639.5625	94.6759	670.5487	94.6759	0.0000	0.0000	
05/08/2017	17:52:09	019001	H340006593HLR	L340	S		586.4541	1.0311	0.0000	100.0404	39.5202	0.8230	0.8257	5.0000	17.1719	675.6337	94.6759	3.9605	25.9000	0.9300	0.9399	0.7276	-0.0252	675.0000	680.2911	1.0285	0.9618	99.8861	38.9806	0.8230	0.8194	5.0000	-9999.0000	-9999.0000	-9999.0000	-9999.0000	-9999.0000	-9999.0000	19.2923	3	0	24.9728	1.0000	99	9	-9999.0000	46011	22299	-9999	8	6	-9999	424.3399	5	0.6233	0.7276	-0.0252	-197.4885	71.0884	647.9373	336.1618	36.2731	579.5908	96.4583	643.8880	94.3981	677.3087	94.6991	0.0000	0.0000	
05/08/2017	17:52:56	019001	H340006584HLR	L340	S		566.6988	1.0311	0.0000	99.9701	39.4802	0.8230	0.8261	5.0000	17.1212	675.4899	94.8843	4.3898	25.9000	0.9300	0.9401	0.7399	-0.0280	675.0000	674.4524	1.0285	2.1295	99.9717	38.9567	0.8230	0.8196	5.0000	-9999.0000	-9999.0000	-9999.0000	-9999.0000	-9999.0000	-9999.0000	17.9123	5	0	24.9523	1.0000	99	9	-9999.0000	46012	22300	-9999	9	7	-9999	416.8776	5	0.6234	0.7399	-0.0280	29.6248	16.9705	629.2713	346.9739	36.7824	566.5018	96.2963	625.1440	94.3981	661.7033	94.7454	678.0758	21.2731	
05/08/2017	17:53:43	019001	H340006611HLR	L340	S		558.8290	1.0311	0.0000	99.9634	39.5500	0.8230	0.8261	5.0000	17.1415	675.4210	95.0231	5.2506	25.9000	0.9300	0.9401	0.7399	-0.0280	675.0000	659.0627	1.0285	5.2075	100.0023	38.9877	0.8230	0.8199	5.0000	-9999.0000	-9999.0000	-9999.0000	-9999.0000	-9999.0000	-9999.0000	17.8117	7	1	24.9229	1.0000	99	9	-9999.0000	46013	22301	-9999	10	8	-9999	400.5402	5	0.6234	0.7399	-0.0280	36.6711	14.8280	600.3377	326.8947	36.5278	536.0424	97.1528	596.4451	94.6759	630.8568	94.8380	666.3433	94.9769	
05/08/2017	17:54:30	019001	H340006586HLR	L340	S		587.4037	1.0311	0.0000	100.0045	39.5348	0.8230	0.8255	5.0000	17.9720	675.2294	94.6759	3.7505	25.8000	0.9300	0.9400	0.6990	-0.0184	675.0000	680.1812	1.0285	0.9838	100.0192	38.9903	0.8230	0.8197	5.0000	-9999.0000	-9999.0000	-9999.0000	-9999.0000	-9999.0000	-9999.0000	17.7921	1	0	24.9629	1.0000	99	9	-9999.0000	46014	22302	-9999	11	9	-9999	425.6186	5	0.6227	0.6990	-0.0184	-14.8307	27.4325	659.3420	339.0661	35.8796	595.9841	96.0880	655.8977	94.4907	681.1857	73.2407	0.0000	0.0000	
05/08/2017	17:55:17	019001	H340006592HLR	L340	S		585.2815	1.0311	0.0000	99.9571	39.5383	0.8230	0.8260	5.0000	17.2316	675.3230	94.8380	4.2105	25.9000	0.9300	0.9401	0.6815	-0.0142	675.0000	676.2521	1.0285	1.7696	99.9137	38.9915	0.8230	0.8197	5.0000	-9999.0000	-9999.0000	-9999.0000	-9999.0000	-9999.0000	-9999.0000	17.8616	3	0	24.9933	1.0000	99	9	-9999.0000	46015	22303	-9999	12	10	-9999	420.1316	5	0.6220	0.6815	-0.0142	60.1550	9.3608	650.9743	349.3845	36.3194	596.7175	96.5741	648.1531	94.6991	670.9995	94.7685	0.0000	0.0000	
05/08/2017	17:56:49	019001	H340006569HLR	L340	S		570.8167	1.0311	0.0000	100.0190	39.5500	0.8230	0.8260	5.0000	17.0520	675.2454	95.0000	5.9304	25.9000	0.9300	0.9403	0.6759	-0.0129	675.0000	665.1206	1.0285	3.9959	100.1986	38.9953	0.8230	0.8196	5.0000	-9999.0000	-9999.0000	-9999.0000	-9999.0000	-9999.0000	-9999.0000	18.3822	5	1	66.0676	1.0000	99	9	-9999.0000	46016	22304	-9999	13	11	-9999	404.8850	5	0.6222	0.6759	-0.0129	18.8113	19.2032	620.4242	348.7554	36.9444	571.0683	96.7593	618.1672	94.9537	638.6606	94.8380	657.3532	95.0231	
05/08/2017	17:57:15	019001	H340006531HLR	L340	S		572.5504	1.0311	0.0000	99.9982	39.4759	0.8230	0.8261	5.0000	17.1416	675.1998	95.0000	5.7204	25.9000	0.9300	0.9403	0.6759	-0.0129	675.0000	664.6389	1.0285	4.0922	99.9531	39.0333	0.8230	0.8203	5.0000	-9999.0000	-9999.0000	-9999.0000	-9999.0000	-9999.0000	-9999.0000	17.5421	6	1	25.6731	1.0000	99	9	-9999.0000	46017	22305	-9999	14	12	-9999	406.6744	5	0.6222	0.6759	-0.0129	18.8113	19.2032	628.0324	359.4060	38.4028	574.1979	94.8611	625.3507	94.6991	644.1265	94.9769	662.1812	94.9537	
05/08/2017	17:57:42	019001	H340006580HLR	L340	S		582.4442	1.0311	0.0000	100.0278	39.5424	0.8230	0.8262	5.0000	17.4923	675.2173	95.0231	4.4498	25.9000	0.9300	0.9402	0.6767	-0.0131	675.0000	674.7027	1.0285	2.0795	99.9964	38.9225	0.8230	0.8193	5.0000	-9999.0000	-9999.0000	-9999.0000	-9999.0000	-9999.0000	-9999.0000	18.0119	7	0	27.3139	1.0000	99	9	-9999.0000	46018	22306	-9999	15	13	-9999	417.6982	5	0.6223	0.6767	-0.0131	65.5589	7.4495	646.8691	378.4496	37.4537	597.5474	94.6065	644.4340	94.7222	666.2973	94.8843	679.5204	25.9028	
05/08/2017	17:58:08	019001	H340006601HLR	L340	S		561.4490	1.0311	0.0000	99.9912	39.5785	0.8230	0.8261	5.0000	17.7715	675.2541	94.9306	6.1404	25.9000	0.9300	0.9402	0.6767	-0.0131	675.0000	662.9217	1.0285	4.4357	99.9466	39.0000	0.8230	0.8204	5.0000	-9999.0000	-9999.0000	-9999.0000	-9999.0000	-9999.0000	-9999.0000	17.5119	8	1	25.6632	1.0000	99	9	-9999.0000	46019	22307	-9999	16	14	-9999	402.7365	5	0.6223	0.6767	-0.0131	65.5589	7.4495	616.2037	351.5109	38.6574	566.8201	94.8148	613.9002	94.9537	634.4000	94.9306	653.0054	94.9537	
05/08/2017	17:58:32	019001	H340006570HLR	L340	S		568.7437	1.0311	0.0000	100.0519	39.6343	0.8230	0.8261	5.0000	17.3321	675.2358	94.9769	6.4910	25.8000	0.9300	0.9403	0.6593	-0.0088	675.0000	668.4286	1.0285	3.3343	100.0819	39.1333	0.8230	0.8203	5.0000	-9999.0000	-9999.0000	-9999.0000	-9999.0000	-9999.0000	-9999.0000	17.5743	1	0	24.8624	1.0000	99	9	-9999.0000	46020	22308	-9999	17	14	-9999	406.7910	5	0.6214	0.6593	-0.0088	95.6252	0.9241	625.2149	368.8035	37.2454	581.6930	95.0694	623.2238	94.8843	640.1277	94.9769	653.7774	95.0000	
05/08/2017	17:58:58	019001	H340006561HLR	L340	S		568.8127	1.0311	0.0000	99.9991	39.6224	0.8230	0.8259	5.0000	17.3723	675.2262	94.9306	6.6707	25.9000	0.9300	0.9403	0.6566	-0.0081	675.0000	670.2794	1.0285	2.9641	99.9665	39.1461	0.8230	0.8200	5.0000	-9999.0000	-9999.0000	-9999.0000	-9999.0000	-9999.0000	-9999.0000	17.6622	2	0	25.6439	1.0000	99	9	-9999.0000	46021	22309	-9999	18	15	-9999	407.0839	5	0.6212	0.6566	-0.0081	100.8012	-0.7045	624.2649	368.2870	39.1898	583.9072	95.6250	622.6231	94.9769	638.6282	94.9074	652.0098	95.0463	
05/08/2017	17:59:23	019001	H340006551HLR	L340	S		575.5847	1.0311	0.0000	100.0508	39.4789	0.8230	0.8254	5.0000	17.3615	675.2126	95.0000	6.0408	25.8000	0.9300	0.9403	0.6571	-0.0082	675.0000	669.7619	1.0285	3.0676	100.0082	39.1262	0.8230	0.8198	5.0000	-9999.0000	-9999.0000	-9999.0000	-9999.0000	-9999.0000	-9999.0000	17.7218	3	0	24.9023	1.0000	99	9	-9999.0000	46022	22310	-9999	19	16	-9999	410.3538	5	0.6210	0.6571	-0.0082	98.1980	-0.3500	631.4709	363.5018	37.7315	588.9043	94.8148	629.7704	94.7454	646.8587	94.9769	660.6826	95.0231	
05/08/2017	18:00:14	019001	H340006539HLR	L340	S		572.3202	1.0311	0.0000	99.9903	39.6302	0.8230	0.8265	5.0000	17.3045	675.1785	95.0000	6.6805	25.9000	0.9300	0.9404	0.6529	-0.0072	675.0000	668.5321	1.0285	3.3136	99.8685	39.0180	0.8230	0.8193	5.0000	-9999.0000	-9999.0000	-9999.0000	-9999.0000	-9999.0000	-9999.0000	17.9016	5	0	24.8927	1.0000	99	9	-9999.0000	46024	22311	-9999	21	17	-9999	408.2497	5	0.6191	0.6529	-0.0072	90.0691	1.3630	626.9754	355.2934	36.9444	582.9077	96.2269	625.3617	94.9537	640.6162	94.9306	653.4614	95.0000	
05/08/2017	18:00:39	019001	H340006552HLR	L340	S		566.4949	1.0311	0.0000	100.0607	39.6956	0.8230	0.8262	5.0000	17.2315	675.2823	94.9537	6.5203	25.8000	0.9300	0.9405	0.6499	-0.0066	675.0000	671.2060	1.0285	2.7788	99.9543	39.0344	0.8230	0.8201	5.0000	-9999.0000	-9999.0000	-9999.0000	-9999.0000	-9999.0000	-9999.0000	17.6115	6	0	25.6840	1.0000	99	9	-9999.0000	46025	22312	-9999	22	18	-9999	409.7439	5	0.6177	0.6499	-0.0066	88.6017	1.7007	630.2728	370.7311	36.8750	589.2270	95.2778	628.8279	94.9537	643.8489	94.9769	655.9445	95.0231	
05/08/2017	18:01:04	019001	H340006532HLR	L340	S		564.6073	1.0311	0.0000	100.0376	39.6500	0.8230	0.8258	5.0000	17.3613	675.1692	95.0000	6.8006	25.8000	0.9300	0.9404	0.6486	-0.0064	675.0000	670.7549	1.0285	2.8690	100.0046	39.1357	0.8230	0.8197	5.0000	-9999.0000	-9999.0000	-9999.0000	-9999.0000	-9999.0000	-9999.0000	19.1821	7	0	24.8730	1.0000	99	9	-9999.0000	46026	22313	-9999	23	19	-9999	408.7570	5	0.6169	0.6486	-0.0064	84.4939	2.1738	643.0702	361.1822	35.5556	586.9600	94.7454	627.4271	95.0000	641.5037	94.9537	653.3639	95.0463	
05/08/2017	18:02:20	019001	H340006542HLR	L340	S		563.3579	1.0311	0.0000	100.0728	39.6001	0.8230	0.8261	5.0000	17.1318	675.2047	94.9769	6.9608	25.9000	0.9300	0.9406	0.6412	-0.0050	675.0000	671.1248	1.0285	2.7950	99.8971	38.9353	0.8230	0.8193	5.0000	-9999.0000	-9999.0000	-9999.0000	-9999.0000	-9999.0000	-9999.0000	17.8322	2	0	25.6125	1.0000	99	9	-9999.0000	46029	22314	-9999	26	20	-9999	409.7072	5	0.6122	0.6412	-0.0050	74.2536	3.8279	645.0171	358.7190	36.2037	591.2731	95.6481	630.9903	95.0000	643.7022	94.9074	654.4755	95.0231	
05/08/2017	18:02:45	019001	H340006578HLR	L340	S		569.2482	1.0311	0.0000	99.9592	39.6309	0.8230	0.8260	5.0000	17.1818	675.1619	94.8843	6.2312	25.9000	0.9300	0.9405	0.6366	-0.0042	675.0000	672.8471	1.0285	2.4506	99.9018	39.0319	0.8230	0.8204	5.0000	-9999.0000	-9999.0000	-9999.0000	-9999.0000	-9999.0000	-9999.0000	17.5616	3	0	24.9240	1.0000	99	9	-9999.0000	46030	22315	-9999	27	21	-9999	412.2514	5	0.6109	0.6366	-0.0042	67.1961	5.0751	654.2522	378.7390	37.9861	603.5434	94.8380	640.6006	95.0000	653.0068	94.9306	663.6702	95.0231	
